{"id":"gen9vgc2025regg-2298397611","format":"[Gen 9] VGC 2025 Reg G","players":["Kwiper","NA04"],"log":"|j|\u2606Kwiper\n|j|\u203dNA04\n|t:|1739240730\n|gametype|doubles\n|player|p1|Kwiper|sycamore|1617\n|player|p2|NA04|265|1560\n|teamsize|p1|6\n|teamsize|p2|6\n|gen|9\n|tier|[Gen 9] VGC 2025 Reg G\n|rated|\n|rule|Species Clause: Limit one of each Pok\u00e9mon\n|rule|Item Clause: Limit 1 of each item\n|clearpoke\n|poke|p1|Koraidon, L50|\n|poke|p1|Flutter Mane, L50|\n|poke|p1|Raging Bolt, L50|\n|poke|p1|Tornadus, L50, M|\n|poke|p1|Chi-Yu, L50|\n|poke|p1|Bastiodon, L50, M|\n|poke|p2|Iron Crown, L50|\n|poke|p2|Indeedee-F, L50, F|\n|poke|p2|Ogerpon-Wellspring, L50, F|\n|poke|p2|Zamazenta-*, L50|\n|poke|p2|Chien-Pao, L50|\n|poke|p2|Tornadus, L50, M|\n|teampreview|4\n|inactive|Battle timer is ON: inactive players will automatically lose when time's up. (requested by Kwiper)\n|\n|t:|1739240757\n|start\n|switch|p1a: Tornadus|Tornadus, L50, M|100\/100\n|switch|p1b: Flutter Mane|Flutter Mane, L50|100\/100\n|switch|p2a: Tornadus|Tornadus, L50, M|100\/100\n|switch|p2b: Ogerpon|Ogerpon-Wellspring, L50, F|100\/100\n|turn|1\n|\n|t:|1739240780\n|move|p2b: Ogerpon|Spiky Shield|p2b: Ogerpon\n|-singleturn|p2b: Ogerpon|move: Protect\n|move|p2a: Tornadus|Tailwind|p2a: Tornadus\n|-sidestart|p2: NA04|move: Tailwind\n|move|p1b: Flutter Mane|Moonblast|p2a: Tornadus\n|-damage|p2a: Tornadus|40\/100\n|move|p1a: Tornadus|Bleakwind Storm|p2b: Ogerpon|[spread] p2a\n|-activate|p2b: Ogerpon|move: Protect\n|-damage|p2a: Tornadus|2\/100\n|\n|upkeep\n|turn|2\n|\n|t:|1739240798\n|switch|p2a: Iron Crown|Iron Crown, L50|100\/100\n|-enditem|p2a: Iron Crown|Booster Energy\n|-activate|p2a: Iron Crown|ability: Quark Drive|[fromitem]\n|-start|p2a: Iron Crown|quarkdrivespa\n|switch|p1a: Koraidon|Koraidon, L50|100\/100\n|-weather|SunnyDay|[from] ability: Orichalcum Pulse|[of] p1a: Koraidon\n|-activate|p1b: Flutter Mane|ability: Protosynthesis\n|-start|p1b: Flutter Mane|protosynthesisspe\n|-activate|p1a: Koraidon|Orichalcum Pulse|[source]\n|move|p1b: Flutter Mane|Icy Wind|p2b: Ogerpon|[spread] p2a,p2b\n|-resisted|p2a: Iron Crown\n|-damage|p2a: Iron Crown|94\/100\n|-damage|p2b: Ogerpon|85\/100\n|-unboost|p2a: Iron Crown|spe|1\n|-unboost|p2b: Ogerpon|spe|1\n|move|p2b: Ogerpon|Ivy Cudgel|p1b: Flutter Mane|[anim] Ivy Cudgel Water\n|-crit|p1b: Flutter Mane\n|-damage|p1b: Flutter Mane|7\/100\n|\n|-weather|SunnyDay|[upkeep]\n|upkeep\n|turn|3\n|inactive|NA04 has 30 seconds left.\n|\n|t:|1739240826\n|-terastallize|p2a: Iron Crown|Ground\n|move|p1a: Koraidon|Protect|p1a: Koraidon\n|-singleturn|p1a: Koraidon|Protect\n|move|p2b: Ogerpon|Follow Me|p2b: Ogerpon\n|-singleturn|p2b: Ogerpon|move: Follow Me\n|move|p1b: Flutter Mane|Icy Wind|p2a: Iron Crown|[spread] p2a,p2b\n|-supereffective|p2a: Iron Crown\n|-damage|p2a: Iron Crown|68\/100\n|-damage|p2b: Ogerpon|69\/100\n|-unboost|p2a: Iron Crown|spe|1\n|-unboost|p2b: Ogerpon|spe|1\n|move|p2a: Iron Crown|Tera Blast|p1a: Koraidon|[anim] Tera Blast Ground\n|-activate|p1a: Koraidon|move: Protect\n|\n|-weather|SunnyDay|[upkeep]\n|upkeep\n|turn|4\n|\n|t:|1739240850\n|switch|p1a: Tornadus|Tornadus, L50, M|100\/100\n|move|p2b: Ogerpon|Follow Me|p2b: Ogerpon\n|-singleturn|p2b: Ogerpon|move: Follow Me\n|move|p1b: Flutter Mane|Moonblast|p2b: Ogerpon\n|-damage|p2b: Ogerpon|18\/100\n|-unboost|p2b: Ogerpon|spa|1\n|move|p2a: Iron Crown|Expanding Force|p1a: Tornadus\n|-damage|p1a: Tornadus|20\/100\n|\n|-weather|SunnyDay|[upkeep]\n|-sideend|p2: NA04|move: Tailwind\n|upkeep\n|turn|5\n|\n|t:|1739240873\n|move|p2b: Ogerpon|Spiky Shield|p2b: Ogerpon\n|-singleturn|p2b: Ogerpon|move: Protect\n|move|p1a: Tornadus|Tailwind|p1a: Tornadus\n|-sidestart|p1: Kwiper|move: Tailwind\n|move|p1b: Flutter Mane|Icy Wind|p2a: Iron Crown|[spread] p2a\n|-activate|p2b: Ogerpon|move: Protect\n|-supereffective|p2a: Iron Crown\n|-damage|p2a: Iron Crown|40\/100\n|-unboost|p2a: Iron Crown|spe|1\n|move|p2a: Iron Crown|Tachyon Cutter|p1b: Flutter Mane\n|-supereffective|p1b: Flutter Mane\n|-damage|p1b: Flutter Mane|0 fnt\n|faint|p1b: Flutter Mane\n|-end|p1b: Flutter Mane|Protosynthesis|[silent]\n|-hitcount|p1: Flutter Mane|1\n|\n|-weather|SunnyDay|[upkeep]\n|upkeep\n|\n|t:|1739240875\n|switch|p1b: Chi-Yu|Chi-Yu, L50|100\/100\n|-ability|p1b: Chi-Yu|Beads of Ruin\n|turn|6\n|j| yukina vgc\n|\n|t:|1739240897\n|move|p2b: Ogerpon|Follow Me|p2b: Ogerpon\n|-singleturn|p2b: Ogerpon|move: Follow Me\n|move|p1a: Tornadus|Bleakwind Storm|p2b: Ogerpon|[spread] p2a,p2b\n|-supereffective|p2b: Ogerpon\n|-damage|p2a: Iron Crown|0 fnt\n|-damage|p2b: Ogerpon|0 fnt\n|faint|p2a: Iron Crown\n|-end|p2a: Iron Crown|Quark Drive|[silent]\n|faint|p2b: Ogerpon\n|move|p1b: Chi-Yu|Heat Wave|p2: Iron Crown|[notarget]\n|-fail|p1b: Chi-Yu\n|\n|-weather|none\n|upkeep\n|\n|t:|1739240904\n|switch|p2b: Tornadus|Tornadus, L50, M|2\/100\n|switch|p2a: Zamazenta|Zamazenta-Crowned, L50|100\/100\n|-ability|p2a: Zamazenta|Dauntless Shield|boost\n|-boost|p2a: Zamazenta|def|1\n|turn|7\n|\n|t:|1739240914\n|-terastallize|p1b: Chi-Yu|Ghost\n|move|p2b: Tornadus|Tailwind|p2b: Tornadus\n|-sidestart|p2: NA04|move: Tailwind\n|move|p1a: Tornadus|Bleakwind Storm|p2a: Zamazenta|[spread] p2a,p2b\n|-damage|p2a: Zamazenta|63\/100\n|-damage|p2b: Tornadus|0 fnt\n|-unboost|p2a: Zamazenta|spe|1\n|faint|p2b: Tornadus\n|move|p1b: Chi-Yu|Heat Wave|p2a: Zamazenta\n|-supereffective|p2a: Zamazenta\n|-damage|p2a: Zamazenta|0 fnt\n|faint|p2a: Zamazenta\n|\n|win|Kwiper\n|raw|Kwiper's rating: 1617 &rarr; <strong>1634<\/strong><br \/>(+17 for winning)\n|raw|NA04's rating: 1560 &rarr; <strong>1543<\/strong><br \/>(-17 for losing)\n|l|\u203dNA04\n|player|p2|\n|l|\u2606Kwiper\n|player|p1|\n|l| yukina vgc\n","uploadtime":1739241093,"views":7,"formatid":"gen9vgc2025regg","rating":1543,"private":0,"password":null}