{"id":"gen9vgc2025regg-2298954844","format":"[Gen 9] VGC 2025 Reg G","players":["heyBeteritsVGC","Zakmancho"],"log":"|j|\u2606heyBeteritsVGC\n|j|\u2606Zakmancho\n|t:|1739311843\n|gametype|doubles\n|player|p1|heyBeteritsVGC|266|1615\n|player|p2|Zakmancho|1|1594\n|teamsize|p1|6\n|teamsize|p2|6\n|gen|9\n|tier|[Gen 9] VGC 2025 Reg G\n|rated|\n|rule|Species Clause: Limit one of each Pok\u00e9mon\n|rule|Item Clause: Limit 1 of each item\n|clearpoke\n|poke|p1|Dialga-Origin, L50|\n|poke|p1|Raging Bolt, L50|\n|poke|p1|Flutter Mane, L50|\n|poke|p1|Ursaluna, L50, F|\n|poke|p1|Volcarona, L50, F|\n|poke|p1|Smeargle, L50, M|\n|poke|p2|Koraidon, L50|\n|poke|p2|Chi-Yu, L50|\n|poke|p2|Flutter Mane, L50|\n|poke|p2|Ogerpon-Cornerstone, L50, F|\n|poke|p2|Raging Bolt, L50|\n|poke|p2|Whimsicott, L50, M|\n|teampreview|4\n|inactive|Battle timer is ON: inactive players will automatically lose when time's up. (requested by Zakmancho)\n|inactive|heyBeteritsVGC has 60 seconds left.\n|inactive|Zakmancho has 60 seconds left.\n|\n|t:|1739311886\n|start\n|switch|p1a: Dialga|Dialga-Origin, L50|100\/100\n|switch|p1b: Flutter Mane|Flutter Mane, L50|100\/100\n|switch|p2a: Koraidon|Koraidon, L50|100\/100\n|switch|p2b: Chi-Yu|Chi-Yu, L50|100\/100\n|-ability|p2b: Chi-Yu|Beads of Ruin\n|-weather|SunnyDay|[from] ability: Orichalcum Pulse|[of] p2a: Koraidon\n|-activate|p1b: Flutter Mane|ability: Protosynthesis\n|-start|p1b: Flutter Mane|protosynthesisspe\n|-activate|p2a: Koraidon|Orichalcum Pulse|[source]\n|turn|1\n|\n|t:|1739311902\n|-terastallize|p2a: Koraidon|Fire\n|move|p1a: Dialga|Protect|p1a: Dialga\n|-singleturn|p1a: Dialga|Protect\n|move|p1b: Flutter Mane|Moonblast|p2b: Chi-Yu\n|-damage|p2b: Chi-Yu|51\/100\n|-unboost|p2b: Chi-Yu|spa|1\n|move|p2b: Chi-Yu|Heat Wave|p1a: Dialga|[spread] p1b\n|-activate|p1a: Dialga|move: Protect\n|-damage|p1b: Flutter Mane|54\/100\n|move|p2a: Koraidon|Flare Blitz|p1a: Dialga\n|-activate|p1a: Dialga|move: Protect\n|\n|-weather|SunnyDay|[upkeep]\n|upkeep\n|turn|2\n|inactive|heyBeteritsVGC has 30 seconds left.\n|inactive|heyBeteritsVGC has 20 seconds left.\n|\n|t:|1739311940\n|move|p1b: Flutter Mane|Thunder Wave|p2a: Koraidon|[miss]\n|-miss|p1b: Flutter Mane|p2a: Koraidon\n|move|p2b: Chi-Yu|Heat Wave|p1b: Flutter Mane|[spread] p1a,p1b\n|-damage|p1a: Dialga|62\/100\n|-damage|p1b: Flutter Mane|3\/100\n|move|p2a: Koraidon|Collision Course|p1a: Dialga\n|-supereffective|p1a: Dialga\n|-damage|p1a: Dialga|0 fnt\n|faint|p1a: Dialga\n|\n|-weather|SunnyDay|[upkeep]\n|upkeep\n|\n|t:|1739311953\n|switch|p1a: Smeargle|Smeargle, L50, M|100\/100\n|turn|3\n|\n|t:|1739311962\n|move|p1a: Smeargle|Wide Guard|p1a: Smeargle\n|-singleturn|p1a: Smeargle|Wide Guard\n|move|p1b: Flutter Mane|Thunder Wave|p2a: Koraidon\n|-status|p2a: Koraidon|par\n|move|p2b: Chi-Yu|Heat Wave|p1a: Smeargle|[spread] \n|-activate|p1a: Smeargle|move: Wide Guard\n|-activate|p1b: Flutter Mane|move: Wide Guard\n|move|p2a: Koraidon|Flame Charge|p1a: Smeargle\n|-enditem|p1a: Smeargle|Focus Sash\n|-damage|p1a: Smeargle|1\/100\n|-boost|p2a: Koraidon|spe|1\n|\n|-weather|SunnyDay|[upkeep]\n|-ability|p1a: Smeargle|Moody|boost\n|-boost|p1a: Smeargle|spe|2\n|-unboost|p1a: Smeargle|def|1\n|upkeep\n|turn|4\n|inactive|heyBeteritsVGC has 30 seconds left.\n|inactive|Zakmancho has 30 seconds left.\n|inactive|heyBeteritsVGC has 20 seconds left.\n|inactive|heyBeteritsVGC has 15 seconds left.\n|\n|t:|1739312003\n|switch|p1a: Ursaluna|Ursaluna, L50, F|100\/100\n|switch|p2b: Ogerpon|Ogerpon-Cornerstone, L50, F|100\/100\n|move|p1b: Flutter Mane|Moonblast|p2b: Ogerpon\n|-damage|p2b: Ogerpon|48\/100\n|-unboost|p2b: Ogerpon|spa|1\n|move|p2a: Koraidon|Flame Charge|p1a: Ursaluna\n|-damage|p1a: Ursaluna|52\/100\n|-boost|p2a: Koraidon|spe|1\n|\n|-weather|SunnyDay|[upkeep]\n|-status|p1a: Ursaluna|brn|[from] item: Flame Orb\n|upkeep\n|turn|5\n|inactive|Zakmancho has 30 seconds left.\n|\n|t:|1739312031\n|-terastallize|p1a: Ursaluna|Fairy\n|move|p2b: Ogerpon|Spiky Shield|p2b: Ogerpon\n|-singleturn|p2b: Ogerpon|move: Protect\n|move|p1b: Flutter Mane|Moonblast|p2b: Ogerpon\n|-activate|p2b: Ogerpon|move: Protect\n|move|p2a: Koraidon|Flare Blitz|p1a: Ursaluna\n|-damage|p1a: Ursaluna|0 fnt\n|faint|p1a: Ursaluna\n|-damage|p2a: Koraidon|77\/100 par|[from] Recoil\n|\n|-weather|none\n|-end|p1b: Flutter Mane|Protosynthesis\n|upkeep\n|-enditem|p1b: Flutter Mane|Booster Energy\n|-activate|p1b: Flutter Mane|ability: Protosynthesis|[fromitem]\n|-start|p1b: Flutter Mane|protosynthesisspe\n|-message|heyBeteritsVGC forfeited.\n|\n|win|Zakmancho\n|raw|heyBeteritsVGC's rating: 1615 &rarr; <strong>1594<\/strong><br \/>(-21 for losing)\n|raw|Zakmancho's rating: 1594 &rarr; <strong>1615<\/strong><br \/>(+21 for winning)\n|l|\u2606heyBeteritsVGC\n|player|p1|\n|l|\u2606Zakmancho\n|player|p2|\n","uploadtime":1739312224,"views":5,"formatid":"gen9vgc2025regg","rating":1594,"private":0,"password":null}