{"id":"gen9vgc2025regg-2298832428","format":"[Gen 9] VGC 2025 Reg G","players":["bieiup","tagg22"],"log":"|j|\u2606bieiup\n|j|\u2606tagg22\n|t:|1739299498\n|gametype|doubles\n|player|p1|bieiup|lillie-z|1626\n|player|p2|tagg22|265|1594\n|teamsize|p1|6\n|teamsize|p2|6\n|gen|9\n|tier|[Gen 9] VGC 2025 Reg G\n|rated|\n|rule|Species Clause: Limit one of each Pok\u00e9mon\n|rule|Item Clause: Limit 1 of each item\n|clearpoke\n|poke|p1|Raging Bolt, L50|\n|poke|p1|Miraidon, L50|\n|poke|p1|Chi-Yu, L50|\n|poke|p1|Torkoal, L50, M|\n|poke|p1|Farigiraf, L50, M|\n|poke|p1|Ursaluna, L50, M|\n|poke|p2|Torkoal, L50, M|\n|poke|p2|Whimsicott, L50, M|\n|poke|p2|Maushold-Four, L50|\n|poke|p2|Urshifu-*, L50, F|\n|poke|p2|Flutter Mane, L50|\n|poke|p2|Calyrex-Shadow, L50|\n|teampreview|4\n|j| ultrakfc\n|inactive|Battle timer is ON: inactive players will automatically lose when time's up. (requested by bieiup)\n|j| GexkaXXV\n|inactive|tagg22 has 60 seconds left.\n|inactive|tagg22 has 30 seconds left.\n|\n|t:|1739299566\n|start\n|switch|p1a: Miraidon|Miraidon, L50|100\/100\n|switch|p1b: Chi-Yu|Chi-Yu, L50|100\/100\n|switch|p2a: Flutter Mane|Flutter Mane, L50|100\/100\n|switch|p2b: Calyrex|Calyrex-Shadow, L50|100\/100\n|-ability|p2b: Calyrex|As One\n|-ability|p2b: Calyrex|Unnerve\n|-ability|p1b: Chi-Yu|Beads of Ruin\n|-fieldstart|move: Electric Terrain|[from] ability: Hadron Engine|[of] p1a: Miraidon\n|-enditem|p2a: Flutter Mane|Booster Energy\n|-activate|p2a: Flutter Mane|ability: Protosynthesis|[fromitem]\n|-start|p2a: Flutter Mane|protosynthesisspe\n|turn|1\n|j| BionicFox\n|inactive|tagg22 has 30 seconds left.\n|\n|t:|1739299591\n|switch|p1a: Farigiraf|Farigiraf, L50, M|100\/100\n|-enditem|p1a: Farigiraf|Electric Seed\n|-boost|p1a: Farigiraf|def|1|[from] item: Electric Seed\n|-terastallize|p2b: Calyrex|Ghost\n|move|p2a: Flutter Mane|Icy Wind|p1b: Chi-Yu|[spread] p1a,p1b\n|-resisted|p1b: Chi-Yu\n|-damage|p1a: Farigiraf|82\/100\n|-damage|p1b: Chi-Yu|93\/100\n|-unboost|p1a: Farigiraf|spe|1\n|-unboost|p1b: Chi-Yu|spe|1\n|move|p2b: Calyrex|Astral Barrage|p1b: Chi-Yu|[spread] p1b\n|-immune|p1a: Farigiraf\n|-resisted|p1b: Chi-Yu\n|-damage|p1b: Chi-Yu|43\/100\n|move|p1b: Chi-Yu|Overheat|p2b: Calyrex\n|-damage|p2b: Calyrex|0 fnt\n|-unboost|p1b: Chi-Yu|spa|2\n|faint|p2b: Calyrex\n|\n|upkeep\n|inactive|tagg22 has 30 seconds left.\n|\n|t:|1739299617\n|switch|p2b: Maushold|Maushold-Four, L50|100\/100\n|turn|2\n|\n|t:|1739299627\n|move|p2b: Maushold|Helping Hand|p2a: Flutter Mane\n|-singleturn|p2a: Flutter Mane|Helping Hand|[of] p2b: Maushold\n|move|p1a: Farigiraf|Helping Hand|p1b: Chi-Yu\n|-singleturn|p1b: Chi-Yu|Helping Hand|[of] p1a: Farigiraf\n|move|p2a: Flutter Mane|Moonblast|p1b: Chi-Yu\n|-damage|p1b: Chi-Yu|0 fnt\n|faint|p1b: Chi-Yu\n|\n|upkeep\n|\n|t:|1739299643\n|switch|p1b: Raging Bolt|Raging Bolt, L50|100\/100\n|turn|3\n|inactive|tagg22 has 30 seconds left.\n|\n|t:|1739299677\n|move|p2b: Maushold|Helping Hand|p2a: Flutter Mane\n|-singleturn|p2a: Flutter Mane|Helping Hand|[of] p2b: Maushold\n|move|p1b: Raging Bolt|Protect|p1b: Raging Bolt\n|-singleturn|p1b: Raging Bolt|Protect\n|move|p2a: Flutter Mane|Moonblast|p1a: Farigiraf\n|-damage|p1a: Farigiraf|8\/100\n|move|p1a: Farigiraf|Trick Room|p1a: Farigiraf\n|-fieldstart|move: Trick Room|[of] p1a: Farigiraf\n|\n|upkeep\n|turn|4\n|l| BionicFox\n|inactive|tagg22 has 30 seconds left.\n|inactive|tagg22 has 20 seconds left.\n|\n|t:|1739299714\n|-terastallize|p1b: Raging Bolt|Electric\n|move|p2b: Maushold|Follow Me|p2b: Maushold\n|-singleturn|p2b: Maushold|move: Follow Me\n|move|p1a: Farigiraf|Dazzling Gleam|p2b: Maushold|[spread] p2a,p2b\n|-damage|p2a: Flutter Mane|88\/100\n|-damage|p2b: Maushold|80\/100\n|move|p1b: Raging Bolt|Rising Voltage|p2b: Maushold\n|-hint|Rising Voltage's BP doubled on grounded target.\n|-damage|p2b: Maushold|0 fnt\n|faint|p2b: Maushold\n|-damage|p1b: Raging Bolt|91\/100|[from] item: Life Orb\n|move|p2a: Flutter Mane|Dazzling Gleam|p1b: Raging Bolt|[spread] p1a,p1b\n|-damage|p1a: Farigiraf|0 fnt\n|-damage|p1b: Raging Bolt|63\/100\n|faint|p1a: Farigiraf\n|\n|upkeep\n|\n|t:|1739299732\n|switch|p1a: Miraidon|Miraidon, L50|100\/100\n|switch|p2b: Torkoal|Torkoal, L50, M|100\/100\n|-weather|SunnyDay|[from] ability: Drought|[of] p2b: Torkoal\n|-activate|p1b: Raging Bolt|ability: Protosynthesis\n|-start|p1b: Raging Bolt|protosynthesisspa\n|-activate|p1a: Miraidon|ability: Hadron Engine\n|turn|5\n|\n|t:|1739299749\n|move|p1b: Raging Bolt|Thunderclap|p2b: Torkoal\n|-damage|p2b: Torkoal|0 fnt\n|faint|p2b: Torkoal\n|-damage|p1b: Raging Bolt|53\/100|[from] item: Life Orb\n|move|p1a: Miraidon|Electro Drift|p2a: Flutter Mane\n|-damage|p2a: Flutter Mane|0 fnt\n|faint|p2a: Flutter Mane\n|-end|p2a: Flutter Mane|Protosynthesis|[silent]\n|\n|win|bieiup\n|raw|bieiup's rating: 1626 &rarr; <strong>1644<\/strong><br \/>(+18 for winning)\n|raw|tagg22's rating: 1594 &rarr; <strong>1576<\/strong><br \/>(-18 for losing)\n|l|\u2606tagg22\n|player|p2|\n|l| ultrakfc\n|l|\u2606bieiup\n|player|p1|\n|l| GexkaXXV\n","uploadtime":1739300002,"views":16,"formatid":"gen9vgc2025regg","rating":1576,"private":0,"password":null}