{"id":"gen9vgc2025regg-2298641233","format":"[Gen 9] VGC 2025 Reg G","players":["liamvgc01","ragionBolte"],"log":"|j|\u2606liamvgc01\n|j|\u2606ragionBolte\n|t:|1739280380\n|gametype|doubles\n|player|p1|liamvgc01|red|1562\n|player|p2|ragionBolte|266|1569\n|teamsize|p1|6\n|teamsize|p2|6\n|gen|9\n|tier|[Gen 9] VGC 2025 Reg G\n|rated|\n|rule|Species Clause: Limit one of each Pok\u00e9mon\n|rule|Item Clause: Limit 1 of each item\n|clearpoke\n|poke|p1|Amoonguss, L50, M|\n|poke|p1|Ogerpon-Cornerstone, L50, F|\n|poke|p1|Urshifu-*, L50, M|\n|poke|p1|Whimsicott, L50, M|\n|poke|p1|Landorus, L50, M|\n|poke|p1|Calyrex-Ice, L50|\n|poke|p2|Calyrex-Ice, L50|\n|poke|p2|Urshifu-*, L50, M|\n|poke|p2|Incineroar, L50, F|\n|poke|p2|Ogerpon-Cornerstone, L50, F|\n|poke|p2|Raging Bolt, L50|\n|poke|p2|Sinistcha, L50|\n|teampreview|4\n|inactive|Battle timer is ON: inactive players will automatically lose when time's up. (requested by liamvgc01)\n|\n|t:|1739280402\n|start\n|switch|p1a: Whimsicott|Whimsicott, L50, M|100\/100\n|switch|p1b: Calyrex|Calyrex-Ice, L50|100\/100\n|switch|p2a: Sinistcha|Sinistcha, L50|100\/100\n|switch|p2b: Incineroar|Incineroar, L50, F|100\/100\n|-ability|p1b: Calyrex|As One\n|-ability|p1b: Calyrex|Unnerve\n|-ability|p2b: Incineroar|Intimidate|boost\n|-unboost|p1a: Whimsicott|atk|1\n|-fail|p1b: Calyrex|unboost|[from] item: Clear Amulet|[of] p1b: Calyrex\n|turn|1\n|\n|t:|1739280416\n|-terastallize|p2a: Sinistcha|Dark\n|move|p1b: Calyrex|Protect|p1b: Calyrex\n|-singleturn|p1b: Calyrex|Protect\n|move|p1a: Whimsicott|Moonblast|p2b: Incineroar\n|-damage|p2b: Incineroar|82\/100\n|move|p2a: Sinistcha|Nasty Plot|p2a: Sinistcha\n|-boost|p2a: Sinistcha|spa|2\n|move|p2b: Incineroar|Will-O-Wisp|p1b: Calyrex\n|-activate|p1b: Calyrex|move: Protect\n|\n|upkeep\n|turn|2\n|\n|t:|1739280441\n|move|p1a: Whimsicott|Tailwind|p1a: Whimsicott\n|-sidestart|p1: liamvgc01|move: Tailwind\n|move|p1b: Calyrex|High Horsepower|p2b: Incineroar\n|-supereffective|p2b: Incineroar\n|-damage|p2b: Incineroar|9\/100\n|move|p2a: Sinistcha|Matcha Gotcha|p1a: Whimsicott|[spread] p1a,p1b\n|-resisted|p1a: Whimsicott\n|-damage|p1a: Whimsicott|68\/100\n|-damage|p1b: Calyrex|62\/100\n|-status|p1b: Calyrex|brn\n|move|p2b: Incineroar|Parting Shot|p1a: Whimsicott\n|-unboost|p1a: Whimsicott|atk|1\n|-unboost|p1a: Whimsicott|spa|1\n|\n|t:|1739280453\n|switch|p2b: Calyrex|Calyrex-Ice, L50|100\/100|[from] Parting Shot\n|-ability|p2b: Calyrex|As One\n|-ability|p2b: Calyrex|Unnerve\n|\n|-damage|p1b: Calyrex|57\/100 brn|[from] brn\n|upkeep\n|turn|3\n|\n|t:|1739280463\n|-terastallize|p1a: Whimsicott|Fire\n|move|p1a: Whimsicott|Moonblast|p2a: Sinistcha\n|-supereffective|p2a: Sinistcha\n|-damage|p2a: Sinistcha|67\/100\n|move|p1b: Calyrex|Glacial Lance|p2a: Sinistcha|[spread] p2a,p2b\n|-resisted|p2b: Calyrex\n|-damage|p2a: Sinistcha|40\/100\n|-damage|p2b: Calyrex|91\/100\n|move|p2a: Sinistcha|Matcha Gotcha|p1b: Calyrex|[spread] p1a,p1b\n|-resisted|p1a: Whimsicott\n|-damage|p1a: Whimsicott|29\/100\n|-heal|p2a: Sinistcha|58\/100|[from] drain|[of] p1a: Whimsicott\n|-damage|p1b: Calyrex|18\/100 brn\n|-heal|p2a: Sinistcha|80\/100|[from] drain|[of] p1b: Calyrex\n|move|p2b: Calyrex|Glacial Lance|p1a: Whimsicott|[spread] p1a,p1b\n|-resisted|p1a: Whimsicott\n|-resisted|p1b: Calyrex\n|-damage|p1a: Whimsicott|2\/100\n|-damage|p1b: Calyrex|3\/100 brn\n|\n|-damage|p1b: Calyrex|0 fnt|[from] brn\n|faint|p1b: Calyrex\n|upkeep\n|\n|t:|1739280481\n|switch|p1b: Ogerpon|Ogerpon-Cornerstone, L50, F|100\/100\n|turn|4\n|\n|t:|1739280487\n|move|p1b: Ogerpon|Ivy Cudgel|p2b: Calyrex|[anim] Ivy Cudgel Rock\n|-supereffective|p2b: Calyrex\n|-damage|p2b: Calyrex|21\/100\n|move|p1a: Whimsicott|Moonblast|p2b: Calyrex\n|-damage|p2b: Calyrex|11\/100\n|move|p2a: Sinistcha|Matcha Gotcha|p1a: Whimsicott|[spread] p1a,p1b\n|-resisted|p1a: Whimsicott\n|-damage|p1a: Whimsicott|0 fnt\n|-heal|p2a: Sinistcha|81\/100|[from] drain|[of] p1a: Whimsicott\n|-damage|p1b: Ogerpon|42\/100\n|-heal|p2a: Sinistcha|100\/100|[from] drain|[of] p1b: Ogerpon\n|faint|p1a: Whimsicott\n|move|p2b: Calyrex|Glacial Lance|p1b: Ogerpon\n|-supereffective|p1b: Ogerpon\n|-damage|p1b: Ogerpon|0 fnt\n|faint|p1b: Ogerpon\n|-ability|p2b: Calyrex|Chilling Neigh|boost\n|-boost|p2b: Calyrex|atk|1\n|\n|upkeep\n|\n|t:|1739280493\n|switch|p1b: Landorus|Landorus, L50, M|100\/100\n|turn|5\n|\n|t:|1739280507\n|move|p1b: Landorus|Sandsear Storm|p2a: Sinistcha|[spread] p2a,p2b\n|-damage|p2a: Sinistcha|36\/100\n|-damage|p2b: Calyrex|0 fnt\n|faint|p2b: Calyrex\n|move|p2a: Sinistcha|Matcha Gotcha|p1b: Landorus|[miss]\n|-miss|p2a: Sinistcha|p1b: Landorus\n|\n|-sideend|p1: liamvgc01|move: Tailwind\n|upkeep\n|\n|t:|1739280515\n|switch|p2b: Incineroar|Incineroar, L50, F|9\/100\n|-ability|p2b: Incineroar|Intimidate|boost\n|-unboost|p1b: Landorus|atk|1\n|turn|6\n|\n|t:|1739280523\n|move|p1b: Landorus|Protect|p1b: Landorus\n|-singleturn|p1b: Landorus|Protect\n|move|p2b: Incineroar|Fake Out|p1b: Landorus\n|-activate|p1b: Landorus|move: Protect\n|move|p2a: Sinistcha|Matcha Gotcha|p1b: Landorus\n|-activate|p1b: Landorus|move: Protect\n|\n|upkeep\n|turn|7\n|\n|t:|1739280538\n|move|p1b: Landorus|Sandsear Storm|p2b: Incineroar|[spread] p2a,p2b\n|-supereffective|p2b: Incineroar\n|-damage|p2a: Sinistcha|0 fnt\n|-damage|p2b: Incineroar|0 fnt\n|faint|p2a: Sinistcha\n|faint|p2b: Incineroar\n|\n|upkeep\n|\n|t:|1739280541\n|switch|p2b: Ogerpon|Ogerpon-Cornerstone, L50, F|100\/100\n|turn|8\n|\n|t:|1739280548\n|move|p2b: Ogerpon|Ivy Cudgel|p1b: Landorus|[anim] Ivy Cudgel Rock\n|-damage|p1b: Landorus|25\/100\n|move|p1b: Landorus|Sludge Bomb|p2b: Ogerpon\n|-damage|p2b: Ogerpon|37\/100\n|\n|upkeep\n|turn|9\n|\n|t:|1739280554\n|move|p2b: Ogerpon|Ivy Cudgel|p1b: Landorus|[anim] Ivy Cudgel Rock\n|-damage|p1b: Landorus|0 fnt\n|faint|p1b: Landorus\n|\n|win|ragionBolte\n|raw|liamvgc01's rating: 1562 &rarr; <strong>1542<\/strong><br \/>(-20 for losing)\n|raw|ragionBolte's rating: 1569 &rarr; <strong>1589<\/strong><br \/>(+20 for winning)\n|l|\u2606ragionBolte\n|player|p2|\n|l|\u2606liamvgc01\n|player|p1|\n","uploadtime":1739280800,"views":4,"formatid":"gen9vgc2025regg","rating":1542,"private":0,"password":null}