{"id":"gen9vgc2025regg-2298791656","format":"[Gen 9] VGC 2025 Reg G","players":["pokefaqk","Cellpab1"],"log":"|j|\u2606pokefaqk\n|j|\u2606Cellpab1\n|t:|1739295672\n|gametype|doubles\n|player|p1|pokefaqk|169|1596\n|player|p2|Cellpab1|265|1541\n|teamsize|p1|6\n|teamsize|p2|6\n|gen|9\n|tier|[Gen 9] VGC 2025 Reg G\n|rated|\n|rule|Species Clause: Limit one of each Pok\u00e9mon\n|rule|Item Clause: Limit 1 of each item\n|clearpoke\n|poke|p1|Incineroar, L50, F|\n|poke|p1|Dondozo, L50, M|\n|poke|p1|Rillaboom, L50, M|\n|poke|p1|Ting-Lu, L50|\n|poke|p1|Ho-Oh, L50|\n|poke|p1|Lapras, L50, F|\n|poke|p2|Raging Bolt, L50|\n|poke|p2|Ogerpon-Cornerstone, L50, F|\n|poke|p2|Urshifu-*, L50, F|\n|poke|p2|Calyrex-Ice, L50|\n|poke|p2|Landorus, L50, M|\n|poke|p2|Brute Bonnet, L50|\n|teampreview|4\n|inactive|Battle timer is ON: inactive players will automatically lose when time's up. (requested by pokefaqk)\n|inactive|pokefaqk has 60 seconds left.\n|inactive|Cellpab1 has 60 seconds left.\n|inactive|Cellpab1 has 30 seconds left.\n|inactive|Cellpab1 has 20 seconds left.\n|inactive|Cellpab1 has 15 seconds left.\n|inactive|Cellpab1 has 10 seconds left.\n|inactive|Cellpab1 has 5 seconds left.\n|\n|t:|1739295760\n|start\n|switch|p1a: Dondozo|Dondozo, L50, M|100\/100\n|switch|p1b: Ho-Oh|Ho-Oh, L50|100\/100\n|switch|p2a: Urshifu|Urshifu-Rapid-Strike, L50, F|100\/100\n|switch|p2b: Brute Bonnet|Brute Bonnet, L50|100\/100\n|turn|1\n|inactive|pokefaqk has 30 seconds left.\n|inactive|Cellpab1 has 30 seconds left.\n|inactive|Cellpab1 has 20 seconds left.\n|inactive|Cellpab1 has 15 seconds left.\n|\n|t:|1739295804\n|switch|p2a: Calyrex|Calyrex-Ice, L50|100\/100\n|-ability|p2a: Calyrex|As One\n|-ability|p2a: Calyrex|Unnerve\n|switch|p1b: Lapras|Lapras, L50, F|100\/100\n|move|p2b: Brute Bonnet|Spore|p1a: Dondozo\n|-status|p1a: Dondozo|slp|[from] move: Spore\n|cant|p1a: Dondozo|slp\n|\n|upkeep\n|turn|2\n|j| 2-2-2 Ape\n|l| 2-2-2 Ape\n|j| GexkaXXV\n|inactive|Cellpab1 has 30 seconds left.\n|inactive|Cellpab1 has 20 seconds left.\n|inactive|Cellpab1 has 15 seconds left.\n|inactive|Cellpab1 has 10 seconds left.\n|\n|t:|1739295852\n|move|p2b: Brute Bonnet|Seed Bomb|p1a: Dondozo\n|-supereffective|p1a: Dondozo\n|-damage|p1a: Dondozo|62\/100 slp\n|move|p1b: Lapras|Freeze-Dry|p2b: Brute Bonnet\n|-supereffective|p2b: Brute Bonnet\n|-damage|p2b: Brute Bonnet|40\/100\n|move|p2a: Calyrex|Glacial Lance|p1a: Dondozo|[spread] p1a,p1b\n|-resisted|p1a: Dondozo\n|-resisted|p1b: Lapras\n|-damage|p1a: Dondozo|45\/100 slp\n|-damage|p1b: Lapras|86\/100\n|cant|p1a: Dondozo|slp\n|\n|upkeep\n|turn|3\n|inactive|Cellpab1 has 30 seconds left.\n|\n|t:|1739295883\n|switch|p1a: Ho-Oh|Ho-Oh, L50|100\/100\n|move|p1b: Lapras|Protect|p1b: Lapras\n|-singleturn|p1b: Lapras|Protect\n|move|p2b: Brute Bonnet|Seed Bomb|p1a: Ho-Oh\n|-resisted|p1a: Ho-Oh\n|-damage|p1a: Ho-Oh|95\/100\n|move|p2a: Calyrex|Glacial Lance|p1b: Lapras|[spread] p1a\n|-activate|p1b: Lapras|move: Protect\n|-damage|p1a: Ho-Oh|57\/100\n|\n|-heal|p1a: Ho-Oh|63\/100|[from] item: Leftovers\n|upkeep\n|turn|4\n|inactive|Cellpab1 has 30 seconds left.\n|\n|t:|1739295917\n|-terastallize|p2a: Calyrex|Fairy\n|move|p1a: Ho-Oh|Brave Bird|p2b: Brute Bonnet\n|-supereffective|p2b: Brute Bonnet\n|-damage|p2b: Brute Bonnet|0 fnt\n|faint|p2b: Brute Bonnet\n|-end|p2b: Brute Bonnet|Protosynthesis|[silent]\n|-damage|p1a: Ho-Oh|50\/100|[from] Recoil\n|move|p1b: Lapras|Freeze-Dry|p2a: Calyrex\n|-damage|p2a: Calyrex|82\/100\n|move|p2a: Calyrex|Glacial Lance|p1a: Ho-Oh|[spread] p1a,p1b\n|-resisted|p1b: Lapras\n|-damage|p1a: Ho-Oh|14\/100\n|-damage|p1b: Lapras|72\/100\n|\n|-heal|p1a: Ho-Oh|21\/100|[from] item: Leftovers\n|upkeep\n|inactive|Cellpab1 has 30 seconds left.\n|inactive|Cellpab1 has 20 seconds left.\n|inactive|Cellpab1 has 15 seconds left.\n|\n|t:|1739295961\n|switch|p2b: Urshifu|Urshifu-Rapid-Strike, L50, F|100\/100\n|turn|5\n|\n|t:|1739295970\n|switch|p1a: Dondozo|Dondozo, L50, M|45\/100 slp\n|-terastallize|p1b: Lapras|Fairy\n|move|p2b: Urshifu|Close Combat|p1b: Lapras\n|-resisted|p1b: Lapras\n|-damage|p1b: Lapras|35\/100\n|-unboost|p2b: Urshifu|def|1\n|-unboost|p2b: Urshifu|spd|1\n|move|p1b: Lapras|Freeze-Dry|p2b: Urshifu\n|-supereffective|p2b: Urshifu\n|-enditem|p2b: Urshifu|Focus Sash\n|-damage|p2b: Urshifu|1\/100\n|-status|p2b: Urshifu|frz\n|move|p2a: Calyrex|Glacial Lance|p1b: Lapras|[spread] p1a,p1b\n|-resisted|p1a: Dondozo\n|-damage|p1a: Dondozo|28\/100 slp\n|-damage|p1b: Lapras|0 fnt\n|faint|p1b: Lapras\n|-ability|p2a: Calyrex|Chilling Neigh|boost\n|-boost|p2a: Calyrex|atk|1\n|\n|upkeep\n|\n|t:|1739295980\n|switch|p1b: Ho-Oh|Ho-Oh, L50|54\/100\n|turn|6\n|\n|t:|1739295990\n|cant|p2b: Urshifu|frz\n|move|p1b: Ho-Oh|Sacred Fire|p2a: Calyrex\n|-damage|p2a: Calyrex|55\/100\n|move|p2a: Calyrex|Glacial Lance|p1b: Ho-Oh|[spread] p1a,p1b\n|-resisted|p1a: Dondozo\n|-damage|p1a: Dondozo|5\/100 slp\n|-damage|p1b: Ho-Oh|0 fnt\n|faint|p1b: Ho-Oh\n|-ability|p2a: Calyrex|Chilling Neigh|boost\n|-boost|p2a: Calyrex|atk|1\n|cant|p1a: Dondozo|slp\n|\n|upkeep\n|\n|t:|1739296002\n|switch|p1b: Ting-Lu|Ting-Lu, L50|100\/100\n|-ability|p1b: Ting-Lu|Vessel of Ruin\n|turn|7\n|-message|pokefaqk forfeited.\n|\n|win|Cellpab1\n|raw|pokefaqk's rating: 1596 &rarr; <strong>1573<\/strong><br \/>(-23 for losing)\n|raw|Cellpab1's rating: 1541 &rarr; <strong>1564<\/strong><br \/>(+23 for winning)\n|l|\u2606pokefaqk\n|player|p1|\n|l|\u2606Cellpab1\n|player|p2|\n|l| GexkaXXV\n","uploadtime":1739296251,"views":18,"formatid":"gen9vgc2025regg","rating":1564,"private":0,"password":null}