{"id":"gen9vgc2025regg-2298306833","format":"[Gen 9] VGC 2025 Reg G","players":["soooma","Lechonkbro"],"log":"|j|\u2606soooma\n|j|\u2606Lechonkbro\n|t:|1739229273\n|gametype|doubles\n|player|p1|soooma|169|1523\n|player|p2|Lechonkbro|ghetsis-gen5bw|1578\n|teamsize|p1|6\n|teamsize|p2|6\n|gen|9\n|tier|[Gen 9] VGC 2025 Reg G\n|rated|\n|rule|Species Clause: Limit one of each Pok\u00e9mon\n|rule|Item Clause: Limit 1 of each item\n|clearpoke\n|poke|p1|Rayquaza, L50|\n|poke|p1|Chien-Pao, L50|\n|poke|p1|Annihilape, L50, M|\n|poke|p1|Kingambit, L50, M|\n|poke|p1|Flutter Mane, L50|\n|poke|p1|Tornadus, L50, M|\n|poke|p2|Miraidon, L50|\n|poke|p2|Incineroar, L50, F|\n|poke|p2|Urshifu-*, L50, M|\n|poke|p2|Oranguru, L50, M|\n|poke|p2|Clefairy, L50, F|\n|poke|p2|Iron Valiant, L50|\n|teampreview|4\n|inactive|Battle timer is ON: inactive players will automatically lose when time's up. (requested by Lechonkbro)\n|inactive|soooma has 60 seconds left.\n|\n|t:|1739229318\n|start\n|switch|p1a: Kingambit|Kingambit, L50, M|100\/100\n|switch|p1b: Flutter Mane|Flutter Mane, L50|100\/100\n|switch|p2a: Miraidon|Miraidon, L50|100\/100\n|switch|p2b: Oranguru|Oranguru, L50, M|100\/100\n|-fieldstart|move: Electric Terrain|[from] ability: Hadron Engine|[of] p2a: Miraidon\n|-enditem|p2a: Miraidon|Electric Seed\n|-boost|p2a: Miraidon|def|1|[from] item: Electric Seed\n|-activate|p2b: Oranguru|ability: Symbiosis|Covert Cloak|[of] p2a: Miraidon\n|turn|1\n|j| Meiser63\n|inactive|soooma has 30 seconds left.\n|\n|t:|1739229344\n|-terastallize|p1b: Flutter Mane|Fairy\n|-terastallize|p2a: Miraidon|Electric\n|move|p1b: Flutter Mane|Moonblast|p2a: Miraidon\n|-damage|p2a: Miraidon|27\/100\n|move|p2a: Miraidon|Calm Mind|p2a: Miraidon\n|-boost|p2a: Miraidon|spa|1\n|-boost|p2a: Miraidon|spd|1\n|move|p2b: Oranguru|Instruct|p2a: Miraidon\n|-singleturn|p2a: Miraidon|move: Instruct|[of] p2b: Oranguru\n|move|p2a: Miraidon|Calm Mind|p2a: Miraidon\n|-boost|p2a: Miraidon|spa|1\n|-boost|p2a: Miraidon|spd|1\n|move|p1a: Kingambit|Kowtow Cleave|p2b: Oranguru\n|-supereffective|p2b: Oranguru\n|-damage|p2b: Oranguru|9\/100\n|\n|upkeep\n|turn|2\n|j| 2-2-2 Ape\n|l| 2-2-2 Ape\n|inactive|soooma has 30 seconds left.\n|inactive|Lechonkbro has 30 seconds left.\n|\n|t:|1739229376\n|switch|p2b: Iron Valiant|Iron Valiant, L50|100\/100\n|-activate|p2b: Iron Valiant|ability: Quark Drive\n|-start|p2b: Iron Valiant|quarkdrivespe\n|move|p2a: Miraidon|Protect|p2a: Miraidon\n|-singleturn|p2a: Miraidon|Protect\n|move|p1b: Flutter Mane|Moonblast|p2a: Miraidon\n|-activate|p2a: Miraidon|move: Protect\n|move|p1a: Kingambit|Iron Head|p2b: Iron Valiant\n|-supereffective|p2b: Iron Valiant\n|-damage|p2b: Iron Valiant|0 fnt\n|faint|p2b: Iron Valiant\n|-end|p2b: Iron Valiant|Quark Drive|[silent]\n|\n|upkeep\n|\n|t:|1739229390\n|switch|p2b: Clefairy|Clefairy, L50, F|100\/100\n|turn|3\n|\n|t:|1739229412\n|-end|p1b: Flutter Mane|Protosynthesis|[silent]\n|switch|p1b: Chien-Pao|Chien-Pao, L50|100\/100\n|-ability|p1b: Chien-Pao|Sword of Ruin\n|move|p2b: Clefairy|Follow Me|p2b: Clefairy\n|-singleturn|p2b: Clefairy|move: Follow Me\n|move|p2a: Miraidon|Parabolic Charge|p1a: Kingambit|[spread] p2b,p1a,p1b\n|-damage|p2b: Clefairy|29\/100\n|-heal|p2a: Miraidon|58\/100|[from] drain|[of] p2b: Clefairy\n|-damage|p1a: Kingambit|31\/100\n|-heal|p2a: Miraidon|94\/100|[from] drain|[of] p1a: Kingambit\n|-enditem|p1b: Chien-Pao|Focus Sash\n|-damage|p1b: Chien-Pao|1\/100\n|-heal|p2a: Miraidon|100\/100|[from] drain|[of] p1b: Chien-Pao\n|move|p1a: Kingambit|Iron Head|p2b: Clefairy\n|-supereffective|p2b: Clefairy\n|-damage|p2b: Clefairy|0 fnt\n|faint|p2b: Clefairy\n|\n|upkeep\n|\n|t:|1739229433\n|switch|p2b: Oranguru|Oranguru, L50, M|9\/100\n|turn|4\n|inactive|soooma has 30 seconds left.\n|\n|t:|1739229463\n|move|p1b: Chien-Pao|Sucker Punch|p2a: Miraidon\n|-damage|p2a: Miraidon|72\/100\n|move|p1a: Kingambit|Sucker Punch|p2a: Miraidon\n|-damage|p2a: Miraidon|43\/100\n|move|p2a: Miraidon|Dragon Pulse|p1a: Kingambit\n|-resisted|p1a: Kingambit\n|-damage|p1a: Kingambit|0 fnt\n|faint|p1a: Kingambit\n|move|p2b: Oranguru|Instruct|p2a: Miraidon\n|-singleturn|p2a: Miraidon|move: Instruct|[of] p2b: Oranguru\n|move|p2a: Miraidon|Dragon Pulse|p1b: Chien-Pao\n|-damage|p1b: Chien-Pao|0 fnt\n|faint|p1b: Chien-Pao\n|\n|upkeep\n|\n|t:|1739229471\n|switch|p1b: Flutter Mane|Flutter Mane, L50, tera:Fairy|100\/100\n|switch|p1a: Rayquaza|Rayquaza, L50, shiny|100\/100\n|-ability|p1a: Rayquaza|Air Lock\n|turn|5\n|\n|t:|1739229489\n|move|p2a: Miraidon|Protect|p2a: Miraidon\n|-singleturn|p2a: Miraidon|Protect\n|move|p1a: Rayquaza|Extreme Speed|p2a: Miraidon\n|-activate|p2a: Miraidon|move: Protect\n|move|p1b: Flutter Mane|Dazzling Gleam|p2a: Miraidon|[spread] p2b\n|-activate|p2a: Miraidon|move: Protect\n|-damage|p2b: Oranguru|0 fnt\n|faint|p2b: Oranguru\n|\n|-fieldend|move: Electric Terrain\n|upkeep\n|turn|6\n|\n|t:|1739229502\n|move|p1a: Rayquaza|Extreme Speed|p2a: Miraidon\n|-damage|p2a: Miraidon|24\/100\n|move|p1b: Flutter Mane|Dazzling Gleam|p2a: Miraidon\n|-damage|p2a: Miraidon|0 fnt\n|faint|p2a: Miraidon\n|\n|win|soooma\n|raw|soooma's rating: 1523 &rarr; <strong>1546<\/strong><br \/>(+23 for winning)\n|raw|Lechonkbro's rating: 1578 &rarr; <strong>1555<\/strong><br \/>(-23 for losing)\n|l|\u2606Lechonkbro\n|player|p2|\n|l|\u2606soooma\n|player|p1|\n|l| Meiser63\n","uploadtime":1739229647,"views":5,"formatid":"gen9vgc2025regg","rating":1546,"private":0,"password":null}