{"id":"gen9vgc2025regg-2298391272","format":"[Gen 9] VGC 2025 Reg G","players":["GubbsVGC","NA04"],"log":"|j|\u2606GubbsVGC\n|j|\u203dNA04\n|t:|1739239914\n|gametype|doubles\n|player|p1|GubbsVGC|1|1607\n|player|p2|NA04|265|1601\n|teamsize|p1|6\n|teamsize|p2|6\n|gen|9\n|tier|[Gen 9] VGC 2025 Reg G\n|rated|\n|rule|Species Clause: Limit one of each Pok\u00e9mon\n|rule|Item Clause: Limit 1 of each item\n|clearpoke\n|poke|p1|Sinistcha-Masterpiece, L50|\n|poke|p1|Grimmsnarl, L50, M|\n|poke|p1|Pelipper, L50, M|\n|poke|p1|Raging Bolt, L50|\n|poke|p1|Zamazenta-*, L50|\n|poke|p1|Chi-Yu, L50|\n|poke|p2|Iron Crown, L50|\n|poke|p2|Indeedee-F, L50, F|\n|poke|p2|Ogerpon-Wellspring, L50, F|\n|poke|p2|Zamazenta-*, L50|\n|poke|p2|Chien-Pao, L50|\n|poke|p2|Tornadus, L50, M|\n|teampreview|4\n|\n|t:|1739239979\n|start\n|switch|p1a: Grimmsnarl|Grimmsnarl, L50, M|100\/100\n|switch|p1b: Raging Bolt|Raging Bolt, L50|100\/100\n|switch|p2a: Indeedee|Indeedee-F, L50, F|100\/100\n|switch|p2b: Iron Crown|Iron Crown, L50|100\/100\n|-fieldstart|move: Psychic Terrain|[from] ability: Psychic Surge|[of] p2a: Indeedee\n|-enditem|p2a: Indeedee|Psychic Seed\n|-boost|p2a: Indeedee|spd|1|[from] item: Psychic Seed\n|-enditem|p2b: Iron Crown|Booster Energy\n|-activate|p2b: Iron Crown|ability: Quark Drive|[fromitem]\n|-start|p2b: Iron Crown|quarkdrivespa\n|turn|1\n|\n|t:|1739240017\n|-end|p1b: Raging Bolt|Protosynthesis|[silent]\n|switch|p1b: Chi-Yu|Chi-Yu, L50|100\/100\n|-ability|p1b: Chi-Yu|Beads of Ruin\n|-terastallize|p2b: Iron Crown|Ground\n|move|p1a: Grimmsnarl|Light Screen|p1a: Grimmsnarl\n|-sidestart|p1: GubbsVGC|move: Light Screen\n|move|p2b: Iron Crown|Tachyon Cutter|p1a: Grimmsnarl\n|-supereffective|p1a: Grimmsnarl\n|-damage|p1a: Grimmsnarl|45\/100\n|-supereffective|p1a: Grimmsnarl\n|-damage|p1a: Grimmsnarl|0 fnt\n|faint|p1a: Grimmsnarl\n|-hitcount|p1: Grimmsnarl|2\n|move|p2a: Indeedee|Dazzling Gleam|p1b: Chi-Yu\n|-damage|p1b: Chi-Yu|90\/100\n|\n|upkeep\n|\n|t:|1739240047\n|switch|p1a: Zamazenta|Zamazenta-Crowned, L50|100\/100\n|-ability|p1a: Zamazenta|Dauntless Shield|boost\n|-boost|p1a: Zamazenta|def|1\n|turn|2\n|\n|t:|1739240075\n|-end|p2b: Iron Crown|Quark Drive|[silent]\n|switch|p2b: Zamazenta|Zamazenta-Crowned, L50|100\/100\n|-ability|p2b: Zamazenta|Dauntless Shield|boost\n|-boost|p2b: Zamazenta|def|1\n|-terastallize|p1b: Chi-Yu|Ghost\n|move|p1a: Zamazenta|Protect|p1a: Zamazenta\n|-singleturn|p1a: Zamazenta|Protect\n|move|p1b: Chi-Yu|Snarl|p2b: Zamazenta|[spread] p2a,p2b\n|-supereffective|p2a: Indeedee\n|-resisted|p2b: Zamazenta\n|-damage|p2a: Indeedee|65\/100\n|-damage|p2b: Zamazenta|90\/100\n|-unboost|p2a: Indeedee|spa|1\n|-unboost|p2b: Zamazenta|spa|1\n|move|p2a: Indeedee|Dazzling Gleam|p1a: Zamazenta|[spread] p1b\n|-activate|p1a: Zamazenta|move: Protect\n|-damage|p1b: Chi-Yu|84\/100\n|\n|upkeep\n|turn|3\n|\n|t:|1739240100\n|move|p2a: Indeedee|Follow Me|p2a: Indeedee\n|-singleturn|p2a: Indeedee|move: Follow Me\n|move|p2b: Zamazenta|Body Press|p1a: Zamazenta\n|-supereffective|p1a: Zamazenta\n|-damage|p1a: Zamazenta|48\/100\n|move|p1a: Zamazenta|Iron Defense|p1a: Zamazenta\n|-boost|p1a: Zamazenta|def|2\n|move|p1b: Chi-Yu|Heat Wave|p2a: Indeedee|[spread] p2a,p2b\n|-supereffective|p2b: Zamazenta\n|-damage|p2a: Indeedee|33\/100\n|-damage|p2b: Zamazenta|26\/100\n|\n|upkeep\n|turn|4\n|\n|t:|1739240120\n|move|p2a: Indeedee|Helping Hand|p2b: Zamazenta\n|-singleturn|p2b: Zamazenta|Helping Hand|[of] p2a: Indeedee\n|move|p1a: Zamazenta|Protect|p1a: Zamazenta\n|-singleturn|p1a: Zamazenta|Protect\n|move|p2b: Zamazenta|Body Press|p1a: Zamazenta\n|-activate|p1a: Zamazenta|move: Protect\n|move|p1b: Chi-Yu|Heat Wave|p2a: Indeedee|[spread] p2a,p2b\n|-supereffective|p2b: Zamazenta\n|-damage|p2a: Indeedee|0 fnt\n|-damage|p2b: Zamazenta|0 fnt\n|faint|p2a: Indeedee\n|faint|p2b: Zamazenta\n|\n|upkeep\n|\n|t:|1739240127\n|switch|p2b: Chien-Pao|Chien-Pao, L50|100\/100\n|switch|p2a: Iron Crown|Iron Crown, L50, tera:Ground|100\/100\n|-ability|p2b: Chien-Pao|Sword of Ruin\n|turn|5\n|\n|t:|1739240160\n|move|p2b: Chien-Pao|Throat Chop|p1b: Chi-Yu\n|-supereffective|p1b: Chi-Yu\n|-damage|p1b: Chi-Yu|0 fnt\n|faint|p1b: Chi-Yu\n|move|p1a: Zamazenta|Body Press|p2b: Chien-Pao\n|-supereffective|p2b: Chien-Pao\n|-enditem|p2b: Chien-Pao|Focus Sash\n|-damage|p2b: Chien-Pao|1\/100\n|move|p2a: Iron Crown|Tera Blast|p1a: Zamazenta|[anim] Tera Blast Ground\n|-supereffective|p1a: Zamazenta\n|-damage|p1a: Zamazenta|8\/100\n|\n|-fieldend|move: Psychic Terrain\n|upkeep\n|\n|t:|1739240173\n|switch|p1b: Raging Bolt|Raging Bolt, L50|100\/100\n|turn|6\n|\n|t:|1739240198\n|move|p2b: Chien-Pao|Sucker Punch|p1a: Zamazenta\n|-resisted|p1a: Zamazenta\n|-damage|p1a: Zamazenta|3\/100\n|move|p1b: Raging Bolt|Thunderclap||[still]\n|-fail|p1b: Raging Bolt\n|move|p1a: Zamazenta|Body Press|p2a: Iron Crown\n|-damage|p2a: Iron Crown|0 fnt\n|faint|p2a: Iron Crown\n|-end|p2a: Iron Crown|Quark Drive|[silent]\n|\n|upkeep\n|turn|7\n|-message|NA04 forfeited.\n|\n|win|GubbsVGC\n|raw|GubbsVGC's rating: 1607 &rarr; <strong>1627<\/strong><br \/>(+20 for winning)\n|raw|NA04's rating: 1601 &rarr; <strong>1581<\/strong><br \/>(-20 for losing)\n|l|\u203dNA04\n|player|p2|\n|l|\u2606GubbsVGC\n|player|p1|\n","uploadtime":1739240406,"views":10,"formatid":"gen9vgc2025regg","rating":1581,"private":0,"password":null}