{"id":"gen9vgc2025regg-2298097508","format":"[Gen 9] VGC 2025 Reg G","players":["heyBeteritsVGC","Frikandellenbos"],"log":"|j|\u2606heyBeteritsVGC\n|j|\u2606Frikandellenbos\n|t:|1739207878\n|gametype|doubles\n|player|p1|heyBeteritsVGC|101|1535\n|player|p2|Frikandellenbos|hiker-gen4|1587\n|teamsize|p1|6\n|teamsize|p2|6\n|gen|9\n|tier|[Gen 9] VGC 2025 Reg G\n|rated|\n|rule|Species Clause: Limit one of each Pok\u00e9mon\n|rule|Item Clause: Limit 1 of each item\n|clearpoke\n|poke|p1|Dialga-Origin, L50|\n|poke|p1|Flutter Mane, L50|\n|poke|p1|Raging Bolt, L50|\n|poke|p1|Ursaluna, L50, M|\n|poke|p1|Volcarona, L50, M|\n|poke|p1|Smeargle, L50, F|\n|poke|p2|Calyrex-Ice, L50|\n|poke|p2|Incineroar, L50, F|\n|poke|p2|Ogerpon-Cornerstone, L50, F|\n|poke|p2|Raging Bolt, L50|\n|poke|p2|Urshifu-*, L50, F|\n|poke|p2|Farigiraf, L50, F|\n|teampreview|4\n|inactive|Battle timer is ON: inactive players will automatically lose when time's up. (requested by heyBeteritsVGC)\n|inactive|heyBeteritsVGC has 60 seconds left.\n|\n|t:|1739207919\n|start\n|switch|p1a: Dialga|Dialga-Origin, L50|100\/100\n|switch|p1b: Smeargle|Smeargle, L50, F|100\/100\n|switch|p2a: Urshifu|Urshifu-Rapid-Strike, L50, F|100\/100\n|switch|p2b: Incineroar|Incineroar, L50, F|100\/100\n|-ability|p2b: Incineroar|Intimidate|boost\n|-unboost|p1a: Dialga|atk|1\n|-unboost|p1b: Smeargle|atk|1\n|turn|1\n|\n|t:|1739207937\n|switch|p1b: Raging Bolt|Raging Bolt, L50|100\/100\n|move|p2b: Incineroar|Fake Out|p1a: Dialga\n|-resisted|p1a: Dialga\n|-damage|p1a: Dialga|97\/100\n|move|p2a: Urshifu|Surging Strikes|p1b: Raging Bolt\n|-resisted|p1b: Raging Bolt\n|-crit|p1b: Raging Bolt\n|-damage|p1b: Raging Bolt|92\/100\n|-resisted|p1b: Raging Bolt\n|-crit|p1b: Raging Bolt\n|-damage|p1b: Raging Bolt|83\/100\n|-resisted|p1b: Raging Bolt\n|-crit|p1b: Raging Bolt\n|-damage|p1b: Raging Bolt|74\/100\n|-hitcount|p1b: Raging Bolt|3\n|cant|p1a: Dialga|flinch\n|\n|upkeep\n|turn|2\n|j| Funn yIy\n|\n|t:|1739207960\n|switch|p2a: Farigiraf|Farigiraf, L50, F|100\/100\n|move|p1b: Raging Bolt|Discharge|p2a: Farigiraf|[spread] p2a,p2b\n|-activate|p1a: Dialga|ability: Telepathy\n|-damage|p2a: Farigiraf|58\/100\n|-damage|p2b: Incineroar|68\/100\n|move|p1a: Dialga|Draco Meteor|p2b: Incineroar\n|-damage|p2b: Incineroar|0 fnt\n|-unboost|p1a: Dialga|spa|2\n|faint|p2b: Incineroar\n|\n|upkeep\n|l| Funn yIy\n|\n|t:|1739207975\n|switch|p2b: Calyrex|Calyrex-Ice, L50|100\/100\n|-ability|p2b: Calyrex|As One\n|-ability|p2b: Calyrex|Unnerve\n|turn|3\n|\n|t:|1739207992\n|switch|p1a: Volcarona|Volcarona, L50, M|100\/100\n|move|p2a: Farigiraf|Protect|p2a: Farigiraf\n|-singleturn|p2a: Farigiraf|Protect\n|move|p1b: Raging Bolt|Volt Switch|p2a: Farigiraf\n|-activate|p2a: Farigiraf|move: Protect\n|move|p2b: Calyrex|Glacial Lance|p1b: Raging Bolt|[spread] p1a,p1b\n|-resisted|p1a: Volcarona\n|-supereffective|p1b: Raging Bolt\n|-damage|p1a: Volcarona|74\/100\n|-damage|p1b: Raging Bolt|0 fnt\n|faint|p1b: Raging Bolt\n|-end|p1b: Raging Bolt|Protosynthesis|[silent]\n|-ability|p2b: Calyrex|Chilling Neigh|boost\n|-boost|p2b: Calyrex|atk|1\n|\n|upkeep\n|\n|t:|1739208008\n|switch|p1b: Dialga|Dialga-Origin, L50|97\/100\n|turn|4\n|inactive|Frikandellenbos has 30 seconds left.\n|\n|t:|1739208043\n|-terastallize|p2b: Calyrex|Fairy\n|move|p2a: Farigiraf|Protect||[still]\n|-fail|p2a: Farigiraf\n|move|p1a: Volcarona|Struggle Bug|p2b: Calyrex|[spread] p2a,p2b\n|-supereffective|p2a: Farigiraf\n|-resisted|p2b: Calyrex\n|-crit|p2b: Calyrex\n|-damage|p2a: Farigiraf|21\/100\n|-damage|p2b: Calyrex|92\/100\n|-unboost|p2a: Farigiraf|spa|1\n|move|p1b: Dialga|Flash Cannon|p2a: Farigiraf\n|-damage|p2a: Farigiraf|0 fnt\n|faint|p2a: Farigiraf\n|move|p2b: Calyrex|Trick Room|p2b: Calyrex\n|-fieldstart|move: Trick Room|[of] p2b: Calyrex\n|\n|upkeep\n|\n|t:|1739208048\n|switch|p2a: Urshifu|Urshifu-Rapid-Strike, L50, F|100\/100\n|turn|5\n|\n|t:|1739208059\n|-terastallize|p1a: Volcarona|Water\n|move|p1a: Volcarona|Rage Powder|p1a: Volcarona\n|-singleturn|p1a: Volcarona|move: Rage Powder\n|move|p2b: Calyrex|Glacial Lance|p1b: Dialga|[spread] p1a,p1b\n|-resisted|p1a: Volcarona\n|-damage|p1a: Volcarona|34\/100\n|-damage|p1b: Dialga|29\/100\n|move|p1b: Dialga|Flash Cannon|p2b: Calyrex\n|-supereffective|p2b: Calyrex\n|-damage|p2b: Calyrex|11\/100\n|move|p2a: Urshifu|Surging Strikes|p1a: Volcarona\n|-resisted|p1a: Volcarona\n|-crit|p1a: Volcarona\n|-damage|p1a: Volcarona|24\/100\n|-damage|p2a: Urshifu|84\/100|[from] item: Rocky Helmet|[of] p1a: Volcarona\n|-status|p2a: Urshifu|brn|[from] ability: Flame Body|[of] p1a: Volcarona\n|-resisted|p1a: Volcarona\n|-crit|p1a: Volcarona\n|-damage|p1a: Volcarona|20\/100\n|-damage|p2a: Urshifu|67\/100 brn|[from] item: Rocky Helmet|[of] p1a: Volcarona\n|-resisted|p1a: Volcarona\n|-crit|p1a: Volcarona\n|-damage|p1a: Volcarona|15\/100\n|-damage|p2a: Urshifu|50\/100 brn|[from] item: Rocky Helmet|[of] p1a: Volcarona\n|-hitcount|p1a: Volcarona|3\n|\n|-damage|p2a: Urshifu|44\/100 brn|[from] brn\n|upkeep\n|turn|6\n|inactive|heyBeteritsVGC has 30 seconds left.\n|inactive|Frikandellenbos has 30 seconds left.\n|\n|t:|1739208092\n|move|p1b: Dialga|Protect|p1b: Dialga\n|-singleturn|p1b: Dialga|Protect\n|move|p1a: Volcarona|Rage Powder|p1a: Volcarona\n|-singleturn|p1a: Volcarona|move: Rage Powder\n|move|p2b: Calyrex|Glacial Lance|p1b: Dialga|[spread] p1a\n|-activate|p1b: Dialga|move: Protect\n|-resisted|p1a: Volcarona\n|-damage|p1a: Volcarona|0 fnt\n|faint|p1a: Volcarona\n|-ability|p2b: Calyrex|Chilling Neigh|boost\n|-boost|p2b: Calyrex|atk|1\n|move|p2a: Urshifu|Surging Strikes|p1b: Dialga\n|-resisted|p1b: Dialga\n|-crit|p1b: Dialga\n|-damage|p1b: Dialga|25\/100\n|-resisted|p1b: Dialga\n|-crit|p1b: Dialga\n|-damage|p1b: Dialga|22\/100\n|-resisted|p1b: Dialga\n|-crit|p1b: Dialga\n|-damage|p1b: Dialga|17\/100\n|-hitcount|p1b: Dialga|3\n|\n|-damage|p2a: Urshifu|38\/100 brn|[from] brn\n|upkeep\n|\n|t:|1739208093\n|switch|p1a: Smeargle|Smeargle, L50, F|100\/100\n|turn|7\n|\n|t:|1739208105\n|move|p1a: Smeargle|Fake Out|p2b: Calyrex\n|-damage|p2b: Calyrex|7\/100\n|cant|p2b: Calyrex|flinch\n|move|p1b: Dialga|Flash Cannon|p2a: Urshifu\n|-resisted|p2a: Urshifu\n|-damage|p2a: Urshifu|0 fnt\n|faint|p2a: Urshifu\n|\n|-ability|p1a: Smeargle|Moody|boost\n|-boost|p1a: Smeargle|atk|2\n|-unboost|p1a: Smeargle|spa|1\n|upkeep\n|turn|8\n|\n|t:|1739208116\n|move|p1b: Dialga|Protect|p1b: Dialga\n|-singleturn|p1b: Dialga|Protect\n|move|p2b: Calyrex|High Horsepower|p1b: Dialga\n|-activate|p1b: Dialga|move: Protect\n|move|p1a: Smeargle|Spore|p2b: Calyrex\n|-status|p2b: Calyrex|slp|[from] move: Spore\n|\n|-fieldend|move: Trick Room\n|-ability|p1a: Smeargle|Moody|boost\n|-boost|p1a: Smeargle|spe|2\n|-unboost|p1a: Smeargle|atk|1\n|upkeep\n|turn|9\n|-message|Frikandellenbos forfeited.\n|\n|win|heyBeteritsVGC\n|raw|heyBeteritsVGC's rating: 1535 &rarr; <strong>1558<\/strong><br \/>(+23 for winning)\n|raw|Frikandellenbos's rating: 1587 &rarr; <strong>1564<\/strong><br \/>(-23 for losing)\n|l|\u2606Frikandellenbos\n|player|p2|\n|l|\u2606heyBeteritsVGC\n|player|p1|\n|j| fox258ip1\n","uploadtime":1739208343,"views":5,"formatid":"gen9vgc2025regg","rating":1558,"private":0,"password":null}