{"id":"gen9vgc2025regg-2298821730","format":"[Gen 9] VGC 2025 Reg G","players":["Team715","gieoeo"],"log":"|j|\u2606Team715\n|j|\u2606gieoeo\n|t:|1739298491\n|gametype|doubles\n|player|p1|Team715|volkner|1574\n|player|p2|gieoeo|swimmer-gen4dp|1569\n|teamsize|p1|6\n|teamsize|p2|6\n|gen|9\n|tier|[Gen 9] VGC 2025 Reg G\n|rated|\n|rule|Species Clause: Limit one of each Pok\u00e9mon\n|rule|Item Clause: Limit 1 of each item\n|clearpoke\n|poke|p1|Calyrex-Shadow, L50|\n|poke|p1|Rillaboom, L50, M|\n|poke|p1|Incineroar, L50, M|\n|poke|p1|Urshifu-*, L50, M|\n|poke|p1|Raging Bolt, L50|\n|poke|p1|Ogerpon-Cornerstone, L50, F|\n|poke|p2|Calyrex-Shadow, L50|\n|poke|p2|Cresselia, L50, F|\n|poke|p2|Ursaluna, L50, M|\n|poke|p2|Indeedee-F, L50, F|\n|poke|p2|Clefairy, L50, F|\n|poke|p2|Annihilape, L50, F|\n|teampreview|4\n|\n|t:|1739298563\n|start\n|switch|p1a: Incineroar|Incineroar, L50, M, shiny|100\/100\n|switch|p1b: Urshifu|Urshifu, L50, M|100\/100\n|switch|p2a: Calyrex|Calyrex-Shadow, L50|100\/100\n|switch|p2b: Clefairy|Clefairy, L50, F|100\/100\n|-ability|p2a: Calyrex|As One\n|-ability|p2a: Calyrex|Unnerve\n|-ability|p1a: Incineroar|Intimidate|boost\n|-unboost|p2a: Calyrex|atk|1\n|-unboost|p2b: Clefairy|atk|1\n|turn|1\n|\n|t:|1739298596\n|move|p1a: Incineroar|Fake Out|p2b: Clefairy\n|-damage|p2b: Clefairy|92\/100\n|move|p2a: Calyrex|Astral Barrage|p1b: Urshifu|[spread] p1a,p1b\n|-resisted|p1a: Incineroar\n|-resisted|p1b: Urshifu\n|-damage|p1a: Incineroar|80\/100\n|-damage|p1b: Urshifu|56\/100\n|move|p1b: Urshifu|Wicked Blow|p2a: Calyrex\n|-supereffective|p2a: Calyrex\n|-crit|p2a: Calyrex\n|-enditem|p2a: Calyrex|Focus Sash\n|-damage|p2a: Calyrex|1\/100\n|cant|p2b: Clefairy|flinch\n|\n|upkeep\n|turn|2\n|\n|t:|1739298622\n|-terastallize|p2a: Calyrex|Stellar\n|move|p1b: Urshifu|Detect|p1b: Urshifu\n|-singleturn|p1b: Urshifu|Protect\n|move|p2b: Clefairy|Follow Me|p2b: Clefairy\n|-singleturn|p2b: Clefairy|move: Follow Me\n|move|p2a: Calyrex|Astral Barrage|p1a: Incineroar|[spread] p1a\n|-activate|p1b: Urshifu|move: Protect\n|-resisted|p1a: Incineroar\n|-damage|p1a: Incineroar|53\/100\n|move|p1a: Incineroar|Parting Shot|p2b: Clefairy\n|-unboost|p2b: Clefairy|atk|1\n|-unboost|p2b: Clefairy|spa|1\n|\n|t:|1739298637\n|switch|p1a: Calyrex|Calyrex-Shadow, L50|100\/100|[from] Parting Shot\n|-ability|p1a: Calyrex|As One\n|-ability|p1a: Calyrex|Unnerve\n|\n|upkeep\n|turn|3\n|\n|t:|1739298655\n|switch|p2a: Indeedee|Indeedee-F, L50, F|100\/100\n|-fieldstart|move: Psychic Terrain|[from] ability: Psychic Surge|[of] p2a: Indeedee\n|-enditem|p2a: Indeedee|Psychic Seed\n|-boost|p2a: Indeedee|spd|1|[from] item: Psychic Seed\n|switch|p1b: Incineroar|Incineroar, L50, M, shiny|53\/100\n|-ability|p1b: Incineroar|Intimidate|boost\n|-unboost|p2a: Indeedee|atk|1\n|-unboost|p2b: Clefairy|atk|1\n|-terastallize|p1a: Calyrex|Normal\n|move|p1a: Calyrex|Astral Barrage|p2a: Indeedee|[spread] p2b\n|-immune|p2a: Indeedee\n|-damage|p2b: Clefairy|43\/100\n|move|p2b: Clefairy|Dazzling Gleam|p1b: Incineroar|[spread] p1a,p1b\n|-damage|p1a: Calyrex|93\/100\n|-damage|p1b: Incineroar|47\/100\n|\n|upkeep\n|turn|4\n|\n|t:|1739298685\n|switch|p1a: Rillaboom|Rillaboom, L50, M, shiny|100\/100\n|-fieldstart|move: Grassy Terrain|[from] ability: Grassy Surge|[of] p1a: Rillaboom\n|move|p2b: Clefairy|Protect|p2b: Clefairy\n|-singleturn|p2b: Clefairy|Protect\n|move|p1b: Incineroar|Fake Out|p2a: Indeedee\n|-damage|p2a: Indeedee|93\/100\n|cant|p2a: Indeedee|flinch\n|\n|-heal|p2a: Indeedee|99\/100|[from] Grassy Terrain\n|-heal|p1b: Incineroar|52\/100|[from] Grassy Terrain\n|-heal|p2b: Clefairy|49\/100|[from] Grassy Terrain\n|upkeep\n|turn|5\n|\n|t:|1739298723\n|move|p1a: Rillaboom|Wood Hammer|p2a: Indeedee\n|-damage|p2a: Indeedee|38\/100\n|-damage|p1a: Rillaboom|83\/100|[from] Recoil\n|move|p1b: Incineroar|Flare Blitz|p2a: Indeedee\n|-damage|p2a: Indeedee|3\/100\n|-status|p2a: Indeedee|brn\n|-damage|p1b: Incineroar|42\/100|[from] Recoil\n|move|p2b: Clefairy|Stealth Rock|p1b: Incineroar\n|-sidestart|p1: Team715|move: Stealth Rock\n|move|p2a: Indeedee|Trick Room|p2a: Indeedee\n|-fieldstart|move: Trick Room|[of] p2a: Indeedee\n|\n|-heal|p2b: Clefairy|55\/100|[from] Grassy Terrain\n|-heal|p1b: Incineroar|48\/100|[from] Grassy Terrain\n|-heal|p2a: Indeedee|9\/100 brn|[from] Grassy Terrain\n|-heal|p1a: Rillaboom|89\/100|[from] Grassy Terrain\n|-damage|p2a: Indeedee|3\/100 brn|[from] brn\n|upkeep\n|turn|6\n|inactive|Battle timer is ON: inactive players will automatically lose when time's up. (requested by Team715)\n|j| ademerald\n|\n|t:|1739298751\n|switch|p2a: Annihilape|Annihilape, L50, F|100\/100\n|move|p2b: Clefairy|Dazzling Gleam|p1a: Rillaboom|[spread] p1a,p1b\n|-damage|p1a: Rillaboom|83\/100\n|-damage|p1b: Incineroar|41\/100\n|move|p1b: Incineroar|Parting Shot|p2b: Clefairy\n|-unboost|p2b: Clefairy|atk|1\n|-unboost|p2b: Clefairy|spa|1\n|j| Funn yIy\n|\n|t:|1739298770\n|switch|p1b: Urshifu|Urshifu, L50, M|56\/100|[from] Parting Shot\n|-damage|p1b: Urshifu|50\/100|[from] Stealth Rock\n|move|p1a: Rillaboom|U-turn|p2a: Annihilape\n|-resisted|p2a: Annihilape\n|-crit|p2a: Annihilape\n|-damage|p2a: Annihilape|94\/100\n|\n|t:|1739298777\n|switch|p1a: Calyrex|Calyrex-Shadow, L50, tera:Normal|93\/100|[from] U-turn\n|-ability|p1a: Calyrex|As One\n|-ability|p1a: Calyrex|Unnerve\n|-damage|p1a: Calyrex|81\/100|[from] Stealth Rock\n|\n|-heal|p2b: Clefairy|62\/100|[from] Grassy Terrain\n|-heal|p2a: Annihilape|100\/100|[from] Grassy Terrain\n|-heal|p1b: Urshifu|56\/100|[from] Grassy Terrain\n|-heal|p1a: Calyrex|86\/100|[from] Grassy Terrain\n|upkeep\n|turn|7\n|inactive|Team715 has 30 seconds left.\n|inactive|Team715 has 20 seconds left.\n|\n|t:|1739298814\n|move|p1b: Urshifu|Detect|p1b: Urshifu\n|-singleturn|p1b: Urshifu|Protect\n|move|p2b: Clefairy|Dazzling Gleam|p1a: Calyrex|[spread] p1a\n|-activate|p1b: Urshifu|move: Protect\n|-damage|p1a: Calyrex|80\/100\n|move|p2a: Annihilape|Drain Punch|p1a: Calyrex\n|-supereffective|p1a: Calyrex\n|-damage|p1a: Calyrex|24\/100\n|move|p1a: Calyrex|Astral Barrage|p2b: Clefairy|[spread] p2a,p2b\n|-supereffective|p2a: Annihilape\n|-damage|p2a: Annihilape|44\/100\n|-damage|p2b: Clefairy|20\/100\n|\n|-heal|p2b: Clefairy|26\/100|[from] Grassy Terrain\n|-heal|p2a: Annihilape|50\/100|[from] Grassy Terrain\n|-heal|p2a: Annihilape|56\/100|[from] item: Leftovers\n|-heal|p1b: Urshifu|62\/100|[from] Grassy Terrain\n|-heal|p1a: Calyrex|30\/100|[from] Grassy Terrain\n|upkeep\n|turn|8\n|inactive|Team715 has 30 seconds left.\n|inactive|Team715 has 20 seconds left.\n|\n|t:|1739298852\n|switch|p1a: Rillaboom|Rillaboom, L50, M, shiny|83\/100\n|-damage|p1a: Rillaboom|71\/100|[from] Stealth Rock\n|move|p1b: Urshifu|Sucker Punch|p2a: Annihilape\n|-damage|p2a: Annihilape|30\/100\n|move|p2b: Clefairy|Dazzling Gleam|p1a: Rillaboom|[spread] p1a,p1b\n|-supereffective|p1b: Urshifu\n|-damage|p1a: Rillaboom|66\/100\n|-damage|p1b: Urshifu|20\/100\n|move|p2a: Annihilape|Drain Punch|p1b: Urshifu\n|-supereffective|p1b: Urshifu\n|-damage|p1b: Urshifu|0 fnt\n|-heal|p2a: Annihilape|39\/100|[from] drain|[of] p1b: Urshifu\n|faint|p1b: Urshifu\n|\n|-heal|p2b: Clefairy|33\/100|[from] Grassy Terrain\n|-heal|p1a: Rillaboom|72\/100|[from] Grassy Terrain\n|-heal|p2a: Annihilape|45\/100|[from] Grassy Terrain\n|-heal|p2a: Annihilape|51\/100|[from] item: Leftovers\n|-fieldend|move: Grassy Terrain\n|upkeep\n|\n|t:|1739298866\n|switch|p1b: Calyrex|Calyrex-Shadow, L50, tera:Normal|30\/100\n|-ability|p1b: Calyrex|As One\n|-ability|p1b: Calyrex|Unnerve\n|-damage|p1b: Calyrex|18\/100|[from] Stealth Rock\n|turn|9\n|\n|t:|1739298888\n|move|p1b: Calyrex|Protect|p1b: Calyrex\n|-singleturn|p1b: Calyrex|Protect\n|move|p2b: Clefairy|Dazzling Gleam|p1a: Rillaboom|[spread] p1a\n|-activate|p1b: Calyrex|move: Protect\n|-crit|p1a: Rillaboom\n|-damage|p1a: Rillaboom|57\/100\n|move|p1a: Rillaboom|Wood Hammer|p2b: Clefairy\n|-damage|p2b: Clefairy|0 fnt\n|faint|p2b: Clefairy\n|-damage|p1a: Rillaboom|48\/100|[from] Recoil\n|move|p2a: Annihilape|Rage Fist|p1a: Rillaboom\n|-damage|p1a: Rillaboom|0 fnt\n|faint|p1a: Rillaboom\n|\n|-heal|p2a: Annihilape|58\/100|[from] item: Leftovers\n|-fieldend|move: Trick Room\n|upkeep\n|\n|t:|1739298907\n|switch|p1a: Incineroar|Incineroar, L50, M, shiny|41\/100\n|switch|p2b: Calyrex|Calyrex-Shadow, L50, tera:Stellar|1\/100\n|-ability|p2b: Calyrex|As One\n|-ability|p2b: Calyrex|Unnerve\n|-damage|p1a: Incineroar|16\/100|[from] Stealth Rock\n|-ability|p1a: Incineroar|Intimidate|boost\n|-unboost|p2a: Annihilape|atk|1\n|-ability|p2a: Annihilape|Defiant|boost\n|-boost|p2a: Annihilape|atk|2\n|-unboost|p2b: Calyrex|atk|1\n|turn|10\n|c|\u2606gieoeo|Speed tie time\n|c|\u2606gieoeo|Gg\n|\n|t:|1739298932\n|move|p2b: Calyrex|Expanding Force|p1b: Calyrex\n|-damage|p1b: Calyrex|0 fnt\n|faint|p1b: Calyrex\n|-ability|p2b: Calyrex|Grim Neigh|boost\n|-boost|p2b: Calyrex|spa|1\n|move|p2a: Annihilape|Drain Punch|p1a: Incineroar\n|-supereffective|p1a: Incineroar\n|-damage|p1a: Incineroar|0 fnt\n|-heal|p2a: Annihilape|65\/100|[from] drain|[of] p1a: Incineroar\n|faint|p1a: Incineroar\n|\n|win|gieoeo\n|raw|Team715's rating: 1574 &rarr; <strong>1554<\/strong><br \/>(-20 for losing)\n|raw|gieoeo's rating: 1569 &rarr; <strong>1589<\/strong><br \/>(+20 for winning)\n|l|\u2606gieoeo\n|player|p2|\n|l|\u2606Team715\n|player|p1|\n|l| ademerald\n","uploadtime":1739299168,"views":4,"formatid":"gen9vgc2025regg","rating":1554,"private":0,"password":null}