{"id":"gen9vgc2025regg-2298092355","format":"[Gen 9] VGC 2025 Reg G","players":["bluestraggler02","Trudley798578"],"log":"|j|\u203dbluestraggler02\n|j|\u2606Trudley798578\n|t:|1739207373\n|gametype|doubles\n|player|p1|bluestraggler02|265|1573\n|player|p2|Trudley798578|169|1635\n|teamsize|p1|6\n|teamsize|p2|6\n|gen|9\n|tier|[Gen 9] VGC 2025 Reg G\n|rated|\n|rule|Species Clause: Limit one of each Pok\u00e9mon\n|rule|Item Clause: Limit 1 of each item\n|clearpoke\n|poke|p1|Zamazenta-*, L50|\n|poke|p1|Roaring Moon, L50|\n|poke|p1|Landorus, L50, M|\n|poke|p1|Pelipper, L50, M|\n|poke|p1|Urshifu-*, L50, M|\n|poke|p1|Amoonguss, L50, M|\n|poke|p2|Koraidon, L50|\n|poke|p2|Bronzong, L50|\n|poke|p2|Incineroar, L50, M|\n|poke|p2|Rillaboom, L50, F|\n|poke|p2|Flutter Mane, L50|\n|poke|p2|Walking Wake, L50|\n|teampreview|4\n|inactive|Battle timer is ON: inactive players will automatically lose when time's up. (requested by bluestraggler02)\nbluestraggler02 rejected open team sheets.\n|\n|t:|1739207410\n|start\n|switch|p1a: Zamazenta|Zamazenta-Crowned, L50|100\/100\n|switch|p1b: Roaring Moon|Roaring Moon, L50|100\/100\n|switch|p2a: Walking Wake|Walking Wake, L50|100\/100\n|switch|p2b: Incineroar|Incineroar, L50, M|100\/100\n|-ability|p1a: Zamazenta|Dauntless Shield|boost\n|-boost|p1a: Zamazenta|def|1\n|-ability|p2b: Incineroar|Intimidate|boost\n|-unboost|p1a: Zamazenta|atk|1\n|-unboost|p1b: Roaring Moon|atk|1\n|-enditem|p1b: Roaring Moon|Booster Energy\n|-activate|p1b: Roaring Moon|ability: Protosynthesis|[fromitem]\n|-start|p1b: Roaring Moon|protosynthesisspe\n|turn|1\n|inactive|Trudley798578 has 30 seconds left.\n|inactive|Trudley798578 has 20 seconds left.\n|inactive|Trudley798578 has 15 seconds left.\n|inactive|Trudley798578 has 10 seconds left.\n|\n|t:|1739207456\n|move|p1b: Roaring Moon|Protect|p1b: Roaring Moon\n|-singleturn|p1b: Roaring Moon|Protect\n|move|p1a: Zamazenta|Protect|p1a: Zamazenta\n|-singleturn|p1a: Zamazenta|Protect\n|move|p2b: Incineroar|Fake Out|p1b: Roaring Moon\n|-activate|p1b: Roaring Moon|move: Protect\n|move|p2a: Walking Wake|Draco Meteor|p1b: Roaring Moon\n|-activate|p1b: Roaring Moon|move: Protect\n|\n|upkeep\n|turn|2\n|inactive|Trudley798578 has 30 seconds left.\n|\n|t:|1739207482\n|switch|p2b: Koraidon|Koraidon, L50|100\/100\n|-weather|SunnyDay|[from] ability: Orichalcum Pulse|[of] p2b: Koraidon\n|-activate|p2a: Walking Wake|ability: Protosynthesis\n|-start|p2a: Walking Wake|protosynthesisspe\n|-activate|p2b: Koraidon|Orichalcum Pulse|[source]\n|-terastallize|p2a: Walking Wake|Fire\n|move|p1b: Roaring Moon|Tailwind|p1b: Roaring Moon\n|-sidestart|p1: bluestraggler02|move: Tailwind\n|move|p1a: Zamazenta|Body Press|p2b: Koraidon\n|-damage|p2b: Koraidon|35\/100\n|move|p2a: Walking Wake|Flamethrower|p1a: Zamazenta\n|-supereffective|p1a: Zamazenta\n|-damage|p1a: Zamazenta|0 fnt\n|faint|p1a: Zamazenta\n|-damage|p2a: Walking Wake|91\/100|[from] item: Life Orb\n|\n|-weather|SunnyDay|[upkeep]\n|upkeep\n|\n|t:|1739207498\n|switch|p1a: Landorus|Landorus, L50, M|100\/100\n|turn|3\n|\n|t:|1739207513\n|switch|p2b: Incineroar|Incineroar, L50, M|100\/100\n|-ability|p2b: Incineroar|Intimidate|boost\n|-unboost|p1a: Landorus|atk|1\n|-unboost|p1b: Roaring Moon|atk|1\n|move|p2a: Walking Wake|Protect|p2a: Walking Wake\n|-singleturn|p2a: Walking Wake|Protect\n|move|p1b: Roaring Moon|Acrobatics|p2b: Incineroar\n|-damage|p2b: Incineroar|82\/100\n|move|p1a: Landorus|Earth Power|p2a: Walking Wake\n|-activate|p2a: Walking Wake|move: Protect\n|\n|-weather|SunnyDay|[upkeep]\n|upkeep\n|turn|4\n|\n|t:|1739207531\n|move|p1b: Roaring Moon|Protect|p1b: Roaring Moon\n|-singleturn|p1b: Roaring Moon|Protect\n|move|p1a: Landorus|Protect|p1a: Landorus\n|-singleturn|p1a: Landorus|Protect\n|move|p2b: Incineroar|Fake Out|p1a: Landorus\n|-activate|p1a: Landorus|move: Protect\n|move|p2a: Walking Wake|Hydro Steam|p1a: Landorus\n|-activate|p1a: Landorus|move: Protect\n|\n|-weather|SunnyDay|[upkeep]\n|upkeep\n|turn|5\n|\n|t:|1739207556\n|move|p1b: Roaring Moon|Knock Off|p2b: Incineroar\n|-resisted|p2b: Incineroar\n|-damage|p2b: Incineroar|71\/100\n|-enditem|p2b: Incineroar|Sitrus Berry|[from] move: Knock Off|[of] p1b: Roaring Moon\n|move|p1a: Landorus|Sandsear Storm|p2a: Walking Wake|[spread] p2a,p2b\n|-supereffective|p2a: Walking Wake\n|-supereffective|p2b: Incineroar\n|-damage|p2a: Walking Wake|0 fnt\n|-damage|p2b: Incineroar|0 fnt\n|faint|p2a: Walking Wake\n|-end|p2a: Walking Wake|Protosynthesis|[silent]\n|faint|p2b: Incineroar\n|\n|-weather|SunnyDay|[upkeep]\n|-sideend|p1: bluestraggler02|move: Tailwind\n|upkeep\n|j| Baguettezzz\n|\n|t:|1739207564\n|switch|p2a: Flutter Mane|Flutter Mane, L50|100\/100\n|switch|p2b: Koraidon|Koraidon, L50|35\/100\n|-activate|p2b: Koraidon|ability: Orichalcum Pulse\n|-activate|p2a: Flutter Mane|ability: Protosynthesis\n|-start|p2a: Flutter Mane|protosynthesisspe\n|turn|6\n|\n|t:|1739207576\n|-end|p1b: Roaring Moon|Protosynthesis|[silent]\n|switch|p1b: Pelipper|Pelipper, L50, M|100\/100\n|-weather|RainDance|[from] ability: Drizzle|[of] p1b: Pelipper\n|-end|p2a: Flutter Mane|Protosynthesis\n|-terastallize|p1a: Landorus|Poison\n|move|p2b: Koraidon|Flare Blitz|p1a: Landorus\n|-damage|p1a: Landorus|79\/100\n|-damage|p2b: Koraidon|28\/100|[from] Recoil\n|move|p2a: Flutter Mane|Moonblast|p1b: Pelipper\n|-damage|p1b: Pelipper|3\/100\n|-unboost|p1b: Pelipper|spa|1\n|move|p1a: Landorus|Sandsear Storm|p2a: Flutter Mane|[spread] p2a,p2b\n|-damage|p2a: Flutter Mane|52\/100\n|-damage|p2b: Koraidon|0 fnt\n|faint|p2b: Koraidon\n|\n|-weather|RainDance|[upkeep]\n|upkeep\n|turn|7\n|-message|Trudley798578 forfeited.\n|\n|win|bluestraggler02\n|raw|bluestraggler02's rating: 1573 &rarr; <strong>1597<\/strong><br \/>(+24 for winning)\n|raw|Trudley798578's rating: 1635 &rarr; <strong>1611<\/strong><br \/>(-24 for losing)\n|l|\u2606Trudley798578\n|player|p2|\n|l|\u203dbluestraggler02\n|player|p1|\n|l| Baguettezzz\n","uploadtime":1739207790,"views":5,"formatid":"gen9vgc2025regg","rating":1597,"private":0,"password":null}