{"id":"gen9vgc2025regg-2298931155","format":"[Gen 9] VGC 2025 Reg G","players":["Zakmancho","TheFreshPrints"],"log":"|j|\u2606Zakmancho\n|j|\u2606TheFreshPrints\n|t:|1739309310\n|gametype|doubles\n|player|p1|Zakmancho|1|1567\n|player|p2|TheFreshPrints|102|1569\n|teamsize|p1|6\n|teamsize|p2|6\n|gen|9\n|tier|[Gen 9] VGC 2025 Reg G\n|rated|\n|rule|Species Clause: Limit one of each Pok\u00e9mon\n|rule|Item Clause: Limit 1 of each item\n|clearpoke\n|poke|p1|Koraidon, L50|\n|poke|p1|Chi-Yu, L50|\n|poke|p1|Flutter Mane, L50|\n|poke|p1|Ogerpon-Cornerstone, L50, F|\n|poke|p1|Raging Bolt, L50|\n|poke|p1|Whimsicott, L50, F|\n|poke|p2|Calyrex-Shadow, L50|\n|poke|p2|Chi-Yu, L50|\n|poke|p2|Tornadus, L50, M|\n|poke|p2|Indeedee-F, L50, F|\n|poke|p2|Urshifu-*, L50, M|\n|poke|p2|Iron Bundle, L50|\n|teampreview|4\n|inactive|Battle timer is ON: inactive players will automatically lose when time's up. (requested by Zakmancho)\n|inactive|TheFreshPrints has 60 seconds left.\n|\n|t:|1739309351\n|start\n|switch|p1a: Chi-Yu|Chi-Yu, L50|100\/100\n|switch|p1b: Whimsicott|Whimsicott, L50, F|100\/100\n|switch|p2a: Tornadus|Tornadus, L50, M|100\/100\n|switch|p2b: Chi-Yu|Chi-Yu, L50|100\/100\n|-ability|p2b: Chi-Yu|Beads of Ruin\n|-ability|p1a: Chi-Yu|Beads of Ruin\n|turn|1\n|\n|t:|1739309366\n|move|p1b: Whimsicott|Tailwind|p1b: Whimsicott\n|-sidestart|p1: Zakmancho|move: Tailwind\n|move|p1a: Chi-Yu|Snarl|p2b: Chi-Yu|[spread] p2a,p2b\n|-resisted|p2b: Chi-Yu\n|-damage|p2a: Tornadus|69\/100\n|-damage|p2b: Chi-Yu|87\/100\n|-unboost|p2a: Tornadus|spa|1\n|-unboost|p2b: Chi-Yu|spa|1\n|move|p2b: Chi-Yu|Heat Wave|p1b: Whimsicott|[spread] p1a,p1b\n|-resisted|p1a: Chi-Yu\n|-supereffective|p1b: Whimsicott\n|-damage|p1a: Chi-Yu|86\/100\n|-enditem|p1b: Whimsicott|Focus Sash\n|-damage|p1b: Whimsicott|1\/100\n|move|p2a: Tornadus|Bleakwind Storm|p1b: Whimsicott|[spread] p1a,p1b\n|-supereffective|p1b: Whimsicott\n|-damage|p1a: Chi-Yu|56\/100\n|-damage|p1b: Whimsicott|0 fnt\n|faint|p1b: Whimsicott\n|\n|upkeep\n|inactive|Zakmancho has 30 seconds left.\n|\n|t:|1739309399\n|switch|p1b: Koraidon|Koraidon, L50|100\/100\n|-weather|SunnyDay|[from] ability: Orichalcum Pulse|[of] p1b: Koraidon\n|-activate|p1b: Koraidon|Orichalcum Pulse|[source]\n|turn|2\n|\n|t:|1739309412\n|-terastallize|p1b: Koraidon|Fire\n|move|p2a: Tornadus|Tailwind|p2a: Tornadus\n|-sidestart|p2: TheFreshPrints|move: Tailwind\n|move|p2b: Chi-Yu|Heat Wave|p1a: Chi-Yu|[spread] p1a,p1b\n|-resisted|p1a: Chi-Yu\n|-resisted|p1b: Koraidon\n|-crit|p1b: Koraidon\n|-damage|p1a: Chi-Yu|34\/100\n|-damage|p1b: Koraidon|33\/100\n|move|p1a: Chi-Yu|Snarl|p2a: Tornadus|[spread] p2a,p2b\n|-resisted|p2b: Chi-Yu\n|-damage|p2a: Tornadus|35\/100\n|-damage|p2b: Chi-Yu|75\/100\n|-unboost|p2a: Tornadus|spa|1\n|-unboost|p2b: Chi-Yu|spa|1\n|move|p1b: Koraidon|Flame Charge|p2a: Tornadus\n|-damage|p2a: Tornadus|0 fnt\n|-boost|p1b: Koraidon|spe|1\n|faint|p2a: Tornadus\n|\n|-weather|SunnyDay|[upkeep]\n|upkeep\n|\n|t:|1739309434\n|switch|p2a: Iron Bundle|Iron Bundle, L50|100\/100\n|-enditem|p2a: Iron Bundle|Booster Energy\n|-activate|p2a: Iron Bundle|ability: Quark Drive|[fromitem]\n|-start|p2a: Iron Bundle|quarkdrivespe\n|turn|3\n|j| Meiser63\n|\n|t:|1739309447\n|move|p2a: Iron Bundle|Icy Wind|p1b: Koraidon|[spread] p1a,p1b\n|-resisted|p1a: Chi-Yu\n|-resisted|p1b: Koraidon\n|-damage|p1a: Chi-Yu|23\/100\n|-damage|p1b: Koraidon|19\/100\n|-unboost|p1a: Chi-Yu|spe|1\n|move|p1b: Koraidon|Flame Charge|p2a: Iron Bundle\n|-crit|p2a: Iron Bundle\n|-damage|p2a: Iron Bundle|0 fnt\n|-boost|p1b: Koraidon|spe|1\n|faint|p2a: Iron Bundle\n|-end|p2a: Iron Bundle|Quark Drive|[silent]\n|move|p2b: Chi-Yu|Heat Wave|p1b: Koraidon|[spread] p1a,p1b\n|-resisted|p1a: Chi-Yu\n|-resisted|p1b: Koraidon\n|-damage|p1a: Chi-Yu|7\/100\n|-damage|p1b: Koraidon|0 fnt\n|faint|p1b: Koraidon\n|move|p1a: Chi-Yu|Snarl|p2b: Chi-Yu\n|-resisted|p2b: Chi-Yu\n|-damage|p2b: Chi-Yu|57\/100\n|-unboost|p2b: Chi-Yu|spa|1\n|\n|-weather|SunnyDay|[upkeep]\n|upkeep\n|\n|t:|1739309463\n|switch|p2a: Calyrex|Calyrex-Shadow, L50|100\/100\n|switch|p1b: Raging Bolt|Raging Bolt, L50|100\/100\n|-ability|p2a: Calyrex|As One\n|-ability|p2a: Calyrex|Unnerve\n|-activate|p1b: Raging Bolt|ability: Protosynthesis\n|-start|p1b: Raging Bolt|protosynthesisspa\n|turn|4\n|\n|t:|1739309473\n|move|p1b: Raging Bolt|Thunderclap|p2b: Chi-Yu\n|-damage|p2b: Chi-Yu|0 fnt\n|faint|p2b: Chi-Yu\n|move|p2a: Calyrex|Astral Barrage|p1a: Chi-Yu|[spread] p1a,p1b\n|-resisted|p1a: Chi-Yu\n|-damage|p1a: Chi-Yu|0 fnt\n|-damage|p1b: Raging Bolt|50\/100\n|faint|p1a: Chi-Yu\n|-ability|p2a: Calyrex|Grim Neigh|boost\n|-boost|p2a: Calyrex|spa|1\n|-damage|p2a: Calyrex|91\/100|[from] item: Life Orb\n|\n|-weather|SunnyDay|[upkeep]\n|-sideend|p1: Zakmancho|move: Tailwind\n|upkeep\n|turn|5\n|\n|t:|1739309485\n|move|p1b: Raging Bolt|Thunderclap|p2a: Calyrex\n|-damage|p2a: Calyrex|38\/100\n|move|p2a: Calyrex|Astral Barrage|p1b: Raging Bolt\n|-damage|p1b: Raging Bolt|0 fnt\n|faint|p1b: Raging Bolt\n|-end|p1b: Raging Bolt|Protosynthesis|[silent]\n|-damage|p2a: Calyrex|28\/100|[from] item: Life Orb\n|\n|win|TheFreshPrints\n|raw|Zakmancho's rating: 1567 &rarr; <strong>1547<\/strong><br \/>(-20 for losing)\n|raw|TheFreshPrints's rating: 1569 &rarr; <strong>1589<\/strong><br \/>(+20 for winning)\n|l|\u2606Zakmancho\n|player|p1|\n|l|\u2606TheFreshPrints\n|player|p2|\n|l| Meiser63\n","uploadtime":1739309640,"views":5,"formatid":"gen9vgc2025regg","rating":1547,"private":0,"password":null}