{"id":"gen9vgc2025regg-2298101128","format":"[Gen 9] VGC 2025 Reg G","players":["Exaltold","koji muranishi"],"log":"|j|\u2606Exaltold\n|j|\u2606koji muranishi\n|t:|1739208232\n|gametype|doubles\n|player|p1|Exaltold|miku-psychic|1538\n|player|p2|koji muranishi|2|1699\n|teamsize|p1|6\n|teamsize|p2|6\n|gen|9\n|tier|[Gen 9] VGC 2025 Reg G\n|rated|\n|rule|Species Clause: Limit one of each Pok\u00e9mon\n|rule|Item Clause: Limit 1 of each item\n|clearpoke\n|poke|p1|Alcremie, L50, F|\n|poke|p1|Calyrex-Ice, L50|\n|poke|p1|Ursaluna-Bloodmoon, L50, M|\n|poke|p1|Incineroar, L50, F|\n|poke|p1|Indeedee-F, L50, F|\n|poke|p1|Ogerpon-Wellspring, L50, F|\n|poke|p2|Whimsicott, L50, M|\n|poke|p2|Calyrex-Ice, L50|\n|poke|p2|Urshifu-*, L50, F|\n|poke|p2|Chi-Yu, L50|\n|poke|p2|Raging Bolt, L50|\n|poke|p2|Landorus, L50, M|\n|teampreview|4\n|inactive|Battle timer is ON: inactive players will automatically lose when time's up. (requested by Exaltold)\n|inactive|koji muranishi has 60 seconds left.\n|\n|t:|1739208269\n|start\n|switch|p1a: Calyrex|Calyrex-Ice, L50|100\/100\n|switch|p1b: Ogerpon|Ogerpon-Wellspring, L50, F|100\/100\n|switch|p2a: Chi-Yu|Chi-Yu, L50|100\/100\n|switch|p2b: Landorus|Landorus, L50, M|100\/100\n|-ability|p1a: Calyrex|As One\n|-ability|p1a: Calyrex|Unnerve\n|-ability|p2a: Chi-Yu|Beads of Ruin\n|turn|1\n|inactive|koji muranishi has 30 seconds left.\n|\n|t:|1739208297\n|-terastallize|p2b: Landorus|Water\n|-terastallize|p1b: Ogerpon|Water\n|detailschange|p1b: Ogerpon|Ogerpon-Wellspring-Tera, L50, F, tera:Water\n|-ability|p1b: Ogerpon|Embody Aspect (Wellspring)|boost\n|-boost|p1b: Ogerpon|spd|1\n|move|p1a: Calyrex|Protect|p1a: Calyrex\n|-singleturn|p1a: Calyrex|Protect\n|move|p2b: Landorus|Sandsear Storm|p1a: Calyrex|[spread] p1b\n|-activate|p1a: Calyrex|move: Protect\n|-damage|p1b: Ogerpon|42\/100\n|move|p2a: Chi-Yu|Overheat|p1a: Calyrex\n|-activate|p1a: Calyrex|move: Protect\n|move|p1b: Ogerpon|Ivy Cudgel|p2a: Chi-Yu|[anim] Ivy Cudgel Water\n|-supereffective|p2a: Chi-Yu\n|-damage|p2a: Chi-Yu|0 fnt\n|faint|p2a: Chi-Yu\n|\n|upkeep\n|inactive|koji muranishi has 30 seconds left.\n|inactive|koji muranishi has 20 seconds left.\n|\n|t:|1739208333\n|switch|p2a: Calyrex|Calyrex-Ice, L50|100\/100\n|-ability|p2a: Calyrex|As One\n|-ability|p2a: Calyrex|Unnerve\n|turn|2\n|\n|t:|1739208339\n|move|p2b: Landorus|Sandsear Storm|p1a: Calyrex|[spread] p1a,p1b\n|-damage|p1a: Calyrex|58\/100\n|-damage|p1b: Ogerpon|2\/100\n|move|p1b: Ogerpon|Wood Hammer|p2b: Landorus\n|-supereffective|p2b: Landorus\n|-damage|p2b: Landorus|0 fnt\n|faint|p2b: Landorus\n|-damage|p1b: Ogerpon|0 fnt|[from] Recoil\n|faint|p1b: Ogerpon\n|move|p2a: Calyrex|Glacial Lance|p1a: Calyrex\n|-resisted|p1a: Calyrex\n|-damage|p1a: Calyrex|28\/100\n|move|p1a: Calyrex|Trick Room|p1a: Calyrex\n|-fieldstart|move: Trick Room|[of] p1a: Calyrex\n|\n|upkeep\n|\n|t:|1739208354\n|switch|p1b: Alcremie|Alcremie, L50, F, shiny|100\/100\n|switch|p2b: Whimsicott|Whimsicott, L50, M|100\/100\n|turn|3\n|\n|t:|1739208369\n|switch|p1a: Incineroar|Incineroar, L50, F|100\/100\n|-ability|p1a: Incineroar|Intimidate|boost\n|-unboost|p2a: Calyrex|atk|1\n|-unboost|p2b: Whimsicott|atk|1\n|move|p2b: Whimsicott|Encore|p1a: Incineroar\n|-hint|Since gen 7, Dark is immune to Prankster moves.\n|-immune|p1a: Incineroar\n|move|p1b: Alcremie|Alluring Voice|p2b: Whimsicott\n|-damage|p2b: Whimsicott|48\/100\n|move|p2a: Calyrex|Glacial Lance|p1b: Alcremie|[spread] p1a,p1b\n|-resisted|p1a: Incineroar\n|-damage|p1a: Incineroar|80\/100\n|-damage|p1b: Alcremie|39\/100\n|\n|upkeep\n|turn|4\n|\n|t:|1739208387\n|move|p1a: Incineroar|Fake Out|p2a: Calyrex\n|-damage|p2a: Calyrex|92\/100\n|move|p1b: Alcremie|Alluring Voice|p2b: Whimsicott\n|-damage|p2b: Whimsicott|0 fnt\n|faint|p2b: Whimsicott\n|cant|p2a: Calyrex|flinch\n|\n|upkeep\n|turn|5\n|\n|t:|1739208406\n|switch|p1a: Calyrex|Calyrex-Ice, L50|28\/100\n|-ability|p1a: Calyrex|As One\n|-ability|p1a: Calyrex|Unnerve\n|move|p1b: Alcremie|Protect|p1b: Alcremie\n|-singleturn|p1b: Alcremie|Protect\n|move|p2a: Calyrex|Glacial Lance|p1b: Alcremie|[spread] p1a\n|-activate|p1b: Alcremie|move: Protect\n|-resisted|p1a: Calyrex\n|-damage|p1a: Calyrex|11\/100\n|\n|upkeep\n|turn|6\n|\n|t:|1739208419\n|switch|p1b: Incineroar|Incineroar, L50, F|80\/100\n|-ability|p1b: Incineroar|Intimidate|boost\n|-unboost|p2a: Calyrex|atk|1\n|move|p1a: Calyrex|High Horsepower|p2a: Calyrex\n|-damage|p2a: Calyrex|61\/100\n|move|p2a: Calyrex|Glacial Lance|p1b: Incineroar|[spread] p1a,p1b\n|-resisted|p1a: Calyrex\n|-resisted|p1b: Incineroar\n|-damage|p1a: Calyrex|0 fnt\n|-damage|p1b: Incineroar|65\/100\n|faint|p1a: Calyrex\n|-ability|p2a: Calyrex|Chilling Neigh|boost\n|-boost|p2a: Calyrex|atk|1\n|\n|-fieldend|move: Trick Room\n|upkeep\n|\n|t:|1739208422\n|switch|p1a: Alcremie|Alcremie, L50, F, shiny|39\/100\n|turn|7\n|\n|t:|1739208436\n|move|p1b: Incineroar|Fake Out|p2a: Calyrex\n|-damage|p2a: Calyrex|53\/100\n|cant|p2a: Calyrex|flinch\n|move|p1a: Alcremie|Decorate|p1b: Incineroar\n|-boost|p1b: Incineroar|atk|2\n|-boost|p1b: Incineroar|spa|2\n|\n|upkeep\n|turn|8\n|\n|t:|1739208445\n|move|p2a: Calyrex|Glacial Lance|p1a: Alcremie|[spread] p1a,p1b\n|-resisted|p1b: Incineroar\n|-damage|p1a: Alcremie|0 fnt\n|-damage|p1b: Incineroar|45\/100\n|faint|p1a: Alcremie\n|-ability|p2a: Calyrex|Chilling Neigh|boost\n|-boost|p2a: Calyrex|atk|1\n|move|p1b: Incineroar|Flare Blitz|p2a: Calyrex\n|-supereffective|p2a: Calyrex\n|-damage|p2a: Calyrex|0 fnt\n|faint|p2a: Calyrex\n|-damage|p1b: Incineroar|30\/100|[from] Recoil\n|\n|win|Exaltold\n|raw|Exaltold's rating: 1538 &rarr; <strong>1567<\/strong><br \/>(+29 for winning)\n|raw|koji muranishi's rating: 1699 &rarr; <strong>1670<\/strong><br \/>(-29 for losing)\n|l|\u2606koji muranishi\n|player|p2|\n|l|\u2606Exaltold\n|player|p1|\n","uploadtime":1739208620,"views":40,"formatid":"gen9vgc2025regg","rating":1567,"private":0,"password":null}