{"id":"gen9vgc2025regg-2298493476","format":"[Gen 9] VGC 2025 Reg G","players":["BellmanTGM","chappell murkroan"],"log":"|j|\u2606BellmanTGM\n|j|\u2606chappell murkroan\n|t:|1739255547\n|gametype|doubles\n|player|p1|BellmanTGM|pokefan-gen4|1524\n|player|p2|chappell murkroan|caitlin|1548\n|teamsize|p1|6\n|teamsize|p2|6\n|gen|9\n|tier|[Gen 9] VGC 2025 Reg G\n|rated|\n|rule|Species Clause: Limit one of each Pok\u00e9mon\n|rule|Item Clause: Limit 1 of each item\n|clearpoke\n|poke|p1|Terapagos, L50, M|\n|poke|p1|Indeedee-F, L50, F|\n|poke|p1|Ogerpon-Cornerstone, L50, F|\n|poke|p1|Urshifu-*, L50, F|\n|poke|p1|Tornadus, L50, M|\n|poke|p1|Clefairy, L50, F|\n|poke|p2|Slowking, L50, M|\n|poke|p2|Weezing-Galar, L50, M|\n|poke|p2|Baxcalibur, L50, M|\n|poke|p2|Kyogre, L50|\n|poke|p2|Indeedee-F, L50, F|\n|poke|p2|Smeargle, L50, F|\n|teampreview|4\n|inactive|Battle timer is ON: inactive players will automatically lose when time's up. (requested by chappell murkroan)\n|inactive|BellmanTGM also wants the timer to be on.\n|inactive|BellmanTGM has 60 seconds left.\n|inactive|chappell murkroan has 60 seconds left.\n|inactive|BellmanTGM has 30 seconds left.\n|inactive|BellmanTGM has 20 seconds left.\n|inactive|BellmanTGM has 15 seconds left.\n|inactive|BellmanTGM has 10 seconds left.\n|\n|t:|1739255628\n|start\n|switch|p1a: Terapagos|Terapagos, L50, M|100\/100\n|switch|p1b: Indeedee|Indeedee-F, L50, F|100\/100\n|switch|p2a: Kyogre|Kyogre, L50|100\/100\n|switch|p2b: Indeedee|Indeedee-F, L50, F|100\/100\n|-activate|p1a: Terapagos|ability: Tera Shift\n|detailschange|p1a: Terapagos|Terapagos-Terastal, L50, M\n|-heal|p1a: Terapagos|100\/100|[silent]\n|-weather|RainDance|[from] ability: Drizzle|[of] p2a: Kyogre\n|-fieldstart|move: Psychic Terrain|[from] ability: Psychic Surge|[of] p1b: Indeedee\n|-enditem|p1b: Indeedee|Psychic Seed\n|-boost|p1b: Indeedee|spd|1|[from] item: Psychic Seed\n|turn|1\n|inactive|BellmanTGM has 30 seconds left.\n|\n|t:|1739255661\n|switch|p2b: Weezing|Weezing-Galar, L50, M|100\/100\n|-ability|p2b: Weezing|Neutralizing Gas\n|-terastallize|p2a: Kyogre|Water\n|-terastallize|p1a: Terapagos|Stellar\n|detailschange|p1a: Terapagos|Terapagos-Stellar, L50, M, tera:Stellar\n|-heal|p1a: Terapagos|100\/100|[silent]\n|move|p1b: Indeedee|Fake Out|p2a: Kyogre\n|-activate|p2a: Kyogre|move: Psychic Terrain\n|move|p2a: Kyogre|Water Spout|p1a: Terapagos|[spread] p1a,p1b\n|-crit|p1b: Indeedee\n|-damage|p1a: Terapagos|23\/100\n|-damage|p1b: Indeedee|0 fnt\n|faint|p1b: Indeedee\n|move|p1a: Terapagos|Tera Starstorm|p2b: Weezing|[spread] p2a,p2b\n|-supereffective|p2a: Kyogre\n|-damage|p2a: Kyogre|11\/100\n|-damage|p2b: Weezing|52\/100\n|\n|-weather|RainDance|[upkeep]\n|upkeep\n|\n|t:|1739255682\n|switch|p1b: Ogerpon|Ogerpon-Cornerstone, L50, F|100\/100\n|turn|2\n|\n|t:|1739255696\n|switch|p2a: Indeedee|Indeedee-F, L50, F|100\/100\n|move|p1b: Ogerpon|Ivy Cudgel|p2b: Weezing|[anim] Ivy Cudgel Rock\n|-damage|p2b: Weezing|0 fnt\n|faint|p2b: Weezing\n|-end|p2b: Weezing|ability: Neutralizing Gas\n|move|p1a: Terapagos|Tera Starstorm|p2a: Indeedee\n|-damage|p2a: Indeedee|22\/100\n|\n|-weather|RainDance|[upkeep]\n|upkeep\n|\n|t:|1739255710\n|switch|p2b: Kyogre|Kyogre, L50, tera:Water|11\/100\n|turn|3\n|\n|t:|1739255722\n|move|p1b: Ogerpon|Spiky Shield|p1b: Ogerpon\n|-singleturn|p1b: Ogerpon|move: Protect\n|move|p2a: Indeedee|Follow Me|p2a: Indeedee\n|-singleturn|p2a: Indeedee|move: Follow Me\n|move|p2b: Kyogre|Origin Pulse|p1a: Terapagos|[spread] p1a\n|-activate|p1b: Ogerpon|move: Protect\n|-damage|p1a: Terapagos|0 fnt\n|faint|p1a: Terapagos\n|\n|-weather|RainDance|[upkeep]\n|upkeep\n|\n|t:|1739255729\n|switch|p1a: Urshifu|Urshifu-Rapid-Strike, L50, F|100\/100\n|turn|4\n|\n|t:|1739255743\n|move|p2a: Indeedee|Helping Hand|p2b: Kyogre\n|-singleturn|p2b: Kyogre|Helping Hand|[of] p2a: Indeedee\n|move|p2b: Kyogre|Origin Pulse|p1b: Ogerpon|[spread] p1a,p1b\n|-resisted|p1a: Urshifu\n|-enditem|p1a: Urshifu|Focus Sash\n|-damage|p1a: Urshifu|1\/100\n|-ability|p1b: Ogerpon|Sturdy\n|-damage|p1b: Ogerpon|1\/100\n|move|p1b: Ogerpon|Ivy Cudgel|p2b: Kyogre|[anim] Ivy Cudgel Rock\n|-damage|p2b: Kyogre|0 fnt\n|faint|p2b: Kyogre\n|move|p1a: Urshifu|Surging Strikes|p2a: Indeedee\n|-crit|p2a: Indeedee\n|-damage|p2a: Indeedee|0 fnt\n|-damage|p1a: Urshifu|0 fnt|[from] item: Rocky Helmet|[of] p2a: Indeedee\n|faint|p2a: Indeedee\n|faint|p1a: Urshifu\n|-hitcount|p2: Indeedee|1\n|\n|-weather|RainDance|[upkeep]\n|upkeep\n|\n|t:|1739255753\n|switch|p2b: Baxcalibur|Baxcalibur, L50, M|100\/100\n|turn|5\n|\n|t:|1739255767\n|move|p1b: Ogerpon|Ivy Cudgel|p2b: Baxcalibur|[anim] Ivy Cudgel Rock\n|-supereffective|p2b: Baxcalibur\n|-damage|p2b: Baxcalibur|0 fnt\n|faint|p2b: Baxcalibur\n|\n|win|BellmanTGM\n|raw|BellmanTGM's rating: 1524 &rarr; <strong>1545<\/strong><br \/>(+21 for winning)\n|raw|chappell murkroan's rating: 1548 &rarr; <strong>1527<\/strong><br \/>(-21 for losing)\n|l|\u2606BellmanTGM\n|player|p1|\n","uploadtime":1739256002,"views":5,"formatid":"gen9vgc2025regg","rating":1527,"private":0,"password":null}