{"id":"gen9vgc2025regg-2298876804","format":"[Gen 9] VGC 2025 Reg G","players":["BLiiNDProdiigy","test-on-calls"],"log":"|j|\u2606BLiiNDProdiigy\n|j|\u2606test-on-calls\n|t:|1739303736\n|gametype|doubles\n|player|p1|BLiiNDProdiigy|rocketgrunt|1574\n|player|p2|test-on-calls|169|1730\n|teamsize|p1|6\n|teamsize|p2|6\n|gen|9\n|tier|[Gen 9] VGC 2025 Reg G\n|rated|\n|rule|Species Clause: Limit one of each Pok\u00e9mon\n|rule|Item Clause: Limit 1 of each item\n|clearpoke\n|poke|p1|Terapagos, L50, M|\n|poke|p1|Incineroar, L50, F|\n|poke|p1|Rillaboom, L50, M|\n|poke|p1|Urshifu-*, L50, M|\n|poke|p1|Flutter Mane, L50|\n|poke|p1|Ogerpon-Hearthflame, L50, F|\n|poke|p2|Flutter Mane, L50|\n|poke|p2|Groudon, L50|\n|poke|p2|Chi-Yu, L50|\n|poke|p2|Whimsicott, L50, M|\n|poke|p2|Toxapex, L50, F|\n|poke|p2|Zapdos-Galar, L50|\n|teampreview|4\n|\n|t:|1739303765\n|start\n|switch|p1a: Terapagos|Terapagos, L50, M|100\/100\n|switch|p1b: Flutter Mane|Flutter Mane, L50|100\/100\n|switch|p2a: Whimsicott|Whimsicott, L50, M|100\/100\n|switch|p2b: Zapdos|Zapdos-Galar, L50, shiny|100\/100\n|-activate|p1a: Terapagos|ability: Tera Shift\n|detailschange|p1a: Terapagos|Terapagos-Terastal, L50, M\n|-heal|p1a: Terapagos|100\/100|[silent]\n|-enditem|p1b: Flutter Mane|Booster Energy\n|-activate|p1b: Flutter Mane|ability: Protosynthesis|[fromitem]\n|-start|p1b: Flutter Mane|protosynthesisspe\n|turn|1\n|\n|t:|1739303777\n|move|p2b: Zapdos|Detect|p2b: Zapdos\n|-singleturn|p2b: Zapdos|Protect\n|move|p2a: Whimsicott|Tailwind|p2a: Whimsicott\n|-sidestart|p2: test-on-calls|move: Tailwind\n|move|p1b: Flutter Mane|Moonblast|p2b: Zapdos\n|-activate|p2b: Zapdos|move: Protect\n|move|p1a: Terapagos|Substitute|p1a: Terapagos\n|-start|p1a: Terapagos|Substitute\n|-damage|p1a: Terapagos|76\/100\n|\n|-heal|p1a: Terapagos|82\/100|[from] item: Leftovers\n|upkeep\n|turn|2\n|\n|t:|1739303788\n|-end|p1b: Flutter Mane|Protosynthesis|[silent]\n|switch|p1b: Ogerpon|Ogerpon-Hearthflame, L50, F|100\/100\n|-ability|p1b: Ogerpon|Mold Breaker\n|-terastallize|p2b: Zapdos|Steel\n|move|p1a: Terapagos|Protect|p1a: Terapagos\n|-singleturn|p1a: Terapagos|Protect\n|move|p2a: Whimsicott|Encore|p1a: Terapagos\n|-activate|p1a: Terapagos|move: Protect\n|move|p2b: Zapdos|Close Combat|p1a: Terapagos\n|-activate|p1a: Terapagos|move: Protect\n|\n|-heal|p1a: Terapagos|87\/100|[from] item: Leftovers\n|upkeep\n|turn|3\n|\n|t:|1739303797\n|-terastallize|p1a: Terapagos|Stellar\n|detailschange|p1a: Terapagos|Terapagos-Stellar, L50, M, tera:Stellar\n|-heal|p1a: Terapagos|91\/100|[silent]\n|move|p1b: Ogerpon|Follow Me|p1b: Ogerpon\n|-singleturn|p1b: Ogerpon|move: Follow Me\n|move|p2a: Whimsicott|Moonblast|p1b: Ogerpon\n|-resisted|p1b: Ogerpon\n|-damage|p1b: Ogerpon|82\/100\n|move|p2b: Zapdos|Brave Bird|p1b: Ogerpon\n|-supereffective|p1b: Ogerpon\n|-damage|p1b: Ogerpon|0 fnt\n|faint|p1b: Ogerpon\n|-damage|p2b: Zapdos|72\/100|[from] Recoil\n|move|p1a: Terapagos|Tera Starstorm|p2a: Whimsicott|[spread] p2a,p2b\n|-supereffective|p2b: Zapdos\n|-damage|p2a: Whimsicott|42\/100\n|-damage|p2b: Zapdos|0 fnt\n|faint|p2b: Zapdos\n|\n|-heal|p1a: Terapagos|97\/100|[from] item: Leftovers\n|upkeep\n|\n|t:|1739303804\n|switch|p2b: Groudon|Groudon, L50, shiny|100\/100\n|switch|p1b: Incineroar|Incineroar, L50, F|100\/100\n|-weather|SunnyDay|[from] ability: Drought|[of] p2b: Groudon\n|-ability|p1b: Incineroar|Intimidate|boost\n|-unboost|p2a: Whimsicott|atk|1\n|-unboost|p2b: Groudon|atk|1\n|turn|4\n|\n|t:|1739303810\n|move|p1b: Incineroar|Fake Out|p2b: Groudon\n|-damage|p2b: Groudon|93\/100\n|move|p2a: Whimsicott|Moonblast|p1a: Terapagos\n|-end|p1a: Terapagos|Substitute\n|cant|p2b: Groudon|flinch\n|move|p1a: Terapagos|Tera Starstorm|p2b: Groudon|[spread] p2a,p2b\n|-damage|p2a: Whimsicott|0 fnt\n|-damage|p2b: Groudon|69\/100\n|faint|p2a: Whimsicott\n|\n|-weather|SunnyDay|[upkeep]\n|-heal|p1a: Terapagos|100\/100|[from] item: Leftovers\n|-sideend|p2: test-on-calls|move: Tailwind\n|upkeep\n|\n|t:|1739303812\n|switch|p2a: Flutter Mane|Flutter Mane, L50, shiny|100\/100\n|-activate|p2a: Flutter Mane|ability: Protosynthesis\n|-start|p2a: Flutter Mane|protosynthesisspe\n|turn|5\n|\n|t:|1739303823\n|move|p1a: Terapagos|Protect|p1a: Terapagos\n|-singleturn|p1a: Terapagos|Protect\n|move|p2a: Flutter Mane|Moonblast|p1a: Terapagos\n|-activate|p1a: Terapagos|move: Protect\n|move|p2b: Groudon|Precipice Blades|p1a: Terapagos|[spread] p1b\n|-activate|p1a: Terapagos|move: Protect\n|-supereffective|p1b: Incineroar\n|-damage|p1b: Incineroar|41\/100\n|move|p1b: Incineroar|Parting Shot|p2a: Flutter Mane\n|-unboost|p2a: Flutter Mane|atk|1\n|-unboost|p2a: Flutter Mane|spa|1\n|\n|t:|1739303825\n|switch|p1b: Flutter Mane|Flutter Mane, L50|100\/100|[from] Parting Shot\n|-activate|p1b: Flutter Mane|ability: Protosynthesis\n|-start|p1b: Flutter Mane|protosynthesisspe\n|\n|-weather|SunnyDay|[upkeep]\n|upkeep\n|turn|6\n|\n|t:|1739303831\n|move|p1b: Flutter Mane|Thunder Wave|p2a: Flutter Mane\n|-status|p2a: Flutter Mane|par\n|move|p2a: Flutter Mane|Moonblast|p1a: Terapagos\n|-damage|p1a: Terapagos|68\/100\n|move|p1a: Terapagos|Tera Starstorm|p2b: Groudon|[spread] p2a,p2b\n|-damage|p2a: Flutter Mane|60\/100 par\n|-damage|p2b: Groudon|45\/100\n|move|p2b: Groudon|Precipice Blades|p1a: Terapagos|[spread] p1b\n|-miss|p2b: Groudon|p1a: Terapagos\n|-damage|p1b: Flutter Mane|40\/100\n|\n|-weather|SunnyDay|[upkeep]\n|-heal|p1a: Terapagos|74\/100|[from] item: Leftovers\n|upkeep\n|turn|7\n|-message|test-on-calls forfeited.\n|\n|win|BLiiNDProdiigy\n|raw|BLiiNDProdiigy's rating: 1574 &rarr; <strong>1602<\/strong><br \/>(+28 for winning)\n|raw|test-on-calls's rating: 1730 &rarr; <strong>1702<\/strong><br \/>(-28 for losing)\n|l|\u2606test-on-calls\n|player|p2|\n|l|\u2606BLiiNDProdiigy\n|player|p1|\n","uploadtime":1739304056,"views":7,"formatid":"gen9vgc2025regg","rating":1602,"private":0,"password":null}