{"id":"gen9vgc2025regg-2298578572","format":"[Gen 9] VGC 2025 Reg G","players":["bieiup","GlobalWinner"],"log":"|j|\u2606bieiup\n|j|\u2606GlobalWinner\n|t:|1739271167\n|gametype|doubles\n|player|p1|bieiup|lillie-z|1635\n|player|p2|GlobalWinner|pokekid|1552\n|teamsize|p1|6\n|teamsize|p2|6\n|gen|9\n|tier|[Gen 9] VGC 2025 Reg G\n|rated|\n|rule|Species Clause: Limit one of each Pok\u00e9mon\n|rule|Item Clause: Limit 1 of each item\n|clearpoke\n|poke|p1|Raging Bolt, L50|\n|poke|p1|Miraidon, L50|\n|poke|p1|Chi-Yu, L50|\n|poke|p1|Torkoal, L50, F|\n|poke|p1|Farigiraf, L50, M|\n|poke|p1|Ursaluna, L50, F|\n|poke|p2|Eternatus, L50|\n|poke|p2|Chi-Yu, L50|\n|poke|p2|Urshifu-*, L50, F|\n|poke|p2|Farigiraf, L50, M|\n|poke|p2|Ursaluna, L50, M|\n|poke|p2|Rillaboom, L50, M|\n|teampreview|4\n|inactive|Battle timer is ON: inactive players will automatically lose when time's up. (requested by bieiup)\n|inactive|GlobalWinner has 60 seconds left.\n|\n|t:|1739271206\n|start\n|switch|p1a: Raging Bolt|Raging Bolt, L50|100\/100\n|switch|p1b: Miraidon|Miraidon, L50|100\/100\n|switch|p2a: Farigiraf|Farigiraf, L50, M|100\/100\n|switch|p2b: Ursaluna|Ursaluna, L50, M|100\/100\n|-fieldstart|move: Electric Terrain|[from] ability: Hadron Engine|[of] p1b: Miraidon\n|turn|1\n|\n|t:|1739271225\n|switch|p2b: Rillaboom|Rillaboom, L50, M|100\/100\n|-fieldstart|move: Grassy Terrain|[from] ability: Grassy Surge|[of] p2b: Rillaboom\n|move|p1b: Miraidon|Volt Switch|p2a: Farigiraf\n|-damage|p2a: Farigiraf|50\/100\n|\n|t:|1739271228\n|switch|p1b: Torkoal|Torkoal, L50, F|100\/100|[from] Volt Switch\n|-weather|SunnyDay|[from] ability: Drought|[of] p1b: Torkoal\n|-activate|p1a: Raging Bolt|ability: Protosynthesis\n|-start|p1a: Raging Bolt|protosynthesisspa\n|-item|p1b: Torkoal|Air Balloon\n|move|p1a: Raging Bolt|Draco Meteor|p2b: Rillaboom\n|-damage|p2b: Rillaboom|8\/100\n|-unboost|p1a: Raging Bolt|spa|2\n|-damage|p1a: Raging Bolt|91\/100|[from] item: Life Orb\n|move|p2a: Farigiraf|Psychic Noise|p1b: Torkoal\n|-damage|p1b: Torkoal|59\/100\n|-start|p1b: Torkoal|move: Heal Block\n|-enditem|p1b: Torkoal|Air Balloon\n|\n|-weather|SunnyDay|[upkeep]\n|-heal|p2b: Rillaboom|14\/100|[from] Grassy Terrain\n|-heal|p1a: Raging Bolt|97\/100|[from] Grassy Terrain\n|-heal|p2a: Farigiraf|56\/100|[from] Grassy Terrain\n|upkeep\n|turn|2\n|inactive|GlobalWinner has 30 seconds left.\n|inactive|GlobalWinner has 20 seconds left.\n|\n|t:|1739271267\n|-end|p1a: Raging Bolt|Protosynthesis|[silent]\n|switch|p1a: Chi-Yu|Chi-Yu, L50|100\/100\n|-ability|p1a: Chi-Yu|Beads of Ruin\n|move|p2b: Rillaboom|Wood Hammer|p1b: Torkoal\n|-resisted|p1b: Torkoal\n|-damage|p1b: Torkoal|30\/100\n|-damage|p2b: Rillaboom|6\/100|[from] Recoil\n|move|p2a: Farigiraf|Psychic Noise|p1a: Chi-Yu\n|-immune|p1a: Chi-Yu\n|move|p1b: Torkoal|Overheat|p2a: Farigiraf\n|-damage|p2a: Farigiraf|0 fnt\n|-unboost|p1b: Torkoal|spa|2\n|faint|p2a: Farigiraf\n|\n|-weather|SunnyDay|[upkeep]\n|-heal|p2b: Rillaboom|12\/100|[from] Grassy Terrain\n|-end|p1b: Torkoal|move: Heal Block\n|upkeep\n|\n|t:|1739271275\n|switch|p2a: Eternatus|Eternatus, L50|100\/100\n|-ability|p2a: Eternatus|Pressure\n|turn|3\n|\n|t:|1739271290\n|switch|p2b: Ursaluna|Ursaluna, L50, M|100\/100\n|move|p1b: Torkoal|Helping Hand|p1a: Chi-Yu\n|-singleturn|p1a: Chi-Yu|Helping Hand|[of] p1b: Torkoal\n|move|p1a: Chi-Yu|Heat Wave|p2b: Ursaluna|[spread] p2a,p2b\n|-resisted|p2a: Eternatus\n|-damage|p2a: Eternatus|58\/100\n|-damage|p2b: Ursaluna|0 fnt\n|faint|p2b: Ursaluna\n|move|p2a: Eternatus|Cosmic Power|p2a: Eternatus\n|-boost|p2a: Eternatus|def|1\n|-boost|p2a: Eternatus|spd|1\n|\n|-weather|SunnyDay|[upkeep]\n|-heal|p2a: Eternatus|64\/100|[from] Grassy Terrain\n|-heal|p2a: Eternatus|70\/100|[from] item: Leftovers\n|-heal|p1b: Torkoal|37\/100|[from] Grassy Terrain\n|upkeep\n|\n|t:|1739271293\n|switch|p2b: Rillaboom|Rillaboom, L50, M|12\/100\n|turn|4\n|\n|t:|1739271301\n|move|p2b: Rillaboom|Fake Out|p1a: Chi-Yu\n|-damage|p1a: Chi-Yu|77\/100\n|cant|p1a: Chi-Yu|flinch\n|move|p2a: Eternatus|Sludge Bomb|p1b: Torkoal\n|-damage|p1b: Torkoal|0 fnt\n|faint|p1b: Torkoal\n|\n|-weather|SunnyDay|[upkeep]\n|-heal|p1a: Chi-Yu|83\/100|[from] Grassy Terrain\n|-heal|p2a: Eternatus|76\/100|[from] Grassy Terrain\n|-heal|p2a: Eternatus|82\/100|[from] item: Leftovers\n|-heal|p2b: Rillaboom|17\/100|[from] Grassy Terrain\n|upkeep\n|\n|t:|1739271304\n|switch|p1b: Miraidon|Miraidon, L50|100\/100\n|-fieldstart|move: Electric Terrain|[from] ability: Hadron Engine|[of] p1b: Miraidon\n|turn|5\n|\n|t:|1739271310\n|-terastallize|p2a: Eternatus|Fairy\n|move|p1a: Chi-Yu|Heat Wave|p2a: Eternatus|[spread] p2a,p2b\n|-supereffective|p2b: Rillaboom\n|-damage|p2a: Eternatus|37\/100\n|-damage|p2b: Rillaboom|0 fnt\n|faint|p2b: Rillaboom\n|move|p1b: Miraidon|Volt Switch|p2a: Eternatus\n|-damage|p2a: Eternatus|0 fnt\n|faint|p2a: Eternatus\n|\n|win|bieiup\n|raw|bieiup's rating: 1635 &rarr; <strong>1650<\/strong><br \/>(+15 for winning)\n|raw|GlobalWinner's rating: 1552 &rarr; <strong>1537<\/strong><br \/>(-15 for losing)\n|l|\u2606GlobalWinner\n|player|p2|\n|l|\u2606bieiup\n|player|p1|\n","uploadtime":1739271531,"views":4,"formatid":"gen9vgc2025regg","rating":1537,"private":0,"password":null}