{"id":"gen9vgc2025regg-2298821429","format":"[Gen 9] VGC 2025 Reg G","players":["Weakest blow","pigsprep"],"log":"|j|\u2606Weakest blow\n|j|\u2606pigsprep\n|t:|1739298462\n|gametype|doubles\n|player|p1|Weakest blow|depotagent|1558\n|player|p2|pigsprep|arven-v|1560\n|teamsize|p1|6\n|teamsize|p2|6\n|gen|9\n|tier|[Gen 9] VGC 2025 Reg G\n|rated|\n|rule|Species Clause: Limit one of each Pok\u00e9mon\n|rule|Item Clause: Limit 1 of each item\n|clearpoke\n|poke|p1|Ditto, L50|\n|poke|p1|Iron Hands, L50|\n|poke|p1|Miraidon, L50|\n|poke|p1|Pelipper, L50, M|\n|poke|p1|Volcarona, L50, F|\n|poke|p1|Whimsicott, L50, M|\n|poke|p2|Kyogre, L50|\n|poke|p2|Tornadus, L50, M|\n|poke|p2|Dondozo, L50, M|\n|poke|p2|Tatsugiri, L50, M|\n|poke|p2|Flutter Mane, L50|\n|poke|p2|Pikachu, L50, F|\n|teampreview|4\n|inactive|Battle timer is ON: inactive players will automatically lose when time's up. (requested by pigsprep)\n|inactive|Weakest blow has 60 seconds left.\n|\n|t:|1739298501\n|start\n|switch|p1a: Iron Hands|Iron Hands, L50|100\/100\n|switch|p1b: Whimsicott|Whimsicott, L50, M|100\/100\n|switch|p2a: Kyogre|Kyogre, L50|100\/100\n|switch|p2b: Pikachu|Pikachu, L50, F, shiny|100\/100\n|-weather|RainDance|[from] ability: Drizzle|[of] p2a: Kyogre\n|turn|1\n|\n|t:|1739298522\n|move|p2b: Pikachu|Fake Out|p1a: Iron Hands\n|-damage|p1a: Iron Hands|89\/100\n|move|p1b: Whimsicott|Light Screen|p1b: Whimsicott\n|-sidestart|p1: Weakest blow|move: Light Screen\n|move|p2a: Kyogre|Water Spout|p1b: Whimsicott|[spread] p1a,p1b\n|-resisted|p1b: Whimsicott\n|-damage|p1a: Iron Hands|43\/100\n|-damage|p1b: Whimsicott|45\/100\n|cant|p1a: Iron Hands|flinch\n|\n|-weather|RainDance|[upkeep]\n|upkeep\n|turn|2\n|\n|t:|1739298543\n|-terastallize|p2a: Kyogre|Ghost\n|move|p1b: Whimsicott|Tailwind|p1b: Whimsicott\n|-sidestart|p1: Weakest blow|move: Tailwind\n|move|p2b: Pikachu|Play Rough|p1a: Iron Hands\n|-supereffective|p1a: Iron Hands\n|-damage|p1a: Iron Hands|0 fnt\n|faint|p1a: Iron Hands\n|-end|p1a: Iron Hands|Quark Drive|[silent]\n|move|p2a: Kyogre|Water Spout|p1b: Whimsicott\n|-resisted|p1b: Whimsicott\n|-damage|p1b: Whimsicott|0 fnt\n|faint|p1b: Whimsicott\n|\n|-weather|RainDance|[upkeep]\n|upkeep\n|\n|t:|1739298564\n|switch|p1b: Ditto|Ditto, L50|100\/100\n|switch|p1a: Miraidon|Miraidon, L50|100\/100\n|-fieldstart|move: Electric Terrain|[from] ability: Hadron Engine|[of] p1a: Miraidon\n|-transform|p1b: Ditto|p2a: Kyogre|[from] ability: Imposter\n|-start|p1b: Ditto|typechange|Water|[silent]\n|turn|3\n|\n|t:|1739298581\n|move|p2b: Pikachu|Feint|p1b: Ditto\n|-crit|p1b: Ditto\n|-damage|p1b: Ditto|76\/100\n|move|p1a: Miraidon|Dazzling Gleam|p2b: Pikachu|[spread] p2a,p2b\n|-damage|p2a: Kyogre|72\/100\n|-damage|p2b: Pikachu|0 fnt\n|faint|p2b: Pikachu\n|-damage|p1a: Miraidon|91\/100|[from] item: Life Orb\n|move|p1b: Ditto|Water Spout|p2a: Kyogre\n|-damage|p2a: Kyogre|0 fnt\n|faint|p2a: Kyogre\n|\n|-weather|RainDance|[upkeep]\n|upkeep\n|\n|t:|1739298590\n|switch|p2b: Tatsugiri|Tatsugiri, L50, M|100\/100\n|switch|p2a: Dondozo|Dondozo, L50, M|100\/100\n|-activate|p2b: Tatsugiri|ability: Commander|[of] p2a: Dondozo\n|-boost|p2a: Dondozo|atk|2\n|-boost|p2a: Dondozo|spa|2\n|-boost|p2a: Dondozo|spe|2\n|-boost|p2a: Dondozo|def|2\n|-boost|p2a: Dondozo|spd|2\n|turn|4\n|\n|t:|1739298610\n|move|p2a: Dondozo|Protect|p2a: Dondozo\n|-singleturn|p2a: Dondozo|Protect\n|move|p1a: Miraidon|Electro Drift|p2a: Dondozo\n|-activate|p2a: Dondozo|move: Protect\n|move|p1b: Ditto|Water Spout|p2a: Dondozo|[spread] \n|-miss|p1b: Ditto|p2b: Tatsugiri\n|-activate|p2a: Dondozo|move: Protect\n|\n|-weather|RainDance|[upkeep]\n|upkeep\n|turn|5\n|\n|t:|1739298630\n|move|p2a: Dondozo|Protect||[still]\n|-fail|p2a: Dondozo\n|move|p1a: Miraidon|Electro Drift|p2a: Dondozo\n|-supereffective|p2a: Dondozo\n|-damage|p2a: Dondozo|0 fnt\n|faint|p2a: Dondozo\n|-damage|p1a: Miraidon|82\/100|[from] item: Life Orb\n|move|p1b: Ditto|Water Spout|p2b: Tatsugiri\n|-resisted|p2b: Tatsugiri\n|-damage|p2b: Tatsugiri|68\/100\n|\n|-weather|none\n|-sideend|p1: Weakest blow|move: Light Screen\n|-sideend|p1: Weakest blow|move: Tailwind\n|upkeep\n|turn|6\n|-message|pigsprep forfeited.\n|\n|win|Weakest blow\n|raw|Weakest blow's rating: 1558 &rarr; <strong>1578<\/strong><br \/>(+20 for winning)\n|raw|pigsprep's rating: 1560 &rarr; <strong>1540<\/strong><br \/>(-20 for losing)\n|l|\u2606pigsprep\n|player|p2|\n|l|\u2606Weakest blow\n|player|p1|\n|j|\u2606Weakest blow\n|player|p1|Weakest blow|depotagent|\n","uploadtime":1739298889,"views":7,"formatid":"gen9vgc2025regg","rating":1540,"private":0,"password":null}