{"id":"gen9vgc2025regg-2298028623","format":"[Gen 9] VGC 2025 Reg G","players":["bluestraggler02","Na04"],"log":"|j|\u203dbluestraggler02\n|j|\u2606Na04\n|t:|1739200958\n|gametype|doubles\n|player|p1|bluestraggler02|265|1637\n|player|p2|Na04|170|1581\n|teamsize|p1|6\n|teamsize|p2|6\n|gen|9\n|tier|[Gen 9] VGC 2025 Reg G\n|rated|\n|rule|Species Clause: Limit one of each Pok\u00e9mon\n|rule|Item Clause: Limit 1 of each item\n|clearpoke\n|poke|p1|Zamazenta-*, L50|\n|poke|p1|Roaring Moon, L50|\n|poke|p1|Landorus, L50, M|\n|poke|p1|Pelipper, L50, M|\n|poke|p1|Urshifu-*, L50, F|\n|poke|p1|Amoonguss, L50, F|\n|poke|p2|Iron Crown, L50|\n|poke|p2|Indeedee-F, L50, F|\n|poke|p2|Ogerpon-Hearthflame, L50, F|\n|poke|p2|Zamazenta-*, L50|\n|poke|p2|Chien-Pao, L50|\n|poke|p2|Tornadus, L50, M|\n|teampreview|4\n|inactive|Battle timer is ON: inactive players will automatically lose when time's up. (requested by bluestraggler02)\nbluestraggler02 rejected open team sheets.\n|inactive|Na04 has 60 seconds left.\n|\n|t:|1739201028\n|start\n|switch|p1a: Zamazenta|Zamazenta-Crowned, L50|100\/100\n|switch|p1b: Roaring Moon|Roaring Moon, L50|100\/100\n|switch|p2a: Chien-Pao|Chien-Pao, L50|100\/100\n|switch|p2b: Tornadus|Tornadus, L50, M|100\/100\n|-ability|p2a: Chien-Pao|Sword of Ruin\n|-ability|p1a: Zamazenta|Dauntless Shield|boost\n|-boost|p1a: Zamazenta|def|1\n|-enditem|p1b: Roaring Moon|Booster Energy\n|-activate|p1b: Roaring Moon|ability: Protosynthesis|[fromitem]\n|-start|p1b: Roaring Moon|protosynthesisspe\n|turn|1\n|\n|t:|1739201039\n|-terastallize|p1b: Roaring Moon|Poison\n|move|p2b: Tornadus|Tailwind|p2b: Tornadus\n|-sidestart|p2: Na04|move: Tailwind\n|move|p2a: Chien-Pao|Icicle Crash|p1b: Roaring Moon\n|-damage|p1b: Roaring Moon|48\/100\n|move|p1b: Roaring Moon|Tailwind|p1b: Roaring Moon\n|-sidestart|p1: bluestraggler02|move: Tailwind\n|move|p1a: Zamazenta|Heavy Slam|p2b: Tornadus\n|-damage|p2b: Tornadus|42\/100\n|\n|upkeep\n|turn|2\n|inactive|bluestraggler02 has 30 seconds left.\n|\n|t:|1739201071\n|move|p2a: Chien-Pao|Sucker Punch|p1b: Roaring Moon\n|-damage|p1b: Roaring Moon|5\/100\n|move|p1b: Roaring Moon|Knock Off|p2b: Tornadus\n|-damage|p2b: Tornadus|0 fnt\n|-enditem|p2b: Tornadus|Covert Cloak|[from] move: Knock Off|[of] p1b: Roaring Moon\n|faint|p2b: Tornadus\n|move|p1a: Zamazenta|Heavy Slam|p2a: Chien-Pao\n|-supereffective|p2a: Chien-Pao\n|-enditem|p2a: Chien-Pao|Focus Sash\n|-damage|p2a: Chien-Pao|1\/100\n|\n|upkeep\n|\n|t:|1739201077\n|switch|p2b: Iron Crown|Iron Crown, L50|100\/100\n|-enditem|p2b: Iron Crown|Booster Energy\n|-activate|p2b: Iron Crown|ability: Quark Drive|[fromitem]\n|-start|p2b: Iron Crown|quarkdrivespa\n|turn|3\n|\n|t:|1739201097\n|-terastallize|p2b: Iron Crown|Ground\n|move|p1a: Zamazenta|Protect|p1a: Zamazenta\n|-singleturn|p1a: Zamazenta|Protect\n|move|p2a: Chien-Pao|Sucker Punch|p1b: Roaring Moon\n|-damage|p1b: Roaring Moon|0 fnt\n|faint|p1b: Roaring Moon\n|-end|p1b: Roaring Moon|Protosynthesis|[silent]\n|move|p2b: Iron Crown|Tera Blast|p1a: Zamazenta|[anim] Tera Blast Ground\n|-activate|p1a: Zamazenta|move: Protect\n|\n|upkeep\n|\n|t:|1739201103\n|switch|p1b: Pelipper|Pelipper, L50, M|100\/100\n|-weather|RainDance|[from] ability: Drizzle|[of] p1b: Pelipper\n|turn|4\n|\n|t:|1739201117\n|move|p1b: Pelipper|Helping Hand|p1a: Zamazenta\n|-singleturn|p1a: Zamazenta|Helping Hand|[of] p1b: Pelipper\n|move|p2a: Chien-Pao|Icicle Crash|p1b: Pelipper\n|-damage|p1b: Pelipper|41\/100\n|move|p1a: Zamazenta|Body Press|p2b: Iron Crown\n|-damage|p2b: Iron Crown|0 fnt\n|faint|p2b: Iron Crown\n|-end|p2b: Iron Crown|Quark Drive|[silent]\n|\n|-weather|RainDance|[upkeep]\n|-sideend|p1: bluestraggler02|move: Tailwind\n|-sideend|p2: Na04|move: Tailwind\n|upkeep\n|\n|t:|1739201125\n|switch|p2b: Zamazenta|Zamazenta-Crowned, L50|100\/100\n|-ability|p2b: Zamazenta|Dauntless Shield|boost\n|-boost|p2b: Zamazenta|def|1\n|turn|5\n|\n|t:|1739201135\n|move|p2a: Chien-Pao|Icicle Crash|p1b: Pelipper\n|-crit|p1b: Pelipper\n|-damage|p1b: Pelipper|0 fnt\n|faint|p1b: Pelipper\n|move|p1a: Zamazenta|Body Press|p2a: Chien-Pao\n|-supereffective|p2a: Chien-Pao\n|-damage|p2a: Chien-Pao|0 fnt\n|faint|p2a: Chien-Pao\n|move|p2b: Zamazenta|Body Press|p1a: Zamazenta\n|-supereffective|p1a: Zamazenta\n|-damage|p1a: Zamazenta|42\/100\n|\n|-weather|RainDance|[upkeep]\n|upkeep\n|\n|t:|1739201141\n|switch|p1b: Landorus|Landorus, L50, M|100\/100\n|turn|6\n|-message|Na04 forfeited.\n|\n|win|bluestraggler02\n|raw|bluestraggler02's rating: 1637 &rarr; <strong>1654<\/strong><br \/>(+17 for winning)\n|raw|Na04's rating: 1581 &rarr; <strong>1564<\/strong><br \/>(-17 for losing)\n|l|\u2606Na04\n|player|p2|\n|l|\u203dbluestraggler02\n|player|p1|\n|j| yunchar\n|l| yunchar\n","uploadtime":1739201393,"views":12,"formatid":"gen9vgc2025regg","rating":1564,"private":0,"password":null}