{"id":"gen9vgc2025regg-2298424318","format":"[Gen 9] VGC 2025 Reg G","players":["Parthenos0908","salamionset"],"log":"|j|\u2606Parthenos0908\n|j|\u2606salamionset\n|t:|1739244234\n|gametype|doubles\n|player|p1|Parthenos0908|dawn|1507\n|player|p2|salamionset|1|1563\n|teamsize|p1|6\n|teamsize|p2|6\n|gen|9\n|tier|[Gen 9] VGC 2025 Reg G\n|rated|\n|rule|Species Clause: Limit one of each Pok\u00e9mon\n|rule|Item Clause: Limit 1 of each item\n|clearpoke\n|poke|p1|Whimsicott, L50, F|\n|poke|p1|Archaludon, L50, M|\n|poke|p1|Landorus, L50, M|\n|poke|p1|Amoonguss, L50, F|\n|poke|p1|Urshifu-*, L50, F|\n|poke|p1|Kyogre, L50|\n|poke|p2|Giratina-Origin, L50|\n|poke|p2|Cresselia, L50, F|\n|poke|p2|Ursaluna, L50, F|\n|poke|p2|Annihilape, L50, M|\n|poke|p2|Incineroar, L50, F|\n|poke|p2|Araquanid, L50, F|\n|teampreview|4\nsalamionset rejected open team sheets.\n|\n|t:|1739244256\n|start\n|switch|p1a: Whimsicott|Whimsicott, L50, F|100\/100\n|switch|p1b: Archaludon|Archaludon, L50, M|100\/100\n|switch|p2a: Cresselia|Cresselia, L50, F|100\/100\n|switch|p2b: Annihilape|Annihilape, L50, M|100\/100\n|turn|1\n|\n|t:|1739244277\n|-terastallize|p1b: Archaludon|Ghost\n|move|p1a: Whimsicott|Fake Tears|p2a: Cresselia\n|-unboost|p2a: Cresselia|spd|2\n|move|p2b: Annihilape|Final Gambit|p1b: Archaludon\n|-immune|p1b: Archaludon\n|move|p1b: Archaludon|Steel Beam|p2a: Cresselia\n|-damage|p2a: Cresselia|0 fnt\n|-damage|p1b: Archaludon|50\/100|[from] steelbeam\n|faint|p2a: Cresselia\n|\n|upkeep\n|\n|t:|1739244311\n|switch|p2a: Giratina|Giratina-Origin, L50|100\/100\n|turn|2\n|\n|t:|1739244329\n|switch|p2b: Ursaluna|Ursaluna, L50, F|100\/100\n|move|p1a: Whimsicott|Tailwind|p1a: Whimsicott\n|-sidestart|p1: Parthenos0908|move: Tailwind\n|move|p2a: Giratina|Shadow Sneak|p1b: Archaludon\n|-supereffective|p1b: Archaludon\n|-damage|p1b: Archaludon|2\/100\n|move|p1b: Archaludon|Steel Beam|p2b: Ursaluna\n|-damage|p2b: Ursaluna|0 fnt\n|-damage|p1b: Archaludon|0 fnt|[from] steelbeam\n|faint|p1b: Archaludon\n|faint|p2b: Ursaluna\n|\n|upkeep\n|\n|t:|1739244346\n|switch|p1b: Kyogre|Kyogre, L50|100\/100\n|switch|p2b: Annihilape|Annihilape, L50, M|100\/100\n|-weather|RainDance|[from] ability: Drizzle|[of] p1b: Kyogre\n|turn|3\n|j| tetsuokaga\n|\n|t:|1739244362\n|move|p1a: Whimsicott|Fake Tears|p2a: Giratina\n|-unboost|p2a: Giratina|spd|2\n|move|p1b: Kyogre|Water Spout|p2b: Annihilape|[spread] p2a,p2b\n|-resisted|p2a: Giratina\n|-damage|p2a: Giratina|23\/100\n|-damage|p2b: Annihilape|5\/100\n|move|p2b: Annihilape|Coaching|p2a: Giratina\n|-boost|p2a: Giratina|atk|1\n|-boost|p2a: Giratina|def|1\n|move|p2a: Giratina|Shadow Force||[still]\n|-prepare|p2a: Giratina|Shadow Force\n|\n|-weather|RainDance|[upkeep]\n|upkeep\n|turn|4\n|l| tetsuokaga\n|\n|t:|1739244394\n|switch|p1b: Urshifu|Urshifu-Rapid-Strike, L50, F|100\/100\n|move|p1a: Whimsicott|Moonblast|p2b: Annihilape\n|-supereffective|p2b: Annihilape\n|-damage|p2b: Annihilape|0 fnt\n|faint|p2b: Annihilape\n|move|p2a: Giratina|Shadow Force|p1b: Urshifu|[from] lockedmove\n|-enditem|p1b: Urshifu|Focus Sash\n|-damage|p1b: Urshifu|1\/100\n|\n|-weather|RainDance|[upkeep]\n|upkeep\n|turn|5\n|\n|t:|1739244410\n|-terastallize|p2a: Giratina|Fire\n|move|p2a: Giratina|Shadow Sneak|p1b: Urshifu\n|-damage|p1b: Urshifu|0 fnt\n|faint|p1b: Urshifu\n|move|p1a: Whimsicott|Moonblast|p2a: Giratina\n|-resisted|p2a: Giratina\n|-damage|p2a: Giratina|5\/100\n|\n|-weather|RainDance|[upkeep]\n|-sideend|p1: Parthenos0908|move: Tailwind\n|upkeep\n|\n|t:|1739244413\n|switch|p1b: Kyogre|Kyogre, L50|100\/100\n|turn|6\n|\n|t:|1739244429\n|move|p1a: Whimsicott|Encore|p2a: Giratina\n|-start|p2a: Giratina|Encore\n|move|p2a: Giratina|Shadow Sneak|p1b: Kyogre\n|-damage|p1b: Kyogre|59\/100\n|move|p1b: Kyogre|Water Spout|p2a: Giratina\n|-supereffective|p2a: Giratina\n|-crit|p2a: Giratina\n|-damage|p2a: Giratina|0 fnt\n|faint|p2a: Giratina\n|\n|win|Parthenos0908\n|raw|Parthenos0908's rating: 1507 &rarr; <strong>1530<\/strong><br \/>(+23 for winning)\n|raw|salamionset's rating: 1563 &rarr; <strong>1540<\/strong><br \/>(-23 for losing)\n|l|\u2606salamionset\n|player|p2|\n|l|\u2606Parthenos0908\n|player|p1|\n","uploadtime":1739244663,"views":14,"formatid":"gen9vgc2025regg","rating":1530,"private":0,"password":null}