{"id":"gen9vgc2025regg-2298176890","format":"[Gen 9] VGC 2025 Reg G","players":["InfinityGroudon","bluestraggler02"],"log":"|j|\u2606InfinityGroudon\n|j|\u2606bluestraggler02\n|t:|1739215488\n|gametype|doubles\n|player|p1|InfinityGroudon|101|1716\n|player|p2|bluestraggler02|265|1664\n|teamsize|p1|6\n|teamsize|p2|6\n|gen|9\n|tier|[Gen 9] VGC 2025 Reg G\n|rated|\n|rule|Species Clause: Limit one of each Pok\u00e9mon\n|rule|Item Clause: Limit 1 of each item\n|clearpoke\n|poke|p1|Calyrex-Shadow, L50|\n|poke|p1|Incineroar, L50, M|\n|poke|p1|Weezing-Galar, L50, M|\n|poke|p1|Indeedee-F, L50, F|\n|poke|p1|Iron Valiant, L50|\n|poke|p1|Ursaluna-Bloodmoon, L50, M|\n|poke|p2|Zamazenta-*, L50|\n|poke|p2|Roaring Moon, L50|\n|poke|p2|Landorus, L50, M|\n|poke|p2|Pelipper, L50, M|\n|poke|p2|Urshifu-*, L50, F|\n|poke|p2|Amoonguss, L50, F|\n|teampreview|4\n|\n|t:|1739215513\n|start\n|switch|p1a: Mr. Gassy|Weezing-Galar, L50, M|100\/100\n|switch|p1b: Charming|Iron Valiant, L50, shiny|100\/100\n|switch|p2a: Roaring Moon|Roaring Moon, L50|100\/100\n|switch|p2b: Zamazenta|Zamazenta-Crowned, L50|100\/100\n|-ability|p1a: Mr. Gassy|Neutralizing Gas\n|turn|1\n|j| Meiser63\n|\n|t:|1739215531\n|move|p2a: Roaring Moon|Protect|p2a: Roaring Moon\n|-singleturn|p2a: Roaring Moon|Protect\n|move|p1b: Charming|Protect|p1b: Charming\n|-singleturn|p1b: Charming|Protect\n|move|p2b: Zamazenta|Heavy Slam|p1b: Charming\n|-activate|p1b: Charming|move: Protect\n|move|p1a: Mr. Gassy|Will-O-Wisp|p2b: Zamazenta\n|-status|p2b: Zamazenta|brn\n|\n|-damage|p2b: Zamazenta|94\/100 brn|[from] brn\n|upkeep\n|turn|2\n|j| Funn yIy\n|\n|t:|1739215549\n|move|p2a: Roaring Moon|Tailwind|p2a: Roaring Moon\n|-sidestart|p2: bluestraggler02|move: Tailwind\n|move|p2b: Zamazenta|Heavy Slam|p1b: Charming\n|-supereffective|p1b: Charming\n|-damage|p1b: Charming|43\/100\n|move|p1b: Charming|Spirit Break|p2a: Roaring Moon\n|-supereffective|p2a: Roaring Moon\n|-damage|p2a: Roaring Moon|0 fnt\n|faint|p2a: Roaring Moon\n|-end|p2a: Roaring Moon|Protosynthesis|[silent]\n|move|p1a: Mr. Gassy|Taunt|p2b: Zamazenta\n|-start|p2b: Zamazenta|move: Taunt\n|\n|-damage|p2b: Zamazenta|88\/100 brn|[from] brn\n|upkeep\n|\n|t:|1739215560\n|switch|p2a: Landorus|Landorus, L50, M|100\/100\n|turn|3\n|\n|t:|1739215573\n|switch|p2b: Urshifu|Urshifu-Rapid-Strike, L50, F|100\/100\n|move|p2a: Landorus|Protect|p2a: Landorus\n|-singleturn|p2a: Landorus|Protect\n|move|p1a: Mr. Gassy|Protect|p1a: Mr. Gassy\n|-singleturn|p1a: Mr. Gassy|Protect\n|move|p1b: Charming|Close Combat|p2b: Urshifu\n|-damage|p2b: Urshifu|38\/100\n|-unboost|p1b: Charming|def|1\n|-unboost|p1b: Charming|spd|1\n|\n|upkeep\n|turn|4\n|\n|t:|1739215585\n|-end|p1b: Charming|Quark Drive|[silent]\n|switch|p1b: Suthen|Indeedee-F, L50, F|100\/100\n|move|p2a: Landorus|Sandsear Storm|p1a: Mr. Gassy|[spread] p1b\n|-miss|p2a: Landorus|p1a: Mr. Gassy\n|-damage|p1b: Suthen|60\/100\n|-damage|p2a: Landorus|91\/100|[from] item: Life Orb\n|move|p2b: Urshifu|Surging Strikes|p1a: Mr. Gassy\n|-crit|p1a: Mr. Gassy\n|-damage|p1a: Mr. Gassy|76\/100\n|-crit|p1a: Mr. Gassy\n|-damage|p1a: Mr. Gassy|54\/100\n|-crit|p1a: Mr. Gassy\n|-damage|p1a: Mr. Gassy|29\/100\n|-enditem|p1a: Mr. Gassy|Sitrus Berry|[eat]\n|-heal|p1a: Mr. Gassy|54\/100|[from] item: Sitrus Berry\n|-hitcount|p1a: Mr. Gassy|3\n|move|p1a: Mr. Gassy|Sludge Bomb|p2b: Urshifu\n|-crit|p2b: Urshifu\n|-damage|p2b: Urshifu|0 fnt\n|faint|p2b: Urshifu\n|\n|upkeep\n|\n|t:|1739215592\n|switch|p2b: Zamazenta|Zamazenta-Crowned, L50|88\/100 brn\n|turn|5\n|-message|bluestraggler02 forfeited.\n|\n|win|InfinityGroudon\n|raw|InfinityGroudon's rating: 1716 &rarr; <strong>1733<\/strong><br \/>(+17 for winning)\n|raw|bluestraggler02's rating: 1664 &rarr; <strong>1647<\/strong><br \/>(-17 for losing)\n|l|\u2606bluestraggler02\n|player|p2|\n|l|\u2606InfinityGroudon\n|player|p1|\n|l| Funn yIy\n|l| Meiser63\n","uploadtime":1739215810,"views":5,"formatid":"gen9vgc2025regg","rating":1647,"private":0,"password":null}