{"id":"gen9vgc2025regg-2298572204","format":"[Gen 9] VGC 2025 Reg G","players":["stbai","bieiup"],"log":"|j|\u2606stbai\n|j|\u2606bieiup\n|t:|1739270130\n|gametype|doubles\n|player|p1|stbai|janitor|1546\n|player|p2|bieiup|lillie-z|1631\n|teamsize|p1|6\n|teamsize|p2|6\n|gen|9\n|tier|[Gen 9] VGC 2025 Reg G\n|rated|\n|rule|Species Clause: Limit one of each Pok\u00e9mon\n|rule|Item Clause: Limit 1 of each item\n|clearpoke\n|poke|p1|Tatsugiri, L50, F|\n|poke|p1|Terapagos, L50, M|\n|poke|p1|Latios, L50, M|\n|poke|p1|Entei, L50|\n|poke|p1|Dondozo, L50, F|\n|poke|p1|Rillaboom, L50, M|\n|poke|p2|Raging Bolt, L50|\n|poke|p2|Miraidon, L50|\n|poke|p2|Chi-Yu, L50|\n|poke|p2|Torkoal, L50, M|\n|poke|p2|Farigiraf, L50, M|\n|poke|p2|Ursaluna, L50, F|\n|teampreview|4\n|inactive|Battle timer is ON: inactive players will automatically lose when time's up. (requested by stbai)\n|j| happy snake year\n|\n|t:|1739270150\n|start\n|switch|p1a: Latios|Latios, L50, M|100\/100\n|switch|p1b: Rillaboom|Rillaboom, L50, M|100\/100\n|switch|p2a: Miraidon|Miraidon, L50|100\/100\n|switch|p2b: Farigiraf|Farigiraf, L50, M|100\/100\n|-fieldstart|move: Electric Terrain|[from] ability: Hadron Engine|[of] p2a: Miraidon\n|-enditem|p2b: Farigiraf|Electric Seed\n|-boost|p2b: Farigiraf|def|1|[from] item: Electric Seed\n|-fieldstart|move: Grassy Terrain|[from] ability: Grassy Surge|[of] p1b: Rillaboom\n|turn|1\n|\n|t:|1739270166\n|move|p2b: Farigiraf|Helping Hand|p2a: Miraidon\n|-singleturn|p2a: Miraidon|Helping Hand|[of] p2b: Farigiraf\n|move|p2a: Miraidon|Draco Meteor|p1b: Rillaboom|[miss]\n|-miss|p2a: Miraidon|p1b: Rillaboom\n|move|p1a: Latios|Tailwind|p1a: Latios\n|-sidestart|p1: stbai|move: Tailwind\n|move|p1b: Rillaboom|High Horsepower|p2a: Miraidon\n|-supereffective|p2a: Miraidon\n|-damage|p2a: Miraidon|31\/100\n|\n|-heal|p2a: Miraidon|36\/100|[from] Grassy Terrain\n|upkeep\n|turn|2\n|\n|t:|1739270177\n|switch|p2a: Ursaluna|Ursaluna, L50, F|100\/100\n|move|p1a: Latios|Dragon Pulse|p2a: Ursaluna\n|-damage|p2a: Ursaluna|69\/100\n|move|p1b: Rillaboom|Drum Beating|p2b: Farigiraf\n|-damage|p2b: Farigiraf|74\/100\n|-unboost|p2b: Farigiraf|spe|1\n|move|p2b: Farigiraf|Trick Room|p2b: Farigiraf\n|-fieldstart|move: Trick Room|[of] p2b: Farigiraf\n|\n|-heal|p2a: Ursaluna|75\/100|[from] Grassy Terrain\n|-heal|p2b: Farigiraf|80\/100|[from] Grassy Terrain\n|-status|p2a: Ursaluna|brn|[from] item: Flame Orb\n|upkeep\n|turn|3\n|\n|t:|1739270199\n|move|p2a: Ursaluna|Facade|p1b: Rillaboom\n|-damage|p1b: Rillaboom|0 fnt\n|faint|p1b: Rillaboom\n|move|p2b: Farigiraf|Dazzling Gleam|p1a: Latios\n|-supereffective|p1a: Latios\n|-damage|p1a: Latios|67\/100\n|move|p1a: Latios|Luster Purge|p2a: Ursaluna\n|-damage|p2a: Ursaluna|36\/100 brn\n|-unboost|p2a: Ursaluna|spd|1\n|\n|-heal|p2a: Ursaluna|41\/100 brn|[from] Grassy Terrain\n|-heal|p2b: Farigiraf|86\/100|[from] Grassy Terrain\n|-damage|p2a: Ursaluna|36\/100 brn|[from] brn\n|upkeep\n|\n|t:|1739270204\n|switch|p1b: Terapagos|Terapagos, L50, M|100\/100\n|-activate|p1b: Terapagos|ability: Tera Shift\n|detailschange|p1b: Terapagos|Terapagos-Terastal, L50, M\n|-heal|p1b: Terapagos|100\/100|[silent]\n|turn|4\n|\n|t:|1739270211\n|move|p2a: Ursaluna|Protect|p2a: Ursaluna\n|-singleturn|p2a: Ursaluna|Protect\n|move|p1b: Terapagos|Protect|p1b: Terapagos\n|-singleturn|p1b: Terapagos|Protect\n|move|p2b: Farigiraf|Dazzling Gleam|p1a: Latios|[spread] p1a\n|-activate|p1b: Terapagos|move: Protect\n|-supereffective|p1a: Latios\n|-damage|p1a: Latios|42\/100\n|move|p1a: Latios|Luster Purge|p2a: Ursaluna\n|-activate|p2a: Ursaluna|move: Protect\n|\n|-heal|p2a: Ursaluna|41\/100 brn|[from] Grassy Terrain\n|-heal|p2b: Farigiraf|93\/100|[from] Grassy Terrain\n|-damage|p2a: Ursaluna|36\/100 brn|[from] brn\n|-sideend|p1: stbai|move: Tailwind\n|upkeep\n|turn|5\n|\n|t:|1739270234\n|move|p2a: Ursaluna|Facade|p1a: Latios\n|-damage|p1a: Latios|0 fnt\n|faint|p1a: Latios\n|move|p2b: Farigiraf|Dazzling Gleam|p1b: Terapagos\n|-activate|p1b: Terapagos|ability: Tera Shell\n|-resisted|p1b: Terapagos\n|-damage|p1b: Terapagos|93\/100\n|move|p1b: Terapagos|Tera Starstorm|p2a: Ursaluna\n|-damage|p2a: Ursaluna|0 fnt\n|faint|p2a: Ursaluna\n|\n|-heal|p2b: Farigiraf|99\/100|[from] Grassy Terrain\n|-heal|p1b: Terapagos|99\/100|[from] Grassy Terrain\n|-fieldend|move: Grassy Terrain\n|upkeep\n|\n|t:|1739270237\n|switch|p2a: Torkoal|Torkoal, L50, M|100\/100\n|switch|p1a: Entei|Entei, L50|100\/100\n|-weather|SunnyDay|[from] ability: Drought|[of] p2a: Torkoal\n|-item|p2a: Torkoal|Air Balloon\n|turn|6\n|inactive|bieiup has 30 seconds left.\n|\n|t:|1739270265\n|-terastallize|p2a: Torkoal|Fire\n|move|p1b: Terapagos|Protect|p1b: Terapagos\n|-singleturn|p1b: Terapagos|Protect\n|move|p2a: Torkoal|Eruption|p1b: Terapagos|[spread] p1a\n|-activate|p1b: Terapagos|move: Protect\n|-resisted|p1a: Entei\n|-damage|p1a: Entei|66\/100\n|move|p2b: Farigiraf|Foul Play|p1a: Entei\n|-damage|p1a: Entei|32\/100\n|move|p1a: Entei|Sacred Fire|p2b: Farigiraf\n|-damage|p2b: Farigiraf|55\/100\n|\n|-weather|SunnyDay|[upkeep]\n|-fieldend|move: Trick Room\n|upkeep\n|turn|7\n|j| mr pogostick\n|\n|t:|1739270285\n|-terastallize|p1b: Terapagos|Stellar\n|detailschange|p1b: Terapagos|Terapagos-Stellar, L50, M, tera:Stellar\n|-heal|p1b: Terapagos|99\/100|[silent]\n|-ability|p1b: Terapagos|Teraform Zero\n|-weather|none\n|move|p2b: Farigiraf|Helping Hand|p2a: Torkoal\n|-singleturn|p2a: Torkoal|Helping Hand|[of] p2b: Farigiraf\n|move|p1a: Entei|Crunch|p2b: Farigiraf\n|-supereffective|p2b: Farigiraf\n|-damage|p2b: Farigiraf|23\/100\n|move|p1b: Terapagos|Tera Starstorm|p2b: Farigiraf|[spread] p2a,p2b\n|-supereffective|p2a: Torkoal\n|-damage|p2a: Torkoal|0 fnt\n|-damage|p2b: Farigiraf|0 fnt\n|-enditem|p2a: Torkoal|Air Balloon\n|faint|p2a: Torkoal\n|faint|p2b: Farigiraf\n|\n|upkeep\n|\n|t:|1739270287\n|switch|p2a: Miraidon|Miraidon, L50|36\/100\n|-fieldstart|move: Electric Terrain|[from] ability: Hadron Engine|[of] p2a: Miraidon\n|turn|8\n|\n|t:|1739270291\n|move|p1a: Entei|Extreme Speed|p2a: Miraidon\n|-damage|p2a: Miraidon|11\/100\n|move|p2a: Miraidon|Electro Drift|p1b: Terapagos\n|-damage|p1b: Terapagos|10\/100\n|move|p1b: Terapagos|Tera Starstorm|p2a: Miraidon\n|-damage|p2a: Miraidon|0 fnt\n|faint|p2a: Miraidon\n|\n|win|stbai\n|raw|stbai's rating: 1546 &rarr; <strong>1571<\/strong><br \/>(+25 for winning)\n|raw|bieiup's rating: 1631 &rarr; <strong>1606<\/strong><br \/>(-25 for losing)\n|l|\u2606bieiup\n|player|p2|\n|l|\u2606stbai\n|player|p1|\n|l| happy snake year\n|l| mr pogostick\n","uploadtime":1739270550,"views":10,"formatid":"gen9vgc2025regg","rating":1571,"private":0,"password":null}