{"id":"gen9vgc2025regg-2298027186","format":"[Gen 9] VGC 2025 Reg G","players":["ZTMY ENCORE","KT02"],"log":"|j|\u2606ZTMY ENCORE\n|j|\u203dKT02\n|t:|1739200814\n|gametype|doubles\n|player|p1|ZTMY ENCORE|169|1819\n|player|p2|KT02|266|1759\n|teamsize|p1|6\n|teamsize|p2|6\n|gen|9\n|tier|[Gen 9] VGC 2025 Reg G\n|rated|\n|rule|Species Clause: Limit one of each Pok\u00e9mon\n|rule|Item Clause: Limit 1 of each item\n|clearpoke\n|poke|p1|Lunala, L50|\n|poke|p1|Roaring Moon, L50|\n|poke|p1|Smeargle, L50, F|\n|poke|p1|Urshifu-*, L50, F|\n|poke|p1|Chi-Yu, L50|\n|poke|p1|Amoonguss, L50, M|\n|poke|p2|Incineroar, L50, M|\n|poke|p2|Urshifu-*, L50, M|\n|poke|p2|Miraidon, L50|\n|poke|p2|Iron Bundle, L50|\n|poke|p2|Kingambit, L50, F|\n|poke|p2|Landorus-Therian, L50, M|\n|teampreview|4\n|\n|t:|1739200863\n|start\n|switch|p1a: Lunala|Lunala, L50|100\/100\n|switch|p1b: Smeargle|Smeargle, L50, F|100\/100\n|switch|p2a: Incineroar|Incineroar, L50, M|100\/100\n|switch|p2b: Urshifu|Urshifu-Rapid-Strike, L50, M|100\/100\n|-ability|p2a: Incineroar|Intimidate|boost\n|-unboost|p1a: Lunala|atk|1\n|-unboost|p1b: Smeargle|atk|1\n|turn|1\n|\n|t:|1739200911\n|switch|p2a: Kingambit|Kingambit, L50, F|100\/100\n|move|p1b: Smeargle|Fake Out|p2b: Urshifu\n|-damage|p2b: Urshifu|97\/100\n|cant|p2b: Urshifu|flinch\n|move|p1a: Lunala|Meteor Beam||[still]\n|-prepare|p1a: Lunala|Meteor Beam\n|-boost|p1a: Lunala|spa|1\n|-enditem|p1a: Lunala|Power Herb\n|-anim|p1a: Lunala|Meteor Beam|p2a: Kingambit\n|-resisted|p2a: Kingambit\n|-damage|p2a: Kingambit|79\/100\n|\n|-ability|p1b: Smeargle|Moody|boost\n|-boost|p1b: Smeargle|spd|2\n|-unboost|p1b: Smeargle|def|1\n|upkeep\n|turn|2\n|\n|t:|1739200962\n|switch|p1b: Amoonguss|Amoonguss, L50, M|100\/100\n|-terastallize|p1a: Lunala|Fairy\n|move|p2b: Urshifu|U-turn|p1a: Lunala\n|-resisted|p1a: Lunala\n|-damage|p1a: Lunala|95\/100\n|\n|t:|1739200969\n|switch|p2b: Incineroar|Incineroar, L50, M|100\/100|[from] U-turn\n|-ability|p2b: Incineroar|Intimidate|boost\n|-unboost|p1a: Lunala|atk|1\n|-unboost|p1b: Amoonguss|atk|1\n|move|p1a: Lunala|Dazzling Gleam|p2a: Kingambit|[spread] p2a,p2b\n|-crit|p2a: Kingambit\n|-damage|p2a: Kingambit|23\/100\n|-damage|p2b: Incineroar|54\/100\n|move|p2a: Kingambit|Iron Head|p1a: Lunala\n|-supereffective|p1a: Lunala\n|-damage|p1a: Lunala|14\/100\n|\n|upkeep\n|turn|3\n|\n|t:|1739201016\n|switch|p1a: Urshifu|Urshifu-Rapid-Strike, L50, F|100\/100\n|move|p2b: Incineroar|Fake Out|p1a: Urshifu\n|-damage|p1a: Urshifu|89\/100\n|move|p2a: Kingambit|Kowtow Cleave|p1a: Urshifu\n|-resisted|p1a: Urshifu\n|-damage|p1a: Urshifu|66\/100\n|move|p1b: Amoonguss|Spore|p2b: Incineroar\n|-status|p2b: Incineroar|slp|[from] move: Spore\n|\n|upkeep\n|turn|4\n|j| Zephyr\u3405Moonbeam\n|\n|t:|1739201043\n|move|p1a: Urshifu|Surging Strikes|p2a: Kingambit\n|-crit|p2a: Kingambit\n|-damage|p2a: Kingambit|3\/100\n|-crit|p2a: Kingambit\n|-damage|p2a: Kingambit|0 fnt\n|faint|p2a: Kingambit\n|-hitcount|p2: Kingambit|2\n|cant|p2b: Incineroar|slp\n|move|p1b: Amoonguss|Pollen Puff|p1a: Urshifu\n|-heal|p1a: Urshifu|100\/100\n|\n|upkeep\n|\n|t:|1739201049\n|switch|p2a: Miraidon|Miraidon, L50|100\/100\n|-fieldstart|move: Electric Terrain|[from] ability: Hadron Engine|[of] p2a: Miraidon\n|turn|5\n|\n|t:|1739201066\n|switch|p2b: Urshifu|Urshifu-Rapid-Strike, L50, M|97\/100\n|move|p1b: Amoonguss|Rage Powder|p1b: Amoonguss\n|-singleturn|p1b: Amoonguss|move: Rage Powder\n|move|p2a: Miraidon|Draco Meteor|p1b: Amoonguss\n|-damage|p1b: Amoonguss|0 fnt\n|-unboost|p2a: Miraidon|spa|2\n|faint|p1b: Amoonguss\n|move|p1a: Urshifu|Close Combat|p2a: Miraidon\n|-damage|p2a: Miraidon|39\/100\n|-unboost|p1a: Urshifu|def|1\n|-unboost|p1a: Urshifu|spd|1\n|\n|upkeep\n|\n|t:|1739201086\n|switch|p1b: Smeargle|Smeargle, L50, F|100\/100\n|turn|6\n|\n|t:|1739201098\n|switch|p2a: Incineroar|Incineroar, L50, M|54\/100 slp\n|-ability|p2a: Incineroar|Intimidate|boost\n|-unboost|p1a: Urshifu|atk|1\n|-unboost|p1b: Smeargle|atk|1\n|switch|p1a: Lunala|Lunala, L50, tera:Fairy|14\/100\n|-terastallize|p2b: Urshifu|Ghost\n|move|p1b: Smeargle|Fake Out|p2b: Urshifu\n|-immune|p2b: Urshifu\n|move|p2b: Urshifu|Surging Strikes|p1b: Smeargle\n|-crit|p1b: Smeargle\n|-damage|p1b: Smeargle|57\/100\n|-crit|p1b: Smeargle\n|-damage|p1b: Smeargle|11\/100\n|-crit|p1b: Smeargle\n|-damage|p1b: Smeargle|0 fnt\n|faint|p1b: Smeargle\n|-hitcount|p1: Smeargle|3\n|\n|upkeep\n|\n|t:|1739201108\n|switch|p1b: Urshifu|Urshifu-Rapid-Strike, L50, F|100\/100\n|turn|7\n|\n|t:|1739201115\n|cant|p2a: Incineroar|slp\n|move|p1b: Urshifu|Surging Strikes|p2a: Incineroar\n|-supereffective|p2a: Incineroar\n|-crit|p2a: Incineroar\n|-damage|p2a: Incineroar|15\/100 slp\n|-supereffective|p2a: Incineroar\n|-crit|p2a: Incineroar\n|-damage|p2a: Incineroar|0 fnt\n|faint|p2a: Incineroar\n|-hitcount|p2: Incineroar|2\n|move|p2b: Urshifu|Surging Strikes|p1a: Lunala\n|-crit|p1a: Lunala\n|-damage|p1a: Lunala|0 fnt\n|faint|p1a: Lunala\n|-hitcount|p1: Lunala|1\n|\n|upkeep\n|\n|t:|1739201121\n|switch|p2a: Miraidon|Miraidon, L50|39\/100\n|-activate|p2a: Miraidon|ability: Hadron Engine\n|turn|8\n|\n|t:|1739201133\n|move|p2b: Urshifu|Aqua Jet|p1b: Urshifu\n|-resisted|p1b: Urshifu\n|-damage|p1b: Urshifu|87\/100\n|move|p2a: Miraidon|Electro Drift|p1b: Urshifu\n|-supereffective|p1b: Urshifu\n|-damage|p1b: Urshifu|0 fnt\n|faint|p1b: Urshifu\n|\n|win|KT02\n|raw|ZTMY ENCORE's rating: 1819 &rarr; <strong>1796<\/strong><br \/>(-23 for losing)\n|raw|KT02's rating: 1759 &rarr; <strong>1782<\/strong><br \/>(+23 for winning)\n|l|\u2606ZTMY ENCORE\n|player|p1|\n|l|\u203dKT02\n|player|p2|\n|l| Zephyr\u3405Moonbeam\n","uploadtime":1739201210,"views":116,"formatid":"gen9vgc2025regg","rating":1782,"private":0,"password":null}