{"id":"gen9vgc2025regg-2298721096","format":"[Gen 9] VGC 2025 Reg G","players":["pentagonSG","ScribbleScribble"],"log":"|j|\u2606pentagonSG\n|j|\u2606ScribbleScribble\n|t:|1739288950\n|gametype|doubles\n|player|p1|pentagonSG|1|1553\n|player|p2|ScribbleScribble|gardenia-masters|1609\n|teamsize|p1|6\n|teamsize|p2|6\n|gen|9\n|tier|[Gen 9] VGC 2025 Reg G\n|rated|\n|rule|Species Clause: Limit one of each Pok\u00e9mon\n|rule|Item Clause: Limit 1 of each item\n|clearpoke\n|poke|p1|Miraidon, L50|\n|poke|p1|Volcarona, L50, F|\n|poke|p1|Grimmsnarl, L50, M|\n|poke|p1|Okidogi, L50, M|\n|poke|p1|Sinistcha-Masterpiece, L50|\n|poke|p1|Iron Hands, L50|\n|poke|p2|Eternatus, L50|\n|poke|p2|Gholdengo, L50|\n|poke|p2|Tinkaton, L50, F|\n|poke|p2|Flutter Mane, L50|\n|poke|p2|Tornadus, L50, M|\n|poke|p2|Urshifu-*, L50, M|\n|teampreview|4\n|inactive|Battle timer is ON: inactive players will automatically lose when time's up. (requested by ScribbleScribble)\n|\n|t:|1739288975\n|start\n|switch|p1a: Miraidon|Miraidon, L50|100\/100\n|switch|p1b: Grimmsnarl|Grimmsnarl, L50, M|100\/100\n|switch|p2a: Tornadus|Tornadus, L50, M|100\/100\n|switch|p2b: Flutter Mane|Flutter Mane, L50|100\/100\n|-fieldstart|move: Electric Terrain|[from] ability: Hadron Engine|[of] p1a: Miraidon\n|-enditem|p2b: Flutter Mane|Booster Energy\n|-activate|p2b: Flutter Mane|ability: Protosynthesis|[fromitem]\n|-start|p2b: Flutter Mane|protosynthesisspe\n|turn|1\n|\n|t:|1739288997\n|move|p2a: Tornadus|Tailwind|p2a: Tornadus\n|-sidestart|p2: ScribbleScribble|move: Tailwind\n|move|p1b: Grimmsnarl|Light Screen|p1b: Grimmsnarl\n|-sidestart|p1: pentagonSG|move: Light Screen\n|move|p2b: Flutter Mane|Taunt|p1b: Grimmsnarl\n|-start|p1b: Grimmsnarl|move: Taunt\n|move|p1a: Miraidon|Volt Switch|p2b: Flutter Mane\n|-damage|p2b: Flutter Mane|9\/100\n|\n|t:|1739289007\n|switch|p1a: Volcarona|Volcarona, L50, F|100\/100|[from] Volt Switch\n|-enditem|p1a: Volcarona|Electric Seed\n|-boost|p1a: Volcarona|def|1|[from] item: Electric Seed\n|\n|upkeep\n|turn|2\n|\n|t:|1739289028\n|switch|p1b: Okidogi|Okidogi, L50, M|100\/100\n|move|p2b: Flutter Mane|Icy Wind|p1a: Volcarona|[spread] p1a,p1b\n|-resisted|p1a: Volcarona\n|-damage|p1a: Volcarona|97\/100\n|-damage|p1b: Okidogi|94\/100\n|-unboost|p1a: Volcarona|spe|1\n|-unboost|p1b: Okidogi|spe|1\n|move|p2a: Tornadus|Bleakwind Storm|p1a: Volcarona|[spread] p1a,p1b\n|-supereffective|p1a: Volcarona\n|-supereffective|p1b: Okidogi\n|-damage|p1a: Volcarona|47\/100\n|-damage|p1b: Okidogi|59\/100\n|move|p1a: Volcarona|Quiver Dance|p1a: Volcarona\n|-boost|p1a: Volcarona|spa|1\n|-boost|p1a: Volcarona|spd|1\n|-boost|p1a: Volcarona|spe|1\n|\n|upkeep\n|turn|3\n|inactive|pentagonSG has 30 seconds left.\n|\n|t:|1739289061\n|move|p1a: Volcarona|Protect|p1a: Volcarona\n|-singleturn|p1a: Volcarona|Protect\n|move|p2b: Flutter Mane|Icy Wind|p1b: Okidogi|[spread] p1b\n|-activate|p1a: Volcarona|move: Protect\n|-damage|p1b: Okidogi|53\/100\n|-unboost|p1b: Okidogi|spe|1\n|move|p2a: Tornadus|Bleakwind Storm|p1b: Okidogi|[spread] p1b\n|-activate|p1a: Volcarona|move: Protect\n|-supereffective|p1b: Okidogi\n|-damage|p1b: Okidogi|22\/100\n|move|p1b: Okidogi|Knock Off|p2a: Tornadus\n|-damage|p2a: Tornadus|49\/100\n|-enditem|p2a: Tornadus|Covert Cloak|[from] move: Knock Off|[of] p1b: Okidogi\n|\n|upkeep\n|turn|4\n|inactive|pentagonSG has 30 seconds left.\n|inactive|ScribbleScribble has 30 seconds left.\n|\n|t:|1739289090\n|move|p2a: Tornadus|Rain Dance|p2a: Tornadus\n|-weather|RainDance\n|move|p2b: Flutter Mane|Moonblast|p1b: Okidogi\n|-crit|p1b: Okidogi\n|-damage|p1b: Okidogi|0 fnt\n|faint|p1b: Okidogi\n|move|p1a: Volcarona|Flamethrower|p2a: Tornadus\n|-damage|p2a: Tornadus|2\/100\n|\n|-weather|RainDance|[upkeep]\n|-sideend|p2: ScribbleScribble|move: Tailwind\n|upkeep\n|\n|t:|1739289099\n|switch|p1b: Grimmsnarl|Grimmsnarl, L50, M|100\/100\n|turn|5\n|inactive|ScribbleScribble has 30 seconds left.\n|inactive|ScribbleScribble has 20 seconds left.\n|inactive|ScribbleScribble has 15 seconds left.\n|inactive|ScribbleScribble has 10 seconds left.\n|\n|t:|1739289148\n|move|p2a: Tornadus|Tailwind|p2a: Tornadus\n|-sidestart|p2: ScribbleScribble|move: Tailwind\n|move|p1b: Grimmsnarl|Thunder Wave|p2b: Flutter Mane\n|-status|p2b: Flutter Mane|par\n|move|p2b: Flutter Mane|Moonblast|p1b: Grimmsnarl\n|-supereffective|p1b: Grimmsnarl\n|-damage|p1b: Grimmsnarl|57\/100\n|move|p1a: Volcarona|Giga Drain|p2a: Tornadus\n|-resisted|p2a: Tornadus\n|-damage|p2a: Tornadus|0 fnt\n|-heal|p1a: Volcarona|47\/100|[from] drain|[of] p2a: Tornadus\n|faint|p2a: Tornadus\n|\n|-weather|RainDance|[upkeep]\n|-fieldend|move: Electric Terrain\n|upkeep\n|\n|t:|1739289156\n|switch|p2a: Gholdengo|Gholdengo, L50|100\/100\n|turn|6\n|\n|t:|1739289173\n|-end|p2b: Flutter Mane|Protosynthesis|[silent]\n|switch|p2b: Eternatus|Eternatus, L50|100\/100\n|-ability|p2b: Eternatus|Pressure\n|-terastallize|p2a: Gholdengo|Steel\n|move|p2a: Gholdengo|Make It Rain|p1b: Grimmsnarl|[spread] p1a,p1b\n|-resisted|p1a: Volcarona\n|-supereffective|p1b: Grimmsnarl\n|-damage|p1a: Volcarona|28\/100\n|-damage|p1b: Grimmsnarl|0 fnt\n|-unboost|p2a: Gholdengo|spa|1\n|faint|p1b: Grimmsnarl\n|move|p1a: Volcarona|Quiver Dance|p1a: Volcarona\n|-boost|p1a: Volcarona|spa|1\n|-boost|p1a: Volcarona|spd|1\n|-boost|p1a: Volcarona|spe|1\n|\n|-weather|RainDance|[upkeep]\n|upkeep\n|\n|t:|1739289188\n|switch|p1b: Miraidon|Miraidon, L50|100\/100\n|-fieldstart|move: Electric Terrain|[from] ability: Hadron Engine|[of] p1b: Miraidon\n|turn|7\n|\n|t:|1739289198\n|move|p2b: Eternatus|Dynamax Cannon|p1b: Miraidon\n|-supereffective|p1b: Miraidon\n|-damage|p1b: Miraidon|30\/100\n|move|p2a: Gholdengo|Make It Rain|p1a: Volcarona|[spread] p1a,p1b\n|-resisted|p1a: Volcarona\n|-resisted|p1b: Miraidon\n|-damage|p1a: Volcarona|19\/100\n|-damage|p1b: Miraidon|10\/100\n|-unboost|p2a: Gholdengo|spa|1\n|move|p1a: Volcarona|Flamethrower|p2a: Gholdengo\n|-supereffective|p2a: Gholdengo\n|-damage|p2a: Gholdengo|8\/100\n|move|p1b: Miraidon|Draco Meteor|p2b: Eternatus\n|-supereffective|p2b: Eternatus\n|-damage|p2b: Eternatus|0 fnt\n|-unboost|p1b: Miraidon|spa|2\n|faint|p2b: Eternatus\n|\n|-weather|RainDance|[upkeep]\n|upkeep\n|\n|t:|1739289202\n|switch|p2b: Flutter Mane|Flutter Mane, L50|9\/100 par\n|turn|8\n|\n|t:|1739289227\n|move|p2a: Gholdengo|Make It Rain|p1b: Miraidon|[spread] p1a,p1b\n|-resisted|p1a: Volcarona\n|-resisted|p1b: Miraidon\n|-damage|p1a: Volcarona|13\/100\n|-damage|p1b: Miraidon|0 fnt\n|-unboost|p2a: Gholdengo|spa|1\n|faint|p1b: Miraidon\n|move|p1a: Volcarona|Giga Drain|p2b: Flutter Mane\n|-damage|p2b: Flutter Mane|0 fnt\n|-heal|p1a: Volcarona|16\/100|[from] drain|[of] p2b: Flutter Mane\n|faint|p2b: Flutter Mane\n|-end|p2b: Flutter Mane|Protosynthesis|[silent]\n|\n|-weather|none\n|-sideend|p1: pentagonSG|move: Light Screen\n|-sideend|p2: ScribbleScribble|move: Tailwind\n|upkeep\n|turn|9\n|\n|t:|1739289240\n|move|p1a: Volcarona|Flamethrower|p2a: Gholdengo\n|-supereffective|p2a: Gholdengo\n|-damage|p2a: Gholdengo|0 fnt\n|faint|p2a: Gholdengo\n|\n|win|pentagonSG\n|raw|pentagonSG's rating: 1553 &rarr; <strong>1575<\/strong><br \/>(+22 for winning)\n|raw|ScribbleScribble's rating: 1582 &rarr; <strong>1560<\/strong><br \/>(-22 for losing)\n|l|\u2606ScribbleScribble\n|player|p2|\n|l|\u2606pentagonSG\n|player|p1|\n","uploadtime":1739289428,"views":5,"formatid":"gen9vgc2025regg","rating":1560,"private":0,"password":null}