{"id":"gen9vgc2025regg-2298945141","format":"[Gen 9] VGC 2025 Reg G","players":["ragionBolte","Zakmancho"],"log":"|j|\u2606ragionBolte\n|j|\u2606Zakmancho\n|t:|1739310801\n|gametype|doubles\n|player|p1|ragionBolte|2|1563\n|player|p2|Zakmancho|1|1562\n|teamsize|p1|6\n|teamsize|p2|6\n|gen|9\n|tier|[Gen 9] VGC 2025 Reg G\n|rated|\n|rule|Species Clause: Limit one of each Pok\u00e9mon\n|rule|Item Clause: Limit 1 of each item\n|clearpoke\n|poke|p1|Calyrex-Ice, L50|\n|poke|p1|Urshifu-*, L50, F|\n|poke|p1|Incineroar, L50, M|\n|poke|p1|Ogerpon-Cornerstone, L50, F|\n|poke|p1|Raging Bolt, L50|\n|poke|p1|Glimmora, L50, F|\n|poke|p2|Koraidon, L50|\n|poke|p2|Chi-Yu, L50|\n|poke|p2|Flutter Mane, L50|\n|poke|p2|Ogerpon-Cornerstone, L50, F|\n|poke|p2|Raging Bolt, L50|\n|poke|p2|Whimsicott, L50, F|\n|teampreview|4\n|inactive|Battle timer is ON: inactive players will automatically lose when time's up. (requested by Zakmancho)\n|\n|t:|1739310822\n|start\n|switch|p1a: Glimmora|Glimmora, L50, F|100\/100\n|switch|p1b: Raging Bolt|Raging Bolt, L50|100\/100\n|switch|p2a: Flutter Mane|Flutter Mane, L50|100\/100\n|switch|p2b: Chi-Yu|Chi-Yu, L50|100\/100\n|-ability|p2b: Chi-Yu|Beads of Ruin\n|-enditem|p2a: Flutter Mane|Booster Energy\n|-activate|p2a: Flutter Mane|ability: Protosynthesis|[fromitem]\n|-start|p2a: Flutter Mane|protosynthesisspe\n|turn|1\n|inactive|ragionBolte has 30 seconds left.\n|inactive|ragionBolte has 20 seconds left.\n|\n|t:|1739310860\n|move|p1a: Glimmora|Spiky Shield|p1a: Glimmora\n|-singleturn|p1a: Glimmora|move: Protect\n|move|p2a: Flutter Mane|Moonblast|p1a: Glimmora\n|-activate|p1a: Glimmora|move: Protect\n|move|p2b: Chi-Yu|Dark Pulse|p1a: Glimmora\n|-activate|p1a: Glimmora|move: Protect\n|move|p1b: Raging Bolt|Electroweb|p2b: Chi-Yu|[spread] p2a,p2b\n|-damage|p2a: Flutter Mane|75\/100\n|-damage|p2b: Chi-Yu|77\/100\n|-unboost|p2a: Flutter Mane|spe|1\n|-unboost|p2b: Chi-Yu|spe|1\n|\n|upkeep\n|turn|2\n|\n|t:|1739310884\n|move|p2a: Flutter Mane|Icy Wind|p1b: Raging Bolt|[spread] p1a,p1b\n|-supereffective|p1b: Raging Bolt\n|-damage|p1a: Glimmora|78\/100\n|-damage|p1b: Raging Bolt|78\/100\n|-unboost|p1a: Glimmora|spe|1\n|-unboost|p1b: Raging Bolt|spe|1\n|move|p2b: Chi-Yu|Dark Pulse|p1a: Glimmora\n|-damage|p1a: Glimmora|0 fnt\n|faint|p1a: Glimmora\n|move|p1b: Raging Bolt|Volt Switch|p2b: Chi-Yu\n|-damage|p2b: Chi-Yu|36\/100\n|\n|t:|1739310898\n|-end|p1b: Raging Bolt|Protosynthesis|[silent]\n|switch|p1b: Calyrex|Calyrex-Ice, L50|100\/100|[from] Volt Switch\n|-ability|p1b: Calyrex|As One\n|-ability|p1b: Calyrex|Unnerve\n|\n|upkeep\n|\n|t:|1739310901\n|switch|p1a: Raging Bolt|Raging Bolt, L50|78\/100\n|turn|3\n|\n|t:|1739310921\n|-terastallize|p1b: Calyrex|Water\n|move|p1a: Raging Bolt|Thunderclap|p2b: Chi-Yu\n|-damage|p2b: Chi-Yu|0 fnt\n|faint|p2b: Chi-Yu\n|move|p2a: Flutter Mane|Moonblast|p1a: Raging Bolt\n|-supereffective|p1a: Raging Bolt\n|-damage|p1a: Raging Bolt|27\/100\n|-unboost|p1a: Raging Bolt|spa|1\n|move|p1b: Calyrex|Glacial Lance|p2a: Flutter Mane\n|-damage|p2a: Flutter Mane|0 fnt\n|faint|p2a: Flutter Mane\n|-end|p2a: Flutter Mane|Protosynthesis|[silent]\n|-ability|p1b: Calyrex|Chilling Neigh|boost\n|-boost|p1b: Calyrex|atk|1\n|\n|upkeep\n|\n|t:|1739310933\n|switch|p2a: Ogerpon|Ogerpon-Cornerstone, L50, F|100\/100\n|switch|p2b: Koraidon|Koraidon, L50|100\/100\n|-weather|SunnyDay|[from] ability: Orichalcum Pulse|[of] p2b: Koraidon\n|-activate|p1a: Raging Bolt|ability: Protosynthesis\n|-start|p1a: Raging Bolt|protosynthesisdef\n|-activate|p2b: Koraidon|Orichalcum Pulse|[source]\n|turn|4\n|\n|t:|1739310955\n|-terastallize|p2b: Koraidon|Fire\n|move|p1b: Calyrex|Protect|p1b: Calyrex\n|-singleturn|p1b: Calyrex|Protect\n|move|p2b: Koraidon|Collision Course|p1a: Raging Bolt\n|-damage|p1a: Raging Bolt|0 fnt\n|faint|p1a: Raging Bolt\n|-end|p1a: Raging Bolt|Protosynthesis|[silent]\n|move|p2a: Ogerpon|Horn Leech|p1b: Calyrex\n|-activate|p1b: Calyrex|move: Protect\n|\n|-weather|SunnyDay|[upkeep]\n|upkeep\n|\n|t:|1739310964\n|switch|p1a: Ogerpon|Ogerpon-Cornerstone, L50, F|100\/100\n|turn|5\n|\n|t:|1739310978\n|move|p2b: Koraidon|Collision Course|p1b: Calyrex\n|-damage|p1b: Calyrex|54\/100\n|move|p1a: Ogerpon|Ivy Cudgel|p2b: Koraidon|[anim] Ivy Cudgel Rock\n|-supereffective|p2b: Koraidon\n|-damage|p2b: Koraidon|0 fnt\n|faint|p2b: Koraidon\n|move|p2a: Ogerpon|Horn Leech|p1b: Calyrex\n|-supereffective|p1b: Calyrex\n|-damage|p1b: Calyrex|0 fnt\n|faint|p1b: Calyrex\n|\n|-weather|SunnyDay|[upkeep]\n|upkeep\n|turn|6\n|\n|t:|1739310993\n|move|p1a: Ogerpon|Ivy Cudgel|p2a: Ogerpon|[anim] Ivy Cudgel Rock\n|-damage|p2a: Ogerpon|19\/100\n|move|p2a: Ogerpon|Ivy Cudgel|p1a: Ogerpon|[anim] Ivy Cudgel Rock\n|-damage|p1a: Ogerpon|28\/100\n|\n|-weather|SunnyDay|[upkeep]\n|upkeep\n|turn|7\n|\n|t:|1739311002\n|move|p2a: Ogerpon|Ivy Cudgel|p1a: Ogerpon|[anim] Ivy Cudgel Rock\n|-damage|p1a: Ogerpon|0 fnt\n|faint|p1a: Ogerpon\n|\n|win|Zakmancho\n|raw|ragionBolte's rating: 1563 &rarr; <strong>1543<\/strong><br \/>(-20 for losing)\n|raw|Zakmancho's rating: 1562 &rarr; <strong>1582<\/strong><br \/>(+20 for winning)\n|l|\u2606ragionBolte\n|player|p1|\n|l|\u2606Zakmancho\n|player|p2|\n","uploadtime":1739311136,"views":9,"formatid":"gen9vgc2025regg","rating":1543,"private":0,"password":null}