{"id":"gen9vgc2025regg-2298137668","format":"[Gen 9] VGC 2025 Reg G","players":["The Slimmest Jesus","koji muranishi"],"log":"|j|\u2606The Slimmest Jesus\n|j|\u2606koji muranishi\n|t:|1739211751\n|gametype|doubles\n|player|p1|The Slimmest Jesus|170|1626\n|player|p2|koji muranishi|2|1642\n|teamsize|p1|6\n|teamsize|p2|6\n|gen|9\n|tier|[Gen 9] VGC 2025 Reg G\n|rated|\n|rule|Species Clause: Limit one of each Pok\u00e9mon\n|rule|Item Clause: Limit 1 of each item\n|clearpoke\n|poke|p1|Indeedee-F, L50, F|\n|poke|p1|Regidrago, L50|\n|poke|p1|Torkoal, L50, M|\n|poke|p1|Gallade, L50, M|\n|poke|p1|Calyrex-Ice, L50|\n|poke|p1|Lilligant-Hisui, L50, F|\n|poke|p2|Whimsicott, L50, M|\n|poke|p2|Calyrex-Ice, L50|\n|poke|p2|Urshifu-*, L50, F|\n|poke|p2|Chi-Yu, L50|\n|poke|p2|Raging Bolt, L50|\n|poke|p2|Landorus, L50, M|\n|teampreview|4\n|inactive|Battle timer is ON: inactive players will automatically lose when time's up. (requested by koji muranishi)\n|j| Meiser63\n|inactive|The Slimmest Jesus has 60 seconds left.\n|inactive|koji muranishi has 60 seconds left.\n|\n|t:|1739211808\n|start\n|switch|p1a: Calyrex|Calyrex-Ice, L50|100\/100\n|switch|p1b: Lilligant|Lilligant-Hisui, L50, F|100\/100\n|switch|p2a: Chi-Yu|Chi-Yu, L50|100\/100\n|switch|p2b: Raging Bolt|Raging Bolt, L50|100\/100\n|-ability|p1a: Calyrex|As One\n|-ability|p1a: Calyrex|Unnerve\n|-ability|p2a: Chi-Yu|Beads of Ruin\n|-enditem|p2b: Raging Bolt|Booster Energy\n|-activate|p2b: Raging Bolt|ability: Protosynthesis|[fromitem]\n|-start|p2b: Raging Bolt|protosynthesisspa\n|turn|1\n|inactive|The Slimmest Jesus has 30 seconds left.\n|inactive|The Slimmest Jesus has 20 seconds left.\n|inactive|The Slimmest Jesus has 15 seconds left.\n|\n|t:|1739211849\n|-terastallize|p2b: Raging Bolt|Electric\n|move|p1a: Calyrex|Protect|p1a: Calyrex\n|-singleturn|p1a: Calyrex|Protect\n|move|p1b: Lilligant|Close Combat|p2a: Chi-Yu\n|-supereffective|p2a: Chi-Yu\n|-crit|p2a: Chi-Yu\n|-damage|p2a: Chi-Yu|0 fnt\n|-unboost|p1b: Lilligant|def|1\n|-unboost|p1b: Lilligant|spd|1\n|faint|p2a: Chi-Yu\n|move|p2b: Raging Bolt|Thunderbolt|p1a: Calyrex\n|-activate|p1a: Calyrex|move: Protect\n|\n|upkeep\n|\n|t:|1739211870\n|switch|p2a: Calyrex|Calyrex-Ice, L50|100\/100\n|-ability|p2a: Calyrex|As One\n|-ability|p2a: Calyrex|Unnerve\n|turn|2\n|\n|t:|1739211892\n|move|p1b: Lilligant|Close Combat|p2a: Calyrex\n|-damage|p2a: Calyrex|62\/100\n|-unboost|p1b: Lilligant|def|1\n|-unboost|p1b: Lilligant|spd|1\n|move|p2b: Raging Bolt|Thunderbolt|p1a: Calyrex\n|-damage|p1a: Calyrex|42\/100\n|-status|p1a: Calyrex|par\n|move|p2a: Calyrex|Glacial Lance|p1b: Lilligant|[spread] p1a,p1b\n|-resisted|p1a: Calyrex\n|-supereffective|p1b: Lilligant\n|-damage|p1a: Calyrex|16\/100 par\n|-enditem|p1b: Lilligant|Focus Sash\n|-damage|p1b: Lilligant|1\/100\n|cant|p1a: Calyrex|par\n|\n|upkeep\n|turn|3\n|\n|t:|1739211917\n|move|p2b: Raging Bolt|Thunderclap||[still]\n|-fail|p2b: Raging Bolt\n|move|p1b: Lilligant|After You|p1a: Calyrex\n|-activate|p1a: Calyrex|move: After You\n|move|p1a: Calyrex|Trick Room|p1a: Calyrex\n|-fieldstart|move: Trick Room|[of] p1a: Calyrex\n|move|p2a: Calyrex|Glacial Lance|p1b: Lilligant|[spread] p1a,p1b\n|-resisted|p1a: Calyrex\n|-supereffective|p1b: Lilligant\n|-crit|p1b: Lilligant\n|-damage|p1a: Calyrex|0 fnt\n|-damage|p1b: Lilligant|0 fnt\n|faint|p1a: Calyrex\n|faint|p1b: Lilligant\n|-ability|p2a: Calyrex|Chilling Neigh|boost\n|-boost|p2a: Calyrex|atk|2\n|\n|upkeep\n|\n|t:|1739211926\n|switch|p1a: Regidrago|Regidrago, L50|100\/100\n|switch|p1b: Indeedee|Indeedee-F, L50, F|100\/100\n|-fieldstart|move: Psychic Terrain|[from] ability: Psychic Surge|[of] p1b: Indeedee\n|turn|4\n|\n|t:|1739211942\n|-terastallize|p1a: Regidrago|Dragon\n|move|p1b: Indeedee|Helping Hand|p1a: Regidrago\n|-singleturn|p1a: Regidrago|Helping Hand|[of] p1b: Indeedee\n|move|p2b: Raging Bolt|Protect|p2b: Raging Bolt\n|-singleturn|p2b: Raging Bolt|Protect\n|move|p1a: Regidrago|Dragon Energy|p2b: Raging Bolt|[spread] p2a\n|-activate|p2b: Raging Bolt|move: Protect\n|-damage|p2a: Calyrex|0 fnt\n|faint|p2a: Calyrex\n|\n|upkeep\n|\n|t:|1739211955\n|switch|p2a: Urshifu|Urshifu-Rapid-Strike, L50, F|100\/100\n|turn|5\n|-message|koji muranishi forfeited.\n|\n|win|The Slimmest Jesus\n|raw|The Slimmest Jesus's rating: 1626 &rarr; <strong>1647<\/strong><br \/>(+21 for winning)\n|raw|koji muranishi's rating: 1642 &rarr; <strong>1621<\/strong><br \/>(-21 for losing)\n|l|\u2606koji muranishi\n|player|p2|\n|l| Meiser63\n","uploadtime":1739212215,"views":35,"formatid":"gen9vgc2025regg","rating":1621,"private":0,"password":null}