{"id":"gen9vgc2025regg-2298261422","format":"[Gen 9] VGC 2025 Reg G","players":["Frikandellenbos","yukita_somaru"],"log":"|j|\u2606Frikandellenbos\n|j|\u2606yukita_somaru\n|t:|1739224083\n|gametype|doubles\n|player|p1|Frikandellenbos|hiker-gen4|1587\n|player|p2|yukita_somaru|chuck|1603\n|teamsize|p1|6\n|teamsize|p2|6\n|gen|9\n|tier|[Gen 9] VGC 2025 Reg G\n|rated|\n|rule|Species Clause: Limit one of each Pok\u00e9mon\n|rule|Item Clause: Limit 1 of each item\n|clearpoke\n|poke|p1|Calyrex-Ice, L50|\n|poke|p1|Incineroar, L50, F|\n|poke|p1|Pelipper, L50, F|\n|poke|p1|Ogerpon-Cornerstone, L50, F|\n|poke|p1|Raging Bolt, L50|\n|poke|p1|Urshifu-*, L50, F|\n|poke|p2|Miraidon, L50|\n|poke|p2|Iron Bundle, L50|\n|poke|p2|Iron Hands, L50|\n|poke|p2|Dragonite, L50, F|\n|poke|p2|Dondozo, L50, F|\n|poke|p2|Tatsugiri-Droopy, L50, F|\n|teampreview|4\n|inactive|Battle timer is ON: inactive players will automatically lose when time's up. (requested by yukita_somaru)\n|\n|t:|1739224128\n|start\n|switch|p1a: Calyrex|Calyrex-Ice, L50|100\/100\n|switch|p1b: Ogerpon|Ogerpon-Cornerstone, L50, F|100\/100\n|switch|p2a: \u30df\u30e9\u30a4\u30c9\u30f3|Miraidon, L50|100\/100\n|switch|p2b: \u30d8\u30a4\u30e9\u30c3\u30b7\u30e3|Dondozo, L50, F|100\/100\n|-ability|p1a: Calyrex|As One\n|-ability|p1a: Calyrex|Unnerve\n|-fieldstart|move: Electric Terrain|[from] ability: Hadron Engine|[of] p2a: \u30df\u30e9\u30a4\u30c9\u30f3\n|turn|1\n|j| BionicFox\n|inactive|yukita_somaru has 30 seconds left.\n|inactive|yukita_somaru has 20 seconds left.\n|inactive|yukita_somaru has 15 seconds left.\n|\n|t:|1739224170\n|move|p1b: Ogerpon|Spiky Shield|p1b: Ogerpon\n|-singleturn|p1b: Ogerpon|move: Protect\n|move|p1a: Calyrex|Protect|p1a: Calyrex\n|-singleturn|p1a: Calyrex|Protect\n|move|p2a: \u30df\u30e9\u30a4\u30c9\u30f3|Volt Switch|p1a: Calyrex\n|-activate|p1a: Calyrex|move: Protect\n|move|p2b: \u30d8\u30a4\u30e9\u30c3\u30b7\u30e3|Wave Crash|p1a: Calyrex\n|-activate|p1a: Calyrex|move: Protect\n|\n|upkeep\n|turn|2\n|\n|t:|1739224186\n|switch|p1a: Raging Bolt|Raging Bolt, L50|100\/100\n|-terastallize|p2b: \u30d8\u30a4\u30e9\u30c3\u30b7\u30e3|Ice\n|move|p2a: \u30df\u30e9\u30a4\u30c9\u30f3|Volt Switch|p1b: Ogerpon\n|-resisted|p1b: Ogerpon\n|-damage|p1b: Ogerpon|40\/100\n|\n|t:|1739224194\n|switch|p2a: \u30b7\u30e3\u30ea\u30bf\u30c4|Tatsugiri-Droopy, L50, F|100\/100|[from] Volt Switch\n|-activate|p2a: \u30b7\u30e3\u30ea\u30bf\u30c4|ability: Commander|[of] p2b: \u30d8\u30a4\u30e9\u30c3\u30b7\u30e3\n|-boost|p2b: \u30d8\u30a4\u30e9\u30c3\u30b7\u30e3|atk|2\n|-boost|p2b: \u30d8\u30a4\u30e9\u30c3\u30b7\u30e3|spa|2\n|-boost|p2b: \u30d8\u30a4\u30e9\u30c3\u30b7\u30e3|spe|2\n|-boost|p2b: \u30d8\u30a4\u30e9\u30c3\u30b7\u30e3|def|2\n|-boost|p2b: \u30d8\u30a4\u30e9\u30c3\u30b7\u30e3|spd|2\n|move|p1b: Ogerpon|Power Whip|p2b: \u30d8\u30a4\u30e9\u30c3\u30b7\u30e3\n|-damage|p2b: \u30d8\u30a4\u30e9\u30c3\u30b7\u30e3|74\/100\n|move|p2b: \u30d8\u30a4\u30e9\u30c3\u30b7\u30e3|Tera Blast|p1a: Raging Bolt|[anim] Tera Blast Ice\n|-supereffective|p1a: Raging Bolt\n|-damage|p1a: Raging Bolt|0 fnt\n|faint|p1a: Raging Bolt\n|-end|p1a: Raging Bolt|Protosynthesis|[silent]\n|\n|upkeep\n|\n|t:|1739224212\n|switch|p1a: Pelipper|Pelipper, L50, F|100\/100\n|-weather|RainDance|[from] ability: Drizzle|[of] p1a: Pelipper\n|turn|3\n|inactive|yukita_somaru has 30 seconds left.\n|inactive|yukita_somaru has 20 seconds left.\n|inactive|yukita_somaru has 15 seconds left.\n|\n|t:|1739224252\n|move|p1b: Ogerpon|Ivy Cudgel|p2b: \u30d8\u30a4\u30e9\u30c3\u30b7\u30e3|[anim] Ivy Cudgel Rock\n|-supereffective|p2b: \u30d8\u30a4\u30e9\u30c3\u30b7\u30e3\n|-damage|p2b: \u30d8\u30a4\u30e9\u30c3\u30b7\u30e3|36\/100\n|move|p2b: \u30d8\u30a4\u30e9\u30c3\u30b7\u30e3|Wave Crash|p1a: Pelipper\n|-resisted|p1a: Pelipper\n|-enditem|p1a: Pelipper|Focus Sash\n|-damage|p1a: Pelipper|1\/100\n|-damage|p2b: \u30d8\u30a4\u30e9\u30c3\u30b7\u30e3|16\/100|[from] Recoil\n|move|p1a: Pelipper|Weather Ball|p2b: \u30d8\u30a4\u30e9\u30c3\u30b7\u30e3\n|-damage|p2b: \u30d8\u30a4\u30e9\u30c3\u30b7\u30e3|0 fnt\n|faint|p2b: \u30d8\u30a4\u30e9\u30c3\u30b7\u30e3\n|\n|-weather|RainDance|[upkeep]\n|upkeep\n|\n|t:|1739224266\n|switch|p2b: \u30df\u30e9\u30a4\u30c9\u30f3|Miraidon, L50|100\/100\n|-activate|p2b: \u30df\u30e9\u30a4\u30c9\u30f3|ability: Hadron Engine\n|turn|4\n|inactive|yukita_somaru has 30 seconds left.\n|inactive|yukita_somaru has 20 seconds left.\n|\n|t:|1739224305\n|move|p1b: Ogerpon|Spiky Shield|p1b: Ogerpon\n|-singleturn|p1b: Ogerpon|move: Protect\n|move|p2b: \u30df\u30e9\u30a4\u30c9\u30f3|Volt Switch|p1b: Ogerpon\n|-activate|p1b: Ogerpon|move: Protect\n|move|p1a: Pelipper|Hurricane|p2a: \u30b7\u30e3\u30ea\u30bf\u30c4\n|-damage|p2a: \u30b7\u30e3\u30ea\u30bf\u30c4|50\/100\n|-start|p2a: \u30b7\u30e3\u30ea\u30bf\u30c4|confusion\n|-activate|p2a: \u30b7\u30e3\u30ea\u30bf\u30c4|confusion\n|move|p2a: \u30b7\u30e3\u30ea\u30bf\u30c4|Muddy Water|p1b: Ogerpon|[spread] p1a\n|-activate|p1b: Ogerpon|move: Protect\n|-resisted|p1a: Pelipper\n|-damage|p1a: Pelipper|0 fnt\n|faint|p1a: Pelipper\n|\n|-weather|RainDance|[upkeep]\n|upkeep\n|j| 2-2-2 Ape\n|\n|t:|1739224318\n|switch|p1a: Calyrex|Calyrex-Ice, L50|100\/100\n|-ability|p1a: Calyrex|As One\n|-ability|p1a: Calyrex|Unnerve\n|turn|5\n|l| 2-2-2 Ape\n|inactive|Frikandellenbos has 30 seconds left.\n|inactive|yukita_somaru has 30 seconds left.\n|inactive|yukita_somaru has 20 seconds left.\n|inactive|yukita_somaru has 15 seconds left.\n|inactive|yukita_somaru has 10 seconds left.\n|inactive|yukita_somaru has 5 seconds left.\n|inactive|Frikandellenbos has 20 seconds left.\n|\n|t:|1739224374\n|switch|p2a: \u30c6\u30c4\u30ce\u30ab\u30a4\u30ca|Iron Hands, L50|100\/100\n|-activate|p2a: \u30c6\u30c4\u30ce\u30ab\u30a4\u30ca|ability: Quark Drive\n|-start|p2a: \u30c6\u30c4\u30ce\u30ab\u30a4\u30ca|quarkdriveatk\n|move|p2b: \u30df\u30e9\u30a4\u30c9\u30f3|Volt Switch|p1b: Ogerpon\n|-resisted|p1b: Ogerpon\n|-damage|p1b: Ogerpon|0 fnt\n|faint|p1b: Ogerpon\n|\n|t:|1739224382\n|switch|p2b: \u30b7\u30e3\u30ea\u30bf\u30c4|Tatsugiri-Droopy, L50, F|50\/100|[from] Volt Switch\n|move|p1a: Calyrex|Trick Room|p1a: Calyrex\n|-fieldstart|move: Trick Room|[of] p1a: Calyrex\n|\n|-weather|RainDance|[upkeep]\n|-fieldend|move: Electric Terrain\n|-end|p2a: \u30c6\u30c4\u30ce\u30ab\u30a4\u30ca|Quark Drive\n|upkeep\n|turn|6\n|inactive|yukita_somaru has 30 seconds left.\n|inactive|yukita_somaru has 20 seconds left.\n|inactive|yukita_somaru has 15 seconds left.\n|inactive|yukita_somaru has 10 seconds left.\n|\n|t:|1739224430\n|switch|p2b: \u30df\u30e9\u30a4\u30c9\u30f3|Miraidon, L50|100\/100\n|-fieldstart|move: Electric Terrain|[from] ability: Hadron Engine|[of] p2b: \u30df\u30e9\u30a4\u30c9\u30f3\n|-activate|p2a: \u30c6\u30c4\u30ce\u30ab\u30a4\u30ca|ability: Quark Drive\n|-start|p2a: \u30c6\u30c4\u30ce\u30ab\u30a4\u30ca|quarkdriveatk\n|move|p1a: Calyrex|Protect|p1a: Calyrex\n|-singleturn|p1a: Calyrex|Protect\n|move|p2a: \u30c6\u30c4\u30ce\u30ab\u30a4\u30ca|Fake Out|p1a: Calyrex\n|-activate|p1a: Calyrex|move: Protect\n|\n|-weather|RainDance|[upkeep]\n|upkeep\n|turn|7\n|inactive|yukita_somaru has 30 seconds left.\n|inactive|yukita_somaru has 20 seconds left.\n|inactive|yukita_somaru has 15 seconds left.\n|\n|t:|1739224475\n|-terastallize|p1a: Calyrex|Fairy\n|move|p2a: \u30c6\u30c4\u30ce\u30ab\u30a4\u30ca|Low Kick|p1a: Calyrex\n|-resisted|p1a: Calyrex\n|-damage|p1a: Calyrex|75\/100\n|move|p1a: Calyrex|Glacial Lance|p2b: \u30df\u30e9\u30a4\u30c9\u30f3|[spread] p2a,p2b\n|-supereffective|p2b: \u30df\u30e9\u30a4\u30c9\u30f3\n|-damage|p2a: \u30c6\u30c4\u30ce\u30ab\u30a4\u30ca|64\/100\n|-damage|p2b: \u30df\u30e9\u30a4\u30c9\u30f3|0 fnt\n|faint|p2b: \u30df\u30e9\u30a4\u30c9\u30f3\n|-ability|p1a: Calyrex|Chilling Neigh|boost\n|-boost|p1a: Calyrex|atk|1\n|\n|-weather|none\n|upkeep\n|\n|t:|1739224488\n|switch|p2b: \u30b7\u30e3\u30ea\u30bf\u30c4|Tatsugiri-Droopy, L50, F|50\/100\n|turn|8\n|inactive|Frikandellenbos has 30 seconds left.\n|\n|t:|1739224515\n|move|p2b: \u30b7\u30e3\u30ea\u30bf\u30c4|Helping Hand|p2a: \u30c6\u30c4\u30ce\u30ab\u30a4\u30ca\n|-singleturn|p2a: \u30c6\u30c4\u30ce\u30ab\u30a4\u30ca|Helping Hand|[of] p2b: \u30b7\u30e3\u30ea\u30bf\u30c4\n|move|p2a: \u30c6\u30c4\u30ce\u30ab\u30a4\u30ca|Wild Charge|p1a: Calyrex\n|-damage|p1a: Calyrex|0 fnt\n|faint|p1a: Calyrex\n|-damage|p2a: \u30c6\u30c4\u30ce\u30ab\u30a4\u30ca|48\/100|[from] Recoil\n|\n|win|yukita_somaru\n|raw|Frikandellenbos's rating: 1587 &rarr; <strong>1568<\/strong><br \/>(-19 for losing)\n|raw|yukita_somaru's rating: 1603 &rarr; <strong>1622<\/strong><br \/>(+19 for winning)\n|l|\u2606Frikandellenbos\n|player|p1|\n|l|\u2606yukita_somaru\n|player|p2|\n|l| BionicFox\n","uploadtime":1739224667,"views":5,"formatid":"gen9vgc2025regg","rating":1568,"private":0,"password":null}