{"id":"gen9vgc2025regg-2298444286","format":"[Gen 9] VGC 2025 Reg G","players":["pigsprep","speedyturtle87"],"log":"|j|\u2606pigsprep\n|j|\u2606speedyturtle87\n|t:|1739247096\n|gametype|doubles\n|player|p1|pigsprep|arven-v|1516\n|player|p2|speedyturtle87|carmine|1608\n|teamsize|p1|6\n|teamsize|p2|6\n|gen|9\n|tier|[Gen 9] VGC 2025 Reg G\n|rated|\n|rule|Species Clause: Limit one of each Pok\u00e9mon\n|rule|Item Clause: Limit 1 of each item\n|clearpoke\n|poke|p1|Kyogre, L50|\n|poke|p1|Tornadus, L50, M|\n|poke|p1|Dondozo, L50, M|\n|poke|p1|Ting-Lu, L50|\n|poke|p1|Indeedee-F, L50, F|\n|poke|p1|Pikachu, L50, F|\n|poke|p2|Zacian-*, L50|\n|poke|p2|Whimsicott, L50, F|\n|poke|p2|Raging Bolt, L50|\n|poke|p2|Farigiraf, L50, F|\n|poke|p2|Ogerpon-Hearthflame, L50, F|\n|poke|p2|Iron Bundle, L50|\n|teampreview|4\n|inactive|Battle timer is ON: inactive players will automatically lose when time's up. (requested by speedyturtle87)\n|inactive|pigsprep also wants the timer to be on.\n|inactive|speedyturtle87 has 60 seconds left.\n|\n|t:|1739247126\n|start\n|switch|p1a: Kyogre|Kyogre, L50|100\/100\n|switch|p1b: Tornadus|Tornadus, L50, M|100\/100\n|switch|p2a: The goat|Iron Bundle, L50|100\/100\n|switch|p2b: Raging Bolt|Raging Bolt, L50|100\/100\n|-weather|RainDance|[from] ability: Drizzle|[of] p1a: Kyogre\n|-enditem|p2a: The goat|Booster Energy\n|-activate|p2a: The goat|ability: Quark Drive|[fromitem]\n|-start|p2a: The goat|quarkdrivespe\n|turn|1\n|inactive|pigsprep has 30 seconds left.\n|inactive|pigsprep has 20 seconds left.\n|inactive|pigsprep has 15 seconds left.\n|inactive|pigsprep has 10 seconds left.\n|\n|t:|1739247174\n|move|p2a: The goat|Protect|p2a: The goat\n|-singleturn|p2a: The goat|Protect\n|move|p1b: Tornadus|Bleakwind Storm|p2b: Raging Bolt|[spread] p2b\n|-activate|p2a: The goat|move: Protect\n|-resisted|p2b: Raging Bolt\n|-damage|p2b: Raging Bolt|86\/100\n|move|p1a: Kyogre|Origin Pulse|p2b: Raging Bolt|[spread] p2b\n|-activate|p2a: The goat|move: Protect\n|-resisted|p2b: Raging Bolt\n|-damage|p2b: Raging Bolt|44\/100\n|move|p2b: Raging Bolt|Thunderbolt|p1b: Tornadus\n|-supereffective|p1b: Tornadus\n|-damage|p1b: Tornadus|0 fnt\n|faint|p1b: Tornadus\n|-damage|p2b: Raging Bolt|34\/100|[from] item: Life Orb\n|\n|-weather|RainDance|[upkeep]\n|upkeep\n|\n|t:|1739247179\n|switch|p1b: Ting-Lu|Ting-Lu, L50|100\/100\n|-ability|p1b: Ting-Lu|Vessel of Ruin\n|turn|2\n|\n|t:|1739247199\n|-terastallize|p1b: Ting-Lu|Fairy\n|move|p2b: Raging Bolt|Thunderclap|p1a: Kyogre\n|-supereffective|p1a: Kyogre\n|-damage|p1a: Kyogre|43\/100\n|-damage|p2b: Raging Bolt|25\/100|[from] item: Life Orb\n|move|p2a: The goat|Freeze-Dry|p1a: Kyogre\n|-supereffective|p1a: Kyogre\n|-damage|p1a: Kyogre|7\/100\n|move|p1a: Kyogre|Origin Pulse|p2b: Raging Bolt|[spread] p2a,p2b\n|-resisted|p2a: The goat\n|-resisted|p2b: Raging Bolt\n|-damage|p2a: The goat|26\/100\n|-damage|p2b: Raging Bolt|0 fnt\n|faint|p2b: Raging Bolt\n|-end|p2b: Raging Bolt|Protosynthesis|[silent]\n|move|p1b: Ting-Lu|Sand Tomb|p2a: The goat\n|-damage|p2a: The goat|10\/100\n|-activate|p2a: The goat|move: Sand Tomb|[of] p1b: Ting-Lu\n|\n|-weather|RainDance|[upkeep]\n|-damage|p2a: The goat|0 fnt|[from] move: Sand Tomb|[partiallytrapped]\n|faint|p2a: The goat\n|-end|p2a: The goat|Quark Drive|[silent]\n|upkeep\n|\n|t:|1739247214\n|switch|p2a: Zacian|Zacian-Crowned, L50|100\/100\n|switch|p2b: friend|Whimsicott, L50, F|100\/100\n|-ability|p2a: Zacian|Intrepid Sword|boost\n|-boost|p2a: Zacian|atk|1\n|turn|3\n|\n|t:|1739247225\n|move|p1b: Ting-Lu|Protect|p1b: Ting-Lu\n|-singleturn|p1b: Ting-Lu|Protect\n|move|p2a: Zacian|Behemoth Blade|p1b: Ting-Lu\n|-activate|p1b: Ting-Lu|move: Protect\n|move|p2b: friend|Moonblast|p1a: Kyogre\n|-damage|p1a: Kyogre|0 fnt\n|faint|p1a: Kyogre\n|\n|-weather|RainDance|[upkeep]\n|upkeep\n|\n|t:|1739247229\n|switch|p1a: Dondozo|Dondozo, L50, M|100\/100\n|turn|4\n|\n|t:|1739247240\n|move|p1b: Ting-Lu|Protect||[still]\n|-fail|p1b: Ting-Lu\n|move|p2b: friend|Taunt|p1a: Dondozo\n|-immune|p1a: Dondozo|[from] ability: Oblivious\n|move|p2a: Zacian|Behemoth Blade|p1b: Ting-Lu\n|-supereffective|p1b: Ting-Lu\n|-damage|p1b: Ting-Lu|5\/100\n|-enditem|p1b: Ting-Lu|Sitrus Berry|[eat]\n|-heal|p1b: Ting-Lu|30\/100|[from] item: Sitrus Berry\n|move|p1a: Dondozo|Fissure|p2a: Zacian|[miss]\n|-miss|p1a: Dondozo|p2a: Zacian\n|\n|-weather|RainDance|[upkeep]\n|upkeep\n|turn|5\n|\n|t:|1739247261\n|move|p1b: Ting-Lu|Protect|p1b: Ting-Lu\n|-singleturn|p1b: Ting-Lu|Protect\n|move|p2a: Zacian|Play Rough|p1a: Dondozo\n|-damage|p1a: Dondozo|57\/100\n|move|p2b: friend|Moonblast|p1a: Dondozo\n|-damage|p1a: Dondozo|34\/100\n|-unboost|p1a: Dondozo|spa|1\n|move|p1a: Dondozo|Fissure|p2a: Zacian|[miss]\n|-miss|p1a: Dondozo|p2a: Zacian\n|\n|-weather|none\n|-heal|p1a: Dondozo|40\/100|[from] item: Leftovers\n|upkeep\n|turn|6\n|\n|t:|1739247278\n|move|p1b: Ting-Lu|Protect||[still]\n|-fail|p1b: Ting-Lu\n|move|p2a: Zacian|Play Rough|p1a: Dondozo|[miss]\n|-miss|p2a: Zacian|p1a: Dondozo\n|move|p2b: friend|Moonblast|p1a: Dondozo\n|-damage|p1a: Dondozo|18\/100\n|-unboost|p1a: Dondozo|spa|1\n|move|p1a: Dondozo|Fissure|p2a: Zacian\n|-damage|p2a: Zacian|0 fnt\n|faint|p2a: Zacian\n|-ohko\n|\n|-heal|p1a: Dondozo|24\/100|[from] item: Leftovers\n|upkeep\n|turn|7\n|\n|t:|1739247291\n|move|p1b: Ting-Lu|Protect|p1b: Ting-Lu\n|-singleturn|p1b: Ting-Lu|Protect\n|move|p1a: Dondozo|Protect|p1a: Dondozo\n|-singleturn|p1a: Dondozo|Protect\n|move|p2b: friend|Encore|p1b: Ting-Lu\n|-activate|p1b: Ting-Lu|move: Protect\n|\n|-heal|p1a: Dondozo|30\/100|[from] item: Leftovers\n|upkeep\n|turn|8\n|\n|t:|1739247299\n|move|p2b: friend|Encore|p1a: Dondozo\n|-start|p1a: Dondozo|Encore\n|move|p1b: Ting-Lu|Taunt|p2b: friend\n|-start|p2b: friend|move: Taunt\n|move|p1a: Dondozo|Protect||[still]\n|-fail|p1a: Dondozo\n|\n|-heal|p1a: Dondozo|36\/100|[from] item: Leftovers\n|upkeep\n|turn|9\n|\n|t:|1739247306\n|move|p1a: Dondozo|Protect|p1a: Dondozo\n|-singleturn|p1a: Dondozo|Protect\n|move|p2b: friend|Moonblast|p1b: Ting-Lu\n|-damage|p1b: Ting-Lu|12\/100\n|-unboost|p1b: Ting-Lu|spa|1\n|move|p1b: Ting-Lu|Sand Tomb|p2b: friend|[miss]\n|-miss|p1b: Ting-Lu|p2b: friend\n|\n|-heal|p1a: Dondozo|42\/100|[from] item: Leftovers\n|upkeep\n|turn|10\n|\n|t:|1739247310\n|move|p1b: Ting-Lu|Protect|p1b: Ting-Lu\n|-singleturn|p1b: Ting-Lu|Protect\n|move|p1a: Dondozo|Protect||[still]\n|-fail|p1a: Dondozo\n|move|p2b: friend|Moonblast|p1a: Dondozo\n|-damage|p1a: Dondozo|21\/100\n|-unboost|p1a: Dondozo|spa|1\n|\n|-heal|p1a: Dondozo|28\/100|[from] item: Leftovers\n|-end|p1a: Dondozo|Encore\n|upkeep\n|turn|11\n|\n|t:|1739247319\n|move|p1b: Ting-Lu|Protect|p1b: Ting-Lu\n|-singleturn|p1b: Ting-Lu|Protect\n|move|p2b: friend|Moonblast|p1b: Ting-Lu\n|-activate|p1b: Ting-Lu|move: Protect\n|move|p1a: Dondozo|Yawn|p2b: friend\n|-start|p2b: friend|move: Yawn|[of] p1a: Dondozo\n|\n|-heal|p1a: Dondozo|34\/100|[from] item: Leftovers\n|-end|p2b: friend|move: Taunt\n|upkeep\n|turn|12\n|\n|t:|1739247329\n|move|p1a: Dondozo|Protect|p1a: Dondozo\n|-singleturn|p1a: Dondozo|Protect\n|move|p2b: friend|Moonblast|p1b: Ting-Lu\n|-damage|p1b: Ting-Lu|0 fnt\n|faint|p1b: Ting-Lu\n|\n|-heal|p1a: Dondozo|40\/100|[from] item: Leftovers\n|-end|p2b: friend|move: Yawn|[silent]\n|-status|p2b: friend|slp\n|upkeep\n|turn|13\n|\n|t:|1739247335\n|cant|p2b: friend|slp\n|move|p1a: Dondozo|Fissure|p2b: friend|[miss]\n|-miss|p1a: Dondozo|p2b: friend\n|\n|-heal|p1a: Dondozo|46\/100|[from] item: Leftovers\n|upkeep\n|turn|14\n|\n|t:|1739247340\n|cant|p2b: friend|slp\n|move|p1a: Dondozo|Fissure|p2b: friend|[miss]\n|-miss|p1a: Dondozo|p2b: friend\n|\n|-heal|p1a: Dondozo|52\/100|[from] item: Leftovers\n|upkeep\n|turn|15\n|\n|t:|1739247343\n|cant|p2b: friend|slp\n|move|p1a: Dondozo|Fissure|p2b: friend\n|-enditem|p2b: friend|Focus Sash\n|-damage|p2b: friend|1\/100 slp\n|\n|-heal|p1a: Dondozo|58\/100|[from] item: Leftovers\n|upkeep\n|turn|16\n|\n|t:|1739247347\n|-curestatus|p2b: friend|slp|[msg]\n|move|p2b: friend|Moonblast|p1a: Dondozo\n|-damage|p1a: Dondozo|28\/100\n|move|p1a: Dondozo|Wave Crash|p2b: friend\n|-resisted|p2b: friend\n|-damage|p2b: friend|0 fnt\n|faint|p2b: friend\n|-damage|p1a: Dondozo|28\/100|[from] Recoil\n|\n|win|pigsprep\n|raw|pigsprep's rating: 1516 &rarr; <strong>1541<\/strong><br \/>(+25 for winning)\n|raw|speedyturtle87's rating: 1608 &rarr; <strong>1583<\/strong><br \/>(-25 for losing)\n|c|\u2606speedyturtle87|well played\n|c|\u2606pigsprep|U2\n|l|\u2606pigsprep\n|player|p1|\n|c|\u2606speedyturtle87|I taunted a dondozo i deserved to lose\n|l|\u2606speedyturtle87\n|player|p2|\n","uploadtime":1739247390,"views":8,"formatid":"gen9vgc2025regg","rating":1541,"private":0,"password":null}