{"id":"gen9vgc2025regg-2298690988","format":"[Gen 9] VGC 2025 Reg G","players":["tetsuokaga","ScribbleScribble"],"log":"|j|\u2606tetsuokaga\n|j|\u2606ScribbleScribble\n|t:|1739285945\n|gametype|doubles\n|player|p1|tetsuokaga|youngster-gen1|1575\n|player|p2|ScribbleScribble|gardenia-masters|1651\n|teamsize|p1|6\n|teamsize|p2|6\n|gen|9\n|tier|[Gen 9] VGC 2025 Reg G\n|rated|\n|rule|Species Clause: Limit one of each Pok\u00e9mon\n|rule|Item Clause: Limit 1 of each item\n|clearpoke\n|poke|p1|Calyrex-Ice, L50|\n|poke|p1|Gothorita, L50, F|\n|poke|p1|Incineroar, L50, M|\n|poke|p1|Primarina, L50, M|\n|poke|p1|Rillaboom, L50, M|\n|poke|p1|Farigiraf, L50, M|\n|poke|p2|Eternatus, L50|\n|poke|p2|Gholdengo, L50|\n|poke|p2|Tinkaton, L50, F|\n|poke|p2|Flutter Mane, L50|\n|poke|p2|Tornadus, L50, M|\n|poke|p2|Urshifu-*, L50, M|\n|teampreview|4\n|inactive|Battle timer is ON: inactive players will automatically lose when time's up. (requested by ScribbleScribble)\n|inactive|tetsuokaga also wants the timer to be on.\n|\n|t:|1739285970\n|start\n|switch|p1a: Farigiraf|Farigiraf, L50, M|100\/100\n|switch|p1b: Incineroar|Incineroar, L50, M|100\/100\n|switch|p2a: Eternatus|Eternatus, L50|100\/100\n|switch|p2b: Gholdengo|Gholdengo, L50|100\/100\n|-ability|p2a: Eternatus|Pressure\n|-ability|p1b: Incineroar|Intimidate|boost\n|-unboost|p2a: Eternatus|atk|1\n|-unboost|p2b: Gholdengo|atk|1\n|turn|1\n|inactive|ScribbleScribble has 30 seconds left.\n|inactive|ScribbleScribble has 20 seconds left.\n|inactive|ScribbleScribble has 15 seconds left.\n|inactive|ScribbleScribble has 10 seconds left.\n|\n|t:|1739286017\n|-terastallize|p2b: Gholdengo|Steel\n|move|p1b: Incineroar|Fake Out|p2a: Eternatus\n|-damage|p2a: Eternatus|92\/100\n|cant|p2a: Eternatus|flinch\n|move|p2b: Gholdengo|Make It Rain|p1b: Incineroar|[spread] p1a,p1b\n|-resisted|p1b: Incineroar\n|-damage|p1a: Farigiraf|23\/100\n|-damage|p1b: Incineroar|63\/100\n|-unboost|p2b: Gholdengo|spa|1\n|move|p1a: Farigiraf|Trick Room|p1a: Farigiraf\n|-fieldstart|move: Trick Room|[of] p1a: Farigiraf\n|\n|upkeep\n|turn|2\n|\n|t:|1739286031\n|switch|p2b: Tinkaton|Tinkaton, L50, F|100\/100\n|-ability|p2b: Tinkaton|Mold Breaker\n|move|p1b: Incineroar|Snarl|p2a: Eternatus|[spread] p2a,p2b\n|-resisted|p2b: Tinkaton\n|-damage|p2a: Eternatus|86\/100\n|-damage|p2b: Tinkaton|95\/100\n|-unboost|p2a: Eternatus|spa|1\n|-unboost|p2b: Tinkaton|spa|1\n|move|p1a: Farigiraf|Psychic|p2a: Eternatus\n|-supereffective|p2a: Eternatus\n|-damage|p2a: Eternatus|47\/100\n|move|p2a: Eternatus|Sludge Wave|p1b: Incineroar|[spread] p1a,p1b\n|-immune|p2b: Tinkaton\n|-damage|p1a: Farigiraf|3\/100\n|-damage|p1b: Incineroar|42\/100\n|-status|p1b: Incineroar|psn\n|\n|-damage|p1b: Incineroar|29\/100 psn|[from] psn\n|upkeep\n|turn|3\n|inactive|ScribbleScribble has 30 seconds left.\n|\n|t:|1739286057\n|switch|p2a: Gholdengo|Gholdengo, L50, tera:Steel|100\/100\n|move|p1a: Farigiraf|Protect|p1a: Farigiraf\n|-singleturn|p1a: Farigiraf|Protect\n|move|p2b: Tinkaton|Fake Out|p1a: Farigiraf\n|-activate|p1a: Farigiraf|move: Protect\n|move|p1b: Incineroar|Parting Shot|p2a: Gholdengo\n|-immune|p2a: Gholdengo|[from] ability: Good as Gold\n|\n|-damage|p1b: Incineroar|17\/100 psn|[from] psn\n|upkeep\n|-enditem|p1b: Incineroar|Aguav Berry|[eat]\n|-heal|p1b: Incineroar|50\/100 psn|[from] item: Aguav Berry\n|turn|4\n|\n|t:|1739286081\n|switch|p2a: Eternatus|Eternatus, L50|47\/100\n|-ability|p2a: Eternatus|Pressure\n|move|p2b: Tinkaton|Feint|p1a: Farigiraf\n|-damage|p1a: Farigiraf|0 fnt\n|faint|p1a: Farigiraf\n|move|p1b: Incineroar|Flare Blitz|p2a: Eternatus\n|-resisted|p2a: Eternatus\n|-damage|p2a: Eternatus|26\/100\n|-damage|p1b: Incineroar|43\/100 psn|[from] Recoil\n|\n|-damage|p1b: Incineroar|30\/100 psn|[from] psn\n|upkeep\n|\n|t:|1739286088\n|switch|p1a: Calyrex|Calyrex-Ice, L50|100\/100\n|-ability|p1a: Calyrex|As One\n|-ability|p1a: Calyrex|Unnerve\n|turn|5\n|j| sam smithy\n|l| sam smithy\n|inactive|tetsuokaga has 30 seconds left.\n|\n|t:|1739286119\n|switch|p1b: Primarina|Primarina, L50, M|100\/100\n|move|p1a: Calyrex|High Horsepower|p2b: Tinkaton\n|-supereffective|p2b: Tinkaton\n|-damage|p2b: Tinkaton|22\/100\n|-damage|p1a: Calyrex|84\/100|[from] item: Rocky Helmet|[of] p2b: Tinkaton\n|move|p2b: Tinkaton|Gigaton Hammer|p1a: Calyrex\n|-supereffective|p1a: Calyrex\n|-damage|p1a: Calyrex|29\/100\n|move|p2a: Eternatus|Sludge Wave|p1a: Calyrex|[spread] p1a,p1b\n|-immune|p2b: Tinkaton\n|-crit|p1a: Calyrex\n|-supereffective|p1b: Primarina\n|-damage|p1a: Calyrex|0 fnt\n|-damage|p1b: Primarina|36\/100\n|-enditem|p1b: Primarina|Sitrus Berry|[eat]\n|-heal|p1b: Primarina|61\/100|[from] item: Sitrus Berry\n|faint|p1a: Calyrex\n|\n|-fieldend|move: Trick Room\n|upkeep\n|\n|t:|1739286122\n|switch|p1a: Incineroar|Incineroar, L50, M|30\/100 psn\n|-ability|p1a: Incineroar|Intimidate|boost\n|-unboost|p2a: Eternatus|atk|1\n|-unboost|p2b: Tinkaton|atk|1\n|turn|6\n|\n|t:|1739286142\n|move|p2b: Tinkaton|Helping Hand|p2a: Eternatus\n|-singleturn|p2a: Eternatus|Helping Hand|[of] p2b: Tinkaton\n|move|p1a: Incineroar|Fake Out|p2a: Eternatus\n|-crit|p2a: Eternatus\n|-damage|p2a: Eternatus|13\/100\n|cant|p2a: Eternatus|flinch\n|move|p1b: Primarina|Water Pledge|p2b: Tinkaton\n|-damage|p2b: Tinkaton|0 fnt\n|faint|p2b: Tinkaton\n|\n|-damage|p1a: Incineroar|18\/100 psn|[from] psn\n|upkeep\n|\n|t:|1739286145\n|switch|p2b: Gholdengo|Gholdengo, L50, tera:Steel|100\/100\n|turn|7\n|-message|tetsuokaga forfeited.\n|\n|win|ScribbleScribble\n|raw|tetsuokaga's rating: 1575 &rarr; <strong>1559<\/strong><br \/>(-16 for losing)\n|raw|ScribbleScribble's rating: 1651 &rarr; <strong>1667<\/strong><br \/>(+16 for winning)\n|l|\u2606tetsuokaga\n|player|p1|\n|l|\u2606ScribbleScribble\n|player|p2|\n","uploadtime":1739286316,"views":8,"formatid":"gen9vgc2025regg","rating":1559,"private":0,"password":null}