{"id":"gen9vgc2025regg-2298466672","format":"[Gen 9] VGC 2025 Reg G","players":["ScribbleScribble","wibe guarb"],"log":"|j|\u2606ScribbleScribble\n|j|\u2606wibe guarb\n|t:|1739250651\n|gametype|doubles\n|player|p1|ScribbleScribble|gardenia-masters|1608\n|player|p2|wibe guarb|ninjaboy|1671\n|teamsize|p1|6\n|teamsize|p2|6\n|gen|9\n|tier|[Gen 9] VGC 2025 Reg G\n|rated|\n|rule|Species Clause: Limit one of each Pok\u00e9mon\n|rule|Item Clause: Limit 1 of each item\n|clearpoke\n|poke|p1|Calyrex-Ice, L50|\n|poke|p1|Farigiraf, L50, F|\n|poke|p1|Iron Valiant, L50|\n|poke|p1|Ogerpon-Wellspring, L50, F|\n|poke|p1|Roaring Moon, L50|\n|poke|p1|Landorus, L50, M|\n|poke|p2|Amoonguss, L50, F|\n|poke|p2|Calyrex-Ice, L50|\n|poke|p2|Gouging Fire, L50|\n|poke|p2|Urshifu-*, L50, M|\n|poke|p2|Tornadus, L50, M|\n|poke|p2|Kingambit, L50, F|\n|teampreview|4\n|inactive|Battle timer is ON: inactive players will automatically lose when time's up. (requested by ScribbleScribble)\n|\n|t:|1739250672\n|start\n|switch|p1a: Calyrex|Calyrex-Ice, L50|100\/100\n|switch|p1b: Ogerpon|Ogerpon-Wellspring, L50, F|100\/100\n|switch|p2a: Gouging Fire|Gouging Fire, L50|100\/100\n|switch|p2b: Urshifu|Urshifu-Rapid-Strike, L50, M|100\/100\n|-ability|p1a: Calyrex|As One\n|-ability|p1a: Calyrex|Unnerve\n|-enditem|p2a: Gouging Fire|Booster Energy\n|-activate|p2a: Gouging Fire|ability: Protosynthesis|[fromitem]\n|-start|p2a: Gouging Fire|protosynthesisspe\n|turn|1\n|\n|t:|1739250691\n|-terastallize|p1a: Calyrex|Dragon\n|move|p2a: Gouging Fire|Howl|p2a: Gouging Fire|[spread] p2a,p2b\n|-boost|p2a: Gouging Fire|atk|1\n|-boost|p2b: Urshifu|atk|1\n|move|p2b: Urshifu|U-turn|p1b: Ogerpon\n|-supereffective|p1b: Ogerpon\n|-damage|p1b: Ogerpon|22\/100\n|\n|t:|1739250698\n|switch|p2b: Calyrex|Calyrex-Ice, L50|100\/100|[from] U-turn\n|-ability|p2b: Calyrex|As One\n|-ability|p2b: Calyrex|Unnerve\n|move|p1b: Ogerpon|Wood Hammer|p2b: Calyrex\n|-damage|p2b: Calyrex|51\/100\n|-damage|p1b: Ogerpon|6\/100|[from] Recoil\n|move|p1a: Calyrex|Glacial Lance|p2b: Calyrex|[spread] p2a,p2b\n|-resisted|p2b: Calyrex\n|-damage|p2a: Gouging Fire|60\/100\n|-damage|p2b: Calyrex|34\/100\n|\n|upkeep\n|turn|2\n|j| Xunyicaoawa\n|\n|t:|1739250711\n|move|p1b: Ogerpon|Follow Me|p1b: Ogerpon\n|-singleturn|p1b: Ogerpon|move: Follow Me\n|move|p2a: Gouging Fire|Breaking Swipe|p1b: Ogerpon|[spread] p1a,p1b\n|-supereffective|p1a: Calyrex\n|-damage|p1a: Calyrex|61\/100\n|-damage|p1b: Ogerpon|0 fnt\n|faint|p1b: Ogerpon\n|move|p1a: Calyrex|Imprison|p1a: Calyrex\n|-start|p1a: Calyrex|move: Imprison\n|cant|p2b: Calyrex|move: Imprison|Glacial Lance\n|\n|upkeep\n|\n|t:|1739250718\n|switch|p1b: Roaring Moon|Roaring Moon, L50|100\/100\n|-enditem|p1b: Roaring Moon|Booster Energy\n|-activate|p1b: Roaring Moon|ability: Protosynthesis|[fromitem]\n|-start|p1b: Roaring Moon|protosynthesisspe\n|turn|3\n|\n|t:|1739250730\n|switch|p2b: Urshifu|Urshifu-Rapid-Strike, L50, M|100\/100\n|move|p2a: Gouging Fire|Burning Bulwark|p2a: Gouging Fire\n|-singleturn|p2a: Gouging Fire|move: Protect\n|move|p1b: Roaring Moon|Tailwind|p1b: Roaring Moon\n|-sidestart|p1: ScribbleScribble|move: Tailwind\n|move|p1a: Calyrex|Glacial Lance|p2b: Urshifu|[spread] p2b\n|-activate|p2a: Gouging Fire|move: Protect\n|-resisted|p2b: Urshifu\n|-damage|p2b: Urshifu|73\/100\n|\n|upkeep\n|turn|4\n|\n|t:|1739250751\n|switch|p2b: Calyrex|Calyrex-Ice, L50|34\/100\n|-ability|p2b: Calyrex|As One\n|-ability|p2b: Calyrex|Unnerve\n|-terastallize|p2a: Gouging Fire|Fairy\n|move|p1b: Roaring Moon|Acrobatics|p2a: Gouging Fire\n|-damage|p2a: Gouging Fire|25\/100\n|move|p2a: Gouging Fire|Breaking Swipe|p1b: Roaring Moon|[spread] p1a,p1b\n|-supereffective|p1a: Calyrex\n|-supereffective|p1b: Roaring Moon\n|-damage|p1a: Calyrex|21\/100\n|-damage|p1b: Roaring Moon|24\/100\n|-unboost|p1b: Roaring Moon|atk|1\n|move|p1a: Calyrex|Glacial Lance|p2a: Gouging Fire|[spread] p2a,p2b\n|-resisted|p2b: Calyrex\n|-damage|p2a: Gouging Fire|0 fnt\n|-damage|p2b: Calyrex|14\/100\n|faint|p2a: Gouging Fire\n|-end|p2a: Gouging Fire|Protosynthesis|[silent]\n|-ability|p1a: Calyrex|Chilling Neigh|boost\n|-boost|p1a: Calyrex|atk|1\n|\n|upkeep\n|\n|t:|1739250757\n|switch|p2a: Tornadus|Tornadus, L50, M|100\/100\n|turn|5\n|\n|t:|1739250780\n|move|p2a: Tornadus|Tailwind|p2a: Tornadus\n|-sidestart|p2: wibe guarb|move: Tailwind\n|move|p1b: Roaring Moon|Knock Off|p2a: Tornadus\n|-damage|p2a: Tornadus|56\/100\n|-enditem|p2a: Tornadus|Focus Sash|[from] move: Knock Off|[of] p1b: Roaring Moon\n|move|p1a: Calyrex|Glacial Lance|p2a: Tornadus|[spread] p2a,p2b\n|-supereffective|p2a: Tornadus\n|-resisted|p2b: Calyrex\n|-damage|p2a: Tornadus|0 fnt\n|-damage|p2b: Calyrex|0 fnt\n|faint|p2a: Tornadus\n|faint|p2b: Calyrex\n|-ability|p1a: Calyrex|Chilling Neigh|boost\n|-boost|p1a: Calyrex|atk|2\n|\n|upkeep\n|\n|t:|1739250783\n|switch|p2b: Urshifu|Urshifu-Rapid-Strike, L50, M|73\/100\n|turn|6\n|\n|t:|1739250794\n|move|p1b: Roaring Moon|Acrobatics|p2b: Urshifu\n|-supereffective|p2b: Urshifu\n|-damage|p2b: Urshifu|18\/100\n|move|p2b: Urshifu|Close Combat|p1a: Calyrex\n|-damage|p1a: Calyrex|0 fnt\n|-unboost|p2b: Urshifu|def|1\n|-unboost|p2b: Urshifu|spd|1\n|faint|p1a: Calyrex\n|\n|-sideend|p1: ScribbleScribble|move: Tailwind\n|upkeep\n|\n|t:|1739250797\n|switch|p1a: Landorus|Landorus, L50, M|100\/100\n|turn|7\n|inactive|wibe guarb has 30 seconds left.\n|c|\u2606wibe guarb|my caly is also jolly max\n|inactive|wibe guarb has 20 seconds left.\n|c|\u2606wibe guarb|wild\n|j| bieiup\n|inactive|wibe guarb has 15 seconds left.\n|-message|wibe guarb forfeited.\n|\n|win|ScribbleScribble\n|raw|ScribbleScribble's rating: 1608 &rarr; <strong>1632<\/strong><br \/>(+24 for winning)\n|raw|wibe guarb's rating: 1671 &rarr; <strong>1647<\/strong><br \/>(-24 for losing)\n|l|\u2606wibe guarb\n|player|p2|\n|l| Xunyicaoawa\n|l|\u2606ScribbleScribble\n|player|p1|\n|l| bieiup\n","uploadtime":1739251108,"views":10,"formatid":"gen9vgc2025regg","rating":1632,"private":0,"password":null}