{"id":"gen9vgc2025regg-2298392868","format":"[Gen 9] VGC 2025 Reg G","players":["Rabble!","stbai"],"log":"|j|\u2606Rabble!\n|j|\u2606stbai\n|t:|1739240117\n|gametype|doubles\n|player|p1|Rabble!|170|1600\n|player|p2|stbai|janitor|1601\n|teamsize|p1|6\n|teamsize|p2|6\n|gen|9\n|tier|[Gen 9] VGC 2025 Reg G\n|rated|\n|rule|Species Clause: Limit one of each Pok\u00e9mon\n|rule|Item Clause: Limit 1 of each item\n|clearpoke\n|poke|p1|Terapagos, L50, M|\n|poke|p1|Thundurus, L50, M|\n|poke|p1|Comfey, L50, F|\n|poke|p1|Rillaboom, L50, M|\n|poke|p1|Glimmora, L50, F|\n|poke|p1|Chi-Yu, L50|\n|poke|p2|Tatsugiri, L50, F|\n|poke|p2|Terapagos, L50, M|\n|poke|p2|Latios, L50, M|\n|poke|p2|Entei, L50|\n|poke|p2|Dondozo, L50, F|\n|poke|p2|Rillaboom, L50, F|\n|teampreview|4\n|inactive|Battle timer is ON: inactive players will automatically lose when time's up. (requested by stbai)\n|inactive|Rabble! has 60 seconds left.\n|\n|t:|1739240155\n|start\n|switch|p1a: Terapagos|Terapagos, L50, M|100\/100\n|switch|p1b: Thundurus|Thundurus, L50, M|100\/100\n|switch|p2a: Entei|Entei, L50|100\/100\n|switch|p2b: Dondozo|Dondozo, L50, F|100\/100\n|-activate|p1a: Terapagos|ability: Tera Shift\n|detailschange|p1a: Terapagos|Terapagos-Terastal, L50, M\n|-heal|p1a: Terapagos|100\/100|[silent]\n|turn|1\n|inactive|stbai has 30 seconds left.\n|inactive|Rabble! has 30 seconds left.\n|\n|t:|1739240185\n|move|p2b: Dondozo|Protect|p2b: Dondozo\n|-singleturn|p2b: Dondozo|Protect\n|move|p2a: Entei|Sacred Fire|p1b: Thundurus\n|-damage|p1b: Thundurus|49\/100\n|move|p1b: Thundurus|Wildbolt Storm|p2b: Dondozo|[spread] p2a\n|-activate|p2b: Dondozo|move: Protect\n|-damage|p2a: Entei|81\/100\n|move|p1a: Terapagos|Scorching Sands|p2b: Dondozo\n|-activate|p2b: Dondozo|move: Protect\n|\n|upkeep\n|turn|2\n|\n|t:|1739240209\n|switch|p1b: Glimmora|Glimmora, L50, F|100\/100\n|-terastallize|p2b: Dondozo|Dragon\n|move|p2a: Entei|Sacred Fire|p1a: Terapagos\n|-activate|p1a: Terapagos|ability: Tera Shell\n|-resisted|p1a: Terapagos\n|-damage|p1a: Terapagos|83\/100\n|move|p1a: Terapagos|Scorching Sands|p2b: Dondozo\n|-damage|p2b: Dondozo|85\/100\n|move|p2b: Dondozo|Substitute|p2b: Dondozo\n|-start|p2b: Dondozo|Substitute\n|-damage|p2b: Dondozo|60\/100\n|\n|-heal|p1a: Terapagos|89\/100|[from] item: Leftovers\n|-heal|p2b: Dondozo|66\/100|[from] item: Leftovers\n|upkeep\n|turn|3\n|inactive|Rabble! has 30 seconds left.\n|\n|t:|1739240236\n|move|p2b: Dondozo|Protect|p2b: Dondozo\n|-singleturn|p2b: Dondozo|Protect\n|move|p2a: Entei|Bulldoze|p1a: Terapagos|[spread] p1a,p1b\n|-activate|p2b: Dondozo|move: Protect\n|-supereffective|p1b: Glimmora\n|-damage|p1a: Terapagos|79\/100\n|-damage|p1b: Glimmora|35\/100\n|-unboost|p1a: Terapagos|spe|1\n|-unboost|p1b: Glimmora|spe|1\n|-activate|p1b: Glimmora|ability: Toxic Debris\n|-sidestart|p2: stbai|move: Toxic Spikes\n|move|p1b: Glimmora|Sludge Bomb|p2b: Dondozo\n|-activate|p2b: Dondozo|move: Protect\n|move|p1a: Terapagos|Scorching Sands|p2b: Dondozo\n|-activate|p2b: Dondozo|move: Protect\n|\n|-heal|p2b: Dondozo|72\/100|[from] item: Leftovers\n|-heal|p1a: Terapagos|85\/100|[from] item: Leftovers\n|upkeep\n|turn|4\n|inactive|Rabble! has 30 seconds left.\n|inactive|Rabble! has 20 seconds left.\n|inactive|Rabble! has 15 seconds left.\n|\n|t:|1739240279\n|switch|p2a: Tatsugiri|Tatsugiri, L50, F|100\/100\n|-status|p2a: Tatsugiri|psn\n|-activate|p2a: Tatsugiri|ability: Commander|[of] p2b: Dondozo\n|-boost|p2b: Dondozo|atk|2\n|-boost|p2b: Dondozo|spa|2\n|-boost|p2b: Dondozo|spe|2\n|-boost|p2b: Dondozo|def|2\n|-boost|p2b: Dondozo|spd|2\n|move|p2b: Dondozo|Order Up|p1a: Terapagos\n|-damage|p1a: Terapagos|38\/100\n|-boost|p2b: Dondozo|atk|1\n|move|p1b: Glimmora|Meteor Beam||[still]\n|-prepare|p1b: Glimmora|Meteor Beam\n|-boost|p1b: Glimmora|spa|1\n|-enditem|p1b: Glimmora|Power Herb\n|-anim|p1b: Glimmora|Meteor Beam|p2a: Tatsugiri|[miss]\n|-miss|p1b: Glimmora|p2a: Tatsugiri\n|move|p1a: Terapagos|Calm Mind|p1a: Terapagos\n|-boost|p1a: Terapagos|spa|1\n|-boost|p1a: Terapagos|spd|1\n|\n|-heal|p2b: Dondozo|78\/100|[from] item: Leftovers\n|-heal|p1a: Terapagos|44\/100|[from] item: Leftovers\n|-damage|p2a: Tatsugiri|88\/100 psn|[from] psn\n|upkeep\n|turn|5\n|\n|t:|1739240299\n|move|p1a: Terapagos|Protect|p1a: Terapagos\n|-singleturn|p1a: Terapagos|Protect\n|move|p2b: Dondozo|Earthquake|p1a: Terapagos|[spread] p1b\n|-miss|p2b: Dondozo|p2a: Tatsugiri\n|-activate|p1a: Terapagos|move: Protect\n|-supereffective|p1b: Glimmora\n|-damage|p1b: Glimmora|0 fnt\n|-activate|p1b: Glimmora|ability: Toxic Debris\n|-sidestart|p2: stbai|move: Toxic Spikes\n|faint|p1b: Glimmora\n|\n|-heal|p2b: Dondozo|84\/100|[from] item: Leftovers\n|-heal|p1a: Terapagos|50\/100|[from] item: Leftovers\n|-damage|p2a: Tatsugiri|76\/100 psn|[from] psn\n|upkeep\n|\n|t:|1739240313\n|switch|p1b: Comfey|Comfey, L50, F|100\/100\n|turn|6\n|\n|t:|1739240328\n|move|p1b: Comfey|Floral Healing|p1a: Terapagos\n|-heal|p1a: Terapagos|99\/100\n|move|p2b: Dondozo|Earthquake|p1b: Comfey|[spread] p1a,p1b\n|-miss|p2b: Dondozo|p2a: Tatsugiri\n|-damage|p1a: Terapagos|63\/100\n|-damage|p1b: Comfey|47\/100\n|-enditem|p1b: Comfey|Sitrus Berry|[eat]\n|-heal|p1b: Comfey|72\/100|[from] item: Sitrus Berry\n|move|p1a: Terapagos|Tera Starstorm|p2b: Dondozo\n|-activate|p2b: Dondozo|move: Substitute|[damage]\n|\n|-heal|p2b: Dondozo|90\/100|[from] item: Leftovers\n|-heal|p1a: Terapagos|69\/100|[from] item: Leftovers\n|-damage|p2a: Tatsugiri|63\/100 psn|[from] psn\n|upkeep\n|turn|7\n|\n|t:|1739240351\n|-terastallize|p1a: Terapagos|Stellar\n|detailschange|p1a: Terapagos|Terapagos-Stellar, L50, M, tera:Stellar\n|-heal|p1a: Terapagos|77\/100|[silent]\n|move|p1b: Comfey|Draining Kiss|p2b: Dondozo\n|-supereffective|p2b: Dondozo\n|-end|p2b: Dondozo|Substitute\n|-heal|p1b: Comfey|81\/100|[from] drain|[of] p2b: Dondozo\n|move|p2b: Dondozo|Order Up|p1a: Terapagos\n|-damage|p1a: Terapagos|33\/100\n|-boost|p2b: Dondozo|atk|1\n|move|p1a: Terapagos|Tera Starstorm|p2a: Tatsugiri|[spread] p2b\n|-miss|p1a: Terapagos|p2a: Tatsugiri\n|-supereffective|p2b: Dondozo\n|-damage|p2b: Dondozo|63\/100\n|\n|-heal|p2b: Dondozo|69\/100|[from] item: Leftovers\n|-heal|p1a: Terapagos|39\/100|[from] item: Leftovers\n|-damage|p2a: Tatsugiri|51\/100 psn|[from] psn\n|upkeep\n|turn|8\n|inactive|Rabble! has 30 seconds left.\n|\n|t:|1739240379\n|move|p1b: Comfey|Floral Healing|p1a: Terapagos\n|-heal|p1a: Terapagos|89\/100\n|move|p2b: Dondozo|Order Up|p1a: Terapagos\n|-damage|p1a: Terapagos|40\/100\n|-boost|p2b: Dondozo|atk|1\n|move|p1a: Terapagos|Tera Starstorm|p2b: Dondozo|[spread] p2b\n|-miss|p1a: Terapagos|p2a: Tatsugiri\n|-supereffective|p2b: Dondozo\n|-damage|p2b: Dondozo|39\/100\n|\n|-heal|p2b: Dondozo|45\/100|[from] item: Leftovers\n|-heal|p1a: Terapagos|46\/100|[from] item: Leftovers\n|-damage|p2a: Tatsugiri|38\/100 psn|[from] psn\n|upkeep\n|turn|9\n|\n|t:|1739240396\n|move|p1b: Comfey|Floral Healing|p1a: Terapagos\n|-heal|p1a: Terapagos|96\/100\n|move|p2b: Dondozo|Earthquake|p1a: Terapagos|[spread] p1a,p1b\n|-miss|p2b: Dondozo|p2a: Tatsugiri\n|-damage|p1a: Terapagos|58\/100\n|-damage|p1b: Comfey|5\/100\n|move|p1a: Terapagos|Tera Starstorm|p2a: Tatsugiri|[spread] p2b\n|-miss|p1a: Terapagos|p2a: Tatsugiri\n|-supereffective|p2b: Dondozo\n|-damage|p2b: Dondozo|15\/100\n|\n|-heal|p2b: Dondozo|21\/100|[from] item: Leftovers\n|-heal|p1a: Terapagos|64\/100|[from] item: Leftovers\n|-damage|p2a: Tatsugiri|26\/100 psn|[from] psn\n|upkeep\n|turn|10\n|inactive|Rabble! has 30 seconds left.\n|\n|t:|1739240427\n|move|p1b: Comfey|Floral Healing|p1a: Terapagos\n|-heal|p1a: Terapagos|100\/100\n|move|p2b: Dondozo|Earthquake|p1a: Terapagos|[spread] p1a,p1b\n|-miss|p2b: Dondozo|p2a: Tatsugiri\n|-damage|p1a: Terapagos|64\/100\n|-damage|p1b: Comfey|0 fnt\n|faint|p1b: Comfey\n|move|p1a: Terapagos|Tera Starstorm|p2a: Tatsugiri|[spread] p2b\n|-miss|p1a: Terapagos|p2a: Tatsugiri\n|-supereffective|p2b: Dondozo\n|-damage|p2b: Dondozo|0 fnt\n|faint|p2b: Dondozo\n|\n|-heal|p1a: Terapagos|70\/100|[from] item: Leftovers\n|-damage|p2a: Tatsugiri|14\/100 psn|[from] psn\n|upkeep\n|\n|t:|1739240438\n|switch|p1b: Thundurus|Thundurus, L50, M|49\/100\n|switch|p2b: Entei|Entei, L50|81\/100\n|-status|p2b: Entei|tox\n|turn|11\n|\n|t:|1739240457\n|move|p1b: Thundurus|Eerie Impulse|p2a: Tatsugiri\n|-unboost|p2a: Tatsugiri|spa|2\n|move|p2b: Entei|Sacred Fire|p1b: Thundurus\n|-damage|p1b: Thundurus|1\/100\n|move|p2a: Tatsugiri|Muddy Water|p1b: Thundurus|[spread] p1b\n|-miss|p2a: Tatsugiri|p1a: Terapagos\n|-damage|p1b: Thundurus|0 fnt\n|faint|p1b: Thundurus\n|move|p1a: Terapagos|Tera Starstorm|p2a: Tatsugiri|[spread] p2a,p2b\n|-damage|p2a: Tatsugiri|0 fnt\n|-damage|p2b: Entei|48\/100 tox\n|faint|p2a: Tatsugiri\n|\n|-heal|p1a: Terapagos|76\/100|[from] item: Leftovers\n|-damage|p2b: Entei|42\/100 tox|[from] psn\n|upkeep\n|\n|t:|1739240465\n|switch|p2a: Terapagos|Terapagos, L50, M|100\/100\n|-activate|p2a: Terapagos|ability: Tera Shift\n|detailschange|p2a: Terapagos|Terapagos-Terastal, L50, M\n|-heal|p2a: Terapagos|100\/100|[silent]\n|-status|p2a: Terapagos|tox\n|turn|12\n|\n|t:|1739240488\n|move|p1a: Terapagos|Protect|p1a: Terapagos\n|-singleturn|p1a: Terapagos|Protect\n|move|p2b: Entei|Sacred Fire|p1a: Terapagos\n|-activate|p1a: Terapagos|move: Protect\n|move|p2a: Terapagos|Tera Starstorm|p1a: Terapagos\n|-activate|p1a: Terapagos|move: Protect\n|\n|-heal|p1a: Terapagos|82\/100|[from] item: Leftovers\n|-damage|p2b: Entei|30\/100 tox|[from] psn\n|-damage|p2a: Terapagos|94\/100 tox|[from] psn\n|upkeep\n|turn|13\n|\n|t:|1739240503\n|move|p2b: Entei|Sacred Fire|p1a: Terapagos\n|-damage|p1a: Terapagos|55\/100\n|-status|p1a: Terapagos|brn\n|move|p2a: Terapagos|Tera Starstorm|p1a: Terapagos\n|-damage|p1a: Terapagos|33\/100 brn\n|move|p1a: Terapagos|Tera Starstorm|p2b: Entei|[spread] p2a,p2b\n|-damage|p2a: Terapagos|50\/100 tox\n|-damage|p2b: Entei|0 fnt\n|faint|p2b: Entei\n|\n|-heal|p1a: Terapagos|39\/100 brn|[from] item: Leftovers\n|-damage|p2a: Terapagos|38\/100 tox|[from] psn\n|-damage|p1a: Terapagos|33\/100 brn|[from] brn\n|upkeep\n|turn|14\n|\n|t:|1739240521\n|move|p1a: Terapagos|Protect|p1a: Terapagos\n|-singleturn|p1a: Terapagos|Protect\n|move|p2a: Terapagos|Calm Mind|p2a: Terapagos\n|-boost|p2a: Terapagos|spa|1\n|-boost|p2a: Terapagos|spd|1\n|\n|-heal|p1a: Terapagos|39\/100 brn|[from] item: Leftovers\n|-damage|p2a: Terapagos|19\/100 tox|[from] psn\n|-damage|p1a: Terapagos|33\/100 brn|[from] brn\n|upkeep\n|turn|15\n|\n|t:|1739240529\n|move|p2a: Terapagos|Tera Starstorm|p1a: Terapagos\n|-damage|p1a: Terapagos|0 fnt\n|faint|p1a: Terapagos\n|\n|win|stbai\n|raw|Rabble!'s rating: 1600 &rarr; <strong>1580<\/strong><br \/>(-20 for losing)\n|raw|stbai's rating: 1601 &rarr; <strong>1621<\/strong><br \/>(+20 for winning)\n|l|\u2606stbai\n|player|p2|\n|l|\u2606Rabble!\n|player|p1|\n","uploadtime":1739240681,"views":9,"formatid":"gen9vgc2025regg","rating":1580,"private":0,"password":null}