{"id":"gen9vgc2025regg-2298707954","format":"[Gen 9] VGC 2025 Reg G","players":["Llemand","mattun"],"log":"|j|\u2606Llemand\n|j|\u2606mattun\n|t:|1739287677\n|gametype|doubles\n|player|p1|Llemand|caitlin|1581\n|player|p2|mattun|266|1539\n|teamsize|p1|6\n|teamsize|p2|6\n|gen|9\n|tier|[Gen 9] VGC 2025 Reg G\n|rated|\n|rule|Species Clause: Limit one of each Pok\u00e9mon\n|rule|Item Clause: Limit 1 of each item\n|clearpoke\n|poke|p1|Incineroar, L50, M|\n|poke|p1|Rillaboom, L50, F|\n|poke|p1|Calyrex-Ice, L50|\n|poke|p1|Urshifu-*, L50, M|\n|poke|p1|Pelipper, L50, F|\n|poke|p1|Landorus, L50, M|\n|poke|p2|Calyrex-Ice, L50|\n|poke|p2|Ogerpon-Wellspring, L50, F|\n|poke|p2|Amoonguss, L50, M|\n|poke|p2|Iron Valiant, L50|\n|poke|p2|Urshifu-*, L50, F|\n|poke|p2|Archaludon, L50, F|\n|teampreview|4\n|\n|t:|1739287708\n|start\n|switch|p1a: Pelipper|Pelipper, L50, F, shiny|100\/100\n|switch|p1b: Calyrex|Calyrex-Ice, L50|100\/100\n|switch|p2a: Calyrex|Calyrex-Ice, L50|100\/100\n|switch|p2b: Iron Valiant|Iron Valiant, L50|100\/100\n|-ability|p2a: Calyrex|As One\n|-ability|p2a: Calyrex|Unnerve\n|-ability|p1b: Calyrex|As One\n|-ability|p1b: Calyrex|Unnerve\n|-weather|RainDance|[from] ability: Drizzle|[of] p1a: Pelipper\n|-enditem|p2b: Iron Valiant|Booster Energy\n|-activate|p2b: Iron Valiant|ability: Quark Drive|[fromitem]\n|-start|p2b: Iron Valiant|quarkdrivespe\n|turn|1\n|\n|t:|1739287727\n|-terastallize|p1b: Calyrex|Water\n|move|p2b: Iron Valiant|Taunt|p1a: Pelipper\n|-start|p1a: Pelipper|move: Taunt\n|move|p1a: Pelipper|Hurricane|p2b: Iron Valiant\n|-supereffective|p2b: Iron Valiant\n|-damage|p2b: Iron Valiant|0 fnt\n|faint|p2b: Iron Valiant\n|-end|p2b: Iron Valiant|Quark Drive|[silent]\n|move|p2a: Calyrex|Glacial Lance|p1b: Calyrex|[spread] p1a,p1b\n|-resisted|p1b: Calyrex\n|-damage|p1a: Pelipper|38\/100\n|-damage|p1b: Calyrex|85\/100\n|move|p1b: Calyrex|Glacial Lance|p2a: Calyrex\n|-resisted|p2a: Calyrex\n|-damage|p2a: Calyrex|77\/100\n|\n|-weather|RainDance|[upkeep]\n|upkeep\n|\n|t:|1739287734\n|switch|p2b: Archaludon|Archaludon, L50, F|100\/100\n|turn|2\n|\n|t:|1739287766\n|move|p1b: Calyrex|Protect|p1b: Calyrex\n|-singleturn|p1b: Calyrex|Protect\n|move|p1a: Pelipper|Hurricane|p2a: Calyrex\n|-damage|p2a: Calyrex|49\/100\n|move|p2b: Archaludon|Electro Shot||[still]\n|-prepare|p2b: Archaludon|Electro Shot\n|-boost|p2b: Archaludon|spa|1\n|-anim|p2b: Archaludon|Electro Shot|p1b: Calyrex\n|-activate|p1b: Calyrex|move: Protect\n|move|p2a: Calyrex|Glacial Lance|p1b: Calyrex|[spread] p1a\n|-activate|p1b: Calyrex|move: Protect\n|-damage|p1a: Pelipper|0 fnt\n|faint|p1a: Pelipper\n|-ability|p2a: Calyrex|Chilling Neigh|boost\n|-boost|p2a: Calyrex|atk|1\n|\n|-weather|RainDance|[upkeep]\n|upkeep\n|\n|t:|1739287780\n|switch|p1a: Landorus|Landorus, L50, M|100\/100\n|turn|3\n|\n|t:|1739287791\n|-terastallize|p2b: Archaludon|Flying\n|move|p1a: Landorus|Sandsear Storm|p2a: Calyrex|[spread] p2a\n|-immune|p2b: Archaludon\n|-damage|p2a: Calyrex|17\/100\n|move|p2b: Archaludon|Electro Shot||[still]\n|-prepare|p2b: Archaludon|Electro Shot\n|-boost|p2b: Archaludon|spa|1\n|-anim|p2b: Archaludon|Electro Shot|p1b: Calyrex\n|-supereffective|p1b: Calyrex\n|-damage|p1b: Calyrex|0 fnt\n|faint|p1b: Calyrex\n|move|p2a: Calyrex|Glacial Lance|p1a: Landorus\n|-supereffective|p1a: Landorus\n|-damage|p1a: Landorus|0 fnt\n|faint|p1a: Landorus\n|-ability|p2a: Calyrex|Chilling Neigh|boost\n|-boost|p2a: Calyrex|atk|1\n|\n|-weather|RainDance|[upkeep]\n|upkeep\n|\n|t:|1739287803\n|switch|p1b: Rillaboom|Rillaboom, L50, F, shiny|100\/100\n|-fieldstart|move: Grassy Terrain|[from] ability: Grassy Surge|[of] p1b: Rillaboom\n|turn|4\n|\n|t:|1739287809\n|move|p2a: Calyrex|Protect|p2a: Calyrex\n|-singleturn|p2a: Calyrex|Protect\n|move|p1b: Rillaboom|Grassy Glide|p2a: Calyrex\n|-activate|p2a: Calyrex|move: Protect\n|move|p2b: Archaludon|Draco Meteor|p1b: Rillaboom\n|-damage|p1b: Rillaboom|5\/100\n|-unboost|p2b: Archaludon|spa|2\n|\n|-weather|RainDance|[upkeep]\n|-heal|p1b: Rillaboom|11\/100|[from] Grassy Terrain\n|-heal|p2a: Calyrex|22\/100|[from] Grassy Terrain\n|upkeep\n|turn|5\n|\n|t:|1739287817\n|move|p1b: Rillaboom|Grassy Glide|p2a: Calyrex\n|-damage|p2a: Calyrex|0 fnt\n|faint|p2a: Calyrex\n|move|p2b: Archaludon|Electro Shot||[still]\n|-prepare|p2b: Archaludon|Electro Shot\n|-boost|p2b: Archaludon|spa|1\n|-anim|p2b: Archaludon|Electro Shot|p1b: Rillaboom\n|-resisted|p1b: Rillaboom\n|-damage|p1b: Rillaboom|0 fnt\n|faint|p1b: Rillaboom\n|\n|win|mattun\n|raw|Llemand's rating: 1581 &rarr; <strong>1559<\/strong><br \/>(-22 for losing)\n|raw|mattun's rating: 1539 &rarr; <strong>1561<\/strong><br \/>(+22 for winning)\n|j| novotexx\n|l|\u2606mattun\n|player|p2|\n|l|\u2606Llemand\n|player|p1|\n|l| novotexx\n","uploadtime":1739288013,"views":4,"formatid":"gen9vgc2025regg","rating":1559,"private":0,"password":null}