{"id":"gen9vgc2025regg-2298178527","format":"[Gen 9] VGC 2025 Reg G","players":["Teraparkor 6","Farhaz_VGC"],"log":"|j|\u2606Teraparkor 6\n|j|\u2606Farhaz_VGC\n|t:|1739215644\n|gametype|doubles\n|player|p1|Teraparkor 6|102|1674\n|player|p2|Farhaz_VGC|rosa|1547\n|teamsize|p1|6\n|teamsize|p2|6\n|gen|9\n|tier|[Gen 9] VGC 2025 Reg G\n|rated|\n|rule|Species Clause: Limit one of each Pok\u00e9mon\n|rule|Item Clause: Limit 1 of each item\n|clearpoke\n|poke|p1|Groudon, L50|\n|poke|p1|Grimmsnarl, L50, M|\n|poke|p1|Urshifu-*, L50, F|\n|poke|p1|Flutter Mane, L50|\n|poke|p1|Amoonguss, L50, M|\n|poke|p1|Chi-Yu, L50|\n|poke|p2|Tornadus, L50, M|\n|poke|p2|Urshifu-*, L50, M|\n|poke|p2|Incineroar, L50, M|\n|poke|p2|Landorus-Therian, L50, M|\n|poke|p2|Calyrex-Shadow, L50|\n|poke|p2|Farigiraf, L50, F|\n|teampreview|4\n|inactive|Battle timer is ON: inactive players will automatically lose when time's up. (requested by Teraparkor 6)\n|j| Meiser63\n|inactive|Farhaz_VGC has 60 seconds left.\n|\n|t:|1739215691\n|start\n|switch|p1a: Grimmsnarl|Grimmsnarl, L50, M|100\/100\n|switch|p1b: Urshifu|Urshifu, L50, F|100\/100\n|switch|p2a: Tornadus|Tornadus, L50, M|100\/100\n|switch|p2b: Landorus|Landorus-Therian, L50, M|100\/100\n|-ability|p2b: Landorus|Intimidate|boost\n|-unboost|p1a: Grimmsnarl|atk|1\n|-unboost|p1b: Urshifu|atk|1\n|turn|1\n|\n|t:|1739215704\n|-terastallize|p1b: Urshifu|Stellar\n|-terastallize|p2b: Landorus|Fairy\n|move|p1a: Grimmsnarl|Thunder Wave|p2a: Tornadus\n|-status|p2a: Tornadus|par\n|move|p1b: Urshifu|Wicked Blow|p2b: Landorus\n|-resisted|p2b: Landorus\n|-crit|p2b: Landorus\n|-damage|p2b: Landorus|61\/100\n|move|p2b: Landorus|Earthquake|p1b: Urshifu|[spread] p1a,p1b\n|-immune|p2a: Tornadus\n|-damage|p1a: Grimmsnarl|54\/100\n|-damage|p1b: Urshifu|54\/100\n|cant|p2a: Tornadus|par\n|\n|upkeep\n|turn|2\n|\n|t:|1739215720\n|move|p1a: Grimmsnarl|Thunder Wave|p2b: Landorus\n|-status|p2b: Landorus|par\n|move|p2a: Tornadus|Tailwind|p2a: Tornadus\n|-sidestart|p2: Farhaz_VGC|move: Tailwind\n|move|p1b: Urshifu|Wicked Blow|p2a: Tornadus\n|-crit|p2a: Tornadus\n|-damage|p2a: Tornadus|38\/100 par\n|move|p2b: Landorus|Earthquake|p1a: Grimmsnarl|[spread] p1a,p1b\n|-immune|p2a: Tornadus\n|-damage|p1a: Grimmsnarl|13\/100\n|-damage|p1b: Urshifu|2\/100\n|\n|upkeep\n|turn|3\n|\n|t:|1739215735\n|move|p1a: Grimmsnarl|Light Screen|p1a: Grimmsnarl\n|-sidestart|p1: Teraparkor 6|move: Light Screen\n|move|p1b: Urshifu|Wicked Blow|p2a: Tornadus\n|-crit|p2a: Tornadus\n|-damage|p2a: Tornadus|0 fnt\n|faint|p2a: Tornadus\n|move|p2b: Landorus|Earthquake|p1b: Urshifu|[spread] p1a,p1b\n|-damage|p1a: Grimmsnarl|0 fnt\n|-damage|p1b: Urshifu|0 fnt\n|faint|p1a: Grimmsnarl\n|faint|p1b: Urshifu\n|\n|upkeep\n|\n|t:|1739215745\n|switch|p1b: Groudon|Groudon, L50|100\/100\n|switch|p2a: Urshifu|Urshifu, L50, M|100\/100\n|switch|p1a: Amoonguss|Amoonguss, L50, M|100\/100\n|-weather|SunnyDay|[from] ability: Drought|[of] p1b: Groudon\n|turn|4\n|\n|t:|1739215756\n|move|p2a: Urshifu|Detect|p2a: Urshifu\n|-singleturn|p2a: Urshifu|Protect\n|move|p1a: Amoonguss|Rage Powder|p1a: Amoonguss\n|-singleturn|p1a: Amoonguss|move: Rage Powder\n|move|p2b: Landorus|Earthquake|p1a: Amoonguss|[spread] p1a,p1b\n|-activate|p2a: Urshifu|move: Protect\n|-damage|p1a: Amoonguss|62\/100\n|-damage|p1b: Groudon|71\/100\n|move|p1b: Groudon|Bulk Up|p1b: Groudon\n|-boost|p1b: Groudon|atk|1\n|-boost|p1b: Groudon|def|1\n|\n|-weather|SunnyDay|[upkeep]\n|upkeep\n|turn|5\n|\n|t:|1739215772\n|move|p1a: Amoonguss|Rage Powder|p1a: Amoonguss\n|-singleturn|p1a: Amoonguss|move: Rage Powder\n|move|p2a: Urshifu|Wicked Blow|p1a: Amoonguss\n|-crit|p1a: Amoonguss\n|-damage|p1a: Amoonguss|11\/100\n|-damage|p2a: Urshifu|84\/100|[from] item: Rocky Helmet|[of] p1a: Amoonguss\n|move|p2b: Landorus|Earthquake|p1a: Amoonguss|[spread] p2a,p1a,p1b\n|-damage|p2a: Urshifu|38\/100\n|-damage|p1a: Amoonguss|0 fnt\n|-damage|p1b: Groudon|49\/100\n|faint|p1a: Amoonguss\n|move|p1b: Groudon|Precipice Blades|p2a: Urshifu|[spread] p2a,p2b\n|-damage|p2a: Urshifu|0 fnt\n|-damage|p2b: Landorus|0 fnt\n|faint|p2a: Urshifu\n|faint|p2b: Landorus\n|\n|-weather|SunnyDay|[upkeep]\n|-sideend|p2: Farhaz_VGC|move: Tailwind\n|upkeep\n|j| Funn yIy\n|\n|t:|1739215791\n|switch|p2b: Calyrex|Calyrex-Shadow, L50|100\/100\n|-ability|p2b: Calyrex|As One\n|-ability|p2b: Calyrex|Unnerve\n|turn|6\n|\n|t:|1739215797\n|move|p2b: Calyrex|Astral Barrage|p1b: Groudon\n|-damage|p1b: Groudon|0 fnt\n|faint|p1b: Groudon\n|\n|win|Farhaz_VGC\n|raw|Teraparkor 6's rating: 1674 &rarr; <strong>1647<\/strong><br \/>(-27 for losing)\n|raw|Farhaz_VGC's rating: 1547 &rarr; <strong>1574<\/strong><br \/>(+27 for winning)\n|l| Meiser63\n|l|\u2606Teraparkor 6\n|player|p1|\n|l|\u2606Farhaz_VGC\n|player|p2|\n|l| Funn yIy\n","uploadtime":1739215948,"views":8,"formatid":"gen9vgc2025regg","rating":1574,"private":0,"password":null}