{"id":"gen9vgc2025regg-2298932522","format":"[Gen 9] VGC 2025 Reg G","players":["Gamertag1001","Grimmjane"],"log":"|j|\u2606Gamertag1001\n|j|\u2606Grimmjane\n|t:|1739309453\n|gametype|doubles\n|player|p1|Gamertag1001|kieran-champion|1593\n|player|p2|Grimmjane|1|1534\n|teamsize|p1|6\n|teamsize|p2|6\n|gen|9\n|tier|[Gen 9] VGC 2025 Reg G\n|rated|\n|rule|Species Clause: Limit one of each Pok\u00e9mon\n|rule|Item Clause: Limit 1 of each item\n|clearpoke\n|poke|p1|Calyrex-Ice, L50|\n|poke|p1|Landorus, L50, M|\n|poke|p1|Roaring Moon, L50|\n|poke|p1|Iron Hands, L50|\n|poke|p1|Volcarona, L50, F|\n|poke|p1|Ogerpon-Wellspring, L50, F|\n|poke|p2|Zacian-*, L50|\n|poke|p2|Entei, L50|\n|poke|p2|Araquanid, L50, M|\n|poke|p2|Brute Bonnet, L50|\n|poke|p2|Tornadus, L50, M|\n|poke|p2|Ditto, L50|\n|teampreview|4\n|inactive|Battle timer is ON: inactive players will automatically lose when time's up. (requested by Gamertag1001)\n|\n|t:|1739309473\n|start\n|switch|p1a: Croissant|Roaring Moon, L50|100\/100\n|switch|p1b: Smite|Landorus, L50, M|100\/100\n|switch|p2a: Tornadus|Tornadus, L50, M|100\/100\n|switch|p2b: Brute Bonnet|Brute Bonnet, L50|100\/100\n|-enditem|p1a: Croissant|Booster Energy\n|-activate|p1a: Croissant|ability: Protosynthesis|[fromitem]\n|-start|p1a: Croissant|protosynthesisspe\n|turn|1\n|\n|t:|1739309494\n|-terastallize|p2b: Brute Bonnet|Poison\n|move|p1a: Croissant|Acrobatics|p2b: Brute Bonnet\n|-damage|p2b: Brute Bonnet|67\/100\n|move|p1b: Smite|Sludge Bomb|p2b: Brute Bonnet\n|-resisted|p2b: Brute Bonnet\n|-damage|p2b: Brute Bonnet|47\/100\n|move|p2a: Tornadus|Bleakwind Storm|p1a: Croissant|[spread] p1a\n|-miss|p2a: Tornadus|p1b: Smite\n|-damage|p1a: Croissant|63\/100\n|-unboost|p1a: Croissant|spe|1\n|move|p2b: Brute Bonnet|Spore|p1b: Smite\n|-status|p1b: Smite|slp|[from] move: Spore\n|\n|upkeep\n|turn|2\n|\n|t:|1739309512\n|cant|p1b: Smite|slp\n|move|p1a: Croissant|Knock Off|p2b: Brute Bonnet\n|-damage|p2b: Brute Bonnet|6\/100\n|-enditem|p2b: Brute Bonnet|Covert Cloak|[from] move: Knock Off|[of] p1a: Croissant\n|move|p2a: Tornadus|Bleakwind Storm|p1b: Smite|[spread] p1a\n|-miss|p2a: Tornadus|p1b: Smite\n|-damage|p1a: Croissant|24\/100\n|-unboost|p1a: Croissant|spe|1\n|move|p2b: Brute Bonnet|Crunch|p1b: Smite\n|-damage|p1b: Smite|58\/100 slp\n|\n|upkeep\n|turn|3\n|\n|t:|1739309532\n|cant|p1b: Smite|slp\n|move|p2a: Tornadus|Tailwind|p2a: Tornadus\n|-sidestart|p2: Grimmjane|move: Tailwind\n|move|p2b: Brute Bonnet|Spore|p1a: Croissant\n|-status|p1a: Croissant|slp|[from] move: Spore\n|cant|p1a: Croissant|slp\n|\n|upkeep\n|turn|4\n|\n|t:|1739309544\n|move|p2a: Tornadus|Bleakwind Storm|p1a: Croissant|[spread] p1a,p1b\n|-damage|p1a: Croissant|0 fnt\n|-damage|p1b: Smite|11\/100 slp\n|faint|p1a: Croissant\n|-end|p1a: Croissant|Protosynthesis|[silent]\n|move|p2b: Brute Bonnet|Crunch|p1b: Smite\n|-damage|p1b: Smite|0 fnt\n|faint|p1b: Smite\n|\n|upkeep\n|\n|t:|1739309551\n|switch|p1a: Megamind|Calyrex-Ice, L50|100\/100\n|switch|p1b: Mothra|Volcarona, L50, F|100\/100\n|-ability|p1a: Megamind|As One\n|-ability|p1a: Megamind|Unnerve\n|turn|5\n|\n|t:|1739309567\n|-terastallize|p1a: Megamind|Fire\n|move|p1b: Mothra|Rage Powder|p1b: Mothra\n|-singleturn|p1b: Mothra|move: Rage Powder\n|move|p2a: Tornadus|Rain Dance|p2a: Tornadus\n|-weather|RainDance\n|move|p2b: Brute Bonnet|Spore|p1b: Mothra\n|-status|p1b: Mothra|slp|[from] move: Spore\n|move|p1a: Megamind|Trick Room|p1a: Megamind\n|-fieldstart|move: Trick Room|[of] p1a: Megamind\n|\n|-weather|RainDance|[upkeep]\n|upkeep\n|turn|6\n|\n|t:|1739309581\n|move|p1a: Megamind|Glacial Lance|p2b: Brute Bonnet|[spread] p2a,p2b\n|-supereffective|p2a: Tornadus\n|-crit|p2a: Tornadus\n|-enditem|p2a: Tornadus|Focus Sash\n|-damage|p2a: Tornadus|1\/100\n|-damage|p2b: Brute Bonnet|0 fnt\n|faint|p2b: Brute Bonnet\n|-end|p2b: Brute Bonnet|Protosynthesis|[silent]\n|-ability|p1a: Megamind|Chilling Neigh|boost\n|-boost|p1a: Megamind|atk|1\n|cant|p1b: Mothra|slp\n|move|p2a: Tornadus|Bleakwind Storm|p1b: Mothra|[spread] p1a,p1b\n|-supereffective|p1b: Mothra\n|-damage|p1a: Megamind|77\/100\n|-damage|p1b: Mothra|31\/100 slp\n|-unboost|p1b: Mothra|spe|1\n|\n|-weather|RainDance|[upkeep]\n|-sideend|p2: Grimmjane|move: Tailwind\n|upkeep\n|\n|t:|1739309597\n|switch|p2b: Araquanid|Araquanid, L50, M|100\/100\n|turn|7\n|j| Meiser63\n|\n|t:|1739309615\n|move|p1a: Megamind|Protect|p1a: Megamind\n|-singleturn|p1a: Megamind|Protect\n|move|p2b: Araquanid|Liquidation|p1a: Megamind\n|-activate|p1a: Megamind|move: Protect\n|cant|p1b: Mothra|slp\n|move|p2a: Tornadus|Bleakwind Storm|p1b: Mothra|[spread] p1b\n|-activate|p1a: Megamind|move: Protect\n|-supereffective|p1b: Mothra\n|-crit|p1b: Mothra\n|-damage|p1b: Mothra|0 fnt\n|faint|p1b: Mothra\n|\n|-weather|RainDance|[upkeep]\n|upkeep\n|turn|8\n|-message|Gamertag1001 forfeited.\n|\n|win|Grimmjane\n|raw|Gamertag1001's rating: 1593 &rarr; <strong>1570<\/strong><br \/>(-23 for losing)\n|raw|Grimmjane's rating: 1534 &rarr; <strong>1557<\/strong><br \/>(+23 for winning)\n|l|\u2606Gamertag1001\n|player|p1|\n|l|\u2606Grimmjane\n|player|p2|\n|l| Meiser63\n","uploadtime":1739309776,"views":8,"formatid":"gen9vgc2025regg","rating":1557,"private":0,"password":null}