{"id":"gen9vgc2025regg-2298954024","format":"[Gen 9] VGC 2025 Reg G","players":["Gi1796","sinclaires"],"log":"|j|\u2606Gi1796\n|j|\u2606sinclaires\n|t:|1739311756\n|gametype|doubles\n|player|p1|Gi1796|veteran|1562\n|player|p2|sinclaires|2|1586\n|teamsize|p1|6\n|teamsize|p2|6\n|gen|9\n|tier|[Gen 9] VGC 2025 Reg G\n|rated|\n|rule|Species Clause: Limit one of each Pok\u00e9mon\n|rule|Item Clause: Limit 1 of each item\n|clearpoke\n|poke|p1|Flutter Mane, L50|\n|poke|p1|Calyrex-Shadow, L50|\n|poke|p1|Urshifu-*, L50, M|\n|poke|p1|Ogerpon-Cornerstone, L50, F|\n|poke|p1|Chi-Yu, L50|\n|poke|p1|Raging Bolt, L50|\n|poke|p2|Weezing-Galar, L50, M|\n|poke|p2|Dondozo, L50, M|\n|poke|p2|Calyrex-Shadow, L50|\n|poke|p2|Tatsugiri-Droopy, L50, F|\n|poke|p2|Indeedee-F, L50, F|\n|poke|p2|Urshifu-*, L50, F|\n|teampreview|4\nGi1796 has agreed to open team sheets.\n|inactive|Battle timer is ON: inactive players will automatically lose when time's up. (requested by Gi1796)\n|inactive|Gi1796 has 60 seconds left.\n|inactive|sinclaires has 60 seconds left.\nsinclaires has agreed to open team sheets.\n|showteam|p1|Flutter Mane||BoosterEnergy|Protosynthesis|ThunderWave,FakeTears,Moonblast,Protect||||||50|,,,,,Grass]Calyrex-Shadow||FocusSash|AsOneSpectrier|AstralBarrage,Psychic,WillOWisp,Protect||||||50|,,,,,Ghost]Urshifu-Rapid-Strike||MysticWater|UnseenFist|SurgingStrikes,CloseCombat,Taunt,Protect|||M|||50|,,,,,Water]Ogerpon-Cornerstone||CornerstoneMask|Sturdy|FollowMe,IvyCudgel,HelpingHand,SpikyShield|||F|||50|,,,,,Rock]Chi-Yu||ChoiceScarf|BeadsofRuin|HeatWave,Overheat,Snarl,DarkPulse||||||50|,,,,,Ghost]Raging Bolt||AssaultVest|Protosynthesis|Thunderbolt,Thunderclap,DracoMeteor,Electroweb||||||50|,,,,,Electric\n|showteam|p2|Weezing-Galar||MentalHerb|NeutralizingGas|ToxicSpikes,DazzlingGleam,PoisonGas,Protect|||M|||50|,,,,,Grass]Dondozo||Leftovers|Unaware|WaveCrash,OrderUp,Protect,BodyPress|||M|||50|,,,,,Grass]Calyrex-Shadow||LifeOrb|AsOneSpectrier|AstralBarrage,ExpandingForce,PollenPuff,Protect||||||50|,,,,,Normal]Tatsugiri-Droopy||FocusSash|Commander|DracoMeteor,MuddyWater,HelpingHand,Protect|||F|||50|,,,,,Stellar]Indeedee-F||SafetyGoggles|PsychicSurge|FollowMe,HelpingHand,Psyshock,TrickRoom|||F|||50|,,,,,Fairy]Urshifu-Rapid-Strike||ChoiceScarf|UnseenFist|SurgingStrikes,CloseCombat,RockTomb,Uturn|||F|||50|,,,,,Water\n|inactive|Gi1796 has 30 seconds left.\n|inactive|Gi1796 has 20 seconds left.\n|inactive|Gi1796 has 15 seconds left.\n|inactive|Gi1796 has 10 seconds left.\n|inactive|Gi1796 has 5 seconds left.\n|\n|t:|1739311856\n|start\n|switch|p1a: Urshifu|Urshifu-Rapid-Strike, L50, M|100\/100\n|switch|p1b: Raging Bolt|Raging Bolt, L50|100\/100\n|switch|p2a: Dondozo|Dondozo, L50, M|100\/100\n|switch|p2b: Calyrex|Calyrex-Shadow, L50|100\/100\n|-ability|p2b: Calyrex|As One\n|-ability|p2b: Calyrex|Unnerve\n|turn|1\n|inactive|Gi1796 has 30 seconds left.\n|inactive|sinclaires has 30 seconds left.\n|inactive|sinclaires has 20 seconds left.\n|\n|t:|1739311893\n|switch|p2a: Indeedee|Indeedee-F, L50, F|100\/100\n|-fieldstart|move: Psychic Terrain|[from] ability: Psychic Surge|[of] p2a: Indeedee\n|-terastallize|p1b: Raging Bolt|Electric\n|move|p2b: Calyrex|Expanding Force|p1a: Urshifu|[spread] p1a,p1b\n|-supereffective|p1a: Urshifu\n|-damage|p1a: Urshifu|0 fnt\n|-damage|p1b: Raging Bolt|56\/100\n|faint|p1a: Urshifu\n|-ability|p2b: Calyrex|Grim Neigh|boost\n|-boost|p2b: Calyrex|spa|1\n|-damage|p2b: Calyrex|91\/100|[from] item: Life Orb\n|move|p1b: Raging Bolt|Electroweb|p2b: Calyrex|[spread] p2a,p2b\n|-damage|p2a: Indeedee|68\/100\n|-damage|p2b: Calyrex|61\/100\n|-unboost|p2a: Indeedee|spe|1\n|-unboost|p2b: Calyrex|spe|1\n|\n|upkeep\n|\n|t:|1739311909\n|switch|p1a: Calyrex|Calyrex-Shadow, L50|100\/100\n|-ability|p1a: Calyrex|As One\n|-ability|p1a: Calyrex|Unnerve\n|turn|2\n|inactive|Gi1796 has 30 seconds left.\n|\n|t:|1739311938\n|-terastallize|p2b: Calyrex|Normal\n|move|p2a: Indeedee|Follow Me|p2a: Indeedee\n|-singleturn|p2a: Indeedee|move: Follow Me\n|move|p1a: Calyrex|Psychic|p2a: Indeedee\n|-resisted|p2a: Indeedee\n|-damage|p2a: Indeedee|37\/100\n|move|p2b: Calyrex|Astral Barrage|p1b: Raging Bolt|[spread] p1a,p1b\n|-supereffective|p1a: Calyrex\n|-enditem|p1a: Calyrex|Focus Sash\n|-damage|p1a: Calyrex|1\/100\n|-damage|p1b: Raging Bolt|4\/100\n|-damage|p2b: Calyrex|51\/100|[from] item: Life Orb\n|move|p1b: Raging Bolt|Thunderbolt|p2a: Indeedee\n|-damage|p2a: Indeedee|0 fnt\n|faint|p2a: Indeedee\n|\n|upkeep\n|\n|t:|1739311953\n|switch|p2a: Dondozo|Dondozo, L50, M|100\/100\n|turn|3\n|inactive|Gi1796 has 30 seconds left.\n|\n|t:|1739311978\n|switch|p2b: Tatsugiri|Tatsugiri-Droopy, L50, F, shiny|100\/100\n|-activate|p2b: Tatsugiri|ability: Commander|[of] p2a: Dondozo\n|-boost|p2a: Dondozo|atk|2\n|-boost|p2a: Dondozo|spa|2\n|-boost|p2a: Dondozo|spe|2\n|-boost|p2a: Dondozo|def|2\n|-boost|p2a: Dondozo|spd|2\n|move|p1a: Calyrex|Psychic|p2a: Dondozo\n|-damage|p2a: Dondozo|67\/100\n|move|p2a: Dondozo|Order Up|p1b: Raging Bolt\n|-damage|p1b: Raging Bolt|0 fnt\n|faint|p1b: Raging Bolt\n|-end|p1b: Raging Bolt|Protosynthesis|[silent]\n|-boost|p2a: Dondozo|def|1\n|\n|-heal|p2a: Dondozo|73\/100|[from] item: Leftovers\n|upkeep\n|\n|t:|1739311992\n|switch|p1b: Chi-Yu|Chi-Yu, L50|100\/100\n|-ability|p1b: Chi-Yu|Beads of Ruin\n|turn|4\n|\n|t:|1739312009\n|move|p2a: Dondozo|Protect|p2a: Dondozo\n|-singleturn|p2a: Dondozo|Protect\n|move|p1b: Chi-Yu|Dark Pulse|p2a: Dondozo\n|-activate|p2a: Dondozo|move: Protect\n|move|p1a: Calyrex|Psychic|p2a: Dondozo\n|-activate|p2a: Dondozo|move: Protect\n|\n|-heal|p2a: Dondozo|79\/100|[from] item: Leftovers\n|upkeep\n|turn|5\n|\n|t:|1739312016\n|move|p1b: Chi-Yu|Dark Pulse|p2a: Dondozo\n|-damage|p2a: Dondozo|49\/100\n|move|p1a: Calyrex|Psychic|p2a: Dondozo\n|-damage|p2a: Dondozo|2\/100\n|move|p2a: Dondozo|Body Press|p1b: Chi-Yu\n|-supereffective|p1b: Chi-Yu\n|-damage|p1b: Chi-Yu|0 fnt\n|faint|p1b: Chi-Yu\n|\n|-heal|p2a: Dondozo|8\/100|[from] item: Leftovers\n|-fieldend|move: Psychic Terrain\n|upkeep\n|turn|6\n|\n|t:|1739312027\n|move|p1a: Calyrex|Astral Barrage|p2b: Tatsugiri|[spread] p2a\n|-miss|p1a: Calyrex|p2b: Tatsugiri\n|-damage|p2a: Dondozo|0 fnt\n|faint|p2a: Dondozo\n|-ability|p1a: Calyrex|Grim Neigh|boost\n|-boost|p1a: Calyrex|spa|1\n|\n|upkeep\n|\n|t:|1739312029\n|switch|p2a: Calyrex|Calyrex-Shadow, L50, tera:Normal|51\/100\n|-ability|p2a: Calyrex|As One\n|-ability|p2a: Calyrex|Unnerve\n|turn|7\n|\n|t:|1739312037\n|move|p1a: Calyrex|Psychic|p2a: Calyrex\n|-damage|p2a: Calyrex|0 fnt\n|faint|p2a: Calyrex\n|-ability|p1a: Calyrex|Grim Neigh|boost\n|-boost|p1a: Calyrex|spa|1\n|move|p2b: Tatsugiri|Draco Meteor|p1a: Calyrex\n|-damage|p1a: Calyrex|0 fnt\n|-unboost|p2b: Tatsugiri|spa|2\n|faint|p1a: Calyrex\n|\n|win|sinclaires\n|raw|Gi1796's rating: 1562 &rarr; <strong>1543<\/strong><br \/>(-19 for losing)\n|raw|sinclaires's rating: 1586 &rarr; <strong>1605<\/strong><br \/>(+19 for winning)\n|c|\u2606sinclaires|gg\n|l|\u2606Gi1796\n|player|p1|\n|l|\u2606sinclaires\n|player|p2|\n","uploadtime":1739312224,"views":5,"formatid":"gen9vgc2025regg","rating":1543,"private":0,"password":null}