{"id":"gen9vgc2025regg-2298539393","format":"[Gen 9] VGC 2025 Reg G","players":["seung2742","The Slimmest Jesus"],"log":"|j|\u2606seung2742\n|j|\u2606The Slimmest Jesus\n|t:|1739264456\n|gametype|doubles\n|player|p1|seung2742|265|1576\n|player|p2|The Slimmest Jesus|102|1686\n|teamsize|p1|6\n|teamsize|p2|6\n|gen|9\n|tier|[Gen 9] VGC 2025 Reg G\n|rated|\n|rule|Species Clause: Limit one of each Pok\u00e9mon\n|rule|Item Clause: Limit 1 of each item\n|clearpoke\n|poke|p1|Calyrex-Shadow, L50|\n|poke|p1|Whimsicott, L50, M|\n|poke|p1|Raging Bolt, L50|\n|poke|p1|Chi-Yu, L50|\n|poke|p1|Rillaboom, L50, F|\n|poke|p1|Urshifu-*, L50, F|\n|poke|p2|Indeedee-F, L50, F|\n|poke|p2|Regidrago, L50|\n|poke|p2|Torkoal, L50, F|\n|poke|p2|Gallade, L50, M|\n|poke|p2|Calyrex-Ice, L50|\n|poke|p2|Lilligant-Hisui, L50, F|\n|teampreview|4\n|inactive|Battle timer is ON: inactive players will automatically lose when time's up. (requested by seung2742)\n|j| Jasper2452\n|inactive|The Slimmest Jesus has 60 seconds left.\n|j| Meditate golisopod\n|inactive|The Slimmest Jesus has 30 seconds left.\n|\n|t:|1739264523\n|start\n|switch|p1a: Chi-Yu|Chi-Yu, L50|100\/100\n|switch|p1b: Urshifu|Urshifu-Rapid-Strike, L50, F|100\/100\n|switch|p2a: Calyrex|Calyrex-Ice, L50|100\/100\n|switch|p2b: Gallade|Gallade, L50, M|100\/100\n|-ability|p2a: Calyrex|As One\n|-ability|p2a: Calyrex|Unnerve\n|-ability|p1a: Chi-Yu|Beads of Ruin\n|turn|1\n|inactive|seung2742 has 30 seconds left.\n|\n|t:|1739264548\n|-terastallize|p1b: Urshifu|Water\n|-terastallize|p2a: Calyrex|Normal\n|move|p1b: Urshifu|Surging Strikes|p2b: Gallade\n|-crit|p2b: Gallade\n|-damage|p2b: Gallade|57\/100\n|-crit|p2b: Gallade\n|-damage|p2b: Gallade|17\/100\n|-crit|p2b: Gallade\n|-damage|p2b: Gallade|0 fnt\n|faint|p2b: Gallade\n|-hitcount|p2: Gallade|3\n|move|p1a: Chi-Yu|Overheat|p2a: Calyrex\n|-damage|p2a: Calyrex|8\/100\n|-unboost|p1a: Chi-Yu|spa|2\n|move|p2a: Calyrex|Trick Room|p2a: Calyrex\n|-fieldstart|move: Trick Room|[of] p2a: Calyrex\n|\n|upkeep\n|l| Meditate golisopod\n|\n|t:|1739264566\n|switch|p2b: Regidrago|Regidrago, L50|100\/100\n|turn|2\n|\n|t:|1739264576\n|move|p2a: Calyrex|Protect|p2a: Calyrex\n|-singleturn|p2a: Calyrex|Protect\n|move|p2b: Regidrago|Dragon Energy|p1a: Chi-Yu|[spread] p1a,p1b\n|-damage|p1a: Chi-Yu|13\/100\n|-damage|p1b: Urshifu|0 fnt\n|faint|p1b: Urshifu\n|move|p1a: Chi-Yu|Overheat|p2b: Regidrago\n|-resisted|p2b: Regidrago\n|-damage|p2b: Regidrago|65\/100\n|-unboost|p1a: Chi-Yu|spa|2\n|\n|upkeep\n|\n|t:|1739264585\n|switch|p1b: Calyrex|Calyrex-Shadow, L50|100\/100\n|-ability|p1b: Calyrex|As One\n|-ability|p1b: Calyrex|Unnerve\n|turn|3\n|\n|t:|1739264594\n|move|p1b: Calyrex|Protect|p1b: Calyrex\n|-singleturn|p1b: Calyrex|Protect\n|move|p2b: Regidrago|Dragon Energy|p1a: Chi-Yu|[spread] p1a\n|-activate|p1b: Calyrex|move: Protect\n|-damage|p1a: Chi-Yu|0 fnt\n|faint|p1a: Chi-Yu\n|move|p2a: Calyrex|Glacial Lance|p1b: Calyrex\n|-activate|p1b: Calyrex|move: Protect\n|\n|upkeep\n|j| mr pogostick\n|\n|t:|1739264600\n|switch|p1a: Rillaboom|Rillaboom, L50, F|100\/100\n|-fieldstart|move: Grassy Terrain|[from] ability: Grassy Surge|[of] p1a: Rillaboom\n|turn|4\n|\n|t:|1739264617\n|switch|p2b: Indeedee|Indeedee-F, L50, F|100\/100\n|-fieldstart|move: Psychic Terrain|[from] ability: Psychic Surge|[of] p2b: Indeedee\n|move|p2a: Calyrex|Glacial Lance|p1a: Rillaboom|[spread] p1a,p1b\n|-supereffective|p1a: Rillaboom\n|-damage|p1a: Rillaboom|0 fnt\n|-damage|p1b: Calyrex|27\/100\n|faint|p1a: Rillaboom\n|-ability|p2a: Calyrex|Chilling Neigh|boost\n|-boost|p2a: Calyrex|atk|1\n|move|p1b: Calyrex|Astral Barrage|p2a: Calyrex|[spread] \n|-immune|p2a: Calyrex\n|-immune|p2b: Indeedee\n|\n|upkeep\n|turn|5\n|-message|seung2742 forfeited.\n|\n|win|The Slimmest Jesus\n|raw|seung2742's rating: 1576 &rarr; <strong>1562<\/strong><br \/>(-14 for losing)\n|raw|The Slimmest Jesus's rating: 1686 &rarr; <strong>1700<\/strong><br \/>(+14 for winning)\n|l|\u2606seung2742\n|player|p1|\n|l|\u2606The Slimmest Jesus\n|player|p2|\n|l| Jasper2452\n","uploadtime":1739264806,"views":10,"formatid":"gen9vgc2025regg","rating":1562,"private":0,"password":null}