{"id":"gen9vgc2025regg-2298509607","format":"[Gen 9] VGC 2025 Reg G","players":["Sheevp","Micah122"],"log":"|j|\u2606Sheevp\n|j|\u2606Micah122\n|t:|1739258797\n|gametype|doubles\n|player|p1|Sheevp|1|1553\n|player|p2|Micah122|266|1530\n|teamsize|p1|6\n|teamsize|p2|6\n|gen|9\n|tier|[Gen 9] VGC 2025 Reg G\n|rated|\n|rule|Species Clause: Limit one of each Pok\u00e9mon\n|rule|Item Clause: Limit 1 of each item\n|clearpoke\n|poke|p1|Kyogre, L50|\n|poke|p1|Roaring Moon, L50|\n|poke|p1|Farigiraf, L50, M|\n|poke|p1|Iron Hands, L50|\n|poke|p1|Ogerpon-Wellspring, L50, F|\n|poke|p1|Landorus, L50, M|\n|poke|p2|Calyrex-Shadow, L50|\n|poke|p2|Dondozo, L50, M|\n|poke|p2|Indeedee-F, L50, F|\n|poke|p2|Urshifu-*, L50, M|\n|poke|p2|Tatsugiri-Droopy, L50, M|\n|poke|p2|Weezing-Galar, L50, F|\n|teampreview|4\n|inactive|Battle timer is ON: inactive players will automatically lose when time's up. (requested by Micah122)\n|\n|t:|1739258820\n|start\n|switch|p1a: Roaring Moon|Roaring Moon, L50, shiny|100\/100\n|switch|p1b: Landorus|Landorus, L50, M|100\/100\n|switch|p2a: Calyrex|Calyrex-Shadow, L50|100\/100\n|switch|p2b: Weezing|Weezing-Galar, L50, F|100\/100\n|-ability|p2b: Weezing|Neutralizing Gas\n|-ability|p2a: Calyrex|As One\n|-ability|p2a: Calyrex|Unnerve\n|turn|1\n|inactive|Micah122 has 30 seconds left.\n|\n|t:|1739258847\n|move|p2a: Calyrex|Protect|p2a: Calyrex\n|-singleturn|p2a: Calyrex|Protect\n|move|p1b: Landorus|Protect|p1b: Landorus\n|-singleturn|p1b: Landorus|Protect\n|move|p1a: Roaring Moon|Tailwind|p1a: Roaring Moon\n|-sidestart|p1: Sheevp|move: Tailwind\n|move|p2b: Weezing|Strange Steam|p1a: Roaring Moon\n|-supereffective|p1a: Roaring Moon\n|-damage|p1a: Roaring Moon|10\/100\n|-start|p1a: Roaring Moon|confusion\n|\n|upkeep\n|turn|2\n|j| Kal0stest\n|\n|t:|1739258869\n|switch|p2a: Tatsugiri|Tatsugiri-Droopy, L50, M, shiny|100\/100\n|-end|p2b: Weezing|ability: Neutralizing Gas\n|switch|p2b: Dondozo|Dondozo, L50, M|100\/100\n|-enditem|p1a: Roaring Moon|Booster Energy\n|-activate|p1a: Roaring Moon|ability: Protosynthesis|[fromitem]\n|-start|p1a: Roaring Moon|protosynthesisspe\n|-activate|p2a: Tatsugiri|ability: Commander|[of] p2b: Dondozo\n|-boost|p2b: Dondozo|atk|2\n|-boost|p2b: Dondozo|spa|2\n|-boost|p2b: Dondozo|spe|2\n|-boost|p2b: Dondozo|def|2\n|-boost|p2b: Dondozo|spd|2\n|-activate|p1a: Roaring Moon|confusion\n|move|p1a: Roaring Moon|Knock Off|p2a: Tatsugiri|[miss]\n|-miss|p1a: Roaring Moon|p2a: Tatsugiri\n|move|p1b: Landorus|Earth Power|p2a: Tatsugiri|[miss]\n|-miss|p1b: Landorus|p2a: Tatsugiri\n|\n|upkeep\n|turn|3\n|\n|t:|1739258890\n|-terastallize|p1b: Landorus|Poison\n|-activate|p1a: Roaring Moon|confusion\n|move|p1a: Roaring Moon|Knock Off|p2b: Dondozo\n|-damage|p2b: Dondozo|86\/100\n|-enditem|p2b: Dondozo|Leftovers|[from] move: Knock Off|[of] p1a: Roaring Moon\n|move|p1b: Landorus|Sludge Bomb|p2b: Dondozo\n|-damage|p2b: Dondozo|48\/100\n|move|p2b: Dondozo|Wave Crash|p1b: Landorus\n|-damage|p1b: Landorus|0 fnt\n|faint|p1b: Landorus\n|-damage|p2b: Dondozo|24\/100|[from] Recoil\n|\n|upkeep\n|\n|t:|1739258908\n|switch|p1b: Ogerpon|Ogerpon-Wellspring, L50, F|100\/100\n|turn|4\n|\n|t:|1739258916\n|-activate|p1a: Roaring Moon|confusion\n|-damage|p1a: Roaring Moon|0 fnt|[from] confusion\n|faint|p1a: Roaring Moon\n|-end|p1a: Roaring Moon|Protosynthesis|[silent]\n|move|p1b: Ogerpon|Spiky Shield|p1b: Ogerpon\n|-singleturn|p1b: Ogerpon|move: Protect\n|move|p2b: Dondozo|Protect||[still]\n|-fail|p2b: Dondozo\n|\n|-sideend|p1: Sheevp|move: Tailwind\n|upkeep\n|\n|t:|1739258925\n|switch|p1a: Kyogre|Kyogre, L50|100\/100\n|-weather|RainDance|[from] ability: Drizzle|[of] p1a: Kyogre\n|turn|5\n|\n|t:|1739258933\n|move|p1b: Ogerpon|Horn Leech|p2b: Dondozo\n|-supereffective|p2b: Dondozo\n|-damage|p2b: Dondozo|0 fnt\n|faint|p2b: Dondozo\n|move|p1a: Kyogre|Thunder|p2a: Tatsugiri\n|-damage|p2a: Tatsugiri|15\/100\n|\n|-weather|RainDance|[upkeep]\n|upkeep\n|\n|t:|1739258938\n|switch|p2b: Calyrex|Calyrex-Shadow, L50|100\/100\n|-ability|p2b: Calyrex|As One\n|-ability|p2b: Calyrex|Unnerve\n|turn|6\n|\n|t:|1739258949\n|move|p2a: Tatsugiri|Helping Hand|p2b: Calyrex\n|-singleturn|p2b: Calyrex|Helping Hand|[of] p2a: Tatsugiri\n|move|p2b: Calyrex|Astral Barrage|p1a: Kyogre|[spread] p1a,p1b\n|-damage|p1a: Kyogre|15\/100\n|-damage|p1b: Ogerpon|0 fnt\n|faint|p1b: Ogerpon\n|-ability|p2b: Calyrex|Grim Neigh|boost\n|-boost|p2b: Calyrex|spa|1\n|-damage|p2b: Calyrex|91\/100|[from] item: Life Orb\n|move|p1a: Kyogre|Thunder|p2a: Tatsugiri\n|-damage|p2a: Tatsugiri|0 fnt\n|faint|p2a: Tatsugiri\n|\n|-weather|RainDance|[upkeep]\n|upkeep\n|-message|Sheevp forfeited.\n|\n|win|Micah122\n|raw|Sheevp's rating: 1553 &rarr; <strong>1532<\/strong><br \/>(-21 for losing)\n|raw|Micah122's rating: 1530 &rarr; <strong>1551<\/strong><br \/>(+21 for winning)\n|l|\u2606Sheevp\n|player|p1|\n|l| Kal0stest\n|l|\u2606Micah122\n|player|p2|\n","uploadtime":1739259130,"views":6,"formatid":"gen9vgc2025regg","rating":1532,"private":0,"password":null}