{"id":"gen9vgc2025regg-2298196000","format":"[Gen 9] VGC 2025 Reg G","players":["xatseye","Velonara"],"log":"|j|\u2606xatseye\n|j|\u2606Velonara\n|t:|1739217300\n|gametype|doubles\n|player|p1|xatseye|unknown|1714\n|player|p2|Velonara|courtney|1754\n|teamsize|p1|6\n|teamsize|p2|6\n|gen|9\n|tier|[Gen 9] VGC 2025 Reg G\n|rated|\n|rule|Species Clause: Limit one of each Pok\u00e9mon\n|rule|Item Clause: Limit 1 of each item\n|clearpoke\n|poke|p1|Miraidon, L50|\n|poke|p1|Incineroar, L50, M|\n|poke|p1|Urshifu-*, L50, F|\n|poke|p1|Oranguru, L50, F|\n|poke|p1|Clefairy, L50, M|\n|poke|p1|Iron Valiant, L50|\n|poke|p2|Dondozo, L50, F|\n|poke|p2|Tatsugiri-Droopy, L50, F|\n|poke|p2|Terapagos, L50, M|\n|poke|p2|Smeargle, L50, F|\n|poke|p2|Tornadus, L50, M|\n|poke|p2|Ogerpon-Hearthflame, L50, F|\n|teampreview|4\n|inactive|Battle timer is ON: inactive players will automatically lose when time's up. (requested by xatseye)\n|\n|t:|1739217316\n|start\n|switch|p1a: Miraidon|Miraidon, L50|100\/100\n|switch|p1b: Oranguru|Oranguru, L50, F|100\/100\n|switch|p2a: Smeargle|Smeargle, L50, F|100\/100\n|switch|p2b: Terapagos|Terapagos, L50, M|100\/100\n|-activate|p2b: Terapagos|ability: Tera Shift\n|detailschange|p2b: Terapagos|Terapagos-Terastal, L50, M\n|-heal|p2b: Terapagos|100\/100|[silent]\n|-fieldstart|move: Electric Terrain|[from] ability: Hadron Engine|[of] p1a: Miraidon\n|-enditem|p1a: Miraidon|Electric Seed\n|-boost|p1a: Miraidon|def|1|[from] item: Electric Seed\n|-activate|p1b: Oranguru|ability: Symbiosis|Covert Cloak|[of] p1a: Miraidon\n|turn|1\n|\n|t:|1739217333\n|move|p2a: Smeargle|Fake Out|p1a: Miraidon\n|-damage|p1a: Miraidon|98\/100\n|move|p1a: Miraidon|Parabolic Charge|p2a: Smeargle|[spread] p1b,p2a,p2b\n|-activate|p2b: Terapagos|ability: Tera Shell\n|-resisted|p2b: Terapagos\n|-damage|p1b: Oranguru|68\/100\n|-heal|p1a: Miraidon|100\/100|[from] drain|[of] p1b: Oranguru\n|-enditem|p2a: Smeargle|Focus Sash\n|-damage|p2a: Smeargle|1\/100\n|-damage|p2b: Terapagos|82\/100\n|move|p2b: Terapagos|Tera Starstorm|p1b: Oranguru\n|-damage|p1b: Oranguru|0 fnt\n|faint|p1b: Oranguru\n|\n|-ability|p2a: Smeargle|Moody|boost\n|-boost|p2a: Smeargle|spa|2\n|-unboost|p2a: Smeargle|spe|1\n|upkeep\n|\n|t:|1739217349\n|switch|p1b: Iron Valiant|Iron Valiant, L50|100\/100\n|-activate|p1b: Iron Valiant|ability: Quark Drive\n|-start|p1b: Iron Valiant|quarkdrivespe\n|turn|2\n|\n|t:|1739217359\n|-terastallize|p2b: Terapagos|Stellar\n|detailschange|p2b: Terapagos|Terapagos-Stellar, L50, M, tera:Stellar\n|-heal|p2b: Terapagos|87\/100|[silent]\n|-ability|p2b: Terapagos|Teraform Zero\n|-fieldend|move: Electric Terrain\n|-end|p1b: Iron Valiant|Quark Drive\n|-enditem|p1b: Iron Valiant|Booster Energy\n|-activate|p1b: Iron Valiant|ability: Quark Drive|[fromitem]\n|-start|p1b: Iron Valiant|quarkdrivespe\n|move|p1b: Iron Valiant|Disable|p2b: Terapagos\n|-start|p2b: Terapagos|Disable|Tera Starstorm\n|move|p1a: Miraidon|Calm Mind|p1a: Miraidon\n|-boost|p1a: Miraidon|spa|1\n|-boost|p1a: Miraidon|spd|1\n|cant|p2b: Terapagos|Disable|Tera Starstorm\n|move|p2a: Smeargle|Spore|p1b: Iron Valiant\n|-status|p1b: Iron Valiant|slp|[from] move: Spore\n|\n|-ability|p2a: Smeargle|Moody|boost\n|-boost|p2a: Smeargle|spa|2\n|-unboost|p2a: Smeargle|def|1\n|upkeep\n|turn|3\n|j| Funn yIy\n|inactive|xatseye has 30 seconds left.\n|\n|t:|1739217387\n|switch|p2b: Ogerpon|Ogerpon-Hearthflame, L50, F|100\/100\n|-ability|p2b: Ogerpon|Mold Breaker\n|cant|p1b: Iron Valiant|slp\n|move|p1a: Miraidon|Parabolic Charge|p2a: Smeargle|[spread] p1b,p2a,p2b\n|-resisted|p2b: Ogerpon\n|-damage|p1b: Iron Valiant|42\/100 slp\n|-damage|p2a: Smeargle|0 fnt\n|-damage|p2b: Ogerpon|79\/100\n|faint|p2a: Smeargle\n|\n|upkeep\n|\n|t:|1739217397\n|switch|p2a: Terapagos|Terapagos-Stellar, L50, M, tera:Stellar|87\/100\n|turn|4\n|\n|t:|1739217413\n|cant|p1b: Iron Valiant|slp\n|move|p1a: Miraidon|Dragon Pulse|p2b: Ogerpon\n|-damage|p2b: Ogerpon|15\/100\n|move|p2b: Ogerpon|Ivy Cudgel|p1b: Iron Valiant|[anim] Ivy Cudgel Fire\n|-crit|p1b: Iron Valiant\n|-damage|p1b: Iron Valiant|0 fnt\n|faint|p1b: Iron Valiant\n|-end|p1b: Iron Valiant|Quark Drive|[silent]\n|move|p2a: Terapagos|Earth Power|p1a: Miraidon\n|-supereffective|p1a: Miraidon\n|-damage|p1a: Miraidon|33\/100\n|\n|upkeep\n|\n|t:|1739217424\n|switch|p1b: Urshifu|Urshifu-Rapid-Strike, L50, F|100\/100\n|turn|5\n|inactive|xatseye has 30 seconds left.\n|\n|t:|1739217450\n|switch|p2a: Tornadus|Tornadus, L50, M|100\/100\n|move|p1a: Miraidon|Protect|p1a: Miraidon\n|-singleturn|p1a: Miraidon|Protect\n|move|p2b: Ogerpon|Follow Me|p2b: Ogerpon\n|-singleturn|p2b: Ogerpon|move: Follow Me\n|move|p1b: Urshifu|Surging Strikes|p2b: Ogerpon\n|-crit|p2b: Ogerpon\n|-damage|p2b: Ogerpon|0 fnt\n|faint|p2b: Ogerpon\n|-hitcount|p2: Ogerpon|1\n|\n|upkeep\n|\n|t:|1739217457\n|switch|p2b: Terapagos|Terapagos-Stellar, L50, M, tera:Stellar|87\/100\n|turn|6\n|\n|t:|1739217471\n|move|p2a: Tornadus|Tailwind|p2a: Tornadus\n|-sidestart|p2: Velonara|move: Tailwind\n|move|p2b: Terapagos|Tera Starstorm|p1a: Miraidon|[spread] p1a,p1b\n|-damage|p1a: Miraidon|0 fnt\n|-damage|p1b: Urshifu|4\/100\n|faint|p1a: Miraidon\n|move|p1b: Urshifu|Surging Strikes|p2b: Terapagos\n|-crit|p2b: Terapagos\n|-damage|p2b: Terapagos|74\/100\n|-crit|p2b: Terapagos\n|-damage|p2b: Terapagos|62\/100\n|-crit|p2b: Terapagos\n|-damage|p2b: Terapagos|47\/100\n|-hitcount|p2b: Terapagos|3\n|\n|upkeep\n|turn|7\n|-message|xatseye forfeited.\n|\n|win|Velonara\n|raw|xatseye's rating: 1714 &rarr; <strong>1696<\/strong><br \/>(-18 for losing)\n|raw|Velonara's rating: 1754 &rarr; <strong>1772<\/strong><br \/>(+18 for winning)\n|l|\u2606xatseye\n|player|p1|\n|l|\u2606Velonara\n|player|p2|\n|l| Funn yIy\n","uploadtime":1739217753,"views":35,"formatid":"gen9vgc2025regg","rating":1696,"private":0,"password":null}