{"id":"gen9vgc2025regg-2298251867","format":"[Gen 9] VGC 2025 Reg G","players":["yukita_somaru","ApoVGC"],"log":"|j|\u2606yukita_somaru\n|j|\u2606ApoVGC\n|t:|1739223060\n|gametype|doubles\n|player|p1|yukita_somaru|chuck|1616\n|player|p2|ApoVGC|170|1545\n|teamsize|p1|6\n|teamsize|p2|6\n|gen|9\n|tier|[Gen 9] VGC 2025 Reg G\n|rated|\n|rule|Species Clause: Limit one of each Pok\u00e9mon\n|rule|Item Clause: Limit 1 of each item\n|clearpoke\n|poke|p1|Miraidon, L50|\n|poke|p1|Iron Bundle, L50|\n|poke|p1|Iron Hands, L50|\n|poke|p1|Dragonite, L50, F|\n|poke|p1|Dondozo, L50, F|\n|poke|p1|Tatsugiri-Droopy, L50, F|\n|poke|p2|Calyrex-Shadow, L50|\n|poke|p2|Amoonguss, L50, M|\n|poke|p2|Tornadus, L50, M|\n|poke|p2|Indeedee-F, L50, F|\n|poke|p2|Urshifu-*, L50, F|\n|poke|p2|Chi-Yu, L50|\n|teampreview|4\n|inactive|Battle timer is ON: inactive players will automatically lose when time's up. (requested by ApoVGC)\n|\n|t:|1739223083\n|start\n|switch|p1a: \u30df\u30e9\u30a4\u30c9\u30f3|Miraidon, L50|100\/100\n|switch|p1b: \u30d8\u30a4\u30e9\u30c3\u30b7\u30e3|Dondozo, L50, F|100\/100\n|switch|p2a: Chi-Yu|Chi-Yu, L50|100\/100\n|switch|p2b: Tornadus|Tornadus, L50, M|100\/100\n|-ability|p2a: Chi-Yu|Beads of Ruin\n|-fieldstart|move: Electric Terrain|[from] ability: Hadron Engine|[of] p1a: \u30df\u30e9\u30a4\u30c9\u30f3\n|turn|1\n|inactive|yukita_somaru has 30 seconds left.\n|inactive|yukita_somaru has 20 seconds left.\n|inactive|yukita_somaru has 15 seconds left.\n|inactive|yukita_somaru has 10 seconds left.\n|\n|t:|1739223129\n|-terastallize|p2a: Chi-Yu|Ground\n|move|p2b: Tornadus|Tailwind|p2b: Tornadus\n|-sidestart|p2: ApoVGC|move: Tailwind\n|move|p2a: Chi-Yu|Tera Blast|p1a: \u30df\u30e9\u30a4\u30c9\u30f3|[anim] Tera Blast Ground\n|-supereffective|p1a: \u30df\u30e9\u30a4\u30c9\u30f3\n|-damage|p1a: \u30df\u30e9\u30a4\u30c9\u30f3|0 fnt\n|faint|p1a: \u30df\u30e9\u30a4\u30c9\u30f3\n|move|p1b: \u30d8\u30a4\u30e9\u30c3\u30b7\u30e3|Earthquake|p2b: Tornadus|[spread] p2a\n|-immune|p2b: Tornadus\n|-damage|p2a: Chi-Yu|60\/100\n|\n|upkeep\n|\n|t:|1739223150\n|switch|p1a: \u30c6\u30c4\u30ce\u30c4\u30c4\u30df|Iron Bundle, L50|100\/100\n|-activate|p1a: \u30c6\u30c4\u30ce\u30c4\u30c4\u30df|ability: Quark Drive\n|-start|p1a: \u30c6\u30c4\u30ce\u30c4\u30c4\u30df|quarkdrivespe\n|turn|2\n|\n|t:|1739223160\n|move|p1b: \u30d8\u30a4\u30e9\u30c3\u30b7\u30e3|Protect|p1b: \u30d8\u30a4\u30e9\u30c3\u30b7\u30e3\n|-singleturn|p1b: \u30d8\u30a4\u30e9\u30c3\u30b7\u30e3|Protect\n|move|p2a: Chi-Yu|Tera Blast|p1a: \u30c6\u30c4\u30ce\u30c4\u30c4\u30df|[anim] Tera Blast Ground\n|-enditem|p1a: \u30c6\u30c4\u30ce\u30c4\u30c4\u30df|Focus Sash\n|-damage|p1a: \u30c6\u30c4\u30ce\u30c4\u30c4\u30df|1\/100\n|move|p2b: Tornadus|Bleakwind Storm|p1b: \u30d8\u30a4\u30e9\u30c3\u30b7\u30e3|[spread] p1a\n|-activate|p1b: \u30d8\u30a4\u30e9\u30c3\u30b7\u30e3|move: Protect\n|-damage|p1a: \u30c6\u30c4\u30ce\u30c4\u30c4\u30df|0 fnt\n|faint|p1a: \u30c6\u30c4\u30ce\u30c4\u30c4\u30df\n|-end|p1a: \u30c6\u30c4\u30ce\u30c4\u30c4\u30df|Quark Drive|[silent]\n|\n|upkeep\n|\n|t:|1739223172\n|switch|p1a: \u30b7\u30e3\u30ea\u30bf\u30c4|Tatsugiri-Droopy, L50, F|100\/100\n|-activate|p1a: \u30b7\u30e3\u30ea\u30bf\u30c4|ability: Commander|[of] p1b: \u30d8\u30a4\u30e9\u30c3\u30b7\u30e3\n|-boost|p1b: \u30d8\u30a4\u30e9\u30c3\u30b7\u30e3|atk|2\n|-boost|p1b: \u30d8\u30a4\u30e9\u30c3\u30b7\u30e3|spa|2\n|-boost|p1b: \u30d8\u30a4\u30e9\u30c3\u30b7\u30e3|spe|2\n|-boost|p1b: \u30d8\u30a4\u30e9\u30c3\u30b7\u30e3|def|2\n|-boost|p1b: \u30d8\u30a4\u30e9\u30c3\u30b7\u30e3|spd|2\n|turn|3\n|\n|t:|1739223181\n|move|p2a: Chi-Yu|Tera Blast|p1b: \u30d8\u30a4\u30e9\u30c3\u30b7\u30e3|[anim] Tera Blast Ground\n|-damage|p1b: \u30d8\u30a4\u30e9\u30c3\u30b7\u30e3|68\/100\n|move|p2b: Tornadus|Bleakwind Storm|p1b: \u30d8\u30a4\u30e9\u30c3\u30b7\u30e3|[spread] p1b\n|-miss|p2b: Tornadus|p1a: \u30b7\u30e3\u30ea\u30bf\u30c4\n|-damage|p1b: \u30d8\u30a4\u30e9\u30c3\u30b7\u30e3|40\/100\n|move|p1b: \u30d8\u30a4\u30e9\u30c3\u30b7\u30e3|Wave Crash|p2b: Tornadus\n|-damage|p2b: Tornadus|0 fnt\n|faint|p2b: Tornadus\n|-damage|p1b: \u30d8\u30a4\u30e9\u30c3\u30b7\u30e3|13\/100|[from] Recoil\n|\n|upkeep\n|\n|t:|1739223194\n|switch|p2b: Indeedee|Indeedee-F, L50, F|100\/100\n|-fieldstart|move: Psychic Terrain|[from] ability: Psychic Surge|[of] p2b: Indeedee\n|-enditem|p2b: Indeedee|Psychic Seed\n|-boost|p2b: Indeedee|spd|1|[from] item: Psychic Seed\n|turn|4\n|\n|t:|1739223211\n|move|p2a: Chi-Yu|Tera Blast|p1b: \u30d8\u30a4\u30e9\u30c3\u30b7\u30e3|[anim] Tera Blast Ground\n|-damage|p1b: \u30d8\u30a4\u30e9\u30c3\u30b7\u30e3|0 fnt\n|faint|p1b: \u30d8\u30a4\u30e9\u30c3\u30b7\u30e3\n|move|p2b: Indeedee|Psyshock|p1a: \u30b7\u30e3\u30ea\u30bf\u30c4\n|-damage|p1a: \u30b7\u30e3\u30ea\u30bf\u30c4|46\/100\n|\n|-sideend|p2: ApoVGC|move: Tailwind\n|upkeep\n|turn|5\n|\n|t:|1739223226\n|move|p2b: Indeedee|Follow Me|p2b: Indeedee\n|-singleturn|p2b: Indeedee|move: Follow Me\n|move|p2a: Chi-Yu|Tera Blast|p1a: \u30b7\u30e3\u30ea\u30bf\u30c4|[anim] Tera Blast Ground\n|-damage|p1a: \u30b7\u30e3\u30ea\u30bf\u30c4|0 fnt\n|faint|p1a: \u30b7\u30e3\u30ea\u30bf\u30c4\n|\n|win|ApoVGC\n|raw|yukita_somaru's rating: 1616 &rarr; <strong>1592<\/strong><br \/>(-24 for losing)\n|raw|ApoVGC's rating: 1545 &rarr; <strong>1569<\/strong><br \/>(+24 for winning)\n|c|\u2606yukita_somaru|ggwp\n|l|\u2606yukita_somaru\n|player|p1|\n|l|\u2606ApoVGC\n|player|p2|\n","uploadtime":1739223423,"views":5,"formatid":"gen9vgc2025regg","rating":1569,"private":0,"password":null}