{"id":"gen9vgc2025regg-2298040168","format":"[Gen 9] VGC 2025 Reg G","players":["Hikawari","SendMuj"],"log":"|j|\u2606Hikawari\n|j|\u2606SendMuj\n|t:|1739202154\n|gametype|doubles\n|player|p1|Hikawari|265|1599\n|player|p2|SendMuj|pokemonranger-gen4|1623\n|teamsize|p1|6\n|teamsize|p2|6\n|gen|9\n|tier|[Gen 9] VGC 2025 Reg G\n|rated|\n|rule|Species Clause: Limit one of each Pok\u00e9mon\n|rule|Item Clause: Limit 1 of each item\n|clearpoke\n|poke|p1|Zamazenta-*, L50|\n|poke|p1|Chi-Yu, L50|\n|poke|p1|Rillaboom, L50, F|\n|poke|p1|Flutter Mane, L50|\n|poke|p1|Chien-Pao, L50|\n|poke|p1|Amoonguss, L50, F|\n|poke|p2|Kyogre, L50|\n|poke|p2|Whimsicott, L50, F|\n|poke|p2|Ogerpon-Hearthflame, L50, F|\n|poke|p2|Rillaboom, L50, F|\n|poke|p2|Incineroar, L50, M|\n|poke|p2|Landorus, L50, M|\n|teampreview|4\n|inactive|Battle timer is ON: inactive players will automatically lose when time's up. (requested by SendMuj)\n|\n|t:|1739202166\n|start\n|switch|p1a: Zamazenta|Zamazenta-Crowned, L50|100\/100\n|switch|p1b: Chien-Pao|Chien-Pao, L50|100\/100\n|switch|p2a: Whimsicott|Whimsicott, L50, F|100\/100\n|switch|p2b: Ogerpon|Ogerpon-Hearthflame, L50, F|100\/100\n|-ability|p1b: Chien-Pao|Sword of Ruin\n|-ability|p2b: Ogerpon|Mold Breaker\n|-ability|p1a: Zamazenta|Dauntless Shield|boost\n|-boost|p1a: Zamazenta|def|1\n|turn|1\n|\n|t:|1739202174\n|-terastallize|p1a: Zamazenta|Dragon\n|move|p2a: Whimsicott|Tailwind|p2a: Whimsicott\n|-sidestart|p2: SendMuj|move: Tailwind\n|move|p2b: Ogerpon|Ivy Cudgel|p1b: Chien-Pao|[anim] Ivy Cudgel Fire\n|-supereffective|p1b: Chien-Pao\n|-enditem|p1b: Chien-Pao|Focus Sash\n|-damage|p1b: Chien-Pao|1\/100\n|move|p1b: Chien-Pao|Icicle Crash|p2a: Whimsicott\n|-supereffective|p2a: Whimsicott\n|-enditem|p2a: Whimsicott|Focus Sash\n|-damage|p2a: Whimsicott|1\/100\n|move|p1a: Zamazenta|Body Press|p2b: Ogerpon\n|-damage|p2b: Ogerpon|0 fnt\n|faint|p2b: Ogerpon\n|\n|upkeep\n|\n|t:|1739202189\n|switch|p2b: Landorus|Landorus, L50, M|100\/100\n|turn|2\n|\n|t:|1739202202\n|move|p2b: Landorus|Protect|p2b: Landorus\n|-singleturn|p2b: Landorus|Protect\n|move|p1b: Chien-Pao|Sucker Punch||[still]\n|-fail|p1b: Chien-Pao\n|move|p2a: Whimsicott|Dazzling Gleam|p1b: Chien-Pao|[spread] p1a,p1b\n|-supereffective|p1a: Zamazenta\n|-supereffective|p1b: Chien-Pao\n|-damage|p1a: Zamazenta|73\/100\n|-damage|p1b: Chien-Pao|0 fnt\n|faint|p1b: Chien-Pao\n|move|p1a: Zamazenta|Heavy Slam|p2b: Landorus\n|-activate|p2b: Landorus|move: Protect\n|\n|upkeep\n|\n|t:|1739202208\n|switch|p1b: Flutter Mane|Flutter Mane, L50|100\/100\n|-enditem|p1b: Flutter Mane|Booster Energy\n|-activate|p1b: Flutter Mane|ability: Protosynthesis|[fromitem]\n|-start|p1b: Flutter Mane|protosynthesisspe\n|turn|3\n|\n|t:|1739202230\n|move|p2a: Whimsicott|Light Screen|p2a: Whimsicott\n|-sidestart|p2: SendMuj|move: Light Screen\n|move|p2b: Landorus|Sludge Bomb|p1b: Flutter Mane\n|-damage|p1b: Flutter Mane|58\/100\n|move|p1b: Flutter Mane|Icy Wind|p2a: Whimsicott|[spread] p2a\n|-miss|p1b: Flutter Mane|p2b: Landorus\n|-supereffective|p2a: Whimsicott\n|-damage|p2a: Whimsicott|0 fnt\n|faint|p2a: Whimsicott\n|move|p1a: Zamazenta|Heavy Slam|p2b: Landorus\n|-damage|p2b: Landorus|44\/100\n|\n|upkeep\n|\n|t:|1739202234\n|switch|p2a: Kyogre|Kyogre, L50|100\/100\n|-weather|RainDance|[from] ability: Drizzle|[of] p2a: Kyogre\n|turn|4\n|\n|t:|1739202241\n|-terastallize|p2a: Kyogre|Water\n|move|p1b: Flutter Mane|Protect|p1b: Flutter Mane\n|-singleturn|p1b: Flutter Mane|Protect\n|move|p1a: Zamazenta|Protect|p1a: Zamazenta\n|-singleturn|p1a: Zamazenta|Protect\n|move|p2b: Landorus|Sandsear Storm|p1a: Zamazenta|[spread] \n|-activate|p1a: Zamazenta|move: Protect\n|-activate|p1b: Flutter Mane|move: Protect\n|move|p2a: Kyogre|Water Spout|p1a: Zamazenta|[spread] \n|-activate|p1a: Zamazenta|move: Protect\n|-activate|p1b: Flutter Mane|move: Protect\n|\n|-weather|RainDance|[upkeep]\n|-sideend|p2: SendMuj|move: Tailwind\n|upkeep\n|turn|5\n|\n|t:|1739202254\n|move|p1a: Zamazenta|Wide Guard|p1a: Zamazenta\n|-singleturn|p1a: Zamazenta|Wide Guard\n|move|p1b: Flutter Mane|Icy Wind|p2b: Landorus|[spread] p2a,p2b\n|-resisted|p2a: Kyogre\n|-supereffective|p2b: Landorus\n|-damage|p2a: Kyogre|98\/100\n|-damage|p2b: Landorus|5\/100\n|-unboost|p2a: Kyogre|spe|1\n|-unboost|p2b: Landorus|spe|1\n|move|p2b: Landorus|Sandsear Storm|p1b: Flutter Mane|[spread] \n|-activate|p1a: Zamazenta|move: Wide Guard\n|-activate|p1b: Flutter Mane|move: Wide Guard\n|move|p2a: Kyogre|Water Spout|p1b: Flutter Mane|[spread] \n|-activate|p1a: Zamazenta|move: Wide Guard\n|-activate|p1b: Flutter Mane|move: Wide Guard\n|\n|-weather|RainDance|[upkeep]\n|upkeep\n|turn|6\n|\n|t:|1739202262\n|move|p2b: Landorus|Protect|p2b: Landorus\n|-singleturn|p2b: Landorus|Protect\n|move|p1b: Flutter Mane|Icy Wind|p2a: Kyogre|[spread] p2a\n|-activate|p2b: Landorus|move: Protect\n|-resisted|p2a: Kyogre\n|-damage|p2a: Kyogre|94\/100\n|-unboost|p2a: Kyogre|spe|1\n|move|p1a: Zamazenta|Body Press|p2a: Kyogre\n|-damage|p2a: Kyogre|8\/100\n|move|p2a: Kyogre|Water Spout|p1a: Zamazenta|[spread] p1a,p1b\n|-resisted|p1a: Zamazenta\n|-damage|p1a: Zamazenta|66\/100\n|-damage|p1b: Flutter Mane|41\/100\n|\n|-weather|RainDance|[upkeep]\n|upkeep\n|turn|7\n|\n|t:|1739202274\n|move|p1b: Flutter Mane|Moonblast|p2b: Landorus\n|-damage|p2b: Landorus|0 fnt\n|faint|p2b: Landorus\n|move|p1a: Zamazenta|Body Press|p2a: Kyogre\n|-damage|p2a: Kyogre|0 fnt\n|faint|p2a: Kyogre\n|\n|win|Hikawari\n|raw|Hikawari's rating: 1599 &rarr; <strong>1620<\/strong><br \/>(+21 for winning)\n|raw|SendMuj's rating: 1623 &rarr; <strong>1602<\/strong><br \/>(-21 for losing)\n|l|\u2606SendMuj\n|player|p2|\n|l|\u2606Hikawari\n|player|p1|\n","uploadtime":1739202500,"views":5,"formatid":"gen9vgc2025regg","rating":1602,"private":0,"password":null}