{"id":"gen9vgc2025regg-2298850638","format":"[Gen 9] VGC 2025 Reg G","players":["BLiiNDProdiigy","KDR-Alt-711"],"log":"|j|\u2606BLiiNDProdiigy\n|j|\u2606KDR-Alt-711\n|t:|1739301228\n|gametype|doubles\n|player|p1|BLiiNDProdiigy|rocketgrunt|1632\n|player|p2|KDR-Alt-711|265|1616\n|teamsize|p1|6\n|teamsize|p2|6\n|gen|9\n|tier|[Gen 9] VGC 2025 Reg G\n|rated|\n|rule|Species Clause: Limit one of each Pok\u00e9mon\n|rule|Item Clause: Limit 1 of each item\n|clearpoke\n|poke|p1|Terapagos, L50, M|\n|poke|p1|Incineroar, L50, M|\n|poke|p1|Rillaboom, L50, F|\n|poke|p1|Urshifu-*, L50, F|\n|poke|p1|Flutter Mane, L50|\n|poke|p1|Ogerpon-Hearthflame, L50, F|\n|poke|p2|Whimsicott, L50, M|\n|poke|p2|Entei, L50|\n|poke|p2|Flutter Mane, L50|\n|poke|p2|Groudon, L50|\n|poke|p2|Raging Bolt, L50|\n|poke|p2|Chi-Yu, L50|\n|teampreview|4\n|inactive|Battle timer is ON: inactive players will automatically lose when time's up. (requested by KDR-Alt-711)\n|\n|t:|1739301260\n|start\n|switch|p1a: Terapagos|Terapagos, L50, M|100\/100\n|switch|p1b: Incineroar|Incineroar, L50, M|100\/100\n|switch|p2a: Entei|Entei, L50, shiny|100\/100\n|switch|p2b: Raging Bolt|Raging Bolt, L50|100\/100\n|-activate|p1a: Terapagos|ability: Tera Shift\n|detailschange|p1a: Terapagos|Terapagos-Terastal, L50, M\n|-heal|p1a: Terapagos|100\/100|[silent]\n|-ability|p1b: Incineroar|Intimidate|boost\n|-fail|p2a: Entei|unboost|Attack|[from] ability: Inner Focus|[of] p2a: Entei\n|-unboost|p2b: Raging Bolt|atk|1\n|turn|1\n|\n|t:|1739301269\n|move|p2a: Entei|Protect|p2a: Entei\n|-singleturn|p2a: Entei|Protect\n|move|p1b: Incineroar|Fake Out|p2b: Raging Bolt\n|-damage|p2b: Raging Bolt|92\/100\n|move|p1a: Terapagos|Substitute|p1a: Terapagos\n|-start|p1a: Terapagos|Substitute\n|-damage|p1a: Terapagos|76\/100\n|cant|p2b: Raging Bolt|flinch\n|\n|-heal|p1a: Terapagos|82\/100|[from] item: Leftovers\n|upkeep\n|turn|2\n|\n|t:|1739301289\n|move|p1a: Terapagos|Protect|p1a: Terapagos\n|-singleturn|p1a: Terapagos|Protect\n|move|p2a: Entei|Stomping Tantrum|p1b: Incineroar\n|-supereffective|p1b: Incineroar\n|-damage|p1b: Incineroar|59\/100\n|-damage|p2a: Entei|84\/100|[from] item: Rocky Helmet|[of] p1b: Incineroar\n|-damage|p2a: Entei|74\/100|[from] item: Life Orb\n|move|p2b: Raging Bolt|Thunderbolt|p1b: Incineroar\n|-damage|p1b: Incineroar|14\/100\n|move|p1b: Incineroar|Parting Shot|p2b: Raging Bolt\n|-unboost|p2b: Raging Bolt|atk|1\n|-unboost|p2b: Raging Bolt|spa|1\n|j| Nabandwhat\n|\n|t:|1739301299\n|switch|p1b: Flutter Mane|Flutter Mane, L50|100\/100|[from] Parting Shot\n|-enditem|p1b: Flutter Mane|Booster Energy\n|-activate|p1b: Flutter Mane|ability: Protosynthesis|[fromitem]\n|-start|p1b: Flutter Mane|protosynthesisspe\n|\n|-heal|p1a: Terapagos|87\/100|[from] item: Leftovers\n|upkeep\n|turn|3\n|\n|t:|1739301313\n|move|p1b: Flutter Mane|Moonblast|p2b: Raging Bolt\n|-supereffective|p2b: Raging Bolt\n|-damage|p2b: Raging Bolt|50\/100\n|-unboost|p2b: Raging Bolt|spa|1\n|move|p2a: Entei|Sacred Fire|p1b: Flutter Mane\n|-damage|p1b: Flutter Mane|5\/100\n|-damage|p2a: Entei|64\/100|[from] item: Life Orb\n|move|p1a: Terapagos|Calm Mind|p1a: Terapagos\n|-boost|p1a: Terapagos|spa|1\n|-boost|p1a: Terapagos|spd|1\n|move|p2b: Raging Bolt|Thunderbolt|p1a: Terapagos\n|-activate|p1a: Terapagos|move: Substitute|[damage]\n|\n|-heal|p1a: Terapagos|93\/100|[from] item: Leftovers\n|upkeep\n|turn|4\n|j| kiabu233\n|\n|t:|1739301331\n|move|p2a: Entei|Protect|p2a: Entei\n|-singleturn|p2a: Entei|Protect\n|move|p2b: Raging Bolt|Thunderclap||[still]\n|-fail|p2b: Raging Bolt\n|move|p1b: Flutter Mane|Thunder Wave|p2a: Entei\n|-activate|p2a: Entei|move: Protect\n|move|p1a: Terapagos|Calm Mind|p1a: Terapagos\n|-boost|p1a: Terapagos|spa|1\n|-boost|p1a: Terapagos|spd|1\n|\n|-heal|p1a: Terapagos|99\/100|[from] item: Leftovers\n|upkeep\n|turn|5\n|\n|t:|1739301353\n|switch|p2a: Groudon|Groudon, L50, shiny|100\/100\n|-weather|SunnyDay|[from] ability: Drought|[of] p2a: Groudon\n|-activate|p2b: Raging Bolt|ability: Protosynthesis\n|-start|p2b: Raging Bolt|protosynthesisspd\n|move|p1b: Flutter Mane|Moonblast|p2b: Raging Bolt\n|-supereffective|p2b: Raging Bolt\n|-damage|p2b: Raging Bolt|17\/100\n|move|p1a: Terapagos|Tera Starstorm|p2a: Groudon\n|-damage|p2a: Groudon|3\/100\n|move|p2b: Raging Bolt|Electroweb|p1b: Flutter Mane|[spread] p1a,p1b\n|-activate|p1a: Terapagos|move: Substitute|[damage]\n|-damage|p1b: Flutter Mane|0 fnt\n|faint|p1b: Flutter Mane\n|-end|p1b: Flutter Mane|Protosynthesis|[silent]\n|\n|-weather|SunnyDay|[upkeep]\n|-heal|p1a: Terapagos|100\/100|[from] item: Leftovers\n|upkeep\n|\n|t:|1739301374\n|switch|p1b: Ogerpon|Ogerpon-Hearthflame, L50, F|100\/100\n|-ability|p1b: Ogerpon|Mold Breaker\n|turn|6\n|\n|t:|1739301382\n|-terastallize|p1a: Terapagos|Stellar\n|detailschange|p1a: Terapagos|Terapagos-Stellar, L50, M, tera:Stellar\n|-heal|p1a: Terapagos|100\/100|[silent]\n|-ability|p1a: Terapagos|Teraform Zero\n|-weather|none\n|-end|p2b: Raging Bolt|Protosynthesis\n|move|p2a: Groudon|Protect|p2a: Groudon\n|-singleturn|p2a: Groudon|Protect\n|move|p2b: Raging Bolt|Thunderclap|p1a: Terapagos\n|-end|p1a: Terapagos|Substitute\n|move|p1b: Ogerpon|Ivy Cudgel|p2a: Groudon|[anim] Ivy Cudgel Fire\n|-activate|p2a: Groudon|move: Protect\n|move|p1a: Terapagos|Tera Starstorm|p2a: Groudon|[spread] p2b\n|-activate|p2a: Groudon|move: Protect\n|-damage|p2b: Raging Bolt|0 fnt\n|faint|p2b: Raging Bolt\n|-end|p2b: Raging Bolt|Protosynthesis|[silent]\n|\n|upkeep\n|\n|t:|1739301393\n|switch|p2b: Chi-Yu|Chi-Yu, L50|100\/100\n|-ability|p2b: Chi-Yu|Beads of Ruin\n|turn|7\n|\n|t:|1739301404\n|switch|p1b: Incineroar|Incineroar, L50, M|14\/100\n|-ability|p1b: Incineroar|Intimidate|boost\n|-fail|p2a: Groudon|unboost|[from] item: Clear Amulet|[of] p2a: Groudon\n|-unboost|p2b: Chi-Yu|atk|1\n|move|p2a: Groudon|Helping Hand|p2b: Chi-Yu\n|-singleturn|p2b: Chi-Yu|Helping Hand|[of] p2a: Groudon\n|move|p2b: Chi-Yu|Heat Wave|p1a: Terapagos|[spread] p1b\n|-miss|p2b: Chi-Yu|p1a: Terapagos\n|-resisted|p1b: Incineroar\n|-damage|p1b: Incineroar|0 fnt\n|faint|p1b: Incineroar\n|move|p1a: Terapagos|Tera Starstorm|p2b: Chi-Yu|[spread] p2a,p2b\n|-damage|p2a: Groudon|0 fnt\n|-damage|p2b: Chi-Yu|14\/100\n|faint|p2a: Groudon\n|\n|upkeep\n|\n|t:|1739301412\n|switch|p2a: Entei|Entei, L50, shiny|64\/100\n|switch|p1b: Ogerpon|Ogerpon-Hearthflame, L50, F|100\/100\n|-ability|p1b: Ogerpon|Mold Breaker\n|turn|8\n|\n|t:|1739301417\n|move|p2a: Entei|Protect|p2a: Entei\n|-singleturn|p2a: Entei|Protect\n|move|p1b: Ogerpon|Follow Me|p1b: Ogerpon\n|-singleturn|p1b: Ogerpon|move: Follow Me\n|move|p2b: Chi-Yu|Heat Wave|p1a: Terapagos|[spread] p1b\n|-miss|p2b: Chi-Yu|p1a: Terapagos\n|-damage|p1b: Ogerpon|48\/100\n|move|p1a: Terapagos|Tera Starstorm|p2a: Entei|[spread] p2b\n|-activate|p2a: Entei|move: Protect\n|-damage|p2b: Chi-Yu|0 fnt\n|faint|p2b: Chi-Yu\n|\n|upkeep\n|turn|9\n|\n|t:|1739301426\n|move|p1b: Ogerpon|Follow Me|p1b: Ogerpon\n|-singleturn|p1b: Ogerpon|move: Follow Me\n|move|p2a: Entei|Sacred Fire|p1b: Ogerpon\n|-damage|p1b: Ogerpon|0 fnt\n|faint|p1b: Ogerpon\n|-damage|p2a: Entei|54\/100|[from] item: Life Orb\n|move|p1a: Terapagos|Substitute|p1a: Terapagos\n|-start|p1a: Terapagos|Substitute\n|-damage|p1a: Terapagos|75\/100\n|\n|-heal|p1a: Terapagos|82\/100|[from] item: Leftovers\n|upkeep\n|turn|10\n|\n|t:|1739301430\n|move|p2a: Entei|Sacred Fire|p1a: Terapagos\n|-end|p1a: Terapagos|Substitute\n|-damage|p2a: Entei|44\/100|[from] item: Life Orb\n|move|p1a: Terapagos|Tera Starstorm|p2a: Entei\n|-damage|p2a: Entei|0 fnt\n|faint|p2a: Entei\n|\n|win|BLiiNDProdiigy\n|raw|BLiiNDProdiigy's rating: 1632 &rarr; <strong>1651<\/strong><br \/>(+19 for winning)\n|raw|KDR-Alt-711's rating: 1616 &rarr; <strong>1597<\/strong><br \/>(-19 for losing)\n|l|\u2606BLiiNDProdiigy\n|player|p1|\n|l|\u2606KDR-Alt-711\n|player|p2|\n|l| kiabu233\n","uploadtime":1739301676,"views":9,"formatid":"gen9vgc2025regg","rating":1597,"private":0,"password":null}