{"id":"gen9vgc2025regg-2298912223","format":"[Gen 9] VGC 2025 Reg G","players":["kajashi","Alitiantian"],"log":"|j|\u2606kajashi\n|j|\u2606Alitiantian\n|t:|1739307328\n|gametype|doubles\n|player|p1|kajashi|n|1555\n|player|p2|Alitiantian|1|1556\n|teamsize|p1|6\n|teamsize|p2|6\n|gen|9\n|tier|[Gen 9] VGC 2025 Reg G\n|rated|\n|rule|Species Clause: Limit one of each Pok\u00e9mon\n|rule|Item Clause: Limit 1 of each item\n|clearpoke\n|poke|p1|Incineroar, L50, M|\n|poke|p1|Amoonguss, L50, F|\n|poke|p1|Calyrex-Ice, L50|\n|poke|p1|Raging Bolt, L50|\n|poke|p1|Landorus, L50, M|\n|poke|p1|Urshifu-*, L50, F|\n|poke|p2|Miraidon, L50|\n|poke|p2|Whimsicott, L50, F|\n|poke|p2|Urshifu-*, L50, F|\n|poke|p2|Ogerpon-Hearthflame, L50, F|\n|poke|p2|Farigiraf, L50, M|\n|poke|p2|Iron Hands, L50|\n|teampreview|4\n|\n|t:|1739307365\n|start\n|switch|p1a: Amoonguss|Amoonguss, L50, F|100\/100\n|switch|p1b: Landorus|Landorus, L50, M|100\/100\n|switch|p2a: Miraidon|Miraidon, L50|100\/100\n|switch|p2b: Farigiraf|Farigiraf, L50, M|100\/100\n|-fieldstart|move: Electric Terrain|[from] ability: Hadron Engine|[of] p2a: Miraidon\n|-enditem|p2b: Farigiraf|Electric Seed\n|-boost|p2b: Farigiraf|def|1|[from] item: Electric Seed\n|turn|1\n|\n|t:|1739307404\n|-terastallize|p2a: Miraidon|Fairy\n|move|p1a: Amoonguss|Rage Powder|p1a: Amoonguss\n|-singleturn|p1a: Amoonguss|move: Rage Powder\n|move|p1b: Landorus|Sandsear Storm|p2b: Farigiraf|[spread] p2b\n|-miss|p1b: Landorus|p2a: Miraidon\n|-damage|p2b: Farigiraf|57\/100\n|move|p2a: Miraidon|Volt Switch|p1a: Amoonguss\n|-resisted|p1a: Amoonguss\n|-damage|p1a: Amoonguss|58\/100\n|j| wegovrooooom\n|\n|t:|1739307420\n|switch|p2a: Ogerpon|Ogerpon-Hearthflame, L50, F|100\/100|[from] Volt Switch\n|-ability|p2a: Ogerpon|Mold Breaker\n|move|p2b: Farigiraf|Psychic Noise|p1a: Amoonguss\n|-supereffective|p1a: Amoonguss\n|-damage|p1a: Amoonguss|14\/100\n|\n|upkeep\n|turn|2\n|j| Meiser63\n|\n|t:|1739307448\n|switch|p1a: Raging Bolt|Raging Bolt, L50|100\/100\n|move|p1b: Landorus|Sandsear Storm|p2b: Farigiraf|[spread] p2a,p2b\n|-damage|p2a: Ogerpon|50\/100\n|-damage|p2b: Farigiraf|13\/100\n|move|p2a: Ogerpon|Ivy Cudgel|p1b: Landorus|[anim] Ivy Cudgel Fire\n|-crit|p1b: Landorus\n|-damage|p1b: Landorus|0 fnt\n|faint|p1b: Landorus\n|move|p2b: Farigiraf|Psychic Noise|p1a: Raging Bolt\n|-damage|p1a: Raging Bolt|85\/100\n|-start|p1a: Raging Bolt|move: Heal Block\n|\n|upkeep\n|\n|t:|1739307472\n|switch|p1b: Calyrex|Calyrex-Ice, L50|100\/100\n|-ability|p1b: Calyrex|As One\n|-ability|p1b: Calyrex|Unnerve\n|turn|3\n|\n|t:|1739307496\n|-terastallize|p1b: Calyrex|Water\n|move|p2a: Ogerpon|Ivy Cudgel|p1b: Calyrex|[anim] Ivy Cudgel Fire\n|-resisted|p1b: Calyrex\n|-damage|p1b: Calyrex|83\/100\n|move|p1a: Raging Bolt|Snarl|p2b: Farigiraf|[spread] p2a,p2b\n|-supereffective|p2b: Farigiraf\n|-damage|p2a: Ogerpon|35\/100\n|-damage|p2b: Farigiraf|0 fnt\n|-unboost|p2a: Ogerpon|spa|1\n|faint|p2b: Farigiraf\n|move|p1b: Calyrex|Trick Room|p1b: Calyrex\n|-fieldstart|move: Trick Room|[of] p1b: Calyrex\n|\n|-end|p1a: Raging Bolt|move: Heal Block\n|upkeep\n|\n|t:|1739307510\n|switch|p2b: Iron Hands|Iron Hands, L50|100\/100\n|-activate|p2b: Iron Hands|ability: Quark Drive\n|-start|p2b: Iron Hands|quarkdriveatk\n|turn|4\n|\n|t:|1739307539\n|switch|p1b: Amoonguss|Amoonguss, L50, F|47\/100\n|move|p2b: Iron Hands|Low Kick|p1a: Raging Bolt\n|-damage|p1a: Raging Bolt|18\/100\n|move|p1a: Raging Bolt|Draco Meteor|p2a: Ogerpon\n|-damage|p2a: Ogerpon|0 fnt\n|-unboost|p1a: Raging Bolt|spa|2\n|faint|p2a: Ogerpon\n|\n|upkeep\n|\n|t:|1739307550\n|switch|p2a: Miraidon|Miraidon, L50, tera:Fairy|100\/100\n|-activate|p2a: Miraidon|ability: Hadron Engine\n|turn|5\n|\n|t:|1739307580\n|move|p2b: Iron Hands|Drain Punch|p1b: Amoonguss\n|-resisted|p1b: Amoonguss\n|-damage|p1b: Amoonguss|23\/100\n|move|p1b: Amoonguss|Pollen Puff|p1a: Raging Bolt\n|-heal|p1a: Raging Bolt|68\/100\n|move|p1a: Raging Bolt|Thunderbolt|p2a: Miraidon\n|-damage|p2a: Miraidon|71\/100\n|move|p2a: Miraidon|Dazzling Gleam|p1a: Raging Bolt|[spread] p1a,p1b\n|-supereffective|p1a: Raging Bolt\n|-resisted|p1b: Amoonguss\n|-damage|p1a: Raging Bolt|0 fnt\n|-damage|p1b: Amoonguss|0 fnt\n|faint|p1a: Raging Bolt\n|-end|p1a: Raging Bolt|Protosynthesis|[silent]\n|faint|p1b: Amoonguss\n|\n|-fieldend|move: Electric Terrain\n|-end|p2b: Iron Hands|Quark Drive\n|upkeep\n|\n|t:|1739307594\n|switch|p1b: Calyrex|Calyrex-Ice, L50, tera:Water|83\/100\n|-ability|p1b: Calyrex|As One\n|-ability|p1b: Calyrex|Unnerve\n|turn|6\n|\n|t:|1739307606\n|move|p1b: Calyrex|Protect|p1b: Calyrex\n|-singleturn|p1b: Calyrex|Protect\n|move|p2b: Iron Hands|Wild Charge|p1b: Calyrex\n|-activate|p1b: Calyrex|move: Protect\n|move|p2a: Miraidon|Dazzling Gleam|p1b: Calyrex\n|-activate|p1b: Calyrex|move: Protect\n|\n|upkeep\n|turn|7\n|\n|t:|1739307615\n|move|p2b: Iron Hands|Wild Charge|p1b: Calyrex\n|-supereffective|p1b: Calyrex\n|-damage|p1b: Calyrex|13\/100\n|-damage|p2b: Iron Hands|85\/100|[from] Recoil\n|move|p1b: Calyrex|Glacial Lance|p2a: Miraidon|[spread] p2a,p2b\n|-damage|p2a: Miraidon|11\/100\n|-damage|p2b: Iron Hands|49\/100\n|move|p2a: Miraidon|Dazzling Gleam|p1b: Calyrex\n|-damage|p1b: Calyrex|0 fnt\n|faint|p1b: Calyrex\n|\n|win|Alitiantian\n|raw|kajashi's rating: 1555 &rarr; <strong>1535<\/strong><br \/>(-20 for losing)\n|raw|Alitiantian's rating: 1556 &rarr; <strong>1576<\/strong><br \/>(+20 for winning)\n|l| wegovrooooom\n","uploadtime":1739307622,"views":10,"formatid":"gen9vgc2025regg","rating":1535,"private":0,"password":null}