{"id":"gen9vgc2025regg-2298299603","format":"[Gen 9] VGC 2025 Reg G","players":["heyBeteritsVGC","DimensionalFool"],"log":"|j|\u2606heyBeteritsVGC\n|j|\u203dDimensionalFool\n|t:|1739228382\n|gametype|doubles\n|player|p1|heyBeteritsVGC|102|1630\n|player|p2|DimensionalFool|169|1701\n|teamsize|p1|6\n|teamsize|p2|6\n|gen|9\n|tier|[Gen 9] VGC 2025 Reg G\n|rated|\n|rule|Species Clause: Limit one of each Pok\u00e9mon\n|rule|Item Clause: Limit 1 of each item\n|clearpoke\n|poke|p1|Dialga-Origin, L50|\n|poke|p1|Flutter Mane, L50|\n|poke|p1|Raging Bolt, L50|\n|poke|p1|Ursaluna, L50, F|\n|poke|p1|Volcarona, L50, M|\n|poke|p1|Smeargle, L50, F|\n|poke|p2|Grimmsnarl, L50, M|\n|poke|p2|Landorus, L50, M|\n|poke|p2|Calyrex-Ice, L50|\n|poke|p2|Pelipper, L50, F|\n|poke|p2|Urshifu-*, L50, M|\n|poke|p2|Rillaboom, L50, F|\n|teampreview|4\n|inactive|Battle timer is ON: inactive players will automatically lose when time's up. (requested by heyBeteritsVGC)\n|inactive|heyBeteritsVGC has 60 seconds left.\n|j| Meiser63\n|j| mr pogostick\n|\n|t:|1739228434\n|start\n|switch|p1a: Flutter Mane|Flutter Mane, L50|100\/100\n|switch|p1b: Dialga|Dialga-Origin, L50|100\/100\n|switch|p2a: Pelipper|Pelipper, L50, F|100\/100\n|switch|p2b: Urshifu|Urshifu-Rapid-Strike, L50, M|100\/100\n|-weather|RainDance|[from] ability: Drizzle|[of] p2a: Pelipper\n|-enditem|p1a: Flutter Mane|Booster Energy\n|-activate|p1a: Flutter Mane|ability: Protosynthesis|[fromitem]\n|-start|p1a: Flutter Mane|protosynthesisspe\n|turn|1\n|\n|t:|1739228446\n|switch|p1b: Raging Bolt|Raging Bolt, L50|100\/100\n|move|p1a: Flutter Mane|Moonblast|p2b: Urshifu\n|-supereffective|p2b: Urshifu\n|-damage|p2b: Urshifu|0 fnt\n|faint|p2b: Urshifu\n|move|p2a: Pelipper|Tailwind|p2a: Pelipper\n|-sidestart|p2: DimensionalFool|move: Tailwind\n|\n|-weather|RainDance|[upkeep]\n|upkeep\n|\n|t:|1739228454\n|switch|p2b: Landorus|Landorus, L50, M|100\/100\n|turn|2\n|\n|t:|1739228470\n|move|p2b: Landorus|Protect|p2b: Landorus\n|-singleturn|p2b: Landorus|Protect\n|move|p1a: Flutter Mane|Icy Wind|p2b: Landorus|[spread] p2a\n|-activate|p2b: Landorus|move: Protect\n|-damage|p2a: Pelipper|76\/100\n|-unboost|p2a: Pelipper|spe|1\n|move|p2a: Pelipper|Weather Ball|p1a: Flutter Mane\n|-damage|p1a: Flutter Mane|33\/100\n|move|p1b: Raging Bolt|Volt Switch|p2a: Pelipper\n|-supereffective|p2a: Pelipper\n|-crit|p2a: Pelipper\n|-damage|p2a: Pelipper|0 fnt\n|faint|p2a: Pelipper\n|\n|t:|1739228487\n|-end|p1b: Raging Bolt|Protosynthesis|[silent]\n|switch|p1b: Volcarona|Volcarona, L50, M|100\/100|[from] Volt Switch\n|\n|-weather|RainDance|[upkeep]\n|upkeep\n|\n|t:|1739228491\n|switch|p2a: Calyrex|Calyrex-Ice, L50|100\/100\n|-ability|p2a: Calyrex|As One\n|-ability|p2a: Calyrex|Unnerve\n|turn|3\n|j| Jfabricio23\n|\n|t:|1739228511\n|-terastallize|p2a: Calyrex|Water\n|move|p1a: Flutter Mane|Protect|p1a: Flutter Mane\n|-singleturn|p1a: Flutter Mane|Protect\n|move|p2b: Landorus|Earth Power|p1b: Volcarona\n|-damage|p1b: Volcarona|39\/100\n|move|p2a: Calyrex|High Horsepower|p1b: Volcarona\n|-damage|p1b: Volcarona|3\/100\n|-damage|p2a: Calyrex|84\/100|[from] item: Rocky Helmet|[of] p1b: Volcarona\n|move|p1b: Volcarona|Tailwind|p1b: Volcarona\n|-sidestart|p1: heyBeteritsVGC|move: Tailwind\n|\n|-weather|RainDance|[upkeep]\n|upkeep\n|turn|4\n|inactive|heyBeteritsVGC has 30 seconds left.\n|inactive|heyBeteritsVGC has 20 seconds left.\n|\n|t:|1739228551\n|move|p2b: Landorus|Protect|p2b: Landorus\n|-singleturn|p2b: Landorus|Protect\n|move|p1a: Flutter Mane|Moonblast|p2a: Calyrex\n|-damage|p2a: Calyrex|65\/100\n|move|p1b: Volcarona|Struggle Bug|p2b: Landorus|[spread] p2a\n|-activate|p2b: Landorus|move: Protect\n|-damage|p2a: Calyrex|57\/100\n|-unboost|p2a: Calyrex|spa|1\n|move|p2a: Calyrex|Glacial Lance|p1a: Flutter Mane|[spread] p1a,p1b\n|-resisted|p1b: Volcarona\n|-damage|p1a: Flutter Mane|0 fnt\n|-damage|p1b: Volcarona|0 fnt\n|faint|p1a: Flutter Mane\n|-end|p1a: Flutter Mane|Protosynthesis|[silent]\n|faint|p1b: Volcarona\n|-ability|p2a: Calyrex|Chilling Neigh|boost\n|-boost|p2a: Calyrex|atk|2\n|\n|-weather|RainDance|[upkeep]\n|-sideend|p2: DimensionalFool|move: Tailwind\n|upkeep\n|\n|t:|1739228554\n|switch|p1a: Dialga|Dialga-Origin, L50|100\/100\n|switch|p1b: Raging Bolt|Raging Bolt, L50|100\/100\n|turn|5\n|inactive|heyBeteritsVGC has 30 seconds left.\n|\n|t:|1739228583\n|-terastallize|p1b: Raging Bolt|Electric\n|move|p1b: Raging Bolt|Discharge|p2b: Landorus|[spread] p2a\n|-activate|p1a: Dialga|ability: Telepathy\n|-immune|p2b: Landorus\n|-supereffective|p2a: Calyrex\n|-damage|p2a: Calyrex|13\/100\n|move|p1a: Dialga|Draco Meteor|p2b: Landorus\n|-damage|p2b: Landorus|0 fnt\n|-unboost|p1a: Dialga|spa|2\n|faint|p2b: Landorus\n|move|p2a: Calyrex|Glacial Lance|p1a: Dialga|[spread] p1a,p1b\n|-damage|p1a: Dialga|16\/100\n|-damage|p1b: Raging Bolt|6\/100\n|\n|-weather|none\n|upkeep\n|turn|6\n|\n|t:|1739228601\n|move|p1b: Raging Bolt|Discharge|p2a: Calyrex|[spread] p2a\n|-activate|p1a: Dialga|ability: Telepathy\n|-supereffective|p2a: Calyrex\n|-damage|p2a: Calyrex|0 fnt\n|faint|p2a: Calyrex\n|\n|win|heyBeteritsVGC\n|raw|heyBeteritsVGC's rating: 1630 &rarr; <strong>1654<\/strong><br \/>(+24 for winning)\n|raw|DimensionalFool's rating: 1701 &rarr; <strong>1677<\/strong><br \/>(-24 for losing)\n|l|\u2606heyBeteritsVGC\n|player|p1|\n|l| mr pogostick\n|l| Jfabricio23\n|l| Meiser63\n|l|\u203dDimensionalFool\n|player|p2|\n","uploadtime":1739228815,"views":8,"formatid":"gen9vgc2025regg","rating":1654,"private":0,"password":null}