{"id":"gen9vgc2025regg-2298502224","format":"[Gen 9] VGC 2025 Reg G","players":["Weakest blow","superpowerpoke"],"log":"|j|\u2606Weakest blow\n|j|\u2606superpowerpoke\n|t:|1739257287\n|gametype|doubles\n|player|p1|Weakest blow|depotagent|1545\n|player|p2|superpowerpoke|169|1659\n|teamsize|p1|6\n|teamsize|p2|6\n|gen|9\n|tier|[Gen 9] VGC 2025 Reg G\n|rated|\n|rule|Species Clause: Limit one of each Pok\u00e9mon\n|rule|Item Clause: Limit 1 of each item\n|clearpoke\n|poke|p1|Ditto, L50|\n|poke|p1|Iron Hands, L50|\n|poke|p1|Miraidon, L50|\n|poke|p1|Pelipper, L50, F|\n|poke|p1|Volcarona, L50, F|\n|poke|p1|Whimsicott, L50, M|\n|poke|p2|Kyogre, L50|\n|poke|p2|Whimsicott, L50, M|\n|poke|p2|Chien-Pao, L50|\n|poke|p2|Urshifu-*, L50, F|\n|poke|p2|Iron Leaves, L50|\n|poke|p2|Raging Bolt, L50|\n|teampreview|4\nsuperpowerpoke rejected open team sheets.\n|\n|t:|1739257317\n|start\n|switch|p1a: Volcarona|Volcarona, L50, F|100\/100\n|switch|p1b: Miraidon|Miraidon, L50|100\/100\n|switch|p2a: Iron Leaves|Iron Leaves, L50|100\/100\n|switch|p2b: Whimsicott|Whimsicott, L50, M|100\/100\n|-fieldstart|move: Electric Terrain|[from] ability: Hadron Engine|[of] p1b: Miraidon\n|-activate|p2a: Iron Leaves|ability: Quark Drive\n|-start|p2a: Iron Leaves|quarkdriveatk\n|turn|1\n|\n|t:|1739257362\n|switch|p1b: Whimsicott|Whimsicott, L50, M|100\/100\n|move|p2b: Whimsicott|Tailwind|p2b: Whimsicott\n|-sidestart|p2: superpowerpoke|move: Tailwind\n|move|p2a: Iron Leaves|Psyblade|p1a: Volcarona\n|-damage|p1a: Volcarona|11\/100\n|-damage|p2a: Iron Leaves|84\/100|[from] item: Rocky Helmet|[of] p1a: Volcarona\n|move|p1a: Volcarona|Struggle Bug|p2a: Iron Leaves|[spread] p2a,p2b\n|-supereffective|p2a: Iron Leaves\n|-damage|p2a: Iron Leaves|4\/100\n|-damage|p2b: Whimsicott|68\/100\n|-unboost|p2a: Iron Leaves|spa|1\n|-unboost|p2b: Whimsicott|spa|1\n|\n|upkeep\n|turn|2\n|\n|t:|1739257405\n|move|p1b: Whimsicott|Tailwind|p1b: Whimsicott\n|-sidestart|p1: Weakest blow|move: Tailwind\n|move|p2a: Iron Leaves|Psyblade|p1a: Volcarona\n|-damage|p1a: Volcarona|0 fnt\n|-damage|p2a: Iron Leaves|0 fnt|[from] item: Rocky Helmet|[of] p1a: Volcarona\n|faint|p1a: Volcarona\n|faint|p2a: Iron Leaves\n|-end|p2a: Iron Leaves|Quark Drive|[silent]\n|move|p2b: Whimsicott|Endeavor|p1b: Whimsicott\n|-damage|p1b: Whimsicott|51\/100\n|\n|upkeep\n|\n|t:|1739257424\n|switch|p2a: Chien-Pao|Chien-Pao, L50|100\/100\n|switch|p1a: Iron Hands|Iron Hands, L50|100\/100\n|-ability|p2a: Chien-Pao|Sword of Ruin\n|-activate|p1a: Iron Hands|ability: Quark Drive\n|-start|p1a: Iron Hands|quarkdriveatk\n|turn|3\n|\n|t:|1739257448\n|move|p2a: Chien-Pao|Protect|p2a: Chien-Pao\n|-singleturn|p2a: Chien-Pao|Protect\n|move|p2b: Whimsicott|Encore|p1b: Whimsicott\n|-start|p1b: Whimsicott|Encore\n|move|p1b: Whimsicott|Tailwind||[still]\n|-fail|p1b: Whimsicott\n|move|p1a: Iron Hands|Heavy Slam|p2b: Whimsicott\n|-supereffective|p2b: Whimsicott\n|-damage|p2b: Whimsicott|0 fnt\n|faint|p2b: Whimsicott\n|\n|upkeep\n|\n|t:|1739257458\n|switch|p2b: Kyogre|Kyogre, L50|100\/100\n|-weather|RainDance|[from] ability: Drizzle|[of] p2b: Kyogre\n|turn|4\n|\n|t:|1739257476\n|-terastallize|p2a: Chien-Pao|Ice\n|move|p1b: Whimsicott|Tailwind||[still]\n|-fail|p1b: Whimsicott\n|move|p2a: Chien-Pao|Ice Spinner|p1a: Iron Hands\n|-damage|p1a: Iron Hands|29\/100\n|-fieldend|move: Electric Terrain\n|-end|p1a: Iron Hands|Quark Drive\n|-damage|p2a: Chien-Pao|91\/100|[from] item: Life Orb\n|move|p2b: Kyogre|Water Spout|p1a: Iron Hands|[spread] p1a,p1b\n|-resisted|p1b: Whimsicott\n|-damage|p1a: Iron Hands|0 fnt\n|-damage|p1b: Whimsicott|0 fnt\n|faint|p1a: Iron Hands\n|-end|p1a: Iron Hands|Quark Drive|[silent]\n|faint|p1b: Whimsicott\n|\n|-weather|RainDance|[upkeep]\n|-sideend|p2: superpowerpoke|move: Tailwind\n|upkeep\n|\n|t:|1739257496\n|switch|p1a: Miraidon|Miraidon, L50|100\/100\n|-fieldstart|move: Electric Terrain|[from] ability: Hadron Engine|[of] p1a: Miraidon\n|turn|5\n|\n|t:|1739257523\n|-terastallize|p1a: Miraidon|Fairy\n|move|p2a: Chien-Pao|Protect|p2a: Chien-Pao\n|-singleturn|p2a: Chien-Pao|Protect\n|move|p2b: Kyogre|Protect|p2b: Kyogre\n|-singleturn|p2b: Kyogre|Protect\n|move|p1a: Miraidon|Electro Drift|p2b: Kyogre\n|-activate|p2b: Kyogre|move: Protect\n|\n|-weather|RainDance|[upkeep]\n|-sideend|p1: Weakest blow|move: Tailwind\n|upkeep\n|turn|6\n|\n|t:|1739257541\n|move|p1a: Miraidon|Dazzling Gleam|p2a: Chien-Pao|[spread] p2a,p2b\n|-damage|p2a: Chien-Pao|4\/100\n|-damage|p2b: Kyogre|61\/100\n|-damage|p1a: Miraidon|91\/100|[from] item: Life Orb\n|move|p2a: Chien-Pao|Ice Spinner|p1a: Miraidon\n|-damage|p1a: Miraidon|0 fnt\n|-fieldend|move: Electric Terrain\n|faint|p1a: Miraidon\n|-damage|p2a: Chien-Pao|0 fnt|[from] item: Life Orb\n|faint|p2a: Chien-Pao\n|\n|win|superpowerpoke\n|raw|Weakest blow's rating: 1545 &rarr; <strong>1531<\/strong><br \/>(-14 for losing)\n|raw|superpowerpoke's rating: 1659 &rarr; <strong>1673<\/strong><br \/>(+14 for winning)\n|l|\u2606superpowerpoke\n|player|p2|\n","uploadtime":1739257770,"views":5,"formatid":"gen9vgc2025regg","rating":1531,"private":0,"password":null}