{"id":"gen9vgc2025regg-2298205769","format":"[Gen 9] VGC 2025 Reg G","players":["InfinityGroudon","Farhaz_VGC"],"log":"|j|\u2606InfinityGroudon\n|j|\u2606Farhaz_VGC\n|t:|1739218259\n|gametype|doubles\n|player|p1|InfinityGroudon|101|1711\n|player|p2|Farhaz_VGC|rosa|1617\n|teamsize|p1|6\n|teamsize|p2|6\n|gen|9\n|tier|[Gen 9] VGC 2025 Reg G\n|rated|\n|rule|Species Clause: Limit one of each Pok\u00e9mon\n|rule|Item Clause: Limit 1 of each item\n|clearpoke\n|poke|p1|Calyrex-Shadow, L50|\n|poke|p1|Incineroar, L50, M|\n|poke|p1|Weezing-Galar, L50, M|\n|poke|p1|Indeedee-F, L50, F|\n|poke|p1|Iron Valiant, L50|\n|poke|p1|Ursaluna-Bloodmoon, L50, M|\n|poke|p2|Tornadus, L50, M|\n|poke|p2|Urshifu-*, L50, M|\n|poke|p2|Incineroar, L50, M|\n|poke|p2|Landorus-Therian, L50, M|\n|poke|p2|Calyrex-Shadow, L50|\n|poke|p2|Farigiraf, L50, M|\n|teampreview|4\n|\n|t:|1739218280\n|start\n|switch|p1a: Suthen|Indeedee-F, L50, F|100\/100\n|switch|p1b: Duncan|Calyrex-Shadow, L50|100\/100\n|switch|p2a: Tornadus|Tornadus, L50, M|100\/100\n|switch|p2b: Landorus|Landorus-Therian, L50, M|100\/100\n|-ability|p1b: Duncan|As One\n|-ability|p1b: Duncan|Unnerve\n|-ability|p2b: Landorus|Intimidate|boost\n|-unboost|p1a: Suthen|atk|1\n|-unboost|p1b: Duncan|atk|1\n|-fieldstart|move: Psychic Terrain|[from] ability: Psychic Surge|[of] p1a: Suthen\n|turn|1\n|inactive|Battle timer is ON: inactive players will automatically lose when time's up. (requested by Farhaz_VGC)\n|\n|t:|1739218293\n|switch|p1a: Mr. Gassy|Weezing-Galar, L50, M|100\/100\n|-ability|p1a: Mr. Gassy|Neutralizing Gas\n|move|p1b: Duncan|Expanding Force|p2a: Tornadus|[spread] p2a,p2b\n|-damage|p2a: Tornadus|0 fnt\n|-damage|p2b: Landorus|32\/100\n|faint|p2a: Tornadus\n|-ability|p1b: Duncan|Grim Neigh|boost\n|-boost|p1b: Duncan|spa|1\n|-damage|p1b: Duncan|91\/100|[from] item: Life Orb\n|move|p2b: Landorus|Earthquake|p1b: Duncan|[spread] p1a,p1b\n|-supereffective|p1a: Mr. Gassy\n|-damage|p1a: Mr. Gassy|26\/100\n|-damage|p1b: Duncan|37\/100\n|-enditem|p1a: Mr. Gassy|Sitrus Berry|[eat]\n|-heal|p1a: Mr. Gassy|50\/100|[from] item: Sitrus Berry\n|\n|upkeep\n|\n|t:|1739218308\n|switch|p2a: Calyrex|Calyrex-Shadow, L50|100\/100\n|-ability|p2a: Calyrex|As One\n|-ability|p2a: Calyrex|Unnerve\n|turn|2\n|j| Funn yIy\n|j| tetsuokaga\n|j| playrornds\n|\n|t:|1739218333\n|move|p1b: Duncan|Protect|p1b: Duncan\n|-singleturn|p1b: Duncan|Protect\n|move|p1a: Mr. Gassy|Protect|p1a: Mr. Gassy\n|-singleturn|p1a: Mr. Gassy|Protect\n|move|p2a: Calyrex|Astral Barrage|p1b: Duncan|[spread] \n|-activate|p1a: Mr. Gassy|move: Protect\n|-activate|p1b: Duncan|move: Protect\n|move|p2b: Landorus|Stomping Tantrum|p1a: Mr. Gassy\n|-activate|p1a: Mr. Gassy|move: Protect\n|\n|upkeep\n|turn|3\n|\n|t:|1739218343\n|-end|p1a: Mr. Gassy|ability: Neutralizing Gas\n|-ability|p2b: Landorus|Intimidate|boost\n|-unboost|p1a: Mr. Gassy|atk|1\n|-unboost|p1b: Duncan|atk|1\n|switch|p1a: Suthen|Indeedee-F, L50, F|100\/100\n|-terastallize|p2a: Calyrex|Normal\n|-terastallize|p1b: Duncan|Normal\n|move|p1b: Duncan|Astral Barrage|p2b: Landorus|[spread] p2b\n|-immune|p2a: Calyrex\n|-damage|p2b: Landorus|0 fnt\n|faint|p2b: Landorus\n|-ability|p1b: Duncan|Grim Neigh|boost\n|-boost|p1b: Duncan|spa|1\n|-damage|p1b: Duncan|28\/100|[from] item: Life Orb\n|move|p2a: Calyrex|Astral Barrage|p1a: Suthen|[spread] \n|-immune|p1a: Suthen\n|-immune|p1b: Duncan\n|\n|upkeep\n|\n|t:|1739218354\n|switch|p2b: Urshifu|Urshifu, L50, M|100\/100\n|turn|4\n|inactive|Farhaz_VGC has 30 seconds left.\n|\n|t:|1739218383\n|move|p1a: Suthen|Follow Me|p1a: Suthen\n|-singleturn|p1a: Suthen|move: Follow Me\n|move|p1b: Duncan|Expanding Force|p2b: Urshifu|[spread] p2a\n|-immune|p2b: Urshifu\n|-damage|p2a: Calyrex|0 fnt\n|faint|p2a: Calyrex\n|-ability|p1b: Duncan|Grim Neigh|boost\n|-boost|p1b: Duncan|spa|1\n|-damage|p1b: Duncan|18\/100|[from] item: Life Orb\n|move|p2b: Urshifu|Wicked Blow|p1a: Suthen\n|-supereffective|p1a: Suthen\n|-crit|p1a: Suthen\n|-damage|p1a: Suthen|0 fnt\n|-damage|p2b: Urshifu|84\/100|[from] item: Rocky Helmet|[of] p1a: Suthen\n|faint|p1a: Suthen\n|\n|upkeep\n|\n|t:|1739218386\n|switch|p1a: Charming|Iron Valiant, L50, shiny|100\/100\n|-enditem|p1a: Charming|Booster Energy\n|-activate|p1a: Charming|ability: Quark Drive|[fromitem]\n|-start|p1a: Charming|quarkdrivespe\n|turn|5\n|-message|Farhaz_VGC forfeited.\n|\n|win|InfinityGroudon\n|raw|InfinityGroudon's rating: 1711 &rarr; <strong>1726<\/strong><br \/>(+15 for winning)\n|raw|Farhaz_VGC's rating: 1617 &rarr; <strong>1602<\/strong><br \/>(-15 for losing)\n|l|\u2606Farhaz_VGC\n|player|p2|\n|l| tetsuokaga\n|l| Funn yIy\n|l| playrornds\n|l|\u2606InfinityGroudon\n|player|p1|\n","uploadtime":1739218585,"views":22,"formatid":"gen9vgc2025regg","rating":1602,"private":0,"password":null}