{"id":"gen9vgc2025regg-2298485593","format":"[Gen 9] VGC 2025 Reg G","players":["roykeenkennedy","hoeheng"],"log":"|j|\u2606roykeenkennedy\n|j|\u2606hoeheng\n|t:|1739254050\n|gametype|doubles\n|player|p1|roykeenkennedy|alder|1662\n|player|p2|hoeheng|hilda|1588\n|teamsize|p1|6\n|teamsize|p2|6\n|gen|9\n|tier|[Gen 9] VGC 2025 Reg G\n|rated|\n|rule|Species Clause: Limit one of each Pok\u00e9mon\n|rule|Item Clause: Limit 1 of each item\n|clearpoke\n|poke|p1|Raging Bolt, L50|\n|poke|p1|Incineroar, L50, M|\n|poke|p1|Ogerpon-Cornerstone, L50, F|\n|poke|p1|Annihilape, L50, M|\n|poke|p1|Calyrex-Ice, L50|\n|poke|p1|Amoonguss, L50, M|\n|poke|p2|Weezing-Galar, L50, M|\n|poke|p2|Calyrex-Shadow, L50|\n|poke|p2|Dondozo, L50, M|\n|poke|p2|Tatsugiri-Droopy, L50, F|\n|poke|p2|Clefairy, L50, F|\n|poke|p2|Iron Hands, L50|\n|teampreview|4\n|\n|t:|1739254068\n|start\n|switch|p1a: Incineroar|Incineroar, L50, M|100\/100\n|switch|p1b: Calyrex|Calyrex-Ice, L50|100\/100\n|switch|p2a: \ub3c8\ub0b4\ub194|Dondozo, L50, M|100\/100\n|switch|p2b: \uac1c\uc539\uc345\ub625\uafb8\ub989\ub0b4|Weezing-Galar, L50, M|100\/100\n|-ability|p2b: \uac1c\uc539\uc345\ub625\uafb8\ub989\ub0b4|Neutralizing Gas\n|-ability|p1b: Calyrex|As One\n|-ability|p1b: Calyrex|Unnerve\n|turn|1\n|\n|t:|1739254090\n|move|p1b: Calyrex|Protect|p1b: Calyrex\n|-singleturn|p1b: Calyrex|Protect\n|move|p2b: \uac1c\uc539\uc345\ub625\uafb8\ub989\ub0b4|Toxic Spikes|p1b: Calyrex\n|-sidestart|p1: roykeenkennedy|move: Toxic Spikes\n|move|p2a: \ub3c8\ub0b4\ub194|Substitute|p2a: \ub3c8\ub0b4\ub194\n|-start|p2a: \ub3c8\ub0b4\ub194|Substitute\n|-damage|p2a: \ub3c8\ub0b4\ub194|76\/100\n|move|p1a: Incineroar|Knock Off|p2a: \ub3c8\ub0b4\ub194\n|-activate|p2a: \ub3c8\ub0b4\ub194|move: Substitute|[damage]\n|\n|-heal|p2a: \ub3c8\ub0b4\ub194|82\/100|[from] item: Leftovers\n|upkeep\n|turn|2\n|\n|t:|1739254108\n|move|p2a: \ub3c8\ub0b4\ub194|Protect|p2a: \ub3c8\ub0b4\ub194\n|-singleturn|p2a: \ub3c8\ub0b4\ub194|Protect\n|move|p2b: \uac1c\uc539\uc345\ub625\uafb8\ub989\ub0b4|Poison Gas|p1b: Calyrex|[spread] p1a,p1b\n|-status|p1a: Incineroar|psn\n|-status|p1b: Calyrex|psn\n|move|p1a: Incineroar|Parting Shot|p2a: \ub3c8\ub0b4\ub194\n|-activate|p2a: \ub3c8\ub0b4\ub194|move: Protect\n|move|p1b: Calyrex|Trick Room|p1b: Calyrex\n|-fieldstart|move: Trick Room|[of] p1b: Calyrex\n|\n|-heal|p2a: \ub3c8\ub0b4\ub194|87\/100|[from] item: Leftovers\n|-damage|p1a: Incineroar|88\/100 psn|[from] psn\n|-damage|p1b: Calyrex|88\/100 psn|[from] psn\n|upkeep\n|turn|3\n|\n|t:|1739254132\n|-end|p2b: \uac1c\uc539\uc345\ub625\uafb8\ub989\ub0b4|ability: Neutralizing Gas\n|-ability|p1a: Incineroar|Intimidate|boost\n|-immune|p2a: \ub3c8\ub0b4\ub194\n|-unboost|p2b: \uac1c\uc539\uc345\ub625\uafb8\ub989\ub0b4|atk|1\n|switch|p2b: \ucb48\uc774\ub2c8\ub2e4|Tatsugiri-Droopy, L50, F|100\/100\n|-activate|p2b: \ucb48\uc774\ub2c8\ub2e4|ability: Commander|[of] p2a: \ub3c8\ub0b4\ub194\n|-boost|p2a: \ub3c8\ub0b4\ub194|atk|2\n|-boost|p2a: \ub3c8\ub0b4\ub194|spa|2\n|-boost|p2a: \ub3c8\ub0b4\ub194|spe|2\n|-boost|p2a: \ub3c8\ub0b4\ub194|def|2\n|-boost|p2a: \ub3c8\ub0b4\ub194|spd|2\n|move|p1a: Incineroar|Parting Shot|p2a: \ub3c8\ub0b4\ub194\n|-unboost|p2a: \ub3c8\ub0b4\ub194|atk|1\n|-unboost|p2a: \ub3c8\ub0b4\ub194|spa|1\n|\n|t:|1739254152\n|switch|p1a: Amoonguss|Amoonguss, L50, M|100\/100|[from] Parting Shot\n|-sideend|p1: roykeenkennedy|move: Toxic Spikes|[of] p1a: Amoonguss\n|move|p1b: Calyrex|High Horsepower|p2a: \ub3c8\ub0b4\ub194\n|-end|p2a: \ub3c8\ub0b4\ub194|Substitute\n|move|p2a: \ub3c8\ub0b4\ub194|Order Up|p1a: Amoonguss\n|-damage|p1a: Amoonguss|80\/100\n|-boost|p2a: \ub3c8\ub0b4\ub194|def|1\n|\n|-heal|p2a: \ub3c8\ub0b4\ub194|93\/100|[from] item: Leftovers\n|-damage|p1b: Calyrex|76\/100 psn|[from] psn\n|upkeep\n|turn|4\n|\n|t:|1739254172\n|-terastallize|p2a: \ub3c8\ub0b4\ub194|Grass\n|move|p1a: Amoonguss|Clear Smog|p2a: \ub3c8\ub0b4\ub194\n|-supereffective|p2a: \ub3c8\ub0b4\ub194\n|-damage|p2a: \ub3c8\ub0b4\ub194|76\/100\n|-clearboost|p2a: \ub3c8\ub0b4\ub194\n|move|p1b: Calyrex|High Horsepower|p2a: \ub3c8\ub0b4\ub194\n|-resisted|p2a: \ub3c8\ub0b4\ub194\n|-damage|p2a: \ub3c8\ub0b4\ub194|64\/100\n|move|p2a: \ub3c8\ub0b4\ub194|Substitute|p2a: \ub3c8\ub0b4\ub194\n|-start|p2a: \ub3c8\ub0b4\ub194|Substitute\n|-damage|p2a: \ub3c8\ub0b4\ub194|40\/100\n|\n|-heal|p2a: \ub3c8\ub0b4\ub194|45\/100|[from] item: Leftovers\n|-damage|p1b: Calyrex|64\/100 psn|[from] psn\n|upkeep\n|turn|5\n|\n|t:|1739254190\n|move|p1a: Amoonguss|Pollen Puff|p1b: Calyrex\n|-heal|p1b: Calyrex|100\/100 psn\n|move|p1b: Calyrex|Glacial Lance|p2b: \ucb48\uc774\ub2c8\ub2e4|[spread] p2a\n|-miss|p1b: Calyrex|p2b: \ucb48\uc774\ub2c8\ub2e4\n|-supereffective|p2a: \ub3c8\ub0b4\ub194\n|-end|p2a: \ub3c8\ub0b4\ub194|Substitute\n|move|p2a: \ub3c8\ub0b4\ub194|Order Up|p1a: Amoonguss\n|-damage|p1a: Amoonguss|65\/100\n|-boost|p2a: \ub3c8\ub0b4\ub194|def|1\n|\n|-heal|p2a: \ub3c8\ub0b4\ub194|51\/100|[from] item: Leftovers\n|-damage|p1b: Calyrex|88\/100 psn|[from] psn\n|upkeep\n|turn|6\n|\n|t:|1739254209\n|switch|p1b: Incineroar|Incineroar, L50, M|88\/100 psn\n|-ability|p1b: Incineroar|Intimidate|boost\n|-unboost|p2a: \ub3c8\ub0b4\ub194|atk|1\n|-unboost|p2b: \ucb48\uc774\ub2c8\ub2e4|atk|1\n|move|p1a: Amoonguss|Clear Smog|p2a: \ub3c8\ub0b4\ub194\n|-supereffective|p2a: \ub3c8\ub0b4\ub194\n|-crit|p2a: \ub3c8\ub0b4\ub194\n|-damage|p2a: \ub3c8\ub0b4\ub194|6\/100\n|-clearboost|p2a: \ub3c8\ub0b4\ub194\n|move|p2a: \ub3c8\ub0b4\ub194|Body Press|p1b: Incineroar\n|-supereffective|p1b: Incineroar\n|-damage|p1b: Incineroar|43\/100 psn\n|\n|-heal|p2a: \ub3c8\ub0b4\ub194|12\/100|[from] item: Leftovers\n|-damage|p1b: Incineroar|30\/100 psn|[from] psn\n|-fieldend|move: Trick Room\n|upkeep\n|turn|7\n|j| biglivingorganism\n|\n|t:|1739254232\n|move|p1b: Incineroar|Fake Out|p2a: \ub3c8\ub0b4\ub194\n|-damage|p2a: \ub3c8\ub0b4\ub194|6\/100\n|cant|p2a: \ub3c8\ub0b4\ub194|flinch\n|move|p1a: Amoonguss|Pollen Puff|p1b: Incineroar\n|-heal|p1b: Incineroar|80\/100 psn\n|\n|-heal|p2a: \ub3c8\ub0b4\ub194|12\/100|[from] item: Leftovers\n|-damage|p1b: Incineroar|68\/100 psn|[from] psn\n|upkeep\n|turn|8\n|l| biglivingorganism\n|\n|t:|1739254254\n|switch|p1a: Calyrex|Calyrex-Ice, L50|88\/100 psn\n|-ability|p1a: Calyrex|As One\n|-ability|p1a: Calyrex|Unnerve\n|move|p2a: \ub3c8\ub0b4\ub194|Body Press|p1b: Incineroar\n|-supereffective|p1b: Incineroar\n|-damage|p1b: Incineroar|21\/100 psn\n|move|p1b: Incineroar|Will-O-Wisp|p2a: \ub3c8\ub0b4\ub194\n|-status|p2a: \ub3c8\ub0b4\ub194|brn\n|\n|-heal|p2a: \ub3c8\ub0b4\ub194|18\/100 brn|[from] item: Leftovers\n|-damage|p1a: Calyrex|76\/100 psn|[from] psn\n|-damage|p1b: Incineroar|9\/100 psn|[from] psn\n|-damage|p2a: \ub3c8\ub0b4\ub194|12\/100 brn|[from] brn\n|upkeep\n|turn|9\n|\n|t:|1739254272\n|switch|p1b: Amoonguss|Amoonguss, L50, M|99\/100\n|move|p2a: \ub3c8\ub0b4\ub194|Order Up|p1a: Calyrex\n|-damage|p1a: Calyrex|71\/100 psn\n|-boost|p2a: \ub3c8\ub0b4\ub194|def|1\n|move|p1a: Calyrex|Trick Room|p1a: Calyrex\n|-fieldstart|move: Trick Room|[of] p1a: Calyrex\n|\n|-heal|p2a: \ub3c8\ub0b4\ub194|18\/100 brn|[from] item: Leftovers\n|-damage|p1a: Calyrex|59\/100 psn|[from] psn\n|-damage|p2a: \ub3c8\ub0b4\ub194|12\/100 brn|[from] brn\n|upkeep\n|turn|10\n|\n|t:|1739254286\n|move|p2a: \ub3c8\ub0b4\ub194|Protect|p2a: \ub3c8\ub0b4\ub194\n|-singleturn|p2a: \ub3c8\ub0b4\ub194|Protect\n|move|p1b: Amoonguss|Pollen Puff|p1a: Calyrex\n|-heal|p1a: Calyrex|100\/100 psn\n|move|p1a: Calyrex|Glacial Lance|p2b: \ucb48\uc774\ub2c8\ub2e4|[spread] \n|-miss|p1a: Calyrex|p2b: \ucb48\uc774\ub2c8\ub2e4\n|-activate|p2a: \ub3c8\ub0b4\ub194|move: Protect\n|\n|-heal|p2a: \ub3c8\ub0b4\ub194|18\/100 brn|[from] item: Leftovers\n|-damage|p1a: Calyrex|88\/100 psn|[from] psn\n|-damage|p2a: \ub3c8\ub0b4\ub194|12\/100 brn|[from] brn\n|upkeep\n|turn|11\n|\n|t:|1739254303\n|move|p1b: Amoonguss|Clear Smog|p2a: \ub3c8\ub0b4\ub194\n|-supereffective|p2a: \ub3c8\ub0b4\ub194\n|-damage|p2a: \ub3c8\ub0b4\ub194|0 fnt\n|-clearboost|p2a: \ub3c8\ub0b4\ub194\n|faint|p2a: \ub3c8\ub0b4\ub194\n|move|p1a: Calyrex|Glacial Lance|p2b: \ucb48\uc774\ub2c8\ub2e4\n|-enditem|p2b: \ucb48\uc774\ub2c8\ub2e4|Focus Sash\n|-damage|p2b: \ucb48\uc774\ub2c8\ub2e4|1\/100\n|\n|-damage|p1a: Calyrex|76\/100 psn|[from] psn\n|upkeep\n|\n|t:|1739254307\n|switch|p2a: \uac1c\uc539\uc345\ub625\uafb8\ub989\ub0b4|Weezing-Galar, L50, M|100\/100\n|-ability|p2a: \uac1c\uc539\uc345\ub625\uafb8\ub989\ub0b4|Neutralizing Gas\n|turn|12\n|\n|t:|1739254319\n|move|p2b: \ucb48\uc774\ub2c8\ub2e4|Protect|p2b: \ucb48\uc774\ub2c8\ub2e4\n|-singleturn|p2b: \ucb48\uc774\ub2c8\ub2e4|Protect\n|move|p1b: Amoonguss|Spore|p2a: \uac1c\uc539\uc345\ub625\uafb8\ub989\ub0b4\n|-status|p2a: \uac1c\uc539\uc345\ub625\uafb8\ub989\ub0b4|slp|[from] move: Spore\n|move|p1a: Calyrex|Glacial Lance|p2a: \uac1c\uc539\uc345\ub625\uafb8\ub989\ub0b4|[spread] p2a\n|-activate|p2b: \ucb48\uc774\ub2c8\ub2e4|move: Protect\n|-damage|p2a: \uac1c\uc539\uc345\ub625\uafb8\ub989\ub0b4|55\/100 slp\n|cant|p2a: \uac1c\uc539\uc345\ub625\uafb8\ub989\ub0b4|slp\n|\n|-damage|p1a: Calyrex|64\/100 psn|[from] psn\n|upkeep\n|turn|13\n|\n|t:|1739254336\n|move|p1b: Amoonguss|Pollen Puff|p1a: Calyrex\n|-heal|p1a: Calyrex|100\/100 psn\n|move|p1a: Calyrex|Glacial Lance|p2b: \ucb48\uc774\ub2c8\ub2e4|[spread] p2a,p2b\n|-damage|p2a: \uac1c\uc539\uc345\ub625\uafb8\ub989\ub0b4|7\/100 slp\n|-damage|p2b: \ucb48\uc774\ub2c8\ub2e4|0 fnt\n|faint|p2b: \ucb48\uc774\ub2c8\ub2e4\n|-ability|p1a: Calyrex|Chilling Neigh|boost\n|-boost|p1a: Calyrex|atk|1\n|cant|p2a: \uac1c\uc539\uc345\ub625\uafb8\ub989\ub0b4|slp\n|\n|-damage|p1a: Calyrex|88\/100 psn|[from] psn\n|-fieldend|move: Trick Room\n|upkeep\n|\n|t:|1739254339\n|switch|p2b: \ub9d0\uc744\ud558\uc9c0\ub9d0\ub780\ub9d0\uc774\uc57c|Calyrex-Shadow, L50|100\/100\n|-ability|p2b: \ub9d0\uc744\ud558\uc9c0\ub9d0\ub780\ub9d0\uc774\uc57c|As One\n|-ability|p2b: \ub9d0\uc744\ud558\uc9c0\ub9d0\ub780\ub9d0\uc774\uc57c|Unnerve\n|turn|14\n|-message|hoeheng forfeited.\n|\n|win|roykeenkennedy\n|raw|roykeenkennedy's rating: 1662 &rarr; <strong>1678<\/strong><br \/>(+16 for winning)\n|raw|hoeheng's rating: 1588 &rarr; <strong>1572<\/strong><br \/>(-16 for losing)\n|l|\u2606hoeheng\n|player|p2|\n|c|\u2606roykeenkennedy|Gg\n|l|\u2606roykeenkennedy\n|player|p1|\n","uploadtime":1739254507,"views":6,"formatid":"gen9vgc2025regg","rating":1572,"private":0,"password":null}