{"id":"gen9vgc2025regg-2298587169","format":"[Gen 9] VGC 2025 Reg G","players":["aires17","Himmafridge"],"log":"|j|\u2606aires17\n|j|\u2606Himmafridge\n|t:|1739272587\n|gametype|doubles\n|player|p1|aires17|170|1642\n|player|p2|Himmafridge|steven|1584\n|teamsize|p1|6\n|teamsize|p2|6\n|gen|9\n|tier|[Gen 9] VGC 2025 Reg G\n|rated|\n|rule|Species Clause: Limit one of each Pok\u00e9mon\n|rule|Item Clause: Limit 1 of each item\n|clearpoke\n|poke|p1|Calyrex-Shadow, L50|\n|poke|p1|Urshifu-*, L50, M|\n|poke|p1|Whimsicott, L50, F|\n|poke|p1|Ogerpon-Hearthflame, L50, F|\n|poke|p1|Landorus, L50, M|\n|poke|p1|Indeedee-F, L50, F|\n|poke|p2|Iron Hands, L50|\n|poke|p2|Miraidon, L50|\n|poke|p2|Whimsicott, L50, M|\n|poke|p2|Farigiraf, L50, F|\n|poke|p2|Urshifu-*, L50, M|\n|poke|p2|Chi-Yu, L50|\n|teampreview|4\n|inactive|Battle timer is ON: inactive players will automatically lose when time's up. (requested by aires17)\naires17 rejected open team sheets.\n|\n|t:|1739272612\n|start\n|switch|p1a: Horsee|Calyrex-Shadow, L50|100\/100\n|switch|p1b: Momma|Indeedee-F, L50, F|100\/100\n|switch|p2a: Chi-Yu|Chi-Yu, L50|100\/100\n|switch|p2b: Farigiraf|Farigiraf, L50, F|100\/100\n|-ability|p1a: Horsee|As One\n|-ability|p1a: Horsee|Unnerve\n|-ability|p2a: Chi-Yu|Beads of Ruin\n|-fieldstart|move: Psychic Terrain|[from] ability: Psychic Surge|[of] p1b: Momma\n|-enditem|p1a: Horsee|Psychic Seed\n|-boost|p1a: Horsee|spd|1|[from] item: Psychic Seed\n|turn|1\n|inactive|Himmafridge has 30 seconds left.\n|inactive|Himmafridge has 20 seconds left.\n|j| futonkagebunshin\n|\n|t:|1739272651\n|-terastallize|p1a: Horsee|Dark\n|move|p2a: Chi-Yu|Snarl|p1b: Momma|[spread] p1a,p1b\n|-resisted|p1a: Horsee\n|-crit|p1a: Horsee\n|-supereffective|p1b: Momma\n|-damage|p1a: Horsee|78\/100\n|-damage|p1b: Momma|46\/100\n|-unboost|p1a: Horsee|spa|1\n|-unboost|p1b: Momma|spa|1\n|move|p1a: Horsee|Nasty Plot|p1a: Horsee\n|-boost|p1a: Horsee|spa|2\n|move|p1b: Momma|Imprison|p1b: Momma\n|-start|p1b: Momma|move: Imprison\n|move|p2b: Farigiraf|Psychic|p1a: Horsee\n|-immune|p1a: Horsee\n|\n|upkeep\n|turn|2\n|inactive|Himmafridge has 30 seconds left.\n|inactive|Himmafridge has 20 seconds left.\n|inactive|Himmafridge has 15 seconds left.\n|inactive|Himmafridge has 10 seconds left.\n|inactive|Himmafridge has 5 seconds left.\n|\n|t:|1739272703\n|switch|p1b: Pony|Ogerpon-Hearthflame, L50, F|100\/100\n|-ability|p1b: Pony|Mold Breaker\n|switch|p2b: Urshifu|Urshifu, L50, M|100\/100\n|move|p2a: Chi-Yu|Snarl|p1b: Pony|[spread] p1a,p1b\n|-resisted|p1a: Horsee\n|-damage|p1a: Horsee|68\/100\n|-damage|p1b: Pony|70\/100\n|-unboost|p1a: Horsee|spa|1\n|-unboost|p1b: Pony|spa|1\n|move|p1a: Horsee|Nasty Plot|p1a: Horsee\n|-boost|p1a: Horsee|spa|2\n|\n|upkeep\n|turn|3\n|\n|t:|1739272724\n|move|p1b: Pony|Follow Me|p1b: Pony\n|-singleturn|p1b: Pony|move: Follow Me\n|move|p2a: Chi-Yu|Snarl|p1b: Pony|[spread] p1a,p1b\n|-resisted|p1a: Horsee\n|-damage|p1a: Horsee|58\/100\n|-damage|p1b: Pony|41\/100\n|-unboost|p1a: Horsee|spa|1\n|-unboost|p1b: Pony|spa|1\n|move|p1a: Horsee|Astral Barrage|p2b: Urshifu|[spread] p2a,p2b\n|-resisted|p2a: Chi-Yu\n|-resisted|p2b: Urshifu\n|-damage|p2a: Chi-Yu|61\/100\n|-damage|p2b: Urshifu|20\/100\n|move|p2b: Urshifu|Wicked Blow|p1b: Pony\n|-crit|p1b: Pony\n|-damage|p1b: Pony|0 fnt\n|faint|p1b: Pony\n|\n|upkeep\n|j| lyqvgc\n|j| Baby_Owg\n|\n|t:|1739272741\n|switch|p1b: Momma|Indeedee-F, L50, F|46\/100\n|turn|4\n|\n|t:|1739272751\n|move|p1b: Momma|Helping Hand|p1a: Horsee\n|-singleturn|p1a: Horsee|Helping Hand|[of] p1b: Momma\n|move|p2b: Urshifu|Detect|p2b: Urshifu\n|-singleturn|p2b: Urshifu|Protect\n|move|p2a: Chi-Yu|Snarl|p1b: Momma|[spread] p1a,p1b\n|-resisted|p1a: Horsee\n|-supereffective|p1b: Momma\n|-damage|p1a: Horsee|50\/100\n|-damage|p1b: Momma|0 fnt\n|-unboost|p1a: Horsee|spa|1\n|faint|p1b: Momma\n|move|p1a: Horsee|Astral Barrage|p2b: Urshifu|[spread] p2a\n|-activate|p2b: Urshifu|move: Protect\n|-resisted|p2a: Chi-Yu\n|-damage|p2a: Chi-Yu|17\/100\n|\n|upkeep\n|\n|t:|1739272767\n|switch|p1b: Beast|Landorus, L50, M|100\/100\n|turn|5\n|\n|t:|1739272776\n|move|p2b: Urshifu|Sucker Punch|p1b: Beast\n|-hint|Psychic Terrain doesn't affect Pok\u00e9mon immune to Ground.\n|-damage|p1b: Beast|57\/100\n|move|p2a: Chi-Yu|Snarl|p1a: Horsee|[spread] p1a,p1b\n|-resisted|p1a: Horsee\n|-damage|p1a: Horsee|40\/100\n|-damage|p1b: Beast|26\/100\n|-unboost|p1a: Horsee|spa|1\n|-unboost|p1b: Beast|spa|1\n|move|p1a: Horsee|Astral Barrage|p2b: Urshifu|[spread] p2a,p2b\n|-resisted|p2a: Chi-Yu\n|-resisted|p2b: Urshifu\n|-damage|p2a: Chi-Yu|0 fnt\n|-damage|p2b: Urshifu|0 fnt\n|faint|p2a: Chi-Yu\n|faint|p2b: Urshifu\n|-ability|p1a: Horsee|Grim Neigh|boost\n|-boost|p1a: Horsee|spa|2\n|move|p1b: Beast|Sandsear Storm|p2: Chi-Yu|[notarget]\n|-fail|p1b: Beast\n|\n|-fieldend|move: Psychic Terrain\n|upkeep\n|\n|t:|1739272797\n|switch|p2a: Farigiraf|Farigiraf, L50, F|100\/100\n|switch|p2b: Miraidon|Miraidon, L50|100\/100\n|-fieldstart|move: Electric Terrain|[from] ability: Hadron Engine|[of] p2b: Miraidon\n|-enditem|p2a: Farigiraf|Electric Seed\n|-boost|p2a: Farigiraf|def|1|[from] item: Electric Seed\n|turn|6\n|inactive|Himmafridge has 30 seconds left.\n|\n|t:|1739272825\n|move|p1a: Horsee|Astral Barrage|p2b: Miraidon|[spread] p2b\n|-immune|p2a: Farigiraf\n|-damage|p2b: Miraidon|23\/100\n|move|p2b: Miraidon|Dazzling Gleam|p1b: Beast|[spread] p1a,p1b\n|-supereffective|p1a: Horsee\n|-damage|p1a: Horsee|0 fnt\n|-damage|p1b: Beast|0 fnt\n|faint|p1a: Horsee\n|faint|p1b: Beast\n|\n|win|Himmafridge\n|raw|aires17's rating: 1642 &rarr; <strong>1619<\/strong><br \/>(-23 for losing)\n|raw|Himmafridge's rating: 1584 &rarr; <strong>1607<\/strong><br \/>(+23 for winning)\n|l|\u2606aires17\n|player|p1|\n|l| futonkagebunshin\n|l|\u2606Himmafridge\n|player|p2|\n|j|\u2606Himmafridge\n|player|p2|Himmafridge|steven|\n|l| lyqvgc\n","uploadtime":1739273073,"views":4,"formatid":"gen9vgc2025regg","rating":1607,"private":0,"password":null}