{"id":"gen9vgc2025regg-2298680462","format":"[Gen 9] VGC 2025 Reg G","players":["ScribbleScribble","Yung Trav"],"log":"|j|\u2606ScribbleScribble\n|j|\u2606Yung Trav\n|t:|1739284850\n|gametype|doubles\n|player|p1|ScribbleScribble|gardenia-masters|1681\n|player|p2|Yung Trav|266|1680\n|teamsize|p1|6\n|teamsize|p2|6\n|gen|9\n|tier|[Gen 9] VGC 2025 Reg G\n|rated|\n|rule|Species Clause: Limit one of each Pok\u00e9mon\n|rule|Item Clause: Limit 1 of each item\n|clearpoke\n|poke|p1|Eternatus, L50|\n|poke|p1|Gholdengo, L50|\n|poke|p1|Tinkaton, L50, F|\n|poke|p1|Flutter Mane, L50|\n|poke|p1|Tornadus, L50, M|\n|poke|p1|Urshifu-*, L50, M|\n|poke|p2|Calyrex-Ice, L50|\n|poke|p2|Regidrago, L50|\n|poke|p2|Smeargle, L50, M|\n|poke|p2|Farigiraf, L50, M|\n|poke|p2|Urshifu-*, L50, M|\n|poke|p2|Ogerpon-Cornerstone, L50, F|\n|teampreview|4\n|inactive|Battle timer is ON: inactive players will automatically lose when time's up. (requested by Yung Trav)\n|inactive|ScribbleScribble also wants the timer to be on.\n|inactive|Yung Trav has 60 seconds left.\n|\n|t:|1739284882\n|start\n|switch|p1a: Flutter Mane|Flutter Mane, L50|100\/100\n|switch|p1b: Gholdengo|Gholdengo, L50|100\/100\n|switch|p2a: Calyrex|Calyrex-Ice, L50|100\/100\n|switch|p2b: Urshifu|Urshifu, L50, M|100\/100\n|-ability|p2a: Calyrex|As One\n|-ability|p2a: Calyrex|Unnerve\n|-enditem|p1a: Flutter Mane|Booster Energy\n|-activate|p1a: Flutter Mane|ability: Protosynthesis|[fromitem]\n|-start|p1a: Flutter Mane|protosynthesisspe\n|turn|1\n|inactive|Yung Trav has 30 seconds left.\n|\n|t:|1739284910\n|-terastallize|p1b: Gholdengo|Steel\n|-terastallize|p2a: Calyrex|Water\n|move|p1a: Flutter Mane|Taunt|p2a: Calyrex\n|-start|p2a: Calyrex|move: Taunt\n|move|p2b: Urshifu|Coaching|p2a: Calyrex\n|-boost|p2a: Calyrex|atk|1\n|-boost|p2a: Calyrex|def|1\n|move|p1b: Gholdengo|Make It Rain|p2a: Calyrex|[spread] p2a,p2b\n|-resisted|p2a: Calyrex\n|-damage|p2a: Calyrex|68\/100\n|-damage|p2b: Urshifu|0 fnt\n|-unboost|p1b: Gholdengo|spa|1\n|faint|p2b: Urshifu\n|cant|p2a: Calyrex|move: Taunt|Trick Room\n|\n|upkeep\n|\n|t:|1739284929\n|switch|p2b: Smeargle|Smeargle, L50, M, shiny|100\/100\n|turn|2\n|\n|t:|1739284958\n|switch|p1b: Tinkaton|Tinkaton, L50, F|100\/100\n|-ability|p1b: Tinkaton|Mold Breaker\n|move|p1a: Flutter Mane|Taunt|p2b: Smeargle\n|-start|p2b: Smeargle|move: Taunt\n|move|p2a: Calyrex|Glacial Lance|p1a: Flutter Mane|[spread] p1a,p1b\n|-resisted|p1b: Tinkaton\n|-damage|p1a: Flutter Mane|0 fnt\n|-damage|p1b: Tinkaton|58\/100\n|faint|p1a: Flutter Mane\n|-end|p1a: Flutter Mane|Protosynthesis|[silent]\n|-ability|p2a: Calyrex|Chilling Neigh|boost\n|-boost|p2a: Calyrex|atk|1\n|cant|p2b: Smeargle|move: Taunt|Decorate\n|\n|upkeep\n|\n|t:|1739284964\n|switch|p1a: Eternatus|Eternatus, L50|100\/100\n|-ability|p1a: Eternatus|Pressure\n|turn|3\n|\n|t:|1739284979\n|switch|p2b: Regidrago|Regidrago, L50, shiny|100\/100\n|move|p1b: Tinkaton|Helping Hand|p1a: Eternatus\n|-singleturn|p1a: Eternatus|Helping Hand|[of] p1b: Tinkaton\n|move|p1a: Eternatus|Dynamax Cannon|p2a: Calyrex\n|-damage|p2a: Calyrex|5\/100\n|move|p2a: Calyrex|Glacial Lance|p1a: Eternatus|[spread] p1a,p1b\n|-supereffective|p1a: Eternatus\n|-resisted|p1b: Tinkaton\n|-damage|p1a: Eternatus|0 fnt\n|-damage|p1b: Tinkaton|0 fnt\n|faint|p1a: Eternatus\n|faint|p1b: Tinkaton\n|-ability|p2a: Calyrex|Chilling Neigh|boost\n|-boost|p2a: Calyrex|atk|2\n|\n|-end|p2a: Calyrex|move: Taunt\n|upkeep\n|j| Rabbithorn01\n|\n|t:|1739284985\n|switch|p1b: Gholdengo|Gholdengo, L50, tera:Steel|100\/100\n|turn|4\n|j| 2-2-2 Ape\n|\n|t:|1739285008\n|move|p2b: Regidrago|Protect|p2b: Regidrago\n|-singleturn|p2b: Regidrago|Protect\n|move|p1b: Gholdengo|Make It Rain|p2b: Regidrago|[spread] p2a\n|-activate|p2b: Regidrago|move: Protect\n|-resisted|p2a: Calyrex\n|-damage|p2a: Calyrex|0 fnt\n|-unboost|p1b: Gholdengo|spa|1\n|faint|p2a: Calyrex\n|\n|upkeep\n|\n|t:|1739285019\n|switch|p2a: Smeargle|Smeargle, L50, M, shiny|100\/100\n|turn|5\n|\n|t:|1739285027\n|move|p2a: Smeargle|Fake Out|p1b: Gholdengo\n|-resisted|p1b: Gholdengo\n|-damage|p1b: Gholdengo|98\/100\n|cant|p1b: Gholdengo|flinch\n|move|p2b: Regidrago|Earth Power|p1b: Gholdengo\n|-supereffective|p1b: Gholdengo\n|-damage|p1b: Gholdengo|38\/100\n|\n|upkeep\n|turn|6\n|\n|t:|1739285047\n|move|p2a: Smeargle|Follow Me|p2a: Smeargle\n|-singleturn|p2a: Smeargle|move: Follow Me\n|move|p1b: Gholdengo|Make It Rain|p2a: Smeargle|[spread] p2a,p2b\n|-enditem|p2a: Smeargle|Focus Sash\n|-damage|p2a: Smeargle|1\/100\n|-damage|p2b: Regidrago|39\/100\n|-unboost|p1b: Gholdengo|spa|1\n|move|p2b: Regidrago|Earth Power|p1b: Gholdengo\n|-supereffective|p1b: Gholdengo\n|-damage|p1b: Gholdengo|0 fnt\n|faint|p1b: Gholdengo\n|\n|win|Yung Trav\n|raw|ScribbleScribble's rating: 1681 &rarr; <strong>1661<\/strong><br \/>(-20 for losing)\n|raw|Yung Trav's rating: 1680 &rarr; <strong>1700<\/strong><br \/>(+20 for winning)\n|c|\u2606ScribbleScribble|gg\n|c|\u2606Yung Trav|gg\n|l|\u2606Yung Trav\n|player|p2|\n|l| 2-2-2 Ape\n|l|\u2606ScribbleScribble\n|player|p1|\n|j| ido1234567890\n|l| ido1234567890\n","uploadtime":1739285064,"views":12,"formatid":"gen9vgc2025regg","rating":1661,"private":0,"password":null}