{"id":"gen9vgc2025regg-2298095038","format":"[Gen 9] VGC 2025 Reg G","players":["InfinityGroudon","heyBeteritsVGC"],"log":"|j|\u2606InfinityGroudon\n|j|\u2606heyBeteritsVGC\n|t:|1739207639\n|gametype|doubles\n|player|p1|InfinityGroudon|170|1630\n|player|p2|heyBeteritsVGC|101|1550\n|teamsize|p1|6\n|teamsize|p2|6\n|gen|9\n|tier|[Gen 9] VGC 2025 Reg G\n|rated|\n|rule|Species Clause: Limit one of each Pok\u00e9mon\n|rule|Item Clause: Limit 1 of each item\n|clearpoke\n|poke|p1|Calyrex-Shadow, L50|\n|poke|p1|Incineroar, L50, M|\n|poke|p1|Weezing-Galar, L50, M|\n|poke|p1|Indeedee-F, L50, F|\n|poke|p1|Iron Valiant, L50|\n|poke|p1|Ursaluna-Bloodmoon, L50, M|\n|poke|p2|Dialga-Origin, L50|\n|poke|p2|Flutter Mane, L50|\n|poke|p2|Raging Bolt, L50|\n|poke|p2|Ursaluna, L50, F|\n|poke|p2|Volcarona, L50, F|\n|poke|p2|Smeargle, L50, M|\n|teampreview|4\n|inactive|Battle timer is ON: inactive players will automatically lose when time's up. (requested by heyBeteritsVGC)\n|inactive|heyBeteritsVGC has 60 seconds left.\n|\n|t:|1739207682\n|start\n|switch|p1a: Charming|Iron Valiant, L50, shiny|100\/100\n|switch|p1b: Duncan|Calyrex-Shadow, L50|100\/100\n|switch|p2a: Dialga|Dialga-Origin, L50|100\/100\n|switch|p2b: Smeargle|Smeargle, L50, M|100\/100\n|-ability|p1b: Duncan|As One\n|-ability|p1b: Duncan|Unnerve\n|-enditem|p1a: Charming|Booster Energy\n|-activate|p1a: Charming|ability: Quark Drive|[fromitem]\n|-start|p1a: Charming|quarkdrivespe\n|turn|1\n|inactive|heyBeteritsVGC has 30 seconds left.\n|\n|t:|1739207713\n|switch|p1b: Suthen|Indeedee-F, L50, F|100\/100\n|-fieldstart|move: Psychic Terrain|[from] ability: Psychic Surge|[of] p1b: Suthen\n|move|p2b: Smeargle|Fake Out|p1a: Charming\n|-activate|p1a: Charming|move: Psychic Terrain\n|move|p1a: Charming|Close Combat|p2a: Dialga\n|-supereffective|p2a: Dialga\n|-damage|p2a: Dialga|5\/100\n|-unboost|p1a: Charming|def|1\n|-unboost|p1a: Charming|spd|1\n|move|p2a: Dialga|Trick Room|p2a: Dialga\n|-fieldstart|move: Trick Room|[of] p2a: Dialga\n|\n|-ability|p2b: Smeargle|Moody|boost\n|-boost|p2b: Smeargle|atk|2\n|-unboost|p2b: Smeargle|def|1\n|upkeep\n|turn|2\n|\n|t:|1739207735\n|switch|p2a: Volcarona|Volcarona, L50, F|100\/100\n|move|p1b: Suthen|Dazzling Gleam|p2a: Volcarona|[spread] p2a,p2b\n|-resisted|p2a: Volcarona\n|-damage|p2a: Volcarona|95\/100\n|-damage|p2b: Smeargle|74\/100\n|move|p2b: Smeargle|Spore|p1a: Charming\n|-status|p1a: Charming|slp|[from] move: Spore\n|cant|p1a: Charming|slp\n|\n|-ability|p2b: Smeargle|Moody|boost\n|-boost|p2b: Smeargle|atk|2\n|-unboost|p2b: Smeargle|def|1\n|upkeep\n|turn|3\n|\n|t:|1739207754\n|switch|p2b: Ursaluna|Ursaluna, L50, F|100\/100\n|move|p2a: Volcarona|Struggle Bug|p1a: Charming|[spread] p1a,p1b\n|-resisted|p1a: Charming\n|-supereffective|p1b: Suthen\n|-damage|p1a: Charming|90\/100 slp\n|-damage|p1b: Suthen|72\/100\n|-unboost|p1a: Charming|spa|1\n|-unboost|p1b: Suthen|spa|1\n|cant|p1a: Charming|slp\n|move|p1b: Suthen|Trick Room|p1b: Suthen\n|-fieldend|move: Trick Room\n|\n|-status|p2b: Ursaluna|brn|[from] item: Flame Orb\n|upkeep\n|turn|4\n|inactive|heyBeteritsVGC has 30 seconds left.\n|inactive|heyBeteritsVGC has 20 seconds left.\n|inactive|heyBeteritsVGC has 15 seconds left.\n|inactive|heyBeteritsVGC has 10 seconds left.\n|\n|t:|1739207800\n|switch|p1b: Mr. Grizz|Ursaluna-Bloodmoon, L50, M|100\/100\n|-curestatus|p1a: Charming|slp|[msg]\n|move|p1a: Charming|Close Combat|p2b: Ursaluna\n|-supereffective|p2b: Ursaluna\n|-damage|p2b: Ursaluna|14\/100 brn\n|-unboost|p1a: Charming|def|1\n|-unboost|p1a: Charming|spd|1\n|move|p2a: Volcarona|Tailwind|p2a: Volcarona\n|-sidestart|p2: heyBeteritsVGC|move: Tailwind\n|move|p2b: Ursaluna|Facade|p1a: Charming\n|-damage|p1a: Charming|0 fnt\n|faint|p1a: Charming\n|-end|p1a: Charming|Quark Drive|[silent]\n|\n|-damage|p2b: Ursaluna|8\/100 brn|[from] brn\n|upkeep\n|\n|t:|1739207811\n|switch|p1a: Duncan|Calyrex-Shadow, L50|100\/100\n|-ability|p1a: Duncan|As One\n|-ability|p1a: Duncan|Unnerve\n|turn|5\n|\n|t:|1739207821\n|switch|p2b: Smeargle|Smeargle, L50, M|74\/100\n|move|p2a: Volcarona|Struggle Bug|p1a: Duncan|[spread] p1a,p1b\n|-damage|p1a: Duncan|85\/100\n|-damage|p1b: Mr. Grizz|90\/100\n|-unboost|p1a: Duncan|spa|1\n|-unboost|p1b: Mr. Grizz|spa|1\n|move|p1a: Duncan|Expanding Force|p2b: Smeargle|[spread] p2a,p2b\n|-damage|p2a: Volcarona|39\/100\n|-damage|p2b: Smeargle|0 fnt\n|faint|p2b: Smeargle\n|-ability|p1a: Duncan|Grim Neigh|boost\n|-boost|p1a: Duncan|spa|1\n|-damage|p1a: Duncan|75\/100|[from] item: Life Orb\n|move|p1b: Mr. Grizz|Hyper Voice|p2a: Volcarona\n|-damage|p2a: Volcarona|10\/100\n|\n|-fieldend|move: Psychic Terrain\n|upkeep\n|\n|t:|1739207825\n|switch|p2b: Dialga|Dialga-Origin, L50|5\/100\n|turn|6\n|inactive|heyBeteritsVGC has 30 seconds left.\n|j| bieiup\n|inactive|heyBeteritsVGC has 20 seconds left.\n|inactive|heyBeteritsVGC has 15 seconds left.\n|inactive|heyBeteritsVGC has 10 seconds left.\n|\n|t:|1739207871\n|move|p1b: Mr. Grizz|Vacuum Wave|p2b: Dialga\n|-supereffective|p2b: Dialga\n|-damage|p2b: Dialga|0 fnt\n|faint|p2b: Dialga\n|move|p2a: Volcarona|Struggle Bug|p1b: Mr. Grizz|[spread] p1a,p1b\n|-damage|p1a: Duncan|60\/100\n|-damage|p1b: Mr. Grizz|80\/100\n|-unboost|p1a: Duncan|spa|1\n|-unboost|p1b: Mr. Grizz|spa|1\n|move|p1a: Duncan|Astral Barrage|p2a: Volcarona\n|-damage|p2a: Volcarona|0 fnt\n|faint|p2a: Volcarona\n|-ability|p1a: Duncan|Grim Neigh|boost\n|-boost|p1a: Duncan|spa|1\n|-damage|p1a: Duncan|50\/100|[from] item: Life Orb\n|\n|upkeep\n|-message|heyBeteritsVGC forfeited.\n|\n|win|InfinityGroudon\n|raw|InfinityGroudon's rating: 1630 &rarr; <strong>1645<\/strong><br \/>(+15 for winning)\n|raw|heyBeteritsVGC's rating: 1550 &rarr; <strong>1535<\/strong><br \/>(-15 for losing)\n|l|\u2606heyBeteritsVGC\n|player|p2|\n|l|\u2606InfinityGroudon\n|player|p1|\n|l| bieiup\n","uploadtime":1739208067,"views":5,"formatid":"gen9vgc2025regg","rating":1535,"private":0,"password":null}