{"id":"gen9vgc2025regg-2298948982","format":"[Gen 9] VGC 2025 Reg G","players":["heyBeteritsVGC","Hikawari"],"log":"|j|\u2606heyBeteritsVGC\n|j|\u2606Hikawari\n|t:|1739311208\n|gametype|doubles\n|player|p1|heyBeteritsVGC|266|1629\n|player|p2|Hikawari|2|1577\n|teamsize|p1|6\n|teamsize|p2|6\n|gen|9\n|tier|[Gen 9] VGC 2025 Reg G\n|rated|\n|rule|Species Clause: Limit one of each Pok\u00e9mon\n|rule|Item Clause: Limit 1 of each item\n|clearpoke\n|poke|p1|Dialga-Origin, L50|\n|poke|p1|Raging Bolt, L50|\n|poke|p1|Flutter Mane, L50|\n|poke|p1|Ursaluna, L50, F|\n|poke|p1|Volcarona, L50, F|\n|poke|p1|Smeargle, L50, M|\n|poke|p2|Zamazenta-*, L50|\n|poke|p2|Chi-Yu, L50|\n|poke|p2|Rillaboom, L50, M|\n|poke|p2|Flutter Mane, L50|\n|poke|p2|Chien-Pao, L50|\n|poke|p2|Amoonguss, L50, M|\n|teampreview|4\n|inactive|Battle timer is ON: inactive players will automatically lose when time's up. (requested by Hikawari)\nHikawari has agreed to open team sheets.\n|j| surgevgc\n|inactive|heyBeteritsVGC has 60 seconds left.\n|j| Meiser63\n|l| Meiser63\n|\n|t:|1739311257\n|start\n|switch|p1a: Flutter Mane|Flutter Mane, L50|100\/100\n|switch|p1b: Dialga|Dialga-Origin, L50|100\/100\n|switch|p2a: Zamazenta|Zamazenta-Crowned, L50|100\/100\n|switch|p2b: Chi-Yu|Chi-Yu, L50|100\/100\n|-ability|p2b: Chi-Yu|Beads of Ruin\n|-ability|p2a: Zamazenta|Dauntless Shield|boost\n|-boost|p2a: Zamazenta|def|1\n|-enditem|p1a: Flutter Mane|Booster Energy\n|-activate|p1a: Flutter Mane|ability: Protosynthesis|[fromitem]\n|-start|p1a: Flutter Mane|protosynthesisspe\n|turn|1\n|\n|t:|1739311277\n|move|p1b: Dialga|Protect|p1b: Dialga\n|-singleturn|p1b: Dialga|Protect\n|move|p1a: Flutter Mane|Moonblast|p2b: Chi-Yu\n|-damage|p2b: Chi-Yu|54\/100\n|move|p2b: Chi-Yu|Snarl|p1b: Dialga|[spread] p1a\n|-activate|p1b: Dialga|move: Protect\n|-damage|p1a: Flutter Mane|73\/100\n|-unboost|p1a: Flutter Mane|spa|1\n|move|p2a: Zamazenta|Body Press|p1b: Dialga\n|-activate|p1b: Dialga|move: Protect\n|\n|upkeep\n|turn|2\n|j| wegovrooooom\n|\n|t:|1739311292\n|switch|p1b: Volcarona|Volcarona, L50, F|100\/100\n|move|p1a: Flutter Mane|Thunder Wave|p2b: Chi-Yu\n|-status|p2b: Chi-Yu|par\n|move|p2a: Zamazenta|Body Press|p1b: Volcarona\n|-resisted|p1b: Volcarona\n|-damage|p1b: Volcarona|65\/100\n|-damage|p2a: Zamazenta|84\/100|[from] item: Rocky Helmet|[of] p1b: Volcarona\n|-status|p2a: Zamazenta|brn|[from] ability: Flame Body|[of] p1b: Volcarona\n|cant|p2b: Chi-Yu|par\n|\n|-damage|p2a: Zamazenta|78\/100 brn|[from] brn\n|upkeep\n|turn|3\n|\n|t:|1739311308\n|move|p1a: Flutter Mane|Moonblast|p2b: Chi-Yu\n|-damage|p2b: Chi-Yu|21\/100 par\n|move|p2a: Zamazenta|Heavy Slam|p1a: Flutter Mane\n|-supereffective|p1a: Flutter Mane\n|-damage|p1a: Flutter Mane|0 fnt\n|faint|p1a: Flutter Mane\n|-end|p1a: Flutter Mane|Protosynthesis|[silent]\n|move|p1b: Volcarona|Overheat|p2a: Zamazenta\n|-supereffective|p2a: Zamazenta\n|-damage|p2a: Zamazenta|0 fnt\n|-unboost|p1b: Volcarona|spa|2\n|faint|p2a: Zamazenta\n|move|p2b: Chi-Yu|Snarl|p1b: Volcarona\n|-damage|p1b: Volcarona|31\/100\n|-unboost|p1b: Volcarona|spa|1\n|\n|upkeep\n|\n|t:|1739311314\n|switch|p1a: Dialga|Dialga-Origin, L50|100\/100\n|switch|p2a: Chien-Pao|Chien-Pao, L50|100\/100\n|-ability|p2a: Chien-Pao|Sword of Ruin\n|turn|4\n|inactive|heyBeteritsVGC has 30 seconds left.\n|inactive|heyBeteritsVGC has 20 seconds left.\n|\n|t:|1739311351\n|move|p2a: Chien-Pao|Protect|p2a: Chien-Pao\n|-singleturn|p2a: Chien-Pao|Protect\n|move|p1b: Volcarona|Struggle Bug|p2b: Chi-Yu|[spread] p2b\n|-activate|p2a: Chien-Pao|move: Protect\n|-damage|p2b: Chi-Yu|15\/100 par\n|-unboost|p2b: Chi-Yu|spa|1\n|move|p2b: Chi-Yu|Snarl|p1a: Dialga|[spread] p1a,p1b\n|-damage|p1a: Dialga|86\/100\n|-damage|p1b: Volcarona|12\/100\n|-unboost|p1a: Dialga|spa|1\n|-unboost|p1b: Volcarona|spa|1\n|move|p1a: Dialga|Trick Room|p1a: Dialga\n|-fieldstart|move: Trick Room|[of] p1a: Dialga\n|\n|upkeep\n|turn|5\n|\n|t:|1739311366\n|switch|p1a: Ursaluna|Ursaluna, L50, F|100\/100\n|switch|p2a: Amoonguss|Amoonguss, L50, M|100\/100\n|move|p2b: Chi-Yu|Snarl|p1a: Ursaluna|[spread] p1a\n|-miss|p2b: Chi-Yu|p1b: Volcarona\n|-damage|p1a: Ursaluna|83\/100\n|-unboost|p1a: Ursaluna|spa|1\n|move|p1b: Volcarona|Struggle Bug|p2a: Amoonguss|[spread] p2a,p2b\n|-damage|p2a: Amoonguss|93\/100\n|-damage|p2b: Chi-Yu|9\/100 par\n|-unboost|p2a: Amoonguss|spa|1\n|-unboost|p2b: Chi-Yu|spa|1\n|\n|-status|p1a: Ursaluna|brn|[from] item: Flame Orb\n|upkeep\n|turn|6\n|inactive|heyBeteritsVGC has 30 seconds left.\n|\n|t:|1739311393\n|switch|p1b: Dialga|Dialga-Origin, L50|86\/100\n|move|p2a: Amoonguss|Protect|p2a: Amoonguss\n|-singleturn|p2a: Amoonguss|Protect\n|move|p1a: Ursaluna|Earthquake|p2a: Amoonguss|[spread] p2b\n|-activate|p2a: Amoonguss|move: Protect\n|-activate|p1b: Dialga|ability: Telepathy\n|-supereffective|p2b: Chi-Yu\n|-damage|p2b: Chi-Yu|0 fnt\n|faint|p2b: Chi-Yu\n|\n|-damage|p1a: Ursaluna|77\/100 brn|[from] brn\n|upkeep\n|\n|t:|1739311400\n|switch|p2b: Chien-Pao|Chien-Pao, L50|100\/100\n|-ability|p2b: Chien-Pao|Sword of Ruin\n|turn|7\n|\n|t:|1739311417\n|-terastallize|p1a: Ursaluna|Fairy\n|move|p1b: Dialga|Protect|p1b: Dialga\n|-singleturn|p1b: Dialga|Protect\n|move|p2a: Amoonguss|Spore|p1b: Dialga\n|-activate|p1b: Dialga|move: Protect\n|move|p1a: Ursaluna|Facade|p2a: Amoonguss\n|-damage|p2a: Amoonguss|0 fnt\n|-damage|p1a: Ursaluna|60\/100 brn|[from] item: Rocky Helmet|[of] p2a: Amoonguss\n|faint|p2a: Amoonguss\n|move|p2b: Chien-Pao|Icicle Crash|p1a: Ursaluna\n|-damage|p1a: Ursaluna|16\/100 brn\n|\n|-damage|p1a: Ursaluna|10\/100 brn|[from] brn\n|upkeep\n|turn|8\n|\n|t:|1739311432\n|switch|p1a: Volcarona|Volcarona, L50, F|12\/100\n|move|p2b: Chien-Pao|Protect|p2b: Chien-Pao\n|-singleturn|p2b: Chien-Pao|Protect\n|move|p1b: Dialga|Flash Cannon|p2b: Chien-Pao\n|-activate|p2b: Chien-Pao|move: Protect\n|\n|-fieldend|move: Trick Room\n|upkeep\n|turn|9\n|\n|t:|1739311448\n|move|p2b: Chien-Pao|Icicle Crash|p1a: Volcarona\n|-resisted|p1a: Volcarona\n|-damage|p1a: Volcarona|0 fnt\n|faint|p1a: Volcarona\n|move|p1b: Dialga|Trick Room|p1b: Dialga\n|-fieldstart|move: Trick Room|[of] p1b: Dialga\n|\n|upkeep\n|\n|t:|1739311449\n|switch|p1a: Ursaluna|Ursaluna, L50, F, tera:Fairy|10\/100 brn\n|turn|10\n|\n|t:|1739311454\n|move|p2b: Chien-Pao|Protect|p2b: Chien-Pao\n|-singleturn|p2b: Chien-Pao|Protect\n|move|p1a: Ursaluna|Facade|p2b: Chien-Pao\n|-activate|p2b: Chien-Pao|move: Protect\n|move|p1b: Dialga|Flash Cannon|p2b: Chien-Pao\n|-activate|p2b: Chien-Pao|move: Protect\n|\n|-damage|p1a: Ursaluna|4\/100 brn|[from] brn\n|upkeep\n|turn|11\n|\n|t:|1739311462\n|move|p2b: Chien-Pao|Sucker Punch|p1a: Ursaluna\n|-resisted|p1a: Ursaluna\n|-damage|p1a: Ursaluna|0 fnt\n|faint|p1a: Ursaluna\n|move|p1b: Dialga|Flash Cannon|p2b: Chien-Pao\n|-supereffective|p2b: Chien-Pao\n|-enditem|p2b: Chien-Pao|Focus Sash\n|-damage|p2b: Chien-Pao|1\/100\n|\n|upkeep\n|turn|12\n|\n|t:|1739311466\n|move|p2b: Chien-Pao|Protect|p2b: Chien-Pao\n|-singleturn|p2b: Chien-Pao|Protect\n|move|p1b: Dialga|Flash Cannon|p2b: Chien-Pao\n|-activate|p2b: Chien-Pao|move: Protect\n|\n|upkeep\n|turn|13\n|\n|t:|1739311471\n|move|p2b: Chien-Pao|Protect|p2b: Chien-Pao\n|-singleturn|p2b: Chien-Pao|Protect\n|move|p1b: Dialga|Flash Cannon|p2b: Chien-Pao\n|-activate|p2b: Chien-Pao|move: Protect\n|\n|-fieldend|move: Trick Room\n|upkeep\n|turn|14\n|\n|t:|1739311475\n|move|p2b: Chien-Pao|Icicle Crash|p1b: Dialga\n|-damage|p1b: Dialga|42\/100\n|cant|p1b: Dialga|flinch\n|\n|upkeep\n|turn|15\n|\n|t:|1739311479\n|move|p2b: Chien-Pao|Icicle Crash|p1b: Dialga\n|-damage|p1b: Dialga|0 fnt\n|faint|p1b: Dialga\n|\n|win|Hikawari\n|raw|heyBeteritsVGC's rating: 1629 &rarr; <strong>1606<\/strong><br \/>(-23 for losing)\n|raw|Hikawari's rating: 1577 &rarr; <strong>1600<\/strong><br \/>(+23 for winning)\n|l|\u2606heyBeteritsVGC\n|player|p1|\n|l|\u2606Hikawari\n|player|p2|\n|l| wegovrooooom\n|l| surgevgc\n","uploadtime":1739311680,"views":6,"formatid":"gen9vgc2025regg","rating":1600,"private":0,"password":null}