{"id":"gen9vgc2025regg-2298929496","format":"[Gen 9] VGC 2025 Reg G","players":["ArisHazard","SamP_64"],"log":"|j|\u2606ArisHazard\n|j|\u2606SamP_64\n|t:|1739309138\n|gametype|doubles\n|player|p1|ArisHazard|101|1571\n|player|p2|SamP_64|cyrus|1652\n|teamsize|p1|6\n|teamsize|p2|6\n|gen|9\n|tier|[Gen 9] VGC 2025 Reg G\n|rated|\n|rule|Species Clause: Limit one of each Pok\u00e9mon\n|rule|Item Clause: Limit 1 of each item\n|clearpoke\n|poke|p1|Calyrex-Shadow, L50|\n|poke|p1|Scream Tail, L50|\n|poke|p1|Weezing, L50, F|\n|poke|p1|Regigigas, L50|\n|poke|p1|Iron Hands, L50|\n|poke|p1|Entei, L50|\n|poke|p2|Incineroar, L50, F|\n|poke|p2|Rillaboom, L50, M|\n|poke|p2|Flutter Mane, L50|\n|poke|p2|Urshifu-*, L50, F|\n|poke|p2|Terapagos, L50, M|\n|poke|p2|Amoonguss, L50, M|\n|teampreview|4\n|inactive|Battle timer is ON: inactive players will automatically lose when time's up. (requested by SamP_64)\n|inactive|ArisHazard has 60 seconds left.\n|inactive|SamP_64 has 60 seconds left.\n|j| Meiser63\n|\n|t:|1739309187\n|start\n|switch|p1a: Regigigas|Regigigas, L50|100\/100\n|switch|p1b: Weezing|Weezing, L50, F|100\/100\n|switch|p2a: Incineroar|Incineroar, L50, F|100\/100\n|switch|p2b: Terapagos|Terapagos, L50, M|100\/100\n|-ability|p1b: Weezing|Neutralizing Gas\n|-activate|p2b: Terapagos|ability: Tera Shift\n|detailschange|p2b: Terapagos|Terapagos-Terastal, L50, M\n|-heal|p2b: Terapagos|100\/100|[silent]\n|turn|1\n|\n|t:|1739309210\n|-terastallize|p1a: Regigigas|Ghost\n|move|p2b: Terapagos|Protect|p2b: Terapagos\n|-singleturn|p2b: Terapagos|Protect\n|move|p1a: Regigigas|Crush Grip|p2b: Terapagos\n|-activate|p2b: Terapagos|move: Protect\n|move|p1b: Weezing|Taunt|p2a: Incineroar\n|-start|p2a: Incineroar|move: Taunt\n|cant|p2a: Incineroar|move: Taunt|Will-O-Wisp\n|\n|upkeep\n|turn|2\n|\n|t:|1739309235\n|switch|p2b: Flutter Mane|Flutter Mane, L50|100\/100\n|move|p1a: Regigigas|Protect|p1a: Regigigas\n|-singleturn|p1a: Regigigas|Protect\n|move|p1b: Weezing|Taunt|p2b: Flutter Mane\n|-start|p2b: Flutter Mane|move: Taunt\n|move|p2a: Incineroar|Knock Off|p1a: Regigigas\n|-activate|p1a: Regigigas|move: Protect\n|\n|upkeep\n|turn|3\n|\n|t:|1739309257\n|-end|p1a: Regigigas|Slow Start|[silent]\n|switch|p1a: Scream Tail|Scream Tail, L50|100\/100\n|-end|p1b: Weezing|ability: Neutralizing Gas\n|-ability|p2a: Incineroar|Intimidate|boost\n|-unboost|p1a: Scream Tail|atk|1\n|-unboost|p1b: Weezing|atk|1\n|switch|p1b: Iron Hands|Iron Hands, L50|100\/100\n|-enditem|p2b: Flutter Mane|Booster Energy\n|-activate|p2b: Flutter Mane|ability: Protosynthesis|[fromitem]\n|-start|p2b: Flutter Mane|protosynthesisspe\n|-enditem|p1a: Scream Tail|Booster Energy\n|-activate|p1a: Scream Tail|ability: Protosynthesis|[fromitem]\n|-start|p1a: Scream Tail|protosynthesisspe\n|move|p2b: Flutter Mane|Moonblast|p1a: Scream Tail\n|-damage|p1a: Scream Tail|71\/100\n|move|p2a: Incineroar|Knock Off|p1a: Scream Tail\n|-damage|p1a: Scream Tail|52\/100\n|\n|-end|p2a: Incineroar|move: Taunt\n|upkeep\n|turn|4\n|inactive|SamP_64 has 30 seconds left.\n|inactive|SamP_64 has 20 seconds left.\n|j| PoggibonsiCity\n|\n|t:|1739309295\n|-terastallize|p2a: Incineroar|Ghost\n|move|p2b: Flutter Mane|Moonblast|p1b: Iron Hands\n|-supereffective|p1b: Iron Hands\n|-damage|p1b: Iron Hands|54\/100\n|move|p1a: Scream Tail|Dazzling Gleam|p2a: Incineroar|[spread] p2a,p2b\n|-damage|p2a: Incineroar|90\/100\n|-damage|p2b: Flutter Mane|86\/100\n|move|p2a: Incineroar|Will-O-Wisp|p1b: Iron Hands\n|-status|p1b: Iron Hands|brn\n|move|p1b: Iron Hands|Drain Punch|p2a: Incineroar\n|-immune|p2a: Incineroar\n|\n|-damage|p1b: Iron Hands|48\/100 brn|[from] brn\n|-end|p2b: Flutter Mane|move: Taunt\n|upkeep\n|turn|5\n|inactive|SamP_64 has 30 seconds left.\n|\n|t:|1739309329\n|move|p2b: Flutter Mane|Moonblast|p1b: Iron Hands\n|-supereffective|p1b: Iron Hands\n|-damage|p1b: Iron Hands|2\/100 brn\n|move|p1a: Scream Tail|Encore|p2a: Incineroar\n|-start|p2a: Incineroar|Encore\n|move|p2a: Incineroar|Will-O-Wisp|p1b: Iron Hands|[miss]\n|-miss|p2a: Incineroar|p1b: Iron Hands\n|move|p1b: Iron Hands|Wild Charge|p2b: Flutter Mane\n|-damage|p2b: Flutter Mane|48\/100\n|-damage|p1b: Iron Hands|0 fnt|[from] Recoil\n|faint|p1b: Iron Hands\n|-end|p1b: Iron Hands|Quark Drive|[silent]\n|\n|upkeep\n|\n|t:|1739309344\n|switch|p1b: Weezing|Weezing, L50, F|100\/100\n|-ability|p1b: Weezing|Neutralizing Gas\n|turn|6\n|\n|t:|1739309355\n|switch|p2a: Terapagos|Terapagos-Terastal, L50, M|100\/100\n|move|p2b: Flutter Mane|Thunder Wave|p1a: Scream Tail\n|-status|p1a: Scream Tail|par\n|move|p1b: Weezing|Taunt|p2a: Terapagos\n|-start|p2a: Terapagos|move: Taunt\n|cant|p1a: Scream Tail|par\n|\n|upkeep\n|turn|7\n|\n|t:|1739309376\n|move|p2b: Flutter Mane|Thunder Wave|p1b: Weezing\n|-status|p1b: Weezing|par\n|move|p2a: Terapagos|Tera Starstorm|p1a: Scream Tail\n|-damage|p1a: Scream Tail|13\/100 par\n|move|p1a: Scream Tail|Dazzling Gleam|p2a: Terapagos|[spread] p2a,p2b\n|-crit|p2a: Terapagos\n|-damage|p2a: Terapagos|80\/100\n|-damage|p2b: Flutter Mane|34\/100\n|move|p1b: Weezing|Sludge Bomb|p2b: Flutter Mane\n|-damage|p2b: Flutter Mane|10\/100\n|\n|-heal|p2a: Terapagos|85\/100|[from] item: Leftovers\n|upkeep\n|turn|8\n|\n|t:|1739309394\n|move|p1a: Scream Tail|Protect|p1a: Scream Tail\n|-singleturn|p1a: Scream Tail|Protect\n|move|p2b: Flutter Mane|Moonblast|p1a: Scream Tail\n|-activate|p1a: Scream Tail|move: Protect\n|move|p2a: Terapagos|Tera Starstorm|p1b: Weezing\n|-damage|p1b: Weezing|42\/100 par\n|-enditem|p1b: Weezing|Sitrus Berry|[eat]\n|-heal|p1b: Weezing|67\/100 par|[from] item: Sitrus Berry\n|move|p1b: Weezing|Will-O-Wisp|p2a: Terapagos\n|-status|p2a: Terapagos|brn\n|\n|-heal|p2a: Terapagos|91\/100 brn|[from] item: Leftovers\n|-damage|p2a: Terapagos|85\/100 brn|[from] brn\n|-end|p2a: Terapagos|move: Taunt\n|upkeep\n|turn|9\n|\n|t:|1739309414\n|move|p2b: Flutter Mane|Moonblast|p1a: Scream Tail\n|-damage|p1a: Scream Tail|0 fnt\n|faint|p1a: Scream Tail\n|-end|p1a: Scream Tail|Protosynthesis|[silent]\n|move|p2a: Terapagos|Tera Starstorm|p1b: Weezing\n|-damage|p1b: Weezing|11\/100 par\n|cant|p1b: Weezing|par\n|\n|-heal|p2a: Terapagos|91\/100 brn|[from] item: Leftovers\n|-damage|p2a: Terapagos|85\/100 brn|[from] brn\n|upkeep\n|-message|ArisHazard forfeited.\n|\n|win|SamP_64\n|raw|ArisHazard's rating: 1571 &rarr; <strong>1556<\/strong><br \/>(-15 for losing)\n|raw|SamP_64's rating: 1652 &rarr; <strong>1667<\/strong><br \/>(+15 for winning)\n|l|\u2606ArisHazard\n|player|p1|\n|l|\u2606SamP_64\n|player|p2|\n","uploadtime":1739309640,"views":5,"formatid":"gen9vgc2025regg","rating":1556,"private":0,"password":null}