{"id":"gen9vgc2025regg-2298442064","format":"[Gen 9] VGC 2025 Reg G","players":["speedyturtle87","something123"],"log":"|j|\u2606speedyturtle87\n|j|\u2606something123\n|t:|1739246767\n|gametype|doubles\n|player|p1|speedyturtle87|carmine|1641\n|player|p2|something123|266|1809\n|teamsize|p1|6\n|teamsize|p2|6\n|gen|9\n|tier|[Gen 9] VGC 2025 Reg G\n|rated|\n|rule|Species Clause: Limit one of each Pok\u00e9mon\n|rule|Item Clause: Limit 1 of each item\n|clearpoke\n|poke|p1|Zacian-*, L50|\n|poke|p1|Whimsicott, L50, M|\n|poke|p1|Raging Bolt, L50|\n|poke|p1|Farigiraf, L50, M|\n|poke|p1|Ogerpon-Hearthflame, L50, F|\n|poke|p1|Iron Bundle, L50|\n|poke|p2|Farigiraf, L50, M|\n|poke|p2|Landorus, L50, M|\n|poke|p2|Calyrex-Ice, L50|\n|poke|p2|Ogerpon-Cornerstone, L50, F|\n|poke|p2|Urshifu-*, L50, F|\n|poke|p2|Regieleki, L50|\n|teampreview|4\n|inactive|Battle timer is ON: inactive players will automatically lose when time's up. (requested by speedyturtle87)\n|inactive|something123 has 60 seconds left.\n|\n|t:|1739246809\n|start\n|switch|p1a: The goat|Iron Bundle, L50|100\/100\n|switch|p1b: Zacian|Zacian-Crowned, L50|100\/100\n|switch|p2a: Calyrex|Calyrex-Ice, L50|100\/100\n|switch|p2b: Ogerpon|Ogerpon-Cornerstone, L50, F|100\/100\n|-ability|p2a: Calyrex|As One\n|-ability|p2a: Calyrex|Unnerve\n|-ability|p1b: Zacian|Intrepid Sword|boost\n|-boost|p1b: Zacian|atk|1\n|-enditem|p1a: The goat|Booster Energy\n|-activate|p1a: The goat|ability: Quark Drive|[fromitem]\n|-start|p1a: The goat|quarkdrivespe\n|turn|1\n|\n|t:|1739246820\n|move|p2b: Ogerpon|Follow Me|p2b: Ogerpon\n|-singleturn|p2b: Ogerpon|move: Follow Me\n|move|p1a: The goat|Icy Wind|p2b: Ogerpon|[spread] p2a,p2b\n|-resisted|p2a: Calyrex\n|-supereffective|p2b: Ogerpon\n|-damage|p2a: Calyrex|94\/100\n|-damage|p2b: Ogerpon|50\/100\n|-unboost|p2a: Calyrex|spe|1\n|-unboost|p2b: Ogerpon|spe|1\n|move|p1b: Zacian|Behemoth Blade|p2b: Ogerpon\n|-supereffective|p2b: Ogerpon\n|-damage|p2b: Ogerpon|0 fnt\n|faint|p2b: Ogerpon\n|move|p2a: Calyrex|Trick Room|p2a: Calyrex\n|-fieldstart|move: Trick Room|[of] p2a: Calyrex\n|\n|upkeep\n|\n|t:|1739246834\n|switch|p2b: Landorus|Landorus, L50, M|100\/100\n|turn|2\n|\n|t:|1739246846\n|-terastallize|p2a: Calyrex|Water\n|move|p1b: Zacian|Protect|p1b: Zacian\n|-singleturn|p1b: Zacian|Protect\n|move|p1a: The goat|Protect|p1a: The goat\n|-singleturn|p1a: The goat|Protect\n|move|p2a: Calyrex|Glacial Lance|p1a: The goat|[spread] \n|-activate|p1a: The goat|move: Protect\n|-activate|p1b: Zacian|move: Protect\n|move|p2b: Landorus|Sandsear Storm|p1b: Zacian|[spread] \n|-activate|p1a: The goat|move: Protect\n|-activate|p1b: Zacian|move: Protect\n|\n|upkeep\n|turn|3\n|\n|t:|1739246870\n|move|p2a: Calyrex|Glacial Lance|p1a: The goat|[spread] p1a,p1b\n|-resisted|p1a: The goat\n|-resisted|p1b: Zacian\n|-damage|p1a: The goat|78\/100\n|-damage|p1b: Zacian|70\/100\n|move|p2b: Landorus|Sandsear Storm|p1a: The goat|[spread] p1a,p1b\n|-supereffective|p1b: Zacian\n|-damage|p1a: The goat|0 fnt\n|-damage|p1b: Zacian|0 fnt\n|faint|p1a: The goat\n|-end|p1a: The goat|Quark Drive|[silent]\n|faint|p1b: Zacian\n|\n|upkeep\n|\n|t:|1739246878\n|switch|p1a: Ogerpon|Ogerpon-Hearthflame, L50, F|100\/100\n|switch|p1b: Farigiraf|Farigiraf, L50, M|100\/100\n|-ability|p1a: Ogerpon|Mold Breaker\n|turn|4\n|inactive|something123 has 30 seconds left.\n|\n|t:|1739246908\n|move|p1a: Ogerpon|Spiky Shield|p1a: Ogerpon\n|-singleturn|p1a: Ogerpon|move: Protect\n|move|p2a: Calyrex|Glacial Lance|p1b: Farigiraf|[spread] p1b\n|-activate|p1a: Ogerpon|move: Protect\n|-damage|p1b: Farigiraf|39\/100\n|move|p1b: Farigiraf|Hyper Voice|p2a: Calyrex|[spread] p2a,p2b\n|-damage|p2a: Calyrex|72\/100\n|-damage|p2b: Landorus|67\/100\n|-enditem|p1b: Farigiraf|Throat Spray\n|-boost|p1b: Farigiraf|spa|1|[from] item: Throat Spray\n|move|p2b: Landorus|Earth Power|p1b: Farigiraf\n|-damage|p1b: Farigiraf|0 fnt\n|faint|p1b: Farigiraf\n|\n|upkeep\n|turn|5\n|\n|t:|1739246931\n|move|p1a: Ogerpon|Spiky Shield|p1a: Ogerpon\n|-singleturn|p1a: Ogerpon|move: Protect\n|move|p2a: Calyrex|Glacial Lance|p1a: Ogerpon\n|-activate|p1a: Ogerpon|move: Protect\n|move|p2b: Landorus|Earth Power|p1a: Ogerpon\n|-activate|p1a: Ogerpon|move: Protect\n|\n|-fieldend|move: Trick Room\n|upkeep\n|turn|6\n|\n|t:|1739246940\n|move|p1a: Ogerpon|Ivy Cudgel|p2b: Landorus|[anim] Ivy Cudgel Fire\n|-damage|p2b: Landorus|8\/100\n|move|p2b: Landorus|Earth Power|p1a: Ogerpon\n|-damage|p1a: Ogerpon|14\/100\n|move|p2a: Calyrex|Trick Room|p2a: Calyrex\n|-fieldstart|move: Trick Room|[of] p2a: Calyrex\n|\n|upkeep\n|turn|7\n|-message|speedyturtle87 forfeited.\n|\n|win|something123\n|raw|speedyturtle87's rating: 1641 &rarr; <strong>1630<\/strong><br \/>(-11 for losing)\n|raw|something123's rating: 1809 &rarr; <strong>1820<\/strong><br \/>(+11 for winning)\n|l|\u2606something123\n|player|p2|\n|c|\u2606speedyturtle87|well played\n|l|\u2606speedyturtle87\n|player|p1|\n","uploadtime":1739247135,"views":43,"formatid":"gen9vgc2025regg","rating":1630,"private":0,"password":null}