{"id":"gen9vgc2025regg-2298086330","format":"[Gen 9] VGC 2025 Reg G","players":["ekalsow","ZTMY ENCORE"],"log":"|j|\u2606ekalsow\n|j|\u2606ZTMY ENCORE\n|t:|1739206777\n|gametype|doubles\n|player|p1|ekalsow|gambler|1561\n|player|p2|ZTMY ENCORE|169|1706\n|teamsize|p1|6\n|teamsize|p2|6\n|gen|9\n|tier|[Gen 9] VGC 2025 Reg G\n|rated|\n|rule|Species Clause: Limit one of each Pok\u00e9mon\n|rule|Item Clause: Limit 1 of each item\n|clearpoke\n|poke|p1|Kingambit, L50, F|\n|poke|p1|Miraidon, L50|\n|poke|p1|Landorus-Therian, L50, M|\n|poke|p1|Urshifu-*, L50, F|\n|poke|p1|Whimsicott, L50, F|\n|poke|p1|Chi-Yu, L50|\n|poke|p2|Lunala, L50|\n|poke|p2|Roaring Moon, L50|\n|poke|p2|Smeargle, L50, M|\n|poke|p2|Urshifu-*, L50, F|\n|poke|p2|Amoonguss, L50, F|\n|poke|p2|Ursaluna-Bloodmoon, L50, M|\n|teampreview|4\n|j| The_Beast1440\n|j| EllAkuro\n|\n|t:|1739206842\n|start\n|switch|p1a: Chi-Yu|Chi-Yu, L50|100\/100\n|switch|p1b: Miraidon|Miraidon, L50|100\/100\n|switch|p2a: Ursaluna|Ursaluna-Bloodmoon, L50, M|100\/100\n|switch|p2b: Smeargle|Smeargle, L50, M|100\/100\n|-fieldstart|move: Electric Terrain|[from] ability: Hadron Engine|[of] p1b: Miraidon\n|-ability|p1a: Chi-Yu|Beads of Ruin\n|turn|1\n|\n|t:|1739206865\n|move|p2b: Smeargle|Fake Out|p1a: Chi-Yu\n|-damage|p1a: Chi-Yu|93\/100\n|move|p1b: Miraidon|Volt Switch|p2b: Smeargle\n|-enditem|p2b: Smeargle|Focus Sash\n|-damage|p2b: Smeargle|1\/100\n|\n|t:|1739206872\n|switch|p1b: Landorus|Landorus-Therian, L50, M|100\/100|[from] Volt Switch\n|-ability|p1b: Landorus|Intimidate|boost\n|-unboost|p2a: Ursaluna|atk|1\n|-unboost|p2b: Smeargle|atk|1\n|cant|p1a: Chi-Yu|flinch\n|move|p2a: Ursaluna|Hyper Voice|p1a: Chi-Yu|[spread] p1a,p1b\n|-damage|p1a: Chi-Yu|50\/100\n|-damage|p1b: Landorus|40\/100\n|\n|-ability|p2b: Smeargle|Moody|boost\n|-boost|p2b: Smeargle|def|2\n|-unboost|p2b: Smeargle|spd|1\n|upkeep\n|turn|2\n|\n|t:|1739206903\n|move|p1b: Landorus|Rock Slide|p2b: Smeargle|[spread] p2a,p2b\n|-resisted|p2a: Ursaluna\n|-damage|p2a: Ursaluna|93\/100\n|-damage|p2b: Smeargle|0 fnt\n|faint|p2b: Smeargle\n|move|p1a: Chi-Yu|Heat Wave|p2a: Ursaluna\n|-damage|p2a: Ursaluna|30\/100\n|move|p2a: Ursaluna|Hyper Voice|p1a: Chi-Yu|[spread] p1a,p1b\n|-damage|p1a: Chi-Yu|7\/100\n|-damage|p1b: Landorus|0 fnt\n|faint|p1b: Landorus\n|\n|upkeep\n|\n|t:|1739206911\n|switch|p1b: Miraidon|Miraidon, L50|100\/100\n|switch|p2b: Lunala|Lunala, L50|100\/100\n|-activate|p1b: Miraidon|ability: Hadron Engine\n|turn|3\n|\n|t:|1739206929\n|-terastallize|p1b: Miraidon|Electric\n|move|p2a: Ursaluna|Vacuum Wave|p1a: Chi-Yu\n|-supereffective|p1a: Chi-Yu\n|-damage|p1a: Chi-Yu|0 fnt\n|faint|p1a: Chi-Yu\n|move|p1b: Miraidon|Electro Drift|p2b: Lunala\n|-damage|p2b: Lunala|34\/100\n|move|p2b: Lunala|Trick Room|p2b: Lunala\n|-fieldstart|move: Trick Room|[of] p2b: Lunala\n|\n|upkeep\n|\n|t:|1739206931\n|switch|p1a: Kingambit|Kingambit, L50, F, shiny|100\/100\n|turn|4\n|\n|t:|1739206954\n|-terastallize|p2a: Ursaluna|Fairy\n|move|p1a: Kingambit|Sucker Punch|p2a: Ursaluna\n|-resisted|p2a: Ursaluna\n|-damage|p2a: Ursaluna|12\/100\n|move|p2a: Ursaluna|Earth Power|p1b: Miraidon\n|-supereffective|p1b: Miraidon\n|-damage|p1b: Miraidon|0 fnt\n|faint|p1b: Miraidon\n|move|p2b: Lunala|Dazzling Gleam|p1a: Kingambit\n|-damage|p1a: Kingambit|71\/100\n|\n|upkeep\n|turn|5\n|\n|t:|1739206969\n|move|p1a: Kingambit|Protect|p1a: Kingambit\n|-singleturn|p1a: Kingambit|Protect\n|move|p2a: Ursaluna|Vacuum Wave|p1a: Kingambit\n|-activate|p1a: Kingambit|move: Protect\n|move|p2b: Lunala|Dazzling Gleam|p1a: Kingambit\n|-activate|p1a: Kingambit|move: Protect\n|\n|-fieldend|move: Electric Terrain\n|upkeep\n|turn|6\n|\n|t:|1739206976\n|move|p1a: Kingambit|Sucker Punch|p2a: Ursaluna\n|-resisted|p2a: Ursaluna\n|-damage|p2a: Ursaluna|0 fnt\n|faint|p2a: Ursaluna\n|move|p2b: Lunala|Dazzling Gleam|p1a: Kingambit\n|-damage|p1a: Kingambit|41\/100\n|\n|upkeep\n|\n|t:|1739206982\n|switch|p2a: Urshifu|Urshifu-Rapid-Strike, L50, F|100\/100\n|turn|7\n|\n|t:|1739206987\n|move|p1a: Kingambit|Kowtow Cleave|p2b: Lunala\n|-supereffective|p2b: Lunala\n|-damage|p2b: Lunala|0 fnt\n|faint|p2b: Lunala\n|move|p2a: Urshifu|Surging Strikes|p1a: Kingambit\n|-crit|p1a: Kingambit\n|-damage|p1a: Kingambit|19\/100\n|-crit|p1a: Kingambit\n|-damage|p1a: Kingambit|0 fnt\n|faint|p1a: Kingambit\n|-hitcount|p1: Kingambit|2\n|\n|win|ZTMY ENCORE\n|raw|ekalsow's rating: 1561 &rarr; <strong>1549<\/strong><br \/>(-12 for losing)\n|raw|ZTMY ENCORE's rating: 1706 &rarr; <strong>1718<\/strong><br \/>(+12 for winning)\n|c|\u2606ekalsow|gg wp\n|l|\u2606ekalsow\n|player|p1|\n|l|\u2606ZTMY ENCORE\n|player|p2|\n|l| The_Beast1440\n|l| EllAkuro\n","uploadtime":1739207237,"views":16,"formatid":"gen9vgc2025regg","rating":1549,"private":0,"password":null}