{"id":"gen9vgc2025regg-2298433054","format":"[Gen 9] VGC 2025 Reg G","players":["with the waves","pashmak"],"log":"|j|\u2606with the waves\n|j|\u2606pashmak\n|t:|1739245445\n|gametype|doubles\n|player|p1|with the waves|clerkf|1562\n|player|p2|pashmak|waiter|1554\n|teamsize|p1|6\n|teamsize|p2|6\n|gen|9\n|tier|[Gen 9] VGC 2025 Reg G\n|rated|\n|rule|Species Clause: Limit one of each Pok\u00e9mon\n|rule|Item Clause: Limit 1 of each item\n|clearpoke\n|poke|p1|Magmar, L50, F|\n|poke|p1|Rillaboom, L50, F|\n|poke|p1|Urshifu-*, L50, M|\n|poke|p1|Zacian-*, L50|\n|poke|p1|Tornadus, L50, M|\n|poke|p1|Ursaluna-Bloodmoon, L50, M|\n|poke|p2|Groudon, L50|\n|poke|p2|Raging Bolt, L50|\n|poke|p2|Flutter Mane, L50|\n|poke|p2|Chien-Pao, L50|\n|poke|p2|Volcarona, L50, F|\n|poke|p2|Urshifu-*, L50, M|\n|teampreview|4\n|\n|t:|1739245460\n|start\n|switch|p1a: Tornadus|Tornadus, L50, M|100\/100\n|switch|p1b: Urshifu|Urshifu-Rapid-Strike, L50, M|100\/100\n|switch|p2a: Groudon|Groudon, L50|100\/100\n|switch|p2b: Volcarona|Volcarona, L50, F|100\/100\n|-weather|SunnyDay|[from] ability: Drought|[of] p2a: Groudon\n|turn|1\n|\n|t:|1739245482\n|-terastallize|p2b: Volcarona|Water\n|move|p2b: Volcarona|Rage Powder|p2b: Volcarona\n|-singleturn|p2b: Volcarona|move: Rage Powder\n|move|p1a: Tornadus|Rain Dance|p1a: Tornadus\n|-weather|RainDance\n|move|p1b: Urshifu|Surging Strikes|p2b: Volcarona\n|-resisted|p2b: Volcarona\n|-crit|p2b: Volcarona\n|-damage|p2b: Volcarona|86\/100\n|-resisted|p2b: Volcarona\n|-crit|p2b: Volcarona\n|-damage|p2b: Volcarona|72\/100\n|-status|p1b: Urshifu|brn|[from] ability: Flame Body|[of] p2b: Volcarona\n|-resisted|p2b: Volcarona\n|-crit|p2b: Volcarona\n|-damage|p2b: Volcarona|65\/100\n|-hitcount|p2b: Volcarona|3\n|move|p2a: Groudon|Thunder Punch|p1a: Tornadus\n|-supereffective|p1a: Tornadus\n|-damage|p1a: Tornadus|14\/100\n|\n|-weather|RainDance|[upkeep]\n|-damage|p1b: Urshifu|95\/100 brn|[from] brn\n|upkeep\n|turn|2\n|\n|t:|1739245510\n|switch|p2a: Chien-Pao|Chien-Pao, L50|100\/100\n|-ability|p2a: Chien-Pao|Sword of Ruin\n|move|p2b: Volcarona|Protect|p2b: Volcarona\n|-singleturn|p2b: Volcarona|Protect\n|move|p1b: Urshifu|Surging Strikes|p2b: Volcarona\n|-resisted|p2b: Volcarona\n|-crit|p2b: Volcarona\n|-damage|p2b: Volcarona|56\/100\n|-resisted|p2b: Volcarona\n|-crit|p2b: Volcarona\n|-damage|p2b: Volcarona|46\/100\n|-enditem|p2b: Volcarona|Sitrus Berry|[eat]\n|-heal|p2b: Volcarona|71\/100|[from] item: Sitrus Berry\n|-resisted|p2b: Volcarona\n|-crit|p2b: Volcarona\n|-damage|p2b: Volcarona|61\/100\n|-hitcount|p2b: Volcarona|3\n|move|p1a: Tornadus|Bleakwind Storm|p2b: Volcarona|[spread] p2a\n|-activate|p2b: Volcarona|move: Protect\n|-damage|p2a: Chien-Pao|34\/100\n|\n|-weather|RainDance|[upkeep]\n|-damage|p1b: Urshifu|89\/100 brn|[from] brn\n|upkeep\n|turn|3\n|\n|t:|1739245537\n|move|p2a: Chien-Pao|Ice Shard|p1a: Tornadus\n|-supereffective|p1a: Tornadus\n|-damage|p1a: Tornadus|0 fnt\n|faint|p1a: Tornadus\n|-damage|p2a: Chien-Pao|24\/100|[from] item: Life Orb\n|move|p1b: Urshifu|Surging Strikes|p2a: Chien-Pao\n|-crit|p2a: Chien-Pao\n|-damage|p2a: Chien-Pao|3\/100\n|-crit|p2a: Chien-Pao\n|-damage|p2a: Chien-Pao|0 fnt\n|faint|p2a: Chien-Pao\n|-hitcount|p2: Chien-Pao|2\n|move|p2b: Volcarona|Heat Wave|p1b: Urshifu\n|-resisted|p1b: Urshifu\n|-damage|p1b: Urshifu|75\/100 brn\n|\n|-weather|RainDance|[upkeep]\n|-damage|p1b: Urshifu|69\/100 brn|[from] brn\n|upkeep\n|\n|t:|1739245548\n|switch|p2a: Groudon|Groudon, L50|100\/100\n|switch|p1a: Magmar|Magmar, L50, F|100\/100\n|-weather|SunnyDay|[from] ability: Drought|[of] p2a: Groudon\n|turn|4\n|\n|t:|1739245556\n|-terastallize|p1a: Magmar|Grass\n|move|p2b: Volcarona|Rage Powder|p2b: Volcarona\n|-singleturn|p2b: Volcarona|move: Rage Powder\n|move|p1b: Urshifu|Surging Strikes|p2b: Volcarona\n|-resisted|p2b: Volcarona\n|-crit|p2b: Volcarona\n|-damage|p2b: Volcarona|59\/100\n|-resisted|p2b: Volcarona\n|-crit|p2b: Volcarona\n|-damage|p2b: Volcarona|57\/100\n|-resisted|p2b: Volcarona\n|-crit|p2b: Volcarona\n|-damage|p2b: Volcarona|55\/100\n|-hitcount|p2b: Volcarona|3\n|move|p2a: Groudon|Precipice Blades|p1b: Urshifu|[spread] p1a,p1b\n|-resisted|p1a: Magmar\n|-damage|p1a: Magmar|81\/100\n|-damage|p1b: Urshifu|19\/100 brn\n|move|p1a: Magmar|Will-O-Wisp|p2a: Groudon\n|-status|p2a: Groudon|brn\n|\n|-weather|SunnyDay|[upkeep]\n|-damage|p1b: Urshifu|13\/100 brn|[from] brn\n|-damage|p2a: Groudon|95\/100 brn|[from] brn\n|upkeep\n|turn|5\n|\n|t:|1739245578\n|move|p1b: Urshifu|Surging Strikes|p2a: Groudon\n|-supereffective|p2a: Groudon\n|-crit|p2a: Groudon\n|-damage|p2a: Groudon|88\/100 brn\n|-supereffective|p2a: Groudon\n|-crit|p2a: Groudon\n|-damage|p2a: Groudon|82\/100 brn\n|-supereffective|p2a: Groudon\n|-crit|p2a: Groudon\n|-damage|p2a: Groudon|76\/100 brn\n|-hitcount|p2a: Groudon|3\n|move|p2a: Groudon|Heat Crash|p1a: Magmar\n|-supereffective|p1a: Magmar\n|-damage|p1a: Magmar|25\/100\n|move|p2b: Volcarona|Heat Wave|p1b: Urshifu|[spread] p1a,p1b\n|-supereffective|p1a: Magmar\n|-resisted|p1b: Urshifu\n|-damage|p1a: Magmar|0 fnt\n|-damage|p1b: Urshifu|0 fnt\n|faint|p1a: Magmar\n|faint|p1b: Urshifu\n|\n|-weather|SunnyDay|[upkeep]\n|-damage|p2a: Groudon|71\/100 brn|[from] brn\n|upkeep\n|-message|with the waves forfeited.\n|\n|win|pashmak\n|raw|with the waves's rating: 1562 &rarr; <strong>1542<\/strong><br \/>(-20 for losing)\n|raw|pashmak's rating: 1554 &rarr; <strong>1574<\/strong><br \/>(+20 for winning)\n|l|\u2606with the waves\n|player|p1|\n|l|\u2606pashmak\n|player|p2|\n","uploadtime":1739245762,"views":288,"formatid":"gen9vgc2025regg","rating":1542,"private":0,"password":null}