{"id":"gen9vgc2025regg-2298686282","format":"[Gen 9] VGC 2025 Reg G","players":["Van Regional Champ","test-on-calls"],"log":"|j|\u2606Van Regional Champ\n|j|\u2606test-on-calls\n|t:|1739285448\n|gametype|doubles\n|player|p1|Van Regional Champ|265|1565\n|player|p2|test-on-calls|265|1692\n|teamsize|p1|6\n|teamsize|p2|6\n|gen|9\n|tier|[Gen 9] VGC 2025 Reg G\n|rated|\n|rule|Species Clause: Limit one of each Pok\u00e9mon\n|rule|Item Clause: Limit 1 of each item\n|clearpoke\n|poke|p1|Koraidon, L50|\n|poke|p1|Ogerpon-Cornerstone, L50, F|\n|poke|p1|Walking Wake, L50|\n|poke|p1|Flutter Mane, L50|\n|poke|p1|Gouging Fire, L50|\n|poke|p1|Indeedee-F, L50, F|\n|poke|p2|Flutter Mane, L50|\n|poke|p2|Groudon, L50|\n|poke|p2|Chi-Yu, L50|\n|poke|p2|Whimsicott, L50, F|\n|poke|p2|Toxapex, L50, M|\n|poke|p2|Zapdos-Galar, L50|\n|teampreview|4\nVan Regional Champ rejected open team sheets.\n|j| 2-2-2 Ape\n|l| 2-2-2 Ape\n|inactive|Battle timer is ON: inactive players will automatically lose when time's up. (requested by Van Regional Champ)\n|\n|t:|1739285494\n|start\n|switch|p1a: Walking Wake|Walking Wake, L50|100\/100\n|switch|p1b: Indeedee|Indeedee-F, L50, F|100\/100\n|switch|p2a: Whimsicott|Whimsicott, L50, F|100\/100\n|switch|p2b: Groudon|Groudon, L50, shiny|100\/100\n|-weather|SunnyDay|[from] ability: Drought|[of] p2b: Groudon\n|-activate|p1a: Walking Wake|ability: Protosynthesis\n|-start|p1a: Walking Wake|protosynthesisspa\n|-fieldstart|move: Psychic Terrain|[from] ability: Psychic Surge|[of] p1b: Indeedee\n|-enditem|p1b: Indeedee|Psychic Seed\n|-boost|p1b: Indeedee|spd|1|[from] item: Psychic Seed\n|turn|1\n|\n|t:|1739285508\n|-terastallize|p2b: Groudon|Water\n|move|p1b: Indeedee|Helping Hand|p1a: Walking Wake\n|-singleturn|p1a: Walking Wake|Helping Hand|[of] p1b: Indeedee\n|move|p2a: Whimsicott|Misty Terrain|p2a: Whimsicott\n|-fieldstart|move: Misty Terrain\n|move|p1a: Walking Wake|Draco Meteor|p2b: Groudon\n|-damage|p2b: Groudon|40\/100\n|-unboost|p1a: Walking Wake|spa|2\n|-damage|p1a: Walking Wake|91\/100|[from] item: Life Orb\n|move|p2b: Groudon|Precipice Blades|p1b: Indeedee|[spread] p1a,p1b\n|-damage|p1a: Walking Wake|27\/100\n|-damage|p1b: Indeedee|41\/100\n|\n|-weather|SunnyDay|[upkeep]\n|upkeep\n|turn|2\n|\n|t:|1739285528\n|move|p1b: Indeedee|Follow Me|p1b: Indeedee\n|-singleturn|p1b: Indeedee|move: Follow Me\n|move|p2a: Whimsicott|Moonblast|p1b: Indeedee\n|-damage|p1b: Indeedee|19\/100\n|-unboost|p1b: Indeedee|spa|1\n|move|p1a: Walking Wake|Weather Ball|p2a: Whimsicott\n|-supereffective|p2a: Whimsicott\n|-enditem|p2a: Whimsicott|Focus Sash\n|-damage|p2a: Whimsicott|1\/100\n|-damage|p1a: Walking Wake|17\/100|[from] item: Life Orb\n|move|p2b: Groudon|Precipice Blades|p1b: Indeedee|[spread] p1b\n|-miss|p2b: Groudon|p1a: Walking Wake\n|-damage|p1b: Indeedee|0 fnt\n|faint|p1b: Indeedee\n|\n|-weather|SunnyDay|[upkeep]\n|upkeep\n|\n|t:|1739285544\n|switch|p1b: Flutter Mane|Flutter Mane, L50|100\/100\n|-activate|p1b: Flutter Mane|ability: Protosynthesis\n|-start|p1b: Flutter Mane|protosynthesisspe\n|turn|3\n|\n|t:|1739285560\n|-terastallize|p1b: Flutter Mane|Fairy\n|move|p2a: Whimsicott|Tailwind|p2a: Whimsicott\n|-sidestart|p2: test-on-calls|move: Tailwind\n|move|p1b: Flutter Mane|Dazzling Gleam|p2b: Groudon|[spread] p2a,p2b\n|-damage|p2a: Whimsicott|0 fnt\n|-damage|p2b: Groudon|14\/100\n|faint|p2a: Whimsicott\n|move|p2b: Groudon|Heavy Slam|p1b: Flutter Mane\n|-supereffective|p1b: Flutter Mane\n|-enditem|p1b: Flutter Mane|Focus Sash\n|-damage|p1b: Flutter Mane|1\/100\n|move|p1a: Walking Wake|Weather Ball|p2b: Groudon\n|-resisted|p2b: Groudon\n|-damage|p2b: Groudon|0 fnt\n|faint|p2b: Groudon\n|-damage|p1a: Walking Wake|8\/100|[from] item: Life Orb\n|\n|-weather|SunnyDay|[upkeep]\n|upkeep\n|\n|t:|1739285562\n|switch|p2a: Flutter Mane|Flutter Mane, L50, shiny|100\/100\n|switch|p2b: Chi-Yu|Chi-Yu, L50|100\/100\n|-ability|p2b: Chi-Yu|Beads of Ruin\n|-activate|p2a: Flutter Mane|ability: Protosynthesis\n|-start|p2a: Flutter Mane|protosynthesisspe\n|turn|4\n|inactive|test-on-calls has 30 seconds left.\n|inactive|test-on-calls has 20 seconds left.\n|inactive|test-on-calls has 15 seconds left.\n|\n|t:|1739285603\n|move|p1b: Flutter Mane|Protect|p1b: Flutter Mane\n|-singleturn|p1b: Flutter Mane|Protect\n|move|p2a: Flutter Mane|Moonblast|p1b: Flutter Mane\n|-activate|p1b: Flutter Mane|move: Protect\n|move|p2b: Chi-Yu|Dark Pulse|p1a: Walking Wake\n|-damage|p1a: Walking Wake|0 fnt\n|faint|p1a: Walking Wake\n|-end|p1a: Walking Wake|Protosynthesis|[silent]\n|\n|-weather|SunnyDay|[upkeep]\n|upkeep\n|\n|t:|1739285613\n|switch|p1a: Ogerpon|Ogerpon-Cornerstone, L50, F|100\/100\n|turn|5\n|\n|t:|1739285618\n|move|p1b: Flutter Mane|Protect|p1b: Flutter Mane\n|-singleturn|p1b: Flutter Mane|Protect\n|move|p2a: Flutter Mane|Moonblast|p1a: Ogerpon\n|-ability|p1a: Ogerpon|Sturdy\n|-damage|p1a: Ogerpon|1\/100\n|move|p2b: Chi-Yu|Dark Pulse|p1a: Ogerpon\n|-damage|p1a: Ogerpon|0 fnt\n|faint|p1a: Ogerpon\n|\n|-weather|none\n|-end|p2a: Flutter Mane|Protosynthesis\n|-end|p1b: Flutter Mane|Protosynthesis\n|-fieldend|Misty Terrain\n|upkeep\n|turn|6\n|-message|Van Regional Champ forfeited.\n|\n|win|test-on-calls\n|raw|Van Regional Champ's rating: 1565 &rarr; <strong>1552<\/strong><br \/>(-13 for losing)\n|raw|test-on-calls's rating: 1692 &rarr; <strong>1705<\/strong><br \/>(+13 for winning)\n|l|\u2606Van Regional Champ\n|player|p1|\n|l|\u2606test-on-calls\n|player|p2|\n","uploadtime":1739285892,"views":5,"formatid":"gen9vgc2025regg","rating":1552,"private":0,"password":null}