{"id":"gen9vgc2025regg-2298412366","format":"[Gen 9] VGC 2025 Reg G","players":["InfinityGroudon","test7301"],"log":"|j|\u2606InfinityGroudon\n|j|\u2606test7301\n|t:|1739242644\n|gametype|doubles\n|player|p1|InfinityGroudon|101|1615\n|player|p2|test7301|101|1615\n|teamsize|p1|6\n|teamsize|p2|6\n|gen|9\n|tier|[Gen 9] VGC 2025 Reg G\n|rated|\n|rule|Species Clause: Limit one of each Pok\u00e9mon\n|rule|Item Clause: Limit 1 of each item\n|clearpoke\n|poke|p1|Calyrex-Shadow, L50|\n|poke|p1|Incineroar, L50, M|\n|poke|p1|Weezing-Galar, L50, M|\n|poke|p1|Indeedee-F, L50, F|\n|poke|p1|Iron Valiant, L50|\n|poke|p1|Ursaluna-Bloodmoon, L50, M|\n|poke|p2|Kyogre, L50|\n|poke|p2|Urshifu-*, L50, F|\n|poke|p2|Rillaboom, L50, F|\n|poke|p2|Landorus, L50, M|\n|poke|p2|Tornadus, L50, M|\n|poke|p2|Raging Bolt, L50|\n|teampreview|4\n|\n|t:|1739242694\n|start\n|switch|p1a: Suthen|Indeedee-F, L50, F|100\/100\n|switch|p1b: Duncan|Calyrex-Shadow, L50|100\/100\n|switch|p2a: Urshifu|Urshifu-Rapid-Strike, L50, F|100\/100\n|switch|p2b: Tornadus|Tornadus, L50, M|100\/100\n|-ability|p1b: Duncan|As One\n|-ability|p1b: Duncan|Unnerve\n|-fieldstart|move: Psychic Terrain|[from] ability: Psychic Surge|[of] p1a: Suthen\n|turn|1\n|\n|t:|1739242713\n|switch|p1a: Mr. Gassy|Weezing-Galar, L50, M|100\/100\n|-ability|p1a: Mr. Gassy|Neutralizing Gas\n|move|p1b: Duncan|Expanding Force|p2a: Urshifu|[spread] p2a,p2b\n|-supereffective|p2a: Urshifu\n|-damage|p2a: Urshifu|0 fnt\n|-enditem|p2b: Tornadus|Focus Sash\n|-damage|p2b: Tornadus|1\/100\n|faint|p2a: Urshifu\n|-ability|p1b: Duncan|Grim Neigh|boost\n|-boost|p1b: Duncan|spa|1\n|-damage|p1b: Duncan|91\/100|[from] item: Life Orb\n|move|p2b: Tornadus|Tailwind|p2b: Tornadus\n|-sidestart|p2: test7301|move: Tailwind\n|\n|upkeep\n|\n|t:|1739242721\n|switch|p2a: Kyogre|Kyogre, L50|100\/100\n|turn|2\n|\n|t:|1739242728\n|move|p1b: Duncan|Protect|p1b: Duncan\n|-singleturn|p1b: Duncan|Protect\n|move|p1a: Mr. Gassy|Protect|p1a: Mr. Gassy\n|-singleturn|p1a: Mr. Gassy|Protect\n|move|p2a: Kyogre|Water Spout|p1b: Duncan|[spread] \n|-activate|p1a: Mr. Gassy|move: Protect\n|-activate|p1b: Duncan|move: Protect\n|move|p2b: Tornadus|Bleakwind Storm|p1b: Duncan|[spread] \n|-activate|p1a: Mr. Gassy|move: Protect\n|-activate|p1b: Duncan|move: Protect\n|\n|upkeep\n|turn|3\n|\n|t:|1739242737\n|switch|p1b: Suthen|Indeedee-F, L50, F|100\/100\n|move|p2a: Kyogre|Water Spout|p1a: Mr. Gassy|[spread] p1a,p1b\n|-damage|p1a: Mr. Gassy|29\/100\n|-damage|p1b: Suthen|48\/100\n|-enditem|p1a: Mr. Gassy|Sitrus Berry|[eat]\n|-heal|p1a: Mr. Gassy|54\/100|[from] item: Sitrus Berry\n|move|p2b: Tornadus|Bleakwind Storm|p1b: Suthen|[spread] p1a,p1b\n|-damage|p1a: Mr. Gassy|8\/100\n|-damage|p1b: Suthen|14\/100\n|move|p1a: Mr. Gassy|Sludge Bomb|p2a: Kyogre\n|-damage|p2a: Kyogre|80\/100\n|\n|upkeep\n|turn|4\n|\n|t:|1739242758\n|switch|p2b: Rillaboom|Rillaboom, L50, F|100\/100\n|move|p1a: Mr. Gassy|Protect|p1a: Mr. Gassy\n|-singleturn|p1a: Mr. Gassy|Protect\n|move|p2a: Kyogre|Water Spout|p1a: Mr. Gassy|[spread] p1b\n|-activate|p1a: Mr. Gassy|move: Protect\n|-damage|p1b: Suthen|0 fnt\n|faint|p1b: Suthen\n|\n|-sideend|p2: test7301|move: Tailwind\n|upkeep\n|\n|t:|1739242762\n|switch|p1b: Duncan|Calyrex-Shadow, L50|91\/100\n|-ability|p1b: Duncan|As One\n|-ability|p1b: Duncan|Unnerve\n|turn|5\n|\n|t:|1739242774\n|move|p2a: Kyogre|Water Spout|p1b: Duncan|[spread] p1a,p1b\n|-damage|p1a: Mr. Gassy|0 fnt\n|-damage|p1b: Duncan|35\/100\n|faint|p1a: Mr. Gassy\n|-end|p1a: Mr. Gassy|ability: Neutralizing Gas\n|-weather|RainDance|[from] ability: Drizzle|[of] p2a: Kyogre\n|-fieldstart|move: Grassy Terrain|[from] ability: Grassy Surge|[of] p2b: Rillaboom\n|move|p1b: Duncan|Expanding Force|p2a: Kyogre\n|-damage|p2a: Kyogre|29\/100\n|-damage|p1b: Duncan|25\/100|[from] item: Life Orb\n|move|p2b: Rillaboom|Wood Hammer|p1b: Duncan\n|-damage|p1b: Duncan|0 fnt\n|faint|p1b: Duncan\n|-damage|p2b: Rillaboom|94\/100|[from] Recoil\n|\n|-weather|RainDance|[upkeep]\n|-heal|p2a: Kyogre|35\/100|[from] Grassy Terrain\n|-heal|p2b: Rillaboom|99\/100|[from] Grassy Terrain\n|upkeep\n|\n|t:|1739242778\n|switch|p1a: Charming|Iron Valiant, L50, shiny|100\/100\n|-enditem|p1a: Charming|Booster Energy\n|-activate|p1a: Charming|ability: Quark Drive|[fromitem]\n|-start|p1a: Charming|quarkdrivespe\n|turn|6\n|-message|InfinityGroudon forfeited.\n|\n|win|test7301\n|raw|InfinityGroudon's rating: 1615 &rarr; <strong>1595<\/strong><br \/>(-20 for losing)\n|raw|test7301's rating: 1615 &rarr; <strong>1635<\/strong><br \/>(+20 for winning)\n|l|\u2606InfinityGroudon\n|player|p1|\n|l|\u2606test7301\n|player|p2|\n","uploadtime":1739243016,"views":14,"formatid":"gen9vgc2025regg","rating":1595,"private":0,"password":null}