{"id":"gen9vgc2025regg-2298041501","format":"[Gen 9] VGC 2025 Reg G","players":["Jawonblue","SendMuj"],"log":"|j|\u2606Jawonblue\n|j|\u2606SendMuj\n|t:|1739202289\n|gametype|doubles\n|player|p1|Jawonblue|265|1573\n|player|p2|SendMuj|pokemonranger-gen4|1602\n|teamsize|p1|6\n|teamsize|p2|6\n|gen|9\n|tier|[Gen 9] VGC 2025 Reg G\n|rated|\n|rule|Species Clause: Limit one of each Pok\u00e9mon\n|rule|Item Clause: Limit 1 of each item\n|clearpoke\n|poke|p1|Eternatus, L50|\n|poke|p1|Oranguru, L50, M|\n|poke|p1|Kingambit, L50, M|\n|poke|p1|Enamorus-Therian, L50, F|\n|poke|p1|Iron Treads, L50|\n|poke|p1|Urshifu-*, L50, F|\n|poke|p2|Kyogre, L50|\n|poke|p2|Whimsicott, L50, F|\n|poke|p2|Ogerpon-Hearthflame, L50, F|\n|poke|p2|Rillaboom, L50, M|\n|poke|p2|Incineroar, L50, M|\n|poke|p2|Landorus, L50, M|\n|teampreview|4\n|inactive|Battle timer is ON: inactive players will automatically lose when time's up. (requested by SendMuj)\n|j| dragondrivevgc\n|\n|t:|1739202316\n|start\n|switch|p1a: Eternatus|Eternatus, L50|100\/100\n|switch|p1b: Oranguru|Oranguru, L50, M, shiny|100\/100\n|switch|p2a: Whimsicott|Whimsicott, L50, F|100\/100\n|switch|p2b: Kyogre|Kyogre, L50|100\/100\n|-ability|p1a: Eternatus|Pressure\n|-weather|RainDance|[from] ability: Drizzle|[of] p2b: Kyogre\n|turn|1\n|\n|t:|1739202332\n|move|p2a: Whimsicott|Tailwind|p2a: Whimsicott\n|-sidestart|p2: SendMuj|move: Tailwind\n|move|p2b: Kyogre|Blizzard|p1a: Eternatus|[spread] p1a\n|-miss|p2b: Kyogre|p1b: Oranguru\n|-supereffective|p1a: Eternatus\n|-damage|p1a: Eternatus|6\/100\n|move|p1a: Eternatus|Sludge Wave|p2b: Kyogre|[spread] p2a,p2b\n|-activate|p1b: Oranguru|ability: Telepathy\n|-supereffective|p2a: Whimsicott\n|-enditem|p2a: Whimsicott|Focus Sash\n|-damage|p2a: Whimsicott|1\/100\n|-damage|p2b: Kyogre|58\/100\n|-status|p2a: Whimsicott|psn\n|-damage|p1a: Eternatus|0 fnt|[from] item: Life Orb\n|faint|p1a: Eternatus\n|move|p1b: Oranguru|Trick Room|p1b: Oranguru\n|-fieldstart|move: Trick Room|[of] p1b: Oranguru\n|\n|-weather|RainDance|[upkeep]\n|-damage|p2a: Whimsicott|0 fnt|[from] psn\n|faint|p2a: Whimsicott\n|upkeep\n|\n|t:|1739202354\n|switch|p2a: Landorus|Landorus, L50, M|100\/100\n|switch|p1a: Urshifu|Urshifu-Rapid-Strike, L50, F|100\/100\n|turn|2\n|\n|t:|1739202371\n|switch|p2b: Ogerpon|Ogerpon-Hearthflame, L50, F|100\/100\n|-ability|p2b: Ogerpon|Mold Breaker\n|move|p1a: Urshifu|Detect|p1a: Urshifu\n|-singleturn|p1a: Urshifu|Protect\n|move|p1b: Oranguru|Foul Play|p2b: Ogerpon\n|-damage|p2b: Ogerpon|60\/100\n|move|p2a: Landorus|Sandsear Storm|p1b: Oranguru|[spread] p1b\n|-activate|p1a: Urshifu|move: Protect\n|-damage|p1b: Oranguru|58\/100\n|\n|-weather|RainDance|[upkeep]\n|upkeep\n|turn|3\n|inactive|SendMuj has 30 seconds left.\n|\n|t:|1739202400\n|move|p1b: Oranguru|Protect|p1b: Oranguru\n|-singleturn|p1b: Oranguru|Protect\n|move|p1a: Urshifu|Surging Strikes|p2b: Ogerpon\n|-crit|p2b: Ogerpon\n|-damage|p2b: Ogerpon|15\/100\n|-crit|p2b: Ogerpon\n|-damage|p2b: Ogerpon|0 fnt\n|faint|p2b: Ogerpon\n|-hitcount|p2: Ogerpon|2\n|move|p2a: Landorus|Sandsear Storm|p1a: Urshifu|[spread] p1a\n|-activate|p1b: Oranguru|move: Protect\n|-damage|p1a: Urshifu|24\/100\n|\n|-weather|RainDance|[upkeep]\n|upkeep\n|j| lyqvgc\n|\n|t:|1739202416\n|switch|p2b: Kyogre|Kyogre, L50|58\/100\n|turn|4\n|\n|t:|1739202433\n|move|p1b: Oranguru|Instruct|p1a: Urshifu\n|-singleturn|p1a: Urshifu|move: Instruct|[of] p1b: Oranguru\n|move|p1a: Urshifu|Surging Strikes|p2b: Kyogre\n|-resisted|p2b: Kyogre\n|-crit|p2b: Kyogre\n|-damage|p2b: Kyogre|39\/100\n|-resisted|p2b: Kyogre\n|-crit|p2b: Kyogre\n|-damage|p2b: Kyogre|20\/100\n|-resisted|p2b: Kyogre\n|-crit|p2b: Kyogre\n|-damage|p2b: Kyogre|3\/100\n|-hitcount|p2b: Kyogre|3\n|move|p1a: Urshifu|Surging Strikes|p2a: Landorus\n|-supereffective|p2a: Landorus\n|-crit|p2a: Landorus\n|-damage|p2a: Landorus|22\/100\n|-supereffective|p2a: Landorus\n|-crit|p2a: Landorus\n|-damage|p2a: Landorus|0 fnt\n|faint|p2a: Landorus\n|-hitcount|p2: Landorus|2\n|move|p2b: Kyogre|Origin Pulse|p1b: Oranguru|[spread] p1a,p1b\n|-resisted|p1a: Urshifu\n|-crit|p1b: Oranguru\n|-damage|p1a: Urshifu|0 fnt\n|-damage|p1b: Oranguru|0 fnt\n|faint|p1a: Urshifu\n|faint|p1b: Oranguru\n|\n|-weather|RainDance|[upkeep]\n|-sideend|p2: SendMuj|move: Tailwind\n|upkeep\n|\n|t:|1739202452\n|switch|p1b: Enamorus|Enamorus-Therian, L50, F|100\/100\n|turn|5\n|\n|t:|1739202460\n|-terastallize|p2b: Kyogre|Water\n|move|p1b: Enamorus|Moonblast|p2b: Kyogre\n|-damage|p2b: Kyogre|0 fnt\n|faint|p2b: Kyogre\n|\n|win|Jawonblue\n|raw|Jawonblue's rating: 1573 &rarr; <strong>1595<\/strong><br \/>(+22 for winning)\n|raw|SendMuj's rating: 1602 &rarr; <strong>1580<\/strong><br \/>(-22 for losing)\n|l|\u2606SendMuj\n|player|p2|\n|l|\u2606Jawonblue\n|player|p1|\n|l| lyqvgc\n","uploadtime":1739202638,"views":14,"formatid":"gen9vgc2025regg","rating":1580,"private":0,"password":null}