{"id":"gen9vgc2025regg-2298827451","format":"[Gen 9] VGC 2025 Reg G","players":["SamP_64","bieiup"],"log":"|j|\u2606SamP_64\n|j|\u2606bieiup\n|t:|1739299033\n|gametype|doubles\n|player|p1|SamP_64|cyrus|1704\n|player|p2|bieiup|lillie-z|1665\n|teamsize|p1|6\n|teamsize|p2|6\n|gen|9\n|tier|[Gen 9] VGC 2025 Reg G\n|rated|\n|rule|Species Clause: Limit one of each Pok\u00e9mon\n|rule|Item Clause: Limit 1 of each item\n|clearpoke\n|poke|p1|Incineroar, L50, F|\n|poke|p1|Rillaboom, L50, M|\n|poke|p1|Flutter Mane, L50|\n|poke|p1|Urshifu-*, L50, F|\n|poke|p1|Terapagos, L50, M|\n|poke|p1|Amoonguss, L50, M|\n|poke|p2|Raging Bolt, L50|\n|poke|p2|Miraidon, L50|\n|poke|p2|Chi-Yu, L50|\n|poke|p2|Torkoal, L50, F|\n|poke|p2|Farigiraf, L50, F|\n|poke|p2|Ursaluna, L50, M|\n|teampreview|4\n|inactive|Battle timer is ON: inactive players will automatically lose when time's up. (requested by SamP_64)\n|inactive|bieiup has 60 seconds left.\n|\n|t:|1739299070\n|start\n|switch|p1a: Rillaboom|Rillaboom, L50, M|100\/100\n|switch|p1b: Terapagos|Terapagos, L50, M|100\/100\n|switch|p2a: Miraidon|Miraidon, L50|100\/100\n|switch|p2b: Farigiraf|Farigiraf, L50, F|100\/100\n|-activate|p1b: Terapagos|ability: Tera Shift\n|detailschange|p1b: Terapagos|Terapagos-Terastal, L50, M\n|-heal|p1b: Terapagos|100\/100|[silent]\n|-fieldstart|move: Electric Terrain|[from] ability: Hadron Engine|[of] p2a: Miraidon\n|-enditem|p2b: Farigiraf|Electric Seed\n|-boost|p2b: Farigiraf|def|1|[from] item: Electric Seed\n|-fieldstart|move: Grassy Terrain|[from] ability: Grassy Surge|[of] p1a: Rillaboom\n|turn|1\n|inactive|SamP_64 has 30 seconds left.\n|\n|t:|1739299097\n|move|p2a: Miraidon|Volt Switch|p1b: Terapagos\n|-activate|p1b: Terapagos|ability: Tera Shell\n|-resisted|p1b: Terapagos\n|-damage|p1b: Terapagos|77\/100\n|\n|t:|1739299100\n|switch|p2a: Ursaluna|Ursaluna, L50, M|100\/100|[from] Volt Switch\n|move|p1a: Rillaboom|U-turn|p2b: Farigiraf\n|-supereffective|p2b: Farigiraf\n|-damage|p2b: Farigiraf|73\/100\n|\n|t:|1739299117\n|switch|p1a: Amoonguss|Amoonguss, L50, M|100\/100|[from] U-turn\n|move|p1b: Terapagos|Calm Mind|p1b: Terapagos\n|-boost|p1b: Terapagos|spa|1\n|-boost|p1b: Terapagos|spd|1\n|move|p2b: Farigiraf|Trick Room|p2b: Farigiraf\n|-fieldstart|move: Trick Room|[of] p2b: Farigiraf\n|\n|-heal|p2b: Farigiraf|79\/100|[from] Grassy Terrain\n|-heal|p1b: Terapagos|83\/100|[from] Grassy Terrain\n|-heal|p1b: Terapagos|89\/100|[from] item: Leftovers\n|-status|p2a: Ursaluna|brn|[from] item: Flame Orb\n|upkeep\n|turn|2\n|inactive|SamP_64 has 30 seconds left.\n|inactive|SamP_64 has 20 seconds left.\n|inactive|SamP_64 has 15 seconds left.\n|\n|t:|1739299161\n|-terastallize|p1b: Terapagos|Stellar\n|detailschange|p1b: Terapagos|Terapagos-Stellar, L50, M, tera:Stellar\n|-heal|p1b: Terapagos|92\/100|[silent]\n|-ability|p1b: Terapagos|Teraform Zero\n|-fieldend|move: Grassy Terrain\n|move|p2b: Farigiraf|Helping Hand|p2a: Ursaluna\n|-singleturn|p2a: Ursaluna|Helping Hand|[of] p2b: Farigiraf\n|move|p1a: Amoonguss|Rage Powder|p1a: Amoonguss\n|-singleturn|p1a: Amoonguss|move: Rage Powder\n|move|p2a: Ursaluna|Facade|p1a: Amoonguss\n|-damage|p1a: Amoonguss|0 fnt\n|faint|p1a: Amoonguss\n|move|p1b: Terapagos|Tera Starstorm|p2b: Farigiraf|[spread] p2a,p2b\n|-damage|p2a: Ursaluna|45\/100 brn\n|-damage|p2b: Farigiraf|23\/100\n|\n|-heal|p1b: Terapagos|98\/100|[from] item: Leftovers\n|-damage|p2a: Ursaluna|39\/100 brn|[from] brn\n|upkeep\n|\n|t:|1739299180\n|switch|p1a: Incineroar|Incineroar, L50, F|100\/100\n|-ability|p1a: Incineroar|Intimidate|boost\n|-unboost|p2a: Ursaluna|atk|1\n|-unboost|p2b: Farigiraf|atk|1\n|turn|3\n|inactive|SamP_64 has 30 seconds left.\n|\n|t:|1739299212\n|move|p2b: Farigiraf|Helping Hand|p2a: Ursaluna\n|-singleturn|p2a: Ursaluna|Helping Hand|[of] p2b: Farigiraf\n|move|p2a: Ursaluna|Headlong Rush|p1a: Incineroar\n|-supereffective|p1a: Incineroar\n|-damage|p1a: Incineroar|0 fnt\n|-unboost|p2a: Ursaluna|def|1\n|-unboost|p2a: Ursaluna|spd|1\n|-damage|p2a: Ursaluna|22\/100 brn|[from] item: Rocky Helmet|[of] p1a: Incineroar\n|faint|p1a: Incineroar\n|move|p1b: Terapagos|Tera Starstorm|p2a: Ursaluna|[spread] p2a,p2b\n|-damage|p2a: Ursaluna|0 fnt\n|-damage|p2b: Farigiraf|0 fnt\n|faint|p2a: Ursaluna\n|faint|p2b: Farigiraf\n|\n|-heal|p1b: Terapagos|100\/100|[from] item: Leftovers\n|upkeep\n|\n|t:|1739299220\n|switch|p2a: Torkoal|Torkoal, L50, F|100\/100\n|switch|p2b: Miraidon|Miraidon, L50|100\/100\n|switch|p1a: Rillaboom|Rillaboom, L50, M|100\/100\n|-weather|SunnyDay|[from] ability: Drought|[of] p2a: Torkoal\n|-item|p2a: Torkoal|Air Balloon\n|-fieldstart|move: Grassy Terrain|[from] ability: Grassy Surge|[of] p1a: Rillaboom\n|-fieldstart|move: Electric Terrain|[from] ability: Hadron Engine|[of] p2b: Miraidon\n|turn|4\n|inactive|SamP_64 has 30 seconds left.\n|\n|t:|1739299253\n|move|p1a: Rillaboom|Fake Out|p2a: Torkoal\n|-damage|p2a: Torkoal|90\/100\n|-enditem|p2a: Torkoal|Air Balloon\n|cant|p2a: Torkoal|flinch\n|move|p1b: Terapagos|Tera Starstorm|p2b: Miraidon|[spread] p2a,p2b\n|-damage|p2a: Torkoal|12\/100\n|-damage|p2b: Miraidon|46\/100\n|move|p2b: Miraidon|Electro Drift|p1b: Terapagos\n|-damage|p1b: Terapagos|37\/100\n|\n|-weather|SunnyDay|[upkeep]\n|-heal|p1b: Terapagos|43\/100|[from] item: Leftovers\n|upkeep\n|turn|5\n|inactive|SamP_64 has 30 seconds left.\n|\n|t:|1739299281\n|-terastallize|p2a: Torkoal|Fire\n|move|p2a: Torkoal|Overheat|p1b: Terapagos|[miss]\n|-miss|p2a: Torkoal|p1b: Terapagos\n|move|p1b: Terapagos|Tera Starstorm|p2b: Miraidon|[spread] p2a,p2b\n|-supereffective|p2a: Torkoal\n|-damage|p2a: Torkoal|0 fnt\n|-damage|p2b: Miraidon|0 fnt\n|faint|p2a: Torkoal\n|faint|p2b: Miraidon\n|\n|win|SamP_64\n|raw|SamP_64's rating: 1704 &rarr; <strong>1722<\/strong><br \/>(+18 for winning)\n|raw|bieiup's rating: 1665 &rarr; <strong>1647<\/strong><br \/>(-18 for losing)\n|l|\u2606bieiup\n|player|p2|\n|l|\u2606SamP_64\n|player|p1|\n","uploadtime":1739299445,"views":6,"formatid":"gen9vgc2025regg","rating":1647,"private":0,"password":null}