{"id":"gen9vgc2025regg-2298854562","format":"[Gen 9] VGC 2025 Reg G","players":["test-on-calls","KDR-Alt-711"],"log":"|j|\u2606test-on-calls\n|j|\u2606KDR-Alt-711\n|t:|1739301604\n|gametype|doubles\n|player|p1|test-on-calls|169|1720\n|player|p2|KDR-Alt-711|265|1612\n|teamsize|p1|6\n|teamsize|p2|6\n|gen|9\n|tier|[Gen 9] VGC 2025 Reg G\n|rated|\n|rule|Species Clause: Limit one of each Pok\u00e9mon\n|rule|Item Clause: Limit 1 of each item\n|clearpoke\n|poke|p1|Flutter Mane, L50|\n|poke|p1|Groudon, L50|\n|poke|p1|Chi-Yu, L50|\n|poke|p1|Whimsicott, L50, F|\n|poke|p1|Toxapex, L50, F|\n|poke|p1|Zapdos-Galar, L50|\n|poke|p2|Whimsicott, L50, M|\n|poke|p2|Entei, L50|\n|poke|p2|Flutter Mane, L50|\n|poke|p2|Groudon, L50|\n|poke|p2|Raging Bolt, L50|\n|poke|p2|Chi-Yu, L50|\n|teampreview|4\n|inactive|Battle timer is ON: inactive players will automatically lose when time's up. (requested by KDR-Alt-711)\n|\n|t:|1739301641\n|start\n|switch|p1a: Whimsicott|Whimsicott, L50, F|100\/100\n|switch|p1b: Groudon|Groudon, L50, shiny|100\/100\n|switch|p2a: Entei|Entei, L50, shiny|100\/100\n|switch|p2b: Raging Bolt|Raging Bolt, L50|100\/100\n|-weather|SunnyDay|[from] ability: Drought|[of] p1b: Groudon\n|-activate|p2b: Raging Bolt|ability: Protosynthesis\n|-start|p2b: Raging Bolt|protosynthesisspa\n|turn|1\n|\n|t:|1739301665\n|move|p2a: Entei|Protect|p2a: Entei\n|-singleturn|p2a: Entei|Protect\n|move|p1a: Whimsicott|Misty Terrain|p1a: Whimsicott\n|-fieldstart|move: Misty Terrain\n|move|p1b: Groudon|Precipice Blades|p2a: Entei|[spread] p2b\n|-activate|p2a: Entei|move: Protect\n|-supereffective|p2b: Raging Bolt\n|-damage|p2b: Raging Bolt|3\/100\n|move|p2b: Raging Bolt|Draco Meteor|p1b: Groudon\n|-damage|p1b: Groudon|72\/100\n|-unboost|p2b: Raging Bolt|spa|2\n|\n|-weather|SunnyDay|[upkeep]\n|upkeep\n|turn|2\n|\n|t:|1739301675\n|-end|p2b: Raging Bolt|Protosynthesis|[silent]\n|switch|p2b: Groudon|Groudon, L50, shiny|100\/100\n|-terastallize|p2a: Entei|Grass\n|move|p1a: Whimsicott|Tailwind|p1a: Whimsicott\n|-sidestart|p1: test-on-calls|move: Tailwind\n|move|p1b: Groudon|High Horsepower|p2a: Entei\n|-resisted|p2a: Entei\n|-damage|p2a: Entei|72\/100\n|move|p2a: Entei|Sacred Fire|p1b: Groudon\n|-damage|p1b: Groudon|9\/100\n|-damage|p2a: Entei|62\/100|[from] item: Life Orb\n|\n|-weather|SunnyDay|[upkeep]\n|upkeep\n|turn|3\n|j| kiabu233\n|\n|t:|1739301693\n|move|p2a: Entei|Extreme Speed|p1b: Groudon\n|-damage|p1b: Groudon|0 fnt\n|faint|p1b: Groudon\n|-damage|p2a: Entei|52\/100|[from] item: Life Orb\n|move|p1a: Whimsicott|Moonblast|p2b: Groudon\n|-damage|p2b: Groudon|71\/100\n|move|p2b: Groudon|Fire Punch|p1a: Whimsicott\n|-supereffective|p1a: Whimsicott\n|-enditem|p1a: Whimsicott|Focus Sash\n|-damage|p1a: Whimsicott|1\/100\n|\n|-weather|SunnyDay|[upkeep]\n|upkeep\n|\n|t:|1739301698\n|switch|p1b: Chi-Yu|Chi-Yu, L50|100\/100\n|-ability|p1b: Chi-Yu|Beads of Ruin\n|turn|4\n|\n|t:|1739301708\n|-terastallize|p1a: Whimsicott|Ghost\n|move|p2a: Entei|Protect|p2a: Entei\n|-singleturn|p2a: Entei|Protect\n|move|p2b: Groudon|Protect|p2b: Groudon\n|-singleturn|p2b: Groudon|Protect\n|move|p1b: Chi-Yu|Heat Wave|p2a: Entei|[spread] \n|-activate|p2a: Entei|move: Protect\n|-activate|p2b: Groudon|move: Protect\n|move|p1a: Whimsicott|Moonblast|p2b: Groudon\n|-activate|p2b: Groudon|move: Protect\n|\n|-weather|SunnyDay|[upkeep]\n|upkeep\n|turn|5\n|\n|t:|1739301718\n|move|p2b: Groudon|Helping Hand|p2a: Entei\n|-singleturn|p2a: Entei|Helping Hand|[of] p2b: Groudon\n|move|p2a: Entei|Extreme Speed|p1b: Chi-Yu\n|-damage|p1b: Chi-Yu|24\/100\n|-damage|p2a: Entei|42\/100|[from] item: Life Orb\n|move|p1a: Whimsicott|Encore|p2b: Groudon\n|-start|p2b: Groudon|Encore\n|move|p1b: Chi-Yu|Heat Wave|p2a: Entei|[spread] p2a,p2b\n|-supereffective|p2a: Entei\n|-damage|p2a: Entei|0 fnt\n|-damage|p2b: Groudon|4\/100\n|faint|p2a: Entei\n|\n|-weather|none\n|-sideend|p1: test-on-calls|move: Tailwind\n|-fieldend|Misty Terrain\n|upkeep\n|\n|t:|1739301720\n|switch|p2a: Flutter Mane|Flutter Mane, L50, shiny|100\/100\n|turn|6\n|\n|t:|1739301732\n|move|p2b: Groudon|Helping Hand|p2a: Flutter Mane\n|-singleturn|p2a: Flutter Mane|Helping Hand|[of] p2b: Groudon\n|move|p1a: Whimsicott|Tailwind|p1a: Whimsicott\n|-sidestart|p1: test-on-calls|move: Tailwind\n|move|p1b: Chi-Yu|Heat Wave|p2b: Groudon|[spread] p2a,p2b\n|-damage|p2a: Flutter Mane|54\/100\n|-damage|p2b: Groudon|0 fnt\n|faint|p2b: Groudon\n|move|p2a: Flutter Mane|Dazzling Gleam|p1a: Whimsicott|[spread] p1a,p1b\n|-damage|p1a: Whimsicott|0 fnt\n|-damage|p1b: Chi-Yu|0 fnt\n|faint|p1a: Whimsicott\n|faint|p1b: Chi-Yu\n|\n|upkeep\n|\n|t:|1739301736\n|switch|p1b: Flutter Mane|Flutter Mane, L50, shiny|100\/100\n|switch|p2b: Raging Bolt|Raging Bolt, L50|3\/100\n|turn|7\n|\n|t:|1739301747\n|move|p2b: Raging Bolt|Thunderclap|p1b: Flutter Mane\n|-crit|p1b: Flutter Mane\n|-damage|p1b: Flutter Mane|46\/100\n|move|p1b: Flutter Mane|Shadow Ball|p2a: Flutter Mane\n|-supereffective|p2a: Flutter Mane\n|-damage|p2a: Flutter Mane|0 fnt\n|faint|p2a: Flutter Mane\n|-end|p2a: Flutter Mane|Protosynthesis|[silent]\n|\n|upkeep\n|turn|8\n|c|\u2606test-on-calls|Oof\n|c|\u2606test-on-calls|Crit hurty\n|j| Nabandwhat\n|\n|t:|1739301755\n|move|p2b: Raging Bolt|Thunderclap|p1b: Flutter Mane\n|-damage|p1b: Flutter Mane|6\/100\n|move|p1b: Flutter Mane|Shadow Ball|p2b: Raging Bolt\n|-damage|p2b: Raging Bolt|0 fnt\n|faint|p2b: Raging Bolt\n|-end|p2b: Raging Bolt|Protosynthesis|[silent]\n|\n|win|test-on-calls\n|raw|test-on-calls's rating: 1720 &rarr; <strong>1734<\/strong><br \/>(+14 for winning)\n|raw|KDR-Alt-711's rating: 1612 &rarr; <strong>1598<\/strong><br \/>(-14 for losing)\n|l|\u2606KDR-Alt-711\n|player|p2|\n|l| kiabu233\n|l|\u2606test-on-calls\n|player|p1|\n|l| Nabandwhat\n","uploadtime":1739301955,"views":14,"formatid":"gen9vgc2025regg","rating":1598,"private":0,"password":null}