{"id":"gen9vgc2025regg-2298964093","format":"[Gen 9] VGC 2025 Reg G","players":["JLFalcon","Gi1796"],"log":"|j|\u2606JLFalcon\n|j|\u2606Gi1796\n|t:|1739312844\n|gametype|doubles\n|player|p1|JLFalcon|brycen|1522\n|player|p2|Gi1796|veteran|1549\n|teamsize|p1|6\n|teamsize|p2|6\n|gen|9\n|tier|[Gen 9] VGC 2025 Reg G\n|rated|\n|rule|Species Clause: Limit one of each Pok\u00e9mon\n|rule|Item Clause: Limit 1 of each item\n|clearpoke\n|poke|p1|Porygon2, L50|\n|poke|p1|Indeedee-F, L50, F|\n|poke|p1|Enamorus-Therian, L50, F|\n|poke|p1|Ursaluna, L50, F|\n|poke|p1|Dialga-Origin, L50|\n|poke|p1|Ogerpon-Wellspring, L50, F|\n|poke|p2|Flutter Mane, L50|\n|poke|p2|Calyrex-Shadow, L50|\n|poke|p2|Urshifu-*, L50, M|\n|poke|p2|Ogerpon-Cornerstone, L50, F|\n|poke|p2|Chi-Yu, L50|\n|poke|p2|Raging Bolt, L50|\n|teampreview|4\nGi1796 has agreed to open team sheets.\n|inactive|Battle timer is ON: inactive players will automatically lose when time's up. (requested by Gi1796)\n|c|\u2606JLFalcon|Glhf\nJLFalcon has agreed to open team sheets.\n|showteam|p1|Porygon2||Eviolite|Trace|FoulPlay,TeraBlast,Recover,TrickRoom||||||50|,,,,,Fairy]Indeedee-F||PsychicSeed|PsychicSurge|FollowMe,Psyshock,HelpingHand,TrickRoom|||F|||50|,,,,,Fairy]Enamorus-Therian||ChoiceSpecs|Overcoat|SpringtideStorm,Moonblast,TeraBlast,EarthPower|||F|||50|,,,,,Fire]Ursaluna||FlameOrb|Guts|Facade,Earthquake,HeadlongRush,Protect|||F|||50|,,,,,Normal]Dialga-Origin||AdamantCrystal|Telepathy|FlashCannon,RoarofTime,EarthPower,TrickRoom||||||50|,,,,,Bug]Ogerpon-Wellspring||WellspringMask|WaterAbsorb|IvyCudgel,HornLeech,FollowMe,SpikyShield|||F|||50|,,,,,Water\n|showteam|p2|Flutter Mane||BoosterEnergy|Protosynthesis|ThunderWave,FakeTears,Moonblast,Protect||||||50|,,,,,Grass]Calyrex-Shadow||FocusSash|AsOneSpectrier|AstralBarrage,Psychic,WillOWisp,Protect||||||50|,,,,,Ghost]Urshifu-Rapid-Strike||MysticWater|UnseenFist|SurgingStrikes,CloseCombat,Taunt,Protect|||M|||50|,,,,,Water]Ogerpon-Cornerstone||CornerstoneMask|Sturdy|FollowMe,IvyCudgel,HelpingHand,SpikyShield|||F|||50|,,,,,Rock]Chi-Yu||ChoiceScarf|BeadsofRuin|HeatWave,Overheat,Snarl,DarkPulse||||||50|,,,,,Ghost]Raging Bolt||AssaultVest|Protosynthesis|Thunderbolt,Thunderclap,DracoMeteor,Electroweb||||||50|,,,,,Electric\n|inactive|JLFalcon has 30 seconds left.\n|inactive|JLFalcon has 20 seconds left.\n|\n|t:|1739312899\n|start\n|switch|p1a: Indeedee|Indeedee-F, L50, F|100\/100\n|switch|p1b: Porygon2|Porygon2, L50|100\/100\n|switch|p2a: Chi-Yu|Chi-Yu, L50|100\/100\n|switch|p2b: Calyrex|Calyrex-Shadow, L50|100\/100\n|-ability|p2b: Calyrex|As One\n|-ability|p2b: Calyrex|Unnerve\n|-ability|p2a: Chi-Yu|Beads of Ruin\n|-fieldstart|move: Psychic Terrain|[from] ability: Psychic Surge|[of] p1a: Indeedee\n|-enditem|p1a: Indeedee|Psychic Seed\n|-boost|p1a: Indeedee|spd|1|[from] item: Psychic Seed\n|-ability|p1b: Porygon2|Beads of Ruin\n|-ability|p1b: Porygon2|Beads of Ruin|[from] ability: Trace|[of] p2a: Chi-Yu\n|turn|1\n|j| Funn yIy\n|l| Funn yIy\n|inactive|Gi1796 has 30 seconds left.\n|\n|t:|1739312929\n|move|p1a: Indeedee|Follow Me|p1a: Indeedee\n|-singleturn|p1a: Indeedee|move: Follow Me\n|move|p2a: Chi-Yu|Heat Wave|p1a: Indeedee|[spread] p1a,p1b\n|-damage|p1a: Indeedee|69\/100\n|-damage|p1b: Porygon2|75\/100\n|-status|p1b: Porygon2|brn\n|move|p2b: Calyrex|Psychic|p1a: Indeedee\n|-resisted|p1a: Indeedee\n|-damage|p1a: Indeedee|43\/100\n|move|p1b: Porygon2|Trick Room|p1b: Porygon2\n|-fieldstart|move: Trick Room|[of] p1b: Porygon2\n|\n|-damage|p1b: Porygon2|69\/100 brn|[from] brn\n|upkeep\n|turn|2\n|inactive|Gi1796 has 30 seconds left.\n|\n|t:|1739312961\n|move|p2b: Calyrex|Protect|p2b: Calyrex\n|-singleturn|p2b: Calyrex|Protect\n|move|p1b: Porygon2|Foul Play|p2b: Calyrex\n|-activate|p2b: Calyrex|move: Protect\n|move|p1a: Indeedee|Psyshock|p2b: Calyrex\n|-activate|p2b: Calyrex|move: Protect\n|move|p2a: Chi-Yu|Heat Wave|p1b: Porygon2|[spread] \n|-miss|p2a: Chi-Yu|p1a: Indeedee\n|-miss|p2a: Chi-Yu|p1b: Porygon2\n|\n|-damage|p1b: Porygon2|62\/100 brn|[from] brn\n|upkeep\n|turn|3\n|\n|t:|1739312978\n|switch|p1a: Ursaluna|Ursaluna, L50, F|100\/100\n|switch|p2b: Raging Bolt|Raging Bolt, L50|100\/100\n|move|p1b: Porygon2|Foul Play|p2b: Raging Bolt\n|-damage|p2b: Raging Bolt|95\/100\n|move|p2a: Chi-Yu|Heat Wave|p1b: Porygon2|[spread] p1a,p1b\n|-damage|p1a: Ursaluna|50\/100\n|-damage|p1b: Porygon2|39\/100 brn\n|\n|-damage|p1b: Porygon2|33\/100 brn|[from] brn\n|-status|p1a: Ursaluna|brn|[from] item: Flame Orb\n|upkeep\n|turn|4\n|\n|t:|1739313001\n|switch|p1b: Enamorus|Enamorus-Therian, L50, F|100\/100\n|-terastallize|p2a: Chi-Yu|Ghost\n|move|p1a: Ursaluna|Earthquake|p2a: Chi-Yu|[spread] p2a,p2b\n|-immune|p1b: Enamorus\n|-supereffective|p2b: Raging Bolt\n|-crit|p2b: Raging Bolt\n|-damage|p2a: Chi-Yu|0 fnt\n|-damage|p2b: Raging Bolt|0 fnt\n|faint|p2a: Chi-Yu\n|faint|p2b: Raging Bolt\n|-end|p2b: Raging Bolt|Protosynthesis|[silent]\n|\n|-damage|p1a: Ursaluna|44\/100 brn|[from] brn\n|upkeep\n|\n|t:|1739313012\n|switch|p2b: Calyrex|Calyrex-Shadow, L50|100\/100\n|switch|p2a: Urshifu|Urshifu-Rapid-Strike, L50, M|100\/100\n|-ability|p2b: Calyrex|As One\n|-ability|p2b: Calyrex|Unnerve\n|turn|5\n|\n|t:|1739313026\n|switch|p1b: Porygon2|Porygon2, L50|33\/100 brn\n|-ability|p1b: Porygon2|Unseen Fist|[from] ability: Trace|[of] p2a: Urshifu\n|switch|p1a: Indeedee|Indeedee-F, L50, F|43\/100\n|move|p2a: Urshifu|Protect|p2a: Urshifu\n|-singleturn|p2a: Urshifu|Protect\n|move|p2b: Calyrex|Protect||[still]\n|-fail|p2b: Calyrex\n|\n|-damage|p1b: Porygon2|27\/100 brn|[from] brn\n|-fieldend|move: Trick Room\n|-fieldend|move: Psychic Terrain\n|upkeep\n|turn|6\n|j| Meiser63\n|inactive|Gi1796 has 30 seconds left.\n|j| Funn yIy\n|l| Funn yIy\n|inactive|Gi1796 has 20 seconds left.\n|\n|t:|1739313063\n|move|p1a: Indeedee|Follow Me|p1a: Indeedee\n|-singleturn|p1a: Indeedee|move: Follow Me\n|move|p2b: Calyrex|Psychic|p1a: Indeedee\n|-resisted|p1a: Indeedee\n|-damage|p1a: Indeedee|20\/100\n|move|p2a: Urshifu|Surging Strikes|p1a: Indeedee\n|-crit|p1a: Indeedee\n|-damage|p1a: Indeedee|0 fnt\n|faint|p1a: Indeedee\n|-hitcount|p1: Indeedee|1\n|move|p1b: Porygon2|Trick Room|p1b: Porygon2\n|-fieldstart|move: Trick Room|[of] p1b: Porygon2\n|\n|-damage|p1b: Porygon2|20\/100 brn|[from] brn\n|upkeep\n|\n|t:|1739313079\n|switch|p1a: Enamorus|Enamorus-Therian, L50, F|100\/100\n|turn|7\n|\n|t:|1739313089\n|move|p2a: Urshifu|Protect|p2a: Urshifu\n|-singleturn|p2a: Urshifu|Protect\n|move|p1a: Enamorus|Moonblast|p2a: Urshifu\n|-activate|p2a: Urshifu|move: Protect\n|move|p1b: Porygon2|Foul Play|p2b: Calyrex\n|-supereffective|p2b: Calyrex\n|-damage|p2b: Calyrex|63\/100\n|move|p2b: Calyrex|Astral Barrage|p1a: Enamorus|[spread] p1a\n|-immune|p1b: Porygon2\n|-damage|p1a: Enamorus|42\/100\n|\n|-damage|p1b: Porygon2|14\/100 brn|[from] brn\n|upkeep\n|turn|8\n|l| Meiser63\n|inactive|Gi1796 has 30 seconds left.\n|\n|t:|1739313118\n|move|p2a: Urshifu|Protect||[still]\n|-fail|p2a: Urshifu\n|move|p1a: Enamorus|Moonblast|p2a: Urshifu\n|-supereffective|p2a: Urshifu\n|-damage|p2a: Urshifu|0 fnt\n|faint|p2a: Urshifu\n|move|p1b: Porygon2|Recover|p1b: Porygon2\n|-heal|p1b: Porygon2|64\/100 brn\n|move|p2b: Calyrex|Astral Barrage|p1a: Enamorus|[spread] p1a\n|-immune|p1b: Porygon2\n|-damage|p1a: Enamorus|0 fnt\n|faint|p1a: Enamorus\n|-ability|p2b: Calyrex|Grim Neigh|boost\n|-boost|p2b: Calyrex|spa|1\n|\n|-damage|p1b: Porygon2|58\/100 brn|[from] brn\n|upkeep\n|\n|t:|1739313126\n|switch|p1a: Ursaluna|Ursaluna, L50, F|44\/100 brn\n|turn|9\n|\n|t:|1739313134\n|move|p2b: Calyrex|Protect|p2b: Calyrex\n|-singleturn|p2b: Calyrex|Protect\n|move|p1a: Ursaluna|Headlong Rush|p2b: Calyrex\n|-activate|p2b: Calyrex|move: Protect\n|move|p1b: Porygon2|Foul Play|p2b: Calyrex\n|-supereffective|p2b: Calyrex\n|-damage|p2b: Calyrex|25\/100\n|\n|-damage|p1a: Ursaluna|38\/100 brn|[from] brn\n|-damage|p1b: Porygon2|52\/100 brn|[from] brn\n|upkeep\n|turn|10\n|\n|t:|1739313141\n|move|p2b: Calyrex|Protect||[still]\n|-fail|p2b: Calyrex\n|move|p1a: Ursaluna|Headlong Rush|p2b: Calyrex\n|-damage|p2b: Calyrex|0 fnt\n|-unboost|p1a: Ursaluna|def|1\n|-unboost|p1a: Ursaluna|spd|1\n|faint|p2b: Calyrex\n|\n|win|JLFalcon\n|raw|JLFalcon's rating: 1522 &rarr; <strong>1544<\/strong><br \/>(+22 for winning)\n|raw|Gi1796's rating: 1549 &rarr; <strong>1527<\/strong><br \/>(-22 for losing)\n|c|\u2606JLFalcon|Gg\n|l|\u2606Gi1796\n|player|p2|\n|l|\u2606JLFalcon\n|player|p1|\n","uploadtime":1739313312,"views":8,"formatid":"gen9vgc2025regg","rating":1527,"private":0,"password":null}