{"id":"gen9vgc2025regg-2298582194","format":"[Gen 9] VGC 2025 Reg G","players":["Mildly Displeased","bieiup"],"log":"|j|\u2606Mildly Displeased\n|j|\u2606bieiup\n|t:|1739271770\n|gametype|doubles\n|player|p1|Mildly Displeased|lillie|1617\n|player|p2|bieiup|lillie-z|1674\n|teamsize|p1|6\n|teamsize|p2|6\n|gen|9\n|tier|[Gen 9] VGC 2025 Reg G\n|rated|\n|rule|Species Clause: Limit one of each Pok\u00e9mon\n|rule|Item Clause: Limit 1 of each item\n|clearpoke\n|poke|p1|Primarina, L50, M|\n|poke|p1|Talonflame, L50, F|\n|poke|p1|Zamazenta-*, L50|\n|poke|p1|Rillaboom, L50, F|\n|poke|p1|Chien-Pao, L50|\n|poke|p1|Farigiraf, L50, F|\n|poke|p2|Raging Bolt, L50|\n|poke|p2|Miraidon, L50|\n|poke|p2|Chi-Yu, L50|\n|poke|p2|Torkoal, L50, F|\n|poke|p2|Farigiraf, L50, M|\n|poke|p2|Ursaluna, L50, M|\n|teampreview|4\n|inactive|Battle timer is ON: inactive players will automatically lose when time's up. (requested by Mildly Displeased)\n|\n|t:|1739271798\n|start\n|switch|p1a: Phoenix|Talonflame, L50, F, shiny|100\/100\n|switch|p1b: Pippin|Zamazenta-Crowned, L50|100\/100\n|switch|p2a: Miraidon|Miraidon, L50|100\/100\n|switch|p2b: Farigiraf|Farigiraf, L50, M|100\/100\n|-fieldstart|move: Electric Terrain|[from] ability: Hadron Engine|[of] p2a: Miraidon\n|-enditem|p2b: Farigiraf|Electric Seed\n|-boost|p2b: Farigiraf|def|1|[from] item: Electric Seed\n|-ability|p1b: Pippin|Dauntless Shield|boost\n|-boost|p1b: Pippin|def|1\n|turn|1\n|\n|t:|1739271804\n|switch|p1b: Knotweed|Rillaboom, L50, F|100\/100\n|-fieldstart|move: Grassy Terrain|[from] ability: Grassy Surge|[of] p1b: Knotweed\n|move|p2a: Miraidon|Volt Switch|p1a: Phoenix\n|-supereffective|p1a: Phoenix\n|-damage|p1a: Phoenix|0 fnt\n|faint|p1a: Phoenix\n|\n|t:|1739271807\n|switch|p2a: Ursaluna|Ursaluna, L50, M|100\/100|[from] Volt Switch\n|move|p2b: Farigiraf|Trick Room|p2b: Farigiraf\n|-fieldstart|move: Trick Room|[of] p2b: Farigiraf\n|\n|-status|p2a: Ursaluna|brn|[from] item: Flame Orb\n|upkeep\n|\n|t:|1739271814\n|switch|p1a: Pippin|Zamazenta-Crowned, L50|100\/100\n|turn|2\n|\n|t:|1739271827\n|-terastallize|p2a: Ursaluna|Ghost\n|-terastallize|p1b: Knotweed|Grass\n|move|p2b: Farigiraf|Helping Hand|p2a: Ursaluna\n|-singleturn|p2a: Ursaluna|Helping Hand|[of] p2b: Farigiraf\n|move|p1b: Knotweed|Grassy Glide||[still]\n|cant|p2b: Farigiraf|ability: Armor Tail|Grassy Glide|[of] p1b: Knotweed\n|move|p2a: Ursaluna|Facade|p1b: Knotweed\n|-damage|p1b: Knotweed|0 fnt\n|faint|p1b: Knotweed\n|move|p1a: Pippin|Iron Defense|p1a: Pippin\n|-boost|p1a: Pippin|def|2\n|\n|-damage|p2a: Ursaluna|95\/100 brn|[from] brn\n|upkeep\n|\n|t:|1739271837\n|switch|p1b: Weavile 2.0|Chien-Pao, L50|100\/100\n|-ability|p1b: Weavile 2.0|Sword of Ruin\n|turn|3\n|\n|t:|1739271846\n|move|p2a: Ursaluna|Headlong Rush|p1a: Pippin\n|-supereffective|p1a: Pippin\n|-damage|p1a: Pippin|12\/100\n|-unboost|p2a: Ursaluna|def|1\n|-unboost|p2a: Ursaluna|spd|1\n|move|p2b: Farigiraf|Dazzling Gleam|p1a: Pippin|[spread] p1a,p1b\n|-supereffective|p1b: Weavile 2.0\n|-damage|p1a: Pippin|1\/100\n|-damage|p1b: Weavile 2.0|54\/100\n|move|p1a: Pippin|Iron Defense|p1a: Pippin\n|-boost|p1a: Pippin|def|2\n|move|p1b: Weavile 2.0|Crunch|p2a: Ursaluna\n|-supereffective|p2a: Ursaluna\n|-damage|p2a: Ursaluna|0 fnt\n|faint|p2a: Ursaluna\n|\n|-heal|p1a: Pippin|7\/100|[from] Grassy Terrain\n|-heal|p1b: Weavile 2.0|60\/100|[from] Grassy Terrain\n|upkeep\n|\n|t:|1739271848\n|switch|p2a: Torkoal|Torkoal, L50, F|100\/100\n|-weather|SunnyDay|[from] ability: Drought|[of] p2a: Torkoal\n|-item|p2a: Torkoal|Air Balloon\n|turn|4\n|\n|t:|1739271857\n|move|p1a: Pippin|Wide Guard|p1a: Pippin\n|-singleturn|p1a: Pippin|Wide Guard\n|move|p2a: Torkoal|Overheat|p1b: Weavile 2.0\n|-supereffective|p1b: Weavile 2.0\n|-damage|p1b: Weavile 2.0|0 fnt\n|-unboost|p2a: Torkoal|spa|2\n|faint|p1b: Weavile 2.0\n|move|p2b: Farigiraf|Foul Play|p1a: Pippin\n|-resisted|p1a: Pippin\n|-damage|p1a: Pippin|4\/100\n|\n|-weather|SunnyDay|[upkeep]\n|-heal|p1a: Pippin|11\/100|[from] Grassy Terrain\n|upkeep\n|turn|5\n|\n|t:|1739271864\n|move|p2a: Torkoal|Overheat|p1a: Pippin\n|-supereffective|p1a: Pippin\n|-crit|p1a: Pippin\n|-damage|p1a: Pippin|0 fnt\n|-unboost|p2a: Torkoal|spa|2\n|faint|p1a: Pippin\n|\n|win|bieiup\n|raw|Mildly Displeased's rating: 1617 &rarr; <strong>1600<\/strong><br \/>(-17 for losing)\n|raw|bieiup's rating: 1674 &rarr; <strong>1691<\/strong><br \/>(+17 for winning)\n|c|\u2606bieiup|gg\n|l|\u2606bieiup\n|player|p2|\n","uploadtime":1739272092,"views":11,"formatid":"gen9vgc2025regg","rating":1600,"private":0,"password":null}