{"id":"gen9vgc2025regg-2298240178","format":"[Gen 9] VGC 2025 Reg G","players":["esotico","squig mingus"],"log":"|j|\u2606esotico\n|j|\u2606squig mingus\n|t:|1739221832\n|gametype|doubles\n|player|p1|esotico|burgh|1565\n|player|p2|squig mingus|170|1568\n|teamsize|p1|6\n|teamsize|p2|6\n|gen|9\n|tier|[Gen 9] VGC 2025 Reg G\n|rated|\n|rule|Species Clause: Limit one of each Pok\u00e9mon\n|rule|Item Clause: Limit 1 of each item\n|clearpoke\n|poke|p1|Calyrex-Ice, L50|\n|poke|p1|Iron Valiant, L50|\n|poke|p1|Ogerpon-Hearthflame, L50, F|\n|poke|p1|Incineroar, L50, M|\n|poke|p1|Urshifu-*, L50, M|\n|poke|p1|Amoonguss, L50, M|\n|poke|p2|Tatsugiri, L50, M|\n|poke|p2|Chi-Yu, L50|\n|poke|p2|Dragonite, L50, M|\n|poke|p2|Dondozo, L50, M|\n|poke|p2|Gholdengo, L50|\n|poke|p2|Miraidon, L50|\n|teampreview|4\n|inactive|Battle timer is ON: inactive players will automatically lose when time's up. (requested by esotico)\nesotico rejected open team sheets.\n|inactive|esotico has 60 seconds left.\n|\n|t:|1739221887\n|start\n|switch|p1a: Amoonguss|Amoonguss, L50, M|100\/100\n|switch|p1b: Calyrex|Calyrex-Ice, L50|100\/100\n|switch|p2a: Miraidon|Miraidon, L50|100\/100\n|switch|p2b: Chi-Yu|Chi-Yu, L50|100\/100\n|-ability|p1b: Calyrex|As One\n|-ability|p1b: Calyrex|Unnerve\n|-fieldstart|move: Electric Terrain|[from] ability: Hadron Engine|[of] p2a: Miraidon\n|-ability|p2b: Chi-Yu|Beads of Ruin\n|turn|1\n|inactive|squig mingus has 30 seconds left.\n|\n|t:|1739221916\n|-terastallize|p2a: Miraidon|Fairy\n|-terastallize|p1b: Calyrex|Water\n|move|p1a: Amoonguss|Rage Powder|p1a: Amoonguss\n|-singleturn|p1a: Amoonguss|move: Rage Powder\n|move|p2a: Miraidon|Dazzling Gleam|p1a: Amoonguss|[spread] p1a,p1b\n|-resisted|p1a: Amoonguss\n|-damage|p1a: Amoonguss|76\/100\n|-damage|p1b: Calyrex|74\/100\n|move|p2b: Chi-Yu|Heat Wave|p1a: Amoonguss|[spread] p1b\n|-miss|p2b: Chi-Yu|p1a: Amoonguss\n|-resisted|p1b: Calyrex\n|-damage|p1b: Calyrex|61\/100\n|move|p1b: Calyrex|Glacial Lance|p2b: Chi-Yu|[spread] p2a,p2b\n|-resisted|p2b: Chi-Yu\n|-damage|p2a: Miraidon|43\/100\n|-damage|p2b: Chi-Yu|53\/100\n|\n|upkeep\n|turn|2\n|inactive|esotico has 30 seconds left.\n|inactive|squig mingus has 30 seconds left.\n|\n|t:|1739221944\n|move|p2b: Chi-Yu|Protect|p2b: Chi-Yu\n|-singleturn|p2b: Chi-Yu|Protect\n|move|p1a: Amoonguss|Protect|p1a: Amoonguss\n|-singleturn|p1a: Amoonguss|Protect\n|move|p2a: Miraidon|Volt Switch|p1a: Amoonguss\n|-activate|p1a: Amoonguss|move: Protect\n|move|p1b: Calyrex|High Horsepower|p2b: Chi-Yu\n|-activate|p2b: Chi-Yu|move: Protect\n|\n|upkeep\n|turn|3\n|\n|t:|1739221965\n|move|p1a: Amoonguss|Rage Powder|p1a: Amoonguss\n|-singleturn|p1a: Amoonguss|move: Rage Powder\n|move|p2a: Miraidon|Electro Drift|p1a: Amoonguss\n|-resisted|p1a: Amoonguss\n|-damage|p1a: Amoonguss|22\/100\n|-damage|p2a: Miraidon|26\/100|[from] item: Rocky Helmet|[of] p1a: Amoonguss\n|move|p2b: Chi-Yu|Dark Pulse|p1a: Amoonguss\n|-damage|p1a: Amoonguss|0 fnt\n|faint|p1a: Amoonguss\n|move|p1b: Calyrex|High Horsepower|p2b: Chi-Yu\n|-supereffective|p2b: Chi-Yu\n|-damage|p2b: Chi-Yu|0 fnt\n|faint|p2b: Chi-Yu\n|-ability|p1b: Calyrex|Chilling Neigh|boost\n|-boost|p1b: Calyrex|atk|1\n|\n|upkeep\n|\n|t:|1739221984\n|switch|p2b: Gholdengo|Gholdengo, L50|100\/100\n|switch|p1a: Iron Valiant|Iron Valiant, L50, shiny|100\/100\n|-activate|p1a: Iron Valiant|ability: Quark Drive\n|-start|p1a: Iron Valiant|quarkdrivespe\n|turn|4\n|\n|t:|1739222005\n|move|p1a: Iron Valiant|Spirit Break|p2a: Miraidon\n|-damage|p2a: Miraidon|0 fnt\n|faint|p2a: Miraidon\n|move|p2b: Gholdengo|Thunderbolt|p1b: Calyrex\n|-supereffective|p1b: Calyrex\n|-damage|p1b: Calyrex|8\/100\n|-status|p1b: Calyrex|par\n|move|p1b: Calyrex|High Horsepower|p2b: Gholdengo\n|-supereffective|p2b: Gholdengo\n|-damage|p2b: Gholdengo|0 fnt\n|faint|p2b: Gholdengo\n|-ability|p1b: Calyrex|Chilling Neigh|boost\n|-boost|p1b: Calyrex|atk|1\n|\n|upkeep\n|j| 2-2-2 Ape\n|l| 2-2-2 Ape\n|\n|t:|1739222021\n|switch|p2b: Dragonite|Dragonite, L50, M|100\/100\n|turn|5\n|\n|t:|1739222037\n|move|p1a: Iron Valiant|Spirit Break|p2b: Dragonite\n|-supereffective|p2b: Dragonite\n|-damage|p2b: Dragonite|68\/100\n|-unboost|p2b: Dragonite|spa|1\n|move|p2b: Dragonite|Iron Head|p1b: Calyrex\n|-resisted|p1b: Calyrex\n|-damage|p1b: Calyrex|0 fnt\n|faint|p1b: Calyrex\n|\n|-fieldend|move: Electric Terrain\n|-end|p1a: Iron Valiant|Quark Drive\n|upkeep\n|-enditem|p1a: Iron Valiant|Booster Energy\n|-activate|p1a: Iron Valiant|ability: Quark Drive|[fromitem]\n|-start|p1a: Iron Valiant|quarkdrivespe\n|\n|t:|1739222044\n|switch|p1b: Ogerpon|Ogerpon-Hearthflame, L50, F|100\/100\n|-ability|p1b: Ogerpon|Mold Breaker\n|turn|6\n|\n|t:|1739222052\n|move|p1a: Iron Valiant|Spirit Break|p2b: Dragonite\n|-supereffective|p2b: Dragonite\n|-damage|p2b: Dragonite|10\/100\n|-unboost|p2b: Dragonite|spa|1\n|move|p1b: Ogerpon|Ivy Cudgel|p2b: Dragonite|[anim] Ivy Cudgel Fire\n|-resisted|p2b: Dragonite\n|-damage|p2b: Dragonite|0 fnt\n|faint|p2b: Dragonite\n|\n|win|esotico\n|raw|esotico's rating: 1565 &rarr; <strong>1585<\/strong><br \/>(+20 for winning)\n|raw|squig mingus's rating: 1568 &rarr; <strong>1548<\/strong><br \/>(-20 for losing)\n|l|\u2606squig mingus\n|player|p2|\n|l|\u2606esotico\n|player|p1|\n","uploadtime":1739222314,"views":4,"formatid":"gen9vgc2025regg","rating":1548,"private":0,"password":null}