{"id":"gen9vgc2025regg-2298319822","format":"[Gen 9] VGC 2025 Reg G","players":["BellmanTGM","Bougie Oatmeal"],"log":"|j|\u2606BellmanTGM\n|j|\u2606Bougie Oatmeal\n|t:|1739230836\n|gametype|doubles\n|player|p1|BellmanTGM|pokefan-gen4|1562\n|player|p2|Bougie Oatmeal|rowan|1572\n|teamsize|p1|6\n|teamsize|p2|6\n|gen|9\n|tier|[Gen 9] VGC 2025 Reg G\n|rated|\n|rule|Species Clause: Limit one of each Pok\u00e9mon\n|rule|Item Clause: Limit 1 of each item\n|clearpoke\n|poke|p1|Terapagos, L50, M|\n|poke|p1|Indeedee-F, L50, F|\n|poke|p1|Ogerpon-Cornerstone, L50, F|\n|poke|p1|Urshifu-*, L50, F|\n|poke|p1|Tornadus, L50, M|\n|poke|p1|Clefairy, L50, M|\n|poke|p2|Calyrex-Shadow, L50|\n|poke|p2|Indeedee-F, L50, F|\n|poke|p2|Ogerpon-Hearthflame, L50, F|\n|poke|p2|Iron Jugulis, L50|\n|poke|p2|Iron Hands, L50|\n|poke|p2|Urshifu-*, L50, F|\n|teampreview|4\n|inactive|Battle timer is ON: inactive players will automatically lose when time's up. (requested by Bougie Oatmeal)\n|inactive|BellmanTGM also wants the timer to be on.\n|\n|t:|1739230862\n|start\n|switch|p1a: Terapagos|Terapagos, L50, M|100\/100\n|switch|p1b: Indeedee|Indeedee-F, L50, F|100\/100\n|switch|p2a: Hallothreen|Iron Jugulis, L50|100\/100\n|switch|p2b: Proshokza|Iron Hands, L50|100\/100\n|-activate|p1a: Terapagos|ability: Tera Shift\n|detailschange|p1a: Terapagos|Terapagos-Terastal, L50, M\n|-heal|p1a: Terapagos|100\/100|[silent]\n|-fieldstart|move: Psychic Terrain|[from] ability: Psychic Surge|[of] p1b: Indeedee\n|-enditem|p1b: Indeedee|Psychic Seed\n|-boost|p1b: Indeedee|spd|1|[from] item: Psychic Seed\n|-enditem|p2a: Hallothreen|Booster Energy\n|-activate|p2a: Hallothreen|ability: Quark Drive|[fromitem]\n|-start|p2a: Hallothreen|quarkdrivespe\n|turn|1\n|\n|t:|1739230882\n|-terastallize|p1a: Terapagos|Stellar\n|detailschange|p1a: Terapagos|Terapagos-Stellar, L50, M, tera:Stellar\n|-heal|p1a: Terapagos|100\/100|[silent]\n|-ability|p1a: Terapagos|Teraform Zero\n|-fieldend|move: Psychic Terrain\n|move|p1b: Indeedee|Fake Out|p2a: Hallothreen\n|-damage|p2a: Hallothreen|92\/100\n|cant|p2a: Hallothreen|flinch\n|move|p1a: Terapagos|Tera Starstorm|p2a: Hallothreen|[spread] p2a,p2b\n|-damage|p2a: Hallothreen|35\/100\n|-damage|p2b: Proshokza|71\/100\n|move|p2b: Proshokza|Drain Punch|p1b: Indeedee\n|-damage|p1b: Indeedee|64\/100\n|-heal|p2b: Proshokza|83\/100|[from] drain|[of] p1b: Indeedee\n|\n|upkeep\n|turn|2\n|\n|t:|1739230902\n|switch|p1a: Tornadus|Tornadus, L50, M|100\/100\n|move|p2a: Hallothreen|Snarl|p1a: Tornadus|[spread] p1a,p1b\n|-supereffective|p1b: Indeedee\n|-damage|p1a: Tornadus|82\/100\n|-damage|p1b: Indeedee|37\/100\n|-unboost|p1b: Indeedee|spa|1\n|move|p1b: Indeedee|Psychic|p2b: Proshokza\n|-supereffective|p2b: Proshokza\n|-damage|p2b: Proshokza|61\/100\n|move|p2b: Proshokza|Drain Punch|p1a: Tornadus\n|-resisted|p1a: Tornadus\n|-damage|p1a: Tornadus|62\/100\n|-heal|p2b: Proshokza|68\/100|[from] drain|[of] p1a: Tornadus\n|\n|upkeep\n|turn|3\n|\n|t:|1739230916\n|move|p1a: Tornadus|Tailwind|p1a: Tornadus\n|-sidestart|p1: BellmanTGM|move: Tailwind\n|move|p2a: Hallothreen|Tailwind|p2a: Hallothreen\n|-sidestart|p2: Bougie Oatmeal|move: Tailwind\n|move|p1b: Indeedee|Psychic|p2b: Proshokza\n|-supereffective|p2b: Proshokza\n|-damage|p2b: Proshokza|47\/100\n|move|p2b: Proshokza|Drain Punch|p1b: Indeedee\n|-damage|p1b: Indeedee|0 fnt\n|-heal|p2b: Proshokza|60\/100|[from] drain|[of] p1b: Indeedee\n|faint|p1b: Indeedee\n|\n|upkeep\n|\n|t:|1739230928\n|switch|p1b: Terapagos|Terapagos-Stellar, L50, M, tera:Stellar|100\/100\n|turn|4\n|\n|t:|1739230937\n|move|p2a: Hallothreen|Snarl|p1a: Tornadus|[spread] p1a,p1b\n|-damage|p1a: Tornadus|44\/100\n|-damage|p1b: Terapagos|89\/100\n|-unboost|p1b: Terapagos|spa|1\n|move|p1a: Tornadus|Bleakwind Storm|p2a: Hallothreen|[spread] p2a,p2b\n|-damage|p2a: Hallothreen|1\/100\n|-damage|p2b: Proshokza|43\/100\n|-unboost|p2b: Proshokza|spe|1\n|move|p1b: Terapagos|Tera Starstorm|p2a: Hallothreen|[spread] p2a,p2b\n|-damage|p2a: Hallothreen|0 fnt\n|-damage|p2b: Proshokza|22\/100\n|faint|p2a: Hallothreen\n|-end|p2a: Hallothreen|Quark Drive|[silent]\n|move|p2b: Proshokza|Wild Charge|p1a: Tornadus\n|-supereffective|p1a: Tornadus\n|-damage|p1a: Tornadus|0 fnt\n|faint|p1a: Tornadus\n|-damage|p2b: Proshokza|15\/100|[from] Recoil\n|\n|upkeep\n|\n|t:|1739230956\n|switch|p2a: Arizona|Ogerpon-Hearthflame, L50, F|100\/100\n|switch|p1a: Ogerpon|Ogerpon-Cornerstone, L50, F|100\/100\n|-ability|p2a: Arizona|Mold Breaker\n|turn|5\n|\n|t:|1739230960\n|move|p2a: Arizona|Spiky Shield|p2a: Arizona\n|-singleturn|p2a: Arizona|move: Protect\n|move|p1a: Ogerpon|Ivy Cudgel|p2a: Arizona|[anim] Ivy Cudgel Rock\n|-activate|p2a: Arizona|move: Protect\n|move|p1b: Terapagos|Tera Starstorm|p2a: Arizona|[spread] p2b\n|-activate|p2a: Arizona|move: Protect\n|-damage|p2b: Proshokza|0 fnt\n|faint|p2b: Proshokza\n|-end|p2b: Proshokza|Quark Drive|[silent]\n|\n|upkeep\n|\n|t:|1739230963\n|switch|p2b: Laotzulowei|Urshifu-Rapid-Strike, L50, F|100\/100\n|turn|6\n|\n|t:|1739230984\n|move|p2b: Laotzulowei|Close Combat|p1b: Terapagos\n|-supereffective|p1b: Terapagos\n|-damage|p1b: Terapagos|6\/100\n|-unboost|p2b: Laotzulowei|def|1\n|-unboost|p2b: Laotzulowei|spd|1\n|move|p2a: Arizona|Ivy Cudgel|p1b: Terapagos|[anim] Ivy Cudgel Fire\n|-damage|p1b: Terapagos|0 fnt\n|faint|p1b: Terapagos\n|move|p1a: Ogerpon|Ivy Cudgel|p2a: Arizona|[anim] Ivy Cudgel Rock\n|-supereffective|p2a: Arizona\n|-damage|p2a: Arizona|0 fnt\n|faint|p2a: Arizona\n|\n|-sideend|p2: Bougie Oatmeal|move: Tailwind\n|-sideend|p1: BellmanTGM|move: Tailwind\n|upkeep\n|turn|7\n|j| Beanshuh\n|\n|t:|1739230999\n|move|p2b: Laotzulowei|Close Combat|p1a: Ogerpon\n|-supereffective|p1a: Ogerpon\n|-ability|p1a: Ogerpon|Sturdy\n|-damage|p1a: Ogerpon|1\/100\n|-unboost|p2b: Laotzulowei|def|1\n|-unboost|p2b: Laotzulowei|spd|1\n|move|p1a: Ogerpon|Power Whip|p2b: Laotzulowei\n|-supereffective|p2b: Laotzulowei\n|-damage|p2b: Laotzulowei|0 fnt\n|faint|p2b: Laotzulowei\n|\n|win|BellmanTGM\n|raw|BellmanTGM's rating: 1562 &rarr; <strong>1583<\/strong><br \/>(+21 for winning)\n|raw|Bougie Oatmeal's rating: 1572 &rarr; <strong>1551<\/strong><br \/>(-21 for losing)\n|l|\u2606Bougie Oatmeal\n|player|p2|\n|l|\u2606BellmanTGM\n|player|p1|\n|l| Beanshuh\n","uploadtime":1739231168,"views":12,"formatid":"gen9vgc2025regg","rating":1551,"private":0,"password":null}