{"id":"gen9vgc2025regg-2298044970","format":"[Gen 9] VGC 2025 Reg G","players":["Kunikamaze","Jawonblue"],"log":"|j|\u2606Kunikamaze\n|j|\u2606Jawonblue\n|t:|1739202646\n|gametype|doubles\n|player|p1|Kunikamaze|170|1508\n|player|p2|Jawonblue|265|1595\n|teamsize|p1|6\n|teamsize|p2|6\n|gen|9\n|tier|[Gen 9] VGC 2025 Reg G\n|rated|\n|rule|Species Clause: Limit one of each Pok\u00e9mon\n|rule|Item Clause: Limit 1 of each item\n|clearpoke\n|poke|p1|Calyrex-Shadow, L50|\n|poke|p1|Maushold-Four, L50|\n|poke|p1|Weezing-Galar, L50, M|\n|poke|p1|Dondozo, L50, F|\n|poke|p1|Tatsugiri-Droopy, L50, F|\n|poke|p1|Mienshao, L50, F|\n|poke|p2|Eternatus, L50|\n|poke|p2|Oranguru, L50, F|\n|poke|p2|Kingambit, L50, F|\n|poke|p2|Enamorus-Therian, L50, F|\n|poke|p2|Iron Treads, L50|\n|poke|p2|Urshifu-*, L50, M|\n|teampreview|4\n|inactive|Battle timer is ON: inactive players will automatically lose when time's up. (requested by Jawonblue)\n|j| 1212kkekrk\n|j| UI Rain\n|inactive|Kunikamaze has 60 seconds left.\n|inactive|Jawonblue has 60 seconds left.\n|c|\u2606Kunikamaze|Specs sludge wave?\n|c|\u2606Jawonblue|close\n|inactive|Kunikamaze has 30 seconds left.\n|inactive|Kunikamaze has 20 seconds left.\n|\n|t:|1739202721\n|start\n|switch|p1a: Calyrex|Calyrex-Shadow, L50|100\/100\n|switch|p1b: Maushold|Maushold-Four, L50|100\/100\n|switch|p2a: Urshifu|Urshifu-Rapid-Strike, L50, M|100\/100\n|switch|p2b: Oranguru|Oranguru, L50, F, shiny|100\/100\n|-ability|p1a: Calyrex|As One\n|-ability|p1a: Calyrex|Unnerve\n|turn|1\n|j| lyqvgc\n|inactive|Kunikamaze has 30 seconds left.\n|inactive|Jawonblue has 30 seconds left.\n|\n|t:|1739202761\n|-terastallize|p2a: Urshifu|Water\n|move|p1b: Maushold|Follow Me|p1b: Maushold\n|-singleturn|p1b: Maushold|move: Follow Me\n|move|p1a: Calyrex|Pollen Puff|p2b: Oranguru\n|-supereffective|p2b: Oranguru\n|-damage|p2b: Oranguru|33\/100\n|move|p2a: Urshifu|Surging Strikes|p1b: Maushold\n|-crit|p1b: Maushold\n|-damage|p1b: Maushold|73\/100\n|-damage|p2a: Urshifu|84\/100|[from] item: Rocky Helmet|[of] p1b: Maushold\n|-crit|p1b: Maushold\n|-damage|p1b: Maushold|47\/100\n|-damage|p2a: Urshifu|67\/100|[from] item: Rocky Helmet|[of] p1b: Maushold\n|-crit|p1b: Maushold\n|-damage|p1b: Maushold|22\/100\n|-damage|p2a: Urshifu|50\/100|[from] item: Rocky Helmet|[of] p1b: Maushold\n|-hitcount|p1b: Maushold|3\n|move|p2b: Oranguru|Trick Room|p2b: Oranguru\n|-fieldstart|move: Trick Room|[of] p2b: Oranguru\n|\n|upkeep\n|turn|2\n|inactive|Kunikamaze has 30 seconds left.\n|inactive|Jawonblue has 30 seconds left.\n|inactive|Kunikamaze has 20 seconds left.\n|inactive|Kunikamaze has 15 seconds left.\n|\n|t:|1739202802\n|switch|p1a: Weezing|Weezing-Galar, L50, M|100\/100\n|-ability|p1a: Weezing|Neutralizing Gas\n|move|p2b: Oranguru|Protect|p2b: Oranguru\n|-singleturn|p2b: Oranguru|Protect\n|move|p1b: Maushold|Protect|p1b: Maushold\n|-singleturn|p1b: Maushold|Protect\n|move|p2a: Urshifu|Surging Strikes|p1a: Weezing\n|-crit|p1a: Weezing\n|-damage|p1a: Weezing|78\/100\n|-crit|p1a: Weezing\n|-damage|p1a: Weezing|55\/100\n|-crit|p1a: Weezing\n|-damage|p1a: Weezing|32\/100\n|-hitcount|p1a: Weezing|3\n|\n|upkeep\n|turn|3\n|\n|t:|1739202827\n|switch|p2b: Enamorus|Enamorus-Therian, L50, F|100\/100\n|move|p1b: Maushold|Follow Me|p1b: Maushold\n|-singleturn|p1b: Maushold|move: Follow Me\n|move|p1a: Weezing|Strange Steam|p2b: Enamorus\n|-damage|p2b: Enamorus|71\/100\n|move|p2a: Urshifu|Surging Strikes|p1b: Maushold\n|-crit|p1b: Maushold\n|-damage|p1b: Maushold|0 fnt\n|-damage|p2a: Urshifu|34\/100|[from] item: Rocky Helmet|[of] p1b: Maushold\n|faint|p1b: Maushold\n|-hitcount|p1: Maushold|1\n|\n|upkeep\n|\n|t:|1739202838\n|switch|p1b: Mienshao|Mienshao, L50, F|100\/100\n|turn|4\n|\n|t:|1739202845\n|move|p1b: Mienshao|Fake Out|p2b: Enamorus\n|-damage|p2b: Enamorus|59\/100\n|cant|p2b: Enamorus|flinch\n|move|p1a: Weezing|Strange Steam|p2a: Urshifu\n|-damage|p2a: Urshifu|0 fnt\n|faint|p2a: Urshifu\n|\n|upkeep\n|\n|t:|1739202856\n|switch|p2a: Oranguru|Oranguru, L50, F, shiny|33\/100\n|turn|5\n|\n|t:|1739202876\n|move|p1b: Mienshao|Wide Guard|p1b: Mienshao\n|-singleturn|p1b: Mienshao|Wide Guard\n|move|p2b: Enamorus|Moonblast|p1a: Weezing\n|-resisted|p1a: Weezing\n|-damage|p1a: Weezing|0 fnt\n|faint|p1a: Weezing\n|-end|p1a: Weezing|ability: Neutralizing Gas\n|move|p2a: Oranguru|Instruct|p2b: Enamorus\n|-singleturn|p2b: Enamorus|move: Instruct|[of] p2a: Oranguru\n|move|p2b: Enamorus|Moonblast|p1b: Mienshao\n|-supereffective|p1b: Mienshao\n|-enditem|p1b: Mienshao|Focus Sash\n|-damage|p1b: Mienshao|1\/100\n|\n|-fieldend|move: Trick Room\n|upkeep\n|inactive|Kunikamaze has 30 seconds left.\n|\n|t:|1739202906\n|switch|p1a: Calyrex|Calyrex-Shadow, L50|100\/100\n|-ability|p1a: Calyrex|As One\n|-ability|p1a: Calyrex|Unnerve\n|turn|6\n|j| dragondrivevgc\n|\n|t:|1739202925\n|-terastallize|p1a: Calyrex|Ghost\n|move|p1a: Calyrex|Astral Barrage|p2a: Oranguru|[spread] p2b\n|-immune|p2a: Oranguru\n|-damage|p2b: Enamorus|0 fnt\n|faint|p2b: Enamorus\n|-ability|p1a: Calyrex|Grim Neigh|boost\n|-boost|p1a: Calyrex|spa|1\n|move|p1b: Mienshao|Close Combat|p2a: Oranguru\n|-damage|p2a: Oranguru|0 fnt\n|-unboost|p1b: Mienshao|def|1\n|-unboost|p1b: Mienshao|spd|1\n|faint|p2a: Oranguru\n|\n|upkeep\n|\n|t:|1739202931\n|switch|p2b: Eternatus|Eternatus, L50|100\/100\n|-ability|p2b: Eternatus|Pressure\n|turn|7\n|\n|t:|1739202943\n|move|p1a: Calyrex|Astral Barrage|p2b: Eternatus\n|-damage|p2b: Eternatus|0 fnt\n|faint|p2b: Eternatus\n|\n|win|Kunikamaze\n|raw|Kunikamaze's rating: 1508 &rarr; <strong>1533<\/strong><br \/>(+25 for winning)\n|raw|Jawonblue's rating: 1595 &rarr; <strong>1570<\/strong><br \/>(-25 for losing)\n|c|\u2606Kunikamaze|Gg\n|c|\u2606Jawonblue|gg\n|l|\u2606Jawonblue\n|player|p2|\n|l|\u2606Kunikamaze\n|player|p1|\n|l| dragondrivevgc\n|l| lyqvgc\n","uploadtime":1739203191,"views":15,"formatid":"gen9vgc2025regg","rating":1533,"private":0,"password":null}