{"id":"gen9vgc2025regg-2298056572","format":"[Gen 9] VGC 2025 Reg G","players":["GlobalWinner","liamvgc01"],"log":"|j|\u2606GlobalWinner\n|j|\u2606liamvgc01\n|t:|1739203823\n|gametype|doubles\n|player|p1|GlobalWinner|pokekid|1590\n|player|p2|liamvgc01|red|1625\n|teamsize|p1|6\n|teamsize|p2|6\n|gen|9\n|tier|[Gen 9] VGC 2025 Reg G\n|rated|\n|rule|Species Clause: Limit one of each Pok\u00e9mon\n|rule|Item Clause: Limit 1 of each item\n|clearpoke\n|poke|p1|Eternatus, L50|\n|poke|p1|Flutter Mane, L50|\n|poke|p1|Incineroar, L50, M|\n|poke|p1|Ditto, L50|\n|poke|p1|Urshifu-*, L50, M|\n|poke|p1|Rillaboom, L50, M|\n|poke|p2|Amoonguss, L50, F|\n|poke|p2|Ogerpon-Cornerstone, L50, F|\n|poke|p2|Urshifu-*, L50, F|\n|poke|p2|Whimsicott, L50, M|\n|poke|p2|Landorus, L50, M|\n|poke|p2|Calyrex-Ice, L50|\n|teampreview|4\n|inactive|Battle timer is ON: inactive players will automatically lose when time's up. (requested by liamvgc01)\n|\n|t:|1739203845\n|start\n|switch|p1a: Urshifu|Urshifu-Rapid-Strike, L50, M|100\/100\n|switch|p1b: Eternatus|Eternatus, L50|100\/100\n|switch|p2a: Whimsicott|Whimsicott, L50, M|100\/100\n|switch|p2b: Urshifu|Urshifu-Rapid-Strike, L50, F|100\/100\n|-ability|p1b: Eternatus|Pressure\n|turn|1\n|j| Baguettezzz\n|\n|t:|1739203865\n|move|p2a: Whimsicott|Tailwind|p2a: Whimsicott\n|-sidestart|p2: liamvgc01|move: Tailwind\n|move|p2b: Urshifu|Surging Strikes|p1a: Urshifu\n|-resisted|p1a: Urshifu\n|-crit|p1a: Urshifu\n|-damage|p1a: Urshifu|91\/100\n|-resisted|p1a: Urshifu\n|-crit|p1a: Urshifu\n|-damage|p1a: Urshifu|81\/100\n|-resisted|p1a: Urshifu\n|-crit|p1a: Urshifu\n|-damage|p1a: Urshifu|70\/100\n|-hitcount|p1a: Urshifu|3\n|move|p1a: Urshifu|U-turn|p2b: Urshifu\n|-resisted|p2b: Urshifu\n|-damage|p2b: Urshifu|86\/100\n|\n|t:|1739203869\n|switch|p1a: Incineroar|Incineroar, L50, M|100\/100|[from] U-turn\n|-ability|p1a: Incineroar|Intimidate|boost\n|-unboost|p2a: Whimsicott|atk|1\n|-unboost|p2b: Urshifu|atk|1\n|move|p1b: Eternatus|Sludge Bomb|p2a: Whimsicott\n|-supereffective|p2a: Whimsicott\n|-damage|p2a: Whimsicott|0 fnt\n|faint|p2a: Whimsicott\n|\n|upkeep\n|\n|t:|1739203874\n|switch|p2a: Calyrex|Calyrex-Ice, L50|100\/100\n|-ability|p2a: Calyrex|As One\n|-ability|p2a: Calyrex|Unnerve\n|turn|2\n|j| lyqvgc\n|\n|t:|1739203898\n|switch|p1a: Urshifu|Urshifu-Rapid-Strike, L50, M|70\/100\n|-terastallize|p1b: Eternatus|Fairy\n|move|p2b: Urshifu|Detect|p2b: Urshifu\n|-singleturn|p2b: Urshifu|Protect\n|move|p2a: Calyrex|Protect|p2a: Calyrex\n|-singleturn|p2a: Calyrex|Protect\n|move|p1b: Eternatus|Dynamax Cannon|p2a: Calyrex\n|-activate|p2a: Calyrex|move: Protect\n|\n|upkeep\n|turn|3\n|\n|t:|1739203912\n|-terastallize|p2b: Urshifu|Water\n|move|p2b: Urshifu|Surging Strikes|p1b: Eternatus\n|-crit|p1b: Eternatus\n|-damage|p1b: Eternatus|79\/100\n|-crit|p1b: Eternatus\n|-damage|p1b: Eternatus|55\/100\n|-crit|p1b: Eternatus\n|-damage|p1b: Eternatus|32\/100\n|-hitcount|p1b: Eternatus|3\n|move|p1a: Urshifu|U-turn|p2a: Calyrex\n|-supereffective|p2a: Calyrex\n|-damage|p2a: Calyrex|68\/100\n|\n|t:|1739203919\n|switch|p1a: Incineroar|Incineroar, L50, M|100\/100|[from] U-turn\n|-ability|p1a: Incineroar|Intimidate|boost\n|-fail|p2a: Calyrex|unboost|[from] item: Clear Amulet|[of] p2a: Calyrex\n|-unboost|p2b: Urshifu|atk|1\n|move|p1b: Eternatus|Dynamax Cannon|p2a: Calyrex\n|-damage|p2a: Calyrex|25\/100\n|move|p2a: Calyrex|Glacial Lance|p1b: Eternatus|[spread] p1a,p1b\n|-resisted|p1a: Incineroar\n|-damage|p1a: Incineroar|76\/100\n|-damage|p1b: Eternatus|0 fnt\n|faint|p1b: Eternatus\n|-ability|p2a: Calyrex|Chilling Neigh|boost\n|-boost|p2a: Calyrex|atk|1\n|\n|upkeep\n|\n|t:|1739203921\n|switch|p1b: Ditto|Ditto, L50, shiny|100\/100\n|-transform|p1b: Ditto|p2a: Calyrex|[from] ability: Imposter\n|-ability|p1b: Ditto|As One\n|-ability|p1b: Ditto|Unnerve\n|turn|4\n|\n|t:|1739203939\n|move|p2b: Urshifu|Detect|p2b: Urshifu\n|-singleturn|p2b: Urshifu|Protect\n|move|p1a: Incineroar|Fake Out|p2b: Urshifu\n|-activate|p2b: Urshifu|move: Protect\n|move|p2a: Calyrex|High Horsepower|p1a: Incineroar\n|-supereffective|p1a: Incineroar\n|-damage|p1a: Incineroar|0 fnt\n|faint|p1a: Incineroar\n|-ability|p2a: Calyrex|Chilling Neigh|boost\n|-boost|p2a: Calyrex|atk|1\n|move|p1b: Ditto|Trick Room|p1b: Ditto\n|-fieldstart|move: Trick Room|[of] p1b: Ditto\n|\n|-sideend|p2: liamvgc01|move: Tailwind\n|upkeep\n|\n|t:|1739203941\n|switch|p1a: Urshifu|Urshifu-Rapid-Strike, L50, M|70\/100\n|turn|5\n|\n|t:|1739203958\n|move|p1b: Ditto|High Horsepower|p2a: Calyrex\n|-damage|p2a: Calyrex|0 fnt\n|faint|p2a: Calyrex\n|-ability|p1b: Ditto|Chilling Neigh|boost\n|-boost|p1b: Ditto|atk|1\n|move|p2b: Urshifu|Surging Strikes|p1b: Ditto\n|-crit|p1b: Ditto\n|-damage|p1b: Ditto|79\/100\n|-crit|p1b: Ditto\n|-damage|p1b: Ditto|57\/100\n|-crit|p1b: Ditto\n|-damage|p1b: Ditto|35\/100\n|-hitcount|p1b: Ditto|3\n|move|p1a: Urshifu|Close Combat|p2b: Urshifu\n|-damage|p2b: Urshifu|11\/100\n|-unboost|p1a: Urshifu|def|1\n|-unboost|p1a: Urshifu|spd|1\n|\n|upkeep\n|\n|t:|1739203967\n|switch|p2a: Ogerpon|Ogerpon-Cornerstone, L50, F|100\/100\n|turn|6\n|\n|t:|1739203977\n|move|p2b: Urshifu|Detect|p2b: Urshifu\n|-singleturn|p2b: Urshifu|Protect\n|move|p1b: Ditto|Glacial Lance|p2a: Ogerpon|[spread] p2a\n|-activate|p2b: Urshifu|move: Protect\n|-supereffective|p2a: Ogerpon\n|-ability|p2a: Ogerpon|Sturdy\n|-damage|p2a: Ogerpon|1\/100\n|move|p2a: Ogerpon|Ivy Cudgel|p1b: Ditto|[anim] Ivy Cudgel Rock\n|-supereffective|p1b: Ditto\n|-crit|p1b: Ditto\n|-damage|p1b: Ditto|0 fnt\n|faint|p1b: Ditto\n|move|p1a: Urshifu|Close Combat|p2a: Ogerpon\n|-supereffective|p2a: Ogerpon\n|-damage|p2a: Ogerpon|0 fnt\n|-unboost|p1a: Urshifu|def|1\n|-unboost|p1a: Urshifu|spd|1\n|faint|p2a: Ogerpon\n|\n|upkeep\n|turn|7\n|\n|t:|1739203987\n|move|p2b: Urshifu|Surging Strikes|p1a: Urshifu\n|-resisted|p1a: Urshifu\n|-crit|p1a: Urshifu\n|-damage|p1a: Urshifu|43\/100\n|-resisted|p1a: Urshifu\n|-crit|p1a: Urshifu\n|-damage|p1a: Urshifu|17\/100\n|-resisted|p1a: Urshifu\n|-crit|p1a: Urshifu\n|-damage|p1a: Urshifu|0 fnt\n|faint|p1a: Urshifu\n|-hitcount|p1: Urshifu|3\n|\n|win|liamvgc01\n|raw|GlobalWinner's rating: 1590 &rarr; <strong>1572<\/strong><br \/>(-18 for losing)\n|raw|liamvgc01's rating: 1625 &rarr; <strong>1643<\/strong><br \/>(+18 for winning)\n|l|\u2606GlobalWinner\n|player|p1|\n|l|\u2606liamvgc01\n|player|p2|\n|l| Baguettezzz\n|l| lyqvgc\n","uploadtime":1739204160,"views":12,"formatid":"gen9vgc2025regg","rating":1572,"private":0,"password":null}