{"id":"gen9vgc2025regg-2298998752","format":"[Gen 9] VGC 2025 Reg G","players":["YxngDaws","Iamsliverfish"],"log":"|j|\u2606YxngDaws\n|j|\u2606Iamsliverfish\n|t:|1739316859\n|gametype|doubles\n|player|p1|YxngDaws|169|1599\n|player|p2|Iamsliverfish|hiker-gen4|1821\n|teamsize|p1|6\n|teamsize|p2|6\n|gen|9\n|tier|[Gen 9] VGC 2025 Reg G\n|rated|\n|rule|Species Clause: Limit one of each Pok\u00e9mon\n|rule|Item Clause: Limit 1 of each item\n|clearpoke\n|poke|p1|Miraidon, L50|\n|poke|p1|Iron Hands, L50|\n|poke|p1|Farigiraf, L50, M|\n|poke|p1|Whimsicott, L50, M|\n|poke|p1|Incineroar, L50, F|\n|poke|p1|Urshifu-*, L50, F|\n|poke|p2|Calyrex-Shadow, L50|\n|poke|p2|Ursaluna, L50, F|\n|poke|p2|Indeedee-F, L50, F|\n|poke|p2|Ogerpon-Wellspring, L50, F|\n|poke|p2|Tornadus, L50, M|\n|poke|p2|Chi-Yu, L50|\n|teampreview|4\n|j| dialgasucksnow\n|l| dialgasucksnow\n|l|\u2606YxngDaws\n|player|p1|\n|j|\u2606YxngDaws\n|player|p1|YxngDaws|169|\n|\n|t:|1739316935\n|start\n|switch|p1a: Miraidon|Miraidon, L50|100\/100\n|switch|p1b: Farigiraf|Farigiraf, L50, M|100\/100\n|switch|p2a: Indeedee|Indeedee-F, L50, F|100\/100\n|switch|p2b: Calyrex|Calyrex-Shadow, L50|100\/100\n|-ability|p2b: Calyrex|As One\n|-ability|p2b: Calyrex|Unnerve\n|-fieldstart|move: Electric Terrain|[from] ability: Hadron Engine|[of] p1a: Miraidon\n|-enditem|p1b: Farigiraf|Electric Seed\n|-boost|p1b: Farigiraf|def|1|[from] item: Electric Seed\n|-fieldstart|move: Psychic Terrain|[from] ability: Psychic Surge|[of] p2a: Indeedee\n|turn|1\n|inactive|Battle timer is ON: inactive players will automatically lose when time's up. (requested by YxngDaws)\n|\n|t:|1739316954\n|switch|p1a: Incineroar|Incineroar, L50, F|100\/100\n|-ability|p1a: Incineroar|Intimidate|boost\n|-unboost|p2a: Indeedee|atk|1\n|-unboost|p2b: Calyrex|atk|1\n|-terastallize|p2b: Calyrex|Ground\n|move|p2a: Indeedee|Helping Hand|p2b: Calyrex\n|-singleturn|p2b: Calyrex|Helping Hand|[of] p2a: Indeedee\n|move|p2b: Calyrex|Expanding Force|p1b: Farigiraf|[spread] p1b\n|-immune|p1a: Incineroar\n|-resisted|p1b: Farigiraf\n|-damage|p1b: Farigiraf|36\/100\n|-damage|p2b: Calyrex|91\/100|[from] item: Life Orb\n|move|p1b: Farigiraf|Trick Room|p1b: Farigiraf\n|-fieldstart|move: Trick Room|[of] p1b: Farigiraf\n|\n|upkeep\n|turn|2\n|j| Meiser63\n|inactive|YxngDaws has 30 seconds left.\n|\n|t:|1739316979\n|switch|p2a: Ursaluna|Ursaluna, L50, F|100\/100\n|move|p2b: Calyrex|Protect|p2b: Calyrex\n|-singleturn|p2b: Calyrex|Protect\n|move|p1a: Incineroar|Taunt|p2a: Ursaluna\n|-start|p2a: Ursaluna|move: Taunt\n|move|p1b: Farigiraf|Psychic Noise|p2b: Calyrex\n|-activate|p2b: Calyrex|move: Protect\n|\n|-status|p2a: Ursaluna|brn|[from] item: Flame Orb\n|upkeep\n|turn|3\n|inactive|YxngDaws has 30 seconds left.\n|\n|t:|1739317007\n|-terastallize|p1a: Incineroar|Ghost\n|move|p2a: Ursaluna|Facade|p1b: Farigiraf\n|-damage|p1b: Farigiraf|0 fnt\n|faint|p1b: Farigiraf\n|move|p1a: Incineroar|Taunt|p2b: Calyrex\n|-start|p2b: Calyrex|move: Taunt\n|move|p2b: Calyrex|Tera Blast|p1a: Incineroar|[anim] Tera Blast Ground\n|-damage|p1a: Incineroar|50\/100\n|-damage|p2b: Calyrex|81\/100|[from] item: Life Orb\n|\n|-damage|p2a: Ursaluna|95\/100 brn|[from] brn\n|upkeep\n|\n|t:|1739317028\n|switch|p1b: Iron Hands|Iron Hands, L50|100\/100\n|turn|4\n|\n|t:|1739317036\n|move|p2a: Ursaluna|Headlong Rush|p1b: Iron Hands\n|-supereffective|p1b: Iron Hands\n|-damage|p1b: Iron Hands|0 fnt\n|-unboost|p2a: Ursaluna|def|1\n|-unboost|p2a: Ursaluna|spd|1\n|faint|p1b: Iron Hands\n|-end|p1b: Iron Hands|Quark Drive|[silent]\n|move|p1a: Incineroar|Parting Shot|p2b: Calyrex\n|-unboost|p2b: Calyrex|atk|1\n|-unboost|p2b: Calyrex|spa|1\n|c|\u2606YxngDaws|Lost the speed tie rip\n|\n|t:|1739317054\n|switch|p1a: Miraidon|Miraidon, L50|100\/100|[from] Parting Shot\n|-fieldstart|move: Electric Terrain|[from] ability: Hadron Engine|[of] p1a: Miraidon\n|move|p2b: Calyrex|Astral Barrage|p1a: Miraidon\n|-damage|p1a: Miraidon|54\/100\n|-damage|p2b: Calyrex|71\/100|[from] item: Life Orb\n|\n|-damage|p2a: Ursaluna|89\/100 brn|[from] brn\n|-end|p2a: Ursaluna|move: Taunt\n|upkeep\n|c|\u2606Iamsliverfish|Not ohko\n|c|\u2606Iamsliverfish|Seens no field\n|\n|t:|1739317067\n|switch|p1b: Incineroar|Incineroar, L50, F, tera:Ghost|50\/100\n|-ability|p1b: Incineroar|Intimidate|boost\n|-unboost|p2a: Ursaluna|atk|1\n|-unboost|p2b: Calyrex|atk|1\n|turn|5\n|\n|t:|1739317080\n|switch|p2b: Indeedee|Indeedee-F, L50, F|100\/100\n|-fieldstart|move: Psychic Terrain|[from] ability: Psychic Surge|[of] p2b: Indeedee\n|move|p1b: Incineroar|Fake Out|p2a: Ursaluna\n|-activate|p2a: Ursaluna|move: Psychic Terrain\n|move|p2a: Ursaluna|Headlong Rush|p1a: Miraidon\n|-supereffective|p1a: Miraidon\n|-damage|p1a: Miraidon|0 fnt\n|-unboost|p2a: Ursaluna|def|1\n|-unboost|p2a: Ursaluna|spd|1\n|faint|p1a: Miraidon\n|\n|-damage|p2a: Ursaluna|83\/100 brn|[from] brn\n|-fieldend|move: Trick Room\n|upkeep\n|turn|6\n|j| playrornds\n|-message|YxngDaws forfeited.\n|\n|win|Iamsliverfish\n|raw|YxngDaws's rating: 1599 &rarr; <strong>1590<\/strong><br \/>(-9 for losing)\n|raw|Iamsliverfish's rating: 1821 &rarr; <strong>1830<\/strong><br \/>(+9 for winning)\n|l|\u2606YxngDaws\n|player|p1|\n","uploadtime":1739317256,"views":7,"formatid":"gen9vgc2025regg","rating":1590,"private":0,"password":null}