{"id":"gen9vgc2025regg-2298199683","format":"[Gen 9] VGC 2025 Reg G","players":["TeumessianFox","BLiiNDProdiigy"],"log":"|j|\u2606TeumessianFox\n|j|\u2606BLiiNDProdiigy\n|t:|1739217662\n|gametype|doubles\n|player|p1|TeumessianFox|1|1587\n|player|p2|BLiiNDProdiigy|rocketgrunt|1648\n|teamsize|p1|6\n|teamsize|p2|6\n|gen|9\n|tier|[Gen 9] VGC 2025 Reg G\n|rated|\n|rule|Species Clause: Limit one of each Pok\u00e9mon\n|rule|Item Clause: Limit 1 of each item\n|clearpoke\n|poke|p1|Calyrex-Shadow, L50|\n|poke|p1|Chi-Yu, L50|\n|poke|p1|Grimmsnarl, L50, M|\n|poke|p1|Farigiraf, L50, M|\n|poke|p1|Urshifu-*, L50, M|\n|poke|p1|Whimsicott, L50, F|\n|poke|p2|Terapagos, L50, M|\n|poke|p2|Incineroar, L50, M|\n|poke|p2|Rillaboom, L50, M|\n|poke|p2|Urshifu-*, L50, M|\n|poke|p2|Flutter Mane, L50|\n|poke|p2|Ogerpon-Hearthflame, L50, F|\n|teampreview|4\nTeumessianFox rejected open team sheets.\n|j| Funn yIy\n|\n|t:|1739217690\n|start\n|switch|p1a: Urshifu|Urshifu-Rapid-Strike, L50, M|100\/100\n|switch|p1b: Farigiraf|Farigiraf, L50, M|100\/100\n|switch|p2a: Terapagos|Terapagos, L50, M|100\/100\n|switch|p2b: Incineroar|Incineroar, L50, M|100\/100\n|-activate|p2a: Terapagos|ability: Tera Shift\n|detailschange|p2a: Terapagos|Terapagos-Terastal, L50, M\n|-heal|p2a: Terapagos|100\/100|[silent]\n|-ability|p2b: Incineroar|Intimidate|boost\n|-unboost|p1a: Urshifu|atk|1\n|-unboost|p1b: Farigiraf|atk|1\n|turn|1\n|\n|t:|1739217722\n|move|p1a: Urshifu|Surging Strikes|p2a: Terapagos\n|-activate|p2a: Terapagos|ability: Tera Shell\n|-resisted|p2a: Terapagos\n|-crit|p2a: Terapagos\n|-damage|p2a: Terapagos|91\/100\n|-resisted|p2a: Terapagos\n|-crit|p2a: Terapagos\n|-damage|p2a: Terapagos|80\/100\n|-resisted|p2a: Terapagos\n|-crit|p2a: Terapagos\n|-damage|p2a: Terapagos|70\/100\n|-hitcount|p2a: Terapagos|3\n|move|p2a: Terapagos|Substitute|p2a: Terapagos\n|-start|p2a: Terapagos|Substitute\n|-damage|p2a: Terapagos|45\/100\n|move|p2b: Incineroar|Will-O-Wisp|p1a: Urshifu\n|-status|p1a: Urshifu|brn\n|move|p1b: Farigiraf|Thunder Wave||[still]\n|-fail|p1b: Farigiraf\n|\n|-heal|p2a: Terapagos|51\/100|[from] item: Leftovers\n|-damage|p1a: Urshifu|95\/100 brn|[from] brn\n|upkeep\n|turn|2\n|\n|t:|1739217760\n|move|p1b: Farigiraf|Helping Hand|p1a: Urshifu\n|-singleturn|p1a: Urshifu|Helping Hand|[of] p1b: Farigiraf\n|move|p1a: Urshifu|Surging Strikes|p2b: Incineroar\n|-supereffective|p2b: Incineroar\n|-crit|p2b: Incineroar\n|-damage|p2b: Incineroar|72\/100\n|-damage|p1a: Urshifu|78\/100 brn|[from] item: Rocky Helmet|[of] p2b: Incineroar\n|-supereffective|p2b: Incineroar\n|-crit|p2b: Incineroar\n|-damage|p2b: Incineroar|44\/100\n|-damage|p1a: Urshifu|62\/100 brn|[from] item: Rocky Helmet|[of] p2b: Incineroar\n|-supereffective|p2b: Incineroar\n|-crit|p2b: Incineroar\n|-damage|p2b: Incineroar|14\/100\n|-damage|p1a: Urshifu|45\/100 brn|[from] item: Rocky Helmet|[of] p2b: Incineroar\n|-hitcount|p2b: Incineroar|3\n|move|p2a: Terapagos|Calm Mind|p2a: Terapagos\n|-boost|p2a: Terapagos|spa|1\n|-boost|p2a: Terapagos|spd|1\n|move|p2b: Incineroar|Parting Shot|p1b: Farigiraf\n|-unboost|p1b: Farigiraf|atk|1\n|-unboost|p1b: Farigiraf|spa|1\n|\n|t:|1739217767\n|switch|p2b: Flutter Mane|Flutter Mane, L50|100\/100|[from] Parting Shot\n|-enditem|p2b: Flutter Mane|Booster Energy\n|-activate|p2b: Flutter Mane|ability: Protosynthesis|[fromitem]\n|-start|p2b: Flutter Mane|protosynthesisspe\n|\n|-heal|p2a: Terapagos|57\/100|[from] item: Leftovers\n|-damage|p1a: Urshifu|39\/100 brn|[from] brn\n|upkeep\n|turn|3\n|\n|t:|1739217781\n|move|p1a: Urshifu|Aqua Jet|p2b: Flutter Mane\n|-damage|p2b: Flutter Mane|88\/100\n|move|p2b: Flutter Mane|Moonblast|p1a: Urshifu\n|-supereffective|p1a: Urshifu\n|-damage|p1a: Urshifu|0 fnt\n|faint|p1a: Urshifu\n|move|p2a: Terapagos|Calm Mind|p2a: Terapagos\n|-boost|p2a: Terapagos|spa|1\n|-boost|p2a: Terapagos|spd|1\n|move|p1b: Farigiraf|Thunder Wave|p2b: Flutter Mane\n|-status|p2b: Flutter Mane|par\n|\n|-heal|p2a: Terapagos|62\/100|[from] item: Leftovers\n|upkeep\n|\n|t:|1739217795\n|switch|p1a: Calyrex|Calyrex-Shadow, L50|100\/100\n|-ability|p1a: Calyrex|As One\n|-ability|p1a: Calyrex|Unnerve\n|turn|4\n|\n|t:|1739217814\n|-terastallize|p2a: Terapagos|Stellar\n|detailschange|p2a: Terapagos|Terapagos-Stellar, L50, M, tera:Stellar\n|-heal|p2a: Terapagos|72\/100|[silent]\n|move|p1a: Calyrex|Astral Barrage|p2a: Terapagos|[spread] p2b\n|-immune|p2a: Terapagos\n|-supereffective|p2b: Flutter Mane\n|-damage|p2b: Flutter Mane|0 fnt\n|faint|p2b: Flutter Mane\n|-end|p2b: Flutter Mane|Protosynthesis|[silent]\n|-ability|p1a: Calyrex|Grim Neigh|boost\n|-boost|p1a: Calyrex|spa|1\n|move|p2a: Terapagos|Tera Starstorm|p1b: Farigiraf|[spread] p1a,p1b\n|-damage|p1a: Calyrex|28\/100\n|-damage|p1b: Farigiraf|35\/100\n|move|p1b: Farigiraf|Psychic|p2a: Terapagos\n|-activate|p2a: Terapagos|move: Substitute|[damage]\n|\n|-heal|p2a: Terapagos|78\/100|[from] item: Leftovers\n|upkeep\n|j| playrornds\n|\n|t:|1739217823\n|switch|p2b: Ogerpon|Ogerpon-Hearthflame, L50, F|100\/100\n|-ability|p2b: Ogerpon|Mold Breaker\n|turn|5\n|\n|t:|1739217845\n|move|p2b: Ogerpon|Spiky Shield|p2b: Ogerpon\n|-singleturn|p2b: Ogerpon|move: Protect\n|move|p2a: Terapagos|Protect|p2a: Terapagos\n|-singleturn|p2a: Terapagos|Protect\n|move|p1a: Calyrex|Psychic|p2a: Terapagos\n|-activate|p2a: Terapagos|move: Protect\n|move|p1b: Farigiraf|Psychic|p2a: Terapagos\n|-activate|p2a: Terapagos|move: Protect\n|\n|-heal|p2a: Terapagos|84\/100|[from] item: Leftovers\n|upkeep\n|turn|6\n|\n|t:|1739217866\n|move|p1a: Calyrex|Protect|p1a: Calyrex\n|-singleturn|p1a: Calyrex|Protect\n|move|p2b: Ogerpon|Follow Me|p2b: Ogerpon\n|-singleturn|p2b: Ogerpon|move: Follow Me\n|move|p2a: Terapagos|Tera Starstorm|p1a: Calyrex|[spread] p1b\n|-activate|p1a: Calyrex|move: Protect\n|-damage|p1b: Farigiraf|0 fnt\n|faint|p1b: Farigiraf\n|\n|-heal|p2a: Terapagos|91\/100|[from] item: Leftovers\n|upkeep\n|-message|TeumessianFox forfeited.\n|\n|win|BLiiNDProdiigy\n|raw|TeumessianFox's rating: 1587 &rarr; <strong>1570<\/strong><br \/>(-17 for losing)\n|raw|BLiiNDProdiigy's rating: 1648 &rarr; <strong>1665<\/strong><br \/>(+17 for winning)\n|l|\u2606TeumessianFox\n|player|p1|\n|l| Funn yIy\n|l|\u2606BLiiNDProdiigy\n|player|p2|\n|l| playrornds\n","uploadtime":1739218030,"views":9,"formatid":"gen9vgc2025regg","rating":1570,"private":0,"password":null}