{"id":"gen9vgc2025regg-2298030472","format":"[Gen 9] VGC 2025 Reg G","players":["Na04","Gen3Sigma11"],"log":"|j|\u2606Na04\n|j|\u2606Gen3Sigma11\n|t:|1739201149\n|gametype|doubles\n|player|p1|Na04|170|1564\n|player|p2|Gen3Sigma11|101|1670\n|teamsize|p1|6\n|teamsize|p2|6\n|gen|9\n|tier|[Gen 9] VGC 2025 Reg G\n|rated|\n|rule|Species Clause: Limit one of each Pok\u00e9mon\n|rule|Item Clause: Limit 1 of each item\n|clearpoke\n|poke|p1|Iron Crown, L50|\n|poke|p1|Indeedee-F, L50, F|\n|poke|p1|Ogerpon-Hearthflame, L50, F|\n|poke|p1|Zamazenta-*, L50|\n|poke|p1|Chien-Pao, L50|\n|poke|p1|Tornadus, L50, M|\n|poke|p2|Calyrex-Shadow, L50|\n|poke|p2|Mienshao, L50, M|\n|poke|p2|Clefairy, L50, F|\n|poke|p2|Tornadus, L50, M|\n|poke|p2|Flutter Mane, L50|\n|poke|p2|Chi-Yu, L50|\n|teampreview|4\n|inactive|Battle timer is ON: inactive players will automatically lose when time's up. (requested by Gen3Sigma11)\n|\n|t:|1739201172\n|start\n|switch|p1a: Indeedee|Indeedee-F, L50, F|100\/100\n|switch|p1b: Iron Crown|Iron Crown, L50|100\/100\n|switch|p2a: Calyrex|Calyrex-Shadow, L50|100\/100\n|switch|p2b: Mienshao|Mienshao, L50, M|100\/100\n|-ability|p2a: Calyrex|As One\n|-ability|p2a: Calyrex|Unnerve\n|-fieldstart|move: Psychic Terrain|[from] ability: Psychic Surge|[of] p1a: Indeedee\n|-enditem|p1a: Indeedee|Psychic Seed\n|-boost|p1a: Indeedee|spd|1|[from] item: Psychic Seed\n|-enditem|p1b: Iron Crown|Booster Energy\n|-activate|p1b: Iron Crown|ability: Quark Drive|[fromitem]\n|-start|p1b: Iron Crown|quarkdrivespa\n|turn|1\n|inactive|Gen3Sigma11 has 30 seconds left.\n|\n|t:|1739201198\n|-terastallize|p1b: Iron Crown|Ground\n|move|p2a: Calyrex|Nasty Plot|p2a: Calyrex\n|-boost|p2a: Calyrex|spa|2\n|move|p2b: Mienshao|Close Combat|p1a: Indeedee\n|-damage|p1a: Indeedee|36\/100\n|-unboost|p2b: Mienshao|def|1\n|-unboost|p2b: Mienshao|spd|1\n|move|p1b: Iron Crown|Tachyon Cutter|p2b: Mienshao\n|-enditem|p2b: Mienshao|Focus Sash\n|-damage|p2b: Mienshao|1\/100\n|-damage|p2b: Mienshao|0 fnt\n|faint|p2b: Mienshao\n|-hitcount|p2: Mienshao|2\n|move|p1a: Indeedee|Trick Room|p1a: Indeedee\n|-fieldstart|move: Trick Room|[of] p1a: Indeedee\n|\n|upkeep\n|\n|t:|1739201218\n|switch|p2b: Clefairy|Clefairy, L50, F|100\/100\n|turn|2\n|\n|t:|1739201237\n|-terastallize|p2b: Clefairy|Grass\n|move|p1a: Indeedee|Helping Hand|p1b: Iron Crown\n|-singleturn|p1b: Iron Crown|Helping Hand|[of] p1a: Indeedee\n|move|p2b: Clefairy|Sing|p1b: Iron Crown|[miss]\n|-miss|p2b: Clefairy|p1b: Iron Crown\n|move|p1b: Iron Crown|Tachyon Cutter|p2a: Calyrex\n|-damage|p2a: Calyrex|66\/100\n|-crit|p2a: Calyrex\n|-damage|p2a: Calyrex|19\/100\n|-enditem|p2a: Calyrex|Sitrus Berry|[eat]\n|-heal|p2a: Calyrex|44\/100|[from] item: Sitrus Berry\n|-hitcount|p2a: Calyrex|2\n|move|p2a: Calyrex|Draining Kiss|p1b: Iron Crown\n|-damage|p1b: Iron Crown|70\/100\n|-heal|p2a: Calyrex|66\/100|[from] drain|[of] p1b: Iron Crown\n|\n|upkeep\n|turn|3\n|inactive|Na04 has 30 seconds left.\n|inactive|Gen3Sigma11 has 30 seconds left.\n|\n|t:|1739201268\n|move|p1a: Indeedee|Helping Hand|p1b: Iron Crown\n|-singleturn|p1b: Iron Crown|Helping Hand|[of] p1a: Indeedee\n|move|p2a: Calyrex|Protect|p2a: Calyrex\n|-singleturn|p2a: Calyrex|Protect\n|move|p2b: Clefairy|Sing|p1b: Iron Crown\n|-status|p1b: Iron Crown|slp|[from] move: Sing\n|cant|p1b: Iron Crown|slp\n|\n|upkeep\n|turn|4\n|\n|t:|1739201284\n|move|p2b: Clefairy|Helping Hand|p2a: Calyrex\n|-singleturn|p2a: Calyrex|Helping Hand|[of] p2b: Clefairy\n|move|p1a: Indeedee|Follow Me|p1a: Indeedee\n|-singleturn|p1a: Indeedee|move: Follow Me\n|cant|p1b: Iron Crown|slp\n|move|p2a: Calyrex|Draining Kiss|p1a: Indeedee\n|-damage|p1a: Indeedee|0 fnt\n|-heal|p2a: Calyrex|89\/100|[from] drain|[of] p1a: Indeedee\n|faint|p1a: Indeedee\n|-ability|p2a: Calyrex|Grim Neigh|boost\n|-boost|p2a: Calyrex|spa|1\n|\n|upkeep\n|\n|t:|1739201290\n|switch|p1a: Tornadus|Tornadus, L50, M|100\/100\n|turn|5\n|\n|t:|1739201302\n|cant|p1b: Iron Crown|slp\n|move|p2b: Clefairy|Sing|p1a: Tornadus\n|-status|p1a: Tornadus|slp|[from] move: Sing\n|cant|p1a: Tornadus|slp\n|move|p2a: Calyrex|Astral Barrage|p1b: Iron Crown|[spread] p1a,p1b\n|-damage|p1a: Tornadus|0 fnt\n|-damage|p1b: Iron Crown|0 fnt\n|faint|p1a: Tornadus\n|faint|p1b: Iron Crown\n|-end|p1b: Iron Crown|Quark Drive|[silent]\n|-ability|p2a: Calyrex|Grim Neigh|boost\n|-boost|p2a: Calyrex|spa|2\n|\n|-fieldend|move: Trick Room\n|-fieldend|move: Psychic Terrain\n|upkeep\n|-message|Na04 forfeited.\n|\n|win|Gen3Sigma11\n|raw|Na04's rating: 1564 &rarr; <strong>1550<\/strong><br \/>(-14 for losing)\n|raw|Gen3Sigma11's rating: 1670 &rarr; <strong>1684<\/strong><br \/>(+14 for winning)\n|l|\u2606Na04\n|player|p1|\n|l|\u2606Gen3Sigma11\n|player|p2|\n","uploadtime":1739201532,"views":4,"formatid":"gen9vgc2025regg","rating":1550,"private":0,"password":null}