{"id":"gen9vgc2025regg-2298032111","format":"[Gen 9] VGC 2025 Reg G","players":["Gen3Sigma11","ZTMY ENCORE"],"log":"|j|\u2606Gen3Sigma11\n|j|\u2606ZTMY ENCORE\n|t:|1739201322\n|gametype|doubles\n|player|p1|Gen3Sigma11|101|1684\n|player|p2|ZTMY ENCORE|169|1796\n|teamsize|p1|6\n|teamsize|p2|6\n|gen|9\n|tier|[Gen 9] VGC 2025 Reg G\n|rated|\n|rule|Species Clause: Limit one of each Pok\u00e9mon\n|rule|Item Clause: Limit 1 of each item\n|clearpoke\n|poke|p1|Calyrex-Shadow, L50|\n|poke|p1|Mienshao, L50, F|\n|poke|p1|Clefairy, L50, F|\n|poke|p1|Tornadus, L50, M|\n|poke|p1|Flutter Mane, L50|\n|poke|p1|Chi-Yu, L50|\n|poke|p2|Lunala, L50|\n|poke|p2|Roaring Moon, L50|\n|poke|p2|Smeargle, L50, F|\n|poke|p2|Urshifu-*, L50, M|\n|poke|p2|Amoonguss, L50, M|\n|poke|p2|Ursaluna-Bloodmoon, L50, M|\n|teampreview|4\n|inactive|Battle timer is ON: inactive players will automatically lose when time's up. (requested by Gen3Sigma11)\n|\n|t:|1739201348\n|start\n|switch|p1a: Calyrex|Calyrex-Shadow, L50|100\/100\n|switch|p1b: Mienshao|Mienshao, L50, F|100\/100\n|switch|p2a: Lunala|Lunala, L50|100\/100\n|switch|p2b: Urshifu|Urshifu-Rapid-Strike, L50, M|100\/100\n|-ability|p1a: Calyrex|As One\n|-ability|p1a: Calyrex|Unnerve\n|turn|1\n|\n|t:|1739201364\n|-terastallize|p1a: Calyrex|Fairy\n|-terastallize|p2a: Lunala|Fairy\n|move|p1b: Mienshao|Fake Out|p2b: Urshifu\n|-damage|p2b: Urshifu|84\/100\n|move|p1a: Calyrex|Nasty Plot|p1a: Calyrex\n|-boost|p1a: Calyrex|spa|2\n|cant|p2b: Urshifu|flinch\n|move|p2a: Lunala|Trick Room|p2a: Lunala\n|-fieldstart|move: Trick Room|[of] p2a: Lunala\n|\n|upkeep\n|turn|2\n|\n|t:|1739201388\n|move|p1b: Mienshao|Feint|p2a: Lunala\n|-damage|p2a: Lunala|96\/100\n|move|p2a: Lunala|Meteor Beam||[still]\n|-prepare|p2a: Lunala|Meteor Beam\n|-boost|p2a: Lunala|spa|1\n|-enditem|p2a: Lunala|Power Herb\n|-anim|p2a: Lunala|Meteor Beam|p1a: Calyrex\n|-damage|p1a: Calyrex|44\/100\n|-enditem|p1a: Calyrex|Sitrus Berry|[eat]\n|-heal|p1a: Calyrex|69\/100|[from] item: Sitrus Berry\n|move|p2b: Urshifu|Surging Strikes|p1b: Mienshao\n|-crit|p1b: Mienshao\n|-damage|p1b: Mienshao|52\/100\n|-crit|p1b: Mienshao\n|-damage|p1b: Mienshao|3\/100\n|-crit|p1b: Mienshao\n|-damage|p1b: Mienshao|0 fnt\n|faint|p1b: Mienshao\n|-hitcount|p1: Mienshao|3\n|move|p1a: Calyrex|Astral Barrage|p2a: Lunala|[spread] p2a,p2b\n|-damage|p2a: Lunala|28\/100\n|-damage|p2b: Urshifu|0 fnt\n|faint|p2b: Urshifu\n|-ability|p1a: Calyrex|Grim Neigh|boost\n|-boost|p1a: Calyrex|spa|1\n|\n|upkeep\n|\n|t:|1739201407\n|switch|p2b: Ursaluna|Ursaluna-Bloodmoon, L50, M|100\/100\n|switch|p1b: Clefairy|Clefairy, L50, F|100\/100\n|turn|3\n|\n|t:|1739201422\n|move|p1a: Calyrex|Protect|p1a: Calyrex\n|-singleturn|p1a: Calyrex|Protect\n|move|p1b: Clefairy|Sing|p2b: Ursaluna\n|-status|p2b: Ursaluna|slp|[from] move: Sing\n|cant|p2b: Ursaluna|slp\n|move|p2a: Lunala|Dazzling Gleam|p1b: Clefairy|[spread] p1b\n|-activate|p1a: Calyrex|move: Protect\n|-damage|p1b: Clefairy|49\/100\n|\n|upkeep\n|turn|4\n|\n|t:|1739201439\n|move|p1b: Clefairy|Sing|p2a: Lunala|[miss]\n|-miss|p1b: Clefairy|p2a: Lunala\n|cant|p2b: Ursaluna|slp\n|move|p2a: Lunala|Dazzling Gleam|p1a: Calyrex|[spread] p1a,p1b\n|-damage|p1a: Calyrex|36\/100\n|-damage|p1b: Clefairy|1\/100\n|move|p1a: Calyrex|Draining Kiss|p2a: Lunala\n|-damage|p2a: Lunala|0 fnt\n|-heal|p1a: Calyrex|60\/100|[from] drain|[of] p2a: Lunala\n|faint|p2a: Lunala\n|-ability|p1a: Calyrex|Grim Neigh|boost\n|-boost|p1a: Calyrex|spa|1\n|\n|upkeep\n|\n|t:|1739201450\n|switch|p2a: Roaring Moon|Roaring Moon, L50|100\/100\n|-enditem|p2a: Roaring Moon|Booster Energy\n|-activate|p2a: Roaring Moon|ability: Protosynthesis|[fromitem]\n|-start|p2a: Roaring Moon|protosynthesisspe\n|turn|5\n|inactive|ZTMY ENCORE has 30 seconds left.\n|\n|t:|1739201476\n|move|p1b: Clefairy|Helping Hand|p1a: Calyrex\n|-singleturn|p1a: Calyrex|Helping Hand|[of] p1b: Clefairy\n|cant|p2b: Ursaluna|slp\n|move|p1a: Calyrex|Draining Kiss|p2b: Ursaluna\n|-damage|p2b: Ursaluna|0 fnt\n|-heal|p1a: Calyrex|100\/100|[from] drain|[of] p2b: Ursaluna\n|faint|p2b: Ursaluna\n|-ability|p1a: Calyrex|Grim Neigh|boost\n|-boost|p1a: Calyrex|spa|1\n|move|p2a: Roaring Moon|Acrobatics|p1a: Calyrex\n|-damage|p1a: Calyrex|75\/100\n|\n|-fieldend|move: Trick Room\n|upkeep\n|turn|6\n|-message|ZTMY ENCORE forfeited.\n|\n|win|Gen3Sigma11\n|raw|Gen3Sigma11's rating: 1684 &rarr; <strong>1710<\/strong><br \/>(+26 for winning)\n|raw|ZTMY ENCORE's rating: 1796 &rarr; <strong>1770<\/strong><br \/>(-26 for losing)\n|l|\u2606ZTMY ENCORE\n|player|p2|\n|l|\u2606Gen3Sigma11\n|player|p1|\n","uploadtime":1739201670,"views":38,"formatid":"gen9vgc2025regg","rating":1710,"private":0,"password":null}