{"id":"gen9vgc2025regg-2298310707","format":"[Gen 9] VGC 2025 Reg G","players":["chappell murkroan","ZTMY ENCORE"],"log":"|j|\u2606chappell murkroan\n|j|\u2606ZTMY ENCORE\n|t:|1739229747\n|gametype|doubles\n|player|p1|chappell murkroan|caitlin|1659\n|player|p2|ZTMY ENCORE|265|1784\n|teamsize|p1|6\n|teamsize|p2|6\n|gen|9\n|tier|[Gen 9] VGC 2025 Reg G\n|rated|\n|rule|Species Clause: Limit one of each Pok\u00e9mon\n|rule|Item Clause: Limit 1 of each item\n|clearpoke\n|poke|p1|Smeargle, L50, F|\n|poke|p1|Terapagos, L50, M|\n|poke|p1|Dondozo, L50, F|\n|poke|p1|Tatsugiri-Droopy, L50, M|\n|poke|p1|Tornadus, L50, M|\n|poke|p1|Ogerpon-Hearthflame, L50, F|\n|poke|p2|Lunala, L50|\n|poke|p2|Roaring Moon, L50|\n|poke|p2|Smeargle, L50, M|\n|poke|p2|Urshifu-*, L50, F|\n|poke|p2|Amoonguss, L50, M|\n|poke|p2|Ursaluna-Bloodmoon, L50, M|\n|teampreview|4\n|inactive|Battle timer is ON: inactive players will automatically lose when time's up. (requested by chappell murkroan)\n|j| Meiser63\n|\n|t:|1739229775\n|start\n|switch|p1a: Smeargle|Smeargle, L50, F|100\/100\n|switch|p1b: Terapagos|Terapagos, L50, M|100\/100\n|switch|p2a: Urshifu|Urshifu-Rapid-Strike, L50, F|100\/100\n|switch|p2b: Roaring Moon|Roaring Moon, L50|100\/100\n|-activate|p1b: Terapagos|ability: Tera Shift\n|detailschange|p1b: Terapagos|Terapagos-Terastal, L50, M\n|-heal|p1b: Terapagos|100\/100|[silent]\n|-enditem|p2b: Roaring Moon|Booster Energy\n|-activate|p2b: Roaring Moon|ability: Protosynthesis|[fromitem]\n|-start|p2b: Roaring Moon|protosynthesisspe\n|turn|1\n|\n|t:|1739229794\n|move|p2b: Roaring Moon|Protect|p2b: Roaring Moon\n|-singleturn|p2b: Roaring Moon|Protect\n|move|p2a: Urshifu|Detect|p2a: Urshifu\n|-singleturn|p2a: Urshifu|Protect\n|move|p1a: Smeargle|Fake Out|p2a: Urshifu\n|-activate|p2a: Urshifu|move: Protect\n|move|p1b: Terapagos|Tera Starstorm|p2b: Roaring Moon\n|-activate|p2b: Roaring Moon|move: Protect\n|\n|-ability|p1a: Smeargle|Moody|boost\n|-boost|p1a: Smeargle|spa|2\n|-unboost|p1a: Smeargle|spe|1\n|upkeep\n|turn|2\n|\n|t:|1739229814\n|move|p1a: Smeargle|Follow Me|p1a: Smeargle\n|-singleturn|p1a: Smeargle|move: Follow Me\n|move|p2b: Roaring Moon|Tailwind|p2b: Roaring Moon\n|-sidestart|p2: ZTMY ENCORE|move: Tailwind\n|move|p2a: Urshifu|Surging Strikes|p1a: Smeargle\n|-crit|p1a: Smeargle\n|-damage|p1a: Smeargle|55\/100\n|-crit|p1a: Smeargle\n|-damage|p1a: Smeargle|10\/100\n|-crit|p1a: Smeargle\n|-damage|p1a: Smeargle|0 fnt\n|faint|p1a: Smeargle\n|-hitcount|p1: Smeargle|3\n|move|p1b: Terapagos|Tera Starstorm|p2a: Urshifu\n|-damage|p2a: Urshifu|0 fnt\n|faint|p2a: Urshifu\n|\n|upkeep\n|\n|t:|1739229829\n|switch|p1a: Dondozo|Dondozo, L50, F|100\/100\n|switch|p2a: Lunala|Lunala, L50|100\/100\n|turn|3\n|\n|t:|1739229844\n|-end|p2b: Roaring Moon|Protosynthesis|[silent]\n|switch|p2b: Smeargle|Smeargle, L50, M|100\/100\n|-terastallize|p1b: Terapagos|Stellar\n|detailschange|p1b: Terapagos|Terapagos-Stellar, L50, M, tera:Stellar\n|-heal|p1b: Terapagos|100\/100|[silent]\n|move|p1a: Dondozo|Protect|p1a: Dondozo\n|-singleturn|p1a: Dondozo|Protect\n|move|p2a: Lunala|Meteor Beam||[still]\n|-prepare|p2a: Lunala|Meteor Beam\n|-boost|p2a: Lunala|spa|1\n|-enditem|p2a: Lunala|Power Herb\n|-anim|p2a: Lunala|Meteor Beam|p1b: Terapagos\n|-damage|p1b: Terapagos|50\/100\n|move|p1b: Terapagos|Tera Starstorm|p2b: Smeargle|[spread] p2a,p2b\n|-damage|p2a: Lunala|79\/100\n|-enditem|p2b: Smeargle|Focus Sash\n|-damage|p2b: Smeargle|1\/100\n|\n|-ability|p2b: Smeargle|Moody|boost\n|-boost|p2b: Smeargle|atk|2\n|-unboost|p2b: Smeargle|def|1\n|upkeep\n|turn|4\n|\n|t:|1739229868\n|move|p2b: Smeargle|Decorate|p2a: Lunala\n|-boost|p2a: Lunala|atk|2\n|-boost|p2a: Lunala|spa|2\n|move|p2a: Lunala|Moongeist Beam|p1a: Dondozo\n|-damage|p1a: Dondozo|0 fnt\n|faint|p1a: Dondozo\n|move|p1b: Terapagos|Tera Starstorm|p2b: Smeargle|[spread] p2a,p2b\n|-damage|p2a: Lunala|38\/100\n|-damage|p2b: Smeargle|0 fnt\n|faint|p2b: Smeargle\n|\n|upkeep\n|j| Nabandwhat\n|\n|t:|1739229881\n|switch|p2b: Roaring Moon|Roaring Moon, L50|100\/100\n|switch|p1a: Tatsugiri|Tatsugiri-Droopy, L50, M|100\/100\n|turn|5\n|\n|t:|1739229894\n|-terastallize|p2a: Lunala|Fairy\n|move|p2b: Roaring Moon|Knock Off|p1b: Terapagos\n|-damage|p1b: Terapagos|20\/100\n|-enditem|p1b: Terapagos|Choice Specs|[from] move: Knock Off|[of] p2b: Roaring Moon\n|move|p2a: Lunala|Dazzling Gleam|p1b: Terapagos|[spread] p1a,p1b\n|-supereffective|p1a: Tatsugiri\n|-damage|p1a: Tatsugiri|0 fnt\n|-damage|p1b: Terapagos|0 fnt\n|faint|p1a: Tatsugiri\n|faint|p1b: Terapagos\n|\n|win|ZTMY ENCORE\n|raw|chappell murkroan's rating: 1659 &rarr; <strong>1646<\/strong><br \/>(-13 for losing)\n|raw|ZTMY ENCORE's rating: 1784 &rarr; <strong>1797<\/strong><br \/>(+13 for winning)\n|l|\u2606ZTMY ENCORE\n|player|p2|\n|l| Nabandwhat\n|l| Meiser63\n","uploadtime":1739230061,"views":14,"formatid":"gen9vgc2025regg","rating":1646,"private":0,"password":null}