{"id":"gen9vgc2025regg-2298032811","format":"[Gen 9] VGC 2025 Reg G","players":["Hikawari","koji muranishi"],"log":"|j|\u2606Hikawari\n|j|\u2606koji muranishi\n|t:|1739201395\n|gametype|doubles\n|player|p1|Hikawari|265|1615\n|player|p2|koji muranishi|2|1718\n|teamsize|p1|6\n|teamsize|p2|6\n|gen|9\n|tier|[Gen 9] VGC 2025 Reg G\n|rated|\n|rule|Species Clause: Limit one of each Pok\u00e9mon\n|rule|Item Clause: Limit 1 of each item\n|clearpoke\n|poke|p1|Zamazenta-*, L50|\n|poke|p1|Chi-Yu, L50|\n|poke|p1|Rillaboom, L50, F|\n|poke|p1|Flutter Mane, L50|\n|poke|p1|Chien-Pao, L50|\n|poke|p1|Amoonguss, L50, F|\n|poke|p2|Whimsicott, L50, M|\n|poke|p2|Calyrex-Ice, L50|\n|poke|p2|Urshifu-*, L50, M|\n|poke|p2|Entei, L50|\n|poke|p2|Raging Bolt, L50|\n|poke|p2|Landorus, L50, M|\n|teampreview|4\n|inactive|Battle timer is ON: inactive players will automatically lose when time's up. (requested by Hikawari)\n|inactive|koji muranishi also wants the timer to be on.\nHikawari has agreed to open team sheets.\n|\n|t:|1739201414\n|start\n|switch|p1a: Zamazenta|Zamazenta-Crowned, L50|100\/100\n|switch|p1b: Chien-Pao|Chien-Pao, L50|100\/100\n|switch|p2a: Whimsicott|Whimsicott, L50, M|100\/100\n|switch|p2b: Entei|Entei, L50|100\/100\n|-ability|p1b: Chien-Pao|Sword of Ruin\n|-ability|p1a: Zamazenta|Dauntless Shield|boost\n|-boost|p1a: Zamazenta|def|1\n|turn|1\n|\n|t:|1739201438\n|-terastallize|p1a: Zamazenta|Dragon\n|move|p2a: Whimsicott|Tailwind|p2a: Whimsicott\n|-sidestart|p2: koji muranishi|move: Tailwind\n|move|p2b: Entei|Sacred Fire|p1b: Chien-Pao\n|-supereffective|p1b: Chien-Pao\n|-enditem|p1b: Chien-Pao|Focus Sash\n|-damage|p1b: Chien-Pao|1\/100\n|move|p1b: Chien-Pao|Icicle Crash|p2a: Whimsicott\n|-supereffective|p2a: Whimsicott\n|-enditem|p2a: Whimsicott|Focus Sash\n|-damage|p2a: Whimsicott|1\/100\n|move|p1a: Zamazenta|Body Press|p2b: Entei\n|-damage|p2b: Entei|0 fnt\n|faint|p2b: Entei\n|\n|upkeep\n|\n|t:|1739201456\n|switch|p2b: Raging Bolt|Raging Bolt, L50|100\/100\n|-enditem|p2b: Raging Bolt|Booster Energy\n|-activate|p2b: Raging Bolt|ability: Protosynthesis|[fromitem]\n|-start|p2b: Raging Bolt|protosynthesisspa\n|turn|2\n|\n|t:|1739201474\n|move|p1a: Zamazenta|Protect|p1a: Zamazenta\n|-singleturn|p1a: Zamazenta|Protect\n|move|p1b: Chien-Pao|Sucker Punch|p2a: Whimsicott\n|-resisted|p2a: Whimsicott\n|-damage|p2a: Whimsicott|0 fnt\n|faint|p2a: Whimsicott\n|move|p2b: Raging Bolt|Draco Meteor|p1a: Zamazenta\n|-activate|p1a: Zamazenta|move: Protect\n|\n|upkeep\n|\n|t:|1739201484\n|switch|p2a: Landorus|Landorus, L50, M|100\/100\n|turn|3\n|\n|t:|1739201499\n|switch|p1a: Amoonguss|Amoonguss, L50, F|100\/100\n|move|p1b: Chien-Pao|Protect|p1b: Chien-Pao\n|-singleturn|p1b: Chien-Pao|Protect\n|move|p2a: Landorus|Sandsear Storm|p1a: Amoonguss|[spread] p1a\n|-activate|p1b: Chien-Pao|move: Protect\n|-damage|p1a: Amoonguss|39\/100\n|move|p2b: Raging Bolt|Draco Meteor|p1a: Amoonguss\n|-damage|p1a: Amoonguss|0 fnt\n|-unboost|p2b: Raging Bolt|spa|2\n|faint|p1a: Amoonguss\n|\n|upkeep\n|\n|t:|1739201510\n|switch|p1a: Zamazenta|Zamazenta-Crowned, L50, tera:Dragon|100\/100\n|turn|4\n|\n|t:|1739201518\n|move|p1a: Zamazenta|Protect|p1a: Zamazenta\n|-singleturn|p1a: Zamazenta|Protect\n|move|p1b: Chien-Pao|Sucker Punch|p2a: Landorus\n|-damage|p2a: Landorus|42\/100\n|move|p2a: Landorus|Sandsear Storm|p1b: Chien-Pao|[spread] p1b\n|-activate|p1a: Zamazenta|move: Protect\n|-damage|p1b: Chien-Pao|0 fnt\n|faint|p1b: Chien-Pao\n|move|p2b: Raging Bolt|Draco Meteor|p1a: Zamazenta\n|-activate|p1a: Zamazenta|move: Protect\n|\n|-sideend|p2: koji muranishi|move: Tailwind\n|upkeep\n|\n|t:|1739201523\n|switch|p1b: Chi-Yu|Chi-Yu, L50|100\/100\n|-ability|p1b: Chi-Yu|Beads of Ruin\n|turn|5\n|inactive|koji muranishi has 30 seconds left.\n|inactive|koji muranishi has 20 seconds left.\n|\n|t:|1739201561\n|-terastallize|p2a: Landorus|Water\n|move|p2b: Raging Bolt|Protect|p2b: Raging Bolt\n|-singleturn|p2b: Raging Bolt|Protect\n|move|p1b: Chi-Yu|Dark Pulse|p2a: Landorus\n|-damage|p2a: Landorus|0 fnt\n|faint|p2a: Landorus\n|move|p1a: Zamazenta|Body Press|p2b: Raging Bolt\n|-activate|p2b: Raging Bolt|move: Protect\n|\n|upkeep\n|turn|6\n|-message|koji muranishi forfeited.\n|\n|win|Hikawari\n|raw|Hikawari's rating: 1615 &rarr; <strong>1641<\/strong><br \/>(+26 for winning)\n|raw|koji muranishi's rating: 1718 &rarr; <strong>1692<\/strong><br \/>(-26 for losing)\n|l|\u2606koji muranishi\n|player|p2|\n|l|\u2606Hikawari\n|player|p1|\n","uploadtime":1739201808,"views":40,"formatid":"gen9vgc2025regg","rating":1641,"private":0,"password":null}