{"id":"gen9vgc2025regg-2298950801","format":"[Gen 9] VGC 2025 Reg G","players":["bmbrvr","chiefclarko11"],"log":"|j|\u2606bmbrvr\n|j|\u2606chiefclarko11\n|t:|1739311401\n|gametype|doubles\n|player|p1|bmbrvr|silver|1585\n|player|p2|chiefclarko11|102|1651\n|teamsize|p1|6\n|teamsize|p2|6\n|gen|9\n|tier|[Gen 9] VGC 2025 Reg G\n|rated|\n|rule|Species Clause: Limit one of each Pok\u00e9mon\n|rule|Item Clause: Limit 1 of each item\n|clearpoke\n|poke|p1|Zacian-*, L50|\n|poke|p1|Whimsicott, L50, M|\n|poke|p1|Moltres-Galar, L50|\n|poke|p1|Urshifu-*, L50, M|\n|poke|p1|Farigiraf, L50, M|\n|poke|p1|Iron Moth, L50|\n|poke|p2|Terapagos, L50, M|\n|poke|p2|Grimmsnarl, L50, M|\n|poke|p2|Urshifu-*, L50, M|\n|poke|p2|Iron Hands, L50|\n|poke|p2|Flutter Mane, L50|\n|poke|p2|Chi-Yu, L50|\n|teampreview|4\n|\n|t:|1739311451\n|start\n|switch|p1a: Moltres|Moltres-Galar, L50|100\/100\n|switch|p1b: Iron Moth|Iron Moth, L50|100\/100\n|switch|p2a: Iron Hands|Iron Hands, L50|100\/100\n|switch|p2b: Chi-Yu|Chi-Yu, L50|100\/100\n|-ability|p2b: Chi-Yu|Beads of Ruin\n|-enditem|p1b: Iron Moth|Booster Energy\n|-activate|p1b: Iron Moth|ability: Quark Drive|[fromitem]\n|-start|p1b: Iron Moth|quarkdrivespa\n|turn|1\n|\n|t:|1739311488\n|move|p1b: Iron Moth|Protect|p1b: Iron Moth\n|-singleturn|p1b: Iron Moth|Protect\n|move|p2a: Iron Hands|Fake Out|p1b: Iron Moth\n|-activate|p1b: Iron Moth|move: Protect\n|move|p2b: Chi-Yu|Dark Pulse|p1b: Iron Moth\n|-activate|p1b: Iron Moth|move: Protect\n|move|p1a: Moltres|Tailwind|p1a: Moltres\n|-sidestart|p1: bmbrvr|move: Tailwind\n|\n|upkeep\n|turn|2\n|\n|t:|1739311509\n|move|p1b: Iron Moth|Dazzling Gleam|p2a: Iron Hands|[spread] p2a,p2b\n|-supereffective|p2a: Iron Hands\n|-damage|p2a: Iron Hands|59\/100\n|-damage|p2b: Chi-Yu|62\/100\n|move|p1a: Moltres|Fiery Wrath|p2a: Iron Hands|[spread] p2a,p2b\n|-resisted|p2a: Iron Hands\n|-resisted|p2b: Chi-Yu\n|-damage|p2a: Iron Hands|49\/100\n|-damage|p2b: Chi-Yu|45\/100\n|move|p2b: Chi-Yu|Dark Pulse|p1b: Iron Moth\n|-damage|p1b: Iron Moth|37\/100\n|move|p2a: Iron Hands|Wild Charge|p1a: Moltres\n|-supereffective|p1a: Moltres\n|-damage|p1a: Moltres|11\/100\n|-damage|p2a: Iron Hands|30\/100|[from] Recoil\n|-ability|p1a: Moltres|Berserk|boost\n|-boost|p1a: Moltres|spa|1\n|\n|upkeep\n|turn|3\n|\n|t:|1739311535\n|move|p2b: Chi-Yu|Protect|p2b: Chi-Yu\n|-singleturn|p2b: Chi-Yu|Protect\n|move|p1b: Iron Moth|Dazzling Gleam|p2a: Iron Hands|[spread] p2a\n|-activate|p2b: Chi-Yu|move: Protect\n|-supereffective|p2a: Iron Hands\n|-damage|p2a: Iron Hands|0 fnt\n|faint|p2a: Iron Hands\n|-end|p2a: Iron Hands|Quark Drive|[silent]\n|move|p1a: Moltres|Fiery Wrath|p2b: Chi-Yu\n|-activate|p2b: Chi-Yu|move: Protect\n|\n|upkeep\n|\n|t:|1739311544\n|switch|p2a: Urshifu|Urshifu-Rapid-Strike, L50, M|100\/100\n|turn|4\n|\n|t:|1739311586\n|-end|p1b: Iron Moth|Quark Drive|[silent]\n|switch|p1b: Whimsicott|Whimsicott, L50, M|100\/100\n|move|p1a: Moltres|Protect|p1a: Moltres\n|-singleturn|p1a: Moltres|Protect\n|move|p2a: Urshifu|Aqua Jet|p1b: Whimsicott\n|-resisted|p1b: Whimsicott\n|-damage|p1b: Whimsicott|88\/100\n|move|p2b: Chi-Yu|Heat Wave|p1a: Moltres|[spread] p1b\n|-activate|p1a: Moltres|move: Protect\n|-supereffective|p1b: Whimsicott\n|-damage|p1b: Whimsicott|0 fnt\n|faint|p1b: Whimsicott\n|\n|-sideend|p1: bmbrvr|move: Tailwind\n|upkeep\n|\n|t:|1739311607\n|switch|p1b: Urshifu|Urshifu, L50, M|100\/100\n|turn|5\n|\n|t:|1739311633\n|move|p2a: Urshifu|Aqua Jet|p1a: Moltres\n|-damage|p1a: Moltres|0 fnt\n|faint|p1a: Moltres\n|move|p2b: Chi-Yu|Heat Wave|p1b: Urshifu\n|-damage|p1b: Urshifu|43\/100\n|move|p1b: Urshifu|Drain Punch|p2b: Chi-Yu\n|-supereffective|p2b: Chi-Yu\n|-damage|p2b: Chi-Yu|0 fnt\n|-heal|p1b: Urshifu|59\/100|[from] drain|[of] p2b: Chi-Yu\n|faint|p2b: Chi-Yu\n|\n|upkeep\n|\n|t:|1739311674\n|switch|p2b: Terapagos|Terapagos, L50, M|100\/100\n|switch|p1a: Iron Moth|Iron Moth, L50|37\/100\n|-activate|p2b: Terapagos|ability: Tera Shift\n|detailschange|p2b: Terapagos|Terapagos-Terastal, L50, M\n|-heal|p2b: Terapagos|100\/100|[silent]\n|turn|6\n|\n|t:|1739311690\n|-terastallize|p2b: Terapagos|Stellar\n|detailschange|p2b: Terapagos|Terapagos-Stellar, L50, M, tera:Stellar\n|-heal|p2b: Terapagos|100\/100|[silent]\n|move|p2a: Urshifu|Aqua Jet|p1a: Iron Moth\n|-supereffective|p1a: Iron Moth\n|-damage|p1a: Iron Moth|0 fnt\n|faint|p1a: Iron Moth\n|-end|p1a: Iron Moth|Quark Drive|[silent]\n|move|p1b: Urshifu|Sucker Punch||[still]\n|-fail|p1b: Urshifu\n|move|p2b: Terapagos|Tera Starstorm|p1b: Urshifu\n|-damage|p1b: Urshifu|19\/100\n|\n|upkeep\n|turn|7\n|-message|bmbrvr forfeited.\n|\n|win|chiefclarko11\n|raw|bmbrvr's rating: 1585 &rarr; <strong>1569<\/strong><br \/>(-16 for losing)\n|raw|chiefclarko11's rating: 1651 &rarr; <strong>1667<\/strong><br \/>(+16 for winning)\n|l|\u2606bmbrvr\n|player|p1|\n|l|\u2606chiefclarko11\n|player|p2|\n","uploadtime":1739311952,"views":9,"formatid":"gen9vgc2025regg","rating":1569,"private":0,"password":null}