{"id":"gen9vgc2025regg-2298873036","format":"[Gen 9] VGC 2025 Reg G","players":["Zakmancho","BLiiNDProdiigy"],"log":"|j|\u2606Zakmancho\n|j|\u2606BLiiNDProdiigy\n|t:|1739303365\n|gametype|doubles\n|player|p1|Zakmancho|1|1572\n|player|p2|BLiiNDProdiigy|rocketgrunt|1595\n|teamsize|p1|6\n|teamsize|p2|6\n|gen|9\n|tier|[Gen 9] VGC 2025 Reg G\n|rated|\n|rule|Species Clause: Limit one of each Pok\u00e9mon\n|rule|Item Clause: Limit 1 of each item\n|clearpoke\n|poke|p1|Koraidon, L50|\n|poke|p1|Chi-Yu, L50|\n|poke|p1|Flutter Mane, L50|\n|poke|p1|Ogerpon-Cornerstone, L50, F|\n|poke|p1|Raging Bolt, L50|\n|poke|p1|Whimsicott, L50, M|\n|poke|p2|Terapagos, L50, M|\n|poke|p2|Incineroar, L50, M|\n|poke|p2|Rillaboom, L50, F|\n|poke|p2|Urshifu-*, L50, F|\n|poke|p2|Flutter Mane, L50|\n|poke|p2|Ogerpon-Hearthflame, L50, F|\n|teampreview|4\n|inactive|Battle timer is ON: inactive players will automatically lose when time's up. (requested by Zakmancho)\n|\n|t:|1739303382\n|start\n|switch|p1a: Chi-Yu|Chi-Yu, L50|100\/100\n|switch|p1b: Whimsicott|Whimsicott, L50, M|100\/100\n|switch|p2a: Terapagos|Terapagos, L50, M|100\/100\n|switch|p2b: Incineroar|Incineroar, L50, M|100\/100\n|-activate|p2a: Terapagos|ability: Tera Shift\n|detailschange|p2a: Terapagos|Terapagos-Terastal, L50, M\n|-heal|p2a: Terapagos|100\/100|[silent]\n|-ability|p1a: Chi-Yu|Beads of Ruin\n|-ability|p2b: Incineroar|Intimidate|boost\n|-unboost|p1a: Chi-Yu|atk|1\n|-unboost|p1b: Whimsicott|atk|1\n|turn|1\n|\n|t:|1739303396\n|-terastallize|p1a: Chi-Yu|Ghost\n|move|p2b: Incineroar|Fake Out|p1a: Chi-Yu\n|-immune|p1a: Chi-Yu\n|move|p1b: Whimsicott|Tailwind|p1b: Whimsicott\n|-sidestart|p1: Zakmancho|move: Tailwind\n|move|p1a: Chi-Yu|Snarl|p2a: Terapagos|[spread] p2a,p2b\n|-activate|p2a: Terapagos|ability: Tera Shell\n|-resisted|p2a: Terapagos\n|-resisted|p2b: Incineroar\n|-damage|p2a: Terapagos|90\/100\n|-damage|p2b: Incineroar|88\/100\n|-unboost|p2a: Terapagos|spa|1\n|-unboost|p2b: Incineroar|spa|1\n|move|p2a: Terapagos|Calm Mind|p2a: Terapagos\n|-boost|p2a: Terapagos|spa|1\n|-boost|p2a: Terapagos|spd|1\n|\n|-heal|p2a: Terapagos|95\/100|[from] item: Leftovers\n|upkeep\n|turn|2\n|\n|t:|1739303418\n|switch|p1a: Koraidon|Koraidon, L50|100\/100\n|-weather|SunnyDay|[from] ability: Orichalcum Pulse|[of] p1a: Koraidon\n|-activate|p1a: Koraidon|Orichalcum Pulse|[source]\n|move|p2a: Terapagos|Protect|p2a: Terapagos\n|-singleturn|p2a: Terapagos|Protect\n|move|p1b: Whimsicott|Encore|p2a: Terapagos\n|-activate|p2a: Terapagos|move: Protect\n|move|p2b: Incineroar|Knock Off|p1a: Koraidon\n|-resisted|p1a: Koraidon\n|-damage|p1a: Koraidon|83\/100\n|-enditem|p1a: Koraidon|Covert Cloak|[from] move: Knock Off|[of] p2b: Incineroar\n|\n|-weather|SunnyDay|[upkeep]\n|-heal|p2a: Terapagos|100\/100|[from] item: Leftovers\n|upkeep\n|turn|3\n|\n|t:|1739303439\n|switch|p2a: Ogerpon|Ogerpon-Hearthflame, L50, F|100\/100\n|-ability|p2a: Ogerpon|Mold Breaker\n|switch|p2b: Flutter Mane|Flutter Mane, L50|100\/100\n|-activate|p2b: Flutter Mane|ability: Protosynthesis\n|-start|p2b: Flutter Mane|protosynthesisspe\n|move|p1b: Whimsicott|Encore||[still]\n|-fail|p1b: Whimsicott\n|move|p1a: Koraidon|Collision Course|p2b: Flutter Mane\n|-immune|p2b: Flutter Mane\n|\n|-weather|SunnyDay|[upkeep]\n|upkeep\n|turn|4\n|\n|t:|1739303460\n|move|p2b: Flutter Mane|Protect|p2b: Flutter Mane\n|-singleturn|p2b: Flutter Mane|Protect\n|move|p2a: Ogerpon|Spiky Shield|p2a: Ogerpon\n|-singleturn|p2a: Ogerpon|move: Protect\n|move|p1a: Koraidon|Flare Blitz|p2b: Flutter Mane\n|-activate|p2b: Flutter Mane|move: Protect\n|move|p1b: Whimsicott|Moonblast|p2b: Flutter Mane\n|-activate|p2b: Flutter Mane|move: Protect\n|\n|-weather|SunnyDay|[upkeep]\n|-sideend|p1: Zakmancho|move: Tailwind\n|upkeep\n|turn|5\n|\n|t:|1739303478\n|move|p1a: Koraidon|Protect|p1a: Koraidon\n|-singleturn|p1a: Koraidon|Protect\n|move|p2a: Ogerpon|Follow Me|p2a: Ogerpon\n|-singleturn|p2a: Ogerpon|move: Follow Me\n|move|p1b: Whimsicott|Tailwind|p1b: Whimsicott\n|-sidestart|p1: Zakmancho|move: Tailwind\n|move|p2b: Flutter Mane|Moonblast|p1a: Koraidon\n|-activate|p1a: Koraidon|move: Protect\n|\n|-weather|SunnyDay|[upkeep]\n|upkeep\n|turn|6\n|inactive|Zakmancho has 30 seconds left.\n|\n|t:|1739303509\n|switch|p1a: Chi-Yu|Chi-Yu, L50, tera:Ghost|100\/100\n|-ability|p1a: Chi-Yu|Beads of Ruin\n|move|p2a: Ogerpon|Follow Me|p2a: Ogerpon\n|-singleturn|p2a: Ogerpon|move: Follow Me\n|move|p1b: Whimsicott|Encore|p2a: Ogerpon\n|-start|p2a: Ogerpon|Encore\n|move|p2b: Flutter Mane|Moonblast|p1a: Chi-Yu\n|-damage|p1a: Chi-Yu|52\/100\n|-unboost|p1a: Chi-Yu|spa|1\n|\n|-weather|none\n|-end|p2b: Flutter Mane|Protosynthesis\n|upkeep\n|-enditem|p2b: Flutter Mane|Booster Energy\n|-activate|p2b: Flutter Mane|ability: Protosynthesis|[fromitem]\n|-start|p2b: Flutter Mane|protosynthesisspe\n|turn|7\n|inactive|BLiiNDProdiigy has 30 seconds left.\n|\n|t:|1739303536\n|switch|p2a: Incineroar|Incineroar, L50, M|88\/100\n|-ability|p2a: Incineroar|Intimidate|boost\n|-unboost|p1a: Chi-Yu|atk|1\n|-unboost|p1b: Whimsicott|atk|1\n|move|p1a: Chi-Yu|Heat Wave|p2a: Incineroar|[spread] p2a,p2b\n|-resisted|p2a: Incineroar\n|-crit|p2a: Incineroar\n|-damage|p2a: Incineroar|56\/100\n|-damage|p2b: Flutter Mane|72\/100\n|move|p1b: Whimsicott|Moonblast|p2b: Flutter Mane\n|-damage|p2b: Flutter Mane|33\/100\n|-unboost|p2b: Flutter Mane|spa|1\n|move|p2b: Flutter Mane|Moonblast|p1a: Chi-Yu\n|-damage|p1a: Chi-Yu|24\/100\n|\n|upkeep\n|turn|8\n|\n|t:|1739303557\n|-end|p2b: Flutter Mane|Protosynthesis|[silent]\n|switch|p2b: Ogerpon|Ogerpon-Hearthflame, L50, F|100\/100\n|-ability|p2b: Ogerpon|Mold Breaker\n|move|p1a: Chi-Yu|Heat Wave|p2a: Incineroar|[spread] p2b\n|-miss|p1a: Chi-Yu|p2a: Incineroar\n|-damage|p2b: Ogerpon|66\/100\n|move|p1b: Whimsicott|Moonblast|p2a: Incineroar\n|-damage|p2a: Incineroar|9\/100\n|-unboost|p2a: Incineroar|spa|1\n|move|p2a: Incineroar|Parting Shot|p1a: Chi-Yu\n|-unboost|p1a: Chi-Yu|atk|1\n|-unboost|p1a: Chi-Yu|spa|1\n|\n|t:|1739303561\n|switch|p2a: Terapagos|Terapagos-Terastal, L50, M|100\/100|[from] Parting Shot\n|\n|-sideend|p1: Zakmancho|move: Tailwind\n|upkeep\n|turn|9\n|\n|t:|1739303584\n|move|p1b: Whimsicott|Tailwind|p1b: Whimsicott\n|-sidestart|p1: Zakmancho|move: Tailwind\n|move|p1a: Chi-Yu|Heat Wave|p2b: Ogerpon|[spread] p2a,p2b\n|-activate|p2a: Terapagos|ability: Tera Shell\n|-resisted|p2a: Terapagos\n|-damage|p2a: Terapagos|90\/100\n|-damage|p2b: Ogerpon|39\/100\n|-status|p2a: Terapagos|brn\n|move|p2b: Ogerpon|Ivy Cudgel|p1b: Whimsicott|[anim] Ivy Cudgel Fire\n|-supereffective|p1b: Whimsicott\n|-enditem|p1b: Whimsicott|Focus Sash\n|-damage|p1b: Whimsicott|1\/100\n|move|p2a: Terapagos|Substitute|p2a: Terapagos\n|-start|p2a: Terapagos|Substitute\n|-damage|p2a: Terapagos|65\/100 brn\n|\n|-heal|p2a: Terapagos|71\/100 brn|[from] item: Leftovers\n|-damage|p2a: Terapagos|65\/100 brn|[from] brn\n|upkeep\n|turn|10\n|inactive|Zakmancho has 30 seconds left.\n|inactive|Zakmancho has 20 seconds left.\n|\n|t:|1739303620\n|move|p2b: Ogerpon|Spiky Shield|p2b: Ogerpon\n|-singleturn|p2b: Ogerpon|move: Protect\n|move|p2a: Terapagos|Protect|p2a: Terapagos\n|-singleturn|p2a: Terapagos|Protect\n|move|p1a: Chi-Yu|Heat Wave|p2a: Terapagos|[spread] \n|-activate|p2a: Terapagos|move: Protect\n|-activate|p2b: Ogerpon|move: Protect\n|move|p1b: Whimsicott|Moonblast|p2b: Ogerpon\n|-activate|p2b: Ogerpon|move: Protect\n|\n|-heal|p2a: Terapagos|71\/100 brn|[from] item: Leftovers\n|-damage|p2a: Terapagos|65\/100 brn|[from] brn\n|upkeep\n|turn|11\n|\n|t:|1739303629\n|-terastallize|p2a: Terapagos|Stellar\n|detailschange|p2a: Terapagos|Terapagos-Stellar, L50, M, tera:Stellar\n|-heal|p2a: Terapagos|74\/100 brn|[silent]\n|move|p2b: Ogerpon|Follow Me|p2b: Ogerpon\n|-singleturn|p2b: Ogerpon|move: Follow Me\n|move|p1a: Chi-Yu|Heat Wave|p2a: Terapagos|[spread] p2a,p2b\n|-activate|p2a: Terapagos|move: Substitute|[damage]\n|-damage|p2b: Ogerpon|11\/100\n|move|p1b: Whimsicott|Moonblast|p2b: Ogerpon\n|-resisted|p2b: Ogerpon\n|-damage|p2b: Ogerpon|0 fnt\n|faint|p2b: Ogerpon\n|move|p2a: Terapagos|Tera Starstorm|p1b: Whimsicott|[spread] p1a,p1b\n|-supereffective|p1a: Chi-Yu\n|-damage|p1a: Chi-Yu|0 fnt\n|-damage|p1b: Whimsicott|0 fnt\n|faint|p1a: Chi-Yu\n|faint|p1b: Whimsicott\n|\n|-heal|p2a: Terapagos|81\/100 brn|[from] item: Leftovers\n|-damage|p2a: Terapagos|74\/100 brn|[from] brn\n|upkeep\n|\n|t:|1739303643\n|switch|p1b: Koraidon|Koraidon, L50|83\/100\n|switch|p2b: Incineroar|Incineroar, L50, M|9\/100\n|switch|p1a: Raging Bolt|Raging Bolt, L50|100\/100\n|-weather|SunnyDay|[from] ability: Orichalcum Pulse|[of] p1b: Koraidon\n|-activate|p1a: Raging Bolt|ability: Protosynthesis\n|-start|p1a: Raging Bolt|protosynthesisspa\n|-activate|p1b: Koraidon|Orichalcum Pulse|[source]\n|-ability|p2b: Incineroar|Intimidate|boost\n|-unboost|p1a: Raging Bolt|atk|1\n|-unboost|p1b: Koraidon|atk|1\n|turn|12\n|\n|t:|1739303669\n|move|p2b: Incineroar|Fake Out|p1a: Raging Bolt\n|-damage|p1a: Raging Bolt|92\/100\n|move|p1b: Koraidon|Flame Charge|p2a: Terapagos\n|-end|p2a: Terapagos|Substitute\n|-boost|p1b: Koraidon|spe|1\n|cant|p1a: Raging Bolt|flinch\n|move|p2a: Terapagos|Tera Starstorm|p1a: Raging Bolt|[spread] p1a,p1b\n|-damage|p1a: Raging Bolt|71\/100\n|-damage|p1b: Koraidon|45\/100\n|\n|-weather|SunnyDay|[upkeep]\n|-heal|p2a: Terapagos|81\/100 brn|[from] item: Leftovers\n|-damage|p2a: Terapagos|74\/100 brn|[from] brn\n|-sideend|p1: Zakmancho|move: Tailwind\n|upkeep\n|turn|13\n|\n|t:|1739303690\n|move|p2a: Terapagos|Protect|p2a: Terapagos\n|-singleturn|p2a: Terapagos|Protect\n|move|p1b: Koraidon|Collision Course|p2a: Terapagos\n|-activate|p2a: Terapagos|move: Protect\n|move|p1a: Raging Bolt|Electroweb|p2a: Terapagos|[spread] p2b\n|-activate|p2a: Terapagos|move: Protect\n|-damage|p2b: Incineroar|0 fnt\n|faint|p2b: Incineroar\n|\n|-weather|SunnyDay|[upkeep]\n|-heal|p2a: Terapagos|81\/100 brn|[from] item: Leftovers\n|-damage|p2a: Terapagos|74\/100 brn|[from] brn\n|upkeep\n|\n|t:|1739303691\n|switch|p2b: Flutter Mane|Flutter Mane, L50|33\/100\n|-activate|p2b: Flutter Mane|ability: Protosynthesis\n|-start|p2b: Flutter Mane|protosynthesisspe\n|turn|14\n|inactive|BLiiNDProdiigy has 30 seconds left.\n|inactive|BLiiNDProdiigy has 20 seconds left.\n|\n|t:|1739303727\n|move|p1a: Raging Bolt|Thunderclap|p2b: Flutter Mane\n|-damage|p2b: Flutter Mane|0 fnt\n|faint|p2b: Flutter Mane\n|-end|p2b: Flutter Mane|Protosynthesis|[silent]\n|move|p1b: Koraidon|Collision Course|p2a: Terapagos\n|-supereffective|p2a: Terapagos\n|-damage|p2a: Terapagos|6\/100 brn\n|move|p2a: Terapagos|Tera Starstorm|p1b: Koraidon|[spread] p1a,p1b\n|-damage|p1a: Raging Bolt|49\/100\n|-damage|p1b: Koraidon|7\/100\n|\n|-weather|SunnyDay|[upkeep]\n|-heal|p2a: Terapagos|13\/100 brn|[from] item: Leftovers\n|-damage|p2a: Terapagos|6\/100 brn|[from] brn\n|upkeep\n|turn|15\n|-message|BLiiNDProdiigy forfeited.\n|\n|win|Zakmancho\n|raw|Zakmancho's rating: 1572 &rarr; <strong>1593<\/strong><br \/>(+21 for winning)\n|raw|BLiiNDProdiigy's rating: 1595 &rarr; <strong>1574<\/strong><br \/>(-21 for losing)\n|l|\u2606BLiiNDProdiigy\n|player|p2|\n|l|\u2606Zakmancho\n|player|p1|\n","uploadtime":1739303916,"views":5,"formatid":"gen9vgc2025regg","rating":1574,"private":0,"password":null}