{"id":"gen9vgc2025regg-2298406044","format":"[Gen 9] VGC 2025 Reg G","players":["Ninjaloki","something123"],"log":"|j|\u2606Ninjaloki\n|j|\u2606something123\n|t:|1739241825\n|gametype|doubles\n|player|p1|Ninjaloki|169|1554\n|player|p2|something123|266|1656\n|teamsize|p1|6\n|teamsize|p2|6\n|gen|9\n|tier|[Gen 9] VGC 2025 Reg G\n|rated|\n|rule|Species Clause: Limit one of each Pok\u00e9mon\n|rule|Item Clause: Limit 1 of each item\n|clearpoke\n|poke|p1|Miraidon, L50|\n|poke|p1|Whimsicott, L50, M|\n|poke|p1|Urshifu-*, L50, M|\n|poke|p1|Ogerpon-Hearthflame, L50, F|\n|poke|p1|Farigiraf, L50, F|\n|poke|p1|Iron Hands, L50|\n|poke|p2|Farigiraf, L50, F|\n|poke|p2|Landorus, L50, M|\n|poke|p2|Calyrex-Ice, L50|\n|poke|p2|Ogerpon-Cornerstone, L50, F|\n|poke|p2|Urshifu-*, L50, F|\n|poke|p2|Regieleki, L50|\n|teampreview|4\n|\n|t:|1739241855\n|start\n|switch|p1a: Urshifu|Urshifu, L50, M|100\/100\n|switch|p1b: Iron Hands|Iron Hands, L50|100\/100\n|switch|p2a: Landorus|Landorus, L50, M|100\/100\n|switch|p2b: Regieleki|Regieleki, L50|100\/100\n|turn|1\n|inactive|Battle timer is ON: inactive players will automatically lose when time's up. (requested by Ninjaloki)\n|j| yukina vgc\n|inactive|Ninjaloki has 60 seconds left.\n|\n|t:|1739241902\n|switch|p2b: Farigiraf|Farigiraf, L50, F|100\/100\n|-terastallize|p1b: Iron Hands|Bug\n|move|p1b: Iron Hands|Fake Out||[still]\n|cant|p2b: Farigiraf|ability: Armor Tail|Fake Out|[of] p1b: Iron Hands\n|move|p1a: Urshifu|Wicked Blow|p2a: Landorus\n|-crit|p2a: Landorus\n|-damage|p2a: Landorus|38\/100\n|move|p2a: Landorus|Sandsear Storm|p1a: Urshifu|[spread] p1a,p1b\n|-resisted|p1b: Iron Hands\n|-damage|p1a: Urshifu|6\/100\n|-damage|p1b: Iron Hands|85\/100\n|\n|upkeep\n|turn|2\n|inactive|something123 has 30 seconds left.\n|inactive|something123 has 20 seconds left.\n|inactive|something123 has 15 seconds left.\n|inactive|something123 has 10 seconds left.\n|inactive|something123 has 5 seconds left.\n|\n|t:|1739241956\n|move|p1a: Urshifu|Wicked Blow|p2b: Farigiraf\n|-supereffective|p2b: Farigiraf\n|-crit|p2b: Farigiraf\n|-damage|p2b: Farigiraf|0 fnt\n|-damage|p1a: Urshifu|0 fnt|[from] item: Rocky Helmet|[of] p2b: Farigiraf\n|faint|p2b: Farigiraf\n|faint|p1a: Urshifu\n|move|p2a: Landorus|Sludge Bomb|p1b: Iron Hands\n|-damage|p1b: Iron Hands|62\/100\n|move|p1b: Iron Hands|Low Kick|p2a: Landorus\n|-resisted|p2a: Landorus\n|-damage|p2a: Landorus|13\/100\n|\n|upkeep\n|\n|t:|1739241970\n|switch|p1a: Miraidon|Miraidon, L50|100\/100\n|switch|p2b: Regieleki|Regieleki, L50|100\/100\n|-fieldstart|move: Electric Terrain|[from] ability: Hadron Engine|[of] p1a: Miraidon\n|-activate|p1b: Iron Hands|ability: Quark Drive\n|-start|p1b: Iron Hands|quarkdriveatk\n|turn|3\n|inactive|Ninjaloki has 30 seconds left.\n|inactive|something123 has 30 seconds left.\n|inactive|something123 has 20 seconds left.\n|inactive|something123 has 15 seconds left.\n|\n|t:|1739242017\n|-terastallize|p2b: Regieleki|Electric\n|move|p2a: Landorus|Protect|p2a: Landorus\n|-singleturn|p2a: Landorus|Protect\n|move|p2b: Regieleki|Thunderbolt|p1b: Iron Hands\n|-damage|p1b: Iron Hands|14\/100\n|move|p1a: Miraidon|Volt Switch|p2b: Regieleki\n|-resisted|p2b: Regieleki\n|-enditem|p2b: Regieleki|Focus Sash\n|-damage|p2b: Regieleki|1\/100\n|\n|t:|1739242028\n|switch|p1a: Farigiraf|Farigiraf, L50, F|100\/100|[from] Volt Switch\n|-enditem|p1a: Farigiraf|Electric Seed\n|-boost|p1a: Farigiraf|def|1|[from] item: Electric Seed\n|move|p1b: Iron Hands|Drain Punch|p2b: Regieleki\n|-damage|p2b: Regieleki|0 fnt\n|-heal|p1b: Iron Hands|14\/100|[from] drain|[of] p2b: Regieleki\n|faint|p2b: Regieleki\n|\n|upkeep\n|\n|t:|1739242035\n|switch|p2b: Calyrex|Calyrex-Ice, L50|100\/100\n|-ability|p2b: Calyrex|As One\n|-ability|p2b: Calyrex|Unnerve\n|turn|4\n|\n|t:|1739242056\n|move|p2a: Landorus|Earth Power|p1a: Farigiraf\n|-damage|p1a: Farigiraf|32\/100\n|move|p2b: Calyrex|Glacial Lance|p1b: Iron Hands|[spread] p1a,p1b\n|-damage|p1a: Farigiraf|0 fnt\n|-damage|p1b: Iron Hands|0 fnt\n|faint|p1a: Farigiraf\n|faint|p1b: Iron Hands\n|-end|p1b: Iron Hands|Quark Drive|[silent]\n|-ability|p2b: Calyrex|Chilling Neigh|boost\n|-boost|p2b: Calyrex|atk|2\n|\n|upkeep\n|\n|t:|1739242068\n|switch|p1b: Miraidon|Miraidon, L50|100\/100\n|-activate|p1b: Miraidon|ability: Hadron Engine\n|turn|5\n|\n|t:|1739242077\n|move|p2a: Landorus|Protect|p2a: Landorus\n|-singleturn|p2a: Landorus|Protect\n|move|p2b: Calyrex|Protect|p2b: Calyrex\n|-singleturn|p2b: Calyrex|Protect\n|move|p1b: Miraidon|Dazzling Gleam|p2a: Landorus|[spread] \n|-activate|p2a: Landorus|move: Protect\n|-activate|p2b: Calyrex|move: Protect\n|\n|upkeep\n|turn|6\n|\n|t:|1739242087\n|move|p1b: Miraidon|Dazzling Gleam|p2b: Calyrex|[spread] p2a,p2b\n|-damage|p2a: Landorus|0 fnt\n|-damage|p2b: Calyrex|65\/100\n|faint|p2a: Landorus\n|move|p2b: Calyrex|Glacial Lance|p1b: Miraidon\n|-supereffective|p1b: Miraidon\n|-damage|p1b: Miraidon|0 fnt\n|faint|p1b: Miraidon\n|\n|win|something123\n|raw|Ninjaloki's rating: 1554 &rarr; <strong>1540<\/strong><br \/>(-14 for losing)\n|raw|something123's rating: 1656 &rarr; <strong>1670<\/strong><br \/>(+14 for winning)\n|l|\u2606something123\n|player|p2|\n|l|\u2606Ninjaloki\n|player|p1|\n|l| yukina vgc\n|j|\u2606Ninjaloki\n|player|p1|Ninjaloki|169|\n|l|\u2606Ninjaloki\n|player|p1|\n","uploadtime":1739242329,"views":37,"formatid":"gen9vgc2025regg","rating":1540,"private":0,"password":null}