{"id":"gen9vgc2025regg-2298934582","format":"[Gen 9] VGC 2025 Reg G","players":["Alitiantian","Zakmancho"],"log":"|j|\u2606Alitiantian\n|j|\u2606Zakmancho\n|t:|1739309669\n|gametype|doubles\n|player|p1|Alitiantian|1|1589\n|player|p2|Zakmancho|1|1567\n|teamsize|p1|6\n|teamsize|p2|6\n|gen|9\n|tier|[Gen 9] VGC 2025 Reg G\n|rated|\n|rule|Species Clause: Limit one of each Pok\u00e9mon\n|rule|Item Clause: Limit 1 of each item\n|clearpoke\n|poke|p1|Groudon, L50|\n|poke|p1|Gouging Fire, L50|\n|poke|p1|Chien-Pao, L50|\n|poke|p1|Urshifu-*, L50, M|\n|poke|p1|Volcarona, L50, M|\n|poke|p1|Raging Bolt, L50|\n|poke|p2|Koraidon, L50|\n|poke|p2|Chi-Yu, L50|\n|poke|p2|Flutter Mane, L50|\n|poke|p2|Ogerpon-Cornerstone, L50, F|\n|poke|p2|Raging Bolt, L50|\n|poke|p2|Whimsicott, L50, M|\n|teampreview|4\n|inactive|Battle timer is ON: inactive players will automatically lose when time's up. (requested by Zakmancho)\n|inactive|Alitiantian has 60 seconds left.\n|inactive|Zakmancho has 60 seconds left.\n|j| Meiser63\n|inactive|Alitiantian has 30 seconds left.\n|\n|t:|1739309737\n|start\n|switch|p1a: Gouging Fire|Gouging Fire, L50|100\/100\n|switch|p1b: Groudon|Groudon, L50, shiny|100\/100\n|switch|p2a: Flutter Mane|Flutter Mane, L50|100\/100\n|switch|p2b: Koraidon|Koraidon, L50|100\/100\n|-weather|SunnyDay|[from] ability: Orichalcum Pulse|[of] p2b: Koraidon\n|-activate|p2a: Flutter Mane|ability: Protosynthesis\n|-start|p2a: Flutter Mane|protosynthesisspe\n|-activate|p1a: Gouging Fire|ability: Protosynthesis\n|-start|p1a: Gouging Fire|protosynthesisspe\n|-activate|p2b: Koraidon|Orichalcum Pulse|[source]\n|turn|1\n|inactive|Alitiantian has 30 seconds left.\n|\n|t:|1739309768\n|-terastallize|p2a: Flutter Mane|Water\n|move|p2b: Koraidon|Protect|p2b: Koraidon\n|-singleturn|p2b: Koraidon|Protect\n|move|p2a: Flutter Mane|Moonblast|p1a: Gouging Fire\n|-damage|p1a: Gouging Fire|52\/100\n|move|p1a: Gouging Fire|Howl|p1a: Gouging Fire|[spread] p1a,p1b\n|-boost|p1a: Gouging Fire|atk|1\n|-boost|p1b: Groudon|atk|1\n|move|p1b: Groudon|Precipice Blades|p2a: Flutter Mane|[spread] p2a\n|-activate|p2b: Koraidon|move: Protect\n|-damage|p2a: Flutter Mane|0 fnt\n|faint|p2a: Flutter Mane\n|-end|p2a: Flutter Mane|Protosynthesis|[silent]\n|\n|-weather|SunnyDay|[upkeep]\n|upkeep\n|\n|t:|1739309793\n|switch|p2a: Ogerpon|Ogerpon-Cornerstone, L50, F|100\/100\n|turn|2\n|inactive|Alitiantian has 30 seconds left.\n|\n|t:|1739309824\n|-terastallize|p1b: Groudon|Fire\n|move|p1a: Gouging Fire|Breaking Swipe|p2a: Ogerpon|[spread] p2a,p2b\n|-supereffective|p2b: Koraidon\n|-damage|p2a: Ogerpon|63\/100\n|-damage|p2b: Koraidon|52\/100\n|-unboost|p2a: Ogerpon|atk|1\n|move|p2b: Koraidon|Collision Course|p1b: Groudon\n|-damage|p1b: Groudon|50\/100\n|move|p2a: Ogerpon|Ivy Cudgel|p1b: Groudon|[anim] Ivy Cudgel Rock\n|-supereffective|p1b: Groudon\n|-damage|p1b: Groudon|0 fnt\n|faint|p1b: Groudon\n|\n|-weather|SunnyDay|[upkeep]\n|upkeep\n|\n|t:|1739309841\n|switch|p1b: Volcarona|Volcarona, L50, M, shiny|100\/100\n|turn|3\n|inactive|Alitiantian has 30 seconds left.\n|\n|t:|1739309870\n|move|p1a: Gouging Fire|Breaking Swipe|p2b: Koraidon|[spread] p2a,p2b\n|-supereffective|p2b: Koraidon\n|-damage|p2a: Ogerpon|26\/100\n|-damage|p2b: Koraidon|0 fnt\n|-unboost|p2a: Ogerpon|atk|1\n|faint|p2b: Koraidon\n|move|p2a: Ogerpon|Ivy Cudgel|p1b: Volcarona|[anim] Ivy Cudgel Rock\n|-supereffective|p1b: Volcarona\n|-damage|p1b: Volcarona|0 fnt\n|faint|p1b: Volcarona\n|\n|-weather|SunnyDay|[upkeep]\n|upkeep\n|\n|t:|1739309879\n|switch|p2b: Chi-Yu|Chi-Yu, L50|100\/100\n|switch|p1b: Raging Bolt|Raging Bolt, L50|100\/100\n|-ability|p2b: Chi-Yu|Beads of Ruin\n|-activate|p1b: Raging Bolt|ability: Protosynthesis\n|-start|p1b: Raging Bolt|protosynthesisspa\n|turn|4\n|\n|t:|1739309890\n|move|p2a: Ogerpon|Spiky Shield|p2a: Ogerpon\n|-singleturn|p2a: Ogerpon|move: Protect\n|move|p1a: Gouging Fire|Breaking Swipe|p2a: Ogerpon|[spread] p2b\n|-activate|p2a: Ogerpon|move: Protect\n|-damage|p1a: Gouging Fire|40\/100|[from] Spiky Shield|[of] p2a: Ogerpon\n|-damage|p2b: Chi-Yu|57\/100\n|-unboost|p2b: Chi-Yu|atk|1\n|move|p2b: Chi-Yu|Snarl|p1b: Raging Bolt|[spread] p1a,p1b\n|-damage|p1a: Gouging Fire|13\/100\n|-damage|p1b: Raging Bolt|73\/100\n|-unboost|p1b: Raging Bolt|spa|1\n|move|p1b: Raging Bolt|Thunderbolt|p2b: Chi-Yu\n|-damage|p2b: Chi-Yu|0 fnt\n|faint|p2b: Chi-Yu\n|-damage|p1b: Raging Bolt|64\/100|[from] item: Life Orb\n|\n|-weather|SunnyDay|[upkeep]\n|upkeep\n|turn|5\n|\n|t:|1739309915\n|move|p2a: Ogerpon|Spiky Shield||[still]\n|-fail|p2a: Ogerpon\n|move|p1a: Gouging Fire|Flare Blitz|p2a: Ogerpon\n|-damage|p2a: Ogerpon|0 fnt\n|faint|p2a: Ogerpon\n|-damage|p1a: Gouging Fire|7\/100|[from] Recoil\n|\n|win|Alitiantian\n|raw|Alitiantian's rating: 1589 &rarr; <strong>1608<\/strong><br \/>(+19 for winning)\n|raw|Zakmancho's rating: 1567 &rarr; <strong>1548<\/strong><br \/>(-19 for losing)\n|l|\u2606Zakmancho\n|player|p2|\n|l|\u2606Alitiantian\n|player|p1|\n|l| Meiser63\n","uploadtime":1739310184,"views":5,"formatid":"gen9vgc2025regg","rating":1548,"private":0,"password":null}