{"id":"gen9vgc2025regg-2298234880","format":"[Gen 9] VGC 2025 Reg G","players":["Karzon","ginopollo"],"log":"|j|\u2606Karzon\n|j|\u2606ginopollo\n|t:|1739221266\n|gametype|doubles\n|player|p1|Karzon|volo|1500\n|player|p2|ginopollo|170|1694\n|teamsize|p1|6\n|teamsize|p2|6\n|gen|9\n|tier|[Gen 9] VGC 2025 Reg G\n|rated|\n|rule|Species Clause: Limit one of each Pok\u00e9mon\n|rule|Item Clause: Limit 1 of each item\n|clearpoke\n|poke|p1|Calyrex-Ice, L50|\n|poke|p1|Thundurus-Therian, L50, M|\n|poke|p1|Pelipper, L50, M|\n|poke|p1|Roaring Moon, L50|\n|poke|p1|Urshifu-*, L50, M|\n|poke|p1|Amoonguss, L50, F|\n|poke|p2|Raging Bolt, L50|\n|poke|p2|Urshifu-*, L50, F|\n|poke|p2|Calyrex-Ice, L50|\n|poke|p2|Incineroar, L50, F|\n|poke|p2|Amoonguss, L50, F|\n|poke|p2|Landorus, L50, M|\n|teampreview|4\n|inactive|Battle timer is ON: inactive players will automatically lose when time's up. (requested by Karzon)\n|inactive|ginopollo has 60 seconds left.\n|\n|t:|1739221337\n|start\n|switch|p1a: Pelipper|Pelipper, L50, M, shiny|100\/100\n|switch|p1b: Amoonguss|Amoonguss, L50, F, shiny|100\/100\n|switch|p2a: Calyrex|Calyrex-Ice, L50|100\/100\n|switch|p2b: Incineroar|Incineroar, L50, F|100\/100\n|-ability|p2a: Calyrex|As One\n|-ability|p2a: Calyrex|Unnerve\n|-weather|RainDance|[from] ability: Drizzle|[of] p1a: Pelipper\n|-ability|p2b: Incineroar|Intimidate|boost\n|-unboost|p1a: Pelipper|atk|1\n|-unboost|p1b: Amoonguss|atk|1\n|turn|1\n|inactive|Karzon has 30 seconds left.\n|inactive|ginopollo has 30 seconds left.\n|inactive|ginopollo has 20 seconds left.\n|inactive|ginopollo has 15 seconds left.\n|inactive|ginopollo has 10 seconds left.\n|\n|t:|1739221384\n|-terastallize|p1a: Pelipper|Ghost\n|move|p2b: Incineroar|Fake Out|p1a: Pelipper\n|-immune|p1a: Pelipper\n|move|p1a: Pelipper|Weather Ball|p2b: Incineroar\n|-supereffective|p2b: Incineroar\n|-damage|p2b: Incineroar|0 fnt\n|faint|p2b: Incineroar\n|move|p2a: Calyrex|Glacial Lance|p1b: Amoonguss|[spread] p1a,p1b\n|-supereffective|p1b: Amoonguss\n|-damage|p1a: Pelipper|23\/100\n|-damage|p1b: Amoonguss|17\/100\n|move|p1b: Amoonguss|Spore|p2a: Calyrex\n|-status|p2a: Calyrex|slp|[from] move: Spore\n|\n|-weather|RainDance|[upkeep]\n|upkeep\n|\n|t:|1739221402\n|switch|p2b: Raging Bolt|Raging Bolt, L50|100\/100\n|turn|2\n|inactive|ginopollo has 30 seconds left.\n|\n|t:|1739221428\n|switch|p1b: Calyrex|Calyrex-Ice, L50|100\/100\n|-ability|p1b: Calyrex|As One\n|-ability|p1b: Calyrex|Unnerve\n|move|p1a: Pelipper|Weather Ball|p2a: Calyrex\n|-damage|p2a: Calyrex|54\/100 slp\n|move|p2b: Raging Bolt|Thunderbolt|p1a: Pelipper\n|-damage|p1a: Pelipper|0 fnt\n|faint|p1a: Pelipper\n|cant|p2a: Calyrex|slp\n|\n|-weather|RainDance|[upkeep]\n|upkeep\n|\n|t:|1739221439\n|switch|p1a: Roaring Moon|Roaring Moon, L50, shiny|100\/100\n|-enditem|p1a: Roaring Moon|Booster Energy\n|-activate|p1a: Roaring Moon|ability: Protosynthesis|[fromitem]\n|-start|p1a: Roaring Moon|protosynthesisspe\n|turn|3\n|inactive|ginopollo has 30 seconds left.\n|inactive|ginopollo has 20 seconds left.\n|inactive|ginopollo has 15 seconds left.\n|\n|t:|1739221482\n|-terastallize|p2a: Calyrex|Fire\n|move|p1a: Roaring Moon|Tailwind|p1a: Roaring Moon\n|-sidestart|p1: Karzon|move: Tailwind\n|move|p1b: Calyrex|Imprison|p1b: Calyrex\n|-start|p1b: Calyrex|move: Imprison\n|move|p2b: Raging Bolt|Thunderbolt|p1a: Roaring Moon\n|-resisted|p1a: Roaring Moon\n|-damage|p1a: Roaring Moon|74\/100\n|cant|p2a: Calyrex|slp\n|\n|-weather|RainDance|[upkeep]\n|upkeep\n|turn|4\n|\n|t:|1739221505\n|move|p1a: Roaring Moon|Knock Off|p2a: Calyrex\n|-damage|p2a: Calyrex|23\/100 slp\n|-enditem|p2a: Calyrex|Clear Amulet|[from] move: Knock Off|[of] p1a: Roaring Moon\n|move|p1b: Calyrex|Glacial Lance|p2a: Calyrex|[spread] p2a,p2b\n|-resisted|p2a: Calyrex\n|-supereffective|p2b: Raging Bolt\n|-damage|p2a: Calyrex|2\/100 slp\n|-damage|p2b: Raging Bolt|0 fnt\n|faint|p2b: Raging Bolt\n|-end|p2b: Raging Bolt|Protosynthesis|[silent]\n|-ability|p1b: Calyrex|Chilling Neigh|boost\n|-boost|p1b: Calyrex|atk|1\n|cant|p2a: Calyrex|slp\n|\n|-weather|RainDance|[upkeep]\n|upkeep\n|\n|t:|1739221516\n|switch|p2b: Amoonguss|Amoonguss, L50, F|100\/100\n|turn|5\n|\n|t:|1739221524\n|move|p1a: Roaring Moon|Knock Off|p2b: Amoonguss\n|-damage|p2b: Amoonguss|51\/100\n|-damage|p1a: Roaring Moon|58\/100|[from] item: Rocky Helmet|[of] p2b: Amoonguss\n|-enditem|p2b: Amoonguss|Rocky Helmet|[from] move: Knock Off|[of] p1a: Roaring Moon\n|move|p1b: Calyrex|Glacial Lance|p2a: Calyrex|[spread] p2a,p2b\n|-resisted|p2a: Calyrex\n|-crit|p2a: Calyrex\n|-supereffective|p2b: Amoonguss\n|-damage|p2a: Calyrex|0 fnt\n|-damage|p2b: Amoonguss|0 fnt\n|faint|p2a: Calyrex\n|faint|p2b: Amoonguss\n|\n|win|Karzon\n|raw|Karzon's rating: 1500 &rarr; <strong>1530<\/strong><br \/>(+30 for winning)\n|raw|ginopollo's rating: 1694 &rarr; <strong>1664<\/strong><br \/>(-30 for losing)\n","uploadtime":1739221529,"views":35,"formatid":"gen9vgc2025regg","rating":1530,"private":0,"password":null}