{"id":"gen9vgc2025regg-2298484232","format":"[Gen 9] VGC 2025 Reg G","players":["feverheadache","bieiup"],"log":"|j|\u2606feverheadache\n|j|\u2606bieiup\n|t:|1739253799\n|gametype|doubles\n|player|p1|feverheadache|dawn|1613\n|player|p2|bieiup|lillie-z|1688\n|teamsize|p1|6\n|teamsize|p2|6\n|gen|9\n|tier|[Gen 9] VGC 2025 Reg G\n|rated|\n|rule|Species Clause: Limit one of each Pok\u00e9mon\n|rule|Item Clause: Limit 1 of each item\n|clearpoke\n|poke|p1|Zacian-*, L50|\n|poke|p1|Chien-Pao, L50|\n|poke|p1|Ogerpon, L50, F|\n|poke|p1|Urshifu-*, L50, M|\n|poke|p1|Roaring Moon, L50|\n|poke|p1|Rillaboom, L50, F|\n|poke|p2|Raging Bolt, L50|\n|poke|p2|Miraidon, L50|\n|poke|p2|Chi-Yu, L50|\n|poke|p2|Torkoal, L50, M|\n|poke|p2|Farigiraf, L50, F|\n|poke|p2|Ursaluna, L50, M|\n|teampreview|4\n|inactive|Battle timer is ON: inactive players will automatically lose when time's up. (requested by bieiup)\n|j| sof.eir\n|\n|t:|1739253829\n|start\n|switch|p1a: Ogerpon|Ogerpon, L50, F|100\/100\n|switch|p1b: Rillaboom|Rillaboom, L50, F|100\/100\n|switch|p2a: Miraidon|Miraidon, L50|100\/100\n|switch|p2b: Farigiraf|Farigiraf, L50, F|100\/100\n|-fieldstart|move: Electric Terrain|[from] ability: Hadron Engine|[of] p2a: Miraidon\n|-enditem|p2b: Farigiraf|Electric Seed\n|-boost|p2b: Farigiraf|def|1|[from] item: Electric Seed\n|-fieldstart|move: Grassy Terrain|[from] ability: Grassy Surge|[of] p1b: Rillaboom\n|turn|1\n|\n|t:|1739253853\n|move|p2a: Miraidon|Draco Meteor|p1a: Ogerpon\n|-damage|p1a: Ogerpon|0 fnt\n|-unboost|p2a: Miraidon|spa|2\n|faint|p1a: Ogerpon\n|move|p1b: Rillaboom|Wood Hammer|p2b: Farigiraf\n|-damage|p2b: Farigiraf|59\/100\n|-damage|p1b: Rillaboom|85\/100|[from] Recoil\n|move|p2b: Farigiraf|Trick Room|p2b: Farigiraf\n|-fieldstart|move: Trick Room|[of] p2b: Farigiraf\n|\n|-heal|p2b: Farigiraf|65\/100|[from] Grassy Terrain\n|-heal|p1b: Rillaboom|91\/100|[from] Grassy Terrain\n|upkeep\n|\n|t:|1739253857\n|switch|p1a: Zacian|Zacian-Crowned, L50|100\/100\n|-ability|p1a: Zacian|Intrepid Sword|boost\n|-boost|p1a: Zacian|atk|1\n|turn|2\n|\n|t:|1739253864\n|move|p2b: Farigiraf|Helping Hand|p2a: Miraidon\n|-singleturn|p2a: Miraidon|Helping Hand|[of] p2b: Farigiraf\n|move|p1b: Rillaboom|High Horsepower|p2a: Miraidon\n|-supereffective|p2a: Miraidon\n|-damage|p2a: Miraidon|34\/100\n|move|p2a: Miraidon|Draco Meteor|p1b: Rillaboom\n|-damage|p1b: Rillaboom|41\/100\n|-unboost|p2a: Miraidon|spa|2\n|move|p1a: Zacian|Behemoth Blade|p2b: Farigiraf\n|-damage|p2b: Farigiraf|16\/100\n|\n|-heal|p2b: Farigiraf|22\/100|[from] Grassy Terrain\n|-heal|p1b: Rillaboom|47\/100|[from] Grassy Terrain\n|-heal|p2a: Miraidon|40\/100|[from] Grassy Terrain\n|upkeep\n|turn|3\n|inactive|feverheadache has 30 seconds left.\n|\n|t:|1739253891\n|switch|p2a: Ursaluna|Ursaluna, L50, M|100\/100\n|move|p2b: Farigiraf|Foul Play|p1b: Rillaboom\n|-damage|p1b: Rillaboom|14\/100\n|move|p1b: Rillaboom|Wood Hammer|p2a: Ursaluna\n|-supereffective|p2a: Ursaluna\n|-damage|p2a: Ursaluna|0 fnt\n|faint|p2a: Ursaluna\n|-damage|p1b: Rillaboom|0 fnt|[from] Recoil\n|faint|p1b: Rillaboom\n|move|p1a: Zacian|Behemoth Blade|p2b: Farigiraf\n|-damage|p2b: Farigiraf|0 fnt\n|faint|p2b: Farigiraf\n|\n|upkeep\n|\n|t:|1739253900\n|switch|p2a: Torkoal|Torkoal, L50, M|100\/100\n|switch|p2b: Miraidon|Miraidon, L50|40\/100\n|switch|p1b: Urshifu|Urshifu-Rapid-Strike, L50, M|100\/100\n|-weather|SunnyDay|[from] ability: Drought|[of] p2a: Torkoal\n|-item|p2a: Torkoal|Air Balloon\n|-fieldstart|move: Electric Terrain|[from] ability: Hadron Engine|[of] p2b: Miraidon\n|turn|4\n|\n|t:|1739253919\n|-terastallize|p2a: Torkoal|Fire\n|-terastallize|p1a: Zacian|Dragon\n|move|p2a: Torkoal|Eruption|p1b: Urshifu|[spread] p1a,p1b\n|-resisted|p1a: Zacian\n|-resisted|p1b: Urshifu\n|-damage|p1a: Zacian|50\/100\n|-damage|p1b: Urshifu|25\/100\n|move|p1b: Urshifu|Close Combat|p2b: Miraidon\n|-damage|p2b: Miraidon|0 fnt\n|-unboost|p1b: Urshifu|def|1\n|-unboost|p1b: Urshifu|spd|1\n|faint|p2b: Miraidon\n|move|p1a: Zacian|Sacred Sword|p2a: Torkoal\n|-damage|p2a: Torkoal|60\/100\n|-enditem|p2a: Torkoal|Air Balloon\n|\n|-weather|SunnyDay|[upkeep]\n|upkeep\n|turn|5\n|\n|t:|1739253935\n|move|p2a: Torkoal|Fissure|p1a: Zacian|[miss]\n|-miss|p2a: Torkoal|p1a: Zacian\n|move|p1b: Urshifu|Close Combat|p2a: Torkoal\n|-damage|p2a: Torkoal|0 fnt\n|-unboost|p1b: Urshifu|def|1\n|-unboost|p1b: Urshifu|spd|1\n|faint|p2a: Torkoal\n|\n|win|feverheadache\n|raw|feverheadache's rating: 1613 &rarr; <strong>1637<\/strong><br \/>(+24 for winning)\n|raw|bieiup's rating: 1688 &rarr; <strong>1664<\/strong><br \/>(-24 for losing)\n|l|\u2606bieiup\n|player|p2|\n|l|\u2606feverheadache\n|player|p1|\n|l| sof.eir\n","uploadtime":1739254098,"views":11,"formatid":"gen9vgc2025regg","rating":1637,"private":0,"password":null}