{"id":"gen9vgc2025regg-2298313859","format":"[Gen 9] VGC 2025 Reg G","players":["steel_jugulis","Gi1796"],"log":"|j|\u2606steel_jugulis\n|j|\u2606Gi1796\n|t:|1739230122\n|gametype|doubles\n|player|p1|steel_jugulis|265|1527\n|player|p2|Gi1796|veteran|1588\n|teamsize|p1|6\n|teamsize|p2|6\n|gen|9\n|tier|[Gen 9] VGC 2025 Reg G\n|rated|\n|rule|Species Clause: Limit one of each Pok\u00e9mon\n|rule|Item Clause: Limit 1 of each item\n|clearpoke\n|poke|p1|Calyrex-Shadow, L50|\n|poke|p1|Incineroar, L50, F|\n|poke|p1|Urshifu-*, L50, M|\n|poke|p1|Raging Bolt, L50|\n|poke|p1|Indeedee-F, L50, F|\n|poke|p1|Ogerpon, L50, F|\n|poke|p2|Tornadus, L50, M|\n|poke|p2|Indeedee-F, L50, F|\n|poke|p2|Urshifu-*, L50, M|\n|poke|p2|Calyrex-Shadow, L50|\n|poke|p2|Ogerpon-Cornerstone, L50, F|\n|poke|p2|Chi-Yu, L50|\n|teampreview|4\nGi1796 has agreed to open team sheets.\n|c|\u2606steel_jugulis|Hello\n|inactive|Battle timer is ON: inactive players will automatically lose when time's up. (requested by Gi1796)\n|inactive|Gi1796 has 60 seconds left.\n|\n|t:|1739230170\n|start\n|switch|p1a: Incineroar|Incineroar, L50, F|100\/100\n|switch|p1b: Urshifu|Urshifu-Rapid-Strike, L50, M|100\/100\n|switch|p2a: Chi-Yu|Chi-Yu, L50|100\/100\n|switch|p2b: Ogerpon|Ogerpon-Cornerstone, L50, F|100\/100\n|-ability|p2a: Chi-Yu|Beads of Ruin\n|-ability|p1a: Incineroar|Intimidate|boost\n|-unboost|p2a: Chi-Yu|atk|1\n|-unboost|p2b: Ogerpon|atk|1\n|turn|1\n|\n|t:|1739230195\n|switch|p2a: Urshifu|Urshifu-Rapid-Strike, L50, M|100\/100\n|move|p1a: Incineroar|Fake Out|p2b: Ogerpon\n|-resisted|p2b: Ogerpon\n|-crit|p2b: Ogerpon\n|-damage|p2b: Ogerpon|88\/100\n|move|p1b: Urshifu|Surging Strikes|p2a: Urshifu\n|-resisted|p2a: Urshifu\n|-crit|p2a: Urshifu\n|-damage|p2a: Urshifu|91\/100\n|-resisted|p2a: Urshifu\n|-crit|p2a: Urshifu\n|-damage|p2a: Urshifu|81\/100\n|-resisted|p2a: Urshifu\n|-crit|p2a: Urshifu\n|-damage|p2a: Urshifu|72\/100\n|-hitcount|p2a: Urshifu|3\n|cant|p2b: Ogerpon|flinch\n|\n|upkeep\n|turn|2\n|j| Meiser63\n|inactive|steel_jugulis has 30 seconds left.\n|\n|t:|1739230221\n|switch|p1a: Indeedee|Indeedee-F, L50, F|100\/100\n|-fieldstart|move: Psychic Terrain|[from] ability: Psychic Surge|[of] p1a: Indeedee\n|move|p1b: Urshifu|Surging Strikes|p2b: Ogerpon\n|-crit|p2b: Ogerpon\n|-damage|p2b: Ogerpon|63\/100\n|-crit|p2b: Ogerpon\n|-damage|p2b: Ogerpon|38\/100\n|-crit|p2b: Ogerpon\n|-damage|p2b: Ogerpon|15\/100\n|-hitcount|p2b: Ogerpon|3\n|move|p2b: Ogerpon|Power Whip|p1b: Urshifu\n|-supereffective|p1b: Urshifu\n|-damage|p1b: Urshifu|10\/100\n|move|p2a: Urshifu|Surging Strikes|p1a: Indeedee\n|-crit|p1a: Indeedee\n|-damage|p1a: Indeedee|73\/100\n|-crit|p1a: Indeedee\n|-damage|p1a: Indeedee|42\/100\n|-crit|p1a: Indeedee\n|-damage|p1a: Indeedee|13\/100\n|-hitcount|p1a: Indeedee|3\n|\n|upkeep\n|turn|3\n|inactive|steel_jugulis has 30 seconds left.\n|inactive|Gi1796 has 30 seconds left.\n|\n|t:|1739230253\n|move|p1b: Urshifu|Surging Strikes|p2b: Ogerpon\n|-crit|p2b: Ogerpon\n|-damage|p2b: Ogerpon|0 fnt\n|faint|p2b: Ogerpon\n|-hitcount|p2: Ogerpon|1\n|move|p2a: Urshifu|Surging Strikes|p1a: Indeedee\n|-crit|p1a: Indeedee\n|-damage|p1a: Indeedee|0 fnt\n|faint|p1a: Indeedee\n|-hitcount|p1: Indeedee|1\n|\n|upkeep\n|\n|t:|1739230267\n|switch|p2b: Calyrex|Calyrex-Shadow, L50|100\/100\n|switch|p1a: Calyrex|Calyrex-Shadow, L50|100\/100\n|-ability|p2b: Calyrex|As One\n|-ability|p2b: Calyrex|Unnerve\n|-ability|p1a: Calyrex|As One\n|-ability|p1a: Calyrex|Unnerve\n|turn|4\n|l| Meiser63\n|\n|t:|1739230290\n|-terastallize|p1a: Calyrex|Dark\n|move|p1b: Urshifu|Surging Strikes|p2b: Calyrex\n|-crit|p2b: Calyrex\n|-damage|p2b: Calyrex|79\/100\n|-crit|p2b: Calyrex\n|-damage|p2b: Calyrex|57\/100\n|-crit|p2b: Calyrex\n|-damage|p2b: Calyrex|34\/100\n|-hitcount|p2b: Calyrex|3\n|move|p2b: Calyrex|Astral Barrage|p1a: Calyrex|[spread] p1a,p1b\n|-resisted|p1a: Calyrex\n|-damage|p1a: Calyrex|70\/100\n|-damage|p1b: Urshifu|0 fnt\n|faint|p1b: Urshifu\n|-ability|p2b: Calyrex|Grim Neigh|boost\n|-boost|p2b: Calyrex|spa|1\n|-damage|p2b: Calyrex|24\/100|[from] item: Life Orb\n|move|p1a: Calyrex|Expanding Force|p2b: Calyrex|[spread] p2a,p2b\n|-supereffective|p2a: Urshifu\n|-resisted|p2b: Calyrex\n|-damage|p2a: Urshifu|0 fnt\n|-damage|p2b: Calyrex|0 fnt\n|faint|p2a: Urshifu\n|faint|p2b: Calyrex\n|-ability|p1a: Calyrex|Grim Neigh|boost\n|-boost|p1a: Calyrex|spa|2\n|-damage|p1a: Calyrex|60\/100|[from] item: Life Orb\n|\n|upkeep\n|\n|t:|1739230308\n|switch|p2b: Chi-Yu|Chi-Yu, L50|100\/100\n|switch|p1b: Incineroar|Incineroar, L50, F|100\/100\n|-ability|p2b: Chi-Yu|Beads of Ruin\n|-ability|p1b: Incineroar|Intimidate|boost\n|-unboost|p2b: Chi-Yu|atk|1\n|turn|5\n|\n|t:|1739230327\n|move|p1a: Calyrex|Protect|p1a: Calyrex\n|-singleturn|p1a: Calyrex|Protect\n|move|p2b: Chi-Yu|Heat Wave|p1b: Incineroar|[spread] \n|-activate|p1a: Calyrex|move: Protect\n|-miss|p2b: Chi-Yu|p1b: Incineroar\n|move|p1b: Incineroar|Knock Off|p2b: Chi-Yu\n|-resisted|p2b: Chi-Yu\n|-damage|p2b: Chi-Yu|68\/100\n|-enditem|p2b: Chi-Yu|Choice Scarf|[from] move: Knock Off|[of] p1b: Incineroar\n|\n|upkeep\n|turn|6\n|\n|t:|1739230342\n|move|p1a: Calyrex|Astral Barrage|p2b: Chi-Yu\n|-resisted|p2b: Chi-Yu\n|-damage|p2b: Chi-Yu|0 fnt\n|faint|p2b: Chi-Yu\n|-damage|p1a: Calyrex|51\/100|[from] item: Life Orb\n|\n|win|steel_jugulis\n|raw|steel_jugulis's rating: 1527 &rarr; <strong>1550<\/strong><br \/>(+23 for winning)\n|raw|Gi1796's rating: 1588 &rarr; <strong>1565<\/strong><br \/>(-23 for losing)\n|c|\u2606steel_jugulis|gg\n|l|\u2606Gi1796\n|player|p2|\n|l|\u2606steel_jugulis\n|player|p1|\n","uploadtime":1739230615,"views":5,"formatid":"gen9vgc2025regg","rating":1550,"private":0,"password":null}