{"id":"gen9vgc2025regg-2298318789","format":"[Gen 9] VGC 2025 Reg G","players":["OnADiffWorkComp","Shikahkah"],"log":"|j|\u2606OnADiffWorkComp\n|j|\u2606Shikahkah\n|t:|1739230713\n|gametype|doubles\n|player|p1|OnADiffWorkComp|169|1592\n|player|p2|Shikahkah|170|1687\n|teamsize|p1|6\n|teamsize|p2|6\n|gen|9\n|tier|[Gen 9] VGC 2025 Reg G\n|rated|\n|rule|Species Clause: Limit one of each Pok\u00e9mon\n|rule|Item Clause: Limit 1 of each item\n|clearpoke\n|poke|p1|Smeargle, L50, M|\n|poke|p1|Calyrex-Shadow, L50|\n|poke|p1|Clefairy, L50, F|\n|poke|p1|Tornadus, L50, M|\n|poke|p1|Urshifu-*, L50, F|\n|poke|p1|Rillaboom, L50, M|\n|poke|p2|Calyrex-Shadow, L50|\n|poke|p2|Scizor, L50, M|\n|poke|p2|Incineroar, L50, M|\n|poke|p2|Farigiraf, L50, M|\n|poke|p2|Raging Bolt, L50|\n|poke|p2|Urshifu-*, L50, M|\n|teampreview|4\n|inactive|Battle timer is ON: inactive players will automatically lose when time's up. (requested by OnADiffWorkComp)\n|\n|t:|1739230752\n|start\n|switch|p1a: Smeargle|Smeargle, L50, M|100\/100\n|switch|p1b: Calyrex|Calyrex-Shadow, L50|100\/100\n|switch|p2a: Scizor|Scizor, L50, M|100\/100\n|switch|p2b: Incineroar|Incineroar, L50, M|100\/100\n|-ability|p1b: Calyrex|As One\n|-ability|p1b: Calyrex|Unnerve\n|-ability|p2b: Incineroar|Intimidate|boost\n|-unboost|p1a: Smeargle|atk|1\n|-unboost|p1b: Calyrex|atk|1\n|turn|1\n|\n|t:|1739230768\n|-terastallize|p1a: Smeargle|Ghost\n|move|p1a: Smeargle|Follow Me|p1a: Smeargle\n|-singleturn|p1a: Smeargle|move: Follow Me\n|move|p2a: Scizor|Bullet Punch|p1a: Smeargle\n|-enditem|p1a: Smeargle|Focus Sash\n|-damage|p1a: Smeargle|1\/100\n|move|p1b: Calyrex|Nasty Plot|p1b: Calyrex\n|-boost|p1b: Calyrex|spa|2\n|move|p2b: Incineroar|Knock Off|p1a: Smeargle\n|-supereffective|p1a: Smeargle\n|-damage|p1a: Smeargle|0 fnt\n|faint|p1a: Smeargle\n|\n|upkeep\n|\n|t:|1739230781\n|switch|p1a: Clefairy|Clefairy, L50, F|100\/100\n|turn|2\n|\n|t:|1739230793\n|switch|p2a: Farigiraf|Farigiraf, L50, M|100\/100\n|move|p1a: Clefairy|Follow Me|p1a: Clefairy\n|-singleturn|p1a: Clefairy|move: Follow Me\n|move|p1b: Calyrex|Astral Barrage|p2b: Incineroar|[spread] p2b\n|-immune|p2a: Farigiraf\n|-resisted|p2b: Incineroar\n|-damage|p2b: Incineroar|55\/100\n|-damage|p1b: Calyrex|91\/100|[from] item: Life Orb\n|move|p2b: Incineroar|Knock Off|p1a: Clefairy\n|-resisted|p1a: Clefairy\n|-damage|p1a: Clefairy|83\/100\n|-enditem|p1a: Clefairy|Eviolite|[from] move: Knock Off|[of] p2b: Incineroar\n|\n|upkeep\n|turn|3\n|\n|t:|1739230815\n|move|p1a: Clefairy|Follow Me|p1a: Clefairy\n|-singleturn|p1a: Clefairy|move: Follow Me\n|move|p1b: Calyrex|Giga Drain|p2a: Farigiraf\n|-damage|p2a: Farigiraf|24\/100\n|-heal|p1b: Calyrex|100\/100|[from] drain|[of] p2a: Farigiraf\n|-damage|p1b: Calyrex|91\/100|[from] item: Life Orb\n|move|p2b: Incineroar|Flare Blitz|p1a: Clefairy\n|-damage|p1a: Clefairy|15\/100\n|-damage|p2b: Incineroar|35\/100|[from] Recoil\n|move|p2a: Farigiraf|Trick Room|p2a: Farigiraf\n|-fieldstart|move: Trick Room|[of] p2a: Farigiraf\n|\n|upkeep\n|turn|4\n|\n|t:|1739230831\n|move|p1a: Clefairy|After You|p1b: Calyrex\n|-activate|p1b: Calyrex|move: After You\n|move|p1b: Calyrex|Astral Barrage|p2a: Farigiraf|[spread] p2b\n|-immune|p2a: Farigiraf\n|-resisted|p2b: Incineroar\n|-damage|p2b: Incineroar|0 fnt\n|faint|p2b: Incineroar\n|-ability|p1b: Calyrex|Grim Neigh|boost\n|-boost|p1b: Calyrex|spa|1\n|-damage|p1b: Calyrex|81\/100|[from] item: Life Orb\n|move|p2a: Farigiraf|Hyper Voice|p1a: Clefairy|[spread] p1a\n|-immune|p1b: Calyrex\n|-damage|p1a: Clefairy|0 fnt\n|faint|p1a: Clefairy\n|-enditem|p2a: Farigiraf|Throat Spray\n|-boost|p2a: Farigiraf|spa|1|[from] item: Throat Spray\n|\n|upkeep\n|\n|t:|1739230848\n|switch|p1a: Tornadus|Tornadus, L50, M|100\/100\n|switch|p2b: Scizor|Scizor, L50, M|100\/100\n|turn|5\n|\n|t:|1739230871\n|-terastallize|p2b: Scizor|Steel\n|move|p2b: Scizor|Bullet Punch|p1b: Calyrex\n|-damage|p1b: Calyrex|0 fnt\n|faint|p1b: Calyrex\n|move|p2a: Farigiraf|Psychic|p1a: Tornadus\n|-damage|p1a: Tornadus|39\/100\n|move|p1a: Tornadus|Bleakwind Storm|p2a: Farigiraf|[spread] \n|-miss|p1a: Tornadus|p2a: Farigiraf\n|-miss|p1a: Tornadus|p2b: Scizor\n|\n|upkeep\n|turn|6\n|j| mr pogostick\n|-message|OnADiffWorkComp forfeited.\n|\n|win|Shikahkah\n|raw|OnADiffWorkComp's rating: 1592 &rarr; <strong>1577<\/strong><br \/>(-15 for losing)\n|raw|Shikahkah's rating: 1687 &rarr; <strong>1702<\/strong><br \/>(+15 for winning)\n|l|\u2606OnADiffWorkComp\n|player|p1|\n|l| mr pogostick\n|l|\u2606Shikahkah\n|player|p2|\n","uploadtime":1739231030,"views":8,"formatid":"gen9vgc2025regg","rating":1577,"private":0,"password":null}