{"id":"gen9vgc2025regg-2298984831","format":"[Gen 9] VGC 2025 Reg G","players":["KyogreBoii","chappell murkroan"],"log":"|j|\u2606KyogreBoii\n|j|\u2606chappell murkroan\n|t:|1739315178\n|gametype|doubles\n|player|p1|KyogreBoii|crasherwake|1565\n|player|p2|chappell murkroan|caitlin|1597\n|teamsize|p1|6\n|teamsize|p2|6\n|gen|9\n|tier|[Gen 9] VGC 2025 Reg G\n|rated|\n|rule|Species Clause: Limit one of each Pok\u00e9mon\n|rule|Item Clause: Limit 1 of each item\n|clearpoke\n|poke|p1|Kyogre, L50|\n|poke|p1|Tornadus, L50, M|\n|poke|p1|Dondozo, L50, M|\n|poke|p1|Tatsugiri-Droopy, L50, M|\n|poke|p1|Weezing-Galar, L50, M|\n|poke|p1|Iron Hands, L50|\n|poke|p2|Slowking, L50, F|\n|poke|p2|Weezing-Galar, L50, F|\n|poke|p2|Baxcalibur, L50, M|\n|poke|p2|Kyogre, L50|\n|poke|p2|Indeedee-F, L50, F|\n|poke|p2|Smeargle, L50, F|\n|teampreview|4\n|inactive|Battle timer is ON: inactive players will automatically lose when time's up. (requested by chappell murkroan)\n|inactive|KyogreBoii also wants the timer to be on.\n|\n|t:|1739315200\n|start\n|switch|p1a: Kyogre|Kyogre, L50|100\/100\n|switch|p1b: Iron Hands|Iron Hands, L50|100\/100\n|switch|p2a: Kyogre|Kyogre, L50|100\/100\n|switch|p2b: Smeargle|Smeargle, L50, F|100\/100\n|-weather|RainDance|[from] ability: Drizzle|[of] p2a: Kyogre\n|-enditem|p1b: Iron Hands|Booster Energy\n|-activate|p1b: Iron Hands|ability: Quark Drive|[fromitem]\n|-start|p1b: Iron Hands|quarkdriveatk\n|turn|1\n|\n|t:|1739315213\n|-terastallize|p2a: Kyogre|Water\n|-terastallize|p1a: Kyogre|Ghost\n|move|p2b: Smeargle|Fake Out|p1b: Iron Hands\n|-damage|p1b: Iron Hands|97\/100\n|cant|p1b: Iron Hands|flinch\n|move|p2a: Kyogre|Water Spout|p1b: Iron Hands|[spread] p1a,p1b\n|-damage|p1a: Kyogre|36\/100\n|-damage|p1b: Iron Hands|0 fnt\n|faint|p1b: Iron Hands\n|-end|p1b: Iron Hands|Quark Drive|[silent]\n|move|p1a: Kyogre|Ice Beam|p2b: Smeargle\n|-damage|p2b: Smeargle|32\/100\n|\n|-weather|RainDance|[upkeep]\n|-ability|p2b: Smeargle|Moody|boost\n|-boost|p2b: Smeargle|atk|2\n|-unboost|p2b: Smeargle|def|1\n|upkeep\n|\n|t:|1739315219\n|switch|p1b: Dondozo|Dondozo, L50, M|100\/100\n|turn|2\n|\n|t:|1739315234\n|switch|p1a: Tatsugiri|Tatsugiri-Droopy, L50, M|100\/100\n|-activate|p1a: Tatsugiri|ability: Commander|[of] p1b: Dondozo\n|-boost|p1b: Dondozo|atk|2\n|-boost|p1b: Dondozo|spa|2\n|-boost|p1b: Dondozo|spe|2\n|-boost|p1b: Dondozo|def|2\n|-boost|p1b: Dondozo|spd|2\n|switch|p2b: Weezing|Weezing-Galar, L50, F|100\/100\n|-ability|p2b: Weezing|Neutralizing Gas\n|move|p2a: Kyogre|Water Spout|p1b: Dondozo|[spread] p1b\n|-miss|p2a: Kyogre|p1a: Tatsugiri\n|-resisted|p1b: Dondozo\n|-damage|p1b: Dondozo|72\/100\n|move|p1b: Dondozo|Order Up|p2b: Weezing\n|-immune|p2b: Weezing\n|\n|-weather|RainDance|[upkeep]\n|-heal|p1b: Dondozo|78\/100|[from] item: Leftovers\n|upkeep\n|turn|3\n|\n|t:|1739315247\n|move|p2a: Kyogre|Water Spout|p1b: Dondozo|[spread] p1b\n|-miss|p2a: Kyogre|p1a: Tatsugiri\n|-resisted|p1b: Dondozo\n|-damage|p1b: Dondozo|53\/100\n|move|p1b: Dondozo|Body Press|p2a: Kyogre\n|-damage|p2a: Kyogre|52\/100\n|move|p2b: Weezing|Gunk Shot|p1b: Dondozo|[miss]\n|-miss|p2b: Weezing|p1b: Dondozo\n|\n|-weather|RainDance|[upkeep]\n|-heal|p1b: Dondozo|60\/100|[from] item: Leftovers\n|upkeep\n|turn|4\n|\n|t:|1739315263\n|switch|p2a: Slowking|Slowking, L50, F|100\/100\n|move|p1b: Dondozo|Wave Crash|p2b: Weezing\n|-damage|p2b: Weezing|0 fnt\n|faint|p2b: Weezing\n|-end|p2b: Weezing|ability: Neutralizing Gas\n|-damage|p1b: Dondozo|41\/100|[from] Recoil\n|\n|-weather|RainDance|[upkeep]\n|-heal|p1b: Dondozo|47\/100|[from] item: Leftovers\n|upkeep\n|\n|t:|1739315276\n|switch|p2b: Smeargle|Smeargle, L50, F|32\/100\n|turn|5\n|\n|t:|1739315282\n|move|p2b: Smeargle|Fake Out|p1b: Dondozo\n|-damage|p1b: Dondozo|45\/100\n|cant|p1b: Dondozo|flinch\n|move|p2a: Slowking|Trick Room|p2a: Slowking\n|-fieldstart|move: Trick Room|[of] p2a: Slowking\n|\n|-weather|none\n|-heal|p1b: Dondozo|51\/100|[from] item: Leftovers\n|-ability|p2b: Smeargle|Moody|boost\n|-boost|p2b: Smeargle|def|2\n|-unboost|p2b: Smeargle|spe|1\n|upkeep\n|turn|6\n|\n|t:|1739315290\n|move|p1b: Dondozo|Protect|p1b: Dondozo\n|-singleturn|p1b: Dondozo|Protect\n|move|p2a: Slowking|Grass Knot|p1b: Dondozo\n|-activate|p1b: Dondozo|move: Protect\n|move|p2b: Smeargle|Spore|p1b: Dondozo\n|-activate|p1b: Dondozo|move: Protect\n|\n|-heal|p1b: Dondozo|58\/100|[from] item: Leftovers\n|-ability|p2b: Smeargle|Moody|boost\n|-boost|p2b: Smeargle|spa|2\n|-unboost|p2b: Smeargle|def|1\n|upkeep\n|turn|7\n|\n|t:|1739315296\n|move|p1b: Dondozo|Protect||[still]\n|-fail|p1b: Dondozo\n|move|p2a: Slowking|Expanding Force|p1b: Dondozo\n|-damage|p1b: Dondozo|36\/100\n|-damage|p2a: Slowking|91\/100|[from] item: Life Orb\n|move|p2b: Smeargle|Spore|p1b: Dondozo\n|-status|p1b: Dondozo|slp|[from] move: Spore\n|\n|-heal|p1b: Dondozo|42\/100 slp|[from] item: Leftovers\n|-ability|p2b: Smeargle|Moody|boost\n|-boost|p2b: Smeargle|atk|2\n|-unboost|p2b: Smeargle|spd|1\n|upkeep\n|turn|8\n|\n|t:|1739315308\n|switch|p2b: Kyogre|Kyogre, L50, tera:Water|52\/100\n|-weather|RainDance|[from] ability: Drizzle|[of] p2b: Kyogre\n|cant|p1b: Dondozo|slp\n|move|p2a: Slowking|Grass Knot|p1b: Dondozo\n|-supereffective|p1b: Dondozo\n|-damage|p1b: Dondozo|0 fnt\n|faint|p1b: Dondozo\n|-damage|p2a: Slowking|81\/100|[from] item: Life Orb\n|\n|-weather|RainDance|[upkeep]\n|upkeep\n|\n|t:|1739315312\n|switch|p1b: Kyogre|Kyogre, L50, tera:Ghost|36\/100\n|turn|9\n|\n|t:|1739315323\n|switch|p2b: Smeargle|Smeargle, L50, F|32\/100\n|move|p2a: Slowking|Scald|p1b: Kyogre\n|-damage|p1b: Kyogre|0 fnt\n|faint|p1b: Kyogre\n|-damage|p2a: Slowking|72\/100|[from] item: Life Orb\n|move|p1a: Tatsugiri|Draco Meteor|p2b: Smeargle\n|-crit|p2b: Smeargle\n|-damage|p2b: Smeargle|0 fnt\n|-unboost|p1a: Tatsugiri|spa|2\n|faint|p2b: Smeargle\n|\n|-weather|RainDance|[upkeep]\n|-fieldend|move: Trick Room\n|upkeep\n|-message|KyogreBoii forfeited.\n|\n|win|chappell murkroan\n|raw|KyogreBoii's rating: 1565 &rarr; <strong>1547<\/strong><br \/>(-18 for losing)\n|raw|chappell murkroan's rating: 1597 &rarr; <strong>1615<\/strong><br \/>(+18 for winning)\n|l|\u2606KyogreBoii\n|player|p1|\n|l|\u2606chappell murkroan\n|player|p2|\n","uploadtime":1739315488,"views":5,"formatid":"gen9vgc2025regg","rating":1547,"private":0,"password":null}