{"id":"gen9vgc2025regg-2298248184","format":"[Gen 9] VGC 2025 Reg G","players":["searows","yukita_somaru"],"log":"|j|\u2606searows\n|j|\u2606yukita_somaru\n|t:|1739222668\n|gametype|doubles\n|player|p1|searows|miku-water|1548\n|player|p2|yukita_somaru|chuck|1641\n|teamsize|p1|6\n|teamsize|p2|6\n|gen|9\n|tier|[Gen 9] VGC 2025 Reg G\n|rated|\n|rule|Species Clause: Limit one of each Pok\u00e9mon\n|rule|Item Clause: Limit 1 of each item\n|clearpoke\n|poke|p1|Calyrex-Ice, L50|\n|poke|p1|Raging Bolt, L50|\n|poke|p1|Urshifu-*, L50, F|\n|poke|p1|Amoonguss, L50, F|\n|poke|p1|Ogerpon-Cornerstone, L50, F|\n|poke|p1|Tornadus, L50, M|\n|poke|p2|Miraidon, L50|\n|poke|p2|Iron Bundle, L50|\n|poke|p2|Iron Hands, L50|\n|poke|p2|Dragonite, L50, F|\n|poke|p2|Dondozo, L50, F|\n|poke|p2|Tatsugiri-Droopy, L50, F|\n|teampreview|4\nsearows has agreed to open team sheets.\n|inactive|Battle timer is ON: inactive players will automatically lose when time's up. (requested by yukita_somaru)\n|\n|t:|1739222694\n|start\n|switch|p1a: Ogerpon|Ogerpon-Cornerstone, L50, F|100\/100\n|switch|p1b: Calyrex|Calyrex-Ice, L50|100\/100\n|switch|p2a: \u30df\u30e9\u30a4\u30c9\u30f3|Miraidon, L50|100\/100\n|switch|p2b: \u30d8\u30a4\u30e9\u30c3\u30b7\u30e3|Dondozo, L50, F|100\/100\n|-ability|p1b: Calyrex|As One\n|-ability|p1b: Calyrex|Unnerve\n|-fieldstart|move: Electric Terrain|[from] ability: Hadron Engine|[of] p2a: \u30df\u30e9\u30a4\u30c9\u30f3\n|turn|1\n|inactive|yukita_somaru has 30 seconds left.\n|inactive|yukita_somaru has 20 seconds left.\n|inactive|yukita_somaru has 15 seconds left.\n|inactive|yukita_somaru has 10 seconds left.\n|inactive|yukita_somaru has 5 seconds left.\n|\n|t:|1739222746\n|move|p1a: Ogerpon|Spiky Shield|p1a: Ogerpon\n|-singleturn|p1a: Ogerpon|move: Protect\n|move|p1b: Calyrex|Protect|p1b: Calyrex\n|-singleturn|p1b: Calyrex|Protect\n|move|p2a: \u30df\u30e9\u30a4\u30c9\u30f3|Volt Switch|p1b: Calyrex\n|-activate|p1b: Calyrex|move: Protect\n|move|p2b: \u30d8\u30a4\u30e9\u30c3\u30b7\u30e3|Wave Crash|p1b: Calyrex\n|-activate|p1b: Calyrex|move: Protect\n|\n|upkeep\n|turn|2\n|inactive|searows has 30 seconds left.\n|\n|t:|1739222779\n|switch|p1b: Amoonguss|Amoonguss, L50, F|100\/100\n|move|p2a: \u30df\u30e9\u30a4\u30c9\u30f3|Volt Switch|p1b: Amoonguss\n|-resisted|p1b: Amoonguss\n|-damage|p1b: Amoonguss|54\/100\n|\n|t:|1739222785\n|switch|p2a: \u30b7\u30e3\u30ea\u30bf\u30c4|Tatsugiri-Droopy, L50, F|100\/100|[from] Volt Switch\n|-activate|p2a: \u30b7\u30e3\u30ea\u30bf\u30c4|ability: Commander|[of] p2b: \u30d8\u30a4\u30e9\u30c3\u30b7\u30e3\n|-boost|p2b: \u30d8\u30a4\u30e9\u30c3\u30b7\u30e3|atk|2\n|-boost|p2b: \u30d8\u30a4\u30e9\u30c3\u30b7\u30e3|spa|2\n|-boost|p2b: \u30d8\u30a4\u30e9\u30c3\u30b7\u30e3|spe|2\n|-boost|p2b: \u30d8\u30a4\u30e9\u30c3\u30b7\u30e3|def|2\n|-boost|p2b: \u30d8\u30a4\u30e9\u30c3\u30b7\u30e3|spd|2\n|move|p1a: Ogerpon|Power Whip|p2b: \u30d8\u30a4\u30e9\u30c3\u30b7\u30e3\n|-supereffective|p2b: \u30d8\u30a4\u30e9\u30c3\u30b7\u30e3\n|-damage|p2b: \u30d8\u30a4\u30e9\u30c3\u30b7\u30e3|52\/100\n|move|p2b: \u30d8\u30a4\u30e9\u30c3\u30b7\u30e3|Wave Crash|p1b: Amoonguss\n|-resisted|p1b: Amoonguss\n|-damage|p1b: Amoonguss|11\/100\n|-damage|p2b: \u30d8\u30a4\u30e9\u30c3\u30b7\u30e3|35\/100|[from] item: Rocky Helmet|[of] p1b: Amoonguss\n|-damage|p2b: \u30d8\u30a4\u30e9\u30c3\u30b7\u30e3|22\/100|[from] Recoil\n|\n|upkeep\n|turn|3\n|\n|t:|1739222807\n|move|p1a: Ogerpon|Ivy Cudgel|p2b: \u30d8\u30a4\u30e9\u30c3\u30b7\u30e3|[anim] Ivy Cudgel Rock\n|-damage|p2b: \u30d8\u30a4\u30e9\u30c3\u30b7\u30e3|0 fnt\n|faint|p2b: \u30d8\u30a4\u30e9\u30c3\u30b7\u30e3\n|move|p1b: Amoonguss|Pollen Puff|p2a: \u30b7\u30e3\u30ea\u30bf\u30c4\n|-damage|p2a: \u30b7\u30e3\u30ea\u30bf\u30c4|82\/100\n|\n|upkeep\n|\n|t:|1739222827\n|switch|p2b: \u30df\u30e9\u30a4\u30c9\u30f3|Miraidon, L50|100\/100\n|-activate|p2b: \u30df\u30e9\u30a4\u30c9\u30f3|ability: Hadron Engine\n|turn|4\n|\n|t:|1739222840\n|switch|p2a: \u30c6\u30c4\u30ce\u30ab\u30a4\u30ca|Iron Hands, L50|100\/100\n|-activate|p2a: \u30c6\u30c4\u30ce\u30ab\u30a4\u30ca|ability: Quark Drive\n|-start|p2a: \u30c6\u30c4\u30ce\u30ab\u30a4\u30ca|quarkdriveatk\n|move|p1a: Ogerpon|Spiky Shield|p1a: Ogerpon\n|-singleturn|p1a: Ogerpon|move: Protect\n|move|p1b: Amoonguss|Protect|p1b: Amoonguss\n|-singleturn|p1b: Amoonguss|Protect\n|move|p2b: \u30df\u30e9\u30a4\u30c9\u30f3|Dazzling Gleam|p1b: Amoonguss|[spread] \n|-activate|p1a: Ogerpon|move: Protect\n|-activate|p1b: Amoonguss|move: Protect\n|\n|upkeep\n|turn|5\n|j| 2-2-2 Ape\n|inactive|yukita_somaru has 30 seconds left.\n|\n|t:|1739222870\n|move|p1b: Amoonguss|Rage Powder|p1b: Amoonguss\n|-singleturn|p1b: Amoonguss|move: Rage Powder\n|move|p2b: \u30df\u30e9\u30a4\u30c9\u30f3|Dazzling Gleam|p1b: Amoonguss|[spread] p1a,p1b\n|-resisted|p1b: Amoonguss\n|-damage|p1a: Ogerpon|52\/100\n|-damage|p1b: Amoonguss|0 fnt\n|faint|p1b: Amoonguss\n|move|p1a: Ogerpon|Power Whip|p2a: \u30c6\u30c4\u30ce\u30ab\u30a4\u30ca\n|-damage|p2a: \u30c6\u30c4\u30ce\u30ab\u30a4\u30ca|55\/100\n|move|p2a: \u30c6\u30c4\u30ce\u30ab\u30a4\u30ca|Low Kick|p1a: Ogerpon\n|-supereffective|p1a: Ogerpon\n|-damage|p1a: Ogerpon|0 fnt\n|faint|p1a: Ogerpon\n|\n|-fieldend|move: Electric Terrain\n|-end|p2a: \u30c6\u30c4\u30ce\u30ab\u30a4\u30ca|Quark Drive\n|upkeep\n|\n|t:|1739222893\n|switch|p1a: Calyrex|Calyrex-Ice, L50|100\/100\n|switch|p1b: Raging Bolt|Raging Bolt, L50|100\/100\n|-ability|p1a: Calyrex|As One\n|-ability|p1a: Calyrex|Unnerve\n|-enditem|p1b: Raging Bolt|Booster Energy\n|-activate|p1b: Raging Bolt|ability: Protosynthesis|[fromitem]\n|-start|p1b: Raging Bolt|protosynthesisspa\n|turn|6\n|inactive|yukita_somaru has 30 seconds left.\n|inactive|yukita_somaru has 20 seconds left.\n|inactive|yukita_somaru has 15 seconds left.\n|\n|t:|1739222937\n|-terastallize|p2b: \u30df\u30e9\u30a4\u30c9\u30f3|Fairy\n|-terastallize|p1b: Raging Bolt|Electric\n|move|p2b: \u30df\u30e9\u30a4\u30c9\u30f3|Dazzling Gleam|p1a: Calyrex|[spread] p1a,p1b\n|-damage|p1a: Calyrex|60\/100\n|-damage|p1b: Raging Bolt|54\/100\n|move|p1b: Raging Bolt|Thunderbolt|p2b: \u30df\u30e9\u30a4\u30c9\u30f3\n|-damage|p2b: \u30df\u30e9\u30a4\u30c9\u30f3|21\/100\n|move|p1a: Calyrex|Glacial Lance|p2b: \u30df\u30e9\u30a4\u30c9\u30f3|[spread] p2a,p2b\n|-damage|p2a: \u30c6\u30c4\u30ce\u30ab\u30a4\u30ca|22\/100\n|-damage|p2b: \u30df\u30e9\u30a4\u30c9\u30f3|0 fnt\n|faint|p2b: \u30df\u30e9\u30a4\u30c9\u30f3\n|-ability|p1a: Calyrex|Chilling Neigh|boost\n|-boost|p1a: Calyrex|atk|1\n|move|p2a: \u30c6\u30c4\u30ce\u30ab\u30a4\u30ca|Low Kick|p1a: Calyrex\n|-damage|p1a: Calyrex|13\/100\n|\n|upkeep\n|\n|t:|1739222952\n|switch|p2b: \u30b7\u30e3\u30ea\u30bf\u30c4|Tatsugiri-Droopy, L50, F|82\/100\n|turn|7\n|inactive|yukita_somaru has 30 seconds left.\n|\n|t:|1739222981\n|move|p2b: \u30b7\u30e3\u30ea\u30bf\u30c4|Protect|p2b: \u30b7\u30e3\u30ea\u30bf\u30c4\n|-singleturn|p2b: \u30b7\u30e3\u30ea\u30bf\u30c4|Protect\n|move|p1b: Raging Bolt|Thunderclap||[still]\n|-fail|p1b: Raging Bolt\n|move|p1a: Calyrex|Glacial Lance|p2b: \u30b7\u30e3\u30ea\u30bf\u30c4|[spread] p2a\n|-activate|p2b: \u30b7\u30e3\u30ea\u30bf\u30c4|move: Protect\n|-damage|p2a: \u30c6\u30c4\u30ce\u30ab\u30a4\u30ca|0 fnt\n|faint|p2a: \u30c6\u30c4\u30ce\u30ab\u30a4\u30ca\n|-end|p2a: \u30c6\u30c4\u30ce\u30ab\u30a4\u30ca|Quark Drive|[silent]\n|-ability|p1a: Calyrex|Chilling Neigh|boost\n|-boost|p1a: Calyrex|atk|1\n|\n|upkeep\n|turn|8\n|\n|t:|1739222992\n|move|p1b: Raging Bolt|Thunderclap|p2b: \u30b7\u30e3\u30ea\u30bf\u30c4\n|-damage|p2b: \u30b7\u30e3\u30ea\u30bf\u30c4|7\/100\n|move|p1a: Calyrex|Glacial Lance|p2b: \u30b7\u30e3\u30ea\u30bf\u30c4\n|-damage|p2b: \u30b7\u30e3\u30ea\u30bf\u30c4|0 fnt\n|faint|p2b: \u30b7\u30e3\u30ea\u30bf\u30c4\n|\n|win|searows\n|raw|searows's rating: 1548 &rarr; <strong>1573<\/strong><br \/>(+25 for winning)\n|raw|yukita_somaru's rating: 1641 &rarr; <strong>1616<\/strong><br \/>(-25 for losing)\n","uploadtime":1739223012,"views":16,"formatid":"gen9vgc2025regg","rating":1573,"private":0,"password":null}