{"id":"gen9vgc2025regg-2298701156","format":"[Gen 9] VGC 2025 Reg G","players":["Axel316","test-on-calls"],"log":"|j|\u2606Axel316\n|j|\u2606test-on-calls\n|t:|1739286990\n|gametype|doubles\n|player|p1|Axel316|102|1650\n|player|p2|test-on-calls|265|1746\n|teamsize|p1|6\n|teamsize|p2|6\n|gen|9\n|tier|[Gen 9] VGC 2025 Reg G\n|rated|\n|rule|Species Clause: Limit one of each Pok\u00e9mon\n|rule|Item Clause: Limit 1 of each item\n|clearpoke\n|poke|p1|Calyrex-Ice, L50|\n|poke|p1|Urshifu-*, L50, M|\n|poke|p1|Incineroar, L50, F|\n|poke|p1|Latios, L50, M|\n|poke|p1|Pelipper, L50, F|\n|poke|p1|Archaludon, L50, F|\n|poke|p2|Flutter Mane, L50|\n|poke|p2|Groudon, L50|\n|poke|p2|Chi-Yu, L50|\n|poke|p2|Whimsicott, L50, F|\n|poke|p2|Toxapex, L50, M|\n|poke|p2|Zapdos-Galar, L50|\n|teampreview|4\n|j| 2-2-2 Ape\n|inactive|Battle timer is ON: inactive players will automatically lose when time's up. (requested by Axel316)\n|\n|t:|1739287018\n|start\n|switch|p1a: Calyrex|Calyrex-Ice, L50|100\/100\n|switch|p1b: Latios|Latios, L50, M|100\/100\n|switch|p2a: Whimsicott|Whimsicott, L50, F|100\/100\n|switch|p2b: Zapdos|Zapdos-Galar, L50, shiny|100\/100\n|-ability|p1a: Calyrex|As One\n|-ability|p1a: Calyrex|Unnerve\n|turn|1\n|\n|t:|1739287039\n|-terastallize|p2b: Zapdos|Steel\n|move|p2a: Whimsicott|Tailwind|p2a: Whimsicott\n|-sidestart|p2: test-on-calls|move: Tailwind\n|move|p2b: Zapdos|Brave Bird|p1a: Calyrex\n|-damage|p1a: Calyrex|64\/100\n|-damage|p2b: Zapdos|85\/100|[from] Recoil\n|move|p1b: Latios|Luster Purge|p2a: Whimsicott\n|-damage|p2a: Whimsicott|10\/100\n|-unboost|p2a: Whimsicott|spd|1\n|move|p1a: Calyrex|Glacial Lance|p2b: Zapdos|[spread] p2a,p2b\n|-supereffective|p2a: Whimsicott\n|-resisted|p2b: Zapdos\n|-damage|p2a: Whimsicott|0 fnt\n|-damage|p2b: Zapdos|52\/100\n|faint|p2a: Whimsicott\n|-ability|p1a: Calyrex|Chilling Neigh|boost\n|-boost|p1a: Calyrex|atk|1\n|\n|upkeep\n|j| PARAN0ISE\n|\n|t:|1739287047\n|switch|p2a: Flutter Mane|Flutter Mane, L50, shiny|100\/100\n|turn|2\n|\n|t:|1739287073\n|switch|p1b: Incineroar|Incineroar, L50, F|100\/100\n|-ability|p1b: Incineroar|Intimidate|boost\n|-unboost|p2a: Flutter Mane|atk|1\n|-unboost|p2b: Zapdos|atk|1\n|-ability|p2b: Zapdos|Defiant|boost\n|-boost|p2b: Zapdos|atk|2\n|move|p1a: Calyrex|Protect|p1a: Calyrex\n|-singleturn|p1a: Calyrex|Protect\n|move|p2a: Flutter Mane|Dazzling Gleam|p1a: Calyrex|[spread] p1b\n|-activate|p1a: Calyrex|move: Protect\n|-damage|p1b: Incineroar|62\/100\n|move|p2b: Zapdos|Close Combat|p1a: Calyrex\n|-activate|p1a: Calyrex|move: Protect\n|\n|upkeep\n|turn|3\n|inactive|test-on-calls has 30 seconds left.\n|\n|t:|1739287101\n|move|p1b: Incineroar|Fake Out|p2b: Zapdos\n|-resisted|p2b: Zapdos\n|-damage|p2b: Zapdos|46\/100\n|move|p2a: Flutter Mane|Dazzling Gleam|p1b: Incineroar|[spread] p1a,p1b\n|-damage|p1a: Calyrex|33\/100\n|-damage|p1b: Incineroar|20\/100\n|move|p2b: Zapdos|Brave Bird|p1a: Calyrex\n|-damage|p1a: Calyrex|0 fnt\n|faint|p1a: Calyrex\n|-damage|p2b: Zapdos|32\/100|[from] Recoil\n|\n|upkeep\n|\n|t:|1739287113\n|switch|p1a: Pelipper|Pelipper, L50, F|100\/100\n|-weather|RainDance|[from] ability: Drizzle|[of] p1a: Pelipper\n|turn|4\n|\n|t:|1739287126\n|move|p1a: Pelipper|Wide Guard|p1a: Pelipper\n|-singleturn|p1a: Pelipper|Wide Guard\n|move|p2a: Flutter Mane|Dazzling Gleam|p1a: Pelipper|[spread] \n|-activate|p1a: Pelipper|move: Wide Guard\n|-activate|p1b: Incineroar|move: Wide Guard\n|move|p2b: Zapdos|Brave Bird|p1b: Incineroar\n|-damage|p1b: Incineroar|0 fnt\n|faint|p1b: Incineroar\n|-damage|p2b: Zapdos|25\/100|[from] Recoil\n|\n|-weather|RainDance|[upkeep]\n|-sideend|p2: test-on-calls|move: Tailwind\n|upkeep\n|\n|t:|1739287140\n|switch|p1b: Latios|Latios, L50, M|100\/100\n|turn|5\n|\n|t:|1739287158\n|-terastallize|p1b: Latios|Steel\n|move|p1b: Latios|Luster Purge|p2b: Zapdos\n|-resisted|p2b: Zapdos\n|-damage|p2b: Zapdos|0 fnt\n|faint|p2b: Zapdos\n|move|p2a: Flutter Mane|Dazzling Gleam|p1b: Latios|[spread] p1a,p1b\n|-crit|p1a: Pelipper\n|-resisted|p1b: Latios\n|-enditem|p1a: Pelipper|Focus Sash\n|-damage|p1a: Pelipper|1\/100\n|-damage|p1b: Latios|75\/100\n|move|p1a: Pelipper|Tailwind|p1a: Pelipper\n|-sidestart|p1: Axel316|move: Tailwind\n|\n|-weather|RainDance|[upkeep]\n|upkeep\n|j| Mwahahacoughcough\n|\n|t:|1739287162\n|switch|p2b: Groudon|Groudon, L50, shiny|100\/100\n|-weather|SunnyDay|[from] ability: Drought|[of] p2b: Groudon\n|-activate|p2a: Flutter Mane|ability: Protosynthesis\n|-start|p2a: Flutter Mane|protosynthesisspe\n|turn|6\n|\n|t:|1739287179\n|move|p1a: Pelipper|Wide Guard|p1a: Pelipper\n|-singleturn|p1a: Pelipper|Wide Guard\n|move|p1b: Latios|Luster Purge|p2a: Flutter Mane\n|-damage|p2a: Flutter Mane|54\/100\n|move|p2a: Flutter Mane|Dazzling Gleam|p1b: Latios|[spread] \n|-activate|p1a: Pelipper|move: Wide Guard\n|-activate|p1b: Latios|move: Wide Guard\n|move|p2b: Groudon|Heat Crash|p1b: Latios\n|-supereffective|p1b: Latios\n|-damage|p1b: Latios|0 fnt\n|faint|p1b: Latios\n|\n|-weather|SunnyDay|[upkeep]\n|upkeep\n|turn|7\n|-message|Axel316 forfeited.\n|\n|win|test-on-calls\n|raw|Axel316's rating: 1650 &rarr; <strong>1635<\/strong><br \/>(-15 for losing)\n|raw|test-on-calls's rating: 1746 &rarr; <strong>1761<\/strong><br \/>(+15 for winning)\n|l|\u2606Axel316\n|player|p1|\n|l| PARAN0ISE\n|l| 2-2-2 Ape\n|l| Mwahahacoughcough\n|l|\u2606test-on-calls\n|player|p2|\n","uploadtime":1739287447,"views":9,"formatid":"gen9vgc2025regg","rating":1635,"private":0,"password":null}