{"id":"gen9vgc2025regg-2298024814","format":"[Gen 9] VGC 2025 Reg G","players":["Na04","aires17"],"log":"|j|\u2606Na04\n|j|\u2606aires17\n|t:|1739200565\n|gametype|doubles\n|player|p1|Na04|170|1584\n|player|p2|aires17|266|1643\n|teamsize|p1|6\n|teamsize|p2|6\n|gen|9\n|tier|[Gen 9] VGC 2025 Reg G\n|rated|\n|rule|Species Clause: Limit one of each Pok\u00e9mon\n|rule|Item Clause: Limit 1 of each item\n|clearpoke\n|poke|p1|Iron Crown, L50|\n|poke|p1|Indeedee-F, L50, F|\n|poke|p1|Ogerpon-Hearthflame, L50, F|\n|poke|p1|Zamazenta-*, L50|\n|poke|p1|Chien-Pao, L50|\n|poke|p1|Tornadus, L50, M|\n|poke|p2|Calyrex-Shadow, L50|\n|poke|p2|Urshifu-*, L50, F|\n|poke|p2|Whimsicott, L50, F|\n|poke|p2|Ogerpon-Hearthflame, L50, F|\n|poke|p2|Landorus, L50, M|\n|poke|p2|Indeedee-F, L50, F|\n|teampreview|4\naires17 rejected open team sheets.\n|inactive|Battle timer is ON: inactive players will automatically lose when time's up. (requested by aires17)\n|\n|t:|1739200594\n|start\n|switch|p1a: Chien-Pao|Chien-Pao, L50|100\/100\n|switch|p1b: Tornadus|Tornadus, L50, M|100\/100\n|switch|p2a: Horsee|Calyrex-Shadow, L50|100\/100\n|switch|p2b: Momma|Indeedee-F, L50, F|100\/100\n|-ability|p2a: Horsee|As One\n|-ability|p2a: Horsee|Unnerve\n|-ability|p1a: Chien-Pao|Sword of Ruin\n|-fieldstart|move: Psychic Terrain|[from] ability: Psychic Surge|[of] p2b: Momma\n|-enditem|p2a: Horsee|Psychic Seed\n|-boost|p2a: Horsee|spd|1|[from] item: Psychic Seed\n|turn|1\n|\n|t:|1739200610\n|-terastallize|p2a: Horsee|Dark\n|move|p1a: Chien-Pao|Protect|p1a: Chien-Pao\n|-singleturn|p1a: Chien-Pao|Protect\n|move|p2a: Horsee|Nasty Plot|p2a: Horsee\n|-boost|p2a: Horsee|spa|2\n|move|p1b: Tornadus|U-turn|p2b: Momma\n|-supereffective|p2b: Momma\n|-damage|p2b: Momma|60\/100\n|\n|t:|1739200619\n|switch|p1b: Zamazenta|Zamazenta-Crowned, L50|100\/100|[from] U-turn\n|-ability|p1b: Zamazenta|Dauntless Shield|boost\n|-boost|p1b: Zamazenta|def|1\n|move|p2b: Momma|Trick Room|p2b: Momma\n|-fieldstart|move: Trick Room|[of] p2b: Momma\n|\n|upkeep\n|turn|2\n|\n|t:|1739200634\n|move|p2b: Momma|Helping Hand|p2a: Horsee\n|-singleturn|p2a: Horsee|Helping Hand|[of] p2b: Momma\n|move|p1b: Zamazenta|Wide Guard|p1b: Zamazenta\n|-singleturn|p1b: Zamazenta|Wide Guard\n|move|p1a: Chien-Pao|Icicle Crash|p2b: Momma\n|-damage|p2b: Momma|7\/100\n|move|p2a: Horsee|Psyshock|p1b: Zamazenta\n|-damage|p1b: Zamazenta|10\/100\n|\n|upkeep\n|turn|3\n|\n|t:|1739200653\n|move|p1b: Zamazenta|Protect||[still]\n|-fail|p1b: Zamazenta\n|move|p2b: Momma|Follow Me|p2b: Momma\n|-singleturn|p2b: Momma|move: Follow Me\n|move|p1a: Chien-Pao|Throat Chop|p2b: Momma\n|-supereffective|p2b: Momma\n|-damage|p2b: Momma|0 fnt\n|faint|p2b: Momma\n|move|p2a: Horsee|Psyshock|p1b: Zamazenta\n|-damage|p1b: Zamazenta|0 fnt\n|faint|p1b: Zamazenta\n|-ability|p2a: Horsee|Grim Neigh|boost\n|-boost|p2a: Horsee|spa|1\n|\n|upkeep\n|\n|t:|1739200666\n|switch|p2b: Beast|Landorus, L50, M|100\/100\n|switch|p1b: Ogerpon|Ogerpon-Hearthflame, L50, F|100\/100\n|-ability|p1b: Ogerpon|Mold Breaker\n|turn|4\n|\n|t:|1739200678\n|-terastallize|p1b: Ogerpon|Fire\n|detailschange|p1b: Ogerpon|Ogerpon-Hearthflame-Tera, L50, F, tera:Fire\n|-ability|p1b: Ogerpon|Embody Aspect (Hearthflame)|boost\n|-boost|p1b: Ogerpon|atk|1\n|move|p1b: Ogerpon|Ivy Cudgel|p2a: Horsee|[anim] Ivy Cudgel Fire\n|-damage|p2a: Horsee|0 fnt\n|faint|p2a: Horsee\n|move|p2b: Beast|Sandsear Storm|p1a: Chien-Pao|[spread] p1a,p1b\n|-supereffective|p1b: Ogerpon\n|-damage|p1a: Chien-Pao|3\/100\n|-damage|p1b: Ogerpon|0 fnt\n|faint|p1b: Ogerpon\n|move|p1a: Chien-Pao|Icicle Crash|p2b: Beast\n|-supereffective|p2b: Beast\n|-damage|p2b: Beast|0 fnt\n|faint|p2b: Beast\n|\n|upkeep\n|\n|t:|1739200693\n|switch|p1b: Tornadus|Tornadus, L50, M|100\/100\n|switch|p2a: Pony|Ogerpon-Hearthflame, L50, F|100\/100\n|-ability|p2a: Pony|Mold Breaker\n|turn|5\n|\n|t:|1739200702\n|move|p2a: Pony|Spiky Shield|p2a: Pony\n|-singleturn|p2a: Pony|move: Protect\n|move|p1a: Chien-Pao|Protect|p1a: Chien-Pao\n|-singleturn|p1a: Chien-Pao|Protect\n|move|p1b: Tornadus|Rain Dance|p1b: Tornadus\n|-weather|RainDance\n|\n|-weather|RainDance|[upkeep]\n|-fieldend|move: Trick Room\n|-fieldend|move: Psychic Terrain\n|upkeep\n|turn|6\n|c|\u2606aires17|should have switched\n|\n|t:|1739200714\n|move|p2a: Pony|Spiky Shield||[still]\n|-fail|p2a: Pony\n|move|p1a: Chien-Pao|Throat Chop|p2a: Pony\n|-damage|p2a: Pony|60\/100\n|-start|p2a: Pony|Throat Chop|[silent]\n|move|p1b: Tornadus|Bleakwind Storm|p2a: Pony\n|-supereffective|p2a: Pony\n|-damage|p2a: Pony|0 fnt\n|faint|p2a: Pony\n|\n|win|Na04\n|raw|Na04's rating: 1584 &rarr; <strong>1607<\/strong><br \/>(+23 for winning)\n|raw|aires17's rating: 1643 &rarr; <strong>1620<\/strong><br \/>(-23 for losing)\n|l|\u2606aires17\n|player|p2|\n|l|\u2606Na04\n|player|p1|\n","uploadtime":1739200978,"views":5,"formatid":"gen9vgc2025regg","rating":1607,"private":0,"password":null}