{"id":"gen9vgc2025regg-2298319524","format":"[Gen 9] VGC 2025 Reg G","players":["Gi1796","Na04"],"log":"|j|\u2606Gi1796\n|j|\u203dNa04\n|t:|1739230804\n|gametype|doubles\n|player|p1|Gi1796|veteran|1549\n|player|p2|Na04|169|1535\n|teamsize|p1|6\n|teamsize|p2|6\n|gen|9\n|tier|[Gen 9] VGC 2025 Reg G\n|rated|\n|rule|Species Clause: Limit one of each Pok\u00e9mon\n|rule|Item Clause: Limit 1 of each item\n|clearpoke\n|poke|p1|Tornadus, L50, M|\n|poke|p1|Indeedee-F, L50, F|\n|poke|p1|Urshifu-*, L50, M|\n|poke|p1|Calyrex-Shadow, L50|\n|poke|p1|Ogerpon-Cornerstone, L50, F|\n|poke|p1|Chi-Yu, L50|\n|poke|p2|Iron Crown, L50|\n|poke|p2|Indeedee-F, L50, F|\n|poke|p2|Ogerpon-Hearthflame, L50, F|\n|poke|p2|Zamazenta-*, L50|\n|poke|p2|Chien-Pao, L50|\n|poke|p2|Tornadus, L50, M|\n|teampreview|4\nGi1796 has agreed to open team sheets.\n|inactive|Battle timer is ON: inactive players will automatically lose when time's up. (requested by Gi1796)\n|inactive|Gi1796 has 60 seconds left.\n|inactive|Na04 has 60 seconds left.\n|\n|t:|1739230867\n|start\n|switch|p1a: Calyrex|Calyrex-Shadow, L50|100\/100\n|switch|p1b: Ogerpon|Ogerpon-Cornerstone, L50, F|100\/100\n|switch|p2a: Iron Crown|Iron Crown, L50|100\/100\n|switch|p2b: Indeedee|Indeedee-F, L50, F|100\/100\n|-ability|p1a: Calyrex|As One\n|-ability|p1a: Calyrex|Unnerve\n|-fieldstart|move: Psychic Terrain|[from] ability: Psychic Surge|[of] p2b: Indeedee\n|-enditem|p2b: Indeedee|Psychic Seed\n|-boost|p2b: Indeedee|spd|1|[from] item: Psychic Seed\n|-enditem|p2a: Iron Crown|Booster Energy\n|-activate|p2a: Iron Crown|ability: Quark Drive|[fromitem]\n|-start|p2a: Iron Crown|quarkdrivespa\n|turn|1\n|inactive|Gi1796 has 30 seconds left.\n|inactive|Gi1796 has 20 seconds left.\n|\n|t:|1739230906\n|switch|p1b: Chi-Yu|Chi-Yu, L50|100\/100\n|-ability|p1b: Chi-Yu|Beads of Ruin\n|move|p1a: Calyrex|Protect|p1a: Calyrex\n|-singleturn|p1a: Calyrex|Protect\n|move|p2a: Iron Crown|Protect|p2a: Iron Crown\n|-singleturn|p2a: Iron Crown|Protect\n|move|p2b: Indeedee|Trick Room|p2b: Indeedee\n|-fieldstart|move: Trick Room|[of] p2b: Indeedee\n|\n|upkeep\n|turn|2\n|inactive|Gi1796 has 30 seconds left.\n|inactive|Na04 has 30 seconds left.\n|\n|t:|1739230937\n|-terastallize|p2a: Iron Crown|Ground\n|move|p2b: Indeedee|Dazzling Gleam|p1b: Chi-Yu|[spread] p1a,p1b\n|-damage|p1a: Calyrex|84\/100\n|-damage|p1b: Chi-Yu|85\/100\n|move|p2a: Iron Crown|Tera Blast|p1b: Chi-Yu|[anim] Tera Blast Ground\n|-supereffective|p1b: Chi-Yu\n|-damage|p1b: Chi-Yu|0 fnt\n|faint|p1b: Chi-Yu\n|move|p1a: Calyrex|Expanding Force|p2a: Iron Crown|[spread] p2a,p2b\n|-resisted|p2b: Indeedee\n|-crit|p2b: Indeedee\n|-damage|p2a: Iron Crown|16\/100\n|-damage|p2b: Indeedee|30\/100\n|-damage|p1a: Calyrex|74\/100|[from] item: Life Orb\n|\n|upkeep\n|inactive|Gi1796 has 30 seconds left.\n|\n|t:|1739230962\n|switch|p1b: Ogerpon|Ogerpon-Cornerstone, L50, F|100\/100\n|turn|3\n|\n|t:|1739230972\n|move|p2b: Indeedee|Helping Hand|p2a: Iron Crown\n|-singleturn|p2a: Iron Crown|Helping Hand|[of] p2b: Indeedee\n|move|p1b: Ogerpon|Spiky Shield|p1b: Ogerpon\n|-singleturn|p1b: Ogerpon|move: Protect\n|move|p1a: Calyrex|Protect|p1a: Calyrex\n|-singleturn|p1a: Calyrex|Protect\n|move|p2a: Iron Crown|Tachyon Cutter|p1a: Calyrex\n|-activate|p1a: Calyrex|move: Protect\n|\n|upkeep\n|turn|4\n|\n|t:|1739230987\n|switch|p1a: Urshifu|Urshifu-Rapid-Strike, L50, M|100\/100\n|move|p2b: Indeedee|Helping Hand|p2a: Iron Crown\n|-singleturn|p2a: Iron Crown|Helping Hand|[of] p2b: Indeedee\n|move|p2a: Iron Crown|Tachyon Cutter|p1a: Urshifu\n|-resisted|p1a: Urshifu\n|-damage|p1a: Urshifu|65\/100\n|-resisted|p1a: Urshifu\n|-damage|p1a: Urshifu|29\/100\n|-hitcount|p1a: Urshifu|2\n|move|p1b: Ogerpon|Ivy Cudgel|p2b: Indeedee|[anim] Ivy Cudgel Rock\n|-damage|p2b: Indeedee|0 fnt\n|faint|p2b: Indeedee\n|\n|upkeep\n|\n|t:|1739230998\n|switch|p2b: Ogerpon|Ogerpon-Hearthflame, L50, F|100\/100\n|-ability|p2b: Ogerpon|Mold Breaker\n|turn|5\n|inactive|Gi1796 has 30 seconds left.\n|\n|t:|1739231029\n|move|p2a: Iron Crown|Expanding Force|p1a: Urshifu|[spread] p1a,p1b\n|-supereffective|p1a: Urshifu\n|-damage|p1a: Urshifu|0 fnt\n|-damage|p1b: Ogerpon|10\/100\n|faint|p1a: Urshifu\n|move|p2b: Ogerpon|Ivy Cudgel|p1b: Ogerpon|[anim] Ivy Cudgel Fire\n|-damage|p1b: Ogerpon|0 fnt\n|faint|p1b: Ogerpon\n|\n|-fieldend|move: Trick Room\n|-fieldend|move: Psychic Terrain\n|upkeep\n|\n|t:|1739231038\n|switch|p1b: Calyrex|Calyrex-Shadow, L50|74\/100\n|-ability|p1b: Calyrex|As One\n|-ability|p1b: Calyrex|Unnerve\n|turn|6\n|\n|t:|1739231050\n|move|p2b: Ogerpon|Spiky Shield|p2b: Ogerpon\n|-singleturn|p2b: Ogerpon|move: Protect\n|move|p1b: Calyrex|Astral Barrage|p2b: Ogerpon|[spread] p2a\n|-activate|p2b: Ogerpon|move: Protect\n|-damage|p2a: Iron Crown|0 fnt\n|faint|p2a: Iron Crown\n|-end|p2a: Iron Crown|Quark Drive|[silent]\n|-ability|p1b: Calyrex|Grim Neigh|boost\n|-boost|p1b: Calyrex|spa|1\n|-damage|p1b: Calyrex|64\/100|[from] item: Life Orb\n|\n|upkeep\n|\n|t:|1739231055\n|switch|p2a: Chien-Pao|Chien-Pao, L50|100\/100\n|-ability|p2a: Chien-Pao|Sword of Ruin\n|turn|7\n|\n|t:|1739231068\n|-terastallize|p1b: Calyrex|Dark\n|move|p1b: Calyrex|Astral Barrage|p2a: Chien-Pao|[spread] p2a,p2b\n|-resisted|p2a: Chien-Pao\n|-damage|p2a: Chien-Pao|13\/100\n|-damage|p2b: Ogerpon|0 fnt\n|faint|p2b: Ogerpon\n|-ability|p1b: Calyrex|Grim Neigh|boost\n|-boost|p1b: Calyrex|spa|1\n|-damage|p1b: Calyrex|55\/100|[from] item: Life Orb\n|move|p2a: Chien-Pao|Throat Chop|p1b: Calyrex\n|-resisted|p1b: Calyrex\n|-damage|p1b: Calyrex|22\/100\n|-start|p1b: Calyrex|Throat Chop|[silent]\n|\n|upkeep\n|turn|8\n|\n|t:|1739231080\n|move|p1b: Calyrex|Protect|p1b: Calyrex\n|-singleturn|p1b: Calyrex|Protect\n|move|p2a: Chien-Pao|Sucker Punch||[still]\n|-fail|p2a: Chien-Pao\n|\n|-end|p1b: Calyrex|Throat Chop|[silent]\n|upkeep\n|turn|9\n|\n|t:|1739231086\n|move|p1b: Calyrex|Protect|p1b: Calyrex\n|-singleturn|p1b: Calyrex|Protect\n|move|p2a: Chien-Pao|Sucker Punch||[still]\n|-fail|p2a: Chien-Pao\n|\n|upkeep\n|turn|10\n|\n|t:|1739231091\n|move|p1b: Calyrex|Protect||[still]\n|-fail|p1b: Calyrex\n|move|p2a: Chien-Pao|Sucker Punch||[still]\n|-fail|p2a: Chien-Pao\n|\n|upkeep\n|turn|11\n|\n|t:|1739231100\n|move|p1b: Calyrex|Protect|p1b: Calyrex\n|-singleturn|p1b: Calyrex|Protect\n|move|p2a: Chien-Pao|Sucker Punch||[still]\n|-fail|p2a: Chien-Pao\n|\n|upkeep\n|turn|12\n|\n|t:|1739231106\n|move|p1b: Calyrex|Protect|p1b: Calyrex\n|-singleturn|p1b: Calyrex|Protect\n|move|p2a: Chien-Pao|Throat Chop|p1b: Calyrex\n|-activate|p1b: Calyrex|move: Protect\n|\n|upkeep\n|turn|13\n|\n|t:|1739231111\n|move|p2a: Chien-Pao|Sucker Punch|p1b: Calyrex\n|-resisted|p1b: Calyrex\n|-damage|p1b: Calyrex|0 fnt\n|faint|p1b: Calyrex\n|\n|win|Na04\n|raw|Gi1796's rating: 1549 &rarr; <strong>1528<\/strong><br \/>(-21 for losing)\n|raw|Na04's rating: 1535 &rarr; <strong>1556<\/strong><br \/>(+21 for winning)\n|l|\u203dNa04\n|player|p2|\n|l|\u2606Gi1796\n|player|p1|\n","uploadtime":1739231306,"views":5,"formatid":"gen9vgc2025regg","rating":1528,"private":0,"password":null}