{"id":"gen9vgc2025regg-2298465451","format":"[Gen 9] VGC 2025 Reg G","players":["bieiup","something123"],"log":"|j|\u2606bieiup\n|j|\u2606something123\n|t:|1739250455\n|gametype|doubles\n|player|p1|bieiup|lillie-z|1737\n|player|p2|something123|266|1864\n|teamsize|p1|6\n|teamsize|p2|6\n|gen|9\n|tier|[Gen 9] VGC 2025 Reg G\n|rated|\n|rule|Species Clause: Limit one of each Pok\u00e9mon\n|rule|Item Clause: Limit 1 of each item\n|clearpoke\n|poke|p1|Raging Bolt, L50|\n|poke|p1|Miraidon, L50|\n|poke|p1|Chi-Yu, L50|\n|poke|p1|Torkoal, L50, M|\n|poke|p1|Farigiraf, L50, M|\n|poke|p1|Ursaluna, L50, M|\n|poke|p2|Farigiraf, L50, M|\n|poke|p2|Landorus, L50, M|\n|poke|p2|Calyrex-Ice, L50|\n|poke|p2|Ogerpon-Cornerstone, L50, F|\n|poke|p2|Urshifu-*, L50, F|\n|poke|p2|Regieleki, L50|\n|teampreview|4\n|inactive|Battle timer is ON: inactive players will automatically lose when time's up. (requested by bieiup)\n|\n|t:|1739250479\n|start\n|switch|p1a: Miraidon|Miraidon, L50|100\/100\n|switch|p1b: Farigiraf|Farigiraf, L50, M|100\/100\n|switch|p2a: Regieleki|Regieleki, L50|100\/100\n|switch|p2b: Landorus|Landorus, L50, M|100\/100\n|-fieldstart|move: Electric Terrain|[from] ability: Hadron Engine|[of] p1a: Miraidon\n|-enditem|p1b: Farigiraf|Electric Seed\n|-boost|p1b: Farigiraf|def|1|[from] item: Electric Seed\n|turn|1\n|inactive|bieiup has 30 seconds left.\n|\n|t:|1739250512\n|-terastallize|p1a: Miraidon|Fairy\n|move|p2a: Regieleki|Electroweb|p1a: Miraidon|[spread] p1a,p1b\n|-damage|p1a: Miraidon|69\/100\n|-damage|p1b: Farigiraf|72\/100\n|-unboost|p1a: Miraidon|spe|1\n|-unboost|p1b: Farigiraf|spe|1\n|move|p2b: Landorus|Sandsear Storm|p1a: Miraidon|[spread] p1a,p1b\n|-damage|p1a: Miraidon|12\/100\n|-damage|p1b: Farigiraf|24\/100\n|move|p1a: Miraidon|Volt Switch|p2a: Regieleki\n|-resisted|p2a: Regieleki\n|-crit|p2a: Regieleki\n|-enditem|p2a: Regieleki|Focus Sash\n|-damage|p2a: Regieleki|1\/100\n|j| Xunyicaoawa\n|\n|t:|1739250518\n|switch|p1a: Torkoal|Torkoal, L50, M|100\/100|[from] Volt Switch\n|-weather|SunnyDay|[from] ability: Drought|[of] p1a: Torkoal\n|-item|p1a: Torkoal|Air Balloon\n|move|p1b: Farigiraf|Trick Room|p1b: Farigiraf\n|-fieldstart|move: Trick Room|[of] p1b: Farigiraf\n|\n|-weather|SunnyDay|[upkeep]\n|upkeep\n|turn|2\n|inactive|something123 has 30 seconds left.\n|inactive|something123 has 20 seconds left.\n|inactive|something123 has 15 seconds left.\n|inactive|something123 has 10 seconds left.\n|inactive|something123 has 5 seconds left.\n|\n|t:|1739250570\n|switch|p1b: Ursaluna|Ursaluna, L50, M|100\/100\n|-terastallize|p2b: Landorus|Water\n|move|p2a: Regieleki|Protect|p2a: Regieleki\n|-singleturn|p2a: Regieleki|Protect\n|move|p1a: Torkoal|Eruption|p2a: Regieleki|[spread] p2b\n|-activate|p2a: Regieleki|move: Protect\n|-resisted|p2b: Landorus\n|-damage|p2b: Landorus|59\/100\n|move|p2b: Landorus|Sludge Bomb|p1a: Torkoal\n|-damage|p1a: Torkoal|39\/100\n|-enditem|p1a: Torkoal|Air Balloon\n|\n|-weather|SunnyDay|[upkeep]\n|-status|p1b: Ursaluna|brn|[from] item: Flame Orb\n|upkeep\n|turn|3\n|inactive|something123 has 30 seconds left.\n|inactive|something123 has 20 seconds left.\n|inactive|something123 has 15 seconds left.\n|\n|t:|1739250613\n|switch|p2a: Calyrex|Calyrex-Ice, L50|100\/100\n|-ability|p2a: Calyrex|As One\n|-ability|p2a: Calyrex|Unnerve\n|move|p2b: Landorus|Protect|p2b: Landorus\n|-singleturn|p2b: Landorus|Protect\n|move|p1a: Torkoal|Eruption|p2b: Landorus|[spread] p2a\n|-activate|p2b: Landorus|move: Protect\n|-supereffective|p2a: Calyrex\n|-damage|p2a: Calyrex|59\/100\n|move|p1b: Ursaluna|Facade|p2b: Landorus\n|-activate|p2b: Landorus|move: Protect\n|\n|-weather|SunnyDay|[upkeep]\n|-damage|p1b: Ursaluna|95\/100 brn|[from] brn\n|upkeep\n|turn|4\n|inactive|something123 has 30 seconds left.\n|inactive|something123 has 20 seconds left.\n|inactive|something123 has 15 seconds left.\n|\n|t:|1739250656\n|move|p2a: Calyrex|Protect|p2a: Calyrex\n|-singleturn|p2a: Calyrex|Protect\n|move|p2b: Landorus|Protect||[still]\n|-fail|p2b: Landorus\n|move|p1a: Torkoal|Overheat|p2a: Calyrex\n|-activate|p2a: Calyrex|move: Protect\n|move|p1b: Ursaluna|Facade|p2b: Landorus\n|-damage|p2b: Landorus|0 fnt\n|faint|p2b: Landorus\n|\n|-weather|SunnyDay|[upkeep]\n|-damage|p1b: Ursaluna|89\/100 brn|[from] brn\n|upkeep\n|\n|t:|1739250671\n|switch|p2b: Ogerpon|Ogerpon-Cornerstone, L50, F|100\/100\n|turn|5\n|\n|t:|1739250680\n|move|p2b: Ogerpon|Follow Me|p2b: Ogerpon\n|-singleturn|p2b: Ogerpon|move: Follow Me\n|move|p1a: Torkoal|Eruption|p2b: Ogerpon|[spread] p2a,p2b\n|-supereffective|p2a: Calyrex\n|-damage|p2a: Calyrex|23\/100\n|-damage|p2b: Ogerpon|71\/100\n|move|p1b: Ursaluna|Earthquake|p2b: Ogerpon|[spread] p1a,p2a,p2b\n|-supereffective|p1a: Torkoal\n|-damage|p1a: Torkoal|0 fnt\n|-damage|p2a: Calyrex|0 fnt\n|-damage|p2b: Ogerpon|0 fnt\n|faint|p1a: Torkoal\n|faint|p2a: Calyrex\n|faint|p2b: Ogerpon\n|\n|-weather|none\n|-damage|p1b: Ursaluna|83\/100 brn|[from] brn\n|-fieldend|move: Trick Room\n|-fieldend|move: Electric Terrain\n|upkeep\n|-message|something123 forfeited.\n|\n|win|bieiup\n|raw|bieiup's rating: 1737 &rarr; <strong>1764<\/strong><br \/>(+27 for winning)\n|raw|something123's rating: 1864 &rarr; <strong>1837<\/strong><br \/>(-27 for losing)\n|l|\u2606something123\n|player|p2|\n|l| Xunyicaoawa\n","uploadtime":1739250835,"views":105,"formatid":"gen9vgc2025regg","rating":1764,"private":0,"password":null}