{"id":"gen9vgc2025regg-2298796551","format":"[Gen 9] VGC 2025 Reg G","players":["bieiup","Fra5670"],"log":"|j|\u2606bieiup\n|j|\u2606Fra5670\n|t:|1739296123\n|gametype|doubles\n|player|p1|bieiup|lillie-z|1669\n|player|p2|Fra5670|n|1601\n|teamsize|p1|6\n|teamsize|p2|6\n|gen|9\n|tier|[Gen 9] VGC 2025 Reg G\n|rated|\n|rule|Species Clause: Limit one of each Pok\u00e9mon\n|rule|Item Clause: Limit 1 of each item\n|clearpoke\n|poke|p1|Raging Bolt, L50|\n|poke|p1|Miraidon, L50|\n|poke|p1|Chi-Yu, L50|\n|poke|p1|Torkoal, L50, F|\n|poke|p1|Farigiraf, L50, F|\n|poke|p1|Ursaluna, L50, F|\n|poke|p2|Pikachu, L50, F|\n|poke|p2|Kyogre, L50|\n|poke|p2|Tornadus, L50, M|\n|poke|p2|Dondozo, L50, M|\n|poke|p2|Tatsugiri, L50, F|\n|poke|p2|Flutter Mane, L50|\n|teampreview|4\n|inactive|Battle timer is ON: inactive players will automatically lose when time's up. (requested by bieiup)\n|inactive|Fra5670 has 60 seconds left.\n|\n|t:|1739296176\n|start\n|switch|p1a: Miraidon|Miraidon, L50|100\/100\n|switch|p1b: Farigiraf|Farigiraf, L50, F|100\/100\n|switch|p2a: Flutter Mane|Flutter Mane, L50|100\/100\n|switch|p2b: Kyogre|Kyogre, L50|100\/100\n|-fieldstart|move: Electric Terrain|[from] ability: Hadron Engine|[of] p1a: Miraidon\n|-enditem|p1b: Farigiraf|Electric Seed\n|-boost|p1b: Farigiraf|def|1|[from] item: Electric Seed\n|-weather|RainDance|[from] ability: Drizzle|[of] p2b: Kyogre\n|-enditem|p2a: Flutter Mane|Booster Energy\n|-activate|p2a: Flutter Mane|ability: Protosynthesis|[fromitem]\n|-start|p2a: Flutter Mane|protosynthesisspe\n|turn|1\n|\n|t:|1739296191\n|switch|p2b: Pikachu|Pikachu, L50, F|100\/100\n|move|p2a: Flutter Mane|Taunt|p1b: Farigiraf\n|-start|p1b: Farigiraf|move: Taunt\n|move|p1a: Miraidon|Draco Meteor|p2b: Pikachu\n|-damage|p2b: Pikachu|0 fnt\n|-unboost|p1a: Miraidon|spa|2\n|faint|p2b: Pikachu\n|cant|p1b: Farigiraf|move: Taunt|Trick Room\n|\n|-weather|RainDance|[upkeep]\n|upkeep\n|\n|t:|1739296201\n|switch|p2b: Kyogre|Kyogre, L50|100\/100\n|turn|2\n|\n|t:|1739296218\n|-terastallize|p2b: Kyogre|Water\n|move|p2a: Flutter Mane|Icy Wind|p1a: Miraidon|[spread] p1a,p1b\n|-supereffective|p1a: Miraidon\n|-crit|p1b: Farigiraf\n|-damage|p1a: Miraidon|72\/100\n|-damage|p1b: Farigiraf|82\/100\n|-unboost|p1a: Miraidon|spe|1\n|-unboost|p1b: Farigiraf|spe|1\n|move|p2b: Kyogre|Water Spout|p1a: Miraidon|[spread] p1a,p1b\n|-resisted|p1a: Miraidon\n|-crit|p1b: Farigiraf\n|-damage|p1a: Miraidon|0 fnt\n|-damage|p1b: Farigiraf|0 fnt\n|faint|p1a: Miraidon\n|faint|p1b: Farigiraf\n|\n|-weather|RainDance|[upkeep]\n|upkeep\n|\n|t:|1739296221\n|switch|p1a: Torkoal|Torkoal, L50, F|100\/100\n|switch|p1b: Ursaluna|Ursaluna, L50, F|100\/100\n|-weather|SunnyDay|[from] ability: Drought|[of] p1a: Torkoal\n|-item|p1a: Torkoal|Air Balloon\n|turn|3\n|\n|t:|1739296239\n|switch|p2b: Tornadus|Tornadus, L50, M|100\/100\n|move|p1b: Ursaluna|Protect|p1b: Ursaluna\n|-singleturn|p1b: Ursaluna|Protect\n|move|p2a: Flutter Mane|Icy Wind|p1a: Torkoal|[spread] p1a\n|-activate|p1b: Ursaluna|move: Protect\n|-resisted|p1a: Torkoal\n|-damage|p1a: Torkoal|90\/100\n|-unboost|p1a: Torkoal|spe|1\n|-enditem|p1a: Torkoal|Air Balloon\n|move|p1a: Torkoal|Fissure|p2b: Tornadus\n|-immune|p2b: Tornadus\n|\n|-weather|SunnyDay|[upkeep]\n|-status|p1b: Ursaluna|brn|[from] item: Flame Orb\n|upkeep\n|turn|4\n|\n|t:|1739296255\n|move|p2b: Tornadus|Rain Dance|p2b: Tornadus\n|-weather|RainDance\n|move|p2a: Flutter Mane|Taunt|p1b: Ursaluna\n|-start|p1b: Ursaluna|move: Taunt\n|move|p1b: Ursaluna|Facade|p2b: Tornadus\n|-damage|p2b: Tornadus|0 fnt\n|faint|p2b: Tornadus\n|move|p1a: Torkoal|Fissure|p2a: Flutter Mane|[miss]\n|-miss|p1a: Torkoal|p2a: Flutter Mane\n|\n|-weather|RainDance|[upkeep]\n|-damage|p1b: Ursaluna|95\/100 brn|[from] brn\n|upkeep\n|\n|t:|1739296259\n|switch|p2b: Kyogre|Kyogre, L50, tera:Water|100\/100\n|turn|5\n|\n|t:|1739296265\n|-terastallize|p1b: Ursaluna|Ghost\n|move|p2a: Flutter Mane|Moonblast|p1a: Torkoal\n|-resisted|p1a: Torkoal\n|-damage|p1a: Torkoal|54\/100\n|move|p2b: Kyogre|Water Spout|p1a: Torkoal|[spread] p1a,p1b\n|-supereffective|p1a: Torkoal\n|-damage|p1a: Torkoal|0 fnt\n|-damage|p1b: Ursaluna|0 fnt\n|faint|p1a: Torkoal\n|faint|p1b: Ursaluna\n|\n|win|Fra5670\n|raw|bieiup's rating: 1669 &rarr; <strong>1645<\/strong><br \/>(-24 for losing)\n|raw|Fra5670's rating: 1601 &rarr; <strong>1625<\/strong><br \/>(+24 for winning)\n|l|\u2606bieiup\n|player|p1|\n|l|\u2606Fra5670\n|player|p2|\n","uploadtime":1739296528,"views":11,"formatid":"gen9vgc2025regg","rating":1625,"private":0,"password":null}