{"id":"gen9vgc2025regg-2298859020","format":"[Gen 9] VGC 2025 Reg G","players":["tplusplus","Yung Trav"],"log":"|j|\u2606tplusplus\n|j|\u2606Yung Trav\n|t:|1739302030\n|gametype|doubles\n|player|p1|tplusplus|perrin|1620\n|player|p2|Yung Trav|266|1694\n|teamsize|p1|6\n|teamsize|p2|6\n|gen|9\n|tier|[Gen 9] VGC 2025 Reg G\n|rated|\n|rule|Species Clause: Limit one of each Pok\u00e9mon\n|rule|Item Clause: Limit 1 of each item\n|clearpoke\n|poke|p1|Smeargle, L50, M|\n|poke|p1|Calyrex-Ice, L50|\n|poke|p1|Ursaluna-Bloodmoon, L50, M|\n|poke|p1|Annihilape, L50, F|\n|poke|p1|Urshifu-*, L50, M|\n|poke|p1|Ogerpon-Hearthflame, L50, F|\n|poke|p2|Calyrex-Ice, L50|\n|poke|p2|Regidrago, L50|\n|poke|p2|Smeargle, L50, M|\n|poke|p2|Farigiraf, L50, M|\n|poke|p2|Urshifu-*, L50, M|\n|poke|p2|Ogerpon-Cornerstone, L50, F|\n|teampreview|4\n|inactive|Battle timer is ON: inactive players will automatically lose when time's up. (requested by Yung Trav)\n|inactive|tplusplus has 60 seconds left.\n|\n|t:|1739302075\n|start\n|switch|p1a: Ogerpon|Ogerpon-Hearthflame, L50, F|100\/100\n|switch|p1b: Annihilape|Annihilape, L50, F|100\/100\n|switch|p2a: Calyrex|Calyrex-Ice, L50|100\/100\n|switch|p2b: Smeargle|Smeargle, L50, M, shiny|100\/100\n|-ability|p2a: Calyrex|As One\n|-ability|p2a: Calyrex|Unnerve\n|-ability|p1a: Ogerpon|Mold Breaker\n|turn|1\n|j| Nabandwhat\n|inactive|Yung Trav has 30 seconds left.\n|inactive|Yung Trav has 20 seconds left.\n|j| kiabu233\n|\n|t:|1739302112\n|move|p2b: Smeargle|Follow Me|p2b: Smeargle\n|-singleturn|p2b: Smeargle|move: Follow Me\n|move|p1b: Annihilape|Coaching|p1a: Ogerpon\n|-boost|p1a: Ogerpon|atk|1\n|-boost|p1a: Ogerpon|def|1\n|move|p1a: Ogerpon|Taunt|p2b: Smeargle\n|-start|p2b: Smeargle|move: Taunt\n|move|p2a: Calyrex|Glacial Lance|p1a: Ogerpon|[spread] p1a,p1b\n|-crit|p1b: Annihilape\n|-damage|p1a: Ogerpon|60\/100\n|-damage|p1b: Annihilape|6\/100\n|\n|upkeep\n|turn|2\n|inactive|tplusplus has 30 seconds left.\n|inactive|Yung Trav has 30 seconds left.\n|\n|t:|1739302144\n|switch|p2b: Ogerpon|Ogerpon-Cornerstone, L50, F|100\/100\n|-terastallize|p1a: Ogerpon|Fire\n|detailschange|p1a: Ogerpon|Ogerpon-Hearthflame-Tera, L50, F, tera:Fire\n|-ability|p1a: Ogerpon|Embody Aspect (Hearthflame)|boost\n|-boost|p1a: Ogerpon|atk|1\n|-terastallize|p2a: Calyrex|Water\n|move|p1b: Annihilape|Close Combat|p2a: Calyrex\n|-damage|p2a: Calyrex|72\/100\n|-unboost|p1b: Annihilape|def|1\n|-unboost|p1b: Annihilape|spd|1\n|move|p1a: Ogerpon|Ivy Cudgel|p2a: Calyrex|[anim] Ivy Cudgel Fire\n|-resisted|p2a: Calyrex\n|-damage|p2a: Calyrex|35\/100\n|move|p2a: Calyrex|Glacial Lance|p1b: Annihilape|[spread] p1a,p1b\n|-resisted|p1a: Ogerpon\n|-damage|p1a: Ogerpon|42\/100\n|-damage|p1b: Annihilape|0 fnt\n|faint|p1b: Annihilape\n|-ability|p2a: Calyrex|Chilling Neigh|boost\n|-boost|p2a: Calyrex|atk|1\n|\n|upkeep\n|inactive|tplusplus has 30 seconds left.\n|\n|t:|1739302174\n|switch|p1b: Urshifu|Urshifu, L50, M|100\/100\n|turn|3\n|inactive|tplusplus has 30 seconds left.\n|inactive|Yung Trav has 30 seconds left.\n|inactive|tplusplus has 20 seconds left.\n|inactive|tplusplus has 15 seconds left.\n|\n|t:|1739302217\n|move|p2b: Ogerpon|Follow Me|p2b: Ogerpon\n|-singleturn|p2b: Ogerpon|move: Follow Me\n|move|p1a: Ogerpon|Ivy Cudgel|p2b: Ogerpon|[anim] Ivy Cudgel Fire\n|-ability|p2b: Ogerpon|Sturdy\n|-damage|p2b: Ogerpon|1\/100\n|move|p1b: Urshifu|Wicked Blow|p2b: Ogerpon\n|-crit|p2b: Ogerpon\n|-damage|p2b: Ogerpon|0 fnt\n|faint|p2b: Ogerpon\n|move|p2a: Calyrex|Glacial Lance|p1a: Ogerpon|[spread] p1a,p1b\n|-resisted|p1a: Ogerpon\n|-damage|p1a: Ogerpon|14\/100\n|-damage|p1b: Urshifu|19\/100\n|\n|upkeep\n|\n|t:|1739302238\n|switch|p2b: Smeargle|Smeargle, L50, M, shiny|100\/100\n|turn|4\n|\n|t:|1739302254\n|move|p2b: Smeargle|Follow Me|p2b: Smeargle\n|-singleturn|p2b: Smeargle|move: Follow Me\n|move|p1a: Ogerpon|Ivy Cudgel|p2b: Smeargle|[anim] Ivy Cudgel Fire\n|-enditem|p2b: Smeargle|Focus Sash\n|-damage|p2b: Smeargle|1\/100\n|move|p1b: Urshifu|Wicked Blow|p2b: Smeargle\n|-crit|p2b: Smeargle\n|-damage|p2b: Smeargle|0 fnt\n|faint|p2b: Smeargle\n|move|p2a: Calyrex|Glacial Lance|p1a: Ogerpon|[spread] p1a,p1b\n|-resisted|p1a: Ogerpon\n|-damage|p1a: Ogerpon|0 fnt\n|-damage|p1b: Urshifu|0 fnt\n|faint|p1a: Ogerpon\n|faint|p1b: Urshifu\n|-ability|p2a: Calyrex|Chilling Neigh|boost\n|-boost|p2a: Calyrex|atk|2\n|\n|upkeep\n|\n|t:|1739302271\n|switch|p1b: Calyrex|Calyrex-Ice, L50|100\/100\n|switch|p2b: Urshifu|Urshifu, L50, M|100\/100\n|-ability|p1b: Calyrex|As One\n|-ability|p1b: Calyrex|Unnerve\n|turn|5\n|\n|t:|1739302280\n|move|p2b: Urshifu|Wicked Blow|p1b: Calyrex\n|-supereffective|p1b: Calyrex\n|-crit|p1b: Calyrex\n|-damage|p1b: Calyrex|21\/100\n|move|p1b: Calyrex|High Horsepower|p2a: Calyrex\n|-damage|p2a: Calyrex|8\/100\n|move|p2a: Calyrex|Glacial Lance|p1b: Calyrex\n|-resisted|p1b: Calyrex\n|-damage|p1b: Calyrex|0 fnt\n|faint|p1b: Calyrex\n|\n|win|Yung Trav\n|raw|tplusplus's rating: 1620 &rarr; <strong>1604<\/strong><br \/>(-16 for losing)\n|raw|Yung Trav's rating: 1694 &rarr; <strong>1710<\/strong><br \/>(+16 for winning)\n|l| kiabu233\n|l| Nabandwhat\n|l|\u2606Yung Trav\n|player|p2|\n","uploadtime":1739302515,"views":15,"formatid":"gen9vgc2025regg","rating":1604,"private":0,"password":null}