{"id":"gen9vgc2025regg-2298364868","format":"[Gen 9] VGC 2025 Reg G","players":["mattun","DaP1p3"],"log":"|j|\u2606mattun\n|j|\u2606DaP1p3\n|t:|1739236504\n|gametype|doubles\n|player|p1|mattun|1|1563\n|player|p2|DaP1p3|pokemaniac|1529\n|teamsize|p1|6\n|teamsize|p2|6\n|gen|9\n|tier|[Gen 9] VGC 2025 Reg G\n|rated|\n|rule|Species Clause: Limit one of each Pok\u00e9mon\n|rule|Item Clause: Limit 1 of each item\n|clearpoke\n|poke|p1|Calyrex-Ice, L50|\n|poke|p1|Ogerpon-Wellspring, L50, F|\n|poke|p1|Amoonguss, L50, M|\n|poke|p1|Iron Valiant, L50|\n|poke|p1|Urshifu-*, L50, F|\n|poke|p1|Archaludon, L50, M|\n|poke|p2|Calyrex-Ice, L50|\n|poke|p2|Urshifu-*, L50, F|\n|poke|p2|Amoonguss, L50, F|\n|poke|p2|Ogerpon-Hearthflame, L50, F|\n|poke|p2|Indeedee-F, L50, F|\n|poke|p2|Armarouge, L50, F|\n|teampreview|4\n|inactive|Battle timer is ON: inactive players will automatically lose when time's up. (requested by DaP1p3)\n|\n|t:|1739236540\n|start\n|switch|p1a: Iron Valiant|Iron Valiant, L50|100\/100\n|switch|p1b: Urshifu|Urshifu, L50, F|100\/100\n|switch|p2a: Calyrex|Calyrex-Ice, L50|100\/100\n|switch|p2b: Ogerpon|Ogerpon-Hearthflame, L50, F|100\/100\n|-ability|p2a: Calyrex|As One\n|-ability|p2a: Calyrex|Unnerve\n|-ability|p2b: Ogerpon|Mold Breaker\n|-enditem|p1a: Iron Valiant|Booster Energy\n|-activate|p1a: Iron Valiant|ability: Quark Drive|[fromitem]\n|-start|p1a: Iron Valiant|quarkdrivespe\n|turn|1\n|inactive|DaP1p3 has 30 seconds left.\n|inactive|DaP1p3 has 20 seconds left.\n|inactive|DaP1p3 has 15 seconds left.\n|inactive|DaP1p3 has 10 seconds left.\n|\n|t:|1739236588\n|-terastallize|p2a: Calyrex|Water\n|move|p2b: Ogerpon|Follow Me|p2b: Ogerpon\n|-singleturn|p2b: Ogerpon|move: Follow Me\n|move|p1a: Iron Valiant|Taunt|p2b: Ogerpon\n|-start|p2b: Ogerpon|move: Taunt\n|move|p1b: Urshifu|Wicked Blow|p2b: Ogerpon\n|-crit|p2b: Ogerpon\n|-damage|p2b: Ogerpon|33\/100\n|move|p2a: Calyrex|Glacial Lance|p1a: Iron Valiant|[spread] p1a,p1b\n|-damage|p1a: Iron Valiant|37\/100\n|-damage|p1b: Urshifu|42\/100\n|\n|upkeep\n|turn|2\n|\n|t:|1739236604\n|move|p1a: Iron Valiant|Wide Guard|p1a: Iron Valiant\n|-singleturn|p1a: Iron Valiant|Wide Guard\n|move|p1b: Urshifu|Sucker Punch|p2b: Ogerpon\n|-damage|p2b: Ogerpon|0 fnt\n|faint|p2b: Ogerpon\n|move|p2a: Calyrex|Glacial Lance|p1a: Iron Valiant|[spread] \n|-activate|p1a: Iron Valiant|move: Wide Guard\n|-activate|p1b: Urshifu|move: Wide Guard\n|\n|upkeep\n|\n|t:|1739236615\n|switch|p2b: Urshifu|Urshifu, L50, F|100\/100\n|turn|3\n|\n|t:|1739236630\n|move|p1a: Iron Valiant|Icy Wind|p2a: Calyrex|[spread] p2a,p2b\n|-resisted|p2a: Calyrex\n|-crit|p2a: Calyrex\n|-damage|p2a: Calyrex|94\/100\n|-damage|p2b: Urshifu|88\/100\n|-unboost|p2b: Urshifu|spe|1\n|move|p1b: Urshifu|Close Combat|p2b: Urshifu\n|-supereffective|p2b: Urshifu\n|-damage|p2b: Urshifu|0 fnt\n|-unboost|p1b: Urshifu|def|1\n|-unboost|p1b: Urshifu|spd|1\n|faint|p2b: Urshifu\n|move|p2a: Calyrex|Trick Room|p2a: Calyrex\n|-fieldstart|move: Trick Room|[of] p2a: Calyrex\n|\n|upkeep\n|\n|t:|1739236642\n|switch|p2b: Amoonguss|Amoonguss, L50, F|100\/100\n|turn|4\n|\n|t:|1739236657\n|switch|p1b: Ogerpon|Ogerpon-Wellspring, L50, F|100\/100\n|move|p1a: Iron Valiant|Wide Guard|p1a: Iron Valiant\n|-singleturn|p1a: Iron Valiant|Wide Guard\n|move|p2b: Amoonguss|Spore|p1a: Iron Valiant\n|-status|p1a: Iron Valiant|slp|[from] move: Spore\n|move|p2a: Calyrex|High Horsepower|p1b: Ogerpon\n|-resisted|p1b: Ogerpon\n|-damage|p1b: Ogerpon|74\/100\n|\n|upkeep\n|turn|5\n|j| Kaiju Krush\n|\n|t:|1739236678\n|move|p1b: Ogerpon|Spiky Shield|p1b: Ogerpon\n|-singleturn|p1b: Ogerpon|move: Protect\n|move|p2b: Amoonguss|Spore|p1b: Ogerpon\n|-activate|p1b: Ogerpon|move: Protect\n|move|p2a: Calyrex|Glacial Lance|p1a: Iron Valiant|[spread] p1a\n|-activate|p1b: Ogerpon|move: Protect\n|-damage|p1a: Iron Valiant|0 fnt\n|faint|p1a: Iron Valiant\n|-end|p1a: Iron Valiant|Quark Drive|[silent]\n|-ability|p2a: Calyrex|Chilling Neigh|boost\n|-boost|p2a: Calyrex|atk|1\n|\n|upkeep\n|\n|t:|1739236694\n|switch|p1a: Urshifu|Urshifu, L50, F|42\/100\n|turn|6\n|\n|t:|1739236702\n|move|p1a: Urshifu|Detect|p1a: Urshifu\n|-singleturn|p1a: Urshifu|Protect\n|move|p2b: Amoonguss|Rage Powder|p2b: Amoonguss\n|-singleturn|p2b: Amoonguss|move: Rage Powder\n|move|p2a: Calyrex|Glacial Lance|p1a: Urshifu|[spread] p1b\n|-activate|p1a: Urshifu|move: Protect\n|-damage|p1b: Ogerpon|0 fnt\n|faint|p1b: Ogerpon\n|-ability|p2a: Calyrex|Chilling Neigh|boost\n|-boost|p2a: Calyrex|atk|1\n|\n|upkeep\n|\n|t:|1739236709\n|switch|p1b: Archaludon|Archaludon, L50, M|100\/100\n|turn|7\n|\n|t:|1739236719\n|move|p1b: Archaludon|Protect|p1b: Archaludon\n|-singleturn|p1b: Archaludon|Protect\n|move|p1a: Urshifu|Detect||[still]\n|-fail|p1a: Urshifu\n|move|p2b: Amoonguss|Spore|p1b: Archaludon\n|-activate|p1b: Archaludon|move: Protect\n|move|p2a: Calyrex|Glacial Lance|p1a: Urshifu|[spread] p1a\n|-activate|p1b: Archaludon|move: Protect\n|-damage|p1a: Urshifu|0 fnt\n|faint|p1a: Urshifu\n|-ability|p2a: Calyrex|Chilling Neigh|boost\n|-boost|p2a: Calyrex|atk|1\n|\n|-fieldend|move: Trick Room\n|upkeep\n|turn|8\n|c|\u2606DaP1p3|Gg\n|\n|t:|1739236737\n|move|p2b: Amoonguss|Rage Powder|p2b: Amoonguss\n|-singleturn|p2b: Amoonguss|move: Rage Powder\n|move|p1b: Archaludon|Electro Shot||[still]\n|-prepare|p1b: Archaludon|Electro Shot\n|-boost|p1b: Archaludon|spa|1\n|-enditem|p1b: Archaludon|Power Herb\n|-anim|p1b: Archaludon|Electro Shot|p2b: Amoonguss\n|-resisted|p2b: Amoonguss\n|-damage|p2b: Amoonguss|70\/100\n|move|p2a: Calyrex|High Horsepower|p1b: Archaludon\n|-supereffective|p1b: Archaludon\n|-ability|p1b: Archaludon|Sturdy\n|-damage|p1b: Archaludon|1\/100\n|\n|-heal|p2b: Amoonguss|77\/100|[from] item: Black Sludge\n|upkeep\n|turn|9\n|-message|mattun forfeited.\n|\n|win|DaP1p3\n|raw|mattun's rating: 1563 &rarr; <strong>1541<\/strong><br \/>(-22 for losing)\n|raw|DaP1p3's rating: 1529 &rarr; <strong>1551<\/strong><br \/>(+22 for winning)\n|l|\u2606mattun\n|player|p1|\n|l|\u2606DaP1p3\n|player|p2|\n","uploadtime":1739236974,"views":4,"formatid":"gen9vgc2025regg","rating":1541,"private":0,"password":null}