{"id":"gen9vgc2025regg-2298128905","format":"[Gen 9] VGC 2025 Reg G","players":["pcordcypher","mlm2016"],"log":"|j|\u2606pcordcypher\n|j|\u2606mlm2016\n|t:|1739210905\n|gametype|doubles\n|player|p1|pcordcypher|101|1578\n|player|p2|mlm2016|265|1651\n|teamsize|p1|6\n|teamsize|p2|6\n|gen|9\n|tier|[Gen 9] VGC 2025 Reg G\n|rated|\n|rule|Species Clause: Limit one of each Pok\u00e9mon\n|rule|Item Clause: Limit 1 of each item\n|clearpoke\n|poke|p1|Terapagos, L50, M|\n|poke|p1|Ogerpon-Hearthflame, L50, F|\n|poke|p1|Tornadus, L50, M|\n|poke|p1|Smeargle, L50, F|\n|poke|p1|Dondozo, L50, F|\n|poke|p1|Tatsugiri-Droopy, L50, F|\n|poke|p2|Miraidon, L50|\n|poke|p2|Urshifu-*, L50, M|\n|poke|p2|Iron Hands, L50|\n|poke|p2|Whimsicott, L50, F|\n|poke|p2|Farigiraf, L50, M|\n|poke|p2|Sneasler, L50, M|\n|teampreview|4\n|inactive|Battle timer is ON: inactive players will automatically lose when time's up. (requested by mlm2016)\n|inactive|pcordcypher has 60 seconds left.\n|inactive|mlm2016 has 60 seconds left.\n|\n|t:|1739210955\n|start\n|switch|p1a: Ogerpon|Ogerpon-Hearthflame, L50, F|100\/100\n|switch|p1b: Terapagos|Terapagos, L50, M|100\/100\n|switch|p2a: Miraidon|Miraidon, L50|100\/100\n|switch|p2b: Sneasler|Sneasler, L50, M|100\/100\n|-activate|p1b: Terapagos|ability: Tera Shift\n|detailschange|p1b: Terapagos|Terapagos-Terastal, L50, M\n|-heal|p1b: Terapagos|100\/100|[silent]\n|-fieldstart|move: Electric Terrain|[from] ability: Hadron Engine|[of] p2a: Miraidon\n|-enditem|p2b: Sneasler|Electric Seed\n|-boost|p2b: Sneasler|def|1|[from] item: Electric Seed\n|-ability|p1a: Ogerpon|Mold Breaker\n|turn|1\n|inactive|pcordcypher has 30 seconds left.\n|inactive|mlm2016 has 30 seconds left.\n|inactive|pcordcypher has 20 seconds left.\n|inactive|pcordcypher has 15 seconds left.\n|inactive|pcordcypher has 10 seconds left.\n|\n|t:|1739211004\n|switch|p2a: Whimsicott|Whimsicott, L50, F|100\/100\n|move|p2b: Sneasler|Fake Out|p1b: Terapagos\n|-activate|p1b: Terapagos|ability: Tera Shell\n|-resisted|p1b: Terapagos\n|-damage|p1b: Terapagos|94\/100\n|move|p1a: Ogerpon|Follow Me|p1a: Ogerpon\n|-singleturn|p1a: Ogerpon|move: Follow Me\n|cant|p1b: Terapagos|flinch\n|\n|upkeep\n|turn|2\n|\n|t:|1739211019\n|switch|p1b: Dondozo|Dondozo, L50, F|100\/100\n|move|p2a: Whimsicott|Light Screen|p2a: Whimsicott\n|-sidestart|p2: mlm2016|move: Light Screen\n|move|p2b: Sneasler|Gunk Shot|p1a: Ogerpon\n|-supereffective|p1a: Ogerpon\n|-damage|p1a: Ogerpon|0 fnt\n|faint|p1a: Ogerpon\n|\n|upkeep\n|\n|t:|1739211021\n|switch|p1a: Tatsugiri|Tatsugiri-Droopy, L50, F|100\/100\n|-activate|p1a: Tatsugiri|ability: Commander|[of] p1b: Dondozo\n|-boost|p1b: Dondozo|atk|2\n|-boost|p1b: Dondozo|spa|2\n|-boost|p1b: Dondozo|spe|2\n|-boost|p1b: Dondozo|def|2\n|-boost|p1b: Dondozo|spd|2\n|turn|3\n|j| Meiser63\n|inactive|mlm2016 has 30 seconds left.\n|\n|t:|1739211054\n|move|p2a: Whimsicott|Tailwind|p2a: Whimsicott\n|-sidestart|p2: mlm2016|move: Tailwind\n|move|p2b: Sneasler|Acid Spray|p1b: Dondozo\n|-damage|p1b: Dondozo|98\/100\n|-unboost|p1b: Dondozo|spd|2\n|move|p1b: Dondozo|Order Up|p2b: Sneasler\n|-damage|p2b: Sneasler|43\/100\n|-boost|p1b: Dondozo|def|1\n|\n|-heal|p1b: Dondozo|100\/100|[from] item: Leftovers\n|upkeep\n|turn|4\n|l| Meiser63\n|\n|t:|1739211069\n|move|p2a: Whimsicott|Encore|p1b: Dondozo\n|-start|p1b: Dondozo|Encore\n|move|p2b: Sneasler|Acid Spray|p1b: Dondozo\n|-damage|p1b: Dondozo|93\/100\n|-unboost|p1b: Dondozo|spd|2\n|move|p1b: Dondozo|Order Up|p2b: Sneasler\n|-damage|p2b: Sneasler|0 fnt\n|faint|p2b: Sneasler\n|-boost|p1b: Dondozo|def|1\n|\n|-heal|p1b: Dondozo|99\/100|[from] item: Leftovers\n|upkeep\n|j| Meiser63\n|\n|t:|1739211082\n|switch|p2b: Miraidon|Miraidon, L50|100\/100\n|-activate|p2b: Miraidon|ability: Hadron Engine\n|turn|5\n|inactive|mlm2016 has 30 seconds left.\n|\n|t:|1739211108\n|-terastallize|p2b: Miraidon|Fairy\n|-terastallize|p1b: Dondozo|Fairy\n|move|p2b: Miraidon|Electro Drift|p1b: Dondozo\n|-damage|p1b: Dondozo|0 fnt\n|faint|p1b: Dondozo\n|move|p2a: Whimsicott|Moonblast|p1a: Tatsugiri\n|-supereffective|p1a: Tatsugiri\n|-damage|p1a: Tatsugiri|33\/100\n|\n|-fieldend|move: Electric Terrain\n|upkeep\n|\n|t:|1739211111\n|switch|p1b: Terapagos|Terapagos-Terastal, L50, M|94\/100\n|turn|6\n|-message|pcordcypher forfeited.\n|\n|win|mlm2016\n|raw|pcordcypher's rating: 1578 &rarr; <strong>1562<\/strong><br \/>(-16 for losing)\n|raw|mlm2016's rating: 1651 &rarr; <strong>1667<\/strong><br \/>(+16 for winning)\n|l|\u2606pcordcypher\n|player|p1|\n|l| Meiser63\n|l|\u2606mlm2016\n|player|p2|\n","uploadtime":1739211124,"views":5,"formatid":"gen9vgc2025regg","rating":1562,"private":0,"password":null}