{"id":"gen9vgc2025regg-2298739230","format":"[Gen 9] VGC 2025 Reg G","players":["Llemand","bieiup"],"log":"|j|\u2606Llemand\n|j|\u2606bieiup\n|t:|1739290715\n|gametype|doubles\n|player|p1|Llemand|caitlin|1559\n|player|p2|bieiup|lillie-z|1684\n|teamsize|p1|6\n|teamsize|p2|6\n|gen|9\n|tier|[Gen 9] VGC 2025 Reg G\n|rated|\n|rule|Species Clause: Limit one of each Pok\u00e9mon\n|rule|Item Clause: Limit 1 of each item\n|clearpoke\n|poke|p1|Incineroar, L50, M|\n|poke|p1|Rillaboom, L50, F|\n|poke|p1|Calyrex-Ice, L50|\n|poke|p1|Urshifu-*, L50, M|\n|poke|p1|Pelipper, L50, M|\n|poke|p1|Landorus, L50, M|\n|poke|p2|Raging Bolt, L50|\n|poke|p2|Miraidon, L50|\n|poke|p2|Chi-Yu, L50|\n|poke|p2|Torkoal, L50, F|\n|poke|p2|Farigiraf, L50, M|\n|poke|p2|Ursaluna, L50, F|\n|teampreview|4\n|inactive|Battle timer is ON: inactive players will automatically lose when time's up. (requested by bieiup)\n|\n|t:|1739290733\n|start\n|switch|p1a: Rillaboom|Rillaboom, L50, F, shiny|100\/100\n|switch|p1b: Calyrex|Calyrex-Ice, L50|100\/100\n|switch|p2a: Raging Bolt|Raging Bolt, L50|100\/100\n|switch|p2b: Miraidon|Miraidon, L50|100\/100\n|-ability|p1b: Calyrex|As One\n|-ability|p1b: Calyrex|Unnerve\n|-fieldstart|move: Electric Terrain|[from] ability: Hadron Engine|[of] p2b: Miraidon\n|-fieldstart|move: Grassy Terrain|[from] ability: Grassy Surge|[of] p1a: Rillaboom\n|turn|1\n|\n|t:|1739290757\n|switch|p2b: Torkoal|Torkoal, L50, F|100\/100\n|-weather|SunnyDay|[from] ability: Drought|[of] p2b: Torkoal\n|-activate|p2a: Raging Bolt|ability: Protosynthesis\n|-start|p2a: Raging Bolt|protosynthesisspa\n|-item|p2b: Torkoal|Air Balloon\n|move|p2a: Raging Bolt|Protect|p2a: Raging Bolt\n|-singleturn|p2a: Raging Bolt|Protect\n|move|p1a: Rillaboom|Wood Hammer|p2b: Torkoal\n|-resisted|p2b: Torkoal\n|-damage|p2b: Torkoal|69\/100\n|-enditem|p2b: Torkoal|Air Balloon\n|-damage|p1a: Rillaboom|92\/100|[from] Recoil\n|move|p1b: Calyrex|Glacial Lance|p2a: Raging Bolt|[spread] p2b\n|-activate|p2a: Raging Bolt|move: Protect\n|-resisted|p2b: Torkoal\n|-damage|p2b: Torkoal|48\/100\n|\n|-weather|SunnyDay|[upkeep]\n|-heal|p1a: Rillaboom|98\/100|[from] Grassy Terrain\n|-heal|p2b: Torkoal|54\/100|[from] Grassy Terrain\n|upkeep\n|turn|2\n|inactive|Llemand has 30 seconds left.\n|\n|t:|1739290788\n|switch|p2b: Miraidon|Miraidon, L50|100\/100\n|-fieldstart|move: Electric Terrain|[from] ability: Hadron Engine|[of] p2b: Miraidon\n|-terastallize|p2a: Raging Bolt|Electric\n|-terastallize|p1b: Calyrex|Water\n|move|p1a: Rillaboom|U-turn|p2a: Raging Bolt\n|-damage|p2a: Raging Bolt|80\/100\n|\n|t:|1739290798\n|switch|p1a: Pelipper|Pelipper, L50, M, shiny|100\/100|[from] U-turn\n|-weather|RainDance|[from] ability: Drizzle|[of] p1a: Pelipper\n|-end|p2a: Raging Bolt|Protosynthesis\n|move|p2a: Raging Bolt|Rising Voltage|p1b: Calyrex\n|-hint|Rising Voltage's BP doubled on grounded target.\n|-supereffective|p1b: Calyrex\n|-damage|p1b: Calyrex|0 fnt\n|faint|p1b: Calyrex\n|-damage|p2a: Raging Bolt|70\/100|[from] item: Life Orb\n|\n|-weather|RainDance|[upkeep]\n|upkeep\n|c|\u2606bieiup|hahaha\n|\n|t:|1739290808\n|switch|p1b: Rillaboom|Rillaboom, L50, F, shiny|98\/100\n|-fieldstart|move: Grassy Terrain|[from] ability: Grassy Surge|[of] p1b: Rillaboom\n|turn|3\n|j| RiotJuice\n|\n|t:|1739290821\n|switch|p1a: Landorus|Landorus, L50, M|100\/100\n|move|p2a: Raging Bolt|Protect|p2a: Raging Bolt\n|-singleturn|p2a: Raging Bolt|Protect\n|move|p2b: Miraidon|Volt Switch|p1a: Landorus\n|-immune|p1a: Landorus\n|move|p1b: Rillaboom|Wood Hammer|p2a: Raging Bolt\n|-activate|p2a: Raging Bolt|move: Protect\n|\n|-weather|RainDance|[upkeep]\n|-heal|p1b: Rillaboom|100\/100|[from] Grassy Terrain\n|-heal|p2a: Raging Bolt|76\/100|[from] Grassy Terrain\n|upkeep\n|turn|4\n|\n|t:|1739290838\n|-end|p2a: Raging Bolt|Protosynthesis|[silent]\n|switch|p2a: Torkoal|Torkoal, L50, F|54\/100\n|-weather|SunnyDay|[from] ability: Drought|[of] p2a: Torkoal\n|move|p2b: Miraidon|Volt Switch|p1b: Rillaboom\n|-resisted|p1b: Rillaboom\n|-damage|p1b: Rillaboom|81\/100\n|\n|t:|1739290844\n|switch|p2b: Raging Bolt|Raging Bolt, L50, tera:Electric|76\/100|[from] Volt Switch\n|-activate|p2b: Raging Bolt|ability: Protosynthesis\n|-start|p2b: Raging Bolt|protosynthesisspa\n|move|p1a: Landorus|Sandsear Storm|p2b: Raging Bolt|[spread] p2a,p2b\n|-supereffective|p2a: Torkoal\n|-supereffective|p2b: Raging Bolt\n|-damage|p2a: Torkoal|0 fnt\n|-damage|p2b: Raging Bolt|0 fnt\n|faint|p2a: Torkoal\n|faint|p2b: Raging Bolt\n|-end|p2b: Raging Bolt|Protosynthesis|[silent]\n|move|p1b: Rillaboom|U-turn|p2: Torkoal|[notarget]\n|-fail|p1b: Rillaboom\n|\n|-weather|SunnyDay|[upkeep]\n|-heal|p1b: Rillaboom|87\/100|[from] Grassy Terrain\n|upkeep\n|\n|t:|1739290846\n|switch|p2b: Miraidon|Miraidon, L50|100\/100\n|switch|p2a: Chi-Yu|Chi-Yu, L50|100\/100\n|-ability|p2a: Chi-Yu|Beads of Ruin\n|-fieldstart|move: Electric Terrain|[from] ability: Hadron Engine|[of] p2b: Miraidon\n|turn|5\n|\n|t:|1739290864\n|move|p2a: Chi-Yu|Dark Pulse|p1b: Rillaboom\n|-damage|p1b: Rillaboom|47\/100\n|move|p2b: Miraidon|Draco Meteor|p1a: Landorus|[miss]\n|-miss|p2b: Miraidon|p1a: Landorus\n|move|p1a: Landorus|Sandsear Storm|p2a: Chi-Yu|[spread] p2a,p2b\n|-supereffective|p2a: Chi-Yu\n|-supereffective|p2b: Miraidon\n|-damage|p2a: Chi-Yu|0 fnt\n|-damage|p2b: Miraidon|0 fnt\n|faint|p2a: Chi-Yu\n|faint|p2b: Miraidon\n|\n|win|Llemand\n|raw|Llemand's rating: 1559 &rarr; <strong>1586<\/strong><br \/>(+27 for winning)\n|raw|bieiup's rating: 1684 &rarr; <strong>1657<\/strong><br \/>(-27 for losing)\n|l|\u2606bieiup\n|player|p2|\n|l|\u2606Llemand\n|player|p1|\n|l| RiotJuice\n","uploadtime":1739291125,"views":5,"formatid":"gen9vgc2025regg","rating":1586,"private":0,"password":null}