{"id":"gen9vgc2025regg-2298336806","format":"[Gen 9] VGC 2025 Reg G","players":["mattun","Punihina"],"log":"|j|\u2606mattun\n|j|\u2606Punihina\n|t:|1739232901\n|gametype|doubles\n|player|p1|mattun|1|1585\n|player|p2|Punihina|shauntal|1549\n|teamsize|p1|6\n|teamsize|p2|6\n|gen|9\n|tier|[Gen 9] VGC 2025 Reg G\n|rated|\n|rule|Species Clause: Limit one of each Pok\u00e9mon\n|rule|Item Clause: Limit 1 of each item\n|clearpoke\n|poke|p1|Calyrex-Ice, L50|\n|poke|p1|Ogerpon-Wellspring, L50, F|\n|poke|p1|Amoonguss, L50, F|\n|poke|p1|Iron Valiant, L50|\n|poke|p1|Urshifu-*, L50, F|\n|poke|p1|Archaludon, L50, F|\n|poke|p2|Miraidon, L50|\n|poke|p2|Tatsugiri-Droopy, L50, F|\n|poke|p2|Rillaboom, L50, F|\n|poke|p2|Farigiraf, L50, M|\n|poke|p2|Urshifu-*, L50, M|\n|poke|p2|Volcarona, L50, F|\n|teampreview|4\n|inactive|Battle timer is ON: inactive players will automatically lose when time's up. (requested by Punihina)\n|\n|t:|1739232952\n|start\n|switch|p1a: Calyrex|Calyrex-Ice, L50|100\/100\n|switch|p1b: Iron Valiant|Iron Valiant, L50|100\/100\n|switch|p2a: Miraidon|Miraidon, L50|100\/100\n|switch|p2b: Tatsugiri|Tatsugiri-Droopy, L50, F|100\/100\n|-ability|p1a: Calyrex|As One\n|-ability|p1a: Calyrex|Unnerve\n|-fieldstart|move: Electric Terrain|[from] ability: Hadron Engine|[of] p2a: Miraidon\n|-activate|p1b: Iron Valiant|ability: Quark Drive\n|-start|p1b: Iron Valiant|quarkdrivespe\n|turn|1\n|\n|t:|1739232969\n|move|p1b: Iron Valiant|Wide Guard|p1b: Iron Valiant\n|-singleturn|p1b: Iron Valiant|Wide Guard\n|move|p2b: Tatsugiri|Soak|p1a: Calyrex\n|-start|p1a: Calyrex|typechange|Water\n|move|p2a: Miraidon|Electro Drift|p1a: Calyrex\n|-supereffective|p1a: Calyrex\n|-damage|p1a: Calyrex|0 fnt\n|faint|p1a: Calyrex\n|\n|upkeep\n|\n|t:|1739232984\n|switch|p1a: Urshifu|Urshifu, L50, F|100\/100\n|turn|2\n|\n|t:|1739233002\n|switch|p2b: Volcarona|Volcarona, L50, F|100\/100\n|-terastallize|p2a: Miraidon|Fairy\n|-terastallize|p1a: Urshifu|Dark\n|move|p1b: Iron Valiant|Coaching|p1a: Urshifu\n|-boost|p1a: Urshifu|atk|1\n|-boost|p1a: Urshifu|def|1\n|move|p2a: Miraidon|Dazzling Gleam|p1a: Urshifu|[spread] p1a,p1b\n|-supereffective|p1a: Urshifu\n|-supereffective|p1b: Iron Valiant\n|-enditem|p1a: Urshifu|Focus Sash\n|-damage|p1a: Urshifu|1\/100\n|-damage|p1b: Iron Valiant|14\/100\n|move|p1a: Urshifu|Wicked Blow|p2a: Miraidon\n|-resisted|p2a: Miraidon\n|-crit|p2a: Miraidon\n|-damage|p2a: Miraidon|44\/100\n|\n|upkeep\n|turn|3\n|inactive|Punihina has 30 seconds left.\n|\n|t:|1739233035\n|move|p1b: Iron Valiant|Wide Guard|p1b: Iron Valiant\n|-singleturn|p1b: Iron Valiant|Wide Guard\n|move|p2a: Miraidon|Volt Switch|p1a: Urshifu\n|-damage|p1a: Urshifu|0 fnt\n|faint|p1a: Urshifu\n|\n|t:|1739233042\n|switch|p2a: Urshifu|Urshifu, L50, M|100\/100|[from] Volt Switch\n|move|p2b: Volcarona|Tailwind|p2b: Volcarona\n|-sidestart|p2: Punihina|move: Tailwind\n|\n|upkeep\n|\n|t:|1739233046\n|switch|p1a: Ogerpon|Ogerpon-Wellspring, L50, F|100\/100\n|turn|4\n|\n|t:|1739233055\n|move|p2a: Urshifu|Detect|p2a: Urshifu\n|-singleturn|p2a: Urshifu|Protect\n|move|p2b: Volcarona|Will-O-Wisp|p1a: Ogerpon\n|-status|p1a: Ogerpon|brn\n|move|p1b: Iron Valiant|Coaching|p1a: Ogerpon\n|-boost|p1a: Ogerpon|atk|1\n|-boost|p1a: Ogerpon|def|1\n|move|p1a: Ogerpon|Ivy Cudgel|p2b: Volcarona|[anim] Ivy Cudgel Water\n|-supereffective|p2b: Volcarona\n|-damage|p2b: Volcarona|12\/100\n|\n|-damage|p1a: Ogerpon|95\/100 brn|[from] brn\n|upkeep\n|turn|5\n|j| IshzarkVGC\n|\n|t:|1739233073\n|move|p2b: Volcarona|Rage Powder|p2b: Volcarona\n|-singleturn|p2b: Volcarona|move: Rage Powder\n|move|p2a: Urshifu|Wicked Blow|p1a: Ogerpon\n|-crit|p1a: Ogerpon\n|-damage|p1a: Ogerpon|3\/100 brn\n|move|p1b: Iron Valiant|Icy Wind|p2a: Urshifu|[spread] p2a,p2b\n|-resisted|p2b: Volcarona\n|-damage|p2a: Urshifu|85\/100\n|-damage|p2b: Volcarona|7\/100\n|-unboost|p2a: Urshifu|spe|1\n|-unboost|p2b: Volcarona|spe|1\n|move|p1a: Ogerpon|Wood Hammer|p2a: Urshifu\n|-damage|p2a: Urshifu|38\/100\n|-damage|p1a: Ogerpon|0 fnt|[from] Recoil\n|faint|p1a: Ogerpon\n|\n|-fieldend|move: Electric Terrain\n|-end|p1b: Iron Valiant|Quark Drive\n|upkeep\n|-enditem|p1b: Iron Valiant|Booster Energy\n|-activate|p1b: Iron Valiant|ability: Quark Drive|[fromitem]\n|-start|p1b: Iron Valiant|quarkdrivespe\n|turn|6\n|\n|t:|1739233097\n|move|p2b: Volcarona|Rage Powder|p2b: Volcarona\n|-singleturn|p2b: Volcarona|move: Rage Powder\n|move|p1b: Iron Valiant|Icy Wind|p2a: Urshifu|[spread] p2a,p2b\n|-resisted|p2b: Volcarona\n|-damage|p2a: Urshifu|24\/100\n|-damage|p2b: Volcarona|2\/100\n|-unboost|p2a: Urshifu|spe|1\n|-unboost|p2b: Volcarona|spe|1\n|move|p2a: Urshifu|Wicked Blow|p1b: Iron Valiant\n|-resisted|p1b: Iron Valiant\n|-crit|p1b: Iron Valiant\n|-damage|p1b: Iron Valiant|0 fnt\n|faint|p1b: Iron Valiant\n|-end|p1b: Iron Valiant|Quark Drive|[silent]\n|\n|win|Punihina\n|raw|mattun's rating: 1585 &rarr; <strong>1563<\/strong><br \/>(-22 for losing)\n|raw|Punihina's rating: 1549 &rarr; <strong>1571<\/strong><br \/>(+22 for winning)\n|l|\u2606mattun\n|player|p1|\n","uploadtime":1739233103,"views":12,"formatid":"gen9vgc2025regg","rating":1563,"private":0,"password":null}