{"id":"gen9vgc2025regg-2298238803","format":"[Gen 9] VGC 2025 Reg G","players":["ginopollo","MegaBaumTV"],"log":"|j|\u2606ginopollo\n|j|\u2606MegaBaumTV\n|t:|1739221683\n|gametype|doubles\n|player|p1|ginopollo|170|1664\n|player|p2|MegaBaumTV|dawn|1580\n|teamsize|p1|6\n|teamsize|p2|6\n|gen|9\n|tier|[Gen 9] VGC 2025 Reg G\n|rated|\n|rule|Species Clause: Limit one of each Pok\u00e9mon\n|rule|Item Clause: Limit 1 of each item\n|clearpoke\n|poke|p1|Raging Bolt, L50|\n|poke|p1|Urshifu-*, L50, F|\n|poke|p1|Calyrex-Ice, L50|\n|poke|p1|Incineroar, L50, M|\n|poke|p1|Amoonguss, L50, F|\n|poke|p1|Landorus, L50, M|\n|poke|p2|Incineroar, L50, M|\n|poke|p2|Rillaboom, L50, F|\n|poke|p2|Calyrex-Ice, L50|\n|poke|p2|Urshifu-*, L50, M|\n|poke|p2|Pelipper, L50, F|\n|poke|p2|Raging Bolt, L50|\n|teampreview|4\n|\n|t:|1739221735\n|start\n|switch|p1a: Calyrex|Calyrex-Ice, L50|100\/100\n|switch|p1b: Raging Bolt|Raging Bolt, L50|100\/100\n|switch|p2a: Incineroar|Incineroar, L50, M, shiny|100\/100\n|switch|p2b: Calyrex|Calyrex-Ice, L50|100\/100\n|-ability|p2b: Calyrex|As One\n|-ability|p2b: Calyrex|Unnerve\n|-ability|p1a: Calyrex|As One\n|-ability|p1a: Calyrex|Unnerve\n|-ability|p2a: Incineroar|Intimidate|boost\n|-fail|p1a: Calyrex|unboost|[from] item: Clear Amulet|[of] p1a: Calyrex\n|-unboost|p1b: Raging Bolt|atk|1\n|turn|1\n|\n|t:|1739221777\n|move|p1b: Raging Bolt|Thunderbolt|p2b: Calyrex\n|-damage|p2b: Calyrex|71\/100\n|move|p2a: Incineroar|Will-O-Wisp|p1a: Calyrex\n|-status|p1a: Calyrex|brn\n|move|p2b: Calyrex|High Horsepower|p1b: Raging Bolt\n|-supereffective|p1b: Raging Bolt\n|-damage|p1b: Raging Bolt|24\/100\n|move|p1a: Calyrex|Trick Room|p1a: Calyrex\n|-fieldstart|move: Trick Room|[of] p1a: Calyrex\n|\n|-damage|p1a: Calyrex|95\/100 brn|[from] brn\n|upkeep\n|turn|2\n|\n|t:|1739221803\n|move|p1b: Raging Bolt|Thunderclap|p2b: Calyrex\n|-crit|p2b: Calyrex\n|-damage|p2b: Calyrex|33\/100\n|move|p1a: Calyrex|Glacial Lance|p2a: Incineroar|[spread] p2a,p2b\n|-resisted|p2a: Incineroar\n|-resisted|p2b: Calyrex\n|-damage|p2a: Incineroar|87\/100\n|-damage|p2b: Calyrex|24\/100\n|move|p2b: Calyrex|High Horsepower|p1a: Calyrex\n|-damage|p1a: Calyrex|71\/100 brn\n|move|p2a: Incineroar|Knock Off|p1b: Raging Bolt\n|-damage|p1b: Raging Bolt|0 fnt\n|-enditem|p1b: Raging Bolt|Assault Vest|[from] move: Knock Off|[of] p2a: Incineroar\n|faint|p1b: Raging Bolt\n|-end|p1b: Raging Bolt|Protosynthesis|[silent]\n|\n|-damage|p1a: Calyrex|65\/100 brn|[from] brn\n|upkeep\n|\n|t:|1739221819\n|switch|p1b: Amoonguss|Amoonguss, L50, F|100\/100\n|turn|3\n|\n|t:|1739221833\n|switch|p1a: Landorus|Landorus, L50, M|100\/100\n|move|p2b: Calyrex|Protect|p2b: Calyrex\n|-singleturn|p2b: Calyrex|Protect\n|move|p1b: Amoonguss|Spore|p2b: Calyrex\n|-activate|p2b: Calyrex|move: Protect\n|move|p2a: Incineroar|Parting Shot|p1b: Amoonguss\n|-unboost|p1b: Amoonguss|atk|1\n|-unboost|p1b: Amoonguss|spa|1\n|\n|t:|1739221844\n|switch|p2a: Raging Bolt|Raging Bolt, L50|100\/100|[from] Parting Shot\n|-enditem|p2a: Raging Bolt|Booster Energy\n|-activate|p2a: Raging Bolt|ability: Protosynthesis|[fromitem]\n|-start|p2a: Raging Bolt|protosynthesisspa\n|\n|upkeep\n|turn|4\n|\n|t:|1739221867\n|move|p1b: Amoonguss|Spore|p2b: Calyrex\n|-status|p2b: Calyrex|slp|[from] move: Spore\n|cant|p2b: Calyrex|slp\n|move|p2a: Raging Bolt|Draco Meteor|p1a: Landorus\n|-damage|p1a: Landorus|0 fnt\n|-unboost|p2a: Raging Bolt|spa|2\n|faint|p1a: Landorus\n|\n|upkeep\n|\n|t:|1739221885\n|switch|p1a: Calyrex|Calyrex-Ice, L50|65\/100 brn\n|-ability|p1a: Calyrex|As One\n|-ability|p1a: Calyrex|Unnerve\n|turn|5\n|\n|t:|1739221896\n|-end|p2a: Raging Bolt|Protosynthesis|[silent]\n|switch|p2a: Incineroar|Incineroar, L50, M, shiny|87\/100\n|-ability|p2a: Incineroar|Intimidate|boost\n|-fail|p1a: Calyrex|unboost|[from] item: Clear Amulet|[of] p1a: Calyrex\n|-unboost|p1b: Amoonguss|atk|1\n|move|p1b: Amoonguss|Spore|p2a: Incineroar\n|-activate|p2a: Incineroar|item: Safety Goggles|Spore\n|move|p1a: Calyrex|Glacial Lance|p2b: Calyrex|[spread] p2a,p2b\n|-resisted|p2a: Incineroar\n|-resisted|p2b: Calyrex\n|-damage|p2a: Incineroar|75\/100\n|-damage|p2b: Calyrex|15\/100 slp\n|cant|p2b: Calyrex|slp\n|\n|-damage|p1a: Calyrex|59\/100 brn|[from] brn\n|-fieldend|move: Trick Room\n|upkeep\n|turn|6\n|\n|t:|1739221911\n|-terastallize|p1a: Calyrex|Fire\n|move|p2a: Incineroar|Fake Out|p1a: Calyrex\n|-damage|p1a: Calyrex|52\/100 brn\n|cant|p2b: Calyrex|slp\n|cant|p1a: Calyrex|flinch\n|move|p1b: Amoonguss|Pollen Puff|p1a: Calyrex\n|-heal|p1a: Calyrex|100\/100 brn\n|\n|-damage|p1a: Calyrex|95\/100 brn|[from] brn\n|upkeep\n|turn|7\n|\n|t:|1739221931\n|-curestatus|p2b: Calyrex|slp|[msg]\n|move|p2b: Calyrex|Protect|p2b: Calyrex\n|-singleturn|p2b: Calyrex|Protect\n|move|p2a: Incineroar|Knock Off|p1a: Calyrex\n|-damage|p1a: Calyrex|68\/100 brn\n|-enditem|p1a: Calyrex|Clear Amulet|[from] move: Knock Off|[of] p2a: Incineroar\n|move|p1a: Calyrex|Glacial Lance|p2b: Calyrex|[spread] p2a\n|-activate|p2b: Calyrex|move: Protect\n|-resisted|p2a: Incineroar\n|-damage|p2a: Incineroar|63\/100\n|move|p1b: Amoonguss|Spore|p2b: Calyrex\n|-activate|p2b: Calyrex|move: Protect\n|\n|-damage|p1a: Calyrex|63\/100 brn|[from] brn\n|upkeep\n|turn|8\n|\n|t:|1739221948\n|move|p1b: Amoonguss|Protect|p1b: Amoonguss\n|-singleturn|p1b: Amoonguss|Protect\n|move|p2a: Incineroar|Parting Shot|p1a: Calyrex\n|-unboost|p1a: Calyrex|atk|1\n|-unboost|p1a: Calyrex|spa|1\n|j| Spacejes\n|\n|t:|1739221957\n|switch|p2a: Urshifu|Urshifu-Rapid-Strike, L50, M|100\/100|[from] Parting Shot\n|move|p2b: Calyrex|Glacial Lance|p1a: Calyrex|[spread] p1a\n|-activate|p1b: Amoonguss|move: Protect\n|-resisted|p1a: Calyrex\n|-damage|p1a: Calyrex|46\/100 brn\n|move|p1a: Calyrex|Tera Blast|p2b: Calyrex|[anim] Tera Blast Fire\n|-supereffective|p2b: Calyrex\n|-damage|p2b: Calyrex|0 fnt\n|faint|p2b: Calyrex\n|-ability|p1a: Calyrex|Chilling Neigh|boost\n|-boost|p1a: Calyrex|atk|1\n|\n|-damage|p1a: Calyrex|40\/100 brn|[from] brn\n|upkeep\n|\n|t:|1739221972\n|switch|p2b: Incineroar|Incineroar, L50, M, shiny|63\/100\n|-ability|p2b: Incineroar|Intimidate|boost\n|-unboost|p1a: Calyrex|atk|1\n|-unboost|p1b: Amoonguss|atk|1\n|turn|9\n|l| Spacejes\n|\n|t:|1739221993\n|move|p2b: Incineroar|Fake Out|p1b: Amoonguss\n|-damage|p1b: Amoonguss|90\/100\n|-damage|p2b: Incineroar|47\/100|[from] item: Rocky Helmet|[of] p1b: Amoonguss\n|cant|p1b: Amoonguss|flinch\n|move|p2a: Urshifu|Surging Strikes|p1a: Calyrex\n|-supereffective|p1a: Calyrex\n|-crit|p1a: Calyrex\n|-damage|p1a: Calyrex|13\/100 brn\n|-supereffective|p1a: Calyrex\n|-crit|p1a: Calyrex\n|-damage|p1a: Calyrex|0 fnt\n|faint|p1a: Calyrex\n|-hitcount|p1: Calyrex|2\n|\n|upkeep\n|turn|10\n|\n|t:|1739222010\n|switch|p2a: Raging Bolt|Raging Bolt, L50|100\/100\n|move|p2b: Incineroar|Will-O-Wisp|p1b: Amoonguss\n|-status|p1b: Amoonguss|brn\n|move|p1b: Amoonguss|Spore|p2a: Raging Bolt\n|-status|p2a: Raging Bolt|slp|[from] move: Spore\n|\n|-damage|p1b: Amoonguss|84\/100 brn|[from] brn\n|upkeep\n|turn|11\n|j| 2-2-2 Ape\n|\n|t:|1739222024\n|cant|p2a: Raging Bolt|slp\n|move|p2b: Incineroar|Knock Off|p1b: Amoonguss\n|-damage|p1b: Amoonguss|42\/100 brn\n|-damage|p2b: Incineroar|31\/100|[from] item: Rocky Helmet|[of] p1b: Amoonguss\n|-enditem|p1b: Amoonguss|Rocky Helmet|[from] move: Knock Off|[of] p2b: Incineroar\n|move|p1b: Amoonguss|Pollen Puff|p2b: Incineroar\n|-damage|p2b: Incineroar|19\/100\n|\n|-damage|p1b: Amoonguss|36\/100 brn|[from] brn\n|upkeep\n|turn|12\n|l| 2-2-2 Ape\n|c|\u2606MegaBaumTV|gg\n|inactive|Battle timer is ON: inactive players will automatically lose when time's up. (requested by MegaBaumTV)\n|\n|t:|1739222047\n|cant|p2a: Raging Bolt|slp\n|move|p2b: Incineroar|Knock Off|p1b: Amoonguss\n|-damage|p1b: Amoonguss|13\/100 brn\n|move|p1b: Amoonguss|Pollen Puff|p2b: Incineroar\n|-damage|p2b: Incineroar|8\/100\n|\n|-damage|p1b: Amoonguss|7\/100 brn|[from] brn\n|upkeep\n|turn|13\n|c|\u2606ginopollo|gg\n|\n|t:|1739222059\n|-curestatus|p2a: Raging Bolt|slp|[msg]\n|move|p2a: Raging Bolt|Thunderbolt|p1b: Amoonguss\n|-resisted|p1b: Amoonguss\n|-damage|p1b: Amoonguss|0 fnt\n|faint|p1b: Amoonguss\n|\n|win|MegaBaumTV\n|raw|ginopollo's rating: 1664 &rarr; <strong>1639<\/strong><br \/>(-25 for losing)\n|raw|MegaBaumTV's rating: 1580 &rarr; <strong>1605<\/strong><br \/>(+25 for winning)\n","uploadtime":1739222065,"views":35,"formatid":"gen9vgc2025regg","rating":1605,"private":0,"password":null}