{"id":"gen9vgc2025regg-2298479681","format":"[Gen 9] VGC 2025 Reg G","players":["bieiup","Weakest blow"],"log":"|j|\u2606bieiup\n|j|\u2606Weakest blow\n|t:|1739252935\n|gametype|doubles\n|player|p1|bieiup|lillie-z|1713\n|player|p2|Weakest blow|depotagent|1606\n|teamsize|p1|6\n|teamsize|p2|6\n|gen|9\n|tier|[Gen 9] VGC 2025 Reg G\n|rated|\n|rule|Species Clause: Limit one of each Pok\u00e9mon\n|rule|Item Clause: Limit 1 of each item\n|clearpoke\n|poke|p1|Raging Bolt, L50|\n|poke|p1|Miraidon, L50|\n|poke|p1|Chi-Yu, L50|\n|poke|p1|Torkoal, L50, M|\n|poke|p1|Farigiraf, L50, M|\n|poke|p1|Ursaluna, L50, F|\n|poke|p2|Ditto, L50|\n|poke|p2|Iron Hands, L50|\n|poke|p2|Miraidon, L50|\n|poke|p2|Pelipper, L50, M|\n|poke|p2|Volcarona, L50, F|\n|poke|p2|Whimsicott, L50, M|\n|teampreview|4\n|inactive|Battle timer is ON: inactive players will automatically lose when time's up. (requested by bieiup)\n|inactive|Weakest blow has 60 seconds left.\n|\n|t:|1739252969\n|start\n|switch|p1a: Miraidon|Miraidon, L50|100\/100\n|switch|p1b: Farigiraf|Farigiraf, L50, M|100\/100\n|switch|p2a: Miraidon|Miraidon, L50|100\/100\n|switch|p2b: Whimsicott|Whimsicott, L50, M|100\/100\n|-fieldstart|move: Electric Terrain|[from] ability: Hadron Engine|[of] p1a: Miraidon\n|-enditem|p1b: Farigiraf|Electric Seed\n|-boost|p1b: Farigiraf|def|1|[from] item: Electric Seed\n|-activate|p2a: Miraidon|ability: Hadron Engine\n|turn|1\n|\n|t:|1739252987\n|-terastallize|p2a: Miraidon|Fairy\n|move|p1b: Farigiraf|Helping Hand|p1a: Miraidon\n|-singleturn|p1a: Miraidon|Helping Hand|[of] p1b: Farigiraf\n|move|p2b: Whimsicott|Light Screen|p2b: Whimsicott\n|-sidestart|p2: Weakest blow|move: Light Screen\n|move|p1a: Miraidon|Electro Drift|p2a: Miraidon\n|-damage|p2a: Miraidon|0 fnt\n|faint|p2a: Miraidon\n|\n|upkeep\n|\n|t:|1739253003\n|switch|p2a: Iron Hands|Iron Hands, L50|100\/100\n|-activate|p2a: Iron Hands|ability: Quark Drive\n|-start|p2a: Iron Hands|quarkdriveatk\n|turn|2\n|\n|t:|1739253019\n|move|p1a: Miraidon|Electro Drift|p2b: Whimsicott\n|-resisted|p2b: Whimsicott\n|-damage|p2b: Whimsicott|40\/100\n|move|p2b: Whimsicott|Moonblast|p1a: Miraidon\n|-supereffective|p1a: Miraidon\n|-damage|p1a: Miraidon|52\/100\n|move|p2a: Iron Hands|Low Kick|p1a: Miraidon\n|-damage|p1a: Miraidon|0 fnt\n|faint|p1a: Miraidon\n|move|p1b: Farigiraf|Trick Room|p1b: Farigiraf\n|-fieldstart|move: Trick Room|[of] p1b: Farigiraf\n|\n|upkeep\n|\n|t:|1739253026\n|switch|p1a: Torkoal|Torkoal, L50, M|100\/100\n|-weather|SunnyDay|[from] ability: Drought|[of] p1a: Torkoal\n|-item|p1a: Torkoal|Air Balloon\n|turn|3\n|\n|t:|1739253046\n|switch|p2b: Pelipper|Pelipper, L50, M|100\/100\n|-weather|RainDance|[from] ability: Drizzle|[of] p2b: Pelipper\n|-enditem|p2b: Pelipper|Electric Seed\n|-boost|p2b: Pelipper|def|1|[from] item: Electric Seed\n|-terastallize|p1a: Torkoal|Fire\n|move|p1b: Farigiraf|Helping Hand|p1a: Torkoal\n|-singleturn|p1a: Torkoal|Helping Hand|[of] p1b: Farigiraf\n|move|p1a: Torkoal|Eruption|p2b: Pelipper|[spread] p2a,p2b\n|-resisted|p2b: Pelipper\n|-damage|p2a: Iron Hands|86\/100\n|-damage|p2b: Pelipper|80\/100\n|move|p2a: Iron Hands|Drain Punch|p1a: Torkoal\n|-damage|p1a: Torkoal|58\/100\n|-heal|p2a: Iron Hands|100\/100|[from] drain|[of] p1a: Torkoal\n|-enditem|p1a: Torkoal|Air Balloon\n|\n|-weather|RainDance|[upkeep]\n|upkeep\n|turn|4\n|inactive|bieiup has 30 seconds left.\n|inactive|bieiup has 20 seconds left.\n|\n|t:|1739253084\n|switch|p1b: Ursaluna|Ursaluna, L50, F|100\/100\n|move|p1a: Torkoal|Overheat|p2b: Pelipper\n|-resisted|p2b: Pelipper\n|-damage|p2b: Pelipper|63\/100\n|-unboost|p1a: Torkoal|spa|2\n|move|p2a: Iron Hands|Low Kick|p1a: Torkoal\n|-crit|p1a: Torkoal\n|-damage|p1a: Torkoal|0 fnt\n|faint|p1a: Torkoal\n|move|p2b: Pelipper|Hurricane|p1b: Ursaluna\n|-damage|p1b: Ursaluna|67\/100\n|\n|-weather|RainDance|[upkeep]\n|-status|p1b: Ursaluna|brn|[from] item: Flame Orb\n|upkeep\n|\n|t:|1739253086\n|switch|p1a: Farigiraf|Farigiraf, L50, M|100\/100\n|turn|5\n|inactive|bieiup has 30 seconds left.\n|inactive|Weakest blow has 30 seconds left.\n|\n|t:|1739253114\n|move|p2b: Pelipper|Helping Hand|p2a: Iron Hands\n|-singleturn|p2a: Iron Hands|Helping Hand|[of] p2b: Pelipper\n|move|p1b: Ursaluna|Facade|p2b: Pelipper\n|-damage|p2b: Pelipper|0 fnt\n|faint|p2b: Pelipper\n|move|p2a: Iron Hands|Low Kick|p1a: Farigiraf\n|-damage|p1a: Farigiraf|8\/100\n|move|p1a: Farigiraf|Dazzling Gleam|p2a: Iron Hands\n|-supereffective|p2a: Iron Hands\n|-damage|p2a: Iron Hands|86\/100\n|\n|-weather|RainDance|[upkeep]\n|-damage|p1b: Ursaluna|61\/100 brn|[from] brn\n|-sideend|p2: Weakest blow|move: Light Screen\n|-fieldend|move: Electric Terrain\n|-end|p2a: Iron Hands|Quark Drive\n|upkeep\n|\n|t:|1739253130\n|switch|p2b: Whimsicott|Whimsicott, L50, M|40\/100\n|turn|6\n|\n|t:|1739253146\n|move|p1b: Ursaluna|Headlong Rush|p2a: Iron Hands\n|-supereffective|p2a: Iron Hands\n|-damage|p2a: Iron Hands|0 fnt\n|-unboost|p1b: Ursaluna|def|1\n|-unboost|p1b: Ursaluna|spd|1\n|faint|p2a: Iron Hands\n|-end|p2a: Iron Hands|Quark Drive|[silent]\n|move|p1a: Farigiraf|Dazzling Gleam|p2b: Whimsicott\n|-damage|p2b: Whimsicott|17\/100\n|move|p2b: Whimsicott|Moonblast|p1b: Ursaluna\n|-damage|p1b: Ursaluna|27\/100 brn\n|\n|-weather|RainDance|[upkeep]\n|-damage|p1b: Ursaluna|21\/100 brn|[from] brn\n|-fieldend|move: Trick Room\n|upkeep\n|turn|7\n|\n|t:|1739253163\n|move|p2b: Whimsicott|Moonblast|p1b: Ursaluna\n|-damage|p1b: Ursaluna|0 fnt\n|faint|p1b: Ursaluna\n|move|p1a: Farigiraf|Dazzling Gleam|p2b: Whimsicott\n|-damage|p2b: Whimsicott|0 fnt\n|faint|p2b: Whimsicott\n|\n|win|bieiup\n|raw|bieiup's rating: 1713 &rarr; <strong>1727<\/strong><br \/>(+14 for winning)\n|raw|Weakest blow's rating: 1606 &rarr; <strong>1592<\/strong><br \/>(-14 for losing)\n|l|\u2606bieiup\n|player|p1|\n","uploadtime":1739253419,"views":5,"formatid":"gen9vgc2025regg","rating":1592,"private":0,"password":null}