{"id":"gen9vgc2025regg-2298405659","format":"[Gen 9] VGC 2025 Reg G","players":["chiefclarko11","cilan123"],"log":"|j|\u2606chiefclarko11\n|j|\u2606cilan123\n|t:|1739241778\n|gametype|doubles\n|player|p1|chiefclarko11|169|1597\n|player|p2|cilan123|265|1594\n|teamsize|p1|6\n|teamsize|p2|6\n|gen|9\n|tier|[Gen 9] VGC 2025 Reg G\n|rated|\n|rule|Species Clause: Limit one of each Pok\u00e9mon\n|rule|Item Clause: Limit 1 of each item\n|clearpoke\n|poke|p1|Terapagos, L50, M|\n|poke|p1|Grimmsnarl, L50, M|\n|poke|p1|Urshifu-*, L50, F|\n|poke|p1|Iron Hands, L50|\n|poke|p1|Flutter Mane, L50|\n|poke|p1|Chi-Yu, L50|\n|poke|p2|Calyrex-Ice, L50|\n|poke|p2|Indeedee-F, L50, F|\n|poke|p2|Torkoal, L50, M|\n|poke|p2|Ursaluna, L50, M|\n|poke|p2|Gallade, L50, M|\n|poke|p2|Lilligant-Hisui, L50, F|\n|teampreview|4\ncilan123 has agreed to open team sheets.\n|\n|t:|1739241850\n|start\n|switch|p1a: Chi-Yu|Chi-Yu, L50|100\/100\n|switch|p1b: Grimmsnarl|Grimmsnarl, L50, M|100\/100\n|switch|p2a: Lilligant|Lilligant-Hisui, L50, F|100\/100\n|switch|p2b: Gallade|Gallade, L50, M|100\/100\n|-ability|p1a: Chi-Yu|Beads of Ruin\n|turn|1\n|j| yukina vgc\n|\n|t:|1739241870\n|switch|p2a: Ursaluna|Ursaluna, L50, M|100\/100\n|move|p1b: Grimmsnarl|Reflect|p1b: Grimmsnarl\n|-sidestart|p1: chiefclarko11|Reflect\n|move|p1a: Chi-Yu|Heat Wave|p2b: Gallade|[spread] p2a,p2b\n|-damage|p2a: Ursaluna|50\/100\n|-damage|p2b: Gallade|52\/100\n|move|p2b: Gallade|Trick Room|p2b: Gallade\n|-fieldstart|move: Trick Room|[of] p2b: Gallade\n|\n|-status|p2a: Ursaluna|brn|[from] item: Flame Orb\n|upkeep\n|turn|2\n|\n|t:|1739241912\n|-terastallize|p2b: Gallade|Fire\n|move|p1a: Chi-Yu|Protect|p1a: Chi-Yu\n|-singleturn|p1a: Chi-Yu|Protect\n|move|p2a: Ursaluna|Headlong Rush|p1a: Chi-Yu\n|-activate|p1a: Chi-Yu|move: Protect\n|move|p2b: Gallade|Sacred Sword|p1a: Chi-Yu\n|-activate|p1a: Chi-Yu|move: Protect\n|move|p1b: Grimmsnarl|Foul Play|p2b: Gallade\n|-damage|p2b: Gallade|0 fnt\n|faint|p2b: Gallade\n|\n|-damage|p2a: Ursaluna|44\/100 brn|[from] brn\n|upkeep\n|\n|t:|1739241918\n|switch|p2b: Calyrex|Calyrex-Ice, L50|100\/100\n|-ability|p2b: Calyrex|As One\n|-ability|p2b: Calyrex|Unnerve\n|turn|3\n|\n|t:|1739241942\n|switch|p1a: Terapagos|Terapagos, L50, M|100\/100\n|-activate|p1a: Terapagos|ability: Tera Shift\n|detailschange|p1a: Terapagos|Terapagos-Terastal, L50, M\n|-heal|p1a: Terapagos|100\/100|[silent]\n|move|p2b: Calyrex|Glacial Lance|p1a: Terapagos|[spread] p1a,p1b\n|-activate|p1a: Terapagos|ability: Tera Shell\n|-resisted|p1a: Terapagos\n|-damage|p1a: Terapagos|84\/100\n|-damage|p1b: Grimmsnarl|67\/100\n|move|p2a: Ursaluna|Facade|p1b: Grimmsnarl\n|-damage|p1b: Grimmsnarl|0 fnt\n|faint|p1b: Grimmsnarl\n|\n|-heal|p1a: Terapagos|90\/100|[from] item: Leftovers\n|-damage|p2a: Ursaluna|38\/100 brn|[from] brn\n|upkeep\n|\n|t:|1739241965\n|switch|p1b: Iron Hands|Iron Hands, L50|100\/100\n|turn|4\n|\n|t:|1739241979\n|move|p1b: Iron Hands|Fake Out|p2b: Calyrex\n|-damage|p2b: Calyrex|92\/100\n|move|p2a: Ursaluna|Substitute|p2a: Ursaluna\n|-start|p2a: Ursaluna|Substitute\n|-damage|p2a: Ursaluna|13\/100 brn\n|cant|p2b: Calyrex|flinch\n|move|p1a: Terapagos|Calm Mind|p1a: Terapagos\n|-boost|p1a: Terapagos|spa|1\n|-boost|p1a: Terapagos|spd|1\n|\n|-heal|p1a: Terapagos|96\/100|[from] item: Leftovers\n|-damage|p2a: Ursaluna|7\/100 brn|[from] brn\n|upkeep\n|turn|5\n|\n|t:|1739242000\n|move|p1a: Terapagos|Protect|p1a: Terapagos\n|-singleturn|p1a: Terapagos|Protect\n|move|p2a: Ursaluna|Facade|p1b: Iron Hands\n|-damage|p1b: Iron Hands|37\/100\n|move|p2b: Calyrex|Glacial Lance|p1b: Iron Hands|[spread] p1b\n|-activate|p1a: Terapagos|move: Protect\n|-damage|p1b: Iron Hands|7\/100\n|move|p1b: Iron Hands|Drain Punch|p2b: Calyrex\n|-damage|p2b: Calyrex|64\/100\n|-heal|p1b: Iron Hands|20\/100|[from] drain|[of] p2b: Calyrex\n|\n|-heal|p1a: Terapagos|100\/100|[from] item: Leftovers\n|-damage|p2a: Ursaluna|1\/100 brn|[from] brn\n|-fieldend|move: Trick Room\n|upkeep\n|turn|6\n|\n|t:|1739242025\n|-terastallize|p1a: Terapagos|Stellar\n|detailschange|p1a: Terapagos|Terapagos-Stellar, L50, M, tera:Stellar\n|-heal|p1a: Terapagos|100\/100|[silent]\n|move|p1a: Terapagos|Tera Starstorm|p2a: Ursaluna|[spread] p2a,p2b\n|-end|p2a: Ursaluna|Substitute\n|-damage|p2b: Calyrex|26\/100\n|move|p1b: Iron Hands|Drain Punch|p2b: Calyrex\n|-damage|p2b: Calyrex|0 fnt\n|-heal|p1b: Iron Hands|31\/100|[from] drain|[of] p2b: Calyrex\n|faint|p2b: Calyrex\n|move|p2a: Ursaluna|Facade|p1a: Terapagos\n|-damage|p1a: Terapagos|44\/100\n|\n|-heal|p1a: Terapagos|50\/100|[from] item: Leftovers\n|-damage|p2a: Ursaluna|0 fnt|[from] brn\n|faint|p2a: Ursaluna\n|upkeep\n|\n|t:|1739242041\n|switch|p2b: Lilligant|Lilligant-Hisui, L50, F|100\/100\n|turn|7\n|\n|t:|1739242053\n|move|p2b: Lilligant|Sleep Powder|p1b: Iron Hands|[miss]\n|-miss|p2b: Lilligant|p1b: Iron Hands\n|move|p1a: Terapagos|Tera Starstorm|p2b: Lilligant\n|-enditem|p2b: Lilligant|Focus Sash\n|-damage|p2b: Lilligant|1\/100\n|move|p1b: Iron Hands|Drain Punch|p2b: Lilligant\n|-damage|p2b: Lilligant|0 fnt\n|-heal|p1b: Iron Hands|32\/100|[from] drain|[of] p2b: Lilligant\n|faint|p2b: Lilligant\n|\n|win|chiefclarko11\n|raw|chiefclarko11's rating: 1597 &rarr; <strong>1617<\/strong><br \/>(+20 for winning)\n|raw|cilan123's rating: 1594 &rarr; <strong>1574<\/strong><br \/>(-20 for losing)\n|l|\u2606cilan123\n|player|p2|\n|l|\u2606chiefclarko11\n|player|p1|\n|l| yukina vgc\n","uploadtime":1739242192,"views":13,"formatid":"gen9vgc2025regg","rating":1574,"private":0,"password":null}