{"id":"gen9vgc2025regg-2298173126","format":"[Gen 9] VGC 2025 Reg G","players":["TailwindMakeItRain","InfinityGroudon"],"log":"|j|\u2606TailwindMakeItRain\n|j|\u2606InfinityGroudon\n|t:|1739215128\n|gametype|doubles\n|player|p1|TailwindMakeItRain|iris|1763\n|player|p2|InfinityGroudon|101|1716\n|teamsize|p1|6\n|teamsize|p2|6\n|gen|9\n|tier|[Gen 9] VGC 2025 Reg G\n|rated|\n|rule|Species Clause: Limit one of each Pok\u00e9mon\n|rule|Item Clause: Limit 1 of each item\n|clearpoke\n|poke|p1|Groudon, L50|\n|poke|p1|Ogerpon-Hearthflame, L50, F|\n|poke|p1|Flutter Mane, L50|\n|poke|p1|Raging Bolt, L50|\n|poke|p1|Incineroar, L50, M|\n|poke|p1|Farigiraf, L50, F|\n|poke|p2|Calyrex-Shadow, L50|\n|poke|p2|Incineroar, L50, M|\n|poke|p2|Weezing-Galar, L50, M|\n|poke|p2|Indeedee-F, L50, F|\n|poke|p2|Iron Valiant, L50|\n|poke|p2|Ursaluna-Bloodmoon, L50, M|\n|teampreview|4\n|\n|t:|1739215161\n|start\n|switch|p1a: Incineroar|Incineroar, L50, M|100\/100\n|switch|p1b: Farigiraf|Farigiraf, L50, F|100\/100\n|switch|p2a: Suthen|Indeedee-F, L50, F|100\/100\n|switch|p2b: Duncan|Calyrex-Shadow, L50|100\/100\n|-ability|p2b: Duncan|As One\n|-ability|p2b: Duncan|Unnerve\n|-fieldstart|move: Psychic Terrain|[from] ability: Psychic Surge|[of] p2a: Suthen\n|-ability|p1a: Incineroar|Intimidate|boost\n|-unboost|p2a: Suthen|atk|1\n|-unboost|p2b: Duncan|atk|1\n|turn|1\n|\n|t:|1739215172\n|switch|p2b: Charming|Iron Valiant, L50, shiny|100\/100\n|-enditem|p2b: Charming|Booster Energy\n|-activate|p2b: Charming|ability: Quark Drive|[fromitem]\n|-start|p2b: Charming|quarkdrivespe\n|move|p2a: Suthen|Dazzling Gleam|p1a: Incineroar|[spread] p1a,p1b\n|-damage|p1a: Incineroar|92\/100\n|-damage|p1b: Farigiraf|87\/100\n|move|p1b: Farigiraf|Hyper Voice|p2a: Suthen|[spread] p2a,p2b\n|-damage|p2a: Suthen|71\/100\n|-damage|p2b: Charming|42\/100\n|-enditem|p1b: Farigiraf|Throat Spray\n|-boost|p1b: Farigiraf|spa|1|[from] item: Throat Spray\n|move|p1a: Incineroar|Knock Off|p2b: Charming\n|-resisted|p2b: Charming\n|-damage|p2b: Charming|34\/100\n|\n|upkeep\n|turn|2\n|\n|t:|1739215187\n|move|p2b: Charming|Close Combat|p1a: Incineroar\n|-supereffective|p1a: Incineroar\n|-crit|p1a: Incineroar\n|-damage|p1a: Incineroar|0 fnt\n|-unboost|p2b: Charming|def|1\n|-unboost|p2b: Charming|spd|1\n|faint|p1a: Incineroar\n|move|p2a: Suthen|Dazzling Gleam|p1b: Farigiraf\n|-damage|p1b: Farigiraf|67\/100\n|move|p1b: Farigiraf|Hyper Voice|p2b: Charming|[spread] p2a,p2b\n|-crit|p2a: Suthen\n|-damage|p2a: Suthen|8\/100\n|-damage|p2b: Charming|0 fnt\n|faint|p2b: Charming\n|-end|p2b: Charming|Quark Drive|[silent]\n|\n|upkeep\n|\n|t:|1739215192\n|switch|p2b: Duncan|Calyrex-Shadow, L50|100\/100\n|switch|p1a: Flutter Mane|Flutter Mane, L50|100\/100\n|-ability|p2b: Duncan|As One\n|-ability|p2b: Duncan|Unnerve\n|turn|3\n|\n|t:|1739215203\n|-terastallize|p2b: Duncan|Normal\n|move|p2a: Suthen|Helping Hand|p2b: Duncan\n|-singleturn|p2b: Duncan|Helping Hand|[of] p2a: Suthen\n|move|p1b: Farigiraf|Protect|p1b: Farigiraf\n|-singleturn|p1b: Farigiraf|Protect\n|move|p2b: Duncan|Expanding Force|p1a: Flutter Mane|[spread] p1a\n|-activate|p1b: Farigiraf|move: Protect\n|-enditem|p1a: Flutter Mane|Focus Sash\n|-damage|p1a: Flutter Mane|1\/100\n|-damage|p2b: Duncan|91\/100|[from] item: Life Orb\n|move|p1a: Flutter Mane|Icy Wind|p2b: Duncan|[spread] p2a,p2b\n|-damage|p2a: Suthen|0 fnt\n|-damage|p2b: Duncan|77\/100\n|-unboost|p2b: Duncan|spe|1\n|faint|p2a: Suthen\n|\n|upkeep\n|\n|t:|1739215209\n|switch|p2a: Mr. Gassy|Weezing-Galar, L50, M|100\/100\n|-ability|p2a: Mr. Gassy|Neutralizing Gas\n|turn|4\n|\n|t:|1739215228\n|move|p2b: Duncan|Protect|p2b: Duncan\n|-singleturn|p2b: Duncan|Protect\n|move|p1a: Flutter Mane|Icy Wind|p2a: Mr. Gassy|[spread] p2a\n|-activate|p2b: Duncan|move: Protect\n|-damage|p2a: Mr. Gassy|85\/100\n|-unboost|p2a: Mr. Gassy|spe|1\n|move|p1b: Farigiraf|Hyper Voice|p2b: Duncan|[spread] p2a\n|-activate|p2b: Duncan|move: Protect\n|-damage|p2a: Mr. Gassy|33\/100\n|-enditem|p2a: Mr. Gassy|Sitrus Berry|[eat]\n|-heal|p2a: Mr. Gassy|58\/100|[from] item: Sitrus Berry\n|move|p2a: Mr. Gassy|Sludge Bomb|p1a: Flutter Mane\n|-damage|p1a: Flutter Mane|0 fnt\n|faint|p1a: Flutter Mane\n|-end|p1a: Flutter Mane|Protosynthesis|[silent]\n|\n|upkeep\n|\n|t:|1739215229\n|switch|p1a: Groudon|Groudon, L50|100\/100\n|turn|5\n|\n|t:|1739215251\n|move|p1a: Groudon|Protect|p1a: Groudon\n|-singleturn|p1a: Groudon|Protect\n|move|p2b: Duncan|Expanding Force|p1a: Groudon|[spread] p1b\n|-activate|p1a: Groudon|move: Protect\n|-resisted|p1b: Farigiraf\n|-damage|p1b: Farigiraf|19\/100\n|-damage|p2b: Duncan|67\/100|[from] item: Life Orb\n|move|p2a: Mr. Gassy|Sludge Bomb|p1a: Groudon\n|-activate|p1a: Groudon|move: Protect\n|move|p1b: Farigiraf|Trick Room|p1b: Farigiraf\n|-fieldstart|move: Trick Room|[of] p1b: Farigiraf\n|\n|-fieldend|move: Psychic Terrain\n|upkeep\n|turn|6\n|\n|t:|1739215266\n|move|p1b: Farigiraf|Protect|p1b: Farigiraf\n|-singleturn|p1b: Farigiraf|Protect\n|move|p2b: Duncan|Protect|p2b: Duncan\n|-singleturn|p2b: Duncan|Protect\n|move|p2a: Mr. Gassy|Sludge Bomb|p1b: Farigiraf\n|-activate|p1b: Farigiraf|move: Protect\n|move|p1a: Groudon|Precipice Blades|p2b: Duncan|[spread] p2a\n|-activate|p2b: Duncan|move: Protect\n|-supereffective|p2a: Mr. Gassy\n|-damage|p2a: Mr. Gassy|0 fnt\n|faint|p2a: Mr. Gassy\n|-end|p2a: Mr. Gassy|ability: Neutralizing Gas\n|-weather|SunnyDay|[from] ability: Drought|[of] p1a: Groudon\n|\n|-weather|SunnyDay|[upkeep]\n|upkeep\n|turn|7\n|-message|InfinityGroudon forfeited.\n|\n|win|TailwindMakeItRain\n|raw|TailwindMakeItRain's rating: 1763 &rarr; <strong>1780<\/strong><br \/>(+17 for winning)\n|raw|InfinityGroudon's rating: 1716 &rarr; <strong>1699<\/strong><br \/>(-17 for losing)\n|l|\u2606InfinityGroudon\n|player|p2|\n","uploadtime":1739215534,"views":36,"formatid":"gen9vgc2025regg","rating":1699,"private":0,"password":null}