{"id":"gen9vgc2025regg-2298203733","format":"[Gen 9] VGC 2025 Reg G","players":["InfinityGroudon","Velonara"],"log":"|j|\u2606InfinityGroudon\n|j|\u2606Velonara\n|t:|1739218061\n|gametype|doubles\n|player|p1|InfinityGroudon|101|1687\n|player|p2|Velonara|courtney|1753\n|teamsize|p1|6\n|teamsize|p2|6\n|gen|9\n|tier|[Gen 9] VGC 2025 Reg G\n|rated|\n|rule|Species Clause: Limit one of each Pok\u00e9mon\n|rule|Item Clause: Limit 1 of each item\n|clearpoke\n|poke|p1|Calyrex-Shadow, L50|\n|poke|p1|Incineroar, L50, M|\n|poke|p1|Weezing-Galar, L50, M|\n|poke|p1|Indeedee-F, L50, F|\n|poke|p1|Iron Valiant, L50|\n|poke|p1|Ursaluna-Bloodmoon, L50, M|\n|poke|p2|Dondozo, L50, M|\n|poke|p2|Tatsugiri-Droopy, L50, F|\n|poke|p2|Terapagos, L50, M|\n|poke|p2|Smeargle, L50, M|\n|poke|p2|Tornadus, L50, M|\n|poke|p2|Ogerpon-Hearthflame, L50, F|\n|teampreview|4\n|j| Funn yIy\n|\n|t:|1739218080\n|start\n|switch|p1a: Charming|Iron Valiant, L50, shiny|100\/100\n|switch|p1b: Duncan|Calyrex-Shadow, L50|100\/100\n|switch|p2a: Smeargle|Smeargle, L50, M|100\/100\n|switch|p2b: Terapagos|Terapagos, L50, M|100\/100\n|-activate|p2b: Terapagos|ability: Tera Shift\n|detailschange|p2b: Terapagos|Terapagos-Terastal, L50, M\n|-heal|p2b: Terapagos|100\/100|[silent]\n|-ability|p1b: Duncan|As One\n|-ability|p1b: Duncan|Unnerve\n|-enditem|p1a: Charming|Booster Energy\n|-activate|p1a: Charming|ability: Quark Drive|[fromitem]\n|-start|p1a: Charming|quarkdrivespe\n|turn|1\n|j| BionicFox\n|inactive|Battle timer is ON: inactive players will automatically lose when time's up. (requested by Velonara)\n|\n|t:|1739218102\n|move|p1a: Charming|Protect|p1a: Charming\n|-singleturn|p1a: Charming|Protect\n|move|p2a: Smeargle|Fake Out|p1a: Charming\n|-activate|p1a: Charming|move: Protect\n|move|p1b: Duncan|Expanding Force|p2a: Smeargle\n|-enditem|p2a: Smeargle|Focus Sash\n|-damage|p2a: Smeargle|1\/100\n|-damage|p1b: Duncan|91\/100|[from] item: Life Orb\n|move|p2b: Terapagos|Tera Starstorm|p1a: Charming\n|-activate|p1a: Charming|move: Protect\n|\n|-ability|p2a: Smeargle|Moody|boost\n|-boost|p2a: Smeargle|atk|2\n|-unboost|p2a: Smeargle|spe|1\n|upkeep\n|turn|2\n|\n|t:|1739218127\n|switch|p1b: Mr. Gassy|Weezing-Galar, L50, M|100\/100\n|-ability|p1b: Mr. Gassy|Neutralizing Gas\n|switch|p2b: Tornadus|Tornadus, L50, M|100\/100\n|move|p1a: Charming|Close Combat|p2b: Tornadus\n|-resisted|p2b: Tornadus\n|-damage|p2b: Tornadus|51\/100\n|-unboost|p1a: Charming|def|1\n|-unboost|p1a: Charming|spd|1\n|-damage|p1a: Charming|84\/100|[from] item: Rocky Helmet|[of] p2b: Tornadus\n|move|p2a: Smeargle|Spore|p1a: Charming\n|-status|p1a: Charming|slp|[from] move: Spore\n|\n|upkeep\n|turn|3\n|\n|t:|1739218140\n|cant|p1a: Charming|slp\n|move|p2b: Tornadus|Bleakwind Storm|p1a: Charming|[spread] p1a,p1b\n|-supereffective|p1a: Charming\n|-damage|p1a: Charming|0 fnt\n|-damage|p1b: Mr. Gassy|58\/100\n|faint|p1a: Charming\n|-end|p1a: Charming|Quark Drive|[silent]\n|move|p2a: Smeargle|Spore|p1b: Mr. Gassy\n|-status|p1b: Mr. Gassy|slp|[from] move: Spore\n|cant|p1b: Mr. Gassy|slp\n|\n|upkeep\n|\n|t:|1739218150\n|switch|p1a: Duncan|Calyrex-Shadow, L50|91\/100\n|-ability|p1a: Duncan|As One\n|-ability|p1a: Duncan|Unnerve\n|turn|4\n|\n|t:|1739218162\n|-end|p1b: Mr. Gassy|ability: Neutralizing Gas\n|switch|p1b: Suthen|Indeedee-F, L50, F|100\/100\n|-fieldstart|move: Psychic Terrain|[from] ability: Psychic Surge|[of] p1b: Suthen\n|move|p2b: Tornadus|Tailwind|p2b: Tornadus\n|-sidestart|p2: Velonara|move: Tailwind\n|move|p1a: Duncan|Expanding Force|p2a: Smeargle|[spread] p2a,p2b\n|-damage|p2a: Smeargle|0 fnt\n|-damage|p2b: Tornadus|0 fnt\n|faint|p2a: Smeargle\n|faint|p2b: Tornadus\n|-ability|p1a: Duncan|Grim Neigh|boost\n|-boost|p1a: Duncan|spa|2\n|-damage|p1a: Duncan|81\/100|[from] item: Life Orb\n|\n|upkeep\n|\n|t:|1739218169\n|switch|p2b: Ogerpon|Ogerpon-Hearthflame, L50, F|100\/100\n|switch|p2a: Terapagos|Terapagos-Terastal, L50, M|100\/100\n|-ability|p2b: Ogerpon|Mold Breaker\n|turn|5\n|\n|t:|1739218181\n|switch|p1b: Mr. Gassy|Weezing-Galar, L50, M|58\/100 slp\n|-ability|p1b: Mr. Gassy|Neutralizing Gas\n|-terastallize|p2a: Terapagos|Stellar\n|detailschange|p2a: Terapagos|Terapagos-Stellar, L50, M, tera:Stellar\n|-heal|p2a: Terapagos|100\/100|[silent]\n|move|p1a: Duncan|Protect|p1a: Duncan\n|-singleturn|p1a: Duncan|Protect\n|move|p2b: Ogerpon|Ivy Cudgel|p1b: Mr. Gassy|[anim] Ivy Cudgel Fire\n|-damage|p1b: Mr. Gassy|4\/100 slp\n|-enditem|p1b: Mr. Gassy|Sitrus Berry|[eat]\n|-heal|p1b: Mr. Gassy|28\/100 slp|[from] item: Sitrus Berry\n|move|p2a: Terapagos|Tera Starstorm|p1a: Duncan|[spread] p1b\n|-activate|p1a: Duncan|move: Protect\n|-damage|p1b: Mr. Gassy|0 fnt\n|faint|p1b: Mr. Gassy\n|-end|p1b: Mr. Gassy|ability: Neutralizing Gas\n|-ability|p2b: Ogerpon|Mold Breaker\n|\n|upkeep\n|\n|t:|1739218183\n|switch|p1b: Suthen|Indeedee-F, L50, F|100\/100\n|turn|6\n|\n|t:|1739218191\n|move|p1b: Suthen|Follow Me|p1b: Suthen\n|-singleturn|p1b: Suthen|move: Follow Me\n|move|p2b: Ogerpon|Ivy Cudgel|p1b: Suthen|[anim] Ivy Cudgel Fire\n|-damage|p1b: Suthen|39\/100\n|move|p2a: Terapagos|Tera Starstorm|p1b: Suthen|[spread] p1a,p1b\n|-damage|p1a: Duncan|22\/100\n|-damage|p1b: Suthen|0 fnt\n|faint|p1b: Suthen\n|move|p1a: Duncan|Expanding Force|p2a: Terapagos|[spread] p2a,p2b\n|-damage|p2a: Terapagos|0 fnt\n|-damage|p2b: Ogerpon|0 fnt\n|faint|p2a: Terapagos\n|faint|p2b: Ogerpon\n|-damage|p1a: Duncan|12\/100|[from] item: Life Orb\n|\n|win|InfinityGroudon\n|raw|InfinityGroudon's rating: 1687 &rarr; <strong>1711<\/strong><br \/>(+24 for winning)\n|raw|Velonara's rating: 1753 &rarr; <strong>1729<\/strong><br \/>(-24 for losing)\n|l|\u2606Velonara\n|player|p2|\n|l|\u2606InfinityGroudon\n|player|p1|\n|l| BionicFox\n|l| Funn yIy\n","uploadtime":1739218447,"views":60,"formatid":"gen9vgc2025regg","rating":1711,"private":0,"password":null}