{"id":"gen9vgc2025regg-2298263520","format":"[Gen 9] VGC 2025 Reg G","players":["Exaltold","ginopollo"],"log":"|j|\u2606Exaltold\n|j|\u2606ginopollo\n|t:|1739224307\n|gametype|doubles\n|player|p1|Exaltold|miku-psychic|1541\n|player|p2|ginopollo|170|1565\n|teamsize|p1|6\n|teamsize|p2|6\n|gen|9\n|tier|[Gen 9] VGC 2025 Reg G\n|rated|\n|rule|Species Clause: Limit one of each Pok\u00e9mon\n|rule|Item Clause: Limit 1 of each item\n|clearpoke\n|poke|p1|Alcremie, L50, F|\n|poke|p1|Calyrex-Ice, L50|\n|poke|p1|Ursaluna-Bloodmoon, L50, M|\n|poke|p1|Incineroar, L50, F|\n|poke|p1|Indeedee-F, L50, F|\n|poke|p1|Ogerpon-Wellspring, L50, F|\n|poke|p2|Raging Bolt, L50|\n|poke|p2|Urshifu-*, L50, F|\n|poke|p2|Calyrex-Ice, L50|\n|poke|p2|Incineroar, L50, F|\n|poke|p2|Amoonguss, L50, F|\n|poke|p2|Landorus, L50, M|\n|teampreview|4\n|inactive|Battle timer is ON: inactive players will automatically lose when time's up. (requested by Exaltold)\n|j| BionicFox\n|j| 2-2-2 Ape\n|l| 2-2-2 Ape\n|inactive|ginopollo has 60 seconds left.\n|\n|t:|1739224355\n|start\n|switch|p1a: Calyrex|Calyrex-Ice, L50|100\/100\n|switch|p1b: Incineroar|Incineroar, L50, F|100\/100\n|switch|p2a: Calyrex|Calyrex-Ice, L50|100\/100\n|switch|p2b: Landorus|Landorus, L50, M|100\/100\n|-ability|p2a: Calyrex|As One\n|-ability|p2a: Calyrex|Unnerve\n|-ability|p1a: Calyrex|As One\n|-ability|p1a: Calyrex|Unnerve\n|-ability|p1b: Incineroar|Intimidate|boost\n|-fail|p2a: Calyrex|unboost|[from] item: Clear Amulet|[of] p2a: Calyrex\n|-unboost|p2b: Landorus|atk|1\n|turn|1\n|inactive|Exaltold has 30 seconds left.\n|inactive|ginopollo has 30 seconds left.\n|\n|t:|1739224387\n|move|p2b: Landorus|Protect|p2b: Landorus\n|-singleturn|p2b: Landorus|Protect\n|move|p2a: Calyrex|Protect|p2a: Calyrex\n|-singleturn|p2a: Calyrex|Protect\n|move|p1b: Incineroar|Fake Out|p2b: Landorus\n|-activate|p2b: Landorus|move: Protect\n|move|p1a: Calyrex|Trick Room|p1a: Calyrex\n|-fieldstart|move: Trick Room|[of] p1a: Calyrex\n|\n|upkeep\n|turn|2\n|\n|t:|1739224405\n|-terastallize|p2b: Landorus|Water\n|move|p1a: Calyrex|Glacial Lance|p2b: Landorus|[spread] p2a,p2b\n|-resisted|p2a: Calyrex\n|-resisted|p2b: Landorus\n|-damage|p2a: Calyrex|84\/100\n|-damage|p2b: Landorus|71\/100\n|move|p2a: Calyrex|Glacial Lance|p1a: Calyrex|[spread] p1a,p1b\n|-resisted|p1a: Calyrex\n|-resisted|p1b: Incineroar\n|-damage|p1a: Calyrex|82\/100\n|-damage|p1b: Incineroar|77\/100\n|move|p1b: Incineroar|Flare Blitz|p2a: Calyrex\n|-supereffective|p2a: Calyrex\n|-damage|p2a: Calyrex|28\/100\n|-damage|p1b: Incineroar|58\/100|[from] Recoil\n|move|p2b: Landorus|Sandsear Storm|p1b: Incineroar|[spread] p1a,p1b\n|-supereffective|p1b: Incineroar\n|-damage|p1a: Calyrex|36\/100\n|-damage|p1b: Incineroar|0 fnt\n|faint|p1b: Incineroar\n|\n|upkeep\n|\n|t:|1739224424\n|switch|p1b: Alcremie|Alcremie, L50, F, shiny|100\/100\n|turn|3\n|\n|t:|1739224437\n|move|p1b: Alcremie|Decorate|p1a: Calyrex\n|-boost|p1a: Calyrex|atk|2\n|-boost|p1a: Calyrex|spa|2\n|move|p1a: Calyrex|High Horsepower|p2b: Landorus\n|-damage|p2b: Landorus|0 fnt\n|faint|p2b: Landorus\n|-ability|p1a: Calyrex|Chilling Neigh|boost\n|-boost|p1a: Calyrex|atk|1\n|move|p2a: Calyrex|Glacial Lance|p1b: Alcremie|[spread] p1a,p1b\n|-resisted|p1a: Calyrex\n|-damage|p1a: Calyrex|18\/100\n|-damage|p1b: Alcremie|39\/100\n|\n|upkeep\n|\n|t:|1739224449\n|switch|p2b: Amoonguss|Amoonguss, L50, F|100\/100\n|turn|4\n|inactive|ginopollo has 30 seconds left.\n|inactive|ginopollo has 20 seconds left.\n|inactive|ginopollo has 15 seconds left.\n|inactive|ginopollo has 10 seconds left.\n|inactive|ginopollo has 5 seconds left.\n|\n|t:|1739224502\n|move|p1b: Alcremie|Decorate|p1a: Calyrex\n|-boost|p1a: Calyrex|atk|2\n|-boost|p1a: Calyrex|spa|2\n|move|p2b: Amoonguss|Spore|p1a: Calyrex\n|-block|p1a: Calyrex|ability: Sweet Veil|[of] p1b: Alcremie\n|move|p1a: Calyrex|Glacial Lance|p2b: Amoonguss|[spread] p2a,p2b\n|-resisted|p2a: Calyrex\n|-supereffective|p2b: Amoonguss\n|-damage|p2a: Calyrex|0 fnt\n|-damage|p2b: Amoonguss|0 fnt\n|faint|p2a: Calyrex\n|faint|p2b: Amoonguss\n|-ability|p1a: Calyrex|Chilling Neigh|boost\n|-boost|p1a: Calyrex|atk|1\n|\n|upkeep\n|\n|t:|1739224518\n|switch|p2b: Urshifu|Urshifu-Rapid-Strike, L50, F|100\/100\n|turn|5\n|\n|t:|1739224523\n|move|p2b: Urshifu|Detect|p2b: Urshifu\n|-singleturn|p2b: Urshifu|Protect\n|move|p1b: Alcremie|Alluring Voice|p2b: Urshifu\n|-activate|p2b: Urshifu|move: Protect\n|move|p1a: Calyrex|Glacial Lance|p2b: Urshifu\n|-activate|p2b: Urshifu|move: Protect\n|\n|-fieldend|move: Trick Room\n|upkeep\n|turn|6\n|\n|t:|1739224536\n|move|p2b: Urshifu|Surging Strikes|p1a: Calyrex\n|-crit|p1a: Calyrex\n|-damage|p1a: Calyrex|4\/100\n|-crit|p1a: Calyrex\n|-damage|p1a: Calyrex|0 fnt\n|faint|p1a: Calyrex\n|-hitcount|p1: Calyrex|2\n|move|p1b: Alcremie|Alluring Voice|p2b: Urshifu\n|-supereffective|p2b: Urshifu\n|-damage|p2b: Urshifu|14\/100\n|\n|upkeep\n|\n|t:|1739224540\n|switch|p1a: Indeedee|Indeedee-F, L50, F|100\/100\n|-fieldstart|move: Psychic Terrain|[from] ability: Psychic Surge|[of] p1a: Indeedee\n|turn|7\n|\n|t:|1739224544\n|move|p2b: Urshifu|Surging Strikes|p1a: Indeedee\n|-crit|p1a: Indeedee\n|-damage|p1a: Indeedee|78\/100\n|-crit|p1a: Indeedee\n|-damage|p1a: Indeedee|58\/100\n|-crit|p1a: Indeedee\n|-damage|p1a: Indeedee|36\/100\n|-hitcount|p1a: Indeedee|3\n|move|p1a: Indeedee|Alluring Voice|p2b: Urshifu\n|-supereffective|p2b: Urshifu\n|-damage|p2b: Urshifu|0 fnt\n|faint|p2b: Urshifu\n|\n|win|Exaltold\n|raw|Exaltold's rating: 1541 &rarr; <strong>1562<\/strong><br \/>(+21 for winning)\n|raw|ginopollo's rating: 1565 &rarr; <strong>1544<\/strong><br \/>(-21 for losing)\n|l| BionicFox\n|l|\u2606Exaltold\n|player|p1|\n|l|\u2606ginopollo\n|player|p2|\n","uploadtime":1739224603,"views":39,"formatid":"gen9vgc2025regg","rating":1544,"private":0,"password":null}