{"id":"gen9vgc2025regg-2298905931","format":"[Gen 9] VGC 2025 Reg G","players":["lkn4gspot","kajashi"],"log":"|j|\u2606lkn4gspot\n|j|\u2606kajashi\n|t:|1739306690\n|gametype|doubles\n|player|p1|lkn4gspot|101|1533\n|player|p2|kajashi|n|1593\n|teamsize|p1|6\n|teamsize|p2|6\n|gen|9\n|tier|[Gen 9] VGC 2025 Reg G\n|rated|\n|rule|Species Clause: Limit one of each Pok\u00e9mon\n|rule|Item Clause: Limit 1 of each item\n|clearpoke\n|poke|p1|Ditto, L50|\n|poke|p1|Iron Hands, L50|\n|poke|p1|Miraidon, L50|\n|poke|p1|Pelipper, L50, M|\n|poke|p1|Volcarona, L50, F|\n|poke|p1|Whimsicott, L50, F|\n|poke|p2|Incineroar, L50, F|\n|poke|p2|Amoonguss, L50, M|\n|poke|p2|Calyrex-Ice, L50|\n|poke|p2|Raging Bolt, L50|\n|poke|p2|Landorus, L50, M|\n|poke|p2|Urshifu-*, L50, M|\n|teampreview|4\n|inactive|Battle timer is ON: inactive players will automatically lose when time's up. (requested by lkn4gspot)\nlkn4gspot rejected open team sheets.\n|inactive|kajashi has 60 seconds left.\n|\n|t:|1739306728\n|start\n|switch|p1a: Iron Hands|Iron Hands, L50|100\/100\n|switch|p1b: Miraidon|Miraidon, L50|100\/100\n|switch|p2a: Landorus|Landorus, L50, M|100\/100\n|switch|p2b: Amoonguss|Amoonguss, L50, M|100\/100\n|-fieldstart|move: Electric Terrain|[from] ability: Hadron Engine|[of] p1b: Miraidon\n|-activate|p1a: Iron Hands|ability: Quark Drive\n|-start|p1a: Iron Hands|quarkdriveatk\n|turn|1\n|inactive|lkn4gspot has 30 seconds left.\n|\n|t:|1739306761\n|-end|p1a: Iron Hands|Quark Drive|[silent]\n|switch|p1a: Pelipper|Pelipper, L50, M|100\/100\n|-weather|RainDance|[from] ability: Drizzle|[of] p1a: Pelipper\n|-enditem|p1a: Pelipper|Electric Seed\n|-boost|p1a: Pelipper|def|1|[from] item: Electric Seed\n|-terastallize|p2a: Landorus|Ghost\n|move|p1b: Miraidon|Protect|p1b: Miraidon\n|-singleturn|p1b: Miraidon|Protect\n|move|p2a: Landorus|Sandsear Storm|p1b: Miraidon|[spread] \n|-activate|p1b: Miraidon|move: Protect\n|-immune|p1a: Pelipper\n|move|p2b: Amoonguss|Pollen Puff|p2a: Landorus\n|-immune|p2a: Landorus\n|\n|-weather|RainDance|[upkeep]\n|upkeep\n|turn|2\n|inactive|lkn4gspot has 30 seconds left.\n|\n|t:|1739306792\n|switch|p2a: Raging Bolt|Raging Bolt, L50|100\/100\n|move|p1a: Pelipper|Wide Guard|p1a: Pelipper\n|-singleturn|p1a: Pelipper|Wide Guard\n|move|p1b: Miraidon|Draco Meteor|p2b: Amoonguss\n|-damage|p2b: Amoonguss|0 fnt\n|-unboost|p1b: Miraidon|spa|2\n|faint|p2b: Amoonguss\n|-damage|p1b: Miraidon|91\/100|[from] item: Life Orb\n|\n|-weather|RainDance|[upkeep]\n|upkeep\n|\n|t:|1739306806\n|switch|p2b: Landorus|Landorus, L50, M, tera:Ghost|100\/100\n|turn|3\n|\n|t:|1739306823\n|-terastallize|p1b: Miraidon|Fairy\n|move|p1a: Pelipper|Helping Hand|p1b: Miraidon\n|-singleturn|p1b: Miraidon|Helping Hand|[of] p1a: Pelipper\n|move|p2b: Landorus|Earth Power|p1b: Miraidon\n|-damage|p1b: Miraidon|34\/100\n|move|p1b: Miraidon|Draco Meteor|p2a: Raging Bolt\n|-supereffective|p2a: Raging Bolt\n|-damage|p2a: Raging Bolt|0 fnt\n|-unboost|p1b: Miraidon|spa|2\n|faint|p2a: Raging Bolt\n|-end|p2a: Raging Bolt|Protosynthesis|[silent]\n|-damage|p1b: Miraidon|25\/100|[from] item: Life Orb\n|\n|-weather|RainDance|[upkeep]\n|upkeep\n|\n|t:|1739306836\n|switch|p2a: Calyrex|Calyrex-Ice, L50|100\/100\n|-ability|p2a: Calyrex|As One\n|-ability|p2a: Calyrex|Unnerve\n|turn|4\n|\n|t:|1739306851\n|move|p1a: Pelipper|Protect|p1a: Pelipper\n|-singleturn|p1a: Pelipper|Protect\n|move|p2b: Landorus|Earth Power|p1b: Miraidon\n|-damage|p1b: Miraidon|0 fnt\n|faint|p1b: Miraidon\n|move|p2a: Calyrex|Glacial Lance|p1a: Pelipper\n|-activate|p1a: Pelipper|move: Protect\n|\n|-weather|RainDance|[upkeep]\n|upkeep\n|\n|t:|1739306860\n|switch|p1b: Ditto|Ditto, L50|100\/100\n|-transform|p1b: Ditto|p2a: Calyrex|[from] ability: Imposter\n|-ability|p1b: Ditto|As One\n|-ability|p1b: Ditto|Unnerve\n|turn|5\n|\n|t:|1739306870\n|move|p1a: Pelipper|Helping Hand|p1b: Ditto\n|-singleturn|p1b: Ditto|Helping Hand|[of] p1a: Pelipper\n|move|p2b: Landorus|Earth Power|p1b: Ditto\n|-damage|p1b: Ditto|52\/100\n|move|p2a: Calyrex|High Horsepower|p1b: Ditto\n|-damage|p1b: Ditto|20\/100\n|move|p1b: Ditto|Glacial Lance|p2b: Landorus|[spread] p2a,p2b\n|-resisted|p2a: Calyrex\n|-damage|p2a: Calyrex|73\/100\n|-damage|p2b: Landorus|0 fnt\n|faint|p2b: Landorus\n|-ability|p1b: Ditto|Chilling Neigh|boost\n|-boost|p1b: Ditto|atk|1\n|\n|-weather|none\n|-fieldend|move: Electric Terrain\n|upkeep\n|turn|6\n|-message|kajashi forfeited.\n|\n|win|lkn4gspot\n|raw|lkn4gspot's rating: 1533 &rarr; <strong>1556<\/strong><br \/>(+23 for winning)\n|raw|kajashi's rating: 1593 &rarr; <strong>1570<\/strong><br \/>(-23 for losing)\n","uploadtime":1739306884,"views":32,"formatid":"gen9vgc2025regg","rating":1556,"private":0,"password":null}