{"id":"gen9vgc2025regg-2298774214","format":"[Gen 9] VGC 2025 Reg G","players":["xiyeye","Aires17"],"log":"|j|\u2606xiyeye\n|j|\u2606Aires17\n|t:|1739294045\n|gametype|doubles\n|player|p1|xiyeye|akari|1578\n|player|p2|Aires17|101|1548\n|teamsize|p1|6\n|teamsize|p2|6\n|gen|9\n|tier|[Gen 9] VGC 2025 Reg G\n|rated|\n|rule|Species Clause: Limit one of each Pok\u00e9mon\n|rule|Item Clause: Limit 1 of each item\n|clearpoke\n|poke|p1|Torkoal, L50, F|\n|poke|p1|Annihilape, L50, F|\n|poke|p1|Urshifu-*, L50, F|\n|poke|p1|Indeedee-F, L50, F|\n|poke|p1|Brute Bonnet, L50|\n|poke|p1|Calyrex-Ice, L50|\n|poke|p2|Calyrex-Shadow, L50|\n|poke|p2|Urshifu-*, L50, M|\n|poke|p2|Whimsicott, L50, M|\n|poke|p2|Ogerpon-Hearthflame, L50, F|\n|poke|p2|Landorus, L50, M|\n|poke|p2|Indeedee-F, L50, F|\n|teampreview|4\nAires17 rejected open team sheets.\n|inactive|Battle timer is ON: inactive players will automatically lose when time's up. (requested by Aires17)\n|inactive|xiyeye has 60 seconds left.\n|\n|t:|1739294116\n|start\n|switch|p1a: Indeedee|Indeedee-F, L50, F|100\/100\n|switch|p1b: Calyrex|Calyrex-Ice, L50|100\/100\n|switch|p2a: Panda|Urshifu-Rapid-Strike, L50, M|100\/100\n|switch|p2b: Beast|Landorus, L50, M|100\/100\n|-ability|p1b: Calyrex|As One\n|-ability|p1b: Calyrex|Unnerve\n|-fieldstart|move: Psychic Terrain|[from] ability: Psychic Surge|[of] p1a: Indeedee\n|turn|1\n|inactive|xiyeye has 30 seconds left.\n|\n|t:|1739294142\n|-terastallize|p2b: Beast|Water\n|move|p1a: Indeedee|Follow Me|p1a: Indeedee\n|-singleturn|p1a: Indeedee|move: Follow Me\n|move|p2b: Beast|Sandsear Storm|p1b: Calyrex|[spread] p1b\n|-miss|p2b: Beast|p1a: Indeedee\n|-damage|p1b: Calyrex|65\/100\n|move|p2a: Panda|Taunt|p1a: Indeedee\n|-start|p1a: Indeedee|move: Taunt\n|move|p1b: Calyrex|Trick Room|p1b: Calyrex\n|-fieldstart|move: Trick Room|[of] p1b: Calyrex\n|\n|upkeep\n|turn|2\n|inactive|xiyeye has 30 seconds left.\n|\n|t:|1739294170\n|switch|p1a: Brute Bonnet|Brute Bonnet, L50|100\/100\n|-terastallize|p1b: Calyrex|Water\n|move|p1b: Calyrex|Glacial Lance|p2a: Panda|[spread] p2a,p2b\n|-resisted|p2a: Panda\n|-resisted|p2b: Beast\n|-damage|p2a: Panda|74\/100\n|-damage|p2b: Beast|73\/100\n|move|p2a: Panda|Surging Strikes|p1b: Calyrex\n|-resisted|p1b: Calyrex\n|-crit|p1b: Calyrex\n|-damage|p1b: Calyrex|57\/100\n|-resisted|p1b: Calyrex\n|-crit|p1b: Calyrex\n|-damage|p1b: Calyrex|50\/100\n|-resisted|p1b: Calyrex\n|-crit|p1b: Calyrex\n|-damage|p1b: Calyrex|42\/100\n|-hitcount|p1b: Calyrex|3\n|move|p2b: Beast|Sandsear Storm|p1b: Calyrex|[spread] p1a,p1b\n|-resisted|p1a: Brute Bonnet\n|-damage|p1a: Brute Bonnet|78\/100\n|-damage|p1b: Calyrex|6\/100\n|\n|upkeep\n|turn|3\n|inactive|xiyeye has 30 seconds left.\n|\n|t:|1739294199\n|move|p2b: Beast|Protect|p2b: Beast\n|-singleturn|p2b: Beast|Protect\n|move|p1b: Calyrex|Glacial Lance|p2a: Panda|[spread] p2a\n|-activate|p2b: Beast|move: Protect\n|-resisted|p2a: Panda\n|-damage|p2a: Panda|51\/100\n|move|p1a: Brute Bonnet|Pollen Puff|p1b: Calyrex\n|-heal|p1b: Calyrex|56\/100\n|move|p2a: Panda|Close Combat|p1a: Brute Bonnet\n|-supereffective|p1a: Brute Bonnet\n|-damage|p1a: Brute Bonnet|0 fnt\n|-unboost|p2a: Panda|def|1\n|-unboost|p2a: Panda|spd|1\n|faint|p1a: Brute Bonnet\n|-end|p1a: Brute Bonnet|Protosynthesis|[silent]\n|\n|upkeep\n|\n|t:|1739294213\n|switch|p1a: Torkoal|Torkoal, L50, F|100\/100\n|-weather|SunnyDay|[from] ability: Drought|[of] p1a: Torkoal\n|turn|4\n|inactive|xiyeye has 30 seconds left.\n|inactive|xiyeye has 20 seconds left.\n|\n|t:|1739294258\n|switch|p1a: Indeedee|Indeedee-F, L50, F|100\/100\n|move|p2a: Panda|Detect|p2a: Panda\n|-singleturn|p2a: Panda|Protect\n|move|p1b: Calyrex|Glacial Lance|p2a: Panda|[spread] p2b\n|-activate|p2a: Panda|move: Protect\n|-resisted|p2b: Beast\n|-damage|p2b: Beast|46\/100\n|move|p2b: Beast|Sandsear Storm|p1a: Indeedee|[spread] p1a,p1b\n|-damage|p1a: Indeedee|40\/100\n|-damage|p1b: Calyrex|18\/100\n|\n|-weather|SunnyDay|[upkeep]\n|upkeep\n|turn|5\n|\n|t:|1739294275\n|move|p2a: Panda|Surging Strikes|p1a: Indeedee\n|-crit|p1a: Indeedee\n|-damage|p1a: Indeedee|28\/100\n|-crit|p1a: Indeedee\n|-damage|p1a: Indeedee|17\/100\n|-crit|p1a: Indeedee\n|-damage|p1a: Indeedee|7\/100\n|-hitcount|p1a: Indeedee|3\n|move|p2b: Beast|Sandsear Storm|p1a: Indeedee|[spread] p1a\n|-miss|p2b: Beast|p1b: Calyrex\n|-damage|p1a: Indeedee|0 fnt\n|faint|p1a: Indeedee\n|move|p1b: Calyrex|Trick Room|p1b: Calyrex\n|-fieldend|move: Trick Room\n|\n|-weather|SunnyDay|[upkeep]\n|-fieldend|move: Psychic Terrain\n|upkeep\n|\n|t:|1739294289\n|switch|p1a: Torkoal|Torkoal, L50, F|100\/100\n|turn|6\n|c|\u2606Aires17|that was a good play\n|c|\u2606xiyeye|\ud83d\ude3f\n|inactive|xiyeye has 30 seconds left.\n|c|\u2606Aires17|i love double tr on the last turn\n|inactive|xiyeye has 20 seconds left.\n|\n|t:|1739294325\n|move|p2b: Beast|Earth Power|p1a: Torkoal\n|-supereffective|p1a: Torkoal\n|-damage|p1a: Torkoal|0 fnt\n|faint|p1a: Torkoal\n|move|p2a: Panda|Taunt|p1b: Calyrex\n|-start|p1b: Calyrex|move: Taunt\n|move|p1b: Calyrex|Glacial Lance|p2a: Panda|[spread] p2a,p2b\n|-resisted|p2a: Panda\n|-resisted|p2b: Beast\n|-damage|p2a: Panda|11\/100\n|-damage|p2b: Beast|17\/100\n|\n|-weather|SunnyDay|[upkeep]\n|upkeep\n|turn|7\n|c|\u2606Aires17|if had missed both sandsear you would have won\n|c|\u2606xiyeye|Yeah\n|\n|t:|1739294340\n|move|p2b: Beast|Earth Power|p1b: Calyrex\n|-damage|p1b: Calyrex|0 fnt\n|faint|p1b: Calyrex\n|\n|win|Aires17\n|raw|xiyeye's rating: 1578 &rarr; <strong>1556<\/strong><br \/>(-22 for losing)\n|raw|Aires17's rating: 1548 &rarr; <strong>1570<\/strong><br \/>(+22 for winning)\n|c|\u2606Aires17|ggwp\n|c|\u2606xiyeye|That's the only chance\n|l|\u2606xiyeye\n|player|p1|\n|c|\u2606Aires17|i dropped so much\n|l|\u2606Aires17\n|player|p2|\n","uploadtime":1739294588,"views":6,"formatid":"gen9vgc2025regg","rating":1556,"private":0,"password":null}