{"id":"gen9vgc2025regg-2298279386","format":"[Gen 9] VGC 2025 Reg G","players":["Yagamoth","Lechonkbro"],"log":"|j|\u2606Yagamoth\n|j|\u2606Lechonkbro\n|t:|1739226022\n|gametype|doubles\n|player|p1|Yagamoth|janitor|1663\n|player|p2|Lechonkbro|ghetsis-gen5bw|1560\n|teamsize|p1|6\n|teamsize|p2|6\n|gen|9\n|tier|[Gen 9] VGC 2025 Reg G\n|rated|\n|rule|Species Clause: Limit one of each Pok\u00e9mon\n|rule|Item Clause: Limit 1 of each item\n|clearpoke\n|poke|p1|Kyogre, L50|\n|poke|p1|Incineroar, L50, F|\n|poke|p1|Wo-Chien, L50|\n|poke|p1|Grimmsnarl, L50, M|\n|poke|p1|Urshifu-*, L50, M|\n|poke|p1|Overqwil, L50, F|\n|poke|p2|Miraidon, L50|\n|poke|p2|Incineroar, L50, M|\n|poke|p2|Urshifu-*, L50, M|\n|poke|p2|Oranguru, L50, F|\n|poke|p2|Clefairy, L50, F|\n|poke|p2|Iron Valiant, L50|\n|teampreview|4\n|j| Foxraging\n|j| Funn yIy\n|j| Meiser63\n|inactive|Battle timer is ON: inactive players will automatically lose when time's up. (requested by Lechonkbro)\n|l|\u2606Lechonkbro\n|inactive|Lechonkbro disconnected and has a minute to reconnect!\n|player|p2|\n|j|\u2606Lechonkbro\n|inactive|Lechonkbro reconnected and has 70 seconds left.\n|player|p2|Lechonkbro|ghetsis-gen5bw|\n|inactive|Lechonkbro has 60 seconds left.\n|\n|t:|1739226095\n|start\n|switch|p1a: Incineroar|Incineroar, L50, F|100\/100\n|switch|p1b: Grimmsnarl|Grimmsnarl, L50, M|100\/100\n|switch|p2a: Miraidon|Miraidon, L50|100\/100\n|switch|p2b: Oranguru|Oranguru, L50, F|100\/100\n|-fieldstart|move: Electric Terrain|[from] ability: Hadron Engine|[of] p2a: Miraidon\n|-enditem|p2a: Miraidon|Electric Seed\n|-boost|p2a: Miraidon|def|1|[from] item: Electric Seed\n|-activate|p2b: Oranguru|ability: Symbiosis|Covert Cloak|[of] p2a: Miraidon\n|-ability|p1a: Incineroar|Intimidate|boost\n|-unboost|p2a: Miraidon|atk|1\n|-unboost|p2b: Oranguru|atk|1\n|turn|1\n|\n|t:|1739226118\n|move|p2a: Miraidon|Calm Mind|p2a: Miraidon\n|-boost|p2a: Miraidon|spa|1\n|-boost|p2a: Miraidon|spd|1\n|move|p1a: Incineroar|Knock Off|p2a: Miraidon\n|-damage|p2a: Miraidon|79\/100\n|-enditem|p2a: Miraidon|Covert Cloak|[from] move: Knock Off|[of] p1a: Incineroar\n|move|p1b: Grimmsnarl|Spirit Break|p2a: Miraidon\n|-supereffective|p2a: Miraidon\n|-damage|p2a: Miraidon|46\/100\n|-unboost|p2a: Miraidon|spa|1\n|move|p2b: Oranguru|Encore|p1b: Grimmsnarl\n|-start|p1b: Grimmsnarl|Encore\n|\n|upkeep\n|turn|2\n|\n|t:|1739226141\n|-terastallize|p1b: Grimmsnarl|Grass\n|move|p2a: Miraidon|Parabolic Charge|p1a: Incineroar|[spread] p2b,p1a,p1b\n|-resisted|p1b: Grimmsnarl\n|-crit|p1b: Grimmsnarl\n|-damage|p2b: Oranguru|66\/100\n|-heal|p2a: Miraidon|63\/100|[from] drain|[of] p2b: Oranguru\n|-damage|p1a: Incineroar|60\/100\n|-heal|p2a: Miraidon|84\/100|[from] drain|[of] p1a: Incineroar\n|-damage|p1b: Grimmsnarl|69\/100\n|-heal|p2a: Miraidon|99\/100|[from] drain|[of] p1b: Grimmsnarl\n|move|p1a: Incineroar|Parting Shot|p2a: Miraidon\n|-unboost|p2a: Miraidon|atk|1\n|-unboost|p2a: Miraidon|spa|1\n|\n|t:|1739226153\n|switch|p1a: Overqwil|Overqwil, L50, F|100\/100|[from] Parting Shot\n|move|p1b: Grimmsnarl|Spirit Break|p2a: Miraidon\n|-supereffective|p2a: Miraidon\n|-damage|p2a: Miraidon|66\/100\n|-unboost|p2a: Miraidon|spa|1\n|move|p2b: Oranguru|Instruct|p2a: Miraidon\n|-singleturn|p2a: Miraidon|move: Instruct|[of] p2b: Oranguru\n|move|p2a: Miraidon|Parabolic Charge|p1b: Grimmsnarl|[spread] p2b,p1a,p1b\n|-resisted|p1b: Grimmsnarl\n|-damage|p2b: Oranguru|51\/100\n|-heal|p2a: Miraidon|74\/100|[from] drain|[of] p2b: Oranguru\n|-damage|p1a: Overqwil|69\/100\n|-heal|p2a: Miraidon|87\/100|[from] drain|[of] p1a: Overqwil\n|-damage|p1b: Grimmsnarl|59\/100\n|-heal|p2a: Miraidon|92\/100|[from] drain|[of] p1b: Grimmsnarl\n|\n|upkeep\n|turn|3\n|inactive|Lechonkbro has 30 seconds left.\n|\n|t:|1739226181\n|switch|p2b: Iron Valiant|Iron Valiant, L50|100\/100\n|-activate|p2b: Iron Valiant|ability: Quark Drive\n|-start|p2b: Iron Valiant|quarkdrivespe\n|-terastallize|p2a: Miraidon|Electric\n|move|p2a: Miraidon|Calm Mind|p2a: Miraidon\n|-boost|p2a: Miraidon|spa|1\n|-boost|p2a: Miraidon|spd|1\n|move|p1a: Overqwil|Taunt|p2b: Iron Valiant\n|-start|p2b: Iron Valiant|move: Taunt\n|move|p1b: Grimmsnarl|Spirit Break|p2a: Miraidon\n|-damage|p2a: Miraidon|75\/100\n|-unboost|p2a: Miraidon|spa|1\n|\n|upkeep\n|turn|4\n|\n|t:|1739226204\n|switch|p1b: Incineroar|Incineroar, L50, F|60\/100\n|-ability|p1b: Incineroar|Intimidate|boost\n|-unboost|p2a: Miraidon|atk|1\n|-unboost|p2b: Iron Valiant|atk|1\n|move|p1a: Overqwil|Protect|p1a: Overqwil\n|-singleturn|p1a: Overqwil|Protect\n|move|p2b: Iron Valiant|Spirit Break|p1b: Incineroar\n|-damage|p1b: Incineroar|40\/100\n|-unboost|p1b: Incineroar|spa|1\n|move|p2a: Miraidon|Calm Mind|p2a: Miraidon\n|-boost|p2a: Miraidon|spa|1\n|-boost|p2a: Miraidon|spd|1\n|\n|upkeep\n|turn|5\n|\n|t:|1739226222\n|move|p1b: Incineroar|Fake Out|p2b: Iron Valiant\n|-damage|p2b: Iron Valiant|89\/100\n|cant|p2b: Iron Valiant|flinch\n|move|p2a: Miraidon|Calm Mind|p2a: Miraidon\n|-boost|p2a: Miraidon|spa|1\n|-boost|p2a: Miraidon|spd|1\n|move|p1a: Overqwil|Gunk Shot|p2b: Iron Valiant\n|-supereffective|p2b: Iron Valiant\n|-damage|p2b: Iron Valiant|0 fnt\n|faint|p2b: Iron Valiant\n|-end|p2b: Iron Valiant|Quark Drive|[silent]\n|-damage|p1a: Overqwil|59\/100|[from] item: Life Orb\n|\n|-fieldend|move: Electric Terrain\n|upkeep\n|\n|t:|1739226239\n|switch|p2b: Clefairy|Clefairy, L50, F|100\/100\n|turn|6\n|j| Jfabricio23\n|\n|t:|1739226256\n|move|p2b: Clefairy|Follow Me|p2b: Clefairy\n|-singleturn|p2b: Clefairy|move: Follow Me\n|move|p2a: Miraidon|Dragon Pulse|p1a: Overqwil\n|-damage|p1a: Overqwil|0 fnt\n|faint|p1a: Overqwil\n|move|p1b: Incineroar|Parting Shot|p2b: Clefairy\n|-unboost|p2b: Clefairy|atk|1\n|-unboost|p2b: Clefairy|spa|1\n|\n|t:|1739226260\n|switch|p1b: Grimmsnarl|Grimmsnarl, L50, M, tera:Grass|59\/100|[from] Parting Shot\n|\n|upkeep\n|\n|t:|1739226262\n|switch|p1a: Incineroar|Incineroar, L50, F|40\/100\n|-ability|p1a: Incineroar|Intimidate|boost\n|-unboost|p2a: Miraidon|atk|1\n|-unboost|p2b: Clefairy|atk|1\n|turn|7\n|\n|t:|1739226285\n|move|p1a: Incineroar|Fake Out|p2a: Miraidon\n|-damage|p2a: Miraidon|71\/100\n|move|p2b: Clefairy|Follow Me|p2b: Clefairy\n|-singleturn|p2b: Clefairy|move: Follow Me\n|move|p1b: Grimmsnarl|Light Screen|p1b: Grimmsnarl\n|-sidestart|p1: Yagamoth|move: Light Screen\n|cant|p2a: Miraidon|flinch\n|\n|upkeep\n|turn|8\n|\n|t:|1739226294\n|move|p2b: Clefairy|Follow Me|p2b: Clefairy\n|-singleturn|p2b: Clefairy|move: Follow Me\n|move|p1b: Grimmsnarl|Thunder Wave|p2b: Clefairy\n|-status|p2b: Clefairy|par\n|move|p2a: Miraidon|Calm Mind|p2a: Miraidon\n|-boost|p2a: Miraidon|spa|1\n|-boost|p2a: Miraidon|spd|1\n|move|p1a: Incineroar|Parting Shot|p2b: Clefairy\n|-unboost|p2b: Clefairy|atk|1\n|-unboost|p2b: Clefairy|spa|1\n|\n|t:|1739226300\n|switch|p1a: Kyogre|Kyogre, L50|100\/100|[from] Parting Shot\n|-weather|RainDance|[from] ability: Drizzle|[of] p1a: Kyogre\n|\n|-weather|RainDance|[upkeep]\n|upkeep\n|turn|9\n|inactive|Lechonkbro has 30 seconds left.\n|\n|t:|1739226328\n|move|p2b: Clefairy|Follow Me|p2b: Clefairy\n|-singleturn|p2b: Clefairy|move: Follow Me\n|move|p2a: Miraidon|Calm Mind|p2a: Miraidon\n|-boost|p2a: Miraidon|spa|1\n|-boost|p2a: Miraidon|spd|1\n|move|p1a: Kyogre|Origin Pulse|p2a: Miraidon|[spread] p2b\n|-miss|p1a: Kyogre|p2a: Miraidon\n|-damage|p2b: Clefairy|54\/100 par\n|move|p1b: Grimmsnarl|Spirit Break|p2b: Clefairy\n|-damage|p2b: Clefairy|17\/100 par\n|-unboost|p2b: Clefairy|spa|1\n|\n|-weather|RainDance|[upkeep]\n|upkeep\n|turn|10\n|inactive|Lechonkbro has 30 seconds left.\n|\n|t:|1739226359\n|move|p2b: Clefairy|Protect|p2b: Clefairy\n|-singleturn|p2b: Clefairy|Protect\n|move|p2a: Miraidon|Parabolic Charge|p1b: Grimmsnarl|[spread] p1a,p1b\n|-activate|p2b: Clefairy|move: Protect\n|-supereffective|p1a: Kyogre\n|-resisted|p1b: Grimmsnarl\n|-damage|p1a: Kyogre|64\/100\n|-heal|p2a: Miraidon|90\/100|[from] drain|[of] p1a: Kyogre\n|-damage|p1b: Grimmsnarl|39\/100\n|-heal|p2a: Miraidon|99\/100|[from] drain|[of] p1b: Grimmsnarl\n|move|p1a: Kyogre|Origin Pulse|p2a: Miraidon|[spread] \n|-activate|p2b: Clefairy|move: Protect\n|-miss|p1a: Kyogre|p2a: Miraidon\n|move|p1b: Grimmsnarl|Spirit Break|p2a: Miraidon\n|-damage|p2a: Miraidon|86\/100\n|-unboost|p2a: Miraidon|spa|1\n|\n|-weather|RainDance|[upkeep]\n|upkeep\n|turn|11\n|inactive|Lechonkbro has 30 seconds left.\n|\n|t:|1739226391\n|switch|p2b: Oranguru|Oranguru, L50, F|51\/100\n|move|p2a: Miraidon|Dragon Pulse|p1b: Grimmsnarl\n|-damage|p1b: Grimmsnarl|0 fnt\n|faint|p1b: Grimmsnarl\n|move|p1a: Kyogre|Ice Beam|p2a: Miraidon\n|-crit|p2a: Miraidon\n|-damage|p2a: Miraidon|47\/100\n|-status|p2a: Miraidon|frz\n|\n|-weather|RainDance|[upkeep]\n|upkeep\n|\n|t:|1739226397\n|switch|p1b: Incineroar|Incineroar, L50, F|40\/100\n|-ability|p1b: Incineroar|Intimidate|boost\n|-unboost|p2a: Miraidon|atk|1\n|-unboost|p2b: Oranguru|atk|1\n|turn|12\n|\n|t:|1739226414\n|-curestatus|p2a: Miraidon|frz|[msg]\n|move|p2a: Miraidon|Calm Mind|p2a: Miraidon\n|-boost|p2a: Miraidon|spa|1\n|-boost|p2a: Miraidon|spd|0\n|move|p1b: Incineroar|Knock Off|p2a: Miraidon\n|-damage|p2a: Miraidon|34\/100\n|move|p1a: Kyogre|Origin Pulse|p2a: Miraidon|[spread] p2b\n|-miss|p1a: Kyogre|p2a: Miraidon\n|-damage|p2b: Oranguru|0 fnt\n|faint|p2b: Oranguru\n|\n|-weather|none\n|upkeep\n|\n|t:|1739226428\n|switch|p2b: Clefairy|Clefairy, L50, F|17\/100 par\n|turn|13\n|\n|t:|1739226438\n|move|p2b: Clefairy|Protect|p2b: Clefairy\n|-singleturn|p2b: Clefairy|Protect\n|move|p2a: Miraidon|Parabolic Charge|p1a: Kyogre|[spread] p1a,p1b\n|-activate|p2b: Clefairy|move: Protect\n|-supereffective|p1a: Kyogre\n|-damage|p1a: Kyogre|23\/100\n|-heal|p2a: Miraidon|55\/100|[from] drain|[of] p1a: Kyogre\n|-damage|p1b: Incineroar|0 fnt\n|-heal|p2a: Miraidon|75\/100|[from] drain|[of] p1b: Incineroar\n|faint|p1b: Incineroar\n|move|p1a: Kyogre|Ice Beam|p2a: Miraidon\n|-damage|p2a: Miraidon|70\/100\n|\n|upkeep\n|turn|14\n|l| Foxraging\n|\n|t:|1739226456\n|move|p2a: Miraidon|Parabolic Charge|p1a: Kyogre|[spread] p2b,p1a\n|-supereffective|p1a: Kyogre\n|-damage|p2b: Clefairy|0 fnt\n|-heal|p2a: Miraidon|78\/100|[from] drain|[of] p2b: Clefairy\n|-damage|p1a: Kyogre|0 fnt\n|-heal|p2a: Miraidon|90\/100|[from] drain|[of] p1a: Kyogre\n|faint|p2b: Clefairy\n|faint|p1a: Kyogre\n|\n|win|Lechonkbro\n|raw|Yagamoth's rating: 1663 &rarr; <strong>1637<\/strong><br \/>(-26 for losing)\n|raw|Lechonkbro's rating: 1560 &rarr; <strong>1586<\/strong><br \/>(+26 for winning)\n|l|\u2606Yagamoth\n|player|p1|\n|l| Jfabricio23\n|l| Funn yIy\n|l|\u2606Lechonkbro\n|player|p2|\n|l| Meiser63\n","uploadtime":1739226603,"views":8,"formatid":"gen9vgc2025regg","rating":1586,"private":0,"password":null}