{"id":"gen9vgc2025regg-2298087120","format":"[Gen 9] VGC 2025 Reg G","players":["Jawonblue","TeumessianFox"],"log":"|j|\u2606Jawonblue\n|j|\u2606TeumessianFox\n|t:|1739206860\n|gametype|doubles\n|player|p1|Jawonblue|265|1589\n|player|p2|TeumessianFox|101|1580\n|teamsize|p1|6\n|teamsize|p2|6\n|gen|9\n|tier|[Gen 9] VGC 2025 Reg G\n|rated|\n|rule|Species Clause: Limit one of each Pok\u00e9mon\n|rule|Item Clause: Limit 1 of each item\n|clearpoke\n|poke|p1|Eternatus, L50|\n|poke|p1|Oranguru, L50, F|\n|poke|p1|Kingambit, L50, F|\n|poke|p1|Urshifu-*, L50, M|\n|poke|p1|Ursaluna-Bloodmoon, L50, M|\n|poke|p1|Whimsicott, L50, M|\n|poke|p2|Calyrex-Shadow, L50|\n|poke|p2|Chi-Yu, L50|\n|poke|p2|Grimmsnarl, L50, M|\n|poke|p2|Farigiraf, L50, F|\n|poke|p2|Urshifu-*, L50, M|\n|poke|p2|Whimsicott, L50, F|\n|teampreview|4\nTeumessianFox rejected open team sheets.\n|inactive|Battle timer is ON: inactive players will automatically lose when time's up. (requested by Jawonblue)\n|inactive|Jawonblue has 60 seconds left.\n|\n|t:|1739206906\n|start\n|switch|p1a: Eternatus|Eternatus, L50|100\/100\n|switch|p1b: Oranguru|Oranguru, L50, F, shiny|100\/100\n|switch|p2a: Calyrex|Calyrex-Shadow, L50|100\/100\n|switch|p2b: Grimmsnarl|Grimmsnarl, L50, M|100\/100\n|-ability|p2a: Calyrex|As One\n|-ability|p2a: Calyrex|Unnerve\n|-ability|p1a: Eternatus|Pressure\n|turn|1\n|\n|t:|1739206927\n|move|p2b: Grimmsnarl|Fake Out|p1a: Eternatus\n|-damage|p1a: Eternatus|90\/100\n|move|p2a: Calyrex|Pollen Puff|p1b: Oranguru\n|-supereffective|p1b: Oranguru\n|-damage|p1b: Oranguru|53\/100\n|cant|p1a: Eternatus|flinch\n|move|p1b: Oranguru|Trick Room|p1b: Oranguru\n|-fieldstart|move: Trick Room|[of] p1b: Oranguru\n|\n|upkeep\n|turn|2\n|\n|t:|1739206943\n|move|p1b: Oranguru|Protect|p1b: Oranguru\n|-singleturn|p1b: Oranguru|Protect\n|move|p2a: Calyrex|Protect|p2a: Calyrex\n|-singleturn|p2a: Calyrex|Protect\n|move|p2b: Grimmsnarl|Thunder Wave|p1a: Eternatus\n|-status|p1a: Eternatus|par\n|move|p1a: Eternatus|Sludge Wave|p2a: Calyrex|[spread] p2b\n|-activate|p1b: Oranguru|move: Protect\n|-activate|p2a: Calyrex|move: Protect\n|-supereffective|p2b: Grimmsnarl\n|-damage|p2b: Grimmsnarl|0 fnt\n|faint|p2b: Grimmsnarl\n|-damage|p1a: Eternatus|80\/100 par|[from] item: Life Orb\n|\n|upkeep\n|\n|t:|1739206957\n|switch|p2b: Farigiraf|Farigiraf, L50, F|100\/100\n|turn|3\n|\n|t:|1739206978\n|-terastallize|p1a: Eternatus|Dark\n|move|p1b: Oranguru|Instruct|p1a: Eternatus\n|-singleturn|p1a: Eternatus|move: Instruct|[of] p1b: Oranguru\n|cant|p1a: Eternatus|par\n|move|p2b: Farigiraf|Psychic|p1a: Eternatus\n|-immune|p1a: Eternatus\n|move|p1a: Eternatus|Sludge Wave|p2b: Farigiraf|[spread] p2a,p2b\n|-activate|p1b: Oranguru|ability: Telepathy\n|-resisted|p2a: Calyrex\n|-damage|p2a: Calyrex|75\/100\n|-damage|p2b: Farigiraf|45\/100\n|-status|p2b: Farigiraf|psn\n|-damage|p1a: Eternatus|71\/100 par|[from] item: Life Orb\n|move|p2a: Calyrex|Psychic|p1a: Eternatus\n|-immune|p1a: Eternatus\n|\n|-damage|p2b: Farigiraf|33\/100 psn|[from] psn\n|upkeep\n|turn|4\n|\n|t:|1739206994\n|move|p2a: Calyrex|Protect|p2a: Calyrex\n|-singleturn|p2a: Calyrex|Protect\n|move|p1b: Oranguru|Instruct|p1a: Eternatus\n|-singleturn|p1a: Eternatus|move: Instruct|[of] p1b: Oranguru\n|move|p1a: Eternatus|Sludge Wave|p2b: Farigiraf|[spread] p2b\n|-activate|p2a: Calyrex|move: Protect\n|-activate|p1b: Oranguru|ability: Telepathy\n|-damage|p2b: Farigiraf|0 fnt\n|faint|p2b: Farigiraf\n|-damage|p1a: Eternatus|61\/100 par|[from] item: Life Orb\n|cant|p1a: Eternatus|par\n|\n|upkeep\n|\n|t:|1739206998\n|switch|p2b: Chi-Yu|Chi-Yu, L50|100\/100\n|-ability|p2b: Chi-Yu|Beads of Ruin\n|turn|5\n|\n|t:|1739207020\n|move|p2b: Chi-Yu|Protect|p2b: Chi-Yu\n|-singleturn|p2b: Chi-Yu|Protect\n|move|p1b: Oranguru|Instruct|p1a: Eternatus\n|-singleturn|p1a: Eternatus|move: Instruct|[of] p1b: Oranguru\n|move|p1a: Eternatus|Sludge Wave|p2b: Chi-Yu|[spread] p2a\n|-activate|p2b: Chi-Yu|move: Protect\n|-activate|p1b: Oranguru|ability: Telepathy\n|-resisted|p2a: Calyrex\n|-damage|p2a: Calyrex|35\/100\n|-damage|p1a: Eternatus|52\/100 par|[from] item: Life Orb\n|cant|p1a: Eternatus|par\n|move|p2a: Calyrex|Pollen Puff|p1a: Eternatus\n|-supereffective|p1a: Eternatus\n|-damage|p1a: Eternatus|0 fnt\n|faint|p1a: Eternatus\n|-ability|p2a: Calyrex|Grim Neigh|boost\n|-boost|p2a: Calyrex|spa|1\n|\n|-fieldend|move: Trick Room\n|upkeep\n|\n|t:|1739207030\n|switch|p1a: Kingambit|Kingambit, L50, F|100\/100\n|turn|6\n|\n|t:|1739207050\n|move|p2a: Calyrex|Protect|p2a: Calyrex\n|-singleturn|p2a: Calyrex|Protect\n|move|p1a: Kingambit|Sucker Punch||[still]\n|-fail|p1a: Kingambit\n|move|p2b: Chi-Yu|Heat Wave|p1a: Kingambit|[spread] p1a\n|-miss|p2b: Chi-Yu|p1b: Oranguru\n|-supereffective|p1a: Kingambit\n|-damage|p1a: Kingambit|0 fnt\n|faint|p1a: Kingambit\n|-damage|p2b: Chi-Yu|90\/100|[from] item: Life Orb\n|move|p1b: Oranguru|Trick Room|p1b: Oranguru\n|-fieldstart|move: Trick Room|[of] p1b: Oranguru\n|\n|upkeep\n|\n|t:|1739207052\n|switch|p1a: Ursaluna|Ursaluna-Bloodmoon, L50, M|100\/100\n|turn|7\n|inactive|TeumessianFox has 30 seconds left.\n|\n|t:|1739207078\n|-terastallize|p2b: Chi-Yu|Ghost\n|move|p1a: Ursaluna|Hyper Voice|p2b: Chi-Yu|[spread] p2a,p2b\n|-damage|p2a: Calyrex|0 fnt\n|-damage|p2b: Chi-Yu|46\/100\n|faint|p2a: Calyrex\n|-enditem|p1a: Ursaluna|Throat Spray\n|-boost|p1a: Ursaluna|spa|1|[from] item: Throat Spray\n|move|p1b: Oranguru|Instruct|p1a: Ursaluna\n|-singleturn|p1a: Ursaluna|move: Instruct|[of] p1b: Oranguru\n|move|p1a: Ursaluna|Hyper Voice|p2b: Chi-Yu\n|-damage|p2b: Chi-Yu|0 fnt\n|faint|p2b: Chi-Yu\n|\n|win|Jawonblue\n|raw|Jawonblue's rating: 1589 &rarr; <strong>1608<\/strong><br \/>(+19 for winning)\n|raw|TeumessianFox's rating: 1580 &rarr; <strong>1561<\/strong><br \/>(-19 for losing)\n|l|\u2606TeumessianFox\n|player|p2|\n|l|\u2606Jawonblue\n|player|p1|\n","uploadtime":1739207237,"views":4,"formatid":"gen9vgc2025regg","rating":1561,"private":0,"password":null}