{"id":"gen9vgc2025regg-2298866350","format":"[Gen 9] VGC 2025 Reg G","players":["SamP_64","DimensionalFool"],"log":"|j|\u2606SamP_64\n|j|\u203dDimensionalFool\n|t:|1739302719\n|gametype|doubles\n|player|p1|SamP_64|cyrus|1704\n|player|p2|DimensionalFool|170|1634\n|teamsize|p1|6\n|teamsize|p2|6\n|gen|9\n|tier|[Gen 9] VGC 2025 Reg G\n|rated|\n|rule|Species Clause: Limit one of each Pok\u00e9mon\n|rule|Item Clause: Limit 1 of each item\n|clearpoke\n|poke|p1|Incineroar, L50, F|\n|poke|p1|Rillaboom, L50, M|\n|poke|p1|Flutter Mane, L50|\n|poke|p1|Urshifu-*, L50, M|\n|poke|p1|Terapagos, L50, M|\n|poke|p1|Amoonguss, L50, M|\n|poke|p2|Grimmsnarl, L50, M|\n|poke|p2|Landorus, L50, M|\n|poke|p2|Calyrex-Ice, L50|\n|poke|p2|Pelipper, L50, M|\n|poke|p2|Urshifu-*, L50, M|\n|poke|p2|Rillaboom, L50, F|\n|teampreview|4\n|inactive|Battle timer is ON: inactive players will automatically lose when time's up. (requested by SamP_64)\n|inactive|SamP_64 has 60 seconds left.\n|\n|t:|1739302751\n|start\n|switch|p1a: Flutter Mane|Flutter Mane, L50|100\/100\n|switch|p1b: Terapagos|Terapagos, L50, M|100\/100\n|switch|p2a: Pelipper|Pelipper, L50, M|100\/100\n|switch|p2b: Urshifu|Urshifu-Rapid-Strike, L50, M|100\/100\n|-activate|p1b: Terapagos|ability: Tera Shift\n|detailschange|p1b: Terapagos|Terapagos-Terastal, L50, M\n|-heal|p1b: Terapagos|100\/100|[silent]\n|-weather|RainDance|[from] ability: Drizzle|[of] p2a: Pelipper\n|-enditem|p1a: Flutter Mane|Booster Energy\n|-activate|p1a: Flutter Mane|ability: Protosynthesis|[fromitem]\n|-start|p1a: Flutter Mane|protosynthesisspe\n|turn|1\n|\n|t:|1739302768\n|-terastallize|p2b: Urshifu|Ghost\n|move|p1a: Flutter Mane|Moonblast|p2b: Urshifu\n|-damage|p2b: Urshifu|32\/100\n|move|p2b: Urshifu|Surging Strikes|p1a: Flutter Mane\n|-crit|p1a: Flutter Mane\n|-damage|p1a: Flutter Mane|52\/100\n|-crit|p1a: Flutter Mane\n|-damage|p1a: Flutter Mane|5\/100\n|-crit|p1a: Flutter Mane\n|-damage|p1a: Flutter Mane|0 fnt\n|faint|p1a: Flutter Mane\n|-end|p1a: Flutter Mane|Protosynthesis|[silent]\n|-hitcount|p1: Flutter Mane|3\n|move|p2a: Pelipper|Weather Ball|p1b: Terapagos\n|-activate|p1b: Terapagos|ability: Tera Shell\n|-resisted|p1b: Terapagos\n|-damage|p1b: Terapagos|69\/100\n|move|p1b: Terapagos|Tera Starstorm|p2a: Pelipper\n|-damage|p2a: Pelipper|1\/100\n|\n|-weather|RainDance|[upkeep]\n|-heal|p1b: Terapagos|74\/100|[from] item: Leftovers\n|upkeep\n|j| wegovrooooom\n|inactive|SamP_64 has 30 seconds left.\n|j| kiabu233\n|inactive|SamP_64 has 20 seconds left.\n|inactive|SamP_64 has 15 seconds left.\n|\n|t:|1739302809\n|switch|p1a: Urshifu|Urshifu-Rapid-Strike, L50, M|100\/100\n|turn|2\n|inactive|SamP_64 has 30 seconds left.\n|\n|t:|1739302836\n|switch|p2a: Calyrex|Calyrex-Ice, L50|100\/100\n|-ability|p2a: Calyrex|As One\n|-ability|p2a: Calyrex|Unnerve\n|-terastallize|p1a: Urshifu|Stellar\n|move|p1a: Urshifu|Aqua Jet|p2b: Urshifu\n|-damage|p2b: Urshifu|0 fnt\n|faint|p2b: Urshifu\n|move|p1b: Terapagos|Tera Starstorm|p2a: Calyrex\n|-damage|p2a: Calyrex|77\/100\n|\n|-weather|RainDance|[upkeep]\n|-heal|p1b: Terapagos|80\/100|[from] item: Leftovers\n|upkeep\n|\n|t:|1739302849\n|switch|p2b: Rillaboom|Rillaboom, L50, F|100\/100\n|-fieldstart|move: Grassy Terrain|[from] ability: Grassy Surge|[of] p2b: Rillaboom\n|turn|3\n|\n|t:|1739302861\n|switch|p1a: Incineroar|Incineroar, L50, F|100\/100\n|-ability|p1a: Incineroar|Intimidate|boost\n|-unboost|p2a: Calyrex|atk|1\n|-unboost|p2b: Rillaboom|atk|1\n|move|p1b: Terapagos|Protect|p1b: Terapagos\n|-singleturn|p1b: Terapagos|Protect\n|move|p2b: Rillaboom|Grassy Glide|p1a: Incineroar\n|-resisted|p1a: Incineroar\n|-damage|p1a: Incineroar|88\/100\n|-damage|p2b: Rillaboom|84\/100|[from] item: Rocky Helmet|[of] p1a: Incineroar\n|move|p2a: Calyrex|Glacial Lance|p1a: Incineroar|[spread] p1a\n|-activate|p1b: Terapagos|move: Protect\n|-resisted|p1a: Incineroar\n|-damage|p1a: Incineroar|72\/100\n|\n|-weather|RainDance|[upkeep]\n|-heal|p1b: Terapagos|86\/100|[from] Grassy Terrain\n|-heal|p1b: Terapagos|92\/100|[from] item: Leftovers\n|-heal|p2b: Rillaboom|90\/100|[from] Grassy Terrain\n|-heal|p2a: Calyrex|83\/100|[from] Grassy Terrain\n|-heal|p1a: Incineroar|78\/100|[from] Grassy Terrain\n|upkeep\n|turn|4\n|\n|t:|1739302883\n|switch|p2a: Pelipper|Pelipper, L50, M|1\/100\n|move|p1a: Incineroar|Fake Out|p2a: Pelipper\n|-damage|p2a: Pelipper|0 fnt\n|faint|p2a: Pelipper\n|move|p1b: Terapagos|Calm Mind|p1b: Terapagos\n|-boost|p1b: Terapagos|spa|1\n|-boost|p1b: Terapagos|spd|1\n|move|p2b: Rillaboom|High Horsepower|p1a: Incineroar\n|-supereffective|p1a: Incineroar\n|-damage|p1a: Incineroar|36\/100\n|-damage|p2b: Rillaboom|74\/100|[from] item: Rocky Helmet|[of] p1a: Incineroar\n|\n|-weather|RainDance|[upkeep]\n|-heal|p1b: Terapagos|97\/100|[from] Grassy Terrain\n|-heal|p1b: Terapagos|100\/100|[from] item: Leftovers\n|-heal|p2b: Rillaboom|80\/100|[from] Grassy Terrain\n|-heal|p1a: Incineroar|42\/100|[from] Grassy Terrain\n|upkeep\n|\n|t:|1739302889\n|switch|p2a: Calyrex|Calyrex-Ice, L50|83\/100\n|-ability|p2a: Calyrex|As One\n|-ability|p2a: Calyrex|Unnerve\n|turn|5\n|inactive|SamP_64 has 30 seconds left.\n|inactive|SamP_64 has 20 seconds left.\n|\n|t:|1739302924\n|move|p1b: Terapagos|Tera Starstorm|p2b: Rillaboom\n|-damage|p2b: Rillaboom|0 fnt\n|faint|p2b: Rillaboom\n|move|p2a: Calyrex|Glacial Lance|p1a: Incineroar|[spread] p1a,p1b\n|-resisted|p1a: Incineroar\n|-activate|p1b: Terapagos|ability: Tera Shell\n|-resisted|p1b: Terapagos\n|-damage|p1a: Incineroar|14\/100\n|-damage|p1b: Terapagos|79\/100\n|move|p1a: Incineroar|Knock Off|p2a: Calyrex\n|-supereffective|p2a: Calyrex\n|-damage|p2a: Calyrex|36\/100\n|-enditem|p2a: Calyrex|Assault Vest|[from] move: Knock Off|[of] p1a: Incineroar\n|\n|-weather|none\n|-heal|p1b: Terapagos|85\/100|[from] Grassy Terrain\n|-heal|p1b: Terapagos|91\/100|[from] item: Leftovers\n|-heal|p2a: Calyrex|42\/100|[from] Grassy Terrain\n|-heal|p1a: Incineroar|20\/100|[from] Grassy Terrain\n|upkeep\n|turn|6\n|\n|t:|1739302941\n|move|p1b: Terapagos|Tera Starstorm|p2a: Calyrex\n|-damage|p2a: Calyrex|0 fnt\n|faint|p2a: Calyrex\n|\n|win|SamP_64\n|raw|SamP_64's rating: 1704 &rarr; <strong>1720<\/strong><br \/>(+16 for winning)\n|raw|DimensionalFool's rating: 1634 &rarr; <strong>1618<\/strong><br \/>(-16 for losing)\n|l|\u203dDimensionalFool\n|player|p2|\n|l|\u2606SamP_64\n|player|p1|\n|l| kiabu233\n|l| wegovrooooom\n","uploadtime":1739303214,"views":6,"formatid":"gen9vgc2025regg","rating":1618,"private":0,"password":null}