{"id":"gen9vgc2025regg-2298113905","format":"[Gen 9] VGC 2025 Reg G","players":["kajashi","Jawonblue"],"log":"|j|\u2606kajashi\n|j|\u2606Jawonblue\n|t:|1739209465\n|gametype|doubles\n|player|p1|kajashi|2|1571\n|player|p2|Jawonblue|265|1593\n|teamsize|p1|6\n|teamsize|p2|6\n|gen|9\n|tier|[Gen 9] VGC 2025 Reg G\n|rated|\n|rule|Species Clause: Limit one of each Pok\u00e9mon\n|rule|Item Clause: Limit 1 of each item\n|clearpoke\n|poke|p1|Incineroar, L50, M|\n|poke|p1|Amoonguss, L50, M|\n|poke|p1|Calyrex-Ice, L50|\n|poke|p1|Raging Bolt, L50|\n|poke|p1|Landorus, L50, M|\n|poke|p1|Urshifu-*, L50, F|\n|poke|p2|Eternatus, L50|\n|poke|p2|Oranguru, L50, M|\n|poke|p2|Kingambit, L50, F|\n|poke|p2|Urshifu-*, L50, F|\n|poke|p2|Ursaluna-Bloodmoon, L50, M|\n|poke|p2|Whimsicott, L50, F|\n|teampreview|4\n|inactive|Battle timer is ON: inactive players will automatically lose when time's up. (requested by Jawonblue)\n|\n|t:|1739209501\n|start\n|switch|p1a: Landorus|Landorus, L50, M|100\/100\n|switch|p1b: Calyrex|Calyrex-Ice, L50|100\/100\n|switch|p2a: Kingambit|Kingambit, L50, F|100\/100\n|switch|p2b: Whimsicott|Whimsicott, L50, F|100\/100\n|-ability|p1b: Calyrex|As One\n|-ability|p1b: Calyrex|Unnerve\n|turn|1\n|j| Funn yIy\n|inactive|kajashi has 30 seconds left.\n|j| Meiser63\n|inactive|Jawonblue has 30 seconds left.\n|inactive|Jawonblue has 20 seconds left.\n|\n|t:|1739209544\n|-terastallize|p1b: Calyrex|Water\n|move|p2b: Whimsicott|Protect|p2b: Whimsicott\n|-singleturn|p2b: Whimsicott|Protect\n|move|p2a: Kingambit|Protect|p2a: Kingambit\n|-singleturn|p2a: Kingambit|Protect\n|move|p1a: Landorus|Earth Power|p2a: Kingambit\n|-activate|p2a: Kingambit|move: Protect\n|move|p1b: Calyrex|Trick Room|p1b: Calyrex\n|-fieldstart|move: Trick Room|[of] p1b: Calyrex\n|\n|upkeep\n|turn|2\n|\n|t:|1739209560\n|switch|p1b: Amoonguss|Amoonguss, L50, M|100\/100\n|move|p2b: Whimsicott|Misty Terrain|p2b: Whimsicott\n|-fieldstart|move: Misty Terrain\n|move|p2a: Kingambit|Kowtow Cleave|p1a: Landorus\n|-crit|p1a: Landorus\n|-damage|p1a: Landorus|0 fnt\n|faint|p1a: Landorus\n|\n|upkeep\n|\n|t:|1739209576\n|switch|p1a: Calyrex|Calyrex-Ice, L50, tera:Water|100\/100\n|-ability|p1a: Calyrex|As One\n|-ability|p1a: Calyrex|Unnerve\n|turn|3\n|\n|t:|1739209590\n|switch|p2b: Urshifu|Urshifu-Rapid-Strike, L50, F|100\/100\n|move|p1a: Calyrex|High Horsepower|p2a: Kingambit\n|-supereffective|p2a: Kingambit\n|-damage|p2a: Kingambit|39\/100\n|move|p2a: Kingambit|Swords Dance|p2a: Kingambit\n|-boost|p2a: Kingambit|atk|2\n|move|p1b: Amoonguss|Clear Smog|p2b: Urshifu\n|-damage|p2b: Urshifu|81\/100\n|-clearboost|p2b: Urshifu\n|\n|upkeep\n|turn|4\n|\n|t:|1739209609\n|move|p2a: Kingambit|Protect|p2a: Kingambit\n|-singleturn|p2a: Kingambit|Protect\n|move|p1b: Amoonguss|Rage Powder|p1b: Amoonguss\n|-singleturn|p1b: Amoonguss|move: Rage Powder\n|move|p1a: Calyrex|Glacial Lance|p2b: Urshifu|[spread] p2b\n|-activate|p2a: Kingambit|move: Protect\n|-resisted|p2b: Urshifu\n|-damage|p2b: Urshifu|53\/100\n|move|p2b: Urshifu|Taunt|p1b: Amoonguss\n|-start|p1b: Amoonguss|move: Taunt\n|\n|upkeep\n|turn|5\n|inactive|Jawonblue has 30 seconds left.\n|\n|t:|1739209637\n|move|p2a: Kingambit|Kowtow Cleave|p1a: Calyrex\n|-damage|p1a: Calyrex|32\/100\n|move|p1a: Calyrex|Glacial Lance|p2a: Kingambit|[spread] p2a,p2b\n|-resisted|p2a: Kingambit\n|-resisted|p2b: Urshifu\n|-damage|p2a: Kingambit|18\/100\n|-damage|p2b: Urshifu|26\/100\n|move|p1b: Amoonguss|Pollen Puff|p2a: Kingambit\n|-damage|p2a: Kingambit|0 fnt\n|faint|p2a: Kingambit\n|move|p2b: Urshifu|Surging Strikes|p1a: Calyrex\n|-resisted|p1a: Calyrex\n|-crit|p1a: Calyrex\n|-damage|p1a: Calyrex|25\/100\n|-resisted|p1a: Calyrex\n|-crit|p1a: Calyrex\n|-damage|p1a: Calyrex|18\/100\n|-resisted|p1a: Calyrex\n|-crit|p1a: Calyrex\n|-damage|p1a: Calyrex|11\/100\n|-hitcount|p1a: Calyrex|3\n|\n|-fieldend|move: Trick Room\n|upkeep\n|\n|t:|1739209643\n|switch|p2a: Eternatus|Eternatus, L50|100\/100\n|-ability|p2a: Eternatus|Pressure\n|turn|6\n|inactive|kajashi has 30 seconds left.\n|\n|t:|1739209672\n|switch|p1b: Urshifu|Urshifu-Rapid-Strike, L50, F|100\/100\n|move|p2b: Urshifu|Detect|p2b: Urshifu\n|-singleturn|p2b: Urshifu|Protect\n|move|p1a: Calyrex|Protect|p1a: Calyrex\n|-singleturn|p1a: Calyrex|Protect\n|move|p2a: Eternatus|Sludge Wave|p1a: Calyrex|[spread] p1b\n|-activate|p2b: Urshifu|move: Protect\n|-activate|p1a: Calyrex|move: Protect\n|-damage|p1b: Urshifu|29\/100\n|-damage|p2a: Eternatus|91\/100|[from] item: Life Orb\n|\n|-fieldend|Misty Terrain\n|upkeep\n|turn|7\n|l| Funn yIy\n|inactive|kajashi has 30 seconds left.\n|inactive|Jawonblue has 30 seconds left.\n|\n|t:|1739209706\n|switch|p1a: Amoonguss|Amoonguss, L50, M|100\/100\n|move|p1b: Urshifu|Detect|p1b: Urshifu\n|-singleturn|p1b: Urshifu|Protect\n|move|p2a: Eternatus|Dynamax Cannon|p1a: Amoonguss\n|-damage|p1a: Amoonguss|35\/100\n|-damage|p2a: Eternatus|81\/100|[from] item: Life Orb\n|move|p2b: Urshifu|Surging Strikes|p1b: Urshifu\n|-resisted|p1b: Urshifu\n|-crit|p1b: Urshifu\n|-damage|p1b: Urshifu|19\/100\n|-resisted|p1b: Urshifu\n|-crit|p1b: Urshifu\n|-damage|p1b: Urshifu|9\/100\n|-resisted|p1b: Urshifu\n|-crit|p1b: Urshifu\n|-damage|p1b: Urshifu|0 fnt\n|faint|p1b: Urshifu\n|-hitcount|p1: Urshifu|3\n|\n|upkeep\n|\n|t:|1739209715\n|switch|p1b: Calyrex|Calyrex-Ice, L50, tera:Water|11\/100\n|-ability|p1b: Calyrex|As One\n|-ability|p1b: Calyrex|Unnerve\n|turn|8\n|-message|kajashi forfeited.\n|\n|win|Jawonblue\n|raw|kajashi's rating: 1571 &rarr; <strong>1552<\/strong><br \/>(-19 for losing)\n|raw|Jawonblue's rating: 1593 &rarr; <strong>1612<\/strong><br \/>(+19 for winning)\n","uploadtime":1739209721,"views":12,"formatid":"gen9vgc2025regg","rating":1552,"private":0,"password":null}