{"id":"gen9vgc2025regg-2298743975","format":"[Gen 9] VGC 2025 Reg G","players":["Zakmancho","mattun"],"log":"|j|\u2606Zakmancho\n|j|\u2606mattun\n|t:|1739291173\n|gametype|doubles\n|player|p1|Zakmancho|265|1517\n|player|p2|mattun|266|1561\n|teamsize|p1|6\n|teamsize|p2|6\n|gen|9\n|tier|[Gen 9] VGC 2025 Reg G\n|rated|\n|rule|Species Clause: Limit one of each Pok\u00e9mon\n|rule|Item Clause: Limit 1 of each item\n|clearpoke\n|poke|p1|Koraidon, L50|\n|poke|p1|Chi-Yu, L50|\n|poke|p1|Flutter Mane, L50|\n|poke|p1|Ogerpon-Cornerstone, L50, F|\n|poke|p1|Raging Bolt, L50|\n|poke|p1|Whimsicott, L50, M|\n|poke|p2|Calyrex-Ice, L50|\n|poke|p2|Ogerpon-Wellspring, L50, F|\n|poke|p2|Amoonguss, L50, F|\n|poke|p2|Iron Valiant, L50|\n|poke|p2|Urshifu-*, L50, M|\n|poke|p2|Archaludon, L50, M|\n|teampreview|4\n|inactive|Battle timer is ON: inactive players will automatically lose when time's up. (requested by Zakmancho)\n|\n|t:|1739291196\n|start\n|switch|p1a: Flutter Mane|Flutter Mane, L50|100\/100\n|switch|p1b: Chi-Yu|Chi-Yu, L50|100\/100\n|switch|p2a: Calyrex|Calyrex-Ice, L50|100\/100\n|switch|p2b: Amoonguss|Amoonguss, L50, F|100\/100\n|-ability|p2a: Calyrex|As One\n|-ability|p2a: Calyrex|Unnerve\n|-ability|p1b: Chi-Yu|Beads of Ruin\n|-enditem|p1a: Flutter Mane|Booster Energy\n|-activate|p1a: Flutter Mane|ability: Protosynthesis|[fromitem]\n|-start|p1a: Flutter Mane|protosynthesisspe\n|turn|1\n|\n|t:|1739291204\n|move|p2b: Amoonguss|Rage Powder|p2b: Amoonguss\n|-singleturn|p2b: Amoonguss|move: Rage Powder\n|move|p1a: Flutter Mane|Imprison|p1a: Flutter Mane\n|-start|p1a: Flutter Mane|move: Imprison\n|move|p1b: Chi-Yu|Heat Wave|p2a: Calyrex|[spread] p2a,p2b\n|-supereffective|p2a: Calyrex\n|-supereffective|p2b: Amoonguss\n|-damage|p2a: Calyrex|45\/100\n|-damage|p2b: Amoonguss|22\/100\n|cant|p2a: Calyrex|move: Imprison|Trick Room\n|\n|upkeep\n|turn|2\n|\n|t:|1739291218\n|switch|p2b: Archaludon|Archaludon, L50, M|100\/100\n|-terastallize|p2a: Calyrex|Fire\n|move|p1a: Flutter Mane|Moonblast|p2a: Calyrex\n|-resisted|p2a: Calyrex\n|-damage|p2a: Calyrex|28\/100\n|move|p1b: Chi-Yu|Heat Wave|p2b: Archaludon|[spread] p2a,p2b\n|-resisted|p2a: Calyrex\n|-crit|p2b: Archaludon\n|-damage|p2a: Calyrex|13\/100\n|-damage|p2b: Archaludon|4\/100\n|move|p2a: Calyrex|Glacial Lance|p1b: Chi-Yu|[spread] p1a,p1b\n|-resisted|p1b: Chi-Yu\n|-damage|p1a: Flutter Mane|24\/100\n|-damage|p1b: Chi-Yu|70\/100\n|\n|upkeep\n|turn|3\n|inactive|mattun has 30 seconds left.\n|\n|t:|1739291244\n|move|p2a: Calyrex|Protect|p2a: Calyrex\n|-singleturn|p2a: Calyrex|Protect\n|move|p1a: Flutter Mane|Moonblast|p2a: Calyrex\n|-activate|p2a: Calyrex|move: Protect\n|move|p1b: Chi-Yu|Heat Wave|p2a: Calyrex|[spread] p2b\n|-activate|p2a: Calyrex|move: Protect\n|-damage|p2b: Archaludon|0 fnt\n|faint|p2b: Archaludon\n|\n|upkeep\n|\n|t:|1739291249\n|switch|p2b: Urshifu|Urshifu, L50, M|100\/100\n|turn|4\n|\n|t:|1739291257\n|move|p2b: Urshifu|Sucker Punch|p1a: Flutter Mane\n|-damage|p1a: Flutter Mane|0 fnt\n|faint|p1a: Flutter Mane\n|-end|p1a: Flutter Mane|Protosynthesis|[silent]\n|move|p1b: Chi-Yu|Heat Wave|p2b: Urshifu|[spread] p2a,p2b\n|-resisted|p2a: Calyrex\n|-damage|p2a: Calyrex|0 fnt\n|-damage|p2b: Urshifu|29\/100\n|faint|p2a: Calyrex\n|\n|upkeep\n|\n|t:|1739291265\n|switch|p1a: Ogerpon|Ogerpon-Cornerstone, L50, F|100\/100\n|switch|p2a: Amoonguss|Amoonguss, L50, F|55\/100\n|turn|5\n|-message|mattun forfeited.\n|\n|win|Zakmancho\n|raw|Zakmancho's rating: 1517 &rarr; <strong>1540<\/strong><br \/>(+23 for winning)\n|raw|mattun's rating: 1561 &rarr; <strong>1538<\/strong><br \/>(-23 for losing)\n|l|\u2606mattun\n|player|p2|\n|l|\u2606Zakmancho\n|player|p1|\n","uploadtime":1739291550,"views":5,"formatid":"gen9vgc2025regg","rating":1538,"private":0,"password":null}