{"id":"gen9vgc2025regg-2298522364","format":"[Gen 9] VGC 2025 Reg G","players":["smolbren","cobalt_poke"],"log":"|j|\u2606smolbren\n|j|\u2606cobalt_poke\n|t:|1739261279\n|gametype|doubles\n|player|p1|smolbren|parasollady-gen4|1511\n|player|p2|cobalt_poke|2|1575\n|teamsize|p1|6\n|teamsize|p2|6\n|gen|9\n|tier|[Gen 9] VGC 2025 Reg G\n|rated|\n|rule|Species Clause: Limit one of each Pok\u00e9mon\n|rule|Item Clause: Limit 1 of each item\n|clearpoke\n|poke|p1|Calyrex-Shadow, L50|\n|poke|p1|Rillaboom, L50, M|\n|poke|p1|Ursaluna-Bloodmoon, L50, M|\n|poke|p1|Incineroar, L50, M|\n|poke|p1|Primarina, L50, M|\n|poke|p1|Tornadus, L50, M|\n|poke|p2|Weezing-Galar, L50, M|\n|poke|p2|Calyrex-Shadow, L50|\n|poke|p2|Dondozo, L50, F|\n|poke|p2|Tatsugiri, L50, M|\n|poke|p2|Incineroar, L50, F|\n|poke|p2|Roaring Moon, L50|\n|teampreview|4\n|\n|t:|1739261303\n|start\n|switch|p1a: Tornadus|Tornadus, L50, M|100\/100\n|switch|p1b: Ursaluna|Ursaluna-Bloodmoon, L50, M|100\/100\n|switch|p2a: Roaring Moon|Roaring Moon, L50|100\/100\n|switch|p2b: Weezing|Weezing-Galar, L50, M|100\/100\n|-ability|p2b: Weezing|Neutralizing Gas\n|turn|1\n|\n|t:|1739261314\n|move|p2b: Weezing|Protect|p2b: Weezing\n|-singleturn|p2b: Weezing|Protect\n|move|p2a: Roaring Moon|Knock Off|p1b: Ursaluna\n|-damage|p1b: Ursaluna|53\/100\n|-enditem|p1b: Ursaluna|Life Orb|[from] move: Knock Off|[of] p2a: Roaring Moon\n|move|p1a: Tornadus|Tailwind|p1a: Tornadus\n|-sidestart|p1: smolbren|move: Tailwind\n|move|p1b: Ursaluna|Hyper Voice|p2a: Roaring Moon|[spread] p2a\n|-activate|p2b: Weezing|move: Protect\n|-damage|p2a: Roaring Moon|77\/100\n|\n|upkeep\n|turn|2\n|\n|t:|1739261330\n|move|p1a: Tornadus|Bleakwind Storm|p2b: Weezing|[spread] p2a,p2b\n|-damage|p2a: Roaring Moon|57\/100\n|-damage|p2b: Weezing|70\/100\n|move|p1b: Ursaluna|Earth Power|p2b: Weezing\n|-supereffective|p2b: Weezing\n|-damage|p2b: Weezing|0 fnt\n|faint|p2b: Weezing\n|-end|p2b: Weezing|ability: Neutralizing Gas\n|move|p2a: Roaring Moon|Knock Off|p1a: Tornadus\n|-damage|p1a: Tornadus|32\/100\n|-enditem|p1a: Tornadus|Mental Herb|[from] move: Knock Off|[of] p2a: Roaring Moon\n|\n|upkeep\n|\n|t:|1739261341\n|switch|p2b: Dondozo|Dondozo, L50, F|100\/100\n|turn|3\n|\n|t:|1739261354\n|move|p2b: Dondozo|Protect|p2b: Dondozo\n|-singleturn|p2b: Dondozo|Protect\n|move|p1a: Tornadus|Bleakwind Storm|p2b: Dondozo|[spread] p2a\n|-activate|p2b: Dondozo|move: Protect\n|-damage|p2a: Roaring Moon|35\/100\n|-unboost|p2a: Roaring Moon|spe|1\n|move|p1b: Ursaluna|Blood Moon|p2b: Dondozo\n|-activate|p2b: Dondozo|move: Protect\n|move|p2a: Roaring Moon|Knock Off|p1a: Tornadus\n|-damage|p1a: Tornadus|0 fnt\n|faint|p1a: Tornadus\n|\n|upkeep\n|\n|t:|1739261358\n|switch|p1a: Primarina|Primarina, L50, M|100\/100\n|turn|4\n|j| mewkyuvgc\n|\n|t:|1739261363\n|-end|p2a: Roaring Moon|Protosynthesis|[silent]\n|switch|p2a: Tatsugiri|Tatsugiri, L50, M|100\/100\n|-activate|p2a: Tatsugiri|ability: Commander|[of] p2b: Dondozo\n|-boost|p2b: Dondozo|atk|2\n|-boost|p2b: Dondozo|spa|2\n|-boost|p2b: Dondozo|spe|2\n|-boost|p2b: Dondozo|def|2\n|-boost|p2b: Dondozo|spd|2\n|move|p1b: Ursaluna|Protect|p1b: Ursaluna\n|-singleturn|p1b: Ursaluna|Protect\n|move|p1a: Primarina|Haze|p1a: Primarina\n|-clearallboost\n|move|p2b: Dondozo|Earthquake|p1b: Ursaluna|[spread] p1a\n|-miss|p2b: Dondozo|p2a: Tatsugiri\n|-activate|p1b: Ursaluna|move: Protect\n|-damage|p1a: Primarina|75\/100\n|\n|-sideend|p1: smolbren|move: Tailwind\n|upkeep\n|turn|5\n|-message|cobalt_poke forfeited.\n|\n|win|smolbren\n|raw|smolbren's rating: 1511 &rarr; <strong>1535<\/strong><br \/>(+24 for winning)\n|raw|cobalt_poke's rating: 1575 &rarr; <strong>1551<\/strong><br \/>(-24 for losing)\n|l|\u2606cobalt_poke\n|player|p2|\n|l|\u2606smolbren\n|player|p1|\n|l| mewkyuvgc\n","uploadtime":1739261578,"views":4,"formatid":"gen9vgc2025regg","rating":1535,"private":0,"password":null}