{"id":"gen9vgc2025regg-2298087425","format":"[Gen 9] VGC 2025 Reg G","players":["InfinityGroudon","brednas7"],"log":"|j|\u2606InfinityGroudon\n|j|\u2606brednas7\n|t:|1739206887\n|gametype|doubles\n|player|p1|InfinityGroudon|170|1617\n|player|p2|brednas7|hilbert|1566\n|teamsize|p1|6\n|teamsize|p2|6\n|gen|9\n|tier|[Gen 9] VGC 2025 Reg G\n|rated|\n|rule|Species Clause: Limit one of each Pok\u00e9mon\n|rule|Item Clause: Limit 1 of each item\n|clearpoke\n|poke|p1|Terapagos, L50, M|\n|poke|p1|Clefairy, L50, F|\n|poke|p1|Rillaboom, L50, F|\n|poke|p1|Skeledirge, L50, M|\n|poke|p1|Urshifu-*, L50, M|\n|poke|p1|Chien-Pao, L50|\n|poke|p2|Koraidon, L50|\n|poke|p2|Brute Bonnet, L50|\n|poke|p2|Raging Bolt, L50|\n|poke|p2|Entei, L50|\n|poke|p2|Flutter Mane, L50|\n|poke|p2|Porygon2, L50|\n|teampreview|4\n|\n|t:|1739206916\n|start\n|switch|p1a: Moonwater|Clefairy, L50, F|100\/100\n|switch|p1b: Perrine|Terapagos, L50, M|100\/100\n|switch|p2a: Koraidon|Koraidon, L50|100\/100\n|switch|p2b: Flutter Mane|Flutter Mane, L50|100\/100\n|-activate|p1b: Perrine|ability: Tera Shift\n|detailschange|p1b: Perrine|Terapagos-Terastal, L50, M\n|-heal|p1b: Perrine|100\/100|[silent]\n|-weather|SunnyDay|[from] ability: Orichalcum Pulse|[of] p2a: Koraidon\n|-activate|p2b: Flutter Mane|ability: Protosynthesis\n|-start|p2b: Flutter Mane|protosynthesisspe\n|-activate|p2a: Koraidon|Orichalcum Pulse|[source]\n|turn|1\n|\n|t:|1739206934\n|move|p2b: Flutter Mane|Moonblast|p1a: Moonwater\n|-damage|p1a: Moonwater|54\/100\n|move|p2a: Koraidon|Flare Blitz|p1a: Moonwater\n|-damage|p1a: Moonwater|0 fnt\n|faint|p1a: Moonwater\n|-damage|p2a: Koraidon|84\/100|[from] Recoil\n|move|p1b: Perrine|Calm Mind|p1b: Perrine\n|-boost|p1b: Perrine|spa|1\n|-boost|p1b: Perrine|spd|1\n|\n|-weather|SunnyDay|[upkeep]\n|upkeep\n|\n|t:|1739206939\n|switch|p1a: Presto|Chien-Pao, L50|100\/100\n|-ability|p1a: Presto|Sword of Ruin\n|turn|2\n|\n|t:|1739206952\n|-terastallize|p2a: Koraidon|Fire\n|move|p1b: Perrine|Protect|p1b: Perrine\n|-singleturn|p1b: Perrine|Protect\n|move|p2b: Flutter Mane|Icy Wind|p1a: Presto|[spread] p1a\n|-activate|p1b: Perrine|move: Protect\n|-resisted|p1a: Presto\n|-damage|p1a: Presto|89\/100\n|-unboost|p1a: Presto|spe|1\n|move|p2a: Koraidon|Collision Course|p1b: Perrine\n|-activate|p1b: Perrine|move: Protect\n|move|p1a: Presto|Ice Spinner|p2b: Flutter Mane\n|-damage|p2b: Flutter Mane|25\/100\n|\n|-weather|SunnyDay|[upkeep]\n|upkeep\n|turn|3\n|\n|t:|1739206976\n|-terastallize|p1b: Perrine|Stellar\n|detailschange|p1b: Perrine|Terapagos-Stellar, L50, M, tera:Stellar\n|-heal|p1b: Perrine|100\/100|[silent]\n|-ability|p1b: Perrine|Teraform Zero\n|-weather|none\n|-end|p2b: Flutter Mane|Protosynthesis\n|move|p2b: Flutter Mane|Protect|p2b: Flutter Mane\n|-singleturn|p2b: Flutter Mane|Protect\n|move|p1a: Presto|Protect|p1a: Presto\n|-singleturn|p1a: Presto|Protect\n|move|p2a: Koraidon|Flame Charge|p1a: Presto\n|-activate|p1a: Presto|move: Protect\n|move|p1b: Perrine|Tera Starstorm|p2b: Flutter Mane|[spread] p2a\n|-activate|p2b: Flutter Mane|move: Protect\n|-supereffective|p2a: Koraidon\n|-damage|p2a: Koraidon|21\/100\n|\n|upkeep\n|turn|4\n|\n|t:|1739206999\n|switch|p2a: Brute Bonnet|Brute Bonnet, L50|100\/100\n|move|p1a: Presto|Sucker Punch|p2b: Flutter Mane\n|-damage|p2b: Flutter Mane|0 fnt\n|faint|p2b: Flutter Mane\n|-end|p2b: Flutter Mane|Protosynthesis|[silent]\n|move|p1b: Perrine|Tera Starstorm|p2a: Brute Bonnet\n|-damage|p2a: Brute Bonnet|48\/100\n|\n|upkeep\n|\n|t:|1739207010\n|switch|p2b: Koraidon|Koraidon, L50, tera:Fire|21\/100\n|-weather|SunnyDay|[from] ability: Orichalcum Pulse|[of] p2b: Koraidon\n|-activate|p2a: Brute Bonnet|ability: Protosynthesis\n|-start|p2a: Brute Bonnet|protosynthesisdef\n|-activate|p2b: Koraidon|Orichalcum Pulse|[source]\n|turn|5\n|\n|t:|1739207021\n|move|p1b: Perrine|Protect|p1b: Perrine\n|-singleturn|p1b: Perrine|Protect\n|move|p2a: Brute Bonnet|Rage Powder|p2a: Brute Bonnet\n|-singleturn|p2a: Brute Bonnet|move: Rage Powder\n|move|p2b: Koraidon|Flame Charge|p1a: Presto\n|-supereffective|p1a: Presto\n|-damage|p1a: Presto|0 fnt\n|-boost|p2b: Koraidon|spe|1\n|faint|p1a: Presto\n|\n|-weather|SunnyDay|[upkeep]\n|upkeep\n|\n|t:|1739207027\n|switch|p1a: Ram|Urshifu, L50, M|100\/100\n|turn|6\n|\n|t:|1739207040\n|move|p2a: Brute Bonnet|Rage Powder|p2a: Brute Bonnet\n|-singleturn|p2a: Brute Bonnet|move: Rage Powder\n|move|p2b: Koraidon|Collision Course|p1b: Perrine\n|-supereffective|p1b: Perrine\n|-damage|p1b: Perrine|0 fnt\n|faint|p1b: Perrine\n|move|p1a: Ram|Close Combat|p2a: Brute Bonnet\n|-supereffective|p2a: Brute Bonnet\n|-damage|p2a: Brute Bonnet|0 fnt\n|-unboost|p1a: Ram|def|1\n|-unboost|p1a: Ram|spd|1\n|faint|p2a: Brute Bonnet\n|-end|p2a: Brute Bonnet|Protosynthesis|[silent]\n|\n|-weather|SunnyDay|[upkeep]\n|upkeep\n|\n|t:|1739207051\n|switch|p2a: Entei|Entei, L50|100\/100\n|turn|7\n|\n|t:|1739207066\n|move|p2a: Entei|Extreme Speed|p1a: Ram\n|-damage|p1a: Ram|39\/100\n|move|p2b: Koraidon|Collision Course|p1a: Ram\n|-supereffective|p1a: Ram\n|-damage|p1a: Ram|0 fnt\n|faint|p1a: Ram\n|\n|win|brednas7\n|raw|InfinityGroudon's rating: 1617 &rarr; <strong>1594<\/strong><br \/>(-23 for losing)\n|raw|brednas7's rating: 1566 &rarr; <strong>1589<\/strong><br \/>(+23 for winning)\n|l|\u2606InfinityGroudon\n|player|p1|\n|c|\u2606brednas7|gg\n|l|\u2606brednas7\n|player|p2|\n","uploadtime":1739207237,"views":5,"formatid":"gen9vgc2025regg","rating":1589,"private":0,"password":null}