{"id":"gen9vgc2025regg-2298856849","format":"[Gen 9] VGC 2025 Reg G","players":["test-on-calls","astral_ttm"],"log":"|j|\u2606test-on-calls\n|j|\u2606astral_ttm\n|t:|1739301818\n|gametype|doubles\n|player|p1|test-on-calls|169|1734\n|player|p2|astral_ttm|265|1582\n|teamsize|p1|6\n|teamsize|p2|6\n|gen|9\n|tier|[Gen 9] VGC 2025 Reg G\n|rated|\n|rule|Species Clause: Limit one of each Pok\u00e9mon\n|rule|Item Clause: Limit 1 of each item\n|clearpoke\n|poke|p1|Flutter Mane, L50|\n|poke|p1|Groudon, L50|\n|poke|p1|Chi-Yu, L50|\n|poke|p1|Whimsicott, L50, M|\n|poke|p1|Toxapex, L50, F|\n|poke|p1|Zapdos-Galar, L50|\n|poke|p2|Calyrex-Ice, L50|\n|poke|p2|Urshifu-*, L50, F|\n|poke|p2|Landorus, L50, M|\n|poke|p2|Ogerpon-Cornerstone, L50, F|\n|poke|p2|Amoonguss, L50, M|\n|poke|p2|Pelipper, L50, M|\n|teampreview|4\n|inactive|Battle timer is ON: inactive players will automatically lose when time's up. (requested by test-on-calls)\n|j| Nabandwhat\n|\n|t:|1739301872\n|start\n|switch|p1a: Whimsicott|Whimsicott, L50, M|100\/100\n|switch|p1b: Groudon|Groudon, L50, shiny|100\/100\n|switch|p2a: Urshifu|Urshifu-Rapid-Strike, L50, F|100\/100\n|switch|p2b: Calyrex|Calyrex-Ice, L50|100\/100\n|-ability|p2b: Calyrex|As One\n|-ability|p2b: Calyrex|Unnerve\n|-weather|SunnyDay|[from] ability: Drought|[of] p1b: Groudon\n|turn|1\n|inactive|test-on-calls has 30 seconds left.\n|inactive|astral_ttm has 30 seconds left.\n|inactive|astral_ttm has 20 seconds left.\n|\n|t:|1739301911\n|-terastallize|p1b: Groudon|Water\n|move|p1a: Whimsicott|Moonblast|p2a: Urshifu\n|-supereffective|p2a: Urshifu\n|-enditem|p2a: Urshifu|Focus Sash\n|-damage|p2a: Urshifu|1\/100\n|move|p2a: Urshifu|Taunt|p1a: Whimsicott\n|-start|p1a: Whimsicott|move: Taunt\n|move|p1b: Groudon|Precipice Blades|p2b: Calyrex|[spread] p2b\n|-miss|p1b: Groudon|p2a: Urshifu\n|-damage|p2b: Calyrex|65\/100\n|move|p2b: Calyrex|Trick Room|p2b: Calyrex\n|-fieldstart|move: Trick Room|[of] p2b: Calyrex\n|\n|-weather|SunnyDay|[upkeep]\n|upkeep\n|turn|2\n|inactive|astral_ttm has 30 seconds left.\n|\n|t:|1739301938\n|switch|p1a: Toxapex|Toxapex, L50, F|100\/100\n|-terastallize|p2b: Calyrex|Grass\n|move|p2b: Calyrex|Glacial Lance|p1a: Toxapex|[spread] p1a,p1b\n|-resisted|p1a: Toxapex\n|-resisted|p1b: Groudon\n|-damage|p1a: Toxapex|81\/100\n|-damage|p1b: Groudon|83\/100\n|move|p1b: Groudon|Precipice Blades|p2a: Urshifu|[spread] p2b\n|-miss|p1b: Groudon|p2a: Urshifu\n|-resisted|p2b: Calyrex\n|-damage|p2b: Calyrex|49\/100\n|move|p2a: Urshifu|Close Combat|p1b: Groudon\n|-damage|p1b: Groudon|35\/100\n|-unboost|p2a: Urshifu|def|1\n|-unboost|p2a: Urshifu|spd|1\n|\n|-weather|SunnyDay|[upkeep]\n|-heal|p1a: Toxapex|87\/100|[from] item: Leftovers\n|upkeep\n|turn|3\n|\n|t:|1739301958\n|switch|p1b: Whimsicott|Whimsicott, L50, M|100\/100\n|move|p2b: Calyrex|Protect|p2b: Calyrex\n|-singleturn|p2b: Calyrex|Protect\n|move|p1a: Toxapex|Infestation|p2b: Calyrex\n|-activate|p2b: Calyrex|move: Protect\n|move|p2a: Urshifu|Taunt|p1a: Toxapex\n|-start|p1a: Toxapex|move: Taunt\n|\n|-weather|SunnyDay|[upkeep]\n|-heal|p1a: Toxapex|93\/100|[from] item: Leftovers\n|upkeep\n|turn|4\n|\n|t:|1739301972\n|switch|p2b: Amoonguss|Amoonguss, L50, M, shiny|100\/100\n|move|p1b: Whimsicott|Encore||[still]\n|-fail|p1b: Whimsicott\n|move|p1a: Toxapex|Infestation|p2b: Amoonguss\n|-damage|p2b: Amoonguss|98\/100\n|-activate|p2b: Amoonguss|move: Infestation|[of] p1a: Toxapex\n|-damage|p1a: Toxapex|76\/100|[from] item: Rocky Helmet|[of] p2b: Amoonguss\n|move|p2a: Urshifu|Taunt|p1b: Whimsicott\n|-start|p1b: Whimsicott|move: Taunt\n|\n|-weather|SunnyDay|[upkeep]\n|-heal|p1a: Toxapex|82\/100|[from] item: Leftovers\n|-damage|p2b: Amoonguss|86\/100|[from] move: Infestation|[partiallytrapped]\n|upkeep\n|turn|5\n|inactive|test-on-calls has 30 seconds left.\n|inactive|astral_ttm has 30 seconds left.\n|inactive|test-on-calls has 20 seconds left.\n|inactive|test-on-calls has 15 seconds left.\n|\n|t:|1739302012\n|move|p2a: Urshifu|Detect|p2a: Urshifu\n|-singleturn|p2a: Urshifu|Protect\n|move|p2b: Amoonguss|Clear Smog|p1b: Whimsicott\n|-supereffective|p1b: Whimsicott\n|-enditem|p1b: Whimsicott|Focus Sash\n|-damage|p1b: Whimsicott|1\/100\n|-clearboost|p1b: Whimsicott\n|move|p1a: Toxapex|Infestation|p2b: Amoonguss\n|-damage|p2b: Amoonguss|83\/100\n|-damage|p1a: Toxapex|65\/100|[from] item: Rocky Helmet|[of] p2b: Amoonguss\n|move|p1b: Whimsicott|Moonblast|p2b: Amoonguss\n|-resisted|p2b: Amoonguss\n|-damage|p2b: Amoonguss|68\/100\n|\n|-weather|none\n|-heal|p1a: Toxapex|71\/100|[from] item: Leftovers\n|-damage|p2b: Amoonguss|56\/100|[from] move: Infestation|[partiallytrapped]\n|-fieldend|move: Trick Room\n|upkeep\n|turn|6\n|inactive|astral_ttm has 30 seconds left.\n|\n|t:|1739302040\n|switch|p1b: Groudon|Groudon, L50, shiny, tera:Water|35\/100\n|-weather|SunnyDay|[from] ability: Drought|[of] p1b: Groudon\n|switch|p2a: Calyrex|Calyrex-Ice, L50, tera:Grass|49\/100\n|-ability|p2a: Calyrex|As One\n|-ability|p2a: Calyrex|Unnerve\n|move|p1a: Toxapex|Infestation|p2a: Calyrex\n|-supereffective|p2a: Calyrex\n|-damage|p2a: Calyrex|45\/100\n|-activate|p2a: Calyrex|move: Infestation|[of] p1a: Toxapex\n|move|p2b: Amoonguss|Spore|p1a: Toxapex\n|-status|p1a: Toxapex|slp|[from] move: Spore\n|\n|-weather|SunnyDay|[upkeep]\n|-heal|p1a: Toxapex|77\/100 slp|[from] item: Leftovers\n|-damage|p2a: Calyrex|33\/100|[from] move: Infestation|[partiallytrapped]\n|-damage|p2b: Amoonguss|43\/100|[from] move: Infestation|[partiallytrapped]\n|-end|p1a: Toxapex|move: Taunt\n|upkeep\n|turn|7\n|j| TioBogas\n|inactive|astral_ttm has 30 seconds left.\n|\n|t:|1739302065\n|cant|p1a: Toxapex|slp\n|move|p1b: Groudon|Heat Crash|p2a: Calyrex\n|-supereffective|p2a: Calyrex\n|-damage|p2a: Calyrex|1\/100\n|move|p2b: Amoonguss|Spore|p1b: Groudon\n|-status|p1b: Groudon|slp|[from] move: Spore\n|move|p2a: Calyrex|Trick Room|p2a: Calyrex\n|-fieldstart|move: Trick Room|[of] p2a: Calyrex\n|\n|-weather|SunnyDay|[upkeep]\n|-heal|p1a: Toxapex|83\/100 slp|[from] item: Leftovers\n|-damage|p2b: Amoonguss|31\/100|[from] move: Infestation|[partiallytrapped]\n|-damage|p2a: Calyrex|0 fnt|[from] move: Infestation|[partiallytrapped]\n|faint|p2a: Calyrex\n|upkeep\n|\n|t:|1739302074\n|switch|p2a: Pelipper|Pelipper, L50, M|100\/100\n|-weather|RainDance|[from] ability: Drizzle|[of] p2a: Pelipper\n|turn|8\n|\n|t:|1739302097\n|cant|p1a: Toxapex|slp\n|move|p2b: Amoonguss|Clear Smog|p1a: Toxapex\n|-resisted|p1a: Toxapex\n|-damage|p1a: Toxapex|77\/100 slp\n|-clearboost|p1a: Toxapex\n|move|p2a: Pelipper|Hurricane|p1b: Groudon\n|-damage|p1b: Groudon|3\/100 slp\n|cant|p1b: Groudon|slp\n|\n|-weather|RainDance|[upkeep]\n|-heal|p1a: Toxapex|83\/100 slp|[from] item: Leftovers\n|-end|p2b: Amoonguss|Infestation|[partiallytrapped]\n|upkeep\n|turn|9\n|\n|t:|1739302113\n|switch|p1b: Whimsicott|Whimsicott, L50, M|1\/100\n|move|p2b: Amoonguss|Pollen Puff|p1b: Whimsicott\n|-damage|p1b: Whimsicott|0 fnt\n|faint|p1b: Whimsicott\n|cant|p1a: Toxapex|slp\n|move|p2a: Pelipper|Hurricane|p1a: Toxapex\n|-damage|p1a: Toxapex|50\/100 slp\n|\n|-weather|RainDance|[upkeep]\n|-heal|p1a: Toxapex|55\/100 slp|[from] item: Leftovers\n|upkeep\n|l| TioBogas\n|\n|t:|1739302119\n|switch|p1b: Groudon|Groudon, L50, shiny, tera:Water|3\/100 slp\n|-weather|SunnyDay|[from] ability: Drought|[of] p1b: Groudon\n|turn|10\n|j| kiabu233\n|inactive|astral_ttm has 30 seconds left.\n|\n|t:|1739302145\n|move|p2b: Amoonguss|Pollen Puff|p1b: Groudon\n|-damage|p1b: Groudon|0 fnt\n|faint|p1b: Groudon\n|-curestatus|p1a: Toxapex|slp|[msg]\n|move|p1a: Toxapex|Infestation|p2a: Pelipper\n|-resisted|p2a: Pelipper\n|-damage|p2a: Pelipper|99\/100\n|-activate|p2a: Pelipper|move: Infestation|[of] p1a: Toxapex\n|move|p2a: Pelipper|Hurricane|p1a: Toxapex|[miss]\n|-miss|p2a: Pelipper|p1a: Toxapex\n|\n|-weather|SunnyDay|[upkeep]\n|-heal|p1a: Toxapex|61\/100|[from] item: Leftovers\n|-damage|p2a: Pelipper|87\/100|[from] move: Infestation|[partiallytrapped]\n|upkeep\n|\n|t:|1739302153\n|switch|p1b: Flutter Mane|Flutter Mane, L50, shiny|100\/100\n|-activate|p1b: Flutter Mane|ability: Protosynthesis\n|-start|p1b: Flutter Mane|protosynthesisspe\n|turn|11\n|\n|t:|1739302168\n|move|p2b: Amoonguss|Spore|p1b: Flutter Mane\n|-status|p1b: Flutter Mane|slp|[from] move: Spore\n|move|p1a: Toxapex|Infestation|p2b: Amoonguss\n|-damage|p2b: Amoonguss|29\/100\n|-activate|p2b: Amoonguss|move: Infestation|[of] p1a: Toxapex\n|-damage|p1a: Toxapex|44\/100|[from] item: Rocky Helmet|[of] p2b: Amoonguss\n|move|p2a: Pelipper|Hurricane|p1a: Toxapex\n|-damage|p1a: Toxapex|10\/100\n|-start|p1a: Toxapex|confusion\n|cant|p1b: Flutter Mane|slp\n|\n|-weather|SunnyDay|[upkeep]\n|-heal|p1a: Toxapex|16\/100|[from] item: Leftovers\n|-damage|p2b: Amoonguss|16\/100|[from] move: Infestation|[partiallytrapped]\n|-damage|p2a: Pelipper|75\/100|[from] move: Infestation|[partiallytrapped]\n|-fieldend|move: Trick Room\n|upkeep\n|turn|12\n|\n|t:|1739302188\n|-activate|p1a: Toxapex|confusion\n|-damage|p1a: Toxapex|12\/100|[from] confusion\n|cant|p1b: Flutter Mane|slp\n|move|p2a: Pelipper|Hurricane|p1b: Flutter Mane\n|-damage|p1b: Flutter Mane|56\/100 slp\n|move|p2b: Amoonguss|Pollen Puff|p1a: Toxapex\n|-resisted|p1a: Toxapex\n|-crit|p1a: Toxapex\n|-damage|p1a: Toxapex|2\/100\n|\n|-weather|SunnyDay|[upkeep]\n|-heal|p1a: Toxapex|8\/100|[from] item: Leftovers\n|-damage|p2a: Pelipper|63\/100|[from] move: Infestation|[partiallytrapped]\n|-damage|p2b: Amoonguss|4\/100|[from] move: Infestation|[partiallytrapped]\n|upkeep\n|turn|13\n|\n|t:|1739302206\n|-end|p1a: Toxapex|confusion\n|move|p1a: Toxapex|Baneful Bunker|p1a: Toxapex\n|-singleturn|p1a: Toxapex|move: Protect\n|move|p2b: Amoonguss|Rage Powder|p2b: Amoonguss\n|-singleturn|p2b: Amoonguss|move: Rage Powder\n|cant|p1b: Flutter Mane|slp\n|move|p2a: Pelipper|Weather Ball|p1b: Flutter Mane\n|-damage|p1b: Flutter Mane|13\/100 slp\n|\n|-weather|SunnyDay|[upkeep]\n|-heal|p1a: Toxapex|13\/100|[from] item: Leftovers\n|-damage|p2a: Pelipper|51\/100|[from] move: Infestation|[partiallytrapped]\n|-damage|p2b: Amoonguss|0 fnt|[from] move: Infestation|[partiallytrapped]\n|faint|p2b: Amoonguss\n|upkeep\n|\n|t:|1739302217\n|switch|p2b: Urshifu|Urshifu-Rapid-Strike, L50, F|1\/100\n|turn|14\n|c|\u2606test-on-calls|Super cool max sleeps\n|\n|t:|1739302237\n|-curestatus|p1b: Flutter Mane|slp|[msg]\n|move|p1b: Flutter Mane|Moonblast|p2a: Pelipper\n|-damage|p2a: Pelipper|0 fnt\n|faint|p2a: Pelipper\n|move|p2b: Urshifu|Close Combat|p1a: Toxapex\n|-resisted|p1a: Toxapex\n|-damage|p1a: Toxapex|0 fnt\n|-unboost|p2b: Urshifu|def|1\n|-unboost|p2b: Urshifu|spd|1\n|faint|p1a: Toxapex\n|\n|-weather|none\n|-end|p1b: Flutter Mane|Protosynthesis\n|upkeep\n|turn|15\n|\n|t:|1739302253\n|move|p1b: Flutter Mane|Moonblast|p2b: Urshifu\n|-supereffective|p2b: Urshifu\n|-damage|p2b: Urshifu|0 fnt\n|faint|p2b: Urshifu\n|\n|win|test-on-calls\n|raw|test-on-calls's rating: 1734 &rarr; <strong>1746<\/strong><br \/>(+12 for winning)\n|raw|astral_ttm's rating: 1582 &rarr; <strong>1570<\/strong><br \/>(-12 for losing)\n|l|\u2606astral_ttm\n|player|p2|\n|l|\u2606test-on-calls\n|player|p1|\n|l| Nabandwhat\n|l| kiabu233\n","uploadtime":1739302515,"views":15,"formatid":"gen9vgc2025regg","rating":1570,"private":0,"password":null}