{"id":"gen9vgc2025regg-2298995289","format":"[Gen 9] VGC 2025 Reg G","players":["Kwiper","Newteamnewname"],"log":"|j|\u2606Kwiper\n|j|\u2606Newteamnewname\n|t:|1739316426\n|gametype|doubles\n|player|p1|Kwiper|sycamore|1619\n|player|p2|Newteamnewname|biker-gen4|1613\n|teamsize|p1|6\n|teamsize|p2|6\n|gen|9\n|tier|[Gen 9] VGC 2025 Reg G\n|rated|\n|rule|Species Clause: Limit one of each Pok\u00e9mon\n|rule|Item Clause: Limit 1 of each item\n|clearpoke\n|poke|p1|Koraidon, L50|\n|poke|p1|Flutter Mane, L50|\n|poke|p1|Raging Bolt, L50|\n|poke|p1|Tornadus, L50, M|\n|poke|p1|Chi-Yu, L50|\n|poke|p1|Bastiodon, L50, M|\n|poke|p2|Terapagos, L50, M|\n|poke|p2|Urshifu-*, L50, F|\n|poke|p2|Rillaboom, L50, F|\n|poke|p2|Incineroar, L50, M|\n|poke|p2|Ogerpon-Hearthflame, L50, F|\n|poke|p2|Flutter Mane, L50|\n|teampreview|4\n|inactive|Battle timer is ON: inactive players will automatically lose when time's up. (requested by Newteamnewname)\n|inactive|Kwiper also wants the timer to be on.\n|\n|t:|1739316446\n|start\n|switch|p1a: Tornadus|Tornadus, L50, M|100\/100\n|switch|p1b: Flutter Mane|Flutter Mane, L50|100\/100\n|switch|p2a: Flutter Mane|Flutter Mane, L50|100\/100\n|switch|p2b: Terapagos|Terapagos, L50, M|100\/100\n|-activate|p2b: Terapagos|ability: Tera Shift\n|detailschange|p2b: Terapagos|Terapagos-Terastal, L50, M\n|-heal|p2b: Terapagos|100\/100|[silent]\n|-enditem|p2a: Flutter Mane|Booster Energy\n|-activate|p2a: Flutter Mane|ability: Protosynthesis|[fromitem]\n|-start|p2a: Flutter Mane|protosynthesisspe\n|turn|1\n|\n|t:|1739316464\n|move|p2b: Terapagos|Protect|p2b: Terapagos\n|-singleturn|p2b: Terapagos|Protect\n|move|p1a: Tornadus|Tailwind|p1a: Tornadus\n|-sidestart|p1: Kwiper|move: Tailwind\n|move|p1b: Flutter Mane|Taunt|p2b: Terapagos\n|-activate|p2b: Terapagos|move: Protect\n|move|p2a: Flutter Mane|Taunt|p1a: Tornadus\n|-start|p1a: Tornadus|move: Taunt\n|\n|upkeep\n|turn|2\n|j| tetsuokaga\n|\n|t:|1739316485\n|move|p1b: Flutter Mane|Taunt|p2b: Terapagos\n|-start|p2b: Terapagos|move: Taunt\n|move|p1a: Tornadus|Bleakwind Storm|p2a: Flutter Mane|[spread] p2a,p2b\n|-activate|p2b: Terapagos|ability: Tera Shell\n|-resisted|p2b: Terapagos\n|-damage|p2a: Flutter Mane|65\/100\n|-damage|p2b: Terapagos|85\/100\n|-unboost|p2b: Terapagos|spe|1\n|move|p2a: Flutter Mane|Thunder Wave|p1b: Flutter Mane\n|-status|p1b: Flutter Mane|par\n|cant|p2b: Terapagos|move: Taunt|Calm Mind\n|\n|-heal|p2b: Terapagos|91\/100|[from] item: Leftovers\n|upkeep\n|turn|3\n|\n|t:|1739316508\n|move|p1a: Tornadus|Bleakwind Storm|p2b: Terapagos|[spread] p2a\n|-miss|p1a: Tornadus|p2b: Terapagos\n|-damage|p2a: Flutter Mane|35\/100\n|move|p2a: Flutter Mane|Moonblast|p1a: Tornadus\n|-damage|p1a: Tornadus|40\/100\n|move|p1b: Flutter Mane|Moonblast|p2b: Terapagos\n|-damage|p2b: Terapagos|44\/100\n|-unboost|p2b: Terapagos|spa|1\n|move|p2b: Terapagos|Tera Starstorm|p1a: Tornadus\n|-damage|p1a: Tornadus|0 fnt\n|faint|p1a: Tornadus\n|\n|-heal|p2b: Terapagos|50\/100|[from] item: Leftovers\n|upkeep\n|\n|t:|1739316515\n|switch|p1a: Chi-Yu|Chi-Yu, L50|100\/100\n|-ability|p1a: Chi-Yu|Beads of Ruin\n|turn|4\n|\n|t:|1739316528\n|switch|p2b: Ogerpon|Ogerpon-Hearthflame, L50, F|100\/100\n|-ability|p2b: Ogerpon|Mold Breaker\n|move|p1a: Chi-Yu|Heat Wave|p2a: Flutter Mane|[spread] p2a,p2b\n|-damage|p2a: Flutter Mane|0 fnt\n|-damage|p2b: Ogerpon|21\/100\n|faint|p2a: Flutter Mane\n|-end|p2a: Flutter Mane|Protosynthesis|[silent]\n|move|p1b: Flutter Mane|Thunder Wave|p2b: Ogerpon\n|-status|p2b: Ogerpon|par\n|\n|-sideend|p1: Kwiper|move: Tailwind\n|upkeep\n|\n|t:|1739316537\n|switch|p2a: Terapagos|Terapagos-Terastal, L50, M|50\/100\n|turn|5\n|\n|t:|1739316552\n|-terastallize|p2a: Terapagos|Stellar\n|detailschange|p2a: Terapagos|Terapagos-Stellar, L50, M, tera:Stellar\n|-heal|p2a: Terapagos|63\/100|[silent]\n|move|p2b: Ogerpon|Spiky Shield|p2b: Ogerpon\n|-singleturn|p2b: Ogerpon|move: Protect\n|move|p1a: Chi-Yu|Heat Wave|p2a: Terapagos|[spread] p2a\n|-activate|p2b: Ogerpon|move: Protect\n|-damage|p2a: Terapagos|16\/100\n|move|p2a: Terapagos|Earth Power|p1a: Chi-Yu\n|-supereffective|p1a: Chi-Yu\n|-damage|p1a: Chi-Yu|24\/100\n|move|p1b: Flutter Mane|Icy Wind|p2a: Terapagos|[spread] p2a\n|-activate|p2b: Ogerpon|move: Protect\n|-damage|p2a: Terapagos|5\/100\n|-unboost|p2a: Terapagos|spe|1\n|\n|-heal|p2a: Terapagos|11\/100|[from] item: Leftovers\n|upkeep\n|turn|6\n|inactive|Newteamnewname has 30 seconds left.\n|\n|t:|1739316580\n|switch|p2a: Urshifu|Urshifu-Rapid-Strike, L50, F|100\/100\n|move|p2b: Ogerpon|Follow Me|p2b: Ogerpon\n|-singleturn|p2b: Ogerpon|move: Follow Me\n|move|p1a: Chi-Yu|Heat Wave|p2a: Urshifu|[spread] p2a\n|-miss|p1a: Chi-Yu|p2b: Ogerpon\n|-resisted|p2a: Urshifu\n|-damage|p2a: Urshifu|41\/100\n|move|p1b: Flutter Mane|Moonblast|p2b: Ogerpon\n|-resisted|p2b: Ogerpon\n|-damage|p2b: Ogerpon|0 fnt\n|faint|p2b: Ogerpon\n|\n|upkeep\n|\n|t:|1739316585\n|switch|p2b: Terapagos|Terapagos-Stellar, L50, M, tera:Stellar|11\/100\n|turn|7\n|\n|t:|1739316602\n|move|p2a: Urshifu|Surging Strikes|p1a: Chi-Yu\n|-supereffective|p1a: Chi-Yu\n|-crit|p1a: Chi-Yu\n|-damage|p1a: Chi-Yu|0 fnt\n|faint|p1a: Chi-Yu\n|-hitcount|p1: Chi-Yu|1\n|move|p2b: Terapagos|Tera Starstorm|p1b: Flutter Mane\n|-damage|p1b: Flutter Mane|55\/100 par\n|move|p1b: Flutter Mane|Moonblast|p2b: Terapagos\n|-damage|p2b: Terapagos|0 fnt\n|faint|p2b: Terapagos\n|\n|upkeep\n|\n|t:|1739316605\n|switch|p1a: Koraidon|Koraidon, L50|100\/100\n|-weather|SunnyDay|[from] ability: Orichalcum Pulse|[of] p1a: Koraidon\n|-activate|p1b: Flutter Mane|ability: Protosynthesis\n|-start|p1b: Flutter Mane|protosynthesisspe\n|-activate|p1a: Koraidon|Orichalcum Pulse|[source]\n|turn|8\n|\n|t:|1739316611\n|move|p2a: Urshifu|Surging Strikes|p1a: Koraidon\n|-resisted|p1a: Koraidon\n|-crit|p1a: Koraidon\n|-damage|p1a: Koraidon|96\/100\n|-resisted|p1a: Koraidon\n|-crit|p1a: Koraidon\n|-damage|p1a: Koraidon|91\/100\n|-resisted|p1a: Koraidon\n|-crit|p1a: Koraidon\n|-damage|p1a: Koraidon|87\/100\n|-hitcount|p1a: Koraidon|3\n|move|p1a: Koraidon|Collision Course|p2a: Urshifu\n|-damage|p2a: Urshifu|0 fnt\n|faint|p2a: Urshifu\n|\n|win|Kwiper\n|raw|Kwiper's rating: 1619 &rarr; <strong>1639<\/strong><br \/>(+20 for winning)\n|raw|Newteamnewname's rating: 1613 &rarr; <strong>1593<\/strong><br \/>(-20 for losing)\n|l|\u2606Newteamnewname\n|player|p2|\n|l| tetsuokaga\n|l|\u2606Kwiper\n|player|p1|\n","uploadtime":1739316848,"views":9,"formatid":"gen9vgc2025regg","rating":1593,"private":0,"password":null}