{"id":"gen9vgc2025regg-2298406421","format":"[Gen 9] VGC 2025 Reg G","players":["stbai","InfinityGroudon"],"log":"|j|\u2606stbai\n|j|\u2606InfinityGroudon\n|t:|1739241874\n|gametype|doubles\n|player|p1|stbai|janitor|1628\n|player|p2|InfinityGroudon|101|1626\n|teamsize|p1|6\n|teamsize|p2|6\n|gen|9\n|tier|[Gen 9] VGC 2025 Reg G\n|rated|\n|rule|Species Clause: Limit one of each Pok\u00e9mon\n|rule|Item Clause: Limit 1 of each item\n|clearpoke\n|poke|p1|Tatsugiri, L50, M|\n|poke|p1|Terapagos, L50, M|\n|poke|p1|Latios, L50, M|\n|poke|p1|Entei, L50|\n|poke|p1|Dondozo, L50, F|\n|poke|p1|Gardevoir, L50, M|\n|poke|p2|Calyrex-Shadow, L50|\n|poke|p2|Incineroar, L50, M|\n|poke|p2|Weezing-Galar, L50, M|\n|poke|p2|Indeedee-F, L50, F|\n|poke|p2|Iron Valiant, L50|\n|poke|p2|Ursaluna-Bloodmoon, L50, M|\n|teampreview|4\n|inactive|Battle timer is ON: inactive players will automatically lose when time's up. (requested by stbai)\n|\n|t:|1739241888\n|start\n|switch|p1a: Entei|Entei, L50|100\/100\n|switch|p1b: Dondozo|Dondozo, L50, F|100\/100\n|switch|p2a: Mr. Gassy|Weezing-Galar, L50, M|100\/100\n|switch|p2b: Charming|Iron Valiant, L50, shiny|100\/100\n|-ability|p2a: Mr. Gassy|Neutralizing Gas\n|turn|1\n|\n|t:|1739241899\n|move|p1b: Dondozo|Protect|p1b: Dondozo\n|-singleturn|p1b: Dondozo|Protect\n|move|p2b: Charming|Close Combat|p1a: Entei\n|-damage|p1a: Entei|40\/100\n|-unboost|p2b: Charming|def|1\n|-unboost|p2b: Charming|spd|1\n|move|p1a: Entei|Bulldoze|p2b: Charming|[spread] p2a,p2b\n|-activate|p1b: Dondozo|move: Protect\n|-supereffective|p2a: Mr. Gassy\n|-damage|p2a: Mr. Gassy|75\/100\n|-damage|p2b: Charming|70\/100\n|-unboost|p2a: Mr. Gassy|spe|1\n|-unboost|p2b: Charming|spe|1\n|move|p2a: Mr. Gassy|Will-O-Wisp|p1b: Dondozo\n|-activate|p1b: Dondozo|move: Protect\n|\n|upkeep\n|turn|2\n|\n|t:|1739241916\n|move|p2a: Mr. Gassy|Protect|p2a: Mr. Gassy\n|-singleturn|p2a: Mr. Gassy|Protect\n|move|p1a: Entei|Sacred Fire|p2b: Charming\n|-damage|p2b: Charming|0 fnt\n|faint|p2b: Charming\n|-end|p2b: Charming|Quark Drive|[silent]\n|move|p1b: Dondozo|Substitute|p1b: Dondozo\n|-start|p1b: Dondozo|Substitute\n|-damage|p1b: Dondozo|75\/100\n|\n|-heal|p1b: Dondozo|82\/100|[from] item: Leftovers\n|upkeep\n|\n|t:|1739241922\n|switch|p2b: Duncan|Calyrex-Shadow, L50|100\/100\n|-ability|p2b: Duncan|As One\n|-ability|p2b: Duncan|Unnerve\n|turn|3\n|\n|t:|1739241934\n|move|p1b: Dondozo|Protect|p1b: Dondozo\n|-singleturn|p1b: Dondozo|Protect\n|move|p2b: Duncan|Astral Barrage|p1a: Entei|[spread] p1a\n|-activate|p1b: Dondozo|move: Protect\n|-damage|p1a: Entei|0 fnt\n|faint|p1a: Entei\n|-ability|p2b: Duncan|Grim Neigh|boost\n|-boost|p2b: Duncan|spa|1\n|-damage|p2b: Duncan|91\/100|[from] item: Life Orb\n|move|p2a: Mr. Gassy|Will-O-Wisp|p1b: Dondozo\n|-activate|p1b: Dondozo|move: Protect\n|\n|-heal|p1b: Dondozo|88\/100|[from] item: Leftovers\n|upkeep\n|\n|t:|1739241943\n|switch|p1a: Terapagos|Terapagos, L50, M|100\/100\n|-activate|p1a: Terapagos|ability: Tera Shift\n|detailschange|p1a: Terapagos|Terapagos-Terastal, L50, M\n|-heal|p1a: Terapagos|100\/100|[silent]\n|turn|4\n|\n|t:|1739241961\n|switch|p1a: Tatsugiri|Tatsugiri, L50, M|100\/100\n|-activate|p1a: Tatsugiri|ability: Commander|[of] p1b: Dondozo\n|-boost|p1b: Dondozo|atk|2\n|-boost|p1b: Dondozo|spa|2\n|-boost|p1b: Dondozo|spe|2\n|-boost|p1b: Dondozo|def|2\n|-boost|p1b: Dondozo|spd|2\n|move|p2b: Duncan|Astral Barrage|p1a: Tatsugiri|[spread] p1b\n|-miss|p2b: Duncan|p1a: Tatsugiri\n|-end|p1b: Dondozo|Substitute\n|-damage|p2b: Duncan|81\/100|[from] item: Life Orb\n|move|p1b: Dondozo|Earthquake|p2a: Mr. Gassy|[spread] p2a,p2b\n|-miss|p1b: Dondozo|p1a: Tatsugiri\n|-supereffective|p2a: Mr. Gassy\n|-crit|p2a: Mr. Gassy\n|-damage|p2a: Mr. Gassy|0 fnt\n|-damage|p2b: Duncan|28\/100\n|faint|p2a: Mr. Gassy\n|-end|p2a: Mr. Gassy|ability: Neutralizing Gas\n|\n|-heal|p1b: Dondozo|94\/100|[from] item: Leftovers\n|upkeep\n|\n|t:|1739241965\n|switch|p2a: Suthen|Indeedee-F, L50, F|100\/100\n|-fieldstart|move: Psychic Terrain|[from] ability: Psychic Surge|[of] p2a: Suthen\n|turn|5\n|\n|t:|1739241984\n|move|p2a: Suthen|Helping Hand|p2b: Duncan\n|-singleturn|p2b: Duncan|Helping Hand|[of] p2a: Suthen\n|move|p2b: Duncan|Expanding Force|p1a: Tatsugiri|[spread] p1b\n|-miss|p2b: Duncan|p1a: Tatsugiri\n|-damage|p1b: Dondozo|26\/100\n|-damage|p2b: Duncan|18\/100|[from] item: Life Orb\n|move|p1b: Dondozo|Earthquake|p2b: Duncan|[spread] p2a,p2b\n|-miss|p1b: Dondozo|p1a: Tatsugiri\n|-damage|p2a: Suthen|52\/100\n|-damage|p2b: Duncan|0 fnt\n|faint|p2b: Duncan\n|\n|-heal|p1b: Dondozo|32\/100|[from] item: Leftovers\n|upkeep\n|turn|6\n|\n|t:|1739241989\n|move|p1b: Dondozo|Order Up|p2a: Suthen\n|-damage|p2a: Suthen|6\/100\n|-boost|p1b: Dondozo|atk|1\n|move|p2a: Suthen|Dazzling Gleam|p1b: Dondozo|[spread] p1b\n|-miss|p2a: Suthen|p1a: Tatsugiri\n|-damage|p1b: Dondozo|26\/100\n|\n|-heal|p1b: Dondozo|32\/100|[from] item: Leftovers\n|upkeep\n|turn|7\n|-message|InfinityGroudon forfeited.\n|\n|win|stbai\n|raw|stbai's rating: 1628 &rarr; <strong>1648<\/strong><br \/>(+20 for winning)\n|raw|InfinityGroudon's rating: 1626 &rarr; <strong>1606<\/strong><br \/>(-20 for losing)\n|l|\u2606InfinityGroudon\n|player|p2|\n|l|\u2606stbai\n|player|p1|\n","uploadtime":1739242192,"views":12,"formatid":"gen9vgc2025regg","rating":1606,"private":0,"password":null}