{"id":"gen9vgc2025regg-2298652700","format":"[Gen 9] VGC 2025 Reg G","players":["speedduels","KDR-Alt-711"],"log":"|j|\u2606speedduels\n|j|\u2606KDR-Alt-711\n|t:|1739281775\n|gametype|doubles\n|player|p1|speedduels|102|1584\n|player|p2|KDR-Alt-711|169|1626\n|teamsize|p1|6\n|teamsize|p2|6\n|gen|9\n|tier|[Gen 9] VGC 2025 Reg G\n|rated|\n|rule|Species Clause: Limit one of each Pok\u00e9mon\n|rule|Item Clause: Limit 1 of each item\n|clearpoke\n|poke|p1|Incineroar, L50, F|\n|poke|p1|Amoonguss, L50, M|\n|poke|p1|Urshifu-*, L50, M|\n|poke|p1|Calyrex-Shadow, L50|\n|poke|p1|Raging Bolt, L50|\n|poke|p1|Rillaboom, L50, M|\n|poke|p2|Whimsicott, L50, M|\n|poke|p2|Entei, L50|\n|poke|p2|Flutter Mane, L50|\n|poke|p2|Groudon, L50|\n|poke|p2|Raging Bolt, L50|\n|poke|p2|Chi-Yu, L50|\n|teampreview|4\n|inactive|Battle timer is ON: inactive players will automatically lose when time's up. (requested by KDR-Alt-711)\n|\n|t:|1739281818\n|start\n|switch|p1a: Calyrex|Calyrex-Shadow, L50|100\/100\n|switch|p1b: Raging Bolt|Raging Bolt, L50|100\/100\n|switch|p2a: Raging Bolt|Raging Bolt, L50|100\/100\n|switch|p2b: Chi-Yu|Chi-Yu, L50|100\/100\n|-ability|p1a: Calyrex|As One\n|-ability|p1a: Calyrex|Unnerve\n|-ability|p2b: Chi-Yu|Beads of Ruin\n|turn|1\n|\n|t:|1739281830\n|switch|p1a: Incineroar|Incineroar, L50, F|100\/100\n|-ability|p1a: Incineroar|Intimidate|boost\n|-unboost|p2a: Raging Bolt|atk|1\n|-unboost|p2b: Chi-Yu|atk|1\n|move|p1b: Raging Bolt|Protect|p1b: Raging Bolt\n|-singleturn|p1b: Raging Bolt|Protect\n|move|p2b: Chi-Yu|Snarl|p1a: Incineroar|[spread] p1a\n|-activate|p1b: Raging Bolt|move: Protect\n|-resisted|p1a: Incineroar\n|-damage|p1a: Incineroar|89\/100\n|-unboost|p1a: Incineroar|spa|1\n|move|p2a: Raging Bolt|Draco Meteor|p1b: Raging Bolt\n|-activate|p1b: Raging Bolt|move: Protect\n|\n|upkeep\n|turn|2\n|\n|t:|1739281846\n|switch|p2b: Groudon|Groudon, L50, shiny|100\/100\n|-weather|SunnyDay|[from] ability: Drought|[of] p2b: Groudon\n|-activate|p2a: Raging Bolt|ability: Protosynthesis\n|-start|p2a: Raging Bolt|protosynthesisspa\n|-activate|p1b: Raging Bolt|ability: Protosynthesis\n|-start|p1b: Raging Bolt|protosynthesisspa\n|move|p1a: Incineroar|Fake Out|p2a: Raging Bolt\n|-damage|p2a: Raging Bolt|91\/100\n|cant|p2a: Raging Bolt|flinch\n|move|p1b: Raging Bolt|Calm Mind|p1b: Raging Bolt\n|-boost|p1b: Raging Bolt|spa|1\n|-boost|p1b: Raging Bolt|spd|1\n|\n|-weather|SunnyDay|[upkeep]\n|upkeep\n|turn|3\n|\n|t:|1739281869\n|-terastallize|p1b: Raging Bolt|Fairy\n|move|p2b: Groudon|Precipice Blades|p1b: Raging Bolt|[spread] p1a,p1b\n|-supereffective|p1a: Incineroar\n|-damage|p1a: Incineroar|8\/100\n|-damage|p1b: Raging Bolt|64\/100\n|move|p2a: Raging Bolt|Electroweb|p1a: Incineroar|[spread] p1a,p1b\n|-damage|p1a: Incineroar|0 fnt\n|-damage|p1b: Raging Bolt|50\/100\n|-unboost|p1b: Raging Bolt|spe|1\n|faint|p1a: Incineroar\n|move|p1b: Raging Bolt|Dragon Pulse|p2b: Groudon\n|-damage|p2b: Groudon|28\/100\n|\n|-weather|SunnyDay|[upkeep]\n|-heal|p1b: Raging Bolt|56\/100|[from] item: Leftovers\n|upkeep\n|\n|t:|1739281879\n|switch|p1a: Calyrex|Calyrex-Shadow, L50|100\/100\n|-ability|p1a: Calyrex|As One\n|-ability|p1a: Calyrex|Unnerve\n|turn|4\n|\n|t:|1739281893\n|-terastallize|p2a: Raging Bolt|Electric\n|move|p2b: Groudon|Protect|p2b: Groudon\n|-singleturn|p2b: Groudon|Protect\n|move|p1a: Calyrex|Astral Barrage|p2a: Raging Bolt|[spread] p2a\n|-activate|p2b: Groudon|move: Protect\n|-damage|p2a: Raging Bolt|58\/100\n|move|p2a: Raging Bolt|Electroweb|p1a: Calyrex|[spread] p1a,p1b\n|-damage|p1a: Calyrex|62\/100\n|-damage|p1b: Raging Bolt|34\/100\n|-unboost|p1a: Calyrex|spe|1\n|-unboost|p1b: Raging Bolt|spe|1\n|move|p1b: Raging Bolt|Calm Mind|p1b: Raging Bolt\n|-boost|p1b: Raging Bolt|spa|1\n|-boost|p1b: Raging Bolt|spd|1\n|\n|-weather|SunnyDay|[upkeep]\n|-heal|p1b: Raging Bolt|40\/100|[from] item: Leftovers\n|upkeep\n|turn|5\n|j| lyqvgc\n|inactive|speedduels has 30 seconds left.\n|inactive|KDR-Alt-711 has 30 seconds left.\n|\n|t:|1739281924\n|switch|p1a: Urshifu|Urshifu-Rapid-Strike, L50, M|100\/100\n|move|p1b: Raging Bolt|Protect|p1b: Raging Bolt\n|-singleturn|p1b: Raging Bolt|Protect\n|move|p2a: Raging Bolt|Thunderclap||[still]\n|-fail|p2a: Raging Bolt\n|move|p2b: Groudon|Precipice Blades|p1b: Raging Bolt|[spread] p1a\n|-activate|p1b: Raging Bolt|move: Protect\n|-damage|p1a: Urshifu|58\/100\n|\n|-weather|SunnyDay|[upkeep]\n|-heal|p1b: Raging Bolt|46\/100|[from] item: Leftovers\n|upkeep\n|turn|6\n|\n|t:|1739281945\n|move|p1a: Urshifu|Surging Strikes|p2b: Groudon\n|-supereffective|p2b: Groudon\n|-crit|p2b: Groudon\n|-damage|p2b: Groudon|15\/100\n|-supereffective|p2b: Groudon\n|-crit|p2b: Groudon\n|-damage|p2b: Groudon|2\/100\n|-supereffective|p2b: Groudon\n|-crit|p2b: Groudon\n|-damage|p2b: Groudon|0 fnt\n|faint|p2b: Groudon\n|-hitcount|p2: Groudon|3\n|move|p2a: Raging Bolt|Electroweb|p1b: Raging Bolt|[spread] p1a,p1b\n|-supereffective|p1a: Urshifu\n|-damage|p1a: Urshifu|0 fnt\n|-damage|p1b: Raging Bolt|28\/100\n|-unboost|p1b: Raging Bolt|spe|1\n|faint|p1a: Urshifu\n|move|p1b: Raging Bolt|Dragon Pulse|p2a: Raging Bolt\n|-damage|p2a: Raging Bolt|0 fnt\n|faint|p2a: Raging Bolt\n|-end|p2a: Raging Bolt|Protosynthesis|[silent]\n|\n|-weather|none\n|-end|p1b: Raging Bolt|Protosynthesis\n|-heal|p1b: Raging Bolt|34\/100|[from] item: Leftovers\n|upkeep\n|\n|t:|1739281956\n|switch|p1a: Calyrex|Calyrex-Shadow, L50|62\/100\n|switch|p2b: Chi-Yu|Chi-Yu, L50|100\/100\n|switch|p2a: Flutter Mane|Flutter Mane, L50, shiny|100\/100\n|-ability|p1a: Calyrex|As One\n|-ability|p1a: Calyrex|Unnerve\n|-ability|p2b: Chi-Yu|Beads of Ruin\n|turn|7\n|\n|t:|1739281969\n|move|p1a: Calyrex|Protect|p1a: Calyrex\n|-singleturn|p1a: Calyrex|Protect\n|move|p1b: Raging Bolt|Thunderclap|p2a: Flutter Mane\n|-damage|p2a: Flutter Mane|0 fnt\n|faint|p2a: Flutter Mane\n|-end|p2a: Flutter Mane|Protosynthesis|[silent]\n|move|p2b: Chi-Yu|Dark Pulse|p1a: Calyrex\n|-activate|p1a: Calyrex|move: Protect\n|\n|-heal|p1b: Raging Bolt|40\/100|[from] item: Leftovers\n|upkeep\n|turn|8\n|-message|KDR-Alt-711 forfeited.\n|\n|win|speedduels\n|raw|speedduels's rating: 1584 &rarr; <strong>1606<\/strong><br \/>(+22 for winning)\n|raw|KDR-Alt-711's rating: 1626 &rarr; <strong>1604<\/strong><br \/>(-22 for losing)\n|l|\u2606KDR-Alt-711\n|player|p2|\n|l|\u2606speedduels\n|player|p1|\n|l| lyqvgc\n","uploadtime":1739282214,"views":5,"formatid":"gen9vgc2025regg","rating":1604,"private":0,"password":null}