{"id":"gen9vgc2025regg-2298748343","format":"[Gen 9] VGC 2025 Reg G","players":["bieiup","KT02"],"log":"|j|\u2606bieiup\n|j|\u203dKT02\n|t:|1739291591\n|gametype|doubles\n|player|p1|bieiup|lillie-z|1635\n|player|p2|KT02|1|1755\n|teamsize|p1|6\n|teamsize|p2|6\n|gen|9\n|tier|[Gen 9] VGC 2025 Reg G\n|rated|\n|rule|Species Clause: Limit one of each Pok\u00e9mon\n|rule|Item Clause: Limit 1 of each item\n|clearpoke\n|poke|p1|Raging Bolt, L50|\n|poke|p1|Miraidon, L50|\n|poke|p1|Chi-Yu, L50|\n|poke|p1|Torkoal, L50, F|\n|poke|p1|Farigiraf, L50, F|\n|poke|p1|Ursaluna, L50, M|\n|poke|p2|Urshifu-*, L50, F|\n|poke|p2|Whimsicott, L50, M|\n|poke|p2|Miraidon, L50|\n|poke|p2|Ogerpon-Hearthflame, L50, F|\n|poke|p2|Iron Hands, L50|\n|poke|p2|Farigiraf, L50, M|\n|teampreview|4\n|j| RiotJuice\n|inactive|Battle timer is ON: inactive players will automatically lose when time's up. (requested by bieiup)\n|inactive|KT02 has 60 seconds left.\n|\n|t:|1739291633\n|start\n|switch|p1a: Miraidon|Miraidon, L50|100\/100\n|switch|p1b: Farigiraf|Farigiraf, L50, F|100\/100\n|switch|p2a: Whimsicott|Whimsicott, L50, M|100\/100\n|switch|p2b: Miraidon|Miraidon, L50|100\/100\n|-fieldstart|move: Electric Terrain|[from] ability: Hadron Engine|[of] p1a: Miraidon\n|-enditem|p1b: Farigiraf|Electric Seed\n|-boost|p1b: Farigiraf|def|1|[from] item: Electric Seed\n|-activate|p2b: Miraidon|ability: Hadron Engine\n|turn|1\n|\n|t:|1739291649\n|move|p1b: Farigiraf|Helping Hand|p1a: Miraidon\n|-singleturn|p1a: Miraidon|Helping Hand|[of] p1b: Farigiraf\n|move|p2a: Whimsicott|Light Screen|p2a: Whimsicott\n|-sidestart|p2: KT02|move: Light Screen\n|move|p1a: Miraidon|Electro Drift|p2b: Miraidon\n|-resisted|p2b: Miraidon\n|-damage|p2b: Miraidon|69\/100\n|move|p2b: Miraidon|Electro Drift|p1b: Farigiraf\n|-damage|p1b: Farigiraf|0 fnt\n|faint|p1b: Farigiraf\n|\n|upkeep\n|\n|t:|1739291653\n|switch|p1b: Ursaluna|Ursaluna, L50, M|100\/100\n|turn|2\n|inactive|KT02 has 30 seconds left.\n|inactive|KT02 has 20 seconds left.\n|inactive|KT02 has 15 seconds left.\n|inactive|KT02 has 10 seconds left.\n|\n|t:|1739291703\n|switch|p2b: Iron Hands|Iron Hands, L50|100\/100\n|-activate|p2b: Iron Hands|ability: Quark Drive\n|-start|p2b: Iron Hands|quarkdriveatk\n|move|p1a: Miraidon|Electro Drift|p2b: Iron Hands\n|-resisted|p2b: Iron Hands\n|-damage|p2b: Iron Hands|74\/100\n|move|p2a: Whimsicott|Moonblast|p1a: Miraidon\n|-supereffective|p1a: Miraidon\n|-damage|p1a: Miraidon|49\/100\n|move|p1b: Ursaluna|Headlong Rush|p2b: Iron Hands\n|-supereffective|p2b: Iron Hands\n|-damage|p2b: Iron Hands|0 fnt\n|-unboost|p1b: Ursaluna|def|1\n|-unboost|p1b: Ursaluna|spd|1\n|faint|p2b: Iron Hands\n|-end|p2b: Iron Hands|Quark Drive|[silent]\n|\n|-status|p1b: Ursaluna|brn|[from] item: Flame Orb\n|upkeep\n|inactive|KT02 has 30 seconds left.\n|inactive|KT02 has 20 seconds left.\n|\n|t:|1739291741\n|switch|p2b: Miraidon|Miraidon, L50|69\/100\n|-activate|p2b: Miraidon|ability: Hadron Engine\n|turn|3\n|\n|t:|1739291754\n|switch|p1b: Torkoal|Torkoal, L50, F|100\/100\n|-weather|SunnyDay|[from] ability: Drought|[of] p1b: Torkoal\n|-item|p1b: Torkoal|Air Balloon\n|-terastallize|p1a: Miraidon|Fairy\n|-terastallize|p2b: Miraidon|Fairy\n|move|p2a: Whimsicott|Tailwind|p2a: Whimsicott\n|-sidestart|p2: KT02|move: Tailwind\n|move|p2b: Miraidon|Dazzling Gleam|p1b: Torkoal|[spread] p1a,p1b\n|-resisted|p1b: Torkoal\n|-damage|p1a: Miraidon|0 fnt\n|-damage|p1b: Torkoal|52\/100\n|-enditem|p1b: Torkoal|Air Balloon\n|faint|p1a: Miraidon\n|\n|-weather|SunnyDay|[upkeep]\n|upkeep\n|\n|t:|1739291756\n|switch|p1a: Ursaluna|Ursaluna, L50, M|100\/100 brn\n|turn|4\n|l| RiotJuice\n|j| RiotJuice\n|\n|t:|1739291774\n|move|p2b: Miraidon|Dazzling Gleam|p1b: Torkoal|[spread] p1a,p1b\n|-resisted|p1b: Torkoal\n|-damage|p1a: Ursaluna|35\/100 brn\n|-damage|p1b: Torkoal|3\/100\n|move|p2a: Whimsicott|Moonblast|p1b: Torkoal\n|-resisted|p1b: Torkoal\n|-crit|p1b: Torkoal\n|-damage|p1b: Torkoal|0 fnt\n|faint|p1b: Torkoal\n|move|p1a: Ursaluna|Facade|p2b: Miraidon\n|-damage|p2b: Miraidon|0 fnt\n|faint|p2b: Miraidon\n|\n|-weather|SunnyDay|[upkeep]\n|-damage|p1a: Ursaluna|29\/100 brn|[from] brn\n|upkeep\n|\n|t:|1739291780\n|switch|p2b: Ogerpon|Ogerpon-Hearthflame, L50, F|100\/100\n|-ability|p2b: Ogerpon|Mold Breaker\n|turn|5\n|-message|bieiup forfeited.\n|\n|win|KT02\n|raw|bieiup's rating: 1635 &rarr; <strong>1622<\/strong><br \/>(-13 for losing)\n|raw|KT02's rating: 1755 &rarr; <strong>1768<\/strong><br \/>(+13 for winning)\n|l|\u2606bieiup\n|player|p1|\n|l|\u203dKT02\n|player|p2|\n|l| RiotJuice\n","uploadtime":1739291974,"views":12,"formatid":"gen9vgc2025regg","rating":1622,"private":0,"password":null}