{"id":"gen9vgc2025regg-2298959439","format":"[Gen 9] VGC 2025 Reg G","players":["OnADiffWorkComp","JucciSushi"],"log":"|j|\u2606OnADiffWorkComp\n|j|\u2606JucciSushi\n|t:|1739312338\n|gametype|doubles\n|player|p1|OnADiffWorkComp|169|1553\n|player|p2|JucciSushi|wallace|1557\n|teamsize|p1|6\n|teamsize|p2|6\n|gen|9\n|tier|[Gen 9] VGC 2025 Reg G\n|rated|\n|rule|Species Clause: Limit one of each Pok\u00e9mon\n|rule|Item Clause: Limit 1 of each item\n|clearpoke\n|poke|p1|Smeargle, L50, F|\n|poke|p1|Calyrex-Shadow, L50|\n|poke|p1|Clefairy, L50, M|\n|poke|p1|Tornadus, L50, M|\n|poke|p1|Urshifu-*, L50, F|\n|poke|p1|Rillaboom, L50, M|\n|poke|p2|Miraidon, L50|\n|poke|p2|Incineroar, L50, F|\n|poke|p2|Archaludon, L50, M|\n|poke|p2|Grimmsnarl, L50, M|\n|poke|p2|Pelipper, L50, M|\n|poke|p2|Landorus, L50, M|\n|teampreview|4\n|\n|t:|1739312379\n|start\n|switch|p1a: Smeargle|Smeargle, L50, F|100\/100\n|switch|p1b: Calyrex|Calyrex-Shadow, L50|100\/100\n|switch|p2a: Mister J|Grimmsnarl, L50, M|100\/100\n|switch|p2b: Kendrick|Incineroar, L50, F|100\/100\n|-ability|p1b: Calyrex|As One\n|-ability|p1b: Calyrex|Unnerve\n|-ability|p2b: Kendrick|Intimidate|boost\n|-unboost|p1a: Smeargle|atk|1\n|-unboost|p1b: Calyrex|atk|1\n|turn|1\n|j| Meiser63\n|\n|t:|1739312407\n|switch|p2a: Metal Overlord|Miraidon, L50|100\/100\n|-fieldstart|move: Electric Terrain|[from] ability: Hadron Engine|[of] p2a: Metal Overlord\n|-enditem|p2a: Metal Overlord|Electric Seed\n|-boost|p2a: Metal Overlord|def|1|[from] item: Electric Seed\n|-terastallize|p1a: Smeargle|Ghost\n|move|p1a: Smeargle|Follow Me|p1a: Smeargle\n|-singleturn|p1a: Smeargle|move: Follow Me\n|move|p1b: Calyrex|Nasty Plot|p1b: Calyrex\n|-boost|p1b: Calyrex|spa|2\n|move|p2b: Kendrick|Knock Off|p1a: Smeargle\n|-supereffective|p1a: Smeargle\n|-enditem|p1a: Smeargle|Focus Sash\n|-damage|p1a: Smeargle|1\/100\n|\n|-ability|p1a: Smeargle|Moody|boost\n|-boost|p1a: Smeargle|spa|2\n|-unboost|p1a: Smeargle|def|1\n|upkeep\n|turn|2\n|\n|t:|1739312433\n|move|p2a: Metal Overlord|Protect|p2a: Metal Overlord\n|-singleturn|p2a: Metal Overlord|Protect\n|move|p1a: Smeargle|Follow Me|p1a: Smeargle\n|-singleturn|p1a: Smeargle|move: Follow Me\n|move|p1b: Calyrex|Astral Barrage|p2a: Metal Overlord|[spread] p2b\n|-activate|p2a: Metal Overlord|move: Protect\n|-resisted|p2b: Kendrick\n|-crit|p2b: Kendrick\n|-damage|p2b: Kendrick|14\/100\n|-damage|p1b: Calyrex|91\/100|[from] item: Life Orb\n|move|p2b: Kendrick|Parting Shot|p1a: Smeargle\n|-unboost|p1a: Smeargle|atk|1\n|-unboost|p1a: Smeargle|spa|1\n|inactive|Battle timer is ON: inactive players will automatically lose when time's up. (requested by OnADiffWorkComp)\n|\n|t:|1739312447\n|switch|p2b: Mister J|Grimmsnarl, L50, M|100\/100|[from] Parting Shot\n|\n|-ability|p1a: Smeargle|Moody|boost\n|-boost|p1a: Smeargle|atk|2\n|-unboost|p1a: Smeargle|spa|1\n|upkeep\n|turn|3\n|l| Meiser63\n|\n|t:|1739312459\n|move|p1a: Smeargle|Follow Me|p1a: Smeargle\n|-singleturn|p1a: Smeargle|move: Follow Me\n|move|p2b: Mister J|Light Screen|p2b: Mister J\n|-sidestart|p2: JucciSushi|move: Light Screen\n|move|p1b: Calyrex|Astral Barrage|p2a: Metal Overlord|[spread] p2a,p2b\n|-resisted|p2b: Mister J\n|-damage|p2a: Metal Overlord|31\/100\n|-damage|p2b: Mister J|61\/100\n|-damage|p1b: Calyrex|81\/100|[from] item: Life Orb\n|move|p2a: Metal Overlord|Parabolic Charge|p1b: Calyrex|[spread] p2b,p1a,p1b\n|-damage|p2b: Mister J|40\/100\n|-heal|p2a: Metal Overlord|41\/100|[from] drain|[of] p2b: Mister J\n|-damage|p1a: Smeargle|0 fnt\n|-heal|p2a: Metal Overlord|41\/100|[from] drain|[of] p1a: Smeargle\n|-damage|p1b: Calyrex|43\/100\n|-heal|p2a: Metal Overlord|58\/100|[from] drain|[of] p1b: Calyrex\n|faint|p1a: Smeargle\n|\n|upkeep\n|\n|t:|1739312481\n|switch|p1a: Clefairy|Clefairy, L50, M|100\/100\n|turn|4\n|inactive|JucciSushi has 30 seconds left.\n|inactive|JucciSushi has 20 seconds left.\n|\n|t:|1739312518\n|move|p2a: Metal Overlord|Protect|p2a: Metal Overlord\n|-singleturn|p2a: Metal Overlord|Protect\n|move|p1a: Clefairy|Follow Me|p1a: Clefairy\n|-singleturn|p1a: Clefairy|move: Follow Me\n|move|p2b: Mister J|Thunder Wave|p1a: Clefairy\n|-status|p1a: Clefairy|par\n|move|p1b: Calyrex|Astral Barrage|p2b: Mister J|[spread] p2b\n|-activate|p2a: Metal Overlord|move: Protect\n|-resisted|p2b: Mister J\n|-damage|p2b: Mister J|3\/100\n|-damage|p1b: Calyrex|34\/100|[from] item: Life Orb\n|\n|upkeep\n|turn|5\n|\n|t:|1739312532\n|move|p1a: Clefairy|Follow Me|p1a: Clefairy\n|-singleturn|p1a: Clefairy|move: Follow Me\n|move|p2b: Mister J|Parting Shot|p1a: Clefairy\n|-unboost|p1a: Clefairy|atk|1\n|-unboost|p1a: Clefairy|spa|1\n|\n|t:|1739312536\n|switch|p2b: Kendrick|Incineroar, L50, F|14\/100|[from] Parting Shot\n|-ability|p2b: Kendrick|Intimidate|boost\n|-unboost|p1a: Clefairy|atk|1\n|-unboost|p1b: Calyrex|atk|1\n|move|p1b: Calyrex|Astral Barrage|p2a: Metal Overlord|[spread] p2a,p2b\n|-resisted|p2b: Kendrick\n|-damage|p2a: Metal Overlord|0 fnt\n|-damage|p2b: Kendrick|0 fnt\n|faint|p2a: Metal Overlord\n|faint|p2b: Kendrick\n|-ability|p1b: Calyrex|Grim Neigh|boost\n|-boost|p1b: Calyrex|spa|2\n|-damage|p1b: Calyrex|24\/100|[from] item: Life Orb\n|\n|-fieldend|move: Electric Terrain\n|upkeep\n|\n|t:|1739312545\n|switch|p2a: Archaludon|Archaludon, L50, M|100\/100\n|switch|p2b: Mister J|Grimmsnarl, L50, M|3\/100\n|turn|6\n|\n|t:|1739312556\n|cant|p1a: Clefairy|par\n|move|p2b: Mister J|Thunder Wave|p1b: Calyrex\n|-status|p1b: Calyrex|par\n|cant|p1b: Calyrex|par\n|move|p2a: Archaludon|Snarl|p1b: Calyrex|[spread] p1a,p1b\n|-resisted|p1a: Clefairy\n|-supereffective|p1b: Calyrex\n|-damage|p1a: Clefairy|95\/100 par\n|-damage|p1b: Calyrex|0 fnt\n|-unboost|p1a: Clefairy|spa|1\n|faint|p1b: Calyrex\n|\n|upkeep\n|\n|t:|1739312567\n|switch|p1b: Rillaboom|Rillaboom, L50, M|100\/100\n|-fieldstart|move: Grassy Terrain|[from] ability: Grassy Surge|[of] p1b: Rillaboom\n|turn|7\n|\n|t:|1739312577\n|move|p1a: Clefairy|Follow Me|p1a: Clefairy\n|-singleturn|p1a: Clefairy|move: Follow Me\n|move|p1b: Rillaboom|Grassy Glide|p2b: Mister J\n|-damage|p2b: Mister J|0 fnt\n|faint|p2b: Mister J\n|move|p2a: Archaludon|Flash Cannon|p1a: Clefairy\n|-supereffective|p1a: Clefairy\n|-damage|p1a: Clefairy|27\/100 par\n|\n|-heal|p1a: Clefairy|33\/100 par|[from] Grassy Terrain\n|-sideend|p2: JucciSushi|move: Light Screen\n|upkeep\n|turn|8\n|\n|t:|1739312589\n|move|p1a: Clefairy|Helping Hand|p1b: Rillaboom\n|-singleturn|p1b: Rillaboom|Helping Hand|[of] p1a: Clefairy\n|move|p1b: Rillaboom|Wood Hammer|p2a: Archaludon\n|-resisted|p2a: Archaludon\n|-damage|p2a: Archaludon|80\/100\n|-ability|p2a: Archaludon|Stamina|boost\n|-boost|p2a: Archaludon|def|1\n|-damage|p1b: Rillaboom|95\/100|[from] Recoil\n|move|p2a: Archaludon|Flash Cannon|p1a: Clefairy\n|-supereffective|p1a: Clefairy\n|-damage|p1a: Clefairy|0 fnt\n|faint|p1a: Clefairy\n|\n|-heal|p1b: Rillaboom|100\/100|[from] Grassy Terrain\n|-heal|p2a: Archaludon|85\/100|[from] Grassy Terrain\n|upkeep\n|turn|9\n|-message|OnADiffWorkComp forfeited.\n|\n|win|JucciSushi\n|raw|OnADiffWorkComp's rating: 1553 &rarr; <strong>1533<\/strong><br \/>(-20 for losing)\n|raw|JucciSushi's rating: 1557 &rarr; <strong>1577<\/strong><br \/>(+20 for winning)\n|l|\u2606OnADiffWorkComp\n|player|p1|\n|l|\u2606JucciSushi\n|player|p2|\n","uploadtime":1739312768,"views":5,"formatid":"gen9vgc2025regg","rating":1533,"private":0,"password":null}