{"id":"gen9vgc2025regg-2298408096","format":"[Gen 9] VGC 2025 Reg G","players":["something123","stbai"],"log":"|j|\u2606something123\n|j|\u2606stbai\n|t:|1739242091\n|gametype|doubles\n|player|p1|something123|266|1670\n|player|p2|stbai|janitor|1632\n|teamsize|p1|6\n|teamsize|p2|6\n|gen|9\n|tier|[Gen 9] VGC 2025 Reg G\n|rated|\n|rule|Species Clause: Limit one of each Pok\u00e9mon\n|rule|Item Clause: Limit 1 of each item\n|clearpoke\n|poke|p1|Farigiraf, L50, F|\n|poke|p1|Landorus, L50, M|\n|poke|p1|Calyrex-Ice, L50|\n|poke|p1|Ogerpon-Cornerstone, L50, F|\n|poke|p1|Urshifu-*, L50, M|\n|poke|p1|Regieleki, L50|\n|poke|p2|Tatsugiri, L50, F|\n|poke|p2|Terapagos, L50, M|\n|poke|p2|Latios, L50, M|\n|poke|p2|Entei, L50|\n|poke|p2|Dondozo, L50, F|\n|poke|p2|Gardevoir, L50, M|\n|teampreview|4\n|inactive|Battle timer is ON: inactive players will automatically lose when time's up. (requested by stbai)\n|j| mewkyuvgc\n|inactive|something123 has 60 seconds left.\n|\n|t:|1739242126\n|start\n|switch|p1a: Regieleki|Regieleki, L50|100\/100\n|switch|p1b: Landorus|Landorus, L50, M|100\/100\n|switch|p2a: Entei|Entei, L50|100\/100\n|switch|p2b: Dondozo|Dondozo, L50, F|100\/100\n|turn|1\n|\n|t:|1739242136\n|switch|p2a: Tatsugiri|Tatsugiri, L50, F|100\/100\n|-activate|p2a: Tatsugiri|ability: Commander|[of] p2b: Dondozo\n|-boost|p2b: Dondozo|atk|2\n|-boost|p2b: Dondozo|spa|2\n|-boost|p2b: Dondozo|spe|2\n|-boost|p2b: Dondozo|def|2\n|-boost|p2b: Dondozo|spd|2\n|move|p1a: Regieleki|Protect|p1a: Regieleki\n|-singleturn|p1a: Regieleki|Protect\n|move|p1b: Landorus|Protect|p1b: Landorus\n|-singleturn|p1b: Landorus|Protect\n|move|p2b: Dondozo|Earthquake|p1a: Regieleki|[spread] \n|-miss|p2b: Dondozo|p2a: Tatsugiri\n|-activate|p1a: Regieleki|move: Protect\n|-activate|p1b: Landorus|move: Protect\n|\n|upkeep\n|turn|2\n|\n|t:|1739242154\n|-terastallize|p2b: Dondozo|Dragon\n|-terastallize|p1b: Landorus|Water\n|move|p1a: Regieleki|Thunderbolt|p2b: Dondozo\n|-resisted|p2b: Dondozo\n|-damage|p2b: Dondozo|87\/100\n|move|p2b: Dondozo|Order Up|p1b: Landorus\n|-damage|p1b: Landorus|31\/100\n|-boost|p2b: Dondozo|atk|1\n|move|p1b: Landorus|Earth Power|p2b: Dondozo\n|-damage|p2b: Dondozo|57\/100\n|\n|-heal|p2b: Dondozo|63\/100|[from] item: Leftovers\n|upkeep\n|turn|3\n|\n|t:|1739242169\n|move|p1a: Regieleki|Electroweb|p2b: Dondozo|[spread] p2b\n|-miss|p1a: Regieleki|p2a: Tatsugiri\n|-resisted|p2b: Dondozo\n|-damage|p2b: Dondozo|57\/100\n|-unboost|p2b: Dondozo|spe|1\n|move|p1b: Landorus|Earth Power|p2b: Dondozo\n|-damage|p2b: Dondozo|27\/100\n|move|p2b: Dondozo|Earthquake|p1a: Regieleki|[spread] p1a,p1b\n|-miss|p2b: Dondozo|p2a: Tatsugiri\n|-supereffective|p1a: Regieleki\n|-enditem|p1a: Regieleki|Focus Sash\n|-damage|p1a: Regieleki|1\/100\n|-damage|p1b: Landorus|0 fnt\n|faint|p1b: Landorus\n|\n|-heal|p2b: Dondozo|33\/100|[from] item: Leftovers\n|upkeep\n|j| yukina vgc\n|\n|t:|1739242181\n|switch|p1b: Calyrex|Calyrex-Ice, L50|100\/100\n|-ability|p1b: Calyrex|As One\n|-ability|p1b: Calyrex|Unnerve\n|turn|4\n|\n|t:|1739242201\n|move|p1a: Regieleki|Electroweb|p2b: Dondozo|[spread] p2b\n|-miss|p1a: Regieleki|p2a: Tatsugiri\n|-resisted|p2b: Dondozo\n|-damage|p2b: Dondozo|28\/100\n|-unboost|p2b: Dondozo|spe|1\n|move|p1b: Calyrex|Glacial Lance|p2b: Dondozo|[spread] p2b\n|-miss|p1b: Calyrex|p2a: Tatsugiri\n|-supereffective|p2b: Dondozo\n|-damage|p2b: Dondozo|0 fnt\n|faint|p2b: Dondozo\n|-ability|p1b: Calyrex|Chilling Neigh|boost\n|-boost|p1b: Calyrex|atk|1\n|\n|upkeep\n|\n|t:|1739242204\n|switch|p2b: Entei|Entei, L50|100\/100\n|turn|5\n|\n|t:|1739242228\n|move|p1b: Calyrex|Protect|p1b: Calyrex\n|-singleturn|p1b: Calyrex|Protect\n|move|p2b: Entei|Extreme Speed|p1a: Regieleki\n|-damage|p1a: Regieleki|0 fnt\n|faint|p1a: Regieleki\n|move|p2a: Tatsugiri|Muddy Water|p1b: Calyrex\n|-activate|p1b: Calyrex|move: Protect\n|\n|upkeep\n|\n|t:|1739242233\n|switch|p1a: Ogerpon|Ogerpon-Cornerstone, L50, F|100\/100\n|turn|6\n|\n|t:|1739242239\n|move|p1a: Ogerpon|Ivy Cudgel|p2b: Entei|[anim] Ivy Cudgel Rock\n|-supereffective|p2b: Entei\n|-damage|p2b: Entei|0 fnt\n|faint|p2b: Entei\n|move|p2a: Tatsugiri|Icy Wind|p1b: Calyrex|[spread] p1a,p1b\n|-supereffective|p1a: Ogerpon\n|-resisted|p1b: Calyrex\n|-crit|p1b: Calyrex\n|-damage|p1a: Ogerpon|64\/100\n|-damage|p1b: Calyrex|92\/100\n|-unboost|p1a: Ogerpon|spe|1\n|-unboost|p1b: Calyrex|spe|1\n|move|p1b: Calyrex|Glacial Lance|p2a: Tatsugiri\n|-damage|p2a: Tatsugiri|0 fnt\n|faint|p2a: Tatsugiri\n|-ability|p1b: Calyrex|Chilling Neigh|boost\n|-boost|p1b: Calyrex|atk|1\n|\n|upkeep\n|j| nocluewhat2do\n|-message|stbai forfeited.\n|\n|win|something123\n|raw|something123's rating: 1670 &rarr; <strong>1688<\/strong><br \/>(+18 for winning)\n|raw|stbai's rating: 1632 &rarr; <strong>1614<\/strong><br \/>(-18 for losing)\n|l|\u2606stbai\n|player|p2|\n|l|\u2606something123\n|player|p1|\n|l| mewkyuvgc\n","uploadtime":1739242466,"views":19,"formatid":"gen9vgc2025regg","rating":1614,"private":0,"password":null}