{"id":"gen9vgc2025regg-2298833985","format":"[Gen 9] VGC 2025 Reg G","players":["BLiiNDProdiigy","SamP_64"],"log":"|j|\u2606BLiiNDProdiigy\n|j|\u2606SamP_64\n|t:|1739299644\n|gametype|doubles\n|player|p1|BLiiNDProdiigy|rocketgrunt|1665\n|player|p2|SamP_64|cyrus|1708\n|teamsize|p1|6\n|teamsize|p2|6\n|gen|9\n|tier|[Gen 9] VGC 2025 Reg G\n|rated|\n|rule|Species Clause: Limit one of each Pok\u00e9mon\n|rule|Item Clause: Limit 1 of each item\n|clearpoke\n|poke|p1|Terapagos, L50, M|\n|poke|p1|Incineroar, L50, F|\n|poke|p1|Rillaboom, L50, F|\n|poke|p1|Urshifu-*, L50, F|\n|poke|p1|Flutter Mane, L50|\n|poke|p1|Ogerpon-Hearthflame, L50, F|\n|poke|p2|Incineroar, L50, M|\n|poke|p2|Rillaboom, L50, M|\n|poke|p2|Flutter Mane, L50|\n|poke|p2|Urshifu-*, L50, M|\n|poke|p2|Terapagos, L50, M|\n|poke|p2|Amoonguss, L50, M|\n|teampreview|4\n|inactive|Battle timer is ON: inactive players will automatically lose when time's up. (requested by SamP_64)\n|\n|t:|1739299664\n|start\n|switch|p1a: Terapagos|Terapagos, L50, M|100\/100\n|switch|p1b: Incineroar|Incineroar, L50, F|100\/100\n|switch|p2a: Incineroar|Incineroar, L50, M|100\/100\n|switch|p2b: Terapagos|Terapagos, L50, M|100\/100\n|-activate|p1a: Terapagos|ability: Tera Shift\n|detailschange|p1a: Terapagos|Terapagos-Terastal, L50, M\n|-heal|p1a: Terapagos|100\/100|[silent]\n|-activate|p2b: Terapagos|ability: Tera Shift\n|detailschange|p2b: Terapagos|Terapagos-Terastal, L50, M\n|-heal|p2b: Terapagos|100\/100|[silent]\n|-ability|p1b: Incineroar|Intimidate|boost\n|-unboost|p2a: Incineroar|atk|1\n|-unboost|p2b: Terapagos|atk|1\n|-ability|p2a: Incineroar|Intimidate|boost\n|-unboost|p1a: Terapagos|atk|1\n|-unboost|p1b: Incineroar|atk|1\n|turn|1\n|\n|t:|1739299679\n|move|p1b: Incineroar|Fake Out|p2b: Terapagos\n|-activate|p2b: Terapagos|ability: Tera Shell\n|-resisted|p2b: Terapagos\n|-damage|p2b: Terapagos|98\/100\n|move|p2a: Incineroar|Fake Out|p1a: Terapagos\n|-activate|p1a: Terapagos|ability: Tera Shell\n|-resisted|p1a: Terapagos\n|-damage|p1a: Terapagos|98\/100\n|cant|p1a: Terapagos|flinch\n|cant|p2b: Terapagos|flinch\n|\n|-heal|p1a: Terapagos|100\/100|[from] item: Leftovers\n|-heal|p2b: Terapagos|100\/100|[from] item: Leftovers\n|upkeep\n|turn|2\n|\n|t:|1739299692\n|move|p1a: Terapagos|Calm Mind|p1a: Terapagos\n|-boost|p1a: Terapagos|spa|1\n|-boost|p1a: Terapagos|spd|1\n|move|p2b: Terapagos|Substitute|p2b: Terapagos\n|-start|p2b: Terapagos|Substitute\n|-damage|p2b: Terapagos|76\/100\n|move|p1b: Incineroar|Knock Off|p2b: Terapagos\n|-activate|p2b: Terapagos|move: Substitute|[damage]\n|move|p2a: Incineroar|Knock Off|p1a: Terapagos\n|-activate|p1a: Terapagos|ability: Tera Shell\n|-resisted|p1a: Terapagos\n|-damage|p1a: Terapagos|91\/100\n|-enditem|p1a: Terapagos|Leftovers|[from] move: Knock Off|[of] p2a: Incineroar\n|\n|-heal|p2b: Terapagos|82\/100|[from] item: Leftovers\n|upkeep\n|turn|3\n|\n|t:|1739299717\n|-terastallize|p1a: Terapagos|Stellar\n|detailschange|p1a: Terapagos|Terapagos-Stellar, L50, M, tera:Stellar\n|-heal|p1a: Terapagos|93\/100|[silent]\n|move|p2b: Terapagos|Protect|p2b: Terapagos\n|-singleturn|p2b: Terapagos|Protect\n|move|p1a: Terapagos|Tera Starstorm|p2b: Terapagos|[spread] p2a\n|-activate|p2b: Terapagos|move: Protect\n|-damage|p2a: Incineroar|59\/100\n|move|p1b: Incineroar|Parting Shot|p2b: Terapagos\n|-activate|p2b: Terapagos|move: Protect\n|move|p2a: Incineroar|Parting Shot|p1a: Terapagos\n|-unboost|p1a: Terapagos|atk|1\n|-unboost|p1a: Terapagos|spa|1\n|\n|t:|1739299733\n|switch|p2a: Urshifu|Urshifu-Rapid-Strike, L50, M|100\/100|[from] Parting Shot\n|\n|-heal|p2b: Terapagos|87\/100|[from] item: Leftovers\n|upkeep\n|turn|4\n|\n|t:|1739299748\n|-terastallize|p2a: Urshifu|Stellar\n|move|p2a: Urshifu|Close Combat|p1a: Terapagos\n|-supereffective|p1a: Terapagos\n|-damage|p1a: Terapagos|0 fnt\n|-unboost|p2a: Urshifu|def|1\n|-unboost|p2a: Urshifu|spd|1\n|faint|p1a: Terapagos\n|move|p2b: Terapagos|Calm Mind|p2b: Terapagos\n|-boost|p2b: Terapagos|spa|1\n|-boost|p2b: Terapagos|spd|1\n|move|p1b: Incineroar|Parting Shot|p2b: Terapagos\n|-unboost|p2b: Terapagos|atk|1\n|-unboost|p2b: Terapagos|spa|1\n|\n|t:|1739299755\n|switch|p1b: Flutter Mane|Flutter Mane, L50|100\/100|[from] Parting Shot\n|-enditem|p1b: Flutter Mane|Booster Energy\n|-activate|p1b: Flutter Mane|ability: Protosynthesis|[fromitem]\n|-start|p1b: Flutter Mane|protosynthesisspe\n|\n|-heal|p2b: Terapagos|93\/100|[from] item: Leftovers\n|upkeep\n|\n|t:|1739299757\n|switch|p1a: Incineroar|Incineroar, L50, F|100\/100\n|-ability|p1a: Incineroar|Intimidate|boost\n|-unboost|p2a: Urshifu|atk|1\n|-immune|p2b: Terapagos\n|turn|5\n|j| Nabandwhat\n|l| Nabandwhat\n|j| GexkaXXV\n|\n|t:|1739299779\n|switch|p2a: Incineroar|Incineroar, L50, M|59\/100\n|-ability|p2a: Incineroar|Intimidate|boost\n|-unboost|p1a: Incineroar|atk|1\n|-unboost|p1b: Flutter Mane|atk|1\n|move|p1b: Flutter Mane|Moonblast|p2a: Incineroar\n|-damage|p2a: Incineroar|27\/100\n|move|p2b: Terapagos|Calm Mind|p2b: Terapagos\n|-boost|p2b: Terapagos|spa|1\n|-boost|p2b: Terapagos|spd|1\n|move|p1a: Incineroar|Parting Shot|p2b: Terapagos\n|-unboost|p2b: Terapagos|atk|1\n|-unboost|p2b: Terapagos|spa|1\n|\n|t:|1739299782\n|switch|p1a: Ogerpon|Ogerpon-Hearthflame, L50, F|100\/100|[from] Parting Shot\n|-ability|p1a: Ogerpon|Mold Breaker\n|\n|-heal|p2b: Terapagos|99\/100|[from] item: Leftovers\n|upkeep\n|turn|6\n|\n|t:|1739299804\n|move|p1b: Flutter Mane|Moonblast|p2a: Incineroar\n|-damage|p2a: Incineroar|0 fnt\n|faint|p2a: Incineroar\n|move|p1a: Ogerpon|Ivy Cudgel|p2b: Terapagos|[anim] Ivy Cudgel Fire\n|-end|p2b: Terapagos|Substitute\n|move|p2b: Terapagos|Tera Starstorm|p1a: Ogerpon\n|-damage|p1a: Ogerpon|42\/100\n|\n|-heal|p2b: Terapagos|100\/100|[from] item: Leftovers\n|upkeep\n|\n|t:|1739299817\n|switch|p2a: Flutter Mane|Flutter Mane, L50|100\/100\n|-enditem|p2a: Flutter Mane|Booster Energy\n|-activate|p2a: Flutter Mane|ability: Protosynthesis|[fromitem]\n|-start|p2a: Flutter Mane|protosynthesisspe\n|turn|7\n|\n|t:|1739299831\n|move|p2a: Flutter Mane|Protect|p2a: Flutter Mane\n|-singleturn|p2a: Flutter Mane|Protect\n|move|p1a: Ogerpon|Spiky Shield|p1a: Ogerpon\n|-singleturn|p1a: Ogerpon|move: Protect\n|move|p1b: Flutter Mane|Thunder Wave|p2a: Flutter Mane\n|-activate|p2a: Flutter Mane|move: Protect\n|move|p2b: Terapagos|Tera Starstorm|p1a: Ogerpon\n|-activate|p1a: Ogerpon|move: Protect\n|\n|upkeep\n|turn|8\n|\n|t:|1739299846\n|move|p2a: Flutter Mane|Thunder Wave|p1a: Ogerpon\n|-status|p1a: Ogerpon|par\n|move|p1b: Flutter Mane|Thunder Wave|p2a: Flutter Mane\n|-status|p2a: Flutter Mane|par\n|move|p2b: Terapagos|Tera Starstorm|p1a: Ogerpon\n|-damage|p1a: Ogerpon|0 fnt\n|faint|p1a: Ogerpon\n|\n|upkeep\n|\n|t:|1739299849\n|switch|p1a: Incineroar|Incineroar, L50, F|100\/100\n|-ability|p1a: Incineroar|Intimidate|boost\n|-unboost|p2a: Flutter Mane|atk|1\n|-unboost|p2b: Terapagos|atk|1\n|turn|9\n|\n|t:|1739299864\n|move|p1b: Flutter Mane|Moonblast|p2a: Flutter Mane\n|-damage|p2a: Flutter Mane|62\/100 par\n|move|p2a: Flutter Mane|Thunder Wave|p1b: Flutter Mane\n|-status|p1b: Flutter Mane|par\n|move|p2b: Terapagos|Tera Starstorm|p1a: Incineroar\n|-damage|p1a: Incineroar|48\/100\n|move|p1a: Incineroar|Knock Off|p2b: Terapagos\n|-activate|p2b: Terapagos|ability: Tera Shell\n|-resisted|p2b: Terapagos\n|-damage|p2b: Terapagos|85\/100\n|-enditem|p2b: Terapagos|Leftovers|[from] move: Knock Off|[of] p1a: Incineroar\n|\n|upkeep\n|turn|10\n|\n|t:|1739299880\n|move|p2a: Flutter Mane|Icy Wind|p1a: Incineroar|[spread] p1a,p1b\n|-resisted|p1a: Incineroar\n|-damage|p1a: Incineroar|41\/100\n|-damage|p1b: Flutter Mane|89\/100 par\n|-unboost|p1a: Incineroar|spe|1\n|-unboost|p1b: Flutter Mane|spe|1\n|move|p2b: Terapagos|Tera Starstorm|p1a: Incineroar\n|-damage|p1a: Incineroar|0 fnt\n|faint|p1a: Incineroar\n|move|p1b: Flutter Mane|Thunder Wave|p2b: Terapagos\n|-status|p2b: Terapagos|par\n|\n|upkeep\n|turn|11\n|-message|BLiiNDProdiigy forfeited.\n|\n|win|SamP_64\n|raw|BLiiNDProdiigy's rating: 1665 &rarr; <strong>1647<\/strong><br \/>(-18 for losing)\n|raw|SamP_64's rating: 1708 &rarr; <strong>1726<\/strong><br \/>(+18 for winning)\n|l|\u2606BLiiNDProdiigy\n|player|p1|\n|l|\u2606SamP_64\n|player|p2|\n|l| GexkaXXV\n","uploadtime":1739300142,"views":5,"formatid":"gen9vgc2025regg","rating":1647,"private":0,"password":null}