{"id":"gen9vgc2025regg-2298894507","format":"[Gen 9] VGC 2025 Reg G","players":["orudbeck","Yung Trav"],"log":"|j|\u2606orudbeck\n|j|\u2606Yung Trav\n|t:|1739305515\n|gametype|doubles\n|player|p1|orudbeck|265|1544\n|player|p2|Yung Trav|266|1688\n|teamsize|p1|6\n|teamsize|p2|6\n|gen|9\n|tier|[Gen 9] VGC 2025 Reg G\n|rated|\n|rule|Species Clause: Limit one of each Pok\u00e9mon\n|rule|Item Clause: Limit 1 of each item\n|clearpoke\n|poke|p1|Dialga-Origin, L50|\n|poke|p1|Incineroar, L50, F|\n|poke|p1|Araquanid, L50, M|\n|poke|p1|Ogerpon-Cornerstone, L50, F|\n|poke|p1|Urshifu-*, L50, F|\n|poke|p1|Ursaluna, L50, F|\n|poke|p2|Calyrex-Ice, L50|\n|poke|p2|Regidrago, L50|\n|poke|p2|Smeargle, L50, M|\n|poke|p2|Farigiraf, L50, M|\n|poke|p2|Urshifu-*, L50, M|\n|poke|p2|Ogerpon-Cornerstone, L50, F|\n|teampreview|4\n|inactive|Battle timer is ON: inactive players will automatically lose when time's up. (requested by Yung Trav)\n|inactive|orudbeck has 60 seconds left.\n|inactive|Yung Trav has 60 seconds left.\n|\n|t:|1739305566\n|start\n|switch|p1a: Ogerpon|Ogerpon-Cornerstone, L50, F|100\/100\n|switch|p1b: Dialga|Dialga-Origin, L50|100\/100\n|switch|p2a: Calyrex|Calyrex-Ice, L50|100\/100\n|switch|p2b: Urshifu|Urshifu, L50, M|100\/100\n|-ability|p2a: Calyrex|As One\n|-ability|p2a: Calyrex|Unnerve\n|turn|1\n|\n|t:|1739305595\n|-terastallize|p1b: Dialga|Bug\n|-terastallize|p2a: Calyrex|Water\n|move|p2b: Urshifu|Wicked Blow|p1a: Ogerpon\n|-crit|p1a: Ogerpon\n|-damage|p1a: Ogerpon|20\/100\n|move|p1a: Ogerpon|Ivy Cudgel|p2a: Calyrex|[anim] Ivy Cudgel Rock\n|-damage|p2a: Calyrex|63\/100\n|move|p1b: Dialga|Flash Cannon|p2a: Calyrex\n|-resisted|p2a: Calyrex\n|-damage|p2a: Calyrex|42\/100\n|move|p2a: Calyrex|Glacial Lance|p1a: Ogerpon|[spread] p1a,p1b\n|-supereffective|p1a: Ogerpon\n|-damage|p1a: Ogerpon|0 fnt\n|-damage|p1b: Dialga|56\/100\n|faint|p1a: Ogerpon\n|-ability|p2a: Calyrex|Chilling Neigh|boost\n|-boost|p2a: Calyrex|atk|1\n|\n|upkeep\n|\n|t:|1739305607\n|switch|p1a: Araquanid|Araquanid, L50, M|100\/100\n|turn|2\n|j| bdbddbddbddbdb\n|inactive|Yung Trav has 30 seconds left.\n|\n|t:|1739305633\n|move|p2a: Calyrex|Protect|p2a: Calyrex\n|-singleturn|p2a: Calyrex|Protect\n|move|p1a: Araquanid|Wide Guard|p1a: Araquanid\n|-singleturn|p1a: Araquanid|Wide Guard\n|move|p2b: Urshifu|Wicked Blow|p1b: Dialga\n|-crit|p1b: Dialga\n|-damage|p1b: Dialga|12\/100\n|move|p1b: Dialga|Dragon Pulse|p2a: Calyrex\n|-activate|p2a: Calyrex|move: Protect\n|\n|upkeep\n|turn|3\n|\n|t:|1739305650\n|switch|p1b: Incineroar|Incineroar, L50, F|100\/100\n|-ability|p1b: Incineroar|Intimidate|boost\n|-fail|p2a: Calyrex|unboost|[from] item: Clear Amulet|[of] p2a: Calyrex\n|-unboost|p2b: Urshifu|atk|1\n|move|p2b: Urshifu|Wicked Blow|p1b: Incineroar\n|-resisted|p1b: Incineroar\n|-crit|p1b: Incineroar\n|-damage|p1b: Incineroar|70\/100\n|move|p2a: Calyrex|Glacial Lance|p1a: Araquanid|[spread] p1a,p1b\n|-resisted|p1a: Araquanid\n|-resisted|p1b: Incineroar\n|-damage|p1a: Araquanid|47\/100\n|-damage|p1b: Incineroar|24\/100\n|move|p1a: Araquanid|Liquidation|p2b: Urshifu\n|-damage|p2b: Urshifu|36\/100\n|-unboost|p2b: Urshifu|def|1\n|\n|upkeep\n|turn|4\n|\n|t:|1739305675\n|move|p1b: Incineroar|Fake Out|p2a: Calyrex\n|-damage|p2a: Calyrex|33\/100\n|move|p2b: Urshifu|Wicked Blow|p1b: Incineroar\n|-resisted|p1b: Incineroar\n|-crit|p1b: Incineroar\n|-damage|p1b: Incineroar|0 fnt\n|faint|p1b: Incineroar\n|cant|p2a: Calyrex|flinch\n|move|p1a: Araquanid|Liquidation|p2b: Urshifu\n|-damage|p2b: Urshifu|0 fnt\n|faint|p2b: Urshifu\n|\n|upkeep\n|\n|t:|1739305694\n|switch|p2b: Ogerpon|Ogerpon-Cornerstone, L50, F|100\/100\n|switch|p1b: Dialga|Dialga-Origin, L50, tera:Bug|12\/100\n|turn|5\n|-message|orudbeck forfeited.\n|\n|win|Yung Trav\n|raw|orudbeck's rating: 1544 &rarr; <strong>1532<\/strong><br \/>(-12 for losing)\n|raw|Yung Trav's rating: 1688 &rarr; <strong>1700<\/strong><br \/>(+12 for winning)\n|l|\u2606orudbeck\n|player|p1|\n|l|\u2606Yung Trav\n|player|p2|\n|l| bdbddbddbddbdb\n","uploadtime":1739305885,"views":10,"formatid":"gen9vgc2025regg","rating":1532,"private":0,"password":null}