{"id":"gen9vgc2025regg-2298917390","format":"[Gen 9] VGC 2025 Reg G","players":["epigrlozvgc","kajashi"],"log":"|j|\u2606epigrlozvgc\n|j|\u2606kajashi\n|t:|1739307851\n|gametype|doubles\n|player|p1|epigrlozvgc|102|1576\n|player|p2|kajashi|n|1510\n|teamsize|p1|6\n|teamsize|p2|6\n|gen|9\n|tier|[Gen 9] VGC 2025 Reg G\n|rated|\n|rule|Species Clause: Limit one of each Pok\u00e9mon\n|rule|Item Clause: Limit 1 of each item\n|clearpoke\n|poke|p1|Ogerpon-Hearthflame, L50, F|\n|poke|p1|Tatsugiri-Droopy, L50, F|\n|poke|p1|Tornadus, L50, M|\n|poke|p1|Dondozo, L50, F|\n|poke|p1|Smeargle, L50, M|\n|poke|p1|Terapagos, L50, M|\n|poke|p2|Incineroar, L50, M|\n|poke|p2|Amoonguss, L50, F|\n|poke|p2|Calyrex-Ice, L50|\n|poke|p2|Raging Bolt, L50|\n|poke|p2|Landorus, L50, M|\n|poke|p2|Urshifu-*, L50, F|\n|teampreview|4\n|inactive|Battle timer is ON: inactive players will automatically lose when time's up. (requested by epigrlozvgc)\n|\n|t:|1739307896\n|start\n|switch|p1a: Terapagos|Terapagos, L50, M|100\/100\n|switch|p1b: Smeargle|Smeargle, L50, M|100\/100\n|switch|p2a: Incineroar|Incineroar, L50, M|100\/100\n|switch|p2b: Calyrex|Calyrex-Ice, L50|100\/100\n|-activate|p1a: Terapagos|ability: Tera Shift\n|detailschange|p1a: Terapagos|Terapagos-Terastal, L50, M\n|-heal|p1a: Terapagos|100\/100|[silent]\n|-ability|p2b: Calyrex|As One\n|-ability|p2b: Calyrex|Unnerve\n|-ability|p2a: Incineroar|Intimidate|boost\n|-unboost|p1a: Terapagos|atk|1\n|-unboost|p1b: Smeargle|atk|1\n|turn|1\n|j| Meiser63\n|\n|t:|1739307921\n|move|p2b: Calyrex|Protect|p2b: Calyrex\n|-singleturn|p2b: Calyrex|Protect\n|move|p1b: Smeargle|Fake Out|p2a: Incineroar\n|-damage|p2a: Incineroar|96\/100\n|-damage|p1b: Smeargle|84\/100|[from] item: Rocky Helmet|[of] p2a: Incineroar\n|move|p1a: Terapagos|Tera Starstorm|p2b: Calyrex\n|-activate|p2b: Calyrex|move: Protect\n|cant|p2a: Incineroar|flinch\n|\n|-ability|p1b: Smeargle|Moody|boost\n|-boost|p1b: Smeargle|atk|2\n|-unboost|p1b: Smeargle|spd|1\n|upkeep\n|turn|2\n|inactive|kajashi has 30 seconds left.\n|inactive|kajashi has 20 seconds left.\n|inactive|kajashi has 15 seconds left.\n|inactive|kajashi has 10 seconds left.\n|\n|t:|1739307966\n|switch|p2b: Amoonguss|Amoonguss, L50, F|100\/100\n|move|p1b: Smeargle|Spore|p2b: Amoonguss\n|-immune|p2b: Amoonguss\n|move|p1a: Terapagos|Tera Starstorm|p2a: Incineroar\n|-damage|p2a: Incineroar|11\/100\n|move|p2a: Incineroar|Parting Shot|p1a: Terapagos\n|-unboost|p1a: Terapagos|atk|1\n|-unboost|p1a: Terapagos|spa|1\n|\n|t:|1739307977\n|switch|p2a: Calyrex|Calyrex-Ice, L50|100\/100|[from] Parting Shot\n|-ability|p2a: Calyrex|As One\n|-ability|p2a: Calyrex|Unnerve\n|\n|-ability|p1b: Smeargle|Moody|boost\n|-boost|p1b: Smeargle|def|2\n|-unboost|p1b: Smeargle|spd|1\n|upkeep\n|turn|3\n|\n|t:|1739307996\n|move|p2b: Amoonguss|Rage Powder|p2b: Amoonguss\n|-singleturn|p2b: Amoonguss|move: Rage Powder\n|move|p1b: Smeargle|Decorate|p2b: Amoonguss\n|-boost|p2b: Amoonguss|atk|2\n|-boost|p2b: Amoonguss|spa|2\n|move|p1a: Terapagos|Tera Starstorm|p2b: Amoonguss\n|-damage|p2b: Amoonguss|52\/100\n|move|p2a: Calyrex|Trick Room|p2a: Calyrex\n|-fieldstart|move: Trick Room|[of] p2a: Calyrex\n|\n|-ability|p1b: Smeargle|Moody|boost\n|-boost|p1b: Smeargle|spe|2\n|-unboost|p1b: Smeargle|atk|1\n|upkeep\n|turn|4\n|inactive|epigrlozvgc has 30 seconds left.\n|\n|t:|1739308024\n|move|p1b: Smeargle|Follow Me|p1b: Smeargle\n|-singleturn|p1b: Smeargle|move: Follow Me\n|move|p2a: Calyrex|Glacial Lance|p1b: Smeargle|[spread] p1a,p1b\n|-activate|p1a: Terapagos|ability: Tera Shell\n|-resisted|p1a: Terapagos\n|-damage|p1a: Terapagos|75\/100\n|-damage|p1b: Smeargle|2\/100\n|move|p2b: Amoonguss|Spore|p1b: Smeargle\n|-status|p1b: Smeargle|slp|[from] move: Spore\n|move|p1a: Terapagos|Tera Starstorm|p2b: Amoonguss\n|-damage|p2b: Amoonguss|2\/100\n|\n|-ability|p1b: Smeargle|Moody|boost\n|-boost|p1b: Smeargle|def|2\n|-unboost|p1b: Smeargle|spd|1\n|upkeep\n|turn|5\n|\n|t:|1739308049\n|switch|p1a: Tatsugiri|Tatsugiri-Droopy, L50, F|100\/100\n|switch|p1b: Dondozo|Dondozo, L50, F|100\/100\n|-activate|p1a: Tatsugiri|ability: Commander|[of] p1b: Dondozo\n|-boost|p1b: Dondozo|atk|2\n|-boost|p1b: Dondozo|spa|2\n|-boost|p1b: Dondozo|spe|2\n|-boost|p1b: Dondozo|def|2\n|-boost|p1b: Dondozo|spd|2\n|move|p2a: Calyrex|Glacial Lance|p1a: Tatsugiri|[spread] p1b\n|-miss|p2a: Calyrex|p1a: Tatsugiri\n|-resisted|p1b: Dondozo\n|-damage|p1b: Dondozo|94\/100\n|move|p2b: Amoonguss|Spore|p1a: Tatsugiri|[miss]\n|-miss|p2b: Amoonguss|p1a: Tatsugiri\n|\n|-heal|p1b: Dondozo|99\/100|[from] item: Leftovers\n|upkeep\n|turn|6\n|\n|t:|1739308071\n|move|p1b: Dondozo|Protect|p1b: Dondozo\n|-singleturn|p1b: Dondozo|Protect\n|move|p2a: Calyrex|High Horsepower|p1b: Dondozo\n|-activate|p1b: Dondozo|move: Protect\n|move|p2b: Amoonguss|Clear Smog|p1b: Dondozo\n|-activate|p1b: Dondozo|move: Protect\n|\n|-heal|p1b: Dondozo|100\/100|[from] item: Leftovers\n|upkeep\n|turn|7\n|\n|t:|1739308092\n|switch|p2b: Incineroar|Incineroar, L50, M|11\/100\n|-ability|p2b: Incineroar|Intimidate|boost\n|-unboost|p1a: Tatsugiri|atk|1\n|-unboost|p1b: Dondozo|atk|1\n|move|p1b: Dondozo|Protect|p1b: Dondozo\n|-singleturn|p1b: Dondozo|Protect\n|move|p2a: Calyrex|High Horsepower|p1b: Dondozo\n|-activate|p1b: Dondozo|move: Protect\n|\n|-fieldend|move: Trick Room\n|upkeep\n|turn|8\n|\n|t:|1739308105\n|move|p2b: Incineroar|Fake Out|p1b: Dondozo\n|-crit|p1b: Dondozo\n|-damage|p1b: Dondozo|93\/100\n|cant|p1b: Dondozo|flinch\n|move|p2a: Calyrex|Trick Room|p2a: Calyrex\n|-fieldstart|move: Trick Room|[of] p2a: Calyrex\n|\n|-heal|p1b: Dondozo|99\/100|[from] item: Leftovers\n|upkeep\n|turn|9\n|inactive|kajashi has 30 seconds left.\n|\n|t:|1739308132\n|move|p2a: Calyrex|High Horsepower|p1b: Dondozo\n|-crit|p1b: Dondozo\n|-damage|p1b: Dondozo|69\/100\n|move|p2b: Incineroar|Parting Shot|p1b: Dondozo\n|-unboost|p1b: Dondozo|atk|1\n|-unboost|p1b: Dondozo|spa|1\n|\n|t:|1739308139\n|switch|p2b: Raging Bolt|Raging Bolt, L50|100\/100|[from] Parting Shot\n|move|p1b: Dondozo|Order Up|p2b: Raging Bolt\n|-supereffective|p2b: Raging Bolt\n|-damage|p2b: Raging Bolt|71\/100\n|-boost|p1b: Dondozo|def|1\n|\n|-heal|p1b: Dondozo|75\/100|[from] item: Leftovers\n|upkeep\n|turn|10\n|\n|t:|1739308152\n|switch|p2a: Incineroar|Incineroar, L50, M|11\/100\n|-ability|p2a: Incineroar|Intimidate|boost\n|-unboost|p1a: Tatsugiri|atk|1\n|-unboost|p1b: Dondozo|atk|1\n|move|p1b: Dondozo|Protect|p1b: Dondozo\n|-singleturn|p1b: Dondozo|Protect\n|move|p2b: Raging Bolt|Thunderbolt|p1b: Dondozo\n|-activate|p1b: Dondozo|move: Protect\n|\n|-heal|p1b: Dondozo|81\/100|[from] item: Leftovers\n|upkeep\n|turn|11\n|\n|t:|1739308170\n|-terastallize|p1b: Dondozo|Fairy\n|move|p2a: Incineroar|Parting Shot|p1b: Dondozo\n|-unboost|p1b: Dondozo|atk|1\n|-unboost|p1b: Dondozo|spa|1\n|\n|t:|1739308180\n|switch|p2a: Amoonguss|Amoonguss, L50, F|35\/100|[from] Parting Shot\n|move|p2b: Raging Bolt|Thunderbolt|p1b: Dondozo\n|-damage|p1b: Dondozo|61\/100\n|move|p1b: Dondozo|Body Press|p2b: Raging Bolt\n|-damage|p2b: Raging Bolt|22\/100\n|\n|-heal|p1b: Dondozo|67\/100|[from] item: Leftovers\n|upkeep\n|turn|12\n|\n|t:|1739308198\n|-end|p2b: Raging Bolt|Protosynthesis|[silent]\n|switch|p2b: Incineroar|Incineroar, L50, M|11\/100\n|-ability|p2b: Incineroar|Intimidate|boost\n|-unboost|p1a: Tatsugiri|atk|1\n|-unboost|p1b: Dondozo|atk|1\n|move|p1b: Dondozo|Protect|p1b: Dondozo\n|-singleturn|p1b: Dondozo|Protect\n|move|p2a: Amoonguss|Clear Smog|p1b: Dondozo\n|-activate|p1b: Dondozo|move: Protect\n|\n|-heal|p1b: Dondozo|73\/100|[from] item: Leftovers\n|-fieldend|move: Trick Room\n|upkeep\n|turn|13\n|\n|t:|1739308208\n|move|p1b: Dondozo|Protect||[still]\n|-fail|p1b: Dondozo\n|move|p2b: Incineroar|Fake Out|p1b: Dondozo\n|-crit|p1b: Dondozo\n|-damage|p1b: Dondozo|65\/100\n|move|p2a: Amoonguss|Clear Smog|p1b: Dondozo\n|-supereffective|p1b: Dondozo\n|-damage|p1b: Dondozo|49\/100\n|-clearboost|p1b: Dondozo\n|\n|-heal|p1b: Dondozo|55\/100|[from] item: Leftovers\n|upkeep\n|turn|14\n|\n|t:|1739308221\n|switch|p2b: Raging Bolt|Raging Bolt, L50|22\/100\n|switch|p2a: Calyrex|Calyrex-Ice, L50|100\/100\n|-ability|p2a: Calyrex|As One\n|-ability|p2a: Calyrex|Unnerve\n|move|p1b: Dondozo|Substitute|p1b: Dondozo\n|-start|p1b: Dondozo|Substitute\n|-damage|p1b: Dondozo|30\/100\n|\n|-heal|p1b: Dondozo|37\/100|[from] item: Leftovers\n|upkeep\n|turn|15\n|\n|t:|1739308241\n|move|p2b: Raging Bolt|Thunderbolt|p1b: Dondozo\n|-end|p1b: Dondozo|Substitute\n|move|p1b: Dondozo|Order Up|p2b: Raging Bolt\n|-supereffective|p2b: Raging Bolt\n|-damage|p2b: Raging Bolt|0 fnt\n|faint|p2b: Raging Bolt\n|-end|p2b: Raging Bolt|Protosynthesis|[silent]\n|-boost|p1b: Dondozo|def|1\n|move|p2a: Calyrex|Glacial Lance|p1b: Dondozo|[spread] p1b\n|-miss|p2a: Calyrex|p1a: Tatsugiri\n|-damage|p1b: Dondozo|18\/100\n|\n|-heal|p1b: Dondozo|24\/100|[from] item: Leftovers\n|upkeep\n|\n|t:|1739308254\n|switch|p2b: Amoonguss|Amoonguss, L50, F|68\/100\n|turn|16\n|\n|t:|1739308270\n|move|p1b: Dondozo|Protect|p1b: Dondozo\n|-singleturn|p1b: Dondozo|Protect\n|move|p2b: Amoonguss|Clear Smog|p1b: Dondozo\n|-activate|p1b: Dondozo|move: Protect\n|move|p2a: Calyrex|Trick Room|p2a: Calyrex\n|-fieldstart|move: Trick Room|[of] p2a: Calyrex\n|\n|-heal|p1b: Dondozo|30\/100|[from] item: Leftovers\n|upkeep\n|turn|17\n|\n|t:|1739308280\n|move|p2a: Calyrex|Glacial Lance|p1a: Tatsugiri|[spread] p1b\n|-miss|p2a: Calyrex|p1a: Tatsugiri\n|-damage|p1b: Dondozo|10\/100\n|move|p2b: Amoonguss|Spore|p1b: Dondozo\n|-status|p1b: Dondozo|slp|[from] move: Spore\n|cant|p1b: Dondozo|slp\n|\n|-heal|p1b: Dondozo|16\/100 slp|[from] item: Leftovers\n|upkeep\n|turn|18\n|\n|t:|1739308289\n|move|p2a: Calyrex|Glacial Lance|p1a: Tatsugiri|[spread] p1b\n|-miss|p2a: Calyrex|p1a: Tatsugiri\n|-damage|p1b: Dondozo|0 fnt\n|faint|p1b: Dondozo\n|-ability|p2a: Calyrex|Chilling Neigh|boost\n|-boost|p2a: Calyrex|atk|1\n|move|p2b: Amoonguss|Spore|p1a: Tatsugiri\n|-status|p1a: Tatsugiri|slp|[from] move: Spore\n|\n|upkeep\n|\n|t:|1739308300\n|switch|p1b: Smeargle|Smeargle, L50, M|2\/100 slp\n|turn|19\n|\n|t:|1739308307\n|switch|p2b: Incineroar|Incineroar, L50, M|11\/100\n|-ability|p2b: Incineroar|Intimidate|boost\n|-unboost|p1a: Tatsugiri|atk|1\n|-unboost|p1b: Smeargle|atk|1\n|cant|p1b: Smeargle|slp\n|move|p2a: Calyrex|Glacial Lance|p1a: Tatsugiri|[spread] p1a,p1b\n|-crit|p1b: Smeargle\n|-damage|p1a: Tatsugiri|0 fnt\n|-damage|p1b: Smeargle|0 fnt\n|faint|p1a: Tatsugiri\n|faint|p1b: Smeargle\n|-ability|p2a: Calyrex|Chilling Neigh|boost\n|-boost|p2a: Calyrex|atk|2\n|\n|upkeep\n|\n|t:|1739308310\n|switch|p1b: Terapagos|Terapagos-Terastal, L50, M|75\/100\n|turn|20\n|\n|t:|1739308319\n|move|p2b: Incineroar|Fake Out|p1b: Terapagos\n|-damage|p1b: Terapagos|65\/100\n|move|p2a: Calyrex|Glacial Lance|p1b: Terapagos\n|-damage|p1b: Terapagos|0 fnt\n|faint|p1b: Terapagos\n|\n|win|kajashi\n|raw|epigrlozvgc's rating: 1576 &rarr; <strong>1552<\/strong><br \/>(-24 for losing)\n|raw|kajashi's rating: 1510 &rarr; <strong>1534<\/strong><br \/>(+24 for winning)\n|l|\u2606epigrlozvgc\n|player|p1|\n","uploadtime":1739308324,"views":10,"formatid":"gen9vgc2025regg","rating":1534,"private":0,"password":null}