{"id":"gen9vgc2025regg-2298786668","format":"[Gen 9] VGC 2025 Reg G","players":["pokefaqk","bieiup"],"log":"|j|\u2606pokefaqk\n|j|\u2606bieiup\n|t:|1739295215\n|gametype|doubles\n|player|p1|pokefaqk|169|1597\n|player|p2|bieiup|lillie-z|1690\n|teamsize|p1|6\n|teamsize|p2|6\n|gen|9\n|tier|[Gen 9] VGC 2025 Reg G\n|rated|\n|rule|Species Clause: Limit one of each Pok\u00e9mon\n|rule|Item Clause: Limit 1 of each item\n|clearpoke\n|poke|p1|Incineroar, L50, F|\n|poke|p1|Dondozo, L50, F|\n|poke|p1|Rillaboom, L50, F|\n|poke|p1|Ting-Lu, L50|\n|poke|p1|Ho-Oh, L50|\n|poke|p1|Lapras, L50, F|\n|poke|p2|Raging Bolt, L50|\n|poke|p2|Miraidon, L50|\n|poke|p2|Chi-Yu, L50|\n|poke|p2|Torkoal, L50, M|\n|poke|p2|Farigiraf, L50, M|\n|poke|p2|Ursaluna, L50, F|\n|teampreview|4\n|inactive|Battle timer is ON: inactive players will automatically lose when time's up. (requested by pokefaqk)\n|c|\u2606bieiup|sick team\n|c|\u2606pokefaqk|ty\n|j| 2-2-2 Ape\n|inactive|pokefaqk has 60 seconds left.\n|\n|t:|1739295258\n|start\n|switch|p1a: Ting-Lu|Ting-Lu, L50|100\/100\n|switch|p1b: Ho-Oh|Ho-Oh, L50|100\/100\n|switch|p2a: Miraidon|Miraidon, L50|100\/100\n|switch|p2b: Farigiraf|Farigiraf, L50, M|100\/100\n|-fieldstart|move: Electric Terrain|[from] ability: Hadron Engine|[of] p2a: Miraidon\n|-enditem|p2b: Farigiraf|Electric Seed\n|-boost|p2b: Farigiraf|def|1|[from] item: Electric Seed\n|-ability|p1a: Ting-Lu|Vessel of Ruin\n|turn|1\n|\n|t:|1739295275\n|switch|p1b: Rillaboom|Rillaboom, L50, F|100\/100\n|-fieldstart|move: Grassy Terrain|[from] ability: Grassy Surge|[of] p1b: Rillaboom\n|move|p2a: Miraidon|Volt Switch|p1b: Rillaboom\n|-resisted|p1b: Rillaboom\n|-damage|p1b: Rillaboom|78\/100\n|\n|t:|1739295277\n|switch|p2a: Ursaluna|Ursaluna, L50, F|100\/100|[from] Volt Switch\n|move|p1a: Ting-Lu|Stomping Tantrum|p2a: Ursaluna\n|-damage|p2a: Ursaluna|73\/100\n|move|p2b: Farigiraf|Trick Room|p2b: Farigiraf\n|-fieldstart|move: Trick Room|[of] p2b: Farigiraf\n|\n|-heal|p2a: Ursaluna|79\/100|[from] Grassy Terrain\n|-heal|p1b: Rillaboom|84\/100|[from] Grassy Terrain\n|-status|p2a: Ursaluna|brn|[from] item: Flame Orb\n|upkeep\n|turn|2\n|\n|t:|1739295294\n|switch|p1a: Incineroar|Incineroar, L50, F|100\/100\n|-ability|p1a: Incineroar|Intimidate|boost\n|-unboost|p2a: Ursaluna|atk|1\n|-unboost|p2b: Farigiraf|atk|1\n|move|p2a: Ursaluna|Facade|p1b: Rillaboom\n|-damage|p1b: Rillaboom|8\/100\n|move|p2b: Farigiraf|Dazzling Gleam|p1b: Rillaboom|[spread] p1a,p1b\n|-damage|p1a: Incineroar|87\/100\n|-damage|p1b: Rillaboom|0 fnt\n|faint|p1b: Rillaboom\n|\n|-heal|p2a: Ursaluna|84\/100 brn|[from] Grassy Terrain\n|-heal|p1a: Incineroar|93\/100|[from] Grassy Terrain\n|-damage|p2a: Ursaluna|79\/100 brn|[from] brn\n|upkeep\n|\n|t:|1739295304\n|switch|p1b: Ho-Oh|Ho-Oh, L50|100\/100\n|turn|3\n|\n|t:|1739295318\n|move|p2b: Farigiraf|Helping Hand|p2a: Ursaluna\n|-singleturn|p2a: Ursaluna|Helping Hand|[of] p2b: Farigiraf\n|move|p2a: Ursaluna|Facade|p1b: Ho-Oh\n|-damage|p1b: Ho-Oh|19\/100\n|move|p1a: Incineroar|Parting Shot|p2a: Ursaluna\n|-unboost|p2a: Ursaluna|atk|1\n|-unboost|p2a: Ursaluna|spa|1\n|\n|t:|1739295320\n|switch|p1a: Ting-Lu|Ting-Lu, L50|100\/100|[from] Parting Shot\n|-ability|p1a: Ting-Lu|Vessel of Ruin\n|move|p1b: Ho-Oh|Brave Bird|p2a: Ursaluna\n|-crit|p2a: Ursaluna\n|-damage|p2a: Ursaluna|21\/100 brn\n|-damage|p1b: Ho-Oh|0 fnt|[from] Recoil\n|faint|p1b: Ho-Oh\n|\n|-heal|p2a: Ursaluna|27\/100 brn|[from] Grassy Terrain\n|-damage|p2a: Ursaluna|21\/100 brn|[from] brn\n|upkeep\n|\n|t:|1739295323\n|switch|p1b: Incineroar|Incineroar, L50, F|93\/100\n|-ability|p1b: Incineroar|Intimidate|boost\n|-unboost|p2a: Ursaluna|atk|1\n|-unboost|p2b: Farigiraf|atk|1\n|turn|4\n|\n|t:|1739295336\n|move|p2b: Farigiraf|Helping Hand|p2a: Ursaluna\n|-singleturn|p2a: Ursaluna|Helping Hand|[of] p2b: Farigiraf\n|move|p2a: Ursaluna|Headlong Rush|p1b: Incineroar\n|-supereffective|p1b: Incineroar\n|-damage|p1b: Incineroar|2\/100\n|-unboost|p2a: Ursaluna|def|1\n|-unboost|p2a: Ursaluna|spd|1\n|-damage|p2a: Ursaluna|5\/100 brn|[from] item: Rocky Helmet|[of] p1b: Incineroar\n|move|p1a: Ting-Lu|Stomping Tantrum|p2a: Ursaluna\n|-damage|p2a: Ursaluna|0 fnt\n|faint|p2a: Ursaluna\n|move|p1b: Incineroar|Knock Off|p2b: Farigiraf\n|-supereffective|p2b: Farigiraf\n|-damage|p2b: Farigiraf|69\/100\n|\n|-heal|p2b: Farigiraf|75\/100|[from] Grassy Terrain\n|-heal|p1b: Incineroar|8\/100|[from] Grassy Terrain\n|upkeep\n|\n|t:|1739295338\n|switch|p2a: Torkoal|Torkoal, L50, M|100\/100\n|-weather|SunnyDay|[from] ability: Drought|[of] p2a: Torkoal\n|-item|p2a: Torkoal|Air Balloon\n|turn|5\n|\n|t:|1739295351\n|move|p2b: Farigiraf|Helping Hand|p2a: Torkoal\n|-singleturn|p2a: Torkoal|Helping Hand|[of] p2b: Farigiraf\n|move|p2a: Torkoal|Eruption|p1b: Incineroar|[spread] p1a,p1b\n|-resisted|p1b: Incineroar\n|-damage|p1a: Ting-Lu|64\/100\n|-damage|p1b: Incineroar|0 fnt\n|faint|p1b: Incineroar\n|move|p1a: Ting-Lu|Payback|p2a: Torkoal\n|-damage|p2a: Torkoal|67\/100\n|-enditem|p2a: Torkoal|Air Balloon\n|\n|-weather|SunnyDay|[upkeep]\n|-heal|p2a: Torkoal|73\/100|[from] Grassy Terrain\n|-heal|p1a: Ting-Lu|70\/100|[from] Grassy Terrain\n|-heal|p2b: Farigiraf|81\/100|[from] Grassy Terrain\n|-fieldend|move: Trick Room\n|-fieldend|move: Grassy Terrain\n|upkeep\n|turn|6\n|\n|t:|1739295363\n|move|p2b: Farigiraf|Dazzling Gleam|p1a: Ting-Lu\n|-supereffective|p1a: Ting-Lu\n|-damage|p1a: Ting-Lu|55\/100\n|move|p1a: Ting-Lu|Stomping Tantrum|p2a: Torkoal\n|-supereffective|p2a: Torkoal\n|-damage|p2a: Torkoal|17\/100\n|move|p2a: Torkoal|Overheat|p1a: Ting-Lu\n|-damage|p1a: Ting-Lu|23\/100\n|-unboost|p2a: Torkoal|spa|2\n|\n|-weather|SunnyDay|[upkeep]\n|upkeep\n|turn|7\n|j| GexkaXXV\n|c|\u2606pokefaqk|gg\n|\n|t:|1739295369\n|move|p2b: Farigiraf|Dazzling Gleam|p1a: Ting-Lu\n|-supereffective|p1a: Ting-Lu\n|-damage|p1a: Ting-Lu|9\/100\n|move|p1a: Ting-Lu|Stomping Tantrum|p2a: Torkoal\n|-supereffective|p2a: Torkoal\n|-damage|p2a: Torkoal|0 fnt\n|faint|p2a: Torkoal\n|\n|-weather|SunnyDay|[upkeep]\n|upkeep\n|c|\u2606bieiup|gg\n|\n|t:|1739295372\n|switch|p2a: Miraidon|Miraidon, L50|100\/100\n|-fieldstart|move: Electric Terrain|[from] ability: Hadron Engine|[of] p2a: Miraidon\n|turn|8\n|\n|t:|1739295376\n|-terastallize|p2a: Miraidon|Fairy\n|-terastallize|p1a: Ting-Lu|Poison\n|move|p2a: Miraidon|Draco Meteor|p1a: Ting-Lu\n|-damage|p1a: Ting-Lu|0 fnt\n|-unboost|p2a: Miraidon|spa|2\n|faint|p1a: Ting-Lu\n|\n|win|bieiup\n|raw|pokefaqk's rating: 1597 &rarr; <strong>1582<\/strong><br \/>(-15 for losing)\n|raw|bieiup's rating: 1690 &rarr; <strong>1705<\/strong><br \/>(+15 for winning)\n|l| 2-2-2 Ape\n|l|\u2606pokefaqk\n|player|p1|\n|l|\u2606bieiup\n|player|p2|\n","uploadtime":1739295558,"views":5,"formatid":"gen9vgc2025regg","rating":1582,"private":0,"password":null}