{"id":"gen9vgc2025regg-2298051297","format":"[Gen 9] VGC 2025 Reg G","players":["jkimkim1","The Slimmest Jesus"],"log":"|j|\u2606jkimkim1\n|j|\u2606The Slimmest Jesus\n|t:|1739203288\n|gametype|doubles\n|player|p1|jkimkim1|265|1560\n|player|p2|The Slimmest Jesus|170|1673\n|teamsize|p1|6\n|teamsize|p2|6\n|gen|9\n|tier|[Gen 9] VGC 2025 Reg G\n|rated|\n|rule|Species Clause: Limit one of each Pok\u00e9mon\n|rule|Item Clause: Limit 1 of each item\n|clearpoke\n|poke|p1|Miraidon, L50|\n|poke|p1|Cresselia, L50, F|\n|poke|p1|Incineroar, L50, F|\n|poke|p1|Roaring Moon, L50|\n|poke|p1|Ursaluna, L50, M|\n|poke|p1|Whimsicott, L50, M|\n|poke|p2|Indeedee-F, L50, F|\n|poke|p2|Ursaluna-Bloodmoon, L50, M|\n|poke|p2|Torkoal, L50, F|\n|poke|p2|Gallade, L50, M|\n|poke|p2|Calyrex-Ice, L50|\n|poke|p2|Lilligant-Hisui, L50, F|\n|teampreview|4\n|inactive|Battle timer is ON: inactive players will automatically lose when time's up. (requested by jkimkim1)\n|j| PARAN0ISE\n|inactive|The Slimmest Jesus has 60 seconds left.\n|j| lyqvgc\n|j| AcidFebSpecial\n|inactive|The Slimmest Jesus has 30 seconds left.\n|\n|t:|1739203358\n|start\n|switch|p1a: \uc0ac\uc2b9\ud5cc\ud06c\uc138|Cresselia, L50, F, shiny|100\/100\n|switch|p1b: kingjames|Incineroar, L50, F|100\/100\n|switch|p2a: Calyrex|Calyrex-Ice, L50|100\/100\n|switch|p2b: Indeedee|Indeedee-F, L50, F|100\/100\n|-ability|p2a: Calyrex|As One\n|-ability|p2a: Calyrex|Unnerve\n|-ability|p1b: kingjames|Intimidate|boost\n|-unboost|p2a: Calyrex|atk|1\n|-unboost|p2b: Indeedee|atk|1\n|-fieldstart|move: Psychic Terrain|[from] ability: Psychic Surge|[of] p2b: Indeedee\n|-enditem|p2a: Calyrex|White Herb\n|-clearnegativeboost|p2a: Calyrex|[silent]\n|turn|1\n|\n|t:|1739203382\n|switch|p1a: Jayson tatum|Miraidon, L50|100\/100\n|-fieldstart|move: Electric Terrain|[from] ability: Hadron Engine|[of] p1a: Jayson tatum\n|move|p1b: kingjames|Fake Out|p2a: Calyrex\n|-damage|p2a: Calyrex|94\/100\n|move|p2b: Indeedee|Follow Me|p2b: Indeedee\n|-singleturn|p2b: Indeedee|move: Follow Me\n|cant|p2a: Calyrex|flinch\n|\n|upkeep\n|turn|2\n|j| mewkyuvgc\n|inactive|The Slimmest Jesus has 30 seconds left.\n|\n|t:|1739203408\n|move|p2b: Indeedee|Follow Me|p2b: Indeedee\n|-singleturn|p2b: Indeedee|move: Follow Me\n|move|p1a: Jayson tatum|Electro Drift|p2b: Indeedee\n|-damage|p2b: Indeedee|0 fnt\n|faint|p2b: Indeedee\n|move|p1b: kingjames|Will-O-Wisp|p2a: Calyrex\n|-status|p2a: Calyrex|brn\n|move|p2a: Calyrex|Trick Room|p2a: Calyrex\n|-fieldstart|move: Trick Room|[of] p2a: Calyrex\n|\n|-damage|p2a: Calyrex|88\/100 brn|[from] brn\n|upkeep\n|\n|t:|1739203416\n|switch|p2b: Ursaluna|Ursaluna-Bloodmoon, L50, M|100\/100\n|turn|3\n|\n|t:|1739203441\n|switch|p2a: Torkoal|Torkoal, L50, F|100\/100\n|-weather|SunnyDay|[from] ability: Drought|[of] p2a: Torkoal\n|switch|p1a: \uc0ac\uc2b9\ud5cc\ud06c\uc138|Cresselia, L50, F, shiny|100\/100\n|move|p2b: Ursaluna|Earth Power|p1b: kingjames\n|-supereffective|p1b: kingjames\n|-damage|p1b: kingjames|0 fnt\n|faint|p1b: kingjames\n|-damage|p2b: Ursaluna|91\/100|[from] item: Life Orb\n|\n|-weather|SunnyDay|[upkeep]\n|upkeep\n|\n|t:|1739203452\n|switch|p1b: Ursaluna|Ursaluna, L50, M|100\/100\n|turn|4\n|\n|t:|1739203473\n|-terastallize|p2a: Torkoal|Fire\n|move|p1b: Ursaluna|Protect|p1b: Ursaluna\n|-singleturn|p1b: Ursaluna|Protect\n|move|p2a: Torkoal|Eruption|p1a: \uc0ac\uc2b9\ud5cc\ud06c\uc138|[spread] p1a\n|-activate|p1b: Ursaluna|move: Protect\n|-damage|p1a: \uc0ac\uc2b9\ud5cc\ud06c\uc138|32\/100\n|-enditem|p1a: \uc0ac\uc2b9\ud5cc\ud06c\uc138|Sitrus Berry|[eat]\n|-heal|p1a: \uc0ac\uc2b9\ud5cc\ud06c\uc138|57\/100|[from] item: Sitrus Berry\n|move|p2b: Ursaluna|Blood Moon|p1a: \uc0ac\uc2b9\ud5cc\ud06c\uc138\n|-damage|p1a: \uc0ac\uc2b9\ud5cc\ud06c\uc138|0 fnt\n|faint|p1a: \uc0ac\uc2b9\ud5cc\ud06c\uc138\n|-damage|p2b: Ursaluna|81\/100|[from] item: Life Orb\n|\n|-weather|SunnyDay|[upkeep]\n|-status|p1b: Ursaluna|brn|[from] item: Flame Orb\n|upkeep\n|\n|t:|1739203482\n|switch|p1a: Jayson tatum|Miraidon, L50|100\/100\n|-activate|p1a: Jayson tatum|ability: Hadron Engine\n|turn|5\n|inactive|The Slimmest Jesus has 30 seconds left.\n|inactive|The Slimmest Jesus has 20 seconds left.\n|\n|t:|1739203521\n|move|p2a: Torkoal|Eruption|p1b: Ursaluna|[spread] p1a,p1b\n|-resisted|p1a: Jayson tatum\n|-damage|p1a: Jayson tatum|51\/100\n|-damage|p1b: Ursaluna|1\/100 brn\n|move|p1b: Ursaluna|Facade|p2b: Ursaluna\n|-damage|p2b: Ursaluna|0 fnt\n|faint|p2b: Ursaluna\n|move|p1a: Jayson tatum|Electro Drift|p2a: Torkoal\n|-damage|p2a: Torkoal|0 fnt\n|faint|p2a: Torkoal\n|\n|-weather|SunnyDay|[upkeep]\n|-damage|p1b: Ursaluna|0 fnt|[from] brn\n|faint|p1b: Ursaluna\n|-fieldend|move: Electric Terrain\n|upkeep\n|\n|t:|1739203530\n|switch|p2b: Calyrex|Calyrex-Ice, L50|88\/100 brn\n|-ability|p2b: Calyrex|As One\n|-ability|p2b: Calyrex|Unnerve\n|turn|6\n|\n|t:|1739203536\n|-terastallize|p1a: Jayson tatum|Fairy\n|move|p2b: Calyrex|Glacial Lance|p1a: Jayson tatum\n|-crit|p1a: Jayson tatum\n|-damage|p1a: Jayson tatum|0 fnt\n|faint|p1a: Jayson tatum\n|\n|win|The Slimmest Jesus\n|raw|jkimkim1's rating: 1560 &rarr; <strong>1546<\/strong><br \/>(-14 for losing)\n|raw|The Slimmest Jesus's rating: 1673 &rarr; <strong>1687<\/strong><br \/>(+14 for winning)\n|l| mewkyuvgc\n|l|\u2606The Slimmest Jesus\n|player|p2|\n|l| PARAN0ISE\n|l| lyqvgc\n","uploadtime":1739203745,"views":8,"formatid":"gen9vgc2025regg","rating":1546,"private":0,"password":null}