{"id":"gen9vgc2025regg-2299312037","format":"[Gen 9] VGC 2025 Reg G","players":["koji muranishi","test-on-calls"],"log":"|j|\u2606koji muranishi\n|j|\u2606test-on-calls\n|t:|1739365684\n|gametype|doubles\n|player|p1|koji muranishi|266|1698\n|player|p2|test-on-calls|266|1689\n|teamsize|p1|6\n|teamsize|p2|6\n|gen|9\n|tier|[Gen 9] VGC 2025 Reg G\n|rated|\n|rule|Species Clause: Limit one of each Pok\u00e9mon\n|rule|Item Clause: Limit 1 of each item\n|clearpoke\n|poke|p1|Whimsicott, L50, F|\n|poke|p1|Calyrex-Ice, L50|\n|poke|p1|Urshifu-*, L50, F|\n|poke|p1|Chi-Yu, L50|\n|poke|p1|Raging Bolt, L50|\n|poke|p1|Landorus, L50, M|\n|poke|p2|Flutter Mane, L50|\n|poke|p2|Groudon, L50|\n|poke|p2|Chi-Yu, L50|\n|poke|p2|Whimsicott, L50, F|\n|poke|p2|Toxapex, L50, M|\n|poke|p2|Annihilape, L50, M|\n|teampreview|4\n|inactive|Battle timer is ON: inactive players will automatically lose when time's up. (requested by koji muranishi)\n|inactive|test-on-calls has 60 seconds left.\n|\n|t:|1739365736\n|start\n|switch|p1a: Whimsicott|Whimsicott, L50, F|100\/100\n|switch|p1b: Chi-Yu|Chi-Yu, L50|100\/100\n|switch|p2a: Whimsicott|Whimsicott, L50, F|100\/100\n|switch|p2b: Annihilape|Annihilape, L50, M, shiny|100\/100\n|-ability|p1b: Chi-Yu|Beads of Ruin\n|turn|1\n|\n|t:|1739365752\n|move|p2a: Whimsicott|Tailwind|p2a: Whimsicott\n|-sidestart|p2: test-on-calls|move: Tailwind\n|move|p1a: Whimsicott|Tailwind|p1a: Whimsicott\n|-sidestart|p1: koji muranishi|move: Tailwind\n|move|p2b: Annihilape|Close Combat|p1b: Chi-Yu\n|-supereffective|p1b: Chi-Yu\n|-damage|p1b: Chi-Yu|0 fnt\n|-unboost|p2b: Annihilape|def|1\n|-unboost|p2b: Annihilape|spd|1\n|faint|p1b: Chi-Yu\n|\n|upkeep\n|inactive|koji muranishi has 30 seconds left.\n|inactive|koji muranishi has 20 seconds left.\n|\n|t:|1739365789\n|switch|p1b: Landorus|Landorus, L50, M|100\/100\n|turn|2\n|\n|t:|1739365798\n|switch|p2b: Groudon|Groudon, L50, shiny|100\/100\n|-weather|SunnyDay|[from] ability: Drought|[of] p2b: Groudon\n|move|p2a: Whimsicott|Encore|p1a: Whimsicott\n|-start|p1a: Whimsicott|Encore\n|move|p1b: Landorus|Sandsear Storm|p2a: Whimsicott|[spread] p2a,p2b\n|-resisted|p2a: Whimsicott\n|-damage|p2a: Whimsicott|40\/100\n|-damage|p2b: Groudon|58\/100\n|move|p1a: Whimsicott|Tailwind||[still]\n|-fail|p1a: Whimsicott\n|\n|-weather|SunnyDay|[upkeep]\n|upkeep\n|turn|3\n|\n|t:|1739365818\n|move|p1a: Whimsicott|Tailwind||[still]\n|-fail|p1a: Whimsicott\n|move|p2a: Whimsicott|Moonblast|p1b: Landorus\n|-damage|p1b: Landorus|51\/100\n|-unboost|p1b: Landorus|spa|1\n|move|p1b: Landorus|Sandsear Storm|p2b: Groudon|[spread] p2a,p2b\n|-resisted|p2a: Whimsicott\n|-damage|p2a: Whimsicott|7\/100\n|-damage|p2b: Groudon|30\/100\n|move|p2b: Groudon|Heat Crash|p1b: Landorus\n|-damage|p1b: Landorus|0 fnt\n|faint|p1b: Landorus\n|\n|-weather|SunnyDay|[upkeep]\n|upkeep\n|\n|t:|1739365834\n|switch|p1b: Calyrex|Calyrex-Ice, L50|100\/100\n|-ability|p1b: Calyrex|As One\n|-ability|p1b: Calyrex|Unnerve\n|turn|4\n|\n|t:|1739365841\n|move|p1a: Whimsicott|Tailwind||[still]\n|-fail|p1a: Whimsicott\n|move|p2a: Whimsicott|Moonblast|p1a: Whimsicott\n|-damage|p1a: Whimsicott|43\/100\n|move|p2b: Groudon|Heat Crash|p1a: Whimsicott\n|-supereffective|p1a: Whimsicott\n|-damage|p1a: Whimsicott|0 fnt\n|faint|p1a: Whimsicott\n|move|p1b: Calyrex|Glacial Lance|p2a: Whimsicott|[spread] p2a,p2b\n|-supereffective|p2a: Whimsicott\n|-supereffective|p2b: Groudon\n|-damage|p2a: Whimsicott|0 fnt\n|-damage|p2b: Groudon|0 fnt\n|faint|p2a: Whimsicott\n|faint|p2b: Groudon\n|-ability|p1b: Calyrex|Chilling Neigh|boost\n|-boost|p1b: Calyrex|atk|2\n|\n|-weather|SunnyDay|[upkeep]\n|-sideend|p1: koji muranishi|move: Tailwind\n|-sideend|p2: test-on-calls|move: Tailwind\n|upkeep\n|\n|t:|1739365843\n|switch|p2a: Flutter Mane|Flutter Mane, L50, shiny|100\/100\n|switch|p2b: Annihilape|Annihilape, L50, M, shiny|100\/100\n|-activate|p2a: Flutter Mane|ability: Protosynthesis\n|-start|p2a: Flutter Mane|protosynthesisspe\n|turn|5\n|\n|t:|1739365865\n|move|p2a: Flutter Mane|Shadow Ball|p1b: Calyrex\n|-supereffective|p1b: Calyrex\n|-damage|p1b: Calyrex|0 fnt\n|faint|p1b: Calyrex\n|\n|win|test-on-calls\n|raw|koji muranishi's rating: 1698 &rarr; <strong>1677<\/strong><br \/>(-21 for losing)\n|raw|test-on-calls's rating: 1689 &rarr; <strong>1710<\/strong><br \/>(+21 for winning)\n|l|\u2606koji muranishi\n|player|p1|\n|l|\u2606test-on-calls\n|player|p2|\n","uploadtime":1739366039,"views":51,"formatid":"gen9vgc2025regg","rating":1677,"private":0,"password":null}