{"id":"gen9vgc2025regg-2299855597","format":"[Gen 9] VGC 2025 Reg G","players":["girigiripeter","Weakest blow"],"log":"|j|\u2606girigiripeter\n|j|\u2606Weakest blow\n|t:|1739429603\n|gametype|doubles\n|player|p1|girigiripeter|170|1619\n|player|p2|Weakest blow|depotagent|1639\n|teamsize|p1|6\n|teamsize|p2|6\n|gen|9\n|tier|[Gen 9] VGC 2025 Reg G\n|rated|\n|rule|Species Clause: Limit one of each Pok\u00e9mon\n|rule|Item Clause: Limit 1 of each item\n|clearpoke\n|poke|p1|Miraidon, L50|\n|poke|p1|Farigiraf, L50, M|\n|poke|p1|Urshifu-*, L50, M|\n|poke|p1|Iron Hands, L50|\n|poke|p1|Incineroar, L50, F|\n|poke|p1|Iron Bundle, L50|\n|poke|p2|Gholdengo, L50|\n|poke|p2|Iron Hands, L50|\n|poke|p2|Miraidon, L50|\n|poke|p2|Pelipper, L50, F|\n|poke|p2|Volcarona, L50, F|\n|poke|p2|Whimsicott, L50, F|\n|teampreview|4\n|j| Wanshanmeiyangcui\n|j| Lord Licorice\n|\n|t:|1739429643\n|start\n|switch|p1a: Incineroar|Incineroar, L50, F|100\/100\n|switch|p1b: Farigiraf|Farigiraf, L50, M|100\/100\n|switch|p2a: Whimsicott|Whimsicott, L50, F|100\/100\n|switch|p2b: Miraidon|Miraidon, L50|100\/100\n|-fieldstart|move: Electric Terrain|[from] ability: Hadron Engine|[of] p2b: Miraidon\n|-ability|p1a: Incineroar|Intimidate|boost\n|-unboost|p2a: Whimsicott|atk|1\n|-unboost|p2b: Miraidon|atk|1\n|turn|1\n|l| Lord Licorice\n|\n|t:|1739429661\n|switch|p2a: Iron Hands|Iron Hands, L50|100\/100\n|-activate|p2a: Iron Hands|ability: Quark Drive\n|-start|p2a: Iron Hands|quarkdriveatk\n|move|p2b: Miraidon|Protect|p2b: Miraidon\n|-singleturn|p2b: Miraidon|Protect\n|move|p1a: Incineroar|Fake Out|p2b: Miraidon\n|-activate|p2b: Miraidon|move: Protect\n|move|p1b: Farigiraf|Trick Room|p1b: Farigiraf\n|-fieldstart|move: Trick Room|[of] p1b: Farigiraf\n|\n|upkeep\n|turn|2\n|\n|t:|1739429682\n|move|p1b: Farigiraf|Protect|p1b: Farigiraf\n|-singleturn|p1b: Farigiraf|Protect\n|move|p2a: Iron Hands|Low Kick|p1a: Incineroar\n|-supereffective|p1a: Incineroar\n|-damage|p1a: Incineroar|17\/100\n|-damage|p2a: Iron Hands|84\/100|[from] item: Rocky Helmet|[of] p1a: Incineroar\n|move|p1a: Incineroar|Will-O-Wisp|p2a: Iron Hands\n|-status|p2a: Iron Hands|brn\n|move|p2b: Miraidon|Electro Drift|p1b: Farigiraf\n|-activate|p1b: Farigiraf|move: Protect\n|\n|-damage|p2a: Iron Hands|78\/100 brn|[from] brn\n|upkeep\n|turn|3\n|\n|t:|1739429708\n|move|p2a: Iron Hands|Drain Punch|p1a: Incineroar\n|-supereffective|p1a: Incineroar\n|-damage|p1a: Incineroar|0 fnt\n|-heal|p2a: Iron Hands|85\/100 brn|[from] drain|[of] p1a: Incineroar\n|-damage|p2a: Iron Hands|69\/100 brn|[from] item: Rocky Helmet|[of] p1a: Incineroar\n|faint|p1a: Incineroar\n|move|p1b: Farigiraf|Hyper Voice|p2a: Iron Hands|[spread] p2a,p2b\n|-damage|p2a: Iron Hands|55\/100 brn\n|-damage|p2b: Miraidon|75\/100\n|-enditem|p1b: Farigiraf|Throat Spray\n|-boost|p1b: Farigiraf|spa|1|[from] item: Throat Spray\n|move|p2b: Miraidon|Draco Meteor|p1b: Farigiraf\n|-damage|p1b: Farigiraf|0 fnt\n|-unboost|p2b: Miraidon|spa|2\n|faint|p1b: Farigiraf\n|-damage|p2b: Miraidon|66\/100|[from] item: Life Orb\n|\n|-damage|p2a: Iron Hands|49\/100 brn|[from] brn\n|upkeep\n|\n|t:|1739429722\n|switch|p1b: Urshifu|Urshifu-Rapid-Strike, L50, M|100\/100\n|switch|p1a: Miraidon|Miraidon, L50|100\/100\n|-activate|p1a: Miraidon|ability: Hadron Engine\n|turn|4\n|\n|t:|1739429746\n|-terastallize|p1a: Miraidon|Fairy\n|move|p2a: Iron Hands|Low Kick|p1a: Miraidon\n|-resisted|p1a: Miraidon\n|-damage|p1a: Miraidon|78\/100\n|move|p1b: Urshifu|Surging Strikes|p2b: Miraidon\n|-resisted|p2b: Miraidon\n|-crit|p2b: Miraidon\n|-damage|p2b: Miraidon|54\/100\n|-resisted|p2b: Miraidon\n|-crit|p2b: Miraidon\n|-damage|p2b: Miraidon|41\/100\n|-resisted|p2b: Miraidon\n|-crit|p2b: Miraidon\n|-damage|p2b: Miraidon|30\/100\n|-hitcount|p2b: Miraidon|3\n|move|p1a: Miraidon|Dazzling Gleam|p2a: Iron Hands|[spread] p2a,p2b\n|-supereffective|p2a: Iron Hands\n|-supereffective|p2b: Miraidon\n|-damage|p2a: Iron Hands|0 fnt\n|-damage|p2b: Miraidon|0 fnt\n|faint|p2a: Iron Hands\n|-end|p2a: Iron Hands|Quark Drive|[silent]\n|faint|p2b: Miraidon\n|\n|upkeep\n|\n|t:|1739429766\n|switch|p2a: Gholdengo|Gholdengo, L50|100\/100\n|switch|p2b: Whimsicott|Whimsicott, L50, F|100\/100\n|turn|5\n|\n|t:|1739429780\n|move|p1b: Urshifu|Surging Strikes|p2a: Gholdengo\n|-crit|p2a: Gholdengo\n|-damage|p2a: Gholdengo|70\/100\n|-crit|p2a: Gholdengo\n|-damage|p2a: Gholdengo|42\/100\n|-crit|p2a: Gholdengo\n|-damage|p2a: Gholdengo|12\/100\n|-hitcount|p2a: Gholdengo|3\n|move|p2a: Gholdengo|Make It Rain|p1a: Miraidon|[spread] p1a,p1b\n|-supereffective|p1a: Miraidon\n|-resisted|p1b: Urshifu\n|-damage|p1a: Miraidon|0 fnt\n|-damage|p1b: Urshifu|68\/100\n|-unboost|p2a: Gholdengo|spa|1\n|faint|p1a: Miraidon\n|move|p2b: Whimsicott|Moonblast|p1b: Urshifu\n|-supereffective|p1b: Urshifu\n|-damage|p1b: Urshifu|5\/100\n|\n|-fieldend|move: Trick Room\n|-fieldend|move: Electric Terrain\n|upkeep\n|turn|6\n|-message|girigiripeter forfeited.\n|\n|win|Weakest blow\n|raw|girigiripeter's rating: 1619 &rarr; <strong>1600<\/strong><br \/>(-19 for losing)\n|raw|Weakest blow's rating: 1639 &rarr; <strong>1658<\/strong><br \/>(+19 for winning)\n|l|\u2606girigiripeter\n|player|p1|\n|l| Wanshanmeiyangcui\n|l|\u2606Weakest blow\n|player|p2|\n","uploadtime":1739429808,"views":39,"formatid":"gen9vgc2025regg","rating":1600,"private":0,"password":null}