{"id":"gen9vgc2025regg-2299419293","format":"[Gen 9] VGC 2025 Reg G","players":["Hanou143","BLiiNDProdiigy"],"log":"|j|\u2606Hanou143\n|j|\u2606BLiiNDProdiigy\n|t:|1739377450\n|gametype|doubles\n|player|p1|Hanou143|102|1587\n|player|p2|BLiiNDProdiigy|rocketgrunt|1660\n|teamsize|p1|6\n|teamsize|p2|6\n|gen|9\n|tier|[Gen 9] VGC 2025 Reg G\n|rated|\n|rule|Species Clause: Limit one of each Pok\u00e9mon\n|rule|Item Clause: Limit 1 of each item\n|clearpoke\n|poke|p1|Calyrex-Shadow, L50|\n|poke|p1|Jigglypuff, L50, F|\n|poke|p1|Pelipper, L50, F|\n|poke|p1|Rillaboom, L50, F|\n|poke|p1|Incineroar, L50, F|\n|poke|p1|Urshifu-*, L50, M|\n|poke|p2|Terapagos, L50, M|\n|poke|p2|Incineroar, L50, M|\n|poke|p2|Rillaboom, L50, F|\n|poke|p2|Urshifu-*, L50, F|\n|poke|p2|Flutter Mane, L50|\n|poke|p2|Ogerpon-Hearthflame, L50, F|\n|teampreview|4\n|inactive|Battle timer is ON: inactive players will automatically lose when time's up. (requested by Hanou143)\n|\n|t:|1739377474\n|start\n|switch|p1a: Calyrex|Calyrex-Shadow, L50|100\/100\n|switch|p1b: Incineroar|Incineroar, L50, F|100\/100\n|switch|p2a: Terapagos|Terapagos, L50, M|100\/100\n|switch|p2b: Incineroar|Incineroar, L50, M|100\/100\n|-activate|p2a: Terapagos|ability: Tera Shift\n|detailschange|p2a: Terapagos|Terapagos-Terastal, L50, M\n|-heal|p2a: Terapagos|100\/100|[silent]\n|-ability|p1a: Calyrex|As One\n|-ability|p1a: Calyrex|Unnerve\n|-ability|p2b: Incineroar|Intimidate|boost\n|-unboost|p1a: Calyrex|atk|1\n|-unboost|p1b: Incineroar|atk|1\n|-ability|p1b: Incineroar|Intimidate|boost\n|-unboost|p2a: Terapagos|atk|1\n|-unboost|p2b: Incineroar|atk|1\n|turn|1\n|inactive|Hanou143 has 30 seconds left.\n|\n|t:|1739377499\n|-terastallize|p1a: Calyrex|Grass\n|move|p1a: Calyrex|Calm Mind|p1a: Calyrex\n|-boost|p1a: Calyrex|spa|1\n|-boost|p1a: Calyrex|spd|1\n|move|p2a: Terapagos|Substitute|p2a: Terapagos\n|-start|p2a: Terapagos|Substitute\n|-damage|p2a: Terapagos|76\/100\n|move|p2b: Incineroar|Knock Off|p1a: Calyrex\n|-damage|p1a: Calyrex|81\/100\n|-enditem|p1a: Calyrex|Covert Cloak|[from] move: Knock Off|[of] p2b: Incineroar\n|move|p1b: Incineroar|Knock Off|p2a: Terapagos\n|-end|p2a: Terapagos|Substitute\n|\n|-heal|p2a: Terapagos|82\/100|[from] item: Leftovers\n|upkeep\n|turn|2\n|\n|t:|1739377519\n|move|p1a: Calyrex|Calm Mind|p1a: Calyrex\n|-boost|p1a: Calyrex|spa|1\n|-boost|p1a: Calyrex|spd|1\n|move|p2a: Terapagos|Substitute|p2a: Terapagos\n|-start|p2a: Terapagos|Substitute\n|-damage|p2a: Terapagos|57\/100\n|move|p2b: Incineroar|Parting Shot|p1b: Incineroar\n|-unboost|p1b: Incineroar|atk|1\n|-unboost|p1b: Incineroar|spa|1\n|\n|t:|1739377528\n|switch|p2b: Flutter Mane|Flutter Mane, L50|100\/100|[from] Parting Shot\n|-enditem|p2b: Flutter Mane|Booster Energy\n|-activate|p2b: Flutter Mane|ability: Protosynthesis|[fromitem]\n|-start|p2b: Flutter Mane|protosynthesisspe\n|move|p1b: Incineroar|Knock Off|p2a: Terapagos\n|-activate|p2a: Terapagos|move: Substitute|[damage]\n|\n|-heal|p2a: Terapagos|63\/100|[from] item: Leftovers\n|upkeep\n|turn|3\n|\n|t:|1739377545\n|move|p2b: Flutter Mane|Thunder Wave|p1a: Calyrex\n|-status|p1a: Calyrex|par\n|move|p2a: Terapagos|Calm Mind|p2a: Terapagos\n|-boost|p2a: Terapagos|spa|1\n|-boost|p2a: Terapagos|spd|1\n|move|p1a: Calyrex|Giga Drain|p2a: Terapagos\n|-end|p2a: Terapagos|Substitute\n|-heal|p1a: Calyrex|83\/100 par|[from] drain|[of] p2a: Terapagos\n|move|p1b: Incineroar|Knock Off|p2a: Terapagos\n|-damage|p2a: Terapagos|42\/100\n|-enditem|p2a: Terapagos|Leftovers|[from] move: Knock Off|[of] p1b: Incineroar\n|\n|upkeep\n|turn|4\n|inactive|Hanou143 has 30 seconds left.\n|\n|t:|1739377574\n|-terastallize|p2a: Terapagos|Stellar\n|detailschange|p2a: Terapagos|Terapagos-Stellar, L50, M, tera:Stellar\n|-heal|p2a: Terapagos|57\/100|[silent]\n|move|p2b: Flutter Mane|Moonblast|p1b: Incineroar\n|-damage|p1b: Incineroar|60\/100\n|-unboost|p1b: Incineroar|spa|1\n|move|p2a: Terapagos|Tera Starstorm|p1a: Calyrex|[spread] p1a,p1b\n|-supereffective|p1a: Calyrex\n|-damage|p1a: Calyrex|33\/100 par\n|-damage|p1b: Incineroar|6\/100\n|-enditem|p1b: Incineroar|Sitrus Berry|[eat]\n|-heal|p1b: Incineroar|31\/100|[from] item: Sitrus Berry\n|move|p1a: Calyrex|Giga Drain|p2a: Terapagos\n|-damage|p2a: Terapagos|20\/100\n|-heal|p1a: Calyrex|56\/100 par|[from] drain|[of] p2a: Terapagos\n|move|p1b: Incineroar|Parting Shot|p2a: Terapagos\n|-unboost|p2a: Terapagos|atk|1\n|-unboost|p2a: Terapagos|spa|1\n|j| Meiser63\n|\n|t:|1739377591\n|switch|p1b: Jigglypuff|Jigglypuff, L50, F|100\/100|[from] Parting Shot\n|\n|upkeep\n|turn|5\n|\n|t:|1739377603\n|move|p2a: Terapagos|Protect|p2a: Terapagos\n|-singleturn|p2a: Terapagos|Protect\n|move|p2b: Flutter Mane|Icy Wind|p1a: Calyrex|[spread] p1a,p1b\n|-supereffective|p1a: Calyrex\n|-damage|p1a: Calyrex|48\/100 par\n|-damage|p1b: Jigglypuff|90\/100\n|-unboost|p1a: Calyrex|spe|1\n|-unboost|p1b: Jigglypuff|spe|1\n|move|p1a: Calyrex|Giga Drain|p2a: Terapagos\n|-activate|p2a: Terapagos|move: Protect\n|move|p1b: Jigglypuff|Heal Pulse|p1a: Calyrex\n|-heal|p1a: Calyrex|98\/100 par\n|\n|upkeep\n|turn|6\n|\n|t:|1739377625\n|move|p1b: Jigglypuff|Protect|p1b: Jigglypuff\n|-singleturn|p1b: Jigglypuff|Protect\n|move|p2b: Flutter Mane|Moonblast|p1a: Calyrex\n|-damage|p1a: Calyrex|84\/100 par\n|-unboost|p1a: Calyrex|spa|1\n|move|p2a: Terapagos|Tera Starstorm|p1a: Calyrex|[spread] p1a\n|-activate|p1b: Jigglypuff|move: Protect\n|-supereffective|p1a: Calyrex\n|-damage|p1a: Calyrex|61\/100 par\n|cant|p1a: Calyrex|par\n|\n|upkeep\n|turn|7\n|inactive|BLiiNDProdiigy has 30 seconds left.\n|inactive|Hanou143 has 30 seconds left.\n|\n|t:|1739377662\n|-end|p2b: Flutter Mane|Protosynthesis|[silent]\n|switch|p2b: Ogerpon|Ogerpon-Hearthflame, L50, F|100\/100\n|-ability|p2b: Ogerpon|Mold Breaker\n|move|p2a: Terapagos|Protect|p2a: Terapagos\n|-singleturn|p2a: Terapagos|Protect\n|move|p1a: Calyrex|Giga Drain|p2a: Terapagos\n|-activate|p2a: Terapagos|move: Protect\n|move|p1b: Jigglypuff|Heal Pulse|p1a: Calyrex\n|-heal|p1a: Calyrex|100\/100 par\n|\n|upkeep\n|turn|8\n|inactive|Hanou143 has 30 seconds left.\n|inactive|Hanou143 has 20 seconds left.\n|inactive|Hanou143 has 15 seconds left.\n|\n|t:|1739377702\n|switch|p1b: Pelipper|Pelipper, L50, F|100\/100\n|-weather|RainDance|[from] ability: Drizzle|[of] p1b: Pelipper\n|move|p1a: Calyrex|Protect|p1a: Calyrex\n|-singleturn|p1a: Calyrex|Protect\n|move|p2b: Ogerpon|Ivy Cudgel|p1b: Pelipper|[anim] Ivy Cudgel Fire\n|-resisted|p1b: Pelipper\n|-damage|p1b: Pelipper|87\/100\n|move|p2a: Terapagos|Tera Starstorm|p1b: Pelipper|[spread] p1b\n|-activate|p1a: Calyrex|move: Protect\n|-damage|p1b: Pelipper|36\/100\n|\n|-weather|RainDance|[upkeep]\n|upkeep\n|turn|9\n|inactive|Hanou143 has 30 seconds left.\n|\n|t:|1739377734\n|switch|p1b: Incineroar|Incineroar, L50, F|31\/100\n|-ability|p1b: Incineroar|Intimidate|boost\n|-unboost|p2a: Terapagos|atk|1\n|-unboost|p2b: Ogerpon|atk|1\n|move|p2a: Terapagos|Protect|p2a: Terapagos\n|-singleturn|p2a: Terapagos|Protect\n|move|p2b: Ogerpon|Wood Hammer|p1b: Incineroar\n|-resisted|p1b: Incineroar\n|-damage|p1b: Incineroar|5\/100\n|-damage|p2b: Ogerpon|92\/100|[from] Recoil\n|move|p1a: Calyrex|Astral Barrage|p2a: Terapagos|[spread] p2b\n|-activate|p2a: Terapagos|move: Protect\n|-damage|p2b: Ogerpon|18\/100\n|\n|-weather|RainDance|[upkeep]\n|upkeep\n|turn|10\n|\n|t:|1739377754\n|switch|p2a: Incineroar|Incineroar, L50, M|100\/100\n|-ability|p2a: Incineroar|Intimidate|boost\n|-unboost|p1a: Calyrex|atk|1\n|-unboost|p1b: Incineroar|atk|1\n|move|p1b: Incineroar|Fake Out|p2b: Ogerpon\n|-damage|p2b: Ogerpon|7\/100\n|cant|p2b: Ogerpon|flinch\n|move|p1a: Calyrex|Giga Drain|p2a: Incineroar\n|-resisted|p2a: Incineroar\n|-damage|p2a: Incineroar|73\/100\n|\n|-weather|RainDance|[upkeep]\n|upkeep\n|turn|11\n|\n|t:|1739377768\n|switch|p1b: Jigglypuff|Jigglypuff, L50, F|90\/100\n|move|p1a: Calyrex|Protect|p1a: Calyrex\n|-singleturn|p1a: Calyrex|Protect\n|move|p2b: Ogerpon|Ivy Cudgel|p1b: Jigglypuff|[anim] Ivy Cudgel Fire\n|-crit|p1b: Jigglypuff\n|-damage|p1b: Jigglypuff|50\/100\n|move|p2a: Incineroar|Parting Shot|p1a: Calyrex\n|-activate|p1a: Calyrex|move: Protect\n|\n|-weather|RainDance|[upkeep]\n|upkeep\n|turn|12\n|\n|t:|1739377789\n|switch|p2b: Terapagos|Terapagos-Stellar, L50, M, tera:Stellar|20\/100\n|move|p2a: Incineroar|Knock Off|p1b: Jigglypuff\n|-resisted|p1b: Jigglypuff\n|-damage|p1b: Jigglypuff|31\/100\n|-enditem|p1b: Jigglypuff|Eviolite|[from] move: Knock Off|[of] p2a: Incineroar\n|cant|p1a: Calyrex|par\n|move|p1b: Jigglypuff|Sing|p2a: Incineroar|[miss]\n|-miss|p1b: Jigglypuff|p2a: Incineroar\n|\n|-weather|none\n|upkeep\n|turn|13\n|inactive|Hanou143 has 30 seconds left.\n|inactive|Hanou143 has 20 seconds left.\n|\n|t:|1739377827\n|move|p2b: Terapagos|Tera Starstorm|p1b: Jigglypuff|[spread] p1a,p1b\n|-supereffective|p1a: Calyrex\n|-damage|p1a: Calyrex|76\/100 par\n|-damage|p1b: Jigglypuff|0 fnt\n|faint|p1b: Jigglypuff\n|move|p2a: Incineroar|Parting Shot|p1a: Calyrex\n|-unboost|p1a: Calyrex|atk|1\n|-unboost|p1a: Calyrex|spa|1\n|\n|t:|1739377839\n|switch|p2a: Flutter Mane|Flutter Mane, L50|100\/100|[from] Parting Shot\n|move|p1a: Calyrex|Astral Barrage|p2b: Terapagos|[spread] p2a\n|-immune|p2b: Terapagos\n|-supereffective|p2a: Flutter Mane\n|-damage|p2a: Flutter Mane|24\/100\n|\n|upkeep\n|\n|t:|1739377847\n|switch|p1b: Pelipper|Pelipper, L50, F|36\/100\n|-weather|RainDance|[from] ability: Drizzle|[of] p1b: Pelipper\n|turn|14\n|\n|t:|1739377855\n|move|p2a: Flutter Mane|Protect|p2a: Flutter Mane\n|-singleturn|p2a: Flutter Mane|Protect\n|move|p2b: Terapagos|Protect|p2b: Terapagos\n|-singleturn|p2b: Terapagos|Protect\n|move|p1b: Pelipper|Wide Guard|p1b: Pelipper\n|-singleturn|p1b: Pelipper|Wide Guard\n|move|p1a: Calyrex|Giga Drain|p2a: Flutter Mane\n|-activate|p2a: Flutter Mane|move: Protect\n|\n|-weather|RainDance|[upkeep]\n|upkeep\n|turn|15\n|\n|t:|1739377865\n|switch|p2b: Incineroar|Incineroar, L50, M|73\/100\n|-ability|p2b: Incineroar|Intimidate|boost\n|-unboost|p1a: Calyrex|atk|1\n|-unboost|p1b: Pelipper|atk|1\n|move|p1b: Pelipper|Wide Guard|p1b: Pelipper\n|-singleturn|p1b: Pelipper|Wide Guard\n|move|p2a: Flutter Mane|Moonblast|p1b: Pelipper\n|-damage|p1b: Pelipper|0 fnt\n|faint|p1b: Pelipper\n|move|p1a: Calyrex|Giga Drain|p2a: Flutter Mane\n|-damage|p2a: Flutter Mane|0 fnt\n|-heal|p1a: Calyrex|85\/100 par|[from] drain|[of] p2a: Flutter Mane\n|faint|p2a: Flutter Mane\n|-end|p2a: Flutter Mane|Protosynthesis|[silent]\n|-ability|p1a: Calyrex|Grim Neigh|boost\n|-boost|p1a: Calyrex|spa|1\n|\n|-weather|RainDance|[upkeep]\n|upkeep\n|\n|t:|1739377883\n|switch|p2a: Terapagos|Terapagos-Stellar, L50, M, tera:Stellar|20\/100\n|switch|p1b: Incineroar|Incineroar, L50, F|5\/100\n|-ability|p1b: Incineroar|Intimidate|boost\n|-unboost|p2a: Terapagos|atk|1\n|-unboost|p2b: Incineroar|atk|1\n|turn|16\n|\n|t:|1739377899\n|move|p2a: Terapagos|Protect|p2a: Terapagos\n|-singleturn|p2a: Terapagos|Protect\n|move|p2b: Incineroar|Fake Out|p1b: Incineroar\n|-damage|p1b: Incineroar|0 fnt\n|faint|p1b: Incineroar\n|move|p1a: Calyrex|Giga Drain|p2a: Terapagos\n|-activate|p2a: Terapagos|move: Protect\n|\n|-weather|RainDance|[upkeep]\n|upkeep\n|turn|17\n|\n|t:|1739377910\n|move|p2a: Terapagos|Tera Starstorm|p1a: Calyrex\n|-supereffective|p1a: Calyrex\n|-damage|p1a: Calyrex|41\/100 par\n|move|p2b: Incineroar|Knock Off|p1a: Calyrex\n|-damage|p1a: Calyrex|29\/100 par\n|move|p1a: Calyrex|Giga Drain|p2a: Terapagos\n|-damage|p2a: Terapagos|0 fnt\n|-heal|p1a: Calyrex|42\/100 par|[from] drain|[of] p2a: Terapagos\n|faint|p2a: Terapagos\n|-ability|p1a: Calyrex|Grim Neigh|boost\n|-boost|p1a: Calyrex|spa|1\n|\n|-weather|RainDance|[upkeep]\n|upkeep\n|\n|t:|1739377913\n|switch|p2a: Ogerpon|Ogerpon-Hearthflame, L50, F|7\/100\n|-ability|p2a: Ogerpon|Mold Breaker\n|turn|18\n|\n|t:|1739377917\n|move|p2a: Ogerpon|Spiky Shield|p2a: Ogerpon\n|-singleturn|p2a: Ogerpon|move: Protect\n|move|p2b: Incineroar|Knock Off|p1a: Calyrex\n|-damage|p1a: Calyrex|30\/100 par\n|move|p1a: Calyrex|Astral Barrage|p2a: Ogerpon|[spread] p2b\n|-activate|p2a: Ogerpon|move: Protect\n|-resisted|p2b: Incineroar\n|-damage|p2b: Incineroar|26\/100\n|\n|-weather|none\n|upkeep\n|turn|19\n|-message|Hanou143 forfeited.\n|\n|win|BLiiNDProdiigy\n|raw|Hanou143's rating: 1587 &rarr; <strong>1571<\/strong><br \/>(-16 for losing)\n|raw|BLiiNDProdiigy's rating: 1660 &rarr; <strong>1676<\/strong><br \/>(+16 for winning)\n|l|\u2606Hanou143\n|player|p1|\n","uploadtime":1739377939,"views":59,"formatid":"gen9vgc2025regg","rating":1571,"private":0,"password":null}