{"id":"gen9vgc2025regg-2299245816","format":"[Gen 9] VGC 2025 Reg G","players":["Dv147","Weakest blow"],"log":"|j|\u2606Dv147\n|j|\u2606Weakest blow\n|t:|1739355412\n|gametype|doubles\n|player|p1|Dv147|2|1576\n|player|p2|Weakest blow|depotagent|1595\n|teamsize|p1|6\n|teamsize|p2|6\n|gen|9\n|tier|[Gen 9] VGC 2025 Reg G\n|rated|\n|rule|Species Clause: Limit one of each Pok\u00e9mon\n|rule|Item Clause: Limit 1 of each item\n|clearpoke\n|poke|p1|Clefairy, L50, F|\n|poke|p1|Incineroar, L50, F|\n|poke|p1|Calyrex-Shadow, L50|\n|poke|p1|Grimmsnarl, L50, M|\n|poke|p1|Raging Bolt, L50|\n|poke|p1|Amoonguss, L50, F|\n|poke|p2|Gholdengo, L50|\n|poke|p2|Iron Hands, L50|\n|poke|p2|Miraidon, L50|\n|poke|p2|Pelipper, L50, M|\n|poke|p2|Volcarona, L50, F|\n|poke|p2|Whimsicott, L50, M|\n|teampreview|4\n|inactive|Battle timer is ON: inactive players will automatically lose when time's up. (requested by Dv147)\n|\n|t:|1739355449\n|start\n|switch|p1a: Calyrex|Calyrex-Shadow, L50|100\/100\n|switch|p1b: Incineroar|Incineroar, L50, F|100\/100\n|switch|p2a: Gholdengo|Gholdengo, L50|100\/100\n|switch|p2b: Miraidon|Miraidon, L50|100\/100\n|-ability|p1a: Calyrex|As One\n|-ability|p1a: Calyrex|Unnerve\n|-fieldstart|move: Electric Terrain|[from] ability: Hadron Engine|[of] p2b: Miraidon\n|-ability|p1b: Incineroar|Intimidate|boost\n|-unboost|p2a: Gholdengo|atk|1\n|-unboost|p2b: Miraidon|atk|1\n|turn|1\n|inactive|Weakest blow has 30 seconds left.\n|\n|t:|1739355480\n|switch|p2b: Iron Hands|Iron Hands, L50|100\/100\n|-activate|p2b: Iron Hands|ability: Quark Drive\n|-start|p2b: Iron Hands|quarkdriveatk\n|-terastallize|p1a: Calyrex|Fairy\n|move|p2a: Gholdengo|Protect|p2a: Gholdengo\n|-singleturn|p2a: Gholdengo|Protect\n|move|p1b: Incineroar|Fake Out|p2b: Iron Hands\n|-damage|p2b: Iron Hands|93\/100\n|move|p1a: Calyrex|Calm Mind|p1a: Calyrex\n|-boost|p1a: Calyrex|spa|1\n|-boost|p1a: Calyrex|spd|1\n|\n|upkeep\n|turn|2\n|\n|t:|1739355504\n|move|p1a: Calyrex|Protect|p1a: Calyrex\n|-singleturn|p1a: Calyrex|Protect\n|move|p2a: Gholdengo|Make It Rain|p1b: Incineroar|[spread] p1b\n|-activate|p1a: Calyrex|move: Protect\n|-resisted|p1b: Incineroar\n|-damage|p1b: Incineroar|77\/100\n|-unboost|p2a: Gholdengo|spa|1\n|move|p1b: Incineroar|Knock Off|p2a: Gholdengo\n|-supereffective|p2a: Gholdengo\n|-damage|p2a: Gholdengo|3\/100\n|-enditem|p2a: Gholdengo|Focus Sash|[from] move: Knock Off|[of] p1b: Incineroar\n|move|p2b: Iron Hands|Drain Punch|p1b: Incineroar\n|-supereffective|p1b: Incineroar\n|-damage|p1b: Incineroar|0 fnt\n|-heal|p2b: Iron Hands|100\/100|[from] drain|[of] p1b: Incineroar\n|faint|p1b: Incineroar\n|\n|upkeep\n|\n|t:|1739355524\n|switch|p1b: Clefairy|Clefairy, L50, F|100\/100\n|turn|3\n|\n|t:|1739355532\n|-terastallize|p2a: Gholdengo|Normal\n|move|p1a: Calyrex|Astral Barrage|p2a: Gholdengo|[spread] p2b\n|-immune|p2a: Gholdengo\n|-damage|p2b: Iron Hands|64\/100\n|move|p2a: Gholdengo|Make It Rain|p1b: Clefairy|[spread] p1a,p1b\n|-supereffective|p1a: Calyrex\n|-supereffective|p1b: Clefairy\n|-damage|p1a: Calyrex|70\/100\n|-damage|p1b: Clefairy|40\/100\n|-unboost|p2a: Gholdengo|spa|1\n|move|p2b: Iron Hands|Heavy Slam|p1a: Calyrex\n|-supereffective|p1a: Calyrex\n|-damage|p1a: Calyrex|0 fnt\n|faint|p1a: Calyrex\n|move|p1b: Clefairy|Life Dew|p1b: Clefairy\n|-heal|p1b: Clefairy|65\/100\n|\n|upkeep\n|\n|t:|1739355553\n|switch|p1a: Raging Bolt|Raging Bolt, L50|100\/100\n|turn|4\n|j| Meditate golisopod\n|\n|t:|1739355563\n|switch|p2a: Whimsicott|Whimsicott, L50, M|100\/100\n|move|p1a: Raging Bolt|Electroweb|p2b: Iron Hands|[spread] p2a,p2b\n|-resisted|p2a: Whimsicott\n|-resisted|p2b: Iron Hands\n|-damage|p2a: Whimsicott|82\/100\n|-damage|p2b: Iron Hands|56\/100\n|-unboost|p2b: Iron Hands|spe|1\n|move|p2b: Iron Hands|Low Kick|p1a: Raging Bolt\n|-damage|p1a: Raging Bolt|42\/100\n|move|p1b: Clefairy|Life Dew|p1b: Clefairy|[spread] p1a,p1b\n|-heal|p1a: Raging Bolt|67\/100\n|-heal|p1b: Clefairy|91\/100\n|\n|upkeep\n|turn|5\n|\n|t:|1739355586\n|move|p2a: Whimsicott|Encore|p1b: Clefairy\n|-start|p1b: Clefairy|Encore\n|move|p1a: Raging Bolt|Electroweb|p2b: Iron Hands|[spread] p2a,p2b\n|-resisted|p2a: Whimsicott\n|-resisted|p2b: Iron Hands\n|-damage|p2a: Whimsicott|61\/100\n|-damage|p2b: Iron Hands|47\/100\n|-unboost|p2b: Iron Hands|spe|1\n|move|p1b: Clefairy|Life Dew|p1b: Clefairy|[spread] p1a,p1b\n|-heal|p1a: Raging Bolt|92\/100\n|-heal|p1b: Clefairy|100\/100\n|move|p2b: Iron Hands|Heavy Slam|p1b: Clefairy\n|-supereffective|p1b: Clefairy\n|-damage|p1b: Clefairy|0 fnt\n|faint|p1b: Clefairy\n|\n|-fieldend|move: Electric Terrain\n|-end|p2b: Iron Hands|Quark Drive\n|upkeep\n|turn|6\n|l| Meditate golisopod\n|\n|t:|1739355607\n|move|p2a: Whimsicott|Encore|p1a: Raging Bolt\n|-start|p1a: Raging Bolt|Encore\n|move|p1a: Raging Bolt|Electroweb|p2b: Iron Hands|[spread] p2a,p2b\n|-resisted|p2a: Whimsicott\n|-resisted|p2b: Iron Hands\n|-damage|p2a: Whimsicott|46\/100\n|-damage|p2b: Iron Hands|42\/100\n|-unboost|p2b: Iron Hands|spe|1\n|move|p2b: Iron Hands|Drain Punch|p1a: Raging Bolt\n|-damage|p1a: Raging Bolt|58\/100\n|-heal|p2b: Iron Hands|58\/100|[from] drain|[of] p1a: Raging Bolt\n|\n|upkeep\n|turn|7\n|\n|t:|1739355625\n|move|p2a: Whimsicott|Moonblast|p1a: Raging Bolt\n|-supereffective|p1a: Raging Bolt\n|-damage|p1a: Raging Bolt|25\/100\n|move|p1a: Raging Bolt|Electroweb|p2a: Whimsicott|[spread] p2a,p2b\n|-resisted|p2a: Whimsicott\n|-resisted|p2b: Iron Hands\n|-damage|p2a: Whimsicott|31\/100\n|-damage|p2b: Iron Hands|51\/100\n|-unboost|p2b: Iron Hands|spe|1\n|move|p2b: Iron Hands|Low Kick|p1a: Raging Bolt\n|-damage|p1a: Raging Bolt|0 fnt\n|faint|p1a: Raging Bolt\n|-end|p1a: Raging Bolt|Protosynthesis|[silent]\n|\n|win|Weakest blow\n|raw|Dv147's rating: 1576 &rarr; <strong>1557<\/strong><br \/>(-19 for losing)\n|raw|Weakest blow's rating: 1595 &rarr; <strong>1614<\/strong><br \/>(+19 for winning)\n|l|\u2606Dv147\n|player|p1|\n","uploadtime":1739355640,"views":26,"formatid":"gen9vgc2025regg","rating":1557,"private":0,"password":null}