{"id":"gen9vgc2025regg-2299665643","format":"[Gen 9] VGC 2025 Reg G","players":["chappell murkroan","Kwiper"],"log":"|j|\u2606chappell murkroan\n|j|\u2606Kwiper\n|t:|1739402305\n|gametype|doubles\n|player|p1|chappell murkroan|caitlin|1662\n|player|p2|Kwiper|sycamore|1653\n|teamsize|p1|6\n|teamsize|p2|6\n|gen|9\n|tier|[Gen 9] VGC 2025 Reg G\n|rated|\n|rule|Species Clause: Limit one of each Pok\u00e9mon\n|rule|Item Clause: Limit 1 of each item\n|clearpoke\n|poke|p1|Torkoal, L50, F|\n|poke|p1|Lilligant-Hisui, L50, F|\n|poke|p1|Calyrex-Ice, L50|\n|poke|p1|Raging Bolt, L50|\n|poke|p1|Indeedee-F, L50, F|\n|poke|p1|Iron Valiant, L50|\n|poke|p2|Koraidon, L50|\n|poke|p2|Flutter Mane, L50|\n|poke|p2|Raging Bolt, L50|\n|poke|p2|Tornadus, L50, M|\n|poke|p2|Chi-Yu, L50|\n|poke|p2|Bastiodon, L50, F|\n|teampreview|4\n|inactive|Battle timer is ON: inactive players will automatically lose when time's up. (requested by Kwiper)\n|inactive|chappell murkroan also wants the timer to be on.\n|\n|t:|1739402335\n|start\n|switch|p1a: Dame Over|Iron Valiant, L50|100\/100\n|switch|p1b: Sheist Rider|Calyrex-Ice, L50|100\/100\n|switch|p2a: Flutter Mane|Flutter Mane, L50|100\/100\n|switch|p2b: Chi-Yu|Chi-Yu, L50|100\/100\n|-ability|p1b: Sheist Rider|As One\n|-ability|p1b: Sheist Rider|Unnerve\n|-ability|p2b: Chi-Yu|Beads of Ruin\n|-enditem|p1a: Dame Over|Booster Energy\n|-activate|p1a: Dame Over|ability: Quark Drive|[fromitem]\n|-start|p1a: Dame Over|quarkdrivespe\n|turn|1\n|\n|t:|1739402349\n|-terastallize|p1b: Sheist Rider|Water\n|move|p1a: Dame Over|Wide Guard|p1a: Dame Over\n|-singleturn|p1a: Dame Over|Wide Guard\n|move|p2a: Flutter Mane|Moonblast|p1a: Dame Over\n|-supereffective|p1a: Dame Over\n|-crit|p1a: Dame Over\n|-damage|p1a: Dame Over|0 fnt\n|faint|p1a: Dame Over\n|-end|p1a: Dame Over|Quark Drive|[silent]\n|move|p2b: Chi-Yu|Dark Pulse|p1b: Sheist Rider\n|-damage|p1b: Sheist Rider|51\/100\n|move|p1b: Sheist Rider|Glacial Lance|p2b: Chi-Yu|[spread] p2a,p2b\n|-resisted|p2b: Chi-Yu\n|-enditem|p2a: Flutter Mane|Focus Sash\n|-damage|p2a: Flutter Mane|1\/100\n|-damage|p2b: Chi-Yu|55\/100\n|\n|upkeep\n|\n|t:|1739402364\n|switch|p1a: Dairy Jane|Indeedee-F, L50, F|100\/100\n|-fieldstart|move: Psychic Terrain|[from] ability: Psychic Surge|[of] p1a: Dairy Jane\n|turn|2\n|\n|t:|1739402384\n|-end|p2a: Flutter Mane|Protosynthesis|[silent]\n|switch|p2a: Bastiodon|Bastiodon, L50, F|100\/100\n|move|p1a: Dairy Jane|Follow Me|p1a: Dairy Jane\n|-singleturn|p1a: Dairy Jane|move: Follow Me\n|move|p2b: Chi-Yu|Dark Pulse|p1a: Dairy Jane\n|-supereffective|p1a: Dairy Jane\n|-damage|p1a: Dairy Jane|0 fnt\n|faint|p1a: Dairy Jane\n|move|p1b: Sheist Rider|Trick Room|p1b: Sheist Rider\n|-fieldstart|move: Trick Room|[of] p1b: Sheist Rider\n|\n|upkeep\n|\n|t:|1739402390\n|switch|p1a: Cloud Nein|Raging Bolt, L50|100\/100\n|turn|3\n|j| the geodude\n|\n|t:|1739402400\n|-terastallize|p2a: Bastiodon|Grass\n|move|p2a: Bastiodon|Wide Guard|p2a: Bastiodon\n|-singleturn|p2a: Bastiodon|Wide Guard\n|move|p1b: Sheist Rider|Glacial Lance|p2a: Bastiodon|[spread] \n|-activate|p2a: Bastiodon|move: Wide Guard\n|-activate|p2b: Chi-Yu|move: Wide Guard\n|move|p1a: Cloud Nein|Thunderbolt|p2b: Chi-Yu\n|-damage|p2b: Chi-Yu|0 fnt\n|faint|p2b: Chi-Yu\n|\n|upkeep\n|\n|t:|1739402412\n|switch|p2b: Flutter Mane|Flutter Mane, L50|1\/100\n|turn|4\n|\n|t:|1739402428\n|move|p2a: Bastiodon|Iron Defense|p2a: Bastiodon\n|-boost|p2a: Bastiodon|def|2\n|move|p1b: Sheist Rider|High Horsepower|p2b: Flutter Mane\n|-damage|p2b: Flutter Mane|0 fnt\n|faint|p2b: Flutter Mane\n|-end|p2b: Flutter Mane|Protosynthesis|[silent]\n|-ability|p1b: Sheist Rider|Chilling Neigh|boost\n|-boost|p1b: Sheist Rider|atk|1\n|move|p1a: Cloud Nein|Thunderbolt|p2a: Bastiodon\n|-resisted|p2a: Bastiodon\n|-damage|p2a: Bastiodon|84\/100\n|\n|upkeep\n|\n|t:|1739402433\n|switch|p2b: Koraidon|Koraidon, L50|100\/100\n|-weather|SunnyDay|[from] ability: Orichalcum Pulse|[of] p2b: Koraidon\n|-activate|p1a: Cloud Nein|ability: Protosynthesis\n|-start|p1a: Cloud Nein|protosynthesisspa\n|-activate|p2b: Koraidon|Orichalcum Pulse|[source]\n|turn|5\n|j| Kaiju Krush\n|\n|t:|1739402444\n|move|p2b: Koraidon|Protect|p2b: Koraidon\n|-singleturn|p2b: Koraidon|Protect\n|move|p2a: Bastiodon|Foul Play|p1b: Sheist Rider\n|-damage|p1b: Sheist Rider|14\/100\n|move|p1b: Sheist Rider|Glacial Lance|p2a: Bastiodon|[spread] p2a\n|-activate|p2b: Koraidon|move: Protect\n|-supereffective|p2a: Bastiodon\n|-damage|p2a: Bastiodon|27\/100\n|move|p1a: Cloud Nein|Draco Meteor|p2b: Koraidon\n|-activate|p2b: Koraidon|move: Protect\n|\n|-weather|SunnyDay|[upkeep]\n|upkeep\n|turn|6\n|\n|t:|1739402458\n|move|p2b: Koraidon|Protect||[still]\n|-fail|p2b: Koraidon\n|move|p2a: Bastiodon|Body Press|p1b: Sheist Rider\n|-damage|p1b: Sheist Rider|0 fnt\n|faint|p1b: Sheist Rider\n|move|p1a: Cloud Nein|Draco Meteor|p2b: Koraidon\n|-supereffective|p2b: Koraidon\n|-damage|p2b: Koraidon|0 fnt\n|-unboost|p1a: Cloud Nein|spa|2\n|faint|p2b: Koraidon\n|\n|-weather|SunnyDay|[upkeep]\n|-fieldend|move: Trick Room\n|-fieldend|move: Psychic Terrain\n|upkeep\n|turn|7\n|\n|t:|1739402464\n|move|p1a: Cloud Nein|Draco Meteor|p2a: Bastiodon\n|-damage|p2a: Bastiodon|0 fnt\n|-unboost|p1a: Cloud Nein|spa|2\n|faint|p2a: Bastiodon\n|\n|win|chappell murkroan\n|raw|chappell murkroan's rating: 1662 &rarr; <strong>1681<\/strong><br \/>(+19 for winning)\n|raw|Kwiper's rating: 1653 &rarr; <strong>1634<\/strong><br \/>(-19 for losing)\n|l|\u2606chappell murkroan\n|player|p1|\n|l|\u2606Kwiper\n|player|p2|\n|l| the geodude\n|l| Kaiju Krush\n","uploadtime":1739402738,"views":8,"formatid":"gen9vgc2025regg","rating":1634,"private":0,"password":null}