{"id":"gen9vgc2025regg-2299321902","format":"[Gen 9] VGC 2025 Reg G","players":["koji muranishi","Weakest blow"],"log":"|j|\u2606koji muranishi\n|j|\u2606Weakest blow\n|t:|1739366957\n|gametype|doubles\n|player|p1|koji muranishi|266|1702\n|player|p2|Weakest blow|depotagent|1643\n|teamsize|p1|6\n|teamsize|p2|6\n|gen|9\n|tier|[Gen 9] VGC 2025 Reg G\n|rated|\n|rule|Species Clause: Limit one of each Pok\u00e9mon\n|rule|Item Clause: Limit 1 of each item\n|clearpoke\n|poke|p1|Whimsicott, L50, F|\n|poke|p1|Calyrex-Ice, L50|\n|poke|p1|Urshifu-*, L50, M|\n|poke|p1|Chi-Yu, L50|\n|poke|p1|Raging Bolt, L50|\n|poke|p1|Landorus, L50, M|\n|poke|p2|Gholdengo, L50|\n|poke|p2|Iron Hands, L50|\n|poke|p2|Miraidon, L50|\n|poke|p2|Pelipper, L50, F|\n|poke|p2|Volcarona, L50, M|\n|poke|p2|Whimsicott, L50, M|\n|teampreview|4\n|inactive|Battle timer is ON: inactive players will automatically lose when time's up. (requested by koji muranishi)\n|inactive|Weakest blow has 60 seconds left.\n|\n|t:|1739367010\n|start\n|switch|p1a: Whimsicott|Whimsicott, L50, F|100\/100\n|switch|p1b: Landorus|Landorus, L50, M|100\/100\n|switch|p2a: Miraidon|Miraidon, L50|100\/100\n|switch|p2b: Whimsicott|Whimsicott, L50, M|100\/100\n|-fieldstart|move: Electric Terrain|[from] ability: Hadron Engine|[of] p2a: Miraidon\n|turn|1\n|\n|t:|1739367035\n|move|p2b: Whimsicott|Light Screen|p2b: Whimsicott\n|-sidestart|p2: Weakest blow|move: Light Screen\n|move|p1a: Whimsicott|Tailwind|p1a: Whimsicott\n|-sidestart|p1: koji muranishi|move: Tailwind\n|move|p1b: Landorus|Sludge Bomb|p2a: Miraidon\n|-damage|p2a: Miraidon|66\/100\n|move|p2a: Miraidon|Draco Meteor|p1b: Landorus\n|-damage|p1b: Landorus|0 fnt\n|-unboost|p2a: Miraidon|spa|2\n|faint|p1b: Landorus\n|-damage|p2a: Miraidon|56\/100|[from] item: Life Orb\n|\n|upkeep\n|\n|t:|1739367052\n|switch|p1b: Calyrex|Calyrex-Ice, L50|100\/100\n|-ability|p1b: Calyrex|As One\n|-ability|p1b: Calyrex|Unnerve\n|turn|2\n|\n|t:|1739367060\n|switch|p2a: Gholdengo|Gholdengo, L50|100\/100\n|switch|p2b: Iron Hands|Iron Hands, L50|100\/100\n|-activate|p2b: Iron Hands|ability: Quark Drive\n|-start|p2b: Iron Hands|quarkdriveatk\n|move|p1a: Whimsicott|Encore||[still]\n|-fail|p1a: Whimsicott\n|move|p1b: Calyrex|Glacial Lance|p2b: Iron Hands|[spread] p2a,p2b\n|-resisted|p2a: Gholdengo\n|-damage|p2a: Gholdengo|52\/100\n|-damage|p2b: Iron Hands|42\/100\n|\n|upkeep\n|turn|3\n|inactive|koji muranishi has 30 seconds left.\n|inactive|koji muranishi has 20 seconds left.\n|\n|t:|1739367099\n|switch|p1a: Chi-Yu|Chi-Yu, L50|100\/100\n|-ability|p1a: Chi-Yu|Beads of Ruin\n|move|p2b: Iron Hands|Fake Out|p1b: Calyrex\n|-damage|p1b: Calyrex|86\/100\n|cant|p1b: Calyrex|flinch\n|move|p2a: Gholdengo|Make It Rain|p1a: Chi-Yu|[spread] p1a,p1b\n|-resisted|p1a: Chi-Yu\n|-supereffective|p1b: Calyrex\n|-damage|p1a: Chi-Yu|68\/100\n|-damage|p1b: Calyrex|0 fnt\n|-unboost|p2a: Gholdengo|spa|1\n|faint|p1b: Calyrex\n|\n|upkeep\n|\n|t:|1739367115\n|switch|p1b: Whimsicott|Whimsicott, L50, F|100\/100\n|turn|4\n|\n|t:|1739367127\n|-terastallize|p2b: Iron Hands|Fire\n|move|p1b: Whimsicott|Moonblast|p2b: Iron Hands\n|-resisted|p2b: Iron Hands\n|-damage|p2b: Iron Hands|34\/100\n|move|p1a: Chi-Yu|Heat Wave|p2b: Iron Hands|[spread] p2a,p2b\n|-supereffective|p2a: Gholdengo\n|-resisted|p2b: Iron Hands\n|-damage|p2a: Gholdengo|0 fnt\n|-damage|p2b: Iron Hands|20\/100\n|faint|p2a: Gholdengo\n|move|p2b: Iron Hands|Heavy Slam|p1b: Whimsicott\n|-supereffective|p1b: Whimsicott\n|-enditem|p1b: Whimsicott|Focus Sash\n|-damage|p1b: Whimsicott|1\/100\n|\n|-sideend|p1: koji muranishi|move: Tailwind\n|upkeep\n|\n|t:|1739367144\n|switch|p2a: Whimsicott|Whimsicott, L50, M|100\/100\n|turn|5\n|\n|t:|1739367160\n|move|p2a: Whimsicott|Tailwind|p2a: Whimsicott\n|-sidestart|p2: Weakest blow|move: Tailwind\n|move|p1b: Whimsicott|Moonblast|p2a: Whimsicott\n|-damage|p2a: Whimsicott|62\/100\n|move|p1a: Chi-Yu|Heat Wave|p2b: Iron Hands|[spread] p2a,p2b\n|-supereffective|p2a: Whimsicott\n|-resisted|p2b: Iron Hands\n|-damage|p2a: Whimsicott|0 fnt\n|-damage|p2b: Iron Hands|7\/100\n|faint|p2a: Whimsicott\n|move|p2b: Iron Hands|Heavy Slam|p1b: Whimsicott\n|-supereffective|p1b: Whimsicott\n|-damage|p1b: Whimsicott|0 fnt\n|faint|p1b: Whimsicott\n|\n|-sideend|p2: Weakest blow|move: Light Screen\n|-fieldend|move: Electric Terrain\n|-end|p2b: Iron Hands|Quark Drive\n|upkeep\n|-message|koji muranishi forfeited.\n|\n|win|Weakest blow\n|raw|koji muranishi's rating: 1702 &rarr; <strong>1679<\/strong><br \/>(-23 for losing)\n|raw|Weakest blow's rating: 1643 &rarr; <strong>1666<\/strong><br \/>(+23 for winning)\n|l|\u2606koji muranishi\n|player|p1|\n|j|\u2606koji muranishi\n|player|p1|koji muranishi|266|\n|l|\u2606koji muranishi\n|player|p1|\n","uploadtime":1739367231,"views":46,"formatid":"gen9vgc2025regg","rating":1666,"private":0,"password":null}