{"id":"gen9vgc2025regg-2299505000","format":"[Gen 9] VGC 2025 Reg G","players":["Kunikamaze","BLiiNDProdiigy"],"log":"|j|\u2606Kunikamaze\n|j|\u2606BLiiNDProdiigy\n|t:|1739385643\n|gametype|doubles\n|player|p1|Kunikamaze|1|1560\n|player|p2|BLiiNDProdiigy|rocketgrunt|1662\n|teamsize|p1|6\n|teamsize|p2|6\n|gen|9\n|tier|[Gen 9] VGC 2025 Reg G\n|rated|\n|rule|Species Clause: Limit one of each Pok\u00e9mon\n|rule|Item Clause: Limit 1 of each item\n|clearpoke\n|poke|p1|Calyrex-Shadow, L50|\n|poke|p1|Maushold-Four, L50|\n|poke|p1|Weezing-Galar, L50, M|\n|poke|p1|Dondozo, L50, F|\n|poke|p1|Tatsugiri, L50, M|\n|poke|p1|Mienshao, L50, M|\n|poke|p2|Terapagos, L50, M|\n|poke|p2|Incineroar, L50, F|\n|poke|p2|Rillaboom, L50, M|\n|poke|p2|Urshifu-*, L50, F|\n|poke|p2|Flutter Mane, L50|\n|poke|p2|Ogerpon-Hearthflame, L50, F|\n|teampreview|4\n|j| aq12345\n|inactive|Battle timer is ON: inactive players will automatically lose when time's up. (requested by BLiiNDProdiigy)\n|\n|t:|1739385675\n|start\n|switch|p1a: Calyrex|Calyrex-Shadow, L50|100\/100\n|switch|p1b: Mienshao|Mienshao, L50, M|100\/100\n|switch|p2a: Terapagos|Terapagos, L50, M|100\/100\n|switch|p2b: Incineroar|Incineroar, L50, F|100\/100\n|-activate|p2a: Terapagos|ability: Tera Shift\n|detailschange|p2a: Terapagos|Terapagos-Terastal, L50, M\n|-heal|p2a: Terapagos|100\/100|[silent]\n|-ability|p1a: Calyrex|As One\n|-ability|p1a: Calyrex|Unnerve\n|-ability|p2b: Incineroar|Intimidate|boost\n|-unboost|p1a: Calyrex|atk|1\n|-fail|p1b: Mienshao|unboost|Attack|[from] ability: Inner Focus|[of] p1b: Mienshao\n|turn|1\n|inactive|Kunikamaze has 30 seconds left.\n|inactive|BLiiNDProdiigy has 30 seconds left.\n|inactive|Kunikamaze has 20 seconds left.\n|inactive|Kunikamaze has 15 seconds left.\n|\n|t:|1739385715\n|move|p1a: Calyrex|Astral Barrage|p2a: Terapagos|[spread] p2b\n|-immune|p2a: Terapagos\n|-resisted|p2b: Incineroar\n|-damage|p2b: Incineroar|63\/100\n|move|p1b: Mienshao|Close Combat|p2b: Incineroar\n|-supereffective|p2b: Incineroar\n|-damage|p2b: Incineroar|0 fnt\n|-unboost|p1b: Mienshao|def|1\n|-unboost|p1b: Mienshao|spd|1\n|-damage|p1b: Mienshao|84\/100|[from] item: Rocky Helmet|[of] p2b: Incineroar\n|faint|p2b: Incineroar\n|move|p2a: Terapagos|Substitute|p2a: Terapagos\n|-start|p2a: Terapagos|Substitute\n|-damage|p2a: Terapagos|76\/100\n|\n|-heal|p2a: Terapagos|82\/100|[from] item: Leftovers\n|upkeep\n|\n|t:|1739385730\n|switch|p2b: Flutter Mane|Flutter Mane, L50|100\/100\n|-enditem|p2b: Flutter Mane|Booster Energy\n|-activate|p2b: Flutter Mane|ability: Protosynthesis|[fromitem]\n|-start|p2b: Flutter Mane|protosynthesisspe\n|turn|2\n|inactive|Kunikamaze has 30 seconds left.\n|inactive|Kunikamaze has 20 seconds left.\n|\n|t:|1739385766\n|-terastallize|p1b: Mienshao|Ghost\n|-terastallize|p2a: Terapagos|Stellar\n|detailschange|p2a: Terapagos|Terapagos-Stellar, L50, M, tera:Stellar\n|-heal|p2a: Terapagos|86\/100|[silent]\n|move|p2b: Flutter Mane|Protect|p2b: Flutter Mane\n|-singleturn|p2b: Flutter Mane|Protect\n|move|p1a: Calyrex|Astral Barrage|p2a: Terapagos|[spread] \n|-activate|p2b: Flutter Mane|move: Protect\n|-immune|p2a: Terapagos\n|move|p1b: Mienshao|Close Combat|p2a: Terapagos\n|-supereffective|p2a: Terapagos\n|-end|p2a: Terapagos|Substitute\n|-unboost|p1b: Mienshao|def|1\n|-unboost|p1b: Mienshao|spd|1\n|move|p2a: Terapagos|Tera Starstorm|p1b: Mienshao|[spread] p1a,p1b\n|-supereffective|p1b: Mienshao\n|-damage|p1a: Calyrex|65\/100\n|-damage|p1b: Mienshao|0 fnt\n|faint|p1b: Mienshao\n|\n|-heal|p2a: Terapagos|93\/100|[from] item: Leftovers\n|upkeep\n|\n|t:|1739385777\n|switch|p1b: Dondozo|Dondozo, L50, F|100\/100\n|turn|3\n|inactive|Kunikamaze has 30 seconds left.\n|\n|t:|1739385804\n|switch|p1a: Tatsugiri|Tatsugiri, L50, M|100\/100\n|-activate|p1a: Tatsugiri|ability: Commander|[of] p1b: Dondozo\n|-boost|p1b: Dondozo|atk|2\n|-boost|p1b: Dondozo|spa|2\n|-boost|p1b: Dondozo|spe|2\n|-boost|p1b: Dondozo|def|2\n|-boost|p1b: Dondozo|spd|2\n|switch|p2a: Rillaboom|Rillaboom, L50, M|100\/100\n|-fieldstart|move: Grassy Terrain|[from] ability: Grassy Surge|[of] p2a: Rillaboom\n|move|p2b: Flutter Mane|Thunder Wave|p1a: Tatsugiri|[miss]\n|-miss|p2b: Flutter Mane|p1a: Tatsugiri\n|move|p1b: Dondozo|Wave Crash|p2b: Flutter Mane\n|-damage|p2b: Flutter Mane|0 fnt\n|faint|p2b: Flutter Mane\n|-end|p2b: Flutter Mane|Protosynthesis|[silent]\n|-damage|p1b: Dondozo|77\/100|[from] Recoil\n|\n|-heal|p1b: Dondozo|83\/100|[from] Grassy Terrain\n|-heal|p1b: Dondozo|89\/100|[from] item: Leftovers\n|upkeep\n|\n|t:|1739385806\n|switch|p2b: Terapagos|Terapagos-Stellar, L50, M, tera:Stellar|93\/100\n|turn|4\n|\n|t:|1739385810\n|move|p1b: Dondozo|Protect|p1b: Dondozo\n|-singleturn|p1b: Dondozo|Protect\n|move|p2a: Rillaboom|Fake Out|p1b: Dondozo\n|-activate|p1b: Dondozo|move: Protect\n|move|p2b: Terapagos|Substitute|p2b: Terapagos\n|-start|p2b: Terapagos|Substitute\n|-damage|p2b: Terapagos|68\/100\n|\n|-heal|p1b: Dondozo|96\/100|[from] Grassy Terrain\n|-heal|p1b: Dondozo|100\/100|[from] item: Leftovers\n|-heal|p2b: Terapagos|74\/100|[from] Grassy Terrain\n|-heal|p2b: Terapagos|80\/100|[from] item: Leftovers\n|upkeep\n|turn|5\n|j| Jfabricio23\n|\n|t:|1739385817\n|move|p1b: Dondozo|Rock Slide|p2a: Rillaboom|[spread] p2a\n|-miss|p1b: Dondozo|p2b: Terapagos\n|-damage|p2a: Rillaboom|69\/100\n|move|p2a: Rillaboom|Wood Hammer|p1b: Dondozo\n|-supereffective|p1b: Dondozo\n|-damage|p1b: Dondozo|40\/100\n|-damage|p2a: Rillaboom|46\/100|[from] Recoil\n|move|p2b: Terapagos|Tera Starstorm|p1a: Tatsugiri|[spread] p1b\n|-miss|p2b: Terapagos|p1a: Tatsugiri\n|-damage|p1b: Dondozo|19\/100\n|\n|-heal|p1b: Dondozo|26\/100|[from] Grassy Terrain\n|-heal|p1b: Dondozo|32\/100|[from] item: Leftovers\n|-heal|p2a: Rillaboom|52\/100|[from] Grassy Terrain\n|-heal|p2b: Terapagos|86\/100|[from] Grassy Terrain\n|-heal|p2b: Terapagos|93\/100|[from] item: Leftovers\n|upkeep\n|turn|6\n|inactive|BLiiNDProdiigy has 30 seconds left.\n|\n|t:|1739385842\n|move|p1b: Dondozo|Protect|p1b: Dondozo\n|-singleturn|p1b: Dondozo|Protect\n|move|p2a: Rillaboom|Wood Hammer|p1b: Dondozo\n|-activate|p1b: Dondozo|move: Protect\n|move|p2b: Terapagos|Tera Starstorm|p1a: Tatsugiri|[spread] \n|-miss|p2b: Terapagos|p1a: Tatsugiri\n|-activate|p1b: Dondozo|move: Protect\n|\n|-heal|p1b: Dondozo|38\/100|[from] Grassy Terrain\n|-heal|p1b: Dondozo|44\/100|[from] item: Leftovers\n|-heal|p2a: Rillaboom|58\/100|[from] Grassy Terrain\n|-heal|p2b: Terapagos|99\/100|[from] Grassy Terrain\n|-heal|p2b: Terapagos|100\/100|[from] item: Leftovers\n|upkeep\n|turn|7\n|\n|t:|1739385850\n|move|p1b: Dondozo|Rock Slide|p2b: Terapagos|[spread] p2a,p2b\n|-activate|p2b: Terapagos|move: Substitute|[damage]\n|-damage|p2a: Rillaboom|25\/100\n|cant|p2a: Rillaboom|flinch\n|move|p2b: Terapagos|Calm Mind|p2b: Terapagos\n|-boost|p2b: Terapagos|spa|1\n|-boost|p2b: Terapagos|spd|1\n|\n|-heal|p1b: Dondozo|50\/100|[from] Grassy Terrain\n|-heal|p1b: Dondozo|56\/100|[from] item: Leftovers\n|-heal|p2a: Rillaboom|31\/100|[from] Grassy Terrain\n|-fieldend|move: Grassy Terrain\n|upkeep\n|turn|8\n|\n|t:|1739385858\n|move|p1b: Dondozo|Rock Slide|p2a: Rillaboom|[spread] p2a,p2b\n|-end|p2b: Terapagos|Substitute\n|-crit|p2a: Rillaboom\n|-damage|p2a: Rillaboom|0 fnt\n|faint|p2a: Rillaboom\n|move|p2b: Terapagos|Tera Starstorm|p1b: Dondozo|[spread] p1b\n|-miss|p2b: Terapagos|p1a: Tatsugiri\n|-damage|p1b: Dondozo|38\/100\n|\n|-heal|p1b: Dondozo|44\/100|[from] item: Leftovers\n|upkeep\n|turn|9\n|-message|BLiiNDProdiigy forfeited.\n|\n|win|Kunikamaze\n|raw|Kunikamaze's rating: 1560 &rarr; <strong>1586<\/strong><br \/>(+26 for winning)\n|raw|BLiiNDProdiigy's rating: 1662 &rarr; <strong>1636<\/strong><br \/>(-26 for losing)\n|l|\u2606BLiiNDProdiigy\n|player|p2|\n|l| aq12345\n|l|\u2606Kunikamaze\n|player|p1|\n|l| Jfabricio23\n","uploadtime":1739386124,"views":5,"formatid":"gen9vgc2025regg","rating":1586,"private":0,"password":null}