{"id":"gen9vgc2025regg-2299337273","format":"[Gen 9] VGC 2025 Reg G","players":["davidelgafe","chaddiestchad"],"log":"|j|\u2606davidelgafe\n|j|\u2606chaddiestchad\n|t:|1739368844\n|gametype|doubles\n|player|p1|davidelgafe|blue|1618\n|player|p2|chaddiestchad|supernerd|1628\n|teamsize|p1|6\n|teamsize|p2|6\n|gen|9\n|tier|[Gen 9] VGC 2025 Reg G\n|rated|\n|rule|Species Clause: Limit one of each Pok\u00e9mon\n|rule|Item Clause: Limit 1 of each item\n|clearpoke\n|poke|p1|Zamazenta-*, L50|\n|poke|p1|Chi-Yu, L50|\n|poke|p1|Raging Bolt, L50|\n|poke|p1|Rillaboom, L50, F|\n|poke|p1|Ditto, L50|\n|poke|p1|Whimsicott, L50, F|\n|poke|p2|Calyrex-Shadow, L50|\n|poke|p2|Ogerpon-Hearthflame, L50, F|\n|poke|p2|Incineroar, L50, M|\n|poke|p2|Urshifu-*, L50, M|\n|poke|p2|Rillaboom, L50, M|\n|poke|p2|Raging Bolt, L50|\n|teampreview|4\n|inactive|Battle timer is ON: inactive players will automatically lose when time's up. (requested by chaddiestchad)\n|inactive|chaddiestchad has 60 seconds left.\n|inactive|davidelgafe has 60 seconds left.\n|\n|t:|1739368897\n|start\n|switch|p1a: Whimsicott|Whimsicott, L50, F, shiny|100\/100\n|switch|p1b: Raging Bolt|Raging Bolt, L50|100\/100\n|switch|p2a: Calyrex|Calyrex-Shadow, L50|100\/100\n|switch|p2b: Ogerpon|Ogerpon-Hearthflame, L50, F|100\/100\n|-ability|p2a: Calyrex|As One\n|-ability|p2a: Calyrex|Unnerve\n|-ability|p2b: Ogerpon|Mold Breaker\n|turn|1\n|inactive|davidelgafe has 30 seconds left.\n|\n|t:|1739368932\n|move|p1a: Whimsicott|Protect|p1a: Whimsicott\n|-singleturn|p1a: Whimsicott|Protect\n|move|p2a: Calyrex|Astral Barrage|p1a: Whimsicott|[spread] p1b\n|-activate|p1a: Whimsicott|move: Protect\n|-damage|p1b: Raging Bolt|39\/100\n|move|p2b: Ogerpon|Ivy Cudgel|p1a: Whimsicott|[anim] Ivy Cudgel Fire\n|-activate|p1a: Whimsicott|move: Protect\n|move|p1b: Raging Bolt|Thunderbolt|p2a: Calyrex\n|-damage|p2a: Calyrex|32\/100\n|-damage|p1b: Raging Bolt|29\/100|[from] item: Life Orb\n|\n|upkeep\n|turn|2\n|j| NanshanVGC\n|j| air484209\n|inactive|davidelgafe has 30 seconds left.\n|inactive|chaddiestchad has 30 seconds left.\n|inactive|davidelgafe has 20 seconds left.\n|inactive|davidelgafe has 15 seconds left.\n|inactive|davidelgafe has 10 seconds left.\n|inactive|davidelgafe has 5 seconds left.\n|\n|t:|1739368985\n|move|p2a: Calyrex|Protect|p2a: Calyrex\n|-singleturn|p2a: Calyrex|Protect\n|move|p1a: Whimsicott|Tailwind|p1a: Whimsicott\n|-sidestart|p1: davidelgafe|move: Tailwind\n|move|p1b: Raging Bolt|Draco Meteor|p2b: Ogerpon\n|-damage|p2b: Ogerpon|4\/100\n|-unboost|p1b: Raging Bolt|spa|2\n|-damage|p1b: Raging Bolt|20\/100|[from] item: Life Orb\n|move|p2b: Ogerpon|Ivy Cudgel|p1a: Whimsicott|[anim] Ivy Cudgel Fire\n|-supereffective|p1a: Whimsicott\n|-enditem|p1a: Whimsicott|Focus Sash\n|-damage|p1a: Whimsicott|1\/100\n|\n|upkeep\n|turn|3\n|inactive|davidelgafe has 30 seconds left.\n|inactive|chaddiestchad has 30 seconds left.\n|inactive|davidelgafe has 20 seconds left.\n|inactive|chaddiestchad has 20 seconds left.\n|inactive|davidelgafe has 15 seconds left.\n|inactive|chaddiestchad has 15 seconds left.\n|inactive|davidelgafe has 10 seconds left.\n|inactive|chaddiestchad has 10 seconds left.\n|inactive|davidelgafe has 5 seconds left.\n|inactive|chaddiestchad has 5 seconds left.\n|\n|t:|1739369038\n|move|p2b: Ogerpon|Spiky Shield|p2b: Ogerpon\n|-singleturn|p2b: Ogerpon|move: Protect\n|move|p1a: Whimsicott|Moonblast|p2b: Ogerpon\n|-activate|p2b: Ogerpon|move: Protect\n|move|p1b: Raging Bolt|Draco Meteor|p2a: Calyrex\n|-damage|p2a: Calyrex|0 fnt\n|-unboost|p1b: Raging Bolt|spa|2\n|faint|p2a: Calyrex\n|-damage|p1b: Raging Bolt|10\/100|[from] item: Life Orb\n|\n|upkeep\n|\n|t:|1739369060\n|switch|p2a: Urshifu|Urshifu-Rapid-Strike, L50, M|100\/100\n|turn|4\n|\n|t:|1739369084\n|move|p2b: Ogerpon|Follow Me|p2b: Ogerpon\n|-singleturn|p2b: Ogerpon|move: Follow Me\n|move|p1a: Whimsicott|Encore|p2b: Ogerpon\n|-start|p2b: Ogerpon|Encore\n|move|p2a: Urshifu|Aqua Jet|p1a: Whimsicott\n|-resisted|p1a: Whimsicott\n|-damage|p1a: Whimsicott|0 fnt\n|faint|p1a: Whimsicott\n|move|p1b: Raging Bolt|Thunderbolt|p2b: Ogerpon\n|-resisted|p2b: Ogerpon\n|-damage|p2b: Ogerpon|0 fnt\n|faint|p2b: Ogerpon\n|-damage|p1b: Raging Bolt|0 fnt|[from] item: Life Orb\n|faint|p1b: Raging Bolt\n|-end|p1b: Raging Bolt|Protosynthesis|[silent]\n|\n|upkeep\n|\n|t:|1739369099\n|switch|p1a: Zamazenta|Zamazenta-Crowned, L50|100\/100\n|switch|p2b: Raging Bolt|Raging Bolt, L50|100\/100\n|switch|p1b: Ditto|Ditto, L50, shiny|100\/100\n|-ability|p1a: Zamazenta|Dauntless Shield|boost\n|-boost|p1a: Zamazenta|def|1\n|-transform|p1b: Ditto|p2a: Urshifu|[from] ability: Imposter\n|-enditem|p2b: Raging Bolt|Booster Energy\n|-activate|p2b: Raging Bolt|ability: Protosynthesis|[fromitem]\n|-start|p2b: Raging Bolt|protosynthesisspa\n|turn|5\n|inactive|davidelgafe has 30 seconds left.\n|inactive|davidelgafe has 20 seconds left.\n|inactive|davidelgafe has 15 seconds left.\n|inactive|davidelgafe has 10 seconds left.\n|inactive|chaddiestchad has 30 seconds left.\n|inactive|davidelgafe has 5 seconds left.\n|l| NanshanVGC\n|\n|t:|1739369169\n|-terastallize|p1b: Ditto|Ghost\n|-terastallize|p2b: Raging Bolt|Fairy\n|move|p2a: Urshifu|Aqua Jet|p1b: Ditto\n|-damage|p1b: Ditto|77\/100\n|move|p1a: Zamazenta|Body Press|p2a: Urshifu\n|-damage|p2a: Urshifu|36\/100\n|move|p1b: Ditto|Close Combat|p2a: Urshifu\n|-damage|p2a: Urshifu|0 fnt\n|-unboost|p1b: Ditto|def|1\n|-unboost|p1b: Ditto|spd|1\n|faint|p2a: Urshifu\n|move|p2b: Raging Bolt|Thunderbolt|p1b: Ditto\n|-damage|p1b: Ditto|0 fnt\n|faint|p1b: Ditto\n|\n|-sideend|p1: davidelgafe|move: Tailwind\n|upkeep\n|turn|6\n|\n|t:|1739369189\n|move|p1a: Zamazenta|Heavy Slam|p2b: Raging Bolt\n|-supereffective|p2b: Raging Bolt\n|-damage|p2b: Raging Bolt|74\/100\n|move|p2b: Raging Bolt|Thunderbolt|p1a: Zamazenta\n|-damage|p1a: Zamazenta|53\/100\n|-status|p1a: Zamazenta|par\n|\n|upkeep\n|turn|7\n|\n|t:|1739369210\n|move|p2b: Raging Bolt|Thunderbolt|p1a: Zamazenta\n|-damage|p1a: Zamazenta|9\/100 par\n|cant|p1a: Zamazenta|par\n|\n|upkeep\n|turn|8\n|\n|t:|1739369216\n|move|p2b: Raging Bolt|Thunderbolt|p1a: Zamazenta\n|-damage|p1a: Zamazenta|0 fnt\n|faint|p1a: Zamazenta\n|\n|win|chaddiestchad\n|raw|davidelgafe's rating: 1618 &rarr; <strong>1599<\/strong><br \/>(-19 for losing)\n|raw|chaddiestchad's rating: 1628 &rarr; <strong>1647<\/strong><br \/>(+19 for winning)\n","uploadtime":1739369223,"views":14,"formatid":"gen9vgc2025regg","rating":1599,"private":0,"password":null}