{"id":"gen9vgc2025regg-2299319081","format":"[Gen 9] VGC 2025 Reg G","players":["sshhooii","monoma"],"log":"|j|\u2606sshhooii\n|j|\u2606monoma\n|t:|1739366603\n|gametype|doubles\n|player|p1|sshhooii|102|1553\n|player|p2|monoma|1|1623\n|teamsize|p1|6\n|teamsize|p2|6\n|gen|9\n|tier|[Gen 9] VGC 2025 Reg G\n|rated|\n|rule|Species Clause: Limit one of each Pok\u00e9mon\n|rule|Item Clause: Limit 1 of each item\n|clearpoke\n|poke|p1|Miraidon, L50|\n|poke|p1|Iron Bundle, L50|\n|poke|p1|Glimmora, L50, M|\n|poke|p1|Urshifu-*, L50, M|\n|poke|p1|Incineroar, L50, M|\n|poke|p1|Dragonite, L50, M|\n|poke|p2|Miraidon, L50|\n|poke|p2|Iron Bundle, L50|\n|poke|p2|Kingambit, L50, F|\n|poke|p2|Dragonite, L50, M|\n|poke|p2|Urshifu-*, L50, F|\n|poke|p2|Incineroar, L50, M|\n|teampreview|4\n|inactive|Battle timer is ON: inactive players will automatically lose when time's up. (requested by sshhooii)\n|inactive|monoma has 60 seconds left.\n|\n|t:|1739366653\n|start\n|switch|p1a: Miraidon|Miraidon, L50|100\/100\n|switch|p1b: Incineroar|Incineroar, L50, M|100\/100\n|switch|p2a: Miraidon|Miraidon, L50|100\/100\n|switch|p2b: Iron Bundle|Iron Bundle, L50|100\/100\n|-fieldstart|move: Electric Terrain|[from] ability: Hadron Engine|[of] p1a: Miraidon\n|-activate|p2b: Iron Bundle|ability: Quark Drive\n|-start|p2b: Iron Bundle|quarkdrivespe\n|-activate|p2a: Miraidon|ability: Hadron Engine\n|-ability|p1b: Incineroar|Intimidate|boost\n|-unboost|p2a: Miraidon|atk|1\n|-unboost|p2b: Iron Bundle|atk|1\n|turn|1\n|\n|t:|1739366676\n|-terastallize|p2a: Miraidon|Fairy\n|move|p2b: Iron Bundle|Protect|p2b: Iron Bundle\n|-singleturn|p2b: Iron Bundle|Protect\n|move|p1b: Incineroar|Fake Out|p2b: Iron Bundle\n|-activate|p2b: Iron Bundle|move: Protect\n|move|p1a: Miraidon|Volt Switch|p2b: Iron Bundle\n|-activate|p2b: Iron Bundle|move: Protect\n|move|p2a: Miraidon|Volt Switch|p1b: Incineroar\n|-damage|p1b: Incineroar|40\/100\n|\n|t:|1739366689\n|switch|p2a: Incineroar|Incineroar, L50, M|100\/100|[from] Volt Switch\n|-ability|p2a: Incineroar|Intimidate|boost\n|-unboost|p1a: Miraidon|atk|1\n|-unboost|p1b: Incineroar|atk|1\n|\n|upkeep\n|turn|2\n|inactive|monoma has 30 seconds left.\n|\n|t:|1739366716\n|switch|p1b: Iron Bundle|Iron Bundle, L50, shiny|100\/100\n|-activate|p1b: Iron Bundle|ability: Quark Drive\n|-start|p1b: Iron Bundle|quarkdrivespe\n|move|p2a: Incineroar|Fake Out|p1a: Miraidon\n|-damage|p1a: Miraidon|90\/100\n|move|p2b: Iron Bundle|Encore||[still]\n|-fail|p2b: Iron Bundle\n|cant|p1a: Miraidon|flinch\n|\n|upkeep\n|turn|3\n|inactive|monoma has 30 seconds left.\n|\n|t:|1739366746\n|move|p2b: Iron Bundle|Protect|p2b: Iron Bundle\n|-singleturn|p2b: Iron Bundle|Protect\n|move|p1b: Iron Bundle|Icy Wind|p2a: Incineroar|[spread] p2a\n|-activate|p2b: Iron Bundle|move: Protect\n|-resisted|p2a: Incineroar\n|-damage|p2a: Incineroar|91\/100\n|move|p1a: Miraidon|Volt Switch|p2a: Incineroar\n|-damage|p2a: Incineroar|28\/100\n|\n|t:|1739366755\n|switch|p1a: Incineroar|Incineroar, L50, M|40\/100|[from] Volt Switch\n|-ability|p1a: Incineroar|Intimidate|boost\n|-unboost|p2a: Incineroar|atk|1\n|-unboost|p2b: Iron Bundle|atk|1\n|move|p2a: Incineroar|U-turn|p1a: Incineroar\n|-damage|p1a: Incineroar|29\/100\n|\n|t:|1739366775\n|switch|p2a: Dragonite|Dragonite, L50, M|100\/100|[from] U-turn\n|\n|upkeep\n|turn|4\n|\n|t:|1739366795\n|-end|p2b: Iron Bundle|Quark Drive|[silent]\n|switch|p2b: Incineroar|Incineroar, L50, M|28\/100\n|-ability|p2b: Incineroar|Intimidate|boost\n|-unboost|p1a: Incineroar|atk|1\n|-unboost|p1b: Iron Bundle|atk|1\n|move|p2a: Dragonite|Protect|p2a: Dragonite\n|-singleturn|p2a: Dragonite|Protect\n|move|p1a: Incineroar|Fake Out|p2b: Incineroar\n|-damage|p2b: Incineroar|21\/100\n|move|p1b: Iron Bundle|Icy Wind|p2b: Incineroar|[spread] p2b\n|-activate|p2a: Dragonite|move: Protect\n|-resisted|p2b: Incineroar\n|-damage|p2b: Incineroar|11\/100\n|\n|upkeep\n|turn|5\n|inactive|sshhooii has 30 seconds left.\n|inactive|monoma has 30 seconds left.\n|\n|t:|1739366821\n|-terastallize|p1b: Iron Bundle|Ghost\n|move|p2b: Incineroar|Fake Out|p1b: Iron Bundle\n|-immune|p1b: Iron Bundle\n|move|p1b: Iron Bundle|Freeze-Dry|p2a: Dragonite\n|-supereffective|p2a: Dragonite\n|-damage|p2a: Dragonite|18\/100\n|move|p2a: Dragonite|Scale Shot|p1a: Incineroar\n|-damage|p1a: Incineroar|15\/100\n|-damage|p1a: Incineroar|0 fnt\n|faint|p1a: Incineroar\n|-hitcount|p1: Incineroar|2\n|-unboost|p2a: Dragonite|def|1\n|-boost|p2a: Dragonite|spe|1\n|\n|-fieldend|move: Electric Terrain\n|-end|p1b: Iron Bundle|Quark Drive\n|upkeep\n|\n|t:|1739366843\n|switch|p1a: Miraidon|Miraidon, L50|90\/100\n|-fieldstart|move: Electric Terrain|[from] ability: Hadron Engine|[of] p1a: Miraidon\n|-activate|p1b: Iron Bundle|ability: Quark Drive\n|-start|p1b: Iron Bundle|quarkdrivespe\n|turn|6\n|\n|t:|1739366852\n|move|p2a: Dragonite|Protect|p2a: Dragonite\n|-singleturn|p2a: Dragonite|Protect\n|move|p1b: Iron Bundle|Freeze-Dry|p2a: Dragonite\n|-activate|p2a: Dragonite|move: Protect\n|move|p1a: Miraidon|Volt Switch|p2b: Incineroar\n|-damage|p2b: Incineroar|0 fnt\n|faint|p2b: Incineroar\n|\n|t:|1739366860\n|switch|p1a: Dragonite|Dragonite, L50, M, shiny|100\/100|[from] Volt Switch\n|\n|upkeep\n|\n|t:|1739366871\n|switch|p2b: Iron Bundle|Iron Bundle, L50|100\/100\n|-activate|p2b: Iron Bundle|ability: Quark Drive\n|-start|p2b: Iron Bundle|quarkdrivespe\n|turn|7\n|\n|t:|1739366887\n|move|p2a: Dragonite|Extreme Speed|p1a: Dragonite\n|-damage|p1a: Dragonite|83\/100\n|move|p2b: Iron Bundle|Icy Wind|p1b: Iron Bundle|[spread] p1a,p1b\n|-supereffective|p1a: Dragonite\n|-damage|p1a: Dragonite|0 fnt\n|-damage|p1b: Iron Bundle|57\/100\n|-unboost|p1b: Iron Bundle|spe|1\n|faint|p1a: Dragonite\n|move|p1b: Iron Bundle|Icy Wind|p2a: Dragonite|[spread] p2a,p2b\n|-supereffective|p2a: Dragonite\n|-resisted|p2b: Iron Bundle\n|-damage|p2a: Dragonite|0 fnt\n|-damage|p2b: Iron Bundle|90\/100\n|-unboost|p2b: Iron Bundle|spe|1\n|faint|p2a: Dragonite\n|\n|upkeep\n|\n|t:|1739366902\n|switch|p2a: Miraidon|Miraidon, L50, tera:Fairy|100\/100\n|switch|p1a: Miraidon|Miraidon, L50|90\/100\n|-activate|p1a: Miraidon|ability: Hadron Engine\n|-activate|p2a: Miraidon|ability: Hadron Engine\n|turn|8\n|\n|t:|1739366915\n|move|p1a: Miraidon|Electro Drift|p2a: Miraidon\n|-damage|p2a: Miraidon|25\/100\n|move|p1b: Iron Bundle|Icy Wind|p2a: Miraidon|[spread] p2b\n|-miss|p1b: Iron Bundle|p2a: Miraidon\n|-resisted|p2b: Iron Bundle\n|-damage|p2b: Iron Bundle|79\/100\n|-unboost|p2b: Iron Bundle|spe|1\n|move|p2a: Miraidon|Dazzling Gleam|p1a: Miraidon|[spread] p1a,p1b\n|-supereffective|p1a: Miraidon\n|-crit|p1a: Miraidon\n|-damage|p1a: Miraidon|0 fnt\n|-damage|p1b: Iron Bundle|0 fnt\n|faint|p1a: Miraidon\n|faint|p1b: Iron Bundle\n|-end|p1b: Iron Bundle|Quark Drive|[silent]\n|\n|win|monoma\n|raw|sshhooii's rating: 1553 &rarr; <strong>1537<\/strong><br \/>(-16 for losing)\n|raw|monoma's rating: 1623 &rarr; <strong>1639<\/strong><br \/>(+16 for winning)\n|l|\u2606sshhooii\n|player|p1|\n|l|\u2606monoma\n|player|p2|\n","uploadtime":1739367153,"views":4,"formatid":"gen9vgc2025regg","rating":1537,"private":0,"password":null}