{"id":"gen9vgc2025regg-2299543467","format":"[Gen 9] VGC 2025 Reg G","players":["chappell murkroan","JLamb"],"log":"|j|\u2606chappell murkroan\n|j|\u2606JLamb\n|t:|1739389361\n|gametype|doubles\n|player|p1|chappell murkroan|caitlin|1693\n|player|p2|JLamb|266|1620\n|teamsize|p1|6\n|teamsize|p2|6\n|gen|9\n|tier|[Gen 9] VGC 2025 Reg G\n|rated|\n|rule|Species Clause: Limit one of each Pok\u00e9mon\n|rule|Item Clause: Limit 1 of each item\n|clearpoke\n|poke|p1|Slowking, L50, M|\n|poke|p1|Weezing-Galar, L50, F|\n|poke|p1|Baxcalibur, L50, F|\n|poke|p1|Kyogre, L50|\n|poke|p1|Indeedee-F, L50, F|\n|poke|p1|Smeargle, L50, M|\n|poke|p2|Calyrex-Ice, L50|\n|poke|p2|Mimikyu, L50, F|\n|poke|p2|Incineroar, L50, F|\n|poke|p2|Ursaluna-Bloodmoon, L50, M|\n|poke|p2|Pelipper, L50, M|\n|poke|p2|Amoonguss, L50, F|\n|teampreview|4\n|inactive|Battle timer is ON: inactive players will automatically lose when time's up. (requested by chappell murkroan)\n|inactive|JLamb has 60 seconds left.\n|\n|t:|1739389395\n|start\n|switch|p1a: Kyogre|Kyogre, L50|100\/100\n|switch|p1b: Smeargle|Smeargle, L50, M|100\/100\n|switch|p2a: Incineroar|Incineroar, L50, F|100\/100\n|switch|p2b: Calyrex|Calyrex-Ice, L50|100\/100\n|-ability|p2b: Calyrex|As One\n|-ability|p2b: Calyrex|Unnerve\n|-weather|RainDance|[from] ability: Drizzle|[of] p1a: Kyogre\n|-ability|p2a: Incineroar|Intimidate|boost\n|-unboost|p1a: Kyogre|atk|1\n|-unboost|p1b: Smeargle|atk|1\n|turn|1\n|\n|t:|1739389403\n|-terastallize|p1a: Kyogre|Water\n|-terastallize|p2b: Calyrex|Grass\n|move|p2a: Incineroar|Fake Out|p1b: Smeargle\n|-damage|p1b: Smeargle|75\/100\n|move|p1a: Kyogre|Water Spout|p2a: Incineroar|[spread] p2a,p2b\n|-supereffective|p2a: Incineroar\n|-resisted|p2b: Calyrex\n|-crit|p2b: Calyrex\n|-damage|p2a: Incineroar|0 fnt\n|-damage|p2b: Calyrex|32\/100\n|faint|p2a: Incineroar\n|cant|p1b: Smeargle|flinch\n|move|p2b: Calyrex|Trick Room|p2b: Calyrex\n|-fieldstart|move: Trick Room|[of] p2b: Calyrex\n|\n|-weather|RainDance|[upkeep]\n|-ability|p1b: Smeargle|Moody|boost\n|-boost|p1b: Smeargle|spd|2\n|-unboost|p1b: Smeargle|atk|1\n|upkeep\n|\n|t:|1739389415\n|switch|p2a: Amoonguss|Amoonguss, L50, F|100\/100\n|turn|2\n|j| MillerH33\n|\n|t:|1739389431\n|switch|p1a: Slowking|Slowking, L50, M|100\/100\n|move|p1b: Smeargle|Follow Me|p1b: Smeargle\n|-singleturn|p1b: Smeargle|move: Follow Me\n|move|p2a: Amoonguss|Spore|p1b: Smeargle\n|-status|p1b: Smeargle|slp|[from] move: Spore\n|move|p2b: Calyrex|Glacial Lance|p1b: Smeargle|[spread] p1a,p1b\n|-resisted|p1a: Slowking\n|-damage|p1a: Slowking|65\/100\n|-damage|p1b: Smeargle|0 fnt\n|faint|p1b: Smeargle\n|-ability|p2b: Calyrex|Chilling Neigh|boost\n|-boost|p2b: Calyrex|atk|1\n|\n|-weather|RainDance|[upkeep]\n|upkeep\n|\n|t:|1739389438\n|switch|p1b: Baxcalibur|Baxcalibur, L50, F|100\/100\n|turn|3\n|\n|t:|1739389447\n|move|p2b: Calyrex|Protect|p2b: Calyrex\n|-singleturn|p2b: Calyrex|Protect\n|move|p2a: Amoonguss|Spore|p1a: Slowking\n|-status|p1a: Slowking|slp|[from] move: Spore\n|cant|p1a: Slowking|slp\n|move|p1b: Baxcalibur|Icicle Spear|p2b: Calyrex\n|-activate|p2b: Calyrex|move: Protect\n|\n|-weather|RainDance|[upkeep]\n|upkeep\n|turn|4\n|j| kiabu233\n|\n|t:|1739389457\n|move|p2a: Amoonguss|Pollen Puff|p2b: Calyrex\n|-heal|p2b: Calyrex|82\/100\n|cant|p1a: Slowking|slp\n|move|p2b: Calyrex|Glacial Lance|p1a: Slowking|[spread] p1a,p1b\n|-resisted|p1a: Slowking\n|-damage|p1a: Slowking|15\/100 slp\n|-damage|p1b: Baxcalibur|9\/100\n|move|p1b: Baxcalibur|Icicle Spear|p2b: Calyrex\n|-supereffective|p2b: Calyrex\n|-damage|p2b: Calyrex|63\/100\n|-enditem|p2b: Calyrex|Weakness Policy\n|-boost|p2b: Calyrex|atk|2|[from] item: Weakness Policy\n|-boost|p2b: Calyrex|spa|2|[from] item: Weakness Policy\n|-supereffective|p2b: Calyrex\n|-damage|p2b: Calyrex|45\/100\n|-supereffective|p2b: Calyrex\n|-damage|p2b: Calyrex|28\/100\n|-supereffective|p2b: Calyrex\n|-damage|p2b: Calyrex|10\/100\n|-hitcount|p2b: Calyrex|4\n|\n|-weather|RainDance|[upkeep]\n|upkeep\n|turn|5\n|\n|t:|1739389477\n|move|p1b: Baxcalibur|Protect|p1b: Baxcalibur\n|-singleturn|p1b: Baxcalibur|Protect\n|move|p2a: Amoonguss|Pollen Puff|p1a: Slowking\n|-supereffective|p1a: Slowking\n|-damage|p1a: Slowking|0 fnt\n|faint|p1a: Slowking\n|move|p2b: Calyrex|Glacial Lance|p1b: Baxcalibur\n|-activate|p1b: Baxcalibur|move: Protect\n|\n|-weather|none\n|-fieldend|move: Trick Room\n|upkeep\n|\n|t:|1739389484\n|switch|p1a: Kyogre|Kyogre, L50, tera:Water|100\/100\n|-weather|RainDance|[from] ability: Drizzle|[of] p1a: Kyogre\n|turn|6\n|\n|t:|1739389488\n|move|p2b: Calyrex|Protect|p2b: Calyrex\n|-singleturn|p2b: Calyrex|Protect\n|move|p1a: Kyogre|Water Spout|p2a: Amoonguss|[spread] p2a\n|-activate|p2b: Calyrex|move: Protect\n|-resisted|p2a: Amoonguss\n|-damage|p2a: Amoonguss|42\/100\n|move|p1b: Baxcalibur|Icicle Spear|p2a: Amoonguss\n|-supereffective|p2a: Amoonguss\n|-damage|p2a: Amoonguss|16\/100\n|-supereffective|p2a: Amoonguss\n|-damage|p2a: Amoonguss|0 fnt\n|faint|p2a: Amoonguss\n|-hitcount|p2: Amoonguss|2\n|\n|-weather|RainDance|[upkeep]\n|upkeep\n|\n|t:|1739389490\n|switch|p2a: Ursaluna|Ursaluna-Bloodmoon, L50, M|100\/100\n|turn|7\n|-message|JLamb forfeited.\n|\n|win|chappell murkroan\n|raw|chappell murkroan's rating: 1693 &rarr; <strong>1709<\/strong><br \/>(+16 for winning)\n|raw|JLamb's rating: 1620 &rarr; <strong>1604<\/strong><br \/>(-16 for losing)\n|l|\u2606JLamb\n|player|p2|\n|l|\u2606chappell murkroan\n|player|p1|\n|l| kiabu233\n","uploadtime":1739389753,"views":9,"formatid":"gen9vgc2025regg","rating":1604,"private":0,"password":null}