{"id":"gen9vgc2025regg-2299839385","format":"[Gen 9] VGC 2025 Reg G","players":["rastapopolous","Lenghong"],"log":"|j|\u2606rastapopolous\n|j|\u2606Lenghong\n|t:|1739426373\n|gametype|doubles\n|player|p1|rastapopolous|gentleman-gen4|1511\n|player|p2|Lenghong|hilda|1576\n|teamsize|p1|6\n|teamsize|p2|6\n|gen|9\n|tier|[Gen 9] VGC 2025 Reg G\n|rated|\n|rule|Species Clause: Limit one of each Pok\u00e9mon\n|rule|Item Clause: Limit 1 of each item\n|clearpoke\n|poke|p1|Hitmontop, L50, M|\n|poke|p1|Smeargle, L50, F|\n|poke|p1|Urshifu-*, L50, F|\n|poke|p1|Kyogre, L50|\n|poke|p1|Entei, L50|\n|poke|p1|Whimsicott, L50, F|\n|poke|p2|Rillaboom, L50, F|\n|poke|p2|Rayquaza, L50|\n|poke|p2|Chien-Pao, L50|\n|poke|p2|Urshifu-*, L50, M|\n|poke|p2|Dragapult, L50, F|\n|poke|p2|Clefairy, L50, M|\n|teampreview|4\n|inactive|Battle timer is ON: inactive players will automatically lose when time's up. (requested by rastapopolous)\n|j| Baguettezzz\n|\n|t:|1739426405\n|start\n|switch|p1a: Urshifu|Urshifu, L50, F|100\/100\n|switch|p1b: Smeargle|Smeargle, L50, F|100\/100\n|switch|p2a: Rayquaza|Rayquaza, L50, shiny|100\/100\n|switch|p2b: Dragapult|Dragapult, L50, F|100\/100\n|-ability|p2a: Rayquaza|Air Lock\n|turn|1\n|l| Baguettezzz\n|\n|t:|1739426426\n|-terastallize|p1a: Urshifu|Dark\n|move|p1b: Smeargle|Follow Me|p1b: Smeargle\n|-singleturn|p1b: Smeargle|move: Follow Me\n|move|p2a: Rayquaza|Extreme Speed|p1b: Smeargle\n|-damage|p1b: Smeargle|23\/100\n|move|p2b: Dragapult|Thunder Wave|p1b: Smeargle\n|-status|p1b: Smeargle|par\n|move|p1a: Urshifu|Wicked Blow|p2a: Rayquaza\n|-crit|p2a: Rayquaza\n|-damage|p2a: Rayquaza|0 fnt\n|faint|p2a: Rayquaza\n|-damage|p1a: Urshifu|91\/100|[from] item: Life Orb\n|\n|-ability|p1b: Smeargle|Moody|boost\n|-boost|p1b: Smeargle|def|2\n|-unboost|p1b: Smeargle|spd|1\n|upkeep\n|\n|t:|1739426444\n|switch|p2a: Urshifu|Urshifu-Rapid-Strike, L50, M|100\/100\n|turn|2\n|\n|t:|1739426459\n|move|p1b: Smeargle|Follow Me|p1b: Smeargle\n|-singleturn|p1b: Smeargle|move: Follow Me\n|move|p2a: Urshifu|Surging Strikes|p1b: Smeargle\n|-crit|p1b: Smeargle\n|-damage|p1b: Smeargle|0 fnt\n|faint|p1b: Smeargle\n|-hitcount|p1: Smeargle|1\n|move|p2b: Dragapult|Thunder Wave|p1a: Urshifu\n|-status|p1a: Urshifu|par\n|move|p1a: Urshifu|Wicked Blow|p2b: Dragapult\n|-supereffective|p2b: Dragapult\n|-crit|p2b: Dragapult\n|-enditem|p2b: Dragapult|Focus Sash\n|-damage|p2b: Dragapult|1\/100\n|-start|p1a: Urshifu|Disable|Wicked Blow|[from] ability: Cursed Body|[of] p2b: Dragapult\n|-damage|p1a: Urshifu|81\/100 par|[from] item: Life Orb\n|\n|upkeep\n|\n|t:|1739426474\n|switch|p1b: Hitmontop|Hitmontop, L50, M, shiny|100\/100\n|-ability|p1b: Hitmontop|Intimidate|boost\n|-unboost|p2a: Urshifu|atk|1\n|-unboost|p2b: Dragapult|atk|1\n|turn|3\n|\n|t:|1739426488\n|move|p1b: Hitmontop|Fake Out|p2a: Urshifu\n|-damage|p2a: Urshifu|88\/100\n|cant|p2a: Urshifu|flinch\n|move|p2b: Dragapult|Thunder Wave|p1b: Hitmontop\n|-status|p1b: Hitmontop|par\n|move|p1a: Urshifu|Close Combat|p2a: Urshifu\n|-crit|p2a: Urshifu\n|-damage|p2a: Urshifu|0 fnt\n|-unboost|p1a: Urshifu|def|1\n|-unboost|p1a: Urshifu|spd|1\n|faint|p2a: Urshifu\n|-damage|p1a: Urshifu|71\/100 par|[from] item: Life Orb\n|\n|upkeep\n|\n|t:|1739426498\n|switch|p2a: Chien-Pao|Chien-Pao, L50|100\/100\n|-ability|p2a: Chien-Pao|Sword of Ruin\n|turn|4\n|\n|t:|1739426515\n|switch|p1b: Entei|Entei, L50, shiny|100\/100\n|-terastallize|p2a: Chien-Pao|Stellar\n|move|p1a: Urshifu|Detect|p1a: Urshifu\n|-singleturn|p1a: Urshifu|Protect\n|move|p2b: Dragapult|Hex|p1b: Entei\n|-damage|p1b: Entei|86\/100\n|move|p2a: Chien-Pao|Sacred Sword|p1a: Urshifu\n|-activate|p1a: Urshifu|move: Protect\n|\n|upkeep\n|turn|5\n|j| NanshanVGC\n|\n|t:|1739426532\n|switch|p1a: Hitmontop|Hitmontop, L50, M, shiny|100\/100 par\n|-ability|p1a: Hitmontop|Intimidate|boost\n|-unboost|p2a: Chien-Pao|atk|1\n|-unboost|p2b: Dragapult|atk|1\n|move|p2b: Dragapult|Thunder Wave|p1b: Entei\n|-status|p1b: Entei|par\n|move|p2a: Chien-Pao|Sacred Sword|p1a: Hitmontop\n|-damage|p1a: Hitmontop|55\/100 par\n|-damage|p2a: Chien-Pao|84\/100|[from] item: Rocky Helmet|[of] p1a: Hitmontop\n|-damage|p2a: Chien-Pao|74\/100|[from] item: Life Orb\n|move|p1b: Entei|Trailblaze|p2b: Dragapult\n|-resisted|p2b: Dragapult\n|-damage|p2b: Dragapult|0 fnt\n|-boost|p1b: Entei|spe|1\n|faint|p2b: Dragapult\n|\n|upkeep\n|turn|6\n|-message|Lenghong forfeited.\n|\n|win|rastapopolous\n|raw|rastapopolous's rating: 1511 &rarr; <strong>1535<\/strong><br \/>(+24 for winning)\n|raw|Lenghong's rating: 1576 &rarr; <strong>1552<\/strong><br \/>(-24 for losing)\n|l|\u2606Lenghong\n|player|p2|\n|l|\u2606rastapopolous\n|player|p1|\n|j| Baguettezzz\n|l| Baguettezzz\n","uploadtime":1739426709,"views":6,"formatid":"gen9vgc2025regg","rating":1535,"private":0,"password":null}