{"id":"gen9vgc2025regg-2299849453","format":"[Gen 9] VGC 2025 Reg G","players":["girigiripeter","Sarfy"],"log":"|j|\u2606girigiripeter\n|j|\u2606Sarfy\n|t:|1739428354\n|gametype|doubles\n|player|p1|girigiripeter|170|1631\n|player|p2|Sarfy|adaman|1546\n|teamsize|p1|6\n|teamsize|p2|6\n|gen|9\n|tier|[Gen 9] VGC 2025 Reg G\n|rated|\n|rule|Species Clause: Limit one of each Pok\u00e9mon\n|rule|Item Clause: Limit 1 of each item\n|clearpoke\n|poke|p1|Miraidon, L50|\n|poke|p1|Farigiraf, L50, F|\n|poke|p1|Urshifu-*, L50, M|\n|poke|p1|Iron Hands, L50|\n|poke|p1|Incineroar, L50, M|\n|poke|p1|Iron Bundle, L50|\n|poke|p2|Zacian-*, L50|\n|poke|p2|Ditto, L50|\n|poke|p2|Gothitelle, L50, F|\n|poke|p2|Dragonite, L50, M|\n|poke|p2|Chien-Pao, L50|\n|poke|p2|Pelipper, L50, F|\n|teampreview|4\n|inactive|Battle timer is ON: inactive players will automatically lose when time's up. (requested by Sarfy)\n|\n|t:|1739428437\n|start\n|switch|p1a: Miraidon|Miraidon, L50|100\/100\n|switch|p1b: Iron Bundle|Iron Bundle, L50|100\/100\n|switch|p2a: Gothitelle|Gothitelle, L50, F|100\/100\n|switch|p2b: Dragonite|Dragonite, L50, M|100\/100\n|-fieldstart|move: Electric Terrain|[from] ability: Hadron Engine|[of] p1a: Miraidon\n|-activate|p1b: Iron Bundle|ability: Quark Drive\n|-start|p1b: Iron Bundle|quarkdrivespe\n|turn|1\n|j| Otameshipoke\n|inactive|girigiripeter has 30 seconds left.\n|inactive|girigiripeter has 20 seconds left.\n|\n|t:|1739428473\n|-terastallize|p2b: Dragonite|Normal\n|move|p2a: Gothitelle|Helping Hand|p2b: Dragonite\n|-singleturn|p2b: Dragonite|Helping Hand|[of] p2a: Gothitelle\n|move|p2b: Dragonite|Extreme Speed|p1a: Miraidon\n|-damage|p1a: Miraidon|3\/100\n|move|p1b: Iron Bundle|Freeze-Dry|p2b: Dragonite\n|-damage|p2b: Dragonite|66\/100\n|move|p1a: Miraidon|Electro Drift|p2a: Gothitelle\n|-damage|p2a: Gothitelle|0 fnt\n|-damage|p1a: Miraidon|0 fnt|[from] item: Rocky Helmet|[of] p2a: Gothitelle\n|faint|p2a: Gothitelle\n|faint|p1a: Miraidon\n|\n|upkeep\n|c|\u2606Sarfy|good luck\n|inactive|girigiripeter has 30 seconds left.\n|inactive|Sarfy has 30 seconds left.\n|\n|t:|1739428502\n|switch|p1a: Urshifu|Urshifu-Rapid-Strike, L50, M|100\/100\n|switch|p2a: Zacian|Zacian-Crowned, L50|100\/100\n|-ability|p2a: Zacian|Intrepid Sword|boost\n|-boost|p2a: Zacian|atk|1\n|turn|2\n|\n|t:|1739428524\n|-end|p1b: Iron Bundle|Quark Drive|[silent]\n|switch|p1b: Incineroar|Incineroar, L50, M|100\/100\n|-ability|p1b: Incineroar|Intimidate|boost\n|-unboost|p2a: Zacian|atk|1\n|-fail|p2b: Dragonite|unboost|Attack|[from] ability: Inner Focus|[of] p2b: Dragonite\n|-terastallize|p1a: Urshifu|Water\n|move|p2b: Dragonite|Extreme Speed|p1a: Urshifu\n|-damage|p1a: Urshifu|33\/100\n|move|p2a: Zacian|Behemoth Blade|p1b: Incineroar\n|-resisted|p1b: Incineroar\n|-damage|p1b: Incineroar|78\/100\n|-damage|p2a: Zacian|84\/100|[from] item: Rocky Helmet|[of] p1b: Incineroar\n|move|p1a: Urshifu|Surging Strikes|p2b: Dragonite\n|-crit|p2b: Dragonite\n|-damage|p2b: Dragonite|30\/100\n|-crit|p2b: Dragonite\n|-damage|p2b: Dragonite|0 fnt\n|faint|p2b: Dragonite\n|-hitcount|p2: Dragonite|2\n|\n|upkeep\n|\n|t:|1739428540\n|switch|p2b: Ditto|Ditto, L50|100\/100\n|-transform|p2b: Ditto|p1a: Urshifu|[from] ability: Imposter\n|-start|p2b: Ditto|typechange|Fighting\/Water|[silent]\n|turn|3\n|inactive|girigiripeter has 30 seconds left.\n|inactive|Sarfy has 30 seconds left.\n|inactive|Sarfy has 20 seconds left.\n|inactive|Sarfy has 15 seconds left.\n|inactive|Sarfy has 10 seconds left.\n|inactive|Sarfy has 5 seconds left.\n|\n|t:|1739428590\n|switch|p1a: Iron Bundle|Iron Bundle, L50|100\/100\n|-activate|p1a: Iron Bundle|ability: Quark Drive\n|-start|p1a: Iron Bundle|quarkdrivespe\n|move|p2a: Zacian|Sacred Sword|p1a: Iron Bundle\n|-supereffective|p1a: Iron Bundle\n|-damage|p1a: Iron Bundle|20\/100\n|move|p2b: Ditto|Surging Strikes|p1b: Incineroar\n|-supereffective|p1b: Incineroar\n|-crit|p1b: Incineroar\n|-damage|p1b: Incineroar|45\/100\n|-damage|p2b: Ditto|84\/100|[from] item: Rocky Helmet|[of] p1b: Incineroar\n|-supereffective|p1b: Incineroar\n|-crit|p1b: Incineroar\n|-damage|p1b: Incineroar|12\/100\n|-damage|p2b: Ditto|68\/100|[from] item: Rocky Helmet|[of] p1b: Incineroar\n|-supereffective|p1b: Incineroar\n|-crit|p1b: Incineroar\n|-damage|p1b: Incineroar|0 fnt\n|-damage|p2b: Ditto|52\/100|[from] item: Rocky Helmet|[of] p1b: Incineroar\n|faint|p1b: Incineroar\n|-hitcount|p1: Incineroar|3\n|\n|upkeep\n|\n|t:|1739428607\n|switch|p1b: Urshifu|Urshifu-Rapid-Strike, L50, M, tera:Water|33\/100\n|turn|4\n|inactive|Sarfy has 30 seconds left.\n|\n|t:|1739428639\n|move|p1a: Iron Bundle|Icy Wind|p2b: Ditto|[spread] p2a,p2b\n|-resisted|p2a: Zacian\n|-resisted|p2b: Ditto\n|-damage|p2a: Zacian|75\/100\n|-damage|p2b: Ditto|37\/100\n|-unboost|p2a: Zacian|spe|1\n|-unboost|p2b: Ditto|spe|1\n|move|p2a: Zacian|Behemoth Blade|p1b: Urshifu\n|-resisted|p1b: Urshifu\n|-damage|p1b: Urshifu|6\/100\n|move|p1b: Urshifu|Surging Strikes|p2a: Zacian\n|-crit|p2a: Zacian\n|-damage|p2a: Zacian|45\/100\n|-crit|p2a: Zacian\n|-damage|p2a: Zacian|13\/100\n|-crit|p2a: Zacian\n|-damage|p2a: Zacian|0 fnt\n|faint|p2a: Zacian\n|-hitcount|p2: Zacian|3\n|move|p2b: Ditto|Surging Strikes|p1b: Urshifu\n|-resisted|p1b: Urshifu\n|-crit|p1b: Urshifu\n|-damage|p1b: Urshifu|0 fnt\n|faint|p1b: Urshifu\n|-hitcount|p1: Urshifu|1\n|\n|upkeep\n|turn|5\n|\n|t:|1739428659\n|move|p1a: Iron Bundle|Freeze-Dry|p2b: Ditto\n|-supereffective|p2b: Ditto\n|-damage|p2b: Ditto|0 fnt\n|faint|p2b: Ditto\n|\n|win|girigiripeter\n|raw|girigiripeter's rating: 1631 &rarr; <strong>1646<\/strong><br \/>(+15 for winning)\n|raw|Sarfy's rating: 1546 &rarr; <strong>1531<\/strong><br \/>(-15 for losing)\n|l|\u2606Sarfy\n|player|p2|\n|l|\u2606girigiripeter\n|player|p1|\n|l| Otameshipoke\n","uploadtime":1739428799,"views":5,"formatid":"gen9vgc2025regg","rating":1531,"private":0,"password":null}