{"id":"gen9vgc2025regg-2299493842","format":"[Gen 9] VGC 2025 Reg G","players":["heyBeteritsVGC","Newteamnewname"],"log":"|j|\u2606heyBeteritsVGC\n|j|\u2606Newteamnewname\n|t:|1739384598\n|gametype|doubles\n|player|p1|heyBeteritsVGC|265|1577\n|player|p2|Newteamnewname|biker-gen4|1562\n|teamsize|p1|6\n|teamsize|p2|6\n|gen|9\n|tier|[Gen 9] VGC 2025 Reg G\n|rated|\n|rule|Species Clause: Limit one of each Pok\u00e9mon\n|rule|Item Clause: Limit 1 of each item\n|clearpoke\n|poke|p1|Dialga-Origin, L50|\n|poke|p1|Raging Bolt, L50|\n|poke|p1|Flutter Mane, L50|\n|poke|p1|Ursaluna, L50, M|\n|poke|p1|Volcarona, L50, M|\n|poke|p1|Smeargle, L50, M|\n|poke|p2|Terapagos, L50, M|\n|poke|p2|Urshifu-*, L50, M|\n|poke|p2|Rillaboom, L50, M|\n|poke|p2|Incineroar, L50, M|\n|poke|p2|Ogerpon-Hearthflame, L50, F|\n|poke|p2|Flutter Mane, L50|\n|teampreview|4\n|inactive|Battle timer is ON: inactive players will automatically lose when time's up. (requested by Newteamnewname)\n|inactive|heyBeteritsVGC has 60 seconds left.\n|inactive|Newteamnewname has 60 seconds left.\n|\n|t:|1739384649\n|start\n|switch|p1a: Dialga|Dialga-Origin, L50|100\/100\n|switch|p1b: Smeargle|Smeargle, L50, M|100\/100\n|switch|p2a: Flutter Mane|Flutter Mane, L50|100\/100\n|switch|p2b: Terapagos|Terapagos, L50, M|100\/100\n|-activate|p2b: Terapagos|ability: Tera Shift\n|detailschange|p2b: Terapagos|Terapagos-Terastal, L50, M\n|-heal|p2b: Terapagos|100\/100|[silent]\n|-enditem|p2a: Flutter Mane|Booster Energy\n|-activate|p2a: Flutter Mane|ability: Protosynthesis|[fromitem]\n|-start|p2a: Flutter Mane|protosynthesisspe\n|turn|1\n|\n|t:|1739384667\n|move|p2a: Flutter Mane|Taunt|p1b: Smeargle\n|-start|p1b: Smeargle|move: Taunt\n|cant|p1b: Smeargle|move: Taunt|Spore\n|move|p1a: Dialga|Flash Cannon|p2a: Flutter Mane\n|-supereffective|p2a: Flutter Mane\n|-damage|p2a: Flutter Mane|2\/100\n|-unboost|p2a: Flutter Mane|spd|1\n|move|p2b: Terapagos|Calm Mind|p2b: Terapagos\n|-boost|p2b: Terapagos|spa|1\n|-boost|p2b: Terapagos|spd|1\n|\n|-ability|p1b: Smeargle|Moody|boost\n|-boost|p1b: Smeargle|spd|2\n|-unboost|p1b: Smeargle|spe|1\n|upkeep\n|turn|2\n|inactive|Newteamnewname has 30 seconds left.\n|inactive|Newteamnewname has 20 seconds left.\n|\n|t:|1739384704\n|switch|p1b: Raging Bolt|Raging Bolt, L50|100\/100\n|move|p2a: Flutter Mane|Taunt|p1a: Dialga\n|-start|p1a: Dialga|move: Taunt\n|move|p2b: Terapagos|Calm Mind|p2b: Terapagos\n|-boost|p2b: Terapagos|spa|1\n|-boost|p2b: Terapagos|spd|1\n|move|p1a: Dialga|Flash Cannon|p2a: Flutter Mane\n|-supereffective|p2a: Flutter Mane\n|-damage|p2a: Flutter Mane|0 fnt\n|faint|p2a: Flutter Mane\n|-end|p2a: Flutter Mane|Protosynthesis|[silent]\n|\n|upkeep\n|\n|t:|1739384714\n|switch|p2a: Incineroar|Incineroar, L50, M|100\/100\n|-ability|p2a: Incineroar|Intimidate|boost\n|-unboost|p1a: Dialga|atk|1\n|-unboost|p1b: Raging Bolt|atk|1\n|turn|3\n|\n|t:|1739384728\n|move|p2a: Incineroar|Fake Out|p1b: Raging Bolt\n|-damage|p1b: Raging Bolt|91\/100\n|cant|p1b: Raging Bolt|flinch\n|move|p1a: Dialga|Draco Meteor|p2a: Incineroar\n|-damage|p2a: Incineroar|18\/100\n|-unboost|p1a: Dialga|spa|2\n|move|p2b: Terapagos|Earth Power|p1b: Raging Bolt\n|-supereffective|p1b: Raging Bolt\n|-damage|p1b: Raging Bolt|34\/100\n|\n|upkeep\n|turn|4\n|inactive|Newteamnewname has 30 seconds left.\n|\n|t:|1739384756\n|switch|p1a: Ursaluna|Ursaluna, L50, M|100\/100\n|move|p1b: Raging Bolt|Discharge|p2a: Incineroar|[spread] p2a,p2b\n|-immune|p1a: Ursaluna\n|-activate|p2b: Terapagos|ability: Tera Shell\n|-resisted|p2b: Terapagos\n|-damage|p2a: Incineroar|0 fnt\n|-damage|p2b: Terapagos|94\/100\n|faint|p2a: Incineroar\n|move|p2b: Terapagos|Earth Power|p1a: Ursaluna\n|-damage|p1a: Ursaluna|55\/100\n|\n|-heal|p2b: Terapagos|99\/100|[from] item: Leftovers\n|-status|p1a: Ursaluna|brn|[from] item: Flame Orb\n|upkeep\n|\n|t:|1739384770\n|switch|p2a: Urshifu|Urshifu-Rapid-Strike, L50, M|100\/100\n|turn|5\n|j| playrornds\n|inactive|heyBeteritsVGC has 30 seconds left.\n|inactive|heyBeteritsVGC has 20 seconds left.\n|\n|t:|1739384805\n|-terastallize|p2b: Terapagos|Stellar\n|detailschange|p2b: Terapagos|Terapagos-Stellar, L50, M, tera:Stellar\n|-heal|p2b: Terapagos|99\/100|[silent]\n|move|p1b: Raging Bolt|Thunderclap|p2a: Urshifu\n|-supereffective|p2a: Urshifu\n|-damage|p2a: Urshifu|0 fnt\n|faint|p2a: Urshifu\n|move|p2b: Terapagos|Tera Starstorm|p1b: Raging Bolt|[spread] p1a,p1b\n|-damage|p1a: Ursaluna|0 fnt\n|-damage|p1b: Raging Bolt|0 fnt\n|faint|p1a: Ursaluna\n|faint|p1b: Raging Bolt\n|-end|p1b: Raging Bolt|Protosynthesis|[silent]\n|\n|-heal|p2b: Terapagos|100\/100|[from] item: Leftovers\n|upkeep\n|\n|t:|1739384809\n|switch|p1b: Smeargle|Smeargle, L50, M|100\/100\n|switch|p1a: Dialga|Dialga-Origin, L50|100\/100\n|turn|6\n|\n|t:|1739384814\n|move|p2b: Terapagos|Protect|p2b: Terapagos\n|-singleturn|p2b: Terapagos|Protect\n|move|p1b: Smeargle|Spore|p2b: Terapagos\n|-activate|p2b: Terapagos|move: Protect\n|move|p1a: Dialga|Flash Cannon|p2b: Terapagos\n|-activate|p2b: Terapagos|move: Protect\n|\n|-ability|p1b: Smeargle|Moody|boost\n|-boost|p1b: Smeargle|spd|2\n|-unboost|p1b: Smeargle|atk|1\n|upkeep\n|turn|7\n|\n|t:|1739384824\n|move|p1b: Smeargle|Spore|p2b: Terapagos\n|-status|p2b: Terapagos|slp|[from] move: Spore\n|move|p1a: Dialga|Flash Cannon|p2b: Terapagos\n|-damage|p2b: Terapagos|83\/100 slp\n|-unboost|p2b: Terapagos|spd|1\n|cant|p2b: Terapagos|slp\n|\n|-heal|p2b: Terapagos|89\/100 slp|[from] item: Leftovers\n|-ability|p1b: Smeargle|Moody|boost\n|-boost|p1b: Smeargle|spe|2\n|-unboost|p1b: Smeargle|spd|1\n|upkeep\n|turn|8\n|\n|t:|1739384841\n|-terastallize|p1a: Dialga|Bug\n|move|p1b: Smeargle|Wide Guard|p1b: Smeargle\n|-singleturn|p1b: Smeargle|Wide Guard\n|move|p1a: Dialga|Flash Cannon|p2b: Terapagos\n|-damage|p2b: Terapagos|64\/100 slp\n|cant|p2b: Terapagos|slp\n|\n|-heal|p2b: Terapagos|70\/100 slp|[from] item: Leftovers\n|-ability|p1b: Smeargle|Moody|boost\n|-boost|p1b: Smeargle|spd|2\n|-unboost|p1b: Smeargle|atk|1\n|upkeep\n|turn|9\n|\n|t:|1739384849\n|move|p1b: Smeargle|Wide Guard|p1b: Smeargle\n|-singleturn|p1b: Smeargle|Wide Guard\n|move|p1a: Dialga|Flash Cannon|p2b: Terapagos\n|-damage|p2b: Terapagos|44\/100 slp\n|-unboost|p2b: Terapagos|spd|1\n|cant|p2b: Terapagos|slp\n|\n|-heal|p2b: Terapagos|50\/100 slp|[from] item: Leftovers\n|-ability|p1b: Smeargle|Moody|boost\n|-boost|p1b: Smeargle|def|2\n|-unboost|p1b: Smeargle|spa|1\n|upkeep\n|turn|10\n|-message|Newteamnewname forfeited.\n|\n|win|heyBeteritsVGC\n|raw|heyBeteritsVGC's rating: 1577 &rarr; <strong>1596<\/strong><br \/>(+19 for winning)\n|raw|Newteamnewname's rating: 1562 &rarr; <strong>1543<\/strong><br \/>(-19 for losing)\n|l|\u2606Newteamnewname\n|player|p2|\n|l|\u2606heyBeteritsVGC\n|player|p1|\n|l| playrornds\n","uploadtime":1739385009,"views":19,"formatid":"gen9vgc2025regg","rating":1543,"private":0,"password":null}