{"id":"gen9vgc2025regg-2299006392","format":"[Gen 9] VGC 2025 Reg G","players":["pm5768","ragionBolte"],"log":"|j|\u2606pm5768\n|j|\u2606ragionBolte\n|t:|1739317815\n|gametype|doubles\n|player|p1|pm5768|nurseryaide|1528\n|player|p2|ragionBolte|2|1628\n|teamsize|p1|6\n|teamsize|p2|6\n|gen|9\n|tier|[Gen 9] VGC 2025 Reg G\n|rated|\n|rule|Species Clause: Limit one of each Pok\u00e9mon\n|rule|Item Clause: Limit 1 of each item\n|clearpoke\n|poke|p1|Calyrex-Shadow, L50|\n|poke|p1|Wo-Chien, L50|\n|poke|p1|Urshifu-*, L50, M|\n|poke|p1|Incineroar, L50, M|\n|poke|p1|Raging Bolt, L50|\n|poke|p1|Smeargle, L50, M|\n|poke|p2|Calyrex-Ice, L50|\n|poke|p2|Urshifu-*, L50, F|\n|poke|p2|Incineroar, L50, F|\n|poke|p2|Ogerpon-Cornerstone, L50, F|\n|poke|p2|Raging Bolt, L50|\n|poke|p2|Maushold, L50|\n|teampreview|4\n|\n|t:|1739317847\n|start\n|switch|p1a: Calyrex|Calyrex-Shadow, L50|100\/100\n|switch|p1b: Smeargle|Smeargle, L50, M|100\/100\n|switch|p2a: Maushold|Maushold, L50|100\/100\n|switch|p2b: Calyrex|Calyrex-Ice, L50|100\/100\n|-ability|p1a: Calyrex|As One\n|-ability|p1a: Calyrex|Unnerve\n|-ability|p2b: Calyrex|As One\n|-ability|p2b: Calyrex|Unnerve\n|turn|1\n|inactive|Battle timer is ON: inactive players will automatically lose when time's up. (requested by ragionBolte)\n|\n|t:|1739317861\n|-terastallize|p2b: Calyrex|Water\n|move|p1b: Smeargle|Fake Out|p2b: Calyrex\n|-damage|p2b: Calyrex|98\/100\n|move|p1a: Calyrex|Calm Mind|p1a: Calyrex\n|-boost|p1a: Calyrex|spa|1\n|-boost|p1a: Calyrex|spd|1\n|move|p2a: Maushold|Taunt|p1b: Smeargle\n|-start|p1b: Smeargle|move: Taunt\n|cant|p2b: Calyrex|flinch\n|\n|-ability|p1b: Smeargle|Moody|boost\n|-boost|p1b: Smeargle|def|2\n|-unboost|p1b: Smeargle|spa|1\n|upkeep\n|turn|2\n|inactive|pm5768 has 30 seconds left.\n|\n|t:|1739317892\n|switch|p1b: Wo-Chien|Wo-Chien, L50|100\/100\n|-ability|p1b: Wo-Chien|Tablets of Ruin\n|move|p1a: Calyrex|Astral Barrage|p2a: Maushold|[spread] p2b\n|-immune|p2a: Maushold\n|-damage|p2b: Calyrex|65\/100\n|move|p2a: Maushold|Super Fang|p1b: Wo-Chien\n|-damage|p1b: Wo-Chien|50\/100\n|move|p2b: Calyrex|Glacial Lance|p1a: Calyrex|[spread] p1a,p1b\n|-crit|p1a: Calyrex\n|-supereffective|p1b: Wo-Chien\n|-damage|p1a: Calyrex|43\/100\n|-damage|p1b: Wo-Chien|0 fnt\n|faint|p1b: Wo-Chien\n|-ability|p2b: Calyrex|Chilling Neigh|boost\n|-boost|p2b: Calyrex|atk|1\n|\n|upkeep\n|\n|t:|1739317900\n|switch|p1b: Smeargle|Smeargle, L50, M|100\/100\n|turn|3\n|\n|t:|1739317920\n|-terastallize|p1a: Calyrex|Fairy\n|move|p2b: Calyrex|Protect|p2b: Calyrex\n|-singleturn|p2b: Calyrex|Protect\n|move|p1b: Smeargle|Fake Out|p2a: Maushold\n|-damage|p2a: Maushold|94\/100\n|move|p1a: Calyrex|Draining Kiss|p2a: Maushold\n|-damage|p2a: Maushold|39\/100\n|-heal|p1a: Calyrex|80\/100|[from] drain|[of] p2a: Maushold\n|move|p2a: Maushold|Taunt|p1b: Smeargle\n|-start|p1b: Smeargle|move: Taunt\n|\n|-ability|p1b: Smeargle|Moody|boost\n|-boost|p1b: Smeargle|spd|2\n|-unboost|p1b: Smeargle|spa|1\n|upkeep\n|turn|4\n|inactive|pm5768 has 30 seconds left.\n|\n|t:|1739317946\n|switch|p1b: Raging Bolt|Raging Bolt, L50|100\/100\n|-enditem|p1b: Raging Bolt|Booster Energy\n|-activate|p1b: Raging Bolt|ability: Protosynthesis|[fromitem]\n|-start|p1b: Raging Bolt|protosynthesisspa\n|move|p1a: Calyrex|Draining Kiss|p2a: Maushold\n|-damage|p2a: Maushold|0 fnt\n|-heal|p1a: Calyrex|100\/100|[from] drain|[of] p2a: Maushold\n|faint|p2a: Maushold\n|-ability|p1a: Calyrex|Grim Neigh|boost\n|-boost|p1a: Calyrex|spa|1\n|move|p2b: Calyrex|Glacial Lance|p1a: Calyrex|[spread] p1a,p1b\n|-supereffective|p1b: Raging Bolt\n|-damage|p1a: Calyrex|23\/100\n|-damage|p1b: Raging Bolt|0 fnt\n|faint|p1b: Raging Bolt\n|-end|p1b: Raging Bolt|Protosynthesis|[silent]\n|-ability|p2b: Calyrex|Chilling Neigh|boost\n|-boost|p2b: Calyrex|atk|1\n|\n|upkeep\n|\n|t:|1739317965\n|switch|p2a: Ogerpon|Ogerpon-Cornerstone, L50, F|100\/100\n|switch|p1b: Smeargle|Smeargle, L50, M|100\/100\n|turn|5\n|\n|t:|1739317983\n|move|p1b: Smeargle|Fake Out|p2a: Ogerpon\n|-resisted|p2a: Ogerpon\n|-damage|p2a: Ogerpon|97\/100\n|move|p1a: Calyrex|Astral Barrage|p2a: Ogerpon|[spread] p2a,p2b\n|-damage|p2a: Ogerpon|0 fnt\n|-damage|p2b: Calyrex|0 fnt\n|faint|p2a: Ogerpon\n|faint|p2b: Calyrex\n|-ability|p1a: Calyrex|Grim Neigh|boost\n|-boost|p1a: Calyrex|spa|2\n|\n|-ability|p1b: Smeargle|Moody|boost\n|-boost|p1b: Smeargle|def|2\n|-unboost|p1b: Smeargle|spe|1\n|upkeep\n|-message|ragionBolte forfeited.\n|\n|win|pm5768\n|raw|pm5768's rating: 1528 &rarr; <strong>1554<\/strong><br \/>(+26 for winning)\n|raw|ragionBolte's rating: 1628 &rarr; <strong>1602<\/strong><br \/>(-26 for losing)\n|l|\u2606ragionBolte\n|player|p2|\n|l|\u2606pm5768\n|player|p1|\n","uploadtime":1739318209,"views":5,"formatid":"gen9vgc2025regg","rating":1554,"private":0,"password":null}