{"id":"gen9vgc2025regg-2299040990","format":"[Gen 9] VGC 2025 Reg G","players":["DillonChills","yoyuu7"],"log":"|j|\u2606DillonChills\n|j|\u2606yoyuu7\n|t:|1739322274\n|gametype|doubles\n|player|p1|DillonChills|169|1558\n|player|p2|yoyuu7|265|1529\n|teamsize|p1|6\n|teamsize|p2|6\n|gen|9\n|tier|[Gen 9] VGC 2025 Reg G\n|rated|\n|rule|Species Clause: Limit one of each Pok\u00e9mon\n|rule|Item Clause: Limit 1 of each item\n|clearpoke\n|poke|p1|Miraidon, L50|\n|poke|p1|Iron Boulder, L50|\n|poke|p1|Whimsicott, L50, F|\n|poke|p1|Farigiraf, L50, M|\n|poke|p1|Incineroar, L50, F|\n|poke|p1|Iron Hands, L50|\n|poke|p2|Kyogre, L50|\n|poke|p2|Urshifu-*, L50, F|\n|poke|p2|Incineroar, L50, M|\n|poke|p2|Grimmsnarl, L50, M|\n|poke|p2|Rillaboom, L50, M|\n|poke|p2|Tornadus, L50, M|\n|teampreview|4\n|\n|t:|1739322309\n|start\n|switch|p1a: Miraidon|Miraidon, L50|100\/100\n|switch|p1b: Farigiraf|Farigiraf, L50, M|100\/100\n|switch|p2a: Grimmsnarl|Grimmsnarl, L50, M|100\/100\n|switch|p2b: Rillaboom|Rillaboom, L50, M|100\/100\n|-fieldstart|move: Electric Terrain|[from] ability: Hadron Engine|[of] p1a: Miraidon\n|-enditem|p1b: Farigiraf|Electric Seed\n|-boost|p1b: Farigiraf|def|1|[from] item: Electric Seed\n|-fieldstart|move: Grassy Terrain|[from] ability: Grassy Surge|[of] p2b: Rillaboom\n|turn|1\n|\n|t:|1739322319\n|move|p1b: Farigiraf|Helping Hand|p1a: Miraidon\n|-singleturn|p1a: Miraidon|Helping Hand|[of] p1b: Farigiraf\n|move|p2a: Grimmsnarl|Light Screen|p2a: Grimmsnarl\n|-sidestart|p2: yoyuu7|move: Light Screen\n|move|p1a: Miraidon|Electro Drift|p2a: Grimmsnarl\n|-damage|p2a: Grimmsnarl|37\/100\n|move|p2b: Rillaboom|U-turn|p1b: Farigiraf\n|-supereffective|p1b: Farigiraf\n|-damage|p1b: Farigiraf|77\/100\n|j| ademerald\n|\n|t:|1739322333\n|switch|p2b: Kyogre|Kyogre, L50|100\/100|[from] U-turn\n|-weather|RainDance|[from] ability: Drizzle|[of] p2b: Kyogre\n|\n|-weather|RainDance|[upkeep]\n|-heal|p1b: Farigiraf|83\/100|[from] Grassy Terrain\n|-heal|p2a: Grimmsnarl|43\/100|[from] Grassy Terrain\n|upkeep\n|turn|2\n|\n|t:|1739322351\n|switch|p2a: Rillaboom|Rillaboom, L50, M|100\/100\n|-terastallize|p2b: Kyogre|Grass\n|move|p1a: Miraidon|Electro Drift|p2b: Kyogre\n|-resisted|p2b: Kyogre\n|-damage|p2b: Kyogre|82\/100\n|move|p2b: Kyogre|Calm Mind|p2b: Kyogre\n|-boost|p2b: Kyogre|spa|1\n|-boost|p2b: Kyogre|spd|1\n|move|p1b: Farigiraf|Trick Room|p1b: Farigiraf\n|-fieldstart|move: Trick Room|[of] p1b: Farigiraf\n|\n|-weather|RainDance|[upkeep]\n|-heal|p1b: Farigiraf|89\/100|[from] Grassy Terrain\n|-heal|p2b: Kyogre|87\/100|[from] Grassy Terrain\n|-heal|p2b: Kyogre|93\/100|[from] item: Leftovers\n|upkeep\n|turn|3\n|\n|t:|1739322364\n|switch|p1a: Iron Hands|Iron Hands, L50|100\/100\n|move|p1b: Farigiraf|Psyshock|p2b: Kyogre\n|-damage|p2b: Kyogre|79\/100\n|move|p2a: Rillaboom|U-turn|p1a: Iron Hands\n|-resisted|p1a: Iron Hands\n|-damage|p1a: Iron Hands|94\/100\n|\n|t:|1739322372\n|switch|p2a: Grimmsnarl|Grimmsnarl, L50, M|43\/100|[from] U-turn\n|move|p2b: Kyogre|Origin Pulse|p1a: Iron Hands|[spread] p1a,p1b\n|-damage|p1a: Iron Hands|31\/100\n|-damage|p1b: Farigiraf|24\/100\n|\n|-weather|RainDance|[upkeep]\n|-heal|p1b: Farigiraf|30\/100|[from] Grassy Terrain\n|-heal|p2a: Grimmsnarl|49\/100|[from] Grassy Terrain\n|-heal|p1a: Iron Hands|37\/100|[from] Grassy Terrain\n|-heal|p2b: Kyogre|85\/100|[from] Grassy Terrain\n|-heal|p2b: Kyogre|91\/100|[from] item: Leftovers\n|upkeep\n|turn|4\n|\n|t:|1739322382\n|move|p1b: Farigiraf|Helping Hand|p1a: Iron Hands\n|-singleturn|p1a: Iron Hands|Helping Hand|[of] p1b: Farigiraf\n|move|p2a: Grimmsnarl|Reflect|p2a: Grimmsnarl\n|-sidestart|p2: yoyuu7|Reflect\n|move|p1a: Iron Hands|Drain Punch|p2b: Kyogre\n|-damage|p2b: Kyogre|62\/100\n|-heal|p1a: Iron Hands|49\/100|[from] drain|[of] p2b: Kyogre\n|move|p2b: Kyogre|Origin Pulse|p1a: Iron Hands|[spread] p1b\n|-miss|p2b: Kyogre|p1a: Iron Hands\n|-damage|p1b: Farigiraf|0 fnt\n|faint|p1b: Farigiraf\n|\n|-weather|RainDance|[upkeep]\n|-heal|p2a: Grimmsnarl|54\/100|[from] Grassy Terrain\n|-heal|p1a: Iron Hands|55\/100|[from] Grassy Terrain\n|-heal|p2b: Kyogre|68\/100|[from] Grassy Terrain\n|-heal|p2b: Kyogre|74\/100|[from] item: Leftovers\n|upkeep\n|\n|t:|1739322389\n|switch|p1b: Miraidon|Miraidon, L50|100\/100\n|-fieldstart|move: Electric Terrain|[from] ability: Hadron Engine|[of] p1b: Miraidon\n|-activate|p1a: Iron Hands|ability: Quark Drive\n|-start|p1a: Iron Hands|quarkdriveatk\n|turn|5\n|\n|t:|1739322395\n|-terastallize|p1b: Miraidon|Fairy\n|move|p2b: Kyogre|Protect|p2b: Kyogre\n|-singleturn|p2b: Kyogre|Protect\n|move|p2a: Grimmsnarl|Spirit Break|p1b: Miraidon\n|-damage|p1b: Miraidon|67\/100\n|-unboost|p1b: Miraidon|spa|1\n|move|p1a: Iron Hands|Drain Punch|p2b: Kyogre\n|-activate|p2b: Kyogre|move: Protect\n|move|p1b: Miraidon|Dazzling Gleam|p2b: Kyogre|[spread] p2a\n|-activate|p2b: Kyogre|move: Protect\n|-supereffective|p2a: Grimmsnarl\n|-damage|p2a: Grimmsnarl|7\/100\n|\n|-weather|none\n|-heal|p2b: Kyogre|80\/100|[from] item: Leftovers\n|upkeep\n|turn|6\n|inactive|Battle timer is ON: inactive players will automatically lose when time's up. (requested by DillonChills)\n|\n|t:|1739322411\n|switch|p2a: Rillaboom|Rillaboom, L50, M|100\/100\n|-fieldstart|move: Grassy Terrain|[from] ability: Grassy Surge|[of] p2a: Rillaboom\n|-end|p1a: Iron Hands|Quark Drive\n|move|p1a: Iron Hands|Drain Punch|p2b: Kyogre\n|-damage|p2b: Kyogre|58\/100\n|-heal|p1a: Iron Hands|64\/100|[from] drain|[of] p2b: Kyogre\n|move|p2b: Kyogre|Origin Pulse|p1a: Iron Hands|[spread] p1a\n|-miss|p2b: Kyogre|p1b: Miraidon\n|-damage|p1a: Iron Hands|23\/100\n|move|p1b: Miraidon|Dazzling Gleam|p2b: Kyogre|[spread] p2a,p2b\n|-damage|p2a: Rillaboom|90\/100\n|-damage|p2b: Kyogre|47\/100\n|\n|-heal|p1a: Iron Hands|29\/100|[from] Grassy Terrain\n|-heal|p2a: Rillaboom|96\/100|[from] Grassy Terrain\n|-heal|p2b: Kyogre|53\/100|[from] Grassy Terrain\n|-heal|p2b: Kyogre|59\/100|[from] item: Leftovers\n|-heal|p1b: Miraidon|73\/100|[from] Grassy Terrain\n|-fieldend|move: Trick Room\n|upkeep\n|turn|7\n|\n|t:|1739322424\n|switch|p1b: Iron Boulder|Iron Boulder, L50|100\/100\n|move|p2a: Rillaboom|Fake Out|p1b: Iron Boulder\n|-resisted|p1b: Iron Boulder\n|-damage|p1b: Iron Boulder|94\/100\n|move|p2b: Kyogre|Origin Pulse|p1b: Iron Boulder|[spread] p1a,p1b\n|-supereffective|p1b: Iron Boulder\n|-damage|p1a: Iron Hands|0 fnt\n|-damage|p1b: Iron Boulder|0 fnt\n|faint|p1a: Iron Hands\n|-end|p1a: Iron Hands|Quark Drive|[silent]\n|faint|p1b: Iron Boulder\n|-end|p1b: Iron Boulder|Quark Drive|[silent]\n|\n|-heal|p2b: Kyogre|65\/100|[from] Grassy Terrain\n|-heal|p2b: Kyogre|71\/100|[from] item: Leftovers\n|-heal|p2a: Rillaboom|100\/100|[from] Grassy Terrain\n|upkeep\n|-message|DillonChills forfeited.\n|\n|win|yoyuu7\n|raw|DillonChills's rating: 1558 &rarr; <strong>1536<\/strong><br \/>(-22 for losing)\n|raw|yoyuu7's rating: 1529 &rarr; <strong>1551<\/strong><br \/>(+22 for winning)\n|l|\u2606DillonChills\n|player|p1|\n","uploadtime":1739322691,"views":4,"formatid":"gen9vgc2025regg","rating":1536,"private":0,"password":null}