{"id":"gen9vgc2025regg-2299457139","format":"[Gen 9] VGC 2025 Reg G","players":["Sheevp","PokemonBreederJoey"],"log":"|j|\u2606Sheevp\n|j|\u2606PokemonBreederJoey\n|t:|1739381102\n|gametype|doubles\n|player|p1|Sheevp|1|1550\n|player|p2|PokemonBreederJoey|2|1569\n|teamsize|p1|6\n|teamsize|p2|6\n|gen|9\n|tier|[Gen 9] VGC 2025 Reg G\n|rated|\n|rule|Species Clause: Limit one of each Pok\u00e9mon\n|rule|Item Clause: Limit 1 of each item\n|clearpoke\n|poke|p1|Volcarona, L50, F|\n|poke|p1|Rillaboom, L50, F|\n|poke|p1|Overqwil, L50, M|\n|poke|p1|Landorus, L50, M|\n|poke|p1|Kyogre, L50|\n|poke|p1|Roaring Moon, L50|\n|poke|p2|Ursaluna-Bloodmoon, L50, M|\n|poke|p2|Farigiraf, L50, M|\n|poke|p2|Urshifu-*, L50, F|\n|poke|p2|Rillaboom, L50, M|\n|poke|p2|Calyrex-Ice, L50|\n|poke|p2|Umbreon, L50, F|\n|teampreview|4\n|inactive|Battle timer is ON: inactive players will automatically lose when time's up. (requested by Sheevp)\n|\n|t:|1739381158\n|start\n|switch|p1a: Kyogre|Kyogre, L50|100\/100\n|switch|p1b: Volcarona|Volcarona, L50, F|100\/100\n|switch|p2a: Calyrex|Calyrex-Ice, L50|100\/100\n|switch|p2b: Rillaboom|Rillaboom, L50, M|100\/100\n|-ability|p2a: Calyrex|As One\n|-ability|p2a: Calyrex|Unnerve\n|-weather|RainDance|[from] ability: Drizzle|[of] p1a: Kyogre\n|-fieldstart|move: Grassy Terrain|[from] ability: Grassy Surge|[of] p2b: Rillaboom\n|turn|1\n|\n|t:|1739381170\n|switch|p1a: Overqwil|Overqwil, L50, M|100\/100\n|move|p2b: Rillaboom|Fake Out|p1a: Overqwil\n|-damage|p1a: Overqwil|85\/100\n|move|p1b: Volcarona|Will-O-Wisp|p2a: Calyrex\n|-status|p2a: Calyrex|brn\n|move|p2a: Calyrex|Trick Room|p2a: Calyrex\n|-fieldstart|move: Trick Room|[of] p2a: Calyrex\n|\n|-weather|RainDance|[upkeep]\n|-heal|p1a: Overqwil|91\/100|[from] Grassy Terrain\n|-damage|p2a: Calyrex|95\/100 brn|[from] brn\n|upkeep\n|turn|2\n|\n|t:|1739381186\n|move|p2a: Calyrex|High Horsepower|p1a: Overqwil\n|-supereffective|p1a: Overqwil\n|-damage|p1a: Overqwil|39\/100\n|move|p2b: Rillaboom|U-turn|p1a: Overqwil\n|-damage|p1a: Overqwil|14\/100\n|\n|t:|1739381191\n|switch|p2b: Ursaluna|Ursaluna-Bloodmoon, L50, M|100\/100|[from] U-turn\n|move|p1b: Volcarona|Bug Buzz|p2a: Calyrex\n|-supereffective|p2a: Calyrex\n|-damage|p2a: Calyrex|40\/100 brn\n|move|p1a: Overqwil|Poison Jab|p2b: Ursaluna\n|-resisted|p2b: Ursaluna\n|-damage|p2b: Ursaluna|79\/100\n|-damage|p1a: Overqwil|4\/100|[from] item: Life Orb\n|\n|-weather|RainDance|[upkeep]\n|-heal|p2a: Calyrex|45\/100 brn|[from] Grassy Terrain\n|-heal|p2b: Ursaluna|85\/100|[from] Grassy Terrain\n|-heal|p1a: Overqwil|10\/100|[from] Grassy Terrain\n|-damage|p2a: Calyrex|40\/100 brn|[from] brn\n|upkeep\n|turn|3\n|j| EllAkuro\n|\n|t:|1739381208\n|move|p1b: Volcarona|Protect|p1b: Volcarona\n|-singleturn|p1b: Volcarona|Protect\n|move|p2a: Calyrex|Glacial Lance|p1a: Overqwil|[spread] p1a\n|-activate|p1b: Volcarona|move: Protect\n|-damage|p1a: Overqwil|0 fnt\n|faint|p1a: Overqwil\n|-ability|p2a: Calyrex|Chilling Neigh|boost\n|-boost|p2a: Calyrex|atk|1\n|move|p2b: Ursaluna|Blood Moon|p1b: Volcarona\n|-activate|p1b: Volcarona|move: Protect\n|\n|-weather|RainDance|[upkeep]\n|-heal|p2a: Calyrex|45\/100 brn|[from] Grassy Terrain\n|-heal|p2b: Ursaluna|91\/100|[from] Grassy Terrain\n|-damage|p2a: Calyrex|40\/100 brn|[from] brn\n|upkeep\n|\n|t:|1739381216\n|switch|p1a: Kyogre|Kyogre, L50|100\/100\n|turn|4\n|inactive|PokemonBreederJoey has 30 seconds left.\n|\n|t:|1739381246\n|move|p2b: Ursaluna|Protect|p2b: Ursaluna\n|-singleturn|p2b: Ursaluna|Protect\n|move|p1b: Volcarona|Rage Powder|p1b: Volcarona\n|-singleturn|p1b: Volcarona|move: Rage Powder\n|move|p2a: Calyrex|Glacial Lance|p1a: Kyogre|[spread] p1a,p1b\n|-resisted|p1a: Kyogre\n|-resisted|p1b: Volcarona\n|-damage|p1a: Kyogre|76\/100\n|-damage|p1b: Volcarona|77\/100\n|move|p1a: Kyogre|Origin Pulse|p2a: Calyrex|[spread] p2a\n|-activate|p2b: Ursaluna|move: Protect\n|-damage|p2a: Calyrex|0 fnt\n|faint|p2a: Calyrex\n|\n|-weather|RainDance|[upkeep]\n|-heal|p2b: Ursaluna|97\/100|[from] Grassy Terrain\n|-heal|p1b: Volcarona|83\/100|[from] Grassy Terrain\n|-heal|p1a: Kyogre|82\/100|[from] Grassy Terrain\n|upkeep\n|\n|t:|1739381263\n|switch|p2a: Rillaboom|Rillaboom, L50, M|100\/100\n|turn|5\n|\n|t:|1739381272\n|switch|p1a: Rillaboom|Rillaboom, L50, F|100\/100\n|move|p1b: Volcarona|Protect|p1b: Volcarona\n|-singleturn|p1b: Volcarona|Protect\n|move|p2a: Rillaboom|Fake Out|p1a: Rillaboom\n|-damage|p1a: Rillaboom|89\/100\n|move|p2b: Ursaluna|Hyper Voice|p1a: Rillaboom|[spread] p1a\n|-activate|p1b: Volcarona|move: Protect\n|-damage|p1a: Rillaboom|54\/100\n|-damage|p2b: Ursaluna|87\/100|[from] item: Life Orb\n|\n|-weather|none\n|-heal|p2b: Ursaluna|93\/100|[from] Grassy Terrain\n|-heal|p1a: Rillaboom|60\/100|[from] Grassy Terrain\n|-heal|p1b: Volcarona|89\/100|[from] Grassy Terrain\n|-fieldend|move: Trick Room\n|-fieldend|move: Grassy Terrain\n|upkeep\n|turn|6\n|inactive|Sheevp has 30 seconds left.\n|\n|t:|1739381300\n|move|p2b: Ursaluna|Protect|p2b: Ursaluna\n|-singleturn|p2b: Ursaluna|Protect\n|move|p1a: Rillaboom|Fake Out|p2b: Ursaluna\n|-activate|p2b: Ursaluna|move: Protect\n|move|p1b: Volcarona|Bug Buzz|p2a: Rillaboom\n|-supereffective|p2a: Rillaboom\n|-damage|p2a: Rillaboom|39\/100\n|move|p2a: Rillaboom|U-turn|p1a: Rillaboom\n|-supereffective|p1a: Rillaboom\n|-damage|p1a: Rillaboom|14\/100\n|\n|t:|1739381304\n|switch|p2a: Farigiraf|Farigiraf, L50, M|100\/100|[from] U-turn\n|\n|upkeep\n|turn|7\n|\n|t:|1739381319\n|-terastallize|p2b: Ursaluna|Ghost\n|move|p1b: Volcarona|Bug Buzz|p2b: Ursaluna\n|-resisted|p2b: Ursaluna\n|-damage|p2b: Ursaluna|68\/100\n|move|p1a: Rillaboom|Wood Hammer|p2b: Ursaluna\n|-damage|p2b: Ursaluna|31\/100\n|-damage|p1a: Rillaboom|0 fnt|[from] Recoil\n|faint|p1a: Rillaboom\n|move|p2b: Ursaluna|Hyper Voice|p1b: Volcarona\n|-damage|p1b: Volcarona|30\/100\n|-damage|p2b: Ursaluna|22\/100|[from] item: Life Orb\n|move|p2a: Farigiraf|Trick Room|p2a: Farigiraf\n|-fieldstart|move: Trick Room|[of] p2a: Farigiraf\n|\n|upkeep\n|\n|t:|1739381331\n|switch|p1a: Kyogre|Kyogre, L50|82\/100\n|-weather|RainDance|[from] ability: Drizzle|[of] p1a: Kyogre\n|turn|8\n|\n|t:|1739381346\n|move|p2a: Farigiraf|Helping Hand|p2b: Ursaluna\n|-singleturn|p2b: Ursaluna|Helping Hand|[of] p2a: Farigiraf\n|move|p1b: Volcarona|Rage Powder|p1b: Volcarona\n|-singleturn|p1b: Volcarona|move: Rage Powder\n|move|p2b: Ursaluna|Blood Moon|p1b: Volcarona\n|-crit|p1b: Volcarona\n|-damage|p1b: Volcarona|0 fnt\n|faint|p1b: Volcarona\n|-damage|p2b: Ursaluna|12\/100|[from] item: Life Orb\n|move|p1a: Kyogre|Origin Pulse|p2a: Farigiraf|[spread] p2a,p2b\n|-damage|p2a: Farigiraf|0 fnt\n|-damage|p2b: Ursaluna|0 fnt\n|faint|p2a: Farigiraf\n|faint|p2b: Ursaluna\n|\n|-weather|RainDance|[upkeep]\n|upkeep\n|\n|t:|1739381352\n|switch|p2b: Rillaboom|Rillaboom, L50, M|39\/100\n|-fieldstart|move: Grassy Terrain|[from] ability: Grassy Surge|[of] p2b: Rillaboom\n|turn|9\n|\n|t:|1739381369\n|-terastallize|p1a: Kyogre|Grass\n|move|p2b: Rillaboom|Fake Out|p1a: Kyogre\n|-damage|p1a: Kyogre|66\/100\n|cant|p1a: Kyogre|flinch\n|\n|-weather|RainDance|[upkeep]\n|-heal|p2b: Rillaboom|44\/100|[from] Grassy Terrain\n|-heal|p1a: Kyogre|71\/100|[from] Grassy Terrain\n|upkeep\n|turn|10\n|\n|t:|1739381376\n|move|p2b: Rillaboom|U-turn|p1a: Kyogre\n|-supereffective|p1a: Kyogre\n|-damage|p1a: Kyogre|16\/100\n|move|p1a: Kyogre|Origin Pulse|p2b: Rillaboom\n|-resisted|p2b: Rillaboom\n|-damage|p2b: Rillaboom|0 fnt\n|faint|p2b: Rillaboom\n|\n|win|Sheevp\n|raw|Sheevp's rating: 1550 &rarr; <strong>1571<\/strong><br \/>(+21 for winning)\n|raw|PokemonBreederJoey's rating: 1569 &rarr; <strong>1548<\/strong><br \/>(-21 for losing)\n|l|\u2606PokemonBreederJoey\n|player|p2|\n|l| EllAkuro\n|l|\u2606Sheevp\n|player|p1|\n","uploadtime":1739381529,"views":4,"formatid":"gen9vgc2025regg","rating":1548,"private":0,"password":null}