{"id":"gen9vgc2025regg-2299323204","format":"[Gen 9] VGC 2025 Reg G","players":["Lukyaq","pokequimico"],"log":"|j|\u2606Lukyaq\n|j|\u2606pokequimico\n|t:|1739367125\n|gametype|doubles\n|player|p1|Lukyaq|pokefan-gen4|1550\n|player|p2|pokequimico|lucas|1530\n|teamsize|p1|6\n|teamsize|p2|6\n|gen|9\n|tier|[Gen 9] VGC 2025 Reg G\n|rated|\n|rule|Species Clause: Limit one of each Pok\u00e9mon\n|rule|Item Clause: Limit 1 of each item\n|clearpoke\n|poke|p1|Calyrex-Shadow, L50|\n|poke|p1|Suicune, L50|\n|poke|p1|Urshifu-*, L50, M|\n|poke|p1|Flutter Mane, L50|\n|poke|p1|Indeedee-F, L50, F|\n|poke|p1|Gallade, L50, M|\n|poke|p2|Terapagos, L50, M|\n|poke|p2|Ogerpon-Hearthflame, L50, F|\n|poke|p2|Smeargle, L50, M|\n|poke|p2|Tornadus, L50, M|\n|poke|p2|Dondozo, L50, F|\n|poke|p2|Tatsugiri-Droopy, L50, M|\n|teampreview|4\n|inactive|Battle timer is ON: inactive players will automatically lose when time's up. (requested by pokequimico)\n|\n|t:|1739367154\n|start\n|switch|p1a: Urshifu|Urshifu, L50, M|100\/100\n|switch|p1b: Gallade|Gallade, L50, M|100\/100\n|switch|p2a: Smeargle|Smeargle, L50, M|100\/100\n|switch|p2b: Terapagos|Terapagos, L50, M|100\/100\n|-activate|p2b: Terapagos|ability: Tera Shift\n|detailschange|p2b: Terapagos|Terapagos-Terastal, L50, M\n|-heal|p2b: Terapagos|100\/100|[silent]\n|turn|1\n|inactive|Lukyaq has 30 seconds left.\n|\n|t:|1739367184\n|move|p1a: Urshifu|Detect|p1a: Urshifu\n|-singleturn|p1a: Urshifu|Protect\n|move|p2a: Smeargle|Fake Out|p1b: Gallade\n|-damage|p1b: Gallade|95\/100\n|move|p2b: Terapagos|Dazzling Gleam|p1a: Urshifu|[spread] p1b\n|-activate|p1a: Urshifu|move: Protect\n|-supereffective|p1b: Gallade\n|-damage|p1b: Gallade|45\/100\n|cant|p1b: Gallade|flinch\n|\n|-ability|p2a: Smeargle|Moody|boost\n|-boost|p2a: Smeargle|def|2\n|-unboost|p2a: Smeargle|spa|1\n|upkeep\n|turn|2\n|inactive|Lukyaq has 30 seconds left.\n|inactive|pokequimico has 30 seconds left.\n|inactive|Lukyaq has 20 seconds left.\n|inactive|pokequimico has 20 seconds left.\n|inactive|Lukyaq has 15 seconds left.\n|inactive|pokequimico has 15 seconds left.\n|\n|t:|1739367228\n|switch|p2b: Tornadus|Tornadus, L50, M|100\/100\n|-terastallize|p1a: Urshifu|Poison\n|move|p2a: Smeargle|Spore|p1a: Urshifu\n|-status|p1a: Urshifu|slp|[from] move: Spore\n|cant|p1a: Urshifu|slp\n|move|p1b: Gallade|Trick Room|p1b: Gallade\n|-fieldstart|move: Trick Room|[of] p1b: Gallade\n|\n|-ability|p2a: Smeargle|Moody|boost\n|-boost|p2a: Smeargle|atk|2\n|-unboost|p2a: Smeargle|spe|1\n|upkeep\n|turn|3\n|inactive|Lukyaq has 30 seconds left.\n|inactive|pokequimico has 30 seconds left.\n|inactive|Lukyaq has 20 seconds left.\n|inactive|Lukyaq has 15 seconds left.\n|inactive|Lukyaq has 10 seconds left.\n|\n|t:|1739367276\n|switch|p2b: Terapagos|Terapagos-Terastal, L50, M|100\/100\n|move|p1b: Gallade|Coaching|p1a: Urshifu\n|-boost|p1a: Urshifu|atk|1\n|-boost|p1a: Urshifu|def|1\n|move|p2a: Smeargle|Spore|p1b: Gallade\n|-status|p1b: Gallade|slp|[from] move: Spore\n|cant|p1a: Urshifu|slp\n|\n|-ability|p2a: Smeargle|Moody|boost\n|-boost|p2a: Smeargle|atk|2\n|-unboost|p2a: Smeargle|spe|1\n|upkeep\n|turn|4\n|inactive|Lukyaq has 30 seconds left.\n|\n|t:|1739367302\n|cant|p1b: Gallade|slp\n|move|p2a: Smeargle|Decorate|p2b: Terapagos\n|-boost|p2b: Terapagos|atk|2\n|-boost|p2b: Terapagos|spa|2\n|-curestatus|p1a: Urshifu|slp|[msg]\n|move|p1a: Urshifu|Wicked Blow|p2b: Terapagos\n|-activate|p2b: Terapagos|ability: Tera Shell\n|-resisted|p2b: Terapagos\n|-crit|p2b: Terapagos\n|-damage|p2b: Terapagos|43\/100\n|move|p2b: Terapagos|Tera Starstorm|p1a: Urshifu\n|-damage|p1a: Urshifu|0 fnt\n|faint|p1a: Urshifu\n|\n|-ability|p2a: Smeargle|Moody|boost\n|-boost|p2a: Smeargle|spd|2\n|-unboost|p2a: Smeargle|def|1\n|upkeep\n|\n|t:|1739367325\n|switch|p1a: Indeedee|Indeedee-F, L50, F|100\/100\n|-fieldstart|move: Psychic Terrain|[from] ability: Psychic Surge|[of] p1a: Indeedee\n|turn|5\n|\n|t:|1739367345\n|-terastallize|p2b: Terapagos|Stellar\n|detailschange|p2b: Terapagos|Terapagos-Stellar, L50, M, tera:Stellar\n|-heal|p2b: Terapagos|58\/100|[silent]\n|-ability|p2b: Terapagos|Teraform Zero\n|-fieldend|move: Psychic Terrain\n|cant|p1b: Gallade|slp\n|move|p2a: Smeargle|Follow Me|p2a: Smeargle\n|-singleturn|p2a: Smeargle|move: Follow Me\n|move|p1a: Indeedee|Psychic|p2a: Smeargle\n|-damage|p2a: Smeargle|68\/100\n|move|p2b: Terapagos|Tera Starstorm|p1a: Indeedee|[spread] p1a,p1b\n|-damage|p1a: Indeedee|0 fnt\n|-damage|p1b: Gallade|0 fnt\n|faint|p1a: Indeedee\n|faint|p1b: Gallade\n|\n|-ability|p2a: Smeargle|Moody|boost\n|-boost|p2a: Smeargle|def|2\n|-unboost|p2a: Smeargle|spa|1\n|upkeep\n|\n|t:|1739367361\n|switch|p1b: Calyrex|Calyrex-Shadow, L50|100\/100\n|-ability|p1b: Calyrex|As One\n|-ability|p1b: Calyrex|Unnerve\n|turn|6\n|\n|t:|1739367372\n|move|p2a: Smeargle|Decorate|p2b: Terapagos\n|-boost|p2b: Terapagos|atk|2\n|-boost|p2b: Terapagos|spa|2\n|move|p2b: Terapagos|Tera Starstorm|p1b: Calyrex\n|-damage|p1b: Calyrex|0 fnt\n|faint|p1b: Calyrex\n|\n|win|pokequimico\n|raw|Lukyaq's rating: 1550 &rarr; <strong>1529<\/strong><br \/>(-21 for losing)\n|raw|pokequimico's rating: 1530 &rarr; <strong>1551<\/strong><br \/>(+21 for winning)\n|l|\u2606Lukyaq\n|player|p1|\n|l|\u2606pokequimico\n|player|p2|\n","uploadtime":1739367571,"views":4,"formatid":"gen9vgc2025regg","rating":1529,"private":0,"password":null}