{"id":"gen9vgc2025regg-2299851181","format":"[Gen 9] VGC 2025 Reg G","players":["AnyaForger33","roykeenkennedy"],"log":"|j|\u2606AnyaForger33\n|j|\u2606roykeenkennedy\n|t:|1739428696\n|gametype|doubles\n|player|p1|AnyaForger33|caitlin|1633\n|player|p2|roykeenkennedy|alder|1738\n|teamsize|p1|6\n|teamsize|p2|6\n|gen|9\n|tier|[Gen 9] VGC 2025 Reg G\n|rated|\n|rule|Species Clause: Limit one of each Pok\u00e9mon\n|rule|Item Clause: Limit 1 of each item\n|clearpoke\n|poke|p1|Ogerpon-Wellspring, L50, F|\n|poke|p1|Calyrex-Ice, L50|\n|poke|p1|Annihilape, L50, M|\n|poke|p1|Smeargle, L50, M|\n|poke|p1|Urshifu-*, L50, M|\n|poke|p1|Ursaluna-Bloodmoon, L50, M|\n|poke|p2|Raging Bolt, L50|\n|poke|p2|Incineroar, L50, M|\n|poke|p2|Ogerpon-Cornerstone, L50, F|\n|poke|p2|Annihilape, L50, M|\n|poke|p2|Calyrex-Ice, L50|\n|poke|p2|Amoonguss, L50, F|\n|teampreview|4\n|j| trevell\n|inactive|Battle timer is ON: inactive players will automatically lose when time's up. (requested by AnyaForger33)\n|\n|t:|1739428744\n|start\n|switch|p1a: Calyrex|Calyrex-Ice, L50|100\/100\n|switch|p1b: Annihilape|Annihilape, L50, M|100\/100\n|switch|p2a: Calyrex|Calyrex-Ice, L50|100\/100\n|switch|p2b: Ogerpon|Ogerpon-Cornerstone, L50, F|100\/100\n|-ability|p1a: Calyrex|As One\n|-ability|p1a: Calyrex|Unnerve\n|-ability|p2a: Calyrex|As One\n|-ability|p2a: Calyrex|Unnerve\n|turn|1\n|inactive|roykeenkennedy has 30 seconds left.\n|inactive|roykeenkennedy has 20 seconds left.\n|inactive|roykeenkennedy has 15 seconds left.\n|inactive|roykeenkennedy has 10 seconds left.\n|inactive|roykeenkennedy has 5 seconds left.\n|\n|t:|1739428794\n|move|p1a: Calyrex|Protect|p1a: Calyrex\n|-singleturn|p1a: Calyrex|Protect\n|move|p2b: Ogerpon|Ivy Cudgel|p1a: Calyrex|[anim] Ivy Cudgel Rock\n|-activate|p1a: Calyrex|move: Protect\n|move|p1b: Annihilape|Coaching|p1a: Calyrex\n|-boost|p1a: Calyrex|atk|1\n|-boost|p1a: Calyrex|def|1\n|move|p2a: Calyrex|Glacial Lance|p1b: Annihilape|[spread] p1b\n|-activate|p1a: Calyrex|move: Protect\n|-damage|p1b: Annihilape|43\/100\n|\n|upkeep\n|turn|2\n|inactive|roykeenkennedy has 30 seconds left.\n|\n|t:|1739428820\n|-terastallize|p1a: Calyrex|Water\n|move|p2b: Ogerpon|Ivy Cudgel|p1a: Calyrex|[anim] Ivy Cudgel Rock\n|-damage|p1a: Calyrex|76\/100\n|move|p1b: Annihilape|Rage Fist|p2a: Calyrex\n|-supereffective|p2a: Calyrex\n|-damage|p2a: Calyrex|50\/100\n|move|p1a: Calyrex|Glacial Lance|p2a: Calyrex|[spread] p2a,p2b\n|-resisted|p2a: Calyrex\n|-supereffective|p2b: Ogerpon\n|-damage|p2a: Calyrex|24\/100\n|-ability|p2b: Ogerpon|Sturdy\n|-damage|p2b: Ogerpon|1\/100\n|move|p2a: Calyrex|Trick Room|p2a: Calyrex\n|-fieldstart|move: Trick Room|[of] p2a: Calyrex\n|\n|upkeep\n|turn|3\n|inactive|roykeenkennedy has 30 seconds left.\n|\n|t:|1739428852\n|switch|p1b: Ogerpon|Ogerpon-Wellspring, L50, F|100\/100\n|move|p2a: Calyrex|Protect|p2a: Calyrex\n|-singleturn|p2a: Calyrex|Protect\n|move|p1a: Calyrex|Glacial Lance|p2b: Ogerpon|[spread] p2b\n|-activate|p2a: Calyrex|move: Protect\n|-supereffective|p2b: Ogerpon\n|-damage|p2b: Ogerpon|0 fnt\n|faint|p2b: Ogerpon\n|-ability|p1a: Calyrex|Chilling Neigh|boost\n|-boost|p1a: Calyrex|atk|1\n|\n|upkeep\n|j| save a g\n|\n|t:|1739428865\n|switch|p2b: Amoonguss|Amoonguss, L50, F|100\/100\n|turn|4\n|\n|t:|1739428874\n|-terastallize|p2b: Amoonguss|Water\n|move|p1b: Ogerpon|Follow Me|p1b: Ogerpon\n|-singleturn|p1b: Ogerpon|move: Follow Me\n|move|p2b: Amoonguss|Pollen Puff|p1b: Ogerpon\n|-supereffective|p1b: Ogerpon\n|-damage|p1b: Ogerpon|68\/100\n|move|p2a: Calyrex|Glacial Lance|p1b: Ogerpon|[spread] p1a,p1b\n|-resisted|p1a: Calyrex\n|-damage|p1a: Calyrex|63\/100\n|-damage|p1b: Ogerpon|4\/100\n|move|p1a: Calyrex|Glacial Lance|p2b: Amoonguss|[spread] p2a,p2b\n|-resisted|p2a: Calyrex\n|-resisted|p2b: Amoonguss\n|-damage|p2a: Calyrex|0 fnt\n|-damage|p2b: Amoonguss|56\/100\n|faint|p2a: Calyrex\n|-ability|p1a: Calyrex|Chilling Neigh|boost\n|-boost|p1a: Calyrex|atk|1\n|\n|upkeep\n|\n|t:|1739428893\n|switch|p2a: Incineroar|Incineroar, L50, M|100\/100\n|-ability|p2a: Incineroar|Intimidate|boost\n|-unboost|p1a: Calyrex|atk|1\n|-unboost|p1b: Ogerpon|atk|1\n|turn|5\n|inactive|AnyaForger33 has 30 seconds left.\n|inactive|roykeenkennedy has 30 seconds left.\n|\n|t:|1739428925\n|switch|p1b: Urshifu|Urshifu, L50, M|100\/100\n|move|p1a: Calyrex|Protect|p1a: Calyrex\n|-singleturn|p1a: Calyrex|Protect\n|move|p2a: Incineroar|Fake Out|p1b: Urshifu\n|-damage|p1b: Urshifu|90\/100\n|move|p2b: Amoonguss|Spore|p1a: Calyrex\n|-activate|p1a: Calyrex|move: Protect\n|\n|upkeep\n|turn|6\n|j| continuethesaga\n|\n|t:|1739428949\n|move|p2b: Amoonguss|Clear Smog|p1a: Calyrex\n|-damage|p1a: Calyrex|52\/100\n|-clearboost|p1a: Calyrex\n|move|p2a: Incineroar|Will-O-Wisp|p1b: Urshifu\n|-status|p1b: Urshifu|brn\n|move|p1a: Calyrex|High Horsepower|p2a: Incineroar\n|-supereffective|p2a: Incineroar\n|-damage|p2a: Incineroar|32\/100\n|move|p1b: Urshifu|Close Combat|p2a: Incineroar\n|-supereffective|p2a: Incineroar\n|-damage|p2a: Incineroar|0 fnt\n|-unboost|p1b: Urshifu|def|1\n|-unboost|p1b: Urshifu|spd|1\n|faint|p2a: Incineroar\n|\n|-damage|p1b: Urshifu|83\/100 brn|[from] brn\n|-fieldend|move: Trick Room\n|upkeep\n|turn|7\n|-message|roykeenkennedy forfeited.\n|\n|win|AnyaForger33\n|raw|AnyaForger33's rating: 1633 &rarr; <strong>1659<\/strong><br \/>(+26 for winning)\n|raw|roykeenkennedy's rating: 1738 &rarr; <strong>1712<\/strong><br \/>(-26 for losing)\n|l|\u2606roykeenkennedy\n|player|p2|\n|l|\u2606AnyaForger33\n|player|p1|\n|l| trevell\n|l| save a g\n|l| continuethesaga\n","uploadtime":1739429216,"views":10,"formatid":"gen9vgc2025regg","rating":1659,"private":0,"password":null}