{"id":"gen9vgc2025regg-2299792875","format":"[Gen 9] VGC 2025 Reg G","players":["Crazy Daisy Doo","huyuplan"],"log":"|j|\u2606Crazy Daisy Doo\n|j|\u2606huyuplan\n|t:|1739418719\n|gametype|doubles\n|player|p1|Crazy Daisy Doo|red|1609\n|player|p2|huyuplan|lucas|1564\n|teamsize|p1|6\n|teamsize|p2|6\n|gen|9\n|tier|[Gen 9] VGC 2025 Reg G\n|rated|\n|rule|Species Clause: Limit one of each Pok\u00e9mon\n|rule|Item Clause: Limit 1 of each item\n|clearpoke\n|poke|p1|Flutter Mane, L50|\n|poke|p1|Calyrex-Shadow, L50|\n|poke|p1|Urshifu-*, L50, M|\n|poke|p1|Ogerpon-Cornerstone, L50, F|\n|poke|p1|Chi-Yu, L50|\n|poke|p1|Raging Bolt, L50|\n|poke|p2|Regidrago, L50|\n|poke|p2|Zacian-*, L50|\n|poke|p2|Farigiraf, L50, M|\n|poke|p2|Tornadus, L50, M|\n|poke|p2|Ogerpon-Cornerstone, L50, F|\n|poke|p2|Ditto, L50|\n|teampreview|4\n|inactive|Battle timer is ON: inactive players will automatically lose when time's up. (requested by Crazy Daisy Doo)\n|\n|t:|1739418759\n|start\n|switch|p1a: Flutter Mane|Flutter Mane, L50|100\/100\n|switch|p1b: Calyrex|Calyrex-Shadow, L50|100\/100\n|switch|p2a: Ogerpon|Ogerpon-Cornerstone, L50, F|100\/100\n|switch|p2b: Tornadus|Tornadus, L50, M|100\/100\n|-ability|p1b: Calyrex|As One\n|-ability|p1b: Calyrex|Unnerve\n|-enditem|p1a: Flutter Mane|Booster Energy\n|-activate|p1a: Flutter Mane|ability: Protosynthesis|[fromitem]\n|-start|p1a: Flutter Mane|protosynthesisspe\n|turn|1\n|\n|t:|1739418779\n|move|p2b: Tornadus|Tailwind|p2b: Tornadus\n|-sidestart|p2: huyuplan|move: Tailwind\n|move|p2a: Ogerpon|Power Whip|p1a: Flutter Mane\n|-damage|p1a: Flutter Mane|1\/100\n|move|p1a: Flutter Mane|Thunder Wave|p2a: Ogerpon\n|-status|p2a: Ogerpon|par\n|move|p1b: Calyrex|Astral Barrage|p2a: Ogerpon|[spread] p2a,p2b\n|-damage|p2a: Ogerpon|38\/100 par\n|-damage|p2b: Tornadus|28\/100\n|\n|upkeep\n|turn|2\n|inactive|huyuplan has 30 seconds left.\n|inactive|huyuplan has 20 seconds left.\n|inactive|huyuplan has 15 seconds left.\n|inactive|huyuplan has 10 seconds left.\n|inactive|huyuplan has 5 seconds left.\n|\n|t:|1739418832\n|switch|p2b: Zacian|Zacian-Crowned, L50|100\/100\n|-ability|p2b: Zacian|Intrepid Sword|boost\n|-boost|p2b: Zacian|atk|1\n|move|p1a: Flutter Mane|Protect|p1a: Flutter Mane\n|-singleturn|p1a: Flutter Mane|Protect\n|move|p1b: Calyrex|Astral Barrage|p2a: Ogerpon|[spread] p2a,p2b\n|-damage|p2a: Ogerpon|0 fnt\n|-damage|p2b: Zacian|53\/100\n|faint|p2a: Ogerpon\n|-ability|p1b: Calyrex|Grim Neigh|boost\n|-boost|p1b: Calyrex|spa|1\n|\n|upkeep\n|\n|t:|1739418847\n|switch|p2a: Ditto|Ditto, L50|100\/100\n|-transform|p2a: Ditto|p1b: Calyrex|[from] ability: Imposter\n|-ability|p2a: Ditto|As One\n|-ability|p2a: Ditto|Unnerve\n|turn|3\n|\n|t:|1739418868\n|move|p1b: Calyrex|Protect|p1b: Calyrex\n|-singleturn|p1b: Calyrex|Protect\n|move|p2a: Ditto|Astral Barrage|p1a: Flutter Mane|[spread] p1a\n|-activate|p1b: Calyrex|move: Protect\n|-supereffective|p1a: Flutter Mane\n|-damage|p1a: Flutter Mane|0 fnt\n|faint|p1a: Flutter Mane\n|-end|p1a: Flutter Mane|Protosynthesis|[silent]\n|-ability|p2a: Ditto|Grim Neigh|boost\n|-boost|p2a: Ditto|spa|1\n|move|p2b: Zacian|Behemoth Blade|p1b: Calyrex\n|-activate|p1b: Calyrex|move: Protect\n|\n|upkeep\n|inactive|Crazy Daisy Doo has 30 seconds left.\n|inactive|Crazy Daisy Doo has 20 seconds left.\n|inactive|Crazy Daisy Doo has 15 seconds left.\n|inactive|Crazy Daisy Doo has 10 seconds left.\n|\n|t:|1739418915\n|switch|p1a: Urshifu|Urshifu-Rapid-Strike, L50, M|100\/100\n|turn|4\n|\n|t:|1739418939\n|-terastallize|p2a: Ditto|Normal\n|move|p2a: Ditto|Astral Barrage|p1b: Calyrex|[spread] p1a,p1b\n|-supereffective|p1b: Calyrex\n|-damage|p1a: Urshifu|0 fnt\n|-enditem|p1b: Calyrex|Focus Sash\n|-damage|p1b: Calyrex|1\/100\n|faint|p1a: Urshifu\n|-ability|p2a: Ditto|Grim Neigh|boost\n|-boost|p2a: Ditto|spa|1\n|move|p2b: Zacian|Sacred Sword|p1b: Calyrex\n|-immune|p1b: Calyrex\n|move|p1b: Calyrex|Astral Barrage|p2a: Ditto|[spread] p2b\n|-immune|p2a: Ditto\n|-damage|p2b: Zacian|0 fnt\n|faint|p2b: Zacian\n|-ability|p1b: Calyrex|Grim Neigh|boost\n|-boost|p1b: Calyrex|spa|1\n|\n|-sideend|p2: huyuplan|move: Tailwind\n|upkeep\n|j| playrornds\n|\n|t:|1739418962\n|switch|p2b: Tornadus|Tornadus, L50, M|28\/100\n|switch|p1a: Chi-Yu|Chi-Yu, L50|100\/100\n|-ability|p1a: Chi-Yu|Beads of Ruin\n|turn|5\n|j| continuethesaga\n|inactive|huyuplan has 30 seconds left.\n|\n|t:|1739418993\n|move|p1b: Calyrex|Protect|p1b: Calyrex\n|-singleturn|p1b: Calyrex|Protect\n|move|p2a: Ditto|Astral Barrage|p1a: Chi-Yu|[spread] p1a\n|-activate|p1b: Calyrex|move: Protect\n|-resisted|p1a: Chi-Yu\n|-damage|p1a: Chi-Yu|32\/100\n|move|p1a: Chi-Yu|Heat Wave|p2b: Tornadus|[spread] p2a,p2b\n|-damage|p2a: Ditto|46\/100\n|-damage|p2b: Tornadus|0 fnt\n|faint|p2b: Tornadus\n|\n|upkeep\n|turn|6\n|j| futonkagebunshin\n|\n|t:|1739419008\n|-terastallize|p1b: Calyrex|Ghost\n|move|p2a: Ditto|Astral Barrage|p1b: Calyrex|[spread] p1a,p1b\n|-resisted|p1a: Chi-Yu\n|-supereffective|p1b: Calyrex\n|-damage|p1a: Chi-Yu|0 fnt\n|-damage|p1b: Calyrex|0 fnt\n|faint|p1a: Chi-Yu\n|faint|p1b: Calyrex\n|\n|win|huyuplan\n|raw|Crazy Daisy Doo's rating: 1609 &rarr; <strong>1586<\/strong><br \/>(-23 for losing)\n|raw|huyuplan's rating: 1564 &rarr; <strong>1587<\/strong><br \/>(+23 for winning)\n|l|\u2606Crazy Daisy Doo\n|player|p1|\n|l|\u2606huyuplan\n|player|p2|\n|l| continuethesaga\n|l| playrornds\n|j| JiaJia1017\n|l| futonkagebunshin\n|l| JiaJia1017\n","uploadtime":1739419284,"views":5,"formatid":"gen9vgc2025regg","rating":1586,"private":0,"password":null}