{"id":"gen9vgc2025regg-2299187768","format":"[Gen 9] VGC 2025 Reg G","players":["Assasinderella","KT02"],"log":"|j|\u2606Assasinderella\n|j|\u203dKT02\n|t:|1739344851\n|gametype|doubles\n|player|p1|Assasinderella|rosa|1671\n|player|p2|KT02|102|1627\n|teamsize|p1|6\n|teamsize|p2|6\n|gen|9\n|tier|[Gen 9] VGC 2025 Reg G\n|rated|\n|rule|Species Clause: Limit one of each Pok\u00e9mon\n|rule|Item Clause: Limit 1 of each item\n|clearpoke\n|poke|p1|Zamazenta-*, L50|\n|poke|p1|Chien-Pao, L50|\n|poke|p1|Flutter Mane, L50|\n|poke|p1|Rillaboom, L50, F|\n|poke|p1|Amoonguss, L50, M|\n|poke|p1|Chi-Yu, L50|\n|poke|p2|Incineroar, L50, M|\n|poke|p2|Urshifu-*, L50, F|\n|poke|p2|Miraidon, L50|\n|poke|p2|Iron Bundle, L50|\n|poke|p2|Kingambit, L50, M|\n|poke|p2|Iron Treads, L50|\n|teampreview|4\n|inactive|Battle timer is ON: inactive players will automatically lose when time's up. (requested by KT02)\n|\n|t:|1739344919\n|start\n|switch|p1a: Zamazenta|Zamazenta-Crowned, L50|100\/100\n|switch|p1b: Rillaboom|Rillaboom, L50, F|100\/100\n|switch|p2a: Incineroar|Incineroar, L50, M|100\/100\n|switch|p2b: Urshifu|Urshifu-Rapid-Strike, L50, F|100\/100\n|-ability|p1a: Zamazenta|Dauntless Shield|boost\n|-boost|p1a: Zamazenta|def|1\n|-fieldstart|move: Grassy Terrain|[from] ability: Grassy Surge|[of] p1b: Rillaboom\n|-ability|p2a: Incineroar|Intimidate|boost\n|-unboost|p1a: Zamazenta|atk|1\n|-unboost|p1b: Rillaboom|atk|1\n|turn|1\n|inactive|KT02 has 30 seconds left.\n|\n|t:|1739344947\n|move|p1b: Rillaboom|Fake Out|p2b: Urshifu\n|-damage|p2b: Urshifu|91\/100\n|move|p2a: Incineroar|Fake Out|p1a: Zamazenta\n|-resisted|p1a: Zamazenta\n|-damage|p1a: Zamazenta|98\/100\n|cant|p1a: Zamazenta|flinch\n|cant|p2b: Urshifu|flinch\n|\n|-heal|p1a: Zamazenta|100\/100|[from] Grassy Terrain\n|-heal|p2b: Urshifu|97\/100|[from] Grassy Terrain\n|upkeep\n|turn|2\n|inactive|Assasinderella has 30 seconds left.\n|inactive|KT02 has 30 seconds left.\n|inactive|KT02 has 20 seconds left.\n|\n|t:|1739344983\n|-terastallize|p2a: Incineroar|Bug\n|move|p2b: Urshifu|Protect|p2b: Urshifu\n|-singleturn|p2b: Urshifu|Protect\n|move|p1a: Zamazenta|Body Press|p2a: Incineroar\n|-resisted|p2a: Incineroar\n|-damage|p2a: Incineroar|75\/100\n|move|p1b: Rillaboom|U-turn|p2a: Incineroar\n|-crit|p2a: Incineroar\n|-damage|p2a: Incineroar|49\/100\n|\n|t:|1739344995\n|switch|p1b: Flutter Mane|Flutter Mane, L50|100\/100|[from] U-turn\n|-enditem|p1b: Flutter Mane|Booster Energy\n|-activate|p1b: Flutter Mane|ability: Protosynthesis|[fromitem]\n|-start|p1b: Flutter Mane|protosynthesisspe\n|move|p2a: Incineroar|Will-O-Wisp|p1a: Zamazenta\n|-status|p1a: Zamazenta|brn\n|\n|-heal|p2b: Urshifu|100\/100|[from] Grassy Terrain\n|-heal|p2a: Incineroar|55\/100|[from] Grassy Terrain\n|-damage|p1a: Zamazenta|94\/100 brn|[from] brn\n|upkeep\n|turn|3\n|inactive|KT02 has 30 seconds left.\n|inactive|KT02 has 20 seconds left.\n|inactive|KT02 has 15 seconds left.\n|inactive|KT02 has 10 seconds left.\n|\n|t:|1739345041\n|move|p2b: Urshifu|Aqua Jet|p1b: Flutter Mane\n|-damage|p1b: Flutter Mane|60\/100\n|move|p1b: Flutter Mane|Moonblast|p2b: Urshifu\n|-supereffective|p2b: Urshifu\n|-damage|p2b: Urshifu|0 fnt\n|faint|p2b: Urshifu\n|move|p1a: Zamazenta|Body Press|p2a: Incineroar\n|-resisted|p2a: Incineroar\n|-damage|p2a: Incineroar|43\/100\n|move|p2a: Incineroar|U-turn|p1b: Flutter Mane\n|-resisted|p1b: Flutter Mane\n|-damage|p1b: Flutter Mane|51\/100\n|\n|t:|1739345061\n|switch|p2a: Miraidon|Miraidon, L50|100\/100|[from] U-turn\n|-fieldstart|move: Electric Terrain|[from] ability: Hadron Engine|[of] p2a: Miraidon\n|\n|-damage|p1a: Zamazenta|88\/100 brn|[from] brn\n|upkeep\n|\n|t:|1739345065\n|switch|p2b: Iron Bundle|Iron Bundle, L50|100\/100\n|-activate|p2b: Iron Bundle|ability: Quark Drive\n|-start|p2b: Iron Bundle|quarkdrivespe\n|turn|4\n|l|\u2606Assasinderella\n|inactive|Assasinderella disconnected and has a minute to reconnect!\n|player|p1|\n|j|\u2606Assasinderella\n|inactive|Assasinderella reconnected and has 40 seconds left.\n|player|p1|Assasinderella|rosa|\n|inactive|Assasinderella has 30 seconds left.\n|inactive|KT02 has 30 seconds left.\n|inactive|Assasinderella has 20 seconds left.\n|inactive|Assasinderella has 15 seconds left.\n|inactive|Assasinderella has 10 seconds left.\n|inactive|Assasinderella has 5 seconds left.\n|\n|t:|1739345117\n|move|p1b: Flutter Mane|Protect|p1b: Flutter Mane\n|-singleturn|p1b: Flutter Mane|Protect\n|move|p1a: Zamazenta|Protect|p1a: Zamazenta\n|-singleturn|p1a: Zamazenta|Protect\n|move|p2b: Iron Bundle|Icy Wind|p1b: Flutter Mane|[spread] \n|-activate|p1a: Zamazenta|move: Protect\n|-activate|p1b: Flutter Mane|move: Protect\n|move|p2a: Miraidon|Volt Switch|p1b: Flutter Mane\n|-activate|p1b: Flutter Mane|move: Protect\n|\n|-damage|p1a: Zamazenta|82\/100 brn|[from] brn\n|upkeep\n|turn|5\n|inactive|Assasinderella has 30 seconds left.\n|\n|t:|1739345144\n|-end|p1b: Flutter Mane|Protosynthesis|[silent]\n|switch|p1b: Rillaboom|Rillaboom, L50, F|100\/100\n|-fieldstart|move: Grassy Terrain|[from] ability: Grassy Surge|[of] p1b: Rillaboom\n|-end|p2b: Iron Bundle|Quark Drive\n|move|p2b: Iron Bundle|Freeze-Dry|p1a: Zamazenta\n|-resisted|p1a: Zamazenta\n|-damage|p1a: Zamazenta|69\/100 brn\n|move|p2a: Miraidon|Volt Switch|p1b: Rillaboom\n|-resisted|p1b: Rillaboom\n|-damage|p1b: Rillaboom|79\/100\n|\n|t:|1739345154\n|switch|p2a: Incineroar|Incineroar, L50, M, tera:Bug|43\/100|[from] Volt Switch\n|-ability|p2a: Incineroar|Intimidate|boost\n|-unboost|p1a: Zamazenta|atk|1\n|-unboost|p1b: Rillaboom|atk|1\n|move|p1a: Zamazenta|Body Press|p2b: Iron Bundle\n|-supereffective|p2b: Iron Bundle\n|-damage|p2b: Iron Bundle|16\/100\n|\n|-heal|p2b: Iron Bundle|22\/100|[from] Grassy Terrain\n|-heal|p1a: Zamazenta|75\/100 brn|[from] Grassy Terrain\n|-heal|p1b: Rillaboom|85\/100|[from] Grassy Terrain\n|-heal|p2a: Incineroar|49\/100|[from] Grassy Terrain\n|-damage|p1a: Zamazenta|69\/100 brn|[from] brn\n|upkeep\n|turn|6\n|inactive|Assasinderella has 30 seconds left.\n|inactive|KT02 has 30 seconds left.\n|l|\u2606Assasinderella\n|inactive|Assasinderella disconnected and has a minute to reconnect!\n|player|p1|\n|inactive|Assasinderella has 20 seconds left.\n|inactive|Assasinderella has 15 seconds left.\n|inactive|Assasinderella has 10 seconds left.\n|inactive|Assasinderella has 5 seconds left.\n|-message|Assasinderella lost due to inactivity.\n|\n|win|KT02\n|raw|Assasinderella's rating: 1671 &rarr; <strong>1648<\/strong><br \/>(-23 for losing)\n|raw|KT02's rating: 1627 &rarr; <strong>1650<\/strong><br \/>(+23 for winning)\n|l|\u203dKT02\n|player|p2|\n|j|\u2606Assasinderella\n|player|p1|Assasinderella|rosa|\n|l|\u2606Assasinderella\n|player|p1|\n","uploadtime":1739345386,"views":24,"formatid":"gen9vgc2025regg","rating":1648,"private":0,"password":null}