{"id":"gen9vgc2025regg-2299772529","format":"[Gen 9] VGC 2025 Reg G","players":["huyuplan","chiefclarko11"],"log":"|j|\u2606huyuplan\n|j|\u2606chiefclarko11\n|t:|1739415893\n|gametype|doubles\n|player|p1|huyuplan|lucas|1601\n|player|p2|chiefclarko11|169|1681\n|teamsize|p1|6\n|teamsize|p2|6\n|gen|9\n|tier|[Gen 9] VGC 2025 Reg G\n|rated|\n|rule|Species Clause: Limit one of each Pok\u00e9mon\n|rule|Item Clause: Limit 1 of each item\n|clearpoke\n|poke|p1|Regidrago, L50|\n|poke|p1|Zacian-*, L50|\n|poke|p1|Farigiraf, L50, M|\n|poke|p1|Tornadus, L50, M|\n|poke|p1|Torkoal, L50, F|\n|poke|p1|Ogerpon-Cornerstone, L50, F|\n|poke|p2|Calyrex-Ice, L50|\n|poke|p2|Urshifu-*, L50, M|\n|poke|p2|Raging Bolt, L50|\n|poke|p2|Grimmsnarl, L50, M|\n|poke|p2|Ogerpon-Hearthflame, L50, F|\n|poke|p2|Landorus, L50, M|\n|teampreview|4\n|\n|t:|1739415947\n|start\n|switch|p1a: Zacian|Zacian-Crowned, L50|100\/100\n|switch|p1b: Regidrago|Regidrago, L50|100\/100\n|switch|p2a: Grimmsnarl|Grimmsnarl, L50, M|100\/100\n|switch|p2b: Raging Bolt|Raging Bolt, L50|100\/100\n|-ability|p1a: Zacian|Intrepid Sword|boost\n|-boost|p1a: Zacian|atk|1\n|turn|1\n|j| Tormentador\n|\n|t:|1739415977\n|-terastallize|p2b: Raging Bolt|Fairy\n|move|p1b: Regidrago|Protect|p1b: Regidrago\n|-singleturn|p1b: Regidrago|Protect\n|move|p2a: Grimmsnarl|Reflect|p2a: Grimmsnarl\n|-sidestart|p2: chiefclarko11|Reflect\n|move|p1a: Zacian|Behemoth Blade|p2a: Grimmsnarl\n|-supereffective|p2a: Grimmsnarl\n|-crit|p2a: Grimmsnarl\n|-damage|p2a: Grimmsnarl|0 fnt\n|faint|p2a: Grimmsnarl\n|move|p2b: Raging Bolt|Dragon Pulse|p1b: Regidrago\n|-activate|p1b: Regidrago|move: Protect\n|\n|upkeep\n|\n|t:|1739415990\n|switch|p2a: Landorus|Landorus, L50, M|100\/100\n|turn|2\n|\n|t:|1739416005\n|move|p1a: Zacian|Protect|p1a: Zacian\n|-singleturn|p1a: Zacian|Protect\n|move|p2b: Raging Bolt|Thunderclap|p1b: Regidrago\n|-resisted|p1b: Regidrago\n|-damage|p1b: Regidrago|76\/100\n|move|p2a: Landorus|Sandsear Storm|p1b: Regidrago|[spread] p1b\n|-activate|p1a: Zacian|move: Protect\n|-damage|p1b: Regidrago|6\/100\n|move|p1b: Regidrago|Draco Meteor|p2a: Landorus\n|-damage|p2a: Landorus|0 fnt\n|-unboost|p1b: Regidrago|spa|2\n|faint|p2a: Landorus\n|\n|upkeep\n|\n|t:|1739416021\n|switch|p2a: Calyrex|Calyrex-Ice, L50|100\/100\n|-ability|p2a: Calyrex|As One\n|-ability|p2a: Calyrex|Unnerve\n|turn|3\n|\n|t:|1739416044\n|move|p2b: Raging Bolt|Thunderclap|p1a: Zacian\n|-damage|p1a: Zacian|63\/100\n|move|p1a: Zacian|Behemoth Blade|p2b: Raging Bolt\n|-supereffective|p2b: Raging Bolt\n|-damage|p2b: Raging Bolt|0 fnt\n|faint|p2b: Raging Bolt\n|-end|p2b: Raging Bolt|Protosynthesis|[silent]\n|move|p1b: Regidrago|Dragon Pulse|p2a: Calyrex\n|-damage|p2a: Calyrex|77\/100\n|move|p2a: Calyrex|Trick Room|p2a: Calyrex\n|-fieldstart|move: Trick Room|[of] p2a: Calyrex\n|\n|upkeep\n|turn|4\n|\n|t:|1739416065\n|move|p1a: Zacian|Protect|p1a: Zacian\n|-singleturn|p1a: Zacian|Protect\n|move|p2a: Calyrex|High Horsepower|p1a: Zacian\n|-activate|p1a: Zacian|move: Protect\n|move|p1b: Regidrago|Draco Meteor|p2a: Calyrex|[miss]\n|-miss|p1b: Regidrago|p2a: Calyrex\n|\n|upkeep\n|turn|5\n|\n|t:|1739416088\n|-terastallize|p1a: Zacian|Water\n|move|p2a: Calyrex|High Horsepower|p1a: Zacian\n|-damage|p1a: Zacian|24\/100\n|move|p1b: Regidrago|Draco Meteor|p2a: Calyrex\n|-damage|p2a: Calyrex|37\/100\n|-unboost|p1b: Regidrago|spa|2\n|move|p1a: Zacian|Behemoth Blade|p2a: Calyrex\n|-supereffective|p2a: Calyrex\n|-damage|p2a: Calyrex|0 fnt\n|faint|p2a: Calyrex\n|\n|win|huyuplan\n|raw|huyuplan's rating: 1601 &rarr; <strong>1626<\/strong><br \/>(+25 for winning)\n|raw|chiefclarko11's rating: 1681 &rarr; <strong>1656<\/strong><br \/>(-25 for losing)\n|l|\u2606chiefclarko11\n|player|p2|\n|l|\u2606huyuplan\n|player|p1|\n|l| Tormentador\n","uploadtime":1739416353,"views":5,"formatid":"gen9vgc2025regg","rating":1626,"private":0,"password":null}