{"id":"gen9vgc2025regg-2299493418","format":"[Gen 9] VGC 2025 Reg G","players":["Bef6","xatseye"],"log":"|j|\u2606Bef6\n|j|\u2606xatseye\n|t:|1739384560\n|gametype|doubles\n|player|p1|Bef6|lucas|1883\n|player|p2|xatseye|unknown|1678\n|teamsize|p1|6\n|teamsize|p2|6\n|gen|9\n|tier|[Gen 9] VGC 2025 Reg G\n|rated|\n|rule|Species Clause: Limit one of each Pok\u00e9mon\n|rule|Item Clause: Limit 1 of each item\n|clearpoke\n|poke|p1|Lunala, L50|\n|poke|p1|Indeedee-F, L50, F|\n|poke|p1|Tornadus, L50, M|\n|poke|p1|Ursaluna, L50, F|\n|poke|p1|Chi-Yu, L50|\n|poke|p1|Iron Bundle, L50|\n|poke|p2|Miraidon, L50|\n|poke|p2|Incineroar, L50, F|\n|poke|p2|Urshifu-*, L50, F|\n|poke|p2|Oranguru, L50, F|\n|poke|p2|Clefairy, L50, M|\n|poke|p2|Iron Valiant, L50|\n|teampreview|4\n|inactive|Battle timer is ON: inactive players will automatically lose when time's up. (requested by xatseye)\n|inactive|Bef6 has 60 seconds left.\n|inactive|xatseye has 60 seconds left.\n|\n|t:|1739384613\n|start\n|switch|p1a: Lunala|Lunala, L50|100\/100\n|switch|p1b: Ursaluna|Ursaluna, L50, F|100\/100\n|switch|p2a: Miraidon|Miraidon, L50|100\/100\n|switch|p2b: Oranguru|Oranguru, L50, F|100\/100\n|-fieldstart|move: Electric Terrain|[from] ability: Hadron Engine|[of] p2a: Miraidon\n|-enditem|p2a: Miraidon|Electric Seed\n|-boost|p2a: Miraidon|def|1|[from] item: Electric Seed\n|-activate|p2b: Oranguru|ability: Symbiosis|Covert Cloak|[of] p2a: Miraidon\n|turn|1\n|\n|t:|1739384631\n|move|p2a: Miraidon|Calm Mind|p2a: Miraidon\n|-boost|p2a: Miraidon|spa|1\n|-boost|p2a: Miraidon|spd|1\n|move|p1a: Lunala|Meteor Beam||[still]\n|-prepare|p1a: Lunala|Meteor Beam\n|-boost|p1a: Lunala|spa|1\n|-enditem|p1a: Lunala|Power Herb\n|-anim|p1a: Lunala|Meteor Beam|p2b: Oranguru\n|-damage|p2b: Oranguru|49\/100\n|move|p1b: Ursaluna|Headlong Rush|p2b: Oranguru\n|-damage|p2b: Oranguru|0 fnt\n|-unboost|p1b: Ursaluna|def|1\n|-unboost|p1b: Ursaluna|spd|1\n|faint|p2b: Oranguru\n|\n|-status|p1b: Ursaluna|brn|[from] item: Flame Orb\n|upkeep\n|\n|t:|1739384645\n|switch|p2b: Incineroar|Incineroar, L50, F|100\/100\n|-ability|p2b: Incineroar|Intimidate|boost\n|-unboost|p1a: Lunala|atk|1\n|-unboost|p1b: Ursaluna|atk|1\n|turn|2\n|j| playrornds\n|\n|t:|1739384657\n|switch|p1b: Indeedee|Indeedee-F, L50, F|100\/100\n|-fieldstart|move: Psychic Terrain|[from] ability: Psychic Surge|[of] p1b: Indeedee\n|-terastallize|p1a: Lunala|Fairy\n|move|p2a: Miraidon|Calm Mind|p2a: Miraidon\n|-boost|p2a: Miraidon|spa|1\n|-boost|p2a: Miraidon|spd|1\n|move|p1a: Lunala|Expanding Force|p2a: Miraidon|[spread] p2a\n|-immune|p2b: Incineroar\n|-damage|p2a: Miraidon|59\/100\n|move|p2b: Incineroar|Parting Shot|p1b: Indeedee\n|-unboost|p1b: Indeedee|atk|1\n|-unboost|p1b: Indeedee|spa|1\n|\n|t:|1739384670\n|switch|p2b: Clefairy|Clefairy, L50, M|100\/100|[from] Parting Shot\n|\n|upkeep\n|turn|3\n|\n|t:|1739384692\n|-terastallize|p2a: Miraidon|Electric\n|move|p1b: Indeedee|Helping Hand|p1a: Lunala\n|-singleturn|p1a: Lunala|Helping Hand|[of] p1b: Indeedee\n|move|p2b: Clefairy|Protect|p2b: Clefairy\n|-singleturn|p2b: Clefairy|Protect\n|move|p2a: Miraidon|Parabolic Charge|p1b: Indeedee|[spread] p1a,p1b\n|-activate|p2b: Clefairy|move: Protect\n|-damage|p1a: Lunala|78\/100\n|-heal|p2a: Miraidon|72\/100|[from] drain|[of] p1a: Lunala\n|-damage|p1b: Indeedee|41\/100\n|-heal|p2a: Miraidon|99\/100|[from] drain|[of] p1b: Indeedee\n|move|p1a: Lunala|Expanding Force|p2a: Miraidon|[spread] p2a\n|-activate|p2b: Clefairy|move: Protect\n|-damage|p2a: Miraidon|56\/100\n|\n|upkeep\n|turn|4\n|inactive|Bef6 has 30 seconds left.\n|\n|t:|1739384720\n|move|p1b: Indeedee|Helping Hand|p1a: Lunala\n|-singleturn|p1a: Lunala|Helping Hand|[of] p1b: Indeedee\n|move|p2a: Miraidon|Dragon Pulse|p1b: Indeedee\n|-damage|p1b: Indeedee|0 fnt\n|faint|p1b: Indeedee\n|move|p1a: Lunala|Expanding Force|p2a: Miraidon|[spread] p2a,p2b\n|-damage|p2a: Miraidon|13\/100\n|-damage|p2b: Clefairy|0 fnt\n|faint|p2b: Clefairy\n|\n|upkeep\n|\n|t:|1739384731\n|switch|p1b: Iron Bundle|Iron Bundle, L50|100\/100\n|switch|p2b: Incineroar|Incineroar, L50, F|100\/100\n|-ability|p2b: Incineroar|Intimidate|boost\n|-unboost|p1a: Lunala|atk|1\n|-unboost|p1b: Iron Bundle|atk|1\n|-enditem|p1b: Iron Bundle|Booster Energy\n|-activate|p1b: Iron Bundle|ability: Quark Drive|[fromitem]\n|-start|p1b: Iron Bundle|quarkdrivespe\n|turn|5\n|\n|t:|1739384756\n|move|p1a: Lunala|Wide Guard|p1a: Lunala\n|-singleturn|p1a: Lunala|Wide Guard\n|move|p1b: Iron Bundle|Hydro Pump|p2a: Miraidon\n|-damage|p2a: Miraidon|0 fnt\n|faint|p2a: Miraidon\n|move|p2b: Incineroar|Flare Blitz|p1a: Lunala\n|-damage|p1a: Lunala|37\/100\n|-damage|p2b: Incineroar|85\/100|[from] Recoil\n|\n|upkeep\n|turn|6\n|-message|xatseye forfeited.\n|\n|win|Bef6\n|raw|Bef6's rating: 1883 &rarr; <strong>1892<\/strong><br \/>(+9 for winning)\n|raw|xatseye's rating: 1678 &rarr; <strong>1669<\/strong><br \/>(-9 for losing)\n|l|\u2606xatseye\n|player|p2|\n|l|\u2606Bef6\n|player|p1|\n|l| playrornds\n","uploadtime":1739384804,"views":48,"formatid":"gen9vgc2025regg","rating":1669,"private":0,"password":null}