{"id":"gen9vgc2025regg-2299950595","format":"[Gen 9] VGC 2025 Reg G","players":["Has_Perry","Weakest blow"],"log":"|j|\u2606Has_Perry\n|j|\u2606Weakest blow\n|t:|1739447002\n|gametype|doubles\n|player|p1|Has_Perry|veteran|1503\n|player|p2|Weakest blow|depotagent|1701\n|teamsize|p1|6\n|teamsize|p2|6\n|gen|9\n|tier|[Gen 9] VGC 2025 Reg G\n|rated|\n|rule|Species Clause: Limit one of each Pok\u00e9mon\n|rule|Item Clause: Limit 1 of each item\n|clearpoke\n|poke|p1|Groudon, L50|\n|poke|p1|Ogerpon-Hearthflame, L50, F|\n|poke|p1|Urshifu-*, L50, M|\n|poke|p1|Jumpluff, L50, F|\n|poke|p1|Raging Bolt, L50|\n|poke|p1|Incineroar, L50, M|\n|poke|p2|Gholdengo, L50|\n|poke|p2|Iron Hands, L50|\n|poke|p2|Miraidon, L50|\n|poke|p2|Pelipper, L50, F|\n|poke|p2|Volcarona, L50, F|\n|poke|p2|Whimsicott, L50, M|\n|teampreview|4\n|j| Champion Jessica\n|\n|t:|1739447061\n|start\n|switch|p1a: Regino Boltino|Raging Bolt, L50|100\/100\n|switch|p1b: Dvce che seduce|Groudon, L50|100\/100\n|switch|p2a: Volcarona|Volcarona, L50, F|100\/100\n|switch|p2b: Whimsicott|Whimsicott, L50, M|100\/100\n|-weather|SunnyDay|[from] ability: Drought|[of] p1b: Dvce che seduce\n|-activate|p1a: Regino Boltino|ability: Protosynthesis\n|-start|p1a: Regino Boltino|protosynthesisspa\n|turn|1\n|\n|t:|1739447084\n|switch|p2b: Miraidon|Miraidon, L50|100\/100\n|-fieldstart|move: Electric Terrain|[from] ability: Hadron Engine|[of] p2b: Miraidon\n|move|p2a: Volcarona|Struggle Bug|p1b: Dvce che seduce|[spread] p1a,p1b\n|-damage|p1a: Regino Boltino|91\/100\n|-damage|p1b: Dvce che seduce|81\/100\n|-unboost|p1a: Regino Boltino|spa|1\n|move|p1b: Dvce che seduce|Heat Crash|p2a: Volcarona\n|-crit|p2a: Volcarona\n|-damage|p2a: Volcarona|0 fnt\n|-damage|p1b: Dvce che seduce|65\/100|[from] item: Rocky Helmet|[of] p2a: Volcarona\n|faint|p2a: Volcarona\n|move|p1a: Regino Boltino|Electroweb|p2b: Miraidon\n|-resisted|p2b: Miraidon\n|-damage|p2b: Miraidon|94\/100\n|-unboost|p2b: Miraidon|spe|1\n|\n|-weather|SunnyDay|[upkeep]\n|upkeep\n|\n|t:|1739447108\n|switch|p2a: Whimsicott|Whimsicott, L50, M|100\/100\n|turn|2\n|\n|t:|1739447140\n|move|p1b: Dvce che seduce|Protect|p1b: Dvce che seduce\n|-singleturn|p1b: Dvce che seduce|Protect\n|move|p2a: Whimsicott|Tailwind|p2a: Whimsicott\n|-sidestart|p2: Weakest blow|move: Tailwind\n|move|p2b: Miraidon|Draco Meteor|p1b: Dvce che seduce\n|-activate|p1b: Dvce che seduce|move: Protect\n|move|p1a: Regino Boltino|Electroweb|p2a: Whimsicott|[spread] p2a,p2b\n|-resisted|p2a: Whimsicott\n|-resisted|p2b: Miraidon\n|-damage|p2a: Whimsicott|86\/100\n|-damage|p2b: Miraidon|89\/100\n|-unboost|p2b: Miraidon|spe|1\n|\n|-weather|SunnyDay|[upkeep]\n|upkeep\n|turn|3\n|\n|t:|1739447158\n|switch|p1b: Ogerpon|Ogerpon-Hearthflame, L50, F|100\/100\n|-ability|p1b: Ogerpon|Mold Breaker\n|move|p2a: Whimsicott|Encore||[still]\n|-fail|p2a: Whimsicott\n|move|p2b: Miraidon|Draco Meteor|p1a: Regino Boltino\n|-supereffective|p1a: Regino Boltino\n|-damage|p1a: Regino Boltino|0 fnt\n|-unboost|p2b: Miraidon|spa|2\n|faint|p1a: Regino Boltino\n|-end|p1a: Regino Boltino|Protosynthesis|[silent]\n|-damage|p2b: Miraidon|79\/100|[from] item: Life Orb\n|\n|-weather|SunnyDay|[upkeep]\n|upkeep\n|\n|t:|1739447169\n|switch|p1a: Jumpluff|Jumpluff, L50, F, shiny|100\/100\n|turn|4\n|\n|t:|1739447202\n|switch|p2a: Iron Hands|Iron Hands, L50|100\/100\n|-activate|p2a: Iron Hands|ability: Quark Drive\n|-start|p2a: Iron Hands|quarkdriveatk\n|-terastallize|p1b: Ogerpon|Fire\n|detailschange|p1b: Ogerpon|Ogerpon-Hearthflame-Tera, L50, F, tera:Fire\n|-ability|p1b: Ogerpon|Embody Aspect (Hearthflame)|boost\n|-boost|p1b: Ogerpon|atk|1\n|move|p1a: Jumpluff|Tailwind|p1a: Jumpluff\n|-sidestart|p1: Has_Perry|move: Tailwind\n|move|p1b: Ogerpon|Ivy Cudgel|p2b: Miraidon|[anim] Ivy Cudgel Fire\n|-resisted|p2b: Miraidon\n|-crit|p2b: Miraidon\n|-damage|p2b: Miraidon|0 fnt\n|faint|p2b: Miraidon\n|\n|-weather|SunnyDay|[upkeep]\n|upkeep\n|\n|t:|1739447219\n|switch|p2b: Whimsicott|Whimsicott, L50, M|86\/100\n|turn|5\n|\n|t:|1739447253\n|-terastallize|p2a: Iron Hands|Fire\n|move|p1a: Jumpluff|Rage Powder|p1a: Jumpluff\n|-singleturn|p1a: Jumpluff|move: Rage Powder\n|move|p2b: Whimsicott|Moonblast|p1a: Jumpluff\n|-damage|p1a: Jumpluff|71\/100\n|move|p1b: Ogerpon|Ivy Cudgel|p2b: Whimsicott|[anim] Ivy Cudgel Fire\n|-supereffective|p2b: Whimsicott\n|-damage|p2b: Whimsicott|0 fnt\n|faint|p2b: Whimsicott\n|move|p2a: Iron Hands|Low Kick|p1a: Jumpluff\n|-resisted|p1a: Jumpluff\n|-damage|p1a: Jumpluff|60\/100\n|\n|-weather|none\n|-sideend|p2: Weakest blow|move: Tailwind\n|-fieldend|move: Electric Terrain\n|-end|p2a: Iron Hands|Quark Drive\n|upkeep\n|turn|6\n|\n|t:|1739447271\n|move|p1a: Jumpluff|Sleep Powder|p2a: Iron Hands\n|-status|p2a: Iron Hands|slp|[from] move: Sleep Powder\n|move|p1b: Ogerpon|Ivy Cudgel|p2a: Iron Hands|[anim] Ivy Cudgel Fire\n|-resisted|p2a: Iron Hands\n|-damage|p2a: Iron Hands|58\/100 slp\n|cant|p2a: Iron Hands|slp\n|\n|upkeep\n|turn|7\n|\n|t:|1739447280\n|switch|p1a: Dvce che seduce|Groudon, L50|65\/100\n|-weather|SunnyDay|[from] ability: Drought|[of] p1a: Dvce che seduce\n|move|p1b: Ogerpon|Ivy Cudgel|p2a: Iron Hands|[anim] Ivy Cudgel Fire\n|-resisted|p2a: Iron Hands\n|-damage|p2a: Iron Hands|3\/100 slp\n|-curestatus|p2a: Iron Hands|slp|[msg]\n|move|p2a: Iron Hands|Drain Punch|p1b: Ogerpon\n|-damage|p1b: Ogerpon|54\/100\n|-heal|p2a: Iron Hands|20\/100|[from] drain|[of] p1b: Ogerpon\n|\n|-weather|SunnyDay|[upkeep]\n|-sideend|p1: Has_Perry|move: Tailwind\n|upkeep\n|turn|8\n|-message|Weakest blow forfeited.\n|\n|win|Has_Perry\n|raw|Has_Perry's rating: 1503 &rarr; <strong>1533<\/strong><br \/>(+30 for winning)\n|raw|Weakest blow's rating: 1701 &rarr; <strong>1671<\/strong><br \/>(-30 for losing)\n|l|\u2606Has_Perry\n|player|p1|\n|l| Champion Jessica\n","uploadtime":1739447489,"views":17,"formatid":"gen9vgc2025regg","rating":1533,"private":0,"password":null}