{"id":"gen9vgc2025regg-2299016400","format":"[Gen 9] VGC 2025 Reg G","players":["KT02","Yung Trav"],"log":"|j|\u203dKT02\n|j|\u2606Yung Trav\n|t:|1739319072\n|gametype|doubles\n|player|p1|KT02|265|1704\n|player|p2|Yung Trav|101|1718\n|teamsize|p1|6\n|teamsize|p2|6\n|gen|9\n|tier|[Gen 9] VGC 2025 Reg G\n|rated|\n|rule|Species Clause: Limit one of each Pok\u00e9mon\n|rule|Item Clause: Limit 1 of each item\n|clearpoke\n|poke|p1|Urshifu-*, L50, F|\n|poke|p1|Whimsicott, L50, F|\n|poke|p1|Miraidon, L50|\n|poke|p1|Ogerpon-Hearthflame, L50, F|\n|poke|p1|Iron Hands, L50|\n|poke|p1|Farigiraf, L50, F|\n|poke|p2|Calyrex-Ice, L50|\n|poke|p2|Regidrago, L50|\n|poke|p2|Smeargle, L50, M|\n|poke|p2|Farigiraf, L50, M|\n|poke|p2|Urshifu-*, L50, M|\n|poke|p2|Ogerpon-Cornerstone, L50, F|\n|teampreview|4\n|inactive|Battle timer is ON: inactive players will automatically lose when time's up. (requested by Yung Trav)\n|j| playrornds\n|\n|t:|1739319101\n|start\n|switch|p1a: Miraidon|Miraidon, L50|100\/100\n|switch|p1b: Farigiraf|Farigiraf, L50, F|100\/100\n|switch|p2a: Calyrex|Calyrex-Ice, L50|100\/100\n|switch|p2b: Ogerpon|Ogerpon-Cornerstone, L50, F|100\/100\n|-ability|p2a: Calyrex|As One\n|-ability|p2a: Calyrex|Unnerve\n|-fieldstart|move: Electric Terrain|[from] ability: Hadron Engine|[of] p1a: Miraidon\n|-enditem|p1b: Farigiraf|Electric Seed\n|-boost|p1b: Farigiraf|def|1|[from] item: Electric Seed\n|turn|1\n|inactive|KT02 has 30 seconds left.\n|inactive|Yung Trav has 30 seconds left.\n|\n|t:|1739319133\n|move|p2b: Ogerpon|Follow Me|p2b: Ogerpon\n|-singleturn|p2b: Ogerpon|move: Follow Me\n|move|p1a: Miraidon|Volt Switch|p2b: Ogerpon\n|-resisted|p2b: Ogerpon\n|-damage|p2b: Ogerpon|37\/100\n|\n|t:|1739319139\n|switch|p1a: Iron Hands|Iron Hands, L50|100\/100|[from] Volt Switch\n|-activate|p1a: Iron Hands|ability: Quark Drive\n|-start|p1a: Iron Hands|quarkdriveatk\n|move|p1b: Farigiraf|Psychic|p2b: Ogerpon\n|-damage|p2b: Ogerpon|0 fnt\n|faint|p2b: Ogerpon\n|move|p2a: Calyrex|Trick Room|p2a: Calyrex\n|-fieldstart|move: Trick Room|[of] p2a: Calyrex\n|\n|upkeep\n|\n|t:|1739319151\n|switch|p2b: Regidrago|Regidrago, L50, shiny|100\/100\n|turn|2\n|\n|t:|1739319166\n|-terastallize|p2b: Regidrago|Dragon\n|move|p1a: Iron Hands|Fake Out|p2a: Calyrex\n|-damage|p2a: Calyrex|87\/100\n|move|p2b: Regidrago|Dragon Energy|p1b: Farigiraf|[spread] p1a,p1b\n|-damage|p1a: Iron Hands|35\/100\n|-damage|p1b: Farigiraf|1\/100\n|cant|p2a: Calyrex|flinch\n|move|p1b: Farigiraf|Psychic|p2b: Regidrago\n|-damage|p2b: Regidrago|65\/100\n|\n|upkeep\n|turn|3\n|\n|t:|1739319187\n|move|p1b: Farigiraf|Protect|p1b: Farigiraf\n|-singleturn|p1b: Farigiraf|Protect\n|move|p2b: Regidrago|Dragon Energy|p1b: Farigiraf|[spread] p1a\n|-activate|p1b: Farigiraf|move: Protect\n|-damage|p1a: Iron Hands|0 fnt\n|faint|p1a: Iron Hands\n|-end|p1a: Iron Hands|Quark Drive|[silent]\n|move|p2a: Calyrex|Glacial Lance|p1b: Farigiraf\n|-activate|p1b: Farigiraf|move: Protect\n|\n|upkeep\n|\n|t:|1739319200\n|switch|p1a: Miraidon|Miraidon, L50|100\/100\n|-activate|p1a: Miraidon|ability: Hadron Engine\n|turn|4\n|\n|t:|1739319210\n|-terastallize|p1a: Miraidon|Fairy\n|move|p1b: Farigiraf|Helping Hand|p1a: Miraidon\n|-singleturn|p1a: Miraidon|Helping Hand|[of] p1b: Farigiraf\n|move|p2b: Regidrago|Earth Power|p1a: Miraidon\n|-damage|p1a: Miraidon|75\/100\n|move|p2a: Calyrex|Glacial Lance|p1b: Farigiraf|[spread] p1a,p1b\n|-damage|p1a: Miraidon|16\/100\n|-damage|p1b: Farigiraf|0 fnt\n|faint|p1b: Farigiraf\n|-ability|p2a: Calyrex|Chilling Neigh|boost\n|-boost|p2a: Calyrex|atk|1\n|move|p1a: Miraidon|Dazzling Gleam|p2b: Regidrago|[spread] p2a,p2b\n|-supereffective|p2b: Regidrago\n|-damage|p2a: Calyrex|19\/100\n|-damage|p2b: Regidrago|0 fnt\n|faint|p2b: Regidrago\n|\n|upkeep\n|\n|t:|1739319228\n|switch|p2b: Smeargle|Smeargle, L50, M, shiny|100\/100\n|switch|p1b: Urshifu|Urshifu-Rapid-Strike, L50, F|100\/100\n|turn|5\n|\n|t:|1739319249\n|move|p2b: Smeargle|Fake Out|p1b: Urshifu\n|-damage|p1b: Urshifu|96\/100\n|move|p2a: Calyrex|Glacial Lance|p1b: Urshifu|[spread] p1a,p1b\n|-resisted|p1b: Urshifu\n|-damage|p1a: Miraidon|0 fnt\n|-damage|p1b: Urshifu|52\/100\n|faint|p1a: Miraidon\n|-ability|p2a: Calyrex|Chilling Neigh|boost\n|-boost|p2a: Calyrex|atk|1\n|cant|p1b: Urshifu|flinch\n|\n|-fieldend|move: Trick Room\n|-fieldend|move: Electric Terrain\n|upkeep\n|turn|6\n|\n|t:|1739319263\n|move|p2b: Smeargle|Follow Me|p2b: Smeargle\n|-singleturn|p2b: Smeargle|move: Follow Me\n|move|p1b: Urshifu|Surging Strikes|p2b: Smeargle\n|-crit|p2b: Smeargle\n|-damage|p2b: Smeargle|63\/100\n|-crit|p2b: Smeargle\n|-damage|p2b: Smeargle|18\/100\n|-crit|p2b: Smeargle\n|-damage|p2b: Smeargle|0 fnt\n|faint|p2b: Smeargle\n|-hitcount|p2: Smeargle|3\n|move|p2a: Calyrex|Glacial Lance|p1b: Urshifu\n|-resisted|p1b: Urshifu\n|-crit|p1b: Urshifu\n|-damage|p1b: Urshifu|0 fnt\n|faint|p1b: Urshifu\n|\n|win|Yung Trav\n|raw|KT02's rating: 1704 &rarr; <strong>1685<\/strong><br \/>(-19 for losing)\n|raw|Yung Trav's rating: 1718 &rarr; <strong>1737<\/strong><br \/>(+19 for winning)\n|l|\u203dKT02\n|player|p1|\n|l|\u2606Yung Trav\n|player|p2|\n|l| playrornds\n","uploadtime":1739319432,"views":12,"formatid":"gen9vgc2025regg","rating":1685,"private":0,"password":null}