{"id":"gen9vgc2025regg-2299797792","format":"[Gen 9] VGC 2025 Reg G","players":["huyuplan","GubbsVGC"],"log":"|j|\u2606huyuplan\n|j|\u2606GubbsVGC\n|t:|1739419429\n|gametype|doubles\n|player|p1|huyuplan|lucas|1587\n|player|p2|GubbsVGC|101|1643\n|teamsize|p1|6\n|teamsize|p2|6\n|gen|9\n|tier|[Gen 9] VGC 2025 Reg G\n|rated|\n|rule|Species Clause: Limit one of each Pok\u00e9mon\n|rule|Item Clause: Limit 1 of each item\n|clearpoke\n|poke|p1|Regidrago, L50|\n|poke|p1|Zacian-*, L50|\n|poke|p1|Farigiraf, L50, M|\n|poke|p1|Tornadus, L50, M|\n|poke|p1|Ogerpon-Cornerstone, L50, F|\n|poke|p1|Ditto, L50|\n|poke|p2|Blaziken, L50, F|\n|poke|p2|Miraidon, L50|\n|poke|p2|Kingambit, L50, M|\n|poke|p2|Ninetales-Alola, L50, M|\n|poke|p2|Iron Treads, L50|\n|poke|p2|Ogerpon-Wellspring, L50, F|\n|teampreview|4\n|\n|t:|1739419496\n|start\n|switch|p1a: Zacian|Zacian-Crowned, L50|100\/100\n|switch|p1b: Tornadus|Tornadus, L50, M|100\/100\n|switch|p2a: Iron Treads|Iron Treads, L50|100\/100\n|switch|p2b: Miraidon|Miraidon, L50|100\/100\n|-ability|p1a: Zacian|Intrepid Sword|boost\n|-boost|p1a: Zacian|atk|1\n|-fieldstart|move: Electric Terrain|[from] ability: Hadron Engine|[of] p2b: Miraidon\n|-activate|p2a: Iron Treads|ability: Quark Drive\n|-start|p2a: Iron Treads|quarkdrivespe\n|turn|1\n|\n|t:|1739419539\n|-terastallize|p2b: Miraidon|Fairy\n|move|p1a: Zacian|Protect|p1a: Zacian\n|-singleturn|p1a: Zacian|Protect\n|move|p1b: Tornadus|Tailwind|p1b: Tornadus\n|-sidestart|p1: huyuplan|move: Tailwind\n|move|p2a: Iron Treads|High Horsepower|p1a: Zacian\n|-activate|p1a: Zacian|move: Protect\n|move|p2b: Miraidon|Volt Switch|p1b: Tornadus\n|-supereffective|p1b: Tornadus\n|-damage|p1b: Tornadus|0 fnt\n|faint|p1b: Tornadus\n|\n|t:|1739419559\n|switch|p2b: Ogerpon|Ogerpon-Wellspring, L50, F|100\/100|[from] Volt Switch\n|\n|upkeep\n|\n|t:|1739419572\n|switch|p1b: Regidrago|Regidrago, L50|100\/100\n|turn|2\n|j| playrornds\n|\n|t:|1739419634\n|-terastallize|p1b: Regidrago|Dragon\n|move|p2b: Ogerpon|Spiky Shield|p2b: Ogerpon\n|-singleturn|p2b: Ogerpon|move: Protect\n|move|p1a: Zacian|Sacred Sword|p2a: Iron Treads\n|-supereffective|p2a: Iron Treads\n|-damage|p2a: Iron Treads|13\/100\n|move|p1b: Regidrago|Dragon Energy|p2a: Iron Treads|[spread] p2a\n|-activate|p2b: Ogerpon|move: Protect\n|-resisted|p2a: Iron Treads\n|-damage|p2a: Iron Treads|0 fnt\n|faint|p2a: Iron Treads\n|-end|p2a: Iron Treads|Quark Drive|[silent]\n|\n|upkeep\n|\n|t:|1739419649\n|switch|p2a: Miraidon|Miraidon, L50, tera:Fairy|100\/100\n|-activate|p2a: Miraidon|ability: Hadron Engine\n|turn|3\n|\n|t:|1739419686\n|move|p1a: Zacian|Protect|p1a: Zacian\n|-singleturn|p1a: Zacian|Protect\n|move|p2b: Ogerpon|Follow Me|p2b: Ogerpon\n|-singleturn|p2b: Ogerpon|move: Follow Me\n|move|p1b: Regidrago|Dragon Energy|p2a: Miraidon|[spread] p2b\n|-immune|p2a: Miraidon\n|-damage|p2b: Ogerpon|0 fnt\n|faint|p2b: Ogerpon\n|move|p2a: Miraidon|Dazzling Gleam|p1a: Zacian|[spread] p1b\n|-activate|p1a: Zacian|move: Protect\n|-supereffective|p1b: Regidrago\n|-damage|p1b: Regidrago|0 fnt\n|faint|p1b: Regidrago\n|\n|upkeep\n|\n|t:|1739419701\n|switch|p2b: Blaziken|Blaziken, L50, F|100\/100\n|switch|p1b: Ditto|Ditto, L50|100\/100\n|-transform|p1b: Ditto|p2a: Miraidon|[from] ability: Imposter\n|-activate|p1b: Ditto|ability: Hadron Engine\n|turn|4\n|\n|t:|1739419727\n|move|p2b: Blaziken|Protect|p2b: Blaziken\n|-singleturn|p2b: Blaziken|Protect\n|move|p1b: Ditto|Electro Drift|p2b: Blaziken\n|-activate|p2b: Blaziken|move: Protect\n|move|p1a: Zacian|Behemoth Blade|p2a: Miraidon\n|-supereffective|p2a: Miraidon\n|-damage|p2a: Miraidon|0 fnt\n|faint|p2a: Miraidon\n|\n|-sideend|p1: huyuplan|move: Tailwind\n|-ability|p2b: Blaziken|Speed Boost|boost\n|-boost|p2b: Blaziken|spe|1\n|upkeep\n|turn|5\n|\n|t:|1739419743\n|move|p1b: Ditto|Electro Drift|p2b: Blaziken\n|-damage|p2b: Blaziken|0 fnt\n|faint|p2b: Blaziken\n|\n|win|huyuplan\n|raw|huyuplan's rating: 1587 &rarr; <strong>1610<\/strong><br \/>(+23 for winning)\n|raw|GubbsVGC's rating: 1643 &rarr; <strong>1620<\/strong><br \/>(-23 for losing)\n|l|\u2606GubbsVGC\n|player|p2|\n|l|\u2606huyuplan\n|player|p1|\n|l| playrornds\n","uploadtime":1739419981,"views":9,"formatid":"gen9vgc2025regg","rating":1610,"private":0,"password":null}