{"id":"gen9vgc2025regg-2299003346","format":"[Gen 9] VGC 2025 Reg G","players":["cobalt_poke","Iamsliverfish"],"log":"|j|\u2606cobalt_poke\n|j|\u2606Iamsliverfish\n|t:|1739317426\n|gametype|doubles\n|player|p1|cobalt_poke|170|1654\n|player|p2|Iamsliverfish|hiker-gen4|1817\n|teamsize|p1|6\n|teamsize|p2|6\n|gen|9\n|tier|[Gen 9] VGC 2025 Reg G\n|rated|\n|rule|Species Clause: Limit one of each Pok\u00e9mon\n|rule|Item Clause: Limit 1 of each item\n|clearpoke\n|poke|p1|Weezing-Galar, L50, F|\n|poke|p1|Calyrex-Shadow, L50|\n|poke|p1|Dondozo, L50, F|\n|poke|p1|Tatsugiri, L50, F|\n|poke|p1|Incineroar, L50, F|\n|poke|p1|Roaring Moon, L50|\n|poke|p2|Calyrex-Shadow, L50|\n|poke|p2|Ursaluna, L50, F|\n|poke|p2|Indeedee-F, L50, F|\n|poke|p2|Ogerpon-Wellspring, L50, F|\n|poke|p2|Tornadus, L50, M|\n|poke|p2|Chi-Yu, L50|\n|teampreview|4\n|\n|t:|1739317461\n|start\n|switch|p1a: Weezing|Weezing-Galar, L50, F|100\/100\n|switch|p1b: Roaring Moon|Roaring Moon, L50|100\/100\n|switch|p2a: Tornadus|Tornadus, L50, M|100\/100\n|switch|p2b: Calyrex|Calyrex-Shadow, L50|100\/100\n|-ability|p1a: Weezing|Neutralizing Gas\n|-ability|p2b: Calyrex|As One\n|-ability|p2b: Calyrex|Unnerve\n|turn|1\n|\n|t:|1739317480\n|-terastallize|p2b: Calyrex|Ground\n|move|p2b: Calyrex|Tera Blast|p1a: Weezing|[anim] Tera Blast Ground\n|-supereffective|p1a: Weezing\n|-damage|p1a: Weezing|0 fnt\n|faint|p1a: Weezing\n|-end|p1a: Weezing|ability: Neutralizing Gas\n|-ability|p2b: Calyrex|Grim Neigh|boost\n|-boost|p2b: Calyrex|spa|1\n|-damage|p2b: Calyrex|91\/100|[from] item: Life Orb\n|move|p2a: Tornadus|Tailwind|p2a: Tornadus\n|-sidestart|p2: Iamsliverfish|move: Tailwind\n|move|p1b: Roaring Moon|Knock Off|p2b: Calyrex\n|-damage|p2b: Calyrex|14\/100\n|-enditem|p2b: Calyrex|Life Orb|[from] move: Knock Off|[of] p1b: Roaring Moon\n|\n|upkeep\n|j| playrornds\n|\n|t:|1739317499\n|switch|p1a: Dondozo|Dondozo, L50, F|100\/100\n|turn|2\n|\n|t:|1739317509\n|move|p1a: Dondozo|Protect|p1a: Dondozo\n|-singleturn|p1a: Dondozo|Protect\n|move|p2b: Calyrex|Astral Barrage|p1b: Roaring Moon|[spread] p1b\n|-activate|p1a: Dondozo|move: Protect\n|-resisted|p1b: Roaring Moon\n|-damage|p1b: Roaring Moon|72\/100\n|move|p2a: Tornadus|Bleakwind Storm|p1b: Roaring Moon|[spread] \n|-activate|p1a: Dondozo|move: Protect\n|-miss|p2a: Tornadus|p1b: Roaring Moon\n|move|p1b: Roaring Moon|Knock Off|p2a: Tornadus\n|-damage|p2a: Tornadus|31\/100\n|-enditem|p2a: Tornadus|Mental Herb|[from] move: Knock Off|[of] p1b: Roaring Moon\n|\n|upkeep\n|turn|3\n|\n|t:|1739317530\n|-end|p1b: Roaring Moon|Protosynthesis|[silent]\n|switch|p1b: Tatsugiri|Tatsugiri, L50, F|100\/100\n|-activate|p1b: Tatsugiri|ability: Commander|[of] p1a: Dondozo\n|-boost|p1a: Dondozo|atk|2\n|-boost|p1a: Dondozo|spa|2\n|-boost|p1a: Dondozo|spe|2\n|-boost|p1a: Dondozo|def|2\n|-boost|p1a: Dondozo|spd|2\n|move|p2b: Calyrex|Astral Barrage|p1a: Dondozo|[spread] p1a\n|-miss|p2b: Calyrex|p1b: Tatsugiri\n|-damage|p1a: Dondozo|72\/100\n|move|p2a: Tornadus|Bleakwind Storm|p1a: Dondozo|[spread] p1a\n|-miss|p2a: Tornadus|p1b: Tatsugiri\n|-damage|p1a: Dondozo|54\/100\n|-unboost|p1a: Dondozo|spe|1\n|move|p1a: Dondozo|Earthquake|p2a: Tornadus|[spread] p2b\n|-miss|p1a: Dondozo|p1b: Tatsugiri\n|-immune|p2a: Tornadus\n|-damage|p2b: Calyrex|0 fnt\n|faint|p2b: Calyrex\n|\n|-heal|p1a: Dondozo|60\/100|[from] item: Leftovers\n|upkeep\n|\n|t:|1739317533\n|switch|p2b: Ogerpon|Ogerpon-Wellspring, L50, F|100\/100\n|turn|4\n|\n|t:|1739317546\n|move|p1a: Dondozo|Protect|p1a: Dondozo\n|-singleturn|p1a: Dondozo|Protect\n|move|p2a: Tornadus|Rain Dance|p2a: Tornadus\n|-weather|RainDance\n|move|p2b: Ogerpon|Horn Leech|p1a: Dondozo\n|-activate|p1a: Dondozo|move: Protect\n|\n|-weather|RainDance|[upkeep]\n|-heal|p1a: Dondozo|66\/100|[from] item: Leftovers\n|-sideend|p2: Iamsliverfish|move: Tailwind\n|upkeep\n|turn|5\n|\n|t:|1739317559\n|-terastallize|p1a: Dondozo|Grass\n|move|p2b: Ogerpon|Horn Leech|p1a: Dondozo\n|-resisted|p1a: Dondozo\n|-damage|p1a: Dondozo|59\/100\n|move|p2a: Tornadus|Bleakwind Storm|p1b: Tatsugiri|[spread] p1a\n|-miss|p2a: Tornadus|p1b: Tatsugiri\n|-supereffective|p1a: Dondozo\n|-damage|p1a: Dondozo|24\/100\n|-unboost|p1a: Dondozo|spe|1\n|move|p1a: Dondozo|Wave Crash|p2a: Tornadus\n|-damage|p2a: Tornadus|0 fnt\n|faint|p2a: Tornadus\n|-damage|p1a: Dondozo|18\/100|[from] Recoil\n|\n|-weather|RainDance|[upkeep]\n|-heal|p1a: Dondozo|24\/100|[from] item: Leftovers\n|upkeep\n|\n|t:|1739317563\n|switch|p2a: Chi-Yu|Chi-Yu, L50|100\/100\n|-ability|p2a: Chi-Yu|Beads of Ruin\n|turn|6\n|\n|t:|1739317573\n|move|p1a: Dondozo|Protect|p1a: Dondozo\n|-singleturn|p1a: Dondozo|Protect\n|move|p2a: Chi-Yu|Snarl|p1b: Tatsugiri|[spread] \n|-miss|p2a: Chi-Yu|p1b: Tatsugiri\n|-activate|p1a: Dondozo|move: Protect\n|move|p2b: Ogerpon|Ivy Cudgel|p1a: Dondozo|[anim] Ivy Cudgel Water\n|-activate|p1a: Dondozo|move: Protect\n|\n|-weather|RainDance|[upkeep]\n|-heal|p1a: Dondozo|30\/100|[from] item: Leftovers\n|upkeep\n|turn|7\n|\n|t:|1739317579\n|move|p2a: Chi-Yu|Snarl|p1b: Tatsugiri|[spread] p1a\n|-miss|p2a: Chi-Yu|p1b: Tatsugiri\n|-damage|p1a: Dondozo|17\/100\n|-unboost|p1a: Dondozo|spa|1\n|move|p2b: Ogerpon|Ivy Cudgel|p1a: Dondozo|[anim] Ivy Cudgel Water\n|-resisted|p1a: Dondozo\n|-damage|p1a: Dondozo|3\/100\n|move|p1a: Dondozo|Wave Crash|p2a: Chi-Yu\n|-supereffective|p2a: Chi-Yu\n|-damage|p2a: Chi-Yu|0 fnt\n|faint|p2a: Chi-Yu\n|-damage|p1a: Dondozo|0 fnt|[from] Recoil\n|faint|p1a: Dondozo\n|\n|-weather|RainDance|[upkeep]\n|upkeep\n|\n|t:|1739317583\n|switch|p1a: Roaring Moon|Roaring Moon, L50|72\/100\n|turn|8\n|\n|t:|1739317589\n|move|p2b: Ogerpon|Spiky Shield|p2b: Ogerpon\n|-singleturn|p2b: Ogerpon|move: Protect\n|move|p1a: Roaring Moon|Knock Off|p2b: Ogerpon\n|-activate|p2b: Ogerpon|move: Protect\n|-damage|p1a: Roaring Moon|60\/100|[from] Spiky Shield|[of] p2b: Ogerpon\n|move|p1b: Tatsugiri|Counter||[still]\n|-fail|p1b: Tatsugiri\n|\n|-weather|none\n|upkeep\n|turn|9\n|\n|t:|1739317592\n|move|p1a: Roaring Moon|Knock Off|p2b: Ogerpon\n|-damage|p2b: Ogerpon|50\/100\n|move|p2b: Ogerpon|Ivy Cudgel|p1a: Roaring Moon|[anim] Ivy Cudgel Water\n|-resisted|p1a: Roaring Moon\n|-damage|p1a: Roaring Moon|20\/100\n|move|p1b: Tatsugiri|Counter||[still]\n|-fail|p1b: Tatsugiri\n|\n|upkeep\n|turn|10\n|\n|t:|1739317599\n|move|p1a: Roaring Moon|Knock Off|p2b: Ogerpon\n|-damage|p2b: Ogerpon|4\/100\n|move|p2b: Ogerpon|Horn Leech|p1a: Roaring Moon\n|-resisted|p1a: Roaring Moon\n|-damage|p1a: Roaring Moon|0 fnt\n|-heal|p2b: Ogerpon|14\/100|[from] drain|[of] p1a: Roaring Moon\n|faint|p1a: Roaring Moon\n|-end|p1a: Roaring Moon|Protosynthesis|[silent]\n|move|p1b: Tatsugiri|Counter||[still]\n|-fail|p1b: Tatsugiri\n|\n|upkeep\n|turn|11\n|\n|t:|1739317604\n|move|p2b: Ogerpon|Spiky Shield|p2b: Ogerpon\n|-singleturn|p2b: Ogerpon|move: Protect\n|move|p1b: Tatsugiri|Counter||[still]\n|-fail|p1b: Tatsugiri\n|\n|upkeep\n|turn|12\n|\n|t:|1739317606\n|move|p2b: Ogerpon|Follow Me|p2b: Ogerpon\n|-singleturn|p2b: Ogerpon|move: Follow Me\n|move|p1b: Tatsugiri|Counter||[still]\n|-fail|p1b: Tatsugiri\n|\n|upkeep\n|turn|13\n|\n|t:|1739317608\n|move|p2b: Ogerpon|Follow Me|p2b: Ogerpon\n|-singleturn|p2b: Ogerpon|move: Follow Me\n|move|p1b: Tatsugiri|Counter||[still]\n|-fail|p1b: Tatsugiri\n|\n|upkeep\n|turn|14\n|\n|t:|1739317609\n|move|p2b: Ogerpon|Follow Me|p2b: Ogerpon\n|-singleturn|p2b: Ogerpon|move: Follow Me\n|move|p1b: Tatsugiri|Counter||[still]\n|-fail|p1b: Tatsugiri\n|\n|upkeep\n|turn|15\n|j| mr pogostick\n|\n|t:|1739317611\n|move|p2b: Ogerpon|Follow Me|p2b: Ogerpon\n|-singleturn|p2b: Ogerpon|move: Follow Me\n|move|p1b: Tatsugiri|Counter||[still]\n|-fail|p1b: Tatsugiri\n|\n|upkeep\n|turn|16\n|c|\u2606cobalt_poke|No\n|\n|t:|1739317620\n|move|p2b: Ogerpon|Follow Me|p2b: Ogerpon\n|-singleturn|p2b: Ogerpon|move: Follow Me\n|move|p1b: Tatsugiri|Counter||[still]\n|-fail|p1b: Tatsugiri\n|\n|upkeep\n|turn|17\n|\n|t:|1739317626\n|move|p2b: Ogerpon|Follow Me|p2b: Ogerpon\n|-singleturn|p2b: Ogerpon|move: Follow Me\n|move|p1b: Tatsugiri|Counter||[still]\n|-fail|p1b: Tatsugiri\n|\n|upkeep\n|turn|18\n|\n|t:|1739317629\n|move|p2b: Ogerpon|Follow Me|p2b: Ogerpon\n|-singleturn|p2b: Ogerpon|move: Follow Me\n|move|p1b: Tatsugiri|Counter||[still]\n|-fail|p1b: Tatsugiri\n|\n|upkeep\n|turn|19\n|\n|t:|1739317633\n|move|p2b: Ogerpon|Follow Me|p2b: Ogerpon\n|-singleturn|p2b: Ogerpon|move: Follow Me\n|move|p1b: Tatsugiri|Counter||[still]\n|-fail|p1b: Tatsugiri\n|\n|upkeep\n|turn|20\n|\n|t:|1739317635\n|move|p2b: Ogerpon|Follow Me|p2b: Ogerpon\n|-singleturn|p2b: Ogerpon|move: Follow Me\n|move|p1b: Tatsugiri|Counter||[still]\n|-fail|p1b: Tatsugiri\n|\n|upkeep\n|turn|21\n|\n|t:|1739317639\n|move|p2b: Ogerpon|Follow Me|p2b: Ogerpon\n|-singleturn|p2b: Ogerpon|move: Follow Me\n|move|p1b: Tatsugiri|Counter||[still]\n|-fail|p1b: Tatsugiri\n|\n|upkeep\n|turn|22\n|\n|t:|1739317642\n|move|p2b: Ogerpon|Follow Me|p2b: Ogerpon\n|-singleturn|p2b: Ogerpon|move: Follow Me\n|move|p1b: Tatsugiri|Counter||[still]\n|-fail|p1b: Tatsugiri\n|\n|upkeep\n|turn|23\n|\n|t:|1739317644\n|move|p2b: Ogerpon|Follow Me|p2b: Ogerpon\n|-singleturn|p2b: Ogerpon|move: Follow Me\n|move|p1b: Tatsugiri|Counter||[still]\n|-fail|p1b: Tatsugiri\n|\n|upkeep\n|turn|24\n|\n|t:|1739317647\n|move|p2b: Ogerpon|Follow Me|p2b: Ogerpon\n|-singleturn|p2b: Ogerpon|move: Follow Me\n|move|p1b: Tatsugiri|Counter||[still]\n|-fail|p1b: Tatsugiri\n|\n|upkeep\n|turn|25\n|\n|t:|1739317649\n|move|p2b: Ogerpon|Follow Me|p2b: Ogerpon\n|-singleturn|p2b: Ogerpon|move: Follow Me\n|move|p1b: Tatsugiri|Counter||[still]\n|-fail|p1b: Tatsugiri\n|\n|upkeep\n|turn|26\n|\n|t:|1739317651\n|move|p2b: Ogerpon|Follow Me|p2b: Ogerpon\n|-singleturn|p2b: Ogerpon|move: Follow Me\n|move|p1b: Tatsugiri|Counter||[still]\n|-fail|p1b: Tatsugiri\n|\n|upkeep\n|turn|27\n|\n|t:|1739317653\n|move|p2b: Ogerpon|Follow Me|p2b: Ogerpon\n|-singleturn|p2b: Ogerpon|move: Follow Me\n|move|p1b: Tatsugiri|Counter||[still]\n|-fail|p1b: Tatsugiri\n|\n|upkeep\n|turn|28\n|\n|t:|1739317656\n|move|p2b: Ogerpon|Follow Me|p2b: Ogerpon\n|-singleturn|p2b: Ogerpon|move: Follow Me\n|move|p1b: Tatsugiri|Counter||[still]\n|-fail|p1b: Tatsugiri\n|\n|upkeep\n|turn|29\n|\n|t:|1739317658\n|move|p2b: Ogerpon|Follow Me|p2b: Ogerpon\n|-singleturn|p2b: Ogerpon|move: Follow Me\n|move|p1b: Tatsugiri|Counter||[still]\n|-fail|p1b: Tatsugiri\n|\n|upkeep\n|turn|30\n|\n|t:|1739317660\n|move|p2b: Ogerpon|Follow Me|p2b: Ogerpon\n|-singleturn|p2b: Ogerpon|move: Follow Me\n|move|p1b: Tatsugiri|Counter||[still]\n|-fail|p1b: Tatsugiri\n|\n|upkeep\n|turn|31\n|inactive|Battle timer is ON: inactive players will automatically lose when time's up. (requested by cobalt_poke)\n|\n|t:|1739317676\n|move|p2b: Ogerpon|Follow Me|p2b: Ogerpon\n|-singleturn|p2b: Ogerpon|move: Follow Me\n|move|p1b: Tatsugiri|Counter||[still]\n|-fail|p1b: Tatsugiri\n|\n|upkeep\n|turn|32\n|\n|t:|1739317679\n|move|p2b: Ogerpon|Follow Me|p2b: Ogerpon\n|-singleturn|p2b: Ogerpon|move: Follow Me\n|move|p1b: Tatsugiri|Counter||[still]\n|-fail|p1b: Tatsugiri\n|\n|upkeep\n|turn|33\n|c|\u2606cobalt_poke|gg\n|inactive|Iamsliverfish has 30 seconds left.\n|inactive|Iamsliverfish has 20 seconds left.\n|inactive|Iamsliverfish has 15 seconds left.\n|inactive|Iamsliverfish has 10 seconds left.\n|\n|t:|1739317726\n|move|p2b: Ogerpon|Follow Me|p2b: Ogerpon\n|-singleturn|p2b: Ogerpon|move: Follow Me\n|move|p1b: Tatsugiri|Draco Meteor|p2b: Ogerpon\n|-damage|p2b: Ogerpon|0 fnt\n|-unboost|p1b: Tatsugiri|spa|2\n|faint|p2b: Ogerpon\n|\n|win|cobalt_poke\n|raw|cobalt_poke's rating: 1654 &rarr; <strong>1683<\/strong><br \/>(+29 for winning)\n|raw|Iamsliverfish's rating: 1817 &rarr; <strong>1788<\/strong><br \/>(-29 for losing)\n|l|\u2606Iamsliverfish\n|player|p2|\n|l| mr pogostick\n|l|\u2606cobalt_poke\n|player|p1|\n","uploadtime":1739317937,"views":9,"formatid":"gen9vgc2025regg","rating":1683,"private":0,"password":null}