{"id":"gen9vgc2025regg-2299524677","format":"[Gen 9] VGC 2025 Reg G","players":["pcord cypher","Zakmancho"],"log":"|j|\u2606pcord cypher\n|j|\u2606Zakmancho\n|t:|1739387539\n|gametype|doubles\n|player|p1|pcord cypher|1|1607\n|player|p2|Zakmancho|265|1505\n|teamsize|p1|6\n|teamsize|p2|6\n|gen|9\n|tier|[Gen 9] VGC 2025 Reg G\n|rated|\n|rule|Species Clause: Limit one of each Pok\u00e9mon\n|rule|Item Clause: Limit 1 of each item\n|clearpoke\n|poke|p1|Zacian-*, L50|\n|poke|p1|Chien-Pao, L50|\n|poke|p1|Urshifu-*, L50, M|\n|poke|p1|Pelipper, L50, M|\n|poke|p1|Raging Bolt, L50|\n|poke|p1|Amoonguss, L50, F|\n|poke|p2|Koraidon, L50|\n|poke|p2|Chi-Yu, L50|\n|poke|p2|Flutter Mane, L50|\n|poke|p2|Ogerpon-Cornerstone, L50, F|\n|poke|p2|Raging Bolt, L50|\n|poke|p2|Whimsicott, L50, M|\n|teampreview|4\n|inactive|Battle timer is ON: inactive players will automatically lose when time's up. (requested by Zakmancho)\n|inactive|pcord cypher has 60 seconds left.\n|inactive|pcord cypher has 30 seconds left.\n|inactive|pcord cypher has 20 seconds left.\n|inactive|pcord cypher has 15 seconds left.\n|inactive|pcord cypher has 10 seconds left.\n|\n|t:|1739387621\n|start\n|switch|p1a: Chien-Pao|Chien-Pao, L50|100\/100\n|switch|p1b: Zacian|Zacian-Crowned, L50|100\/100\n|switch|p2a: Whimsicott|Whimsicott, L50, M|100\/100\n|switch|p2b: Raging Bolt|Raging Bolt, L50|100\/100\n|-ability|p1b: Zacian|Intrepid Sword|boost\n|-boost|p1b: Zacian|atk|1\n|-ability|p1a: Chien-Pao|Sword of Ruin\n|turn|1\n|j| DonShitDozo\n|inactive|pcord cypher has 30 seconds left.\n|\n|t:|1739387659\n|-terastallize|p2b: Raging Bolt|Fairy\n|move|p1a: Chien-Pao|Ice Shard|p2a: Whimsicott\n|-supereffective|p2a: Whimsicott\n|-enditem|p2a: Whimsicott|Focus Sash\n|-damage|p2a: Whimsicott|1\/100\n|move|p2a: Whimsicott|Tailwind|p2a: Whimsicott\n|-sidestart|p2: Zakmancho|move: Tailwind\n|move|p1b: Zacian|Play Rough|p2b: Raging Bolt\n|-damage|p2b: Raging Bolt|23\/100\n|-unboost|p2b: Raging Bolt|atk|1\n|move|p2b: Raging Bolt|Electroweb|p1a: Chien-Pao|[spread] p1a,p1b\n|-damage|p1a: Chien-Pao|67\/100\n|-damage|p1b: Zacian|80\/100\n|-unboost|p1a: Chien-Pao|spe|1\n|-unboost|p1b: Zacian|spe|1\n|\n|upkeep\n|turn|2\n|inactive|pcord cypher has 30 seconds left.\n|inactive|Zakmancho has 30 seconds left.\n|\n|t:|1739387688\n|switch|p1a: Raging Bolt|Raging Bolt, L50|100\/100\n|-enditem|p1a: Raging Bolt|Booster Energy\n|-activate|p1a: Raging Bolt|ability: Protosynthesis|[fromitem]\n|-start|p1a: Raging Bolt|protosynthesisspa\n|move|p2a: Whimsicott|Endeavor|p1b: Zacian\n|-damage|p1b: Zacian|1\/100\n|move|p2b: Raging Bolt|Thunderbolt|p1a: Raging Bolt\n|-resisted|p1a: Raging Bolt\n|-damage|p1a: Raging Bolt|90\/100\n|move|p1b: Zacian|Play Rough|p2b: Raging Bolt\n|-damage|p2b: Raging Bolt|0 fnt\n|faint|p2b: Raging Bolt\n|-end|p2b: Raging Bolt|Protosynthesis|[silent]\n|\n|upkeep\n|\n|t:|1739387712\n|switch|p2b: Chi-Yu|Chi-Yu, L50|100\/100\n|-ability|p2b: Chi-Yu|Beads of Ruin\n|turn|3\n|inactive|pcord cypher has 30 seconds left.\n|\n|t:|1739387745\n|switch|p2a: Koraidon|Koraidon, L50|100\/100\n|-weather|SunnyDay|[from] ability: Orichalcum Pulse|[of] p2a: Koraidon\n|-activate|p2a: Koraidon|Orichalcum Pulse|[source]\n|-terastallize|p1a: Raging Bolt|Fairy\n|move|p1a: Raging Bolt|Thunderclap||[still]\n|-fail|p1a: Raging Bolt\n|move|p2b: Chi-Yu|Snarl|p1a: Raging Bolt|[spread] p1a,p1b\n|-resisted|p1a: Raging Bolt\n|-resisted|p1b: Zacian\n|-damage|p1a: Raging Bolt|78\/100\n|-damage|p1b: Zacian|0 fnt\n|-unboost|p1a: Raging Bolt|spa|1\n|faint|p1b: Zacian\n|\n|-weather|SunnyDay|[upkeep]\n|upkeep\n|\n|t:|1739387748\n|switch|p1b: Pelipper|Pelipper, L50, M|100\/100\n|-weather|RainDance|[from] ability: Drizzle|[of] p1b: Pelipper\n|turn|4\n|inactive|pcord cypher has 30 seconds left.\n|inactive|Zakmancho has 30 seconds left.\n|\n|t:|1739387780\n|switch|p2a: Whimsicott|Whimsicott, L50, M|1\/100\n|move|p1b: Pelipper|Helping Hand|p1a: Raging Bolt\n|-singleturn|p1a: Raging Bolt|Helping Hand|[of] p1b: Pelipper\n|move|p2b: Chi-Yu|Snarl|p1b: Pelipper|[spread] p1a,p1b\n|-resisted|p1a: Raging Bolt\n|-damage|p1a: Raging Bolt|64\/100\n|-damage|p1b: Pelipper|55\/100\n|-unboost|p1a: Raging Bolt|spa|1\n|-unboost|p1b: Pelipper|spa|1\n|move|p1a: Raging Bolt|Draco Meteor|p2a: Whimsicott\n|-immune|p2a: Whimsicott\n|\n|-weather|RainDance|[upkeep]\n|-sideend|p2: Zakmancho|move: Tailwind\n|upkeep\n|turn|5\n|l| DonShitDozo\n|inactive|Zakmancho has 30 seconds left.\n|\n|t:|1739387815\n|switch|p1b: Chien-Pao|Chien-Pao, L50|67\/100\n|-ability|p1b: Chien-Pao|Sword of Ruin\n|move|p1a: Raging Bolt|Protect|p1a: Raging Bolt\n|-singleturn|p1a: Raging Bolt|Protect\n|move|p2b: Chi-Yu|Snarl|p1b: Chien-Pao|[spread] p1b\n|-activate|p1a: Raging Bolt|move: Protect\n|-resisted|p1b: Chien-Pao\n|-damage|p1b: Chien-Pao|44\/100\n|-unboost|p1b: Chien-Pao|spa|1\n|move|p2a: Whimsicott|Moonblast|p1b: Chien-Pao\n|-supereffective|p1b: Chien-Pao\n|-damage|p1b: Chien-Pao|0 fnt\n|faint|p1b: Chien-Pao\n|\n|-weather|RainDance|[upkeep]\n|upkeep\n|\n|t:|1739387818\n|switch|p1b: Pelipper|Pelipper, L50, M|55\/100\n|turn|6\n|-message|pcord cypher forfeited.\n|\n|win|Zakmancho\n|raw|pcord cypher's rating: 1607 &rarr; <strong>1581<\/strong><br \/>(-26 for losing)\n|raw|Zakmancho's rating: 1505 &rarr; <strong>1531<\/strong><br \/>(+26 for winning)\n","uploadtime":1739387824,"views":5,"formatid":"gen9vgc2025regg","rating":1531,"private":0,"password":null}