{"id":"gen9vgc2025regg-2299837279","format":"[Gen 9] VGC 2025 Reg G","players":["Lenghong","rastapopolous"],"log":"|j|\u2606Lenghong\n|j|\u2606rastapopolous\n|t:|1739425977\n|gametype|doubles\n|player|p1|Lenghong|hilda|1526\n|player|p2|rastapopolous|gentleman-gen4|1553\n|teamsize|p1|6\n|teamsize|p2|6\n|gen|9\n|tier|[Gen 9] VGC 2025 Reg G\n|rated|\n|rule|Species Clause: Limit one of each Pok\u00e9mon\n|rule|Item Clause: Limit 1 of each item\n|clearpoke\n|poke|p1|Rillaboom, L50, M|\n|poke|p1|Rayquaza, L50|\n|poke|p1|Chien-Pao, L50|\n|poke|p1|Urshifu-*, L50, M|\n|poke|p1|Dragapult, L50, M|\n|poke|p1|Clefairy, L50, F|\n|poke|p2|Hitmontop, L50, M|\n|poke|p2|Smeargle, L50, M|\n|poke|p2|Urshifu-*, L50, M|\n|poke|p2|Kyogre, L50|\n|poke|p2|Entei, L50|\n|poke|p2|Whimsicott, L50, M|\n|teampreview|4\n|inactive|Battle timer is ON: inactive players will automatically lose when time's up. (requested by rastapopolous)\n|\n|t:|1739425996\n|start\n|switch|p1a: Rayquaza|Rayquaza, L50, shiny|100\/100\n|switch|p1b: Dragapult|Dragapult, L50, M|100\/100\n|switch|p2a: Smeargle|Smeargle, L50, M|100\/100\n|switch|p2b: Entei|Entei, L50, shiny|100\/100\n|-ability|p1a: Rayquaza|Air Lock\n|turn|1\n|\n|t:|1739426007\n|move|p1a: Rayquaza|Protect|p1a: Rayquaza\n|-singleturn|p1a: Rayquaza|Protect\n|move|p2a: Smeargle|Fake Out|p1a: Rayquaza\n|-activate|p1a: Rayquaza|move: Protect\n|move|p1b: Dragapult|Dragon Cheer|p1a: Rayquaza\n|-start|p1a: Rayquaza|move: Dragon Cheer\n|move|p2b: Entei|Sacred Fire|p1a: Rayquaza\n|-activate|p1a: Rayquaza|move: Protect\n|\n|-ability|p2a: Smeargle|Moody|boost\n|-boost|p2a: Smeargle|spd|2\n|-unboost|p2a: Smeargle|atk|1\n|upkeep\n|turn|2\n|inactive|Lenghong has 30 seconds left.\n|inactive|Lenghong has 20 seconds left.\n|\n|t:|1739426045\n|move|p1b: Dragapult|Thunder Wave|p2b: Entei\n|-status|p2b: Entei|par\n|move|p2a: Smeargle|Spore|p1a: Rayquaza\n|-status|p1a: Rayquaza|slp|[from] move: Spore\n|cant|p1a: Rayquaza|slp\n|move|p2b: Entei|Sacred Fire|p1b: Dragapult\n|-resisted|p1b: Dragapult\n|-damage|p1b: Dragapult|69\/100\n|-status|p1b: Dragapult|brn\n|\n|-damage|p1b: Dragapult|63\/100 brn|[from] brn\n|-ability|p2a: Smeargle|Moody|boost\n|-boost|p2a: Smeargle|atk|2\n|-unboost|p2a: Smeargle|spa|1\n|upkeep\n|turn|3\n|\n|t:|1739426070\n|switch|p2a: Hitmontop|Hitmontop, L50, M, shiny|100\/100\n|-ability|p2a: Hitmontop|Intimidate|boost\n|-unboost|p1a: Rayquaza|atk|1\n|-unboost|p1b: Dragapult|atk|1\n|-curestatus|p1a: Rayquaza|slp|[msg]\n|move|p1a: Rayquaza|Protect|p1a: Rayquaza\n|-singleturn|p1a: Rayquaza|Protect\n|move|p1b: Dragapult|Thunder Wave|p2a: Hitmontop\n|-status|p2a: Hitmontop|par\n|move|p2b: Entei|Stomping Tantrum|p1b: Dragapult\n|-damage|p1b: Dragapult|34\/100 brn\n|-start|p2b: Entei|Disable|Stomping Tantrum|[from] ability: Cursed Body|[of] p1b: Dragapult\n|\n|-damage|p1b: Dragapult|28\/100 brn|[from] brn\n|upkeep\n|turn|4\n|inactive|Lenghong has 30 seconds left.\n|inactive|Lenghong has 20 seconds left.\n|inactive|Lenghong has 15 seconds left.\n|\n|t:|1739426114\n|cant|p2a: Hitmontop|par\n|move|p1b: Dragapult|Hex|p2b: Entei\n|-damage|p2b: Entei|68\/100 par\n|move|p1a: Rayquaza|Dragon Ascent|p2a: Hitmontop\n|-supereffective|p2a: Hitmontop\n|-crit|p2a: Hitmontop\n|-damage|p2a: Hitmontop|0 fnt\n|-unboost|p1a: Rayquaza|def|1\n|-unboost|p1a: Rayquaza|spd|1\n|-damage|p1a: Rayquaza|84\/100|[from] item: Rocky Helmet|[of] p2a: Hitmontop\n|faint|p2a: Hitmontop\n|cant|p2b: Entei|par\n|\n|-damage|p1b: Dragapult|22\/100 brn|[from] brn\n|upkeep\n|\n|t:|1739426132\n|switch|p2a: Smeargle|Smeargle, L50, M|100\/100\n|turn|5\n|\n|t:|1739426143\n|move|p1a: Rayquaza|Protect|p1a: Rayquaza\n|-singleturn|p1a: Rayquaza|Protect\n|move|p2a: Smeargle|Fake Out|p1a: Rayquaza\n|-activate|p1a: Rayquaza|move: Protect\n|move|p1b: Dragapult|Thunder Wave|p2a: Smeargle\n|-status|p2a: Smeargle|par\n|cant|p2b: Entei|par\n|\n|-damage|p1b: Dragapult|16\/100 brn|[from] brn\n|-ability|p2a: Smeargle|Moody|boost\n|-boost|p2a: Smeargle|atk|2\n|-unboost|p2a: Smeargle|spd|1\n|upkeep\n|turn|6\n|-message|rastapopolous forfeited.\n|\n|win|Lenghong\n|raw|Lenghong's rating: 1526 &rarr; <strong>1548<\/strong><br \/>(+22 for winning)\n|raw|rastapopolous's rating: 1553 &rarr; <strong>1531<\/strong><br \/>(-22 for losing)\n|l|\u2606rastapopolous\n|player|p2|\n|l|\u2606Lenghong\n|player|p1|\n","uploadtime":1739426291,"views":10,"formatid":"gen9vgc2025regg","rating":1531,"private":0,"password":null}