{"id":"gen9vgc2025regg-2299917098","format":"[Gen 9] VGC 2025 Reg G","players":["satelite99","pig duck eater"],"log":"|j|\u2606satelite99\n|j|\u2606pig duck eater\n|t:|1739441318\n|gametype|doubles\n|player|p1|satelite99|wallace|1643\n|player|p2|pig duck eater|170|1575\n|teamsize|p1|6\n|teamsize|p2|6\n|gen|9\n|tier|[Gen 9] VGC 2025 Reg G\n|rated|\n|rule|Species Clause: Limit one of each Pok\u00e9mon\n|rule|Item Clause: Limit 1 of each item\n|clearpoke\n|poke|p1|Zamazenta-*, L50|\n|poke|p1|Landorus, L50, M|\n|poke|p1|Urshifu-*, L50, F|\n|poke|p1|Rillaboom, L50, M|\n|poke|p1|Whimsicott, L50, F|\n|poke|p1|Gholdengo, L50|\n|poke|p2|Urshifu-*, L50, M|\n|poke|p2|Calyrex-Shadow, L50|\n|poke|p2|Indeedee-F, L50, F|\n|poke|p2|Wo-Chien, L50|\n|poke|p2|Garganacl, L50, F|\n|poke|p2|Flutter Mane, L50|\n|teampreview|4\nsatelite99 rejected open team sheets.\n|inactive|Battle timer is ON: inactive players will automatically lose when time's up. (requested by satelite99)\n|inactive|satelite99 has 60 seconds left.\n|inactive|pig duck eater has 60 seconds left.\n|inactive|satelite99 has 30 seconds left.\n|inactive|satelite99 has 20 seconds left.\n|inactive|satelite99 has 15 seconds left.\n|\n|t:|1739441400\n|start\n|switch|p1a: Zamazenta|Zamazenta-Crowned, L50|100\/100\n|switch|p1b: Whimsicott|Whimsicott, L50, F|100\/100\n|switch|p2a: Calyrex|Calyrex-Shadow, L50|100\/100\n|switch|p2b: Indeedee|Indeedee-F, L50, F|100\/100\n|-ability|p2a: Calyrex|As One\n|-ability|p2a: Calyrex|Unnerve\n|-ability|p1a: Zamazenta|Dauntless Shield|boost\n|-boost|p1a: Zamazenta|def|1\n|-fieldstart|move: Psychic Terrain|[from] ability: Psychic Surge|[of] p2b: Indeedee\n|-enditem|p2b: Indeedee|Psychic Seed\n|-boost|p2b: Indeedee|spd|1|[from] item: Psychic Seed\n|turn|1\n|inactive|satelite99 has 30 seconds left.\n|\n|t:|1739441428\n|move|p1a: Zamazenta|Wide Guard|p1a: Zamazenta\n|-singleturn|p1a: Zamazenta|Wide Guard\n|move|p2a: Calyrex|Expanding Force|p1b: Whimsicott|[spread] \n|-activate|p1a: Zamazenta|move: Wide Guard\n|-activate|p1b: Whimsicott|move: Wide Guard\n|move|p1b: Whimsicott|Endeavor|p2b: Indeedee\n|-damage|p2b: Indeedee|77\/100\n|move|p2b: Indeedee|Baton Pass|p2b: Indeedee\n|\n|t:|1739441437\n|switch|p2b: Garganacl|Garganacl, L50, F|100\/100|[from] Baton Pass\n|\n|upkeep\n|turn|2\n|\n|t:|1739441455\n|-terastallize|p2b: Garganacl|Ghost\n|move|p1a: Zamazenta|Wide Guard|p1a: Zamazenta\n|-singleturn|p1a: Zamazenta|Wide Guard\n|move|p1b: Whimsicott|Tailwind|p1b: Whimsicott\n|-sidestart|p1: satelite99|move: Tailwind\n|move|p2a: Calyrex|Expanding Force|p1a: Zamazenta|[spread] \n|-activate|p1a: Zamazenta|move: Wide Guard\n|-activate|p1b: Whimsicott|move: Wide Guard\n|move|p2b: Garganacl|Salt Cure|p1a: Zamazenta\n|-resisted|p1a: Zamazenta\n|-damage|p1a: Zamazenta|99\/100\n|-start|p1a: Zamazenta|Salt Cure\n|\n|-damage|p1a: Zamazenta|74\/100|[from] Salt Cure\n|upkeep\n|turn|3\n|inactive|satelite99 has 30 seconds left.\n|inactive|satelite99 has 20 seconds left.\n|inactive|satelite99 has 15 seconds left.\n|inactive|satelite99 has 10 seconds left.\n|\n|t:|1739441502\n|-terastallize|p1a: Zamazenta|Dragon\n|move|p1a: Zamazenta|Heavy Slam|p2a: Calyrex\n|-damage|p2a: Calyrex|39\/100\n|move|p1b: Whimsicott|Moonblast|p2b: Garganacl\n|-damage|p2b: Garganacl|81\/100\n|-unboost|p2b: Garganacl|spa|1\n|move|p2a: Calyrex|Expanding Force|p1a: Zamazenta|[spread] p1a,p1b\n|-damage|p1a: Zamazenta|24\/100\n|-enditem|p1b: Whimsicott|Focus Sash\n|-damage|p1b: Whimsicott|1\/100\n|move|p2b: Garganacl|Salt Cure|p1b: Whimsicott\n|-damage|p1b: Whimsicott|0 fnt\n|faint|p1b: Whimsicott\n|\n|-damage|p1a: Zamazenta|12\/100|[from] Salt Cure\n|upkeep\n|\n|t:|1739441523\n|switch|p1b: Urshifu|Urshifu, L50, F|100\/100\n|turn|4\n|\n|t:|1739441542\n|switch|p2a: Wo-Chien|Wo-Chien, L50|100\/100\n|-ability|p2a: Wo-Chien|Tablets of Ruin\n|move|p1a: Zamazenta|Heavy Slam|p2a: Wo-Chien\n|-damage|p2a: Wo-Chien|77\/100\n|move|p1b: Urshifu|Wicked Blow|p2b: Garganacl\n|-supereffective|p2b: Garganacl\n|-crit|p2b: Garganacl\n|-damage|p2b: Garganacl|0 fnt\n|-damage|p1b: Urshifu|84\/100|[from] item: Rocky Helmet|[of] p2b: Garganacl\n|faint|p2b: Garganacl\n|\n|-damage|p1a: Zamazenta|0 fnt|[from] Salt Cure\n|faint|p1a: Zamazenta\n|upkeep\n|\n|t:|1739441559\n|switch|p1a: Gholdengo|Gholdengo, L50|100\/100\n|switch|p2b: Indeedee|Indeedee-F, L50, F|77\/100\n|turn|5\n|inactive|satelite99 has 30 seconds left.\n|\n|t:|1739441591\n|move|p1b: Urshifu|Wicked Blow|p2b: Indeedee\n|-supereffective|p2b: Indeedee\n|-crit|p2b: Indeedee\n|-damage|p2b: Indeedee|0 fnt\n|faint|p2b: Indeedee\n|move|p1a: Gholdengo|Make It Rain|p2a: Wo-Chien\n|-damage|p2a: Wo-Chien|31\/100\n|-unboost|p1a: Gholdengo|spa|1\n|move|p2a: Wo-Chien|Ruination|p1b: Urshifu\n|-damage|p1b: Urshifu|42\/100\n|\n|-sideend|p1: satelite99|move: Tailwind\n|-fieldend|move: Psychic Terrain\n|upkeep\n|\n|t:|1739441602\n|switch|p2b: Calyrex|Calyrex-Shadow, L50|39\/100\n|-ability|p2b: Calyrex|As One\n|-ability|p2b: Calyrex|Unnerve\n|turn|6\n|j| Jasper2452\n|inactive|satelite99 has 30 seconds left.\n|inactive|satelite99 has 20 seconds left.\n|inactive|satelite99 has 15 seconds left.\n|\n|t:|1739441642\n|move|p2b: Calyrex|Astral Barrage|p1b: Urshifu|[spread] p1a,p1b\n|-supereffective|p1a: Gholdengo\n|-resisted|p1b: Urshifu\n|-damage|p1a: Gholdengo|0 fnt\n|-damage|p1b: Urshifu|0 fnt\n|faint|p1a: Gholdengo\n|faint|p1b: Urshifu\n|\n|win|pig duck eater\n|raw|satelite99's rating: 1643 &rarr; <strong>1619<\/strong><br \/>(-24 for losing)\n|raw|pig duck eater's rating: 1575 &rarr; <strong>1599<\/strong><br \/>(+24 for winning)\n|l|\u2606pig duck eater\n|player|p2|\n","uploadtime":1739441658,"views":5,"formatid":"gen9vgc2025regg","rating":1599,"private":0,"password":null}