{"id":"gen9vgc2025regg-2299598314","format":"[Gen 9] VGC 2025 Reg G","players":["pokequimico","Yung Trav"],"log":"|j|\u2606pokequimico\n|j|\u203dYung Trav\n|t:|1739394881\n|gametype|doubles\n|player|p1|pokequimico|lucas|1640\n|player|p2|Yung Trav|102|1735\n|teamsize|p1|6\n|teamsize|p2|6\n|gen|9\n|tier|[Gen 9] VGC 2025 Reg G\n|rated|\n|rule|Species Clause: Limit one of each Pok\u00e9mon\n|rule|Item Clause: Limit 1 of each item\n|clearpoke\n|poke|p1|Terapagos, L50, M|\n|poke|p1|Ogerpon-Hearthflame, L50, F|\n|poke|p1|Smeargle, L50, F|\n|poke|p1|Tornadus, L50, M|\n|poke|p1|Landorus, L50, M|\n|poke|p1|Raichu, L50, M|\n|poke|p2|Calyrex-Ice, L50|\n|poke|p2|Regidrago, L50|\n|poke|p2|Smeargle, L50, M|\n|poke|p2|Farigiraf, L50, M|\n|poke|p2|Urshifu-*, L50, M|\n|poke|p2|Ogerpon-Cornerstone, L50, F|\n|teampreview|4\n|inactive|Battle timer is ON: inactive players will automatically lose when time's up. (requested by Yung Trav)\n|inactive|pokequimico has 60 seconds left.\n|\n|t:|1739394932\n|start\n|switch|p1a: Ogerpon|Ogerpon-Hearthflame, L50, F|100\/100\n|switch|p1b: Smeargle|Smeargle, L50, F|100\/100\n|switch|p2a: Calyrex|Calyrex-Ice, L50|100\/100\n|switch|p2b: Smeargle|Smeargle, L50, M, shiny|100\/100\n|-ability|p2a: Calyrex|As One\n|-ability|p2a: Calyrex|Unnerve\n|-ability|p1a: Ogerpon|Mold Breaker\n|turn|1\n|\n|t:|1739394953\n|move|p2a: Calyrex|Protect|p2a: Calyrex\n|-singleturn|p2a: Calyrex|Protect\n|move|p1b: Smeargle|Spore|p2a: Calyrex\n|-activate|p2a: Calyrex|move: Protect\n|move|p1a: Ogerpon|Ivy Cudgel|p2a: Calyrex|[anim] Ivy Cudgel Fire\n|-activate|p2a: Calyrex|move: Protect\n|move|p2b: Smeargle|Spore|p1b: Smeargle\n|-status|p1b: Smeargle|slp|[from] move: Spore\n|\n|-ability|p1b: Smeargle|Moody|boost\n|-boost|p1b: Smeargle|def|2\n|-unboost|p1b: Smeargle|spe|1\n|upkeep\n|turn|2\n|j| EllAkuro\n|inactive|Yung Trav has 30 seconds left.\n|\n|t:|1739394978\n|-terastallize|p2a: Calyrex|Water\n|move|p1a: Ogerpon|Ivy Cudgel|p2b: Smeargle|[anim] Ivy Cudgel Fire\n|-damage|p2b: Smeargle|30\/100\n|cant|p1b: Smeargle|slp\n|move|p2b: Smeargle|Decorate|p2a: Calyrex\n|-boost|p2a: Calyrex|atk|2\n|-boost|p2a: Calyrex|spa|2\n|move|p2a: Calyrex|Trick Room|p2a: Calyrex\n|-fieldstart|move: Trick Room|[of] p2a: Calyrex\n|\n|-ability|p1b: Smeargle|Moody|boost\n|-boost|p1b: Smeargle|def|2\n|-unboost|p1b: Smeargle|spe|1\n|upkeep\n|turn|3\n|\n|t:|1739394997\n|-terastallize|p1a: Ogerpon|Fire\n|detailschange|p1a: Ogerpon|Ogerpon-Hearthflame-Tera, L50, F, tera:Fire\n|-ability|p1a: Ogerpon|Embody Aspect (Hearthflame)|boost\n|-boost|p1a: Ogerpon|atk|1\n|cant|p1b: Smeargle|slp\n|move|p2b: Smeargle|Decorate|p2a: Calyrex\n|-boost|p2a: Calyrex|atk|2\n|-boost|p2a: Calyrex|spa|2\n|move|p2a: Calyrex|Glacial Lance|p1b: Smeargle|[spread] p1a,p1b\n|-resisted|p1a: Ogerpon\n|-damage|p1a: Ogerpon|25\/100\n|-enditem|p1b: Smeargle|Focus Sash\n|-damage|p1b: Smeargle|1\/100 slp\n|move|p1a: Ogerpon|Wood Hammer|p2a: Calyrex\n|-supereffective|p2a: Calyrex\n|-damage|p2a: Calyrex|0 fnt\n|faint|p2a: Calyrex\n|-damage|p1a: Ogerpon|0 fnt|[from] Recoil\n|faint|p1a: Ogerpon\n|\n|-ability|p1b: Smeargle|Moody|boost\n|-boost|p1b: Smeargle|atk|2\n|-unboost|p1b: Smeargle|spd|1\n|upkeep\n|j| tinymovingfarts\n|inactive|Yung Trav has 30 seconds left.\n|\n|t:|1739395025\n|switch|p2a: Regidrago|Regidrago, L50, shiny|100\/100\n|switch|p1a: Raichu|Raichu, L50, M|100\/100\n|turn|4\n|\n|t:|1739395039\n|move|p1a: Raichu|Fake Out|p2b: Smeargle\n|-damage|p2b: Smeargle|17\/100\n|move|p2a: Regidrago|Earth Power|p1b: Smeargle\n|-damage|p1b: Smeargle|0 fnt\n|faint|p1b: Smeargle\n|cant|p2b: Smeargle|flinch\n|\n|upkeep\n|\n|t:|1739395050\n|switch|p1b: Terapagos|Terapagos, L50, M|100\/100\n|-activate|p1b: Terapagos|ability: Tera Shift\n|detailschange|p1b: Terapagos|Terapagos-Terastal, L50, M\n|-heal|p1b: Terapagos|100\/100|[silent]\n|turn|5\n|\n|t:|1739395066\n|move|p2a: Regidrago|Dragon Energy|p1a: Raichu|[spread] p1a,p1b\n|-activate|p1b: Terapagos|ability: Tera Shell\n|-resisted|p1b: Terapagos\n|-damage|p1a: Raichu|18\/100\n|-damage|p1b: Terapagos|66\/100\n|move|p2b: Smeargle|Decorate|p2a: Regidrago\n|-boost|p2a: Regidrago|atk|2\n|-boost|p2a: Regidrago|spa|2\n|move|p1b: Terapagos|Dazzling Gleam|p2b: Smeargle|[spread] p2a,p2b\n|-supereffective|p2a: Regidrago\n|-damage|p2a: Regidrago|42\/100\n|-damage|p2b: Smeargle|0 fnt\n|faint|p2b: Smeargle\n|move|p1a: Raichu|Volt Switch|p2a: Regidrago\n|-resisted|p2a: Regidrago\n|-damage|p2a: Regidrago|30\/100\n|\n|upkeep\n|\n|t:|1739395082\n|switch|p2b: Farigiraf|Farigiraf, L50, M, shiny|100\/100\n|turn|6\n|\n|t:|1739395103\n|move|p2b: Farigiraf|Helping Hand|p2a: Regidrago\n|-singleturn|p2a: Regidrago|Helping Hand|[of] p2b: Farigiraf\n|move|p2a: Regidrago|Draco Meteor|p1b: Terapagos\n|-damage|p1b: Terapagos|0 fnt\n|-unboost|p2a: Regidrago|spa|2\n|faint|p1b: Terapagos\n|move|p1a: Raichu|Electroweb|p2a: Regidrago|[spread] p2a,p2b\n|-resisted|p2a: Regidrago\n|-damage|p2a: Regidrago|22\/100\n|-damage|p2b: Farigiraf|89\/100\n|-unboost|p2a: Regidrago|spe|1\n|-unboost|p2b: Farigiraf|spe|1\n|\n|-fieldend|move: Trick Room\n|upkeep\n|turn|7\n|-message|pokequimico forfeited.\n|\n|win|Yung Trav\n|raw|pokequimico's rating: 1640 &rarr; <strong>1625<\/strong><br \/>(-15 for losing)\n|raw|Yung Trav's rating: 1735 &rarr; <strong>1750<\/strong><br \/>(+15 for winning)\n|l|\u2606pokequimico\n|player|p1|\n|l|\u203dYung Trav\n|player|p2|\n|l| EllAkuro\n|l| tinymovingfarts\n","uploadtime":1739395385,"views":11,"formatid":"gen9vgc2025regg","rating":1625,"private":0,"password":null}