{"id":"gen9vgc2025regg-2299176588","format":"[Gen 9] VGC 2025 Reg G","players":["Iamsliverfish","huyuplan"],"log":"|j|\u2606Iamsliverfish\n|j|\u2606huyuplan\n|t:|1739342575\n|gametype|doubles\n|player|p1|Iamsliverfish|hiker-gen4|1752\n|player|p2|huyuplan|lucas|1747\n|teamsize|p1|6\n|teamsize|p2|6\n|gen|9\n|tier|[Gen 9] VGC 2025 Reg G\n|rated|\n|rule|Species Clause: Limit one of each Pok\u00e9mon\n|rule|Item Clause: Limit 1 of each item\n|clearpoke\n|poke|p1|Calyrex-Shadow, L50|\n|poke|p1|Ursaluna, L50, F|\n|poke|p1|Indeedee-F, L50, F|\n|poke|p1|Ogerpon-Wellspring, L50, F|\n|poke|p1|Tornadus, L50, M|\n|poke|p1|Chi-Yu, L50|\n|poke|p2|Regidrago, L50|\n|poke|p2|Zacian-*, L50|\n|poke|p2|Farigiraf, L50, F|\n|poke|p2|Tornadus, L50, M|\n|poke|p2|Swampert, L50, F|\n|poke|p2|Torkoal, L50, M|\n|teampreview|4\n|j| mr pogostick\n|\n|t:|1739342659\n|start\n|switch|p1a: Tornadus|Tornadus, L50, M|100\/100\n|switch|p1b: Chi-Yu|Chi-Yu, L50|100\/100\n|switch|p2a: Swampert|Swampert, L50, F|100\/100\n|switch|p2b: Zacian|Zacian-Crowned, L50|100\/100\n|-ability|p1b: Chi-Yu|Beads of Ruin\n|-ability|p2b: Zacian|Intrepid Sword|boost\n|-boost|p2b: Zacian|atk|1\n|turn|1\n|j| blaisee\n|\n|t:|1739342708\n|move|p2b: Zacian|Protect|p2b: Zacian\n|-singleturn|p2b: Zacian|Protect\n|move|p1b: Chi-Yu|Overheat|p2b: Zacian\n|-activate|p2b: Zacian|move: Protect\n|move|p1a: Tornadus|Bleakwind Storm|p2b: Zacian|[spread] p2a\n|-activate|p2b: Zacian|move: Protect\n|-damage|p2a: Swampert|60\/100\n|move|p2a: Swampert|Earthquake|p1a: Tornadus|[spread] p1b\n|-activate|p2b: Zacian|move: Protect\n|-immune|p1a: Tornadus\n|-supereffective|p1b: Chi-Yu\n|-damage|p1b: Chi-Yu|0 fnt\n|faint|p1b: Chi-Yu\n|\n|upkeep\n|\n|t:|1739342714\n|switch|p1b: Calyrex|Calyrex-Shadow, L50|100\/100\n|-ability|p1b: Calyrex|As One\n|-ability|p1b: Calyrex|Unnerve\n|turn|2\n|\n|t:|1739342743\n|-terastallize|p1b: Calyrex|Ground\n|move|p2a: Swampert|Wide Guard|p2a: Swampert\n|-singleturn|p2a: Swampert|Wide Guard\n|move|p1a: Tornadus|Taunt|p2a: Swampert\n|-start|p2a: Swampert|move: Taunt\n|move|p1b: Calyrex|Tera Blast|p2b: Zacian|[anim] Tera Blast Ground\n|-supereffective|p2b: Zacian\n|-damage|p2b: Zacian|0 fnt\n|faint|p2b: Zacian\n|-ability|p1b: Calyrex|Grim Neigh|boost\n|-boost|p1b: Calyrex|spa|1\n|-damage|p1b: Calyrex|91\/100|[from] item: Life Orb\n|\n|upkeep\n|\n|t:|1739342760\n|switch|p2b: Farigiraf|Farigiraf, L50, F|100\/100\n|turn|3\n|\n|t:|1739342779\n|move|p1b: Calyrex|Tera Blast|p2b: Farigiraf|[anim] Tera Blast Ground\n|-damage|p2b: Farigiraf|0 fnt\n|faint|p2b: Farigiraf\n|-ability|p1b: Calyrex|Grim Neigh|boost\n|-boost|p1b: Calyrex|spa|1\n|-damage|p1b: Calyrex|81\/100|[from] item: Life Orb\n|move|p1a: Tornadus|Bleakwind Storm|p2a: Swampert\n|-damage|p2a: Swampert|15\/100\n|move|p2a: Swampert|Flip Turn|p1a: Tornadus\n|-damage|p1a: Tornadus|54\/100\n|\n|t:|1739342791\n|switch|p2a: Regidrago|Regidrago, L50|100\/100|[from] Flip Turn\n|\n|upkeep\n|\n|t:|1739342797\n|switch|p2b: Swampert|Swampert, L50, F|15\/100\n|turn|4\n|\n|t:|1739342807\n|-terastallize|p2a: Regidrago|Dragon\n|move|p1b: Calyrex|Protect|p1b: Calyrex\n|-singleturn|p1b: Calyrex|Protect\n|move|p2b: Swampert|Wide Guard|p2b: Swampert\n|-singleturn|p2b: Swampert|Wide Guard\n|move|p1a: Tornadus|Taunt|p2b: Swampert\n|-start|p2b: Swampert|move: Taunt\n|move|p2a: Regidrago|Dragon Energy|p1b: Calyrex|[spread] p1a\n|-activate|p1b: Calyrex|move: Protect\n|-damage|p1a: Tornadus|0 fnt\n|faint|p1a: Tornadus\n|\n|upkeep\n|\n|t:|1739342810\n|switch|p1a: Indeedee|Indeedee-F, L50, F|100\/100\n|-fieldstart|move: Psychic Terrain|[from] ability: Psychic Surge|[of] p1a: Indeedee\n|turn|5\n|-message|huyuplan forfeited.\n|\n|win|Iamsliverfish\n|raw|Iamsliverfish's rating: 1752 &rarr; <strong>1772<\/strong><br \/>(+20 for winning)\n|raw|huyuplan's rating: 1747 &rarr; <strong>1727<\/strong><br \/>(-20 for losing)\n|l|\u2606huyuplan\n|player|p2|\n|l| blaisee\n","uploadtime":1739342832,"views":81,"formatid":"gen9vgc2025regg","rating":1727,"private":0,"password":null}