{"id":"gen9vgc2025regg-2299790158","format":"[Gen 9] VGC 2025 Reg G","players":["test-on-calls","Zakmancho"],"log":"|j|\u2606test-on-calls\n|j|\u2606Zakmancho\n|t:|1739418336\n|gametype|doubles\n|player|p1|test-on-calls|170|1680\n|player|p2|Zakmancho|265|1637\n|teamsize|p1|6\n|teamsize|p2|6\n|gen|9\n|tier|[Gen 9] VGC 2025 Reg G\n|rated|\n|rule|Species Clause: Limit one of each Pok\u00e9mon\n|rule|Item Clause: Limit 1 of each item\n|clearpoke\n|poke|p1|Groudon, L50|\n|poke|p1|Toxapex, L50, M|\n|poke|p1|Whimsicott, L50, M|\n|poke|p1|Flutter Mane, L50|\n|poke|p1|Annihilape, L50, F|\n|poke|p1|Chi-Yu, L50|\n|poke|p2|Koraidon, L50|\n|poke|p2|Chi-Yu, L50|\n|poke|p2|Flutter Mane, L50|\n|poke|p2|Ogerpon-Cornerstone, L50, F|\n|poke|p2|Raging Bolt, L50|\n|poke|p2|Whimsicott, L50, M|\n|teampreview|4\n|inactive|Battle timer is ON: inactive players will automatically lose when time's up. (requested by Zakmancho)\n|inactive|Zakmancho has 60 seconds left.\n|\n|t:|1739418371\n|start\n|switch|p1a: Whimsicott|Whimsicott, L50, M|100\/100\n|switch|p1b: Flutter Mane|Flutter Mane, L50, shiny|100\/100\n|switch|p2a: Whimsicott|Whimsicott, L50, M|100\/100\n|switch|p2b: Ogerpon|Ogerpon-Cornerstone, L50, F|100\/100\n|turn|1\n|\n|t:|1739418388\n|move|p1a: Whimsicott|Tailwind|p1a: Whimsicott\n|-sidestart|p1: test-on-calls|move: Tailwind\n|move|p2a: Whimsicott|Tailwind|p2a: Whimsicott\n|-sidestart|p2: Zakmancho|move: Tailwind\n|move|p1b: Flutter Mane|Dazzling Gleam|p2a: Whimsicott|[spread] p2a,p2b\n|-damage|p2a: Whimsicott|29\/100\n|-damage|p2b: Ogerpon|46\/100\n|move|p2b: Ogerpon|Ivy Cudgel|p1b: Flutter Mane|[anim] Ivy Cudgel Rock\n|-damage|p1b: Flutter Mane|0 fnt\n|faint|p1b: Flutter Mane\n|-end|p1b: Flutter Mane|Protosynthesis|[silent]\n|\n|upkeep\n|\n|t:|1739418398\n|switch|p1b: Chi-Yu|Chi-Yu, L50|100\/100\n|-ability|p1b: Chi-Yu|Beads of Ruin\n|turn|2\n|j| OliviaOlive\n|\n|t:|1739418415\n|switch|p1a: Groudon|Groudon, L50, shiny|100\/100\n|-weather|SunnyDay|[from] ability: Drought|[of] p1a: Groudon\n|-terastallize|p2b: Ogerpon|Rock\n|detailschange|p2b: Ogerpon|Ogerpon-Cornerstone-Tera, L50, F, tera:Rock\n|-ability|p2b: Ogerpon|Embody Aspect (Cornerstone)|boost\n|-boost|p2b: Ogerpon|def|1\n|move|p2a: Whimsicott|Encore||[still]\n|-fail|p2a: Whimsicott\n|move|p1b: Chi-Yu|Heat Wave|p2b: Ogerpon|[spread] p2a,p2b\n|-supereffective|p2a: Whimsicott\n|-resisted|p2b: Ogerpon\n|-damage|p2a: Whimsicott|0 fnt\n|-damage|p2b: Ogerpon|2\/100\n|faint|p2a: Whimsicott\n|move|p2b: Ogerpon|Ivy Cudgel|p1b: Chi-Yu|[anim] Ivy Cudgel Rock\n|-supereffective|p1b: Chi-Yu\n|-damage|p1b: Chi-Yu|0 fnt\n|faint|p1b: Chi-Yu\n|\n|-weather|SunnyDay|[upkeep]\n|upkeep\n|j| playrornds\n|c|\u2606test-on-calls|Grast\n|inactive|test-on-calls has 30 seconds left.\n|c|\u2606test-on-calls|Loss #4 due to bs rolls\n|\n|t:|1739418445\n|switch|p2a: Koraidon|Koraidon, L50|100\/100\n|switch|p1b: Whimsicott|Whimsicott, L50, M|100\/100\n|-activate|p2a: Koraidon|ability: Orichalcum Pulse\n|turn|3\n|\n|t:|1739418465\n|-terastallize|p1a: Groudon|Water\n|move|p2a: Koraidon|Protect|p2a: Koraidon\n|-singleturn|p2a: Koraidon|Protect\n|move|p1b: Whimsicott|Moonblast|p2a: Koraidon\n|-activate|p2a: Koraidon|move: Protect\n|move|p2b: Ogerpon|Ivy Cudgel|p1b: Whimsicott|[anim] Ivy Cudgel Rock\n|-crit|p1b: Whimsicott\n|-enditem|p1b: Whimsicott|Focus Sash\n|-damage|p1b: Whimsicott|1\/100\n|move|p1a: Groudon|Precipice Blades|p2b: Ogerpon|[spread] p2b\n|-activate|p2a: Koraidon|move: Protect\n|-supereffective|p2b: Ogerpon\n|-damage|p2b: Ogerpon|0 fnt\n|faint|p2b: Ogerpon\n|\n|-weather|SunnyDay|[upkeep]\n|upkeep\n|j| jonnybouy\n|l| OliviaOlive\n|\n|t:|1739418482\n|switch|p2b: Raging Bolt|Raging Bolt, L50|100\/100\n|-activate|p2b: Raging Bolt|ability: Protosynthesis\n|-start|p2b: Raging Bolt|protosynthesisspa\n|turn|4\n|inactive|Zakmancho has 30 seconds left.\n|\n|t:|1739418514\n|move|p1b: Whimsicott|Encore|p2a: Koraidon\n|-start|p2a: Koraidon|Encore\n|move|p2b: Raging Bolt|Thunderclap|p1a: Groudon\n|-supereffective|p1a: Groudon\n|-crit|p1a: Groudon\n|-damage|p1a: Groudon|8\/100\n|move|p2a: Koraidon|Protect|p2a: Koraidon\n|-singleturn|p2a: Koraidon|Protect\n|move|p1a: Groudon|High Horsepower|p2b: Raging Bolt\n|-supereffective|p2b: Raging Bolt\n|-damage|p2b: Raging Bolt|11\/100\n|\n|-weather|SunnyDay|[upkeep]\n|-sideend|p1: test-on-calls|move: Tailwind\n|-sideend|p2: Zakmancho|move: Tailwind\n|upkeep\n|turn|5\n|inactive|Zakmancho has 30 seconds left.\n|\n|t:|1739418543\n|move|p2a: Koraidon|Protect||[still]\n|-fail|p2a: Koraidon\n|move|p2b: Raging Bolt|Thunderclap|p1a: Groudon\n|-supereffective|p1a: Groudon\n|-damage|p1a: Groudon|0 fnt\n|faint|p1a: Groudon\n|move|p1b: Whimsicott|Moonblast|p2b: Raging Bolt\n|-supereffective|p2b: Raging Bolt\n|-damage|p2b: Raging Bolt|0 fnt\n|faint|p2b: Raging Bolt\n|-end|p2b: Raging Bolt|Protosynthesis|[silent]\n|\n|-weather|SunnyDay|[upkeep]\n|upkeep\n|turn|6\n|\n|t:|1739418553\n|move|p2a: Koraidon|Protect|p2a: Koraidon\n|-singleturn|p2a: Koraidon|Protect\n|move|p1b: Whimsicott|Tailwind|p1b: Whimsicott\n|-sidestart|p1: test-on-calls|move: Tailwind\n|\n|-weather|none\n|-end|p2a: Koraidon|Encore\n|upkeep\n|turn|7\n|\n|t:|1739418566\n|move|p1b: Whimsicott|Moonblast|p2a: Koraidon\n|-supereffective|p2a: Koraidon\n|-damage|p2a: Koraidon|0 fnt\n|faint|p2a: Koraidon\n|\n|win|test-on-calls\n|raw|test-on-calls's rating: 1680 &rarr; <strong>1698<\/strong><br \/>(+18 for winning)\n|raw|Zakmancho's rating: 1637 &rarr; <strong>1619<\/strong><br \/>(-18 for losing)\n|l|\u2606Zakmancho\n|player|p2|\n|l|\u2606test-on-calls\n|player|p1|\n|l| playrornds\n","uploadtime":1739418726,"views":6,"formatid":"gen9vgc2025regg","rating":1619,"private":0,"password":null}