{"id":"gen9vgc2025regg-2299481949","format":"[Gen 9] VGC 2025 Reg G","players":["ArisHazard","zero_the_enforcer"],"log":"|j|\u2606ArisHazard\n|j|\u2606zero_the_enforcer\n|t:|1739383490\n|gametype|doubles\n|player|p1|ArisHazard|169|1582\n|player|p2|zero_the_enforcer|265|1581\n|teamsize|p1|6\n|teamsize|p2|6\n|gen|9\n|tier|[Gen 9] VGC 2025 Reg G\n|rated|\n|rule|Species Clause: Limit one of each Pok\u00e9mon\n|rule|Item Clause: Limit 1 of each item\n|clearpoke\n|poke|p1|Calyrex-Shadow, L50|\n|poke|p1|Scream Tail, L50|\n|poke|p1|Weezing, L50, F|\n|poke|p1|Regigigas, L50|\n|poke|p1|Iron Hands, L50|\n|poke|p1|Urshifu-*, L50, M|\n|poke|p2|Miraidon, L50|\n|poke|p2|Chi-Yu, L50|\n|poke|p2|Whimsicott, L50, F|\n|poke|p2|Farigiraf, L50, M|\n|poke|p2|Iron Hands, L50|\n|poke|p2|Urshifu-*, L50, F|\n|teampreview|4\n|inactive|Battle timer is ON: inactive players will automatically lose when time's up. (requested by ArisHazard)\n|\n|t:|1739383515\n|start\n|switch|p1a: Regigigas|Regigigas, L50|100\/100\n|switch|p1b: Weezing|Weezing, L50, F|100\/100\n|switch|p2a: Miraidon|Miraidon, L50|100\/100\n|switch|p2b: Chi-Yu|Chi-Yu, L50|100\/100\n|-ability|p1b: Weezing|Neutralizing Gas\n|turn|1\n|\n|t:|1739383536\n|move|p1a: Regigigas|Protect|p1a: Regigigas\n|-singleturn|p1a: Regigigas|Protect\n|move|p1b: Weezing|Protect|p1b: Weezing\n|-singleturn|p1b: Weezing|Protect\n|move|p2b: Chi-Yu|Heat Wave|p1b: Weezing|[spread] \n|-activate|p1a: Regigigas|move: Protect\n|-activate|p1b: Weezing|move: Protect\n|move|p2a: Miraidon|Volt Switch|p1b: Weezing\n|-activate|p1b: Weezing|move: Protect\n|\n|upkeep\n|turn|2\n|\n|t:|1739383553\n|move|p2b: Chi-Yu|Heat Wave|p1a: Regigigas|[spread] p1a,p1b\n|-damage|p1a: Regigigas|61\/100\n|-damage|p1b: Weezing|57\/100\n|move|p2a: Miraidon|Volt Switch|p1b: Weezing\n|-damage|p1b: Weezing|1\/100\n|-enditem|p1b: Weezing|Sitrus Berry|[eat]\n|-heal|p1b: Weezing|26\/100|[from] item: Sitrus Berry\n|\n|t:|1739383561\n|switch|p2a: Farigiraf|Farigiraf, L50, M|100\/100|[from] Volt Switch\n|move|p1a: Regigigas|Crush Grip|p2b: Chi-Yu\n|-damage|p2b: Chi-Yu|0 fnt\n|faint|p2b: Chi-Yu\n|-damage|p1a: Regigigas|51\/100|[from] item: Life Orb\n|move|p1b: Weezing|Sludge Bomb|p2a: Farigiraf\n|-damage|p2a: Farigiraf|79\/100\n|\n|upkeep\n|\n|t:|1739383572\n|switch|p2b: Miraidon|Miraidon, L50|100\/100\n|turn|3\n|\n|t:|1739383576\n|move|p2a: Farigiraf|Helping Hand|p2b: Miraidon\n|-singleturn|p2b: Miraidon|Helping Hand|[of] p2a: Farigiraf\n|move|p1a: Regigigas|Protect|p1a: Regigigas\n|-singleturn|p1a: Regigigas|Protect\n|move|p1b: Weezing|Protect|p1b: Weezing\n|-singleturn|p1b: Weezing|Protect\n|move|p2b: Miraidon|Volt Switch|p1a: Regigigas\n|-activate|p1a: Regigigas|move: Protect\n|\n|upkeep\n|turn|4\n|\n|t:|1739383589\n|move|p2b: Miraidon|Volt Switch|p1b: Weezing\n|-damage|p1b: Weezing|0 fnt\n|faint|p1b: Weezing\n|-end|p1b: Weezing|ability: Neutralizing Gas\n|-fieldstart|move: Electric Terrain|[from] ability: Hadron Engine|[of] p2b: Miraidon\n|-enditem|p2a: Farigiraf|Electric Seed\n|-boost|p2a: Farigiraf|def|1|[from] item: Electric Seed\n|-start|p1a: Regigigas|ability: Slow Start\n|\n|t:|1739383597\n|switch|p2b: Iron Hands|Iron Hands, L50|100\/100|[from] Volt Switch\n|-activate|p2b: Iron Hands|ability: Quark Drive\n|-start|p2b: Iron Hands|quarkdriveatk\n|move|p1a: Regigigas|Knock Off|p2a: Farigiraf\n|-supereffective|p2a: Farigiraf\n|-damage|p2a: Farigiraf|54\/100\n|-damage|p1a: Regigigas|42\/100|[from] item: Life Orb\n|move|p2a: Farigiraf|Trick Room|p2a: Farigiraf\n|-fieldstart|move: Trick Room|[of] p2a: Farigiraf\n|\n|upkeep\n|\n|t:|1739383610\n|switch|p1b: Calyrex|Calyrex-Shadow, L50|100\/100\n|-ability|p1b: Calyrex|As One\n|-ability|p1b: Calyrex|Unnerve\n|turn|5\n|\n|t:|1739383624\n|move|p2a: Farigiraf|Bulldoze|p1b: Calyrex|[spread] p2b,p1a,p1b\n|-supereffective|p2b: Iron Hands\n|-damage|p2b: Iron Hands|86\/100\n|-damage|p1a: Regigigas|33\/100\n|-damage|p1b: Calyrex|92\/100\n|-unboost|p2b: Iron Hands|spe|1\n|-unboost|p1a: Regigigas|spe|1\n|-enditem|p2b: Iron Hands|Weakness Policy\n|-boost|p2b: Iron Hands|atk|2|[from] item: Weakness Policy\n|-boost|p2b: Iron Hands|spa|2|[from] item: Weakness Policy\n|move|p2b: Iron Hands|Earthquake|p1a: Regigigas|[spread] p2a,p1a,p1b\n|-damage|p2a: Farigiraf|1\/100\n|-damage|p1a: Regigigas|0 fnt\n|-damage|p1b: Calyrex|14\/100\n|faint|p1a: Regigigas\n|-end|p1a: Regigigas|Slow Start|[silent]\n|move|p1b: Calyrex|Calm Mind|p1b: Calyrex\n|-boost|p1b: Calyrex|spa|1\n|-boost|p1b: Calyrex|spd|1\n|\n|upkeep\n|\n|t:|1739383639\n|switch|p1a: Scream Tail|Scream Tail, L50|100\/100\n|-enditem|p1a: Scream Tail|Booster Energy\n|-activate|p1a: Scream Tail|ability: Protosynthesis|[fromitem]\n|-start|p1a: Scream Tail|protosynthesisspe\n|turn|6\n|\n|t:|1739383652\n|move|p1b: Calyrex|Protect|p1b: Calyrex\n|-singleturn|p1b: Calyrex|Protect\n|move|p2b: Iron Hands|Earthquake|p1a: Scream Tail|[spread] p2a,p1a\n|-activate|p1b: Calyrex|move: Protect\n|-damage|p2a: Farigiraf|0 fnt\n|-damage|p1a: Scream Tail|46\/100\n|faint|p2a: Farigiraf\n|move|p1a: Scream Tail|Dazzling Gleam|p2b: Iron Hands\n|-supereffective|p2b: Iron Hands\n|-damage|p2b: Iron Hands|53\/100\n|\n|upkeep\n|\n|t:|1739383658\n|switch|p2a: Miraidon|Miraidon, L50|100\/100\n|-activate|p2a: Miraidon|ability: Hadron Engine\n|turn|7\n|\n|t:|1739383671\n|-terastallize|p2a: Miraidon|Fairy\n|move|p1b: Calyrex|Protect|p1b: Calyrex\n|-singleturn|p1b: Calyrex|Protect\n|move|p1a: Scream Tail|Protect|p1a: Scream Tail\n|-singleturn|p1a: Scream Tail|Protect\n|move|p2b: Iron Hands|Earthquake|p1b: Calyrex|[spread] p2a\n|-activate|p1a: Scream Tail|move: Protect\n|-activate|p1b: Calyrex|move: Protect\n|-crit|p2a: Miraidon\n|-damage|p2a: Miraidon|0 fnt\n|faint|p2a: Miraidon\n|\n|upkeep\n|turn|8\n|\n|t:|1739383689\n|move|p1a: Scream Tail|Protect|p1a: Scream Tail\n|-singleturn|p1a: Scream Tail|Protect\n|move|p2b: Iron Hands|Earthquake|p1a: Scream Tail|[spread] p1b\n|-activate|p1a: Scream Tail|move: Protect\n|-damage|p1b: Calyrex|0 fnt\n|faint|p1b: Calyrex\n|\n|-fieldend|move: Trick Room\n|-fieldend|move: Electric Terrain\n|-end|p2b: Iron Hands|Quark Drive\n|upkeep\n|turn|9\n|\n|t:|1739383700\n|move|p1a: Scream Tail|Disable|p2b: Iron Hands\n|-start|p2b: Iron Hands|Disable|Earthquake\n|cant|p2b: Iron Hands|Disable|Earthquake\n|\n|upkeep\n|turn|10\n|\n|t:|1739383706\n|move|p1a: Scream Tail|Encore|p2b: Iron Hands\n|-start|p2b: Iron Hands|Encore\n|cant|p2b: Iron Hands|Disable|Earthquake\n|\n|upkeep\n|turn|11\n|\n|t:|1739383710\n|move|p1a: Scream Tail|Dazzling Gleam|p2b: Iron Hands\n|-supereffective|p2b: Iron Hands\n|-damage|p2b: Iron Hands|21\/100\n|-activate|p2b: Iron Hands|move: Struggle\n|move|p2b: Iron Hands|Struggle|p1a: Scream Tail\n|-crit|p1a: Scream Tail\n|-damage|p1a: Scream Tail|3\/100\n|-damage|p2b: Iron Hands|0 fnt|[from] recoil\n|faint|p2b: Iron Hands\n|-end|p2b: Iron Hands|Quark Drive|[silent]\n|\n|win|ArisHazard\n|raw|ArisHazard's rating: 1582 &rarr; <strong>1602<\/strong><br \/>(+20 for winning)\n|raw|zero_the_enforcer's rating: 1581 &rarr; <strong>1561<\/strong><br \/>(-20 for losing)\n|c|\u2606ArisHazard|God try\n|l|\u2606ArisHazard\n|player|p1|\n|l|\u2606zero_the_enforcer\n|player|p2|\n","uploadtime":1739383895,"views":5,"formatid":"gen9vgc2025regg","rating":1561,"private":0,"password":null}