{"id":"gen9vgc2025regg-2299573881","format":"[Gen 9] VGC 2025 Reg G","players":["TeumessianFox","Kunikamaze"],"log":"|j|\u2606TeumessianFox\n|j|\u2606Kunikamaze\n|t:|1739392398\n|gametype|doubles\n|player|p1|TeumessianFox|102|1590\n|player|p2|Kunikamaze|1|1647\n|teamsize|p1|6\n|teamsize|p2|6\n|gen|9\n|tier|[Gen 9] VGC 2025 Reg G\n|rated|\n|rule|Species Clause: Limit one of each Pok\u00e9mon\n|rule|Item Clause: Limit 1 of each item\n|clearpoke\n|poke|p1|Calyrex-Shadow, L50|\n|poke|p1|Chi-Yu, L50|\n|poke|p1|Grimmsnarl, L50, M|\n|poke|p1|Farigiraf, L50, M|\n|poke|p1|Whimsicott, L50, M|\n|poke|p1|Ogerpon-Cornerstone, L50, F|\n|poke|p2|Calyrex-Shadow, L50|\n|poke|p2|Maushold-Four, L50|\n|poke|p2|Weezing-Galar, L50, M|\n|poke|p2|Dondozo, L50, M|\n|poke|p2|Tatsugiri, L50, F|\n|poke|p2|Mienshao, L50, M|\n|teampreview|4\nTeumessianFox rejected open team sheets.\n|inactive|Battle timer is ON: inactive players will automatically lose when time's up. (requested by TeumessianFox)\n|\n|t:|1739392441\n|start\n|switch|p1a: Calyrex|Calyrex-Shadow, L50|100\/100\n|switch|p1b: Grimmsnarl|Grimmsnarl, L50, M|100\/100\n|switch|p2a: Weezing|Weezing-Galar, L50, M|100\/100\n|switch|p2b: Calyrex|Calyrex-Shadow, L50|100\/100\n|-ability|p2a: Weezing|Neutralizing Gas\n|-ability|p2b: Calyrex|As One\n|-ability|p2b: Calyrex|Unnerve\n|-ability|p1a: Calyrex|As One\n|-ability|p1a: Calyrex|Unnerve\n|turn|1\n|\n|t:|1739392464\n|-terastallize|p1a: Calyrex|Ghost\n|move|p1b: Grimmsnarl|Fake Out|p2a: Weezing\n|-damage|p2a: Weezing|91\/100\n|move|p2b: Calyrex|Astral Barrage|p1b: Grimmsnarl|[spread] p1a,p1b\n|-supereffective|p1a: Calyrex\n|-resisted|p1b: Grimmsnarl\n|-enditem|p1a: Calyrex|Focus Sash\n|-damage|p1a: Calyrex|1\/100\n|-damage|p1b: Grimmsnarl|61\/100\n|move|p1a: Calyrex|Astral Barrage|p2b: Calyrex|[spread] p2a,p2b\n|-supereffective|p2b: Calyrex\n|-damage|p2a: Weezing|16\/100\n|-damage|p2b: Calyrex|0 fnt\n|faint|p2b: Calyrex\n|-ability|p1a: Calyrex|Grim Neigh|boost\n|-boost|p1a: Calyrex|spa|1\n|move|p2a: Weezing|Strange Steam|p1b: Grimmsnarl|[miss]\n|-miss|p2a: Weezing|p1b: Grimmsnarl\n|\n|upkeep\n|\n|t:|1739392480\n|switch|p2b: Dondozo|Dondozo, L50, M|100\/100\n|turn|2\n|\n|t:|1739392502\n|-end|p2a: Weezing|ability: Neutralizing Gas\n|switch|p2a: Tatsugiri|Tatsugiri, L50, F|100\/100\n|-activate|p2a: Tatsugiri|ability: Commander|[of] p2b: Dondozo\n|-boost|p2b: Dondozo|atk|2\n|-boost|p2b: Dondozo|spa|2\n|-boost|p2b: Dondozo|spe|2\n|-boost|p2b: Dondozo|def|2\n|-boost|p2b: Dondozo|spd|2\n|move|p1a: Calyrex|Protect|p1a: Calyrex\n|-singleturn|p1a: Calyrex|Protect\n|move|p1b: Grimmsnarl|Thunder Wave|p2b: Dondozo\n|-status|p2b: Dondozo|par\n|cant|p2b: Dondozo|par\n|\n|upkeep\n|turn|3\n|inactive|TeumessianFox has 30 seconds left.\n|\n|t:|1739392532\n|move|p1b: Grimmsnarl|Taunt|p2b: Dondozo\n|-start|p2b: Dondozo|move: Taunt\n|move|p1a: Calyrex|Astral Barrage|p2a: Tatsugiri|[spread] p2b\n|-miss|p1a: Calyrex|p2a: Tatsugiri\n|-damage|p2b: Dondozo|57\/100 par\n|move|p2b: Dondozo|Earthquake|p1b: Grimmsnarl|[spread] p1a,p1b\n|-miss|p2b: Dondozo|p2a: Tatsugiri\n|-damage|p1a: Calyrex|0 fnt\n|-damage|p1b: Grimmsnarl|19\/100\n|-enditem|p1b: Grimmsnarl|Sitrus Berry|[eat]\n|-heal|p1b: Grimmsnarl|44\/100|[from] item: Sitrus Berry\n|faint|p1a: Calyrex\n|\n|-heal|p2b: Dondozo|63\/100 par|[from] item: Leftovers\n|upkeep\n|\n|t:|1739392545\n|switch|p1a: Chi-Yu|Chi-Yu, L50|100\/100\n|-ability|p1a: Chi-Yu|Beads of Ruin\n|turn|4\n|j| ademerald\n|\n|t:|1739392556\n|move|p1a: Chi-Yu|Protect|p1a: Chi-Yu\n|-singleturn|p1a: Chi-Yu|Protect\n|cant|p2b: Dondozo|par\n|move|p1b: Grimmsnarl|Spirit Break|p2b: Dondozo\n|-damage|p2b: Dondozo|52\/100 par\n|-unboost|p2b: Dondozo|spa|1\n|\n|-heal|p2b: Dondozo|59\/100 par|[from] item: Leftovers\n|upkeep\n|turn|5\n|inactive|Kunikamaze has 30 seconds left.\n|inactive|Kunikamaze has 20 seconds left.\n|inactive|Kunikamaze has 15 seconds left.\n|\n|t:|1739392600\n|move|p1a: Chi-Yu|Dark Pulse|p2b: Dondozo\n|-damage|p2b: Dondozo|22\/100 par\n|-damage|p1a: Chi-Yu|90\/100|[from] item: Life Orb\n|move|p2b: Dondozo|Earthquake|p1a: Chi-Yu|[spread] p1a,p1b\n|-miss|p2b: Dondozo|p2a: Tatsugiri\n|-supereffective|p1a: Chi-Yu\n|-damage|p1a: Chi-Yu|0 fnt\n|-damage|p1b: Grimmsnarl|3\/100\n|faint|p1a: Chi-Yu\n|move|p1b: Grimmsnarl|Spirit Break|p2b: Dondozo\n|-damage|p2b: Dondozo|11\/100 par\n|-unboost|p2b: Dondozo|spa|1\n|\n|-heal|p2b: Dondozo|17\/100 par|[from] item: Leftovers\n|-end|p2b: Dondozo|move: Taunt\n|upkeep\n|\n|t:|1739392607\n|switch|p1a: Ogerpon|Ogerpon-Cornerstone, L50, F|100\/100\n|turn|6\n|\n|t:|1739392617\n|move|p1a: Ogerpon|Ivy Cudgel|p2b: Dondozo|[anim] Ivy Cudgel Rock\n|-damage|p2b: Dondozo|0 fnt\n|faint|p2b: Dondozo\n|move|p1b: Grimmsnarl|Spirit Break|p2a: Tatsugiri\n|-supereffective|p2a: Tatsugiri\n|-damage|p2a: Tatsugiri|38\/100\n|-unboost|p2a: Tatsugiri|spa|1\n|\n|upkeep\n|\n|t:|1739392620\n|switch|p2b: Weezing|Weezing-Galar, L50, M|16\/100\n|-ability|p2b: Weezing|Neutralizing Gas\n|turn|7\n|\n|t:|1739392639\n|-terastallize|p2a: Tatsugiri|Steel\n|move|p1a: Ogerpon|Ivy Cudgel|p2b: Weezing|[anim] Ivy Cudgel Rock\n|-damage|p2b: Weezing|0 fnt\n|faint|p2b: Weezing\n|-end|p2b: Weezing|ability: Neutralizing Gas\n|move|p2a: Tatsugiri|Muddy Water|p1a: Ogerpon|[spread] p1b\n|-miss|p2a: Tatsugiri|p1a: Ogerpon\n|-damage|p1b: Grimmsnarl|0 fnt\n|faint|p1b: Grimmsnarl\n|\n|upkeep\n|turn|8\n|c|\u2606Kunikamaze|Missed.\n|\n|t:|1739392660\n|move|p1a: Ogerpon|Spiky Shield|p1a: Ogerpon\n|-singleturn|p1a: Ogerpon|move: Protect\n|move|p2a: Tatsugiri|Counter||[still]\n|-fail|p2a: Tatsugiri\n|\n|upkeep\n|turn|9\n|\n|t:|1739392669\n|move|p1a: Ogerpon|Knock Off|p2a: Tatsugiri\n|-damage|p2a: Tatsugiri|0 fnt\n|-enditem|p2a: Tatsugiri|Assault Vest|[from] move: Knock Off|[of] p1a: Ogerpon\n|faint|p2a: Tatsugiri\n|\n|win|TeumessianFox\n|raw|TeumessianFox's rating: 1590 &rarr; <strong>1613<\/strong><br \/>(+23 for winning)\n|raw|Kunikamaze's rating: 1647 &rarr; <strong>1624<\/strong><br \/>(-23 for losing)\n|c|\u2606TeumessianFox|gg\n|l|\u2606TeumessianFox\n|player|p1|\n|l|\u2606Kunikamaze\n|player|p2|\n|l| ademerald\n","uploadtime":1739392830,"views":21,"formatid":"gen9vgc2025regg","rating":1613,"private":0,"password":null}