{"id":"gen9vgc2025regg-2299045274","format":"[Gen 9] VGC 2025 Reg G","players":["Iamsliverfish","chappell murkroan"],"log":"|j|\u2606Iamsliverfish\n|j|\u2606chappell murkroan\n|t:|1739322841\n|gametype|doubles\n|player|p1|Iamsliverfish|hiker-gen4|1666\n|player|p2|chappell murkroan|caitlin|1620\n|teamsize|p1|6\n|teamsize|p2|6\n|gen|9\n|tier|[Gen 9] VGC 2025 Reg G\n|rated|\n|rule|Species Clause: Limit one of each Pok\u00e9mon\n|rule|Item Clause: Limit 1 of each item\n|clearpoke\n|poke|p1|Calyrex-Shadow, L50|\n|poke|p1|Ursaluna, L50, M|\n|poke|p1|Indeedee-F, L50, F|\n|poke|p1|Ogerpon-Wellspring, L50, F|\n|poke|p1|Tornadus, L50, M|\n|poke|p1|Chi-Yu, L50|\n|poke|p2|Slowking, L50, F|\n|poke|p2|Weezing-Galar, L50, M|\n|poke|p2|Baxcalibur, L50, M|\n|poke|p2|Kyogre, L50|\n|poke|p2|Indeedee-F, L50, F|\n|poke|p2|Smeargle, L50, M|\n|teampreview|4\n|inactive|Battle timer is ON: inactive players will automatically lose when time's up. (requested by chappell murkroan)\n|c|\u2606chappell murkroan|omg\n|c|\u2606chappell murkroan|were you the cosmos guy\n|j| Mwahahacoughcough\n|c|\u2606chappell murkroan|Cosmoem\n|inactive|chappell murkroan has 60 seconds left.\n|c|\u2606Iamsliverfish|yes\n|c|\u2606chappell murkroan|incredible\n|\n|t:|1739322897\n|start\n|switch|p1a: Ogerpon|Ogerpon-Wellspring, L50, F|100\/100\n|switch|p1b: Calyrex|Calyrex-Shadow, L50|100\/100\n|switch|p2a: Kyogre|Kyogre, L50|100\/100\n|switch|p2b: Indeedee|Indeedee-F, L50, F|100\/100\n|-ability|p1b: Calyrex|As One\n|-ability|p1b: Calyrex|Unnerve\n|-weather|RainDance|[from] ability: Drizzle|[of] p2a: Kyogre\n|-fieldstart|move: Psychic Terrain|[from] ability: Psychic Surge|[of] p2b: Indeedee\n|turn|1\n|\n|t:|1739322908\n|-terastallize|p2a: Kyogre|Water\n|move|p1b: Calyrex|Protect|p1b: Calyrex\n|-singleturn|p1b: Calyrex|Protect\n|move|p2b: Indeedee|Follow Me|p2b: Indeedee\n|-singleturn|p2b: Indeedee|move: Follow Me\n|move|p2a: Kyogre|Water Spout|p1a: Ogerpon|[spread] \n|-activate|p1b: Calyrex|move: Protect\n|-immune|p1a: Ogerpon|[from] ability: Water Absorb\n|move|p1a: Ogerpon|Horn Leech|p2b: Indeedee\n|-crit|p2b: Indeedee\n|-damage|p2b: Indeedee|31\/100\n|-damage|p1a: Ogerpon|84\/100|[from] item: Rocky Helmet|[of] p2b: Indeedee\n|\n|-weather|RainDance|[upkeep]\n|upkeep\n|turn|2\n|\n|t:|1739322919\n|switch|p1b: Indeedee|Indeedee-F, L50, F|100\/100\n|move|p2b: Indeedee|Follow Me|p2b: Indeedee\n|-singleturn|p2b: Indeedee|move: Follow Me\n|move|p2a: Kyogre|Water Spout|p1b: Indeedee|[spread] p1b\n|-heal|p1a: Ogerpon|100\/100|[from] ability: Water Absorb|[of] p2a: Kyogre\n|-damage|p1b: Indeedee|0 fnt\n|faint|p1b: Indeedee\n|move|p1a: Ogerpon|Horn Leech|p2b: Indeedee\n|-damage|p2b: Indeedee|0 fnt\n|-damage|p1a: Ogerpon|84\/100|[from] item: Rocky Helmet|[of] p2b: Indeedee\n|faint|p2b: Indeedee\n|\n|-weather|RainDance|[upkeep]\n|upkeep\n|\n|t:|1739322931\n|switch|p1b: Calyrex|Calyrex-Shadow, L50|100\/100\n|switch|p2b: Baxcalibur|Baxcalibur, L50, M|100\/100\n|-ability|p1b: Calyrex|As One\n|-ability|p1b: Calyrex|Unnerve\n|turn|3\n|inactive|Iamsliverfish has 30 seconds left.\n|\n|t:|1739322961\n|switch|p2a: Weezing|Weezing-Galar, L50, M|100\/100\n|-ability|p2a: Weezing|Neutralizing Gas\n|move|p1b: Calyrex|Protect|p1b: Calyrex\n|-singleturn|p1b: Calyrex|Protect\n|move|p1a: Ogerpon|Horn Leech|p2a: Weezing\n|-resisted|p2a: Weezing\n|-damage|p2a: Weezing|78\/100\n|-heal|p1a: Ogerpon|94\/100|[from] drain|[of] p2a: Weezing\n|move|p2b: Baxcalibur|Scale Shot|p1a: Ogerpon\n|-damage|p1a: Ogerpon|76\/100\n|-damage|p1a: Ogerpon|59\/100\n|-damage|p1a: Ogerpon|42\/100\n|-damage|p1a: Ogerpon|24\/100\n|-damage|p1a: Ogerpon|8\/100\n|-hitcount|p1a: Ogerpon|5\n|-unboost|p2b: Baxcalibur|def|1\n|-boost|p2b: Baxcalibur|spe|1\n|\n|-weather|RainDance|[upkeep]\n|upkeep\n|turn|4\n|inactive|chappell murkroan has 30 seconds left.\n|\n|t:|1739322986\n|move|p1a: Ogerpon|Spiky Shield|p1a: Ogerpon\n|-singleturn|p1a: Ogerpon|move: Protect\n|move|p2b: Baxcalibur|Icicle Spear|p1b: Calyrex\n|-damage|p1b: Calyrex|83\/100\n|-damage|p1b: Calyrex|66\/100\n|-damage|p1b: Calyrex|49\/100\n|-damage|p1b: Calyrex|31\/100\n|-damage|p1b: Calyrex|14\/100\n|-hitcount|p1b: Calyrex|5\n|move|p1b: Calyrex|Expanding Force|p2a: Weezing|[spread] p2a,p2b\n|-supereffective|p2a: Weezing\n|-crit|p2a: Weezing\n|-damage|p2a: Weezing|0 fnt\n|-damage|p2b: Baxcalibur|3\/100\n|faint|p2a: Weezing\n|-end|p2a: Weezing|ability: Neutralizing Gas\n|-ability|p1b: Calyrex|Grim Neigh|boost\n|-boost|p1b: Calyrex|spa|1\n|-damage|p1b: Calyrex|4\/100|[from] item: Life Orb\n|\n|-weather|RainDance|[upkeep]\n|upkeep\n|\n|t:|1739322998\n|switch|p2a: Kyogre|Kyogre, L50, tera:Water|100\/100\n|turn|5\n|-message|Iamsliverfish forfeited.\n|\n|win|chappell murkroan\n|raw|Iamsliverfish's rating: 1665 &rarr; <strong>1642<\/strong><br \/>(-23 for losing)\n|raw|chappell murkroan's rating: 1620 &rarr; <strong>1643<\/strong><br \/>(+23 for winning)\n|l|\u2606Iamsliverfish\n|player|p1|\n|l|\u2606chappell murkroan\n|player|p2|\n","uploadtime":1739323245,"views":7,"formatid":"gen9vgc2025regg","rating":1642,"private":0,"password":null}