{"id":"gen9vgc2025regg-2299713220","format":"[Gen 9] VGC 2025 Reg G","players":["Sarfy","massan2580"],"log":"|j|\u2606Sarfy\n|j|\u2606massan2580\n|t:|1739408245\n|gametype|doubles\n|player|p1|Sarfy|adaman|1624\n|player|p2|massan2580|265|1589\n|teamsize|p1|6\n|teamsize|p2|6\n|gen|9\n|tier|[Gen 9] VGC 2025 Reg G\n|rated|\n|rule|Species Clause: Limit one of each Pok\u00e9mon\n|rule|Item Clause: Limit 1 of each item\n|clearpoke\n|poke|p1|Zacian-*, L50|\n|poke|p1|Ditto, L50|\n|poke|p1|Gothitelle, L50, M|\n|poke|p1|Dragonite, L50, M|\n|poke|p1|Chien-Pao, L50|\n|poke|p1|Pelipper, L50, F|\n|poke|p2|Calyrex-Shadow, L50|\n|poke|p2|Grimmsnarl, L50, M|\n|poke|p2|Clefairy, L50, M|\n|poke|p2|Rillaboom, L50, M|\n|poke|p2|Chien-Pao, L50|\n|poke|p2|Dragonite, L50, F|\n|teampreview|4\n|j| playrornds\n|inactive|Battle timer is ON: inactive players will automatically lose when time's up. (requested by massan2580)\n|\n|t:|1739408333\n|start\n|switch|p1a: Dragonite|Dragonite, L50, M|100\/100\n|switch|p1b: Chien-Pao|Chien-Pao, L50|100\/100\n|switch|p2a: Grimmsnarl|Grimmsnarl, L50, M|100\/100\n|switch|p2b: Calyrex|Calyrex-Shadow, L50|100\/100\n|-ability|p2b: Calyrex|As One\n|-ability|p2b: Calyrex|Unnerve\n|-ability|p1b: Chien-Pao|Sword of Ruin\n|turn|1\n|\n|t:|1739408356\n|-terastallize|p1a: Dragonite|Normal\n|move|p1a: Dragonite|Extreme Speed|p2a: Grimmsnarl\n|-damage|p2a: Grimmsnarl|5\/100\n|move|p1b: Chien-Pao|Sucker Punch||[still]\n|-fail|p1b: Chien-Pao\n|move|p2a: Grimmsnarl|Reflect|p2a: Grimmsnarl\n|-sidestart|p2: massan2580|Reflect\n|move|p2b: Calyrex|Nasty Plot|p2b: Calyrex\n|-boost|p2b: Calyrex|spa|2\n|\n|upkeep\n|turn|2\n|inactive|massan2580 has 30 seconds left.\n|\n|t:|1739408383\n|switch|p2a: Clefairy|Clefairy, L50, M|100\/100\n|-terastallize|p2b: Calyrex|Grass\n|move|p1a: Dragonite|Extreme Speed|p2a: Clefairy\n|-damage|p2a: Clefairy|48\/100\n|move|p1b: Chien-Pao|Sucker Punch|p2b: Calyrex\n|-damage|p2b: Calyrex|81\/100\n|move|p2b: Calyrex|Giga Drain|p1b: Chien-Pao\n|-enditem|p1b: Chien-Pao|Focus Sash\n|-damage|p1b: Chien-Pao|1\/100\n|-heal|p2b: Calyrex|100\/100|[from] drain|[of] p1b: Chien-Pao\n|\n|upkeep\n|turn|3\n|inactive|Sarfy has 30 seconds left.\n|inactive|massan2580 has 30 seconds left.\n|inactive|massan2580 has 20 seconds left.\n|\n|t:|1739408420\n|switch|p2a: Grimmsnarl|Grimmsnarl, L50, M|5\/100\n|move|p1b: Chien-Pao|Protect|p1b: Chien-Pao\n|-singleturn|p1b: Chien-Pao|Protect\n|move|p1a: Dragonite|Extreme Speed|p2a: Grimmsnarl\n|-damage|p2a: Grimmsnarl|0 fnt\n|faint|p2a: Grimmsnarl\n|move|p2b: Calyrex|Giga Drain|p1a: Dragonite\n|-damage|p1a: Dragonite|22\/100\n|\n|upkeep\n|\n|t:|1739408426\n|switch|p2a: Rillaboom|Rillaboom, L50, M|100\/100\n|-fieldstart|move: Grassy Terrain|[from] ability: Grassy Surge|[of] p2a: Rillaboom\n|turn|4\n|\n|t:|1739408439\n|move|p2a: Rillaboom|Fake Out|p1a: Dragonite\n|-damage|p1a: Dragonite|1\/100\n|move|p1a: Dragonite|Extreme Speed|p2b: Calyrex\n|-damage|p2b: Calyrex|54\/100\n|move|p1b: Chien-Pao|Sucker Punch|p2b: Calyrex\n|-damage|p2b: Calyrex|28\/100\n|move|p2b: Calyrex|Astral Barrage|p1a: Dragonite|[spread] p1b\n|-immune|p1a: Dragonite\n|-resisted|p1b: Chien-Pao\n|-damage|p1b: Chien-Pao|0 fnt\n|faint|p1b: Chien-Pao\n|-ability|p2b: Calyrex|Grim Neigh|boost\n|-boost|p2b: Calyrex|spa|1\n|\n|-heal|p2b: Calyrex|33\/100|[from] Grassy Terrain\n|-heal|p2b: Calyrex|39\/100|[from] item: Leftovers\n|-heal|p1a: Dragonite|7\/100|[from] Grassy Terrain\n|upkeep\n|\n|t:|1739408450\n|switch|p1b: Zacian|Zacian-Crowned, L50|100\/100\n|-ability|p1b: Zacian|Intrepid Sword|boost\n|-boost|p1b: Zacian|atk|1\n|turn|5\n|inactive|Sarfy has 30 seconds left.\n|\n|t:|1739408480\n|move|p1b: Zacian|Protect|p1b: Zacian\n|-singleturn|p1b: Zacian|Protect\n|move|p2b: Calyrex|Protect|p2b: Calyrex\n|-singleturn|p2b: Calyrex|Protect\n|move|p1a: Dragonite|Extreme Speed|p2b: Calyrex\n|-activate|p2b: Calyrex|move: Protect\n|move|p2a: Rillaboom|High Horsepower|p1b: Zacian\n|-activate|p1b: Zacian|move: Protect\n|\n|-heal|p2b: Calyrex|45\/100|[from] Grassy Terrain\n|-heal|p2b: Calyrex|51\/100|[from] item: Leftovers\n|-heal|p1a: Dragonite|13\/100|[from] Grassy Terrain\n|upkeep\n|turn|6\n|inactive|Sarfy has 30 seconds left.\n|\n|t:|1739408506\n|switch|p2a: Clefairy|Clefairy, L50, M|48\/100\n|move|p1b: Zacian|Protect|p1b: Zacian\n|-singleturn|p1b: Zacian|Protect\n|move|p1a: Dragonite|Extreme Speed|p2b: Calyrex\n|-damage|p2b: Calyrex|24\/100\n|move|p2b: Calyrex|Astral Barrage|p1b: Zacian|[spread] \n|-activate|p1b: Zacian|move: Protect\n|-immune|p1a: Dragonite\n|\n|-heal|p2b: Calyrex|29\/100|[from] Grassy Terrain\n|-heal|p2b: Calyrex|35\/100|[from] item: Leftovers\n|-heal|p1a: Dragonite|19\/100|[from] Grassy Terrain\n|-heal|p2a: Clefairy|54\/100|[from] Grassy Terrain\n|upkeep\n|turn|7\n|\n|t:|1739408526\n|move|p1a: Dragonite|Extreme Speed|p2b: Calyrex\n|-damage|p2b: Calyrex|7\/100\n|move|p2a: Clefairy|Follow Me|p2a: Clefairy\n|-singleturn|p2a: Clefairy|move: Follow Me\n|move|p1b: Zacian|Behemoth Blade|p2a: Clefairy\n|-supereffective|p2a: Clefairy\n|-damage|p2a: Clefairy|0 fnt\n|faint|p2a: Clefairy\n|move|p2b: Calyrex|Astral Barrage|p1b: Zacian|[spread] p1b\n|-immune|p1a: Dragonite\n|-damage|p1b: Zacian|0 fnt\n|faint|p1b: Zacian\n|-ability|p2b: Calyrex|Grim Neigh|boost\n|-boost|p2b: Calyrex|spa|1\n|\n|-heal|p2b: Calyrex|13\/100|[from] Grassy Terrain\n|-heal|p2b: Calyrex|19\/100|[from] item: Leftovers\n|-heal|p1a: Dragonite|26\/100|[from] Grassy Terrain\n|upkeep\n|\n|t:|1739408540\n|switch|p1b: Ditto|Ditto, L50|100\/100\n|switch|p2a: Rillaboom|Rillaboom, L50, M|100\/100\n|-transform|p1b: Ditto|p2a: Rillaboom|[from] ability: Imposter\n|turn|8\n|-message|Sarfy forfeited.\n|\n|win|massan2580\n|raw|Sarfy's rating: 1624 &rarr; <strong>1602<\/strong><br \/>(-22 for losing)\n|raw|massan2580's rating: 1589 &rarr; <strong>1611<\/strong><br \/>(+22 for winning)\n|l|\u2606Sarfy\n|player|p1|\n|l|\u2606massan2580\n|player|p2|\n|l| playrornds\n","uploadtime":1739408815,"views":5,"formatid":"gen9vgc2025regg","rating":1602,"private":0,"password":null}