{"id":"gen9vgc2025regg-2299247069","format":"[Gen 9] VGC 2025 Reg G","players":["kenshin4869","pokequimico"],"log":"|j|\u2606kenshin4869\n|j|\u2606pokequimico\n|t:|1739355631\n|gametype|doubles\n|player|p1|kenshin4869|rosa|1508\n|player|p2|pokequimico|lucas|1551\n|teamsize|p1|6\n|teamsize|p2|6\n|gen|9\n|tier|[Gen 9] VGC 2025 Reg G\n|rated|\n|rule|Species Clause: Limit one of each Pok\u00e9mon\n|rule|Item Clause: Limit 1 of each item\n|clearpoke\n|poke|p1|Miraidon, L50|\n|poke|p1|Farigiraf, L50, M|\n|poke|p1|Iron Hands, L50|\n|poke|p1|Urshifu-*, L50, M|\n|poke|p1|Volcarona, L50, F|\n|poke|p1|Chien-Pao, L50|\n|poke|p2|Terapagos, L50, M|\n|poke|p2|Ogerpon-Hearthflame, L50, F|\n|poke|p2|Smeargle, L50, M|\n|poke|p2|Tornadus, L50, M|\n|poke|p2|Dondozo, L50, M|\n|poke|p2|Tatsugiri-Droopy, L50, F|\n|teampreview|4\n|inactive|Battle timer is ON: inactive players will automatically lose when time's up. (requested by kenshin4869)\n|inactive|kenshin4869 has 60 seconds left.\n|inactive|pokequimico has 60 seconds left.\n|\n|t:|1739355688\n|start\n|switch|p1a: Miraidon|Miraidon, L50|100\/100\n|switch|p1b: Iron Hands|Iron Hands, L50|100\/100\n|switch|p2a: Ogerpon|Ogerpon-Hearthflame, L50, F|100\/100\n|switch|p2b: Terapagos|Terapagos, L50, M|100\/100\n|-activate|p2b: Terapagos|ability: Tera Shift\n|detailschange|p2b: Terapagos|Terapagos-Terastal, L50, M\n|-heal|p2b: Terapagos|100\/100|[silent]\n|-fieldstart|move: Electric Terrain|[from] ability: Hadron Engine|[of] p1a: Miraidon\n|-activate|p1b: Iron Hands|ability: Quark Drive\n|-start|p1b: Iron Hands|quarkdriveatk\n|-ability|p2a: Ogerpon|Mold Breaker\n|turn|1\n|\n|t:|1739355708\n|move|p1b: Iron Hands|Fake Out|p2b: Terapagos\n|-activate|p2b: Terapagos|ability: Tera Shell\n|-resisted|p2b: Terapagos\n|-damage|p2b: Terapagos|92\/100\n|move|p2a: Ogerpon|Follow Me|p2a: Ogerpon\n|-singleturn|p2a: Ogerpon|move: Follow Me\n|move|p1a: Miraidon|Draco Meteor|p2a: Ogerpon\n|-damage|p2a: Ogerpon|2\/100\n|-unboost|p1a: Miraidon|spa|2\n|cant|p2b: Terapagos|flinch\n|\n|upkeep\n|turn|2\n|inactive|pokequimico has 30 seconds left.\n|\n|t:|1739355736\n|move|p1a: Miraidon|Draco Meteor|p2a: Ogerpon\n|-damage|p2a: Ogerpon|0 fnt\n|-unboost|p1a: Miraidon|spa|2\n|faint|p2a: Ogerpon\n|move|p2b: Terapagos|Earth Power|p1a: Miraidon\n|-supereffective|p1a: Miraidon\n|-damage|p1a: Miraidon|20\/100\n|-unboost|p1a: Miraidon|spd|1\n|move|p1b: Iron Hands|Drain Punch|p2b: Terapagos\n|-supereffective|p2b: Terapagos\n|-damage|p2b: Terapagos|0 fnt\n|faint|p2b: Terapagos\n|\n|upkeep\n|\n|t:|1739355741\n|switch|p2a: Dondozo|Dondozo, L50, M|100\/100\n|switch|p2b: Tatsugiri|Tatsugiri-Droopy, L50, F|100\/100\n|-activate|p2b: Tatsugiri|ability: Commander|[of] p2a: Dondozo\n|-boost|p2a: Dondozo|atk|2\n|-boost|p2a: Dondozo|spa|2\n|-boost|p2a: Dondozo|spe|2\n|-boost|p2a: Dondozo|def|2\n|-boost|p2a: Dondozo|spd|2\n|turn|3\n|inactive|kenshin4869 has 30 seconds left.\n|\n|t:|1739355768\n|switch|p1a: Volcarona|Volcarona, L50, F|100\/100\n|-terastallize|p2a: Dondozo|Grass\n|move|p2a: Dondozo|Order Up|p1b: Iron Hands\n|-damage|p1b: Iron Hands|77\/100\n|-boost|p2a: Dondozo|def|1\n|move|p1b: Iron Hands|Low Kick|p2a: Dondozo\n|-damage|p2a: Dondozo|82\/100\n|\n|-heal|p2a: Dondozo|88\/100|[from] item: Leftovers\n|upkeep\n|turn|4\n|\n|t:|1739355793\n|-terastallize|p1a: Volcarona|Water\n|move|p1a: Volcarona|Will-O-Wisp|p2a: Dondozo\n|-status|p2a: Dondozo|brn\n|move|p2a: Dondozo|Yawn|p1a: Volcarona\n|-activate|p1a: Volcarona|move: Electric Terrain\n|move|p1b: Iron Hands|Low Kick|p2a: Dondozo\n|-damage|p2a: Dondozo|70\/100 brn\n|\n|-heal|p2a: Dondozo|76\/100 brn|[from] item: Leftovers\n|-damage|p2a: Dondozo|70\/100 brn|[from] brn\n|upkeep\n|turn|5\n|\n|t:|1739355811\n|move|p1a: Volcarona|Fiery Dance|p2a: Dondozo\n|-supereffective|p2a: Dondozo\n|-damage|p2a: Dondozo|35\/100 brn\n|move|p2a: Dondozo|Order Up|p1a: Volcarona\n|-damage|p1a: Volcarona|83\/100\n|-boost|p2a: Dondozo|def|1\n|move|p1b: Iron Hands|Low Kick|p2a: Dondozo\n|-damage|p2a: Dondozo|21\/100 brn\n|\n|-heal|p2a: Dondozo|27\/100 brn|[from] item: Leftovers\n|-damage|p2a: Dondozo|21\/100 brn|[from] brn\n|-fieldend|move: Electric Terrain\n|-end|p1b: Iron Hands|Quark Drive\n|upkeep\n|turn|6\n|\n|t:|1739355827\n|-end|p1b: Iron Hands|Quark Drive|[silent]\n|switch|p1b: Urshifu|Urshifu-Rapid-Strike, L50, M|100\/100\n|move|p1a: Volcarona|Fiery Dance|p2a: Dondozo\n|-supereffective|p2a: Dondozo\n|-damage|p2a: Dondozo|0 fnt\n|faint|p2a: Dondozo\n|\n|upkeep\n|turn|7\n|-message|pokequimico forfeited.\n|\n|win|kenshin4869\n|raw|kenshin4869's rating: 1508 &rarr; <strong>1530<\/strong><br \/>(+22 for winning)\n|raw|pokequimico's rating: 1551 &rarr; <strong>1529<\/strong><br \/>(-22 for losing)\n|l|\u2606pokequimico\n|player|p2|\n|l|\u2606kenshin4869\n|player|p1|\n","uploadtime":1739356049,"views":7,"formatid":"gen9vgc2025regg","rating":1529,"private":0,"password":null}