{"id":"gen9vgc2025regg-2299557383","format":"[Gen 9] VGC 2025 Reg G","players":["KDR-Alt-711","heyBeteritsVGC"],"log":"|j|\u2606KDR-Alt-711\n|j|\u2606heyBeteritsVGC\n|t:|1739390732\n|gametype|doubles\n|player|p1|KDR-Alt-711|169|1641\n|player|p2|heyBeteritsVGC|265|1577\n|teamsize|p1|6\n|teamsize|p2|6\n|gen|9\n|tier|[Gen 9] VGC 2025 Reg G\n|rated|\n|rule|Species Clause: Limit one of each Pok\u00e9mon\n|rule|Item Clause: Limit 1 of each item\n|clearpoke\n|poke|p1|Whimsicott, L50, F|\n|poke|p1|Entei, L50|\n|poke|p1|Flutter Mane, L50|\n|poke|p1|Groudon, L50|\n|poke|p1|Raging Bolt, L50|\n|poke|p1|Chi-Yu, L50|\n|poke|p2|Dialga-Origin, L50|\n|poke|p2|Raging Bolt, L50|\n|poke|p2|Flutter Mane, L50|\n|poke|p2|Ursaluna, L50, M|\n|poke|p2|Volcarona, L50, M|\n|poke|p2|Smeargle, L50, M|\n|teampreview|4\n|inactive|Battle timer is ON: inactive players will automatically lose when time's up. (requested by heyBeteritsVGC)\n|j| futonkagebunshin\n|inactive|heyBeteritsVGC has 60 seconds left.\n|\n|t:|1739390767\n|start\n|switch|p1a: Flutter Mane|Flutter Mane, L50, shiny|100\/100\n|switch|p1b: Chi-Yu|Chi-Yu, L50|100\/100\n|switch|p2a: Dialga|Dialga-Origin, L50|100\/100\n|switch|p2b: Smeargle|Smeargle, L50, M|100\/100\n|-ability|p1b: Chi-Yu|Beads of Ruin\n|turn|1\n|j| Nabandwhat\n|inactive|KDR-Alt-711 has 30 seconds left.\n|\n|t:|1739390795\n|-terastallize|p1b: Chi-Yu|Ghost\n|move|p2b: Smeargle|Fake Out|p1b: Chi-Yu\n|-immune|p1b: Chi-Yu\n|move|p1b: Chi-Yu|Dark Pulse|p2a: Dialga\n|-damage|p2a: Dialga|59\/100\n|move|p1a: Flutter Mane|Moonblast|p2a: Dialga\n|-damage|p2a: Dialga|0 fnt\n|faint|p2a: Dialga\n|\n|-ability|p2b: Smeargle|Moody|boost\n|-boost|p2b: Smeargle|spa|2\n|-unboost|p2b: Smeargle|def|1\n|upkeep\n|\n|t:|1739390801\n|switch|p2a: Volcarona|Volcarona, L50, M|100\/100\n|turn|2\n|\n|t:|1739390820\n|move|p1b: Chi-Yu|Dark Pulse|p2b: Smeargle\n|-enditem|p2b: Smeargle|Focus Sash\n|-damage|p2b: Smeargle|1\/100\n|move|p1a: Flutter Mane|Moonblast|p2b: Smeargle\n|-damage|p2b: Smeargle|0 fnt\n|faint|p2b: Smeargle\n|move|p2a: Volcarona|Tailwind|p2a: Volcarona\n|-sidestart|p2: heyBeteritsVGC|move: Tailwind\n|\n|upkeep\n|\n|t:|1739390823\n|switch|p2b: Ursaluna|Ursaluna, L50, M|100\/100\n|turn|3\n|\n|t:|1739390833\n|move|p2b: Ursaluna|Protect|p2b: Ursaluna\n|-singleturn|p2b: Ursaluna|Protect\n|move|p2a: Volcarona|Struggle Bug|p1a: Flutter Mane|[spread] p1a,p1b\n|-resisted|p1a: Flutter Mane\n|-resisted|p1b: Chi-Yu\n|-damage|p1a: Flutter Mane|96\/100\n|-damage|p1b: Chi-Yu|91\/100\n|-unboost|p1a: Flutter Mane|spa|1\n|-unboost|p1b: Chi-Yu|spa|1\n|move|p1b: Chi-Yu|Dark Pulse|p2b: Ursaluna\n|-activate|p2b: Ursaluna|move: Protect\n|move|p1a: Flutter Mane|Moonblast|p2b: Ursaluna\n|-activate|p2b: Ursaluna|move: Protect\n|\n|-status|p2b: Ursaluna|brn|[from] item: Flame Orb\n|upkeep\n|turn|4\n|\n|t:|1739390855\n|switch|p1b: Entei|Entei, L50, shiny|100\/100\n|-end|p1a: Flutter Mane|Protosynthesis|[silent]\n|switch|p1a: Groudon|Groudon, L50, shiny|100\/100\n|-weather|SunnyDay|[from] ability: Drought|[of] p1a: Groudon\n|move|p2a: Volcarona|Rage Powder|p2a: Volcarona\n|-singleturn|p2a: Volcarona|move: Rage Powder\n|move|p2b: Ursaluna|Earthquake|p1a: Groudon|[spread] p2a,p1a,p1b\n|-crit|p1a: Groudon\n|-supereffective|p1b: Entei\n|-damage|p2a: Volcarona|33\/100\n|-damage|p1a: Groudon|43\/100\n|-damage|p1b: Entei|0 fnt\n|faint|p1b: Entei\n|\n|-weather|SunnyDay|[upkeep]\n|-damage|p2b: Ursaluna|95\/100 brn|[from] brn\n|upkeep\n|\n|t:|1739390860\n|switch|p1b: Flutter Mane|Flutter Mane, L50, shiny|96\/100\n|-activate|p1b: Flutter Mane|ability: Protosynthesis\n|-start|p1b: Flutter Mane|protosynthesisspe\n|turn|5\n|j| kiabu233\n|\n|t:|1739390884\n|move|p1a: Groudon|Helping Hand|p1b: Flutter Mane\n|-singleturn|p1b: Flutter Mane|Helping Hand|[of] p1a: Groudon\n|move|p1b: Flutter Mane|Dazzling Gleam|p2b: Ursaluna|[spread] p2a,p2b\n|-resisted|p2a: Volcarona\n|-damage|p2a: Volcarona|3\/100\n|-damage|p2b: Ursaluna|26\/100 brn\n|move|p2a: Volcarona|Overheat|p1a: Groudon\n|-damage|p1a: Groudon|0 fnt\n|-unboost|p2a: Volcarona|spa|2\n|faint|p1a: Groudon\n|move|p2b: Ursaluna|Headlong Rush|p1b: Flutter Mane\n|-damage|p1b: Flutter Mane|0 fnt\n|-unboost|p2b: Ursaluna|def|1\n|-unboost|p2b: Ursaluna|spd|1\n|faint|p1b: Flutter Mane\n|-end|p1b: Flutter Mane|Protosynthesis|[silent]\n|\n|-weather|SunnyDay|[upkeep]\n|-damage|p2b: Ursaluna|20\/100 brn|[from] brn\n|-sideend|p2: heyBeteritsVGC|move: Tailwind\n|upkeep\n|\n|t:|1739390890\n|switch|p1b: Chi-Yu|Chi-Yu, L50, tera:Ghost|91\/100\n|-ability|p1b: Chi-Yu|Beads of Ruin\n|turn|6\n|\n|t:|1739390899\n|move|p2a: Volcarona|Rage Powder|p2a: Volcarona\n|-singleturn|p2a: Volcarona|move: Rage Powder\n|move|p1b: Chi-Yu|Snarl|p2b: Ursaluna|[spread] p2a,p2b\n|-damage|p2a: Volcarona|0 fnt\n|-damage|p2b: Ursaluna|0 fnt\n|faint|p2a: Volcarona\n|faint|p2b: Ursaluna\n|\n|win|KDR-Alt-711\n|raw|KDR-Alt-711's rating: 1641 &rarr; <strong>1657<\/strong><br \/>(+16 for winning)\n|raw|heyBeteritsVGC's rating: 1577 &rarr; <strong>1561<\/strong><br \/>(-16 for losing)\n|l|\u2606heyBeteritsVGC\n|player|p2|\n|l|\u2606KDR-Alt-711\n|player|p1|\n|l| Nabandwhat\n|l| kiabu233\n","uploadtime":1739391151,"views":10,"formatid":"gen9vgc2025regg","rating":1561,"private":0,"password":null}