{"id":"gen9vgc2025regg-2299647571","format":"[Gen 9] VGC 2025 Reg G","players":["Jetshavel","girigiripeter"],"log":"|j|\u2606Jetshavel\n|j|\u2606girigiripeter\n|t:|1739400179\n|gametype|doubles\n|player|p1|Jetshavel|265|1505\n|player|p2|girigiripeter|102|1587\n|teamsize|p1|6\n|teamsize|p2|6\n|gen|9\n|tier|[Gen 9] VGC 2025 Reg G\n|rated|\n|rule|Species Clause: Limit one of each Pok\u00e9mon\n|rule|Item Clause: Limit 1 of each item\n|clearpoke\n|poke|p1|Calyrex-Ice, L50|\n|poke|p1|Landorus, L50, M|\n|poke|p1|Amoonguss, L50, M|\n|poke|p1|Urshifu-*, L50, M|\n|poke|p1|Roaring Moon, L50|\n|poke|p1|Ogerpon-Hearthflame, L50, F|\n|poke|p2|Miraidon, L50|\n|poke|p2|Farigiraf, L50, M|\n|poke|p2|Urshifu-*, L50, F|\n|poke|p2|Iron Hands, L50|\n|poke|p2|Incineroar, L50, F|\n|poke|p2|Iron Bundle, L50|\n|teampreview|4\n|\n|t:|1739400235\n|start\n|switch|p1a: Landorus|Landorus, L50, M|100\/100\n|switch|p1b: Ogerpon|Ogerpon-Hearthflame, L50, F|100\/100\n|switch|p2a: Miraidon|Miraidon, L50|100\/100\n|switch|p2b: Iron Bundle|Iron Bundle, L50|100\/100\n|-fieldstart|move: Electric Terrain|[from] ability: Hadron Engine|[of] p2a: Miraidon\n|-activate|p2b: Iron Bundle|ability: Quark Drive\n|-start|p2b: Iron Bundle|quarkdrivespe\n|-ability|p1b: Ogerpon|Mold Breaker\n|turn|1\n|\n|t:|1739400271\n|move|p1a: Landorus|Protect|p1a: Landorus\n|-singleturn|p1a: Landorus|Protect\n|move|p1b: Ogerpon|Spiky Shield|p1b: Ogerpon\n|-singleturn|p1b: Ogerpon|move: Protect\n|move|p2b: Iron Bundle|Freeze-Dry|p1a: Landorus\n|-activate|p1a: Landorus|move: Protect\n|move|p2a: Miraidon|Draco Meteor|p1b: Ogerpon\n|-activate|p1b: Ogerpon|move: Protect\n|\n|upkeep\n|turn|2\n|\n|t:|1739400290\n|switch|p1a: Calyrex|Calyrex-Ice, L50|100\/100\n|-ability|p1a: Calyrex|As One\n|-ability|p1a: Calyrex|Unnerve\n|move|p2b: Iron Bundle|Encore||[still]\n|-fail|p2b: Iron Bundle\n|move|p2a: Miraidon|Draco Meteor|p1b: Ogerpon\n|-damage|p1b: Ogerpon|0 fnt\n|-unboost|p2a: Miraidon|spa|2\n|faint|p1b: Ogerpon\n|\n|upkeep\n|\n|t:|1739400296\n|switch|p1b: Roaring Moon|Roaring Moon, L50|100\/100\n|-enditem|p1b: Roaring Moon|Booster Energy\n|-activate|p1b: Roaring Moon|ability: Protosynthesis|[fromitem]\n|-start|p1b: Roaring Moon|protosynthesisspe\n|turn|3\n|\n|t:|1739400335\n|switch|p2a: Incineroar|Incineroar, L50, F|100\/100\n|-ability|p2a: Incineroar|Intimidate|boost\n|-fail|p1a: Calyrex|unboost|[from] item: Clear Amulet|[of] p1a: Calyrex\n|-unboost|p1b: Roaring Moon|atk|1\n|move|p2b: Iron Bundle|Freeze-Dry|p1b: Roaring Moon\n|-supereffective|p1b: Roaring Moon\n|-damage|p1b: Roaring Moon|42\/100\n|move|p1b: Roaring Moon|Acrobatics|p2b: Iron Bundle\n|-damage|p2b: Iron Bundle|71\/100\n|move|p1a: Calyrex|High Horsepower|p2a: Incineroar\n|-supereffective|p2a: Incineroar\n|-damage|p2a: Incineroar|41\/100\n|-damage|p1a: Calyrex|84\/100|[from] item: Rocky Helmet|[of] p2a: Incineroar\n|\n|upkeep\n|turn|4\n|\n|t:|1739400384\n|move|p2b: Iron Bundle|Encore|p1a: Calyrex\n|-start|p1a: Calyrex|Encore\n|move|p1b: Roaring Moon|Tailwind|p1b: Roaring Moon\n|-sidestart|p1: Jetshavel|move: Tailwind\n|move|p1a: Calyrex|High Horsepower|p2a: Incineroar\n|-supereffective|p2a: Incineroar\n|-damage|p2a: Incineroar|0 fnt\n|-damage|p1a: Calyrex|68\/100|[from] item: Rocky Helmet|[of] p2a: Incineroar\n|faint|p2a: Incineroar\n|-ability|p1a: Calyrex|Chilling Neigh|boost\n|-boost|p1a: Calyrex|atk|1\n|\n|upkeep\n|\n|t:|1739400422\n|switch|p2a: Miraidon|Miraidon, L50|100\/100\n|-activate|p2a: Miraidon|ability: Hadron Engine\n|turn|5\n|\n|t:|1739400442\n|-terastallize|p2a: Miraidon|Fairy\n|move|p1b: Roaring Moon|Knock Off|p2a: Miraidon\n|-resisted|p2a: Miraidon\n|-damage|p2a: Miraidon|86\/100\n|-enditem|p2a: Miraidon|Choice Specs|[from] move: Knock Off|[of] p1b: Roaring Moon\n|move|p2b: Iron Bundle|Freeze-Dry|p1b: Roaring Moon\n|-supereffective|p1b: Roaring Moon\n|-damage|p1b: Roaring Moon|0 fnt\n|faint|p1b: Roaring Moon\n|-end|p1b: Roaring Moon|Protosynthesis|[silent]\n|move|p2a: Miraidon|Volt Switch|p1a: Calyrex\n|-damage|p1a: Calyrex|21\/100\n|\n|t:|1739400455\n|switch|p2a: Urshifu|Urshifu-Rapid-Strike, L50, F|100\/100|[from] Volt Switch\n|move|p1a: Calyrex|High Horsepower|p2b: Iron Bundle\n|-damage|p2b: Iron Bundle|0 fnt\n|faint|p2b: Iron Bundle\n|-end|p2b: Iron Bundle|Quark Drive|[silent]\n|-ability|p1a: Calyrex|Chilling Neigh|boost\n|-boost|p1a: Calyrex|atk|1\n|\n|-fieldend|move: Electric Terrain\n|upkeep\n|\n|t:|1739400467\n|switch|p2b: Miraidon|Miraidon, L50, tera:Fairy|86\/100\n|switch|p1b: Landorus|Landorus, L50, M|100\/100\n|-fieldstart|move: Electric Terrain|[from] ability: Hadron Engine|[of] p2b: Miraidon\n|turn|6\n|\n|t:|1739400494\n|move|p1b: Landorus|Earth Power|p2a: Urshifu\n|-crit|p2a: Urshifu\n|-damage|p2a: Urshifu|0 fnt\n|faint|p2a: Urshifu\n|move|p2b: Miraidon|Draco Meteor|p1b: Landorus|[miss]\n|-miss|p2b: Miraidon|p1b: Landorus\n|move|p1a: Calyrex|High Horsepower|p2b: Miraidon\n|-damage|p2b: Miraidon|15\/100\n|\n|-end|p1a: Calyrex|Encore\n|upkeep\n|turn|7\n|\n|t:|1739400509\n|move|p1b: Landorus|Sludge Bomb|p2b: Miraidon\n|-supereffective|p2b: Miraidon\n|-damage|p2b: Miraidon|0 fnt\n|faint|p2b: Miraidon\n|\n|win|Jetshavel\n|raw|Jetshavel's rating: 1505 &rarr; <strong>1530<\/strong><br \/>(+25 for winning)\n|raw|girigiripeter's rating: 1587 &rarr; <strong>1562<\/strong><br \/>(-25 for losing)\n|l|\u2606Jetshavel\n|player|p1|\n|l|\u2606girigiripeter\n|player|p2|\n","uploadtime":1739400659,"views":5,"formatid":"gen9vgc2025regg","rating":1530,"private":0,"password":null}