{"id":"gen9vgc2025regg-2299869948","format":"[Gen 9] VGC 2025 Reg G","players":["Read Book","xiaoliyun.official"],"log":"|j|\u203dRead Book\n|j|\u2606xiaoliyun.official\n|t:|1739432543\n|gametype|doubles\n|player|p1|Read Book|1|1573\n|player|p2|xiaoliyun.official|gloria-league|1526\n|teamsize|p1|6\n|teamsize|p2|6\n|gen|9\n|tier|[Gen 9] VGC 2025 Reg G\n|rated|\n|rule|Species Clause: Limit one of each Pok\u00e9mon\n|rule|Item Clause: Limit 1 of each item\n|clearpoke\n|poke|p1|Calyrex-Shadow, L50|\n|poke|p1|Rillaboom, L50, F|\n|poke|p1|Urshifu-*, L50, M|\n|poke|p1|Clefairy, L50, F|\n|poke|p1|Incineroar, L50, M|\n|poke|p1|Tornadus, L50, M|\n|poke|p2|Kyogre, L50|\n|poke|p2|Incineroar, L50, F|\n|poke|p2|Wo-Chien, L50|\n|poke|p2|Grimmsnarl, L50, M|\n|poke|p2|Urshifu-*, L50, M|\n|poke|p2|Iron Jugulis, L50|\n|teampreview|4\n|inactive|Battle timer is ON: inactive players will automatically lose when time's up. (requested by xiaoliyun.official)\n|inactive|Read Book has 60 seconds left.\n|inactive|xiaoliyun.official has 60 seconds left.\n|\n|t:|1739432586\n|start\n|switch|p1a: Calyrex|Calyrex-Shadow, L50|100\/100\n|switch|p1b: Incineroar|Incineroar, L50, M|100\/100\n|switch|p2a: Kyogre|Kyogre, L50|100\/100\n|switch|p2b: Urshifu|Urshifu-Rapid-Strike, L50, M|100\/100\n|-ability|p1a: Calyrex|As One\n|-ability|p1a: Calyrex|Unnerve\n|-weather|RainDance|[from] ability: Drizzle|[of] p2a: Kyogre\n|-ability|p1b: Incineroar|Intimidate|boost\n|-unboost|p2a: Kyogre|atk|1\n|-unboost|p2b: Urshifu|atk|1\n|turn|1\n|inactive|Read Book has 30 seconds left.\n|inactive|Read Book has 20 seconds left.\n|inactive|Read Book has 15 seconds left.\n|inactive|Read Book has 10 seconds left.\n|inactive|Read Book has 5 seconds left.\n|\n|t:|1739432640\n|-terastallize|p2b: Urshifu|Ghost\n|-terastallize|p1b: Incineroar|Grass\n|move|p1b: Incineroar|Fake Out|p2b: Urshifu\n|-immune|p2b: Urshifu\n|move|p2b: Urshifu|Surging Strikes|p1a: Calyrex\n|-crit|p1a: Calyrex\n|-damage|p1a: Calyrex|70\/100\n|-crit|p1a: Calyrex\n|-damage|p1a: Calyrex|40\/100\n|-crit|p1a: Calyrex\n|-damage|p1a: Calyrex|6\/100\n|-hitcount|p1a: Calyrex|3\n|move|p1a: Calyrex|Astral Barrage|p2b: Urshifu|[spread] p2a,p2b\n|-supereffective|p2b: Urshifu\n|-damage|p2a: Kyogre|80\/100\n|-damage|p2b: Urshifu|0 fnt\n|faint|p2b: Urshifu\n|-ability|p1a: Calyrex|Grim Neigh|boost\n|-boost|p1a: Calyrex|spa|1\n|move|p2a: Kyogre|Water Spout|p1b: Incineroar|[spread] p1a,p1b\n|-resisted|p1b: Incineroar\n|-crit|p1b: Incineroar\n|-damage|p1a: Calyrex|0 fnt\n|-damage|p1b: Incineroar|50\/100\n|faint|p1a: Calyrex\n|\n|-weather|RainDance|[upkeep]\n|upkeep\n|inactive|Read Book has 30 seconds left.\n|\n|t:|1739432669\n|switch|p1a: Rillaboom|Rillaboom, L50, F|100\/100\n|switch|p2b: Grimmsnarl|Grimmsnarl, L50, M|100\/100\n|-fieldstart|move: Grassy Terrain|[from] ability: Grassy Surge|[of] p1a: Rillaboom\n|turn|2\n|\n|t:|1739432687\n|switch|p2a: Wo-Chien|Wo-Chien, L50|100\/100\n|-ability|p2a: Wo-Chien|Tablets of Ruin\n|move|p2b: Grimmsnarl|Thunder Wave|p1a: Rillaboom\n|-status|p1a: Rillaboom|par\n|move|p1b: Incineroar|Will-O-Wisp|p2b: Grimmsnarl\n|-status|p2b: Grimmsnarl|brn\n|move|p1a: Rillaboom|Wood Hammer|p2a: Wo-Chien\n|-resisted|p2a: Wo-Chien\n|-damage|p2a: Wo-Chien|75\/100\n|-damage|p1a: Rillaboom|92\/100 par|[from] Recoil\n|\n|-weather|RainDance|[upkeep]\n|-heal|p2a: Wo-Chien|82\/100|[from] Grassy Terrain\n|-heal|p2a: Wo-Chien|88\/100|[from] item: Leftovers\n|-heal|p1b: Incineroar|56\/100|[from] Grassy Terrain\n|-heal|p1a: Rillaboom|98\/100 par|[from] Grassy Terrain\n|-damage|p2b: Grimmsnarl|94\/100 brn|[from] brn\n|upkeep\n|turn|3\n|inactive|Read Book has 30 seconds left.\n|\n|t:|1739432714\n|move|p2b: Grimmsnarl|Reflect|p2b: Grimmsnarl\n|-sidestart|p2: xiaoliyun.official|Reflect\n|move|p2a: Wo-Chien|Pollen Puff|p1b: Incineroar\n|-supereffective|p1b: Incineroar\n|-damage|p1b: Incineroar|16\/100\n|move|p1b: Incineroar|Knock Off|p2a: Wo-Chien\n|-resisted|p2a: Wo-Chien\n|-damage|p2a: Wo-Chien|81\/100\n|-enditem|p2a: Wo-Chien|Leftovers|[from] move: Knock Off|[of] p1b: Incineroar\n|cant|p1a: Rillaboom|par\n|\n|-weather|RainDance|[upkeep]\n|-heal|p2a: Wo-Chien|87\/100|[from] Grassy Terrain\n|-heal|p1b: Incineroar|22\/100|[from] Grassy Terrain\n|-heal|p2b: Grimmsnarl|100\/100 brn|[from] Grassy Terrain\n|-heal|p1a: Rillaboom|100\/100 par|[from] Grassy Terrain\n|-damage|p2b: Grimmsnarl|94\/100 brn|[from] brn\n|upkeep\n|turn|4\n|\n|t:|1739432738\n|move|p2b: Grimmsnarl|Thunder Wave|p1b: Incineroar\n|-status|p1b: Incineroar|par\n|move|p2a: Wo-Chien|Pollen Puff|p1b: Incineroar\n|-supereffective|p1b: Incineroar\n|-damage|p1b: Incineroar|0 fnt\n|faint|p1b: Incineroar\n|move|p1a: Rillaboom|U-turn|p2a: Wo-Chien\n|-supereffective|p2a: Wo-Chien\n|-damage|p2a: Wo-Chien|48\/100\n|\n|t:|1739432744\n|switch|p1a: Urshifu|Urshifu-Rapid-Strike, L50, M|100\/100|[from] U-turn\n|\n|-weather|RainDance|[upkeep]\n|-heal|p2a: Wo-Chien|54\/100|[from] Grassy Terrain\n|-heal|p2b: Grimmsnarl|100\/100 brn|[from] Grassy Terrain\n|-damage|p2b: Grimmsnarl|94\/100 brn|[from] brn\n|upkeep\n|\n|t:|1739432747\n|switch|p1b: Rillaboom|Rillaboom, L50, F|100\/100 par\n|turn|5\n|\n|t:|1739432757\n|cant|p1b: Rillaboom|par\n|move|p2b: Grimmsnarl|Thunder Wave|p1a: Urshifu\n|-status|p1a: Urshifu|par\n|move|p2a: Wo-Chien|Leech Seed|p1a: Urshifu|[miss]\n|-miss|p2a: Wo-Chien|p1a: Urshifu\n|move|p1a: Urshifu|Close Combat|p2a: Wo-Chien\n|-supereffective|p2a: Wo-Chien\n|-damage|p2a: Wo-Chien|2\/100\n|-unboost|p1a: Urshifu|def|1\n|-unboost|p1a: Urshifu|spd|1\n|\n|-weather|none\n|-heal|p2a: Wo-Chien|8\/100|[from] Grassy Terrain\n|-heal|p2b: Grimmsnarl|100\/100 brn|[from] Grassy Terrain\n|-damage|p2b: Grimmsnarl|94\/100 brn|[from] brn\n|upkeep\n|turn|6\n|\n|t:|1739432779\n|move|p2a: Wo-Chien|Pollen Puff|p1b: Rillaboom\n|-supereffective|p1b: Rillaboom\n|-damage|p1b: Rillaboom|68\/100 par\n|cant|p1a: Urshifu|par\n|move|p2b: Grimmsnarl|Spirit Break|p1a: Urshifu\n|-supereffective|p1a: Urshifu\n|-damage|p1a: Urshifu|63\/100 par\n|-unboost|p1a: Urshifu|spa|1\n|cant|p1b: Rillaboom|par\n|\n|-heal|p2a: Wo-Chien|15\/100|[from] Grassy Terrain\n|-heal|p1a: Urshifu|69\/100 par|[from] Grassy Terrain\n|-heal|p2b: Grimmsnarl|100\/100 brn|[from] Grassy Terrain\n|-heal|p1b: Rillaboom|74\/100 par|[from] Grassy Terrain\n|-damage|p2b: Grimmsnarl|94\/100 brn|[from] brn\n|-fieldend|move: Grassy Terrain\n|upkeep\n|turn|7\n|\n|t:|1739432795\n|move|p2a: Wo-Chien|Leech Seed|p1a: Urshifu\n|-start|p1a: Urshifu|move: Leech Seed\n|move|p1a: Urshifu|Close Combat|p2a: Wo-Chien\n|-supereffective|p2a: Wo-Chien\n|-damage|p2a: Wo-Chien|0 fnt\n|-unboost|p1a: Urshifu|def|1\n|-unboost|p1a: Urshifu|spd|1\n|faint|p2a: Wo-Chien\n|move|p2b: Grimmsnarl|Spirit Break|p1a: Urshifu\n|-supereffective|p1a: Urshifu\n|-damage|p1a: Urshifu|12\/100 par\n|-unboost|p1a: Urshifu|spa|1\n|move|p1b: Rillaboom|Wood Hammer|p2b: Grimmsnarl\n|-damage|p2b: Grimmsnarl|53\/100 brn\n|-damage|p1b: Rillaboom|61\/100 par|[from] Recoil\n|\n|-damage|p2b: Grimmsnarl|47\/100 brn|[from] brn\n|upkeep\n|\n|t:|1739432809\n|switch|p2a: Kyogre|Kyogre, L50|80\/100\n|-weather|RainDance|[from] ability: Drizzle|[of] p2a: Kyogre\n|turn|8\n|\n|t:|1739432817\n|move|p2a: Kyogre|Ice Beam|p1b: Rillaboom\n|-supereffective|p1b: Rillaboom\n|-damage|p1b: Rillaboom|9\/100 par\n|move|p1a: Urshifu|Close Combat|p2a: Kyogre\n|-damage|p2a: Kyogre|45\/100\n|-unboost|p1a: Urshifu|def|1\n|-unboost|p1a: Urshifu|spd|1\n|move|p2b: Grimmsnarl|Spirit Break|p1a: Urshifu\n|-supereffective|p1a: Urshifu\n|-damage|p1a: Urshifu|0 fnt\n|faint|p1a: Urshifu\n|move|p1b: Rillaboom|Wood Hammer|p2a: Kyogre\n|-supereffective|p2a: Kyogre\n|-damage|p2a: Kyogre|0 fnt\n|faint|p2a: Kyogre\n|-damage|p1b: Rillaboom|0 fnt|[from] Recoil\n|faint|p1b: Rillaboom\n|\n|win|xiaoliyun.official\n|raw|Read Book's rating: 1573 &rarr; <strong>1550<\/strong><br \/>(-23 for losing)\n|raw|xiaoliyun.official's rating: 1526 &rarr; <strong>1549<\/strong><br \/>(+23 for winning)\n|l|\u203dRead Book\n|player|p1|\n|l|\u2606xiaoliyun.official\n|player|p2|\n","uploadtime":1739432977,"views":4,"formatid":"gen9vgc2025regg","rating":1549,"private":0,"password":null}