{"id":"gen9vgc2025regg-2299725195","format":"[Gen 9] VGC 2025 Reg G","players":["Sarfy","Terry kloak"],"log":"|j|\u2606Sarfy\n|j|\u2606Terry kloak\n|t:|1739409772\n|gametype|doubles\n|player|p1|Sarfy|adaman|1626\n|player|p2|Terry kloak|266|1556\n|teamsize|p1|6\n|teamsize|p2|6\n|gen|9\n|tier|[Gen 9] VGC 2025 Reg G\n|rated|\n|rule|Species Clause: Limit one of each Pok\u00e9mon\n|rule|Item Clause: Limit 1 of each item\n|clearpoke\n|poke|p1|Zacian-*, L50|\n|poke|p1|Ditto, L50|\n|poke|p1|Gothitelle, L50, M|\n|poke|p1|Dragonite, L50, M|\n|poke|p1|Chien-Pao, L50|\n|poke|p1|Pelipper, L50, F|\n|poke|p2|Zacian-*, L50|\n|poke|p2|Whimsicott, L50, M|\n|poke|p2|Milotic, L50, M|\n|poke|p2|Raging Bolt, L50|\n|poke|p2|Landorus, L50, M|\n|poke|p2|Incineroar, L50, F|\n|teampreview|4\nTerry kloak has agreed to open team sheets.\n|\n|t:|1739409841\n|start\n|switch|p1a: Pelipper|Pelipper, L50, F|100\/100\n|switch|p1b: Gothitelle|Gothitelle, L50, M|100\/100\n|switch|p2a: Incineroar|Incineroar, L50, F|100\/100\n|switch|p2b: Landorus|Landorus, L50, M|100\/100\n|-weather|RainDance|[from] ability: Drizzle|[of] p1a: Pelipper\n|-ability|p2a: Incineroar|Intimidate|boost\n|-unboost|p1a: Pelipper|atk|1\n|-unboost|p1b: Gothitelle|atk|1\n|turn|1\n|inactive|Battle timer is ON: inactive players will automatically lose when time's up. (requested by Terry kloak)\n|\n|t:|1739409860\n|move|p2a: Incineroar|Fake Out|p1a: Pelipper\n|-damage|p1a: Pelipper|85\/100\n|move|p2b: Landorus|U-turn|p1b: Gothitelle\n|-supereffective|p1b: Gothitelle\n|-damage|p1b: Gothitelle|67\/100\n|-damage|p2b: Landorus|84\/100|[from] item: Rocky Helmet|[of] p1b: Gothitelle\n|\n|t:|1739409867\n|switch|p2b: Raging Bolt|Raging Bolt, L50|100\/100|[from] U-turn\n|move|p1a: Pelipper|Weather Ball|p2a: Incineroar\n|-supereffective|p2a: Incineroar\n|-damage|p2a: Incineroar|0 fnt\n|faint|p2a: Incineroar\n|move|p1b: Gothitelle|Trick Room|p1b: Gothitelle\n|-fieldstart|move: Trick Room|[of] p1b: Gothitelle\n|\n|-weather|RainDance|[upkeep]\n|upkeep\n|\n|t:|1739409877\n|switch|p2a: Zacian|Zacian-Crowned, L50|100\/100\n|-ability|p2a: Zacian|Intrepid Sword|boost\n|-boost|p2a: Zacian|atk|1\n|turn|2\n|inactive|Sarfy has 30 seconds left.\n|inactive|Sarfy has 20 seconds left.\n|inactive|Sarfy has 15 seconds left.\n|inactive|Sarfy has 10 seconds left.\n|\n|t:|1739409924\n|-terastallize|p1b: Gothitelle|Water\n|move|p2a: Zacian|Protect|p2a: Zacian\n|-singleturn|p2a: Zacian|Protect\n|move|p2b: Raging Bolt|Snarl|p1a: Pelipper|[spread] p1a,p1b\n|-damage|p1a: Pelipper|59\/100\n|-damage|p1b: Gothitelle|55\/100\n|-unboost|p1b: Gothitelle|spa|1\n|move|p1a: Pelipper|Weather Ball|p2a: Zacian\n|-activate|p2a: Zacian|move: Protect\n|move|p1b: Gothitelle|Trick Room|p1b: Gothitelle\n|-fieldend|move: Trick Room\n|\n|-weather|RainDance|[upkeep]\n|upkeep\n|turn|3\n|\n|t:|1739409948\n|move|p2b: Raging Bolt|Thunderclap||[still]\n|-fail|p2b: Raging Bolt\n|move|p2a: Zacian|Play Rough|p1b: Gothitelle\n|-damage|p1b: Gothitelle|0 fnt\n|-damage|p2a: Zacian|84\/100|[from] item: Rocky Helmet|[of] p1b: Gothitelle\n|faint|p1b: Gothitelle\n|move|p1a: Pelipper|Tailwind|p1a: Pelipper\n|-sidestart|p1: Sarfy|move: Tailwind\n|\n|-weather|RainDance|[upkeep]\n|upkeep\n|\n|t:|1739409954\n|switch|p1b: Ditto|Ditto, L50|100\/100\n|-transform|p1b: Ditto|p2a: Zacian|[from] ability: Imposter\n|-ability|p1b: Ditto|Intrepid Sword|boost\n|-boost|p1b: Ditto|atk|1\n|turn|4\n|inactive|Sarfy has 30 seconds left.\n|inactive|Terry kloak has 30 seconds left.\n|inactive|Sarfy has 20 seconds left.\n|inactive|Sarfy has 15 seconds left.\n|\n|t:|1739409996\n|-terastallize|p2a: Zacian|Water\n|move|p2b: Raging Bolt|Thunderclap|p1b: Ditto\n|-damage|p1b: Ditto|57\/100\n|move|p1b: Ditto|Play Rough|p2b: Raging Bolt|[miss]\n|-miss|p1b: Ditto|p2b: Raging Bolt\n|move|p1a: Pelipper|Tailwind||[still]\n|-fail|p1a: Pelipper\n|move|p2a: Zacian|Behemoth Blade|p1b: Ditto\n|-damage|p1b: Ditto|0 fnt\n|faint|p1b: Ditto\n|\n|-weather|RainDance|[upkeep]\n|upkeep\n|\n|t:|1739410007\n|switch|p1b: Zacian|Zacian-Crowned, L50|100\/100\n|-ability|p1b: Zacian|Intrepid Sword|boost\n|-boost|p1b: Zacian|atk|1\n|turn|5\n|inactive|Sarfy has 30 seconds left.\n|\n|t:|1739410034\n|move|p1a: Pelipper|Wide Guard|p1a: Pelipper\n|-singleturn|p1a: Pelipper|Wide Guard\n|move|p2b: Raging Bolt|Thunderclap|p1b: Zacian\n|-damage|p1b: Zacian|61\/100\n|move|p1b: Zacian|Play Rough|p2a: Zacian\n|-damage|p2a: Zacian|24\/100\n|move|p2a: Zacian|Behemoth Blade|p1b: Zacian\n|-damage|p1b: Zacian|0 fnt\n|faint|p1b: Zacian\n|\n|-weather|none\n|upkeep\n|turn|6\n|-message|Sarfy forfeited.\n|\n|win|Terry kloak\n|raw|Sarfy's rating: 1626 &rarr; <strong>1602<\/strong><br \/>(-24 for losing)\n|raw|Terry kloak's rating: 1556 &rarr; <strong>1580<\/strong><br \/>(+24 for winning)\n|l|\u2606Sarfy\n|player|p1|\n","uploadtime":1739410212,"views":26,"formatid":"gen9vgc2025regg","rating":1580,"private":0,"password":null}