{"id":"gen9vgc2025regg-2299600615","format":"[Gen 9] VGC 2025 Reg G","players":["pokequimico","Jameson Murray"],"log":"|j|\u2606pokequimico\n|j|\u2606Jameson Murray\n|t:|1739395120\n|gametype|doubles\n|player|p1|pokequimico|lucas|1625\n|player|p2|Jameson Murray|elesa|1577\n|teamsize|p1|6\n|teamsize|p2|6\n|gen|9\n|tier|[Gen 9] VGC 2025 Reg G\n|rated|\n|rule|Species Clause: Limit one of each Pok\u00e9mon\n|rule|Item Clause: Limit 1 of each item\n|clearpoke\n|poke|p1|Terapagos, L50, M|\n|poke|p1|Ogerpon-Hearthflame, L50, F|\n|poke|p1|Smeargle, L50, F|\n|poke|p1|Tornadus, L50, M|\n|poke|p1|Landorus, L50, M|\n|poke|p1|Raichu, L50, M|\n|poke|p2|Groudon, L50|\n|poke|p2|Flutter Mane, L50|\n|poke|p2|Jumpluff, L50, F|\n|poke|p2|Mienshao, L50, F|\n|poke|p2|Raging Bolt, L50|\n|poke|p2|Gouging Fire, L50|\n|teampreview|4\n|inactive|Battle timer is ON: inactive players will automatically lose when time's up. (requested by Jameson Murray)\n|\n|t:|1739395150\n|start\n|switch|p1a: Smeargle|Smeargle, L50, F|100\/100\n|switch|p1b: Terapagos|Terapagos, L50, M|100\/100\n|switch|p2a: Mienshao|Mienshao, L50, F, shiny|100\/100\n|switch|p2b: Flutter Mane|Flutter Mane, L50, shiny|100\/100\n|-activate|p1b: Terapagos|ability: Tera Shift\n|detailschange|p1b: Terapagos|Terapagos-Terastal, L50, M\n|-heal|p1b: Terapagos|100\/100|[silent]\n|turn|1\n|j| DoR186\n|\n|t:|1739395167\n|-terastallize|p1b: Terapagos|Stellar\n|detailschange|p1b: Terapagos|Terapagos-Stellar, L50, M, tera:Stellar\n|-heal|p1b: Terapagos|100\/100|[silent]\n|move|p2a: Mienshao|Fake Out|p1a: Smeargle\n|-damage|p1a: Smeargle|75\/100\n|move|p2b: Flutter Mane|Icy Wind|p1a: Smeargle|[spread] p1a,p1b\n|-damage|p1a: Smeargle|27\/100\n|-damage|p1b: Terapagos|89\/100\n|-unboost|p1a: Smeargle|spe|1\n|-unboost|p1b: Terapagos|spe|1\n|-damage|p2b: Flutter Mane|91\/100|[from] item: Life Orb\n|cant|p1a: Smeargle|flinch\n|move|p1b: Terapagos|Tera Starstorm|p2a: Mienshao|[spread] p2a,p2b\n|-enditem|p2a: Mienshao|Focus Sash\n|-damage|p2a: Mienshao|1\/100\n|-damage|p2b: Flutter Mane|35\/100\n|\n|-ability|p1a: Smeargle|Moody|boost\n|-boost|p1a: Smeargle|spd|2\n|-unboost|p1a: Smeargle|spe|1\n|upkeep\n|turn|2\n|l| DoR186\n|inactive|Jameson Murray has 30 seconds left.\n|inactive|Jameson Murray has 20 seconds left.\n|\n|t:|1739395204\n|move|p1a: Smeargle|Follow Me|p1a: Smeargle\n|-singleturn|p1a: Smeargle|move: Follow Me\n|move|p2b: Flutter Mane|Moonblast|p1a: Smeargle\n|-damage|p1a: Smeargle|0 fnt\n|faint|p1a: Smeargle\n|-damage|p2b: Flutter Mane|25\/100|[from] item: Life Orb\n|move|p2a: Mienshao|Close Combat|p1b: Terapagos\n|-supereffective|p1b: Terapagos\n|-damage|p1b: Terapagos|12\/100\n|-unboost|p2a: Mienshao|def|1\n|-unboost|p2a: Mienshao|spd|1\n|move|p1b: Terapagos|Tera Starstorm|p2b: Flutter Mane|[spread] p2a,p2b\n|-damage|p2a: Mienshao|0 fnt\n|-damage|p2b: Flutter Mane|0 fnt\n|faint|p2a: Mienshao\n|faint|p2b: Flutter Mane\n|-end|p2b: Flutter Mane|Protosynthesis|[silent]\n|\n|upkeep\n|\n|t:|1739395215\n|switch|p2b: Groudon|Groudon, L50|100\/100\n|switch|p2a: Gouging Fire|Gouging Fire, L50|100\/100\n|switch|p1a: Tornadus|Tornadus, L50, M|100\/100\n|-weather|SunnyDay|[from] ability: Drought|[of] p2b: Groudon\n|-activate|p2a: Gouging Fire|ability: Protosynthesis\n|-start|p2a: Gouging Fire|protosynthesisspe\n|turn|3\n|\n|t:|1739395231\n|switch|p1b: Ogerpon|Ogerpon-Hearthflame, L50, F|100\/100\n|-ability|p1b: Ogerpon|Mold Breaker\n|move|p1a: Tornadus|Tailwind|p1a: Tornadus\n|-sidestart|p1: pokequimico|move: Tailwind\n|move|p2a: Gouging Fire|Flare Blitz|p1b: Ogerpon\n|-damage|p1b: Ogerpon|45\/100\n|-damage|p2a: Gouging Fire|84\/100|[from] Recoil\n|move|p2b: Groudon|Swords Dance|p2b: Groudon\n|-boost|p2b: Groudon|atk|2\n|\n|-weather|SunnyDay|[upkeep]\n|upkeep\n|turn|4\n|\n|t:|1739395250\n|move|p1b: Ogerpon|Spiky Shield|p1b: Ogerpon\n|-singleturn|p1b: Ogerpon|move: Protect\n|move|p2b: Groudon|Protect|p2b: Groudon\n|-singleturn|p2b: Groudon|Protect\n|move|p1a: Tornadus|Bleakwind Storm|p2a: Gouging Fire|[spread] p2a\n|-activate|p2b: Groudon|move: Protect\n|-damage|p2a: Gouging Fire|57\/100\n|-unboost|p2a: Gouging Fire|spe|1\n|move|p2a: Gouging Fire|Flare Blitz|p1a: Tornadus\n|-damage|p1a: Tornadus|19\/100\n|-damage|p2a: Gouging Fire|40\/100|[from] item: Rocky Helmet|[of] p1a: Tornadus\n|-damage|p2a: Gouging Fire|16\/100|[from] Recoil\n|\n|-weather|SunnyDay|[upkeep]\n|upkeep\n|turn|5\n|inactive|pokequimico has 30 seconds left.\n|inactive|Jameson Murray has 30 seconds left.\n|inactive|pokequimico has 20 seconds left.\n|inactive|Jameson Murray has 20 seconds left.\n|inactive|Jameson Murray has 15 seconds left.\n|\n|t:|1739395294\n|move|p1a: Tornadus|Scary Face|p2b: Groudon\n|-fail|p2b: Groudon|unboost|[from] item: Clear Amulet|[of] p2b: Groudon\n|move|p1b: Ogerpon|Ivy Cudgel|p2a: Gouging Fire|[anim] Ivy Cudgel Fire\n|-resisted|p2a: Gouging Fire\n|-damage|p2a: Gouging Fire|3\/100\n|move|p2a: Gouging Fire|Breaking Swipe|p1b: Ogerpon|[spread] p1a,p1b\n|-crit|p1b: Ogerpon\n|-damage|p1a: Tornadus|0 fnt\n|-damage|p1b: Ogerpon|23\/100\n|-unboost|p1b: Ogerpon|atk|1\n|-damage|p2a: Gouging Fire|0 fnt|[from] item: Rocky Helmet|[of] p1a: Tornadus\n|faint|p1a: Tornadus\n|faint|p2a: Gouging Fire\n|-end|p2a: Gouging Fire|Protosynthesis|[silent]\n|move|p2b: Groudon|Precipice Blades|p1b: Ogerpon\n|-damage|p1b: Ogerpon|0 fnt\n|faint|p1b: Ogerpon\n|\n|-weather|SunnyDay|[upkeep]\n|upkeep\n|\n|t:|1739395298\n|switch|p1b: Terapagos|Terapagos-Stellar, L50, M, tera:Stellar|12\/100\n|turn|6\n|\n|t:|1739395312\n|move|p1b: Terapagos|Tera Starstorm|p2b: Groudon\n|-damage|p2b: Groudon|26\/100\n|move|p2b: Groudon|Heat Crash|p1b: Terapagos\n|-damage|p1b: Terapagos|0 fnt\n|faint|p1b: Terapagos\n|\n|win|Jameson Murray\n|raw|pokequimico's rating: 1625 &rarr; <strong>1602<\/strong><br \/>(-23 for losing)\n|raw|Jameson Murray's rating: 1577 &rarr; <strong>1600<\/strong><br \/>(+23 for winning)\n|l|\u2606pokequimico\n|player|p1|\n|l|\u2606Jameson Murray\n|player|p2|\n","uploadtime":1739395524,"views":19,"formatid":"gen9vgc2025regg","rating":1600,"private":0,"password":null}