{"id":"gen9vgc2025regg-2299029060","format":"[Gen 9] VGC 2025 Reg G","players":["Kwiper","Iamsliverfish"],"log":"|j|\u2606Kwiper\n|j|\u2606Iamsliverfish\n|t:|1739320701\n|gametype|doubles\n|player|p1|Kwiper|sycamore|1716\n|player|p2|Iamsliverfish|hiker-gen4|1771\n|teamsize|p1|6\n|teamsize|p2|6\n|gen|9\n|tier|[Gen 9] VGC 2025 Reg G\n|rated|\n|rule|Species Clause: Limit one of each Pok\u00e9mon\n|rule|Item Clause: Limit 1 of each item\n|clearpoke\n|poke|p1|Koraidon, L50|\n|poke|p1|Flutter Mane, L50|\n|poke|p1|Raging Bolt, L50|\n|poke|p1|Tornadus, L50, M|\n|poke|p1|Chi-Yu, L50|\n|poke|p1|Bastiodon, L50, F|\n|poke|p2|Calyrex-Shadow, L50|\n|poke|p2|Ursaluna, L50, M|\n|poke|p2|Indeedee-F, L50, F|\n|poke|p2|Ogerpon-Wellspring, L50, F|\n|poke|p2|Tornadus, L50, M|\n|poke|p2|Chi-Yu, L50|\n|teampreview|4\n|inactive|Battle timer is ON: inactive players will automatically lose when time's up. (requested by Kwiper)\n|inactive|Iamsliverfish has 60 seconds left.\n|\n|t:|1739320735\n|start\n|switch|p1a: Tornadus|Tornadus, L50, M|100\/100\n|switch|p1b: Flutter Mane|Flutter Mane, L50|100\/100\n|switch|p2a: Tornadus|Tornadus, L50, M|100\/100\n|switch|p2b: Ogerpon|Ogerpon-Wellspring, L50, F|100\/100\n|turn|1\n|\n|t:|1739320751\n|move|p2b: Ogerpon|Spiky Shield|p2b: Ogerpon\n|-singleturn|p2b: Ogerpon|move: Protect\n|move|p1a: Tornadus|Tailwind|p1a: Tornadus\n|-sidestart|p1: Kwiper|move: Tailwind\n|move|p1b: Flutter Mane|Taunt|p2a: Tornadus\n|-start|p2a: Tornadus|move: Taunt\n|-enditem|p2a: Tornadus|Mental Herb\n|-end|p2a: Tornadus|move: Taunt\n|move|p2a: Tornadus|Bleakwind Storm|p1b: Flutter Mane|[spread] p1b\n|-miss|p2a: Tornadus|p1a: Tornadus\n|-damage|p1b: Flutter Mane|64\/100\n|\n|upkeep\n|turn|2\n|\n|t:|1739320761\n|move|p2a: Tornadus|Tailwind|p2a: Tornadus\n|-sidestart|p2: Iamsliverfish|move: Tailwind\n|move|p1b: Flutter Mane|Moonblast|p2a: Tornadus\n|-damage|p2a: Tornadus|41\/100\n|move|p1a: Tornadus|Bleakwind Storm|p2a: Tornadus|[spread] p2a,p2b\n|-supereffective|p2b: Ogerpon\n|-damage|p2a: Tornadus|0 fnt\n|-damage|p2b: Ogerpon|25\/100\n|faint|p2a: Tornadus\n|move|p2b: Ogerpon|Ivy Cudgel|p1b: Flutter Mane|[anim] Ivy Cudgel Water\n|-damage|p1b: Flutter Mane|0 fnt\n|faint|p1b: Flutter Mane\n|-end|p1b: Flutter Mane|Protosynthesis|[silent]\n|\n|upkeep\n|\n|t:|1739320767\n|switch|p1b: Chi-Yu|Chi-Yu, L50|100\/100\n|switch|p2a: Calyrex|Calyrex-Shadow, L50|100\/100\n|-ability|p2a: Calyrex|As One\n|-ability|p2a: Calyrex|Unnerve\n|-ability|p1b: Chi-Yu|Beads of Ruin\n|turn|3\n|\n|t:|1739320777\n|move|p2a: Calyrex|Protect|p2a: Calyrex\n|-singleturn|p2a: Calyrex|Protect\n|move|p1a: Tornadus|Sunny Day|p1a: Tornadus\n|-weather|SunnyDay\n|move|p1b: Chi-Yu|Heat Wave|p2b: Ogerpon|[spread] p2b\n|-activate|p2a: Calyrex|move: Protect\n|-damage|p2b: Ogerpon|0 fnt\n|faint|p2b: Ogerpon\n|\n|-weather|SunnyDay|[upkeep]\n|upkeep\n|\n|t:|1739320780\n|switch|p2b: Chi-Yu|Chi-Yu, L50|100\/100\n|-ability|p2b: Chi-Yu|Beads of Ruin\n|turn|4\n|\n|t:|1739320792\n|switch|p1a: Koraidon|Koraidon, L50|100\/100\n|-activate|p1a: Koraidon|ability: Orichalcum Pulse\n|-terastallize|p2a: Calyrex|Ground\n|move|p2b: Chi-Yu|Snarl|p1a: Koraidon|[spread] p1a,p1b\n|-resisted|p1a: Koraidon\n|-resisted|p1b: Chi-Yu\n|-damage|p1a: Koraidon|87\/100\n|-damage|p1b: Chi-Yu|88\/100\n|-unboost|p1b: Chi-Yu|spa|1\n|move|p2a: Calyrex|Astral Barrage|p1a: Koraidon|[spread] p1a,p1b\n|-resisted|p1b: Chi-Yu\n|-damage|p1a: Koraidon|4\/100\n|-damage|p1b: Chi-Yu|49\/100\n|-damage|p2a: Calyrex|91\/100|[from] item: Life Orb\n|move|p1b: Chi-Yu|Heat Wave|p2b: Chi-Yu|[spread] p2a\n|-miss|p1b: Chi-Yu|p2b: Chi-Yu\n|-damage|p2a: Calyrex|12\/100\n|\n|-weather|SunnyDay|[upkeep]\n|-sideend|p1: Kwiper|move: Tailwind\n|upkeep\n|turn|5\n|\n|t:|1739320802\n|move|p1a: Koraidon|Protect|p1a: Koraidon\n|-singleturn|p1a: Koraidon|Protect\n|move|p2b: Chi-Yu|Snarl|p1a: Koraidon|[spread] p1b\n|-activate|p1a: Koraidon|move: Protect\n|-resisted|p1b: Chi-Yu\n|-damage|p1b: Chi-Yu|37\/100\n|-unboost|p1b: Chi-Yu|spa|1\n|move|p2a: Calyrex|Astral Barrage|p1a: Koraidon|[spread] p1b\n|-activate|p1a: Koraidon|move: Protect\n|-resisted|p1b: Chi-Yu\n|-damage|p1b: Chi-Yu|0 fnt\n|faint|p1b: Chi-Yu\n|-ability|p2a: Calyrex|Grim Neigh|boost\n|-boost|p2a: Calyrex|spa|1\n|-damage|p2a: Calyrex|2\/100|[from] item: Life Orb\n|\n|-weather|SunnyDay|[upkeep]\n|-sideend|p2: Iamsliverfish|move: Tailwind\n|upkeep\n|\n|t:|1739320804\n|switch|p1b: Tornadus|Tornadus, L50, M|100\/100\n|turn|6\n|\n|t:|1739320811\n|-terastallize|p1b: Tornadus|Dark\n|move|p1b: Tornadus|Tailwind|p1b: Tornadus\n|-sidestart|p1: Kwiper|move: Tailwind\n|move|p1a: Koraidon|Collision Course|p2b: Chi-Yu\n|-supereffective|p2b: Chi-Yu\n|-damage|p2b: Chi-Yu|0 fnt\n|faint|p2b: Chi-Yu\n|move|p2a: Calyrex|Astral Barrage|p1a: Koraidon|[spread] p1a,p1b\n|-resisted|p1b: Tornadus\n|-damage|p1a: Koraidon|0 fnt\n|-damage|p1b: Tornadus|29\/100\n|faint|p1a: Koraidon\n|-ability|p2a: Calyrex|Grim Neigh|boost\n|-boost|p2a: Calyrex|spa|1\n|-damage|p2a: Calyrex|0 fnt|[from] item: Life Orb\n|faint|p2a: Calyrex\n|\n|win|Kwiper\n|raw|Kwiper's rating: 1716 &rarr; <strong>1739<\/strong><br \/>(+23 for winning)\n|raw|Iamsliverfish's rating: 1771 &rarr; <strong>1748<\/strong><br \/>(-23 for losing)\n|l|\u2606Iamsliverfish\n|player|p2|\n","uploadtime":1739320841,"views":45,"formatid":"gen9vgc2025regg","rating":1739,"private":0,"password":null}