{"id":"gen9vgc2025regg-2299574350","format":"[Gen 9] VGC 2025 Reg G","players":["kajashi","Matty1919"],"log":"|j|\u2606kajashi\n|j|\u2606Matty1919\n|t:|1739392448\n|gametype|doubles\n|player|p1|kajashi|n|1533\n|player|p2|Matty1919|1|1602\n|teamsize|p1|6\n|teamsize|p2|6\n|gen|9\n|tier|[Gen 9] VGC 2025 Reg G\n|rated|\n|rule|Species Clause: Limit one of each Pok\u00e9mon\n|rule|Item Clause: Limit 1 of each item\n|clearpoke\n|poke|p1|Incineroar, L50, M|\n|poke|p1|Amoonguss, L50, M|\n|poke|p1|Calyrex-Ice, L50|\n|poke|p1|Raging Bolt, L50|\n|poke|p1|Landorus, L50, M|\n|poke|p1|Urshifu-*, L50, F|\n|poke|p2|Calyrex-Shadow, L50|\n|poke|p2|Incineroar, L50, F|\n|poke|p2|Rillaboom, L50, F|\n|poke|p2|Urshifu-*, L50, F|\n|poke|p2|Raging Bolt, L50|\n|poke|p2|Farigiraf, L50, F|\n|teampreview|4\n|\n|t:|1739392485\n|start\n|switch|p1a: Amoonguss|Amoonguss, L50, M|100\/100\n|switch|p1b: Raging Bolt|Raging Bolt, L50|100\/100\n|switch|p2a: Calyrex|Calyrex-Shadow, L50|100\/100\n|switch|p2b: Incineroar|Incineroar, L50, F|100\/100\n|-ability|p2a: Calyrex|As One\n|-ability|p2a: Calyrex|Unnerve\n|-ability|p2b: Incineroar|Intimidate|boost\n|-unboost|p1a: Amoonguss|atk|1\n|-unboost|p1b: Raging Bolt|atk|1\n|turn|1\n|inactive|Battle timer is ON: inactive players will automatically lose when time's up. (requested by Matty1919)\n|\n|t:|1739392503\n|move|p2b: Incineroar|Fake Out|p1a: Amoonguss\n|-damage|p1a: Amoonguss|91\/100\n|move|p2a: Calyrex|Nasty Plot|p2a: Calyrex\n|-boost|p2a: Calyrex|spa|2\n|move|p1b: Raging Bolt|Snarl|p2a: Calyrex|[spread] p2a,p2b\n|-supereffective|p2a: Calyrex\n|-resisted|p2b: Incineroar\n|-damage|p2a: Calyrex|36\/100\n|-damage|p2b: Incineroar|94\/100\n|-unboost|p2a: Calyrex|spa|1\n|-unboost|p2b: Incineroar|spa|1\n|move|p1a: Amoonguss|Spore|p2a: Calyrex\n|-status|p2a: Calyrex|slp|[from] move: Spore\n|\n|upkeep\n|turn|2\n|c|\u2606Matty1919|Okay\n|c|\u2606Matty1919|covert cloak\n|inactive|kajashi has 30 seconds left.\n|inactive|Matty1919 has 30 seconds left.\n|c|\u2606kajashi|its pretty common now\n|c|\u2606kajashi|just heads up\n|inactive|Matty1919 has 20 seconds left.\n|inactive|Matty1919 has 15 seconds left.\n|inactive|Matty1919 has 10 seconds left.\n|inactive|Matty1919 has 5 seconds left.\n|\n|t:|1739392555\n|switch|p2a: Rillaboom|Rillaboom, L50, F|100\/100\n|-fieldstart|move: Grassy Terrain|[from] ability: Grassy Surge|[of] p2a: Rillaboom\n|switch|p1a: Landorus|Landorus, L50, M|100\/100\n|move|p1b: Raging Bolt|Thunderbolt|p2a: Rillaboom\n|-resisted|p2a: Rillaboom\n|-damage|p2a: Rillaboom|86\/100\n|move|p2b: Incineroar|Knock Off|p1a: Landorus\n|-damage|p1a: Landorus|60\/100\n|-enditem|p1a: Landorus|Choice Scarf|[from] move: Knock Off|[of] p2b: Incineroar\n|\n|-heal|p2a: Rillaboom|92\/100|[from] Grassy Terrain\n|-heal|p2b: Incineroar|99\/100|[from] Grassy Terrain\n|upkeep\n|turn|3\n|inactive|kajashi has 30 seconds left.\n|inactive|Matty1919 has 30 seconds left.\n|\n|t:|1739392586\n|switch|p1a: Incineroar|Incineroar, L50, M|100\/100\n|-ability|p1a: Incineroar|Intimidate|boost\n|-unboost|p2a: Rillaboom|atk|1\n|-unboost|p2b: Incineroar|atk|1\n|move|p2a: Rillaboom|Grassy Glide|p1a: Incineroar\n|-resisted|p1a: Incineroar\n|-damage|p1a: Incineroar|92\/100\n|-damage|p2a: Rillaboom|75\/100|[from] item: Rocky Helmet|[of] p1a: Incineroar\n|move|p1b: Raging Bolt|Thunderbolt|p2b: Incineroar\n|-damage|p2b: Incineroar|58\/100\n|move|p2b: Incineroar|Parting Shot|p1b: Raging Bolt\n|-unboost|p1b: Raging Bolt|atk|1\n|-unboost|p1b: Raging Bolt|spa|1\n|\n|t:|1739392600\n|switch|p2b: Urshifu|Urshifu-Rapid-Strike, L50, F|100\/100|[from] Parting Shot\n|\n|-heal|p2a: Rillaboom|81\/100|[from] Grassy Terrain\n|-heal|p1a: Incineroar|98\/100|[from] Grassy Terrain\n|upkeep\n|turn|4\n|\n|t:|1739392624\n|switch|p2b: Calyrex|Calyrex-Shadow, L50|36\/100 slp\n|-ability|p2b: Calyrex|As One\n|-ability|p2b: Calyrex|Unnerve\n|switch|p2a: Incineroar|Incineroar, L50, F|58\/100\n|-ability|p2a: Incineroar|Intimidate|boost\n|-unboost|p1a: Incineroar|atk|1\n|-unboost|p1b: Raging Bolt|atk|1\n|-end|p1b: Raging Bolt|Protosynthesis|[silent]\n|switch|p1b: Amoonguss|Amoonguss, L50, M|100\/100\n|move|p1a: Incineroar|Parting Shot|p2a: Incineroar\n|-unboost|p2a: Incineroar|atk|1\n|-unboost|p2a: Incineroar|spa|1\n|inactive|kajashi has 30 seconds left.\n|\n|t:|1739392651\n|switch|p1a: Landorus|Landorus, L50, M|60\/100|[from] Parting Shot\n|\n|-heal|p2b: Calyrex|42\/100 slp|[from] Grassy Terrain\n|-heal|p2a: Incineroar|64\/100|[from] Grassy Terrain\n|upkeep\n|turn|5\n|\n|t:|1739392672\n|-terastallize|p1a: Landorus|Ghost\n|move|p2a: Incineroar|Fake Out|p1a: Landorus\n|-immune|p1a: Landorus\n|cant|p2b: Calyrex|slp\n|move|p1a: Landorus|Earth Power|p2b: Calyrex\n|-damage|p2b: Calyrex|0 fnt\n|faint|p2b: Calyrex\n|move|p1b: Amoonguss|Pollen Puff|p1a: Landorus\n|-heal|p1a: Landorus|100\/100\n|\n|-heal|p2a: Incineroar|70\/100|[from] Grassy Terrain\n|upkeep\n|-message|Matty1919 forfeited.\n|\n|win|kajashi\n|raw|kajashi's rating: 1533 &rarr; <strong>1557<\/strong><br \/>(+24 for winning)\n|raw|Matty1919's rating: 1602 &rarr; <strong>1578<\/strong><br \/>(-24 for losing)\n|l|\u2606Matty1919\n|player|p2|\n","uploadtime":1739392685,"views":8,"formatid":"gen9vgc2025regg","rating":1557,"private":0,"password":null}