{"id":"gen9vgc2025regg-2299648423","format":"[Gen 9] VGC 2025 Reg G","players":["Calamella","Iamsliverfish"],"log":"|j|\u2606Calamella\n|j|\u2606Iamsliverfish\n|t:|1739400273\n|gametype|doubles\n|player|p1|Calamella|170|1640\n|player|p2|Iamsliverfish|hiker-gen4|1741\n|teamsize|p1|6\n|teamsize|p2|6\n|gen|9\n|tier|[Gen 9] VGC 2025 Reg G\n|rated|\n|rule|Species Clause: Limit one of each Pok\u00e9mon\n|rule|Item Clause: Limit 1 of each item\n|clearpoke\n|poke|p1|Terapagos, L50, M|\n|poke|p1|Volcarona, L50, M|\n|poke|p1|Rillaboom, L50, F|\n|poke|p1|Ogerpon-Cornerstone, L50, F|\n|poke|p1|Incineroar, L50, F|\n|poke|p1|Annihilape, L50, F|\n|poke|p2|Calyrex-Shadow, L50|\n|poke|p2|Ursaluna, L50, M|\n|poke|p2|Indeedee-F, L50, F|\n|poke|p2|Ogerpon-Wellspring, L50, F|\n|poke|p2|Tornadus, L50, M|\n|poke|p2|Chi-Yu, L50|\n|teampreview|4\n|j| Tomo05\n|j| the geodude\n|\n|t:|1739400299\n|start\n|switch|p1a: Terapagos|Terapagos, L50, M|100\/100\n|switch|p1b: Incineroar|Incineroar, L50, F|100\/100\n|switch|p2a: Chi-Yu|Chi-Yu, L50|100\/100\n|switch|p2b: Calyrex|Calyrex-Shadow, L50|100\/100\n|-activate|p1a: Terapagos|ability: Tera Shift\n|detailschange|p1a: Terapagos|Terapagos-Terastal, L50, M\n|-heal|p1a: Terapagos|100\/100|[silent]\n|-ability|p2b: Calyrex|As One\n|-ability|p2b: Calyrex|Unnerve\n|-ability|p2a: Chi-Yu|Beads of Ruin\n|-ability|p1b: Incineroar|Intimidate|boost\n|-unboost|p2a: Chi-Yu|atk|1\n|-unboost|p2b: Calyrex|atk|1\n|turn|1\n|\n|t:|1739400324\n|-terastallize|p2b: Calyrex|Ground\n|move|p2a: Chi-Yu|Overheat|p1a: Terapagos\n|-activate|p1a: Terapagos|ability: Tera Shell\n|-resisted|p1a: Terapagos\n|-crit|p1a: Terapagos\n|-damage|p1a: Terapagos|44\/100\n|-unboost|p2a: Chi-Yu|spa|2\n|move|p2b: Calyrex|Tera Blast|p1b: Incineroar|[anim] Tera Blast Ground\n|-supereffective|p1b: Incineroar\n|-crit|p1b: Incineroar\n|-damage|p1b: Incineroar|0 fnt\n|faint|p1b: Incineroar\n|-ability|p2b: Calyrex|Grim Neigh|boost\n|-boost|p2b: Calyrex|spa|1\n|-damage|p2b: Calyrex|91\/100|[from] item: Life Orb\n|move|p1a: Terapagos|Calm Mind|p1a: Terapagos\n|-boost|p1a: Terapagos|spa|1\n|-boost|p1a: Terapagos|spd|1\n|\n|-heal|p1a: Terapagos|50\/100|[from] item: Leftovers\n|upkeep\n|\n|t:|1739400339\n|switch|p1b: Ogerpon|Ogerpon-Cornerstone, L50, F|100\/100\n|turn|2\n|\n|t:|1739400348\n|-terastallize|p1a: Terapagos|Stellar\n|detailschange|p1a: Terapagos|Terapagos-Stellar, L50, M, tera:Stellar\n|-heal|p1a: Terapagos|63\/100|[silent]\n|move|p2b: Calyrex|Protect|p2b: Calyrex\n|-singleturn|p2b: Calyrex|Protect\n|move|p1b: Ogerpon|Follow Me|p1b: Ogerpon\n|-singleturn|p1b: Ogerpon|move: Follow Me\n|move|p2a: Chi-Yu|Overheat|p1b: Ogerpon\n|-damage|p1b: Ogerpon|44\/100\n|-unboost|p2a: Chi-Yu|spa|2\n|move|p1a: Terapagos|Tera Starstorm|p2a: Chi-Yu|[spread] p2a\n|-activate|p2b: Calyrex|move: Protect\n|-damage|p2a: Chi-Yu|26\/100\n|\n|-heal|p1a: Terapagos|69\/100|[from] item: Leftovers\n|upkeep\n|turn|3\n|\n|t:|1739400364\n|switch|p2a: Indeedee|Indeedee-F, L50, F|100\/100\n|-fieldstart|move: Psychic Terrain|[from] ability: Psychic Surge|[of] p2a: Indeedee\n|move|p1b: Ogerpon|Follow Me|p1b: Ogerpon\n|-singleturn|p1b: Ogerpon|move: Follow Me\n|move|p2b: Calyrex|Expanding Force|p1b: Ogerpon|[spread] p1a,p1b\n|-damage|p1a: Terapagos|10\/100\n|-damage|p1b: Ogerpon|0 fnt\n|faint|p1b: Ogerpon\n|-ability|p2b: Calyrex|Grim Neigh|boost\n|-boost|p2b: Calyrex|spa|1\n|-damage|p2b: Calyrex|81\/100|[from] item: Life Orb\n|move|p1a: Terapagos|Tera Starstorm|p2b: Calyrex|[spread] p2a,p2b\n|-supereffective|p2b: Calyrex\n|-damage|p2a: Indeedee|39\/100\n|-damage|p2b: Calyrex|0 fnt\n|faint|p2b: Calyrex\n|\n|-heal|p1a: Terapagos|16\/100|[from] item: Leftovers\n|upkeep\n|\n|t:|1739400375\n|switch|p2b: Ogerpon|Ogerpon-Wellspring, L50, F|100\/100\n|switch|p1b: Volcarona|Volcarona, L50, M|100\/100\n|turn|4\n|\n|t:|1739400408\n|move|p1a: Terapagos|Protect|p1a: Terapagos\n|-singleturn|p1a: Terapagos|Protect\n|move|p2a: Indeedee|Follow Me|p2a: Indeedee\n|-singleturn|p2a: Indeedee|move: Follow Me\n|move|p2b: Ogerpon|Ivy Cudgel|p1a: Terapagos|[anim] Ivy Cudgel Water\n|-activate|p1a: Terapagos|move: Protect\n|move|p1b: Volcarona|Tailwind|p1b: Volcarona\n|-sidestart|p1: Calamella|move: Tailwind\n|\n|-heal|p1a: Terapagos|22\/100|[from] item: Leftovers\n|upkeep\n|turn|5\n|\n|t:|1739400424\n|move|p2a: Indeedee|Follow Me|p2a: Indeedee\n|-singleturn|p2a: Indeedee|move: Follow Me\n|move|p1b: Volcarona|Overheat|p2a: Indeedee\n|-damage|p2a: Indeedee|0 fnt\n|-unboost|p1b: Volcarona|spa|2\n|faint|p2a: Indeedee\n|move|p1a: Terapagos|Tera Starstorm|p2b: Ogerpon\n|-damage|p2b: Ogerpon|16\/100\n|move|p2b: Ogerpon|Ivy Cudgel|p1a: Terapagos|[anim] Ivy Cudgel Water\n|-crit|p1a: Terapagos\n|-damage|p1a: Terapagos|0 fnt\n|faint|p1a: Terapagos\n|\n|upkeep\n|\n|t:|1739400429\n|switch|p2a: Chi-Yu|Chi-Yu, L50|26\/100\n|-ability|p2a: Chi-Yu|Beads of Ruin\n|turn|6\n|\n|t:|1739400436\n|move|p2b: Ogerpon|Spiky Shield|p2b: Ogerpon\n|-singleturn|p2b: Ogerpon|move: Protect\n|move|p1b: Volcarona|Overheat|p2b: Ogerpon\n|-activate|p2b: Ogerpon|move: Protect\n|move|p2a: Chi-Yu|Overheat|p1b: Volcarona\n|-damage|p1b: Volcarona|15\/100\n|-unboost|p2a: Chi-Yu|spa|2\n|\n|upkeep\n|turn|7\n|\n|t:|1739400440\n|move|p1b: Volcarona|Overheat|p2b: Ogerpon\n|-damage|p2b: Ogerpon|0 fnt\n|-unboost|p1b: Volcarona|spa|2\n|faint|p2b: Ogerpon\n|move|p2a: Chi-Yu|Overheat|p1b: Volcarona\n|-damage|p1b: Volcarona|0 fnt\n|-unboost|p2a: Chi-Yu|spa|2\n|faint|p1b: Volcarona\n|\n|win|Iamsliverfish\n|raw|Calamella's rating: 1640 &rarr; <strong>1626<\/strong><br \/>(-14 for losing)\n|raw|Iamsliverfish's rating: 1741 &rarr; <strong>1755<\/strong><br \/>(+14 for winning)\n|l|\u2606Calamella\n|player|p1|\n|l| the geodude\n","uploadtime":1739400526,"views":33,"formatid":"gen9vgc2025regg","rating":1626,"private":0,"password":null}