{"id":"gen9vgc2025regg-2299065709","format":"[Gen 9] VGC 2025 Reg G","players":["Waffles4breakfast","Iamsliverfish"],"log":"|j|\u2606Waffles4breakfast\n|j|\u2606Iamsliverfish\n|t:|1739325410\n|gametype|doubles\n|player|p1|Waffles4breakfast|juggler|1559\n|player|p2|Iamsliverfish|hiker-gen4|1647\n|teamsize|p1|6\n|teamsize|p2|6\n|gen|9\n|tier|[Gen 9] VGC 2025 Reg G\n|rated|\n|rule|Species Clause: Limit one of each Pok\u00e9mon\n|rule|Item Clause: Limit 1 of each item\n|clearpoke\n|poke|p1|Kyogre, L50|\n|poke|p1|Tornadus, L50, M|\n|poke|p1|Annihilape, L50, M|\n|poke|p1|Flutter Mane, L50|\n|poke|p1|Dragonite, L50, M|\n|poke|p1|Indeedee-F, L50, F|\n|poke|p2|Calyrex-Shadow, L50|\n|poke|p2|Ursaluna, L50, F|\n|poke|p2|Indeedee-F, L50, F|\n|poke|p2|Ogerpon-Wellspring, L50, F|\n|poke|p2|Tornadus, L50, M|\n|poke|p2|Chi-Yu, L50|\n|teampreview|4\n|inactive|Battle timer is ON: inactive players will automatically lose when time's up. (requested by Waffles4breakfast)\n|inactive|Iamsliverfish has 60 seconds left.\n|inactive|Iamsliverfish has 30 seconds left.\n|inactive|Iamsliverfish has 20 seconds left.\n|inactive|Iamsliverfish has 15 seconds left.\n|inactive|Iamsliverfish has 10 seconds left.\n|inactive|Iamsliverfish has 5 seconds left.\n|\n|t:|1739325511\n|start\n|switch|p1a: Kyogre|Kyogre, L50|100\/100\n|switch|p1b: Tornadus|Tornadus, L50, M|100\/100\n|switch|p2a: Tornadus|Tornadus, L50, M|100\/100\n|switch|p2b: Ogerpon|Ogerpon-Wellspring, L50, F|100\/100\n|-weather|RainDance|[from] ability: Drizzle|[of] p1a: Kyogre\n|turn|1\n|\n|t:|1739325533\n|switch|p1a: Dragonite|Dragonite, L50, M|100\/100\n|move|p1b: Tornadus|Tailwind|p1b: Tornadus\n|-sidestart|p1: Waffles4breakfast|move: Tailwind\n|move|p2b: Ogerpon|Horn Leech|p1a: Dragonite\n|-resisted|p1a: Dragonite\n|-damage|p1a: Dragonite|90\/100\n|move|p2a: Tornadus|Bleakwind Storm|p1a: Dragonite|[spread] p1a,p1b\n|-damage|p1a: Dragonite|55\/100\n|-damage|p1b: Tornadus|44\/100\n|\n|-weather|RainDance|[upkeep]\n|upkeep\n|turn|2\n|\n|t:|1739325544\n|-terastallize|p1a: Dragonite|Normal\n|move|p2b: Ogerpon|Spiky Shield|p2b: Ogerpon\n|-singleturn|p2b: Ogerpon|move: Protect\n|move|p1a: Dragonite|Extreme Speed|p2a: Tornadus\n|-damage|p2a: Tornadus|18\/100\n|move|p2a: Tornadus|Tailwind|p2a: Tornadus\n|-sidestart|p2: Iamsliverfish|move: Tailwind\n|move|p1b: Tornadus|Bleakwind Storm|p2a: Tornadus|[spread] p2a\n|-activate|p2b: Ogerpon|move: Protect\n|-damage|p2a: Tornadus|0 fnt\n|faint|p2a: Tornadus\n|\n|-weather|RainDance|[upkeep]\n|upkeep\n|\n|t:|1739325550\n|switch|p2a: Calyrex|Calyrex-Shadow, L50|100\/100\n|-ability|p2a: Calyrex|As One\n|-ability|p2a: Calyrex|Unnerve\n|turn|3\n|\n|t:|1739325555\n|switch|p2b: Indeedee|Indeedee-F, L50, F|100\/100\n|-fieldstart|move: Psychic Terrain|[from] ability: Psychic Surge|[of] p2b: Indeedee\n|move|p1a: Dragonite|Extreme Speed|p2b: Indeedee\n|-activate|p2b: Indeedee|move: Psychic Terrain\n|move|p1b: Tornadus|Scary Face|p2a: Calyrex\n|-activate|p2a: Calyrex|move: Psychic Terrain\n|move|p2a: Calyrex|Expanding Force|p1b: Tornadus|[spread] p1a,p1b\n|-damage|p1a: Dragonite|0 fnt\n|-damage|p1b: Tornadus|0 fnt\n|faint|p1a: Dragonite\n|faint|p1b: Tornadus\n|-ability|p2a: Calyrex|Grim Neigh|boost\n|-boost|p2a: Calyrex|spa|2\n|-damage|p2a: Calyrex|91\/100|[from] item: Life Orb\n|\n|-weather|RainDance|[upkeep]\n|upkeep\n|\n|t:|1739325558\n|switch|p1b: Kyogre|Kyogre, L50|100\/100\n|switch|p1a: Annihilape|Annihilape, L50, M|100\/100\n|turn|4\n|\n|t:|1739325565\n|move|p2a: Calyrex|Protect|p2a: Calyrex\n|-singleturn|p2a: Calyrex|Protect\n|move|p1a: Annihilape|Shadow Claw|p2a: Calyrex\n|-activate|p2a: Calyrex|move: Protect\n|move|p1b: Kyogre|Origin Pulse|p2b: Indeedee|[spread] p2b\n|-activate|p2a: Calyrex|move: Protect\n|-crit|p2b: Indeedee\n|-damage|p2b: Indeedee|0 fnt\n|faint|p2b: Indeedee\n|\n|-weather|RainDance|[upkeep]\n|-sideend|p1: Waffles4breakfast|move: Tailwind\n|upkeep\n|\n|t:|1739325570\n|switch|p2b: Ogerpon|Ogerpon-Wellspring, L50, F|100\/100\n|turn|5\n|-message|Waffles4breakfast forfeited.\n|\n|win|Iamsliverfish\n|raw|Waffles4breakfast's rating: 1559 &rarr; <strong>1543<\/strong><br \/>(-16 for losing)\n|raw|Iamsliverfish's rating: 1636 &rarr; <strong>1652<\/strong><br \/>(+16 for winning)\n|l|\u2606Waffles4breakfast\n|player|p1|\n|l|\u2606Iamsliverfish\n|player|p2|\n","uploadtime":1739325739,"views":33,"formatid":"gen9vgc2025regg","rating":1543,"private":0,"password":null}