{"id":"gen9vgc2025regg-2299684348","format":"[Gen 9] VGC 2025 Reg G","players":["Iamsliverfish","speedduels"],"log":"|j|\u2606Iamsliverfish\n|j|\u2606speedduels\n|t:|1739404608\n|gametype|doubles\n|player|p1|Iamsliverfish|hiker-gen4|1654\n|player|p2|speedduels|2|1564\n|teamsize|p1|6\n|teamsize|p2|6\n|gen|9\n|tier|[Gen 9] VGC 2025 Reg G\n|rated|\n|rule|Species Clause: Limit one of each Pok\u00e9mon\n|rule|Item Clause: Limit 1 of each item\n|clearpoke\n|poke|p1|Calyrex-Shadow, L50|\n|poke|p1|Ursaluna, L50, M|\n|poke|p1|Indeedee-F, L50, F|\n|poke|p1|Ogerpon-Wellspring, L50, F|\n|poke|p1|Tornadus, L50, M|\n|poke|p1|Chi-Yu, L50|\n|poke|p2|Koraidon, L50|\n|poke|p2|Chi-Yu, L50|\n|poke|p2|Flutter Mane, L50|\n|poke|p2|Ogerpon-Cornerstone, L50, F|\n|poke|p2|Raging Bolt, L50|\n|poke|p2|Brute Bonnet, L50|\n|teampreview|4\n|inactive|Battle timer is ON: inactive players will automatically lose when time's up. (requested by speedduels)\n|inactive|Iamsliverfish has 60 seconds left.\n|\n|t:|1739404691\n|start\n|switch|p1a: Tornadus|Tornadus, L50, M|100\/100\n|switch|p1b: Chi-Yu|Chi-Yu, L50|100\/100\n|switch|p2a: Chi-Yu|Chi-Yu, L50|100\/100\n|switch|p2b: Koraidon|Koraidon, L50|100\/100\n|-ability|p2a: Chi-Yu|Beads of Ruin\n|-ability|p1b: Chi-Yu|Beads of Ruin\n|-weather|SunnyDay|[from] ability: Orichalcum Pulse|[of] p2b: Koraidon\n|-activate|p2b: Koraidon|Orichalcum Pulse|[source]\n|turn|1\n|inactive|Iamsliverfish has 30 seconds left.\n|inactive|Iamsliverfish has 20 seconds left.\n|inactive|Iamsliverfish has 15 seconds left.\n|\n|t:|1739404732\n|move|p1a: Tornadus|Tailwind|p1a: Tornadus\n|-sidestart|p1: Iamsliverfish|move: Tailwind\n|move|p1b: Chi-Yu|Heat Wave|p2a: Chi-Yu|[spread] p2a,p2b\n|-resisted|p2a: Chi-Yu\n|-resisted|p2b: Koraidon\n|-damage|p2a: Chi-Yu|65\/100\n|-damage|p2b: Koraidon|69\/100\n|move|p2a: Chi-Yu|Snarl|p1b: Chi-Yu|[spread] p1b\n|-miss|p2a: Chi-Yu|p1a: Tornadus\n|-resisted|p1b: Chi-Yu\n|-damage|p1b: Chi-Yu|89\/100\n|-unboost|p1b: Chi-Yu|spa|1\n|move|p2b: Koraidon|Flame Charge|p1a: Tornadus\n|-damage|p1a: Tornadus|60\/100\n|-boost|p2b: Koraidon|spe|1\n|\n|-weather|SunnyDay|[upkeep]\n|upkeep\n|turn|2\n|j| playrornds\n|\n|t:|1739404742\n|move|p2b: Koraidon|Protect|p2b: Koraidon\n|-singleturn|p2b: Koraidon|Protect\n|move|p1b: Chi-Yu|Heat Wave|p2a: Chi-Yu|[spread] p2a\n|-activate|p2b: Koraidon|move: Protect\n|-resisted|p2a: Chi-Yu\n|-damage|p2a: Chi-Yu|43\/100\n|move|p1a: Tornadus|Bleakwind Storm|p2a: Chi-Yu|[spread] \n|-activate|p2b: Koraidon|move: Protect\n|-miss|p1a: Tornadus|p2a: Chi-Yu\n|move|p2a: Chi-Yu|Snarl|p1a: Tornadus|[spread] p1a,p1b\n|-resisted|p1b: Chi-Yu\n|-damage|p1a: Tornadus|21\/100\n|-damage|p1b: Chi-Yu|77\/100\n|-unboost|p1a: Tornadus|spa|1\n|-unboost|p1b: Chi-Yu|spa|1\n|\n|-weather|SunnyDay|[upkeep]\n|upkeep\n|turn|3\n|\n|t:|1739404764\n|-terastallize|p2b: Koraidon|Fire\n|move|p1b: Chi-Yu|Heat Wave|p2b: Koraidon|[spread] p2a,p2b\n|-resisted|p2a: Chi-Yu\n|-resisted|p2b: Koraidon\n|-damage|p2a: Chi-Yu|27\/100\n|-damage|p2b: Koraidon|51\/100\n|move|p1a: Tornadus|Bleakwind Storm|p2a: Chi-Yu|[spread] p2a,p2b\n|-damage|p2a: Chi-Yu|0 fnt\n|-damage|p2b: Koraidon|22\/100\n|faint|p2a: Chi-Yu\n|move|p2b: Koraidon|Flame Charge|p1b: Chi-Yu\n|-resisted|p1b: Chi-Yu\n|-damage|p1b: Chi-Yu|26\/100\n|-boost|p2b: Koraidon|spe|1\n|\n|-weather|SunnyDay|[upkeep]\n|upkeep\n|\n|t:|1739404774\n|switch|p2a: Flutter Mane|Flutter Mane, L50|100\/100\n|-activate|p2a: Flutter Mane|ability: Protosynthesis\n|-start|p2a: Flutter Mane|protosynthesisspe\n|turn|4\n|inactive|Iamsliverfish has 30 seconds left.\n|\n|t:|1739404801\n|switch|p1b: Ogerpon|Ogerpon-Wellspring, L50, F|100\/100\n|move|p2a: Flutter Mane|Protect|p2a: Flutter Mane\n|-singleturn|p2a: Flutter Mane|Protect\n|move|p1a: Tornadus|Rain Dance|p1a: Tornadus\n|-weather|RainDance\n|-end|p2a: Flutter Mane|Protosynthesis\n|move|p2b: Koraidon|Flame Charge|p1a: Tornadus\n|-damage|p1a: Tornadus|4\/100\n|-boost|p2b: Koraidon|spe|1\n|\n|-weather|RainDance|[upkeep]\n|-sideend|p1: Iamsliverfish|move: Tailwind\n|upkeep\n|turn|5\n|\n|t:|1739404812\n|switch|p2b: Brute Bonnet|Brute Bonnet, L50|100\/100\n|move|p1a: Tornadus|Tailwind|p1a: Tornadus\n|-sidestart|p1: Iamsliverfish|move: Tailwind\n|move|p1b: Ogerpon|Ivy Cudgel|p2a: Flutter Mane|[anim] Ivy Cudgel Water\n|-enditem|p2a: Flutter Mane|Focus Sash\n|-damage|p2a: Flutter Mane|1\/100\n|move|p2a: Flutter Mane|Icy Wind|p1a: Tornadus|[spread] p1a,p1b\n|-supereffective|p1a: Tornadus\n|-damage|p1a: Tornadus|0 fnt\n|-damage|p1b: Ogerpon|84\/100\n|-unboost|p1b: Ogerpon|spe|1\n|faint|p1a: Tornadus\n|\n|-weather|RainDance|[upkeep]\n|upkeep\n|\n|t:|1739404816\n|switch|p1a: Calyrex|Calyrex-Shadow, L50|100\/100\n|-ability|p1a: Calyrex|As One\n|-ability|p1a: Calyrex|Unnerve\n|turn|6\n|\n|t:|1739404834\n|move|p2a: Flutter Mane|Protect|p2a: Flutter Mane\n|-singleturn|p2a: Flutter Mane|Protect\n|move|p1b: Ogerpon|Follow Me|p1b: Ogerpon\n|-singleturn|p1b: Ogerpon|move: Follow Me\n|move|p1a: Calyrex|Astral Barrage|p2b: Brute Bonnet|[spread] p2b\n|-activate|p2a: Flutter Mane|move: Protect\n|-resisted|p2b: Brute Bonnet\n|-damage|p2b: Brute Bonnet|72\/100\n|-damage|p1a: Calyrex|91\/100|[from] item: Life Orb\n|move|p2b: Brute Bonnet|Taunt|p1b: Ogerpon\n|-start|p1b: Ogerpon|move: Taunt\n|\n|-weather|RainDance|[upkeep]\n|upkeep\n|turn|7\n|inactive|speedduels has 30 seconds left.\n|\n|t:|1739404863\n|-terastallize|p1a: Calyrex|Ground\n|move|p1a: Calyrex|Astral Barrage|p2b: Brute Bonnet|[spread] p2a,p2b\n|-supereffective|p2a: Flutter Mane\n|-resisted|p2b: Brute Bonnet\n|-damage|p2a: Flutter Mane|0 fnt\n|-damage|p2b: Brute Bonnet|42\/100\n|faint|p2a: Flutter Mane\n|-end|p2a: Flutter Mane|Protosynthesis|[silent]\n|-ability|p1a: Calyrex|Grim Neigh|boost\n|-boost|p1a: Calyrex|spa|1\n|-damage|p1a: Calyrex|81\/100|[from] item: Life Orb\n|move|p1b: Ogerpon|Ivy Cudgel|p2b: Brute Bonnet|[anim] Ivy Cudgel Water\n|-resisted|p2b: Brute Bonnet\n|-damage|p2b: Brute Bonnet|13\/100\n|move|p2b: Brute Bonnet|Spore|p1a: Calyrex\n|-status|p1a: Calyrex|slp|[from] move: Spore\n|\n|-weather|RainDance|[upkeep]\n|upkeep\n|\n|t:|1739404867\n|switch|p2a: Koraidon|Koraidon, L50, tera:Fire|22\/100\n|-weather|SunnyDay|[from] ability: Orichalcum Pulse|[of] p2a: Koraidon\n|-activate|p2b: Brute Bonnet|ability: Protosynthesis\n|-start|p2b: Brute Bonnet|protosynthesisdef\n|-activate|p2a: Koraidon|Orichalcum Pulse|[source]\n|turn|8\n|j| ChilledLotusA\n|\n|t:|1739404889\n|move|p2a: Koraidon|Protect|p2a: Koraidon\n|-singleturn|p2a: Koraidon|Protect\n|move|p2b: Brute Bonnet|Sucker Punch|p1a: Calyrex\n|-damage|p1a: Calyrex|43\/100 slp\n|cant|p1a: Calyrex|slp\n|move|p1b: Ogerpon|Ivy Cudgel|p2a: Koraidon|[anim] Ivy Cudgel Water\n|-activate|p2a: Koraidon|move: Protect\n|\n|-weather|SunnyDay|[upkeep]\n|-sideend|p1: Iamsliverfish|move: Tailwind\n|upkeep\n|turn|9\n|\n|t:|1739404904\n|move|p2b: Brute Bonnet|Sucker Punch|p1b: Ogerpon\n|-damage|p1b: Ogerpon|51\/100\n|cant|p1a: Calyrex|slp\n|move|p2a: Koraidon|Flame Charge|p1b: Ogerpon\n|-damage|p1b: Ogerpon|0 fnt\n|-boost|p2a: Koraidon|spe|1\n|faint|p1b: Ogerpon\n|\n|-weather|SunnyDay|[upkeep]\n|upkeep\n|\n|t:|1739404910\n|switch|p1b: Chi-Yu|Chi-Yu, L50|26\/100\n|-ability|p1b: Chi-Yu|Beads of Ruin\n|turn|10\n|inactive|speedduels has 30 seconds left.\n|\n|t:|1739404936\n|move|p2b: Brute Bonnet|Sucker Punch|p1b: Chi-Yu\n|-resisted|p1b: Chi-Yu\n|-damage|p1b: Chi-Yu|2\/100\n|move|p2a: Koraidon|Flame Charge|p1a: Calyrex\n|-damage|p1a: Calyrex|0 fnt\n|-boost|p2a: Koraidon|spe|1\n|faint|p1a: Calyrex\n|move|p1b: Chi-Yu|Heat Wave|p2a: Koraidon|[spread] p2a\n|-miss|p1b: Chi-Yu|p2b: Brute Bonnet\n|-resisted|p2a: Koraidon\n|-damage|p2a: Koraidon|0 fnt\n|faint|p2a: Koraidon\n|\n|-weather|SunnyDay|[upkeep]\n|upkeep\n|turn|11\n|-message|Iamsliverfish forfeited.\n|\n|win|speedduels\n|raw|Iamsliverfish's rating: 1683 &rarr; <strong>1656<\/strong><br \/>(-27 for losing)\n|raw|speedduels's rating: 1564 &rarr; <strong>1591<\/strong><br \/>(+27 for winning)\n|l|\u2606Iamsliverfish\n|player|p1|\n|l|\u2606speedduels\n|player|p2|\n|l| playrornds\n","uploadtime":1739405095,"views":19,"formatid":"gen9vgc2025regg","rating":1591,"private":0,"password":null}