{"id":"gen9vgc2025regg-2299825124","format":"[Gen 9] VGC 2025 Reg G","players":["Crazy Daisy Doo","huyuplan"],"log":"|j|\u2606Crazy Daisy Doo\n|j|\u2606huyuplan\n|t:|1739423790\n|gametype|doubles\n|player|p1|Crazy Daisy Doo|red|1564\n|player|p2|huyuplan|lucas|1624\n|teamsize|p1|6\n|teamsize|p2|6\n|gen|9\n|tier|[Gen 9] VGC 2025 Reg G\n|rated|\n|rule|Species Clause: Limit one of each Pok\u00e9mon\n|rule|Item Clause: Limit 1 of each item\n|clearpoke\n|poke|p1|Flutter Mane, L50|\n|poke|p1|Calyrex-Shadow, L50|\n|poke|p1|Urshifu-*, L50, M|\n|poke|p1|Ogerpon-Cornerstone, L50, F|\n|poke|p1|Chi-Yu, L50|\n|poke|p1|Raging Bolt, L50|\n|poke|p2|Regidrago, L50|\n|poke|p2|Zacian-*, L50|\n|poke|p2|Farigiraf, L50, M|\n|poke|p2|Tornadus, L50, M|\n|poke|p2|Ogerpon-Cornerstone, L50, F|\n|poke|p2|Ditto, L50|\n|teampreview|4\n|\n|t:|1739423815\n|start\n|switch|p1a: Chi-Yu|Chi-Yu, L50|100\/100\n|switch|p1b: Flutter Mane|Flutter Mane, L50|100\/100\n|switch|p2a: Zacian|Zacian-Crowned, L50|100\/100\n|switch|p2b: Tornadus|Tornadus, L50, M|100\/100\n|-ability|p1a: Chi-Yu|Beads of Ruin\n|-ability|p2a: Zacian|Intrepid Sword|boost\n|-boost|p2a: Zacian|atk|1\n|-enditem|p1b: Flutter Mane|Booster Energy\n|-activate|p1b: Flutter Mane|ability: Protosynthesis|[fromitem]\n|-start|p1b: Flutter Mane|protosynthesisspe\n|turn|1\n|\n|t:|1739423837\n|-terastallize|p1a: Chi-Yu|Ghost\n|move|p2a: Zacian|Protect|p2a: Zacian\n|-singleturn|p2a: Zacian|Protect\n|move|p2b: Tornadus|Tailwind|p2b: Tornadus\n|-sidestart|p2: huyuplan|move: Tailwind\n|move|p1b: Flutter Mane|Fake Tears|p2a: Zacian\n|-activate|p2a: Zacian|move: Protect\n|move|p1a: Chi-Yu|Heat Wave|p2a: Zacian|[spread] p2b\n|-activate|p2a: Zacian|move: Protect\n|-damage|p2b: Tornadus|28\/100\n|\n|upkeep\n|turn|2\n|\n|t:|1739423863\n|move|p2a: Zacian|Behemoth Blade|p1a: Chi-Yu\n|-damage|p1a: Chi-Yu|0 fnt\n|faint|p1a: Chi-Yu\n|move|p2b: Tornadus|Icy Wind|p1b: Flutter Mane\n|-damage|p1b: Flutter Mane|83\/100\n|-unboost|p1b: Flutter Mane|spe|1\n|move|p1b: Flutter Mane|Thunder Wave|p2a: Zacian|[miss]\n|-miss|p1b: Flutter Mane|p2a: Zacian\n|\n|upkeep\n|\n|t:|1739423870\n|switch|p1a: Calyrex|Calyrex-Shadow, L50|100\/100\n|-ability|p1a: Calyrex|As One\n|-ability|p1a: Calyrex|Unnerve\n|turn|3\n|\n|t:|1739423883\n|move|p1b: Flutter Mane|Protect|p1b: Flutter Mane\n|-singleturn|p1b: Flutter Mane|Protect\n|move|p2b: Tornadus|Taunt|p1a: Calyrex\n|-start|p1a: Calyrex|move: Taunt\n|move|p2a: Zacian|Behemoth Blade|p1b: Flutter Mane\n|-activate|p1b: Flutter Mane|move: Protect\n|move|p1a: Calyrex|Astral Barrage|p2b: Tornadus|[spread] p2a,p2b\n|-crit|p2a: Zacian\n|-damage|p2a: Zacian|26\/100\n|-damage|p2b: Tornadus|0 fnt\n|faint|p2b: Tornadus\n|-ability|p1a: Calyrex|Grim Neigh|boost\n|-boost|p1a: Calyrex|spa|1\n|\n|upkeep\n|\n|t:|1739423900\n|switch|p2b: Ditto|Ditto, L50|100\/100\n|-transform|p2b: Ditto|p1a: Calyrex|[from] ability: Imposter\n|-ability|p2b: Ditto|As One\n|-ability|p2b: Ditto|Unnerve\n|turn|4\n|\n|t:|1739423913\n|switch|p1a: Raging Bolt|Raging Bolt, L50|100\/100\n|-terastallize|p2b: Ditto|Normal\n|move|p1b: Flutter Mane|Protect||[still]\n|-fail|p1b: Flutter Mane\n|move|p2b: Ditto|Astral Barrage|p1a: Raging Bolt|[spread] p1a,p1b\n|-supereffective|p1b: Flutter Mane\n|-crit|p1b: Flutter Mane\n|-damage|p1a: Raging Bolt|48\/100\n|-damage|p1b: Flutter Mane|0 fnt\n|faint|p1b: Flutter Mane\n|-end|p1b: Flutter Mane|Protosynthesis|[silent]\n|-ability|p2b: Ditto|Grim Neigh|boost\n|-boost|p2b: Ditto|spa|1\n|move|p2a: Zacian|Behemoth Blade|p1a: Raging Bolt\n|-resisted|p1a: Raging Bolt\n|-damage|p1a: Raging Bolt|15\/100\n|\n|-sideend|p2: huyuplan|move: Tailwind\n|upkeep\n|\n|t:|1739423916\n|switch|p1b: Calyrex|Calyrex-Shadow, L50|100\/100\n|-ability|p1b: Calyrex|As One\n|-ability|p1b: Calyrex|Unnerve\n|turn|5\n|\n|t:|1739423950\n|move|p1a: Raging Bolt|Thunderclap|p2b: Ditto\n|-damage|p2b: Ditto|50\/100\n|move|p2b: Ditto|Astral Barrage|p1a: Raging Bolt|[spread] p1a,p1b\n|-supereffective|p1b: Calyrex\n|-damage|p1a: Raging Bolt|0 fnt\n|-enditem|p1b: Calyrex|Focus Sash\n|-damage|p1b: Calyrex|1\/100\n|faint|p1a: Raging Bolt\n|-end|p1a: Raging Bolt|Protosynthesis|[silent]\n|-ability|p2b: Ditto|Grim Neigh|boost\n|-boost|p2b: Ditto|spa|1\n|move|p1b: Calyrex|Psychic|p2b: Ditto\n|-damage|p2b: Ditto|0 fnt\n|faint|p2b: Ditto\n|-ability|p1b: Calyrex|Grim Neigh|boost\n|-boost|p1b: Calyrex|spa|1\n|move|p2a: Zacian|Behemoth Blade|p1b: Calyrex\n|-damage|p1b: Calyrex|0 fnt\n|faint|p1b: Calyrex\n|\n|win|huyuplan\n|raw|Crazy Daisy Doo's rating: 1564 &rarr; <strong>1547<\/strong><br \/>(-17 for losing)\n|raw|huyuplan's rating: 1624 &rarr; <strong>1641<\/strong><br \/>(+17 for winning)\n|l|\u2606Crazy Daisy Doo\n|player|p1|\n|l|\u2606huyuplan\n|player|p2|\n","uploadtime":1739424201,"views":5,"formatid":"gen9vgc2025regg","rating":1547,"private":0,"password":null}