{"id":"gen9vgc2025regg-2299501344","format":"[Gen 9] VGC 2025 Reg G","players":["longhq","Ayae.Hakamada"],"log":"|j|\u2606longhq\n|j|\u2606Ayae.Hakamada\n|t:|1739385300\n|gametype|doubles\n|player|p1|longhq|dawn|1582\n|player|p2|Ayae.Hakamada|skyla|1614\n|teamsize|p1|6\n|teamsize|p2|6\n|gen|9\n|tier|[Gen 9] VGC 2025 Reg G\n|rated|\n|rule|Species Clause: Limit one of each Pok\u00e9mon\n|rule|Item Clause: Limit 1 of each item\n|clearpoke\n|poke|p1|Raging Bolt, L50|\n|poke|p1|Koraidon, L50|\n|poke|p1|Indeedee-F, L50, F|\n|poke|p1|Kingambit, L50, F|\n|poke|p1|Jumpluff, L50, F|\n|poke|p1|Ogerpon-Wellspring, L50, F|\n|poke|p2|Calyrex-Ice, L50|\n|poke|p2|Regieleki, L50|\n|poke|p2|Ogerpon-Hearthflame, L50, F|\n|poke|p2|Urshifu-*, L50, M|\n|poke|p2|Iron Valiant, L50|\n|poke|p2|Farigiraf, L50, M|\n|teampreview|4\n|inactive|Battle timer is ON: inactive players will automatically lose when time's up. (requested by Ayae.Hakamada)\n|inactive|Ayae.Hakamada has 60 seconds left.\n|j| tetsuokaga\n|j| aq12345\n|inactive|Ayae.Hakamada has 30 seconds left.\n|\n|t:|1739385367\n|start\n|switch|p1a: Koraidon|Koraidon, L50|100\/100\n|switch|p1b: Jumpluff|Jumpluff, L50, F|100\/100\n|switch|p2a: Iron Valiant|Iron Valiant, L50|100\/100\n|switch|p2b: Ogerpon|Ogerpon-Hearthflame, L50, F|100\/100\n|-weather|SunnyDay|[from] ability: Orichalcum Pulse|[of] p1a: Koraidon\n|-activate|p1a: Koraidon|Orichalcum Pulse|[source]\n|-ability|p2b: Ogerpon|Mold Breaker\n|-enditem|p2a: Iron Valiant|Booster Energy\n|-activate|p2a: Iron Valiant|ability: Quark Drive|[fromitem]\n|-start|p2a: Iron Valiant|quarkdrivespe\n|turn|1\n|j| john pls\n|inactive|longhq has 30 seconds left.\n|inactive|longhq has 20 seconds left.\n|inactive|longhq has 15 seconds left.\n|\n|t:|1739385412\n|-terastallize|p1a: Koraidon|Fire\n|move|p2b: Ogerpon|Spiky Shield|p2b: Ogerpon\n|-singleturn|p2b: Ogerpon|move: Protect\n|move|p1b: Jumpluff|Sleep Powder|p2a: Iron Valiant\n|-status|p2a: Iron Valiant|slp|[from] move: Sleep Powder\n|cant|p2a: Iron Valiant|slp\n|move|p1a: Koraidon|Flare Blitz|p2b: Ogerpon\n|-activate|p2b: Ogerpon|move: Protect\n|-damage|p1a: Koraidon|88\/100|[from] Spiky Shield|[of] p2b: Ogerpon\n|\n|-weather|SunnyDay|[upkeep]\n|upkeep\n|turn|2\n|j| EllAkuro\n|inactive|Ayae.Hakamada has 30 seconds left.\n|inactive|longhq has 30 seconds left.\n|inactive|Ayae.Hakamada has 20 seconds left.\n|inactive|Ayae.Hakamada has 15 seconds left.\n|\n|t:|1739385452\n|-terastallize|p2b: Ogerpon|Fire\n|detailschange|p2b: Ogerpon|Ogerpon-Hearthflame-Tera, L50, F, tera:Fire\n|-ability|p2b: Ogerpon|Embody Aspect (Hearthflame)|boost\n|-boost|p2b: Ogerpon|atk|1\n|move|p1b: Jumpluff|Tailwind|p1b: Jumpluff\n|-sidestart|p1: longhq|move: Tailwind\n|move|p1a: Koraidon|Flare Blitz|p2b: Ogerpon\n|-resisted|p2b: Ogerpon\n|-damage|p2b: Ogerpon|19\/100\n|-damage|p1a: Koraidon|60\/100|[from] Recoil\n|cant|p2a: Iron Valiant|slp\n|move|p2b: Ogerpon|Ivy Cudgel|p1a: Koraidon|[anim] Ivy Cudgel Fire\n|-resisted|p1a: Koraidon\n|-damage|p1a: Koraidon|0 fnt\n|faint|p1a: Koraidon\n|\n|-weather|SunnyDay|[upkeep]\n|upkeep\n|\n|t:|1739385468\n|switch|p1a: Ogerpon|Ogerpon-Wellspring, L50, F|100\/100\n|turn|3\n|l| tetsuokaga\n|inactive|longhq has 30 seconds left.\n|\n|t:|1739385494\n|cant|p2a: Iron Valiant|slp\n|move|p1b: Jumpluff|Sleep Powder|p2b: Ogerpon|[miss]\n|-miss|p1b: Jumpluff|p2b: Ogerpon\n|move|p1a: Ogerpon|Horn Leech|p2a: Iron Valiant\n|-damage|p2a: Iron Valiant|58\/100 slp\n|move|p2b: Ogerpon|Ivy Cudgel|p1b: Jumpluff|[anim] Ivy Cudgel Fire\n|-supereffective|p1b: Jumpluff\n|-enditem|p1b: Jumpluff|Focus Sash\n|-damage|p1b: Jumpluff|1\/100\n|\n|-weather|SunnyDay|[upkeep]\n|upkeep\n|turn|4\n|j| tetsuokaga\n|inactive|longhq has 30 seconds left.\n|inactive|Ayae.Hakamada has 30 seconds left.\n|\n|t:|1739385527\n|switch|p1b: Kingambit|Kingambit, L50, F|100\/100\n|move|p1a: Ogerpon|Ivy Cudgel|p2b: Ogerpon|[anim] Ivy Cudgel Water\n|-supereffective|p2b: Ogerpon\n|-damage|p2b: Ogerpon|0 fnt\n|faint|p2b: Ogerpon\n|-curestatus|p2a: Iron Valiant|slp|[msg]\n|move|p2a: Iron Valiant|Moonblast|p1b: Kingambit\n|-damage|p1b: Kingambit|63\/100\n|\n|-weather|SunnyDay|[upkeep]\n|upkeep\n|\n|t:|1739385541\n|switch|p2b: Calyrex|Calyrex-Ice, L50|100\/100\n|-ability|p2b: Calyrex|As One\n|-ability|p2b: Calyrex|Unnerve\n|turn|5\n|inactive|longhq has 30 seconds left.\n|inactive|longhq has 20 seconds left.\n|inactive|longhq has 15 seconds left.\n|\n|t:|1739385582\n|move|p1a: Ogerpon|Ivy Cudgel|p2a: Iron Valiant|[anim] Ivy Cudgel Water\n|-crit|p2a: Iron Valiant\n|-damage|p2a: Iron Valiant|10\/100\n|move|p2a: Iron Valiant|Coaching|p2b: Calyrex\n|-boost|p2b: Calyrex|atk|1\n|-boost|p2b: Calyrex|def|1\n|move|p1b: Kingambit|Iron Head|p2b: Calyrex\n|-supereffective|p2b: Calyrex\n|-damage|p2b: Calyrex|63\/100\n|move|p2b: Calyrex|High Horsepower|p1b: Kingambit\n|-supereffective|p1b: Kingambit\n|-damage|p1b: Kingambit|0 fnt\n|faint|p1b: Kingambit\n|-ability|p2b: Calyrex|Chilling Neigh|boost\n|-boost|p2b: Calyrex|atk|1\n|\n|-weather|none\n|-sideend|p1: longhq|move: Tailwind\n|upkeep\n|\n|t:|1739385595\n|switch|p1b: Jumpluff|Jumpluff, L50, F|1\/100\n|turn|6\n|inactive|longhq has 30 seconds left.\n|\n|t:|1739385620\n|move|p2a: Iron Valiant|Moonblast|p1b: Jumpluff\n|-damage|p1b: Jumpluff|0 fnt\n|faint|p1b: Jumpluff\n|move|p1a: Ogerpon|Ivy Cudgel|p2a: Iron Valiant|[anim] Ivy Cudgel Water\n|-damage|p2a: Iron Valiant|0 fnt\n|faint|p2a: Iron Valiant\n|-end|p2a: Iron Valiant|Quark Drive|[silent]\n|move|p2b: Calyrex|Glacial Lance|p1a: Ogerpon\n|-damage|p1a: Ogerpon|0 fnt\n|faint|p1a: Ogerpon\n|\n|win|Ayae.Hakamada\n|raw|longhq's rating: 1582 &rarr; <strong>1564<\/strong><br \/>(-18 for losing)\n|raw|Ayae.Hakamada's rating: 1614 &rarr; <strong>1632<\/strong><br \/>(+18 for winning)\n|l|\u2606longhq\n|player|p1|\n|l| aq12345\n|l|\u2606Ayae.Hakamada\n|player|p2|\n|l| EllAkuro\n|l| tetsuokaga\n|l| john pls\n","uploadtime":1739385845,"views":4,"formatid":"gen9vgc2025regg","rating":1564,"private":0,"password":null}