{"id":"gen9vgc2025regg-2299585273","format":"[Gen 9] VGC 2025 Reg G","players":["TeumessianFox","kajashi"],"log":"|j|\u2606TeumessianFox\n|j|\u2606kajashi\n|t:|1739393549\n|gametype|doubles\n|player|p1|TeumessianFox|102|1613\n|player|p2|kajashi|n|1615\n|teamsize|p1|6\n|teamsize|p2|6\n|gen|9\n|tier|[Gen 9] VGC 2025 Reg G\n|rated|\n|rule|Species Clause: Limit one of each Pok\u00e9mon\n|rule|Item Clause: Limit 1 of each item\n|clearpoke\n|poke|p1|Calyrex-Shadow, L50|\n|poke|p1|Chi-Yu, L50|\n|poke|p1|Grimmsnarl, L50, M|\n|poke|p1|Farigiraf, L50, M|\n|poke|p1|Whimsicott, L50, M|\n|poke|p1|Ogerpon-Cornerstone, L50, F|\n|poke|p2|Incineroar, L50, M|\n|poke|p2|Amoonguss, L50, F|\n|poke|p2|Calyrex-Ice, L50|\n|poke|p2|Raging Bolt, L50|\n|poke|p2|Landorus, L50, M|\n|poke|p2|Urshifu-*, L50, F|\n|teampreview|4\nTeumessianFox rejected open team sheets.\n|inactive|Battle timer is ON: inactive players will automatically lose when time's up. (requested by TeumessianFox)\n|inactive|kajashi has 60 seconds left.\n|\n|t:|1739393607\n|start\n|switch|p1a: Calyrex|Calyrex-Shadow, L50|100\/100\n|switch|p1b: Farigiraf|Farigiraf, L50, M|100\/100\n|switch|p2a: Raging Bolt|Raging Bolt, L50|100\/100\n|switch|p2b: Landorus|Landorus, L50, M|100\/100\n|-ability|p1a: Calyrex|As One\n|-ability|p1a: Calyrex|Unnerve\n|turn|1\n|inactive|TeumessianFox has 30 seconds left.\n|\n|t:|1739393635\n|move|p1a: Calyrex|Protect|p1a: Calyrex\n|-singleturn|p1a: Calyrex|Protect\n|move|p2b: Landorus|Earth Power|p1a: Calyrex\n|-activate|p1a: Calyrex|move: Protect\n|move|p2a: Raging Bolt|Snarl|p1b: Farigiraf|[spread] p1b\n|-activate|p1a: Calyrex|move: Protect\n|-supereffective|p1b: Farigiraf\n|-damage|p1b: Farigiraf|72\/100\n|-unboost|p1b: Farigiraf|spa|1\n|move|p1b: Farigiraf|Psychic|p2b: Landorus\n|-damage|p2b: Landorus|71\/100\n|\n|upkeep\n|turn|2\n|\n|t:|1739393652\n|switch|p2b: Incineroar|Incineroar, L50, M|100\/100\n|-ability|p2b: Incineroar|Intimidate|boost\n|-unboost|p1a: Calyrex|atk|1\n|-unboost|p1b: Farigiraf|atk|1\n|-terastallize|p1a: Calyrex|Ghost\n|-terastallize|p2a: Raging Bolt|Dark\n|move|p1b: Farigiraf|Helping Hand|p1a: Calyrex\n|-singleturn|p1a: Calyrex|Helping Hand|[of] p1b: Farigiraf\n|move|p1a: Calyrex|Astral Barrage|p2a: Raging Bolt|[spread] p2a,p2b\n|-resisted|p2a: Raging Bolt\n|-resisted|p2b: Incineroar\n|-damage|p2a: Raging Bolt|71\/100\n|-damage|p2b: Incineroar|51\/100\n|move|p2a: Raging Bolt|Snarl|p1b: Farigiraf|[spread] p1b\n|-miss|p2a: Raging Bolt|p1a: Calyrex\n|-supereffective|p1b: Farigiraf\n|-damage|p1b: Farigiraf|32\/100\n|-unboost|p1b: Farigiraf|spa|1\n|\n|upkeep\n|turn|3\n|inactive|kajashi has 30 seconds left.\n|\n|t:|1739393678\n|move|p1a: Calyrex|Protect|p1a: Calyrex\n|-singleturn|p1a: Calyrex|Protect\n|move|p2a: Raging Bolt|Snarl|p1b: Farigiraf|[spread] p1b\n|-activate|p1a: Calyrex|move: Protect\n|-supereffective|p1b: Farigiraf\n|-damage|p1b: Farigiraf|0 fnt\n|faint|p1b: Farigiraf\n|move|p2b: Incineroar|Knock Off|p1a: Calyrex\n|-activate|p1a: Calyrex|move: Protect\n|\n|upkeep\n|\n|t:|1739393690\n|switch|p1b: Ogerpon|Ogerpon-Cornerstone, L50, F|100\/100\n|turn|4\n|j| tetsuokaga\n|j| Meiser63\n|\n|t:|1739393712\n|move|p1a: Calyrex|Astral Barrage|p2b: Incineroar|[spread] p2a,p2b\n|-resisted|p2a: Raging Bolt\n|-resisted|p2b: Incineroar\n|-damage|p2a: Raging Bolt|51\/100\n|-damage|p2b: Incineroar|19\/100\n|move|p1b: Ogerpon|Ivy Cudgel|p2b: Incineroar|[anim] Ivy Cudgel Rock\n|-supereffective|p2b: Incineroar\n|-damage|p2b: Incineroar|0 fnt\n|faint|p2b: Incineroar\n|move|p2a: Raging Bolt|Snarl|p1a: Calyrex|[spread] p1a,p1b\n|-supereffective|p1a: Calyrex\n|-damage|p1a: Calyrex|51\/100\n|-damage|p1b: Ogerpon|71\/100\n|-unboost|p1a: Calyrex|spa|1\n|-unboost|p1b: Ogerpon|spa|1\n|\n|upkeep\n|\n|t:|1739393728\n|switch|p2b: Landorus|Landorus, L50, M|71\/100\n|turn|5\n|\n|t:|1739393739\n|switch|p1a: Grimmsnarl|Grimmsnarl, L50, M|100\/100\n|move|p2b: Landorus|Sludge Bomb|p1b: Ogerpon\n|-damage|p1b: Ogerpon|24\/100\n|move|p1b: Ogerpon|Ivy Cudgel|p2b: Landorus|[anim] Ivy Cudgel Rock\n|-damage|p2b: Landorus|0 fnt\n|faint|p2b: Landorus\n|move|p2a: Raging Bolt|Snarl|p1b: Ogerpon|[spread] p1a,p1b\n|-resisted|p1a: Grimmsnarl\n|-damage|p1a: Grimmsnarl|95\/100\n|-damage|p1b: Ogerpon|0 fnt\n|-unboost|p1a: Grimmsnarl|spa|1\n|faint|p1b: Ogerpon\n|\n|upkeep\n|\n|t:|1739393749\n|switch|p1b: Calyrex|Calyrex-Shadow, L50, tera:Ghost|51\/100\n|switch|p2b: Calyrex|Calyrex-Ice, L50|100\/100\n|-ability|p1b: Calyrex|As One\n|-ability|p1b: Calyrex|Unnerve\n|-ability|p2b: Calyrex|As One\n|-ability|p2b: Calyrex|Unnerve\n|turn|6\n|inactive|kajashi has 30 seconds left.\n|\n|t:|1739393779\n|move|p2b: Calyrex|Protect|p2b: Calyrex\n|-singleturn|p2b: Calyrex|Protect\n|move|p1a: Grimmsnarl|Fake Out|p2a: Raging Bolt\n|-damage|p2a: Raging Bolt|44\/100\n|move|p1b: Calyrex|Astral Barrage|p2b: Calyrex|[spread] p2a\n|-activate|p2b: Calyrex|move: Protect\n|-resisted|p2a: Raging Bolt\n|-damage|p2a: Raging Bolt|25\/100\n|cant|p2a: Raging Bolt|flinch\n|\n|upkeep\n|turn|7\n|inactive|TeumessianFox has 30 seconds left.\n|\n|t:|1739393811\n|move|p1b: Calyrex|Astral Barrage|p2a: Raging Bolt|[spread] p2a,p2b\n|-resisted|p2a: Raging Bolt\n|-supereffective|p2b: Calyrex\n|-damage|p2a: Raging Bolt|5\/100\n|-damage|p2b: Calyrex|5\/100\n|move|p2a: Raging Bolt|Snarl|p1a: Grimmsnarl|[spread] p1a,p1b\n|-resisted|p1a: Grimmsnarl\n|-supereffective|p1b: Calyrex\n|-damage|p1a: Grimmsnarl|89\/100\n|-damage|p1b: Calyrex|2\/100\n|-unboost|p1a: Grimmsnarl|spa|1\n|-unboost|p1b: Calyrex|spa|1\n|move|p1a: Grimmsnarl|Spirit Break|p2a: Raging Bolt\n|-supereffective|p2a: Raging Bolt\n|-damage|p2a: Raging Bolt|0 fnt\n|faint|p2a: Raging Bolt\n|-end|p2a: Raging Bolt|Protosynthesis|[silent]\n|move|p2b: Calyrex|Glacial Lance|p1a: Grimmsnarl|[spread] p1a,p1b\n|-damage|p1a: Grimmsnarl|32\/100\n|-damage|p1b: Calyrex|0 fnt\n|faint|p1b: Calyrex\n|-ability|p2b: Calyrex|Chilling Neigh|boost\n|-boost|p2b: Calyrex|atk|1\n|\n|upkeep\n|turn|8\n|\n|t:|1739393831\n|move|p1a: Grimmsnarl|Spirit Break|p2b: Calyrex\n|-damage|p2b: Calyrex|0 fnt\n|-enditem|p1a: Grimmsnarl|Sitrus Berry|[eat]\n|-heal|p1a: Grimmsnarl|57\/100|[from] item: Sitrus Berry\n|faint|p2b: Calyrex\n|\n|win|TeumessianFox\n|raw|TeumessianFox's rating: 1613 &rarr; <strong>1633<\/strong><br \/>(+20 for winning)\n|raw|kajashi's rating: 1615 &rarr; <strong>1595<\/strong><br \/>(-20 for losing)\n|c|\u2606kajashi|gg\n|l| tetsuokaga\n|c|\u2606TeumessianFox|gg\n","uploadtime":1739393839,"views":8,"formatid":"gen9vgc2025regg","rating":1595,"private":0,"password":null}