{"id":"gen9vgc2025regg-2299965557","format":"[Gen 9] VGC 2025 Reg G","players":["tachitsuteto12345","pmg9"],"log":"|j|\u2606tachitsuteto12345\n|j|\u2606pmg9\n|t:|1739449400\n|gametype|doubles\n|player|p1|tachitsuteto12345|170|1585\n|player|p2|pmg9|youngster-gen1|1568\n|teamsize|p1|6\n|teamsize|p2|6\n|gen|9\n|tier|[Gen 9] VGC 2025 Reg G\n|rated|\n|rule|Species Clause: Limit one of each Pok\u00e9mon\n|rule|Item Clause: Limit 1 of each item\n|clearpoke\n|poke|p1|Terapagos, L50, M|\n|poke|p1|Ogerpon-Hearthflame, L50, F|\n|poke|p1|Tornadus, L50, M|\n|poke|p1|Smeargle, L50, F|\n|poke|p1|Dondozo, L50, M|\n|poke|p1|Tatsugiri-Droopy, L50, F|\n|poke|p2|Calyrex-Ice, L50|\n|poke|p2|Gothorita, L50, M|\n|poke|p2|Incineroar, L50, F|\n|poke|p2|Primarina, L50, F|\n|poke|p2|Rillaboom, L50, F|\n|poke|p2|Farigiraf, L50, F|\n|teampreview|4\n|inactive|Battle timer is ON: inactive players will automatically lose when time's up. (requested by pmg9)\n|\n|t:|1739449415\n|start\n|switch|p1a: Terapagos|Terapagos, L50, M|100\/100\n|switch|p1b: Smeargle|Smeargle, L50, F|100\/100\n|switch|p2a: Primarina|Primarina, L50, F|100\/100\n|switch|p2b: Incineroar|Incineroar, L50, F|100\/100\n|-activate|p1a: Terapagos|ability: Tera Shift\n|detailschange|p1a: Terapagos|Terapagos-Terastal, L50, M\n|-heal|p1a: Terapagos|100\/100|[silent]\n|-ability|p2b: Incineroar|Intimidate|boost\n|-unboost|p1a: Terapagos|atk|1\n|-unboost|p1b: Smeargle|atk|1\n|turn|1\n|j| EllAkuro\n|inactive|tachitsuteto12345 has 30 seconds left.\n|\n|t:|1739449449\n|move|p1b: Smeargle|Fake Out|p2b: Incineroar\n|-damage|p2b: Incineroar|98\/100\n|-enditem|p2b: Incineroar|Eject Button\n|\n|t:|1739449451\n|switch|p2b: Gothorita|Gothorita, L50, M|100\/100\n|move|p1a: Terapagos|Tera Starstorm|p2b: Gothorita\n|-damage|p2b: Gothorita|32\/100\n|move|p2a: Primarina|Perish Song|p2a: Primarina\n|-start|p1a: Terapagos|perish3|[silent]\n|-start|p1b: Smeargle|perish3|[silent]\n|-start|p2a: Primarina|perish3|[silent]\n|-start|p2b: Gothorita|perish3|[silent]\n|-fieldactivate|move: Perish Song\n|\n|-start|p1b: Smeargle|perish3\n|-start|p1a: Terapagos|perish3\n|-start|p2a: Primarina|perish3\n|-start|p2b: Gothorita|perish3\n|-ability|p1b: Smeargle|Moody|boost\n|-boost|p1b: Smeargle|spd|2\n|-unboost|p1b: Smeargle|atk|1\n|upkeep\n|turn|2\n|\n|t:|1739449472\n|switch|p2a: Incineroar|Incineroar, L50, F|98\/100\n|-ability|p2a: Incineroar|Intimidate|boost\n|-unboost|p1a: Terapagos|atk|1\n|-unboost|p1b: Smeargle|atk|1\n|-terastallize|p1a: Terapagos|Stellar\n|detailschange|p1a: Terapagos|Terapagos-Stellar, L50, M, tera:Stellar\n|-heal|p1a: Terapagos|100\/100|[silent]\n|move|p2b: Gothorita|Protect|p2b: Gothorita\n|-singleturn|p2b: Gothorita|Protect\n|move|p1b: Smeargle|Decorate|p1a: Terapagos\n|-boost|p1a: Terapagos|atk|2\n|-boost|p1a: Terapagos|spa|2\n|move|p1a: Terapagos|Tera Starstorm|p2b: Gothorita|[spread] p2a\n|-activate|p2b: Gothorita|move: Protect\n|-damage|p2a: Incineroar|12\/100\n|\n|-start|p1b: Smeargle|perish2\n|-start|p1a: Terapagos|perish2\n|-start|p2b: Gothorita|perish2\n|-ability|p1b: Smeargle|Moody|boost\n|-boost|p1b: Smeargle|atk|2\n|-unboost|p1b: Smeargle|def|1\n|upkeep\n|turn|3\n|inactive|tachitsuteto12345 has 30 seconds left.\n|\n|t:|1739449505\n|move|p2a: Incineroar|Fake Out|p1a: Terapagos\n|-damage|p1a: Terapagos|92\/100\n|move|p1b: Smeargle|Spore|p2b: Gothorita\n|-status|p2b: Gothorita|slp|[from] move: Spore\n|cant|p1a: Terapagos|flinch\n|cant|p2b: Gothorita|slp\n|\n|-start|p1b: Smeargle|perish1\n|-start|p1a: Terapagos|perish1\n|-start|p2b: Gothorita|perish1\n|-ability|p1b: Smeargle|Moody|boost\n|-boost|p1b: Smeargle|def|2\n|-unboost|p1b: Smeargle|atk|1\n|upkeep\n|turn|4\n|\n|t:|1739449524\n|switch|p2a: Primarina|Primarina, L50, F|100\/100\n|move|p1b: Smeargle|Spore|p2a: Primarina\n|-status|p2a: Primarina|slp|[from] move: Spore\n|move|p1a: Terapagos|Tera Starstorm|p2b: Gothorita|[spread] p2a,p2b\n|-damage|p2a: Primarina|0 fnt\n|-damage|p2b: Gothorita|0 fnt\n|faint|p2a: Primarina\n|faint|p2b: Gothorita\n|\n|-start|p1b: Smeargle|perish0\n|-start|p1a: Terapagos|perish0\n|faint|p1b: Smeargle\n|faint|p1a: Terapagos\n|upkeep\n|\n|t:|1739449539\n|switch|p1b: Tatsugiri|Tatsugiri-Droopy, L50, F|100\/100\n|switch|p1a: Dondozo|Dondozo, L50, M|100\/100\n|switch|p2a: Calyrex|Calyrex-Ice, L50|100\/100\n|switch|p2b: Incineroar|Incineroar, L50, F|12\/100\n|-ability|p2a: Calyrex|As One\n|-ability|p2a: Calyrex|Unnerve\n|-ability|p2b: Incineroar|Intimidate|boost\n|-unboost|p1a: Dondozo|atk|1\n|-unboost|p1b: Tatsugiri|atk|1\n|-activate|p1b: Tatsugiri|ability: Commander|[of] p1a: Dondozo\n|-boost|p1a: Dondozo|atk|2\n|-boost|p1a: Dondozo|spa|2\n|-boost|p1a: Dondozo|spe|2\n|-boost|p1a: Dondozo|def|2\n|-boost|p1a: Dondozo|spd|2\n|turn|5\n|\n|t:|1739449557\n|move|p1a: Dondozo|Protect|p1a: Dondozo\n|-singleturn|p1a: Dondozo|Protect\n|move|p2b: Incineroar|Fake Out|p1a: Dondozo\n|-activate|p1a: Dondozo|move: Protect\n|move|p2a: Calyrex|Trick Room|p2a: Calyrex\n|-fieldstart|move: Trick Room|[of] p2a: Calyrex\n|\n|upkeep\n|turn|6\n|\n|t:|1739449565\n|move|p2a: Calyrex|High Horsepower|p1a: Dondozo\n|-damage|p1a: Dondozo|91\/100\n|move|p2b: Incineroar|Parting Shot|p1a: Dondozo\n|-unboost|p1a: Dondozo|atk|1\n|-unboost|p1a: Dondozo|spa|1\n|move|p1a: Dondozo|Order Up|p2b: Incineroar\n|-damage|p2b: Incineroar|0 fnt\n|faint|p2b: Incineroar\n|-boost|p1a: Dondozo|def|1\n|\n|-heal|p1a: Dondozo|97\/100|[from] item: Leftovers\n|upkeep\n|turn|7\n|-message|pmg9 forfeited.\n|\n|win|tachitsuteto12345\n|raw|tachitsuteto12345's rating: 1585 &rarr; <strong>1604<\/strong><br \/>(+19 for winning)\n|raw|pmg9's rating: 1568 &rarr; <strong>1549<\/strong><br \/>(-19 for losing)\n|l|\u2606pmg9\n|player|p2|\n|l|\u2606tachitsuteto12345\n|player|p1|\n|l| EllAkuro\n","uploadtime":1739449718,"views":8,"formatid":"gen9vgc2025regg","rating":1549,"private":0,"password":null}