{"id":"gen9vgc2025regg-2299448683","format":"[Gen 9] VGC 2025 Reg G","players":["Weakest blow","Hikawari"],"log":"|j|\u2606Weakest blow\n|j|\u2606Hikawari\n|t:|1739380277\n|gametype|doubles\n|player|p1|Weakest blow|depotagent|1645\n|player|p2|Hikawari|102|1614\n|teamsize|p1|6\n|teamsize|p2|6\n|gen|9\n|tier|[Gen 9] VGC 2025 Reg G\n|rated|\n|rule|Species Clause: Limit one of each Pok\u00e9mon\n|rule|Item Clause: Limit 1 of each item\n|clearpoke\n|poke|p1|Gholdengo, L50|\n|poke|p1|Iron Hands, L50|\n|poke|p1|Miraidon, L50|\n|poke|p1|Pelipper, L50, F|\n|poke|p1|Volcarona, L50, M|\n|poke|p1|Whimsicott, L50, F|\n|poke|p2|Zamazenta-*, L50|\n|poke|p2|Chi-Yu, L50|\n|poke|p2|Rillaboom, L50, F|\n|poke|p2|Flutter Mane, L50|\n|poke|p2|Chien-Pao, L50|\n|poke|p2|Amoonguss, L50, F|\n|teampreview|4\n|inactive|Battle timer is ON: inactive players will automatically lose when time's up. (requested by Hikawari)\n|\n|t:|1739380299\n|start\n|switch|p1a: Volcarona|Volcarona, L50, M|100\/100\n|switch|p1b: Miraidon|Miraidon, L50|100\/100\n|switch|p2a: Zamazenta|Zamazenta-Crowned, L50|100\/100\n|switch|p2b: Chien-Pao|Chien-Pao, L50|100\/100\n|-ability|p2b: Chien-Pao|Sword of Ruin\n|-fieldstart|move: Electric Terrain|[from] ability: Hadron Engine|[of] p1b: Miraidon\n|-ability|p2a: Zamazenta|Dauntless Shield|boost\n|-boost|p2a: Zamazenta|def|1\n|turn|1\n|\n|t:|1739380317\n|move|p2a: Zamazenta|Protect|p2a: Zamazenta\n|-singleturn|p2a: Zamazenta|Protect\n|move|p1a: Volcarona|Rage Powder|p1a: Volcarona\n|-singleturn|p1a: Volcarona|move: Rage Powder\n|move|p2b: Chien-Pao|Icicle Crash|p1a: Volcarona\n|-resisted|p1a: Volcarona\n|-damage|p1a: Volcarona|68\/100\n|move|p1b: Miraidon|Dazzling Gleam|p2b: Chien-Pao|[spread] p2b\n|-activate|p2a: Zamazenta|move: Protect\n|-supereffective|p2b: Chien-Pao\n|-crit|p2b: Chien-Pao\n|-enditem|p2b: Chien-Pao|Focus Sash\n|-damage|p2b: Chien-Pao|1\/100\n|-damage|p1b: Miraidon|91\/100|[from] item: Life Orb\n|\n|upkeep\n|turn|2\n|inactive|Weakest blow has 30 seconds left.\n|\n|t:|1739380344\n|-terastallize|p1b: Miraidon|Fairy\n|move|p2a: Zamazenta|Wide Guard|p2a: Zamazenta\n|-singleturn|p2a: Zamazenta|Wide Guard\n|move|p2b: Chien-Pao|Throat Chop|p1a: Volcarona\n|-damage|p1a: Volcarona|13\/100\n|-start|p1a: Volcarona|Throat Chop|[silent]\n|-damage|p2b: Chien-Pao|0 fnt|[from] item: Rocky Helmet|[of] p1a: Volcarona\n|faint|p2b: Chien-Pao\n|move|p1b: Miraidon|Electro Drift|p2a: Zamazenta\n|-damage|p2a: Zamazenta|0 fnt\n|faint|p2a: Zamazenta\n|-damage|p1b: Miraidon|82\/100|[from] item: Life Orb\n|move|p1a: Volcarona|Struggle Bug|p2: Zamazenta|[notarget]\n|-fail|p1a: Volcarona\n|\n|upkeep\n|\n|t:|1739380353\n|switch|p2b: Rillaboom|Rillaboom, L50, F|100\/100\n|switch|p2a: Chi-Yu|Chi-Yu, L50|100\/100\n|-ability|p2a: Chi-Yu|Beads of Ruin\n|-fieldstart|move: Grassy Terrain|[from] ability: Grassy Surge|[of] p2b: Rillaboom\n|turn|3\n|inactive|Weakest blow has 30 seconds left.\n|\n|t:|1739380381\n|switch|p1b: Iron Hands|Iron Hands, L50|100\/100\n|move|p2b: Rillaboom|Fake Out|p1b: Iron Hands\n|-damage|p1b: Iron Hands|91\/100\n|move|p2a: Chi-Yu|Heat Wave|p1a: Volcarona|[spread] p1a,p1b\n|-damage|p1a: Volcarona|0 fnt\n|-damage|p1b: Iron Hands|67\/100\n|faint|p1a: Volcarona\n|\n|-heal|p1b: Iron Hands|73\/100|[from] Grassy Terrain\n|upkeep\n|\n|t:|1739380394\n|switch|p1a: Miraidon|Miraidon, L50, tera:Fairy|82\/100\n|-fieldstart|move: Electric Terrain|[from] ability: Hadron Engine|[of] p1a: Miraidon\n|-activate|p1b: Iron Hands|ability: Quark Drive\n|-start|p1b: Iron Hands|quarkdriveatk\n|turn|4\n|\n|t:|1739380403\n|-terastallize|p2a: Chi-Yu|Ghost\n|move|p1b: Iron Hands|Fake Out|p2b: Rillaboom\n|-damage|p2b: Rillaboom|82\/100\n|move|p2a: Chi-Yu|Heat Wave|p1b: Iron Hands|[spread] p1a,p1b\n|-damage|p1a: Miraidon|35\/100\n|-damage|p1b: Iron Hands|49\/100\n|move|p1a: Miraidon|Electro Drift|p2a: Chi-Yu\n|-damage|p2a: Chi-Yu|0 fnt\n|faint|p2a: Chi-Yu\n|-damage|p1a: Miraidon|25\/100|[from] item: Life Orb\n|cant|p2b: Rillaboom|flinch\n|\n|upkeep\n|turn|5\n|-message|Hikawari forfeited.\n|\n|win|Weakest blow\n|raw|Weakest blow's rating: 1645 &rarr; <strong>1663<\/strong><br \/>(+18 for winning)\n|raw|Hikawari's rating: 1614 &rarr; <strong>1596<\/strong><br \/>(-18 for losing)\n|l|\u2606Hikawari\n|player|p2|\n|l|\u2606Weakest blow\n|player|p1|\n","uploadtime":1739380554,"views":13,"formatid":"gen9vgc2025regg","rating":1596,"private":0,"password":null}