{"id":"gen9vgc2025regg-2299021493","format":"[Gen 9] VGC 2025 Reg G","players":["Kaicyios","Yung Trav"],"log":"|j|\u2606Kaicyios\n|j|\u2606Yung Trav\n|t:|1739319714\n|gametype|doubles\n|player|p1|Kaicyios|giovanni|1651\n|player|p2|Yung Trav|101|1715\n|teamsize|p1|6\n|teamsize|p2|6\n|gen|9\n|tier|[Gen 9] VGC 2025 Reg G\n|rated|\n|rule|Species Clause: Limit one of each Pok\u00e9mon\n|rule|Item Clause: Limit 1 of each item\n|clearpoke\n|poke|p1|Groudon, L50|\n|poke|p1|Tornadus, L50, M|\n|poke|p1|Flutter Mane, L50|\n|poke|p1|Chi-Yu, L50|\n|poke|p1|Raging Bolt, L50|\n|poke|p1|Armarouge, L50, F|\n|poke|p2|Calyrex-Ice, L50|\n|poke|p2|Regidrago, L50|\n|poke|p2|Smeargle, L50, M|\n|poke|p2|Farigiraf, L50, M|\n|poke|p2|Urshifu-*, L50, M|\n|poke|p2|Ogerpon-Cornerstone, L50, F|\n|teampreview|4\n|inactive|Battle timer is ON: inactive players will automatically lose when time's up. (requested by Yung Trav)\n|\n|t:|1739319741\n|start\n|switch|p1a: Groudon|Groudon, L50|100\/100\n|switch|p1b: Chi-Yu|Chi-Yu, L50|100\/100\n|switch|p2a: Calyrex|Calyrex-Ice, L50|100\/100\n|switch|p2b: Ogerpon|Ogerpon-Cornerstone, L50, F|100\/100\n|-ability|p2a: Calyrex|As One\n|-ability|p2a: Calyrex|Unnerve\n|-ability|p1b: Chi-Yu|Beads of Ruin\n|-weather|SunnyDay|[from] ability: Drought|[of] p1a: Groudon\n|turn|1\n|inactive|Yung Trav has 30 seconds left.\n|inactive|Yung Trav has 20 seconds left.\n|inactive|Yung Trav has 15 seconds left.\n|inactive|Yung Trav has 10 seconds left.\n|inactive|Yung Trav has 5 seconds left.\n|\n|t:|1739319793\n|-terastallize|p2a: Calyrex|Water\n|move|p2b: Ogerpon|Follow Me|p2b: Ogerpon\n|-singleturn|p2b: Ogerpon|move: Follow Me\n|move|p1b: Chi-Yu|Heat Wave|p2a: Calyrex|[spread] p2a,p2b\n|-resisted|p2a: Calyrex\n|-damage|p2a: Calyrex|69\/100\n|-ability|p2b: Ogerpon|Sturdy\n|-damage|p2b: Ogerpon|1\/100\n|move|p1a: Groudon|Precipice Blades|p2a: Calyrex|[spread] p2a,p2b\n|-crit|p2a: Calyrex\n|-damage|p2a: Calyrex|13\/100\n|-damage|p2b: Ogerpon|0 fnt\n|faint|p2b: Ogerpon\n|move|p2a: Calyrex|Trick Room|p2a: Calyrex\n|-fieldstart|move: Trick Room|[of] p2a: Calyrex\n|\n|-weather|SunnyDay|[upkeep]\n|upkeep\n|\n|t:|1739319817\n|switch|p2b: Smeargle|Smeargle, L50, M, shiny|100\/100\n|turn|2\n|\n|t:|1739319841\n|move|p2b: Smeargle|Spore|p1a: Groudon\n|-status|p1a: Groudon|slp|[from] move: Spore\n|move|p2a: Calyrex|High Horsepower|p1b: Chi-Yu\n|-supereffective|p1b: Chi-Yu\n|-damage|p1b: Chi-Yu|0 fnt\n|faint|p1b: Chi-Yu\n|-ability|p2a: Calyrex|Chilling Neigh|boost\n|-boost|p2a: Calyrex|atk|1\n|cant|p1a: Groudon|slp\n|\n|-weather|SunnyDay|[upkeep]\n|upkeep\n|\n|t:|1739319853\n|switch|p1b: Armarouge|Armarouge, L50, F|100\/100\n|-enditem|p1b: Armarouge|Room Service\n|-unboost|p1b: Armarouge|spe|1|[from] item: Room Service\n|turn|3\n|\n|t:|1739319870\n|-terastallize|p1b: Armarouge|Grass\n|move|p1b: Armarouge|Psychic|p2a: Calyrex\n|-damage|p2a: Calyrex|0 fnt\n|faint|p2a: Calyrex\n|move|p2b: Smeargle|Spore|p1b: Armarouge\n|-immune|p1b: Armarouge\n|cant|p1a: Groudon|slp\n|\n|-weather|SunnyDay|[upkeep]\n|upkeep\n|\n|t:|1739319882\n|switch|p2a: Regidrago|Regidrago, L50, shiny|100\/100\n|turn|4\n|j| Jfabricio23\n|\n|t:|1739319906\n|move|p1b: Armarouge|Wide Guard|p1b: Armarouge\n|-singleturn|p1b: Armarouge|Wide Guard\n|move|p2a: Regidrago|Dragon Energy|p1a: Groudon|[spread] \n|-activate|p1a: Groudon|move: Wide Guard\n|-activate|p1b: Armarouge|move: Wide Guard\n|move|p2b: Smeargle|Decorate|p2a: Regidrago\n|-boost|p2a: Regidrago|atk|2\n|-boost|p2a: Regidrago|spa|2\n|-curestatus|p1a: Groudon|slp|[msg]\n|move|p1a: Groudon|Precipice Blades|p2b: Smeargle|[spread] p2a,p2b\n|-damage|p2a: Regidrago|59\/100\n|-damage|p2b: Smeargle|20\/100\n|\n|-weather|SunnyDay|[upkeep]\n|upkeep\n|turn|5\n|inactive|Kaicyios has 30 seconds left.\n|\n|t:|1739319940\n|move|p1b: Armarouge|Wide Guard|p1b: Armarouge\n|-singleturn|p1b: Armarouge|Wide Guard\n|move|p2a: Regidrago|Draco Meteor|p1b: Armarouge\n|-damage|p1b: Armarouge|0 fnt\n|-unboost|p2a: Regidrago|spa|2\n|faint|p1b: Armarouge\n|move|p2b: Smeargle|Spore|p1a: Groudon\n|-status|p1a: Groudon|slp|[from] move: Spore\n|cant|p1a: Groudon|slp\n|\n|-weather|none\n|-fieldend|move: Trick Room\n|upkeep\n|\n|t:|1739319954\n|switch|p1b: Raging Bolt|Raging Bolt, L50|100\/100\n|turn|6\n|inactive|Kaicyios has 30 seconds left.\n|\n|t:|1739319983\n|move|p2b: Smeargle|Follow Me|p2b: Smeargle\n|-singleturn|p2b: Smeargle|move: Follow Me\n|-curestatus|p1a: Groudon|slp|[msg]\n|move|p1a: Groudon|Precipice Blades|p2b: Smeargle|[spread] p2a,p2b\n|-damage|p2a: Regidrago|14\/100\n|-damage|p2b: Smeargle|0 fnt\n|faint|p2b: Smeargle\n|move|p1b: Raging Bolt|Draco Meteor|p2a: Regidrago\n|-supereffective|p2a: Regidrago\n|-damage|p2a: Regidrago|0 fnt\n|-unboost|p1b: Raging Bolt|spa|2\n|faint|p2a: Regidrago\n|-damage|p1b: Raging Bolt|91\/100|[from] item: Life Orb\n|\n|win|Kaicyios\n|raw|Kaicyios's rating: 1651 &rarr; <strong>1675<\/strong><br \/>(+24 for winning)\n|raw|Yung Trav's rating: 1715 &rarr; <strong>1691<\/strong><br \/>(-24 for losing)\n|l|\u2606Yung Trav\n|player|p2|\n|l|\u2606Kaicyios\n|player|p1|\n|l| Jfabricio23\n","uploadtime":1739319997,"views":15,"formatid":"gen9vgc2025regg","rating":1675,"private":0,"password":null}