{"id":"gen9vgc2025regg-2299715115","format":"[Gen 9] VGC 2025 Reg G","players":["Kwiper","Iamsliverfish"],"log":"|j|\u2606Kwiper\n|j|\u2606Iamsliverfish\n|t:|1739408487\n|gametype|doubles\n|player|p1|Kwiper|sycamore|1686\n|player|p2|Iamsliverfish|hiker-gen4|1742\n|teamsize|p1|6\n|teamsize|p2|6\n|gen|9\n|tier|[Gen 9] VGC 2025 Reg G\n|rated|\n|rule|Species Clause: Limit one of each Pok\u00e9mon\n|rule|Item Clause: Limit 1 of each item\n|clearpoke\n|poke|p1|Koraidon, L50|\n|poke|p1|Flutter Mane, L50|\n|poke|p1|Raging Bolt, L50|\n|poke|p1|Tornadus, L50, M|\n|poke|p1|Chi-Yu, L50|\n|poke|p1|Bastiodon, L50, F|\n|poke|p2|Calyrex-Shadow, L50|\n|poke|p2|Ursaluna, L50, M|\n|poke|p2|Indeedee-F, L50, F|\n|poke|p2|Ogerpon-Wellspring, L50, F|\n|poke|p2|Tornadus, L50, M|\n|poke|p2|Chi-Yu, L50|\n|teampreview|4\n|inactive|Battle timer is ON: inactive players will automatically lose when time's up. (requested by Kwiper)\n|\n|t:|1739408513\n|start\n|switch|p1a: Tornadus|Tornadus, L50, M|100\/100\n|switch|p1b: Flutter Mane|Flutter Mane, L50|100\/100\n|switch|p2a: Tornadus|Tornadus, L50, M|100\/100\n|switch|p2b: Ogerpon|Ogerpon-Wellspring, L50, F|100\/100\n|turn|1\n|\n|t:|1739408523\n|move|p1a: Tornadus|Tailwind|p1a: Tornadus\n|-sidestart|p1: Kwiper|move: Tailwind\n|move|p2a: Tornadus|Tailwind|p2a: Tornadus\n|-sidestart|p2: Iamsliverfish|move: Tailwind\n|move|p1b: Flutter Mane|Taunt|p2a: Tornadus\n|-start|p2a: Tornadus|move: Taunt\n|-enditem|p2a: Tornadus|Mental Herb\n|-end|p2a: Tornadus|move: Taunt\n|move|p2b: Ogerpon|Ivy Cudgel|p1b: Flutter Mane|[anim] Ivy Cudgel Water\n|-enditem|p1b: Flutter Mane|Focus Sash\n|-damage|p1b: Flutter Mane|1\/100\n|\n|upkeep\n|turn|2\n|\n|t:|1739408531\n|move|p2b: Ogerpon|Spiky Shield|p2b: Ogerpon\n|-singleturn|p2b: Ogerpon|move: Protect\n|move|p1b: Flutter Mane|Moonblast|p2a: Tornadus\n|-crit|p2a: Tornadus\n|-damage|p2a: Tornadus|0 fnt\n|faint|p2a: Tornadus\n|move|p1a: Tornadus|Bleakwind Storm|p2b: Ogerpon\n|-activate|p2b: Ogerpon|move: Protect\n|\n|upkeep\n|\n|t:|1739408534\n|switch|p2a: Calyrex|Calyrex-Shadow, L50|100\/100\n|-ability|p2a: Calyrex|As One\n|-ability|p2a: Calyrex|Unnerve\n|turn|3\n|j| fairytailrpg\n|\n|t:|1739408544\n|move|p2b: Ogerpon|Follow Me|p2b: Ogerpon\n|-singleturn|p2b: Ogerpon|move: Follow Me\n|move|p1a: Tornadus|Sunny Day|p1a: Tornadus\n|-weather|SunnyDay\n|-activate|p1b: Flutter Mane|ability: Protosynthesis\n|-start|p1b: Flutter Mane|protosynthesisspe\n|move|p1b: Flutter Mane|Icy Wind|p2a: Calyrex|[spread] p2a,p2b\n|-damage|p2a: Calyrex|86\/100\n|-damage|p2b: Ogerpon|86\/100\n|-unboost|p2a: Calyrex|spe|1\n|-unboost|p2b: Ogerpon|spe|1\n|move|p2a: Calyrex|Astral Barrage|p1a: Tornadus|[spread] p1a,p1b\n|-supereffective|p1b: Flutter Mane\n|-damage|p1a: Tornadus|0 fnt\n|-damage|p1b: Flutter Mane|0 fnt\n|faint|p1a: Tornadus\n|faint|p1b: Flutter Mane\n|-end|p1b: Flutter Mane|Protosynthesis|[silent]\n|-ability|p2a: Calyrex|Grim Neigh|boost\n|-boost|p2a: Calyrex|spa|2\n|-damage|p2a: Calyrex|76\/100|[from] item: Life Orb\n|\n|-weather|SunnyDay|[upkeep]\n|upkeep\n|\n|t:|1739408548\n|switch|p1b: Chi-Yu|Chi-Yu, L50|100\/100\n|switch|p1a: Koraidon|Koraidon, L50|100\/100\n|-activate|p1a: Koraidon|ability: Orichalcum Pulse\n|-ability|p1b: Chi-Yu|Beads of Ruin\n|turn|4\n|\n|t:|1739408556\n|-terastallize|p2b: Ogerpon|Water\n|detailschange|p2b: Ogerpon|Ogerpon-Wellspring-Tera, L50, F, tera:Water\n|-ability|p2b: Ogerpon|Embody Aspect (Wellspring)|boost\n|-boost|p2b: Ogerpon|spd|1\n|move|p2a: Calyrex|Protect|p2a: Calyrex\n|-singleturn|p2a: Calyrex|Protect\n|move|p1a: Koraidon|Breaking Swipe|p2b: Ogerpon|[spread] p2b\n|-activate|p2a: Calyrex|move: Protect\n|-damage|p2b: Ogerpon|47\/100\n|-unboost|p2b: Ogerpon|atk|1\n|move|p1b: Chi-Yu|Heat Wave|p2a: Calyrex|[spread] p2b\n|-activate|p2a: Calyrex|move: Protect\n|-resisted|p2b: Ogerpon\n|-damage|p2b: Ogerpon|8\/100\n|move|p2b: Ogerpon|Ivy Cudgel|p1b: Chi-Yu|[anim] Ivy Cudgel Water\n|-supereffective|p1b: Chi-Yu\n|-damage|p1b: Chi-Yu|9\/100\n|\n|-weather|SunnyDay|[upkeep]\n|-sideend|p2: Iamsliverfish|move: Tailwind\n|-sideend|p1: Kwiper|move: Tailwind\n|upkeep\n|turn|5\n|\n|t:|1739408567\n|switch|p2a: Chi-Yu|Chi-Yu, L50|100\/100\n|-ability|p2a: Chi-Yu|Beads of Ruin\n|move|p2b: Ogerpon|Spiky Shield|p2b: Ogerpon\n|-singleturn|p2b: Ogerpon|move: Protect\n|move|p1a: Koraidon|Flare Blitz|p2a: Chi-Yu\n|-resisted|p2a: Chi-Yu\n|-crit|p2a: Chi-Yu\n|-damage|p2a: Chi-Yu|0 fnt\n|faint|p2a: Chi-Yu\n|-damage|p1a: Koraidon|77\/100|[from] Recoil\n|move|p1b: Chi-Yu|Heat Wave|p2b: Ogerpon\n|-activate|p2b: Ogerpon|move: Protect\n|\n|-weather|SunnyDay|[upkeep]\n|upkeep\n|\n|t:|1739408571\n|switch|p2a: Calyrex|Calyrex-Shadow, L50|76\/100\n|-ability|p2a: Calyrex|As One\n|-ability|p2a: Calyrex|Unnerve\n|turn|6\n|\n|t:|1739408588\n|move|p2b: Ogerpon|Spiky Shield|p2b: Ogerpon\n|-singleturn|p2b: Ogerpon|move: Protect\n|move|p2a: Calyrex|Astral Barrage|p1a: Koraidon|[spread] p1a,p1b\n|-resisted|p1b: Chi-Yu\n|-damage|p1a: Koraidon|0 fnt\n|-damage|p1b: Chi-Yu|0 fnt\n|faint|p1a: Koraidon\n|faint|p1b: Chi-Yu\n|-damage|p2a: Calyrex|66\/100|[from] item: Life Orb\n|\n|win|Iamsliverfish\n|raw|Kwiper's rating: 1686 &rarr; <strong>1669<\/strong><br \/>(-17 for losing)\n|raw|Iamsliverfish's rating: 1742 &rarr; <strong>1759<\/strong><br \/>(+17 for winning)\n|l|\u2606Kwiper\n|player|p1|\n|l| fairytailrpg\n","uploadtime":1739408815,"views":27,"formatid":"gen9vgc2025regg","rating":1669,"private":0,"password":null}