{"id":"gen9vgc2025regg-2299050801","format":"[Gen 9] VGC 2025 Reg G","players":["chappell murkroan","Yung Trav"],"log":"|j|\u2606chappell murkroan\n|j|\u2606Yung Trav\n|t:|1739323536\n|gametype|doubles\n|player|p1|chappell murkroan|caitlin|1634\n|player|p2|Yung Trav|101|1717\n|teamsize|p1|6\n|teamsize|p2|6\n|gen|9\n|tier|[Gen 9] VGC 2025 Reg G\n|rated|\n|rule|Species Clause: Limit one of each Pok\u00e9mon\n|rule|Item Clause: Limit 1 of each item\n|clearpoke\n|poke|p1|Slowking, L50, M|\n|poke|p1|Weezing-Galar, L50, M|\n|poke|p1|Baxcalibur, L50, M|\n|poke|p1|Kyogre, L50|\n|poke|p1|Indeedee-F, L50, F|\n|poke|p1|Smeargle, L50, M|\n|poke|p2|Calyrex-Ice, L50|\n|poke|p2|Regidrago, L50|\n|poke|p2|Smeargle, L50, M|\n|poke|p2|Farigiraf, L50, M|\n|poke|p2|Urshifu-*, L50, M|\n|poke|p2|Ogerpon-Cornerstone, L50, F|\n|teampreview|4\n|inactive|Battle timer is ON: inactive players will automatically lose when time's up. (requested by Yung Trav)\n|inactive|chappell murkroan also wants the timer to be on.\n|inactive|Yung Trav has 60 seconds left.\n|\n|t:|1739323574\n|start\n|switch|p1a: Baxcalibur|Baxcalibur, L50, M|100\/100\n|switch|p1b: Indeedee|Indeedee-F, L50, F|100\/100\n|switch|p2a: Calyrex|Calyrex-Ice, L50|100\/100\n|switch|p2b: Ogerpon|Ogerpon-Cornerstone, L50, F|100\/100\n|-ability|p2a: Calyrex|As One\n|-ability|p2a: Calyrex|Unnerve\n|-fieldstart|move: Psychic Terrain|[from] ability: Psychic Surge|[of] p1b: Indeedee\n|turn|1\n|inactive|Yung Trav has 30 seconds left.\n|\n|t:|1739323608\n|move|p1b: Indeedee|Follow Me|p1b: Indeedee\n|-singleturn|p1b: Indeedee|move: Follow Me\n|move|p2b: Ogerpon|Taunt|p1b: Indeedee\n|-start|p1b: Indeedee|move: Taunt\n|move|p1a: Baxcalibur|Icicle Spear|p2b: Ogerpon\n|-supereffective|p2b: Ogerpon\n|-damage|p2b: Ogerpon|65\/100\n|-supereffective|p2b: Ogerpon\n|-damage|p2b: Ogerpon|26\/100\n|-supereffective|p2b: Ogerpon\n|-damage|p2b: Ogerpon|0 fnt\n|faint|p2b: Ogerpon\n|-hitcount|p2: Ogerpon|3\n|move|p2a: Calyrex|Trick Room|p2a: Calyrex\n|-fieldstart|move: Trick Room|[of] p2a: Calyrex\n|\n|upkeep\n|\n|t:|1739323622\n|switch|p2b: Smeargle|Smeargle, L50, M, shiny|100\/100\n|turn|2\n|j| playrornds\n|\n|t:|1739323629\n|switch|p1b: Smeargle|Smeargle, L50, M|100\/100\n|move|p1a: Baxcalibur|Protect|p1a: Baxcalibur\n|-singleturn|p1a: Baxcalibur|Protect\n|move|p2b: Smeargle|Decorate|p2a: Calyrex\n|-boost|p2a: Calyrex|atk|2\n|-boost|p2a: Calyrex|spa|2\n|move|p2a: Calyrex|Glacial Lance|p1b: Smeargle|[spread] p1b\n|-activate|p1a: Baxcalibur|move: Protect\n|-enditem|p1b: Smeargle|Focus Sash\n|-damage|p1b: Smeargle|1\/100\n|\n|-ability|p1b: Smeargle|Moody|boost\n|-boost|p1b: Smeargle|atk|2\n|-unboost|p1b: Smeargle|spe|1\n|upkeep\n|turn|3\n|\n|t:|1739323651\n|-terastallize|p2b: Smeargle|Grass\n|move|p2b: Smeargle|Follow Me|p2b: Smeargle\n|-singleturn|p2b: Smeargle|move: Follow Me\n|move|p1b: Smeargle|Follow Me|p1b: Smeargle\n|-singleturn|p1b: Smeargle|move: Follow Me\n|move|p2a: Calyrex|High Horsepower|p1b: Smeargle\n|-damage|p1b: Smeargle|0 fnt\n|faint|p1b: Smeargle\n|-ability|p2a: Calyrex|Chilling Neigh|boost\n|-boost|p2a: Calyrex|atk|1\n|move|p1a: Baxcalibur|Icicle Spear|p2b: Smeargle\n|-supereffective|p2b: Smeargle\n|-damage|p2b: Smeargle|60\/100\n|-supereffective|p2b: Smeargle\n|-damage|p2b: Smeargle|19\/100\n|-supereffective|p2b: Smeargle\n|-damage|p2b: Smeargle|0 fnt\n|faint|p2b: Smeargle\n|-hitcount|p2: Smeargle|3\n|\n|upkeep\n|\n|t:|1739323669\n|switch|p2b: Regidrago|Regidrago, L50, shiny|100\/100\n|switch|p1b: Indeedee|Indeedee-F, L50, F|100\/100\n|turn|4\n|\n|t:|1739323678\n|move|p1a: Baxcalibur|Protect|p1a: Baxcalibur\n|-singleturn|p1a: Baxcalibur|Protect\n|move|p2b: Regidrago|Dragon Energy|p1a: Baxcalibur|[spread] p1b\n|-activate|p1a: Baxcalibur|move: Protect\n|-damage|p1b: Indeedee|21\/100\n|move|p2a: Calyrex|Glacial Lance|p1b: Indeedee|[spread] p1b\n|-activate|p1a: Baxcalibur|move: Protect\n|-damage|p1b: Indeedee|0 fnt\n|faint|p1b: Indeedee\n|-ability|p2a: Calyrex|Chilling Neigh|boost\n|-boost|p2a: Calyrex|atk|1\n|\n|upkeep\n|\n|t:|1739323680\n|switch|p1b: Kyogre|Kyogre, L50|100\/100\n|-weather|RainDance|[from] ability: Drizzle|[of] p1b: Kyogre\n|turn|5\n|\n|t:|1739323699\n|-terastallize|p1b: Kyogre|Water\n|move|p1a: Baxcalibur|Protect|p1a: Baxcalibur\n|-singleturn|p1a: Baxcalibur|Protect\n|move|p2b: Regidrago|Dragon Energy|p1a: Baxcalibur|[spread] p1b\n|-activate|p1a: Baxcalibur|move: Protect\n|-damage|p1b: Kyogre|41\/100\n|move|p2a: Calyrex|Glacial Lance|p1b: Kyogre|[spread] p1b\n|-activate|p1a: Baxcalibur|move: Protect\n|-resisted|p1b: Kyogre\n|-damage|p1b: Kyogre|0 fnt\n|faint|p1b: Kyogre\n|-ability|p2a: Calyrex|Chilling Neigh|boost\n|-boost|p2a: Calyrex|atk|1\n|\n|-weather|RainDance|[upkeep]\n|-fieldend|move: Trick Room\n|-fieldend|move: Psychic Terrain\n|upkeep\n|turn|6\n|\n|t:|1739323717\n|move|p1a: Baxcalibur|Icicle Spear|p2b: Regidrago\n|-supereffective|p2b: Regidrago\n|-damage|p2b: Regidrago|78\/100\n|-supereffective|p2b: Regidrago\n|-crit|p2b: Regidrago\n|-damage|p2b: Regidrago|47\/100\n|-supereffective|p2b: Regidrago\n|-damage|p2b: Regidrago|25\/100\n|-supereffective|p2b: Regidrago\n|-damage|p2b: Regidrago|5\/100\n|-hitcount|p2b: Regidrago|4\n|move|p2a: Calyrex|Glacial Lance|p1a: Baxcalibur\n|-damage|p1a: Baxcalibur|0 fnt\n|faint|p1a: Baxcalibur\n|\n|win|Yung Trav\n|raw|chappell murkroan's rating: 1634 &rarr; <strong>1619<\/strong><br \/>(-15 for losing)\n|raw|Yung Trav's rating: 1717 &rarr; <strong>1732<\/strong><br \/>(+15 for winning)\n|l|\u2606chappell murkroan\n|player|p1|\n|l|\u2606Yung Trav\n|player|p2|\n|l| playrornds\n","uploadtime":1739323938,"views":5,"formatid":"gen9vgc2025regg","rating":1619,"private":0,"password":null}