{"id":"gen9vgc2025regg-2299780976","format":"[Gen 9] VGC 2025 Reg G","players":["Zakmancho","chappell murkroan"],"log":"|j|\u2606Zakmancho\n|j|\u2606chappell murkroan\n|t:|1739417048\n|gametype|doubles\n|player|p1|Zakmancho|265|1592\n|player|p2|chappell murkroan|caitlin|1702\n|teamsize|p1|6\n|teamsize|p2|6\n|gen|9\n|tier|[Gen 9] VGC 2025 Reg G\n|rated|\n|rule|Species Clause: Limit one of each Pok\u00e9mon\n|rule|Item Clause: Limit 1 of each item\n|clearpoke\n|poke|p1|Koraidon, L50|\n|poke|p1|Chi-Yu, L50|\n|poke|p1|Flutter Mane, L50|\n|poke|p1|Ogerpon-Cornerstone, L50, F|\n|poke|p1|Raging Bolt, L50|\n|poke|p1|Whimsicott, L50, M|\n|poke|p2|Calyrex-Shadow, L50|\n|poke|p2|Urshifu-*, L50, M|\n|poke|p2|Chi-Yu, L50|\n|poke|p2|Roaring Moon, L50|\n|poke|p2|Amoonguss, L50, M|\n|poke|p2|Goodra-Hisui, L50, M|\n|teampreview|4\n|inactive|Battle timer is ON: inactive players will automatically lose when time's up. (requested by chappell murkroan)\n|inactive|Zakmancho also wants the timer to be on.\n|\n|t:|1739417076\n|start\n|switch|p1a: Whimsicott|Whimsicott, L50, M|100\/100\n|switch|p1b: Koraidon|Koraidon, L50|100\/100\n|switch|p2a: Amoonguss|Amoonguss, L50, M|100\/100\n|switch|p2b: Calyrex|Calyrex-Shadow, L50|100\/100\n|-ability|p2b: Calyrex|As One\n|-ability|p2b: Calyrex|Unnerve\n|-weather|SunnyDay|[from] ability: Orichalcum Pulse|[of] p1b: Koraidon\n|-activate|p1b: Koraidon|Orichalcum Pulse|[source]\n|turn|1\n|\n|t:|1739417093\n|-terastallize|p2b: Calyrex|Ghost\n|move|p1b: Koraidon|Protect|p1b: Koraidon\n|-singleturn|p1b: Koraidon|Protect\n|move|p2a: Amoonguss|Rage Powder|p2a: Amoonguss\n|-singleturn|p2a: Amoonguss|move: Rage Powder\n|move|p1a: Whimsicott|Tailwind|p1a: Whimsicott\n|-sidestart|p1: Zakmancho|move: Tailwind\n|move|p2b: Calyrex|Astral Barrage|p1b: Koraidon|[spread] p1a\n|-activate|p1b: Koraidon|move: Protect\n|-enditem|p1a: Whimsicott|Focus Sash\n|-damage|p1a: Whimsicott|1\/100\n|\n|-weather|SunnyDay|[upkeep]\n|upkeep\n|turn|2\n|j| NanshanVGC\n|inactive|Zakmancho has 30 seconds left.\n|inactive|Zakmancho has 20 seconds left.\n|inactive|Zakmancho has 15 seconds left.\n|inactive|Zakmancho has 10 seconds left.\n|inactive|Zakmancho has 5 seconds left.\n|\n|t:|1739417145\n|move|p2a: Amoonguss|Rage Powder|p2a: Amoonguss\n|-singleturn|p2a: Amoonguss|move: Rage Powder\n|move|p1b: Koraidon|Flare Blitz|p2a: Amoonguss\n|-supereffective|p2a: Amoonguss\n|-damage|p2a: Amoonguss|0 fnt\n|-damage|p1b: Koraidon|84\/100|[from] item: Rocky Helmet|[of] p2a: Amoonguss\n|faint|p2a: Amoonguss\n|-damage|p1b: Koraidon|42\/100|[from] Recoil\n|move|p1a: Whimsicott|Moonblast|p2b: Calyrex\n|-damage|p2b: Calyrex|61\/100\n|move|p2b: Calyrex|Astral Barrage|p1a: Whimsicott|[spread] p1a,p1b\n|-damage|p1a: Whimsicott|0 fnt\n|-damage|p1b: Koraidon|0 fnt\n|faint|p1a: Whimsicott\n|faint|p1b: Koraidon\n|-ability|p2b: Calyrex|Grim Neigh|boost\n|-boost|p2b: Calyrex|spa|2\n|\n|-weather|SunnyDay|[upkeep]\n|upkeep\n|\n|t:|1739417158\n|switch|p1b: Chi-Yu|Chi-Yu, L50|100\/100\n|switch|p1a: Raging Bolt|Raging Bolt, L50|100\/100\n|switch|p2a: Roaring Moon|Roaring Moon, L50|100\/100\n|-ability|p1b: Chi-Yu|Beads of Ruin\n|-activate|p1a: Raging Bolt|ability: Protosynthesis\n|-start|p1a: Raging Bolt|protosynthesisspa\n|-activate|p2a: Roaring Moon|ability: Protosynthesis\n|-start|p2a: Roaring Moon|protosynthesisspe\n|turn|3\n|\n|t:|1739417177\n|-terastallize|p1a: Raging Bolt|Fairy\n|move|p2b: Calyrex|Protect|p2b: Calyrex\n|-singleturn|p2b: Calyrex|Protect\n|move|p1b: Chi-Yu|Snarl|p2a: Roaring Moon|[spread] p2a\n|-activate|p2b: Calyrex|move: Protect\n|-resisted|p2a: Roaring Moon\n|-damage|p2a: Roaring Moon|85\/100\n|-unboost|p2a: Roaring Moon|spa|1\n|move|p2a: Roaring Moon|Tailwind|p2a: Roaring Moon\n|-sidestart|p2: chappell murkroan|move: Tailwind\n|move|p1a: Raging Bolt|Draco Meteor|p2a: Roaring Moon\n|-supereffective|p2a: Roaring Moon\n|-damage|p2a: Roaring Moon|0 fnt\n|-unboost|p1a: Raging Bolt|spa|2\n|faint|p2a: Roaring Moon\n|-end|p2a: Roaring Moon|Protosynthesis|[silent]\n|\n|-weather|SunnyDay|[upkeep]\n|upkeep\n|\n|t:|1739417190\n|switch|p2a: Chi-Yu|Chi-Yu, L50|100\/100\n|-ability|p2a: Chi-Yu|Beads of Ruin\n|turn|4\n|\n|t:|1739417202\n|move|p1b: Chi-Yu|Snarl|p2a: Chi-Yu|[spread] p2a,p2b\n|-resisted|p2a: Chi-Yu\n|-supereffective|p2b: Calyrex\n|-damage|p2a: Chi-Yu|91\/100\n|-damage|p2b: Calyrex|0 fnt\n|faint|p2b: Calyrex\n|move|p2a: Chi-Yu|Heat Wave|p1a: Raging Bolt|[spread] p1a,p1b\n|-crit|p1a: Raging Bolt\n|-resisted|p1b: Chi-Yu\n|-damage|p1a: Raging Bolt|39\/100\n|-damage|p1b: Chi-Yu|72\/100\n|move|p1a: Raging Bolt|Draco Meteor|p2a: Chi-Yu\n|-damage|p2a: Chi-Yu|48\/100\n|-unboost|p1a: Raging Bolt|spa|2\n|\n|-weather|SunnyDay|[upkeep]\n|-sideend|p1: Zakmancho|move: Tailwind\n|upkeep\n|turn|5\n|\n|t:|1739417225\n|move|p2a: Chi-Yu|Heat Wave|p1a: Raging Bolt|[spread] p1a,p1b\n|-resisted|p1b: Chi-Yu\n|-damage|p1a: Raging Bolt|0 fnt\n|-damage|p1b: Chi-Yu|43\/100\n|faint|p1a: Raging Bolt\n|-end|p1a: Raging Bolt|Protosynthesis|[silent]\n|move|p1b: Chi-Yu|Snarl|p2a: Chi-Yu|[miss]\n|-miss|p1b: Chi-Yu|p2a: Chi-Yu\n|\n|-weather|none\n|upkeep\n|turn|6\n|j| jonnybouy\n|\n|t:|1739417232\n|move|p2a: Chi-Yu|Heat Wave|p1b: Chi-Yu\n|-resisted|p1b: Chi-Yu\n|-damage|p1b: Chi-Yu|18\/100\n|move|p1b: Chi-Yu|Snarl|p2a: Chi-Yu\n|-resisted|p2a: Chi-Yu\n|-damage|p2a: Chi-Yu|35\/100\n|\n|-sideend|p2: chappell murkroan|move: Tailwind\n|upkeep\n|turn|7\n|\n|t:|1739417237\n|move|p1b: Chi-Yu|Snarl|p2a: Chi-Yu\n|-resisted|p2a: Chi-Yu\n|-damage|p2a: Chi-Yu|22\/100\n|move|p2a: Chi-Yu|Heat Wave|p1b: Chi-Yu\n|-resisted|p1b: Chi-Yu\n|-damage|p1b: Chi-Yu|0 fnt\n|faint|p1b: Chi-Yu\n|\n|win|chappell murkroan\n|raw|Zakmancho's rating: 1592 &rarr; <strong>1578<\/strong><br \/>(-14 for losing)\n|raw|chappell murkroan's rating: 1702 &rarr; <strong>1716<\/strong><br \/>(+14 for winning)\n|l|\u2606Zakmancho\n|player|p1|\n|l|\u2606chappell murkroan\n|player|p2|\n|l| NanshanVGC\n","uploadtime":1739417469,"views":5,"formatid":"gen9vgc2025regg","rating":1578,"private":0,"password":null}