{"id":"gen9vgc2025regg-2299224744","format":"[Gen 9] VGC 2025 Reg G","players":["Hollowkung","Estarossa_152"],"log":"|j|\u2606Hollowkung\n|j|\u2606Estarossa_152\n|t:|1739351767\n|gametype|doubles\n|player|p1|Hollowkung|169|1547\n|player|p2|Estarossa_152|2|1644\n|teamsize|p1|6\n|teamsize|p2|6\n|gen|9\n|tier|[Gen 9] VGC 2025 Reg G\n|rated|\n|rule|Species Clause: Limit one of each Pok\u00e9mon\n|rule|Item Clause: Limit 1 of each item\n|clearpoke\n|poke|p1|Terapagos, L50, M|\n|poke|p1|Tornadus, L50, M|\n|poke|p1|Flutter Mane, L50|\n|poke|p1|Chi-Yu, L50|\n|poke|p1|Rillaboom, L50, M|\n|poke|p1|Urshifu-*, L50, M|\n|poke|p2|Zamazenta-*, L50|\n|poke|p2|Chien-Pao, L50|\n|poke|p2|Flutter Mane, L50|\n|poke|p2|Raging Bolt, L50|\n|poke|p2|Amoonguss, L50, M|\n|poke|p2|Urshifu-*, L50, M|\n|teampreview|4\n|\n|t:|1739351834\n|start\n|switch|p1a: Urshifu|Urshifu-Rapid-Strike, L50, M|100\/100\n|switch|p1b: Tornadus|Tornadus, L50, M|100\/100\n|switch|p2a: Flutter Mane|Flutter Mane, L50, shiny|100\/100\n|switch|p2b: Raging Bolt|Raging Bolt, L50|100\/100\n|-enditem|p2a: Flutter Mane|Booster Energy\n|-activate|p2a: Flutter Mane|ability: Protosynthesis|[fromitem]\n|-start|p2a: Flutter Mane|protosynthesisspe\n|turn|1\n|\n|t:|1739351866\n|move|p1a: Urshifu|Detect|p1a: Urshifu\n|-singleturn|p1a: Urshifu|Protect\n|move|p1b: Tornadus|Rain Dance|p1b: Tornadus\n|-weather|RainDance\n|move|p2a: Flutter Mane|Moonblast|p1a: Urshifu\n|-activate|p1a: Urshifu|move: Protect\n|move|p2b: Raging Bolt|Thunderbolt|p1b: Tornadus\n|-supereffective|p1b: Tornadus\n|-damage|p1b: Tornadus|22\/100\n|\n|-weather|RainDance|[upkeep]\n|upkeep\n|turn|2\n|\n|t:|1739351904\n|-terastallize|p1a: Urshifu|Ghost\n|move|p1b: Tornadus|Tailwind|p1b: Tornadus\n|-sidestart|p1: Hollowkung|move: Tailwind\n|move|p2b: Raging Bolt|Thunderclap|p1a: Urshifu\n|-damage|p1a: Urshifu|44\/100\n|move|p1a: Urshifu|Surging Strikes|p2a: Flutter Mane\n|-crit|p2a: Flutter Mane\n|-damage|p2a: Flutter Mane|42\/100\n|-crit|p2a: Flutter Mane\n|-damage|p2a: Flutter Mane|0 fnt\n|faint|p2a: Flutter Mane\n|-end|p2a: Flutter Mane|Protosynthesis|[silent]\n|-hitcount|p2: Flutter Mane|2\n|\n|-weather|RainDance|[upkeep]\n|upkeep\n|\n|t:|1739351913\n|switch|p2a: Chien-Pao|Chien-Pao, L50|100\/100\n|-ability|p2a: Chien-Pao|Sword of Ruin\n|turn|3\n|\n|t:|1739351925\n|switch|p1a: Terapagos|Terapagos, L50, M|100\/100\n|-activate|p1a: Terapagos|ability: Tera Shift\n|detailschange|p1a: Terapagos|Terapagos-Terastal, L50, M\n|-heal|p1a: Terapagos|100\/100|[silent]\n|switch|p1b: Chi-Yu|Chi-Yu, L50|100\/100\n|-ability|p1b: Chi-Yu|Beads of Ruin\n|move|p2a: Chien-Pao|Sucker Punch||[still]\n|-fail|p2a: Chien-Pao\n|move|p2b: Raging Bolt|Thunderclap||[still]\n|-fail|p2b: Raging Bolt\n|\n|-weather|RainDance|[upkeep]\n|upkeep\n|turn|4\n|\n|t:|1739351953\n|move|p2a: Chien-Pao|Protect|p2a: Chien-Pao\n|-singleturn|p2a: Chien-Pao|Protect\n|move|p1b: Chi-Yu|Heat Wave|p2b: Raging Bolt|[spread] p2b\n|-activate|p2a: Chien-Pao|move: Protect\n|-resisted|p2b: Raging Bolt\n|-damage|p2b: Raging Bolt|93\/100\n|move|p1a: Terapagos|Tera Starstorm|p2a: Chien-Pao\n|-activate|p2a: Chien-Pao|move: Protect\n|move|p2b: Raging Bolt|Snarl|p1b: Chi-Yu|[spread] p1a,p1b\n|-activate|p1a: Terapagos|ability: Tera Shell\n|-resisted|p1a: Terapagos\n|-resisted|p1b: Chi-Yu\n|-damage|p1a: Terapagos|91\/100\n|-damage|p1b: Chi-Yu|92\/100\n|-unboost|p1a: Terapagos|spa|1\n|-unboost|p1b: Chi-Yu|spa|1\n|\n|-weather|RainDance|[upkeep]\n|upkeep\n|turn|5\n|\n|t:|1739352028\n|switch|p2a: Zamazenta|Zamazenta-Crowned, L50, shiny|100\/100\n|-ability|p2a: Zamazenta|Dauntless Shield|boost\n|-boost|p2a: Zamazenta|def|1\n|move|p1b: Chi-Yu|Heat Wave|p2b: Raging Bolt|[spread] p2a\n|-miss|p1b: Chi-Yu|p2b: Raging Bolt\n|-supereffective|p2a: Zamazenta\n|-damage|p2a: Zamazenta|74\/100\n|move|p1a: Terapagos|Tera Starstorm|p2a: Zamazenta\n|-resisted|p2a: Zamazenta\n|-damage|p2a: Zamazenta|48\/100\n|move|p2b: Raging Bolt|Thunderbolt|p1b: Chi-Yu\n|-damage|p1b: Chi-Yu|35\/100\n|\n|-weather|none\n|-sideend|p1: Hollowkung|move: Tailwind\n|upkeep\n|turn|6\n|\n|t:|1739352050\n|move|p2b: Raging Bolt|Thunderclap|p1b: Chi-Yu\n|-damage|p1b: Chi-Yu|0 fnt\n|faint|p1b: Chi-Yu\n|move|p2a: Zamazenta|Body Press|p1a: Terapagos\n|-supereffective|p1a: Terapagos\n|-damage|p1a: Terapagos|0 fnt\n|faint|p1a: Terapagos\n|\n|upkeep\n|-message|Hollowkung forfeited.\n|\n|win|Estarossa_152\n|raw|Hollowkung's rating: 1547 &rarr; <strong>1532<\/strong><br \/>(-15 for losing)\n|raw|Estarossa_152's rating: 1644 &rarr; <strong>1659<\/strong><br \/>(+15 for winning)\n|l|\u2606Hollowkung\n|player|p1|\n|l|\u2606Estarossa_152\n|player|p2|\n","uploadtime":1739352315,"views":45,"formatid":"gen9vgc2025regg","rating":1532,"private":0,"password":null}