{"id":"gen9vgc2025regg-2299005836","format":"[Gen 9] VGC 2025 Reg G","players":["cobalt_poke","chiefclarko11"],"log":"|j|\u2606cobalt_poke\n|j|\u2606chiefclarko11\n|t:|1739317745\n|gametype|doubles\n|player|p1|cobalt_poke|170|1683\n|player|p2|chiefclarko11|102|1650\n|teamsize|p1|6\n|teamsize|p2|6\n|gen|9\n|tier|[Gen 9] VGC 2025 Reg G\n|rated|\n|rule|Species Clause: Limit one of each Pok\u00e9mon\n|rule|Item Clause: Limit 1 of each item\n|clearpoke\n|poke|p1|Weezing-Galar, L50, M|\n|poke|p1|Calyrex-Shadow, L50|\n|poke|p1|Dondozo, L50, F|\n|poke|p1|Tatsugiri, L50, F|\n|poke|p1|Incineroar, L50, M|\n|poke|p1|Roaring Moon, L50|\n|poke|p2|Calyrex-Ice, L50|\n|poke|p2|Urshifu-*, L50, M|\n|poke|p2|Raging Bolt, L50|\n|poke|p2|Grimmsnarl, L50, M|\n|poke|p2|Ogerpon-Hearthflame, L50, F|\n|poke|p2|Landorus, L50, M|\n|teampreview|4\n|j| playrornds\n|inactive|Battle timer is ON: inactive players will automatically lose when time's up. (requested by cobalt_poke)\n|l|\u2606cobalt_poke\n|inactive|cobalt_poke disconnected and has a minute to reconnect!\n|player|p1|\n|\n|t:|1739317776\n|start\n|switch|p1a: Roaring Moon|Roaring Moon, L50|100\/100\n|switch|p1b: Weezing|Weezing-Galar, L50, M|100\/100\n|switch|p2a: Raging Bolt|Raging Bolt, L50|100\/100\n|switch|p2b: Landorus|Landorus, L50, M|100\/100\n|-ability|p1b: Weezing|Neutralizing Gas\n|turn|1\n|j|\u2606cobalt_poke\n|inactive|cobalt_poke reconnected and has 45 seconds left.\n|player|p1|cobalt_poke|170|\n|\n|t:|1739317799\n|move|p1b: Weezing|Protect|p1b: Weezing\n|-singleturn|p1b: Weezing|Protect\n|move|p2b: Landorus|Earth Power|p1b: Weezing\n|-activate|p1b: Weezing|move: Protect\n|move|p1a: Roaring Moon|Snarl|p2a: Raging Bolt|[spread] p2a,p2b\n|-damage|p2a: Raging Bolt|96\/100\n|-damage|p2b: Landorus|91\/100\n|-unboost|p2a: Raging Bolt|spa|1\n|-unboost|p2b: Landorus|spa|1\n|move|p2a: Raging Bolt|Electroweb|p1a: Roaring Moon|[spread] p1a\n|-activate|p1b: Weezing|move: Protect\n|-resisted|p1a: Roaring Moon\n|-damage|p1a: Roaring Moon|96\/100\n|-unboost|p1a: Roaring Moon|spe|1\n|\n|upkeep\n|turn|2\n|inactive|cobalt_poke has 30 seconds left.\n|\n|t:|1739317827\n|-terastallize|p1a: Roaring Moon|Fairy\n|move|p2b: Landorus|Earth Power|p1b: Weezing\n|-supereffective|p1b: Weezing\n|-crit|p1b: Weezing\n|-damage|p1b: Weezing|0 fnt\n|faint|p1b: Weezing\n|-end|p1b: Weezing|ability: Neutralizing Gas\n|-damage|p2b: Landorus|81\/100|[from] item: Life Orb\n|move|p1a: Roaring Moon|Knock Off|p2b: Landorus\n|-damage|p2b: Landorus|5\/100\n|-enditem|p2b: Landorus|Life Orb|[from] move: Knock Off|[of] p1a: Roaring Moon\n|move|p2a: Raging Bolt|Dragon Pulse|p1a: Roaring Moon\n|-immune|p1a: Roaring Moon\n|\n|upkeep\n|\n|t:|1739317840\n|switch|p1b: Dondozo|Dondozo, L50, F|100\/100\n|turn|3\n|\n|t:|1739317853\n|-end|p2a: Raging Bolt|Protosynthesis|[silent]\n|switch|p2a: Calyrex|Calyrex-Ice, L50|100\/100\n|-ability|p2a: Calyrex|As One\n|-ability|p2a: Calyrex|Unnerve\n|move|p1b: Dondozo|Protect|p1b: Dondozo\n|-singleturn|p1b: Dondozo|Protect\n|move|p2b: Landorus|Sandsear Storm|p1b: Dondozo|[spread] p1a\n|-activate|p1b: Dondozo|move: Protect\n|-damage|p1a: Roaring Moon|75\/100\n|move|p1a: Roaring Moon|Tera Blast|p2a: Calyrex|[anim] Tera Blast Fairy\n|-damage|p2a: Calyrex|73\/100\n|\n|upkeep\n|turn|4\n|\n|t:|1739317876\n|-end|p1a: Roaring Moon|Protosynthesis|[silent]\n|switch|p1a: Tatsugiri|Tatsugiri, L50, F|100\/100\n|-activate|p1a: Tatsugiri|ability: Commander|[of] p1b: Dondozo\n|-boost|p1b: Dondozo|atk|2\n|-boost|p1b: Dondozo|spa|2\n|-boost|p1b: Dondozo|spe|2\n|-boost|p1b: Dondozo|def|2\n|-boost|p1b: Dondozo|spd|2\n|move|p2b: Landorus|Sludge Bomb|p1a: Tatsugiri|[miss]\n|-miss|p2b: Landorus|p1a: Tatsugiri\n|move|p1b: Dondozo|Wave Crash|p2a: Calyrex\n|-damage|p2a: Calyrex|9\/100\n|-damage|p1b: Dondozo|84\/100|[from] Recoil\n|move|p2a: Calyrex|Trick Room|p2a: Calyrex\n|-fieldstart|move: Trick Room|[of] p2a: Calyrex\n|\n|-heal|p1b: Dondozo|90\/100|[from] item: Leftovers\n|upkeep\n|turn|5\n|\n|t:|1739317892\n|move|p2a: Calyrex|Glacial Lance|p1b: Dondozo|[spread] p1b\n|-miss|p2a: Calyrex|p1a: Tatsugiri\n|-resisted|p1b: Dondozo\n|-damage|p1b: Dondozo|79\/100\n|move|p1b: Dondozo|Substitute|p1b: Dondozo\n|-start|p1b: Dondozo|Substitute\n|-damage|p1b: Dondozo|55\/100\n|move|p2b: Landorus|Earth Power|p1b: Dondozo\n|-crit|p1b: Dondozo\n|-end|p1b: Dondozo|Substitute\n|\n|-heal|p1b: Dondozo|61\/100|[from] item: Leftovers\n|upkeep\n|turn|6\n|inactive|chiefclarko11 has 30 seconds left.\n|\n|t:|1739317919\n|move|p1b: Dondozo|Protect|p1b: Dondozo\n|-singleturn|p1b: Dondozo|Protect\n|move|p2a: Calyrex|Glacial Lance|p1a: Tatsugiri|[spread] \n|-miss|p2a: Calyrex|p1a: Tatsugiri\n|-activate|p1b: Dondozo|move: Protect\n|move|p2b: Landorus|Earth Power|p1b: Dondozo\n|-activate|p1b: Dondozo|move: Protect\n|\n|-heal|p1b: Dondozo|67\/100|[from] item: Leftovers\n|upkeep\n|turn|7\n|\n|t:|1739317924\n|move|p2a: Calyrex|Glacial Lance|p1b: Dondozo|[spread] p1b\n|-miss|p2a: Calyrex|p1a: Tatsugiri\n|-resisted|p1b: Dondozo\n|-damage|p1b: Dondozo|58\/100\n|move|p1b: Dondozo|Wave Crash|p2b: Landorus\n|-supereffective|p2b: Landorus\n|-damage|p2b: Landorus|0 fnt\n|faint|p2b: Landorus\n|-damage|p1b: Dondozo|57\/100|[from] Recoil\n|\n|-heal|p1b: Dondozo|63\/100|[from] item: Leftovers\n|upkeep\n|\n|t:|1739317936\n|switch|p2b: Raging Bolt|Raging Bolt, L50|96\/100\n|turn|8\n|\n|t:|1739317944\n|switch|p2a: Ogerpon|Ogerpon-Hearthflame, L50, F|100\/100\n|-ability|p2a: Ogerpon|Mold Breaker\n|move|p1b: Dondozo|Protect|p1b: Dondozo\n|-singleturn|p1b: Dondozo|Protect\n|move|p2b: Raging Bolt|Thunderbolt|p1b: Dondozo\n|-activate|p1b: Dondozo|move: Protect\n|\n|-heal|p1b: Dondozo|69\/100|[from] item: Leftovers\n|-fieldend|move: Trick Room\n|upkeep\n|turn|9\n|\n|t:|1739317957\n|move|p2a: Ogerpon|Spiky Shield|p2a: Ogerpon\n|-singleturn|p2a: Ogerpon|move: Protect\n|move|p1b: Dondozo|Earthquake|p2a: Ogerpon|[spread] p2b\n|-miss|p1b: Dondozo|p1a: Tatsugiri\n|-activate|p2a: Ogerpon|move: Protect\n|-supereffective|p2b: Raging Bolt\n|-damage|p2b: Raging Bolt|14\/100\n|move|p2b: Raging Bolt|Thunderbolt|p1b: Dondozo\n|-supereffective|p1b: Dondozo\n|-damage|p1b: Dondozo|17\/100\n|\n|-heal|p1b: Dondozo|23\/100|[from] item: Leftovers\n|upkeep\n|turn|10\n|\n|t:|1739317976\n|move|p2b: Raging Bolt|Thunderclap||[still]\n|-fail|p2b: Raging Bolt\n|move|p2a: Ogerpon|Horn Leech|p1b: Dondozo\n|-supereffective|p1b: Dondozo\n|-damage|p1b: Dondozo|0 fnt\n|faint|p1b: Dondozo\n|\n|upkeep\n|\n|t:|1739317981\n|switch|p1b: Roaring Moon|Roaring Moon, L50, tera:Fairy|75\/100\n|turn|11\n|\n|t:|1739317995\n|move|p2b: Raging Bolt|Thunderclap|p1a: Tatsugiri\n|-damage|p1a: Tatsugiri|49\/100\n|move|p2a: Ogerpon|Horn Leech|p1a: Tatsugiri\n|-damage|p1a: Tatsugiri|0 fnt\n|faint|p1a: Tatsugiri\n|move|p1b: Roaring Moon|Knock Off|p2a: Ogerpon\n|-damage|p2a: Ogerpon|50\/100\n|\n|upkeep\n|turn|12\n|\n|t:|1739318010\n|-terastallize|p2a: Ogerpon|Fire\n|detailschange|p2a: Ogerpon|Ogerpon-Hearthflame-Tera, L50, F, tera:Fire\n|-ability|p2a: Ogerpon|Embody Aspect (Hearthflame)|boost\n|-boost|p2a: Ogerpon|atk|1\n|move|p2a: Ogerpon|Ivy Cudgel|p1b: Roaring Moon|[anim] Ivy Cudgel Fire\n|-damage|p1b: Roaring Moon|0 fnt\n|faint|p1b: Roaring Moon\n|-end|p1b: Roaring Moon|Protosynthesis|[silent]\n|\n|win|chiefclarko11\n|raw|cobalt_poke's rating: 1683 &rarr; <strong>1661<\/strong><br \/>(-22 for losing)\n|raw|chiefclarko11's rating: 1650 &rarr; <strong>1672<\/strong><br \/>(+22 for winning)\n|l|\u2606cobalt_poke\n|player|p1|\n|l|\u2606chiefclarko11\n|player|p2|\n","uploadtime":1739318208,"views":20,"formatid":"gen9vgc2025regg","rating":1661,"private":0,"password":null}