{"id":"gen9vgc2025regg-2299307450","format":"[Gen 9] VGC 2025 Reg G","players":["test-on-calls","Weakest blow"],"log":"|j|\u2606test-on-calls\n|j|\u2606Weakest blow\n|t:|1739365068\n|gametype|doubles\n|player|p1|test-on-calls|266|1716\n|player|p2|Weakest blow|depotagent|1624\n|teamsize|p1|6\n|teamsize|p2|6\n|gen|9\n|tier|[Gen 9] VGC 2025 Reg G\n|rated|\n|rule|Species Clause: Limit one of each Pok\u00e9mon\n|rule|Item Clause: Limit 1 of each item\n|clearpoke\n|poke|p1|Flutter Mane, L50|\n|poke|p1|Groudon, L50|\n|poke|p1|Chi-Yu, L50|\n|poke|p1|Whimsicott, L50, F|\n|poke|p1|Toxapex, L50, M|\n|poke|p1|Annihilape, L50, M|\n|poke|p2|Gholdengo, L50|\n|poke|p2|Iron Hands, L50|\n|poke|p2|Miraidon, L50|\n|poke|p2|Pelipper, L50, M|\n|poke|p2|Volcarona, L50, F|\n|poke|p2|Whimsicott, L50, F|\n|teampreview|4\n|inactive|Battle timer is ON: inactive players will automatically lose when time's up. (requested by test-on-calls)\n|\n|t:|1739365112\n|start\n|switch|p1a: Whimsicott|Whimsicott, L50, F|100\/100\n|switch|p1b: Groudon|Groudon, L50, shiny|100\/100\n|switch|p2a: Pelipper|Pelipper, L50, M|100\/100\n|switch|p2b: Miraidon|Miraidon, L50|100\/100\n|-fieldstart|move: Electric Terrain|[from] ability: Hadron Engine|[of] p2b: Miraidon\n|-enditem|p2a: Pelipper|Electric Seed\n|-boost|p2a: Pelipper|def|1|[from] item: Electric Seed\n|-weather|SunnyDay|[from] ability: Drought|[of] p1b: Groudon\n|-weather|RainDance|[from] ability: Drizzle|[of] p2a: Pelipper\n|turn|1\n|inactive|test-on-calls has 30 seconds left.\n|inactive|Weakest blow has 30 seconds left.\n|\n|t:|1739365139\n|-terastallize|p2b: Miraidon|Fairy\n|-terastallize|p1b: Groudon|Water\n|move|p2a: Pelipper|Helping Hand|p2b: Miraidon\n|-singleturn|p2b: Miraidon|Helping Hand|[of] p2a: Pelipper\n|move|p1a: Whimsicott|Tailwind|p1a: Whimsicott\n|-sidestart|p1: test-on-calls|move: Tailwind\n|move|p1b: Groudon|High Horsepower|p2b: Miraidon\n|-crit|p2b: Miraidon\n|-damage|p2b: Miraidon|8\/100\n|move|p2b: Miraidon|Draco Meteor|p1b: Groudon\n|-damage|p1b: Groudon|0 fnt\n|-unboost|p2b: Miraidon|spa|2\n|faint|p1b: Groudon\n|-damage|p2b: Miraidon|0 fnt|[from] item: Life Orb\n|faint|p2b: Miraidon\n|\n|-weather|RainDance|[upkeep]\n|upkeep\n|\n|t:|1739365161\n|switch|p2b: Gholdengo|Gholdengo, L50|100\/100\n|switch|p1b: Flutter Mane|Flutter Mane, L50, shiny|100\/100\n|turn|2\n|\n|t:|1739365174\n|move|p2b: Gholdengo|Protect|p2b: Gholdengo\n|-singleturn|p2b: Gholdengo|Protect\n|move|p1b: Flutter Mane|Shadow Ball|p2b: Gholdengo\n|-activate|p2b: Gholdengo|move: Protect\n|move|p1a: Whimsicott|Moonblast|p2a: Pelipper\n|-damage|p2a: Pelipper|51\/100\n|move|p2a: Pelipper|Hurricane|p1a: Whimsicott\n|-supereffective|p1a: Whimsicott\n|-enditem|p1a: Whimsicott|Focus Sash\n|-damage|p1a: Whimsicott|1\/100\n|\n|-weather|RainDance|[upkeep]\n|upkeep\n|turn|3\n|\n|t:|1739365194\n|move|p1b: Flutter Mane|Shadow Ball|p2b: Gholdengo\n|-supereffective|p2b: Gholdengo\n|-enditem|p2b: Gholdengo|Focus Sash\n|-damage|p2b: Gholdengo|1\/100\n|-unboost|p2b: Gholdengo|spd|1\n|move|p1a: Whimsicott|Moonblast|p2a: Pelipper\n|-damage|p2a: Pelipper|2\/100\n|move|p2b: Gholdengo|Make It Rain|p1b: Flutter Mane|[spread] p1a,p1b\n|-supereffective|p1a: Whimsicott\n|-supereffective|p1b: Flutter Mane\n|-damage|p1a: Whimsicott|0 fnt\n|-damage|p1b: Flutter Mane|4\/100\n|-unboost|p2b: Gholdengo|spa|1\n|faint|p1a: Whimsicott\n|move|p2a: Pelipper|Hurricane|p1b: Flutter Mane\n|-damage|p1b: Flutter Mane|0 fnt\n|faint|p1b: Flutter Mane\n|-end|p1b: Flutter Mane|Protosynthesis|[silent]\n|\n|-weather|RainDance|[upkeep]\n|upkeep\n|\n|t:|1739365197\n|switch|p1b: Chi-Yu|Chi-Yu, L50|100\/100\n|-ability|p1b: Chi-Yu|Beads of Ruin\n|turn|4\n|c|\u2606test-on-calls|Sash\n|\n|t:|1739365222\n|switch|p2b: Whimsicott|Whimsicott, L50, F|100\/100\n|move|p2a: Pelipper|Wide Guard|p2a: Pelipper\n|-singleturn|p2a: Pelipper|Wide Guard\n|move|p1b: Chi-Yu|Heat Wave|p2b: Whimsicott|[spread] \n|-activate|p2a: Pelipper|move: Wide Guard\n|-activate|p2b: Whimsicott|move: Wide Guard\n|\n|-weather|RainDance|[upkeep]\n|-sideend|p1: test-on-calls|move: Tailwind\n|upkeep\n|turn|5\n|c|\u2606test-on-calls|Neato\n|l|\u2606test-on-calls\n|inactive|test-on-calls disconnected and has a minute to reconnect!\n|player|p1|\n|j|\u2606test-on-calls\n|inactive|test-on-calls reconnected and has 35 seconds left.\n|player|p1|test-on-calls|266|\n|\n|t:|1739365246\n|move|p2a: Pelipper|Wide Guard|p2a: Pelipper\n|-singleturn|p2a: Pelipper|Wide Guard\n|move|p1b: Chi-Yu|Heat Wave|p2a: Pelipper|[spread] \n|-activate|p2a: Pelipper|move: Wide Guard\n|-activate|p2b: Whimsicott|move: Wide Guard\n|move|p2b: Whimsicott|Moonblast|p1b: Chi-Yu\n|-damage|p1b: Chi-Yu|66\/100\n|\n|-weather|none\n|-fieldend|move: Electric Terrain\n|upkeep\n|turn|6\n|c|\u2606Weakest blow|JAJJAJAJAAJ\n|-message|test-on-calls forfeited.\n|\n|win|Weakest blow\n|raw|test-on-calls's rating: 1716 &rarr; <strong>1691<\/strong><br \/>(-25 for losing)\n|raw|Weakest blow's rating: 1624 &rarr; <strong>1649<\/strong><br \/>(+25 for winning)\n|l|\u2606test-on-calls\n|player|p1|\n","uploadtime":1739365264,"views":44,"formatid":"gen9vgc2025regg","rating":1649,"private":0,"password":null}