{"id":"gen9vgc2025regg-2299543390","format":"[Gen 9] VGC 2025 Reg G","players":["ellomategovna","Sheevp"],"log":"|j|\u2606ellomategovna\n|j|\u2606Sheevp\n|t:|1739389355\n|gametype|doubles\n|player|p1|ellomategovna|emmet|1558\n|player|p2|Sheevp|1|1583\n|teamsize|p1|6\n|teamsize|p2|6\n|gen|9\n|tier|[Gen 9] VGC 2025 Reg G\n|rated|\n|rule|Species Clause: Limit one of each Pok\u00e9mon\n|rule|Item Clause: Limit 1 of each item\n|clearpoke\n|poke|p1|Kyogre, L50|\n|poke|p1|Farigiraf, L50, F|\n|poke|p1|Chien-Pao, L50|\n|poke|p1|Amoonguss, L50, M|\n|poke|p1|Tornadus, L50, M|\n|poke|p1|Ursaluna, L50, M|\n|poke|p2|Volcarona, L50, M|\n|poke|p2|Rillaboom, L50, M|\n|poke|p2|Overqwil, L50, F|\n|poke|p2|Landorus, L50, M|\n|poke|p2|Kyogre, L50|\n|poke|p2|Roaring Moon, L50|\n|teampreview|4\n|inactive|Battle timer is ON: inactive players will automatically lose when time's up. (requested by ellomategovna)\n|\n|t:|1739389428\n|start\n|switch|p1a: Tornadus|Tornadus, L50, M|100\/100\n|switch|p1b: Chien-Pao|Chien-Pao, L50|100\/100\n|switch|p2a: Roaring Moon|Roaring Moon, L50, shiny|100\/100\n|switch|p2b: Rillaboom|Rillaboom, L50, M|100\/100\n|-ability|p1b: Chien-Pao|Sword of Ruin\n|-fieldstart|move: Grassy Terrain|[from] ability: Grassy Surge|[of] p2b: Rillaboom\n|-enditem|p2a: Roaring Moon|Booster Energy\n|-activate|p2a: Roaring Moon|ability: Protosynthesis|[fromitem]\n|-start|p2a: Roaring Moon|protosynthesisspe\n|turn|1\n|j| kiabu233\n|inactive|ellomategovna has 30 seconds left.\n|inactive|ellomategovna has 20 seconds left.\n|inactive|ellomategovna has 15 seconds left.\n|inactive|ellomategovna has 10 seconds left.\n|\n|t:|1739389477\n|-terastallize|p2b: Rillaboom|Fire\n|move|p2a: Roaring Moon|Protect|p2a: Roaring Moon\n|-singleturn|p2a: Roaring Moon|Protect\n|move|p1b: Chien-Pao|Protect|p1b: Chien-Pao\n|-singleturn|p1b: Chien-Pao|Protect\n|move|p1a: Tornadus|Bleakwind Storm|p2a: Roaring Moon|[spread] p2b\n|-activate|p2a: Roaring Moon|move: Protect\n|-damage|p2b: Rillaboom|78\/100\n|move|p2b: Rillaboom|Wood Hammer|p1b: Chien-Pao\n|-activate|p1b: Chien-Pao|move: Protect\n|\n|-heal|p2b: Rillaboom|84\/100|[from] Grassy Terrain\n|upkeep\n|turn|2\n|\n|t:|1739389488\n|move|p1a: Tornadus|Tailwind|p1a: Tornadus\n|-sidestart|p1: ellomategovna|move: Tailwind\n|move|p1b: Chien-Pao|Icicle Crash|p2a: Roaring Moon\n|-supereffective|p2a: Roaring Moon\n|-damage|p2a: Roaring Moon|0 fnt\n|faint|p2a: Roaring Moon\n|-end|p2a: Roaring Moon|Protosynthesis|[silent]\n|move|p2b: Rillaboom|U-turn|p1b: Chien-Pao\n|-supereffective|p1b: Chien-Pao\n|-damage|p1b: Chien-Pao|41\/100\n|\n|t:|1739389498\n|switch|p2b: Overqwil|Overqwil, L50, F|100\/100|[from] U-turn\n|\n|-heal|p1b: Chien-Pao|47\/100|[from] Grassy Terrain\n|upkeep\n|\n|t:|1739389504\n|switch|p2a: Kyogre|Kyogre, L50|100\/100\n|-weather|RainDance|[from] ability: Drizzle|[of] p2a: Kyogre\n|turn|3\n|\n|t:|1739389526\n|move|p1b: Chien-Pao|Sucker Punch|p2a: Kyogre\n|-damage|p2a: Kyogre|47\/100\n|move|p1a: Tornadus|Bleakwind Storm|p2b: Overqwil|[spread] p2a,p2b\n|-damage|p2a: Kyogre|21\/100\n|-damage|p2b: Overqwil|46\/100\n|move|p2b: Overqwil|Poison Jab|p1a: Tornadus\n|-damage|p1a: Tornadus|3\/100\n|-damage|p2b: Overqwil|37\/100|[from] item: Life Orb\n|move|p2a: Kyogre|Origin Pulse|p1a: Tornadus|[spread] p1a,p1b\n|-damage|p1a: Tornadus|0 fnt\n|-damage|p1b: Chien-Pao|0 fnt\n|faint|p1a: Tornadus\n|faint|p1b: Chien-Pao\n|\n|-weather|RainDance|[upkeep]\n|-heal|p2b: Overqwil|43\/100|[from] Grassy Terrain\n|-heal|p2a: Kyogre|27\/100|[from] Grassy Terrain\n|upkeep\n|\n|t:|1739389531\n|switch|p1b: Amoonguss|Amoonguss, L50, M|100\/100\n|switch|p1a: Kyogre|Kyogre, L50|100\/100\n|turn|4\n|\n|t:|1739389548\n|-terastallize|p1a: Kyogre|Water\n|move|p2b: Overqwil|Protect|p2b: Overqwil\n|-singleturn|p2b: Overqwil|Protect\n|move|p1a: Kyogre|Water Spout|p2b: Overqwil|[spread] p2a\n|-activate|p2b: Overqwil|move: Protect\n|-resisted|p2a: Kyogre\n|-crit|p2a: Kyogre\n|-damage|p2a: Kyogre|0 fnt\n|faint|p2a: Kyogre\n|move|p1b: Amoonguss|Spore|p2b: Overqwil\n|-activate|p2b: Overqwil|move: Protect\n|\n|-weather|RainDance|[upkeep]\n|-heal|p2b: Overqwil|49\/100|[from] Grassy Terrain\n|upkeep\n|\n|t:|1739389551\n|switch|p2a: Rillaboom|Rillaboom, L50, M, tera:Fire|84\/100\n|turn|5\n|\n|t:|1739389561\n|move|p1b: Amoonguss|Rage Powder|p1b: Amoonguss\n|-singleturn|p1b: Amoonguss|move: Rage Powder\n|move|p2a: Rillaboom|Grassy Glide|p1b: Amoonguss\n|-resisted|p1b: Amoonguss\n|-damage|p1b: Amoonguss|95\/100\n|-damage|p2a: Rillaboom|68\/100|[from] item: Rocky Helmet|[of] p1b: Amoonguss\n|move|p1a: Kyogre|Water Spout|p2a: Rillaboom|[spread] p2a,p2b\n|-supereffective|p2a: Rillaboom\n|-damage|p2a: Rillaboom|0 fnt\n|-damage|p2b: Overqwil|0 fnt\n|faint|p2a: Rillaboom\n|faint|p2b: Overqwil\n|\n|win|ellomategovna\n|raw|ellomategovna's rating: 1558 &rarr; <strong>1579<\/strong><br \/>(+21 for winning)\n|raw|Sheevp's rating: 1583 &rarr; <strong>1562<\/strong><br \/>(-21 for losing)\n|l|\u2606ellomategovna\n|player|p1|\n|l|\u2606Sheevp\n|player|p2|\n|l| kiabu233\n","uploadtime":1739389753,"views":4,"formatid":"gen9vgc2025regg","rating":1562,"private":0,"password":null}