{"id":"gen9vgc2025regg-2299023816","format":"[Gen 9] VGC 2025 Reg G","players":["Kwiper","Yung Trav"],"log":"|j|\u2606Kwiper\n|j|\u2606Yung Trav\n|t:|1739320020\n|gametype|doubles\n|player|p1|Kwiper|sycamore|1696\n|player|p2|Yung Trav|101|1691\n|teamsize|p1|6\n|teamsize|p2|6\n|gen|9\n|tier|[Gen 9] VGC 2025 Reg G\n|rated|\n|rule|Species Clause: Limit one of each Pok\u00e9mon\n|rule|Item Clause: Limit 1 of each item\n|clearpoke\n|poke|p1|Koraidon, L50|\n|poke|p1|Flutter Mane, L50|\n|poke|p1|Raging Bolt, L50|\n|poke|p1|Tornadus, L50, M|\n|poke|p1|Chi-Yu, L50|\n|poke|p1|Bastiodon, L50, F|\n|poke|p2|Calyrex-Ice, L50|\n|poke|p2|Regidrago, L50|\n|poke|p2|Smeargle, L50, M|\n|poke|p2|Farigiraf, L50, M|\n|poke|p2|Urshifu-*, L50, M|\n|poke|p2|Ogerpon-Cornerstone, L50, F|\n|teampreview|4\n|inactive|Battle timer is ON: inactive players will automatically lose when time's up. (requested by Yung Trav)\n|inactive|Kwiper also wants the timer to be on.\n|\n|t:|1739320030\n|start\n|switch|p1a: Flutter Mane|Flutter Mane, L50|100\/100\n|switch|p1b: Chi-Yu|Chi-Yu, L50|100\/100\n|switch|p2a: Calyrex|Calyrex-Ice, L50|100\/100\n|switch|p2b: Ogerpon|Ogerpon-Cornerstone, L50, F|100\/100\n|-ability|p2a: Calyrex|As One\n|-ability|p2a: Calyrex|Unnerve\n|-ability|p1b: Chi-Yu|Beads of Ruin\n|turn|1\n|\n|t:|1739320045\n|-terastallize|p2a: Calyrex|Water\n|move|p2b: Ogerpon|Follow Me|p2b: Ogerpon\n|-singleturn|p2b: Ogerpon|move: Follow Me\n|move|p1a: Flutter Mane|Icy Wind|p2a: Calyrex|[spread] p2a,p2b\n|-resisted|p2a: Calyrex\n|-supereffective|p2b: Ogerpon\n|-damage|p2a: Calyrex|94\/100\n|-damage|p2b: Ogerpon|57\/100\n|-unboost|p2b: Ogerpon|spe|1\n|move|p1b: Chi-Yu|Dark Pulse|p2b: Ogerpon\n|-damage|p2b: Ogerpon|0 fnt\n|faint|p2b: Ogerpon\n|move|p2a: Calyrex|Trick Room|p2a: Calyrex\n|-fieldstart|move: Trick Room|[of] p2a: Calyrex\n|\n|upkeep\n|\n|t:|1739320061\n|switch|p2b: Smeargle|Smeargle, L50, M, shiny|100\/100\n|turn|2\n|\n|t:|1739320084\n|move|p2b: Smeargle|Decorate|p2a: Calyrex\n|-boost|p2a: Calyrex|atk|2\n|-boost|p2a: Calyrex|spa|2\n|move|p2a: Calyrex|High Horsepower|p1b: Chi-Yu\n|-supereffective|p1b: Chi-Yu\n|-damage|p1b: Chi-Yu|0 fnt\n|faint|p1b: Chi-Yu\n|-ability|p2a: Calyrex|Chilling Neigh|boost\n|-boost|p2a: Calyrex|atk|1\n|move|p1a: Flutter Mane|Taunt|p2b: Smeargle\n|-start|p2b: Smeargle|move: Taunt\n|\n|upkeep\n|\n|t:|1739320090\n|switch|p1b: Bastiodon|Bastiodon, L50, F|100\/100\n|turn|3\n|\n|t:|1739320107\n|switch|p2b: Regidrago|Regidrago, L50, shiny|100\/100\n|move|p1b: Bastiodon|Foul Play|p2a: Calyrex\n|-damage|p2a: Calyrex|26\/100\n|move|p2a: Calyrex|High Horsepower|p1a: Flutter Mane\n|-enditem|p1a: Flutter Mane|Focus Sash\n|-damage|p1a: Flutter Mane|1\/100\n|move|p1a: Flutter Mane|Moonblast|p2a: Calyrex\n|-damage|p2a: Calyrex|0 fnt\n|faint|p2a: Calyrex\n|\n|upkeep\n|\n|t:|1739320123\n|switch|p2a: Smeargle|Smeargle, L50, M, shiny|100\/100\n|turn|4\n|\n|t:|1739320140\n|-end|p1a: Flutter Mane|Protosynthesis|[silent]\n|switch|p1a: Koraidon|Koraidon, L50|100\/100\n|-weather|SunnyDay|[from] ability: Orichalcum Pulse|[of] p1a: Koraidon\n|-activate|p1a: Koraidon|Orichalcum Pulse|[source]\n|-terastallize|p1b: Bastiodon|Grass\n|move|p1b: Bastiodon|Body Press|p2a: Smeargle\n|-supereffective|p2a: Smeargle\n|-damage|p2a: Smeargle|12\/100\n|move|p2b: Regidrago|Earth Power|p1a: Koraidon\n|-damage|p1a: Koraidon|72\/100\n|move|p2a: Smeargle|Decorate|p2b: Regidrago\n|-boost|p2b: Regidrago|atk|2\n|-boost|p2b: Regidrago|spa|2\n|\n|-weather|SunnyDay|[upkeep]\n|upkeep\n|turn|5\n|inactive|Kwiper has 30 seconds left.\n|inactive|Yung Trav has 30 seconds left.\n|inactive|Kwiper has 20 seconds left.\n|\n|t:|1739320177\n|move|p1a: Koraidon|Protect|p1a: Koraidon\n|-singleturn|p1a: Koraidon|Protect\n|move|p1b: Bastiodon|Body Press|p2a: Smeargle\n|-supereffective|p2a: Smeargle\n|-damage|p2a: Smeargle|0 fnt\n|faint|p2a: Smeargle\n|move|p2b: Regidrago|Draco Meteor|p1b: Bastiodon\n|-ability|p1b: Bastiodon|Sturdy\n|-damage|p1b: Bastiodon|1\/100\n|-unboost|p2b: Regidrago|spa|2\n|\n|-weather|SunnyDay|[upkeep]\n|-fieldend|move: Trick Room\n|upkeep\n|turn|6\n|-message|Yung Trav forfeited.\n|\n|win|Kwiper\n|raw|Kwiper's rating: 1696 &rarr; <strong>1716<\/strong><br \/>(+20 for winning)\n|raw|Yung Trav's rating: 1691 &rarr; <strong>1671<\/strong><br \/>(-20 for losing)\n|l|\u2606Yung Trav\n|player|p2|\n|l|\u2606Kwiper\n|player|p1|\n","uploadtime":1739320384,"views":20,"formatid":"gen9vgc2025regg","rating":1671,"private":0,"password":null}