{"id":"gen9vgc2025regg-2299471536","format":"[Gen 9] VGC 2025 Reg G","players":["xatseye","Ayae.Hakamada"],"log":"|j|\u2606xatseye\n|j|\u2606Ayae.Hakamada\n|t:|1739382493\n|gametype|doubles\n|player|p1|xatseye|unknown|1617\n|player|p2|Ayae.Hakamada|skyla|1574\n|teamsize|p1|6\n|teamsize|p2|6\n|gen|9\n|tier|[Gen 9] VGC 2025 Reg G\n|rated|\n|rule|Species Clause: Limit one of each Pok\u00e9mon\n|rule|Item Clause: Limit 1 of each item\n|clearpoke\n|poke|p1|Miraidon, L50|\n|poke|p1|Incineroar, L50, F|\n|poke|p1|Urshifu-*, L50, F|\n|poke|p1|Oranguru, L50, F|\n|poke|p1|Clefairy, L50, F|\n|poke|p1|Iron Valiant, L50|\n|poke|p2|Calyrex-Ice, L50|\n|poke|p2|Regieleki, L50|\n|poke|p2|Ogerpon-Hearthflame, L50, F|\n|poke|p2|Urshifu-*, L50, F|\n|poke|p2|Iron Valiant, L50|\n|poke|p2|Farigiraf, L50, F|\n|teampreview|4\n|inactive|Battle timer is ON: inactive players will automatically lose when time's up. (requested by xatseye)\n|inactive|Ayae.Hakamada also wants the timer to be on.\n|inactive|xatseye has 60 seconds left.\n|inactive|Ayae.Hakamada has 60 seconds left.\n|inactive|Ayae.Hakamada has 30 seconds left.\n|\n|t:|1739382563\n|start\n|switch|p1a: Miraidon|Miraidon, L50|100\/100\n|switch|p1b: Oranguru|Oranguru, L50, F|100\/100\n|switch|p2a: Calyrex|Calyrex-Ice, L50|100\/100\n|switch|p2b: Iron Valiant|Iron Valiant, L50|100\/100\n|-ability|p2a: Calyrex|As One\n|-ability|p2a: Calyrex|Unnerve\n|-fieldstart|move: Electric Terrain|[from] ability: Hadron Engine|[of] p1a: Miraidon\n|-enditem|p1a: Miraidon|Electric Seed\n|-boost|p1a: Miraidon|def|1|[from] item: Electric Seed\n|-activate|p1b: Oranguru|ability: Symbiosis|Covert Cloak|[of] p1a: Miraidon\n|-activate|p2b: Iron Valiant|ability: Quark Drive\n|-start|p2b: Iron Valiant|quarkdrivespe\n|turn|1\n|inactive|Ayae.Hakamada has 30 seconds left.\n|\n|t:|1739382595\n|-terastallize|p1a: Miraidon|Electric\n|move|p2b: Iron Valiant|Coaching|p2a: Calyrex\n|-boost|p2a: Calyrex|atk|1\n|-boost|p2a: Calyrex|def|1\n|move|p1a: Miraidon|Calm Mind|p1a: Miraidon\n|-boost|p1a: Miraidon|spa|1\n|-boost|p1a: Miraidon|spd|1\n|move|p2a: Calyrex|Glacial Lance|p1a: Miraidon|[spread] p1a,p1b\n|-damage|p1a: Miraidon|51\/100\n|-damage|p1b: Oranguru|25\/100\n|move|p1b: Oranguru|Instruct|p1a: Miraidon\n|-singleturn|p1a: Miraidon|move: Instruct|[of] p1b: Oranguru\n|move|p1a: Miraidon|Calm Mind|p1a: Miraidon\n|-boost|p1a: Miraidon|spa|1\n|-boost|p1a: Miraidon|spd|1\n|\n|upkeep\n|turn|2\n|inactive|xatseye has 30 seconds left.\n|\n|t:|1739382625\n|move|p1a: Miraidon|Protect|p1a: Miraidon\n|-singleturn|p1a: Miraidon|Protect\n|move|p2b: Iron Valiant|Coaching|p2a: Calyrex\n|-boost|p2a: Calyrex|atk|1\n|-boost|p2a: Calyrex|def|1\n|move|p2a: Calyrex|Glacial Lance|p1a: Miraidon|[spread] p1b\n|-activate|p1a: Miraidon|move: Protect\n|-damage|p1b: Oranguru|0 fnt\n|faint|p1b: Oranguru\n|-ability|p2a: Calyrex|Chilling Neigh|boost\n|-boost|p2a: Calyrex|atk|1\n|\n|upkeep\n|\n|t:|1739382636\n|switch|p1b: Clefairy|Clefairy, L50, F|100\/100\n|turn|3\n|\n|t:|1739382652\n|move|p1b: Clefairy|Follow Me|p1b: Clefairy\n|-singleturn|p1b: Clefairy|move: Follow Me\n|move|p2b: Iron Valiant|Coaching|p2a: Calyrex\n|-boost|p2a: Calyrex|atk|1\n|-boost|p2a: Calyrex|def|1\n|move|p1a: Miraidon|Parabolic Charge|p2a: Calyrex|[spread] p1b,p2a,p2b\n|-damage|p1b: Clefairy|28\/100\n|-heal|p1a: Miraidon|83\/100|[from] drain|[of] p1b: Clefairy\n|-damage|p2a: Calyrex|44\/100\n|-heal|p1a: Miraidon|100\/100|[from] drain|[of] p2a: Calyrex\n|-damage|p2b: Iron Valiant|0 fnt\n|faint|p2b: Iron Valiant\n|-end|p2b: Iron Valiant|Quark Drive|[silent]\n|move|p2a: Calyrex|Glacial Lance|p1a: Miraidon|[spread] p1a,p1b\n|-damage|p1a: Miraidon|37\/100\n|-damage|p1b: Clefairy|0 fnt\n|faint|p1b: Clefairy\n|-ability|p2a: Calyrex|Chilling Neigh|boost\n|-boost|p2a: Calyrex|atk|1\n|\n|upkeep\n|\n|t:|1739382673\n|switch|p2b: Regieleki|Regieleki, L50|100\/100\n|switch|p1b: Iron Valiant|Iron Valiant, L50|100\/100\n|-activate|p1b: Iron Valiant|ability: Quark Drive\n|-start|p1b: Iron Valiant|quarkdrivespe\n|turn|4\n|inactive|Ayae.Hakamada has 30 seconds left.\n|inactive|Ayae.Hakamada has 20 seconds left.\n|inactive|Ayae.Hakamada has 15 seconds left.\n|inactive|Ayae.Hakamada has 10 seconds left.\n|\n|t:|1739382719\n|move|p1b: Iron Valiant|Wide Guard|p1b: Iron Valiant\n|-singleturn|p1b: Iron Valiant|Wide Guard\n|move|p2b: Regieleki|Thunderbolt|p1b: Iron Valiant\n|-damage|p1b: Iron Valiant|0 fnt\n|faint|p1b: Iron Valiant\n|-end|p1b: Iron Valiant|Quark Drive|[silent]\n|move|p1a: Miraidon|Parabolic Charge|p2a: Calyrex|[spread] p2a,p2b\n|-resisted|p2b: Regieleki\n|-damage|p2a: Calyrex|0 fnt\n|-heal|p1a: Miraidon|60\/100|[from] drain|[of] p2a: Calyrex\n|-damage|p2b: Regieleki|0 fnt\n|-heal|p1a: Miraidon|99\/100|[from] drain|[of] p2b: Regieleki\n|faint|p2a: Calyrex\n|faint|p2b: Regieleki\n|\n|upkeep\n|\n|t:|1739382737\n|switch|p2b: Urshifu|Urshifu-Rapid-Strike, L50, F|100\/100\n|turn|5\n|\n|t:|1739382753\n|move|p2b: Urshifu|Detect|p2b: Urshifu\n|-singleturn|p2b: Urshifu|Protect\n|move|p1a: Miraidon|Parabolic Charge|p2b: Urshifu\n|-activate|p2b: Urshifu|move: Protect\n|\n|-fieldend|move: Electric Terrain\n|upkeep\n|turn|6\n|\n|t:|1739382770\n|-terastallize|p2b: Urshifu|Grass\n|move|p1a: Miraidon|Parabolic Charge|p2b: Urshifu\n|-resisted|p2b: Urshifu\n|-damage|p2b: Urshifu|39\/100\n|-heal|p1a: Miraidon|100\/100|[from] drain|[of] p2b: Urshifu\n|move|p2b: Urshifu|Surging Strikes|p1a: Miraidon\n|-crit|p1a: Miraidon\n|-damage|p1a: Miraidon|82\/100\n|-crit|p1a: Miraidon\n|-damage|p1a: Miraidon|63\/100\n|-crit|p1a: Miraidon\n|-damage|p1a: Miraidon|43\/100\n|-hitcount|p1a: Miraidon|3\n|\n|upkeep\n|turn|7\n|-message|Ayae.Hakamada forfeited.\n|\n|win|xatseye\n|raw|xatseye's rating: 1617 &rarr; <strong>1635<\/strong><br \/>(+18 for winning)\n|raw|Ayae.Hakamada's rating: 1574 &rarr; <strong>1556<\/strong><br \/>(-18 for losing)\n|l|\u2606Ayae.Hakamada\n|player|p2|\n|l|\u2606xatseye\n|player|p1|\n","uploadtime":1739383060,"views":5,"formatid":"gen9vgc2025regg","rating":1556,"private":0,"password":null}