{"id":"gen9vgc2025regg-2299532943","format":"[Gen 9] VGC 2025 Reg G","players":["carlosaurio326","longhq"],"log":"|j|\u2606carlosaurio326\n|j|\u2606longhq\n|t:|1739388332\n|gametype|doubles\n|player|p1|carlosaurio326|101|1509\n|player|p2|longhq|dawn|1549\n|teamsize|p1|6\n|teamsize|p2|6\n|gen|9\n|tier|[Gen 9] VGC 2025 Reg G\n|rated|\n|rule|Species Clause: Limit one of each Pok\u00e9mon\n|rule|Item Clause: Limit 1 of each item\n|clearpoke\n|poke|p1|Stonjourner, L50, M|\n|poke|p1|Rillaboom, L50, M|\n|poke|p1|Calyrex-Shadow, L50|\n|poke|p1|Kingambit, L50, F|\n|poke|p1|Amoonguss, L50, M|\n|poke|p1|Porygon2, L50|\n|poke|p2|Raging Bolt, L50|\n|poke|p2|Koraidon, L50|\n|poke|p2|Indeedee-F, L50, F|\n|poke|p2|Kingambit, L50, F|\n|poke|p2|Jumpluff, L50, M|\n|poke|p2|Ogerpon-Wellspring, L50, F|\n|teampreview|4\n|inactive|Battle timer is ON: inactive players will automatically lose when time's up. (requested by carlosaurio326)\n|inactive|longhq has 60 seconds left.\n|\n|t:|1739388419\n|start\n|switch|p1a: Calyrex|Calyrex-Shadow, L50|100\/100\n|switch|p1b: Stonjourner|Stonjourner, L50, M|100\/100\n|switch|p2a: Kingambit|Kingambit, L50, F|100\/100\n|switch|p2b: Koraidon|Koraidon, L50|100\/100\n|-ability|p1a: Calyrex|As One\n|-ability|p1a: Calyrex|Unnerve\n|-weather|SunnyDay|[from] ability: Orichalcum Pulse|[of] p2b: Koraidon\n|-activate|p2b: Koraidon|Orichalcum Pulse|[source]\n|turn|1\n|inactive|carlosaurio326 has 30 seconds left.\n|\n|t:|1739388446\n|-terastallize|p1a: Calyrex|Dark\n|move|p2a: Kingambit|Sucker Punch|p1a: Calyrex\n|-resisted|p1a: Calyrex\n|-damage|p1a: Calyrex|75\/100\n|move|p1a: Calyrex|Astral Barrage|p2b: Koraidon|[spread] p2a,p2b\n|-resisted|p2a: Kingambit\n|-damage|p2a: Kingambit|47\/100\n|-damage|p2b: Koraidon|0 fnt\n|faint|p2b: Koraidon\n|-ability|p1a: Calyrex|Grim Neigh|boost\n|-boost|p1a: Calyrex|spa|1\n|move|p1b: Stonjourner|Body Press|p2a: Kingambit\n|-supereffective|p2a: Kingambit\n|-damage|p2a: Kingambit|0 fnt\n|faint|p2a: Kingambit\n|\n|-weather|SunnyDay|[upkeep]\n|upkeep\n|\n|t:|1739388465\n|switch|p2b: Ogerpon|Ogerpon-Wellspring, L50, F|100\/100\n|switch|p2a: Indeedee|Indeedee-F, L50, F|100\/100\n|-fieldstart|move: Psychic Terrain|[from] ability: Psychic Surge|[of] p2a: Indeedee\n|-enditem|p2a: Indeedee|Psychic Seed\n|-boost|p2a: Indeedee|spd|1|[from] item: Psychic Seed\n|turn|2\n|\n|t:|1739388475\n|move|p2b: Ogerpon|Spiky Shield|p2b: Ogerpon\n|-singleturn|p2b: Ogerpon|move: Protect\n|move|p1a: Calyrex|Astral Barrage|p2a: Indeedee|[spread] \n|-activate|p2b: Ogerpon|move: Protect\n|-immune|p2a: Indeedee\n|move|p1b: Stonjourner|Iron Defense|p1b: Stonjourner\n|-boost|p1b: Stonjourner|def|2\n|move|p2a: Indeedee|Trick Room|p2a: Indeedee\n|-fieldstart|move: Trick Room|[of] p2a: Indeedee\n|\n|-weather|SunnyDay|[upkeep]\n|upkeep\n|turn|3\n|\n|t:|1739388497\n|switch|p1a: Rillaboom|Rillaboom, L50, M|100\/100\n|-fieldstart|move: Grassy Terrain|[from] ability: Grassy Surge|[of] p1a: Rillaboom\n|move|p2a: Indeedee|Psychic|p1b: Stonjourner\n|-damage|p1b: Stonjourner|15\/100\n|move|p1b: Stonjourner|Body Press|p2a: Indeedee\n|-damage|p2a: Indeedee|45\/100\n|move|p2b: Ogerpon|Horn Leech|p1a: Rillaboom\n|-resisted|p1a: Rillaboom\n|-damage|p1a: Rillaboom|75\/100\n|\n|-weather|SunnyDay|[upkeep]\n|-heal|p2a: Indeedee|51\/100|[from] Grassy Terrain\n|-heal|p1a: Rillaboom|81\/100|[from] Grassy Terrain\n|-heal|p1b: Stonjourner|21\/100|[from] Grassy Terrain\n|upkeep\n|turn|4\n|\n|t:|1739388522\n|move|p1b: Stonjourner|Protect|p1b: Stonjourner\n|-singleturn|p1b: Stonjourner|Protect\n|move|p1a: Rillaboom|Grassy Glide|p2a: Indeedee\n|-damage|p2a: Indeedee|0 fnt\n|faint|p2a: Indeedee\n|move|p2b: Ogerpon|Horn Leech|p1b: Stonjourner\n|-activate|p1b: Stonjourner|move: Protect\n|\n|-weather|SunnyDay|[upkeep]\n|-heal|p1a: Rillaboom|87\/100|[from] Grassy Terrain\n|-heal|p1b: Stonjourner|27\/100|[from] Grassy Terrain\n|upkeep\n|turn|5\n|-message|longhq forfeited.\n|\n|win|carlosaurio326\n|raw|carlosaurio326's rating: 1509 &rarr; <strong>1531<\/strong><br \/>(+22 for winning)\n|raw|longhq's rating: 1549 &rarr; <strong>1527<\/strong><br \/>(-22 for losing)\n|l|\u2606longhq\n|player|p2|\n|l|\u2606carlosaurio326\n|player|p1|\n","uploadtime":1739388774,"views":8,"formatid":"gen9vgc2025regg","rating":1527,"private":0,"password":null}