{"id":"gen9vgc2025regg-2299749902","format":"[Gen 9] VGC 2025 Reg G","players":["massan2580","badpiplupvgc"],"log":"|j|\u2606massan2580\n|j|\u2606badpiplupvgc\n|t:|1739412939\n|gametype|doubles\n|player|p1|massan2580|265|1642\n|player|p2|badpiplupvgc|170|1577\n|teamsize|p1|6\n|teamsize|p2|6\n|gen|9\n|tier|[Gen 9] VGC 2025 Reg G\n|rated|\n|rule|Species Clause: Limit one of each Pok\u00e9mon\n|rule|Item Clause: Limit 1 of each item\n|clearpoke\n|poke|p1|Calyrex-Shadow, L50|\n|poke|p1|Grimmsnarl, L50, M|\n|poke|p1|Clefairy, L50, M|\n|poke|p1|Rillaboom, L50, M|\n|poke|p1|Chien-Pao, L50|\n|poke|p1|Dragonite, L50, M|\n|poke|p2|Calyrex-Ice, L50|\n|poke|p2|Amoonguss, L50, F|\n|poke|p2|Raging Bolt, L50|\n|poke|p2|Chi-Yu, L50|\n|poke|p2|Rillaboom, L50, F|\n|poke|p2|Urshifu-*, L50, M|\n|teampreview|4\n|\n|t:|1739412971\n|start\n|switch|p1a: Grimmsnarl|Grimmsnarl, L50, M|100\/100\n|switch|p1b: Calyrex|Calyrex-Shadow, L50|100\/100\n|switch|p2a: Chi-Yu|Chi-Yu, L50|100\/100\n|switch|p2b: Rillaboom|Rillaboom, L50, F|100\/100\n|-ability|p1b: Calyrex|As One\n|-ability|p1b: Calyrex|Unnerve\n|-ability|p2a: Chi-Yu|Beads of Ruin\n|-fieldstart|move: Grassy Terrain|[from] ability: Grassy Surge|[of] p2b: Rillaboom\n|turn|1\n|\n|t:|1739412995\n|move|p1b: Calyrex|Protect|p1b: Calyrex\n|-singleturn|p1b: Calyrex|Protect\n|move|p2b: Rillaboom|Fake Out|p1a: Grimmsnarl\n|-damage|p1a: Grimmsnarl|86\/100\n|cant|p1a: Grimmsnarl|flinch\n|move|p2a: Chi-Yu|Heat Wave|p1b: Calyrex|[spread] p1a\n|-activate|p1b: Calyrex|move: Protect\n|-damage|p1a: Grimmsnarl|34\/100\n|\n|-heal|p1a: Grimmsnarl|40\/100|[from] Grassy Terrain\n|upkeep\n|turn|2\n|\n|t:|1739413012\n|move|p1a: Grimmsnarl|Light Screen|p1a: Grimmsnarl\n|-sidestart|p1: massan2580|move: Light Screen\n|move|p2a: Chi-Yu|Heat Wave|p1b: Calyrex|[spread] p1a,p1b\n|-damage|p1a: Grimmsnarl|7\/100\n|-damage|p1b: Calyrex|72\/100\n|move|p1b: Calyrex|Nasty Plot|p1b: Calyrex\n|-boost|p1b: Calyrex|spa|2\n|move|p2b: Rillaboom|Wood Hammer|p1b: Calyrex\n|-damage|p1b: Calyrex|9\/100\n|-damage|p2b: Rillaboom|79\/100|[from] Recoil\n|\n|-heal|p1b: Calyrex|15\/100|[from] Grassy Terrain\n|-heal|p1b: Calyrex|21\/100|[from] item: Leftovers\n|-heal|p2b: Rillaboom|85\/100|[from] Grassy Terrain\n|-heal|p1a: Grimmsnarl|13\/100|[from] Grassy Terrain\n|upkeep\n|turn|3\n|\n|t:|1739413038\n|move|p1b: Calyrex|Protect|p1b: Calyrex\n|-singleturn|p1b: Calyrex|Protect\n|move|p1a: Grimmsnarl|Parting Shot|p2b: Rillaboom\n|-unboost|p2b: Rillaboom|atk|1\n|-unboost|p2b: Rillaboom|spa|1\n|\n|t:|1739413041\n|switch|p1a: Clefairy|Clefairy, L50, M|100\/100|[from] Parting Shot\n|move|p2a: Chi-Yu|Heat Wave|p1a: Clefairy|[spread] p1a\n|-activate|p1b: Calyrex|move: Protect\n|-damage|p1a: Clefairy|72\/100\n|move|p2b: Rillaboom|U-turn|p1a: Clefairy\n|-resisted|p1a: Clefairy\n|-damage|p1a: Clefairy|66\/100\n|\n|t:|1739413064\n|switch|p2b: Urshifu|Urshifu, L50, M|100\/100|[from] U-turn\n|\n|-heal|p1b: Calyrex|27\/100|[from] Grassy Terrain\n|-heal|p1b: Calyrex|32\/100|[from] item: Leftovers\n|-heal|p1a: Clefairy|72\/100|[from] Grassy Terrain\n|upkeep\n|turn|4\n|\n|t:|1739413076\n|move|p1a: Clefairy|Follow Me|p1a: Clefairy\n|-singleturn|p1a: Clefairy|move: Follow Me\n|move|p2a: Chi-Yu|Heat Wave|p1b: Calyrex|[spread] p1a,p1b\n|-damage|p1a: Clefairy|43\/100\n|-damage|p1b: Calyrex|10\/100\n|move|p1b: Calyrex|Astral Barrage|p2a: Chi-Yu|[spread] p2a,p2b\n|-resisted|p2a: Chi-Yu\n|-resisted|p2b: Urshifu\n|-damage|p2a: Chi-Yu|42\/100\n|-enditem|p2b: Urshifu|Focus Sash\n|-damage|p2b: Urshifu|1\/100\n|move|p2b: Urshifu|Wicked Blow|p1a: Clefairy\n|-resisted|p1a: Clefairy\n|-crit|p1a: Clefairy\n|-damage|p1a: Clefairy|17\/100\n|\n|-heal|p2a: Chi-Yu|48\/100|[from] Grassy Terrain\n|-heal|p1b: Calyrex|15\/100|[from] Grassy Terrain\n|-heal|p1b: Calyrex|21\/100|[from] item: Leftovers\n|-heal|p2b: Urshifu|7\/100|[from] Grassy Terrain\n|-heal|p1a: Clefairy|23\/100|[from] Grassy Terrain\n|upkeep\n|turn|5\n|\n|t:|1739413105\n|move|p1a: Clefairy|Follow Me|p1a: Clefairy\n|-singleturn|p1a: Clefairy|move: Follow Me\n|move|p2a: Chi-Yu|Heat Wave|p1b: Calyrex|[spread] p1a,p1b\n|-damage|p1a: Clefairy|0 fnt\n|-damage|p1b: Calyrex|0 fnt\n|faint|p1a: Clefairy\n|faint|p1b: Calyrex\n|move|p2b: Urshifu|Wicked Blow|p1: Clefairy|[notarget]\n|-fail|p2b: Urshifu\n|\n|-heal|p2a: Chi-Yu|54\/100|[from] Grassy Terrain\n|-heal|p2b: Urshifu|12\/100|[from] Grassy Terrain\n|-fieldend|move: Grassy Terrain\n|upkeep\n|-message|massan2580 forfeited.\n|\n|win|badpiplupvgc\n|raw|massan2580's rating: 1642 &rarr; <strong>1618<\/strong><br \/>(-24 for losing)\n|raw|badpiplupvgc's rating: 1577 &rarr; <strong>1601<\/strong><br \/>(+24 for winning)\n|l|\u2606massan2580\n|player|p1|\n|l|\u2606badpiplupvgc\n|player|p2|\n","uploadtime":1739413283,"views":10,"formatid":"gen9vgc2025regg","rating":1601,"private":0,"password":null}