{"id":"gen9vgc2025regg-2299994704","format":"[Gen 9] VGC 2025 Reg G","players":["Schimmli","The Slimmest Jesus"],"log":"|j|\u2606Schimmli\n|j|\u2606The Slimmest Jesus\n|t:|1739453466\n|gametype|doubles\n|player|p1|Schimmli|alder|1554\n|player|p2|The Slimmest Jesus|101|1696\n|teamsize|p1|6\n|teamsize|p2|6\n|gen|9\n|tier|[Gen 9] VGC 2025 Reg G\n|rated|\n|rule|Species Clause: Limit one of each Pok\u00e9mon\n|rule|Item Clause: Limit 1 of each item\n|clearpoke\n|poke|p1|Zacian-*, L50|\n|poke|p1|Regidrago, L50|\n|poke|p1|Tornadus, L50, M|\n|poke|p1|Urshifu-*, L50, F|\n|poke|p1|Ogerpon-Hearthflame, L50, F|\n|poke|p1|Farigiraf, L50, M|\n|poke|p2|Indeedee-F, L50, F|\n|poke|p2|Regidrago, L50|\n|poke|p2|Torkoal, L50, M|\n|poke|p2|Gallade, L50, M|\n|poke|p2|Calyrex-Ice, L50|\n|poke|p2|Annihilape, L50, M|\n|teampreview|4\n|inactive|Battle timer is ON: inactive players will automatically lose when time's up. (requested by The Slimmest Jesus)\n|inactive|The Slimmest Jesus has 60 seconds left.\n|inactive|The Slimmest Jesus has 30 seconds left.\n|inactive|The Slimmest Jesus has 20 seconds left.\n|inactive|The Slimmest Jesus has 15 seconds left.\n|inactive|The Slimmest Jesus has 10 seconds left.\n|\n|t:|1739453559\n|start\n|switch|p1a: Regidrago|Regidrago, L50|100\/100\n|switch|p1b: Tornadus|Tornadus, L50, M|100\/100\n|switch|p2a: Calyrex|Calyrex-Ice, L50|100\/100\n|switch|p2b: Annihilape|Annihilape, L50, M|100\/100\n|-ability|p2a: Calyrex|As One\n|-ability|p2a: Calyrex|Unnerve\n|turn|1\n|\n|t:|1739453583\n|move|p2a: Calyrex|Protect|p2a: Calyrex\n|-singleturn|p2a: Calyrex|Protect\n|move|p1b: Tornadus|Tailwind|p1b: Tornadus\n|-sidestart|p1: Schimmli|move: Tailwind\n|move|p1a: Regidrago|Dragon Energy|p2a: Calyrex|[spread] p2b\n|-activate|p2a: Calyrex|move: Protect\n|-damage|p2b: Annihilape|4\/100\n|-damage|p1a: Regidrago|91\/100|[from] item: Life Orb\n|move|p2b: Annihilape|Close Combat|p1a: Regidrago\n|-damage|p1a: Regidrago|37\/100\n|-unboost|p2b: Annihilape|def|1\n|-unboost|p2b: Annihilape|spd|1\n|\n|upkeep\n|turn|2\n|\n|t:|1739453602\n|-terastallize|p1a: Regidrago|Ghost\n|move|p1b: Tornadus|Bleakwind Storm|p2a: Calyrex|[spread] p2b\n|-miss|p1b: Tornadus|p2a: Calyrex\n|-supereffective|p2b: Annihilape\n|-damage|p2b: Annihilape|0 fnt\n|faint|p2b: Annihilape\n|move|p1a: Regidrago|Tera Blast|p2a: Calyrex|[anim] Tera Blast Ghost\n|-supereffective|p2a: Calyrex\n|-damage|p2a: Calyrex|29\/100\n|-damage|p1a: Regidrago|27\/100|[from] item: Life Orb\n|move|p2a: Calyrex|Trick Room|p2a: Calyrex\n|-fieldstart|move: Trick Room|[of] p2a: Calyrex\n|\n|upkeep\n|\n|t:|1739453618\n|switch|p2b: Gallade|Gallade, L50, M|100\/100\n|turn|3\n|\n|t:|1739453635\n|move|p1b: Tornadus|Taunt|p2b: Gallade\n|-start|p2b: Gallade|move: Taunt\n|move|p2a: Calyrex|Glacial Lance|p1b: Tornadus|[spread] p1a,p1b\n|-crit|p1a: Regidrago\n|-supereffective|p1b: Tornadus\n|-damage|p1a: Regidrago|0 fnt\n|-damage|p1b: Tornadus|0 fnt\n|faint|p1a: Regidrago\n|faint|p1b: Tornadus\n|-ability|p2a: Calyrex|Chilling Neigh|boost\n|-boost|p2a: Calyrex|atk|2\n|move|p2b: Gallade|Sacred Sword|p1: Regidrago|[notarget]\n|-fail|p2b: Gallade\n|\n|upkeep\n|\n|t:|1739453648\n|switch|p1a: Zacian|Zacian-Crowned, L50|100\/100\n|switch|p1b: Farigiraf|Farigiraf, L50, M|100\/100\n|-ability|p1a: Zacian|Intrepid Sword|boost\n|-boost|p1a: Zacian|atk|1\n|turn|4\n|inactive|Schimmli has 30 seconds left.\n|\n|t:|1739453674\n|move|p1a: Zacian|Protect|p1a: Zacian\n|-singleturn|p1a: Zacian|Protect\n|move|p2a: Calyrex|Glacial Lance|p1a: Zacian|[spread] p1b\n|-activate|p1a: Zacian|move: Protect\n|-damage|p1b: Farigiraf|4\/100\n|move|p2b: Gallade|Sacred Sword|p1b: Farigiraf\n|-damage|p1b: Farigiraf|0 fnt\n|faint|p1b: Farigiraf\n|\n|-sideend|p1: Schimmli|move: Tailwind\n|upkeep\n|turn|5\n|\n|t:|1739453689\n|move|p2a: Calyrex|Close Combat|p1a: Zacian\n|-damage|p1a: Zacian|8\/100\n|-unboost|p2a: Calyrex|def|1\n|-unboost|p2a: Calyrex|spd|1\n|-enditem|p2a: Calyrex|White Herb\n|-clearnegativeboost|p2a: Calyrex|[silent]\n|move|p2b: Gallade|Sacred Sword|p1a: Zacian\n|-damage|p1a: Zacian|0 fnt\n|faint|p1a: Zacian\n|\n|win|The Slimmest Jesus\n|raw|Schimmli's rating: 1554 &rarr; <strong>1542<\/strong><br \/>(-12 for losing)\n|raw|The Slimmest Jesus's rating: 1696 &rarr; <strong>1708<\/strong><br \/>(+12 for winning)\n|l|\u2606Schimmli\n|player|p1|\n|l|\u2606The Slimmest Jesus\n|player|p2|\n","uploadtime":1739453954,"views":5,"formatid":"gen9vgc2025regg","rating":1542,"private":0,"password":null}