{"id":"gen9vgc2025regg-2299840778","format":"[Gen 9] VGC 2025 Reg G","players":["dave savez","pentagonSG"],"log":"|j|\u2606dave savez\n|j|\u2606pentagonSG\n|t:|1739426636\n|gametype|doubles\n|player|p1|dave savez|101|1659\n|player|p2|pentagonSG|266|1639\n|teamsize|p1|6\n|teamsize|p2|6\n|gen|9\n|tier|[Gen 9] VGC 2025 Reg G\n|rated|\n|rule|Species Clause: Limit one of each Pok\u00e9mon\n|rule|Item Clause: Limit 1 of each item\n|clearpoke\n|poke|p1|Koraidon, L50|\n|poke|p1|Raging Bolt, L50|\n|poke|p1|Flutter Mane, L50|\n|poke|p1|Ogerpon-Cornerstone, L50, F|\n|poke|p1|Volcarona, L50, M|\n|poke|p1|Umbreon, L50, M|\n|poke|p2|Volcarona, L50, F|\n|poke|p2|Miraidon, L50|\n|poke|p2|Grimmsnarl, L50, M|\n|poke|p2|Okidogi, L50, M|\n|poke|p2|Iron Hands, L50|\n|poke|p2|Farigiraf, L50, M|\n|teampreview|4\n|inactive|Battle timer is ON: inactive players will automatically lose when time's up. (requested by dave savez)\n|inactive|dave savez has 60 seconds left.\n|inactive|dave savez has 30 seconds left.\n|inactive|pentagonSG has 60 seconds left.\n|inactive|dave savez has 20 seconds left.\n|inactive|dave savez has 15 seconds left.\n|inactive|dave savez has 10 seconds left.\n|inactive|dave savez has 5 seconds left.\n|\n|t:|1739426724\n|start\n|switch|p1a: Umbreon|Umbreon, L50, M|100\/100\n|switch|p1b: Koraidon|Koraidon, L50|100\/100\n|switch|p2a: Grimmsnarl|Grimmsnarl, L50, M|100\/100\n|switch|p2b: Okidogi|Okidogi, L50, M|100\/100\n|-weather|SunnyDay|[from] ability: Orichalcum Pulse|[of] p1b: Koraidon\n|-activate|p1b: Koraidon|Orichalcum Pulse|[source]\n|turn|1\n|j| Figo_44\n|inactive|dave savez has 30 seconds left.\n|inactive|dave savez has 20 seconds left.\n|inactive|dave savez has 15 seconds left.\n|\n|t:|1739426768\n|switch|p1a: Volcarona|Volcarona, L50, M|100\/100\n|move|p2a: Grimmsnarl|Reflect|p2a: Grimmsnarl\n|-sidestart|p2: pentagonSG|Reflect\n|move|p1b: Koraidon|Flame Charge|p2a: Grimmsnarl\n|-damage|p2a: Grimmsnarl|70\/100\n|-boost|p1b: Koraidon|spe|1\n|move|p2b: Okidogi|Knock Off|p1b: Koraidon\n|-resisted|p1b: Koraidon\n|-damage|p1b: Koraidon|88\/100\n|-enditem|p1b: Koraidon|Clear Amulet|[from] move: Knock Off|[of] p2b: Okidogi\n|\n|-weather|SunnyDay|[upkeep]\n|upkeep\n|turn|2\n|inactive|dave savez has 30 seconds left.\n|inactive|dave savez has 20 seconds left.\n|inactive|pentagonSG has 30 seconds left.\n|inactive|dave savez has 15 seconds left.\n|inactive|dave savez has 10 seconds left.\n|inactive|dave savez has 5 seconds left.\n|\n|t:|1739426821\n|-terastallize|p1b: Koraidon|Fire\n|move|p1a: Volcarona|Rage Powder|p1a: Volcarona\n|-singleturn|p1a: Volcarona|move: Rage Powder\n|move|p2a: Grimmsnarl|Parting Shot|p1a: Volcarona\n|-unboost|p1a: Volcarona|atk|1\n|-unboost|p1a: Volcarona|spa|1\n|\n|t:|1739426828\n|switch|p2a: Miraidon|Miraidon, L50|100\/100|[from] Parting Shot\n|-fieldstart|move: Electric Terrain|[from] ability: Hadron Engine|[of] p2a: Miraidon\n|move|p1b: Koraidon|Flame Charge|p2a: Miraidon\n|-resisted|p2a: Miraidon\n|-damage|p2a: Miraidon|76\/100\n|-boost|p1b: Koraidon|spe|1\n|move|p2b: Okidogi|Poison Jab|p1a: Volcarona\n|-damage|p1a: Volcarona|61\/100\n|-damage|p2b: Okidogi|84\/100|[from] item: Rocky Helmet|[of] p1a: Volcarona\n|\n|-weather|SunnyDay|[upkeep]\n|upkeep\n|turn|3\n|\n|t:|1739426849\n|move|p1a: Volcarona|Rage Powder|p1a: Volcarona\n|-singleturn|p1a: Volcarona|move: Rage Powder\n|move|p1b: Koraidon|Collision Course|p2a: Miraidon\n|-damage|p2a: Miraidon|27\/100\n|move|p2a: Miraidon|Volt Switch|p1a: Volcarona\n|-damage|p1a: Volcarona|0 fnt\n|faint|p1a: Volcarona\n|\n|t:|1739426859\n|switch|p2a: Grimmsnarl|Grimmsnarl, L50, M|70\/100|[from] Volt Switch\n|move|p2b: Okidogi|Drain Punch|p1b: Koraidon\n|-damage|p1b: Koraidon|59\/100\n|-heal|p2b: Okidogi|99\/100|[from] drain|[of] p1b: Koraidon\n|\n|-weather|SunnyDay|[upkeep]\n|upkeep\n|inactive|dave savez has 30 seconds left.\n|inactive|dave savez has 20 seconds left.\n|inactive|dave savez has 15 seconds left.\n|inactive|dave savez has 10 seconds left.\n|inactive|dave savez has 5 seconds left.\n|\n|t:|1739426910\n|switch|p1a: Ogerpon|Ogerpon-Cornerstone, L50, F|100\/100\n|turn|4\n|\n|t:|1739426932\n|move|p1b: Koraidon|Flame Charge|p2b: Okidogi\n|-crit|p2b: Okidogi\n|-damage|p2b: Okidogi|17\/100\n|-boost|p1b: Koraidon|spe|1\n|move|p1a: Ogerpon|Ivy Cudgel|p2a: Grimmsnarl|[anim] Ivy Cudgel Rock\n|-damage|p2a: Grimmsnarl|26\/100\n|move|p2b: Okidogi|Drain Punch|p1a: Ogerpon\n|-supereffective|p1a: Ogerpon\n|-ability|p1a: Ogerpon|Sturdy\n|-damage|p1a: Ogerpon|1\/100\n|-heal|p2b: Okidogi|57\/100|[from] drain|[of] p1a: Ogerpon\n|move|p2a: Grimmsnarl|Spirit Break|p1a: Ogerpon\n|-damage|p1a: Ogerpon|0 fnt\n|faint|p1a: Ogerpon\n|\n|-weather|SunnyDay|[upkeep]\n|upkeep\n|\n|t:|1739426942\n|switch|p1a: Umbreon|Umbreon, L50, M|100\/100\n|turn|5\n|inactive|dave savez has 30 seconds left.\n|inactive|dave savez has 20 seconds left.\n|inactive|dave savez has 15 seconds left.\n|\n|t:|1739426983\n|move|p2a: Grimmsnarl|Parting Shot|p1b: Koraidon\n|-unboost|p1b: Koraidon|atk|1\n|-unboost|p1b: Koraidon|spa|1\n|\n|t:|1739426987\n|switch|p2a: Volcarona|Volcarona, L50, F|100\/100|[from] Parting Shot\n|-enditem|p2a: Volcarona|Electric Seed\n|-boost|p2a: Volcarona|def|1|[from] item: Electric Seed\n|move|p1b: Koraidon|Flare Blitz|p2b: Okidogi\n|-damage|p2b: Okidogi|11\/100\n|-damage|p1b: Koraidon|45\/100|[from] Recoil\n|move|p2b: Okidogi|Drain Punch|p1a: Umbreon\n|-supereffective|p1a: Umbreon\n|-damage|p1a: Umbreon|50\/100\n|-heal|p2b: Okidogi|37\/100|[from] drain|[of] p1a: Umbreon\n|move|p1a: Umbreon|Taunt|p2a: Volcarona\n|-start|p2a: Volcarona|move: Taunt\n|\n|-weather|none\n|upkeep\n|turn|6\n|\n|t:|1739427011\n|move|p1a: Umbreon|Detect|p1a: Umbreon\n|-singleturn|p1a: Umbreon|Protect\n|move|p1b: Koraidon|Flare Blitz|p2b: Okidogi\n|-damage|p2b: Okidogi|12\/100\n|-damage|p1b: Koraidon|37\/100|[from] Recoil\n|move|p2a: Volcarona|Heat Wave|p1a: Umbreon|[spread] p1b\n|-activate|p1a: Umbreon|move: Protect\n|-resisted|p1b: Koraidon\n|-damage|p1b: Koraidon|22\/100\n|move|p2b: Okidogi|Drain Punch|p1a: Umbreon\n|-activate|p1a: Umbreon|move: Protect\n|\n|-fieldend|move: Electric Terrain\n|upkeep\n|turn|7\n|\n|t:|1739427028\n|move|p1b: Koraidon|Flame Charge|p2b: Okidogi\n|-damage|p2b: Okidogi|0 fnt\n|-boost|p1b: Koraidon|spe|1\n|faint|p2b: Okidogi\n|move|p2a: Volcarona|Heat Wave|p1a: Umbreon|[spread] p1b\n|-miss|p2a: Volcarona|p1a: Umbreon\n|-resisted|p1b: Koraidon\n|-crit|p1b: Koraidon\n|-damage|p1b: Koraidon|1\/100\n|move|p1a: Umbreon|Foul Play|p2a: Volcarona\n|-damage|p2a: Volcarona|91\/100\n|\n|-end|p2a: Volcarona|move: Taunt\n|upkeep\n|\n|t:|1739427042\n|switch|p2b: Grimmsnarl|Grimmsnarl, L50, M|26\/100\n|turn|8\n|j| Wanshanmeiyangcui\n|inactive|dave savez has 30 seconds left.\n|\n|t:|1739427068\n|move|p1b: Koraidon|Flame Charge|p2b: Grimmsnarl\n|-damage|p2b: Grimmsnarl|7\/100\n|-boost|p1b: Koraidon|spe|1\n|move|p2a: Volcarona|Heat Wave|p1b: Koraidon|[spread] p1a,p1b\n|-resisted|p1b: Koraidon\n|-damage|p1a: Umbreon|26\/100\n|-damage|p1b: Koraidon|0 fnt\n|faint|p1b: Koraidon\n|move|p2b: Grimmsnarl|Spirit Break|p1a: Umbreon\n|-supereffective|p1a: Umbreon\n|-crit|p1a: Umbreon\n|-damage|p1a: Umbreon|0 fnt\n|faint|p1a: Umbreon\n|\n|win|pentagonSG\n|raw|dave savez's rating: 1659 &rarr; <strong>1638<\/strong><br \/>(-21 for losing)\n|raw|pentagonSG's rating: 1639 &rarr; <strong>1660<\/strong><br \/>(+21 for winning)\n|c|\u2606dave savez|gg\n|l|\u2606dave savez\n|player|p1|\n|l|\u2606pentagonSG\n|player|p2|\n|l| Wanshanmeiyangcui\n","uploadtime":1739427267,"views":7,"formatid":"gen9vgc2025regg","rating":1638,"private":0,"password":null}