{"id":"gen9vgc2025regg-2299544647","format":"[Gen 9] VGC 2025 Reg G","players":["kasdfds","zonavideovigilada"],"log":"|j|\u203dkasdfds\n|j|\u2606zonavideovigilada\n|t:|1739389480\n|gametype|doubles\n|player|p1|kasdfds|102|1628\n|player|p2|zonavideovigilada|101|1605\n|teamsize|p1|6\n|teamsize|p2|6\n|gen|9\n|tier|[Gen 9] VGC 2025 Reg G\n|rated|\n|rule|Species Clause: Limit one of each Pok\u00e9mon\n|rule|Item Clause: Limit 1 of each item\n|clearpoke\n|poke|p1|Zacian-*, L50|\n|poke|p1|Chien-Pao, L50|\n|poke|p1|Ogerpon-Wellspring, L50, F|\n|poke|p1|Tornadus, L50, M|\n|poke|p1|Snorlax, L50, M|\n|poke|p1|Okidogi, L50, M|\n|poke|p2|Urshifu-*, L50, M|\n|poke|p2|Whimsicott, L50, M|\n|poke|p2|Miraidon, L50|\n|poke|p2|Iron Hands, L50|\n|poke|p2|Incineroar, L50, M|\n|poke|p2|Iron Leaves, L50|\n|teampreview|4\n|\n|t:|1739389547\n|start\n|switch|p1a: Okidogi|Okidogi, L50, M|100\/100\n|switch|p1b: Ogerpon|Ogerpon-Wellspring, L50, F|100\/100\n|switch|p2a: Whimsicott|Whimsicott, L50, M|100\/100\n|switch|p2b: Incineroar|Incineroar, L50, M|100\/100\n|-ability|p2b: Incineroar|Intimidate|boost\n|-ability|p1a: Okidogi|Guard Dog|boost\n|-boost|p1a: Okidogi|atk|1\n|-unboost|p1b: Ogerpon|atk|1\n|turn|1\n|\n|t:|1739389559\n|-terastallize|p2b: Incineroar|Ghost\n|move|p2a: Whimsicott|Tailwind|p2a: Whimsicott\n|-sidestart|p2: zonavideovigilada|move: Tailwind\n|move|p1b: Ogerpon|Ivy Cudgel|p2b: Incineroar|[anim] Ivy Cudgel Water\n|-damage|p2b: Incineroar|66\/100\n|move|p2b: Incineroar|Will-O-Wisp|p1a: Okidogi\n|-status|p1a: Okidogi|brn\n|move|p1a: Okidogi|Poison Jab|p2a: Whimsicott\n|-supereffective|p2a: Whimsicott\n|-damage|p2a: Whimsicott|0 fnt\n|faint|p2a: Whimsicott\n|\n|-damage|p1a: Okidogi|94\/100 brn|[from] brn\n|upkeep\n|\n|t:|1739389575\n|switch|p2a: Miraidon|Miraidon, L50|100\/100\n|-fieldstart|move: Electric Terrain|[from] ability: Hadron Engine|[of] p2a: Miraidon\n|turn|2\n|\n|t:|1739389585\n|move|p1b: Ogerpon|Spiky Shield|p1b: Ogerpon\n|-singleturn|p1b: Ogerpon|move: Protect\n|move|p2a: Miraidon|Electro Drift|p1a: Okidogi\n|-crit|p1a: Okidogi\n|-damage|p1a: Okidogi|0 fnt\n|faint|p1a: Okidogi\n|move|p2b: Incineroar|Parting Shot|p1b: Ogerpon\n|-activate|p1b: Ogerpon|move: Protect\n|\n|upkeep\n|\n|t:|1739389597\n|switch|p1a: Chien-Pao|Chien-Pao, L50|100\/100\n|-ability|p1a: Chien-Pao|Sword of Ruin\n|turn|3\n|\n|t:|1739389611\n|move|p2a: Miraidon|Electro Drift|p1b: Ogerpon\n|-damage|p1b: Ogerpon|0 fnt\n|faint|p1b: Ogerpon\n|move|p1a: Chien-Pao|Ice Spinner|p2a: Miraidon\n|-supereffective|p2a: Miraidon\n|-damage|p2a: Miraidon|0 fnt\n|-fieldend|move: Electric Terrain\n|faint|p2a: Miraidon\n|move|p2b: Incineroar|Will-O-Wisp|p1a: Chien-Pao\n|-status|p1a: Chien-Pao|brn\n|\n|-damage|p1a: Chien-Pao|95\/100 brn|[from] brn\n|upkeep\n|\n|t:|1739389620\n|switch|p2a: Iron Hands|Iron Hands, L50|100\/100\n|switch|p1b: Zacian|Zacian-Crowned, L50|100\/100\n|-ability|p1b: Zacian|Intrepid Sword|boost\n|-boost|p1b: Zacian|atk|1\n|turn|4\n|\n|t:|1739389631\n|move|p1b: Zacian|Protect|p1b: Zacian\n|-singleturn|p1b: Zacian|Protect\n|move|p1a: Chien-Pao|Protect|p1a: Chien-Pao\n|-singleturn|p1a: Chien-Pao|Protect\n|move|p2b: Incineroar|Will-O-Wisp|p1b: Zacian\n|-activate|p1b: Zacian|move: Protect\n|move|p2a: Iron Hands|Swords Dance|p2a: Iron Hands\n|-boost|p2a: Iron Hands|atk|2\n|\n|-damage|p1a: Chien-Pao|89\/100 brn|[from] brn\n|-sideend|p2: zonavideovigilada|move: Tailwind\n|upkeep\n|turn|5\n|j| kiabu233\n|\n|t:|1739389654\n|-terastallize|p1b: Zacian|Ground\n|move|p2a: Iron Hands|Detect|p2a: Iron Hands\n|-singleturn|p2a: Iron Hands|Protect\n|move|p1b: Zacian|Behemoth Blade|p2b: Incineroar\n|-damage|p2b: Incineroar|0 fnt\n|faint|p2b: Incineroar\n|move|p1a: Chien-Pao|Ice Spinner|p2a: Iron Hands\n|-activate|p2a: Iron Hands|move: Protect\n|\n|-damage|p1a: Chien-Pao|83\/100 brn|[from] brn\n|upkeep\n|turn|6\n|inactive|Battle timer is ON: inactive players will automatically lose when time's up. (requested by zonavideovigilada)\n|\n|t:|1739389672\n|move|p1b: Zacian|Tera Blast|p2a: Iron Hands|[anim] Tera Blast Ground\n|-supereffective|p2a: Iron Hands\n|-damage|p2a: Iron Hands|0 fnt\n|faint|p2a: Iron Hands\n|-end|p2a: Iron Hands|Quark Drive|[silent]\n|\n|win|kasdfds\n|raw|kasdfds's rating: 1628 &rarr; <strong>1647<\/strong><br \/>(+19 for winning)\n|raw|zonavideovigilada's rating: 1605 &rarr; <strong>1586<\/strong><br \/>(-19 for losing)\n|l|\u2606zonavideovigilada\n|player|p2|\n|l|\u203dkasdfds\n|player|p1|\n|l| kiabu233\n","uploadtime":1739389892,"views":4,"formatid":"gen9vgc2025regg","rating":1586,"private":0,"password":null}