{"id":"gen9vgc2025regg-2299499635","format":"[Gen 9] VGC 2025 Reg G","players":["zero_the_enforcer","TViewierVGC"],"log":"|j|\u2606zero_the_enforcer\n|j|\u2606TViewierVGC\n|t:|1739385138\n|gametype|doubles\n|player|p1|zero_the_enforcer|265|1537\n|player|p2|TViewierVGC|tuber|1562\n|teamsize|p1|6\n|teamsize|p2|6\n|gen|9\n|tier|[Gen 9] VGC 2025 Reg G\n|rated|\n|rule|Species Clause: Limit one of each Pok\u00e9mon\n|rule|Item Clause: Limit 1 of each item\n|clearpoke\n|poke|p1|Miraidon, L50|\n|poke|p1|Iron Hands, L50|\n|poke|p1|Chi-Yu, L50|\n|poke|p1|Farigiraf, L50, F|\n|poke|p1|Urshifu-*, L50, F|\n|poke|p1|Grimmsnarl, L50, M|\n|poke|p2|Calyrex-Ice, L50|\n|poke|p2|Ursaluna-Bloodmoon, L50, M|\n|poke|p2|Farigiraf, L50, M|\n|poke|p2|Smeargle, L50, F|\n|poke|p2|Ogerpon-Cornerstone, L50, F|\n|poke|p2|Urshifu-*, L50, F|\n|teampreview|4\n|inactive|Battle timer is ON: inactive players will automatically lose when time's up. (requested by TViewierVGC)\nTViewierVGC has agreed to open team sheets.\n|inactive|TViewierVGC has 60 seconds left.\n|\n|t:|1739385175\n|start\n|switch|p1a: Urshifu|Urshifu-Rapid-Strike, L50, F|100\/100\n|switch|p1b: Grimmsnarl|Grimmsnarl, L50, M|100\/100\n|switch|p2a: Calyrex|Calyrex-Ice, L50|100\/100\n|switch|p2b: Smeargle|Smeargle, L50, F|100\/100\n|-ability|p2a: Calyrex|As One\n|-ability|p2a: Calyrex|Unnerve\n|turn|1\n|\n|t:|1739385192\n|move|p2b: Smeargle|Fake Out|p1a: Urshifu\n|-damage|p1a: Urshifu|95\/100\n|move|p1b: Grimmsnarl|Reflect|p1b: Grimmsnarl\n|-sidestart|p1: zero_the_enforcer|Reflect\n|cant|p1a: Urshifu|flinch\n|move|p2a: Calyrex|Glacial Lance|p1a: Urshifu|[spread] p1a,p1b\n|-resisted|p1a: Urshifu\n|-damage|p1a: Urshifu|76\/100\n|-damage|p1b: Grimmsnarl|60\/100\n|\n|upkeep\n|turn|2\n|\n|t:|1739385211\n|move|p2b: Smeargle|Follow Me|p2b: Smeargle\n|-singleturn|p2b: Smeargle|move: Follow Me\n|move|p1a: Urshifu|U-turn|p2b: Smeargle\n|-damage|p2b: Smeargle|47\/100\n|\n|t:|1739385217\n|switch|p1a: Farigiraf|Farigiraf, L50, F|100\/100|[from] U-turn\n|move|p1b: Grimmsnarl|Foul Play|p2b: Smeargle\n|-damage|p2b: Smeargle|28\/100\n|move|p2a: Calyrex|Trick Room|p2a: Calyrex\n|-fieldstart|move: Trick Room|[of] p2a: Calyrex\n|\n|upkeep\n|turn|3\n|\n|t:|1739385231\n|move|p1a: Farigiraf|Psychic|p2b: Smeargle\n|-damage|p2b: Smeargle|0 fnt\n|faint|p2b: Smeargle\n|move|p1b: Grimmsnarl|Foul Play|p2a: Calyrex\n|-supereffective|p2a: Calyrex\n|-damage|p2a: Calyrex|13\/100\n|move|p2a: Calyrex|Glacial Lance|p1b: Grimmsnarl|[spread] p1a,p1b\n|-damage|p1a: Farigiraf|65\/100\n|-damage|p1b: Grimmsnarl|23\/100\n|\n|upkeep\n|\n|t:|1739385240\n|switch|p2b: Ursaluna|Ursaluna-Bloodmoon, L50, M|100\/100\n|turn|4\n|\n|t:|1739385259\n|switch|p2a: Farigiraf|Farigiraf, L50, M|100\/100\n|-terastallize|p2b: Ursaluna|Normal\n|move|p1b: Grimmsnarl|Sucker Punch||[still]\n|cant|p2a: Farigiraf|ability: Armor Tail|Sucker Punch|[of] p1b: Grimmsnarl\n|move|p2b: Ursaluna|Hyper Voice|p1b: Grimmsnarl|[spread] p1a,p1b\n|-damage|p1a: Farigiraf|15\/100\n|-damage|p1b: Grimmsnarl|0 fnt\n|faint|p1b: Grimmsnarl\n|-damage|p2b: Ursaluna|90\/100|[from] item: Life Orb\n|move|p1a: Farigiraf|Trick Room|p1a: Farigiraf\n|-fieldend|move: Trick Room\n|\n|upkeep\n|\n|t:|1739385263\n|switch|p1b: Urshifu|Urshifu-Rapid-Strike, L50, F|76\/100\n|turn|5\n|\n|t:|1739385279\n|-terastallize|p1b: Urshifu|Water\n|move|p1a: Farigiraf|Helping Hand|p1b: Urshifu\n|-singleturn|p1b: Urshifu|Helping Hand|[of] p1a: Farigiraf\n|move|p1b: Urshifu|Surging Strikes|p2b: Ursaluna\n|-crit|p2b: Ursaluna\n|-damage|p2b: Ursaluna|47\/100\n|-crit|p2b: Ursaluna\n|-damage|p2b: Ursaluna|2\/100\n|-crit|p2b: Ursaluna\n|-damage|p2b: Ursaluna|0 fnt\n|faint|p2b: Ursaluna\n|-hitcount|p2: Ursaluna|3\n|move|p2a: Farigiraf|Trick Room|p2a: Farigiraf\n|-fieldstart|move: Trick Room|[of] p2a: Farigiraf\n|\n|-sideend|p1: zero_the_enforcer|Reflect\n|upkeep\n|\n|t:|1739385285\n|switch|p2b: Calyrex|Calyrex-Ice, L50|13\/100\n|-ability|p2b: Calyrex|As One\n|-ability|p2b: Calyrex|Unnerve\n|turn|6\n|j| EllAkuro\n|\n|t:|1739385301\n|move|p1a: Farigiraf|Psychic|p2a: Farigiraf\n|-resisted|p2a: Farigiraf\n|-damage|p2a: Farigiraf|83\/100\n|move|p2b: Calyrex|High Horsepower|p1b: Urshifu\n|-damage|p1b: Urshifu|34\/100\n|move|p2a: Farigiraf|Hyper Voice|p1b: Urshifu|[spread] p1a,p1b\n|-damage|p1a: Farigiraf|0 fnt\n|-damage|p1b: Urshifu|0 fnt\n|faint|p1a: Farigiraf\n|faint|p1b: Urshifu\n|-enditem|p2a: Farigiraf|Throat Spray\n|-boost|p2a: Farigiraf|spa|1|[from] item: Throat Spray\n|\n|upkeep\n|\n|t:|1739385310\n|switch|p1b: Iron Hands|Iron Hands, L50|100\/100\n|turn|7\n|\n|t:|1739385316\n|move|p1b: Iron Hands|Earthquake|p2a: Farigiraf|[spread] p2a,p2b\n|-damage|p2a: Farigiraf|52\/100\n|-damage|p2b: Calyrex|0 fnt\n|faint|p2b: Calyrex\n|move|p2a: Farigiraf|Psychic Noise|p1b: Iron Hands\n|-supereffective|p1b: Iron Hands\n|-damage|p1b: Iron Hands|21\/100\n|-start|p1b: Iron Hands|move: Heal Block\n|-enditem|p1b: Iron Hands|Weakness Policy\n|-boost|p1b: Iron Hands|atk|2|[from] item: Weakness Policy\n|-boost|p1b: Iron Hands|spa|2|[from] item: Weakness Policy\n|\n|upkeep\n|turn|8\n|j| aq12345\n|\n|t:|1739385328\n|move|p2a: Farigiraf|Protect|p2a: Farigiraf\n|-singleturn|p2a: Farigiraf|Protect\n|move|p1b: Iron Hands|Wild Charge|p2a: Farigiraf\n|-activate|p2a: Farigiraf|move: Protect\n|\n|-end|p1b: Iron Hands|move: Heal Block\n|upkeep\n|turn|9\n|\n|t:|1739385333\n|move|p2a: Farigiraf|Protect||[still]\n|-fail|p2a: Farigiraf\n|move|p1b: Iron Hands|Wild Charge|p2a: Farigiraf\n|-damage|p2a: Farigiraf|0 fnt\n|faint|p2a: Farigiraf\n|-damage|p1b: Iron Hands|9\/100|[from] Recoil\n|\n|win|zero_the_enforcer\n|raw|zero_the_enforcer's rating: 1537 &rarr; <strong>1558<\/strong><br \/>(+21 for winning)\n|raw|TViewierVGC's rating: 1562 &rarr; <strong>1541<\/strong><br \/>(-21 for losing)\n|l|\u2606TViewierVGC\n|player|p2|\n|l| aq12345\n|l| EllAkuro\n|l|\u2606zero_the_enforcer\n|player|p1|\n","uploadtime":1739385566,"views":4,"formatid":"gen9vgc2025regg","rating":1541,"private":0,"password":null}