{"id":"gen9vgc2025regg-2299665032","format":"[Gen 9] VGC 2025 Reg G","players":["Iamsliverfish","littlepotato13"],"log":"|j|\u2606Iamsliverfish\n|j|\u2606littlepotato13\n|t:|1739402232\n|gametype|doubles\n|player|p1|Iamsliverfish|hiker-gen4|1680\n|player|p2|littlepotato13|1|1655\n|teamsize|p1|6\n|teamsize|p2|6\n|gen|9\n|tier|[Gen 9] VGC 2025 Reg G\n|rated|\n|rule|Species Clause: Limit one of each Pok\u00e9mon\n|rule|Item Clause: Limit 1 of each item\n|clearpoke\n|poke|p1|Calyrex-Shadow, L50|\n|poke|p1|Ursaluna, L50, F|\n|poke|p1|Indeedee-F, L50, F|\n|poke|p1|Ogerpon-Wellspring, L50, F|\n|poke|p1|Tornadus, L50, M|\n|poke|p1|Chi-Yu, L50|\n|poke|p2|Kyogre, L50|\n|poke|p2|Tornadus, L50, M|\n|poke|p2|Rillaboom, L50, M|\n|poke|p2|Chien-Pao, L50|\n|poke|p2|Raging Bolt, L50|\n|poke|p2|Urshifu-*, L50, M|\n|teampreview|4\n|inactive|Battle timer is ON: inactive players will automatically lose when time's up. (requested by littlepotato13)\n|\n|t:|1739402254\n|start\n|switch|p1a: Tornadus|Tornadus, L50, M|100\/100\n|switch|p1b: Ogerpon|Ogerpon-Wellspring, L50, F|100\/100\n|switch|p2a: Tornadus|Tornadus, L50, M|100\/100\n|switch|p2b: Kyogre|Kyogre, L50|100\/100\n|-weather|RainDance|[from] ability: Drizzle|[of] p2b: Kyogre\n|turn|1\n|inactive|Iamsliverfish has 30 seconds left.\n|\n|t:|1739402286\n|-terastallize|p2a: Tornadus|Dragon\n|move|p1b: Ogerpon|Spiky Shield|p1b: Ogerpon\n|-singleturn|p1b: Ogerpon|move: Protect\n|move|p2b: Kyogre|Protect|p2b: Kyogre\n|-singleturn|p2b: Kyogre|Protect\n|move|p1a: Tornadus|Tailwind|p1a: Tornadus\n|-sidestart|p1: Iamsliverfish|move: Tailwind\n|move|p2a: Tornadus|Bleakwind Storm|p1a: Tornadus|[spread] p1a\n|-activate|p1b: Ogerpon|move: Protect\n|-damage|p1a: Tornadus|52\/100\n|-unboost|p1a: Tornadus|spe|1\n|\n|-weather|RainDance|[upkeep]\n|upkeep\n|turn|2\n|j| Kaiju Krush\n|\n|t:|1739402303\n|switch|p2b: Raging Bolt|Raging Bolt, L50|100\/100\n|-enditem|p2b: Raging Bolt|Booster Energy\n|-activate|p2b: Raging Bolt|ability: Protosynthesis|[fromitem]\n|-start|p2b: Raging Bolt|protosynthesisspa\n|-terastallize|p1b: Ogerpon|Water\n|detailschange|p1b: Ogerpon|Ogerpon-Wellspring-Tera, L50, F, tera:Water\n|-ability|p1b: Ogerpon|Embody Aspect (Wellspring)|boost\n|-boost|p1b: Ogerpon|spd|1\n|move|p1b: Ogerpon|Ivy Cudgel|p2a: Tornadus|[anim] Ivy Cudgel Water\n|-resisted|p2a: Tornadus\n|-damage|p2a: Tornadus|10\/100\n|move|p1a: Tornadus|Bleakwind Storm|p2b: Raging Bolt|[spread] p2a,p2b\n|-resisted|p2b: Raging Bolt\n|-damage|p2a: Tornadus|0 fnt\n|-damage|p2b: Raging Bolt|84\/100\n|faint|p2a: Tornadus\n|\n|-weather|RainDance|[upkeep]\n|upkeep\n|\n|t:|1739402321\n|switch|p2a: Kyogre|Kyogre, L50|100\/100\n|turn|3\n|\n|t:|1739402330\n|move|p1b: Ogerpon|Spiky Shield|p1b: Ogerpon\n|-singleturn|p1b: Ogerpon|move: Protect\n|move|p2a: Kyogre|Protect|p2a: Kyogre\n|-singleturn|p2a: Kyogre|Protect\n|move|p1a: Tornadus|Taunt|p2b: Raging Bolt\n|-start|p2b: Raging Bolt|move: Taunt\n|move|p2b: Raging Bolt|Thunderbolt|p1b: Ogerpon\n|-activate|p1b: Ogerpon|move: Protect\n|\n|-weather|RainDance|[upkeep]\n|upkeep\n|turn|4\n|\n|t:|1739402345\n|switch|p2a: Chien-Pao|Chien-Pao, L50|100\/100\n|-ability|p2a: Chien-Pao|Sword of Ruin\n|move|p1a: Tornadus|Taunt|p2a: Chien-Pao\n|-hint|Since gen 7, Dark is immune to Prankster moves.\n|-immune|p2a: Chien-Pao\n|move|p1b: Ogerpon|Ivy Cudgel|p2a: Chien-Pao|[anim] Ivy Cudgel Water\n|-enditem|p2a: Chien-Pao|Focus Sash\n|-damage|p2a: Chien-Pao|1\/100\n|move|p2b: Raging Bolt|Thunderbolt|p1b: Ogerpon\n|-supereffective|p1b: Ogerpon\n|-damage|p1b: Ogerpon|0 fnt\n|faint|p1b: Ogerpon\n|\n|-weather|RainDance|[upkeep]\n|-sideend|p1: Iamsliverfish|move: Tailwind\n|upkeep\n|\n|t:|1739402351\n|switch|p1b: Calyrex|Calyrex-Shadow, L50|100\/100\n|-ability|p1b: Calyrex|As One\n|-ability|p1b: Calyrex|Unnerve\n|turn|5\n|inactive|littlepotato13 has 30 seconds left.\n|\n|t:|1739402380\n|move|p1b: Calyrex|Protect|p1b: Calyrex\n|-singleturn|p1b: Calyrex|Protect\n|move|p2a: Chien-Pao|Protect|p2a: Chien-Pao\n|-singleturn|p2a: Chien-Pao|Protect\n|move|p2b: Raging Bolt|Thunderbolt|p1b: Calyrex\n|-activate|p1b: Calyrex|move: Protect\n|move|p1a: Tornadus|Bleakwind Storm|p2a: Chien-Pao|[spread] p2b\n|-activate|p2a: Chien-Pao|move: Protect\n|-resisted|p2b: Raging Bolt\n|-damage|p2b: Raging Bolt|68\/100\n|\n|-weather|none\n|-end|p2b: Raging Bolt|move: Taunt\n|upkeep\n|turn|6\n|\n|t:|1739402386\n|switch|p1a: Indeedee|Indeedee-F, L50, F|100\/100\n|-fieldstart|move: Psychic Terrain|[from] ability: Psychic Surge|[of] p1a: Indeedee\n|move|p2a: Chien-Pao|Sucker Punch|p1b: Calyrex\n|-activate|p1b: Calyrex|move: Psychic Terrain\n|move|p1b: Calyrex|Expanding Force|p2b: Raging Bolt|[spread] p2b\n|-immune|p2a: Chien-Pao\n|-damage|p2b: Raging Bolt|0 fnt\n|faint|p2b: Raging Bolt\n|-end|p2b: Raging Bolt|Protosynthesis|[silent]\n|-ability|p1b: Calyrex|Grim Neigh|boost\n|-boost|p1b: Calyrex|spa|1\n|-damage|p1b: Calyrex|91\/100|[from] item: Life Orb\n|\n|upkeep\n|\n|t:|1739402392\n|switch|p2b: Kyogre|Kyogre, L50|100\/100\n|-weather|RainDance|[from] ability: Drizzle|[of] p2b: Kyogre\n|turn|7\n|-message|littlepotato13 forfeited.\n|\n|win|Iamsliverfish\n|raw|Iamsliverfish's rating: 1702 &rarr; <strong>1719<\/strong><br \/>(+17 for winning)\n|raw|littlepotato13's rating: 1655 &rarr; <strong>1638<\/strong><br \/>(-17 for losing)\n|l|\u2606Iamsliverfish\n|player|p1|\n|l|\u2606littlepotato13\n|player|p2|\n|l| Kaiju Krush\n","uploadtime":1739402599,"views":15,"formatid":"gen9vgc2025regg","rating":1638,"private":0,"password":null}