{"id":"gen9vgc2025regg-2299433627","format":"[Gen 9] VGC 2025 Reg G","players":["pcord cypher","satelite99"],"log":"|j|\u2606pcord cypher\n|j|\u2606satelite99\n|t:|1739378824\n|gametype|doubles\n|player|p1|pcord cypher|266|1572\n|player|p2|satelite99|wallace|1550\n|teamsize|p1|6\n|teamsize|p2|6\n|gen|9\n|tier|[Gen 9] VGC 2025 Reg G\n|rated|\n|rule|Species Clause: Limit one of each Pok\u00e9mon\n|rule|Item Clause: Limit 1 of each item\n|clearpoke\n|poke|p1|Zacian-*, L50|\n|poke|p1|Chien-Pao, L50|\n|poke|p1|Urshifu-*, L50, M|\n|poke|p1|Pelipper, L50, M|\n|poke|p1|Raging Bolt, L50|\n|poke|p1|Amoonguss, L50, M|\n|poke|p2|Zamazenta-*, L50|\n|poke|p2|Tornadus, L50, M|\n|poke|p2|Urshifu-*, L50, M|\n|poke|p2|Rillaboom, L50, M|\n|poke|p2|Raging Bolt, L50|\n|poke|p2|Gholdengo, L50|\n|teampreview|4\nsatelite99 rejected open team sheets.\n|inactive|Battle timer is ON: inactive players will automatically lose when time's up. (requested by satelite99)\n|\n|t:|1739378857\n|start\n|switch|p1a: Chien-Pao|Chien-Pao, L50|100\/100\n|switch|p1b: Urshifu|Urshifu-Rapid-Strike, L50, M|100\/100\n|switch|p2a: Gholdengo|Gholdengo, L50|100\/100\n|switch|p2b: Zamazenta|Zamazenta-Crowned, L50|100\/100\n|-ability|p1a: Chien-Pao|Sword of Ruin\n|-ability|p2b: Zamazenta|Dauntless Shield|boost\n|-boost|p2b: Zamazenta|def|1\n|turn|1\n|inactive|satelite99 has 30 seconds left.\n|inactive|satelite99 has 20 seconds left.\n|inactive|satelite99 has 15 seconds left.\n|inactive|satelite99 has 10 seconds left.\n|\n|t:|1739378903\n|move|p1b: Urshifu|Close Combat|p2b: Zamazenta\n|-supereffective|p2b: Zamazenta\n|-damage|p2b: Zamazenta|31\/100\n|-unboost|p1b: Urshifu|def|1\n|-unboost|p1b: Urshifu|spd|1\n|move|p1a: Chien-Pao|Lash Out|p2a: Gholdengo\n|-supereffective|p2a: Gholdengo\n|-damage|p2a: Gholdengo|0 fnt\n|faint|p2a: Gholdengo\n|move|p2b: Zamazenta|Body Press|p1a: Chien-Pao\n|-supereffective|p1a: Chien-Pao\n|-damage|p1a: Chien-Pao|0 fnt\n|faint|p1a: Chien-Pao\n|\n|upkeep\n|\n|t:|1739378919\n|switch|p1a: Amoonguss|Amoonguss, L50, M|100\/100\n|switch|p2a: Tornadus|Tornadus, L50, M|100\/100\n|turn|2\n|inactive|pcord cypher has 30 seconds left.\n|inactive|satelite99 has 30 seconds left.\n|inactive|pcord cypher has 20 seconds left.\n|\n|t:|1739378954\n|switch|p1b: Raging Bolt|Raging Bolt, L50|100\/100\n|-enditem|p1b: Raging Bolt|Booster Energy\n|-activate|p1b: Raging Bolt|ability: Protosynthesis|[fromitem]\n|-start|p1b: Raging Bolt|protosynthesisspa\n|move|p2b: Zamazenta|Body Press|p1b: Raging Bolt\n|-damage|p1b: Raging Bolt|49\/100\n|move|p2a: Tornadus|Bleakwind Storm|p1a: Amoonguss|[spread] p1a,p1b\n|-supereffective|p1a: Amoonguss\n|-crit|p1a: Amoonguss\n|-resisted|p1b: Raging Bolt\n|-damage|p1a: Amoonguss|7\/100\n|-damage|p1b: Raging Bolt|33\/100\n|-unboost|p1a: Amoonguss|spe|1\n|move|p1a: Amoonguss|Spore|p2a: Tornadus\n|-status|p2a: Tornadus|slp|[from] move: Spore\n|\n|upkeep\n|turn|3\n|inactive|satelite99 has 30 seconds left.\n|\n|t:|1739378981\n|switch|p2a: Raging Bolt|Raging Bolt, L50|100\/100\n|-enditem|p2a: Raging Bolt|Booster Energy\n|-activate|p2a: Raging Bolt|ability: Protosynthesis|[fromitem]\n|-start|p2a: Raging Bolt|protosynthesisspa\n|switch|p1a: Urshifu|Urshifu-Rapid-Strike, L50, M|100\/100\n|-terastallize|p1b: Raging Bolt|Fairy\n|move|p2b: Zamazenta|Protect|p2b: Zamazenta\n|-singleturn|p2b: Zamazenta|Protect\n|move|p1b: Raging Bolt|Electroweb|p2b: Zamazenta|[spread] p2a\n|-activate|p2b: Zamazenta|move: Protect\n|-resisted|p2a: Raging Bolt\n|-damage|p2a: Raging Bolt|94\/100\n|-unboost|p2a: Raging Bolt|spe|1\n|\n|upkeep\n|turn|4\n|inactive|satelite99 has 30 seconds left.\n|inactive|pcord cypher has 30 seconds left.\n|\n|t:|1739379017\n|switch|p1a: Amoonguss|Amoonguss, L50, M|40\/100\n|-terastallize|p2b: Zamazenta|Dragon\n|move|p2a: Raging Bolt|Thunderclap||[still]\n|-fail|p2a: Raging Bolt\n|move|p2b: Zamazenta|Heavy Slam|p1b: Raging Bolt\n|-supereffective|p1b: Raging Bolt\n|-damage|p1b: Raging Bolt|6\/100\n|move|p1b: Raging Bolt|Draco Meteor|p2a: Raging Bolt\n|-supereffective|p2a: Raging Bolt\n|-damage|p2a: Raging Bolt|0 fnt\n|-unboost|p1b: Raging Bolt|spa|2\n|faint|p2a: Raging Bolt\n|-end|p2a: Raging Bolt|Protosynthesis|[silent]\n|\n|upkeep\n|\n|t:|1739379032\n|switch|p2a: Tornadus|Tornadus, L50, M|100\/100 slp\n|turn|5\n|\n|t:|1739379053\n|-end|p1b: Raging Bolt|Protosynthesis|[silent]\n|switch|p1b: Urshifu|Urshifu-Rapid-Strike, L50, M|100\/100\n|move|p2b: Zamazenta|Protect|p2b: Zamazenta\n|-singleturn|p2b: Zamazenta|Protect\n|cant|p2a: Tornadus|slp\n|move|p1a: Amoonguss|Spore|p2b: Zamazenta\n|-activate|p2b: Zamazenta|move: Protect\n|\n|upkeep\n|turn|6\n|\n|t:|1739379078\n|move|p1b: Urshifu|Surging Strikes|p2b: Zamazenta\n|-resisted|p2b: Zamazenta\n|-crit|p2b: Zamazenta\n|-damage|p2b: Zamazenta|25\/100\n|-resisted|p2b: Zamazenta\n|-crit|p2b: Zamazenta\n|-damage|p2b: Zamazenta|19\/100\n|-resisted|p2b: Zamazenta\n|-crit|p2b: Zamazenta\n|-damage|p2b: Zamazenta|13\/100\n|-hitcount|p2b: Zamazenta|3\n|move|p2b: Zamazenta|Body Press|p1b: Urshifu\n|-damage|p1b: Urshifu|41\/100\n|cant|p2a: Tornadus|slp\n|move|p1a: Amoonguss|Sludge Bomb|p2b: Zamazenta\n|-damage|p2b: Zamazenta|0 fnt\n|faint|p2b: Zamazenta\n|\n|upkeep\n|turn|7\n|\n|t:|1739379094\n|move|p1b: Urshifu|Surging Strikes|p2a: Tornadus\n|-crit|p2a: Tornadus\n|-damage|p2a: Tornadus|81\/100 slp\n|-damage|p1b: Urshifu|25\/100|[from] item: Rocky Helmet|[of] p2a: Tornadus\n|-crit|p2a: Tornadus\n|-damage|p2a: Tornadus|62\/100 slp\n|-damage|p1b: Urshifu|8\/100|[from] item: Rocky Helmet|[of] p2a: Tornadus\n|-crit|p2a: Tornadus\n|-damage|p2a: Tornadus|41\/100 slp\n|-damage|p1b: Urshifu|0 fnt|[from] item: Rocky Helmet|[of] p2a: Tornadus\n|faint|p1b: Urshifu\n|-hitcount|p2a: Tornadus|3\n|-curestatus|p2a: Tornadus|slp|[msg]\n|move|p2a: Tornadus|Bleakwind Storm|p1a: Amoonguss\n|-supereffective|p1a: Amoonguss\n|-damage|p1a: Amoonguss|0 fnt\n|faint|p1a: Amoonguss\n|\n|upkeep\n|\n|t:|1739379096\n|switch|p1b: Raging Bolt|Raging Bolt, L50, tera:Fairy|6\/100\n|turn|8\n|\n|t:|1739379118\n|move|p2a: Tornadus|Tailwind|p2a: Tornadus\n|-sidestart|p2: satelite99|move: Tailwind\n|move|p1b: Raging Bolt|Electroweb|p2a: Tornadus\n|-supereffective|p2a: Tornadus\n|-damage|p2a: Tornadus|0 fnt\n|faint|p2a: Tornadus\n|\n|win|pcord cypher\n|raw|pcord cypher's rating: 1572 &rarr; <strong>1591<\/strong><br \/>(+19 for winning)\n|raw|satelite99's rating: 1550 &rarr; <strong>1531<\/strong><br \/>(-19 for losing)\n|c|\u2606pcord cypher|gg\n|l|\u2606satelite99\n|player|p2|\n","uploadtime":1739379129,"views":14,"formatid":"gen9vgc2025regg","rating":1531,"private":0,"password":null}