{"id":"gen9vgc2025regg-2299957558","format":"[Gen 9] VGC 2025 Reg G","players":["liamvgc01","clout Jesus"],"log":"|j|\u2606liamvgc01\n|j|\u2606clout Jesus\n|t:|1739448122\n|gametype|doubles\n|player|p1|liamvgc01|red|1531\n|player|p2|clout Jesus|ethan|1548\n|teamsize|p1|6\n|teamsize|p2|6\n|gen|9\n|tier|[Gen 9] VGC 2025 Reg G\n|rated|\n|rule|Species Clause: Limit one of each Pok\u00e9mon\n|rule|Item Clause: Limit 1 of each item\n|clearpoke\n|poke|p1|Amoonguss, L50, M|\n|poke|p1|Ogerpon-Cornerstone, L50, F|\n|poke|p1|Urshifu-*, L50, M|\n|poke|p1|Whimsicott, L50, F|\n|poke|p1|Landorus, L50, M|\n|poke|p1|Calyrex-Ice, L50|\n|poke|p2|Groudon, L50|\n|poke|p2|Volcarona, L50, M|\n|poke|p2|Gouging Fire, L50|\n|poke|p2|Ogerpon-Wellspring, L50, F|\n|poke|p2|Chien-Pao, L50|\n|poke|p2|Raging Bolt, L50|\n|teampreview|4\n|inactive|Battle timer is ON: inactive players will automatically lose when time's up. (requested by liamvgc01)\n|inactive|clout Jesus has 60 seconds left.\n|\n|t:|1739448163\n|start\n|switch|p1a: Landorus|Landorus, L50, M|100\/100\n|switch|p1b: Ogerpon|Ogerpon-Cornerstone, L50, F|100\/100\n|switch|p2a: Volcarona|Volcarona, L50, M|100\/100\n|switch|p2b: Gouging Fire|Gouging Fire, L50|100\/100\n|turn|1\n|\n|t:|1739448170\n|switch|p2a: Groudon|Groudon, L50|100\/100\n|-weather|SunnyDay|[from] ability: Drought|[of] p2a: Groudon\n|-activate|p2b: Gouging Fire|ability: Protosynthesis\n|-start|p2b: Gouging Fire|protosynthesisspe\n|move|p2b: Gouging Fire|Flare Blitz|p1b: Ogerpon\n|-ability|p1b: Ogerpon|Sturdy\n|-damage|p1b: Ogerpon|1\/100\n|-damage|p2b: Gouging Fire|75\/100|[from] Recoil\n|move|p1b: Ogerpon|Ivy Cudgel|p2a: Groudon|[anim] Ivy Cudgel Rock\n|-resisted|p2a: Groudon\n|-damage|p2a: Groudon|80\/100\n|move|p1a: Landorus|Earth Power|p2b: Gouging Fire\n|-supereffective|p2b: Gouging Fire\n|-damage|p2b: Gouging Fire|0 fnt\n|faint|p2b: Gouging Fire\n|-end|p2b: Gouging Fire|Protosynthesis|[silent]\n|\n|-weather|SunnyDay|[upkeep]\n|upkeep\n|\n|t:|1739448179\n|switch|p2b: Volcarona|Volcarona, L50, M|100\/100\n|turn|2\n|\n|t:|1739448193\n|-terastallize|p2b: Volcarona|Water\n|move|p1b: Ogerpon|Ivy Cudgel|p2b: Volcarona|[anim] Ivy Cudgel Rock\n|-crit|p2b: Volcarona\n|-damage|p2b: Volcarona|16\/100\n|move|p1a: Landorus|Earth Power|p2a: Groudon\n|-damage|p2a: Groudon|38\/100\n|move|p2a: Groudon|Heat Crash|p1a: Landorus\n|-crit|p1a: Landorus\n|-damage|p1a: Landorus|0 fnt\n|faint|p1a: Landorus\n|move|p2b: Volcarona|Tailwind|p2b: Volcarona\n|-sidestart|p2: clout Jesus|move: Tailwind\n|\n|-weather|SunnyDay|[upkeep]\n|upkeep\n|\n|t:|1739448201\n|switch|p1a: Calyrex|Calyrex-Ice, L50|100\/100\n|-ability|p1a: Calyrex|As One\n|-ability|p1a: Calyrex|Unnerve\n|turn|3\n|\n|t:|1739448215\n|-terastallize|p1a: Calyrex|Water\n|move|p1b: Ogerpon|Spiky Shield|p1b: Ogerpon\n|-singleturn|p1b: Ogerpon|move: Protect\n|move|p2a: Groudon|Precipice Blades|p1a: Calyrex|[spread] p1a\n|-activate|p1b: Ogerpon|move: Protect\n|-damage|p1a: Calyrex|70\/100\n|move|p2b: Volcarona|Will-O-Wisp|p1a: Calyrex\n|-status|p1a: Calyrex|brn\n|move|p1a: Calyrex|Glacial Lance|p2b: Volcarona|[spread] p2a,p2b\n|-supereffective|p2a: Groudon\n|-resisted|p2b: Volcarona\n|-damage|p2a: Groudon|0 fnt\n|-damage|p2b: Volcarona|2\/100\n|faint|p2a: Groudon\n|-ability|p1a: Calyrex|Chilling Neigh|boost\n|-boost|p1a: Calyrex|atk|1\n|\n|-weather|SunnyDay|[upkeep]\n|-damage|p1a: Calyrex|64\/100 brn|[from] brn\n|upkeep\n|j| sushi rider\n|\n|t:|1739448229\n|switch|p2a: Chien-Pao|Chien-Pao, L50|100\/100\n|-ability|p2a: Chien-Pao|Sword of Ruin\n|turn|4\n|\n|t:|1739448243\n|move|p2a: Chien-Pao|Sacred Sword|p1a: Calyrex\n|-damage|p1a: Calyrex|40\/100 brn\n|move|p2b: Volcarona|Heat Wave|p1b: Ogerpon|[spread] p1a,p1b\n|-resisted|p1a: Calyrex\n|-damage|p1a: Calyrex|22\/100 brn\n|-damage|p1b: Ogerpon|0 fnt\n|faint|p1b: Ogerpon\n|move|p1a: Calyrex|Trick Room|p1a: Calyrex\n|-fieldstart|move: Trick Room|[of] p1a: Calyrex\n|\n|-weather|SunnyDay|[upkeep]\n|-damage|p1a: Calyrex|16\/100 brn|[from] brn\n|upkeep\n|\n|t:|1739448249\n|switch|p1b: Urshifu|Urshifu-Rapid-Strike, L50, M|100\/100\n|turn|5\n|\n|t:|1739448267\n|move|p2b: Volcarona|Rage Powder|p2b: Volcarona\n|-singleturn|p2b: Volcarona|move: Rage Powder\n|move|p1b: Urshifu|Aqua Jet|p2b: Volcarona\n|-resisted|p2b: Volcarona\n|-damage|p2b: Volcarona|0 fnt\n|-damage|p1b: Urshifu|84\/100|[from] item: Rocky Helmet|[of] p2b: Volcarona\n|faint|p2b: Volcarona\n|move|p2a: Chien-Pao|Sucker Punch|p1a: Calyrex\n|-damage|p1a: Calyrex|0 fnt\n|faint|p1a: Calyrex\n|\n|-weather|none\n|-sideend|p2: clout Jesus|move: Tailwind\n|upkeep\n|turn|6\n|\n|t:|1739448279\n|move|p1b: Urshifu|Surging Strikes|p2a: Chien-Pao\n|-crit|p2a: Chien-Pao\n|-damage|p2a: Chien-Pao|64\/100\n|-crit|p2a: Chien-Pao\n|-damage|p2a: Chien-Pao|31\/100\n|-crit|p2a: Chien-Pao\n|-damage|p2a: Chien-Pao|0 fnt\n|faint|p2a: Chien-Pao\n|-hitcount|p2: Chien-Pao|3\n|\n|win|liamvgc01\n|raw|liamvgc01's rating: 1531 &rarr; <strong>1552<\/strong><br \/>(+21 for winning)\n|raw|clout Jesus's rating: 1548 &rarr; <strong>1527<\/strong><br \/>(-21 for losing)\n|l|\u2606clout Jesus\n|player|p2|\n|l|\u2606liamvgc01\n|player|p1|\n","uploadtime":1739448464,"views":4,"formatid":"gen9vgc2025regg","rating":1527,"private":0,"password":null}