{"id":"gen9vgc2025regg-2299879972","format":"[Gen 9] VGC 2025 Reg G","players":["futonkagebunshin","foguo"],"log":"|j|\u2606futonkagebunshin\n|j|\u2606foguo\n|t:|1739434510\n|gametype|doubles\n|player|p1|futonkagebunshin|policeman-gen4|1512\n|player|p2|foguo|barry|1554\n|teamsize|p1|6\n|teamsize|p2|6\n|gen|9\n|tier|[Gen 9] VGC 2025 Reg G\n|rated|\n|rule|Species Clause: Limit one of each Pok\u00e9mon\n|rule|Item Clause: Limit 1 of each item\n|clearpoke\n|poke|p1|Groudon, L50|\n|poke|p1|Gallade, L50, M|\n|poke|p1|Chien-Pao, L50|\n|poke|p1|Walking Wake, L50|\n|poke|p1|Ogerpon-Cornerstone, L50, F|\n|poke|p1|Flutter Mane, L50|\n|poke|p2|Calyrex-Ice, L50|\n|poke|p2|Landorus, L50, M|\n|poke|p2|Urshifu-*, L50, M|\n|poke|p2|Flutter Mane, L50|\n|poke|p2|Ogerpon-Hearthflame, L50, F|\n|poke|p2|Raging Bolt, L50|\n|teampreview|4\n|\n|t:|1739434589\n|start\n|switch|p1a: Groudon|Groudon, L50|100\/100\n|switch|p1b: Flutter Mane|Flutter Mane, L50|100\/100\n|switch|p2a: Calyrex|Calyrex-Ice, L50|100\/100\n|switch|p2b: Ogerpon|Ogerpon-Hearthflame, L50, F|100\/100\n|-ability|p2a: Calyrex|As One\n|-ability|p2a: Calyrex|Unnerve\n|-ability|p2b: Ogerpon|Mold Breaker\n|-weather|SunnyDay|[from] ability: Drought|[of] p1a: Groudon\n|-activate|p1b: Flutter Mane|ability: Protosynthesis\n|-start|p1b: Flutter Mane|protosynthesisspe\n|turn|1\n|\n|t:|1739434618\n|-terastallize|p1a: Groudon|Fire\n|move|p2b: Ogerpon|Follow Me|p2b: Ogerpon\n|-singleturn|p2b: Ogerpon|move: Follow Me\n|move|p1b: Flutter Mane|Shadow Ball|p2b: Ogerpon\n|-damage|p2b: Ogerpon|44\/100\n|move|p1a: Groudon|Precipice Blades|p2b: Ogerpon|[spread] p2a\n|-miss|p1a: Groudon|p2b: Ogerpon\n|-damage|p2a: Calyrex|71\/100\n|move|p2a: Calyrex|Trick Room|p2a: Calyrex\n|-fieldstart|move: Trick Room|[of] p2a: Calyrex\n|\n|-weather|SunnyDay|[upkeep]\n|upkeep\n|turn|2\n|\n|t:|1739434642\n|-terastallize|p2a: Calyrex|Water\n|move|p2a: Calyrex|Glacial Lance|p1a: Groudon|[spread] p1a,p1b\n|-resisted|p1a: Groudon\n|-damage|p1a: Groudon|82\/100\n|-damage|p1b: Flutter Mane|15\/100\n|move|p1a: Groudon|Precipice Blades|p2b: Ogerpon|[spread] p2a,p2b\n|-damage|p2a: Calyrex|38\/100\n|-damage|p2b: Ogerpon|0 fnt\n|faint|p2b: Ogerpon\n|move|p1b: Flutter Mane|Shadow Ball|p2a: Calyrex\n|-damage|p2a: Calyrex|3\/100\n|\n|-weather|SunnyDay|[upkeep]\n|upkeep\n|\n|t:|1739434660\n|switch|p2b: Raging Bolt|Raging Bolt, L50|100\/100\n|-activate|p2b: Raging Bolt|ability: Protosynthesis\n|-start|p2b: Raging Bolt|protosynthesisspa\n|turn|3\n|\n|t:|1739434679\n|move|p2a: Calyrex|Glacial Lance|p1b: Flutter Mane|[spread] p1a,p1b\n|-resisted|p1a: Groudon\n|-damage|p1a: Groudon|64\/100\n|-damage|p1b: Flutter Mane|0 fnt\n|faint|p1b: Flutter Mane\n|-end|p1b: Flutter Mane|Protosynthesis|[silent]\n|-ability|p2a: Calyrex|Chilling Neigh|boost\n|-boost|p2a: Calyrex|atk|1\n|move|p2b: Raging Bolt|Draco Meteor|p1a: Groudon\n|-damage|p1a: Groudon|9\/100\n|-unboost|p2b: Raging Bolt|spa|2\n|move|p1a: Groudon|Precipice Blades|p2b: Raging Bolt|[spread] p2a,p2b\n|-supereffective|p2b: Raging Bolt\n|-damage|p2a: Calyrex|0 fnt\n|-damage|p2b: Raging Bolt|17\/100\n|faint|p2a: Calyrex\n|\n|-weather|SunnyDay|[upkeep]\n|upkeep\n|\n|t:|1739434700\n|switch|p2a: Flutter Mane|Flutter Mane, L50|100\/100\n|switch|p1b: Walking Wake|Walking Wake, L50|100\/100\n|-activate|p1b: Walking Wake|ability: Protosynthesis\n|-start|p1b: Walking Wake|protosynthesisspa\n|-activate|p2a: Flutter Mane|ability: Protosynthesis\n|-start|p2a: Flutter Mane|protosynthesisspe\n|turn|4\n|inactive|Battle timer is ON: inactive players will automatically lose when time's up. (requested by foguo)\n|\n|t:|1739434771\n|move|p2b: Raging Bolt|Thunderbolt|p1a: Groudon\n|-damage|p1a: Groudon|0 fnt\n|faint|p1a: Groudon\n|move|p1b: Walking Wake|Hydro Steam|p2a: Flutter Mane\n|-damage|p2a: Flutter Mane|24\/100\n|move|p2a: Flutter Mane|Moonblast|p1b: Walking Wake\n|-supereffective|p1b: Walking Wake\n|-damage|p1b: Walking Wake|0 fnt\n|faint|p1b: Walking Wake\n|-end|p1b: Walking Wake|Protosynthesis|[silent]\n|\n|-weather|SunnyDay|[upkeep]\n|upkeep\n|\n|t:|1739434774\n|switch|p1a: Chien-Pao|Chien-Pao, L50|100\/100\n|-ability|p1a: Chien-Pao|Sword of Ruin\n|turn|5\n|\n|t:|1739434796\n|move|p1a: Chien-Pao|Protect|p1a: Chien-Pao\n|-singleturn|p1a: Chien-Pao|Protect\n|move|p2a: Flutter Mane|Protect|p2a: Flutter Mane\n|-singleturn|p2a: Flutter Mane|Protect\n|move|p2b: Raging Bolt|Thunderbolt|p1a: Chien-Pao\n|-activate|p1a: Chien-Pao|move: Protect\n|\n|-weather|none\n|-end|p2b: Raging Bolt|Protosynthesis\n|-end|p2a: Flutter Mane|Protosynthesis\n|-fieldend|move: Trick Room\n|upkeep\n|-enditem|p2a: Flutter Mane|Booster Energy\n|-activate|p2a: Flutter Mane|ability: Protosynthesis|[fromitem]\n|-start|p2a: Flutter Mane|protosynthesisspe\n|turn|6\n|inactive|futonkagebunshin has 30 seconds left.\n|\n|t:|1739434822\n|move|p2a: Flutter Mane|Protect||[still]\n|-fail|p2a: Flutter Mane\n|move|p1a: Chien-Pao|Throat Chop|p2a: Flutter Mane\n|-damage|p2a: Flutter Mane|0 fnt\n|faint|p2a: Flutter Mane\n|-end|p2a: Flutter Mane|Protosynthesis|[silent]\n|move|p2b: Raging Bolt|Thunderbolt|p1a: Chien-Pao\n|-damage|p1a: Chien-Pao|57\/100\n|\n|upkeep\n|turn|7\n|\n|t:|1739434833\n|move|p1a: Chien-Pao|Sucker Punch|p2b: Raging Bolt\n|-damage|p2b: Raging Bolt|0 fnt\n|faint|p2b: Raging Bolt\n|-end|p2b: Raging Bolt|Protosynthesis|[silent]\n|\n|win|futonkagebunshin\n|raw|futonkagebunshin's rating: 1512 &rarr; <strong>1534<\/strong><br \/>(+22 for winning)\n|raw|foguo's rating: 1554 &rarr; <strong>1532<\/strong><br \/>(-22 for losing)\n|l|\u2606foguo\n|player|p2|\n","uploadtime":1739435066,"views":4,"formatid":"gen9vgc2025regg","rating":1532,"private":0,"password":null}