{"id":"gen9vgc2025regg-2299487938","format":"[Gen 9] VGC 2025 Reg G","players":["Sheevp","longhq"],"log":"|j|\u2606Sheevp\n|j|\u2606longhq\n|t:|1739384044\n|gametype|doubles\n|player|p1|Sheevp|1|1549\n|player|p2|longhq|dawn|1542\n|teamsize|p1|6\n|teamsize|p2|6\n|gen|9\n|tier|[Gen 9] VGC 2025 Reg G\n|rated|\n|rule|Species Clause: Limit one of each Pok\u00e9mon\n|rule|Item Clause: Limit 1 of each item\n|clearpoke\n|poke|p1|Volcarona, L50, F|\n|poke|p1|Rillaboom, L50, F|\n|poke|p1|Overqwil, L50, M|\n|poke|p1|Landorus, L50, M|\n|poke|p1|Kyogre, L50|\n|poke|p1|Roaring Moon, L50|\n|poke|p2|Raging Bolt, L50|\n|poke|p2|Koraidon, L50|\n|poke|p2|Indeedee-F, L50, F|\n|poke|p2|Kingambit, L50, F|\n|poke|p2|Jumpluff, L50, F|\n|poke|p2|Ogerpon-Wellspring, L50, F|\n|teampreview|4\n|\n|t:|1739384085\n|start\n|switch|p1a: Landorus|Landorus, L50, M|100\/100\n|switch|p1b: Roaring Moon|Roaring Moon, L50, shiny|100\/100\n|switch|p2a: Jumpluff|Jumpluff, L50, F|100\/100\n|switch|p2b: Koraidon|Koraidon, L50|100\/100\n|-weather|SunnyDay|[from] ability: Orichalcum Pulse|[of] p2b: Koraidon\n|-activate|p1b: Roaring Moon|ability: Protosynthesis\n|-start|p1b: Roaring Moon|protosynthesisspe\n|-activate|p2b: Koraidon|Orichalcum Pulse|[source]\n|turn|1\n|\n|t:|1739384108\n|-terastallize|p1b: Roaring Moon|Flying\n|move|p2a: Jumpluff|Sleep Powder|p1a: Landorus|[miss]\n|-miss|p2a: Jumpluff|p1a: Landorus\n|move|p1b: Roaring Moon|Tailwind|p1b: Roaring Moon\n|-sidestart|p1: Sheevp|move: Tailwind\n|move|p1a: Landorus|Earth Power|p2b: Koraidon\n|-damage|p2b: Koraidon|35\/100\n|move|p2b: Koraidon|Collision Course|p1b: Roaring Moon\n|-resisted|p1b: Roaring Moon\n|-damage|p1b: Roaring Moon|39\/100\n|\n|-weather|SunnyDay|[upkeep]\n|upkeep\n|turn|2\n|inactive|Battle timer is ON: inactive players will automatically lose when time's up. (requested by Sheevp)\n|\n|t:|1739384149\n|switch|p2b: Ogerpon|Ogerpon-Wellspring, L50, F|100\/100\n|move|p1b: Roaring Moon|Knock Off|p2a: Jumpluff\n|-damage|p2a: Jumpluff|43\/100\n|-enditem|p2a: Jumpluff|Focus Sash|[from] move: Knock Off|[of] p1b: Roaring Moon\n|move|p1a: Landorus|Earth Power|p2b: Ogerpon\n|-resisted|p2b: Ogerpon\n|-damage|p2b: Ogerpon|74\/100\n|move|p2a: Jumpluff|Tailwind|p2a: Jumpluff\n|-sidestart|p2: longhq|move: Tailwind\n|\n|-weather|SunnyDay|[upkeep]\n|upkeep\n|turn|3\n|inactive|longhq has 30 seconds left.\n|\n|t:|1739384176\n|switch|p1a: Overqwil|Overqwil, L50, M|100\/100\n|move|p2a: Jumpluff|Sleep Powder|p1b: Roaring Moon\n|-status|p1b: Roaring Moon|slp|[from] move: Sleep Powder\n|cant|p1b: Roaring Moon|slp\n|move|p2b: Ogerpon|Ivy Cudgel|p1b: Roaring Moon|[anim] Ivy Cudgel Water\n|-crit|p1b: Roaring Moon\n|-damage|p1b: Roaring Moon|0 fnt\n|faint|p1b: Roaring Moon\n|-end|p1b: Roaring Moon|Protosynthesis|[silent]\n|\n|-weather|SunnyDay|[upkeep]\n|upkeep\n|\n|t:|1739384187\n|switch|p1b: Kyogre|Kyogre, L50|100\/100\n|-weather|RainDance|[from] ability: Drizzle|[of] p1b: Kyogre\n|turn|4\n|j| playrornds\n|j| Funn yIy\n|\n|t:|1739384211\n|switch|p1b: Landorus|Landorus, L50, M|100\/100\n|move|p2a: Jumpluff|Rage Powder|p2a: Jumpluff\n|-singleturn|p2a: Jumpluff|move: Rage Powder\n|move|p1a: Overqwil|Poison Jab|p2a: Jumpluff\n|-supereffective|p2a: Jumpluff\n|-damage|p2a: Jumpluff|0 fnt\n|faint|p2a: Jumpluff\n|-damage|p1a: Overqwil|91\/100|[from] item: Life Orb\n|move|p2b: Ogerpon|Ivy Cudgel|p1a: Overqwil|[anim] Ivy Cudgel Water\n|-damage|p1a: Overqwil|0 fnt\n|faint|p1a: Overqwil\n|\n|-weather|RainDance|[upkeep]\n|-sideend|p1: Sheevp|move: Tailwind\n|upkeep\n|\n|t:|1739384226\n|switch|p2a: Raging Bolt|Raging Bolt, L50|100\/100\n|switch|p1a: Kyogre|Kyogre, L50|100\/100\n|turn|5\n|\n|t:|1739384236\n|move|p2a: Raging Bolt|Protect|p2a: Raging Bolt\n|-singleturn|p2a: Raging Bolt|Protect\n|move|p2b: Ogerpon|Ivy Cudgel|p1b: Landorus|[anim] Ivy Cudgel Water\n|-supereffective|p1b: Landorus\n|-damage|p1b: Landorus|0 fnt\n|faint|p1b: Landorus\n|move|p1a: Kyogre|Ice Beam|p2b: Ogerpon\n|-damage|p2b: Ogerpon|20\/100\n|\n|-weather|RainDance|[upkeep]\n|-sideend|p2: longhq|move: Tailwind\n|upkeep\n|turn|6\n|-message|Sheevp forfeited.\n|\n|win|longhq\n|raw|Sheevp's rating: 1549 &rarr; <strong>1529<\/strong><br \/>(-20 for losing)\n|raw|longhq's rating: 1542 &rarr; <strong>1562<\/strong><br \/>(+20 for winning)\n|l|\u2606Sheevp\n|player|p1|\n|l| Funn yIy\n|l|\u2606longhq\n|player|p2|\n|l| playrornds\n","uploadtime":1739384452,"views":4,"formatid":"gen9vgc2025regg","rating":1529,"private":0,"password":null}