{"id":"gen9vgc2025regg-2299689512","format":"[Gen 9] VGC 2025 Reg G","players":["IMayDC","speedduels"],"log":"|j|\u2606IMayDC\n|j|\u2606speedduels\n|t:|1739405266\n|gametype|doubles\n|player|p1|IMayDC|clown|1562\n|player|p2|speedduels|2|1612\n|teamsize|p1|6\n|teamsize|p2|6\n|gen|9\n|tier|[Gen 9] VGC 2025 Reg G\n|rated|\n|rule|Species Clause: Limit one of each Pok\u00e9mon\n|rule|Item Clause: Limit 1 of each item\n|clearpoke\n|poke|p1|Zamazenta-*, L50|\n|poke|p1|Amoonguss, L50, F|\n|poke|p1|Raging Bolt, L50|\n|poke|p1|Flutter Mane, L50|\n|poke|p1|Chi-Yu, L50|\n|poke|p1|Chien-Pao, L50|\n|poke|p2|Koraidon, L50|\n|poke|p2|Chi-Yu, L50|\n|poke|p2|Flutter Mane, L50|\n|poke|p2|Ogerpon-Cornerstone, L50, F|\n|poke|p2|Raging Bolt, L50|\n|poke|p2|Brute Bonnet, L50|\n|teampreview|4\n|inactive|Battle timer is ON: inactive players will automatically lose when time's up. (requested by speedduels)\n|\n|t:|1739405319\n|start\n|switch|p1a: Flutter Mane|Flutter Mane, L50|100\/100\n|switch|p1b: Zamazenta|Zamazenta-Crowned, L50, shiny|100\/100\n|switch|p2a: Koraidon|Koraidon, L50|100\/100\n|switch|p2b: Brute Bonnet|Brute Bonnet, L50|100\/100\n|-weather|SunnyDay|[from] ability: Orichalcum Pulse|[of] p2a: Koraidon\n|-activate|p1a: Flutter Mane|ability: Protosynthesis\n|-start|p1a: Flutter Mane|protosynthesisspe\n|-activate|p2b: Brute Bonnet|ability: Protosynthesis\n|-start|p2b: Brute Bonnet|protosynthesisdef\n|-activate|p2a: Koraidon|Orichalcum Pulse|[source]\n|-ability|p1b: Zamazenta|Dauntless Shield|boost\n|-boost|p1b: Zamazenta|def|1\n|turn|1\n|\n|t:|1739405341\n|-terastallize|p1b: Zamazenta|Dragon\n|move|p2b: Brute Bonnet|Sucker Punch||[still]\n|-fail|p2b: Brute Bonnet\n|move|p1a: Flutter Mane|Taunt|p2b: Brute Bonnet\n|-start|p2b: Brute Bonnet|move: Taunt\n|move|p2a: Koraidon|Flame Charge|p1a: Flutter Mane\n|-damage|p1a: Flutter Mane|46\/100\n|-boost|p2a: Koraidon|spe|1\n|move|p1b: Zamazenta|Body Press|p2a: Koraidon\n|-damage|p2a: Koraidon|45\/100\n|\n|-weather|SunnyDay|[upkeep]\n|upkeep\n|turn|2\n|\n|t:|1739405366\n|-end|p2b: Brute Bonnet|Protosynthesis|[silent]\n|switch|p2b: Flutter Mane|Flutter Mane, L50|100\/100\n|-activate|p2b: Flutter Mane|ability: Protosynthesis\n|-start|p2b: Flutter Mane|protosynthesisspe\n|move|p2a: Koraidon|Protect|p2a: Koraidon\n|-singleturn|p2a: Koraidon|Protect\n|move|p1a: Flutter Mane|Thunder Wave|p2a: Koraidon\n|-activate|p2a: Koraidon|move: Protect\n|move|p1b: Zamazenta|Body Press|p2b: Flutter Mane\n|-immune|p2b: Flutter Mane\n|\n|-weather|SunnyDay|[upkeep]\n|upkeep\n|turn|3\n|inactive|speedduels has 30 seconds left.\n|\n|t:|1739405401\n|move|p1b: Zamazenta|Protect|p1b: Zamazenta\n|-singleturn|p1b: Zamazenta|Protect\n|move|p2b: Flutter Mane|Moonblast|p1b: Zamazenta\n|-activate|p1b: Zamazenta|move: Protect\n|move|p1a: Flutter Mane|Thunder Wave|p2a: Koraidon\n|-status|p2a: Koraidon|par\n|cant|p2a: Koraidon|par\n|\n|-weather|SunnyDay|[upkeep]\n|upkeep\n|turn|4\n|\n|t:|1739405424\n|move|p2b: Flutter Mane|Moonblast|p1a: Flutter Mane\n|-damage|p1a: Flutter Mane|0 fnt\n|faint|p1a: Flutter Mane\n|-end|p1a: Flutter Mane|Protosynthesis|[silent]\n|move|p1b: Zamazenta|Body Press|p2a: Koraidon\n|-damage|p2a: Koraidon|0 fnt\n|faint|p2a: Koraidon\n|\n|-weather|SunnyDay|[upkeep]\n|upkeep\n|\n|t:|1739405441\n|switch|p1a: Amoonguss|Amoonguss, L50, F|100\/100\n|switch|p2a: Brute Bonnet|Brute Bonnet, L50|100\/100\n|-activate|p2a: Brute Bonnet|ability: Protosynthesis\n|-start|p2a: Brute Bonnet|protosynthesisdef\n|turn|5\n|\n|t:|1739405465\n|-terastallize|p2a: Brute Bonnet|Water\n|move|p1a: Amoonguss|Rage Powder|p1a: Amoonguss\n|-singleturn|p1a: Amoonguss|move: Rage Powder\n|move|p2b: Flutter Mane|Icy Wind|p1b: Zamazenta|[spread] p1a,p1b\n|-supereffective|p1a: Amoonguss\n|-supereffective|p1b: Zamazenta\n|-damage|p1a: Amoonguss|72\/100\n|-damage|p1b: Zamazenta|78\/100\n|-unboost|p1a: Amoonguss|spe|1\n|-unboost|p1b: Zamazenta|spe|1\n|move|p1b: Zamazenta|Body Press|p2a: Brute Bonnet\n|-damage|p2a: Brute Bonnet|66\/100\n|move|p2a: Brute Bonnet|Taunt|p1a: Amoonguss\n|-start|p1a: Amoonguss|move: Taunt\n|\n|-weather|none\n|-end|p2b: Flutter Mane|Protosynthesis\n|-end|p2a: Brute Bonnet|Protosynthesis\n|upkeep\n|turn|6\n|inactive|IMayDC has 30 seconds left.\n|inactive|IMayDC has 20 seconds left.\n|\n|t:|1739405503\n|-end|p2a: Brute Bonnet|Protosynthesis|[silent]\n|switch|p2a: Raging Bolt|Raging Bolt, L50|100\/100\n|move|p2b: Flutter Mane|Shadow Ball|p1a: Amoonguss\n|-damage|p1a: Amoonguss|32\/100\n|-unboost|p1a: Amoonguss|spd|1\n|move|p1b: Zamazenta|Heavy Slam|p2b: Flutter Mane\n|-supereffective|p2b: Flutter Mane\n|-crit|p2b: Flutter Mane\n|-enditem|p2b: Flutter Mane|Focus Sash\n|-damage|p2b: Flutter Mane|1\/100\n|move|p1a: Amoonguss|Sludge Bomb|p2b: Flutter Mane\n|-damage|p2b: Flutter Mane|0 fnt\n|faint|p2b: Flutter Mane\n|-end|p2b: Flutter Mane|Protosynthesis|[silent]\n|\n|upkeep\n|\n|t:|1739405512\n|switch|p2b: Brute Bonnet|Brute Bonnet, L50, tera:Water|66\/100\n|turn|7\n|\n|t:|1739405529\n|switch|p1a: Raging Bolt|Raging Bolt, L50|100\/100\n|move|p1b: Zamazenta|Protect|p1b: Zamazenta\n|-singleturn|p1b: Zamazenta|Protect\n|move|p2a: Raging Bolt|Thunderbolt|p1a: Raging Bolt\n|-resisted|p1a: Raging Bolt\n|-damage|p1a: Raging Bolt|93\/100\n|move|p2b: Brute Bonnet|Spore|p1b: Zamazenta\n|-activate|p1b: Zamazenta|move: Protect\n|\n|upkeep\n|turn|8\n|inactive|IMayDC has 30 seconds left.\n|\n|t:|1739405559\n|move|p1b: Zamazenta|Body Press|p2b: Brute Bonnet\n|-damage|p2b: Brute Bonnet|17\/100\n|move|p1a: Raging Bolt|Draco Meteor|p2a: Raging Bolt\n|-supereffective|p2a: Raging Bolt\n|-damage|p2a: Raging Bolt|31\/100\n|-unboost|p1a: Raging Bolt|spa|2\n|move|p2a: Raging Bolt|Draco Meteor|p1b: Zamazenta\n|-supereffective|p1b: Zamazenta\n|-damage|p1b: Zamazenta|0 fnt\n|-unboost|p2a: Raging Bolt|spa|2\n|faint|p1b: Zamazenta\n|move|p2b: Brute Bonnet|Spore|p1a: Raging Bolt\n|-status|p1a: Raging Bolt|slp|[from] move: Spore\n|\n|upkeep\n|\n|t:|1739405570\n|switch|p1b: Amoonguss|Amoonguss, L50, F|65\/100\n|turn|9\n|\n|t:|1739405585\n|cant|p1a: Raging Bolt|slp\n|move|p2a: Raging Bolt|Snarl|p1b: Amoonguss|[spread] p1a,p1b\n|-damage|p1a: Raging Bolt|88\/100 slp\n|-damage|p1b: Amoonguss|58\/100\n|-unboost|p1a: Raging Bolt|spa|1\n|-unboost|p1b: Amoonguss|spa|1\n|move|p2b: Brute Bonnet|Taunt|p1b: Amoonguss\n|-start|p1b: Amoonguss|move: Taunt\n|move|p1b: Amoonguss|Sludge Bomb|p2b: Brute Bonnet\n|-damage|p2b: Brute Bonnet|2\/100\n|\n|upkeep\n|turn|10\n|\n|t:|1739405608\n|-curestatus|p1a: Raging Bolt|slp|[msg]\n|move|p1a: Raging Bolt|Thunderclap|p2b: Brute Bonnet\n|-supereffective|p2b: Brute Bonnet\n|-damage|p2b: Brute Bonnet|0 fnt\n|faint|p2b: Brute Bonnet\n|-end|p2b: Brute Bonnet|Protosynthesis|[silent]\n|move|p2a: Raging Bolt|Draco Meteor|p1a: Raging Bolt\n|-supereffective|p1a: Raging Bolt\n|-damage|p1a: Raging Bolt|50\/100\n|-unboost|p2a: Raging Bolt|spa|2\n|move|p1b: Amoonguss|Sludge Bomb|p2a: Raging Bolt\n|-damage|p2a: Raging Bolt|21\/100\n|\n|upkeep\n|turn|11\n|-message|speedduels forfeited.\n|\n|win|IMayDC\n|raw|IMayDC's rating: 1562 &rarr; <strong>1585<\/strong><br \/>(+23 for winning)\n|raw|speedduels's rating: 1612 &rarr; <strong>1589<\/strong><br \/>(-23 for losing)\n|l|\u2606speedduels\n|player|p2|\n|l|\u2606IMayDC\n|player|p1|\n","uploadtime":1739405788,"views":7,"formatid":"gen9vgc2025regg","rating":1585,"private":0,"password":null}