{"id":"gen9vgc2025regg-2299730967","format":"[Gen 9] VGC 2025 Reg G","players":["Bougie Oatmeal","superpowerpoke"],"log":"|j|\u2606Bougie Oatmeal\n|j|\u2606superpowerpoke\n|t:|1739410501\n|gametype|doubles\n|player|p1|Bougie Oatmeal|rowan|1651\n|player|p2|superpowerpoke|101|1688\n|teamsize|p1|6\n|teamsize|p2|6\n|gen|9\n|tier|[Gen 9] VGC 2025 Reg G\n|rated|\n|rule|Species Clause: Limit one of each Pok\u00e9mon\n|rule|Item Clause: Limit 1 of each item\n|clearpoke\n|poke|p1|Calyrex-Shadow, L50|\n|poke|p1|Indeedee-F, L50, F|\n|poke|p1|Ogerpon-Hearthflame, L50, F|\n|poke|p1|Iron Jugulis, L50|\n|poke|p1|Iron Hands, L50|\n|poke|p1|Urshifu-*, L50, F|\n|poke|p2|Lunala, L50|\n|poke|p2|Maushold-Four, L50|\n|poke|p2|Pelipper, L50, F|\n|poke|p2|Landorus, L50, M|\n|poke|p2|Whimsicott, L50, M|\n|poke|p2|Urshifu-*, L50, F|\n|teampreview|4\n|inactive|Battle timer is ON: inactive players will automatically lose when time's up. (requested by Bougie Oatmeal)\n|\n|t:|1739410517\n|start\n|switch|p1a: Hallothreen|Iron Jugulis, L50|100\/100\n|switch|p1b: Arizona|Ogerpon-Hearthflame, L50, F|100\/100\n|switch|p2a: Lunala|Lunala, L50|100\/100\n|switch|p2b: Maushold|Maushold-Four, L50|100\/100\n|-ability|p1b: Arizona|Mold Breaker\n|-enditem|p1a: Hallothreen|Booster Energy\n|-activate|p1a: Hallothreen|ability: Quark Drive|[fromitem]\n|-start|p1a: Hallothreen|quarkdrivespe\n|turn|1\n|\n|t:|1739410530\n|-terastallize|p2a: Lunala|Fairy\n|move|p2b: Maushold|Helping Hand|p2a: Lunala\n|-singleturn|p2a: Lunala|Helping Hand|[of] p2b: Maushold\n|move|p1a: Hallothreen|Snarl|p2a: Lunala|[spread] p2a,p2b\n|-resisted|p2a: Lunala\n|-damage|p2a: Lunala|98\/100\n|-damage|p2b: Maushold|82\/100\n|-unboost|p2a: Lunala|spa|1\n|-unboost|p2b: Maushold|spa|1\n|move|p1b: Arizona|Ivy Cudgel|p2b: Maushold|[anim] Ivy Cudgel Fire\n|-damage|p2b: Maushold|37\/100\n|move|p2a: Lunala|Meteor Beam||[still]\n|-prepare|p2a: Lunala|Meteor Beam\n|-boost|p2a: Lunala|spa|1\n|-enditem|p2a: Lunala|Power Herb\n|-anim|p2a: Lunala|Meteor Beam|p1a: Hallothreen\n|-supereffective|p1a: Hallothreen\n|-damage|p1a: Hallothreen|0 fnt\n|faint|p1a: Hallothreen\n|-end|p1a: Hallothreen|Quark Drive|[silent]\n|\n|upkeep\n|\n|t:|1739410549\n|switch|p1a: Zoroastre|Calyrex-Shadow, L50|100\/100\n|-ability|p1a: Zoroastre|As One\n|-ability|p1a: Zoroastre|Unnerve\n|turn|2\n|\n|t:|1739410570\n|-terastallize|p1b: Arizona|Fire\n|detailschange|p1b: Arizona|Ogerpon-Hearthflame-Tera, L50, F, tera:Fire\n|-ability|p1b: Arizona|Embody Aspect (Hearthflame)|boost\n|-boost|p1b: Arizona|atk|1\n|move|p1a: Zoroastre|Expanding Force|p2b: Maushold\n|-crit|p2b: Maushold\n|-damage|p2b: Maushold|0 fnt\n|faint|p2b: Maushold\n|-ability|p1a: Zoroastre|Grim Neigh|boost\n|-boost|p1a: Zoroastre|spa|1\n|move|p1b: Arizona|Ivy Cudgel|p2a: Lunala|[anim] Ivy Cudgel Fire\n|-damage|p2a: Lunala|15\/100\n|move|p2a: Lunala|Dazzling Gleam|p1b: Arizona|[spread] p1a,p1b\n|-resisted|p1b: Arizona\n|-damage|p1a: Zoroastre|66\/100\n|-damage|p1b: Arizona|83\/100\n|\n|upkeep\n|inactive|superpowerpoke has 30 seconds left.\n|\n|t:|1739410599\n|switch|p2b: Landorus|Landorus, L50, M|100\/100\n|turn|3\n|j| futonkagebunshin\n|\n|t:|1739410609\n|move|p2a: Lunala|Protect|p2a: Lunala\n|-singleturn|p2a: Lunala|Protect\n|move|p2b: Landorus|Earth Power|p1a: Zoroastre\n|-damage|p1a: Zoroastre|7\/100\n|move|p1a: Zoroastre|Expanding Force|p2b: Landorus\n|-damage|p2b: Landorus|11\/100\n|move|p1b: Arizona|Horn Leech|p2a: Lunala\n|-activate|p2a: Lunala|move: Protect\n|\n|upkeep\n|turn|4\n|\n|t:|1739410626\n|move|p2b: Landorus|Earth Power|p1a: Zoroastre\n|-damage|p1a: Zoroastre|0 fnt\n|faint|p1a: Zoroastre\n|move|p1b: Arizona|Ivy Cudgel|p2b: Landorus|[anim] Ivy Cudgel Fire\n|-damage|p2b: Landorus|0 fnt\n|faint|p2b: Landorus\n|move|p2a: Lunala|Moongeist Beam|p1b: Arizona\n|-damage|p1b: Arizona|20\/100\n|\n|upkeep\n|\n|t:|1739410638\n|switch|p1a: Laotzulowei|Urshifu-Rapid-Strike, L50, F|100\/100\n|switch|p2b: Pelipper|Pelipper, L50, F|100\/100\n|-weather|RainDance|[from] ability: Drizzle|[of] p2b: Pelipper\n|turn|5\n|\n|t:|1739410655\n|move|p1a: Laotzulowei|Surging Strikes|p2a: Lunala\n|-crit|p2a: Lunala\n|-damage|p2a: Lunala|0 fnt\n|faint|p2a: Lunala\n|-hitcount|p2: Lunala|1\n|move|p1b: Arizona|Horn Leech|p2b: Pelipper\n|-damage|p2b: Pelipper|53\/100\n|-heal|p1b: Arizona|41\/100|[from] drain|[of] p2b: Pelipper\n|move|p2b: Pelipper|Hurricane|p1a: Laotzulowei\n|-supereffective|p1a: Laotzulowei\n|-damage|p1a: Laotzulowei|2\/100\n|\n|-weather|RainDance|[upkeep]\n|upkeep\n|turn|6\n|l| futonkagebunshin\n|\n|t:|1739410676\n|move|p1a: Laotzulowei|Surging Strikes|p2b: Pelipper\n|-resisted|p2b: Pelipper\n|-crit|p2b: Pelipper\n|-damage|p2b: Pelipper|38\/100\n|-enditem|p2b: Pelipper|Sitrus Berry|[eat]\n|-heal|p2b: Pelipper|63\/100|[from] item: Sitrus Berry\n|-resisted|p2b: Pelipper\n|-crit|p2b: Pelipper\n|-damage|p2b: Pelipper|50\/100\n|-resisted|p2b: Pelipper\n|-crit|p2b: Pelipper\n|-damage|p2b: Pelipper|38\/100\n|-hitcount|p2b: Pelipper|3\n|move|p1b: Arizona|Horn Leech|p2b: Pelipper\n|-damage|p2b: Pelipper|0 fnt\n|-heal|p1b: Arizona|58\/100|[from] drain|[of] p2b: Pelipper\n|faint|p2b: Pelipper\n|\n|win|Bougie Oatmeal\n|raw|Bougie Oatmeal's rating: 1651 &rarr; <strong>1673<\/strong><br \/>(+22 for winning)\n|raw|superpowerpoke's rating: 1688 &rarr; <strong>1666<\/strong><br \/>(-22 for losing)\n|l|\u2606superpowerpoke\n|player|p2|\n|l|\u2606Bougie Oatmeal\n|player|p1|\n","uploadtime":1739410909,"views":11,"formatid":"gen9vgc2025regg","rating":1666,"private":0,"password":null}