{"id":"gen9vgc2025regg-2299789680","format":"[Gen 9] VGC 2025 Reg G","players":["cilan123","pentagonSG"],"log":"|j|\u2606cilan123\n|j|\u2606pentagonSG\n|t:|1739418264\n|gametype|doubles\n|player|p1|cilan123|cilan|1570\n|player|p2|pentagonSG|266|1576\n|teamsize|p1|6\n|teamsize|p2|6\n|gen|9\n|tier|[Gen 9] VGC 2025 Reg G\n|rated|\n|rule|Species Clause: Limit one of each Pok\u00e9mon\n|rule|Item Clause: Limit 1 of each item\n|clearpoke\n|poke|p1|Groudon, L50|\n|poke|p1|Ogerpon-Cornerstone, L50, F|\n|poke|p1|Raging Bolt, L50|\n|poke|p1|Farigiraf, L50, M|\n|poke|p1|Walking Wake, L50|\n|poke|p1|Volcarona, L50, M|\n|poke|p2|Volcarona, L50, M|\n|poke|p2|Miraidon, L50|\n|poke|p2|Grimmsnarl, L50, M|\n|poke|p2|Okidogi, L50, M|\n|poke|p2|Iron Hands, L50|\n|poke|p2|Farigiraf, L50, F|\n|teampreview|4\n|inactive|Battle timer is ON: inactive players will automatically lose when time's up. (requested by pentagonSG)\n|\n|t:|1739418294\n|start\n|switch|p1a: Ogerpon|Ogerpon-Cornerstone, L50, F|100\/100\n|switch|p1b: Walking Wake|Walking Wake, L50|100\/100\n|switch|p2a: Miraidon|Miraidon, L50|100\/100\n|switch|p2b: Grimmsnarl|Grimmsnarl, L50, M|100\/100\n|-fieldstart|move: Electric Terrain|[from] ability: Hadron Engine|[of] p2a: Miraidon\n|turn|1\n|\n|t:|1739418314\n|-end|p1b: Walking Wake|Protosynthesis|[silent]\n|switch|p1b: saquon|Groudon, L50|100\/100\n|-weather|SunnyDay|[from] ability: Drought|[of] p1b: saquon\n|move|p2b: Grimmsnarl|Light Screen|p2b: Grimmsnarl\n|-sidestart|p2: pentagonSG|move: Light Screen\n|move|p2a: Miraidon|Volt Switch|p1b: saquon\n|-immune|p1b: saquon\n|move|p1a: Ogerpon|Ivy Cudgel|p2a: Miraidon|[anim] Ivy Cudgel Rock\n|-damage|p2a: Miraidon|45\/100\n|\n|-weather|SunnyDay|[upkeep]\n|upkeep\n|turn|2\n|\n|t:|1739418332\n|switch|p2a: Farigiraf|Farigiraf, L50, F|100\/100\n|move|p2b: Grimmsnarl|Reflect|p2b: Grimmsnarl\n|-sidestart|p2: pentagonSG|Reflect\n|move|p1a: Ogerpon|Ivy Cudgel|p2b: Grimmsnarl|[anim] Ivy Cudgel Rock\n|-crit|p2b: Grimmsnarl\n|-damage|p2b: Grimmsnarl|6\/100\n|move|p1b: saquon|Precipice Blades|p2b: Grimmsnarl|[spread] p2a,p2b\n|-damage|p2a: Farigiraf|71\/100\n|-damage|p2b: Grimmsnarl|0 fnt\n|faint|p2b: Grimmsnarl\n|\n|-weather|SunnyDay|[upkeep]\n|upkeep\n|\n|t:|1739418346\n|switch|p2b: Iron Hands|Iron Hands, L50|100\/100\n|-activate|p2b: Iron Hands|ability: Quark Drive\n|-start|p2b: Iron Hands|quarkdriveatk\n|turn|3\n|\n|t:|1739418369\n|-terastallize|p1a: Ogerpon|Rock\n|detailschange|p1a: Ogerpon|Ogerpon-Cornerstone-Tera, L50, F, tera:Rock\n|-ability|p1a: Ogerpon|Embody Aspect (Cornerstone)|boost\n|-boost|p1a: Ogerpon|def|1\n|move|p1a: Ogerpon|Ivy Cudgel|p2a: Farigiraf|[anim] Ivy Cudgel Rock\n|-damage|p2a: Farigiraf|30\/100\n|move|p1b: saquon|Precipice Blades|p2a: Farigiraf|[spread] p2a,p2b\n|-supereffective|p2b: Iron Hands\n|-damage|p2a: Farigiraf|0 fnt\n|-damage|p2b: Iron Hands|48\/100\n|faint|p2a: Farigiraf\n|move|p2b: Iron Hands|Drain Punch|p1a: Ogerpon\n|-supereffective|p1a: Ogerpon\n|-damage|p1a: Ogerpon|0 fnt\n|-heal|p2b: Iron Hands|82\/100|[from] drain|[of] p1a: Ogerpon\n|faint|p1a: Ogerpon\n|\n|-weather|SunnyDay|[upkeep]\n|-heal|p2b: Iron Hands|88\/100|[from] item: Leftovers\n|upkeep\n|\n|t:|1739418389\n|switch|p1a: Walking Wake|Walking Wake, L50|100\/100\n|switch|p2a: Miraidon|Miraidon, L50|45\/100\n|-activate|p2a: Miraidon|ability: Hadron Engine\n|-activate|p1a: Walking Wake|ability: Protosynthesis\n|-start|p1a: Walking Wake|protosynthesisspe\n|turn|4\n|\n|t:|1739418404\n|-terastallize|p2a: Miraidon|Fairy\n|move|p1a: Walking Wake|Hydro Steam|p2a: Miraidon\n|-damage|p2a: Miraidon|0 fnt\n|faint|p2a: Miraidon\n|move|p1b: saquon|Precipice Blades|p2b: Iron Hands\n|-supereffective|p2b: Iron Hands\n|-damage|p2b: Iron Hands|20\/100\n|move|p2b: Iron Hands|Drain Punch|p1b: saquon\n|-damage|p1b: saquon|57\/100\n|-heal|p2b: Iron Hands|36\/100|[from] drain|[of] p1b: saquon\n|\n|-weather|SunnyDay|[upkeep]\n|-heal|p2b: Iron Hands|42\/100|[from] item: Leftovers\n|upkeep\n|turn|5\n|-message|pentagonSG forfeited.\n|\n|win|cilan123\n|raw|cilan123's rating: 1570 &rarr; <strong>1590<\/strong><br \/>(+20 for winning)\n|raw|pentagonSG's rating: 1576 &rarr; <strong>1556<\/strong><br \/>(-20 for losing)\n|l|\u2606pentagonSG\n|player|p2|\n|l|\u2606cilan123\n|player|p1|\n","uploadtime":1739418586,"views":9,"formatid":"gen9vgc2025regg","rating":1556,"private":0,"password":null}