{"id":"gen9vgc2025regg-2299562439","format":"[Gen 9] VGC 2025 Reg G","players":["orudbeck","zugasteam"],"log":"|j|\u2606orudbeck\n|j|\u2606zugasteam\n|t:|1739391234\n|gametype|doubles\n|player|p1|orudbeck|102|1555\n|player|p2|zugasteam|102|1516\n|teamsize|p1|6\n|teamsize|p2|6\n|gen|9\n|tier|[Gen 9] VGC 2025 Reg G\n|rated|\n|rule|Species Clause: Limit one of each Pok\u00e9mon\n|rule|Item Clause: Limit 1 of each item\n|clearpoke\n|poke|p1|Dialga-Origin, L50|\n|poke|p1|Incineroar, L50, M|\n|poke|p1|Araquanid, L50, F|\n|poke|p1|Ogerpon-Cornerstone, L50, F|\n|poke|p1|Urshifu-*, L50, F|\n|poke|p1|Ursaluna, L50, F|\n|poke|p2|Heatran, L50, M|\n|poke|p2|Terapagos, L50, M|\n|poke|p2|Incineroar, L50, M|\n|poke|p2|Ogerpon-Cornerstone, L50, F|\n|poke|p2|Scream Tail, L50|\n|poke|p2|Rillaboom, L50, M|\n|teampreview|4\n|j| kiabu233\n|\n|t:|1739391265\n|start\n|switch|p1a: Dialga|Dialga-Origin, L50|100\/100\n|switch|p1b: Urshifu|Urshifu-Rapid-Strike, L50, F|100\/100\n|switch|p2a: Terapagos|Terapagos, L50, M|100\/100\n|switch|p2b: Incineroar|Incineroar, L50, M|100\/100\n|-activate|p2a: Terapagos|ability: Tera Shift\n|detailschange|p2a: Terapagos|Terapagos-Terastal, L50, M\n|-heal|p2a: Terapagos|100\/100|[silent]\n|-ability|p2b: Incineroar|Intimidate|boost\n|-unboost|p1a: Dialga|atk|1\n|-unboost|p1b: Urshifu|atk|1\n|turn|1\n|\n|t:|1739391284\n|switch|p2a: Rillaboom|Rillaboom, L50, M|100\/100\n|-fieldstart|move: Grassy Terrain|[from] ability: Grassy Surge|[of] p2a: Rillaboom\n|-terastallize|p2b: Incineroar|Ghost\n|move|p1b: Urshifu|Detect|p1b: Urshifu\n|-singleturn|p1b: Urshifu|Protect\n|move|p2b: Incineroar|Will-O-Wisp|p1b: Urshifu\n|-activate|p1b: Urshifu|move: Protect\n|move|p1a: Dialga|Trick Room|p1a: Dialga\n|-fieldstart|move: Trick Room|[of] p1a: Dialga\n|\n|upkeep\n|turn|2\n|j| futonkagebunshin\n|inactive|Battle timer is ON: inactive players will automatically lose when time's up. (requested by zugasteam)\n|\n|t:|1739391312\n|switch|p1b: Araquanid|Araquanid, L50, F|100\/100\n|move|p2b: Incineroar|Parting Shot|p1a: Dialga\n|-unboost|p1a: Dialga|atk|1\n|-unboost|p1a: Dialga|spa|1\n|\n|t:|1739391318\n|switch|p2b: Terapagos|Terapagos-Terastal, L50, M|100\/100|[from] Parting Shot\n|move|p2a: Rillaboom|Wood Hammer|p1b: Araquanid\n|-damage|p1b: Araquanid|16\/100\n|-damage|p2a: Rillaboom|77\/100|[from] Recoil\n|move|p1a: Dialga|Dragon Pulse|p2a: Rillaboom\n|-damage|p2a: Rillaboom|46\/100\n|\n|-heal|p1b: Araquanid|22\/100|[from] Grassy Terrain\n|-heal|p2a: Rillaboom|51\/100|[from] Grassy Terrain\n|upkeep\n|turn|3\n|\n|t:|1739391332\n|move|p2a: Rillaboom|Grassy Glide|p1b: Araquanid\n|-damage|p1b: Araquanid|0 fnt\n|faint|p1b: Araquanid\n|move|p1a: Dialga|Dragon Pulse|p2b: Terapagos\n|-activate|p2b: Terapagos|ability: Tera Shell\n|-resisted|p2b: Terapagos\n|-damage|p2b: Terapagos|82\/100\n|move|p2b: Terapagos|Calm Mind|p2b: Terapagos\n|-boost|p2b: Terapagos|spa|1\n|-boost|p2b: Terapagos|spd|1\n|\n|-heal|p2a: Rillaboom|57\/100|[from] Grassy Terrain\n|-heal|p2b: Terapagos|88\/100|[from] Grassy Terrain\n|-heal|p2b: Terapagos|94\/100|[from] item: Leftovers\n|upkeep\n|\n|t:|1739391339\n|switch|p1b: Ursaluna|Ursaluna, L50, F|100\/100\n|turn|4\n|\n|t:|1739391356\n|move|p1b: Ursaluna|Protect|p1b: Ursaluna\n|-singleturn|p1b: Ursaluna|Protect\n|move|p2a: Rillaboom|U-turn|p1a: Dialga\n|-resisted|p1a: Dialga\n|-crit|p1a: Dialga\n|-damage|p1a: Dialga|86\/100\n|\n|t:|1739391362\n|switch|p2a: Incineroar|Incineroar, L50, M, tera:Ghost|100\/100|[from] U-turn\n|-ability|p2a: Incineroar|Intimidate|boost\n|-unboost|p1a: Dialga|atk|1\n|-unboost|p1b: Ursaluna|atk|1\n|move|p1a: Dialga|Dragon Pulse|p2b: Terapagos\n|-damage|p2b: Terapagos|67\/100\n|move|p2b: Terapagos|Substitute|p2b: Terapagos\n|-start|p2b: Terapagos|Substitute\n|-damage|p2b: Terapagos|42\/100\n|\n|-heal|p1a: Dialga|92\/100|[from] Grassy Terrain\n|-heal|p2b: Terapagos|48\/100|[from] Grassy Terrain\n|-heal|p2b: Terapagos|54\/100|[from] item: Leftovers\n|-status|p1b: Ursaluna|brn|[from] item: Flame Orb\n|upkeep\n|turn|5\n|-message|orudbeck forfeited.\n|\n|win|zugasteam\n|raw|orudbeck's rating: 1555 &rarr; <strong>1533<\/strong><br \/>(-22 for losing)\n|raw|zugasteam's rating: 1516 &rarr; <strong>1538<\/strong><br \/>(+22 for winning)\n|l|\u2606orudbeck\n|player|p1|\n|l| kiabu233\n|l|\u2606zugasteam\n|player|p2|\n","uploadtime":1739391570,"views":5,"formatid":"gen9vgc2025regg","rating":1533,"private":0,"password":null}