{"id":"gen9vgc2025regg-2299314404","format":"[Gen 9] VGC 2025 Reg G","players":["koji muranishi","FunkyPengu1n"],"log":"|j|\u2606koji muranishi\n|j|\u203dFunkyPengu1n\n|t:|1739366005\n|gametype|doubles\n|player|p1|koji muranishi|266|1654\n|player|p2|FunkyPengu1n|101|1552\n|teamsize|p1|6\n|teamsize|p2|6\n|gen|9\n|tier|[Gen 9] VGC 2025 Reg G\n|rated|\n|rule|Species Clause: Limit one of each Pok\u00e9mon\n|rule|Item Clause: Limit 1 of each item\n|clearpoke\n|poke|p1|Whimsicott, L50, F|\n|poke|p1|Calyrex-Ice, L50|\n|poke|p1|Urshifu-*, L50, F|\n|poke|p1|Chi-Yu, L50|\n|poke|p1|Raging Bolt, L50|\n|poke|p1|Landorus, L50, M|\n|poke|p2|Calyrex-Shadow, L50|\n|poke|p2|Raging Bolt, L50|\n|poke|p2|Clefairy, L50, F|\n|poke|p2|Urshifu-*, L50, F|\n|poke|p2|Incineroar, L50, M|\n|poke|p2|Rillaboom, L50, F|\n|teampreview|4\n|inactive|Battle timer is ON: inactive players will automatically lose when time's up. (requested by koji muranishi)\n|l|\u203dFunkyPengu1n\n|inactive|FunkyPengu1n disconnected and has a minute to reconnect!\n|player|p2|\n|j|\u203dFunkyPengu1n\n|inactive|FunkyPengu1n reconnected and has 55 seconds left.\n|player|p2|FunkyPengu1n|101|\n|n|\u203dFunkyPengu1n|funkypengu1n\n|\n|t:|1739366058\n|start\n|switch|p1a: Urshifu|Urshifu-Rapid-Strike, L50, F|100\/100\n|switch|p1b: Landorus|Landorus, L50, M|100\/100\n|switch|p2a: Incineroar|Incineroar, L50, M|100\/100\n|switch|p2b: Urshifu|Urshifu-Rapid-Strike, L50, F|100\/100\n|-ability|p2a: Incineroar|Intimidate|boost\n|-unboost|p1a: Urshifu|atk|1\n|-unboost|p1b: Landorus|atk|1\n|turn|1\n|\n|t:|1739366076\n|move|p2a: Incineroar|Fake Out|p1a: Urshifu\n|-damage|p1a: Urshifu|90\/100\n|cant|p1a: Urshifu|flinch\n|move|p2b: Urshifu|Surging Strikes|p1b: Landorus\n|-supereffective|p1b: Landorus\n|-crit|p1b: Landorus\n|-damage|p1b: Landorus|52\/100\n|-supereffective|p1b: Landorus\n|-crit|p1b: Landorus\n|-damage|p1b: Landorus|0 fnt\n|faint|p1b: Landorus\n|-hitcount|p1: Landorus|2\n|\n|upkeep\n|\n|t:|1739366091\n|switch|p1b: Calyrex|Calyrex-Ice, L50|100\/100\n|-ability|p1b: Calyrex|As One\n|-ability|p1b: Calyrex|Unnerve\n|turn|2\n|\n|t:|1739366111\n|switch|p2b: Clefairy|Clefairy, L50, F|100\/100\n|-terastallize|p2a: Incineroar|Ghost\n|move|p1a: Urshifu|Surging Strikes|p2a: Incineroar\n|-crit|p2a: Incineroar\n|-damage|p2a: Incineroar|85\/100\n|-crit|p2a: Incineroar\n|-damage|p2a: Incineroar|70\/100\n|-crit|p2a: Incineroar\n|-damage|p2a: Incineroar|55\/100\n|-hitcount|p2a: Incineroar|3\n|move|p1b: Calyrex|Glacial Lance|p2b: Clefairy|[spread] p2a,p2b\n|-damage|p2a: Incineroar|0 fnt\n|-damage|p2b: Clefairy|39\/100\n|faint|p2a: Incineroar\n|-ability|p1b: Calyrex|Chilling Neigh|boost\n|-boost|p1b: Calyrex|atk|1\n|\n|upkeep\n|\n|t:|1739366125\n|switch|p2a: Calyrex|Calyrex-Shadow, L50|100\/100\n|-ability|p2a: Calyrex|As One\n|-ability|p2a: Calyrex|Unnerve\n|turn|3\n|\n|t:|1739366135\n|-terastallize|p1b: Calyrex|Ice\n|move|p2b: Clefairy|Helping Hand|p2a: Calyrex\n|-singleturn|p2a: Calyrex|Helping Hand|[of] p2b: Clefairy\n|move|p1a: Urshifu|Surging Strikes|p2a: Calyrex\n|-crit|p2a: Calyrex\n|-damage|p2a: Calyrex|83\/100\n|-crit|p2a: Calyrex\n|-damage|p2a: Calyrex|66\/100\n|-crit|p2a: Calyrex\n|-damage|p2a: Calyrex|49\/100\n|-hitcount|p2a: Calyrex|3\n|move|p2a: Calyrex|Astral Barrage|p1a: Urshifu|[spread] p1a,p1b\n|-damage|p1a: Urshifu|0 fnt\n|-damage|p1b: Calyrex|29\/100\n|faint|p1a: Urshifu\n|-ability|p2a: Calyrex|Grim Neigh|boost\n|-boost|p2a: Calyrex|spa|1\n|move|p1b: Calyrex|Glacial Lance|p2a: Calyrex|[spread] p2a,p2b\n|-damage|p2a: Calyrex|0 fnt\n|-damage|p2b: Clefairy|0 fnt\n|faint|p2a: Calyrex\n|faint|p2b: Clefairy\n|-ability|p1b: Calyrex|Chilling Neigh|boost\n|-boost|p1b: Calyrex|atk|2\n|\n|upkeep\n|\n|t:|1739366159\n|switch|p1a: Whimsicott|Whimsicott, L50, F|100\/100\n|switch|p2b: Urshifu|Urshifu-Rapid-Strike, L50, F|100\/100\n|turn|4\n|\n|t:|1739366166\n|move|p1a: Whimsicott|Moonblast|p2b: Urshifu\n|-supereffective|p2b: Urshifu\n|-enditem|p2b: Urshifu|Focus Sash\n|-damage|p2b: Urshifu|1\/100\n|move|p2b: Urshifu|Surging Strikes|p1b: Calyrex\n|-crit|p1b: Calyrex\n|-damage|p1b: Calyrex|13\/100\n|-crit|p1b: Calyrex\n|-damage|p1b: Calyrex|0 fnt\n|faint|p1b: Calyrex\n|-hitcount|p1: Calyrex|2\n|\n|upkeep\n|turn|5\n|\n|t:|1739366180\n|move|p1a: Whimsicott|Moonblast|p2b: Urshifu\n|-supereffective|p2b: Urshifu\n|-damage|p2b: Urshifu|0 fnt\n|faint|p2b: Urshifu\n|\n|win|koji muranishi\n|raw|koji muranishi's rating: 1654 &rarr; <strong>1668<\/strong><br \/>(+14 for winning)\n|raw|FunkyPengu1n's rating: 1552 &rarr; <strong>1538<\/strong><br \/>(-14 for losing)\n|l|\u2606koji muranishi\n|player|p1|\n|l|\u203dFunkyPengu1n\n|player|p2|\n","uploadtime":1739366317,"views":18,"formatid":"gen9vgc2025regg","rating":1538,"private":0,"password":null}