{"id":"gen9vgc2025regg-2299602515","format":"[Gen 9] VGC 2025 Reg G","players":["pokequimico","zonavideovigilada"],"log":"|j|\u2606pokequimico\n|j|\u2606zonavideovigilada\n|t:|1739395318\n|gametype|doubles\n|player|p1|pokequimico|lucas|1602\n|player|p2|zonavideovigilada|101|1611\n|teamsize|p1|6\n|teamsize|p2|6\n|gen|9\n|tier|[Gen 9] VGC 2025 Reg G\n|rated|\n|rule|Species Clause: Limit one of each Pok\u00e9mon\n|rule|Item Clause: Limit 1 of each item\n|clearpoke\n|poke|p1|Terapagos, L50, M|\n|poke|p1|Ogerpon-Hearthflame, L50, F|\n|poke|p1|Smeargle, L50, F|\n|poke|p1|Tornadus, L50, M|\n|poke|p1|Landorus, L50, M|\n|poke|p1|Raichu, L50, M|\n|poke|p2|Urshifu-*, L50, M|\n|poke|p2|Whimsicott, L50, M|\n|poke|p2|Miraidon, L50|\n|poke|p2|Iron Hands, L50|\n|poke|p2|Incineroar, L50, M|\n|poke|p2|Iron Leaves, L50|\n|teampreview|4\n|j| mr pogostick\n|inactive|Battle timer is ON: inactive players will automatically lose when time's up. (requested by zonavideovigilada)\n|l| mr pogostick\n|\n|t:|1739395344\n|start\n|switch|p1a: Terapagos|Terapagos, L50, M|100\/100\n|switch|p1b: Ogerpon|Ogerpon-Hearthflame, L50, F|100\/100\n|switch|p2a: Miraidon|Miraidon, L50|100\/100\n|switch|p2b: Whimsicott|Whimsicott, L50, M|100\/100\n|-activate|p1a: Terapagos|ability: Tera Shift\n|detailschange|p1a: Terapagos|Terapagos-Terastal, L50, M\n|-heal|p1a: Terapagos|100\/100|[silent]\n|-fieldstart|move: Electric Terrain|[from] ability: Hadron Engine|[of] p2a: Miraidon\n|-ability|p1b: Ogerpon|Mold Breaker\n|turn|1\n|j| hoozayisdead\n|\n|t:|1739395360\n|switch|p1b: Raichu|Raichu, L50, M|100\/100\n|-terastallize|p1a: Terapagos|Stellar\n|detailschange|p1a: Terapagos|Terapagos-Stellar, L50, M, tera:Stellar\n|-heal|p1a: Terapagos|100\/100|[silent]\n|-ability|p1a: Terapagos|Teraform Zero\n|-fieldend|move: Electric Terrain\n|move|p2a: Miraidon|Draco Meteor|p1b: Raichu\n|-damage|p1b: Raichu|0 fnt\n|-unboost|p2a: Miraidon|spa|2\n|faint|p1b: Raichu\n|move|p2b: Whimsicott|Moonblast|p1a: Terapagos\n|-damage|p1a: Terapagos|83\/100\n|move|p1a: Terapagos|Tera Starstorm|p2a: Miraidon|[spread] p2a,p2b\n|-crit|p2b: Whimsicott\n|-damage|p2a: Miraidon|47\/100\n|-damage|p2b: Whimsicott|0 fnt\n|faint|p2b: Whimsicott\n|\n|upkeep\n|\n|t:|1739395381\n|switch|p2b: Urshifu|Urshifu-Rapid-Strike, L50, M|100\/100\n|switch|p1b: Landorus|Landorus, L50, M|100\/100\n|turn|2\n|\n|t:|1739395395\n|switch|p2a: Incineroar|Incineroar, L50, M|100\/100\n|-ability|p2a: Incineroar|Intimidate|boost\n|-unboost|p1a: Terapagos|atk|1\n|-unboost|p1b: Landorus|atk|1\n|move|p2b: Urshifu|Surging Strikes|p1b: Landorus\n|-supereffective|p1b: Landorus\n|-crit|p1b: Landorus\n|-damage|p1b: Landorus|55\/100\n|-supereffective|p1b: Landorus\n|-crit|p1b: Landorus\n|-damage|p1b: Landorus|16\/100\n|-supereffective|p1b: Landorus\n|-crit|p1b: Landorus\n|-damage|p1b: Landorus|0 fnt\n|faint|p1b: Landorus\n|-hitcount|p1: Landorus|3\n|move|p1a: Terapagos|Tera Starstorm|p2b: Urshifu|[spread] p2a,p2b\n|-damage|p2a: Incineroar|58\/100\n|-damage|p2b: Urshifu|6\/100\n|\n|upkeep\n|\n|t:|1739395403\n|switch|p1b: Ogerpon|Ogerpon-Hearthflame, L50, F|100\/100\n|-ability|p1b: Ogerpon|Mold Breaker\n|turn|3\n|inactive|zonavideovigilada has 30 seconds left.\n|inactive|zonavideovigilada has 20 seconds left.\n|inactive|zonavideovigilada has 15 seconds left.\n|inactive|zonavideovigilada has 10 seconds left.\n|inactive|zonavideovigilada has 5 seconds left.\n|\n|t:|1739395453\n|move|p2a: Incineroar|Fake Out|p1b: Ogerpon\n|-damage|p1b: Ogerpon|92\/100\n|cant|p1b: Ogerpon|flinch\n|move|p2b: Urshifu|Close Combat|p1a: Terapagos\n|-supereffective|p1a: Terapagos\n|-damage|p1a: Terapagos|7\/100\n|-unboost|p2b: Urshifu|def|1\n|-unboost|p2b: Urshifu|spd|1\n|move|p1a: Terapagos|Tera Starstorm|p2b: Urshifu|[spread] p2a,p2b\n|-damage|p2a: Incineroar|16\/100\n|-damage|p2b: Urshifu|0 fnt\n|faint|p2b: Urshifu\n|\n|upkeep\n|\n|t:|1739395461\n|switch|p2b: Miraidon|Miraidon, L50|47\/100\n|-fieldstart|move: Electric Terrain|[from] ability: Hadron Engine|[of] p2b: Miraidon\n|turn|4\n|\n|t:|1739395474\n|-terastallize|p2b: Miraidon|Fairy\n|move|p1b: Ogerpon|Follow Me|p1b: Ogerpon\n|-singleturn|p1b: Ogerpon|move: Follow Me\n|move|p2b: Miraidon|Dazzling Gleam|p1a: Terapagos|[spread] p1a,p1b\n|-resisted|p1b: Ogerpon\n|-damage|p1a: Terapagos|0 fnt\n|-damage|p1b: Ogerpon|57\/100\n|faint|p1a: Terapagos\n|move|p2a: Incineroar|Knock Off|p1b: Ogerpon\n|-damage|p1b: Ogerpon|36\/100\n|\n|upkeep\n|turn|5\n|-message|pokequimico forfeited.\n|\n|win|zonavideovigilada\n|raw|pokequimico's rating: 1602 &rarr; <strong>1583<\/strong><br \/>(-19 for losing)\n|raw|zonavideovigilada's rating: 1611 &rarr; <strong>1630<\/strong><br \/>(+19 for winning)\n|l|\u2606pokequimico\n|player|p1|\n|l|\u2606zonavideovigilada\n|player|p2|\n|l| hoozayisdead\n","uploadtime":1739395663,"views":5,"formatid":"gen9vgc2025regg","rating":1583,"private":0,"password":null}