{"id":"gen9vgc2025regg-2299821082","format":"[Gen 9] VGC 2025 Reg G","players":["rastapopolous","mlm2016"],"log":"|j|\u2606rastapopolous\n|j|\u2606mlm2016\n|t:|1739423081\n|gametype|doubles\n|player|p1|rastapopolous|gentleman-gen4|1531\n|player|p2|mlm2016|juggler|1649\n|teamsize|p1|6\n|teamsize|p2|6\n|gen|9\n|tier|[Gen 9] VGC 2025 Reg G\n|rated|\n|rule|Species Clause: Limit one of each Pok\u00e9mon\n|rule|Item Clause: Limit 1 of each item\n|clearpoke\n|poke|p1|Hitmontop, L50, M|\n|poke|p1|Smeargle, L50, M|\n|poke|p1|Urshifu-*, L50, F|\n|poke|p1|Kyogre, L50|\n|poke|p1|Entei, L50|\n|poke|p1|Whimsicott, L50, F|\n|poke|p2|Miraidon, L50|\n|poke|p2|Whimsicott, L50, F|\n|poke|p2|Iron Hands, L50|\n|poke|p2|Urshifu-*, L50, M|\n|poke|p2|Farigiraf, L50, M|\n|poke|p2|Sneasler, L50, M|\n|teampreview|4\n|inactive|Battle timer is ON: inactive players will automatically lose when time's up. (requested by mlm2016)\n|\n|t:|1739423101\n|start\n|switch|p1a: Entei|Entei, L50, shiny|100\/100\n|switch|p1b: Whimsicott|Whimsicott, L50, F|100\/100\n|switch|p2a: Miraidon|Miraidon, L50|100\/100\n|switch|p2b: Whimsicott|Whimsicott, L50, F|100\/100\n|-fieldstart|move: Electric Terrain|[from] ability: Hadron Engine|[of] p2a: Miraidon\n|turn|1\n|j| Mega Delibird X\n|\n|t:|1739423124\n|-terastallize|p2b: Whimsicott|Water\n|move|p2b: Whimsicott|Tailwind|p2b: Whimsicott\n|-sidestart|p2: mlm2016|move: Tailwind\n|move|p1b: Whimsicott|Grassy Terrain|p1b: Whimsicott\n|-fieldstart|move: Grassy Terrain\n|move|p2a: Miraidon|Volt Switch|p1a: Entei\n|-damage|p1a: Entei|73\/100\n|\n|t:|1739423131\n|switch|p2a: Farigiraf|Farigiraf, L50, M|100\/100|[from] Volt Switch\n|move|p1a: Entei|Sacred Fire|p2b: Whimsicott\n|-resisted|p2b: Whimsicott\n|-damage|p2b: Whimsicott|66\/100\n|\n|-heal|p2b: Whimsicott|72\/100|[from] Grassy Terrain\n|-heal|p1a: Entei|79\/100|[from] Grassy Terrain\n|upkeep\n|turn|2\n|\n|t:|1739423152\n|-terastallize|p1a: Entei|Grass\n|move|p2b: Whimsicott|Encore|p1b: Whimsicott\n|-start|p1b: Whimsicott|Encore\n|move|p1b: Whimsicott|Grassy Terrain||[still]\n|-fail|p1b: Whimsicott\n|move|p2a: Farigiraf|Hyper Voice|p1a: Entei|[spread] p1a,p1b\n|-damage|p1a: Entei|55\/100\n|-damage|p1b: Whimsicott|60\/100\n|-enditem|p2a: Farigiraf|Throat Spray\n|-boost|p2a: Farigiraf|spa|1|[from] item: Throat Spray\n|move|p1a: Entei|Trailblaze|p2b: Whimsicott\n|-supereffective|p2b: Whimsicott\n|-damage|p2b: Whimsicott|0 fnt\n|-boost|p1a: Entei|spe|1\n|faint|p2b: Whimsicott\n|\n|-heal|p1a: Entei|62\/100|[from] Grassy Terrain\n|-heal|p1b: Whimsicott|67\/100|[from] Grassy Terrain\n|upkeep\n|\n|t:|1739423171\n|switch|p2b: Sneasler|Sneasler, L50, M|100\/100\n|turn|3\n|inactive|rastapopolous has 30 seconds left.\n|inactive|mlm2016 has 30 seconds left.\n|\n|t:|1739423199\n|switch|p1a: Smeargle|Smeargle, L50, M|100\/100\n|switch|p1b: Kyogre|Kyogre, L50|100\/100\n|-weather|RainDance|[from] ability: Drizzle|[of] p1b: Kyogre\n|move|p2b: Sneasler|Acid Spray|p1a: Smeargle\n|-damage|p1a: Smeargle|89\/100\n|-unboost|p1a: Smeargle|spd|2\n|move|p2a: Farigiraf|Hyper Voice|p1a: Smeargle|[spread] p1a,p1b\n|-damage|p1a: Smeargle|0 fnt\n|-damage|p1b: Kyogre|66\/100\n|faint|p1a: Smeargle\n|\n|-weather|RainDance|[upkeep]\n|-heal|p1b: Kyogre|72\/100|[from] Grassy Terrain\n|upkeep\n|\n|t:|1739423223\n|switch|p1a: Whimsicott|Whimsicott, L50, F|67\/100\n|turn|4\n|j| mr pogostick\n|inactive|mlm2016 has 30 seconds left.\n|inactive|mlm2016 has 20 seconds left.\n|inactive|mlm2016 has 15 seconds left.\n|\n|t:|1739423264\n|move|p1b: Kyogre|Protect|p1b: Kyogre\n|-singleturn|p1b: Kyogre|Protect\n|move|p1a: Whimsicott|Tailwind|p1a: Whimsicott\n|-sidestart|p1: rastapopolous|move: Tailwind\n|move|p2b: Sneasler|Acid Spray|p1b: Kyogre\n|-activate|p1b: Kyogre|move: Protect\n|move|p2a: Farigiraf|Psychic|p1b: Kyogre\n|-activate|p1b: Kyogre|move: Protect\n|\n|-weather|RainDance|[upkeep]\n|-heal|p1a: Whimsicott|73\/100|[from] Grassy Terrain\n|-heal|p1b: Kyogre|78\/100|[from] Grassy Terrain\n|-sideend|p2: mlm2016|move: Tailwind\n|upkeep\n|turn|5\n|\n|t:|1739423284\n|move|p1a: Whimsicott|Moonblast|p2a: Farigiraf\n|-damage|p2a: Farigiraf|75\/100\n|-unboost|p2a: Farigiraf|spa|1\n|move|p1b: Kyogre|Water Spout|p2b: Sneasler|[spread] p2a,p2b\n|-damage|p2a: Farigiraf|0 fnt\n|-damage|p2b: Sneasler|0 fnt\n|faint|p2a: Farigiraf\n|faint|p2b: Sneasler\n|\n|-weather|RainDance|[upkeep]\n|-heal|p1a: Whimsicott|79\/100|[from] Grassy Terrain\n|-heal|p1b: Kyogre|85\/100|[from] Grassy Terrain\n|-fieldend|move: Grassy Terrain\n|upkeep\n|c|\u2606mlm2016|nice call on the protect\n|c|\u2606mlm2016|wild play\n|\n|t:|1739423298\n|switch|p2b: Miraidon|Miraidon, L50|100\/100\n|-fieldstart|move: Electric Terrain|[from] ability: Hadron Engine|[of] p2b: Miraidon\n|turn|6\n|c|\u2606rastapopolous|thanks brother\n|c|\u2606rastapopolous|dangerous team uve got there\n|\n|t:|1739423312\n|move|p1b: Kyogre|Protect|p1b: Kyogre\n|-singleturn|p1b: Kyogre|Protect\n|move|p1a: Whimsicott|Grassy Terrain|p1a: Whimsicott\n|-fieldstart|move: Grassy Terrain\n|move|p2b: Miraidon|Electro Drift|p1b: Kyogre\n|-activate|p1b: Kyogre|move: Protect\n|\n|-weather|RainDance|[upkeep]\n|-heal|p1a: Whimsicott|85\/100|[from] Grassy Terrain\n|-heal|p1b: Kyogre|91\/100|[from] Grassy Terrain\n|upkeep\n|turn|7\n|-message|mlm2016 forfeited.\n|\n|win|rastapopolous\n|raw|rastapopolous's rating: 1531 &rarr; <strong>1558<\/strong><br \/>(+27 for winning)\n|raw|mlm2016's rating: 1649 &rarr; <strong>1622<\/strong><br \/>(-27 for losing)\n|l|\u2606mlm2016\n|player|p2|\n|l|\u2606rastapopolous\n|player|p1|\n|l| mr pogostick\n","uploadtime":1739423644,"views":6,"formatid":"gen9vgc2025regg","rating":1558,"private":0,"password":null}