{"id":"gen9vgc2025regg-2299632121","format":"[Gen 9] VGC 2025 Reg G","players":["xatseye","moon7777"],"log":"|j|\u2606xatseye\n|j|\u2606moon7777\n|t:|1739398470\n|gametype|doubles\n|player|p1|xatseye|unknown|1641\n|player|p2|moon7777|169|1567\n|teamsize|p1|6\n|teamsize|p2|6\n|gen|9\n|tier|[Gen 9] VGC 2025 Reg G\n|rated|\n|rule|Species Clause: Limit one of each Pok\u00e9mon\n|rule|Item Clause: Limit 1 of each item\n|clearpoke\n|poke|p1|Miraidon, L50|\n|poke|p1|Incineroar, L50, M|\n|poke|p1|Urshifu-*, L50, F|\n|poke|p1|Oranguru, L50, M|\n|poke|p1|Clefairy, L50, F|\n|poke|p1|Iron Valiant, L50|\n|poke|p2|Zamazenta-*, L50|\n|poke|p2|Flutter Mane, L50|\n|poke|p2|Rillaboom, L50, F|\n|poke|p2|Latios, L50, M|\n|poke|p2|Tyranitar, L50, F|\n|poke|p2|Excadrill, L50, F|\n|teampreview|4\n|inactive|Battle timer is ON: inactive players will automatically lose when time's up. (requested by xatseye)\n|inactive|xatseye has 60 seconds left.\n|inactive|moon7777 has 60 seconds left.\n|\n|t:|1739398511\n|start\n|switch|p1a: Miraidon|Miraidon, L50|100\/100\n|switch|p1b: Incineroar|Incineroar, L50, M|100\/100\n|switch|p2a: Excadrill|Excadrill, L50, F|100\/100\n|switch|p2b: Tyranitar|Tyranitar, L50, F|100\/100\n|-fieldstart|move: Electric Terrain|[from] ability: Hadron Engine|[of] p1a: Miraidon\n|-enditem|p1a: Miraidon|Electric Seed\n|-boost|p1a: Miraidon|def|1|[from] item: Electric Seed\n|-ability|p1b: Incineroar|Intimidate|boost\n|-unboost|p2a: Excadrill|atk|1\n|-unboost|p2b: Tyranitar|atk|1\n|-weather|Sandstorm|[from] ability: Sand Stream|[of] p2b: Tyranitar\n|turn|1\n|\n|t:|1739398529\n|switch|p2a: Rillaboom|Rillaboom, L50, F|100\/100\n|-fieldstart|move: Grassy Terrain|[from] ability: Grassy Surge|[of] p2a: Rillaboom\n|switch|p2b: Zamazenta|Zamazenta-Crowned, L50|100\/100\n|-ability|p2b: Zamazenta|Dauntless Shield|boost\n|-boost|p2b: Zamazenta|def|1\n|move|p1b: Incineroar|Fake Out|p2a: Rillaboom\n|-damage|p2a: Rillaboom|88\/100\n|move|p1a: Miraidon|Calm Mind|p1a: Miraidon\n|-boost|p1a: Miraidon|spa|1\n|-boost|p1a: Miraidon|spd|1\n|\n|-weather|Sandstorm|[upkeep]\n|-damage|p1a: Miraidon|95\/100|[from] Sandstorm\n|-damage|p2a: Rillaboom|82\/100|[from] Sandstorm\n|-damage|p1b: Incineroar|95\/100|[from] Sandstorm\n|-heal|p1a: Miraidon|100\/100|[from] Grassy Terrain\n|-heal|p2a: Rillaboom|88\/100|[from] Grassy Terrain\n|-heal|p1b: Incineroar|100\/100|[from] Grassy Terrain\n|upkeep\n|turn|2\n|inactive|xatseye has 30 seconds left.\n|\n|t:|1739398563\n|switch|p1b: Iron Valiant|Iron Valiant, L50|100\/100\n|-enditem|p1b: Iron Valiant|Booster Energy\n|-activate|p1b: Iron Valiant|ability: Quark Drive|[fromitem]\n|-start|p1b: Iron Valiant|quarkdrivespe\n|move|p1a: Miraidon|Protect|p1a: Miraidon\n|-singleturn|p1a: Miraidon|Protect\n|move|p2a: Rillaboom|Fake Out|p1a: Miraidon\n|-activate|p1a: Miraidon|move: Protect\n|move|p2b: Zamazenta|Body Press|p1b: Iron Valiant\n|-resisted|p1b: Iron Valiant\n|-damage|p1b: Iron Valiant|62\/100\n|\n|-weather|Sandstorm|[upkeep]\n|-damage|p1b: Iron Valiant|56\/100|[from] Sandstorm\n|-damage|p1a: Miraidon|95\/100|[from] Sandstorm\n|-damage|p2a: Rillaboom|82\/100|[from] Sandstorm\n|-heal|p1b: Iron Valiant|62\/100|[from] Grassy Terrain\n|-heal|p1a: Miraidon|100\/100|[from] Grassy Terrain\n|-heal|p2a: Rillaboom|88\/100|[from] Grassy Terrain\n|upkeep\n|turn|3\n|inactive|moon7777 has 30 seconds left.\n|\n|t:|1739398591\n|move|p2a: Rillaboom|Grassy Glide|p1b: Iron Valiant\n|-damage|p1b: Iron Valiant|13\/100\n|move|p1b: Iron Valiant|Disable|p2b: Zamazenta\n|-start|p2b: Zamazenta|Disable|Body Press\n|move|p1a: Miraidon|Calm Mind|p1a: Miraidon\n|-boost|p1a: Miraidon|spa|1\n|-boost|p1a: Miraidon|spd|1\n|cant|p2b: Zamazenta|Disable|Body Press\n|\n|-weather|Sandstorm|[upkeep]\n|-damage|p1b: Iron Valiant|7\/100|[from] Sandstorm\n|-damage|p1a: Miraidon|95\/100|[from] Sandstorm\n|-damage|p2a: Rillaboom|82\/100|[from] Sandstorm\n|-heal|p1b: Iron Valiant|13\/100|[from] Grassy Terrain\n|-heal|p1a: Miraidon|100\/100|[from] Grassy Terrain\n|-heal|p2a: Rillaboom|88\/100|[from] Grassy Terrain\n|upkeep\n|turn|4\n|\n|t:|1739398615\n|-end|p1b: Iron Valiant|Quark Drive|[silent]\n|switch|p1b: Incineroar|Incineroar, L50, M|100\/100\n|-ability|p1b: Incineroar|Intimidate|boost\n|-unboost|p2a: Rillaboom|atk|1\n|-unboost|p2b: Zamazenta|atk|1\n|switch|p2a: Tyranitar|Tyranitar, L50, F|100\/100\n|move|p1a: Miraidon|Calm Mind|p1a: Miraidon\n|-boost|p1a: Miraidon|spa|1\n|-boost|p1a: Miraidon|spd|1\n|move|p2b: Zamazenta|Heavy Slam|p1b: Incineroar\n|-resisted|p1b: Incineroar\n|-damage|p1b: Incineroar|88\/100\n|\n|-weather|Sandstorm|[upkeep]\n|-damage|p1a: Miraidon|95\/100|[from] Sandstorm\n|-damage|p1b: Incineroar|82\/100|[from] Sandstorm\n|-heal|p1a: Miraidon|100\/100|[from] Grassy Terrain\n|-heal|p1b: Incineroar|88\/100|[from] Grassy Terrain\n|upkeep\n|turn|5\n|\n|t:|1739398634\n|switch|p2b: Rillaboom|Rillaboom, L50, F|88\/100\n|move|p1b: Incineroar|Fake Out|p2a: Tyranitar\n|-resisted|p2a: Tyranitar\n|-damage|p2a: Tyranitar|95\/100\n|move|p1a: Miraidon|Calm Mind|p1a: Miraidon\n|-boost|p1a: Miraidon|spa|1\n|-boost|p1a: Miraidon|spd|1\n|cant|p2a: Tyranitar|flinch\n|\n|-weather|none\n|-heal|p2b: Rillaboom|94\/100|[from] Grassy Terrain\n|-heal|p1b: Incineroar|94\/100|[from] Grassy Terrain\n|-heal|p2a: Tyranitar|100\/100|[from] Grassy Terrain\n|-fieldend|move: Grassy Terrain\n|upkeep\n|turn|6\n|inactive|moon7777 has 30 seconds left.\n|\n|t:|1739398665\n|switch|p2a: Excadrill|Excadrill, L50, F|100\/100\n|move|p1a: Miraidon|Protect|p1a: Miraidon\n|-singleturn|p1a: Miraidon|Protect\n|move|p2b: Rillaboom|Fake Out|p1a: Miraidon\n|-activate|p1a: Miraidon|move: Protect\n|move|p1b: Incineroar|Parting Shot|p2a: Excadrill\n|-unboost|p2a: Excadrill|atk|1\n|-unboost|p2a: Excadrill|spa|1\n|\n|t:|1739398676\n|switch|p1b: Urshifu|Urshifu-Rapid-Strike, L50, F|100\/100|[from] Parting Shot\n|\n|upkeep\n|turn|7\n|\n|t:|1739398688\n|switch|p2a: Tyranitar|Tyranitar, L50, F|100\/100\n|-weather|Sandstorm|[from] ability: Sand Stream|[of] p2a: Tyranitar\n|switch|p2b: Zamazenta|Zamazenta-Crowned, L50|100\/100\n|move|p1b: Urshifu|U-turn|p2b: Zamazenta\n|-resisted|p2b: Zamazenta\n|-damage|p2b: Zamazenta|97\/100\n|\n|t:|1739398697\n|switch|p1b: Incineroar|Incineroar, L50, M|94\/100|[from] U-turn\n|-ability|p1b: Incineroar|Intimidate|boost\n|-unboost|p2a: Tyranitar|atk|1\n|-unboost|p2b: Zamazenta|atk|1\n|move|p1a: Miraidon|Dragon Pulse|p2a: Tyranitar\n|-damage|p2a: Tyranitar|49\/100\n|\n|-weather|Sandstorm|[upkeep]\n|-damage|p1a: Miraidon|95\/100|[from] Sandstorm\n|-damage|p1b: Incineroar|88\/100|[from] Sandstorm\n|upkeep\n|turn|8\n|\n|t:|1739398718\n|move|p1b: Incineroar|Fake Out|p2b: Zamazenta\n|-resisted|p2b: Zamazenta\n|-damage|p2b: Zamazenta|94\/100\n|move|p1a: Miraidon|Dragon Pulse|p2a: Tyranitar\n|-crit|p2a: Tyranitar\n|-damage|p2a: Tyranitar|0 fnt\n|faint|p2a: Tyranitar\n|cant|p2b: Zamazenta|flinch\n|\n|-weather|Sandstorm|[upkeep]\n|-damage|p1a: Miraidon|89\/100|[from] Sandstorm\n|-damage|p1b: Incineroar|82\/100|[from] Sandstorm\n|upkeep\n|\n|t:|1739398722\n|switch|p2a: Excadrill|Excadrill, L50, F|100\/100\n|turn|9\n|\n|t:|1739398737\n|switch|p2b: Rillaboom|Rillaboom, L50, F|94\/100\n|-fieldstart|move: Grassy Terrain|[from] ability: Grassy Surge|[of] p2b: Rillaboom\n|-terastallize|p1b: Incineroar|Grass\n|move|p1a: Miraidon|Protect|p1a: Miraidon\n|-singleturn|p1a: Miraidon|Protect\n|move|p2a: Excadrill|High Horsepower|p1b: Incineroar\n|-resisted|p1b: Incineroar\n|-damage|p1b: Incineroar|60\/100\n|move|p1b: Incineroar|Parting Shot|p2a: Excadrill\n|-unboost|p2a: Excadrill|atk|1\n|-unboost|p2a: Excadrill|spa|1\n|l|\u2606moon7777\n|inactive|moon7777 disconnected and has a minute to reconnect!\n|player|p2|\n|\n|t:|1739398759\n|switch|p1b: Urshifu|Urshifu-Rapid-Strike, L50, F|100\/100|[from] Parting Shot\n|\n|-weather|Sandstorm|[upkeep]\n|-damage|p1b: Urshifu|95\/100|[from] Sandstorm\n|-damage|p1a: Miraidon|83\/100|[from] Sandstorm\n|-damage|p2b: Rillaboom|88\/100|[from] Sandstorm\n|-heal|p1b: Urshifu|100\/100|[from] Grassy Terrain\n|-heal|p1a: Miraidon|89\/100|[from] Grassy Terrain\n|-heal|p2b: Rillaboom|94\/100|[from] Grassy Terrain\n|upkeep\n|turn|10\n|inactive|moon7777 has 30 seconds left.\n|inactive|moon7777 has 20 seconds left.\n|inactive|moon7777 has 15 seconds left.\n|inactive|moon7777 has 10 seconds left.\n|inactive|moon7777 has 5 seconds left.\n|-message|moon7777 lost due to inactivity.\n|\n|win|xatseye\n|raw|xatseye's rating: 1641 &rarr; <strong>1657<\/strong><br \/>(+16 for winning)\n|raw|moon7777's rating: 1567 &rarr; <strong>1551<\/strong><br \/>(-16 for losing)\n|l|\u2606xatseye\n|player|p1|\n","uploadtime":1739398991,"views":10,"formatid":"gen9vgc2025regg","rating":1551,"private":0,"password":null}