{"id":"gen9vgc2025regg-2299757911","format":"[Gen 9] VGC 2025 Reg G","players":["xatseye","superpowerpoke"],"log":"|j|\u2606xatseye\n|j|\u2606superpowerpoke\n|t:|1739413977\n|gametype|doubles\n|player|p1|xatseye|unknown|1639\n|player|p2|superpowerpoke|101|1669\n|teamsize|p1|6\n|teamsize|p2|6\n|gen|9\n|tier|[Gen 9] VGC 2025 Reg G\n|rated|\n|rule|Species Clause: Limit one of each Pok\u00e9mon\n|rule|Item Clause: Limit 1 of each item\n|clearpoke\n|poke|p1|Miraidon, L50|\n|poke|p1|Incineroar, L50, F|\n|poke|p1|Urshifu-*, L50, M|\n|poke|p1|Oranguru, L50, M|\n|poke|p1|Clefairy, L50, M|\n|poke|p1|Iron Valiant, L50|\n|poke|p2|Lunala, L50|\n|poke|p2|Maushold-Four, L50|\n|poke|p2|Pelipper, L50, M|\n|poke|p2|Landorus, L50, M|\n|poke|p2|Whimsicott, L50, M|\n|poke|p2|Urshifu-*, L50, M|\n|teampreview|4\n|inactive|Battle timer is ON: inactive players will automatically lose when time's up. (requested by xatseye)\nsuperpowerpoke rejected open team sheets.\n|\n|t:|1739414007\n|start\n|switch|p1a: Miraidon|Miraidon, L50|100\/100\n|switch|p1b: Incineroar|Incineroar, L50, F|100\/100\n|switch|p2a: Lunala|Lunala, L50|100\/100\n|switch|p2b: Maushold|Maushold-Four, L50|100\/100\n|-fieldstart|move: Electric Terrain|[from] ability: Hadron Engine|[of] p1a: Miraidon\n|-enditem|p1a: Miraidon|Electric Seed\n|-boost|p1a: Miraidon|def|1|[from] item: Electric Seed\n|-ability|p1b: Incineroar|Intimidate|boost\n|-unboost|p2a: Lunala|atk|1\n|-unboost|p2b: Maushold|atk|1\n|turn|1\n|\n|t:|1739414027\n|move|p2b: Maushold|Helping Hand|p2a: Lunala\n|-singleturn|p2a: Lunala|Helping Hand|[of] p2b: Maushold\n|move|p1a: Miraidon|Calm Mind|p1a: Miraidon\n|-boost|p1a: Miraidon|spa|1\n|-boost|p1a: Miraidon|spd|1\n|move|p2a: Lunala|Meteor Beam||[still]\n|-prepare|p2a: Lunala|Meteor Beam\n|-boost|p2a: Lunala|spa|1\n|-enditem|p2a: Lunala|Power Herb\n|-anim|p2a: Lunala|Meteor Beam|p1b: Incineroar\n|-supereffective|p1b: Incineroar\n|-damage|p1b: Incineroar|0 fnt\n|faint|p1b: Incineroar\n|\n|upkeep\n|\n|t:|1739414038\n|switch|p1b: Iron Valiant|Iron Valiant, L50|100\/100\n|-activate|p1b: Iron Valiant|ability: Quark Drive\n|-start|p1b: Iron Valiant|quarkdrivespe\n|turn|2\n|inactive|superpowerpoke has 30 seconds left.\n|inactive|superpowerpoke has 20 seconds left.\n|inactive|superpowerpoke has 15 seconds left.\n|\n|t:|1739414080\n|move|p2a: Lunala|Protect|p2a: Lunala\n|-singleturn|p2a: Lunala|Protect\n|move|p1b: Iron Valiant|Encore|p2a: Lunala\n|-activate|p2a: Lunala|move: Protect\n|move|p1a: Miraidon|Calm Mind|p1a: Miraidon\n|-boost|p1a: Miraidon|spa|1\n|-boost|p1a: Miraidon|spd|1\n|move|p2b: Maushold|Thunder Wave|p1b: Iron Valiant\n|-status|p1b: Iron Valiant|par\n|\n|upkeep\n|turn|3\n|\n|t:|1739414095\n|move|p2b: Maushold|Follow Me|p2b: Maushold\n|-singleturn|p2b: Maushold|move: Follow Me\n|move|p1a: Miraidon|Calm Mind|p1a: Miraidon\n|-boost|p1a: Miraidon|spa|1\n|-boost|p1a: Miraidon|spd|1\n|move|p1b: Iron Valiant|Encore|p2b: Maushold\n|-start|p2b: Maushold|Encore\n|move|p2a: Lunala|Dazzling Gleam|p1b: Iron Valiant|[spread] p1a,p1b\n|-supereffective|p1a: Miraidon\n|-supereffective|p1b: Iron Valiant\n|-damage|p1a: Miraidon|78\/100\n|-damage|p1b: Iron Valiant|0 fnt\n|faint|p1b: Iron Valiant\n|-end|p1b: Iron Valiant|Quark Drive|[silent]\n|\n|upkeep\n|\n|t:|1739414105\n|switch|p1b: Clefairy|Clefairy, L50, M|100\/100\n|turn|4\n|j| Tormentador\n|\n|t:|1739414125\n|switch|p2b: Landorus|Landorus, L50, M|100\/100\n|move|p2a: Lunala|Protect|p2a: Lunala\n|-singleturn|p2a: Lunala|Protect\n|move|p1a: Miraidon|Calm Mind|p1a: Miraidon\n|-boost|p1a: Miraidon|spa|1\n|-boost|p1a: Miraidon|spd|1\n|move|p1b: Clefairy|Heal Pulse|p1a: Miraidon\n|-heal|p1a: Miraidon|100\/100\n|\n|upkeep\n|turn|5\n|\n|t:|1739414140\n|switch|p2b: Maushold|Maushold-Four, L50|100\/100\n|move|p1a: Miraidon|Dragon Pulse|p2b: Maushold\n|-damage|p2b: Maushold|0 fnt\n|faint|p2b: Maushold\n|move|p2a: Lunala|Moongeist Beam|p1b: Clefairy\n|-crit|p1b: Clefairy\n|-damage|p1b: Clefairy|14\/100\n|move|p1b: Clefairy|Heal Pulse|p1a: Miraidon\n|-fail|p1a: Miraidon|heal\n|\n|-fieldend|move: Electric Terrain\n|upkeep\n|\n|t:|1739414157\n|switch|p2b: Pelipper|Pelipper, L50, M|100\/100\n|-weather|RainDance|[from] ability: Drizzle|[of] p2b: Pelipper\n|turn|6\n|\n|t:|1739414174\n|-terastallize|p2a: Lunala|Fairy\n|move|p1b: Clefairy|Protect|p1b: Clefairy\n|-singleturn|p1b: Clefairy|Protect\n|move|p2b: Pelipper|Wide Guard|p2b: Pelipper\n|-singleturn|p2b: Pelipper|Wide Guard\n|move|p1a: Miraidon|Parabolic Charge|p2a: Lunala|[spread] \n|-activate|p2a: Lunala|move: Wide Guard\n|-activate|p2b: Pelipper|move: Wide Guard\n|-activate|p1b: Clefairy|move: Protect\n|move|p2a: Lunala|Dazzling Gleam|p1a: Miraidon|[spread] p1a\n|-activate|p1b: Clefairy|move: Protect\n|-supereffective|p1a: Miraidon\n|-damage|p1a: Miraidon|78\/100\n|\n|-weather|RainDance|[upkeep]\n|upkeep\n|turn|7\n|inactive|xatseye has 30 seconds left.\n|inactive|superpowerpoke has 30 seconds left.\n|\n|t:|1739414205\n|move|p2b: Pelipper|Wide Guard|p2b: Pelipper\n|-singleturn|p2b: Pelipper|Wide Guard\n|move|p1a: Miraidon|Dragon Pulse|p2b: Pelipper\n|-damage|p2b: Pelipper|0 fnt\n|faint|p2b: Pelipper\n|move|p2a: Lunala|Dazzling Gleam|p1a: Miraidon|[spread] p1a,p1b\n|-supereffective|p1a: Miraidon\n|-damage|p1a: Miraidon|55\/100\n|-damage|p1b: Clefairy|0 fnt\n|faint|p1b: Clefairy\n|\n|-weather|RainDance|[upkeep]\n|upkeep\n|\n|t:|1739414214\n|switch|p2b: Landorus|Landorus, L50, M|100\/100\n|turn|8\n|\n|t:|1739414225\n|move|p2b: Landorus|Sludge Bomb|p1a: Miraidon\n|-damage|p1a: Miraidon|44\/100\n|move|p1a: Miraidon|Dragon Pulse|p2b: Landorus\n|-damage|p2b: Landorus|0 fnt\n|faint|p2b: Landorus\n|move|p2a: Lunala|Moongeist Beam|p1a: Miraidon\n|-damage|p1a: Miraidon|22\/100\n|\n|-weather|RainDance|[upkeep]\n|upkeep\n|turn|9\n|\n|t:|1739414238\n|-terastallize|p1a: Miraidon|Electric\n|move|p1a: Miraidon|Parabolic Charge|p2a: Lunala\n|-damage|p2a: Lunala|51\/100\n|-heal|p1a: Miraidon|51\/100|[from] drain|[of] p2a: Lunala\n|move|p2a: Lunala|Moongeist Beam|p1a: Miraidon\n|-damage|p1a: Miraidon|26\/100\n|\n|-weather|RainDance|[upkeep]\n|upkeep\n|turn|10\n|-message|superpowerpoke forfeited.\n|\n|win|xatseye\n|raw|xatseye's rating: 1639 &rarr; <strong>1661<\/strong><br \/>(+22 for winning)\n|raw|superpowerpoke's rating: 1669 &rarr; <strong>1647<\/strong><br \/>(-22 for losing)\n|l|\u2606xatseye\n|player|p1|\n|l|\u2606superpowerpoke\n|player|p2|\n","uploadtime":1739414399,"views":9,"formatid":"gen9vgc2025regg","rating":1647,"private":0,"password":null}