{"id":"gen9vgc2025regg-2299502816","format":"[Gen 9] VGC 2025 Reg G","players":["test-on-calls","Bef6"],"log":"|j|\u2606test-on-calls\n|j|\u2606Bef6\n|t:|1739385438\n|gametype|doubles\n|player|p1|test-on-calls|1|1734\n|player|p2|Bef6|lucas|1889\n|teamsize|p1|6\n|teamsize|p2|6\n|gen|9\n|tier|[Gen 9] VGC 2025 Reg G\n|rated|\n|rule|Species Clause: Limit one of each Pok\u00e9mon\n|rule|Item Clause: Limit 1 of each item\n|clearpoke\n|poke|p1|Groudon, L50|\n|poke|p1|Toxapex, L50, F|\n|poke|p1|Whimsicott, L50, F|\n|poke|p1|Flutter Mane, L50|\n|poke|p1|Annihilape, L50, F|\n|poke|p1|Chi-Yu, L50|\n|poke|p2|Lunala, L50|\n|poke|p2|Indeedee-F, L50, F|\n|poke|p2|Tornadus, L50, M|\n|poke|p2|Ursaluna, L50, M|\n|poke|p2|Chi-Yu, L50|\n|poke|p2|Iron Bundle, L50|\n|teampreview|4\n|inactive|Battle timer is ON: inactive players will automatically lose when time's up. (requested by test-on-calls)\n|\n|t:|1739385487\n|start\n|switch|p1a: Whimsicott|Whimsicott, L50, F|100\/100\n|switch|p1b: Groudon|Groudon, L50, shiny|100\/100\n|switch|p2a: Ursaluna|Ursaluna, L50, M|100\/100\n|switch|p2b: Tornadus|Tornadus, L50, M|100\/100\n|-weather|SunnyDay|[from] ability: Drought|[of] p1b: Groudon\n|turn|1\n|l|\u2606test-on-calls\n|inactive|test-on-calls disconnected and has a minute to reconnect!\n|player|p1|\n|j|\u2606test-on-calls\n|inactive|test-on-calls reconnected and has 45 seconds left.\n|player|p1|test-on-calls|1|\n|\n|t:|1739385502\n|move|p1a: Whimsicott|Tailwind|p1a: Whimsicott\n|-sidestart|p1: test-on-calls|move: Tailwind\n|move|p1b: Groudon|High Horsepower|p2a: Ursaluna\n|-damage|p2a: Ursaluna|56\/100\n|move|p2b: Tornadus|Bleakwind Storm|p1b: Groudon|[spread] p1a,p1b\n|-supereffective|p1a: Whimsicott\n|-enditem|p1a: Whimsicott|Focus Sash\n|-damage|p1a: Whimsicott|1\/100\n|-damage|p1b: Groudon|76\/100\n|move|p2a: Ursaluna|Earthquake|p1a: Whimsicott|[spread] p1a,p1b\n|-immune|p2b: Tornadus\n|-resisted|p1a: Whimsicott\n|-damage|p1a: Whimsicott|0 fnt\n|-damage|p1b: Groudon|46\/100\n|faint|p1a: Whimsicott\n|\n|-weather|SunnyDay|[upkeep]\n|-status|p2a: Ursaluna|brn|[from] item: Flame Orb\n|upkeep\n|l|\u2606test-on-calls\n|inactive|test-on-calls disconnected and has a minute to reconnect!\n|player|p1|\n|inactive|test-on-calls has 30 seconds left.\n|j|\u2606test-on-calls\n|inactive|test-on-calls reconnected and has 30 seconds left.\n|player|p1|test-on-calls|1|\n|\n|t:|1739385534\n|switch|p1a: Flutter Mane|Flutter Mane, L50, shiny|100\/100\n|-activate|p1a: Flutter Mane|ability: Protosynthesis\n|-start|p1a: Flutter Mane|protosynthesisspe\n|turn|2\n|\n|t:|1739385558\n|-terastallize|p1a: Flutter Mane|Fairy\n|move|p2b: Tornadus|Protect|p2b: Tornadus\n|-singleturn|p2b: Tornadus|Protect\n|move|p1a: Flutter Mane|Dazzling Gleam|p2a: Ursaluna|[spread] p2a\n|-activate|p2b: Tornadus|move: Protect\n|-damage|p2a: Ursaluna|0 fnt\n|faint|p2a: Ursaluna\n|move|p1b: Groudon|Heat Crash|p2b: Tornadus\n|-activate|p2b: Tornadus|move: Protect\n|\n|-weather|SunnyDay|[upkeep]\n|upkeep\n|\n|t:|1739385570\n|switch|p2a: Chi-Yu|Chi-Yu, L50|100\/100\n|-ability|p2a: Chi-Yu|Beads of Ruin\n|turn|3\n|\n|t:|1739385577\n|move|p2b: Tornadus|Tailwind|p2b: Tornadus\n|-sidestart|p2: Bef6|move: Tailwind\n|move|p1a: Flutter Mane|Dazzling Gleam|p2b: Tornadus|[spread] p2a,p2b\n|-damage|p2a: Chi-Yu|42\/100\n|-enditem|p2b: Tornadus|Focus Sash\n|-damage|p2b: Tornadus|1\/100\n|move|p2a: Chi-Yu|Heat Wave|p1a: Flutter Mane|[spread] p1a,p1b\n|-damage|p1a: Flutter Mane|35\/100\n|-damage|p1b: Groudon|5\/100\n|-status|p1a: Flutter Mane|brn\n|move|p1b: Groudon|High Horsepower|p2a: Chi-Yu\n|-supereffective|p2a: Chi-Yu\n|-damage|p2a: Chi-Yu|0 fnt\n|faint|p2a: Chi-Yu\n|\n|-weather|SunnyDay|[upkeep]\n|-damage|p1a: Flutter Mane|30\/100 brn|[from] brn\n|upkeep\n|\n|t:|1739385589\n|switch|p2a: Lunala|Lunala, L50|100\/100\n|turn|4\n|\n|t:|1739385606\n|move|p2b: Tornadus|Protect|p2b: Tornadus\n|-singleturn|p2b: Tornadus|Protect\n|move|p1a: Flutter Mane|Dazzling Gleam|p2a: Lunala|[spread] p2a\n|-activate|p2b: Tornadus|move: Protect\n|-damage|p2a: Lunala|79\/100\n|move|p2a: Lunala|Moongeist Beam|p1a: Flutter Mane\n|-damage|p1a: Flutter Mane|0 fnt\n|faint|p1a: Flutter Mane\n|-end|p1a: Flutter Mane|Protosynthesis|[silent]\n|move|p1b: Groudon|High Horsepower|p2a: Lunala\n|-damage|p2a: Lunala|29\/100\n|\n|-weather|SunnyDay|[upkeep]\n|-sideend|p1: test-on-calls|move: Tailwind\n|upkeep\n|\n|t:|1739385609\n|switch|p1a: Chi-Yu|Chi-Yu, L50|100\/100\n|-ability|p1a: Chi-Yu|Beads of Ruin\n|turn|5\n|\n|t:|1739385619\n|move|p2b: Tornadus|Rain Dance|p2b: Tornadus\n|-weather|RainDance\n|move|p1a: Chi-Yu|Heat Wave|p2a: Lunala|[spread] p2a,p2b\n|-damage|p2a: Lunala|11\/100\n|-damage|p2b: Tornadus|0 fnt\n|faint|p2b: Tornadus\n|move|p2a: Lunala|Meteor Beam||[still]\n|-prepare|p2a: Lunala|Meteor Beam\n|-boost|p2a: Lunala|spa|1\n|-enditem|p2a: Lunala|Power Herb\n|-anim|p2a: Lunala|Meteor Beam|p1a: Chi-Yu\n|-supereffective|p1a: Chi-Yu\n|-damage|p1a: Chi-Yu|0 fnt\n|faint|p1a: Chi-Yu\n|move|p1b: Groudon|High Horsepower|p2a: Lunala\n|-damage|p2a: Lunala|0 fnt\n|faint|p2a: Lunala\n|\n|win|test-on-calls\n|raw|test-on-calls's rating: 1734 &rarr; <strong>1762<\/strong><br \/>(+28 for winning)\n|raw|Bef6's rating: 1889 &rarr; <strong>1861<\/strong><br \/>(-28 for losing)\n|l|\u2606Bef6\n|player|p2|\n|l|\u2606test-on-calls\n|player|p1|\n","uploadtime":1739385845,"views":109,"formatid":"gen9vgc2025regg","rating":1762,"private":0,"password":null}