{"id":"gen9vgc2025regg-2299545117","format":"[Gen 9] VGC 2025 Reg G","players":["chaddiestchad","chappell murkroan"],"log":"|j|\u2606chaddiestchad\n|j|\u2606chappell murkroan\n|t:|1739389526\n|gametype|doubles\n|player|p1|chaddiestchad|supernerd|1717\n|player|p2|chappell murkroan|caitlin|1709\n|teamsize|p1|6\n|teamsize|p2|6\n|gen|9\n|tier|[Gen 9] VGC 2025 Reg G\n|rated|\n|rule|Species Clause: Limit one of each Pok\u00e9mon\n|rule|Item Clause: Limit 1 of each item\n|clearpoke\n|poke|p1|Calyrex-Shadow, L50|\n|poke|p1|Ogerpon-Hearthflame, L50, F|\n|poke|p1|Incineroar, L50, M|\n|poke|p1|Urshifu-*, L50, M|\n|poke|p1|Rillaboom, L50, F|\n|poke|p1|Raging Bolt, L50|\n|poke|p2|Slowking, L50, F|\n|poke|p2|Weezing-Galar, L50, M|\n|poke|p2|Baxcalibur, L50, F|\n|poke|p2|Kyogre, L50|\n|poke|p2|Indeedee-F, L50, F|\n|poke|p2|Smeargle, L50, F|\n|teampreview|4\n|inactive|Battle timer is ON: inactive players will automatically lose when time's up. (requested by chappell murkroan)\n|j| Nabandwhat\n|inactive|chaddiestchad has 60 seconds left.\n|\n|t:|1739389561\n|start\n|switch|p1a: Urshifu|Urshifu-Rapid-Strike, L50, M|100\/100\n|switch|p1b: Calyrex|Calyrex-Shadow, L50|100\/100\n|switch|p2a: Kyogre|Kyogre, L50|100\/100\n|switch|p2b: Indeedee|Indeedee-F, L50, F|100\/100\n|-ability|p1b: Calyrex|As One\n|-ability|p1b: Calyrex|Unnerve\n|-weather|RainDance|[from] ability: Drizzle|[of] p2a: Kyogre\n|-fieldstart|move: Psychic Terrain|[from] ability: Psychic Surge|[of] p2b: Indeedee\n|turn|1\n|inactive|chaddiestchad has 30 seconds left.\n|\n|t:|1739389592\n|-terastallize|p2a: Kyogre|Water\n|-terastallize|p1a: Urshifu|Water\n|move|p1b: Calyrex|Protect|p1b: Calyrex\n|-singleturn|p1b: Calyrex|Protect\n|move|p2b: Indeedee|Follow Me|p2b: Indeedee\n|-singleturn|p2b: Indeedee|move: Follow Me\n|move|p2a: Kyogre|Water Spout|p1a: Urshifu|[spread] p1a\n|-activate|p1b: Calyrex|move: Protect\n|-resisted|p1a: Urshifu\n|-damage|p1a: Urshifu|27\/100\n|move|p1a: Urshifu|Surging Strikes|p2b: Indeedee\n|-crit|p2b: Indeedee\n|-damage|p2b: Indeedee|58\/100\n|-damage|p1a: Urshifu|10\/100|[from] item: Rocky Helmet|[of] p2b: Indeedee\n|-crit|p2b: Indeedee\n|-damage|p2b: Indeedee|19\/100\n|-damage|p1a: Urshifu|0 fnt|[from] item: Rocky Helmet|[of] p2b: Indeedee\n|faint|p1a: Urshifu\n|-hitcount|p2b: Indeedee|2\n|\n|-weather|RainDance|[upkeep]\n|upkeep\n|j| MillerH33\n|\n|t:|1739389614\n|switch|p1a: Rillaboom|Rillaboom, L50, F|100\/100\n|-fieldstart|move: Grassy Terrain|[from] ability: Grassy Surge|[of] p1a: Rillaboom\n|turn|2\n|\n|t:|1739389625\n|switch|p2a: Weezing|Weezing-Galar, L50, M|100\/100\n|-ability|p2a: Weezing|Neutralizing Gas\n|move|p2b: Indeedee|Follow Me|p2b: Indeedee\n|-singleturn|p2b: Indeedee|move: Follow Me\n|move|p1a: Rillaboom|Grassy Glide|p2b: Indeedee\n|-damage|p2b: Indeedee|0 fnt\n|-damage|p1a: Rillaboom|84\/100|[from] item: Rocky Helmet|[of] p2b: Indeedee\n|faint|p2b: Indeedee\n|move|p1b: Calyrex|Psychic|p2a: Weezing\n|-supereffective|p2a: Weezing\n|-damage|p2a: Weezing|7\/100\n|\n|-weather|RainDance|[upkeep]\n|-heal|p1a: Rillaboom|90\/100|[from] Grassy Terrain\n|-heal|p2a: Weezing|13\/100|[from] Grassy Terrain\n|upkeep\n|j| kiabu233\n|\n|t:|1739389636\n|switch|p2b: Baxcalibur|Baxcalibur, L50, F|100\/100\n|turn|3\n|inactive|chaddiestchad has 30 seconds left.\n|\n|t:|1739389663\n|move|p1a: Rillaboom|Grassy Glide|p2b: Baxcalibur\n|-resisted|p2b: Baxcalibur\n|-damage|p2b: Baxcalibur|83\/100\n|move|p1b: Calyrex|Astral Barrage|p2b: Baxcalibur|[spread] p2a,p2b\n|-damage|p2a: Weezing|0 fnt\n|-damage|p2b: Baxcalibur|22\/100\n|faint|p2a: Weezing\n|-end|p2a: Weezing|ability: Neutralizing Gas\n|-ability|p1b: Calyrex|Grim Neigh|boost\n|-boost|p1b: Calyrex|spa|1\n|move|p2b: Baxcalibur|Scale Shot|p1a: Rillaboom\n|-damage|p1a: Rillaboom|78\/100\n|-damage|p1a: Rillaboom|63\/100\n|-damage|p1a: Rillaboom|48\/100\n|-damage|p1a: Rillaboom|34\/100\n|-damage|p1a: Rillaboom|21\/100\n|-hitcount|p1a: Rillaboom|5\n|-unboost|p2b: Baxcalibur|def|1\n|-boost|p2b: Baxcalibur|spe|1\n|\n|-weather|RainDance|[upkeep]\n|-heal|p2b: Baxcalibur|28\/100|[from] Grassy Terrain\n|-heal|p1a: Rillaboom|27\/100|[from] Grassy Terrain\n|upkeep\n|\n|t:|1739389667\n|switch|p2a: Kyogre|Kyogre, L50, tera:Water|100\/100\n|turn|4\n|inactive|chaddiestchad has 30 seconds left.\n|\n|t:|1739389698\n|move|p1b: Calyrex|Protect|p1b: Calyrex\n|-singleturn|p1b: Calyrex|Protect\n|move|p1a: Rillaboom|Grassy Glide|p2a: Kyogre\n|-supereffective|p2a: Kyogre\n|-damage|p2a: Kyogre|22\/100\n|move|p2a: Kyogre|Origin Pulse|p1b: Calyrex|[spread] p1a\n|-activate|p1b: Calyrex|move: Protect\n|-resisted|p1a: Rillaboom\n|-damage|p1a: Rillaboom|0 fnt\n|faint|p1a: Rillaboom\n|move|p2b: Baxcalibur|Icicle Spear|p1b: Calyrex\n|-activate|p1b: Calyrex|move: Protect\n|\n|-weather|RainDance|[upkeep]\n|-heal|p2a: Kyogre|28\/100|[from] Grassy Terrain\n|-heal|p2b: Baxcalibur|34\/100|[from] Grassy Terrain\n|upkeep\n|\n|t:|1739389715\n|switch|p1a: Raging Bolt|Raging Bolt, L50|100\/100\n|-enditem|p1a: Raging Bolt|Booster Energy\n|-activate|p1a: Raging Bolt|ability: Protosynthesis|[fromitem]\n|-start|p1a: Raging Bolt|protosynthesisspa\n|turn|5\n|\n|t:|1739389721\n|move|p1a: Raging Bolt|Thunderclap|p2a: Kyogre\n|-supereffective|p2a: Kyogre\n|-damage|p2a: Kyogre|0 fnt\n|faint|p2a: Kyogre\n|move|p2b: Baxcalibur|Icicle Spear|p1b: Calyrex\n|-damage|p1b: Calyrex|85\/100\n|-damage|p1b: Calyrex|68\/100\n|-damage|p1b: Calyrex|51\/100\n|-damage|p1b: Calyrex|33\/100\n|-damage|p1b: Calyrex|18\/100\n|-hitcount|p1b: Calyrex|5\n|move|p1b: Calyrex|Astral Barrage|p2b: Baxcalibur\n|-damage|p2b: Baxcalibur|0 fnt\n|faint|p2b: Baxcalibur\n|\n|win|chaddiestchad\n|raw|chaddiestchad's rating: 1717 &rarr; <strong>1737<\/strong><br \/>(+20 for winning)\n|raw|chappell murkroan's rating: 1709 &rarr; <strong>1689<\/strong><br \/>(-20 for losing)\n|l|\u2606chappell murkroan\n|player|p2|\n|l| kiabu233\n|l|\u2606chaddiestchad\n|player|p1|\n|l| Nabandwhat\n","uploadtime":1739389893,"views":15,"formatid":"gen9vgc2025regg","rating":1689,"private":0,"password":null}