{"id":"gen9vgc2025regg-2299553682","format":"[Gen 9] VGC 2025 Reg G","players":["snowperegrine","ggttmmhh"],"log":"|j|\u2606snowperegrine\n|j|\u2606ggttmmhh\n|t:|1739390363\n|gametype|doubles\n|player|p1|snowperegrine|2|1617\n|player|p2|ggttmmhh|266|1565\n|teamsize|p1|6\n|teamsize|p2|6\n|gen|9\n|tier|[Gen 9] VGC 2025 Reg G\n|rated|\n|rule|Species Clause: Limit one of each Pok\u00e9mon\n|rule|Item Clause: Limit 1 of each item\n|clearpoke\n|poke|p1|Calyrex-Ice, L50|\n|poke|p1|Indeedee-F, L50, F|\n|poke|p1|Roaring Moon, L50|\n|poke|p1|Landorus, L50, M|\n|poke|p1|Amoonguss, L50, M|\n|poke|p1|Urshifu-*, L50, F|\n|poke|p2|Terapagos, L50, M|\n|poke|p2|Regidrago, L50|\n|poke|p2|Ogerpon-Hearthflame, L50, F|\n|poke|p2|Urshifu-*, L50, M|\n|poke|p2|Indeedee-F, L50, F|\n|poke|p2|Whimsicott, L50, F|\n|teampreview|4\n|j| kiabu233\n|inactive|Battle timer is ON: inactive players will automatically lose when time's up. (requested by snowperegrine)\n|\n|t:|1739390432\n|start\n|switch|p1a: Calyrex|Calyrex-Ice, L50|100\/100\n|switch|p1b: Indeedee|Indeedee-F, L50, F|100\/100\n|switch|p2a: Whimsicott|Whimsicott, L50, F|100\/100\n|switch|p2b: Regidrago|Regidrago, L50|100\/100\n|-ability|p1a: Calyrex|As One\n|-ability|p1a: Calyrex|Unnerve\n|-fieldstart|move: Psychic Terrain|[from] ability: Psychic Surge|[of] p1b: Indeedee\n|-enditem|p1a: Calyrex|Psychic Seed\n|-boost|p1a: Calyrex|spd|1|[from] item: Psychic Seed\n|turn|1\n|inactive|ggttmmhh has 30 seconds left.\n|\n|t:|1739390458\n|switch|p2a: Terapagos|Terapagos, L50, M|100\/100\n|-activate|p2a: Terapagos|ability: Tera Shift\n|detailschange|p2a: Terapagos|Terapagos-Terastal, L50, M\n|-heal|p2a: Terapagos|100\/100|[silent]\n|move|p2b: Regidrago|Dragon Energy|p1a: Calyrex|[spread] p1a,p1b\n|-damage|p1a: Calyrex|53\/100\n|-damage|p1b: Indeedee|23\/100\n|-enditem|p1b: Indeedee|Sitrus Berry|[eat]\n|-heal|p1b: Indeedee|48\/100|[from] item: Sitrus Berry\n|-damage|p2b: Regidrago|91\/100|[from] item: Life Orb\n|move|p1a: Calyrex|Glacial Lance|p2b: Regidrago|[spread] p2a,p2b\n|-activate|p2a: Terapagos|ability: Tera Shell\n|-resisted|p2a: Terapagos\n|-supereffective|p2b: Regidrago\n|-damage|p2a: Terapagos|74\/100\n|-damage|p2b: Regidrago|0 fnt\n|faint|p2b: Regidrago\n|-ability|p1a: Calyrex|Chilling Neigh|boost\n|-boost|p1a: Calyrex|atk|1\n|move|p1b: Indeedee|Trick Room|p1b: Indeedee\n|-fieldstart|move: Trick Room|[of] p1b: Indeedee\n|\n|upkeep\n|\n|t:|1739390478\n|switch|p2b: Ogerpon|Ogerpon-Hearthflame, L50, F|100\/100\n|-ability|p2b: Ogerpon|Mold Breaker\n|turn|2\n|\n|t:|1739390492\n|-terastallize|p2b: Ogerpon|Fire\n|detailschange|p2b: Ogerpon|Ogerpon-Hearthflame-Tera, L50, F, tera:Fire\n|-ability|p2b: Ogerpon|Embody Aspect (Hearthflame)|boost\n|-boost|p2b: Ogerpon|atk|1\n|move|p1b: Indeedee|Helping Hand|p1a: Calyrex\n|-singleturn|p1a: Calyrex|Helping Hand|[of] p1b: Indeedee\n|move|p1a: Calyrex|Glacial Lance|p2a: Terapagos|[spread] p2a,p2b\n|-resisted|p2b: Ogerpon\n|-damage|p2a: Terapagos|0 fnt\n|-damage|p2b: Ogerpon|39\/100\n|faint|p2a: Terapagos\n|-ability|p1a: Calyrex|Chilling Neigh|boost\n|-boost|p1a: Calyrex|atk|1\n|move|p2b: Ogerpon|Ivy Cudgel|p1a: Calyrex|[anim] Ivy Cudgel Fire\n|-supereffective|p1a: Calyrex\n|-damage|p1a: Calyrex|0 fnt\n|faint|p1a: Calyrex\n|\n|upkeep\n|\n|t:|1739390511\n|switch|p1a: Amoonguss|Amoonguss, L50, M|100\/100\n|switch|p2a: Whimsicott|Whimsicott, L50, F|100\/100\n|turn|3\n|\n|t:|1739390525\n|move|p1a: Amoonguss|Spore|p2b: Ogerpon\n|-status|p2b: Ogerpon|slp|[from] move: Spore\n|move|p1b: Indeedee|Psychic|p2a: Whimsicott\n|-damage|p2a: Whimsicott|41\/100\n|cant|p2b: Ogerpon|slp\n|move|p2a: Whimsicott|Moonblast|p1b: Indeedee\n|-damage|p1b: Indeedee|24\/100\n|\n|upkeep\n|turn|4\n|\n|t:|1739390540\n|move|p2a: Whimsicott|Protect|p2a: Whimsicott\n|-singleturn|p2a: Whimsicott|Protect\n|move|p1a: Amoonguss|Pollen Puff|p1b: Indeedee\n|-heal|p1b: Indeedee|74\/100\n|move|p1b: Indeedee|Psychic|p2b: Ogerpon\n|-damage|p2b: Ogerpon|2\/100 slp\n|cant|p2b: Ogerpon|slp\n|\n|upkeep\n|turn|5\n|\n|t:|1739390550\n|move|p2a: Whimsicott|Protect|p2a: Whimsicott\n|-singleturn|p2a: Whimsicott|Protect\n|cant|p2b: Ogerpon|slp\n|move|p1a: Amoonguss|Pollen Puff|p2b: Ogerpon\n|-resisted|p2b: Ogerpon\n|-damage|p2b: Ogerpon|0 fnt\n|faint|p2b: Ogerpon\n|move|p1b: Indeedee|Psychic|p2a: Whimsicott\n|-activate|p2a: Whimsicott|move: Protect\n|\n|-fieldend|move: Trick Room\n|-fieldend|move: Psychic Terrain\n|upkeep\n|turn|6\n|c|\u2606snowperegrine|gg\n|\n|t:|1739390563\n|move|p2a: Whimsicott|Moonblast|p1b: Indeedee\n|-damage|p1b: Indeedee|47\/100\n|-unboost|p1b: Indeedee|spa|1\n|move|p1b: Indeedee|Psychic|p2a: Whimsicott\n|-damage|p2a: Whimsicott|12\/100\n|move|p1a: Amoonguss|Pollen Puff|p2a: Whimsicott\n|-damage|p2a: Whimsicott|0 fnt\n|faint|p2a: Whimsicott\n|\n|win|snowperegrine\n|raw|snowperegrine's rating: 1617 &rarr; <strong>1634<\/strong><br \/>(+17 for winning)\n|raw|ggttmmhh's rating: 1565 &rarr; <strong>1548<\/strong><br \/>(-17 for losing)\n|l|\u2606ggttmmhh\n|player|p2|\n|l| kiabu233\n","uploadtime":1739390731,"views":5,"formatid":"gen9vgc2025regg","rating":1548,"private":0,"password":null}