{"id":"gen9vgc2025regg-2299008639","format":"[Gen 9] VGC 2025 Reg G","players":["chiefclarko11","Iamsliverfish"],"log":"|j|\u2606chiefclarko11\n|j|\u2606Iamsliverfish\n|t:|1739318090\n|gametype|doubles\n|player|p1|chiefclarko11|102|1672\n|player|p2|Iamsliverfish|hiker-gen4|1788\n|teamsize|p1|6\n|teamsize|p2|6\n|gen|9\n|tier|[Gen 9] VGC 2025 Reg G\n|rated|\n|rule|Species Clause: Limit one of each Pok\u00e9mon\n|rule|Item Clause: Limit 1 of each item\n|clearpoke\n|poke|p1|Terapagos, L50, M|\n|poke|p1|Grimmsnarl, L50, M|\n|poke|p1|Urshifu-*, L50, M|\n|poke|p1|Iron Hands, L50|\n|poke|p1|Flutter Mane, L50|\n|poke|p1|Chi-Yu, L50|\n|poke|p2|Calyrex-Shadow, L50|\n|poke|p2|Ursaluna, L50, M|\n|poke|p2|Indeedee-F, L50, F|\n|poke|p2|Ogerpon-Wellspring, L50, F|\n|poke|p2|Tornadus, L50, M|\n|poke|p2|Chi-Yu, L50|\n|teampreview|4\n|j| Jfabricio23\n|\n|t:|1739318138\n|start\n|switch|p1a: Urshifu|Urshifu-Rapid-Strike, L50, M|100\/100\n|switch|p1b: Grimmsnarl|Grimmsnarl, L50, M|100\/100\n|switch|p2a: Indeedee|Indeedee-F, L50, F|100\/100\n|switch|p2b: Calyrex|Calyrex-Shadow, L50|100\/100\n|-ability|p2b: Calyrex|As One\n|-ability|p2b: Calyrex|Unnerve\n|-fieldstart|move: Psychic Terrain|[from] ability: Psychic Surge|[of] p2a: Indeedee\n|turn|1\n|\n|t:|1739318149\n|move|p2a: Indeedee|Follow Me|p2a: Indeedee\n|-singleturn|p2a: Indeedee|move: Follow Me\n|move|p1b: Grimmsnarl|Light Screen|p1b: Grimmsnarl\n|-sidestart|p1: chiefclarko11|move: Light Screen\n|move|p1a: Urshifu|U-turn|p2a: Indeedee\n|-supereffective|p2a: Indeedee\n|-damage|p2a: Indeedee|47\/100\n|\n|t:|1739318156\n|switch|p1a: Terapagos|Terapagos, L50, M|100\/100|[from] U-turn\n|-activate|p1a: Terapagos|ability: Tera Shift\n|detailschange|p1a: Terapagos|Terapagos-Terastal, L50, M\n|-heal|p1a: Terapagos|100\/100|[silent]\n|move|p2b: Calyrex|Astral Barrage|p1b: Grimmsnarl|[spread] p1b\n|-immune|p1a: Terapagos\n|-resisted|p1b: Grimmsnarl\n|-damage|p1b: Grimmsnarl|74\/100\n|-damage|p2b: Calyrex|91\/100|[from] item: Life Orb\n|\n|upkeep\n|turn|2\n|\n|t:|1739318171\n|switch|p2b: Ursaluna|Ursaluna, L50, M|100\/100\n|move|p1a: Terapagos|Calm Mind|p1a: Terapagos\n|-boost|p1a: Terapagos|spa|1\n|-boost|p1a: Terapagos|spd|1\n|move|p1b: Grimmsnarl|Foul Play|p2b: Ursaluna\n|-crit|p2b: Ursaluna\n|-damage|p2b: Ursaluna|37\/100\n|move|p2a: Indeedee|Trick Room|p2a: Indeedee\n|-fieldstart|move: Trick Room|[of] p2a: Indeedee\n|\n|-status|p2b: Ursaluna|brn|[from] item: Flame Orb\n|upkeep\n|turn|3\n|\n|t:|1739318188\n|move|p1a: Terapagos|Protect|p1a: Terapagos\n|-singleturn|p1a: Terapagos|Protect\n|move|p2a: Indeedee|Follow Me|p2a: Indeedee\n|-singleturn|p2a: Indeedee|move: Follow Me\n|move|p2b: Ursaluna|Swords Dance|p2b: Ursaluna\n|-boost|p2b: Ursaluna|atk|2\n|move|p1b: Grimmsnarl|Foul Play|p2a: Indeedee\n|-supereffective|p2a: Indeedee\n|-damage|p2a: Indeedee|19\/100\n|\n|-damage|p2b: Ursaluna|31\/100 brn|[from] brn\n|upkeep\n|turn|4\n|\n|t:|1739318208\n|move|p2a: Indeedee|Follow Me|p2a: Indeedee\n|-singleturn|p2a: Indeedee|move: Follow Me\n|move|p2b: Ursaluna|Facade|p1a: Terapagos\n|-activate|p1a: Terapagos|ability: Tera Shell\n|-resisted|p1a: Terapagos\n|-crit|p1a: Terapagos\n|-damage|p1a: Terapagos|0 fnt\n|faint|p1a: Terapagos\n|move|p1b: Grimmsnarl|Foul Play|p2a: Indeedee\n|-supereffective|p2a: Indeedee\n|-damage|p2a: Indeedee|0 fnt\n|faint|p2a: Indeedee\n|\n|-damage|p2b: Ursaluna|25\/100 brn|[from] brn\n|upkeep\n|\n|t:|1739318223\n|switch|p2a: Ogerpon|Ogerpon-Wellspring, L50, F|100\/100\n|switch|p1a: Iron Hands|Iron Hands, L50|100\/100\n|turn|5\n|j| mr pogostick\n|l| Jfabricio23\n|\n|t:|1739318280\n|-terastallize|p1a: Iron Hands|Grass\n|move|p2a: Ogerpon|Follow Me|p2a: Ogerpon\n|-singleturn|p2a: Ogerpon|move: Follow Me\n|move|p2b: Ursaluna|Facade|p1a: Iron Hands\n|-damage|p1a: Iron Hands|0 fnt\n|faint|p1a: Iron Hands\n|-end|p1a: Iron Hands|Quark Drive|[silent]\n|move|p1b: Grimmsnarl|Foul Play|p2a: Ogerpon\n|-damage|p2a: Ogerpon|42\/100\n|\n|-damage|p2b: Ursaluna|20\/100 brn|[from] brn\n|-fieldend|move: Psychic Terrain\n|upkeep\n|\n|t:|1739318289\n|switch|p1a: Urshifu|Urshifu-Rapid-Strike, L50, M|100\/100\n|turn|6\n|\n|t:|1739318303\n|move|p2a: Ogerpon|Follow Me|p2a: Ogerpon\n|-singleturn|p2a: Ogerpon|move: Follow Me\n|move|p2b: Ursaluna|Facade|p1b: Grimmsnarl\n|-damage|p1b: Grimmsnarl|0 fnt\n|faint|p1b: Grimmsnarl\n|move|p1a: Urshifu|U-turn|p2a: Ogerpon\n|-supereffective|p2a: Ogerpon\n|-damage|p2a: Ogerpon|0 fnt\n|faint|p2a: Ogerpon\n|\n|-damage|p2b: Ursaluna|14\/100 brn|[from] brn\n|-fieldend|move: Trick Room\n|upkeep\n|-message|chiefclarko11 forfeited.\n|\n|win|Iamsliverfish\n|raw|chiefclarko11's rating: 1672 &rarr; <strong>1659<\/strong><br \/>(-13 for losing)\n|raw|Iamsliverfish's rating: 1802 &rarr; <strong>1815<\/strong><br \/>(+13 for winning)\n|l|\u2606chiefclarko11\n|player|p1|\n|l| mr pogostick\n|l|\u2606Iamsliverfish\n|player|p2|\n","uploadtime":1739318481,"views":9,"formatid":"gen9vgc2025regg","rating":1659,"private":0,"password":null}