{"id":"gen9vgc2025regg-2299025126","format":"[Gen 9] VGC 2025 Reg G","players":["ragionBolte","Yung Trav"],"log":"|j|\u2606ragionBolte\n|j|\u2606Yung Trav\n|t:|1739320195\n|gametype|doubles\n|player|p1|ragionBolte|2|1590\n|player|p2|Yung Trav|101|1671\n|teamsize|p1|6\n|teamsize|p2|6\n|gen|9\n|tier|[Gen 9] VGC 2025 Reg G\n|rated|\n|rule|Species Clause: Limit one of each Pok\u00e9mon\n|rule|Item Clause: Limit 1 of each item\n|clearpoke\n|poke|p1|Calyrex-Ice, L50|\n|poke|p1|Urshifu-*, L50, F|\n|poke|p1|Incineroar, L50, F|\n|poke|p1|Raging Bolt, L50|\n|poke|p1|Maushold, L50|\n|poke|p1|Sinistcha, L50|\n|poke|p2|Calyrex-Ice, L50|\n|poke|p2|Regidrago, L50|\n|poke|p2|Smeargle, L50, M|\n|poke|p2|Farigiraf, L50, M|\n|poke|p2|Urshifu-*, L50, M|\n|poke|p2|Ogerpon-Cornerstone, L50, F|\n|teampreview|4\n|inactive|Battle timer is ON: inactive players will automatically lose when time's up. (requested by Yung Trav)\n|inactive|ragionBolte has 60 seconds left.\n|inactive|Yung Trav has 60 seconds left.\n|\n|t:|1739320236\n|start\n|switch|p1a: Sinistcha|Sinistcha, L50|100\/100\n|switch|p1b: Maushold|Maushold, L50|100\/100\n|switch|p2a: Calyrex|Calyrex-Ice, L50|100\/100\n|switch|p2b: Urshifu|Urshifu, L50, M|100\/100\n|-ability|p2a: Calyrex|As One\n|-ability|p2a: Calyrex|Unnerve\n|turn|1\n|\n|t:|1739320259\n|-terastallize|p1a: Sinistcha|Fairy\n|move|p2a: Calyrex|Protect|p2a: Calyrex\n|-singleturn|p2a: Calyrex|Protect\n|move|p2b: Urshifu|Coaching|p2a: Calyrex\n|-boost|p2a: Calyrex|atk|1\n|-boost|p2a: Calyrex|def|1\n|move|p1b: Maushold|Super Fang|p2a: Calyrex\n|-activate|p2a: Calyrex|move: Protect\n|move|p1a: Sinistcha|Matcha Gotcha|p2b: Urshifu|[spread] p2b\n|-activate|p2a: Calyrex|move: Protect\n|-damage|p2b: Urshifu|65\/100\n|\n|upkeep\n|turn|2\n|\n|t:|1739320280\n|move|p2b: Urshifu|Coaching|p2a: Calyrex\n|-boost|p2a: Calyrex|atk|1\n|-boost|p2a: Calyrex|def|1\n|move|p1b: Maushold|Super Fang|p2a: Calyrex\n|-damage|p2a: Calyrex|50\/100\n|move|p1a: Sinistcha|Matcha Gotcha|p2a: Calyrex|[spread] p2a,p2b\n|-damage|p2a: Calyrex|34\/100\n|-damage|p2b: Urshifu|27\/100\n|move|p2a: Calyrex|Glacial Lance|p1a: Sinistcha|[spread] p1a,p1b\n|-damage|p1a: Sinistcha|7\/100\n|-damage|p1b: Maushold|0 fnt\n|faint|p1b: Maushold\n|-ability|p2a: Calyrex|Chilling Neigh|boost\n|-boost|p2a: Calyrex|atk|1\n|\n|upkeep\n|\n|t:|1739320295\n|switch|p1b: Incineroar|Incineroar, L50, F|100\/100\n|-ability|p1b: Incineroar|Intimidate|boost\n|-fail|p2a: Calyrex|unboost|[from] item: Clear Amulet|[of] p2a: Calyrex\n|-unboost|p2b: Urshifu|atk|1\n|turn|3\n|\n|t:|1739320308\n|move|p2a: Calyrex|Protect|p2a: Calyrex\n|-singleturn|p2a: Calyrex|Protect\n|move|p2b: Urshifu|Coaching|p2a: Calyrex\n|-boost|p2a: Calyrex|atk|1\n|-boost|p2a: Calyrex|def|1\n|move|p1a: Sinistcha|Matcha Gotcha|p2b: Urshifu|[spread] p2b\n|-activate|p2a: Calyrex|move: Protect\n|-damage|p2b: Urshifu|0 fnt\n|-heal|p1a: Sinistcha|20\/100|[from] drain|[of] p2b: Urshifu\n|faint|p2b: Urshifu\n|move|p1b: Incineroar|Will-O-Wisp|p2a: Calyrex\n|-activate|p2a: Calyrex|move: Protect\n|\n|upkeep\n|inactive|Yung Trav has 30 seconds left.\n|\n|t:|1739320334\n|switch|p2b: Smeargle|Smeargle, L50, M, shiny|100\/100\n|turn|4\n|\n|t:|1739320348\n|move|p2b: Smeargle|Follow Me|p2b: Smeargle\n|-singleturn|p2b: Smeargle|move: Follow Me\n|move|p1a: Sinistcha|Matcha Gotcha|p2b: Smeargle|[spread] p2a,p2b\n|-crit|p2a: Calyrex\n|-damage|p2a: Calyrex|7\/100\n|-heal|p1a: Sinistcha|35\/100|[from] drain|[of] p2a: Calyrex\n|-damage|p2b: Smeargle|49\/100\n|-heal|p1a: Sinistcha|59\/100|[from] drain|[of] p2b: Smeargle\n|-status|p2b: Smeargle|brn\n|move|p1b: Incineroar|Will-O-Wisp|p2b: Smeargle\n|-fail|p2b: Smeargle|brn\n|move|p2a: Calyrex|Glacial Lance|p1a: Sinistcha|[spread] p1a,p1b\n|-resisted|p1b: Incineroar\n|-damage|p1a: Sinistcha|0 fnt\n|-damage|p1b: Incineroar|17\/100\n|faint|p1a: Sinistcha\n|-ability|p2a: Calyrex|Chilling Neigh|boost\n|-boost|p2a: Calyrex|atk|1\n|\n|-damage|p2b: Smeargle|42\/100 brn|[from] brn\n|upkeep\n|\n|t:|1739320363\n|switch|p1a: Calyrex|Calyrex-Ice, L50|100\/100\n|-ability|p1a: Calyrex|As One\n|-ability|p1a: Calyrex|Unnerve\n|turn|5\n|\n|t:|1739320384\n|move|p1a: Calyrex|Protect|p1a: Calyrex\n|-singleturn|p1a: Calyrex|Protect\n|move|p2b: Smeargle|Follow Me|p2b: Smeargle\n|-singleturn|p2b: Smeargle|move: Follow Me\n|move|p1b: Incineroar|Knock Off|p2b: Smeargle\n|-damage|p2b: Smeargle|0 fnt\n|-enditem|p2b: Smeargle|Focus Sash|[from] move: Knock Off|[of] p1b: Incineroar\n|faint|p2b: Smeargle\n|move|p2a: Calyrex|Glacial Lance|p1b: Incineroar|[spread] p1b\n|-activate|p1a: Calyrex|move: Protect\n|-resisted|p1b: Incineroar\n|-damage|p1b: Incineroar|0 fnt\n|faint|p1b: Incineroar\n|-ability|p2a: Calyrex|Chilling Neigh|boost\n|-boost|p2a: Calyrex|atk|1\n|\n|upkeep\n|\n|t:|1739320399\n|switch|p2b: Ogerpon|Ogerpon-Cornerstone, L50, F|100\/100\n|turn|6\n|\n|t:|1739320406\n|-terastallize|p2b: Ogerpon|Rock\n|detailschange|p2b: Ogerpon|Ogerpon-Cornerstone-Tera, L50, F, tera:Rock\n|-ability|p2b: Ogerpon|Embody Aspect (Cornerstone)|boost\n|-boost|p2b: Ogerpon|def|1\n|move|p2b: Ogerpon|Ivy Cudgel|p1a: Calyrex|[anim] Ivy Cudgel Rock\n|-supereffective|p1a: Calyrex\n|-crit|p1a: Calyrex\n|-damage|p1a: Calyrex|0 fnt\n|faint|p1a: Calyrex\n|\n|win|Yung Trav\n|raw|ragionBolte's rating: 1590 &rarr; <strong>1575<\/strong><br \/>(-15 for losing)\n|raw|Yung Trav's rating: 1671 &rarr; <strong>1686<\/strong><br \/>(+15 for winning)\n|l|\u2606ragionBolte\n|player|p1|\n|l|\u2606Yung Trav\n|player|p2|\n","uploadtime":1739320656,"views":5,"formatid":"gen9vgc2025regg","rating":1575,"private":0,"password":null}