{"id":"gen9vgc2025regg-2299651010","format":"[Gen 9] VGC 2025 Reg G","players":["cilan123","chiefclarko11"],"log":"|j|\u2606cilan123\n|j|\u2606chiefclarko11\n|t:|1739400573\n|gametype|doubles\n|player|p1|cilan123|cilan|1560\n|player|p2|chiefclarko11|102|1650\n|teamsize|p1|6\n|teamsize|p2|6\n|gen|9\n|tier|[Gen 9] VGC 2025 Reg G\n|rated|\n|rule|Species Clause: Limit one of each Pok\u00e9mon\n|rule|Item Clause: Limit 1 of each item\n|clearpoke\n|poke|p1|Groudon, L50|\n|poke|p1|Ogerpon-Cornerstone, L50, F|\n|poke|p1|Raging Bolt, L50|\n|poke|p1|Farigiraf, L50, F|\n|poke|p1|Walking Wake, L50|\n|poke|p1|Entei, L50|\n|poke|p2|Calyrex-Ice, L50|\n|poke|p2|Urshifu-*, L50, F|\n|poke|p2|Raging Bolt, L50|\n|poke|p2|Grimmsnarl, L50, M|\n|poke|p2|Ogerpon-Hearthflame, L50, F|\n|poke|p2|Landorus, L50, M|\n|teampreview|4\ncilan123 has agreed to open team sheets.\n|j| zacattack110\n|\n|t:|1739400640\n|start\n|switch|p1a: saquon|Groudon, L50|100\/100\n|switch|p1b: Entei|Entei, L50|100\/100\n|switch|p2a: Landorus|Landorus, L50, M|100\/100\n|switch|p2b: Grimmsnarl|Grimmsnarl, L50, M|100\/100\n|-weather|SunnyDay|[from] ability: Drought|[of] p1a: saquon\n|turn|1\n|j| 2-2-2 Ape\n|l| 2-2-2 Ape\n|\n|t:|1739400668\n|move|p1b: Entei|Protect|p1b: Entei\n|-singleturn|p1b: Entei|Protect\n|move|p2b: Grimmsnarl|Reflect|p2b: Grimmsnarl\n|-sidestart|p2: chiefclarko11|Reflect\n|move|p2a: Landorus|Earth Power|p1b: Entei\n|-activate|p1b: Entei|move: Protect\n|move|p1a: saquon|Precipice Blades|p2a: Landorus|[spread] p2b\n|-immune|p2a: Landorus\n|-damage|p2b: Grimmsnarl|66\/100\n|\n|-weather|SunnyDay|[upkeep]\n|upkeep\n|turn|2\n|\n|t:|1739400692\n|-terastallize|p1a: saquon|Fire\n|move|p1b: Entei|Extreme Speed|p2a: Landorus\n|-damage|p2a: Landorus|79\/100\n|move|p2a: Landorus|Earth Power|p1b: Entei\n|-supereffective|p1b: Entei\n|-damage|p1b: Entei|0 fnt\n|faint|p1b: Entei\n|move|p1a: saquon|Heat Crash|p2a: Landorus\n|-damage|p2a: Landorus|0 fnt\n|faint|p2a: Landorus\n|move|p2b: Grimmsnarl|Foul Play|p1a: saquon\n|-damage|p1a: saquon|52\/100\n|\n|-weather|SunnyDay|[upkeep]\n|upkeep\n|\n|t:|1739400713\n|switch|p2a: Calyrex|Calyrex-Ice, L50|100\/100\n|switch|p1b: Ogerpon|Ogerpon-Cornerstone, L50, F|100\/100\n|-ability|p2a: Calyrex|As One\n|-ability|p2a: Calyrex|Unnerve\n|turn|3\n|\n|t:|1739400727\n|move|p2a: Calyrex|Protect|p2a: Calyrex\n|-singleturn|p2a: Calyrex|Protect\n|move|p1b: Ogerpon|Ivy Cudgel|p2a: Calyrex|[anim] Ivy Cudgel Rock\n|-activate|p2a: Calyrex|move: Protect\n|move|p1a: saquon|Precipice Blades|p2a: Calyrex|[spread] p2b\n|-activate|p2a: Calyrex|move: Protect\n|-damage|p2b: Grimmsnarl|37\/100\n|move|p2b: Grimmsnarl|Foul Play|p1a: saquon\n|-damage|p1a: saquon|7\/100\n|\n|-weather|SunnyDay|[upkeep]\n|upkeep\n|turn|4\n|\n|t:|1739400745\n|-terastallize|p2a: Calyrex|Normal\n|move|p2b: Grimmsnarl|Thunder Wave|p1a: saquon\n|-status|p1a: saquon|par\n|move|p1b: Ogerpon|Ivy Cudgel|p2a: Calyrex|[anim] Ivy Cudgel Rock\n|-damage|p2a: Calyrex|78\/100\n|move|p2a: Calyrex|Glacial Lance|p1a: saquon|[spread] p1a,p1b\n|-resisted|p1a: saquon\n|-supereffective|p1b: Ogerpon\n|-damage|p1a: saquon|0 fnt\n|-ability|p1b: Ogerpon|Sturdy\n|-damage|p1b: Ogerpon|1\/100\n|faint|p1a: saquon\n|-ability|p2a: Calyrex|Chilling Neigh|boost\n|-boost|p2a: Calyrex|atk|1\n|\n|-weather|SunnyDay|[upkeep]\n|upkeep\n|\n|t:|1739400760\n|switch|p1a: Walking Wake|Walking Wake, L50|100\/100\n|-activate|p1a: Walking Wake|ability: Protosynthesis\n|-start|p1a: Walking Wake|protosynthesisspe\n|turn|5\n|\n|t:|1739400781\n|move|p1b: Ogerpon|Spiky Shield|p1b: Ogerpon\n|-singleturn|p1b: Ogerpon|move: Protect\n|move|p2b: Grimmsnarl|Light Screen|p2b: Grimmsnarl\n|-sidestart|p2: chiefclarko11|move: Light Screen\n|move|p1a: Walking Wake|Hydro Steam|p2b: Grimmsnarl\n|-damage|p2b: Grimmsnarl|0 fnt\n|faint|p2b: Grimmsnarl\n|move|p2a: Calyrex|Glacial Lance|p1b: Ogerpon|[spread] p1a\n|-activate|p1b: Ogerpon|move: Protect\n|-damage|p1a: Walking Wake|6\/100\n|\n|-weather|none\n|-end|p1a: Walking Wake|Protosynthesis\n|upkeep\n|\n|t:|1739400793\n|switch|p2b: Ogerpon|Ogerpon-Hearthflame, L50, F|100\/100\n|-ability|p2b: Ogerpon|Mold Breaker\n|turn|6\n|\n|t:|1739400808\n|move|p2b: Ogerpon|Follow Me|p2b: Ogerpon\n|-singleturn|p2b: Ogerpon|move: Follow Me\n|move|p1b: Ogerpon|Ivy Cudgel|p2b: Ogerpon|[anim] Ivy Cudgel Rock\n|-supereffective|p2b: Ogerpon\n|-damage|p2b: Ogerpon|2\/100\n|move|p1a: Walking Wake|Hydro Steam|p2b: Ogerpon\n|-damage|p2b: Ogerpon|0 fnt\n|faint|p2b: Ogerpon\n|move|p2a: Calyrex|Glacial Lance|p1a: Walking Wake|[spread] p1a,p1b\n|-supereffective|p1b: Ogerpon\n|-damage|p1a: Walking Wake|0 fnt\n|-damage|p1b: Ogerpon|0 fnt\n|faint|p1a: Walking Wake\n|-end|p1a: Walking Wake|Protosynthesis|[silent]\n|faint|p1b: Ogerpon\n|\n|win|chiefclarko11\n|raw|cilan123's rating: 1560 &rarr; <strong>1545<\/strong><br \/>(-15 for losing)\n|raw|chiefclarko11's rating: 1650 &rarr; <strong>1665<\/strong><br \/>(+15 for winning)\n|l|\u2606cilan123\n|player|p1|\n|l|\u2606chiefclarko11\n|player|p2|\n","uploadtime":1739401075,"views":4,"formatid":"gen9vgc2025regg","rating":1545,"private":0,"password":null}