{"id":"gen9vgc2025regg-2299206699","format":"[Gen 9] VGC 2025 Reg G","players":["Nightwind Husky","girigiripeter"],"log":"|j|\u2606Nightwind Husky\n|j|\u2606girigiripeter\n|t:|1739348513\n|gametype|doubles\n|player|p1|Nightwind Husky|169|1560\n|player|p2|girigiripeter|266|1640\n|teamsize|p1|6\n|teamsize|p2|6\n|gen|9\n|tier|[Gen 9] VGC 2025 Reg G\n|rated|\n|rule|Species Clause: Limit one of each Pok\u00e9mon\n|rule|Item Clause: Limit 1 of each item\n|clearpoke\n|poke|p1|Calyrex-Ice, L50|\n|poke|p1|Landorus, L50, M|\n|poke|p1|Amoonguss, L50, M|\n|poke|p1|Urshifu-*, L50, M|\n|poke|p1|Roaring Moon, L50|\n|poke|p1|Ogerpon-Hearthflame, L50, F|\n|poke|p2|Miraidon, L50|\n|poke|p2|Farigiraf, L50, F|\n|poke|p2|Urshifu-*, L50, F|\n|poke|p2|Incineroar, L50, M|\n|poke|p2|Iron Bundle, L50|\n|poke|p2|Sneasler, L50, M|\n|teampreview|4\n|inactive|Battle timer is ON: inactive players will automatically lose when time's up. (requested by Nightwind Husky)\n|inactive|girigiripeter has 60 seconds left.\n|inactive|girigiripeter has 30 seconds left.\n|\n|t:|1739348615\n|start\n|switch|p1a: Ogerpon|Ogerpon-Hearthflame, L50, F|100\/100\n|switch|p1b: Calyrex|Calyrex-Ice, L50|100\/100\n|switch|p2a: Miraidon|Miraidon, L50|100\/100\n|switch|p2b: Sneasler|Sneasler, L50, M|100\/100\n|-ability|p1b: Calyrex|As One\n|-ability|p1b: Calyrex|Unnerve\n|-fieldstart|move: Electric Terrain|[from] ability: Hadron Engine|[of] p2a: Miraidon\n|-enditem|p2b: Sneasler|Electric Seed\n|-boost|p2b: Sneasler|def|1|[from] item: Electric Seed\n|-ability|p1a: Ogerpon|Mold Breaker\n|turn|1\n|inactive|Nightwind Husky has 30 seconds left.\n|\n|t:|1739348649\n|move|p1a: Ogerpon|Spiky Shield|p1a: Ogerpon\n|-singleturn|p1a: Ogerpon|move: Protect\n|move|p1b: Calyrex|Protect|p1b: Calyrex\n|-singleturn|p1b: Calyrex|Protect\n|move|p2b: Sneasler|Gunk Shot|p1a: Ogerpon\n|-activate|p1a: Ogerpon|move: Protect\n|move|p2a: Miraidon|Volt Switch|p1b: Calyrex\n|-activate|p1b: Calyrex|move: Protect\n|\n|upkeep\n|turn|2\n|\n|t:|1739348673\n|switch|p1b: Landorus|Landorus, L50, M|100\/100\n|-terastallize|p1a: Ogerpon|Fire\n|detailschange|p1a: Ogerpon|Ogerpon-Hearthflame-Tera, L50, F, tera:Fire\n|-ability|p1a: Ogerpon|Embody Aspect (Hearthflame)|boost\n|-boost|p1a: Ogerpon|atk|1\n|move|p2b: Sneasler|Acid Spray|p1b: Landorus\n|-resisted|p1b: Landorus\n|-damage|p1b: Landorus|97\/100\n|-unboost|p1b: Landorus|spd|2\n|move|p2a: Miraidon|Volt Switch|p1b: Landorus\n|-immune|p1b: Landorus\n|move|p1a: Ogerpon|Ivy Cudgel|p2b: Sneasler|[anim] Ivy Cudgel Fire\n|-damage|p2b: Sneasler|0 fnt\n|faint|p2b: Sneasler\n|\n|upkeep\n|inactive|girigiripeter has 30 seconds left.\n|inactive|girigiripeter has 20 seconds left.\n|\n|t:|1739348713\n|switch|p2b: Incineroar|Incineroar, L50, M|100\/100\n|-ability|p2b: Incineroar|Intimidate|boost\n|-unboost|p1a: Ogerpon|atk|1\n|-unboost|p1b: Landorus|atk|1\n|turn|3\n|inactive|girigiripeter has 30 seconds left.\n|inactive|girigiripeter has 20 seconds left.\n|\n|t:|1739348752\n|switch|p2a: Farigiraf|Farigiraf, L50, F|100\/100\n|move|p1a: Ogerpon|Spiky Shield|p1a: Ogerpon\n|-singleturn|p1a: Ogerpon|move: Protect\n|move|p2b: Incineroar|Fake Out|p1b: Landorus\n|-damage|p1b: Landorus|87\/100\n|cant|p1b: Landorus|flinch\n|\n|upkeep\n|turn|4\n|inactive|girigiripeter has 30 seconds left.\n|inactive|girigiripeter has 20 seconds left.\n|\n|t:|1739348789\n|-terastallize|p2a: Farigiraf|Water\n|move|p1b: Landorus|Earth Power|p2b: Incineroar\n|-supereffective|p2b: Incineroar\n|-damage|p2b: Incineroar|0 fnt\n|faint|p2b: Incineroar\n|move|p1a: Ogerpon|Ivy Cudgel|p2a: Farigiraf|[anim] Ivy Cudgel Fire\n|-resisted|p2a: Farigiraf\n|-crit|p2a: Farigiraf\n|-damage|p2a: Farigiraf|57\/100\n|move|p2a: Farigiraf|Hyper Voice|p1a: Ogerpon|[spread] p1a,p1b\n|-damage|p1a: Ogerpon|68\/100\n|-damage|p1b: Landorus|25\/100\n|-enditem|p2a: Farigiraf|Throat Spray\n|-boost|p2a: Farigiraf|spa|1|[from] item: Throat Spray\n|\n|upkeep\n|\n|t:|1739348803\n|switch|p2b: Miraidon|Miraidon, L50|100\/100\n|-activate|p2b: Miraidon|ability: Hadron Engine\n|turn|5\n|\n|t:|1739348812\n|move|p1b: Landorus|Protect|p1b: Landorus\n|-singleturn|p1b: Landorus|Protect\n|move|p2b: Miraidon|Dazzling Gleam|p1b: Landorus|[spread] p1a\n|-activate|p1b: Landorus|move: Protect\n|-resisted|p1a: Ogerpon\n|-damage|p1a: Ogerpon|43\/100\n|move|p1a: Ogerpon|Horn Leech|p2a: Farigiraf\n|-supereffective|p2a: Farigiraf\n|-crit|p2a: Farigiraf\n|-damage|p2a: Farigiraf|0 fnt\n|-heal|p1a: Ogerpon|78\/100|[from] drain|[of] p2a: Farigiraf\n|faint|p2a: Farigiraf\n|\n|-fieldend|move: Electric Terrain\n|upkeep\n|turn|6\n|\n|t:|1739348835\n|switch|p1b: Calyrex|Calyrex-Ice, L50|100\/100\n|-ability|p1b: Calyrex|As One\n|-ability|p1b: Calyrex|Unnerve\n|move|p2b: Miraidon|Dazzling Gleam|p1a: Ogerpon|[spread] p1a,p1b\n|-resisted|p1a: Ogerpon\n|-damage|p1a: Ogerpon|60\/100\n|-damage|p1b: Calyrex|75\/100\n|move|p1a: Ogerpon|Ivy Cudgel|p2b: Miraidon|[anim] Ivy Cudgel Fire\n|-resisted|p2b: Miraidon\n|-damage|p2b: Miraidon|71\/100\n|\n|upkeep\n|turn|7\n|\n|t:|1739348849\n|move|p2b: Miraidon|Dazzling Gleam|p1b: Calyrex|[spread] p1a,p1b\n|-resisted|p1a: Ogerpon\n|-crit|p1a: Ogerpon\n|-damage|p1a: Ogerpon|34\/100\n|-damage|p1b: Calyrex|51\/100\n|move|p1a: Ogerpon|Ivy Cudgel|p2b: Miraidon|[anim] Ivy Cudgel Fire\n|-resisted|p2b: Miraidon\n|-damage|p2b: Miraidon|39\/100\n|move|p1b: Calyrex|Glacial Lance|p2b: Miraidon\n|-supereffective|p2b: Miraidon\n|-damage|p2b: Miraidon|0 fnt\n|faint|p2b: Miraidon\n|\n|win|Nightwind Husky\n|raw|Nightwind Husky's rating: 1560 &rarr; <strong>1585<\/strong><br \/>(+25 for winning)\n|raw|girigiripeter's rating: 1640 &rarr; <strong>1615<\/strong><br \/>(-25 for losing)\n|l|\u2606girigiripeter\n|player|p2|\n|l|\u2606Nightwind Husky\n|player|p1|\n","uploadtime":1739348986,"views":8,"formatid":"gen9vgc2025regg","rating":1585,"private":0,"password":null}