{"id":"gen9vgc2025regg-2299622668","format":"[Gen 9] VGC 2025 Reg G","players":["Axel316","Sheevp"],"log":"|j|\u2606Axel316\n|j|\u2606Sheevp\n|t:|1739397452\n|gametype|doubles\n|player|p1|Axel316|1|1570\n|player|p2|Sheevp|1|1591\n|teamsize|p1|6\n|teamsize|p2|6\n|gen|9\n|tier|[Gen 9] VGC 2025 Reg G\n|rated|\n|rule|Species Clause: Limit one of each Pok\u00e9mon\n|rule|Item Clause: Limit 1 of each item\n|clearpoke\n|poke|p1|Calyrex-Ice, L50|\n|poke|p1|Urshifu-*, L50, M|\n|poke|p1|Incineroar, L50, F|\n|poke|p1|Latios, L50, M|\n|poke|p1|Pelipper, L50, M|\n|poke|p1|Archaludon, L50, M|\n|poke|p2|Volcarona, L50, M|\n|poke|p2|Rillaboom, L50, F|\n|poke|p2|Overqwil, L50, M|\n|poke|p2|Landorus, L50, M|\n|poke|p2|Kyogre, L50|\n|poke|p2|Roaring Moon, L50|\n|teampreview|4\n|inactive|Battle timer is ON: inactive players will automatically lose when time's up. (requested by Axel316)\n|\n|t:|1739397492\n|start\n|switch|p1a: Calyrex|Calyrex-Ice, L50|100\/100\n|switch|p1b: Latios|Latios, L50, M|100\/100\n|switch|p2a: Kyogre|Kyogre, L50|100\/100\n|switch|p2b: Rillaboom|Rillaboom, L50, F|100\/100\n|-ability|p1a: Calyrex|As One\n|-ability|p1a: Calyrex|Unnerve\n|-weather|RainDance|[from] ability: Drizzle|[of] p2a: Kyogre\n|-fieldstart|move: Grassy Terrain|[from] ability: Grassy Surge|[of] p2b: Rillaboom\n|turn|1\n|\n|t:|1739397514\n|-terastallize|p1a: Calyrex|Grass\n|move|p2b: Rillaboom|Fake Out|p1b: Latios\n|-damage|p1b: Latios|83\/100\n|cant|p1b: Latios|flinch\n|move|p2a: Kyogre|Water Spout|p1a: Calyrex|[spread] p1a,p1b\n|-resisted|p1a: Calyrex\n|-resisted|p1b: Latios\n|-damage|p1a: Calyrex|51\/100\n|-damage|p1b: Latios|4\/100\n|move|p1a: Calyrex|Trick Room|p1a: Calyrex\n|-fieldstart|move: Trick Room|[of] p1a: Calyrex\n|\n|-weather|RainDance|[upkeep]\n|-heal|p1a: Calyrex|57\/100|[from] Grassy Terrain\n|upkeep\n|turn|2\n|\n|t:|1739397534\n|switch|p1b: Archaludon|Archaludon, L50, M|100\/100\n|-terastallize|p2b: Rillaboom|Fire\n|move|p1a: Calyrex|Glacial Lance|p2b: Rillaboom|[spread] p2a,p2b\n|-resisted|p2a: Kyogre\n|-resisted|p2b: Rillaboom\n|-damage|p2a: Kyogre|71\/100\n|-damage|p2b: Rillaboom|71\/100\n|move|p2b: Rillaboom|U-turn|p1a: Calyrex\n|-supereffective|p1a: Calyrex\n|-damage|p1a: Calyrex|30\/100\n|\n|t:|1739397547\n|switch|p2b: Overqwil|Overqwil, L50, M|100\/100|[from] U-turn\n|move|p2a: Kyogre|Water Spout|p1a: Calyrex|[spread] p1a,p1b\n|-resisted|p1a: Calyrex\n|-resisted|p1b: Archaludon\n|-damage|p1a: Calyrex|0 fnt\n|-damage|p1b: Archaludon|39\/100\n|faint|p1a: Calyrex\n|\n|-weather|RainDance|[upkeep]\n|-heal|p1b: Archaludon|45\/100|[from] Grassy Terrain\n|-heal|p2a: Kyogre|77\/100|[from] Grassy Terrain\n|upkeep\n|\n|t:|1739397560\n|switch|p1a: Incineroar|Incineroar, L50, F|100\/100\n|-ability|p1a: Incineroar|Intimidate|boost\n|-unboost|p2a: Kyogre|atk|1\n|-unboost|p2b: Overqwil|atk|1\n|turn|3\n|\n|t:|1739397572\n|switch|p2a: Rillaboom|Rillaboom, L50, F, tera:Fire|71\/100\n|move|p1a: Incineroar|Fake Out|p2a: Rillaboom\n|-damage|p2a: Rillaboom|60\/100\n|move|p1b: Archaludon|Electro Shot||[still]\n|-prepare|p1b: Archaludon|Electro Shot\n|-boost|p1b: Archaludon|spa|1\n|-anim|p1b: Archaludon|Electro Shot|p2b: Overqwil\n|-damage|p2b: Overqwil|0 fnt\n|faint|p2b: Overqwil\n|\n|-weather|RainDance|[upkeep]\n|-heal|p1b: Archaludon|50\/100|[from] Grassy Terrain\n|-heal|p2a: Rillaboom|66\/100|[from] Grassy Terrain\n|upkeep\n|\n|t:|1739397581\n|switch|p2b: Landorus|Landorus, L50, M|100\/100\n|turn|4\n|j| Nabandwhat\n|\n|t:|1739397601\n|switch|p1a: Latios|Latios, L50, M|4\/100\n|move|p1b: Archaludon|Protect|p1b: Archaludon\n|-singleturn|p1b: Archaludon|Protect\n|move|p2a: Rillaboom|Fake Out|p1b: Archaludon\n|-activate|p1b: Archaludon|move: Protect\n|move|p2b: Landorus|Sandsear Storm|p1b: Archaludon|[spread] \n|-activate|p1b: Archaludon|move: Protect\n|-immune|p1a: Latios|[from] ability: Levitate\n|\n|-weather|RainDance|[upkeep]\n|-heal|p1b: Archaludon|56\/100|[from] Grassy Terrain\n|-heal|p2a: Rillaboom|71\/100|[from] Grassy Terrain\n|upkeep\n|turn|5\n|\n|t:|1739397625\n|switch|p1a: Incineroar|Incineroar, L50, F|100\/100\n|-ability|p1a: Incineroar|Intimidate|boost\n|-unboost|p2a: Rillaboom|atk|1\n|-unboost|p2b: Landorus|atk|1\n|move|p2a: Rillaboom|Grassy Glide|p1a: Incineroar\n|-resisted|p1a: Incineroar\n|-damage|p1a: Incineroar|91\/100\n|move|p1b: Archaludon|Electro Shot||[still]\n|-prepare|p1b: Archaludon|Electro Shot\n|-boost|p1b: Archaludon|spa|1\n|-anim|p1b: Archaludon|Electro Shot|p2a: Rillaboom\n|-damage|p2a: Rillaboom|15\/100\n|move|p2b: Landorus|Sandsear Storm|p1a: Incineroar|[spread] p1a,p1b\n|-supereffective|p1a: Incineroar\n|-supereffective|p1b: Archaludon\n|-damage|p1a: Incineroar|2\/100\n|-damage|p1b: Archaludon|0 fnt\n|faint|p1b: Archaludon\n|\n|-weather|none\n|-heal|p1a: Incineroar|8\/100|[from] Grassy Terrain\n|-heal|p2a: Rillaboom|21\/100|[from] Grassy Terrain\n|-fieldend|move: Trick Room\n|-fieldend|move: Grassy Terrain\n|upkeep\n|\n|t:|1739397647\n|switch|p1b: Latios|Latios, L50, M|4\/100\n|turn|6\n|inactive|Sheevp has 30 seconds left.\n|l|\u2606Sheevp\n|inactive|Sheevp disconnected and has a minute to reconnect!\n|player|p2|\n|inactive|Sheevp has 20 seconds left.\n|inactive|Sheevp has 15 seconds left.\n|inactive|Sheevp has 10 seconds left.\n|inactive|Sheevp has 5 seconds left.\n|-message|Sheevp lost due to inactivity.\n|\n|win|Axel316\n|raw|Axel316's rating: 1570 &rarr; <strong>1591<\/strong><br \/>(+21 for winning)\n|raw|Sheevp's rating: 1591 &rarr; <strong>1570<\/strong><br \/>(-21 for losing)\n|j|\u2606Sheevp\n|player|p2|Sheevp|1|\n|l|\u2606Sheevp\n|player|p2|\n|l| Nabandwhat\n","uploadtime":1739397882,"views":5,"formatid":"gen9vgc2025regg","rating":1570,"private":0,"password":null}