{"id":"gen9vgc2025regg-2299724593","format":"[Gen 9] VGC 2025 Reg G","players":["aoiharada","Bougie Oatmeal"],"log":"|j|\u2606aoiharada\n|j|\u2606Bougie Oatmeal\n|t:|1739409696\n|gametype|doubles\n|player|p1|aoiharada|169|1577\n|player|p2|Bougie Oatmeal|rowan|1700\n|teamsize|p1|6\n|teamsize|p2|6\n|gen|9\n|tier|[Gen 9] VGC 2025 Reg G\n|rated|\n|rule|Species Clause: Limit one of each Pok\u00e9mon\n|rule|Item Clause: Limit 1 of each item\n|clearpoke\n|poke|p1|Weezing-Galar, L50, F|\n|poke|p1|Calyrex-Shadow, L50|\n|poke|p1|Dondozo, L50, M|\n|poke|p1|Tatsugiri, L50, F|\n|poke|p1|Incineroar, L50, M|\n|poke|p1|Roaring Moon, L50|\n|poke|p2|Calyrex-Shadow, L50|\n|poke|p2|Indeedee-F, L50, F|\n|poke|p2|Ogerpon-Hearthflame, L50, F|\n|poke|p2|Iron Jugulis, L50|\n|poke|p2|Iron Hands, L50|\n|poke|p2|Urshifu-*, L50, F|\n|teampreview|4\n|inactive|Battle timer is ON: inactive players will automatically lose when time's up. (requested by Bougie Oatmeal)\n|inactive|Bougie Oatmeal has 60 seconds left.\n|\n|t:|1739409738\n|start\n|switch|p1a: Roaring Moon|Roaring Moon, L50|100\/100\n|switch|p1b: Weezing|Weezing-Galar, L50, F|100\/100\n|switch|p2a: Hallothreen|Iron Jugulis, L50|100\/100\n|switch|p2b: Proshokza|Iron Hands, L50|100\/100\n|-ability|p1b: Weezing|Neutralizing Gas\n|turn|1\n|\n|t:|1739409760\n|-terastallize|p1a: Roaring Moon|Fairy\n|move|p2b: Proshokza|Fake Out|p1b: Weezing\n|-damage|p1b: Weezing|88\/100\n|move|p1a: Roaring Moon|Tera Blast|p2a: Hallothreen|[anim] Tera Blast Fairy\n|-supereffective|p2a: Hallothreen\n|-damage|p2a: Hallothreen|0 fnt\n|faint|p2a: Hallothreen\n|-end|p2a: Hallothreen|Quark Drive|[silent]\n|cant|p1b: Weezing|flinch\n|\n|upkeep\n|inactive|Bougie Oatmeal has 30 seconds left.\n|inactive|Bougie Oatmeal has 20 seconds left.\n|inactive|Bougie Oatmeal has 15 seconds left.\n|inactive|Bougie Oatmeal has 10 seconds left.\n|\n|t:|1739409806\n|switch|p2a: Zoroastre|Calyrex-Shadow, L50|100\/100\n|-ability|p2a: Zoroastre|As One\n|-ability|p2a: Zoroastre|Unnerve\n|turn|2\n|\n|t:|1739409828\n|-end|p2b: Proshokza|Quark Drive|[silent]\n|switch|p2b: Laotzulowei|Urshifu-Rapid-Strike, L50, F|100\/100\n|move|p2a: Zoroastre|Expanding Force|p1b: Weezing\n|-supereffective|p1b: Weezing\n|-damage|p1b: Weezing|0 fnt\n|faint|p1b: Weezing\n|-end|p1b: Weezing|ability: Neutralizing Gas\n|-ability|p2a: Zoroastre|Grim Neigh|boost\n|-boost|p2a: Zoroastre|spa|1\n|move|p1a: Roaring Moon|Knock Off|p2a: Zoroastre\n|-supereffective|p2a: Zoroastre\n|-enditem|p2a: Zoroastre|Focus Sash\n|-damage|p2a: Zoroastre|1\/100\n|\n|upkeep\n|\n|t:|1739409835\n|switch|p1b: Dondozo|Dondozo, L50, M|100\/100\n|turn|3\n|\n|t:|1739409852\n|-end|p1a: Roaring Moon|Protosynthesis|[silent]\n|switch|p1a: Tatsugiri|Tatsugiri, L50, F|100\/100\n|-activate|p1a: Tatsugiri|ability: Commander|[of] p1b: Dondozo\n|-boost|p1b: Dondozo|atk|2\n|-boost|p1b: Dondozo|spa|2\n|-boost|p1b: Dondozo|spe|2\n|-boost|p1b: Dondozo|def|2\n|-boost|p1b: Dondozo|spd|2\n|move|p2b: Laotzulowei|Surging Strikes|p1a: Tatsugiri|[miss]\n|-miss|p2b: Laotzulowei|p1a: Tatsugiri\n|move|p2a: Zoroastre|Astral Barrage|p1b: Dondozo|[spread] p1b\n|-miss|p2a: Zoroastre|p1a: Tatsugiri\n|-damage|p1b: Dondozo|74\/100\n|move|p1b: Dondozo|Earthquake|p2a: Zoroastre|[spread] p2a,p2b\n|-miss|p1b: Dondozo|p1a: Tatsugiri\n|-damage|p2a: Zoroastre|0 fnt\n|-damage|p2b: Laotzulowei|61\/100\n|faint|p2a: Zoroastre\n|\n|-heal|p1b: Dondozo|80\/100|[from] item: Leftovers\n|upkeep\n|\n|t:|1739409855\n|switch|p2a: Proshokza|Iron Hands, L50|100\/100\n|turn|4\n|inactive|aoiharada has 30 seconds left.\n|\n|t:|1739409880\n|move|p2a: Proshokza|Fake Out|p1b: Dondozo\n|-damage|p1b: Dondozo|76\/100\n|move|p2b: Laotzulowei|Surging Strikes|p1b: Dondozo\n|-resisted|p1b: Dondozo\n|-crit|p1b: Dondozo\n|-damage|p1b: Dondozo|69\/100\n|-resisted|p1b: Dondozo\n|-crit|p1b: Dondozo\n|-damage|p1b: Dondozo|63\/100\n|-resisted|p1b: Dondozo\n|-crit|p1b: Dondozo\n|-damage|p1b: Dondozo|57\/100\n|-hitcount|p1b: Dondozo|3\n|cant|p1b: Dondozo|flinch\n|\n|-heal|p1b: Dondozo|63\/100|[from] item: Leftovers\n|upkeep\n|turn|5\n|\n|t:|1739409900\n|-terastallize|p2a: Proshokza|Grass\n|move|p2b: Laotzulowei|Surging Strikes|p1b: Dondozo\n|-resisted|p1b: Dondozo\n|-crit|p1b: Dondozo\n|-damage|p1b: Dondozo|57\/100\n|-resisted|p1b: Dondozo\n|-crit|p1b: Dondozo\n|-damage|p1b: Dondozo|51\/100\n|-resisted|p1b: Dondozo\n|-crit|p1b: Dondozo\n|-damage|p1b: Dondozo|45\/100\n|-hitcount|p1b: Dondozo|3\n|move|p1b: Dondozo|Earthquake|p2b: Laotzulowei|[spread] p2a,p2b\n|-miss|p1b: Dondozo|p1a: Tatsugiri\n|-resisted|p2a: Proshokza\n|-damage|p2a: Proshokza|89\/100\n|-damage|p2b: Laotzulowei|19\/100\n|move|p2a: Proshokza|Wild Charge|p1b: Dondozo\n|-supereffective|p1b: Dondozo\n|-damage|p1b: Dondozo|15\/100\n|-damage|p2a: Proshokza|81\/100|[from] Recoil\n|\n|-heal|p1b: Dondozo|21\/100|[from] item: Leftovers\n|upkeep\n|turn|6\n|\n|t:|1739409911\n|move|p2b: Laotzulowei|Surging Strikes|p1b: Dondozo\n|-resisted|p1b: Dondozo\n|-crit|p1b: Dondozo\n|-damage|p1b: Dondozo|15\/100\n|-resisted|p1b: Dondozo\n|-crit|p1b: Dondozo\n|-damage|p1b: Dondozo|8\/100\n|-resisted|p1b: Dondozo\n|-crit|p1b: Dondozo\n|-damage|p1b: Dondozo|2\/100\n|-hitcount|p1b: Dondozo|3\n|move|p1b: Dondozo|Earthquake|p2b: Laotzulowei|[spread] p2a,p2b\n|-miss|p1b: Dondozo|p1a: Tatsugiri\n|-resisted|p2a: Proshokza\n|-crit|p2b: Laotzulowei\n|-damage|p2a: Proshokza|69\/100\n|-damage|p2b: Laotzulowei|0 fnt\n|faint|p2b: Laotzulowei\n|move|p2a: Proshokza|Wild Charge|p1b: Dondozo\n|-supereffective|p1b: Dondozo\n|-damage|p1b: Dondozo|0 fnt\n|faint|p1b: Dondozo\n|-damage|p2a: Proshokza|69\/100|[from] Recoil\n|\n|upkeep\n|\n|t:|1739409914\n|switch|p1b: Roaring Moon|Roaring Moon, L50, tera:Fairy|100\/100\n|turn|7\n|-message|Bougie Oatmeal forfeited.\n|\n|win|aoiharada\n|raw|aoiharada's rating: 1577 &rarr; <strong>1604<\/strong><br \/>(+27 for winning)\n|raw|Bougie Oatmeal's rating: 1700 &rarr; <strong>1673<\/strong><br \/>(-27 for losing)\n|l|\u2606Bougie Oatmeal\n|player|p2|\n|l|\u2606aoiharada\n|player|p1|\n","uploadtime":1739410072,"views":39,"formatid":"gen9vgc2025regg","rating":1604,"private":0,"password":null}