{"id":"gen9vgc2025regg-2299509605","format":"[Gen 9] VGC 2025 Reg G","players":["Kunikamaze","heyBeteritsVGC"],"log":"|j|\u2606Kunikamaze\n|j|\u2606heyBeteritsVGC\n|t:|1739386079\n|gametype|doubles\n|player|p1|Kunikamaze|1|1624\n|player|p2|heyBeteritsVGC|265|1572\n|teamsize|p1|6\n|teamsize|p2|6\n|gen|9\n|tier|[Gen 9] VGC 2025 Reg G\n|rated|\n|rule|Species Clause: Limit one of each Pok\u00e9mon\n|rule|Item Clause: Limit 1 of each item\n|clearpoke\n|poke|p1|Calyrex-Shadow, L50|\n|poke|p1|Maushold-Four, L50|\n|poke|p1|Weezing-Galar, L50, M|\n|poke|p1|Dondozo, L50, F|\n|poke|p1|Tatsugiri, L50, M|\n|poke|p1|Mienshao, L50, M|\n|poke|p2|Dialga-Origin, L50|\n|poke|p2|Raging Bolt, L50|\n|poke|p2|Flutter Mane, L50|\n|poke|p2|Ursaluna, L50, M|\n|poke|p2|Volcarona, L50, F|\n|poke|p2|Smeargle, L50, M|\n|teampreview|4\n|inactive|Battle timer is ON: inactive players will automatically lose when time's up. (requested by heyBeteritsVGC)\n|inactive|Kunikamaze has 60 seconds left.\n|inactive|heyBeteritsVGC has 60 seconds left.\n|\n|t:|1739386124\n|start\n|switch|p1a: Mienshao|Mienshao, L50, M|100\/100\n|switch|p1b: Calyrex|Calyrex-Shadow, L50|100\/100\n|switch|p2a: Dialga|Dialga-Origin, L50|100\/100\n|switch|p2b: Raging Bolt|Raging Bolt, L50|100\/100\n|-ability|p1b: Calyrex|As One\n|-ability|p1b: Calyrex|Unnerve\n|turn|1\n|inactive|Kunikamaze has 30 seconds left.\n|\n|t:|1739386153\n|-terastallize|p1b: Calyrex|Ghost\n|move|p2a: Dialga|Protect|p2a: Dialga\n|-singleturn|p2a: Dialga|Protect\n|move|p1b: Calyrex|Astral Barrage|p2a: Dialga|[spread] p2b\n|-activate|p2a: Dialga|move: Protect\n|-damage|p2b: Raging Bolt|32\/100\n|move|p1a: Mienshao|Close Combat|p2a: Dialga\n|-activate|p2a: Dialga|move: Protect\n|move|p2b: Raging Bolt|Discharge|p1b: Calyrex|[spread] p1a,p1b\n|-activate|p2a: Dialga|move: Protect\n|-damage|p1a: Mienshao|30\/100\n|-damage|p1b: Calyrex|68\/100\n|-status|p1a: Mienshao|par\n|\n|upkeep\n|turn|2\n|inactive|heyBeteritsVGC has 30 seconds left.\n|inactive|heyBeteritsVGC has 20 seconds left.\n|inactive|heyBeteritsVGC has 15 seconds left.\n|inactive|heyBeteritsVGC has 10 seconds left.\n|\n|t:|1739386199\n|-end|p2b: Raging Bolt|Protosynthesis|[silent]\n|switch|p2b: Ursaluna|Ursaluna, L50, M|100\/100\n|switch|p2a: Smeargle|Smeargle, L50, M|100\/100\n|move|p1b: Calyrex|Astral Barrage|p2b: Ursaluna|[spread] \n|-immune|p2a: Smeargle\n|-immune|p2b: Ursaluna\n|move|p1a: Mienshao|Close Combat|p2a: Smeargle\n|-supereffective|p2a: Smeargle\n|-enditem|p2a: Smeargle|Focus Sash\n|-damage|p2a: Smeargle|1\/100\n|-unboost|p1a: Mienshao|def|1\n|-unboost|p1a: Mienshao|spd|1\n|\n|-ability|p2a: Smeargle|Moody|boost\n|-boost|p2a: Smeargle|spe|2\n|-unboost|p2a: Smeargle|atk|1\n|-status|p2b: Ursaluna|brn|[from] item: Flame Orb\n|upkeep\n|turn|3\n|\n|t:|1739386222\n|switch|p1b: Dondozo|Dondozo, L50, F|100\/100\n|-terastallize|p2b: Ursaluna|Fairy\n|move|p1a: Mienshao|Feint|p2a: Smeargle\n|-damage|p2a: Smeargle|0 fnt\n|faint|p2a: Smeargle\n|move|p2b: Ursaluna|Facade|p1b: Dondozo\n|-crit|p1b: Dondozo\n|-damage|p1b: Dondozo|0 fnt\n|faint|p1b: Dondozo\n|\n|-damage|p2b: Ursaluna|95\/100 brn|[from] brn\n|upkeep\n|\n|t:|1739386247\n|switch|p2a: Dialga|Dialga-Origin, L50|100\/100\n|switch|p1b: Calyrex|Calyrex-Shadow, L50, tera:Ghost|68\/100\n|-ability|p1b: Calyrex|As One\n|-ability|p1b: Calyrex|Unnerve\n|turn|4\n|\n|t:|1739386262\n|move|p1b: Calyrex|Astral Barrage|p2b: Ursaluna|[spread] p2a,p2b\n|-damage|p2a: Dialga|21\/100\n|-damage|p2b: Ursaluna|0 fnt\n|faint|p2b: Ursaluna\n|-ability|p1b: Calyrex|Grim Neigh|boost\n|-boost|p1b: Calyrex|spa|1\n|move|p2a: Dialga|Flash Cannon|p1a: Mienshao\n|-damage|p1a: Mienshao|0 fnt\n|faint|p1a: Mienshao\n|\n|upkeep\n|\n|t:|1739386268\n|switch|p1a: Tatsugiri|Tatsugiri, L50, M|100\/100\n|switch|p2b: Raging Bolt|Raging Bolt, L50|32\/100\n|turn|5\n|\n|t:|1739386277\n|move|p2b: Raging Bolt|Thunderclap|p1b: Calyrex\n|-damage|p1b: Calyrex|28\/100\n|move|p1b: Calyrex|Astral Barrage|p2b: Raging Bolt|[spread] p2a,p2b\n|-damage|p2a: Dialga|0 fnt\n|-damage|p2b: Raging Bolt|0 fnt\n|faint|p2a: Dialga\n|faint|p2b: Raging Bolt\n|-end|p2b: Raging Bolt|Protosynthesis|[silent]\n|\n|win|Kunikamaze\n|raw|Kunikamaze's rating: 1624 &rarr; <strong>1641<\/strong><br \/>(+17 for winning)\n|raw|heyBeteritsVGC's rating: 1572 &rarr; <strong>1555<\/strong><br \/>(-17 for losing)\n|l|\u2606heyBeteritsVGC\n|player|p2|\n|l|\u2606Kunikamaze\n|player|p1|\n","uploadtime":1739386541,"views":5,"formatid":"gen9vgc2025regg","rating":1555,"private":0,"password":null}