{"id":"gen9vgc2025regg-2299853424","format":"[Gen 9] VGC 2025 Reg G","players":["xiaoliyun.official","Ilovecatgirlsmeow"],"log":"|j|\u2606xiaoliyun.official\n|j|\u2606Ilovecatgirlsmeow\n|t:|1739429155\n|gametype|doubles\n|player|p1|xiaoliyun.official|gloria-league|1578\n|player|p2|Ilovecatgirlsmeow|waitress-gen4|1524\n|teamsize|p1|6\n|teamsize|p2|6\n|gen|9\n|tier|[Gen 9] VGC 2025 Reg G\n|rated|\n|rule|Species Clause: Limit one of each Pok\u00e9mon\n|rule|Item Clause: Limit 1 of each item\n|clearpoke\n|poke|p1|Kyogre, L50|\n|poke|p1|Incineroar, L50, M|\n|poke|p1|Wo-Chien, L50|\n|poke|p1|Grimmsnarl, L50, M|\n|poke|p1|Urshifu-*, L50, F|\n|poke|p1|Iron Jugulis, L50|\n|poke|p2|Heatran, L50, F|\n|poke|p2|Terapagos, L50, M|\n|poke|p2|Incineroar, L50, M|\n|poke|p2|Ogerpon-Cornerstone, L50, F|\n|poke|p2|Scream Tail, L50|\n|poke|p2|Rillaboom, L50, F|\n|teampreview|4\n|inactive|Battle timer is ON: inactive players will automatically lose when time's up. (requested by xiaoliyun.official)\n|inactive|xiaoliyun.official has 60 seconds left.\n|inactive|Ilovecatgirlsmeow has 60 seconds left.\n|\n|t:|1739429207\n|start\n|switch|p1a: Iron Jugulis|Iron Jugulis, L50|100\/100\n|switch|p1b: Incineroar|Incineroar, L50, M|100\/100\n|switch|p2a: Terapagos|Terapagos, L50, M|100\/100\n|switch|p2b: Incineroar|Incineroar, L50, M|100\/100\n|-activate|p2a: Terapagos|ability: Tera Shift\n|detailschange|p2a: Terapagos|Terapagos-Terastal, L50, M\n|-heal|p2a: Terapagos|100\/100|[silent]\n|-ability|p1b: Incineroar|Intimidate|boost\n|-unboost|p2a: Terapagos|atk|1\n|-unboost|p2b: Incineroar|atk|1\n|-ability|p2b: Incineroar|Intimidate|boost\n|-unboost|p1a: Iron Jugulis|atk|1\n|-unboost|p1b: Incineroar|atk|1\n|-enditem|p1a: Iron Jugulis|Booster Energy\n|-activate|p1a: Iron Jugulis|ability: Quark Drive|[fromitem]\n|-start|p1a: Iron Jugulis|quarkdrivespe\n|turn|1\n|\n|t:|1739429215\n|move|p1b: Incineroar|Fake Out|p2b: Incineroar\n|-damage|p2b: Incineroar|95\/100\n|cant|p2b: Incineroar|flinch\n|move|p1a: Iron Jugulis|Snarl|p2a: Terapagos|[spread] p2a,p2b\n|-activate|p2a: Terapagos|ability: Tera Shell\n|-resisted|p2a: Terapagos\n|-resisted|p2b: Incineroar\n|-damage|p2a: Terapagos|92\/100\n|-damage|p2b: Incineroar|87\/100\n|-unboost|p2a: Terapagos|spa|1\n|-unboost|p2b: Incineroar|spa|1\n|move|p2a: Terapagos|Calm Mind|p2a: Terapagos\n|-boost|p2a: Terapagos|spa|1\n|-boost|p2a: Terapagos|spd|1\n|\n|-heal|p2a: Terapagos|98\/100|[from] item: Leftovers\n|upkeep\n|turn|2\n|\n|t:|1739429237\n|move|p1a: Iron Jugulis|Snarl|p2a: Terapagos|[spread] p2a,p2b\n|-resisted|p2b: Incineroar\n|-crit|p2b: Incineroar\n|-damage|p2a: Terapagos|89\/100\n|-damage|p2b: Incineroar|73\/100\n|-unboost|p2a: Terapagos|spa|1\n|-unboost|p2b: Incineroar|spa|1\n|move|p2a: Terapagos|Calm Mind|p2a: Terapagos\n|-boost|p2a: Terapagos|spa|1\n|-boost|p2a: Terapagos|spd|1\n|move|p1b: Incineroar|Knock Off|p2a: Terapagos\n|-damage|p2a: Terapagos|69\/100\n|-enditem|p2a: Terapagos|Leftovers|[from] move: Knock Off|[of] p1b: Incineroar\n|move|p2b: Incineroar|Parting Shot|p1a: Iron Jugulis\n|-unboost|p1a: Iron Jugulis|atk|1\n|-unboost|p1a: Iron Jugulis|spa|1\n|\n|t:|1739429241\n|switch|p2b: Rillaboom|Rillaboom, L50, F|100\/100|[from] Parting Shot\n|-fieldstart|move: Grassy Terrain|[from] ability: Grassy Surge|[of] p2b: Rillaboom\n|\n|-heal|p2a: Terapagos|75\/100|[from] Grassy Terrain\n|upkeep\n|turn|3\n|\n|t:|1739429257\n|move|p2b: Rillaboom|Fake Out|p1a: Iron Jugulis\n|-damage|p1a: Iron Jugulis|88\/100\n|cant|p1a: Iron Jugulis|flinch\n|move|p2a: Terapagos|Calm Mind|p2a: Terapagos\n|-boost|p2a: Terapagos|spa|1\n|-boost|p2a: Terapagos|spd|1\n|move|p1b: Incineroar|Will-O-Wisp|p2b: Rillaboom\n|-status|p2b: Rillaboom|brn\n|\n|-heal|p2a: Terapagos|82\/100|[from] Grassy Terrain\n|-damage|p2b: Rillaboom|95\/100 brn|[from] brn\n|upkeep\n|turn|4\n|\n|t:|1739429270\n|move|p2a: Terapagos|Protect|p2a: Terapagos\n|-singleturn|p2a: Terapagos|Protect\n|move|p1a: Iron Jugulis|Snarl|p2a: Terapagos|[spread] p2b\n|-activate|p2a: Terapagos|move: Protect\n|-damage|p2b: Rillaboom|88\/100 brn\n|-unboost|p2b: Rillaboom|spa|1\n|move|p1b: Incineroar|Parting Shot|p2a: Terapagos\n|-activate|p2a: Terapagos|move: Protect\n|move|p2b: Rillaboom|U-turn|p1b: Incineroar\n|-damage|p1b: Incineroar|89\/100\n|\n|t:|1739429272\n|switch|p2b: Incineroar|Incineroar, L50, M|73\/100|[from] U-turn\n|-ability|p2b: Incineroar|Intimidate|boost\n|-unboost|p1a: Iron Jugulis|atk|1\n|-unboost|p1b: Incineroar|atk|1\n|\n|-heal|p2a: Terapagos|88\/100|[from] Grassy Terrain\n|-heal|p1b: Incineroar|95\/100|[from] Grassy Terrain\n|-heal|p2b: Incineroar|79\/100|[from] Grassy Terrain\n|upkeep\n|turn|5\n|\n|t:|1739429286\n|move|p2b: Incineroar|Fake Out|p1a: Iron Jugulis\n|-damage|p1a: Iron Jugulis|77\/100\n|cant|p1a: Iron Jugulis|flinch\n|move|p2a: Terapagos|Calm Mind|p2a: Terapagos\n|-boost|p2a: Terapagos|spa|1\n|-boost|p2a: Terapagos|spd|1\n|move|p1b: Incineroar|Parting Shot|p2a: Terapagos\n|-unboost|p2a: Terapagos|atk|1\n|-unboost|p2a: Terapagos|spa|1\n|\n|t:|1739429297\n|switch|p1b: Urshifu|Urshifu-Rapid-Strike, L50, F|100\/100|[from] Parting Shot\n|\n|-heal|p2a: Terapagos|94\/100|[from] Grassy Terrain\n|-heal|p2b: Incineroar|85\/100|[from] Grassy Terrain\n|upkeep\n|turn|6\n|\n|t:|1739429312\n|-terastallize|p2a: Terapagos|Stellar\n|detailschange|p2a: Terapagos|Terapagos-Stellar, L50, M, tera:Stellar\n|-heal|p2a: Terapagos|96\/100|[silent]\n|-ability|p2a: Terapagos|Teraform Zero\n|-fieldend|move: Grassy Terrain\n|move|p1a: Iron Jugulis|Tailwind|p1a: Iron Jugulis\n|-sidestart|p1: xiaoliyun.official|move: Tailwind\n|move|p1b: Urshifu|Close Combat|p2a: Terapagos\n|-supereffective|p2a: Terapagos\n|-damage|p2a: Terapagos|12\/100\n|-unboost|p1b: Urshifu|def|1\n|-unboost|p1b: Urshifu|spd|1\n|move|p2a: Terapagos|Tera Starstorm|p1b: Urshifu|[spread] p1a,p1b\n|-damage|p1a: Iron Jugulis|24\/100\n|-damage|p1b: Urshifu|0 fnt\n|faint|p1b: Urshifu\n|move|p2b: Incineroar|Parting Shot|p1a: Iron Jugulis\n|-unboost|p1a: Iron Jugulis|atk|1\n|-unboost|p1a: Iron Jugulis|spa|1\n|\n|t:|1739429329\n|switch|p2b: Rillaboom|Rillaboom, L50, F|88\/100 brn|[from] Parting Shot\n|-fieldstart|move: Grassy Terrain|[from] ability: Grassy Surge|[of] p2b: Rillaboom\n|\n|-heal|p2a: Terapagos|18\/100|[from] Grassy Terrain\n|-heal|p2b: Rillaboom|94\/100 brn|[from] Grassy Terrain\n|-damage|p2b: Rillaboom|88\/100 brn|[from] brn\n|upkeep\n|\n|t:|1739429333\n|switch|p1b: Incineroar|Incineroar, L50, M|95\/100\n|-ability|p1b: Incineroar|Intimidate|boost\n|-unboost|p2a: Terapagos|atk|1\n|-unboost|p2b: Rillaboom|atk|1\n|turn|7\n|\n|t:|1739429346\n|switch|p2b: Incineroar|Incineroar, L50, M|85\/100\n|-ability|p2b: Incineroar|Intimidate|boost\n|-unboost|p1a: Iron Jugulis|atk|1\n|-unboost|p1b: Incineroar|atk|1\n|move|p2a: Terapagos|Protect|p2a: Terapagos\n|-singleturn|p2a: Terapagos|Protect\n|move|p1b: Incineroar|Fake Out|p2a: Terapagos\n|-activate|p2a: Terapagos|move: Protect\n|move|p1a: Iron Jugulis|Snarl|p2b: Incineroar|[spread] \n|-activate|p2a: Terapagos|move: Protect\n|-miss|p1a: Iron Jugulis|p2b: Incineroar\n|\n|-heal|p1b: Incineroar|100\/100|[from] Grassy Terrain\n|-heal|p2a: Terapagos|24\/100|[from] Grassy Terrain\n|-heal|p2b: Incineroar|91\/100|[from] Grassy Terrain\n|upkeep\n|turn|8\n|\n|t:|1739429360\n|move|p1a: Iron Jugulis|Protect|p1a: Iron Jugulis\n|-singleturn|p1a: Iron Jugulis|Protect\n|move|p2b: Incineroar|Fake Out|p1b: Incineroar\n|-damage|p1b: Incineroar|90\/100\n|cant|p1b: Incineroar|flinch\n|move|p2a: Terapagos|Tera Starstorm|p1a: Iron Jugulis|[spread] p1b\n|-activate|p1a: Iron Jugulis|move: Protect\n|-damage|p1b: Incineroar|41\/100\n|\n|-heal|p1b: Incineroar|47\/100|[from] Grassy Terrain\n|-heal|p2a: Terapagos|30\/100|[from] Grassy Terrain\n|-heal|p2b: Incineroar|97\/100|[from] Grassy Terrain\n|upkeep\n|turn|9\n|\n|t:|1739429370\n|move|p2a: Terapagos|Protect|p2a: Terapagos\n|-singleturn|p2a: Terapagos|Protect\n|move|p1a: Iron Jugulis|Snarl|p2a: Terapagos|[spread] p2b\n|-activate|p2a: Terapagos|move: Protect\n|-resisted|p2b: Incineroar\n|-damage|p2b: Incineroar|93\/100\n|-unboost|p2b: Incineroar|spa|1\n|move|p1b: Incineroar|Knock Off|p2a: Terapagos\n|-activate|p2a: Terapagos|move: Protect\n|move|p2b: Incineroar|Parting Shot|p1a: Iron Jugulis\n|-unboost|p1a: Iron Jugulis|atk|1\n|-unboost|p1a: Iron Jugulis|spa|1\n|\n|t:|1739429374\n|switch|p2b: Rillaboom|Rillaboom, L50, F|88\/100 brn|[from] Parting Shot\n|\n|-heal|p1b: Incineroar|53\/100|[from] Grassy Terrain\n|-heal|p2a: Terapagos|37\/100|[from] Grassy Terrain\n|-heal|p2b: Rillaboom|94\/100 brn|[from] Grassy Terrain\n|-damage|p2b: Rillaboom|88\/100 brn|[from] brn\n|-sideend|p1: xiaoliyun.official|move: Tailwind\n|upkeep\n|turn|10\n|\n|t:|1739429382\n|-end|p1a: Iron Jugulis|Quark Drive|[silent]\n|switch|p1a: Kyogre|Kyogre, L50|100\/100\n|-weather|RainDance|[from] ability: Drizzle|[of] p1a: Kyogre\n|move|p2b: Rillaboom|Fake Out|p1b: Incineroar\n|-damage|p1b: Incineroar|46\/100\n|move|p2a: Terapagos|Tera Starstorm|p1a: Kyogre|[spread] p1a,p1b\n|-damage|p1a: Kyogre|78\/100\n|-damage|p1b: Incineroar|0 fnt\n|faint|p1b: Incineroar\n|\n|-weather|RainDance|[upkeep]\n|-heal|p2a: Terapagos|43\/100|[from] Grassy Terrain\n|-heal|p1a: Kyogre|84\/100|[from] Grassy Terrain\n|-heal|p2b: Rillaboom|94\/100 brn|[from] Grassy Terrain\n|-damage|p2b: Rillaboom|88\/100 brn|[from] brn\n|-fieldend|move: Grassy Terrain\n|upkeep\n|\n|t:|1739429386\n|switch|p1b: Iron Jugulis|Iron Jugulis, L50|24\/100\n|turn|11\n|\n|t:|1739429394\n|move|p1b: Iron Jugulis|Hurricane|p2a: Terapagos\n|-damage|p2a: Terapagos|33\/100\n|move|p2a: Terapagos|Tera Starstorm|p1a: Kyogre|[spread] p1a,p1b\n|-damage|p1a: Kyogre|60\/100\n|-damage|p1b: Iron Jugulis|0 fnt\n|faint|p1b: Iron Jugulis\n|-end|p1b: Iron Jugulis|Quark Drive|[silent]\n|move|p1a: Kyogre|Water Spout|p2a: Terapagos|[spread] p2a,p2b\n|-resisted|p2b: Rillaboom\n|-damage|p2a: Terapagos|20\/100\n|-damage|p2b: Rillaboom|72\/100 brn\n|move|p2b: Rillaboom|U-turn|p1a: Kyogre\n|-damage|p1a: Kyogre|51\/100\n|-message|xiaoliyun.official forfeited.\n|\n|win|Ilovecatgirlsmeow\n|raw|xiaoliyun.official's rating: 1578 &rarr; <strong>1555<\/strong><br \/>(-23 for losing)\n|raw|Ilovecatgirlsmeow's rating: 1524 &rarr; <strong>1547<\/strong><br \/>(+23 for winning)\n|l|\u2606xiaoliyun.official\n|player|p1|\n|l|\u2606Ilovecatgirlsmeow\n|player|p2|\n","uploadtime":1739429634,"views":5,"formatid":"gen9vgc2025regg","rating":1547,"private":0,"password":null}