{"id":"gen9vgc2025regg-2299863738","format":"[Gen 9] VGC 2025 Reg G","players":["Dv147","Read Book"],"log":"|j|\u2606Dv147\n|j|\u203dRead Book\n|t:|1739431285\n|gametype|doubles\n|player|p1|Dv147|101|1596\n|player|p2|Read Book|1|1559\n|teamsize|p1|6\n|teamsize|p2|6\n|gen|9\n|tier|[Gen 9] VGC 2025 Reg G\n|rated|\n|rule|Species Clause: Limit one of each Pok\u00e9mon\n|rule|Item Clause: Limit 1 of each item\n|clearpoke\n|poke|p1|Terapagos, L50, M|\n|poke|p1|Incineroar, L50, F|\n|poke|p1|Sinistcha, L50|\n|poke|p1|Comfey, L50, F|\n|poke|p1|Electabuzz, L50, F|\n|poke|p1|Rillaboom, L50, M|\n|poke|p2|Calyrex-Shadow, L50|\n|poke|p2|Rillaboom, L50, M|\n|poke|p2|Urshifu-*, L50, M|\n|poke|p2|Clefairy, L50, F|\n|poke|p2|Incineroar, L50, F|\n|poke|p2|Tornadus, L50, M|\n|teampreview|4\n|inactive|Battle timer is ON: inactive players will automatically lose when time's up. (requested by Read Book)\n|\n|t:|1739431309\n|start\n|switch|p1a: Terapagos|Terapagos, L50, M|100\/100\n|switch|p1b: Incineroar|Incineroar, L50, F|100\/100\n|switch|p2a: Incineroar|Incineroar, L50, F|100\/100\n|switch|p2b: Calyrex|Calyrex-Shadow, L50|100\/100\n|-activate|p1a: Terapagos|ability: Tera Shift\n|detailschange|p1a: Terapagos|Terapagos-Terastal, L50, M\n|-heal|p1a: Terapagos|100\/100|[silent]\n|-ability|p2b: Calyrex|As One\n|-ability|p2b: Calyrex|Unnerve\n|-ability|p2a: Incineroar|Intimidate|boost\n|-unboost|p1a: Terapagos|atk|1\n|-unboost|p1b: Incineroar|atk|1\n|-ability|p1b: Incineroar|Intimidate|boost\n|-unboost|p2a: Incineroar|atk|1\n|-unboost|p2b: Calyrex|atk|1\n|turn|1\n|\n|t:|1739431330\n|move|p2b: Calyrex|Calm Mind|p2b: Calyrex\n|-boost|p2b: Calyrex|spa|1\n|-boost|p2b: Calyrex|spd|1\n|move|p1a: Terapagos|Calm Mind|p1a: Terapagos\n|-boost|p1a: Terapagos|spa|1\n|-boost|p1a: Terapagos|spd|1\n|move|p2a: Incineroar|Knock Off|p1a: Terapagos\n|-activate|p1a: Terapagos|ability: Tera Shell\n|-resisted|p1a: Terapagos\n|-damage|p1a: Terapagos|89\/100\n|-enditem|p1a: Terapagos|Covert Cloak|[from] move: Knock Off|[of] p2a: Incineroar\n|move|p1b: Incineroar|Parting Shot|p2b: Calyrex\n|-unboost|p2b: Calyrex|atk|1\n|-unboost|p2b: Calyrex|spa|1\n|\n|t:|1739431346\n|switch|p1b: Comfey|Comfey, L50, F|100\/100|[from] Parting Shot\n|\n|upkeep\n|turn|2\n|\n|t:|1739431355\n|-terastallize|p1a: Terapagos|Stellar\n|detailschange|p1a: Terapagos|Terapagos-Stellar, L50, M, tera:Stellar\n|-heal|p1a: Terapagos|92\/100|[silent]\n|move|p2b: Calyrex|Calm Mind|p2b: Calyrex\n|-boost|p2b: Calyrex|spa|1\n|-boost|p2b: Calyrex|spd|1\n|move|p1a: Terapagos|Tera Starstorm|p2b: Calyrex|[spread] p2a,p2b\n|-damage|p2a: Incineroar|40\/100\n|-damage|p2b: Calyrex|70\/100\n|move|p2a: Incineroar|Parting Shot|p1a: Terapagos\n|-unboost|p1a: Terapagos|atk|1\n|-unboost|p1a: Terapagos|spa|1\n|\n|t:|1739431368\n|switch|p2a: Urshifu|Urshifu-Rapid-Strike, L50, M|100\/100|[from] Parting Shot\n|move|p1b: Comfey|Trick Room|p1b: Comfey\n|-fieldstart|move: Trick Room|[of] p1b: Comfey\n|\n|upkeep\n|turn|3\n|inactive|Read Book has 30 seconds left.\n|\n|t:|1739431393\n|switch|p2a: Incineroar|Incineroar, L50, F|40\/100\n|-ability|p2a: Incineroar|Intimidate|boost\n|-unboost|p1a: Terapagos|atk|1\n|-unboost|p1b: Comfey|atk|1\n|move|p1b: Comfey|Draining Kiss|p2a: Incineroar\n|-damage|p2a: Incineroar|27\/100\n|-damage|p1b: Comfey|84\/100|[from] item: Rocky Helmet|[of] p2a: Incineroar\n|move|p1a: Terapagos|Tera Starstorm|p2a: Incineroar|[spread] p2a,p2b\n|-damage|p2a: Incineroar|0 fnt\n|-damage|p2b: Calyrex|53\/100\n|faint|p2a: Incineroar\n|move|p2b: Calyrex|Draining Kiss|p1b: Comfey\n|-damage|p1b: Comfey|54\/100\n|-heal|p2b: Calyrex|71\/100|[from] drain|[of] p1b: Comfey\n|\n|upkeep\n|\n|t:|1739431409\n|switch|p2a: Rillaboom|Rillaboom, L50, M|100\/100\n|-fieldstart|move: Grassy Terrain|[from] ability: Grassy Surge|[of] p2a: Rillaboom\n|turn|4\n|\n|t:|1739431422\n|switch|p1b: Incineroar|Incineroar, L50, F|100\/100\n|-ability|p1b: Incineroar|Intimidate|boost\n|-unboost|p2a: Rillaboom|atk|1\n|-unboost|p2b: Calyrex|atk|1\n|move|p2a: Rillaboom|Fake Out|p1a: Terapagos\n|-damage|p1a: Terapagos|86\/100\n|cant|p1a: Terapagos|flinch\n|move|p2b: Calyrex|Astral Barrage|p1b: Incineroar|[spread] p1b\n|-immune|p1a: Terapagos\n|-resisted|p1b: Incineroar\n|-damage|p1b: Incineroar|70\/100\n|\n|-heal|p1b: Incineroar|76\/100|[from] Grassy Terrain\n|-heal|p1a: Terapagos|92\/100|[from] Grassy Terrain\n|-heal|p2b: Calyrex|78\/100|[from] Grassy Terrain\n|upkeep\n|turn|5\n|inactive|Read Book has 30 seconds left.\n|j| Scandic Hamar\n|\n|t:|1739431454\n|switch|p2a: Urshifu|Urshifu-Rapid-Strike, L50, M|100\/100\n|-terastallize|p2b: Calyrex|Fairy\n|move|p1b: Incineroar|Knock Off|p2b: Calyrex\n|-resisted|p2b: Calyrex\n|-damage|p2b: Calyrex|57\/100\n|-enditem|p2b: Calyrex|Covert Cloak|[from] move: Knock Off|[of] p1b: Incineroar\n|move|p1a: Terapagos|Calm Mind|p1a: Terapagos\n|-boost|p1a: Terapagos|spa|1\n|-boost|p1a: Terapagos|spd|1\n|move|p2b: Calyrex|Draining Kiss|p1a: Terapagos\n|-damage|p1a: Terapagos|76\/100\n|-heal|p2b: Calyrex|73\/100|[from] drain|[of] p1a: Terapagos\n|\n|-heal|p1b: Incineroar|82\/100|[from] Grassy Terrain\n|-heal|p1a: Terapagos|82\/100|[from] Grassy Terrain\n|-heal|p2b: Calyrex|79\/100|[from] Grassy Terrain\n|upkeep\n|turn|6\n|\n|t:|1739431479\n|switch|p2a: Rillaboom|Rillaboom, L50, M|100\/100\n|move|p2b: Calyrex|Protect|p2b: Calyrex\n|-singleturn|p2b: Calyrex|Protect\n|move|p1b: Incineroar|Parting Shot|p2a: Rillaboom\n|-unboost|p2a: Rillaboom|atk|1\n|-unboost|p2a: Rillaboom|spa|1\n|\n|t:|1739431489\n|switch|p1b: Sinistcha|Sinistcha, L50|100\/100|[from] Parting Shot\n|-heal|p1a: Terapagos|100\/100|[from] ability: Hospitality|[of] p1b: Sinistcha\n|move|p1a: Terapagos|Tera Starstorm|p2b: Calyrex|[spread] p2a\n|-activate|p2b: Calyrex|move: Protect\n|-damage|p2a: Rillaboom|52\/100\n|\n|-heal|p2a: Rillaboom|58\/100|[from] Grassy Terrain\n|-heal|p2b: Calyrex|85\/100|[from] Grassy Terrain\n|-fieldend|move: Trick Room\n|upkeep\n|turn|7\n|j| Oscar Norris\n|\n|t:|1739431508\n|switch|p1b: Incineroar|Incineroar, L50, F|82\/100\n|-ability|p1b: Incineroar|Intimidate|boost\n|-unboost|p2a: Rillaboom|atk|1\n|-unboost|p2b: Calyrex|atk|1\n|move|p2b: Calyrex|Astral Barrage|p1a: Terapagos|[spread] p1b\n|-immune|p1a: Terapagos\n|-resisted|p1b: Incineroar\n|-damage|p1b: Incineroar|53\/100\n|move|p2a: Rillaboom|U-turn|p1a: Terapagos\n|-damage|p1a: Terapagos|93\/100\n|\n|t:|1739431520\n|switch|p2a: Urshifu|Urshifu-Rapid-Strike, L50, M|100\/100|[from] U-turn\n|move|p1a: Terapagos|Tera Starstorm|p2b: Calyrex|[spread] p2a,p2b\n|-supereffective|p2b: Calyrex\n|-damage|p2a: Urshifu|13\/100\n|-damage|p2b: Calyrex|32\/100\n|\n|-heal|p2a: Urshifu|19\/100|[from] Grassy Terrain\n|-heal|p2b: Calyrex|38\/100|[from] Grassy Terrain\n|-heal|p1a: Terapagos|99\/100|[from] Grassy Terrain\n|-heal|p1b: Incineroar|59\/100|[from] Grassy Terrain\n|upkeep\n|turn|8\n|\n|t:|1739431538\n|move|p1b: Incineroar|Fake Out|p2a: Urshifu\n|-damage|p2a: Urshifu|8\/100\n|cant|p2a: Urshifu|flinch\n|move|p2b: Calyrex|Draining Kiss|p1a: Terapagos\n|-damage|p1a: Terapagos|85\/100\n|-heal|p2b: Calyrex|52\/100|[from] drain|[of] p1a: Terapagos\n|move|p1a: Terapagos|Tera Starstorm|p2b: Calyrex|[spread] p2a,p2b\n|-supereffective|p2b: Calyrex\n|-damage|p2a: Urshifu|0 fnt\n|-damage|p2b: Calyrex|0 fnt\n|faint|p2a: Urshifu\n|faint|p2b: Calyrex\n|\n|-heal|p1a: Terapagos|91\/100|[from] Grassy Terrain\n|-heal|p1b: Incineroar|65\/100|[from] Grassy Terrain\n|-fieldend|move: Grassy Terrain\n|upkeep\n|-message|Read Book forfeited.\n|\n|win|Dv147\n|raw|Dv147's rating: 1596 &rarr; <strong>1614<\/strong><br \/>(+18 for winning)\n|raw|Read Book's rating: 1559 &rarr; <strong>1541<\/strong><br \/>(-18 for losing)\n|l|\u203dRead Book\n|player|p2|\n|l| Scandic Hamar\n|l|\u2606Dv147\n|player|p1|\n|l| Oscar Norris\n","uploadtime":1739431724,"views":15,"formatid":"gen9vgc2025regg","rating":1541,"private":0,"password":null}