{"id":"gen9vgc2025regg-2299000272","format":"[Gen 9] VGC 2025 Reg G","players":["Zakmancho","test-on-calls"],"log":"|j|\u2606Zakmancho\n|j|\u2606test-on-calls\n|t:|1739317045\n|gametype|doubles\n|player|p1|Zakmancho|266|1591\n|player|p2|test-on-calls|266|1657\n|teamsize|p1|6\n|teamsize|p2|6\n|gen|9\n|tier|[Gen 9] VGC 2025 Reg G\n|rated|\n|rule|Species Clause: Limit one of each Pok\u00e9mon\n|rule|Item Clause: Limit 1 of each item\n|clearpoke\n|poke|p1|Koraidon, L50|\n|poke|p1|Chi-Yu, L50|\n|poke|p1|Flutter Mane, L50|\n|poke|p1|Ogerpon-Cornerstone, L50, F|\n|poke|p1|Raging Bolt, L50|\n|poke|p1|Whimsicott, L50, F|\n|poke|p2|Flutter Mane, L50|\n|poke|p2|Groudon, L50|\n|poke|p2|Chi-Yu, L50|\n|poke|p2|Whimsicott, L50, M|\n|poke|p2|Toxapex, L50, F|\n|poke|p2|Zapdos-Galar, L50|\n|teampreview|4\n|inactive|Battle timer is ON: inactive players will automatically lose when time's up. (requested by Zakmancho)\n|inactive|Zakmancho has 60 seconds left.\n|inactive|Zakmancho has 30 seconds left.\n|\n|t:|1739317108\n|start\n|switch|p1a: Whimsicott|Whimsicott, L50, F|100\/100\n|switch|p1b: Raging Bolt|Raging Bolt, L50|100\/100\n|switch|p2a: Whimsicott|Whimsicott, L50, M|100\/100\n|switch|p2b: Groudon|Groudon, L50, shiny|100\/100\n|-weather|SunnyDay|[from] ability: Drought|[of] p2b: Groudon\n|-activate|p1b: Raging Bolt|ability: Protosynthesis\n|-start|p1b: Raging Bolt|protosynthesisspa\n|turn|1\n|\n|t:|1739317121\n|move|p2a: Whimsicott|Tailwind|p2a: Whimsicott\n|-sidestart|p2: test-on-calls|move: Tailwind\n|move|p1a: Whimsicott|Tailwind|p1a: Whimsicott\n|-sidestart|p1: Zakmancho|move: Tailwind\n|move|p2b: Groudon|Precipice Blades|p1a: Whimsicott|[spread] \n|-miss|p2b: Groudon|p1a: Whimsicott\n|-miss|p2b: Groudon|p1b: Raging Bolt\n|move|p1b: Raging Bolt|Draco Meteor|p2b: Groudon\n|-damage|p2b: Groudon|45\/100\n|-unboost|p1b: Raging Bolt|spa|2\n|\n|-weather|SunnyDay|[upkeep]\n|upkeep\n|turn|2\n|c|\u2606test-on-calls|Another game started off with some wack ass shit\n|c|\u2606test-on-calls|Time to log off\n|inactive|test-on-calls has 30 seconds left.\n|\n|t:|1739317146\n|move|p1a: Whimsicott|Encore|p2a: Whimsicott\n|-start|p2a: Whimsicott|Encore\n|move|p2a: Whimsicott|Tailwind||[still]\n|-fail|p2a: Whimsicott\n|move|p2b: Groudon|Precipice Blades|p1b: Raging Bolt|[spread] p1a,p1b\n|-resisted|p1a: Whimsicott\n|-supereffective|p1b: Raging Bolt\n|-damage|p1a: Whimsicott|60\/100\n|-damage|p1b: Raging Bolt|19\/100\n|move|p1b: Raging Bolt|Draco Meteor|p2b: Groudon\n|-damage|p2b: Groudon|18\/100\n|-unboost|p1b: Raging Bolt|spa|2\n|\n|-weather|SunnyDay|[upkeep]\n|upkeep\n|turn|3\n|\n|t:|1739317168\n|switch|p2a: Flutter Mane|Flutter Mane, L50, shiny|100\/100\n|-activate|p2a: Flutter Mane|ability: Protosynthesis\n|-start|p2a: Flutter Mane|protosynthesisspe\n|move|p1a: Whimsicott|Moonblast|p2b: Groudon\n|-damage|p2b: Groudon|0 fnt\n|faint|p2b: Groudon\n|move|p1b: Raging Bolt|Draco Meteor|p2a: Flutter Mane\n|-immune|p2a: Flutter Mane\n|\n|-weather|SunnyDay|[upkeep]\n|upkeep\n|\n|t:|1739317178\n|switch|p2b: Whimsicott|Whimsicott, L50, M|100\/100\n|turn|4\n|\n|t:|1739317194\n|-terastallize|p2a: Flutter Mane|Fairy\n|move|p1b: Raging Bolt|Thunderclap|p2a: Flutter Mane\n|-damage|p2a: Flutter Mane|85\/100\n|move|p2a: Flutter Mane|Dazzling Gleam|p1b: Raging Bolt|[spread] p1a,p1b\n|-supereffective|p1b: Raging Bolt\n|-damage|p1a: Whimsicott|0 fnt\n|-damage|p1b: Raging Bolt|0 fnt\n|faint|p1a: Whimsicott\n|faint|p1b: Raging Bolt\n|-end|p1b: Raging Bolt|Protosynthesis|[silent]\n|move|p2b: Whimsicott|Moonblast|p1: Whimsicott|[notarget]\n|-fail|p2b: Whimsicott\n|\n|-weather|SunnyDay|[upkeep]\n|-sideend|p1: Zakmancho|move: Tailwind\n|-sideend|p2: test-on-calls|move: Tailwind\n|upkeep\n|\n|t:|1739317203\n|switch|p1a: Koraidon|Koraidon, L50|100\/100\n|switch|p1b: Ogerpon|Ogerpon-Cornerstone, L50, F|100\/100\n|-activate|p1a: Koraidon|ability: Orichalcum Pulse\n|turn|5\n|\n|t:|1739317220\n|-terastallize|p1a: Koraidon|Fire\n|move|p1b: Ogerpon|Spiky Shield|p1b: Ogerpon\n|-singleturn|p1b: Ogerpon|move: Protect\n|move|p2a: Flutter Mane|Dazzling Gleam|p1a: Koraidon|[spread] p1a\n|-activate|p1b: Ogerpon|move: Protect\n|-resisted|p1a: Koraidon\n|-damage|p1a: Koraidon|68\/100\n|move|p1a: Koraidon|Flare Blitz|p2a: Flutter Mane\n|-damage|p2a: Flutter Mane|0 fnt\n|faint|p2a: Flutter Mane\n|-end|p2a: Flutter Mane|Protosynthesis|[silent]\n|-damage|p1a: Koraidon|45\/100|[from] Recoil\n|move|p2b: Whimsicott|Moonblast|p1b: Ogerpon\n|-activate|p1b: Ogerpon|move: Protect\n|\n|-weather|none\n|upkeep\n|\n|t:|1739317222\n|switch|p2a: Chi-Yu|Chi-Yu, L50|100\/100\n|-ability|p2a: Chi-Yu|Beads of Ruin\n|turn|6\n|inactive|Zakmancho has 30 seconds left.\n|inactive|Zakmancho has 20 seconds left.\n|\n|t:|1739317260\n|move|p2b: Whimsicott|Encore|p1b: Ogerpon\n|-start|p1b: Ogerpon|Encore\n|move|p2a: Chi-Yu|Dark Pulse|p1a: Koraidon\n|-damage|p1a: Koraidon|0 fnt\n|faint|p1a: Koraidon\n|move|p1b: Ogerpon|Spiky Shield||[still]\n|-fail|p1b: Ogerpon\n|\n|upkeep\n|turn|7\n|-message|Zakmancho forfeited.\n|\n|win|test-on-calls\n|raw|Zakmancho's rating: 1591 &rarr; <strong>1575<\/strong><br \/>(-16 for losing)\n|raw|test-on-calls's rating: 1657 &rarr; <strong>1673<\/strong><br \/>(+16 for winning)\n|l|\u2606Zakmancho\n|player|p1|\n|l|\u2606test-on-calls\n|player|p2|\n","uploadtime":1739317528,"views":7,"formatid":"gen9vgc2025regg","rating":1575,"private":0,"password":null}