{"id":"gen9vgc2025regg-2299513088","format":"[Gen 9] VGC 2025 Reg G","players":["Bef6","longhq"],"log":"|j|\u2606Bef6\n|j|\u2606longhq\n|t:|1739386420\n|gametype|doubles\n|player|p1|Bef6|lucas|1847\n|player|p2|longhq|dawn|1561\n|teamsize|p1|6\n|teamsize|p2|6\n|gen|9\n|tier|[Gen 9] VGC 2025 Reg G\n|rated|\n|rule|Species Clause: Limit one of each Pok\u00e9mon\n|rule|Item Clause: Limit 1 of each item\n|clearpoke\n|poke|p1|Lunala, L50|\n|poke|p1|Indeedee-F, L50, F|\n|poke|p1|Tornadus, L50, M|\n|poke|p1|Ursaluna, L50, F|\n|poke|p1|Chi-Yu, L50|\n|poke|p1|Iron Bundle, L50|\n|poke|p2|Raging Bolt, L50|\n|poke|p2|Koraidon, L50|\n|poke|p2|Indeedee-F, L50, F|\n|poke|p2|Kingambit, L50, F|\n|poke|p2|Jumpluff, L50, F|\n|poke|p2|Ogerpon-Wellspring, L50, F|\n|teampreview|4\n|j| playrornds\n|l| playrornds\n|\n|t:|1739386477\n|start\n|switch|p1a: Tornadus|Tornadus, L50, M|100\/100\n|switch|p1b: Ursaluna|Ursaluna, L50, F|100\/100\n|switch|p2a: Koraidon|Koraidon, L50|100\/100\n|switch|p2b: Ogerpon|Ogerpon-Wellspring, L50, F|100\/100\n|-weather|SunnyDay|[from] ability: Orichalcum Pulse|[of] p2a: Koraidon\n|-activate|p2a: Koraidon|Orichalcum Pulse|[source]\n|turn|1\n|j| DonShitDozo\n|l| DonShitDozo\n|j| aq12345\n|\n|t:|1739386505\n|move|p1a: Tornadus|Protect|p1a: Tornadus\n|-singleturn|p1a: Tornadus|Protect\n|move|p1b: Ursaluna|Protect|p1b: Ursaluna\n|-singleturn|p1b: Ursaluna|Protect\n|move|p2a: Koraidon|Breaking Swipe|p1a: Tornadus|[spread] \n|-activate|p1a: Tornadus|move: Protect\n|-activate|p1b: Ursaluna|move: Protect\n|move|p2b: Ogerpon|Ivy Cudgel|p1a: Tornadus|[anim] Ivy Cudgel Water\n|-activate|p1a: Tornadus|move: Protect\n|\n|-weather|SunnyDay|[upkeep]\n|-status|p1b: Ursaluna|brn|[from] item: Flame Orb\n|upkeep\n|turn|2\n|l| aq12345\n|\n|t:|1739386534\n|move|p1a: Tornadus|Tailwind|p1a: Tornadus\n|-sidestart|p1: Bef6|move: Tailwind\n|move|p2a: Koraidon|Breaking Swipe|p1a: Tornadus|[spread] p1a,p1b\n|-damage|p1a: Tornadus|33\/100\n|-damage|p1b: Ursaluna|66\/100 brn\n|-unboost|p1a: Tornadus|atk|1\n|-unboost|p1b: Ursaluna|atk|1\n|move|p1b: Ursaluna|Facade|p2b: Ogerpon\n|-damage|p2b: Ogerpon|20\/100\n|move|p2b: Ogerpon|Horn Leech|p1b: Ursaluna\n|-supereffective|p1b: Ursaluna\n|-damage|p1b: Ursaluna|9\/100 brn\n|-heal|p2b: Ogerpon|54\/100|[from] drain|[of] p1b: Ursaluna\n|\n|-weather|SunnyDay|[upkeep]\n|-damage|p1b: Ursaluna|3\/100 brn|[from] brn\n|upkeep\n|turn|3\n|\n|t:|1739386557\n|switch|p1b: Indeedee|Indeedee-F, L50, F|100\/100\n|-fieldstart|move: Psychic Terrain|[from] ability: Psychic Surge|[of] p1b: Indeedee\n|-terastallize|p2a: Koraidon|Fire\n|move|p2b: Ogerpon|Spiky Shield|p2b: Ogerpon\n|-singleturn|p2b: Ogerpon|move: Protect\n|move|p1a: Tornadus|Bleakwind Storm|p2b: Ogerpon|[spread] p2a\n|-activate|p2b: Ogerpon|move: Protect\n|-crit|p2a: Koraidon\n|-damage|p2a: Koraidon|39\/100\n|-unboost|p2a: Koraidon|spe|1\n|move|p2a: Koraidon|Breaking Swipe|p1a: Tornadus|[spread] p1a,p1b\n|-damage|p1a: Tornadus|0 fnt\n|-damage|p1b: Indeedee|56\/100\n|-unboost|p1b: Indeedee|atk|1\n|-damage|p2a: Koraidon|23\/100|[from] item: Rocky Helmet|[of] p1b: Indeedee\n|faint|p1a: Tornadus\n|\n|-weather|SunnyDay|[upkeep]\n|upkeep\n|\n|t:|1739386566\n|switch|p1a: Lunala|Lunala, L50|100\/100\n|turn|4\n|\n|t:|1739386577\n|switch|p2a: Kingambit|Kingambit, L50, F|100\/100\n|move|p1b: Indeedee|Helping Hand|p1a: Lunala\n|-singleturn|p1a: Lunala|Helping Hand|[of] p1b: Indeedee\n|move|p1a: Lunala|Expanding Force|p2a: Kingambit|[spread] p2b\n|-immune|p2a: Kingambit\n|-damage|p2b: Ogerpon|0 fnt\n|faint|p2b: Ogerpon\n|\n|-weather|SunnyDay|[upkeep]\n|upkeep\n|\n|t:|1739386587\n|switch|p2b: Jumpluff|Jumpluff, L50, F|100\/100\n|turn|5\n|\n|t:|1739386642\n|-terastallize|p1b: Indeedee|Dragon\n|move|p1b: Indeedee|Follow Me|p1b: Indeedee\n|-singleturn|p1b: Indeedee|move: Follow Me\n|move|p2b: Jumpluff|Sleep Powder|p1b: Indeedee|[miss]\n|-miss|p2b: Jumpluff|p1b: Indeedee\n|move|p1a: Lunala|Meteor Beam||[still]\n|-prepare|p1a: Lunala|Meteor Beam\n|-boost|p1a: Lunala|spa|1\n|-enditem|p1a: Lunala|Power Herb\n|-anim|p1a: Lunala|Meteor Beam|p2b: Jumpluff\n|-supereffective|p2b: Jumpluff\n|-enditem|p2b: Jumpluff|Focus Sash\n|-damage|p2b: Jumpluff|1\/100\n|move|p2a: Kingambit|Iron Head|p1b: Indeedee\n|-damage|p1b: Indeedee|15\/100\n|-damage|p2a: Kingambit|84\/100|[from] item: Rocky Helmet|[of] p1b: Indeedee\n|\n|-weather|none\n|-sideend|p1: Bef6|move: Tailwind\n|upkeep\n|turn|6\n|\n|t:|1739386698\n|move|p2a: Kingambit|Protect|p2a: Kingambit\n|-singleturn|p2a: Kingambit|Protect\n|move|p1b: Indeedee|Follow Me|p1b: Indeedee\n|-singleturn|p1b: Indeedee|move: Follow Me\n|move|p2b: Jumpluff|Sleep Powder|p1b: Indeedee\n|-status|p1b: Indeedee|slp|[from] move: Sleep Powder\n|move|p1a: Lunala|Moongeist Beam|p2b: Jumpluff\n|-damage|p2b: Jumpluff|0 fnt\n|faint|p2b: Jumpluff\n|\n|upkeep\n|\n|t:|1739386708\n|switch|p2b: Koraidon|Koraidon, L50, tera:Fire|23\/100\n|-weather|SunnyDay|[from] ability: Orichalcum Pulse|[of] p2b: Koraidon\n|-activate|p2b: Koraidon|Orichalcum Pulse|[source]\n|turn|7\n|\n|t:|1739386741\n|cant|p1b: Indeedee|slp\n|move|p2b: Koraidon|Breaking Swipe|p1b: Indeedee|[spread] p1a,p1b\n|-supereffective|p1b: Indeedee\n|-damage|p1a: Lunala|83\/100\n|-damage|p1b: Indeedee|0 fnt\n|-unboost|p1a: Lunala|atk|1\n|-damage|p2b: Koraidon|6\/100|[from] item: Rocky Helmet|[of] p1b: Indeedee\n|faint|p1b: Indeedee\n|move|p1a: Lunala|Moongeist Beam|p2a: Kingambit\n|-resisted|p2a: Kingambit\n|-damage|p2a: Kingambit|44\/100\n|move|p2a: Kingambit|Kowtow Cleave|p1a: Lunala\n|-supereffective|p1a: Lunala\n|-damage|p1a: Lunala|0 fnt\n|faint|p1a: Lunala\n|\n|-weather|SunnyDay|[upkeep]\n|-fieldend|move: Psychic Terrain\n|upkeep\n|-message|Bef6 forfeited.\n|\n|win|longhq\n|raw|Bef6's rating: 1847 &rarr; <strong>1813<\/strong><br \/>(-34 for losing)\n|raw|longhq's rating: 1561 &rarr; <strong>1595<\/strong><br \/>(+34 for winning)\n|l|\u2606Bef6\n|player|p1|\n|l|\u2606longhq\n|player|p2|\n","uploadtime":1739386959,"views":35,"formatid":"gen9vgc2025regg","rating":1595,"private":0,"password":null}