{"id":"gen9vgc2025regg-2299805062","format":"[Gen 9] VGC 2025 Reg G","players":["GubbsVGC","cilan123"],"log":"|j|\u2606GubbsVGC\n|j|\u2606cilan123\n|t:|1739420516\n|gametype|doubles\n|player|p1|GubbsVGC|101|1587\n|player|p2|cilan123|cilan|1628\n|teamsize|p1|6\n|teamsize|p2|6\n|gen|9\n|tier|[Gen 9] VGC 2025 Reg G\n|rated|\n|rule|Species Clause: Limit one of each Pok\u00e9mon\n|rule|Item Clause: Limit 1 of each item\n|clearpoke\n|poke|p1|Blaziken, L50, F|\n|poke|p1|Miraidon, L50|\n|poke|p1|Kingambit, L50, M|\n|poke|p1|Ninetales-Alola, L50, M|\n|poke|p1|Iron Treads, L50|\n|poke|p1|Ogerpon-Wellspring, L50, F|\n|poke|p2|Groudon, L50|\n|poke|p2|Ogerpon-Cornerstone, L50, F|\n|poke|p2|Raging Bolt, L50|\n|poke|p2|Farigiraf, L50, M|\n|poke|p2|Walking Wake, L50|\n|poke|p2|Gouging Fire, L50|\n|teampreview|4\n|j| ChilledLotusA\n|inactive|Battle timer is ON: inactive players will automatically lose when time's up. (requested by GubbsVGC)\n|j| Iamsliverfish\n|\n|t:|1739420580\n|start\n|switch|p1a: Blaziken|Blaziken, L50, F|100\/100\n|switch|p1b: Ogerpon|Ogerpon-Wellspring, L50, F|100\/100\n|switch|p2a: Ogerpon|Ogerpon-Cornerstone, L50, F|100\/100\n|switch|p2b: Gouging Fire|Gouging Fire, L50|100\/100\n|turn|1\n|inactive|GubbsVGC has 30 seconds left.\n|\n|t:|1739420610\n|move|p2a: Ogerpon|Ivy Cudgel|p1b: Ogerpon|[anim] Ivy Cudgel Rock\n|-crit|p1b: Ogerpon\n|-damage|p1b: Ogerpon|3\/100\n|move|p2b: Gouging Fire|Breaking Swipe|p1a: Blaziken|[spread] p1a,p1b\n|-damage|p1a: Blaziken|58\/100\n|-damage|p1b: Ogerpon|0 fnt\n|faint|p1b: Ogerpon\n|move|p1a: Blaziken|Close Combat|p2a: Ogerpon\n|-supereffective|p2a: Ogerpon\n|-ability|p2a: Ogerpon|Sturdy\n|-damage|p2a: Ogerpon|1\/100\n|-unboost|p1a: Blaziken|def|1\n|-unboost|p1a: Blaziken|spd|1\n|\n|-ability|p1a: Blaziken|Speed Boost|boost\n|-boost|p1a: Blaziken|spe|1\n|upkeep\n|j| mr pogostick\n|inactive|GubbsVGC has 30 seconds left.\n|\n|t:|1739420639\n|switch|p1b: Miraidon|Miraidon, L50|100\/100\n|-fieldstart|move: Electric Terrain|[from] ability: Hadron Engine|[of] p1b: Miraidon\n|turn|2\n|\n|t:|1739420655\n|move|p2a: Ogerpon|Follow Me|p2a: Ogerpon\n|-singleturn|p2a: Ogerpon|move: Follow Me\n|move|p1a: Blaziken|Close Combat|p2a: Ogerpon\n|-supereffective|p2a: Ogerpon\n|-damage|p2a: Ogerpon|0 fnt\n|-unboost|p1a: Blaziken|def|1\n|-unboost|p1a: Blaziken|spd|1\n|faint|p2a: Ogerpon\n|move|p1b: Miraidon|Draco Meteor|p2b: Gouging Fire\n|-supereffective|p2b: Gouging Fire\n|-damage|p2b: Gouging Fire|0 fnt\n|-unboost|p1b: Miraidon|spa|2\n|faint|p2b: Gouging Fire\n|-end|p2b: Gouging Fire|Protosynthesis|[silent]\n|\n|-ability|p1a: Blaziken|Speed Boost|boost\n|-boost|p1a: Blaziken|spe|1\n|upkeep\n|\n|t:|1739420668\n|switch|p2a: Raging Bolt|Raging Bolt, L50|100\/100\n|switch|p2b: saquon|Groudon, L50|100\/100\n|-weather|SunnyDay|[from] ability: Drought|[of] p2b: saquon\n|-activate|p2a: Raging Bolt|ability: Protosynthesis\n|-start|p2a: Raging Bolt|protosynthesisspa\n|turn|3\n|inactive|GubbsVGC has 30 seconds left.\n|\n|t:|1739420695\n|switch|p1b: Ninetales|Ninetales-Alola, L50, M|100\/100\n|-weather|Snow|[from] ability: Snow Warning|[of] p1b: Ninetales\n|-end|p2a: Raging Bolt|Protosynthesis\n|move|p1a: Blaziken|Protect|p1a: Blaziken\n|-singleturn|p1a: Blaziken|Protect\n|move|p2a: Raging Bolt|Thunderclap||[still]\n|-fail|p2a: Raging Bolt\n|move|p2b: saquon|Precipice Blades|p1b: Ninetales|[spread] p1b\n|-activate|p1a: Blaziken|move: Protect\n|-damage|p1b: Ninetales|46\/100\n|\n|-weather|Snow|[upkeep]\n|-ability|p1a: Blaziken|Speed Boost|boost\n|-boost|p1a: Blaziken|spe|1\n|upkeep\n|turn|4\n|inactive|GubbsVGC has 30 seconds left.\n|inactive|GubbsVGC has 20 seconds left.\n|inactive|cilan123 has 30 seconds left.\n|inactive|GubbsVGC has 15 seconds left.\n|inactive|cilan123 has 20 seconds left.\n|\n|t:|1739420741\n|move|p2a: Raging Bolt|Thunderclap|p1b: Ninetales\n|-damage|p1b: Ninetales|0 fnt\n|faint|p1b: Ninetales\n|-damage|p2a: Raging Bolt|90\/100|[from] item: Life Orb\n|move|p1a: Blaziken|Close Combat|p2a: Raging Bolt\n|-damage|p2a: Raging Bolt|35\/100\n|-unboost|p1a: Blaziken|def|1\n|-unboost|p1a: Blaziken|spd|1\n|move|p2b: saquon|Thunder Punch|p1a: Blaziken\n|-crit|p1a: Blaziken\n|-damage|p1a: Blaziken|0 fnt\n|faint|p1a: Blaziken\n|\n|-weather|Snow|[upkeep]\n|upkeep\n|\n|t:|1739420757\n|switch|p1b: Miraidon|Miraidon, L50|100\/100\n|-activate|p1b: Miraidon|ability: Hadron Engine\n|turn|5\n|\n|t:|1739420770\n|-terastallize|p1b: Miraidon|Fairy\n|move|p2a: Raging Bolt|Thunderclap|p1b: Miraidon\n|-damage|p1b: Miraidon|46\/100\n|-damage|p2a: Raging Bolt|25\/100|[from] item: Life Orb\n|move|p1b: Miraidon|Dazzling Gleam|p2b: saquon|[spread] p2a,p2b\n|-supereffective|p2a: Raging Bolt\n|-damage|p2a: Raging Bolt|0 fnt\n|-damage|p2b: saquon|76\/100\n|faint|p2a: Raging Bolt\n|-end|p2a: Raging Bolt|Protosynthesis|[silent]\n|move|p2b: saquon|Precipice Blades|p1b: Miraidon\n|-damage|p1b: Miraidon|0 fnt\n|faint|p1b: Miraidon\n|\n|win|cilan123\n|raw|GubbsVGC's rating: 1587 &rarr; <strong>1569<\/strong><br \/>(-18 for losing)\n|raw|cilan123's rating: 1628 &rarr; <strong>1646<\/strong><br \/>(+18 for winning)\n|l| mr pogostick\n|l|\u2606GubbsVGC\n|player|p1|\n|l|\u2606cilan123\n|player|p2|\n|l| Iamsliverfish\n|l| ChilledLotusA\n","uploadtime":1739420958,"views":9,"formatid":"gen9vgc2025regg","rating":1569,"private":0,"password":null}