{"id":"gen9vgc2025regg-2299454575","format":"[Gen 9] VGC 2025 Reg G","players":["PokemonBreederJoey","Kunikamaze"],"log":"|j|\u2606PokemonBreederJoey\n|j|\u2606Kunikamaze\n|t:|1739380848\n|gametype|doubles\n|player|p1|PokemonBreederJoey|2|1590\n|player|p2|Kunikamaze|1|1565\n|teamsize|p1|6\n|teamsize|p2|6\n|gen|9\n|tier|[Gen 9] VGC 2025 Reg G\n|rated|\n|rule|Species Clause: Limit one of each Pok\u00e9mon\n|rule|Item Clause: Limit 1 of each item\n|clearpoke\n|poke|p1|Ursaluna-Bloodmoon, L50, M|\n|poke|p1|Farigiraf, L50, F|\n|poke|p1|Urshifu-*, L50, F|\n|poke|p1|Rillaboom, L50, F|\n|poke|p1|Calyrex-Ice, L50|\n|poke|p1|Umbreon, L50, F|\n|poke|p2|Miraidon, L50|\n|poke|p2|Iron Bundle, L50|\n|poke|p2|Iron Hands, L50|\n|poke|p2|Dragonite, L50, M|\n|poke|p2|Dondozo, L50, F|\n|poke|p2|Tatsugiri, L50, F|\n|teampreview|4\n|\n|t:|1739380883\n|start\n|switch|p1a: Rillaboom|Rillaboom, L50, F|100\/100\n|switch|p1b: Calyrex|Calyrex-Ice, L50|100\/100\n|switch|p2a: Miraidon|Miraidon, L50|100\/100\n|switch|p2b: Iron Hands|Iron Hands, L50|100\/100\n|-ability|p1b: Calyrex|As One\n|-ability|p1b: Calyrex|Unnerve\n|-fieldstart|move: Electric Terrain|[from] ability: Hadron Engine|[of] p2a: Miraidon\n|-activate|p2b: Iron Hands|ability: Quark Drive\n|-start|p2b: Iron Hands|quarkdriveatk\n|-fieldstart|move: Grassy Terrain|[from] ability: Grassy Surge|[of] p1a: Rillaboom\n|-end|p2b: Iron Hands|Quark Drive\n|turn|1\n|\n|t:|1739380910\n|move|p1a: Rillaboom|Fake Out|p2b: Iron Hands\n|-damage|p2b: Iron Hands|91\/100\n|cant|p2b: Iron Hands|flinch\n|move|p2a: Miraidon|Volt Switch|p1b: Calyrex\n|-damage|p1b: Calyrex|63\/100\n|\n|t:|1739380912\n|switch|p2a: Dondozo|Dondozo, L50, F|100\/100|[from] Volt Switch\n|move|p1b: Calyrex|Trick Room|p1b: Calyrex\n|-fieldstart|move: Trick Room|[of] p1b: Calyrex\n|\n|-heal|p2b: Iron Hands|98\/100|[from] Grassy Terrain\n|-heal|p1b: Calyrex|69\/100|[from] Grassy Terrain\n|upkeep\n|turn|2\n|\n|t:|1739380932\n|-terastallize|p2b: Iron Hands|Bug\n|move|p2a: Dondozo|Protect|p2a: Dondozo\n|-singleturn|p2a: Dondozo|Protect\n|move|p2b: Iron Hands|Low Kick|p1b: Calyrex\n|-damage|p1b: Calyrex|26\/100\n|move|p1b: Calyrex|High Horsepower|p2b: Iron Hands\n|-resisted|p2b: Iron Hands\n|-damage|p2b: Iron Hands|83\/100\n|move|p1a: Rillaboom|U-turn|p2a: Dondozo\n|-activate|p2a: Dondozo|move: Protect\n|\n|-heal|p2b: Iron Hands|89\/100|[from] Grassy Terrain\n|-heal|p1b: Calyrex|32\/100|[from] Grassy Terrain\n|upkeep\n|turn|3\n|\n|t:|1739380960\n|switch|p2a: Miraidon|Miraidon, L50|100\/100\n|-fieldstart|move: Electric Terrain|[from] ability: Hadron Engine|[of] p2a: Miraidon\n|-activate|p2b: Iron Hands|ability: Quark Drive\n|-start|p2b: Iron Hands|quarkdriveatk\n|move|p2b: Iron Hands|Low Kick|p1b: Calyrex\n|-damage|p1b: Calyrex|0 fnt\n|faint|p1b: Calyrex\n|move|p1a: Rillaboom|U-turn|p2a: Miraidon\n|-damage|p2a: Miraidon|77\/100\n|\n|t:|1739380971\n|switch|p1a: Urshifu|Urshifu, L50, F|100\/100|[from] U-turn\n|\n|upkeep\n|\n|t:|1739380973\n|switch|p1b: Rillaboom|Rillaboom, L50, F|100\/100\n|-fieldstart|move: Grassy Terrain|[from] ability: Grassy Surge|[of] p1b: Rillaboom\n|-end|p2b: Iron Hands|Quark Drive\n|turn|4\n|\n|t:|1739380986\n|move|p1b: Rillaboom|Fake Out|p2b: Iron Hands\n|-damage|p2b: Iron Hands|79\/100\n|cant|p2b: Iron Hands|flinch\n|move|p1a: Urshifu|Wicked Blow|p2a: Miraidon\n|-crit|p2a: Miraidon\n|-damage|p2a: Miraidon|16\/100\n|move|p2a: Miraidon|Dazzling Gleam|p1a: Urshifu|[spread] p1a,p1b\n|-supereffective|p1a: Urshifu\n|-enditem|p1a: Urshifu|Focus Sash\n|-damage|p1a: Urshifu|1\/100\n|-damage|p1b: Rillaboom|77\/100\n|\n|-heal|p2b: Iron Hands|85\/100|[from] Grassy Terrain\n|-heal|p1b: Rillaboom|83\/100|[from] Grassy Terrain\n|-heal|p1a: Urshifu|7\/100|[from] Grassy Terrain\n|-heal|p2a: Miraidon|23\/100|[from] Grassy Terrain\n|upkeep\n|turn|5\n|inactive|Battle timer is ON: inactive players will automatically lose when time's up. (requested by Kunikamaze)\n|\n|t:|1739381004\n|move|p2b: Iron Hands|Low Kick|p1b: Rillaboom\n|-damage|p1b: Rillaboom|39\/100\n|move|p1b: Rillaboom|Wood Hammer|p2b: Iron Hands\n|-resisted|p2b: Iron Hands\n|-crit|p2b: Iron Hands\n|-damage|p2b: Iron Hands|43\/100\n|-damage|p1b: Rillaboom|23\/100|[from] Recoil\n|move|p1a: Urshifu|Wicked Blow|p2b: Iron Hands\n|-crit|p2b: Iron Hands\n|-damage|p2b: Iron Hands|0 fnt\n|faint|p2b: Iron Hands\n|-end|p2b: Iron Hands|Quark Drive|[silent]\n|move|p2a: Miraidon|Dazzling Gleam|p1b: Rillaboom|[spread] p1a,p1b\n|-supereffective|p1a: Urshifu\n|-damage|p1a: Urshifu|0 fnt\n|-damage|p1b: Rillaboom|0 fnt\n|faint|p1a: Urshifu\n|faint|p1b: Rillaboom\n|\n|-heal|p2a: Miraidon|29\/100|[from] Grassy Terrain\n|-fieldend|move: Trick Room\n|upkeep\n|\n|t:|1739381011\n|switch|p1a: Umbreon|Umbreon, L50, F|100\/100\n|switch|p2b: Dondozo|Dondozo, L50, F|100\/100\n|turn|6\n|\n|t:|1739381025\n|switch|p2a: Tatsugiri|Tatsugiri, L50, F|100\/100\n|-activate|p2a: Tatsugiri|ability: Commander|[of] p2b: Dondozo\n|-boost|p2b: Dondozo|atk|2\n|-boost|p2b: Dondozo|spa|2\n|-boost|p2b: Dondozo|spe|2\n|-boost|p2b: Dondozo|def|2\n|-boost|p2b: Dondozo|spd|2\n|-terastallize|p1a: Umbreon|Fairy\n|move|p2b: Dondozo|Wave Crash|p1a: Umbreon\n|-damage|p1a: Umbreon|8\/100\n|-damage|p2b: Dondozo|73\/100|[from] Recoil\n|-damage|p2b: Dondozo|63\/100|[from] item: Life Orb\n|move|p1a: Umbreon|Skill Swap|p2b: Dondozo\n|-activate|p1a: Umbreon|move: Skill Swap|Unaware|Inner Focus|[of] p2b: Dondozo\n|\n|-heal|p2b: Dondozo|70\/100|[from] Grassy Terrain\n|-heal|p1a: Umbreon|14\/100|[from] Grassy Terrain\n|-heal|p1a: Umbreon|20\/100|[from] item: Leftovers\n|upkeep\n|turn|7\n|\n|t:|1739381036\n|move|p2b: Dondozo|Wave Crash|p1a: Umbreon\n|-damage|p1a: Umbreon|0 fnt\n|faint|p1a: Umbreon\n|-damage|p2b: Dondozo|64\/100|[from] Recoil\n|-damage|p2b: Dondozo|54\/100|[from] item: Life Orb\n|\n|win|Kunikamaze\n|raw|PokemonBreederJoey's rating: 1590 &rarr; <strong>1569<\/strong><br \/>(-21 for losing)\n|raw|Kunikamaze's rating: 1565 &rarr; <strong>1586<\/strong><br \/>(+21 for winning)\n|l|\u2606PokemonBreederJoey\n|player|p1|\n|l|\u2606Kunikamaze\n|player|p2|\n","uploadtime":1739381250,"views":5,"formatid":"gen9vgc2025regg","rating":1569,"private":0,"password":null}