{"id":"gen9vgc2025regg-2299632442","format":"[Gen 9] VGC 2025 Reg G","players":["chiefclarko11","chappell murkroan"],"log":"|j|\u2606chiefclarko11\n|j|\u2606chappell murkroan\n|t:|1739398504\n|gametype|doubles\n|player|p1|chiefclarko11|102|1686\n|player|p2|chappell murkroan|caitlin|1703\n|teamsize|p1|6\n|teamsize|p2|6\n|gen|9\n|tier|[Gen 9] VGC 2025 Reg G\n|rated|\n|rule|Species Clause: Limit one of each Pok\u00e9mon\n|rule|Item Clause: Limit 1 of each item\n|clearpoke\n|poke|p1|Terapagos, L50, M|\n|poke|p1|Grimmsnarl, L50, M|\n|poke|p1|Urshifu-*, L50, F|\n|poke|p1|Iron Hands, L50|\n|poke|p1|Flutter Mane, L50|\n|poke|p1|Chi-Yu, L50|\n|poke|p2|Slowking, L50, M|\n|poke|p2|Weezing-Galar, L50, F|\n|poke|p2|Baxcalibur, L50, F|\n|poke|p2|Kyogre, L50|\n|poke|p2|Indeedee-F, L50, F|\n|poke|p2|Smeargle, L50, F|\n|teampreview|4\n|inactive|Battle timer is ON: inactive players will automatically lose when time's up. (requested by chappell murkroan)\n|j| senorpinky14\n|inactive|chiefclarko11 has 60 seconds left.\n|inactive|chappell murkroan has 60 seconds left.\n|j| Samevgcmons\n|j| Albread\n|\n|t:|1739398551\n|start\n|switch|p1a: Iron Hands|Iron Hands, L50|100\/100\n|switch|p1b: Urshifu|Urshifu-Rapid-Strike, L50, F|100\/100\n|switch|p2a: Kyogre|Kyogre, L50|100\/100\n|switch|p2b: Indeedee|Indeedee-F, L50, F|100\/100\n|-weather|RainDance|[from] ability: Drizzle|[of] p2a: Kyogre\n|-fieldstart|move: Psychic Terrain|[from] ability: Psychic Surge|[of] p2b: Indeedee\n|turn|1\n|l| Albread\n|\n|t:|1739398571\n|-terastallize|p2a: Kyogre|Water\n|-terastallize|p1a: Iron Hands|Grass\n|move|p2b: Indeedee|Follow Me|p2b: Indeedee\n|-singleturn|p2b: Indeedee|move: Follow Me\n|move|p2a: Kyogre|Water Spout|p1a: Iron Hands|[spread] p1a,p1b\n|-resisted|p1a: Iron Hands\n|-resisted|p1b: Urshifu\n|-damage|p1a: Iron Hands|71\/100\n|-damage|p1b: Urshifu|10\/100\n|move|p1b: Urshifu|U-turn|p2b: Indeedee\n|-supereffective|p2b: Indeedee\n|-damage|p2b: Indeedee|40\/100\n|-damage|p1b: Urshifu|0 fnt|[from] item: Rocky Helmet|[of] p2b: Indeedee\n|faint|p1b: Urshifu\n|move|p1a: Iron Hands|Wild Charge|p2b: Indeedee\n|-damage|p2b: Indeedee|0 fnt\n|-damage|p1a: Iron Hands|55\/100|[from] item: Rocky Helmet|[of] p2b: Indeedee\n|faint|p2b: Indeedee\n|-damage|p1a: Iron Hands|47\/100|[from] Recoil\n|\n|-weather|RainDance|[upkeep]\n|upkeep\n|\n|t:|1739398594\n|switch|p1b: Terapagos|Terapagos, L50, M|100\/100\n|switch|p2b: Baxcalibur|Baxcalibur, L50, F|100\/100\n|-activate|p1b: Terapagos|ability: Tera Shift\n|detailschange|p1b: Terapagos|Terapagos-Terastal, L50, M\n|-heal|p1b: Terapagos|100\/100|[silent]\n|turn|2\n|\n|t:|1739398603\n|move|p2a: Kyogre|Water Spout|p1b: Terapagos|[spread] p1a,p1b\n|-resisted|p1a: Iron Hands\n|-crit|p1a: Iron Hands\n|-activate|p1b: Terapagos|ability: Tera Shell\n|-resisted|p1b: Terapagos\n|-damage|p1a: Iron Hands|0 fnt\n|-damage|p1b: Terapagos|50\/100\n|faint|p1a: Iron Hands\n|-end|p1a: Iron Hands|Quark Drive|[silent]\n|move|p2b: Baxcalibur|Icicle Spear|p1b: Terapagos\n|-damage|p1b: Terapagos|38\/100\n|-damage|p1b: Terapagos|26\/100\n|-damage|p1b: Terapagos|15\/100\n|-damage|p1b: Terapagos|3\/100\n|-hitcount|p1b: Terapagos|4\n|move|p1b: Terapagos|Tera Starstorm|p2a: Kyogre\n|-damage|p2a: Kyogre|58\/100\n|\n|-weather|RainDance|[upkeep]\n|-heal|p1b: Terapagos|9\/100|[from] item: Leftovers\n|upkeep\n|\n|t:|1739398610\n|switch|p1a: Flutter Mane|Flutter Mane, L50|100\/100\n|-enditem|p1a: Flutter Mane|Booster Energy\n|-activate|p1a: Flutter Mane|ability: Protosynthesis|[fromitem]\n|-start|p1a: Flutter Mane|protosynthesisspe\n|turn|3\n|\n|t:|1739398620\n|switch|p2b: Weezing|Weezing-Galar, L50, F|100\/100\n|-ability|p2b: Weezing|Neutralizing Gas\n|move|p1b: Terapagos|Protect|p1b: Terapagos\n|-singleturn|p1b: Terapagos|Protect\n|move|p2a: Kyogre|Water Spout|p1b: Terapagos|[spread] p1a\n|-activate|p1b: Terapagos|move: Protect\n|-damage|p1a: Flutter Mane|39\/100\n|move|p1a: Flutter Mane|Moonblast|p2a: Kyogre\n|-damage|p2a: Kyogre|25\/100\n|-unboost|p2a: Kyogre|spa|1\n|\n|-weather|RainDance|[upkeep]\n|-heal|p1b: Terapagos|15\/100|[from] item: Leftovers\n|upkeep\n|turn|4\n|\n|t:|1739398644\n|move|p2a: Kyogre|Water Spout|p1a: Flutter Mane|[spread] p1a,p1b\n|-damage|p1a: Flutter Mane|21\/100\n|-damage|p1b: Terapagos|0 fnt\n|faint|p1b: Terapagos\n|move|p1a: Flutter Mane|Moonblast|p2a: Kyogre\n|-crit|p2a: Kyogre\n|-damage|p2a: Kyogre|0 fnt\n|faint|p2a: Kyogre\n|move|p2b: Weezing|Play Rough|p1a: Flutter Mane|[miss]\n|-miss|p2b: Weezing|p1a: Flutter Mane\n|\n|-weather|RainDance|[upkeep]\n|upkeep\n|\n|t:|1739398654\n|switch|p2a: Baxcalibur|Baxcalibur, L50, F|100\/100\n|turn|5\n|\n|t:|1739398659\n|move|p1a: Flutter Mane|Moonblast|p2a: Baxcalibur\n|-supereffective|p2a: Baxcalibur\n|-damage|p2a: Baxcalibur|12\/100\n|move|p2a: Baxcalibur|Icicle Spear|p1a: Flutter Mane\n|-damage|p1a: Flutter Mane|4\/100\n|-damage|p1a: Flutter Mane|0 fnt\n|faint|p1a: Flutter Mane\n|-end|p1a: Flutter Mane|Protosynthesis|[silent]\n|-hitcount|p1: Flutter Mane|2\n|\n|win|chappell murkroan\n|raw|chiefclarko11's rating: 1686 &rarr; <strong>1667<\/strong><br \/>(-19 for losing)\n|raw|chappell murkroan's rating: 1703 &rarr; <strong>1722<\/strong><br \/>(+19 for winning)\n|l|\u2606chiefclarko11\n|player|p1|\n|l| Samevgcmons\n|l|\u2606chappell murkroan\n|player|p2|\n|l| senorpinky14\n","uploadtime":1739398853,"views":10,"formatid":"gen9vgc2025regg","rating":1667,"private":0,"password":null}