{"id":"gen9vgc2025regg-2299495639","format":"[Gen 9] VGC 2025 Reg G","players":["satelite99","Jetshavel"],"log":"|j|\u2606satelite99\n|j|\u2606Jetshavel\n|t:|1739384767\n|gametype|doubles\n|player|p1|satelite99|wallace|1534\n|player|p2|Jetshavel|265|1599\n|teamsize|p1|6\n|teamsize|p2|6\n|gen|9\n|tier|[Gen 9] VGC 2025 Reg G\n|rated|\n|rule|Species Clause: Limit one of each Pok\u00e9mon\n|rule|Item Clause: Limit 1 of each item\n|clearpoke\n|poke|p1|Zamazenta-*, L50|\n|poke|p1|Tornadus, L50, M|\n|poke|p1|Urshifu-*, L50, F|\n|poke|p1|Rillaboom, L50, M|\n|poke|p1|Raging Bolt, L50|\n|poke|p1|Gholdengo, L50|\n|poke|p2|Calyrex-Ice, L50|\n|poke|p2|Landorus, L50, M|\n|poke|p2|Amoonguss, L50, M|\n|poke|p2|Urshifu-*, L50, F|\n|poke|p2|Roaring Moon, L50|\n|poke|p2|Ogerpon-Hearthflame, L50, F|\n|teampreview|4\nsatelite99 rejected open team sheets.\n|inactive|Battle timer is ON: inactive players will automatically lose when time's up. (requested by satelite99)\n|inactive|satelite99 has 60 seconds left.\n|\n|t:|1739384815\n|start\n|switch|p1a: Zamazenta|Zamazenta-Crowned, L50|100\/100\n|switch|p1b: Tornadus|Tornadus, L50, M|100\/100\n|switch|p2a: Urshifu|Urshifu-Rapid-Strike, L50, F|100\/100\n|switch|p2b: Amoonguss|Amoonguss, L50, M|100\/100\n|-ability|p1a: Zamazenta|Dauntless Shield|boost\n|-boost|p1a: Zamazenta|def|1\n|turn|1\n|inactive|satelite99 has 30 seconds left.\n|inactive|Jetshavel has 30 seconds left.\n|\n|t:|1739384849\n|-terastallize|p1a: Zamazenta|Dragon\n|move|p1b: Tornadus|Taunt|p2b: Amoonguss\n|-start|p2b: Amoonguss|move: Taunt\n|move|p1a: Zamazenta|Body Press|p2a: Urshifu\n|-damage|p2a: Urshifu|45\/100\n|move|p2a: Urshifu|Surging Strikes|p1a: Zamazenta\n|-resisted|p1a: Zamazenta\n|-crit|p1a: Zamazenta\n|-damage|p1a: Zamazenta|93\/100\n|-resisted|p1a: Zamazenta\n|-crit|p1a: Zamazenta\n|-damage|p1a: Zamazenta|85\/100\n|-resisted|p1a: Zamazenta\n|-crit|p1a: Zamazenta\n|-damage|p1a: Zamazenta|77\/100\n|-hitcount|p1a: Zamazenta|3\n|cant|p2b: Amoonguss|move: Taunt|Spore\n|\n|upkeep\n|turn|2\n|inactive|satelite99 has 30 seconds left.\n|\n|t:|1739384881\n|switch|p2a: Calyrex|Calyrex-Ice, L50|100\/100\n|-ability|p2a: Calyrex|As One\n|-ability|p2a: Calyrex|Unnerve\n|move|p1a: Zamazenta|Body Press|p2a: Calyrex\n|-damage|p2a: Calyrex|62\/100\n|move|p1b: Tornadus|Bleakwind Storm|p2a: Calyrex|[spread] p2a,p2b\n|-supereffective|p2b: Amoonguss\n|-damage|p2a: Calyrex|38\/100\n|-damage|p2b: Amoonguss|38\/100\n|move|p2b: Amoonguss|Pollen Puff|p2a: Calyrex\n|-heal|p2a: Calyrex|87\/100\n|\n|upkeep\n|turn|3\n|j| playrornds\n|inactive|Jetshavel has 30 seconds left.\n|\n|t:|1739384910\n|switch|p2b: Urshifu|Urshifu-Rapid-Strike, L50, F|45\/100\n|move|p1a: Zamazenta|Wide Guard|p1a: Zamazenta\n|-singleturn|p1a: Zamazenta|Wide Guard\n|move|p1b: Tornadus|Bleakwind Storm|p2a: Calyrex|[spread] p2a,p2b\n|-supereffective|p2b: Urshifu\n|-damage|p2a: Calyrex|64\/100\n|-damage|p2b: Urshifu|0 fnt\n|faint|p2b: Urshifu\n|move|p2a: Calyrex|Glacial Lance|p1a: Zamazenta|[spread] \n|-activate|p1a: Zamazenta|move: Wide Guard\n|-activate|p1b: Tornadus|move: Wide Guard\n|\n|upkeep\n|\n|t:|1739384917\n|switch|p2b: Landorus|Landorus, L50, M|100\/100\n|turn|4\n|inactive|satelite99 has 30 seconds left.\n|\n|t:|1739384945\n|move|p1a: Zamazenta|Wide Guard|p1a: Zamazenta\n|-singleturn|p1a: Zamazenta|Wide Guard\n|move|p2b: Landorus|Earth Power|p1a: Zamazenta\n|-crit|p1a: Zamazenta\n|-damage|p1a: Zamazenta|5\/100\n|move|p1b: Tornadus|Bleakwind Storm|p2b: Landorus|[spread] p2a,p2b\n|-damage|p2a: Calyrex|42\/100\n|-damage|p2b: Landorus|63\/100\n|move|p2a: Calyrex|Trick Room|p2a: Calyrex\n|-fieldstart|move: Trick Room|[of] p2a: Calyrex\n|\n|upkeep\n|turn|5\n|inactive|satelite99 has 30 seconds left.\n|\n|t:|1739384975\n|move|p1a: Zamazenta|Wide Guard|p1a: Zamazenta\n|-singleturn|p1a: Zamazenta|Wide Guard\n|move|p1b: Tornadus|Rain Dance|p1b: Tornadus\n|-weather|RainDance\n|move|p2a: Calyrex|Glacial Lance|p1a: Zamazenta|[spread] \n|-activate|p1a: Zamazenta|move: Wide Guard\n|-activate|p1b: Tornadus|move: Wide Guard\n|move|p2b: Landorus|Sludge Bomb|p1b: Tornadus\n|-damage|p1b: Tornadus|49\/100\n|\n|-weather|RainDance|[upkeep]\n|upkeep\n|turn|6\n|\n|t:|1739385000\n|move|p1a: Zamazenta|Protect||[still]\n|-fail|p1a: Zamazenta\n|move|p2a: Calyrex|High Horsepower|p1a: Zamazenta|[miss]\n|-miss|p2a: Calyrex|p1a: Zamazenta\n|move|p1b: Tornadus|Bleakwind Storm|p2a: Calyrex|[spread] p2a,p2b\n|-damage|p2a: Calyrex|18\/100\n|-damage|p2b: Landorus|28\/100\n|-unboost|p2b: Landorus|spe|1\n|move|p2b: Landorus|Sludge Bomb|p1b: Tornadus\n|-damage|p1b: Tornadus|0 fnt\n|faint|p1b: Tornadus\n|\n|-weather|RainDance|[upkeep]\n|upkeep\n|\n|t:|1739385012\n|switch|p1b: Urshifu|Urshifu-Rapid-Strike, L50, F|100\/100\n|turn|7\n|j| wegovrooooom\n|\n|t:|1739385030\n|move|p1b: Urshifu|Aqua Jet|p2b: Landorus\n|-supereffective|p2b: Landorus\n|-damage|p2b: Landorus|0 fnt\n|faint|p2b: Landorus\n|move|p2a: Calyrex|Glacial Lance|p1a: Zamazenta|[spread] p1a,p1b\n|-supereffective|p1a: Zamazenta\n|-resisted|p1b: Urshifu\n|-damage|p1a: Zamazenta|0 fnt\n|-damage|p1b: Urshifu|73\/100\n|faint|p1a: Zamazenta\n|-ability|p2a: Calyrex|Chilling Neigh|boost\n|-boost|p2a: Calyrex|atk|1\n|\n|-weather|RainDance|[upkeep]\n|upkeep\n|\n|t:|1739385040\n|switch|p2b: Amoonguss|Amoonguss, L50, M|71\/100\n|switch|p1a: Raging Bolt|Raging Bolt, L50|100\/100\n|-enditem|p1a: Raging Bolt|Booster Energy\n|-activate|p1a: Raging Bolt|ability: Protosynthesis|[fromitem]\n|-start|p1a: Raging Bolt|protosynthesisspa\n|turn|8\n|\n|t:|1739385057\n|move|p1a: Raging Bolt|Protect|p1a: Raging Bolt\n|-singleturn|p1a: Raging Bolt|Protect\n|move|p1b: Urshifu|Protect|p1b: Urshifu\n|-singleturn|p1b: Urshifu|Protect\n|move|p2b: Amoonguss|Pollen Puff|p2a: Calyrex\n|-heal|p2a: Calyrex|68\/100\n|move|p2a: Calyrex|Glacial Lance|p1b: Urshifu|[spread] \n|-activate|p1a: Raging Bolt|move: Protect\n|-activate|p1b: Urshifu|move: Protect\n|\n|-weather|RainDance|[upkeep]\n|-fieldend|move: Trick Room\n|upkeep\n|turn|9\n|inactive|satelite99 has 30 seconds left.\n|\n|t:|1739385082\n|move|p1b: Urshifu|Protect||[still]\n|-fail|p1b: Urshifu\n|move|p2b: Amoonguss|Rage Powder|p2b: Amoonguss\n|-singleturn|p2b: Amoonguss|move: Rage Powder\n|move|p1a: Raging Bolt|Draco Meteor|p2b: Amoonguss\n|-damage|p2b: Amoonguss|0 fnt\n|-unboost|p1a: Raging Bolt|spa|2\n|faint|p2b: Amoonguss\n|move|p2a: Calyrex|Trick Room|p2a: Calyrex\n|-fieldstart|move: Trick Room|[of] p2a: Calyrex\n|\n|-weather|none\n|upkeep\n|turn|10\n|inactive|satelite99 has 30 seconds left.\n|inactive|satelite99 has 20 seconds left.\n|inactive|satelite99 has 15 seconds left.\n|\n|t:|1739385123\n|move|p1a: Raging Bolt|Protect|p1a: Raging Bolt\n|-singleturn|p1a: Raging Bolt|Protect\n|move|p2a: Calyrex|Glacial Lance|p1b: Urshifu|[spread] p1b\n|-activate|p1a: Raging Bolt|move: Protect\n|-resisted|p1b: Urshifu\n|-damage|p1b: Urshifu|33\/100\n|move|p1b: Urshifu|Surging Strikes|p2a: Calyrex\n|-crit|p2a: Calyrex\n|-damage|p2a: Calyrex|56\/100\n|-crit|p2a: Calyrex\n|-damage|p2a: Calyrex|44\/100\n|-crit|p2a: Calyrex\n|-damage|p2a: Calyrex|30\/100\n|-hitcount|p2a: Calyrex|3\n|\n|upkeep\n|turn|11\n|\n|t:|1739385145\n|move|p1a: Raging Bolt|Thunderclap|p2a: Calyrex\n|-damage|p2a: Calyrex|11\/100\n|move|p1b: Urshifu|Aqua Jet|p2a: Calyrex\n|-damage|p2a: Calyrex|0 fnt\n|faint|p2a: Calyrex\n|\n|win|satelite99\n|raw|satelite99's rating: 1534 &rarr; <strong>1558<\/strong><br \/>(+24 for winning)\n|raw|Jetshavel's rating: 1599 &rarr; <strong>1575<\/strong><br \/>(-24 for losing)\n|l| playrornds\n|l|\u2606satelite99\n|player|p1|\n|l| wegovrooooom\n","uploadtime":1739385288,"views":6,"formatid":"gen9vgc2025regg","rating":1558,"private":0,"password":null}