{"id":"gen9vgc2025regg-2299760655","format":"[Gen 9] VGC 2025 Reg G","players":["huyuplan","mlm2016"],"log":"|j|\u2606huyuplan\n|j|\u2606mlm2016\n|t:|1739414321\n|gametype|doubles\n|player|p1|huyuplan|lucas|1671\n|player|p2|mlm2016|juggler|1617\n|teamsize|p1|6\n|teamsize|p2|6\n|gen|9\n|tier|[Gen 9] VGC 2025 Reg G\n|rated|\n|rule|Species Clause: Limit one of each Pok\u00e9mon\n|rule|Item Clause: Limit 1 of each item\n|clearpoke\n|poke|p1|Regidrago, L50|\n|poke|p1|Zacian-*, L50|\n|poke|p1|Farigiraf, L50, F|\n|poke|p1|Tornadus, L50, M|\n|poke|p1|Torkoal, L50, F|\n|poke|p1|Ogerpon-Cornerstone, L50, F|\n|poke|p2|Miraidon, L50|\n|poke|p2|Whimsicott, L50, M|\n|poke|p2|Iron Hands, L50|\n|poke|p2|Urshifu-*, L50, F|\n|poke|p2|Farigiraf, L50, F|\n|poke|p2|Sneasler, L50, M|\n|teampreview|4\n|inactive|Battle timer is ON: inactive players will automatically lose when time's up. (requested by mlm2016)\n|inactive|huyuplan has 60 seconds left.\n|inactive|mlm2016 has 60 seconds left.\n|\n|t:|1739414374\n|start\n|switch|p1a: Zacian|Zacian-Crowned, L50|100\/100\n|switch|p1b: Farigiraf|Farigiraf, L50, F|100\/100\n|switch|p2a: Miraidon|Miraidon, L50|100\/100\n|switch|p2b: Sneasler|Sneasler, L50, M|100\/100\n|-fieldstart|move: Electric Terrain|[from] ability: Hadron Engine|[of] p2a: Miraidon\n|-enditem|p2b: Sneasler|Electric Seed\n|-boost|p2b: Sneasler|def|1|[from] item: Electric Seed\n|-ability|p1a: Zacian|Intrepid Sword|boost\n|-boost|p1a: Zacian|atk|1\n|turn|1\n|inactive|huyuplan has 30 seconds left.\n|inactive|huyuplan has 20 seconds left.\n|inactive|huyuplan has 15 seconds left.\n|inactive|huyuplan has 10 seconds left.\n|\n|t:|1739414422\n|move|p2b: Sneasler|Acid Spray|p1b: Farigiraf\n|-damage|p1b: Farigiraf|94\/100\n|-unboost|p1b: Farigiraf|spd|2\n|move|p2a: Miraidon|Volt Switch|p1b: Farigiraf\n|-damage|p1b: Farigiraf|0 fnt\n|faint|p1b: Farigiraf\n|\n|t:|1739414429\n|switch|p2a: Master Shifu|Urshifu-Rapid-Strike, L50, F|100\/100|[from] Volt Switch\n|move|p1a: Zacian|Play Rough|p2a: Master Shifu\n|-supereffective|p2a: Master Shifu\n|-enditem|p2a: Master Shifu|Focus Sash\n|-damage|p2a: Master Shifu|1\/100\n|\n|upkeep\n|inactive|huyuplan has 30 seconds left.\n|inactive|huyuplan has 20 seconds left.\n|inactive|huyuplan has 15 seconds left.\n|inactive|huyuplan has 10 seconds left.\n|j| Tormentador\n|\n|t:|1739414479\n|switch|p1b: Regidrago|Regidrago, L50|100\/100\n|turn|2\n|j| beb99\n|\n|t:|1739414493\n|move|p2a: Master Shifu|Detect|p2a: Master Shifu\n|-singleturn|p2a: Master Shifu|Protect\n|move|p2b: Sneasler|Close Combat|p1b: Regidrago\n|-damage|p1b: Regidrago|28\/100\n|-unboost|p2b: Sneasler|def|1\n|-unboost|p2b: Sneasler|spd|1\n|move|p1a: Zacian|Behemoth Blade|p2a: Master Shifu\n|-activate|p2a: Master Shifu|move: Protect\n|move|p1b: Regidrago|Draco Meteor|p2b: Sneasler\n|-damage|p2b: Sneasler|0 fnt\n|-unboost|p1b: Regidrago|spa|2\n|faint|p2b: Sneasler\n|\n|upkeep\n|\n|t:|1739414514\n|switch|p2b: Iron Hands|Iron Hands, L50|100\/100\n|-activate|p2b: Iron Hands|ability: Quark Drive\n|-start|p2b: Iron Hands|quarkdriveatk\n|turn|3\n|inactive|huyuplan has 30 seconds left.\n|inactive|huyuplan has 20 seconds left.\n|inactive|huyuplan has 15 seconds left.\n|\n|t:|1739414558\n|move|p2b: Iron Hands|Fake Out|p1a: Zacian\n|-resisted|p1a: Zacian\n|-damage|p1a: Zacian|91\/100\n|cant|p1a: Zacian|flinch\n|move|p2a: Master Shifu|Surging Strikes|p1a: Zacian\n|-crit|p1a: Zacian\n|-damage|p1a: Zacian|71\/100\n|-crit|p1a: Zacian\n|-damage|p1a: Zacian|51\/100\n|-crit|p1a: Zacian\n|-damage|p1a: Zacian|30\/100\n|-hitcount|p1a: Zacian|3\n|move|p1b: Regidrago|Dragon Energy|p2b: Iron Hands|[spread] p2a,p2b\n|-damage|p2a: Master Shifu|0 fnt\n|-damage|p2b: Iron Hands|94\/100\n|faint|p2a: Master Shifu\n|\n|upkeep\n|l| beb99\n|\n|t:|1739414572\n|switch|p2a: Miraidon|Miraidon, L50|100\/100\n|-activate|p2a: Miraidon|ability: Hadron Engine\n|turn|4\n|inactive|mlm2016 has 30 seconds left.\n|inactive|mlm2016 has 20 seconds left.\n|inactive|mlm2016 has 15 seconds left.\n|\n|t:|1739414612\n|-terastallize|p2a: Miraidon|Fairy\n|move|p1a: Zacian|Protect|p1a: Zacian\n|-singleturn|p1a: Zacian|Protect\n|move|p2a: Miraidon|Dazzling Gleam|p1b: Regidrago|[spread] p1b\n|-activate|p1a: Zacian|move: Protect\n|-supereffective|p1b: Regidrago\n|-damage|p1b: Regidrago|0 fnt\n|faint|p1b: Regidrago\n|move|p2b: Iron Hands|Drain Punch|p1a: Zacian\n|-activate|p1a: Zacian|move: Protect\n|\n|upkeep\n|\n|t:|1739414626\n|switch|p1b: Ogerpon|Ogerpon-Cornerstone, L50, F|100\/100\n|turn|5\n|inactive|huyuplan has 30 seconds left.\n|\n|t:|1739414652\n|move|p2a: Miraidon|Dazzling Gleam|p1b: Ogerpon|[spread] p1a,p1b\n|-resisted|p1a: Zacian\n|-damage|p1a: Zacian|11\/100\n|-damage|p1b: Ogerpon|44\/100\n|move|p1a: Zacian|Behemoth Blade|p2a: Miraidon\n|-supereffective|p2a: Miraidon\n|-damage|p2a: Miraidon|0 fnt\n|faint|p2a: Miraidon\n|move|p1b: Ogerpon|Power Whip|p2b: Iron Hands|[miss]\n|-miss|p1b: Ogerpon|p2b: Iron Hands\n|move|p2b: Iron Hands|Drain Punch|p1a: Zacian\n|-damage|p1a: Zacian|0 fnt\n|-heal|p2b: Iron Hands|98\/100|[from] drain|[of] p1a: Zacian\n|faint|p1a: Zacian\n|\n|-fieldend|move: Electric Terrain\n|-end|p2b: Iron Hands|Quark Drive\n|upkeep\n|turn|6\n|inactive|mlm2016 has 30 seconds left.\n|\n|t:|1739414677\n|move|p1b: Ogerpon|Spiky Shield|p1b: Ogerpon\n|-singleturn|p1b: Ogerpon|move: Protect\n|move|p2b: Iron Hands|Heavy Slam|p1b: Ogerpon\n|-activate|p1b: Ogerpon|move: Protect\n|-damage|p2b: Iron Hands|85\/100|[from] Spiky Shield|[of] p1b: Ogerpon\n|\n|upkeep\n|turn|7\n|\n|t:|1739414687\n|-terastallize|p1b: Ogerpon|Rock\n|detailschange|p1b: Ogerpon|Ogerpon-Cornerstone-Tera, L50, F, tera:Rock\n|-ability|p1b: Ogerpon|Embody Aspect (Cornerstone)|boost\n|-boost|p1b: Ogerpon|def|1\n|move|p1b: Ogerpon|Power Whip|p2b: Iron Hands\n|-damage|p2b: Iron Hands|39\/100\n|move|p2b: Iron Hands|Heavy Slam|p1b: Ogerpon\n|-supereffective|p1b: Ogerpon\n|-damage|p1b: Ogerpon|0 fnt\n|faint|p1b: Ogerpon\n|\n|win|mlm2016\n|raw|huyuplan's rating: 1671 &rarr; <strong>1648<\/strong><br \/>(-23 for losing)\n|raw|mlm2016's rating: 1617 &rarr; <strong>1640<\/strong><br \/>(+23 for winning)\n|l|\u2606mlm2016\n|player|p2|\n|l|\u2606huyuplan\n|player|p1|\n","uploadtime":1739414958,"views":9,"formatid":"gen9vgc2025regg","rating":1640,"private":0,"password":null}