{"id":"gen9vgc2025regg-2299042285","format":"[Gen 9] VGC 2025 Reg G","players":["yoyuu7","Unstylish_Harry"],"log":"|j|\u2606yoyuu7\n|j|\u2606Unstylish_Harry\n|t:|1739322449\n|gametype|doubles\n|player|p1|yoyuu7|265|1551\n|player|p2|Unstylish_Harry|2|1512\n|teamsize|p1|6\n|teamsize|p2|6\n|gen|9\n|tier|[Gen 9] VGC 2025 Reg G\n|rated|\n|rule|Species Clause: Limit one of each Pok\u00e9mon\n|rule|Item Clause: Limit 1 of each item\n|clearpoke\n|poke|p1|Kyogre, L50|\n|poke|p1|Urshifu-*, L50, M|\n|poke|p1|Incineroar, L50, M|\n|poke|p1|Grimmsnarl, L50, M|\n|poke|p1|Rillaboom, L50, M|\n|poke|p1|Tornadus, L50, M|\n|poke|p2|Ho-Oh, L50|\n|poke|p2|Raging Bolt, L50|\n|poke|p2|Toedscruel, L50, M|\n|poke|p2|Bronzong, L50|\n|poke|p2|Incineroar, L50, F|\n|poke|p2|Urshifu-*, L50, F|\n|teampreview|4\n|inactive|Battle timer is ON: inactive players will automatically lose when time's up. (requested by Unstylish_Harry)\n|\n|t:|1739322478\n|start\n|switch|p1a: Grimmsnarl|Grimmsnarl, L50, M|100\/100\n|switch|p1b: Rillaboom|Rillaboom, L50, M|100\/100\n|switch|p2a: Raging Bolt|Raging Bolt, L50|100\/100\n|switch|p2b: Incineroar|Incineroar, L50, F|100\/100\n|-fieldstart|move: Grassy Terrain|[from] ability: Grassy Surge|[of] p1b: Rillaboom\n|-ability|p2b: Incineroar|Intimidate|boost\n|-unboost|p1a: Grimmsnarl|atk|1\n|-unboost|p1b: Rillaboom|atk|1\n|turn|1\n|inactive|Unstylish_Harry has 30 seconds left.\n|\n|t:|1739322504\n|move|p1b: Rillaboom|Fake Out|p2a: Raging Bolt\n|-damage|p2a: Raging Bolt|94\/100\n|move|p1a: Grimmsnarl|Light Screen|p1a: Grimmsnarl\n|-sidestart|p1: yoyuu7|move: Light Screen\n|cant|p2a: Raging Bolt|flinch\n|move|p2b: Incineroar|Knock Off|p1a: Grimmsnarl\n|-resisted|p1a: Grimmsnarl\n|-damage|p1a: Grimmsnarl|89\/100\n|-enditem|p1a: Grimmsnarl|Light Clay|[from] move: Knock Off|[of] p2b: Incineroar\n|\n|-heal|p2a: Raging Bolt|100\/100|[from] Grassy Terrain\n|-heal|p1a: Grimmsnarl|95\/100|[from] Grassy Terrain\n|upkeep\n|turn|2\n|\n|t:|1739322519\n|move|p2a: Raging Bolt|Volt Switch|p1b: Rillaboom\n|-resisted|p1b: Rillaboom\n|-damage|p1b: Rillaboom|94\/100\n|\n|t:|1739322522\n|-end|p2a: Raging Bolt|Protosynthesis|[silent]\n|switch|p2a: Bronzong|Bronzong, L50, shiny|100\/100|[from] Volt Switch\n|move|p1b: Rillaboom|U-turn|p2a: Bronzong\n|-crit|p2a: Bronzong\n|-damage|p2a: Bronzong|77\/100\n|\n|t:|1739322528\n|switch|p1b: Kyogre|Kyogre, L50|100\/100|[from] U-turn\n|-weather|RainDance|[from] ability: Drizzle|[of] p1b: Kyogre\n|move|p1a: Grimmsnarl|Spirit Break|p2a: Bronzong\n|-resisted|p2a: Bronzong\n|-damage|p2a: Bronzong|70\/100\n|-unboost|p2a: Bronzong|spa|1\n|move|p2b: Incineroar|Knock Off|p1b: Kyogre\n|-damage|p1b: Kyogre|77\/100\n|-enditem|p1b: Kyogre|Leftovers|[from] move: Knock Off|[of] p2b: Incineroar\n|\n|-weather|RainDance|[upkeep]\n|-heal|p1b: Kyogre|83\/100|[from] Grassy Terrain\n|-heal|p1a: Grimmsnarl|100\/100|[from] Grassy Terrain\n|upkeep\n|turn|3\n|\n|t:|1739322548\n|switch|p2a: Raging Bolt|Raging Bolt, L50|100\/100\n|-terastallize|p2b: Incineroar|Water\n|move|p1b: Kyogre|Calm Mind|p1b: Kyogre\n|-boost|p1b: Kyogre|spa|1\n|-boost|p1b: Kyogre|spd|1\n|move|p1a: Grimmsnarl|Spirit Break|p2b: Incineroar\n|-damage|p2b: Incineroar|87\/100\n|-unboost|p2b: Incineroar|spa|1\n|-damage|p1a: Grimmsnarl|84\/100|[from] item: Rocky Helmet|[of] p2b: Incineroar\n|move|p2b: Incineroar|Parting Shot|p1b: Kyogre\n|-unboost|p1b: Kyogre|atk|1\n|-unboost|p1b: Kyogre|spa|1\n|\n|t:|1739322564\n|switch|p2b: Bronzong|Bronzong, L50, shiny|70\/100|[from] Parting Shot\n|\n|-weather|RainDance|[upkeep]\n|-heal|p1b: Kyogre|88\/100|[from] Grassy Terrain\n|-heal|p1a: Grimmsnarl|90\/100|[from] Grassy Terrain\n|upkeep\n|turn|4\n|\n|t:|1739322579\n|move|p2a: Raging Bolt|Volt Switch|p1b: Kyogre\n|-supereffective|p1b: Kyogre\n|-damage|p1b: Kyogre|67\/100\n|\n|t:|1739322585\n|-end|p2a: Raging Bolt|Protosynthesis|[silent]\n|switch|p2a: Incineroar|Incineroar, L50, F, tera:Water|87\/100|[from] Volt Switch\n|-ability|p2a: Incineroar|Intimidate|boost\n|-unboost|p1a: Grimmsnarl|atk|1\n|-unboost|p1b: Kyogre|atk|1\n|move|p1b: Kyogre|Calm Mind|p1b: Kyogre\n|-boost|p1b: Kyogre|spa|1\n|-boost|p1b: Kyogre|spd|1\n|move|p1a: Grimmsnarl|Spirit Break|p2a: Incineroar\n|-damage|p2a: Incineroar|76\/100\n|-unboost|p2a: Incineroar|spa|1\n|-damage|p1a: Grimmsnarl|74\/100|[from] item: Rocky Helmet|[of] p2a: Incineroar\n|move|p2b: Bronzong|Gyro Ball|p1a: Grimmsnarl\n|-supereffective|p1a: Grimmsnarl\n|-damage|p1a: Grimmsnarl|26\/100\n|\n|-weather|RainDance|[upkeep]\n|-heal|p1b: Kyogre|73\/100|[from] Grassy Terrain\n|-heal|p1a: Grimmsnarl|32\/100|[from] Grassy Terrain\n|-heal|p2a: Incineroar|82\/100|[from] Grassy Terrain\n|upkeep\n|turn|5\n|\n|t:|1739322604\n|switch|p1a: Incineroar|Incineroar, L50, M|100\/100\n|-ability|p1a: Incineroar|Intimidate|boost\n|-unboost|p2a: Incineroar|atk|1\n|-unboost|p2b: Bronzong|atk|1\n|move|p1b: Kyogre|Protect|p1b: Kyogre\n|-singleturn|p1b: Kyogre|Protect\n|move|p2a: Incineroar|Fake Out|p1b: Kyogre\n|-activate|p1b: Kyogre|move: Protect\n|move|p2b: Bronzong|Trick Room|p2b: Bronzong\n|-fieldstart|move: Trick Room|[of] p2b: Bronzong\n|\n|-weather|RainDance|[upkeep]\n|-heal|p2a: Incineroar|88\/100|[from] Grassy Terrain\n|-heal|p1b: Kyogre|79\/100|[from] Grassy Terrain\n|-fieldend|move: Grassy Terrain\n|upkeep\n|turn|6\n|\n|t:|1739322626\n|switch|p2b: Raging Bolt|Raging Bolt, L50|100\/100\n|move|p1a: Incineroar|Fake Out|p2a: Incineroar\n|-damage|p2a: Incineroar|80\/100\n|-damage|p1a: Incineroar|84\/100|[from] item: Rocky Helmet|[of] p2a: Incineroar\n|cant|p2a: Incineroar|flinch\n|move|p1b: Kyogre|Origin Pulse|p2a: Incineroar|[spread] p2a,p2b\n|-resisted|p2a: Incineroar\n|-resisted|p2b: Raging Bolt\n|-damage|p2a: Incineroar|37\/100\n|-damage|p2b: Raging Bolt|76\/100\n|\n|-weather|none\n|upkeep\n|turn|7\n|\n|t:|1739322640\n|switch|p1a: Rillaboom|Rillaboom, L50, M|94\/100\n|-fieldstart|move: Grassy Terrain|[from] ability: Grassy Surge|[of] p1a: Rillaboom\n|move|p1b: Kyogre|Protect|p1b: Kyogre\n|-singleturn|p1b: Kyogre|Protect\n|move|p2a: Incineroar|Parting Shot|p1a: Rillaboom\n|-unboost|p1a: Rillaboom|atk|1\n|-unboost|p1a: Rillaboom|spa|1\n|\n|t:|1739322649\n|switch|p2a: Bronzong|Bronzong, L50, shiny|70\/100|[from] Parting Shot\n|move|p2b: Raging Bolt|Volt Switch|p1a: Rillaboom\n|-resisted|p1a: Rillaboom\n|-damage|p1a: Rillaboom|87\/100\n|\n|t:|1739322652\n|-end|p2b: Raging Bolt|Protosynthesis|[silent]\n|switch|p2b: Incineroar|Incineroar, L50, F, tera:Water|37\/100|[from] Volt Switch\n|-ability|p2b: Incineroar|Intimidate|boost\n|-unboost|p1a: Rillaboom|atk|1\n|-unboost|p1b: Kyogre|atk|1\n|\n|-heal|p2b: Incineroar|43\/100|[from] Grassy Terrain\n|-heal|p1a: Rillaboom|93\/100|[from] Grassy Terrain\n|-heal|p1b: Kyogre|85\/100|[from] Grassy Terrain\n|upkeep\n|turn|8\n|\n|t:|1739322659\n|switch|p1a: Grimmsnarl|Grimmsnarl, L50, M|32\/100\n|move|p2b: Incineroar|Fake Out|p1b: Kyogre\n|-damage|p1b: Kyogre|77\/100\n|move|p2a: Bronzong|Iron Defense|p2a: Bronzong\n|-boost|p2a: Bronzong|def|2\n|cant|p1b: Kyogre|flinch\n|\n|-heal|p2b: Incineroar|49\/100|[from] Grassy Terrain\n|-heal|p1a: Grimmsnarl|38\/100|[from] Grassy Terrain\n|-heal|p1b: Kyogre|83\/100|[from] Grassy Terrain\n|-sideend|p1: yoyuu7|move: Light Screen\n|upkeep\n|turn|9\n|\n|t:|1739322674\n|switch|p1a: Incineroar|Incineroar, L50, M|84\/100\n|-ability|p1a: Incineroar|Intimidate|boost\n|-unboost|p2a: Bronzong|atk|1\n|-unboost|p2b: Incineroar|atk|1\n|move|p2a: Bronzong|Gyro Ball|p1a: Incineroar\n|-resisted|p1a: Incineroar\n|-damage|p1a: Incineroar|80\/100\n|-damage|p2a: Bronzong|54\/100|[from] item: Rocky Helmet|[of] p1a: Incineroar\n|move|p2b: Incineroar|Parting Shot|p1b: Kyogre\n|-unboost|p1b: Kyogre|atk|1\n|-unboost|p1b: Kyogre|spa|1\n|\n|t:|1739322678\n|switch|p2b: Raging Bolt|Raging Bolt, L50|76\/100|[from] Parting Shot\n|move|p1b: Kyogre|Calm Mind|p1b: Kyogre\n|-boost|p1b: Kyogre|spa|1\n|-boost|p1b: Kyogre|spd|1\n|\n|-heal|p1a: Incineroar|86\/100|[from] Grassy Terrain\n|-heal|p1b: Kyogre|89\/100|[from] Grassy Terrain\n|-heal|p2b: Raging Bolt|82\/100|[from] Grassy Terrain\n|-fieldend|move: Trick Room\n|upkeep\n|turn|10\n|\n|t:|1739322685\n|move|p1a: Incineroar|Fake Out|p2b: Raging Bolt\n|-crit|p2b: Raging Bolt\n|-damage|p2b: Raging Bolt|67\/100\n|cant|p2b: Raging Bolt|flinch\n|move|p1b: Kyogre|Origin Pulse|p2b: Raging Bolt|[spread] p2a,p2b\n|-resisted|p2b: Raging Bolt\n|-damage|p2a: Bronzong|0 fnt\n|-damage|p2b: Raging Bolt|50\/100\n|faint|p2a: Bronzong\n|\n|-heal|p2b: Raging Bolt|56\/100|[from] Grassy Terrain\n|-heal|p1b: Kyogre|95\/100|[from] Grassy Terrain\n|-heal|p1a: Incineroar|92\/100|[from] Grassy Terrain\n|upkeep\n|\n|t:|1739322695\n|switch|p2a: Incineroar|Incineroar, L50, F, tera:Water|49\/100\n|-ability|p2a: Incineroar|Intimidate|boost\n|-unboost|p1a: Incineroar|atk|1\n|-unboost|p1b: Kyogre|atk|1\n|turn|11\n|\n|t:|1739322703\n|move|p2a: Incineroar|Helping Hand|p2b: Raging Bolt\n|-singleturn|p2b: Raging Bolt|Helping Hand|[of] p2a: Incineroar\n|move|p1b: Kyogre|Protect|p1b: Kyogre\n|-singleturn|p1b: Kyogre|Protect\n|move|p2b: Raging Bolt|Draco Meteor|p1a: Incineroar\n|-damage|p1a: Incineroar|0 fnt\n|-unboost|p2b: Raging Bolt|spa|2\n|faint|p1a: Incineroar\n|\n|-heal|p2b: Raging Bolt|62\/100|[from] Grassy Terrain\n|-heal|p1b: Kyogre|100\/100|[from] Grassy Terrain\n|-heal|p2a: Incineroar|55\/100|[from] Grassy Terrain\n|-fieldend|move: Grassy Terrain\n|upkeep\n|\n|t:|1739322715\n|switch|p1a: Rillaboom|Rillaboom, L50, M|93\/100\n|-fieldstart|move: Grassy Terrain|[from] ability: Grassy Surge|[of] p1a: Rillaboom\n|turn|12\n|\n|t:|1739322722\n|move|p2b: Raging Bolt|Electroweb|p1a: Rillaboom|[spread] p1a,p1b\n|-resisted|p1a: Rillaboom\n|-supereffective|p1b: Kyogre\n|-damage|p1a: Rillaboom|90\/100\n|-damage|p1b: Kyogre|95\/100\n|-unboost|p1a: Rillaboom|spe|1\n|-unboost|p1b: Kyogre|spe|1\n|move|p1b: Kyogre|Origin Pulse|p2a: Incineroar|[spread] p2a,p2b\n|-resisted|p2a: Incineroar\n|-resisted|p2b: Raging Bolt\n|-damage|p2a: Incineroar|28\/100\n|-damage|p2b: Raging Bolt|46\/100\n|move|p2a: Incineroar|Parting Shot|p1b: Kyogre\n|-unboost|p1b: Kyogre|atk|1\n|-unboost|p1b: Kyogre|spa|1\n|\n|t:|1739322734\n|switch|p2a: Ho-Oh|Ho-Oh, L50|100\/100|[from] Parting Shot\n|move|p1a: Rillaboom|Drum Beating|p2a: Ho-Oh\n|-resisted|p2a: Ho-Oh\n|-damage|p2a: Ho-Oh|90\/100\n|\n|-heal|p2b: Raging Bolt|52\/100|[from] Grassy Terrain\n|-heal|p1b: Kyogre|100\/100|[from] Grassy Terrain\n|-heal|p1a: Rillaboom|96\/100|[from] Grassy Terrain\n|upkeep\n|turn|13\n|inactive|Unstylish_Harry has 30 seconds left.\n|\n|t:|1739322761\n|-terastallize|p1a: Rillaboom|Poison\n|move|p2a: Ho-Oh|Brave Bird|p1a: Rillaboom\n|-crit|p1a: Rillaboom\n|-damage|p1a: Rillaboom|11\/100\n|-damage|p2a: Ho-Oh|62\/100|[from] Recoil\n|move|p2b: Raging Bolt|Volt Switch|p1a: Rillaboom\n|-damage|p1a: Rillaboom|0 fnt\n|faint|p1a: Rillaboom\n|\n|t:|1739322769\n|-end|p2b: Raging Bolt|Protosynthesis|[silent]\n|switch|p2b: Incineroar|Incineroar, L50, F, tera:Water|28\/100|[from] Volt Switch\n|-ability|p2b: Incineroar|Intimidate|boost\n|-unboost|p1b: Kyogre|atk|0\n|move|p1b: Kyogre|Origin Pulse|p2b: Incineroar|[spread] p2b\n|-miss|p1b: Kyogre|p2a: Ho-Oh\n|-resisted|p2b: Incineroar\n|-damage|p2b: Incineroar|11\/100\n|\n|-heal|p2b: Incineroar|17\/100|[from] Grassy Terrain\n|upkeep\n|\n|t:|1739322771\n|switch|p1a: Grimmsnarl|Grimmsnarl, L50, M|38\/100\n|turn|14\n|\n|t:|1739322785\n|switch|p2a: Raging Bolt|Raging Bolt, L50|52\/100\n|move|p1b: Kyogre|Protect|p1b: Kyogre\n|-singleturn|p1b: Kyogre|Protect\n|move|p2b: Incineroar|Fake Out|p1b: Kyogre\n|-activate|p1b: Kyogre|move: Protect\n|move|p1a: Grimmsnarl|Thunder Wave|p2a: Raging Bolt\n|-immune|p2a: Raging Bolt\n|\n|-heal|p2a: Raging Bolt|59\/100|[from] Grassy Terrain\n|-heal|p1a: Grimmsnarl|44\/100|[from] Grassy Terrain\n|-heal|p2b: Incineroar|23\/100|[from] Grassy Terrain\n|upkeep\n|turn|15\n|\n|t:|1739322803\n|move|p2b: Incineroar|Helping Hand|p2a: Raging Bolt\n|-singleturn|p2a: Raging Bolt|Helping Hand|[of] p2b: Incineroar\n|move|p1a: Grimmsnarl|Light Screen|p1a: Grimmsnarl\n|-sidestart|p1: yoyuu7|move: Light Screen\n|move|p2a: Raging Bolt|Electroweb|p1a: Grimmsnarl|[spread] p1a,p1b\n|-supereffective|p1b: Kyogre\n|-damage|p1a: Grimmsnarl|27\/100\n|-damage|p1b: Kyogre|90\/100\n|-unboost|p1a: Grimmsnarl|spe|1\n|-unboost|p1b: Kyogre|spe|1\n|move|p1b: Kyogre|Calm Mind|p1b: Kyogre\n|-boost|p1b: Kyogre|spa|1\n|-boost|p1b: Kyogre|spd|1\n|\n|-heal|p2a: Raging Bolt|65\/100|[from] Grassy Terrain\n|-heal|p2b: Incineroar|29\/100|[from] Grassy Terrain\n|-heal|p1b: Kyogre|96\/100|[from] Grassy Terrain\n|-heal|p1a: Grimmsnarl|33\/100|[from] Grassy Terrain\n|upkeep\n|turn|16\n|\n|t:|1739322827\n|move|p1a: Grimmsnarl|Thunder Wave|p2b: Incineroar\n|-status|p2b: Incineroar|par\n|move|p2a: Raging Bolt|Electroweb|p1a: Grimmsnarl|[spread] p1a,p1b\n|-supereffective|p1b: Kyogre\n|-damage|p1a: Grimmsnarl|21\/100\n|-damage|p1b: Kyogre|90\/100\n|-unboost|p1a: Grimmsnarl|spe|1\n|-unboost|p1b: Kyogre|spe|1\n|move|p1b: Kyogre|Ice Beam|p2a: Raging Bolt\n|-supereffective|p2a: Raging Bolt\n|-damage|p2a: Raging Bolt|15\/100\n|move|p2b: Incineroar|Parting Shot|p1b: Kyogre\n|-unboost|p1b: Kyogre|atk|0\n|-unboost|p1b: Kyogre|spa|1\n|j| tapu_fume\n|\n|t:|1739322838\n|switch|p2b: Ho-Oh|Ho-Oh, L50|95\/100|[from] Parting Shot\n|\n|-heal|p2a: Raging Bolt|21\/100|[from] Grassy Terrain\n|-heal|p1b: Kyogre|96\/100|[from] Grassy Terrain\n|-heal|p1a: Grimmsnarl|27\/100|[from] Grassy Terrain\n|-fieldend|move: Grassy Terrain\n|upkeep\n|turn|17\n|j| Mwahahacoughcough\n|inactive|yoyuu7 has 30 seconds left.\n|inactive|yoyuu7 has 20 seconds left.\n|\n|t:|1739322876\n|move|p2b: Ho-Oh|Protect|p2b: Ho-Oh\n|-singleturn|p2b: Ho-Oh|Protect\n|move|p1a: Grimmsnarl|Reflect|p1a: Grimmsnarl\n|-sidestart|p1: yoyuu7|Reflect\n|move|p2a: Raging Bolt|Volt Switch|p1b: Kyogre\n|-supereffective|p1b: Kyogre\n|-damage|p1b: Kyogre|84\/100\n|\n|t:|1739322882\n|-end|p2a: Raging Bolt|Protosynthesis|[silent]\n|switch|p2a: Incineroar|Incineroar, L50, F, tera:Water|29\/100 par|[from] Volt Switch\n|-ability|p2a: Incineroar|Intimidate|boost\n|-unboost|p1a: Grimmsnarl|atk|1\n|-unboost|p1b: Kyogre|atk|0\n|move|p1b: Kyogre|Origin Pulse|p2b: Ho-Oh|[spread] p2a\n|-activate|p2b: Ho-Oh|move: Protect\n|-resisted|p2a: Incineroar\n|-damage|p2a: Incineroar|9\/100 par\n|\n|upkeep\n|turn|18\n|\n|t:|1739322893\n|move|p1b: Kyogre|Protect|p1b: Kyogre\n|-singleturn|p1b: Kyogre|Protect\n|cant|p2a: Incineroar|par\n|move|p1a: Grimmsnarl|Thunder Wave|p2b: Ho-Oh\n|-status|p2b: Ho-Oh|par\n|move|p2b: Ho-Oh|Brave Bird|p1a: Grimmsnarl\n|-damage|p1a: Grimmsnarl|0 fnt\n|faint|p1a: Grimmsnarl\n|-damage|p2b: Ho-Oh|87\/100 par|[from] Recoil\n|\n|upkeep\n|turn|19\n|\n|t:|1739322904\n|cant|p2a: Incineroar|par\n|cant|p2b: Ho-Oh|par\n|move|p1b: Kyogre|Origin Pulse|p2a: Incineroar|[spread] p2a,p2b\n|-resisted|p2a: Incineroar\n|-supereffective|p2b: Ho-Oh\n|-damage|p2a: Incineroar|0 fnt\n|-damage|p2b: Ho-Oh|43\/100 par\n|faint|p2a: Incineroar\n|\n|-sideend|p1: yoyuu7|move: Light Screen\n|upkeep\n|\n|t:|1739322908\n|switch|p2a: Raging Bolt|Raging Bolt, L50|21\/100\n|turn|20\n|\n|t:|1739322912\n|move|p2a: Raging Bolt|Volt Switch|p1b: Kyogre\n|-supereffective|p1b: Kyogre\n|-crit|p1b: Kyogre\n|-damage|p1b: Kyogre|12\/100\n|cant|p2b: Ho-Oh|par\n|move|p1b: Kyogre|Origin Pulse|p2a: Raging Bolt|[spread] p2a,p2b\n|-resisted|p2a: Raging Bolt\n|-supereffective|p2b: Ho-Oh\n|-damage|p2a: Raging Bolt|12\/100\n|-damage|p2b: Ho-Oh|0 fnt\n|faint|p2b: Ho-Oh\n|\n|upkeep\n|turn|21\n|\n|t:|1739322922\n|move|p2a: Raging Bolt|Volt Switch|p1b: Kyogre\n|-supereffective|p1b: Kyogre\n|-crit|p1b: Kyogre\n|-damage|p1b: Kyogre|0 fnt\n|faint|p1b: Kyogre\n|\n|win|Unstylish_Harry\n|raw|yoyuu7's rating: 1551 &rarr; <strong>1529<\/strong><br \/>(-22 for losing)\n|raw|Unstylish_Harry's rating: 1512 &rarr; <strong>1534<\/strong><br \/>(+22 for winning)\n|l|\u2606Unstylish_Harry\n|player|p2|\n|l|\u2606yoyuu7\n|player|p1|\n","uploadtime":1739323106,"views":5,"formatid":"gen9vgc2025regg","rating":1529,"private":0,"password":null}