{"id":"gen9vgc2025regg-2299507725","format":"[Gen 9] VGC 2025 Reg G","players":["Elquepruebatims2","heyBeteritsVGC"],"log":"|j|\u2606Elquepruebatims2\n|j|\u2606heyBeteritsVGC\n|t:|1739385901\n|gametype|doubles\n|player|p1|Elquepruebatims2|turo-ai|1526\n|player|p2|heyBeteritsVGC|265|1596\n|teamsize|p1|6\n|teamsize|p2|6\n|gen|9\n|tier|[Gen 9] VGC 2025 Reg G\n|rated|\n|rule|Species Clause: Limit one of each Pok\u00e9mon\n|rule|Item Clause: Limit 1 of each item\n|clearpoke\n|poke|p1|Calyrex-Shadow, L50|\n|poke|p1|Urshifu-*, L50, M|\n|poke|p1|Rillaboom, L50, M|\n|poke|p1|Incineroar, L50, M|\n|poke|p1|Ogerpon-Hearthflame, L50, F|\n|poke|p1|Whimsicott, L50, M|\n|poke|p2|Dialga-Origin, L50|\n|poke|p2|Raging Bolt, L50|\n|poke|p2|Flutter Mane, L50|\n|poke|p2|Ursaluna, L50, M|\n|poke|p2|Volcarona, L50, M|\n|poke|p2|Smeargle, L50, F|\n|teampreview|4\n|inactive|Battle timer is ON: inactive players will automatically lose when time's up. (requested by heyBeteritsVGC)\n|inactive|Elquepruebatims2 has 60 seconds left.\n|inactive|heyBeteritsVGC has 60 seconds left.\n|\n|t:|1739385936\n|start\n|switch|p1a: Calyrex|Calyrex-Shadow, L50|100\/100\n|switch|p1b: Incineroar|Incineroar, L50, M|100\/100\n|switch|p2a: Dialga|Dialga-Origin, L50|100\/100\n|switch|p2b: Raging Bolt|Raging Bolt, L50|100\/100\n|-ability|p1a: Calyrex|As One\n|-ability|p1a: Calyrex|Unnerve\n|-ability|p1b: Incineroar|Intimidate|boost\n|-unboost|p2a: Dialga|atk|1\n|-unboost|p2b: Raging Bolt|atk|1\n|turn|1\n|\n|t:|1739385955\n|-terastallize|p1a: Calyrex|Ghost\n|move|p1b: Incineroar|Helping Hand|p1a: Calyrex\n|-singleturn|p1a: Calyrex|Helping Hand|[of] p1b: Incineroar\n|move|p1a: Calyrex|Astral Barrage|p2a: Dialga|[spread] p2a,p2b\n|-damage|p2a: Dialga|0 fnt\n|-damage|p2b: Raging Bolt|0 fnt\n|faint|p2a: Dialga\n|faint|p2b: Raging Bolt\n|-end|p2b: Raging Bolt|Protosynthesis|[silent]\n|-ability|p1a: Calyrex|Grim Neigh|boost\n|-boost|p1a: Calyrex|spa|2\n|\n|upkeep\n|\n|t:|1739385962\n|switch|p2b: Ursaluna|Ursaluna, L50, M|100\/100\n|switch|p2a: Smeargle|Smeargle, L50, F|100\/100\n|turn|2\n|\n|t:|1739385983\n|switch|p1a: Ogerpon|Ogerpon-Hearthflame, L50, F|100\/100\n|-ability|p1a: Ogerpon|Mold Breaker\n|move|p2a: Smeargle|Fake Out|p1b: Incineroar\n|-damage|p1b: Incineroar|97\/100\n|-damage|p2a: Smeargle|84\/100|[from] item: Rocky Helmet|[of] p1b: Incineroar\n|cant|p1b: Incineroar|flinch\n|move|p2b: Ursaluna|Headlong Rush|p1b: Incineroar\n|-supereffective|p1b: Incineroar\n|-damage|p1b: Incineroar|0 fnt\n|-unboost|p2b: Ursaluna|def|1\n|-unboost|p2b: Ursaluna|spd|1\n|-damage|p2b: Ursaluna|84\/100|[from] item: Rocky Helmet|[of] p1b: Incineroar\n|faint|p1b: Incineroar\n|\n|-ability|p2a: Smeargle|Moody|boost\n|-boost|p2a: Smeargle|spe|2\n|-unboost|p2a: Smeargle|spa|1\n|-status|p2b: Ursaluna|brn|[from] item: Flame Orb\n|upkeep\n|\n|t:|1739385996\n|switch|p1b: Urshifu|Urshifu-Rapid-Strike, L50, M|100\/100\n|turn|3\n|\n|t:|1739386016\n|-terastallize|p2a: Smeargle|Grass\n|move|p2a: Smeargle|Follow Me|p2a: Smeargle\n|-singleturn|p2a: Smeargle|move: Follow Me\n|move|p1a: Ogerpon|Follow Me|p1a: Ogerpon\n|-singleturn|p1a: Ogerpon|move: Follow Me\n|move|p1b: Urshifu|Surging Strikes|p2a: Smeargle\n|-resisted|p2a: Smeargle\n|-crit|p2a: Smeargle\n|-damage|p2a: Smeargle|56\/100\n|-resisted|p2a: Smeargle\n|-crit|p2a: Smeargle\n|-damage|p2a: Smeargle|32\/100\n|-resisted|p2a: Smeargle\n|-crit|p2a: Smeargle\n|-damage|p2a: Smeargle|4\/100\n|-hitcount|p2a: Smeargle|3\n|move|p2b: Ursaluna|Facade|p1a: Ogerpon\n|-damage|p1a: Ogerpon|0 fnt\n|faint|p1a: Ogerpon\n|\n|-damage|p2b: Ursaluna|78\/100 brn|[from] brn\n|-ability|p2a: Smeargle|Moody|boost\n|-boost|p2a: Smeargle|spe|2\n|-unboost|p2a: Smeargle|atk|1\n|upkeep\n|\n|t:|1739386039\n|switch|p1a: Calyrex|Calyrex-Shadow, L50, tera:Ghost|100\/100\n|-ability|p1a: Calyrex|As One\n|-ability|p1a: Calyrex|Unnerve\n|turn|4\n|\n|t:|1739386048\n|move|p2a: Smeargle|Spore|p1b: Urshifu\n|-status|p1b: Urshifu|slp|[from] move: Spore\n|move|p1a: Calyrex|Draining Kiss|p2a: Smeargle\n|-damage|p2a: Smeargle|0 fnt\n|faint|p2a: Smeargle\n|-ability|p1a: Calyrex|Grim Neigh|boost\n|-boost|p1a: Calyrex|spa|1\n|cant|p1b: Urshifu|slp\n|move|p2b: Ursaluna|Headlong Rush|p1a: Calyrex\n|-damage|p1a: Calyrex|0 fnt\n|-unboost|p2b: Ursaluna|def|1\n|-unboost|p2b: Ursaluna|spd|1\n|faint|p1a: Calyrex\n|\n|-damage|p2b: Ursaluna|72\/100 brn|[from] brn\n|upkeep\n|turn|5\n|\n|t:|1739386062\n|cant|p1b: Urshifu|slp\n|move|p2b: Ursaluna|Facade|p1b: Urshifu\n|-enditem|p1b: Urshifu|Focus Sash\n|-damage|p1b: Urshifu|1\/100 slp\n|\n|-damage|p2b: Ursaluna|66\/100 brn|[from] brn\n|upkeep\n|turn|6\n|\n|t:|1739386068\n|-curestatus|p1b: Urshifu|slp|[msg]\n|move|p1b: Urshifu|Detect|p1b: Urshifu\n|-singleturn|p1b: Urshifu|Protect\n|move|p2b: Ursaluna|Earthquake|p1b: Urshifu\n|-activate|p1b: Urshifu|move: Protect\n|\n|-damage|p2b: Ursaluna|60\/100 brn|[from] brn\n|upkeep\n|turn|7\n|\n|t:|1739386071\n|move|p1b: Urshifu|Close Combat|p2b: Ursaluna\n|-supereffective|p2b: Ursaluna\n|-damage|p2b: Ursaluna|0 fnt\n|-unboost|p1b: Urshifu|def|1\n|-unboost|p1b: Urshifu|spd|1\n|faint|p2b: Ursaluna\n|\n|win|Elquepruebatims2\n|raw|Elquepruebatims2's rating: 1526 &rarr; <strong>1550<\/strong><br \/>(+24 for winning)\n|raw|heyBeteritsVGC's rating: 1596 &rarr; <strong>1572<\/strong><br \/>(-24 for losing)\n|l|\u2606heyBeteritsVGC\n|player|p2|\n","uploadtime":1739386263,"views":7,"formatid":"gen9vgc2025regg","rating":1550,"private":0,"password":null}