{"id":"gen9vgc2025regg-2299893731","format":"[Gen 9] VGC 2025 Reg G","players":["qiin5","syarisyari"],"log":"|j|\u2606qiin5\n|j|\u2606syarisyari\n|t:|1739437143\n|gametype|doubles\n|player|p1|qiin5|170|1576\n|player|p2|syarisyari|266|1646\n|teamsize|p1|6\n|teamsize|p2|6\n|gen|9\n|tier|[Gen 9] VGC 2025 Reg G\n|rated|\n|rule|Species Clause: Limit one of each Pok\u00e9mon\n|rule|Item Clause: Limit 1 of each item\n|clearpoke\n|poke|p1|Smeargle, L50, F|\n|poke|p1|Muk-Alola, L50, F|\n|poke|p1|Annihilape, L50, M|\n|poke|p1|Calyrex-Ice, L50|\n|poke|p1|Sableye, L50, M|\n|poke|p1|Flamigo, L50, M|\n|poke|p2|Calyrex-Shadow, L50|\n|poke|p2|Clefairy, L50, F|\n|poke|p2|Rillaboom, L50, M|\n|poke|p2|Urshifu-*, L50, F|\n|poke|p2|Incineroar, L50, M|\n|poke|p2|Ogerpon, L50, F|\n|teampreview|4\n|\n|t:|1739437167\n|start\n|switch|p1a: Smeargle|Smeargle, L50, F|100\/100\n|switch|p1b: Muk|Muk-Alola, L50, F|100\/100\n|switch|p2a: Ogerpon|Ogerpon, L50, F|100\/100\n|switch|p2b: Urshifu|Urshifu-Rapid-Strike, L50, F|100\/100\n|turn|1\n|\n|t:|1739437178\n|move|p1a: Smeargle|Fake Out|p2b: Urshifu\n|-damage|p2b: Urshifu|95\/100\n|move|p2a: Ogerpon|Taunt|p1b: Muk\n|-start|p1b: Muk|move: Taunt\n|cant|p2b: Urshifu|flinch\n|cant|p1b: Muk|move: Taunt|Minimize\n|\n|-ability|p1a: Smeargle|Moody|boost\n|-boost|p1a: Smeargle|spe|2\n|-unboost|p1a: Smeargle|def|1\n|upkeep\n|turn|2\n|j| t_bone_4\n|\n|t:|1739437197\n|switch|p2b: Incineroar|Incineroar, L50, M|100\/100\n|-ability|p2b: Incineroar|Intimidate|boost\n|-unboost|p1a: Smeargle|atk|1\n|-unboost|p1b: Muk|atk|1\n|switch|p1b: Calyrex|Calyrex-Ice, L50|100\/100\n|-ability|p1b: Calyrex|As One\n|-ability|p1b: Calyrex|Unnerve\n|move|p1a: Smeargle|Spore|p2b: Incineroar\n|-activate|p2b: Incineroar|item: Safety Goggles|Spore\n|move|p2a: Ogerpon|Encore||[still]\n|-fail|p2a: Ogerpon\n|\n|-ability|p1a: Smeargle|Moody|boost\n|-boost|p1a: Smeargle|spa|2\n|-unboost|p1a: Smeargle|def|1\n|upkeep\n|turn|3\n|l| t_bone_4\n|\n|t:|1739437219\n|switch|p1b: Muk|Muk-Alola, L50, F|100\/100\n|move|p1a: Smeargle|Follow Me|p1a: Smeargle\n|-singleturn|p1a: Smeargle|move: Follow Me\n|move|p2a: Ogerpon|Bullet Seed|p1a: Smeargle\n|-crit|p1a: Smeargle\n|-damage|p1a: Smeargle|7\/100\n|-damage|p1a: Smeargle|0 fnt\n|faint|p1a: Smeargle\n|-ability|p1b: Muk|Moody|[from] ability: Power of Alchemy|[of] p1a: Smeargle\n|-hitcount|p1: Smeargle|2\n|move|p2b: Incineroar|Will-O-Wisp|p1b: Muk\n|-status|p1b: Muk|brn\n|\n|-damage|p1b: Muk|94\/100 brn|[from] brn\n|-ability|p1b: Muk|Moody|boost\n|-boost|p1b: Muk|spd|2\n|-unboost|p1b: Muk|spa|1\n|upkeep\n|\n|t:|1739437224\n|switch|p1a: Calyrex|Calyrex-Ice, L50|100\/100\n|-ability|p1a: Calyrex|As One\n|-ability|p1a: Calyrex|Unnerve\n|turn|4\n|\n|t:|1739437242\n|move|p2a: Ogerpon|Spiky Shield|p2a: Ogerpon\n|-singleturn|p2a: Ogerpon|move: Protect\n|move|p2b: Incineroar|Knock Off|p1a: Calyrex\n|-supereffective|p1a: Calyrex\n|-damage|p1a: Calyrex|54\/100\n|-enditem|p1a: Calyrex|Mental Herb|[from] move: Knock Off|[of] p2b: Incineroar\n|move|p1b: Muk|Minimize|p1b: Muk\n|-boost|p1b: Muk|evasion|2\n|move|p1a: Calyrex|Glacial Lance|p2b: Incineroar|[spread] p2b\n|-activate|p2a: Ogerpon|move: Protect\n|-resisted|p2b: Incineroar\n|-damage|p2b: Incineroar|80\/100\n|\n|-heal|p1b: Muk|100\/100 brn|[from] item: Leftovers\n|-damage|p1b: Muk|94\/100 brn|[from] brn\n|-ability|p1b: Muk|Moody|boost\n|-boost|p1b: Muk|spe|2\n|-unboost|p1b: Muk|atk|1\n|upkeep\n|turn|5\n|\n|t:|1739437255\n|move|p2a: Ogerpon|Taunt|p1b: Muk|[miss]\n|-miss|p2a: Ogerpon|p1b: Muk\n|move|p1b: Muk|Minimize|p1b: Muk\n|-boost|p1b: Muk|evasion|2\n|move|p2b: Incineroar|Parting Shot|p1a: Calyrex\n|-unboost|p1a: Calyrex|atk|1\n|-unboost|p1a: Calyrex|spa|1\n|\n|t:|1739437259\n|switch|p2b: Calyrex|Calyrex-Shadow, L50|100\/100|[from] Parting Shot\n|-ability|p2b: Calyrex|As One\n|-ability|p2b: Calyrex|Unnerve\n|move|p1a: Calyrex|Psych Up|p1b: Muk\n|-copyboost|p1a: Calyrex|p1b: Muk|[from] move: Psych Up\n|\n|-heal|p1b: Muk|100\/100 brn|[from] item: Leftovers\n|-damage|p1b: Muk|94\/100 brn|[from] brn\n|-ability|p1b: Muk|Moody|boost\n|-boost|p1b: Muk|def|2\n|-unboost|p1b: Muk|spe|1\n|upkeep\n|turn|6\n|\n|t:|1739437277\n|switch|p2b: Incineroar|Incineroar, L50, M|80\/100\n|-ability|p2b: Incineroar|Intimidate|boost\n|-unboost|p1a: Calyrex|atk|1\n|-unboost|p1b: Muk|atk|1\n|move|p2a: Ogerpon|Taunt|p1b: Muk\n|-start|p1b: Muk|move: Taunt\n|move|p1a: Calyrex|Leech Seed|p2b: Incineroar\n|-start|p2b: Incineroar|move: Leech Seed\n|cant|p1b: Muk|move: Taunt|Minimize\n|\n|-heal|p1b: Muk|100\/100 brn|[from] item: Leftovers\n|-damage|p2b: Incineroar|67\/100|[from] Leech Seed|[of] p1a: Calyrex\n|-heal|p1a: Calyrex|66\/100|[silent]\n|-damage|p1b: Muk|94\/100 brn|[from] brn\n|-ability|p1b: Muk|Moody|boost\n|-boost|p1b: Muk|atk|2\n|-unboost|p1b: Muk|def|1\n|upkeep\n|turn|7\n|\n|t:|1739437299\n|move|p2a: Ogerpon|Encore|p1a: Calyrex|[miss]\n|-miss|p2a: Ogerpon|p1a: Calyrex\n|move|p1a: Calyrex|Glacial Lance|p2a: Ogerpon|[spread] p2a,p2b\n|-supereffective|p2a: Ogerpon\n|-resisted|p2b: Incineroar\n|-damage|p2a: Ogerpon|42\/100\n|-damage|p2b: Incineroar|55\/100\n|move|p1b: Muk|Knock Off|p2a: Ogerpon\n|-damage|p2a: Ogerpon|17\/100\n|-enditem|p2a: Ogerpon|Loaded Dice|[from] move: Knock Off|[of] p1b: Muk\n|move|p2b: Incineroar|Parting Shot|p1a: Calyrex\n|-unboost|p1a: Calyrex|atk|1\n|-unboost|p1a: Calyrex|spa|1\n|\n|t:|1739437305\n|switch|p2b: Urshifu|Urshifu-Rapid-Strike, L50, F|95\/100|[from] Parting Shot\n|\n|-heal|p1b: Muk|100\/100 brn|[from] item: Leftovers\n|-damage|p1b: Muk|94\/100 brn|[from] brn\n|-ability|p1b: Muk|Moody|boost\n|-boost|p1b: Muk|spe|2\n|-unboost|p1b: Muk|def|1\n|upkeep\n|turn|8\n|\n|t:|1739437319\n|-terastallize|p1a: Calyrex|Water\n|move|p2a: Ogerpon|Spiky Shield|p2a: Ogerpon\n|-singleturn|p2a: Ogerpon|move: Protect\n|move|p1b: Muk|Knock Off|p2a: Ogerpon\n|-activate|p2a: Ogerpon|move: Protect\n|-damage|p1b: Muk|82\/100 brn|[from] Spiky Shield|[of] p2a: Ogerpon\n|move|p2b: Urshifu|Surging Strikes|p1b: Muk|[miss]\n|-miss|p2b: Urshifu|p1b: Muk\n|move|p1a: Calyrex|Leech Seed|p2b: Urshifu\n|-start|p2b: Urshifu|move: Leech Seed\n|\n|-heal|p1b: Muk|88\/100 brn|[from] item: Leftovers\n|-damage|p2b: Urshifu|83\/100|[from] Leech Seed|[of] p1a: Calyrex\n|-heal|p1a: Calyrex|77\/100|[silent]\n|-damage|p1b: Muk|82\/100 brn|[from] brn\n|-end|p1b: Muk|move: Taunt\n|-ability|p1b: Muk|Moody|boost\n|-boost|p1b: Muk|spd|2\n|-unboost|p1b: Muk|def|1\n|upkeep\n|turn|9\n|-message|syarisyari forfeited.\n|\n|win|qiin5\n|raw|qiin5's rating: 1576 &rarr; <strong>1600<\/strong><br \/>(+24 for winning)\n|raw|syarisyari's rating: 1646 &rarr; <strong>1622<\/strong><br \/>(-24 for losing)\n|l|\u2606syarisyari\n|player|p2|\n|l|\u2606qiin5\n|player|p1|\n","uploadtime":1739437731,"views":5,"formatid":"gen9vgc2025regg","rating":1600,"private":0,"password":null}