{"id":"gen9vgc2025regg-2299636291","format":"[Gen 9] VGC 2025 Reg G","players":["chappell murkroan","Zakmancho"],"log":"|j|\u2606chappell murkroan\n|j|\u2606Zakmancho\n|t:|1739398927\n|gametype|doubles\n|player|p1|chappell murkroan|caitlin|1697\n|player|p2|Zakmancho|102|1632\n|teamsize|p1|6\n|teamsize|p2|6\n|gen|9\n|tier|[Gen 9] VGC 2025 Reg G\n|rated|\n|rule|Species Clause: Limit one of each Pok\u00e9mon\n|rule|Item Clause: Limit 1 of each item\n|clearpoke\n|poke|p1|Slowking, L50, F|\n|poke|p1|Weezing-Galar, L50, M|\n|poke|p1|Baxcalibur, L50, M|\n|poke|p1|Kyogre, L50|\n|poke|p1|Indeedee-F, L50, F|\n|poke|p1|Smeargle, L50, M|\n|poke|p2|Koraidon, L50|\n|poke|p2|Chi-Yu, L50|\n|poke|p2|Flutter Mane, L50|\n|poke|p2|Ogerpon-Cornerstone, L50, F|\n|poke|p2|Raging Bolt, L50|\n|poke|p2|Whimsicott, L50, M|\n|teampreview|4\n|inactive|Battle timer is ON: inactive players will automatically lose when time's up. (requested by Zakmancho)\n|inactive|chappell murkroan also wants the timer to be on.\n|\n|t:|1739398948\n|start\n|switch|p1a: Baxcalibur|Baxcalibur, L50, M|100\/100\n|switch|p1b: Indeedee|Indeedee-F, L50, F|100\/100\n|switch|p2a: Whimsicott|Whimsicott, L50, M|100\/100\n|switch|p2b: Raging Bolt|Raging Bolt, L50|100\/100\n|-fieldstart|move: Psychic Terrain|[from] ability: Psychic Surge|[of] p1b: Indeedee\n|turn|1\n|\n|t:|1739398972\n|-terastallize|p2b: Raging Bolt|Fairy\n|move|p1b: Indeedee|Follow Me|p1b: Indeedee\n|-singleturn|p1b: Indeedee|move: Follow Me\n|move|p2a: Whimsicott|Moonblast|p1b: Indeedee\n|-damage|p1b: Indeedee|69\/100\n|move|p1a: Baxcalibur|Icicle Spear|p2a: Whimsicott\n|-supereffective|p2a: Whimsicott\n|-damage|p2a: Whimsicott|59\/100\n|-supereffective|p2a: Whimsicott\n|-damage|p2a: Whimsicott|13\/100\n|-supereffective|p2a: Whimsicott\n|-damage|p2a: Whimsicott|0 fnt\n|faint|p2a: Whimsicott\n|-hitcount|p2: Whimsicott|3\n|move|p2b: Raging Bolt|Thunderbolt|p1b: Indeedee\n|-damage|p1b: Indeedee|20\/100\n|\n|upkeep\n|\n|t:|1739398991\n|switch|p2a: Ogerpon|Ogerpon-Cornerstone, L50, F|100\/100\n|turn|2\n|\n|t:|1739399005\n|move|p2a: Ogerpon|Spiky Shield|p2a: Ogerpon\n|-singleturn|p2a: Ogerpon|move: Protect\n|move|p1a: Baxcalibur|Protect|p1a: Baxcalibur\n|-singleturn|p1a: Baxcalibur|Protect\n|move|p2b: Raging Bolt|Electroweb|p1a: Baxcalibur|[spread] p1b\n|-activate|p1a: Baxcalibur|move: Protect\n|-damage|p1b: Indeedee|0 fnt\n|faint|p1b: Indeedee\n|\n|upkeep\n|\n|t:|1739399008\n|switch|p1b: Kyogre|Kyogre, L50|100\/100\n|-weather|RainDance|[from] ability: Drizzle|[of] p1b: Kyogre\n|turn|3\n|\n|t:|1739399029\n|switch|p1a: Weezing|Weezing-Galar, L50, M|100\/100\n|-ability|p1a: Weezing|Neutralizing Gas\n|-terastallize|p1b: Kyogre|Water\n|move|p1b: Kyogre|Water Spout|p2a: Ogerpon|[spread] p2a,p2b\n|-damage|p2a: Ogerpon|0 fnt\n|-damage|p2b: Raging Bolt|23\/100\n|faint|p2a: Ogerpon\n|move|p2b: Raging Bolt|Electroweb|p1a: Weezing|[spread] p1a,p1b\n|-supereffective|p1b: Kyogre\n|-damage|p1a: Weezing|82\/100\n|-damage|p1b: Kyogre|69\/100\n|-unboost|p1a: Weezing|spe|1\n|-unboost|p1b: Kyogre|spe|1\n|\n|-weather|RainDance|[upkeep]\n|upkeep\n|j| Samevgcmons\n|\n|t:|1739399044\n|switch|p2a: Koraidon|Koraidon, L50|100\/100\n|turn|4\n|\n|t:|1739399060\n|switch|p1b: Baxcalibur|Baxcalibur, L50, M|100\/100\n|move|p2b: Raging Bolt|Thunderclap||[still]\n|-fail|p2b: Raging Bolt\n|move|p2a: Koraidon|Collision Course|p1b: Baxcalibur\n|-supereffective|p1b: Baxcalibur\n|-damage|p1b: Baxcalibur|0 fnt\n|faint|p1b: Baxcalibur\n|move|p1a: Weezing|Play Rough|p2a: Koraidon\n|-supereffective|p2a: Koraidon\n|-damage|p2a: Koraidon|0 fnt\n|faint|p2a: Koraidon\n|\n|-weather|RainDance|[upkeep]\n|upkeep\n|\n|t:|1739399072\n|switch|p1b: Kyogre|Kyogre, L50, tera:Water|69\/100\n|turn|5\n|\n|t:|1739399077\n|move|p2b: Raging Bolt|Thunderclap|p1b: Kyogre\n|-activate|p1b: Kyogre|move: Psychic Terrain\n|move|p1b: Kyogre|Water Spout|p2b: Raging Bolt\n|-damage|p2b: Raging Bolt|0 fnt\n|faint|p2b: Raging Bolt\n|-end|p2b: Raging Bolt|Protosynthesis|[silent]\n|\n|win|chappell murkroan\n|raw|chappell murkroan's rating: 1697 &rarr; <strong>1713<\/strong><br \/>(+16 for winning)\n|raw|Zakmancho's rating: 1632 &rarr; <strong>1616<\/strong><br \/>(-16 for losing)\n|l|\u2606Zakmancho\n|player|p2|\n|l|\u2606chappell murkroan\n|player|p1|\n|l| Samevgcmons\n","uploadtime":1739399269,"views":5,"formatid":"gen9vgc2025regg","rating":1616,"private":0,"password":null}