{"id":"gen9vgc2025regg-2299010760","format":"[Gen 9] VGC 2025 Reg G","players":["Tempest brute","Iamsliverfish"],"log":"|j|\u2606Tempest brute\n|j|\u2606Iamsliverfish\n|t:|1739318356\n|gametype|doubles\n|player|p1|Tempest brute|265|1749\n|player|p2|Iamsliverfish|hiker-gen4|1784\n|teamsize|p1|4\n|teamsize|p2|6\n|gen|9\n|tier|[Gen 9] VGC 2025 Reg G\n|rated|\n|rule|Species Clause: Limit one of each Pok\u00e9mon\n|rule|Item Clause: Limit 1 of each item\n|clearpoke\n|poke|p1|Terapagos, L50, M|\n|poke|p1|Iron Leaves, L50|\n|poke|p1|Iron Hands, L50|\n|poke|p1|Moltres, L50|\n|poke|p2|Calyrex-Shadow, L50|\n|poke|p2|Ursaluna, L50, F|\n|poke|p2|Indeedee-F, L50, F|\n|poke|p2|Ogerpon-Wellspring, L50, F|\n|poke|p2|Tornadus, L50, M|\n|poke|p2|Chi-Yu, L50|\n|teampreview|4\n|j| Jfabricio23\n|\n|t:|1739318399\n|start\n|switch|p1a: Terapagos|Terapagos, L50, M|100\/100\n|switch|p1b: Iron Leaves|Iron Leaves, L50|100\/100\n|switch|p2a: Indeedee|Indeedee-F, L50, F|100\/100\n|switch|p2b: Ursaluna|Ursaluna, L50, F|100\/100\n|-activate|p1a: Terapagos|ability: Tera Shift\n|detailschange|p1a: Terapagos|Terapagos-Terastal, L50, M\n|-heal|p1a: Terapagos|100\/100|[silent]\n|-fieldstart|move: Psychic Terrain|[from] ability: Psychic Surge|[of] p2a: Indeedee\n|-enditem|p1b: Iron Leaves|Booster Energy\n|-activate|p1b: Iron Leaves|ability: Quark Drive|[fromitem]\n|-start|p1b: Iron Leaves|quarkdrivespe\n|turn|1\n|\n|t:|1739318417\n|move|p1b: Iron Leaves|Coaching|p1a: Terapagos\n|-boost|p1a: Terapagos|atk|1\n|-boost|p1a: Terapagos|def|1\n|move|p1a: Terapagos|Tera Starstorm|p2a: Indeedee\n|-damage|p2a: Indeedee|60\/100\n|move|p2b: Ursaluna|Swords Dance|p2b: Ursaluna\n|-boost|p2b: Ursaluna|atk|2\n|move|p2a: Indeedee|Trick Room|p2a: Indeedee\n|-fieldstart|move: Trick Room|[of] p2a: Indeedee\n|\n|-status|p2b: Ursaluna|brn|[from] item: Flame Orb\n|upkeep\n|turn|2\n|j| mr pogostick\n|\n|t:|1739318429\n|-end|p1b: Iron Leaves|Quark Drive|[silent]\n|switch|p1b: Iron Hands|Iron Hands, L50|100\/100\n|-terastallize|p1a: Terapagos|Stellar\n|detailschange|p1a: Terapagos|Terapagos-Stellar, L50, M, tera:Stellar\n|-heal|p1a: Terapagos|100\/100|[silent]\n|-ability|p1a: Terapagos|Teraform Zero\n|-fieldend|move: Psychic Terrain\n|move|p2b: Ursaluna|Facade|p1b: Iron Hands\n|-damage|p1b: Iron Hands|0 fnt\n|faint|p1b: Iron Hands\n|-end|p1b: Iron Hands|Quark Drive|[silent]\n|move|p1a: Terapagos|Body Press|p2b: Ursaluna\n|-supereffective|p2b: Ursaluna\n|-damage|p2b: Ursaluna|31\/100 brn\n|move|p2a: Indeedee|Alluring Voice|p1a: Terapagos\n|-damage|p1a: Terapagos|91\/100\n|\n|-heal|p1a: Terapagos|97\/100|[from] item: Leftovers\n|-damage|p2b: Ursaluna|25\/100 brn|[from] brn\n|upkeep\n|\n|t:|1739318440\n|switch|p1b: Iron Leaves|Iron Leaves, L50|100\/100\n|turn|3\n|j| sauromon\n|\n|t:|1739318456\n|move|p2b: Ursaluna|Protect|p2b: Ursaluna\n|-singleturn|p2b: Ursaluna|Protect\n|move|p1a: Terapagos|Tera Starstorm|p2a: Indeedee|[spread] p2a\n|-activate|p2b: Ursaluna|move: Protect\n|-damage|p2a: Indeedee|23\/100\n|move|p2a: Indeedee|Alluring Voice|p1b: Iron Leaves\n|-damage|p1b: Iron Leaves|84\/100\n|move|p1b: Iron Leaves|Leaf Blade|p2a: Indeedee\n|-damage|p2a: Indeedee|0 fnt\n|faint|p2a: Indeedee\n|\n|-heal|p1a: Terapagos|100\/100|[from] item: Leftovers\n|-damage|p2b: Ursaluna|20\/100 brn|[from] brn\n|upkeep\n|\n|t:|1739318459\n|switch|p2a: Chi-Yu|Chi-Yu, L50|100\/100\n|-ability|p2a: Chi-Yu|Beads of Ruin\n|turn|4\n|\n|t:|1739318469\n|move|p1a: Terapagos|Protect|p1a: Terapagos\n|-singleturn|p1a: Terapagos|Protect\n|move|p2b: Ursaluna|Facade|p1a: Terapagos\n|-activate|p1a: Terapagos|move: Protect\n|move|p1b: Iron Leaves|Leaf Blade|p2b: Ursaluna\n|-supereffective|p2b: Ursaluna\n|-damage|p2b: Ursaluna|0 fnt\n|faint|p2b: Ursaluna\n|move|p2a: Chi-Yu|Heat Wave|p1a: Terapagos|[spread] p1b\n|-activate|p1a: Terapagos|move: Protect\n|-supereffective|p1b: Iron Leaves\n|-damage|p1b: Iron Leaves|0 fnt\n|faint|p1b: Iron Leaves\n|-end|p1b: Iron Leaves|Quark Drive|[silent]\n|\n|upkeep\n|\n|t:|1739318472\n|switch|p2b: Calyrex|Calyrex-Shadow, L50|100\/100\n|switch|p1b: Moltres|Moltres, L50|100\/100\n|-ability|p2b: Calyrex|As One\n|-ability|p2b: Calyrex|Unnerve\n|turn|5\n|\n|t:|1739318485\n|move|p1a: Terapagos|Tera Starstorm|p2a: Chi-Yu|[spread] p2a,p2b\n|-damage|p2a: Chi-Yu|46\/100\n|-damage|p2b: Calyrex|60\/100\n|move|p1b: Moltres|Air Slash|p2a: Chi-Yu\n|-damage|p2a: Chi-Yu|11\/100\n|move|p2b: Calyrex|Expanding Force|p1b: Moltres\n|-damage|p1b: Moltres|21\/100\n|-damage|p2b: Calyrex|50\/100|[from] item: Life Orb\n|move|p2a: Chi-Yu|Heat Wave|p1b: Moltres|[spread] p1a\n|-miss|p2a: Chi-Yu|p1b: Moltres\n|-damage|p1a: Terapagos|74\/100\n|\n|-heal|p1a: Terapagos|80\/100|[from] item: Leftovers\n|-fieldend|move: Trick Room\n|upkeep\n|turn|6\n|\n|t:|1739318498\n|move|p2a: Chi-Yu|Heat Wave|p1a: Terapagos|[spread] p1a,p1b\n|-resisted|p1b: Moltres\n|-damage|p1a: Terapagos|50\/100\n|-damage|p1b: Moltres|0 fnt\n|faint|p1b: Moltres\n|move|p2b: Calyrex|Expanding Force|p1a: Terapagos\n|-damage|p1a: Terapagos|2\/100\n|-damage|p2b: Calyrex|40\/100|[from] item: Life Orb\n|move|p1a: Terapagos|Tera Starstorm|p2a: Chi-Yu|[spread] p2a,p2b\n|-damage|p2a: Chi-Yu|0 fnt\n|-damage|p2b: Calyrex|0 fnt\n|faint|p2a: Chi-Yu\n|faint|p2b: Calyrex\n|\n|win|Tempest brute\n|raw|Tempest brute's rating: 1749 &rarr; <strong>1771<\/strong><br \/>(+22 for winning)\n|raw|Iamsliverfish's rating: 1784 &rarr; <strong>1762<\/strong><br \/>(-22 for losing)\n|l|\u2606Iamsliverfish\n|player|p2|\n|l| mr pogostick\n|l| Jfabricio23\n|l| sauromon\n|j| UGCL\n|l| UGCL\n","uploadtime":1739318752,"views":87,"formatid":"gen9vgc2025regg","rating":1762,"private":0,"password":null}