{"id":"gen9vgc2025regg-2299854760","format":"[Gen 9] VGC 2025 Reg G","players":["futonkagebunshin","Ilovecatgirlsmeow"],"log":"|j|\u2606futonkagebunshin\n|j|\u2606Ilovecatgirlsmeow\n|t:|1739429428\n|gametype|doubles\n|player|p1|futonkagebunshin|policeman-gen4|1547\n|player|p2|Ilovecatgirlsmeow|waitress-gen4|1547\n|teamsize|p1|6\n|teamsize|p2|6\n|gen|9\n|tier|[Gen 9] VGC 2025 Reg G\n|rated|\n|rule|Species Clause: Limit one of each Pok\u00e9mon\n|rule|Item Clause: Limit 1 of each item\n|clearpoke\n|poke|p1|Groudon, L50|\n|poke|p1|Gallade, L50, M|\n|poke|p1|Chien-Pao, L50|\n|poke|p1|Walking Wake, L50|\n|poke|p1|Ogerpon-Cornerstone, L50, F|\n|poke|p1|Flutter Mane, L50|\n|poke|p2|Heatran, L50, M|\n|poke|p2|Terapagos, L50, M|\n|poke|p2|Incineroar, L50, M|\n|poke|p2|Ogerpon-Cornerstone, L50, F|\n|poke|p2|Scream Tail, L50|\n|poke|p2|Rillaboom, L50, M|\n|teampreview|4\n|\n|t:|1739429471\n|start\n|switch|p1a: Groudon|Groudon, L50|100\/100\n|switch|p1b: Walking Wake|Walking Wake, L50|100\/100\n|switch|p2a: Terapagos|Terapagos, L50, M|100\/100\n|switch|p2b: Rillaboom|Rillaboom, L50, M|100\/100\n|-activate|p2a: Terapagos|ability: Tera Shift\n|detailschange|p2a: Terapagos|Terapagos-Terastal, L50, M\n|-heal|p2a: Terapagos|100\/100|[silent]\n|-weather|SunnyDay|[from] ability: Drought|[of] p1a: Groudon\n|-activate|p1b: Walking Wake|ability: Protosynthesis\n|-start|p1b: Walking Wake|protosynthesisspa\n|-fieldstart|move: Grassy Terrain|[from] ability: Grassy Surge|[of] p2b: Rillaboom\n|turn|1\n|\n|t:|1739429493\n|move|p2b: Rillaboom|Fake Out|p1a: Groudon\n|-damage|p1a: Groudon|92\/100\n|move|p1b: Walking Wake|Hydro Steam|p2a: Terapagos\n|-activate|p2a: Terapagos|ability: Tera Shell\n|-resisted|p2a: Terapagos\n|-damage|p2a: Terapagos|67\/100\n|move|p2a: Terapagos|Calm Mind|p2a: Terapagos\n|-boost|p2a: Terapagos|spa|1\n|-boost|p2a: Terapagos|spd|1\n|cant|p1a: Groudon|flinch\n|\n|-weather|SunnyDay|[upkeep]\n|-heal|p2a: Terapagos|73\/100|[from] Grassy Terrain\n|-heal|p2a: Terapagos|80\/100|[from] item: Leftovers\n|-heal|p1a: Groudon|98\/100|[from] Grassy Terrain\n|upkeep\n|turn|2\n|j| t1op\n|\n|t:|1739429539\n|move|p2a: Terapagos|Protect|p2a: Terapagos\n|-singleturn|p2a: Terapagos|Protect\n|move|p1b: Walking Wake|Hydro Steam|p2a: Terapagos\n|-activate|p2a: Terapagos|move: Protect\n|move|p1a: Groudon|Heat Crash|p2b: Rillaboom\n|-supereffective|p2b: Rillaboom\n|-damage|p2b: Rillaboom|0 fnt\n|faint|p2b: Rillaboom\n|\n|-weather|SunnyDay|[upkeep]\n|-heal|p2a: Terapagos|86\/100|[from] Grassy Terrain\n|-heal|p2a: Terapagos|92\/100|[from] item: Leftovers\n|-heal|p1a: Groudon|100\/100|[from] Grassy Terrain\n|upkeep\n|\n|t:|1739429548\n|switch|p2b: Scream Tail|Scream Tail, L50|100\/100\n|-activate|p2b: Scream Tail|ability: Protosynthesis\n|-start|p2b: Scream Tail|protosynthesisspe\n|turn|3\n|l| t1op\n|\n|t:|1739429602\n|-terastallize|p2a: Terapagos|Stellar\n|detailschange|p2a: Terapagos|Terapagos-Stellar, L50, M, tera:Stellar\n|-heal|p2a: Terapagos|94\/100|[silent]\n|-ability|p2a: Terapagos|Teraform Zero\n|-weather|none\n|-end|p2b: Scream Tail|Protosynthesis\n|-end|p1b: Walking Wake|Protosynthesis\n|-fieldend|move: Grassy Terrain\n|-enditem|p2b: Scream Tail|Booster Energy\n|-activate|p2b: Scream Tail|ability: Protosynthesis|[fromitem]\n|-start|p2b: Scream Tail|protosynthesisspe\n|move|p2b: Scream Tail|Encore|p1a: Groudon\n|-start|p1a: Groudon|Encore\n|move|p1b: Walking Wake|Draco Meteor|p2a: Terapagos\n|-damage|p2a: Terapagos|65\/100\n|-unboost|p1b: Walking Wake|spa|2\n|move|p2a: Terapagos|Calm Mind|p2a: Terapagos\n|-boost|p2a: Terapagos|spa|1\n|-boost|p2a: Terapagos|spd|1\n|move|p1a: Groudon|Heat Crash|p2a: Terapagos\n|-damage|p2a: Terapagos|36\/100\n|\n|-heal|p2a: Terapagos|42\/100|[from] item: Leftovers\n|upkeep\n|turn|4\n|\n|t:|1739429634\n|-end|p1b: Walking Wake|Protosynthesis|[silent]\n|switch|p1b: Flutter Mane|Flutter Mane, L50|100\/100\n|switch|p1a: Gallade|Gallade, L50, M|100\/100\n|move|p2b: Scream Tail|Disable||[still]\n|-fail|p2b: Scream Tail\n|move|p2a: Terapagos|Substitute|p2a: Terapagos\n|-start|p2a: Terapagos|Substitute\n|-damage|p2a: Terapagos|17\/100\n|\n|-heal|p2a: Terapagos|23\/100|[from] item: Leftovers\n|upkeep\n|turn|5\n|\n|t:|1739429666\n|switch|p1a: Groudon|Groudon, L50|100\/100\n|-weather|SunnyDay|[from] ability: Drought|[of] p1a: Groudon\n|-activate|p1b: Flutter Mane|ability: Protosynthesis\n|-start|p1b: Flutter Mane|protosynthesisspe\n|move|p2b: Scream Tail|Protect|p2b: Scream Tail\n|-singleturn|p2b: Scream Tail|Protect\n|move|p2a: Terapagos|Protect|p2a: Terapagos\n|-singleturn|p2a: Terapagos|Protect\n|move|p1b: Flutter Mane|Dazzling Gleam|p2a: Terapagos|[spread] \n|-activate|p2a: Terapagos|move: Protect\n|-activate|p2b: Scream Tail|move: Protect\n|\n|-weather|SunnyDay|[upkeep]\n|-heal|p2a: Terapagos|30\/100|[from] item: Leftovers\n|upkeep\n|turn|6\n|\n|t:|1739429691\n|move|p1b: Flutter Mane|Dazzling Gleam|p2a: Terapagos|[spread] p2a,p2b\n|-activate|p2a: Terapagos|move: Substitute|[damage]\n|-damage|p2b: Scream Tail|69\/100\n|move|p2b: Scream Tail|Disable|p1b: Flutter Mane\n|-start|p1b: Flutter Mane|Disable|Dazzling Gleam\n|move|p2a: Terapagos|Tera Starstorm|p1a: Groudon|[spread] p1a,p1b\n|-damage|p1a: Groudon|63\/100\n|-damage|p1b: Flutter Mane|36\/100\n|move|p1a: Groudon|Heat Crash|p2b: Scream Tail\n|-damage|p2b: Scream Tail|8\/100\n|\n|-weather|SunnyDay|[upkeep]\n|-heal|p2a: Terapagos|36\/100|[from] item: Leftovers\n|upkeep\n|turn|7\n|\n|t:|1739429710\n|-end|p1b: Flutter Mane|Protosynthesis|[silent]\n|switch|p1b: Gallade|Gallade, L50, M|100\/100\n|-end|p2b: Scream Tail|Protosynthesis|[silent]\n|switch|p2b: Incineroar|Incineroar, L50, M|100\/100\n|-ability|p2b: Incineroar|Intimidate|boost\n|-unboost|p1a: Groudon|atk|1\n|-fail|p1b: Gallade|unboost|[from] item: Clear Amulet|[of] p1b: Gallade\n|move|p2a: Terapagos|Tera Starstorm|p1a: Groudon|[spread] p1a,p1b\n|-damage|p1a: Groudon|26\/100\n|-damage|p1b: Gallade|41\/100\n|move|p1a: Groudon|Precipice Blades|p2a: Terapagos|[spread] p2a,p2b\n|-end|p2a: Terapagos|Substitute\n|-supereffective|p2b: Incineroar\n|-damage|p2b: Incineroar|47\/100\n|\n|-weather|SunnyDay|[upkeep]\n|-heal|p2a: Terapagos|42\/100|[from] item: Leftovers\n|upkeep\n|turn|8\n|\n|t:|1739429740\n|move|p2a: Terapagos|Protect|p2a: Terapagos\n|-singleturn|p2a: Terapagos|Protect\n|move|p1a: Groudon|Heat Crash|p2a: Terapagos\n|-activate|p2a: Terapagos|move: Protect\n|move|p1b: Gallade|Sacred Sword|p2a: Terapagos\n|-activate|p2a: Terapagos|move: Protect\n|move|p2b: Incineroar|Knock Off|p1b: Gallade\n|-damage|p1b: Gallade|0 fnt\n|-enditem|p1b: Gallade|Clear Amulet|[from] move: Knock Off|[of] p2b: Incineroar\n|faint|p1b: Gallade\n|\n|-weather|SunnyDay|[upkeep]\n|-heal|p2a: Terapagos|48\/100|[from] item: Leftovers\n|upkeep\n|\n|t:|1739429750\n|switch|p1b: Flutter Mane|Flutter Mane, L50|36\/100\n|-activate|p1b: Flutter Mane|ability: Protosynthesis\n|-start|p1b: Flutter Mane|protosynthesisspe\n|turn|9\n|\n|t:|1739429787\n|switch|p1a: Walking Wake|Walking Wake, L50|100\/100\n|-activate|p1a: Walking Wake|ability: Protosynthesis\n|-start|p1a: Walking Wake|protosynthesisspa\n|move|p1b: Flutter Mane|Dazzling Gleam|p2a: Terapagos|[spread] p2a,p2b\n|-damage|p2a: Terapagos|34\/100\n|-damage|p2b: Incineroar|5\/100\n|move|p2a: Terapagos|Tera Starstorm|p1a: Walking Wake|[spread] p1a,p1b\n|-damage|p1a: Walking Wake|28\/100\n|-damage|p1b: Flutter Mane|0 fnt\n|faint|p1b: Flutter Mane\n|-end|p1b: Flutter Mane|Protosynthesis|[silent]\n|move|p2b: Incineroar|Parting Shot|p1a: Walking Wake\n|-unboost|p1a: Walking Wake|atk|1\n|-unboost|p1a: Walking Wake|spa|1\n|\n|t:|1739429801\n|switch|p2b: Scream Tail|Scream Tail, L50|8\/100|[from] Parting Shot\n|-activate|p2b: Scream Tail|ability: Protosynthesis\n|-start|p2b: Scream Tail|protosynthesisspe\n|\n|-weather|none\n|-end|p2b: Scream Tail|Protosynthesis\n|-end|p1a: Walking Wake|Protosynthesis\n|-heal|p2a: Terapagos|40\/100|[from] item: Leftovers\n|upkeep\n|\n|t:|1739429805\n|switch|p1b: Groudon|Groudon, L50|26\/100\n|-weather|SunnyDay|[from] ability: Drought|[of] p1b: Groudon\n|-activate|p2b: Scream Tail|ability: Protosynthesis\n|-start|p2b: Scream Tail|protosynthesisspe\n|-activate|p1a: Walking Wake|ability: Protosynthesis\n|-start|p1a: Walking Wake|protosynthesisspe\n|turn|10\n|-message|futonkagebunshin forfeited.\n|\n|win|Ilovecatgirlsmeow\n|raw|futonkagebunshin's rating: 1547 &rarr; <strong>1527<\/strong><br \/>(-20 for losing)\n|raw|Ilovecatgirlsmeow's rating: 1547 &rarr; <strong>1567<\/strong><br \/>(+20 for winning)\n|l|\u2606Ilovecatgirlsmeow\n|player|p2|\n","uploadtime":1739430052,"views":4,"formatid":"gen9vgc2025regg","rating":1527,"private":0,"password":null}