{"id":"gen9vgc2025regg-2299257722","format":"[Gen 9] VGC 2025 Reg G","players":["astral_ttm","Weakest blow"],"log":"|j|\u2606astral_ttm\n|j|\u2606Weakest blow\n|t:|1739357432\n|gametype|doubles\n|player|p1|astral_ttm|170|1585\n|player|p2|Weakest blow|depotagent|1611\n|teamsize|p1|6\n|teamsize|p2|6\n|gen|9\n|tier|[Gen 9] VGC 2025 Reg G\n|rated|\n|rule|Species Clause: Limit one of each Pok\u00e9mon\n|rule|Item Clause: Limit 1 of each item\n|clearpoke\n|poke|p1|Calyrex-Ice, L50|\n|poke|p1|Urshifu-*, L50, F|\n|poke|p1|Landorus, L50, M|\n|poke|p1|Ogerpon-Cornerstone, L50, F|\n|poke|p1|Amoonguss, L50, M|\n|poke|p1|Pelipper, L50, M|\n|poke|p2|Gholdengo, L50|\n|poke|p2|Iron Hands, L50|\n|poke|p2|Miraidon, L50|\n|poke|p2|Pelipper, L50, F|\n|poke|p2|Volcarona, L50, M|\n|poke|p2|Whimsicott, L50, M|\n|teampreview|4\n|j| Parvi\n|inactive|Battle timer is ON: inactive players will automatically lose when time's up. (requested by astral_ttm)\n|\n|t:|1739357483\n|start\n|switch|p1a: Landorus|Landorus, L50, M|100\/100\n|switch|p1b: Calyrex|Calyrex-Ice, L50|100\/100\n|switch|p2a: Miraidon|Miraidon, L50|100\/100\n|switch|p2b: Gholdengo|Gholdengo, L50|100\/100\n|-ability|p1b: Calyrex|As One\n|-ability|p1b: Calyrex|Unnerve\n|-fieldstart|move: Electric Terrain|[from] ability: Hadron Engine|[of] p2a: Miraidon\n|turn|1\n|inactive|astral_ttm has 30 seconds left.\n|inactive|Weakest blow has 30 seconds left.\n|\n|t:|1739357519\n|switch|p2b: Pelipper|Pelipper, L50, F|100\/100\n|-weather|RainDance|[from] ability: Drizzle|[of] p2b: Pelipper\n|-enditem|p2b: Pelipper|Electric Seed\n|-boost|p2b: Pelipper|def|1|[from] item: Electric Seed\n|-terastallize|p2a: Miraidon|Fairy\n|-terastallize|p1b: Calyrex|Grass\n|move|p1a: Landorus|Sandsear Storm|p2a: Miraidon|[spread] p2a\n|-immune|p2b: Pelipper\n|-damage|p2a: Miraidon|52\/100\n|move|p2a: Miraidon|Draco Meteor|p1b: Calyrex\n|-damage|p1b: Calyrex|17\/100\n|-unboost|p2a: Miraidon|spa|2\n|-damage|p2a: Miraidon|42\/100|[from] item: Life Orb\n|move|p1b: Calyrex|Trick Room|p1b: Calyrex\n|-fieldstart|move: Trick Room|[of] p1b: Calyrex\n|\n|-weather|RainDance|[upkeep]\n|upkeep\n|turn|2\n|inactive|astral_ttm has 30 seconds left.\n|inactive|Weakest blow has 30 seconds left.\n|inactive|Weakest blow has 20 seconds left.\n|\n|t:|1739357556\n|move|p1b: Calyrex|Protect|p1b: Calyrex\n|-singleturn|p1b: Calyrex|Protect\n|move|p2b: Pelipper|Hurricane|p1b: Calyrex\n|-activate|p1b: Calyrex|move: Protect\n|move|p2a: Miraidon|Dazzling Gleam|p1a: Landorus|[spread] p1a\n|-activate|p1b: Calyrex|move: Protect\n|-damage|p1a: Landorus|64\/100\n|-damage|p2a: Miraidon|33\/100|[from] item: Life Orb\n|move|p1a: Landorus|Sandsear Storm|p2a: Miraidon|[spread] p2a\n|-immune|p2b: Pelipper\n|-damage|p2a: Miraidon|0 fnt\n|faint|p2a: Miraidon\n|\n|-weather|RainDance|[upkeep]\n|upkeep\n|\n|t:|1739357581\n|switch|p2a: Gholdengo|Gholdengo, L50|100\/100\n|turn|3\n|\n|t:|1739357599\n|switch|p1b: Ogerpon|Ogerpon-Cornerstone, L50, F|100\/100\n|move|p2a: Gholdengo|Protect|p2a: Gholdengo\n|-singleturn|p2a: Gholdengo|Protect\n|move|p2b: Pelipper|Hurricane|p1b: Ogerpon\n|-damage|p1b: Ogerpon|52\/100\n|-start|p1b: Ogerpon|confusion\n|move|p1a: Landorus|Sandsear Storm|p2b: Pelipper|[spread] \n|-activate|p2a: Gholdengo|move: Protect\n|-immune|p2b: Pelipper\n|\n|-weather|RainDance|[upkeep]\n|upkeep\n|turn|4\n|inactive|astral_ttm has 30 seconds left.\n|\n|t:|1739357628\n|-activate|p1b: Ogerpon|confusion\n|move|p1b: Ogerpon|Spiky Shield|p1b: Ogerpon\n|-singleturn|p1b: Ogerpon|move: Protect\n|move|p2b: Pelipper|Hurricane|p1a: Landorus\n|-damage|p1a: Landorus|16\/100\n|-start|p1a: Landorus|confusion\n|move|p2a: Gholdengo|Make It Rain|p1a: Landorus|[spread] p1a\n|-activate|p1b: Ogerpon|move: Protect\n|-damage|p1a: Landorus|0 fnt\n|-unboost|p2a: Gholdengo|spa|1\n|faint|p1a: Landorus\n|\n|-weather|RainDance|[upkeep]\n|upkeep\n|\n|t:|1739357638\n|switch|p1a: Amoonguss|Amoonguss, L50, M, shiny|100\/100\n|turn|5\n|\n|t:|1739357661\n|move|p2b: Pelipper|Protect|p2b: Pelipper\n|-singleturn|p2b: Pelipper|Protect\n|move|p1a: Amoonguss|Pollen Puff|p1b: Ogerpon\n|-heal|p1b: Ogerpon|100\/100\n|move|p2a: Gholdengo|Make It Rain|p1b: Ogerpon|[spread] p1a,p1b\n|-supereffective|p1b: Ogerpon\n|-damage|p1a: Amoonguss|73\/100\n|-damage|p1b: Ogerpon|26\/100\n|-unboost|p2a: Gholdengo|spa|1\n|-activate|p1b: Ogerpon|confusion\n|move|p1b: Ogerpon|Ivy Cudgel|p2b: Pelipper|[anim] Ivy Cudgel Rock\n|-activate|p2b: Pelipper|move: Protect\n|\n|-weather|none\n|-fieldend|move: Trick Room\n|-fieldend|move: Electric Terrain\n|upkeep\n|turn|6\n|j| continuethesaga\n|\n|t:|1739357684\n|switch|p2a: Iron Hands|Iron Hands, L50|100\/100\n|-end|p1b: Ogerpon|confusion\n|move|p1b: Ogerpon|Follow Me|p1b: Ogerpon\n|-singleturn|p1b: Ogerpon|move: Follow Me\n|move|p2b: Pelipper|Hurricane|p1b: Ogerpon\n|-damage|p1b: Ogerpon|0 fnt\n|faint|p1b: Ogerpon\n|move|p1a: Amoonguss|Spore|p2b: Pelipper\n|-status|p2b: Pelipper|slp|[from] move: Spore\n|\n|upkeep\n|\n|t:|1739357691\n|switch|p1b: Calyrex|Calyrex-Ice, L50, tera:Grass|17\/100\n|-ability|p1b: Calyrex|As One\n|-ability|p1b: Calyrex|Unnerve\n|turn|7\n|\n|t:|1739357703\n|switch|p2b: Gholdengo|Gholdengo, L50|100\/100\n|move|p2a: Iron Hands|Fake Out|p1b: Calyrex\n|-damage|p1b: Calyrex|7\/100\n|move|p1a: Amoonguss|Rage Powder|p1a: Amoonguss\n|-singleturn|p1a: Amoonguss|move: Rage Powder\n|cant|p1b: Calyrex|flinch\n|\n|upkeep\n|turn|8\n|-message|astral_ttm forfeited.\n|\n|win|Weakest blow\n|raw|astral_ttm's rating: 1585 &rarr; <strong>1566<\/strong><br \/>(-19 for losing)\n|raw|Weakest blow's rating: 1611 &rarr; <strong>1630<\/strong><br \/>(+19 for winning)\n|l|\u2606astral_ttm\n|player|p1|\n","uploadtime":1739357718,"views":22,"formatid":"gen9vgc2025regg","rating":1566,"private":0,"password":null}