{"id":"gen9vgc2025regg-2299627982","format":"[Gen 9] VGC 2025 Reg G","players":["Crazy Daisy Doo","xatseye"],"log":"|j|\u2606Crazy Daisy Doo\n|j|\u2606xatseye\n|t:|1739398024\n|gametype|doubles\n|player|p1|Crazy Daisy Doo|red|1646\n|player|p2|xatseye|unknown|1694\n|teamsize|p1|6\n|teamsize|p2|6\n|gen|9\n|tier|[Gen 9] VGC 2025 Reg G\n|rated|\n|rule|Species Clause: Limit one of each Pok\u00e9mon\n|rule|Item Clause: Limit 1 of each item\n|clearpoke\n|poke|p1|Flutter Mane, L50|\n|poke|p1|Calyrex-Shadow, L50|\n|poke|p1|Urshifu-*, L50, F|\n|poke|p1|Ogerpon-Cornerstone, L50, F|\n|poke|p1|Chi-Yu, L50|\n|poke|p1|Raging Bolt, L50|\n|poke|p2|Miraidon, L50|\n|poke|p2|Incineroar, L50, F|\n|poke|p2|Urshifu-*, L50, F|\n|poke|p2|Oranguru, L50, F|\n|poke|p2|Clefairy, L50, F|\n|poke|p2|Iron Valiant, L50|\n|teampreview|4\n|inactive|Battle timer is ON: inactive players will automatically lose when time's up. (requested by xatseye)\n|inactive|Crazy Daisy Doo has 60 seconds left.\n|inactive|xatseye has 60 seconds left.\n|\n|t:|1739398067\n|start\n|switch|p1a: Flutter Mane|Flutter Mane, L50|100\/100\n|switch|p1b: Calyrex|Calyrex-Shadow, L50|100\/100\n|switch|p2a: Miraidon|Miraidon, L50|100\/100\n|switch|p2b: Oranguru|Oranguru, L50, F|100\/100\n|-ability|p1b: Calyrex|As One\n|-ability|p1b: Calyrex|Unnerve\n|-fieldstart|move: Electric Terrain|[from] ability: Hadron Engine|[of] p2a: Miraidon\n|-enditem|p2a: Miraidon|Electric Seed\n|-boost|p2a: Miraidon|def|1|[from] item: Electric Seed\n|-activate|p2b: Oranguru|ability: Symbiosis|Covert Cloak|[of] p2a: Miraidon\n|-enditem|p1a: Flutter Mane|Booster Energy\n|-activate|p1a: Flutter Mane|ability: Protosynthesis|[fromitem]\n|-start|p1a: Flutter Mane|protosynthesisspe\n|turn|1\n|\n|t:|1739398091\n|-terastallize|p2a: Miraidon|Electric\n|move|p1a: Flutter Mane|Fake Tears|p2a: Miraidon\n|-unboost|p2a: Miraidon|spd|2\n|move|p1b: Calyrex|Psychic|p2a: Miraidon\n|-damage|p2a: Miraidon|18\/100\n|move|p2a: Miraidon|Calm Mind|p2a: Miraidon\n|-boost|p2a: Miraidon|spa|1\n|-boost|p2a: Miraidon|spd|1\n|move|p2b: Oranguru|Instruct|p2a: Miraidon\n|-singleturn|p2a: Miraidon|move: Instruct|[of] p2b: Oranguru\n|move|p2a: Miraidon|Calm Mind|p2a: Miraidon\n|-boost|p2a: Miraidon|spa|1\n|-boost|p2a: Miraidon|spd|1\n|\n|upkeep\n|turn|2\n|\n|t:|1739398115\n|-end|p1a: Flutter Mane|Protosynthesis|[silent]\n|switch|p1a: Raging Bolt|Raging Bolt, L50|100\/100\n|move|p2a: Miraidon|Protect|p2a: Miraidon\n|-singleturn|p2a: Miraidon|Protect\n|move|p1b: Calyrex|Psychic|p2a: Miraidon\n|-activate|p2a: Miraidon|move: Protect\n|move|p2b: Oranguru|Trick Room|p2b: Oranguru\n|-fieldstart|move: Trick Room|[of] p2b: Oranguru\n|\n|upkeep\n|turn|3\n|\n|t:|1739398138\n|move|p2b: Oranguru|Foul Play|p1b: Calyrex\n|-supereffective|p1b: Calyrex\n|-damage|p1b: Calyrex|16\/100\n|move|p1a: Raging Bolt|Thunderbolt|p2a: Miraidon\n|-resisted|p2a: Miraidon\n|-damage|p2a: Miraidon|0 fnt\n|faint|p2a: Miraidon\n|move|p1b: Calyrex|Psychic|p2b: Oranguru\n|-resisted|p2b: Oranguru\n|-damage|p2b: Oranguru|81\/100\n|-unboost|p2b: Oranguru|spd|1\n|\n|upkeep\n|\n|t:|1739398150\n|switch|p2a: Incineroar|Incineroar, L50, F|100\/100\n|-ability|p2a: Incineroar|Intimidate|boost\n|-unboost|p1a: Raging Bolt|atk|1\n|-unboost|p1b: Calyrex|atk|1\n|turn|4\n|inactive|Crazy Daisy Doo has 30 seconds left.\n|\n|t:|1739398180\n|move|p2a: Incineroar|Fake Out|p1a: Raging Bolt\n|-damage|p1a: Raging Bolt|93\/100\n|move|p2b: Oranguru|Encore|p1b: Calyrex\n|-start|p1b: Calyrex|Encore\n|cant|p1a: Raging Bolt|flinch\n|move|p1b: Calyrex|Psychic|p2b: Oranguru\n|-resisted|p2b: Oranguru\n|-damage|p2b: Oranguru|50\/100\n|\n|upkeep\n|turn|5\n|\n|t:|1739398198\n|move|p2b: Oranguru|Foul Play|p1b: Calyrex\n|-supereffective|p1b: Calyrex\n|-damage|p1b: Calyrex|0 fnt\n|faint|p1b: Calyrex\n|move|p2a: Incineroar|Knock Off|p1a: Raging Bolt\n|-damage|p1a: Raging Bolt|62\/100\n|-enditem|p1a: Raging Bolt|Assault Vest|[from] move: Knock Off|[of] p2a: Incineroar\n|move|p1a: Raging Bolt|Thunderbolt|p2a: Incineroar\n|-damage|p2a: Incineroar|47\/100\n|-enditem|p2a: Incineroar|Sitrus Berry|[eat]\n|-heal|p2a: Incineroar|71\/100|[from] item: Sitrus Berry\n|\n|-fieldend|move: Electric Terrain\n|upkeep\n|\n|t:|1739398211\n|switch|p1b: Ogerpon|Ogerpon-Cornerstone, L50, F|100\/100\n|turn|6\n|j| Meiser63\n|\n|t:|1739398224\n|move|p1b: Ogerpon|Spiky Shield|p1b: Ogerpon\n|-singleturn|p1b: Ogerpon|move: Protect\n|move|p2b: Oranguru|Foul Play|p1b: Ogerpon\n|-activate|p1b: Ogerpon|move: Protect\n|-damage|p2b: Oranguru|38\/100|[from] Spiky Shield|[of] p1b: Ogerpon\n|move|p2a: Incineroar|Parting Shot|p1a: Raging Bolt\n|-unboost|p1a: Raging Bolt|atk|1\n|-unboost|p1a: Raging Bolt|spa|1\n|\n|t:|1739398232\n|switch|p2a: Iron Valiant|Iron Valiant, L50|100\/100|[from] Parting Shot\n|-enditem|p2a: Iron Valiant|Booster Energy\n|-activate|p2a: Iron Valiant|ability: Quark Drive|[fromitem]\n|-start|p2a: Iron Valiant|quarkdrivespe\n|move|p1a: Raging Bolt|Thunderbolt|p2a: Iron Valiant\n|-damage|p2a: Iron Valiant|46\/100\n|\n|-fieldend|move: Trick Room\n|upkeep\n|turn|7\n|\n|t:|1739398251\n|-terastallize|p1a: Raging Bolt|Electric\n|move|p1a: Raging Bolt|Thunderclap||[still]\n|-fail|p1a: Raging Bolt\n|move|p2a: Iron Valiant|Encore|p1b: Ogerpon\n|-start|p1b: Ogerpon|Encore\n|move|p1b: Ogerpon|Spiky Shield||[still]\n|-fail|p1b: Ogerpon\n|move|p2b: Oranguru|Foul Play|p1b: Ogerpon\n|-damage|p1b: Ogerpon|57\/100\n|\n|upkeep\n|turn|8\n|inactive|xatseye has 30 seconds left.\n|\n|t:|1739398277\n|-end|p1a: Raging Bolt|Protosynthesis|[silent]\n|switch|p1a: Flutter Mane|Flutter Mane, L50|100\/100\n|switch|p2b: Incineroar|Incineroar, L50, F|71\/100\n|-ability|p2b: Incineroar|Intimidate|boost\n|-unboost|p1a: Flutter Mane|atk|1\n|-unboost|p1b: Ogerpon|atk|1\n|move|p1b: Ogerpon|Spiky Shield|p1b: Ogerpon\n|-singleturn|p1b: Ogerpon|move: Protect\n|move|p2a: Iron Valiant|Spirit Break|p1a: Flutter Mane\n|-damage|p1a: Flutter Mane|54\/100\n|-unboost|p1a: Flutter Mane|spa|1\n|\n|upkeep\n|turn|9\n|inactive|xatseye has 30 seconds left.\n|\n|t:|1739398302\n|switch|p1b: Raging Bolt|Raging Bolt, L50, tera:Electric|62\/100\n|move|p2a: Iron Valiant|Spirit Break|p1b: Raging Bolt\n|-damage|p1b: Raging Bolt|39\/100\n|-unboost|p1b: Raging Bolt|spa|1\n|move|p1a: Flutter Mane|Moonblast|p2a: Iron Valiant\n|-supereffective|p2a: Iron Valiant\n|-damage|p2a: Iron Valiant|0 fnt\n|faint|p2a: Iron Valiant\n|-end|p2a: Iron Valiant|Quark Drive|[silent]\n|move|p2b: Incineroar|Flare Blitz|p1a: Flutter Mane\n|-damage|p1a: Flutter Mane|0 fnt\n|faint|p1a: Flutter Mane\n|-end|p1a: Flutter Mane|Protosynthesis|[silent]\n|-damage|p2b: Incineroar|59\/100|[from] Recoil\n|\n|upkeep\n|\n|t:|1739398316\n|switch|p1a: Ogerpon|Ogerpon-Cornerstone, L50, F|57\/100\n|switch|p2a: Oranguru|Oranguru, L50, F|38\/100\n|turn|10\n|\n|t:|1739398340\n|move|p1a: Ogerpon|Ivy Cudgel|p2b: Incineroar|[anim] Ivy Cudgel Rock\n|-supereffective|p2b: Incineroar\n|-damage|p2b: Incineroar|0 fnt\n|faint|p2b: Incineroar\n|move|p1b: Raging Bolt|Thunderbolt|p2a: Oranguru\n|-damage|p2a: Oranguru|4\/100\n|move|p2a: Oranguru|Foul Play|p1a: Ogerpon\n|-damage|p1a: Ogerpon|18\/100\n|\n|upkeep\n|turn|11\n|j| Baguettezzz\n|-message|xatseye forfeited.\n|\n|win|Crazy Daisy Doo\n|raw|Crazy Daisy Doo's rating: 1646 &rarr; <strong>1669<\/strong><br \/>(+23 for winning)\n|raw|xatseye's rating: 1694 &rarr; <strong>1671<\/strong><br \/>(-23 for losing)\n|l|\u2606xatseye\n|player|p2|\n|l|\u2606Crazy Daisy Doo\n|player|p1|\n|l| Meiser63\n|l| Baguettezzz\n","uploadtime":1739398575,"views":17,"formatid":"gen9vgc2025regg","rating":1669,"private":0,"password":null}