{"id":"gen9vgc2025regg-2299550789","format":"[Gen 9] VGC 2025 Reg G","players":["JucciSushi","snowperegrine"],"log":"|j|\u2606JucciSushi\n|j|\u2606snowperegrine\n|t:|1739390075\n|gametype|doubles\n|player|p1|JucciSushi|wallace|1555\n|player|p2|snowperegrine|2|1600\n|teamsize|p1|6\n|teamsize|p2|6\n|gen|9\n|tier|[Gen 9] VGC 2025 Reg G\n|rated|\n|rule|Species Clause: Limit one of each Pok\u00e9mon\n|rule|Item Clause: Limit 1 of each item\n|clearpoke\n|poke|p1|Miraidon, L50|\n|poke|p1|Incineroar, L50, F|\n|poke|p1|Archaludon, L50, F|\n|poke|p1|Grimmsnarl, L50, M|\n|poke|p1|Pelipper, L50, M|\n|poke|p1|Landorus, L50, M|\n|poke|p2|Calyrex-Ice, L50|\n|poke|p2|Indeedee-F, L50, F|\n|poke|p2|Roaring Moon, L50|\n|poke|p2|Landorus, L50, M|\n|poke|p2|Amoonguss, L50, F|\n|poke|p2|Urshifu-*, L50, M|\n|teampreview|4\n|\n|t:|1739390154\n|start\n|switch|p1a: Archaludon|Archaludon, L50, F|100\/100\n|switch|p1b: Mister J|Grimmsnarl, L50, M|100\/100\n|switch|p2a: Landorus|Landorus, L50, M|100\/100\n|switch|p2b: Roaring Moon|Roaring Moon, L50|100\/100\n|-enditem|p2b: Roaring Moon|Booster Energy\n|-activate|p2b: Roaring Moon|ability: Protosynthesis|[fromitem]\n|-start|p2b: Roaring Moon|protosynthesisspe\n|turn|1\n|\n|t:|1739390186\n|move|p1b: Mister J|Light Screen|p1b: Mister J\n|-sidestart|p1: JucciSushi|move: Light Screen\n|move|p2b: Roaring Moon|Knock Off|p1a: Archaludon\n|-damage|p1a: Archaludon|66\/100\n|-ability|p1a: Archaludon|Stamina|boost\n|-boost|p1a: Archaludon|def|1\n|-enditem|p1a: Archaludon|Assault Vest|[from] move: Knock Off|[of] p2b: Roaring Moon\n|move|p2a: Landorus|Sandsear Storm|p1b: Mister J|[spread] p1a,p1b\n|-supereffective|p1a: Archaludon\n|-damage|p1a: Archaludon|0 fnt\n|-damage|p1b: Mister J|68\/100\n|faint|p1a: Archaludon\n|\n|upkeep\n|\n|t:|1739390197\n|switch|p1a: Metal Overlord|Miraidon, L50|100\/100\n|-fieldstart|move: Electric Terrain|[from] ability: Hadron Engine|[of] p1a: Metal Overlord\n|-enditem|p1a: Metal Overlord|Electric Seed\n|-boost|p1a: Metal Overlord|def|1|[from] item: Electric Seed\n|turn|2\n|\n|t:|1739390207\n|-terastallize|p1a: Metal Overlord|Bug\n|move|p2a: Landorus|Protect|p2a: Landorus\n|-singleturn|p2a: Landorus|Protect\n|move|p2b: Roaring Moon|Tailwind|p2b: Roaring Moon\n|-sidestart|p2: snowperegrine|move: Tailwind\n|move|p1a: Metal Overlord|Calm Mind|p1a: Metal Overlord\n|-boost|p1a: Metal Overlord|spa|1\n|-boost|p1a: Metal Overlord|spd|1\n|move|p1b: Mister J|Spirit Break|p2b: Roaring Moon\n|-supereffective|p2b: Roaring Moon\n|-damage|p2b: Roaring Moon|0 fnt\n|faint|p2b: Roaring Moon\n|-end|p2b: Roaring Moon|Protosynthesis|[silent]\n|\n|upkeep\n|\n|t:|1739390219\n|switch|p2b: Urshifu|Urshifu-Rapid-Strike, L50, M|100\/100\n|turn|3\n|\n|t:|1739390247\n|move|p2b: Urshifu|Detect|p2b: Urshifu\n|-singleturn|p2b: Urshifu|Protect\n|move|p1b: Mister J|Thunder Wave|p2b: Urshifu\n|-activate|p2b: Urshifu|move: Protect\n|move|p2a: Landorus|Sludge Bomb|p1b: Mister J\n|-supereffective|p1b: Mister J\n|-damage|p1b: Mister J|13\/100\n|move|p1a: Metal Overlord|Parabolic Charge|p2b: Urshifu|[spread] p1b\n|-activate|p2b: Urshifu|move: Protect\n|-immune|p2a: Landorus\n|-damage|p1b: Mister J|0 fnt\n|faint|p1b: Mister J\n|\n|upkeep\n|\n|t:|1739390278\n|switch|p1b: Kendrick|Incineroar, L50, F|100\/100\n|-ability|p1b: Kendrick|Intimidate|boost\n|-unboost|p2a: Landorus|atk|1\n|-unboost|p2b: Urshifu|atk|1\n|turn|4\n|\n|t:|1739390296\n|switch|p2b: Calyrex|Calyrex-Ice, L50|100\/100\n|-ability|p2b: Calyrex|As One\n|-ability|p2b: Calyrex|Unnerve\n|move|p1b: Kendrick|Fake Out|p2a: Landorus\n|-crit|p2a: Landorus\n|-damage|p2a: Landorus|83\/100\n|cant|p2a: Landorus|flinch\n|move|p1a: Metal Overlord|Parabolic Charge|p2b: Calyrex|[spread] p1b,p2b\n|-immune|p2a: Landorus\n|-damage|p1b: Kendrick|68\/100\n|-damage|p2b: Calyrex|60\/100\n|\n|upkeep\n|turn|5\n|j| kiabu233\n|\n|t:|1739390329\n|move|p2a: Landorus|Earth Power|p1b: Kendrick\n|-supereffective|p1b: Kendrick\n|-damage|p1b: Kendrick|0 fnt\n|faint|p1b: Kendrick\n|move|p1a: Metal Overlord|Dragon Pulse|p2b: Calyrex\n|-damage|p2b: Calyrex|7\/100\n|move|p2b: Calyrex|Trick Room|p2b: Calyrex\n|-fieldstart|move: Trick Room|[of] p2b: Calyrex\n|\n|-sideend|p1: JucciSushi|move: Light Screen\n|-sideend|p2: snowperegrine|move: Tailwind\n|upkeep\n|turn|6\n|\n|t:|1739390350\n|move|p2b: Calyrex|Glacial Lance|p1a: Metal Overlord\n|-damage|p1a: Metal Overlord|60\/100\n|move|p2a: Landorus|Sludge Bomb|p1a: Metal Overlord\n|-damage|p1a: Metal Overlord|34\/100\n|move|p1a: Metal Overlord|Dragon Pulse|p2b: Calyrex\n|-damage|p2b: Calyrex|0 fnt\n|faint|p2b: Calyrex\n|\n|-fieldend|move: Electric Terrain\n|upkeep\n|-message|JucciSushi forfeited.\n|\n|win|snowperegrine\n|raw|JucciSushi's rating: 1555 &rarr; <strong>1538<\/strong><br \/>(-17 for losing)\n|raw|snowperegrine's rating: 1600 &rarr; <strong>1617<\/strong><br \/>(+17 for winning)\n|l|\u2606JucciSushi\n|player|p1|\n|l| kiabu233\n|l|\u2606snowperegrine\n|player|p2|\n","uploadtime":1739390592,"views":7,"formatid":"gen9vgc2025regg","rating":1538,"private":0,"password":null}