{"id":"gen9vgc2025regg-2299465953","format":"[Gen 9] VGC 2025 Reg G","players":["longhq","zero_the_enforcer"],"log":"|j|\u2606longhq\n|j|\u2606zero_the_enforcer\n|t:|1739381960\n|gametype|doubles\n|player|p1|longhq|dawn|1563\n|player|p2|zero_the_enforcer|265|1537\n|teamsize|p1|6\n|teamsize|p2|6\n|gen|9\n|tier|[Gen 9] VGC 2025 Reg G\n|rated|\n|rule|Species Clause: Limit one of each Pok\u00e9mon\n|rule|Item Clause: Limit 1 of each item\n|clearpoke\n|poke|p1|Raging Bolt, L50|\n|poke|p1|Gouging Fire, L50|\n|poke|p1|Koraidon, L50|\n|poke|p1|Indeedee-F, L50, F|\n|poke|p1|Kingambit, L50, M|\n|poke|p1|Jumpluff, L50, F|\n|poke|p2|Miraidon, L50|\n|poke|p2|Chi-Yu, L50|\n|poke|p2|Whimsicott, L50, M|\n|poke|p2|Farigiraf, L50, M|\n|poke|p2|Iron Hands, L50|\n|poke|p2|Urshifu-*, L50, M|\n|teampreview|4\n|inactive|Battle timer is ON: inactive players will automatically lose when time's up. (requested by longhq)\n|\n|t:|1739382005\n|start\n|switch|p1a: Koraidon|Koraidon, L50|100\/100\n|switch|p1b: Indeedee|Indeedee-F, L50, F|100\/100\n|switch|p2a: Miraidon|Miraidon, L50|100\/100\n|switch|p2b: Whimsicott|Whimsicott, L50, M|100\/100\n|-weather|SunnyDay|[from] ability: Orichalcum Pulse|[of] p1a: Koraidon\n|-activate|p1a: Koraidon|Orichalcum Pulse|[source]\n|-fieldstart|move: Electric Terrain|[from] ability: Hadron Engine|[of] p2a: Miraidon\n|-fieldstart|move: Psychic Terrain|[from] ability: Psychic Surge|[of] p1b: Indeedee\n|-enditem|p1b: Indeedee|Psychic Seed\n|-boost|p1b: Indeedee|spd|1|[from] item: Psychic Seed\n|turn|1\n|j| BionicFox\n|inactive|longhq has 30 seconds left.\n|inactive|zero_the_enforcer has 30 seconds left.\n|inactive|longhq has 20 seconds left.\n|\n|t:|1739382045\n|-terastallize|p1a: Koraidon|Fire\n|move|p1b: Indeedee|Follow Me|p1b: Indeedee\n|-singleturn|p1b: Indeedee|move: Follow Me\n|move|p1a: Koraidon|Flare Blitz|p2b: Whimsicott\n|-supereffective|p2b: Whimsicott\n|-enditem|p2b: Whimsicott|Focus Sash\n|-damage|p2b: Whimsicott|1\/100\n|-damage|p1a: Koraidon|75\/100|[from] Recoil\n|move|p2b: Whimsicott|Moonblast|p1b: Indeedee\n|-damage|p1b: Indeedee|78\/100\n|-unboost|p1b: Indeedee|spa|1\n|move|p2a: Miraidon|Volt Switch|p1b: Indeedee\n|-damage|p1b: Indeedee|43\/100\n|\n|t:|1739382059\n|switch|p2a: Farigiraf|Farigiraf, L50, M|100\/100|[from] Volt Switch\n|\n|-weather|SunnyDay|[upkeep]\n|upkeep\n|turn|2\n|j| mr pogostick\n|\n|t:|1739382072\n|switch|p2b: Miraidon|Miraidon, L50|100\/100\n|-fieldstart|move: Electric Terrain|[from] ability: Hadron Engine|[of] p2b: Miraidon\n|-enditem|p2a: Farigiraf|Electric Seed\n|-boost|p2a: Farigiraf|def|1|[from] item: Electric Seed\n|move|p1a: Koraidon|Flare Blitz|p2a: Farigiraf\n|-damage|p2a: Farigiraf|0 fnt\n|faint|p2a: Farigiraf\n|-damage|p1a: Koraidon|32\/100|[from] Recoil\n|move|p1b: Indeedee|Psychic|p2b: Miraidon\n|-damage|p2b: Miraidon|86\/100\n|\n|-weather|SunnyDay|[upkeep]\n|upkeep\n|\n|t:|1739382085\n|switch|p2a: Whimsicott|Whimsicott, L50, M|1\/100\n|turn|3\n|inactive|longhq has 30 seconds left.\n|\n|t:|1739382110\n|switch|p1b: Kingambit|Kingambit, L50, M|100\/100\n|-terastallize|p2b: Miraidon|Fairy\n|move|p2a: Whimsicott|Tailwind|p2a: Whimsicott\n|-sidestart|p2: zero_the_enforcer|move: Tailwind\n|move|p2b: Miraidon|Dazzling Gleam|p1a: Koraidon|[spread] p1a,p1b\n|-resisted|p1a: Koraidon\n|-damage|p1a: Koraidon|0 fnt\n|-damage|p1b: Kingambit|37\/100\n|faint|p1a: Koraidon\n|\n|-weather|SunnyDay|[upkeep]\n|upkeep\n|\n|t:|1739382126\n|switch|p1a: Raging Bolt|Raging Bolt, L50|100\/100\n|-activate|p1a: Raging Bolt|ability: Protosynthesis\n|-start|p1a: Raging Bolt|protosynthesisspa\n|turn|4\n|\n|t:|1739382149\n|move|p2a: Whimsicott|Light Screen|p2a: Whimsicott\n|-sidestart|p2: zero_the_enforcer|move: Light Screen\n|move|p1a: Raging Bolt|Thunderclap|p2b: Miraidon\n|-damage|p2b: Miraidon|41\/100\n|-damage|p1a: Raging Bolt|91\/100|[from] item: Life Orb\n|move|p1b: Kingambit|Sucker Punch|p2b: Miraidon\n|-resisted|p2b: Miraidon\n|-damage|p2b: Miraidon|24\/100\n|move|p2b: Miraidon|Dazzling Gleam|p1a: Raging Bolt|[spread] p1a,p1b\n|-supereffective|p1a: Raging Bolt\n|-damage|p1a: Raging Bolt|0 fnt\n|-damage|p1b: Kingambit|0 fnt\n|faint|p1a: Raging Bolt\n|-end|p1a: Raging Bolt|Protosynthesis|[silent]\n|faint|p1b: Kingambit\n|\n|-weather|SunnyDay|[upkeep]\n|upkeep\n|l| mr pogostick\n|l| BionicFox\n|\n|t:|1739382161\n|switch|p1b: Indeedee|Indeedee-F, L50, F|43\/100\n|-fieldstart|move: Psychic Terrain|[from] ability: Psychic Surge|[of] p1b: Indeedee\n|turn|5\n|-message|longhq forfeited.\n|\n|win|zero_the_enforcer\n|raw|longhq's rating: 1563 &rarr; <strong>1542<\/strong><br \/>(-21 for losing)\n|raw|zero_the_enforcer's rating: 1537 &rarr; <strong>1558<\/strong><br \/>(+21 for winning)\n|l|\u2606longhq\n|player|p1|\n|l|\u2606zero_the_enforcer\n|player|p2|\n|j| BionicFox\n|l| BionicFox\n","uploadtime":1739382364,"views":5,"formatid":"gen9vgc2025regg","rating":1542,"private":0,"password":null}