{"id":"gen9vgc2025regg-2299508230","format":"[Gen 9] VGC 2025 Reg G","players":["Diestoise","TheGreatDondozo"],"log":"|j|\u2606Diestoise\n|j|\u203dTheGreatDondozo\n|t:|1739385951\n|gametype|doubles\n|player|p1|Diestoise|blue|1595\n|player|p2|TheGreatDondozo|steven|1537\n|teamsize|p1|6\n|teamsize|p2|6\n|gen|9\n|tier|[Gen 9] VGC 2025 Reg G\n|rated|\n|rule|Species Clause: Limit one of each Pok\u00e9mon\n|rule|Item Clause: Limit 1 of each item\n|clearpoke\n|poke|p1|Groudon, L50|\n|poke|p1|Sandy Shocks, L50|\n|poke|p1|Entei, L50|\n|poke|p1|Umbreon, L50, M|\n|poke|p1|Flutter Mane, L50|\n|poke|p1|Clefairy, L50, M|\n|poke|p2|Grimmsnarl, L50, M|\n|poke|p2|Landorus, L50, M|\n|poke|p2|Calyrex-Ice, L50|\n|poke|p2|Pelipper, L50, M|\n|poke|p2|Urshifu-*, L50, F|\n|poke|p2|Rillaboom, L50, M|\n|teampreview|4\n|inactive|Battle timer is ON: inactive players will automatically lose when time's up. (requested by TheGreatDondozo)\n|j| aq12345\n|\n|t:|1739385981\n|start\n|switch|p1a: Entei|Entei, L50|100\/100\n|switch|p1b: Clefairy|Clefairy, L50, M, shiny|100\/100\n|switch|p2a: Urshifu|Urshifu-Rapid-Strike, L50, F|100\/100\n|switch|p2b: Landorus|Landorus, L50, M|100\/100\n|turn|1\n|j| Jfabricio23\n|inactive|Diestoise has 30 seconds left.\n|\n|t:|1739386007\n|move|p1b: Clefairy|Follow Me|p1b: Clefairy\n|-singleturn|p1b: Clefairy|move: Follow Me\n|move|p2a: Urshifu|U-turn|p1b: Clefairy\n|-resisted|p1b: Clefairy\n|-damage|p1b: Clefairy|90\/100\n|\n|t:|1739386011\n|switch|p2a: Pelipper|Pelipper, L50, M|100\/100|[from] U-turn\n|-weather|RainDance|[from] ability: Drizzle|[of] p2a: Pelipper\n|move|p2b: Landorus|Sandsear Storm|p1a: Entei|[spread] p1a,p1b\n|-supereffective|p1a: Entei\n|-damage|p1a: Entei|42\/100\n|-damage|p1b: Clefairy|43\/100\n|move|p1a: Entei|Sacred Fire|p2b: Landorus\n|-damage|p2b: Landorus|71\/100\n|-status|p2b: Landorus|brn\n|\n|-weather|RainDance|[upkeep]\n|-damage|p2b: Landorus|65\/100 brn|[from] brn\n|upkeep\n|turn|2\n|inactive|Diestoise has 30 seconds left.\n|l| Jfabricio23\n|\n|t:|1739386041\n|switch|p1a: Groudon|Groudon, L50|100\/100\n|-weather|SunnyDay|[from] ability: Drought|[of] p1a: Groudon\n|move|p2b: Landorus|Sandsear Storm|p1b: Clefairy|[spread] p1a\n|-miss|p2b: Landorus|p1b: Clefairy\n|-damage|p1a: Groudon|57\/100\n|move|p2a: Pelipper|Tailwind|p2a: Pelipper\n|-sidestart|p2: TheGreatDondozo|move: Tailwind\n|move|p1b: Clefairy|Sing|p2a: Pelipper\n|-status|p2a: Pelipper|slp|[from] move: Sing\n|\n|-weather|SunnyDay|[upkeep]\n|-damage|p2b: Landorus|58\/100 brn|[from] brn\n|upkeep\n|turn|3\n|inactive|Diestoise has 30 seconds left.\n|inactive|TheGreatDondozo has 30 seconds left.\n|\n|t:|1739386073\n|switch|p2a: Calyrex|Calyrex-Ice, L50|100\/100\n|-ability|p2a: Calyrex|As One\n|-ability|p2a: Calyrex|Unnerve\n|move|p1b: Clefairy|Protect|p1b: Clefairy\n|-singleturn|p1b: Clefairy|Protect\n|move|p2b: Landorus|Earth Power|p1b: Clefairy\n|-activate|p1b: Clefairy|move: Protect\n|move|p1a: Groudon|Heat Crash|p2b: Landorus\n|-damage|p2b: Landorus|0 fnt\n|faint|p2b: Landorus\n|\n|-weather|SunnyDay|[upkeep]\n|upkeep\n|\n|t:|1739386084\n|switch|p2b: Pelipper|Pelipper, L50, M|100\/100 slp\n|-weather|RainDance|[from] ability: Drizzle|[of] p2b: Pelipper\n|turn|4\n|\n|t:|1739386101\n|switch|p1a: Entei|Entei, L50|42\/100\n|cant|p2b: Pelipper|slp\n|move|p2a: Calyrex|High Horsepower|p1a: Entei\n|-supereffective|p1a: Entei\n|-damage|p1a: Entei|0 fnt\n|faint|p1a: Entei\n|-ability|p2a: Calyrex|Chilling Neigh|boost\n|-boost|p2a: Calyrex|atk|1\n|move|p1b: Clefairy|Sing|p2a: Calyrex|[miss]\n|-miss|p1b: Clefairy|p2a: Calyrex\n|\n|-weather|RainDance|[upkeep]\n|upkeep\n|inactive|Diestoise has 30 seconds left.\n|j| DonShitDozo\n|inactive|Diestoise has 20 seconds left.\n|inactive|Diestoise has 15 seconds left.\n|\n|t:|1739386144\n|switch|p1a: Umbreon|Umbreon, L50, M|100\/100\n|turn|5\n|\n|t:|1739386161\n|switch|p2a: Urshifu|Urshifu-Rapid-Strike, L50, F|100\/100\n|cant|p2b: Pelipper|slp\n|move|p1a: Umbreon|Foul Play|p2a: Urshifu\n|-resisted|p2a: Urshifu\n|-damage|p2a: Urshifu|73\/100\n|move|p1b: Clefairy|Sing|p2b: Pelipper|[miss]\n|-miss|p1b: Clefairy|p2b: Pelipper\n|\n|-weather|RainDance|[upkeep]\n|-sideend|p2: TheGreatDondozo|move: Tailwind\n|upkeep\n|turn|6\n|inactive|Diestoise has 30 seconds left.\n|inactive|Diestoise has 20 seconds left.\n|inactive|Diestoise has 15 seconds left.\n|inactive|Diestoise has 10 seconds left.\n|inactive|Diestoise has 5 seconds left.\n|\n|t:|1739386213\n|move|p1b: Clefairy|Follow Me|p1b: Clefairy\n|-singleturn|p1b: Clefairy|move: Follow Me\n|move|p2a: Urshifu|Surging Strikes|p1b: Clefairy\n|-crit|p1b: Clefairy\n|-damage|p1b: Clefairy|17\/100\n|-crit|p1b: Clefairy\n|-damage|p1b: Clefairy|0 fnt\n|faint|p1b: Clefairy\n|-hitcount|p1: Clefairy|2\n|-curestatus|p2b: Pelipper|slp|[msg]\n|move|p2b: Pelipper|Tailwind|p2b: Pelipper\n|-sidestart|p2: TheGreatDondozo|move: Tailwind\n|move|p1a: Umbreon|Yawn|p2a: Urshifu\n|-start|p2a: Urshifu|move: Yawn|[of] p1a: Umbreon\n|\n|-weather|RainDance|[upkeep]\n|upkeep\n|\n|t:|1739386220\n|switch|p1b: Groudon|Groudon, L50|57\/100\n|-weather|SunnyDay|[from] ability: Drought|[of] p1b: Groudon\n|turn|7\n|l| DonShitDozo\n|inactive|Diestoise has 30 seconds left.\n|\n|t:|1739386246\n|move|p2a: Urshifu|Surging Strikes|p1b: Groudon\n|-supereffective|p1b: Groudon\n|-crit|p1b: Groudon\n|-damage|p1b: Groudon|44\/100\n|-supereffective|p1b: Groudon\n|-crit|p1b: Groudon\n|-damage|p1b: Groudon|31\/100\n|-supereffective|p1b: Groudon\n|-crit|p1b: Groudon\n|-damage|p1b: Groudon|19\/100\n|-hitcount|p1b: Groudon|3\n|move|p2b: Pelipper|Weather Ball|p1a: Umbreon\n|-damage|p1a: Umbreon|71\/100\n|move|p1b: Groudon|Precipice Blades|p2a: Urshifu|[spread] p2a\n|-immune|p2b: Pelipper\n|-damage|p2a: Urshifu|16\/100\n|move|p1a: Umbreon|Foul Play|p2b: Pelipper\n|-damage|p2b: Pelipper|78\/100\n|\n|-weather|SunnyDay|[upkeep]\n|-end|p2a: Urshifu|move: Yawn|[silent]\n|-status|p2a: Urshifu|slp\n|upkeep\n|turn|8\n|inactive|Diestoise has 30 seconds left.\n|inactive|TheGreatDondozo has 30 seconds left.\n|inactive|Diestoise has 20 seconds left.\n|inactive|Diestoise has 15 seconds left.\n|\n|t:|1739386288\n|move|p1b: Groudon|Protect|p1b: Groudon\n|-singleturn|p1b: Groudon|Protect\n|cant|p2a: Urshifu|slp\n|move|p2b: Pelipper|Weather Ball|p1b: Groudon\n|-activate|p1b: Groudon|move: Protect\n|move|p1a: Umbreon|Foul Play|p2a: Urshifu\n|-resisted|p2a: Urshifu\n|-damage|p2a: Urshifu|0 fnt\n|faint|p2a: Urshifu\n|\n|-weather|SunnyDay|[upkeep]\n|upkeep\n|\n|t:|1739386291\n|switch|p2a: Calyrex|Calyrex-Ice, L50|100\/100\n|-ability|p2a: Calyrex|As One\n|-ability|p2a: Calyrex|Unnerve\n|turn|9\n|inactive|Diestoise has 30 seconds left.\n|inactive|Diestoise has 20 seconds left.\n|\n|t:|1739386331\n|-terastallize|p2a: Calyrex|Water\n|-terastallize|p1b: Groudon|Fire\n|move|p2b: Pelipper|Weather Ball|p1a: Umbreon\n|-damage|p1a: Umbreon|42\/100\n|move|p2a: Calyrex|Glacial Lance|p1b: Groudon|[spread] p1a,p1b\n|-crit|p1a: Umbreon\n|-resisted|p1b: Groudon\n|-damage|p1a: Umbreon|0 fnt\n|-damage|p1b: Groudon|1\/100\n|faint|p1a: Umbreon\n|-ability|p2a: Calyrex|Chilling Neigh|boost\n|-boost|p2a: Calyrex|atk|1\n|move|p1b: Groudon|Heat Crash|p2a: Calyrex\n|-resisted|p2a: Calyrex\n|-damage|p2a: Calyrex|89\/100\n|\n|-weather|SunnyDay|[upkeep]\n|-sideend|p2: TheGreatDondozo|move: Tailwind\n|upkeep\n|turn|10\n|\n|t:|1739386346\n|move|p2b: Pelipper|Weather Ball|p1b: Groudon\n|-resisted|p1b: Groudon\n|-damage|p1b: Groudon|0 fnt\n|faint|p1b: Groudon\n|\n|win|TheGreatDondozo\n|raw|Diestoise's rating: 1595 &rarr; <strong>1572<\/strong><br \/>(-23 for losing)\n|raw|TheGreatDondozo's rating: 1537 &rarr; <strong>1560<\/strong><br \/>(+23 for winning)\n|l| aq12345\n|l|\u2606Diestoise\n|player|p1|\n|l|\u203dTheGreatDondozo\n|player|p2|\n","uploadtime":1739386541,"views":4,"formatid":"gen9vgc2025regg","rating":1560,"private":0,"password":null}