{"id":"gen9vgc2025regg-2299803140","format":"[Gen 9] VGC 2025 Reg G","players":["pentagonSG","GubbsVGC"],"log":"|j|\u2606pentagonSG\n|j|\u2606GubbsVGC\n|t:|1739420227\n|gametype|doubles\n|player|p1|pentagonSG|266|1582\n|player|p2|GubbsVGC|101|1609\n|teamsize|p1|6\n|teamsize|p2|6\n|gen|9\n|tier|[Gen 9] VGC 2025 Reg G\n|rated|\n|rule|Species Clause: Limit one of each Pok\u00e9mon\n|rule|Item Clause: Limit 1 of each item\n|clearpoke\n|poke|p1|Volcarona, L50, M|\n|poke|p1|Miraidon, L50|\n|poke|p1|Grimmsnarl, L50, M|\n|poke|p1|Okidogi, L50, M|\n|poke|p1|Iron Hands, L50|\n|poke|p1|Farigiraf, L50, M|\n|poke|p2|Blaziken, L50, F|\n|poke|p2|Miraidon, L50|\n|poke|p2|Kingambit, L50, F|\n|poke|p2|Ninetales-Alola, L50, F|\n|poke|p2|Iron Treads, L50|\n|poke|p2|Ogerpon-Wellspring, L50, F|\n|teampreview|4\n|\n|t:|1739420262\n|start\n|switch|p1a: Miraidon|Miraidon, L50|100\/100\n|switch|p1b: Grimmsnarl|Grimmsnarl, L50, M|100\/100\n|switch|p2a: Blaziken|Blaziken, L50, F|100\/100\n|switch|p2b: Iron Treads|Iron Treads, L50|100\/100\n|-fieldstart|move: Electric Terrain|[from] ability: Hadron Engine|[of] p1a: Miraidon\n|-activate|p2b: Iron Treads|ability: Quark Drive\n|-start|p2b: Iron Treads|quarkdrivespe\n|turn|1\n|inactive|Battle timer is ON: inactive players will automatically lose when time's up. (requested by GubbsVGC)\n|\n|t:|1739420292\n|switch|p1a: Volcarona|Volcarona, L50, M|100\/100\n|-enditem|p1a: Volcarona|Electric Seed\n|-boost|p1a: Volcarona|def|1|[from] item: Electric Seed\n|move|p2a: Blaziken|Protect|p2a: Blaziken\n|-singleturn|p2a: Blaziken|Protect\n|move|p1b: Grimmsnarl|Reflect|p1b: Grimmsnarl\n|-sidestart|p1: pentagonSG|Reflect\n|move|p2b: Iron Treads|High Horsepower|p1a: Volcarona\n|-damage|p1a: Volcarona|69\/100\n|-damage|p2b: Iron Treads|91\/100|[from] item: Life Orb\n|\n|-ability|p2a: Blaziken|Speed Boost|boost\n|-boost|p2a: Blaziken|spe|1\n|upkeep\n|turn|2\n|inactive|pentagonSG has 30 seconds left.\n|\n|t:|1739420319\n|move|p2b: Iron Treads|Protect|p2b: Iron Treads\n|-singleturn|p2b: Iron Treads|Protect\n|move|p1b: Grimmsnarl|Thunder Wave|p2a: Blaziken\n|-status|p2a: Blaziken|par\n|move|p1a: Volcarona|Quiver Dance|p1a: Volcarona\n|-boost|p1a: Volcarona|spa|1\n|-boost|p1a: Volcarona|spd|1\n|-boost|p1a: Volcarona|spe|1\n|move|p2a: Blaziken|Brave Bird|p1a: Volcarona\n|-supereffective|p1a: Volcarona\n|-damage|p1a: Volcarona|21\/100\n|-damage|p2a: Blaziken|82\/100 par|[from] Recoil\n|\n|-ability|p2a: Blaziken|Speed Boost|boost\n|-boost|p2a: Blaziken|spe|1\n|upkeep\n|turn|3\n|inactive|pentagonSG has 30 seconds left.\n|inactive|GubbsVGC has 30 seconds left.\n|inactive|pentagonSG has 20 seconds left.\n|inactive|pentagonSG has 15 seconds left.\n|inactive|pentagonSG has 10 seconds left.\n|\n|t:|1739420366\n|-end|p2b: Iron Treads|Quark Drive|[silent]\n|switch|p2b: Ninetales|Ninetales-Alola, L50, F|100\/100\n|-weather|Snow|[from] ability: Snow Warning|[of] p2b: Ninetales\n|move|p1a: Volcarona|Heat Wave|p2b: Ninetales|[spread] p2a,p2b\n|-resisted|p2a: Blaziken\n|-supereffective|p2b: Ninetales\n|-damage|p2a: Blaziken|44\/100 par\n|-damage|p2b: Ninetales|0 fnt\n|faint|p2b: Ninetales\n|move|p2a: Blaziken|Brave Bird|p1a: Volcarona\n|-supereffective|p1a: Volcarona\n|-damage|p1a: Volcarona|0 fnt\n|faint|p1a: Volcarona\n|-damage|p2a: Blaziken|36\/100 par|[from] Recoil\n|move|p1b: Grimmsnarl|Spirit Break|p2a: Blaziken\n|-damage|p2a: Blaziken|0 fnt\n|faint|p2a: Blaziken\n|\n|-weather|Snow|[upkeep]\n|upkeep\n|\n|t:|1739420386\n|switch|p2b: Iron Treads|Iron Treads, L50|91\/100\n|switch|p1a: Okidogi|Okidogi, L50, M|100\/100\n|switch|p2a: Miraidon|Miraidon, L50|100\/100\n|-activate|p2a: Miraidon|ability: Hadron Engine\n|-activate|p2b: Iron Treads|ability: Quark Drive\n|-start|p2b: Iron Treads|quarkdrivespe\n|turn|4\n|inactive|GubbsVGC has 30 seconds left.\n|\n|t:|1739420418\n|move|p1b: Grimmsnarl|Light Screen|p1b: Grimmsnarl\n|-sidestart|p1: pentagonSG|move: Light Screen\n|move|p2b: Iron Treads|High Horsepower|p1a: Okidogi\n|-supereffective|p1a: Okidogi\n|-damage|p1a: Okidogi|31\/100\n|-damage|p2b: Iron Treads|82\/100|[from] item: Life Orb\n|move|p2a: Miraidon|Electro Drift|p1a: Okidogi\n|-damage|p1a: Okidogi|0 fnt\n|faint|p1a: Okidogi\n|\n|-weather|Snow|[upkeep]\n|upkeep\n|\n|t:|1739420431\n|switch|p1a: Miraidon|Miraidon, L50|100\/100\n|-activate|p1a: Miraidon|ability: Hadron Engine\n|turn|5\n|\n|t:|1739420457\n|-terastallize|p1a: Miraidon|Fairy\n|-terastallize|p2a: Miraidon|Fairy\n|move|p2b: Iron Treads|Iron Head|p1a: Miraidon\n|-supereffective|p1a: Miraidon\n|-damage|p1a: Miraidon|32\/100\n|-damage|p2b: Iron Treads|72\/100|[from] item: Life Orb\n|move|p1a: Miraidon|Dazzling Gleam|p2b: Iron Treads|[spread] p2a,p2b\n|-resisted|p2b: Iron Treads\n|-damage|p2a: Miraidon|52\/100\n|-damage|p2b: Iron Treads|23\/100\n|move|p2a: Miraidon|Dazzling Gleam|p1b: Grimmsnarl|[spread] p1a,p1b\n|-supereffective|p1b: Grimmsnarl\n|-damage|p1a: Miraidon|8\/100\n|-damage|p1b: Grimmsnarl|53\/100\n|move|p1b: Grimmsnarl|Spirit Break|p2b: Iron Treads\n|-resisted|p2b: Iron Treads\n|-damage|p2b: Iron Treads|9\/100\n|-unboost|p2b: Iron Treads|spa|1\n|\n|-weather|Snow|[upkeep]\n|-fieldend|move: Electric Terrain\n|-end|p2b: Iron Treads|Quark Drive\n|upkeep\n|turn|6\n|inactive|pentagonSG has 30 seconds left.\n|inactive|GubbsVGC has 30 seconds left.\n|\n|t:|1739420484\n|move|p1b: Grimmsnarl|Thunder Wave|p2a: Miraidon\n|-status|p2a: Miraidon|par\n|move|p1a: Miraidon|Dazzling Gleam|p2a: Miraidon|[spread] p2a,p2b\n|-resisted|p2b: Iron Treads\n|-damage|p2a: Miraidon|15\/100 par\n|-damage|p2b: Iron Treads|0 fnt\n|faint|p2b: Iron Treads\n|-end|p2b: Iron Treads|Quark Drive|[silent]\n|move|p2a: Miraidon|Dazzling Gleam|p1a: Miraidon|[spread] p1a,p1b\n|-supereffective|p1b: Grimmsnarl\n|-damage|p1a: Miraidon|0 fnt\n|-damage|p1b: Grimmsnarl|21\/100\n|faint|p1a: Miraidon\n|\n|-weather|Snow|[upkeep]\n|upkeep\n|turn|7\n|\n|t:|1739420500\n|cant|p2a: Miraidon|par\n|move|p1b: Grimmsnarl|Spirit Break|p2a: Miraidon\n|-damage|p2a: Miraidon|0 fnt\n|faint|p2a: Miraidon\n|\n|win|pentagonSG\n|raw|pentagonSG's rating: 1582 &rarr; <strong>1604<\/strong><br \/>(+22 for winning)\n|raw|GubbsVGC's rating: 1609 &rarr; <strong>1587<\/strong><br \/>(-22 for losing)\n|l|\u2606pentagonSG\n|player|p1|\n|l|\u2606GubbsVGC\n|player|p2|\n","uploadtime":1739420679,"views":5,"formatid":"gen9vgc2025regg","rating":1587,"private":0,"password":null}