{"id":"gen9vgc2025regg-2299925734","format":"[Gen 9] VGC 2025 Reg G","players":["ssbutan","Dv147"],"log":"|j|\u2606ssbutan\n|j|\u2606Dv147\n|t:|1739442819\n|gametype|doubles\n|player|p1|ssbutan|camper|1577\n|player|p2|Dv147|266|1590\n|teamsize|p1|6\n|teamsize|p2|6\n|gen|9\n|tier|[Gen 9] VGC 2025 Reg G\n|rated|\n|rule|Species Clause: Limit one of each Pok\u00e9mon\n|rule|Item Clause: Limit 1 of each item\n|clearpoke\n|poke|p1|Calyrex-Ice, L50|\n|poke|p1|Cresselia, L50, F|\n|poke|p1|Rillaboom, L50, F|\n|poke|p1|Urshifu-*, L50, M|\n|poke|p1|Goodra-Hisui, L50, M|\n|poke|p1|Thundurus, L50, M|\n|poke|p2|Koraidon, L50|\n|poke|p2|Flutter Mane, L50|\n|poke|p2|Rillaboom, L50, F|\n|poke|p2|Gouging Fire, L50|\n|poke|p2|Raging Bolt, L50|\n|poke|p2|Incineroar, L50, M|\n|teampreview|4\n|inactive|Battle timer is ON: inactive players will automatically lose when time's up. (requested by ssbutan)\n|j| futonkagebunshin\n|inactive|ssbutan has 60 seconds left.\n|inactive|Dv147 has 60 seconds left.\n|\n|t:|1739442865\n|start\n|switch|p1a: Urshifu|Urshifu-Rapid-Strike, L50, M|100\/100\n|switch|p1b: Thundurus|Thundurus, L50, M|100\/100\n|switch|p2a: Koraidon|Koraidon, L50|100\/100\n|switch|p2b: Raging Bolt|Raging Bolt, L50|100\/100\n|-weather|SunnyDay|[from] ability: Orichalcum Pulse|[of] p2a: Koraidon\n|-activate|p2b: Raging Bolt|ability: Protosynthesis\n|-start|p2b: Raging Bolt|protosynthesisspa\n|-activate|p2a: Koraidon|Orichalcum Pulse|[source]\n|turn|1\n|inactive|ssbutan has 30 seconds left.\n|inactive|Dv147 has 30 seconds left.\n|inactive|ssbutan has 20 seconds left.\n|\n|t:|1739442903\n|switch|p1a: Calyrex|Calyrex-Ice, L50|100\/100\n|-ability|p1a: Calyrex|As One\n|-ability|p1a: Calyrex|Unnerve\n|move|p2a: Koraidon|Protect|p2a: Koraidon\n|-singleturn|p2a: Koraidon|Protect\n|move|p1b: Thundurus|Rain Dance|p1b: Thundurus\n|-weather|RainDance\n|-end|p2b: Raging Bolt|Protosynthesis\n|move|p2b: Raging Bolt|Electroweb|p1b: Thundurus|[spread] p1a,p1b\n|-damage|p1a: Calyrex|85\/100\n|-damage|p1b: Thundurus|71\/100\n|-unboost|p1a: Calyrex|spe|1\n|\n|-weather|RainDance|[upkeep]\n|-heal|p1a: Calyrex|90\/100|[from] item: Leftovers\n|upkeep\n|turn|2\n|inactive|ssbutan has 30 seconds left.\n|inactive|Dv147 has 30 seconds left.\n|\n|t:|1739442932\n|-terastallize|p2a: Koraidon|Fire\n|-terastallize|p1a: Calyrex|Fairy\n|move|p1b: Thundurus|Eerie Impulse|p2b: Raging Bolt\n|-unboost|p2b: Raging Bolt|spa|2\n|move|p2a: Koraidon|Collision Course|p1a: Calyrex\n|-resisted|p1a: Calyrex\n|-damage|p1a: Calyrex|75\/100\n|move|p2b: Raging Bolt|Dragon Pulse|p1a: Calyrex\n|-immune|p1a: Calyrex\n|move|p1a: Calyrex|Glacial Lance|p2b: Raging Bolt|[spread] p2a,p2b\n|-resisted|p2a: Koraidon\n|-supereffective|p2b: Raging Bolt\n|-damage|p2a: Koraidon|79\/100\n|-damage|p2b: Raging Bolt|20\/100\n|\n|-weather|RainDance|[upkeep]\n|-heal|p1a: Calyrex|81\/100|[from] item: Leftovers\n|upkeep\n|turn|3\n|j| mr pogostick\n|inactive|Dv147 has 30 seconds left.\n|\n|t:|1739442959\n|-end|p2b: Raging Bolt|Protosynthesis|[silent]\n|switch|p2b: Incineroar|Incineroar, L50, M|100\/100\n|-ability|p2b: Incineroar|Intimidate|boost\n|-unboost|p1a: Calyrex|atk|1\n|-unboost|p1b: Thundurus|atk|1\n|move|p2a: Koraidon|Protect|p2a: Koraidon\n|-singleturn|p2a: Koraidon|Protect\n|move|p1b: Thundurus|Volt Switch|p2a: Koraidon\n|-activate|p2a: Koraidon|move: Protect\n|move|p1a: Calyrex|Glacial Lance|p2a: Koraidon|[spread] p2b\n|-activate|p2a: Koraidon|move: Protect\n|-resisted|p2b: Incineroar\n|-damage|p2b: Incineroar|89\/100\n|\n|-weather|RainDance|[upkeep]\n|-heal|p1a: Calyrex|87\/100|[from] item: Leftovers\n|upkeep\n|turn|4\n|inactive|ssbutan has 30 seconds left.\n|inactive|Dv147 has 30 seconds left.\n|inactive|Dv147 has 20 seconds left.\n|\n|t:|1739443000\n|switch|p2a: Gouging Fire|Gouging Fire, L50|100\/100\n|move|p1b: Thundurus|Volt Switch|p2b: Incineroar\n|-damage|p2b: Incineroar|66\/100\n|\n|t:|1739443014\n|switch|p1b: Cresselia|Cresselia, L50, F|100\/100|[from] Volt Switch\n|move|p2b: Incineroar|Parting Shot|p1a: Calyrex\n|-unboost|p1a: Calyrex|atk|1\n|-unboost|p1a: Calyrex|spa|1\n|\n|t:|1739443021\n|switch|p2b: Koraidon|Koraidon, L50, tera:Fire|79\/100|[from] Parting Shot\n|-weather|SunnyDay|[from] ability: Orichalcum Pulse|[of] p2b: Koraidon\n|-activate|p2a: Gouging Fire|ability: Protosynthesis\n|-start|p2a: Gouging Fire|protosynthesisspe\n|-activate|p2b: Koraidon|Orichalcum Pulse|[source]\n|move|p1a: Calyrex|Body Press|p2b: Koraidon\n|-damage|p2b: Koraidon|51\/100\n|\n|-weather|SunnyDay|[upkeep]\n|-heal|p1a: Calyrex|93\/100|[from] item: Leftovers\n|upkeep\n|turn|5\n|\n|t:|1739443041\n|switch|p1a: Urshifu|Urshifu-Rapid-Strike, L50, M|100\/100\n|move|p2a: Gouging Fire|Flare Blitz|p1b: Cresselia\n|-damage|p1b: Cresselia|63\/100\n|-damage|p2a: Gouging Fire|87\/100|[from] Recoil\n|move|p2b: Koraidon|Flare Blitz|p1b: Cresselia\n|-damage|p1b: Cresselia|0 fnt\n|faint|p1b: Cresselia\n|-damage|p2b: Koraidon|25\/100|[from] Recoil\n|\n|-weather|SunnyDay|[upkeep]\n|-heal|p2a: Gouging Fire|93\/100|[from] item: Leftovers\n|upkeep\n|\n|t:|1739443052\n|switch|p1b: Thundurus|Thundurus, L50, M|71\/100\n|turn|6\n|\n|t:|1739443066\n|move|p1b: Thundurus|Rain Dance|p1b: Thundurus\n|-weather|RainDance\n|-end|p2a: Gouging Fire|Protosynthesis\n|move|p1a: Urshifu|Surging Strikes|p2a: Gouging Fire\n|-crit|p2a: Gouging Fire\n|-damage|p2a: Gouging Fire|69\/100\n|-crit|p2a: Gouging Fire\n|-damage|p2a: Gouging Fire|45\/100\n|-crit|p2a: Gouging Fire\n|-damage|p2a: Gouging Fire|22\/100\n|-hitcount|p2a: Gouging Fire|3\n|move|p2b: Koraidon|Collision Course|p1a: Urshifu\n|-damage|p1a: Urshifu|39\/100\n|move|p2a: Gouging Fire|Breaking Swipe|p1a: Urshifu|[spread] p1a,p1b\n|-damage|p1a: Urshifu|20\/100\n|-damage|p1b: Thundurus|53\/100\n|-unboost|p1a: Urshifu|atk|1\n|\n|-weather|RainDance|[upkeep]\n|-heal|p2a: Gouging Fire|28\/100|[from] item: Leftovers\n|upkeep\n|turn|7\n|inactive|ssbutan has 30 seconds left.\n|inactive|ssbutan has 20 seconds left.\n|\n|t:|1739443104\n|switch|p2b: Incineroar|Incineroar, L50, M|66\/100\n|-ability|p2b: Incineroar|Intimidate|boost\n|-unboost|p1a: Urshifu|atk|1\n|-unboost|p1b: Thundurus|atk|1\n|move|p1a: Urshifu|Surging Strikes|p2a: Gouging Fire\n|-crit|p2a: Gouging Fire\n|-damage|p2a: Gouging Fire|4\/100\n|-crit|p2a: Gouging Fire\n|-damage|p2a: Gouging Fire|0 fnt\n|faint|p2a: Gouging Fire\n|-end|p2a: Gouging Fire|Protosynthesis|[silent]\n|-hitcount|p2: Gouging Fire|2\n|move|p1b: Thundurus|Volt Switch|p2b: Incineroar\n|-damage|p2b: Incineroar|39\/100\n|-enditem|p2b: Incineroar|Sitrus Berry|[eat]\n|-heal|p2b: Incineroar|64\/100|[from] item: Sitrus Berry\n|\n|t:|1739443119\n|switch|p1b: Calyrex|Calyrex-Ice, L50, tera:Fairy|93\/100|[from] Volt Switch\n|-ability|p1b: Calyrex|As One\n|-ability|p1b: Calyrex|Unnerve\n|\n|-weather|RainDance|[upkeep]\n|-heal|p1b: Calyrex|99\/100|[from] item: Leftovers\n|upkeep\n|\n|t:|1739443132\n|switch|p2a: Koraidon|Koraidon, L50, tera:Fire|25\/100\n|-weather|SunnyDay|[from] ability: Orichalcum Pulse|[of] p2a: Koraidon\n|-activate|p2a: Koraidon|Orichalcum Pulse|[source]\n|turn|8\n|\n|t:|1739443151\n|move|p1b: Calyrex|Protect|p1b: Calyrex\n|-singleturn|p1b: Calyrex|Protect\n|move|p1a: Urshifu|Surging Strikes|p2a: Koraidon\n|-supereffective|p2a: Koraidon\n|-crit|p2a: Koraidon\n|-damage|p2a: Koraidon|9\/100\n|-supereffective|p2a: Koraidon\n|-crit|p2a: Koraidon\n|-damage|p2a: Koraidon|0 fnt\n|faint|p2a: Koraidon\n|-hitcount|p2: Koraidon|2\n|move|p2b: Incineroar|Parting Shot|p1b: Calyrex\n|-activate|p1b: Calyrex|move: Protect\n|\n|-weather|SunnyDay|[upkeep]\n|-heal|p1b: Calyrex|100\/100|[from] item: Leftovers\n|upkeep\n|\n|t:|1739443167\n|switch|p2a: Raging Bolt|Raging Bolt, L50|20\/100\n|-activate|p2a: Raging Bolt|ability: Protosynthesis\n|-start|p2a: Raging Bolt|protosynthesisspa\n|turn|9\n|\n|t:|1739443175\n|move|p2a: Raging Bolt|Thunderclap|p1b: Calyrex\n|-damage|p1b: Calyrex|64\/100\n|move|p1a: Urshifu|Surging Strikes|p2a: Raging Bolt\n|-resisted|p2a: Raging Bolt\n|-crit|p2a: Raging Bolt\n|-damage|p2a: Raging Bolt|16\/100\n|-resisted|p2a: Raging Bolt\n|-crit|p2a: Raging Bolt\n|-damage|p2a: Raging Bolt|12\/100\n|-resisted|p2a: Raging Bolt\n|-crit|p2a: Raging Bolt\n|-damage|p2a: Raging Bolt|8\/100\n|-hitcount|p2a: Raging Bolt|3\n|move|p2b: Incineroar|Parting Shot|p1b: Calyrex\n|-unboost|p1b: Calyrex|atk|1\n|-unboost|p1b: Calyrex|spa|1\n|move|p1b: Calyrex|Glacial Lance|p2a: Raging Bolt|[spread] p2a,p2b\n|-supereffective|p2a: Raging Bolt\n|-resisted|p2b: Incineroar\n|-damage|p2a: Raging Bolt|0 fnt\n|-damage|p2b: Incineroar|51\/100\n|faint|p2a: Raging Bolt\n|-end|p2a: Raging Bolt|Protosynthesis|[silent]\n|-ability|p1b: Calyrex|Chilling Neigh|boost\n|-boost|p1b: Calyrex|atk|1\n|\n|-weather|SunnyDay|[upkeep]\n|-heal|p1b: Calyrex|70\/100|[from] item: Leftovers\n|upkeep\n|turn|10\n|-message|Dv147 forfeited.\n|\n|win|ssbutan\n|raw|ssbutan's rating: 1577 &rarr; <strong>1598<\/strong><br \/>(+21 for winning)\n|raw|Dv147's rating: 1590 &rarr; <strong>1569<\/strong><br \/>(-21 for losing)\n|l|\u2606Dv147\n|player|p2|\n|l|\u2606ssbutan\n|player|p1|\n|l| mr pogostick\n|l| futonkagebunshin\n","uploadtime":1739443445,"views":9,"formatid":"gen9vgc2025regg","rating":1569,"private":0,"password":null}