{"id":"gen9vgc2025regg-2299168482","format":"[Gen 9] VGC 2025 Reg G","players":["aoiharada","AnyaForger31"],"log":"|j|\u2606aoiharada\n|j|\u2606AnyaForger31\n|t:|1739341000\n|gametype|doubles\n|player|p1|aoiharada|265|1615\n|player|p2|AnyaForger31|caitlin|1630\n|teamsize|p1|6\n|teamsize|p2|6\n|gen|9\n|tier|[Gen 9] VGC 2025 Reg G\n|rated|\n|rule|Species Clause: Limit one of each Pok\u00e9mon\n|rule|Item Clause: Limit 1 of each item\n|clearpoke\n|poke|p1|Weezing-Galar, L50, M|\n|poke|p1|Calyrex-Shadow, L50|\n|poke|p1|Dondozo, L50, M|\n|poke|p1|Tatsugiri, L50, F|\n|poke|p1|Incineroar, L50, M|\n|poke|p1|Roaring Moon, L50|\n|poke|p2|Ogerpon-Wellspring, L50, F|\n|poke|p2|Calyrex-Ice, L50|\n|poke|p2|Annihilape, L50, M|\n|poke|p2|Smeargle, L50, M|\n|poke|p2|Urshifu-*, L50, M|\n|poke|p2|Ursaluna-Bloodmoon, L50, M|\n|teampreview|4\n|\n|t:|1739341014\n|start\n|switch|p1a: Weezing|Weezing-Galar, L50, M|100\/100\n|switch|p1b: Dondozo|Dondozo, L50, M|100\/100\n|switch|p2a: Calyrex|Calyrex-Ice, L50|100\/100\n|switch|p2b: Smeargle|Smeargle, L50, M|100\/100\n|-ability|p1a: Weezing|Neutralizing Gas\n|-ability|p2a: Calyrex|As One\n|-ability|p2a: Calyrex|Unnerve\n|turn|1\n|j| continuethesaga\n|\n|t:|1739341035\n|-end|p1a: Weezing|ability: Neutralizing Gas\n|switch|p1a: Tatsugiri|Tatsugiri, L50, F|100\/100\n|-activate|p1a: Tatsugiri|ability: Commander|[of] p1b: Dondozo\n|-boost|p1b: Dondozo|atk|2\n|-boost|p1b: Dondozo|spa|2\n|-boost|p1b: Dondozo|spe|2\n|-boost|p1b: Dondozo|def|2\n|-boost|p1b: Dondozo|spd|2\n|move|p2b: Smeargle|Fake Out|p1a: Tatsugiri|[miss]\n|-miss|p2b: Smeargle|p1a: Tatsugiri\n|move|p1b: Dondozo|Substitute|p1b: Dondozo\n|-start|p1b: Dondozo|Substitute\n|-damage|p1b: Dondozo|76\/100\n|move|p2a: Calyrex|Trick Room|p2a: Calyrex\n|-fieldstart|move: Trick Room|[of] p2a: Calyrex\n|\n|-heal|p1b: Dondozo|82\/100|[from] item: Leftovers\n|upkeep\n|turn|2\n|\n|t:|1739341060\n|switch|p2b: Ursaluna|Ursaluna-Bloodmoon, L50, M|100\/100\n|move|p2a: Calyrex|High Horsepower|p1b: Dondozo\n|-activate|p1b: Dondozo|move: Substitute|[damage]\n|move|p1b: Dondozo|Earthquake|p2a: Calyrex|[spread] p2a,p2b\n|-miss|p1b: Dondozo|p1a: Tatsugiri\n|-damage|p2a: Calyrex|73\/100\n|-damage|p2b: Ursaluna|68\/100\n|\n|-heal|p1b: Dondozo|88\/100|[from] item: Leftovers\n|upkeep\n|turn|3\n|\n|t:|1739341079\n|move|p1b: Dondozo|Protect|p1b: Dondozo\n|-singleturn|p1b: Dondozo|Protect\n|move|p2b: Ursaluna|Hyper Voice|p1b: Dondozo|[spread] \n|-miss|p2b: Ursaluna|p1a: Tatsugiri\n|-activate|p1b: Dondozo|move: Protect\n|move|p2a: Calyrex|High Horsepower|p1b: Dondozo\n|-activate|p1b: Dondozo|move: Protect\n|\n|-heal|p1b: Dondozo|94\/100|[from] item: Leftovers\n|upkeep\n|turn|4\n|\n|t:|1739341088\n|move|p2b: Ursaluna|Blood Moon|p1b: Dondozo\n|-end|p1b: Dondozo|Substitute\n|-damage|p2b: Ursaluna|59\/100|[from] item: Life Orb\n|move|p2a: Calyrex|High Horsepower|p1b: Dondozo\n|-damage|p1b: Dondozo|81\/100\n|move|p1b: Dondozo|Wave Crash|p2b: Ursaluna\n|-supereffective|p2b: Ursaluna\n|-damage|p2b: Ursaluna|0 fnt\n|faint|p2b: Ursaluna\n|-damage|p1b: Dondozo|66\/100|[from] Recoil\n|\n|-heal|p1b: Dondozo|72\/100|[from] item: Leftovers\n|upkeep\n|\n|t:|1739341093\n|switch|p2b: Urshifu|Urshifu, L50, M|100\/100\n|turn|5\n|\n|t:|1739341104\n|move|p2a: Calyrex|Glacial Lance|p1b: Dondozo|[spread] p1b\n|-miss|p2a: Calyrex|p1a: Tatsugiri\n|-resisted|p1b: Dondozo\n|-damage|p1b: Dondozo|63\/100\n|move|p2b: Urshifu|Wicked Blow|p1b: Dondozo\n|-crit|p1b: Dondozo\n|-damage|p1b: Dondozo|0 fnt\n|faint|p1b: Dondozo\n|\n|-fieldend|move: Trick Room\n|upkeep\n|j| mr pogostick\n|\n|t:|1739341139\n|switch|p1b: Weezing|Weezing-Galar, L50, M|100\/100\n|-ability|p1b: Weezing|Neutralizing Gas\n|turn|6\n|\n|t:|1739341151\n|switch|p2b: Smeargle|Smeargle, L50, M|100\/100\n|-terastallize|p2a: Calyrex|Water\n|move|p1b: Weezing|Strange Steam|p2b: Smeargle\n|-damage|p2b: Smeargle|41\/100\n|move|p1a: Tatsugiri|Counter||[still]\n|-fail|p1a: Tatsugiri\n|move|p2a: Calyrex|Trick Room|p2a: Calyrex\n|-fieldstart|move: Trick Room|[of] p2a: Calyrex\n|\n|upkeep\n|turn|7\n|j| NanshanVGC\n|\n|t:|1739341178\n|move|p1a: Tatsugiri|Protect|p1a: Tatsugiri\n|-singleturn|p1a: Tatsugiri|Protect\n|move|p2b: Smeargle|Spore|p1a: Tatsugiri\n|-activate|p1a: Tatsugiri|move: Protect\n|move|p2a: Calyrex|High Horsepower|p1b: Weezing\n|-supereffective|p1b: Weezing\n|-damage|p1b: Weezing|20\/100\n|move|p1b: Weezing|Poison Gas|p2a: Calyrex|[spread] p2a,p2b\n|-status|p2a: Calyrex|psn\n|-status|p2b: Smeargle|psn\n|\n|-damage|p2b: Smeargle|29\/100 psn|[from] psn\n|-damage|p2a: Calyrex|61\/100 psn|[from] psn\n|upkeep\n|turn|8\n|\n|t:|1739341196\n|move|p1b: Weezing|Protect|p1b: Weezing\n|-singleturn|p1b: Weezing|Protect\n|move|p2b: Smeargle|Spore|p1a: Tatsugiri\n|-status|p1a: Tatsugiri|slp|[from] move: Spore\n|move|p2a: Calyrex|Glacial Lance|p1a: Tatsugiri|[spread] p1a\n|-activate|p1b: Weezing|move: Protect\n|-enditem|p1a: Tatsugiri|Focus Sash\n|-damage|p1a: Tatsugiri|1\/100 slp\n|cant|p1a: Tatsugiri|slp\n|\n|-damage|p2b: Smeargle|17\/100 psn|[from] psn\n|-damage|p2a: Calyrex|49\/100 psn|[from] psn\n|upkeep\n|-enditem|p2a: Calyrex|Sitrus Berry|[eat]\n|-heal|p2a: Calyrex|74\/100 psn|[from] item: Sitrus Berry\n|turn|9\n|j| sof.eir\n|\n|t:|1739341207\n|switch|p2b: Urshifu|Urshifu, L50, M|100\/100\n|move|p1b: Weezing|Protect|p1b: Weezing\n|-singleturn|p1b: Weezing|Protect\n|cant|p1a: Tatsugiri|slp\n|move|p2a: Calyrex|Glacial Lance|p1a: Tatsugiri|[spread] p1a\n|-activate|p1b: Weezing|move: Protect\n|-crit|p1a: Tatsugiri\n|-damage|p1a: Tatsugiri|0 fnt\n|faint|p1a: Tatsugiri\n|-ability|p2a: Calyrex|Chilling Neigh|boost\n|-boost|p2a: Calyrex|atk|1\n|\n|-damage|p2a: Calyrex|62\/100 psn|[from] psn\n|upkeep\n|\n|t:|1739341214\n|switch|p1a: Calyrex|Calyrex-Shadow, L50|100\/100\n|-ability|p1a: Calyrex|As One\n|-ability|p1a: Calyrex|Unnerve\n|turn|10\n|\n|t:|1739341224\n|-terastallize|p1a: Calyrex|Fighting\n|move|p1b: Weezing|Protect||[still]\n|-fail|p1b: Weezing\n|move|p2a: Calyrex|Glacial Lance|p1b: Weezing|[spread] p1a,p1b\n|-damage|p1a: Calyrex|0 fnt\n|-damage|p1b: Weezing|0 fnt\n|faint|p1a: Calyrex\n|faint|p1b: Weezing\n|-end|p1b: Weezing|ability: Neutralizing Gas\n|\n|win|AnyaForger31\n|raw|aoiharada's rating: 1615 &rarr; <strong>1596<\/strong><br \/>(-19 for losing)\n|raw|AnyaForger31's rating: 1630 &rarr; <strong>1649<\/strong><br \/>(+19 for winning)\n|l|\u2606aoiharada\n|player|p1|\n|l|\u2606AnyaForger31\n|player|p2|\n|l| sof.eir\n|l| NanshanVGC\n|l| mr pogostick\n","uploadtime":1739341370,"views":11,"formatid":"gen9vgc2025regg","rating":1596,"private":0,"password":null}