{"id":"gen9vgc2025regg-2299306160","format":"[Gen 9] VGC 2025 Reg G","players":["dave savez","satelite99"],"log":"|j|\u2606dave savez\n|j|\u2606satelite99\n|t:|1739364893\n|gametype|doubles\n|player|p1|dave savez|102|1663\n|player|p2|satelite99|wallace|1608\n|teamsize|p1|6\n|teamsize|p2|6\n|gen|9\n|tier|[Gen 9] VGC 2025 Reg G\n|rated|\n|rule|Species Clause: Limit one of each Pok\u00e9mon\n|rule|Item Clause: Limit 1 of each item\n|clearpoke\n|poke|p1|Zamazenta-*, L50|\n|poke|p1|Chien-Pao, L50|\n|poke|p1|Amoonguss, L50, M|\n|poke|p1|Flutter Mane, L50|\n|poke|p1|Entei, L50|\n|poke|p1|Raging Bolt, L50|\n|poke|p2|Zamazenta-*, L50|\n|poke|p2|Dragonite, L50, M|\n|poke|p2|Urshifu-*, L50, F|\n|poke|p2|Rillaboom, L50, F|\n|poke|p2|Raging Bolt, L50|\n|poke|p2|Gholdengo, L50|\n|teampreview|4\n|inactive|Battle timer is ON: inactive players will automatically lose when time's up. (requested by dave savez)\nsatelite99 rejected open team sheets.\n|inactive|dave savez has 60 seconds left.\n|inactive|satelite99 has 60 seconds left.\n|j| TipoTosto130140134\n|inactive|dave savez has 30 seconds left.\n|inactive|dave savez has 20 seconds left.\n|inactive|dave savez has 15 seconds left.\n|inactive|dave savez has 10 seconds left.\n|inactive|dave savez has 5 seconds left.\n|\n|t:|1739364980\n|start\n|switch|p1a: Amoonguss|Amoonguss, L50, M|100\/100\n|switch|p1b: Flutter Mane|Flutter Mane, L50|100\/100\n|switch|p2a: Zamazenta|Zamazenta-Crowned, L50|100\/100\n|switch|p2b: Gholdengo|Gholdengo, L50|100\/100\n|-ability|p2a: Zamazenta|Dauntless Shield|boost\n|-boost|p2a: Zamazenta|def|1\n|-enditem|p1b: Flutter Mane|Booster Energy\n|-activate|p1b: Flutter Mane|ability: Protosynthesis|[fromitem]\n|-start|p1b: Flutter Mane|protosynthesisspe\n|turn|1\n|inactive|satelite99 has 30 seconds left.\n|inactive|dave savez has 30 seconds left.\n|inactive|satelite99 has 20 seconds left.\n|inactive|satelite99 has 15 seconds left.\n|inactive|satelite99 has 10 seconds left.\n|inactive|satelite99 has 5 seconds left.\n|\n|t:|1739365032\n|switch|p1a: Entei|Entei, L50, shiny|100\/100\n|-terastallize|p2a: Zamazenta|Grass\n|move|p1b: Flutter Mane|Protect|p1b: Flutter Mane\n|-singleturn|p1b: Flutter Mane|Protect\n|move|p2a: Zamazenta|Heavy Slam|p1b: Flutter Mane\n|-activate|p1b: Flutter Mane|move: Protect\n|move|p2b: Gholdengo|Nasty Plot|p2b: Gholdengo\n|-boost|p2b: Gholdengo|spa|2\n|\n|upkeep\n|turn|2\n|inactive|satelite99 has 30 seconds left.\n|\n|t:|1739365058\n|move|p2b: Gholdengo|Protect|p2b: Gholdengo\n|-singleturn|p2b: Gholdengo|Protect\n|move|p1b: Flutter Mane|Thunder Wave|p2a: Zamazenta\n|-status|p2a: Zamazenta|par\n|move|p1a: Entei|Sacred Fire|p2b: Gholdengo\n|-activate|p2b: Gholdengo|move: Protect\n|move|p2a: Zamazenta|Heavy Slam|p1b: Flutter Mane\n|-supereffective|p1b: Flutter Mane\n|-damage|p1b: Flutter Mane|0 fnt\n|faint|p1b: Flutter Mane\n|-end|p1b: Flutter Mane|Protosynthesis|[silent]\n|\n|upkeep\n|inactive|dave savez has 30 seconds left.\n|\n|t:|1739365083\n|switch|p1b: Amoonguss|Amoonguss, L50, M|100\/100\n|turn|3\n|\n|t:|1739365105\n|move|p1b: Amoonguss|Rage Powder|p1b: Amoonguss\n|-singleturn|p1b: Amoonguss|move: Rage Powder\n|move|p1a: Entei|Sacred Fire|p2b: Gholdengo\n|-supereffective|p2b: Gholdengo\n|-damage|p2b: Gholdengo|0 fnt\n|faint|p2b: Gholdengo\n|move|p2a: Zamazenta|Body Press|p1a: Entei\n|-damage|p1a: Entei|32\/100\n|\n|upkeep\n|inactive|satelite99 has 30 seconds left.\n|\n|t:|1739365131\n|switch|p2b: Dragonite|Dragonite, L50, M|100\/100\n|turn|4\n|\n|t:|1739365145\n|move|p1b: Amoonguss|Rage Powder|p1b: Amoonguss\n|-singleturn|p1b: Amoonguss|move: Rage Powder\n|move|p1a: Entei|Sacred Fire|p2a: Zamazenta\n|-supereffective|p2a: Zamazenta\n|-damage|p2a: Zamazenta|31\/100 par\n|move|p2b: Dragonite|Scale Shot|p1b: Amoonguss\n|-damage|p1b: Amoonguss|89\/100\n|-damage|p1b: Amoonguss|78\/100\n|-damage|p1b: Amoonguss|68\/100\n|-damage|p1b: Amoonguss|57\/100\n|-hitcount|p1b: Amoonguss|4\n|-unboost|p2b: Dragonite|def|1\n|-boost|p2b: Dragonite|spe|1\n|move|p2a: Zamazenta|Body Press|p1a: Entei\n|-damage|p1a: Entei|0 fnt\n|faint|p1a: Entei\n|\n|upkeep\n|\n|t:|1739365153\n|switch|p1a: Zamazenta|Zamazenta-Crowned, L50|100\/100\n|-ability|p1a: Zamazenta|Dauntless Shield|boost\n|-boost|p1a: Zamazenta|def|1\n|turn|5\n|inactive|dave savez has 30 seconds left.\n|\n|t:|1739365182\n|move|p1a: Zamazenta|Protect|p1a: Zamazenta\n|-singleturn|p1a: Zamazenta|Protect\n|move|p2b: Dragonite|Scale Shot|p1b: Amoonguss\n|-damage|p1b: Amoonguss|45\/100\n|-damage|p1b: Amoonguss|34\/100\n|-damage|p1b: Amoonguss|23\/100\n|-damage|p1b: Amoonguss|13\/100\n|-hitcount|p1b: Amoonguss|4\n|-unboost|p2b: Dragonite|def|1\n|-boost|p2b: Dragonite|spe|1\n|cant|p2a: Zamazenta|par\n|move|p1b: Amoonguss|Sludge Bomb|p2a: Zamazenta\n|-supereffective|p2a: Zamazenta\n|-damage|p2a: Zamazenta|0 fnt\n|faint|p2a: Zamazenta\n|\n|upkeep\n|\n|t:|1739365198\n|switch|p2a: Urshifu|Urshifu-Rapid-Strike, L50, F|100\/100\n|turn|6\n|inactive|dave savez has 30 seconds left.\n|inactive|satelite99 has 30 seconds left.\n|inactive|dave savez has 20 seconds left.\n|inactive|dave savez has 15 seconds left.\n|inactive|dave savez has 10 seconds left.\n|\n|t:|1739365247\n|-terastallize|p1a: Zamazenta|Dragon\n|move|p2b: Dragonite|Extreme Speed|p1b: Amoonguss\n|-damage|p1b: Amoonguss|0 fnt\n|-damage|p2b: Dragonite|84\/100|[from] item: Rocky Helmet|[of] p1b: Amoonguss\n|faint|p1b: Amoonguss\n|move|p1a: Zamazenta|Body Press|p2b: Dragonite\n|-resisted|p2b: Dragonite\n|-damage|p2b: Dragonite|22\/100\n|move|p2a: Urshifu|Close Combat|p1a: Zamazenta\n|-damage|p1a: Zamazenta|77\/100\n|-unboost|p2a: Urshifu|def|1\n|-unboost|p2a: Urshifu|spd|1\n|\n|upkeep\n|turn|7\n|inactive|satelite99 has 30 seconds left.\n|\n|t:|1739365277\n|move|p2b: Dragonite|Scale Shot|p1a: Zamazenta\n|-supereffective|p1a: Zamazenta\n|-damage|p1a: Zamazenta|62\/100\n|-supereffective|p1a: Zamazenta\n|-damage|p1a: Zamazenta|48\/100\n|-supereffective|p1a: Zamazenta\n|-damage|p1a: Zamazenta|35\/100\n|-supereffective|p1a: Zamazenta\n|-damage|p1a: Zamazenta|23\/100\n|-hitcount|p1a: Zamazenta|4\n|-unboost|p2b: Dragonite|def|1\n|-boost|p2b: Dragonite|spe|1\n|move|p1a: Zamazenta|Behemoth Bash|p2b: Dragonite\n|-damage|p2b: Dragonite|0 fnt\n|faint|p2b: Dragonite\n|move|p2a: Urshifu|Close Combat|p1a: Zamazenta\n|-crit|p1a: Zamazenta\n|-damage|p1a: Zamazenta|0 fnt\n|-unboost|p2a: Urshifu|def|1\n|-unboost|p2a: Urshifu|spd|1\n|faint|p1a: Zamazenta\n|\n|win|satelite99\n|raw|dave savez's rating: 1663 &rarr; <strong>1640<\/strong><br \/>(-23 for losing)\n|raw|satelite99's rating: 1608 &rarr; <strong>1631<\/strong><br \/>(+23 for winning)\n|c|\u2606dave savez|gg\n|l|\u2606dave savez\n|player|p1|\n|l| TipoTosto130140134\n","uploadtime":1739365301,"views":5,"formatid":"gen9vgc2025regg","rating":1631,"private":0,"password":null}