{"id":"gen9vgc2025regg-2299602897","format":"[Gen 9] VGC 2025 Reg G","players":["Sheevp","Yung Trav"],"log":"|j|\u2606Sheevp\n|j|\u203dYung Trav\n|t:|1739395360\n|gametype|doubles\n|player|p1|Sheevp|1|1585\n|player|p2|Yung Trav|102|1726\n|teamsize|p1|6\n|teamsize|p2|6\n|gen|9\n|tier|[Gen 9] VGC 2025 Reg G\n|rated|\n|rule|Species Clause: Limit one of each Pok\u00e9mon\n|rule|Item Clause: Limit 1 of each item\n|clearpoke\n|poke|p1|Volcarona, L50, F|\n|poke|p1|Rillaboom, L50, F|\n|poke|p1|Overqwil, L50, M|\n|poke|p1|Landorus, L50, M|\n|poke|p1|Kyogre, L50|\n|poke|p1|Roaring Moon, L50|\n|poke|p2|Calyrex-Ice, L50|\n|poke|p2|Regidrago, L50|\n|poke|p2|Smeargle, L50, M|\n|poke|p2|Farigiraf, L50, M|\n|poke|p2|Urshifu-*, L50, M|\n|poke|p2|Ogerpon-Cornerstone, L50, F|\n|teampreview|4\n|inactive|Battle timer is ON: inactive players will automatically lose when time's up. (requested by Yung Trav)\n|inactive|Yung Trav has 60 seconds left.\n|\n|t:|1739395395\n|start\n|switch|p1a: Kyogre|Kyogre, L50|100\/100\n|switch|p1b: Volcarona|Volcarona, L50, F|100\/100\n|switch|p2a: Calyrex|Calyrex-Ice, L50|100\/100\n|switch|p2b: Smeargle|Smeargle, L50, M, shiny|100\/100\n|-ability|p2a: Calyrex|As One\n|-ability|p2a: Calyrex|Unnerve\n|-weather|RainDance|[from] ability: Drizzle|[of] p1a: Kyogre\n|turn|1\n|inactive|Yung Trav has 30 seconds left.\n|inactive|Yung Trav has 20 seconds left.\n|\n|t:|1739395434\n|-terastallize|p2a: Calyrex|Water\n|move|p2b: Smeargle|Fake Out|p1b: Volcarona\n|-damage|p1b: Volcarona|96\/100\n|move|p1a: Kyogre|Water Spout|p2b: Smeargle|[spread] p2a,p2b\n|-resisted|p2a: Calyrex\n|-damage|p2a: Calyrex|41\/100\n|-enditem|p2b: Smeargle|Focus Sash\n|-damage|p2b: Smeargle|1\/100\n|cant|p1b: Volcarona|flinch\n|move|p2a: Calyrex|Trick Room|p2a: Calyrex\n|-fieldstart|move: Trick Room|[of] p2a: Calyrex\n|\n|-weather|RainDance|[upkeep]\n|upkeep\n|turn|2\n|\n|t:|1739395454\n|move|p1b: Volcarona|Rage Powder|p1b: Volcarona\n|-singleturn|p1b: Volcarona|move: Rage Powder\n|move|p2b: Smeargle|Decorate|p1b: Volcarona\n|-boost|p1b: Volcarona|atk|2\n|-boost|p1b: Volcarona|spa|2\n|move|p2a: Calyrex|Glacial Lance|p1a: Kyogre|[spread] p1a,p1b\n|-resisted|p1a: Kyogre\n|-resisted|p1b: Volcarona\n|-damage|p1a: Kyogre|64\/100\n|-damage|p1b: Volcarona|66\/100\n|move|p1a: Kyogre|Water Spout|p2b: Smeargle|[spread] p2a,p2b\n|-resisted|p2a: Calyrex\n|-damage|p2a: Calyrex|4\/100\n|-damage|p2b: Smeargle|0 fnt\n|faint|p2b: Smeargle\n|\n|-weather|RainDance|[upkeep]\n|upkeep\n|\n|t:|1739395471\n|switch|p2b: Regidrago|Regidrago, L50, shiny|100\/100\n|turn|3\n|\n|t:|1739395480\n|move|p1b: Volcarona|Protect|p1b: Volcarona\n|-singleturn|p1b: Volcarona|Protect\n|move|p2b: Regidrago|Dragon Energy|p1a: Kyogre|[spread] p1a\n|-activate|p1b: Volcarona|move: Protect\n|-damage|p1a: Kyogre|4\/100\n|move|p2a: Calyrex|Glacial Lance|p1b: Volcarona|[spread] p1a\n|-activate|p1b: Volcarona|move: Protect\n|-resisted|p1a: Kyogre\n|-damage|p1a: Kyogre|0 fnt\n|faint|p1a: Kyogre\n|-ability|p2a: Calyrex|Chilling Neigh|boost\n|-boost|p2a: Calyrex|atk|1\n|\n|-weather|RainDance|[upkeep]\n|upkeep\n|\n|t:|1739395490\n|switch|p1a: Rillaboom|Rillaboom, L50, F|100\/100\n|-fieldstart|move: Grassy Terrain|[from] ability: Grassy Surge|[of] p1a: Rillaboom\n|turn|4\n|\n|t:|1739395510\n|switch|p2b: Ogerpon|Ogerpon-Cornerstone, L50, F|100\/100\n|move|p2a: Calyrex|Protect|p2a: Calyrex\n|-singleturn|p2a: Calyrex|Protect\n|move|p1a: Rillaboom|Fake Out|p2a: Calyrex\n|-activate|p2a: Calyrex|move: Protect\n|move|p1b: Volcarona|Bug Buzz|p2b: Ogerpon\n|-supereffective|p2b: Ogerpon\n|-ability|p2b: Ogerpon|Sturdy\n|-damage|p2b: Ogerpon|1\/100\n|\n|-weather|RainDance|[upkeep]\n|-heal|p2a: Calyrex|10\/100|[from] Grassy Terrain\n|-heal|p1b: Volcarona|72\/100|[from] Grassy Terrain\n|-heal|p2b: Ogerpon|7\/100|[from] Grassy Terrain\n|upkeep\n|turn|5\n|inactive|Yung Trav has 30 seconds left.\n|\n|t:|1739395542\n|-terastallize|p1a: Rillaboom|Fire\n|move|p2b: Ogerpon|Follow Me|p2b: Ogerpon\n|-singleturn|p2b: Ogerpon|move: Follow Me\n|move|p1a: Rillaboom|Grassy Glide|p2b: Ogerpon\n|-damage|p2b: Ogerpon|0 fnt\n|faint|p2b: Ogerpon\n|move|p2a: Calyrex|High Horsepower|p1a: Rillaboom\n|-supereffective|p1a: Rillaboom\n|-damage|p1a: Rillaboom|0 fnt\n|faint|p1a: Rillaboom\n|-ability|p2a: Calyrex|Chilling Neigh|boost\n|-boost|p2a: Calyrex|atk|1\n|move|p1b: Volcarona|Bug Buzz|p2a: Calyrex\n|-damage|p2a: Calyrex|0 fnt\n|faint|p2a: Calyrex\n|\n|-weather|none\n|-heal|p1b: Volcarona|79\/100|[from] Grassy Terrain\n|-fieldend|move: Trick Room\n|upkeep\n|\n|t:|1739395563\n|switch|p1a: Overqwil|Overqwil, L50, M|100\/100\n|switch|p2a: Regidrago|Regidrago, L50, shiny|100\/100\n|turn|6\n|\n|t:|1739395569\n|move|p1b: Volcarona|Bug Buzz|p2a: Regidrago\n|-damage|p2a: Regidrago|9\/100\n|move|p1a: Overqwil|Poison Jab|p2a: Regidrago\n|-damage|p2a: Regidrago|0 fnt\n|faint|p2a: Regidrago\n|-damage|p1a: Overqwil|91\/100|[from] item: Life Orb\n|\n|win|Sheevp\n|raw|Sheevp's rating: 1585 &rarr; <strong>1613<\/strong><br \/>(+28 for winning)\n|raw|Yung Trav's rating: 1726 &rarr; <strong>1698<\/strong><br \/>(-28 for losing)\n|l|\u203dYung Trav\n|player|p2|\n|l|\u2606Sheevp\n|player|p1|\n","uploadtime":1739395801,"views":12,"formatid":"gen9vgc2025regg","rating":1613,"private":0,"password":null}