{"id":"gen9vgc2025regg-2299567203","format":"[Gen 9] VGC 2025 Reg G","players":["heyBeteritsVGC","Elquepruebatims2"],"log":"|j|\u2606heyBeteritsVGC\n|j|\u2606Elquepruebatims2\n|t:|1739391720\n|gametype|doubles\n|player|p1|heyBeteritsVGC|265|1585\n|player|p2|Elquepruebatims2|turo-ai|1610\n|teamsize|p1|6\n|teamsize|p2|6\n|gen|9\n|tier|[Gen 9] VGC 2025 Reg G\n|rated|\n|rule|Species Clause: Limit one of each Pok\u00e9mon\n|rule|Item Clause: Limit 1 of each item\n|clearpoke\n|poke|p1|Dialga-Origin, L50|\n|poke|p1|Raging Bolt, L50|\n|poke|p1|Flutter Mane, L50|\n|poke|p1|Ursaluna, L50, F|\n|poke|p1|Volcarona, L50, F|\n|poke|p1|Smeargle, L50, M|\n|poke|p2|Calyrex-Shadow, L50|\n|poke|p2|Urshifu-*, L50, M|\n|poke|p2|Rillaboom, L50, M|\n|poke|p2|Incineroar, L50, F|\n|poke|p2|Ogerpon-Hearthflame, L50, F|\n|poke|p2|Whimsicott, L50, M|\n|teampreview|4\n|inactive|Battle timer is ON: inactive players will automatically lose when time's up. (requested by heyBeteritsVGC)\n|j| kiabu233\n|j| futonkagebunshin\n|j| Meiser63\n|inactive|heyBeteritsVGC has 60 seconds left.\n|\n|t:|1739391760\n|start\n|switch|p1a: Dialga|Dialga-Origin, L50|100\/100\n|switch|p1b: Raging Bolt|Raging Bolt, L50|100\/100\n|switch|p2a: Calyrex|Calyrex-Shadow, L50|100\/100\n|switch|p2b: Incineroar|Incineroar, L50, F|100\/100\n|-ability|p2a: Calyrex|As One\n|-ability|p2a: Calyrex|Unnerve\n|-ability|p2b: Incineroar|Intimidate|boost\n|-unboost|p1a: Dialga|atk|1\n|-unboost|p1b: Raging Bolt|atk|1\n|turn|1\n|\n|t:|1739391774\n|switch|p1a: Ursaluna|Ursaluna, L50, F|100\/100\n|-terastallize|p2a: Calyrex|Ghost\n|move|p2b: Incineroar|Helping Hand|p2a: Calyrex\n|-singleturn|p2a: Calyrex|Helping Hand|[of] p2b: Incineroar\n|move|p2a: Calyrex|Astral Barrage|p1b: Raging Bolt|[spread] p1b\n|-immune|p1a: Ursaluna\n|-damage|p1b: Raging Bolt|0 fnt\n|faint|p1b: Raging Bolt\n|-end|p1b: Raging Bolt|Protosynthesis|[silent]\n|-ability|p2a: Calyrex|Grim Neigh|boost\n|-boost|p2a: Calyrex|spa|1\n|\n|-status|p1a: Ursaluna|brn|[from] item: Flame Orb\n|upkeep\n|\n|t:|1739391787\n|switch|p1b: Dialga|Dialga-Origin, L50|100\/100\n|turn|2\n|inactive|heyBeteritsVGC has 30 seconds left.\n|\n|t:|1739391812\n|move|p1b: Dialga|Protect|p1b: Dialga\n|-singleturn|p1b: Dialga|Protect\n|move|p2a: Calyrex|Astral Barrage|p1b: Dialga|[spread] \n|-activate|p1b: Dialga|move: Protect\n|-immune|p1a: Ursaluna\n|move|p2b: Incineroar|Parting Shot|p1a: Ursaluna\n|-unboost|p1a: Ursaluna|atk|1\n|-unboost|p1a: Ursaluna|spa|1\n|\n|t:|1739391817\n|switch|p2b: Ogerpon|Ogerpon-Hearthflame, L50, F|100\/100|[from] Parting Shot\n|-ability|p2b: Ogerpon|Mold Breaker\n|move|p1a: Ursaluna|Headlong Rush|p2a: Calyrex\n|-damage|p2a: Calyrex|14\/100\n|-unboost|p1a: Ursaluna|def|1\n|-unboost|p1a: Ursaluna|spd|1\n|\n|-damage|p1a: Ursaluna|95\/100 brn|[from] brn\n|upkeep\n|turn|3\n|\n|t:|1739391833\n|switch|p1b: Smeargle|Smeargle, L50, M|100\/100\n|move|p1a: Ursaluna|Protect|p1a: Ursaluna\n|-singleturn|p1a: Ursaluna|Protect\n|move|p2a: Calyrex|Astral Barrage|p1a: Ursaluna|[spread] \n|-activate|p1a: Ursaluna|move: Protect\n|-immune|p1b: Smeargle\n|move|p2b: Ogerpon|Wood Hammer|p1a: Ursaluna\n|-activate|p1a: Ursaluna|move: Protect\n|\n|-damage|p1a: Ursaluna|89\/100 brn|[from] brn\n|-ability|p1b: Smeargle|Moody|boost\n|-boost|p1b: Smeargle|def|2\n|-unboost|p1b: Smeargle|atk|1\n|upkeep\n|turn|4\n|\n|t:|1739391849\n|switch|p2a: Incineroar|Incineroar, L50, F|100\/100\n|-ability|p2a: Incineroar|Intimidate|boost\n|-unboost|p1a: Ursaluna|atk|1\n|-unboost|p1b: Smeargle|atk|1\n|move|p2b: Ogerpon|Spiky Shield|p2b: Ogerpon\n|-singleturn|p2b: Ogerpon|move: Protect\n|move|p1b: Smeargle|Follow Me|p1b: Smeargle\n|-singleturn|p1b: Smeargle|move: Follow Me\n|move|p1a: Ursaluna|Facade|p2a: Incineroar\n|-damage|p2a: Incineroar|54\/100\n|-damage|p1a: Ursaluna|72\/100 brn|[from] item: Rocky Helmet|[of] p2a: Incineroar\n|\n|-damage|p1a: Ursaluna|66\/100 brn|[from] brn\n|-ability|p1b: Smeargle|Moody|boost\n|-boost|p1b: Smeargle|spd|2\n|-unboost|p1b: Smeargle|def|1\n|upkeep\n|turn|5\n|\n|t:|1739391864\n|switch|p1b: Dialga|Dialga-Origin, L50|100\/100\n|move|p1a: Ursaluna|Protect|p1a: Ursaluna\n|-singleturn|p1a: Ursaluna|Protect\n|move|p2a: Incineroar|Fake Out|p1b: Dialga\n|-resisted|p1b: Dialga\n|-damage|p1b: Dialga|97\/100\n|move|p2b: Ogerpon|Ivy Cudgel|p1b: Dialga|[anim] Ivy Cudgel Fire\n|-damage|p1b: Dialga|58\/100\n|\n|-damage|p1a: Ursaluna|60\/100 brn|[from] brn\n|upkeep\n|turn|6\n|l| futonkagebunshin\n|\n|t:|1739391882\n|switch|p1a: Smeargle|Smeargle, L50, M|100\/100\n|move|p2b: Ogerpon|Wood Hammer|p1a: Smeargle\n|-enditem|p1a: Smeargle|Focus Sash\n|-damage|p1a: Smeargle|1\/100\n|-damage|p2b: Ogerpon|72\/100|[from] Recoil\n|move|p2a: Incineroar|Parting Shot|p1b: Dialga\n|-unboost|p1b: Dialga|atk|1\n|-unboost|p1b: Dialga|spa|1\n|\n|t:|1739391901\n|switch|p2a: Urshifu|Urshifu-Rapid-Strike, L50, M|100\/100|[from] Parting Shot\n|move|p1b: Dialga|Trick Room|p1b: Dialga\n|-fieldstart|move: Trick Room|[of] p1b: Dialga\n|\n|-ability|p1a: Smeargle|Moody|boost\n|-boost|p1a: Smeargle|spa|2\n|-unboost|p1a: Smeargle|spe|1\n|upkeep\n|turn|7\n|\n|t:|1739391919\n|move|p1a: Smeargle|Fake Out|p2a: Urshifu\n|-damage|p2a: Urshifu|95\/100\n|cant|p2a: Urshifu|flinch\n|move|p1b: Dialga|Draco Meteor|p2b: Ogerpon\n|-damage|p2b: Ogerpon|14\/100\n|-unboost|p1b: Dialga|spa|2\n|move|p2b: Ogerpon|Ivy Cudgel|p1b: Dialga|[anim] Ivy Cudgel Fire\n|-crit|p1b: Dialga\n|-damage|p1b: Dialga|0 fnt\n|faint|p1b: Dialga\n|\n|-ability|p1a: Smeargle|Moody|boost\n|-boost|p1a: Smeargle|atk|2\n|-unboost|p1a: Smeargle|spa|1\n|upkeep\n|\n|t:|1739391923\n|switch|p1b: Ursaluna|Ursaluna, L50, F|60\/100 brn\n|turn|8\n|l| kiabu233\n|\n|t:|1739391943\n|move|p1a: Smeargle|Wide Guard|p1a: Smeargle\n|-singleturn|p1a: Smeargle|Wide Guard\n|move|p2b: Ogerpon|Follow Me|p2b: Ogerpon\n|-singleturn|p2b: Ogerpon|move: Follow Me\n|move|p2a: Urshifu|Aqua Jet|p1a: Smeargle\n|-damage|p1a: Smeargle|0 fnt\n|faint|p1a: Smeargle\n|move|p1b: Ursaluna|Earthquake|p2b: Ogerpon|[spread] p2a,p2b\n|-damage|p2a: Urshifu|20\/100\n|-damage|p2b: Ogerpon|0 fnt\n|faint|p2b: Ogerpon\n|\n|-damage|p1b: Ursaluna|55\/100 brn|[from] brn\n|upkeep\n|\n|t:|1739391950\n|switch|p2b: Incineroar|Incineroar, L50, F|54\/100\n|-ability|p2b: Incineroar|Intimidate|boost\n|-unboost|p1b: Ursaluna|atk|1\n|turn|9\n|-message|heyBeteritsVGC forfeited.\n|\n|win|Elquepruebatims2\n|raw|heyBeteritsVGC's rating: 1585 &rarr; <strong>1566<\/strong><br \/>(-19 for losing)\n|raw|Elquepruebatims2's rating: 1610 &rarr; <strong>1629<\/strong><br \/>(+19 for winning)\n|l|\u2606heyBeteritsVGC\n|player|p1|\n|l| Meiser63\n|l|\u2606Elquepruebatims2\n|player|p2|\n|j| kiabu233\n|l| kiabu233\n","uploadtime":1739392130,"views":7,"formatid":"gen9vgc2025regg","rating":1566,"private":0,"password":null}