{"id":"gen9vgc2025regg-2299868780","format":"[Gen 9] VGC 2025 Reg G","players":["aoiharada","Iamsliverfish"],"log":"|j|\u2606aoiharada\n|j|\u2606Iamsliverfish\n|t:|1739432305\n|gametype|doubles\n|player|p1|aoiharada|266|1603\n|player|p2|Iamsliverfish|hiker-gen4|1745\n|teamsize|p1|6\n|teamsize|p2|6\n|gen|9\n|tier|[Gen 9] VGC 2025 Reg G\n|rated|\n|rule|Species Clause: Limit one of each Pok\u00e9mon\n|rule|Item Clause: Limit 1 of each item\n|clearpoke\n|poke|p1|Weezing-Galar, L50, F|\n|poke|p1|Calyrex-Shadow, L50|\n|poke|p1|Dondozo, L50, M|\n|poke|p1|Tatsugiri, L50, F|\n|poke|p1|Incineroar, L50, M|\n|poke|p1|Roaring Moon, L50|\n|poke|p2|Calyrex-Shadow, L50|\n|poke|p2|Ursaluna, L50, M|\n|poke|p2|Indeedee-F, L50, F|\n|poke|p2|Ogerpon-Wellspring, L50, F|\n|poke|p2|Tornadus, L50, M|\n|poke|p2|Chi-Yu, L50|\n|teampreview|4\n|\n|t:|1739432365\n|start\n|switch|p1a: Calyrex|Calyrex-Shadow, L50|100\/100\n|switch|p1b: Roaring Moon|Roaring Moon, L50|100\/100\n|switch|p2a: Ursaluna|Ursaluna, L50, M|100\/100\n|switch|p2b: Calyrex|Calyrex-Shadow, L50|100\/100\n|-ability|p2b: Calyrex|As One\n|-ability|p2b: Calyrex|Unnerve\n|-ability|p1a: Calyrex|As One\n|-ability|p1a: Calyrex|Unnerve\n|turn|1\n|\n|t:|1739432413\n|-terastallize|p2b: Calyrex|Ground\n|-terastallize|p1a: Calyrex|Fighting\n|move|p1a: Calyrex|Astral Barrage|p2b: Calyrex|[spread] p2b\n|-immune|p2a: Ursaluna\n|-damage|p2b: Calyrex|18\/100\n|move|p2b: Calyrex|Astral Barrage|p1a: Calyrex|[spread] p1a,p1b\n|-resisted|p1b: Roaring Moon\n|-damage|p1a: Calyrex|23\/100\n|-damage|p1b: Roaring Moon|77\/100\n|-damage|p2b: Calyrex|8\/100|[from] item: Life Orb\n|move|p1b: Roaring Moon|Knock Off|p2a: Ursaluna\n|-damage|p2a: Ursaluna|57\/100\n|-enditem|p2a: Ursaluna|Flame Orb|[from] move: Knock Off|[of] p1b: Roaring Moon\n|move|p2a: Ursaluna|Headlong Rush|p1b: Roaring Moon\n|-damage|p1b: Roaring Moon|0 fnt\n|-unboost|p2a: Ursaluna|def|1\n|-unboost|p2a: Ursaluna|spd|1\n|faint|p1b: Roaring Moon\n|-end|p1b: Roaring Moon|Protosynthesis|[silent]\n|\n|upkeep\n|\n|t:|1739432434\n|switch|p1b: Dondozo|Dondozo, L50, M|100\/100\n|turn|2\n|\n|t:|1739432452\n|switch|p1a: Tatsugiri|Tatsugiri, L50, F|100\/100\n|-activate|p1a: Tatsugiri|ability: Commander|[of] p1b: Dondozo\n|-boost|p1b: Dondozo|atk|2\n|-boost|p1b: Dondozo|spa|2\n|-boost|p1b: Dondozo|spe|2\n|-boost|p1b: Dondozo|def|2\n|-boost|p1b: Dondozo|spd|2\n|switch|p2a: Indeedee|Indeedee-F, L50, F|100\/100\n|-fieldstart|move: Psychic Terrain|[from] ability: Psychic Surge|[of] p2a: Indeedee\n|move|p2b: Calyrex|Expanding Force|p1a: Tatsugiri|[spread] p1b\n|-miss|p2b: Calyrex|p1a: Tatsugiri\n|-damage|p1b: Dondozo|57\/100\n|-damage|p2b: Calyrex|0 fnt|[from] item: Life Orb\n|faint|p2b: Calyrex\n|move|p1b: Dondozo|Earthquake|p2a: Indeedee|[spread] p2a\n|-miss|p1b: Dondozo|p1a: Tatsugiri\n|-damage|p2a: Indeedee|58\/100\n|\n|-heal|p1b: Dondozo|63\/100|[from] item: Leftovers\n|upkeep\n|\n|t:|1739432456\n|switch|p2b: Ogerpon|Ogerpon-Wellspring, L50, F|100\/100\n|turn|3\n|\n|t:|1739432491\n|move|p2a: Indeedee|Helping Hand|p2b: Ogerpon\n|-singleturn|p2b: Ogerpon|Helping Hand|[of] p2a: Indeedee\n|move|p2b: Ogerpon|Horn Leech|p1b: Dondozo\n|-supereffective|p1b: Dondozo\n|-damage|p1b: Dondozo|22\/100\n|move|p1b: Dondozo|Earthquake|p2b: Ogerpon|[spread] p2a,p2b\n|-miss|p1b: Dondozo|p1a: Tatsugiri\n|-resisted|p2b: Ogerpon\n|-damage|p2a: Indeedee|18\/100\n|-damage|p2b: Ogerpon|75\/100\n|\n|-heal|p1b: Dondozo|29\/100|[from] item: Leftovers\n|upkeep\n|turn|4\n|\n|t:|1739432505\n|move|p2a: Indeedee|Helping Hand|p2b: Ogerpon\n|-singleturn|p2b: Ogerpon|Helping Hand|[of] p2a: Indeedee\n|move|p2b: Ogerpon|Horn Leech|p1b: Dondozo\n|-supereffective|p1b: Dondozo\n|-damage|p1b: Dondozo|0 fnt\n|-heal|p2b: Ogerpon|95\/100|[from] drain|[of] p1b: Dondozo\n|faint|p1b: Dondozo\n|\n|upkeep\n|\n|t:|1739432507\n|switch|p1b: Calyrex|Calyrex-Shadow, L50, tera:Fighting|23\/100\n|-ability|p1b: Calyrex|As One\n|-ability|p1b: Calyrex|Unnerve\n|turn|5\n|\n|t:|1739432519\n|move|p1b: Calyrex|Psychic|p2b: Ogerpon\n|-damage|p2b: Ogerpon|0 fnt\n|faint|p2b: Ogerpon\n|-ability|p1b: Calyrex|Grim Neigh|boost\n|-boost|p1b: Calyrex|spa|1\n|move|p1a: Tatsugiri|Muddy Water|p2a: Indeedee\n|-damage|p2a: Indeedee|0 fnt\n|faint|p2a: Indeedee\n|\n|upkeep\n|-message|Iamsliverfish forfeited.\n|\n|win|aoiharada\n|raw|aoiharada's rating: 1603 &rarr; <strong>1632<\/strong><br \/>(+29 for winning)\n|raw|Iamsliverfish's rating: 1761 &rarr; <strong>1732<\/strong><br \/>(-29 for losing)\n|l|\u2606Iamsliverfish\n|player|p2|\n|l|\u2606aoiharada\n|player|p1|\n","uploadtime":1739432699,"views":27,"formatid":"gen9vgc2025regg","rating":1632,"private":0,"password":null}