{"id":"gen9vgc2025regg-2299490015","format":"[Gen 9] VGC 2025 Reg G","players":["Mega Zap2","Jetshavel"],"log":"|j|\u2606Mega Zap2\n|j|\u2606Jetshavel\n|t:|1739384236\n|gametype|doubles\n|player|p1|Mega Zap2|ninjaboy|1582\n|player|p2|Jetshavel|265|1563\n|teamsize|p1|6\n|teamsize|p2|6\n|gen|9\n|tier|[Gen 9] VGC 2025 Reg G\n|rated|\n|rule|Species Clause: Limit one of each Pok\u00e9mon\n|rule|Item Clause: Limit 1 of each item\n|clearpoke\n|poke|p1|Calyrex-Ice, L50|\n|poke|p1|Urshifu-*, L50, M|\n|poke|p1|Pelipper, L50, M|\n|poke|p1|Amoonguss, L50, M|\n|poke|p1|Iron Valiant, L50|\n|poke|p1|Landorus, L50, M|\n|poke|p2|Calyrex-Ice, L50|\n|poke|p2|Landorus, L50, M|\n|poke|p2|Amoonguss, L50, F|\n|poke|p2|Urshifu-*, L50, M|\n|poke|p2|Roaring Moon, L50|\n|poke|p2|Ogerpon-Hearthflame, L50, F|\n|teampreview|4\n|inactive|Battle timer is ON: inactive players will automatically lose when time's up. (requested by Mega Zap2)\nMega Zap2 has agreed to open team sheets.\n|j| Baguettezzz\n|j| Funn yIy\n|inactive|Jetshavel has 60 seconds left.\n|j| playrornds\n|\n|t:|1739384290\n|start\n|switch|p1a: Calyrex|Calyrex-Ice, L50|100\/100\n|switch|p1b: Pelipper|Pelipper, L50, M|100\/100\n|switch|p2a: Urshifu|Urshifu-Rapid-Strike, L50, M|100\/100\n|switch|p2b: Ogerpon|Ogerpon-Hearthflame, L50, F|100\/100\n|-ability|p1a: Calyrex|As One\n|-ability|p1a: Calyrex|Unnerve\n|-ability|p2b: Ogerpon|Mold Breaker\n|-weather|RainDance|[from] ability: Drizzle|[of] p1b: Pelipper\n|turn|1\n|\n|t:|1739384307\n|switch|p1a: Amoonguss|Amoonguss, L50, M|100\/100\n|-terastallize|p2a: Urshifu|Water\n|move|p2b: Ogerpon|Ivy Cudgel|p1a: Amoonguss|[anim] Ivy Cudgel Fire\n|-supereffective|p1a: Amoonguss\n|-damage|p1a: Amoonguss|67\/100\n|move|p2a: Urshifu|Surging Strikes|p1b: Pelipper\n|-resisted|p1b: Pelipper\n|-crit|p1b: Pelipper\n|-damage|p1b: Pelipper|73\/100\n|-resisted|p1b: Pelipper\n|-crit|p1b: Pelipper\n|-damage|p1b: Pelipper|44\/100\n|-resisted|p1b: Pelipper\n|-crit|p1b: Pelipper\n|-damage|p1b: Pelipper|14\/100\n|-hitcount|p1b: Pelipper|3\n|move|p1b: Pelipper|Hurricane|p2b: Ogerpon\n|-supereffective|p2b: Ogerpon\n|-damage|p2b: Ogerpon|0 fnt\n|faint|p2b: Ogerpon\n|-damage|p1b: Pelipper|4\/100|[from] item: Life Orb\n|\n|-weather|RainDance|[upkeep]\n|upkeep\n|\n|t:|1739384313\n|switch|p2b: Landorus|Landorus, L50, M|100\/100\n|turn|2\n|\n|t:|1739384333\n|move|p2b: Landorus|Protect|p2b: Landorus\n|-singleturn|p2b: Landorus|Protect\n|move|p2a: Urshifu|Taunt|p1a: Amoonguss\n|-start|p1a: Amoonguss|move: Taunt\n|move|p1b: Pelipper|Weather Ball|p2b: Landorus\n|-activate|p2b: Landorus|move: Protect\n|cant|p1a: Amoonguss|move: Taunt|Spore\n|\n|-weather|RainDance|[upkeep]\n|upkeep\n|turn|3\n|inactive|Mega Zap2 has 30 seconds left.\n|\n|t:|1739384358\n|switch|p1a: Calyrex|Calyrex-Ice, L50|100\/100\n|-ability|p1a: Calyrex|As One\n|-ability|p1a: Calyrex|Unnerve\n|move|p2b: Landorus|Earth Power|p1a: Calyrex\n|-damage|p1a: Calyrex|54\/100\n|move|p2a: Urshifu|Surging Strikes|p1b: Pelipper\n|-resisted|p1b: Pelipper\n|-crit|p1b: Pelipper\n|-damage|p1b: Pelipper|0 fnt\n|faint|p1b: Pelipper\n|-hitcount|p1: Pelipper|1\n|\n|-weather|RainDance|[upkeep]\n|upkeep\n|l| Baguettezzz\n|\n|t:|1739384376\n|switch|p1b: Amoonguss|Amoonguss, L50, M|99\/100\n|turn|4\n|\n|t:|1739384390\n|move|p2b: Landorus|Protect|p2b: Landorus\n|-singleturn|p2b: Landorus|Protect\n|move|p1b: Amoonguss|Rage Powder|p1b: Amoonguss\n|-singleturn|p1b: Amoonguss|move: Rage Powder\n|move|p2a: Urshifu|Taunt|p1b: Amoonguss\n|-start|p1b: Amoonguss|move: Taunt\n|move|p1a: Calyrex|Trick Room|p1a: Calyrex\n|-fieldstart|move: Trick Room|[of] p1a: Calyrex\n|\n|-weather|RainDance|[upkeep]\n|upkeep\n|turn|5\n|\n|t:|1739384406\n|switch|p2b: Calyrex|Calyrex-Ice, L50|100\/100\n|-ability|p2b: Calyrex|As One\n|-ability|p2b: Calyrex|Unnerve\n|-terastallize|p1a: Calyrex|Grass\n|move|p1b: Amoonguss|Pollen Puff|p1a: Calyrex\n|-heal|p1a: Calyrex|100\/100\n|move|p1a: Calyrex|Glacial Lance|p2b: Calyrex|[spread] p2a,p2b\n|-resisted|p2a: Urshifu\n|-crit|p2a: Urshifu\n|-resisted|p2b: Calyrex\n|-damage|p2a: Urshifu|63\/100\n|-damage|p2b: Calyrex|84\/100\n|move|p2a: Urshifu|Surging Strikes|p1a: Calyrex\n|-resisted|p1a: Calyrex\n|-crit|p1a: Calyrex\n|-damage|p1a: Calyrex|84\/100\n|-resisted|p1a: Calyrex\n|-crit|p1a: Calyrex\n|-damage|p1a: Calyrex|68\/100\n|-resisted|p1a: Calyrex\n|-crit|p1a: Calyrex\n|-damage|p1a: Calyrex|54\/100\n|-hitcount|p1a: Calyrex|3\n|\n|-weather|none\n|upkeep\n|turn|6\n|inactive|Mega Zap2 has 30 seconds left.\n|\n|t:|1739384432\n|move|p1a: Calyrex|Protect|p1a: Calyrex\n|-singleturn|p1a: Calyrex|Protect\n|move|p1b: Amoonguss|Pollen Puff|p2b: Calyrex\n|-supereffective|p2b: Calyrex\n|-damage|p2b: Calyrex|57\/100\n|move|p2b: Calyrex|Glacial Lance|p1b: Amoonguss|[spread] p1b\n|-activate|p1a: Calyrex|move: Protect\n|-supereffective|p1b: Amoonguss\n|-damage|p1b: Amoonguss|17\/100\n|move|p2a: Urshifu|Taunt|p1a: Calyrex\n|-activate|p1a: Calyrex|move: Protect\n|\n|upkeep\n|turn|7\n|\n|t:|1739384454\n|move|p2a: Urshifu|Detect|p2a: Urshifu\n|-singleturn|p2a: Urshifu|Protect\n|move|p1b: Amoonguss|Pollen Puff|p1a: Calyrex\n|-heal|p1a: Calyrex|100\/100\n|move|p1a: Calyrex|High Horsepower|p2a: Urshifu\n|-activate|p2a: Urshifu|move: Protect\n|move|p2b: Calyrex|Glacial Lance|p1a: Calyrex|[spread] p1a,p1b\n|-supereffective|p1a: Calyrex\n|-crit|p1a: Calyrex\n|-supereffective|p1b: Amoonguss\n|-damage|p1a: Calyrex|0 fnt\n|-damage|p1b: Amoonguss|0 fnt\n|faint|p1a: Calyrex\n|faint|p1b: Amoonguss\n|-ability|p2b: Calyrex|Chilling Neigh|boost\n|-boost|p2b: Calyrex|atk|2\n|\n|upkeep\n|\n|t:|1739384466\n|switch|p1b: Urshifu|Urshifu-Rapid-Strike, L50, M|100\/100\n|turn|8\n|\n|t:|1739384475\n|move|p2b: Calyrex|Glacial Lance|p1b: Urshifu\n|-resisted|p1b: Urshifu\n|-damage|p1b: Urshifu|27\/100\n|move|p2a: Urshifu|Surging Strikes|p1b: Urshifu\n|-resisted|p1b: Urshifu\n|-crit|p1b: Urshifu\n|-damage|p1b: Urshifu|9\/100\n|-resisted|p1b: Urshifu\n|-crit|p1b: Urshifu\n|-damage|p1b: Urshifu|0 fnt\n|faint|p1b: Urshifu\n|-hitcount|p1: Urshifu|2\n|\n|win|Jetshavel\n|raw|Mega Zap2's rating: 1582 &rarr; <strong>1561<\/strong><br \/>(-21 for losing)\n|raw|Jetshavel's rating: 1563 &rarr; <strong>1584<\/strong><br \/>(+21 for winning)\n|l| playrornds\n|l|\u2606Mega Zap2\n|player|p1|\n|l| Funn yIy\n","uploadtime":1739384731,"views":4,"formatid":"gen9vgc2025regg","rating":1561,"private":0,"password":null}