{"id":"gen9vgc2025regg-2299490475","format":"[Gen 9] VGC 2025 Reg G","players":["longhq","xatseye"],"log":"|j|\u2606longhq\n|j|\u2606xatseye\n|t:|1739384277\n|gametype|doubles\n|player|p1|longhq|dawn|1562\n|player|p2|xatseye|unknown|1664\n|teamsize|p1|6\n|teamsize|p2|6\n|gen|9\n|tier|[Gen 9] VGC 2025 Reg G\n|rated|\n|rule|Species Clause: Limit one of each Pok\u00e9mon\n|rule|Item Clause: Limit 1 of each item\n|clearpoke\n|poke|p1|Raging Bolt, L50|\n|poke|p1|Koraidon, L50|\n|poke|p1|Indeedee-F, L50, F|\n|poke|p1|Kingambit, L50, F|\n|poke|p1|Jumpluff, L50, F|\n|poke|p1|Ogerpon-Wellspring, L50, F|\n|poke|p2|Miraidon, L50|\n|poke|p2|Incineroar, L50, M|\n|poke|p2|Urshifu-*, L50, F|\n|poke|p2|Oranguru, L50, M|\n|poke|p2|Clefairy, L50, F|\n|poke|p2|Iron Valiant, L50|\n|teampreview|4\n|inactive|Battle timer is ON: inactive players will automatically lose when time's up. (requested by xatseye)\n|inactive|xatseye has 60 seconds left.\n|\n|t:|1739384314\n|start\n|switch|p1a: Kingambit|Kingambit, L50, F|100\/100\n|switch|p1b: Indeedee|Indeedee-F, L50, F|100\/100\n|switch|p2a: Miraidon|Miraidon, L50|100\/100\n|switch|p2b: Oranguru|Oranguru, L50, M|100\/100\n|-fieldstart|move: Electric Terrain|[from] ability: Hadron Engine|[of] p2a: Miraidon\n|-enditem|p2a: Miraidon|Electric Seed\n|-boost|p2a: Miraidon|def|1|[from] item: Electric Seed\n|-activate|p2b: Oranguru|ability: Symbiosis|Covert Cloak|[of] p2a: Miraidon\n|-fieldstart|move: Psychic Terrain|[from] ability: Psychic Surge|[of] p1b: Indeedee\n|-enditem|p1b: Indeedee|Psychic Seed\n|-boost|p1b: Indeedee|spd|1|[from] item: Psychic Seed\n|turn|1\n|inactive|longhq has 30 seconds left.\n|inactive|longhq has 20 seconds left.\n|inactive|longhq has 15 seconds left.\n|inactive|longhq has 10 seconds left.\n|inactive|longhq has 5 seconds left.\n|\n|t:|1739384365\n|-terastallize|p1a: Kingambit|Dark\n|move|p1b: Indeedee|Helping Hand|p1a: Kingambit\n|-singleturn|p1a: Kingambit|Helping Hand|[of] p1b: Indeedee\n|move|p2a: Miraidon|Calm Mind|p2a: Miraidon\n|-boost|p2a: Miraidon|spa|1\n|-boost|p2a: Miraidon|spd|1\n|move|p2b: Oranguru|Instruct|p2a: Miraidon\n|-singleturn|p2a: Miraidon|move: Instruct|[of] p2b: Oranguru\n|move|p2a: Miraidon|Calm Mind|p2a: Miraidon\n|-boost|p2a: Miraidon|spa|1\n|-boost|p2a: Miraidon|spd|1\n|move|p1a: Kingambit|Kowtow Cleave|p2a: Miraidon\n|-damage|p2a: Miraidon|41\/100\n|\n|upkeep\n|turn|2\n|\n|t:|1739384387\n|move|p1a: Kingambit|Protect|p1a: Kingambit\n|-singleturn|p1a: Kingambit|Protect\n|move|p2a: Miraidon|Parabolic Charge|p1a: Kingambit|[spread] p2b,p1b\n|-activate|p1a: Kingambit|move: Protect\n|-damage|p2b: Oranguru|67\/100\n|-heal|p2a: Miraidon|57\/100|[from] drain|[of] p2b: Oranguru\n|-damage|p1b: Indeedee|71\/100\n|-heal|p2a: Miraidon|70\/100|[from] drain|[of] p1b: Indeedee\n|move|p2b: Oranguru|Instruct|p2a: Miraidon\n|-singleturn|p2a: Miraidon|move: Instruct|[of] p2b: Oranguru\n|move|p2a: Miraidon|Parabolic Charge|p1b: Indeedee|[spread] p2b,p1b\n|-activate|p1a: Kingambit|move: Protect\n|-damage|p2b: Oranguru|27\/100\n|-heal|p2a: Miraidon|90\/100|[from] drain|[of] p2b: Oranguru\n|-damage|p1b: Indeedee|42\/100\n|-heal|p2a: Miraidon|100\/100|[from] drain|[of] p1b: Indeedee\n|move|p1b: Indeedee|Trick Room|p1b: Indeedee\n|-fieldstart|move: Trick Room|[of] p1b: Indeedee\n|\n|upkeep\n|turn|3\n|inactive|longhq has 30 seconds left.\n|inactive|xatseye has 30 seconds left.\n|\n|t:|1739384421\n|switch|p1b: Raging Bolt|Raging Bolt, L50|100\/100\n|move|p1a: Kingambit|Kowtow Cleave|p2b: Oranguru\n|-supereffective|p2b: Oranguru\n|-damage|p2b: Oranguru|0 fnt\n|faint|p2b: Oranguru\n|move|p2a: Miraidon|Parabolic Charge|p1b: Raging Bolt|[spread] p1a,p1b\n|-resisted|p1b: Raging Bolt\n|-damage|p1a: Kingambit|51\/100\n|-damage|p1b: Raging Bolt|90\/100\n|\n|upkeep\n|\n|t:|1739384436\n|switch|p2b: Clefairy|Clefairy, L50, F|100\/100\n|turn|4\n|j| 2rffwd\n|\n|t:|1739384448\n|move|p1a: Kingambit|Iron Head|p2b: Clefairy\n|-supereffective|p2b: Clefairy\n|-damage|p2b: Clefairy|0 fnt\n|faint|p2b: Clefairy\n|move|p1b: Raging Bolt|Thunderbolt|p2a: Miraidon\n|-resisted|p2a: Miraidon\n|-damage|p2a: Miraidon|94\/100\n|-damage|p1b: Raging Bolt|80\/100|[from] item: Life Orb\n|move|p2a: Miraidon|Dragon Pulse|p1b: Raging Bolt\n|-supereffective|p1b: Raging Bolt\n|-damage|p1b: Raging Bolt|0 fnt\n|faint|p1b: Raging Bolt\n|-end|p1b: Raging Bolt|Protosynthesis|[silent]\n|\n|upkeep\n|l| 2rffwd\n|inactive|xatseye has 30 seconds left.\n|\n|t:|1739384479\n|switch|p2b: Iron Valiant|Iron Valiant, L50|100\/100\n|switch|p1b: Indeedee|Indeedee-F, L50, F|42\/100\n|-enditem|p2b: Iron Valiant|Booster Energy\n|-activate|p2b: Iron Valiant|ability: Quark Drive|[fromitem]\n|-start|p2b: Iron Valiant|quarkdrivespe\n|turn|5\n|j| playrornds\n|l| playrornds\n|\n|t:|1739384496\n|move|p1b: Indeedee|Helping Hand|p1a: Kingambit\n|-singleturn|p1a: Kingambit|Helping Hand|[of] p1b: Indeedee\n|move|p2b: Iron Valiant|Wide Guard|p2b: Iron Valiant\n|-singleturn|p2b: Iron Valiant|Wide Guard\n|move|p1a: Kingambit|Iron Head|p2b: Iron Valiant\n|-supereffective|p2b: Iron Valiant\n|-damage|p2b: Iron Valiant|0 fnt\n|faint|p2b: Iron Valiant\n|-end|p2b: Iron Valiant|Quark Drive|[silent]\n|move|p2a: Miraidon|Parabolic Charge|p1a: Kingambit|[spread] p1a,p1b\n|-damage|p1a: Kingambit|4\/100\n|-heal|p2a: Miraidon|100\/100|[from] drain|[of] p1a: Kingambit\n|-damage|p1b: Indeedee|0 fnt\n|faint|p1b: Indeedee\n|\n|-fieldend|move: Psychic Terrain\n|upkeep\n|\n|t:|1739384504\n|switch|p1b: Koraidon|Koraidon, L50|100\/100\n|-weather|SunnyDay|[from] ability: Orichalcum Pulse|[of] p1b: Koraidon\n|-activate|p1b: Koraidon|Orichalcum Pulse|[source]\n|turn|6\n|\n|t:|1739384524\n|move|p1a: Kingambit|Kowtow Cleave|p2a: Miraidon\n|-damage|p2a: Miraidon|61\/100\n|move|p2a: Miraidon|Dragon Pulse|p1b: Koraidon\n|-supereffective|p1b: Koraidon\n|-damage|p1b: Koraidon|0 fnt\n|faint|p1b: Koraidon\n|\n|-weather|SunnyDay|[upkeep]\n|-fieldend|move: Trick Room\n|upkeep\n|turn|7\n|\n|t:|1739384532\n|move|p1a: Kingambit|Sucker Punch|p2a: Miraidon\n|-damage|p2a: Miraidon|28\/100\n|move|p2a: Miraidon|Parabolic Charge|p1a: Kingambit\n|-damage|p1a: Kingambit|0 fnt\n|-heal|p2a: Miraidon|30\/100|[from] drain|[of] p1a: Kingambit\n|faint|p1a: Kingambit\n|\n|win|xatseye\n|raw|longhq's rating: 1562 &rarr; <strong>1548<\/strong><br \/>(-14 for losing)\n|raw|xatseye's rating: 1664 &rarr; <strong>1678<\/strong><br \/>(+14 for winning)\n|l|\u2606longhq\n|player|p1|\n|l|\u2606xatseye\n|player|p2|\n","uploadtime":1739384731,"views":4,"formatid":"gen9vgc2025regg","rating":1548,"private":0,"password":null}