{"id":"gen9vgc2025regg-2299040730","format":"[Gen 9] VGC 2025 Reg G","players":["Kaicyios","Iamsliverfish"],"log":"|j|\u2606Kaicyios\n|j|\u2606Iamsliverfish\n|t:|1739322242\n|gametype|doubles\n|player|p1|Kaicyios|giovanni|1672\n|player|p2|Iamsliverfish|hiker-gen4|1717\n|teamsize|p1|6\n|teamsize|p2|6\n|gen|9\n|tier|[Gen 9] VGC 2025 Reg G\n|rated|\n|rule|Species Clause: Limit one of each Pok\u00e9mon\n|rule|Item Clause: Limit 1 of each item\n|clearpoke\n|poke|p1|Groudon, L50|\n|poke|p1|Tornadus, L50, M|\n|poke|p1|Flutter Mane, L50|\n|poke|p1|Chi-Yu, L50|\n|poke|p1|Raging Bolt, L50|\n|poke|p1|Armarouge, L50, M|\n|poke|p2|Calyrex-Shadow, L50|\n|poke|p2|Ursaluna, L50, F|\n|poke|p2|Indeedee-F, L50, F|\n|poke|p2|Ogerpon-Wellspring, L50, F|\n|poke|p2|Tornadus, L50, M|\n|poke|p2|Chi-Yu, L50|\n|teampreview|4\n|\n|t:|1739322279\n|start\n|switch|p1a: Groudon|Groudon, L50|100\/100\n|switch|p1b: Chi-Yu|Chi-Yu, L50|100\/100\n|switch|p2a: Tornadus|Tornadus, L50, M|100\/100\n|switch|p2b: Ogerpon|Ogerpon-Wellspring, L50, F|100\/100\n|-ability|p1b: Chi-Yu|Beads of Ruin\n|-weather|SunnyDay|[from] ability: Drought|[of] p1a: Groudon\n|turn|1\n|j| ademerald\n|inactive|Battle timer is ON: inactive players will automatically lose when time's up. (requested by Kaicyios)\n|inactive|Iamsliverfish has 60 seconds left.\n|inactive|Kaicyios has 60 seconds left.\n|inactive|Iamsliverfish has 30 seconds left.\n|\n|t:|1739322392\n|switch|p1a: Tornadus|Tornadus, L50, M|100\/100\n|move|p2a: Tornadus|Rain Dance|p2a: Tornadus\n|-weather|RainDance\n|move|p1b: Chi-Yu|Dark Pulse|p2b: Ogerpon\n|-damage|p2b: Ogerpon|39\/100\n|move|p2b: Ogerpon|Ivy Cudgel|p1b: Chi-Yu|[anim] Ivy Cudgel Water\n|-supereffective|p1b: Chi-Yu\n|-damage|p1b: Chi-Yu|0 fnt\n|faint|p1b: Chi-Yu\n|\n|-weather|RainDance|[upkeep]\n|upkeep\n|\n|t:|1739322409\n|switch|p1b: Groudon|Groudon, L50|100\/100\n|-weather|SunnyDay|[from] ability: Drought|[of] p1b: Groudon\n|turn|2\n|inactive|Iamsliverfish has 30 seconds left.\n|\n|t:|1739322437\n|-terastallize|p1b: Groudon|Fire\n|move|p2b: Ogerpon|Spiky Shield|p2b: Ogerpon\n|-singleturn|p2b: Ogerpon|move: Protect\n|move|p1a: Tornadus|Tailwind|p1a: Tornadus\n|-sidestart|p1: Kaicyios|move: Tailwind\n|move|p2a: Tornadus|Tailwind|p2a: Tornadus\n|-sidestart|p2: Iamsliverfish|move: Tailwind\n|move|p1b: Groudon|Rock Slide|p2a: Tornadus|[spread] p2a\n|-activate|p2b: Ogerpon|move: Protect\n|-supereffective|p2a: Tornadus\n|-damage|p2a: Tornadus|47\/100\n|\n|-weather|SunnyDay|[upkeep]\n|upkeep\n|turn|3\n|inactive|Kaicyios has 30 seconds left.\n|\n|t:|1739322467\n|move|p2a: Tornadus|Rain Dance|p2a: Tornadus\n|-weather|RainDance\n|move|p1a: Tornadus|Bleakwind Storm|p2b: Ogerpon|[spread] p2a,p2b\n|-supereffective|p2b: Ogerpon\n|-damage|p2a: Tornadus|0 fnt\n|-damage|p2b: Ogerpon|0 fnt\n|faint|p2a: Tornadus\n|faint|p2b: Ogerpon\n|move|p1b: Groudon|Rock Slide|p2: Tornadus|[notarget]\n|-fail|p1b: Groudon\n|\n|-weather|RainDance|[upkeep]\n|upkeep\n|l| ademerald\n|\n|t:|1739322483\n|switch|p2b: Calyrex|Calyrex-Shadow, L50|100\/100\n|switch|p2a: Indeedee|Indeedee-F, L50, F|100\/100\n|-ability|p2b: Calyrex|As One\n|-ability|p2b: Calyrex|Unnerve\n|-fieldstart|move: Psychic Terrain|[from] ability: Psychic Surge|[of] p2a: Indeedee\n|turn|4\n|inactive|Kaicyios has 30 seconds left.\n|inactive|Kaicyios has 20 seconds left.\n|\n|t:|1739322518\n|move|p2a: Indeedee|Helping Hand|p2b: Calyrex\n|-singleturn|p2b: Calyrex|Helping Hand|[of] p2a: Indeedee\n|move|p2b: Calyrex|Expanding Force|p1a: Tornadus|[spread] p1a,p1b\n|-enditem|p1a: Tornadus|Focus Sash\n|-damage|p1a: Tornadus|1\/100\n|-damage|p1b: Groudon|16\/100\n|-damage|p2b: Calyrex|91\/100|[from] item: Life Orb\n|move|p1a: Tornadus|Bleakwind Storm|p2a: Indeedee|[spread] p2a,p2b\n|-damage|p2a: Indeedee|65\/100\n|-damage|p2b: Calyrex|53\/100\n|-unboost|p2b: Calyrex|spe|1\n|move|p1b: Groudon|Precipice Blades|p2a: Indeedee|[spread] p2a,p2b\n|-damage|p2a: Indeedee|9\/100\n|-damage|p2b: Calyrex|0 fnt\n|faint|p2b: Calyrex\n|\n|-weather|RainDance|[upkeep]\n|upkeep\n|turn|5\n|-message|Iamsliverfish forfeited.\n|\n|win|Kaicyios\n|raw|Kaicyios's rating: 1672 &rarr; <strong>1694<\/strong><br \/>(+22 for winning)\n|raw|Iamsliverfish's rating: 1710 &rarr; <strong>1688<\/strong><br \/>(-22 for losing)\n|l|\u2606Iamsliverfish\n|player|p2|\n|l|\u2606Kaicyios\n|player|p1|\n","uploadtime":1739322540,"views":15,"formatid":"gen9vgc2025regg","rating":1688,"private":0,"password":null}