{"id":"gen9vgc2025regg-2299549477","format":"[Gen 9] VGC 2025 Reg G","players":["JLamb","zonavideovigilada"],"log":"|j|\u2606JLamb\n|j|\u2606zonavideovigilada\n|t:|1739389949\n|gametype|doubles\n|player|p1|JLamb|266|1567\n|player|p2|zonavideovigilada|101|1603\n|teamsize|p1|6\n|teamsize|p2|6\n|gen|9\n|tier|[Gen 9] VGC 2025 Reg G\n|rated|\n|rule|Species Clause: Limit one of each Pok\u00e9mon\n|rule|Item Clause: Limit 1 of each item\n|clearpoke\n|poke|p1|Calyrex-Ice, L50|\n|poke|p1|Mimikyu, L50, M|\n|poke|p1|Incineroar, L50, F|\n|poke|p1|Ursaluna-Bloodmoon, L50, M|\n|poke|p1|Pelipper, L50, F|\n|poke|p1|Amoonguss, L50, M|\n|poke|p2|Urshifu-*, L50, M|\n|poke|p2|Whimsicott, L50, F|\n|poke|p2|Miraidon, L50|\n|poke|p2|Iron Hands, L50|\n|poke|p2|Incineroar, L50, M|\n|poke|p2|Iron Leaves, L50|\n|teampreview|4\n|\n|t:|1739389972\n|start\n|switch|p1a: Mimikyu|Mimikyu, L50, M|100\/100\n|switch|p1b: Calyrex|Calyrex-Ice, L50|100\/100\n|switch|p2a: Whimsicott|Whimsicott, L50, F|100\/100\n|switch|p2b: Miraidon|Miraidon, L50|100\/100\n|-ability|p1b: Calyrex|As One\n|-ability|p1b: Calyrex|Unnerve\n|-fieldstart|move: Electric Terrain|[from] ability: Hadron Engine|[of] p2b: Miraidon\n|turn|1\n|\n|t:|1739390016\n|switch|p2a: Incineroar|Incineroar, L50, M|100\/100\n|-ability|p2a: Incineroar|Intimidate|boost\n|-unboost|p1a: Mimikyu|atk|1\n|-unboost|p1b: Calyrex|atk|1\n|move|p1b: Calyrex|Protect|p1b: Calyrex\n|-singleturn|p1b: Calyrex|Protect\n|move|p2b: Miraidon|Volt Switch|p1b: Calyrex\n|-activate|p1b: Calyrex|move: Protect\n|move|p1a: Mimikyu|Trick Room|p1a: Mimikyu\n|-fieldstart|move: Trick Room|[of] p1a: Mimikyu\n|\n|upkeep\n|turn|2\n|\n|t:|1739390072\n|switch|p1b: Ursaluna|Ursaluna-Bloodmoon, L50, M|100\/100\n|-terastallize|p2b: Miraidon|Fairy\n|move|p2a: Incineroar|Knock Off|p1b: Ursaluna\n|-damage|p1b: Ursaluna|78\/100\n|-enditem|p1b: Ursaluna|Life Orb|[from] move: Knock Off|[of] p2a: Incineroar\n|move|p1a: Mimikyu|Will-O-Wisp|p2b: Miraidon\n|-status|p2b: Miraidon|brn\n|move|p2b: Miraidon|Volt Switch|p1a: Mimikyu\n|-activate|p1a: Mimikyu|ability: Disguise\n|-damage|p1a: Mimikyu|100\/100\n|detailschange|p1a: Mimikyu|Mimikyu-Busted, L50, M\n|-damage|p1a: Mimikyu|88\/100|[from] pokemon: Mimikyu-Busted\n|j| kiabu233\n|\n|t:|1739390097\n|switch|p2b: Whimsicott|Whimsicott, L50, F|100\/100|[from] Volt Switch\n|\n|upkeep\n|turn|3\n|\n|t:|1739390118\n|switch|p1a: Calyrex|Calyrex-Ice, L50|100\/100\n|-ability|p1a: Calyrex|As One\n|-ability|p1a: Calyrex|Unnerve\n|move|p2b: Whimsicott|Light Screen|p2b: Whimsicott\n|-sidestart|p2: zonavideovigilada|move: Light Screen\n|move|p1b: Ursaluna|Earth Power|p2a: Incineroar\n|-supereffective|p2a: Incineroar\n|-damage|p2a: Incineroar|49\/100\n|move|p2a: Incineroar|Parting Shot|p1b: Ursaluna\n|-unboost|p1b: Ursaluna|atk|1\n|-unboost|p1b: Ursaluna|spa|1\n|inactive|Battle timer is ON: inactive players will automatically lose when time's up. (requested by zonavideovigilada)\n|\n|t:|1739390137\n|switch|p2a: Miraidon|Miraidon, L50, tera:Fairy|100\/100 brn|[from] Parting Shot\n|-activate|p2a: Miraidon|ability: Hadron Engine\n|\n|-damage|p2a: Miraidon|94\/100 brn|[from] brn\n|upkeep\n|turn|4\n|\n|t:|1739390151\n|switch|p2b: Incineroar|Incineroar, L50, M|49\/100\n|-ability|p2b: Incineroar|Intimidate|boost\n|-unboost|p1a: Calyrex|atk|1\n|-unboost|p1b: Ursaluna|atk|1\n|move|p1a: Calyrex|Glacial Lance|p2a: Miraidon|[spread] p2a,p2b\n|-resisted|p2b: Incineroar\n|-damage|p2a: Miraidon|56\/100 brn\n|-damage|p2b: Incineroar|29\/100\n|move|p1b: Ursaluna|Blood Moon|p2b: Incineroar\n|-damage|p2b: Incineroar|1\/100\n|move|p2a: Miraidon|Electro Drift|p1a: Calyrex\n|-damage|p1a: Calyrex|0 fnt\n|faint|p1a: Calyrex\n|\n|-damage|p2a: Miraidon|50\/100 brn|[from] brn\n|upkeep\n|\n|t:|1739390164\n|switch|p1a: Mimikyu|Mimikyu-Busted, L50, M|88\/100\n|turn|5\n|\n|t:|1739390187\n|switch|p2b: Iron Hands|Iron Hands, L50|100\/100\n|-enditem|p2b: Iron Hands|Electric Seed\n|-boost|p2b: Iron Hands|def|1|[from] item: Electric Seed\n|-activate|p2b: Iron Hands|ability: Quark Drive\n|-start|p2b: Iron Hands|quarkdriveatk\n|switch|p2a: Whimsicott|Whimsicott, L50, F|100\/100\n|move|p1a: Mimikyu|Shadow Sneak|p2b: Iron Hands\n|-damage|p2b: Iron Hands|93\/100\n|move|p1b: Ursaluna|Hyper Voice|p2a: Whimsicott|[spread] p2a,p2b\n|-crit|p2b: Iron Hands\n|-damage|p2a: Whimsicott|75\/100\n|-damage|p2b: Iron Hands|44\/100\n|\n|-fieldend|move: Trick Room\n|-fieldend|move: Electric Terrain\n|-end|p2b: Iron Hands|Quark Drive\n|upkeep\n|turn|6\n|\n|t:|1739390208\n|move|p2a: Whimsicott|Encore|p1a: Mimikyu\n|-start|p1a: Mimikyu|Encore\n|-enditem|p1a: Mimikyu|Mental Herb\n|-end|p1a: Mimikyu|Encore\n|move|p1a: Mimikyu|Will-O-Wisp|p2b: Iron Hands|[miss]\n|-miss|p1a: Mimikyu|p2b: Iron Hands\n|move|p2b: Iron Hands|Drain Punch|p1b: Ursaluna\n|-supereffective|p1b: Ursaluna\n|-damage|p1b: Ursaluna|17\/100\n|-heal|p2b: Iron Hands|68\/100|[from] drain|[of] p1b: Ursaluna\n|move|p1b: Ursaluna|Earth Power|p2b: Iron Hands\n|-supereffective|p2b: Iron Hands\n|-damage|p2b: Iron Hands|33\/100\n|\n|upkeep\n|turn|7\n|inactive|zonavideovigilada has 30 seconds left.\n|\n|t:|1739390237\n|switch|p1b: Amoonguss|Amoonguss, L50, M|100\/100\n|move|p2a: Whimsicott|Encore|p1a: Mimikyu\n|-start|p1a: Mimikyu|Encore\n|move|p2b: Iron Hands|Drain Punch|p1b: Amoonguss\n|-resisted|p1b: Amoonguss\n|-damage|p1b: Amoonguss|83\/100\n|-heal|p2b: Iron Hands|41\/100|[from] drain|[of] p1b: Amoonguss\n|-damage|p2b: Iron Hands|25\/100|[from] item: Rocky Helmet|[of] p1b: Amoonguss\n|move|p1a: Mimikyu|Will-O-Wisp|p2b: Iron Hands\n|-status|p2b: Iron Hands|brn\n|\n|-damage|p2b: Iron Hands|18\/100 brn|[from] brn\n|-sideend|p2: zonavideovigilada|move: Light Screen\n|upkeep\n|turn|8\n|\n|t:|1739390255\n|move|p2a: Whimsicott|Light Screen|p2a: Whimsicott\n|-sidestart|p2: zonavideovigilada|move: Light Screen\n|move|p1a: Mimikyu|Will-O-Wisp|p2a: Whimsicott\n|-status|p2a: Whimsicott|brn\n|move|p2b: Iron Hands|Swords Dance|p2b: Iron Hands\n|-boost|p2b: Iron Hands|atk|2\n|move|p1b: Amoonguss|Pollen Puff|p2a: Whimsicott\n|-damage|p2a: Whimsicott|59\/100 brn\n|\n|-damage|p2a: Whimsicott|53\/100 brn|[from] brn\n|-damage|p2b: Iron Hands|12\/100 brn|[from] brn\n|upkeep\n|turn|9\n|\n|t:|1739390269\n|move|p2a: Whimsicott|Moonblast|p1a: Mimikyu\n|-damage|p1a: Mimikyu|62\/100\n|move|p1a: Mimikyu|Will-O-Wisp|p2a: Whimsicott\n|-fail|p2a: Whimsicott|brn\n|move|p2b: Iron Hands|Thunder Punch|p1a: Mimikyu\n|-damage|p1a: Mimikyu|17\/100\n|move|p1b: Amoonguss|Clear Smog|p2b: Iron Hands\n|-damage|p2b: Iron Hands|5\/100 brn\n|-clearboost|p2b: Iron Hands\n|\n|-damage|p2a: Whimsicott|47\/100 brn|[from] brn\n|-damage|p2b: Iron Hands|0 fnt|[from] brn\n|faint|p2b: Iron Hands\n|-end|p2b: Iron Hands|Quark Drive|[silent]\n|-end|p1a: Mimikyu|Encore\n|upkeep\n|\n|t:|1739390281\n|switch|p2b: Miraidon|Miraidon, L50, tera:Fairy|50\/100 brn\n|-fieldstart|move: Electric Terrain|[from] ability: Hadron Engine|[of] p2b: Miraidon\n|turn|10\n|\n|t:|1739390294\n|switch|p1a: Ursaluna|Ursaluna-Bloodmoon, L50, M|17\/100\n|move|p2b: Miraidon|Draco Meteor|p1b: Amoonguss|[miss]\n|-miss|p2b: Miraidon|p1b: Amoonguss\n|move|p2a: Whimsicott|Moonblast|p1a: Ursaluna\n|-damage|p1a: Ursaluna|0 fnt\n|faint|p1a: Ursaluna\n|move|p1b: Amoonguss|Pollen Puff|p2a: Whimsicott\n|-damage|p2a: Whimsicott|32\/100 brn\n|\n|-damage|p2b: Miraidon|44\/100 brn|[from] brn\n|-damage|p2a: Whimsicott|26\/100 brn|[from] brn\n|upkeep\n|\n|t:|1739390296\n|switch|p1a: Mimikyu|Mimikyu-Busted, L50, M|17\/100\n|turn|11\n|\n|t:|1739390310\n|move|p1a: Mimikyu|Shadow Sneak|p2b: Miraidon\n|-damage|p2b: Miraidon|27\/100 brn\n|move|p2b: Miraidon|Draco Meteor|p1b: Amoonguss\n|-damage|p1b: Amoonguss|0 fnt\n|-unboost|p2b: Miraidon|spa|2\n|faint|p1b: Amoonguss\n|move|p2a: Whimsicott|Moonblast|p1a: Mimikyu\n|-damage|p1a: Mimikyu|0 fnt\n|faint|p1a: Mimikyu\n|\n|win|zonavideovigilada\n|raw|JLamb's rating: 1567 &rarr; <strong>1549<\/strong><br \/>(-18 for losing)\n|raw|zonavideovigilada's rating: 1603 &rarr; <strong>1621<\/strong><br \/>(+18 for winning)\n|l|\u2606JLamb\n|player|p1|\n|l| kiabu233\n|l|\u2606zonavideovigilada\n|player|p2|\n","uploadtime":1739390452,"views":5,"formatid":"gen9vgc2025regg","rating":1549,"private":0,"password":null}