{"id":"gen9vgc2025regg-2299745679","format":"[Gen 9] VGC 2025 Reg G","players":["SamP_64","Terry kloak"],"log":"|j|\u2606SamP_64\n|j|\u2606Terry kloak\n|t:|1739412393\n|gametype|doubles\n|player|p1|SamP_64|cyrus|1563\n|player|p2|Terry kloak|266|1562\n|teamsize|p1|6\n|teamsize|p2|6\n|gen|9\n|tier|[Gen 9] VGC 2025 Reg G\n|rated|\n|rule|Species Clause: Limit one of each Pok\u00e9mon\n|rule|Item Clause: Limit 1 of each item\n|clearpoke\n|poke|p1|Incineroar, L50, F|\n|poke|p1|Rillaboom, L50, F|\n|poke|p1|Flutter Mane, L50|\n|poke|p1|Urshifu-*, L50, M|\n|poke|p1|Terapagos, L50, M|\n|poke|p1|Amoonguss, L50, M|\n|poke|p2|Zacian-*, L50|\n|poke|p2|Whimsicott, L50, F|\n|poke|p2|Milotic, L50, M|\n|poke|p2|Raging Bolt, L50|\n|poke|p2|Landorus, L50, M|\n|poke|p2|Incineroar, L50, M|\n|teampreview|4\n|inactive|Battle timer is ON: inactive players will automatically lose when time's up. (requested by SamP_64)\nTerry kloak has agreed to open team sheets.\n|j| zacattack110\n|inactive|SamP_64 has 60 seconds left.\n|inactive|SamP_64 has 30 seconds left.\n|inactive|SamP_64 has 20 seconds left.\n|inactive|SamP_64 has 15 seconds left.\n|inactive|SamP_64 has 10 seconds left.\n|\n|t:|1739412477\n|start\n|switch|p1a: Urshifu|Urshifu-Rapid-Strike, L50, M|100\/100\n|switch|p1b: Flutter Mane|Flutter Mane, L50|100\/100\n|switch|p2a: Milotic|Milotic, L50, M|100\/100\n|switch|p2b: Incineroar|Incineroar, L50, M|100\/100\n|-ability|p2b: Incineroar|Intimidate|boost\n|-unboost|p1a: Urshifu|atk|1\n|-unboost|p1b: Flutter Mane|atk|1\n|-enditem|p1b: Flutter Mane|Booster Energy\n|-activate|p1b: Flutter Mane|ability: Protosynthesis|[fromitem]\n|-start|p1b: Flutter Mane|protosynthesisspe\n|turn|1\n|inactive|SamP_64 has 30 seconds left.\n|\n|t:|1739412503\n|switch|p1a: Terapagos|Terapagos, L50, M|100\/100\n|-activate|p1a: Terapagos|ability: Tera Shift\n|detailschange|p1a: Terapagos|Terapagos-Terastal, L50, M\n|-heal|p1a: Terapagos|100\/100|[silent]\n|switch|p2b: Whimsicott|Whimsicott, L50, F|100\/100\n|move|p1b: Flutter Mane|Moonblast|p2b: Whimsicott\n|-damage|p2b: Whimsicott|39\/100\n|move|p2a: Milotic|Coil|p2a: Milotic\n|-boost|p2a: Milotic|atk|1\n|-boost|p2a: Milotic|def|1\n|-boost|p2a: Milotic|accuracy|1\n|\n|upkeep\n|turn|2\n|\n|t:|1739412524\n|move|p2b: Whimsicott|Light Screen|p2b: Whimsicott\n|-sidestart|p2: Terry kloak|move: Light Screen\n|move|p1b: Flutter Mane|Moonblast|p2b: Whimsicott\n|-damage|p2b: Whimsicott|2\/100\n|move|p2a: Milotic|Hypnosis|p1a: Terapagos\n|-status|p1a: Terapagos|slp|[from] move: Hypnosis\n|cant|p1a: Terapagos|slp\n|\n|upkeep\n|turn|3\n|\n|t:|1739412537\n|switch|p2b: Zacian|Zacian-Crowned, L50|100\/100\n|-ability|p2b: Zacian|Intrepid Sword|boost\n|-boost|p2b: Zacian|atk|1\n|move|p1b: Flutter Mane|Moonblast|p2b: Zacian\n|-resisted|p2b: Zacian\n|-damage|p2b: Zacian|88\/100\n|move|p2a: Milotic|Muddy Water|p1b: Flutter Mane|[spread] p1a,p1b\n|-activate|p1a: Terapagos|ability: Tera Shell\n|-resisted|p1a: Terapagos\n|-damage|p1a: Terapagos|91\/100 slp\n|-damage|p1b: Flutter Mane|75\/100\n|-unboost|p1b: Flutter Mane|accuracy|1\n|cant|p1a: Terapagos|slp\n|\n|-heal|p1a: Terapagos|96\/100 slp|[from] item: Leftovers\n|upkeep\n|turn|4\n|\n|t:|1739412558\n|-curestatus|p1a: Terapagos|slp|[msg]\n|move|p1a: Terapagos|Protect|p1a: Terapagos\n|-singleturn|p1a: Terapagos|Protect\n|move|p1b: Flutter Mane|Thunder Wave|p2b: Zacian\n|-status|p2b: Zacian|par\n|move|p2a: Milotic|Hypnosis|p1b: Flutter Mane\n|-status|p1b: Flutter Mane|slp|[from] move: Hypnosis\n|cant|p2b: Zacian|par\n|\n|-heal|p1a: Terapagos|100\/100|[from] item: Leftovers\n|upkeep\n|turn|5\n|\n|t:|1739412580\n|cant|p1b: Flutter Mane|slp\n|move|p2a: Milotic|Hypnosis|p1a: Terapagos\n|-status|p1a: Terapagos|slp|[from] move: Hypnosis\n|cant|p1a: Terapagos|slp\n|move|p2b: Zacian|Swords Dance|p2b: Zacian\n|-boost|p2b: Zacian|atk|2\n|\n|upkeep\n|turn|6\n|\n|t:|1739412597\n|cant|p1b: Flutter Mane|slp\n|move|p2a: Milotic|Muddy Water|p1b: Flutter Mane|[spread] p1a,p1b\n|-activate|p1a: Terapagos|ability: Tera Shell\n|-resisted|p1a: Terapagos\n|-damage|p1a: Terapagos|90\/100 slp\n|-damage|p1b: Flutter Mane|51\/100 slp\n|-unboost|p1a: Terapagos|accuracy|1\n|-unboost|p1b: Flutter Mane|accuracy|1\n|-curestatus|p1a: Terapagos|slp|[msg]\n|move|p1a: Terapagos|Calm Mind|p1a: Terapagos\n|-boost|p1a: Terapagos|spa|1\n|-boost|p1a: Terapagos|spd|1\n|cant|p2b: Zacian|par\n|\n|-heal|p1a: Terapagos|95\/100|[from] item: Leftovers\n|-sideend|p2: Terry kloak|move: Light Screen\n|upkeep\n|turn|7\n|inactive|SamP_64 has 30 seconds left.\n|inactive|Terry kloak has 30 seconds left.\n|inactive|SamP_64 has 20 seconds left.\n|\n|t:|1739412633\n|move|p1a: Terapagos|Protect|p1a: Terapagos\n|-singleturn|p1a: Terapagos|Protect\n|-curestatus|p1b: Flutter Mane|slp|[msg]\n|move|p1b: Flutter Mane|Thunder Wave|p2a: Milotic|[miss]\n|-miss|p1b: Flutter Mane|p2a: Milotic\n|move|p2a: Milotic|Coil|p2a: Milotic\n|-boost|p2a: Milotic|atk|1\n|-boost|p2a: Milotic|def|1\n|-boost|p2a: Milotic|accuracy|1\n|move|p2b: Zacian|Behemoth Blade|p1b: Flutter Mane\n|-supereffective|p1b: Flutter Mane\n|-damage|p1b: Flutter Mane|0 fnt\n|faint|p1b: Flutter Mane\n|-end|p1b: Flutter Mane|Protosynthesis|[silent]\n|\n|-heal|p1a: Terapagos|100\/100|[from] item: Leftovers\n|upkeep\n|\n|t:|1739412650\n|switch|p1b: Incineroar|Incineroar, L50, F|100\/100\n|-ability|p1b: Incineroar|Intimidate|boost\n|-unboost|p2a: Milotic|atk|1\n|-ability|p2a: Milotic|Competitive|boost\n|-boost|p2a: Milotic|spa|2\n|-unboost|p2b: Zacian|atk|1\n|turn|8\n|\n|t:|1739412660\n|-terastallize|p1a: Terapagos|Stellar\n|detailschange|p1a: Terapagos|Terapagos-Stellar, L50, M, tera:Stellar\n|-heal|p1a: Terapagos|100\/100|[silent]\n|cant|p2b: Zacian|par\n|move|p1b: Incineroar|Fake Out|p2a: Milotic\n|-damage|p2a: Milotic|95\/100\n|cant|p2a: Milotic|flinch\n|move|p1a: Terapagos|Tera Starstorm|p2a: Milotic|[spread] p2a\n|-miss|p1a: Terapagos|p2b: Zacian\n|-damage|p2a: Milotic|49\/100\n|\n|-heal|p2a: Milotic|55\/100|[from] item: Leftovers\n|upkeep\n|turn|9\n|inactive|Terry kloak has 30 seconds left.\n|\n|t:|1739412688\n|move|p2a: Milotic|Hypnosis|p1b: Incineroar\n|-status|p1b: Incineroar|slp|[from] move: Hypnosis\n|move|p1a: Terapagos|Tera Starstorm|p2b: Zacian|[spread] p2a\n|-miss|p1a: Terapagos|p2b: Zacian\n|-damage|p2a: Milotic|14\/100\n|move|p2b: Zacian|Behemoth Blade|p1a: Terapagos\n|-damage|p1a: Terapagos|30\/100\n|cant|p1b: Incineroar|slp\n|\n|-heal|p2a: Milotic|21\/100|[from] item: Leftovers\n|-heal|p1a: Terapagos|36\/100|[from] item: Leftovers\n|upkeep\n|turn|10\n|\n|t:|1739412710\n|move|p2a: Milotic|Protect|p2a: Milotic\n|-singleturn|p2a: Milotic|Protect\n|move|p1a: Terapagos|Tera Starstorm|p2a: Milotic|[spread] p2b\n|-activate|p2a: Milotic|move: Protect\n|-damage|p2b: Zacian|41\/100 par\n|move|p2b: Zacian|Play Rough|p1b: Incineroar\n|-damage|p1b: Incineroar|5\/100 slp\n|-damage|p2b: Zacian|24\/100 par|[from] item: Rocky Helmet|[of] p1b: Incineroar\n|-curestatus|p1b: Incineroar|slp|[msg]\n|move|p1b: Incineroar|Parting Shot|p2b: Zacian\n|-unboost|p2b: Zacian|atk|1\n|-unboost|p2b: Zacian|spa|1\n|\n|t:|1739412722\n|switch|p1b: Urshifu|Urshifu-Rapid-Strike, L50, M|100\/100|[from] Parting Shot\n|\n|-heal|p2a: Milotic|27\/100|[from] item: Leftovers\n|-heal|p1a: Terapagos|42\/100|[from] item: Leftovers\n|upkeep\n|turn|11\n|\n|t:|1739412738\n|move|p1b: Urshifu|Surging Strikes|p2a: Milotic\n|-resisted|p2a: Milotic\n|-crit|p2a: Milotic\n|-damage|p2a: Milotic|16\/100\n|-resisted|p2a: Milotic\n|-crit|p2a: Milotic\n|-damage|p2a: Milotic|6\/100\n|-resisted|p2a: Milotic\n|-crit|p2a: Milotic\n|-damage|p2a: Milotic|0 fnt\n|faint|p2a: Milotic\n|-hitcount|p2: Milotic|3\n|move|p1a: Terapagos|Tera Starstorm|p2b: Zacian\n|-damage|p2b: Zacian|0 fnt\n|faint|p2b: Zacian\n|\n|-heal|p1a: Terapagos|49\/100|[from] item: Leftovers\n|upkeep\n|-message|Terry kloak forfeited.\n|\n|win|SamP_64\n|raw|SamP_64's rating: 1563 &rarr; <strong>1583<\/strong><br \/>(+20 for winning)\n|raw|Terry kloak's rating: 1562 &rarr; <strong>1542<\/strong><br \/>(-20 for losing)\n|l|\u2606Terry kloak\n|player|p2|\n|l|\u2606SamP_64\n|player|p1|\n|l| zacattack110\n","uploadtime":1739413004,"views":7,"formatid":"gen9vgc2025regg","rating":1542,"private":0,"password":null}