{"id":"gen9vgc2025regg-2299829166","format":"[Gen 9] VGC 2025 Reg G","players":["prodigy4090","badpiplupvgc"],"log":"|j|\u2606prodigy4090\n|j|\u2606badpiplupvgc\n|t:|1739424503\n|gametype|doubles\n|player|p1|prodigy4090|102|1544\n|player|p2|badpiplupvgc|102|1610\n|teamsize|p1|6\n|teamsize|p2|6\n|gen|9\n|tier|[Gen 9] VGC 2025 Reg G\n|rated|\n|rule|Species Clause: Limit one of each Pok\u00e9mon\n|rule|Item Clause: Limit 1 of each item\n|clearpoke\n|poke|p1|Incineroar, L50, M|\n|poke|p1|Urshifu-*, L50, M|\n|poke|p1|Kyogre, L50|\n|poke|p1|Rillaboom, L50, M|\n|poke|p1|Roaring Moon, L50|\n|poke|p1|Amoonguss, L50, F|\n|poke|p2|Calyrex-Ice, L50|\n|poke|p2|Amoonguss, L50, M|\n|poke|p2|Raging Bolt, L50|\n|poke|p2|Chi-Yu, L50|\n|poke|p2|Rillaboom, L50, F|\n|poke|p2|Urshifu-*, L50, M|\n|teampreview|4\n|\n|t:|1739424577\n|start\n|switch|p1a: Kyogre|Kyogre, L50|100\/100\n|switch|p1b: Incineroar|Incineroar, L50, M|100\/100\n|switch|p2a: Rillaboom|Rillaboom, L50, F|100\/100\n|switch|p2b: Urshifu|Urshifu, L50, M|100\/100\n|-weather|RainDance|[from] ability: Drizzle|[of] p1a: Kyogre\n|-fieldstart|move: Grassy Terrain|[from] ability: Grassy Surge|[of] p2a: Rillaboom\n|-ability|p1b: Incineroar|Intimidate|boost\n|-unboost|p2a: Rillaboom|atk|1\n|-unboost|p2b: Urshifu|atk|1\n|turn|1\n|\n|t:|1739424608\n|switch|p1a: Amoonguss|Amoonguss, L50, F|100\/100\n|move|p2a: Rillaboom|Fake Out|p1b: Incineroar\n|-damage|p1b: Incineroar|93\/100\n|cant|p1b: Incineroar|flinch\n|move|p2b: Urshifu|Wicked Blow|p1a: Amoonguss\n|-crit|p1a: Amoonguss\n|-damage|p1a: Amoonguss|48\/100\n|-damage|p2b: Urshifu|84\/100|[from] item: Rocky Helmet|[of] p1a: Amoonguss\n|\n|-weather|RainDance|[upkeep]\n|-heal|p2b: Urshifu|90\/100|[from] Grassy Terrain\n|-heal|p1b: Incineroar|99\/100|[from] Grassy Terrain\n|-heal|p1a: Amoonguss|54\/100|[from] Grassy Terrain\n|upkeep\n|turn|2\n|inactive|Battle timer is ON: inactive players will automatically lose when time's up. (requested by badpiplupvgc)\n|\n|t:|1739424669\n|-terastallize|p1b: Incineroar|Ghost\n|move|p2b: Urshifu|Wicked Blow|p1a: Amoonguss\n|-crit|p1a: Amoonguss\n|-damage|p1a: Amoonguss|7\/100\n|-damage|p2b: Urshifu|73\/100|[from] item: Rocky Helmet|[of] p1a: Amoonguss\n|move|p2a: Rillaboom|U-turn|p1a: Amoonguss\n|-damage|p1a: Amoonguss|0 fnt\n|-damage|p2a: Rillaboom|84\/100|[from] item: Rocky Helmet|[of] p1a: Amoonguss\n|faint|p1a: Amoonguss\n|\n|t:|1739424680\n|switch|p2a: Raging Bolt|Raging Bolt, L50|100\/100|[from] U-turn\n|-enditem|p2a: Raging Bolt|Booster Energy\n|-activate|p2a: Raging Bolt|ability: Protosynthesis|[fromitem]\n|-start|p2a: Raging Bolt|protosynthesisspa\n|move|p1b: Incineroar|Will-O-Wisp|p2a: Raging Bolt|[miss]\n|-miss|p1b: Incineroar|p2a: Raging Bolt\n|\n|-weather|RainDance|[upkeep]\n|-heal|p2b: Urshifu|79\/100|[from] Grassy Terrain\n|-heal|p1b: Incineroar|100\/100|[from] Grassy Terrain\n|upkeep\n|\n|t:|1739424687\n|switch|p1a: Roaring Moon|Roaring Moon, L50|100\/100\n|-enditem|p1a: Roaring Moon|Booster Energy\n|-activate|p1a: Roaring Moon|ability: Protosynthesis|[fromitem]\n|-start|p1a: Roaring Moon|protosynthesisspe\n|turn|3\n|inactive|badpiplupvgc has 30 seconds left.\n|\n|t:|1739424715\n|move|p2b: Urshifu|Detect|p2b: Urshifu\n|-singleturn|p2b: Urshifu|Protect\n|move|p1a: Roaring Moon|Acrobatics|p2b: Urshifu\n|-activate|p2b: Urshifu|move: Protect\n|move|p2a: Raging Bolt|Draco Meteor|p1a: Roaring Moon\n|-supereffective|p1a: Roaring Moon\n|-damage|p1a: Roaring Moon|0 fnt\n|-unboost|p2a: Raging Bolt|spa|2\n|faint|p1a: Roaring Moon\n|-end|p1a: Roaring Moon|Protosynthesis|[silent]\n|move|p1b: Incineroar|Parting Shot|p2a: Raging Bolt\n|-unboost|p2a: Raging Bolt|atk|1\n|-unboost|p2a: Raging Bolt|spa|1\n|\n|t:|1739424724\n|switch|p1b: Kyogre|Kyogre, L50|100\/100|[from] Parting Shot\n|\n|-weather|RainDance|[upkeep]\n|-heal|p2b: Urshifu|84\/100|[from] Grassy Terrain\n|upkeep\n|\n|t:|1739424725\n|switch|p1a: Incineroar|Incineroar, L50, M, tera:Ghost|100\/100\n|-ability|p1a: Incineroar|Intimidate|boost\n|-unboost|p2a: Raging Bolt|atk|1\n|-unboost|p2b: Urshifu|atk|1\n|turn|4\n|\n|t:|1739424744\n|switch|p2b: Calyrex|Calyrex-Ice, L50|100\/100\n|-ability|p2b: Calyrex|As One\n|-ability|p2b: Calyrex|Unnerve\n|move|p2a: Raging Bolt|Protect|p2a: Raging Bolt\n|-singleturn|p2a: Raging Bolt|Protect\n|move|p1a: Incineroar|Fake Out|p2b: Calyrex\n|-damage|p2b: Calyrex|93\/100\n|move|p1b: Kyogre|Origin Pulse|p2a: Raging Bolt|[spread] p2b\n|-activate|p2a: Raging Bolt|move: Protect\n|-damage|p2b: Calyrex|50\/100\n|\n|-weather|RainDance|[upkeep]\n|-heal|p2b: Calyrex|56\/100|[from] Grassy Terrain\n|upkeep\n|turn|5\n|inactive|badpiplupvgc has 30 seconds left.\n|\n|t:|1739424770\n|move|p2a: Raging Bolt|Thunderclap|p1b: Kyogre\n|-supereffective|p1b: Kyogre\n|-crit|p1b: Kyogre\n|-damage|p1b: Kyogre|0 fnt\n|faint|p1b: Kyogre\n|move|p1a: Incineroar|Knock Off|p2b: Calyrex\n|-supereffective|p2b: Calyrex\n|-damage|p2b: Calyrex|8\/100\n|-enditem|p2b: Calyrex|Clear Amulet|[from] move: Knock Off|[of] p1a: Incineroar\n|move|p2b: Calyrex|Glacial Lance|p1a: Incineroar\n|-damage|p1a: Incineroar|36\/100\n|\n|-weather|none\n|-heal|p1a: Incineroar|42\/100|[from] Grassy Terrain\n|-heal|p2b: Calyrex|14\/100|[from] Grassy Terrain\n|-fieldend|move: Grassy Terrain\n|upkeep\n|turn|6\n|-message|prodigy4090 forfeited.\n|\n|win|badpiplupvgc\n|raw|prodigy4090's rating: 1544 &rarr; <strong>1528<\/strong><br \/>(-16 for losing)\n|raw|badpiplupvgc's rating: 1610 &rarr; <strong>1626<\/strong><br \/>(+16 for winning)\n|l|\u2606prodigy4090\n|player|p1|\n|l|\u2606badpiplupvgc\n|player|p2|\n","uploadtime":1739425037,"views":12,"formatid":"gen9vgc2025regg","rating":1528,"private":0,"password":null}