{"id":"gen9vgc2025regg-2299002261","format":"[Gen 9] VGC 2025 Reg G","players":["Kunikamaze","JLamb"],"log":"|j|\u2606Kunikamaze\n|j|\u2606JLamb\n|t:|1739317293\n|gametype|doubles\n|player|p1|Kunikamaze|2|1649\n|player|p2|JLamb|265|1536\n|teamsize|p1|6\n|teamsize|p2|6\n|gen|9\n|tier|[Gen 9] VGC 2025 Reg G\n|rated|\n|rule|Species Clause: Limit one of each Pok\u00e9mon\n|rule|Item Clause: Limit 1 of each item\n|clearpoke\n|poke|p1|Miraidon, L50|\n|poke|p1|Chi-Yu, L50|\n|poke|p1|Gholdengo, L50|\n|poke|p1|Dragonite, L50, M|\n|poke|p1|Dondozo, L50, M|\n|poke|p1|Tatsugiri, L50, F|\n|poke|p2|Calyrex-Ice, L50|\n|poke|p2|Mimikyu, L50, F|\n|poke|p2|Incineroar, L50, F|\n|poke|p2|Ursaluna-Bloodmoon, L50, M|\n|poke|p2|Pelipper, L50, F|\n|poke|p2|Amoonguss, L50, M|\n|teampreview|4\n|\n|t:|1739317310\n|start\n|switch|p1a: Miraidon|Miraidon, L50|100\/100\n|switch|p1b: Dondozo|Dondozo, L50, M|100\/100\n|switch|p2a: Calyrex|Calyrex-Ice, L50|100\/100\n|switch|p2b: Mimikyu|Mimikyu, L50, F|100\/100\n|-ability|p2a: Calyrex|As One\n|-ability|p2a: Calyrex|Unnerve\n|-fieldstart|move: Electric Terrain|[from] ability: Hadron Engine|[of] p1a: Miraidon\n|turn|1\n|\n|t:|1739317337\n|move|p2a: Calyrex|Protect|p2a: Calyrex\n|-singleturn|p2a: Calyrex|Protect\n|move|p1a: Miraidon|Volt Switch|p2b: Mimikyu\n|-activate|p2b: Mimikyu|ability: Disguise\n|-damage|p2b: Mimikyu|100\/100\n|detailschange|p2b: Mimikyu|Mimikyu-Busted, L50, F\n|-damage|p2b: Mimikyu|88\/100|[from] pokemon: Mimikyu-Busted\n|\n|t:|1739317341\n|switch|p1a: Tatsugiri|Tatsugiri, L50, F|100\/100|[from] Volt Switch\n|-activate|p1a: Tatsugiri|ability: Commander|[of] p1b: Dondozo\n|-boost|p1b: Dondozo|atk|2\n|-boost|p1b: Dondozo|spa|2\n|-boost|p1b: Dondozo|spe|2\n|-boost|p1b: Dondozo|def|2\n|-boost|p1b: Dondozo|spd|2\n|move|p1b: Dondozo|Wave Crash|p2b: Mimikyu\n|-damage|p2b: Mimikyu|0 fnt\n|faint|p2b: Mimikyu\n|-damage|p1b: Dondozo|80\/100|[from] Recoil\n|-damage|p1b: Dondozo|70\/100|[from] item: Life Orb\n|\n|upkeep\n|\n|t:|1739317349\n|switch|p2b: Amoonguss|Amoonguss, L50, M|100\/100\n|turn|2\n|\n|t:|1739317371\n|-terastallize|p2a: Calyrex|Grass\n|move|p1b: Dondozo|Rock Slide|p2a: Calyrex|[spread] p2a\n|-miss|p1b: Dondozo|p2b: Amoonguss\n|-damage|p2a: Calyrex|76\/100\n|-damage|p1b: Dondozo|60\/100|[from] item: Life Orb\n|move|p2b: Amoonguss|Clear Smog|p1b: Dondozo\n|-damage|p1b: Dondozo|52\/100\n|-clearboost|p1b: Dondozo\n|cant|p2a: Calyrex|flinch\n|\n|upkeep\n|turn|3\n|j| playrornds\n|\n|t:|1739317388\n|move|p1b: Dondozo|Rock Slide|p2a: Calyrex|[spread] p2a,p2b\n|-damage|p2a: Calyrex|63\/100\n|-damage|p2b: Amoonguss|82\/100\n|-damage|p1b: Dondozo|42\/100|[from] item: Life Orb\n|move|p2b: Amoonguss|Pollen Puff|p2a: Calyrex\n|-heal|p2a: Calyrex|100\/100\n|move|p2a: Calyrex|Trick Room|p2a: Calyrex\n|-fieldstart|move: Trick Room|[of] p2a: Calyrex\n|\n|upkeep\n|turn|4\n|\n|t:|1739317400\n|move|p1b: Dondozo|Protect|p1b: Dondozo\n|-singleturn|p1b: Dondozo|Protect\n|move|p2b: Amoonguss|Pollen Puff|p1b: Dondozo\n|-activate|p1b: Dondozo|move: Protect\n|move|p2a: Calyrex|High Horsepower|p1b: Dondozo\n|-activate|p1b: Dondozo|move: Protect\n|\n|upkeep\n|turn|5\n|\n|t:|1739317412\n|move|p2b: Amoonguss|Pollen Puff|p1b: Dondozo\n|-damage|p1b: Dondozo|22\/100\n|move|p2a: Calyrex|High Horsepower|p1b: Dondozo\n|-damage|p1b: Dondozo|0 fnt\n|faint|p1b: Dondozo\n|-ability|p2a: Calyrex|Chilling Neigh|boost\n|-boost|p2a: Calyrex|atk|1\n|\n|-fieldend|move: Electric Terrain\n|upkeep\n|\n|t:|1739317421\n|switch|p1b: Dragonite|Dragonite, L50, M|100\/100\n|turn|6\n|\n|t:|1739317433\n|-terastallize|p1b: Dragonite|Normal\n|move|p2b: Amoonguss|Spore|p1a: Tatsugiri\n|-status|p1a: Tatsugiri|slp|[from] move: Spore\n|move|p2a: Calyrex|Glacial Lance|p1b: Dragonite|[spread] p1a,p1b\n|-damage|p1a: Tatsugiri|0 fnt\n|-damage|p1b: Dragonite|9\/100\n|faint|p1a: Tatsugiri\n|-ability|p2a: Calyrex|Chilling Neigh|boost\n|-boost|p2a: Calyrex|atk|1\n|move|p1b: Dragonite|Aerial Ace|p2a: Calyrex\n|-supereffective|p2a: Calyrex\n|-damage|p2a: Calyrex|30\/100\n|-enditem|p2a: Calyrex|Weakness Policy\n|-boost|p2a: Calyrex|atk|2|[from] item: Weakness Policy\n|-boost|p2a: Calyrex|spa|2|[from] item: Weakness Policy\n|\n|upkeep\n|\n|t:|1739317437\n|switch|p1a: Miraidon|Miraidon, L50|100\/100\n|-fieldstart|move: Electric Terrain|[from] ability: Hadron Engine|[of] p1a: Miraidon\n|turn|7\n|c|\u2606Kunikamaze|Ok\n|c|\u2606Kunikamaze|Gg\n|\n|t:|1739317454\n|move|p2b: Amoonguss|Pollen Puff|p1b: Dragonite\n|-damage|p1b: Dragonite|0 fnt\n|faint|p1b: Dragonite\n|move|p2a: Calyrex|Glacial Lance|p1a: Miraidon\n|-supereffective|p1a: Miraidon\n|-damage|p1a: Miraidon|0 fnt\n|faint|p1a: Miraidon\n|\n|win|JLamb\n|raw|Kunikamaze's rating: 1649 &rarr; <strong>1623<\/strong><br \/>(-26 for losing)\n|raw|JLamb's rating: 1536 &rarr; <strong>1562<\/strong><br \/>(+26 for winning)\n|l|\u2606Kunikamaze\n|player|p1|\n|l|\u2606JLamb\n|player|p2|\n","uploadtime":1739317665,"views":6,"formatid":"gen9vgc2025regg","rating":1562,"private":0,"password":null}