{"id":"gen9vgc2025regg-2299686164","format":"[Gen 9] VGC 2025 Reg G","players":["Sheevp","Iamsliverfish"],"log":"|j|\u2606Sheevp\n|j|\u2606Iamsliverfish\n|t:|1739404836\n|gametype|doubles\n|player|p1|Sheevp|1|1634\n|player|p2|Iamsliverfish|hiker-gen4|1683\n|teamsize|p1|6\n|teamsize|p2|6\n|gen|9\n|tier|[Gen 9] VGC 2025 Reg G\n|rated|\n|rule|Species Clause: Limit one of each Pok\u00e9mon\n|rule|Item Clause: Limit 1 of each item\n|clearpoke\n|poke|p1|Volcarona, L50, M|\n|poke|p1|Rillaboom, L50, M|\n|poke|p1|Overqwil, L50, M|\n|poke|p1|Landorus, L50, M|\n|poke|p1|Kyogre, L50|\n|poke|p1|Roaring Moon, L50|\n|poke|p2|Calyrex-Shadow, L50|\n|poke|p2|Ursaluna, L50, F|\n|poke|p2|Indeedee-F, L50, F|\n|poke|p2|Ogerpon-Wellspring, L50, F|\n|poke|p2|Tornadus, L50, M|\n|poke|p2|Chi-Yu, L50|\n|teampreview|4\n|inactive|Battle timer is ON: inactive players will automatically lose when time's up. (requested by Sheevp)\n|j| ChilledLotusA\n|inactive|Iamsliverfish has 60 seconds left.\n|\n|t:|1739404925\n|start\n|switch|p1a: Roaring Moon|Roaring Moon, L50, shiny|100\/100\n|switch|p1b: Rillaboom|Rillaboom, L50, M|100\/100\n|switch|p2a: Tornadus|Tornadus, L50, M|100\/100\n|switch|p2b: Ogerpon|Ogerpon-Wellspring, L50, F|100\/100\n|-fieldstart|move: Grassy Terrain|[from] ability: Grassy Surge|[of] p1b: Rillaboom\n|-enditem|p1a: Roaring Moon|Booster Energy\n|-activate|p1a: Roaring Moon|ability: Protosynthesis|[fromitem]\n|-start|p1a: Roaring Moon|protosynthesisspe\n|turn|1\n|\n|t:|1739404932\n|move|p2b: Ogerpon|Spiky Shield|p2b: Ogerpon\n|-singleturn|p2b: Ogerpon|move: Protect\n|move|p1a: Roaring Moon|Tailwind|p1a: Roaring Moon\n|-sidestart|p1: Sheevp|move: Tailwind\n|move|p1b: Rillaboom|Wood Hammer|p2b: Ogerpon\n|-activate|p2b: Ogerpon|move: Protect\n|-damage|p1b: Rillaboom|88\/100|[from] Spiky Shield|[of] p2b: Ogerpon\n|move|p2a: Tornadus|Bleakwind Storm|p1b: Rillaboom|[spread] p1a,p1b\n|-supereffective|p1b: Rillaboom\n|-damage|p1a: Roaring Moon|67\/100\n|-damage|p1b: Rillaboom|41\/100\n|-unboost|p1a: Roaring Moon|spe|1\n|\n|-heal|p1a: Roaring Moon|73\/100|[from] Grassy Terrain\n|-heal|p1b: Rillaboom|47\/100|[from] Grassy Terrain\n|upkeep\n|turn|2\n|\n|t:|1739404940\n|switch|p2b: Indeedee|Indeedee-F, L50, F|100\/100\n|-fieldstart|move: Psychic Terrain|[from] ability: Psychic Surge|[of] p2b: Indeedee\n|move|p1a: Roaring Moon|Knock Off|p2b: Indeedee\n|-supereffective|p2b: Indeedee\n|-damage|p2b: Indeedee|6\/100\n|-enditem|p2b: Indeedee|Safety Goggles|[from] move: Knock Off|[of] p1a: Roaring Moon\n|move|p1b: Rillaboom|Wood Hammer|p2b: Indeedee\n|-damage|p2b: Indeedee|0 fnt\n|faint|p2b: Indeedee\n|-damage|p1b: Rillaboom|45\/100|[from] Recoil\n|move|p2a: Tornadus|Bleakwind Storm|p1a: Roaring Moon|[spread] p1a,p1b\n|-supereffective|p1b: Rillaboom\n|-damage|p1a: Roaring Moon|40\/100\n|-damage|p1b: Rillaboom|0 fnt\n|faint|p1b: Rillaboom\n|\n|upkeep\n|\n|t:|1739404951\n|switch|p1b: Kyogre|Kyogre, L50|100\/100\n|switch|p2b: Ogerpon|Ogerpon-Wellspring, L50, F|100\/100\n|-weather|RainDance|[from] ability: Drizzle|[of] p1b: Kyogre\n|turn|3\n|\n|t:|1739404964\n|-terastallize|p1a: Roaring Moon|Flying\n|move|p2b: Ogerpon|Spiky Shield|p2b: Ogerpon\n|-singleturn|p2b: Ogerpon|move: Protect\n|move|p2a: Tornadus|Tailwind|p2a: Tornadus\n|-sidestart|p2: Iamsliverfish|move: Tailwind\n|move|p1a: Roaring Moon|Acrobatics|p2b: Ogerpon\n|-activate|p2b: Ogerpon|move: Protect\n|-damage|p1a: Roaring Moon|28\/100|[from] Spiky Shield|[of] p2b: Ogerpon\n|move|p1b: Kyogre|Water Spout|p2b: Ogerpon|[spread] p2a\n|-activate|p2b: Ogerpon|move: Protect\n|-damage|p2a: Tornadus|0 fnt\n|faint|p2a: Tornadus\n|\n|-weather|RainDance|[upkeep]\n|upkeep\n|\n|t:|1739404968\n|switch|p2a: Calyrex|Calyrex-Shadow, L50|100\/100\n|-ability|p2a: Calyrex|As One\n|-ability|p2a: Calyrex|Unnerve\n|turn|4\n|\n|t:|1739404983\n|-terastallize|p2b: Ogerpon|Water\n|detailschange|p2b: Ogerpon|Ogerpon-Wellspring-Tera, L50, F, tera:Water\n|-ability|p2b: Ogerpon|Embody Aspect (Wellspring)|boost\n|-boost|p2b: Ogerpon|spd|1\n|move|p2a: Calyrex|Protect|p2a: Calyrex\n|-singleturn|p2a: Calyrex|Protect\n|move|p1a: Roaring Moon|Protect|p1a: Roaring Moon\n|-singleturn|p1a: Roaring Moon|Protect\n|move|p2b: Ogerpon|Horn Leech|p1b: Kyogre\n|-supereffective|p1b: Kyogre\n|-damage|p1b: Kyogre|4\/100\n|move|p1b: Kyogre|Water Spout|p2b: Ogerpon|[spread] p2b\n|-activate|p2a: Calyrex|move: Protect\n|-resisted|p2b: Ogerpon\n|-damage|p2b: Ogerpon|98\/100\n|\n|-weather|RainDance|[upkeep]\n|-sideend|p1: Sheevp|move: Tailwind\n|upkeep\n|turn|5\n|-message|Sheevp forfeited.\n|\n|win|Iamsliverfish\n|raw|Sheevp's rating: 1634 &rarr; <strong>1615<\/strong><br \/>(-19 for losing)\n|raw|Iamsliverfish's rating: 1656 &rarr; <strong>1675<\/strong><br \/>(+19 for winning)\n|l|\u2606Sheevp\n|player|p1|\n|l| ChilledLotusA\n","uploadtime":1739405233,"views":15,"formatid":"gen9vgc2025regg","rating":1615,"private":0,"password":null}