{"id":"gen9vgc2025regg-2299995963","format":"[Gen 9] VGC 2025 Reg G","players":["Mildly Displeased","ekalsow"],"log":"|j|\u2606Mildly Displeased\n|j|\u2606ekalsow\n|t:|1739453630\n|gametype|doubles\n|player|p1|Mildly Displeased|lillie|1598\n|player|p2|ekalsow|gambler|1676\n|teamsize|p1|6\n|teamsize|p2|6\n|gen|9\n|tier|[Gen 9] VGC 2025 Reg G\n|rated|\n|rule|Species Clause: Limit one of each Pok\u00e9mon\n|rule|Item Clause: Limit 1 of each item\n|clearpoke\n|poke|p1|Primarina, L50, M|\n|poke|p1|Talonflame, L50, F|\n|poke|p1|Zamazenta-*, L50|\n|poke|p1|Rillaboom, L50, F|\n|poke|p1|Chien-Pao, L50|\n|poke|p1|Farigiraf, L50, F|\n|poke|p2|Zacian-*, L50|\n|poke|p2|Regidrago, L50|\n|poke|p2|Tornadus, L50, M|\n|poke|p2|Urshifu-*, L50, M|\n|poke|p2|Incineroar, L50, M|\n|poke|p2|Rillaboom, L50, F|\n|teampreview|4\n|inactive|Battle timer is ON: inactive players will automatically lose when time's up. (requested by Mildly Displeased)\n|c|\u2606ekalsow|glhf\n|inactive|ekalsow has 60 seconds left.\n|inactive|ekalsow has 30 seconds left.\n|inactive|ekalsow has 20 seconds left.\n|inactive|ekalsow has 15 seconds left.\n|c|\u2606Mildly Displeased|U2\n|\n|t:|1739453711\n|start\n|switch|p1a: Phoenix|Talonflame, L50, F, shiny|100\/100\n|switch|p1b: Best Mon|Primarina, L50, M, shiny|100\/100\n|switch|p2a: Tornadus|Tornadus, L50, M|100\/100\n|switch|p2b: Incineroar|Incineroar, L50, M|100\/100\n|-ability|p2b: Incineroar|Intimidate|boost\n|-unboost|p1a: Phoenix|atk|1\n|-unboost|p1b: Best Mon|atk|1\n|turn|1\n|j| shihevgrep3\n|l| shihevgrep3\n|\n|t:|1739453729\n|move|p1a: Phoenix|Tailwind|p1a: Phoenix\n|-sidestart|p1: Mildly Displeased|move: Tailwind\n|move|p2a: Tornadus|Tailwind|p2a: Tornadus\n|-sidestart|p2: ekalsow|move: Tailwind\n|move|p2b: Incineroar|Parting Shot|p1a: Phoenix\n|-unboost|p1a: Phoenix|atk|1\n|-unboost|p1a: Phoenix|spa|1\n|\n|t:|1739453734\n|switch|p2b: Zacian|Zacian-Crowned, L50|100\/100|[from] Parting Shot\n|-ability|p2b: Zacian|Intrepid Sword|boost\n|-boost|p2b: Zacian|atk|1\n|move|p1b: Best Mon|Hyper Voice|p2b: Zacian|[spread] p2a,p2b\n|-damage|p2a: Tornadus|58\/100\n|-damage|p2b: Zacian|69\/100\n|-enditem|p1b: Best Mon|Throat Spray\n|-boost|p1b: Best Mon|spa|1|[from] item: Throat Spray\n|\n|upkeep\n|turn|2\n|\n|t:|1739453745\n|-terastallize|p2b: Zacian|Fairy\n|move|p1b: Best Mon|Protect|p1b: Best Mon\n|-singleturn|p1b: Best Mon|Protect\n|move|p2b: Zacian|Behemoth Blade|p1b: Best Mon\n|-activate|p1b: Best Mon|move: Protect\n|move|p1a: Phoenix|Will-O-Wisp|p2b: Zacian\n|-status|p2b: Zacian|brn\n|move|p2a: Tornadus|Bleakwind Storm|p1b: Best Mon|[spread] p1a\n|-activate|p1b: Best Mon|move: Protect\n|-damage|p1a: Phoenix|41\/100\n|-unboost|p1a: Phoenix|spe|1\n|\n|-damage|p2b: Zacian|63\/100 brn|[from] brn\n|upkeep\n|turn|3\n|\n|t:|1739453760\n|move|p2b: Zacian|Play Rough|p1b: Best Mon\n|-damage|p1b: Best Mon|35\/100\n|move|p2a: Tornadus|Bleakwind Storm|p1a: Phoenix|[spread] p1b\n|-miss|p2a: Tornadus|p1a: Phoenix\n|-damage|p1b: Best Mon|5\/100\n|move|p1a: Phoenix|Brave Bird|p2b: Zacian\n|-damage|p2b: Zacian|37\/100 brn\n|-damage|p1a: Phoenix|32\/100|[from] Recoil\n|move|p1b: Best Mon|Hyper Voice|p2a: Tornadus|[spread] p2a,p2b\n|-damage|p2a: Tornadus|0 fnt\n|-damage|p2b: Zacian|0 fnt\n|faint|p2a: Tornadus\n|faint|p2b: Zacian\n|\n|upkeep\n|\n|t:|1739453768\n|switch|p2b: Urshifu|Urshifu-Rapid-Strike, L50, M|100\/100\n|switch|p2a: Incineroar|Incineroar, L50, M|100\/100\n|-ability|p2a: Incineroar|Intimidate|boost\n|-unboost|p1a: Phoenix|atk|1\n|-unboost|p1b: Best Mon|atk|1\n|turn|4\n|\n|t:|1739453776\n|move|p2a: Incineroar|Fake Out|p1b: Best Mon\n|-damage|p1b: Best Mon|0 fnt\n|faint|p1b: Best Mon\n|move|p2b: Urshifu|Aqua Jet|p1a: Phoenix\n|-supereffective|p1a: Phoenix\n|-damage|p1a: Phoenix|0 fnt\n|faint|p1a: Phoenix\n|\n|-sideend|p2: ekalsow|move: Tailwind\n|-sideend|p1: Mildly Displeased|move: Tailwind\n|upkeep\n|\n|t:|1739453778\n|switch|p1a: Knotweed|Rillaboom, L50, F|100\/100\n|switch|p1b: Pippin|Zamazenta-Crowned, L50|100\/100\n|-ability|p1b: Pippin|Dauntless Shield|boost\n|-boost|p1b: Pippin|def|1\n|-fieldstart|move: Grassy Terrain|[from] ability: Grassy Surge|[of] p1a: Knotweed\n|turn|5\n|\n|t:|1739453788\n|move|p1a: Knotweed|Fake Out|p2b: Urshifu\n|-damage|p2b: Urshifu|82\/100\n|-damage|p1a: Knotweed|91\/100|[from] item: Life Orb\n|move|p1b: Pippin|Body Press|p2a: Incineroar\n|-supereffective|p2a: Incineroar\n|-damage|p2a: Incineroar|2\/100\n|cant|p2b: Urshifu|flinch\n|move|p2a: Incineroar|Will-O-Wisp|p1b: Pippin|[miss]\n|-miss|p2a: Incineroar|p1b: Pippin\n|\n|-heal|p2b: Urshifu|88\/100|[from] Grassy Terrain\n|-heal|p1a: Knotweed|97\/100|[from] Grassy Terrain\n|-heal|p2a: Incineroar|8\/100|[from] Grassy Terrain\n|upkeep\n|turn|6\n|c|\u2606Mildly Displeased|Gg\n|\n|t:|1739453802\n|-terastallize|p1a: Knotweed|Grass\n|move|p1a: Knotweed|Grassy Glide|p2b: Urshifu\n|-supereffective|p2b: Urshifu\n|-damage|p2b: Urshifu|0 fnt\n|faint|p2b: Urshifu\n|-damage|p1a: Knotweed|87\/100|[from] item: Life Orb\n|move|p1b: Pippin|Body Press|p2a: Incineroar\n|-supereffective|p2a: Incineroar\n|-damage|p2a: Incineroar|0 fnt\n|faint|p2a: Incineroar\n|\n|win|Mildly Displeased\n|raw|Mildly Displeased's rating: 1598 &rarr; <strong>1622<\/strong><br \/>(+24 for winning)\n|raw|ekalsow's rating: 1676 &rarr; <strong>1652<\/strong><br \/>(-24 for losing)\n|l|\u2606ekalsow\n|player|p2|\n|l|\u2606Mildly Displeased\n|player|p1|\n","uploadtime":1739453954,"views":11,"formatid":"gen9vgc2025regg","rating":1622,"private":0,"password":null}