{"id":"gen9vgc2025regg-2299644776","format":"[Gen 9] VGC 2025 Reg G","players":["chappell murkroan","Crazy Daisy Doo"],"log":"|j|\u2606chappell murkroan\n|j|\u2606Crazy Daisy Doo\n|t:|1739399861\n|gametype|doubles\n|player|p1|chappell murkroan|caitlin|1664\n|player|p2|Crazy Daisy Doo|red|1693\n|teamsize|p1|6\n|teamsize|p2|6\n|gen|9\n|tier|[Gen 9] VGC 2025 Reg G\n|rated|\n|rule|Species Clause: Limit one of each Pok\u00e9mon\n|rule|Item Clause: Limit 1 of each item\n|clearpoke\n|poke|p1|Torkoal, L50, M|\n|poke|p1|Lilligant-Hisui, L50, F|\n|poke|p1|Calyrex-Ice, L50|\n|poke|p1|Raging Bolt, L50|\n|poke|p1|Indeedee-F, L50, F|\n|poke|p1|Iron Valiant, L50|\n|poke|p2|Flutter Mane, L50|\n|poke|p2|Calyrex-Shadow, L50|\n|poke|p2|Urshifu-*, L50, F|\n|poke|p2|Ogerpon-Cornerstone, L50, F|\n|poke|p2|Chi-Yu, L50|\n|poke|p2|Raging Bolt, L50|\n|teampreview|4\n|inactive|Battle timer is ON: inactive players will automatically lose when time's up. (requested by chappell murkroan)\n|\n|t:|1739399890\n|start\n|switch|p1a: Dame Over|Iron Valiant, L50|100\/100\n|switch|p1b: Sheist Rider|Calyrex-Ice, L50|100\/100\n|switch|p2a: Flutter Mane|Flutter Mane, L50|100\/100\n|switch|p2b: Calyrex|Calyrex-Shadow, L50|100\/100\n|-ability|p2b: Calyrex|As One\n|-ability|p2b: Calyrex|Unnerve\n|-ability|p1b: Sheist Rider|As One\n|-ability|p1b: Sheist Rider|Unnerve\n|-enditem|p2a: Flutter Mane|Booster Energy\n|-activate|p2a: Flutter Mane|ability: Protosynthesis|[fromitem]\n|-start|p2a: Flutter Mane|protosynthesisspe\n|-enditem|p1a: Dame Over|Booster Energy\n|-activate|p1a: Dame Over|ability: Quark Drive|[fromitem]\n|-start|p1a: Dame Over|quarkdrivespe\n|turn|1\n|\n|t:|1739399911\n|-end|p1a: Dame Over|Quark Drive|[silent]\n|switch|p1a: Dairy Jane|Indeedee-F, L50, F|100\/100\n|-fieldstart|move: Psychic Terrain|[from] ability: Psychic Surge|[of] p1a: Dairy Jane\n|-terastallize|p1b: Sheist Rider|Water\n|move|p2a: Flutter Mane|Moonblast|p1a: Dairy Jane\n|-damage|p1a: Dairy Jane|58\/100\n|move|p2b: Calyrex|Will-O-Wisp|p1b: Sheist Rider\n|-status|p1b: Sheist Rider|brn\n|move|p1b: Sheist Rider|Trick Room|p1b: Sheist Rider\n|-fieldstart|move: Trick Room|[of] p1b: Sheist Rider\n|\n|-damage|p1b: Sheist Rider|95\/100 brn|[from] brn\n|upkeep\n|turn|2\n|\n|t:|1739399935\n|switch|p1a: Cloud Nein|Raging Bolt, L50|100\/100\n|move|p2b: Calyrex|Protect|p2b: Calyrex\n|-singleturn|p2b: Calyrex|Protect\n|move|p2a: Flutter Mane|Protect|p2a: Flutter Mane\n|-singleturn|p2a: Flutter Mane|Protect\n|move|p1b: Sheist Rider|Glacial Lance|p2a: Flutter Mane|[spread] \n|-activate|p2a: Flutter Mane|move: Protect\n|-activate|p2b: Calyrex|move: Protect\n|\n|-damage|p1b: Sheist Rider|89\/100 brn|[from] brn\n|upkeep\n|turn|3\n|\n|t:|1739399942\n|move|p1b: Sheist Rider|Glacial Lance|p2a: Flutter Mane|[spread] p2a,p2b\n|-damage|p2a: Flutter Mane|57\/100\n|-damage|p2b: Calyrex|66\/100\n|move|p1a: Cloud Nein|Snarl|p2b: Calyrex|[spread] p2a,p2b\n|-supereffective|p2b: Calyrex\n|-damage|p2a: Flutter Mane|40\/100\n|-damage|p2b: Calyrex|3\/100\n|-unboost|p2a: Flutter Mane|spa|1\n|-unboost|p2b: Calyrex|spa|1\n|move|p2b: Calyrex|Astral Barrage|p1a: Cloud Nein|[spread] p1a,p1b\n|-damage|p1a: Cloud Nein|80\/100\n|-damage|p1b: Sheist Rider|66\/100 brn\n|move|p2a: Flutter Mane|Moonblast|p1a: Cloud Nein\n|-supereffective|p1a: Cloud Nein\n|-damage|p1a: Cloud Nein|47\/100\n|-unboost|p1a: Cloud Nein|spa|1\n|\n|-damage|p1b: Sheist Rider|60\/100 brn|[from] brn\n|upkeep\n|turn|4\n|\n|t:|1739399966\n|-end|p1a: Cloud Nein|Protosynthesis|[silent]\n|switch|p1a: Dairy Jane|Indeedee-F, L50, F|58\/100\n|switch|p2b: Urshifu|Urshifu-Rapid-Strike, L50, F|100\/100\n|move|p2a: Flutter Mane|Protect|p2a: Flutter Mane\n|-singleturn|p2a: Flutter Mane|Protect\n|move|p1b: Sheist Rider|Glacial Lance|p2a: Flutter Mane|[spread] p2b\n|-activate|p2a: Flutter Mane|move: Protect\n|-resisted|p2b: Urshifu\n|-damage|p2b: Urshifu|87\/100\n|\n|-damage|p1b: Sheist Rider|54\/100 brn|[from] brn\n|upkeep\n|turn|5\n|\n|t:|1739399982\n|-terastallize|p2b: Urshifu|Water\n|move|p2a: Flutter Mane|Protect|p2a: Flutter Mane\n|-singleturn|p2a: Flutter Mane|Protect\n|move|p1b: Sheist Rider|Glacial Lance|p2b: Urshifu|[spread] p2b\n|-activate|p2a: Flutter Mane|move: Protect\n|-resisted|p2b: Urshifu\n|-damage|p2b: Urshifu|75\/100\n|move|p1a: Dairy Jane|Heal Pulse|p1b: Sheist Rider\n|-heal|p1b: Sheist Rider|100\/100 brn\n|move|p2b: Urshifu|Surging Strikes|p1b: Sheist Rider\n|-resisted|p1b: Sheist Rider\n|-crit|p1b: Sheist Rider\n|-damage|p1b: Sheist Rider|89\/100 brn\n|-resisted|p1b: Sheist Rider\n|-crit|p1b: Sheist Rider\n|-damage|p1b: Sheist Rider|78\/100 brn\n|-resisted|p1b: Sheist Rider\n|-crit|p1b: Sheist Rider\n|-damage|p1b: Sheist Rider|68\/100 brn\n|-hitcount|p1b: Sheist Rider|3\n|\n|-damage|p1b: Sheist Rider|62\/100 brn|[from] brn\n|-fieldend|move: Trick Room\n|-fieldend|move: Psychic Terrain\n|upkeep\n|turn|6\n|inactive|Crazy Daisy Doo has 30 seconds left.\n|\n|t:|1739400010\n|move|p1a: Dairy Jane|Follow Me|p1a: Dairy Jane\n|-singleturn|p1a: Dairy Jane|move: Follow Me\n|move|p2a: Flutter Mane|Moonblast|p1a: Dairy Jane\n|-damage|p1a: Dairy Jane|30\/100\n|-unboost|p1a: Dairy Jane|spa|1\n|move|p2b: Urshifu|Taunt|p1a: Dairy Jane\n|-start|p1a: Dairy Jane|move: Taunt\n|move|p1b: Sheist Rider|Trick Room|p1b: Sheist Rider\n|-fieldstart|move: Trick Room|[of] p1b: Sheist Rider\n|\n|-damage|p1b: Sheist Rider|56\/100 brn|[from] brn\n|upkeep\n|turn|7\n|j| Tomo05\n|\n|t:|1739400028\n|switch|p1a: Cloud Nein|Raging Bolt, L50|47\/100\n|move|p2a: Flutter Mane|Protect|p2a: Flutter Mane\n|-singleturn|p2a: Flutter Mane|Protect\n|move|p1b: Sheist Rider|Glacial Lance|p2b: Urshifu|[spread] p2b\n|-activate|p2a: Flutter Mane|move: Protect\n|-resisted|p2b: Urshifu\n|-damage|p2b: Urshifu|61\/100\n|move|p2b: Urshifu|Surging Strikes|p1b: Sheist Rider\n|-resisted|p1b: Sheist Rider\n|-crit|p1b: Sheist Rider\n|-damage|p1b: Sheist Rider|45\/100 brn\n|-resisted|p1b: Sheist Rider\n|-crit|p1b: Sheist Rider\n|-damage|p1b: Sheist Rider|34\/100 brn\n|-resisted|p1b: Sheist Rider\n|-crit|p1b: Sheist Rider\n|-damage|p1b: Sheist Rider|24\/100 brn\n|-hitcount|p1b: Sheist Rider|3\n|\n|-damage|p1b: Sheist Rider|18\/100 brn|[from] brn\n|upkeep\n|turn|8\n|\n|t:|1739400042\n|move|p2b: Urshifu|Protect|p2b: Urshifu\n|-singleturn|p2b: Urshifu|Protect\n|move|p1b: Sheist Rider|Glacial Lance|p2b: Urshifu|[spread] p2a\n|-activate|p2b: Urshifu|move: Protect\n|-damage|p2a: Flutter Mane|0 fnt\n|faint|p2a: Flutter Mane\n|-end|p2a: Flutter Mane|Protosynthesis|[silent]\n|-ability|p1b: Sheist Rider|Chilling Neigh|boost\n|-boost|p1b: Sheist Rider|atk|1\n|move|p1a: Cloud Nein|Thunderbolt|p2b: Urshifu\n|-activate|p2b: Urshifu|move: Protect\n|\n|-damage|p1b: Sheist Rider|12\/100 brn|[from] brn\n|upkeep\n|j| pmg9\n|\n|t:|1739400050\n|switch|p2a: Raging Bolt|Raging Bolt, L50|100\/100\n|turn|9\n|\n|t:|1739400059\n|-end|p1a: Cloud Nein|Protosynthesis|[silent]\n|switch|p1a: Dairy Jane|Indeedee-F, L50, F|30\/100\n|-fieldstart|move: Psychic Terrain|[from] ability: Psychic Surge|[of] p1a: Dairy Jane\n|switch|p2b: Calyrex|Calyrex-Shadow, L50|3\/100\n|-ability|p2b: Calyrex|As One\n|-ability|p2b: Calyrex|Unnerve\n|move|p2a: Raging Bolt|Thunderclap|p1b: Sheist Rider\n|-activate|p1b: Sheist Rider|move: Psychic Terrain\n|move|p1b: Sheist Rider|Glacial Lance|p2b: Calyrex|[spread] p2a,p2b\n|-supereffective|p2a: Raging Bolt\n|-damage|p2a: Raging Bolt|42\/100\n|-damage|p2b: Calyrex|0 fnt\n|faint|p2b: Calyrex\n|-ability|p1b: Sheist Rider|Chilling Neigh|boost\n|-boost|p1b: Sheist Rider|atk|1\n|\n|-damage|p1b: Sheist Rider|6\/100 brn|[from] brn\n|upkeep\n|\n|t:|1739400062\n|switch|p2b: Urshifu|Urshifu-Rapid-Strike, L50, F, tera:Water|61\/100\n|turn|10\n|\n|t:|1739400075\n|move|p1b: Sheist Rider|Glacial Lance|p2b: Urshifu|[spread] p2a,p2b\n|-supereffective|p2a: Raging Bolt\n|-resisted|p2b: Urshifu\n|-damage|p2a: Raging Bolt|0 fnt\n|-damage|p2b: Urshifu|38\/100\n|faint|p2a: Raging Bolt\n|-end|p2a: Raging Bolt|Protosynthesis|[silent]\n|-ability|p1b: Sheist Rider|Chilling Neigh|boost\n|-boost|p1b: Sheist Rider|atk|1\n|move|p1a: Dairy Jane|Heal Pulse|p1b: Sheist Rider\n|-heal|p1b: Sheist Rider|56\/100 brn\n|move|p2b: Urshifu|Surging Strikes|p1a: Dairy Jane\n|-crit|p1a: Dairy Jane\n|-damage|p1a: Dairy Jane|0 fnt\n|faint|p1a: Dairy Jane\n|-hitcount|p1: Dairy Jane|1\n|\n|-damage|p1b: Sheist Rider|50\/100 brn|[from] brn\n|-fieldend|move: Trick Room\n|upkeep\n|\n|t:|1739400087\n|switch|p1a: Dame Over|Iron Valiant, L50|100\/100\n|turn|11\n|\n|t:|1739400094\n|move|p1a: Dame Over|Expanding Force|p2b: Urshifu\n|-crit|p2b: Urshifu\n|-damage|p2b: Urshifu|0 fnt\n|faint|p2b: Urshifu\n|\n|win|chappell murkroan\n|raw|chappell murkroan's rating: 1664 &rarr; <strong>1686<\/strong><br \/>(+22 for winning)\n|raw|Crazy Daisy Doo's rating: 1693 &rarr; <strong>1671<\/strong><br \/>(-22 for losing)\n|l| Tomo05\n|l|\u2606Crazy Daisy Doo\n|player|p2|\n|l| pmg9\n|l|\u2606chappell murkroan\n|player|p1|\n","uploadtime":1739400239,"views":11,"formatid":"gen9vgc2025regg","rating":1671,"private":0,"password":null}