{"id":"gen9vgc2025regg-2299593243","format":"[Gen 9] VGC 2025 Reg G","players":["Sheevp","Yung Trav"],"log":"|j|\u2606Sheevp\n|j|\u203dYung Trav\n|t:|1739394359\n|gametype|doubles\n|player|p1|Sheevp|1|1609\n|player|p2|Yung Trav|102|1721\n|teamsize|p1|6\n|teamsize|p2|6\n|gen|9\n|tier|[Gen 9] VGC 2025 Reg G\n|rated|\n|rule|Species Clause: Limit one of each Pok\u00e9mon\n|rule|Item Clause: Limit 1 of each item\n|clearpoke\n|poke|p1|Volcarona, L50, F|\n|poke|p1|Rillaboom, L50, M|\n|poke|p1|Overqwil, L50, M|\n|poke|p1|Landorus, L50, M|\n|poke|p1|Kyogre, L50|\n|poke|p1|Roaring Moon, L50|\n|poke|p2|Calyrex-Ice, L50|\n|poke|p2|Regidrago, L50|\n|poke|p2|Smeargle, L50, M|\n|poke|p2|Farigiraf, L50, M|\n|poke|p2|Urshifu-*, L50, M|\n|poke|p2|Ogerpon-Cornerstone, L50, F|\n|teampreview|4\n|inactive|Battle timer is ON: inactive players will automatically lose when time's up. (requested by Yung Trav)\n|inactive|Sheevp has 60 seconds left.\n|inactive|Sheevp has 30 seconds left.\n|\n|t:|1739394426\n|start\n|switch|p1a: Volcarona|Volcarona, L50, F|100\/100\n|switch|p1b: Kyogre|Kyogre, L50|100\/100\n|switch|p2a: Calyrex|Calyrex-Ice, L50|100\/100\n|switch|p2b: Urshifu|Urshifu, L50, M|100\/100\n|-ability|p2a: Calyrex|As One\n|-ability|p2a: Calyrex|Unnerve\n|-weather|RainDance|[from] ability: Drizzle|[of] p1b: Kyogre\n|turn|1\n|\n|t:|1739394442\n|move|p2a: Calyrex|Protect|p2a: Calyrex\n|-singleturn|p2a: Calyrex|Protect\n|move|p1a: Volcarona|Rage Powder|p1a: Volcarona\n|-singleturn|p1a: Volcarona|move: Rage Powder\n|move|p2b: Urshifu|Wicked Blow|p1a: Volcarona\n|-crit|p1a: Volcarona\n|-damage|p1a: Volcarona|38\/100\n|move|p1b: Kyogre|Thunder|p2a: Calyrex\n|-activate|p2a: Calyrex|move: Protect\n|\n|-weather|RainDance|[upkeep]\n|upkeep\n|turn|2\n|inactive|Yung Trav has 30 seconds left.\n|\n|t:|1739394469\n|-terastallize|p2a: Calyrex|Water\n|move|p2b: Urshifu|Wicked Blow|p1b: Kyogre\n|-crit|p1b: Kyogre\n|-damage|p1b: Kyogre|32\/100\n|move|p1b: Kyogre|Thunder|p2a: Calyrex\n|-supereffective|p2a: Calyrex\n|-damage|p2a: Calyrex|5\/100\n|-status|p2a: Calyrex|par\n|move|p1a: Volcarona|Bug Buzz|p2a: Calyrex\n|-damage|p2a: Calyrex|0 fnt\n|faint|p2a: Calyrex\n|\n|-weather|RainDance|[upkeep]\n|upkeep\n|\n|t:|1739394487\n|switch|p2a: Smeargle|Smeargle, L50, M, shiny|100\/100\n|turn|3\n|\n|t:|1739394497\n|switch|p1b: Rillaboom|Rillaboom, L50, M|100\/100\n|-fieldstart|move: Grassy Terrain|[from] ability: Grassy Surge|[of] p1b: Rillaboom\n|move|p2a: Smeargle|Fake Out|p1b: Rillaboom\n|-damage|p1b: Rillaboom|95\/100\n|move|p2b: Urshifu|Wicked Blow|p1a: Volcarona\n|-crit|p1a: Volcarona\n|-damage|p1a: Volcarona|0 fnt\n|faint|p1a: Volcarona\n|\n|-weather|RainDance|[upkeep]\n|-heal|p1b: Rillaboom|100\/100|[from] Grassy Terrain\n|upkeep\n|\n|t:|1739394510\n|switch|p1a: Overqwil|Overqwil, L50, M|100\/100\n|turn|4\n|\n|t:|1739394519\n|switch|p2b: Regidrago|Regidrago, L50, shiny|100\/100\n|move|p1a: Overqwil|Poison Jab|p2a: Smeargle\n|-damage|p2a: Smeargle|18\/100\n|-damage|p1a: Overqwil|91\/100|[from] item: Life Orb\n|move|p1b: Rillaboom|Wood Hammer|p2b: Regidrago\n|-resisted|p2b: Regidrago\n|-damage|p2b: Regidrago|74\/100\n|-damage|p1b: Rillaboom|89\/100|[from] Recoil\n|move|p2a: Smeargle|Spore|p1a: Overqwil\n|-status|p1a: Overqwil|slp|[from] move: Spore\n|\n|-weather|RainDance|[upkeep]\n|-heal|p1a: Overqwil|97\/100 slp|[from] Grassy Terrain\n|-heal|p1b: Rillaboom|95\/100|[from] Grassy Terrain\n|-heal|p2a: Smeargle|24\/100|[from] Grassy Terrain\n|-heal|p2b: Regidrago|80\/100|[from] Grassy Terrain\n|upkeep\n|turn|5\n|inactive|Yung Trav has 30 seconds left.\n|\n|t:|1739394544\n|move|p1b: Rillaboom|Grassy Glide|p2b: Regidrago\n|-resisted|p2b: Regidrago\n|-damage|p2b: Regidrago|67\/100\n|cant|p1a: Overqwil|slp\n|move|p2a: Smeargle|Decorate|p2b: Regidrago\n|-boost|p2b: Regidrago|atk|2\n|-boost|p2b: Regidrago|spa|2\n|move|p2b: Regidrago|Dragon Energy|p1a: Overqwil|[spread] p1a,p1b\n|-damage|p1a: Overqwil|0 fnt\n|-damage|p1b: Rillaboom|26\/100\n|faint|p1a: Overqwil\n|\n|-weather|none\n|-heal|p1b: Rillaboom|32\/100|[from] Grassy Terrain\n|-heal|p2a: Smeargle|30\/100|[from] Grassy Terrain\n|-heal|p2b: Regidrago|73\/100|[from] Grassy Terrain\n|upkeep\n|\n|t:|1739394548\n|switch|p1a: Kyogre|Kyogre, L50|32\/100\n|-weather|RainDance|[from] ability: Drizzle|[of] p1a: Kyogre\n|turn|6\n|j| mr pogostick\n|inactive|Yung Trav has 30 seconds left.\n|\n|t:|1739394576\n|move|p1b: Rillaboom|Grassy Glide|p2a: Smeargle\n|-damage|p2a: Smeargle|0 fnt\n|faint|p2a: Smeargle\n|move|p1a: Kyogre|Ice Beam|p2b: Regidrago\n|-supereffective|p2b: Regidrago\n|-damage|p2b: Regidrago|0 fnt\n|faint|p2b: Regidrago\n|\n|-weather|RainDance|[upkeep]\n|-heal|p1a: Kyogre|38\/100|[from] Grassy Terrain\n|-heal|p1b: Rillaboom|38\/100|[from] Grassy Terrain\n|upkeep\n|\n|t:|1739394589\n|switch|p2a: Urshifu|Urshifu, L50, M|100\/100\n|turn|7\n|\n|t:|1739394596\n|move|p1b: Rillaboom|Grassy Glide|p2a: Urshifu\n|-damage|p2a: Urshifu|65\/100\n|move|p2a: Urshifu|Wicked Blow|p1a: Kyogre\n|-crit|p1a: Kyogre\n|-damage|p1a: Kyogre|0 fnt\n|faint|p1a: Kyogre\n|\n|-weather|RainDance|[upkeep]\n|-heal|p2a: Urshifu|71\/100|[from] Grassy Terrain\n|-heal|p1b: Rillaboom|44\/100|[from] Grassy Terrain\n|-fieldend|move: Grassy Terrain\n|upkeep\n|turn|8\n|\n|t:|1739394609\n|move|p2a: Urshifu|Wicked Blow|p1b: Rillaboom\n|-crit|p1b: Rillaboom\n|-damage|p1b: Rillaboom|0 fnt\n|faint|p1b: Rillaboom\n|\n|win|Yung Trav\n|raw|Sheevp's rating: 1609 &rarr; <strong>1595<\/strong><br \/>(-14 for losing)\n|raw|Yung Trav's rating: 1721 &rarr; <strong>1735<\/strong><br \/>(+14 for winning)\n|l|\u2606Sheevp\n|player|p1|\n|l| mr pogostick\n|l|\u203dYung Trav\n|player|p2|\n","uploadtime":1739394830,"views":10,"formatid":"gen9vgc2025regg","rating":1595,"private":0,"password":null}