{"id":"gen9vgc2025regg-2299155349","format":"[Gen 9] VGC 2025 Reg G","players":["aoiharada","Dv147"],"log":"|j|\u2606aoiharada\n|j|\u2606Dv147\n|t:|1739338559\n|gametype|doubles\n|player|p1|aoiharada|265|1604\n|player|p2|Dv147|265|1551\n|teamsize|p1|6\n|teamsize|p2|6\n|gen|9\n|tier|[Gen 9] VGC 2025 Reg G\n|rated|\n|rule|Species Clause: Limit one of each Pok\u00e9mon\n|rule|Item Clause: Limit 1 of each item\n|clearpoke\n|poke|p1|Weezing-Galar, L50, M|\n|poke|p1|Calyrex-Shadow, L50|\n|poke|p1|Dondozo, L50, F|\n|poke|p1|Tatsugiri, L50, M|\n|poke|p1|Incineroar, L50, F|\n|poke|p1|Roaring Moon, L50|\n|poke|p2|Terapagos, L50, M|\n|poke|p2|Incineroar, L50, M|\n|poke|p2|Sinistcha, L50|\n|poke|p2|Comfey, L50, F|\n|poke|p2|Electabuzz, L50, M|\n|poke|p2|Rillaboom, L50, M|\n|teampreview|4\n|inactive|Battle timer is ON: inactive players will automatically lose when time's up. (requested by Dv147)\n|\n|t:|1739338599\n|start\n|switch|p1a: Roaring Moon|Roaring Moon, L50|100\/100\n|switch|p1b: Weezing|Weezing-Galar, L50, M|100\/100\n|switch|p2a: Terapagos|Terapagos, L50, M|100\/100\n|switch|p2b: Incineroar|Incineroar, L50, M|100\/100\n|-activate|p2a: Terapagos|ability: Tera Shift\n|detailschange|p2a: Terapagos|Terapagos-Terastal, L50, M\n|-heal|p2a: Terapagos|100\/100|[silent]\n|-ability|p1b: Weezing|Neutralizing Gas\n|turn|1\n|\n|t:|1739338619\n|-terastallize|p2a: Terapagos|Stellar\n|detailschange|p2a: Terapagos|Terapagos-Stellar, L50, M, tera:Stellar\n|-heal|p2a: Terapagos|100\/100|[silent]\n|move|p2b: Incineroar|Fake Out|p1b: Weezing\n|-damage|p1b: Weezing|91\/100\n|move|p1a: Roaring Moon|Knock Off|p2a: Terapagos\n|-damage|p2a: Terapagos|63\/100\n|-enditem|p2a: Terapagos|Covert Cloak|[from] move: Knock Off|[of] p1a: Roaring Moon\n|move|p2a: Terapagos|Tera Starstorm|p1b: Weezing|[spread] p1a,p1b\n|-damage|p1a: Roaring Moon|74\/100\n|-damage|p1b: Weezing|51\/100\n|cant|p1b: Weezing|flinch\n|\n|upkeep\n|turn|2\n|inactive|aoiharada has 30 seconds left.\n|\n|t:|1739338650\n|move|p2a: Terapagos|Protect|p2a: Terapagos\n|-singleturn|p2a: Terapagos|Protect\n|move|p1a: Roaring Moon|Snarl|p2b: Incineroar|[spread] p2b\n|-activate|p2a: Terapagos|move: Protect\n|-resisted|p2b: Incineroar\n|-crit|p2b: Incineroar\n|-damage|p2b: Incineroar|96\/100\n|-unboost|p2b: Incineroar|spa|1\n|move|p2b: Incineroar|Flare Blitz|p1b: Weezing\n|-damage|p1b: Weezing|9\/100\n|-enditem|p1b: Weezing|Sitrus Berry|[eat]\n|-heal|p1b: Weezing|34\/100|[from] item: Sitrus Berry\n|-damage|p2b: Incineroar|84\/100|[from] Recoil\n|move|p1b: Weezing|Toxic Spikes|p2a: Terapagos\n|-sidestart|p2: Dv147|move: Toxic Spikes\n|\n|upkeep\n|turn|3\n|\n|t:|1739338672\n|move|p1b: Weezing|Protect|p1b: Weezing\n|-singleturn|p1b: Weezing|Protect\n|move|p1a: Roaring Moon|Earthquake|p2b: Incineroar|[spread] p2a,p2b\n|-activate|p1b: Weezing|move: Protect\n|-supereffective|p2b: Incineroar\n|-damage|p2a: Terapagos|43\/100\n|-damage|p2b: Incineroar|34\/100\n|move|p2a: Terapagos|Tera Starstorm|p1b: Weezing|[spread] p1a\n|-activate|p1b: Weezing|move: Protect\n|-damage|p1a: Roaring Moon|51\/100\n|move|p2b: Incineroar|Parting Shot|p1a: Roaring Moon\n|-unboost|p1a: Roaring Moon|atk|1\n|-unboost|p1a: Roaring Moon|spa|1\n|\n|t:|1739338687\n|switch|p2b: Comfey|Comfey, L50, F|100\/100|[from] Parting Shot\n|-status|p2b: Comfey|psn\n|\n|-damage|p2b: Comfey|88\/100 psn|[from] psn\n|upkeep\n|turn|4\n|\n|t:|1739338699\n|move|p1a: Roaring Moon|Snarl|p2b: Comfey|[spread] p2a,p2b\n|-resisted|p2b: Comfey\n|-damage|p2a: Terapagos|39\/100\n|-damage|p2b: Comfey|86\/100 psn\n|-unboost|p2a: Terapagos|spa|1\n|-unboost|p2b: Comfey|spa|1\n|move|p2a: Terapagos|Earth Power|p1b: Weezing\n|-supereffective|p1b: Weezing\n|-damage|p1b: Weezing|0 fnt\n|faint|p1b: Weezing\n|-end|p1b: Weezing|ability: Neutralizing Gas\n|move|p2b: Comfey|Trick Room|p2b: Comfey\n|-fieldstart|move: Trick Room|[of] p2b: Comfey\n|\n|-damage|p2b: Comfey|74\/100 psn|[from] psn\n|upkeep\n|\n|t:|1739338708\n|switch|p1b: Dondozo|Dondozo, L50, F|100\/100\n|turn|5\n|\n|t:|1739338721\n|-end|p1a: Roaring Moon|Protosynthesis|[silent]\n|switch|p1a: Tatsugiri|Tatsugiri, L50, M|100\/100\n|-activate|p1a: Tatsugiri|ability: Commander|[of] p1b: Dondozo\n|-boost|p1b: Dondozo|atk|2\n|-boost|p1b: Dondozo|spa|2\n|-boost|p1b: Dondozo|spe|2\n|-boost|p1b: Dondozo|def|2\n|-boost|p1b: Dondozo|spd|2\n|move|p2b: Comfey|Draining Kiss|p1a: Tatsugiri|[miss]\n|-miss|p2b: Comfey|p1a: Tatsugiri\n|move|p2a: Terapagos|Tera Starstorm|p1a: Tatsugiri|[spread] p1b\n|-miss|p2a: Terapagos|p1a: Tatsugiri\n|-damage|p1b: Dondozo|82\/100\n|move|p1b: Dondozo|Earthquake|p2b: Comfey|[spread] p2a,p2b\n|-miss|p1b: Dondozo|p1a: Tatsugiri\n|-damage|p2a: Terapagos|13\/100\n|-damage|p2b: Comfey|25\/100 psn\n|-enditem|p2b: Comfey|Sitrus Berry|[eat]\n|-heal|p2b: Comfey|49\/100 psn|[from] item: Sitrus Berry\n|\n|-heal|p1b: Dondozo|88\/100|[from] item: Leftovers\n|-damage|p2b: Comfey|37\/100 psn|[from] psn\n|upkeep\n|turn|6\n|inactive|Dv147 has 30 seconds left.\n|\n|t:|1739338746\n|move|p2b: Comfey|Floral Healing|p2a: Terapagos\n|-heal|p2a: Terapagos|63\/100\n|move|p2a: Terapagos|Calm Mind|p2a: Terapagos\n|-boost|p2a: Terapagos|spa|1\n|-boost|p2a: Terapagos|spd|1\n|move|p1b: Dondozo|Substitute|p1b: Dondozo\n|-start|p1b: Dondozo|Substitute\n|-damage|p1b: Dondozo|63\/100\n|\n|-heal|p1b: Dondozo|69\/100|[from] item: Leftovers\n|-damage|p2b: Comfey|25\/100 psn|[from] psn\n|upkeep\n|turn|7\n|\n|t:|1739338762\n|move|p2b: Comfey|Floral Healing|p2a: Terapagos\n|-heal|p2a: Terapagos|100\/100\n|move|p2a: Terapagos|Tera Starstorm|p1a: Tatsugiri|[spread] p1b\n|-miss|p2a: Terapagos|p1a: Tatsugiri\n|-activate|p1b: Dondozo|move: Substitute|[damage]\n|move|p1b: Dondozo|Earthquake|p2a: Terapagos|[spread] p2a,p2b\n|-miss|p1b: Dondozo|p1a: Tatsugiri\n|-damage|p2a: Terapagos|74\/100\n|-damage|p2b: Comfey|0 fnt\n|faint|p2b: Comfey\n|\n|-heal|p1b: Dondozo|76\/100|[from] item: Leftovers\n|upkeep\n|\n|t:|1739338779\n|switch|p2b: Incineroar|Incineroar, L50, M|34\/100\n|-status|p2b: Incineroar|psn\n|-ability|p2b: Incineroar|Intimidate|boost\n|-unboost|p1a: Tatsugiri|atk|1\n|-immune|p1b: Dondozo\n|turn|8\n|j| continuethesaga\n|\n|t:|1739338789\n|move|p1b: Dondozo|Protect|p1b: Dondozo\n|-singleturn|p1b: Dondozo|Protect\n|move|p2b: Incineroar|Parting Shot|p1b: Dondozo\n|-activate|p1b: Dondozo|move: Protect\n|move|p2a: Terapagos|Tera Starstorm|p1b: Dondozo|[spread] \n|-miss|p2a: Terapagos|p1a: Tatsugiri\n|-activate|p1b: Dondozo|move: Protect\n|\n|-heal|p1b: Dondozo|82\/100|[from] item: Leftovers\n|-damage|p2b: Incineroar|21\/100 psn|[from] psn\n|-fieldend|move: Trick Room\n|upkeep\n|turn|9\n|\n|t:|1739338805\n|switch|p2b: Sinistcha|Sinistcha, L50|100\/100\n|-status|p2b: Sinistcha|psn\n|-heal|p2a: Terapagos|99\/100|[from] ability: Hospitality|[of] p2b: Sinistcha\n|move|p1b: Dondozo|Earthquake|p2a: Terapagos|[spread] p2a,p2b\n|-miss|p1b: Dondozo|p1a: Tatsugiri\n|-resisted|p2b: Sinistcha\n|-damage|p2a: Terapagos|74\/100\n|-damage|p2b: Sinistcha|83\/100 psn\n|move|p2a: Terapagos|Tera Starstorm|p1a: Tatsugiri|[spread] p1b\n|-miss|p2a: Terapagos|p1a: Tatsugiri\n|-end|p1b: Dondozo|Substitute\n|\n|-heal|p1b: Dondozo|88\/100|[from] item: Leftovers\n|-damage|p2b: Sinistcha|71\/100 psn|[from] psn\n|upkeep\n|turn|10\n|\n|t:|1739338828\n|move|p1b: Dondozo|Substitute|p1b: Dondozo\n|-start|p1b: Dondozo|Substitute\n|-damage|p1b: Dondozo|63\/100\n|move|p2a: Terapagos|Tera Starstorm|p1a: Tatsugiri|[spread] p1b\n|-miss|p2a: Terapagos|p1a: Tatsugiri\n|-crit|p1b: Dondozo\n|-end|p1b: Dondozo|Substitute\n|move|p2b: Sinistcha|Trick Room|p2b: Sinistcha\n|-fieldstart|move: Trick Room|[of] p2b: Sinistcha\n|\n|-heal|p1b: Dondozo|69\/100|[from] item: Leftovers\n|-damage|p2b: Sinistcha|58\/100 psn|[from] psn\n|upkeep\n|turn|11\n|\n|t:|1739338842\n|-terastallize|p1b: Dondozo|Grass\n|move|p2b: Sinistcha|Life Dew|p2b: Sinistcha|[spread] p2a,p2b\n|-heal|p2a: Terapagos|99\/100\n|-heal|p2b: Sinistcha|84\/100 psn\n|move|p2a: Terapagos|Tera Starstorm|p1a: Tatsugiri|[spread] p1b\n|-miss|p2a: Terapagos|p1a: Tatsugiri\n|-supereffective|p1b: Dondozo\n|-damage|p1b: Dondozo|32\/100\n|move|p1b: Dondozo|Wave Crash|p2a: Terapagos\n|-damage|p2a: Terapagos|35\/100\n|-damage|p1b: Dondozo|11\/100|[from] Recoil\n|\n|-heal|p1b: Dondozo|17\/100|[from] item: Leftovers\n|-damage|p2b: Sinistcha|71\/100 psn|[from] psn\n|upkeep\n|turn|12\n|\n|t:|1739338866\n|move|p1b: Dondozo|Protect|p1b: Dondozo\n|-singleturn|p1b: Dondozo|Protect\n|move|p2b: Sinistcha|Rage Powder|p2b: Sinistcha\n|-singleturn|p2b: Sinistcha|move: Rage Powder\n|move|p2a: Terapagos|Earth Power|p1b: Dondozo\n|-activate|p1b: Dondozo|move: Protect\n|\n|-heal|p1b: Dondozo|23\/100|[from] item: Leftovers\n|-damage|p2b: Sinistcha|59\/100 psn|[from] psn\n|upkeep\n|turn|13\n|\n|t:|1739338883\n|move|p2b: Sinistcha|Rage Powder|p2b: Sinistcha\n|-singleturn|p2b: Sinistcha|move: Rage Powder\n|move|p2a: Terapagos|Earth Power|p1b: Dondozo\n|-resisted|p1b: Dondozo\n|-damage|p1b: Dondozo|12\/100\n|move|p1b: Dondozo|Earthquake|p2a: Terapagos|[spread] p2a,p2b\n|-miss|p1b: Dondozo|p1a: Tatsugiri\n|-crit|p2a: Terapagos\n|-resisted|p2b: Sinistcha\n|-damage|p2a: Terapagos|0 fnt\n|-damage|p2b: Sinistcha|40\/100 psn\n|faint|p2a: Terapagos\n|\n|-heal|p1b: Dondozo|18\/100|[from] item: Leftovers\n|-damage|p2b: Sinistcha|27\/100 psn|[from] psn\n|upkeep\n|\n|t:|1739338898\n|switch|p2a: Incineroar|Incineroar, L50, M|21\/100 psn\n|-ability|p2a: Incineroar|Intimidate|boost\n|-unboost|p1a: Tatsugiri|atk|1\n|-unboost|p1b: Dondozo|atk|1\n|turn|14\n|\n|t:|1739338906\n|move|p1b: Dondozo|Protect|p1b: Dondozo\n|-singleturn|p1b: Dondozo|Protect\n|move|p2a: Incineroar|Fake Out|p1b: Dondozo\n|-activate|p1b: Dondozo|move: Protect\n|move|p2b: Sinistcha|Life Dew|p2b: Sinistcha|[spread] p2a,p2b\n|-heal|p2a: Incineroar|47\/100 psn\n|-heal|p2b: Sinistcha|53\/100 psn\n|\n|-heal|p1b: Dondozo|25\/100|[from] item: Leftovers\n|-damage|p2a: Incineroar|34\/100 psn|[from] psn\n|-damage|p2b: Sinistcha|40\/100 psn|[from] psn\n|-fieldend|move: Trick Room\n|upkeep\n|turn|15\n|\n|t:|1739338922\n|move|p1b: Dondozo|Earthquake|p2b: Sinistcha|[spread] p2a,p2b\n|-miss|p1b: Dondozo|p1a: Tatsugiri\n|-supereffective|p2a: Incineroar\n|-resisted|p2b: Sinistcha\n|-damage|p2a: Incineroar|0 fnt\n|-damage|p2b: Sinistcha|27\/100 psn\n|faint|p2a: Incineroar\n|move|p2b: Sinistcha|Trick Room|p2b: Sinistcha\n|-fieldstart|move: Trick Room|[of] p2b: Sinistcha\n|\n|-heal|p1b: Dondozo|31\/100|[from] item: Leftovers\n|-damage|p2b: Sinistcha|15\/100 psn|[from] psn\n|upkeep\n|turn|16\n|\n|t:|1739338934\n|move|p2b: Sinistcha|Life Dew|p2b: Sinistcha\n|-heal|p2b: Sinistcha|40\/100 psn\n|move|p1b: Dondozo|Wave Crash|p2b: Sinistcha\n|-resisted|p2b: Sinistcha\n|-damage|p2b: Sinistcha|8\/100 psn\n|-damage|p1b: Dondozo|15\/100|[from] item: Rocky Helmet|[of] p2b: Sinistcha\n|-damage|p1b: Dondozo|7\/100|[from] Recoil\n|\n|-heal|p1b: Dondozo|13\/100|[from] item: Leftovers\n|-damage|p2b: Sinistcha|0 fnt|[from] psn\n|faint|p2b: Sinistcha\n|\n|win|aoiharada\n|upkeep\n|raw|aoiharada's rating: 1604 &rarr; <strong>1621<\/strong><br \/>(+17 for winning)\n|raw|Dv147's rating: 1551 &rarr; <strong>1534<\/strong><br \/>(-17 for losing)\n|l|\u2606aoiharada\n|player|p1|\n|l|\u2606Dv147\n|player|p2|\n|l| continuethesaga\n","uploadtime":1739339155,"views":4,"formatid":"gen9vgc2025regg","rating":1534,"private":0,"password":null}