{"id":"gen9vgc2025regg-2299553921","format":"[Gen 9] VGC 2025 Reg G","players":["zonavideovigilada","Zakmancho"],"log":"|j|\u2606zonavideovigilada\n|j|\u2606Zakmancho\n|t:|1739390388\n|gametype|doubles\n|player|p1|zonavideovigilada|101|1621\n|player|p2|Zakmancho|265|1572\n|teamsize|p1|6\n|teamsize|p2|6\n|gen|9\n|tier|[Gen 9] VGC 2025 Reg G\n|rated|\n|rule|Species Clause: Limit one of each Pok\u00e9mon\n|rule|Item Clause: Limit 1 of each item\n|clearpoke\n|poke|p1|Urshifu-*, L50, M|\n|poke|p1|Whimsicott, L50, M|\n|poke|p1|Miraidon, L50|\n|poke|p1|Iron Hands, L50|\n|poke|p1|Incineroar, L50, M|\n|poke|p1|Iron Leaves, L50|\n|poke|p2|Koraidon, L50|\n|poke|p2|Chi-Yu, L50|\n|poke|p2|Flutter Mane, L50|\n|poke|p2|Ogerpon-Cornerstone, L50, F|\n|poke|p2|Raging Bolt, L50|\n|poke|p2|Whimsicott, L50, F|\n|teampreview|4\n|inactive|Battle timer is ON: inactive players will automatically lose when time's up. (requested by Zakmancho)\n|j| kiabu233\n|inactive|Zakmancho has 60 seconds left.\n|\n|t:|1739390424\n|start\n|switch|p1a: Miraidon|Miraidon, L50|100\/100\n|switch|p1b: Whimsicott|Whimsicott, L50, M|100\/100\n|switch|p2a: Flutter Mane|Flutter Mane, L50|100\/100\n|switch|p2b: Whimsicott|Whimsicott, L50, F|100\/100\n|-fieldstart|move: Electric Terrain|[from] ability: Hadron Engine|[of] p1a: Miraidon\n|-enditem|p2a: Flutter Mane|Booster Energy\n|-activate|p2a: Flutter Mane|ability: Protosynthesis|[fromitem]\n|-start|p2a: Flutter Mane|protosynthesisspe\n|turn|1\n|inactive|zonavideovigilada has 30 seconds left.\n|inactive|zonavideovigilada has 20 seconds left.\n|inactive|zonavideovigilada has 15 seconds left.\n|\n|t:|1739390467\n|-terastallize|p1a: Miraidon|Fairy\n|move|p1b: Whimsicott|Light Screen|p1b: Whimsicott\n|-sidestart|p1: zonavideovigilada|move: Light Screen\n|move|p2a: Flutter Mane|Moonblast|p1a: Miraidon\n|-damage|p1a: Miraidon|74\/100\n|-unboost|p1a: Miraidon|spa|1\n|move|p1a: Miraidon|Electro Drift|p2a: Flutter Mane\n|-damage|p2a: Flutter Mane|2\/100\n|move|p2b: Whimsicott|Moonblast|p1a: Miraidon\n|-damage|p1a: Miraidon|54\/100\n|\n|upkeep\n|turn|2\n|inactive|zonavideovigilada has 30 seconds left.\n|inactive|Zakmancho has 30 seconds left.\n|\n|t:|1739390498\n|move|p2a: Flutter Mane|Protect|p2a: Flutter Mane\n|-singleturn|p2a: Flutter Mane|Protect\n|move|p2b: Whimsicott|Tailwind|p2b: Whimsicott\n|-sidestart|p2: Zakmancho|move: Tailwind\n|move|p1b: Whimsicott|Tailwind|p1b: Whimsicott\n|-sidestart|p1: zonavideovigilada|move: Tailwind\n|move|p1a: Miraidon|Electro Drift|p2a: Flutter Mane\n|-activate|p2a: Flutter Mane|move: Protect\n|\n|upkeep\n|turn|3\n|j| Lukaa872\n|\n|t:|1739390514\n|move|p2b: Whimsicott|Encore|p1b: Whimsicott\n|-start|p1b: Whimsicott|Encore\n|move|p1b: Whimsicott|Tailwind||[still]\n|-fail|p1b: Whimsicott\n|move|p2a: Flutter Mane|Moonblast|p1a: Miraidon\n|-damage|p1a: Miraidon|26\/100\n|move|p1a: Miraidon|Electro Drift|p2a: Flutter Mane\n|-damage|p2a: Flutter Mane|0 fnt\n|faint|p2a: Flutter Mane\n|-end|p2a: Flutter Mane|Protosynthesis|[silent]\n|\n|upkeep\n|\n|t:|1739390531\n|switch|p2a: Chi-Yu|Chi-Yu, L50|100\/100\n|-ability|p2a: Chi-Yu|Beads of Ruin\n|turn|4\n|\n|t:|1739390547\n|switch|p1b: Iron Hands|Iron Hands, L50|100\/100\n|-enditem|p1b: Iron Hands|Electric Seed\n|-boost|p1b: Iron Hands|def|1|[from] item: Electric Seed\n|-activate|p1b: Iron Hands|ability: Quark Drive\n|-start|p1b: Iron Hands|quarkdriveatk\n|move|p2a: Chi-Yu|Heat Wave|p1a: Miraidon|[spread] p1a\n|-miss|p2a: Chi-Yu|p1b: Iron Hands\n|-damage|p1a: Miraidon|0 fnt\n|faint|p1a: Miraidon\n|move|p2b: Whimsicott|Moonblast|p1b: Iron Hands\n|-supereffective|p1b: Iron Hands\n|-damage|p1b: Iron Hands|50\/100\n|\n|upkeep\n|\n|t:|1739390560\n|switch|p1a: Iron Leaves|Iron Leaves, L50|100\/100\n|-activate|p1a: Iron Leaves|ability: Quark Drive\n|-start|p1a: Iron Leaves|quarkdrivespe\n|turn|5\n|\n|t:|1739390578\n|-terastallize|p2a: Chi-Yu|Ghost\n|move|p1a: Iron Leaves|Psyblade|p2b: Whimsicott\n|-enditem|p2b: Whimsicott|Focus Sash\n|-damage|p2b: Whimsicott|1\/100\n|-damage|p1a: Iron Leaves|91\/100|[from] item: Life Orb\n|move|p2a: Chi-Yu|Heat Wave|p1a: Iron Leaves|[spread] p1a\n|-miss|p2a: Chi-Yu|p1b: Iron Hands\n|-supereffective|p1a: Iron Leaves\n|-damage|p1a: Iron Leaves|26\/100\n|move|p2b: Whimsicott|Moonblast|p1b: Iron Hands\n|-supereffective|p1b: Iron Hands\n|-damage|p1b: Iron Hands|1\/100\n|-unboost|p1b: Iron Hands|spa|1\n|move|p1b: Iron Hands|Drain Punch|p2a: Chi-Yu\n|-immune|p2a: Chi-Yu\n|\n|-sideend|p1: zonavideovigilada|move: Light Screen\n|-sideend|p2: Zakmancho|move: Tailwind\n|-sideend|p1: zonavideovigilada|move: Tailwind\n|-fieldend|move: Electric Terrain\n|-end|p1a: Iron Leaves|Quark Drive\n|-end|p1b: Iron Hands|Quark Drive\n|upkeep\n|turn|6\n|-message|zonavideovigilada forfeited.\n|\n|win|Zakmancho\n|raw|zonavideovigilada's rating: 1621 &rarr; <strong>1598<\/strong><br \/>(-23 for losing)\n|raw|Zakmancho's rating: 1572 &rarr; <strong>1595<\/strong><br \/>(+23 for winning)\n|l|\u2606zonavideovigilada\n|player|p1|\n|l| kiabu233\n|l|\u2606Zakmancho\n|player|p2|\n|l| Lukaa872\n","uploadtime":1739390872,"views":5,"formatid":"gen9vgc2025regg","rating":1595,"private":0,"password":null}