{"id":"gen9vgc2025regg-2299160462","format":"[Gen 9] VGC 2025 Reg G","players":["bieiup","dave savez"],"log":"|j|\u2606bieiup\n|j|\u2606dave savez\n|t:|1739339491\n|gametype|doubles\n|player|p1|bieiup|lillie-z|1580\n|player|p2|dave savez|102|1571\n|teamsize|p1|6\n|teamsize|p2|6\n|gen|9\n|tier|[Gen 9] VGC 2025 Reg G\n|rated|\n|rule|Species Clause: Limit one of each Pok\u00e9mon\n|rule|Item Clause: Limit 1 of each item\n|clearpoke\n|poke|p1|Raging Bolt, L50|\n|poke|p1|Miraidon, L50|\n|poke|p1|Chi-Yu, L50|\n|poke|p1|Torkoal, L50, M|\n|poke|p1|Farigiraf, L50, F|\n|poke|p1|Ursaluna, L50, M|\n|poke|p2|Zamazenta-*, L50|\n|poke|p2|Chien-Pao, L50|\n|poke|p2|Raging Bolt, L50|\n|poke|p2|Pelipper, L50, F|\n|poke|p2|Amoonguss, L50, M|\n|poke|p2|Flutter Mane, L50|\n|teampreview|4\n|inactive|Battle timer is ON: inactive players will automatically lose when time's up. (requested by dave savez)\n|inactive|dave savez has 60 seconds left.\n|inactive|dave savez has 30 seconds left.\n|inactive|dave savez has 20 seconds left.\n|inactive|dave savez has 15 seconds left.\n|inactive|dave savez has 10 seconds left.\n|\n|t:|1739339573\n|start\n|switch|p1a: Raging Bolt|Raging Bolt, L50|100\/100\n|switch|p1b: Miraidon|Miraidon, L50|100\/100\n|switch|p2a: Flutter Mane|Flutter Mane, L50|100\/100\n|switch|p2b: Zamazenta|Zamazenta-Crowned, L50|100\/100\n|-fieldstart|move: Electric Terrain|[from] ability: Hadron Engine|[of] p1b: Miraidon\n|-ability|p2b: Zamazenta|Dauntless Shield|boost\n|-boost|p2b: Zamazenta|def|1\n|-enditem|p2a: Flutter Mane|Booster Energy\n|-activate|p2a: Flutter Mane|ability: Protosynthesis|[fromitem]\n|-start|p2a: Flutter Mane|protosynthesisspe\n|turn|1\n|inactive|dave savez has 30 seconds left.\n|inactive|dave savez has 20 seconds left.\n|inactive|dave savez has 15 seconds left.\n|\n|t:|1739339617\n|-terastallize|p1a: Raging Bolt|Electric\n|move|p1a: Raging Bolt|Thunderclap|p2a: Flutter Mane\n|-damage|p2a: Flutter Mane|25\/100\n|-damage|p1a: Raging Bolt|91\/100|[from] item: Life Orb\n|move|p2a: Flutter Mane|Moonblast|p1a: Raging Bolt\n|-damage|p1a: Raging Bolt|51\/100\n|-unboost|p1a: Raging Bolt|spa|1\n|move|p1b: Miraidon|Volt Switch|p2b: Zamazenta\n|-damage|p2b: Zamazenta|24\/100\n|\n|t:|1739339632\n|switch|p1b: Torkoal|Torkoal, L50, M|100\/100|[from] Volt Switch\n|-weather|SunnyDay|[from] ability: Drought|[of] p1b: Torkoal\n|-activate|p1a: Raging Bolt|ability: Protosynthesis\n|-start|p1a: Raging Bolt|protosynthesisspa\n|-item|p1b: Torkoal|Air Balloon\n|move|p2b: Zamazenta|Body Press|p1a: Raging Bolt\n|-damage|p1a: Raging Bolt|0 fnt\n|faint|p1a: Raging Bolt\n|-end|p1a: Raging Bolt|Protosynthesis|[silent]\n|\n|-weather|SunnyDay|[upkeep]\n|upkeep\n|j| continuethesaga\n|\n|t:|1739339640\n|switch|p1a: Chi-Yu|Chi-Yu, L50|100\/100\n|-ability|p1a: Chi-Yu|Beads of Ruin\n|turn|2\n|\n|t:|1739339660\n|move|p2b: Zamazenta|Protect|p2b: Zamazenta\n|-singleturn|p2b: Zamazenta|Protect\n|move|p2a: Flutter Mane|Thunder Wave|p1a: Chi-Yu\n|-status|p1a: Chi-Yu|par\n|move|p1a: Chi-Yu|Dark Pulse|p2b: Zamazenta\n|-activate|p2b: Zamazenta|move: Protect\n|move|p1b: Torkoal|Overheat|p2a: Flutter Mane\n|-damage|p2a: Flutter Mane|0 fnt\n|-unboost|p1b: Torkoal|spa|2\n|faint|p2a: Flutter Mane\n|-end|p2a: Flutter Mane|Protosynthesis|[silent]\n|\n|-weather|SunnyDay|[upkeep]\n|upkeep\n|\n|t:|1739339672\n|switch|p2a: Pelipper|Pelipper, L50, F, shiny|100\/100\n|-weather|RainDance|[from] ability: Drizzle|[of] p2a: Pelipper\n|turn|3\n|inactive|dave savez has 30 seconds left.\n|inactive|dave savez has 20 seconds left.\n|inactive|dave savez has 15 seconds left.\n|l| continuethesaga\n|inactive|dave savez has 10 seconds left.\n|inactive|dave savez has 5 seconds left.\n|\n|t:|1739339724\n|switch|p2a: Chien-Pao|Chien-Pao, L50|100\/100\n|-ability|p2a: Chien-Pao|Sword of Ruin\n|switch|p1b: Miraidon|Miraidon, L50|100\/100\n|-activate|p1b: Miraidon|ability: Hadron Engine\n|move|p2b: Zamazenta|Body Press|p1a: Chi-Yu\n|-supereffective|p1a: Chi-Yu\n|-damage|p1a: Chi-Yu|0 fnt\n|faint|p1a: Chi-Yu\n|\n|-weather|RainDance|[upkeep]\n|upkeep\n|\n|t:|1739339727\n|switch|p1a: Torkoal|Torkoal, L50, M|100\/100\n|-weather|SunnyDay|[from] ability: Drought|[of] p1a: Torkoal\n|-item|p1a: Torkoal|Air Balloon\n|turn|4\n|inactive|dave savez has 30 seconds left.\n|j| continuethesaga\n|inactive|dave savez has 20 seconds left.\n|\n|t:|1739339767\n|move|p2a: Chien-Pao|Protect|p2a: Chien-Pao\n|-singleturn|p2a: Chien-Pao|Protect\n|move|p1b: Miraidon|Dazzling Gleam|p2b: Zamazenta|[spread] p2b\n|-activate|p2a: Chien-Pao|move: Protect\n|-crit|p2b: Zamazenta\n|-damage|p2b: Zamazenta|0 fnt\n|faint|p2b: Zamazenta\n|move|p1a: Torkoal|Overheat|p2a: Chien-Pao\n|-activate|p2a: Chien-Pao|move: Protect\n|\n|-weather|SunnyDay|[upkeep]\n|upkeep\n|j| mr pogostick\n|\n|t:|1739339776\n|switch|p2b: Pelipper|Pelipper, L50, F, shiny|100\/100\n|-weather|RainDance|[from] ability: Drizzle|[of] p2b: Pelipper\n|turn|5\n|inactive|dave savez has 30 seconds left.\n|\n|t:|1739339805\n|move|p1b: Miraidon|Dazzling Gleam|p2b: Pelipper|[spread] p2a,p2b\n|-supereffective|p2a: Chien-Pao\n|-enditem|p2a: Chien-Pao|Focus Sash\n|-damage|p2a: Chien-Pao|1\/100\n|-damage|p2b: Pelipper|45\/100\n|move|p2a: Chien-Pao|Ice Spinner|p1b: Miraidon\n|-supereffective|p1b: Miraidon\n|-damage|p1b: Miraidon|0 fnt\n|-fieldend|move: Electric Terrain\n|faint|p1b: Miraidon\n|move|p2b: Pelipper|Weather Ball|p1a: Torkoal\n|-supereffective|p1a: Torkoal\n|-damage|p1a: Torkoal|0 fnt\n|-enditem|p1a: Torkoal|Air Balloon\n|faint|p1a: Torkoal\n|\n|win|dave savez\n|raw|bieiup's rating: 1580 &rarr; <strong>1559<\/strong><br \/>(-21 for losing)\n|raw|dave savez's rating: 1571 &rarr; <strong>1592<\/strong><br \/>(+21 for winning)\n|l|\u2606bieiup\n|player|p1|\n|c|\u2606dave savez|gg\n|l|\u2606dave savez\n|player|p2|\n|l| mr pogostick\n","uploadtime":1739339985,"views":17,"formatid":"gen9vgc2025regg","rating":1559,"private":0,"password":null}