{"id":"gen9vgc2025regg-2299595653","format":"[Gen 9] VGC 2025 Reg G","players":["Jameson Murray","pokequimico"],"log":"|j|\u2606Jameson Murray\n|j|\u2606pokequimico\n|t:|1739394612\n|gametype|doubles\n|player|p1|Jameson Murray|elesa|1571\n|player|p2|pokequimico|lucas|1623\n|teamsize|p1|6\n|teamsize|p2|6\n|gen|9\n|tier|[Gen 9] VGC 2025 Reg G\n|rated|\n|rule|Species Clause: Limit one of each Pok\u00e9mon\n|rule|Item Clause: Limit 1 of each item\n|clearpoke\n|poke|p1|Groudon, L50|\n|poke|p1|Flutter Mane, L50|\n|poke|p1|Jumpluff, L50, F|\n|poke|p1|Mienshao, L50, F|\n|poke|p1|Raging Bolt, L50|\n|poke|p1|Gouging Fire, L50|\n|poke|p2|Terapagos, L50, M|\n|poke|p2|Ogerpon-Hearthflame, L50, F|\n|poke|p2|Smeargle, L50, F|\n|poke|p2|Tornadus, L50, M|\n|poke|p2|Landorus, L50, M|\n|poke|p2|Raichu, L50, M|\n|teampreview|4\n|inactive|Battle timer is ON: inactive players will automatically lose when time's up. (requested by pokequimico)\n|inactive|Jameson Murray has 60 seconds left.\n|\n|t:|1739394665\n|start\n|switch|p1a: Flutter Mane|Flutter Mane, L50, shiny|100\/100\n|switch|p1b: Mienshao|Mienshao, L50, F, shiny|100\/100\n|switch|p2a: Ogerpon|Ogerpon-Hearthflame, L50, F|100\/100\n|switch|p2b: Terapagos|Terapagos, L50, M|100\/100\n|-activate|p2b: Terapagos|ability: Tera Shift\n|detailschange|p2b: Terapagos|Terapagos-Terastal, L50, M\n|-heal|p2b: Terapagos|100\/100|[silent]\n|-ability|p2a: Ogerpon|Mold Breaker\n|turn|1\n|inactive|pokequimico has 30 seconds left.\n|\n|t:|1739394692\n|switch|p1b: Raging Bolt|Raging Bolt, L50|100\/100\n|switch|p2b: Tornadus|Tornadus, L50, M|100\/100\n|move|p1a: Flutter Mane|Icy Wind|p2b: Tornadus|[spread] p2a,p2b\n|-supereffective|p2b: Tornadus\n|-damage|p2a: Ogerpon|83\/100\n|-damage|p2b: Tornadus|61\/100\n|-unboost|p2a: Ogerpon|spe|1\n|-unboost|p2b: Tornadus|spe|1\n|-damage|p1a: Flutter Mane|91\/100|[from] item: Life Orb\n|move|p2a: Ogerpon|Ivy Cudgel|p1a: Flutter Mane|[anim] Ivy Cudgel Fire\n|-damage|p1a: Flutter Mane|0 fnt\n|faint|p1a: Flutter Mane\n|-end|p1a: Flutter Mane|Protosynthesis|[silent]\n|\n|upkeep\n|\n|t:|1739394707\n|switch|p1a: Groudon|Groudon, L50|100\/100\n|-weather|SunnyDay|[from] ability: Drought|[of] p1a: Groudon\n|-activate|p1b: Raging Bolt|ability: Protosynthesis\n|-start|p1b: Raging Bolt|protosynthesisspa\n|turn|2\n|\n|t:|1739394717\n|move|p1a: Groudon|Protect|p1a: Groudon\n|-singleturn|p1a: Groudon|Protect\n|move|p2a: Ogerpon|Follow Me|p2a: Ogerpon\n|-singleturn|p2a: Ogerpon|move: Follow Me\n|move|p2b: Tornadus|Tailwind|p2b: Tornadus\n|-sidestart|p2: pokequimico|move: Tailwind\n|move|p1b: Raging Bolt|Thunderbolt|p2a: Ogerpon\n|-resisted|p2a: Ogerpon\n|-damage|p2a: Ogerpon|50\/100\n|\n|-weather|SunnyDay|[upkeep]\n|upkeep\n|turn|3\n|\n|t:|1739394738\n|move|p2b: Tornadus|Protect|p2b: Tornadus\n|-singleturn|p2b: Tornadus|Protect\n|move|p2a: Ogerpon|Wood Hammer|p1a: Groudon\n|-supereffective|p1a: Groudon\n|-damage|p1a: Groudon|16\/100\n|-damage|p2a: Ogerpon|19\/100|[from] Recoil\n|move|p1a: Groudon|Precipice Blades|p2b: Tornadus|[spread] p2a\n|-activate|p2b: Tornadus|move: Protect\n|-damage|p2a: Ogerpon|0 fnt\n|faint|p2a: Ogerpon\n|move|p1b: Raging Bolt|Dragon Pulse|p2b: Tornadus\n|-activate|p2b: Tornadus|move: Protect\n|\n|-weather|SunnyDay|[upkeep]\n|upkeep\n|\n|t:|1739394757\n|switch|p2a: Terapagos|Terapagos-Terastal, L50, M|100\/100\n|turn|4\n|\n|t:|1739394772\n|switch|p2b: Smeargle|Smeargle, L50, F|100\/100\n|move|p1b: Raging Bolt|Thunderclap||[still]\n|-fail|p1b: Raging Bolt\n|move|p2a: Terapagos|Earth Power|p1b: Raging Bolt\n|-supereffective|p1b: Raging Bolt\n|-damage|p1b: Raging Bolt|53\/100\n|move|p1a: Groudon|Precipice Blades|p2a: Terapagos|[spread] p2a,p2b\n|-activate|p2a: Terapagos|ability: Tera Shell\n|-resisted|p2a: Terapagos\n|-crit|p2a: Terapagos\n|-damage|p2a: Terapagos|67\/100\n|-enditem|p2b: Smeargle|Focus Sash\n|-damage|p2b: Smeargle|1\/100\n|\n|-weather|SunnyDay|[upkeep]\n|-ability|p2b: Smeargle|Moody|boost\n|-boost|p2b: Smeargle|atk|2\n|-unboost|p2b: Smeargle|spe|1\n|upkeep\n|turn|5\n|inactive|Jameson Murray has 30 seconds left.\n|inactive|pokequimico has 30 seconds left.\n|\n|t:|1739394800\n|move|p1a: Groudon|Protect|p1a: Groudon\n|-singleturn|p1a: Groudon|Protect\n|move|p1b: Raging Bolt|Thunderclap|p2a: Terapagos\n|-damage|p2a: Terapagos|21\/100\n|move|p2a: Terapagos|Earth Power|p1b: Raging Bolt\n|-supereffective|p1b: Raging Bolt\n|-damage|p1b: Raging Bolt|3\/100\n|move|p2b: Smeargle|Decorate|p2a: Terapagos\n|-boost|p2a: Terapagos|atk|2\n|-boost|p2a: Terapagos|spa|2\n|\n|-weather|SunnyDay|[upkeep]\n|-sideend|p2: pokequimico|move: Tailwind\n|-ability|p2b: Smeargle|Moody|boost\n|-boost|p2b: Smeargle|spa|2\n|-unboost|p2b: Smeargle|spd|1\n|upkeep\n|turn|6\n|\n|t:|1739394817\n|move|p2b: Smeargle|Follow Me|p2b: Smeargle\n|-singleturn|p2b: Smeargle|move: Follow Me\n|move|p1b: Raging Bolt|Thunderclap||[still]\n|-fail|p1b: Raging Bolt\n|move|p2a: Terapagos|Earth Power|p1a: Groudon\n|-damage|p1a: Groudon|0 fnt\n|faint|p1a: Groudon\n|\n|-weather|none\n|-end|p1b: Raging Bolt|Protosynthesis\n|-ability|p2b: Smeargle|Moody|boost\n|-boost|p2b: Smeargle|spa|2\n|-unboost|p2b: Smeargle|spe|1\n|upkeep\n|\n|t:|1739394820\n|switch|p1a: Mienshao|Mienshao, L50, F, shiny|100\/100\n|turn|7\n|\n|t:|1739394838\n|switch|p2a: Tornadus|Tornadus, L50, M|61\/100\n|move|p1a: Mienshao|Fake Out|p2a: Tornadus\n|-damage|p2a: Tornadus|45\/100\n|-damage|p1a: Mienshao|84\/100|[from] item: Rocky Helmet|[of] p2a: Tornadus\n|move|p1b: Raging Bolt|Snarl|p2b: Smeargle|[spread] p2a,p2b\n|-damage|p2a: Tornadus|28\/100\n|-damage|p2b: Smeargle|0 fnt\n|-unboost|p2a: Tornadus|spa|1\n|faint|p2b: Smeargle\n|\n|upkeep\n|\n|t:|1739394847\n|switch|p2b: Terapagos|Terapagos-Terastal, L50, M|21\/100\n|turn|8\n|\n|t:|1739394867\n|-terastallize|p2b: Terapagos|Stellar\n|detailschange|p2b: Terapagos|Terapagos-Stellar, L50, M, tera:Stellar\n|-heal|p2b: Terapagos|42\/100|[silent]\n|move|p2a: Tornadus|Tailwind|p2a: Tornadus\n|-sidestart|p2: pokequimico|move: Tailwind\n|move|p2b: Terapagos|Tera Starstorm|p1a: Mienshao|[spread] p1a,p1b\n|-damage|p1a: Mienshao|0 fnt\n|-damage|p1b: Raging Bolt|0 fnt\n|faint|p1a: Mienshao\n|faint|p1b: Raging Bolt\n|-end|p1b: Raging Bolt|Protosynthesis|[silent]\n|\n|win|pokequimico\n|raw|Jameson Murray's rating: 1571 &rarr; <strong>1554<\/strong><br \/>(-17 for losing)\n|raw|pokequimico's rating: 1623 &rarr; <strong>1640<\/strong><br \/>(+17 for winning)\n|l|\u2606pokequimico\n|player|p2|\n","uploadtime":1739395108,"views":8,"formatid":"gen9vgc2025regg","rating":1554,"private":0,"password":null}