{"id":"gen9vgc2025regg-2299788274","format":"[Gen 9] VGC 2025 Reg G","players":["cilan123","sawawa256"],"log":"|j|\u2606cilan123\n|j|\u2606sawawa256\n|t:|1739418074\n|gametype|doubles\n|player|p1|cilan123|cilan|1590\n|player|p2|sawawa256|hilbert|1593\n|teamsize|p1|6\n|teamsize|p2|6\n|gen|9\n|tier|[Gen 9] VGC 2025 Reg G\n|rated|\n|rule|Species Clause: Limit one of each Pok\u00e9mon\n|rule|Item Clause: Limit 1 of each item\n|clearpoke\n|poke|p1|Groudon, L50|\n|poke|p1|Ogerpon-Cornerstone, L50, F|\n|poke|p1|Raging Bolt, L50|\n|poke|p1|Farigiraf, L50, M|\n|poke|p1|Walking Wake, L50|\n|poke|p1|Volcarona, L50, M|\n|poke|p2|Calyrex-Ice, L50|\n|poke|p2|Farigiraf, L50, M|\n|poke|p2|Ogerpon-Hearthflame, L50, F|\n|poke|p2|Torkoal, L50, F|\n|poke|p2|Urshifu-*, L50, F|\n|poke|p2|Raging Bolt, L50|\n|teampreview|4\n|inactive|Battle timer is ON: inactive players will automatically lose when time's up. (requested by sawawa256)\n|inactive|cilan123 has 60 seconds left.\n|\n|t:|1739418123\n|start\n|switch|p1a: Walking Wake|Walking Wake, L50|100\/100\n|switch|p1b: Volcarona|Volcarona, L50, M|100\/100\n|switch|p2a: Calyrex|Calyrex-Ice, L50|100\/100\n|switch|p2b: Ogerpon|Ogerpon-Hearthflame, L50, F|100\/100\n|-ability|p2a: Calyrex|As One\n|-ability|p2a: Calyrex|Unnerve\n|-ability|p2b: Ogerpon|Mold Breaker\n|turn|1\n|inactive|sawawa256 has 30 seconds left.\n|\n|t:|1739418154\n|-terastallize|p2a: Calyrex|Fairy\n|move|p1a: Walking Wake|Hydro Steam|p2a: Calyrex\n|-damage|p2a: Calyrex|63\/100\n|move|p2b: Ogerpon|Ivy Cudgel|p1b: Volcarona|[anim] Ivy Cudgel Fire\n|-damage|p1b: Volcarona|25\/100\n|move|p1b: Volcarona|Heat Wave|p2b: Ogerpon|[spread] p2a,p2b\n|-crit|p2b: Ogerpon\n|-damage|p2a: Calyrex|43\/100\n|-damage|p2b: Ogerpon|52\/100\n|move|p2a: Calyrex|Trick Room|p2a: Calyrex\n|-fieldstart|move: Trick Room|[of] p2a: Calyrex\n|\n|upkeep\n|turn|2\n|inactive|cilan123 has 30 seconds left.\n|inactive|cilan123 has 20 seconds left.\n|inactive|cilan123 has 15 seconds left.\n|inactive|cilan123 has 10 seconds left.\n|\n|t:|1739418200\n|move|p2a: Calyrex|Glacial Lance|p1b: Volcarona|[spread] p1a,p1b\n|-resisted|p1b: Volcarona\n|-damage|p1a: Walking Wake|36\/100\n|-damage|p1b: Volcarona|0 fnt\n|faint|p1b: Volcarona\n|-ability|p2a: Calyrex|Chilling Neigh|boost\n|-boost|p2a: Calyrex|atk|1\n|move|p2b: Ogerpon|Power Whip|p1a: Walking Wake\n|-damage|p1a: Walking Wake|0 fnt\n|faint|p1a: Walking Wake\n|-end|p1a: Walking Wake|Protosynthesis|[silent]\n|\n|upkeep\n|\n|t:|1739418211\n|switch|p1b: Raging Bolt|Raging Bolt, L50|100\/100\n|switch|p1a: saquon|Groudon, L50|100\/100\n|-weather|SunnyDay|[from] ability: Drought|[of] p1a: saquon\n|-activate|p1b: Raging Bolt|ability: Protosynthesis\n|-start|p1b: Raging Bolt|protosynthesisspa\n|turn|3\n|\n|t:|1739418222\n|-terastallize|p1a: saquon|Fire\n|move|p2b: Ogerpon|Follow Me|p2b: Ogerpon\n|-singleturn|p2b: Ogerpon|move: Follow Me\n|move|p1b: Raging Bolt|Thunderclap||[still]\n|-fail|p1b: Raging Bolt\n|move|p2a: Calyrex|Glacial Lance|p1b: Raging Bolt|[spread] p1a,p1b\n|-resisted|p1a: saquon\n|-supereffective|p1b: Raging Bolt\n|-damage|p1a: saquon|66\/100\n|-damage|p1b: Raging Bolt|0 fnt\n|faint|p1b: Raging Bolt\n|-end|p1b: Raging Bolt|Protosynthesis|[silent]\n|-ability|p2a: Calyrex|Chilling Neigh|boost\n|-boost|p2a: Calyrex|atk|1\n|move|p1a: saquon|Precipice Blades|p2a: Calyrex|[spread] p2a,p2b\n|-damage|p2a: Calyrex|6\/100\n|-damage|p2b: Ogerpon|4\/100\n|\n|-weather|SunnyDay|[upkeep]\n|upkeep\n|turn|4\n|\n|t:|1739418241\n|move|p2a: Calyrex|Glacial Lance|p1a: saquon\n|-resisted|p1a: saquon\n|-damage|p1a: saquon|9\/100\n|move|p1a: saquon|Precipice Blades|p2a: Calyrex|[spread] p2a,p2b\n|-damage|p2a: Calyrex|0 fnt\n|-damage|p2b: Ogerpon|0 fnt\n|faint|p2a: Calyrex\n|faint|p2b: Ogerpon\n|\n|-weather|SunnyDay|[upkeep]\n|upkeep\n|\n|t:|1739418249\n|switch|p2a: Raging Bolt|Raging Bolt, L50|100\/100\n|switch|p2b: Torkoal|Torkoal, L50, F|100\/100\n|-activate|p2a: Raging Bolt|ability: Protosynthesis\n|-start|p2a: Raging Bolt|protosynthesisspa\n|turn|5\n|\n|t:|1739418259\n|move|p2a: Raging Bolt|Thunderclap|p1a: saquon\n|-damage|p1a: saquon|0 fnt\n|faint|p1a: saquon\n|\n|win|sawawa256\n|raw|cilan123's rating: 1590 &rarr; <strong>1570<\/strong><br \/>(-20 for losing)\n|raw|sawawa256's rating: 1593 &rarr; <strong>1613<\/strong><br \/>(+20 for winning)\n|l|\u2606cilan123\n|player|p1|\n|l|\u2606sawawa256\n|player|p2|\n","uploadtime":1739418447,"views":8,"formatid":"gen9vgc2025regg","rating":1570,"private":0,"password":null}