{"id":"gen9vgc2025regg-2299857224","format":"[Gen 9] VGC 2025 Reg G","players":["burbnator10000","Gavinci"],"log":"|j|\u2606burbnator10000\n|j|\u2606Gavinci\n|t:|1739429941\n|gametype|doubles\n|player|p1|burbnator10000|nancy|1582\n|player|p2|Gavinci|cynthia|1550\n|teamsize|p1|6\n|teamsize|p2|6\n|gen|9\n|tier|[Gen 9] VGC 2025 Reg G\n|rated|\n|rule|Species Clause: Limit one of each Pok\u00e9mon\n|rule|Item Clause: Limit 1 of each item\n|clearpoke\n|poke|p1|Palkia, L50|\n|poke|p1|Urshifu-*, L50, F|\n|poke|p1|Pelipper, L50, M|\n|poke|p1|Tsareena, L50, F|\n|poke|p1|Ursaluna, L50, F|\n|poke|p1|Toxicroak, L50, F|\n|poke|p2|Zacian-*, L50|\n|poke|p2|Weezing, L50, F|\n|poke|p2|Regigigas, L50|\n|poke|p2|Tornadus, L50, M|\n|poke|p2|Chien-Pao, L50|\n|poke|p2|Ogerpon-Wellspring, L50, F|\n|teampreview|4\n|inactive|Battle timer is ON: inactive players will automatically lose when time's up. (requested by Gavinci)\n|inactive|burbnator10000 also wants the timer to be on.\n|j| Lord Licorice\n|inactive|burbnator10000 has 60 seconds left.\n|\n|t:|1739429991\n|start\n|switch|p1a: Palkia|Palkia, L50|100\/100\n|switch|p1b: Ursaluna|Ursaluna, L50, F|100\/100\n|switch|p2a: Weezing|Weezing, L50, F|100\/100\n|switch|p2b: Regigigas|Regigigas, L50|100\/100\n|-ability|p2a: Weezing|Neutralizing Gas\n|turn|1\n|\n|t:|1739430010\n|move|p2a: Weezing|Protect|p2a: Weezing\n|-singleturn|p2a: Weezing|Protect\n|move|p2b: Regigigas|Crush Grip|p1a: Palkia\n|-damage|p1a: Palkia|11\/100\n|-damage|p2b: Regigigas|91\/100|[from] item: Life Orb\n|move|p1b: Ursaluna|Headlong Rush|p2a: Weezing\n|-activate|p2a: Weezing|move: Protect\n|move|p1a: Palkia|Trick Room|p1a: Palkia\n|-fieldstart|move: Trick Room|[of] p1a: Palkia\n|\n|-status|p1b: Ursaluna|brn|[from] item: Flame Orb\n|upkeep\n|turn|2\n|\n|t:|1739430031\n|-terastallize|p2a: Weezing|Dark\n|move|p1b: Ursaluna|Headlong Rush|p2a: Weezing\n|-damage|p2a: Weezing|67\/100\n|-unboost|p1b: Ursaluna|def|1\n|-unboost|p1b: Ursaluna|spd|1\n|move|p2a: Weezing|Sludge Bomb|p1a: Palkia\n|-damage|p1a: Palkia|0 fnt\n|faint|p1a: Palkia\n|move|p2b: Regigigas|Crush Grip|p1b: Ursaluna\n|-damage|p1b: Ursaluna|0 fnt\n|faint|p1b: Ursaluna\n|-damage|p2b: Regigigas|81\/100|[from] item: Life Orb\n|\n|upkeep\n|\n|t:|1739430037\n|switch|p1b: Toxicroak|Toxicroak, L50, F|100\/100\n|switch|p1a: Urshifu|Urshifu-Rapid-Strike, L50, F|100\/100\n|turn|3\n|\n|t:|1739430059\n|-terastallize|p1a: Urshifu|Water\n|move|p2b: Regigigas|Protect|p2b: Regigigas\n|-singleturn|p2b: Regigigas|Protect\n|move|p1a: Urshifu|Surging Strikes|p2b: Regigigas\n|-activate|p2b: Regigigas|move: Protect\n|move|p2a: Weezing|Will-O-Wisp|p1a: Urshifu\n|-status|p1a: Urshifu|brn\n|move|p1b: Toxicroak|Close Combat|p2a: Weezing\n|-supereffective|p2a: Weezing\n|-damage|p2a: Weezing|0 fnt\n|-unboost|p1b: Toxicroak|def|1\n|-unboost|p1b: Toxicroak|spd|1\n|faint|p2a: Weezing\n|-end|p2a: Weezing|ability: Neutralizing Gas\n|-start|p2b: Regigigas|ability: Slow Start\n|\n|-damage|p1a: Urshifu|95\/100 brn|[from] brn\n|upkeep\n|\n|t:|1739430082\n|switch|p2a: Zacian|Zacian-Crowned, L50|100\/100\n|-ability|p2a: Zacian|Intrepid Sword|boost\n|-boost|p2a: Zacian|atk|1\n|turn|4\n|l| Lord Licorice\n|\n|t:|1739430100\n|-end|p2b: Regigigas|Slow Start|[silent]\n|switch|p2b: Ogerpon|Ogerpon-Wellspring, L50, F|100\/100\n|move|p1a: Urshifu|Surging Strikes|p2a: Zacian\n|-crit|p2a: Zacian\n|-damage|p2a: Zacian|87\/100\n|-crit|p2a: Zacian\n|-damage|p2a: Zacian|74\/100\n|-crit|p2a: Zacian\n|-damage|p2a: Zacian|60\/100\n|-hitcount|p2a: Zacian|3\n|move|p1b: Toxicroak|Close Combat|p2a: Zacian\n|-damage|p2a: Zacian|4\/100\n|-unboost|p1b: Toxicroak|def|1\n|-unboost|p1b: Toxicroak|spd|1\n|move|p2a: Zacian|Behemoth Blade|p1b: Toxicroak\n|-damage|p1b: Toxicroak|0 fnt\n|faint|p1b: Toxicroak\n|\n|-damage|p1a: Urshifu|89\/100 brn|[from] brn\n|upkeep\n|turn|5\n|j| Jasper2452\n|-message|burbnator10000 forfeited.\n|\n|win|Gavinci\n|raw|burbnator10000's rating: 1582 &rarr; <strong>1560<\/strong><br \/>(-22 for losing)\n|raw|Gavinci's rating: 1550 &rarr; <strong>1572<\/strong><br \/>(+22 for winning)\n|l|\u2606burbnator10000\n|player|p1|\n|l| Jasper2452\n|l|\u2606Gavinci\n|player|p2|\n","uploadtime":1739430331,"views":9,"formatid":"gen9vgc2025regg","rating":1560,"private":0,"password":null}