{"id":"gen9vgc2025regg-2299514956","format":"[Gen 9] VGC 2025 Reg G","players":["Diestoise","Kunikamaze"],"log":"|j|\u2606Diestoise\n|j|\u2606Kunikamaze\n|t:|1739386598\n|gametype|doubles\n|player|p1|Diestoise|blue|1591\n|player|p2|Kunikamaze|1|1653\n|teamsize|p1|6\n|teamsize|p2|6\n|gen|9\n|tier|[Gen 9] VGC 2025 Reg G\n|rated|\n|rule|Species Clause: Limit one of each Pok\u00e9mon\n|rule|Item Clause: Limit 1 of each item\n|clearpoke\n|poke|p1|Koraidon, L50|\n|poke|p1|Raging Bolt, L50|\n|poke|p1|Entei, L50|\n|poke|p1|Flutter Mane, L50|\n|poke|p1|Venusaur, L50, M|\n|poke|p1|Ditto, L50|\n|poke|p2|Calyrex-Shadow, L50|\n|poke|p2|Maushold-Four, L50|\n|poke|p2|Weezing-Galar, L50, M|\n|poke|p2|Dondozo, L50, F|\n|poke|p2|Tatsugiri, L50, F|\n|poke|p2|Mienshao, L50, F|\n|teampreview|4\n|\n|t:|1739386625\n|start\n|switch|p1a: Entei|Entei, L50|100\/100\n|switch|p1b: Flutter Mane|Flutter Mane, L50, shiny|100\/100\n|switch|p2a: Weezing|Weezing-Galar, L50, M|100\/100\n|switch|p2b: Calyrex|Calyrex-Shadow, L50|100\/100\n|-ability|p2a: Weezing|Neutralizing Gas\n|-ability|p2b: Calyrex|As One\n|-ability|p2b: Calyrex|Unnerve\n|turn|1\n|\n|t:|1739386659\n|-terastallize|p2b: Calyrex|Ghost\n|move|p1b: Flutter Mane|Protect|p1b: Flutter Mane\n|-singleturn|p1b: Flutter Mane|Protect\n|move|p2b: Calyrex|Astral Barrage|p1b: Flutter Mane|[spread] p1a\n|-activate|p1b: Flutter Mane|move: Protect\n|-damage|p1a: Entei|31\/100\n|move|p1a: Entei|Sacred Fire|p2a: Weezing\n|-damage|p2a: Weezing|55\/100\n|move|p2a: Weezing|Strange Steam|p1a: Entei\n|-resisted|p1a: Entei\n|-damage|p1a: Entei|21\/100\n|\n|upkeep\n|turn|2\n|\n|t:|1739386686\n|-terastallize|p1a: Entei|Normal\n|move|p2b: Calyrex|Astral Barrage|p1b: Flutter Mane|[spread] p1b\n|-immune|p1a: Entei\n|-supereffective|p1b: Flutter Mane\n|-enditem|p1b: Flutter Mane|Focus Sash\n|-damage|p1b: Flutter Mane|1\/100\n|move|p1b: Flutter Mane|Icy Wind|p2b: Calyrex|[spread] p2a,p2b\n|-damage|p2a: Weezing|41\/100\n|-damage|p2b: Calyrex|87\/100\n|-unboost|p2b: Calyrex|spe|1\n|move|p1a: Entei|Sacred Fire|p2b: Calyrex\n|-damage|p2b: Calyrex|22\/100\n|move|p2a: Weezing|Strange Steam|p1b: Flutter Mane\n|-damage|p1b: Flutter Mane|0 fnt\n|faint|p1b: Flutter Mane\n|-end|p1b: Flutter Mane|Protosynthesis|[silent]\n|\n|upkeep\n|\n|t:|1739386708\n|switch|p1b: Koraidon|Koraidon, L50|100\/100\n|turn|3\n|\n|t:|1739386720\n|switch|p2b: Tatsugiri|Tatsugiri, L50, F|100\/100\n|-end|p2a: Weezing|ability: Neutralizing Gas\n|-weather|SunnyDay|[from] ability: Orichalcum Pulse|[of] p1b: Koraidon\n|-activate|p1b: Koraidon|Orichalcum Pulse|[source]\n|switch|p2a: Dondozo|Dondozo, L50, F|100\/100\n|-activate|p2b: Tatsugiri|ability: Commander|[of] p2a: Dondozo\n|-boost|p2a: Dondozo|atk|2\n|-boost|p2a: Dondozo|spa|2\n|-boost|p2a: Dondozo|spe|2\n|-boost|p2a: Dondozo|def|2\n|-boost|p2a: Dondozo|spd|2\n|move|p1b: Koraidon|Flare Blitz|p2b: Tatsugiri|[miss]\n|-miss|p1b: Koraidon|p2b: Tatsugiri\n|move|p1a: Entei|Sacred Fire|p2a: Dondozo\n|-resisted|p2a: Dondozo\n|-damage|p2a: Dondozo|88\/100\n|\n|-weather|SunnyDay|[upkeep]\n|-heal|p2a: Dondozo|94\/100|[from] item: Leftovers\n|upkeep\n|turn|4\n|\n|t:|1739386751\n|switch|p1a: Venusaur|Venusaur, L50, M, shiny|100\/100\n|move|p1b: Koraidon|Protect|p1b: Koraidon\n|-singleturn|p1b: Koraidon|Protect\n|move|p2a: Dondozo|Earthquake|p1b: Koraidon|[spread] p1a\n|-miss|p2a: Dondozo|p2b: Tatsugiri\n|-activate|p1b: Koraidon|move: Protect\n|-damage|p1a: Venusaur|58\/100\n|\n|-weather|SunnyDay|[upkeep]\n|-heal|p2a: Dondozo|99\/100|[from] item: Leftovers\n|upkeep\n|turn|5\n|\n|t:|1739386763\n|move|p2a: Dondozo|Protect|p2a: Dondozo\n|-singleturn|p2a: Dondozo|Protect\n|move|p1a: Venusaur|Sleep Powder|p2a: Dondozo\n|-activate|p2a: Dondozo|move: Protect\n|move|p1b: Koraidon|Collision Course|p2a: Dondozo\n|-activate|p2a: Dondozo|move: Protect\n|\n|-weather|SunnyDay|[upkeep]\n|-heal|p2a: Dondozo|100\/100|[from] item: Leftovers\n|upkeep\n|turn|6\n|\n|t:|1739386770\n|move|p1a: Venusaur|Sleep Powder|p2a: Dondozo\n|-status|p2a: Dondozo|slp|[from] move: Sleep Powder\n|move|p1b: Koraidon|Collision Course|p2a: Dondozo\n|-damage|p2a: Dondozo|77\/100 slp\n|cant|p2a: Dondozo|slp\n|\n|-weather|SunnyDay|[upkeep]\n|-heal|p2a: Dondozo|83\/100 slp|[from] item: Leftovers\n|upkeep\n|turn|7\n|inactive|Battle timer is ON: inactive players will automatically lose when time's up. (requested by Kunikamaze)\n|\n|t:|1739386780\n|move|p1a: Venusaur|Grass Knot|p2a: Dondozo\n|-supereffective|p2a: Dondozo\n|-damage|p2a: Dondozo|37\/100 slp\n|move|p1b: Koraidon|Collision Course|p2a: Dondozo\n|-damage|p2a: Dondozo|11\/100 slp\n|-curestatus|p2a: Dondozo|slp|[msg]\n|move|p2a: Dondozo|Earthquake|p1a: Venusaur|[spread] p1a,p1b\n|-miss|p2a: Dondozo|p2b: Tatsugiri\n|-crit|p1a: Venusaur\n|-damage|p1a: Venusaur|0 fnt\n|-damage|p1b: Koraidon|59\/100\n|faint|p1a: Venusaur\n|\n|-weather|none\n|-heal|p2a: Dondozo|17\/100|[from] item: Leftovers\n|upkeep\n|\n|t:|1739386788\n|switch|p1a: Entei|Entei, L50, tera:Normal|21\/100\n|turn|8\n|\n|t:|1739386802\n|move|p2a: Dondozo|Protect|p2a: Dondozo\n|-singleturn|p2a: Dondozo|Protect\n|move|p1a: Entei|Extreme Speed|p2a: Dondozo\n|-activate|p2a: Dondozo|move: Protect\n|move|p1b: Koraidon|Scale Shot|p2a: Dondozo\n|-activate|p2a: Dondozo|move: Protect\n|\n|-heal|p2a: Dondozo|23\/100|[from] item: Leftovers\n|upkeep\n|turn|9\n|\n|t:|1739386809\n|move|p1a: Entei|Extreme Speed|p2a: Dondozo\n|-damage|p2a: Dondozo|9\/100\n|move|p1b: Koraidon|Scale Shot|p2a: Dondozo\n|-damage|p2a: Dondozo|4\/100\n|-damage|p2a: Dondozo|0 fnt\n|faint|p2a: Dondozo\n|-hitcount|p2: Dondozo|2\n|-unboost|p1b: Koraidon|def|1\n|-boost|p1b: Koraidon|spe|1\n|\n|upkeep\n|\n|t:|1739386824\n|switch|p2a: Weezing|Weezing-Galar, L50, M|41\/100\n|-ability|p2a: Weezing|Neutralizing Gas\n|turn|10\n|\n|t:|1739386837\n|move|p1b: Koraidon|Scale Shot|p2b: Tatsugiri\n|-supereffective|p2b: Tatsugiri\n|-damage|p2b: Tatsugiri|73\/100\n|-supereffective|p2b: Tatsugiri\n|-damage|p2b: Tatsugiri|48\/100\n|-supereffective|p2b: Tatsugiri\n|-crit|p2b: Tatsugiri\n|-damage|p2b: Tatsugiri|6\/100\n|-supereffective|p2b: Tatsugiri\n|-damage|p2b: Tatsugiri|0 fnt\n|faint|p2b: Tatsugiri\n|-hitcount|p2: Tatsugiri|4\n|-unboost|p1b: Koraidon|def|1\n|-boost|p1b: Koraidon|spe|1\n|move|p1a: Entei|Sacred Fire|p2a: Weezing\n|-damage|p2a: Weezing|2\/100\n|move|p2a: Weezing|Strange Steam|p1b: Koraidon\n|-supereffective|p1b: Koraidon\n|-damage|p1b: Koraidon|0 fnt\n|faint|p1b: Koraidon\n|\n|upkeep\n|\n|t:|1739386841\n|switch|p2b: Calyrex|Calyrex-Shadow, L50, tera:Ghost|22\/100\n|-ability|p2b: Calyrex|As One\n|-ability|p2b: Calyrex|Unnerve\n|turn|11\n|\n|t:|1739386855\n|move|p1a: Entei|Extreme Speed|p2a: Weezing\n|-damage|p2a: Weezing|0 fnt\n|faint|p2a: Weezing\n|-end|p2a: Weezing|ability: Neutralizing Gas\n|move|p2b: Calyrex|Psychic|p1a: Entei\n|-damage|p1a: Entei|0 fnt\n|faint|p1a: Entei\n|\n|win|Kunikamaze\n|raw|Diestoise's rating: 1591 &rarr; <strong>1575<\/strong><br \/>(-16 for losing)\n|raw|Kunikamaze's rating: 1653 &rarr; <strong>1669<\/strong><br \/>(+16 for winning)\n|l|\u2606Diestoise\n|player|p1|\n|l|\u2606Kunikamaze\n|player|p2|\n","uploadtime":1739387098,"views":12,"formatid":"gen9vgc2025regg","rating":1575,"private":0,"password":null}