{"id":"gen9vgc2025regg-2299865591","format":"[Gen 9] VGC 2025 Reg G","players":["Gavinci","Estarossa_152"],"log":"|j|\u2606Gavinci\n|j|\u2606Estarossa_152\n|t:|1739431659\n|gametype|doubles\n|player|p1|Gavinci|cynthia|1615\n|player|p2|Estarossa_152|265|1701\n|teamsize|p1|6\n|teamsize|p2|6\n|gen|9\n|tier|[Gen 9] VGC 2025 Reg G\n|rated|\n|rule|Species Clause: Limit one of each Pok\u00e9mon\n|rule|Item Clause: Limit 1 of each item\n|clearpoke\n|poke|p1|Zacian-*, L50|\n|poke|p1|Weezing, L50, F|\n|poke|p1|Regigigas, L50|\n|poke|p1|Tornadus, L50, M|\n|poke|p1|Chien-Pao, L50|\n|poke|p1|Ogerpon-Wellspring, L50, F|\n|poke|p2|Zamazenta-*, L50|\n|poke|p2|Chien-Pao, L50|\n|poke|p2|Flutter Mane, L50|\n|poke|p2|Raging Bolt, L50|\n|poke|p2|Amoonguss, L50, M|\n|poke|p2|Urshifu-*, L50, M|\n|teampreview|4\n|inactive|Battle timer is ON: inactive players will automatically lose when time's up. (requested by Gavinci)\n|j| Oscar Norris\n|inactive|Gavinci has 60 seconds left.\n|inactive|Estarossa_152 has 60 seconds left.\n|inactive|Gavinci has 30 seconds left.\n|inactive|Estarossa_152 has 30 seconds left.\n|inactive|Estarossa_152 has 20 seconds left.\n|inactive|Estarossa_152 has 15 seconds left.\n|inactive|Gavinci has 20 seconds left.\n|inactive|Estarossa_152 has 10 seconds left.\n|inactive|Gavinci has 15 seconds left.\n|inactive|Estarossa_152 has 5 seconds left.\n|j| Scandic Hamar\n|inactive|Gavinci has 10 seconds left.\n|\n|t:|1739431754\n|start\n|switch|p1a: Weezing|Weezing, L50, F|100\/100\n|switch|p1b: Zacian|Zacian-Crowned, L50|100\/100\n|switch|p2a: Chien-Pao|Chien-Pao, L50|100\/100\n|switch|p2b: Zamazenta|Zamazenta-Crowned, L50, shiny|100\/100\n|-ability|p1a: Weezing|Neutralizing Gas\n|turn|1\n|inactive|Gavinci has 30 seconds left.\n|\n|t:|1739431780\n|move|p2a: Chien-Pao|Protect|p2a: Chien-Pao\n|-singleturn|p2a: Chien-Pao|Protect\n|move|p2b: Zamazenta|Protect|p2b: Zamazenta\n|-singleturn|p2b: Zamazenta|Protect\n|move|p1b: Zacian|Behemoth Blade|p2a: Chien-Pao\n|-activate|p2a: Chien-Pao|move: Protect\n|move|p1a: Weezing|Will-O-Wisp|p2b: Zamazenta\n|-activate|p2b: Zamazenta|move: Protect\n|\n|upkeep\n|turn|2\n|inactive|Gavinci has 30 seconds left.\n|\n|t:|1739431809\n|move|p1b: Zacian|Sacred Sword|p2b: Zamazenta\n|-supereffective|p2b: Zamazenta\n|-damage|p2b: Zamazenta|58\/100\n|move|p2a: Chien-Pao|Ice Spinner|p1a: Weezing\n|-damage|p1a: Weezing|64\/100\n|move|p2b: Zamazenta|Heavy Slam|p1a: Weezing\n|-damage|p1a: Weezing|22\/100\n|-enditem|p1a: Weezing|Sitrus Berry|[eat]\n|-heal|p1a: Weezing|47\/100|[from] item: Sitrus Berry\n|move|p1a: Weezing|Will-O-Wisp|p2a: Chien-Pao\n|-status|p2a: Chien-Pao|brn\n|\n|-damage|p2a: Chien-Pao|95\/100 brn|[from] brn\n|upkeep\n|turn|3\n|inactive|Estarossa_152 has 30 seconds left.\n|\n|t:|1739431840\n|switch|p2a: Raging Bolt|Raging Bolt, L50|100\/100\n|move|p1a: Weezing|Protect|p1a: Weezing\n|-singleturn|p1a: Weezing|Protect\n|move|p1b: Zacian|Sacred Sword|p2b: Zamazenta\n|-supereffective|p2b: Zamazenta\n|-damage|p2b: Zamazenta|10\/100\n|move|p2b: Zamazenta|Body Press|p1b: Zacian\n|-damage|p1b: Zacian|58\/100\n|\n|upkeep\n|turn|4\n|inactive|Gavinci has 30 seconds left.\n|inactive|Estarossa_152 has 30 seconds left.\n|\n|t:|1739431869\n|-end|p1a: Weezing|ability: Neutralizing Gas\n|-ability|p1b: Zacian|Intrepid Sword|boost\n|-boost|p1b: Zacian|atk|1\n|-ability|p2b: Zamazenta|Dauntless Shield|boost\n|-boost|p2b: Zamazenta|def|1\n|switch|p1a: Chien-Pao|Chien-Pao, L50|100\/100\n|-ability|p1a: Chien-Pao|Sword of Ruin\n|-terastallize|p2a: Raging Bolt|Water\n|move|p2b: Zamazenta|Protect|p2b: Zamazenta\n|-singleturn|p2b: Zamazenta|Protect\n|move|p1b: Zacian|Play Rough|p2a: Raging Bolt\n|-damage|p2a: Raging Bolt|29\/100\n|move|p2a: Raging Bolt|Thunderbolt|p1b: Zacian\n|-damage|p1b: Zacian|11\/100\n|\n|upkeep\n|turn|5\n|inactive|Estarossa_152 has 30 seconds left.\n|\n|t:|1739431903\n|move|p1a: Chien-Pao|Sucker Punch|p2a: Raging Bolt\n|-damage|p2a: Raging Bolt|0 fnt\n|faint|p2a: Raging Bolt\n|-end|p2a: Raging Bolt|Protosynthesis|[silent]\n|move|p1b: Zacian|Sacred Sword|p2b: Zamazenta\n|-supereffective|p2b: Zamazenta\n|-damage|p2b: Zamazenta|0 fnt\n|faint|p2b: Zamazenta\n|\n|upkeep\n|\n|t:|1739431908\n|switch|p2b: Flutter Mane|Flutter Mane, L50, shiny|100\/100\n|switch|p2a: Chien-Pao|Chien-Pao, L50|95\/100 brn\n|-ability|p2a: Chien-Pao|Sword of Ruin\n|-enditem|p2b: Flutter Mane|Booster Energy\n|-activate|p2b: Flutter Mane|ability: Protosynthesis|[fromitem]\n|-start|p2b: Flutter Mane|protosynthesisspe\n|turn|6\n|inactive|Gavinci has 30 seconds left.\n|j| denders\n|\n|t:|1739431938\n|move|p1a: Chien-Pao|Protect|p1a: Chien-Pao\n|-singleturn|p1a: Chien-Pao|Protect\n|move|p2a: Chien-Pao|Sucker Punch|p1b: Zacian\n|-resisted|p1b: Zacian\n|-damage|p1b: Zacian|0 fnt\n|faint|p1b: Zacian\n|move|p2b: Flutter Mane|Icy Wind|p1a: Chien-Pao\n|-activate|p1a: Chien-Pao|move: Protect\n|\n|-damage|p2a: Chien-Pao|89\/100 brn|[from] brn\n|upkeep\n|\n|t:|1739431963\n|switch|p1b: Regigigas|Regigigas, L50|100\/100\n|-start|p1b: Regigigas|ability: Slow Start\n|turn|7\n|inactive|Estarossa_152 has 30 seconds left.\n|\n|t:|1739431995\n|move|p1b: Regigigas|Wide Guard|p1b: Regigigas\n|-singleturn|p1b: Regigigas|Wide Guard\n|move|p2b: Flutter Mane|Moonblast|p1a: Chien-Pao\n|-supereffective|p1a: Chien-Pao\n|-enditem|p1a: Chien-Pao|Focus Sash\n|-damage|p1a: Chien-Pao|1\/100\n|move|p2a: Chien-Pao|Ice Spinner|p1a: Chien-Pao\n|-resisted|p1a: Chien-Pao\n|-damage|p1a: Chien-Pao|0 fnt\n|faint|p1a: Chien-Pao\n|\n|-damage|p2a: Chien-Pao|83\/100 brn|[from] brn\n|upkeep\n|\n|t:|1739432005\n|switch|p1a: Weezing|Weezing, L50, F|47\/100\n|-ability|p1a: Weezing|Neutralizing Gas\n|-end|p1b: Regigigas|Slow Start|[silent]\n|turn|8\n|inactive|Estarossa_152 has 30 seconds left.\n|\n|t:|1739432035\n|move|p2b: Flutter Mane|Protect|p2b: Flutter Mane\n|-singleturn|p2b: Flutter Mane|Protect\n|move|p1a: Weezing|Protect|p1a: Weezing\n|-singleturn|p1a: Weezing|Protect\n|move|p2a: Chien-Pao|Crunch|p1b: Regigigas\n|-damage|p1b: Regigigas|84\/100\n|-unboost|p1b: Regigigas|def|1\n|move|p1b: Regigigas|Crush Grip|p2a: Chien-Pao\n|-damage|p2a: Chien-Pao|0 fnt\n|faint|p2a: Chien-Pao\n|-damage|p1b: Regigigas|74\/100|[from] item: Life Orb\n|\n|upkeep\n|turn|9\n|\n|t:|1739432059\n|move|p2b: Flutter Mane|Shadow Ball|p1a: Weezing\n|-damage|p1a: Weezing|10\/100\n|move|p1b: Regigigas|Knock Off|p2b: Flutter Mane\n|-damage|p2b: Flutter Mane|46\/100\n|-damage|p1b: Regigigas|65\/100|[from] item: Life Orb\n|move|p1a: Weezing|Sludge Bomb|p2b: Flutter Mane\n|-damage|p2b: Flutter Mane|24\/100\n|\n|upkeep\n|turn|10\n|\n|t:|1739432083\n|move|p2b: Flutter Mane|Protect|p2b: Flutter Mane\n|-singleturn|p2b: Flutter Mane|Protect\n|move|p1a: Weezing|Protect|p1a: Weezing\n|-singleturn|p1a: Weezing|Protect\n|move|p1b: Regigigas|Knock Off|p2b: Flutter Mane\n|-activate|p2b: Flutter Mane|move: Protect\n|\n|upkeep\n|turn|11\n|\n|t:|1739432104\n|move|p2b: Flutter Mane|Shadow Ball|p1a: Weezing\n|-damage|p1a: Weezing|0 fnt\n|faint|p1a: Weezing\n|-end|p1a: Weezing|ability: Neutralizing Gas\n|-start|p1b: Regigigas|ability: Slow Start\n|move|p1b: Regigigas|Knock Off|p2b: Flutter Mane\n|-damage|p2b: Flutter Mane|0 fnt\n|faint|p2b: Flutter Mane\n|-end|p2b: Flutter Mane|Protosynthesis|[silent]\n|-damage|p1b: Regigigas|55\/100|[from] item: Life Orb\n|\n|win|Gavinci\n|raw|Gavinci's rating: 1615 &rarr; <strong>1638<\/strong><br \/>(+23 for winning)\n|raw|Estarossa_152's rating: 1676 &rarr; <strong>1653<\/strong><br \/>(-23 for losing)\n|l|\u2606Gavinci\n|player|p1|\n|l|\u2606Estarossa_152\n|player|p2|\n|l| Oscar Norris\n|l| Scandic Hamar\n","uploadtime":1739432281,"views":18,"formatid":"gen9vgc2025regg","rating":1638,"private":0,"password":null}