{"id":"gen9vgc2025regg-2299559030","format":"[Gen 9] VGC 2025 Reg G","players":["JucciSushi","Zakmancho"],"log":"|j|\u2606JucciSushi\n|j|\u2606Zakmancho\n|t:|1739390898\n|gametype|doubles\n|player|p1|JucciSushi|wallace|1560\n|player|p2|Zakmancho|265|1598\n|teamsize|p1|6\n|teamsize|p2|6\n|gen|9\n|tier|[Gen 9] VGC 2025 Reg G\n|rated|\n|rule|Species Clause: Limit one of each Pok\u00e9mon\n|rule|Item Clause: Limit 1 of each item\n|clearpoke\n|poke|p1|Miraidon, L50|\n|poke|p1|Incineroar, L50, M|\n|poke|p1|Archaludon, L50, F|\n|poke|p1|Grimmsnarl, L50, M|\n|poke|p1|Pelipper, L50, M|\n|poke|p1|Landorus, L50, M|\n|poke|p2|Koraidon, L50|\n|poke|p2|Chi-Yu, L50|\n|poke|p2|Flutter Mane, L50|\n|poke|p2|Ogerpon-Cornerstone, L50, F|\n|poke|p2|Raging Bolt, L50|\n|poke|p2|Whimsicott, L50, M|\n|teampreview|4\n|inactive|Battle timer is ON: inactive players will automatically lose when time's up. (requested by Zakmancho)\n|inactive|JucciSushi has 60 seconds left.\n|\n|t:|1739390929\n|start\n|switch|p1a: Thunder Bringer|Landorus, L50, M|100\/100\n|switch|p1b: Mister J|Grimmsnarl, L50, M|100\/100\n|switch|p2a: Flutter Mane|Flutter Mane, L50|100\/100\n|switch|p2b: Whimsicott|Whimsicott, L50, M|100\/100\n|-enditem|p2a: Flutter Mane|Booster Energy\n|-activate|p2a: Flutter Mane|ability: Protosynthesis|[fromitem]\n|-start|p2a: Flutter Mane|protosynthesisspe\n|turn|1\n|inactive|JucciSushi has 30 seconds left.\n|inactive|JucciSushi has 20 seconds left.\n|inactive|JucciSushi has 15 seconds left.\n|inactive|JucciSushi has 10 seconds left.\n|\n|t:|1739390975\n|-terastallize|p1a: Thunder Bringer|Poison\n|move|p1b: Mister J|Light Screen|p1b: Mister J\n|-sidestart|p1: JucciSushi|move: Light Screen\n|move|p2a: Flutter Mane|Moonblast|p1a: Thunder Bringer\n|-resisted|p1a: Thunder Bringer\n|-damage|p1a: Thunder Bringer|82\/100\n|move|p2b: Whimsicott|Moonblast|p1a: Thunder Bringer\n|-resisted|p1a: Thunder Bringer\n|-damage|p1a: Thunder Bringer|65\/100\n|move|p1a: Thunder Bringer|Sludge Bomb|p2b: Whimsicott\n|-supereffective|p2b: Whimsicott\n|-enditem|p2b: Whimsicott|Focus Sash\n|-damage|p2b: Whimsicott|1\/100\n|\n|upkeep\n|turn|2\n|inactive|Zakmancho has 30 seconds left.\n|\n|t:|1739391004\n|move|p1b: Mister J|Thunder Wave|p2a: Flutter Mane\n|-status|p2a: Flutter Mane|par\n|move|p2b: Whimsicott|Endeavor|p1b: Mister J\n|-damage|p1b: Mister J|1\/100\n|move|p1a: Thunder Bringer|Sandsear Storm|p2a: Flutter Mane|[spread] p2a,p2b\n|-resisted|p2b: Whimsicott\n|-damage|p2a: Flutter Mane|41\/100 par\n|-damage|p2b: Whimsicott|0 fnt\n|faint|p2b: Whimsicott\n|move|p2a: Flutter Mane|Moonblast|p1a: Thunder Bringer\n|-resisted|p1a: Thunder Bringer\n|-crit|p1a: Thunder Bringer\n|-damage|p1a: Thunder Bringer|23\/100\n|\n|upkeep\n|j| Nabandwhat\n|\n|t:|1739391027\n|switch|p2b: Koraidon|Koraidon, L50|100\/100\n|-weather|SunnyDay|[from] ability: Orichalcum Pulse|[of] p2b: Koraidon\n|-activate|p2b: Koraidon|Orichalcum Pulse|[source]\n|turn|3\n|j| kiabu233\n|\n|t:|1739391047\n|-terastallize|p2b: Koraidon|Fire\n|move|p1a: Thunder Bringer|Protect|p1a: Thunder Bringer\n|-singleturn|p1a: Thunder Bringer|Protect\n|move|p1b: Mister J|Thunder Wave|p2b: Koraidon\n|-status|p2b: Koraidon|par\n|move|p2a: Flutter Mane|Moonblast|p1b: Mister J\n|-supereffective|p1b: Mister J\n|-crit|p1b: Mister J\n|-damage|p1b: Mister J|0 fnt\n|faint|p1b: Mister J\n|move|p2b: Koraidon|Flame Charge|p1a: Thunder Bringer\n|-activate|p1a: Thunder Bringer|move: Protect\n|\n|-weather|SunnyDay|[upkeep]\n|upkeep\n|\n|t:|1739391051\n|switch|p1b: Cpt. Planet|Pelipper, L50, M|100\/100\n|-weather|RainDance|[from] ability: Drizzle|[of] p1b: Cpt. Planet\n|turn|4\n|\n|t:|1739391063\n|switch|p1b: Metal Overlord|Miraidon, L50|100\/100\n|-fieldstart|move: Electric Terrain|[from] ability: Hadron Engine|[of] p1b: Metal Overlord\n|-enditem|p1b: Metal Overlord|Electric Seed\n|-boost|p1b: Metal Overlord|def|1|[from] item: Electric Seed\n|cant|p2b: Koraidon|par\n|move|p1a: Thunder Bringer|Sandsear Storm|p2b: Koraidon|[spread] p2a,p2b\n|-supereffective|p2b: Koraidon\n|-damage|p2a: Flutter Mane|0 fnt\n|-damage|p2b: Koraidon|0 fnt\n|faint|p2a: Flutter Mane\n|-end|p2a: Flutter Mane|Protosynthesis|[silent]\n|faint|p2b: Koraidon\n|\n|-weather|RainDance|[upkeep]\n|upkeep\n|\n|t:|1739391074\n|switch|p2b: Ogerpon|Ogerpon-Cornerstone, L50, F|100\/100\n|turn|5\n|-message|Zakmancho forfeited.\n|\n|win|JucciSushi\n|raw|JucciSushi's rating: 1560 &rarr; <strong>1582<\/strong><br \/>(+22 for winning)\n|raw|Zakmancho's rating: 1598 &rarr; <strong>1576<\/strong><br \/>(-22 for losing)\n|l|\u2606Zakmancho\n|player|p2|\n|l|\u2606JucciSushi\n|player|p1|\n|l| kiabu233\n|l| Nabandwhat\n","uploadtime":1739391291,"views":5,"formatid":"gen9vgc2025regg","rating":1576,"private":0,"password":null}