{"id":"gen9vgc2025regg-2300548441","format":"[Gen 9] VGC 2025 Reg G","players":["Tpakl","bieiup"],"log":"|j|\u2606Tpakl\n|j|\u2606bieiup\n|t:|1739521906\n|gametype|doubles\n|player|p1|Tpakl|rosa|1605\n|player|p2|bieiup|lillie-z|1602\n|teamsize|p1|6\n|teamsize|p2|6\n|gen|9\n|tier|[Gen 9] VGC 2025 Reg G\n|rated|\n|rule|Species Clause: Limit one of each Pok\u00e9mon\n|rule|Item Clause: Limit 1 of each item\n|clearpoke\n|poke|p1|Rayquaza, L50|\n|poke|p1|Urshifu-*, L50, F|\n|poke|p1|Iron Treads, L50|\n|poke|p1|Entei, L50|\n|poke|p1|Murkrow, L50, M|\n|poke|p1|Regieleki, L50|\n|poke|p2|Raging Bolt, L50|\n|poke|p2|Miraidon, L50|\n|poke|p2|Chi-Yu, L50|\n|poke|p2|Torkoal, L50, F|\n|poke|p2|Farigiraf, L50, M|\n|poke|p2|Ursaluna, L50, F|\n|teampreview|4\n|inactive|Battle timer is ON: inactive players will automatically lose when time's up. (requested by bieiup)\n|j| Baguettezzz\n|inactive|Tpakl has 60 seconds left.\n|\n|t:|1739521970\n|start\n|switch|p1a: Iron Treads|Iron Treads, L50|100\/100\n|switch|p1b: Rayquaza|Rayquaza, L50|100\/100\n|switch|p2a: Miraidon|Miraidon, L50|100\/100\n|switch|p2b: Farigiraf|Farigiraf, L50, M|100\/100\n|-fieldstart|move: Electric Terrain|[from] ability: Hadron Engine|[of] p2a: Miraidon\n|-activate|p1a: Iron Treads|ability: Quark Drive\n|-start|p1a: Iron Treads|quarkdrivespe\n|-enditem|p2b: Farigiraf|Electric Seed\n|-boost|p2b: Farigiraf|def|1|[from] item: Electric Seed\n|-ability|p1b: Rayquaza|Air Lock\n|turn|1\n|\n|t:|1739521993\n|-terastallize|p2a: Miraidon|Fairy\n|move|p1b: Rayquaza|Protect|p1b: Rayquaza\n|-singleturn|p1b: Rayquaza|Protect\n|move|p1a: Iron Treads|Ice Spinner|p2a: Miraidon\n|-damage|p2a: Miraidon|63\/100\n|-fieldend|move: Electric Terrain\n|-end|p1a: Iron Treads|Quark Drive\n|move|p2a: Miraidon|Volt Switch|p1b: Rayquaza\n|-activate|p1b: Rayquaza|move: Protect\n|move|p2b: Farigiraf|Trick Room|p2b: Farigiraf\n|-fieldstart|move: Trick Room|[of] p2b: Farigiraf\n|\n|upkeep\n|turn|2\n|\n|t:|1739522012\n|move|p2b: Farigiraf|Foul Play|p1b: Rayquaza\n|-damage|p1b: Rayquaza|60\/100\n|move|p1b: Rayquaza|Dragon Ascent|p2a: Miraidon\n|-damage|p2a: Miraidon|0 fnt\n|-unboost|p1b: Rayquaza|def|1\n|-unboost|p1b: Rayquaza|spd|1\n|faint|p2a: Miraidon\n|move|p1a: Iron Treads|Ice Spinner|p2b: Farigiraf\n|-damage|p2b: Farigiraf|82\/100\n|\n|upkeep\n|\n|t:|1739522019\n|switch|p2a: Ursaluna|Ursaluna, L50, F|100\/100\n|turn|3\n|\n|t:|1739522029\n|move|p2a: Ursaluna|Earthquake|p1b: Rayquaza|[spread] p2b,p1a\n|-immune|p1b: Rayquaza\n|-supereffective|p1a: Iron Treads\n|-damage|p2b: Farigiraf|59\/100\n|-damage|p1a: Iron Treads|17\/100\n|move|p2b: Farigiraf|Dazzling Gleam|p1b: Rayquaza|[spread] p1a,p1b\n|-resisted|p1a: Iron Treads\n|-crit|p1a: Iron Treads\n|-supereffective|p1b: Rayquaza\n|-damage|p1a: Iron Treads|2\/100\n|-damage|p1b: Rayquaza|2\/100\n|move|p1b: Rayquaza|Draco Meteor|p2b: Farigiraf\n|-damage|p2b: Farigiraf|6\/100\n|-unboost|p1b: Rayquaza|spa|2\n|move|p1a: Iron Treads|Ice Spinner|p2b: Farigiraf\n|-damage|p2b: Farigiraf|0 fnt\n|faint|p2b: Farigiraf\n|\n|-status|p2a: Ursaluna|brn|[from] item: Flame Orb\n|upkeep\n|\n|t:|1739522033\n|switch|p2b: Raging Bolt|Raging Bolt, L50|100\/100\n|turn|4\n|\n|t:|1739522056\n|move|p1b: Rayquaza|Protect|p1b: Rayquaza\n|-singleturn|p1b: Rayquaza|Protect\n|move|p2a: Ursaluna|Facade|p1a: Iron Treads\n|-resisted|p1a: Iron Treads\n|-damage|p1a: Iron Treads|0 fnt\n|faint|p1a: Iron Treads\n|-end|p1a: Iron Treads|Quark Drive|[silent]\n|move|p2b: Raging Bolt|Rising Voltage|p1b: Rayquaza\n|-activate|p1b: Rayquaza|move: Protect\n|\n|-damage|p2a: Ursaluna|95\/100 brn|[from] brn\n|upkeep\n|\n|t:|1739522066\n|switch|p1a: Urshifu|Urshifu-Rapid-Strike, L50, F|100\/100\n|turn|5\n|j| falcon108\n|\n|t:|1739522079\n|move|p1a: Urshifu|Detect|p1a: Urshifu\n|-singleturn|p1a: Urshifu|Protect\n|move|p1b: Rayquaza|Extreme Speed|p2b: Raging Bolt\n|-damage|p2b: Raging Bolt|73\/100\n|move|p2a: Ursaluna|Facade|p1b: Rayquaza\n|-damage|p1b: Rayquaza|0 fnt\n|faint|p1b: Rayquaza\n|move|p2b: Raging Bolt|Draco Meteor|p1a: Urshifu\n|-activate|p1a: Urshifu|move: Protect\n|\n|-damage|p2a: Ursaluna|89\/100 brn|[from] brn\n|-fieldend|move: Trick Room\n|upkeep\n|\n|t:|1739522091\n|switch|p1b: Entei|Entei, L50|100\/100\n|turn|6\n|inactive|bieiup has 30 seconds left.\n|\n|t:|1739522117\n|-terastallize|p1b: Entei|Fire\n|move|p1b: Entei|Eruption|p2a: Ursaluna|[spread] p2a,p2b\n|-resisted|p2b: Raging Bolt\n|-crit|p2b: Raging Bolt\n|-damage|p2a: Ursaluna|6\/100 brn\n|-damage|p2b: Raging Bolt|6\/100\n|move|p1a: Urshifu|Close Combat|p2b: Raging Bolt\n|-damage|p2b: Raging Bolt|0 fnt\n|-unboost|p1a: Urshifu|def|1\n|-unboost|p1a: Urshifu|spd|1\n|faint|p2b: Raging Bolt\n|-end|p2b: Raging Bolt|Protosynthesis|[silent]\n|move|p2a: Ursaluna|Facade|p1a: Urshifu\n|-damage|p1a: Urshifu|0 fnt\n|faint|p1a: Urshifu\n|\n|-damage|p2a: Ursaluna|0 fnt|[from] brn\n|faint|p2a: Ursaluna\n|\n|win|Tpakl\n|upkeep\n|raw|Tpakl's rating: 1605 &rarr; <strong>1625<\/strong><br \/>(+20 for winning)\n|raw|bieiup's rating: 1602 &rarr; <strong>1582<\/strong><br \/>(-20 for losing)\n|l|\u2606Tpakl\n|player|p1|\n|l|\u2606bieiup\n|player|p2|\n|l| Baguettezzz\n","uploadtime":1739522350,"views":11,"formatid":"gen9vgc2025regg","rating":1582,"private":0,"password":null}