{"id":"gen9vgc2025regg-2300740840","format":"[Gen 9] VGC 2025 Reg G","players":["Ibberdytten","bieiup"],"log":"|j|\u2606Ibberdytten\n|j|\u2606bieiup\n|t:|1739549252\n|gametype|doubles\n|player|p1|Ibberdytten|whitney|1552\n|player|p2|bieiup|lillie-z|1571\n|teamsize|p1|6\n|teamsize|p2|6\n|gen|9\n|tier|[Gen 9] VGC 2025 Reg G\n|rated|\n|rule|Species Clause: Limit one of each Pok\u00e9mon\n|rule|Item Clause: Limit 1 of each item\n|clearpoke\n|poke|p1|Calyrex-Shadow, L50|\n|poke|p1|Weezing-Galar, L50, F|\n|poke|p1|Dondozo, L50, M|\n|poke|p1|Tatsugiri-Droopy, L50, M|\n|poke|p1|Indeedee-F, L50, F|\n|poke|p1|Urshifu-*, L50, F|\n|poke|p2|Raging Bolt, L50|\n|poke|p2|Miraidon, L50|\n|poke|p2|Chi-Yu, L50|\n|poke|p2|Torkoal, L50, F|\n|poke|p2|Farigiraf, L50, M|\n|poke|p2|Ursaluna, L50, F|\n|teampreview|4\n|inactive|Battle timer is ON: inactive players will automatically lose when time's up. (requested by bieiup)\n|inactive|Ibberdytten also wants the timer to be on.\n|\n|t:|1739549262\n|start\n|switch|p1a: Weezing|Weezing-Galar, L50, F|100\/100\n|switch|p1b: Calyrex|Calyrex-Shadow, L50|100\/100\n|switch|p2a: Chi-Yu|Chi-Yu, L50|100\/100\n|switch|p2b: Miraidon|Miraidon, L50|100\/100\n|-ability|p1a: Weezing|Neutralizing Gas\n|-ability|p1b: Calyrex|As One\n|-ability|p1b: Calyrex|Unnerve\n|turn|1\n|\n|t:|1739549274\n|move|p2a: Chi-Yu|Heat Wave|p1a: Weezing|[spread] p1a,p1b\n|-damage|p1a: Weezing|60\/100\n|-damage|p1b: Calyrex|63\/100\n|move|p1b: Calyrex|Astral Barrage|p2b: Miraidon|[spread] p2a,p2b\n|-resisted|p2a: Chi-Yu\n|-damage|p2a: Chi-Yu|59\/100\n|-damage|p2b: Miraidon|35\/100\n|-damage|p1b: Calyrex|54\/100|[from] item: Life Orb\n|move|p2b: Miraidon|Electro Drift|p1b: Calyrex\n|-damage|p1b: Calyrex|0 fnt\n|faint|p1b: Calyrex\n|move|p1a: Weezing|Poison Gas|p2a: Chi-Yu|[spread] p2b\n|-miss|p1a: Weezing|p2a: Chi-Yu\n|-status|p2b: Miraidon|psn\n|\n|-damage|p2b: Miraidon|23\/100 psn|[from] psn\n|upkeep\n|\n|t:|1739549276\n|switch|p1b: Dondozo|Dondozo, L50, M|100\/100\n|turn|2\n|\n|t:|1739549293\n|switch|p2b: Farigiraf|Farigiraf, L50, M|100\/100\n|-terastallize|p2a: Chi-Yu|Ground\n|move|p1b: Dondozo|Protect|p1b: Dondozo\n|-singleturn|p1b: Dondozo|Protect\n|move|p2a: Chi-Yu|Heat Wave|p1a: Weezing|[spread] p1a\n|-activate|p1b: Dondozo|move: Protect\n|-damage|p1a: Weezing|23\/100\n|move|p1a: Weezing|Toxic Spikes|p2b: Farigiraf\n|-sidestart|p2: bieiup|move: Toxic Spikes\n|\n|upkeep\n|turn|3\n|\n|t:|1739549315\n|-end|p1a: Weezing|ability: Neutralizing Gas\n|-ability|p2a: Chi-Yu|Beads of Ruin\n|switch|p1a: Tatsugiri|Tatsugiri-Droopy, L50, M|100\/100\n|-activate|p1a: Tatsugiri|ability: Commander|[of] p1b: Dondozo\n|-boost|p1b: Dondozo|atk|2\n|-boost|p1b: Dondozo|spa|2\n|-boost|p1b: Dondozo|spe|2\n|-boost|p1b: Dondozo|def|2\n|-boost|p1b: Dondozo|spd|2\n|move|p2a: Chi-Yu|Heat Wave|p1a: Tatsugiri|[spread] \n|-miss|p2a: Chi-Yu|p1a: Tatsugiri\n|-miss|p2a: Chi-Yu|p1b: Dondozo\n|move|p1b: Dondozo|Wave Crash|p2a: Chi-Yu\n|-supereffective|p2a: Chi-Yu\n|-damage|p2a: Chi-Yu|0 fnt\n|faint|p2a: Chi-Yu\n|-damage|p1b: Dondozo|89\/100|[from] Recoil\n|move|p2b: Farigiraf|Trick Room|p2b: Farigiraf\n|-fieldstart|move: Trick Room|[of] p2b: Farigiraf\n|\n|-heal|p1b: Dondozo|95\/100|[from] item: Leftovers\n|upkeep\n|\n|t:|1739549323\n|switch|p2a: Raging Bolt|Raging Bolt, L50|100\/100\n|-status|p2a: Raging Bolt|psn\n|turn|4\n|\n|t:|1739549331\n|move|p2a: Raging Bolt|Protect|p2a: Raging Bolt\n|-singleturn|p2a: Raging Bolt|Protect\n|move|p1b: Dondozo|Protect|p1b: Dondozo\n|-singleturn|p1b: Dondozo|Protect\n|move|p2b: Farigiraf|Psychic Noise|p1b: Dondozo\n|-activate|p1b: Dondozo|move: Protect\n|\n|-heal|p1b: Dondozo|100\/100|[from] item: Leftovers\n|-damage|p2a: Raging Bolt|88\/100 psn|[from] psn\n|upkeep\n|turn|5\n|\n|t:|1739549343\n|-terastallize|p1b: Dondozo|Grass\n|move|p2b: Farigiraf|Helping Hand|p2a: Raging Bolt\n|-singleturn|p2a: Raging Bolt|Helping Hand|[of] p2b: Farigiraf\n|move|p2a: Raging Bolt|Draco Meteor|p1b: Dondozo\n|-damage|p1b: Dondozo|33\/100\n|-unboost|p2a: Raging Bolt|spa|2\n|-damage|p2a: Raging Bolt|79\/100 psn|[from] item: Life Orb\n|move|p1b: Dondozo|Order Up|p2a: Raging Bolt\n|-supereffective|p2a: Raging Bolt\n|-damage|p2a: Raging Bolt|14\/100 psn\n|-boost|p1b: Dondozo|def|1\n|\n|-heal|p1b: Dondozo|39\/100|[from] item: Leftovers\n|-damage|p2a: Raging Bolt|2\/100 psn|[from] psn\n|upkeep\n|turn|6\n|inactive|bieiup has 30 seconds left.\n|\n|t:|1739549370\n|-end|p2a: Raging Bolt|Protosynthesis|[silent]\n|switch|p2a: Miraidon|Miraidon, L50|23\/100 psn\n|-fieldstart|move: Electric Terrain|[from] ability: Hadron Engine|[of] p2a: Miraidon\n|-enditem|p2b: Farigiraf|Electric Seed\n|-boost|p2b: Farigiraf|def|1|[from] item: Electric Seed\n|move|p1b: Dondozo|Protect|p1b: Dondozo\n|-singleturn|p1b: Dondozo|Protect\n|move|p2b: Farigiraf|Trick Room|p2b: Farigiraf\n|-fieldend|move: Trick Room\n|\n|-heal|p1b: Dondozo|45\/100|[from] item: Leftovers\n|-damage|p2a: Miraidon|11\/100 psn|[from] psn\n|upkeep\n|turn|7\n|\n|t:|1739549381\n|move|p2a: Miraidon|Draco Meteor|p1b: Dondozo\n|-damage|p1b: Dondozo|0 fnt\n|-unboost|p2a: Miraidon|spa|2\n|faint|p1b: Dondozo\n|move|p2b: Farigiraf|Psychic Noise|p1a: Tatsugiri\n|-damage|p1a: Tatsugiri|66\/100\n|-start|p1a: Tatsugiri|move: Heal Block\n|\n|-damage|p2a: Miraidon|0 fnt|[from] psn\n|faint|p2a: Miraidon\n|upkeep\n|\n|t:|1739549384\n|switch|p2a: Raging Bolt|Raging Bolt, L50|2\/100 psn\n|switch|p1b: Weezing|Weezing-Galar, L50, F|23\/100\n|-ability|p1b: Weezing|Neutralizing Gas\n|turn|8\n|\n|t:|1739549401\n|move|p1a: Tatsugiri|Protect|p1a: Tatsugiri\n|-singleturn|p1a: Tatsugiri|Protect\n|move|p1b: Weezing|Protect|p1b: Weezing\n|-singleturn|p1b: Weezing|Protect\n|move|p2a: Raging Bolt|Thunderclap||[still]\n|-fail|p2a: Raging Bolt\n|move|p2b: Farigiraf|Psychic Noise|p1b: Weezing\n|-activate|p1b: Weezing|move: Protect\n|\n|-damage|p2a: Raging Bolt|0 fnt|[from] psn\n|faint|p2a: Raging Bolt\n|-end|p2a: Raging Bolt|Protosynthesis|[silent]\n|-end|p1a: Tatsugiri|move: Heal Block\n|upkeep\n|turn|9\n|\n|t:|1739549415\n|move|p1a: Tatsugiri|Draco Meteor|p2b: Farigiraf|[miss]\n|-miss|p1a: Tatsugiri|p2b: Farigiraf\n|move|p1b: Weezing|Dazzling Gleam|p2b: Farigiraf\n|-damage|p2b: Farigiraf|78\/100\n|move|p2b: Farigiraf|Trick Room|p2b: Farigiraf\n|-fieldstart|move: Trick Room|[of] p2b: Farigiraf\n|\n|upkeep\n|turn|10\n|\n|t:|1739549424\n|move|p2b: Farigiraf|Psychic Noise|p1b: Weezing\n|-supereffective|p1b: Weezing\n|-damage|p1b: Weezing|0 fnt\n|faint|p1b: Weezing\n|-end|p1b: Weezing|ability: Neutralizing Gas\n|move|p1a: Tatsugiri|Draco Meteor|p2b: Farigiraf\n|-damage|p2b: Farigiraf|12\/100\n|-unboost|p1a: Tatsugiri|spa|2\n|\n|-fieldend|move: Electric Terrain\n|upkeep\n|turn|11\n|\n|t:|1739549430\n|move|p1a: Tatsugiri|Protect|p1a: Tatsugiri\n|-singleturn|p1a: Tatsugiri|Protect\n|move|p2b: Farigiraf|Psychic Noise|p1a: Tatsugiri\n|-activate|p1a: Tatsugiri|move: Protect\n|\n|upkeep\n|turn|12\n|\n|t:|1739549434\n|move|p2b: Farigiraf|Psychic Noise|p1a: Tatsugiri\n|-damage|p1a: Tatsugiri|29\/100\n|-start|p1a: Tatsugiri|move: Heal Block\n|move|p1a: Tatsugiri|Draco Meteor|p2b: Farigiraf\n|-damage|p2b: Farigiraf|0 fnt\n|-unboost|p1a: Tatsugiri|spa|2\n|faint|p2b: Farigiraf\n|\n|win|Ibberdytten\n|raw|Ibberdytten's rating: 1552 &rarr; <strong>1573<\/strong><br \/>(+21 for winning)\n|raw|bieiup's rating: 1571 &rarr; <strong>1550<\/strong><br \/>(-21 for losing)\n|l|\u2606bieiup\n|player|p2|\n|l|\u2606Ibberdytten\n|player|p1|\n|j|\u2606bieiup\n|player|p2|bieiup|lillie-z|\n|l|\u2606bieiup\n|player|p2|\n","uploadtime":1739549589,"views":7,"formatid":"gen9vgc2025regg","rating":1550,"private":0,"password":null}