{"id":"gen9vgc2025regg-2300673799","format":"[Gen 9] VGC 2025 Reg G","players":["SamP_64","Parthenos0908"],"log":"|j|\u2606SamP_64\n|j|\u2606Parthenos0908\n|t:|1739541851\n|gametype|doubles\n|player|p1|SamP_64|cyrus|1626\n|player|p2|Parthenos0908|dawn|1709\n|teamsize|p1|6\n|teamsize|p2|6\n|gen|9\n|tier|[Gen 9] VGC 2025 Reg G\n|rated|\n|rule|Species Clause: Limit one of each Pok\u00e9mon\n|rule|Item Clause: Limit 1 of each item\n|clearpoke\n|poke|p1|Incineroar, L50, F|\n|poke|p1|Rillaboom, L50, F|\n|poke|p1|Flutter Mane, L50|\n|poke|p1|Urshifu-*, L50, F|\n|poke|p1|Terapagos, L50, M|\n|poke|p1|Amoonguss, L50, M|\n|poke|p2|Whimsicott, L50, M|\n|poke|p2|Archaludon, L50, M|\n|poke|p2|Amoonguss, L50, M|\n|poke|p2|Ogerpon-Cornerstone, L50, F|\n|poke|p2|Urshifu-*, L50, F|\n|poke|p2|Calyrex-Shadow, L50|\n|teampreview|4\n|inactive|Battle timer is ON: inactive players will automatically lose when time's up. (requested by SamP_64)\n|inactive|Parthenos0908 has 60 seconds left.\n|\n|t:|1739541899\n|start\n|switch|p1a: Incineroar|Incineroar, L50, F|100\/100\n|switch|p1b: Terapagos|Terapagos, L50, M|100\/100\n|switch|p2a: Whimsicott|Whimsicott, L50, M|100\/100\n|switch|p2b: Archaludon|Archaludon, L50, M|100\/100\n|-activate|p1b: Terapagos|ability: Tera Shift\n|detailschange|p1b: Terapagos|Terapagos-Terastal, L50, M\n|-heal|p1b: Terapagos|100\/100|[silent]\n|-ability|p1a: Incineroar|Intimidate|boost\n|-unboost|p2a: Whimsicott|atk|1\n|-unboost|p2b: Archaludon|atk|1\n|turn|1\n|\n|t:|1739541920\n|move|p2a: Whimsicott|Moonblast|p1b: Terapagos\n|-activate|p1b: Terapagos|ability: Tera Shell\n|-resisted|p1b: Terapagos\n|-damage|p1b: Terapagos|88\/100\n|move|p2b: Archaludon|Steel Beam|p1b: Terapagos\n|-damage|p1b: Terapagos|0 fnt\n|-damage|p2b: Archaludon|50\/100|[from] steelbeam\n|faint|p1b: Terapagos\n|move|p1a: Incineroar|Will-O-Wisp|p2b: Archaludon|[miss]\n|-miss|p1a: Incineroar|p2b: Archaludon\n|\n|upkeep\n|\n|t:|1739541936\n|switch|p1b: Amoonguss|Amoonguss, L50, M|100\/100\n|turn|2\n|\n|t:|1739541944\n|move|p2a: Whimsicott|Fake Tears|p1b: Amoonguss\n|-unboost|p1b: Amoonguss|spd|2\n|move|p2b: Archaludon|Steel Beam|p1b: Amoonguss\n|-damage|p1b: Amoonguss|0 fnt\n|-damage|p2b: Archaludon|0 fnt|[from] steelbeam\n|faint|p2b: Archaludon\n|faint|p1b: Amoonguss\n|move|p1a: Incineroar|Knock Off|p2a: Whimsicott\n|-resisted|p2a: Whimsicott\n|-damage|p2a: Whimsicott|79\/100\n|-enditem|p2a: Whimsicott|Covert Cloak|[from] move: Knock Off|[of] p1a: Incineroar\n|\n|upkeep\n|\n|t:|1739541965\n|switch|p2b: Calyrex|Calyrex-Shadow, L50|100\/100\n|switch|p1b: Urshifu|Urshifu-Rapid-Strike, L50, F|100\/100\n|-ability|p2b: Calyrex|As One\n|-ability|p2b: Calyrex|Unnerve\n|turn|3\n|inactive|SamP_64 has 30 seconds left.\n|inactive|Parthenos0908 has 30 seconds left.\n|inactive|SamP_64 has 20 seconds left.\n|inactive|SamP_64 has 15 seconds left.\n|\n|t:|1739542005\n|move|p1b: Urshifu|Protect|p1b: Urshifu\n|-singleturn|p1b: Urshifu|Protect\n|move|p2a: Whimsicott|Tailwind|p2a: Whimsicott\n|-sidestart|p2: Parthenos0908|move: Tailwind\n|move|p2b: Calyrex|Psychic|p1b: Urshifu\n|-activate|p1b: Urshifu|move: Protect\n|move|p1a: Incineroar|Knock Off|p2b: Calyrex\n|-supereffective|p2b: Calyrex\n|-enditem|p2b: Calyrex|Focus Sash\n|-damage|p2b: Calyrex|1\/100\n|\n|upkeep\n|turn|4\n|\n|t:|1739542023\n|move|p2a: Whimsicott|Encore|p1b: Urshifu\n|-start|p1b: Urshifu|Encore\n|move|p1b: Urshifu|Protect|p1b: Urshifu\n|-singleturn|p1b: Urshifu|Protect\n|move|p2b: Calyrex|Psychic|p1b: Urshifu\n|-activate|p1b: Urshifu|move: Protect\n|move|p1a: Incineroar|Knock Off|p2b: Calyrex\n|-supereffective|p2b: Calyrex\n|-damage|p2b: Calyrex|0 fnt\n|faint|p2b: Calyrex\n|\n|upkeep\n|\n|t:|1739542029\n|switch|p2b: Urshifu|Urshifu-Rapid-Strike, L50, F|100\/100\n|turn|5\n|\n|t:|1739542044\n|-terastallize|p2b: Urshifu|Water\n|-terastallize|p1a: Incineroar|Ghost\n|move|p1b: Urshifu|Protect||[still]\n|-fail|p1b: Urshifu\n|move|p2b: Urshifu|Surging Strikes|p1a: Incineroar\n|-crit|p1a: Incineroar\n|-damage|p1a: Incineroar|72\/100\n|-damage|p2b: Urshifu|84\/100|[from] item: Rocky Helmet|[of] p1a: Incineroar\n|-crit|p1a: Incineroar\n|-damage|p1a: Incineroar|42\/100\n|-damage|p2b: Urshifu|67\/100|[from] item: Rocky Helmet|[of] p1a: Incineroar\n|-crit|p1a: Incineroar\n|-damage|p1a: Incineroar|13\/100\n|-damage|p2b: Urshifu|51\/100|[from] item: Rocky Helmet|[of] p1a: Incineroar\n|-hitcount|p1a: Incineroar|3\n|move|p2a: Whimsicott|Moonblast|p1b: Urshifu\n|-supereffective|p1b: Urshifu\n|-damage|p1b: Urshifu|31\/100\n|-unboost|p1b: Urshifu|spa|1\n|move|p1a: Incineroar|Will-O-Wisp|p2b: Urshifu\n|-status|p2b: Urshifu|brn\n|\n|-damage|p2b: Urshifu|45\/100 brn|[from] brn\n|upkeep\n|turn|6\n|\n|t:|1739542052\n|move|p1b: Urshifu|Protect|p1b: Urshifu\n|-singleturn|p1b: Urshifu|Protect\n|move|p2b: Urshifu|Surging Strikes|p1a: Incineroar\n|-crit|p1a: Incineroar\n|-damage|p1a: Incineroar|0 fnt\n|-damage|p2b: Urshifu|29\/100 brn|[from] item: Rocky Helmet|[of] p1a: Incineroar\n|faint|p1a: Incineroar\n|-hitcount|p1: Incineroar|1\n|move|p2a: Whimsicott|Moonblast|p1b: Urshifu\n|-activate|p1b: Urshifu|move: Protect\n|\n|-damage|p2b: Urshifu|23\/100 brn|[from] brn\n|-end|p1b: Urshifu|Encore\n|-sideend|p2: Parthenos0908|move: Tailwind\n|upkeep\n|turn|7\n|\n|t:|1739542058\n|move|p1b: Urshifu|Aqua Jet|p2b: Urshifu\n|-resisted|p2b: Urshifu\n|-damage|p2b: Urshifu|11\/100 brn\n|move|p2b: Urshifu|Surging Strikes|p1b: Urshifu\n|-resisted|p1b: Urshifu\n|-crit|p1b: Urshifu\n|-damage|p1b: Urshifu|24\/100\n|-resisted|p1b: Urshifu\n|-crit|p1b: Urshifu\n|-damage|p1b: Urshifu|16\/100\n|-resisted|p1b: Urshifu\n|-crit|p1b: Urshifu\n|-damage|p1b: Urshifu|8\/100\n|-hitcount|p1b: Urshifu|3\n|move|p2a: Whimsicott|Moonblast|p1b: Urshifu\n|-supereffective|p1b: Urshifu\n|-damage|p1b: Urshifu|0 fnt\n|faint|p1b: Urshifu\n|\n|win|Parthenos0908\n|raw|SamP_64's rating: 1626 &rarr; <strong>1611<\/strong><br \/>(-15 for losing)\n|raw|Parthenos0908's rating: 1709 &rarr; <strong>1724<\/strong><br \/>(+15 for winning)\n|l|\u2606SamP_64\n|player|p1|\n|l|\u2606Parthenos0908\n|player|p2|\n","uploadtime":1739542272,"views":28,"formatid":"gen9vgc2025regg","rating":1611,"private":0,"password":null}