{"id":"gen9vgc2025regg-2300940845","format":"[Gen 9] VGC 2025 Reg G","players":["Ducktile","chaddiestchad"],"log":"|j|\u2606Ducktile\n|j|\u2606chaddiestchad\n|t:|1739570915\n|gametype|doubles\n|player|p1|Ducktile|grimsley|1651\n|player|p2|chaddiestchad|supernerd|1730\n|teamsize|p1|6\n|teamsize|p2|6\n|gen|9\n|tier|[Gen 9] VGC 2025 Reg G\n|rated|\n|rule|Species Clause: Limit one of each Pok\u00e9mon\n|rule|Item Clause: Limit 1 of each item\n|clearpoke\n|poke|p1|Tatsugiri, L50, M|\n|poke|p1|Chi-Yu, L50|\n|poke|p1|Dragonite, L50, M|\n|poke|p1|Dondozo, L50, F|\n|poke|p1|Gholdengo, L50|\n|poke|p1|Miraidon, L50|\n|poke|p2|Calyrex-Shadow, L50|\n|poke|p2|Ogerpon-Hearthflame, L50, F|\n|poke|p2|Incineroar, L50, M|\n|poke|p2|Urshifu-*, L50, F|\n|poke|p2|Rillaboom, L50, M|\n|poke|p2|Raging Bolt, L50|\n|teampreview|4\n|j| UI Rain\n|inactive|Battle timer is ON: inactive players will automatically lose when time's up. (requested by chaddiestchad)\n|\n|t:|1739570968\n|start\n|switch|p1a: Chi-Yu|Chi-Yu, L50|100\/100\n|switch|p1b: Miraidon|Miraidon, L50|100\/100\n|switch|p2a: Incineroar|Incineroar, L50, M|100\/100\n|switch|p2b: Rillaboom|Rillaboom, L50, M|100\/100\n|-fieldstart|move: Electric Terrain|[from] ability: Hadron Engine|[of] p1b: Miraidon\n|-ability|p1a: Chi-Yu|Beads of Ruin\n|-fieldstart|move: Grassy Terrain|[from] ability: Grassy Surge|[of] p2b: Rillaboom\n|-ability|p2a: Incineroar|Intimidate|boost\n|-unboost|p1a: Chi-Yu|atk|1\n|-unboost|p1b: Miraidon|atk|1\n|turn|1\n|\n|t:|1739570987\n|move|p1a: Chi-Yu|Protect|p1a: Chi-Yu\n|-singleturn|p1a: Chi-Yu|Protect\n|move|p2a: Incineroar|Fake Out|p1a: Chi-Yu\n|-activate|p1a: Chi-Yu|move: Protect\n|move|p1b: Miraidon|Dazzling Gleam|p2b: Rillaboom|[spread] p2a,p2b\n|-crit|p2a: Incineroar\n|-damage|p2a: Incineroar|61\/100\n|-damage|p2b: Rillaboom|84\/100\n|move|p2b: Rillaboom|Wood Hammer|p1a: Chi-Yu\n|-activate|p1a: Chi-Yu|move: Protect\n|\n|-heal|p2b: Rillaboom|89\/100|[from] Grassy Terrain\n|-heal|p2a: Incineroar|67\/100|[from] Grassy Terrain\n|upkeep\n|turn|2\n|\n|t:|1739571011\n|-terastallize|p2b: Rillaboom|Fire\n|move|p1b: Miraidon|Electro Drift|p2a: Incineroar\n|-crit|p2a: Incineroar\n|-damage|p2a: Incineroar|0 fnt\n|-damage|p1b: Miraidon|84\/100|[from] item: Rocky Helmet|[of] p2a: Incineroar\n|faint|p2a: Incineroar\n|move|p1a: Chi-Yu|Heat Wave|p2b: Rillaboom\n|-resisted|p2b: Rillaboom\n|-damage|p2b: Rillaboom|69\/100\n|move|p2b: Rillaboom|Wood Hammer|p1a: Chi-Yu\n|-resisted|p1a: Chi-Yu\n|-damage|p1a: Chi-Yu|36\/100\n|-damage|p2b: Rillaboom|55\/100|[from] Recoil\n|\n|-heal|p1b: Miraidon|90\/100|[from] Grassy Terrain\n|-heal|p1a: Chi-Yu|42\/100|[from] Grassy Terrain\n|-heal|p2b: Rillaboom|61\/100|[from] Grassy Terrain\n|upkeep\n|\n|t:|1739571029\n|switch|p2a: Calyrex|Calyrex-Shadow, L50|100\/100\n|-ability|p2a: Calyrex|As One\n|-ability|p2a: Calyrex|Unnerve\n|turn|3\n|\n|t:|1739571044\n|move|p2b: Rillaboom|Grassy Glide|p1a: Chi-Yu\n|-resisted|p1a: Chi-Yu\n|-damage|p1a: Chi-Yu|15\/100\n|move|p2a: Calyrex|Astral Barrage|p1a: Chi-Yu|[spread] p1a,p1b\n|-resisted|p1a: Chi-Yu\n|-damage|p1a: Chi-Yu|0 fnt\n|-damage|p1b: Miraidon|44\/100\n|faint|p1a: Chi-Yu\n|-ability|p2a: Calyrex|Grim Neigh|boost\n|-boost|p2a: Calyrex|spa|1\n|move|p1b: Miraidon|Draco Meteor|p2a: Calyrex\n|-damage|p2a: Calyrex|35\/100\n|-unboost|p1b: Miraidon|spa|2\n|\n|-heal|p2a: Calyrex|41\/100|[from] Grassy Terrain\n|-heal|p1b: Miraidon|50\/100|[from] Grassy Terrain\n|-heal|p2b: Rillaboom|67\/100|[from] Grassy Terrain\n|upkeep\n|\n|t:|1739571064\n|switch|p1a: Dondozo|Dondozo, L50, F|100\/100\n|turn|4\n|\n|t:|1739571072\n|switch|p1b: Tatsugiri|Tatsugiri, L50, M|100\/100\n|-activate|p1b: Tatsugiri|ability: Commander|[of] p1a: Dondozo\n|-boost|p1a: Dondozo|atk|2\n|-boost|p1a: Dondozo|spa|2\n|-boost|p1a: Dondozo|spe|2\n|-boost|p1a: Dondozo|def|2\n|-boost|p1a: Dondozo|spd|2\n|move|p2a: Calyrex|Protect|p2a: Calyrex\n|-singleturn|p2a: Calyrex|Protect\n|move|p1a: Dondozo|Protect|p1a: Dondozo\n|-singleturn|p1a: Dondozo|Protect\n|move|p2b: Rillaboom|Wood Hammer|p1a: Dondozo\n|-activate|p1a: Dondozo|move: Protect\n|\n|-heal|p2a: Calyrex|47\/100|[from] Grassy Terrain\n|-heal|p2b: Rillaboom|73\/100|[from] Grassy Terrain\n|upkeep\n|turn|5\n|\n|t:|1739571095\n|switch|p2a: Raging Bolt|Raging Bolt, L50|100\/100\n|-enditem|p2a: Raging Bolt|Booster Energy\n|-activate|p2a: Raging Bolt|ability: Protosynthesis|[fromitem]\n|-start|p2a: Raging Bolt|protosynthesisspa\n|-terastallize|p1a: Dondozo|Grass\n|move|p1a: Dondozo|Order Up|p2a: Raging Bolt\n|-supereffective|p2a: Raging Bolt\n|-damage|p2a: Raging Bolt|35\/100\n|-boost|p1a: Dondozo|atk|1\n|move|p2b: Rillaboom|U-turn|p1a: Dondozo\n|-supereffective|p1a: Dondozo\n|-damage|p1a: Dondozo|84\/100\n|\n|t:|1739571108\n|switch|p2b: Calyrex|Calyrex-Shadow, L50|47\/100|[from] U-turn\n|-ability|p2b: Calyrex|As One\n|-ability|p2b: Calyrex|Unnerve\n|\n|-heal|p2b: Calyrex|53\/100|[from] Grassy Terrain\n|-heal|p1a: Dondozo|90\/100|[from] Grassy Terrain\n|-heal|p1a: Dondozo|96\/100|[from] item: Leftovers\n|-heal|p2a: Raging Bolt|41\/100|[from] Grassy Terrain\n|-fieldend|move: Grassy Terrain\n|upkeep\n|turn|6\n|\n|t:|1739571121\n|move|p2b: Calyrex|Protect|p2b: Calyrex\n|-singleturn|p2b: Calyrex|Protect\n|move|p1a: Dondozo|Earthquake|p2b: Calyrex|[spread] p2a\n|-miss|p1a: Dondozo|p1b: Tatsugiri\n|-activate|p2b: Calyrex|move: Protect\n|-supereffective|p2a: Raging Bolt\n|-damage|p2a: Raging Bolt|0 fnt\n|faint|p2a: Raging Bolt\n|-end|p2a: Raging Bolt|Protosynthesis|[silent]\n|\n|-heal|p1a: Dondozo|100\/100|[from] item: Leftovers\n|upkeep\n|\n|t:|1739571133\n|switch|p2a: Rillaboom|Rillaboom, L50, M, tera:Fire|73\/100\n|-fieldstart|move: Grassy Terrain|[from] ability: Grassy Surge|[of] p2a: Rillaboom\n|turn|7\n|\n|t:|1739571138\n|move|p1a: Dondozo|Protect|p1a: Dondozo\n|-singleturn|p1a: Dondozo|Protect\n|move|p2a: Rillaboom|Fake Out|p1a: Dondozo\n|-activate|p1a: Dondozo|move: Protect\n|move|p2b: Calyrex|Nasty Plot|p2b: Calyrex\n|-boost|p2b: Calyrex|spa|2\n|\n|-heal|p2b: Calyrex|59\/100|[from] Grassy Terrain\n|-heal|p2a: Rillaboom|79\/100|[from] Grassy Terrain\n|upkeep\n|turn|8\n|\n|t:|1739571151\n|move|p2b: Calyrex|Protect|p2b: Calyrex\n|-singleturn|p2b: Calyrex|Protect\n|move|p1a: Dondozo|Wave Crash|p2b: Calyrex\n|-activate|p2b: Calyrex|move: Protect\n|move|p2a: Rillaboom|U-turn|p1a: Dondozo\n|-supereffective|p1a: Dondozo\n|-damage|p1a: Dondozo|85\/100\n|\n|-heal|p2b: Calyrex|65\/100|[from] Grassy Terrain\n|-heal|p1a: Dondozo|91\/100|[from] Grassy Terrain\n|-heal|p1a: Dondozo|97\/100|[from] item: Leftovers\n|-heal|p2a: Rillaboom|84\/100|[from] Grassy Terrain\n|upkeep\n|turn|9\n|\n|t:|1739571166\n|move|p2b: Calyrex|Astral Barrage|p1b: Tatsugiri|[spread] p1a\n|-miss|p2b: Calyrex|p1b: Tatsugiri\n|-damage|p1a: Dondozo|65\/100\n|move|p1a: Dondozo|Wave Crash|p2b: Calyrex\n|-damage|p2b: Calyrex|0 fnt\n|faint|p2b: Calyrex\n|-damage|p1a: Dondozo|48\/100|[from] Recoil\n|move|p2a: Rillaboom|Wood Hammer|p1a: Dondozo\n|-resisted|p1a: Dondozo\n|-damage|p1a: Dondozo|35\/100\n|-damage|p2a: Rillaboom|80\/100|[from] Recoil\n|\n|-heal|p1a: Dondozo|41\/100|[from] Grassy Terrain\n|-heal|p1a: Dondozo|47\/100|[from] item: Leftovers\n|-heal|p2a: Rillaboom|85\/100|[from] Grassy Terrain\n|upkeep\n|turn|10\n|-message|chaddiestchad forfeited.\n|\n|win|Ducktile\n|raw|Ducktile's rating: 1651 &rarr; <strong>1675<\/strong><br \/>(+24 for winning)\n|raw|chaddiestchad's rating: 1730 &rarr; <strong>1706<\/strong><br \/>(-24 for losing)\n|l|\u2606chaddiestchad\n|player|p2|\n|l|\u2606Ducktile\n|player|p1|\n|l| UI Rain\n","uploadtime":1739571347,"views":9,"formatid":"gen9vgc2025regg","rating":1675,"private":0,"password":null}