{"id":"gen9vgc2025regg-2300440332","format":"[Gen 9] VGC 2025 Reg G","players":["MarcoHan","jecheonjo"],"log":"|j|\u2606MarcoHan\n|j|\u2606jecheonjo\n|t:|1739502651\n|gametype|doubles\n|player|p1|MarcoHan|steven|1558\n|player|p2|jecheonjo|steven|1511\n|teamsize|p1|6\n|teamsize|p2|6\n|gen|9\n|tier|[Gen 9] VGC 2025 Reg G\n|rated|\n|rule|Species Clause: Limit one of each Pok\u00e9mon\n|rule|Item Clause: Limit 1 of each item\n|clearpoke\n|poke|p1|Tyranitar, L50, M|\n|poke|p1|Calyrex-Ice, L50|\n|poke|p1|Excadrill, L50, M|\n|poke|p1|Zapdos-Galar, L50|\n|poke|p1|Amoonguss, L50, F|\n|poke|p1|Arcanine-Hisui, L50, M|\n|poke|p2|Terapagos, L50, M|\n|poke|p2|Tornadus, L50, M|\n|poke|p2|Urshifu-*, L50, M|\n|poke|p2|Amoonguss, L50, M|\n|poke|p2|Incineroar, L50, M|\n|poke|p2|Landorus, L50, M|\n|teampreview|4\n|inactive|Battle timer is ON: inactive players will automatically lose when time's up. (requested by MarcoHan)\n|inactive|jecheonjo has 60 seconds left.\n|\n|t:|1739502684\n|start\n|switch|p1a: Zapdos|Zapdos-Galar, L50|100\/100\n|switch|p1b: Arcanine|Arcanine-Hisui, L50, M|100\/100\n|switch|p2a: Terapagos|Terapagos, L50, M|100\/100\n|switch|p2b: Urshifu|Urshifu-Rapid-Strike, L50, M|100\/100\n|-activate|p2a: Terapagos|ability: Tera Shift\n|detailschange|p2a: Terapagos|Terapagos-Terastal, L50, M\n|-heal|p2a: Terapagos|100\/100|[silent]\n|-ability|p1b: Arcanine|Intimidate|boost\n|-unboost|p2a: Terapagos|atk|1\n|-unboost|p2b: Urshifu|atk|1\n|turn|1\n|\n|t:|1739502701\n|move|p1a: Zapdos|Brave Bird|p2b: Urshifu\n|-supereffective|p2b: Urshifu\n|-damage|p2b: Urshifu|0 fnt\n|faint|p2b: Urshifu\n|-damage|p1a: Zapdos|65\/100|[from] Recoil\n|move|p1b: Arcanine|Rock Slide|p2a: Terapagos\n|-activate|p2a: Terapagos|ability: Tera Shell\n|-resisted|p2a: Terapagos\n|-damage|p2a: Terapagos|86\/100\n|move|p2a: Terapagos|Calm Mind|p2a: Terapagos\n|-boost|p2a: Terapagos|spa|1\n|-boost|p2a: Terapagos|spd|1\n|\n|-heal|p2a: Terapagos|93\/100|[from] item: Leftovers\n|upkeep\n|\n|t:|1739502713\n|switch|p2b: Tornadus|Tornadus, L50, M|100\/100\n|turn|2\n|\n|t:|1739502727\n|-terastallize|p2a: Terapagos|Stellar\n|detailschange|p2a: Terapagos|Terapagos-Stellar, L50, M, tera:Stellar\n|-heal|p2a: Terapagos|95\/100|[silent]\n|move|p2b: Tornadus|Tailwind|p2b: Tornadus\n|-sidestart|p2: jecheonjo|move: Tailwind\n|move|p2a: Terapagos|Tera Starstorm|p1b: Arcanine|[spread] p1a,p1b\n|-damage|p1a: Zapdos|4\/100\n|-damage|p1b: Arcanine|56\/100\n|move|p1a: Zapdos|Brave Bird|p2b: Tornadus\n|-enditem|p2b: Tornadus|Focus Sash\n|-damage|p2b: Tornadus|1\/100\n|-damage|p1a: Zapdos|0 fnt|[from] Recoil\n|faint|p1a: Zapdos\n|move|p1b: Arcanine|Rock Slide|p2b: Tornadus|[spread] p2a,p2b\n|-supereffective|p2b: Tornadus\n|-damage|p2a: Terapagos|79\/100\n|-damage|p2b: Tornadus|0 fnt\n|faint|p2b: Tornadus\n|\n|-heal|p2a: Terapagos|85\/100|[from] item: Leftovers\n|upkeep\n|\n|t:|1739502747\n|switch|p2b: Incineroar|Incineroar, L50, M|100\/100\n|switch|p1a: Calyrex|Calyrex-Ice, L50|100\/100\n|-ability|p1a: Calyrex|As One\n|-ability|p1a: Calyrex|Unnerve\n|-ability|p2b: Incineroar|Intimidate|boost\n|-fail|p1a: Calyrex|unboost|[from] item: Clear Amulet|[of] p1a: Calyrex\n|-unboost|p1b: Arcanine|atk|1\n|turn|3\n|inactive|jecheonjo has 30 seconds left.\n|\n|t:|1739502777\n|switch|p1b: Tyranitar|Tyranitar, L50, M, shiny|100\/100\n|-weather|Sandstorm|[from] ability: Sand Stream|[of] p1b: Tyranitar\n|move|p1a: Calyrex|Protect|p1a: Calyrex\n|-singleturn|p1a: Calyrex|Protect\n|move|p2b: Incineroar|Fake Out|p1a: Calyrex\n|-activate|p1a: Calyrex|move: Protect\n|move|p2a: Terapagos|Calm Mind|p2a: Terapagos\n|-boost|p2a: Terapagos|spa|1\n|-boost|p2a: Terapagos|spd|1\n|\n|-weather|Sandstorm|[upkeep]\n|-damage|p2a: Terapagos|79\/100|[from] Sandstorm\n|-damage|p2b: Incineroar|95\/100|[from] Sandstorm\n|-damage|p1a: Calyrex|95\/100|[from] Sandstorm\n|-heal|p2a: Terapagos|85\/100|[from] item: Leftovers\n|upkeep\n|turn|4\n|\n|t:|1739502800\n|move|p2a: Terapagos|Tera Starstorm|p1a: Calyrex|[spread] p1a,p1b\n|-damage|p1a: Calyrex|43\/100\n|-damage|p1b: Tyranitar|52\/100\n|move|p2b: Incineroar|Knock Off|p1a: Calyrex\n|-supereffective|p1a: Calyrex\n|-damage|p1a: Calyrex|0 fnt\n|-enditem|p1a: Calyrex|Clear Amulet|[from] move: Knock Off|[of] p2b: Incineroar\n|faint|p1a: Calyrex\n|move|p1b: Tyranitar|Knock Off|p2a: Terapagos\n|-damage|p2a: Terapagos|56\/100\n|-enditem|p2a: Terapagos|Leftovers|[from] move: Knock Off|[of] p1b: Tyranitar\n|\n|-weather|Sandstorm|[upkeep]\n|-damage|p2a: Terapagos|50\/100|[from] Sandstorm\n|-damage|p2b: Incineroar|89\/100|[from] Sandstorm\n|upkeep\n|\n|t:|1739502805\n|switch|p1a: Arcanine|Arcanine-Hisui, L50, M|56\/100\n|-ability|p1a: Arcanine|Intimidate|boost\n|-unboost|p2a: Terapagos|atk|1\n|-unboost|p2b: Incineroar|atk|1\n|turn|5\n|\n|t:|1739502815\n|move|p2a: Terapagos|Tera Starstorm|p1b: Tyranitar|[spread] p1a,p1b\n|-damage|p1a: Arcanine|20\/100\n|-damage|p1b: Tyranitar|0 fnt\n|faint|p1b: Tyranitar\n|move|p2b: Incineroar|Knock Off|p1a: Arcanine\n|-damage|p1a: Arcanine|0 fnt\n|-enditem|p1a: Arcanine|Assault Vest|[from] move: Knock Off|[of] p2b: Incineroar\n|faint|p1a: Arcanine\n|\n|win|jecheonjo\n|raw|MarcoHan's rating: 1558 &rarr; <strong>1535<\/strong><br \/>(-23 for losing)\n|raw|jecheonjo's rating: 1511 &rarr; <strong>1534<\/strong><br \/>(+23 for winning)\n|l|\u2606MarcoHan\n|player|p1|\n|l|\u2606jecheonjo\n|player|p2|\n","uploadtime":1739503018,"views":6,"formatid":"gen9vgc2025regg","rating":1534,"private":0,"password":null}