{"id":"gen9vgc2025regg-2300049359","format":"[Gen 9] VGC 2025 Reg G","players":["gieoeo","Lenghong"],"log":"|j|\u2606gieoeo\n|j|\u2606Lenghong\n|t:|1739459740\n|gametype|doubles\n|player|p1|gieoeo|swimmer-gen4dp|1586\n|player|p2|Lenghong|hilda|1568\n|teamsize|p1|6\n|teamsize|p2|6\n|gen|9\n|tier|[Gen 9] VGC 2025 Reg G\n|rated|\n|rule|Species Clause: Limit one of each Pok\u00e9mon\n|rule|Item Clause: Limit 1 of each item\n|clearpoke\n|poke|p1|Calyrex-Shadow, L50|\n|poke|p1|Cresselia, L50, F|\n|poke|p1|Ursaluna, L50, F|\n|poke|p1|Indeedee-F, L50, F|\n|poke|p1|Clefairy, L50, F|\n|poke|p1|Annihilape, L50, M|\n|poke|p2|Urshifu-*, L50, F|\n|poke|p2|Whimsicott, L50, F|\n|poke|p2|Calyrex-Shadow, L50|\n|poke|p2|Indeedee-F, L50, F|\n|poke|p2|Landorus, L50, M|\n|poke|p2|Incineroar, L50, M|\n|teampreview|4\n|\n|t:|1739459762\n|start\n|switch|p1a: Calyrex|Calyrex-Shadow, L50|100\/100\n|switch|p1b: Indeedee|Indeedee-F, L50, F|100\/100\n|switch|p2a: Whimsicott|Whimsicott, L50, F|100\/100\n|switch|p2b: Urshifu|Urshifu, L50, F|100\/100\n|-ability|p1a: Calyrex|As One\n|-ability|p1a: Calyrex|Unnerve\n|-fieldstart|move: Psychic Terrain|[from] ability: Psychic Surge|[of] p1b: Indeedee\n|-enditem|p1b: Indeedee|Psychic Seed\n|-boost|p1b: Indeedee|spd|1|[from] item: Psychic Seed\n|turn|1\n|\n|t:|1739459792\n|-terastallize|p1b: Indeedee|Fairy\n|move|p1a: Calyrex|Protect|p1a: Calyrex\n|-singleturn|p1a: Calyrex|Protect\n|move|p2a: Whimsicott|Tailwind|p2a: Whimsicott\n|-sidestart|p2: Lenghong|move: Tailwind\n|move|p2b: Urshifu|Wicked Blow|p1a: Calyrex\n|-supereffective|p1a: Calyrex\n|-crit|p1a: Calyrex\n|-enditem|p1a: Calyrex|Focus Sash\n|-damage|p1a: Calyrex|1\/100\n|move|p1b: Indeedee|Dazzling Gleam|p2a: Whimsicott|[spread] p2a,p2b\n|-supereffective|p2b: Urshifu\n|-damage|p2a: Whimsicott|69\/100\n|-damage|p2b: Urshifu|0 fnt\n|faint|p2b: Urshifu\n|\n|upkeep\n|\n|t:|1739459806\n|switch|p2b: Calyrex|Calyrex-Shadow, L50|100\/100\n|-ability|p2b: Calyrex|As One\n|-ability|p2b: Calyrex|Unnerve\n|turn|2\n|\n|t:|1739459821\n|switch|p1a: Ursaluna|Ursaluna, L50, F|100\/100\n|move|p2b: Calyrex|Astral Barrage|p1b: Indeedee|[spread] p1b\n|-immune|p1a: Ursaluna\n|-damage|p1b: Indeedee|48\/100\n|move|p2a: Whimsicott|Endeavor|p1b: Indeedee\n|-immune|p1b: Indeedee\n|move|p1b: Indeedee|Trick Room|p1b: Indeedee\n|-fieldstart|move: Trick Room|[of] p1b: Indeedee\n|\n|-status|p1a: Ursaluna|brn|[from] item: Flame Orb\n|upkeep\n|turn|3\n|\n|t:|1739459839\n|switch|p1b: Cresselia|Cresselia, L50, F|100\/100\n|switch|p2b: Landorus|Landorus, L50, M|100\/100\n|move|p1a: Ursaluna|Earthquake|p2a: Whimsicott|[spread] p2a\n|-immune|p1b: Cresselia|[from] ability: Levitate\n|-immune|p2b: Landorus\n|-resisted|p2a: Whimsicott\n|-damage|p2a: Whimsicott|15\/100\n|move|p2a: Whimsicott|Moonblast|p1a: Ursaluna\n|-damage|p1a: Ursaluna|70\/100 brn\n|\n|-damage|p1a: Ursaluna|64\/100 brn|[from] brn\n|upkeep\n|turn|4\n|\n|t:|1739459856\n|move|p1a: Ursaluna|Facade|p2b: Landorus\n|-damage|p2b: Landorus|0 fnt\n|faint|p2b: Landorus\n|move|p1b: Cresselia|Moonblast|p2a: Whimsicott\n|-damage|p2a: Whimsicott|0 fnt\n|faint|p2a: Whimsicott\n|\n|-damage|p1a: Ursaluna|58\/100 brn|[from] brn\n|-sideend|p2: Lenghong|move: Tailwind\n|upkeep\n|\n|t:|1739459861\n|switch|p2b: Calyrex|Calyrex-Shadow, L50|100\/100\n|-ability|p2b: Calyrex|As One\n|-ability|p2b: Calyrex|Unnerve\n|turn|5\n|\n|t:|1739459871\n|move|p1a: Ursaluna|Earthquake|p2b: Calyrex|[spread] p2b\n|-immune|p1b: Cresselia|[from] ability: Levitate\n|-damage|p2b: Calyrex|20\/100\n|move|p1b: Cresselia|Lunar Blessing|p1b: Cresselia|[spread] p1a,p1b\n|-heal|p1a: Ursaluna|83\/100 brn\n|-curestatus|p1a: Ursaluna|brn|[msg]\n|move|p2b: Calyrex|Expanding Force|p1b: Cresselia|[spread] p1a,p1b\n|-crit|p1a: Ursaluna\n|-resisted|p1b: Cresselia\n|-damage|p1a: Ursaluna|0 fnt\n|-damage|p1b: Cresselia|71\/100\n|faint|p1a: Ursaluna\n|-ability|p2b: Calyrex|Grim Neigh|boost\n|-boost|p2b: Calyrex|spa|1\n|\n|-fieldend|move: Psychic Terrain\n|upkeep\n|\n|t:|1739459876\n|switch|p1a: Indeedee|Indeedee-F, L50, F, tera:Fairy|48\/100\n|-fieldstart|move: Psychic Terrain|[from] ability: Psychic Surge|[of] p1a: Indeedee\n|turn|6\n|\n|t:|1739459885\n|move|p1b: Cresselia|Moonblast|p2b: Calyrex\n|-damage|p2b: Calyrex|2\/100\n|move|p1a: Indeedee|Dazzling Gleam|p2b: Calyrex\n|-damage|p2b: Calyrex|0 fnt\n|faint|p2b: Calyrex\n|\n|win|gieoeo\n|raw|gieoeo's rating: 1586 &rarr; <strong>1605<\/strong><br \/>(+19 for winning)\n|raw|Lenghong's rating: 1568 &rarr; <strong>1549<\/strong><br \/>(-19 for losing)\n|l|\u2606Lenghong\n|player|p2|\n|l|\u2606gieoeo\n|player|p1|\n","uploadtime":1739460036,"views":7,"formatid":"gen9vgc2025regg","rating":1549,"private":0,"password":null}