{"id":"gen9vgc2025regg-2300495322","format":"[Gen 9] VGC 2025 Reg G","players":["pig duck eater","syarisyari"],"log":"|j|\u2606pig duck eater\n|j|\u2606syarisyari\n|t:|1739511465\n|gametype|doubles\n|player|p1|pig duck eater|170|1693\n|player|p2|syarisyari|101|1606\n|teamsize|p1|6\n|teamsize|p2|6\n|gen|9\n|tier|[Gen 9] VGC 2025 Reg G\n|rated|\n|rule|Species Clause: Limit one of each Pok\u00e9mon\n|rule|Item Clause: Limit 1 of each item\n|clearpoke\n|poke|p1|Calyrex-Shadow, L50|\n|poke|p1|Torkoal, L50, M|\n|poke|p1|Walking Wake, L50|\n|poke|p1|Indeedee-F, L50, F|\n|poke|p1|Ogerpon, L50, F|\n|poke|p1|Weezing-Galar, L50, M|\n|poke|p2|Calyrex-Shadow, L50|\n|poke|p2|Clefairy, L50, F|\n|poke|p2|Rillaboom, L50, M|\n|poke|p2|Urshifu-*, L50, M|\n|poke|p2|Incineroar, L50, M|\n|poke|p2|Ogerpon, L50, F|\n|teampreview|4\n|\n|t:|1739511492\n|start\n|switch|p1a: Ogerpon|Ogerpon, L50, F|100\/100\n|switch|p1b: Indeedee|Indeedee-F, L50, F|100\/100\n|switch|p2a: Calyrex|Calyrex-Shadow, L50|100\/100\n|switch|p2b: Ogerpon|Ogerpon, L50, F|100\/100\n|-ability|p2a: Calyrex|As One\n|-ability|p2a: Calyrex|Unnerve\n|-fieldstart|move: Psychic Terrain|[from] ability: Psychic Surge|[of] p1b: Indeedee\n|-enditem|p1b: Indeedee|Psychic Seed\n|-boost|p1b: Indeedee|spd|1|[from] item: Psychic Seed\n|turn|1\n|\n|t:|1739511510\n|move|p2a: Calyrex|Astral Barrage|p1b: Indeedee|[spread] p1a\n|-immune|p1b: Indeedee\n|-damage|p1a: Ogerpon|40\/100\n|move|p2b: Ogerpon|Bullet Seed|p1a: Ogerpon\n|-resisted|p1a: Ogerpon\n|-damage|p1a: Ogerpon|30\/100\n|-resisted|p1a: Ogerpon\n|-crit|p1a: Ogerpon\n|-damage|p1a: Ogerpon|18\/100\n|-resisted|p1a: Ogerpon\n|-damage|p1a: Ogerpon|8\/100\n|-resisted|p1a: Ogerpon\n|-damage|p1a: Ogerpon|0 fnt\n|faint|p1a: Ogerpon\n|-hitcount|p1: Ogerpon|4\n|move|p1b: Indeedee|Trick Room|p1b: Indeedee\n|-fieldstart|move: Trick Room|[of] p1b: Indeedee\n|\n|upkeep\n|\n|t:|1739511524\n|switch|p1a: Weezing|Weezing-Galar, L50, M|100\/100\n|-ability|p1a: Weezing|Neutralizing Gas\n|turn|2\n|\n|t:|1739511540\n|switch|p2b: Incineroar|Incineroar, L50, M|100\/100\n|move|p1b: Indeedee|Dazzling Gleam|p2b: Incineroar|[spread] p2a,p2b\n|-damage|p2a: Calyrex|86\/100\n|-damage|p2b: Incineroar|89\/100\n|move|p1a: Weezing|Assurance|p2a: Calyrex\n|-supereffective|p2a: Calyrex\n|-damage|p2a: Calyrex|0 fnt\n|faint|p2a: Calyrex\n|\n|upkeep\n|\n|t:|1739511552\n|switch|p2a: Rillaboom|Rillaboom, L50, M|100\/100\n|turn|3\n|\n|t:|1739511582\n|-terastallize|p1b: Indeedee|Fairy\n|-terastallize|p2a: Rillaboom|Fire\n|move|p1b: Indeedee|Dazzling Gleam|p2b: Incineroar|[spread] p2a,p2b\n|-resisted|p2a: Rillaboom\n|-damage|p2a: Rillaboom|94\/100\n|-damage|p2b: Incineroar|72\/100\n|move|p1a: Weezing|Gunk Shot|p2a: Rillaboom\n|-damage|p2a: Rillaboom|54\/100\n|-status|p2a: Rillaboom|psn\n|move|p2b: Incineroar|Knock Off|p1a: Weezing\n|-resisted|p1a: Weezing\n|-damage|p1a: Weezing|84\/100\n|-enditem|p1a: Weezing|Assault Vest|[from] move: Knock Off|[of] p2b: Incineroar\n|move|p2a: Rillaboom|High Horsepower|p1a: Weezing\n|-supereffective|p1a: Weezing\n|-damage|p1a: Weezing|40\/100\n|\n|-damage|p2a: Rillaboom|41\/100 psn|[from] psn\n|upkeep\n|turn|4\n|\n|t:|1739511610\n|move|p1b: Indeedee|Dazzling Gleam|p2a: Rillaboom|[spread] p2a,p2b\n|-resisted|p2a: Rillaboom\n|-damage|p2a: Rillaboom|35\/100 psn\n|-damage|p2b: Incineroar|55\/100\n|move|p1a: Weezing|Gunk Shot|p2b: Incineroar\n|-damage|p2b: Incineroar|12\/100\n|move|p2b: Incineroar|Parting Shot|p1a: Weezing\n|-unboost|p1a: Weezing|atk|1\n|-unboost|p1a: Weezing|spa|1\n|\n|t:|1739511617\n|switch|p2b: Ogerpon|Ogerpon, L50, F|100\/100|[from] Parting Shot\n|move|p2a: Rillaboom|Wood Hammer|p1b: Indeedee\n|-damage|p1b: Indeedee|45\/100\n|-damage|p2a: Rillaboom|18\/100 psn|[from] Recoil\n|\n|-damage|p2a: Rillaboom|6\/100 psn|[from] psn\n|upkeep\n|turn|5\n|\n|t:|1739511638\n|move|p2b: Ogerpon|Spiky Shield|p2b: Ogerpon\n|-singleturn|p2b: Ogerpon|move: Protect\n|move|p1b: Indeedee|Dazzling Gleam|p2b: Ogerpon|[spread] p2a\n|-activate|p2b: Ogerpon|move: Protect\n|-resisted|p2a: Rillaboom\n|-damage|p2a: Rillaboom|0 fnt\n|faint|p2a: Rillaboom\n|move|p1a: Weezing|Gunk Shot|p2b: Ogerpon\n|-activate|p2b: Ogerpon|move: Protect\n|\n|-fieldend|move: Trick Room\n|-fieldend|move: Psychic Terrain\n|upkeep\n|\n|t:|1739511644\n|switch|p2a: Incineroar|Incineroar, L50, M|12\/100\n|turn|6\n|\n|t:|1739511655\n|move|p2a: Incineroar|Fake Out|p1a: Weezing\n|-damage|p1a: Weezing|31\/100\n|move|p2b: Ogerpon|Bullet Seed|p1b: Indeedee\n|-crit|p1b: Indeedee\n|-damage|p1b: Indeedee|24\/100\n|-damage|p1b: Indeedee|11\/100\n|-damage|p1b: Indeedee|0 fnt\n|faint|p1b: Indeedee\n|-hitcount|p1: Indeedee|3\n|cant|p1a: Weezing|flinch\n|\n|upkeep\n|\n|t:|1739511659\n|switch|p1b: Calyrex|Calyrex-Shadow, L50|100\/100\n|-ability|p1b: Calyrex|As One\n|-ability|p1b: Calyrex|Unnerve\n|turn|7\n|\n|t:|1739511667\n|move|p1b: Calyrex|Astral Barrage|p2b: Ogerpon|[spread] p2a,p2b\n|-resisted|p2a: Incineroar\n|-damage|p2a: Incineroar|0 fnt\n|-damage|p2b: Ogerpon|31\/100\n|faint|p2a: Incineroar\n|-ability|p1b: Calyrex|Grim Neigh|boost\n|-boost|p1b: Calyrex|spa|1\n|move|p2b: Ogerpon|Bullet Seed|p1b: Calyrex\n|-damage|p1b: Calyrex|83\/100\n|-damage|p1b: Calyrex|66\/100\n|-damage|p1b: Calyrex|49\/100\n|-damage|p1b: Calyrex|32\/100\n|-hitcount|p1b: Calyrex|4\n|move|p1a: Weezing|Gunk Shot|p2b: Ogerpon\n|-supereffective|p2b: Ogerpon\n|-damage|p2b: Ogerpon|0 fnt\n|faint|p2b: Ogerpon\n|\n|win|pig duck eater\n|raw|pig duck eater's rating: 1693 &rarr; <strong>1708<\/strong><br \/>(+15 for winning)\n|raw|syarisyari's rating: 1606 &rarr; <strong>1591<\/strong><br \/>(-15 for losing)\n|l|\u2606syarisyari\n|player|p2|\n","uploadtime":1739511819,"views":13,"formatid":"gen9vgc2025regg","rating":1591,"private":0,"password":null}