{"id":"gen9vgc2025regg-2300485730","format":"[Gen 9] VGC 2025 Reg G","players":["huyuplan","Yung Trav"],"log":"|j|\u2606huyuplan\n|j|\u2606Yung Trav\n|t:|1739509763\n|gametype|doubles\n|player|p1|huyuplan|lucas|1665\n|player|p2|Yung Trav|169|1750\n|teamsize|p1|6\n|teamsize|p2|6\n|gen|9\n|tier|[Gen 9] VGC 2025 Reg G\n|rated|\n|rule|Species Clause: Limit one of each Pok\u00e9mon\n|rule|Item Clause: Limit 1 of each item\n|clearpoke\n|poke|p1|Regidrago, L50|\n|poke|p1|Zacian-*, L50|\n|poke|p1|Farigiraf, L50, M|\n|poke|p1|Tornadus, L50, M|\n|poke|p1|Ditto, L50|\n|poke|p1|Amoonguss, L50, F|\n|poke|p2|Calyrex-Ice, L50|\n|poke|p2|Regidrago, L50|\n|poke|p2|Smeargle, L50, M|\n|poke|p2|Farigiraf, L50, M|\n|poke|p2|Urshifu-*, L50, M|\n|poke|p2|Ogerpon-Cornerstone, L50, F|\n|teampreview|4\n|inactive|Battle timer is ON: inactive players will automatically lose when time's up. (requested by Yung Trav)\n|j| SolidusSprigatito\n|\n|t:|1739509793\n|start\n|switch|p1a: Tornadus|Tornadus, L50, M|100\/100\n|switch|p1b: Zacian|Zacian-Crowned, L50|100\/100\n|switch|p2a: Calyrex|Calyrex-Ice, L50|100\/100\n|switch|p2b: Smeargle|Smeargle, L50, M, shiny|100\/100\n|-ability|p2a: Calyrex|As One\n|-ability|p2a: Calyrex|Unnerve\n|-ability|p1b: Zacian|Intrepid Sword|boost\n|-boost|p1b: Zacian|atk|1\n|turn|1\n|inactive|huyuplan has 30 seconds left.\n|inactive|Yung Trav has 30 seconds left.\n|inactive|huyuplan has 20 seconds left.\n|inactive|Yung Trav has 20 seconds left.\n|inactive|huyuplan has 15 seconds left.\n|inactive|huyuplan has 10 seconds left.\n|inactive|Yung Trav has 15 seconds left.\n|\n|t:|1739509841\n|-terastallize|p1a: Tornadus|Water\n|move|p1b: Zacian|Protect|p1b: Zacian\n|-singleturn|p1b: Zacian|Protect\n|move|p2b: Smeargle|Follow Me|p2b: Smeargle\n|-singleturn|p2b: Smeargle|move: Follow Me\n|move|p1a: Tornadus|Taunt|p2b: Smeargle\n|-start|p2b: Smeargle|move: Taunt\n|move|p2a: Calyrex|Trick Room|p2a: Calyrex\n|-fieldstart|move: Trick Room|[of] p2a: Calyrex\n|\n|upkeep\n|turn|2\n|inactive|huyuplan has 30 seconds left.\n|\n|t:|1739509867\n|switch|p2b: Regidrago|Regidrago, L50, shiny|100\/100\n|move|p2a: Calyrex|High Horsepower|p1b: Zacian\n|-supereffective|p1b: Zacian\n|-damage|p1b: Zacian|19\/100\n|move|p1a: Tornadus|Bleakwind Storm|p2b: Regidrago|[spread] p2a,p2b\n|-damage|p2a: Calyrex|75\/100\n|-damage|p2b: Regidrago|58\/100\n|move|p1b: Zacian|Behemoth Blade|p2a: Calyrex\n|-supereffective|p2a: Calyrex\n|-damage|p2a: Calyrex|0 fnt\n|faint|p2a: Calyrex\n|\n|upkeep\n|\n|t:|1739509882\n|switch|p2a: Smeargle|Smeargle, L50, M, shiny|100\/100\n|turn|3\n|\n|t:|1739509904\n|move|p1b: Zacian|Protect|p1b: Zacian\n|-singleturn|p1b: Zacian|Protect\n|move|p1a: Tornadus|Taunt|p2a: Smeargle\n|-start|p2a: Smeargle|move: Taunt\n|move|p2b: Regidrago|Earth Power|p1b: Zacian\n|-activate|p1b: Zacian|move: Protect\n|cant|p2a: Smeargle|move: Taunt|Spore\n|\n|upkeep\n|turn|4\n|inactive|huyuplan has 30 seconds left.\n|\n|t:|1739509935\n|switch|p2a: Ogerpon|Ogerpon-Cornerstone, L50, F|100\/100\n|switch|p1b: Amoonguss|Amoonguss, L50, F|100\/100\n|-terastallize|p2b: Regidrago|Dragon\n|move|p2b: Regidrago|Dragon Energy|p1a: Tornadus|[spread] p1a,p1b\n|-damage|p1a: Tornadus|13\/100\n|-damage|p1b: Amoonguss|40\/100\n|move|p1a: Tornadus|Icy Wind|p2b: Regidrago|[spread] p2a,p2b\n|-supereffective|p2a: Ogerpon\n|-supereffective|p2b: Regidrago\n|-damage|p2a: Ogerpon|67\/100\n|-damage|p2b: Regidrago|29\/100\n|-unboost|p2a: Ogerpon|spe|1\n|-unboost|p2b: Regidrago|spe|1\n|\n|upkeep\n|turn|5\n|inactive|huyuplan has 30 seconds left.\n|inactive|Yung Trav has 30 seconds left.\n|inactive|huyuplan has 20 seconds left.\n|\n|t:|1739509970\n|move|p1a: Tornadus|Taunt|p2a: Ogerpon\n|-start|p2a: Ogerpon|move: Taunt\n|move|p2b: Regidrago|Draco Meteor|p1b: Amoonguss|[miss]\n|-miss|p2b: Regidrago|p1b: Amoonguss\n|move|p1b: Amoonguss|Spore|p2b: Regidrago\n|-status|p2b: Regidrago|slp|[from] move: Spore\n|move|p2a: Ogerpon|Power Whip|p1a: Tornadus\n|-supereffective|p1a: Tornadus\n|-damage|p1a: Tornadus|0 fnt\n|faint|p1a: Tornadus\n|\n|-fieldend|move: Trick Room\n|upkeep\n|\n|t:|1739509987\n|switch|p1a: Regidrago|Regidrago, L50|100\/100\n|turn|6\n|\n|t:|1739509997\n|switch|p1b: Zacian|Zacian-Crowned, L50|19\/100\n|cant|p2b: Regidrago|slp\n|move|p1a: Regidrago|Dragon Energy|p2b: Regidrago|[spread] p2a,p2b\n|-supereffective|p2b: Regidrago\n|-damage|p2a: Ogerpon|0 fnt\n|-damage|p2b: Regidrago|0 fnt\n|faint|p2a: Ogerpon\n|faint|p2b: Regidrago\n|\n|upkeep\n|-message|Yung Trav forfeited.\n|\n|win|huyuplan\n|raw|huyuplan's rating: 1665 &rarr; <strong>1690<\/strong><br \/>(+25 for winning)\n|raw|Yung Trav's rating: 1750 &rarr; <strong>1725<\/strong><br \/>(-25 for losing)\n|l|\u2606Yung Trav\n|player|p2|\n|j|\u2606Yung Trav\n|player|p2|Yung Trav|169|\n|l|\u2606huyuplan\n|player|p1|\n|l|\u2606Yung Trav\n|player|p2|\n|l| SolidusSprigatito\n","uploadtime":1739510159,"views":19,"formatid":"gen9vgc2025regg","rating":1690,"private":0,"password":null}