{"id":"gen9vgc2025regg-2300848867","format":"[Gen 9] VGC 2025 Reg G","players":["chaddiestchad","GholdAndGoHome"],"log":"|j|\u2606chaddiestchad\n|j|\u2606GholdAndGoHome\n|t:|1739560397\n|gametype|doubles\n|player|p1|chaddiestchad|supernerd|1676\n|player|p2|GholdAndGoHome|102|1670\n|teamsize|p1|6\n|teamsize|p2|6\n|gen|9\n|tier|[Gen 9] VGC 2025 Reg G\n|rated|\n|rule|Species Clause: Limit one of each Pok\u00e9mon\n|rule|Item Clause: Limit 1 of each item\n|clearpoke\n|poke|p1|Calyrex-Shadow, L50|\n|poke|p1|Ogerpon-Hearthflame, L50, F|\n|poke|p1|Incineroar, L50, F|\n|poke|p1|Urshifu-*, L50, F|\n|poke|p1|Rillaboom, L50, M|\n|poke|p1|Raging Bolt, L50|\n|poke|p2|Chien-Pao, L50|\n|poke|p2|Miraidon, L50|\n|poke|p2|Whimsicott, L50, F|\n|poke|p2|Entei, L50|\n|poke|p2|Iron Hands, L50|\n|poke|p2|Iron Treads, L50|\n|teampreview|4\n|inactive|Battle timer is ON: inactive players will automatically lose when time's up. (requested by chaddiestchad)\n|inactive|chaddiestchad has 60 seconds left.\n|\n|t:|1739560446\n|start\n|switch|p1a: Incineroar|Incineroar, L50, F|100\/100\n|switch|p1b: Rillaboom|Rillaboom, L50, M|100\/100\n|switch|p2a: Entei|Entei, L50|100\/100\n|switch|p2b: Whimsicott|Whimsicott, L50, F|100\/100\n|-fieldstart|move: Grassy Terrain|[from] ability: Grassy Surge|[of] p1b: Rillaboom\n|-ability|p1a: Incineroar|Intimidate|boost\n|-fail|p2a: Entei|unboost|Attack|[from] ability: Inner Focus|[of] p2a: Entei\n|-unboost|p2b: Whimsicott|atk|1\n|turn|1\n|\n|t:|1739560463\n|-terastallize|p1b: Rillaboom|Fire\n|move|p2b: Whimsicott|Moonblast|p1a: Incineroar\n|-damage|p1a: Incineroar|75\/100\n|move|p2a: Entei|Sacred Fire|p1b: Rillaboom\n|-resisted|p1b: Rillaboom\n|-damage|p1b: Rillaboom|67\/100\n|move|p1b: Rillaboom|U-turn|p2b: Whimsicott\n|-damage|p2b: Whimsicott|75\/100\n|\n|t:|1739560474\n|switch|p1b: Calyrex|Calyrex-Shadow, L50|100\/100|[from] U-turn\n|-ability|p1b: Calyrex|As One\n|-ability|p1b: Calyrex|Unnerve\n|move|p1a: Incineroar|Parting Shot|p2a: Entei\n|-unboost|p2a: Entei|atk|1\n|-unboost|p2a: Entei|spa|1\n|\n|t:|1739560484\n|switch|p1a: Ogerpon|Ogerpon-Hearthflame, L50, F|100\/100|[from] Parting Shot\n|-ability|p1a: Ogerpon|Mold Breaker\n|\n|-heal|p2b: Whimsicott|81\/100|[from] Grassy Terrain\n|upkeep\n|turn|2\n|\n|t:|1739560494\n|move|p1a: Ogerpon|Follow Me|p1a: Ogerpon\n|-singleturn|p1a: Ogerpon|move: Follow Me\n|move|p2b: Whimsicott|Light Screen|p2b: Whimsicott\n|-sidestart|p2: GholdAndGoHome|move: Light Screen\n|move|p1b: Calyrex|Astral Barrage|p2a: Entei|[spread] p2a,p2b\n|-damage|p2a: Entei|59\/100\n|-damage|p2b: Whimsicott|36\/100\n|move|p2a: Entei|Sacred Fire|p1a: Ogerpon\n|-damage|p1a: Ogerpon|41\/100\n|\n|-heal|p1a: Ogerpon|47\/100|[from] Grassy Terrain\n|-heal|p2b: Whimsicott|42\/100|[from] Grassy Terrain\n|-heal|p2a: Entei|65\/100|[from] Grassy Terrain\n|upkeep\n|turn|3\n|\n|t:|1739560517\n|switch|p1a: Incineroar|Incineroar, L50, F|75\/100\n|-ability|p1a: Incineroar|Intimidate|boost\n|-fail|p2a: Entei|unboost|Attack|[from] ability: Inner Focus|[of] p2a: Entei\n|-unboost|p2b: Whimsicott|atk|1\n|switch|p2b: Chien-Pao|Chien-Pao, L50|100\/100\n|-ability|p2b: Chien-Pao|Sword of Ruin\n|move|p1b: Calyrex|Astral Barrage|p2a: Entei|[spread] p2a,p2b\n|-resisted|p2b: Chien-Pao\n|-damage|p2a: Entei|25\/100\n|-damage|p2b: Chien-Pao|63\/100\n|move|p2a: Entei|Sacred Fire|p1a: Incineroar\n|-resisted|p1a: Incineroar\n|-damage|p1a: Incineroar|50\/100\n|\n|-heal|p2b: Chien-Pao|69\/100|[from] Grassy Terrain\n|-heal|p2a: Entei|31\/100|[from] Grassy Terrain\n|-heal|p1a: Incineroar|55\/100|[from] Grassy Terrain\n|upkeep\n|turn|4\n|inactive|chaddiestchad has 30 seconds left.\n|\n|t:|1739560546\n|-terastallize|p2a: Entei|Normal\n|move|p1b: Calyrex|Protect|p1b: Calyrex\n|-singleturn|p1b: Calyrex|Protect\n|move|p2b: Chien-Pao|Protect|p2b: Chien-Pao\n|-singleturn|p2b: Chien-Pao|Protect\n|move|p2a: Entei|Sacred Fire|p1b: Calyrex\n|-activate|p1b: Calyrex|move: Protect\n|move|p1a: Incineroar|Parting Shot|p2b: Chien-Pao\n|-activate|p2b: Chien-Pao|move: Protect\n|\n|-heal|p2b: Chien-Pao|75\/100|[from] Grassy Terrain\n|-heal|p2a: Entei|37\/100|[from] Grassy Terrain\n|-heal|p1a: Incineroar|61\/100|[from] Grassy Terrain\n|upkeep\n|turn|5\n|j| kiabu233\n|\n|t:|1739560566\n|switch|p1b: Ogerpon|Ogerpon-Hearthflame, L50, F|47\/100\n|-ability|p1b: Ogerpon|Mold Breaker\n|move|p2b: Chien-Pao|Sacred Sword|p1a: Incineroar\n|-supereffective|p1a: Incineroar\n|-damage|p1a: Incineroar|7\/100\n|-damage|p2b: Chien-Pao|59\/100|[from] item: Rocky Helmet|[of] p1a: Incineroar\n|move|p2a: Entei|Sacred Fire|p1b: Ogerpon\n|-damage|p1b: Ogerpon|0 fnt\n|faint|p1b: Ogerpon\n|move|p1a: Incineroar|Knock Off|p2a: Entei\n|-damage|p2a: Entei|0 fnt\n|-enditem|p2a: Entei|Choice Band|[from] move: Knock Off|[of] p1a: Incineroar\n|faint|p2a: Entei\n|\n|-heal|p2b: Chien-Pao|64\/100|[from] Grassy Terrain\n|-heal|p1a: Incineroar|13\/100|[from] Grassy Terrain\n|-fieldend|move: Grassy Terrain\n|upkeep\n|\n|t:|1739560586\n|switch|p1b: Calyrex|Calyrex-Shadow, L50|100\/100\n|switch|p2a: Whimsicott|Whimsicott, L50, F|42\/100\n|-ability|p1b: Calyrex|As One\n|-ability|p1b: Calyrex|Unnerve\n|turn|6\n|j| Pokuchu\n|\n|t:|1739560598\n|switch|p1a: Rillaboom|Rillaboom, L50, M, tera:Fire|67\/100\n|-fieldstart|move: Grassy Terrain|[from] ability: Grassy Surge|[of] p1a: Rillaboom\n|move|p2b: Chien-Pao|Protect|p2b: Chien-Pao\n|-singleturn|p2b: Chien-Pao|Protect\n|move|p1b: Calyrex|Astral Barrage|p2a: Whimsicott|[spread] p2a\n|-activate|p2b: Chien-Pao|move: Protect\n|-damage|p2a: Whimsicott|0 fnt\n|faint|p2a: Whimsicott\n|-ability|p1b: Calyrex|Grim Neigh|boost\n|-boost|p1b: Calyrex|spa|1\n|\n|-heal|p2b: Chien-Pao|70\/100|[from] Grassy Terrain\n|-heal|p1a: Rillaboom|73\/100|[from] Grassy Terrain\n|-sideend|p2: GholdAndGoHome|move: Light Screen\n|upkeep\n|\n|t:|1739560600\n|switch|p2a: Miraidon|Miraidon, L50|100\/100\n|-fieldstart|move: Electric Terrain|[from] ability: Hadron Engine|[of] p2a: Miraidon\n|turn|7\n|\n|t:|1739560620\n|move|p1a: Rillaboom|Fake Out|p2b: Chien-Pao\n|-damage|p2b: Chien-Pao|51\/100\n|cant|p2b: Chien-Pao|flinch\n|move|p1b: Calyrex|Astral Barrage|p2b: Chien-Pao|[spread] p2a,p2b\n|-resisted|p2b: Chien-Pao\n|-damage|p2a: Miraidon|9\/100\n|-damage|p2b: Chien-Pao|0 fnt\n|faint|p2b: Chien-Pao\n|-ability|p1b: Calyrex|Grim Neigh|boost\n|-boost|p1b: Calyrex|spa|1\n|move|p2a: Miraidon|Electro Drift|p1a: Rillaboom\n|-damage|p1a: Rillaboom|0 fnt\n|faint|p1a: Rillaboom\n|\n|upkeep\n|-message|GholdAndGoHome forfeited.\n|\n|win|chaddiestchad\n|raw|chaddiestchad's rating: 1676 &rarr; <strong>1696<\/strong><br \/>(+20 for winning)\n|raw|GholdAndGoHome's rating: 1670 &rarr; <strong>1650<\/strong><br \/>(-20 for losing)\n|l|\u2606GholdAndGoHome\n|player|p2|\n|l|\u2606chaddiestchad\n|player|p1|\n|l| kiabu233\n","uploadtime":1739560888,"views":10,"formatid":"gen9vgc2025regg","rating":1650,"private":0,"password":null}