{"id":"gen9vgc2025regg-2300693128","format":"[Gen 9] VGC 2025 Reg G","players":["Angelo Neres","asslowladderplayer"],"log":"|j|\u2606Angelo Neres\n|j|\u2606asslowladderplayer\n|t:|1739544103\n|gametype|doubles\n|player|p1|Angelo Neres|102|1583\n|player|p2|asslowladderplayer|biker|1587\n|teamsize|p1|6\n|teamsize|p2|6\n|gen|9\n|tier|[Gen 9] VGC 2025 Reg G\n|rated|\n|rule|Species Clause: Limit one of each Pok\u00e9mon\n|rule|Item Clause: Limit 1 of each item\n|clearpoke\n|poke|p1|Groudon, L50|\n|poke|p1|Moltres-Galar, L50|\n|poke|p1|Scream Tail, L50|\n|poke|p1|Grimmsnarl, L50, M|\n|poke|p1|Cobalion, L50|\n|poke|p1|Amoonguss, L50, M|\n|poke|p2|Miraidon, L50|\n|poke|p2|Ogerpon-Hearthflame, L50, F|\n|poke|p2|Iron Hands, L50|\n|poke|p2|Urshifu-*, L50, M|\n|poke|p2|Roaring Moon, L50|\n|poke|p2|Landorus, L50, M|\n|teampreview|4\n|inactive|Battle timer is ON: inactive players will automatically lose when time's up. (requested by Angelo Neres)\n|inactive|asslowladderplayer has 60 seconds left.\n|\n|t:|1739544140\n|start\n|switch|p1a: Groudon|Groudon, L50, shiny|100\/100\n|switch|p1b: Grimmsnarl|Grimmsnarl, L50, M, shiny|100\/100\n|switch|p2a: Ogerpon|Ogerpon-Hearthflame, L50, F|100\/100\n|switch|p2b: Iron Hands|Iron Hands, L50|100\/100\n|-ability|p2a: Ogerpon|Mold Breaker\n|-weather|SunnyDay|[from] ability: Drought|[of] p1a: Groudon\n|turn|1\n|j| 413XPlayz\n|\n|t:|1739544160\n|-terastallize|p1a: Groudon|Fire\n|move|p2b: Iron Hands|Fake Out|p1b: Grimmsnarl\n|-damage|p1b: Grimmsnarl|84\/100\n|move|p1b: Grimmsnarl|Reflect|p1b: Grimmsnarl\n|-sidestart|p1: Angelo Neres|Reflect\n|move|p2a: Ogerpon|Ivy Cudgel|p1b: Grimmsnarl|[anim] Ivy Cudgel Fire\n|-crit|p1b: Grimmsnarl\n|-damage|p1b: Grimmsnarl|0 fnt\n|faint|p1b: Grimmsnarl\n|move|p1a: Groudon|Precipice Blades|p2a: Ogerpon|[spread] \n|-miss|p1a: Groudon|p2a: Ogerpon\n|-miss|p1a: Groudon|p2b: Iron Hands\n|\n|-weather|SunnyDay|[upkeep]\n|upkeep\n|\n|t:|1739544172\n|switch|p1b: Scream Tail|Scream Tail, L50, shiny|100\/100\n|-activate|p1b: Scream Tail|ability: Protosynthesis\n|-start|p1b: Scream Tail|protosynthesisspe\n|turn|2\n|\n|t:|1739544183\n|-end|p2b: Iron Hands|Quark Drive|[silent]\n|switch|p2b: Landorus|Landorus, L50, M|100\/100\n|move|p1b: Scream Tail|Disable|p2a: Ogerpon\n|-start|p2a: Ogerpon|Disable|Ivy Cudgel\n|cant|p2a: Ogerpon|Disable|Ivy Cudgel\n|move|p1a: Groudon|Precipice Blades|p2b: Landorus|[spread] \n|-immune|p2b: Landorus\n|-miss|p1a: Groudon|p2a: Ogerpon\n|\n|-weather|SunnyDay|[upkeep]\n|upkeep\n|turn|3\n|\n|t:|1739544193\n|switch|p1a: Moltres|Moltres-Galar, L50, shiny|100\/100\n|move|p2a: Ogerpon|Follow Me|p2a: Ogerpon\n|-singleturn|p2a: Ogerpon|move: Follow Me\n|move|p1b: Scream Tail|Ice Beam|p2a: Ogerpon\n|-damage|p2a: Ogerpon|83\/100\n|move|p2b: Landorus|Earth Power|p1a: Moltres\n|-immune|p1a: Moltres\n|\n|-weather|SunnyDay|[upkeep]\n|upkeep\n|turn|4\n|\n|t:|1739544208\n|move|p2a: Ogerpon|Follow Me|p2a: Ogerpon\n|-singleturn|p2a: Ogerpon|move: Follow Me\n|move|p1b: Scream Tail|Thunder Wave|p2a: Ogerpon\n|-status|p2a: Ogerpon|par\n|move|p2b: Landorus|Sludge Bomb|p1b: Scream Tail\n|-supereffective|p1b: Scream Tail\n|-damage|p1b: Scream Tail|32\/100\n|move|p1a: Moltres|Fiery Wrath|p2b: Landorus|[spread] p2a,p2b\n|-damage|p2a: Ogerpon|47\/100 par\n|-damage|p2b: Landorus|57\/100\n|\n|-weather|SunnyDay|[upkeep]\n|upkeep\n|turn|5\n|\n|t:|1739544233\n|-end|p1b: Scream Tail|Protosynthesis|[silent]\n|switch|p1b: Groudon|Groudon, L50, shiny, tera:Fire|100\/100\n|move|p2a: Ogerpon|Follow Me|p2a: Ogerpon\n|-singleturn|p2a: Ogerpon|move: Follow Me\n|move|p2b: Landorus|Sludge Bomb|p1b: Groudon\n|-damage|p1b: Groudon|71\/100\n|move|p1a: Moltres|Fiery Wrath|p2b: Landorus|[spread] p2a,p2b\n|-crit|p2a: Ogerpon\n|-damage|p2a: Ogerpon|0 fnt\n|-damage|p2b: Landorus|18\/100\n|faint|p2a: Ogerpon\n|\n|-weather|none\n|-sideend|p1: Angelo Neres|Reflect\n|upkeep\n|\n|t:|1739544236\n|switch|p2a: Miraidon|Miraidon, L50|100\/100\n|-fieldstart|move: Electric Terrain|[from] ability: Hadron Engine|[of] p2a: Miraidon\n|-enditem|p2a: Miraidon|Electric Seed\n|-boost|p2a: Miraidon|def|1|[from] item: Electric Seed\n|turn|6\n|\n|t:|1739544248\n|switch|p1b: Scream Tail|Scream Tail, L50, shiny|32\/100\n|move|p2a: Miraidon|Electro Drift|p1a: Moltres\n|-supereffective|p1a: Moltres\n|-damage|p1a: Moltres|0 fnt\n|faint|p1a: Moltres\n|move|p2b: Landorus|Earth Power|p1b: Scream Tail\n|-damage|p1b: Scream Tail|0 fnt\n|faint|p1b: Scream Tail\n|-end|p1b: Scream Tail|Protosynthesis|[silent]\n|\n|upkeep\n|-message|Angelo Neres forfeited.\n|\n|win|asslowladderplayer\n|raw|Angelo Neres's rating: 1583 &rarr; <strong>1563<\/strong><br \/>(-20 for losing)\n|raw|asslowladderplayer's rating: 1587 &rarr; <strong>1607<\/strong><br \/>(+20 for winning)\n|l|\u2606Angelo Neres\n|player|p1|\n","uploadtime":1739544257,"views":21,"formatid":"gen9vgc2025regg","rating":1563,"private":0,"password":null}