{"id":"gen9vgc2025regg-2300385157","format":"[Gen 9] VGC 2025 Reg G","players":["Angelo Neres","Sarfy"],"log":"|j|\u2606Angelo Neres\n|j|\u2606Sarfy\n|t:|1739495248\n|gametype|doubles\n|player|p1|Angelo Neres|2|1520\n|player|p2|Sarfy|adaman|1563\n|teamsize|p1|6\n|teamsize|p2|6\n|gen|9\n|tier|[Gen 9] VGC 2025 Reg G\n|rated|\n|rule|Species Clause: Limit one of each Pok\u00e9mon\n|rule|Item Clause: Limit 1 of each item\n|clearpoke\n|poke|p1|Groudon, L50|\n|poke|p1|Moltres-Galar, L50|\n|poke|p1|Scream Tail, L50|\n|poke|p1|Grimmsnarl, L50, M|\n|poke|p1|Cobalion, L50|\n|poke|p1|Amoonguss, L50, M|\n|poke|p2|Zacian-*, L50|\n|poke|p2|Ditto, L50|\n|poke|p2|Gothitelle, L50, F|\n|poke|p2|Dragonite, L50, M|\n|poke|p2|Chien-Pao, L50|\n|poke|p2|Pelipper, L50, F|\n|teampreview|4\n|inactive|Battle timer is ON: inactive players will automatically lose when time's up. (requested by Angelo Neres)\n|inactive|Sarfy has 60 seconds left.\n|j| comfy n ez 2 wear\n|inactive|Sarfy has 30 seconds left.\n|inactive|Sarfy has 20 seconds left.\n|inactive|Sarfy has 15 seconds left.\n|inactive|Sarfy has 10 seconds left.\n|\n|t:|1739495345\n|start\n|switch|p1a: Grimmsnarl|Grimmsnarl, L50, M, shiny|100\/100\n|switch|p1b: Groudon|Groudon, L50, shiny|100\/100\n|switch|p2a: Gothitelle|Gothitelle, L50, F|100\/100\n|switch|p2b: Dragonite|Dragonite, L50, M|100\/100\n|-weather|SunnyDay|[from] ability: Drought|[of] p1b: Groudon\n|turn|1\n|l|\u2606Angelo Neres\n|inactive|Angelo Neres disconnected and has a minute to reconnect!\n|player|p1|\n|j|\u2606Angelo Neres\n|inactive|Angelo Neres reconnected and has 40 seconds left.\n|player|p1|Angelo Neres|2|\n|inactive|Angelo Neres has 30 seconds left.\n|inactive|Sarfy has 30 seconds left.\n|inactive|Sarfy has 20 seconds left.\n|inactive|Sarfy has 15 seconds left.\n|inactive|Sarfy has 10 seconds left.\n|\n|t:|1739495391\n|-terastallize|p2b: Dragonite|Normal\n|move|p2a: Gothitelle|Helping Hand|p2b: Dragonite\n|-singleturn|p2b: Dragonite|Helping Hand|[of] p2a: Gothitelle\n|move|p2b: Dragonite|Extreme Speed|p1a: Grimmsnarl\n|-damage|p1a: Grimmsnarl|0 fnt\n|faint|p1a: Grimmsnarl\n|move|p1b: Groudon|Stone Edge|p2b: Dragonite\n|-damage|p2b: Dragonite|59\/100\n|\n|-weather|SunnyDay|[upkeep]\n|upkeep\n|inactive|Angelo Neres has 30 seconds left.\n|\n|t:|1739495419\n|switch|p1a: Cobalion|Cobalion, L50, shiny|100\/100\n|turn|2\n|inactive|Sarfy has 30 seconds left.\n|\n|t:|1739495454\n|switch|p2b: Pelipper|Pelipper, L50, F|100\/100\n|-weather|RainDance|[from] ability: Drizzle|[of] p2b: Pelipper\n|move|p1a: Cobalion|Iron Defense|p1a: Cobalion\n|-boost|p1a: Cobalion|def|2\n|move|p1b: Groudon|Precipice Blades|p2b: Pelipper|[spread] \n|-immune|p2b: Pelipper\n|-miss|p1b: Groudon|p2a: Gothitelle\n|move|p2a: Gothitelle|Taunt|p1a: Cobalion\n|-start|p1a: Cobalion|move: Taunt\n|\n|-weather|RainDance|[upkeep]\n|upkeep\n|turn|3\n|inactive|Sarfy has 30 seconds left.\n|\n|t:|1739495486\n|move|p2a: Gothitelle|Helping Hand|p2b: Pelipper\n|-singleturn|p2b: Pelipper|Helping Hand|[of] p2a: Gothitelle\n|move|p1a: Cobalion|Body Press|p2b: Pelipper\n|-resisted|p2b: Pelipper\n|-damage|p2b: Pelipper|48\/100\n|move|p1b: Groudon|Stone Edge|p2b: Pelipper\n|-supereffective|p2b: Pelipper\n|-damage|p2b: Pelipper|0 fnt\n|faint|p2b: Pelipper\n|\n|-weather|RainDance|[upkeep]\n|upkeep\n|\n|t:|1739495508\n|switch|p2b: Zacian|Zacian-Crowned, L50|100\/100\n|-ability|p2b: Zacian|Intrepid Sword|boost\n|-boost|p2b: Zacian|atk|1\n|turn|4\n|\n|t:|1739495517\n|move|p2a: Gothitelle|Helping Hand|p2b: Zacian\n|-singleturn|p2b: Zacian|Helping Hand|[of] p2a: Gothitelle\n|move|p2b: Zacian|Sacred Sword|p1a: Cobalion\n|-supereffective|p1a: Cobalion\n|-damage|p1a: Cobalion|6\/100\n|move|p1a: Cobalion|Body Press|p2b: Zacian\n|-damage|p2b: Zacian|22\/100\n|move|p1b: Groudon|Precipice Blades|p2b: Zacian|[spread] p2a,p2b\n|-supereffective|p2b: Zacian\n|-damage|p2a: Gothitelle|46\/100\n|-damage|p2b: Zacian|0 fnt\n|faint|p2b: Zacian\n|\n|-weather|RainDance|[upkeep]\n|upkeep\n|\n|t:|1739495523\n|switch|p2b: Dragonite|Dragonite, L50, M, tera:Normal|59\/100\n|turn|5\n|\n|t:|1739495538\n|move|p2b: Dragonite|Extreme Speed|p1a: Cobalion\n|-resisted|p1a: Cobalion\n|-damage|p1a: Cobalion|0 fnt\n|faint|p1a: Cobalion\n|move|p1b: Groudon|Precipice Blades|p2a: Gothitelle|[spread] p2a,p2b\n|-damage|p2a: Gothitelle|0 fnt\n|-damage|p2b: Dragonite|0 fnt\n|faint|p2a: Gothitelle\n|faint|p2b: Dragonite\n|\n|win|Angelo Neres\n|raw|Angelo Neres's rating: 1520 &rarr; <strong>1542<\/strong><br \/>(+22 for winning)\n|raw|Sarfy's rating: 1563 &rarr; <strong>1541<\/strong><br \/>(-22 for losing)\n|l|\u2606Sarfy\n|player|p2|\n|l|\u2606Angelo Neres\n|player|p1|\n|l| comfy n ez 2 wear\n","uploadtime":1739495795,"views":4,"formatid":"gen9vgc2025regg","rating":1541,"private":0,"password":null}