{"id":"gen9vgc2025regg-2300873802","format":"[Gen 9] VGC 2025 Reg G","players":["ggttmmhh","odetojank3"],"log":"|j|\u2606ggttmmhh\n|j|\u2606odetojank3\n|t:|1739563103\n|gametype|doubles\n|player|p1|ggttmmhh|169|1640\n|player|p2|odetojank3|lucas|1532\n|teamsize|p1|6\n|teamsize|p2|6\n|gen|9\n|tier|[Gen 9] VGC 2025 Reg G\n|rated|\n|rule|Species Clause: Limit one of each Pok\u00e9mon\n|rule|Item Clause: Limit 1 of each item\n|clearpoke\n|poke|p1|Terapagos, L50, M|\n|poke|p1|Regidrago, L50|\n|poke|p1|Ogerpon-Hearthflame, L50, F|\n|poke|p1|Urshifu-*, L50, F|\n|poke|p1|Heatran, L50, F|\n|poke|p1|Tornadus, L50, M|\n|poke|p2|Miraidon, L50|\n|poke|p2|Farigiraf, L50, M|\n|poke|p2|Whimsicott, L50, F|\n|poke|p2|Ogerpon-Hearthflame, L50, F|\n|poke|p2|Iron Hands, L50|\n|poke|p2|Grimmsnarl, L50, M|\n|teampreview|4\nodetojank3 has agreed to open team sheets.\n|j| ThanksATinkaTon\n|\n|t:|1739563168\n|start\n|switch|p1a: Tornadus|Tornadus, L50, M|100\/100\n|switch|p1b: Ogerpon|Ogerpon-Hearthflame, L50, F|100\/100\n|switch|p2a: Iron Hands|Iron Hands, L50|100\/100\n|switch|p2b: Grimmsnarl|Grimmsnarl, L50, M|100\/100\n|-ability|p1b: Ogerpon|Mold Breaker\n|turn|1\n|\n|t:|1739563185\n|move|p1b: Ogerpon|Spiky Shield|p1b: Ogerpon\n|-singleturn|p1b: Ogerpon|move: Protect\n|move|p1a: Tornadus|Bleakwind Storm|p2b: Grimmsnarl|[spread] p2b\n|-miss|p1a: Tornadus|p2a: Iron Hands\n|-damage|p2b: Grimmsnarl|70\/100\n|move|p2b: Grimmsnarl|Foul Play|p1b: Ogerpon\n|-activate|p1b: Ogerpon|move: Protect\n|-damage|p2b: Grimmsnarl|58\/100|[from] Spiky Shield|[of] p1b: Ogerpon\n|move|p2a: Iron Hands|Wild Charge|p1a: Tornadus\n|-supereffective|p1a: Tornadus\n|-enditem|p1a: Tornadus|Focus Sash\n|-damage|p1a: Tornadus|1\/100\n|-damage|p2a: Iron Hands|84\/100|[from] Recoil\n|\n|upkeep\n|turn|2\n|\n|t:|1739563211\n|-end|p2a: Iron Hands|Quark Drive|[silent]\n|switch|p2a: Miraidon|Miraidon, L50|100\/100\n|-fieldstart|move: Electric Terrain|[from] ability: Hadron Engine|[of] p2a: Miraidon\n|move|p1a: Tornadus|Protect|p1a: Tornadus\n|-singleturn|p1a: Tornadus|Protect\n|move|p2b: Grimmsnarl|Reflect|p2b: Grimmsnarl\n|-sidestart|p2: odetojank3|Reflect\n|move|p1b: Ogerpon|Ivy Cudgel|p2a: Miraidon|[anim] Ivy Cudgel Fire\n|-resisted|p2a: Miraidon\n|-crit|p2a: Miraidon\n|-damage|p2a: Miraidon|63\/100\n|\n|upkeep\n|turn|3\n|\n|t:|1739563242\n|move|p1a: Tornadus|Tailwind|p1a: Tornadus\n|-sidestart|p1: ggttmmhh|move: Tailwind\n|move|p1b: Ogerpon|Ivy Cudgel|p2b: Grimmsnarl|[anim] Ivy Cudgel Fire\n|-damage|p2b: Grimmsnarl|14\/100\n|move|p2a: Miraidon|Volt Switch|p1a: Tornadus\n|-supereffective|p1a: Tornadus\n|-damage|p1a: Tornadus|0 fnt\n|faint|p1a: Tornadus\n|\n|t:|1739563281\n|switch|p2a: Iron Hands|Iron Hands, L50|84\/100|[from] Volt Switch\n|-activate|p2a: Iron Hands|ability: Quark Drive\n|-start|p2a: Iron Hands|quarkdriveatk\n|move|p2b: Grimmsnarl|Foul Play|p1b: Ogerpon\n|-damage|p1b: Ogerpon|56\/100\n|\n|upkeep\n|\n|t:|1739563295\n|switch|p1a: Terapagos|Terapagos, L50, M|100\/100\n|-activate|p1a: Terapagos|ability: Tera Shift\n|detailschange|p1a: Terapagos|Terapagos-Terastal, L50, M\n|-heal|p1a: Terapagos|100\/100|[silent]\n|turn|4\n|\n|t:|1739563310\n|switch|p1a: Urshifu|Urshifu-Rapid-Strike, L50, F|100\/100\n|move|p2a: Iron Hands|Fake Out|p1a: Urshifu\n|-damage|p1a: Urshifu|79\/100\n|move|p2b: Grimmsnarl|Light Screen|p2b: Grimmsnarl\n|-sidestart|p2: odetojank3|move: Light Screen\n|move|p1b: Ogerpon|Ivy Cudgel|p2b: Grimmsnarl|[anim] Ivy Cudgel Fire\n|-damage|p2b: Grimmsnarl|0 fnt\n|faint|p2b: Grimmsnarl\n|\n|upkeep\n|\n|t:|1739563315\n|switch|p2b: Miraidon|Miraidon, L50|63\/100\n|-activate|p2b: Miraidon|ability: Hadron Engine\n|turn|5\n|\n|t:|1739563393\n|move|p1b: Ogerpon|Spiky Shield|p1b: Ogerpon\n|-singleturn|p1b: Ogerpon|move: Protect\n|move|p1a: Urshifu|Surging Strikes|p2a: Iron Hands\n|-crit|p2a: Iron Hands\n|-damage|p2a: Iron Hands|70\/100\n|-crit|p2a: Iron Hands\n|-damage|p2a: Iron Hands|57\/100\n|-crit|p2a: Iron Hands\n|-damage|p2a: Iron Hands|43\/100\n|-hitcount|p2a: Iron Hands|3\n|move|p2b: Miraidon|Electro Drift|p1b: Ogerpon\n|-activate|p1b: Ogerpon|move: Protect\n|-damage|p2b: Miraidon|51\/100|[from] Spiky Shield|[of] p1b: Ogerpon\n|move|p2a: Iron Hands|Wild Charge|p1a: Urshifu\n|-supereffective|p1a: Urshifu\n|-damage|p1a: Urshifu|0 fnt\n|faint|p1a: Urshifu\n|-damage|p2a: Iron Hands|28\/100|[from] Recoil\n|\n|upkeep\n|\n|t:|1739563408\n|switch|p1a: Terapagos|Terapagos-Terastal, L50, M|100\/100\n|turn|6\n|\n|t:|1739563470\n|-terastallize|p1a: Terapagos|Stellar\n|detailschange|p1a: Terapagos|Terapagos-Stellar, L50, M, tera:Stellar\n|-heal|p1a: Terapagos|100\/100|[silent]\n|-ability|p1a: Terapagos|Teraform Zero\n|-fieldend|move: Electric Terrain\n|-end|p2a: Iron Hands|Quark Drive\n|move|p1b: Ogerpon|Ivy Cudgel|p2a: Iron Hands|[anim] Ivy Cudgel Fire\n|-damage|p2a: Iron Hands|4\/100\n|move|p1a: Terapagos|Tera Starstorm|p2b: Miraidon|[spread] p2a,p2b\n|-damage|p2a: Iron Hands|0 fnt\n|-damage|p2b: Miraidon|18\/100\n|faint|p2a: Iron Hands\n|-end|p2a: Iron Hands|Quark Drive|[silent]\n|move|p2b: Miraidon|Electro Drift|p1a: Terapagos\n|-damage|p1a: Terapagos|39\/100\n|\n|-sideend|p2: odetojank3|Reflect\n|-sideend|p1: ggttmmhh|move: Tailwind\n|upkeep\n|\n|t:|1739563482\n|switch|p2a: Farigiraf|Farigiraf, L50, M|100\/100\n|turn|7\n|\n|t:|1739563496\n|move|p1b: Ogerpon|Follow Me|p1b: Ogerpon\n|-singleturn|p1b: Ogerpon|move: Follow Me\n|move|p2b: Miraidon|Electro Drift|p1b: Ogerpon\n|-resisted|p1b: Ogerpon\n|-damage|p1b: Ogerpon|15\/100\n|move|p1a: Terapagos|Tera Starstorm|p2a: Farigiraf|[spread] p2a,p2b\n|-damage|p2a: Farigiraf|61\/100\n|-damage|p2b: Miraidon|0 fnt\n|faint|p2b: Miraidon\n|move|p2a: Farigiraf|Hyper Voice|p1b: Ogerpon|[spread] p1a,p1b\n|-damage|p1a: Terapagos|21\/100\n|-damage|p1b: Ogerpon|0 fnt\n|faint|p1b: Ogerpon\n|\n|upkeep\n|turn|8\n|\n|t:|1739563509\n|move|p1a: Terapagos|Tera Starstorm|p2a: Farigiraf\n|-damage|p2a: Farigiraf|9\/100\n|move|p2a: Farigiraf|Twin Beam|p1a: Terapagos\n|-damage|p1a: Terapagos|11\/100\n|-damage|p1a: Terapagos|0 fnt\n|faint|p1a: Terapagos\n|-hitcount|p1: Terapagos|2\n|\n|win|odetojank3\n|raw|ggttmmhh's rating: 1640 &rarr; <strong>1613<\/strong><br \/>(-27 for losing)\n|raw|odetojank3's rating: 1511 &rarr; <strong>1538<\/strong><br \/>(+27 for winning)\n|l|\u2606ggttmmhh\n|player|p1|\n|l| ThanksATinkaTon\n","uploadtime":1739563566,"views":6,"formatid":"gen9vgc2025regg","rating":1538,"private":0,"password":null}