{"id":"gen9vgc2025regg-2300750105","format":"[Gen 9] VGC 2025 Reg G","players":["davidelgafe","bmbrvr"],"log":"|j|\u2606davidelgafe\n|j|\u2606bmbrvr\n|t:|1739550208\n|gametype|doubles\n|player|p1|davidelgafe|blue|1591\n|player|p2|bmbrvr|silver|1502\n|teamsize|p1|6\n|teamsize|p2|6\n|gen|9\n|tier|[Gen 9] VGC 2025 Reg G\n|rated|\n|rule|Species Clause: Limit one of each Pok\u00e9mon\n|rule|Item Clause: Limit 1 of each item\n|clearpoke\n|poke|p1|Zamazenta-*, L50|\n|poke|p1|Chi-Yu, L50|\n|poke|p1|Raging Bolt, L50|\n|poke|p1|Rillaboom, L50, F|\n|poke|p1|Ditto, L50|\n|poke|p1|Whimsicott, L50, M|\n|poke|p2|Terapagos, L50, M|\n|poke|p2|Whimsicott, L50, F|\n|poke|p2|Moltres-Galar, L50|\n|poke|p2|Urshifu-*, L50, M|\n|poke|p2|Farigiraf, L50, F|\n|poke|p2|Iron Moth, L50|\n|teampreview|4\n|j| eriksp3\n|inactive|Battle timer is ON: inactive players will automatically lose when time's up. (requested by bmbrvr)\n|\n|t:|1739550282\n|start\n|switch|p1a: Chi-Yu|Chi-Yu, L50|100\/100\n|switch|p1b: Whimsicott|Whimsicott, L50, M, shiny|100\/100\n|switch|p2a: Moltres|Moltres-Galar, L50|100\/100\n|switch|p2b: Iron Moth|Iron Moth, L50|100\/100\n|-ability|p1a: Chi-Yu|Beads of Ruin\n|-enditem|p2b: Iron Moth|Booster Energy\n|-activate|p2b: Iron Moth|ability: Quark Drive|[fromitem]\n|-start|p2b: Iron Moth|quarkdrivespa\n|turn|1\n|j| Supertwig31\n|inactive|davidelgafe has 30 seconds left.\n|inactive|bmbrvr has 30 seconds left.\n|\n|t:|1739550312\n|move|p1b: Whimsicott|Protect|p1b: Whimsicott\n|-singleturn|p1b: Whimsicott|Protect\n|move|p2a: Moltres|Protect|p2a: Moltres\n|-singleturn|p2a: Moltres|Protect\n|move|p1a: Chi-Yu|Snarl|p2a: Moltres|[spread] p2b\n|-activate|p2a: Moltres|move: Protect\n|-damage|p2b: Iron Moth|66\/100\n|-unboost|p2b: Iron Moth|spa|1\n|move|p2b: Iron Moth|Fiery Dance|p1b: Whimsicott\n|-activate|p1b: Whimsicott|move: Protect\n|\n|upkeep\n|turn|2\n|inactive|davidelgafe has 30 seconds left.\n|inactive|bmbrvr has 30 seconds left.\n|\n|t:|1739550348\n|switch|p1b: Raging Bolt|Raging Bolt, L50|100\/100\n|move|p1a: Chi-Yu|Snarl|p2b: Iron Moth|[spread] p2a,p2b\n|-resisted|p2a: Moltres\n|-damage|p2a: Moltres|90\/100\n|-damage|p2b: Iron Moth|34\/100\n|-unboost|p2b: Iron Moth|spa|1\n|move|p2b: Iron Moth|Fiery Dance|p1b: Raging Bolt\n|-resisted|p1b: Raging Bolt\n|-damage|p1b: Raging Bolt|81\/100\n|-boost|p2b: Iron Moth|spa|1\n|move|p2a: Moltres|Tailwind|p2a: Moltres\n|-sidestart|p2: bmbrvr|move: Tailwind\n|\n|upkeep\n|turn|3\n|l| eriksp3\n|inactive|davidelgafe has 30 seconds left.\n|inactive|bmbrvr has 30 seconds left.\n|inactive|davidelgafe has 20 seconds left.\n|inactive|davidelgafe has 15 seconds left.\n|\n|t:|1739550392\n|switch|p1a: Whimsicott|Whimsicott, L50, M, shiny|100\/100\n|move|p1b: Raging Bolt|Thunderclap|p2b: Iron Moth\n|-damage|p2b: Iron Moth|0 fnt\n|faint|p2b: Iron Moth\n|-end|p2b: Iron Moth|Quark Drive|[silent]\n|-damage|p1b: Raging Bolt|72\/100|[from] item: Life Orb\n|move|p2a: Moltres|Fiery Wrath|p1a: Whimsicott|[spread] p1a,p1b\n|-resisted|p1a: Whimsicott\n|-damage|p1a: Whimsicott|75\/100\n|-damage|p1b: Raging Bolt|41\/100\n|\n|upkeep\n|\n|t:|1739550407\n|switch|p2b: Urshifu|Urshifu, L50, M|100\/100\n|turn|4\n|inactive|davidelgafe has 30 seconds left.\n|inactive|davidelgafe has 20 seconds left.\n|inactive|davidelgafe has 15 seconds left.\n|\n|t:|1739550453\n|move|p1b: Raging Bolt|Thunderclap|p2b: Urshifu\n|-damage|p2b: Urshifu|65\/100\n|-damage|p1b: Raging Bolt|32\/100|[from] item: Life Orb\n|move|p2b: Urshifu|Iron Head|p1a: Whimsicott\n|-supereffective|p1a: Whimsicott\n|-damage|p1a: Whimsicott|0 fnt\n|faint|p1a: Whimsicott\n|move|p2a: Moltres|Fiery Wrath|p1b: Raging Bolt\n|-damage|p1b: Raging Bolt|0 fnt\n|faint|p1b: Raging Bolt\n|-end|p1b: Raging Bolt|Protosynthesis|[silent]\n|\n|upkeep\n|\n|t:|1739550466\n|switch|p1a: Chi-Yu|Chi-Yu, L50|100\/100\n|switch|p1b: Zamazenta|Zamazenta-Crowned, L50|100\/100\n|-ability|p1a: Chi-Yu|Beads of Ruin\n|-ability|p1b: Zamazenta|Dauntless Shield|boost\n|-boost|p1b: Zamazenta|def|1\n|turn|5\n|inactive|davidelgafe has 30 seconds left.\n|inactive|davidelgafe has 20 seconds left.\n|inactive|davidelgafe has 15 seconds left.\n|inactive|davidelgafe has 10 seconds left.\n|inactive|davidelgafe has 5 seconds left.\n|\n|t:|1739550516\n|-terastallize|p1b: Zamazenta|Dragon\n|move|p2a: Moltres|Protect|p2a: Moltres\n|-singleturn|p2a: Moltres|Protect\n|move|p2b: Urshifu|Drain Punch|p1a: Chi-Yu\n|-supereffective|p1a: Chi-Yu\n|-damage|p1a: Chi-Yu|0 fnt\n|-heal|p2b: Urshifu|100\/100|[from] drain|[of] p1a: Chi-Yu\n|faint|p1a: Chi-Yu\n|move|p1b: Zamazenta|Body Press|p2b: Urshifu\n|-supereffective|p2b: Urshifu\n|-damage|p2b: Urshifu|0 fnt\n|faint|p2b: Urshifu\n|\n|-sideend|p2: bmbrvr|move: Tailwind\n|upkeep\n|\n|t:|1739550532\n|switch|p2b: Terapagos|Terapagos, L50, M|100\/100\n|-activate|p2b: Terapagos|ability: Tera Shift\n|detailschange|p2b: Terapagos|Terapagos-Terastal, L50, M\n|-heal|p2b: Terapagos|100\/100|[silent]\n|turn|6\n|\n|t:|1739550549\n|-terastallize|p2b: Terapagos|Stellar\n|detailschange|p2b: Terapagos|Terapagos-Stellar, L50, M, tera:Stellar\n|-heal|p2b: Terapagos|100\/100|[silent]\n|move|p1b: Zamazenta|Body Press|p2b: Terapagos\n|-supereffective|p2b: Terapagos\n|-damage|p2b: Terapagos|21\/100\n|move|p2a: Moltres|Tailwind|p2a: Moltres\n|-sidestart|p2: bmbrvr|move: Tailwind\n|move|p2b: Terapagos|Tera Starstorm|p1b: Zamazenta\n|-supereffective|p1b: Zamazenta\n|-damage|p1b: Zamazenta|0 fnt\n|faint|p1b: Zamazenta\n|\n|win|bmbrvr\n|raw|davidelgafe's rating: 1591 &rarr; <strong>1566<\/strong><br \/>(-25 for losing)\n|raw|bmbrvr's rating: 1502 &rarr; <strong>1527<\/strong><br \/>(+25 for winning)\n|l|\u2606davidelgafe\n|player|p1|\n","uploadtime":1739550640,"views":12,"formatid":"gen9vgc2025regg","rating":1527,"private":0,"password":null}