{"id":"gen9vgc2025regg-2300415638","format":"[Gen 9] VGC 2025 Reg G","players":["aoiharada","AnyaForger37"],"log":"|j|\u2606aoiharada\n|j|\u2606AnyaForger37\n|t:|1739499287\n|gametype|doubles\n|player|p1|aoiharada|170|1670\n|player|p2|AnyaForger37|caitlin|1635\n|teamsize|p1|6\n|teamsize|p2|6\n|gen|9\n|tier|[Gen 9] VGC 2025 Reg G\n|rated|\n|rule|Species Clause: Limit one of each Pok\u00e9mon\n|rule|Item Clause: Limit 1 of each item\n|clearpoke\n|poke|p1|Weezing-Galar, L50, M|\n|poke|p1|Calyrex-Shadow, L50|\n|poke|p1|Dondozo, L50, M|\n|poke|p1|Tatsugiri, L50, M|\n|poke|p1|Incineroar, L50, M|\n|poke|p1|Roaring Moon, L50|\n|poke|p2|Ogerpon-Wellspring, L50, F|\n|poke|p2|Calyrex-Ice, L50|\n|poke|p2|Annihilape, L50, M|\n|poke|p2|Smeargle, L50, M|\n|poke|p2|Urshifu-*, L50, M|\n|poke|p2|Ursaluna-Bloodmoon, L50, M|\n|teampreview|4\n|\n|t:|1739499320\n|start\n|switch|p1a: Dondozo|Dondozo, L50, M|100\/100\n|switch|p1b: Calyrex|Calyrex-Shadow, L50|100\/100\n|switch|p2a: Calyrex|Calyrex-Ice, L50|100\/100\n|switch|p2b: Smeargle|Smeargle, L50, M|100\/100\n|-ability|p1b: Calyrex|As One\n|-ability|p1b: Calyrex|Unnerve\n|-ability|p2a: Calyrex|As One\n|-ability|p2a: Calyrex|Unnerve\n|turn|1\n|\n|t:|1739499337\n|switch|p1b: Tatsugiri|Tatsugiri, L50, M|100\/100\n|-activate|p1b: Tatsugiri|ability: Commander|[of] p1a: Dondozo\n|-boost|p1a: Dondozo|atk|2\n|-boost|p1a: Dondozo|spa|2\n|-boost|p1a: Dondozo|spe|2\n|-boost|p1a: Dondozo|def|2\n|-boost|p1a: Dondozo|spd|2\n|-terastallize|p2a: Calyrex|Water\n|move|p1a: Dondozo|Substitute|p1a: Dondozo\n|-start|p1a: Dondozo|Substitute\n|-damage|p1a: Dondozo|76\/100\n|move|p2a: Calyrex|Glacial Lance|p1a: Dondozo|[spread] p1a\n|-miss|p2a: Calyrex|p1b: Tatsugiri\n|-resisted|p1a: Dondozo\n|-activate|p1a: Dondozo|move: Substitute|[damage]\n|move|p2b: Smeargle|Spore||[still]\n|-fail|p2b: Smeargle\n|\n|-heal|p1a: Dondozo|82\/100|[from] item: Leftovers\n|upkeep\n|turn|2\n|\n|t:|1739499381\n|move|p1a: Dondozo|Earthquake|p2a: Calyrex|[spread] p2a,p2b\n|-miss|p1a: Dondozo|p1b: Tatsugiri\n|-damage|p2a: Calyrex|76\/100\n|-damage|p2b: Smeargle|39\/100\n|move|p2a: Calyrex|High Horsepower|p1a: Dondozo\n|-activate|p1a: Dondozo|move: Substitute|[damage]\n|move|p2b: Smeargle|Spore||[still]\n|-fail|p2b: Smeargle\n|\n|-heal|p1a: Dondozo|88\/100|[from] item: Leftovers\n|upkeep\n|turn|3\n|\n|t:|1739499398\n|switch|p2b: Urshifu|Urshifu, L50, M|100\/100\n|move|p1a: Dondozo|Wave Crash|p2b: Urshifu\n|-damage|p2b: Urshifu|4\/100\n|-damage|p1a: Dondozo|64\/100|[from] Recoil\n|move|p2a: Calyrex|Trick Room|p2a: Calyrex\n|-fieldstart|move: Trick Room|[of] p2a: Calyrex\n|\n|-heal|p1a: Dondozo|71\/100|[from] item: Leftovers\n|upkeep\n|turn|4\n|\n|t:|1739499432\n|move|p2a: Calyrex|High Horsepower|p1a: Dondozo\n|-end|p1a: Dondozo|Substitute\n|move|p2b: Urshifu|Wicked Blow|p1a: Dondozo\n|-crit|p1a: Dondozo\n|-damage|p1a: Dondozo|9\/100\n|move|p1a: Dondozo|Earthquake|p2b: Urshifu|[spread] p2a,p2b\n|-miss|p1a: Dondozo|p1b: Tatsugiri\n|-damage|p2a: Calyrex|50\/100\n|-damage|p2b: Urshifu|0 fnt\n|-enditem|p2a: Calyrex|Sitrus Berry|[eat]\n|-heal|p2a: Calyrex|75\/100|[from] item: Sitrus Berry\n|faint|p2b: Urshifu\n|\n|-heal|p1a: Dondozo|15\/100|[from] item: Leftovers\n|upkeep\n|\n|t:|1739499442\n|switch|p2b: Smeargle|Smeargle, L50, M|39\/100\n|turn|5\n|\n|t:|1739499451\n|move|p1a: Dondozo|Protect|p1a: Dondozo\n|-singleturn|p1a: Dondozo|Protect\n|move|p2b: Smeargle|Decorate|p2a: Calyrex\n|-boost|p2a: Calyrex|atk|2\n|-boost|p2a: Calyrex|spa|2\n|move|p2a: Calyrex|High Horsepower|p1a: Dondozo\n|-activate|p1a: Dondozo|move: Protect\n|\n|-heal|p1a: Dondozo|21\/100|[from] item: Leftovers\n|upkeep\n|turn|6\n|\n|t:|1739499460\n|-terastallize|p1a: Dondozo|Grass\n|move|p2b: Smeargle|Spore|p1a: Dondozo\n|-immune|p1a: Dondozo\n|move|p2a: Calyrex|Glacial Lance|p1b: Tatsugiri|[spread] p1a\n|-miss|p2a: Calyrex|p1b: Tatsugiri\n|-supereffective|p1a: Dondozo\n|-damage|p1a: Dondozo|0 fnt\n|faint|p1a: Dondozo\n|-ability|p2a: Calyrex|Chilling Neigh|boost\n|-boost|p2a: Calyrex|atk|1\n|\n|upkeep\n|\n|t:|1739499470\n|switch|p1a: Weezing|Weezing-Galar, L50, M|100\/100\n|-ability|p1a: Weezing|Neutralizing Gas\n|turn|7\n|\n|t:|1739499480\n|move|p1a: Weezing|Protect|p1a: Weezing\n|-singleturn|p1a: Weezing|Protect\n|move|p1b: Tatsugiri|Protect|p1b: Tatsugiri\n|-singleturn|p1b: Tatsugiri|Protect\n|move|p2b: Smeargle|Spore|p1b: Tatsugiri\n|-activate|p1b: Tatsugiri|move: Protect\n|move|p2a: Calyrex|Glacial Lance|p1a: Weezing|[spread] \n|-activate|p1a: Weezing|move: Protect\n|-activate|p1b: Tatsugiri|move: Protect\n|\n|-fieldend|move: Trick Room\n|upkeep\n|turn|8\n|\n|t:|1739499491\n|move|p2b: Smeargle|Follow Me|p2b: Smeargle\n|-singleturn|p2b: Smeargle|move: Follow Me\n|move|p1a: Weezing|Strange Steam|p2b: Smeargle\n|-damage|p2b: Smeargle|0 fnt\n|faint|p2b: Smeargle\n|move|p1b: Tatsugiri|Counter||[still]\n|-fail|p1b: Tatsugiri\n|move|p2a: Calyrex|Trick Room|p2a: Calyrex\n|-fieldstart|move: Trick Room|[of] p2a: Calyrex\n|\n|upkeep\n|\n|t:|1739499499\n|switch|p2b: Ursaluna|Ursaluna-Bloodmoon, L50, M|100\/100\n|turn|9\n|-message|aoiharada forfeited.\n|\n|win|AnyaForger37\n|raw|aoiharada's rating: 1670 &rarr; <strong>1648<\/strong><br \/>(-22 for losing)\n|raw|AnyaForger37's rating: 1635 &rarr; <strong>1657<\/strong><br \/>(+22 for winning)\n|l|\u2606aoiharada\n|player|p1|\n|l|\u2606AnyaForger37\n|player|p2|\n","uploadtime":1739499760,"views":5,"formatid":"gen9vgc2025regg","rating":1648,"private":0,"password":null}