{"id":"gen9vgc2025regg-2300682410","format":"[Gen 9] VGC 2025 Reg G","players":["metakurozashi","pigs2fly"],"log":"|j|\u2606metakurozashi\n|j|\u2606pigs2fly\n|t:|1739542881\n|gametype|doubles\n|player|p1|metakurozashi|170|1615\n|player|p2|pigs2fly|lian|1597\n|teamsize|p1|6\n|teamsize|p2|6\n|gen|9\n|tier|[Gen 9] VGC 2025 Reg G\n|rated|\n|rule|Species Clause: Limit one of each Pok\u00e9mon\n|rule|Item Clause: Limit 1 of each item\n|clearpoke\n|poke|p1|Calyrex-Ice, L50|\n|poke|p1|Amoonguss, L50, M|\n|poke|p1|Indeedee-F, L50, F|\n|poke|p1|Urshifu-*, L50, F|\n|poke|p1|Flutter Mane, L50|\n|poke|p1|Ogerpon-Cornerstone, L50, F|\n|poke|p2|Kyogre, L50|\n|poke|p2|Tornadus, L50, M|\n|poke|p2|Dondozo, L50, M|\n|poke|p2|Tatsugiri, L50, M|\n|poke|p2|Flutter Mane, L50|\n|poke|p2|Pikachu, L50, F|\n|teampreview|4\n|inactive|Battle timer is ON: inactive players will automatically lose when time's up. (requested by pigs2fly)\n|\n|t:|1739542910\n|start\n|switch|p1a: Calyrex|Calyrex-Ice, L50|100\/100\n|switch|p1b: Ogerpon|Ogerpon-Cornerstone, L50, F|100\/100\n|switch|p2a: Kyogre|Kyogre, L50|100\/100\n|switch|p2b: Flutter Mane|Flutter Mane, L50|100\/100\n|-ability|p1a: Calyrex|As One\n|-ability|p1a: Calyrex|Unnerve\n|-weather|RainDance|[from] ability: Drizzle|[of] p2a: Kyogre\n|-enditem|p2b: Flutter Mane|Booster Energy\n|-activate|p2b: Flutter Mane|ability: Protosynthesis|[fromitem]\n|-start|p2b: Flutter Mane|protosynthesisspe\n|turn|1\n|j| GexkaXXV\n|inactive|metakurozashi has 30 seconds left.\n|\n|t:|1739542935\n|-terastallize|p1a: Calyrex|Water\n|move|p2b: Flutter Mane|Icy Wind|p1a: Calyrex|[spread] p1a,p1b\n|-resisted|p1a: Calyrex\n|-supereffective|p1b: Ogerpon\n|-damage|p1a: Calyrex|97\/100\n|-damage|p1b: Ogerpon|73\/100\n|-unboost|p1a: Calyrex|spe|1\n|-unboost|p1b: Ogerpon|spe|1\n|move|p2a: Kyogre|Water Spout|p1b: Ogerpon|[spread] p1a,p1b\n|-resisted|p1a: Calyrex\n|-damage|p1a: Calyrex|43\/100\n|-damage|p1b: Ogerpon|0 fnt\n|faint|p1b: Ogerpon\n|move|p1a: Calyrex|Glacial Lance|p2a: Kyogre|[spread] p2a,p2b\n|-resisted|p2a: Kyogre\n|-damage|p2a: Kyogre|57\/100\n|-damage|p2b: Flutter Mane|0 fnt\n|faint|p2b: Flutter Mane\n|-end|p2b: Flutter Mane|Protosynthesis|[silent]\n|-ability|p1a: Calyrex|Chilling Neigh|boost\n|-boost|p1a: Calyrex|atk|1\n|\n|-weather|RainDance|[upkeep]\n|upkeep\n|\n|t:|1739542955\n|switch|p2b: Dondozo|Dondozo, L50, M|100\/100\n|switch|p1b: Amoonguss|Amoonguss, L50, M|100\/100\n|turn|2\n|j| Snap shot933\n|inactive|metakurozashi has 30 seconds left.\n|\n|t:|1739542990\n|switch|p2a: Tatsugiri|Tatsugiri, L50, M|100\/100\n|-activate|p2a: Tatsugiri|ability: Commander|[of] p2b: Dondozo\n|-boost|p2b: Dondozo|atk|2\n|-boost|p2b: Dondozo|spa|2\n|-boost|p2b: Dondozo|spe|2\n|-boost|p2b: Dondozo|def|2\n|-boost|p2b: Dondozo|spd|2\n|move|p1b: Amoonguss|Rage Powder|p1b: Amoonguss\n|-singleturn|p1b: Amoonguss|move: Rage Powder\n|move|p2b: Dondozo|Fissure|p1b: Amoonguss|[miss]\n|-miss|p2b: Dondozo|p1b: Amoonguss\n|move|p1a: Calyrex|Glacial Lance|p2b: Dondozo|[spread] p2b\n|-miss|p1a: Calyrex|p2a: Tatsugiri\n|-resisted|p2b: Dondozo\n|-damage|p2b: Dondozo|89\/100\n|\n|-weather|RainDance|[upkeep]\n|-heal|p2b: Dondozo|95\/100|[from] item: Leftovers\n|upkeep\n|turn|3\n|inactive|metakurozashi has 30 seconds left.\n|\n|t:|1739543022\n|switch|p1a: Urshifu|Urshifu, L50, F|100\/100\n|move|p1b: Amoonguss|Rage Powder|p1b: Amoonguss\n|-singleturn|p1b: Amoonguss|move: Rage Powder\n|move|p2b: Dondozo|Fissure|p1b: Amoonguss\n|-damage|p1b: Amoonguss|0 fnt\n|faint|p1b: Amoonguss\n|-ohko\n|\n|-weather|RainDance|[upkeep]\n|-heal|p2b: Dondozo|100\/100|[from] item: Leftovers\n|upkeep\n|\n|t:|1739543031\n|switch|p1b: Calyrex|Calyrex-Ice, L50, tera:Water|43\/100\n|-ability|p1b: Calyrex|As One\n|-ability|p1b: Calyrex|Unnerve\n|turn|4\n|\n|t:|1739543042\n|move|p1a: Urshifu|Wicked Blow|p2b: Dondozo\n|-crit|p2b: Dondozo\n|-damage|p2b: Dondozo|65\/100\n|move|p2b: Dondozo|Wave Crash|p1a: Urshifu\n|-damage|p1a: Urshifu|0 fnt\n|faint|p1a: Urshifu\n|-damage|p2b: Dondozo|41\/100|[from] Recoil\n|move|p1b: Calyrex|Glacial Lance|p2b: Dondozo|[spread] p2b\n|-miss|p1b: Calyrex|p2a: Tatsugiri\n|-resisted|p2b: Dondozo\n|-damage|p2b: Dondozo|30\/100\n|\n|-weather|RainDance|[upkeep]\n|-heal|p2b: Dondozo|37\/100|[from] item: Leftovers\n|upkeep\n|turn|5\n|-message|metakurozashi forfeited.\n|\n|win|pigs2fly\n|raw|metakurozashi's rating: 1615 &rarr; <strong>1594<\/strong><br \/>(-21 for losing)\n|raw|pigs2fly's rating: 1597 &rarr; <strong>1618<\/strong><br \/>(+21 for winning)\n|l|\u2606metakurozashi\n|player|p1|\n|l| GexkaXXV\n|l| Snap shot933\n|l|\u2606pigs2fly\n|player|p2|\n","uploadtime":1739543238,"views":4,"formatid":"gen9vgc2025regg","rating":1594,"private":0,"password":null}