{"id":"gen9vgc2025regg-2300710515","format":"[Gen 9] VGC 2025 Reg G","players":["maddokyoma","epigrlozvgc"],"log":"|j|\u2606maddokyoma\n|j|\u2606epigrlozvgc\n|t:|1739546030\n|gametype|doubles\n|player|p1|maddokyoma|volo|1508\n|player|p2|epigrlozvgc|alder|1562\n|teamsize|p1|6\n|teamsize|p2|6\n|gen|9\n|tier|[Gen 9] VGC 2025 Reg G\n|rated|\n|rule|Species Clause: Limit one of each Pok\u00e9mon\n|rule|Item Clause: Limit 1 of each item\n|clearpoke\n|poke|p1|Miraidon, L50|\n|poke|p1|Chi-Yu, L50|\n|poke|p1|Iron Hands, L50|\n|poke|p1|Farigiraf, L50, M|\n|poke|p1|Pelipper, L50, F|\n|poke|p1|Ogerpon-Wellspring, L50, F|\n|poke|p2|Koraidon, L50|\n|poke|p2|Flutter Mane, L50|\n|poke|p2|Walking Wake, L50|\n|poke|p2|Incineroar, L50, F|\n|poke|p2|Ogerpon-Cornerstone, L50, F|\n|poke|p2|Jumpluff, L50, M|\n|teampreview|4\n|inactive|Battle timer is ON: inactive players will automatically lose when time's up. (requested by maddokyoma)\n|j| God of restricted\n|inactive|maddokyoma has 60 seconds left.\n|inactive|maddokyoma has 30 seconds left.\n|\n|t:|1739546116\n|start\n|switch|p1a: Pelipper|Pelipper, L50, F|100\/100\n|switch|p1b: Ogerpon|Ogerpon-Wellspring, L50, F|100\/100\n|switch|p2a: Koraidon|Koraidon, L50|100\/100\n|switch|p2b: Flutter Mane|Flutter Mane, L50|100\/100\n|-weather|SunnyDay|[from] ability: Orichalcum Pulse|[of] p2a: Koraidon\n|-activate|p2b: Flutter Mane|ability: Protosynthesis\n|-start|p2b: Flutter Mane|protosynthesisspe\n|-activate|p2a: Koraidon|Orichalcum Pulse|[source]\n|-weather|RainDance|[from] ability: Drizzle|[of] p1a: Pelipper\n|-end|p2b: Flutter Mane|Protosynthesis\n|turn|1\n|inactive|maddokyoma has 30 seconds left.\n|\n|t:|1739546145\n|-terastallize|p1b: Ogerpon|Water\n|detailschange|p1b: Ogerpon|Ogerpon-Wellspring-Tera, L50, F, tera:Water\n|-ability|p1b: Ogerpon|Embody Aspect (Wellspring)|boost\n|-boost|p1b: Ogerpon|spd|1\n|move|p2a: Koraidon|Dragon Claw|p1a: Pelipper\n|-damage|p1a: Pelipper|20\/100\n|move|p2b: Flutter Mane|Moonblast|p1a: Pelipper\n|-damage|p1a: Pelipper|0 fnt\n|faint|p1a: Pelipper\n|move|p1b: Ogerpon|Ivy Cudgel|p2b: Flutter Mane|[anim] Ivy Cudgel Water\n|-damage|p2b: Flutter Mane|0 fnt\n|faint|p2b: Flutter Mane\n|-end|p2b: Flutter Mane|Protosynthesis|[silent]\n|\n|-weather|RainDance|[upkeep]\n|upkeep\n|\n|t:|1739546163\n|switch|p2b: Ogerpon|Ogerpon-Cornerstone, L50, F|100\/100\n|switch|p1a: Miraidon|Miraidon, L50|100\/100\n|-fieldstart|move: Electric Terrain|[from] ability: Hadron Engine|[of] p1a: Miraidon\n|turn|2\n|j| ANOMEN0915\n|\n|t:|1739546179\n|-terastallize|p2a: Koraidon|Fire\n|move|p1a: Miraidon|Electro Drift|p2a: Koraidon\n|-damage|p2a: Koraidon|0 fnt\n|faint|p2a: Koraidon\n|-damage|p1a: Miraidon|91\/100|[from] item: Life Orb\n|move|p2b: Ogerpon|Power Whip|p1b: Ogerpon\n|-supereffective|p1b: Ogerpon\n|-damage|p1b: Ogerpon|0 fnt\n|faint|p1b: Ogerpon\n|\n|-weather|RainDance|[upkeep]\n|upkeep\n|\n|t:|1739546191\n|switch|p2a: Walking Wake|Walking Wake, L50|100\/100\n|switch|p1b: Iron Hands|Iron Hands, L50|100\/100\n|-enditem|p1b: Iron Hands|Electric Seed\n|-boost|p1b: Iron Hands|def|1|[from] item: Electric Seed\n|-activate|p1b: Iron Hands|ability: Quark Drive\n|-start|p1b: Iron Hands|quarkdriveatk\n|turn|3\n|\n|t:|1739546211\n|move|p2b: Ogerpon|Spiky Shield|p2b: Ogerpon\n|-singleturn|p2b: Ogerpon|move: Protect\n|move|p2a: Walking Wake|Protect|p2a: Walking Wake\n|-singleturn|p2a: Walking Wake|Protect\n|move|p1a: Miraidon|Electro Drift|p2a: Walking Wake\n|-activate|p2a: Walking Wake|move: Protect\n|move|p1b: Iron Hands|Drain Punch|p2b: Ogerpon\n|-activate|p2b: Ogerpon|move: Protect\n|-damage|p1b: Iron Hands|88\/100|[from] Spiky Shield|[of] p2b: Ogerpon\n|\n|-weather|RainDance|[upkeep]\n|upkeep\n|turn|4\n|\n|t:|1739546230\n|move|p2b: Ogerpon|Follow Me|p2b: Ogerpon\n|-singleturn|p2b: Ogerpon|move: Follow Me\n|move|p1a: Miraidon|Electro Drift|p2b: Ogerpon\n|-resisted|p2b: Ogerpon\n|-damage|p2b: Ogerpon|25\/100\n|-damage|p1a: Miraidon|81\/100|[from] item: Life Orb\n|move|p2a: Walking Wake|Draco Meteor|p1a: Miraidon\n|-supereffective|p1a: Miraidon\n|-damage|p1a: Miraidon|0 fnt\n|-unboost|p2a: Walking Wake|spa|2\n|faint|p1a: Miraidon\n|-damage|p2a: Walking Wake|91\/100|[from] item: Life Orb\n|move|p1b: Iron Hands|Drain Punch|p2b: Ogerpon\n|-supereffective|p2b: Ogerpon\n|-damage|p2b: Ogerpon|0 fnt\n|-heal|p1b: Iron Hands|96\/100|[from] drain|[of] p2b: Ogerpon\n|faint|p2b: Ogerpon\n|\n|-weather|RainDance|[upkeep]\n|upkeep\n|turn|5\n|\n|t:|1739546249\n|move|p2a: Walking Wake|Hydro Steam|p1b: Iron Hands\n|-damage|p1b: Iron Hands|64\/100\n|-damage|p2a: Walking Wake|81\/100|[from] item: Life Orb\n|move|p1b: Iron Hands|Drain Punch|p2a: Walking Wake\n|-damage|p2a: Walking Wake|28\/100\n|-heal|p1b: Iron Hands|83\/100|[from] drain|[of] p2a: Walking Wake\n|\n|-weather|none\n|upkeep\n|turn|6\n|\n|t:|1739546259\n|move|p2a: Walking Wake|Protect|p2a: Walking Wake\n|-singleturn|p2a: Walking Wake|Protect\n|move|p1b: Iron Hands|Thunder Punch|p2a: Walking Wake\n|-activate|p2a: Walking Wake|move: Protect\n|\n|-fieldend|move: Electric Terrain\n|-end|p1b: Iron Hands|Quark Drive\n|upkeep\n|turn|7\n|\n|t:|1739546266\n|move|p2a: Walking Wake|Draco Meteor|p1b: Iron Hands|[miss]\n|-miss|p2a: Walking Wake|p1b: Iron Hands\n|move|p1b: Iron Hands|Drain Punch|p2a: Walking Wake\n|-damage|p2a: Walking Wake|0 fnt\n|-heal|p1b: Iron Hands|93\/100|[from] drain|[of] p2a: Walking Wake\n|faint|p2a: Walking Wake\n|-end|p2a: Walking Wake|Protosynthesis|[silent]\n|\n|win|maddokyoma\n|raw|maddokyoma's rating: 1508 &rarr; <strong>1531<\/strong><br \/>(+23 for winning)\n|raw|epigrlozvgc's rating: 1562 &rarr; <strong>1539<\/strong><br \/>(-23 for losing)\n|l|\u2606epigrlozvgc\n|player|p2|\n|l| ANOMEN0915\n|l| God of restricted\n","uploadtime":1739546414,"views":5,"formatid":"gen9vgc2025regg","rating":1531,"private":0,"password":null}