{"id":"gen9vgc2025regg-2300223356","format":"[Gen 9] VGC 2025 Reg G","players":["carlosaurio326","0l0f3rn3"],"log":"|j|\u2606carlosaurio326\n|j|\u26060l0f3rn3\n|t:|1739476736\n|gametype|doubles\n|player|p1|carlosaurio326|170|1577\n|player|p2|0l0f3rn3|1|1517\n|teamsize|p1|6\n|teamsize|p2|6\n|gen|9\n|tier|[Gen 9] VGC 2025 Reg G\n|rated|\n|rule|Species Clause: Limit one of each Pok\u00e9mon\n|rule|Item Clause: Limit 1 of each item\n|clearpoke\n|poke|p1|Stonjourner, L50, M|\n|poke|p1|Rillaboom, L50, F|\n|poke|p1|Calyrex-Shadow, L50|\n|poke|p1|Kingambit, L50, F|\n|poke|p1|Amoonguss, L50, M|\n|poke|p1|Porygon2, L50|\n|poke|p2|Whimsicott, L50, F|\n|poke|p2|Ogerpon-Cornerstone, L50, F|\n|poke|p2|Incineroar, L50, F|\n|poke|p2|Miraidon, L50|\n|poke|p2|Ursaluna-Bloodmoon, L50, M|\n|poke|p2|Farigiraf, L50, M|\n|teampreview|4\n|j| comfy n ez 2 wear\n|\n|t:|1739476779\n|start\n|switch|p1a: Kingambit|Kingambit, L50, F|100\/100\n|switch|p1b: Amoonguss|Amoonguss, L50, M|100\/100\n|switch|p2a: Whimsicott|Whimsicott, L50, F|100\/100\n|switch|p2b: Ursaluna|Ursaluna-Bloodmoon, L50, M|100\/100\n|turn|1\n|\n|t:|1739476799\n|switch|p2a: Miraidon|Miraidon, L50|100\/100\n|-fieldstart|move: Electric Terrain|[from] ability: Hadron Engine|[of] p2a: Miraidon\n|-terastallize|p2b: Ursaluna|Normal\n|move|p2b: Ursaluna|Blood Moon|p1b: Amoonguss\n|-damage|p1b: Amoonguss|0 fnt\n|faint|p1b: Amoonguss\n|-damage|p2b: Ursaluna|91\/100|[from] item: Life Orb\n|move|p1a: Kingambit|Iron Head|p2a: Miraidon\n|-resisted|p2a: Miraidon\n|-damage|p2a: Miraidon|76\/100\n|\n|upkeep\n|\n|t:|1739476825\n|switch|p1b: Calyrex|Calyrex-Shadow, L50|100\/100\n|-ability|p1b: Calyrex|As One\n|-ability|p1b: Calyrex|Unnerve\n|turn|2\n|\n|t:|1739476835\n|switch|p2a: Incineroar|Incineroar, L50, F|100\/100\n|-ability|p2a: Incineroar|Intimidate|boost\n|-unboost|p1a: Kingambit|atk|1\n|-ability|p1a: Kingambit|Defiant|boost\n|-boost|p1a: Kingambit|atk|2\n|-unboost|p1b: Calyrex|atk|1\n|move|p1a: Kingambit|Sucker Punch||[still]\n|-fail|p1a: Kingambit\n|move|p1b: Calyrex|Psychic|p2a: Incineroar\n|-immune|p2a: Incineroar\n|move|p2b: Ursaluna|Earth Power|p1a: Kingambit\n|-supereffective|p1a: Kingambit\n|-damage|p1a: Kingambit|21\/100\n|-damage|p2b: Ursaluna|81\/100|[from] item: Life Orb\n|\n|upkeep\n|turn|3\n|\n|t:|1739476854\n|move|p2a: Incineroar|Fake Out|p1a: Kingambit\n|-resisted|p1a: Kingambit\n|-damage|p1a: Kingambit|17\/100\n|move|p1b: Calyrex|Psychic|p2b: Ursaluna\n|-damage|p2b: Ursaluna|0 fnt\n|faint|p2b: Ursaluna\n|-ability|p1b: Calyrex|Grim Neigh|boost\n|-boost|p1b: Calyrex|spa|1\n|cant|p1a: Kingambit|flinch\n|\n|upkeep\n|\n|t:|1739476863\n|switch|p2b: Whimsicott|Whimsicott, L50, F|100\/100\n|turn|4\n|\n|t:|1739476880\n|-terastallize|p1b: Calyrex|Dark\n|move|p2b: Whimsicott|Tailwind|p2b: Whimsicott\n|-sidestart|p2: 0l0f3rn3|move: Tailwind\n|move|p1b: Calyrex|Psychic|p2b: Whimsicott\n|-enditem|p2b: Whimsicott|Focus Sash\n|-damage|p2b: Whimsicott|1\/100\n|-unboost|p2b: Whimsicott|spd|1\n|move|p2a: Incineroar|Flare Blitz|p1a: Kingambit\n|-supereffective|p1a: Kingambit\n|-damage|p1a: Kingambit|0 fnt\n|faint|p1a: Kingambit\n|-damage|p2a: Incineroar|95\/100|[from] Recoil\n|\n|upkeep\n|\n|t:|1739476893\n|switch|p1a: Rillaboom|Rillaboom, L50, F|100\/100\n|-fieldstart|move: Grassy Terrain|[from] ability: Grassy Surge|[of] p1a: Rillaboom\n|turn|5\n|\n|t:|1739476910\n|move|p2b: Whimsicott|Protect|p2b: Whimsicott\n|-singleturn|p2b: Whimsicott|Protect\n|move|p1a: Rillaboom|Fake Out|p2a: Incineroar\n|-damage|p2a: Incineroar|84\/100\n|move|p1b: Calyrex|Psychic|p2b: Whimsicott\n|-activate|p2b: Whimsicott|move: Protect\n|cant|p2a: Incineroar|flinch\n|\n|-heal|p2b: Whimsicott|7\/100|[from] Grassy Terrain\n|-heal|p2a: Incineroar|90\/100|[from] Grassy Terrain\n|upkeep\n|turn|6\n|\n|t:|1739476937\n|move|p2b: Whimsicott|Encore|p1a: Rillaboom\n|-start|p1a: Rillaboom|Encore\n|move|p1b: Calyrex|Psychic|p2b: Whimsicott\n|-damage|p2b: Whimsicott|0 fnt\n|faint|p2b: Whimsicott\n|-ability|p1b: Calyrex|Grim Neigh|boost\n|-boost|p1b: Calyrex|spa|1\n|move|p2a: Incineroar|U-turn|p1b: Calyrex\n|-supereffective|p1b: Calyrex\n|-damage|p1b: Calyrex|54\/100\n|\n|t:|1739476946\n|switch|p2a: Miraidon|Miraidon, L50|76\/100|[from] U-turn\n|-fieldstart|move: Electric Terrain|[from] ability: Hadron Engine|[of] p2a: Miraidon\n|move|p1a: Rillaboom|Fake Out||[still]\n|-hint|Fake Out only works on your first turn out.\n|-fail|p1a: Rillaboom\n|\n|upkeep\n|-message|carlosaurio326 forfeited.\n|\n|win|0l0f3rn3\n|raw|carlosaurio326's rating: 1577 &rarr; <strong>1554<\/strong><br \/>(-23 for losing)\n|raw|0l0f3rn3's rating: 1517 &rarr; <strong>1540<\/strong><br \/>(+23 for winning)\n|l|\u2606carlosaurio326\n|player|p1|\n|l|\u26060l0f3rn3\n|player|p2|\n|l| comfy n ez 2 wear\n","uploadtime":1739477151,"views":4,"formatid":"gen9vgc2025regg","rating":1540,"private":0,"password":null}