{"id":"gen9vgc2025regg-2300790178","format":"[Gen 9] VGC 2025 Reg G","players":["Gavinci","pig duck eater"],"log":"|j|\u2606Gavinci\n|j|\u2606pig duck eater\n|t:|1739554272\n|gametype|doubles\n|player|p1|Gavinci|cynthia|1680\n|player|p2|pig duck eater|1|1683\n|teamsize|p1|6\n|teamsize|p2|6\n|gen|9\n|tier|[Gen 9] VGC 2025 Reg G\n|rated|\n|rule|Species Clause: Limit one of each Pok\u00e9mon\n|rule|Item Clause: Limit 1 of each item\n|clearpoke\n|poke|p1|Zacian-*, L50|\n|poke|p1|Weezing, L50, F|\n|poke|p1|Regigigas, L50|\n|poke|p1|Tornadus, L50, M|\n|poke|p1|Chien-Pao, L50|\n|poke|p1|Ogerpon-Wellspring, L50, F|\n|poke|p2|Calyrex-Shadow, L50|\n|poke|p2|Torkoal, L50, F|\n|poke|p2|Walking Wake, L50|\n|poke|p2|Indeedee-F, L50, F|\n|poke|p2|Ogerpon, L50, F|\n|poke|p2|Weezing-Galar, L50, F|\n|teampreview|4\n|inactive|Battle timer is ON: inactive players will automatically lose when time's up. (requested by Gavinci)\n|inactive|Gavinci has 60 seconds left.\n|inactive|pig duck eater has 60 seconds left.\n|j| Jamel1\n|\n|t:|1739554307\n|start\n|switch|p1a: Weezing|Weezing, L50, F|100\/100\n|switch|p1b: Regigigas|Regigigas, L50|100\/100\n|switch|p2a: Calyrex|Calyrex-Shadow, L50|100\/100\n|switch|p2b: Indeedee|Indeedee-F, L50, F|100\/100\n|-ability|p1a: Weezing|Neutralizing Gas\n|-ability|p2a: Calyrex|As One\n|-ability|p2a: Calyrex|Unnerve\n|turn|1\n|inactive|pig duck eater has 30 seconds left.\n|\n|t:|1739554332\n|-terastallize|p2a: Calyrex|Stellar\n|move|p1a: Weezing|Protect|p1a: Weezing\n|-singleturn|p1a: Weezing|Protect\n|move|p2b: Indeedee|Follow Me|p2b: Indeedee\n|-singleturn|p2b: Indeedee|move: Follow Me\n|move|p2a: Calyrex|Expanding Force|p1b: Regigigas\n|-damage|p1b: Regigigas|45\/100\n|move|p1b: Regigigas|Knock Off|p2b: Indeedee\n|-supereffective|p2b: Indeedee\n|-damage|p2b: Indeedee|0 fnt\n|-enditem|p2b: Indeedee|Psychic Seed|[from] move: Knock Off|[of] p1b: Regigigas\n|faint|p2b: Indeedee\n|-damage|p1b: Regigigas|36\/100|[from] item: Life Orb\n|\n|upkeep\n|\n|t:|1739554342\n|switch|p2b: Weezing|Weezing-Galar, L50, F|100\/100\n|-ability|p2b: Weezing|Neutralizing Gas\n|turn|2\n|j| 413XPlayz\n|l| Jamel1\n|inactive|Gavinci has 30 seconds left.\n|inactive|Gavinci has 20 seconds left.\n|inactive|Gavinci has 15 seconds left.\n|\n|t:|1739554386\n|-end|p1b: Regigigas|Slow Start|[silent]\n|switch|p1b: Zacian|Zacian-Crowned, L50|100\/100\n|-terastallize|p1a: Weezing|Dark\n|move|p2a: Calyrex|Protect|p2a: Calyrex\n|-singleturn|p2a: Calyrex|Protect\n|move|p1a: Weezing|Taunt|p2b: Weezing\n|-start|p2b: Weezing|move: Taunt\n|move|p2b: Weezing|Gunk Shot|p1b: Zacian\n|-immune|p1b: Zacian\n|\n|upkeep\n|turn|3\n|\n|t:|1739554410\n|switch|p1a: Regigigas|Regigigas, L50|36\/100\n|move|p1b: Zacian|Protect|p1b: Zacian\n|-singleturn|p1b: Zacian|Protect\n|move|p2a: Calyrex|Tera Blast|p1a: Regigigas|[anim] Tera Blast Stellar\n|-crit|p1a: Regigigas\n|-damage|p1a: Regigigas|0 fnt\n|-unboost|p2a: Calyrex|atk|1\n|-unboost|p2a: Calyrex|spa|1\n|faint|p1a: Regigigas\n|-end|p1a: Regigigas|Slow Start|[silent]\n|-ability|p2a: Calyrex|Grim Neigh|boost\n|-boost|p2a: Calyrex|spa|1\n|move|p2b: Weezing|Play Rough|p1b: Zacian\n|-activate|p1b: Zacian|move: Protect\n|\n|upkeep\n|\n|t:|1739554431\n|switch|p1a: Ogerpon|Ogerpon-Wellspring, L50, F|100\/100\n|turn|4\n|\n|t:|1739554443\n|move|p2a: Calyrex|Protect|p2a: Calyrex\n|-singleturn|p2a: Calyrex|Protect\n|move|p1b: Zacian|Behemoth Blade|p2a: Calyrex\n|-activate|p2a: Calyrex|move: Protect\n|move|p1a: Ogerpon|Ivy Cudgel|p2a: Calyrex|[anim] Ivy Cudgel Water\n|-activate|p2a: Calyrex|move: Protect\n|move|p2b: Weezing|Gunk Shot|p1a: Ogerpon|[miss]\n|-miss|p2b: Weezing|p1a: Ogerpon\n|\n|-end|p2b: Weezing|move: Taunt\n|upkeep\n|turn|5\n|inactive|Gavinci has 30 seconds left.\n|\n|t:|1739554474\n|switch|p2a: Torkoal|Torkoal, L50, F|100\/100\n|move|p1b: Zacian|Behemoth Blade|p2a: Torkoal\n|-resisted|p2a: Torkoal\n|-damage|p2a: Torkoal|77\/100\n|-damage|p1b: Zacian|84\/100|[from] item: Rocky Helmet|[of] p2a: Torkoal\n|move|p1a: Ogerpon|Ivy Cudgel|p2a: Torkoal|[anim] Ivy Cudgel Water\n|-supereffective|p2a: Torkoal\n|-damage|p2a: Torkoal|0 fnt\n|faint|p2a: Torkoal\n|move|p2b: Weezing|Gunk Shot|p1a: Ogerpon|[miss]\n|-miss|p2b: Weezing|p1a: Ogerpon\n|\n|upkeep\n|\n|t:|1739554484\n|switch|p2a: Calyrex|Calyrex-Shadow, L50, tera:Stellar|100\/100\n|-ability|p2a: Calyrex|As One\n|-ability|p2a: Calyrex|Unnerve\n|turn|6\n|\n|t:|1739554498\n|move|p2a: Calyrex|Protect|p2a: Calyrex\n|-singleturn|p2a: Calyrex|Protect\n|move|p1b: Zacian|Behemoth Blade|p2b: Weezing\n|-supereffective|p2b: Weezing\n|-damage|p2b: Weezing|20\/100\n|move|p1a: Ogerpon|Ivy Cudgel|p2a: Calyrex|[anim] Ivy Cudgel Water\n|-activate|p2a: Calyrex|move: Protect\n|move|p2b: Weezing|Gunk Shot|p1a: Ogerpon\n|-supereffective|p1a: Ogerpon\n|-damage|p1a: Ogerpon|16\/100\n|\n|upkeep\n|turn|7\n|inactive|Gavinci has 30 seconds left.\n|inactive|Gavinci has 20 seconds left.\n|inactive|Gavinci has 15 seconds left.\n|inactive|Gavinci has 10 seconds left.\n|\n|t:|1739554546\n|move|p1a: Ogerpon|Spiky Shield|p1a: Ogerpon\n|-singleturn|p1a: Ogerpon|move: Protect\n|move|p2a: Calyrex|Astral Barrage|p1a: Ogerpon|[spread] p1b\n|-activate|p1a: Ogerpon|move: Protect\n|-damage|p1b: Zacian|8\/100\n|move|p1b: Zacian|Behemoth Blade|p2a: Calyrex\n|-damage|p2a: Calyrex|32\/100\n|move|p2b: Weezing|Play Rough|p1a: Ogerpon\n|-activate|p1a: Ogerpon|move: Protect\n|-damage|p2b: Weezing|8\/100|[from] Spiky Shield|[of] p1a: Ogerpon\n|\n|upkeep\n|turn|8\n|-message|Gavinci forfeited.\n|\n|win|pig duck eater\n|raw|Gavinci's rating: 1680 &rarr; <strong>1660<\/strong><br \/>(-20 for losing)\n|raw|pig duck eater's rating: 1683 &rarr; <strong>1703<\/strong><br \/>(+20 for winning)\n|l|\u2606Gavinci\n|player|p1|\n|l|\u2606pig duck eater\n|player|p2|\n|l| 413XPlayz\n","uploadtime":1739554737,"views":8,"formatid":"gen9vgc2025regg","rating":1660,"private":0,"password":null}