{"id":"gen9vgc2025regg-2300490171","format":"[Gen 9] VGC 2025 Reg G","players":["syarisyari","kapu reki"],"log":"|j|\u2606syarisyari\n|j|\u2606kapu reki\n|t:|1739510542\n|gametype|doubles\n|player|p1|syarisyari|101|1597\n|player|p2|kapu reki|supernerd|1625\n|teamsize|p1|6\n|teamsize|p2|6\n|gen|9\n|tier|[Gen 9] VGC 2025 Reg G\n|rated|\n|rule|Species Clause: Limit one of each Pok\u00e9mon\n|rule|Item Clause: Limit 1 of each item\n|clearpoke\n|poke|p1|Calyrex-Shadow, L50|\n|poke|p1|Clefairy, L50, M|\n|poke|p1|Rillaboom, L50, M|\n|poke|p1|Urshifu-*, L50, F|\n|poke|p1|Incineroar, L50, F|\n|poke|p1|Ogerpon, L50, F|\n|poke|p2|Calyrex-Ice, L50|\n|poke|p2|Primarina, L50, M|\n|poke|p2|Indeedee-F, L50, F|\n|poke|p2|Incineroar, L50, M|\n|poke|p2|Ursaluna-Bloodmoon, L50, M|\n|poke|p2|Ogerpon, L50, F|\n|teampreview|4\n|inactive|Battle timer is ON: inactive players will automatically lose when time's up. (requested by kapu reki)\n|\n|t:|1739510566\n|start\n|switch|p1a: Calyrex|Calyrex-Shadow, L50|100\/100\n|switch|p1b: Urshifu|Urshifu-Rapid-Strike, L50, F|100\/100\n|switch|p2a: Calyrex|Calyrex-Ice, L50|100\/100\n|switch|p2b: Indeedee|Indeedee-F, L50, F|100\/100\n|-ability|p1a: Calyrex|As One\n|-ability|p1a: Calyrex|Unnerve\n|-ability|p2a: Calyrex|As One\n|-ability|p2a: Calyrex|Unnerve\n|-fieldstart|move: Psychic Terrain|[from] ability: Psychic Surge|[of] p2b: Indeedee\n|turn|1\n|\n|t:|1739510590\n|switch|p1b: Incineroar|Incineroar, L50, F|100\/100\n|-ability|p1b: Incineroar|Intimidate|boost\n|-fail|p2a: Calyrex|unboost|[from] item: Clear Amulet|[of] p2a: Calyrex\n|-unboost|p2b: Indeedee|atk|1\n|move|p2b: Indeedee|Follow Me|p2b: Indeedee\n|-singleturn|p2b: Indeedee|move: Follow Me\n|move|p1a: Calyrex|Calm Mind|p1a: Calyrex\n|-boost|p1a: Calyrex|spa|1\n|-boost|p1a: Calyrex|spd|1\n|move|p2a: Calyrex|Trick Room|p2a: Calyrex\n|-fieldstart|move: Trick Room|[of] p2a: Calyrex\n|\n|upkeep\n|turn|2\n|\n|t:|1739510610\n|move|p1a: Calyrex|Protect|p1a: Calyrex\n|-singleturn|p1a: Calyrex|Protect\n|move|p2a: Calyrex|Glacial Lance|p1a: Calyrex|[spread] p1b\n|-activate|p1a: Calyrex|move: Protect\n|-resisted|p1b: Incineroar\n|-damage|p1b: Incineroar|69\/100\n|move|p2b: Indeedee|Dazzling Gleam|p1a: Calyrex|[spread] p1b\n|-activate|p1a: Calyrex|move: Protect\n|-damage|p1b: Incineroar|56\/100\n|move|p1b: Incineroar|Parting Shot|p2b: Indeedee\n|-unboost|p2b: Indeedee|atk|1\n|-unboost|p2b: Indeedee|spa|1\n|j| mr pogostick\n|\n|t:|1739510620\n|switch|p1b: Clefairy|Clefairy, L50, M|100\/100|[from] Parting Shot\n|\n|upkeep\n|turn|3\n|\n|t:|1739510636\n|move|p1b: Clefairy|Protect|p1b: Clefairy\n|-singleturn|p1b: Clefairy|Protect\n|move|p2a: Calyrex|Glacial Lance|p1a: Calyrex|[spread] p1a\n|-activate|p1b: Clefairy|move: Protect\n|-damage|p1a: Calyrex|56\/100\n|move|p2b: Indeedee|Dazzling Gleam|p1a: Calyrex|[spread] p1a\n|-activate|p1b: Clefairy|move: Protect\n|-damage|p1a: Calyrex|51\/100\n|move|p1a: Calyrex|Astral Barrage|p2b: Indeedee|[spread] p2a\n|-immune|p2b: Indeedee\n|-supereffective|p2a: Calyrex\n|-damage|p2a: Calyrex|0 fnt\n|faint|p2a: Calyrex\n|-ability|p1a: Calyrex|Grim Neigh|boost\n|-boost|p1a: Calyrex|spa|1\n|\n|upkeep\n|\n|t:|1739510655\n|switch|p2a: Ursaluna|Ursaluna-Bloodmoon, L50, M|100\/100\n|turn|4\n|\n|t:|1739510664\n|move|p1a: Calyrex|Protect|p1a: Calyrex\n|-singleturn|p1a: Calyrex|Protect\n|move|p1b: Clefairy|Life Dew||[still]|[spread] p1a,p1b\n|-heal|p1a: Calyrex|76\/100\n|-fail|p1b: Clefairy|heal\n|move|p2a: Ursaluna|Hyper Voice|p1a: Calyrex|[spread] p1b\n|-activate|p1a: Calyrex|move: Protect\n|-damage|p1b: Clefairy|75\/100\n|move|p2b: Indeedee|Dazzling Gleam|p1b: Clefairy|[spread] p1b\n|-activate|p1a: Calyrex|move: Protect\n|-damage|p1b: Clefairy|69\/100\n|\n|upkeep\n|turn|5\n|\n|t:|1739510678\n|move|p1b: Clefairy|After You|p1a: Calyrex\n|-activate|p1a: Calyrex|move: After You\n|move|p1a: Calyrex|Giga Drain|p2a: Ursaluna\n|-supereffective|p2a: Ursaluna\n|-damage|p2a: Ursaluna|0 fnt\n|-heal|p1a: Calyrex|100\/100|[from] drain|[of] p2a: Ursaluna\n|faint|p2a: Ursaluna\n|-ability|p1a: Calyrex|Grim Neigh|boost\n|-boost|p1a: Calyrex|spa|1\n|move|p2b: Indeedee|Dazzling Gleam|p1b: Clefairy|[spread] p1a,p1b\n|-damage|p1a: Calyrex|96\/100\n|-damage|p1b: Clefairy|63\/100\n|\n|-fieldend|move: Trick Room\n|-fieldend|move: Psychic Terrain\n|upkeep\n|-message|kapu reki forfeited.\n|\n|win|syarisyari\n|raw|syarisyari's rating: 1597 &rarr; <strong>1619<\/strong><br \/>(+22 for winning)\n|raw|kapu reki's rating: 1625 &rarr; <strong>1603<\/strong><br \/>(-22 for losing)\n|l|\u2606kapu reki\n|player|p2|\n|j|\u2606kapu reki\n|player|p2|kapu reki|supernerd|\n|l|\u2606syarisyari\n|player|p1|\n","uploadtime":1739510739,"views":5,"formatid":"gen9vgc2025regg","rating":1603,"private":0,"password":null}