{"id":"gen9vgc2025regg-2300822153","format":"[Gen 9] VGC 2025 Reg G","players":["kfjtdhynd","Helio list"],"log":"|j|\u2606kfjtdhynd\n|j|\u2606Helio list\n|t:|1739557563\n|gametype|doubles\n|player|p1|kfjtdhynd|170|1593\n|player|p2|Helio list|pokemonbreederf|1635\n|teamsize|p1|6\n|teamsize|p2|6\n|gen|9\n|tier|[Gen 9] VGC 2025 Reg G\n|rated|\n|rule|Species Clause: Limit one of each Pok\u00e9mon\n|rule|Item Clause: Limit 1 of each item\n|clearpoke\n|poke|p1|Lunala, L50|\n|poke|p1|Rillaboom, L50, M|\n|poke|p1|Urshifu-*, L50, F|\n|poke|p1|Ursaluna, L50, F|\n|poke|p1|Incineroar, L50, F|\n|poke|p1|Amoonguss, L50, F|\n|poke|p2|Calyrex-Shadow, L50|\n|poke|p2|Rillaboom, L50, M|\n|poke|p2|Clefairy, L50, F|\n|poke|p2|Urshifu-*, L50, M|\n|poke|p2|Chi-Yu, L50|\n|poke|p2|Whimsicott, L50, M|\n|teampreview|4\n|inactive|Battle timer is ON: inactive players will automatically lose when time's up. (requested by Helio list)\nkfjtdhynd rejected open team sheets.\n|j| futonkagebunshin\n|inactive|Helio list has 60 seconds left.\n|\n|t:|1739557595\n|start\n|switch|p1a: Incineroar|Incineroar, L50, F|100\/100\n|switch|p1b: Lunala|Lunala, L50|100\/100\n|switch|p2a: Chi-Yu|Chi-Yu, L50|100\/100\n|switch|p2b: Urshifu|Urshifu-Rapid-Strike, L50, M|100\/100\n|-ability|p2a: Chi-Yu|Beads of Ruin\n|-ability|p1a: Incineroar|Intimidate|boost\n|-unboost|p2a: Chi-Yu|atk|1\n|-unboost|p2b: Urshifu|atk|1\n|turn|1\n|\n|t:|1739557608\n|-terastallize|p1b: Lunala|Fairy\n|move|p1a: Incineroar|Fake Out|p2b: Urshifu\n|-damage|p2b: Urshifu|88\/100\n|cant|p2b: Urshifu|flinch\n|move|p2a: Chi-Yu|Snarl|p1b: Lunala|[spread] p1a,p1b\n|-resisted|p1a: Incineroar\n|-resisted|p1b: Lunala\n|-damage|p1a: Incineroar|82\/100\n|-damage|p1b: Lunala|93\/100\n|-unboost|p1a: Incineroar|spa|1\n|-unboost|p1b: Lunala|spa|1\n|move|p1b: Lunala|Trick Room|p1b: Lunala\n|-fieldstart|move: Trick Room|[of] p1b: Lunala\n|\n|upkeep\n|turn|2\n|inactive|Helio list has 30 seconds left.\n|inactive|Helio list has 20 seconds left.\n|inactive|Helio list has 15 seconds left.\n|inactive|Helio list has 10 seconds left.\n|\n|t:|1739557655\n|switch|p1a: Rillaboom|Rillaboom, L50, M|100\/100\n|-fieldstart|move: Grassy Terrain|[from] ability: Grassy Surge|[of] p1a: Rillaboom\n|move|p1b: Lunala|Meteor Beam||[still]\n|-prepare|p1b: Lunala|Meteor Beam\n|-boost|p1b: Lunala|spa|1\n|-enditem|p1b: Lunala|Power Herb\n|-anim|p1b: Lunala|Meteor Beam|p2a: Chi-Yu\n|-supereffective|p2a: Chi-Yu\n|-damage|p2a: Chi-Yu|12\/100\n|move|p2a: Chi-Yu|Snarl|p1b: Lunala|[spread] p1a,p1b\n|-resisted|p1b: Lunala\n|-crit|p1b: Lunala\n|-damage|p1a: Rillaboom|69\/100\n|-damage|p1b: Lunala|72\/100\n|-unboost|p1a: Rillaboom|spa|1\n|-unboost|p1b: Lunala|spa|1\n|move|p2b: Urshifu|Surging Strikes|p1a: Rillaboom\n|-resisted|p1a: Rillaboom\n|-crit|p1a: Rillaboom\n|-damage|p1a: Rillaboom|60\/100\n|-resisted|p1a: Rillaboom\n|-crit|p1a: Rillaboom\n|-damage|p1a: Rillaboom|52\/100\n|-resisted|p1a: Rillaboom\n|-crit|p1a: Rillaboom\n|-damage|p1a: Rillaboom|44\/100\n|-hitcount|p1a: Rillaboom|3\n|\n|-heal|p1a: Rillaboom|50\/100|[from] Grassy Terrain\n|-heal|p1b: Lunala|78\/100|[from] Grassy Terrain\n|-heal|p2a: Chi-Yu|18\/100|[from] Grassy Terrain\n|-heal|p2b: Urshifu|94\/100|[from] Grassy Terrain\n|upkeep\n|turn|3\n|\n|t:|1739557670\n|switch|p2a: Clefairy|Clefairy, L50, F|100\/100\n|move|p2b: Urshifu|Protect|p2b: Urshifu\n|-singleturn|p2b: Urshifu|Protect\n|move|p1a: Rillaboom|Wood Hammer|p2b: Urshifu\n|-activate|p2b: Urshifu|move: Protect\n|move|p1b: Lunala|Moonblast|p2a: Clefairy\n|-damage|p2a: Clefairy|74\/100\n|-unboost|p2a: Clefairy|spa|1\n|\n|-heal|p2a: Clefairy|81\/100|[from] Grassy Terrain\n|-heal|p1a: Rillaboom|56\/100|[from] Grassy Terrain\n|-heal|p1b: Lunala|84\/100|[from] Grassy Terrain\n|-heal|p2b: Urshifu|99\/100|[from] Grassy Terrain\n|upkeep\n|turn|4\n|\n|t:|1739557692\n|move|p2a: Clefairy|After You|p2b: Urshifu\n|-activate|p2b: Urshifu|move: After You\n|move|p2b: Urshifu|Surging Strikes|p1b: Lunala\n|-crit|p1b: Lunala\n|-damage|p1b: Lunala|69\/100\n|-crit|p1b: Lunala\n|-damage|p1b: Lunala|55\/100\n|-crit|p1b: Lunala\n|-damage|p1b: Lunala|40\/100\n|-hitcount|p1b: Lunala|3\n|move|p1a: Rillaboom|Wood Hammer|p2b: Urshifu\n|-supereffective|p2b: Urshifu\n|-damage|p2b: Urshifu|0 fnt\n|faint|p2b: Urshifu\n|-damage|p1a: Rillaboom|29\/100|[from] Recoil\n|move|p1b: Lunala|Moonblast|p2a: Clefairy\n|-damage|p2a: Clefairy|52\/100\n|-unboost|p2a: Clefairy|spa|1\n|\n|-heal|p2a: Clefairy|58\/100|[from] Grassy Terrain\n|-heal|p1a: Rillaboom|34\/100|[from] Grassy Terrain\n|-heal|p1b: Lunala|46\/100|[from] Grassy Terrain\n|upkeep\n|\n|t:|1739557706\n|switch|p2b: Calyrex|Calyrex-Shadow, L50|100\/100\n|-ability|p2b: Calyrex|As One\n|-ability|p2b: Calyrex|Unnerve\n|turn|5\n|\n|t:|1739557729\n|switch|p1a: Ursaluna|Ursaluna, L50, F|100\/100\n|move|p2a: Clefairy|After You|p2b: Calyrex\n|-activate|p2b: Calyrex|move: After You\n|move|p2b: Calyrex|Astral Barrage|p1b: Lunala|[spread] p1b\n|-immune|p1a: Ursaluna\n|-damage|p1b: Lunala|0 fnt\n|faint|p1b: Lunala\n|-ability|p2b: Calyrex|Grim Neigh|boost\n|-boost|p2b: Calyrex|spa|1\n|-damage|p2b: Calyrex|91\/100|[from] item: Life Orb\n|\n|-heal|p2a: Clefairy|64\/100|[from] Grassy Terrain\n|-heal|p2b: Calyrex|97\/100|[from] Grassy Terrain\n|-fieldend|move: Trick Room\n|-status|p1a: Ursaluna|brn|[from] item: Flame Orb\n|upkeep\n|\n|t:|1739557746\n|switch|p1b: Incineroar|Incineroar, L50, F|82\/100\n|-ability|p1b: Incineroar|Intimidate|boost\n|-unboost|p2a: Clefairy|atk|1\n|-unboost|p2b: Calyrex|atk|1\n|turn|6\n|\n|t:|1739557761\n|switch|p1b: Rillaboom|Rillaboom, L50, M|34\/100\n|move|p2a: Clefairy|Helping Hand|p2b: Calyrex\n|-singleturn|p2b: Calyrex|Helping Hand|[of] p2a: Clefairy\n|move|p2b: Calyrex|Psychic|p1a: Ursaluna\n|-damage|p1a: Ursaluna|0 fnt\n|faint|p1a: Ursaluna\n|-ability|p2b: Calyrex|Grim Neigh|boost\n|-boost|p2b: Calyrex|spa|1\n|-damage|p2b: Calyrex|88\/100|[from] item: Life Orb\n|\n|-heal|p2b: Calyrex|94\/100|[from] Grassy Terrain\n|-heal|p1b: Rillaboom|40\/100|[from] Grassy Terrain\n|-heal|p2a: Clefairy|70\/100|[from] Grassy Terrain\n|-fieldend|move: Grassy Terrain\n|upkeep\n|-message|kfjtdhynd forfeited.\n|\n|win|Helio list\n|raw|kfjtdhynd's rating: 1593 &rarr; <strong>1575<\/strong><br \/>(-18 for losing)\n|raw|Helio list's rating: 1635 &rarr; <strong>1653<\/strong><br \/>(+18 for winning)\n|j| continuethesaga\n|l|\u2606kfjtdhynd\n|player|p1|\n|l|\u2606Helio list\n|player|p2|\n|l| continuethesaga\n","uploadtime":1739558016,"views":5,"formatid":"gen9vgc2025regg","rating":1575,"private":0,"password":null}