{"id":"gen9vgc2025regg-2300058823","format":"[Gen 9] VGC 2025 Reg G","players":["xiaoliyun.official","Magiplop"],"log":"|j|\u2606xiaoliyun.official\n|j|\u2606Magiplop\n|t:|1739460734\n|gametype|doubles\n|player|p1|xiaoliyun.official|gloria-league|1575\n|player|p2|Magiplop|1|1511\n|teamsize|p1|6\n|teamsize|p2|6\n|gen|9\n|tier|[Gen 9] VGC 2025 Reg G\n|rated|\n|rule|Species Clause: Limit one of each Pok\u00e9mon\n|rule|Item Clause: Limit 1 of each item\n|clearpoke\n|poke|p1|Calyrex-Ice, L50|\n|poke|p1|Suicune, L50|\n|poke|p1|Farigiraf, L50, F|\n|poke|p1|Raging Bolt, L50|\n|poke|p1|Urshifu-*, L50, F|\n|poke|p1|Ogerpon, L50, F|\n|poke|p2|Rillaboom, L50, F|\n|poke|p2|Kyogre, L50|\n|poke|p2|Indeedee-F, L50, F|\n|poke|p2|Roaring Moon, L50|\n|poke|p2|Chien-Pao, L50|\n|poke|p2|Archaludon, L50, M|\n|teampreview|4\n|inactive|Battle timer is ON: inactive players will automatically lose when time's up. (requested by xiaoliyun.official)\n|inactive|xiaoliyun.official has 60 seconds left.\n|l|\u2606Magiplop\n|inactive|Magiplop disconnected and has a minute to reconnect!\n|player|p2|\n|\n|t:|1739460771\n|start\n|switch|p1a: Suicune|Suicune, L50, shiny|100\/100\n|switch|p1b: Raging Bolt|Raging Bolt, L50|100\/100\n|switch|p2a: Rillaboom|Rillaboom, L50, F|100\/100\n|switch|p2b: Kyogre|Kyogre, L50, shiny|100\/100\n|-weather|RainDance|[from] ability: Drizzle|[of] p2b: Kyogre\n|-ability|p1a: Suicune|Pressure\n|-fieldstart|move: Grassy Terrain|[from] ability: Grassy Surge|[of] p2a: Rillaboom\n|-enditem|p1b: Raging Bolt|Booster Energy\n|-activate|p1b: Raging Bolt|ability: Protosynthesis|[fromitem]\n|-start|p1b: Raging Bolt|protosynthesisspa\n|turn|1\n|inactive|Magiplop has 30 seconds left.\n|j|\u2606Magiplop\n|inactive|Magiplop reconnected and has 25 seconds left.\n|player|p2|Magiplop|1|\n|inactive|Magiplop has 20 seconds left.\n|inactive|Magiplop has 15 seconds left.\n|\n|t:|1739460816\n|switch|p2b: Chien-Pao|Chien-Pao, L50|100\/100\n|-ability|p2b: Chien-Pao|Sword of Ruin\n|move|p1b: Raging Bolt|Protect|p1b: Raging Bolt\n|-singleturn|p1b: Raging Bolt|Protect\n|move|p1a: Suicune|Tailwind|p1a: Suicune\n|-sidestart|p1: xiaoliyun.official|move: Tailwind\n|move|p2a: Rillaboom|U-turn|p1a: Suicune\n|-damage|p1a: Suicune|77\/100\n|\n|t:|1739460829\n|switch|p2a: Kyogre|Kyogre, L50, shiny|100\/100|[from] U-turn\n|\n|-weather|RainDance|[upkeep]\n|-heal|p1a: Suicune|83\/100|[from] Grassy Terrain\n|upkeep\n|turn|2\n|\n|t:|1739460842\n|switch|p2a: Indeedee|Indeedee-F, L50, F|100\/100\n|-fieldstart|move: Psychic Terrain|[from] ability: Psychic Surge|[of] p2a: Indeedee\n|-terastallize|p1b: Raging Bolt|Electric\n|move|p1a: Suicune|Icy Wind|p2a: Indeedee|[spread] p2a,p2b\n|-resisted|p2b: Chien-Pao\n|-damage|p2a: Indeedee|91\/100\n|-damage|p2b: Chien-Pao|93\/100\n|-unboost|p2a: Indeedee|spe|1\n|-unboost|p2b: Chien-Pao|spe|1\n|move|p1b: Raging Bolt|Thunderbolt|p2a: Indeedee\n|-damage|p2a: Indeedee|3\/100\n|move|p2b: Chien-Pao|Icicle Crash|p1b: Raging Bolt\n|-damage|p1b: Raging Bolt|54\/100\n|\n|-weather|RainDance|[upkeep]\n|upkeep\n|turn|3\n|\n|t:|1739460864\n|move|p2b: Chien-Pao|Protect|p2b: Chien-Pao\n|-singleturn|p2b: Chien-Pao|Protect\n|move|p2a: Indeedee|Protect|p2a: Indeedee\n|-singleturn|p2a: Indeedee|Protect\n|move|p1a: Suicune|Snarl|p2a: Indeedee|[spread] \n|-activate|p2a: Indeedee|move: Protect\n|-activate|p2b: Chien-Pao|move: Protect\n|move|p1b: Raging Bolt|Thunderbolt|p2b: Chien-Pao\n|-activate|p2b: Chien-Pao|move: Protect\n|\n|-weather|RainDance|[upkeep]\n|upkeep\n|turn|4\n|\n|t:|1739460873\n|switch|p2b: Rillaboom|Rillaboom, L50, F|100\/100\n|-fieldstart|move: Grassy Terrain|[from] ability: Grassy Surge|[of] p2b: Rillaboom\n|move|p2a: Indeedee|Follow Me|p2a: Indeedee\n|-singleturn|p2a: Indeedee|move: Follow Me\n|move|p1a: Suicune|Icy Wind|p2a: Indeedee|[spread] p2a,p2b\n|-supereffective|p2b: Rillaboom\n|-damage|p2a: Indeedee|0 fnt\n|-damage|p2b: Rillaboom|87\/100\n|-unboost|p2b: Rillaboom|spe|1\n|faint|p2a: Indeedee\n|move|p1b: Raging Bolt|Thunderbolt|p2b: Rillaboom\n|-resisted|p2b: Rillaboom\n|-damage|p2b: Rillaboom|54\/100\n|\n|-weather|RainDance|[upkeep]\n|-heal|p1a: Suicune|88\/100|[from] Grassy Terrain\n|-heal|p1b: Raging Bolt|60\/100|[from] Grassy Terrain\n|-heal|p2b: Rillaboom|60\/100|[from] Grassy Terrain\n|-sideend|p1: xiaoliyun.official|move: Tailwind\n|upkeep\n|\n|t:|1739460877\n|switch|p2a: Chien-Pao|Chien-Pao, L50|93\/100\n|-ability|p2a: Chien-Pao|Sword of Ruin\n|turn|5\n|j| hideonbusu\n|\n|t:|1739460897\n|-end|p1b: Raging Bolt|Protosynthesis|[silent]\n|switch|p1b: Farigiraf|Farigiraf, L50, F|100\/100\n|move|p2b: Rillaboom|Grassy Glide||[still]\n|cant|p1b: Farigiraf|ability: Armor Tail|Grassy Glide|[of] p2b: Rillaboom\n|move|p2a: Chien-Pao|Icicle Crash|p1b: Farigiraf\n|-damage|p1b: Farigiraf|51\/100\n|move|p1a: Suicune|Tailwind|p1a: Suicune\n|-sidestart|p1: xiaoliyun.official|move: Tailwind\n|\n|-weather|none\n|-heal|p1a: Suicune|94\/100|[from] Grassy Terrain\n|-heal|p2a: Chien-Pao|99\/100|[from] Grassy Terrain\n|-heal|p1b: Farigiraf|57\/100|[from] Grassy Terrain\n|-heal|p2b: Rillaboom|67\/100|[from] Grassy Terrain\n|upkeep\n|turn|6\n|\n|t:|1739460913\n|move|p1a: Suicune|Icy Wind|p2a: Chien-Pao|[spread] p2a,p2b\n|-resisted|p2a: Chien-Pao\n|-supereffective|p2b: Rillaboom\n|-damage|p2a: Chien-Pao|93\/100\n|-damage|p2b: Rillaboom|54\/100\n|-unboost|p2a: Chien-Pao|spe|1\n|-unboost|p2b: Rillaboom|spe|1\n|move|p1b: Farigiraf|Foul Play|p2a: Chien-Pao\n|-resisted|p2a: Chien-Pao\n|-damage|p2a: Chien-Pao|72\/100\n|move|p2a: Chien-Pao|Icicle Crash|p1b: Farigiraf\n|-damage|p1b: Farigiraf|0 fnt\n|faint|p1b: Farigiraf\n|move|p2b: Rillaboom|Wood Hammer|p1a: Suicune\n|-supereffective|p1a: Suicune\n|-damage|p1a: Suicune|0 fnt\n|faint|p1a: Suicune\n|-damage|p2b: Rillaboom|21\/100|[from] Recoil\n|\n|-heal|p2a: Chien-Pao|78\/100|[from] Grassy Terrain\n|-heal|p2b: Rillaboom|27\/100|[from] Grassy Terrain\n|upkeep\n|\n|t:|1739460927\n|switch|p1a: Raging Bolt|Raging Bolt, L50, tera:Electric|60\/100\n|switch|p1b: Calyrex|Calyrex-Ice, L50|100\/100\n|-ability|p1b: Calyrex|As One\n|-ability|p1b: Calyrex|Unnerve\n|turn|7\n|\n|t:|1739460932\n|switch|p2b: Kyogre|Kyogre, L50, shiny|100\/100\n|-weather|RainDance|[from] ability: Drizzle|[of] p2b: Kyogre\n|move|p2a: Chien-Pao|Protect|p2a: Chien-Pao\n|-singleturn|p2a: Chien-Pao|Protect\n|move|p1a: Raging Bolt|Thunderbolt|p2a: Chien-Pao\n|-activate|p2a: Chien-Pao|move: Protect\n|move|p1b: Calyrex|Glacial Lance|p2b: Kyogre|[spread] p2b\n|-activate|p2a: Chien-Pao|move: Protect\n|-resisted|p2b: Kyogre\n|-damage|p2b: Kyogre|59\/100\n|\n|-weather|RainDance|[upkeep]\n|-heal|p1a: Raging Bolt|66\/100|[from] Grassy Terrain\n|-heal|p2b: Kyogre|65\/100|[from] Grassy Terrain\n|-heal|p2a: Chien-Pao|84\/100|[from] Grassy Terrain\n|upkeep\n|turn|8\n|\n|t:|1739460954\n|move|p2b: Kyogre|Protect|p2b: Kyogre\n|-singleturn|p2b: Kyogre|Protect\n|move|p2a: Chien-Pao|Sucker Punch|p1b: Calyrex\n|-supereffective|p1b: Calyrex\n|-damage|p1b: Calyrex|40\/100\n|move|p1a: Raging Bolt|Thunderbolt|p2a: Chien-Pao\n|-damage|p2a: Chien-Pao|0 fnt\n|faint|p2a: Chien-Pao\n|move|p1b: Calyrex|Seed Bomb|p2b: Kyogre\n|-activate|p2b: Kyogre|move: Protect\n|\n|-weather|RainDance|[upkeep]\n|-heal|p1a: Raging Bolt|72\/100|[from] Grassy Terrain\n|-heal|p1b: Calyrex|45\/100|[from] Grassy Terrain\n|-heal|p2b: Kyogre|72\/100|[from] Grassy Terrain\n|-sideend|p1: xiaoliyun.official|move: Tailwind\n|-fieldend|move: Grassy Terrain\n|upkeep\n|\n|t:|1739460957\n|switch|p2a: Rillaboom|Rillaboom, L50, F|27\/100\n|-fieldstart|move: Grassy Terrain|[from] ability: Grassy Surge|[of] p2a: Rillaboom\n|turn|9\n|\n|t:|1739460966\n|-terastallize|p2b: Kyogre|Water\n|move|p2a: Rillaboom|Fake Out|p1a: Raging Bolt\n|-damage|p1a: Raging Bolt|60\/100\n|move|p2b: Kyogre|Water Spout|p1a: Raging Bolt|[spread] p1a,p1b\n|-damage|p1a: Raging Bolt|0 fnt\n|-damage|p1b: Calyrex|8\/100\n|faint|p1a: Raging Bolt\n|-end|p1a: Raging Bolt|Protosynthesis|[silent]\n|move|p1b: Calyrex|Seed Bomb|p2b: Kyogre\n|-supereffective|p2b: Kyogre\n|-damage|p2b: Kyogre|0 fnt\n|faint|p2b: Kyogre\n|-ability|p1b: Calyrex|Chilling Neigh|boost\n|-boost|p1b: Calyrex|atk|1\n|\n|-weather|RainDance|[upkeep]\n|-heal|p2a: Rillaboom|33\/100|[from] Grassy Terrain\n|-heal|p1b: Calyrex|14\/100|[from] Grassy Terrain\n|upkeep\n|turn|10\n|\n|t:|1739460981\n|move|p2a: Rillaboom|Wood Hammer|p1b: Calyrex\n|-damage|p1b: Calyrex|0 fnt\n|faint|p1b: Calyrex\n|-damage|p2a: Rillaboom|29\/100|[from] Recoil\n|\n|win|Magiplop\n|raw|xiaoliyun.official's rating: 1575 &rarr; <strong>1551<\/strong><br \/>(-24 for losing)\n|raw|Magiplop's rating: 1511 &rarr; <strong>1535<\/strong><br \/>(+24 for winning)\n|l|\u2606xiaoliyun.official\n|player|p1|\n|l|\u2606Magiplop\n|player|p2|\n","uploadtime":1739461142,"views":5,"formatid":"gen9vgc2025regg","rating":1535,"private":0,"password":null}