{"id":"gen9vgc2025regg-2300742448","format":"[Gen 9] VGC 2025 Reg G","players":["Has_Perry","Meiose"],"log":"|j|\u2606Has_Perry\n|j|\u2606Meiose\n|t:|1739549420\n|gametype|doubles\n|player|p1|Has_Perry|veteran|1584\n|player|p2|Meiose|morty|1536\n|teamsize|p1|6\n|teamsize|p2|6\n|gen|9\n|tier|[Gen 9] VGC 2025 Reg G\n|rated|\n|rule|Species Clause: Limit one of each Pok\u00e9mon\n|rule|Item Clause: Limit 1 of each item\n|clearpoke\n|poke|p1|Terapagos, L50, M|\n|poke|p1|Rillaboom, L50, M|\n|poke|p1|Flutter Mane, L50|\n|poke|p1|Incineroar, L50, M|\n|poke|p1|Urshifu-*, L50, M|\n|poke|p1|Ogerpon-Hearthflame, L50, F|\n|poke|p2|Calyrex-Shadow, L50|\n|poke|p2|Ting-Lu, L50|\n|poke|p2|Dondozo, L50, F|\n|poke|p2|Raging Bolt, L50|\n|poke|p2|Urshifu-*, L50, M|\n|poke|p2|Whimsicott, L50, F|\n|teampreview|4\n|j| donteatfiber\n|inactive|Battle timer is ON: inactive players will automatically lose when time's up. (requested by Meiose)\n|\n|t:|1739549451\n|start\n|switch|p1a: TerapaGODO|Terapagos, L50, M|100\/100\n|switch|p1b: Ogerpon|Ogerpon-Hearthflame, L50, F|100\/100\n|switch|p2a: Ting-Lu|Ting-Lu, L50|100\/100\n|switch|p2b: Urshifu|Urshifu-Rapid-Strike, L50, M|100\/100\n|-activate|p1a: TerapaGODO|ability: Tera Shift\n|detailschange|p1a: TerapaGODO|Terapagos-Terastal, L50, M\n|-heal|p1a: TerapaGODO|100\/100|[silent]\n|-ability|p1b: Ogerpon|Mold Breaker\n|-ability|p2a: Ting-Lu|Vessel of Ruin\n|turn|1\n|inactive|Meiose has 30 seconds left.\n|inactive|Meiose has 20 seconds left.\n|inactive|Meiose has 15 seconds left.\n|inactive|Meiose has 10 seconds left.\n|\n|t:|1739549498\n|switch|p1a: Rezza Capa|Rillaboom, L50, M|100\/100\n|-fieldstart|move: Grassy Terrain|[from] ability: Grassy Surge|[of] p1a: Rezza Capa\n|move|p2b: Urshifu|U-turn|p1b: Ogerpon\n|-damage|p1b: Ogerpon|73\/100\n|\n|t:|1739549508\n|switch|p2b: Dondozo|Dondozo, L50, F|100\/100|[from] U-turn\n|move|p1b: Ogerpon|Wood Hammer|p2a: Ting-Lu\n|-supereffective|p2a: Ting-Lu\n|-damage|p2a: Ting-Lu|3\/100\n|-damage|p1b: Ogerpon|56\/100|[from] item: Rocky Helmet|[of] p2a: Ting-Lu\n|-damage|p1b: Ogerpon|10\/100|[from] Recoil\n|move|p2a: Ting-Lu|Ruination|p1a: Rezza Capa\n|-damage|p1a: Rezza Capa|51\/100\n|\n|-heal|p1b: Ogerpon|17\/100|[from] Grassy Terrain\n|-heal|p1a: Rezza Capa|57\/100|[from] Grassy Terrain\n|-heal|p2a: Ting-Lu|9\/100|[from] Grassy Terrain\n|upkeep\n|turn|2\n|inactive|Has_Perry has 30 seconds left.\n|inactive|Meiose has 30 seconds left.\n|\n|t:|1739549538\n|-terastallize|p2b: Dondozo|Dragon\n|move|p1a: Rezza Capa|Grassy Glide|p2a: Ting-Lu\n|-supereffective|p2a: Ting-Lu\n|-damage|p2a: Ting-Lu|0 fnt\n|-damage|p1a: Rezza Capa|40\/100|[from] item: Rocky Helmet|[of] p2a: Ting-Lu\n|faint|p2a: Ting-Lu\n|move|p1b: Ogerpon|Wood Hammer|p2b: Dondozo\n|-resisted|p2b: Dondozo\n|-damage|p2b: Dondozo|75\/100\n|-damage|p1b: Ogerpon|4\/100|[from] Recoil\n|move|p2b: Dondozo|Wave Crash|p1b: Ogerpon\n|-damage|p1b: Ogerpon|0 fnt\n|faint|p1b: Ogerpon\n|-damage|p2b: Dondozo|74\/100|[from] Recoil\n|\n|-heal|p1a: Rezza Capa|46\/100|[from] Grassy Terrain\n|-heal|p2b: Dondozo|80\/100|[from] Grassy Terrain\n|-heal|p2b: Dondozo|86\/100|[from] item: Leftovers\n|upkeep\n|\n|t:|1739549554\n|switch|p1b: Flutter Mane|Flutter Mane, L50|100\/100\n|switch|p2a: Calyrex|Calyrex-Shadow, L50|100\/100\n|-ability|p2a: Calyrex|As One\n|-ability|p2a: Calyrex|Unnerve\n|-enditem|p1b: Flutter Mane|Booster Energy\n|-activate|p1b: Flutter Mane|ability: Protosynthesis|[fromitem]\n|-start|p1b: Flutter Mane|protosynthesisspe\n|turn|3\n|\n|t:|1739549567\n|move|p2a: Calyrex|Protect|p2a: Calyrex\n|-singleturn|p2a: Calyrex|Protect\n|move|p1b: Flutter Mane|Thunder Wave|p2a: Calyrex\n|-activate|p2a: Calyrex|move: Protect\n|move|p1a: Rezza Capa|Wood Hammer|p2a: Calyrex\n|-activate|p2a: Calyrex|move: Protect\n|move|p2b: Dondozo|Wave Crash|p1b: Flutter Mane\n|-damage|p1b: Flutter Mane|40\/100\n|-damage|p2b: Dondozo|74\/100|[from] Recoil\n|\n|-heal|p1b: Flutter Mane|47\/100|[from] Grassy Terrain\n|-heal|p1a: Rezza Capa|52\/100|[from] Grassy Terrain\n|-heal|p2b: Dondozo|80\/100|[from] Grassy Terrain\n|-heal|p2b: Dondozo|86\/100|[from] item: Leftovers\n|upkeep\n|turn|4\n|\n|t:|1739549576\n|move|p1b: Flutter Mane|Thunder Wave|p2a: Calyrex\n|-status|p2a: Calyrex|par\n|move|p1a: Rezza Capa|Wood Hammer|p2a: Calyrex\n|-damage|p2a: Calyrex|6\/100 par\n|-damage|p1a: Rezza Capa|25\/100|[from] Recoil\n|move|p2a: Calyrex|Astral Barrage|p1a: Rezza Capa|[spread] p1a,p1b\n|-supereffective|p1b: Flutter Mane\n|-damage|p1a: Rezza Capa|0 fnt\n|-damage|p1b: Flutter Mane|0 fnt\n|faint|p1a: Rezza Capa\n|faint|p1b: Flutter Mane\n|-end|p1b: Flutter Mane|Protosynthesis|[silent]\n|-ability|p2a: Calyrex|Grim Neigh|boost\n|-boost|p2a: Calyrex|spa|2\n|move|p2b: Dondozo|Wave Crash|p1: Rezza Capa|[notarget]\n|-fail|p2b: Dondozo\n|\n|-heal|p2a: Calyrex|11\/100 par|[from] Grassy Terrain\n|-heal|p2b: Dondozo|93\/100|[from] Grassy Terrain\n|-heal|p2b: Dondozo|99\/100|[from] item: Leftovers\n|upkeep\n|\n|t:|1739549585\n|switch|p1b: TerapaGODO|Terapagos-Terastal, L50, M|100\/100\n|turn|5\n|\n|t:|1739549592\n|-terastallize|p1b: TerapaGODO|Stellar\n|detailschange|p1b: TerapaGODO|Terapagos-Stellar, L50, M, tera:Stellar\n|-heal|p1b: TerapaGODO|100\/100|[silent]\n|-ability|p1b: TerapaGODO|Teraform Zero\n|-fieldend|move: Grassy Terrain\n|move|p1b: TerapaGODO|Tera Starstorm|p2b: Dondozo|[spread] p2a,p2b\n|-supereffective|p2b: Dondozo\n|-damage|p2a: Calyrex|0 fnt\n|-damage|p2b: Dondozo|42\/100\n|faint|p2a: Calyrex\n|move|p2b: Dondozo|Yawn|p1b: TerapaGODO\n|-start|p1b: TerapaGODO|move: Yawn|[of] p2b: Dondozo\n|\n|-heal|p2b: Dondozo|48\/100|[from] item: Leftovers\n|upkeep\n|\n|t:|1739549594\n|switch|p2a: Urshifu|Urshifu-Rapid-Strike, L50, M|100\/100\n|turn|6\n|\n|t:|1739549607\n|move|p2b: Dondozo|Protect|p2b: Dondozo\n|-singleturn|p2b: Dondozo|Protect\n|move|p2a: Urshifu|Close Combat|p1b: TerapaGODO\n|-supereffective|p1b: TerapaGODO\n|-damage|p1b: TerapaGODO|20\/100\n|-unboost|p2a: Urshifu|def|1\n|-unboost|p2a: Urshifu|spd|1\n|move|p1b: TerapaGODO|Tera Starstorm|p2b: Dondozo|[spread] p2a\n|-activate|p2b: Dondozo|move: Protect\n|-damage|p2a: Urshifu|11\/100\n|\n|-heal|p1b: TerapaGODO|27\/100|[from] item: Leftovers\n|-heal|p2b: Dondozo|54\/100|[from] item: Leftovers\n|-end|p1b: TerapaGODO|move: Yawn|[silent]\n|-status|p1b: TerapaGODO|slp\n|upkeep\n|turn|7\n|c|\u2606Has_Perry|gg\n|\n|t:|1739549622\n|move|p2a: Urshifu|Close Combat|p1b: TerapaGODO\n|-supereffective|p1b: TerapaGODO\n|-damage|p1b: TerapaGODO|0 fnt\n|-unboost|p2a: Urshifu|def|1\n|-unboost|p2a: Urshifu|spd|1\n|faint|p1b: TerapaGODO\n|\n|win|Meiose\n|raw|Has_Perry's rating: 1584 &rarr; <strong>1561<\/strong><br \/>(-23 for losing)\n|raw|Meiose's rating: 1536 &rarr; <strong>1559<\/strong><br \/>(+23 for winning)\n|l| donteatfiber\n|l|\u2606Has_Perry\n|player|p1|\n","uploadtime":1739550582,"views":6,"formatid":"gen9vgc2025regg","rating":1559,"private":0,"password":null}