{"id":"gen9vgc2025regg-2300471844","format":"[Gen 9] VGC 2025 Reg G","players":["prof_tiberius","pig duck eater"],"log":"|j|\u2606prof_tiberius\n|j|\u2606pig duck eater\n|t:|1739507419\n|gametype|doubles\n|player|p1|prof_tiberius|colress|1572\n|player|p2|pig duck eater|170|1623\n|teamsize|p1|6\n|teamsize|p2|6\n|gen|9\n|tier|[Gen 9] VGC 2025 Reg G\n|rated|\n|rule|Species Clause: Limit one of each Pok\u00e9mon\n|rule|Item Clause: Limit 1 of each item\n|clearpoke\n|poke|p1|Miraidon, L50|\n|poke|p1|Chien-Pao, L50|\n|poke|p1|Urshifu-*, L50, M|\n|poke|p1|Ogerpon-Hearthflame, L50, F|\n|poke|p1|Farigiraf, L50, F|\n|poke|p1|Incineroar, L50, F|\n|poke|p2|Calyrex-Shadow, L50|\n|poke|p2|Torkoal, L50, M|\n|poke|p2|Walking Wake, L50|\n|poke|p2|Indeedee-F, L50, F|\n|poke|p2|Ogerpon, L50, F|\n|poke|p2|Weezing-Galar, L50, M|\n|teampreview|4\n|\n|t:|1739507463\n|start\n|switch|p1a: Chien-Pao|Chien-Pao, L50|100\/100\n|switch|p1b: Urshifu|Urshifu-Rapid-Strike, L50, M|100\/100\n|switch|p2a: Torkoal|Torkoal, L50, M|100\/100\n|switch|p2b: Walking Wake|Walking Wake, L50|100\/100\n|-ability|p1a: Chien-Pao|Sword of Ruin\n|-weather|SunnyDay|[from] ability: Drought|[of] p2a: Torkoal\n|-activate|p2b: Walking Wake|ability: Protosynthesis\n|-start|p2b: Walking Wake|protosynthesisspe\n|turn|1\n|\n|t:|1739507504\n|move|p1a: Chien-Pao|Sucker Punch|p2b: Walking Wake\n|-damage|p2b: Walking Wake|45\/100\n|move|p2b: Walking Wake|Draco Meteor|p1b: Urshifu\n|-damage|p1b: Urshifu|7\/100\n|-unboost|p2b: Walking Wake|spa|2\n|move|p1b: Urshifu|U-turn|p2b: Walking Wake\n|-damage|p2b: Walking Wake|6\/100\n|\n|t:|1739507514\n|switch|p1b: Miraidon|Miraidon, L50|100\/100|[from] U-turn\n|-fieldstart|move: Electric Terrain|[from] ability: Hadron Engine|[of] p1b: Miraidon\n|move|p2a: Torkoal|Stealth Rock|p1b: Miraidon\n|-sidestart|p1: prof_tiberius|move: Stealth Rock\n|\n|-weather|SunnyDay|[upkeep]\n|upkeep\n|turn|2\n|\n|t:|1739507530\n|switch|p2a: Indeedee|Indeedee-F, L50, F|100\/100\n|-fieldstart|move: Psychic Terrain|[from] ability: Psychic Surge|[of] p2a: Indeedee\n|-enditem|p2a: Indeedee|Psychic Seed\n|-boost|p2a: Indeedee|spd|1|[from] item: Psychic Seed\n|move|p1a: Chien-Pao|Sucker Punch|p2b: Walking Wake\n|-activate|p2b: Walking Wake|move: Psychic Terrain\n|move|p2b: Walking Wake|Hydro Steam|p1a: Chien-Pao\n|-damage|p1a: Chien-Pao|51\/100\n|move|p1b: Miraidon|Electro Drift|p2a: Indeedee\n|-damage|p2a: Indeedee|63\/100\n|\n|-weather|SunnyDay|[upkeep]\n|upkeep\n|turn|3\n|\n|t:|1739507551\n|move|p1a: Chien-Pao|Protect|p1a: Chien-Pao\n|-singleturn|p1a: Chien-Pao|Protect\n|move|p2b: Walking Wake|Draco Meteor|p1a: Chien-Pao\n|-activate|p1a: Chien-Pao|move: Protect\n|move|p1b: Miraidon|Dazzling Gleam|p2a: Indeedee|[spread] p2a,p2b\n|-supereffective|p2b: Walking Wake\n|-damage|p2a: Indeedee|51\/100\n|-damage|p2b: Walking Wake|0 fnt\n|faint|p2b: Walking Wake\n|-end|p2b: Walking Wake|Protosynthesis|[silent]\n|move|p2a: Indeedee|Baton Pass|p2a: Indeedee\n|\n|t:|1739507561\n|switch|p2a: Calyrex|Calyrex-Shadow, L50|100\/100|[from] Baton Pass\n|-ability|p2a: Calyrex|As One\n|-ability|p2a: Calyrex|Unnerve\n|\n|-weather|SunnyDay|[upkeep]\n|upkeep\n|\n|t:|1739507563\n|switch|p2b: Torkoal|Torkoal, L50, M|100\/100\n|turn|4\n|\n|t:|1739507581\n|switch|p1a: Incineroar|Incineroar, L50, F|100\/100\n|-damage|p1a: Incineroar|76\/100|[from] Stealth Rock\n|-ability|p1a: Incineroar|Intimidate|boost\n|-unboost|p2a: Calyrex|atk|1\n|-unboost|p2b: Torkoal|atk|1\n|-terastallize|p2a: Calyrex|Stellar\n|move|p2b: Torkoal|Helping Hand|p2a: Calyrex\n|-singleturn|p2a: Calyrex|Helping Hand|[of] p2b: Torkoal\n|move|p2a: Calyrex|Astral Barrage|p1b: Miraidon|[spread] p1a,p1b\n|-resisted|p1a: Incineroar\n|-damage|p1a: Incineroar|25\/100\n|-damage|p1b: Miraidon|36\/100\n|move|p1b: Miraidon|Volt Switch|p2b: Torkoal\n|-damage|p2b: Torkoal|51\/100\n|\n|t:|1739507604\n|switch|p1b: Chien-Pao|Chien-Pao, L50|51\/100|[from] Volt Switch\n|-damage|p1b: Chien-Pao|27\/100|[from] Stealth Rock\n|-ability|p1b: Chien-Pao|Sword of Ruin\n|\n|-weather|SunnyDay|[upkeep]\n|upkeep\n|turn|5\n|\n|t:|1739507623\n|switch|p1a: Miraidon|Miraidon, L50|36\/100\n|-damage|p1a: Miraidon|23\/100|[from] Stealth Rock\n|-fieldstart|move: Electric Terrain|[from] ability: Hadron Engine|[of] p1a: Miraidon\n|move|p2a: Calyrex|Protect|p2a: Calyrex\n|-singleturn|p2a: Calyrex|Protect\n|move|p1b: Chien-Pao|Sucker Punch||[still]\n|-fail|p1b: Chien-Pao\n|move|p2b: Torkoal|Eruption|p1b: Chien-Pao|[spread] p1a,p1b\n|-resisted|p1a: Miraidon\n|-supereffective|p1b: Chien-Pao\n|-damage|p1a: Miraidon|14\/100\n|-damage|p1b: Chien-Pao|0 fnt\n|faint|p1b: Chien-Pao\n|\n|-weather|none\n|upkeep\n|\n|t:|1739507641\n|switch|p1b: Urshifu|Urshifu-Rapid-Strike, L50, M|7\/100\n|-damage|p1b: Urshifu|2\/100|[from] Stealth Rock\n|turn|6\n|\n|t:|1739507655\n|switch|p2b: Indeedee|Indeedee-F, L50, F|51\/100\n|-fieldstart|move: Psychic Terrain|[from] ability: Psychic Surge|[of] p2b: Indeedee\n|-terastallize|p1b: Urshifu|Water\n|move|p1b: Urshifu|Surging Strikes|p2a: Calyrex\n|-crit|p2a: Calyrex\n|-damage|p2a: Calyrex|63\/100\n|-crit|p2a: Calyrex\n|-damage|p2a: Calyrex|27\/100\n|-crit|p2a: Calyrex\n|-damage|p2a: Calyrex|0 fnt\n|faint|p2a: Calyrex\n|-hitcount|p2: Calyrex|3\n|move|p1a: Miraidon|Electro Drift|p2b: Indeedee\n|-damage|p2b: Indeedee|0 fnt\n|faint|p2b: Indeedee\n|\n|upkeep\n|-message|pig duck eater forfeited.\n|\n|win|prof_tiberius\n|raw|prof_tiberius's rating: 1572 &rarr; <strong>1595<\/strong><br \/>(+23 for winning)\n|raw|pig duck eater's rating: 1623 &rarr; <strong>1600<\/strong><br \/>(-23 for losing)\n|l|\u2606pig duck eater\n|player|p2|\n","uploadtime":1739507678,"views":18,"formatid":"gen9vgc2025regg","rating":1595,"private":0,"password":null}