{"id":"gen9vgc2025regg-2300447719","format":"[Gen 9] VGC 2025 Reg G","players":["dave savez","jkm912"],"log":"|j|\u2606dave savez\n|j|\u2606jkm912\n|t:|1739503730\n|gametype|doubles\n|player|p1|dave savez|265|1556\n|player|p2|jkm912|erika|1598\n|teamsize|p1|6\n|teamsize|p2|6\n|gen|9\n|tier|[Gen 9] VGC 2025 Reg G\n|rated|\n|rule|Species Clause: Limit one of each Pok\u00e9mon\n|rule|Item Clause: Limit 1 of each item\n|clearpoke\n|poke|p1|Terapagos, L50, M|\n|poke|p1|Rillaboom, L50, M|\n|poke|p1|Incineroar, L50, M|\n|poke|p1|Ogerpon-Cornerstone, L50, F|\n|poke|p1|Heatran, L50, F|\n|poke|p1|Scream Tail, L50|\n|poke|p2|Calyrex-Shadow, L50|\n|poke|p2|Urshifu-*, L50, M|\n|poke|p2|Amoonguss, L50, F|\n|poke|p2|Pelipper, L50, F|\n|poke|p2|Incineroar, L50, F|\n|poke|p2|Rillaboom, L50, M|\n|teampreview|4\n|inactive|Battle timer is ON: inactive players will automatically lose when time's up. (requested by jkm912)\n|inactive|dave savez also wants the timer to be on.\n|j| cccue6tu\n|inactive|dave savez has 60 seconds left.\n|inactive|jkm912 has 60 seconds left.\n|\n|t:|1739503784\n|start\n|switch|p1a: Incineroar|Incineroar, L50, M|100\/100\n|switch|p1b: Ogerpon|Ogerpon-Cornerstone, L50, F|100\/100\n|switch|p2a: Pelipper|Pelipper, L50, F|100\/100\n|switch|p2b: Urshifu|Urshifu-Rapid-Strike, L50, M|100\/100\n|-weather|RainDance|[from] ability: Drizzle|[of] p2a: Pelipper\n|-ability|p1a: Incineroar|Intimidate|boost\n|-unboost|p2a: Pelipper|atk|1\n|-unboost|p2b: Urshifu|atk|1\n|turn|1\n|inactive|dave savez has 30 seconds left.\n|inactive|jkm912 has 30 seconds left.\n|\n|t:|1739503814\n|move|p1a: Incineroar|Fake Out|p2b: Urshifu\n|-damage|p2b: Urshifu|90\/100\n|cant|p2b: Urshifu|flinch\n|move|p1b: Ogerpon|Ivy Cudgel|p2a: Pelipper|[anim] Ivy Cudgel Rock\n|-supereffective|p2a: Pelipper\n|-damage|p2a: Pelipper|0 fnt\n|faint|p2a: Pelipper\n|\n|-weather|RainDance|[upkeep]\n|upkeep\n|\n|t:|1739503826\n|switch|p2a: Calyrex|Calyrex-Shadow, L50|100\/100\n|-ability|p2a: Calyrex|As One\n|-ability|p2a: Calyrex|Unnerve\n|turn|2\n|inactive|dave savez has 30 seconds left.\n|inactive|dave savez has 20 seconds left.\n|inactive|dave savez has 15 seconds left.\n|inactive|dave savez has 10 seconds left.\n|\n|t:|1739503874\n|-terastallize|p2a: Calyrex|Grass\n|move|p1b: Ogerpon|Spiky Shield|p1b: Ogerpon\n|-singleturn|p1b: Ogerpon|move: Protect\n|move|p2b: Urshifu|Aqua Jet|p1b: Ogerpon\n|-damage|p1b: Ogerpon|73\/100\n|move|p2a: Calyrex|Astral Barrage|p1a: Incineroar|[spread] p1a\n|-activate|p1b: Ogerpon|move: Protect\n|-resisted|p1a: Incineroar\n|-damage|p1a: Incineroar|69\/100\n|move|p1a: Incineroar|Parting Shot|p2b: Urshifu\n|-unboost|p2b: Urshifu|atk|1\n|-unboost|p2b: Urshifu|spa|1\n|inactive|dave savez has 30 seconds left.\n|inactive|dave savez has 20 seconds left.\n|inactive|dave savez has 15 seconds left.\n|inactive|dave savez has 10 seconds left.\n|inactive|dave savez has 5 seconds left.\n|\n|t:|1739503926\n|switch|p1a: Terapagos|Terapagos, L50, M|100\/100|[from] Parting Shot\n|-activate|p1a: Terapagos|ability: Tera Shift\n|detailschange|p1a: Terapagos|Terapagos-Terastal, L50, M\n|-heal|p1a: Terapagos|100\/100|[silent]\n|\n|-weather|RainDance|[upkeep]\n|upkeep\n|turn|3\n|inactive|dave savez has 30 seconds left.\n|inactive|jkm912 has 30 seconds left.\n|inactive|dave savez has 20 seconds left.\n|\n|t:|1739503966\n|switch|p1b: Incineroar|Incineroar, L50, M|69\/100\n|-ability|p1b: Incineroar|Intimidate|boost\n|-unboost|p2a: Calyrex|atk|1\n|-unboost|p2b: Urshifu|atk|1\n|move|p2a: Calyrex|Astral Barrage|p1b: Incineroar|[spread] p1b\n|-immune|p1a: Terapagos\n|-resisted|p1b: Incineroar\n|-damage|p1b: Incineroar|36\/100\n|move|p2b: Urshifu|Surging Strikes|p1a: Terapagos\n|-activate|p1a: Terapagos|ability: Tera Shell\n|-resisted|p1a: Terapagos\n|-crit|p1a: Terapagos\n|-damage|p1a: Terapagos|91\/100\n|-resisted|p1a: Terapagos\n|-crit|p1a: Terapagos\n|-damage|p1a: Terapagos|80\/100\n|-resisted|p1a: Terapagos\n|-crit|p1a: Terapagos\n|-damage|p1a: Terapagos|69\/100\n|-hitcount|p1a: Terapagos|3\n|move|p1a: Terapagos|Substitute|p1a: Terapagos\n|-start|p1a: Terapagos|Substitute\n|-damage|p1a: Terapagos|44\/100\n|\n|-weather|RainDance|[upkeep]\n|-heal|p1a: Terapagos|50\/100|[from] item: Leftovers\n|upkeep\n|turn|4\n|inactive|dave savez has 30 seconds left.\n|inactive|jkm912 has 30 seconds left.\n|inactive|jkm912 has 20 seconds left.\n|\n|t:|1739504003\n|move|p1b: Incineroar|Fake Out|p2b: Urshifu\n|-damage|p2b: Urshifu|78\/100\n|move|p2a: Calyrex|Psychic|p1a: Terapagos\n|-end|p1a: Terapagos|Substitute\n|cant|p2b: Urshifu|flinch\n|move|p1a: Terapagos|Calm Mind|p1a: Terapagos\n|-boost|p1a: Terapagos|spa|1\n|-boost|p1a: Terapagos|spd|1\n|\n|-weather|RainDance|[upkeep]\n|-heal|p1a: Terapagos|56\/100|[from] item: Leftovers\n|upkeep\n|turn|5\n|inactive|dave savez has 30 seconds left.\n|inactive|jkm912 has 30 seconds left.\n|inactive|dave savez has 20 seconds left.\n|inactive|dave savez has 15 seconds left.\n|inactive|dave savez has 10 seconds left.\n|inactive|dave savez has 5 seconds left.\n|\n|t:|1739504054\n|-terastallize|p1a: Terapagos|Stellar\n|detailschange|p1a: Terapagos|Terapagos-Stellar, L50, M, tera:Stellar\n|-heal|p1a: Terapagos|68\/100|[silent]\n|-ability|p1a: Terapagos|Teraform Zero\n|-weather|none\n|move|p2a: Calyrex|Astral Barrage|p1b: Incineroar|[spread] p1b\n|-immune|p1a: Terapagos\n|-resisted|p1b: Incineroar\n|-damage|p1b: Incineroar|3\/100\n|move|p2b: Urshifu|Close Combat|p1a: Terapagos\n|-supereffective|p1a: Terapagos\n|-crit|p1a: Terapagos\n|-damage|p1a: Terapagos|0 fnt\n|-unboost|p2b: Urshifu|def|1\n|-unboost|p2b: Urshifu|spd|1\n|faint|p1a: Terapagos\n|move|p1b: Incineroar|Knock Off|p2a: Calyrex\n|-damage|p2a: Calyrex|52\/100\n|-enditem|p2a: Calyrex|Spooky Plate|[from] move: Knock Off|[of] p1b: Incineroar\n|\n|upkeep\n|inactive|dave savez has 30 seconds left.\n|inactive|dave savez has 20 seconds left.\n|inactive|dave savez has 15 seconds left.\n|inactive|dave savez has 10 seconds left.\n|\n|t:|1739504100\n|switch|p1a: Scream Tail|Scream Tail, L50, shiny|100\/100\n|-enditem|p1a: Scream Tail|Booster Energy\n|-activate|p1a: Scream Tail|ability: Protosynthesis|[fromitem]\n|-start|p1a: Scream Tail|protosynthesisspe\n|turn|6\n|\n|t:|1739504109\n|move|p2b: Urshifu|Aqua Jet|p1b: Incineroar\n|-supereffective|p1b: Incineroar\n|-damage|p1b: Incineroar|0 fnt\n|faint|p1b: Incineroar\n|move|p1a: Scream Tail|Disable|p2a: Calyrex\n|-start|p2a: Calyrex|Disable|Astral Barrage\n|cant|p2a: Calyrex|Disable|Astral Barrage\n|\n|upkeep\n|\n|t:|1739504112\n|switch|p1b: Ogerpon|Ogerpon-Cornerstone, L50, F|73\/100\n|turn|7\n|\n|t:|1739504128\n|move|p1a: Scream Tail|Encore|p2a: Calyrex\n|-start|p2a: Calyrex|Encore\n|cant|p2a: Calyrex|Disable|Astral Barrage\n|move|p1b: Ogerpon|Power Whip|p2b: Urshifu\n|-supereffective|p2b: Urshifu\n|-damage|p2b: Urshifu|0 fnt\n|faint|p2b: Urshifu\n|\n|upkeep\n|\n|t:|1739504136\n|switch|p2b: Amoonguss|Amoonguss, L50, F|100\/100\n|turn|8\n|inactive|dave savez has 30 seconds left.\n|\n|t:|1739504168\n|move|p1b: Ogerpon|Follow Me|p1b: Ogerpon\n|-singleturn|p1b: Ogerpon|move: Follow Me\n|move|p1a: Scream Tail|Dazzling Gleam|p2a: Calyrex|[spread] p2a,p2b\n|-resisted|p2b: Amoonguss\n|-damage|p2a: Calyrex|37\/100\n|-damage|p2b: Amoonguss|93\/100\n|-activate|p2a: Calyrex|move: Struggle\n|move|p2a: Calyrex|Struggle|p1b: Ogerpon\n|-damage|p1b: Ogerpon|66\/100\n|-damage|p2a: Calyrex|12\/100|[from] recoil\n|move|p2b: Amoonguss|Spore|p1b: Ogerpon\n|-immune|p1b: Ogerpon\n|\n|upkeep\n|turn|9\n|\n|t:|1739504183\n|move|p1b: Ogerpon|Follow Me|p1b: Ogerpon\n|-singleturn|p1b: Ogerpon|move: Follow Me\n|move|p1a: Scream Tail|Dazzling Gleam|p2b: Amoonguss|[spread] p2a,p2b\n|-resisted|p2b: Amoonguss\n|-damage|p2a: Calyrex|0 fnt\n|-damage|p2b: Amoonguss|86\/100\n|faint|p2a: Calyrex\n|move|p2b: Amoonguss|Pollen Puff|p1b: Ogerpon\n|-supereffective|p1b: Ogerpon\n|-damage|p1b: Ogerpon|21\/100\n|\n|upkeep\n|turn|10\n|\n|t:|1739504191\n|move|p1b: Ogerpon|Follow Me|p1b: Ogerpon\n|-singleturn|p1b: Ogerpon|move: Follow Me\n|move|p1a: Scream Tail|Disable|p2b: Amoonguss\n|-start|p2b: Amoonguss|Disable|Pollen Puff\n|cant|p2b: Amoonguss|Disable|Pollen Puff\n|\n|upkeep\n|turn|11\n|\n|t:|1739504197\n|move|p1b: Ogerpon|Follow Me|p1b: Ogerpon\n|-singleturn|p1b: Ogerpon|move: Follow Me\n|move|p1a: Scream Tail|Encore|p2b: Amoonguss\n|-start|p2b: Amoonguss|Encore\n|cant|p2b: Amoonguss|Disable|Pollen Puff\n|\n|upkeep\n|turn|12\n|\n|t:|1739504204\n|move|p1a: Scream Tail|Dazzling Gleam|p2b: Amoonguss\n|-resisted|p2b: Amoonguss\n|-damage|p2b: Amoonguss|77\/100\n|move|p1b: Ogerpon|Ivy Cudgel|p2b: Amoonguss|[anim] Ivy Cudgel Rock\n|-damage|p2b: Amoonguss|37\/100\n|-activate|p2b: Amoonguss|move: Struggle\n|move|p2b: Amoonguss|Struggle|p1a: Scream Tail\n|-damage|p1a: Scream Tail|94\/100\n|-damage|p2b: Amoonguss|12\/100|[from] recoil\n|\n|upkeep\n|turn|13\n|c|\u2606dave savez|gg\n|\n|t:|1739504213\n|move|p1a: Scream Tail|Dazzling Gleam|p2b: Amoonguss\n|-resisted|p2b: Amoonguss\n|-damage|p2b: Amoonguss|2\/100\n|move|p1b: Ogerpon|Ivy Cudgel|p2b: Amoonguss|[anim] Ivy Cudgel Rock\n|-damage|p2b: Amoonguss|0 fnt\n|faint|p2b: Amoonguss\n|\n|win|dave savez\n|raw|dave savez's rating: 1556 &rarr; <strong>1578<\/strong><br \/>(+22 for winning)\n|raw|jkm912's rating: 1598 &rarr; <strong>1576<\/strong><br \/>(-22 for losing)\n|l|\u2606jkm912\n|player|p2|\n|l|\u2606dave savez\n|player|p1|\n","uploadtime":1739504434,"views":4,"formatid":"gen9vgc2025regg","rating":1576,"private":0,"password":null}