{"id":"gen9vgc2025regg-2300087668","format":"[Gen 9] VGC 2025 Reg G","players":["ArisHazard","pcord cypher"],"log":"|j|\u2606ArisHazard\n|j|\u2606pcord cypher\n|t:|1739463671\n|gametype|doubles\n|player|p1|ArisHazard|101|1627\n|player|p2|pcord cypher|265|1602\n|teamsize|p1|6\n|teamsize|p2|6\n|gen|9\n|tier|[Gen 9] VGC 2025 Reg G\n|rated|\n|rule|Species Clause: Limit one of each Pok\u00e9mon\n|rule|Item Clause: Limit 1 of each item\n|clearpoke\n|poke|p1|Calyrex-Shadow, L50|\n|poke|p1|Scream Tail, L50|\n|poke|p1|Weezing, L50, M|\n|poke|p1|Regigigas, L50|\n|poke|p1|Iron Hands, L50|\n|poke|p1|Urshifu-*, L50, F|\n|poke|p2|Kyogre, L50|\n|poke|p2|Tornadus, L50, M|\n|poke|p2|Tatsugiri-Droopy, L50, F|\n|poke|p2|Tsareena, L50, F|\n|poke|p2|Dondozo, L50, F|\n|poke|p2|Chien-Pao, L50|\n|teampreview|4\n|\n|t:|1739463690\n|start\n|switch|p1a: Regigigas|Regigigas, L50|100\/100\n|switch|p1b: Weezing|Weezing, L50, M|100\/100\n|switch|p2a: Tornadus|Tornadus, L50, M|100\/100\n|switch|p2b: Kyogre|Kyogre, L50|100\/100\n|-ability|p1b: Weezing|Neutralizing Gas\n|-block|p2a: Tornadus|item: Ability Shield\n|turn|1\n|inactive|Battle timer is ON: inactive players will automatically lose when time's up. (requested by ArisHazard)\n|j| bluestraggler01\n|\n|t:|1739463709\n|-terastallize|p2b: Kyogre|Water\n|move|p1a: Regigigas|Wide Guard|p1a: Regigigas\n|-singleturn|p1a: Regigigas|Wide Guard\n|move|p2a: Tornadus|Tailwind|p2a: Tornadus\n|-sidestart|p2: pcord cypher|move: Tailwind\n|move|p2b: Kyogre|Water Spout|p1a: Regigigas|[spread] \n|-activate|p1a: Regigigas|move: Wide Guard\n|-activate|p1b: Weezing|move: Wide Guard\n|move|p1b: Weezing|Sludge Bomb|p2b: Kyogre\n|-crit|p2b: Kyogre\n|-damage|p2b: Kyogre|67\/100\n|-status|p2b: Kyogre|psn\n|\n|-damage|p2b: Kyogre|55\/100 psn|[from] psn\n|upkeep\n|turn|2\n|\n|t:|1739463734\n|move|p2a: Tornadus|Hurricane|p1a: Regigigas|[miss]\n|-miss|p2a: Tornadus|p1a: Regigigas\n|move|p2b: Kyogre|Water Spout|p1b: Weezing|[spread] p1a,p1b\n|-damage|p1a: Regigigas|37\/100\n|-damage|p1b: Weezing|31\/100\n|-enditem|p1b: Weezing|Sitrus Berry|[eat]\n|-heal|p1b: Weezing|56\/100|[from] item: Sitrus Berry\n|move|p1a: Regigigas|Crush Grip|p2a: Tornadus\n|-damage|p2a: Tornadus|0 fnt\n|faint|p2a: Tornadus\n|-damage|p1a: Regigigas|27\/100|[from] item: Life Orb\n|move|p1b: Weezing|Sludge Bomb|p2b: Kyogre\n|-damage|p2b: Kyogre|34\/100 psn\n|\n|-damage|p2b: Kyogre|22\/100 psn|[from] psn\n|upkeep\n|\n|t:|1739463741\n|switch|p2a: Chien-Pao|Chien-Pao, L50|100\/100\n|turn|3\n|j| snowperegrine\n|\n|t:|1739463758\n|switch|p2b: Tsareena|Tsareena, L50, F|100\/100\n|move|p1a: Regigigas|Wide Guard|p1a: Regigigas\n|-singleturn|p1a: Regigigas|Wide Guard\n|move|p2a: Chien-Pao|Ice Spinner|p1b: Weezing\n|-damage|p1b: Weezing|0 fnt\n|faint|p1b: Weezing\n|-end|p1b: Weezing|ability: Neutralizing Gas\n|-ability|p2a: Chien-Pao|Sword of Ruin\n|-start|p1a: Regigigas|ability: Slow Start\n|\n|upkeep\n|\n|t:|1739463771\n|switch|p1b: Calyrex|Calyrex-Shadow, L50|100\/100\n|-ability|p1b: Calyrex|As One\n|-ability|p1b: Calyrex|Unnerve\n|turn|4\n|inactive|pcord cypher has 30 seconds left.\n|inactive|pcord cypher has 20 seconds left.\n|inactive|pcord cypher has 15 seconds left.\n|\n|t:|1739463812\n|-end|p1a: Regigigas|Slow Start|[silent]\n|switch|p1a: Iron Hands|Iron Hands, L50|100\/100\n|-terastallize|p1b: Calyrex|Fairy\n|move|p2a: Chien-Pao|Ice Spinner|p1b: Calyrex\n|-damage|p1b: Calyrex|10\/100\n|move|p2b: Tsareena|Triple Axel|p1b: Calyrex\n|-damage|p1b: Calyrex|0 fnt\n|faint|p1b: Calyrex\n|-hitcount|p1: Calyrex|1\n|\n|-sideend|p2: pcord cypher|move: Tailwind\n|upkeep\n|\n|t:|1739463827\n|switch|p1b: Regigigas|Regigigas, L50|27\/100\n|-start|p1b: Regigigas|ability: Slow Start\n|turn|5\n|-message|ArisHazard forfeited.\n|\n|win|pcord cypher\n|raw|ArisHazard's rating: 1627 &rarr; <strong>1606<\/strong><br \/>(-21 for losing)\n|raw|pcord cypher's rating: 1602 &rarr; <strong>1623<\/strong><br \/>(+21 for winning)\n|l|\u2606ArisHazard\n|player|p1|\n|c|\u2606pcord cypher|gg\n|c| bluestraggler01|\/\/item covert cloak\n","uploadtime":1739463836,"views":15,"formatid":"gen9vgc2025regg","rating":1606,"private":0,"password":null}