{"id":"gen9vgc2025regg-2300272591","format":"[Gen 9] VGC 2025 Reg G","players":["longhq","zonavideovigilada"],"log":"|j|\u203dlonghq\n|j|\u2606zonavideovigilada\n|t:|1739481736\n|gametype|doubles\n|player|p1|longhq|dawn|1597\n|player|p2|zonavideovigilada|101|1764\n|teamsize|p1|6\n|teamsize|p2|6\n|gen|9\n|tier|[Gen 9] VGC 2025 Reg G\n|rated|\n|rule|Species Clause: Limit one of each Pok\u00e9mon\n|rule|Item Clause: Limit 1 of each item\n|clearpoke\n|poke|p1|Raging Bolt, L50|\n|poke|p1|Koraidon, L50|\n|poke|p1|Indeedee-F, L50, F|\n|poke|p1|Kingambit, L50, M|\n|poke|p1|Jumpluff, L50, F|\n|poke|p1|Iron Bundle, L50|\n|poke|p2|Urshifu-*, L50, M|\n|poke|p2|Whimsicott, L50, M|\n|poke|p2|Miraidon, L50|\n|poke|p2|Iron Hands, L50|\n|poke|p2|Incineroar, L50, M|\n|poke|p2|Iron Leaves, L50|\n|teampreview|4\n|\n|t:|1739481806\n|start\n|switch|p1a: Iron Bundle|Iron Bundle, L50|100\/100\n|switch|p1b: Koraidon|Koraidon, L50|100\/100\n|switch|p2a: Whimsicott|Whimsicott, L50, M|100\/100\n|switch|p2b: Iron Hands|Iron Hands, L50|100\/100\n|-weather|SunnyDay|[from] ability: Orichalcum Pulse|[of] p1b: Koraidon\n|-activate|p1b: Koraidon|Orichalcum Pulse|[source]\n|-enditem|p1a: Iron Bundle|Booster Energy\n|-activate|p1a: Iron Bundle|ability: Quark Drive|[fromitem]\n|-start|p1a: Iron Bundle|quarkdrivespe\n|turn|1\n|\n|t:|1739481838\n|-terastallize|p2b: Iron Hands|Fire\n|move|p2a: Whimsicott|Tailwind|p2a: Whimsicott\n|-sidestart|p2: zonavideovigilada|move: Tailwind\n|move|p1a: Iron Bundle|Freeze-Dry|p2a: Whimsicott\n|-supereffective|p2a: Whimsicott\n|-damage|p2a: Whimsicott|13\/100\n|move|p1b: Koraidon|Collision Course|p2b: Iron Hands\n|-damage|p2b: Iron Hands|30\/100\n|move|p2b: Iron Hands|Drain Punch|p1a: Iron Bundle\n|-supereffective|p1a: Iron Bundle\n|-damage|p1a: Iron Bundle|11\/100\n|-heal|p2b: Iron Hands|59\/100|[from] drain|[of] p1a: Iron Bundle\n|\n|-weather|SunnyDay|[upkeep]\n|upkeep\n|turn|2\n|\n|t:|1739481868\n|-terastallize|p1b: Koraidon|Fire\n|move|p1a: Iron Bundle|Protect|p1a: Iron Bundle\n|-singleturn|p1a: Iron Bundle|Protect\n|move|p2b: Iron Hands|Detect|p2b: Iron Hands\n|-singleturn|p2b: Iron Hands|Protect\n|move|p2a: Whimsicott|Light Screen|p2a: Whimsicott\n|-sidestart|p2: zonavideovigilada|move: Light Screen\n|move|p1b: Koraidon|Collision Course|p2b: Iron Hands\n|-activate|p2b: Iron Hands|move: Protect\n|\n|-weather|SunnyDay|[upkeep]\n|upkeep\n|turn|3\n|\n|t:|1739481915\n|switch|p2a: Miraidon|Miraidon, L50|100\/100\n|-fieldstart|move: Electric Terrain|[from] ability: Hadron Engine|[of] p2a: Miraidon\n|-activate|p2b: Iron Hands|ability: Quark Drive\n|-start|p2b: Iron Hands|quarkdriveatk\n|-enditem|p2b: Iron Hands|Electric Seed\n|-boost|p2b: Iron Hands|def|1|[from] item: Electric Seed\n|move|p1a: Iron Bundle|Icy Wind|p2b: Iron Hands|[spread] p2a,p2b\n|-supereffective|p2a: Miraidon\n|-resisted|p2b: Iron Hands\n|-damage|p2a: Miraidon|78\/100\n|-damage|p2b: Iron Hands|54\/100\n|-unboost|p2a: Miraidon|spe|1\n|-unboost|p2b: Iron Hands|spe|1\n|move|p1b: Koraidon|Collision Course|p2b: Iron Hands\n|-damage|p2b: Iron Hands|4\/100\n|move|p2b: Iron Hands|Drain Punch|p1b: Koraidon\n|-damage|p1b: Koraidon|46\/100\n|-heal|p2b: Iron Hands|24\/100|[from] drain|[of] p1b: Koraidon\n|\n|-weather|SunnyDay|[upkeep]\n|upkeep\n|turn|4\n|j| FairyOfDoom\n|\n|t:|1739481966\n|switch|p2a: Urshifu|Urshifu-Rapid-Strike, L50, M|100\/100\n|switch|p1b: Indeedee|Indeedee-F, L50, F|100\/100\n|-fieldstart|move: Psychic Terrain|[from] ability: Psychic Surge|[of] p1b: Indeedee\n|-enditem|p1b: Indeedee|Psychic Seed\n|-boost|p1b: Indeedee|spd|1|[from] item: Psychic Seed\n|-end|p2b: Iron Hands|Quark Drive\n|move|p1a: Iron Bundle|Protect|p1a: Iron Bundle\n|-singleturn|p1a: Iron Bundle|Protect\n|move|p2b: Iron Hands|Drain Punch|p1b: Indeedee\n|-damage|p1b: Indeedee|60\/100\n|-heal|p2b: Iron Hands|39\/100|[from] drain|[of] p1b: Indeedee\n|\n|-weather|SunnyDay|[upkeep]\n|-sideend|p2: zonavideovigilada|move: Tailwind\n|upkeep\n|turn|5\n|\n|t:|1739482016\n|move|p2a: Urshifu|Detect|p2a: Urshifu\n|-singleturn|p2a: Urshifu|Protect\n|move|p1a: Iron Bundle|Freeze-Dry|p2a: Urshifu\n|-activate|p2a: Urshifu|move: Protect\n|move|p1b: Indeedee|Psychic|p2a: Urshifu\n|-activate|p2a: Urshifu|move: Protect\n|move|p2b: Iron Hands|Drain Punch|p1a: Iron Bundle\n|-supereffective|p1a: Iron Bundle\n|-damage|p1a: Iron Bundle|0 fnt\n|-heal|p2b: Iron Hands|42\/100|[from] drain|[of] p1a: Iron Bundle\n|faint|p1a: Iron Bundle\n|-end|p1a: Iron Bundle|Quark Drive|[silent]\n|\n|-weather|none\n|upkeep\n|\n|t:|1739482023\n|switch|p1a: Raging Bolt|Raging Bolt, L50|100\/100\n|turn|6\n|\n|t:|1739482040\n|move|p2a: Urshifu|Surging Strikes|p1b: Indeedee\n|-crit|p1b: Indeedee\n|-damage|p1b: Indeedee|41\/100\n|-crit|p1b: Indeedee\n|-damage|p1b: Indeedee|22\/100\n|-crit|p1b: Indeedee\n|-damage|p1b: Indeedee|3\/100\n|-hitcount|p1b: Indeedee|3\n|move|p1a: Raging Bolt|Thunderbolt|p2b: Iron Hands\n|-damage|p2b: Iron Hands|10\/100\n|-status|p2b: Iron Hands|par\n|-damage|p1a: Raging Bolt|91\/100|[from] item: Life Orb\n|move|p2b: Iron Hands|Drain Punch|p1b: Indeedee\n|-damage|p1b: Indeedee|0 fnt\n|-heal|p2b: Iron Hands|10\/100 par|[from] drain|[of] p1b: Indeedee\n|faint|p1b: Indeedee\n|\n|-sideend|p2: zonavideovigilada|move: Light Screen\n|upkeep\n|\n|t:|1739482047\n|switch|p1b: Koraidon|Koraidon, L50, tera:Fire|46\/100\n|-weather|SunnyDay|[from] ability: Orichalcum Pulse|[of] p1b: Koraidon\n|-activate|p1a: Raging Bolt|ability: Protosynthesis\n|-start|p1a: Raging Bolt|protosynthesisspa\n|-activate|p1b: Koraidon|Orichalcum Pulse|[source]\n|turn|7\n|\n|t:|1739482072\n|move|p2a: Urshifu|Detect|p2a: Urshifu\n|-singleturn|p2a: Urshifu|Protect\n|move|p1b: Koraidon|Breaking Swipe|p2b: Iron Hands|[spread] p2b\n|-activate|p2a: Urshifu|move: Protect\n|-damage|p2b: Iron Hands|0 fnt\n|faint|p2b: Iron Hands\n|-end|p2b: Iron Hands|Quark Drive|[silent]\n|move|p1a: Raging Bolt|Thunderbolt|p2a: Urshifu\n|-activate|p2a: Urshifu|move: Protect\n|\n|-weather|SunnyDay|[upkeep]\n|upkeep\n|\n|t:|1739482087\n|switch|p2b: Whimsicott|Whimsicott, L50, M|13\/100\n|turn|8\n|\n|t:|1739482111\n|move|p2b: Whimsicott|Tailwind|p2b: Whimsicott\n|-sidestart|p2: zonavideovigilada|move: Tailwind\n|move|p2a: Urshifu|Close Combat|p1b: Koraidon\n|-damage|p1b: Koraidon|0 fnt\n|-unboost|p2a: Urshifu|def|1\n|-unboost|p2a: Urshifu|spd|1\n|faint|p1b: Koraidon\n|move|p1a: Raging Bolt|Thunderbolt|p2b: Whimsicott\n|-resisted|p2b: Whimsicott\n|-damage|p2b: Whimsicott|0 fnt\n|faint|p2b: Whimsicott\n|-damage|p1a: Raging Bolt|81\/100|[from] item: Life Orb\n|\n|-weather|SunnyDay|[upkeep]\n|-fieldend|move: Psychic Terrain\n|upkeep\n|\n|t:|1739482118\n|switch|p2b: Miraidon|Miraidon, L50|78\/100\n|-fieldstart|move: Electric Terrain|[from] ability: Hadron Engine|[of] p2b: Miraidon\n|turn|9\n|\n|t:|1739482126\n|move|p1a: Raging Bolt|Thunderclap|p2a: Urshifu\n|-supereffective|p2a: Urshifu\n|-enditem|p2a: Urshifu|Focus Sash\n|-damage|p2a: Urshifu|1\/100\n|-damage|p1a: Raging Bolt|72\/100|[from] item: Life Orb\n|move|p2b: Miraidon|Dazzling Gleam|p1a: Raging Bolt\n|-supereffective|p1a: Raging Bolt\n|-damage|p1a: Raging Bolt|0 fnt\n|faint|p1a: Raging Bolt\n|-end|p1a: Raging Bolt|Protosynthesis|[silent]\n|\n|win|zonavideovigilada\n|raw|longhq's rating: 1597 &rarr; <strong>1586<\/strong><br \/>(-11 for losing)\n|raw|zonavideovigilada's rating: 1764 &rarr; <strong>1775<\/strong><br \/>(+11 for winning)\n|l|\u203dlonghq\n|player|p1|\n|l|\u2606zonavideovigilada\n|player|p2|\n|l| FairyOfDoom\n","uploadtime":1739482312,"views":5,"formatid":"gen9vgc2025regg","rating":1586,"private":0,"password":null}