{"id":"gen9vgc2025regg-2300073654","format":"[Gen 9] VGC 2025 Reg G","players":["Aires17","Matty1919"],"log":"|j|\u2606Aires17\n|j|\u2606Matty1919\n|t:|1739462277\n|gametype|doubles\n|player|p1|Aires17|265|1574\n|player|p2|Matty1919|101|1574\n|teamsize|p1|6\n|teamsize|p2|6\n|gen|9\n|tier|[Gen 9] VGC 2025 Reg G\n|rated|\n|rule|Species Clause: Limit one of each Pok\u00e9mon\n|rule|Item Clause: Limit 1 of each item\n|clearpoke\n|poke|p1|Calyrex-Shadow, L50|\n|poke|p1|Urshifu-*, L50, F|\n|poke|p1|Whimsicott, L50, F|\n|poke|p1|Ogerpon-Hearthflame, L50, F|\n|poke|p1|Landorus, L50, M|\n|poke|p1|Indeedee-F, L50, F|\n|poke|p2|Calyrex-Shadow, L50|\n|poke|p2|Incineroar, L50, M|\n|poke|p2|Rillaboom, L50, F|\n|poke|p2|Urshifu-*, L50, M|\n|poke|p2|Raging Bolt, L50|\n|poke|p2|Farigiraf, L50, F|\n|teampreview|4\nAires17 rejected open team sheets.\n|inactive|Battle timer is ON: inactive players will automatically lose when time's up. (requested by Aires17)\n|\n|t:|1739462311\n|start\n|switch|p1a: Horsee|Calyrex-Shadow, L50|100\/100\n|switch|p1b: Momma|Indeedee-F, L50, F|100\/100\n|switch|p2a: Incineroar|Incineroar, L50, M|100\/100\n|switch|p2b: Urshifu|Urshifu-Rapid-Strike, L50, M|100\/100\n|-ability|p1a: Horsee|As One\n|-ability|p1a: Horsee|Unnerve\n|-ability|p2a: Incineroar|Intimidate|boost\n|-unboost|p1a: Horsee|atk|1\n|-unboost|p1b: Momma|atk|1\n|-fieldstart|move: Psychic Terrain|[from] ability: Psychic Surge|[of] p1b: Momma\n|-enditem|p1a: Horsee|Psychic Seed\n|-boost|p1a: Horsee|spd|1|[from] item: Psychic Seed\n|turn|1\n|inactive|Matty1919 has 30 seconds left.\n|\n|t:|1739462336\n|move|p1b: Momma|Follow Me|p1b: Momma\n|-singleturn|p1b: Momma|move: Follow Me\n|move|p2b: Urshifu|U-turn|p1b: Momma\n|-supereffective|p1b: Momma\n|-damage|p1b: Momma|45\/100\n|-damage|p2b: Urshifu|84\/100|[from] item: Rocky Helmet|[of] p1b: Momma\n|\n|t:|1739462342\n|switch|p2b: Rillaboom|Rillaboom, L50, F|100\/100|[from] U-turn\n|-fieldstart|move: Grassy Terrain|[from] ability: Grassy Surge|[of] p2b: Rillaboom\n|move|p1a: Horsee|Expanding Force|p2b: Rillaboom\n|-damage|p2b: Rillaboom|72\/100\n|move|p2a: Incineroar|Knock Off|p1b: Momma\n|-supereffective|p1b: Momma\n|-damage|p1b: Momma|0 fnt\n|-damage|p2a: Incineroar|84\/100|[from] item: Rocky Helmet|[of] p1b: Momma\n|-enditem|p1b: Momma|Rocky Helmet|[from] move: Knock Off|[of] p2a: Incineroar\n|faint|p1b: Momma\n|\n|-heal|p2b: Rillaboom|77\/100|[from] Grassy Terrain\n|-heal|p2a: Incineroar|90\/100|[from] Grassy Terrain\n|upkeep\n|\n|t:|1739462356\n|switch|p1b: Pony|Ogerpon-Hearthflame, L50, F|100\/100\n|-ability|p1b: Pony|Mold Breaker\n|turn|2\n|\n|t:|1739462367\n|-terastallize|p1a: Horsee|Dark\n|move|p1b: Pony|Spiky Shield|p1b: Pony\n|-singleturn|p1b: Pony|move: Protect\n|move|p2b: Rillaboom|Fake Out|p1b: Pony\n|-activate|p1b: Pony|move: Protect\n|-damage|p2b: Rillaboom|65\/100|[from] Spiky Shield|[of] p1b: Pony\n|move|p1a: Horsee|Nasty Plot|p1a: Horsee\n|-boost|p1a: Horsee|spa|2\n|move|p2a: Incineroar|Knock Off|p1a: Horsee\n|-resisted|p1a: Horsee\n|-damage|p1a: Horsee|85\/100\n|\n|-heal|p1a: Horsee|91\/100|[from] Grassy Terrain\n|-heal|p2b: Rillaboom|71\/100|[from] Grassy Terrain\n|-heal|p2a: Incineroar|96\/100|[from] Grassy Terrain\n|upkeep\n|turn|3\n|\n|t:|1739462390\n|move|p1a: Horsee|Astral Barrage|p2a: Incineroar|[spread] p2a,p2b\n|-resisted|p2a: Incineroar\n|-damage|p2a: Incineroar|53\/100\n|-damage|p2b: Rillaboom|7\/100\n|move|p1b: Pony|Ivy Cudgel|p2a: Incineroar|[anim] Ivy Cudgel Fire\n|-resisted|p2a: Incineroar\n|-damage|p2a: Incineroar|34\/100\n|move|p2b: Rillaboom|U-turn|p1a: Horsee\n|-supereffective|p1a: Horsee\n|-damage|p1a: Horsee|38\/100\n|\n|t:|1739462407\n|switch|p2b: Calyrex|Calyrex-Shadow, L50|100\/100|[from] U-turn\n|-ability|p2b: Calyrex|As One\n|-ability|p2b: Calyrex|Unnerve\n|move|p2a: Incineroar|Parting Shot|p1a: Horsee\n|-unboost|p1a: Horsee|atk|1\n|-unboost|p1a: Horsee|spa|1\n|c|\u2606Aires17|i thought you would switch for sure\n|inactive|Matty1919 has 30 seconds left.\n|j| hideonbusu\n|l| hideonbusu\n|inactive|Matty1919 has 20 seconds left.\n|c|\u2606Aires17|it my fault for not being safe\n|inactive|Matty1919 has 15 seconds left.\n|c|\u2606Aires17|i had the game in the bag\n|\n|t:|1739462449\n|switch|p2a: Urshifu|Urshifu-Rapid-Strike, L50, M|84\/100|[from] Parting Shot\n|\n|-heal|p2a: Urshifu|90\/100|[from] Grassy Terrain\n|-heal|p1a: Horsee|44\/100|[from] Grassy Terrain\n|upkeep\n|turn|4\n|\n|t:|1739462465\n|switch|p2b: Incineroar|Incineroar, L50, M|34\/100\n|-ability|p2b: Incineroar|Intimidate|boost\n|-unboost|p1a: Horsee|atk|1\n|-unboost|p1b: Pony|atk|1\n|move|p1b: Pony|Follow Me|p1b: Pony\n|-singleturn|p1b: Pony|move: Follow Me\n|move|p2a: Urshifu|Surging Strikes|p1b: Pony\n|-crit|p1b: Pony\n|-damage|p1b: Pony|84\/100\n|-crit|p1b: Pony\n|-damage|p1b: Pony|67\/100\n|-crit|p1b: Pony\n|-damage|p1b: Pony|49\/100\n|-hitcount|p1b: Pony|3\n|move|p1a: Horsee|Astral Barrage|p2b: Incineroar|[spread] p2a,p2b\n|-resisted|p2b: Incineroar\n|-damage|p2a: Urshifu|0 fnt\n|-damage|p2b: Incineroar|1\/100\n|faint|p2a: Urshifu\n|-ability|p1a: Horsee|Grim Neigh|boost\n|-boost|p1a: Horsee|spa|1\n|\n|-heal|p1a: Horsee|49\/100|[from] Grassy Terrain\n|-heal|p1b: Pony|55\/100|[from] Grassy Terrain\n|-heal|p2b: Incineroar|7\/100|[from] Grassy Terrain\n|upkeep\n|c|\u2606Aires17|looooooooooooool\n|c|\u2606Aires17|my luck is dog shit\n|\n|t:|1739462490\n|switch|p2a: Calyrex|Calyrex-Shadow, L50|100\/100\n|-ability|p2a: Calyrex|As One\n|-ability|p2a: Calyrex|Unnerve\n|turn|5\n|\n|t:|1739462501\n|move|p1b: Pony|Spiky Shield|p1b: Pony\n|-singleturn|p1b: Pony|move: Protect\n|move|p2b: Incineroar|Fake Out|p1a: Horsee\n|-damage|p1a: Horsee|38\/100\n|cant|p1a: Horsee|flinch\n|move|p2a: Calyrex|Astral Barrage|p1b: Pony|[spread] p1a\n|-activate|p1b: Pony|move: Protect\n|-resisted|p1a: Horsee\n|-damage|p1a: Horsee|14\/100\n|-damage|p2a: Calyrex|91\/100|[from] item: Life Orb\n|\n|-heal|p2a: Calyrex|96\/100|[from] Grassy Terrain\n|-heal|p1a: Horsee|20\/100|[from] Grassy Terrain\n|-heal|p1b: Pony|61\/100|[from] Grassy Terrain\n|-heal|p2b: Incineroar|13\/100|[from] Grassy Terrain\n|-fieldend|move: Grassy Terrain\n|upkeep\n|turn|6\n|c|\u2606Aires17|u trolling?\n|\n|t:|1739462524\n|-terastallize|p2a: Calyrex|Dark\n|move|p1b: Pony|Follow Me|p1b: Pony\n|-singleturn|p1b: Pony|move: Follow Me\n|move|p1a: Horsee|Astral Barrage|p2a: Calyrex|[spread] p2a,p2b\n|-resisted|p2a: Calyrex\n|-resisted|p2b: Incineroar\n|-damage|p2a: Calyrex|45\/100\n|-damage|p2b: Incineroar|0 fnt\n|faint|p2b: Incineroar\n|-ability|p1a: Horsee|Grim Neigh|boost\n|-boost|p1a: Horsee|spa|1\n|move|p2a: Calyrex|Astral Barrage|p1a: Horsee|[spread] p1a,p1b\n|-resisted|p1a: Horsee\n|-damage|p1a: Horsee|0 fnt\n|-damage|p1b: Pony|0 fnt\n|faint|p1a: Horsee\n|faint|p1b: Pony\n|-ability|p2a: Calyrex|Grim Neigh|boost\n|-boost|p2a: Calyrex|spa|2\n|-damage|p2a: Calyrex|35\/100|[from] item: Life Orb\n|\n|upkeep\n|\n|t:|1739462544\n|switch|p1a: Beast|Landorus, L50, M|100\/100\n|switch|p2b: Rillaboom|Rillaboom, L50, F|7\/100\n|-fieldstart|move: Grassy Terrain|[from] ability: Grassy Surge|[of] p2b: Rillaboom\n|turn|7\n|\n|t:|1739462556\n|move|p1a: Beast|Protect|p1a: Beast\n|-singleturn|p1a: Beast|Protect\n|move|p2b: Rillaboom|Fake Out|p1a: Beast\n|-activate|p1a: Beast|move: Protect\n|move|p2a: Calyrex|Astral Barrage|p1a: Beast\n|-activate|p1a: Beast|move: Protect\n|\n|-heal|p2a: Calyrex|41\/100|[from] Grassy Terrain\n|-heal|p2b: Rillaboom|13\/100|[from] Grassy Terrain\n|upkeep\n|turn|8\n|\n|t:|1739462570\n|move|p2b: Rillaboom|Grassy Glide|p1a: Beast\n|-damage|p1a: Beast|66\/100\n|move|p2a: Calyrex|Astral Barrage|p1a: Beast\n|-damage|p1a: Beast|0 fnt\n|faint|p1a: Beast\n|-damage|p2a: Calyrex|31\/100|[from] item: Life Orb\n|\n|win|Matty1919\n|raw|Aires17's rating: 1574 &rarr; <strong>1554<\/strong><br \/>(-20 for losing)\n|raw|Matty1919's rating: 1574 &rarr; <strong>1594<\/strong><br \/>(+20 for winning)\n|c|\u2606Aires17|just nasty plot\n|l|\u2606Aires17\n|player|p1|\n|c|\u2606Matty1919|Why would I nasty plot\n|l|\u2606Matty1919\n|player|p2|\n","uploadtime":1739462800,"views":6,"formatid":"gen9vgc2025regg","rating":1554,"private":0,"password":null}