{"id":"gen9vgc2025regg-2300826545","format":"[Gen 9] VGC 2025 Reg G","players":["davidelgafe","Realfrytki"],"log":"|j|\u2606davidelgafe\n|j|\u2606Realfrytki\n|t:|1739558025\n|gametype|doubles\n|player|p1|davidelgafe|blue|1566\n|player|p2|Realfrytki|veteranf|1596\n|teamsize|p1|6\n|teamsize|p2|6\n|gen|9\n|tier|[Gen 9] VGC 2025 Reg G\n|rated|\n|rule|Species Clause: Limit one of each Pok\u00e9mon\n|rule|Item Clause: Limit 1 of each item\n|clearpoke\n|poke|p1|Zamazenta-*, L50|\n|poke|p1|Chi-Yu, L50|\n|poke|p1|Raging Bolt, L50|\n|poke|p1|Rillaboom, L50, M|\n|poke|p1|Ditto, L50|\n|poke|p1|Whimsicott, L50, F|\n|poke|p2|Regidrago, L50|\n|poke|p2|Tornadus, L50, M|\n|poke|p2|Urshifu-*, L50, F|\n|poke|p2|Zacian-*, L50|\n|poke|p2|Umbreon, L50, M|\n|poke|p2|Rillaboom, L50, M|\n|teampreview|4\n|j| max9713\n|j| Onryo of the Mob\n|j| futonkagebunshin\n|inactive|Battle timer is ON: inactive players will automatically lose when time's up. (requested by Realfrytki)\n|\n|t:|1739558139\n|start\n|switch|p1a: Zamazenta|Zamazenta-Crowned, L50|100\/100\n|switch|p1b: Whimsicott|Whimsicott, L50, F, shiny|100\/100\n|switch|p2a: Tornadus|Tornadus, L50, M|100\/100\n|switch|p2b: Zacian|Zacian-Crowned, L50|100\/100\n|-ability|p2b: Zacian|Intrepid Sword|boost\n|-boost|p2b: Zacian|atk|1\n|-ability|p1a: Zamazenta|Dauntless Shield|boost\n|-boost|p1a: Zamazenta|def|1\n|turn|1\n|inactive|davidelgafe has 30 seconds left.\n|\n|t:|1739558173\n|move|p2a: Tornadus|Tailwind|p2a: Tornadus\n|-sidestart|p2: Realfrytki|move: Tailwind\n|move|p2b: Zacian|Behemoth Blade|p1b: Whimsicott\n|-supereffective|p1b: Whimsicott\n|-enditem|p1b: Whimsicott|Focus Sash\n|-damage|p1b: Whimsicott|1\/100\n|move|p1b: Whimsicott|Moonblast|p2a: Tornadus\n|-damage|p2a: Tornadus|62\/100\n|move|p1a: Zamazenta|Behemoth Bash|p2a: Tornadus\n|-damage|p2a: Tornadus|15\/100\n|\n|upkeep\n|turn|2\n|\n|t:|1739558192\n|-terastallize|p2b: Zacian|Ground\n|move|p1b: Whimsicott|Protect|p1b: Whimsicott\n|-singleturn|p1b: Whimsicott|Protect\n|move|p2a: Tornadus|Taunt|p1b: Whimsicott\n|-activate|p1b: Whimsicott|move: Protect\n|move|p2b: Zacian|Tera Blast|p1a: Zamazenta|[anim] Tera Blast Ground\n|-supereffective|p1a: Zamazenta\n|-damage|p1a: Zamazenta|47\/100\n|move|p1a: Zamazenta|Body Press|p2a: Tornadus\n|-resisted|p2a: Tornadus\n|-damage|p2a: Tornadus|0 fnt\n|faint|p2a: Tornadus\n|\n|upkeep\n|\n|t:|1739558208\n|switch|p2a: Rillaboom|Rillaboom, L50, M|100\/100\n|-fieldstart|move: Grassy Terrain|[from] ability: Grassy Surge|[of] p2a: Rillaboom\n|turn|3\n|l| max9713\n|\n|t:|1739558220\n|switch|p1b: Ditto|Ditto, L50, shiny|100\/100\n|-transform|p1b: Ditto|p2a: Rillaboom|[from] ability: Imposter\n|move|p1a: Zamazenta|Protect|p1a: Zamazenta\n|-singleturn|p1a: Zamazenta|Protect\n|move|p2a: Rillaboom|Fake Out|p1b: Ditto\n|-damage|p1b: Ditto|84\/100\n|move|p2b: Zacian|Tera Blast|p1a: Zamazenta|[anim] Tera Blast Ground\n|-activate|p1a: Zamazenta|move: Protect\n|\n|-heal|p1a: Zamazenta|53\/100|[from] Grassy Terrain\n|-heal|p1b: Ditto|90\/100|[from] Grassy Terrain\n|upkeep\n|turn|4\n|l| Onryo of the Mob\n|inactive|Realfrytki has 30 seconds left.\n|\n|t:|1739558247\n|move|p2b: Zacian|Protect|p2b: Zacian\n|-singleturn|p2b: Zacian|Protect\n|move|p1b: Ditto|Fake Out|p2b: Zacian\n|-activate|p2b: Zacian|move: Protect\n|move|p2a: Rillaboom|U-turn|p1b: Ditto\n|-supereffective|p1b: Ditto\n|-damage|p1b: Ditto|24\/100\n|\n|t:|1739558254\n|switch|p2a: Urshifu|Urshifu-Rapid-Strike, L50, F|100\/100|[from] U-turn\n|move|p1a: Zamazenta|Body Press|p2a: Urshifu\n|-damage|p2a: Urshifu|40\/100\n|\n|-heal|p2a: Urshifu|46\/100|[from] Grassy Terrain\n|-heal|p1a: Zamazenta|59\/100|[from] Grassy Terrain\n|-heal|p1b: Ditto|30\/100|[from] Grassy Terrain\n|-sideend|p2: Realfrytki|move: Tailwind\n|upkeep\n|turn|5\n|inactive|davidelgafe has 30 seconds left.\n|inactive|davidelgafe has 20 seconds left.\n|inactive|davidelgafe has 15 seconds left.\n|inactive|davidelgafe has 10 seconds left.\n|inactive|davidelgafe has 5 seconds left.\n|\n|t:|1739558304\n|switch|p2a: Rillaboom|Rillaboom, L50, M|100\/100\n|-terastallize|p1a: Zamazenta|Dragon\n|move|p2b: Zacian|Behemoth Blade|p1b: Ditto\n|-damage|p1b: Ditto|0 fnt\n|faint|p1b: Ditto\n|move|p1a: Zamazenta|Body Press|p2b: Zacian\n|-damage|p2b: Zacian|37\/100\n|\n|-heal|p2b: Zacian|43\/100|[from] Grassy Terrain\n|-heal|p1a: Zamazenta|65\/100|[from] Grassy Terrain\n|upkeep\n|inactive|davidelgafe has 30 seconds left.\n|inactive|davidelgafe has 20 seconds left.\n|\n|t:|1739558342\n|switch|p1b: Whimsicott|Whimsicott, L50, F, shiny|1\/100\n|turn|6\n|\n|t:|1739558348\n|move|p1b: Whimsicott|Protect|p1b: Whimsicott\n|-singleturn|p1b: Whimsicott|Protect\n|move|p1a: Zamazenta|Protect|p1a: Zamazenta\n|-singleturn|p1a: Zamazenta|Protect\n|move|p2a: Rillaboom|Fake Out|p1b: Whimsicott\n|-activate|p1b: Whimsicott|move: Protect\n|move|p2b: Zacian|Play Rough|p1a: Zamazenta\n|-activate|p1a: Zamazenta|move: Protect\n|\n|-heal|p2b: Zacian|49\/100|[from] Grassy Terrain\n|-heal|p1b: Whimsicott|7\/100|[from] Grassy Terrain\n|-heal|p1a: Zamazenta|71\/100|[from] Grassy Terrain\n|upkeep\n|turn|7\n|inactive|davidelgafe has 30 seconds left.\n|inactive|Realfrytki has 30 seconds left.\n|\n|t:|1739558382\n|move|p1b: Whimsicott|Tailwind|p1b: Whimsicott\n|-sidestart|p1: davidelgafe|move: Tailwind\n|move|p2a: Rillaboom|Grassy Glide|p1b: Whimsicott\n|-resisted|p1b: Whimsicott\n|-damage|p1b: Whimsicott|0 fnt\n|faint|p1b: Whimsicott\n|move|p1a: Zamazenta|Body Press|p2b: Zacian\n|-damage|p2b: Zacian|0 fnt\n|faint|p2b: Zacian\n|\n|-heal|p1a: Zamazenta|78\/100|[from] Grassy Terrain\n|-fieldend|move: Grassy Terrain\n|upkeep\n|\n|t:|1739558393\n|switch|p2b: Urshifu|Urshifu-Rapid-Strike, L50, F|46\/100\n|switch|p1b: Chi-Yu|Chi-Yu, L50|100\/100\n|-ability|p1b: Chi-Yu|Beads of Ruin\n|turn|8\n|\n|t:|1739558411\n|move|p1b: Chi-Yu|Heat Wave|p2b: Urshifu|[spread] p2a,p2b\n|-supereffective|p2a: Rillaboom\n|-resisted|p2b: Urshifu\n|-damage|p2a: Rillaboom|30\/100\n|-damage|p2b: Urshifu|9\/100\n|move|p1a: Zamazenta|Body Press|p2b: Urshifu\n|-damage|p2b: Urshifu|0 fnt\n|faint|p2b: Urshifu\n|move|p2a: Rillaboom|Wood Hammer|p1a: Zamazenta\n|-resisted|p1a: Zamazenta\n|-damage|p1a: Zamazenta|64\/100\n|-damage|p2a: Rillaboom|26\/100|[from] Recoil\n|\n|upkeep\n|turn|9\n|-message|Realfrytki forfeited.\n|\n|win|davidelgafe\n|raw|davidelgafe's rating: 1566 &rarr; <strong>1588<\/strong><br \/>(+22 for winning)\n|raw|Realfrytki's rating: 1596 &rarr; <strong>1574<\/strong><br \/>(-22 for losing)\n|l|\u2606Realfrytki\n|player|p2|\n|l|\u2606davidelgafe\n|player|p1|\n","uploadtime":1739558562,"views":8,"formatid":"gen9vgc2025regg","rating":1574,"private":0,"password":null}