{"id":"gen9vgc2025regg-2300884168","format":"[Gen 9] VGC 2025 Reg G","players":["5SeasBakery","cilan123"],"log":"|j|\u26065SeasBakery\n|j|\u2606cilan123\n|t:|1739564260\n|gametype|doubles\n|player|p1|5SeasBakery|265|1591\n|player|p2|cilan123|cilan|1550\n|teamsize|p1|6\n|teamsize|p2|6\n|gen|9\n|tier|[Gen 9] VGC 2025 Reg G\n|rated|\n|rule|Species Clause: Limit one of each Pok\u00e9mon\n|rule|Item Clause: Limit 1 of each item\n|clearpoke\n|poke|p1|Calyrex-Ice, L50|\n|poke|p1|Pelipper, L50, M|\n|poke|p1|Amoonguss, L50, M|\n|poke|p1|Landorus, L50, M|\n|poke|p1|Thundurus, L50, M|\n|poke|p1|Urshifu-*, L50, F|\n|poke|p2|Raging Bolt, L50|\n|poke|p2|Miraidon, L50|\n|poke|p2|Chi-Yu, L50|\n|poke|p2|Torkoal, L50, F|\n|poke|p2|Farigiraf, L50, M|\n|poke|p2|Ursaluna, L50, M|\n|teampreview|4\n|j| GOODSHITPROFESSOR\ncilan123 has agreed to open team sheets.\n|inactive|Battle timer is ON: inactive players will automatically lose when time's up. (requested by 5SeasBakery)\n5SeasBakery rejected open team sheets.\n|\n|t:|1739564320\n|start\n|switch|p1a: Calyrex|Calyrex-Ice, L50|100\/100\n|switch|p1b: Amoonguss|Amoonguss, L50, M|100\/100\n|switch|p2a: Chi-Yu|Chi-Yu, L50|100\/100\n|switch|p2b: Farigiraf|Farigiraf, L50, M|100\/100\n|-ability|p1a: Calyrex|As One\n|-ability|p1a: Calyrex|Unnerve\n|-ability|p2a: Chi-Yu|Beads of Ruin\n|turn|1\n|\n|t:|1739564343\n|-terastallize|p1b: Amoonguss|Fire\n|move|p1a: Calyrex|Protect|p1a: Calyrex\n|-singleturn|p1a: Calyrex|Protect\n|move|p2a: Chi-Yu|Heat Wave|p1b: Amoonguss|[spread] \n|-activate|p1a: Calyrex|move: Protect\n|-miss|p2a: Chi-Yu|p1b: Amoonguss\n|move|p2b: Farigiraf|Foul Play|p1a: Calyrex\n|-activate|p1a: Calyrex|move: Protect\n|move|p1b: Amoonguss|Spore|p2a: Chi-Yu\n|-status|p2a: Chi-Yu|slp|[from] move: Spore\n|\n|upkeep\n|turn|2\n|\n|t:|1739564368\n|switch|p2a: Ursaluna|Ursaluna, L50, M|100\/100\n|move|p1b: Amoonguss|Rage Powder|p1b: Amoonguss\n|-singleturn|p1b: Amoonguss|move: Rage Powder\n|move|p2b: Farigiraf|Psychic Noise|p1b: Amoonguss\n|-damage|p1b: Amoonguss|72\/100\n|-start|p1b: Amoonguss|move: Heal Block\n|move|p1a: Calyrex|Trick Room|p1a: Calyrex\n|-fieldstart|move: Trick Room|[of] p1a: Calyrex\n|\n|-status|p2a: Ursaluna|brn|[from] item: Flame Orb\n|upkeep\n|turn|3\n|inactive|cilan123 has 30 seconds left.\n|\n|t:|1739564396\n|-terastallize|p2a: Ursaluna|Ghost\n|move|p2b: Farigiraf|Helping Hand|p2a: Ursaluna\n|-singleturn|p2a: Ursaluna|Helping Hand|[of] p2b: Farigiraf\n|move|p1b: Amoonguss|Spore|p2b: Farigiraf\n|-status|p2b: Farigiraf|slp|[from] move: Spore\n|move|p2a: Ursaluna|Earthquake|p1a: Calyrex|[spread] p2b,p1a,p1b\n|-supereffective|p1b: Amoonguss\n|-damage|p2b: Farigiraf|21\/100 slp\n|-damage|p1a: Calyrex|38\/100\n|-damage|p1b: Amoonguss|0 fnt\n|faint|p1b: Amoonguss\n|move|p1a: Calyrex|Glacial Lance|p2a: Ursaluna|[spread] p2a,p2b\n|-damage|p2a: Ursaluna|56\/100 brn\n|-damage|p2b: Farigiraf|0 fnt\n|faint|p2b: Farigiraf\n|-ability|p1a: Calyrex|Chilling Neigh|boost\n|-boost|p1a: Calyrex|atk|1\n|\n|-damage|p2a: Ursaluna|50\/100 brn|[from] brn\n|upkeep\n|inactive|cilan123 has 30 seconds left.\n|\n|t:|1739564421\n|switch|p1b: Pelipper|Pelipper, L50, M|100\/100\n|switch|p2b: Torkoal|Torkoal, L50, F|100\/100\n|-weather|SunnyDay|[from] ability: Drought|[of] p2b: Torkoal\n|-item|p2b: Torkoal|Air Balloon\n|-weather|RainDance|[from] ability: Drizzle|[of] p1b: Pelipper\n|turn|4\n|inactive|cilan123 has 30 seconds left.\n|inactive|cilan123 has 20 seconds left.\n|inactive|cilan123 has 15 seconds left.\n|\n|t:|1739564461\n|move|p2b: Torkoal|Eruption|p1b: Pelipper|[spread] p1a,p1b\n|-supereffective|p1a: Calyrex\n|-resisted|p1b: Pelipper\n|-damage|p1a: Calyrex|6\/100\n|-damage|p1b: Pelipper|84\/100\n|move|p1a: Calyrex|Glacial Lance|p2b: Torkoal|[spread] p2a,p2b\n|-resisted|p2b: Torkoal\n|-damage|p2a: Ursaluna|0 fnt\n|-damage|p2b: Torkoal|70\/100\n|-enditem|p2b: Torkoal|Air Balloon\n|faint|p2a: Ursaluna\n|-ability|p1a: Calyrex|Chilling Neigh|boost\n|-boost|p1a: Calyrex|atk|1\n|move|p1b: Pelipper|Weather Ball|p2b: Torkoal\n|-supereffective|p2b: Torkoal\n|-damage|p2b: Torkoal|0 fnt\n|faint|p2b: Torkoal\n|-damage|p1b: Pelipper|75\/100|[from] item: Life Orb\n|\n|-weather|RainDance|[upkeep]\n|upkeep\n|\n|t:|1739564478\n|switch|p2a: Chi-Yu|Chi-Yu, L50|100\/100 slp\n|-ability|p2a: Chi-Yu|Beads of Ruin\n|turn|5\n|\n|t:|1739564488\n|move|p1a: Calyrex|Glacial Lance|p2a: Chi-Yu\n|-resisted|p2a: Chi-Yu\n|-damage|p2a: Chi-Yu|0 fnt\n|faint|p2a: Chi-Yu\n|\n|win|5SeasBakery\n|raw|5SeasBakery's rating: 1591 &rarr; <strong>1609<\/strong><br \/>(+18 for winning)\n|raw|cilan123's rating: 1550 &rarr; <strong>1532<\/strong><br \/>(-18 for losing)\n|l|\u26065SeasBakery\n|player|p1|\n|l| GOODSHITPROFESSOR\n|l|\u2606cilan123\n|player|p2|\n","uploadtime":1739564715,"views":7,"formatid":"gen9vgc2025regg","rating":1532,"private":0,"password":null}