{"id":"gen9vgc2025regg-2300722119","format":"[Gen 9] VGC 2025 Reg G","players":["Luca8","satelite99"],"log":"|j|\u2606Luca8\n|j|\u2606satelite99\n|t:|1739547277\n|gametype|doubles\n|player|p1|Luca8|flint|1645\n|player|p2|satelite99|wallace|1628\n|teamsize|p1|6\n|teamsize|p2|6\n|gen|9\n|tier|[Gen 9] VGC 2025 Reg G\n|rated|\n|rule|Species Clause: Limit one of each Pok\u00e9mon\n|rule|Item Clause: Limit 1 of each item\n|clearpoke\n|poke|p1|Calyrex-Shadow, L50|\n|poke|p1|Indeedee, L50, M|\n|poke|p1|Dragonite, L50, F|\n|poke|p1|Raikou, L50|\n|poke|p1|Chi-Yu, L50|\n|poke|p1|Sylveon, L50, F|\n|poke|p2|Terapagos, L50, M|\n|poke|p2|Heatran, L50, F|\n|poke|p2|Scream Tail, L50|\n|poke|p2|Rillaboom, L50, M|\n|poke|p2|Landorus, L50, M|\n|poke|p2|Dondozo, L50, M|\n|teampreview|4\nsatelite99 rejected open team sheets.\n|inactive|Battle timer is ON: inactive players will automatically lose when time's up. (requested by Luca8)\n|inactive|satelite99 has 60 seconds left.\n|\n|t:|1739547327\n|start\n|switch|p1a: Chi-Yu|Chi-Yu, L50|100\/100\n|switch|p1b: Raikou|Raikou, L50|100\/100\n|switch|p2a: Terapagos|Terapagos, L50, M|100\/100\n|switch|p2b: Heatran|Heatran, L50, F|100\/100\n|-activate|p2a: Terapagos|ability: Tera Shift\n|detailschange|p2a: Terapagos|Terapagos-Terastal, L50, M\n|-heal|p2a: Terapagos|100\/100|[silent]\n|-ability|p1a: Chi-Yu|Beads of Ruin\n|-ability|p1b: Raikou|Pressure\n|turn|1\n|inactive|Luca8 has 30 seconds left.\n|inactive|satelite99 has 30 seconds left.\n|inactive|Luca8 has 20 seconds left.\n|inactive|Luca8 has 15 seconds left.\n|inactive|Luca8 has 10 seconds left.\n|inactive|Luca8 has 5 seconds left.\n|j| PoggibonsiCity\n|\n|t:|1739547382\n|move|p1a: Chi-Yu|Snarl|p2a: Terapagos|[spread] p2a,p2b\n|-activate|p2a: Terapagos|ability: Tera Shell\n|-resisted|p2a: Terapagos\n|-damage|p2a: Terapagos|88\/100\n|-damage|p2b: Heatran|76\/100\n|-unboost|p2b: Heatran|spa|1\n|move|p1b: Raikou|Tera Blast|p2b: Heatran\n|-resisted|p2b: Heatran\n|-crit|p2b: Heatran\n|-damage|p2b: Heatran|53\/100\n|move|p2a: Terapagos|Calm Mind|p2a: Terapagos\n|-boost|p2a: Terapagos|spa|1\n|-boost|p2a: Terapagos|spd|1\n|move|p2b: Heatran|Magma Storm|p1b: Raikou\n|-damage|p1b: Raikou|60\/100\n|-activate|p1b: Raikou|move: Magma Storm|[of] p2b: Heatran\n|\n|-damage|p1b: Raikou|47\/100|[from] move: Magma Storm|[partiallytrapped]\n|upkeep\n|turn|2\n|inactive|Luca8 has 30 seconds left.\n|inactive|satelite99 has 30 seconds left.\n|inactive|Luca8 has 20 seconds left.\n|inactive|Luca8 has 15 seconds left.\n|inactive|Luca8 has 10 seconds left.\n|inactive|Luca8 has 5 seconds left.\n|\n|t:|1739547437\n|move|p1a: Chi-Yu|Snarl|p2b: Heatran|[spread] p2a,p2b\n|-damage|p2a: Terapagos|70\/100\n|-damage|p2b: Heatran|28\/100\n|-unboost|p2b: Heatran|spa|1\n|-enditem|p2b: Heatran|Sitrus Berry|[eat]\n|-heal|p2b: Heatran|53\/100|[from] item: Sitrus Berry\n|move|p1b: Raikou|Tera Blast|p2a: Terapagos\n|-damage|p2a: Terapagos|50\/100\n|move|p2a: Terapagos|Calm Mind|p2a: Terapagos\n|-boost|p2a: Terapagos|spa|1\n|-boost|p2a: Terapagos|spd|1\n|move|p2b: Heatran|Stealth Rock|p1a: Chi-Yu\n|-sidestart|p1: Luca8|move: Stealth Rock\n|\n|-damage|p1b: Raikou|35\/100|[from] move: Magma Storm|[partiallytrapped]\n|upkeep\n|turn|3\n|inactive|Luca8 has 30 seconds left.\n|inactive|satelite99 has 30 seconds left.\n|inactive|Luca8 has 20 seconds left.\n|inactive|Luca8 has 15 seconds left.\n|inactive|Luca8 has 10 seconds left.\n|inactive|Luca8 has 5 seconds left.\n|\n|t:|1739547492\n|-terastallize|p2a: Terapagos|Stellar\n|detailschange|p2a: Terapagos|Terapagos-Stellar, L50, M, tera:Stellar\n|-heal|p2a: Terapagos|63\/100|[silent]\n|move|p1a: Chi-Yu|Snarl|p2a: Terapagos|[spread] p2a,p2b\n|-damage|p2a: Terapagos|53\/100\n|-damage|p2b: Heatran|28\/100\n|-unboost|p2b: Heatran|spa|1\n|move|p1b: Raikou|Tera Blast|p2b: Heatran\n|-resisted|p2b: Heatran\n|-damage|p2b: Heatran|13\/100\n|move|p2a: Terapagos|Tera Starstorm|p1a: Chi-Yu|[spread] p1a,p1b\n|-damage|p1a: Chi-Yu|14\/100\n|-damage|p1b: Raikou|0 fnt\n|faint|p1b: Raikou\n|move|p2b: Heatran|Magma Storm|p1a: Chi-Yu|[miss]\n|-miss|p2b: Heatran|p1a: Chi-Yu\n|\n|upkeep\n|j| Baguettezzz\n|inactive|Luca8 has 30 seconds left.\n|inactive|Luca8 has 20 seconds left.\n|j| Ryan&Ditto\n|inactive|Luca8 has 15 seconds left.\n|inactive|Luca8 has 10 seconds left.\n|inactive|Luca8 has 5 seconds left.\n|\n|t:|1739547547\n|switch|p1b: Indeedee|Indeedee, L50, M|100\/100\n|-damage|p1b: Indeedee|89\/100|[from] Stealth Rock\n|-fieldstart|move: Psychic Terrain|[from] ability: Psychic Surge|[of] p1b: Indeedee\n|turn|4\n|inactive|Luca8 has 30 seconds left.\n|inactive|Luca8 has 20 seconds left.\n|inactive|Luca8 has 15 seconds left.\n|inactive|Luca8 has 10 seconds left.\n|inactive|Luca8 has 5 seconds left.\n|\n|t:|1739547602\n|move|p2a: Terapagos|Protect|p2a: Terapagos\n|-singleturn|p2a: Terapagos|Protect\n|move|p1a: Chi-Yu|Snarl|p2a: Terapagos|[spread] p2b\n|-activate|p2a: Terapagos|move: Protect\n|-damage|p2b: Heatran|0 fnt\n|faint|p2b: Heatran\n|move|p1b: Indeedee|Expanding Force|p2a: Terapagos\n|-activate|p2a: Terapagos|move: Protect\n|\n|upkeep\n|l| Baguettezzz\n|inactive|satelite99 has 30 seconds left.\n|\n|t:|1739547631\n|switch|p2b: Scream Tail|Scream Tail, L50|100\/100\n|-enditem|p2b: Scream Tail|Booster Energy\n|-activate|p2b: Scream Tail|ability: Protosynthesis|[fromitem]\n|-start|p2b: Scream Tail|protosynthesisspe\n|turn|5\n|inactive|Luca8 has 30 seconds left.\n|inactive|Luca8 has 20 seconds left.\n|l| PoggibonsiCity\n|inactive|Luca8 has 15 seconds left.\n|inactive|Luca8 has 10 seconds left.\n|inactive|Luca8 has 5 seconds left.\n|\n|t:|1739547686\n|move|p2b: Scream Tail|Disable|p1b: Indeedee\n|-start|p1b: Indeedee|Disable|Expanding Force\n|move|p1a: Chi-Yu|Snarl|p2b: Scream Tail|[spread] p2a,p2b\n|-damage|p2a: Terapagos|42\/100\n|-damage|p2b: Scream Tail|73\/100\n|-unboost|p2b: Scream Tail|spa|1\n|move|p2a: Terapagos|Tera Starstorm|p1a: Chi-Yu|[spread] p1a,p1b\n|-damage|p1a: Chi-Yu|0 fnt\n|-damage|p1b: Indeedee|0 fnt\n|faint|p1a: Chi-Yu\n|faint|p1b: Indeedee\n|\n|upkeep\n|inactive|Luca8 has 30 seconds left.\n|inactive|Luca8 has 20 seconds left.\n|inactive|Luca8 has 15 seconds left.\n|inactive|Luca8 has 10 seconds left.\n|inactive|Luca8 has 5 seconds left.\n|\n|t:|1739547741\n|switch|p1a: Calyrex|Calyrex-Shadow, L50|100\/100\n|-ability|p1a: Calyrex|As One\n|-ability|p1a: Calyrex|Unnerve\n|-damage|p1a: Calyrex|88\/100|[from] Stealth Rock\n|turn|6\n|inactive|Luca8 has 30 seconds left.\n|inactive|Luca8 has 20 seconds left.\n|inactive|Luca8 has 15 seconds left.\n|inactive|Luca8 has 10 seconds left.\n|inactive|Luca8 has 5 seconds left.\n|-message|Luca8 lost due to inactivity.\n|\n|win|satelite99\n|raw|Luca8's rating: 1645 &rarr; <strong>1624<\/strong><br \/>(-21 for losing)\n|raw|satelite99's rating: 1628 &rarr; <strong>1649<\/strong><br \/>(+21 for winning)\n|l|\u2606satelite99\n|player|p2|\n|l| Ryan&Ditto\n","uploadtime":1739547932,"views":11,"formatid":"gen9vgc2025regg","rating":1624,"private":0,"password":null}