{"id":"gen9vgc2025regg-2300718207","format":"[Gen 9] VGC 2025 Reg G","players":["fuwamoko","meanrook"],"log":"|j|\u2606fuwamoko\n|j|\u2606meanrook\n|t:|1739546848\n|gametype|doubles\n|player|p1|fuwamoko|1|1550\n|player|p2|meanrook|265|1654\n|teamsize|p1|6\n|teamsize|p2|6\n|gen|9\n|tier|[Gen 9] VGC 2025 Reg G\n|rated|\n|rule|Species Clause: Limit one of each Pok\u00e9mon\n|rule|Item Clause: Limit 1 of each item\n|clearpoke\n|poke|p1|Calyrex-Shadow, L50|\n|poke|p1|Regieleki, L50|\n|poke|p1|Amoonguss, L50, F|\n|poke|p1|Urshifu-*, L50, F|\n|poke|p1|Tornadus, L50, M|\n|poke|p1|Incineroar, L50, M|\n|poke|p2|Calyrex-Ice, L50|\n|poke|p2|Raging Bolt, L50|\n|poke|p2|Ogerpon-Cornerstone, L50, F|\n|poke|p2|Urshifu-*, L50, M|\n|poke|p2|Clefairy, L50, F|\n|poke|p2|Iron Valiant, L50|\n|teampreview|4\n|inactive|Battle timer is ON: inactive players will automatically lose when time's up. (requested by fuwamoko)\n|\n|t:|1739546881\n|start\n|switch|p1a: Calyrex|Calyrex-Shadow, L50|100\/100\n|switch|p1b: Urshifu|Urshifu-Rapid-Strike, L50, F|100\/100\n|switch|p2a: Calyrex|Calyrex-Ice, L50|100\/100\n|switch|p2b: Iron Valiant|Iron Valiant, L50, shiny|100\/100\n|-ability|p1a: Calyrex|As One\n|-ability|p1a: Calyrex|Unnerve\n|-ability|p2a: Calyrex|As One\n|-ability|p2a: Calyrex|Unnerve\n|-enditem|p2b: Iron Valiant|Booster Energy\n|-activate|p2b: Iron Valiant|ability: Quark Drive|[fromitem]\n|-start|p2b: Iron Valiant|quarkdrivespe\n|turn|1\n|j| Oberyth\n|inactive|fuwamoko has 30 seconds left.\n|\n|t:|1739546906\n|switch|p1a: Incineroar|Incineroar, L50, M|100\/100\n|-ability|p1a: Incineroar|Intimidate|boost\n|-fail|p2a: Calyrex|unboost|[from] item: Clear Amulet|[of] p2a: Calyrex\n|-unboost|p2b: Iron Valiant|atk|1\n|-terastallize|p2a: Calyrex|Water\n|move|p2b: Iron Valiant|Moonblast|p1b: Urshifu\n|-supereffective|p1b: Urshifu\n|-damage|p1b: Urshifu|0 fnt\n|faint|p1b: Urshifu\n|move|p2a: Calyrex|Glacial Lance|p1a: Incineroar\n|-resisted|p1a: Incineroar\n|-damage|p1a: Incineroar|74\/100\n|\n|upkeep\n|\n|t:|1739546929\n|switch|p1b: Amoonguss|Amoonguss, L50, F|100\/100\n|turn|2\n|\n|t:|1739546945\n|-terastallize|p1b: Amoonguss|Water\n|move|p2a: Calyrex|Protect|p2a: Calyrex\n|-singleturn|p2a: Calyrex|Protect\n|move|p2b: Iron Valiant|Coaching|p2a: Calyrex\n|-boost|p2a: Calyrex|atk|1\n|-boost|p2a: Calyrex|def|1\n|move|p1a: Incineroar|Will-O-Wisp|p2a: Calyrex\n|-activate|p2a: Calyrex|move: Protect\n|move|p1b: Amoonguss|Spore|p2b: Iron Valiant\n|-status|p2b: Iron Valiant|slp|[from] move: Spore\n|\n|upkeep\n|turn|3\n|inactive|fuwamoko has 30 seconds left.\n|\n|t:|1739546971\n|cant|p2b: Iron Valiant|slp\n|move|p1a: Incineroar|Will-O-Wisp|p2a: Calyrex\n|-status|p2a: Calyrex|brn\n|move|p2a: Calyrex|Glacial Lance|p1a: Incineroar|[spread] p1a,p1b\n|-resisted|p1a: Incineroar\n|-resisted|p1b: Amoonguss\n|-damage|p1a: Incineroar|58\/100\n|-damage|p1b: Amoonguss|85\/100\n|move|p1b: Amoonguss|Clear Smog|p2a: Calyrex\n|-damage|p2a: Calyrex|90\/100 brn\n|-clearboost|p2a: Calyrex\n|\n|-damage|p2a: Calyrex|84\/100 brn|[from] brn\n|upkeep\n|turn|4\n|l| Oberyth\n|\n|t:|1739546993\n|cant|p2b: Iron Valiant|slp\n|move|p1a: Incineroar|Knock Off|p2a: Calyrex\n|-damage|p2a: Calyrex|61\/100 brn\n|-enditem|p2a: Calyrex|Clear Amulet|[from] move: Knock Off|[of] p1a: Incineroar\n|move|p2a: Calyrex|Glacial Lance|p1b: Amoonguss|[spread] p1a,p1b\n|-resisted|p1a: Incineroar\n|-resisted|p1b: Amoonguss\n|-damage|p1a: Incineroar|47\/100\n|-damage|p1b: Amoonguss|75\/100\n|move|p1b: Amoonguss|Pollen Puff|p1a: Incineroar\n|-heal|p1a: Incineroar|97\/100\n|\n|-damage|p2a: Calyrex|55\/100 brn|[from] brn\n|upkeep\n|turn|5\n|j| 1212kkekrk\n|inactive|fuwamoko has 30 seconds left.\n|\n|t:|1739547027\n|switch|p1b: Calyrex|Calyrex-Shadow, L50|100\/100\n|-ability|p1b: Calyrex|As One\n|-ability|p1b: Calyrex|Unnerve\n|cant|p2b: Iron Valiant|slp\n|move|p1a: Incineroar|Parting Shot|p2a: Calyrex\n|-unboost|p2a: Calyrex|atk|1\n|-unboost|p2a: Calyrex|spa|1\n|\n|t:|1739547036\n|switch|p1a: Amoonguss|Amoonguss, L50, F, tera:Water|100\/100|[from] Parting Shot\n|move|p2a: Calyrex|High Horsepower|p1a: Amoonguss\n|-damage|p1a: Amoonguss|90\/100\n|-damage|p2a: Calyrex|39\/100 brn|[from] item: Rocky Helmet|[of] p1a: Amoonguss\n|\n|-damage|p2a: Calyrex|33\/100 brn|[from] brn\n|upkeep\n|turn|6\n|\n|t:|1739547052\n|switch|p2a: Raging Bolt|Raging Bolt, L50|100\/100\n|-curestatus|p2b: Iron Valiant|slp|[msg]\n|move|p2b: Iron Valiant|Wide Guard|p2b: Iron Valiant\n|-singleturn|p2b: Iron Valiant|Wide Guard\n|move|p1b: Calyrex|Astral Barrage|p2a: Raging Bolt|[spread] \n|-activate|p2a: Raging Bolt|move: Wide Guard\n|-activate|p2b: Iron Valiant|move: Wide Guard\n|move|p1a: Amoonguss|Spore|p2b: Iron Valiant\n|-status|p2b: Iron Valiant|slp|[from] move: Spore\n|\n|upkeep\n|turn|7\n|\n|t:|1739547075\n|-end|p2b: Iron Valiant|Quark Drive|[silent]\n|switch|p2b: Clefairy|Clefairy, L50, F, shiny|100\/100\n|switch|p1a: Incineroar|Incineroar, L50, M|97\/100\n|-ability|p1a: Incineroar|Intimidate|boost\n|-unboost|p2a: Raging Bolt|atk|1\n|-unboost|p2b: Clefairy|atk|1\n|move|p1b: Calyrex|Astral Barrage|p2b: Clefairy|[spread] p2a,p2b\n|-damage|p2a: Raging Bolt|51\/100\n|-damage|p2b: Clefairy|34\/100\n|-damage|p1b: Calyrex|91\/100|[from] item: Life Orb\n|move|p2a: Raging Bolt|Thunderbolt|p1a: Incineroar\n|-damage|p1a: Incineroar|34\/100\n|-damage|p2a: Raging Bolt|41\/100|[from] item: Life Orb\n|\n|upkeep\n|turn|8\n|inactive|fuwamoko has 30 seconds left.\n|\n|t:|1739547101\n|switch|p1a: Amoonguss|Amoonguss, L50, F, tera:Water|100\/100\n|move|p2a: Raging Bolt|Protect|p2a: Raging Bolt\n|-singleturn|p2a: Raging Bolt|Protect\n|move|p2b: Clefairy|Protect|p2b: Clefairy\n|-singleturn|p2b: Clefairy|Protect\n|move|p1b: Calyrex|Astral Barrage|p2a: Raging Bolt|[spread] \n|-activate|p2a: Raging Bolt|move: Protect\n|-activate|p2b: Clefairy|move: Protect\n|\n|upkeep\n|turn|9\n|j| PoggibonsiCity\n|\n|t:|1739547121\n|move|p1b: Calyrex|Encore|p2a: Raging Bolt\n|-start|p2a: Raging Bolt|Encore\n|move|p2a: Raging Bolt|Protect|p2a: Raging Bolt\n|-singleturn|p2a: Raging Bolt|Protect\n|move|p2b: Clefairy|Heal Pulse|p2a: Raging Bolt\n|-activate|p2a: Raging Bolt|move: Protect\n|move|p1a: Amoonguss|Spore|p2a: Raging Bolt\n|-activate|p2a: Raging Bolt|move: Protect\n|\n|upkeep\n|turn|10\n|-message|meanrook forfeited.\n|\n|win|fuwamoko\n|raw|fuwamoko's rating: 1550 &rarr; <strong>1576<\/strong><br \/>(+26 for winning)\n|raw|meanrook's rating: 1654 &rarr; <strong>1628<\/strong><br \/>(-26 for losing)\n|l|\u2606meanrook\n|player|p2|\n|l|\u2606fuwamoko\n|player|p1|\n|l| PoggibonsiCity\n","uploadtime":1739547380,"views":13,"formatid":"gen9vgc2025regg","rating":1576,"private":0,"password":null}