{"id":"gen9vgc2025regg-2300181669","format":"[Gen 9] VGC 2025 Reg G","players":["dogggybears","Mildly Displeased"],"log":"|j|\u2606dogggybears\n|j|\u2606Mildly Displeased\n|t:|1739472734\n|gametype|doubles\n|player|p1|dogggybears|brycenman|1578\n|player|p2|Mildly Displeased|lillie|1580\n|teamsize|p1|6\n|teamsize|p2|6\n|gen|9\n|tier|[Gen 9] VGC 2025 Reg G\n|rated|\n|rule|Species Clause: Limit one of each Pok\u00e9mon\n|rule|Item Clause: Limit 1 of each item\n|clearpoke\n|poke|p1|Tornadus, L50, M|\n|poke|p1|Urshifu-*, L50, M|\n|poke|p1|Ogerpon-Hearthflame, L50, F|\n|poke|p1|Farigiraf, L50, F|\n|poke|p1|Regidrago, L50|\n|poke|p1|Zacian-*, L50|\n|poke|p2|Primarina, L50, M|\n|poke|p2|Talonflame, L50, F|\n|poke|p2|Zamazenta-*, L50|\n|poke|p2|Rillaboom, L50, F|\n|poke|p2|Chien-Pao, L50|\n|poke|p2|Flutter Mane, L50|\n|teampreview|4\n|inactive|Battle timer is ON: inactive players will automatically lose when time's up. (requested by Mildly Displeased)\ndogggybears has agreed to open team sheets.\n|inactive|dogggybears has 60 seconds left.\n|\n|t:|1739472768\n|start\n|switch|p1a: Tornadus|Tornadus, L50, M|100\/100\n|switch|p1b: Urshifu|Urshifu-Rapid-Strike, L50, M|100\/100\n|switch|p2a: Phoenix|Talonflame, L50, F, shiny|100\/100\n|switch|p2b: Best Mon|Primarina, L50, M, shiny|100\/100\n|turn|1\n|\n|t:|1739472786\n|move|p2a: Phoenix|Tailwind|p2a: Phoenix\n|-sidestart|p2: Mildly Displeased|move: Tailwind\n|move|p1a: Tornadus|Tailwind|p1a: Tornadus\n|-sidestart|p1: dogggybears|move: Tailwind\n|move|p1b: Urshifu|Surging Strikes|p2a: Phoenix\n|-supereffective|p2a: Phoenix\n|-crit|p2a: Phoenix\n|-damage|p2a: Phoenix|11\/100\n|-supereffective|p2a: Phoenix\n|-crit|p2a: Phoenix\n|-damage|p2a: Phoenix|0 fnt\n|faint|p2a: Phoenix\n|-hitcount|p2: Phoenix|2\n|move|p2b: Best Mon|Hyper Voice|p1a: Tornadus|[spread] p1a,p1b\n|-resisted|p1b: Urshifu\n|-crit|p1b: Urshifu\n|-damage|p1a: Tornadus|55\/100\n|-damage|p1b: Urshifu|58\/100\n|-enditem|p2b: Best Mon|Throat Spray\n|-boost|p2b: Best Mon|spa|1|[from] item: Throat Spray\n|\n|upkeep\n|\n|t:|1739472792\n|switch|p2a: Knotweed|Rillaboom, L50, F|100\/100\n|-fieldstart|move: Grassy Terrain|[from] ability: Grassy Surge|[of] p2a: Knotweed\n|turn|2\n|\n|t:|1739472804\n|switch|p1b: Ogerpon|Ogerpon-Hearthflame, L50, F|100\/100\n|-ability|p1b: Ogerpon|Mold Breaker\n|move|p2a: Knotweed|Fake Out|p1a: Tornadus\n|-damage|p1a: Tornadus|31\/100\n|-damage|p2a: Knotweed|91\/100|[from] item: Life Orb\n|move|p1a: Tornadus|Bleakwind Storm|p2a: Knotweed|[spread] p2a\n|-miss|p1a: Tornadus|p2b: Best Mon\n|-supereffective|p2a: Knotweed\n|-damage|p2a: Knotweed|3\/100\n|move|p2b: Best Mon|Hyper Voice|p1a: Tornadus|[spread] p1a,p1b\n|-damage|p1a: Tornadus|0 fnt\n|-damage|p1b: Ogerpon|45\/100\n|faint|p1a: Tornadus\n|\n|-heal|p1b: Ogerpon|51\/100|[from] Grassy Terrain\n|-heal|p2a: Knotweed|9\/100|[from] Grassy Terrain\n|upkeep\n|j| MillerH33\n|\n|t:|1739472821\n|switch|p1a: Zacian|Zacian-Crowned, L50|100\/100\n|-ability|p1a: Zacian|Intrepid Sword|boost\n|-boost|p1a: Zacian|atk|1\n|turn|3\n|\n|t:|1739472834\n|move|p2b: Best Mon|Protect|p2b: Best Mon\n|-singleturn|p2b: Best Mon|Protect\n|move|p1a: Zacian|Behemoth Blade|p2b: Best Mon\n|-activate|p2b: Best Mon|move: Protect\n|move|p1b: Ogerpon|Ivy Cudgel|p2a: Knotweed|[anim] Ivy Cudgel Fire\n|-supereffective|p2a: Knotweed\n|-damage|p2a: Knotweed|0 fnt\n|faint|p2a: Knotweed\n|\n|-heal|p1b: Ogerpon|57\/100|[from] Grassy Terrain\n|upkeep\n|\n|t:|1739472841\n|switch|p2a: Pippin|Zamazenta-Crowned, L50|100\/100\n|-ability|p2a: Pippin|Dauntless Shield|boost\n|-boost|p2a: Pippin|def|1\n|turn|4\n|\n|t:|1739472858\n|-terastallize|p2a: Pippin|Ghost\n|move|p1b: Ogerpon|Spiky Shield|p1b: Ogerpon\n|-singleturn|p1b: Ogerpon|move: Protect\n|move|p1a: Zacian|Behemoth Blade|p2b: Best Mon\n|-damage|p2b: Best Mon|0 fnt\n|faint|p2b: Best Mon\n|move|p2a: Pippin|Iron Defense|p2a: Pippin\n|-boost|p2a: Pippin|def|2\n|\n|-heal|p1b: Ogerpon|63\/100|[from] Grassy Terrain\n|-sideend|p1: dogggybears|move: Tailwind\n|-sideend|p2: Mildly Displeased|move: Tailwind\n|upkeep\n|turn|5\n|\n|t:|1739472877\n|-terastallize|p1b: Ogerpon|Fire\n|detailschange|p1b: Ogerpon|Ogerpon-Hearthflame-Tera, L50, F, tera:Fire\n|-ability|p1b: Ogerpon|Embody Aspect (Hearthflame)|boost\n|-boost|p1b: Ogerpon|atk|1\n|move|p1a: Zacian|Behemoth Blade|p2a: Pippin\n|-crit|p2a: Pippin\n|-damage|p2a: Pippin|31\/100\n|move|p2a: Pippin|Body Press|p1a: Zacian\n|-damage|p1a: Zacian|2\/100\n|move|p1b: Ogerpon|Ivy Cudgel|p2a: Pippin|[anim] Ivy Cudgel Fire\n|-damage|p2a: Pippin|4\/100\n|\n|-heal|p1a: Zacian|8\/100|[from] Grassy Terrain\n|-heal|p2a: Pippin|11\/100|[from] Grassy Terrain\n|-heal|p1b: Ogerpon|69\/100|[from] Grassy Terrain\n|upkeep\n|turn|6\n|\n|t:|1739472892\n|move|p1a: Zacian|Behemoth Blade|p2a: Pippin\n|-damage|p2a: Pippin|0 fnt\n|faint|p2a: Pippin\n|\n|win|dogggybears\n|raw|dogggybears's rating: 1578 &rarr; <strong>1597<\/strong><br \/>(+19 for winning)\n|raw|Mildly Displeased's rating: 1566 &rarr; <strong>1547<\/strong><br \/>(-19 for losing)\n|l|\u2606dogggybears\n|player|p1|\n","uploadtime":1739473070,"views":10,"formatid":"gen9vgc2025regg","rating":1547,"private":0,"password":null}