{"id":"gen9vgc2025regg-2300116676","format":"[Gen 9] VGC 2025 Reg G","players":["dnut_1","TeumessianFox"],"log":"|j|\u2606dnut_1\n|j|\u2606TeumessianFox\n|t:|1739466490\n|gametype|doubles\n|player|p1|dnut_1|scientist-gen4|1522\n|player|p2|TeumessianFox|101|1558\n|teamsize|p1|6\n|teamsize|p2|6\n|gen|9\n|tier|[Gen 9] VGC 2025 Reg G\n|rated|\n|rule|Species Clause: Limit one of each Pok\u00e9mon\n|rule|Item Clause: Limit 1 of each item\n|clearpoke\n|poke|p1|Kyogre, L50|\n|poke|p1|Incineroar, L50, M|\n|poke|p1|Wo-Chien, L50|\n|poke|p1|Grimmsnarl, L50, M|\n|poke|p1|Urshifu-*, L50, M|\n|poke|p1|Iron Jugulis, L50|\n|poke|p2|Calyrex-Shadow, L50|\n|poke|p2|Chi-Yu, L50|\n|poke|p2|Farigiraf, L50, M|\n|poke|p2|Whimsicott, L50, F|\n|poke|p2|Ogerpon-Cornerstone, L50, F|\n|poke|p2|Raichu, L50, M|\n|teampreview|4\nTeumessianFox rejected open team sheets.\n|inactive|Battle timer is ON: inactive players will automatically lose when time's up. (requested by dnut_1)\n|\n|t:|1739466541\n|start\n|switch|p1a: Iron Jugulis|Iron Jugulis, L50|100\/100\n|switch|p1b: Grimmsnarl|Grimmsnarl, L50, M|100\/100\n|switch|p2a: Calyrex|Calyrex-Shadow, L50|100\/100\n|switch|p2b: Raichu|Raichu, L50, M, shiny|100\/100\n|-ability|p2a: Calyrex|As One\n|-ability|p2a: Calyrex|Unnerve\n|-enditem|p1a: Iron Jugulis|Booster Energy\n|-activate|p1a: Iron Jugulis|ability: Quark Drive|[fromitem]\n|-start|p1a: Iron Jugulis|quarkdrivespe\n|turn|1\n|j| rachofu\n|\n|t:|1739466561\n|move|p2b: Raichu|Fake Out|p1a: Iron Jugulis\n|-damage|p1a: Iron Jugulis|93\/100\n|move|p1b: Grimmsnarl|Light Screen|p1b: Grimmsnarl\n|-sidestart|p1: dnut_1|move: Light Screen\n|cant|p1a: Iron Jugulis|flinch\n|move|p2a: Calyrex|Pollen Puff|p1b: Grimmsnarl\n|-damage|p1b: Grimmsnarl|78\/100\n|\n|upkeep\n|turn|2\n|\n|t:|1739466584\n|move|p2a: Calyrex|Protect|p2a: Calyrex\n|-singleturn|p2a: Calyrex|Protect\n|move|p1a: Iron Jugulis|Snarl|p2b: Raichu|[spread] p2b\n|-activate|p2a: Calyrex|move: Protect\n|-damage|p2b: Raichu|84\/100\n|-unboost|p2b: Raichu|spa|1\n|move|p2b: Raichu|Nuzzle|p1a: Iron Jugulis\n|-supereffective|p1a: Iron Jugulis\n|-damage|p1a: Iron Jugulis|83\/100\n|-status|p1a: Iron Jugulis|par\n|move|p1b: Grimmsnarl|Spirit Break|p2a: Calyrex\n|-activate|p2a: Calyrex|move: Protect\n|\n|upkeep\n|turn|3\n|l| rachofu\n|inactive|TeumessianFox has 30 seconds left.\n|\n|t:|1739466619\n|move|p2a: Calyrex|Pollen Puff|p1a: Iron Jugulis\n|-damage|p1a: Iron Jugulis|60\/100 par\n|move|p2b: Raichu|Nuzzle|p1b: Grimmsnarl\n|-damage|p1b: Grimmsnarl|72\/100\n|-status|p1b: Grimmsnarl|par\n|move|p1a: Iron Jugulis|Tailwind|p1a: Iron Jugulis\n|-sidestart|p1: dnut_1|move: Tailwind\n|move|p1b: Grimmsnarl|Spirit Break|p2a: Calyrex\n|-damage|p2a: Calyrex|64\/100\n|-unboost|p2a: Calyrex|spa|1\n|\n|upkeep\n|turn|4\n|\n|t:|1739466635\n|switch|p2a: Whimsicott|Whimsicott, L50, F|100\/100\n|move|p1a: Iron Jugulis|Snarl|p2a: Whimsicott|[spread] p2a,p2b\n|-resisted|p2a: Whimsicott\n|-damage|p2a: Whimsicott|89\/100\n|-damage|p2b: Raichu|68\/100\n|-unboost|p2b: Raichu|spa|1\n|move|p2b: Raichu|Electroweb|p1b: Grimmsnarl|[spread] p1a,p1b\n|-supereffective|p1a: Iron Jugulis\n|-damage|p1a: Iron Jugulis|51\/100 par\n|-damage|p1b: Grimmsnarl|68\/100 par\n|-unboost|p1a: Iron Jugulis|spe|1\n|-unboost|p1b: Grimmsnarl|spe|1\n|move|p1b: Grimmsnarl|Spirit Break|p2b: Raichu\n|-damage|p2b: Raichu|36\/100\n|-unboost|p2b: Raichu|spa|1\n|\n|upkeep\n|turn|5\n|\n|t:|1739466660\n|cant|p1a: Iron Jugulis|par\n|move|p2a: Whimsicott|Moonblast|p1b: Grimmsnarl\n|-supereffective|p1b: Grimmsnarl\n|-damage|p1b: Grimmsnarl|36\/100 par\n|move|p2b: Raichu|Electroweb|p1b: Grimmsnarl|[spread] p1a,p1b\n|-supereffective|p1a: Iron Jugulis\n|-damage|p1a: Iron Jugulis|43\/100 par\n|-damage|p1b: Grimmsnarl|33\/100 par\n|-unboost|p1a: Iron Jugulis|spe|1\n|-unboost|p1b: Grimmsnarl|spe|1\n|cant|p1b: Grimmsnarl|par\n|\n|upkeep\n|turn|6\n|\n|t:|1739466678\n|cant|p1a: Iron Jugulis|par\n|move|p2a: Whimsicott|Tailwind|p2a: Whimsicott\n|-sidestart|p2: TeumessianFox|move: Tailwind\n|move|p2b: Raichu|Electroweb|p1a: Iron Jugulis|[spread] p1a,p1b\n|-supereffective|p1a: Iron Jugulis\n|-damage|p1a: Iron Jugulis|35\/100 par\n|-damage|p1b: Grimmsnarl|29\/100 par\n|-unboost|p1a: Iron Jugulis|spe|1\n|-unboost|p1b: Grimmsnarl|spe|1\n|move|p1b: Grimmsnarl|Spirit Break|p2a: Whimsicott\n|-damage|p2a: Whimsicott|63\/100\n|\n|-sideend|p1: dnut_1|move: Tailwind\n|upkeep\n|turn|7\n|\n|t:|1739466698\n|move|p2a: Whimsicott|Moonblast|p1a: Iron Jugulis\n|-supereffective|p1a: Iron Jugulis\n|-damage|p1a: Iron Jugulis|0 fnt\n|faint|p1a: Iron Jugulis\n|-end|p1a: Iron Jugulis|Quark Drive|[silent]\n|move|p2b: Raichu|Electroweb|p1b: Grimmsnarl\n|-damage|p1b: Grimmsnarl|25\/100 par\n|-unboost|p1b: Grimmsnarl|spe|1\n|move|p1b: Grimmsnarl|Spirit Break|p2a: Whimsicott\n|-damage|p2a: Whimsicott|38\/100\n|\n|upkeep\n|\n|t:|1739466708\n|switch|p1a: Wo-Chien|Wo-Chien, L50|100\/100\n|-ability|p1a: Wo-Chien|Tablets of Ruin\n|turn|8\n|\n|t:|1739466725\n|switch|p1b: Kyogre|Kyogre, L50|100\/100\n|-weather|RainDance|[from] ability: Drizzle|[of] p1b: Kyogre\n|move|p1a: Wo-Chien|Protect|p1a: Wo-Chien\n|-singleturn|p1a: Wo-Chien|Protect\n|move|p2a: Whimsicott|Moonblast|p1b: Kyogre\n|-damage|p1b: Kyogre|93\/100\n|move|p2b: Raichu|Nuzzle|p1a: Wo-Chien\n|-activate|p1a: Wo-Chien|move: Protect\n|\n|-weather|RainDance|[upkeep]\n|-sideend|p1: dnut_1|move: Light Screen\n|upkeep\n|turn|9\n|inactive|TeumessianFox has 30 seconds left.\n|\n|t:|1739466757\n|-terastallize|p1b: Kyogre|Grass\n|move|p2a: Whimsicott|Moonblast|p1a: Wo-Chien\n|-supereffective|p1a: Wo-Chien\n|-damage|p1a: Wo-Chien|65\/100\n|move|p2b: Raichu|Nuzzle|p1b: Kyogre\n|-resisted|p1b: Kyogre\n|-damage|p1b: Kyogre|91\/100\n|-status|p1b: Kyogre|par\n|move|p1a: Wo-Chien|Pollen Puff|p1b: Kyogre\n|-heal|p1b: Kyogre|100\/100 par\n|move|p1b: Kyogre|Water Spout|p2b: Raichu|[spread] p2a,p2b\n|-resisted|p2a: Whimsicott\n|-damage|p2a: Whimsicott|0 fnt\n|-damage|p2b: Raichu|0 fnt\n|faint|p2a: Whimsicott\n|faint|p2b: Raichu\n|\n|-weather|RainDance|[upkeep]\n|-heal|p1a: Wo-Chien|71\/100|[from] item: Leftovers\n|-sideend|p2: TeumessianFox|move: Tailwind\n|upkeep\n|\n|t:|1739466771\n|switch|p2a: Calyrex|Calyrex-Shadow, L50|64\/100\n|switch|p2b: Chi-Yu|Chi-Yu, L50|100\/100\n|-ability|p2a: Calyrex|As One\n|-ability|p2a: Calyrex|Unnerve\n|-ability|p2b: Chi-Yu|Beads of Ruin\n|turn|10\n|\n|t:|1739466787\n|-terastallize|p2a: Calyrex|Ghost\n|move|p2a: Calyrex|Astral Barrage|p1a: Wo-Chien|[spread] p1a,p1b\n|-resisted|p1a: Wo-Chien\n|-damage|p1a: Wo-Chien|39\/100\n|-damage|p1b: Kyogre|57\/100 par\n|move|p2b: Chi-Yu|Heat Wave|p1b: Kyogre|[spread] p1a\n|-miss|p2b: Chi-Yu|p1b: Kyogre\n|-supereffective|p1a: Wo-Chien\n|-damage|p1a: Wo-Chien|0 fnt\n|faint|p1a: Wo-Chien\n|-damage|p2b: Chi-Yu|90\/100|[from] item: Life Orb\n|move|p1b: Kyogre|Water Spout|p2b: Chi-Yu|[spread] p2a,p2b\n|-supereffective|p2b: Chi-Yu\n|-damage|p2a: Calyrex|0 fnt\n|-damage|p2b: Chi-Yu|0 fnt\n|faint|p2a: Calyrex\n|faint|p2b: Chi-Yu\n|\n|win|dnut_1\n|raw|dnut_1's rating: 1522 &rarr; <strong>1544<\/strong><br \/>(+22 for winning)\n|raw|TeumessianFox's rating: 1558 &rarr; <strong>1536<\/strong><br \/>(-22 for losing)\n|c|\u2606TeumessianFox|fantastic rng\n|l|\u2606TeumessianFox\n|player|p2|\n|c|\u2606dnut_1|for sure\n|l|\u2606dnut_1\n|player|p1|\n","uploadtime":1739466947,"views":10,"formatid":"gen9vgc2025regg","rating":1536,"private":0,"password":null}