{"id":"gen9vgc2025regg-2300974609","format":"[Gen 9] VGC 2025 Reg G","players":["GubbsVGC","meiose"],"log":"|j|\u2606GubbsVGC\n|j|\u2606meiose\n|t:|1739575202\n|gametype|doubles\n|player|p1|GubbsVGC|265|1534\n|player|p2|meiose|schoolkid-gen4|1622\n|teamsize|p1|6\n|teamsize|p2|6\n|gen|9\n|tier|[Gen 9] VGC 2025 Reg G\n|rated|\n|rule|Species Clause: Limit one of each Pok\u00e9mon\n|rule|Item Clause: Limit 1 of each item\n|clearpoke\n|poke|p1|Blaziken, L50, F|\n|poke|p1|Calyrex-Ice, L50|\n|poke|p1|Landorus, L50, M|\n|poke|p1|Iron Hands, L50|\n|poke|p1|Pelipper, L50, M|\n|poke|p1|Amoonguss, L50, M|\n|poke|p2|Calyrex-Shadow, L50|\n|poke|p2|Ting-Lu, L50|\n|poke|p2|Dondozo, L50, F|\n|poke|p2|Raging Bolt, L50|\n|poke|p2|Urshifu-*, L50, M|\n|poke|p2|Whimsicott, L50, M|\n|teampreview|4\n|j| Frosty_D\n|inactive|Battle timer is ON: inactive players will automatically lose when time's up. (requested by meiose)\n|\n|t:|1739575275\n|start\n|switch|p1a: Pelipper|Pelipper, L50, M|100\/100\n|switch|p1b: Calyrex|Calyrex-Ice, L50|100\/100\n|switch|p2a: Ting-Lu|Ting-Lu, L50|100\/100\n|switch|p2b: Dondozo|Dondozo, L50, F|100\/100\n|-ability|p1b: Calyrex|As One\n|-ability|p1b: Calyrex|Unnerve\n|-weather|RainDance|[from] ability: Drizzle|[of] p1a: Pelipper\n|-ability|p2a: Ting-Lu|Vessel of Ruin\n|turn|1\n|\n|t:|1739575296\n|switch|p1a: Amoonguss|Amoonguss, L50, M|100\/100\n|-terastallize|p2a: Ting-Lu|Fairy\n|move|p1b: Calyrex|Protect|p1b: Calyrex\n|-singleturn|p1b: Calyrex|Protect\n|move|p2a: Ting-Lu|Sand Tomb|p1b: Calyrex\n|-activate|p1b: Calyrex|move: Protect\n|move|p2b: Dondozo|Yawn|p1b: Calyrex\n|-activate|p1b: Calyrex|move: Protect\n|\n|-weather|RainDance|[upkeep]\n|upkeep\n|turn|2\n|inactive|GubbsVGC has 30 seconds left.\n|inactive|GubbsVGC has 20 seconds left.\n|inactive|GubbsVGC has 15 seconds left.\n|\n|t:|1739575338\n|move|p1a: Amoonguss|Rage Powder|p1a: Amoonguss\n|-singleturn|p1a: Amoonguss|move: Rage Powder\n|move|p1b: Calyrex|Glacial Lance|p2b: Dondozo|[spread] p2a,p2b\n|-resisted|p2b: Dondozo\n|-damage|p2a: Ting-Lu|68\/100\n|-damage|p2b: Dondozo|82\/100\n|move|p2a: Ting-Lu|Sand Tomb|p1a: Amoonguss\n|-damage|p1a: Amoonguss|89\/100\n|-activate|p1a: Amoonguss|move: Sand Tomb|[of] p2a: Ting-Lu\n|move|p2b: Dondozo|Yawn|p1a: Amoonguss\n|-start|p1a: Amoonguss|move: Yawn|[of] p2b: Dondozo\n|\n|-weather|RainDance|[upkeep]\n|-heal|p2b: Dondozo|88\/100|[from] item: Leftovers\n|-damage|p1a: Amoonguss|77\/100|[from] move: Sand Tomb|[partiallytrapped]\n|upkeep\n|turn|3\n|l| Frosty_D\n|\n|t:|1739575362\n|move|p2a: Ting-Lu|Protect|p2a: Ting-Lu\n|-singleturn|p2a: Ting-Lu|Protect\n|move|p2b: Dondozo|Protect|p2b: Dondozo\n|-singleturn|p2b: Dondozo|Protect\n|move|p1b: Calyrex|Glacial Lance|p2b: Dondozo|[spread] \n|-activate|p2a: Ting-Lu|move: Protect\n|-activate|p2b: Dondozo|move: Protect\n|move|p1a: Amoonguss|Spore|p2b: Dondozo\n|-activate|p2b: Dondozo|move: Protect\n|\n|-weather|RainDance|[upkeep]\n|-heal|p2b: Dondozo|94\/100|[from] item: Leftovers\n|-damage|p1a: Amoonguss|64\/100|[from] move: Sand Tomb|[partiallytrapped]\n|-end|p1a: Amoonguss|move: Yawn|[silent]\n|-status|p1a: Amoonguss|slp\n|upkeep\n|turn|4\n|\n|t:|1739575385\n|move|p1b: Calyrex|Protect|p1b: Calyrex\n|-singleturn|p1b: Calyrex|Protect\n|move|p2a: Ting-Lu|Ruination|p1b: Calyrex\n|-activate|p1b: Calyrex|move: Protect\n|cant|p1a: Amoonguss|slp\n|move|p2b: Dondozo|Wave Crash|p1b: Calyrex\n|-activate|p1b: Calyrex|move: Protect\n|\n|-weather|RainDance|[upkeep]\n|-heal|p2b: Dondozo|100\/100|[from] item: Leftovers\n|-damage|p1a: Amoonguss|52\/100 slp|[from] move: Sand Tomb|[partiallytrapped]\n|upkeep\n|turn|5\n|inactive|GubbsVGC has 30 seconds left.\n|inactive|GubbsVGC has 20 seconds left.\n|\n|t:|1739575420\n|-terastallize|p1b: Calyrex|Water\n|move|p1b: Calyrex|Glacial Lance|p2a: Ting-Lu|[spread] p2a,p2b\n|-resisted|p2b: Dondozo\n|-damage|p2a: Ting-Lu|39\/100\n|-damage|p2b: Dondozo|83\/100\n|move|p2a: Ting-Lu|Ruination|p1b: Calyrex\n|-damage|p1b: Calyrex|51\/100\n|cant|p1a: Amoonguss|slp\n|move|p2b: Dondozo|Wave Crash|p1b: Calyrex\n|-resisted|p1b: Calyrex\n|-damage|p1b: Calyrex|30\/100\n|-damage|p2b: Dondozo|77\/100|[from] Recoil\n|\n|-weather|none\n|-heal|p2b: Dondozo|83\/100|[from] item: Leftovers\n|-damage|p1a: Amoonguss|40\/100 slp|[from] move: Sand Tomb|[partiallytrapped]\n|upkeep\n|turn|6\n|j| TRIPLE RILABOOM\n|inactive|GubbsVGC has 30 seconds left.\n|inactive|meiose has 30 seconds left.\n|\n|t:|1739575451\n|move|p2a: Ting-Lu|Protect|p2a: Ting-Lu\n|-singleturn|p2a: Ting-Lu|Protect\n|move|p1b: Calyrex|Glacial Lance|p2b: Dondozo|[spread] p2b\n|-activate|p2a: Ting-Lu|move: Protect\n|-resisted|p2b: Dondozo\n|-damage|p2b: Dondozo|67\/100\n|cant|p1a: Amoonguss|slp\n|move|p2b: Dondozo|Wave Crash|p1a: Amoonguss\n|-resisted|p1a: Amoonguss\n|-damage|p1a: Amoonguss|23\/100 slp\n|-damage|p2b: Dondozo|50\/100|[from] item: Rocky Helmet|[of] p1a: Amoonguss\n|-damage|p2b: Dondozo|46\/100|[from] Recoil\n|\n|-heal|p2b: Dondozo|52\/100|[from] item: Leftovers\n|-damage|p1a: Amoonguss|11\/100 slp|[from] move: Sand Tomb|[partiallytrapped]\n|upkeep\n|turn|7\n|inactive|GubbsVGC has 30 seconds left.\n|\n|t:|1739575480\n|move|p1b: Calyrex|Glacial Lance|p2a: Ting-Lu|[spread] p2a,p2b\n|-resisted|p2b: Dondozo\n|-damage|p2a: Ting-Lu|11\/100\n|-damage|p2b: Dondozo|36\/100\n|move|p2a: Ting-Lu|Stealth Rock|p1a: Amoonguss\n|-sidestart|p1: GubbsVGC|move: Stealth Rock\n|-curestatus|p1a: Amoonguss|slp|[msg]\n|move|p1a: Amoonguss|Pollen Puff|p1b: Calyrex\n|-heal|p1b: Calyrex|80\/100\n|move|p2b: Dondozo|Wave Crash|p1a: Amoonguss\n|-resisted|p1a: Amoonguss\n|-damage|p1a: Amoonguss|0 fnt\n|-damage|p2b: Dondozo|19\/100|[from] item: Rocky Helmet|[of] p1a: Amoonguss\n|faint|p1a: Amoonguss\n|-damage|p2b: Dondozo|17\/100|[from] Recoil\n|\n|-heal|p2b: Dondozo|23\/100|[from] item: Leftovers\n|upkeep\n|inactive|GubbsVGC has 30 seconds left.\n|\n|t:|1739575507\n|switch|p1a: Pelipper|Pelipper, L50, M|100\/100\n|-damage|p1a: Pelipper|75\/100|[from] Stealth Rock\n|-weather|RainDance|[from] ability: Drizzle|[of] p1a: Pelipper\n|turn|8\n|\n|t:|1739575521\n|move|p2a: Ting-Lu|Protect|p2a: Ting-Lu\n|-singleturn|p2a: Ting-Lu|Protect\n|move|p1a: Pelipper|Hurricane|p2b: Dondozo\n|-crit|p2b: Dondozo\n|-damage|p2b: Dondozo|0 fnt\n|faint|p2b: Dondozo\n|move|p1b: Calyrex|Glacial Lance|p2a: Ting-Lu\n|-activate|p2a: Ting-Lu|move: Protect\n|\n|-weather|RainDance|[upkeep]\n|upkeep\n|j| BionicFox\n|\n|t:|1739575545\n|switch|p2b: Calyrex|Calyrex-Shadow, L50|100\/100\n|-ability|p2b: Calyrex|As One\n|-ability|p2b: Calyrex|Unnerve\n|turn|9\n|inactive|GubbsVGC has 30 seconds left.\n|inactive|GubbsVGC has 20 seconds left.\n|\n|t:|1739575583\n|move|p2b: Calyrex|Pollen Puff|p2a: Ting-Lu\n|-heal|p2a: Ting-Lu|60\/100\n|move|p1a: Pelipper|Weather Ball|p2b: Calyrex\n|-crit|p2b: Calyrex\n|-damage|p2b: Calyrex|20\/100\n|move|p1b: Calyrex|Glacial Lance|p2a: Ting-Lu|[spread] p2a,p2b\n|-damage|p2a: Ting-Lu|28\/100\n|-damage|p2b: Calyrex|0 fnt\n|faint|p2b: Calyrex\n|-ability|p1b: Calyrex|Chilling Neigh|boost\n|-boost|p1b: Calyrex|atk|1\n|move|p2a: Ting-Lu|Ruination|p1b: Calyrex\n|-damage|p1b: Calyrex|41\/100\n|\n|-weather|RainDance|[upkeep]\n|upkeep\n|\n|t:|1739575592\n|switch|p2b: Urshifu|Urshifu-Rapid-Strike, L50, M|100\/100\n|turn|10\n|l| BionicFox\n|\n|t:|1739575617\n|move|p2a: Ting-Lu|Protect|p2a: Ting-Lu\n|-singleturn|p2a: Ting-Lu|Protect\n|move|p2b: Urshifu|Surging Strikes|p1a: Pelipper\n|-resisted|p1a: Pelipper\n|-crit|p1a: Pelipper\n|-damage|p1a: Pelipper|48\/100\n|-resisted|p1a: Pelipper\n|-crit|p1a: Pelipper\n|-damage|p1a: Pelipper|23\/100\n|-resisted|p1a: Pelipper\n|-crit|p1a: Pelipper\n|-damage|p1a: Pelipper|0 fnt\n|faint|p1a: Pelipper\n|-hitcount|p1: Pelipper|3\n|move|p1b: Calyrex|Glacial Lance|p2a: Ting-Lu|[spread] p2b\n|-activate|p2a: Ting-Lu|move: Protect\n|-resisted|p2b: Urshifu\n|-damage|p2b: Urshifu|54\/100\n|\n|-weather|RainDance|[upkeep]\n|upkeep\n|\n|t:|1739575634\n|switch|p1a: Iron Hands|Iron Hands, L50|100\/100\n|-damage|p1a: Iron Hands|94\/100|[from] Stealth Rock\n|turn|11\n|inactive|meiose has 30 seconds left.\n|inactive|GubbsVGC has 30 seconds left.\n|inactive|meiose has 20 seconds left.\n|\n|t:|1739575670\n|move|p2b: Urshifu|Protect|p2b: Urshifu\n|-singleturn|p2b: Urshifu|Protect\n|move|p2a: Ting-Lu|Protect||[still]\n|-fail|p2a: Ting-Lu\n|move|p1b: Calyrex|High Horsepower|p2b: Urshifu\n|-activate|p2b: Urshifu|move: Protect\n|move|p1a: Iron Hands|Heavy Slam|p2a: Ting-Lu\n|-supereffective|p2a: Ting-Lu\n|-damage|p2a: Ting-Lu|11\/100\n|-damage|p1a: Iron Hands|78\/100|[from] item: Rocky Helmet|[of] p2a: Ting-Lu\n|\n|-weather|RainDance|[upkeep]\n|upkeep\n|turn|12\n|\n|t:|1739575691\n|move|p2b: Urshifu|Surging Strikes|p1b: Calyrex\n|-resisted|p1b: Calyrex\n|-crit|p1b: Calyrex\n|-damage|p1b: Calyrex|29\/100\n|-resisted|p1b: Calyrex\n|-crit|p1b: Calyrex\n|-damage|p1b: Calyrex|16\/100\n|-resisted|p1b: Calyrex\n|-crit|p1b: Calyrex\n|-damage|p1b: Calyrex|5\/100\n|-hitcount|p1b: Calyrex|3\n|move|p1b: Calyrex|High Horsepower|p2a: Ting-Lu\n|-damage|p2a: Ting-Lu|0 fnt\n|-damage|p1b: Calyrex|0 fnt|[from] item: Rocky Helmet|[of] p2a: Ting-Lu\n|faint|p2a: Ting-Lu\n|faint|p1b: Calyrex\n|move|p1a: Iron Hands|Wild Charge|p2b: Urshifu\n|-supereffective|p2b: Urshifu\n|-damage|p2b: Urshifu|0 fnt\n|faint|p2b: Urshifu\n|-damage|p1a: Iron Hands|68\/100|[from] Recoil\n|\n|win|GubbsVGC\n|raw|GubbsVGC's rating: 1534 &rarr; <strong>1559<\/strong><br \/>(+25 for winning)\n|raw|meiose's rating: 1622 &rarr; <strong>1597<\/strong><br \/>(-25 for losing)\n|l|\u2606GubbsVGC\n|player|p1|\n","uploadtime":1739577708,"views":7,"formatid":"gen9vgc2025regg","rating":1559,"private":0,"password":null}