{"id":"gen9vgc2025regg-2300847914","format":"[Gen 9] VGC 2025 Reg G","players":["Crysantimo","davidelgafe"],"log":"|j|\u2606Crysantimo\n|j|\u2606davidelgafe\n|t:|1739560295\n|gametype|doubles\n|player|p1|Crysantimo|zinzolin|1507\n|player|p2|davidelgafe|blue|1612\n|teamsize|p1|6\n|teamsize|p2|6\n|gen|9\n|tier|[Gen 9] VGC 2025 Reg G\n|rated|\n|rule|Species Clause: Limit one of each Pok\u00e9mon\n|rule|Item Clause: Limit 1 of each item\n|clearpoke\n|poke|p1|Calyrex-Shadow, L50|\n|poke|p1|Chi-Yu, L50|\n|poke|p1|Weezing-Galar, L50, M|\n|poke|p1|Pawmot, L50, F|\n|poke|p1|Dragonite, L50, M|\n|poke|p1|Electabuzz, L50, M|\n|poke|p2|Zamazenta-*, L50|\n|poke|p2|Chi-Yu, L50|\n|poke|p2|Raging Bolt, L50|\n|poke|p2|Rillaboom, L50, M|\n|poke|p2|Ditto, L50|\n|poke|p2|Whimsicott, L50, F|\n|teampreview|4\n|j| kiabu233\n|\n|t:|1739560340\n|start\n|switch|p1a: Calyrex|Calyrex-Shadow, L50|100\/100\n|switch|p1b: Electabuzz|Electabuzz, L50, M|100\/100\n|switch|p2a: Chi-Yu|Chi-Yu, L50|100\/100\n|switch|p2b: Raging Bolt|Raging Bolt, L50|100\/100\n|-ability|p1a: Calyrex|As One\n|-ability|p1a: Calyrex|Unnerve\n|-ability|p2a: Chi-Yu|Beads of Ruin\n|turn|1\n|inactive|Battle timer is ON: inactive players will automatically lose when time's up. (requested by Crysantimo)\n|\n|t:|1739560357\n|switch|p1a: Dragonite|Dragonite, L50, M|100\/100\n|move|p2a: Chi-Yu|Heat Wave|p1b: Electabuzz|[spread] p1a,p1b\n|-resisted|p1a: Dragonite\n|-damage|p1a: Dragonite|85\/100\n|-damage|p1b: Electabuzz|60\/100\n|move|p2b: Raging Bolt|Draco Meteor|p1a: Dragonite\n|-supereffective|p1a: Dragonite\n|-damage|p1a: Dragonite|0 fnt\n|-unboost|p2b: Raging Bolt|spa|2\n|faint|p1a: Dragonite\n|-damage|p2b: Raging Bolt|91\/100|[from] item: Life Orb\n|move|p1b: Electabuzz|Electroweb|p2b: Raging Bolt|[spread] p2a,p2b\n|-resisted|p2b: Raging Bolt\n|-damage|p2a: Chi-Yu|85\/100\n|-damage|p2b: Raging Bolt|87\/100\n|-unboost|p2a: Chi-Yu|spe|1\n|-unboost|p2b: Raging Bolt|spe|1\n|\n|upkeep\n|\n|t:|1739560365\n|switch|p1a: Calyrex|Calyrex-Shadow, L50|100\/100\n|-ability|p1a: Calyrex|As One\n|-ability|p1a: Calyrex|Unnerve\n|turn|2\n|inactive|Crysantimo has 30 seconds left.\n|inactive|davidelgafe has 30 seconds left.\n|\n|t:|1739560401\n|-terastallize|p1a: Calyrex|Normal\n|move|p1b: Electabuzz|Helping Hand|p1a: Calyrex\n|-singleturn|p1a: Calyrex|Helping Hand|[of] p1b: Electabuzz\n|move|p1a: Calyrex|Astral Barrage|p2a: Chi-Yu|[spread] p2a,p2b\n|-resisted|p2a: Chi-Yu\n|-damage|p2a: Chi-Yu|19\/100\n|-damage|p2b: Raging Bolt|0 fnt\n|faint|p2b: Raging Bolt\n|-end|p2b: Raging Bolt|Protosynthesis|[silent]\n|-ability|p1a: Calyrex|Grim Neigh|boost\n|-boost|p1a: Calyrex|spa|1\n|move|p2a: Chi-Yu|Heat Wave|p1b: Electabuzz|[spread] p1a,p1b\n|-damage|p1a: Calyrex|54\/100\n|-damage|p1b: Electabuzz|24\/100\n|\n|upkeep\n|\n|t:|1739560417\n|switch|p2b: Ditto|Ditto, L50, shiny|100\/100\n|-transform|p2b: Ditto|p1a: Calyrex|[from] ability: Imposter\n|-ability|p2b: Ditto|As One\n|-ability|p2b: Ditto|Unnerve\n|-start|p2b: Ditto|typechange|Psychic\/Ghost|[silent]\n|turn|3\n|inactive|davidelgafe has 30 seconds left.\n|inactive|davidelgafe has 20 seconds left.\n|inactive|davidelgafe has 15 seconds left.\n|inactive|davidelgafe has 10 seconds left.\n|inactive|davidelgafe has 5 seconds left.\n|\n|t:|1739560470\n|move|p1b: Electabuzz|Follow Me|p1b: Electabuzz\n|-singleturn|p1b: Electabuzz|move: Follow Me\n|move|p2b: Ditto|Astral Barrage|p1a: Calyrex|[spread] p1b\n|-immune|p1a: Calyrex\n|-damage|p1b: Electabuzz|0 fnt\n|faint|p1b: Electabuzz\n|-ability|p2b: Ditto|Grim Neigh|boost\n|-boost|p2b: Ditto|spa|1\n|move|p1a: Calyrex|Astral Barrage|p2a: Chi-Yu|[spread] p2a,p2b\n|-resisted|p2a: Chi-Yu\n|-supereffective|p2b: Ditto\n|-damage|p2a: Chi-Yu|0 fnt\n|-damage|p2b: Ditto|0 fnt\n|faint|p2a: Chi-Yu\n|faint|p2b: Ditto\n|-ability|p1a: Calyrex|Grim Neigh|boost\n|-boost|p1a: Calyrex|spa|2\n|\n|upkeep\n|\n|t:|1739560475\n|switch|p1b: Pawmot|Pawmot, L50, F|100\/100\n|switch|p2b: Zamazenta|Zamazenta-Crowned, L50|100\/100\n|-ability|p2b: Zamazenta|Dauntless Shield|boost\n|-boost|p2b: Zamazenta|def|1\n|turn|4\n|c|\u2606Crysantimo|Gg\n|\n|t:|1739560486\n|move|p2b: Zamazenta|Protect|p2b: Zamazenta\n|-singleturn|p2b: Zamazenta|Protect\n|move|p1b: Pawmot|Fake Out|p2b: Zamazenta\n|-activate|p2b: Zamazenta|move: Protect\n|move|p1a: Calyrex|Astral Barrage|p2b: Zamazenta\n|-activate|p2b: Zamazenta|move: Protect\n|\n|upkeep\n|turn|5\n|\n|t:|1739560505\n|-terastallize|p2b: Zamazenta|Dragon\n|move|p2b: Zamazenta|Wide Guard|p2b: Zamazenta\n|-singleturn|p2b: Zamazenta|Wide Guard\n|move|p1a: Calyrex|Astral Barrage|p2b: Zamazenta\n|-activate|p2b: Zamazenta|move: Wide Guard\n|move|p1b: Pawmot|Close Combat|p2b: Zamazenta\n|-damage|p2b: Zamazenta|79\/100\n|-unboost|p1b: Pawmot|def|1\n|-unboost|p1b: Pawmot|spd|1\n|\n|upkeep\n|turn|6\n|inactive|Crysantimo has 30 seconds left.\n|\n|t:|1739560535\n|move|p2b: Zamazenta|Protect||[still]\n|-fail|p2b: Zamazenta\n|move|p1a: Calyrex|Astral Barrage|p2b: Zamazenta\n|-crit|p2b: Zamazenta\n|-damage|p2b: Zamazenta|0 fnt\n|faint|p2b: Zamazenta\n|\n|win|Crysantimo\n|raw|Crysantimo's rating: 1507 &rarr; <strong>1533<\/strong><br \/>(+26 for winning)\n|raw|davidelgafe's rating: 1612 &rarr; <strong>1586<\/strong><br \/>(-26 for losing)\n|c|\u2606Crysantimo|Gg\n|l| kiabu233\n|l|\u2606davidelgafe\n|player|p2|\n","uploadtime":1739560751,"views":11,"formatid":"gen9vgc2025regg","rating":1533,"private":0,"password":null}