{"id":"gen9vgc2025regg-2300607393","format":"[Gen 9] VGC 2025 Reg G","players":["Tester_SF04","aires17"],"log":"|j|\u2606Tester_SF04\n|j|\u2606aires17\n|t:|1739532308\n|gametype|doubles\n|player|p1|Tester_SF04|hiker-gen4|1534\n|player|p2|aires17|1|1612\n|teamsize|p1|6\n|teamsize|p2|6\n|gen|9\n|tier|[Gen 9] VGC 2025 Reg G\n|rated|\n|rule|Species Clause: Limit one of each Pok\u00e9mon\n|rule|Item Clause: Limit 1 of each item\n|clearpoke\n|poke|p1|Groudon, L50|\n|poke|p1|Flutter Mane, L50|\n|poke|p1|Farigiraf, L50, M|\n|poke|p1|Raging Bolt, L50|\n|poke|p1|Incineroar, L50, M|\n|poke|p1|Ogerpon-Cornerstone, L50, F|\n|poke|p2|Calyrex-Shadow, L50|\n|poke|p2|Urshifu-*, L50, F|\n|poke|p2|Whimsicott, L50, M|\n|poke|p2|Ogerpon-Hearthflame, L50, F|\n|poke|p2|Landorus, L50, M|\n|poke|p2|Indeedee-F, L50, F|\n|teampreview|4\n|\n|t:|1739532330\n|start\n|switch|p1a: Flutter Mane|Flutter Mane, L50|100\/100\n|switch|p1b: Groudon|Groudon, L50|100\/100\n|switch|p2a: Shepparoni|Whimsicott, L50, M|100\/100\n|switch|p2b: Panda|Urshifu-Rapid-Strike, L50, F|100\/100\n|-weather|SunnyDay|[from] ability: Drought|[of] p1b: Groudon\n|-activate|p1a: Flutter Mane|ability: Protosynthesis\n|-start|p1a: Flutter Mane|protosynthesisspe\n|turn|1\n|j| sushi rider\n|\n|t:|1739532364\n|move|p2a: Shepparoni|Tailwind|p2a: Shepparoni\n|-sidestart|p2: aires17|move: Tailwind\n|move|p1a: Flutter Mane|Dazzling Gleam|p2a: Shepparoni|[spread] p2a,p2b\n|-supereffective|p2b: Panda\n|-damage|p2a: Shepparoni|19\/100\n|-damage|p2b: Panda|0 fnt\n|faint|p2b: Panda\n|move|p1b: Groudon|Precipice Blades|p2a: Shepparoni\n|-resisted|p2a: Shepparoni\n|-damage|p2a: Shepparoni|0 fnt\n|faint|p2a: Shepparoni\n|\n|-weather|SunnyDay|[upkeep]\n|upkeep\n|\n|t:|1739532377\n|switch|p2a: Horsee|Calyrex-Shadow, L50|100\/100\n|switch|p2b: Momma|Indeedee-F, L50, F|100\/100\n|-ability|p2a: Horsee|As One\n|-ability|p2a: Horsee|Unnerve\n|-fieldstart|move: Psychic Terrain|[from] ability: Psychic Surge|[of] p2b: Momma\n|-enditem|p2a: Horsee|Psychic Seed\n|-boost|p2a: Horsee|spd|1|[from] item: Psychic Seed\n|turn|2\n|\n|t:|1739532392\n|-end|p1a: Flutter Mane|Protosynthesis|[silent]\n|switch|p1a: Farigiraf|Farigiraf, L50, M|100\/100\n|move|p2b: Momma|Helping Hand|p2a: Horsee\n|-singleturn|p2a: Horsee|Helping Hand|[of] p2b: Momma\n|move|p1b: Groudon|Protect|p1b: Groudon\n|-singleturn|p1b: Groudon|Protect\n|move|p2a: Horsee|Astral Barrage|p1b: Groudon|[spread] \n|-activate|p1b: Groudon|move: Protect\n|-immune|p1a: Farigiraf\n|\n|-weather|SunnyDay|[upkeep]\n|upkeep\n|turn|3\n|\n|t:|1739532408\n|move|p2a: Horsee|Expanding Force|p1a: Farigiraf|[spread] p1a,p1b\n|-resisted|p1a: Farigiraf\n|-crit|p1a: Farigiraf\n|-damage|p1a: Farigiraf|58\/100\n|-damage|p1b: Groudon|34\/100\n|move|p2b: Momma|Imprison|p2b: Momma\n|-start|p2b: Momma|move: Imprison\n|move|p1b: Groudon|Precipice Blades|p2b: Momma|[spread] p2b\n|-miss|p1b: Groudon|p2a: Horsee\n|-damage|p2b: Momma|45\/100\n|cant|p1a: Farigiraf|move: Imprison|Trick Room\n|\n|-weather|SunnyDay|[upkeep]\n|upkeep\n|turn|4\n|\n|t:|1739532425\n|switch|p1b: Raging Bolt|Raging Bolt, L50|100\/100\n|-activate|p1b: Raging Bolt|ability: Protosynthesis\n|-start|p1b: Raging Bolt|protosynthesisspa\n|move|p2b: Momma|Helping Hand|p2a: Horsee\n|-singleturn|p2a: Horsee|Helping Hand|[of] p2b: Momma\n|move|p2a: Horsee|Expanding Force|p1b: Raging Bolt|[spread] p1a,p1b\n|-resisted|p1a: Farigiraf\n|-damage|p1a: Farigiraf|21\/100\n|-damage|p1b: Raging Bolt|37\/100\n|move|p1a: Farigiraf|Foul Play|p2a: Horsee\n|-supereffective|p2a: Horsee\n|-damage|p2a: Horsee|37\/100\n|\n|-weather|SunnyDay|[upkeep]\n|-sideend|p2: aires17|move: Tailwind\n|upkeep\n|turn|5\n|\n|t:|1739532448\n|-terastallize|p2a: Horsee|Dark\n|move|p2a: Horsee|Expanding Force|p1b: Raging Bolt|[spread] p1a,p1b\n|-resisted|p1a: Farigiraf\n|-damage|p1a: Farigiraf|0 fnt\n|-damage|p1b: Raging Bolt|0 fnt\n|faint|p1a: Farigiraf\n|faint|p1b: Raging Bolt\n|-end|p1b: Raging Bolt|Protosynthesis|[silent]\n|-ability|p2a: Horsee|Grim Neigh|boost\n|-boost|p2a: Horsee|spa|2\n|move|p2b: Momma|Trick Room|p2b: Momma\n|-fieldstart|move: Trick Room|[of] p2b: Momma\n|\n|-weather|none\n|upkeep\n|\n|t:|1739532453\n|switch|p1a: Flutter Mane|Flutter Mane, L50|100\/100\n|switch|p1b: Groudon|Groudon, L50|34\/100\n|-weather|SunnyDay|[from] ability: Drought|[of] p1b: Groudon\n|-activate|p1a: Flutter Mane|ability: Protosynthesis\n|-start|p1a: Flutter Mane|protosynthesisspe\n|turn|6\n|\n|t:|1739532474\n|move|p2b: Momma|Helping Hand|p2a: Horsee\n|-singleturn|p2a: Horsee|Helping Hand|[of] p2b: Momma\n|move|p1b: Groudon|Precipice Blades|p2b: Momma|[spread] p2a,p2b\n|-damage|p2a: Horsee|0 fnt\n|-damage|p2b: Momma|0 fnt\n|faint|p2a: Horsee\n|faint|p2b: Momma\n|\n|win|Tester_SF04\n|raw|Tester_SF04's rating: 1534 &rarr; <strong>1558<\/strong><br \/>(+24 for winning)\n|raw|aires17's rating: 1612 &rarr; <strong>1588<\/strong><br \/>(-24 for losing)\n|l|\u2606Tester_SF04\n|player|p1|\n|l|\u2606aires17\n|player|p2|\n","uploadtime":1739532709,"views":8,"formatid":"gen9vgc2025regg","rating":1558,"private":0,"password":null}