{"id":"gen9vgc2025regg-2300122196","format":"[Gen 9] VGC 2025 Reg G","players":["ArisHazard","Aires17"],"log":"|j|\u2606ArisHazard\n|j|\u2606Aires17\n|t:|1739467023\n|gametype|doubles\n|player|p1|ArisHazard|101|1638\n|player|p2|Aires17|265|1609\n|teamsize|p1|6\n|teamsize|p2|6\n|gen|9\n|tier|[Gen 9] VGC 2025 Reg G\n|rated|\n|rule|Species Clause: Limit one of each Pok\u00e9mon\n|rule|Item Clause: Limit 1 of each item\n|clearpoke\n|poke|p1|Calyrex-Shadow, L50|\n|poke|p1|Scream Tail, L50|\n|poke|p1|Weezing, L50, F|\n|poke|p1|Regigigas, L50|\n|poke|p1|Iron Hands, L50|\n|poke|p1|Urshifu-*, L50, F|\n|poke|p2|Calyrex-Shadow, L50|\n|poke|p2|Urshifu-*, L50, M|\n|poke|p2|Whimsicott, L50, M|\n|poke|p2|Ogerpon-Hearthflame, L50, F|\n|poke|p2|Landorus, L50, M|\n|poke|p2|Indeedee-F, L50, F|\n|teampreview|4\n|inactive|Battle timer is ON: inactive players will automatically lose when time's up. (requested by ArisHazard)\nAires17 rejected open team sheets.\n|inactive|Aires17 has 60 seconds left.\n|\n|t:|1739467071\n|start\n|switch|p1a: Regigigas|Regigigas, L50|100\/100\n|switch|p1b: Weezing|Weezing, L50, F|100\/100\n|switch|p2a: Shepparoni|Whimsicott, L50, M|100\/100\n|switch|p2b: Panda|Urshifu-Rapid-Strike, L50, M|100\/100\n|-ability|p1b: Weezing|Neutralizing Gas\n|turn|1\n|\n|t:|1739467090\n|-terastallize|p1a: Regigigas|Ghost\n|move|p2a: Shepparoni|Tailwind|p2a: Shepparoni\n|-sidestart|p2: Aires17|move: Tailwind\n|move|p2b: Panda|Surging Strikes|p1b: Weezing\n|-crit|p1b: Weezing\n|-damage|p1b: Weezing|80\/100\n|-crit|p1b: Weezing\n|-damage|p1b: Weezing|59\/100\n|-crit|p1b: Weezing\n|-damage|p1b: Weezing|36\/100\n|-enditem|p1b: Weezing|Sitrus Berry|[eat]\n|-heal|p1b: Weezing|61\/100|[from] item: Sitrus Berry\n|-hitcount|p1b: Weezing|3\n|move|p1a: Regigigas|Crush Grip|p2b: Panda\n|-damage|p2b: Panda|18\/100\n|-damage|p1a: Regigigas|91\/100|[from] item: Life Orb\n|move|p1b: Weezing|Sludge Bomb|p2a: Shepparoni\n|-supereffective|p2a: Shepparoni\n|-enditem|p2a: Shepparoni|Focus Sash\n|-damage|p2a: Shepparoni|1\/100\n|\n|upkeep\n|turn|2\n|inactive|ArisHazard has 30 seconds left.\n|inactive|Aires17 has 30 seconds left.\n|\n|t:|1739467122\n|move|p1b: Weezing|Protect|p1b: Weezing\n|-singleturn|p1b: Weezing|Protect\n|move|p2a: Shepparoni|Encore|p1a: Regigigas\n|-start|p1a: Regigigas|Encore\n|move|p2b: Panda|Surging Strikes|p1b: Weezing\n|-activate|p1b: Weezing|move: Protect\n|move|p1a: Regigigas|Crush Grip|p2b: Panda\n|-crit|p2b: Panda\n|-damage|p2b: Panda|0 fnt\n|faint|p2b: Panda\n|-damage|p1a: Regigigas|81\/100|[from] item: Life Orb\n|\n|upkeep\n|\n|t:|1739467133\n|switch|p2b: Horsee|Calyrex-Shadow, L50|100\/100\n|-ability|p2b: Horsee|As One\n|-ability|p2b: Horsee|Unnerve\n|turn|3\n|\n|t:|1739467152\n|-end|p1a: Regigigas|Slow Start|[silent]\n|switch|p1a: Scream Tail|Scream Tail, L50|100\/100\n|move|p2b: Horsee|Astral Barrage|p1b: Weezing|[spread] p1a,p1b\n|-supereffective|p1a: Scream Tail\n|-crit|p1a: Scream Tail\n|-damage|p1a: Scream Tail|0 fnt\n|-damage|p1b: Weezing|2\/100\n|faint|p1a: Scream Tail\n|-end|p1a: Scream Tail|Protosynthesis|[silent]\n|-ability|p2b: Horsee|Grim Neigh|boost\n|-boost|p2b: Horsee|spa|1\n|move|p2a: Shepparoni|Encore|p1b: Weezing\n|-start|p1b: Weezing|Encore\n|move|p1b: Weezing|Protect||[still]\n|-fail|p1b: Weezing\n|\n|upkeep\n|j| Pokuchu\n|\n|t:|1739467169\n|switch|p1a: Regigigas|Regigigas, L50, tera:Ghost|81\/100\n|turn|4\n|\n|t:|1739467181\n|-end|p1b: Weezing|ability: Neutralizing Gas\n|-start|p1a: Regigigas|ability: Slow Start\n|switch|p1b: Calyrex|Calyrex-Shadow, L50|100\/100\n|-ability|p1b: Calyrex|As One\n|-ability|p1b: Calyrex|Unnerve\n|move|p1a: Regigigas|Wide Guard|p1a: Regigigas\n|-singleturn|p1a: Regigigas|Wide Guard\n|move|p2b: Horsee|Astral Barrage|p1b: Calyrex|[spread] \n|-activate|p1a: Regigigas|move: Wide Guard\n|-activate|p1b: Calyrex|move: Wide Guard\n|move|p2a: Shepparoni|Moonblast|p1a: Regigigas\n|-damage|p1a: Regigigas|52\/100\n|\n|-sideend|p2: Aires17|move: Tailwind\n|upkeep\n|turn|5\n|\n|t:|1739467206\n|-terastallize|p2b: Horsee|Dark\n|move|p1a: Regigigas|Wide Guard|p1a: Regigigas\n|-singleturn|p1a: Regigigas|Wide Guard\n|move|p2a: Shepparoni|Taunt|p1a: Regigigas\n|-start|p1a: Regigigas|move: Taunt\n|move|p2b: Horsee|Nasty Plot|p2b: Horsee\n|-boost|p2b: Horsee|spa|2\n|move|p1b: Calyrex|Astral Barrage|p2b: Horsee|[spread] p2a,p2b\n|-resisted|p2b: Horsee\n|-damage|p2a: Shepparoni|0 fnt\n|-damage|p2b: Horsee|75\/100\n|faint|p2a: Shepparoni\n|-ability|p1b: Calyrex|Grim Neigh|boost\n|-boost|p1b: Calyrex|spa|1\n|\n|upkeep\n|\n|t:|1739467220\n|switch|p2a: Momma|Indeedee-F, L50, F|100\/100\n|-fieldstart|move: Psychic Terrain|[from] ability: Psychic Surge|[of] p2a: Momma\n|-enditem|p2b: Horsee|Psychic Seed\n|-boost|p2b: Horsee|spd|1|[from] item: Psychic Seed\n|turn|6\n|c|\u2606Aires17|ggwp\n|-message|ArisHazard forfeited.\n|\n|win|Aires17\n|raw|ArisHazard's rating: 1638 &rarr; <strong>1616<\/strong><br \/>(-22 for losing)\n|raw|Aires17's rating: 1609 &rarr; <strong>1631<\/strong><br \/>(+22 for winning)\n|l|\u2606ArisHazard\n|player|p1|\n|l|\u2606Aires17\n|player|p2|\n","uploadtime":1739467492,"views":6,"formatid":"gen9vgc2025regg","rating":1616,"private":0,"password":null}