{"id":"gen9vgc2025regg-2300393850","format":"[Gen 9] VGC 2025 Reg G","players":["Kaicyios","aoiharada"],"log":"|j|\u2606Kaicyios\n|j|\u2606aoiharada\n|t:|1739496393\n|gametype|doubles\n|player|p1|Kaicyios|giovanni|1740\n|player|p2|aoiharada|170|1700\n|teamsize|p1|6\n|teamsize|p2|6\n|gen|9\n|tier|[Gen 9] VGC 2025 Reg G\n|rated|\n|rule|Species Clause: Limit one of each Pok\u00e9mon\n|rule|Item Clause: Limit 1 of each item\n|clearpoke\n|poke|p1|Groudon, L50|\n|poke|p1|Tornadus, L50, M|\n|poke|p1|Flutter Mane, L50|\n|poke|p1|Chi-Yu, L50|\n|poke|p1|Raging Bolt, L50|\n|poke|p1|Armarouge, L50, F|\n|poke|p2|Weezing-Galar, L50, M|\n|poke|p2|Calyrex-Shadow, L50|\n|poke|p2|Dondozo, L50, M|\n|poke|p2|Tatsugiri, L50, M|\n|poke|p2|Incineroar, L50, F|\n|poke|p2|Roaring Moon, L50|\n|teampreview|4\n|inactive|Battle timer is ON: inactive players will automatically lose when time's up. (requested by aoiharada)\n|\n|t:|1739496449\n|start\n|switch|p1a: Tornadus|Tornadus, L50, M|100\/100\n|switch|p1b: Chi-Yu|Chi-Yu, L50|100\/100\n|switch|p2a: Roaring Moon|Roaring Moon, L50|100\/100\n|switch|p2b: Weezing|Weezing-Galar, L50, M|100\/100\n|-ability|p2b: Weezing|Neutralizing Gas\n|turn|1\n|inactive|Kaicyios has 30 seconds left.\n|inactive|Kaicyios has 20 seconds left.\n|inactive|Kaicyios has 15 seconds left.\n|\n|t:|1739496490\n|move|p2b: Weezing|Protect|p2b: Weezing\n|-singleturn|p2b: Weezing|Protect\n|move|p1b: Chi-Yu|Overheat|p2b: Weezing\n|-activate|p2b: Weezing|move: Protect\n|move|p1a: Tornadus|Tailwind|p1a: Tornadus\n|-sidestart|p1: Kaicyios|move: Tailwind\n|move|p2a: Roaring Moon|Earthquake|p1a: Tornadus|[spread] p1b\n|-activate|p2b: Weezing|move: Protect\n|-immune|p1a: Tornadus\n|-supereffective|p1b: Chi-Yu\n|-damage|p1b: Chi-Yu|3\/100\n|\n|upkeep\n|turn|2\n|\n|t:|1739496507\n|move|p1b: Chi-Yu|Overheat|p2b: Weezing\n|-damage|p2b: Weezing|23\/100\n|-unboost|p1b: Chi-Yu|spa|2\n|-enditem|p2b: Weezing|Sitrus Berry|[eat]\n|-heal|p2b: Weezing|48\/100|[from] item: Sitrus Berry\n|move|p1a: Tornadus|Sunny Day|p1a: Tornadus\n|-weather|SunnyDay\n|move|p2a: Roaring Moon|Knock Off|p1a: Tornadus\n|-crit|p1a: Tornadus\n|-enditem|p1a: Tornadus|Focus Sash\n|-damage|p1a: Tornadus|1\/100\n|move|p2b: Weezing|Toxic Spikes|p1a: Tornadus\n|-sidestart|p1: Kaicyios|move: Toxic Spikes\n|\n|-weather|SunnyDay|[upkeep]\n|upkeep\n|turn|3\n|inactive|Kaicyios has 30 seconds left.\n|inactive|Kaicyios has 20 seconds left.\n|\n|t:|1739496544\n|move|p2b: Weezing|Protect|p2b: Weezing\n|-singleturn|p2b: Weezing|Protect\n|move|p1b: Chi-Yu|Overheat|p2a: Roaring Moon\n|-resisted|p2a: Roaring Moon\n|-damage|p2a: Roaring Moon|83\/100\n|-unboost|p1b: Chi-Yu|spa|2\n|move|p1a: Tornadus|Bleakwind Storm|p2a: Roaring Moon|[spread] p2a\n|-activate|p2b: Weezing|move: Protect\n|-damage|p2a: Roaring Moon|58\/100\n|move|p2a: Roaring Moon|Snarl|p1b: Chi-Yu|[spread] p1a,p1b\n|-resisted|p1b: Chi-Yu\n|-damage|p1a: Tornadus|0 fnt\n|-damage|p1b: Chi-Yu|0 fnt\n|faint|p1a: Tornadus\n|faint|p1b: Chi-Yu\n|\n|-weather|SunnyDay|[upkeep]\n|upkeep\n|\n|t:|1739496564\n|switch|p1a: Groudon|Groudon, L50|100\/100\n|switch|p1b: Raging Bolt|Raging Bolt, L50|100\/100\n|-status|p1a: Groudon|psn\n|-status|p1b: Raging Bolt|psn\n|turn|4\n|\n|t:|1739496585\n|-terastallize|p1b: Raging Bolt|Electric\n|move|p2b: Weezing|Protect||[still]\n|-fail|p2b: Weezing\n|move|p1a: Groudon|Precipice Blades|p2b: Weezing|[spread] p2a,p2b\n|-supereffective|p2b: Weezing\n|-damage|p2a: Roaring Moon|0 fnt\n|-damage|p2b: Weezing|0 fnt\n|faint|p2a: Roaring Moon\n|-end|p2a: Roaring Moon|Protosynthesis|[silent]\n|faint|p2b: Weezing\n|-end|p2b: Weezing|ability: Neutralizing Gas\n|-activate|p1b: Raging Bolt|ability: Protosynthesis\n|-start|p1b: Raging Bolt|protosynthesisspa\n|move|p1b: Raging Bolt|Thunderbolt|p2: Roaring Moon|[notarget]\n|-fail|p1b: Raging Bolt\n|\n|-weather|SunnyDay|[upkeep]\n|-damage|p1a: Groudon|88\/100 psn|[from] psn\n|-damage|p1b: Raging Bolt|88\/100 psn|[from] psn\n|-sideend|p1: Kaicyios|move: Tailwind\n|upkeep\n|\n|t:|1739496598\n|switch|p2a: Dondozo|Dondozo, L50, M|100\/100\n|switch|p2b: Tatsugiri|Tatsugiri, L50, M|100\/100\n|-activate|p2b: Tatsugiri|ability: Commander|[of] p2a: Dondozo\n|-boost|p2a: Dondozo|atk|2\n|-boost|p2a: Dondozo|spa|2\n|-boost|p2a: Dondozo|spe|2\n|-boost|p2a: Dondozo|def|2\n|-boost|p2a: Dondozo|spd|2\n|turn|5\n|\n|t:|1739496614\n|move|p2a: Dondozo|Protect|p2a: Dondozo\n|-singleturn|p2a: Dondozo|Protect\n|move|p1a: Groudon|High Horsepower|p2a: Dondozo\n|-activate|p2a: Dondozo|move: Protect\n|move|p1b: Raging Bolt|Thunderbolt|p2a: Dondozo\n|-activate|p2a: Dondozo|move: Protect\n|\n|-weather|SunnyDay|[upkeep]\n|-damage|p1a: Groudon|76\/100 psn|[from] psn\n|-damage|p1b: Raging Bolt|75\/100 psn|[from] psn\n|upkeep\n|turn|6\n|\n|t:|1739496626\n|move|p1b: Raging Bolt|Thunderclap||[still]\n|-fail|p1b: Raging Bolt\n|move|p2a: Dondozo|Substitute|p2a: Dondozo\n|-start|p2a: Dondozo|Substitute\n|-damage|p2a: Dondozo|76\/100\n|move|p1a: Groudon|High Horsepower|p2a: Dondozo\n|-activate|p2a: Dondozo|move: Substitute|[damage]\n|\n|-weather|none\n|-end|p1b: Raging Bolt|Protosynthesis\n|-heal|p2a: Dondozo|82\/100|[from] item: Leftovers\n|-damage|p1a: Groudon|63\/100 psn|[from] psn\n|-damage|p1b: Raging Bolt|63\/100 psn|[from] psn\n|upkeep\n|turn|7\n|\n|t:|1739496644\n|move|p2a: Dondozo|Protect|p2a: Dondozo\n|-singleturn|p2a: Dondozo|Protect\n|move|p1a: Groudon|High Horsepower|p2a: Dondozo\n|-activate|p2a: Dondozo|move: Protect\n|move|p1b: Raging Bolt|Thunderbolt|p2a: Dondozo\n|-activate|p2a: Dondozo|move: Protect\n|\n|-heal|p2a: Dondozo|88\/100|[from] item: Leftovers\n|-damage|p1a: Groudon|51\/100 psn|[from] psn\n|-damage|p1b: Raging Bolt|50\/100 psn|[from] psn\n|upkeep\n|turn|8\n|\n|t:|1739496654\n|move|p2a: Dondozo|Earthquake|p1a: Groudon|[spread] p1a,p1b\n|-miss|p2a: Dondozo|p2b: Tatsugiri\n|-supereffective|p1b: Raging Bolt\n|-damage|p1a: Groudon|22\/100 psn\n|-damage|p1b: Raging Bolt|0 fnt\n|faint|p1b: Raging Bolt\n|-end|p1b: Raging Bolt|Protosynthesis|[silent]\n|move|p1a: Groudon|High Horsepower|p2a: Dondozo\n|-end|p2a: Dondozo|Substitute\n|\n|-heal|p2a: Dondozo|94\/100|[from] item: Leftovers\n|-damage|p1a: Groudon|10\/100 psn|[from] psn\n|upkeep\n|turn|9\n|-message|Kaicyios forfeited.\n|\n|win|aoiharada\n|raw|Kaicyios's rating: 1740 &rarr; <strong>1718<\/strong><br \/>(-22 for losing)\n|raw|aoiharada's rating: 1700 &rarr; <strong>1722<\/strong><br \/>(+22 for winning)\n|l|\u2606Kaicyios\n|player|p1|\n|j| comfy n ez 2 wear\n|l|\u2606aoiharada\n|player|p2|\n|l| comfy n ez 2 wear\n","uploadtime":1739496928,"views":40,"formatid":"gen9vgc2025regg","rating":1718,"private":0,"password":null}