{"id":"gen9vgc2025regg-2300361970","format":"[Gen 9] VGC 2025 Reg G","players":["Meiose","Ilovecatgirlsmeow"],"log":"|j|\u2606Meiose\n|j|\u2606Ilovecatgirlsmeow\n|t:|1739492178\n|gametype|doubles\n|player|p1|Meiose|morty|1627\n|player|p2|Ilovecatgirlsmeow|waitress-gen4|1661\n|teamsize|p1|6\n|teamsize|p2|6\n|gen|9\n|tier|[Gen 9] VGC 2025 Reg G\n|rated|\n|rule|Species Clause: Limit one of each Pok\u00e9mon\n|rule|Item Clause: Limit 1 of each item\n|clearpoke\n|poke|p1|Zacian-*, L50|\n|poke|p1|Whimsicott, L50, M|\n|poke|p1|Milotic, L50, F|\n|poke|p1|Incineroar, L50, F|\n|poke|p1|Landorus, L50, M|\n|poke|p1|Raging Bolt, L50|\n|poke|p2|Chien-Pao, L50|\n|poke|p2|Amoonguss, L50, M|\n|poke|p2|Kyogre, L50|\n|poke|p2|Dragonite, L50, F|\n|poke|p2|Archaludon, L50, F|\n|poke|p2|Urshifu-*, L50, M|\n|teampreview|4\n|inactive|Battle timer is ON: inactive players will automatically lose when time's up. (requested by Ilovecatgirlsmeow)\n|\n|t:|1739492221\n|start\n|switch|p1a: Raging Bolt|Raging Bolt, L50|100\/100\n|switch|p1b: Zacian|Zacian-Crowned, L50|100\/100\n|switch|p2a: Kyogre|Kyogre, L50|100\/100\n|switch|p2b: Urshifu|Urshifu-Rapid-Strike, L50, M|100\/100\n|-ability|p1b: Zacian|Intrepid Sword|boost\n|-boost|p1b: Zacian|atk|1\n|-weather|RainDance|[from] ability: Drizzle|[of] p2a: Kyogre\n|turn|1\n|inactive|Meiose has 30 seconds left.\n|\n|t:|1739492246\n|-terastallize|p1b: Zacian|Water\n|-terastallize|p2a: Kyogre|Grass\n|move|p1a: Raging Bolt|Thunderclap|p2a: Kyogre\n|-resisted|p2a: Kyogre\n|-damage|p2a: Kyogre|85\/100\n|move|p2b: Urshifu|Surging Strikes|p1b: Zacian\n|-resisted|p1b: Zacian\n|-crit|p1b: Zacian\n|-damage|p1b: Zacian|86\/100\n|-resisted|p1b: Zacian\n|-crit|p1b: Zacian\n|-damage|p1b: Zacian|68\/100\n|-resisted|p1b: Zacian\n|-crit|p1b: Zacian\n|-damage|p1b: Zacian|51\/100\n|-hitcount|p1b: Zacian|3\n|move|p1b: Zacian|Close Combat|p2a: Kyogre\n|-damage|p2a: Kyogre|2\/100\n|-unboost|p1b: Zacian|def|1\n|-unboost|p1b: Zacian|spd|1\n|move|p2a: Kyogre|Origin Pulse|p1b: Zacian|[spread] p1a,p1b\n|-resisted|p1a: Raging Bolt\n|-resisted|p1b: Zacian\n|-damage|p1a: Raging Bolt|76\/100\n|-damage|p1b: Zacian|0 fnt\n|faint|p1b: Zacian\n|\n|-weather|RainDance|[upkeep]\n|upkeep\n|\n|t:|1739492254\n|switch|p1b: Whimsicott|Whimsicott, L50, M|100\/100\n|turn|2\n|j| IshzarkVGC\n|inactive|Ilovecatgirlsmeow has 30 seconds left.\n|\n|t:|1739492281\n|switch|p2b: Amoonguss|Amoonguss, L50, M|100\/100\n|move|p1a: Raging Bolt|Thunderclap||[still]\n|-fail|p1a: Raging Bolt\n|move|p1b: Whimsicott|Moonblast|p2a: Kyogre\n|-damage|p2a: Kyogre|0 fnt\n|faint|p2a: Kyogre\n|\n|-weather|RainDance|[upkeep]\n|upkeep\n|\n|t:|1739492287\n|switch|p2a: Archaludon|Archaludon, L50, F|100\/100\n|turn|3\n|\n|t:|1739492294\n|move|p1b: Whimsicott|Light Screen|p1b: Whimsicott\n|-sidestart|p1: Meiose|move: Light Screen\n|move|p2a: Archaludon|Draco Meteor|p1a: Raging Bolt\n|-supereffective|p1a: Raging Bolt\n|-damage|p1a: Raging Bolt|35\/100\n|-unboost|p2a: Archaludon|spa|2\n|move|p1a: Raging Bolt|Snarl|p2b: Amoonguss|[spread] p2a,p2b\n|-damage|p2a: Archaludon|89\/100\n|-damage|p2b: Amoonguss|86\/100\n|-unboost|p2a: Archaludon|spa|1\n|-unboost|p2b: Amoonguss|spa|1\n|-ability|p2a: Archaludon|Stamina|boost\n|-boost|p2a: Archaludon|def|1\n|move|p2b: Amoonguss|Sludge Bomb|p1b: Whimsicott\n|-supereffective|p1b: Whimsicott\n|-damage|p1b: Whimsicott|30\/100\n|\n|-weather|RainDance|[upkeep]\n|upkeep\n|turn|4\n|inactive|Meiose has 30 seconds left.\n|\n|t:|1739492320\n|-end|p1a: Raging Bolt|Protosynthesis|[silent]\n|switch|p1a: Landorus|Landorus, L50, M|100\/100\n|move|p1b: Whimsicott|Encore|p2b: Amoonguss\n|-start|p2b: Amoonguss|Encore\n|move|p2a: Archaludon|Body Press|p1a: Landorus\n|-resisted|p1a: Landorus\n|-damage|p1a: Landorus|79\/100\n|move|p2b: Amoonguss|Sludge Bomb|p1b: Whimsicott\n|-supereffective|p1b: Whimsicott\n|-damage|p1b: Whimsicott|0 fnt\n|faint|p1b: Whimsicott\n|\n|-weather|RainDance|[upkeep]\n|upkeep\n|j| NanshanVGC\n|\n|t:|1739492329\n|switch|p1b: Raging Bolt|Raging Bolt, L50|35\/100\n|turn|5\n|\n|t:|1739492338\n|move|p1a: Landorus|Sandsear Storm|p2b: Amoonguss|[spread] p2a,p2b\n|-supereffective|p2a: Archaludon\n|-damage|p2a: Archaludon|5\/100\n|-damage|p2b: Amoonguss|32\/100\n|-ability|p2a: Archaludon|Stamina|boost\n|-boost|p2a: Archaludon|def|1\n|move|p2a: Archaludon|Body Press|p1b: Raging Bolt\n|-damage|p1b: Raging Bolt|0 fnt\n|faint|p1b: Raging Bolt\n|-end|p1b: Raging Bolt|Protosynthesis|[silent]\n|move|p2b: Amoonguss|Sludge Bomb|p1a: Landorus\n|-resisted|p1a: Landorus\n|-damage|p1a: Landorus|71\/100\n|\n|-weather|none\n|upkeep\n|turn|6\n|\n|t:|1739492350\n|move|p1a: Landorus|Sandsear Storm|p2a: Archaludon|[spread] p2a,p2b\n|-supereffective|p2a: Archaludon\n|-damage|p2a: Archaludon|0 fnt\n|-damage|p2b: Amoonguss|0 fnt\n|faint|p2a: Archaludon\n|faint|p2b: Amoonguss\n|\n|upkeep\n|\n|t:|1739492353\n|switch|p2b: Urshifu|Urshifu-Rapid-Strike, L50, M|100\/100\n|turn|7\n|\n|t:|1739492356\n|move|p2b: Urshifu|Surging Strikes|p1a: Landorus\n|-supereffective|p1a: Landorus\n|-crit|p1a: Landorus\n|-damage|p1a: Landorus|15\/100\n|-supereffective|p1a: Landorus\n|-crit|p1a: Landorus\n|-damage|p1a: Landorus|0 fnt\n|faint|p1a: Landorus\n|-hitcount|p1: Landorus|2\n|\n|win|Ilovecatgirlsmeow\n|raw|Meiose's rating: 1627 &rarr; <strong>1609<\/strong><br \/>(-18 for losing)\n|raw|Ilovecatgirlsmeow's rating: 1661 &rarr; <strong>1679<\/strong><br \/>(+18 for winning)\n|l|\u2606Meiose\n|player|p1|\n|l|\u2606Ilovecatgirlsmeow\n|player|p2|\n|l| IshzarkVGC\n","uploadtime":1739492560,"views":10,"formatid":"gen9vgc2025regg","rating":1609,"private":0,"password":null}