{"id":"gen9vgc2025regg-2300870413","format":"[Gen 9] VGC 2025 Reg G","players":["Ducktile","Mildly Displeased"],"log":"|j|\u2606Ducktile\n|j|\u2606Mildly Displeased\n|t:|1739562727\n|gametype|doubles\n|player|p1|Ducktile|grimsley|1620\n|player|p2|Mildly Displeased|lillie|1596\n|teamsize|p1|6\n|teamsize|p2|6\n|gen|9\n|tier|[Gen 9] VGC 2025 Reg G\n|rated|\n|rule|Species Clause: Limit one of each Pok\u00e9mon\n|rule|Item Clause: Limit 1 of each item\n|clearpoke\n|poke|p1|Tatsugiri, L50, M|\n|poke|p1|Chi-Yu, L50|\n|poke|p1|Dragonite, L50, M|\n|poke|p1|Dondozo, L50, M|\n|poke|p1|Gholdengo, L50|\n|poke|p1|Miraidon, L50|\n|poke|p2|Primarina, L50, M|\n|poke|p2|Talonflame, L50, F|\n|poke|p2|Zamazenta-*, L50|\n|poke|p2|Rillaboom, L50, M|\n|poke|p2|Chien-Pao, L50|\n|poke|p2|Kingambit, L50, M|\n|teampreview|4\n|inactive|Battle timer is ON: inactive players will automatically lose when time's up. (requested by Mildly Displeased)\n|\n|t:|1739562742\n|start\n|switch|p1a: Miraidon|Miraidon, L50|100\/100\n|switch|p1b: Chi-Yu|Chi-Yu, L50|100\/100\n|switch|p2a: Best Mon|Primarina, L50, M, shiny|100\/100\n|switch|p2b: Phoenix|Talonflame, L50, F, shiny|100\/100\n|-fieldstart|move: Electric Terrain|[from] ability: Hadron Engine|[of] p1a: Miraidon\n|-ability|p1b: Chi-Yu|Beads of Ruin\n|turn|1\n|\n|t:|1739562753\n|move|p2a: Best Mon|Protect|p2a: Best Mon\n|-singleturn|p2a: Best Mon|Protect\n|move|p2b: Phoenix|Tailwind|p2b: Phoenix\n|-sidestart|p2: Mildly Displeased|move: Tailwind\n|move|p1a: Miraidon|Electro Drift|p2a: Best Mon\n|-activate|p2a: Best Mon|move: Protect\n|move|p1b: Chi-Yu|Dark Pulse|p2b: Phoenix\n|-damage|p2b: Phoenix|5\/100\n|\n|upkeep\n|turn|2\n|\n|t:|1739562769\n|-terastallize|p2a: Best Mon|Grass\n|move|p2b: Phoenix|Brave Bird|p1b: Chi-Yu\n|-damage|p1b: Chi-Yu|4\/100\n|-damage|p2b: Phoenix|0 fnt|[from] Recoil\n|faint|p2b: Phoenix\n|move|p1a: Miraidon|Volt Switch|p2a: Best Mon\n|-resisted|p2a: Best Mon\n|-damage|p2a: Best Mon|65\/100\n|\n|t:|1739562777\n|switch|p1a: Dondozo|Dondozo, L50, M|100\/100|[from] Volt Switch\n|move|p1b: Chi-Yu|Heat Wave|p2a: Best Mon\n|-supereffective|p2a: Best Mon\n|-damage|p2a: Best Mon|0 fnt\n|faint|p2a: Best Mon\n|\n|upkeep\n|\n|t:|1739562783\n|switch|p2b: Weavile 2.0|Chien-Pao, L50|100\/100\n|switch|p2a: Knotweed|Rillaboom, L50, M|100\/100\n|-ability|p2b: Weavile 2.0|Sword of Ruin\n|-fieldstart|move: Grassy Terrain|[from] ability: Grassy Surge|[of] p2a: Knotweed\n|turn|3\n|\n|t:|1739562792\n|move|p1b: Chi-Yu|Protect|p1b: Chi-Yu\n|-singleturn|p1b: Chi-Yu|Protect\n|move|p1a: Dondozo|Protect|p1a: Dondozo\n|-singleturn|p1a: Dondozo|Protect\n|move|p2a: Knotweed|Fake Out|p1b: Chi-Yu\n|-activate|p1b: Chi-Yu|move: Protect\n|move|p2b: Weavile 2.0|Haze|p2b: Weavile 2.0\n|-clearallboost\n|\n|-heal|p1b: Chi-Yu|10\/100|[from] Grassy Terrain\n|upkeep\n|turn|4\n|\n|t:|1739562817\n|move|p2b: Weavile 2.0|Crunch|p1b: Chi-Yu\n|-resisted|p1b: Chi-Yu\n|-damage|p1b: Chi-Yu|0 fnt\n|faint|p1b: Chi-Yu\n|move|p2a: Knotweed|Wood Hammer|p1a: Dondozo\n|-supereffective|p1a: Dondozo\n|-damage|p1a: Dondozo|0 fnt\n|faint|p1a: Dondozo\n|-damage|p2a: Knotweed|63\/100|[from] Recoil\n|-damage|p2a: Knotweed|53\/100|[from] item: Life Orb\n|\n|-heal|p2a: Knotweed|59\/100|[from] Grassy Terrain\n|-sideend|p2: Mildly Displeased|move: Tailwind\n|upkeep\n|\n|t:|1739562821\n|switch|p1b: Tatsugiri|Tatsugiri, L50, M|100\/100\n|switch|p1a: Miraidon|Miraidon, L50|100\/100\n|-fieldstart|move: Electric Terrain|[from] ability: Hadron Engine|[of] p1a: Miraidon\n|turn|5\n|\n|t:|1739562833\n|-terastallize|p1a: Miraidon|Fairy\n|move|p1b: Tatsugiri|Icy Wind|p2a: Knotweed|[spread] p2a,p2b\n|-supereffective|p2a: Knotweed\n|-resisted|p2b: Weavile 2.0\n|-damage|p2a: Knotweed|29\/100\n|-damage|p2b: Weavile 2.0|91\/100\n|-unboost|p2a: Knotweed|spe|1\n|-unboost|p2b: Weavile 2.0|spe|1\n|move|p1a: Miraidon|Dazzling Gleam|p2b: Weavile 2.0|[spread] p2a,p2b\n|-supereffective|p2b: Weavile 2.0\n|-damage|p2a: Knotweed|0 fnt\n|-damage|p2b: Weavile 2.0|0 fnt\n|faint|p2a: Knotweed\n|faint|p2b: Weavile 2.0\n|\n|win|Ducktile\n|raw|Ducktile's rating: 1620 &rarr; <strong>1639<\/strong><br \/>(+19 for winning)\n|raw|Mildly Displeased's rating: 1596 &rarr; <strong>1577<\/strong><br \/>(-19 for losing)\n|l|\u2606Mildly Displeased\n|player|p2|\n|l|\u2606Ducktile\n|player|p1|\n","uploadtime":1739563075,"views":9,"formatid":"gen9vgc2025regg","rating":1577,"private":0,"password":null}