{"id":"gen9vgc2025regg-2300005168","format":"[Gen 9] VGC 2025 Reg G","players":["megraxVGC","Yoshi Mafia"],"log":"|j|\u2606megraxVGC\n|j|\u2606Yoshi Mafia\n|t:|1739454791\n|gametype|doubles\n|player|p1|megraxVGC|steven|1549\n|player|p2|Yoshi Mafia|101|1572\n|teamsize|p1|6\n|teamsize|p2|6\n|gen|9\n|tier|[Gen 9] VGC 2025 Reg G\n|rated|\n|rule|Species Clause: Limit one of each Pok\u00e9mon\n|rule|Item Clause: Limit 1 of each item\n|clearpoke\n|poke|p1|Calyrex-Shadow, L50|\n|poke|p1|Urshifu-*, L50, F|\n|poke|p1|Tornadus, L50, M|\n|poke|p1|Iron Hands, L50|\n|poke|p1|Farigiraf, L50, M|\n|poke|p1|Landorus, L50, M|\n|poke|p2|Calyrex-Shadow, L50|\n|poke|p2|Whimsicott, L50, M|\n|poke|p2|Ogerpon-Hearthflame, L50, F|\n|poke|p2|Urshifu-*, L50, F|\n|poke|p2|Indeedee, L50, M|\n|poke|p2|Raging Bolt, L50|\n|teampreview|4\n|inactive|Battle timer is ON: inactive players will automatically lose when time's up. (requested by megraxVGC)\n|inactive|megraxVGC has 60 seconds left.\n|inactive|megraxVGC has 30 seconds left.\n|inactive|megraxVGC has 20 seconds left.\n|inactive|megraxVGC has 15 seconds left.\n|inactive|megraxVGC has 10 seconds left.\n|inactive|megraxVGC has 5 seconds left.\n|\n|t:|1739454879\n|start\n|switch|p1a: Farigiraf|Farigiraf, L50, M|100\/100\n|switch|p1b: Urshifu|Urshifu-Rapid-Strike, L50, F|100\/100\n|switch|p2a: Whimsicott|Whimsicott, L50, M|100\/100\n|switch|p2b: Calyrex|Calyrex-Shadow, L50|100\/100\n|-ability|p2b: Calyrex|As One\n|-ability|p2b: Calyrex|Unnerve\n|turn|1\n|\n|t:|1739454895\n|move|p1b: Urshifu|Detect|p1b: Urshifu\n|-singleturn|p1b: Urshifu|Protect\n|move|p2b: Calyrex|Will-O-Wisp|p1b: Urshifu\n|-activate|p1b: Urshifu|move: Protect\n|move|p2a: Whimsicott|Moonblast|p1a: Farigiraf\n|-damage|p1a: Farigiraf|75\/100\n|move|p1a: Farigiraf|Trick Room|p1a: Farigiraf\n|-fieldstart|move: Trick Room|[of] p1a: Farigiraf\n|\n|-heal|p1a: Farigiraf|81\/100|[from] item: Leftovers\n|upkeep\n|turn|2\n|\n|t:|1739454910\n|switch|p2b: Urshifu|Urshifu-Rapid-Strike, L50, F|100\/100\n|-terastallize|p1b: Urshifu|Water\n|move|p1a: Farigiraf|Helping Hand|p1b: Urshifu\n|-singleturn|p1b: Urshifu|Helping Hand|[of] p1a: Farigiraf\n|move|p1b: Urshifu|Surging Strikes|p2b: Urshifu\n|-resisted|p2b: Urshifu\n|-crit|p2b: Urshifu\n|-damage|p2b: Urshifu|77\/100\n|-resisted|p2b: Urshifu\n|-crit|p2b: Urshifu\n|-damage|p2b: Urshifu|54\/100\n|-resisted|p2b: Urshifu\n|-crit|p2b: Urshifu\n|-damage|p2b: Urshifu|31\/100\n|-hitcount|p2b: Urshifu|3\n|move|p2a: Whimsicott|Moonblast|p1a: Farigiraf\n|-damage|p1a: Farigiraf|58\/100\n|-unboost|p1a: Farigiraf|spa|1\n|\n|-heal|p1a: Farigiraf|64\/100|[from] item: Leftovers\n|upkeep\n|turn|3\n|inactive|megraxVGC has 30 seconds left.\n|\n|t:|1739454940\n|-terastallize|p2b: Urshifu|Water\n|move|p1a: Farigiraf|Psychic Noise|p2b: Urshifu\n|-damage|p2b: Urshifu|5\/100\n|-start|p2b: Urshifu|move: Heal Block\n|move|p1b: Urshifu|Surging Strikes|p2a: Whimsicott\n|-resisted|p2a: Whimsicott\n|-crit|p2a: Whimsicott\n|-damage|p2a: Whimsicott|81\/100\n|-resisted|p2a: Whimsicott\n|-crit|p2a: Whimsicott\n|-damage|p2a: Whimsicott|61\/100\n|-resisted|p2a: Whimsicott\n|-crit|p2a: Whimsicott\n|-damage|p2a: Whimsicott|39\/100\n|-hitcount|p2a: Whimsicott|3\n|move|p2a: Whimsicott|Moonblast|p1a: Farigiraf\n|-damage|p1a: Farigiraf|42\/100\n|move|p2b: Urshifu|Surging Strikes|p1a: Farigiraf\n|-crit|p1a: Farigiraf\n|-damage|p1a: Farigiraf|20\/100\n|-crit|p1a: Farigiraf\n|-damage|p1a: Farigiraf|0 fnt\n|faint|p1a: Farigiraf\n|-hitcount|p1: Farigiraf|2\n|\n|upkeep\n|\n|t:|1739454960\n|switch|p1a: Tornadus|Tornadus, L50, M|100\/100\n|turn|4\n|\n|t:|1739454972\n|switch|p2b: Calyrex|Calyrex-Shadow, L50|100\/100\n|-ability|p2b: Calyrex|As One\n|-ability|p2b: Calyrex|Unnerve\n|move|p2a: Whimsicott|Tailwind|p2a: Whimsicott\n|-sidestart|p2: Yoshi Mafia|move: Tailwind\n|move|p1b: Urshifu|Surging Strikes|p2b: Calyrex\n|-crit|p2b: Calyrex\n|-damage|p2b: Calyrex|56\/100\n|-crit|p2b: Calyrex\n|-damage|p2b: Calyrex|16\/100\n|-crit|p2b: Calyrex\n|-damage|p2b: Calyrex|0 fnt\n|faint|p2b: Calyrex\n|-hitcount|p2: Calyrex|3\n|move|p1a: Tornadus|Bleakwind Storm|p2a: Whimsicott\n|-supereffective|p2a: Whimsicott\n|-damage|p2a: Whimsicott|0 fnt\n|faint|p2a: Whimsicott\n|\n|upkeep\n|\n|t:|1739454975\n|switch|p2a: Ogerpon|Ogerpon-Hearthflame, L50, F|100\/100\n|switch|p2b: Urshifu|Urshifu-Rapid-Strike, L50, F, tera:Water|5\/100\n|-ability|p2a: Ogerpon|Mold Breaker\n|turn|5\n|-message|Yoshi Mafia forfeited.\n|\n|win|megraxVGC\n|raw|megraxVGC's rating: 1549 &rarr; <strong>1570<\/strong><br \/>(+21 for winning)\n|raw|Yoshi Mafia's rating: 1572 &rarr; <strong>1551<\/strong><br \/>(-21 for losing)\n|l|\u2606Yoshi Mafia\n|player|p2|\n|l|\u2606megraxVGC\n|player|p1|\n","uploadtime":1739455197,"views":4,"formatid":"gen9vgc2025regg","rating":1551,"private":0,"password":null}