{"id":"gen9vgc2025regg-2300393086","format":"[Gen 9] VGC 2025 Reg G","players":["Kwiper","Luca8"],"log":"|j|\u2606Kwiper\n|j|\u2606Luca8\n|t:|1739496291\n|gametype|doubles\n|player|p1|Kwiper|sycamore|1510\n|player|p2|Luca8|flint|1582\n|teamsize|p1|6\n|teamsize|p2|6\n|gen|9\n|tier|[Gen 9] VGC 2025 Reg G\n|rated|\n|rule|Species Clause: Limit one of each Pok\u00e9mon\n|rule|Item Clause: Limit 1 of each item\n|clearpoke\n|poke|p1|Koraidon, L50|\n|poke|p1|Flutter Mane, L50|\n|poke|p1|Raging Bolt, L50|\n|poke|p1|Tornadus, L50, M|\n|poke|p1|Chi-Yu, L50|\n|poke|p1|Bastiodon, L50, M|\n|poke|p2|Calyrex-Shadow, L50|\n|poke|p2|Indeedee, L50, M|\n|poke|p2|Dragonite, L50, F|\n|poke|p2|Raikou, L50|\n|poke|p2|Chi-Yu, L50|\n|poke|p2|Sylveon, L50, M|\n|teampreview|4\n|inactive|Battle timer is ON: inactive players will automatically lose when time's up. (requested by Kwiper)\n|inactive|Luca8 has 60 seconds left.\n|\n|t:|1739496333\n|start\n|switch|p1a: Tornadus|Tornadus, L50, M|100\/100\n|switch|p1b: Flutter Mane|Flutter Mane, L50|100\/100\n|switch|p2a: Dragonite|Dragonite, L50, F|100\/100\n|switch|p2b: Sylveon|Sylveon, L50, M|100\/100\n|turn|1\n|\n|t:|1739496355\n|-terastallize|p2a: Dragonite|Steel\n|move|p1a: Tornadus|Tailwind|p1a: Tornadus\n|-sidestart|p1: Kwiper|move: Tailwind\n|move|p1b: Flutter Mane|Moonblast|p2b: Sylveon\n|-damage|p2b: Sylveon|68\/100\n|-unboost|p2b: Sylveon|spa|1\n|move|p2a: Dragonite|Tailwind|p2a: Dragonite\n|-sidestart|p2: Luca8|move: Tailwind\n|move|p2b: Sylveon|Hyper Voice|p1b: Flutter Mane|[spread] p1a,p1b\n|-damage|p1a: Tornadus|55\/100\n|-damage|p1b: Flutter Mane|68\/100\n|-damage|p2b: Sylveon|58\/100|[from] item: Life Orb\n|\n|upkeep\n|turn|2\n|\n|t:|1739496375\n|switch|p2b: Calyrex|Calyrex-Shadow, L50|100\/100\n|-ability|p2b: Calyrex|As One\n|-ability|p2b: Calyrex|Unnerve\n|move|p1b: Flutter Mane|Thunder Wave|p2a: Dragonite\n|-status|p2a: Dragonite|par\n|move|p1a: Tornadus|Bleakwind Storm|p2b: Calyrex|[spread] p2a,p2b\n|-resisted|p2a: Dragonite\n|-damage|p2a: Dragonite|92\/100 par\n|-damage|p2b: Calyrex|59\/100\n|move|p2a: Dragonite|Rock Slide|p1b: Flutter Mane|[spread] p1a\n|-miss|p2a: Dragonite|p1b: Flutter Mane\n|-supereffective|p1a: Tornadus\n|-damage|p1a: Tornadus|0 fnt\n|faint|p1a: Tornadus\n|\n|upkeep\n|\n|t:|1739496383\n|switch|p1a: Koraidon|Koraidon, L50|100\/100\n|-weather|SunnyDay|[from] ability: Orichalcum Pulse|[of] p1a: Koraidon\n|-activate|p1b: Flutter Mane|ability: Protosynthesis\n|-start|p1b: Flutter Mane|protosynthesisspe\n|-activate|p1a: Koraidon|Orichalcum Pulse|[source]\n|turn|3\n|\n|t:|1739496403\n|move|p2a: Dragonite|Extreme Speed|p1a: Koraidon\n|-damage|p1a: Koraidon|74\/100\n|move|p1b: Flutter Mane|Icy Wind|p2b: Calyrex|[spread] p2a,p2b\n|-resisted|p2a: Dragonite\n|-damage|p2a: Dragonite|85\/100 par\n|-damage|p2b: Calyrex|46\/100\n|-unboost|p2a: Dragonite|spe|1\n|-unboost|p2b: Calyrex|spe|1\n|move|p1a: Koraidon|Flare Blitz|p2b: Calyrex\n|-damage|p2b: Calyrex|0 fnt\n|faint|p2b: Calyrex\n|-damage|p1a: Koraidon|60\/100|[from] Recoil\n|\n|-weather|SunnyDay|[upkeep]\n|upkeep\n|\n|t:|1739496421\n|switch|p2b: Chi-Yu|Chi-Yu, L50|100\/100\n|-ability|p2b: Chi-Yu|Beads of Ruin\n|turn|4\n|\n|t:|1739496436\n|-end|p1b: Flutter Mane|Protosynthesis|[silent]\n|switch|p1b: Chi-Yu|Chi-Yu, L50|100\/100\n|-ability|p1b: Chi-Yu|Beads of Ruin\n|move|p2b: Chi-Yu|Heat Wave|p1b: Chi-Yu|[spread] p1a,p1b\n|-resisted|p1a: Koraidon\n|-resisted|p1b: Chi-Yu\n|-damage|p1a: Koraidon|19\/100\n|-damage|p1b: Chi-Yu|62\/100\n|move|p1a: Koraidon|Collision Course|p2b: Chi-Yu\n|-supereffective|p2b: Chi-Yu\n|-damage|p2b: Chi-Yu|0 fnt\n|faint|p2b: Chi-Yu\n|cant|p2a: Dragonite|par\n|\n|-weather|SunnyDay|[upkeep]\n|-sideend|p2: Luca8|move: Tailwind\n|-sideend|p1: Kwiper|move: Tailwind\n|upkeep\n|\n|t:|1739496453\n|switch|p2b: Sylveon|Sylveon, L50, M|58\/100\n|turn|5\n|\n|t:|1739496461\n|switch|p1a: Flutter Mane|Flutter Mane, L50|68\/100\n|-activate|p1a: Flutter Mane|ability: Protosynthesis\n|-start|p1a: Flutter Mane|protosynthesisspe\n|-terastallize|p1b: Chi-Yu|Ghost\n|move|p2a: Dragonite|Extreme Speed|p1a: Flutter Mane\n|-immune|p1a: Flutter Mane\n|move|p1b: Chi-Yu|Heat Wave|p2a: Dragonite|[spread] p2a,p2b\n|-supereffective|p2a: Dragonite\n|-damage|p2a: Dragonite|0 fnt\n|-damage|p2b: Sylveon|0 fnt\n|faint|p2a: Dragonite\n|faint|p2b: Sylveon\n|\n|win|Kwiper\n|raw|Kwiper's rating: 1510 &rarr; <strong>1534<\/strong><br \/>(+24 for winning)\n|raw|Luca8's rating: 1582 &rarr; <strong>1558<\/strong><br \/>(-24 for losing)\n|l|\u2606Kwiper\n|player|p1|\n|l|\u2606Luca8\n|player|p2|\n","uploadtime":1739496644,"views":5,"formatid":"gen9vgc2025regg","rating":1534,"private":0,"password":null}