{"id":"gen9vgc2025regg-2300067611","format":"[Gen 9] VGC 2025 Reg G","players":["jkm912","nerd159"],"log":"|j|\u2606jkm912\n|j|\u2606nerd159\n|t:|1739461659\n|gametype|doubles\n|player|p1|jkm912|erika|1570\n|player|p2|nerd159|2|1503\n|teamsize|p1|6\n|teamsize|p2|6\n|gen|9\n|tier|[Gen 9] VGC 2025 Reg G\n|rated|\n|rule|Species Clause: Limit one of each Pok\u00e9mon\n|rule|Item Clause: Limit 1 of each item\n|clearpoke\n|poke|p1|Calyrex-Shadow, L50|\n|poke|p1|Urshifu-*, L50, F|\n|poke|p1|Amoonguss, L50, M|\n|poke|p1|Pelipper, L50, F|\n|poke|p1|Incineroar, L50, F|\n|poke|p1|Rillaboom, L50, M|\n|poke|p2|Eternatus, L50|\n|poke|p2|Chien-Pao, L50|\n|poke|p2|Tinkaton, L50, F|\n|poke|p2|Kingambit, L50, F|\n|poke|p2|Farigiraf, L50, M|\n|poke|p2|Urshifu-*, L50, M|\n|teampreview|4\n|inactive|Battle timer is ON: inactive players will automatically lose when time's up. (requested by jkm912)\n|j| xiaoliyun.official\n|inactive|jkm912 has 60 seconds left.\n|inactive|nerd159 has 60 seconds left.\n|\n|t:|1739461699\n|start\n|switch|p1a: Calyrex|Calyrex-Shadow, L50|100\/100\n|switch|p1b: Urshifu|Urshifu-Rapid-Strike, L50, F|100\/100\n|switch|p2a: Kingambit|Kingambit, L50, F, shiny|100\/100\n|switch|p2b: Eternatus|Eternatus, L50|100\/100\n|-ability|p1a: Calyrex|As One\n|-ability|p1a: Calyrex|Unnerve\n|-ability|p2b: Eternatus|Pressure\n|turn|1\n|\n|t:|1739461719\n|-terastallize|p2a: Kingambit|Water\n|move|p1a: Calyrex|Protect|p1a: Calyrex\n|-singleturn|p1a: Calyrex|Protect\n|move|p2b: Eternatus|Sludge Bomb|p1b: Urshifu\n|-enditem|p1b: Urshifu|Focus Sash\n|-damage|p1b: Urshifu|1\/100\n|move|p1b: Urshifu|Close Combat|p2a: Kingambit\n|-damage|p2a: Kingambit|56\/100\n|-unboost|p1b: Urshifu|def|1\n|-unboost|p1b: Urshifu|spd|1\n|move|p2a: Kingambit|Iron Head|p1a: Calyrex\n|-activate|p1a: Calyrex|move: Protect\n|\n|upkeep\n|turn|2\n|inactive|jkm912 has 30 seconds left.\n|inactive|jkm912 has 20 seconds left.\n|inactive|jkm912 has 15 seconds left.\n|j| vgcvillains\n|\n|t:|1739461761\n|-terastallize|p1a: Calyrex|Grass\n|move|p1b: Urshifu|Detect|p1b: Urshifu\n|-singleturn|p1b: Urshifu|Protect\n|move|p2a: Kingambit|Sucker Punch|p1a: Calyrex\n|-damage|p1a: Calyrex|52\/100\n|move|p1a: Calyrex|Expanding Force|p2b: Eternatus\n|-supereffective|p2b: Eternatus\n|-damage|p2b: Eternatus|9\/100\n|move|p2b: Eternatus|Sludge Bomb|p1a: Calyrex\n|-supereffective|p1a: Calyrex\n|-damage|p1a: Calyrex|0 fnt\n|faint|p1a: Calyrex\n|\n|upkeep\n|\n|t:|1739461777\n|switch|p1a: Amoonguss|Amoonguss, L50, M|100\/100\n|turn|3\n|\n|t:|1739461797\n|move|p1a: Amoonguss|Rage Powder|p1a: Amoonguss\n|-singleturn|p1a: Amoonguss|move: Rage Powder\n|move|p1b: Urshifu|Aqua Jet|p2b: Eternatus\n|-resisted|p2b: Eternatus\n|-damage|p2b: Eternatus|0 fnt\n|faint|p2b: Eternatus\n|move|p2a: Kingambit|Kowtow Cleave|p1a: Amoonguss\n|-damage|p1a: Amoonguss|65\/100\n|-damage|p2a: Kingambit|39\/100|[from] item: Rocky Helmet|[of] p1a: Amoonguss\n|\n|upkeep\n|\n|t:|1739461805\n|switch|p2b: Farigiraf|Farigiraf, L50, M|100\/100\n|turn|4\n|inactive|jkm912 has 30 seconds left.\n|\n|t:|1739461834\n|move|p1a: Amoonguss|Rage Powder|p1a: Amoonguss\n|-singleturn|p1a: Amoonguss|move: Rage Powder\n|move|p2a: Kingambit|Sucker Punch|p1b: Urshifu\n|-resisted|p1b: Urshifu\n|-damage|p1b: Urshifu|0 fnt\n|faint|p1b: Urshifu\n|move|p2b: Farigiraf|Hyper Voice|p1a: Amoonguss\n|-damage|p1a: Amoonguss|22\/100\n|-enditem|p2b: Farigiraf|Throat Spray\n|-boost|p2b: Farigiraf|spa|1|[from] item: Throat Spray\n|\n|upkeep\n|\n|t:|1739461844\n|switch|p1b: Pelipper|Pelipper, L50, F|100\/100\n|-weather|RainDance|[from] ability: Drizzle|[of] p1b: Pelipper\n|turn|5\n|\n|t:|1739461859\n|move|p1b: Pelipper|Hurricane|p2b: Farigiraf\n|-damage|p2b: Farigiraf|51\/100\n|-start|p2b: Farigiraf|confusion\n|-activate|p2b: Farigiraf|confusion\n|-damage|p2b: Farigiraf|44\/100|[from] confusion\n|move|p1a: Amoonguss|Spore|p2a: Kingambit\n|-activate|p2a: Kingambit|item: Safety Goggles|Spore\n|move|p2a: Kingambit|Kowtow Cleave|p1b: Pelipper\n|-damage|p1b: Pelipper|32\/100\n|\n|-weather|RainDance|[upkeep]\n|upkeep\n|turn|6\n|inactive|jkm912 has 30 seconds left.\n|\n|t:|1739461891\n|move|p2a: Kingambit|Sucker Punch|p1b: Pelipper\n|-damage|p1b: Pelipper|0 fnt\n|faint|p1b: Pelipper\n|-activate|p2b: Farigiraf|confusion\n|-damage|p2b: Farigiraf|37\/100|[from] confusion\n|move|p1a: Amoonguss|Pollen Puff|p1: Pelipper|[notarget]\n|-fail|p1a: Amoonguss\n|\n|-weather|RainDance|[upkeep]\n|upkeep\n|turn|7\n|l| vgcvillains\n|\n|t:|1739461899\n|-end|p2b: Farigiraf|confusion\n|move|p2b: Farigiraf|Psychic|p1a: Amoonguss\n|-supereffective|p1a: Amoonguss\n|-damage|p1a: Amoonguss|0 fnt\n|faint|p1a: Amoonguss\n|\n|win|nerd159\n|raw|jkm912's rating: 1570 &rarr; <strong>1546<\/strong><br \/>(-24 for losing)\n|raw|nerd159's rating: 1503 &rarr; <strong>1527<\/strong><br \/>(+24 for winning)\n|l| xiaoliyun.official\n|l|\u2606nerd159\n|player|p2|\n|l|\u2606jkm912\n|player|p1|\n","uploadtime":1739462109,"views":10,"formatid":"gen9vgc2025regg","rating":1527,"private":0,"password":null}