{"id":"gen9vgc2025regg-2300532467","format":"[Gen 9] VGC 2025 Reg G","players":["Fehuo","sibylla_system"],"log":"|j|\u2606Fehuo\n|j|\u2606sibylla_system\n|t:|1739518894\n|gametype|doubles\n|player|p1|Fehuo|cynthia-gen4|1641\n|player|p2|sibylla_system|170|1547\n|teamsize|p1|6\n|teamsize|p2|6\n|gen|9\n|tier|[Gen 9] VGC 2025 Reg G\n|rated|\n|rule|Species Clause: Limit one of each Pok\u00e9mon\n|rule|Item Clause: Limit 1 of each item\n|clearpoke\n|poke|p1|Calyrex-Ice, L50|\n|poke|p1|Raging Bolt, L50|\n|poke|p1|Urshifu-*, L50, F|\n|poke|p1|Ogerpon-Hearthflame, L50, F|\n|poke|p1|Rillaboom, L50, F|\n|poke|p1|Indeedee-F, L50, F|\n|poke|p2|Calyrex-Ice, L50|\n|poke|p2|Raging Bolt, L50|\n|poke|p2|Landorus, L50, M|\n|poke|p2|Urshifu-*, L50, F|\n|poke|p2|Incineroar, L50, F|\n|poke|p2|Amoonguss, L50, F|\n|teampreview|4\n|inactive|Battle timer is ON: inactive players will automatically lose when time's up. (requested by Fehuo)\n|inactive|sibylla_system has 60 seconds left.\n|inactive|sibylla_system has 30 seconds left.\n|\n|t:|1739518956\n|start\n|switch|p1a: Raging Bolt|Raging Bolt, L50|100\/100\n|switch|p1b: Urshifu|Urshifu-Rapid-Strike, L50, F|100\/100\n|switch|p2a: Calyrex|Calyrex-Ice, L50|100\/100\n|switch|p2b: Incineroar|Incineroar, L50, F|100\/100\n|-ability|p2a: Calyrex|As One\n|-ability|p2a: Calyrex|Unnerve\n|-ability|p2b: Incineroar|Intimidate|boost\n|-unboost|p1a: Raging Bolt|atk|1\n|-unboost|p1b: Urshifu|atk|1\n|-enditem|p1a: Raging Bolt|Booster Energy\n|-activate|p1a: Raging Bolt|ability: Protosynthesis|[fromitem]\n|-start|p1a: Raging Bolt|protosynthesisspa\n|turn|1\n|\n|t:|1739518974\n|move|p1b: Urshifu|Detect|p1b: Urshifu\n|-singleturn|p1b: Urshifu|Protect\n|move|p1a: Raging Bolt|Protect|p1a: Raging Bolt\n|-singleturn|p1a: Raging Bolt|Protect\n|move|p2b: Incineroar|Fake Out|p1a: Raging Bolt\n|-activate|p1a: Raging Bolt|move: Protect\n|move|p2a: Calyrex|Glacial Lance|p1a: Raging Bolt|[spread] \n|-activate|p1a: Raging Bolt|move: Protect\n|-activate|p1b: Urshifu|move: Protect\n|\n|upkeep\n|turn|2\n|\n|t:|1739518992\n|move|p1b: Urshifu|Surging Strikes|p2b: Incineroar\n|-supereffective|p2b: Incineroar\n|-crit|p2b: Incineroar\n|-damage|p2b: Incineroar|70\/100\n|-damage|p1b: Urshifu|84\/100|[from] item: Rocky Helmet|[of] p2b: Incineroar\n|-supereffective|p2b: Incineroar\n|-crit|p2b: Incineroar\n|-damage|p2b: Incineroar|39\/100\n|-damage|p1b: Urshifu|68\/100|[from] item: Rocky Helmet|[of] p2b: Incineroar\n|-supereffective|p2b: Incineroar\n|-crit|p2b: Incineroar\n|-damage|p2b: Incineroar|8\/100\n|-damage|p1b: Urshifu|51\/100|[from] item: Rocky Helmet|[of] p2b: Incineroar\n|-hitcount|p2b: Incineroar|3\n|move|p1a: Raging Bolt|Draco Meteor|p2a: Calyrex\n|-damage|p2a: Calyrex|33\/100\n|-unboost|p1a: Raging Bolt|spa|2\n|move|p2a: Calyrex|Glacial Lance|p1a: Raging Bolt|[spread] p1a,p1b\n|-supereffective|p1a: Raging Bolt\n|-resisted|p1b: Urshifu\n|-damage|p1a: Raging Bolt|9\/100\n|-damage|p1b: Urshifu|24\/100\n|move|p2b: Incineroar|Will-O-Wisp|p1b: Urshifu\n|-status|p1b: Urshifu|brn\n|\n|-damage|p1b: Urshifu|18\/100 brn|[from] brn\n|upkeep\n|turn|3\n|inactive|Fehuo has 30 seconds left.\n|inactive|sibylla_system has 30 seconds left.\n|\n|t:|1739519024\n|move|p2a: Calyrex|Protect|p2a: Calyrex\n|-singleturn|p2a: Calyrex|Protect\n|move|p1b: Urshifu|Surging Strikes|p2a: Calyrex\n|-crit|p2a: Calyrex\n|-damage|p2a: Calyrex|28\/100\n|-crit|p2a: Calyrex\n|-damage|p2a: Calyrex|21\/100\n|-crit|p2a: Calyrex\n|-damage|p2a: Calyrex|15\/100\n|-hitcount|p2a: Calyrex|3\n|move|p1a: Raging Bolt|Electroweb|p2b: Incineroar|[spread] p2b\n|-activate|p2a: Calyrex|move: Protect\n|-damage|p2b: Incineroar|0 fnt\n|faint|p2b: Incineroar\n|\n|-damage|p1b: Urshifu|11\/100 brn|[from] brn\n|upkeep\n|\n|t:|1739519043\n|switch|p2b: Amoonguss|Amoonguss, L50, F|100\/100\n|turn|4\n|\n|t:|1739519059\n|switch|p2a: Urshifu|Urshifu-Rapid-Strike, L50, F|100\/100\n|move|p1b: Urshifu|Surging Strikes|p2b: Amoonguss\n|-resisted|p2b: Amoonguss\n|-crit|p2b: Amoonguss\n|-damage|p2b: Amoonguss|96\/100\n|-resisted|p2b: Amoonguss\n|-crit|p2b: Amoonguss\n|-damage|p2b: Amoonguss|90\/100\n|-resisted|p2b: Amoonguss\n|-crit|p2b: Amoonguss\n|-damage|p2b: Amoonguss|85\/100\n|-hitcount|p2b: Amoonguss|3\n|move|p1a: Raging Bolt|Electroweb|p2b: Amoonguss|[spread] p2b\n|-miss|p1a: Raging Bolt|p2a: Urshifu\n|-resisted|p2b: Amoonguss\n|-damage|p2b: Amoonguss|80\/100\n|-unboost|p2b: Amoonguss|spe|1\n|move|p2b: Amoonguss|Spore|p1a: Raging Bolt\n|-status|p1a: Raging Bolt|slp|[from] move: Spore\n|\n|-damage|p1b: Urshifu|5\/100 brn|[from] brn\n|upkeep\n|turn|5\n|\n|t:|1739519083\n|switch|p2a: Calyrex|Calyrex-Ice, L50|15\/100\n|-ability|p2a: Calyrex|As One\n|-ability|p2a: Calyrex|Unnerve\n|move|p1b: Urshifu|Close Combat|p2a: Calyrex\n|-damage|p2a: Calyrex|2\/100\n|-unboost|p1b: Urshifu|def|1\n|-unboost|p1b: Urshifu|spd|1\n|cant|p1a: Raging Bolt|slp\n|move|p2b: Amoonguss|Pollen Puff|p2a: Calyrex\n|-heal|p2a: Calyrex|52\/100\n|\n|-damage|p1b: Urshifu|0 fnt|[from] brn\n|faint|p1b: Urshifu\n|upkeep\n|\n|t:|1739519094\n|switch|p1b: Ogerpon|Ogerpon-Hearthflame, L50, F|100\/100\n|-ability|p1b: Ogerpon|Mold Breaker\n|turn|6\n|\n|t:|1739519117\n|-end|p1a: Raging Bolt|Protosynthesis|[silent]\n|switch|p1a: Calyrex|Calyrex-Ice, L50|100\/100\n|-ability|p1a: Calyrex|As One\n|-ability|p1a: Calyrex|Unnerve\n|-terastallize|p2a: Calyrex|Water\n|move|p1b: Ogerpon|Ivy Cudgel|p2b: Amoonguss|[anim] Ivy Cudgel Fire\n|-supereffective|p2b: Amoonguss\n|-damage|p2b: Amoonguss|0 fnt\n|faint|p2b: Amoonguss\n|move|p2a: Calyrex|Trick Room|p2a: Calyrex\n|-fieldstart|move: Trick Room|[of] p2a: Calyrex\n|\n|upkeep\n|\n|t:|1739519129\n|switch|p2b: Urshifu|Urshifu-Rapid-Strike, L50, F|100\/100\n|turn|7\n|\n|t:|1739519141\n|move|p1a: Calyrex|High Horsepower|p2a: Calyrex\n|-damage|p2a: Calyrex|27\/100\n|move|p2a: Calyrex|Glacial Lance|p1b: Ogerpon|[spread] p1a,p1b\n|-resisted|p1a: Calyrex\n|-damage|p1a: Calyrex|82\/100\n|-damage|p1b: Ogerpon|33\/100\n|move|p2b: Urshifu|Surging Strikes|p1b: Ogerpon\n|-crit|p1b: Ogerpon\n|-damage|p1b: Ogerpon|1\/100\n|-crit|p1b: Ogerpon\n|-damage|p1b: Ogerpon|0 fnt\n|faint|p1b: Ogerpon\n|-hitcount|p1: Ogerpon|2\n|\n|upkeep\n|\n|t:|1739519148\n|switch|p1b: Raging Bolt|Raging Bolt, L50|9\/100 slp\n|turn|8\n|\n|t:|1739519171\n|move|p2a: Calyrex|Protect|p2a: Calyrex\n|-singleturn|p2a: Calyrex|Protect\n|cant|p1b: Raging Bolt|slp\n|move|p1a: Calyrex|Glacial Lance|p2b: Urshifu|[spread] p2b\n|-activate|p2a: Calyrex|move: Protect\n|-resisted|p2b: Urshifu\n|-damage|p2b: Urshifu|70\/100\n|move|p2b: Urshifu|Surging Strikes|p1b: Raging Bolt\n|-resisted|p1b: Raging Bolt\n|-crit|p1b: Raging Bolt\n|-damage|p1b: Raging Bolt|0 fnt\n|faint|p1b: Raging Bolt\n|-end|p1b: Raging Bolt|Protosynthesis|[silent]\n|-hitcount|p1: Raging Bolt|1\n|\n|upkeep\n|turn|9\n|\n|t:|1739519190\n|-terastallize|p1a: Calyrex|Dark\n|move|p1a: Calyrex|Crunch|p2a: Calyrex\n|-crit|p2a: Calyrex\n|-damage|p2a: Calyrex|0 fnt\n|faint|p2a: Calyrex\n|-ability|p1a: Calyrex|Chilling Neigh|boost\n|-boost|p1a: Calyrex|atk|1\n|move|p2b: Urshifu|Surging Strikes|p1a: Calyrex\n|-crit|p1a: Calyrex\n|-damage|p1a: Calyrex|63\/100\n|-crit|p1a: Calyrex\n|-damage|p1a: Calyrex|45\/100\n|-crit|p1a: Calyrex\n|-damage|p1a: Calyrex|27\/100\n|-hitcount|p1a: Calyrex|3\n|\n|upkeep\n|turn|10\n|\n|t:|1739519204\n|move|p2b: Urshifu|Detect|p2b: Urshifu\n|-singleturn|p2b: Urshifu|Protect\n|move|p1a: Calyrex|High Horsepower|p2b: Urshifu\n|-activate|p2b: Urshifu|move: Protect\n|\n|-fieldend|move: Trick Room\n|upkeep\n|turn|11\n|-message|Fehuo forfeited.\n|\n|win|sibylla_system\n|raw|Fehuo's rating: 1641 &rarr; <strong>1616<\/strong><br \/>(-25 for losing)\n|raw|sibylla_system's rating: 1547 &rarr; <strong>1572<\/strong><br \/>(+25 for winning)\n|l|\u2606Fehuo\n|player|p1|\n|l|\u2606sibylla_system\n|player|p2|\n","uploadtime":1739519439,"views":5,"formatid":"gen9vgc2025regg","rating":1572,"private":0,"password":null}