{"id":"gen9vgc2025regg-2300697138","format":"[Gen 9] VGC 2025 Reg G","players":["asslowladderplayer","calltheauditor"],"log":"|j|\u2606asslowladderplayer\n|j|\u2606calltheauditor\n|t:|1739544549\n|gametype|doubles\n|player|p1|asslowladderplayer|biker|1607\n|player|p2|calltheauditor|101|1511\n|teamsize|p1|6\n|teamsize|p2|6\n|gen|9\n|tier|[Gen 9] VGC 2025 Reg G\n|rated|\n|rule|Species Clause: Limit one of each Pok\u00e9mon\n|rule|Item Clause: Limit 1 of each item\n|clearpoke\n|poke|p1|Miraidon, L50|\n|poke|p1|Ogerpon-Hearthflame, L50, F|\n|poke|p1|Iron Hands, L50|\n|poke|p1|Urshifu-*, L50, M|\n|poke|p1|Roaring Moon, L50|\n|poke|p1|Landorus, L50, M|\n|poke|p2|Lunala, L50|\n|poke|p2|Amoonguss, L50, F|\n|poke|p2|Incineroar, L50, F|\n|poke|p2|Ogerpon-Hearthflame, L50, F|\n|poke|p2|Ursaluna, L50, F|\n|poke|p2|Iron Hands, L50|\n|teampreview|4\n|\n|t:|1739544571\n|start\n|switch|p1a: Urshifu|Urshifu-Rapid-Strike, L50, M|100\/100\n|switch|p1b: Ogerpon|Ogerpon-Hearthflame, L50, F|100\/100\n|switch|p2a: Lunala|Lunala, L50|100\/100\n|switch|p2b: Ogerpon|Ogerpon-Hearthflame, L50, F|100\/100\n|-ability|p1b: Ogerpon|Mold Breaker\n|-ability|p2b: Ogerpon|Mold Breaker\n|turn|1\n|\n|t:|1739544614\n|-terastallize|p1b: Ogerpon|Fire\n|detailschange|p1b: Ogerpon|Ogerpon-Hearthflame-Tera, L50, F, tera:Fire\n|-ability|p1b: Ogerpon|Embody Aspect (Hearthflame)|boost\n|-boost|p1b: Ogerpon|atk|1\n|move|p2b: Ogerpon|Follow Me|p2b: Ogerpon\n|-singleturn|p2b: Ogerpon|move: Follow Me\n|move|p1b: Ogerpon|Ivy Cudgel|p2b: Ogerpon|[anim] Ivy Cudgel Fire\n|-damage|p2b: Ogerpon|10\/100\n|move|p1a: Urshifu|Surging Strikes|p2b: Ogerpon\n|-crit|p2b: Ogerpon\n|-damage|p2b: Ogerpon|0 fnt\n|faint|p2b: Ogerpon\n|-hitcount|p2: Ogerpon|1\n|move|p2a: Lunala|Trick Room|p2a: Lunala\n|-fieldstart|move: Trick Room|[of] p2a: Lunala\n|\n|upkeep\n|\n|t:|1739544624\n|switch|p2b: Iron Hands|Iron Hands, L50|100\/100\n|turn|2\n|\n|t:|1739544635\n|move|p1a: Urshifu|Detect|p1a: Urshifu\n|-singleturn|p1a: Urshifu|Protect\n|move|p1b: Ogerpon|Spiky Shield|p1b: Ogerpon\n|-singleturn|p1b: Ogerpon|move: Protect\n|move|p2b: Iron Hands|Wild Charge|p1a: Urshifu\n|-activate|p1a: Urshifu|move: Protect\n|move|p2a: Lunala|Meteor Beam||[still]\n|-prepare|p2a: Lunala|Meteor Beam\n|-boost|p2a: Lunala|spa|1\n|-enditem|p2a: Lunala|Power Herb\n|-anim|p2a: Lunala|Meteor Beam|p1b: Ogerpon\n|-activate|p1b: Ogerpon|move: Protect\n|\n|upkeep\n|turn|3\n|\n|t:|1739544648\n|move|p2b: Iron Hands|Drain Punch|p1b: Ogerpon\n|-damage|p1b: Ogerpon|45\/100\n|move|p2a: Lunala|Moongeist Beam|p1b: Ogerpon\n|-damage|p1b: Ogerpon|0 fnt\n|faint|p1b: Ogerpon\n|move|p1a: Urshifu|Surging Strikes|p2a: Lunala\n|-crit|p2a: Lunala\n|-damage|p2a: Lunala|94\/100\n|-crit|p2a: Lunala\n|-damage|p2a: Lunala|82\/100\n|-crit|p2a: Lunala\n|-damage|p2a: Lunala|68\/100\n|-hitcount|p2a: Lunala|3\n|\n|upkeep\n|\n|t:|1739544664\n|switch|p1b: Iron Hands|Iron Hands, L50|100\/100\n|turn|4\n|\n|t:|1739544673\n|-end|p2b: Iron Hands|Quark Drive|[silent]\n|switch|p2b: Ursaluna|Ursaluna, L50, F|100\/100\n|move|p1b: Iron Hands|Fake Out|p2b: Ursaluna\n|-damage|p2b: Ursaluna|90\/100\n|move|p2a: Lunala|Moongeist Beam|p1b: Iron Hands\n|-damage|p1b: Iron Hands|62\/100\n|move|p1a: Urshifu|Surging Strikes|p2a: Lunala\n|-crit|p2a: Lunala\n|-damage|p2a: Lunala|54\/100\n|-crit|p2a: Lunala\n|-damage|p2a: Lunala|40\/100\n|-crit|p2a: Lunala\n|-damage|p2a: Lunala|28\/100\n|-hitcount|p2a: Lunala|3\n|\n|-status|p2b: Ursaluna|brn|[from] item: Flame Orb\n|upkeep\n|turn|5\n|\n|t:|1739544694\n|move|p2b: Ursaluna|Facade|p1b: Iron Hands\n|-damage|p1b: Iron Hands|0 fnt\n|faint|p1b: Iron Hands\n|-end|p1b: Iron Hands|Quark Drive|[silent]\n|move|p2a: Lunala|Moongeist Beam|p1a: Urshifu\n|-enditem|p1a: Urshifu|Focus Sash\n|-damage|p1a: Urshifu|1\/100\n|move|p1a: Urshifu|Surging Strikes|p2b: Ursaluna\n|-supereffective|p2b: Ursaluna\n|-crit|p2b: Ursaluna\n|-damage|p2b: Ursaluna|59\/100 brn\n|-supereffective|p2b: Ursaluna\n|-crit|p2b: Ursaluna\n|-damage|p2b: Ursaluna|29\/100 brn\n|-supereffective|p2b: Ursaluna\n|-crit|p2b: Ursaluna\n|-damage|p2b: Ursaluna|1\/100 brn\n|-hitcount|p2b: Ursaluna|3\n|\n|-damage|p2b: Ursaluna|0 fnt|[from] brn\n|faint|p2b: Ursaluna\n|-fieldend|move: Trick Room\n|upkeep\n|\n|t:|1739544701\n|switch|p1b: Miraidon|Miraidon, L50|100\/100\n|switch|p2b: Iron Hands|Iron Hands, L50|100\/100\n|-fieldstart|move: Electric Terrain|[from] ability: Hadron Engine|[of] p1b: Miraidon\n|-enditem|p1b: Miraidon|Electric Seed\n|-boost|p1b: Miraidon|def|1|[from] item: Electric Seed\n|-activate|p2b: Iron Hands|ability: Quark Drive\n|-start|p2b: Iron Hands|quarkdriveatk\n|turn|6\n|\n|t:|1739544727\n|-terastallize|p2a: Lunala|Fairy\n|move|p2b: Iron Hands|Fake Out|p1a: Urshifu\n|-damage|p1a: Urshifu|0 fnt\n|faint|p1a: Urshifu\n|move|p1b: Miraidon|Electro Drift|p2a: Lunala\n|-damage|p2a: Lunala|0 fnt\n|faint|p2a: Lunala\n|\n|upkeep\n|turn|7\n|\n|t:|1739544735\n|move|p1b: Miraidon|Electro Drift|p2b: Iron Hands\n|-resisted|p2b: Iron Hands\n|-damage|p2b: Iron Hands|70\/100\n|move|p2b: Iron Hands|Drain Punch|p1b: Miraidon\n|-damage|p1b: Miraidon|61\/100\n|-heal|p2b: Iron Hands|84\/100|[from] drain|[of] p1b: Miraidon\n|\n|upkeep\n|turn|8\n|-message|asslowladderplayer forfeited.\n|\n|win|calltheauditor\n|raw|asslowladderplayer's rating: 1607 &rarr; <strong>1582<\/strong><br \/>(-25 for losing)\n|raw|calltheauditor's rating: 1511 &rarr; <strong>1536<\/strong><br \/>(+25 for winning)\n|l|\u2606asslowladderplayer\n|player|p1|\n|l|\u2606calltheauditor\n|player|p2|\n","uploadtime":1739544895,"views":4,"formatid":"gen9vgc2025regg","rating":1536,"private":0,"password":null}