{"id":"gen9vgc2025regg-2300114544","format":"[Gen 9] VGC 2025 Reg G","players":["Ayae.Hakamada","Meiose"],"log":"|j|\u2606Ayae.Hakamada\n|j|\u2606Meiose\n|t:|1739466287\n|gametype|doubles\n|player|p1|Ayae.Hakamada|skyla|1608\n|player|p2|Meiose|morty|1505\n|teamsize|p1|6\n|teamsize|p2|6\n|gen|9\n|tier|[Gen 9] VGC 2025 Reg G\n|rated|\n|rule|Species Clause: Limit one of each Pok\u00e9mon\n|rule|Item Clause: Limit 1 of each item\n|clearpoke\n|poke|p1|Calyrex-Ice, L50|\n|poke|p1|Raging Bolt, L50|\n|poke|p1|Whimsicott, L50, M|\n|poke|p1|Pelipper, L50, F|\n|poke|p1|Landorus, L50, M|\n|poke|p1|Urshifu-*, L50, F|\n|poke|p2|Zacian-*, L50|\n|poke|p2|Whimsicott, L50, M|\n|poke|p2|Milotic, L50, M|\n|poke|p2|Incineroar, L50, F|\n|poke|p2|Landorus, L50, M|\n|poke|p2|Raging Bolt, L50|\n|teampreview|4\n|inactive|Battle timer is ON: inactive players will automatically lose when time's up. (requested by Ayae.Hakamada)\n|inactive|Ayae.Hakamada has 60 seconds left.\n|inactive|Meiose has 60 seconds left.\n|inactive|Ayae.Hakamada has 30 seconds left.\n|inactive|Ayae.Hakamada has 20 seconds left.\n|inactive|Ayae.Hakamada has 15 seconds left.\n|inactive|Ayae.Hakamada has 10 seconds left.\n|inactive|Ayae.Hakamada has 5 seconds left.\n|\n|t:|1739466373\n|start\n|switch|p1a: Pelipper|Pelipper, L50, F|100\/100\n|switch|p1b: Landorus|Landorus, L50, M|100\/100\n|switch|p2a: Milotic|Milotic, L50, M|100\/100\n|switch|p2b: Incineroar|Incineroar, L50, F, shiny|100\/100\n|-ability|p2b: Incineroar|Intimidate|boost\n|-unboost|p1a: Pelipper|atk|1\n|-unboost|p1b: Landorus|atk|1\n|-weather|RainDance|[from] ability: Drizzle|[of] p1a: Pelipper\n|turn|1\n|\n|t:|1739466398\n|switch|p1b: Calyrex|Calyrex-Ice, L50|100\/100\n|-ability|p1b: Calyrex|As One\n|-ability|p1b: Calyrex|Unnerve\n|move|p2b: Incineroar|Fake Out|p1a: Pelipper\n|-damage|p1a: Pelipper|90\/100\n|move|p2a: Milotic|Coil|p2a: Milotic\n|-boost|p2a: Milotic|atk|1\n|-boost|p2a: Milotic|def|1\n|-boost|p2a: Milotic|accuracy|1\n|cant|p1a: Pelipper|flinch\n|\n|-weather|RainDance|[upkeep]\n|-heal|p1a: Pelipper|96\/100|[from] item: Leftovers\n|upkeep\n|turn|2\n|\n|t:|1739466419\n|switch|p2b: Raging Bolt|Raging Bolt, L50|100\/100\n|move|p2a: Milotic|Hypnosis|p1b: Calyrex\n|-status|p1b: Calyrex|slp|[from] move: Hypnosis\n|cant|p1b: Calyrex|slp\n|move|p1a: Pelipper|Weather Ball|p2b: Raging Bolt\n|-resisted|p2b: Raging Bolt\n|-damage|p2b: Raging Bolt|87\/100\n|\n|-weather|RainDance|[upkeep]\n|-heal|p1a: Pelipper|100\/100|[from] item: Leftovers\n|upkeep\n|turn|3\n|\n|t:|1739466444\n|move|p1a: Pelipper|Protect|p1a: Pelipper\n|-singleturn|p1a: Pelipper|Protect\n|move|p2a: Milotic|Muddy Water|p1a: Pelipper|[spread] p1b\n|-activate|p1a: Pelipper|move: Protect\n|-damage|p1b: Calyrex|84\/100 slp\n|move|p2b: Raging Bolt|Volt Switch|p1b: Calyrex\n|-damage|p1b: Calyrex|66\/100 slp\n|\n|t:|1739466453\n|-end|p2b: Raging Bolt|Protosynthesis|[silent]\n|switch|p2b: Incineroar|Incineroar, L50, F, shiny|100\/100|[from] Volt Switch\n|-ability|p2b: Incineroar|Intimidate|boost\n|-unboost|p1a: Pelipper|atk|1\n|-unboost|p1b: Calyrex|atk|1\n|cant|p1b: Calyrex|slp\n|\n|-weather|RainDance|[upkeep]\n|upkeep\n|turn|4\n|\n|t:|1739466473\n|switch|p1b: Whimsicott|Whimsicott, L50, M|100\/100\n|move|p2a: Milotic|Hypnosis|p1a: Pelipper\n|-status|p1a: Pelipper|slp|[from] move: Hypnosis\n|move|p2b: Incineroar|Knock Off|p1b: Whimsicott\n|-resisted|p1b: Whimsicott\n|-damage|p1b: Whimsicott|65\/100\n|-enditem|p1b: Whimsicott|Focus Sash|[from] move: Knock Off|[of] p2b: Incineroar\n|cant|p1a: Pelipper|slp\n|\n|-weather|RainDance|[upkeep]\n|upkeep\n|turn|5\n|inactive|Meiose has 30 seconds left.\n|\n|t:|1739466502\n|move|p1b: Whimsicott|Endeavor|p2a: Milotic\n|-damage|p2a: Milotic|39\/100\n|-enditem|p2a: Milotic|Sitrus Berry|[eat]\n|-heal|p2a: Milotic|64\/100|[from] item: Sitrus Berry\n|move|p2a: Milotic|Muddy Water|p1a: Pelipper|[spread] p1a,p1b\n|-resisted|p1a: Pelipper\n|-resisted|p1b: Whimsicott\n|-damage|p1a: Pelipper|75\/100 slp\n|-damage|p1b: Whimsicott|30\/100\n|-unboost|p1a: Pelipper|accuracy|1\n|move|p2b: Incineroar|Flare Blitz|p1b: Whimsicott\n|-supereffective|p1b: Whimsicott\n|-damage|p1b: Whimsicott|0 fnt\n|faint|p1b: Whimsicott\n|-damage|p2b: Incineroar|95\/100|[from] Recoil\n|cant|p1a: Pelipper|slp\n|\n|-weather|none\n|-heal|p1a: Pelipper|81\/100 slp|[from] item: Leftovers\n|upkeep\n|-message|Ayae.Hakamada forfeited.\n|\n|win|Meiose\n|raw|Ayae.Hakamada's rating: 1608 &rarr; <strong>1582<\/strong><br \/>(-26 for losing)\n|raw|Meiose's rating: 1505 &rarr; <strong>1531<\/strong><br \/>(+26 for winning)\n|l|\u2606Ayae.Hakamada\n|player|p1|\n|l|\u2606Meiose\n|player|p2|\n","uploadtime":1739466675,"views":9,"formatid":"gen9vgc2025regg","rating":1531,"private":0,"password":null}