{"id":"gen9vgc2025regg-2300221442","format":"[Gen 9] VGC 2025 Reg G","players":["ApoVGC","longhq"],"log":"|j|\u2606ApoVGC\n|j|\u203dlonghq\n|t:|1739476551\n|gametype|doubles\n|player|p1|ApoVGC|266|1561\n|player|p2|longhq|dawn|1533\n|teamsize|p1|6\n|teamsize|p2|6\n|gen|9\n|tier|[Gen 9] VGC 2025 Reg G\n|rated|\n|rule|Species Clause: Limit one of each Pok\u00e9mon\n|rule|Item Clause: Limit 1 of each item\n|clearpoke\n|poke|p1|Calyrex-Shadow, L50|\n|poke|p1|Amoonguss, L50, M|\n|poke|p1|Tornadus, L50, M|\n|poke|p1|Indeedee-F, L50, F|\n|poke|p1|Urshifu-*, L50, M|\n|poke|p1|Chi-Yu, L50|\n|poke|p2|Raging Bolt, L50|\n|poke|p2|Koraidon, L50|\n|poke|p2|Indeedee-F, L50, F|\n|poke|p2|Kingambit, L50, F|\n|poke|p2|Jumpluff, L50, F|\n|poke|p2|Iron Bundle, L50|\n|teampreview|4\n|inactive|Battle timer is ON: inactive players will automatically lose when time's up. (requested by ApoVGC)\n|j| kiabu233\n|inactive|ApoVGC has 60 seconds left.\n|inactive|longhq has 60 seconds left.\n|\n|t:|1739476601\n|start\n|switch|p1a: Tornadus|Tornadus, L50, M|100\/100\n|switch|p1b: Chi-Yu|Chi-Yu, L50|100\/100\n|switch|p2a: Iron Bundle|Iron Bundle, L50|100\/100\n|switch|p2b: Koraidon|Koraidon, L50|100\/100\n|-ability|p1b: Chi-Yu|Beads of Ruin\n|-weather|SunnyDay|[from] ability: Orichalcum Pulse|[of] p2b: Koraidon\n|-activate|p2b: Koraidon|Orichalcum Pulse|[source]\n|-enditem|p2a: Iron Bundle|Booster Energy\n|-activate|p2a: Iron Bundle|ability: Quark Drive|[fromitem]\n|-start|p2a: Iron Bundle|quarkdrivespe\n|turn|1\n|inactive|ApoVGC has 30 seconds left.\n|inactive|longhq has 30 seconds left.\n|\n|t:|1739476629\n|-terastallize|p1b: Chi-Yu|Ground\n|move|p1a: Tornadus|Tailwind|p1a: Tornadus\n|-sidestart|p1: ApoVGC|move: Tailwind\n|move|p1b: Chi-Yu|Tera Blast|p2b: Koraidon|[anim] Tera Blast Ground\n|-damage|p2b: Koraidon|37\/100\n|move|p2a: Iron Bundle|Icy Wind|p1b: Chi-Yu|[spread] p1a,p1b\n|-supereffective|p1a: Tornadus\n|-crit|p1a: Tornadus\n|-supereffective|p1b: Chi-Yu\n|-damage|p1a: Tornadus|9\/100\n|-damage|p1b: Chi-Yu|54\/100\n|-unboost|p1b: Chi-Yu|spe|1\n|move|p2b: Koraidon|Breaking Swipe|p1b: Chi-Yu|[spread] p1a,p1b\n|-crit|p1a: Tornadus\n|-damage|p1a: Tornadus|0 fnt\n|-damage|p1b: Chi-Yu|0 fnt\n|faint|p1a: Tornadus\n|faint|p1b: Chi-Yu\n|\n|-weather|SunnyDay|[upkeep]\n|upkeep\n|\n|t:|1739476640\n|switch|p1a: Calyrex|Calyrex-Shadow, L50|100\/100\n|switch|p1b: Indeedee|Indeedee-F, L50, F|100\/100\n|-ability|p1a: Calyrex|As One\n|-ability|p1a: Calyrex|Unnerve\n|-fieldstart|move: Psychic Terrain|[from] ability: Psychic Surge|[of] p1b: Indeedee\n|-enditem|p1b: Indeedee|Psychic Seed\n|-boost|p1b: Indeedee|spd|1|[from] item: Psychic Seed\n|turn|2\n|\n|t:|1739476662\n|switch|p2b: Kingambit|Kingambit, L50, F|100\/100\n|move|p1b: Indeedee|Helping Hand|p1a: Calyrex\n|-singleturn|p1a: Calyrex|Helping Hand|[of] p1b: Indeedee\n|move|p2a: Iron Bundle|Protect|p2a: Iron Bundle\n|-singleturn|p2a: Iron Bundle|Protect\n|move|p1a: Calyrex|Astral Barrage|p2a: Iron Bundle|[spread] p2b\n|-activate|p2a: Iron Bundle|move: Protect\n|-resisted|p2b: Kingambit\n|-damage|p2b: Kingambit|43\/100\n|-damage|p1a: Calyrex|91\/100|[from] item: Life Orb\n|\n|-weather|SunnyDay|[upkeep]\n|upkeep\n|turn|3\n|j| teraghostisbad\n|inactive|longhq has 30 seconds left.\n|inactive|longhq has 20 seconds left.\n|\n|t:|1739476702\n|-terastallize|p2a: Iron Bundle|Normal\n|move|p1b: Indeedee|Helping Hand|p1a: Calyrex\n|-singleturn|p1a: Calyrex|Helping Hand|[of] p1b: Indeedee\n|move|p2b: Kingambit|Protect|p2b: Kingambit\n|-singleturn|p2b: Kingambit|Protect\n|move|p1a: Calyrex|Astral Barrage|p2a: Iron Bundle|[spread] \n|-activate|p2b: Kingambit|move: Protect\n|-immune|p2a: Iron Bundle\n|move|p2a: Iron Bundle|Taunt|p1b: Indeedee\n|-start|p1b: Indeedee|move: Taunt\n|\n|-weather|SunnyDay|[upkeep]\n|upkeep\n|turn|4\n|inactive|ApoVGC has 30 seconds left.\n|inactive|longhq has 30 seconds left.\n|inactive|ApoVGC has 20 seconds left.\n|inactive|ApoVGC has 15 seconds left.\n|\n|t:|1739476743\n|move|p1a: Calyrex|Astral Barrage|p2a: Iron Bundle|[spread] p2b\n|-immune|p2a: Iron Bundle\n|-resisted|p2b: Kingambit\n|-damage|p2b: Kingambit|7\/100\n|-damage|p1a: Calyrex|81\/100|[from] item: Life Orb\n|move|p2a: Iron Bundle|Icy Wind|p1a: Calyrex|[spread] p1a,p1b\n|-damage|p1a: Calyrex|60\/100\n|-damage|p1b: Indeedee|89\/100\n|-unboost|p1a: Calyrex|spe|1\n|-unboost|p1b: Indeedee|spe|1\n|move|p1b: Indeedee|Psyshock|p2a: Iron Bundle\n|-damage|p2a: Iron Bundle|63\/100\n|move|p2b: Kingambit|Kowtow Cleave|p1a: Calyrex\n|-supereffective|p1a: Calyrex\n|-damage|p1a: Calyrex|0 fnt\n|faint|p1a: Calyrex\n|\n|-weather|SunnyDay|[upkeep]\n|-sideend|p1: ApoVGC|move: Tailwind\n|upkeep\n|turn|5\n|-message|ApoVGC forfeited.\n|\n|win|longhq\n|raw|ApoVGC's rating: 1561 &rarr; <strong>1539<\/strong><br \/>(-22 for losing)\n|raw|longhq's rating: 1533 &rarr; <strong>1555<\/strong><br \/>(+22 for winning)\n|l|\u2606ApoVGC\n|player|p1|\n|l|\u203dlonghq\n|player|p2|\n|l| kiabu233\n|l| teraghostisbad\n","uploadtime":1739477015,"views":5,"formatid":"gen9vgc2025regg","rating":1539,"private":0,"password":null}