{"id":"gen9vgc2025regg-2300630203","format":"[Gen 9] VGC 2025 Reg G","players":["yubanmeiqin","futonkagebunshin"],"log":"|j|\u2606yubanmeiqin\n|j|\u2606futonkagebunshin\n|t:|1739535984\n|gametype|doubles\n|player|p1|yubanmeiqin|lillie-masters|1588\n|player|p2|futonkagebunshin|policeman-gen4|1596\n|teamsize|p1|6\n|teamsize|p2|6\n|gen|9\n|tier|[Gen 9] VGC 2025 Reg G\n|rated|\n|rule|Species Clause: Limit one of each Pok\u00e9mon\n|rule|Item Clause: Limit 1 of each item\n|clearpoke\n|poke|p1|Miraidon, L50|\n|poke|p1|Whimsicott, L50, F|\n|poke|p1|Urshifu-*, L50, M|\n|poke|p1|Ogerpon-Hearthflame, L50, F|\n|poke|p1|Farigiraf, L50, M|\n|poke|p1|Iron Hands, L50|\n|poke|p2|Solgaleo, L50|\n|poke|p2|Raging Bolt, L50|\n|poke|p2|Mimikyu, L50, F|\n|poke|p2|Ting-Lu, L50|\n|poke|p2|Tsareena, L50, F|\n|poke|p2|Ditto, L50|\n|teampreview|4\n|inactive|Battle timer is ON: inactive players will automatically lose when time's up. (requested by yubanmeiqin)\n|\n|t:|1739536027\n|start\n|switch|p1a: Miraidon|Miraidon, L50|100\/100\n|switch|p1b: Ogerpon|Ogerpon-Hearthflame, L50, F|100\/100\n|switch|p2a: Solgaleo|Solgaleo, L50|100\/100\n|switch|p2b: Ting-Lu|Ting-Lu, L50|100\/100\n|-fieldstart|move: Electric Terrain|[from] ability: Hadron Engine|[of] p1a: Miraidon\n|-ability|p1b: Ogerpon|Mold Breaker\n|-ability|p2b: Ting-Lu|Vessel of Ruin\n|turn|1\n|\n|t:|1739536043\n|switch|p2a: Raging Bolt|Raging Bolt, L50|100\/100\n|move|p1a: Miraidon|Volt Switch|p2a: Raging Bolt\n|-resisted|p2a: Raging Bolt\n|-damage|p2a: Raging Bolt|89\/100\n|\n|t:|1739536053\n|switch|p1a: Farigiraf|Farigiraf, L50, M|100\/100|[from] Volt Switch\n|-enditem|p1a: Farigiraf|Electric Seed\n|-boost|p1a: Farigiraf|def|1|[from] item: Electric Seed\n|move|p1b: Ogerpon|Wood Hammer|p2b: Ting-Lu\n|-supereffective|p2b: Ting-Lu\n|-damage|p2b: Ting-Lu|25\/100\n|-damage|p1b: Ogerpon|84\/100|[from] item: Rocky Helmet|[of] p2b: Ting-Lu\n|-damage|p1b: Ogerpon|49\/100|[from] Recoil\n|move|p2b: Ting-Lu|Ruination|p1a: Farigiraf\n|-damage|p1a: Farigiraf|51\/100\n|\n|upkeep\n|turn|2\n|inactive|yubanmeiqin has 30 seconds left.\n|inactive|futonkagebunshin has 30 seconds left.\n|\n|t:|1739536082\n|move|p1b: Ogerpon|Spiky Shield|p1b: Ogerpon\n|-singleturn|p1b: Ogerpon|move: Protect\n|move|p2a: Raging Bolt|Volt Switch|p1a: Farigiraf\n|-damage|p1a: Farigiraf|15\/100\n|\n|t:|1739536090\n|-end|p2a: Raging Bolt|Protosynthesis|[silent]\n|switch|p2a: Solgaleo|Solgaleo, L50|100\/100|[from] Volt Switch\n|move|p1a: Farigiraf|Psychic Noise|p2a: Solgaleo\n|-resisted|p2a: Solgaleo\n|-crit|p2a: Solgaleo\n|-damage|p2a: Solgaleo|94\/100\n|-start|p2a: Solgaleo|move: Heal Block\n|move|p2b: Ting-Lu|Stomping Tantrum|p1b: Ogerpon\n|-activate|p1b: Ogerpon|move: Protect\n|-damage|p2b: Ting-Lu|12\/100|[from] Spiky Shield|[of] p1b: Ogerpon\n|\n|upkeep\n|turn|3\n|inactive|futonkagebunshin has 30 seconds left.\n|inactive|futonkagebunshin has 20 seconds left.\n|inactive|futonkagebunshin has 15 seconds left.\n|inactive|futonkagebunshin has 10 seconds left.\n|\n|t:|1739536137\n|switch|p2a: Raging Bolt|Raging Bolt, L50|89\/100\n|move|p1b: Ogerpon|Ivy Cudgel|p2b: Ting-Lu|[anim] Ivy Cudgel Fire\n|-crit|p2b: Ting-Lu\n|-damage|p2b: Ting-Lu|0 fnt\n|faint|p2b: Ting-Lu\n|move|p1a: Farigiraf|Foul Play|p2a: Raging Bolt\n|-damage|p2a: Raging Bolt|76\/100\n|\n|upkeep\n|\n|t:|1739536160\n|switch|p2b: Ditto|Ditto, L50|100\/100\n|-transform|p2b: Ditto|p1a: Farigiraf|[from] ability: Imposter\n|turn|4\n|\n|t:|1739536178\n|move|p1a: Farigiraf|Helping Hand|p1b: Ogerpon\n|-singleturn|p1b: Ogerpon|Helping Hand|[of] p1a: Farigiraf\n|move|p1b: Ogerpon|Ivy Cudgel|p2b: Ditto|[anim] Ivy Cudgel Fire\n|-damage|p2b: Ditto|39\/100\n|move|p2a: Raging Bolt|Electroweb|p1b: Ogerpon|[spread] p1a,p1b\n|-resisted|p1b: Ogerpon\n|-damage|p1a: Farigiraf|0 fnt\n|-damage|p1b: Ogerpon|32\/100\n|-unboost|p1b: Ogerpon|spe|1\n|faint|p1a: Farigiraf\n|move|p2b: Ditto|Foul Play|p1b: Ogerpon\n|-damage|p1b: Ogerpon|0 fnt\n|faint|p1b: Ogerpon\n|\n|upkeep\n|\n|t:|1739536185\n|switch|p1b: Urshifu|Urshifu-Rapid-Strike, L50, M|100\/100\n|switch|p1a: Miraidon|Miraidon, L50|100\/100\n|-activate|p1a: Miraidon|ability: Hadron Engine\n|turn|5\n|\n|t:|1739536209\n|-terastallize|p1a: Miraidon|Fairy\n|move|p2a: Raging Bolt|Thunderclap|p1b: Urshifu\n|-supereffective|p1b: Urshifu\n|-enditem|p1b: Urshifu|Focus Sash\n|-damage|p1b: Urshifu|1\/100\n|move|p1a: Miraidon|Dazzling Gleam|p2a: Raging Bolt|[spread] p2a,p2b\n|-supereffective|p2a: Raging Bolt\n|-damage|p2a: Raging Bolt|0 fnt\n|-damage|p2b: Ditto|0 fnt\n|faint|p2a: Raging Bolt\n|-end|p2a: Raging Bolt|Protosynthesis|[silent]\n|faint|p2b: Ditto\n|move|p1b: Urshifu|Surging Strikes|p2: Raging Bolt|[notarget]\n|-fail|p1b: Urshifu\n|\n|-fieldend|move: Electric Terrain\n|upkeep\n|\n|t:|1739536220\n|switch|p2a: Solgaleo|Solgaleo, L50|94\/100\n|turn|6\n|\n|t:|1739536229\n|move|p1b: Urshifu|Protect|p1b: Urshifu\n|-singleturn|p1b: Urshifu|Protect\n|move|p1a: Miraidon|Dazzling Gleam|p2a: Solgaleo\n|-resisted|p2a: Solgaleo\n|-damage|p2a: Solgaleo|65\/100\n|move|p2a: Solgaleo|Sunsteel Strike|p1b: Urshifu\n|-activate|p1b: Urshifu|move: Protect\n|\n|upkeep\n|turn|7\n|\n|t:|1739536242\n|move|p1a: Miraidon|Dazzling Gleam|p2a: Solgaleo\n|-resisted|p2a: Solgaleo\n|-damage|p2a: Solgaleo|37\/100\n|move|p1b: Urshifu|Close Combat|p2a: Solgaleo\n|-damage|p2a: Solgaleo|0 fnt\n|-unboost|p1b: Urshifu|def|1\n|-unboost|p1b: Urshifu|spd|1\n|faint|p2a: Solgaleo\n|\n|win|yubanmeiqin\n|raw|yubanmeiqin's rating: 1588 &rarr; <strong>1608<\/strong><br \/>(+20 for winning)\n|raw|futonkagebunshin's rating: 1596 &rarr; <strong>1576<\/strong><br \/>(-20 for losing)\n|l|\u2606yubanmeiqin\n|player|p1|\n","uploadtime":1739536445,"views":11,"formatid":"gen9vgc2025regg","rating":1576,"private":0,"password":null}