{"id":"gen9vgc2025regg-2300911204","format":"[Gen 9] VGC 2025 Reg G","players":["asslowladderplayer","pokefaqk"],"log":"|j|\u2606asslowladderplayer\n|j|\u2606pokefaqk\n|t:|1739567361\n|gametype|doubles\n|player|p1|asslowladderplayer|biker|1603\n|player|p2|pokefaqk|1|1557\n|teamsize|p1|6\n|teamsize|p2|6\n|gen|9\n|tier|[Gen 9] VGC 2025 Reg G\n|rated|\n|rule|Species Clause: Limit one of each Pok\u00e9mon\n|rule|Item Clause: Limit 1 of each item\n|clearpoke\n|poke|p1|Miraidon, L50|\n|poke|p1|Ogerpon-Hearthflame, L50, F|\n|poke|p1|Iron Hands, L50|\n|poke|p1|Urshifu-*, L50, F|\n|poke|p1|Roaring Moon, L50|\n|poke|p1|Landorus, L50, M|\n|poke|p2|Calyrex-Shadow, L50|\n|poke|p2|Ting-Lu, L50|\n|poke|p2|Dondozo, L50, F|\n|poke|p2|Urshifu-*, L50, M|\n|poke|p2|Ogerpon-Hearthflame, L50, F|\n|poke|p2|Whimsicott, L50, M|\n|teampreview|4\n|inactive|Battle timer is ON: inactive players will automatically lose when time's up. (requested by pokefaqk)\nasslowladderplayer has agreed to open team sheets.\n|j| Lugiabirb\n|inactive|asslowladderplayer has 60 seconds left.\n|inactive|pokefaqk has 60 seconds left.\n|inactive|asslowladderplayer has 30 seconds left.\n|inactive|asslowladderplayer has 20 seconds left.\n|inactive|asslowladderplayer has 15 seconds left.\n|inactive|asslowladderplayer has 10 seconds left.\n|\n|t:|1739567444\n|start\n|switch|p1a: Ogerpon|Ogerpon-Hearthflame, L50, F|100\/100\n|switch|p1b: Roaring Moon|Roaring Moon, L50|100\/100\n|switch|p2a: Ting-Lu|Ting-Lu, L50|100\/100\n|switch|p2b: Dondozo|Dondozo, L50, F|100\/100\n|-ability|p1a: Ogerpon|Mold Breaker\n|-ability|p2a: Ting-Lu|Vessel of Ruin\n|-enditem|p1b: Roaring Moon|Booster Energy\n|-activate|p1b: Roaring Moon|ability: Protosynthesis|[fromitem]\n|-start|p1b: Roaring Moon|protosynthesisspe\n|turn|1\n|\n|t:|1739567468\n|-terastallize|p2b: Dondozo|Dragon\n|move|p1a: Ogerpon|Follow Me|p1a: Ogerpon\n|-singleturn|p1a: Ogerpon|move: Follow Me\n|move|p1b: Roaring Moon|Knock Off|p2a: Ting-Lu\n|-resisted|p2a: Ting-Lu\n|-damage|p2a: Ting-Lu|87\/100\n|-damage|p1b: Roaring Moon|84\/100|[from] item: Rocky Helmet|[of] p2a: Ting-Lu\n|-enditem|p2a: Ting-Lu|Rocky Helmet|[from] move: Knock Off|[of] p1b: Roaring Moon\n|move|p2a: Ting-Lu|Ruination|p1a: Ogerpon\n|-damage|p1a: Ogerpon|50\/100\n|move|p2b: Dondozo|Yawn|p1a: Ogerpon\n|-start|p1a: Ogerpon|move: Yawn|[of] p2b: Dondozo\n|\n|upkeep\n|turn|2\n|\n|t:|1739567485\n|-end|p1b: Roaring Moon|Protosynthesis|[silent]\n|switch|p1b: Miraidon|Miraidon, L50|100\/100\n|-fieldstart|move: Electric Terrain|[from] ability: Hadron Engine|[of] p1b: Miraidon\n|-enditem|p1b: Miraidon|Electric Seed\n|-boost|p1b: Miraidon|def|1|[from] item: Electric Seed\n|move|p1a: Ogerpon|Wood Hammer|p2a: Ting-Lu\n|-supereffective|p2a: Ting-Lu\n|-damage|p2a: Ting-Lu|12\/100\n|-damage|p1a: Ogerpon|11\/100|[from] Recoil\n|move|p2a: Ting-Lu|Stealth Rock|p1a: Ogerpon\n|-sidestart|p1: asslowladderplayer|move: Stealth Rock\n|move|p2b: Dondozo|Yawn||[still]\n|-fail|p2b: Dondozo\n|\n|-end|p1a: Ogerpon|move: Yawn|[silent]\n|-activate|p1a: Ogerpon|move: Electric Terrain\n|upkeep\n|turn|3\n|\n|t:|1739567500\n|move|p1b: Miraidon|Calm Mind|p1b: Miraidon\n|-boost|p1b: Miraidon|spa|1\n|-boost|p1b: Miraidon|spd|1\n|move|p1a: Ogerpon|Ivy Cudgel|p2a: Ting-Lu|[anim] Ivy Cudgel Fire\n|-damage|p2a: Ting-Lu|0 fnt\n|faint|p2a: Ting-Lu\n|move|p2b: Dondozo|Fissure|p1b: Miraidon|[miss]\n|-miss|p2b: Dondozo|p1b: Miraidon\n|\n|upkeep\n|\n|t:|1739567504\n|switch|p2a: Calyrex|Calyrex-Shadow, L50|100\/100\n|-ability|p2a: Calyrex|As One\n|-ability|p2a: Calyrex|Unnerve\n|turn|4\n|\n|t:|1739567517\n|move|p1a: Ogerpon|Spiky Shield|p1a: Ogerpon\n|-singleturn|p1a: Ogerpon|move: Protect\n|move|p1b: Miraidon|Electro Drift|p2a: Calyrex\n|-damage|p2a: Calyrex|0 fnt\n|faint|p2a: Calyrex\n|move|p2b: Dondozo|Fissure|p1b: Miraidon|[miss]\n|-miss|p2b: Dondozo|p1b: Miraidon\n|\n|upkeep\n|\n|t:|1739567522\n|switch|p2a: Ogerpon|Ogerpon-Hearthflame, L50, F|100\/100\n|-ability|p2a: Ogerpon|Mold Breaker\n|turn|5\n|-message|pokefaqk forfeited.\n|\n|win|asslowladderplayer\n|raw|asslowladderplayer's rating: 1603 &rarr; <strong>1620<\/strong><br \/>(+17 for winning)\n|raw|pokefaqk's rating: 1557 &rarr; <strong>1540<\/strong><br \/>(-17 for losing)\n|l|\u2606pokefaqk\n|player|p2|\n|j| sitojuri\n|l| Lugiabirb\n|j| Lugiabirb\n|l| Lugiabirb\n|j| Lugiabirb\n|l| Lugiabirb\n|l|\u2606asslowladderplayer\n|player|p1|\n|l| sitojuri\n","uploadtime":1739567753,"views":13,"formatid":"gen9vgc2025regg","rating":1540,"private":0,"password":null}