{"id":"gen9vgc2025regg-2300351902","format":"[Gen 9] VGC 2025 Reg G","players":["Aires17","twinleafturtle"],"log":"|j|\u2606Aires17\n|j|\u2606twinleafturtle\n|t:|1739490887\n|gametype|doubles\n|player|p1|Aires17|266|1655\n|player|p2|twinleafturtle|lucas|1579\n|teamsize|p1|6\n|teamsize|p2|6\n|gen|9\n|tier|[Gen 9] VGC 2025 Reg G\n|rated|\n|rule|Species Clause: Limit one of each Pok\u00e9mon\n|rule|Item Clause: Limit 1 of each item\n|clearpoke\n|poke|p1|Calyrex-Shadow, L50|\n|poke|p1|Urshifu-*, L50, M|\n|poke|p1|Whimsicott, L50, M|\n|poke|p1|Ogerpon-Hearthflame, L50, F|\n|poke|p1|Landorus, L50, M|\n|poke|p1|Indeedee-F, L50, F|\n|poke|p2|Kyogre, L50|\n|poke|p2|Urshifu-*, L50, M|\n|poke|p2|Overqwil, L50, M|\n|poke|p2|Rillaboom, L50, F|\n|poke|p2|Incineroar, L50, M|\n|poke|p2|Bastiodon, L50, M|\n|teampreview|4\n|\n|t:|1739490922\n|start\n|switch|p1a: Panda|Urshifu-Rapid-Strike, L50, M|100\/100\n|switch|p1b: Shepparoni|Whimsicott, L50, M|100\/100\n|switch|p2a: Overqwil|Overqwil, L50, M|100\/100\n|switch|p2b: Kyogre|Kyogre, L50|100\/100\n|-weather|RainDance|[from] ability: Drizzle|[of] p2b: Kyogre\n|turn|1\n|\n|t:|1739490940\n|switch|p2a: Rillaboom|Rillaboom, L50, F|100\/100\n|-fieldstart|move: Grassy Terrain|[from] ability: Grassy Surge|[of] p2a: Rillaboom\n|move|p1b: Shepparoni|Tailwind|p1b: Shepparoni\n|-sidestart|p1: Aires17|move: Tailwind\n|move|p1a: Panda|Surging Strikes|p2b: Kyogre\n|-resisted|p2b: Kyogre\n|-crit|p2b: Kyogre\n|-damage|p2b: Kyogre|84\/100\n|-resisted|p2b: Kyogre\n|-crit|p2b: Kyogre\n|-damage|p2b: Kyogre|69\/100\n|-resisted|p2b: Kyogre\n|-crit|p2b: Kyogre\n|-damage|p2b: Kyogre|55\/100\n|-hitcount|p2b: Kyogre|3\n|move|p2b: Kyogre|Ice Beam|p1b: Shepparoni\n|-supereffective|p1b: Shepparoni\n|-enditem|p1b: Shepparoni|Focus Sash\n|-damage|p1b: Shepparoni|1\/100\n|\n|-weather|RainDance|[upkeep]\n|-heal|p1b: Shepparoni|7\/100|[from] Grassy Terrain\n|-heal|p2b: Kyogre|61\/100|[from] Grassy Terrain\n|-heal|p2b: Kyogre|67\/100|[from] item: Leftovers\n|upkeep\n|turn|2\n|\n|t:|1739490974\n|switch|p1b: Momma|Indeedee-F, L50, F|100\/100\n|-fieldstart|move: Psychic Terrain|[from] ability: Psychic Surge|[of] p1b: Momma\n|move|p1a: Panda|Surging Strikes|p2b: Kyogre\n|-resisted|p2b: Kyogre\n|-crit|p2b: Kyogre\n|-damage|p2b: Kyogre|53\/100\n|-resisted|p2b: Kyogre\n|-crit|p2b: Kyogre\n|-damage|p2b: Kyogre|36\/100\n|-resisted|p2b: Kyogre\n|-crit|p2b: Kyogre\n|-damage|p2b: Kyogre|20\/100\n|-hitcount|p2b: Kyogre|3\n|move|p2b: Kyogre|Calm Mind|p2b: Kyogre\n|-boost|p2b: Kyogre|spa|1\n|-boost|p2b: Kyogre|spd|1\n|move|p2a: Rillaboom|Grassy Glide|p1a: Panda\n|-supereffective|p1a: Panda\n|-damage|p1a: Panda|53\/100\n|\n|-weather|RainDance|[upkeep]\n|-heal|p2b: Kyogre|26\/100|[from] item: Leftovers\n|upkeep\n|turn|3\n|\n|t:|1739490996\n|move|p1b: Momma|Follow Me|p1b: Momma\n|-singleturn|p1b: Momma|move: Follow Me\n|move|p1a: Panda|Surging Strikes|p2b: Kyogre\n|-resisted|p2b: Kyogre\n|-crit|p2b: Kyogre\n|-damage|p2b: Kyogre|10\/100\n|-resisted|p2b: Kyogre\n|-crit|p2b: Kyogre\n|-damage|p2b: Kyogre|0 fnt\n|faint|p2b: Kyogre\n|-hitcount|p2: Kyogre|2\n|move|p2a: Rillaboom|U-turn|p1b: Momma\n|-supereffective|p1b: Momma\n|-damage|p1b: Momma|55\/100\n|-damage|p2a: Rillaboom|84\/100|[from] item: Rocky Helmet|[of] p1b: Momma\n|\n|t:|1739490999\n|switch|p2a: Overqwil|Overqwil, L50, M|100\/100|[from] U-turn\n|\n|-weather|RainDance|[upkeep]\n|upkeep\n|\n|t:|1739491001\n|switch|p2b: Rillaboom|Rillaboom, L50, F|84\/100\n|-fieldstart|move: Grassy Terrain|[from] ability: Grassy Surge|[of] p2b: Rillaboom\n|turn|4\n|\n|t:|1739491018\n|switch|p1b: Shepparoni|Whimsicott, L50, M|7\/100\n|move|p1a: Panda|Detect|p1a: Panda\n|-singleturn|p1a: Panda|Protect\n|move|p2b: Rillaboom|Fake Out|p1a: Panda\n|-activate|p1a: Panda|move: Protect\n|move|p2a: Overqwil|Crunch|p1b: Shepparoni\n|-resisted|p1b: Shepparoni\n|-damage|p1b: Shepparoni|0 fnt\n|faint|p1b: Shepparoni\n|-damage|p2a: Overqwil|91\/100|[from] item: Life Orb\n|\n|-weather|RainDance|[upkeep]\n|-heal|p1a: Panda|59\/100|[from] Grassy Terrain\n|-heal|p2a: Overqwil|97\/100|[from] Grassy Terrain\n|-heal|p2b: Rillaboom|90\/100|[from] Grassy Terrain\n|-sideend|p1: Aires17|move: Tailwind\n|upkeep\n|\n|t:|1739491037\n|switch|p1b: Momma|Indeedee-F, L50, F|55\/100\n|-fieldstart|move: Psychic Terrain|[from] ability: Psychic Surge|[of] p1b: Momma\n|turn|5\n|\n|t:|1739491056\n|move|p1b: Momma|Follow Me|p1b: Momma\n|-singleturn|p1b: Momma|move: Follow Me\n|move|p2a: Overqwil|Gunk Shot|p1b: Momma\n|-damage|p1b: Momma|0 fnt\n|faint|p1b: Momma\n|-damage|p2a: Overqwil|87\/100|[from] item: Life Orb\n|move|p1a: Panda|Surging Strikes|p2a: Overqwil\n|-crit|p2a: Overqwil\n|-damage|p2a: Overqwil|46\/100\n|-crit|p2a: Overqwil\n|-damage|p2a: Overqwil|5\/100\n|-crit|p2a: Overqwil\n|-damage|p2a: Overqwil|0 fnt\n|faint|p2a: Overqwil\n|-hitcount|p2: Overqwil|3\n|move|p2b: Rillaboom|Wood Hammer|p1a: Panda\n|-supereffective|p1a: Panda\n|-damage|p1a: Panda|0 fnt\n|faint|p1a: Panda\n|-damage|p2b: Rillaboom|71\/100|[from] Recoil\n|\n|-weather|none\n|upkeep\n|\n|t:|1739491079\n|switch|p1a: Horsee|Calyrex-Shadow, L50|100\/100\n|switch|p2a: Incineroar|Incineroar, L50, M|100\/100\n|-ability|p1a: Horsee|As One\n|-ability|p1a: Horsee|Unnerve\n|-ability|p2a: Incineroar|Intimidate|boost\n|-unboost|p1a: Horsee|atk|1\n|-enditem|p1a: Horsee|Psychic Seed\n|-boost|p1a: Horsee|spd|1|[from] item: Psychic Seed\n|turn|6\n|\n|t:|1739491094\n|-terastallize|p1a: Horsee|Dark\n|move|p1a: Horsee|Expanding Force|p2a: Incineroar|[spread] p2b\n|-immune|p2a: Incineroar\n|-damage|p2b: Rillaboom|21\/100\n|move|p2b: Rillaboom|Wood Hammer|p1a: Horsee\n|-damage|p1a: Horsee|30\/100\n|-damage|p2b: Rillaboom|0 fnt|[from] Recoil\n|faint|p2b: Rillaboom\n|move|p2a: Incineroar|Knock Off|p1a: Horsee\n|-resisted|p1a: Horsee\n|-damage|p1a: Horsee|15\/100\n|\n|upkeep\n|turn|7\n|\n|t:|1739491119\n|move|p1a: Horsee|Nasty Plot|p1a: Horsee\n|-boost|p1a: Horsee|spa|2\n|move|p2a: Incineroar|Knock Off|p1a: Horsee\n|-resisted|p1a: Horsee\n|-damage|p1a: Horsee|0 fnt\n|faint|p1a: Horsee\n|\n|win|twinleafturtle\n|raw|Aires17's rating: 1655 &rarr; <strong>1631<\/strong><br \/>(-24 for losing)\n|raw|twinleafturtle's rating: 1579 &rarr; <strong>1603<\/strong><br \/>(+24 for winning)\n|j| M4rzxo\n|l|\u2606twinleafturtle\n|player|p2|\n|l|\u2606Aires17\n|player|p1|\n|l| M4rzxo\n","uploadtime":1739491313,"views":6,"formatid":"gen9vgc2025regg","rating":1603,"private":0,"password":null}