{"id":"gen9vgc2025regg-2300289780","format":"[Gen 9] VGC 2025 Reg G","players":["RICHARDHAVOC","heyBeteritsVGC"],"log":"|j|\u2606RICHARDHAVOC\n|j|\u2606heyBeteritsVGC\n|t:|1739483544\n|gametype|doubles\n|player|p1|RICHARDHAVOC|steven|1620\n|player|p2|heyBeteritsVGC|169|1620\n|teamsize|p1|6\n|teamsize|p2|6\n|gen|9\n|tier|[Gen 9] VGC 2025 Reg G\n|rated|\n|rule|Species Clause: Limit one of each Pok\u00e9mon\n|rule|Item Clause: Limit 1 of each item\n|clearpoke\n|poke|p1|Zamazenta-*, L50|\n|poke|p1|Moltres, L50|\n|poke|p1|Urshifu-*, L50, M|\n|poke|p1|Rillaboom, L50, M|\n|poke|p1|Chien-Pao, L50|\n|poke|p1|Raging Bolt, L50|\n|poke|p2|Dialga-Origin, L50|\n|poke|p2|Raging Bolt, L50|\n|poke|p2|Pelipper, L50, M|\n|poke|p2|Ursaluna, L50, F|\n|poke|p2|Volcarona, L50, M|\n|poke|p2|Smeargle, L50, M|\n|teampreview|4\n|inactive|Battle timer is ON: inactive players will automatically lose when time's up. (requested by heyBeteritsVGC)\n|inactive|RICHARDHAVOC has 60 seconds left.\n|inactive|heyBeteritsVGC has 60 seconds left.\n|j| pcord cypher\n|j| futonkagebunshin\n|inactive|RICHARDHAVOC has 30 seconds left.\n|inactive|RICHARDHAVOC has 20 seconds left.\n|\n|t:|1739483628\n|start\n|switch|p1a: Urshifu|Urshifu-Rapid-Strike, L50, M|100\/100\n|switch|p1b: Chien-Pao|Chien-Pao, L50|100\/100\n|switch|p2a: Dialga|Dialga-Origin, L50|100\/100\n|switch|p2b: Pelipper|Pelipper, L50, M|100\/100\n|-ability|p1b: Chien-Pao|Sword of Ruin\n|-weather|RainDance|[from] ability: Drizzle|[of] p2b: Pelipper\n|turn|1\n|inactive|heyBeteritsVGC has 30 seconds left.\n|inactive|heyBeteritsVGC has 20 seconds left.\n|inactive|heyBeteritsVGC has 15 seconds left.\n|inactive|heyBeteritsVGC has 10 seconds left.\n|\n|t:|1739483678\n|switch|p2a: Volcarona|Volcarona, L50, M|100\/100\n|move|p1b: Chien-Pao|Icicle Crash|p2b: Pelipper\n|-damage|p2b: Pelipper|36\/100\n|move|p1a: Urshifu|Surging Strikes|p2a: Volcarona\n|-supereffective|p2a: Volcarona\n|-crit|p2a: Volcarona\n|-damage|p2a: Volcarona|28\/100\n|-damage|p1a: Urshifu|84\/100|[from] item: Rocky Helmet|[of] p2a: Volcarona\n|-supereffective|p2a: Volcarona\n|-crit|p2a: Volcarona\n|-damage|p2a: Volcarona|0 fnt\n|-damage|p1a: Urshifu|67\/100|[from] item: Rocky Helmet|[of] p2a: Volcarona\n|faint|p2a: Volcarona\n|-hitcount|p2: Volcarona|2\n|move|p2b: Pelipper|Hurricane|p1a: Urshifu\n|-supereffective|p1a: Urshifu\n|-damage|p1a: Urshifu|0 fnt\n|faint|p1a: Urshifu\n|\n|-weather|RainDance|[upkeep]\n|upkeep\n|\n|t:|1739483699\n|switch|p1a: Zamazenta|Zamazenta-Crowned, L50, shiny|100\/100\n|switch|p2a: Dialga|Dialga-Origin, L50|100\/100\n|-ability|p1a: Zamazenta|Dauntless Shield|boost\n|-boost|p1a: Zamazenta|def|1\n|turn|2\n|\n|t:|1739483721\n|-terastallize|p2a: Dialga|Bug\n|move|p1b: Chien-Pao|Crunch|p2b: Pelipper\n|-damage|p2b: Pelipper|0 fnt\n|faint|p2b: Pelipper\n|move|p1a: Zamazenta|Body Press|p2a: Dialga\n|-resisted|p2a: Dialga\n|-damage|p2a: Dialga|66\/100\n|move|p2a: Dialga|Trick Room|p2a: Dialga\n|-fieldstart|move: Trick Room|[of] p2a: Dialga\n|\n|-weather|RainDance|[upkeep]\n|upkeep\n|\n|t:|1739483723\n|switch|p2b: Raging Bolt|Raging Bolt, L50|100\/100\n|turn|3\n|inactive|RICHARDHAVOC has 30 seconds left.\n|\n|t:|1739483749\n|move|p1b: Chien-Pao|Protect|p1b: Chien-Pao\n|-singleturn|p1b: Chien-Pao|Protect\n|move|p2a: Dialga|Flash Cannon|p1b: Chien-Pao\n|-activate|p1b: Chien-Pao|move: Protect\n|move|p2b: Raging Bolt|Discharge|p1b: Chien-Pao|[spread] p1a\n|-activate|p1b: Chien-Pao|move: Protect\n|-activate|p2a: Dialga|ability: Telepathy\n|-damage|p1a: Zamazenta|75\/100\n|move|p1a: Zamazenta|Body Press|p2b: Raging Bolt\n|-damage|p2b: Raging Bolt|24\/100\n|\n|-weather|RainDance|[upkeep]\n|upkeep\n|turn|4\n|\n|t:|1739483771\n|move|p2b: Raging Bolt|Thunderclap|p1b: Chien-Pao\n|-damage|p1b: Chien-Pao|34\/100\n|move|p1b: Chien-Pao|Sucker Punch||[still]\n|-fail|p1b: Chien-Pao\n|move|p2a: Dialga|Flash Cannon|p1b: Chien-Pao\n|-supereffective|p1b: Chien-Pao\n|-damage|p1b: Chien-Pao|0 fnt\n|faint|p1b: Chien-Pao\n|move|p1a: Zamazenta|Body Press|p2a: Dialga\n|-resisted|p2a: Dialga\n|-damage|p2a: Dialga|39\/100\n|\n|-weather|RainDance|[upkeep]\n|upkeep\n|\n|t:|1739483780\n|switch|p1b: Raging Bolt|Raging Bolt, L50|100\/100\n|-enditem|p1b: Raging Bolt|Booster Energy\n|-activate|p1b: Raging Bolt|ability: Protosynthesis|[fromitem]\n|-start|p1b: Raging Bolt|protosynthesisspa\n|turn|5\n|inactive|heyBeteritsVGC has 30 seconds left.\n|\n|t:|1739483811\n|move|p1b: Raging Bolt|Protect|p1b: Raging Bolt\n|-singleturn|p1b: Raging Bolt|Protect\n|move|p1a: Zamazenta|Protect|p1a: Zamazenta\n|-singleturn|p1a: Zamazenta|Protect\n|move|p2a: Dialga|Draco Meteor|p1b: Raging Bolt\n|-activate|p1b: Raging Bolt|move: Protect\n|move|p2b: Raging Bolt|Volt Switch|p1a: Zamazenta\n|-activate|p1a: Zamazenta|move: Protect\n|\n|-weather|none\n|upkeep\n|turn|6\n|\n|t:|1739483830\n|-terastallize|p1b: Raging Bolt|Fairy\n|move|p1b: Raging Bolt|Dragon Pulse|p2a: Dialga\n|-damage|p2a: Dialga|0 fnt\n|faint|p2a: Dialga\n|move|p2b: Raging Bolt|Discharge|p1a: Zamazenta|[spread] p1a,p1b\n|-damage|p1a: Zamazenta|45\/100\n|-damage|p1b: Raging Bolt|72\/100\n|-status|p1a: Zamazenta|par\n|-status|p1b: Raging Bolt|par\n|cant|p1a: Zamazenta|par\n|\n|-fieldend|move: Trick Room\n|upkeep\n|turn|7\n|-message|heyBeteritsVGC forfeited.\n|\n|win|RICHARDHAVOC\n|raw|RICHARDHAVOC's rating: 1620 &rarr; <strong>1640<\/strong><br \/>(+20 for winning)\n|raw|heyBeteritsVGC's rating: 1620 &rarr; <strong>1600<\/strong><br \/>(-20 for losing)\n|l|\u2606heyBeteritsVGC\n|player|p2|\n|l|\u2606RICHARDHAVOC\n|player|p1|\n|l| futonkagebunshin\n|l| pcord cypher\n","uploadtime":1739483974,"views":5,"formatid":"gen9vgc2025regg","rating":1600,"private":0,"password":null}