{"id":"gen9vgc2025regg-2300195996","format":"[Gen 9] VGC 2025 Reg G","players":["rastapopolous","xatseye"],"log":"|j|\u2606rastapopolous\n|j|\u2606xatseye\n|t:|1739474102\n|gametype|doubles\n|player|p1|rastapopolous|gentleman-gen4|1560\n|player|p2|xatseye|unknown|1624\n|teamsize|p1|6\n|teamsize|p2|6\n|gen|9\n|tier|[Gen 9] VGC 2025 Reg G\n|rated|\n|rule|Species Clause: Limit one of each Pok\u00e9mon\n|rule|Item Clause: Limit 1 of each item\n|clearpoke\n|poke|p1|Hitmontop, L50, M|\n|poke|p1|Ho-Oh, L50|\n|poke|p1|Murkrow, L50, M|\n|poke|p1|Flutter Mane, L50|\n|poke|p1|Ogerpon-Wellspring, L50, F|\n|poke|p1|Urshifu-*, L50, M|\n|poke|p2|Miraidon, L50|\n|poke|p2|Incineroar, L50, M|\n|poke|p2|Urshifu-*, L50, F|\n|poke|p2|Oranguru, L50, F|\n|poke|p2|Clefairy, L50, F|\n|poke|p2|Iron Valiant, L50|\n|teampreview|4\n|inactive|Battle timer is ON: inactive players will automatically lose when time's up. (requested by xatseye)\n|j| MillerH33\n|inactive|xatseye has 60 seconds left.\n|\n|t:|1739474133\n|start\n|switch|p1a: Ho-Oh|Ho-Oh, L50|100\/100\n|switch|p1b: Flutter Mane|Flutter Mane, L50|100\/100\n|switch|p2a: Miraidon|Miraidon, L50|100\/100\n|switch|p2b: Oranguru|Oranguru, L50, F|100\/100\n|-fieldstart|move: Electric Terrain|[from] ability: Hadron Engine|[of] p2a: Miraidon\n|-enditem|p2a: Miraidon|Electric Seed\n|-boost|p2a: Miraidon|def|1|[from] item: Electric Seed\n|-activate|p2b: Oranguru|ability: Symbiosis|Covert Cloak|[of] p2a: Miraidon\n|turn|1\n|\n|t:|1739474154\n|-terastallize|p2a: Miraidon|Electric\n|move|p1a: Ho-Oh|Protect|p1a: Ho-Oh\n|-singleturn|p1a: Ho-Oh|Protect\n|move|p1b: Flutter Mane|Moonblast|p2a: Miraidon\n|-damage|p2a: Miraidon|56\/100\n|move|p2a: Miraidon|Parabolic Charge|p1a: Ho-Oh|[spread] p2b,p1b\n|-activate|p1a: Ho-Oh|move: Protect\n|-crit|p2b: Oranguru\n|-damage|p2b: Oranguru|38\/100\n|-heal|p2a: Miraidon|87\/100|[from] drain|[of] p2b: Oranguru\n|-damage|p1b: Flutter Mane|39\/100\n|-heal|p2a: Miraidon|100\/100|[from] drain|[of] p1b: Flutter Mane\n|move|p2b: Oranguru|Instruct|p2a: Miraidon\n|-singleturn|p2a: Miraidon|move: Instruct|[of] p2b: Oranguru\n|move|p2a: Miraidon|Parabolic Charge|p1b: Flutter Mane|[spread] p2b,p1b\n|-activate|p1a: Ho-Oh|move: Protect\n|-damage|p2b: Oranguru|0 fnt\n|-damage|p1b: Flutter Mane|0 fnt\n|faint|p2b: Oranguru\n|faint|p1b: Flutter Mane\n|-end|p1b: Flutter Mane|Protosynthesis|[silent]\n|\n|upkeep\n|\n|t:|1739474179\n|switch|p1b: Ogerpon|Ogerpon-Wellspring, L50, F|100\/100\n|switch|p2b: Incineroar|Incineroar, L50, M|100\/100\n|-ability|p2b: Incineroar|Intimidate|boost\n|-fail|p1a: Ho-Oh|unboost|[from] item: Clear Amulet|[of] p1a: Ho-Oh\n|-unboost|p1b: Ogerpon|atk|1\n|turn|2\n|\n|t:|1739474191\n|-terastallize|p1a: Ho-Oh|Ground\n|move|p1b: Ogerpon|Spiky Shield|p1b: Ogerpon\n|-singleturn|p1b: Ogerpon|move: Protect\n|move|p2b: Incineroar|Fake Out|p1a: Ho-Oh\n|-crit|p1a: Ho-Oh\n|-damage|p1a: Ho-Oh|85\/100\n|move|p2a: Miraidon|Calm Mind|p2a: Miraidon\n|-boost|p2a: Miraidon|spa|1\n|-boost|p2a: Miraidon|spd|1\n|cant|p1a: Ho-Oh|flinch\n|\n|upkeep\n|turn|3\n|inactive|xatseye has 30 seconds left.\n|\n|t:|1739474217\n|move|p2a: Miraidon|Protect|p2a: Miraidon\n|-singleturn|p2a: Miraidon|Protect\n|move|p1b: Ogerpon|Ivy Cudgel|p2b: Incineroar|[anim] Ivy Cudgel Water\n|-supereffective|p2b: Incineroar\n|-damage|p2b: Incineroar|34\/100\n|-enditem|p2b: Incineroar|Sitrus Berry|[eat]\n|-heal|p2b: Incineroar|59\/100|[from] item: Sitrus Berry\n|move|p1a: Ho-Oh|Earthquake|p2a: Miraidon|[spread] p1b,p2b\n|-activate|p2a: Miraidon|move: Protect\n|-resisted|p1b: Ogerpon\n|-crit|p1b: Ogerpon\n|-supereffective|p2b: Incineroar\n|-damage|p1b: Ogerpon|68\/100\n|-damage|p2b: Incineroar|0 fnt\n|faint|p2b: Incineroar\n|\n|upkeep\n|\n|t:|1739474231\n|switch|p2b: Urshifu|Urshifu-Rapid-Strike, L50, F|100\/100\n|turn|4\n|\n|t:|1739474244\n|move|p1b: Ogerpon|Follow Me|p1b: Ogerpon\n|-singleturn|p1b: Ogerpon|move: Follow Me\n|move|p2b: Urshifu|Close Combat|p1b: Ogerpon\n|-damage|p1b: Ogerpon|0 fnt\n|-unboost|p2b: Urshifu|def|1\n|-unboost|p2b: Urshifu|spd|1\n|faint|p1b: Ogerpon\n|move|p2a: Miraidon|Dragon Pulse|p1a: Ho-Oh\n|-damage|p1a: Ho-Oh|37\/100\n|move|p1a: Ho-Oh|Brave Bird|p2b: Urshifu\n|-supereffective|p2b: Urshifu\n|-damage|p2b: Urshifu|0 fnt\n|faint|p2b: Urshifu\n|-damage|p1a: Ho-Oh|8\/100|[from] Recoil\n|\n|upkeep\n|\n|t:|1739474257\n|switch|p1b: Urshifu|Urshifu, L50, M|100\/100\n|turn|5\n|\n|t:|1739474270\n|move|p1b: Urshifu|Detect|p1b: Urshifu\n|-singleturn|p1b: Urshifu|Protect\n|move|p1a: Ho-Oh|Protect|p1a: Ho-Oh\n|-singleturn|p1a: Ho-Oh|Protect\n|move|p2a: Miraidon|Dragon Pulse|p1a: Ho-Oh\n|-activate|p1a: Ho-Oh|move: Protect\n|\n|-fieldend|move: Electric Terrain\n|upkeep\n|turn|6\n|\n|t:|1739474282\n|move|p2a: Miraidon|Parabolic Charge|p1b: Urshifu|[spread] p1b\n|-immune|p1a: Ho-Oh\n|-damage|p1b: Urshifu|25\/100\n|move|p1b: Urshifu|Wicked Blow|p2a: Miraidon\n|-crit|p2a: Miraidon\n|-damage|p2a: Miraidon|31\/100\n|-damage|p1b: Urshifu|15\/100|[from] item: Life Orb\n|move|p1a: Ho-Oh|Sacred Fire|p2a: Miraidon\n|-damage|p2a: Miraidon|0 fnt\n|faint|p2a: Miraidon\n|\n|win|rastapopolous\n|raw|rastapopolous's rating: 1560 &rarr; <strong>1584<\/strong><br \/>(+24 for winning)\n|raw|xatseye's rating: 1624 &rarr; <strong>1600<\/strong><br \/>(-24 for losing)\n|l|\u2606xatseye\n|player|p2|\n|l|\u2606rastapopolous\n|player|p1|\n","uploadtime":1739474431,"views":10,"formatid":"gen9vgc2025regg","rating":1584,"private":0,"password":null}