{"id":"gen9vgc2025regg-2300184508","format":"[Gen 9] VGC 2025 Reg G","players":["rastapopolous","Matty1919"],"log":"|j|\u2606rastapopolous\n|j|\u2606Matty1919\n|t:|1739472999\n|gametype|doubles\n|player|p1|rastapopolous|gentleman-gen4|1537\n|player|p2|Matty1919|170|1593\n|teamsize|p1|6\n|teamsize|p2|6\n|gen|9\n|tier|[Gen 9] VGC 2025 Reg G\n|rated|\n|rule|Species Clause: Limit one of each Pok\u00e9mon\n|rule|Item Clause: Limit 1 of each item\n|clearpoke\n|poke|p1|Hitmontop, L50, M|\n|poke|p1|Ho-Oh, L50|\n|poke|p1|Murkrow, L50, F|\n|poke|p1|Flutter Mane, L50|\n|poke|p1|Ogerpon-Wellspring, L50, F|\n|poke|p1|Urshifu-*, L50, F|\n|poke|p2|Calyrex-Shadow, L50|\n|poke|p2|Incineroar, L50, F|\n|poke|p2|Rillaboom, L50, F|\n|poke|p2|Urshifu-*, L50, F|\n|poke|p2|Raging Bolt, L50|\n|poke|p2|Farigiraf, L50, M|\n|teampreview|4\n|inactive|Battle timer is ON: inactive players will automatically lose when time's up. (requested by Matty1919)\n|\n|t:|1739473037\n|start\n|switch|p1a: Ho-Oh|Ho-Oh, L50|100\/100\n|switch|p1b: Murkrow|Murkrow, L50, F|100\/100\n|switch|p2a: Urshifu|Urshifu-Rapid-Strike, L50, F|100\/100\n|switch|p2b: Farigiraf|Farigiraf, L50, M|100\/100\n|turn|1\n|j| MillerH33\n|inactive|Matty1919 has 30 seconds left.\n|\n|t:|1739473067\n|switch|p1a: Hitmontop|Hitmontop, L50, M|100\/100\n|-ability|p1a: Hitmontop|Intimidate|boost\n|-unboost|p2a: Urshifu|atk|1\n|-unboost|p2b: Farigiraf|atk|1\n|-terastallize|p2a: Urshifu|Water\n|move|p2b: Farigiraf|Helping Hand|p2a: Urshifu\n|-singleturn|p2a: Urshifu|Helping Hand|[of] p2b: Farigiraf\n|move|p2a: Urshifu|Surging Strikes|p1a: Hitmontop\n|-crit|p1a: Hitmontop\n|-damage|p1a: Hitmontop|57\/100\n|-damage|p2a: Urshifu|84\/100|[from] item: Rocky Helmet|[of] p1a: Hitmontop\n|-crit|p1a: Hitmontop\n|-damage|p1a: Hitmontop|15\/100\n|-damage|p2a: Urshifu|68\/100|[from] item: Rocky Helmet|[of] p1a: Hitmontop\n|-crit|p1a: Hitmontop\n|-damage|p1a: Hitmontop|0 fnt\n|-damage|p2a: Urshifu|51\/100|[from] item: Rocky Helmet|[of] p1a: Hitmontop\n|faint|p1a: Hitmontop\n|-hitcount|p1: Hitmontop|3\n|move|p1b: Murkrow|Air Slash|p2a: Urshifu\n|-damage|p2a: Urshifu|15\/100\n|\n|upkeep\n|inactive|rastapopolous has 30 seconds left.\n|\n|t:|1739473095\n|switch|p1a: Urshifu|Urshifu, L50, F|100\/100\n|turn|2\n|\n|t:|1739473110\n|move|p2b: Farigiraf|Helping Hand|p2a: Urshifu\n|-singleturn|p2a: Urshifu|Helping Hand|[of] p2b: Farigiraf\n|move|p1b: Murkrow|Tailwind|p1b: Murkrow\n|-sidestart|p1: rastapopolous|move: Tailwind\n|move|p1a: Urshifu|Wicked Blow|p2a: Urshifu\n|-crit|p2a: Urshifu\n|-damage|p2a: Urshifu|0 fnt\n|faint|p2a: Urshifu\n|-damage|p1a: Urshifu|91\/100|[from] item: Life Orb\n|\n|upkeep\n|\n|t:|1739473120\n|switch|p2a: Raging Bolt|Raging Bolt, L50|100\/100\n|-enditem|p2a: Raging Bolt|Booster Energy\n|-activate|p2a: Raging Bolt|ability: Protosynthesis|[fromitem]\n|-start|p2a: Raging Bolt|protosynthesisspa\n|turn|3\n|inactive|rastapopolous has 30 seconds left.\n|\n|t:|1739473145\n|switch|p1b: Ho-Oh|Ho-Oh, L50|100\/100\n|move|p2b: Farigiraf|Helping Hand|p2a: Raging Bolt\n|-singleturn|p2a: Raging Bolt|Helping Hand|[of] p2b: Farigiraf\n|move|p1a: Urshifu|Detect|p1a: Urshifu\n|-singleturn|p1a: Urshifu|Protect\n|move|p2a: Raging Bolt|Thunderclap||[still]\n|-fail|p2a: Raging Bolt\n|\n|upkeep\n|turn|4\n|j| CerebralGenesis\n|\n|t:|1739473168\n|switch|p1a: Murkrow|Murkrow, L50, F|100\/100\n|-terastallize|p1b: Ho-Oh|Ground\n|move|p2b: Farigiraf|Helping Hand|p2a: Raging Bolt\n|-singleturn|p2a: Raging Bolt|Helping Hand|[of] p2b: Farigiraf\n|move|p2a: Raging Bolt|Thunderclap||[still]\n|-fail|p2a: Raging Bolt\n|move|p1b: Ho-Oh|Earthquake|p2b: Farigiraf|[spread] p2a,p2b\n|-immune|p1a: Murkrow\n|-supereffective|p2a: Raging Bolt\n|-damage|p2a: Raging Bolt|41\/100\n|-damage|p2b: Farigiraf|66\/100\n|\n|upkeep\n|turn|5\n|l| MillerH33\n|\n|t:|1739473191\n|move|p2a: Raging Bolt|Protect|p2a: Raging Bolt\n|-singleturn|p2a: Raging Bolt|Protect\n|move|p1a: Murkrow|Air Slash|p2b: Farigiraf\n|-damage|p2b: Farigiraf|46\/100\n|move|p1b: Ho-Oh|Earthquake|p2b: Farigiraf|[spread] p2b\n|-activate|p2a: Raging Bolt|move: Protect\n|-immune|p1a: Murkrow\n|-damage|p2b: Farigiraf|9\/100\n|move|p2b: Farigiraf|Trick Room|p2b: Farigiraf\n|-fieldstart|move: Trick Room|[of] p2b: Farigiraf\n|\n|-sideend|p1: rastapopolous|move: Tailwind\n|upkeep\n|turn|6\n|\n|t:|1739473212\n|move|p2b: Farigiraf|Helping Hand|p2a: Raging Bolt\n|-singleturn|p2a: Raging Bolt|Helping Hand|[of] p2b: Farigiraf\n|move|p1a: Murkrow|Protect|p1a: Murkrow\n|-singleturn|p1a: Murkrow|Protect\n|move|p2a: Raging Bolt|Draco Meteor|p1b: Ho-Oh\n|-damage|p1b: Ho-Oh|17\/100\n|-unboost|p2a: Raging Bolt|spa|2\n|move|p1b: Ho-Oh|Earthquake|p2a: Raging Bolt|[spread] p2a,p2b\n|-activate|p1a: Murkrow|move: Protect\n|-supereffective|p2a: Raging Bolt\n|-damage|p2a: Raging Bolt|0 fnt\n|-damage|p2b: Farigiraf|0 fnt\n|faint|p2a: Raging Bolt\n|-end|p2a: Raging Bolt|Protosynthesis|[silent]\n|faint|p2b: Farigiraf\n|\n|upkeep\n|\n|t:|1739473229\n|switch|p2a: Calyrex|Calyrex-Shadow, L50|100\/100\n|-ability|p2a: Calyrex|As One\n|-ability|p2a: Calyrex|Unnerve\n|turn|7\n|\n|t:|1739473239\n|move|p1b: Ho-Oh|Earthquake|p2a: Calyrex|[spread] p2a\n|-immune|p1a: Murkrow\n|-damage|p2a: Calyrex|47\/100\n|move|p1a: Murkrow|Air Slash|p2a: Calyrex\n|-damage|p2a: Calyrex|21\/100\n|move|p2a: Calyrex|Astral Barrage|p1b: Ho-Oh|[spread] p1a,p1b\n|-resisted|p1a: Murkrow\n|-damage|p1a: Murkrow|63\/100\n|-damage|p1b: Ho-Oh|0 fnt\n|faint|p1b: Ho-Oh\n|-ability|p2a: Calyrex|Grim Neigh|boost\n|-boost|p2a: Calyrex|spa|1\n|-damage|p2a: Calyrex|11\/100|[from] item: Life Orb\n|\n|upkeep\n|\n|t:|1739473247\n|switch|p1b: Urshifu|Urshifu, L50, F|91\/100\n|turn|8\n|-message|Matty1919 forfeited.\n|\n|win|rastapopolous\n|raw|rastapopolous's rating: 1537 &rarr; <strong>1560<\/strong><br \/>(+23 for winning)\n|raw|Matty1919's rating: 1593 &rarr; <strong>1570<\/strong><br \/>(-23 for losing)\n|l|\u2606Matty1919\n|player|p2|\n|l|\u2606rastapopolous\n|player|p1|\n|l| CerebralGenesis\n","uploadtime":1739473478,"views":5,"formatid":"gen9vgc2025regg","rating":1560,"private":0,"password":null}