{"id":"gen9vgc2025regg-2300032677","format":"[Gen 9] VGC 2025 Reg G","players":["ekalsow","KDR-Alt-711"],"log":"|j|\u2606ekalsow\n|j|\u2606KDR-Alt-711\n|t:|1739457953\n|gametype|doubles\n|player|p1|ekalsow|gambler|1627\n|player|p2|KDR-Alt-711|266|1658\n|teamsize|p1|6\n|teamsize|p2|6\n|gen|9\n|tier|[Gen 9] VGC 2025 Reg G\n|rated|\n|rule|Species Clause: Limit one of each Pok\u00e9mon\n|rule|Item Clause: Limit 1 of each item\n|clearpoke\n|poke|p1|Zacian-*, L50|\n|poke|p1|Regidrago, L50|\n|poke|p1|Tornadus, L50, M|\n|poke|p1|Urshifu-*, L50, M|\n|poke|p1|Incineroar, L50, F|\n|poke|p1|Rillaboom, L50, M|\n|poke|p2|Whimsicott, L50, M|\n|poke|p2|Entei, L50|\n|poke|p2|Flutter Mane, L50|\n|poke|p2|Groudon, L50|\n|poke|p2|Raging Bolt, L50|\n|poke|p2|Chi-Yu, L50|\n|teampreview|4\n|\n|t:|1739457975\n|start\n|switch|p1a: Urshifu|Urshifu-Rapid-Strike, L50, M|100\/100\n|switch|p1b: Tornadus|Tornadus, L50, M|100\/100\n|switch|p2a: Whimsicott|Whimsicott, L50, M, shiny|100\/100\n|switch|p2b: Chi-Yu|Chi-Yu, L50|100\/100\n|-ability|p2b: Chi-Yu|Beads of Ruin\n|turn|1\n|inactive|Battle timer is ON: inactive players will automatically lose when time's up. (requested by KDR-Alt-711)\n|j| 0-8 seniors\n|\n|t:|1739457998\n|switch|p2b: Groudon|Groudon, L50, shiny|100\/100\n|-weather|SunnyDay|[from] ability: Drought|[of] p2b: Groudon\n|move|p2a: Whimsicott|Moonblast|p1a: Urshifu\n|-supereffective|p1a: Urshifu\n|-damage|p1a: Urshifu|23\/100\n|-unboost|p1a: Urshifu|spa|1\n|move|p1b: Tornadus|Bleakwind Storm|p2b: Groudon|[spread] p2a,p2b\n|-supereffective|p2a: Whimsicott\n|-damage|p2a: Whimsicott|6\/100\n|-damage|p2b: Groudon|71\/100\n|move|p1a: Urshifu|Surging Strikes|p2b: Groudon\n|-supereffective|p2b: Groudon\n|-crit|p2b: Groudon\n|-damage|p2b: Groudon|57\/100\n|-supereffective|p2b: Groudon\n|-crit|p2b: Groudon\n|-damage|p2b: Groudon|42\/100\n|-supereffective|p2b: Groudon\n|-crit|p2b: Groudon\n|-damage|p2b: Groudon|27\/100\n|-hitcount|p2b: Groudon|3\n|\n|-weather|SunnyDay|[upkeep]\n|upkeep\n|turn|2\n|l| 0-8 seniors\n|\n|t:|1739458022\n|move|p2a: Whimsicott|Tailwind|p2a: Whimsicott\n|-sidestart|p2: KDR-Alt-711|move: Tailwind\n|move|p1b: Tornadus|Tailwind|p1b: Tornadus\n|-sidestart|p1: ekalsow|move: Tailwind\n|move|p1a: Urshifu|Surging Strikes|p2b: Groudon\n|-supereffective|p2b: Groudon\n|-crit|p2b: Groudon\n|-damage|p2b: Groudon|12\/100\n|-supereffective|p2b: Groudon\n|-crit|p2b: Groudon\n|-damage|p2b: Groudon|0 fnt\n|faint|p2b: Groudon\n|-hitcount|p2: Groudon|2\n|\n|-weather|SunnyDay|[upkeep]\n|upkeep\n|\n|t:|1739458031\n|switch|p2b: Flutter Mane|Flutter Mane, L50, shiny|100\/100\n|-activate|p2b: Flutter Mane|ability: Protosynthesis\n|-start|p2b: Flutter Mane|protosynthesisspe\n|turn|3\n|\n|t:|1739458052\n|switch|p1b: Rillaboom|Rillaboom, L50, M|100\/100\n|-fieldstart|move: Grassy Terrain|[from] ability: Grassy Surge|[of] p1b: Rillaboom\n|move|p2a: Whimsicott|Taunt|p1b: Rillaboom\n|-start|p1b: Rillaboom|move: Taunt\n|move|p1a: Urshifu|Aqua Jet|p2a: Whimsicott\n|-resisted|p2a: Whimsicott\n|-damage|p2a: Whimsicott|0 fnt\n|faint|p2a: Whimsicott\n|move|p2b: Flutter Mane|Dazzling Gleam|p1b: Rillaboom|[spread] p1a,p1b\n|-supereffective|p1a: Urshifu\n|-damage|p1a: Urshifu|0 fnt\n|-damage|p1b: Rillaboom|70\/100\n|faint|p1a: Urshifu\n|\n|-weather|SunnyDay|[upkeep]\n|-heal|p1b: Rillaboom|76\/100|[from] Grassy Terrain\n|upkeep\n|\n|t:|1739458067\n|switch|p2a: Chi-Yu|Chi-Yu, L50|100\/100\n|switch|p1a: Zacian|Zacian-Crowned, L50|100\/100\n|-ability|p2a: Chi-Yu|Beads of Ruin\n|-ability|p1a: Zacian|Intrepid Sword|boost\n|-boost|p1a: Zacian|atk|1\n|turn|4\n|\n|t:|1739458073\n|-terastallize|p2a: Chi-Yu|Ghost\n|move|p1b: Rillaboom|Fake Out|p2a: Chi-Yu\n|-immune|p2a: Chi-Yu\n|move|p2b: Flutter Mane|Dazzling Gleam|p1a: Zacian|[spread] p1a,p1b\n|-resisted|p1a: Zacian\n|-damage|p1a: Zacian|73\/100\n|-damage|p1b: Rillaboom|38\/100\n|move|p2a: Chi-Yu|Heat Wave|p1b: Rillaboom|[spread] p1a,p1b\n|-supereffective|p1a: Zacian\n|-supereffective|p1b: Rillaboom\n|-damage|p1a: Zacian|0 fnt\n|-damage|p1b: Rillaboom|0 fnt\n|faint|p1a: Zacian\n|faint|p1b: Rillaboom\n|\n|-weather|SunnyDay|[upkeep]\n|upkeep\n|\n|t:|1739458075\n|switch|p1b: Tornadus|Tornadus, L50, M|100\/100\n|turn|5\n|\n|t:|1739458086\n|move|p2b: Flutter Mane|Dazzling Gleam|p1b: Tornadus\n|-damage|p1b: Tornadus|0 fnt\n|faint|p1b: Tornadus\n|\n|win|KDR-Alt-711\n|raw|ekalsow's rating: 1627 &rarr; <strong>1609<\/strong><br \/>(-18 for losing)\n|raw|KDR-Alt-711's rating: 1658 &rarr; <strong>1676<\/strong><br \/>(+18 for winning)\n|l|\u2606ekalsow\n|player|p1|\n|l|\u2606KDR-Alt-711\n|player|p2|\n","uploadtime":1739458238,"views":12,"formatid":"gen9vgc2025regg","rating":1609,"private":0,"password":null}