{"id":"gen9vgc2025regg-2300945247","format":"[Gen 9] VGC 2025 Reg G","players":["pokefaqk","bidoofutopia"],"log":"|j|\u2606pokefaqk\n|j|\u2606bidoofutopia\n|t:|1739571458\n|gametype|doubles\n|player|p1|pokefaqk|1|1619\n|player|p2|bidoofutopia|lucas|1698\n|teamsize|p1|6\n|teamsize|p2|6\n|gen|9\n|tier|[Gen 9] VGC 2025 Reg G\n|rated|\n|rule|Species Clause: Limit one of each Pok\u00e9mon\n|rule|Item Clause: Limit 1 of each item\n|clearpoke\n|poke|p1|Calyrex-Shadow, L50|\n|poke|p1|Ting-Lu, L50|\n|poke|p1|Dondozo, L50, M|\n|poke|p1|Urshifu-*, L50, F|\n|poke|p1|Ogerpon-Hearthflame, L50, F|\n|poke|p1|Whimsicott, L50, M|\n|poke|p2|Calyrex-Ice, L50|\n|poke|p2|Urshifu-*, L50, M|\n|poke|p2|Amoonguss, L50, M|\n|poke|p2|Pelipper, L50, F|\n|poke|p2|Gholdengo, L50|\n|poke|p2|Iron Hands, L50|\n|teampreview|4\n|inactive|Battle timer is ON: inactive players will automatically lose when time's up. (requested by bidoofutopia)\n|inactive|pokefaqk also wants the timer to be on.\n|inactive|pokefaqk has 60 seconds left.\n|\n|t:|1739571504\n|start\n|switch|p1a: Calyrex|Calyrex-Shadow, L50|100\/100\n|switch|p1b: Dondozo|Dondozo, L50, M|100\/100\n|switch|p2a: Calyrex|Calyrex-Ice, L50|100\/100\n|switch|p2b: Amoonguss|Amoonguss, L50, M|100\/100\n|-ability|p1a: Calyrex|As One\n|-ability|p1a: Calyrex|Unnerve\n|-ability|p2a: Calyrex|As One\n|-ability|p2a: Calyrex|Unnerve\n|turn|1\n|\n|t:|1739571524\n|-terastallize|p2b: Amoonguss|Water\n|move|p2a: Calyrex|Protect|p2a: Calyrex\n|-singleturn|p2a: Calyrex|Protect\n|move|p1a: Calyrex|Substitute|p1a: Calyrex\n|-start|p1a: Calyrex|Substitute\n|-damage|p1a: Calyrex|76\/100\n|move|p1b: Dondozo|Yawn|p2a: Calyrex\n|-activate|p2a: Calyrex|move: Protect\n|move|p2b: Amoonguss|Spore|p1b: Dondozo\n|-status|p1b: Dondozo|slp|[from] move: Spore\n|\n|upkeep\n|turn|2\n|\n|t:|1739571547\n|move|p1a: Calyrex|Astral Barrage|p2b: Amoonguss|[spread] p2a,p2b\n|-supereffective|p2a: Calyrex\n|-damage|p2a: Calyrex|14\/100\n|-damage|p2b: Amoonguss|37\/100\n|-damage|p1a: Calyrex|66\/100|[from] item: Life Orb\n|move|p2a: Calyrex|High Horsepower|p1b: Dondozo\n|-damage|p1b: Dondozo|78\/100 slp\n|cant|p1b: Dondozo|slp\n|move|p2b: Amoonguss|Pollen Puff|p1b: Dondozo\n|-damage|p1b: Dondozo|64\/100 slp\n|\n|-heal|p1b: Dondozo|70\/100 slp|[from] item: Leftovers\n|upkeep\n|turn|3\n|\n|t:|1739571559\n|cant|p1b: Dondozo|slp\n|move|p1a: Calyrex|Astral Barrage|p2a: Calyrex|[spread] p2a,p2b\n|-supereffective|p2a: Calyrex\n|-damage|p2a: Calyrex|0 fnt\n|-damage|p2b: Amoonguss|0 fnt\n|faint|p2a: Calyrex\n|faint|p2b: Amoonguss\n|-ability|p1a: Calyrex|Grim Neigh|boost\n|-boost|p1a: Calyrex|spa|2\n|-damage|p1a: Calyrex|57\/100|[from] item: Life Orb\n|\n|-heal|p1b: Dondozo|76\/100 slp|[from] item: Leftovers\n|upkeep\n|\n|t:|1739571561\n|switch|p2a: Pelipper|Pelipper, L50, F|100\/100\n|switch|p2b: Urshifu|Urshifu-Rapid-Strike, L50, M|100\/100\n|-weather|RainDance|[from] ability: Drizzle|[of] p2a: Pelipper\n|turn|4\n|\n|t:|1739571576\n|move|p2b: Urshifu|Surging Strikes|p1a: Calyrex\n|-crit|p1a: Calyrex\n|-end|p1a: Calyrex|Substitute\n|-crit|p1a: Calyrex\n|-damage|p1a: Calyrex|15\/100\n|-crit|p1a: Calyrex\n|-damage|p1a: Calyrex|0 fnt\n|faint|p1a: Calyrex\n|-hitcount|p1: Calyrex|3\n|move|p2a: Pelipper|Hurricane|p1b: Dondozo\n|-damage|p1b: Dondozo|42\/100 slp\n|-start|p1b: Dondozo|confusion\n|cant|p1b: Dondozo|slp\n|\n|-weather|RainDance|[upkeep]\n|-heal|p1b: Dondozo|49\/100 slp|[from] item: Leftovers\n|upkeep\n|\n|t:|1739571596\n|switch|p1a: Ogerpon|Ogerpon-Hearthflame, L50, F|100\/100\n|-ability|p1a: Ogerpon|Mold Breaker\n|turn|5\n|inactive|bidoofutopia has 30 seconds left.\n|\n|t:|1739571625\n|move|p2b: Urshifu|Surging Strikes|p1a: Ogerpon\n|-crit|p1a: Ogerpon\n|-damage|p1a: Ogerpon|67\/100\n|-crit|p1a: Ogerpon\n|-damage|p1a: Ogerpon|31\/100\n|-crit|p1a: Ogerpon\n|-damage|p1a: Ogerpon|0 fnt\n|faint|p1a: Ogerpon\n|-hitcount|p1: Ogerpon|3\n|move|p2a: Pelipper|Hurricane|p1b: Dondozo\n|-damage|p1b: Dondozo|9\/100 slp\n|-curestatus|p1b: Dondozo|slp|[msg]\n|-activate|p1b: Dondozo|confusion\n|move|p1b: Dondozo|Wave Crash|p2b: Urshifu\n|-resisted|p2b: Urshifu\n|-damage|p2b: Urshifu|66\/100\n|-damage|p1b: Dondozo|1\/100|[from] Recoil\n|\n|-weather|RainDance|[upkeep]\n|-heal|p1b: Dondozo|7\/100|[from] item: Leftovers\n|upkeep\n|\n|t:|1739571633\n|switch|p1a: Urshifu|Urshifu, L50, F|100\/100\n|turn|6\n|\n|t:|1739571650\n|-terastallize|p1a: Urshifu|Dark\n|move|p2a: Pelipper|Helping Hand|p2b: Urshifu\n|-singleturn|p2b: Urshifu|Helping Hand|[of] p2a: Pelipper\n|move|p1a: Urshifu|Sucker Punch|p2b: Urshifu\n|-resisted|p2b: Urshifu\n|-damage|p2b: Urshifu|40\/100\n|move|p2b: Urshifu|Surging Strikes|p1a: Urshifu\n|-crit|p1a: Urshifu\n|-damage|p1a: Urshifu|49\/100\n|-crit|p1a: Urshifu\n|-damage|p1a: Urshifu|0 fnt\n|faint|p1a: Urshifu\n|-hitcount|p1: Urshifu|2\n|-activate|p1b: Dondozo|confusion\n|move|p1b: Dondozo|Wave Crash|p2b: Urshifu\n|-resisted|p2b: Urshifu\n|-damage|p2b: Urshifu|6\/100\n|-damage|p1b: Dondozo|0 fnt|[from] Recoil\n|faint|p1b: Dondozo\n|\n|win|bidoofutopia\n|raw|pokefaqk's rating: 1619 &rarr; <strong>1603<\/strong><br \/>(-16 for losing)\n|raw|bidoofutopia's rating: 1698 &rarr; <strong>1714<\/strong><br \/>(+16 for winning)\n|l|\u2606pokefaqk\n|player|p1|\n|l|\u2606bidoofutopia\n|player|p2|\n","uploadtime":1739571901,"views":22,"formatid":"gen9vgc2025regg","rating":1603,"private":0,"password":null}