{"id":"gen9vgc2025regg-2300207274","format":"[Gen 9] VGC 2025 Reg G","players":["nomis1","chappell murkroan"],"log":"|j|\u2606nomis1\n|j|\u2606chappell murkroan\n|t:|1739475184\n|gametype|doubles\n|player|p1|nomis1|170|1604\n|player|p2|chappell murkroan|caitlin|1687\n|teamsize|p1|6\n|teamsize|p2|6\n|gen|9\n|tier|[Gen 9] VGC 2025 Reg G\n|rated|\n|rule|Species Clause: Limit one of each Pok\u00e9mon\n|rule|Item Clause: Limit 1 of each item\n|clearpoke\n|poke|p1|Terapagos, L50, M|\n|poke|p1|Smeargle, L50, F|\n|poke|p1|Tornadus, L50, M|\n|poke|p1|Ogerpon-Hearthflame, L50, F|\n|poke|p1|Dondozo, L50, F|\n|poke|p1|Tatsugiri-Droopy, L50, F|\n|poke|p2|Incineroar, L50, M|\n|poke|p2|Amoonguss, L50, M|\n|poke|p2|Urshifu-*, L50, M|\n|poke|p2|Calyrex-Shadow, L50|\n|poke|p2|Chien-Pao, L50|\n|poke|p2|Rillaboom, L50, M|\n|teampreview|4\n|inactive|Battle timer is ON: inactive players will automatically lose when time's up. (requested by chappell murkroan)\nnomis1 rejected open team sheets.\n|inactive|chappell murkroan has 60 seconds left.\n|\n|t:|1739475230\n|start\n|switch|p1a: Ogerpon|Ogerpon-Hearthflame, L50, F|100\/100\n|switch|p1b: Terapagos|Terapagos, L50, M|100\/100\n|switch|p2a: Rillaboom|Rillaboom, L50, M|100\/100\n|switch|p2b: Amoonguss|Amoonguss, L50, M|100\/100\n|-activate|p1b: Terapagos|ability: Tera Shift\n|detailschange|p1b: Terapagos|Terapagos-Terastal, L50, M\n|-heal|p1b: Terapagos|100\/100|[silent]\n|-ability|p1a: Ogerpon|Mold Breaker\n|-fieldstart|move: Grassy Terrain|[from] ability: Grassy Surge|[of] p2a: Rillaboom\n|turn|1\n|j| MillerH33\n|inactive|nomis1 has 30 seconds left.\n|\n|t:|1739475257\n|move|p2a: Rillaboom|Fake Out|p1a: Ogerpon\n|-damage|p1a: Ogerpon|86\/100\n|cant|p1a: Ogerpon|flinch\n|move|p1b: Terapagos|Tera Starstorm|p2a: Rillaboom\n|-damage|p2a: Rillaboom|24\/100\n|move|p2b: Amoonguss|Spore|p1b: Terapagos\n|-status|p1b: Terapagos|slp|[from] move: Spore\n|\n|-heal|p1a: Ogerpon|91\/100|[from] Grassy Terrain\n|-heal|p2a: Rillaboom|30\/100|[from] Grassy Terrain\n|upkeep\n|turn|2\n|\n|t:|1739475275\n|switch|p2a: Urshifu|Urshifu-Rapid-Strike, L50, M|100\/100\n|-terastallize|p2b: Amoonguss|Water\n|move|p1a: Ogerpon|Ivy Cudgel|p2b: Amoonguss|[anim] Ivy Cudgel Fire\n|-resisted|p2b: Amoonguss\n|-damage|p2b: Amoonguss|78\/100\n|cant|p1b: Terapagos|slp\n|move|p2b: Amoonguss|Sludge Bomb|p1a: Ogerpon\n|-supereffective|p1a: Ogerpon\n|-damage|p1a: Ogerpon|33\/100\n|\n|-heal|p1a: Ogerpon|39\/100|[from] Grassy Terrain\n|-heal|p2b: Amoonguss|84\/100|[from] Grassy Terrain\n|upkeep\n|turn|3\n|inactive|nomis1 has 30 seconds left.\n|inactive|chappell murkroan has 30 seconds left.\n|\n|t:|1739475306\n|switch|p1b: Tornadus|Tornadus, L50, M|100\/100\n|move|p2b: Amoonguss|Protect|p2b: Amoonguss\n|-singleturn|p2b: Amoonguss|Protect\n|move|p1a: Ogerpon|Wood Hammer|p2a: Urshifu\n|-supereffective|p2a: Urshifu\n|-damage|p2a: Urshifu|0 fnt\n|faint|p2a: Urshifu\n|-damage|p1a: Ogerpon|4\/100|[from] Recoil\n|\n|-heal|p1a: Ogerpon|10\/100|[from] Grassy Terrain\n|-heal|p2b: Amoonguss|90\/100|[from] Grassy Terrain\n|upkeep\n|\n|t:|1739475317\n|switch|p2a: Calyrex|Calyrex-Shadow, L50|100\/100\n|-ability|p2a: Calyrex|As One\n|-ability|p2a: Calyrex|Unnerve\n|turn|4\n|\n|t:|1739475342\n|move|p1b: Tornadus|Tailwind|p1b: Tornadus\n|-sidestart|p1: nomis1|move: Tailwind\n|move|p1a: Ogerpon|Wood Hammer|p2b: Amoonguss\n|-supereffective|p2b: Amoonguss\n|-damage|p2b: Amoonguss|0 fnt\n|-damage|p1a: Ogerpon|0 fnt|[from] item: Rocky Helmet|[of] p2b: Amoonguss\n|faint|p2b: Amoonguss\n|faint|p1a: Ogerpon\n|move|p2a: Calyrex|Astral Barrage|p1b: Tornadus\n|-damage|p1b: Tornadus|0 fnt\n|faint|p1b: Tornadus\n|-ability|p2a: Calyrex|Grim Neigh|boost\n|-boost|p2a: Calyrex|spa|1\n|-damage|p2a: Calyrex|91\/100|[from] item: Life Orb\n|\n|-heal|p2a: Calyrex|97\/100|[from] Grassy Terrain\n|upkeep\n|j| nocluewhat2do\n|\n|t:|1739475355\n|switch|p1b: Smeargle|Smeargle, L50, F|100\/100\n|switch|p1a: Terapagos|Terapagos-Terastal, L50, M|100\/100 slp\n|switch|p2b: Rillaboom|Rillaboom, L50, M|30\/100\n|turn|5\n|\n|t:|1739475368\n|move|p1b: Smeargle|Fake Out|p2b: Rillaboom\n|-damage|p2b: Rillaboom|24\/100\n|cant|p2b: Rillaboom|flinch\n|cant|p1a: Terapagos|slp\n|move|p2a: Calyrex|Psyshock|p1b: Smeargle\n|-enditem|p1b: Smeargle|Focus Sash\n|-damage|p1b: Smeargle|1\/100\n|-damage|p2a: Calyrex|87\/100|[from] item: Life Orb\n|\n|-heal|p1b: Smeargle|7\/100|[from] Grassy Terrain\n|-heal|p2a: Calyrex|94\/100|[from] Grassy Terrain\n|-heal|p2b: Rillaboom|30\/100|[from] Grassy Terrain\n|-fieldend|move: Grassy Terrain\n|-ability|p1b: Smeargle|Moody|boost\n|-boost|p1b: Smeargle|atk|2\n|-unboost|p1b: Smeargle|spd|1\n|upkeep\n|turn|6\n|inactive|nomis1 has 30 seconds left.\n|inactive|nomis1 has 20 seconds left.\n|inactive|nomis1 has 15 seconds left.\n|inactive|nomis1 has 10 seconds left.\n|\n|t:|1739475418\n|-terastallize|p1a: Terapagos|Stellar\n|detailschange|p1a: Terapagos|Terapagos-Stellar, L50, M, tera:Stellar\n|-heal|p1a: Terapagos|100\/100 slp|[silent]\n|move|p1b: Smeargle|Spore|p2a: Calyrex\n|-status|p2a: Calyrex|slp|[from] move: Spore\n|-curestatus|p1a: Terapagos|slp|[msg]\n|move|p1a: Terapagos|Tera Starstorm|p2b: Rillaboom|[spread] p2a,p2b\n|-damage|p2a: Calyrex|26\/100 slp\n|-damage|p2b: Rillaboom|0 fnt\n|faint|p2b: Rillaboom\n|cant|p2a: Calyrex|slp\n|\n|-ability|p1b: Smeargle|Moody|boost\n|-boost|p1b: Smeargle|spe|2\n|-unboost|p1b: Smeargle|spa|1\n|upkeep\n|turn|7\n|-message|chappell murkroan forfeited.\n|\n|win|nomis1\n|raw|nomis1's rating: 1604 &rarr; <strong>1629<\/strong><br \/>(+25 for winning)\n|raw|chappell murkroan's rating: 1687 &rarr; <strong>1662<\/strong><br \/>(-25 for losing)\n|l|\u2606chappell murkroan\n|player|p2|\n|l|\u2606nomis1\n|player|p1|\n|l| nocluewhat2do\n","uploadtime":1739475432,"views":30,"formatid":"gen9vgc2025regg","rating":1629,"private":0,"password":null}