{"id":"gen9vgc2025regg-2300574044","format":"[Gen 9] VGC 2025 Reg G","players":["necrozma000","yoyotakatest"],"log":"|j|\u2606necrozma000\n|j|\u2606yoyotakatest\n|t:|1739526582\n|gametype|doubles\n|player|p1|necrozma000|lillie-z|1666\n|player|p2|yoyotakatest|101|1525\n|teamsize|p1|6\n|teamsize|p2|6\n|gen|9\n|tier|[Gen 9] VGC 2025 Reg G\n|rated|\n|rule|Species Clause: Limit one of each Pok\u00e9mon\n|rule|Item Clause: Limit 1 of each item\n|clearpoke\n|poke|p1|Tornadus, L50, M|\n|poke|p1|Kleavor, L50, M|\n|poke|p1|Calyrex-Shadow, L50|\n|poke|p1|Urshifu-*, L50, M|\n|poke|p1|Chi-Yu, L50|\n|poke|p1|Indeedee-F, L50, F|\n|poke|p2|Kyogre, L50|\n|poke|p2|Roaring Moon, L50|\n|poke|p2|Landorus, L50, M|\n|poke|p2|Bruxish, L50, M|\n|poke|p2|Indeedee-F, L50, F|\n|poke|p2|Scizor, L50, M|\n|teampreview|4\n|\n|t:|1739526611\n|start\n|switch|p1a: Tornadus|Tornadus, L50, M|100\/100\n|switch|p1b: Urshifu|Urshifu-Rapid-Strike, L50, M|100\/100\n|switch|p2a: Kyogre|Kyogre, L50|100\/100\n|switch|p2b: Indeedee|Indeedee-F, L50, F|100\/100\n|-weather|RainDance|[from] ability: Drizzle|[of] p2a: Kyogre\n|turn|1\n|\n|t:|1739526647\n|-terastallize|p2a: Kyogre|Water\n|move|p2b: Indeedee|Fake Out|p1b: Urshifu\n|-damage|p1b: Urshifu|92\/100\n|move|p1a: Tornadus|Tailwind|p1a: Tornadus\n|-sidestart|p1: necrozma000|move: Tailwind\n|cant|p1b: Urshifu|flinch\n|move|p2a: Kyogre|Water Spout|p1a: Tornadus|[spread] p1a,p1b\n|-resisted|p1b: Urshifu\n|-damage|p1a: Tornadus|0 fnt\n|-damage|p1b: Urshifu|0 fnt\n|faint|p1a: Tornadus\n|faint|p1b: Urshifu\n|\n|-weather|RainDance|[upkeep]\n|upkeep\n|\n|t:|1739526654\n|switch|p1a: Kleavor|Kleavor, L50, M|100\/100\n|switch|p1b: Calyrex|Calyrex-Shadow, L50|100\/100\n|-ability|p1b: Calyrex|As One\n|-ability|p1b: Calyrex|Unnerve\n|turn|2\n|\n|t:|1739526674\n|-terastallize|p1b: Calyrex|Ghost\n|move|p1b: Calyrex|Astral Barrage|p2a: Kyogre|[spread] p2a\n|-immune|p2b: Indeedee\n|-damage|p2a: Kyogre|12\/100\n|move|p1a: Kleavor|X-Scissor|p2b: Indeedee\n|-supereffective|p2b: Indeedee\n|-damage|p2b: Indeedee|0 fnt\n|-damage|p1a: Kleavor|84\/100|[from] item: Rocky Helmet|[of] p2b: Indeedee\n|faint|p2b: Indeedee\n|move|p2a: Kyogre|Water Spout|p1b: Calyrex|[spread] p1a,p1b\n|-supereffective|p1a: Kleavor\n|-damage|p1a: Kleavor|42\/100\n|-damage|p1b: Calyrex|75\/100\n|\n|-weather|RainDance|[upkeep]\n|upkeep\n|\n|t:|1739526697\n|switch|p2b: Scizor|Scizor, L50, M|100\/100\n|turn|3\n|j| DanceOrchestra\n|\n|t:|1739526711\n|move|p1a: Kleavor|Feint|p2b: Scizor\n|-resisted|p2b: Scizor\n|-damage|p2b: Scizor|95\/100\n|move|p2b: Scizor|Bullet Punch|p1a: Kleavor\n|-supereffective|p1a: Kleavor\n|-damage|p1a: Kleavor|0 fnt\n|faint|p1a: Kleavor\n|move|p1b: Calyrex|Astral Barrage|p2b: Scizor|[spread] p2a,p2b\n|-damage|p2a: Kyogre|0 fnt\n|-damage|p2b: Scizor|0 fnt\n|faint|p2a: Kyogre\n|faint|p2b: Scizor\n|-ability|p1b: Calyrex|Grim Neigh|boost\n|-boost|p1b: Calyrex|spa|2\n|\n|-weather|RainDance|[upkeep]\n|upkeep\n|\n|t:|1739526728\n|switch|p2b: Roaring Moon|Roaring Moon, L50|100\/100\n|-enditem|p2b: Roaring Moon|Booster Energy\n|-activate|p2b: Roaring Moon|ability: Protosynthesis|[fromitem]\n|-start|p2b: Roaring Moon|protosynthesisspe\n|turn|4\n|\n|t:|1739526733\n|move|p2b: Roaring Moon|Protect|p2b: Roaring Moon\n|-singleturn|p2b: Roaring Moon|Protect\n|move|p1b: Calyrex|Astral Barrage|p2b: Roaring Moon\n|-activate|p2b: Roaring Moon|move: Protect\n|\n|-weather|RainDance|[upkeep]\n|-sideend|p1: necrozma000|move: Tailwind\n|upkeep\n|turn|5\n|\n|t:|1739526743\n|move|p2b: Roaring Moon|Knock Off|p1b: Calyrex\n|-supereffective|p1b: Calyrex\n|-crit|p1b: Calyrex\n|-damage|p1b: Calyrex|0 fnt\n|-enditem|p1b: Calyrex|Choice Specs|[from] move: Knock Off|[of] p2b: Roaring Moon\n|faint|p1b: Calyrex\n|\n|win|yoyotakatest\n|raw|necrozma000's rating: 1666 &rarr; <strong>1638<\/strong><br \/>(-28 for losing)\n|raw|yoyotakatest's rating: 1525 &rarr; <strong>1553<\/strong><br \/>(+28 for winning)\n|l|\u2606necrozma000\n|player|p1|\n|l|\u2606yoyotakatest\n|player|p2|\n","uploadtime":1739526899,"views":11,"formatid":"gen9vgc2025regg","rating":1553,"private":0,"password":null}