{"id":"gen9vgc2025regg-2300359217","format":"[Gen 9] VGC 2025 Reg G","players":["Aires17","hyperium1233"],"log":"|j|\u2606Aires17\n|j|\u2606hyperium1233\n|t:|1739491814\n|gametype|doubles\n|player|p1|Aires17|266|1576\n|player|p2|hyperium1233|#ptpl3medicham|1571\n|teamsize|p1|6\n|teamsize|p2|6\n|gen|9\n|tier|[Gen 9] VGC 2025 Reg G\n|rated|\n|rule|Species Clause: Limit one of each Pok\u00e9mon\n|rule|Item Clause: Limit 1 of each item\n|clearpoke\n|poke|p1|Calyrex-Shadow, L50|\n|poke|p1|Urshifu-*, L50, F|\n|poke|p1|Whimsicott, L50, F|\n|poke|p1|Ogerpon-Hearthflame, L50, F|\n|poke|p1|Landorus, L50, M|\n|poke|p1|Indeedee-F, L50, F|\n|poke|p2|Calyrex-Ice, L50|\n|poke|p2|Urshifu-*, L50, M|\n|poke|p2|Pelipper, L50, M|\n|poke|p2|Amoonguss, L50, M|\n|poke|p2|Iron Valiant, L50|\n|poke|p2|Landorus, L50, M|\n|teampreview|4\n|\n|t:|1739491838\n|start\n|switch|p1a: Shepparoni|Whimsicott, L50, F|100\/100\n|switch|p1b: Panda|Urshifu-Rapid-Strike, L50, F|100\/100\n|switch|p2a: Calyrex|Calyrex-Ice, L50|100\/100\n|switch|p2b: Iron Valiant|Iron Valiant, L50, shiny|100\/100\n|-ability|p2a: Calyrex|As One\n|-ability|p2a: Calyrex|Unnerve\n|-enditem|p2b: Iron Valiant|Booster Energy\n|-activate|p2b: Iron Valiant|ability: Quark Drive|[fromitem]\n|-start|p2b: Iron Valiant|quarkdrivespe\n|turn|1\n|\n|t:|1739491861\n|switch|p2a: Amoonguss|Amoonguss, L50, M|100\/100\n|move|p1a: Shepparoni|Tailwind|p1a: Shepparoni\n|-sidestart|p1: Aires17|move: Tailwind\n|move|p2b: Iron Valiant|Encore|p1a: Shepparoni\n|-start|p1a: Shepparoni|Encore\n|move|p1b: Panda|Surging Strikes|p2b: Iron Valiant\n|-crit|p2b: Iron Valiant\n|-damage|p2b: Iron Valiant|74\/100\n|-crit|p2b: Iron Valiant\n|-damage|p2b: Iron Valiant|50\/100\n|-crit|p2b: Iron Valiant\n|-damage|p2b: Iron Valiant|24\/100\n|-hitcount|p2b: Iron Valiant|3\n|\n|upkeep\n|turn|2\n|j| IshzarkVGC\n|\n|t:|1739491884\n|switch|p1a: Horsee|Calyrex-Shadow, L50|100\/100\n|-ability|p1a: Horsee|As One\n|-ability|p1a: Horsee|Unnerve\n|switch|p1b: Momma|Indeedee-F, L50, F|100\/100\n|-fieldstart|move: Psychic Terrain|[from] ability: Psychic Surge|[of] p1b: Momma\n|-enditem|p1a: Horsee|Psychic Seed\n|-boost|p1a: Horsee|spd|1|[from] item: Psychic Seed\n|move|p2b: Iron Valiant|Spirit Break|p1b: Momma\n|-damage|p1b: Momma|71\/100\n|-unboost|p1b: Momma|spa|1\n|-damage|p2b: Iron Valiant|7\/100|[from] item: Rocky Helmet|[of] p1b: Momma\n|move|p2a: Amoonguss|Spore|p1a: Horsee\n|-status|p1a: Horsee|slp|[from] move: Spore\n|\n|upkeep\n|turn|3\n|\n|t:|1739491923\n|switch|p2a: Calyrex|Calyrex-Ice, L50|100\/100\n|-ability|p2a: Calyrex|As One\n|-ability|p2a: Calyrex|Unnerve\n|move|p1b: Momma|Follow Me|p1b: Momma\n|-singleturn|p1b: Momma|move: Follow Me\n|cant|p1a: Horsee|slp\n|move|p2b: Iron Valiant|Coaching|p2a: Calyrex\n|-boost|p2a: Calyrex|atk|1\n|-boost|p2a: Calyrex|def|1\n|\n|upkeep\n|turn|4\n|\n|t:|1739491946\n|-terastallize|p2a: Calyrex|Grass\n|move|p1b: Momma|Helping Hand|p1a: Horsee\n|-singleturn|p1a: Horsee|Helping Hand|[of] p1b: Momma\n|move|p2b: Iron Valiant|Wide Guard|p2b: Iron Valiant\n|-singleturn|p2b: Iron Valiant|Wide Guard\n|-curestatus|p1a: Horsee|slp|[msg]\n|move|p1a: Horsee|Astral Barrage|p2a: Calyrex|[spread] \n|-activate|p2a: Calyrex|move: Wide Guard\n|-activate|p2b: Iron Valiant|move: Wide Guard\n|move|p2a: Calyrex|Trick Room|p2a: Calyrex\n|-fieldstart|move: Trick Room|[of] p2a: Calyrex\n|\n|-sideend|p1: Aires17|move: Tailwind\n|upkeep\n|turn|5\n|\n|t:|1739491968\n|switch|p1b: Panda|Urshifu-Rapid-Strike, L50, F|100\/100\n|move|p2a: Calyrex|Glacial Lance|p1a: Horsee|[spread] p1a,p1b\n|-resisted|p1b: Panda\n|-damage|p1a: Horsee|0 fnt\n|-damage|p1b: Panda|63\/100\n|faint|p1a: Horsee\n|-ability|p2a: Calyrex|Chilling Neigh|boost\n|-boost|p2a: Calyrex|atk|1\n|move|p2b: Iron Valiant|Coaching|p2a: Calyrex\n|-boost|p2a: Calyrex|atk|1\n|-boost|p2a: Calyrex|def|1\n|\n|upkeep\n|\n|t:|1739491985\n|switch|p1a: Momma|Indeedee-F, L50, F|71\/100\n|turn|6\n|\n|t:|1739491996\n|-terastallize|p1b: Panda|Stellar\n|move|p1a: Momma|Helping Hand|p1b: Panda\n|-singleturn|p1b: Panda|Helping Hand|[of] p1a: Momma\n|move|p2a: Calyrex|Glacial Lance|p1a: Momma|[spread] p1a,p1b\n|-resisted|p1b: Panda\n|-damage|p1a: Momma|0 fnt\n|-damage|p1b: Panda|4\/100\n|faint|p1a: Momma\n|-ability|p2a: Calyrex|Chilling Neigh|boost\n|-boost|p2a: Calyrex|atk|1\n|move|p1b: Panda|Surging Strikes|p2a: Calyrex\n|-resisted|p2a: Calyrex\n|-crit|p2a: Calyrex\n|-damage|p2a: Calyrex|85\/100\n|-resisted|p2a: Calyrex\n|-crit|p2a: Calyrex\n|-damage|p2a: Calyrex|70\/100\n|-resisted|p2a: Calyrex\n|-crit|p2a: Calyrex\n|-damage|p2a: Calyrex|54\/100\n|-hitcount|p2a: Calyrex|3\n|move|p2b: Iron Valiant|Spirit Break|p1b: Panda\n|-supereffective|p1b: Panda\n|-damage|p1b: Panda|0 fnt\n|faint|p1b: Panda\n|\n|-fieldend|move: Psychic Terrain\n|upkeep\n|j| comfy n ez 2 wear\n|-message|Aires17 forfeited.\n|\n|win|hyperium1233\n|raw|Aires17's rating: 1576 &rarr; <strong>1556<\/strong><br \/>(-20 for losing)\n|raw|hyperium1233's rating: 1571 &rarr; <strong>1591<\/strong><br \/>(+20 for winning)\n|l|\u2606Aires17\n|player|p1|\n|l|\u2606hyperium1233\n|player|p2|\n|l| IshzarkVGC\n","uploadtime":1739492282,"views":4,"formatid":"gen9vgc2025regg","rating":1556,"private":0,"password":null}