{"id":"gen9vgc2025regg-2300258586","format":"[Gen 9] VGC 2025 Reg G","players":["Daleg","Cellpab1"],"log":"|j|\u2606Daleg\n|j|\u2606Cellpab1\n|t:|1739480319\n|gametype|doubles\n|player|p1|Daleg|265|1676\n|player|p2|Cellpab1|101|1742\n|teamsize|p1|6\n|teamsize|p2|6\n|gen|9\n|tier|[Gen 9] VGC 2025 Reg G\n|rated|\n|rule|Species Clause: Limit one of each Pok\u00e9mon\n|rule|Item Clause: Limit 1 of each item\n|clearpoke\n|poke|p1|Zamazenta-*, L50|\n|poke|p1|Raging Bolt, L50|\n|poke|p1|Amoonguss, L50, M|\n|poke|p1|Chien-Pao, L50|\n|poke|p1|Flutter Mane, L50|\n|poke|p1|Arcanine-Hisui, L50, F|\n|poke|p2|Raging Bolt, L50|\n|poke|p2|Urshifu-*, L50, F|\n|poke|p2|Calyrex-Ice, L50|\n|poke|p2|Landorus, L50, M|\n|poke|p2|Brute Bonnet, L50|\n|poke|p2|Ogerpon-Hearthflame, L50, F|\n|teampreview|4\n|inactive|Battle timer is ON: inactive players will automatically lose when time's up. (requested by Daleg)\n|\n|t:|1739480376\n|start\n|switch|p1a: Arcanine|Arcanine-Hisui, L50, F|100\/100\n|switch|p1b: Zamazenta|Zamazenta-Crowned, L50|100\/100\n|switch|p2a: Urshifu|Urshifu-Rapid-Strike, L50, F|100\/100\n|switch|p2b: Calyrex|Calyrex-Ice, L50|100\/100\n|-ability|p2b: Calyrex|As One\n|-ability|p2b: Calyrex|Unnerve\n|-ability|p1b: Zamazenta|Dauntless Shield|boost\n|-boost|p1b: Zamazenta|def|1\n|-ability|p1a: Arcanine|Intimidate|boost\n|-unboost|p2a: Urshifu|atk|1\n|-fail|p2b: Calyrex|unboost|[from] item: Clear Amulet|[of] p2b: Calyrex\n|turn|1\n|inactive|Daleg has 30 seconds left.\n|inactive|Cellpab1 has 30 seconds left.\n|\n|t:|1739480409\n|switch|p1a: Amoonguss|Amoonguss, L50, M|100\/100\n|-terastallize|p2b: Calyrex|Fairy\n|move|p2a: Urshifu|Detect|p2a: Urshifu\n|-singleturn|p2a: Urshifu|Protect\n|move|p1b: Zamazenta|Body Press|p2a: Urshifu\n|-activate|p2a: Urshifu|move: Protect\n|move|p2b: Calyrex|High Horsepower|p1a: Amoonguss\n|-damage|p1a: Amoonguss|72\/100\n|-damage|p2b: Calyrex|84\/100|[from] item: Rocky Helmet|[of] p1a: Amoonguss\n|\n|upkeep\n|turn|2\n|inactive|Daleg has 30 seconds left.\n|inactive|Cellpab1 has 30 seconds left.\n|inactive|Daleg has 20 seconds left.\n|inactive|Cellpab1 has 20 seconds left.\n|inactive|Daleg has 15 seconds left.\n|inactive|Cellpab1 has 15 seconds left.\n|inactive|Daleg has 10 seconds left.\n|inactive|Cellpab1 has 10 seconds left.\n|inactive|Daleg has 5 seconds left.\n|inactive|Cellpab1 has 5 seconds left.\n|\n|t:|1739480461\n|move|p1b: Zamazenta|Wide Guard|p1b: Zamazenta\n|-singleturn|p1b: Zamazenta|Wide Guard\n|move|p2a: Urshifu|Surging Strikes|p1b: Zamazenta\n|-crit|p1b: Zamazenta\n|-damage|p1b: Zamazenta|86\/100\n|-crit|p1b: Zamazenta\n|-damage|p1b: Zamazenta|71\/100\n|-crit|p1b: Zamazenta\n|-damage|p1b: Zamazenta|56\/100\n|-hitcount|p1b: Zamazenta|3\n|move|p2b: Calyrex|Glacial Lance|p1a: Amoonguss|[spread] \n|-activate|p1a: Amoonguss|move: Wide Guard\n|-activate|p1b: Zamazenta|move: Wide Guard\n|move|p1a: Amoonguss|Spore|p2a: Urshifu\n|-status|p2a: Urshifu|slp|[from] move: Spore\n|\n|upkeep\n|turn|3\n|j| zacattack110\n|inactive|Daleg has 30 seconds left.\n|inactive|Cellpab1 has 30 seconds left.\n|\n|t:|1739480488\n|move|p1b: Zamazenta|Iron Defense|p1b: Zamazenta\n|-boost|p1b: Zamazenta|def|2\n|cant|p2a: Urshifu|slp\n|move|p2b: Calyrex|Glacial Lance|p1a: Amoonguss|[spread] p1a,p1b\n|-supereffective|p1a: Amoonguss\n|-resisted|p1b: Zamazenta\n|-damage|p1a: Amoonguss|0 fnt\n|-damage|p1b: Zamazenta|48\/100\n|faint|p1a: Amoonguss\n|-ability|p2b: Calyrex|Chilling Neigh|boost\n|-boost|p2b: Calyrex|atk|1\n|\n|upkeep\n|j| teraghostisbad\n|\n|t:|1739480504\n|switch|p1a: Arcanine|Arcanine-Hisui, L50, F|100\/100\n|-ability|p1a: Arcanine|Intimidate|boost\n|-unboost|p2a: Urshifu|atk|1\n|-fail|p2b: Calyrex|unboost|[from] item: Clear Amulet|[of] p2b: Calyrex\n|turn|4\n|inactive|Cellpab1 has 30 seconds left.\n|inactive|Cellpab1 has 20 seconds left.\n|\n|t:|1739480540\n|move|p1b: Zamazenta|Body Press|p2a: Urshifu\n|-damage|p2a: Urshifu|3\/100 slp\n|-curestatus|p2a: Urshifu|slp|[msg]\n|move|p2a: Urshifu|Surging Strikes|p1b: Zamazenta\n|-crit|p1b: Zamazenta\n|-damage|p1b: Zamazenta|33\/100\n|-crit|p1b: Zamazenta\n|-damage|p1b: Zamazenta|17\/100\n|-crit|p1b: Zamazenta\n|-damage|p1b: Zamazenta|2\/100\n|-hitcount|p1b: Zamazenta|3\n|move|p1a: Arcanine|Iron Head|p2b: Calyrex\n|-supereffective|p2b: Calyrex\n|-damage|p2b: Calyrex|34\/100\n|move|p2b: Calyrex|High Horsepower|p1a: Arcanine\n|-supereffective|p1a: Arcanine\n|-damage|p1a: Arcanine|0 fnt\n|faint|p1a: Arcanine\n|-ability|p2b: Calyrex|Chilling Neigh|boost\n|-boost|p2b: Calyrex|atk|1\n|\n|upkeep\n|\n|t:|1739480555\n|switch|p1a: Chien-Pao|Chien-Pao, L50|100\/100\n|-ability|p1a: Chien-Pao|Sword of Ruin\n|turn|5\n|inactive|Daleg has 30 seconds left.\n|inactive|Cellpab1 has 30 seconds left.\n|inactive|Daleg has 20 seconds left.\n|inactive|Cellpab1 has 20 seconds left.\n|inactive|Cellpab1 has 15 seconds left.\n|\n|t:|1739480597\n|move|p2b: Calyrex|Protect|p2b: Calyrex\n|-singleturn|p2b: Calyrex|Protect\n|move|p1a: Chien-Pao|Sucker Punch|p2a: Urshifu\n|-resisted|p2a: Urshifu\n|-damage|p2a: Urshifu|0 fnt\n|faint|p2a: Urshifu\n|move|p1b: Zamazenta|Body Press|p2b: Calyrex\n|-activate|p2b: Calyrex|move: Protect\n|\n|upkeep\n|\n|t:|1739480604\n|switch|p2a: Landorus|Landorus, L50, M|100\/100\n|turn|6\n|inactive|Cellpab1 has 30 seconds left.\n|\n|t:|1739480633\n|move|p2a: Landorus|Earth Power|p1b: Zamazenta\n|-supereffective|p1b: Zamazenta\n|-damage|p1b: Zamazenta|0 fnt\n|faint|p1b: Zamazenta\n|move|p1a: Chien-Pao|Ice Spinner|p2b: Calyrex\n|-damage|p2b: Calyrex|0 fnt\n|faint|p2b: Calyrex\n|\n|upkeep\n|\n|t:|1739480640\n|switch|p2b: Ogerpon|Ogerpon-Hearthflame, L50, F|100\/100\n|-ability|p2b: Ogerpon|Mold Breaker\n|turn|7\n|inactive|Cellpab1 has 30 seconds left.\n|\n|t:|1739480670\n|-terastallize|p1a: Chien-Pao|Ghost\n|move|p2b: Ogerpon|Follow Me|p2b: Ogerpon\n|-singleturn|p2b: Ogerpon|move: Follow Me\n|move|p2a: Landorus|Earth Power|p1a: Chien-Pao\n|-enditem|p1a: Chien-Pao|Focus Sash\n|-damage|p1a: Chien-Pao|1\/100\n|move|p1a: Chien-Pao|Ice Spinner|p2b: Ogerpon\n|-crit|p2b: Ogerpon\n|-damage|p2b: Ogerpon|13\/100\n|\n|upkeep\n|turn|8\n|\n|t:|1739480683\n|move|p1a: Chien-Pao|Protect|p1a: Chien-Pao\n|-singleturn|p1a: Chien-Pao|Protect\n|move|p2a: Landorus|Earth Power|p1a: Chien-Pao\n|-activate|p1a: Chien-Pao|move: Protect\n|move|p2b: Ogerpon|Ivy Cudgel|p1a: Chien-Pao|[anim] Ivy Cudgel Fire\n|-activate|p1a: Chien-Pao|move: Protect\n|\n|upkeep\n|turn|9\n|\n|t:|1739480692\n|move|p1a: Chien-Pao|Sucker Punch|p2b: Ogerpon\n|-damage|p2b: Ogerpon|0 fnt\n|faint|p2b: Ogerpon\n|move|p2a: Landorus|Earth Power|p1a: Chien-Pao\n|-damage|p1a: Chien-Pao|0 fnt\n|faint|p1a: Chien-Pao\n|\n|win|Cellpab1\n|raw|Daleg's rating: 1676 &rarr; <strong>1660<\/strong><br \/>(-16 for losing)\n|raw|Cellpab1's rating: 1742 &rarr; <strong>1758<\/strong><br \/>(+16 for winning)\n|l|\u2606Cellpab1\n|player|p2|\n|l|\u2606Daleg\n|player|p1|\n|l| zacattack110\n","uploadtime":1739480925,"views":11,"formatid":"gen9vgc2025regg","rating":1660,"private":0,"password":null}