{"id":"gen9vgc2025regg-2300594646","format":"[Gen 9] VGC 2025 Reg G","players":["bieiup","The Slimmest Jesus"],"log":"|j|\u2606bieiup\n|j|\u2606The Slimmest Jesus\n|t:|1739530142\n|gametype|doubles\n|player|p1|bieiup|lillie-z|1708\n|player|p2|The Slimmest Jesus|2|1776\n|teamsize|p1|6\n|teamsize|p2|6\n|gen|9\n|tier|[Gen 9] VGC 2025 Reg G\n|rated|\n|rule|Species Clause: Limit one of each Pok\u00e9mon\n|rule|Item Clause: Limit 1 of each item\n|clearpoke\n|poke|p1|Raging Bolt, L50|\n|poke|p1|Miraidon, L50|\n|poke|p1|Chi-Yu, L50|\n|poke|p1|Torkoal, L50, F|\n|poke|p1|Farigiraf, L50, F|\n|poke|p1|Ursaluna, L50, M|\n|poke|p2|Indeedee-F, L50, F|\n|poke|p2|Regidrago, L50|\n|poke|p2|Torkoal, L50, M|\n|poke|p2|Gallade, L50, M|\n|poke|p2|Calyrex-Ice, L50|\n|poke|p2|Lilligant-Hisui, L50, F|\n|teampreview|4\n|inactive|Battle timer is ON: inactive players will automatically lose when time's up. (requested by bieiup)\n|inactive|bieiup has 60 seconds left.\n|inactive|The Slimmest Jesus has 60 seconds left.\n|j| omegabackshots\n|inactive|bieiup has 30 seconds left.\n|inactive|The Slimmest Jesus has 30 seconds left.\n|inactive|The Slimmest Jesus has 20 seconds left.\n|inactive|The Slimmest Jesus has 15 seconds left.\n|inactive|bieiup has 20 seconds left.\n|\n|t:|1739530226\n|start\n|switch|p1a: Raging Bolt|Raging Bolt, L50|100\/100\n|switch|p1b: Miraidon|Miraidon, L50|100\/100\n|switch|p2a: Calyrex|Calyrex-Ice, L50|100\/100\n|switch|p2b: Lilligant|Lilligant-Hisui, L50, F|100\/100\n|-ability|p2a: Calyrex|As One\n|-ability|p2a: Calyrex|Unnerve\n|-fieldstart|move: Electric Terrain|[from] ability: Hadron Engine|[of] p1b: Miraidon\n|turn|1\n|inactive|The Slimmest Jesus has 30 seconds left.\n|inactive|The Slimmest Jesus has 20 seconds left.\n|\n|t:|1739530268\n|-terastallize|p1a: Raging Bolt|Electric\n|move|p2a: Calyrex|Protect|p2a: Calyrex\n|-singleturn|p2a: Calyrex|Protect\n|move|p1b: Miraidon|Volt Switch|p2a: Calyrex\n|-activate|p2a: Calyrex|move: Protect\n|move|p2b: Lilligant|Coaching|p2a: Calyrex\n|-boost|p2a: Calyrex|atk|1\n|-boost|p2a: Calyrex|def|1\n|move|p1a: Raging Bolt|Rising Voltage|p2a: Calyrex\n|-activate|p2a: Calyrex|move: Protect\n|\n|upkeep\n|turn|2\n|inactive|The Slimmest Jesus has 30 seconds left.\n|\n|t:|1739530300\n|switch|p2b: Indeedee|Indeedee-F, L50, F|100\/100\n|-fieldstart|move: Psychic Terrain|[from] ability: Psychic Surge|[of] p2b: Indeedee\n|move|p1b: Miraidon|Volt Switch|p2a: Calyrex\n|-damage|p2a: Calyrex|61\/100\n|\n|t:|1739530302\n|switch|p1b: Torkoal|Torkoal, L50, F|100\/100|[from] Volt Switch\n|-weather|SunnyDay|[from] ability: Drought|[of] p1b: Torkoal\n|-activate|p1a: Raging Bolt|ability: Protosynthesis\n|-start|p1a: Raging Bolt|protosynthesisspa\n|-item|p1b: Torkoal|Air Balloon\n|move|p1a: Raging Bolt|Rising Voltage|p2a: Calyrex\n|-damage|p2a: Calyrex|0 fnt\n|faint|p2a: Calyrex\n|-damage|p1a: Raging Bolt|91\/100|[from] item: Life Orb\n|\n|-weather|SunnyDay|[upkeep]\n|upkeep\n|j| mr pogostick\n|inactive|The Slimmest Jesus has 30 seconds left.\n|\n|t:|1739530335\n|switch|p2a: Regidrago|Regidrago, L50|100\/100\n|turn|3\n|\n|t:|1739530354\n|-terastallize|p2a: Regidrago|Dragon\n|move|p1a: Raging Bolt|Protect|p1a: Raging Bolt\n|-singleturn|p1a: Raging Bolt|Protect\n|move|p2b: Indeedee|Follow Me|p2b: Indeedee\n|-singleturn|p2b: Indeedee|move: Follow Me\n|move|p2a: Regidrago|Dragon Energy|p1b: Torkoal|[spread] p1b\n|-activate|p1a: Raging Bolt|move: Protect\n|-damage|p1b: Torkoal|0 fnt\n|-enditem|p1b: Torkoal|Air Balloon\n|faint|p1b: Torkoal\n|\n|-weather|SunnyDay|[upkeep]\n|upkeep\n|\n|t:|1739530363\n|switch|p1b: Miraidon|Miraidon, L50|100\/100\n|-fieldstart|move: Electric Terrain|[from] ability: Hadron Engine|[of] p1b: Miraidon\n|turn|4\n|inactive|The Slimmest Jesus has 30 seconds left.\n|inactive|The Slimmest Jesus has 20 seconds left.\n|inactive|The Slimmest Jesus has 15 seconds left.\n|\n|t:|1739530404\n|switch|p2b: Lilligant|Lilligant-Hisui, L50, F|100\/100\n|move|p2a: Regidrago|Protect|p2a: Regidrago\n|-singleturn|p2a: Regidrago|Protect\n|move|p1b: Miraidon|Volt Switch|p2a: Regidrago\n|-activate|p2a: Regidrago|move: Protect\n|move|p1a: Raging Bolt|Rising Voltage|p2a: Regidrago\n|-activate|p2a: Regidrago|move: Protect\n|\n|-weather|SunnyDay|[upkeep]\n|upkeep\n|turn|5\n|inactive|bieiup has 30 seconds left.\n|inactive|The Slimmest Jesus has 30 seconds left.\n|inactive|bieiup has 20 seconds left.\n|inactive|The Slimmest Jesus has 20 seconds left.\n|inactive|The Slimmest Jesus has 15 seconds left.\n|inactive|The Slimmest Jesus has 10 seconds left.\n|\n|t:|1739530450\n|move|p1a: Raging Bolt|Thunderclap|p2a: Regidrago\n|-resisted|p2a: Regidrago\n|-damage|p2a: Regidrago|36\/100\n|-damage|p1a: Raging Bolt|81\/100|[from] item: Life Orb\n|move|p2b: Lilligant|After You|p2a: Regidrago\n|-activate|p2a: Regidrago|move: After You\n|move|p2a: Regidrago|Dragon Energy|p1b: Miraidon|[spread] p1a,p1b\n|-supereffective|p1b: Miraidon\n|-damage|p1a: Raging Bolt|47\/100\n|-damage|p1b: Miraidon|34\/100\n|move|p1b: Miraidon|Volt Switch|p2a: Regidrago\n|-resisted|p2a: Regidrago\n|-crit|p2a: Regidrago\n|-damage|p2a: Regidrago|0 fnt\n|faint|p2a: Regidrago\n|\n|t:|1739530455\n|switch|p1b: Ursaluna|Ursaluna, L50, M|100\/100|[from] Volt Switch\n|\n|-weather|SunnyDay|[upkeep]\n|-status|p1b: Ursaluna|brn|[from] item: Flame Orb\n|upkeep\n|\n|t:|1739530468\n|switch|p2a: Indeedee|Indeedee-F, L50, F|100\/100\n|-fieldstart|move: Psychic Terrain|[from] ability: Psychic Surge|[of] p2a: Indeedee\n|turn|6\n|l| omegabackshots\n|inactive|The Slimmest Jesus has 30 seconds left.\n|\n|t:|1739530498\n|switch|p1b: Miraidon|Miraidon, L50|34\/100\n|-fieldstart|move: Electric Terrain|[from] ability: Hadron Engine|[of] p1b: Miraidon\n|move|p2a: Indeedee|Helping Hand|p2b: Lilligant\n|-singleturn|p2b: Lilligant|Helping Hand|[of] p2a: Indeedee\n|move|p2b: Lilligant|Close Combat|p1b: Miraidon\n|-damage|p1b: Miraidon|0 fnt\n|-unboost|p2b: Lilligant|def|1\n|-unboost|p2b: Lilligant|spd|1\n|faint|p1b: Miraidon\n|move|p1a: Raging Bolt|Rising Voltage|p2a: Indeedee\n|-hint|Rising Voltage's BP doubled on grounded target.\n|-damage|p2a: Indeedee|0 fnt\n|faint|p2a: Indeedee\n|-damage|p1a: Raging Bolt|37\/100|[from] item: Life Orb\n|\n|-weather|none\n|-end|p1a: Raging Bolt|Protosynthesis\n|upkeep\n|\n|t:|1739530499\n|switch|p1b: Ursaluna|Ursaluna, L50, M|100\/100 brn\n|turn|7\n|inactive|The Slimmest Jesus has 30 seconds left.\n|inactive|The Slimmest Jesus has 20 seconds left.\n|\n|t:|1739530536\n|move|p1b: Ursaluna|Protect|p1b: Ursaluna\n|-singleturn|p1b: Ursaluna|Protect\n|move|p1a: Raging Bolt|Thunderclap|p2b: Lilligant\n|-resisted|p2b: Lilligant\n|-enditem|p2b: Lilligant|Focus Sash\n|-damage|p2b: Lilligant|1\/100\n|-damage|p1a: Raging Bolt|27\/100|[from] item: Life Orb\n|move|p2b: Lilligant|Close Combat|p1a: Raging Bolt\n|-damage|p1a: Raging Bolt|0 fnt\n|-unboost|p2b: Lilligant|def|1\n|-unboost|p2b: Lilligant|spd|1\n|faint|p1a: Raging Bolt\n|-end|p1a: Raging Bolt|Protosynthesis|[silent]\n|\n|-damage|p1b: Ursaluna|95\/100 brn|[from] brn\n|upkeep\n|turn|8\n|\n|t:|1739530553\n|move|p2b: Lilligant|Close Combat|p1b: Ursaluna\n|-supereffective|p1b: Ursaluna\n|-crit|p1b: Ursaluna\n|-damage|p1b: Ursaluna|0 fnt\n|-unboost|p2b: Lilligant|def|1\n|-unboost|p2b: Lilligant|spd|1\n|faint|p1b: Ursaluna\n|\n|win|The Slimmest Jesus\n|raw|bieiup's rating: 1708 &rarr; <strong>1692<\/strong><br \/>(-16 for losing)\n|raw|The Slimmest Jesus's rating: 1776 &rarr; <strong>1792<\/strong><br \/>(+16 for winning)\n|l|\u2606bieiup\n|player|p1|\n|l| mr pogostick\n|j|\u2606bieiup\n|player|p1|bieiup|lillie-z|\n","uploadtime":1739530569,"views":8,"formatid":"gen9vgc2025regg","rating":1692,"private":0,"password":null}