{"id":"gen9vgc2025regg-2300873404","format":"[Gen 9] VGC 2025 Reg G","players":["Llemand","prototony"],"log":"|j|\u2606Llemand\n|j|\u2606prototony\n|t:|1739563058\n|gametype|doubles\n|player|p1|Llemand|caitlin|1548\n|player|p2|prototony|firebreather|1586\n|teamsize|p1|6\n|teamsize|p2|6\n|gen|9\n|tier|[Gen 9] VGC 2025 Reg G\n|rated|\n|rule|Species Clause: Limit one of each Pok\u00e9mon\n|rule|Item Clause: Limit 1 of each item\n|clearpoke\n|poke|p1|Incineroar, L50, M|\n|poke|p1|Rillaboom, L50, F|\n|poke|p1|Calyrex-Ice, L50|\n|poke|p1|Urshifu-*, L50, M|\n|poke|p1|Pelipper, L50, M|\n|poke|p1|Landorus, L50, M|\n|poke|p2|Calyrex-Ice, L50|\n|poke|p2|Urshifu-*, L50, M|\n|poke|p2|Pelipper, L50, F|\n|poke|p2|Amoonguss, L50, M|\n|poke|p2|Iron Valiant, L50|\n|poke|p2|Landorus, L50, M|\n|teampreview|4\n|inactive|Battle timer is ON: inactive players will automatically lose when time's up. (requested by Llemand)\n|inactive|prototony has 60 seconds left.\n|inactive|prototony has 30 seconds left.\n|\n|t:|1739563141\n|start\n|switch|p1a: Pelipper|Pelipper, L50, M, shiny|100\/100\n|switch|p1b: Rillaboom|Rillaboom, L50, F, shiny|100\/100\n|switch|p2a: Calyrex|Calyrex-Ice, L50|100\/100\n|switch|p2b: Iron Valiant|Iron Valiant, L50, shiny|100\/100\n|-ability|p2a: Calyrex|As One\n|-ability|p2a: Calyrex|Unnerve\n|-weather|RainDance|[from] ability: Drizzle|[of] p1a: Pelipper\n|-fieldstart|move: Grassy Terrain|[from] ability: Grassy Surge|[of] p1b: Rillaboom\n|-enditem|p2b: Iron Valiant|Booster Energy\n|-activate|p2b: Iron Valiant|ability: Quark Drive|[fromitem]\n|-start|p2b: Iron Valiant|quarkdrivespe\n|turn|1\n|\n|t:|1739563156\n|move|p2b: Iron Valiant|Protect|p2b: Iron Valiant\n|-singleturn|p2b: Iron Valiant|Protect\n|move|p2a: Calyrex|Protect|p2a: Calyrex\n|-singleturn|p2a: Calyrex|Protect\n|move|p1b: Rillaboom|Fake Out|p2b: Iron Valiant\n|-activate|p2b: Iron Valiant|move: Protect\n|move|p1a: Pelipper|Hurricane|p2b: Iron Valiant\n|-activate|p2b: Iron Valiant|move: Protect\n|\n|-weather|RainDance|[upkeep]\n|upkeep\n|turn|2\n|inactive|prototony has 30 seconds left.\n|inactive|prototony has 20 seconds left.\n|inactive|prototony has 15 seconds left.\n|inactive|prototony has 10 seconds left.\n|\n|t:|1739563204\n|move|p2b: Iron Valiant|Spirit Break|p1a: Pelipper\n|-damage|p1a: Pelipper|57\/100\n|-unboost|p1a: Pelipper|spa|1\n|move|p1a: Pelipper|Hurricane|p2b: Iron Valiant\n|-supereffective|p2b: Iron Valiant\n|-crit|p2b: Iron Valiant\n|-damage|p2b: Iron Valiant|0 fnt\n|faint|p2b: Iron Valiant\n|-end|p2b: Iron Valiant|Quark Drive|[silent]\n|move|p1b: Rillaboom|Wood Hammer|p2a: Calyrex\n|-damage|p2a: Calyrex|47\/100\n|-damage|p1b: Rillaboom|82\/100|[from] Recoil\n|move|p2a: Calyrex|Glacial Lance|p1a: Pelipper|[spread] p1a,p1b\n|-supereffective|p1b: Rillaboom\n|-crit|p1b: Rillaboom\n|-damage|p1a: Pelipper|0 fnt\n|-damage|p1b: Rillaboom|0 fnt\n|faint|p1a: Pelipper\n|faint|p1b: Rillaboom\n|-ability|p2a: Calyrex|Chilling Neigh|boost\n|-boost|p2a: Calyrex|atk|2\n|\n|-weather|RainDance|[upkeep]\n|-heal|p2a: Calyrex|53\/100|[from] Grassy Terrain\n|upkeep\n|\n|t:|1739563225\n|switch|p2b: Amoonguss|Amoonguss, L50, M|100\/100\n|switch|p1a: Incineroar|Incineroar, L50, M, shiny|100\/100\n|switch|p1b: Calyrex|Calyrex-Ice, L50|100\/100\n|-ability|p1b: Calyrex|As One\n|-ability|p1b: Calyrex|Unnerve\n|-ability|p1a: Incineroar|Intimidate|boost\n|-fail|p2a: Calyrex|unboost|[from] item: Clear Amulet|[of] p2a: Calyrex\n|-unboost|p2b: Amoonguss|atk|1\n|turn|3\n|\n|t:|1739563243\n|-terastallize|p1b: Calyrex|Water\n|move|p2a: Calyrex|Protect|p2a: Calyrex\n|-singleturn|p2a: Calyrex|Protect\n|move|p2b: Amoonguss|Protect|p2b: Amoonguss\n|-singleturn|p2b: Amoonguss|Protect\n|move|p1a: Incineroar|Flare Blitz|p2b: Amoonguss\n|-activate|p2b: Amoonguss|move: Protect\n|move|p1b: Calyrex|Glacial Lance|p2b: Amoonguss|[spread] \n|-activate|p2a: Calyrex|move: Protect\n|-activate|p2b: Amoonguss|move: Protect\n|\n|-weather|RainDance|[upkeep]\n|-heal|p2a: Calyrex|58\/100|[from] Grassy Terrain\n|upkeep\n|turn|4\n|\n|t:|1739563265\n|-terastallize|p2b: Amoonguss|Fire\n|move|p1a: Incineroar|Knock Off|p2a: Calyrex\n|-supereffective|p2a: Calyrex\n|-damage|p2a: Calyrex|3\/100\n|-enditem|p2a: Calyrex|Clear Amulet|[from] move: Knock Off|[of] p1a: Incineroar\n|move|p1b: Calyrex|Seed Bomb|p2b: Amoonguss\n|-resisted|p2b: Amoonguss\n|-damage|p2b: Amoonguss|85\/100\n|move|p2b: Amoonguss|Spore|p1b: Calyrex\n|-status|p1b: Calyrex|slp|[from] move: Spore\n|move|p2a: Calyrex|Trick Room|p2a: Calyrex\n|-fieldstart|move: Trick Room|[of] p2a: Calyrex\n|\n|-weather|RainDance|[upkeep]\n|-heal|p2b: Amoonguss|91\/100|[from] Grassy Terrain\n|-heal|p2a: Calyrex|9\/100|[from] Grassy Terrain\n|upkeep\n|turn|5\n|\n|t:|1739563280\n|move|p2b: Amoonguss|Pollen Puff|p2a: Calyrex\n|-heal|p2a: Calyrex|59\/100\n|move|p2a: Calyrex|High Horsepower|p1a: Incineroar\n|-supereffective|p1a: Incineroar\n|-damage|p1a: Incineroar|0 fnt\n|faint|p1a: Incineroar\n|-ability|p2a: Calyrex|Chilling Neigh|boost\n|-boost|p2a: Calyrex|atk|1\n|cant|p1b: Calyrex|slp\n|\n|-weather|none\n|-heal|p2b: Amoonguss|97\/100|[from] Grassy Terrain\n|-heal|p2a: Calyrex|65\/100|[from] Grassy Terrain\n|-fieldend|move: Grassy Terrain\n|upkeep\n|turn|6\n|c|\u2606Llemand|gg\n|\n|t:|1739563298\n|move|p2b: Amoonguss|Pollen Puff|p2a: Calyrex\n|-heal|p2a: Calyrex|100\/100\n|move|p2a: Calyrex|High Horsepower|p1b: Calyrex\n|-damage|p1b: Calyrex|41\/100 slp\n|cant|p1b: Calyrex|slp\n|\n|upkeep\n|turn|7\n|c|\u2606Llemand|Got too used to tera water amoongus\n|\n|t:|1739563307\n|switch|p2b: Pelipper|Pelipper, L50, F|100\/100\n|-weather|RainDance|[from] ability: Drizzle|[of] p2b: Pelipper\n|move|p2a: Calyrex|High Horsepower|p1b: Calyrex\n|-damage|p1b: Calyrex|0 fnt\n|faint|p1b: Calyrex\n|\n|win|prototony\n|raw|Llemand's rating: 1548 &rarr; <strong>1530<\/strong><br \/>(-18 for losing)\n|raw|prototony's rating: 1586 &rarr; <strong>1604<\/strong><br \/>(+18 for winning)\n|l|\u2606Llemand\n|player|p1|\n","uploadtime":1739563418,"views":6,"formatid":"gen9vgc2025regg","rating":1530,"private":0,"password":null}