{"id":"gen9vgc2025regg-2300837295","format":"[Gen 9] VGC 2025 Reg G","players":["BLiiNDProdiigy","cilan123"],"log":"|j|\u2606BLiiNDProdiigy\n|j|\u2606cilan123\n|t:|1739559165\n|gametype|doubles\n|player|p1|BLiiNDProdiigy|rocketgrunt|1639\n|player|p2|cilan123|cilan|1614\n|teamsize|p1|6\n|teamsize|p2|6\n|gen|9\n|tier|[Gen 9] VGC 2025 Reg G\n|rated|\n|rule|Species Clause: Limit one of each Pok\u00e9mon\n|rule|Item Clause: Limit 1 of each item\n|clearpoke\n|poke|p1|Terapagos, L50, M|\n|poke|p1|Incineroar, L50, M|\n|poke|p1|Rillaboom, L50, F|\n|poke|p1|Urshifu-*, L50, M|\n|poke|p1|Flutter Mane, L50|\n|poke|p1|Ogerpon-Hearthflame, L50, F|\n|poke|p2|Groudon, L50|\n|poke|p2|Ogerpon-Cornerstone, L50, F|\n|poke|p2|Raging Bolt, L50|\n|poke|p2|Farigiraf, L50, M|\n|poke|p2|Walking Wake, L50|\n|poke|p2|Gholdengo, L50|\n|teampreview|4\ncilan123 has agreed to open team sheets.\nBLiiNDProdiigy has agreed to open team sheets.\n|showteam|p1|Terapagos||Leftovers|TeraShift|CalmMind,TeraStarstorm,Substitute,Protect|||M|||50|,,,,,Stellar]Incineroar||RockyHelmet|Intimidate|PartingShot,KnockOff,WillOWisp,FakeOut|||M|||50|,,,,,Ghost]Rillaboom||AssaultVest|GrassySurge|FakeOut,WoodHammer,GrassyGlide,Uturn|||F|||50|,,,,,Fire]Urshifu-Rapid-Strike||MysticWater|UnseenFist|SurgingStrikes,CloseCombat,AquaJet,Protect|||M|||50|,,,,,Poison]Flutter Mane||BoosterEnergy|Protosynthesis|Moonblast,IcyWind,ThunderWave,Protect||||||50|,,,,,Fairy]Ogerpon-Hearthflame||HearthflameMask|MoldBreaker|IvyCudgel,WoodHammer,FollowMe,SpikyShield|||F|||50|,,,,,Fire\n|showteam|p2|Groudon||AssaultVest|Drought|HammerArm,PrecipiceBlades,HeatCrash,ThunderPunch||||||50|,,,,,Fire]Ogerpon-Cornerstone||CornerstoneMask|Sturdy|IvyCudgel,HornLeech,SpikyShield,FollowMe|||F|||50|,,,,,Rock]Raging Bolt||LifeOrb|Protosynthesis|WeatherBall,Thunderclap,Thunderbolt,DracoMeteor||||||50|,,,,,Grass]Farigiraf||ThroatSpray|ArmorTail|HyperVoice,PsychicNoise,TrickRoom,HelpingHand|||M|||50|,,,,,Fairy]Walking Wake||ChoiceSpecs|Protosynthesis|HydroSteam,FlipTurn,Flamethrower,DracoMeteor||||||50|,,,,,Water]Gholdengo||MetalCoat|GoodasGold|MakeItRain,ShadowBall,NastyPlot,Protect||||||50|,,,,,Steel\n|inactive|Battle timer is ON: inactive players will automatically lose when time's up. (requested by BLiiNDProdiigy)\n|\n|t:|1739559207\n|start\n|switch|p1a: Terapagos|Terapagos, L50, M|100\/100\n|switch|p1b: Incineroar|Incineroar, L50, M|100\/100\n|switch|p2a: Ogerpon|Ogerpon-Cornerstone, L50, F|100\/100\n|switch|p2b: saquon|Groudon, L50|100\/100\n|-activate|p1a: Terapagos|ability: Tera Shift\n|detailschange|p1a: Terapagos|Terapagos-Terastal, L50, M\n|-heal|p1a: Terapagos|100\/100|[silent]\n|-weather|SunnyDay|[from] ability: Drought|[of] p2b: saquon\n|-ability|p1b: Incineroar|Intimidate|boost\n|-unboost|p2a: Ogerpon|atk|1\n|-unboost|p2b: saquon|atk|1\n|turn|1\n|j| futonkagebunshin\n|\n|t:|1739559232\n|move|p1b: Incineroar|Fake Out|p2a: Ogerpon\n|-resisted|p2a: Ogerpon\n|-damage|p2a: Ogerpon|93\/100\n|cant|p2a: Ogerpon|flinch\n|move|p1a: Terapagos|Calm Mind|p1a: Terapagos\n|-boost|p1a: Terapagos|spa|1\n|-boost|p1a: Terapagos|spd|1\n|move|p2b: saquon|Precipice Blades|p1b: Incineroar|[spread] p1a\n|-miss|p2b: saquon|p1b: Incineroar\n|-activate|p1a: Terapagos|ability: Tera Shell\n|-resisted|p1a: Terapagos\n|-damage|p1a: Terapagos|85\/100\n|\n|-weather|SunnyDay|[upkeep]\n|-heal|p1a: Terapagos|91\/100|[from] item: Leftovers\n|upkeep\n|turn|2\n|inactive|cilan123 has 30 seconds left.\n|inactive|BLiiNDProdiigy has 30 seconds left.\n|inactive|cilan123 has 20 seconds left.\n|j| promare555\n|\n|t:|1739559273\n|move|p1a: Terapagos|Protect|p1a: Terapagos\n|-singleturn|p1a: Terapagos|Protect\n|move|p2a: Ogerpon|Ivy Cudgel|p1b: Incineroar|[anim] Ivy Cudgel Rock\n|-supereffective|p1b: Incineroar\n|-damage|p1b: Incineroar|40\/100\n|move|p2b: saquon|Precipice Blades|p1a: Terapagos|[spread] \n|-activate|p1a: Terapagos|move: Protect\n|-miss|p2b: saquon|p1b: Incineroar\n|move|p1b: Incineroar|Parting Shot|p2b: saquon\n|-unboost|p2b: saquon|atk|1\n|-unboost|p2b: saquon|spa|1\n|\n|t:|1739559278\n|switch|p1b: Flutter Mane|Flutter Mane, L50|100\/100|[from] Parting Shot\n|-activate|p1b: Flutter Mane|ability: Protosynthesis\n|-start|p1b: Flutter Mane|protosynthesisspe\n|\n|-weather|SunnyDay|[upkeep]\n|-heal|p1a: Terapagos|96\/100|[from] item: Leftovers\n|upkeep\n|turn|3\n|l| promare555\n|\n|t:|1739559292\n|switch|p2b: Raging Bolt|Raging Bolt, L50|100\/100\n|-activate|p2b: Raging Bolt|ability: Protosynthesis\n|-start|p2b: Raging Bolt|protosynthesisspa\n|-terastallize|p2a: Ogerpon|Rock\n|detailschange|p2a: Ogerpon|Ogerpon-Cornerstone-Tera, L50, F, tera:Rock\n|-ability|p2a: Ogerpon|Embody Aspect (Cornerstone)|boost\n|-boost|p2a: Ogerpon|def|1\n|-terastallize|p1a: Terapagos|Stellar\n|detailschange|p1a: Terapagos|Terapagos-Stellar, L50, M, tera:Stellar\n|-heal|p1a: Terapagos|97\/100|[silent]\n|-ability|p1a: Terapagos|Teraform Zero\n|-weather|none\n|-end|p1b: Flutter Mane|Protosynthesis\n|-end|p2b: Raging Bolt|Protosynthesis\n|-enditem|p1b: Flutter Mane|Booster Energy\n|-activate|p1b: Flutter Mane|ability: Protosynthesis|[fromitem]\n|-start|p1b: Flutter Mane|protosynthesisspe\n|move|p1b: Flutter Mane|Icy Wind|p2a: Ogerpon|[spread] p2a,p2b\n|-supereffective|p2b: Raging Bolt\n|-damage|p2a: Ogerpon|78\/100\n|-damage|p2b: Raging Bolt|79\/100\n|-unboost|p2a: Ogerpon|spe|1\n|-unboost|p2b: Raging Bolt|spe|1\n|move|p2a: Ogerpon|Ivy Cudgel|p1b: Flutter Mane|[anim] Ivy Cudgel Rock\n|-damage|p1b: Flutter Mane|25\/100\n|move|p1a: Terapagos|Tera Starstorm|p2a: Ogerpon|[spread] p2a,p2b\n|-supereffective|p2a: Ogerpon\n|-damage|p2a: Ogerpon|0 fnt\n|-damage|p2b: Raging Bolt|28\/100\n|faint|p2a: Ogerpon\n|\n|-heal|p1a: Terapagos|100\/100|[from] item: Leftovers\n|upkeep\n|j| Pokuchu\n|inactive|cilan123 has 30 seconds left.\n|\n|t:|1739559320\n|switch|p2a: saquon|Groudon, L50|100\/100\n|-weather|SunnyDay|[from] ability: Drought|[of] p2a: saquon\n|-activate|p2b: Raging Bolt|ability: Protosynthesis\n|-start|p2b: Raging Bolt|protosynthesisspa\n|turn|4\n|inactive|cilan123 has 30 seconds left.\n|\n|t:|1739559348\n|move|p1a: Terapagos|Protect|p1a: Terapagos\n|-singleturn|p1a: Terapagos|Protect\n|move|p1b: Flutter Mane|Icy Wind|p2a: saquon|[spread] p2a,p2b\n|-supereffective|p2a: saquon\n|-supereffective|p2b: Raging Bolt\n|-damage|p2a: saquon|86\/100\n|-damage|p2b: Raging Bolt|8\/100\n|-unboost|p2a: saquon|spe|1\n|-unboost|p2b: Raging Bolt|spe|1\n|move|p2a: saquon|Precipice Blades|p1b: Flutter Mane|[spread] p1b\n|-activate|p1a: Terapagos|move: Protect\n|-damage|p1b: Flutter Mane|0 fnt\n|faint|p1b: Flutter Mane\n|-end|p1b: Flutter Mane|Protosynthesis|[silent]\n|move|p2b: Raging Bolt|Thunderbolt|p1a: Terapagos\n|-activate|p1a: Terapagos|move: Protect\n|\n|-weather|SunnyDay|[upkeep]\n|upkeep\n|\n|t:|1739559355\n|switch|p1b: Incineroar|Incineroar, L50, M|40\/100\n|-ability|p1b: Incineroar|Intimidate|boost\n|-unboost|p2a: saquon|atk|1\n|-unboost|p2b: Raging Bolt|atk|1\n|turn|5\n|\n|t:|1739559367\n|move|p1b: Incineroar|Fake Out|p2a: saquon\n|-damage|p2a: saquon|78\/100\n|move|p2b: Raging Bolt|Thunderclap|p1a: Terapagos\n|-damage|p1a: Terapagos|70\/100\n|-damage|p2b: Raging Bolt|0 fnt|[from] item: Life Orb\n|faint|p2b: Raging Bolt\n|-end|p2b: Raging Bolt|Protosynthesis|[silent]\n|move|p1a: Terapagos|Tera Starstorm|p2a: saquon\n|-damage|p2a: saquon|31\/100\n|cant|p2a: saquon|flinch\n|\n|-weather|SunnyDay|[upkeep]\n|-heal|p1a: Terapagos|76\/100|[from] item: Leftovers\n|upkeep\n|\n|t:|1739559371\n|switch|p2b: Walking Wake|Walking Wake, L50|100\/100\n|-activate|p2b: Walking Wake|ability: Protosynthesis\n|-start|p2b: Walking Wake|protosynthesisspe\n|turn|6\n|\n|t:|1739559383\n|move|p1a: Terapagos|Protect|p1a: Terapagos\n|-singleturn|p1a: Terapagos|Protect\n|move|p2b: Walking Wake|Hydro Steam|p1a: Terapagos\n|-activate|p1a: Terapagos|move: Protect\n|move|p1b: Incineroar|Parting Shot|p2b: Walking Wake\n|-unboost|p2b: Walking Wake|atk|1\n|-unboost|p2b: Walking Wake|spa|1\n|\n|t:|1739559390\n|switch|p1b: Ogerpon|Ogerpon-Hearthflame, L50, F|100\/100|[from] Parting Shot\n|-ability|p1b: Ogerpon|Mold Breaker\n|move|p2a: saquon|Precipice Blades|p1a: Terapagos|[spread] \n|-activate|p1a: Terapagos|move: Protect\n|-miss|p2a: saquon|p1b: Ogerpon\n|\n|-weather|SunnyDay|[upkeep]\n|-heal|p1a: Terapagos|83\/100|[from] item: Leftovers\n|upkeep\n|turn|7\n|c|\u2606BLiiNDProdiigy|P-Blades is pay to lose\n|\n|t:|1739559405\n|move|p1b: Ogerpon|Follow Me|p1b: Ogerpon\n|-singleturn|p1b: Ogerpon|move: Follow Me\n|move|p2b: Walking Wake|Hydro Steam|p1b: Ogerpon\n|-damage|p1b: Ogerpon|36\/100\n|move|p1a: Terapagos|Tera Starstorm|p2b: Walking Wake|[spread] p2a,p2b\n|-damage|p2a: saquon|0 fnt\n|-damage|p2b: Walking Wake|35\/100\n|faint|p2a: saquon\n|\n|-weather|SunnyDay|[upkeep]\n|-heal|p1a: Terapagos|89\/100|[from] item: Leftovers\n|upkeep\n|turn|8\n|\n|t:|1739559409\n|move|p1b: Ogerpon|Follow Me|p1b: Ogerpon\n|-singleturn|p1b: Ogerpon|move: Follow Me\n|move|p2b: Walking Wake|Hydro Steam|p1b: Ogerpon\n|-damage|p1b: Ogerpon|0 fnt\n|faint|p1b: Ogerpon\n|move|p1a: Terapagos|Tera Starstorm|p2b: Walking Wake\n|-damage|p2b: Walking Wake|0 fnt\n|faint|p2b: Walking Wake\n|-end|p2b: Walking Wake|Protosynthesis|[silent]\n|\n|win|BLiiNDProdiigy\n|raw|BLiiNDProdiigy's rating: 1639 &rarr; <strong>1658<\/strong><br \/>(+19 for winning)\n|raw|cilan123's rating: 1614 &rarr; <strong>1595<\/strong><br \/>(-19 for losing)\n|l|\u2606BLiiNDProdiigy\n|player|p1|\n|l| Pokuchu\n","uploadtime":1739559412,"views":58,"formatid":"gen9vgc2025regg","rating":1595,"private":0,"password":null}