{"id":"gen9vgc2025regg-2300685928","format":"[Gen 9] VGC 2025 Reg G","players":["Realfrytki","bieiup"],"log":"|j|\u2606Realfrytki\n|j|\u2606bieiup\n|t:|1739543287\n|gametype|doubles\n|player|p1|Realfrytki|veteranf|1574\n|player|p2|bieiup|lillie-z|1552\n|teamsize|p1|6\n|teamsize|p2|6\n|gen|9\n|tier|[Gen 9] VGC 2025 Reg G\n|rated|\n|rule|Species Clause: Limit one of each Pok\u00e9mon\n|rule|Item Clause: Limit 1 of each item\n|clearpoke\n|poke|p1|Terapagos, L50, M|\n|poke|p1|Rillaboom, L50, M|\n|poke|p1|Urshifu-*, L50, M|\n|poke|p1|Grimmsnarl, L50, M|\n|poke|p1|Heatran, L50, F|\n|poke|p1|Sinistcha, L50|\n|poke|p2|Raging Bolt, L50|\n|poke|p2|Miraidon, L50|\n|poke|p2|Chi-Yu, L50|\n|poke|p2|Torkoal, L50, M|\n|poke|p2|Farigiraf, L50, M|\n|poke|p2|Ursaluna, L50, M|\n|teampreview|4\n|inactive|Battle timer is ON: inactive players will automatically lose when time's up. (requested by bieiup)\n|j| Snap shot933\n|\n|t:|1739543308\n|start\n|switch|p1a: Grimmsnarl|Grimmsnarl, L50, M|100\/100\n|switch|p1b: Terapagos|Terapagos, L50, M|100\/100\n|switch|p2a: Miraidon|Miraidon, L50|100\/100\n|switch|p2b: Farigiraf|Farigiraf, L50, M|100\/100\n|-activate|p1b: Terapagos|ability: Tera Shift\n|detailschange|p1b: Terapagos|Terapagos-Terastal, L50, M\n|-heal|p1b: Terapagos|100\/100|[silent]\n|-fieldstart|move: Electric Terrain|[from] ability: Hadron Engine|[of] p2a: Miraidon\n|-enditem|p2b: Farigiraf|Electric Seed\n|-boost|p2b: Farigiraf|def|1|[from] item: Electric Seed\n|turn|1\n|\n|t:|1739543329\n|-terastallize|p1b: Terapagos|Stellar\n|detailschange|p1b: Terapagos|Terapagos-Stellar, L50, M, tera:Stellar\n|-heal|p1b: Terapagos|100\/100|[silent]\n|-ability|p1b: Terapagos|Teraform Zero\n|-fieldend|move: Electric Terrain\n|move|p2a: Miraidon|Volt Switch|p1b: Terapagos\n|-damage|p1b: Terapagos|66\/100\n|\n|t:|1739543343\n|switch|p2a: Ursaluna|Ursaluna, L50, M|100\/100|[from] Volt Switch\n|move|p1b: Terapagos|Tera Starstorm|p2b: Farigiraf|[spread] p2a,p2b\n|-damage|p2a: Ursaluna|45\/100\n|-damage|p2b: Farigiraf|50\/100\n|move|p1a: Grimmsnarl|Foul Play|p2b: Farigiraf\n|-supereffective|p2b: Farigiraf\n|-damage|p2b: Farigiraf|26\/100\n|move|p2b: Farigiraf|Trick Room|p2b: Farigiraf\n|-fieldstart|move: Trick Room|[of] p2b: Farigiraf\n|\n|-status|p2a: Ursaluna|brn|[from] item: Flame Orb\n|upkeep\n|turn|2\n|j| GexkaXXV\n|\n|t:|1739543359\n|move|p2b: Farigiraf|Helping Hand|p2a: Ursaluna\n|-singleturn|p2a: Ursaluna|Helping Hand|[of] p2b: Farigiraf\n|move|p1a: Grimmsnarl|Thunder Wave|p1b: Terapagos|[miss]\n|-miss|p1a: Grimmsnarl|p1b: Terapagos\n|move|p2a: Ursaluna|Facade|p1b: Terapagos\n|-crit|p1b: Terapagos\n|-damage|p1b: Terapagos|0 fnt\n|faint|p1b: Terapagos\n|\n|-damage|p2a: Ursaluna|39\/100 brn|[from] brn\n|upkeep\n|\n|t:|1739543379\n|switch|p1b: Rillaboom|Rillaboom, L50, M|100\/100\n|-fieldstart|move: Grassy Terrain|[from] ability: Grassy Surge|[of] p1b: Rillaboom\n|turn|3\n|\n|t:|1739543392\n|-terastallize|p2a: Ursaluna|Ghost\n|move|p2b: Farigiraf|Helping Hand|p2a: Ursaluna\n|-singleturn|p2a: Ursaluna|Helping Hand|[of] p2b: Farigiraf\n|move|p2a: Ursaluna|Facade|p1b: Rillaboom\n|-damage|p1b: Rillaboom|0 fnt\n|faint|p1b: Rillaboom\n|move|p1a: Grimmsnarl|Foul Play|p2a: Ursaluna\n|-supereffective|p2a: Ursaluna\n|-damage|p2a: Ursaluna|0 fnt\n|faint|p2a: Ursaluna\n|\n|-heal|p2b: Farigiraf|32\/100|[from] Grassy Terrain\n|upkeep\n|\n|t:|1739543404\n|switch|p2a: Torkoal|Torkoal, L50, M|100\/100\n|switch|p1b: Urshifu|Urshifu-Rapid-Strike, L50, M|100\/100\n|-weather|SunnyDay|[from] ability: Drought|[of] p2a: Torkoal\n|-item|p2a: Torkoal|Air Balloon\n|turn|4\n|\n|t:|1739543419\n|move|p2a: Torkoal|Eruption|p1a: Grimmsnarl|[spread] p1a,p1b\n|-resisted|p1b: Urshifu\n|-damage|p1a: Grimmsnarl|29\/100\n|-damage|p1b: Urshifu|47\/100\n|move|p2b: Farigiraf|Psychic Noise|p1b: Urshifu\n|-supereffective|p1b: Urshifu\n|-damage|p1b: Urshifu|0 fnt\n|faint|p1b: Urshifu\n|move|p1a: Grimmsnarl|Foul Play|p2b: Farigiraf\n|-supereffective|p2b: Farigiraf\n|-damage|p2b: Farigiraf|5\/100\n|\n|-weather|SunnyDay|[upkeep]\n|-heal|p2b: Farigiraf|11\/100|[from] Grassy Terrain\n|-heal|p1a: Grimmsnarl|35\/100|[from] Grassy Terrain\n|upkeep\n|turn|5\n|-message|Realfrytki forfeited.\n|\n|win|bieiup\n|raw|Realfrytki's rating: 1574 &rarr; <strong>1553<\/strong><br \/>(-21 for losing)\n|raw|bieiup's rating: 1552 &rarr; <strong>1573<\/strong><br \/>(+21 for winning)\n|l|\u2606Realfrytki\n|player|p1|\n|l| GexkaXXV\n|l| Snap shot933\n","uploadtime":1739543527,"views":16,"formatid":"gen9vgc2025regg","rating":1553,"private":0,"password":null}