{"id":"gen9vgc2025regg-2300353800","format":"[Gen 9] VGC 2025 Reg G","players":["twinleafturtle","Ilovecatgirlsmeow"],"log":"|j|\u2606twinleafturtle\n|j|\u2606Ilovecatgirlsmeow\n|t:|1739491126\n|gametype|doubles\n|player|p1|twinleafturtle|lucas|1603\n|player|p2|Ilovecatgirlsmeow|waitress-gen4|1611\n|teamsize|p1|6\n|teamsize|p2|6\n|gen|9\n|tier|[Gen 9] VGC 2025 Reg G\n|rated|\n|rule|Species Clause: Limit one of each Pok\u00e9mon\n|rule|Item Clause: Limit 1 of each item\n|clearpoke\n|poke|p1|Kyogre, L50|\n|poke|p1|Urshifu-*, L50, F|\n|poke|p1|Overqwil, L50, F|\n|poke|p1|Rillaboom, L50, M|\n|poke|p1|Incineroar, L50, M|\n|poke|p1|Bastiodon, L50, M|\n|poke|p2|Chien-Pao, L50|\n|poke|p2|Amoonguss, L50, M|\n|poke|p2|Kyogre, L50|\n|poke|p2|Dragonite, L50, M|\n|poke|p2|Archaludon, L50, M|\n|poke|p2|Urshifu-*, L50, M|\n|teampreview|4\n|\n|t:|1739491169\n|start\n|switch|p1a: Incineroar|Incineroar, L50, M|100\/100\n|switch|p1b: Kyogre|Kyogre, L50|100\/100\n|switch|p2a: Dragonite|Dragonite, L50, M|100\/100\n|switch|p2b: Chien-Pao|Chien-Pao, L50|100\/100\n|-ability|p2b: Chien-Pao|Sword of Ruin\n|-weather|RainDance|[from] ability: Drizzle|[of] p1b: Kyogre\n|-ability|p1a: Incineroar|Intimidate|boost\n|-fail|p2a: Dragonite|unboost|Attack|[from] ability: Inner Focus|[of] p2a: Dragonite\n|-unboost|p2b: Chien-Pao|atk|1\n|turn|1\n|\n|t:|1739491198\n|-terastallize|p2a: Dragonite|Normal\n|-terastallize|p1a: Incineroar|Ghost\n|move|p1b: Kyogre|Protect|p1b: Kyogre\n|-singleturn|p1b: Kyogre|Protect\n|move|p2a: Dragonite|Extreme Speed|p1b: Kyogre\n|-activate|p1b: Kyogre|move: Protect\n|move|p2b: Chien-Pao|Throat Chop|p1a: Incineroar\n|-supereffective|p1a: Incineroar\n|-damage|p1a: Incineroar|47\/100\n|-start|p1a: Incineroar|Throat Chop|[silent]\n|move|p1a: Incineroar|Will-O-Wisp|p2a: Dragonite\n|-status|p2a: Dragonite|brn\n|\n|-weather|RainDance|[upkeep]\n|-damage|p2a: Dragonite|95\/100 brn|[from] brn\n|upkeep\n|turn|2\n|\n|t:|1739491214\n|switch|p1a: Rillaboom|Rillaboom, L50, M|100\/100\n|-fieldstart|move: Grassy Terrain|[from] ability: Grassy Surge|[of] p1a: Rillaboom\n|move|p2a: Dragonite|Extreme Speed|p1b: Kyogre\n|-damage|p1b: Kyogre|61\/100\n|move|p2b: Chien-Pao|Throat Chop|p1b: Kyogre\n|-damage|p1b: Kyogre|30\/100\n|-start|p1b: Kyogre|Throat Chop|[silent]\n|move|p1b: Kyogre|Calm Mind|p1b: Kyogre\n|-boost|p1b: Kyogre|spa|1\n|-boost|p1b: Kyogre|spd|1\n|\n|-weather|RainDance|[upkeep]\n|-heal|p2a: Dragonite|100\/100 brn|[from] Grassy Terrain\n|-heal|p1b: Kyogre|36\/100|[from] Grassy Terrain\n|-heal|p1b: Kyogre|42\/100|[from] item: Leftovers\n|-damage|p2a: Dragonite|95\/100 brn|[from] brn\n|upkeep\n|turn|3\n|\n|t:|1739491229\n|switch|p1a: Incineroar|Incineroar, L50, M, tera:Ghost|47\/100\n|-ability|p1a: Incineroar|Intimidate|boost\n|-fail|p2a: Dragonite|unboost|Attack|[from] ability: Inner Focus|[of] p2a: Dragonite\n|-unboost|p2b: Chien-Pao|atk|1\n|move|p2b: Chien-Pao|Protect|p2b: Chien-Pao\n|-singleturn|p2b: Chien-Pao|Protect\n|move|p1b: Kyogre|Protect|p1b: Kyogre\n|-singleturn|p1b: Kyogre|Protect\n|move|p2a: Dragonite|Extreme Speed|p1a: Incineroar\n|-immune|p1a: Incineroar\n|\n|-weather|RainDance|[upkeep]\n|-heal|p2a: Dragonite|100\/100 brn|[from] Grassy Terrain\n|-heal|p1b: Kyogre|48\/100|[from] Grassy Terrain\n|-heal|p1b: Kyogre|54\/100|[from] item: Leftovers\n|-heal|p1a: Incineroar|53\/100|[from] Grassy Terrain\n|-damage|p2a: Dragonite|95\/100 brn|[from] brn\n|-end|p1b: Kyogre|Throat Chop|[silent]\n|upkeep\n|turn|4\n|\n|t:|1739491237\n|move|p1a: Incineroar|Fake Out|p2b: Chien-Pao\n|-damage|p2b: Chien-Pao|84\/100\n|move|p2a: Dragonite|Extreme Speed|p1b: Kyogre\n|-damage|p1b: Kyogre|17\/100\n|cant|p2b: Chien-Pao|flinch\n|move|p1b: Kyogre|Origin Pulse|p2b: Chien-Pao|[spread] p2a\n|-miss|p1b: Kyogre|p2b: Chien-Pao\n|-damage|p2a: Dragonite|0 fnt\n|faint|p2a: Dragonite\n|\n|-weather|RainDance|[upkeep]\n|-heal|p2b: Chien-Pao|90\/100|[from] Grassy Terrain\n|-heal|p1b: Kyogre|23\/100|[from] Grassy Terrain\n|-heal|p1b: Kyogre|29\/100|[from] item: Leftovers\n|-heal|p1a: Incineroar|59\/100|[from] Grassy Terrain\n|upkeep\n|\n|t:|1739491243\n|switch|p2a: Archaludon|Archaludon, L50, M|100\/100\n|turn|5\n|\n|t:|1739491254\n|move|p1b: Kyogre|Protect|p1b: Kyogre\n|-singleturn|p1b: Kyogre|Protect\n|move|p2b: Chien-Pao|Throat Chop|p1a: Incineroar\n|-supereffective|p1a: Incineroar\n|-damage|p1a: Incineroar|19\/100\n|-start|p1a: Incineroar|Throat Chop|[silent]\n|move|p2a: Archaludon|Electro Shot||[still]\n|-prepare|p2a: Archaludon|Electro Shot\n|-boost|p2a: Archaludon|spa|1\n|-anim|p2a: Archaludon|Electro Shot|p1a: Incineroar\n|-damage|p1a: Incineroar|0 fnt\n|faint|p1a: Incineroar\n|\n|-weather|none\n|-heal|p2b: Chien-Pao|96\/100|[from] Grassy Terrain\n|-heal|p1b: Kyogre|35\/100|[from] Grassy Terrain\n|-heal|p1b: Kyogre|41\/100|[from] item: Leftovers\n|upkeep\n|\n|t:|1739491265\n|switch|p1a: Rillaboom|Rillaboom, L50, M|100\/100\n|turn|6\n|\n|t:|1739491272\n|switch|p2b: Kyogre|Kyogre, L50|100\/100\n|-weather|RainDance|[from] ability: Drizzle|[of] p2b: Kyogre\n|move|p1a: Rillaboom|Fake Out|p2b: Kyogre\n|-damage|p2b: Kyogre|85\/100\n|move|p1b: Kyogre|Ice Beam|p2a: Archaludon\n|-damage|p2a: Archaludon|65\/100\n|-ability|p2a: Archaludon|Stamina|boost\n|-boost|p2a: Archaludon|def|1\n|move|p2a: Archaludon|Electro Shot||[still]\n|-prepare|p2a: Archaludon|Electro Shot\n|-boost|p2a: Archaludon|spa|1\n|-anim|p2a: Archaludon|Electro Shot|p1b: Kyogre\n|-supereffective|p1b: Kyogre\n|-damage|p1b: Kyogre|0 fnt\n|faint|p1b: Kyogre\n|\n|-weather|RainDance|[upkeep]\n|-heal|p2b: Kyogre|91\/100|[from] Grassy Terrain\n|-heal|p2a: Archaludon|72\/100|[from] Grassy Terrain\n|-fieldend|move: Grassy Terrain\n|upkeep\n|\n|t:|1739491275\n|switch|p1b: Overqwil|Overqwil, L50, F|100\/100\n|turn|7\n|-message|twinleafturtle forfeited.\n|\n|win|Ilovecatgirlsmeow\n|raw|twinleafturtle's rating: 1603 &rarr; <strong>1583<\/strong><br \/>(-20 for losing)\n|raw|Ilovecatgirlsmeow's rating: 1611 &rarr; <strong>1631<\/strong><br \/>(+20 for winning)\n|l|\u2606twinleafturtle\n|player|p1|\n|l|\u2606Ilovecatgirlsmeow\n|player|p2|\n","uploadtime":1739491451,"views":10,"formatid":"gen9vgc2025regg","rating":1583,"private":0,"password":null}