{"id":"gen9vgc2025regg-2300174714","format":"[Gen 9] VGC 2025 Reg G","players":["JucciSushi","Mildly Displeased"],"log":"|j|\u2606JucciSushi\n|j|\u2606Mildly Displeased\n|t:|1739472072\n|gametype|doubles\n|player|p1|JucciSushi|wallace|1536\n|player|p2|Mildly Displeased|lillie|1588\n|teamsize|p1|6\n|teamsize|p2|6\n|gen|9\n|tier|[Gen 9] VGC 2025 Reg G\n|rated|\n|rule|Species Clause: Limit one of each Pok\u00e9mon\n|rule|Item Clause: Limit 1 of each item\n|clearpoke\n|poke|p1|Whimsicott, L50, M|\n|poke|p1|Farigiraf, L50, F|\n|poke|p1|Calyrex-Shadow, L50|\n|poke|p1|Iron Hands, L50|\n|poke|p1|Ursaluna, L50, F|\n|poke|p1|Ogerpon-Hearthflame, L50, F|\n|poke|p2|Primarina, L50, M|\n|poke|p2|Talonflame, L50, F|\n|poke|p2|Zamazenta-*, L50|\n|poke|p2|Rillaboom, L50, F|\n|poke|p2|Chien-Pao, L50|\n|poke|p2|Ditto, L50|\n|teampreview|4\n|inactive|Battle timer is ON: inactive players will automatically lose when time's up. (requested by Mildly Displeased)\n|inactive|Mildly Displeased has 60 seconds left.\n|\n|t:|1739472115\n|start\n|switch|p1a: Iron Hands|Iron Hands, L50|100\/100\n|switch|p1b: Ogerpon|Ogerpon-Hearthflame, L50, F|100\/100\n|switch|p2a: Phoenix|Talonflame, L50, F, shiny|100\/100\n|switch|p2b: Pippin|Zamazenta-Crowned, L50|100\/100\n|-ability|p2b: Pippin|Dauntless Shield|boost\n|-boost|p2b: Pippin|def|1\n|-ability|p1b: Ogerpon|Mold Breaker\n|turn|1\n|\n|t:|1739472136\n|-terastallize|p2b: Pippin|Ghost\n|move|p1b: Ogerpon|Spiky Shield|p1b: Ogerpon\n|-singleturn|p1b: Ogerpon|move: Protect\n|move|p2a: Phoenix|Brave Bird|p1b: Ogerpon\n|-activate|p1b: Ogerpon|move: Protect\n|-damage|p2a: Phoenix|88\/100|[from] Spiky Shield|[of] p1b: Ogerpon\n|move|p2b: Pippin|Iron Defense|p2b: Pippin\n|-boost|p2b: Pippin|def|2\n|move|p1a: Iron Hands|Iron Defense|p1a: Iron Hands\n|-boost|p1a: Iron Hands|def|2\n|\n|upkeep\n|turn|2\n|\n|t:|1739472158\n|move|p2a: Phoenix|Brave Bird|p1b: Ogerpon\n|-supereffective|p1b: Ogerpon\n|-damage|p1b: Ogerpon|6\/100\n|-damage|p2a: Phoenix|53\/100|[from] Recoil\n|move|p2b: Pippin|Iron Defense|p2b: Pippin\n|-boost|p2b: Pippin|def|2\n|move|p1b: Ogerpon|Ivy Cudgel|p2a: Phoenix|[anim] Ivy Cudgel Fire\n|-resisted|p2a: Phoenix\n|-damage|p2a: Phoenix|13\/100\n|move|p1a: Iron Hands|Body Press|p2a: Phoenix\n|-resisted|p2a: Phoenix\n|-damage|p2a: Phoenix|0 fnt\n|faint|p2a: Phoenix\n|\n|upkeep\n|\n|t:|1739472163\n|switch|p2a: Knotweed|Rillaboom, L50, F|100\/100\n|-fieldstart|move: Grassy Terrain|[from] ability: Grassy Surge|[of] p2a: Knotweed\n|turn|3\n|\n|t:|1739472170\n|move|p1b: Ogerpon|Spiky Shield|p1b: Ogerpon\n|-singleturn|p1b: Ogerpon|move: Protect\n|move|p2a: Knotweed|Fake Out|p1b: Ogerpon\n|-activate|p1b: Ogerpon|move: Protect\n|-damage|p2a: Knotweed|88\/100|[from] Spiky Shield|[of] p1b: Ogerpon\n|move|p2b: Pippin|Body Press|p1a: Iron Hands\n|-damage|p1a: Iron Hands|48\/100\n|move|p1a: Iron Hands|Iron Defense|p1a: Iron Hands\n|-boost|p1a: Iron Hands|def|2\n|\n|-heal|p1b: Ogerpon|11\/100|[from] Grassy Terrain\n|-heal|p2a: Knotweed|94\/100|[from] Grassy Terrain\n|-heal|p1a: Iron Hands|54\/100|[from] Grassy Terrain\n|-heal|p1a: Iron Hands|60\/100|[from] item: Leftovers\n|upkeep\n|turn|4\n|\n|t:|1739472180\n|move|p1b: Ogerpon|Follow Me|p1b: Ogerpon\n|-singleturn|p1b: Ogerpon|move: Follow Me\n|move|p2a: Knotweed|Grassy Glide|p1b: Ogerpon\n|-resisted|p1b: Ogerpon\n|-damage|p1b: Ogerpon|1\/100\n|-damage|p2a: Knotweed|84\/100|[from] item: Life Orb\n|move|p2b: Pippin|Body Press|p1b: Ogerpon\n|-crit|p1b: Ogerpon\n|-damage|p1b: Ogerpon|0 fnt\n|faint|p1b: Ogerpon\n|move|p1a: Iron Hands|Body Press|p2a: Knotweed\n|-damage|p2a: Knotweed|0 fnt\n|faint|p2a: Knotweed\n|\n|-heal|p1a: Iron Hands|66\/100|[from] Grassy Terrain\n|-heal|p1a: Iron Hands|73\/100|[from] item: Leftovers\n|upkeep\n|\n|t:|1739472190\n|switch|p1b: Farigiraf|Farigiraf, L50, F|100\/100\n|switch|p2a: Ditto|Ditto, L50|100\/100\n|-transform|p2a: Ditto|p1b: Farigiraf|[from] ability: Imposter\n|turn|5\n|\n|t:|1739472215\n|-terastallize|p1a: Iron Hands|Fire\n|move|p1b: Farigiraf|Helping Hand|p1a: Iron Hands\n|-singleturn|p1a: Iron Hands|Helping Hand|[of] p1b: Farigiraf\n|move|p2b: Pippin|Body Press|p1a: Iron Hands\n|-damage|p1a: Iron Hands|41\/100\n|move|p2a: Ditto|Psychic Noise|p1a: Iron Hands\n|-damage|p1a: Iron Hands|21\/100\n|-start|p1a: Iron Hands|move: Heal Block\n|move|p1a: Iron Hands|Body Press|p2a: Ditto\n|-damage|p2a: Ditto|0 fnt\n|faint|p2a: Ditto\n|\n|upkeep\n|turn|6\n|\n|t:|1739472233\n|move|p2b: Pippin|Body Press|p1a: Iron Hands\n|-damage|p1a: Iron Hands|0 fnt\n|faint|p1a: Iron Hands\n|-end|p1a: Iron Hands|Quark Drive|[silent]\n|move|p1b: Farigiraf|Psychic Noise|p2b: Pippin\n|-damage|p2b: Pippin|80\/100\n|-start|p2b: Pippin|move: Heal Block\n|-enditem|p1b: Farigiraf|Throat Spray\n|-boost|p1b: Farigiraf|spa|1|[from] item: Throat Spray\n|\n|upkeep\n|\n|t:|1739472236\n|switch|p1a: Calyrex|Calyrex-Shadow, L50|100\/100\n|-ability|p1a: Calyrex|As One\n|-ability|p1a: Calyrex|Unnerve\n|turn|7\n|\n|t:|1739472258\n|move|p1b: Farigiraf|Helping Hand|p1a: Calyrex\n|-singleturn|p1a: Calyrex|Helping Hand|[of] p1b: Farigiraf\n|move|p1a: Calyrex|Expanding Force|p2b: Pippin\n|-damage|p2b: Pippin|0 fnt\n|faint|p2b: Pippin\n|\n|win|JucciSushi\n|raw|JucciSushi's rating: 1536 &rarr; <strong>1559<\/strong><br \/>(+23 for winning)\n|raw|Mildly Displeased's rating: 1588 &rarr; <strong>1565<\/strong><br \/>(-23 for losing)\n|l|\u2606JucciSushi\n|player|p1|\n","uploadtime":1739472526,"views":7,"formatid":"gen9vgc2025regg","rating":1559,"private":0,"password":null}