{"id":"gen9vgc2025regg-2300233702","format":"[Gen 9] VGC 2025 Reg G","players":["qunqun24","DimensionalFool"],"log":"|j|\u2606qunqun24\n|j|\u203dDimensionalFool\n|t:|1739477785\n|gametype|doubles\n|player|p1|qunqun24|266|1557\n|player|p2|DimensionalFool|266|1633\n|teamsize|p1|6\n|teamsize|p2|6\n|gen|9\n|tier|[Gen 9] VGC 2025 Reg G\n|rated|\n|rule|Species Clause: Limit one of each Pok\u00e9mon\n|rule|Item Clause: Limit 1 of each item\n|clearpoke\n|poke|p1|Calyrex-Shadow, L50|\n|poke|p1|Ting-Lu, L50|\n|poke|p1|Dondozo, L50, F|\n|poke|p1|Urshifu-*, L50, M|\n|poke|p1|Ogerpon-Hearthflame, L50, F|\n|poke|p1|Whimsicott, L50, F|\n|poke|p2|Grimmsnarl, L50, M|\n|poke|p2|Landorus, L50, M|\n|poke|p2|Calyrex-Ice, L50|\n|poke|p2|Pelipper, L50, M|\n|poke|p2|Urshifu-*, L50, M|\n|poke|p2|Rillaboom, L50, M|\n|teampreview|4\n|inactive|Battle timer is ON: inactive players will automatically lose when time's up. (requested by qunqun24)\n|inactive|DimensionalFool has 60 seconds left.\n|\n|t:|1739477834\n|start\n|switch|p1a: Calyrex|Calyrex-Shadow, L50|100\/100\n|switch|p1b: Ogerpon|Ogerpon-Hearthflame, L50, F|100\/100\n|switch|p2a: Pelipper|Pelipper, L50, M|100\/100\n|switch|p2b: Urshifu|Urshifu-Rapid-Strike, L50, M|100\/100\n|-ability|p1a: Calyrex|As One\n|-ability|p1a: Calyrex|Unnerve\n|-ability|p1b: Ogerpon|Mold Breaker\n|-weather|RainDance|[from] ability: Drizzle|[of] p2a: Pelipper\n|turn|1\n|\n|t:|1739477850\n|switch|p1a: Dondozo|Dondozo, L50, F|100\/100\n|move|p2b: Urshifu|Surging Strikes|p1a: Dondozo\n|-resisted|p1a: Dondozo\n|-crit|p1a: Dondozo\n|-damage|p1a: Dondozo|90\/100\n|-resisted|p1a: Dondozo\n|-crit|p1a: Dondozo\n|-damage|p1a: Dondozo|81\/100\n|-resisted|p1a: Dondozo\n|-crit|p1a: Dondozo\n|-damage|p1a: Dondozo|71\/100\n|-hitcount|p1a: Dondozo|3\n|move|p1b: Ogerpon|Horn Leech|p2b: Urshifu\n|-supereffective|p2b: Urshifu\n|-damage|p2b: Urshifu|17\/100\n|move|p2a: Pelipper|Tailwind|p2a: Pelipper\n|-sidestart|p2: DimensionalFool|move: Tailwind\n|\n|-weather|RainDance|[upkeep]\n|-heal|p1a: Dondozo|77\/100|[from] item: Leftovers\n|upkeep\n|turn|2\n|inactive|qunqun24 has 30 seconds left.\n|\n|t:|1739477882\n|move|p2b: Urshifu|Surging Strikes|p1b: Ogerpon\n|-crit|p1b: Ogerpon\n|-damage|p1b: Ogerpon|68\/100\n|-crit|p1b: Ogerpon\n|-damage|p1b: Ogerpon|35\/100\n|-crit|p1b: Ogerpon\n|-damage|p1b: Ogerpon|3\/100\n|-hitcount|p1b: Ogerpon|3\n|move|p2a: Pelipper|Hurricane|p1a: Dondozo\n|-damage|p1a: Dondozo|43\/100\n|-start|p1a: Dondozo|confusion\n|move|p1b: Ogerpon|Horn Leech|p2b: Urshifu\n|-supereffective|p2b: Urshifu\n|-damage|p2b: Urshifu|0 fnt\n|-heal|p1b: Ogerpon|11\/100|[from] drain|[of] p2b: Urshifu\n|faint|p2b: Urshifu\n|-activate|p1a: Dondozo|confusion\n|move|p1a: Dondozo|Yawn|p2a: Pelipper\n|-start|p2a: Pelipper|move: Yawn|[of] p1a: Dondozo\n|\n|-weather|RainDance|[upkeep]\n|-heal|p1a: Dondozo|49\/100|[from] item: Leftovers\n|upkeep\n|\n|t:|1739477893\n|switch|p2b: Landorus|Landorus, L50, M|100\/100\n|turn|3\n|\n|t:|1739477916\n|switch|p2a: Calyrex|Calyrex-Ice, L50|100\/100\n|-ability|p2a: Calyrex|As One\n|-ability|p2a: Calyrex|Unnerve\n|switch|p1b: Ting-Lu|Ting-Lu, L50|100\/100\n|-ability|p1b: Ting-Lu|Vessel of Ruin\n|-terastallize|p2b: Landorus|Water\n|move|p2b: Landorus|Sandsear Storm|p1a: Dondozo|[spread] p1a,p1b\n|-damage|p1a: Dondozo|17\/100\n|-damage|p1b: Ting-Lu|72\/100\n|-end|p1a: Dondozo|confusion\n|move|p1a: Dondozo|Yawn|p2b: Landorus\n|-start|p2b: Landorus|move: Yawn|[of] p1a: Dondozo\n|\n|-weather|RainDance|[upkeep]\n|-heal|p1a: Dondozo|23\/100|[from] item: Leftovers\n|upkeep\n|turn|4\n|\n|t:|1739477936\n|switch|p2b: Pelipper|Pelipper, L50, M|100\/100\n|-terastallize|p1b: Ting-Lu|Fairy\n|move|p2a: Calyrex|Seed Bomb|p1a: Dondozo\n|-supereffective|p1a: Dondozo\n|-damage|p1a: Dondozo|0 fnt\n|faint|p1a: Dondozo\n|-ability|p2a: Calyrex|Chilling Neigh|boost\n|-boost|p2a: Calyrex|atk|1\n|move|p1b: Ting-Lu|Ruination|p2a: Calyrex|[miss]\n|-miss|p1b: Ting-Lu|p2a: Calyrex\n|\n|-weather|RainDance|[upkeep]\n|-sideend|p2: DimensionalFool|move: Tailwind\n|upkeep\n|\n|t:|1739477947\n|switch|p1a: Calyrex|Calyrex-Shadow, L50|100\/100\n|-ability|p1a: Calyrex|As One\n|-ability|p1a: Calyrex|Unnerve\n|turn|5\n|-message|qunqun24 forfeited.\n|\n|win|DimensionalFool\n|raw|qunqun24's rating: 1557 &rarr; <strong>1541<\/strong><br \/>(-16 for losing)\n|raw|DimensionalFool's rating: 1633 &rarr; <strong>1649<\/strong><br \/>(+16 for winning)\n|l|\u2606qunqun24\n|player|p1|\n|l|\u203dDimensionalFool\n|player|p2|\n","uploadtime":1739478104,"views":4,"formatid":"gen9vgc2025regg","rating":1541,"private":0,"password":null}