{"id":"gen9vgc2025regg-2300733002","format":"[Gen 9] VGC 2025 Reg G","players":["KogaAF1219","GholdAndGoHome"],"log":"|j|\u2606KogaAF1219\n|j|\u2606GholdAndGoHome\n|t:|1739548428\n|gametype|doubles\n|player|p1|KogaAF1219|266|1593\n|player|p2|GholdAndGoHome|102|1578\n|teamsize|p1|6\n|teamsize|p2|6\n|gen|9\n|tier|[Gen 9] VGC 2025 Reg G\n|rated|\n|rule|Species Clause: Limit one of each Pok\u00e9mon\n|rule|Item Clause: Limit 1 of each item\n|clearpoke\n|poke|p1|Indeedee, L50, M|\n|poke|p1|Kyogre, L50|\n|poke|p1|Illumise, L50, F|\n|poke|p1|Landorus, L50, M|\n|poke|p1|Urshifu-*, L50, F|\n|poke|p1|Armarouge, L50, F|\n|poke|p2|Chien-Pao, L50|\n|poke|p2|Miraidon, L50|\n|poke|p2|Whimsicott, L50, M|\n|poke|p2|Entei, L50|\n|poke|p2|Iron Hands, L50|\n|poke|p2|Iron Treads, L50|\n|teampreview|4\nKogaAF1219 has agreed to open team sheets.\n|\n|t:|1739548445\n|start\n|switch|p1a: Illumise|Illumise, L50, F|100\/100\n|switch|p1b: Landorus|Landorus, L50, M|100\/100\n|switch|p2a: Miraidon|Miraidon, L50|100\/100\n|switch|p2b: Whimsicott|Whimsicott, L50, M|100\/100\n|-fieldstart|move: Electric Terrain|[from] ability: Hadron Engine|[of] p2a: Miraidon\n|turn|1\n|inactive|Battle timer is ON: inactive players will automatically lose when time's up. (requested by GholdAndGoHome)\n|\n|t:|1739548460\n|move|p2b: Whimsicott|Tailwind|p2b: Whimsicott\n|-sidestart|p2: GholdAndGoHome|move: Tailwind\n|move|p1a: Illumise|Light Screen|p1a: Illumise\n|-sidestart|p1: KogaAF1219|move: Light Screen\n|move|p2a: Miraidon|Dragon Pulse|p1b: Landorus\n|-damage|p1b: Landorus|8\/100\n|move|p1b: Landorus|Sludge Bomb|p2b: Whimsicott\n|-supereffective|p2b: Whimsicott\n|-damage|p2b: Whimsicott|0 fnt\n|faint|p2b: Whimsicott\n|\n|upkeep\n|\n|t:|1739548475\n|switch|p2b: Iron Treads|Iron Treads, L50|100\/100\n|-activate|p2b: Iron Treads|ability: Quark Drive\n|-start|p2b: Iron Treads|quarkdrivespe\n|turn|2\n|\n|t:|1739548481\n|switch|p2a: Entei|Entei, L50|100\/100\n|switch|p1b: Indeedee|Indeedee, L50, M|100\/100\n|-fieldstart|move: Psychic Terrain|[from] ability: Psychic Surge|[of] p1b: Indeedee\n|-end|p2b: Iron Treads|Quark Drive\n|move|p1a: Illumise|Tailwind|p1a: Illumise\n|-sidestart|p1: KogaAF1219|move: Tailwind\n|move|p2b: Iron Treads|Iron Head|p1b: Indeedee\n|-enditem|p1b: Indeedee|Focus Sash\n|-damage|p1b: Indeedee|1\/100\n|-damage|p2b: Iron Treads|91\/100|[from] item: Life Orb\n|\n|upkeep\n|turn|3\n|\n|t:|1739548498\n|switch|p2a: Miraidon|Miraidon, L50|100\/100\n|-fieldstart|move: Electric Terrain|[from] ability: Hadron Engine|[of] p2a: Miraidon\n|-activate|p2b: Iron Treads|ability: Quark Drive\n|-start|p2b: Iron Treads|quarkdrivespe\n|move|p2b: Iron Treads|Iron Head|p1b: Indeedee\n|-damage|p1b: Indeedee|0 fnt\n|faint|p1b: Indeedee\n|-damage|p2b: Iron Treads|81\/100|[from] item: Life Orb\n|move|p1a: Illumise|Infestation|p2b: Iron Treads\n|-resisted|p2b: Iron Treads\n|-damage|p2b: Iron Treads|77\/100\n|-activate|p2b: Iron Treads|move: Infestation|[of] p1a: Illumise\n|\n|-damage|p2b: Iron Treads|65\/100|[from] move: Infestation|[partiallytrapped]\n|upkeep\n|\n|t:|1739548511\n|switch|p1b: Landorus|Landorus, L50, M|8\/100\n|turn|4\n|\n|t:|1739548518\n|move|p1b: Landorus|Protect|p1b: Landorus\n|-singleturn|p1b: Landorus|Protect\n|move|p2b: Iron Treads|Iron Head|p1b: Landorus\n|-activate|p1b: Landorus|move: Protect\n|move|p2a: Miraidon|Volt Switch|p1a: Illumise\n|-damage|p1a: Illumise|44\/100\n|\n|t:|1739548522\n|switch|p2a: Entei|Entei, L50|100\/100|[from] Volt Switch\n|move|p1a: Illumise|Infestation|p2a: Entei\n|-resisted|p2a: Entei\n|-damage|p2a: Entei|97\/100\n|-activate|p2a: Entei|move: Infestation|[of] p1a: Illumise\n|\n|-damage|p2b: Iron Treads|53\/100|[from] move: Infestation|[partiallytrapped]\n|-damage|p2a: Entei|85\/100|[from] move: Infestation|[partiallytrapped]\n|-sideend|p2: GholdAndGoHome|move: Tailwind\n|upkeep\n|turn|5\n|\n|t:|1739548541\n|switch|p1a: Kyogre|Kyogre, L50|100\/100\n|-weather|RainDance|[from] ability: Drizzle|[of] p1a: Kyogre\n|move|p2a: Entei|Extreme Speed|p1b: Landorus\n|-damage|p1b: Landorus|0 fnt\n|faint|p1b: Landorus\n|move|p2b: Iron Treads|Iron Head|p1a: Kyogre\n|-resisted|p1a: Kyogre\n|-damage|p1a: Kyogre|75\/100\n|-damage|p2b: Iron Treads|43\/100|[from] item: Life Orb\n|\n|-weather|RainDance|[upkeep]\n|-end|p2b: Iron Treads|Infestation|[partiallytrapped]|[silent]\n|-end|p2a: Entei|Infestation|[partiallytrapped]|[silent]\n|-sideend|p1: KogaAF1219|move: Light Screen\n|-sideend|p1: KogaAF1219|move: Tailwind\n|upkeep\n|\n|t:|1739548547\n|switch|p1b: Illumise|Illumise, L50, F|44\/100\n|turn|6\n|\n|t:|1739548559\n|-terastallize|p2a: Entei|Normal\n|move|p2a: Entei|Extreme Speed|p1a: Kyogre\n|-damage|p1a: Kyogre|5\/100\n|move|p1b: Illumise|Tailwind|p1b: Illumise\n|-sidestart|p1: KogaAF1219|move: Tailwind\n|move|p1a: Kyogre|Origin Pulse|p2b: Iron Treads|[spread] p2b\n|-miss|p1a: Kyogre|p2a: Entei\n|-supereffective|p2b: Iron Treads\n|-damage|p2b: Iron Treads|0 fnt\n|faint|p2b: Iron Treads\n|-end|p2b: Iron Treads|Quark Drive|[silent]\n|\n|-weather|RainDance|[upkeep]\n|upkeep\n|\n|t:|1739548561\n|switch|p2b: Miraidon|Miraidon, L50|100\/100\n|-activate|p2b: Miraidon|ability: Hadron Engine\n|turn|7\n|-message|KogaAF1219 forfeited.\n|\n|win|GholdAndGoHome\n|raw|KogaAF1219's rating: 1593 &rarr; <strong>1572<\/strong><br \/>(-21 for losing)\n|raw|GholdAndGoHome's rating: 1578 &rarr; <strong>1599<\/strong><br \/>(+21 for winning)\n|l|\u2606KogaAF1219\n|player|p1|\n|l|\u2606GholdAndGoHome\n|player|p2|\n","uploadtime":1739548761,"views":11,"formatid":"gen9vgc2025regg","rating":1572,"private":0,"password":null}