{"id":"gen9vgc2025regg-2300572411","format":"[Gen 9] VGC 2025 Reg G","players":["satelite99","aires17"],"log":"|j|\u2606satelite99\n|j|\u2606aires17\n|t:|1739526293\n|gametype|doubles\n|player|p1|satelite99|wallace|1606\n|player|p2|aires17|1|1533\n|teamsize|p1|6\n|teamsize|p2|6\n|gen|9\n|tier|[Gen 9] VGC 2025 Reg G\n|rated|\n|rule|Species Clause: Limit one of each Pok\u00e9mon\n|rule|Item Clause: Limit 1 of each item\n|clearpoke\n|poke|p1|Zamazenta-*, L50|\n|poke|p1|Tornadus, L50, M|\n|poke|p1|Chien-Pao, L50|\n|poke|p1|Raging Bolt, L50|\n|poke|p1|Urshifu-*, L50, F|\n|poke|p1|Gholdengo, L50|\n|poke|p2|Calyrex-Shadow, L50|\n|poke|p2|Urshifu-*, L50, F|\n|poke|p2|Whimsicott, L50, F|\n|poke|p2|Ogerpon-Hearthflame, L50, F|\n|poke|p2|Landorus, L50, M|\n|poke|p2|Indeedee-F, L50, F|\n|teampreview|4\naires17 rejected open team sheets.\n|inactive|Battle timer is ON: inactive players will automatically lose when time's up. (requested by aires17)\n|\n|t:|1739526320\n|start\n|switch|p1a: Zamazenta|Zamazenta-Crowned, L50|100\/100\n|switch|p1b: Tornadus|Tornadus, L50, M|100\/100\n|switch|p2a: Horsee|Calyrex-Shadow, L50|100\/100\n|switch|p2b: Momma|Indeedee-F, L50, F|100\/100\n|-ability|p2a: Horsee|As One\n|-ability|p2a: Horsee|Unnerve\n|-ability|p1a: Zamazenta|Dauntless Shield|boost\n|-boost|p1a: Zamazenta|def|1\n|-fieldstart|move: Psychic Terrain|[from] ability: Psychic Surge|[of] p2b: Momma\n|-enditem|p2a: Horsee|Psychic Seed\n|-boost|p2a: Horsee|spd|1|[from] item: Psychic Seed\n|turn|1\n|\n|t:|1739526342\n|move|p1a: Zamazenta|Wide Guard|p1a: Zamazenta\n|-singleturn|p1a: Zamazenta|Wide Guard\n|move|p2b: Momma|Follow Me|p2b: Momma\n|-singleturn|p2b: Momma|move: Follow Me\n|move|p1b: Tornadus|Taunt|p2b: Momma\n|-activate|p2b: Momma|move: Psychic Terrain\n|move|p2a: Horsee|Nasty Plot|p2a: Horsee\n|-boost|p2a: Horsee|spa|2\n|\n|upkeep\n|turn|2\n|\n|t:|1739526365\n|switch|p1b: Chien-Pao|Chien-Pao, L50|100\/100\n|-ability|p1b: Chien-Pao|Sword of Ruin\n|move|p1a: Zamazenta|Wide Guard|p1a: Zamazenta\n|-singleturn|p1a: Zamazenta|Wide Guard\n|move|p2b: Momma|Follow Me|p2b: Momma\n|-singleturn|p2b: Momma|move: Follow Me\n|move|p2a: Horsee|Nasty Plot|p2a: Horsee\n|-boost|p2a: Horsee|spa|2\n|\n|upkeep\n|turn|3\n|\n|t:|1739526377\n|move|p1a: Zamazenta|Wide Guard|p1a: Zamazenta\n|-singleturn|p1a: Zamazenta|Wide Guard\n|move|p2b: Momma|Follow Me|p2b: Momma\n|-singleturn|p2b: Momma|move: Follow Me\n|move|p2a: Horsee|Psyshock|p1a: Zamazenta\n|-damage|p1a: Zamazenta|9\/100\n|move|p1b: Chien-Pao|Crunch|p2b: Momma\n|-supereffective|p2b: Momma\n|-damage|p2b: Momma|4\/100\n|-damage|p1b: Chien-Pao|84\/100|[from] item: Rocky Helmet|[of] p2b: Momma\n|\n|upkeep\n|turn|4\n|\n|t:|1739526399\n|move|p1a: Zamazenta|Protect||[still]\n|-fail|p1a: Zamazenta\n|move|p2b: Momma|Follow Me|p2b: Momma\n|-singleturn|p2b: Momma|move: Follow Me\n|move|p2a: Horsee|Psyshock|p1a: Zamazenta\n|-damage|p1a: Zamazenta|0 fnt\n|faint|p1a: Zamazenta\n|-ability|p2a: Horsee|Grim Neigh|boost\n|-boost|p2a: Horsee|spa|1\n|move|p1b: Chien-Pao|Crunch|p2b: Momma\n|-supereffective|p2b: Momma\n|-damage|p2b: Momma|0 fnt\n|-damage|p1b: Chien-Pao|68\/100|[from] item: Rocky Helmet|[of] p2b: Momma\n|faint|p2b: Momma\n|\n|upkeep\n|\n|t:|1739526414\n|switch|p1a: Tornadus|Tornadus, L50, M|100\/100\n|switch|p2b: Pony|Ogerpon-Hearthflame, L50, F|100\/100\n|-ability|p2b: Pony|Mold Breaker\n|turn|5\n|\n|t:|1739526436\n|move|p1b: Chien-Pao|Protect|p1b: Chien-Pao\n|-singleturn|p1b: Chien-Pao|Protect\n|move|p2b: Pony|Follow Me|p2b: Pony\n|-singleturn|p2b: Pony|move: Follow Me\n|move|p1a: Tornadus|Tailwind|p1a: Tornadus\n|-sidestart|p1: satelite99|move: Tailwind\n|move|p2a: Horsee|Astral Barrage|p1a: Tornadus|[spread] p1a\n|-activate|p1b: Chien-Pao|move: Protect\n|-damage|p1a: Tornadus|0 fnt\n|faint|p1a: Tornadus\n|-ability|p2a: Horsee|Grim Neigh|boost\n|-boost|p2a: Horsee|spa|1\n|\n|-fieldend|move: Psychic Terrain\n|upkeep\n|\n|t:|1739526443\n|switch|p1a: Raging Bolt|Raging Bolt, L50|100\/100\n|turn|6\n|\n|t:|1739526451\n|move|p2b: Pony|Follow Me|p2b: Pony\n|-singleturn|p2b: Pony|move: Follow Me\n|move|p1b: Chien-Pao|Crunch|p2b: Pony\n|-damage|p2b: Pony|61\/100\n|move|p2a: Horsee|Astral Barrage|p1a: Raging Bolt|[spread] p1a,p1b\n|-resisted|p1b: Chien-Pao\n|-damage|p1a: Raging Bolt|0 fnt\n|-damage|p1b: Chien-Pao|0 fnt\n|faint|p1a: Raging Bolt\n|-end|p1a: Raging Bolt|Protosynthesis|[silent]\n|faint|p1b: Chien-Pao\n|\n|win|aires17\n|raw|satelite99's rating: 1606 &rarr; <strong>1582<\/strong><br \/>(-24 for losing)\n|raw|aires17's rating: 1533 &rarr; <strong>1557<\/strong><br \/>(+24 for winning)\n|l|\u2606satelite99\n|player|p1|\n|l|\u2606aires17\n|player|p2|\n","uploadtime":1739526622,"views":5,"formatid":"gen9vgc2025regg","rating":1557,"private":0,"password":null}