{"id":"gen9vgc2025regg-2300644366","format":"[Gen 9] VGC 2025 Reg G","players":["ssbutan","metakurozashi"],"log":"|j|\u2606ssbutan\n|j|\u2606metakurozashi\n|t:|1739538042\n|gametype|doubles\n|player|p1|ssbutan|camper|1570\n|player|p2|metakurozashi|170|1516\n|teamsize|p1|6\n|teamsize|p2|6\n|gen|9\n|tier|[Gen 9] VGC 2025 Reg G\n|rated|\n|rule|Species Clause: Limit one of each Pok\u00e9mon\n|rule|Item Clause: Limit 1 of each item\n|clearpoke\n|poke|p1|Calyrex-Ice, L50|\n|poke|p1|Cresselia, L50, F|\n|poke|p1|Rillaboom, L50, F|\n|poke|p1|Urshifu-*, L50, F|\n|poke|p1|Goodra-Hisui, L50, F|\n|poke|p1|Ninetales-Alola, L50, F|\n|poke|p2|Calyrex-Ice, L50|\n|poke|p2|Amoonguss, L50, M|\n|poke|p2|Indeedee-F, L50, F|\n|poke|p2|Urshifu-*, L50, F|\n|poke|p2|Flutter Mane, L50|\n|poke|p2|Ogerpon-Cornerstone, L50, F|\n|teampreview|4\n|inactive|Battle timer is ON: inactive players will automatically lose when time's up. (requested by ssbutan)\n|inactive|ssbutan has 60 seconds left.\n|inactive|metakurozashi has 60 seconds left.\n|inactive|ssbutan has 30 seconds left.\n|inactive|ssbutan has 20 seconds left.\n|inactive|ssbutan has 15 seconds left.\n|inactive|ssbutan has 10 seconds left.\n|\n|t:|1739538127\n|start\n|switch|p1a: Calyrex|Calyrex-Ice, L50|100\/100\n|switch|p1b: Ninetales|Ninetales-Alola, L50, F|100\/100\n|switch|p2a: Ogerpon|Ogerpon-Cornerstone, L50, F|100\/100\n|switch|p2b: Calyrex|Calyrex-Ice, L50|100\/100\n|-ability|p2b: Calyrex|As One\n|-ability|p2b: Calyrex|Unnerve\n|-ability|p1a: Calyrex|As One\n|-ability|p1a: Calyrex|Unnerve\n|-weather|Snow|[from] ability: Snow Warning|[of] p1b: Ninetales\n|turn|1\n|inactive|ssbutan has 30 seconds left.\n|inactive|metakurozashi has 30 seconds left.\n|\n|t:|1739538159\n|move|p2a: Ogerpon|Ivy Cudgel|p1b: Ninetales|[anim] Ivy Cudgel Rock\n|-supereffective|p1b: Ninetales\n|-damage|p1b: Ninetales|3\/100\n|move|p1b: Ninetales|Aurora Veil|p1b: Ninetales\n|-sidestart|p1: ssbutan|move: Aurora Veil\n|move|p2b: Calyrex|Glacial Lance|p1b: Ninetales|[spread] p1a,p1b\n|-resisted|p1a: Calyrex\n|-resisted|p1b: Ninetales\n|-damage|p1a: Calyrex|91\/100\n|-damage|p1b: Ninetales|0 fnt\n|faint|p1b: Ninetales\n|-ability|p2b: Calyrex|Chilling Neigh|boost\n|-boost|p2b: Calyrex|atk|1\n|move|p1a: Calyrex|Glacial Lance|p2b: Calyrex|[spread] p2a,p2b\n|-supereffective|p2a: Ogerpon\n|-resisted|p2b: Calyrex\n|-ability|p2a: Ogerpon|Sturdy\n|-damage|p2a: Ogerpon|1\/100\n|-damage|p2b: Calyrex|91\/100\n|\n|-weather|Snow|[upkeep]\n|-heal|p1a: Calyrex|97\/100|[from] item: Leftovers\n|upkeep\n|inactive|ssbutan has 30 seconds left.\n|\n|t:|1739538191\n|switch|p1b: Urshifu|Urshifu-Rapid-Strike, L50, F|100\/100\n|turn|2\n|inactive|ssbutan has 30 seconds left.\n|\n|t:|1739538216\n|move|p1b: Urshifu|Surging Strikes|p2a: Ogerpon\n|-crit|p2a: Ogerpon\n|-damage|p2a: Ogerpon|0 fnt\n|faint|p2a: Ogerpon\n|-hitcount|p2: Ogerpon|1\n|move|p2b: Calyrex|Glacial Lance|p1a: Calyrex|[spread] p1a,p1b\n|-resisted|p1a: Calyrex\n|-resisted|p1b: Urshifu\n|-damage|p1a: Calyrex|81\/100\n|-damage|p1b: Urshifu|59\/100\n|move|p1a: Calyrex|Leech Seed|p2b: Calyrex\n|-start|p2b: Calyrex|move: Leech Seed\n|\n|-weather|Snow|[upkeep]\n|-heal|p1a: Calyrex|87\/100|[from] item: Leftovers\n|-damage|p2b: Calyrex|79\/100|[from] Leech Seed|[of] p1a: Calyrex\n|-heal|p1a: Calyrex|99\/100|[silent]\n|upkeep\n|\n|t:|1739538229\n|switch|p2a: Urshifu|Urshifu, L50, F|100\/100\n|turn|3\n|\n|t:|1739538251\n|-terastallize|p2a: Urshifu|Poison\n|-terastallize|p1a: Calyrex|Fairy\n|move|p1b: Urshifu|Surging Strikes|p2a: Urshifu\n|-crit|p2a: Urshifu\n|-damage|p2a: Urshifu|78\/100\n|-crit|p2a: Urshifu\n|-damage|p2a: Urshifu|57\/100\n|-crit|p2a: Urshifu\n|-damage|p2a: Urshifu|36\/100\n|-hitcount|p2a: Urshifu|3\n|move|p2a: Urshifu|Wicked Blow|p1a: Calyrex\n|-resisted|p1a: Calyrex\n|-crit|p1a: Calyrex\n|-damage|p1a: Calyrex|83\/100\n|move|p2b: Calyrex|Glacial Lance|p1a: Calyrex|[spread] p1a,p1b\n|-resisted|p1b: Urshifu\n|-damage|p1a: Calyrex|36\/100\n|-damage|p1b: Urshifu|16\/100\n|move|p1a: Calyrex|Glacial Lance|p2b: Calyrex|[spread] p2a,p2b\n|-resisted|p2b: Calyrex\n|-damage|p2a: Urshifu|0 fnt\n|-damage|p2b: Calyrex|70\/100\n|faint|p2a: Urshifu\n|-ability|p1a: Calyrex|Chilling Neigh|boost\n|-boost|p1a: Calyrex|atk|1\n|\n|-weather|Snow|[upkeep]\n|-heal|p1a: Calyrex|42\/100|[from] item: Leftovers\n|-damage|p2b: Calyrex|58\/100|[from] Leech Seed|[of] p1a: Calyrex\n|-heal|p1a: Calyrex|54\/100|[silent]\n|upkeep\n|\n|t:|1739538274\n|switch|p2a: Indeedee|Indeedee-F, L50, F|100\/100\n|-fieldstart|move: Psychic Terrain|[from] ability: Psychic Surge|[of] p2a: Indeedee\n|turn|4\n|\n|t:|1739538292\n|switch|p1b: Cresselia|Cresselia, L50, F|100\/100\n|move|p2a: Indeedee|Follow Me|p2a: Indeedee\n|-singleturn|p2a: Indeedee|move: Follow Me\n|move|p2b: Calyrex|Glacial Lance|p1a: Calyrex|[spread] p1a,p1b\n|-damage|p1a: Calyrex|7\/100\n|-damage|p1b: Cresselia|58\/100\n|move|p1a: Calyrex|Leech Seed|p2a: Indeedee\n|-start|p2a: Indeedee|move: Leech Seed\n|\n|-weather|Snow|[upkeep]\n|-heal|p1a: Calyrex|13\/100|[from] item: Leftovers\n|-damage|p2a: Indeedee|88\/100|[from] Leech Seed|[of] p1a: Calyrex\n|-heal|p1a: Calyrex|24\/100|[silent]\n|-damage|p2b: Calyrex|46\/100|[from] Leech Seed|[of] p1a: Calyrex\n|-heal|p1a: Calyrex|36\/100|[silent]\n|upkeep\n|turn|5\n|\n|t:|1739538310\n|move|p2a: Indeedee|Helping Hand|p2b: Calyrex\n|-singleturn|p2b: Calyrex|Helping Hand|[of] p2a: Indeedee\n|move|p1b: Cresselia|Lunar Blessing|p1b: Cresselia|[spread] p1a,p1b\n|-heal|p1a: Calyrex|61\/100\n|-heal|p1b: Cresselia|83\/100\n|move|p2b: Calyrex|Glacial Lance|p1b: Cresselia|[spread] p1a,p1b\n|-damage|p1a: Calyrex|0 fnt\n|-damage|p1b: Cresselia|17\/100\n|faint|p1a: Calyrex\n|-ability|p2b: Calyrex|Chilling Neigh|boost\n|-boost|p2b: Calyrex|atk|1\n|\n|-weather|none\n|-sideend|p1: ssbutan|move: Aurora Veil\n|upkeep\n|\n|t:|1739538321\n|switch|p1a: Urshifu|Urshifu-Rapid-Strike, L50, F|16\/100\n|turn|6\n|inactive|ssbutan has 30 seconds left.\n|\n|t:|1739538354\n|move|p2a: Indeedee|Follow Me|p2a: Indeedee\n|-singleturn|p2a: Indeedee|move: Follow Me\n|move|p1a: Urshifu|Coaching|p1b: Cresselia\n|-boost|p1b: Cresselia|atk|1\n|-boost|p1b: Cresselia|def|1\n|move|p1b: Cresselia|Lunar Blessing|p1b: Cresselia|[spread] p1a,p1b\n|-heal|p1a: Urshifu|41\/100\n|-heal|p1b: Cresselia|42\/100\n|move|p2b: Calyrex|Glacial Lance|p1b: Cresselia|[spread] p1a,p1b\n|-resisted|p1a: Urshifu\n|-damage|p1a: Urshifu|0 fnt\n|-damage|p1b: Cresselia|0 fnt\n|faint|p1a: Urshifu\n|faint|p1b: Cresselia\n|\n|win|metakurozashi\n|raw|ssbutan's rating: 1570 &rarr; <strong>1547<\/strong><br \/>(-23 for losing)\n|raw|metakurozashi's rating: 1516 &rarr; <strong>1539<\/strong><br \/>(+23 for winning)\n|l|\u2606ssbutan\n|player|p1|\n|l|\u2606metakurozashi\n|player|p2|\n","uploadtime":1739538366,"views":8,"formatid":"gen9vgc2025regg","rating":1539,"private":0,"password":null}