{"id":"gen9vgc2025regg-2300942690","format":"[Gen 9] VGC 2025 Reg G","players":["bmbrvr","pokefaqk"],"log":"|j|\u2606bmbrvr\n|j|\u2606pokefaqk\n|t:|1739571145\n|gametype|doubles\n|player|p1|bmbrvr|silver|1544\n|player|p2|pokefaqk|1|1602\n|teamsize|p1|6\n|teamsize|p2|6\n|gen|9\n|tier|[Gen 9] VGC 2025 Reg G\n|rated|\n|rule|Species Clause: Limit one of each Pok\u00e9mon\n|rule|Item Clause: Limit 1 of each item\n|clearpoke\n|poke|p1|Terapagos, L50, M|\n|poke|p1|Whimsicott, L50, F|\n|poke|p1|Moltres-Galar, L50|\n|poke|p1|Urshifu-*, L50, F|\n|poke|p1|Farigiraf, L50, F|\n|poke|p1|Iron Moth, L50|\n|poke|p2|Calyrex-Shadow, L50|\n|poke|p2|Ting-Lu, L50|\n|poke|p2|Dondozo, L50, F|\n|poke|p2|Urshifu-*, L50, M|\n|poke|p2|Ogerpon-Hearthflame, L50, F|\n|poke|p2|Whimsicott, L50, M|\n|teampreview|4\n|inactive|Battle timer is ON: inactive players will automatically lose when time's up. (requested by pokefaqk)\n|inactive|bmbrvr has 60 seconds left.\n|inactive|pokefaqk has 60 seconds left.\n|inactive|bmbrvr has 30 seconds left.\n|\n|t:|1739571208\n|start\n|switch|p1a: Whimsicott|Whimsicott, L50, F|100\/100\n|switch|p1b: Terapagos|Terapagos, L50, M|100\/100\n|switch|p2a: Ting-Lu|Ting-Lu, L50|100\/100\n|switch|p2b: Dondozo|Dondozo, L50, F|100\/100\n|-activate|p1b: Terapagos|ability: Tera Shift\n|detailschange|p1b: Terapagos|Terapagos-Terastal, L50, M\n|-heal|p1b: Terapagos|100\/100|[silent]\n|-ability|p2a: Ting-Lu|Vessel of Ruin\n|turn|1\n|\n|t:|1739571228\n|move|p1a: Whimsicott|Taunt|p2b: Dondozo\n|-immune|p2b: Dondozo|[from] ability: Oblivious\n|move|p1b: Terapagos|Energy Ball|p2a: Ting-Lu\n|-supereffective|p2a: Ting-Lu\n|-damage|p2a: Ting-Lu|60\/100\n|move|p2a: Ting-Lu|Stealth Rock|p1a: Whimsicott\n|-sidestart|p1: bmbrvr|move: Stealth Rock\n|move|p2b: Dondozo|Yawn|p1b: Terapagos\n|-start|p1b: Terapagos|move: Yawn|[of] p2b: Dondozo\n|\n|upkeep\n|turn|2\n|inactive|bmbrvr has 30 seconds left.\n|j| mr pogostick\n|inactive|bmbrvr has 20 seconds left.\n|inactive|bmbrvr has 15 seconds left.\n|\n|t:|1739571270\n|move|p1a: Whimsicott|Endeavor|p2b: Dondozo\n|-damage|p2b: Dondozo|53\/100\n|move|p1b: Terapagos|Energy Ball|p2b: Dondozo\n|-supereffective|p2b: Dondozo\n|-damage|p2b: Dondozo|3\/100\n|move|p2a: Ting-Lu|Ruination|p1b: Terapagos\n|-damage|p1b: Terapagos|50\/100\n|move|p2b: Dondozo|Yawn||[still]\n|-fail|p2b: Dondozo\n|\n|-heal|p2b: Dondozo|9\/100|[from] item: Leftovers\n|-end|p1b: Terapagos|move: Yawn|[silent]\n|-status|p1b: Terapagos|slp\n|upkeep\n|turn|3\n|inactive|bmbrvr has 30 seconds left.\n|inactive|pokefaqk has 30 seconds left.\n|\n|t:|1739571301\n|switch|p2b: Ogerpon|Ogerpon-Hearthflame, L50, F|100\/100\n|-ability|p2b: Ogerpon|Mold Breaker\n|move|p1a: Whimsicott|Sunny Day|p1a: Whimsicott\n|-weather|SunnyDay\n|cant|p1b: Terapagos|slp\n|move|p2a: Ting-Lu|Sand Tomb|p1a: Whimsicott\n|-resisted|p1a: Whimsicott\n|-damage|p1a: Whimsicott|92\/100\n|-activate|p1a: Whimsicott|move: Sand Tomb|[of] p2a: Ting-Lu\n|\n|-weather|SunnyDay|[upkeep]\n|-damage|p1a: Whimsicott|80\/100|[from] move: Sand Tomb|[partiallytrapped]\n|upkeep\n|turn|4\n|\n|t:|1739571323\n|switch|p1b: Iron Moth|Iron Moth, L50|100\/100\n|-damage|p1b: Iron Moth|76\/100|[from] Stealth Rock\n|-enditem|p1b: Iron Moth|Booster Energy\n|-activate|p1b: Iron Moth|ability: Quark Drive|[fromitem]\n|-start|p1b: Iron Moth|quarkdrivespa\n|move|p1a: Whimsicott|Tailwind|p1a: Whimsicott\n|-sidestart|p1: bmbrvr|move: Tailwind\n|move|p2b: Ogerpon|Ivy Cudgel|p1a: Whimsicott|[anim] Ivy Cudgel Fire\n|-supereffective|p1a: Whimsicott\n|-damage|p1a: Whimsicott|0 fnt\n|faint|p1a: Whimsicott\n|move|p2a: Ting-Lu|Sand Tomb|p1b: Iron Moth\n|-supereffective|p1b: Iron Moth\n|-damage|p1b: Iron Moth|4\/100\n|-activate|p1b: Iron Moth|move: Sand Tomb|[of] p2a: Ting-Lu\n|\n|-weather|SunnyDay|[upkeep]\n|-damage|p1b: Iron Moth|0 fnt|[from] move: Sand Tomb|[partiallytrapped]\n|faint|p1b: Iron Moth\n|-end|p1b: Iron Moth|Quark Drive|[silent]\n|upkeep\n|l| mr pogostick\n|\n|t:|1739571342\n|switch|p1a: Urshifu|Urshifu, L50, F|100\/100\n|switch|p1b: Terapagos|Terapagos-Terastal, L50, M|50\/100 slp\n|-damage|p1a: Urshifu|94\/100|[from] Stealth Rock\n|-damage|p1b: Terapagos|38\/100 slp|[from] Stealth Rock\n|turn|5\n|\n|t:|1739571364\n|-terastallize|p1b: Terapagos|Stellar\n|detailschange|p1b: Terapagos|Terapagos-Stellar, L50, M, tera:Stellar\n|-heal|p1b: Terapagos|55\/100 slp|[silent]\n|-ability|p1b: Terapagos|Teraform Zero\n|-weather|none\n|-terastallize|p2a: Ting-Lu|Fairy\n|move|p1a: Urshifu|Drain Punch|p2a: Ting-Lu\n|-resisted|p2a: Ting-Lu\n|-damage|p2a: Ting-Lu|50\/100\n|-heal|p1a: Urshifu|100\/100|[from] drain|[of] p2a: Ting-Lu\n|-damage|p1a: Urshifu|84\/100|[from] item: Rocky Helmet|[of] p2a: Ting-Lu\n|cant|p1b: Terapagos|slp\n|move|p2b: Ogerpon|Ivy Cudgel|p1a: Urshifu|[anim] Ivy Cudgel Fire\n|-damage|p1a: Urshifu|24\/100\n|move|p2a: Ting-Lu|Sand Tomb|p1a: Urshifu\n|-damage|p1a: Urshifu|11\/100\n|-activate|p1a: Urshifu|move: Sand Tomb|[of] p2a: Ting-Lu\n|\n|-damage|p1a: Urshifu|0 fnt|[from] move: Sand Tomb|[partiallytrapped]\n|faint|p1a: Urshifu\n|upkeep\n|turn|6\n|-message|bmbrvr forfeited.\n|\n|win|pokefaqk\n|raw|bmbrvr's rating: 1544 &rarr; <strong>1527<\/strong><br \/>(-17 for losing)\n|raw|pokefaqk's rating: 1602 &rarr; <strong>1619<\/strong><br \/>(+17 for winning)\n|l|\u2606pokefaqk\n|player|p2|\n","uploadtime":1739571624,"views":9,"formatid":"gen9vgc2025regg","rating":1527,"private":0,"password":null}