{"id":"gen9vgc2025regg-2300432520","format":"[Gen 9] VGC 2025 Reg G","players":["Exaltold","ChaosTenma"],"log":"|j|\u2606Exaltold\n|j|\u2606ChaosTenma\n|t:|1739501558\n|gametype|doubles\n|player|p1|Exaltold|miku-psychic|1532\n|player|p2|ChaosTenma|red|1639\n|teamsize|p1|6\n|teamsize|p2|6\n|gen|9\n|tier|[Gen 9] VGC 2025 Reg G\n|rated|\n|rule|Species Clause: Limit one of each Pok\u00e9mon\n|rule|Item Clause: Limit 1 of each item\n|clearpoke\n|poke|p1|Alcremie, L50, F|\n|poke|p1|Calyrex-Ice, L50|\n|poke|p1|Ursaluna-Bloodmoon, L50, M|\n|poke|p1|Incineroar, L50, F|\n|poke|p1|Indeedee-F, L50, F|\n|poke|p1|Ogerpon-Wellspring, L50, F|\n|poke|p2|Pelipper, L50, M|\n|poke|p2|Landorus, L50, M|\n|poke|p2|Rillaboom, L50, M|\n|poke|p2|Zamazenta-*, L50|\n|poke|p2|Flutter Mane, L50|\n|poke|p2|Chien-Pao, L50|\n|teampreview|4\n|inactive|Battle timer is ON: inactive players will automatically lose when time's up. (requested by Exaltold)\n|\n|t:|1739501573\n|start\n|switch|p1a: Calyrex|Calyrex-Ice, L50|100\/100\n|switch|p1b: Ogerpon|Ogerpon-Wellspring, L50, F|100\/100\n|switch|p2a: Zamazenta|Zamazenta-Crowned, L50, shiny|100\/100\n|switch|p2b: Flutter Mane|Flutter Mane, L50|100\/100\n|-ability|p1a: Calyrex|As One\n|-ability|p1a: Calyrex|Unnerve\n|-ability|p2a: Zamazenta|Dauntless Shield|boost\n|-boost|p2a: Zamazenta|def|1\n|-enditem|p2b: Flutter Mane|Booster Energy\n|-activate|p2b: Flutter Mane|ability: Protosynthesis|[fromitem]\n|-start|p2b: Flutter Mane|protosynthesisspe\n|turn|1\n|\n|t:|1739501598\n|move|p1b: Ogerpon|Follow Me|p1b: Ogerpon\n|-singleturn|p1b: Ogerpon|move: Follow Me\n|move|p2b: Flutter Mane|Taunt|p1b: Ogerpon\n|-start|p1b: Ogerpon|move: Taunt\n|move|p2a: Zamazenta|Iron Defense|p2a: Zamazenta\n|-boost|p2a: Zamazenta|def|2\n|move|p1a: Calyrex|Trick Room|p1a: Calyrex\n|-fieldstart|move: Trick Room|[of] p1a: Calyrex\n|\n|upkeep\n|turn|2\n|j| Rabbithorn01\n|\n|t:|1739501621\n|switch|p1b: Alcremie|Alcremie, L50, F, shiny|100\/100\n|move|p1a: Calyrex|Glacial Lance|p2b: Flutter Mane|[spread] p2a,p2b\n|-resisted|p2a: Zamazenta\n|-damage|p2a: Zamazenta|94\/100\n|-damage|p2b: Flutter Mane|21\/100\n|move|p2a: Zamazenta|Body Press|p1b: Alcremie\n|-resisted|p1b: Alcremie\n|-damage|p1b: Alcremie|40\/100\n|move|p2b: Flutter Mane|Moonblast|p1b: Alcremie\n|-damage|p1b: Alcremie|8\/100\n|-unboost|p1b: Alcremie|spa|1\n|\n|upkeep\n|turn|3\n|\n|t:|1739501641\n|move|p1b: Alcremie|Decorate|p1a: Calyrex\n|-boost|p1a: Calyrex|atk|2\n|-boost|p1a: Calyrex|spa|2\n|move|p1a: Calyrex|Glacial Lance|p2a: Zamazenta|[spread] p2a,p2b\n|-resisted|p2a: Zamazenta\n|-damage|p2a: Zamazenta|80\/100\n|-damage|p2b: Flutter Mane|0 fnt\n|faint|p2b: Flutter Mane\n|-end|p2b: Flutter Mane|Protosynthesis|[silent]\n|-ability|p1a: Calyrex|Chilling Neigh|boost\n|-boost|p1a: Calyrex|atk|1\n|move|p2a: Zamazenta|Behemoth Bash|p1b: Alcremie\n|-supereffective|p1b: Alcremie\n|-damage|p1b: Alcremie|0 fnt\n|faint|p1b: Alcremie\n|\n|upkeep\n|\n|t:|1739501656\n|switch|p1b: Ursaluna|Ursaluna-Bloodmoon, L50, M|100\/100\n|switch|p2b: Pelipper|Pelipper, L50, M|100\/100\n|-weather|RainDance|[from] ability: Drizzle|[of] p2b: Pelipper\n|turn|4\n|\n|t:|1739501673\n|-terastallize|p1b: Ursaluna|Normal\n|move|p2a: Zamazenta|Protect|p2a: Zamazenta\n|-singleturn|p2a: Zamazenta|Protect\n|move|p1a: Calyrex|High Horsepower|p2a: Zamazenta\n|-activate|p2a: Zamazenta|move: Protect\n|move|p1b: Ursaluna|Blood Moon|p2b: Pelipper\n|-damage|p2b: Pelipper|0 fnt\n|faint|p2b: Pelipper\n|\n|-weather|RainDance|[upkeep]\n|upkeep\n|\n|t:|1739501687\n|switch|p2b: Landorus|Landorus, L50, M|100\/100\n|turn|5\n|\n|t:|1739501700\n|-terastallize|p2b: Landorus|Water\n|move|p1a: Calyrex|Glacial Lance|p2a: Zamazenta|[spread] p2a,p2b\n|-resisted|p2a: Zamazenta\n|-resisted|p2b: Landorus\n|-damage|p2a: Zamazenta|63\/100\n|-damage|p2b: Landorus|22\/100\n|move|p1b: Ursaluna|Earth Power|p2a: Zamazenta\n|-supereffective|p2a: Zamazenta\n|-damage|p2a: Zamazenta|0 fnt\n|faint|p2a: Zamazenta\n|move|p2b: Landorus|Sandsear Storm|p1a: Calyrex|[spread] p1a,p1b\n|-damage|p1a: Calyrex|57\/100\n|-damage|p1b: Ursaluna|26\/100\n|\n|-weather|RainDance|[upkeep]\n|-fieldend|move: Trick Room\n|upkeep\n|turn|6\n|\n|t:|1739501715\n|move|p2b: Landorus|Sandsear Storm|p1b: Ursaluna|[spread] p1a,p1b\n|-crit|p1a: Calyrex\n|-damage|p1a: Calyrex|0 fnt\n|-damage|p1b: Ursaluna|0 fnt\n|faint|p1a: Calyrex\n|faint|p1b: Ursaluna\n|\n|-weather|RainDance|[upkeep]\n|upkeep\n|\n|t:|1739501718\n|switch|p1b: Ogerpon|Ogerpon-Wellspring, L50, F|100\/100\n|turn|7\n|\n|t:|1739501726\n|move|p1b: Ogerpon|Wood Hammer|p2b: Landorus\n|-supereffective|p2b: Landorus\n|-damage|p2b: Landorus|0 fnt\n|faint|p2b: Landorus\n|-damage|p1b: Ogerpon|94\/100|[from] Recoil\n|\n|win|Exaltold\n|raw|Exaltold's rating: 1532 &rarr; <strong>1558<\/strong><br \/>(+26 for winning)\n|raw|ChaosTenma's rating: 1639 &rarr; <strong>1613<\/strong><br \/>(-26 for losing)\n|l|\u2606ChaosTenma\n|player|p2|\n|l|\u2606Exaltold\n|player|p1|\n|l| Rabbithorn01\n","uploadtime":1739501886,"views":9,"formatid":"gen9vgc2025regg","rating":1558,"private":0,"password":null}