{"id":"gen9vgc2025regg-2300651977","format":"[Gen 9] VGC 2025 Reg G","players":["searows","ssbutan"],"log":"|j|\u2606searows\n|j|\u2606ssbutan\n|t:|1739539092\n|gametype|doubles\n|player|p1|searows|miku-water|1571\n|player|p2|ssbutan|camper|1555\n|teamsize|p1|6\n|teamsize|p2|6\n|gen|9\n|tier|[Gen 9] VGC 2025 Reg G\n|rated|\n|rule|Species Clause: Limit one of each Pok\u00e9mon\n|rule|Item Clause: Limit 1 of each item\n|clearpoke\n|poke|p1|Calyrex-Ice, L50|\n|poke|p1|Raging Bolt, L50|\n|poke|p1|Urshifu-*, L50, F|\n|poke|p1|Amoonguss, L50, M|\n|poke|p1|Ogerpon-Cornerstone, L50, F|\n|poke|p1|Tornadus, L50, M|\n|poke|p2|Calyrex-Ice, L50|\n|poke|p2|Cresselia, L50, F|\n|poke|p2|Rillaboom, L50, F|\n|poke|p2|Urshifu-*, L50, F|\n|poke|p2|Ting-Lu, L50|\n|poke|p2|Goodra-Hisui, L50, F|\n|teampreview|4\n|inactive|Battle timer is ON: inactive players will automatically lose when time's up. (requested by ssbutan)\nsearows has agreed to open team sheets.\n|inactive|searows has 60 seconds left.\n|inactive|ssbutan has 60 seconds left.\n|\n|t:|1739539149\n|start\n|switch|p1a: Calyrex|Calyrex-Ice, L50|100\/100\n|switch|p1b: Urshifu|Urshifu-Rapid-Strike, L50, F|100\/100\n|switch|p2a: Calyrex|Calyrex-Ice, L50|100\/100\n|switch|p2b: Cresselia|Cresselia, L50, F|100\/100\n|-ability|p1a: Calyrex|As One\n|-ability|p1a: Calyrex|Unnerve\n|-ability|p2a: Calyrex|As One\n|-ability|p2a: Calyrex|Unnerve\n|turn|1\n|inactive|searows has 30 seconds left.\n|\n|t:|1739539182\n|move|p1b: Urshifu|Surging Strikes|p2b: Cresselia\n|-crit|p2b: Cresselia\n|-damage|p2b: Cresselia|82\/100\n|-crit|p2b: Cresselia\n|-damage|p2b: Cresselia|62\/100\n|-crit|p2b: Cresselia\n|-damage|p2b: Cresselia|42\/100\n|-hitcount|p2b: Cresselia|3\n|move|p1a: Calyrex|Glacial Lance|p2a: Calyrex|[spread] p2a,p2b\n|-resisted|p2a: Calyrex\n|-damage|p2a: Calyrex|87\/100\n|-damage|p2b: Cresselia|10\/100\n|move|p2b: Cresselia|Psychic|p1b: Urshifu\n|-supereffective|p1b: Urshifu\n|-damage|p1b: Urshifu|34\/100\n|move|p2a: Calyrex|Leech Seed|p1a: Calyrex\n|-start|p1a: Calyrex|move: Leech Seed\n|\n|-heal|p2a: Calyrex|93\/100|[from] item: Leftovers\n|-damage|p1a: Calyrex|88\/100|[from] Leech Seed|[of] p2a: Calyrex\n|-heal|p2a: Calyrex|100\/100|[silent]\n|upkeep\n|turn|2\n|inactive|searows has 30 seconds left.\n|inactive|ssbutan has 30 seconds left.\n|inactive|searows has 20 seconds left.\n|inactive|ssbutan has 20 seconds left.\n|\n|t:|1739539219\n|switch|p2b: Urshifu|Urshifu-Rapid-Strike, L50, F|100\/100\n|move|p1b: Urshifu|Surging Strikes|p2a: Calyrex\n|-crit|p2a: Calyrex\n|-damage|p2a: Calyrex|82\/100\n|-crit|p2a: Calyrex\n|-damage|p2a: Calyrex|65\/100\n|-crit|p2a: Calyrex\n|-damage|p2a: Calyrex|49\/100\n|-hitcount|p2a: Calyrex|3\n|move|p1a: Calyrex|Glacial Lance|p2a: Calyrex|[spread] p2a,p2b\n|-resisted|p2a: Calyrex\n|-crit|p2a: Calyrex\n|-resisted|p2b: Urshifu\n|-damage|p2a: Calyrex|29\/100\n|-damage|p2b: Urshifu|73\/100\n|move|p2a: Calyrex|Glacial Lance|p1b: Urshifu|[spread] p1a,p1b\n|-resisted|p1a: Calyrex\n|-resisted|p1b: Urshifu\n|-damage|p1a: Calyrex|70\/100\n|-damage|p1b: Urshifu|12\/100\n|\n|-heal|p2a: Calyrex|35\/100|[from] item: Leftovers\n|-damage|p1a: Calyrex|58\/100|[from] Leech Seed|[of] p2a: Calyrex\n|-heal|p2a: Calyrex|46\/100|[silent]\n|upkeep\n|turn|3\n|inactive|searows has 30 seconds left.\n|inactive|ssbutan has 30 seconds left.\n|inactive|ssbutan has 20 seconds left.\n|inactive|ssbutan has 15 seconds left.\n|inactive|ssbutan has 10 seconds left.\n|inactive|ssbutan has 5 seconds left.\n|\n|t:|1739539269\n|switch|p1a: Amoonguss|Amoonguss, L50, M|100\/100\n|move|p2b: Urshifu|U-turn|p1b: Urshifu\n|-resisted|p1b: Urshifu\n|-damage|p1b: Urshifu|0 fnt\n|faint|p1b: Urshifu\n|\n|t:|1739539284\n|switch|p2b: Goodra|Goodra-Hisui, L50, F|100\/100|[from] U-turn\n|move|p2a: Calyrex|Glacial Lance|p1a: Amoonguss\n|-supereffective|p1a: Amoonguss\n|-damage|p1a: Amoonguss|13\/100\n|\n|-heal|p2a: Calyrex|52\/100|[from] item: Leftovers\n|upkeep\n|j| cccue6tu\n|\n|t:|1739539293\n|switch|p1b: Raging Bolt|Raging Bolt, L50|100\/100\n|-enditem|p1b: Raging Bolt|Booster Energy\n|-activate|p1b: Raging Bolt|ability: Protosynthesis|[fromitem]\n|-start|p1b: Raging Bolt|protosynthesisspa\n|turn|4\n|inactive|ssbutan has 30 seconds left.\n|\n|t:|1739539322\n|switch|p1a: Calyrex|Calyrex-Ice, L50|58\/100\n|-ability|p1a: Calyrex|As One\n|-ability|p1a: Calyrex|Unnerve\n|-terastallize|p1b: Raging Bolt|Electric\n|move|p2a: Calyrex|Protect|p2a: Calyrex\n|-singleturn|p2a: Calyrex|Protect\n|move|p1b: Raging Bolt|Thunderbolt|p2a: Calyrex\n|-activate|p2a: Calyrex|move: Protect\n|move|p2b: Goodra|Life Dew||[still]|[spread] p2a,p2b\n|-heal|p2a: Calyrex|77\/100\n|-fail|p2b: Goodra|heal\n|\n|-heal|p2a: Calyrex|83\/100|[from] item: Leftovers\n|upkeep\n|turn|5\n|inactive|searows has 30 seconds left.\n|\n|t:|1739539356\n|move|p1b: Raging Bolt|Thunderbolt|p2a: Calyrex\n|-damage|p2a: Calyrex|30\/100\n|move|p1a: Calyrex|Glacial Lance|p2b: Goodra|[spread] p2a,p2b\n|-resisted|p2a: Calyrex\n|-damage|p2a: Calyrex|17\/100\n|-damage|p2b: Goodra|65\/100\n|move|p2b: Goodra|Life Dew|p2b: Goodra|[spread] p2a,p2b\n|-heal|p2a: Calyrex|42\/100\n|-heal|p2b: Goodra|90\/100\n|move|p2a: Calyrex|Leech Seed|p1b: Raging Bolt\n|-start|p1b: Raging Bolt|move: Leech Seed\n|\n|-heal|p2a: Calyrex|48\/100|[from] item: Leftovers\n|-damage|p1b: Raging Bolt|88\/100|[from] Leech Seed|[of] p2a: Calyrex\n|-heal|p2a: Calyrex|60\/100|[silent]\n|upkeep\n|turn|6\n|\n|t:|1739539381\n|move|p2a: Calyrex|Protect|p2a: Calyrex\n|-singleturn|p2a: Calyrex|Protect\n|move|p1b: Raging Bolt|Draco Meteor|p2b: Goodra\n|-damage|p2b: Goodra|29\/100\n|-unboost|p1b: Raging Bolt|spa|2\n|move|p1a: Calyrex|Glacial Lance|p2b: Goodra|[spread] p2b\n|-activate|p2a: Calyrex|move: Protect\n|-damage|p2b: Goodra|0 fnt\n|faint|p2b: Goodra\n|-ability|p1a: Calyrex|Chilling Neigh|boost\n|-boost|p1a: Calyrex|atk|1\n|\n|-heal|p2a: Calyrex|66\/100|[from] item: Leftovers\n|-damage|p1b: Raging Bolt|76\/100|[from] Leech Seed|[of] p2a: Calyrex\n|-heal|p2a: Calyrex|79\/100|[silent]\n|upkeep\n|\n|t:|1739539393\n|switch|p2b: Urshifu|Urshifu-Rapid-Strike, L50, F|73\/100\n|turn|7\n|\n|t:|1739539408\n|move|p1b: Raging Bolt|Thunderclap||[still]\n|-fail|p1b: Raging Bolt\n|move|p2b: Urshifu|Coaching|p2a: Calyrex\n|-boost|p2a: Calyrex|atk|1\n|-boost|p2a: Calyrex|def|1\n|move|p1a: Calyrex|Glacial Lance|p2a: Calyrex|[spread] p2a,p2b\n|-resisted|p2a: Calyrex\n|-resisted|p2b: Urshifu\n|-damage|p2a: Calyrex|64\/100\n|-damage|p2b: Urshifu|33\/100\n|move|p2a: Calyrex|Glacial Lance|p1b: Raging Bolt|[spread] p1a,p1b\n|-resisted|p1a: Calyrex\n|-damage|p1a: Calyrex|34\/100\n|-damage|p1b: Raging Bolt|10\/100\n|\n|-heal|p2a: Calyrex|70\/100|[from] item: Leftovers\n|-damage|p1b: Raging Bolt|0 fnt|[from] Leech Seed|[of] p2a: Calyrex\n|-heal|p2a: Calyrex|80\/100|[silent]\n|faint|p1b: Raging Bolt\n|-end|p1b: Raging Bolt|Protosynthesis|[silent]\n|upkeep\n|-message|searows forfeited.\n|\n|win|ssbutan\n|raw|searows's rating: 1571 &rarr; <strong>1550<\/strong><br \/>(-21 for losing)\n|raw|ssbutan's rating: 1555 &rarr; <strong>1576<\/strong><br \/>(+21 for winning)\n|l|\u2606searows\n|player|p1|\n|l|\u2606ssbutan\n|player|p2|\n","uploadtime":1739539649,"views":7,"formatid":"gen9vgc2025regg","rating":1550,"private":0,"password":null}