{"id":"gen9vgc2025regg-2300834127","format":"[Gen 9] VGC 2025 Reg G","players":["Lkizzz","bieiup"],"log":"|j|\u2606Lkizzz\n|j|\u2606bieiup\n|t:|1739558826\n|gametype|doubles\n|player|p1|Lkizzz|swimmer-gen4dp|1596\n|player|p2|bieiup|lillie-z|1683\n|teamsize|p1|6\n|teamsize|p2|6\n|gen|9\n|tier|[Gen 9] VGC 2025 Reg G\n|rated|\n|rule|Species Clause: Limit one of each Pok\u00e9mon\n|rule|Item Clause: Limit 1 of each item\n|clearpoke\n|poke|p1|Miraidon, L50|\n|poke|p1|Whimsicott, L50, M|\n|poke|p1|Farigiraf, L50, F|\n|poke|p1|Iron Hands, L50|\n|poke|p1|Ogerpon-Hearthflame, L50, F|\n|poke|p1|Urshifu-*, L50, M|\n|poke|p2|Raging Bolt, L50|\n|poke|p2|Miraidon, L50|\n|poke|p2|Chi-Yu, L50|\n|poke|p2|Torkoal, L50, M|\n|poke|p2|Farigiraf, L50, M|\n|poke|p2|Ursaluna, L50, F|\n|teampreview|4\n|inactive|Battle timer is ON: inactive players will automatically lose when time's up. (requested by bieiup)\n|\n|t:|1739558846\n|start\n|switch|p1a: Miraidon|Miraidon, L50|100\/100\n|switch|p1b: Whimsicott|Whimsicott, L50, M|100\/100\n|switch|p2a: Miraidon|Miraidon, L50|100\/100\n|switch|p2b: Farigiraf|Farigiraf, L50, M|100\/100\n|-fieldstart|move: Electric Terrain|[from] ability: Hadron Engine|[of] p2a: Miraidon\n|-enditem|p2b: Farigiraf|Electric Seed\n|-boost|p2b: Farigiraf|def|1|[from] item: Electric Seed\n|-activate|p1a: Miraidon|ability: Hadron Engine\n|turn|1\n|\n|t:|1739558857\n|-terastallize|p2b: Farigiraf|Ground\n|move|p1b: Whimsicott|Light Screen|p1b: Whimsicott\n|-sidestart|p1: Lkizzz|move: Light Screen\n|move|p2a: Miraidon|Draco Meteor|p1a: Miraidon\n|-supereffective|p1a: Miraidon\n|-damage|p1a: Miraidon|0 fnt\n|-unboost|p2a: Miraidon|spa|2\n|faint|p1a: Miraidon\n|move|p2b: Farigiraf|Trick Room|p2b: Farigiraf\n|-fieldstart|move: Trick Room|[of] p2b: Farigiraf\n|\n|upkeep\n|\n|t:|1739558865\n|switch|p1a: Iron Hands|Iron Hands, L50|100\/100\n|-activate|p1a: Iron Hands|ability: Quark Drive\n|-start|p1a: Iron Hands|quarkdriveatk\n|turn|2\n|\n|t:|1739558887\n|move|p1b: Whimsicott|Encore||[still]\n|cant|p2b: Farigiraf|ability: Armor Tail|Encore|[of] p1b: Whimsicott\n|move|p1a: Iron Hands|Low Kick|p2a: Miraidon\n|-damage|p2a: Miraidon|12\/100\n|move|p2b: Farigiraf|Psychic Noise|p1a: Iron Hands\n|-supereffective|p1a: Iron Hands\n|-damage|p1a: Iron Hands|79\/100\n|-start|p1a: Iron Hands|move: Heal Block\n|move|p2a: Miraidon|Draco Meteor|p1a: Iron Hands\n|-damage|p1a: Iron Hands|57\/100\n|-unboost|p2a: Miraidon|spa|2\n|\n|upkeep\n|turn|3\n|\n|t:|1739558907\n|move|p1a: Iron Hands|Low Kick|p2b: Farigiraf\n|-damage|p2b: Farigiraf|63\/100\n|move|p2b: Farigiraf|Psychic Noise|p1a: Iron Hands\n|-supereffective|p1a: Iron Hands\n|-crit|p1a: Iron Hands\n|-damage|p1a: Iron Hands|11\/100\n|move|p1b: Whimsicott|Moonblast|p2a: Miraidon\n|-supereffective|p2a: Miraidon\n|-damage|p2a: Miraidon|0 fnt\n|faint|p2a: Miraidon\n|\n|-end|p1a: Iron Hands|move: Heal Block\n|upkeep\n|\n|t:|1739558911\n|switch|p2a: Torkoal|Torkoal, L50, M|100\/100\n|-weather|SunnyDay|[from] ability: Drought|[of] p2a: Torkoal\n|-item|p2a: Torkoal|Air Balloon\n|turn|4\n|inactive|Lkizzz has 30 seconds left.\n|inactive|Lkizzz has 20 seconds left.\n|\n|t:|1739558948\n|move|p2a: Torkoal|Eruption|p1a: Iron Hands|[spread] p1a,p1b\n|-supereffective|p1b: Whimsicott\n|-damage|p1a: Iron Hands|0 fnt\n|-damage|p1b: Whimsicott|0 fnt\n|faint|p1a: Iron Hands\n|-end|p1a: Iron Hands|Quark Drive|[silent]\n|faint|p1b: Whimsicott\n|move|p2b: Farigiraf|Psychic Noise|p1: Iron Hands|[notarget]\n|-fail|p2b: Farigiraf\n|\n|-weather|SunnyDay|[upkeep]\n|upkeep\n|\n|t:|1739558953\n|switch|p1b: Ogerpon|Ogerpon-Hearthflame, L50, F|100\/100\n|-ability|p1b: Ogerpon|Mold Breaker\n|turn|5\n|\n|t:|1739558959\n|move|p1b: Ogerpon|Spiky Shield|p1b: Ogerpon\n|-singleturn|p1b: Ogerpon|move: Protect\n|move|p2a: Torkoal|Eruption|p1b: Ogerpon\n|-activate|p1b: Ogerpon|move: Protect\n|move|p2b: Farigiraf|Psychic Noise|p1b: Ogerpon\n|-activate|p1b: Ogerpon|move: Protect\n|\n|-weather|SunnyDay|[upkeep]\n|-sideend|p1: Lkizzz|move: Light Screen\n|-fieldend|move: Trick Room\n|-fieldend|move: Electric Terrain\n|upkeep\n|turn|6\n|\n|t:|1739558974\n|-terastallize|p1b: Ogerpon|Fire\n|detailschange|p1b: Ogerpon|Ogerpon-Hearthflame-Tera, L50, F, tera:Fire\n|-ability|p1b: Ogerpon|Embody Aspect (Hearthflame)|boost\n|-boost|p1b: Ogerpon|atk|1\n|move|p1b: Ogerpon|Ivy Cudgel|p2b: Farigiraf|[anim] Ivy Cudgel Fire\n|-damage|p2b: Farigiraf|0 fnt\n|faint|p2b: Farigiraf\n|move|p2a: Torkoal|Eruption|p1b: Ogerpon\n|-resisted|p1b: Ogerpon\n|-damage|p1b: Ogerpon|53\/100\n|\n|-weather|SunnyDay|[upkeep]\n|upkeep\n|\n|t:|1739558976\n|switch|p2b: Ursaluna|Ursaluna, L50, F|100\/100\n|turn|7\n|\n|t:|1739558992\n|move|p2b: Ursaluna|Protect|p2b: Ursaluna\n|-singleturn|p2b: Ursaluna|Protect\n|move|p1b: Ogerpon|Ivy Cudgel|p2a: Torkoal|[anim] Ivy Cudgel Fire\n|-resisted|p2a: Torkoal\n|-damage|p2a: Torkoal|33\/100\n|-enditem|p2a: Torkoal|Air Balloon\n|move|p2a: Torkoal|Overheat|p1b: Ogerpon\n|-resisted|p1b: Ogerpon\n|-damage|p1b: Ogerpon|8\/100\n|-unboost|p2a: Torkoal|spa|2\n|\n|-weather|SunnyDay|[upkeep]\n|-status|p2b: Ursaluna|brn|[from] item: Flame Orb\n|upkeep\n|turn|8\n|\n|t:|1739559009\n|move|p1b: Ogerpon|Ivy Cudgel|p2b: Ursaluna|[anim] Ivy Cudgel Fire\n|-damage|p2b: Ursaluna|0 fnt\n|faint|p2b: Ursaluna\n|move|p2a: Torkoal|Overheat|p1b: Ogerpon\n|-resisted|p1b: Ogerpon\n|-damage|p1b: Ogerpon|0 fnt\n|-unboost|p2a: Torkoal|spa|2\n|faint|p1b: Ogerpon\n|\n|win|bieiup\n|raw|Lkizzz's rating: 1596 &rarr; <strong>1581<\/strong><br \/>(-15 for losing)\n|raw|bieiup's rating: 1683 &rarr; <strong>1698<\/strong><br \/>(+15 for winning)\n|l|\u2606Lkizzz\n|player|p1|\n|l|\u2606bieiup\n|player|p2|\n","uploadtime":1739559246,"views":20,"formatid":"gen9vgc2025regg","rating":1581,"private":0,"password":null}