{"id":"gen9vgc2025regg-2300187538","format":"[Gen 9] VGC 2025 Reg G","players":["dogggybears","stellalunala"],"log":"|j|\u2606dogggybears\n|j|\u2606stellalunala\n|t:|1739473298\n|gametype|doubles\n|player|p1|dogggybears|brycenman|1588\n|player|p2|stellalunala|266|1552\n|teamsize|p1|6\n|teamsize|p2|6\n|gen|9\n|tier|[Gen 9] VGC 2025 Reg G\n|rated|\n|rule|Species Clause: Limit one of each Pok\u00e9mon\n|rule|Item Clause: Limit 1 of each item\n|clearpoke\n|poke|p1|Tornadus, L50, M|\n|poke|p1|Urshifu-*, L50, M|\n|poke|p1|Ogerpon-Hearthflame, L50, F|\n|poke|p1|Farigiraf, L50, F|\n|poke|p1|Regidrago, L50|\n|poke|p1|Zacian-*, L50|\n|poke|p2|Ursaluna-Bloodmoon, L50, M|\n|poke|p2|Urshifu-*, L50, M|\n|poke|p2|Smeargle, L50, M|\n|poke|p2|Calyrex-Ice, L50|\n|poke|p2|Hatterene, L50, F|\n|poke|p2|Indeedee-F, L50, F|\n|teampreview|4\n|c|\u2606stellalunala|glhf\n|c|\u2606dogggybears|u2\n|inactive|Battle timer is ON: inactive players will automatically lose when time's up. (requested by dogggybears)\n|inactive|stellalunala has 60 seconds left.\n|\n|t:|1739473380\n|start\n|switch|p1a: Zacian|Zacian-Crowned, L50|100\/100\n|switch|p1b: Ogerpon|Ogerpon-Hearthflame, L50, F|100\/100\n|switch|p2a: Hatterene|Hatterene, L50, F|100\/100\n|switch|p2b: Smeargle|Smeargle, L50, M|100\/100\n|-ability|p1a: Zacian|Intrepid Sword|boost\n|-boost|p1a: Zacian|atk|1\n|-ability|p1b: Ogerpon|Mold Breaker\n|turn|1\n|\n|t:|1739473397\n|move|p1b: Ogerpon|Follow Me|p1b: Ogerpon\n|-singleturn|p1b: Ogerpon|move: Follow Me\n|move|p2b: Smeargle|Follow Me|p2b: Smeargle\n|-singleturn|p2b: Smeargle|move: Follow Me\n|move|p1a: Zacian|Behemoth Blade|p2b: Smeargle\n|-enditem|p2b: Smeargle|Focus Sash\n|-damage|p2b: Smeargle|1\/100\n|move|p2a: Hatterene|Trick Room|p2a: Hatterene\n|-fieldstart|move: Trick Room|[of] p2a: Hatterene\n|\n|upkeep\n|turn|2\n|inactive|stellalunala has 30 seconds left.\n|inactive|stellalunala has 20 seconds left.\n|\n|t:|1739473433\n|move|p1a: Zacian|Protect|p1a: Zacian\n|-singleturn|p1a: Zacian|Protect\n|move|p2a: Hatterene|Expanding Force|p1b: Ogerpon\n|-damage|p1b: Ogerpon|53\/100\n|move|p2b: Smeargle|Spore|p1a: Zacian\n|-activate|p1a: Zacian|move: Protect\n|move|p1b: Ogerpon|Ivy Cudgel|p2a: Hatterene|[anim] Ivy Cudgel Fire\n|-damage|p2a: Hatterene|40\/100\n|\n|upkeep\n|turn|3\n|inactive|stellalunala has 30 seconds left.\n|\n|t:|1739473465\n|move|p2b: Smeargle|Follow Me|p2b: Smeargle\n|-singleturn|p2b: Smeargle|move: Follow Me\n|move|p1b: Ogerpon|Follow Me|p1b: Ogerpon\n|-singleturn|p1b: Ogerpon|move: Follow Me\n|move|p2a: Hatterene|Expanding Force|p1b: Ogerpon\n|-damage|p1b: Ogerpon|9\/100\n|move|p1a: Zacian|Behemoth Blade|p2b: Smeargle\n|-damage|p2b: Smeargle|0 fnt\n|faint|p2b: Smeargle\n|\n|upkeep\n|\n|t:|1739473480\n|switch|p2b: Calyrex|Calyrex-Ice, L50|100\/100\n|-ability|p2b: Calyrex|As One\n|-ability|p2b: Calyrex|Unnerve\n|turn|4\n|inactive|stellalunala has 30 seconds left.\n|inactive|stellalunala has 20 seconds left.\n|\n|t:|1739473518\n|-terastallize|p2b: Calyrex|Dragon\n|move|p1b: Ogerpon|Follow Me|p1b: Ogerpon\n|-singleturn|p1b: Ogerpon|move: Follow Me\n|move|p2a: Hatterene|Dazzling Gleam|p1a: Zacian|[spread] p1a,p1b\n|-resisted|p1a: Zacian\n|-resisted|p1b: Ogerpon\n|-damage|p1a: Zacian|86\/100\n|-damage|p1b: Ogerpon|0 fnt\n|faint|p1b: Ogerpon\n|move|p2b: Calyrex|High Horsepower|p1a: Zacian\n|-supereffective|p1a: Zacian\n|-damage|p1a: Zacian|10\/100\n|move|p1a: Zacian|Behemoth Blade|p2a: Hatterene\n|-supereffective|p2a: Hatterene\n|-damage|p2a: Hatterene|0 fnt\n|faint|p2a: Hatterene\n|\n|upkeep\n|\n|t:|1739473529\n|switch|p2a: Urshifu|Urshifu, L50, M|100\/100\n|switch|p1b: Farigiraf|Farigiraf, L50, F|100\/100\n|turn|5\n|inactive|dogggybears has 30 seconds left.\n|inactive|stellalunala has 30 seconds left.\n|\n|t:|1739473556\n|switch|p1a: Urshifu|Urshifu-Rapid-Strike, L50, M|100\/100\n|-terastallize|p1b: Farigiraf|Water\n|move|p2a: Urshifu|Wicked Blow|p1b: Farigiraf\n|-crit|p1b: Farigiraf\n|-damage|p1b: Farigiraf|51\/100\n|move|p1b: Farigiraf|Foul Play|p2b: Calyrex\n|-damage|p2b: Calyrex|75\/100\n|move|p2b: Calyrex|Glacial Lance|p1a: Urshifu|[spread] p1a,p1b\n|-resisted|p1a: Urshifu\n|-resisted|p1b: Farigiraf\n|-damage|p1a: Urshifu|71\/100\n|-damage|p1b: Farigiraf|30\/100\n|\n|-fieldend|move: Trick Room\n|upkeep\n|turn|6\n|inactive|stellalunala has 30 seconds left.\n|inactive|stellalunala has 20 seconds left.\n|\n|t:|1739473591\n|move|p2a: Urshifu|Detect|p2a: Urshifu\n|-singleturn|p2a: Urshifu|Protect\n|move|p1a: Urshifu|Close Combat|p2a: Urshifu\n|-supereffective|p2a: Urshifu\n|-damage|p2a: Urshifu|0 fnt\n|-unboost|p1a: Urshifu|def|1\n|-unboost|p1a: Urshifu|spd|1\n|faint|p2a: Urshifu\n|move|p1b: Farigiraf|Foul Play|p2b: Calyrex\n|-damage|p2b: Calyrex|48\/100\n|move|p2b: Calyrex|Trick Room|p2b: Calyrex\n|-fieldstart|move: Trick Room|[of] p2b: Calyrex\n|\n|upkeep\n|turn|7\n|-message|stellalunala forfeited.\n|\n|win|dogggybears\n|raw|dogggybears's rating: 1588 &rarr; <strong>1606<\/strong><br \/>(+18 for winning)\n|raw|stellalunala's rating: 1552 &rarr; <strong>1534<\/strong><br \/>(-18 for losing)\n|l|\u2606stellalunala\n|player|p2|\n|l|\u2606dogggybears\n|player|p1|\n","uploadtime":1739473750,"views":23,"formatid":"gen9vgc2025regg","rating":1534,"private":0,"password":null}