{"id":"gen9vgc2025regg-2300564435","format":"[Gen 9] VGC 2025 Reg G","players":["Mildly Displeased","araf zaman"],"log":"|j|\u2606Mildly Displeased\n|j|\u2606araf zaman\n|t:|1739524896\n|gametype|doubles\n|player|p1|Mildly Displeased|lillie|1533\n|player|p2|araf zaman|101|1555\n|teamsize|p1|6\n|teamsize|p2|6\n|gen|9\n|tier|[Gen 9] VGC 2025 Reg G\n|rated|\n|rule|Species Clause: Limit one of each Pok\u00e9mon\n|rule|Item Clause: Limit 1 of each item\n|clearpoke\n|poke|p1|Primarina, L50, M|\n|poke|p1|Talonflame, L50, F|\n|poke|p1|Zamazenta-*, L50|\n|poke|p1|Rillaboom, L50, M|\n|poke|p1|Chien-Pao, L50|\n|poke|p1|Entei, L50|\n|poke|p2|Urshifu-*, L50, F|\n|poke|p2|Calyrex-Ice, L50|\n|poke|p2|Smeargle, L50, F|\n|poke|p2|Ogerpon-Hearthflame, L50, F|\n|poke|p2|Ursaluna-Bloodmoon, L50, M|\n|poke|p2|Electabuzz, L50, M|\n|teampreview|4\n|inactive|Battle timer is ON: inactive players will automatically lose when time's up. (requested by Mildly Displeased)\n|j| Onryo of the Mob\n|\n|t:|1739524913\n|start\n|switch|p1a: Pippin|Zamazenta-Crowned, L50|100\/100\n|switch|p1b: Phoenix|Talonflame, L50, F, shiny|100\/100\n|switch|p2a: Smeargle|Smeargle, L50, F|100\/100\n|switch|p2b: Calyrex|Calyrex-Ice, L50|100\/100\n|-ability|p2b: Calyrex|As One\n|-ability|p2b: Calyrex|Unnerve\n|-ability|p1a: Pippin|Dauntless Shield|boost\n|-boost|p1a: Pippin|def|1\n|turn|1\n|\n|t:|1739524932\n|move|p2a: Smeargle|Fake Out|p1a: Pippin\n|-resisted|p1a: Pippin\n|-damage|p1a: Pippin|99\/100\n|move|p1b: Phoenix|Taunt|p2b: Calyrex\n|-start|p2b: Calyrex|move: Taunt\n|cant|p1a: Pippin|flinch\n|cant|p2b: Calyrex|move: Taunt|Trick Room\n|\n|upkeep\n|turn|2\n|\n|t:|1739524942\n|move|p2a: Smeargle|Follow Me|p2a: Smeargle\n|-singleturn|p2a: Smeargle|move: Follow Me\n|move|p1b: Phoenix|Taunt|p2a: Smeargle\n|-start|p2a: Smeargle|move: Taunt\n|move|p1a: Pippin|Iron Defense|p1a: Pippin\n|-boost|p1a: Pippin|def|2\n|move|p2b: Calyrex|Glacial Lance|p1b: Phoenix|[spread] p1a,p1b\n|-resisted|p1a: Pippin\n|-damage|p1a: Pippin|92\/100\n|-damage|p1b: Phoenix|1\/100\n|\n|upkeep\n|turn|3\n|\n|t:|1739524960\n|switch|p2a: Ursaluna|Ursaluna-Bloodmoon, L50, M|100\/100\n|move|p1b: Phoenix|Will-O-Wisp|p2b: Calyrex\n|-status|p2b: Calyrex|brn\n|-enditem|p2b: Calyrex|Lum Berry|[eat]\n|-curestatus|p2b: Calyrex|brn|[msg]\n|move|p1a: Pippin|Iron Defense|p1a: Pippin\n|-boost|p1a: Pippin|def|2\n|move|p2b: Calyrex|Glacial Lance|p1b: Phoenix|[spread] p1a,p1b\n|-resisted|p1a: Pippin\n|-damage|p1a: Pippin|87\/100\n|-damage|p1b: Phoenix|0 fnt\n|faint|p1b: Phoenix\n|-ability|p2b: Calyrex|Chilling Neigh|boost\n|-boost|p2b: Calyrex|atk|1\n|\n|-end|p2b: Calyrex|move: Taunt\n|upkeep\n|\n|t:|1739524967\n|switch|p1b: Knotweed|Rillaboom, L50, M|100\/100\n|-fieldstart|move: Grassy Terrain|[from] ability: Grassy Surge|[of] p1b: Knotweed\n|turn|4\n|\n|t:|1739524972\n|-terastallize|p1b: Knotweed|Grass\n|move|p2b: Calyrex|Protect|p2b: Calyrex\n|-singleturn|p2b: Calyrex|Protect\n|move|p1a: Pippin|Body Press|p2b: Calyrex\n|-activate|p2b: Calyrex|move: Protect\n|move|p1b: Knotweed|Wood Hammer|p2a: Ursaluna\n|-supereffective|p2a: Ursaluna\n|-damage|p2a: Ursaluna|0 fnt\n|faint|p2a: Ursaluna\n|-damage|p1b: Knotweed|65\/100|[from] Recoil\n|-damage|p1b: Knotweed|55\/100|[from] item: Life Orb\n|\n|-heal|p1a: Pippin|93\/100|[from] Grassy Terrain\n|-heal|p1b: Knotweed|61\/100|[from] Grassy Terrain\n|upkeep\n|\n|t:|1739524983\n|switch|p2a: Electabuzz|Electabuzz, L50, M|100\/100\n|turn|5\n|\n|t:|1739525002\n|-terastallize|p2a: Electabuzz|Ghost\n|move|p1a: Pippin|Wide Guard|p1a: Pippin\n|-singleturn|p1a: Pippin|Wide Guard\n|move|p2a: Electabuzz|Follow Me|p2a: Electabuzz\n|-singleturn|p2a: Electabuzz|move: Follow Me\n|move|p1b: Knotweed|Wood Hammer|p2a: Electabuzz\n|-damage|p2a: Electabuzz|0 fnt\n|faint|p2a: Electabuzz\n|-damage|p1b: Knotweed|32\/100|[from] Recoil\n|-damage|p1b: Knotweed|22\/100|[from] item: Life Orb\n|move|p2b: Calyrex|Glacial Lance|p1a: Pippin|[spread] \n|-activate|p1a: Pippin|move: Wide Guard\n|-activate|p1b: Knotweed|move: Wide Guard\n|\n|-heal|p1a: Pippin|99\/100|[from] Grassy Terrain\n|-heal|p1b: Knotweed|28\/100|[from] Grassy Terrain\n|upkeep\n|\n|t:|1739525007\n|switch|p2a: Smeargle|Smeargle, L50, F|100\/100\n|turn|6\n|\n|t:|1739525019\n|move|p2a: Smeargle|Fake Out|p1a: Pippin\n|-resisted|p1a: Pippin\n|-damage|p1a: Pippin|99\/100\n|move|p1b: Knotweed|Grassy Glide|p2a: Smeargle\n|-enditem|p2a: Smeargle|Focus Sash\n|-damage|p2a: Smeargle|1\/100\n|-damage|p1b: Knotweed|18\/100|[from] item: Life Orb\n|cant|p1a: Pippin|flinch\n|move|p2b: Calyrex|Trick Room|p2b: Calyrex\n|-fieldstart|move: Trick Room|[of] p2b: Calyrex\n|\n|-heal|p2a: Smeargle|7\/100|[from] Grassy Terrain\n|-heal|p1b: Knotweed|24\/100|[from] Grassy Terrain\n|-heal|p1a: Pippin|100\/100|[from] Grassy Terrain\n|upkeep\n|turn|7\n|-message|araf zaman forfeited.\n|\n|win|Mildly Displeased\n|raw|Mildly Displeased's rating: 1533 &rarr; <strong>1554<\/strong><br \/>(+21 for winning)\n|raw|araf zaman's rating: 1555 &rarr; <strong>1534<\/strong><br \/>(-21 for losing)\n|l|\u2606araf zaman\n|player|p2|\n|l|\u2606Mildly Displeased\n|player|p1|\n|l| Onryo of the Mob\n","uploadtime":1739525239,"views":11,"formatid":"gen9vgc2025regg","rating":1534,"private":0,"password":null}