{"id":"gen9vgc2025regg-2300738266","format":"[Gen 9] VGC 2025 Reg G","players":["GholdAndGoHome","elvegis1"],"log":"|j|\u2606GholdAndGoHome\n|j|\u2606elvegis1\n|t:|1739548983\n|gametype|doubles\n|player|p1|GholdAndGoHome|102|1599\n|player|p2|elvegis1|lucas|1690\n|teamsize|p1|6\n|teamsize|p2|6\n|gen|9\n|tier|[Gen 9] VGC 2025 Reg G\n|rated|\n|rule|Species Clause: Limit one of each Pok\u00e9mon\n|rule|Item Clause: Limit 1 of each item\n|clearpoke\n|poke|p1|Chien-Pao, L50|\n|poke|p1|Miraidon, L50|\n|poke|p1|Whimsicott, L50, F|\n|poke|p1|Entei, L50|\n|poke|p1|Iron Hands, L50|\n|poke|p1|Iron Treads, L50|\n|poke|p2|Calyrex-Shadow, L50|\n|poke|p2|Urshifu-*, L50, F|\n|poke|p2|Whimsicott, L50, F|\n|poke|p2|Incineroar, L50, F|\n|poke|p2|Ditto, L50|\n|poke|p2|Raging Bolt, L50|\n|teampreview|4\n|inactive|Battle timer is ON: inactive players will automatically lose when time's up. (requested by elvegis1)\n|\n|t:|1739549012\n|start\n|switch|p1a: Whimsicott|Whimsicott, L50, F|100\/100\n|switch|p1b: Entei|Entei, L50|100\/100\n|switch|p2a: Whimsicott|Whimsicott, L50, F|100\/100\n|switch|p2b: Calyrex|Calyrex-Shadow, L50|100\/100\n|-ability|p2b: Calyrex|As One\n|-ability|p2b: Calyrex|Unnerve\n|turn|1\n|\n|t:|1739549023\n|-terastallize|p2b: Calyrex|Water\n|move|p2a: Whimsicott|Tailwind|p2a: Whimsicott\n|-sidestart|p2: elvegis1|move: Tailwind\n|move|p1a: Whimsicott|Light Screen|p1a: Whimsicott\n|-sidestart|p1: GholdAndGoHome|move: Light Screen\n|move|p2b: Calyrex|Astral Barrage|p1a: Whimsicott|[spread] p1a,p1b\n|-damage|p1a: Whimsicott|51\/100\n|-damage|p1b: Entei|60\/100\n|move|p1b: Entei|Crunch|p2b: Calyrex\n|-damage|p2b: Calyrex|59\/100\n|\n|upkeep\n|turn|2\n|j| CerebralGenesis\n|inactive|GholdAndGoHome has 30 seconds left.\n|\n|t:|1739549049\n|move|p2a: Whimsicott|Fake Tears|p1b: Entei\n|-unboost|p1b: Entei|spd|2\n|move|p1a: Whimsicott|Tailwind|p1a: Whimsicott\n|-sidestart|p1: GholdAndGoHome|move: Tailwind\n|move|p2b: Calyrex|Astral Barrage|p1a: Whimsicott|[spread] p1a,p1b\n|-crit|p1a: Whimsicott\n|-damage|p1a: Whimsicott|0 fnt\n|-damage|p1b: Entei|0 fnt\n|faint|p1a: Whimsicott\n|faint|p1b: Entei\n|-ability|p2b: Calyrex|Grim Neigh|boost\n|-boost|p2b: Calyrex|spa|2\n|\n|upkeep\n|\n|t:|1739549054\n|switch|p1a: Miraidon|Miraidon, L50|100\/100\n|switch|p1b: Iron Treads|Iron Treads, L50|100\/100\n|-fieldstart|move: Electric Terrain|[from] ability: Hadron Engine|[of] p1a: Miraidon\n|-activate|p1b: Iron Treads|ability: Quark Drive\n|-start|p1b: Iron Treads|quarkdrivespe\n|turn|3\n|inactive|elvegis1 has 30 seconds left.\n|\n|t:|1739549086\n|switch|p2b: Ditto|Ditto, L50|100\/100\n|-transform|p2b: Ditto|p1a: Miraidon|[from] ability: Imposter\n|-activate|p2b: Ditto|ability: Hadron Engine\n|switch|p2a: Raging Bolt|Raging Bolt, L50|100\/100\n|-terastallize|p1a: Miraidon|Fairy\n|move|p1b: Iron Treads|High Horsepower|p2b: Ditto\n|-supereffective|p2b: Ditto\n|-enditem|p2b: Ditto|Focus Sash\n|-damage|p2b: Ditto|1\/100\n|-damage|p1b: Iron Treads|91\/100|[from] item: Life Orb\n|move|p1a: Miraidon|Dazzling Gleam|p2a: Raging Bolt|[spread] p2a,p2b\n|-supereffective|p2a: Raging Bolt\n|-supereffective|p2b: Ditto\n|-damage|p2a: Raging Bolt|17\/100\n|-damage|p2b: Ditto|0 fnt\n|faint|p2b: Ditto\n|\n|upkeep\n|\n|t:|1739549105\n|switch|p2b: Calyrex|Calyrex-Shadow, L50, tera:Water|59\/100\n|-ability|p2b: Calyrex|As One\n|-ability|p2b: Calyrex|Unnerve\n|turn|4\n|\n|t:|1739549111\n|move|p2b: Calyrex|Protect|p2b: Calyrex\n|-singleturn|p2b: Calyrex|Protect\n|move|p2a: Raging Bolt|Thunderclap|p1a: Miraidon\n|-damage|p1a: Miraidon|72\/100\n|move|p1b: Iron Treads|High Horsepower|p2b: Calyrex\n|-activate|p2b: Calyrex|move: Protect\n|move|p1a: Miraidon|Dazzling Gleam|p2b: Calyrex|[spread] p2a\n|-activate|p2b: Calyrex|move: Protect\n|-supereffective|p2a: Raging Bolt\n|-crit|p2a: Raging Bolt\n|-damage|p2a: Raging Bolt|0 fnt\n|faint|p2a: Raging Bolt\n|-end|p2a: Raging Bolt|Protosynthesis|[silent]\n|\n|-sideend|p2: elvegis1|move: Tailwind\n|upkeep\n|\n|t:|1739549120\n|switch|p2a: Whimsicott|Whimsicott, L50, F|100\/100\n|turn|5\n|\n|t:|1739549125\n|move|p2a: Whimsicott|Fake Tears|p1a: Miraidon\n|-unboost|p1a: Miraidon|spd|2\n|move|p1b: Iron Treads|High Horsepower|p2b: Calyrex\n|-damage|p2b: Calyrex|7\/100\n|-damage|p1b: Iron Treads|81\/100|[from] item: Life Orb\n|move|p1a: Miraidon|Dazzling Gleam|p2b: Calyrex|[spread] p2a,p2b\n|-crit|p2b: Calyrex\n|-damage|p2a: Whimsicott|14\/100\n|-damage|p2b: Calyrex|0 fnt\n|faint|p2b: Calyrex\n|\n|-sideend|p1: GholdAndGoHome|move: Light Screen\n|-sideend|p1: GholdAndGoHome|move: Tailwind\n|upkeep\n|turn|6\n|\n|t:|1739549138\n|move|p1b: Iron Treads|Iron Head|p2a: Whimsicott\n|-supereffective|p2a: Whimsicott\n|-damage|p2a: Whimsicott|0 fnt\n|faint|p2a: Whimsicott\n|-damage|p1b: Iron Treads|71\/100|[from] item: Life Orb\n|\n|win|GholdAndGoHome\n|raw|GholdAndGoHome's rating: 1599 &rarr; <strong>1624<\/strong><br \/>(+25 for winning)\n|raw|elvegis1's rating: 1690 &rarr; <strong>1665<\/strong><br \/>(-25 for losing)\n|l|\u2606elvegis1\n|player|p2|\n","uploadtime":1739549313,"views":10,"formatid":"gen9vgc2025regg","rating":1624,"private":0,"password":null}