{"id":"gen9vgc2025regg-2300543803","format":"[Gen 9] VGC 2025 Reg G","players":["satelite99","Tpakl"],"log":"|j|\u2606satelite99\n|j|\u2606Tpakl\n|t:|1739521038\n|gametype|doubles\n|player|p1|satelite99|wallace|1696\n|player|p2|Tpakl|rosa|1609\n|teamsize|p1|6\n|teamsize|p2|6\n|gen|9\n|tier|[Gen 9] VGC 2025 Reg G\n|rated|\n|rule|Species Clause: Limit one of each Pok\u00e9mon\n|rule|Item Clause: Limit 1 of each item\n|clearpoke\n|poke|p1|Zamazenta-*, L50|\n|poke|p1|Tornadus, L50, M|\n|poke|p1|Chien-Pao, L50|\n|poke|p1|Raging Bolt, L50|\n|poke|p1|Urshifu-*, L50, M|\n|poke|p1|Gholdengo, L50|\n|poke|p2|Rayquaza, L50|\n|poke|p2|Urshifu-*, L50, M|\n|poke|p2|Iron Treads, L50|\n|poke|p2|Entei, L50|\n|poke|p2|Murkrow, L50, F|\n|poke|p2|Regieleki, L50|\n|teampreview|4\nsatelite99 rejected open team sheets.\n|inactive|Battle timer is ON: inactive players will automatically lose when time's up. (requested by Tpakl)\n|\n|t:|1739521104\n|start\n|switch|p1a: Zamazenta|Zamazenta-Crowned, L50|100\/100\n|switch|p1b: Chien-Pao|Chien-Pao, L50|100\/100\n|switch|p2a: Entei|Entei, L50|100\/100\n|switch|p2b: Regieleki|Regieleki, L50|100\/100\n|-ability|p1b: Chien-Pao|Sword of Ruin\n|-ability|p1a: Zamazenta|Dauntless Shield|boost\n|-boost|p1a: Zamazenta|def|1\n|turn|1\n|inactive|satelite99 has 30 seconds left.\n|inactive|satelite99 has 20 seconds left.\n|\n|t:|1739521140\n|switch|p1b: Raging Bolt|Raging Bolt, L50|100\/100\n|-terastallize|p1a: Zamazenta|Dragon\n|move|p2b: Regieleki|Electroweb|p1b: Raging Bolt|[spread] p1b\n|-miss|p2b: Regieleki|p1a: Zamazenta\n|-resisted|p1b: Raging Bolt\n|-damage|p1b: Raging Bolt|95\/100\n|-unboost|p1b: Raging Bolt|spe|1\n|-damage|p2b: Regieleki|91\/100|[from] item: Life Orb\n|move|p1a: Zamazenta|Body Press|p2a: Entei\n|-damage|p2a: Entei|31\/100\n|move|p2a: Entei|Heat Wave|p1a: Zamazenta|[spread] p1a,p1b\n|-resisted|p1a: Zamazenta\n|-resisted|p1b: Raging Bolt\n|-damage|p1a: Zamazenta|83\/100\n|-damage|p1b: Raging Bolt|80\/100\n|\n|upkeep\n|turn|2\n|inactive|satelite99 has 30 seconds left.\n|inactive|satelite99 has 20 seconds left.\n|inactive|Tpakl has 30 seconds left.\n|inactive|Tpakl has 20 seconds left.\n|inactive|Tpakl has 15 seconds left.\n|\n|t:|1739521190\n|-terastallize|p2b: Regieleki|Ice\n|move|p2b: Regieleki|Tera Blast|p1a: Zamazenta|[anim] Tera Blast Ice\n|-supereffective|p1a: Zamazenta\n|-damage|p1a: Zamazenta|20\/100\n|-damage|p2b: Regieleki|81\/100|[from] item: Life Orb\n|move|p1a: Zamazenta|Body Press|p2b: Regieleki\n|-supereffective|p2b: Regieleki\n|-damage|p2b: Regieleki|0 fnt\n|faint|p2b: Regieleki\n|move|p2a: Entei|Heat Wave|p1a: Zamazenta|[spread] p1a,p1b\n|-resisted|p1a: Zamazenta\n|-crit|p1a: Zamazenta\n|-resisted|p1b: Raging Bolt\n|-damage|p1a: Zamazenta|0 fnt\n|-damage|p1b: Raging Bolt|67\/100\n|faint|p1a: Zamazenta\n|move|p1b: Raging Bolt|Thunderbolt|p2a: Entei\n|-damage|p2a: Entei|0 fnt\n|faint|p2a: Entei\n|\n|upkeep\n|j| bieiup\n|\n|t:|1739521209\n|switch|p2b: Urshifu|Urshifu-Rapid-Strike, L50, M|100\/100\n|switch|p1a: Chien-Pao|Chien-Pao, L50|100\/100\n|switch|p2a: Rayquaza|Rayquaza, L50|100\/100\n|-ability|p1a: Chien-Pao|Sword of Ruin\n|-ability|p2a: Rayquaza|Air Lock\n|turn|3\n|inactive|Tpakl has 30 seconds left.\n|\n|t:|1739521238\n|move|p2a: Rayquaza|Protect|p2a: Rayquaza\n|-singleturn|p2a: Rayquaza|Protect\n|move|p2b: Urshifu|Detect|p2b: Urshifu\n|-singleturn|p2b: Urshifu|Protect\n|move|p1b: Raging Bolt|Thunderclap||[still]\n|-fail|p1b: Raging Bolt\n|move|p1a: Chien-Pao|Ice Spinner|p2a: Rayquaza\n|-activate|p2a: Rayquaza|move: Protect\n|\n|upkeep\n|turn|4\n|\n|t:|1739521250\n|move|p2b: Urshifu|Aqua Jet|p1a: Chien-Pao\n|-damage|p1a: Chien-Pao|68\/100\n|move|p1b: Raging Bolt|Thunderclap||[still]\n|-fail|p1b: Raging Bolt\n|move|p1a: Chien-Pao|Ice Spinner|p2a: Rayquaza\n|-supereffective|p2a: Rayquaza\n|-enditem|p2a: Rayquaza|Focus Sash\n|-damage|p2a: Rayquaza|1\/100\n|move|p2a: Rayquaza|Draco Meteor|p1b: Raging Bolt\n|-supereffective|p1b: Raging Bolt\n|-damage|p1b: Raging Bolt|0 fnt\n|-unboost|p2a: Rayquaza|spa|2\n|faint|p1b: Raging Bolt\n|-end|p1b: Raging Bolt|Protosynthesis|[silent]\n|\n|upkeep\n|\n|t:|1739521262\n|switch|p1b: Urshifu|Urshifu-Rapid-Strike, L50, M|100\/100\n|turn|5\n|inactive|satelite99 has 30 seconds left.\n|inactive|satelite99 has 20 seconds left.\n|inactive|satelite99 has 15 seconds left.\n|inactive|satelite99 has 10 seconds left.\n|l| bieiup\n|\n|t:|1739521308\n|move|p2a: Rayquaza|Extreme Speed|p1a: Chien-Pao\n|-damage|p1a: Chien-Pao|24\/100\n|move|p2b: Urshifu|Aqua Jet|p1a: Chien-Pao\n|-damage|p1a: Chien-Pao|0 fnt\n|faint|p1a: Chien-Pao\n|move|p1b: Urshifu|Close Combat|p2b: Urshifu\n|-damage|p2b: Urshifu|36\/100\n|-unboost|p1b: Urshifu|def|1\n|-unboost|p1b: Urshifu|spd|1\n|\n|upkeep\n|turn|6\n|j| bieiup\n|\n|t:|1739521322\n|move|p2a: Rayquaza|Extreme Speed|p1b: Urshifu\n|-damage|p1b: Urshifu|50\/100\n|move|p1b: Urshifu|Close Combat|p2a: Rayquaza\n|-resisted|p2a: Rayquaza\n|-damage|p2a: Rayquaza|0 fnt\n|-unboost|p1b: Urshifu|def|1\n|-unboost|p1b: Urshifu|spd|1\n|faint|p2a: Rayquaza\n|move|p2b: Urshifu|Close Combat|p1b: Urshifu\n|-damage|p1b: Urshifu|0 fnt\n|-unboost|p2b: Urshifu|def|1\n|-unboost|p2b: Urshifu|spd|1\n|faint|p1b: Urshifu\n|\n|win|Tpakl\n|raw|satelite99's rating: 1696 &rarr; <strong>1671<\/strong><br \/>(-25 for losing)\n|raw|Tpakl's rating: 1609 &rarr; <strong>1634<\/strong><br \/>(+25 for winning)\n|l|\u2606satelite99\n|player|p1|\n|l|\u2606Tpakl\n|player|p2|\n|l| bieiup\n","uploadtime":1739521519,"views":5,"formatid":"gen9vgc2025regg","rating":1634,"private":0,"password":null}