{"id":"gen9vgc2025regg-2300851005","format":"[Gen 9] VGC 2025 Reg G","players":["prototony","GholdAndGoHome"],"log":"|j|\u2606prototony\n|j|\u2606GholdAndGoHome\n|t:|1739560627\n|gametype|doubles\n|player|p1|prototony|firebreather|1652\n|player|p2|GholdAndGoHome|102|1650\n|teamsize|p1|6\n|teamsize|p2|6\n|gen|9\n|tier|[Gen 9] VGC 2025 Reg G\n|rated|\n|rule|Species Clause: Limit one of each Pok\u00e9mon\n|rule|Item Clause: Limit 1 of each item\n|clearpoke\n|poke|p1|Calyrex-Ice, L50|\n|poke|p1|Urshifu-*, L50, M|\n|poke|p1|Pelipper, L50, F|\n|poke|p1|Amoonguss, L50, M|\n|poke|p1|Iron Valiant, L50|\n|poke|p1|Landorus, L50, M|\n|poke|p2|Chien-Pao, L50|\n|poke|p2|Miraidon, L50|\n|poke|p2|Whimsicott, L50, M|\n|poke|p2|Entei, L50|\n|poke|p2|Iron Hands, L50|\n|poke|p2|Iron Treads, L50|\n|teampreview|4\n|inactive|Battle timer is ON: inactive players will automatically lose when time's up. (requested by GholdAndGoHome)\n|inactive|prototony has 60 seconds left.\n|j| kiabu233\n|inactive|prototony has 30 seconds left.\n|\n|t:|1739560693\n|start\n|switch|p1a: Calyrex|Calyrex-Ice, L50|100\/100\n|switch|p1b: Landorus|Landorus, L50, M|100\/100\n|switch|p2a: Miraidon|Miraidon, L50|100\/100\n|switch|p2b: Entei|Entei, L50|100\/100\n|-ability|p1a: Calyrex|As One\n|-ability|p1a: Calyrex|Unnerve\n|-fieldstart|move: Electric Terrain|[from] ability: Hadron Engine|[of] p2a: Miraidon\n|turn|1\n|\n|t:|1739560708\n|switch|p1a: Pelipper|Pelipper, L50, F|100\/100\n|-weather|RainDance|[from] ability: Drizzle|[of] p1a: Pelipper\n|move|p1b: Landorus|Sandsear Storm|p2b: Entei|[spread] p2a,p2b\n|-supereffective|p2a: Miraidon\n|-supereffective|p2b: Entei\n|-damage|p2a: Miraidon|4\/100\n|-damage|p2b: Entei|11\/100\n|move|p2a: Miraidon|Dragon Pulse|p1b: Landorus\n|-damage|p1b: Landorus|0 fnt\n|faint|p1b: Landorus\n|move|p2b: Entei|Sacred Fire|p1a: Pelipper\n|-resisted|p1a: Pelipper\n|-damage|p1a: Pelipper|81\/100\n|\n|-weather|RainDance|[upkeep]\n|upkeep\n|\n|t:|1739560726\n|switch|p1b: Urshifu|Urshifu-Rapid-Strike, L50, M|100\/100\n|turn|2\n|inactive|prototony has 30 seconds left.\n|j| Pokuchu\n|\n|t:|1739560753\n|switch|p2a: Iron Hands|Iron Hands, L50|100\/100\n|-enditem|p2a: Iron Hands|Electric Seed\n|-boost|p2a: Iron Hands|def|1|[from] item: Electric Seed\n|-activate|p2a: Iron Hands|ability: Quark Drive\n|-start|p2a: Iron Hands|quarkdrivedef\n|switch|p1a: Calyrex|Calyrex-Ice, L50|100\/100\n|-ability|p1a: Calyrex|As One\n|-ability|p1a: Calyrex|Unnerve\n|move|p1b: Urshifu|Aqua Jet|p2a: Iron Hands\n|-damage|p2a: Iron Hands|89\/100\n|move|p2b: Entei|Sacred Fire|p1b: Urshifu\n|-resisted|p1b: Urshifu\n|-damage|p1b: Urshifu|82\/100\n|-status|p1b: Urshifu|brn\n|\n|-weather|RainDance|[upkeep]\n|-damage|p1b: Urshifu|76\/100 brn|[from] brn\n|upkeep\n|turn|3\n|\n|t:|1739560773\n|move|p1b: Urshifu|Detect|p1b: Urshifu\n|-singleturn|p1b: Urshifu|Protect\n|move|p1a: Calyrex|Protect|p1a: Calyrex\n|-singleturn|p1a: Calyrex|Protect\n|move|p2b: Entei|Sacred Fire|p1a: Calyrex\n|-activate|p1a: Calyrex|move: Protect\n|move|p2a: Iron Hands|Swords Dance|p2a: Iron Hands\n|-boost|p2a: Iron Hands|atk|2\n|\n|-weather|RainDance|[upkeep]\n|-damage|p1b: Urshifu|70\/100 brn|[from] brn\n|upkeep\n|turn|4\n|inactive|prototony has 30 seconds left.\n|\n|t:|1739560806\n|-terastallize|p1b: Urshifu|Water\n|move|p1b: Urshifu|Surging Strikes|p2a: Iron Hands\n|-crit|p2a: Iron Hands\n|-damage|p2a: Iron Hands|77\/100\n|-crit|p2a: Iron Hands\n|-damage|p2a: Iron Hands|64\/100\n|-crit|p2a: Iron Hands\n|-damage|p2a: Iron Hands|52\/100\n|-hitcount|p2a: Iron Hands|3\n|move|p2b: Entei|Sacred Fire|p1a: Calyrex\n|-supereffective|p1a: Calyrex\n|-damage|p1a: Calyrex|51\/100\n|move|p2a: Iron Hands|Drain Punch|p1a: Calyrex\n|-crit|p1a: Calyrex\n|-damage|p1a: Calyrex|0 fnt\n|-heal|p2a: Iron Hands|72\/100|[from] drain|[of] p1a: Calyrex\n|faint|p1a: Calyrex\n|\n|-weather|RainDance|[upkeep]\n|-damage|p1b: Urshifu|64\/100 brn|[from] brn\n|upkeep\n|\n|t:|1739560820\n|switch|p1a: Pelipper|Pelipper, L50, F|81\/100\n|turn|5\n|\n|t:|1739560831\n|switch|p2b: Chien-Pao|Chien-Pao, L50|100\/100\n|-ability|p2b: Chien-Pao|Sword of Ruin\n|move|p1a: Pelipper|Helping Hand|p1b: Urshifu\n|-singleturn|p1b: Urshifu|Helping Hand|[of] p1a: Pelipper\n|move|p1b: Urshifu|Surging Strikes|p2a: Iron Hands\n|-crit|p2a: Iron Hands\n|-damage|p2a: Iron Hands|51\/100\n|-crit|p2a: Iron Hands\n|-damage|p2a: Iron Hands|32\/100\n|-crit|p2a: Iron Hands\n|-damage|p2a: Iron Hands|12\/100\n|-hitcount|p2a: Iron Hands|3\n|move|p2a: Iron Hands|Thunder Punch|p1a: Pelipper\n|-supereffective|p1a: Pelipper\n|-damage|p1a: Pelipper|0 fnt\n|faint|p1a: Pelipper\n|\n|-weather|none\n|-damage|p1b: Urshifu|59\/100 brn|[from] brn\n|-fieldend|move: Electric Terrain\n|-end|p2a: Iron Hands|Quark Drive\n|upkeep\n|turn|6\n|\n|t:|1739560846\n|move|p2b: Chien-Pao|Sacred Sword|p1b: Urshifu\n|-damage|p1b: Urshifu|20\/100 brn\n|move|p1b: Urshifu|Surging Strikes|p2a: Iron Hands\n|-crit|p2a: Iron Hands\n|-damage|p2a: Iron Hands|0 fnt\n|faint|p2a: Iron Hands\n|-end|p2a: Iron Hands|Quark Drive|[silent]\n|-hitcount|p2: Iron Hands|1\n|\n|-damage|p1b: Urshifu|14\/100 brn|[from] brn\n|upkeep\n|\n|t:|1739560853\n|switch|p2a: Entei|Entei, L50|11\/100\n|turn|7\n|-message|prototony forfeited.\n|\n|win|GholdAndGoHome\n|raw|prototony's rating: 1652 &rarr; <strong>1632<\/strong><br \/>(-20 for losing)\n|raw|GholdAndGoHome's rating: 1650 &rarr; <strong>1670<\/strong><br \/>(+20 for winning)\n|l|\u2606GholdAndGoHome\n|player|p2|\n|l| kiabu233\n|l| Pokuchu\n","uploadtime":1739561025,"views":11,"formatid":"gen9vgc2025regg","rating":1632,"private":0,"password":null}