{"id":"gen9vgc2025regg-2300473484","format":"[Gen 9] VGC 2025 Reg G","players":["Lkizzz","pig duck eater"],"log":"|j|\u2606Lkizzz\n|j|\u2606pig duck eater\n|t:|1739507678\n|gametype|doubles\n|player|p1|Lkizzz|swimmer-gen4dp|1581\n|player|p2|pig duck eater|170|1600\n|teamsize|p1|6\n|teamsize|p2|6\n|gen|9\n|tier|[Gen 9] VGC 2025 Reg G\n|rated|\n|rule|Species Clause: Limit one of each Pok\u00e9mon\n|rule|Item Clause: Limit 1 of each item\n|clearpoke\n|poke|p1|Groudon, L50|\n|poke|p1|Raging Bolt, L50|\n|poke|p1|Iron Valiant, L50|\n|poke|p1|Ogerpon-Hearthflame, L50, F|\n|poke|p1|Chien-Pao, L50|\n|poke|p1|Chi-Yu, L50|\n|poke|p2|Calyrex-Shadow, L50|\n|poke|p2|Torkoal, L50, M|\n|poke|p2|Walking Wake, L50|\n|poke|p2|Indeedee-F, L50, F|\n|poke|p2|Ogerpon, L50, F|\n|poke|p2|Weezing-Galar, L50, F|\n|teampreview|4\n|\n|t:|1739507707\n|start\n|switch|p1a: Iron Valiant|Iron Valiant, L50, shiny|100\/100\n|switch|p1b: Groudon|Groudon, L50|100\/100\n|switch|p2a: Torkoal|Torkoal, L50, M|100\/100\n|switch|p2b: Walking Wake|Walking Wake, L50|100\/100\n|-weather|SunnyDay|[from] ability: Drought|[of] p1b: Groudon\n|-activate|p2b: Walking Wake|ability: Protosynthesis\n|-start|p2b: Walking Wake|protosynthesisspe\n|-enditem|p1a: Iron Valiant|Booster Energy\n|-activate|p1a: Iron Valiant|ability: Quark Drive|[fromitem]\n|-start|p1a: Iron Valiant|quarkdrivespe\n|turn|1\n|j| Tian15\n|l| Tian15\n|inactive|Battle timer is ON: inactive players will automatically lose when time's up. (requested by Lkizzz)\n|\n|t:|1739507756\n|-terastallize|p2b: Walking Wake|Water\n|move|p1a: Iron Valiant|Spirit Break|p2b: Walking Wake\n|-damage|p2b: Walking Wake|66\/100\n|-unboost|p2b: Walking Wake|spa|1\n|move|p2b: Walking Wake|Hydro Steam|p1b: Groudon\n|-supereffective|p1b: Groudon\n|-damage|p1b: Groudon|36\/100\n|move|p1b: Groudon|Precipice Blades|p2a: Torkoal|[spread] p2b\n|-miss|p1b: Groudon|p2a: Torkoal\n|-damage|p2b: Walking Wake|12\/100\n|move|p2a: Torkoal|Eruption|p1a: Iron Valiant|[spread] p1a,p1b\n|-damage|p1a: Iron Valiant|0 fnt\n|-damage|p1b: Groudon|0 fnt\n|faint|p1a: Iron Valiant\n|-end|p1a: Iron Valiant|Quark Drive|[silent]\n|faint|p1b: Groudon\n|\n|-weather|SunnyDay|[upkeep]\n|upkeep\n|\n|t:|1739507773\n|switch|p1a: Raging Bolt|Raging Bolt, L50|100\/100\n|switch|p1b: Chi-Yu|Chi-Yu, L50|100\/100\n|-ability|p1b: Chi-Yu|Beads of Ruin\n|-activate|p1a: Raging Bolt|ability: Protosynthesis\n|-start|p1a: Raging Bolt|protosynthesisspa\n|turn|2\n|\n|t:|1739507791\n|-end|p2b: Walking Wake|Protosynthesis|[silent]\n|switch|p2b: Indeedee|Indeedee-F, L50, F|100\/100\n|-fieldstart|move: Psychic Terrain|[from] ability: Psychic Surge|[of] p2b: Indeedee\n|-enditem|p2b: Indeedee|Psychic Seed\n|-boost|p2b: Indeedee|spd|1|[from] item: Psychic Seed\n|move|p1a: Raging Bolt|Thunderclap||[still]\n|-fail|p1a: Raging Bolt\n|move|p1b: Chi-Yu|Dark Pulse|p2a: Torkoal\n|-damage|p2a: Torkoal|20\/100\n|move|p2a: Torkoal|Eruption|p1a: Raging Bolt|[spread] p1a,p1b\n|-resisted|p1a: Raging Bolt\n|-resisted|p1b: Chi-Yu\n|-damage|p1a: Raging Bolt|92\/100\n|-damage|p1b: Chi-Yu|94\/100\n|\n|-weather|SunnyDay|[upkeep]\n|upkeep\n|turn|3\n|j| Tormentador\n|inactive|Lkizzz has 30 seconds left.\n|\n|t:|1739507823\n|-terastallize|p1a: Raging Bolt|Electric\n|move|p1b: Chi-Yu|Dark Pulse|p2b: Indeedee\n|-supereffective|p2b: Indeedee\n|-damage|p2b: Indeedee|26\/100\n|move|p1a: Raging Bolt|Thunderbolt|p2b: Indeedee\n|-damage|p2b: Indeedee|0 fnt\n|faint|p2b: Indeedee\n|-damage|p1a: Raging Bolt|82\/100|[from] item: Life Orb\n|move|p2a: Torkoal|Eruption|p1b: Chi-Yu|[spread] p1a,p1b\n|-resisted|p1b: Chi-Yu\n|-damage|p1a: Raging Bolt|65\/100\n|-damage|p1b: Chi-Yu|87\/100\n|\n|-weather|SunnyDay|[upkeep]\n|upkeep\n|\n|t:|1739507833\n|switch|p2b: Walking Wake|Walking Wake, L50, tera:Water|12\/100\n|-activate|p2b: Walking Wake|ability: Protosynthesis\n|-start|p2b: Walking Wake|protosynthesisspe\n|turn|4\n|\n|t:|1739507847\n|move|p1a: Raging Bolt|Protect|p1a: Raging Bolt\n|-singleturn|p1a: Raging Bolt|Protect\n|move|p2b: Walking Wake|Hydro Steam|p1b: Chi-Yu\n|-supereffective|p1b: Chi-Yu\n|-damage|p1b: Chi-Yu|0 fnt\n|faint|p1b: Chi-Yu\n|move|p2a: Torkoal|Eruption|p1a: Raging Bolt\n|-activate|p1a: Raging Bolt|move: Protect\n|\n|-weather|SunnyDay|[upkeep]\n|upkeep\n|turn|5\n|\n|t:|1739507855\n|move|p2a: Torkoal|Helping Hand|p2b: Walking Wake\n|-singleturn|p2b: Walking Wake|Helping Hand|[of] p2a: Torkoal\n|move|p2b: Walking Wake|Hydro Steam|p1a: Raging Bolt\n|-damage|p1a: Raging Bolt|0 fnt\n|faint|p1a: Raging Bolt\n|-end|p1a: Raging Bolt|Protosynthesis|[silent]\n|\n|win|pig duck eater\n|raw|Lkizzz's rating: 1581 &rarr; <strong>1562<\/strong><br \/>(-19 for losing)\n|raw|pig duck eater's rating: 1600 &rarr; <strong>1619<\/strong><br \/>(+19 for winning)\n|l|\u2606Lkizzz\n|player|p1|\n|l|\u2606pig duck eater\n|player|p2|\n","uploadtime":1739508114,"views":5,"formatid":"gen9vgc2025regg","rating":1562,"private":0,"password":null}