{"id":"gen9vgc2025regg-2300287118","format":"[Gen 9] VGC 2025 Reg G","players":["heyBeteritsVGC","Lkn4GSpot"],"log":"|j|\u2606heyBeteritsVGC\n|j|\u2606Lkn4GSpot\n|t:|1739483259\n|gametype|doubles\n|player|p1|heyBeteritsVGC|169|1646\n|player|p2|Lkn4GSpot|169|1544\n|teamsize|p1|6\n|teamsize|p2|6\n|gen|9\n|tier|[Gen 9] VGC 2025 Reg G\n|rated|\n|rule|Species Clause: Limit one of each Pok\u00e9mon\n|rule|Item Clause: Limit 1 of each item\n|clearpoke\n|poke|p1|Dialga-Origin, L50|\n|poke|p1|Raging Bolt, L50|\n|poke|p1|Pelipper, L50, F|\n|poke|p1|Ursaluna, L50, F|\n|poke|p1|Volcarona, L50, F|\n|poke|p1|Smeargle, L50, F|\n|poke|p2|Gholdengo, L50|\n|poke|p2|Iron Hands, L50|\n|poke|p2|Miraidon, L50|\n|poke|p2|Pelipper, L50, F|\n|poke|p2|Volcarona, L50, M|\n|poke|p2|Whimsicott, L50, M|\n|teampreview|4\n|inactive|Battle timer is ON: inactive players will automatically lose when time's up. (requested by heyBeteritsVGC)\n|inactive|Lkn4GSpot has 60 seconds left.\n|\n|t:|1739483305\n|start\n|switch|p1a: Dialga|Dialga-Origin, L50|100\/100\n|switch|p1b: Smeargle|Smeargle, L50, F|100\/100\n|switch|p2a: Miraidon|Miraidon, L50|100\/100\n|switch|p2b: Gholdengo|Gholdengo, L50|100\/100\n|-fieldstart|move: Electric Terrain|[from] ability: Hadron Engine|[of] p2a: Miraidon\n|turn|1\n|\n|t:|1739483321\n|switch|p2a: Iron Hands|Iron Hands, L50|100\/100\n|-activate|p2a: Iron Hands|ability: Quark Drive\n|-start|p2a: Iron Hands|quarkdriveatk\n|move|p1b: Smeargle|Fake Out|p2a: Iron Hands\n|-damage|p2a: Iron Hands|97\/100\n|move|p2b: Gholdengo|Thunder Wave|p1a: Dialga\n|-status|p1a: Dialga|par\n|move|p1a: Dialga|Trick Room|p1a: Dialga\n|-fieldstart|move: Trick Room|[of] p1a: Dialga\n|\n|-ability|p1b: Smeargle|Moody|boost\n|-boost|p1b: Smeargle|spd|2\n|-unboost|p1b: Smeargle|spe|1\n|upkeep\n|turn|2\n|\n|t:|1739483341\n|switch|p1a: Ursaluna|Ursaluna, L50, F|100\/100\n|move|p1b: Smeargle|Follow Me|p1b: Smeargle\n|-singleturn|p1b: Smeargle|move: Follow Me\n|move|p2a: Iron Hands|Low Kick|p1b: Smeargle\n|-supereffective|p1b: Smeargle\n|-enditem|p1b: Smeargle|Focus Sash\n|-damage|p1b: Smeargle|1\/100\n|move|p2b: Gholdengo|Make It Rain|p1a: Ursaluna|[spread] p1a,p1b\n|-damage|p1a: Ursaluna|49\/100\n|-damage|p1b: Smeargle|0 fnt\n|-unboost|p2b: Gholdengo|spa|1\n|faint|p1b: Smeargle\n|\n|-status|p1a: Ursaluna|brn|[from] item: Flame Orb\n|upkeep\n|\n|t:|1739483355\n|switch|p1b: Dialga|Dialga-Origin, L50|100\/100 par\n|turn|3\n|\n|t:|1739483372\n|-end|p2a: Iron Hands|Quark Drive|[silent]\n|switch|p2a: Volcarona|Volcarona, L50, M|100\/100\n|-terastallize|p1a: Ursaluna|Fairy\n|move|p1a: Ursaluna|Earthquake|p2b: Gholdengo|[spread] p2a,p2b\n|-activate|p1b: Dialga|ability: Telepathy\n|-supereffective|p2b: Gholdengo\n|-damage|p2a: Volcarona|32\/100\n|-enditem|p2b: Gholdengo|Focus Sash\n|-damage|p2b: Gholdengo|1\/100\n|move|p1b: Dialga|Flash Cannon|p2a: Volcarona\n|-resisted|p2a: Volcarona\n|-damage|p2a: Volcarona|6\/100\n|move|p2b: Gholdengo|Make It Rain|p1b: Dialga|[spread] p1a,p1b\n|-supereffective|p1a: Ursaluna\n|-resisted|p1b: Dialga\n|-damage|p1a: Ursaluna|0 fnt\n|-damage|p1b: Dialga|89\/100 par\n|-unboost|p2b: Gholdengo|spa|1\n|faint|p1a: Ursaluna\n|\n|upkeep\n|\n|t:|1739483381\n|switch|p1a: Pelipper|Pelipper, L50, F|100\/100\n|-weather|RainDance|[from] ability: Drizzle|[of] p1a: Pelipper\n|turn|4\n|inactive|Lkn4GSpot has 30 seconds left.\n|\n|t:|1739483408\n|move|p2b: Gholdengo|Protect|p2b: Gholdengo\n|-singleturn|p2b: Gholdengo|Protect\n|move|p1b: Dialga|Flash Cannon|p2a: Volcarona\n|-resisted|p2a: Volcarona\n|-damage|p2a: Volcarona|0 fnt\n|faint|p2a: Volcarona\n|move|p1a: Pelipper|Weather Ball|p2b: Gholdengo\n|-activate|p2b: Gholdengo|move: Protect\n|\n|-weather|RainDance|[upkeep]\n|upkeep\n|\n|t:|1739483416\n|switch|p2a: Iron Hands|Iron Hands, L50|97\/100\n|-activate|p2a: Iron Hands|ability: Quark Drive\n|-start|p2a: Iron Hands|quarkdriveatk\n|turn|5\n|j| futonkagebunshin\n|\n|t:|1739483433\n|move|p1b: Dialga|Draco Meteor|p2a: Iron Hands\n|-damage|p2a: Iron Hands|47\/100\n|-unboost|p1b: Dialga|spa|2\n|move|p2a: Iron Hands|Drain Punch|p1b: Dialga\n|-supereffective|p1b: Dialga\n|-damage|p1b: Dialga|13\/100 par\n|-heal|p2a: Iron Hands|80\/100|[from] drain|[of] p1b: Dialga\n|move|p1a: Pelipper|Weather Ball|p2a: Iron Hands\n|-damage|p2a: Iron Hands|44\/100\n|move|p2b: Gholdengo|Shadow Ball|p1a: Pelipper\n|-crit|p1a: Pelipper\n|-damage|p1a: Pelipper|0 fnt\n|faint|p1a: Pelipper\n|\n|-weather|RainDance|[upkeep]\n|-fieldend|move: Trick Room\n|-fieldend|move: Electric Terrain\n|-end|p2a: Iron Hands|Quark Drive\n|upkeep\n|turn|6\n|inactive|heyBeteritsVGC has 30 seconds left.\n|inactive|heyBeteritsVGC has 20 seconds left.\n|inactive|heyBeteritsVGC has 15 seconds left.\n|inactive|heyBeteritsVGC has 10 seconds left.\n|inactive|heyBeteritsVGC has 5 seconds left.\n|\n|t:|1739483488\n|move|p2b: Gholdengo|Shadow Ball|p1b: Dialga\n|-damage|p1b: Dialga|0 fnt\n|faint|p1b: Dialga\n|\n|win|Lkn4GSpot\n|raw|heyBeteritsVGC's rating: 1646 &rarr; <strong>1620<\/strong><br \/>(-26 for losing)\n|raw|Lkn4GSpot's rating: 1544 &rarr; <strong>1570<\/strong><br \/>(+26 for winning)\n|l|\u2606Lkn4GSpot\n|player|p2|\n|l| futonkagebunshin\n|l|\u2606heyBeteritsVGC\n|player|p1|\n","uploadtime":1739483496,"views":25,"formatid":"gen9vgc2025regg","rating":1570,"private":0,"password":null}