{"id":"gen9vgc2025regg-2300891561","format":"[Gen 9] VGC 2025 Reg G","players":["Sheevp","ArisHazard"],"log":"|j|\u2606Sheevp\n|j|\u2606ArisHazard\n|t:|1739565102\n|gametype|doubles\n|player|p1|Sheevp|266|1543\n|player|p2|ArisHazard|101|1676\n|teamsize|p1|6\n|teamsize|p2|6\n|gen|9\n|tier|[Gen 9] VGC 2025 Reg G\n|rated|\n|rule|Species Clause: Limit one of each Pok\u00e9mon\n|rule|Item Clause: Limit 1 of each item\n|clearpoke\n|poke|p1|Volcarona, L50, M|\n|poke|p1|Rillaboom, L50, F|\n|poke|p1|Overqwil, L50, M|\n|poke|p1|Landorus, L50, M|\n|poke|p1|Kyogre, L50|\n|poke|p1|Roaring Moon, L50|\n|poke|p2|Calyrex-Shadow, L50|\n|poke|p2|Scream Tail, L50|\n|poke|p2|Weezing, L50, M|\n|poke|p2|Regigigas, L50|\n|poke|p2|Iron Hands, L50|\n|poke|p2|Urshifu-*, L50, F|\n|teampreview|4\n|inactive|Battle timer is ON: inactive players will automatically lose when time's up. (requested by ArisHazard)\n|\n|t:|1739565129\n|start\n|switch|p1a: Jetray|Roaring Moon, L50, shiny|100\/100\n|switch|p1b: Swampfire|Volcarona, L50, M|100\/100\n|switch|p2a: Regigigas|Regigigas, L50|100\/100\n|switch|p2b: Weezing|Weezing, L50, M|100\/100\n|-ability|p2b: Weezing|Neutralizing Gas\n|turn|1\n|\n|t:|1739565143\n|move|p2a: Regigigas|Protect|p2a: Regigigas\n|-singleturn|p2a: Regigigas|Protect\n|move|p1a: Jetray|Tailwind|p1a: Jetray\n|-sidestart|p1: Sheevp|move: Tailwind\n|move|p1b: Swampfire|Will-O-Wisp|p2a: Regigigas\n|-activate|p2a: Regigigas|move: Protect\n|move|p2b: Weezing|Taunt|p1b: Swampfire\n|-start|p1b: Swampfire|move: Taunt\n|\n|upkeep\n|turn|2\n|\n|t:|1739565157\n|move|p1a: Jetray|Knock Off|p2a: Regigigas\n|-damage|p2a: Regigigas|60\/100\n|-enditem|p2a: Regigigas|Life Orb|[from] move: Knock Off|[of] p1a: Jetray\n|move|p1b: Swampfire|Bug Buzz|p2a: Regigigas\n|-damage|p2a: Regigigas|23\/100\n|-unboost|p2a: Regigigas|spd|1\n|move|p2a: Regigigas|Crush Grip|p1b: Swampfire\n|-damage|p1b: Swampfire|24\/100\n|move|p2b: Weezing|Will-O-Wisp|p1a: Jetray\n|-status|p1a: Jetray|brn\n|\n|-damage|p1a: Jetray|94\/100 brn|[from] brn\n|upkeep\n|turn|3\n|\n|t:|1739565176\n|-end|p1a: Jetray|Protosynthesis|[silent]\n|switch|p1a: Ripjaws|Kyogre, L50|100\/100\n|move|p2a: Regigigas|Protect|p2a: Regigigas\n|-singleturn|p2a: Regigigas|Protect\n|move|p1b: Swampfire|Bug Buzz|p2a: Regigigas\n|-activate|p2a: Regigigas|move: Protect\n|move|p2b: Weezing|Sludge Bomb|p1b: Swampfire\n|-damage|p1b: Swampfire|0 fnt\n|faint|p1b: Swampfire\n|\n|upkeep\n|\n|t:|1739565179\n|switch|p1b: Spitter|Overqwil, L50, M|100\/100\n|turn|4\n|\n|t:|1739565200\n|move|p2a: Regigigas|Wide Guard|p2a: Regigigas\n|-singleturn|p2a: Regigigas|Wide Guard\n|move|p1a: Ripjaws|Water Spout|p2a: Regigigas|[spread] \n|-activate|p2a: Regigigas|move: Wide Guard\n|-activate|p2b: Weezing|move: Wide Guard\n|move|p1b: Spitter|Crunch|p2b: Weezing\n|-damage|p2b: Weezing|55\/100\n|-damage|p1b: Spitter|91\/100|[from] item: Life Orb\n|move|p2b: Weezing|Will-O-Wisp|p1b: Spitter\n|-status|p1b: Spitter|brn\n|\n|-damage|p1b: Spitter|84\/100 brn|[from] brn\n|-sideend|p1: Sheevp|move: Tailwind\n|upkeep\n|turn|5\n|\n|t:|1739565217\n|move|p2a: Regigigas|Wide Guard|p2a: Regigigas\n|-singleturn|p2a: Regigigas|Wide Guard\n|move|p1a: Ripjaws|Water Spout|p2b: Weezing|[spread] \n|-activate|p2a: Regigigas|move: Wide Guard\n|-activate|p2b: Weezing|move: Wide Guard\n|move|p1b: Spitter|Poison Jab|p2a: Regigigas\n|-damage|p2a: Regigigas|0 fnt\n|faint|p2a: Regigigas\n|-end|p2a: Regigigas|Slow Start|[silent]\n|-damage|p1b: Spitter|74\/100 brn|[from] item: Life Orb\n|move|p2b: Weezing|Sludge Bomb|p1a: Ripjaws\n|-damage|p1a: Ripjaws|80\/100\n|\n|-damage|p1b: Spitter|68\/100 brn|[from] brn\n|upkeep\n|\n|t:|1739565239\n|switch|p2a: Calyrex|Calyrex-Shadow, L50|100\/100\n|-ability|p2a: Calyrex|As One\n|-ability|p2a: Calyrex|Unnerve\n|turn|6\n|\n|t:|1739565250\n|switch|p1a: Jetray|Roaring Moon, L50, shiny|94\/100 brn\n|-terastallize|p2a: Calyrex|Fairy\n|move|p2b: Weezing|Protect|p2b: Weezing\n|-singleturn|p2b: Weezing|Protect\n|move|p2a: Calyrex|Astral Barrage|p1a: Jetray|[spread] p1a,p1b\n|-resisted|p1a: Jetray\n|-resisted|p1b: Spitter\n|-damage|p1a: Jetray|72\/100 brn\n|-damage|p1b: Spitter|24\/100 brn\n|move|p1b: Spitter|Crunch|p2a: Calyrex\n|-resisted|p2a: Calyrex\n|-damage|p2a: Calyrex|87\/100\n|-damage|p1b: Spitter|14\/100 brn|[from] item: Life Orb\n|\n|-damage|p1a: Jetray|66\/100 brn|[from] brn\n|-damage|p1b: Spitter|8\/100 brn|[from] brn\n|upkeep\n|turn|7\n|inactive|ArisHazard has 30 seconds left.\n|\n|t:|1739565276\n|-terastallize|p1a: Jetray|Flying\n|move|p2a: Calyrex|Draining Kiss|p1a: Jetray\n|-damage|p1a: Jetray|34\/100 brn\n|-heal|p2a: Calyrex|100\/100|[from] drain|[of] p1a: Jetray\n|move|p1a: Jetray|Tailwind|p1a: Jetray\n|-sidestart|p1: Sheevp|move: Tailwind\n|move|p1b: Spitter|Poison Jab|p2a: Calyrex\n|-supereffective|p2a: Calyrex\n|-damage|p2a: Calyrex|45\/100\n|-damage|p1b: Spitter|0 fnt|[from] item: Life Orb\n|faint|p1b: Spitter\n|move|p2b: Weezing|Sludge Bomb|p1a: Jetray\n|-damage|p1a: Jetray|10\/100 brn\n|\n|-damage|p1a: Jetray|4\/100 brn|[from] brn\n|upkeep\n|\n|t:|1739565291\n|switch|p1b: Ripjaws|Kyogre, L50|80\/100\n|turn|8\n|\n|t:|1739565325\n|move|p2b: Weezing|Protect|p2b: Weezing\n|-singleturn|p2b: Weezing|Protect\n|move|p1a: Jetray|Knock Off|p2b: Weezing\n|-activate|p2b: Weezing|move: Protect\n|move|p1b: Ripjaws|Water Spout|p2b: Weezing|[spread] p2a\n|-activate|p2b: Weezing|move: Protect\n|-crit|p2a: Calyrex\n|-damage|p2a: Calyrex|0 fnt\n|faint|p2a: Calyrex\n|\n|-damage|p1a: Jetray|0 fnt|[from] brn\n|faint|p1a: Jetray\n|-end|p1a: Jetray|Protosynthesis|[silent]\n|upkeep\n|\n|t:|1739565339\n|switch|p2a: Iron Hands|Iron Hands, L50|100\/100\n|turn|9\n|\n|t:|1739565344\n|move|p2a: Iron Hands|Fake Out|p1b: Ripjaws\n|-damage|p1b: Ripjaws|63\/100\n|cant|p1b: Ripjaws|flinch\n|move|p2b: Weezing|Sludge Bomb|p1b: Ripjaws\n|-damage|p1b: Ripjaws|42\/100\n|\n|upkeep\n|turn|10\n|-message|Sheevp forfeited.\n|\n|win|ArisHazard\n|raw|Sheevp's rating: 1543 &rarr; <strong>1530<\/strong><br \/>(-13 for losing)\n|raw|ArisHazard's rating: 1676 &rarr; <strong>1689<\/strong><br \/>(+13 for winning)\n|l|\u2606Sheevp\n|player|p1|\n|l|\u2606ArisHazard\n|player|p2|\n","uploadtime":1739565535,"views":7,"formatid":"gen9vgc2025regg","rating":1530,"private":0,"password":null}