{"id":"gen9vgc2025regg-2300537952","format":"[Gen 9] VGC 2025 Reg G","players":["Tpakl","sshhooii"],"log":"|j|\u2606Tpakl\n|j|\u2606sshhooii\n|t:|1739519941\n|gametype|doubles\n|player|p1|Tpakl|rosa|1580\n|player|p2|sshhooii|1|1591\n|teamsize|p1|6\n|teamsize|p2|6\n|gen|9\n|tier|[Gen 9] VGC 2025 Reg G\n|rated|\n|rule|Species Clause: Limit one of each Pok\u00e9mon\n|rule|Item Clause: Limit 1 of each item\n|clearpoke\n|poke|p1|Rayquaza, L50|\n|poke|p1|Urshifu-*, L50, F|\n|poke|p1|Iron Treads, L50|\n|poke|p1|Entei, L50|\n|poke|p1|Murkrow, L50, F|\n|poke|p1|Regieleki, L50|\n|poke|p2|Miraidon, L50|\n|poke|p2|Iron Bundle, L50|\n|poke|p2|Glimmora, L50, M|\n|poke|p2|Moltres-Galar, L50|\n|poke|p2|Incineroar, L50, M|\n|poke|p2|Dragonite, L50, M|\n|teampreview|4\n|inactive|Battle timer is ON: inactive players will automatically lose when time's up. (requested by sshhooii)\n|inactive|sshhooii has 60 seconds left.\n|\n|t:|1739519983\n|start\n|switch|p1a: Murkrow|Murkrow, L50, F|100\/100\n|switch|p1b: Iron Treads|Iron Treads, L50|100\/100\n|switch|p2a: Moltres|Moltres-Galar, L50|100\/100\n|switch|p2b: Dragonite|Dragonite, L50, M, shiny|100\/100\n|turn|1\n|\n|t:|1739519996\n|move|p1a: Murkrow|Tailwind|p1a: Murkrow\n|-sidestart|p1: Tpakl|move: Tailwind\n|move|p1b: Iron Treads|Ice Spinner|p2b: Dragonite\n|-supereffective|p2b: Dragonite\n|-damage|p2b: Dragonite|14\/100\n|move|p2b: Dragonite|Scale Shot|p1a: Murkrow|[miss]\n|-miss|p2b: Dragonite|p1a: Murkrow\n|move|p2a: Moltres|Tailwind|p2a: Moltres\n|-sidestart|p2: sshhooii|move: Tailwind\n|\n|upkeep\n|turn|2\n|\n|t:|1739520010\n|move|p2b: Dragonite|Extreme Speed|p1a: Murkrow\n|-damage|p1a: Murkrow|58\/100\n|move|p1b: Iron Treads|Ice Spinner|p2a: Moltres\n|-supereffective|p2a: Moltres\n|-damage|p2a: Moltres|43\/100\n|-ability|p2a: Moltres|Berserk|boost\n|-boost|p2a: Moltres|spa|1\n|move|p1a: Murkrow|Brave Bird|p2b: Dragonite\n|-damage|p2b: Dragonite|0 fnt\n|faint|p2b: Dragonite\n|-damage|p1a: Murkrow|53\/100|[from] Recoil\n|move|p2a: Moltres|Foul Play|p1b: Iron Treads\n|-damage|p1b: Iron Treads|57\/100\n|\n|upkeep\n|\n|t:|1739520026\n|switch|p2b: Miraidon|Miraidon, L50|100\/100\n|-fieldstart|move: Electric Terrain|[from] ability: Hadron Engine|[of] p2b: Miraidon\n|-activate|p1b: Iron Treads|ability: Quark Drive\n|-start|p1b: Iron Treads|quarkdrivespe\n|turn|3\n|\n|t:|1739520041\n|move|p1a: Murkrow|Protect|p1a: Murkrow\n|-singleturn|p1a: Murkrow|Protect\n|move|p2b: Miraidon|Overheat|p1b: Iron Treads\n|-supereffective|p1b: Iron Treads\n|-crit|p1b: Iron Treads\n|-damage|p1b: Iron Treads|0 fnt\n|-unboost|p2b: Miraidon|spa|2\n|faint|p1b: Iron Treads\n|-end|p1b: Iron Treads|Quark Drive|[silent]\n|move|p2a: Moltres|Fiery Wrath|p1a: Murkrow\n|-activate|p1a: Murkrow|move: Protect\n|\n|upkeep\n|\n|t:|1739520053\n|switch|p1b: Regieleki|Regieleki, L50|100\/100\n|turn|4\n|\n|t:|1739520062\n|switch|p2b: Incineroar|Incineroar, L50, M|100\/100\n|-ability|p2b: Incineroar|Intimidate|boost\n|-unboost|p1a: Murkrow|atk|1\n|-unboost|p1b: Regieleki|atk|1\n|move|p1b: Regieleki|Protect|p1b: Regieleki\n|-singleturn|p1b: Regieleki|Protect\n|move|p2a: Moltres|Protect|p2a: Moltres\n|-singleturn|p2a: Moltres|Protect\n|move|p1a: Murkrow|Brave Bird|p2a: Moltres\n|-activate|p2a: Moltres|move: Protect\n|\n|-sideend|p1: Tpakl|move: Tailwind\n|-sideend|p2: sshhooii|move: Tailwind\n|upkeep\n|turn|5\n|\n|t:|1739520082\n|move|p2b: Incineroar|Fake Out|p1b: Regieleki\n|-damage|p1b: Regieleki|76\/100\n|move|p1a: Murkrow|Tailwind|p1a: Murkrow\n|-sidestart|p1: Tpakl|move: Tailwind\n|cant|p1b: Regieleki|flinch\n|move|p2a: Moltres|Tailwind|p2a: Moltres\n|-sidestart|p2: sshhooii|move: Tailwind\n|\n|upkeep\n|turn|6\n|\n|t:|1739520107\n|switch|p2a: Miraidon|Miraidon, L50|100\/100\n|-activate|p2a: Miraidon|ability: Hadron Engine\n|move|p1b: Regieleki|Thunderbolt|p2b: Incineroar\n|-damage|p2b: Incineroar|44\/100\n|-damage|p1b: Regieleki|67\/100|[from] item: Life Orb\n|move|p1a: Murkrow|Brave Bird|p2b: Incineroar\n|-damage|p2b: Incineroar|20\/100\n|-damage|p1a: Murkrow|44\/100|[from] Recoil\n|move|p2b: Incineroar|Knock Off|p1b: Regieleki\n|-damage|p1b: Regieleki|0 fnt\n|-enditem|p1b: Regieleki|Life Orb|[from] move: Knock Off|[of] p2b: Incineroar\n|faint|p1b: Regieleki\n|\n|upkeep\n|\n|t:|1739520122\n|switch|p1b: Rayquaza|Rayquaza, L50|100\/100\n|-ability|p1b: Rayquaza|Air Lock\n|turn|7\n|\n|t:|1739520142\n|move|p1a: Murkrow|Protect|p1a: Murkrow\n|-singleturn|p1a: Murkrow|Protect\n|move|p2a: Miraidon|Volt Switch|p1a: Murkrow\n|-activate|p1a: Murkrow|move: Protect\n|move|p1b: Rayquaza|Draco Meteor|p2a: Miraidon\n|-supereffective|p2a: Miraidon\n|-crit|p2a: Miraidon\n|-damage|p2a: Miraidon|0 fnt\n|-unboost|p1b: Rayquaza|spa|2\n|faint|p2a: Miraidon\n|move|p2b: Incineroar|U-turn|p1b: Rayquaza\n|-resisted|p1b: Rayquaza\n|-damage|p1b: Rayquaza|89\/100\n|\n|t:|1739520153\n|switch|p2b: Moltres|Moltres-Galar, L50|43\/100|[from] U-turn\n|\n|-fieldend|move: Electric Terrain\n|upkeep\n|\n|t:|1739520157\n|switch|p2a: Incineroar|Incineroar, L50, M|20\/100\n|-ability|p2a: Incineroar|Intimidate|boost\n|-unboost|p1a: Murkrow|atk|1\n|-unboost|p1b: Rayquaza|atk|1\n|turn|8\n|\n|t:|1739520167\n|-terastallize|p2b: Moltres|Dark\n|move|p1a: Murkrow|Protect||[still]\n|-fail|p1a: Murkrow\n|move|p1b: Rayquaza|Protect|p1b: Rayquaza\n|-singleturn|p1b: Rayquaza|Protect\n|move|p2a: Incineroar|Fake Out|p1a: Murkrow\n|-damage|p1a: Murkrow|26\/100\n|move|p2b: Moltres|Fiery Wrath|p1b: Rayquaza|[spread] p1a\n|-activate|p1b: Rayquaza|move: Protect\n|-resisted|p1a: Murkrow\n|-damage|p1a: Murkrow|9\/100\n|\n|-sideend|p1: Tpakl|move: Tailwind\n|-sideend|p2: sshhooii|move: Tailwind\n|upkeep\n|turn|9\n|inactive|Tpakl has 30 seconds left.\n|\n|t:|1739520196\n|-terastallize|p1b: Rayquaza|Stellar\n|move|p1a: Murkrow|Tailwind|p1a: Murkrow\n|-sidestart|p1: Tpakl|move: Tailwind\n|move|p1b: Rayquaza|Dragon Ascent|p2a: Incineroar\n|-damage|p2a: Incineroar|0 fnt\n|-unboost|p1b: Rayquaza|def|1\n|-unboost|p1b: Rayquaza|spd|1\n|faint|p2a: Incineroar\n|move|p2b: Moltres|Fiery Wrath|p1b: Rayquaza|[spread] p1a,p1b\n|-resisted|p1a: Murkrow\n|-damage|p1a: Murkrow|0 fnt\n|-damage|p1b: Rayquaza|25\/100\n|faint|p1a: Murkrow\n|\n|upkeep\n|turn|10\n|\n|t:|1739520209\n|move|p1b: Rayquaza|Dragon Ascent|p2b: Moltres\n|-damage|p2b: Moltres|5\/100\n|-unboost|p1b: Rayquaza|def|1\n|-unboost|p1b: Rayquaza|spd|1\n|move|p2b: Moltres|Fiery Wrath|p1b: Rayquaza\n|-damage|p1b: Rayquaza|0 fnt\n|faint|p1b: Rayquaza\n|\n|win|sshhooii\n|raw|Tpakl's rating: 1580 &rarr; <strong>1561<\/strong><br \/>(-19 for losing)\n|raw|sshhooii's rating: 1591 &rarr; <strong>1610<\/strong><br \/>(+19 for winning)\n|l|\u2606Tpakl\n|player|p1|\n|l|\u2606sshhooii\n|player|p2|\n","uploadtime":1739520409,"views":8,"formatid":"gen9vgc2025regg","rating":1561,"private":0,"password":null}