{"id":"gen9vgc2025regg-2300593064","format":"[Gen 9] VGC 2025 Reg G","players":["yubanmeiqin","Mildly Displeased"],"log":"|j|\u2606yubanmeiqin\n|j|\u2606Mildly Displeased\n|t:|1739529882\n|gametype|doubles\n|player|p1|yubanmeiqin|lillie-masters|1543\n|player|p2|Mildly Displeased|lillie|1585\n|teamsize|p1|6\n|teamsize|p2|6\n|gen|9\n|tier|[Gen 9] VGC 2025 Reg G\n|rated|\n|rule|Species Clause: Limit one of each Pok\u00e9mon\n|rule|Item Clause: Limit 1 of each item\n|clearpoke\n|poke|p1|Zacian-*, L50|\n|poke|p1|Chien-Pao, L50|\n|poke|p1|Roaring Moon, L50|\n|poke|p1|Urshifu-*, L50, F|\n|poke|p1|Volcarona, L50, F|\n|poke|p1|Pelipper, L50, M|\n|poke|p2|Primarina, L50, M|\n|poke|p2|Talonflame, L50, F|\n|poke|p2|Zamazenta-*, L50|\n|poke|p2|Rillaboom, L50, M|\n|poke|p2|Chien-Pao, L50|\n|poke|p2|Kingambit, L50, F|\n|teampreview|4\n|inactive|Battle timer is ON: inactive players will automatically lose when time's up. (requested by Mildly Displeased)\n|\n|t:|1739529906\n|start\n|switch|p1a: \u963f\u5c14\u6258\u8389\u96c5|Zacian-Crowned, L50, shiny|100\/100\n|switch|p1b: \u4e49\uff01\u7269\uff01|Volcarona, L50, F|100\/100\n|switch|p2a: Phoenix|Talonflame, L50, F, shiny|100\/100\n|switch|p2b: Knotweed|Rillaboom, L50, M|100\/100\n|-ability|p1a: \u963f\u5c14\u6258\u8389\u96c5|Intrepid Sword|boost\n|-boost|p1a: \u963f\u5c14\u6258\u8389\u96c5|atk|1\n|-fieldstart|move: Grassy Terrain|[from] ability: Grassy Surge|[of] p2b: Knotweed\n|turn|1\n|j| omegabackshots\n|\n|t:|1739529920\n|move|p2b: Knotweed|Fake Out|p1a: \u963f\u5c14\u6258\u8389\u96c5\n|-resisted|p1a: \u963f\u5c14\u6258\u8389\u96c5\n|-damage|p1a: \u963f\u5c14\u6258\u8389\u96c5|93\/100\n|-damage|p2b: Knotweed|91\/100|[from] item: Life Orb\n|move|p2a: Phoenix|Brave Bird|p1b: \u4e49\uff01\u7269\uff01\n|-supereffective|p1b: \u4e49\uff01\u7269\uff01\n|-damage|p1b: \u4e49\uff01\u7269\uff01|0 fnt\n|faint|p1b: \u4e49\uff01\u7269\uff01\n|-damage|p2a: Phoenix|60\/100|[from] Recoil\n|cant|p1a: \u963f\u5c14\u6258\u8389\u96c5|flinch\n|\n|-heal|p1a: \u963f\u5c14\u6258\u8389\u96c5|99\/100|[from] Grassy Terrain\n|-heal|p2b: Knotweed|97\/100|[from] Grassy Terrain\n|upkeep\n|\n|t:|1739529926\n|switch|p1b: EX\u2022calibur|Chien-Pao, L50|100\/100\n|-ability|p1b: EX\u2022calibur|Sword of Ruin\n|turn|2\n|\n|t:|1739529948\n|move|p2b: Knotweed|Grassy Glide|p1b: EX\u2022calibur\n|-damage|p1b: EX\u2022calibur|34\/100\n|-damage|p2b: Knotweed|87\/100|[from] item: Life Orb\n|move|p1a: \u963f\u5c14\u6258\u8389\u96c5|Behemoth Blade|p2a: Phoenix\n|-resisted|p2a: Phoenix\n|-damage|p2a: Phoenix|0 fnt\n|faint|p2a: Phoenix\n|move|p1b: EX\u2022calibur|Ice Spinner|p2b: Knotweed\n|-supereffective|p2b: Knotweed\n|-damage|p2b: Knotweed|0 fnt\n|-fieldend|move: Grassy Terrain\n|faint|p2b: Knotweed\n|-damage|p1b: EX\u2022calibur|24\/100|[from] item: Life Orb\n|\n|upkeep\n|\n|t:|1739529957\n|switch|p2a: Best Mon|Primarina, L50, M, shiny|100\/100\n|switch|p2b: Pippin|Zamazenta-Crowned, L50|100\/100\n|-ability|p2b: Pippin|Dauntless Shield|boost\n|-boost|p2b: Pippin|def|1\n|turn|3\n|\n|t:|1739529970\n|-terastallize|p2b: Pippin|Ghost\n|move|p2a: Best Mon|Protect|p2a: Best Mon\n|-singleturn|p2a: Best Mon|Protect\n|move|p1a: \u963f\u5c14\u6258\u8389\u96c5|Behemoth Blade|p2a: Best Mon\n|-activate|p2a: Best Mon|move: Protect\n|move|p1b: EX\u2022calibur|Ice Spinner|p2a: Best Mon\n|-activate|p2a: Best Mon|move: Protect\n|move|p2b: Pippin|Iron Defense|p2b: Pippin\n|-boost|p2b: Pippin|def|2\n|\n|upkeep\n|turn|4\n|\n|t:|1739529982\n|-terastallize|p1b: EX\u2022calibur|Ghost\n|move|p1a: \u963f\u5c14\u6258\u8389\u96c5|Behemoth Blade|p2a: Best Mon\n|-damage|p2a: Best Mon|0 fnt\n|faint|p2a: Best Mon\n|move|p1b: EX\u2022calibur|Ice Spinner|p2b: Pippin\n|-damage|p2b: Pippin|83\/100\n|-damage|p1b: EX\u2022calibur|15\/100|[from] item: Life Orb\n|move|p2b: Pippin|Body Press|p1a: \u963f\u5c14\u6258\u8389\u96c5\n|-damage|p1a: \u963f\u5c14\u6258\u8389\u96c5|0 fnt\n|faint|p1a: \u963f\u5c14\u6258\u8389\u96c5\n|\n|upkeep\n|\n|t:|1739529986\n|switch|p1a: \u6d77\u9e25|Pelipper, L50, M|100\/100\n|-weather|RainDance|[from] ability: Drizzle|[of] p1a: \u6d77\u9e25\n|turn|5\n|\n|t:|1739529992\n|move|p1b: EX\u2022calibur|Haze|p1b: EX\u2022calibur\n|-clearallboost\n|move|p2b: Pippin|Body Press|p1a: \u6d77\u9e25\n|-resisted|p1a: \u6d77\u9e25\n|-damage|p1a: \u6d77\u9e25|63\/100\n|move|p1a: \u6d77\u9e25|Weather Ball|p2b: Pippin\n|-damage|p2b: Pippin|38\/100\n|\n|-weather|RainDance|[upkeep]\n|upkeep\n|turn|6\n|\n|t:|1739529998\n|move|p1b: EX\u2022calibur|Ice Spinner|p2b: Pippin\n|-damage|p2b: Pippin|0 fnt\n|faint|p2b: Pippin\n|-damage|p1b: EX\u2022calibur|5\/100|[from] item: Life Orb\n|\n|win|yubanmeiqin\n|raw|yubanmeiqin's rating: 1543 &rarr; <strong>1565<\/strong><br \/>(+22 for winning)\n|raw|Mildly Displeased's rating: 1585 &rarr; <strong>1563<\/strong><br \/>(-22 for losing)\n|l|\u2606Mildly Displeased\n|player|p2|\n|l|\u2606yubanmeiqin\n|player|p1|\n|l| omegabackshots\n","uploadtime":1739530219,"views":13,"formatid":"gen9vgc2025regg","rating":1563,"private":0,"password":null}