{"id":"gen9vgc2025regg-2300065892","format":"[Gen 9] VGC 2025 Reg G","players":["Lenghong","ekalsow"],"log":"|j|\u2606Lenghong\n|j|\u2606ekalsow\n|t:|1739461483\n|gametype|doubles\n|player|p1|Lenghong|hilda|1577\n|player|p2|ekalsow|gambler|1642\n|teamsize|p1|6\n|teamsize|p2|6\n|gen|9\n|tier|[Gen 9] VGC 2025 Reg G\n|rated|\n|rule|Species Clause: Limit one of each Pok\u00e9mon\n|rule|Item Clause: Limit 1 of each item\n|clearpoke\n|poke|p1|Volcarona, L50, F|\n|poke|p1|Clefairy, L50, F|\n|poke|p1|Groudon, L50|\n|poke|p1|Gouging Fire, L50|\n|poke|p1|Lilligant-Hisui, L50, F|\n|poke|p1|Farigiraf, L50, M|\n|poke|p2|Zacian-*, L50|\n|poke|p2|Regidrago, L50|\n|poke|p2|Tornadus, L50, M|\n|poke|p2|Urshifu-*, L50, M|\n|poke|p2|Incineroar, L50, F|\n|poke|p2|Rillaboom, L50, M|\n|teampreview|4\n|\n|t:|1739461547\n|start\n|switch|p1a: Lilligant|Lilligant-Hisui, L50, F|100\/100\n|switch|p1b: Groudon|Groudon, L50|100\/100\n|switch|p2a: Tornadus|Tornadus, L50, M|100\/100\n|switch|p2b: Zacian|Zacian-Crowned, L50|100\/100\n|-weather|SunnyDay|[from] ability: Drought|[of] p1b: Groudon\n|-ability|p2b: Zacian|Intrepid Sword|boost\n|-boost|p2b: Zacian|atk|1\n|turn|1\n|\n|t:|1739461569\n|move|p2b: Zacian|Protect|p2b: Zacian\n|-singleturn|p2b: Zacian|Protect\n|move|p2a: Tornadus|Tailwind|p2a: Tornadus\n|-sidestart|p2: ekalsow|move: Tailwind\n|move|p1a: Lilligant|Coaching|p1b: Groudon\n|-boost|p1b: Groudon|atk|1\n|-boost|p1b: Groudon|def|1\n|move|p1b: Groudon|High Horsepower|p2b: Zacian\n|-activate|p2b: Zacian|move: Protect\n|\n|-weather|SunnyDay|[upkeep]\n|upkeep\n|turn|2\n|\n|t:|1739461582\n|-terastallize|p2b: Zacian|Fairy\n|move|p2b: Zacian|Behemoth Blade|p1a: Lilligant\n|-enditem|p1a: Lilligant|Focus Sash\n|-damage|p1a: Lilligant|1\/100\n|move|p1a: Lilligant|Coaching|p1b: Groudon\n|-boost|p1b: Groudon|atk|1\n|-boost|p1b: Groudon|def|1\n|move|p2a: Tornadus|Bleakwind Storm|p1a: Lilligant|[spread] p1a,p1b\n|-supereffective|p1a: Lilligant\n|-damage|p1a: Lilligant|0 fnt\n|-damage|p1b: Groudon|62\/100\n|faint|p1a: Lilligant\n|move|p1b: Groudon|High Horsepower|p2b: Zacian\n|-damage|p2b: Zacian|0 fnt\n|faint|p2b: Zacian\n|\n|-weather|SunnyDay|[upkeep]\n|upkeep\n|\n|t:|1739461597\n|switch|p2b: Urshifu|Urshifu-Rapid-Strike, L50, M|100\/100\n|switch|p1a: Clefairy|Clefairy, L50, F|100\/100\n|turn|3\n|\n|t:|1739461606\n|move|p1a: Clefairy|Follow Me|p1a: Clefairy\n|-singleturn|p1a: Clefairy|move: Follow Me\n|move|p2a: Tornadus|Rain Dance|p2a: Tornadus\n|-weather|RainDance\n|move|p2b: Urshifu|Surging Strikes|p1a: Clefairy\n|-crit|p1a: Clefairy\n|-damage|p1a: Clefairy|68\/100\n|-crit|p1a: Clefairy\n|-damage|p1a: Clefairy|38\/100\n|-crit|p1a: Clefairy\n|-damage|p1a: Clefairy|7\/100\n|-hitcount|p1a: Clefairy|3\n|move|p1b: Groudon|High Horsepower|p2b: Urshifu\n|-damage|p2b: Urshifu|0 fnt\n|faint|p2b: Urshifu\n|\n|-weather|RainDance|[upkeep]\n|upkeep\n|\n|t:|1739461609\n|switch|p2b: Regidrago|Regidrago, L50|100\/100\n|turn|4\n|\n|t:|1739461615\n|move|p1a: Clefairy|Protect|p1a: Clefairy\n|-singleturn|p1a: Clefairy|Protect\n|move|p2a: Tornadus|Bleakwind Storm|p1a: Clefairy|[spread] p1b\n|-activate|p1a: Clefairy|move: Protect\n|-damage|p1b: Groudon|35\/100\n|move|p2b: Regidrago|Dragon Energy|p1b: Groudon|[spread] p1b\n|-activate|p1a: Clefairy|move: Protect\n|-damage|p1b: Groudon|0 fnt\n|faint|p1b: Groudon\n|-damage|p2b: Regidrago|91\/100|[from] item: Life Orb\n|\n|-weather|RainDance|[upkeep]\n|-sideend|p2: ekalsow|move: Tailwind\n|upkeep\n|\n|t:|1739461617\n|switch|p1b: Volcarona|Volcarona, L50, F, shiny|100\/100\n|turn|5\n|\n|t:|1739461637\n|-terastallize|p1b: Volcarona|Dark\n|move|p1a: Clefairy|Helping Hand|p1b: Volcarona\n|-singleturn|p1b: Volcarona|Helping Hand|[of] p1a: Clefairy\n|move|p2a: Tornadus|Tailwind|p2a: Tornadus\n|-sidestart|p2: ekalsow|move: Tailwind\n|move|p2b: Regidrago|Tera Blast|p1a: Clefairy\n|-damage|p1a: Clefairy|0 fnt\n|faint|p1a: Clefairy\n|-damage|p2b: Regidrago|81\/100|[from] item: Life Orb\n|move|p1b: Volcarona|Tera Blast|p2b: Regidrago|[anim] Tera Blast Dark\n|-damage|p2b: Regidrago|16\/100\n|\n|-weather|RainDance|[upkeep]\n|upkeep\n|turn|6\n|j| xiaoliyun.official\n|\n|t:|1739461654\n|move|p2a: Tornadus|Bleakwind Storm|p1b: Volcarona\n|-damage|p1b: Volcarona|55\/100\n|move|p2b: Regidrago|Draco Meteor|p1b: Volcarona\n|-damage|p1b: Volcarona|0 fnt\n|-unboost|p2b: Regidrago|spa|2\n|faint|p1b: Volcarona\n|-damage|p2b: Regidrago|7\/100|[from] item: Life Orb\n|\n|win|ekalsow\n|raw|Lenghong's rating: 1577 &rarr; <strong>1561<\/strong><br \/>(-16 for losing)\n|raw|ekalsow's rating: 1642 &rarr; <strong>1658<\/strong><br \/>(+16 for winning)\n|l|\u2606Lenghong\n|player|p1|\n|l|\u2606ekalsow\n|player|p2|\n|l| xiaoliyun.official\n","uploadtime":1739461833,"views":6,"formatid":"gen9vgc2025regg","rating":1561,"private":0,"password":null}