{"id":"gen9vgc2025regg-2300409172","format":"[Gen 9] VGC 2025 Reg G","players":["dnut1","searows"],"log":"|j|\u2606dnut1\n|j|\u2606searows\n|t:|1739498427\n|gametype|doubles\n|player|p1|dnut1|265|1553\n|player|p2|searows|miku-water|1581\n|teamsize|p1|6\n|teamsize|p2|6\n|gen|9\n|tier|[Gen 9] VGC 2025 Reg G\n|rated|\n|rule|Species Clause: Limit one of each Pok\u00e9mon\n|rule|Item Clause: Limit 1 of each item\n|clearpoke\n|poke|p1|Kyogre, L50|\n|poke|p1|Incineroar, L50, F|\n|poke|p1|Wo-Chien, L50|\n|poke|p1|Grimmsnarl, L50, M|\n|poke|p1|Urshifu-*, L50, M|\n|poke|p1|Iron Jugulis, L50|\n|poke|p2|Calyrex-Ice, L50|\n|poke|p2|Raging Bolt, L50|\n|poke|p2|Urshifu-*, L50, F|\n|poke|p2|Amoonguss, L50, M|\n|poke|p2|Ogerpon-Cornerstone, L50, F|\n|poke|p2|Tornadus, L50, M|\n|teampreview|4\n|j| Lord Licorice\n|j| cccue6tu\n|\n|t:|1739498450\n|start\n|switch|p1a: Grimmsnarl|Grimmsnarl, L50, M|100\/100\n|switch|p1b: Incineroar|Incineroar, L50, F|100\/100\n|switch|p2a: Urshifu|Urshifu-Rapid-Strike, L50, F|100\/100\n|switch|p2b: Raging Bolt|Raging Bolt, L50|100\/100\n|-ability|p1b: Incineroar|Intimidate|boost\n|-unboost|p2a: Urshifu|atk|1\n|-unboost|p2b: Raging Bolt|atk|1\n|-enditem|p2b: Raging Bolt|Booster Energy\n|-activate|p2b: Raging Bolt|ability: Protosynthesis|[fromitem]\n|-start|p2b: Raging Bolt|protosynthesisspa\n|turn|1\n|inactive|Battle timer is ON: inactive players will automatically lose when time's up. (requested by dnut1)\n|\n|t:|1739498461\n|move|p1b: Incineroar|Fake Out|p2a: Urshifu\n|-damage|p2a: Urshifu|91\/100\n|move|p1a: Grimmsnarl|Light Screen|p1a: Grimmsnarl\n|-sidestart|p1: dnut1|move: Light Screen\n|cant|p2a: Urshifu|flinch\n|move|p2b: Raging Bolt|Thunderbolt|p1a: Grimmsnarl\n|-damage|p1a: Grimmsnarl|59\/100\n|\n|upkeep\n|turn|2\n|j| sbld\n|\n|t:|1739498478\n|move|p1a: Grimmsnarl|Thunder Wave|p2a: Urshifu\n|-status|p2a: Urshifu|par\n|move|p1b: Incineroar|Knock Off|p2a: Urshifu\n|-resisted|p2a: Urshifu\n|-damage|p2a: Urshifu|74\/100 par\n|-enditem|p2a: Urshifu|Choice Band|[from] move: Knock Off|[of] p1b: Incineroar\n|move|p2b: Raging Bolt|Thunderbolt|p1b: Incineroar\n|-damage|p1b: Incineroar|58\/100\n|move|p2a: Urshifu|Surging Strikes|p1a: Grimmsnarl\n|-crit|p1a: Grimmsnarl\n|-damage|p1a: Grimmsnarl|37\/100\n|-crit|p1a: Grimmsnarl\n|-damage|p1a: Grimmsnarl|16\/100\n|-crit|p1a: Grimmsnarl\n|-damage|p1a: Grimmsnarl|0 fnt\n|faint|p1a: Grimmsnarl\n|-hitcount|p1: Grimmsnarl|3\n|\n|upkeep\n|\n|t:|1739498495\n|switch|p1a: Wo-Chien|Wo-Chien, L50|100\/100\n|-ability|p1a: Wo-Chien|Tablets of Ruin\n|turn|3\n|\n|t:|1739498517\n|move|p1b: Incineroar|Parting Shot|p2b: Raging Bolt\n|-unboost|p2b: Raging Bolt|atk|1\n|-unboost|p2b: Raging Bolt|spa|1\n|\n|t:|1739498520\n|switch|p1b: Kyogre|Kyogre, L50|100\/100|[from] Parting Shot\n|-weather|RainDance|[from] ability: Drizzle|[of] p1b: Kyogre\n|move|p1a: Wo-Chien|Ruination|p2b: Raging Bolt\n|-damage|p2b: Raging Bolt|50\/100\n|move|p2b: Raging Bolt|Thunderbolt|p1b: Kyogre\n|-supereffective|p1b: Kyogre\n|-damage|p1b: Kyogre|75\/100\n|cant|p2a: Urshifu|par\n|\n|-weather|RainDance|[upkeep]\n|upkeep\n|turn|4\n|\n|t:|1739498542\n|move|p1a: Wo-Chien|Pollen Puff|p1b: Kyogre\n|-heal|p1b: Kyogre|100\/100\n|move|p1b: Kyogre|Water Spout|p2a: Urshifu|[spread] p2a,p2b\n|-resisted|p2a: Urshifu\n|-resisted|p2b: Raging Bolt\n|-damage|p2a: Urshifu|15\/100 par\n|-damage|p2b: Raging Bolt|5\/100\n|move|p2b: Raging Bolt|Thunderbolt|p1b: Kyogre\n|-supereffective|p1b: Kyogre\n|-damage|p1b: Kyogre|75\/100\n|move|p2a: Urshifu|Surging Strikes|p1b: Kyogre\n|-resisted|p1b: Kyogre\n|-crit|p1b: Kyogre\n|-damage|p1b: Kyogre|65\/100\n|-resisted|p1b: Kyogre\n|-crit|p1b: Kyogre\n|-damage|p1b: Kyogre|55\/100\n|-resisted|p1b: Kyogre\n|-crit|p1b: Kyogre\n|-damage|p1b: Kyogre|45\/100\n|-hitcount|p1b: Kyogre|3\n|\n|-weather|RainDance|[upkeep]\n|upkeep\n|turn|5\n|inactive|searows has 30 seconds left.\n|\n|t:|1739498568\n|move|p2b: Raging Bolt|Thunderclap|p1b: Kyogre\n|-supereffective|p1b: Kyogre\n|-damage|p1b: Kyogre|24\/100\n|move|p1a: Wo-Chien|Pollen Puff|p1b: Kyogre\n|-heal|p1b: Kyogre|73\/100\n|move|p1b: Kyogre|Water Spout|p2a: Urshifu|[spread] p2a,p2b\n|-resisted|p2a: Urshifu\n|-resisted|p2b: Raging Bolt\n|-damage|p2a: Urshifu|0 fnt\n|-damage|p2b: Raging Bolt|0 fnt\n|faint|p2a: Urshifu\n|faint|p2b: Raging Bolt\n|-end|p2b: Raging Bolt|Protosynthesis|[silent]\n|\n|-weather|RainDance|[upkeep]\n|upkeep\n|\n|t:|1739498577\n|switch|p2a: Calyrex|Calyrex-Ice, L50|100\/100\n|switch|p2b: Ogerpon|Ogerpon-Cornerstone, L50, F|100\/100\n|-ability|p2a: Calyrex|As One\n|-ability|p2a: Calyrex|Unnerve\n|turn|6\n|\n|t:|1739498591\n|move|p2b: Ogerpon|Power Whip|p1b: Kyogre\n|-supereffective|p1b: Kyogre\n|-damage|p1b: Kyogre|0 fnt\n|faint|p1b: Kyogre\n|move|p1a: Wo-Chien|Pollen Puff|p1: Kyogre|[notarget]\n|-fail|p1a: Wo-Chien\n|move|p2a: Calyrex|Glacial Lance|p1a: Wo-Chien\n|-supereffective|p1a: Wo-Chien\n|-damage|p1a: Wo-Chien|12\/100\n|\n|-weather|RainDance|[upkeep]\n|-heal|p1a: Wo-Chien|18\/100|[from] item: Leftovers\n|upkeep\n|\n|t:|1739498595\n|switch|p1b: Incineroar|Incineroar, L50, F|58\/100\n|-ability|p1b: Incineroar|Intimidate|boost\n|-fail|p2a: Calyrex|unboost|[from] item: Clear Amulet|[of] p2a: Calyrex\n|-unboost|p2b: Ogerpon|atk|1\n|turn|7\n|-message|dnut1 forfeited.\n|\n|win|searows\n|raw|dnut1's rating: 1553 &rarr; <strong>1535<\/strong><br \/>(-18 for losing)\n|raw|searows's rating: 1581 &rarr; <strong>1599<\/strong><br \/>(+18 for winning)\n|l|\u2606dnut1\n|player|p1|\n|l| Lord Licorice\n|l| sbld\n","uploadtime":1739498769,"views":15,"formatid":"gen9vgc2025regg","rating":1535,"private":0,"password":null}