{"id":"gen9vgc2025regg-2300071848","format":"[Gen 9] VGC 2025 Reg G","players":["pcord cypher","Matty1919"],"log":"|j|\u2606pcord cypher\n|j|\u2606Matty1919\n|t:|1739462089\n|gametype|doubles\n|player|p1|pcord cypher|265|1567\n|player|p2|Matty1919|101|1596\n|teamsize|p1|6\n|teamsize|p2|6\n|gen|9\n|tier|[Gen 9] VGC 2025 Reg G\n|rated|\n|rule|Species Clause: Limit one of each Pok\u00e9mon\n|rule|Item Clause: Limit 1 of each item\n|clearpoke\n|poke|p1|Kyogre, L50|\n|poke|p1|Tornadus, L50, M|\n|poke|p1|Tatsugiri-Droopy, L50, M|\n|poke|p1|Tsareena, L50, F|\n|poke|p1|Dondozo, L50, M|\n|poke|p1|Chien-Pao, L50|\n|poke|p2|Calyrex-Shadow, L50|\n|poke|p2|Incineroar, L50, M|\n|poke|p2|Rillaboom, L50, F|\n|poke|p2|Urshifu-*, L50, M|\n|poke|p2|Raging Bolt, L50|\n|poke|p2|Farigiraf, L50, M|\n|teampreview|4\n|\n|t:|1739462128\n|start\n|switch|p1a: Chien-Pao|Chien-Pao, L50|100\/100\n|switch|p1b: Kyogre|Kyogre, L50|100\/100\n|switch|p2a: Raging Bolt|Raging Bolt, L50|100\/100\n|switch|p2b: Rillaboom|Rillaboom, L50, F|100\/100\n|-ability|p1a: Chien-Pao|Sword of Ruin\n|-weather|RainDance|[from] ability: Drizzle|[of] p1b: Kyogre\n|-fieldstart|move: Grassy Terrain|[from] ability: Grassy Surge|[of] p2b: Rillaboom\n|-enditem|p2a: Raging Bolt|Booster Energy\n|-activate|p2a: Raging Bolt|ability: Protosynthesis|[fromitem]\n|-start|p2a: Raging Bolt|protosynthesisspa\n|turn|1\n|\n|t:|1739462150\n|switch|p1b: Tsareena|Tsareena, L50, F|100\/100\n|move|p2b: Rillaboom|Fake Out||[still]\n|cant|p1b: Tsareena|ability: Queenly Majesty|Fake Out|[of] p2b: Rillaboom\n|move|p1a: Chien-Pao|Ice Spinner|p2a: Raging Bolt\n|-supereffective|p2a: Raging Bolt\n|-damage|p2a: Raging Bolt|0 fnt\n|-fieldend|move: Grassy Terrain\n|faint|p2a: Raging Bolt\n|-end|p2a: Raging Bolt|Protosynthesis|[silent]\n|\n|-weather|RainDance|[upkeep]\n|upkeep\n|\n|t:|1739462169\n|switch|p2a: Urshifu|Urshifu-Rapid-Strike, L50, M|100\/100\n|turn|2\n|\n|t:|1739462181\n|move|p2a: Urshifu|Surging Strikes|p1a: Chien-Pao\n|-crit|p1a: Chien-Pao\n|-damage|p1a: Chien-Pao|52\/100\n|-crit|p1a: Chien-Pao\n|-damage|p1a: Chien-Pao|5\/100\n|-crit|p1a: Chien-Pao\n|-damage|p1a: Chien-Pao|0 fnt\n|faint|p1a: Chien-Pao\n|-hitcount|p1: Chien-Pao|3\n|move|p1b: Tsareena|Power Whip|p2a: Urshifu\n|-supereffective|p2a: Urshifu\n|-damage|p2a: Urshifu|0 fnt\n|faint|p2a: Urshifu\n|move|p2b: Rillaboom|U-turn|p1b: Tsareena\n|-supereffective|p1b: Tsareena\n|-damage|p1b: Tsareena|41\/100\n|\n|t:|1739462195\n|switch|p2b: Calyrex|Calyrex-Shadow, L50|100\/100|[from] U-turn\n|-ability|p2b: Calyrex|As One\n|-ability|p2b: Calyrex|Unnerve\n|\n|-weather|RainDance|[upkeep]\n|upkeep\n|\n|t:|1739462203\n|switch|p1a: Tornadus|Tornadus, L50, M|100\/100\n|switch|p2a: Rillaboom|Rillaboom, L50, F|100\/100\n|-fieldstart|move: Grassy Terrain|[from] ability: Grassy Surge|[of] p2a: Rillaboom\n|turn|3\n|\n|t:|1739462219\n|-terastallize|p1b: Tsareena|Ice\n|move|p1a: Tornadus|Tailwind|p1a: Tornadus\n|-sidestart|p1: pcord cypher|move: Tailwind\n|move|p1b: Tsareena|Triple Axel|p2a: Rillaboom\n|-supereffective|p2a: Rillaboom\n|-damage|p2a: Rillaboom|83\/100\n|-supereffective|p2a: Rillaboom\n|-damage|p2a: Rillaboom|45\/100\n|-supereffective|p2a: Rillaboom\n|-damage|p2a: Rillaboom|0 fnt\n|faint|p2a: Rillaboom\n|-hitcount|p2: Rillaboom|3\n|move|p2b: Calyrex|Astral Barrage|p1b: Tsareena|[spread] p1a,p1b\n|-damage|p1a: Tornadus|16\/100\n|-damage|p1b: Tsareena|0 fnt\n|faint|p1b: Tsareena\n|-ability|p2b: Calyrex|Grim Neigh|boost\n|-boost|p2b: Calyrex|spa|1\n|-damage|p2b: Calyrex|91\/100|[from] item: Life Orb\n|\n|-weather|RainDance|[upkeep]\n|-heal|p2b: Calyrex|96\/100|[from] Grassy Terrain\n|upkeep\n|\n|t:|1739462221\n|switch|p1b: Kyogre|Kyogre, L50|100\/100\n|turn|4\n|\n|t:|1739462245\n|move|p2b: Calyrex|Protect|p2b: Calyrex\n|-singleturn|p2b: Calyrex|Protect\n|move|p1a: Tornadus|Hurricane|p2b: Calyrex\n|-activate|p2b: Calyrex|move: Protect\n|move|p1b: Kyogre|Water Spout|p2b: Calyrex\n|-activate|p2b: Calyrex|move: Protect\n|\n|-weather|RainDance|[upkeep]\n|-heal|p2b: Calyrex|100\/100|[from] Grassy Terrain\n|upkeep\n|turn|5\n|\n|t:|1739462257\n|move|p2b: Calyrex|Protect||[still]\n|-fail|p2b: Calyrex\n|move|p1a: Tornadus|Hurricane|p2b: Calyrex\n|-damage|p2b: Calyrex|52\/100\n|move|p1b: Kyogre|Water Spout|p2b: Calyrex\n|-damage|p2b: Calyrex|0 fnt\n|faint|p2b: Calyrex\n|\n|win|pcord cypher\n|raw|pcord cypher's rating: 1567 &rarr; <strong>1589<\/strong><br \/>(+22 for winning)\n|raw|Matty1919's rating: 1596 &rarr; <strong>1574<\/strong><br \/>(-22 for losing)\n|c|\u2606pcord cypher|gg\n|l|\u2606Matty1919\n|player|p2|\n","uploadtime":1739462262,"views":6,"formatid":"gen9vgc2025regg","rating":1574,"private":0,"password":null}