{"id":"gen9vgc2025regg-2300033807","format":"[Gen 9] VGC 2025 Reg G","players":["satelite99","je8"],"log":"|j|\u2606satelite99\n|j|\u2606je8\n|t:|1739458074\n|gametype|doubles\n|player|p1|satelite99|wallace|1615\n|player|p2|je8|170|1501\n|teamsize|p1|6\n|teamsize|p2|6\n|gen|9\n|tier|[Gen 9] VGC 2025 Reg G\n|rated|\n|rule|Species Clause: Limit one of each Pok\u00e9mon\n|rule|Item Clause: Limit 1 of each item\n|clearpoke\n|poke|p1|Zamazenta-*, L50|\n|poke|p1|Tornadus, L50, M|\n|poke|p1|Chien-Pao, L50|\n|poke|p1|Raging Bolt, L50|\n|poke|p1|Urshifu-*, L50, F|\n|poke|p1|Gholdengo, L50|\n|poke|p2|Dialga-Origin, L50|\n|poke|p2|Rotom-Heat, L50|\n|poke|p2|Ursaluna, L50, F|\n|poke|p2|Weavile, L50, F|\n|poke|p2|Cresselia, L50, F|\n|poke|p2|Basculegion, L50, M|\n|teampreview|4\nsatelite99 rejected open team sheets.\n|\n|t:|1739458169\n|start\n|switch|p1a: Zamazenta|Zamazenta-Crowned, L50|100\/100\n|switch|p1b: Chien-Pao|Chien-Pao, L50|100\/100\n|switch|p2a: Dialga|Dialga-Origin, L50|100\/100\n|switch|p2b: Weavile|Weavile, L50, F|100\/100\n|-ability|p1b: Chien-Pao|Sword of Ruin\n|-ability|p1a: Zamazenta|Dauntless Shield|boost\n|-boost|p1a: Zamazenta|def|1\n|turn|1\n|inactive|Battle timer is ON: inactive players will automatically lose when time's up. (requested by satelite99)\n|\n|t:|1739458197\n|switch|p1b: Urshifu|Urshifu-Rapid-Strike, L50, F|100\/100\n|move|p2b: Weavile|Fake Out|p1a: Zamazenta\n|-resisted|p1a: Zamazenta\n|-damage|p1a: Zamazenta|98\/100\n|cant|p1a: Zamazenta|flinch\n|move|p2a: Dialga|Trick Room|p2a: Dialga\n|-fieldstart|move: Trick Room|[of] p2a: Dialga\n|\n|upkeep\n|turn|2\n|inactive|je8 has 30 seconds left.\n|\n|t:|1739458223\n|switch|p2b: Rotom|Rotom-Heat, L50|100\/100\n|-terastallize|p2a: Dialga|Bug\n|move|p2a: Dialga|Dragon Pulse|p1b: Urshifu\n|-damage|p1b: Urshifu|0 fnt\n|faint|p1b: Urshifu\n|move|p1a: Zamazenta|Body Press|p2a: Dialga\n|-resisted|p2a: Dialga\n|-damage|p2a: Dialga|76\/100\n|\n|upkeep\n|\n|t:|1739458243\n|switch|p1b: Chien-Pao|Chien-Pao, L50|100\/100\n|-ability|p1b: Chien-Pao|Sword of Ruin\n|turn|3\n|\n|t:|1739458266\n|move|p2a: Dialga|Dragon Pulse|p1b: Chien-Pao\n|-enditem|p1b: Chien-Pao|Focus Sash\n|-damage|p1b: Chien-Pao|1\/100\n|move|p2b: Rotom|Overheat|p1a: Zamazenta\n|-supereffective|p1a: Zamazenta\n|-damage|p1a: Zamazenta|16\/100\n|-unboost|p2b: Rotom|spa|2\n|move|p1a: Zamazenta|Body Press|p2b: Rotom\n|-damage|p2b: Rotom|4\/100\n|move|p1b: Chien-Pao|Crunch|p2a: Dialga\n|-damage|p2a: Dialga|38\/100\n|\n|upkeep\n|turn|4\n|inactive|je8 has 30 seconds left.\n|\n|t:|1739458291\n|move|p1a: Zamazenta|Protect|p1a: Zamazenta\n|-singleturn|p1a: Zamazenta|Protect\n|move|p1b: Chien-Pao|Protect|p1b: Chien-Pao\n|-singleturn|p1b: Chien-Pao|Protect\n|move|p2a: Dialga|Dragon Pulse|p1a: Zamazenta\n|-activate|p1a: Zamazenta|move: Protect\n|move|p2b: Rotom|Discharge|p1b: Chien-Pao|[spread] \n|-activate|p1a: Zamazenta|move: Protect\n|-activate|p1b: Chien-Pao|move: Protect\n|-activate|p2a: Dialga|ability: Telepathy\n|\n|upkeep\n|turn|5\n|\n|t:|1739458315\n|-terastallize|p1a: Zamazenta|Dragon\n|move|p1b: Chien-Pao|Sucker Punch|p2a: Dialga\n|-damage|p2a: Dialga|1\/100\n|move|p2a: Dialga|Dragon Pulse|p1a: Zamazenta\n|-supereffective|p1a: Zamazenta\n|-damage|p1a: Zamazenta|0 fnt\n|faint|p1a: Zamazenta\n|move|p2b: Rotom|Discharge|p1b: Chien-Pao|[spread] p1b\n|-activate|p2a: Dialga|ability: Telepathy\n|-damage|p1b: Chien-Pao|0 fnt\n|faint|p1b: Chien-Pao\n|\n|-fieldend|move: Trick Room\n|upkeep\n|\n|t:|1739458323\n|switch|p1b: Gholdengo|Gholdengo, L50|100\/100\n|turn|6\n|-message|satelite99 forfeited.\n|\n|win|je8\n|raw|satelite99's rating: 1615 &rarr; <strong>1589<\/strong><br \/>(-26 for losing)\n|raw|je8's rating: 1501 &rarr; <strong>1527<\/strong><br \/>(+26 for winning)\n|l|\u2606satelite99\n|player|p1|\n|l|\u2606je8\n|player|p2|\n","uploadtime":1739458515,"views":6,"formatid":"gen9vgc2025regg","rating":1527,"private":0,"password":null}