{"id":"gen9vgc2025regg-2300789170","format":"[Gen 9] VGC 2025 Reg G","players":["Blueaquajet5","Clerk Barbaracle"],"log":"|j|\u2606Blueaquajet5\n|j|\u2606Clerk Barbaracle\n|t:|1739554166\n|gametype|doubles\n|player|p1|Blueaquajet5|2|1569\n|player|p2|Clerk Barbaracle|brawly|1566\n|teamsize|p1|6\n|teamsize|p2|6\n|gen|9\n|tier|[Gen 9] VGC 2025 Reg G\n|rated|\n|rule|Species Clause: Limit one of each Pok\u00e9mon\n|rule|Item Clause: Limit 1 of each item\n|clearpoke\n|poke|p1|Calyrex-Shadow, L50|\n|poke|p1|Raging Bolt, L50|\n|poke|p1|Clefairy, L50, F|\n|poke|p1|Urshifu-*, L50, F|\n|poke|p1|Incineroar, L50, M|\n|poke|p1|Rillaboom, L50, F|\n|poke|p2|Kyogre, L50|\n|poke|p2|Tornadus, L50, M|\n|poke|p2|Landorus, L50, M|\n|poke|p2|Tsareena, L50, F|\n|poke|p2|Urshifu-*, L50, F|\n|poke|p2|Lumineon, L50, M|\n|teampreview|4\n|inactive|Battle timer is ON: inactive players will automatically lose when time's up. (requested by Blueaquajet5)\n|\n|t:|1739554191\n|start\n|switch|p1a: Raging Bolt|Raging Bolt, L50|100\/100\n|switch|p1b: Clefairy|Clefairy, L50, F|100\/100\n|switch|p2a: Tornadus|Tornadus, L50, M|100\/100\n|switch|p2b: Kyogre|Kyogre, L50|100\/100\n|-weather|RainDance|[from] ability: Drizzle|[of] p2b: Kyogre\n|turn|1\n|j| 413XPlayz\n|\n|t:|1739554208\n|switch|p2a: Tsareena|Tsareena, L50, F|100\/100\n|-terastallize|p2b: Kyogre|Water\n|move|p1b: Clefairy|Helping Hand|p1a: Raging Bolt\n|-singleturn|p1a: Raging Bolt|Helping Hand|[of] p1b: Clefairy\n|move|p2b: Kyogre|Water Spout|p1b: Clefairy|[spread] p1a,p1b\n|-resisted|p1a: Raging Bolt\n|-damage|p1a: Raging Bolt|53\/100\n|-damage|p1b: Clefairy|0 fnt\n|faint|p1b: Clefairy\n|move|p1a: Raging Bolt|Electroweb|p2b: Kyogre|[spread] p2a,p2b\n|-resisted|p2a: Tsareena\n|-supereffective|p2b: Kyogre\n|-damage|p2a: Tsareena|83\/100\n|-damage|p2b: Kyogre|49\/100\n|-unboost|p2a: Tsareena|spe|1\n|-unboost|p2b: Kyogre|spe|1\n|\n|-weather|RainDance|[upkeep]\n|upkeep\n|\n|t:|1739554224\n|switch|p1b: Rillaboom|Rillaboom, L50, F|100\/100\n|-fieldstart|move: Grassy Terrain|[from] ability: Grassy Surge|[of] p1b: Rillaboom\n|turn|2\n|\n|t:|1739554247\n|move|p1a: Raging Bolt|Thunderbolt|p2b: Kyogre\n|-supereffective|p2b: Kyogre\n|-damage|p2b: Kyogre|0 fnt\n|faint|p2b: Kyogre\n|move|p1b: Rillaboom|U-turn|p2a: Tsareena\n|-supereffective|p2a: Tsareena\n|-damage|p2a: Tsareena|0 fnt\n|faint|p2a: Tsareena\n|\n|t:|1739554253\n|switch|p1b: Calyrex|Calyrex-Shadow, L50|100\/100|[from] U-turn\n|-ability|p1b: Calyrex|As One\n|-ability|p1b: Calyrex|Unnerve\n|\n|-weather|RainDance|[upkeep]\n|-heal|p1a: Raging Bolt|58\/100|[from] Grassy Terrain\n|upkeep\n|\n|t:|1739554259\n|switch|p2b: Urshifu|Urshifu, L50, F|100\/100\n|switch|p2a: Tornadus|Tornadus, L50, M|100\/100\n|turn|3\n|\n|t:|1739554276\n|-terastallize|p1b: Calyrex|Fairy\n|move|p2a: Tornadus|Tailwind|p2a: Tornadus\n|-sidestart|p2: Clerk Barbaracle|move: Tailwind\n|move|p1a: Raging Bolt|Thunderclap|p2b: Urshifu\n|-damage|p2b: Urshifu|49\/100\n|move|p2b: Urshifu|Wicked Blow|p1a: Raging Bolt\n|-crit|p1a: Raging Bolt\n|-damage|p1a: Raging Bolt|0 fnt\n|faint|p1a: Raging Bolt\n|-end|p1a: Raging Bolt|Protosynthesis|[silent]\n|move|p1b: Calyrex|Draining Kiss|p2b: Urshifu\n|-supereffective|p2b: Urshifu\n|-damage|p2b: Urshifu|0 fnt\n|faint|p2b: Urshifu\n|-ability|p1b: Calyrex|Grim Neigh|boost\n|-boost|p1b: Calyrex|spa|1\n|\n|-weather|RainDance|[upkeep]\n|upkeep\n|\n|t:|1739554284\n|switch|p1a: Rillaboom|Rillaboom, L50, F|100\/100\n|turn|4\n|\n|t:|1739554295\n|move|p2a: Tornadus|Protect|p2a: Tornadus\n|-singleturn|p2a: Tornadus|Protect\n|move|p1b: Calyrex|Astral Barrage|p2a: Tornadus\n|-activate|p2a: Tornadus|move: Protect\n|move|p1a: Rillaboom|Drum Beating|p2a: Tornadus\n|-activate|p2a: Tornadus|move: Protect\n|\n|-weather|RainDance|[upkeep]\n|upkeep\n|turn|5\n|\n|t:|1739554302\n|move|p2a: Tornadus|Hurricane|p1a: Rillaboom\n|-supereffective|p1a: Rillaboom\n|-damage|p1a: Rillaboom|0 fnt\n|faint|p1a: Rillaboom\n|move|p1b: Calyrex|Astral Barrage|p2a: Tornadus\n|-enditem|p2a: Tornadus|Focus Sash\n|-damage|p2a: Tornadus|1\/100\n|\n|-weather|none\n|upkeep\n|turn|6\n|\n|t:|1739554310\n|move|p1b: Calyrex|Protect|p1b: Calyrex\n|-singleturn|p1b: Calyrex|Protect\n|move|p2a: Tornadus|Hurricane|p1b: Calyrex\n|-activate|p1b: Calyrex|move: Protect\n|\n|-sideend|p2: Clerk Barbaracle|move: Tailwind\n|-fieldend|move: Grassy Terrain\n|upkeep\n|turn|7\n|\n|t:|1739554321\n|move|p1b: Calyrex|Astral Barrage|p2a: Tornadus\n|-damage|p2a: Tornadus|0 fnt\n|faint|p2a: Tornadus\n|\n|win|Blueaquajet5\n|raw|Blueaquajet5's rating: 1569 &rarr; <strong>1589<\/strong><br \/>(+20 for winning)\n|raw|Clerk Barbaracle's rating: 1566 &rarr; <strong>1546<\/strong><br \/>(-20 for losing)\n","uploadtime":1739554462,"views":10,"formatid":"gen9vgc2025regg","rating":1546,"private":0,"password":null}