{"id":"gen9vgc2025regg-2300875875","format":"[Gen 9] VGC 2025 Reg G","players":["parsley<3","DimensionalFool"],"log":"|j|\u2606parsley<3\n|j|\u203dDimensionalFool\n|t:|1739563332\n|gametype|doubles\n|player|p1|parsley<3|marnie|1532\n|player|p2|DimensionalFool|101|1587\n|teamsize|p1|6\n|teamsize|p2|6\n|gen|9\n|tier|[Gen 9] VGC 2025 Reg G\n|rated|\n|rule|Species Clause: Limit one of each Pok\u00e9mon\n|rule|Item Clause: Limit 1 of each item\n|clearpoke\n|poke|p1|Calyrex-Ice, L50|\n|poke|p1|Incineroar, L50, M|\n|poke|p1|Grimmsnarl, L50, M|\n|poke|p1|Urshifu-*, L50, M|\n|poke|p1|Raging Bolt, L50|\n|poke|p1|Ogerpon-Cornerstone, L50, F|\n|poke|p2|Grimmsnarl, L50, M|\n|poke|p2|Landorus, L50, M|\n|poke|p2|Calyrex-Ice, L50|\n|poke|p2|Pelipper, L50, M|\n|poke|p2|Urshifu-*, L50, M|\n|poke|p2|Rillaboom, L50, M|\n|teampreview|4\n|inactive|Battle timer is ON: inactive players will automatically lose when time's up. (requested by DimensionalFool)\n|\n|t:|1739563365\n|start\n|switch|p1a: Calyrex|Calyrex-Ice, L50|100\/100\n|switch|p1b: Ogerpon|Ogerpon-Cornerstone, L50, F|100\/100\n|switch|p2a: Pelipper|Pelipper, L50, M|100\/100\n|switch|p2b: Urshifu|Urshifu-Rapid-Strike, L50, M|100\/100\n|-ability|p1a: Calyrex|As One\n|-ability|p1a: Calyrex|Unnerve\n|-weather|RainDance|[from] ability: Drizzle|[of] p2a: Pelipper\n|turn|1\n|inactive|parsley<3 has 30 seconds left.\n|inactive|parsley<3 has 20 seconds left.\n|\n|t:|1739563402\n|switch|p1a: Raging Bolt|Raging Bolt, L50|100\/100\n|move|p2b: Urshifu|Surging Strikes|p1b: Ogerpon\n|-crit|p1b: Ogerpon\n|-damage|p1b: Ogerpon|55\/100\n|-crit|p1b: Ogerpon\n|-damage|p1b: Ogerpon|10\/100\n|-crit|p1b: Ogerpon\n|-damage|p1b: Ogerpon|0 fnt\n|faint|p1b: Ogerpon\n|-hitcount|p1: Ogerpon|3\n|move|p2a: Pelipper|Weather Ball|p1a: Raging Bolt\n|-resisted|p1a: Raging Bolt\n|-damage|p1a: Raging Bolt|66\/100\n|\n|-weather|RainDance|[upkeep]\n|upkeep\n|\n|t:|1739563410\n|switch|p1b: Calyrex|Calyrex-Ice, L50|100\/100\n|-ability|p1b: Calyrex|As One\n|-ability|p1b: Calyrex|Unnerve\n|turn|2\n|\n|t:|1739563425\n|-terastallize|p2b: Urshifu|Ghost\n|move|p1a: Raging Bolt|Thunderclap|p2b: Urshifu\n|-damage|p2b: Urshifu|22\/100\n|-damage|p1a: Raging Bolt|56\/100|[from] item: Life Orb\n|move|p2b: Urshifu|Surging Strikes|p1b: Calyrex\n|-crit|p1b: Calyrex\n|-damage|p1b: Calyrex|78\/100\n|-crit|p1b: Calyrex\n|-damage|p1b: Calyrex|58\/100\n|-crit|p1b: Calyrex\n|-damage|p1b: Calyrex|37\/100\n|-hitcount|p1b: Calyrex|3\n|move|p2a: Pelipper|Weather Ball|p1b: Calyrex\n|-damage|p1b: Calyrex|1\/100\n|move|p1b: Calyrex|Glacial Lance|p2a: Pelipper|[spread] p2a,p2b\n|-damage|p2a: Pelipper|23\/100\n|-damage|p2b: Urshifu|0 fnt\n|faint|p2b: Urshifu\n|-ability|p1b: Calyrex|Chilling Neigh|boost\n|-boost|p1b: Calyrex|atk|1\n|\n|-weather|RainDance|[upkeep]\n|upkeep\n|\n|t:|1739563441\n|switch|p2b: Calyrex|Calyrex-Ice, L50|100\/100\n|-ability|p2b: Calyrex|As One\n|-ability|p2b: Calyrex|Unnerve\n|turn|3\n|\n|t:|1739563452\n|switch|p2a: Landorus|Landorus, L50, M|100\/100\n|-terastallize|p1a: Raging Bolt|Electric\n|move|p1a: Raging Bolt|Thunderbolt|p2b: Calyrex\n|-damage|p2b: Calyrex|55\/100\n|-status|p2b: Calyrex|par\n|-damage|p1a: Raging Bolt|46\/100|[from] item: Life Orb\n|move|p1b: Calyrex|Glacial Lance|p2a: Landorus|[spread] p2a,p2b\n|-supereffective|p2a: Landorus\n|-resisted|p2b: Calyrex\n|-damage|p2a: Landorus|0 fnt\n|-damage|p2b: Calyrex|29\/100 par\n|faint|p2a: Landorus\n|-ability|p1b: Calyrex|Chilling Neigh|boost\n|-boost|p1b: Calyrex|atk|1\n|move|p2b: Calyrex|Glacial Lance|p1a: Raging Bolt|[spread] p1a,p1b\n|-resisted|p1b: Calyrex\n|-damage|p1a: Raging Bolt|0 fnt\n|-damage|p1b: Calyrex|0 fnt\n|faint|p1a: Raging Bolt\n|-end|p1a: Raging Bolt|Protosynthesis|[silent]\n|faint|p1b: Calyrex\n|-ability|p2b: Calyrex|Chilling Neigh|boost\n|-boost|p2b: Calyrex|atk|2\n|\n|-weather|RainDance|[upkeep]\n|upkeep\n|c|\u2606parsley<3|lmao unlucky\n|\n|t:|1739563468\n|switch|p2a: Pelipper|Pelipper, L50, M|23\/100\n|switch|p1b: Urshifu|Urshifu-Rapid-Strike, L50, M|100\/100\n|turn|4\n|\n|t:|1739563475\n|move|p1b: Urshifu|Surging Strikes|p2b: Calyrex\n|-crit|p2b: Calyrex\n|-damage|p2b: Calyrex|8\/100 par\n|-crit|p2b: Calyrex\n|-damage|p2b: Calyrex|0 fnt\n|faint|p2b: Calyrex\n|-hitcount|p2: Calyrex|2\n|move|p2a: Pelipper|Hurricane|p1b: Urshifu\n|-supereffective|p1b: Urshifu\n|-enditem|p1b: Urshifu|Focus Sash\n|-damage|p1b: Urshifu|1\/100\n|\n|-weather|RainDance|[upkeep]\n|upkeep\n|turn|5\n|\n|t:|1739563484\n|move|p1b: Urshifu|Surging Strikes|p2a: Pelipper\n|-resisted|p2a: Pelipper\n|-crit|p2a: Pelipper\n|-damage|p2a: Pelipper|0 fnt\n|faint|p2a: Pelipper\n|-hitcount|p2: Pelipper|1\n|\n|win|parsley<3\n|raw|parsley&lt;3's rating: 1532 &rarr; <strong>1555<\/strong><br \/>(+23 for winning)\n|raw|DimensionalFool's rating: 1587 &rarr; <strong>1564<\/strong><br \/>(-23 for losing)\n|c|\u2606parsley<3|ggwp\n|l|\u203dDimensionalFool\n|player|p2|\n|l|\u2606parsley<3\n|player|p1|\n","uploadtime":1739563514,"views":6,"formatid":"gen9vgc2025regg","rating":1555,"private":0,"password":null}