{"id":"gen9vgc2025regg-2300780269","format":"[Gen 9] VGC 2025 Reg G","players":["Gavinci","Llemand"],"log":"|j|\u2606Gavinci\n|j|\u2606Llemand\n|t:|1739553242\n|gametype|doubles\n|player|p1|Gavinci|cynthia|1627\n|player|p2|Llemand|caitlin|1566\n|teamsize|p1|6\n|teamsize|p2|6\n|gen|9\n|tier|[Gen 9] VGC 2025 Reg G\n|rated|\n|rule|Species Clause: Limit one of each Pok\u00e9mon\n|rule|Item Clause: Limit 1 of each item\n|clearpoke\n|poke|p1|Zacian-*, L50|\n|poke|p1|Weezing, L50, M|\n|poke|p1|Regigigas, L50|\n|poke|p1|Tornadus, L50, M|\n|poke|p1|Chien-Pao, L50|\n|poke|p1|Ogerpon-Wellspring, L50, F|\n|poke|p2|Incineroar, L50, M|\n|poke|p2|Rillaboom, L50, F|\n|poke|p2|Calyrex-Ice, L50|\n|poke|p2|Urshifu-*, L50, M|\n|poke|p2|Pelipper, L50, F|\n|poke|p2|Landorus, L50, M|\n|teampreview|4\n|inactive|Battle timer is ON: inactive players will automatically lose when time's up. (requested by Gavinci)\n|inactive|Gavinci has 60 seconds left.\n|inactive|Llemand has 60 seconds left.\n|\n|t:|1739553285\n|start\n|switch|p1a: Regigigas|Regigigas, L50|100\/100\n|switch|p1b: Weezing|Weezing, L50, M|100\/100\n|switch|p2a: Rillaboom|Rillaboom, L50, F, shiny|100\/100\n|switch|p2b: Calyrex|Calyrex-Ice, L50|100\/100\n|-ability|p1b: Weezing|Neutralizing Gas\n|-ability|p2b: Calyrex|As One\n|-ability|p2b: Calyrex|Unnerve\n|turn|1\n|j| vgcvillains\n|\n|t:|1739553304\n|-terastallize|p1a: Regigigas|Ghost\n|move|p2a: Rillaboom|Fake Out|p1b: Weezing\n|-damage|p1b: Weezing|88\/100\n|move|p1a: Regigigas|Knock Off|p2b: Calyrex\n|-supereffective|p2b: Calyrex\n|-damage|p2b: Calyrex|29\/100\n|-enditem|p2b: Calyrex|Clear Amulet|[from] move: Knock Off|[of] p1a: Regigigas\n|-damage|p1a: Regigigas|91\/100|[from] item: Life Orb\n|cant|p1b: Weezing|flinch\n|move|p2b: Calyrex|High Horsepower|p1b: Weezing\n|-supereffective|p1b: Weezing\n|-damage|p1b: Weezing|17\/100\n|\n|upkeep\n|turn|2\n|inactive|Gavinci has 30 seconds left.\n|\n|t:|1739553329\n|move|p2b: Calyrex|Protect|p2b: Calyrex\n|-singleturn|p2b: Calyrex|Protect\n|move|p1a: Regigigas|Crush Grip|p2a: Rillaboom\n|-damage|p2a: Rillaboom|5\/100\n|-damage|p1a: Regigigas|81\/100|[from] item: Life Orb\n|move|p2a: Rillaboom|Wood Hammer|p1a: Regigigas\n|-damage|p1a: Regigigas|25\/100\n|-damage|p2a: Rillaboom|0 fnt|[from] Recoil\n|faint|p2a: Rillaboom\n|move|p1b: Weezing|Sludge Bomb|p2b: Calyrex\n|-activate|p2b: Calyrex|move: Protect\n|\n|upkeep\n|\n|t:|1739553341\n|switch|p2a: Urshifu|Urshifu-Rapid-Strike, L50, M|100\/100\n|turn|3\n|\n|t:|1739553352\n|move|p1a: Regigigas|Protect|p1a: Regigigas\n|-singleturn|p1a: Regigigas|Protect\n|move|p2a: Urshifu|Surging Strikes|p1a: Regigigas\n|-activate|p1a: Regigigas|move: Protect\n|move|p1b: Weezing|Will-O-Wisp|p2a: Urshifu\n|-status|p2a: Urshifu|brn\n|move|p2b: Calyrex|Glacial Lance|p1b: Weezing|[spread] p1b\n|-activate|p1a: Regigigas|move: Protect\n|-damage|p1b: Weezing|0 fnt\n|faint|p1b: Weezing\n|-end|p1b: Weezing|ability: Neutralizing Gas\n|-start|p1a: Regigigas|ability: Slow Start\n|-ability|p2b: Calyrex|Chilling Neigh|boost\n|-boost|p2b: Calyrex|atk|1\n|\n|-damage|p2a: Urshifu|94\/100 brn|[from] brn\n|upkeep\n|inactive|Gavinci has 30 seconds left.\n|inactive|Gavinci has 20 seconds left.\n|\n|t:|1739553391\n|switch|p1b: Zacian|Zacian-Crowned, L50|100\/100\n|-ability|p1b: Zacian|Intrepid Sword|boost\n|-boost|p1b: Zacian|atk|1\n|turn|4\n|j| 413XPlayz\n|inactive|Gavinci has 30 seconds left.\n|\n|t:|1739553421\n|-end|p1a: Regigigas|Slow Start|[silent]\n|switch|p1a: Ogerpon|Ogerpon-Wellspring, L50, F|100\/100\n|switch|p2b: Pelipper|Pelipper, L50, F, shiny|100\/100\n|-weather|RainDance|[from] ability: Drizzle|[of] p2b: Pelipper\n|move|p2a: Urshifu|Surging Strikes|p1b: Zacian\n|-crit|p1b: Zacian\n|-damage|p1b: Zacian|84\/100\n|-crit|p1b: Zacian\n|-damage|p1b: Zacian|67\/100\n|-crit|p1b: Zacian\n|-damage|p1b: Zacian|50\/100\n|-hitcount|p1b: Zacian|3\n|move|p1b: Zacian|Behemoth Blade|p2b: Pelipper\n|-resisted|p2b: Pelipper\n|-damage|p2b: Pelipper|49\/100\n|\n|-weather|RainDance|[upkeep]\n|-damage|p2a: Urshifu|88\/100 brn|[from] brn\n|upkeep\n|turn|5\n|inactive|Gavinci has 30 seconds left.\n|\n|t:|1739553447\n|move|p1a: Ogerpon|Follow Me|p1a: Ogerpon\n|-singleturn|p1a: Ogerpon|move: Follow Me\n|move|p2a: Urshifu|Surging Strikes|p1a: Ogerpon\n|-immune|p1a: Ogerpon|[from] ability: Water Absorb\n|move|p1b: Zacian|Play Rough|p2b: Pelipper\n|-crit|p2b: Pelipper\n|-damage|p2b: Pelipper|0 fnt\n|faint|p2b: Pelipper\n|\n|-weather|RainDance|[upkeep]\n|-damage|p2a: Urshifu|82\/100 brn|[from] brn\n|upkeep\n|\n|t:|1739553455\n|switch|p2b: Calyrex|Calyrex-Ice, L50|29\/100\n|-ability|p2b: Calyrex|As One\n|-ability|p2b: Calyrex|Unnerve\n|turn|6\n|\n|t:|1739553462\n|-terastallize|p2b: Calyrex|Water\n|move|p1a: Ogerpon|Follow Me|p1a: Ogerpon\n|-singleturn|p1a: Ogerpon|move: Follow Me\n|move|p2a: Urshifu|Surging Strikes|p1a: Ogerpon\n|-immune|p1a: Ogerpon|[from] ability: Water Absorb\n|move|p1b: Zacian|Behemoth Blade|p2b: Calyrex\n|-resisted|p2b: Calyrex\n|-damage|p2b: Calyrex|1\/100\n|move|p2b: Calyrex|Glacial Lance|p1b: Zacian|[spread] p1a,p1b\n|-resisted|p1b: Zacian\n|-damage|p1a: Ogerpon|40\/100\n|-damage|p1b: Zacian|24\/100\n|\n|-weather|RainDance|[upkeep]\n|-damage|p2a: Urshifu|75\/100 brn|[from] brn\n|upkeep\n|turn|7\n|\n|t:|1739553478\n|move|p1a: Ogerpon|Follow Me|p1a: Ogerpon\n|-singleturn|p1a: Ogerpon|move: Follow Me\n|move|p2a: Urshifu|Surging Strikes|p1a: Ogerpon\n|-heal|p1a: Ogerpon|65\/100|[from] ability: Water Absorb|[of] p2a: Urshifu\n|move|p1b: Zacian|Behemoth Blade|p2b: Calyrex\n|-resisted|p2b: Calyrex\n|-damage|p2b: Calyrex|0 fnt\n|faint|p2b: Calyrex\n|\n|-weather|RainDance|[upkeep]\n|-damage|p2a: Urshifu|69\/100 brn|[from] brn\n|upkeep\n|turn|8\n|-message|Llemand forfeited.\n|\n|win|Gavinci\n|raw|Gavinci's rating: 1627 &rarr; <strong>1644<\/strong><br \/>(+17 for winning)\n|raw|Llemand's rating: 1566 &rarr; <strong>1549<\/strong><br \/>(-17 for losing)\n|l|\u2606Llemand\n|player|p2|\n|l| 413XPlayz\n|l|\u2606Gavinci\n|player|p1|\n","uploadtime":1739553641,"views":10,"formatid":"gen9vgc2025regg","rating":1549,"private":0,"password":null}