{"id":"gen9vgc2025regg-2300547658","format":"[Gen 9] VGC 2025 Reg G","players":["necrozma000","bieiup"],"log":"|j|\u2606necrozma000\n|j|\u2606bieiup\n|t:|1739521756\n|gametype|doubles\n|player|p1|necrozma000|lillie-z|1697\n|player|p2|bieiup|lillie-z|1617\n|teamsize|p1|6\n|teamsize|p2|6\n|gen|9\n|tier|[Gen 9] VGC 2025 Reg G\n|rated|\n|rule|Species Clause: Limit one of each Pok\u00e9mon\n|rule|Item Clause: Limit 1 of each item\n|clearpoke\n|poke|p1|Calyrex-Shadow, L50|\n|poke|p1|Weezing-Galar, L50, M|\n|poke|p1|Dondozo, L50, M|\n|poke|p1|Tatsugiri, L50, F|\n|poke|p1|Indeedee-F, L50, F|\n|poke|p1|Mienshao, L50, F|\n|poke|p2|Raging Bolt, L50|\n|poke|p2|Miraidon, L50|\n|poke|p2|Chi-Yu, L50|\n|poke|p2|Torkoal, L50, M|\n|poke|p2|Farigiraf, L50, M|\n|poke|p2|Ursaluna, L50, M|\n|teampreview|4\n|inactive|Battle timer is ON: inactive players will automatically lose when time's up. (requested by necrozma000)\n|\n|t:|1739521770\n|start\n|switch|p1a: Mienshao|Mienshao, L50, F, shiny|100\/100\n|switch|p1b: Calyrex|Calyrex-Shadow, L50|100\/100\n|switch|p2a: Miraidon|Miraidon, L50|100\/100\n|switch|p2b: Chi-Yu|Chi-Yu, L50|100\/100\n|-ability|p1b: Calyrex|As One\n|-ability|p1b: Calyrex|Unnerve\n|-ability|p2b: Chi-Yu|Beads of Ruin\n|-fieldstart|move: Electric Terrain|[from] ability: Hadron Engine|[of] p2a: Miraidon\n|turn|1\n|\n|t:|1739521785\n|switch|p2b: Farigiraf|Farigiraf, L50, M|100\/100\n|-enditem|p2b: Farigiraf|Electric Seed\n|-boost|p2b: Farigiraf|def|1|[from] item: Electric Seed\n|-terastallize|p1b: Calyrex|Ghost\n|move|p1a: Mienshao|Fake Out||[still]\n|cant|p2b: Farigiraf|ability: Armor Tail|Fake Out|[of] p1a: Mienshao\n|move|p1b: Calyrex|Astral Barrage|p2a: Miraidon|[spread] p2a\n|-immune|p2b: Farigiraf\n|-damage|p2a: Miraidon|0 fnt\n|faint|p2a: Miraidon\n|-ability|p1b: Calyrex|Grim Neigh|boost\n|-boost|p1b: Calyrex|spa|1\n|\n|upkeep\n|\n|t:|1739521798\n|switch|p2a: Raging Bolt|Raging Bolt, L50|100\/100\n|turn|2\n|\n|t:|1739521805\n|move|p2a: Raging Bolt|Protect|p2a: Raging Bolt\n|-singleturn|p2a: Raging Bolt|Protect\n|move|p1b: Calyrex|Astral Barrage|p2a: Raging Bolt|[spread] \n|-activate|p2a: Raging Bolt|move: Protect\n|-immune|p2b: Farigiraf\n|move|p1a: Mienshao|Close Combat|p2a: Raging Bolt\n|-activate|p2a: Raging Bolt|move: Protect\n|move|p2b: Farigiraf|Trick Room|p2b: Farigiraf\n|-fieldstart|move: Trick Room|[of] p2b: Farigiraf\n|\n|upkeep\n|turn|3\n|\n|t:|1739521822\n|-terastallize|p2a: Raging Bolt|Electric\n|move|p2b: Farigiraf|Dazzling Gleam|p1b: Calyrex|[spread] p1a,p1b\n|-supereffective|p1a: Mienshao\n|-damage|p1a: Mienshao|48\/100\n|-damage|p1b: Calyrex|84\/100\n|move|p2a: Raging Bolt|Rising Voltage|p1b: Calyrex\n|-hint|Rising Voltage's BP doubled on grounded target.\n|-damage|p1b: Calyrex|0 fnt\n|faint|p1b: Calyrex\n|-damage|p2a: Raging Bolt|91\/100|[from] item: Life Orb\n|move|p1a: Mienshao|Close Combat|p2a: Raging Bolt\n|-damage|p2a: Raging Bolt|39\/100\n|-unboost|p1a: Mienshao|def|1\n|-unboost|p1a: Mienshao|spd|1\n|\n|upkeep\n|\n|t:|1739521832\n|switch|p1b: Dondozo|Dondozo, L50, M, shiny|100\/100\n|turn|4\n|\n|t:|1739521850\n|move|p1a: Mienshao|Wide Guard|p1a: Mienshao\n|-singleturn|p1a: Mienshao|Wide Guard\n|move|p1b: Dondozo|Wave Crash|p2a: Raging Bolt\n|-damage|p2a: Raging Bolt|0 fnt\n|faint|p2a: Raging Bolt\n|-end|p2a: Raging Bolt|Protosynthesis|[silent]\n|-damage|p1b: Dondozo|90\/100|[from] Recoil\n|move|p2b: Farigiraf|Dazzling Gleam|p1b: Dondozo|[spread] \n|-activate|p1a: Mienshao|move: Wide Guard\n|-activate|p1b: Dondozo|move: Wide Guard\n|\n|-heal|p1b: Dondozo|96\/100|[from] item: Leftovers\n|upkeep\n|\n|t:|1739521856\n|switch|p2a: Chi-Yu|Chi-Yu, L50|100\/100\n|-ability|p2a: Chi-Yu|Beads of Ruin\n|turn|5\n|\n|t:|1739521867\n|switch|p1a: Tatsugiri|Tatsugiri, L50, F, shiny|100\/100\n|-activate|p1a: Tatsugiri|ability: Commander|[of] p1b: Dondozo\n|-boost|p1b: Dondozo|atk|2\n|-boost|p1b: Dondozo|spa|2\n|-boost|p1b: Dondozo|spe|2\n|-boost|p1b: Dondozo|def|2\n|-boost|p1b: Dondozo|spd|2\n|move|p2b: Farigiraf|Dazzling Gleam|p1a: Tatsugiri|[spread] p1b\n|-miss|p2b: Farigiraf|p1a: Tatsugiri\n|-crit|p1b: Dondozo\n|-damage|p1b: Dondozo|71\/100\n|move|p1b: Dondozo|Order Up|p2b: Farigiraf\n|-damage|p2b: Farigiraf|66\/100\n|-boost|p1b: Dondozo|atk|1\n|move|p2a: Chi-Yu|Dark Pulse|p1b: Dondozo\n|-damage|p1b: Dondozo|50\/100\n|\n|-heal|p1b: Dondozo|55\/100|[from] item: Leftovers\n|-fieldend|move: Electric Terrain\n|upkeep\n|turn|6\n|\n|t:|1739521879\n|move|p2b: Farigiraf|Dazzling Gleam|p1a: Tatsugiri|[spread] p1b\n|-miss|p2b: Farigiraf|p1a: Tatsugiri\n|-damage|p1b: Dondozo|48\/100\n|move|p1b: Dondozo|Wave Crash|p2b: Farigiraf\n|-damage|p2b: Farigiraf|0 fnt\n|faint|p2b: Farigiraf\n|-damage|p1b: Dondozo|28\/100|[from] Recoil\n|move|p2a: Chi-Yu|Dark Pulse|p1b: Dondozo\n|-damage|p1b: Dondozo|5\/100\n|\n|-heal|p1b: Dondozo|11\/100|[from] item: Leftovers\n|-fieldend|move: Trick Room\n|upkeep\n|turn|7\n|\n|t:|1739521883\n|move|p2a: Chi-Yu|Dark Pulse|p1b: Dondozo\n|-damage|p1b: Dondozo|0 fnt\n|faint|p1b: Dondozo\n|\n|upkeep\n|\n|t:|1739521885\n|switch|p1b: Mienshao|Mienshao, L50, F, shiny|48\/100\n|turn|8\n|\n|t:|1739521889\n|move|p1b: Mienshao|Fake Out|p2a: Chi-Yu\n|-damage|p2a: Chi-Yu|76\/100\n|cant|p2a: Chi-Yu|flinch\n|move|p1a: Tatsugiri|Muddy Water|p2a: Chi-Yu\n|-supereffective|p2a: Chi-Yu\n|-damage|p2a: Chi-Yu|0 fnt\n|faint|p2a: Chi-Yu\n|\n|win|necrozma000\n|raw|necrozma000's rating: 1697 &rarr; <strong>1712<\/strong><br \/>(+15 for winning)\n|raw|bieiup's rating: 1617 &rarr; <strong>1602<\/strong><br \/>(-15 for losing)\n|l|\u2606bieiup\n|player|p2|\n|l|\u2606necrozma000\n|player|p1|\n","uploadtime":1739522073,"views":5,"formatid":"gen9vgc2025regg","rating":1602,"private":0,"password":null}