{"id":"gen9vgc2025regg-2300866554","format":"[Gen 9] VGC 2025 Reg G","players":["Mildly Displeased","chaddiestchad"],"log":"|j|\u2606Mildly Displeased\n|j|\u2606chaddiestchad\n|t:|1739562297\n|gametype|doubles\n|player|p1|Mildly Displeased|lillie|1587\n|player|p2|chaddiestchad|supernerd|1698\n|teamsize|p1|6\n|teamsize|p2|6\n|gen|9\n|tier|[Gen 9] VGC 2025 Reg G\n|rated|\n|rule|Species Clause: Limit one of each Pok\u00e9mon\n|rule|Item Clause: Limit 1 of each item\n|clearpoke\n|poke|p1|Primarina, L50, M|\n|poke|p1|Talonflame, L50, F|\n|poke|p1|Zamazenta-*, L50|\n|poke|p1|Rillaboom, L50, M|\n|poke|p1|Chien-Pao, L50|\n|poke|p1|Kingambit, L50, M|\n|poke|p2|Calyrex-Shadow, L50|\n|poke|p2|Ogerpon-Hearthflame, L50, F|\n|poke|p2|Incineroar, L50, M|\n|poke|p2|Urshifu-*, L50, M|\n|poke|p2|Rillaboom, L50, F|\n|poke|p2|Raging Bolt, L50|\n|teampreview|4\n|inactive|Battle timer is ON: inactive players will automatically lose when time's up. (requested by Mildly Displeased)\n|inactive|chaddiestchad has 60 seconds left.\n|\n|t:|1739562339\n|start\n|switch|p1a: Phoenix|Talonflame, L50, F, shiny|100\/100\n|switch|p1b: Kingambit|Kingambit, L50, M|100\/100\n|switch|p2a: Urshifu|Urshifu-Rapid-Strike, L50, M|100\/100\n|switch|p2b: Raging Bolt|Raging Bolt, L50|100\/100\n|-enditem|p2b: Raging Bolt|Booster Energy\n|-activate|p2b: Raging Bolt|ability: Protosynthesis|[fromitem]\n|-start|p2b: Raging Bolt|protosynthesisspa\n|turn|1\n|\n|t:|1739562356\n|-terastallize|p1b: Kingambit|Fairy\n|move|p2a: Urshifu|Detect|p2a: Urshifu\n|-singleturn|p2a: Urshifu|Protect\n|move|p1a: Phoenix|Brave Bird|p2a: Urshifu\n|-activate|p2a: Urshifu|move: Protect\n|move|p2b: Raging Bolt|Thunderbolt|p1a: Phoenix\n|-supereffective|p1a: Phoenix\n|-damage|p1a: Phoenix|0 fnt\n|faint|p1a: Phoenix\n|move|p1b: Kingambit|Tera Blast|p2b: Raging Bolt|[anim] Tera Blast Fairy\n|-supereffective|p2b: Raging Bolt\n|-damage|p2b: Raging Bolt|29\/100\n|\n|upkeep\n|\n|t:|1739562361\n|switch|p1a: Knotweed|Rillaboom, L50, M|100\/100\n|-fieldstart|move: Grassy Terrain|[from] ability: Grassy Surge|[of] p1a: Knotweed\n|turn|2\n|\n|t:|1739562377\n|switch|p2a: Ogerpon|Ogerpon-Hearthflame, L50, F|100\/100\n|-ability|p2a: Ogerpon|Mold Breaker\n|move|p2b: Raging Bolt|Protect|p2b: Raging Bolt\n|-singleturn|p2b: Raging Bolt|Protect\n|move|p1a: Knotweed|Fake Out|p2a: Ogerpon\n|-damage|p2a: Ogerpon|75\/100\n|-damage|p1a: Knotweed|91\/100|[from] item: Life Orb\n|move|p1b: Kingambit|Sucker Punch||[still]\n|-fail|p1b: Kingambit\n|\n|-heal|p2a: Ogerpon|81\/100|[from] Grassy Terrain\n|-heal|p1a: Knotweed|97\/100|[from] Grassy Terrain\n|-heal|p2b: Raging Bolt|35\/100|[from] Grassy Terrain\n|upkeep\n|turn|3\n|\n|t:|1739562399\n|move|p2a: Ogerpon|Ivy Cudgel|p1a: Knotweed|[anim] Ivy Cudgel Fire\n|-supereffective|p1a: Knotweed\n|-damage|p1a: Knotweed|0 fnt\n|faint|p1a: Knotweed\n|move|p2b: Raging Bolt|Thunderbolt|p1b: Kingambit\n|-damage|p1b: Kingambit|59\/100\n|move|p1b: Kingambit|Kowtow Cleave|p2a: Ogerpon\n|-damage|p2a: Ogerpon|20\/100\n|\n|-heal|p2a: Ogerpon|26\/100|[from] Grassy Terrain\n|-heal|p2b: Raging Bolt|41\/100|[from] Grassy Terrain\n|-heal|p1b: Kingambit|65\/100|[from] Grassy Terrain\n|upkeep\n|\n|t:|1739562402\n|switch|p1a: Pippin|Zamazenta-Crowned, L50|100\/100\n|-ability|p1a: Pippin|Dauntless Shield|boost\n|-boost|p1a: Pippin|def|1\n|turn|4\n|\n|t:|1739562424\n|move|p2a: Ogerpon|Spiky Shield|p2a: Ogerpon\n|-singleturn|p2a: Ogerpon|move: Protect\n|move|p2b: Raging Bolt|Thunderclap|p1b: Kingambit\n|-damage|p1b: Kingambit|33\/100\n|move|p1b: Kingambit|Sucker Punch||[still]\n|-fail|p1b: Kingambit\n|move|p1a: Pippin|Body Press|p2b: Raging Bolt\n|-damage|p2b: Raging Bolt|0 fnt\n|faint|p2b: Raging Bolt\n|-end|p2b: Raging Bolt|Protosynthesis|[silent]\n|\n|-heal|p2a: Ogerpon|32\/100|[from] Grassy Terrain\n|-heal|p1b: Kingambit|39\/100|[from] Grassy Terrain\n|upkeep\n|\n|t:|1739562439\n|switch|p2b: Urshifu|Urshifu-Rapid-Strike, L50, M|100\/100\n|turn|5\n|\n|t:|1739562445\n|move|p2a: Ogerpon|Follow Me|p2a: Ogerpon\n|-singleturn|p2a: Ogerpon|move: Follow Me\n|move|p1a: Pippin|Body Press|p2a: Ogerpon\n|-damage|p2a: Ogerpon|0 fnt\n|faint|p2a: Ogerpon\n|move|p2b: Urshifu|Surging Strikes|p1b: Kingambit\n|-crit|p1b: Kingambit\n|-damage|p1b: Kingambit|24\/100\n|-crit|p1b: Kingambit\n|-damage|p1b: Kingambit|9\/100\n|-crit|p1b: Kingambit\n|-damage|p1b: Kingambit|0 fnt\n|faint|p1b: Kingambit\n|-hitcount|p1: Kingambit|3\n|\n|upkeep\n|\n|t:|1739562459\n|switch|p2a: Calyrex|Calyrex-Shadow, L50|100\/100\n|-ability|p2a: Calyrex|As One\n|-ability|p2a: Calyrex|Unnerve\n|turn|6\n|inactive|Mildly Displeased has 30 seconds left.\n|\n|t:|1739562490\n|move|p2a: Calyrex|Astral Barrage|p1a: Pippin\n|-damage|p1a: Pippin|33\/100\n|move|p1a: Pippin|Body Press|p2b: Urshifu\n|-damage|p2b: Urshifu|26\/100\n|move|p2b: Urshifu|Close Combat|p1a: Pippin\n|-supereffective|p1a: Pippin\n|-damage|p1a: Pippin|0 fnt\n|-unboost|p2b: Urshifu|def|1\n|-unboost|p2b: Urshifu|spd|1\n|faint|p1a: Pippin\n|\n|win|chaddiestchad\n|raw|Mildly Displeased's rating: 1587 &rarr; <strong>1573<\/strong><br \/>(-14 for losing)\n|raw|chaddiestchad's rating: 1698 &rarr; <strong>1712<\/strong><br \/>(+14 for winning)\n|l|\u2606Mildly Displeased\n|player|p1|\n|l|\u2606chaddiestchad\n|player|p2|\n","uploadtime":1739562664,"views":5,"formatid":"gen9vgc2025regg","rating":1573,"private":0,"password":null}