{"id":"gen9vgc2025regg-2300995906","format":"[Gen 9] VGC 2025 Reg G","players":["GaVinci","chappell murkroan"],"log":"|j|\u2606GaVinci\n|j|\u2606chappell murkroan\n|t:|1739578095\n|gametype|doubles\n|player|p1|GaVinci|170|1661\n|player|p2|chappell murkroan|caitlin|1632\n|teamsize|p1|6\n|teamsize|p2|6\n|gen|9\n|tier|[Gen 9] VGC 2025 Reg G\n|rated|\n|rule|Species Clause: Limit one of each Pok\u00e9mon\n|rule|Item Clause: Limit 1 of each item\n|clearpoke\n|poke|p1|Groudon, L50|\n|poke|p1|Sandy Shocks, L50|\n|poke|p1|Ogerpon-Hearthflame, L50, F|\n|poke|p1|Flutter Mane, L50|\n|poke|p1|Kingambit, L50, F|\n|poke|p1|Mienshao, L50, M|\n|poke|p2|Calyrex-Ice, L50|\n|poke|p2|Landorus, L50, M|\n|poke|p2|Amoonguss, L50, F|\n|poke|p2|Urshifu-*, L50, M|\n|poke|p2|Roaring Moon, L50|\n|poke|p2|Ogerpon-Hearthflame, L50, F|\n|teampreview|4\n|inactive|Battle timer is ON: inactive players will automatically lose when time's up. (requested by chappell murkroan)\n|inactive|GaVinci also wants the timer to be on.\n|\n|t:|1739578123\n|start\n|switch|p1a: Ogerpon|Ogerpon-Hearthflame, L50, F|100\/100\n|switch|p1b: Groudon|Groudon, L50|100\/100\n|switch|p2a: Ogerpon|Ogerpon-Hearthflame, L50, F|100\/100\n|switch|p2b: Calyrex|Calyrex-Ice, L50|100\/100\n|-ability|p2b: Calyrex|As One\n|-ability|p2b: Calyrex|Unnerve\n|-ability|p1a: Ogerpon|Mold Breaker\n|-ability|p2a: Ogerpon|Mold Breaker\n|-weather|SunnyDay|[from] ability: Drought|[of] p1b: Groudon\n|turn|1\n|\n|t:|1739578143\n|-terastallize|p1b: Groudon|Fire\n|-terastallize|p2b: Calyrex|Water\n|move|p1a: Ogerpon|Ivy Cudgel|p2b: Calyrex|[anim] Ivy Cudgel Fire\n|-resisted|p2b: Calyrex\n|-damage|p2b: Calyrex|74\/100\n|move|p2a: Ogerpon|Ivy Cudgel|p1a: Ogerpon|[anim] Ivy Cudgel Fire\n|-damage|p1a: Ogerpon|15\/100\n|move|p1b: Groudon|Precipice Blades|p2a: Ogerpon|[spread] p2b\n|-miss|p1b: Groudon|p2a: Ogerpon\n|-damage|p2b: Calyrex|44\/100\n|move|p2b: Calyrex|Glacial Lance|p1a: Ogerpon|[spread] p1a,p1b\n|-resisted|p1b: Groudon\n|-damage|p1a: Ogerpon|0 fnt\n|-damage|p1b: Groudon|83\/100\n|faint|p1a: Ogerpon\n|-ability|p2b: Calyrex|Chilling Neigh|boost\n|-boost|p2b: Calyrex|atk|1\n|\n|-weather|SunnyDay|[upkeep]\n|upkeep\n|\n|t:|1739578158\n|switch|p1a: Mienshao|Mienshao, L50, M|100\/100\n|turn|2\n|\n|t:|1739578173\n|switch|p2b: Landorus|Landorus, L50, M|100\/100\n|move|p1a: Mienshao|Coaching|p1b: Groudon\n|-boost|p1b: Groudon|atk|1\n|-boost|p1b: Groudon|def|1\n|move|p2a: Ogerpon|Ivy Cudgel|p1a: Mienshao|[anim] Ivy Cudgel Fire\n|-enditem|p1a: Mienshao|Focus Sash\n|-damage|p1a: Mienshao|1\/100\n|move|p1b: Groudon|Precipice Blades|p2b: Landorus|[spread] p2a\n|-immune|p2b: Landorus\n|-damage|p2a: Ogerpon|33\/100\n|\n|-weather|SunnyDay|[upkeep]\n|upkeep\n|turn|3\n|\n|t:|1739578196\n|move|p2b: Landorus|Earth Power|p1b: Groudon\n|-supereffective|p1b: Groudon\n|-damage|p1b: Groudon|0 fnt\n|faint|p1b: Groudon\n|move|p1a: Mienshao|Close Combat|p2a: Ogerpon\n|-damage|p2a: Ogerpon|0 fnt\n|-unboost|p1a: Mienshao|def|1\n|-unboost|p1a: Mienshao|spd|1\n|faint|p2a: Ogerpon\n|\n|-weather|SunnyDay|[upkeep]\n|upkeep\n|\n|t:|1739578203\n|switch|p2a: Roaring Moon|Roaring Moon, L50|100\/100\n|switch|p1b: Kingambit|Kingambit, L50, F|100\/100\n|-activate|p2a: Roaring Moon|ability: Protosynthesis\n|-start|p2a: Roaring Moon|protosynthesisspe\n|turn|4\n|\n|t:|1739578218\n|move|p1b: Kingambit|Protect|p1b: Kingambit\n|-singleturn|p1b: Kingambit|Protect\n|move|p2a: Roaring Moon|Knock Off|p1a: Mienshao\n|-resisted|p1a: Mienshao\n|-damage|p1a: Mienshao|0 fnt\n|faint|p1a: Mienshao\n|move|p2b: Landorus|Earth Power|p1b: Kingambit\n|-activate|p1b: Kingambit|move: Protect\n|\n|-weather|SunnyDay|[upkeep]\n|upkeep\n|turn|5\n|-message|GaVinci forfeited.\n|\n|win|chappell murkroan\n|raw|GaVinci's rating: 1661 &rarr; <strong>1639<\/strong><br \/>(-22 for losing)\n|raw|chappell murkroan's rating: 1632 &rarr; <strong>1654<\/strong><br \/>(+22 for winning)\n|l|\u2606GaVinci\n|player|p1|\n|l|\u2606chappell murkroan\n|player|p2|\n","uploadtime":1739578391,"views":9,"formatid":"gen9vgc2025regg","rating":1639,"private":0,"password":null}