{"id":"gen9vgc2025regg-2300689765","format":"[Gen 9] VGC 2025 Reg G","players":["Angelo Neres","sibylla_system"],"log":"|j|\u2606Angelo Neres\n|j|\u2606sibylla_system\n|t:|1739543725\n|gametype|doubles\n|player|p1|Angelo Neres|102|1563\n|player|p2|sibylla_system|169|1567\n|teamsize|p1|6\n|teamsize|p2|6\n|gen|9\n|tier|[Gen 9] VGC 2025 Reg G\n|rated|\n|rule|Species Clause: Limit one of each Pok\u00e9mon\n|rule|Item Clause: Limit 1 of each item\n|clearpoke\n|poke|p1|Groudon, L50|\n|poke|p1|Moltres-Galar, L50|\n|poke|p1|Scream Tail, L50|\n|poke|p1|Grimmsnarl, L50, M|\n|poke|p1|Cobalion, L50|\n|poke|p1|Amoonguss, L50, F|\n|poke|p2|Kyogre, L50|\n|poke|p2|Tornadus, L50, M|\n|poke|p2|Chien-Pao, L50|\n|poke|p2|Urshifu-*, L50, M|\n|poke|p2|Tsareena, L50, F|\n|poke|p2|Volcarona, L50, M|\n|teampreview|4\n|inactive|Battle timer is ON: inactive players will automatically lose when time's up. (requested by Angelo Neres)\n|inactive|Angelo Neres has 60 seconds left.\n|inactive|sibylla_system has 60 seconds left.\n|\n|t:|1739543787\n|start\n|switch|p1a: Grimmsnarl|Grimmsnarl, L50, M, shiny|100\/100\n|switch|p1b: Scream Tail|Scream Tail, L50, shiny|100\/100\n|switch|p2a: Kyogre|Kyogre, L50|100\/100\n|switch|p2b: Tornadus|Tornadus, L50, M|100\/100\n|-weather|RainDance|[from] ability: Drizzle|[of] p2a: Kyogre\n|turn|1\n|\n|t:|1739543801\n|switch|p2b: Tsareena|Tsareena, L50, F|100\/100\n|-terastallize|p2a: Kyogre|Water\n|move|p1a: Grimmsnarl|Parting Shot||[still]\n|cant|p2b: Tsareena|ability: Queenly Majesty|Parting Shot|[of] p1a: Grimmsnarl\n|move|p1b: Scream Tail|Thunder Wave|p2a: Kyogre\n|-status|p2a: Kyogre|par\n|move|p2a: Kyogre|Water Spout|p1a: Grimmsnarl|[spread] p1a,p1b\n|-damage|p1a: Grimmsnarl|0 fnt\n|-damage|p1b: Scream Tail|0 fnt\n|faint|p1a: Grimmsnarl\n|faint|p1b: Scream Tail\n|-end|p1b: Scream Tail|Protosynthesis|[silent]\n|\n|-weather|RainDance|[upkeep]\n|upkeep\n|\n|t:|1739543805\n|switch|p1b: Moltres|Moltres-Galar, L50, shiny|100\/100\n|switch|p1a: Groudon|Groudon, L50, shiny|100\/100\n|-weather|SunnyDay|[from] ability: Drought|[of] p1a: Groudon\n|turn|2\n|inactive|Angelo Neres has 30 seconds left.\n|inactive|sibylla_system has 30 seconds left.\n|\n|t:|1739543834\n|-terastallize|p1a: Groudon|Fire\n|move|p2b: Tsareena|Bullet Seed|p1a: Groudon\n|-resisted|p1a: Groudon\n|-damage|p1a: Groudon|96\/100\n|-resisted|p1a: Groudon\n|-damage|p1a: Groudon|91\/100\n|-resisted|p1a: Groudon\n|-damage|p1a: Groudon|87\/100\n|-resisted|p1a: Groudon\n|-damage|p1a: Groudon|83\/100\n|-hitcount|p1a: Groudon|4\n|move|p1a: Groudon|Heat Crash|p2a: Kyogre\n|-resisted|p2a: Kyogre\n|-damage|p2a: Kyogre|67\/100 par\n|move|p1b: Moltres|Tailwind|p1b: Moltres\n|-sidestart|p1: Angelo Neres|move: Tailwind\n|move|p2a: Kyogre|Water Spout|p1a: Groudon|[spread] p1a,p1b\n|-supereffective|p1a: Groudon\n|-damage|p1a: Groudon|25\/100\n|-damage|p1b: Moltres|64\/100\n|\n|-weather|SunnyDay|[upkeep]\n|upkeep\n|turn|3\n|\n|t:|1739543854\n|move|p2b: Tsareena|Helping Hand|p2a: Kyogre\n|-singleturn|p2a: Kyogre|Helping Hand|[of] p2b: Tsareena\n|move|p1b: Moltres|Fiery Wrath|p2b: Tsareena|[spread] p2a,p2b\n|-crit|p2b: Tsareena\n|-damage|p2a: Kyogre|40\/100 par\n|-damage|p2b: Tsareena|41\/100\n|move|p1a: Groudon|Heat Crash|p2b: Tsareena\n|-supereffective|p2b: Tsareena\n|-damage|p2b: Tsareena|0 fnt\n|faint|p2b: Tsareena\n|cant|p2a: Kyogre|par\n|\n|-weather|SunnyDay|[upkeep]\n|upkeep\n|j| 413XPlayz\n|\n|t:|1739543867\n|switch|p2b: Tornadus|Tornadus, L50, M|100\/100\n|turn|4\n|\n|t:|1739543876\n|move|p2b: Tornadus|Rain Dance|p2b: Tornadus\n|-weather|RainDance\n|move|p1a: Groudon|Heavy Slam|p2b: Tornadus\n|-damage|p2b: Tornadus|19\/100\n|move|p1b: Moltres|Fiery Wrath|p2a: Kyogre|[spread] p2a,p2b\n|-damage|p2a: Kyogre|16\/100 par\n|-damage|p2b: Tornadus|0 fnt\n|faint|p2b: Tornadus\n|move|p2a: Kyogre|Water Spout|p1b: Moltres|[spread] p1a,p1b\n|-supereffective|p1a: Groudon\n|-damage|p1a: Groudon|0 fnt\n|-damage|p1b: Moltres|40\/100\n|faint|p1a: Groudon\n|-ability|p1b: Moltres|Berserk|boost\n|-boost|p1b: Moltres|spa|1\n|-enditem|p1b: Moltres|Sitrus Berry|[eat]\n|-heal|p1b: Moltres|65\/100|[from] item: Sitrus Berry\n|\n|-weather|RainDance|[upkeep]\n|upkeep\n|\n|t:|1739543886\n|switch|p2b: Urshifu|Urshifu-Rapid-Strike, L50, M|100\/100\n|turn|5\n|\n|t:|1739543892\n|move|p1b: Moltres|Air Slash|p2b: Urshifu\n|-supereffective|p2b: Urshifu\n|-damage|p2b: Urshifu|0 fnt\n|faint|p2b: Urshifu\n|move|p2a: Kyogre|Water Spout|p1b: Moltres\n|-damage|p1b: Moltres|32\/100\n|-ability|p1b: Moltres|Berserk|boost\n|-boost|p1b: Moltres|spa|1\n|\n|-weather|RainDance|[upkeep]\n|-sideend|p1: Angelo Neres|move: Tailwind\n|upkeep\n|turn|6\n|-message|sibylla_system forfeited.\n|\n|win|Angelo Neres\n|raw|Angelo Neres's rating: 1563 &rarr; <strong>1583<\/strong><br \/>(+20 for winning)\n|raw|sibylla_system's rating: 1567 &rarr; <strong>1547<\/strong><br \/>(-20 for losing)\n|l|\u2606Angelo Neres\n|player|p1|\n|l| 413XPlayz\n","uploadtime":1739544066,"views":5,"formatid":"gen9vgc2025regg","rating":1547,"private":0,"password":null}