{"id":"gen9vgc2025regg-2300952180","format":"[Gen 9] VGC 2025 Reg G","players":["gohan92","Ducktile"],"log":"|j|\u2606gohan92\n|j|\u2606Ducktile\n|t:|1739572331\n|gametype|doubles\n|player|p1|gohan92|266|1533\n|player|p2|Ducktile|grimsley|1643\n|teamsize|p1|6\n|teamsize|p2|6\n|gen|9\n|tier|[Gen 9] VGC 2025 Reg G\n|rated|\n|rule|Species Clause: Limit one of each Pok\u00e9mon\n|rule|Item Clause: Limit 1 of each item\n|clearpoke\n|poke|p1|Miraidon, L50|\n|poke|p1|Dondozo, L50, M|\n|poke|p1|Tatsugiri, L50, M|\n|poke|p1|Dragonite, L50, F|\n|poke|p1|Chi-Yu, L50|\n|poke|p1|Flutter Mane, L50|\n|poke|p2|Tatsugiri, L50, F|\n|poke|p2|Chi-Yu, L50|\n|poke|p2|Dragonite, L50, F|\n|poke|p2|Dondozo, L50, M|\n|poke|p2|Gholdengo, L50|\n|poke|p2|Miraidon, L50|\n|teampreview|4\n|\n|t:|1739572356\n|start\n|switch|p1a: Miraidon|Miraidon, L50|100\/100\n|switch|p1b: Dondozo|Dondozo, L50, M|100\/100\n|switch|p2a: Miraidon|Miraidon, L50|100\/100\n|switch|p2b: Chi-Yu|Chi-Yu, L50|100\/100\n|-fieldstart|move: Electric Terrain|[from] ability: Hadron Engine|[of] p1a: Miraidon\n|-activate|p2a: Miraidon|ability: Hadron Engine\n|-ability|p2b: Chi-Yu|Beads of Ruin\n|turn|1\n|\n|t:|1739572379\n|move|p1b: Dondozo|Protect|p1b: Dondozo\n|-singleturn|p1b: Dondozo|Protect\n|move|p1a: Miraidon|Volt Switch|p2b: Chi-Yu\n|-damage|p2b: Chi-Yu|26\/100\n|\n|t:|1739572386\n|switch|p1a: Tatsugiri|Tatsugiri, L50, M|100\/100|[from] Volt Switch\n|-activate|p1a: Tatsugiri|ability: Commander|[of] p1b: Dondozo\n|-boost|p1b: Dondozo|atk|2\n|-boost|p1b: Dondozo|spa|2\n|-boost|p1b: Dondozo|spe|2\n|-boost|p1b: Dondozo|def|2\n|-boost|p1b: Dondozo|spd|2\n|move|p2a: Miraidon|Dazzling Gleam|p1b: Dondozo|[spread] \n|-miss|p2a: Miraidon|p1a: Tatsugiri\n|-activate|p1b: Dondozo|move: Protect\n|move|p2b: Chi-Yu|Heat Wave|p1a: Tatsugiri|[spread] \n|-miss|p2b: Chi-Yu|p1a: Tatsugiri\n|-activate|p1b: Dondozo|move: Protect\n|\n|upkeep\n|turn|2\n|\n|t:|1739572406\n|-terastallize|p1b: Dondozo|Grass\n|move|p2a: Miraidon|Electro Drift|p1b: Dondozo\n|-resisted|p1b: Dondozo\n|-damage|p1b: Dondozo|66\/100\n|move|p1b: Dondozo|Earthquake|p2a: Miraidon|[spread] p2a,p2b\n|-miss|p1b: Dondozo|p1a: Tatsugiri\n|-supereffective|p2a: Miraidon\n|-supereffective|p2b: Chi-Yu\n|-damage|p2a: Miraidon|20\/100\n|-damage|p2b: Chi-Yu|0 fnt\n|faint|p2b: Chi-Yu\n|\n|-heal|p1b: Dondozo|73\/100|[from] item: Leftovers\n|upkeep\n|j| GameLurker69\n|\n|t:|1739572415\n|switch|p2b: Tatsugiri|Tatsugiri, L50, F|100\/100\n|turn|3\n|\n|t:|1739572430\n|move|p2b: Tatsugiri|Icy Wind|p1b: Dondozo|[spread] p1b\n|-miss|p2b: Tatsugiri|p1a: Tatsugiri\n|-supereffective|p1b: Dondozo\n|-damage|p1b: Dondozo|59\/100\n|-unboost|p1b: Dondozo|spe|1\n|move|p2a: Miraidon|Draco Meteor|p1b: Dondozo\n|-damage|p1b: Dondozo|10\/100\n|-unboost|p2a: Miraidon|spa|2\n|move|p1b: Dondozo|Order Up|p2b: Tatsugiri\n|-supereffective|p2b: Tatsugiri\n|-damage|p2b: Tatsugiri|0 fnt\n|faint|p2b: Tatsugiri\n|-boost|p1b: Dondozo|atk|1\n|\n|-heal|p1b: Dondozo|16\/100|[from] item: Leftovers\n|upkeep\n|\n|t:|1739572437\n|switch|p2b: Dondozo|Dondozo, L50, M|100\/100\n|turn|4\n|\n|t:|1739572469\n|move|p2a: Miraidon|Electro Drift|p1b: Dondozo\n|-resisted|p1b: Dondozo\n|-damage|p1b: Dondozo|0 fnt\n|faint|p1b: Dondozo\n|move|p2b: Dondozo|Order Up|p1a: Tatsugiri\n|-supereffective|p1a: Tatsugiri\n|-damage|p1a: Tatsugiri|33\/100\n|\n|upkeep\n|\n|t:|1739572477\n|switch|p1b: Dragonite|Dragonite, L50, F|100\/100\n|turn|5\n|\n|t:|1739572486\n|move|p1b: Dragonite|Extreme Speed|p2a: Miraidon\n|-damage|p2a: Miraidon|0 fnt\n|faint|p2a: Miraidon\n|move|p1a: Tatsugiri|Draco Meteor|p2b: Dondozo\n|-damage|p2b: Dondozo|44\/100\n|-unboost|p1a: Tatsugiri|spa|2\n|move|p2b: Dondozo|Order Up|p1a: Tatsugiri\n|-supereffective|p1a: Tatsugiri\n|-damage|p1a: Tatsugiri|0 fnt\n|faint|p1a: Tatsugiri\n|\n|-heal|p2b: Dondozo|50\/100|[from] item: Leftovers\n|-fieldend|move: Electric Terrain\n|upkeep\n|-message|Ducktile forfeited.\n|\n|win|gohan92\n|raw|gohan92's rating: 1533 &rarr; <strong>1559<\/strong><br \/>(+26 for winning)\n|raw|Ducktile's rating: 1643 &rarr; <strong>1617<\/strong><br \/>(-26 for losing)\n|l|\u2606Ducktile\n|player|p2|\n","uploadtime":1739572498,"views":20,"formatid":"gen9vgc2025regg","rating":1559,"private":0,"password":null}