{"id":"gen9vgc2025regg-2300332432","format":"[Gen 9] VGC 2025 Reg G","players":["Aires17","coummmfpk"],"log":"|j|\u2606Aires17\n|j|\u2606coummmfpk\n|t:|1739488431\n|gametype|doubles\n|player|p1|Aires17|266|1582\n|player|p2|coummmfpk|flannery|1575\n|teamsize|p1|6\n|teamsize|p2|6\n|gen|9\n|tier|[Gen 9] VGC 2025 Reg G\n|rated|\n|rule|Species Clause: Limit one of each Pok\u00e9mon\n|rule|Item Clause: Limit 1 of each item\n|clearpoke\n|poke|p1|Calyrex-Shadow, L50|\n|poke|p1|Urshifu-*, L50, F|\n|poke|p1|Whimsicott, L50, M|\n|poke|p1|Ogerpon-Hearthflame, L50, F|\n|poke|p1|Landorus, L50, M|\n|poke|p1|Indeedee-F, L50, F|\n|poke|p2|Miraidon, L50|\n|poke|p2|Iron Hands, L50|\n|poke|p2|Whimsicott, L50, F|\n|poke|p2|Ursaluna-Bloodmoon, L50, M|\n|poke|p2|Volcarona, L50, M|\n|poke|p2|Incineroar, L50, F|\n|teampreview|4\n|inactive|Battle timer is ON: inactive players will automatically lose when time's up. (requested by Aires17)\n|\n|t:|1739488440\n|start\n|switch|p1a: Horsee|Calyrex-Shadow, L50|100\/100\n|switch|p1b: Momma|Indeedee-F, L50, F|100\/100\n|switch|p2a: Incineroar|Incineroar, L50, F|100\/100\n|switch|p2b: Ursaluna|Ursaluna-Bloodmoon, L50, M|100\/100\n|-ability|p1a: Horsee|As One\n|-ability|p1a: Horsee|Unnerve\n|-ability|p2a: Incineroar|Intimidate|boost\n|-unboost|p1a: Horsee|atk|1\n|-unboost|p1b: Momma|atk|1\n|-fieldstart|move: Psychic Terrain|[from] ability: Psychic Surge|[of] p1b: Momma\n|-enditem|p1a: Horsee|Psychic Seed\n|-boost|p1a: Horsee|spd|1|[from] item: Psychic Seed\n|turn|1\n|\n|t:|1739488461\n|move|p2b: Ursaluna|Protect|p2b: Ursaluna\n|-singleturn|p2b: Ursaluna|Protect\n|move|p1b: Momma|Follow Me|p1b: Momma\n|-singleturn|p1b: Momma|move: Follow Me\n|move|p1a: Horsee|Nasty Plot|p1a: Horsee\n|-boost|p1a: Horsee|spa|2\n|move|p2a: Incineroar|Snarl|p1a: Horsee|[spread] p1a,p1b\n|-supereffective|p1a: Horsee\n|-supereffective|p1b: Momma\n|-damage|p1a: Horsee|73\/100\n|-damage|p1b: Momma|79\/100\n|-unboost|p1a: Horsee|spa|1\n|-unboost|p1b: Momma|spa|1\n|\n|upkeep\n|turn|2\n|inactive|coummmfpk has 30 seconds left.\n|j| TheStarLance\n|inactive|coummmfpk has 20 seconds left.\n|inactive|coummmfpk has 15 seconds left.\n|inactive|coummmfpk has 10 seconds left.\n|\n|t:|1739488509\n|-terastallize|p1a: Horsee|Dark\n|move|p1b: Momma|Helping Hand|p1a: Horsee\n|-singleturn|p1a: Horsee|Helping Hand|[of] p1b: Momma\n|move|p1a: Horsee|Expanding Force|p2a: Incineroar|[spread] p2b\n|-immune|p2a: Incineroar\n|-damage|p2b: Ursaluna|0 fnt\n|faint|p2b: Ursaluna\n|-ability|p1a: Horsee|Grim Neigh|boost\n|-boost|p1a: Horsee|spa|1\n|move|p2a: Incineroar|Parting Shot|p1a: Horsee\n|-unboost|p1a: Horsee|atk|1\n|-unboost|p1a: Horsee|spa|1\n|\n|t:|1739488519\n|switch|p2a: Miraidon|Miraidon, L50|100\/100|[from] Parting Shot\n|-fieldstart|move: Electric Terrain|[from] ability: Hadron Engine|[of] p2a: Miraidon\n|\n|upkeep\n|\n|t:|1739488522\n|switch|p2b: Whimsicott|Whimsicott, L50, F|100\/100\n|turn|3\n|\n|t:|1739488543\n|move|p1a: Horsee|Astral Barrage|p2b: Whimsicott|[spread] p2a,p2b\n|-crit|p2a: Miraidon\n|-damage|p2a: Miraidon|6\/100\n|-enditem|p2b: Whimsicott|Focus Sash\n|-damage|p2b: Whimsicott|1\/100\n|move|p2b: Whimsicott|Moonblast|p1a: Horsee\n|-supereffective|p1a: Horsee\n|-damage|p1a: Horsee|25\/100\n|move|p2a: Miraidon|Volt Switch|p1b: Momma\n|-damage|p1b: Momma|0 fnt\n|faint|p1b: Momma\n|\n|t:|1739488549\n|switch|p2a: Incineroar|Incineroar, L50, F|100\/100|[from] Volt Switch\n|-ability|p2a: Incineroar|Intimidate|boost\n|-unboost|p1a: Horsee|atk|1\n|\n|upkeep\n|\n|t:|1739488565\n|switch|p1b: Beast|Landorus, L50, M|100\/100\n|turn|4\n|\n|t:|1739488582\n|move|p2b: Whimsicott|Protect|p2b: Whimsicott\n|-singleturn|p2b: Whimsicott|Protect\n|move|p1a: Horsee|Astral Barrage|p2a: Incineroar|[spread] p2a\n|-activate|p2b: Whimsicott|move: Protect\n|-resisted|p2a: Incineroar\n|-damage|p2a: Incineroar|74\/100\n|move|p1b: Beast|Earth Power|p2a: Incineroar\n|-supereffective|p2a: Incineroar\n|-damage|p2a: Incineroar|0 fnt\n|faint|p2a: Incineroar\n|\n|upkeep\n|\n|t:|1739488591\n|switch|p2a: Miraidon|Miraidon, L50|6\/100\n|-activate|p2a: Miraidon|ability: Hadron Engine\n|turn|5\n|-message|coummmfpk forfeited.\n|\n|win|Aires17\n|raw|Aires17's rating: 1582 &rarr; <strong>1602<\/strong><br \/>(+20 for winning)\n|raw|coummmfpk's rating: 1575 &rarr; <strong>1555<\/strong><br \/>(-20 for losing)\n|l|\u2606coummmfpk\n|player|p2|\n|l|\u2606Aires17\n|player|p1|\n","uploadtime":1739488820,"views":4,"formatid":"gen9vgc2025regg","rating":1555,"private":0,"password":null}