{"id":"gen9vgc2025regg-2300428653","format":"[Gen 9] VGC 2025 Reg G","players":["pentagonSG","ChaosTenma"],"log":"|j|\u2606pentagonSG\n|j|\u2606ChaosTenma\n|t:|1739501031\n|gametype|doubles\n|player|p1|pentagonSG|101|1685\n|player|p2|ChaosTenma|red|1680\n|teamsize|p1|6\n|teamsize|p2|6\n|gen|9\n|tier|[Gen 9] VGC 2025 Reg G\n|rated|\n|rule|Species Clause: Limit one of each Pok\u00e9mon\n|rule|Item Clause: Limit 1 of each item\n|clearpoke\n|poke|p1|Volcarona, L50, M|\n|poke|p1|Miraidon, L50|\n|poke|p1|Grimmsnarl, L50, M|\n|poke|p1|Okidogi, L50, M|\n|poke|p1|Iron Hands, L50|\n|poke|p1|Farigiraf, L50, F|\n|poke|p2|Pelipper, L50, M|\n|poke|p2|Landorus, L50, M|\n|poke|p2|Rillaboom, L50, M|\n|poke|p2|Zamazenta-*, L50|\n|poke|p2|Flutter Mane, L50|\n|poke|p2|Chien-Pao, L50|\n|teampreview|4\n|inactive|Battle timer is ON: inactive players will automatically lose when time's up. (requested by ChaosTenma)\n|j| The_Beast1440\n|\n|t:|1739501048\n|start\n|switch|p1a: Miraidon|Miraidon, L50|100\/100\n|switch|p1b: Grimmsnarl|Grimmsnarl, L50, M|100\/100\n|switch|p2a: Pelipper|Pelipper, L50, M|100\/100\n|switch|p2b: Landorus|Landorus, L50, M|100\/100\n|-fieldstart|move: Electric Terrain|[from] ability: Hadron Engine|[of] p1a: Miraidon\n|-weather|RainDance|[from] ability: Drizzle|[of] p2a: Pelipper\n|turn|1\n|inactive|ChaosTenma has 30 seconds left.\n|\n|t:|1739501074\n|-terastallize|p2a: Pelipper|Ground\n|move|p1b: Grimmsnarl|Light Screen|p1b: Grimmsnarl\n|-sidestart|p1: pentagonSG|move: Light Screen\n|move|p1a: Miraidon|Draco Meteor|p2b: Landorus\n|-damage|p2b: Landorus|0 fnt\n|-unboost|p1a: Miraidon|spa|2\n|faint|p2b: Landorus\n|move|p2a: Pelipper|Weather Ball|p1b: Grimmsnarl\n|-damage|p1b: Grimmsnarl|70\/100\n|\n|-weather|RainDance|[upkeep]\n|upkeep\n|\n|t:|1739501088\n|switch|p2b: Rillaboom|Rillaboom, L50, M|100\/100\n|-fieldstart|move: Grassy Terrain|[from] ability: Grassy Surge|[of] p2b: Rillaboom\n|turn|2\n|\n|t:|1739501102\n|switch|p2a: Zamazenta|Zamazenta-Crowned, L50, shiny|100\/100\n|-ability|p2a: Zamazenta|Dauntless Shield|boost\n|-boost|p2a: Zamazenta|def|1\n|move|p1b: Grimmsnarl|Reflect|p1b: Grimmsnarl\n|-sidestart|p1: pentagonSG|Reflect\n|move|p1a: Miraidon|Draco Meteor|p2a: Zamazenta\n|-resisted|p2a: Zamazenta\n|-damage|p2a: Zamazenta|83\/100\n|-unboost|p1a: Miraidon|spa|2\n|move|p2b: Rillaboom|U-turn|p1a: Miraidon\n|-damage|p1a: Miraidon|84\/100\n|\n|t:|1739501114\n|switch|p2b: Pelipper|Pelipper, L50, M, tera:Ground|100\/100|[from] U-turn\n|\n|-weather|RainDance|[upkeep]\n|-heal|p1a: Miraidon|90\/100|[from] Grassy Terrain\n|-heal|p2a: Zamazenta|90\/100|[from] Grassy Terrain\n|-heal|p1b: Grimmsnarl|76\/100|[from] Grassy Terrain\n|upkeep\n|turn|3\n|\n|t:|1739501130\n|switch|p1a: Okidogi|Okidogi, L50, M|100\/100\n|move|p1b: Grimmsnarl|Thunder Wave|p2a: Zamazenta\n|-status|p2a: Zamazenta|par\n|move|p2b: Pelipper|Weather Ball|p1a: Okidogi\n|-damage|p1a: Okidogi|74\/100\n|move|p2a: Zamazenta|Iron Defense|p2a: Zamazenta\n|-boost|p2a: Zamazenta|def|2\n|\n|-weather|RainDance|[upkeep]\n|-heal|p1a: Okidogi|80\/100|[from] Grassy Terrain\n|-heal|p2a: Zamazenta|96\/100 par|[from] Grassy Terrain\n|-heal|p1b: Grimmsnarl|82\/100|[from] Grassy Terrain\n|upkeep\n|turn|4\n|\n|t:|1739501151\n|move|p1a: Okidogi|Drain Punch|p2a: Zamazenta\n|-supereffective|p2a: Zamazenta\n|-damage|p2a: Zamazenta|74\/100 par\n|-heal|p1a: Okidogi|91\/100|[from] drain|[of] p2a: Zamazenta\n|move|p2b: Pelipper|Hurricane|p1a: Okidogi\n|-supereffective|p1a: Okidogi\n|-damage|p1a: Okidogi|52\/100\n|move|p2a: Zamazenta|Body Press|p1a: Okidogi\n|-resisted|p1a: Okidogi\n|-damage|p1a: Okidogi|20\/100\n|move|p1b: Grimmsnarl|Spirit Break|p2b: Pelipper\n|-damage|p2b: Pelipper|73\/100\n|-unboost|p2b: Pelipper|spa|1\n|-damage|p1b: Grimmsnarl|65\/100|[from] item: Rocky Helmet|[of] p2b: Pelipper\n|\n|-weather|RainDance|[upkeep]\n|-heal|p1a: Okidogi|26\/100|[from] Grassy Terrain\n|-heal|p2b: Pelipper|79\/100|[from] Grassy Terrain\n|-heal|p2a: Zamazenta|80\/100 par|[from] Grassy Terrain\n|-heal|p1b: Grimmsnarl|71\/100|[from] Grassy Terrain\n|upkeep\n|turn|5\n|inactive|pentagonSG has 30 seconds left.\n|inactive|ChaosTenma has 30 seconds left.\n|\n|t:|1739501177\n|switch|p2b: Rillaboom|Rillaboom, L50, M|100\/100\n|move|p1a: Okidogi|Drain Punch|p2a: Zamazenta\n|-supereffective|p2a: Zamazenta\n|-damage|p2a: Zamazenta|60\/100 par\n|-heal|p1a: Okidogi|36\/100|[from] drain|[of] p2a: Zamazenta\n|move|p2a: Zamazenta|Body Press|p1a: Okidogi\n|-resisted|p1a: Okidogi\n|-damage|p1a: Okidogi|8\/100\n|move|p1b: Grimmsnarl|Spirit Break|p2b: Rillaboom\n|-damage|p2b: Rillaboom|73\/100\n|-unboost|p2b: Rillaboom|spa|1\n|\n|-weather|none\n|-heal|p1a: Okidogi|14\/100|[from] Grassy Terrain\n|-heal|p2b: Rillaboom|79\/100|[from] Grassy Terrain\n|-heal|p2a: Zamazenta|67\/100 par|[from] Grassy Terrain\n|-heal|p1b: Grimmsnarl|77\/100|[from] Grassy Terrain\n|upkeep\n|turn|6\n|inactive|pentagonSG has 30 seconds left.\n|\n|t:|1739501205\n|move|p1b: Grimmsnarl|Thunder Wave|p2b: Rillaboom\n|-status|p2b: Rillaboom|par\n|move|p1a: Okidogi|Drain Punch|p2a: Zamazenta\n|-supereffective|p2a: Zamazenta\n|-damage|p2a: Zamazenta|47\/100 par\n|-heal|p1a: Okidogi|24\/100|[from] drain|[of] p2a: Zamazenta\n|move|p2a: Zamazenta|Body Press|p1a: Okidogi\n|-resisted|p1a: Okidogi\n|-damage|p1a: Okidogi|0 fnt\n|faint|p1a: Okidogi\n|move|p2b: Rillaboom|U-turn|p1b: Grimmsnarl\n|-damage|p1b: Grimmsnarl|60\/100\n|\n|t:|1739501218\n|switch|p2b: Pelipper|Pelipper, L50, M, tera:Ground|79\/100|[from] U-turn\n|-weather|RainDance|[from] ability: Drizzle|[of] p2b: Pelipper\n|\n|-weather|RainDance|[upkeep]\n|-heal|p2b: Pelipper|85\/100|[from] Grassy Terrain\n|-heal|p2a: Zamazenta|53\/100 par|[from] Grassy Terrain\n|-heal|p1b: Grimmsnarl|66\/100|[from] Grassy Terrain\n|-fieldend|move: Grassy Terrain\n|upkeep\n|l| The_Beast1440\n|\n|t:|1739501229\n|switch|p1a: Miraidon|Miraidon, L50|90\/100\n|-fieldstart|move: Electric Terrain|[from] ability: Hadron Engine|[of] p1a: Miraidon\n|turn|7\n|j| Rabbithorn01\n|\n|t:|1739501242\n|switch|p2b: Rillaboom|Rillaboom, L50, M|79\/100 par\n|-fieldstart|move: Grassy Terrain|[from] ability: Grassy Surge|[of] p2b: Rillaboom\n|move|p1a: Miraidon|Electro Drift|p2a: Zamazenta\n|-damage|p2a: Zamazenta|0 fnt\n|faint|p2a: Zamazenta\n|move|p1b: Grimmsnarl|Spirit Break|p2b: Rillaboom\n|-damage|p2b: Rillaboom|52\/100 par\n|-unboost|p2b: Rillaboom|spa|1\n|\n|-weather|RainDance|[upkeep]\n|-heal|p1a: Miraidon|95\/100|[from] Grassy Terrain\n|-heal|p1b: Grimmsnarl|72\/100|[from] Grassy Terrain\n|-heal|p2b: Rillaboom|58\/100 par|[from] Grassy Terrain\n|upkeep\n|j| lushthelegend26\n|\n|t:|1739501259\n|switch|p2a: Pelipper|Pelipper, L50, M, tera:Ground|85\/100\n|turn|8\n|\n|t:|1739501274\n|switch|p1a: Volcarona|Volcarona, L50, M|100\/100\n|move|p2b: Rillaboom|Fake Out|p1a: Volcarona\n|-damage|p1a: Volcarona|90\/100\n|move|p2a: Pelipper|Weather Ball|p1b: Grimmsnarl\n|-damage|p1b: Grimmsnarl|37\/100\n|move|p1b: Grimmsnarl|Spirit Break|p2a: Pelipper\n|-damage|p2a: Pelipper|58\/100\n|-unboost|p2a: Pelipper|spa|1\n|-damage|p1b: Grimmsnarl|21\/100|[from] item: Rocky Helmet|[of] p2a: Pelipper\n|\n|-weather|RainDance|[upkeep]\n|-heal|p1a: Volcarona|96\/100|[from] Grassy Terrain\n|-heal|p1a: Volcarona|100\/100|[from] item: Leftovers\n|-heal|p2a: Pelipper|63\/100|[from] Grassy Terrain\n|-heal|p1b: Grimmsnarl|27\/100|[from] Grassy Terrain\n|-heal|p2b: Rillaboom|64\/100 par|[from] Grassy Terrain\n|-sideend|p1: pentagonSG|move: Light Screen\n|upkeep\n|turn|9\n|inactive|pentagonSG has 30 seconds left.\n|\n|t:|1739501304\n|-terastallize|p1a: Volcarona|Grass\n|move|p1b: Grimmsnarl|Light Screen|p1b: Grimmsnarl\n|-sidestart|p1: pentagonSG|move: Light Screen\n|move|p1a: Volcarona|Giga Drain|p2a: Pelipper\n|-supereffective|p2a: Pelipper\n|-crit|p2a: Pelipper\n|-damage|p2a: Pelipper|0 fnt\n|faint|p2a: Pelipper\n|move|p2b: Rillaboom|Wood Hammer|p1b: Grimmsnarl\n|-damage|p1b: Grimmsnarl|0 fnt\n|faint|p1b: Grimmsnarl\n|-damage|p2b: Rillaboom|56\/100 par|[from] Recoil\n|\n|-weather|RainDance|[upkeep]\n|-heal|p2b: Rillaboom|62\/100 par|[from] Grassy Terrain\n|-sideend|p1: pentagonSG|Reflect\n|upkeep\n|\n|t:|1739501319\n|switch|p1b: Miraidon|Miraidon, L50|95\/100\n|-fieldstart|move: Electric Terrain|[from] ability: Hadron Engine|[of] p1b: Miraidon\n|turn|10\n|\n|t:|1739501326\n|move|p1b: Miraidon|Dazzling Gleam|p2b: Rillaboom\n|-damage|p2b: Rillaboom|15\/100 par\n|move|p1a: Volcarona|Heat Wave|p2b: Rillaboom\n|-supereffective|p2b: Rillaboom\n|-damage|p2b: Rillaboom|0 fnt\n|faint|p2b: Rillaboom\n|\n|win|pentagonSG\n|raw|pentagonSG's rating: 1685 &rarr; <strong>1705<\/strong><br \/>(+20 for winning)\n|raw|ChaosTenma's rating: 1680 &rarr; <strong>1660<\/strong><br \/>(-20 for losing)\n|l|\u2606pentagonSG\n|player|p1|\n|l|\u2606ChaosTenma\n|player|p2|\n|l| lushthelegend26\n|l| Rabbithorn01\n","uploadtime":1739501356,"views":28,"formatid":"gen9vgc2025regg","rating":1660,"private":0,"password":null}