{"id":"gen9vgc2025regg-2300755206","format":"[Gen 9] VGC 2025 Reg G","players":["Sarfy","KogaAF1219"],"log":"|j|\u2606Sarfy\n|j|\u2606KogaAF1219\n|t:|1739550726\n|gametype|doubles\n|player|p1|Sarfy|adaman|1507\n|player|p2|KogaAF1219|266|1600\n|teamsize|p1|6\n|teamsize|p2|6\n|gen|9\n|tier|[Gen 9] VGC 2025 Reg G\n|rated|\n|rule|Species Clause: Limit one of each Pok\u00e9mon\n|rule|Item Clause: Limit 1 of each item\n|clearpoke\n|poke|p1|Thundurus, L50, M|\n|poke|p1|Enamorus, L50, F|\n|poke|p1|Kyogre, L50|\n|poke|p1|Amoonguss, L50, M|\n|poke|p1|Urshifu-*, L50, M|\n|poke|p1|Incineroar, L50, M|\n|poke|p2|Indeedee, L50, M|\n|poke|p2|Kyogre, L50|\n|poke|p2|Illumise, L50, F|\n|poke|p2|Landorus, L50, M|\n|poke|p2|Urshifu-*, L50, F|\n|poke|p2|Armarouge, L50, F|\n|teampreview|4\n|j| frankfurter hotdog\nKogaAF1219 has agreed to open team sheets.\n|\n|t:|1739550788\n|start\n|switch|p1a: Anti-Valentines|Thundurus, L50, M|100\/100\n|switch|p1b: Valentines|Enamorus, L50, F|100\/100\n|switch|p2a: Indeedee|Indeedee, L50, M|100\/100\n|switch|p2b: Illumise|Illumise, L50, F|100\/100\n|-fieldstart|move: Psychic Terrain|[from] ability: Psychic Surge|[of] p2a: Indeedee\n|turn|1\n|inactive|Battle timer is ON: inactive players will automatically lose when time's up. (requested by Sarfy)\n|l| frankfurter hotdog\n|inactive|Sarfy has 60 seconds left.\n|\n|t:|1739550835\n|move|p1a: Anti-Valentines|Eerie Impulse|p1b: Valentines\n|-boost|p1b: Valentines|spa|2\n|move|p2b: Illumise|Light Screen|p2b: Illumise\n|-sidestart|p2: KogaAF1219|move: Light Screen\n|move|p1b: Valentines|Dazzling Gleam|p2a: Indeedee|[spread] p2a,p2b\n|-damage|p2a: Indeedee|23\/100\n|-damage|p2b: Illumise|55\/100\n|-damage|p1b: Valentines|91\/100|[from] item: Life Orb\n|move|p2a: Indeedee|Expanding Force|p1a: Anti-Valentines|[spread] p1a,p1b\n|-damage|p1a: Anti-Valentines|29\/100\n|-damage|p1b: Valentines|18\/100\n|\n|upkeep\n|turn|2\n|\n|t:|1739550855\n|move|p1a: Anti-Valentines|Scary Face|p1b: Valentines\n|-boost|p1b: Valentines|spe|2\n|move|p2b: Illumise|Tailwind|p2b: Illumise\n|-sidestart|p2: KogaAF1219|move: Tailwind\n|move|p1b: Valentines|Dazzling Gleam|p2b: Illumise|[spread] p2a,p2b\n|-damage|p2a: Indeedee|0 fnt\n|-damage|p2b: Illumise|8\/100\n|faint|p2a: Indeedee\n|-damage|p1b: Valentines|8\/100|[from] item: Life Orb\n|\n|upkeep\n|\n|t:|1739550874\n|switch|p2a: Kyogre|Kyogre, L50|100\/100\n|-weather|RainDance|[from] ability: Drizzle|[of] p2a: Kyogre\n|turn|3\n|inactive|Sarfy has 30 seconds left.\n|\n|t:|1739550901\n|move|p2a: Kyogre|Origin Pulse|p1a: Anti-Valentines|[spread] p1a,p1b\n|-damage|p1a: Anti-Valentines|0 fnt\n|-damage|p1b: Valentines|0 fnt\n|faint|p1a: Anti-Valentines\n|faint|p1b: Valentines\n|move|p2b: Illumise|Infestation|p1: Anti-Valentines|[notarget]\n|-fail|p2b: Illumise\n|\n|-weather|RainDance|[upkeep]\n|upkeep\n|\n|t:|1739550908\n|switch|p1a: Kyogre|Kyogre, L50|100\/100\n|switch|p1b: Amoonguss|Amoonguss, L50, M|100\/100\n|turn|4\n|\n|t:|1739550930\n|move|p2a: Kyogre|Origin Pulse|p1b: Amoonguss|[spread] p1a,p1b\n|-resisted|p1a: Kyogre\n|-resisted|p1b: Amoonguss\n|-damage|p1a: Kyogre|76\/100\n|-damage|p1b: Amoonguss|71\/100\n|move|p2b: Illumise|Infestation|p1a: Kyogre\n|-damage|p1a: Kyogre|72\/100\n|-activate|p1a: Kyogre|move: Infestation|[of] p2b: Illumise\n|move|p1a: Kyogre|Calm Mind|p1a: Kyogre\n|-boost|p1a: Kyogre|spa|1\n|-boost|p1a: Kyogre|spd|1\n|move|p1b: Amoonguss|Spore|p2a: Kyogre\n|-status|p2a: Kyogre|slp|[from] move: Spore\n|\n|-weather|RainDance|[upkeep]\n|-heal|p1a: Kyogre|77\/100|[from] item: Leftovers\n|-damage|p1a: Kyogre|65\/100|[from] move: Infestation|[partiallytrapped]\n|upkeep\n|turn|5\n|\n|t:|1739550946\n|cant|p2a: Kyogre|slp\n|move|p2b: Illumise|Infestation|p1a: Kyogre\n|-damage|p1a: Kyogre|62\/100\n|move|p1a: Kyogre|Calm Mind|p1a: Kyogre\n|-boost|p1a: Kyogre|spa|1\n|-boost|p1a: Kyogre|spd|1\n|move|p1b: Amoonguss|Spore|p2b: Illumise\n|-status|p2b: Illumise|slp|[from] move: Spore\n|\n|-weather|RainDance|[upkeep]\n|-heal|p1a: Kyogre|68\/100|[from] item: Leftovers\n|-damage|p1a: Kyogre|56\/100|[from] move: Infestation|[partiallytrapped]\n|-sideend|p2: KogaAF1219|move: Light Screen\n|-sideend|p2: KogaAF1219|move: Tailwind\n|-fieldend|move: Psychic Terrain\n|upkeep\n|turn|6\n|\n|t:|1739550957\n|cant|p2b: Illumise|slp\n|cant|p2a: Kyogre|slp\n|move|p1a: Kyogre|Origin Pulse|p2a: Kyogre|[spread] p2a,p2b\n|-resisted|p2a: Kyogre\n|-damage|p2a: Kyogre|46\/100 slp\n|-damage|p2b: Illumise|0 fnt\n|faint|p2b: Illumise\n|move|p1b: Amoonguss|Pollen Puff|p1a: Kyogre\n|-heal|p1a: Kyogre|100\/100\n|\n|-weather|RainDance|[upkeep]\n|-end|p1a: Kyogre|Infestation|[partiallytrapped]|[silent]\n|upkeep\n|\n|t:|1739550961\n|switch|p2b: Landorus|Landorus, L50, M|100\/100\n|turn|7\n|\n|t:|1739550980\n|-terastallize|p2b: Landorus|Water\n|move|p1b: Amoonguss|Protect|p1b: Amoonguss\n|-singleturn|p1b: Amoonguss|Protect\n|cant|p2a: Kyogre|slp\n|move|p2b: Landorus|Sandsear Storm|p1b: Amoonguss|[spread] p1a\n|-activate|p1b: Amoonguss|move: Protect\n|-damage|p1a: Kyogre|82\/100\n|move|p1a: Kyogre|Origin Pulse|p2b: Landorus|[spread] p2a,p2b\n|-resisted|p2a: Kyogre\n|-resisted|p2b: Landorus\n|-damage|p2a: Kyogre|0 fnt\n|-damage|p2b: Landorus|14\/100\n|faint|p2a: Kyogre\n|\n|-weather|none\n|-heal|p1a: Kyogre|87\/100|[from] item: Leftovers\n|upkeep\n|turn|8\n|-message|KogaAF1219 forfeited.\n|\n|win|Sarfy\n|raw|Sarfy's rating: 1507 &rarr; <strong>1532<\/strong><br \/>(+25 for winning)\n|raw|KogaAF1219's rating: 1600 &rarr; <strong>1575<\/strong><br \/>(-25 for losing)\n|l|\u2606KogaAF1219\n|player|p2|\n|l|\u2606Sarfy\n|player|p1|\n","uploadtime":1739551246,"views":5,"formatid":"gen9vgc2025regg","rating":1532,"private":0,"password":null}