{"id":"gen9vgc2025regg-2300959386","format":"[Gen 9] VGC 2025 Reg G","players":["Gyaradostyranitar","meiose"],"log":"|j|\u2606Gyaradostyranitar\n|j|\u2606meiose\n|t:|1739573245\n|gametype|doubles\n|player|p1|Gyaradostyranitar|adaman|1548\n|player|p2|meiose|schoolkid-gen4|1590\n|teamsize|p1|6\n|teamsize|p2|6\n|gen|9\n|tier|[Gen 9] VGC 2025 Reg G\n|rated|\n|rule|Species Clause: Limit one of each Pok\u00e9mon\n|rule|Item Clause: Limit 1 of each item\n|clearpoke\n|poke|p1|Koraidon, L50|\n|poke|p1|Flutter Mane, L50|\n|poke|p1|Raging Bolt, L50|\n|poke|p1|Chi-Yu, L50|\n|poke|p1|Ditto, L50|\n|poke|p1|Tornadus, L50, M|\n|poke|p2|Calyrex-Shadow, L50|\n|poke|p2|Ting-Lu, L50|\n|poke|p2|Dondozo, L50, M|\n|poke|p2|Raging Bolt, L50|\n|poke|p2|Urshifu-*, L50, M|\n|poke|p2|Whimsicott, L50, M|\n|teampreview|4\n|inactive|Battle timer is ON: inactive players will automatically lose when time's up. (requested by Gyaradostyranitar)\n|inactive|Gyaradostyranitar has 60 seconds left.\n|inactive|meiose has 60 seconds left.\n|inactive|Gyaradostyranitar has 30 seconds left.\n|\n|t:|1739573314\n|start\n|switch|p1a: Tornadus|Tornadus, L50, M|100\/100\n|switch|p1b: Flutter Mane|Flutter Mane, L50|100\/100\n|switch|p2a: Ting-Lu|Ting-Lu, L50|100\/100\n|switch|p2b: Dondozo|Dondozo, L50, M|100\/100\n|-ability|p2a: Ting-Lu|Vessel of Ruin\n|-enditem|p1b: Flutter Mane|Booster Energy\n|-activate|p1b: Flutter Mane|ability: Protosynthesis|[fromitem]\n|-start|p1b: Flutter Mane|protosynthesisspe\n|turn|1\n|inactive|meiose has 30 seconds left.\n|inactive|meiose has 20 seconds left.\n|inactive|meiose has 15 seconds left.\n|\n|t:|1739573358\n|-terastallize|p2a: Ting-Lu|Fairy\n|move|p1a: Tornadus|Tailwind|p1a: Tornadus\n|-sidestart|p1: Gyaradostyranitar|move: Tailwind\n|move|p1b: Flutter Mane|Moonblast|p2a: Ting-Lu\n|-damage|p2a: Ting-Lu|78\/100\n|move|p2a: Ting-Lu|Ruination|p1b: Flutter Mane\n|-damage|p1b: Flutter Mane|50\/100\n|move|p2b: Dondozo|Wave Crash|p1b: Flutter Mane\n|-damage|p1b: Flutter Mane|0 fnt\n|faint|p1b: Flutter Mane\n|-end|p1b: Flutter Mane|Protosynthesis|[silent]\n|-damage|p2b: Dondozo|90\/100|[from] Recoil\n|\n|-heal|p2b: Dondozo|97\/100|[from] item: Leftovers\n|upkeep\n|\n|t:|1739573372\n|switch|p1b: Koraidon|Koraidon, L50|100\/100\n|-weather|SunnyDay|[from] ability: Orichalcum Pulse|[of] p1b: Koraidon\n|-activate|p1b: Koraidon|Orichalcum Pulse|[source]\n|turn|2\n|\n|t:|1739573389\n|switch|p1a: Chi-Yu|Chi-Yu, L50|100\/100\n|-ability|p1a: Chi-Yu|Beads of Ruin\n|-terastallize|p1b: Koraidon|Fire\n|move|p1b: Koraidon|Flame Charge|p2a: Ting-Lu\n|-damage|p2a: Ting-Lu|48\/100\n|-boost|p1b: Koraidon|spe|1\n|-damage|p1b: Koraidon|84\/100|[from] item: Rocky Helmet|[of] p2a: Ting-Lu\n|move|p2a: Ting-Lu|Sand Tomb|p1b: Koraidon\n|-supereffective|p1b: Koraidon\n|-damage|p1b: Koraidon|65\/100\n|-activate|p1b: Koraidon|move: Sand Tomb|[of] p2a: Ting-Lu\n|move|p2b: Dondozo|Yawn|p1b: Koraidon\n|-start|p1b: Koraidon|move: Yawn|[of] p2b: Dondozo\n|\n|-weather|SunnyDay|[upkeep]\n|-heal|p2b: Dondozo|100\/100|[from] item: Leftovers\n|-damage|p1b: Koraidon|53\/100|[from] move: Sand Tomb|[partiallytrapped]\n|upkeep\n|turn|3\n|\n|t:|1739573403\n|move|p2a: Ting-Lu|Protect|p2a: Ting-Lu\n|-singleturn|p2a: Ting-Lu|Protect\n|move|p2b: Dondozo|Protect|p2b: Dondozo\n|-singleturn|p2b: Dondozo|Protect\n|move|p1b: Koraidon|Collision Course|p2b: Dondozo\n|-activate|p2b: Dondozo|move: Protect\n|move|p1a: Chi-Yu|Dark Pulse|p2b: Dondozo\n|-activate|p2b: Dondozo|move: Protect\n|\n|-weather|SunnyDay|[upkeep]\n|-damage|p1b: Koraidon|41\/100|[from] move: Sand Tomb|[partiallytrapped]\n|-end|p1b: Koraidon|move: Yawn|[silent]\n|-status|p1b: Koraidon|slp\n|upkeep\n|turn|4\n|inactive|meiose has 30 seconds left.\n|inactive|meiose has 20 seconds left.\n|inactive|meiose has 15 seconds left.\n|inactive|meiose has 10 seconds left.\n|inactive|meiose has 5 seconds left.\n|\n|t:|1739573459\n|cant|p1b: Koraidon|slp\n|move|p1a: Chi-Yu|Dark Pulse|p2b: Dondozo\n|-damage|p2b: Dondozo|58\/100\n|move|p2a: Ting-Lu|Stealth Rock|p1b: Koraidon\n|-sidestart|p1: Gyaradostyranitar|move: Stealth Rock\n|cant|p2b: Dondozo|flinch\n|\n|-weather|SunnyDay|[upkeep]\n|-heal|p2b: Dondozo|65\/100|[from] item: Leftovers\n|-damage|p1b: Koraidon|29\/100 slp|[from] move: Sand Tomb|[partiallytrapped]\n|-sideend|p1: Gyaradostyranitar|move: Tailwind\n|upkeep\n|turn|5\n|\n|t:|1739573482\n|cant|p1b: Koraidon|slp\n|move|p1a: Chi-Yu|Dark Pulse|p2b: Dondozo\n|-damage|p2b: Dondozo|21\/100\n|move|p2a: Ting-Lu|Ruination|p1a: Chi-Yu\n|-damage|p1a: Chi-Yu|50\/100\n|move|p2b: Dondozo|Wave Crash|p1b: Koraidon\n|-supereffective|p1b: Koraidon\n|-damage|p1b: Koraidon|0 fnt\n|faint|p1b: Koraidon\n|-damage|p2b: Dondozo|14\/100|[from] Recoil\n|\n|-weather|SunnyDay|[upkeep]\n|-heal|p2b: Dondozo|20\/100|[from] item: Leftovers\n|upkeep\n|\n|t:|1739573485\n|switch|p1b: Tornadus|Tornadus, L50, M|100\/100\n|-damage|p1b: Tornadus|75\/100|[from] Stealth Rock\n|turn|6\n|\n|t:|1739573494\n|move|p2b: Dondozo|Protect|p2b: Dondozo\n|-singleturn|p2b: Dondozo|Protect\n|move|p1b: Tornadus|Bleakwind Storm|p2a: Ting-Lu|[spread] p2a\n|-activate|p2b: Dondozo|move: Protect\n|-damage|p2a: Ting-Lu|29\/100\n|-unboost|p2a: Ting-Lu|spe|1\n|move|p1a: Chi-Yu|Dark Pulse|p2a: Ting-Lu\n|-resisted|p2a: Ting-Lu\n|-damage|p2a: Ting-Lu|11\/100\n|move|p2a: Ting-Lu|Sand Tomb|p1a: Chi-Yu\n|-supereffective|p1a: Chi-Yu\n|-damage|p1a: Chi-Yu|16\/100\n|-activate|p1a: Chi-Yu|move: Sand Tomb|[of] p2a: Ting-Lu\n|\n|-weather|none\n|-heal|p2b: Dondozo|26\/100|[from] item: Leftovers\n|-damage|p1a: Chi-Yu|4\/100|[from] move: Sand Tomb|[partiallytrapped]\n|upkeep\n|turn|7\n|\n|t:|1739573503\n|move|p2b: Dondozo|Protect||[still]\n|-fail|p2b: Dondozo\n|move|p2a: Ting-Lu|Protect|p2a: Ting-Lu\n|-singleturn|p2a: Ting-Lu|Protect\n|move|p1b: Tornadus|Bleakwind Storm|p2a: Ting-Lu|[spread] p2b\n|-activate|p2a: Ting-Lu|move: Protect\n|-damage|p2b: Dondozo|1\/100\n|move|p1a: Chi-Yu|Dark Pulse|p2b: Dondozo\n|-damage|p2b: Dondozo|0 fnt\n|faint|p2b: Dondozo\n|\n|-damage|p1a: Chi-Yu|0 fnt|[from] move: Sand Tomb|[partiallytrapped]\n|faint|p1a: Chi-Yu\n|upkeep\n|\n|t:|1739573509\n|switch|p2b: Calyrex|Calyrex-Shadow, L50|100\/100\n|-ability|p2b: Calyrex|As One\n|-ability|p2b: Calyrex|Unnerve\n|turn|8\n|l|\u2606Gyaradostyranitar\n|inactive|Gyaradostyranitar disconnected and has a minute to reconnect!\n|player|p1|\n|inactive|Gyaradostyranitar has 30 seconds left.\n|j|\u2606Gyaradostyranitar\n|inactive|Gyaradostyranitar reconnected and has 30 seconds left.\n|player|p1|Gyaradostyranitar|adaman|\n|\n|t:|1739573543\n|move|p2b: Calyrex|Protect|p2b: Calyrex\n|-singleturn|p2b: Calyrex|Protect\n|move|p1b: Tornadus|Bleakwind Storm|p2b: Calyrex|[spread] p2a\n|-activate|p2b: Calyrex|move: Protect\n|-crit|p2a: Ting-Lu\n|-damage|p2a: Ting-Lu|0 fnt\n|faint|p2a: Ting-Lu\n|\n|upkeep\n|\n|t:|1739573547\n|switch|p2a: Whimsicott|Whimsicott, L50, M|100\/100\n|turn|9\n|\n|t:|1739573551\n|move|p2a: Whimsicott|Helping Hand|p2b: Calyrex\n|-singleturn|p2b: Calyrex|Helping Hand|[of] p2a: Whimsicott\n|move|p2b: Calyrex|Astral Barrage|p1b: Tornadus\n|-damage|p1b: Tornadus|0 fnt\n|faint|p1b: Tornadus\n|\n|win|meiose\n|raw|Gyaradostyranitar's rating: 1548 &rarr; <strong>1530<\/strong><br \/>(-18 for losing)\n|raw|meiose's rating: 1580 &rarr; <strong>1598<\/strong><br \/>(+18 for winning)\n|l|\u2606Gyaradostyranitar\n|player|p1|\n|l|\u2606meiose\n|player|p2|\n","uploadtime":1739573558,"views":7,"formatid":"gen9vgc2025regg","rating":1530,"private":0,"password":null}