{"id":"gen9vgc2025regg-2300076405","format":"[Gen 9] VGC 2025 Reg G","players":["KapuTetefu0719","satelite99"],"log":"|j|\u2606KapuTetefu0719\n|j|\u2606satelite99\n|t:|1739462557\n|gametype|doubles\n|player|p1|KapuTetefu0719|steven|1590\n|player|p2|satelite99|wallace|1638\n|teamsize|p1|6\n|teamsize|p2|6\n|gen|9\n|tier|[Gen 9] VGC 2025 Reg G\n|rated|\n|rule|Species Clause: Limit one of each Pok\u00e9mon\n|rule|Item Clause: Limit 1 of each item\n|clearpoke\n|poke|p1|Smeargle, L50, F|\n|poke|p1|Terapagos, L50, M|\n|poke|p1|Ogerpon-Hearthflame, L50, F|\n|poke|p1|Whimsicott, L50, M|\n|poke|p1|Dondozo, L50, M|\n|poke|p1|Tatsugiri-Droopy, L50, F|\n|poke|p2|Zamazenta-*, L50|\n|poke|p2|Tornadus, L50, M|\n|poke|p2|Chien-Pao, L50|\n|poke|p2|Raging Bolt, L50|\n|poke|p2|Urshifu-*, L50, M|\n|poke|p2|Gholdengo, L50|\n|teampreview|4\nsatelite99 rejected open team sheets.\n|inactive|Battle timer is ON: inactive players will automatically lose when time's up. (requested by satelite99)\n|inactive|satelite99 has 60 seconds left.\n|\n|t:|1739462607\n|start\n|switch|p1a: Smeargle|Smeargle, L50, F, shiny|100\/100\n|switch|p1b: Terapagos|Terapagos, L50, M|100\/100\n|switch|p2a: Zamazenta|Zamazenta-Crowned, L50|100\/100\n|switch|p2b: Urshifu|Urshifu-Rapid-Strike, L50, M|100\/100\n|-activate|p1b: Terapagos|ability: Tera Shift\n|detailschange|p1b: Terapagos|Terapagos-Terastal, L50, M\n|-heal|p1b: Terapagos|100\/100|[silent]\n|-ability|p2a: Zamazenta|Dauntless Shield|boost\n|-boost|p2a: Zamazenta|def|1\n|turn|1\n|inactive|KapuTetefu0719 has 30 seconds left.\n|inactive|satelite99 has 30 seconds left.\n|inactive|satelite99 has 20 seconds left.\n|\n|t:|1739462647\n|switch|p1a: Tatsugiri|Tatsugiri-Droopy, L50, F|100\/100\n|switch|p1b: Dondozo|Dondozo, L50, M, shiny|100\/100\n|-activate|p1a: Tatsugiri|ability: Commander|[of] p1b: Dondozo\n|-boost|p1b: Dondozo|atk|2\n|-boost|p1b: Dondozo|spa|2\n|-boost|p1b: Dondozo|spe|2\n|-boost|p1b: Dondozo|def|2\n|-boost|p1b: Dondozo|spd|2\n|move|p2a: Zamazenta|Protect|p2a: Zamazenta\n|-singleturn|p2a: Zamazenta|Protect\n|move|p2b: Urshifu|Surging Strikes|p1a: Tatsugiri|[miss]\n|-miss|p2b: Urshifu|p1a: Tatsugiri\n|\n|upkeep\n|turn|2\n|j| Method Tester 2\n|inactive|KapuTetefu0719 has 30 seconds left.\n|\n|t:|1739462673\n|switch|p2b: Raging Bolt|Raging Bolt, L50|100\/100\n|move|p2a: Zamazenta|Body Press|p1b: Dondozo\n|-damage|p1b: Dondozo|88\/100\n|move|p1b: Dondozo|Body Press|p2a: Zamazenta\n|-supereffective|p2a: Zamazenta\n|-damage|p2a: Zamazenta|32\/100\n|\n|-heal|p1b: Dondozo|94\/100|[from] item: Leftovers\n|upkeep\n|turn|3\n|\n|t:|1739462690\n|switch|p2a: Tornadus|Tornadus, L50, M|100\/100\n|move|p1b: Dondozo|Protect|p1b: Dondozo\n|-singleturn|p1b: Dondozo|Protect\n|move|p2b: Raging Bolt|Thunderbolt|p1b: Dondozo\n|-activate|p1b: Dondozo|move: Protect\n|\n|-heal|p1b: Dondozo|100\/100|[from] item: Leftovers\n|upkeep\n|turn|4\n|\n|t:|1739462703\n|-terastallize|p1b: Dondozo|Fairy\n|-terastallize|p2b: Raging Bolt|Fairy\n|move|p2a: Tornadus|Taunt|p1b: Dondozo\n|-start|p1b: Dondozo|move: Taunt\n|move|p1b: Dondozo|Order Up|p2b: Raging Bolt\n|-immune|p2b: Raging Bolt\n|move|p2b: Raging Bolt|Thunderbolt|p1b: Dondozo\n|-damage|p1b: Dondozo|74\/100\n|\n|-heal|p1b: Dondozo|80\/100|[from] item: Leftovers\n|upkeep\n|turn|5\n|\n|t:|1739462725\n|move|p1b: Dondozo|Order Up|p2a: Tornadus\n|-damage|p2a: Tornadus|63\/100\n|-boost|p1b: Dondozo|def|1\n|move|p2a: Tornadus|Bleakwind Storm|p1b: Dondozo|[spread] p1b\n|-miss|p2a: Tornadus|p1a: Tatsugiri\n|-damage|p1b: Dondozo|62\/100\n|-unboost|p1b: Dondozo|spe|1\n|move|p2b: Raging Bolt|Thunderbolt|p1b: Dondozo\n|-damage|p1b: Dondozo|38\/100\n|\n|-heal|p1b: Dondozo|44\/100|[from] item: Leftovers\n|upkeep\n|turn|6\n|inactive|satelite99 has 30 seconds left.\n|inactive|satelite99 has 20 seconds left.\n|\n|t:|1739462761\n|move|p2a: Tornadus|Rain Dance|p2a: Tornadus\n|-weather|RainDance\n|move|p1b: Dondozo|Body Press|p2a: Tornadus\n|-resisted|p2a: Tornadus\n|-damage|p2a: Tornadus|29\/100\n|-damage|p1b: Dondozo|28\/100|[from] item: Rocky Helmet|[of] p2a: Tornadus\n|move|p2b: Raging Bolt|Thunderbolt|p1b: Dondozo\n|-damage|p1b: Dondozo|2\/100\n|\n|-weather|RainDance|[upkeep]\n|-heal|p1b: Dondozo|8\/100|[from] item: Leftovers\n|-end|p1b: Dondozo|move: Taunt\n|upkeep\n|turn|7\n|\n|t:|1739462777\n|move|p2a: Tornadus|Tailwind|p2a: Tornadus\n|-sidestart|p2: satelite99|move: Tailwind\n|move|p2b: Raging Bolt|Thunderbolt|p1b: Dondozo\n|-damage|p1b: Dondozo|0 fnt\n|faint|p1b: Dondozo\n|\n|-weather|RainDance|[upkeep]\n|upkeep\n|\n|t:|1739462787\n|switch|p1b: Smeargle|Smeargle, L50, F, shiny|100\/100\n|turn|8\n|\n|t:|1739462802\n|move|p1b: Smeargle|Fake Out|p2b: Raging Bolt\n|-damage|p2b: Raging Bolt|96\/100\n|move|p2a: Tornadus|Bleakwind Storm|p1b: Smeargle|[spread] p1a,p1b\n|-damage|p1a: Tatsugiri|54\/100\n|-damage|p1b: Smeargle|16\/100\n|move|p1a: Tatsugiri|Muddy Water|p2b: Raging Bolt|[spread] p2a,p2b\n|-damage|p2a: Tornadus|0 fnt\n|-damage|p2b: Raging Bolt|67\/100\n|faint|p2a: Tornadus\n|cant|p2b: Raging Bolt|flinch\n|\n|-weather|RainDance|[upkeep]\n|-ability|p1b: Smeargle|Moody|boost\n|-boost|p1b: Smeargle|atk|2\n|-unboost|p1b: Smeargle|def|1\n|upkeep\n|\n|t:|1739462814\n|switch|p2a: Urshifu|Urshifu-Rapid-Strike, L50, M|100\/100\n|turn|9\n|\n|t:|1739462831\n|move|p1b: Smeargle|Follow Me|p1b: Smeargle\n|-singleturn|p1b: Smeargle|move: Follow Me\n|move|p2b: Raging Bolt|Thunderclap||[still]\n|-fail|p2b: Raging Bolt\n|move|p2a: Urshifu|Surging Strikes|p1b: Smeargle\n|-crit|p1b: Smeargle\n|-damage|p1b: Smeargle|0 fnt\n|faint|p1b: Smeargle\n|-hitcount|p1: Smeargle|1\n|move|p1a: Tatsugiri|Muddy Water|p2b: Raging Bolt|[spread] p2a,p2b\n|-resisted|p2a: Urshifu\n|-damage|p2a: Urshifu|60\/100\n|-damage|p2b: Raging Bolt|35\/100\n|-unboost|p2a: Urshifu|accuracy|1\n|\n|-weather|RainDance|[upkeep]\n|upkeep\n|\n|t:|1739462844\n|switch|p1b: Terapagos|Terapagos-Terastal, L50, M|100\/100\n|turn|10\n|inactive|KapuTetefu0719 has 30 seconds left.\n|\n|t:|1739462875\n|move|p2b: Raging Bolt|Thunderclap|p1a: Tatsugiri\n|-damage|p1a: Tatsugiri|3\/100\n|move|p2a: Urshifu|Surging Strikes|p1b: Terapagos\n|-activate|p1b: Terapagos|ability: Tera Shell\n|-resisted|p1b: Terapagos\n|-crit|p1b: Terapagos\n|-damage|p1b: Terapagos|86\/100\n|-resisted|p1b: Terapagos\n|-crit|p1b: Terapagos\n|-damage|p1b: Terapagos|72\/100\n|-resisted|p1b: Terapagos\n|-crit|p1b: Terapagos\n|-damage|p1b: Terapagos|59\/100\n|-hitcount|p1b: Terapagos|3\n|move|p1a: Tatsugiri|Muddy Water|p2a: Urshifu|[spread] p2b\n|-miss|p1a: Tatsugiri|p2a: Urshifu\n|-damage|p2b: Raging Bolt|6\/100\n|move|p1b: Terapagos|Meteor Beam||[still]\n|-prepare|p1b: Terapagos|Meteor Beam\n|-boost|p1b: Terapagos|spa|1\n|-enditem|p1b: Terapagos|Power Herb\n|-anim|p1b: Terapagos|Meteor Beam|p2b: Raging Bolt\n|-crit|p2b: Raging Bolt\n|-damage|p2b: Raging Bolt|0 fnt\n|faint|p2b: Raging Bolt\n|-end|p2b: Raging Bolt|Protosynthesis|[silent]\n|\n|-weather|none\n|-sideend|p2: satelite99|move: Tailwind\n|upkeep\n|\n|t:|1739462894\n|switch|p2b: Zamazenta|Zamazenta-Crowned, L50|32\/100\n|turn|11\n|\n|t:|1739462908\n|move|p2a: Urshifu|Surging Strikes|p1a: Tatsugiri\n|-resisted|p1a: Tatsugiri\n|-crit|p1a: Tatsugiri\n|-damage|p1a: Tatsugiri|0 fnt\n|faint|p1a: Tatsugiri\n|-hitcount|p1: Tatsugiri|1\n|move|p2b: Zamazenta|Body Press|p1b: Terapagos\n|-supereffective|p1b: Terapagos\n|-damage|p1b: Terapagos|0 fnt\n|faint|p1b: Terapagos\n|\n|win|satelite99\n|raw|KapuTetefu0719's rating: 1590 &rarr; <strong>1573<\/strong><br \/>(-17 for losing)\n|raw|satelite99's rating: 1638 &rarr; <strong>1655<\/strong><br \/>(+17 for winning)\n|l|\u2606KapuTetefu0719\n|player|p1|\n|l|\u2606satelite99\n|player|p2|\n|l| Method Tester 2\n","uploadtime":1739462921,"views":6,"formatid":"gen9vgc2025regg","rating":1573,"private":0,"password":null}