{"id":"gen9vgc2025regg-2300076672","format":"[Gen 9] VGC 2025 Reg G","players":["kfjtdhynd","Aires17"],"log":"|j|\u2606kfjtdhynd\n|j|\u2606Aires17\n|t:|1739462583\n|gametype|doubles\n|player|p1|kfjtdhynd|1|1582\n|player|p2|Aires17|265|1554\n|teamsize|p1|6\n|teamsize|p2|6\n|gen|9\n|tier|[Gen 9] VGC 2025 Reg G\n|rated|\n|rule|Species Clause: Limit one of each Pok\u00e9mon\n|rule|Item Clause: Limit 1 of each item\n|clearpoke\n|poke|p1|Groudon, L50|\n|poke|p1|Flutter Mane, L50|\n|poke|p1|Rillaboom, L50, F|\n|poke|p1|Amoonguss, L50, F|\n|poke|p1|Chien-Pao, L50|\n|poke|p1|Walking Wake, L50|\n|poke|p2|Calyrex-Shadow, L50|\n|poke|p2|Urshifu-*, L50, M|\n|poke|p2|Whimsicott, L50, M|\n|poke|p2|Ogerpon-Hearthflame, L50, F|\n|poke|p2|Landorus, L50, M|\n|poke|p2|Indeedee-F, L50, F|\n|teampreview|4\nAires17 rejected open team sheets.\n|c|\u2606kfjtdhynd|frame 1 rejection\n|inactive|Battle timer is ON: inactive players will automatically lose when time's up. (requested by Aires17)\n|c|\u2606Aires17|lol\n|c|\u2606Aires17|just forfeit then\n|\n|t:|1739462604\n|start\n|switch|p1a: Flutter Mane|Flutter Mane, L50|100\/100\n|switch|p1b: Groudon|Groudon, L50|100\/100\n|switch|p2a: Shepparoni|Whimsicott, L50, M|100\/100\n|switch|p2b: Pony|Ogerpon-Hearthflame, L50, F|100\/100\n|-ability|p2b: Pony|Mold Breaker\n|-weather|SunnyDay|[from] ability: Drought|[of] p1b: Groudon\n|-activate|p1a: Flutter Mane|ability: Protosynthesis\n|-start|p1a: Flutter Mane|protosynthesisspe\n|turn|1\n|j| xiaoliyun.official\n|\n|t:|1739462629\n|-end|p1a: Flutter Mane|Protosynthesis|[silent]\n|switch|p1a: Walking Wake|Walking Wake, L50|100\/100\n|-activate|p1a: Walking Wake|ability: Protosynthesis\n|-start|p1a: Walking Wake|protosynthesisspa\n|-terastallize|p2b: Pony|Fire\n|detailschange|p2b: Pony|Ogerpon-Hearthflame-Tera, L50, F, tera:Fire\n|-ability|p2b: Pony|Embody Aspect (Hearthflame)|boost\n|-boost|p2b: Pony|atk|1\n|move|p2a: Shepparoni|Tailwind|p2a: Shepparoni\n|-sidestart|p2: Aires17|move: Tailwind\n|move|p2b: Pony|Ivy Cudgel|p1b: Groudon|[anim] Ivy Cudgel Fire\n|-damage|p1b: Groudon|12\/100\n|move|p1b: Groudon|Precipice Blades|p2a: Shepparoni|[spread] p2a,p2b\n|-resisted|p2a: Shepparoni\n|-supereffective|p2b: Pony\n|-damage|p2a: Shepparoni|62\/100\n|-damage|p2b: Pony|25\/100\n|\n|-weather|SunnyDay|[upkeep]\n|upkeep\n|turn|2\n|inactive|kfjtdhynd has 30 seconds left.\n|inactive|Aires17 has 30 seconds left.\n|\n|t:|1739462657\n|move|p2a: Shepparoni|Moonblast|p1a: Walking Wake\n|-supereffective|p1a: Walking Wake\n|-damage|p1a: Walking Wake|17\/100\n|move|p2b: Pony|Horn Leech|p1a: Walking Wake\n|-damage|p1a: Walking Wake|0 fnt\n|-heal|p2b: Pony|33\/100|[from] drain|[of] p1a: Walking Wake\n|faint|p1a: Walking Wake\n|-end|p1a: Walking Wake|Protosynthesis|[silent]\n|move|p1b: Groudon|Precipice Blades|p2b: Pony|[spread] p2a,p2b\n|-resisted|p2a: Shepparoni\n|-supereffective|p2b: Pony\n|-damage|p2a: Shepparoni|28\/100\n|-damage|p2b: Pony|0 fnt\n|faint|p2b: Pony\n|\n|-weather|SunnyDay|[upkeep]\n|upkeep\n|\n|t:|1739462670\n|switch|p1a: Flutter Mane|Flutter Mane, L50|100\/100\n|switch|p2b: Horsee|Calyrex-Shadow, L50|100\/100\n|-ability|p2b: Horsee|As One\n|-ability|p2b: Horsee|Unnerve\n|-activate|p1a: Flutter Mane|ability: Protosynthesis\n|-start|p1a: Flutter Mane|protosynthesisspe\n|turn|3\n|\n|t:|1739462680\n|switch|p2a: Momma|Indeedee-F, L50, F|100\/100\n|-fieldstart|move: Psychic Terrain|[from] ability: Psychic Surge|[of] p2a: Momma\n|-enditem|p2b: Horsee|Psychic Seed\n|-boost|p2b: Horsee|spd|1|[from] item: Psychic Seed\n|-terastallize|p1a: Flutter Mane|Grass\n|move|p1b: Groudon|Protect|p1b: Groudon\n|-singleturn|p1b: Groudon|Protect\n|move|p2b: Horsee|Expanding Force|p1a: Flutter Mane|[spread] p1a\n|-activate|p1b: Groudon|move: Protect\n|-damage|p1a: Flutter Mane|50\/100\n|move|p1a: Flutter Mane|Thunder Wave|p2b: Horsee\n|-status|p2b: Horsee|par\n|\n|-weather|SunnyDay|[upkeep]\n|upkeep\n|turn|4\n|\n|t:|1739462700\n|switch|p1b: Rillaboom|Rillaboom, L50, F|100\/100\n|-fieldstart|move: Grassy Terrain|[from] ability: Grassy Surge|[of] p1b: Rillaboom\n|move|p2a: Momma|Follow Me|p2a: Momma\n|-singleturn|p2a: Momma|move: Follow Me\n|move|p1a: Flutter Mane|Moonblast|p2a: Momma\n|-damage|p2a: Momma|58\/100\n|move|p2b: Horsee|Expanding Force|p1a: Flutter Mane\n|-damage|p1a: Flutter Mane|9\/100\n|\n|-weather|SunnyDay|[upkeep]\n|-heal|p1a: Flutter Mane|15\/100|[from] Grassy Terrain\n|-heal|p2a: Momma|64\/100|[from] Grassy Terrain\n|-sideend|p2: Aires17|move: Tailwind\n|upkeep\n|turn|5\n|inactive|kfjtdhynd has 30 seconds left.\n|\n|t:|1739462732\n|switch|p2b: Shepparoni|Whimsicott, L50, M|28\/100\n|move|p1a: Flutter Mane|Protect|p1a: Flutter Mane\n|-singleturn|p1a: Flutter Mane|Protect\n|move|p2a: Momma|Follow Me|p2a: Momma\n|-singleturn|p2a: Momma|move: Follow Me\n|move|p1b: Rillaboom|U-turn|p2a: Momma\n|-supereffective|p2a: Momma\n|-damage|p2a: Momma|19\/100\n|-damage|p1b: Rillaboom|84\/100|[from] item: Rocky Helmet|[of] p2a: Momma\n|\n|t:|1739462734\n|switch|p1b: Groudon|Groudon, L50|12\/100|[from] U-turn\n|\n|-weather|none\n|-end|p1a: Flutter Mane|Protosynthesis\n|-heal|p1a: Flutter Mane|21\/100|[from] Grassy Terrain\n|-heal|p2b: Shepparoni|34\/100|[from] Grassy Terrain\n|-heal|p1b: Groudon|18\/100|[from] Grassy Terrain\n|-heal|p2a: Momma|25\/100|[from] Grassy Terrain\n|upkeep\n|turn|6\n|inactive|Aires17 has 30 seconds left.\n|inactive|Aires17 has 20 seconds left.\n|inactive|Aires17 has 15 seconds left.\n|\n|t:|1739462774\n|-end|p1a: Flutter Mane|Protosynthesis|[silent]\n|switch|p1a: Rillaboom|Rillaboom, L50, F|84\/100\n|move|p2b: Shepparoni|Encore||[still]\n|-fail|p2b: Shepparoni\n|move|p1b: Groudon|Precipice Blades|p2a: Momma|[spread] p2a,p2b\n|-resisted|p2b: Shepparoni\n|-damage|p2a: Momma|0 fnt\n|-damage|p2b: Shepparoni|0 fnt\n|faint|p2a: Momma\n|faint|p2b: Shepparoni\n|\n|-heal|p1a: Rillaboom|90\/100|[from] Grassy Terrain\n|-heal|p1b: Groudon|24\/100|[from] Grassy Terrain\n|upkeep\n|\n|t:|1739462786\n|switch|p2a: Horsee|Calyrex-Shadow, L50|100\/100 par\n|-ability|p2a: Horsee|As One\n|-ability|p2a: Horsee|Unnerve\n|turn|7\n|\n|t:|1739462793\n|move|p1a: Rillaboom|Grassy Glide|p2a: Horsee\n|-damage|p2a: Horsee|60\/100 par\n|move|p1b: Groudon|Heat Crash|p2a: Horsee\n|-damage|p2a: Horsee|11\/100 par\n|move|p2a: Horsee|Nasty Plot|p2a: Horsee\n|-boost|p2a: Horsee|spa|2\n|\n|-heal|p1a: Rillaboom|96\/100|[from] Grassy Terrain\n|-heal|p1b: Groudon|30\/100|[from] Grassy Terrain\n|-heal|p2a: Horsee|16\/100 par|[from] Grassy Terrain\n|upkeep\n|turn|8\n|c|\u2606kfjtdhynd|gg\n|c|\u2606Aires17|no pb misses was crucial\n|c|\u2606Aires17|gg\n|c|\u2606kfjtdhynd|lol\n|-message|Aires17 forfeited.\n|\n|win|kfjtdhynd\n|raw|kfjtdhynd's rating: 1582 &rarr; <strong>1600<\/strong><br \/>(+18 for winning)\n|raw|Aires17's rating: 1554 &rarr; <strong>1536<\/strong><br \/>(-18 for losing)\n|l|\u2606Aires17\n|player|p2|\n|l| xiaoliyun.official\n|l|\u2606kfjtdhynd\n|player|p1|\n","uploadtime":1739463077,"views":12,"formatid":"gen9vgc2025regg","rating":1536,"private":0,"password":null}