{"id":"gen9vgc2025regg-2300225669","format":"[Gen 9] VGC 2025 Reg G","players":["longhq","0l0f3rn3"],"log":"|j|\u203dlonghq\n|j|\u26060l0f3rn3\n|t:|1739476968\n|gametype|doubles\n|player|p1|longhq|dawn|1578\n|player|p2|0l0f3rn3|1|1540\n|teamsize|p1|6\n|teamsize|p2|6\n|gen|9\n|tier|[Gen 9] VGC 2025 Reg G\n|rated|\n|rule|Species Clause: Limit one of each Pok\u00e9mon\n|rule|Item Clause: Limit 1 of each item\n|clearpoke\n|poke|p1|Raging Bolt, L50|\n|poke|p1|Koraidon, L50|\n|poke|p1|Indeedee-F, L50, F|\n|poke|p1|Kingambit, L50, F|\n|poke|p1|Jumpluff, L50, F|\n|poke|p1|Iron Bundle, L50|\n|poke|p2|Whimsicott, L50, M|\n|poke|p2|Ogerpon-Cornerstone, L50, F|\n|poke|p2|Incineroar, L50, M|\n|poke|p2|Miraidon, L50|\n|poke|p2|Ursaluna-Bloodmoon, L50, M|\n|poke|p2|Farigiraf, L50, M|\n|teampreview|4\n|j| comfy n ez 2 wear\n|\n|t:|1739477039\n|start\n|switch|p1a: Jumpluff|Jumpluff, L50, F|100\/100\n|switch|p1b: Koraidon|Koraidon, L50|100\/100\n|switch|p2a: Whimsicott|Whimsicott, L50, M|100\/100\n|switch|p2b: Ogerpon|Ogerpon-Cornerstone, L50, F|100\/100\n|-weather|SunnyDay|[from] ability: Orichalcum Pulse|[of] p1b: Koraidon\n|-activate|p1b: Koraidon|Orichalcum Pulse|[source]\n|turn|1\n|\n|t:|1739477071\n|move|p1a: Jumpluff|Tailwind|p1a: Jumpluff\n|-sidestart|p1: longhq|move: Tailwind\n|move|p1b: Koraidon|U-turn|p2a: Whimsicott\n|-damage|p2a: Whimsicott|29\/100\n|\n|t:|1739477077\n|switch|p1b: Indeedee|Indeedee-F, L50, F|100\/100|[from] U-turn\n|-fieldstart|move: Psychic Terrain|[from] ability: Psychic Surge|[of] p1b: Indeedee\n|-enditem|p1b: Indeedee|Psychic Seed\n|-boost|p1b: Indeedee|spd|1|[from] item: Psychic Seed\n|move|p2a: Whimsicott|Moonblast|p1b: Indeedee\n|-damage|p1b: Indeedee|77\/100\n|move|p2b: Ogerpon|Ivy Cudgel|p1b: Indeedee|[anim] Ivy Cudgel Rock\n|-damage|p1b: Indeedee|16\/100\n|\n|-weather|SunnyDay|[upkeep]\n|upkeep\n|turn|2\n|\n|t:|1739477101\n|switch|p2b: Miraidon|Miraidon, L50|100\/100\n|-fieldstart|move: Electric Terrain|[from] ability: Hadron Engine|[of] p2b: Miraidon\n|move|p1b: Indeedee|Follow Me|p1b: Indeedee\n|-singleturn|p1b: Indeedee|move: Follow Me\n|move|p2a: Whimsicott|Encore|p1b: Indeedee\n|-start|p1b: Indeedee|Encore\n|move|p1a: Jumpluff|Pollen Puff|p2a: Whimsicott\n|-crit|p2a: Whimsicott\n|-damage|p2a: Whimsicott|0 fnt\n|faint|p2a: Whimsicott\n|\n|-weather|SunnyDay|[upkeep]\n|upkeep\n|\n|t:|1739477116\n|switch|p2a: Ogerpon|Ogerpon-Cornerstone, L50, F|100\/100\n|turn|3\n|\n|t:|1739477128\n|switch|p1a: Raging Bolt|Raging Bolt, L50|100\/100\n|-activate|p1a: Raging Bolt|ability: Protosynthesis\n|-start|p1a: Raging Bolt|protosynthesisspa\n|move|p1b: Indeedee|Follow Me|p1b: Indeedee\n|-singleturn|p1b: Indeedee|move: Follow Me\n|move|p2b: Miraidon|Volt Switch|p1b: Indeedee\n|-damage|p1b: Indeedee|0 fnt\n|faint|p1b: Indeedee\n|\n|t:|1739477138\n|switch|p2b: Ursaluna|Ursaluna-Bloodmoon, L50, M|100\/100|[from] Volt Switch\n|move|p2a: Ogerpon|Ivy Cudgel|p1a: Raging Bolt|[anim] Ivy Cudgel Rock\n|-crit|p1a: Raging Bolt\n|-damage|p1a: Raging Bolt|3\/100\n|\n|-weather|SunnyDay|[upkeep]\n|upkeep\n|\n|t:|1739477149\n|switch|p1b: Koraidon|Koraidon, L50|100\/100\n|-activate|p1b: Koraidon|ability: Orichalcum Pulse\n|turn|4\n|j| mr pogostick\n|\n|t:|1739477197\n|-end|p1a: Raging Bolt|Protosynthesis|[silent]\n|switch|p1a: Jumpluff|Jumpluff, L50, F|100\/100\n|-terastallize|p2b: Ursaluna|Normal\n|move|p2a: Ogerpon|Follow Me|p2a: Ogerpon\n|-singleturn|p2a: Ogerpon|move: Follow Me\n|move|p1b: Koraidon|Collision Course|p2a: Ogerpon\n|-supereffective|p2a: Ogerpon\n|-ability|p2a: Ogerpon|Sturdy\n|-damage|p2a: Ogerpon|1\/100\n|move|p2b: Ursaluna|Hyper Voice|p1b: Koraidon|[spread] p1a,p1b\n|-damage|p1a: Jumpluff|35\/100\n|-damage|p1b: Koraidon|39\/100\n|-damage|p2b: Ursaluna|91\/100|[from] item: Life Orb\n|\n|-weather|SunnyDay|[upkeep]\n|-sideend|p1: longhq|move: Tailwind\n|upkeep\n|turn|5\n|\n|t:|1739477230\n|move|p2a: Ogerpon|Follow Me|p2a: Ogerpon\n|-singleturn|p2a: Ogerpon|move: Follow Me\n|move|p1a: Jumpluff|Pollen Puff|p2a: Ogerpon\n|-supereffective|p2a: Ogerpon\n|-damage|p2a: Ogerpon|0 fnt\n|faint|p2a: Ogerpon\n|move|p1b: Koraidon|Collision Course|p2b: Ursaluna\n|-supereffective|p2b: Ursaluna\n|-damage|p2b: Ursaluna|0 fnt\n|faint|p2b: Ursaluna\n|\n|-weather|none\n|upkeep\n|\n|t:|1739477243\n|switch|p2b: Miraidon|Miraidon, L50|100\/100\n|-activate|p2b: Miraidon|ability: Hadron Engine\n|turn|6\n|\n|t:|1739477269\n|move|p1b: Koraidon|Collision Course|p2b: Miraidon\n|-damage|p2b: Miraidon|18\/100\n|move|p2b: Miraidon|Discharge|p1a: Jumpluff|[spread] p1a,p1b\n|-resisted|p1b: Koraidon\n|-damage|p1a: Jumpluff|0 fnt\n|-damage|p1b: Koraidon|0 fnt\n|faint|p1a: Jumpluff\n|faint|p1b: Koraidon\n|\n|-fieldend|move: Electric Terrain\n|upkeep\n|\n|t:|1739477275\n|switch|p1b: Raging Bolt|Raging Bolt, L50|3\/100\n|turn|7\n|\n|t:|1739477281\n|-terastallize|p1b: Raging Bolt|Electric\n|move|p1b: Raging Bolt|Thunderclap|p2b: Miraidon\n|-resisted|p2b: Miraidon\n|-damage|p2b: Miraidon|1\/100\n|-damage|p1b: Raging Bolt|0 fnt|[from] item: Life Orb\n|faint|p1b: Raging Bolt\n|-end|p1b: Raging Bolt|Protosynthesis|[silent]\n|\n|win|0l0f3rn3\n|raw|longhq's rating: 1578 &rarr; <strong>1556<\/strong><br \/>(-22 for losing)\n|raw|0l0f3rn3's rating: 1540 &rarr; <strong>1562<\/strong><br \/>(+22 for winning)\n|l| mr pogostick\n|l|\u203dlonghq\n|player|p1|\n|l| comfy n ez 2 wear\n|l|\u26060l0f3rn3\n|player|p2|\n","uploadtime":1739477423,"views":4,"formatid":"gen9vgc2025regg","rating":1556,"private":0,"password":null}