{"id":"gen9vgc2025regg-2300217307","format":"[Gen 9] VGC 2025 Reg G","players":["0l0f3rn3","xatseye"],"log":"|j|\u26060l0f3rn3\n|j|\u2606xatseye\n|t:|1739476144\n|gametype|doubles\n|player|p1|0l0f3rn3|1|1526\n|player|p2|xatseye|unknown|1596\n|teamsize|p1|6\n|teamsize|p2|6\n|gen|9\n|tier|[Gen 9] VGC 2025 Reg G\n|rated|\n|rule|Species Clause: Limit one of each Pok\u00e9mon\n|rule|Item Clause: Limit 1 of each item\n|clearpoke\n|poke|p1|Whimsicott, L50, M|\n|poke|p1|Ogerpon-Cornerstone, L50, F|\n|poke|p1|Incineroar, L50, M|\n|poke|p1|Miraidon, L50|\n|poke|p1|Ursaluna-Bloodmoon, L50, M|\n|poke|p1|Farigiraf, L50, F|\n|poke|p2|Calyrex-Shadow, L50|\n|poke|p2|Indeedee-F, L50, F|\n|poke|p2|Flutter Mane, L50|\n|poke|p2|Tornadus, L50, M|\n|poke|p2|Chi-Yu, L50|\n|poke|p2|Urshifu-*, L50, F|\n|teampreview|4\n|inactive|Battle timer is ON: inactive players will automatically lose when time's up. (requested by xatseye)\n|\n|t:|1739476163\n|start\n|switch|p1a: Whimsicott|Whimsicott, L50, M|100\/100\n|switch|p1b: Ursaluna|Ursaluna-Bloodmoon, L50, M|100\/100\n|switch|p2a: Calyrex|Calyrex-Shadow, L50|100\/100\n|switch|p2b: Indeedee|Indeedee-F, L50, F|100\/100\n|-ability|p2a: Calyrex|As One\n|-ability|p2a: Calyrex|Unnerve\n|-fieldstart|move: Psychic Terrain|[from] ability: Psychic Surge|[of] p2b: Indeedee\n|-enditem|p2b: Indeedee|Psychic Seed\n|-boost|p2b: Indeedee|spd|1|[from] item: Psychic Seed\n|turn|1\n|inactive|0l0f3rn3 has 30 seconds left.\n|inactive|0l0f3rn3 has 20 seconds left.\n|inactive|0l0f3rn3 has 15 seconds left.\n|\n|t:|1739476203\n|switch|p1b: Incineroar|Incineroar, L50, M|100\/100\n|-ability|p1b: Incineroar|Intimidate|boost\n|-unboost|p2a: Calyrex|atk|1\n|-unboost|p2b: Indeedee|atk|1\n|move|p1a: Whimsicott|Protect|p1a: Whimsicott\n|-singleturn|p1a: Whimsicott|Protect\n|move|p2a: Calyrex|Expanding Force|p1b: Incineroar|[spread] \n|-activate|p1a: Whimsicott|move: Protect\n|-immune|p1b: Incineroar\n|move|p2b: Indeedee|Psychic|p1b: Incineroar\n|-immune|p1b: Incineroar\n|\n|upkeep\n|turn|2\n|\n|t:|1739476225\n|switch|p1a: Miraidon|Miraidon, L50|100\/100\n|-fieldstart|move: Electric Terrain|[from] ability: Hadron Engine|[of] p1a: Miraidon\n|move|p2b: Indeedee|Follow Me|p2b: Indeedee\n|-singleturn|p2b: Indeedee|move: Follow Me\n|move|p2a: Calyrex|Expanding Force|p1a: Miraidon\n|-damage|p1a: Miraidon|44\/100\n|move|p1b: Incineroar|Knock Off|p2b: Indeedee\n|-supereffective|p2b: Indeedee\n|-damage|p2b: Indeedee|49\/100\n|\n|upkeep\n|turn|3\n|\n|t:|1739476244\n|switch|p1a: Ursaluna|Ursaluna-Bloodmoon, L50, M|100\/100\n|move|p2b: Indeedee|Follow Me|p2b: Indeedee\n|-singleturn|p2b: Indeedee|move: Follow Me\n|move|p2a: Calyrex|Expanding Force|p1a: Ursaluna\n|-damage|p1a: Ursaluna|3\/100\n|move|p1b: Incineroar|Flare Blitz|p2b: Indeedee\n|-damage|p2b: Indeedee|3\/100\n|-status|p2b: Indeedee|brn\n|-damage|p1b: Incineroar|87\/100|[from] Recoil\n|\n|-damage|p2b: Indeedee|0 fnt|[from] brn\n|faint|p2b: Indeedee\n|upkeep\n|\n|t:|1739476257\n|switch|p2b: Urshifu|Urshifu-Rapid-Strike, L50, F|100\/100\n|turn|4\n|\n|t:|1739476281\n|switch|p2a: Tornadus|Tornadus, L50, M|100\/100\n|-terastallize|p1b: Incineroar|Grass\n|move|p2b: Urshifu|Surging Strikes|p1b: Incineroar\n|-resisted|p1b: Incineroar\n|-crit|p1b: Incineroar\n|-damage|p1b: Incineroar|80\/100\n|-resisted|p1b: Incineroar\n|-crit|p1b: Incineroar\n|-damage|p1b: Incineroar|72\/100\n|-resisted|p1b: Incineroar\n|-crit|p1b: Incineroar\n|-damage|p1b: Incineroar|65\/100\n|-hitcount|p1b: Incineroar|3\n|move|p1a: Ursaluna|Hyper Voice|p2b: Urshifu|[spread] p2a,p2b\n|-damage|p2a: Tornadus|38\/100\n|-damage|p2b: Urshifu|33\/100\n|-damage|p1a: Ursaluna|0 fnt|[from] item: Life Orb\n|faint|p1a: Ursaluna\n|move|p1b: Incineroar|Knock Off|p2a: Tornadus\n|-damage|p2a: Tornadus|0 fnt\n|-enditem|p2a: Tornadus|Mental Herb|[from] move: Knock Off|[of] p1b: Incineroar\n|faint|p2a: Tornadus\n|\n|upkeep\n|\n|t:|1739476300\n|switch|p2a: Calyrex|Calyrex-Shadow, L50|100\/100\n|switch|p1a: Whimsicott|Whimsicott, L50, M|100\/100\n|-ability|p2a: Calyrex|As One\n|-ability|p2a: Calyrex|Unnerve\n|turn|5\n|\n|t:|1739476318\n|move|p1a: Whimsicott|Tailwind|p1a: Whimsicott\n|-sidestart|p1: 0l0f3rn3|move: Tailwind\n|move|p2b: Urshifu|Surging Strikes|p1b: Incineroar\n|-resisted|p1b: Incineroar\n|-crit|p1b: Incineroar\n|-damage|p1b: Incineroar|57\/100\n|-resisted|p1b: Incineroar\n|-crit|p1b: Incineroar\n|-damage|p1b: Incineroar|51\/100\n|-resisted|p1b: Incineroar\n|-crit|p1b: Incineroar\n|-damage|p1b: Incineroar|44\/100\n|-hitcount|p1b: Incineroar|3\n|move|p2a: Calyrex|Astral Barrage|p1a: Whimsicott|[spread] p1a,p1b\n|-enditem|p1a: Whimsicott|Focus Sash\n|-damage|p1a: Whimsicott|1\/100\n|-damage|p1b: Incineroar|0 fnt\n|faint|p1b: Incineroar\n|-ability|p2a: Calyrex|Grim Neigh|boost\n|-boost|p2a: Calyrex|spa|1\n|\n|upkeep\n|\n|t:|1739476334\n|switch|p1b: Miraidon|Miraidon, L50|44\/100\n|-activate|p1b: Miraidon|ability: Hadron Engine\n|turn|6\n|\n|t:|1739476342\n|move|p1a: Whimsicott|Moonblast|p2b: Urshifu\n|-supereffective|p2b: Urshifu\n|-damage|p2b: Urshifu|0 fnt\n|faint|p2b: Urshifu\n|move|p1b: Miraidon|Electro Drift|p2a: Calyrex\n|-damage|p2a: Calyrex|0 fnt\n|faint|p2a: Calyrex\n|\n|win|0l0f3rn3\n|raw|0l0f3rn3's rating: 1526 &rarr; <strong>1550<\/strong><br \/>(+24 for winning)\n|raw|xatseye's rating: 1596 &rarr; <strong>1572<\/strong><br \/>(-24 for losing)\n|l|\u2606xatseye\n|player|p2|\n|l|\u26060l0f3rn3\n|player|p1|\n","uploadtime":1739476607,"views":5,"formatid":"gen9vgc2025regg","rating":1550,"private":0,"password":null}