{"id":"gen9vgc2025regg-2300620669","format":"[Gen 9] VGC 2025 Reg G","players":["kojimuranishi","futonkagebunshin"],"log":"|j|\u2606kojimuranishi\n|j|\u2606futonkagebunshin\n|t:|1739534472\n|gametype|doubles\n|player|p1|kojimuranishi|2|1701\n|player|p2|futonkagebunshin|policeman-gen4|1609\n|teamsize|p1|6\n|teamsize|p2|6\n|gen|9\n|tier|[Gen 9] VGC 2025 Reg G\n|rated|\n|rule|Species Clause: Limit one of each Pok\u00e9mon\n|rule|Item Clause: Limit 1 of each item\n|clearpoke\n|poke|p1|Whimsicott, L50, F|\n|poke|p1|Calyrex-Ice, L50|\n|poke|p1|Urshifu-*, L50, M|\n|poke|p1|Chi-Yu, L50|\n|poke|p1|Raging Bolt, L50|\n|poke|p1|Landorus, L50, M|\n|poke|p2|Solgaleo, L50|\n|poke|p2|Raging Bolt, L50|\n|poke|p2|Mimikyu, L50, M|\n|poke|p2|Ting-Lu, L50|\n|poke|p2|Tsareena, L50, F|\n|poke|p2|Ditto, L50|\n|teampreview|4\n|inactive|Battle timer is ON: inactive players will automatically lose when time's up. (requested by kojimuranishi)\n|inactive|futonkagebunshin has 60 seconds left.\n|\n|t:|1739534539\n|start\n|switch|p1a: Whimsicott|Whimsicott, L50, F|100\/100\n|switch|p1b: Landorus|Landorus, L50, M|100\/100\n|switch|p2a: Solgaleo|Solgaleo, L50|100\/100\n|switch|p2b: Mimikyu|Mimikyu, L50, M|100\/100\n|turn|1\n|inactive|futonkagebunshin has 30 seconds left.\n|inactive|futonkagebunshin has 20 seconds left.\n|inactive|futonkagebunshin has 15 seconds left.\n|inactive|futonkagebunshin has 10 seconds left.\n|inactive|futonkagebunshin has 5 seconds left.\n|\n|t:|1739534591\n|-terastallize|p2a: Solgaleo|Dragon\n|move|p1a: Whimsicott|Moonblast|p2b: Mimikyu\n|-activate|p2b: Mimikyu|ability: Disguise\n|-damage|p2b: Mimikyu|100\/100\n|-unboost|p2b: Mimikyu|spa|1\n|detailschange|p2b: Mimikyu|Mimikyu-Busted, L50, M\n|-damage|p2b: Mimikyu|88\/100|[from] pokemon: Mimikyu-Busted\n|move|p1b: Landorus|Sandsear Storm|p2a: Solgaleo|[spread] p2a,p2b\n|-damage|p2a: Solgaleo|41\/100\n|-damage|p2b: Mimikyu|30\/100\n|move|p2a: Solgaleo|Sunsteel Strike|p1a: Whimsicott\n|-supereffective|p1a: Whimsicott\n|-enditem|p1a: Whimsicott|Focus Sash\n|-damage|p1a: Whimsicott|1\/100\n|move|p2b: Mimikyu|Trick Room|p2b: Mimikyu\n|-fieldstart|move: Trick Room|[of] p2b: Mimikyu\n|\n|upkeep\n|turn|2\n|inactive|futonkagebunshin has 30 seconds left.\n|\n|t:|1739534626\n|move|p1a: Whimsicott|Encore|p2b: Mimikyu\n|-start|p2b: Mimikyu|Encore\n|-enditem|p2b: Mimikyu|Mental Herb\n|-end|p2b: Mimikyu|Encore\n|move|p2b: Mimikyu|Play Rough|p1b: Landorus\n|-damage|p1b: Landorus|67\/100\n|-unboost|p1b: Landorus|atk|1\n|move|p2a: Solgaleo|Sunsteel Strike|p1b: Landorus\n|-damage|p1b: Landorus|0 fnt\n|faint|p1b: Landorus\n|\n|upkeep\n|l|\u2606kojimuranishi\n|inactive|kojimuranishi disconnected and has a minute to reconnect!\n|player|p1|\n|j|\u2606kojimuranishi\n|inactive|kojimuranishi reconnected and has 35 seconds left.\n|player|p1|kojimuranishi|2|\n|\n|t:|1739534650\n|switch|p1b: Chi-Yu|Chi-Yu, L50|100\/100\n|-ability|p1b: Chi-Yu|Beads of Ruin\n|turn|3\n|\n|t:|1739534665\n|move|p2b: Mimikyu|Shadow Sneak|p1a: Whimsicott\n|-damage|p1a: Whimsicott|0 fnt\n|faint|p1a: Whimsicott\n|move|p2a: Solgaleo|Close Combat|p1b: Chi-Yu\n|-supereffective|p1b: Chi-Yu\n|-damage|p1b: Chi-Yu|0 fnt\n|-unboost|p2a: Solgaleo|def|1\n|-unboost|p2a: Solgaleo|spd|1\n|faint|p1b: Chi-Yu\n|\n|upkeep\n|\n|t:|1739534675\n|switch|p1b: Calyrex|Calyrex-Ice, L50|100\/100\n|-ability|p1b: Calyrex|As One\n|-ability|p1b: Calyrex|Unnerve\n|turn|4\n|\n|t:|1739534688\n|move|p2a: Solgaleo|Wide Guard|p2a: Solgaleo\n|-singleturn|p2a: Solgaleo|Wide Guard\n|move|p1b: Calyrex|Glacial Lance|p2a: Solgaleo|[spread] \n|-activate|p2a: Solgaleo|move: Wide Guard\n|-activate|p2b: Mimikyu|move: Wide Guard\n|move|p2b: Mimikyu|Trick Room|p2b: Mimikyu\n|-fieldend|move: Trick Room\n|\n|upkeep\n|turn|5\n|inactive|futonkagebunshin has 30 seconds left.\n|inactive|futonkagebunshin has 20 seconds left.\n|inactive|futonkagebunshin has 15 seconds left.\n|\n|t:|1739534729\n|switch|p2a: Ting-Lu|Ting-Lu, L50|100\/100\n|-ability|p2a: Ting-Lu|Vessel of Ruin\n|move|p2b: Mimikyu|Play Rough|p1b: Calyrex\n|-damage|p1b: Calyrex|78\/100\n|move|p1b: Calyrex|Glacial Lance|p2a: Ting-Lu|[spread] p2a,p2b\n|-supereffective|p2a: Ting-Lu\n|-damage|p2a: Ting-Lu|13\/100\n|-damage|p2b: Mimikyu|0 fnt\n|faint|p2b: Mimikyu\n|-ability|p1b: Calyrex|Chilling Neigh|boost\n|-boost|p1b: Calyrex|atk|1\n|\n|upkeep\n|\n|t:|1739534740\n|switch|p2b: Solgaleo|Solgaleo, L50, tera:Dragon|41\/100\n|turn|6\n|\n|t:|1739534754\n|-terastallize|p1b: Calyrex|Ice\n|move|p2b: Solgaleo|Sunsteel Strike|p1b: Calyrex\n|-supereffective|p1b: Calyrex\n|-damage|p1b: Calyrex|0 fnt\n|faint|p1b: Calyrex\n|\n|win|futonkagebunshin\n|raw|kojimuranishi's rating: 1701 &rarr; <strong>1676<\/strong><br \/>(-25 for losing)\n|raw|futonkagebunshin's rating: 1609 &rarr; <strong>1634<\/strong><br \/>(+25 for winning)\n|l|\u2606kojimuranishi\n|player|p1|\n","uploadtime":1739534923,"views":27,"formatid":"gen9vgc2025regg","rating":1634,"private":0,"password":null}