{"id":"gen9vgc2025regg-2300921918","format":"[Gen 9] VGC 2025 Reg G","players":["foguo","doubledelight"],"log":"|j|\u203dfoguo\n|j|\u2606doubledelight\n|t:|1739568624\n|gametype|doubles\n|player|p1|foguo|barry|1601\n|player|p2|doubledelight|102|1746\n|teamsize|p1|6\n|teamsize|p2|6\n|gen|9\n|tier|[Gen 9] VGC 2025 Reg G\n|rated|\n|rule|Species Clause: Limit one of each Pok\u00e9mon\n|rule|Item Clause: Limit 1 of each item\n|clearpoke\n|poke|p1|Calyrex-Ice, L50|\n|poke|p1|Raging Bolt, L50|\n|poke|p1|Ogerpon-Hearthflame, L50, F|\n|poke|p1|Urshifu-*, L50, M|\n|poke|p1|Flutter Mane, L50|\n|poke|p1|Landorus, L50, M|\n|poke|p2|Urshifu-*, L50, M|\n|poke|p2|Flutter Mane, L50|\n|poke|p2|Terapagos, L50, M|\n|poke|p2|Landorus, L50, M|\n|poke|p2|Whimsicott, L50, M|\n|poke|p2|Incineroar, L50, M|\n|teampreview|4\n|inactive|Battle timer is ON: inactive players will automatically lose when time's up. (requested by doubledelight)\n|inactive|doubledelight has 60 seconds left.\n|inactive|doubledelight has 30 seconds left.\n|\n|t:|1739568705\n|start\n|switch|p1a: Landorus|Landorus, L50, M|100\/100\n|switch|p1b: Flutter Mane|Flutter Mane, L50|100\/100\n|switch|p2a: Flutter Mane|Flutter Mane, L50|100\/100\n|switch|p2b: Incineroar|Incineroar, L50, M|100\/100\n|-ability|p2b: Incineroar|Intimidate|boost\n|-unboost|p1a: Landorus|atk|1\n|-unboost|p1b: Flutter Mane|atk|1\n|-enditem|p2a: Flutter Mane|Booster Energy\n|-activate|p2a: Flutter Mane|ability: Protosynthesis|[fromitem]\n|-start|p2a: Flutter Mane|protosynthesisspe\n|-enditem|p1b: Flutter Mane|Booster Energy\n|-activate|p1b: Flutter Mane|ability: Protosynthesis|[fromitem]\n|-start|p1b: Flutter Mane|protosynthesisspe\n|turn|1\n|inactive|doubledelight has 30 seconds left.\n|\n|t:|1739568735\n|move|p1b: Flutter Mane|Protect|p1b: Flutter Mane\n|-singleturn|p1b: Flutter Mane|Protect\n|move|p1a: Landorus|Protect|p1a: Landorus\n|-singleturn|p1a: Landorus|Protect\n|move|p2b: Incineroar|Fake Out|p1a: Landorus\n|-activate|p1a: Landorus|move: Protect\n|move|p2a: Flutter Mane|Icy Wind|p1a: Landorus|[spread] \n|-activate|p1a: Landorus|move: Protect\n|-activate|p1b: Flutter Mane|move: Protect\n|\n|upkeep\n|turn|2\n|inactive|doubledelight has 30 seconds left.\n|inactive|doubledelight has 20 seconds left.\n|inactive|doubledelight has 15 seconds left.\n|\n|t:|1739568776\n|-terastallize|p2b: Incineroar|Ghost\n|move|p2a: Flutter Mane|Icy Wind|p1b: Flutter Mane|[spread] p1a\n|-miss|p2a: Flutter Mane|p1b: Flutter Mane\n|-supereffective|p1a: Landorus\n|-damage|p1a: Landorus|43\/100\n|-unboost|p1a: Landorus|spe|1\n|move|p1b: Flutter Mane|Icy Wind|p2a: Flutter Mane|[spread] p2a,p2b\n|-damage|p2a: Flutter Mane|88\/100\n|-damage|p2b: Incineroar|89\/100\n|-unboost|p2a: Flutter Mane|spe|1\n|-unboost|p2b: Incineroar|spe|1\n|move|p1a: Landorus|Earth Power|p2b: Incineroar\n|-damage|p2b: Incineroar|28\/100\n|move|p2b: Incineroar|Parting Shot|p1b: Flutter Mane\n|-unboost|p1b: Flutter Mane|atk|1\n|-unboost|p1b: Flutter Mane|spa|1\n|\n|t:|1739568797\n|switch|p2b: Urshifu|Urshifu-Rapid-Strike, L50, M|100\/100|[from] Parting Shot\n|\n|upkeep\n|turn|3\n|\n|t:|1739568809\n|move|p1b: Flutter Mane|Dazzling Gleam|p2b: Urshifu|[spread] p2a,p2b\n|-supereffective|p2b: Urshifu\n|-damage|p2a: Flutter Mane|71\/100\n|-damage|p2b: Urshifu|41\/100\n|move|p2a: Flutter Mane|Icy Wind|p1a: Landorus|[spread] p1a,p1b\n|-supereffective|p1a: Landorus\n|-damage|p1a: Landorus|0 fnt\n|-damage|p1b: Flutter Mane|90\/100\n|-unboost|p1b: Flutter Mane|spe|1\n|faint|p1a: Landorus\n|move|p2b: Urshifu|Surging Strikes|p1b: Flutter Mane\n|-crit|p1b: Flutter Mane\n|-damage|p1b: Flutter Mane|45\/100\n|-crit|p1b: Flutter Mane\n|-damage|p1b: Flutter Mane|1\/100\n|-crit|p1b: Flutter Mane\n|-damage|p1b: Flutter Mane|0 fnt\n|faint|p1b: Flutter Mane\n|-end|p1b: Flutter Mane|Protosynthesis|[silent]\n|-hitcount|p1: Flutter Mane|3\n|\n|upkeep\n|\n|t:|1739568826\n|switch|p1b: Urshifu|Urshifu-Rapid-Strike, L50, M|100\/100\n|switch|p1a: Calyrex|Calyrex-Ice, L50|100\/100\n|-ability|p1a: Calyrex|As One\n|-ability|p1a: Calyrex|Unnerve\n|turn|4\n|inactive|doubledelight has 30 seconds left.\n|inactive|foguo has 30 seconds left.\n|inactive|doubledelight has 20 seconds left.\n|inactive|doubledelight has 15 seconds left.\n|inactive|doubledelight has 10 seconds left.\n|inactive|doubledelight has 5 seconds left.\n|\n|t:|1739568876\n|-terastallize|p1a: Calyrex|Water\n|move|p1b: Urshifu|Detect|p1b: Urshifu\n|-singleturn|p1b: Urshifu|Protect\n|move|p2a: Flutter Mane|Moonblast|p1b: Urshifu\n|-activate|p1b: Urshifu|move: Protect\n|move|p2b: Urshifu|Surging Strikes|p1b: Urshifu\n|-resisted|p1b: Urshifu\n|-crit|p1b: Urshifu\n|-damage|p1b: Urshifu|90\/100\n|-resisted|p1b: Urshifu\n|-crit|p1b: Urshifu\n|-damage|p1b: Urshifu|79\/100\n|-resisted|p1b: Urshifu\n|-crit|p1b: Urshifu\n|-damage|p1b: Urshifu|68\/100\n|-hitcount|p1b: Urshifu|3\n|move|p1a: Calyrex|Trick Room|p1a: Calyrex\n|-fieldstart|move: Trick Room|[of] p1a: Calyrex\n|\n|upkeep\n|turn|5\n|inactive|doubledelight has 30 seconds left.\n|inactive|foguo has 30 seconds left.\n|inactive|doubledelight has 20 seconds left.\n|inactive|doubledelight has 15 seconds left.\n|inactive|doubledelight has 10 seconds left.\n|inactive|doubledelight has 5 seconds left.\n|\n|t:|1739568927\n|move|p1a: Calyrex|Glacial Lance|p2a: Flutter Mane|[spread] p2a,p2b\n|-resisted|p2b: Urshifu\n|-damage|p2a: Flutter Mane|0 fnt\n|-damage|p2b: Urshifu|15\/100\n|faint|p2a: Flutter Mane\n|-end|p2a: Flutter Mane|Protosynthesis|[silent]\n|-ability|p1a: Calyrex|Chilling Neigh|boost\n|-boost|p1a: Calyrex|atk|1\n|move|p1b: Urshifu|Surging Strikes|p2b: Urshifu\n|-resisted|p2b: Urshifu\n|-crit|p2b: Urshifu\n|-damage|p2b: Urshifu|4\/100\n|-resisted|p2b: Urshifu\n|-crit|p2b: Urshifu\n|-damage|p2b: Urshifu|0 fnt\n|faint|p2b: Urshifu\n|-hitcount|p2: Urshifu|2\n|\n|upkeep\n|\n|t:|1739568936\n|switch|p2b: Incineroar|Incineroar, L50, M, tera:Ghost|28\/100\n|switch|p2a: Terapagos|Terapagos, L50, M|100\/100\n|-activate|p2a: Terapagos|ability: Tera Shift\n|detailschange|p2a: Terapagos|Terapagos-Terastal, L50, M\n|-heal|p2a: Terapagos|100\/100|[silent]\n|-ability|p2b: Incineroar|Intimidate|boost\n|-fail|p1a: Calyrex|unboost|[from] item: Clear Amulet|[of] p1a: Calyrex\n|-unboost|p1b: Urshifu|atk|1\n|turn|6\n|\n|t:|1739568950\n|move|p1a: Calyrex|Protect|p1a: Calyrex\n|-singleturn|p1a: Calyrex|Protect\n|move|p1b: Urshifu|Detect|p1b: Urshifu\n|-singleturn|p1b: Urshifu|Protect\n|move|p2b: Incineroar|Fake Out|p1a: Calyrex\n|-activate|p1a: Calyrex|move: Protect\n|move|p2a: Terapagos|Tera Starstorm|p1b: Urshifu\n|-activate|p1b: Urshifu|move: Protect\n|\n|upkeep\n|turn|7\n|\n|t:|1739568966\n|move|p1a: Calyrex|Glacial Lance|p2a: Terapagos|[spread] p2a,p2b\n|-activate|p2a: Terapagos|ability: Tera Shell\n|-resisted|p2a: Terapagos\n|-damage|p2a: Terapagos|60\/100\n|-damage|p2b: Incineroar|0 fnt\n|faint|p2b: Incineroar\n|-ability|p1a: Calyrex|Chilling Neigh|boost\n|-boost|p1a: Calyrex|atk|1\n|move|p1b: Urshifu|Close Combat|p2a: Terapagos\n|-supereffective|p2a: Terapagos\n|-damage|p2a: Terapagos|0 fnt\n|-unboost|p1b: Urshifu|def|1\n|-unboost|p1b: Urshifu|spd|1\n|faint|p2a: Terapagos\n|\n|win|foguo\n|raw|foguo's rating: 1601 &rarr; <strong>1629<\/strong><br \/>(+28 for winning)\n|raw|doubledelight's rating: 1746 &rarr; <strong>1718<\/strong><br \/>(-28 for losing)\n|l|\u2606doubledelight\n|player|p2|\n|l|\u203dfoguo\n|player|p1|\n|j|\u203dfoguo\n|player|p1|foguo|barry|\n|n|\u203dfoguo|foguo\n|l|\u203dfoguo\n|player|p1|\n|j|\u203dfoguo\n|player|p1|foguo|barry|\n|n|\u203dfoguo|foguo\n|l|\u203dfoguo\n|player|p1|\n","uploadtime":1739569137,"views":11,"formatid":"gen9vgc2025regg","rating":1629,"private":0,"password":null}