{"id":"gen9vgc2025regg-2300449816","format":"[Gen 9] VGC 2025 Reg G","players":["take me back to","ggttmmhh"],"log":"|j|\u2606take me back to\n|j|\u2606ggttmmhh\n|t:|1739504038\n|gametype|doubles\n|player|p1|take me back to|169|1580\n|player|p2|ggttmmhh|brycenman|1715\n|teamsize|p1|6\n|teamsize|p2|6\n|gen|9\n|tier|[Gen 9] VGC 2025 Reg G\n|rated|\n|rule|Species Clause: Limit one of each Pok\u00e9mon\n|rule|Item Clause: Limit 1 of each item\n|clearpoke\n|poke|p1|Calyrex-Shadow, L50|\n|poke|p1|Chien-Pao, L50|\n|poke|p1|Incineroar, L50, M|\n|poke|p1|Urshifu-*, L50, M|\n|poke|p1|Rillaboom, L50, F|\n|poke|p1|Amoonguss, L50, F|\n|poke|p2|Terapagos, L50, M|\n|poke|p2|Regidrago, L50|\n|poke|p2|Ogerpon-Hearthflame, L50, F|\n|poke|p2|Urshifu-*, L50, F|\n|poke|p2|Indeedee-F, L50, F|\n|poke|p2|Whimsicott, L50, M|\n|teampreview|4\n|inactive|Battle timer is ON: inactive players will automatically lose when time's up. (requested by take me back to)\n|\n|t:|1739504105\n|start\n|switch|p1a: Chien-Pao|Chien-Pao, L50|100\/100\n|switch|p1b: Amoonguss|Amoonguss, L50, F|100\/100\n|switch|p2a: Whimsicott|Whimsicott, L50, M|100\/100\n|switch|p2b: Regidrago|Regidrago, L50|100\/100\n|-ability|p1a: Chien-Pao|Sword of Ruin\n|turn|1\n|\n|t:|1739504127\n|-terastallize|p1b: Amoonguss|Fairy\n|move|p2b: Regidrago|Protect|p2b: Regidrago\n|-singleturn|p2b: Regidrago|Protect\n|move|p1a: Chien-Pao|Ice Spinner|p2b: Regidrago\n|-activate|p2b: Regidrago|move: Protect\n|move|p2a: Whimsicott|Moonblast|p1a: Chien-Pao\n|-supereffective|p1a: Chien-Pao\n|-enditem|p1a: Chien-Pao|Focus Sash\n|-damage|p1a: Chien-Pao|1\/100\n|move|p1b: Amoonguss|Sludge Bomb|p2a: Whimsicott\n|-supereffective|p2a: Whimsicott\n|-enditem|p2a: Whimsicott|Focus Sash\n|-damage|p2a: Whimsicott|1\/100\n|\n|upkeep\n|turn|2\n|inactive|ggttmmhh has 30 seconds left.\n|inactive|ggttmmhh has 20 seconds left.\n|inactive|ggttmmhh has 15 seconds left.\n|inactive|ggttmmhh has 10 seconds left.\n|\n|t:|1739504176\n|switch|p2b: Ogerpon|Ogerpon-Hearthflame, L50, F|100\/100\n|-ability|p2b: Ogerpon|Mold Breaker\n|move|p2a: Whimsicott|Protect|p2a: Whimsicott\n|-singleturn|p2a: Whimsicott|Protect\n|move|p1a: Chien-Pao|Ice Spinner|p2b: Ogerpon\n|-damage|p2b: Ogerpon|49\/100\n|move|p1b: Amoonguss|Spore|p2b: Ogerpon\n|-immune|p2b: Ogerpon\n|\n|upkeep\n|turn|3\n|\n|t:|1739504196\n|move|p1a: Chien-Pao|Sucker Punch|p2b: Ogerpon\n|-damage|p2b: Ogerpon|0 fnt\n|faint|p2b: Ogerpon\n|move|p2a: Whimsicott|Tailwind|p2a: Whimsicott\n|-sidestart|p2: ggttmmhh|move: Tailwind\n|move|p1b: Amoonguss|Sludge Bomb|p2a: Whimsicott\n|-supereffective|p2a: Whimsicott\n|-damage|p2a: Whimsicott|0 fnt\n|faint|p2a: Whimsicott\n|\n|upkeep\n|\n|t:|1739504199\n|switch|p2a: Terapagos|Terapagos, L50, M|100\/100\n|switch|p2b: Regidrago|Regidrago, L50|100\/100\n|-activate|p2a: Terapagos|ability: Tera Shift\n|detailschange|p2a: Terapagos|Terapagos-Terastal, L50, M\n|-heal|p2a: Terapagos|100\/100|[silent]\n|turn|4\n|\n|t:|1739504218\n|-terastallize|p2a: Terapagos|Stellar\n|detailschange|p2a: Terapagos|Terapagos-Stellar, L50, M, tera:Stellar\n|-heal|p2a: Terapagos|100\/100|[silent]\n|move|p2b: Regidrago|Protect|p2b: Regidrago\n|-singleturn|p2b: Regidrago|Protect\n|move|p1a: Chien-Pao|Protect|p1a: Chien-Pao\n|-singleturn|p1a: Chien-Pao|Protect\n|move|p2a: Terapagos|Tera Starstorm|p1b: Amoonguss|[spread] p1b\n|-activate|p1a: Chien-Pao|move: Protect\n|-supereffective|p1b: Amoonguss\n|-damage|p1b: Amoonguss|11\/100\n|move|p1b: Amoonguss|Spore|p2a: Terapagos\n|-status|p2a: Terapagos|slp|[from] move: Spore\n|\n|upkeep\n|turn|5\n|j| Tormentador\n|\n|t:|1739504235\n|move|p1a: Chien-Pao|Sucker Punch|p2b: Regidrago\n|-damage|p2b: Regidrago|53\/100\n|cant|p2a: Terapagos|slp\n|move|p2b: Regidrago|Dragon Energy|p1a: Chien-Pao|[spread] p1a\n|-immune|p1b: Amoonguss\n|-damage|p1a: Chien-Pao|0 fnt\n|faint|p1a: Chien-Pao\n|-damage|p2b: Regidrago|44\/100|[from] item: Life Orb\n|move|p1b: Amoonguss|Sludge Bomb|p2b: Regidrago\n|-damage|p2b: Regidrago|12\/100\n|\n|upkeep\n|\n|t:|1739504242\n|switch|p1a: Calyrex|Calyrex-Shadow, L50|100\/100\n|-ability|p1a: Calyrex|As One\n|-ability|p1a: Calyrex|Unnerve\n|turn|6\n|\n|t:|1739504253\n|move|p1b: Amoonguss|Rage Powder|p1b: Amoonguss\n|-singleturn|p1b: Amoonguss|move: Rage Powder\n|-curestatus|p2a: Terapagos|slp|[msg]\n|move|p2a: Terapagos|Tera Starstorm|p1b: Amoonguss|[spread] p1a,p1b\n|-supereffective|p1b: Amoonguss\n|-damage|p1a: Calyrex|39\/100\n|-damage|p1b: Amoonguss|0 fnt\n|faint|p1b: Amoonguss\n|move|p2b: Regidrago|Draco Meteor|p1a: Calyrex|[miss]\n|-miss|p2b: Regidrago|p1a: Calyrex\n|move|p1a: Calyrex|Nasty Plot|p1a: Calyrex\n|-boost|p1a: Calyrex|spa|2\n|\n|-sideend|p2: ggttmmhh|move: Tailwind\n|upkeep\n|\n|t:|1739504259\n|switch|p1b: Incineroar|Incineroar, L50, M|100\/100\n|-ability|p1b: Incineroar|Intimidate|boost\n|-unboost|p2a: Terapagos|atk|1\n|-unboost|p2b: Regidrago|atk|1\n|turn|7\n|\n|t:|1739504273\n|move|p1b: Incineroar|Fake Out|p2a: Terapagos\n|-damage|p2a: Terapagos|93\/100\n|move|p1a: Calyrex|Astral Barrage|p2a: Terapagos|[spread] p2b\n|-immune|p2a: Terapagos\n|-damage|p2b: Regidrago|0 fnt\n|faint|p2b: Regidrago\n|-ability|p1a: Calyrex|Grim Neigh|boost\n|-boost|p1a: Calyrex|spa|1\n|-damage|p1a: Calyrex|29\/100|[from] item: Life Orb\n|cant|p2a: Terapagos|flinch\n|\n|upkeep\n|turn|8\n|j| cccue6tu\n|\n|t:|1739504278\n|move|p1a: Calyrex|Psyshock|p2a: Terapagos\n|-damage|p2a: Terapagos|0 fnt\n|faint|p2a: Terapagos\n|-damage|p1a: Calyrex|20\/100|[from] item: Life Orb\n|\n|win|take me back to\n|raw|take me back to's rating: 1580 &rarr; <strong>1607<\/strong><br \/>(+27 for winning)\n|raw|ggttmmhh's rating: 1715 &rarr; <strong>1688<\/strong><br \/>(-27 for losing)\n|l|\u2606ggttmmhh\n|player|p2|\n|l|\u2606take me back to\n|player|p1|\n|j|\u2606take me back to\n|player|p1|take me back to|169|\n","uploadtime":1739504429,"views":7,"formatid":"gen9vgc2025regg","rating":1607,"private":0,"password":null}