{"id":"gen9vgc2025regg-2300200586","format":"[Gen 9] VGC 2025 Reg G","players":["Mildly Displeased","rastapopolous"],"log":"|j|\u2606Mildly Displeased\n|j|\u2606rastapopolous\n|t:|1739474546\n|gametype|doubles\n|player|p1|Mildly Displeased|lillie|1543\n|player|p2|rastapopolous|gentleman-gen4|1599\n|teamsize|p1|6\n|teamsize|p2|6\n|gen|9\n|tier|[Gen 9] VGC 2025 Reg G\n|rated|\n|rule|Species Clause: Limit one of each Pok\u00e9mon\n|rule|Item Clause: Limit 1 of each item\n|clearpoke\n|poke|p1|Primarina, L50, M|\n|poke|p1|Talonflame, L50, F|\n|poke|p1|Zamazenta-*, L50|\n|poke|p1|Rillaboom, L50, F|\n|poke|p1|Chien-Pao, L50|\n|poke|p1|Entei, L50|\n|poke|p2|Hitmontop, L50, M|\n|poke|p2|Ho-Oh, L50|\n|poke|p2|Murkrow, L50, F|\n|poke|p2|Flutter Mane, L50|\n|poke|p2|Ogerpon-Wellspring, L50, F|\n|poke|p2|Urshifu-*, L50, F|\n|teampreview|4\n|inactive|Battle timer is ON: inactive players will automatically lose when time's up. (requested by Mildly Displeased)\n|\n|t:|1739474572\n|start\n|switch|p1a: Phoenix|Talonflame, L50, F, shiny|100\/100\n|switch|p1b: Best Mon|Primarina, L50, M, shiny|100\/100\n|switch|p2a: Murkrow|Murkrow, L50, F|100\/100\n|switch|p2b: Flutter Mane|Flutter Mane, L50|100\/100\n|turn|1\n|\n|t:|1739474592\n|move|p2a: Murkrow|Protect|p2a: Murkrow\n|-singleturn|p2a: Murkrow|Protect\n|move|p1a: Phoenix|Tailwind|p1a: Phoenix\n|-sidestart|p1: Mildly Displeased|move: Tailwind\n|move|p2b: Flutter Mane|Moonblast|p1b: Best Mon\n|-damage|p1b: Best Mon|52\/100\n|-unboost|p1b: Best Mon|spa|1\n|move|p1b: Best Mon|Hyper Voice|p2b: Flutter Mane|[spread] p2b\n|-activate|p2a: Murkrow|move: Protect\n|-damage|p2b: Flutter Mane|71\/100\n|-enditem|p1b: Best Mon|Throat Spray\n|-boost|p1b: Best Mon|spa|1|[from] item: Throat Spray\n|\n|upkeep\n|turn|2\n|\n|t:|1739474609\n|move|p2b: Flutter Mane|Protect|p2b: Flutter Mane\n|-singleturn|p2b: Flutter Mane|Protect\n|move|p1a: Phoenix|Brave Bird|p2b: Flutter Mane\n|-activate|p2b: Flutter Mane|move: Protect\n|move|p1b: Best Mon|Moonblast|p2a: Murkrow\n|-supereffective|p2a: Murkrow\n|-damage|p2a: Murkrow|0 fnt\n|faint|p2a: Murkrow\n|\n|upkeep\n|\n|t:|1739474620\n|switch|p2a: Ho-Oh|Ho-Oh, L50|100\/100\n|turn|3\n|\n|t:|1739474636\n|move|p1a: Phoenix|Brave Bird|p2b: Flutter Mane\n|-damage|p2b: Flutter Mane|0 fnt\n|faint|p2b: Flutter Mane\n|-end|p2b: Flutter Mane|Protosynthesis|[silent]\n|-damage|p1a: Phoenix|81\/100|[from] Recoil\n|move|p1b: Best Mon|Hyper Voice|p2a: Ho-Oh\n|-supereffective|p2a: Ho-Oh\n|-damage|p2a: Ho-Oh|43\/100\n|move|p2a: Ho-Oh|Brave Bird|p1b: Best Mon\n|-damage|p1b: Best Mon|0 fnt\n|faint|p1b: Best Mon\n|-damage|p2a: Ho-Oh|27\/100|[from] Recoil\n|\n|upkeep\n|\n|t:|1739474647\n|switch|p2b: Ogerpon|Ogerpon-Wellspring, L50, F|100\/100\n|switch|p1b: Weavile 2.0|Chien-Pao, L50|100\/100\n|-ability|p1b: Weavile 2.0|Sword of Ruin\n|turn|4\n|\n|t:|1739474660\n|-terastallize|p2b: Ogerpon|Water\n|detailschange|p2b: Ogerpon|Ogerpon-Wellspring-Tera, L50, F, tera:Water\n|-ability|p2b: Ogerpon|Embody Aspect (Wellspring)|boost\n|-boost|p2b: Ogerpon|spd|1\n|move|p2b: Ogerpon|Follow Me|p2b: Ogerpon\n|-singleturn|p2b: Ogerpon|move: Follow Me\n|move|p1b: Weavile 2.0|Icicle Crash|p2b: Ogerpon\n|-resisted|p2b: Ogerpon\n|-damage|p2b: Ogerpon|73\/100\n|move|p1a: Phoenix|Brave Bird|p2b: Ogerpon\n|-damage|p2b: Ogerpon|0 fnt\n|faint|p2b: Ogerpon\n|-damage|p1a: Phoenix|54\/100|[from] Recoil\n|move|p2a: Ho-Oh|Sacred Fire|p1b: Weavile 2.0|[miss]\n|-miss|p2a: Ho-Oh|p1b: Weavile 2.0\n|\n|-sideend|p1: Mildly Displeased|move: Tailwind\n|upkeep\n|turn|5\n|-message|rastapopolous forfeited.\n|\n|win|Mildly Displeased\n|raw|Mildly Displeased's rating: 1543 &rarr; <strong>1566<\/strong><br \/>(+23 for winning)\n|raw|rastapopolous's rating: 1599 &rarr; <strong>1576<\/strong><br \/>(-23 for losing)\n|l|\u2606rastapopolous\n|player|p2|\n|l|\u2606Mildly Displeased\n|player|p1|\n","uploadtime":1739474839,"views":5,"formatid":"gen9vgc2025regg","rating":1566,"private":0,"password":null}