{"id":"gen9vgc2025regg-2300421081","format":"[Gen 9] VGC 2025 Reg G","players":["aoiharada","5SeasBakery"],"log":"|j|\u2606aoiharada\n|j|\u26065SeasBakery\n|t:|1739500013\n|gametype|doubles\n|player|p1|aoiharada|170|1692\n|player|p2|5SeasBakery|2|1649\n|teamsize|p1|6\n|teamsize|p2|6\n|gen|9\n|tier|[Gen 9] VGC 2025 Reg G\n|rated|\n|rule|Species Clause: Limit one of each Pok\u00e9mon\n|rule|Item Clause: Limit 1 of each item\n|clearpoke\n|poke|p1|Weezing-Galar, L50, M|\n|poke|p1|Calyrex-Shadow, L50|\n|poke|p1|Dondozo, L50, F|\n|poke|p1|Tatsugiri, L50, F|\n|poke|p1|Incineroar, L50, M|\n|poke|p1|Roaring Moon, L50|\n|poke|p2|Calyrex-Ice, L50|\n|poke|p2|Pelipper, L50, M|\n|poke|p2|Amoonguss, L50, M|\n|poke|p2|Landorus, L50, M|\n|poke|p2|Thundurus, L50, M|\n|poke|p2|Urshifu-*, L50, F|\n|teampreview|4\n|\n|t:|1739500046\n|start\n|switch|p1a: Weezing|Weezing-Galar, L50, M|100\/100\n|switch|p1b: Calyrex|Calyrex-Shadow, L50|100\/100\n|switch|p2a: Calyrex|Calyrex-Ice, L50|100\/100\n|switch|p2b: Urshifu|Urshifu, L50, F|100\/100\n|-ability|p1a: Weezing|Neutralizing Gas\n|-ability|p1b: Calyrex|As One\n|-ability|p1b: Calyrex|Unnerve\n|-ability|p2a: Calyrex|As One\n|-ability|p2a: Calyrex|Unnerve\n|turn|1\n|\n|t:|1739500060\n|-terastallize|p2a: Calyrex|Grass\n|move|p1b: Calyrex|Astral Barrage|p2a: Calyrex|[spread] p2a,p2b\n|-resisted|p2b: Urshifu\n|-damage|p2a: Calyrex|48\/100\n|-damage|p2b: Urshifu|43\/100\n|move|p2b: Urshifu|Wicked Blow|p1b: Calyrex\n|-supereffective|p1b: Calyrex\n|-crit|p1b: Calyrex\n|-damage|p1b: Calyrex|0 fnt\n|faint|p1b: Calyrex\n|move|p1a: Weezing|Strange Steam|p2b: Urshifu\n|-supereffective|p2b: Urshifu\n|-damage|p2b: Urshifu|0 fnt\n|faint|p2b: Urshifu\n|move|p2a: Calyrex|Trick Room|p2a: Calyrex\n|-fieldstart|move: Trick Room|[of] p2a: Calyrex\n|\n|upkeep\n|\n|t:|1739500074\n|switch|p2b: Amoonguss|Amoonguss, L50, M|100\/100\n|switch|p1b: Dondozo|Dondozo, L50, F|100\/100\n|turn|2\n|\n|t:|1739500083\n|move|p2b: Amoonguss|Pollen Puff|p2a: Calyrex\n|-heal|p2a: Calyrex|98\/100\n|move|p2a: Calyrex|Glacial Lance|p1b: Dondozo|[spread] p1a,p1b\n|-resisted|p1b: Dondozo\n|-damage|p1a: Weezing|53\/100\n|-damage|p1b: Dondozo|83\/100\n|move|p1b: Dondozo|Substitute|p1b: Dondozo\n|-start|p1b: Dondozo|Substitute\n|-damage|p1b: Dondozo|58\/100\n|move|p1a: Weezing|Poison Gas|p2b: Amoonguss|[spread] p2a,p2b\n|-status|p2a: Calyrex|psn\n|-immune|p2b: Amoonguss\n|\n|-heal|p1b: Dondozo|64\/100|[from] item: Leftovers\n|-damage|p2a: Calyrex|86\/100 psn|[from] psn\n|upkeep\n|turn|3\n|\n|t:|1739500100\n|move|p1b: Dondozo|Protect|p1b: Dondozo\n|-singleturn|p1b: Dondozo|Protect\n|move|p2b: Amoonguss|Pollen Puff|p1a: Weezing\n|-resisted|p1a: Weezing\n|-damage|p1a: Weezing|49\/100\n|move|p2a: Calyrex|Glacial Lance|p1a: Weezing|[spread] p1a\n|-activate|p1b: Dondozo|move: Protect\n|-damage|p1a: Weezing|0 fnt\n|faint|p1a: Weezing\n|-end|p1a: Weezing|ability: Neutralizing Gas\n|-ability|p2a: Calyrex|Chilling Neigh|boost\n|-boost|p2a: Calyrex|atk|1\n|\n|-heal|p1b: Dondozo|70\/100|[from] item: Leftovers\n|-damage|p2a: Calyrex|73\/100 psn|[from] psn\n|upkeep\n|\n|t:|1739500106\n|switch|p1a: Tatsugiri|Tatsugiri, L50, F|100\/100\n|-activate|p1a: Tatsugiri|ability: Commander|[of] p1b: Dondozo\n|-boost|p1b: Dondozo|atk|2\n|-boost|p1b: Dondozo|spa|2\n|-boost|p1b: Dondozo|spe|2\n|-boost|p1b: Dondozo|def|2\n|-boost|p1b: Dondozo|spd|2\n|turn|4\n|\n|t:|1739500116\n|move|p2b: Amoonguss|Pollen Puff|p2a: Calyrex\n|-heal|p2a: Calyrex|100\/100 psn\n|move|p2a: Calyrex|Glacial Lance|p1b: Dondozo|[spread] p1b\n|-miss|p2a: Calyrex|p1a: Tatsugiri\n|-resisted|p1b: Dondozo\n|-activate|p1b: Dondozo|move: Substitute|[damage]\n|move|p1b: Dondozo|Earthquake|p2a: Calyrex|[spread] p2a,p2b\n|-miss|p1b: Dondozo|p1a: Tatsugiri\n|-resisted|p2a: Calyrex\n|-damage|p2a: Calyrex|88\/100 psn\n|-damage|p2b: Amoonguss|68\/100\n|\n|-heal|p1b: Dondozo|76\/100|[from] item: Leftovers\n|-damage|p2a: Calyrex|76\/100 psn|[from] psn\n|upkeep\n|turn|5\n|\n|t:|1739500156\n|move|p2b: Amoonguss|Pollen Puff|p2a: Calyrex\n|-heal|p2a: Calyrex|100\/100 psn\n|move|p2a: Calyrex|Glacial Lance|p1a: Tatsugiri|[spread] p1b\n|-miss|p2a: Calyrex|p1a: Tatsugiri\n|-resisted|p1b: Dondozo\n|-activate|p1b: Dondozo|move: Substitute|[damage]\n|move|p1b: Dondozo|Earthquake|p2a: Calyrex|[spread] p2a,p2b\n|-miss|p1b: Dondozo|p1a: Tatsugiri\n|-resisted|p2a: Calyrex\n|-damage|p2a: Calyrex|88\/100 psn\n|-damage|p2b: Amoonguss|37\/100\n|\n|-heal|p1b: Dondozo|83\/100|[from] item: Leftovers\n|-damage|p2a: Calyrex|76\/100 psn|[from] psn\n|-fieldend|move: Trick Room\n|upkeep\n|turn|6\n|inactive|Battle timer is ON: inactive players will automatically lose when time's up. (requested by 5SeasBakery)\n|\n|t:|1739500176\n|switch|p2b: Pelipper|Pelipper, L50, M|100\/100\n|-weather|RainDance|[from] ability: Drizzle|[of] p2b: Pelipper\n|move|p1b: Dondozo|Wave Crash|p2b: Pelipper\n|-resisted|p2b: Pelipper\n|-damage|p2b: Pelipper|21\/100\n|-damage|p1b: Dondozo|65\/100|[from] Recoil\n|move|p2a: Calyrex|Glacial Lance|p1a: Tatsugiri|[spread] p1b\n|-miss|p2a: Calyrex|p1a: Tatsugiri\n|-resisted|p1b: Dondozo\n|-end|p1b: Dondozo|Substitute\n|\n|-weather|RainDance|[upkeep]\n|-heal|p1b: Dondozo|72\/100|[from] item: Leftovers\n|-damage|p2a: Calyrex|64\/100 psn|[from] psn\n|upkeep\n|turn|7\n|\n|t:|1739500197\n|move|p1b: Dondozo|Substitute|p1b: Dondozo\n|-start|p1b: Dondozo|Substitute\n|-damage|p1b: Dondozo|47\/100\n|move|p2b: Pelipper|Hurricane|p1b: Dondozo\n|-end|p1b: Dondozo|Substitute\n|-damage|p2b: Pelipper|11\/100|[from] item: Life Orb\n|move|p2a: Calyrex|Trick Room|p2a: Calyrex\n|-fieldstart|move: Trick Room|[of] p2a: Calyrex\n|\n|-weather|RainDance|[upkeep]\n|-heal|p1b: Dondozo|53\/100|[from] item: Leftovers\n|-damage|p2a: Calyrex|52\/100 psn|[from] psn\n|upkeep\n|turn|8\n|\n|t:|1739500209\n|move|p1b: Dondozo|Protect|p1b: Dondozo\n|-singleturn|p1b: Dondozo|Protect\n|move|p2a: Calyrex|Glacial Lance|p1a: Tatsugiri|[spread] \n|-miss|p2a: Calyrex|p1a: Tatsugiri\n|-activate|p1b: Dondozo|move: Protect\n|move|p2b: Pelipper|Hurricane|p1b: Dondozo\n|-activate|p1b: Dondozo|move: Protect\n|\n|-weather|RainDance|[upkeep]\n|-heal|p1b: Dondozo|59\/100|[from] item: Leftovers\n|-damage|p2a: Calyrex|40\/100 psn|[from] psn\n|upkeep\n|turn|9\n|\n|t:|1739500227\n|switch|p2a: Amoonguss|Amoonguss, L50, M|71\/100\n|move|p2b: Pelipper|Hurricane|p1b: Dondozo\n|-damage|p1b: Dondozo|27\/100\n|-start|p1b: Dondozo|confusion\n|-damage|p2b: Pelipper|2\/100|[from] item: Life Orb\n|-activate|p1b: Dondozo|confusion\n|-damage|p1b: Dondozo|20\/100|[from] confusion\n|\n|-weather|RainDance|[upkeep]\n|-heal|p1b: Dondozo|26\/100|[from] item: Leftovers\n|upkeep\n|turn|10\n|\n|t:|1739500241\n|move|p2a: Amoonguss|Pollen Puff|p2b: Pelipper\n|-heal|p2b: Pelipper|51\/100\n|move|p2b: Pelipper|Hurricane|p1b: Dondozo\n|-damage|p1b: Dondozo|0 fnt\n|faint|p1b: Dondozo\n|-damage|p2b: Pelipper|42\/100|[from] item: Life Orb\n|\n|-weather|none\n|upkeep\n|turn|11\n|-message|aoiharada forfeited.\n|\n|win|5SeasBakery\n|raw|aoiharada's rating: 1692 &rarr; <strong>1670<\/strong><br \/>(-22 for losing)\n|raw|5SeasBakery's rating: 1649 &rarr; <strong>1671<\/strong><br \/>(+22 for winning)\n|l|\u2606aoiharada\n|player|p1|\n|l|\u26065SeasBakery\n|player|p2|\n","uploadtime":1739500468,"views":9,"formatid":"gen9vgc2025regg","rating":1670,"private":0,"password":null}