{"id":"gen9vgc2025regg-2300269986","format":"[Gen 9] VGC 2025 Reg G","players":["Jameson Murray","adamskorch"],"log":"|j|\u2606Jameson Murray\n|j|\u2606adamskorch\n|t:|1739481474\n|gametype|doubles\n|player|p1|Jameson Murray|elesa|1550\n|player|p2|adamskorch|265|1541\n|teamsize|p1|6\n|teamsize|p2|6\n|gen|9\n|tier|[Gen 9] VGC 2025 Reg G\n|rated|\n|rule|Species Clause: Limit one of each Pok\u00e9mon\n|rule|Item Clause: Limit 1 of each item\n|clearpoke\n|poke|p1|Groudon, L50|\n|poke|p1|Flutter Mane, L50|\n|poke|p1|Jumpluff, L50, M|\n|poke|p1|Mienshao, L50, F|\n|poke|p1|Raging Bolt, L50|\n|poke|p1|Gouging Fire, L50|\n|poke|p2|Calyrex-Shadow, L50|\n|poke|p2|Ogerpon-Hearthflame, L50, F|\n|poke|p2|Incineroar, L50, M|\n|poke|p2|Rillaboom, L50, F|\n|poke|p2|Amoonguss, L50, M|\n|poke|p2|Whimsicott, L50, M|\n|teampreview|4\n|inactive|Battle timer is ON: inactive players will automatically lose when time's up. (requested by adamskorch)\n|\n|t:|1739481502\n|start\n|switch|p1a: Raging Bolt|Raging Bolt, L50|100\/100\n|switch|p1b: Jumpluff|Jumpluff, L50, M, shiny|100\/100\n|switch|p2a: Whimsicott|Whimsicott, L50, M|100\/100\n|switch|p2b: Ogerpon|Ogerpon-Hearthflame, L50, F|100\/100\n|-ability|p2b: Ogerpon|Mold Breaker\n|turn|1\n|inactive|adamskorch has 30 seconds left.\n|inactive|adamskorch has 20 seconds left.\n|\n|t:|1739481541\n|switch|p1b: Gouging Fire|Gouging Fire, L50|100\/100\n|move|p2a: Whimsicott|Tailwind|p2a: Whimsicott\n|-sidestart|p2: adamskorch|move: Tailwind\n|move|p2b: Ogerpon|Ivy Cudgel|p1b: Gouging Fire|[anim] Ivy Cudgel Fire\n|-resisted|p1b: Gouging Fire\n|-damage|p1b: Gouging Fire|91\/100\n|move|p1a: Raging Bolt|Thunderbolt|p2a: Whimsicott\n|-resisted|p2a: Whimsicott\n|-damage|p2a: Whimsicott|59\/100\n|\n|upkeep\n|turn|2\n|\n|t:|1739481555\n|move|p2a: Whimsicott|Protect|p2a: Whimsicott\n|-singleturn|p2a: Whimsicott|Protect\n|move|p2b: Ogerpon|Spiky Shield|p2b: Ogerpon\n|-singleturn|p2b: Ogerpon|move: Protect\n|move|p1b: Gouging Fire|Breaking Swipe|p2b: Ogerpon|[spread] \n|-activate|p2a: Whimsicott|move: Protect\n|-activate|p2b: Ogerpon|move: Protect\n|-damage|p1b: Gouging Fire|79\/100|[from] Spiky Shield|[of] p2b: Ogerpon\n|move|p1a: Raging Bolt|Thunderbolt|p2a: Whimsicott\n|-activate|p2a: Whimsicott|move: Protect\n|\n|upkeep\n|turn|3\n|inactive|adamskorch has 30 seconds left.\n|\n|t:|1739481580\n|switch|p2a: Amoonguss|Amoonguss, L50, M|100\/100\n|-terastallize|p2b: Ogerpon|Fire\n|detailschange|p2b: Ogerpon|Ogerpon-Hearthflame-Tera, L50, F, tera:Fire\n|-ability|p2b: Ogerpon|Embody Aspect (Hearthflame)|boost\n|-boost|p2b: Ogerpon|atk|1\n|move|p2b: Ogerpon|Ivy Cudgel|p1b: Gouging Fire|[anim] Ivy Cudgel Fire\n|-resisted|p1b: Gouging Fire\n|-damage|p1b: Gouging Fire|55\/100\n|move|p1b: Gouging Fire|Flare Blitz|p2a: Amoonguss\n|-supereffective|p2a: Amoonguss\n|-damage|p2a: Amoonguss|21\/100\n|-damage|p1b: Gouging Fire|39\/100|[from] item: Rocky Helmet|[of] p2a: Amoonguss\n|-damage|p1b: Gouging Fire|12\/100|[from] Recoil\n|move|p1a: Raging Bolt|Dragon Pulse|p2b: Ogerpon\n|-damage|p2b: Ogerpon|52\/100\n|\n|upkeep\n|turn|4\n|inactive|Jameson Murray has 30 seconds left.\n|\n|t:|1739481609\n|move|p2b: Ogerpon|Spiky Shield|p2b: Ogerpon\n|-singleturn|p2b: Ogerpon|move: Protect\n|move|p1b: Gouging Fire|Burning Bulwark|p1b: Gouging Fire\n|-singleturn|p1b: Gouging Fire|move: Protect\n|move|p1a: Raging Bolt|Thunderclap||[still]\n|-fail|p1a: Raging Bolt\n|move|p2a: Amoonguss|Spore|p1a: Raging Bolt\n|-status|p1a: Raging Bolt|slp|[from] move: Spore\n|\n|-sideend|p2: adamskorch|move: Tailwind\n|upkeep\n|turn|5\n|inactive|Jameson Murray has 30 seconds left.\n|inactive|Jameson Murray has 20 seconds left.\n|inactive|Jameson Murray has 15 seconds left.\n|inactive|Jameson Murray has 10 seconds left.\n|\n|t:|1739481656\n|move|p1b: Gouging Fire|Breaking Swipe|p2b: Ogerpon|[spread] p2a,p2b\n|-damage|p2a: Amoonguss|5\/100\n|-damage|p2b: Ogerpon|35\/100\n|-unboost|p2a: Amoonguss|atk|1\n|-unboost|p2b: Ogerpon|atk|1\n|-damage|p1b: Gouging Fire|0 fnt|[from] item: Rocky Helmet|[of] p2a: Amoonguss\n|faint|p1b: Gouging Fire\n|-end|p1b: Gouging Fire|Protosynthesis|[silent]\n|move|p2b: Ogerpon|Ivy Cudgel|p1a: Raging Bolt|[anim] Ivy Cudgel Fire\n|-resisted|p1a: Raging Bolt\n|-damage|p1a: Raging Bolt|74\/100 slp\n|cant|p1a: Raging Bolt|slp\n|move|p2a: Amoonguss|Spore|p1a: Raging Bolt\n|-fail|p1a: Raging Bolt|slp\n|\n|upkeep\n|\n|t:|1739481672\n|switch|p1b: Groudon|Groudon, L50|100\/100\n|-weather|SunnyDay|[from] ability: Drought|[of] p1b: Groudon\n|-activate|p1a: Raging Bolt|ability: Protosynthesis\n|-start|p1a: Raging Bolt|protosynthesisspa\n|turn|6\n|\n|t:|1739481686\n|move|p2b: Ogerpon|Spiky Shield|p2b: Ogerpon\n|-singleturn|p2b: Ogerpon|move: Protect\n|move|p1b: Groudon|Protect|p1b: Groudon\n|-singleturn|p1b: Groudon|Protect\n|cant|p1a: Raging Bolt|slp\n|move|p2a: Amoonguss|Spore|p1b: Groudon\n|-activate|p1b: Groudon|move: Protect\n|\n|-weather|SunnyDay|[upkeep]\n|upkeep\n|turn|7\n|\n|t:|1739481700\n|cant|p1a: Raging Bolt|slp\n|move|p2b: Ogerpon|Horn Leech|p1b: Groudon\n|-supereffective|p1b: Groudon\n|-damage|p1b: Groudon|43\/100\n|-heal|p2b: Ogerpon|68\/100|[from] drain|[of] p1b: Groudon\n|move|p1b: Groudon|Precipice Blades|p2a: Amoonguss|[spread] p2a,p2b\n|-supereffective|p2b: Ogerpon\n|-damage|p2a: Amoonguss|0 fnt\n|-damage|p2b: Ogerpon|0 fnt\n|faint|p2a: Amoonguss\n|faint|p2b: Ogerpon\n|\n|-weather|SunnyDay|[upkeep]\n|upkeep\n|j| Nabandwhat\n|\n|t:|1739481712\n|switch|p2b: Whimsicott|Whimsicott, L50, M|59\/100\n|switch|p2a: Calyrex|Calyrex-Shadow, L50|100\/100\n|-ability|p2a: Calyrex|As One\n|-ability|p2a: Calyrex|Unnerve\n|turn|8\n|\n|t:|1739481722\n|move|p1b: Groudon|Protect|p1b: Groudon\n|-singleturn|p1b: Groudon|Protect\n|move|p2a: Calyrex|Astral Barrage|p1a: Raging Bolt|[spread] p1a\n|-activate|p1b: Groudon|move: Protect\n|-damage|p1a: Raging Bolt|42\/100 slp\n|move|p2b: Whimsicott|Moonblast|p1a: Raging Bolt\n|-supereffective|p1a: Raging Bolt\n|-damage|p1a: Raging Bolt|0 fnt\n|faint|p1a: Raging Bolt\n|-end|p1a: Raging Bolt|Protosynthesis|[silent]\n|\n|-weather|SunnyDay|[upkeep]\n|upkeep\n|\n|t:|1739481732\n|switch|p1a: Jumpluff|Jumpluff, L50, M, shiny|100\/100\n|turn|9\n|\n|t:|1739481751\n|-terastallize|p1a: Jumpluff|Dark\n|move|p1a: Jumpluff|Rage Powder|p1a: Jumpluff\n|-singleturn|p1a: Jumpluff|move: Rage Powder\n|move|p2b: Whimsicott|Encore|p1b: Groudon\n|-start|p1b: Groudon|Encore\n|move|p2a: Calyrex|Astral Barrage|p1a: Jumpluff|[spread] p1a,p1b\n|-resisted|p1a: Jumpluff\n|-damage|p1a: Jumpluff|70\/100\n|-damage|p1b: Groudon|0 fnt\n|faint|p1b: Groudon\n|-ability|p2a: Calyrex|Grim Neigh|boost\n|-boost|p2a: Calyrex|spa|1\n|\n|-weather|SunnyDay|[upkeep]\n|upkeep\n|turn|10\n|-message|Jameson Murray forfeited.\n|\n|win|adamskorch\n|raw|Jameson Murray's rating: 1550 &rarr; <strong>1529<\/strong><br \/>(-21 for losing)\n|raw|adamskorch's rating: 1541 &rarr; <strong>1562<\/strong><br \/>(+21 for winning)\n|l|\u2606Jameson Murray\n|player|p1|\n|l|\u2606adamskorch\n|player|p2|\n","uploadtime":1739481896,"views":4,"formatid":"gen9vgc2025regg","rating":1529,"private":0,"password":null}