{"id":"gen9vgc2025regg-2300094358","format":"[Gen 9] VGC 2025 Reg G","players":["kfjtdhynd","Has_Perry"],"log":"|j|\u2606kfjtdhynd\n|j|\u2606Has_Perry\n|t:|1739464335\n|gametype|doubles\n|player|p1|kfjtdhynd|1|1639\n|player|p2|Has_Perry|veteran|1543\n|teamsize|p1|6\n|teamsize|p2|6\n|gen|9\n|tier|[Gen 9] VGC 2025 Reg G\n|rated|\n|rule|Species Clause: Limit one of each Pok\u00e9mon\n|rule|Item Clause: Limit 1 of each item\n|clearpoke\n|poke|p1|Lunala, L50|\n|poke|p1|Rillaboom, L50, F|\n|poke|p1|Urshifu-*, L50, M|\n|poke|p1|Ursaluna, L50, F|\n|poke|p1|Incineroar, L50, M|\n|poke|p1|Amoonguss, L50, F|\n|poke|p2|Zacian-*, L50|\n|poke|p2|Whimsicott, L50, F|\n|poke|p2|Chi-Yu, L50|\n|poke|p2|Ogerpon-Wellspring, L50, F|\n|poke|p2|Regidrago, L50|\n|poke|p2|Ditto, L50|\n|teampreview|4\nkfjtdhynd rejected open team sheets.\n|inactive|Battle timer is ON: inactive players will automatically lose when time's up. (requested by kfjtdhynd)\n|\n|t:|1739464378\n|start\n|switch|p1a: Incineroar|Incineroar, L50, M|100\/100\n|switch|p1b: Lunala|Lunala, L50|100\/100\n|switch|p2a: Great Blue Dog Sif|Zacian-Crowned, L50, shiny|100\/100\n|switch|p2b: Chi-Yulo|Chi-Yu, L50|100\/100\n|-ability|p2a: Great Blue Dog Sif|Intrepid Sword|boost\n|-boost|p2a: Great Blue Dog Sif|atk|1\n|-ability|p2b: Chi-Yulo|Beads of Ruin\n|-ability|p1a: Incineroar|Intimidate|boost\n|-unboost|p2a: Great Blue Dog Sif|atk|1\n|-unboost|p2b: Chi-Yulo|atk|1\n|turn|1\n|\n|t:|1739464395\n|move|p1a: Incineroar|Fake Out|p2b: Chi-Yulo\n|-damage|p2b: Chi-Yulo|84\/100\n|move|p2a: Great Blue Dog Sif|Behemoth Blade|p1b: Lunala\n|-damage|p1b: Lunala|77\/100\n|cant|p2b: Chi-Yulo|flinch\n|move|p1b: Lunala|Trick Room|p1b: Lunala\n|-fieldstart|move: Trick Room|[of] p1b: Lunala\n|\n|upkeep\n|turn|2\n|\n|t:|1739464415\n|move|p2a: Great Blue Dog Sif|Protect|p2a: Great Blue Dog Sif\n|-singleturn|p2a: Great Blue Dog Sif|Protect\n|move|p1a: Incineroar|Flare Blitz|p2a: Great Blue Dog Sif\n|-activate|p2a: Great Blue Dog Sif|move: Protect\n|move|p1b: Lunala|Meteor Beam||[still]\n|-prepare|p1b: Lunala|Meteor Beam\n|-boost|p1b: Lunala|spa|1\n|-enditem|p1b: Lunala|Power Herb\n|-anim|p1b: Lunala|Meteor Beam|p2b: Chi-Yulo\n|-supereffective|p2b: Chi-Yulo\n|-damage|p2b: Chi-Yulo|0 fnt\n|faint|p2b: Chi-Yulo\n|\n|upkeep\n|\n|t:|1739464426\n|switch|p2b: Ogerpon|Ogerpon-Wellspring, L50, F|100\/100\n|turn|3\n|\n|t:|1739464444\n|-terastallize|p2b: Ogerpon|Water\n|detailschange|p2b: Ogerpon|Ogerpon-Wellspring-Tera, L50, F, tera:Water\n|-ability|p2b: Ogerpon|Embody Aspect (Wellspring)|boost\n|-boost|p2b: Ogerpon|spd|1\n|move|p2b: Ogerpon|Follow Me|p2b: Ogerpon\n|-singleturn|p2b: Ogerpon|move: Follow Me\n|move|p1a: Incineroar|Flare Blitz|p2b: Ogerpon\n|-resisted|p2b: Ogerpon\n|-damage|p2b: Ogerpon|72\/100\n|-damage|p1a: Incineroar|92\/100|[from] Recoil\n|move|p1b: Lunala|Moonblast|p2b: Ogerpon\n|-damage|p2b: Ogerpon|36\/100\n|move|p2a: Great Blue Dog Sif|Behemoth Blade|p1b: Lunala\n|-damage|p1b: Lunala|35\/100\n|\n|upkeep\n|turn|4\n|\n|t:|1739464463\n|switch|p1a: Ursaluna|Ursaluna, L50, F|100\/100\n|move|p2b: Ogerpon|Spiky Shield|p2b: Ogerpon\n|-singleturn|p2b: Ogerpon|move: Protect\n|move|p2a: Great Blue Dog Sif|Protect|p2a: Great Blue Dog Sif\n|-singleturn|p2a: Great Blue Dog Sif|Protect\n|move|p1b: Lunala|Moonblast|p2b: Ogerpon\n|-activate|p2b: Ogerpon|move: Protect\n|\n|-status|p1a: Ursaluna|brn|[from] item: Flame Orb\n|upkeep\n|turn|5\n|\n|t:|1739464481\n|move|p1b: Lunala|Protect|p1b: Lunala\n|-singleturn|p1b: Lunala|Protect\n|move|p2b: Ogerpon|Follow Me|p2b: Ogerpon\n|-singleturn|p2b: Ogerpon|move: Follow Me\n|move|p1a: Ursaluna|Earthquake|p2a: Great Blue Dog Sif|[spread] p2a,p2b\n|-activate|p1b: Lunala|move: Protect\n|-supereffective|p2a: Great Blue Dog Sif\n|-damage|p2a: Great Blue Dog Sif|0 fnt\n|-damage|p2b: Ogerpon|0 fnt\n|faint|p2a: Great Blue Dog Sif\n|faint|p2b: Ogerpon\n|\n|-damage|p1a: Ursaluna|95\/100 brn|[from] brn\n|-fieldend|move: Trick Room\n|upkeep\n|\n|t:|1739464487\n|switch|p2b: Gigidrago|Regidrago, L50|100\/100\n|turn|6\n|\n|t:|1739464492\n|-terastallize|p1b: Lunala|Fairy\n|move|p2b: Gigidrago|Dragon Energy|p1a: Ursaluna|[spread] p1a\n|-immune|p1b: Lunala\n|-damage|p1a: Ursaluna|5\/100 brn\n|-damage|p2b: Gigidrago|91\/100|[from] item: Life Orb\n|move|p1b: Lunala|Moonblast|p2b: Gigidrago\n|-supereffective|p2b: Gigidrago\n|-damage|p2b: Gigidrago|0 fnt\n|faint|p2b: Gigidrago\n|\n|win|kfjtdhynd\n|raw|kfjtdhynd's rating: 1639 &rarr; <strong>1654<\/strong><br \/>(+15 for winning)\n|raw|Has_Perry's rating: 1543 &rarr; <strong>1528<\/strong><br \/>(-15 for losing)\n|l|\u2606Has_Perry\n|player|p2|\n|l|\u2606kfjtdhynd\n|player|p1|\n","uploadtime":1739464736,"views":16,"formatid":"gen9vgc2025regg","rating":1528,"private":0,"password":null}