{"id":"gen9vgc2025regg-2300532703","format":"[Gen 9] VGC 2025 Reg G","players":["sshhooii","bieiup"],"log":"|j|\u2606sshhooii\n|j|\u2606bieiup\n|t:|1739518939\n|gametype|doubles\n|player|p1|sshhooii|1|1585\n|player|p2|bieiup|lillie-z|1592\n|teamsize|p1|6\n|teamsize|p2|6\n|gen|9\n|tier|[Gen 9] VGC 2025 Reg G\n|rated|\n|rule|Species Clause: Limit one of each Pok\u00e9mon\n|rule|Item Clause: Limit 1 of each item\n|clearpoke\n|poke|p1|Miraidon, L50|\n|poke|p1|Iron Bundle, L50|\n|poke|p1|Glimmora, L50, M|\n|poke|p1|Moltres-Galar, L50|\n|poke|p1|Incineroar, L50, M|\n|poke|p1|Dragonite, L50, M|\n|poke|p2|Raging Bolt, L50|\n|poke|p2|Miraidon, L50|\n|poke|p2|Chi-Yu, L50|\n|poke|p2|Torkoal, L50, M|\n|poke|p2|Farigiraf, L50, F|\n|poke|p2|Ursaluna, L50, M|\n|teampreview|4\n|inactive|Battle timer is ON: inactive players will automatically lose when time's up. (requested by bieiup)\n|inactive|sshhooii also wants the timer to be on.\n|inactive|bieiup has 60 seconds left.\n|\n|t:|1739518975\n|start\n|switch|p1a: Iron Bundle|Iron Bundle, L50, shiny|100\/100\n|switch|p1b: Miraidon|Miraidon, L50|100\/100\n|switch|p2a: Raging Bolt|Raging Bolt, L50|100\/100\n|switch|p2b: Miraidon|Miraidon, L50|100\/100\n|-fieldstart|move: Electric Terrain|[from] ability: Hadron Engine|[of] p1b: Miraidon\n|-activate|p1a: Iron Bundle|ability: Quark Drive\n|-start|p1a: Iron Bundle|quarkdrivespe\n|-activate|p2b: Miraidon|ability: Hadron Engine\n|turn|1\n|\n|t:|1739518998\n|move|p2a: Raging Bolt|Thunderclap|p1a: Iron Bundle\n|-supereffective|p1a: Iron Bundle\n|-enditem|p1a: Iron Bundle|Focus Sash\n|-damage|p1a: Iron Bundle|1\/100\n|-damage|p2a: Raging Bolt|91\/100|[from] item: Life Orb\n|move|p1a: Iron Bundle|Freeze-Dry|p2b: Miraidon\n|-supereffective|p2b: Miraidon\n|-damage|p2b: Miraidon|39\/100\n|move|p1b: Miraidon|Volt Switch|p2b: Miraidon\n|-resisted|p2b: Miraidon\n|-damage|p2b: Miraidon|26\/100\n|\n|t:|1739519009\n|switch|p1b: Incineroar|Incineroar, L50, M|100\/100|[from] Volt Switch\n|-ability|p1b: Incineroar|Intimidate|boost\n|-unboost|p2a: Raging Bolt|atk|1\n|-unboost|p2b: Miraidon|atk|1\n|move|p2b: Miraidon|Draco Meteor|p1b: Incineroar\n|-damage|p1b: Incineroar|17\/100\n|-unboost|p2b: Miraidon|spa|2\n|\n|upkeep\n|turn|2\n|\n|t:|1739519027\n|switch|p2b: Farigiraf|Farigiraf, L50, F|100\/100\n|-enditem|p2b: Farigiraf|Electric Seed\n|-boost|p2b: Farigiraf|def|1|[from] item: Electric Seed\n|move|p1b: Incineroar|Fake Out||[still]\n|cant|p2b: Farigiraf|ability: Armor Tail|Fake Out|[of] p1b: Incineroar\n|move|p2a: Raging Bolt|Thunderclap|p1a: Iron Bundle\n|-supereffective|p1a: Iron Bundle\n|-damage|p1a: Iron Bundle|0 fnt\n|faint|p1a: Iron Bundle\n|-end|p1a: Iron Bundle|Quark Drive|[silent]\n|-damage|p2a: Raging Bolt|81\/100|[from] item: Life Orb\n|\n|upkeep\n|\n|t:|1739519040\n|switch|p1a: Dragonite|Dragonite, L50, M, shiny|100\/100\n|turn|3\n|\n|t:|1739519064\n|-end|p2a: Raging Bolt|Protosynthesis|[silent]\n|switch|p2a: Ursaluna|Ursaluna, L50, M|100\/100\n|move|p1a: Dragonite|Scale Shot|p2a: Ursaluna\n|-damage|p2a: Ursaluna|90\/100\n|-crit|p2a: Ursaluna\n|-damage|p2a: Ursaluna|73\/100\n|-damage|p2a: Ursaluna|63\/100\n|-damage|p2a: Ursaluna|53\/100\n|-hitcount|p2a: Ursaluna|4\n|-unboost|p1a: Dragonite|def|1\n|-boost|p1a: Dragonite|spe|1\n|move|p1b: Incineroar|U-turn|p2b: Farigiraf\n|-supereffective|p2b: Farigiraf\n|-crit|p2b: Farigiraf\n|-damage|p2b: Farigiraf|45\/100\n|\n|t:|1739519076\n|switch|p1b: Miraidon|Miraidon, L50|100\/100|[from] U-turn\n|-activate|p1b: Miraidon|ability: Hadron Engine\n|move|p2b: Farigiraf|Trick Room|p2b: Farigiraf\n|-fieldstart|move: Trick Room|[of] p2b: Farigiraf\n|\n|-status|p2a: Ursaluna|brn|[from] item: Flame Orb\n|upkeep\n|turn|4\n|\n|t:|1739519099\n|-terastallize|p1a: Dragonite|Steel\n|move|p2a: Ursaluna|Protect|p2a: Ursaluna\n|-singleturn|p2a: Ursaluna|Protect\n|move|p2b: Farigiraf|Dazzling Gleam|p1b: Miraidon|[spread] p1a,p1b\n|-resisted|p1a: Dragonite\n|-supereffective|p1b: Miraidon\n|-damage|p1a: Dragonite|97\/100\n|-damage|p1b: Miraidon|75\/100\n|move|p1a: Dragonite|Iron Head|p2a: Ursaluna\n|-activate|p2a: Ursaluna|move: Protect\n|move|p1b: Miraidon|Volt Switch|p2b: Farigiraf\n|-damage|p2b: Farigiraf|0 fnt\n|faint|p2b: Farigiraf\n|\n|t:|1739519111\n|switch|p1b: Incineroar|Incineroar, L50, M|17\/100|[from] Volt Switch\n|-ability|p1b: Incineroar|Intimidate|boost\n|-unboost|p2a: Ursaluna|atk|1\n|\n|-damage|p2a: Ursaluna|47\/100 brn|[from] brn\n|upkeep\n|\n|t:|1739519113\n|switch|p2b: Raging Bolt|Raging Bolt, L50|81\/100\n|turn|5\n|\n|t:|1739519127\n|-terastallize|p2b: Raging Bolt|Electric\n|move|p1b: Incineroar|Fake Out|p2a: Ursaluna\n|-damage|p2a: Ursaluna|38\/100 brn\n|cant|p2a: Ursaluna|flinch\n|move|p2b: Raging Bolt|Rising Voltage|p1a: Dragonite\n|-hint|Rising Voltage's BP doubled on grounded target.\n|-damage|p1a: Dragonite|0 fnt\n|faint|p1a: Dragonite\n|-damage|p2b: Raging Bolt|71\/100|[from] item: Life Orb\n|\n|-damage|p2a: Ursaluna|32\/100 brn|[from] brn\n|-fieldend|move: Electric Terrain\n|upkeep\n|\n|t:|1739519138\n|switch|p1a: Miraidon|Miraidon, L50|75\/100\n|-fieldstart|move: Electric Terrain|[from] ability: Hadron Engine|[of] p1a: Miraidon\n|turn|6\n|-message|sshhooii forfeited.\n|\n|win|bieiup\n|raw|sshhooii's rating: 1585 &rarr; <strong>1565<\/strong><br \/>(-20 for losing)\n|raw|bieiup's rating: 1592 &rarr; <strong>1612<\/strong><br \/>(+20 for winning)\n|l|\u2606sshhooii\n|player|p1|\n|l|\u2606bieiup\n|player|p2|\n","uploadtime":1739519301,"views":9,"formatid":"gen9vgc2025regg","rating":1565,"private":0,"password":null}