{"id":"gen9vgc2025regg-2300566405","format":"[Gen 9] VGC 2025 Reg G","players":["Mildly Displeased","iamstrawberry93"],"log":"|j|\u2606Mildly Displeased\n|j|\u2606iamstrawberry93\n|t:|1739525251\n|gametype|doubles\n|player|p1|Mildly Displeased|lillie|1539\n|player|p2|iamstrawberry93|hilda|1574\n|teamsize|p1|6\n|teamsize|p2|6\n|gen|9\n|tier|[Gen 9] VGC 2025 Reg G\n|rated|\n|rule|Species Clause: Limit one of each Pok\u00e9mon\n|rule|Item Clause: Limit 1 of each item\n|clearpoke\n|poke|p1|Primarina, L50, M|\n|poke|p1|Talonflame, L50, F|\n|poke|p1|Zamazenta-*, L50|\n|poke|p1|Rillaboom, L50, M|\n|poke|p1|Chien-Pao, L50|\n|poke|p1|Entei, L50|\n|poke|p2|Calyrex-Shadow, L50|\n|poke|p2|Clefairy, L50, M|\n|poke|p2|Rillaboom, L50, M|\n|poke|p2|Raging Bolt, L50|\n|poke|p2|Urshifu-*, L50, M|\n|poke|p2|Incineroar, L50, F|\n|teampreview|4\n|inactive|Battle timer is ON: inactive players will automatically lose when time's up. (requested by iamstrawberry93)\n|inactive|Mildly Displeased also wants the timer to be on.\n|inactive|Mildly Displeased has 60 seconds left.\n|\n|t:|1739525282\n|start\n|switch|p1a: Phoenix|Talonflame, L50, F, shiny|100\/100\n|switch|p1b: Pippin|Zamazenta-Crowned, L50|100\/100\n|switch|p2a: Urshifu|Urshifu-Rapid-Strike, L50, M|100\/100\n|switch|p2b: Clefairy|Clefairy, L50, M|100\/100\n|-ability|p1b: Pippin|Dauntless Shield|boost\n|-boost|p1b: Pippin|def|1\n|turn|1\n|\n|t:|1739525307\n|-terastallize|p2a: Urshifu|Stellar\n|move|p2b: Clefairy|Follow Me|p2b: Clefairy\n|-singleturn|p2b: Clefairy|move: Follow Me\n|move|p1a: Phoenix|Tailwind|p1a: Phoenix\n|-sidestart|p1: Mildly Displeased|move: Tailwind\n|move|p1b: Pippin|Heavy Slam|p2b: Clefairy\n|-supereffective|p2b: Clefairy\n|-damage|p2b: Clefairy|18\/100\n|move|p2a: Urshifu|Surging Strikes|p1b: Pippin\n|-crit|p1b: Pippin\n|-damage|p1b: Pippin|82\/100\n|-crit|p1b: Pippin\n|-damage|p1b: Pippin|64\/100\n|-crit|p1b: Pippin\n|-damage|p1b: Pippin|45\/100\n|-hitcount|p1b: Pippin|3\n|\n|upkeep\n|turn|2\n|\n|t:|1739525325\n|move|p2b: Clefairy|Protect|p2b: Clefairy\n|-singleturn|p2b: Clefairy|Protect\n|move|p1a: Phoenix|Brave Bird|p2a: Urshifu\n|-supereffective|p2a: Urshifu\n|-damage|p2a: Urshifu|13\/100\n|-damage|p1a: Phoenix|67\/100|[from] Recoil\n|move|p1b: Pippin|Body Press|p2a: Urshifu\n|-damage|p2a: Urshifu|0 fnt\n|faint|p2a: Urshifu\n|\n|upkeep\n|\n|t:|1739525339\n|switch|p2a: Raging Bolt|Raging Bolt, L50|100\/100\n|-enditem|p2a: Raging Bolt|Booster Energy\n|-activate|p2a: Raging Bolt|ability: Protosynthesis|[fromitem]\n|-start|p2a: Raging Bolt|protosynthesisspa\n|turn|3\n|\n|t:|1739525347\n|move|p2a: Raging Bolt|Thunderclap|p1a: Phoenix\n|-supereffective|p1a: Phoenix\n|-damage|p1a: Phoenix|0 fnt\n|faint|p1a: Phoenix\n|move|p1b: Pippin|Body Press|p2a: Raging Bolt\n|-damage|p2a: Raging Bolt|51\/100\n|move|p2b: Clefairy|Life Dew|p2b: Clefairy|[spread] p2a,p2b\n|-heal|p2a: Raging Bolt|76\/100\n|-heal|p2b: Clefairy|43\/100\n|\n|upkeep\n|\n|t:|1739525356\n|switch|p1a: Knotweed|Rillaboom, L50, M|100\/100\n|-fieldstart|move: Grassy Terrain|[from] ability: Grassy Surge|[of] p1a: Knotweed\n|turn|4\n|\n|t:|1739525361\n|move|p2a: Raging Bolt|Protect|p2a: Raging Bolt\n|-singleturn|p2a: Raging Bolt|Protect\n|move|p2b: Clefairy|Protect|p2b: Clefairy\n|-singleturn|p2b: Clefairy|Protect\n|move|p1a: Knotweed|Fake Out|p2a: Raging Bolt\n|-activate|p2a: Raging Bolt|move: Protect\n|move|p1b: Pippin|Heavy Slam|p2b: Clefairy\n|-activate|p2b: Clefairy|move: Protect\n|\n|-heal|p1b: Pippin|51\/100|[from] Grassy Terrain\n|-heal|p2a: Raging Bolt|82\/100|[from] Grassy Terrain\n|-heal|p2b: Clefairy|49\/100|[from] Grassy Terrain\n|-sideend|p1: Mildly Displeased|move: Tailwind\n|upkeep\n|turn|5\n|\n|t:|1739525378\n|move|p2b: Clefairy|Helping Hand|p2a: Raging Bolt\n|-singleturn|p2a: Raging Bolt|Helping Hand|[of] p2b: Clefairy\n|move|p1b: Pippin|Heavy Slam|p2b: Clefairy\n|-supereffective|p2b: Clefairy\n|-damage|p2b: Clefairy|0 fnt\n|faint|p2b: Clefairy\n|move|p1a: Knotweed|High Horsepower|p2a: Raging Bolt\n|-supereffective|p2a: Raging Bolt\n|-damage|p2a: Raging Bolt|0 fnt\n|faint|p2a: Raging Bolt\n|-end|p2a: Raging Bolt|Protosynthesis|[silent]\n|-damage|p1a: Knotweed|91\/100|[from] item: Life Orb\n|\n|-heal|p1b: Pippin|57\/100|[from] Grassy Terrain\n|-heal|p1a: Knotweed|97\/100|[from] Grassy Terrain\n|upkeep\n|\n|t:|1739525395\n|switch|p2b: Rillaboom|Rillaboom, L50, M, shiny|100\/100\n|turn|6\n|-message|iamstrawberry93 forfeited.\n|\n|win|Mildly Displeased\n|raw|Mildly Displeased's rating: 1539 &rarr; <strong>1561<\/strong><br \/>(+22 for winning)\n|raw|iamstrawberry93's rating: 1574 &rarr; <strong>1552<\/strong><br \/>(-22 for losing)\n|l|\u2606iamstrawberry93\n|player|p2|\n|l|\u2606Mildly Displeased\n|player|p1|\n","uploadtime":1739525654,"views":5,"formatid":"gen9vgc2025regg","rating":1552,"private":0,"password":null}