{"id":"gen9vgc2025regg-2300703875","format":"[Gen 9] VGC 2025 Reg G","players":["CerealesIsTaken","KogaAF1219"],"log":"|j|\u2606CerealesIsTaken\n|j|\u2606KogaAF1219\n|t:|1739545306\n|gametype|doubles\n|player|p1|CerealesIsTaken|pokekid|1542\n|player|p2|KogaAF1219|266|1612\n|teamsize|p1|6\n|teamsize|p2|6\n|gen|9\n|tier|[Gen 9] VGC 2025 Reg G\n|rated|\n|rule|Species Clause: Limit one of each Pok\u00e9mon\n|rule|Item Clause: Limit 1 of each item\n|clearpoke\n|poke|p1|Urshifu-*, L50, F|\n|poke|p1|Whimsicott, L50, M|\n|poke|p1|Landorus, L50, M|\n|poke|p1|Farigiraf, L50, M|\n|poke|p1|Ogerpon-Hearthflame, L50, F|\n|poke|p1|Terapagos, L50, M|\n|poke|p2|Indeedee, L50, M|\n|poke|p2|Kyogre, L50|\n|poke|p2|Illumise, L50, F|\n|poke|p2|Landorus, L50, M|\n|poke|p2|Urshifu-*, L50, M|\n|poke|p2|Armarouge, L50, M|\n|teampreview|4\nKogaAF1219 has agreed to open team sheets.\n|inactive|Battle timer is ON: inactive players will automatically lose when time's up. (requested by KogaAF1219)\n|\n|t:|1739545406\n|start\n|switch|p1a: Terapagos|Terapagos, L50, M|100\/100\n|switch|p1b: Whimsicott|Whimsicott, L50, M|100\/100\n|switch|p2a: Illumise|Illumise, L50, F|100\/100\n|switch|p2b: Kyogre|Kyogre, L50|100\/100\n|-activate|p1a: Terapagos|ability: Tera Shift\n|detailschange|p1a: Terapagos|Terapagos-Terastal, L50, M\n|-heal|p1a: Terapagos|100\/100|[silent]\n|-weather|RainDance|[from] ability: Drizzle|[of] p2b: Kyogre\n|turn|1\n|inactive|CerealesIsTaken has 30 seconds left.\n|inactive|CerealesIsTaken has 20 seconds left.\n|inactive|CerealesIsTaken has 15 seconds left.\n|inactive|CerealesIsTaken has 10 seconds left.\n|\n|t:|1739545453\n|-terastallize|p1a: Terapagos|Stellar\n|detailschange|p1a: Terapagos|Terapagos-Stellar, L50, M, tera:Stellar\n|-heal|p1a: Terapagos|100\/100|[silent]\n|-ability|p1a: Terapagos|Teraform Zero\n|-weather|none\n|move|p1b: Whimsicott|Tailwind|p1b: Whimsicott\n|-sidestart|p1: CerealesIsTaken|move: Tailwind\n|move|p2a: Illumise|Light Screen|p2a: Illumise\n|-sidestart|p2: KogaAF1219|move: Light Screen\n|move|p1a: Terapagos|Tera Starstorm|p2a: Illumise|[spread] p2a,p2b\n|-damage|p2a: Illumise|66\/100\n|-damage|p2b: Kyogre|74\/100\n|move|p2b: Kyogre|Origin Pulse|p1a: Terapagos|[spread] p1a,p1b\n|-resisted|p1b: Whimsicott\n|-damage|p1a: Terapagos|68\/100\n|-damage|p1b: Whimsicott|71\/100\n|\n|upkeep\n|turn|2\n|inactive|KogaAF1219 has 30 seconds left.\n|\n|t:|1739545480\n|-terastallize|p2a: Illumise|Dark\n|move|p1b: Whimsicott|Fake Tears|p2b: Kyogre\n|-unboost|p2b: Kyogre|spd|2\n|move|p2a: Illumise|Tailwind|p2a: Illumise\n|-sidestart|p2: KogaAF1219|move: Tailwind\n|move|p2b: Kyogre|Origin Pulse|p1a: Terapagos|[spread] p1b\n|-miss|p2b: Kyogre|p1a: Terapagos\n|-resisted|p1b: Whimsicott\n|-damage|p1b: Whimsicott|40\/100\n|move|p1a: Terapagos|Tera Starstorm|p2b: Kyogre|[spread] p2a,p2b\n|-supereffective|p2a: Illumise\n|-crit|p2a: Illumise\n|-damage|p2a: Illumise|0 fnt\n|-damage|p2b: Kyogre|20\/100\n|faint|p2a: Illumise\n|\n|upkeep\n|\n|t:|1739545494\n|switch|p2a: Indeedee|Indeedee, L50, M|100\/100\n|-fieldstart|move: Psychic Terrain|[from] ability: Psychic Surge|[of] p2a: Indeedee\n|turn|3\n|inactive|CerealesIsTaken has 30 seconds left.\n|inactive|CerealesIsTaken has 20 seconds left.\n|inactive|CerealesIsTaken has 15 seconds left.\n|\n|t:|1739545535\n|switch|p2b: Urshifu|Urshifu, L50, M|100\/100\n|move|p1b: Whimsicott|Moonblast|p2b: Urshifu\n|-supereffective|p2b: Urshifu\n|-damage|p2b: Urshifu|6\/100\n|move|p1a: Terapagos|Tera Starstorm|p2b: Urshifu|[spread] p2a,p2b\n|-damage|p2a: Indeedee|50\/100\n|-damage|p2b: Urshifu|0 fnt\n|faint|p2b: Urshifu\n|move|p2a: Indeedee|Expanding Force|p1b: Whimsicott|[spread] p1a,p1b\n|-damage|p1a: Terapagos|26\/100\n|-damage|p1b: Whimsicott|0 fnt\n|faint|p1b: Whimsicott\n|\n|upkeep\n|inactive|CerealesIsTaken has 30 seconds left.\n|\n|t:|1739545568\n|switch|p1b: Ogerpon|Ogerpon-Hearthflame, L50, F|100\/100\n|switch|p2b: Kyogre|Kyogre, L50|20\/100\n|-weather|RainDance|[from] ability: Drizzle|[of] p2b: Kyogre\n|-ability|p1b: Ogerpon|Mold Breaker\n|turn|4\n|inactive|CerealesIsTaken has 30 seconds left.\n|\n|t:|1739545598\n|move|p2b: Kyogre|Origin Pulse|p1b: Ogerpon|[spread] p1a\n|-miss|p2b: Kyogre|p1b: Ogerpon\n|-damage|p1a: Terapagos|0 fnt\n|faint|p1a: Terapagos\n|move|p1b: Ogerpon|Horn Leech|p2b: Kyogre\n|-supereffective|p2b: Kyogre\n|-damage|p2b: Kyogre|0 fnt\n|faint|p2b: Kyogre\n|move|p2a: Indeedee|Expanding Force|p1b: Ogerpon\n|-damage|p1b: Ogerpon|21\/100\n|\n|-weather|RainDance|[upkeep]\n|-sideend|p1: CerealesIsTaken|move: Tailwind\n|upkeep\n|\n|t:|1739545614\n|switch|p1a: Urshifu|Urshifu-Rapid-Strike, L50, F|100\/100\n|turn|5\n|j| God of restricted\n|inactive|CerealesIsTaken has 30 seconds left.\n|inactive|CerealesIsTaken has 20 seconds left.\n|\n|t:|1739545651\n|move|p1b: Ogerpon|Spiky Shield|p1b: Ogerpon\n|-singleturn|p1b: Ogerpon|move: Protect\n|move|p1a: Urshifu|Protect|p1a: Urshifu\n|-singleturn|p1a: Urshifu|Protect\n|move|p2a: Indeedee|Expanding Force|p1a: Urshifu|[spread] \n|-activate|p1a: Urshifu|move: Protect\n|-activate|p1b: Ogerpon|move: Protect\n|\n|-weather|RainDance|[upkeep]\n|-sideend|p2: KogaAF1219|move: Light Screen\n|-sideend|p2: KogaAF1219|move: Tailwind\n|upkeep\n|turn|6\n|inactive|CerealesIsTaken has 30 seconds left.\n|inactive|CerealesIsTaken has 20 seconds left.\n|inactive|CerealesIsTaken has 15 seconds left.\n|inactive|CerealesIsTaken has 10 seconds left.\n|inactive|CerealesIsTaken has 5 seconds left.\n|\n|t:|1739545702\n|move|p1b: Ogerpon|Horn Leech|p2a: Indeedee\n|-damage|p2a: Indeedee|0 fnt\n|-heal|p1b: Ogerpon|40\/100|[from] drain|[of] p2a: Indeedee\n|faint|p2a: Indeedee\n|\n|win|CerealesIsTaken\n|raw|CerealesIsTaken's rating: 1542 &rarr; <strong>1566<\/strong><br \/>(+24 for winning)\n|raw|KogaAF1219's rating: 1612 &rarr; <strong>1588<\/strong><br \/>(-24 for losing)\n|l|\u2606KogaAF1219\n|player|p2|\n|l| God of restricted\n|l|\u2606CerealesIsTaken\n|player|p1|\n","uploadtime":1739545862,"views":4,"formatid":"gen9vgc2025regg","rating":1566,"private":0,"password":null}