{"id":"gen9vgc2025regg-2300538038","format":"[Gen 9] VGC 2025 Reg G","players":["mlm2017","foguo"],"log":"|j|\u2606mlm2017\n|j|\u203dfoguo\n|t:|1739519957\n|gametype|doubles\n|player|p1|mlm2017|juggler|1565\n|player|p2|foguo|barry|1547\n|teamsize|p1|6\n|teamsize|p2|6\n|gen|9\n|tier|[Gen 9] VGC 2025 Reg G\n|rated|\n|rule|Species Clause: Limit one of each Pok\u00e9mon\n|rule|Item Clause: Limit 1 of each item\n|clearpoke\n|poke|p1|Miraidon, L50|\n|poke|p1|Whimsicott, L50, F|\n|poke|p1|Iron Hands, L50|\n|poke|p1|Urshifu-*, L50, M|\n|poke|p1|Farigiraf, L50, M|\n|poke|p1|Sneasler, L50, M|\n|poke|p2|Calyrex-Ice, L50|\n|poke|p2|Raging Bolt, L50|\n|poke|p2|Ogerpon-Hearthflame, L50, F|\n|poke|p2|Urshifu-*, L50, M|\n|poke|p2|Flutter Mane, L50|\n|poke|p2|Landorus, L50, M|\n|teampreview|4\n|inactive|Battle timer is ON: inactive players will automatically lose when time's up. (requested by mlm2017)\n|inactive|mlm2017 has 60 seconds left.\n|\n|t:|1739519993\n|start\n|switch|p1a: Miraidon|Miraidon, L50|100\/100\n|switch|p1b: Sneasler|Sneasler, L50, M|100\/100\n|switch|p2a: Calyrex|Calyrex-Ice, L50|100\/100\n|switch|p2b: Ogerpon|Ogerpon-Hearthflame, L50, F|100\/100\n|-ability|p2a: Calyrex|As One\n|-ability|p2a: Calyrex|Unnerve\n|-fieldstart|move: Electric Terrain|[from] ability: Hadron Engine|[of] p1a: Miraidon\n|-enditem|p1b: Sneasler|Electric Seed\n|-boost|p1b: Sneasler|def|1|[from] item: Electric Seed\n|-ability|p2b: Ogerpon|Mold Breaker\n|turn|1\n|inactive|mlm2017 has 30 seconds left.\n|inactive|foguo has 30 seconds left.\n|inactive|foguo has 20 seconds left.\n|inactive|foguo has 15 seconds left.\n|\n|t:|1739520047\n|switch|p1a: Master Shifu|Urshifu-Rapid-Strike, L50, M|100\/100\n|move|p1b: Sneasler|Fake Out|p2a: Calyrex\n|-damage|p2a: Calyrex|91\/100\n|move|p2b: Ogerpon|Follow Me|p2b: Ogerpon\n|-singleturn|p2b: Ogerpon|move: Follow Me\n|cant|p2a: Calyrex|flinch\n|\n|upkeep\n|turn|2\n|\n|t:|1739520072\n|move|p2b: Ogerpon|Follow Me|p2b: Ogerpon\n|-singleturn|p2b: Ogerpon|move: Follow Me\n|move|p1b: Sneasler|Gunk Shot|p2b: Ogerpon\n|-supereffective|p2b: Ogerpon\n|-damage|p2b: Ogerpon|0 fnt\n|faint|p2b: Ogerpon\n|move|p1a: Master Shifu|Surging Strikes|p2a: Calyrex\n|-crit|p2a: Calyrex\n|-damage|p2a: Calyrex|76\/100\n|-crit|p2a: Calyrex\n|-damage|p2a: Calyrex|63\/100\n|-crit|p2a: Calyrex\n|-damage|p2a: Calyrex|48\/100\n|-hitcount|p2a: Calyrex|3\n|move|p2a: Calyrex|Trick Room|p2a: Calyrex\n|-fieldstart|move: Trick Room|[of] p2a: Calyrex\n|\n|upkeep\n|\n|t:|1739520088\n|switch|p2b: Landorus|Landorus, L50, M|100\/100\n|turn|3\n|\n|t:|1739520117\n|move|p1a: Master Shifu|Detect|p1a: Master Shifu\n|-singleturn|p1a: Master Shifu|Protect\n|move|p2a: Calyrex|Glacial Lance|p1a: Master Shifu|[spread] p1b\n|-activate|p1a: Master Shifu|move: Protect\n|-damage|p1b: Sneasler|41\/100\n|move|p2b: Landorus|Earth Power|p1a: Master Shifu\n|-activate|p1a: Master Shifu|move: Protect\n|move|p1b: Sneasler|Acid Spray|p2b: Landorus\n|-resisted|p2b: Landorus\n|-damage|p2b: Landorus|97\/100\n|-unboost|p2b: Landorus|spd|2\n|\n|upkeep\n|turn|4\n|inactive|mlm2017 has 30 seconds left.\n|inactive|mlm2017 has 20 seconds left.\n|inactive|mlm2017 has 15 seconds left.\n|inactive|mlm2017 has 10 seconds left.\n|inactive|mlm2017 has 5 seconds left.\n|\n|t:|1739520171\n|move|p1a: Master Shifu|Detect|p1a: Master Shifu\n|-singleturn|p1a: Master Shifu|Protect\n|move|p2a: Calyrex|Glacial Lance|p1b: Sneasler|[spread] p1b\n|-activate|p1a: Master Shifu|move: Protect\n|-damage|p1b: Sneasler|0 fnt\n|faint|p1b: Sneasler\n|-ability|p2a: Calyrex|Chilling Neigh|boost\n|-boost|p2a: Calyrex|atk|1\n|move|p2b: Landorus|Earth Power|p1a: Master Shifu\n|-activate|p1a: Master Shifu|move: Protect\n|\n|upkeep\n|\n|t:|1739520182\n|switch|p1b: Farigiraf|Farigiraf, L50, M|100\/100\n|turn|5\n|inactive|foguo has 30 seconds left.\n|\n|t:|1739520208\n|-terastallize|p1a: Master Shifu|Water\n|move|p2a: Calyrex|Glacial Lance|p1b: Farigiraf|[spread] p1a,p1b\n|-resisted|p1a: Master Shifu\n|-damage|p1a: Master Shifu|59\/100\n|-damage|p1b: Farigiraf|13\/100\n|move|p1b: Farigiraf|Psychic|p2b: Landorus\n|-crit|p2b: Landorus\n|-damage|p2b: Landorus|0 fnt\n|faint|p2b: Landorus\n|move|p1a: Master Shifu|Surging Strikes|p2a: Calyrex\n|-crit|p2a: Calyrex\n|-damage|p2a: Calyrex|29\/100\n|-crit|p2a: Calyrex\n|-damage|p2a: Calyrex|12\/100\n|-crit|p2a: Calyrex\n|-damage|p2a: Calyrex|0 fnt\n|faint|p2a: Calyrex\n|-hitcount|p2: Calyrex|3\n|\n|-fieldend|move: Electric Terrain\n|upkeep\n|\n|t:|1739520227\n|switch|p2b: Flutter Mane|Flutter Mane, L50|100\/100\n|-enditem|p2b: Flutter Mane|Booster Energy\n|-activate|p2b: Flutter Mane|ability: Protosynthesis|[fromitem]\n|-start|p2b: Flutter Mane|protosynthesisspe\n|turn|6\n|\n|t:|1739520234\n|move|p2b: Flutter Mane|Protect|p2b: Flutter Mane\n|-singleturn|p2b: Flutter Mane|Protect\n|move|p1b: Farigiraf|Psychic|p2b: Flutter Mane\n|-activate|p2b: Flutter Mane|move: Protect\n|move|p1a: Master Shifu|Surging Strikes|p2b: Flutter Mane\n|-crit|p2b: Flutter Mane\n|-damage|p2b: Flutter Mane|50\/100\n|-crit|p2b: Flutter Mane\n|-damage|p2b: Flutter Mane|8\/100\n|-crit|p2b: Flutter Mane\n|-damage|p2b: Flutter Mane|0 fnt\n|faint|p2b: Flutter Mane\n|-end|p2b: Flutter Mane|Protosynthesis|[silent]\n|-hitcount|p2: Flutter Mane|3\n|\n|win|mlm2017\n|raw|mlm2017's rating: 1565 &rarr; <strong>1584<\/strong><br \/>(+19 for winning)\n|raw|foguo's rating: 1547 &rarr; <strong>1528<\/strong><br \/>(-19 for losing)\n|l|\u2606mlm2017\n|player|p1|\n","uploadtime":1739520409,"views":6,"formatid":"gen9vgc2025regg","rating":1528,"private":0,"password":null}