{"id":"gen9vgc2025regg-2300546782","format":"[Gen 9] VGC 2025 Reg G","players":["Tpakl","seung2742"],"log":"|j|\u2606Tpakl\n|j|\u2606seung2742\n|t:|1739521593\n|gametype|doubles\n|player|p1|Tpakl|rosa|1647\n|player|p2|seung2742|1|1607\n|teamsize|p1|6\n|teamsize|p2|6\n|gen|9\n|tier|[Gen 9] VGC 2025 Reg G\n|rated|\n|rule|Species Clause: Limit one of each Pok\u00e9mon\n|rule|Item Clause: Limit 1 of each item\n|clearpoke\n|poke|p1|Rayquaza, L50|\n|poke|p1|Urshifu-*, L50, F|\n|poke|p1|Iron Treads, L50|\n|poke|p1|Entei, L50|\n|poke|p1|Murkrow, L50, M|\n|poke|p1|Regieleki, L50|\n|poke|p2|Calyrex-Shadow, L50|\n|poke|p2|Whimsicott, L50, F|\n|poke|p2|Raging Bolt, L50|\n|poke|p2|Chi-Yu, L50|\n|poke|p2|Rillaboom, L50, F|\n|poke|p2|Urshifu-*, L50, F|\n|teampreview|4\n|inactive|Battle timer is ON: inactive players will automatically lose when time's up. (requested by seung2742)\n|inactive|Tpakl has 60 seconds left.\n|inactive|seung2742 has 60 seconds left.\n|\n|t:|1739521644\n|start\n|switch|p1a: Murkrow|Murkrow, L50, M|100\/100\n|switch|p1b: Urshifu|Urshifu-Rapid-Strike, L50, F|100\/100\n|switch|p2a: Whimsicott|Whimsicott, L50, F|100\/100\n|switch|p2b: Chi-Yu|Chi-Yu, L50|100\/100\n|-ability|p2b: Chi-Yu|Beads of Ruin\n|turn|1\n|inactive|Tpakl has 30 seconds left.\n|\n|t:|1739521669\n|switch|p2b: Urshifu|Urshifu-Rapid-Strike, L50, F|100\/100\n|move|p2a: Whimsicott|Moonblast|p1b: Urshifu\n|-supereffective|p1b: Urshifu\n|-damage|p1b: Urshifu|17\/100\n|move|p1b: Urshifu|Surging Strikes|p2b: Urshifu\n|-resisted|p2b: Urshifu\n|-crit|p2b: Urshifu\n|-damage|p2b: Urshifu|89\/100\n|-resisted|p2b: Urshifu\n|-crit|p2b: Urshifu\n|-damage|p2b: Urshifu|77\/100\n|-resisted|p2b: Urshifu\n|-crit|p2b: Urshifu\n|-damage|p2b: Urshifu|65\/100\n|-hitcount|p2b: Urshifu|3\n|move|p1a: Murkrow|Brave Bird|p2a: Whimsicott\n|-supereffective|p2a: Whimsicott\n|-crit|p2a: Whimsicott\n|-damage|p2a: Whimsicott|0 fnt\n|faint|p2a: Whimsicott\n|-damage|p1a: Murkrow|68\/100|[from] Recoil\n|\n|upkeep\n|\n|t:|1739521683\n|switch|p2a: Calyrex|Calyrex-Shadow, L50|100\/100\n|-ability|p2a: Calyrex|As One\n|-ability|p2a: Calyrex|Unnerve\n|turn|2\n|\n|t:|1739521692\n|move|p1a: Murkrow|Tailwind|p1a: Murkrow\n|-sidestart|p1: Tpakl|move: Tailwind\n|move|p1b: Urshifu|Surging Strikes|p2a: Calyrex\n|-crit|p2a: Calyrex\n|-damage|p2a: Calyrex|71\/100\n|-crit|p2a: Calyrex\n|-damage|p2a: Calyrex|43\/100\n|-crit|p2a: Calyrex\n|-damage|p2a: Calyrex|14\/100\n|-hitcount|p2a: Calyrex|3\n|move|p2b: Urshifu|Surging Strikes|p1a: Murkrow\n|-crit|p1a: Murkrow\n|-damage|p1a: Murkrow|37\/100\n|-crit|p1a: Murkrow\n|-damage|p1a: Murkrow|5\/100\n|-crit|p1a: Murkrow\n|-damage|p1a: Murkrow|0 fnt\n|faint|p1a: Murkrow\n|-hitcount|p1: Murkrow|3\n|move|p2a: Calyrex|Draining Kiss|p1b: Urshifu\n|-supereffective|p1b: Urshifu\n|-damage|p1b: Urshifu|0 fnt\n|-heal|p2a: Calyrex|27\/100|[from] drain|[of] p1b: Urshifu\n|faint|p1b: Urshifu\n|-ability|p2a: Calyrex|Grim Neigh|boost\n|-boost|p2a: Calyrex|spa|1\n|\n|upkeep\n|j| mr pogostick\n|\n|t:|1739521704\n|switch|p1b: Regieleki|Regieleki, L50|100\/100\n|switch|p1a: Rayquaza|Rayquaza, L50|100\/100\n|-ability|p1a: Rayquaza|Air Lock\n|turn|3\n|\n|t:|1739521726\n|-terastallize|p2b: Urshifu|Water\n|move|p2a: Calyrex|Protect|p2a: Calyrex\n|-singleturn|p2a: Calyrex|Protect\n|move|p1b: Regieleki|Electroweb|p2a: Calyrex|[spread] \n|-activate|p2a: Calyrex|move: Protect\n|-miss|p1b: Regieleki|p2b: Urshifu\n|move|p1a: Rayquaza|Dragon Ascent|p2b: Urshifu\n|-damage|p2b: Urshifu|0 fnt\n|-unboost|p1a: Rayquaza|def|1\n|-unboost|p1a: Rayquaza|spd|1\n|faint|p2b: Urshifu\n|\n|upkeep\n|\n|t:|1739521738\n|switch|p2b: Chi-Yu|Chi-Yu, L50|100\/100\n|-ability|p2b: Chi-Yu|Beads of Ruin\n|turn|4\n|\n|t:|1739521743\n|move|p1b: Regieleki|Electroweb|p2a: Calyrex|[spread] p2b\n|-miss|p1b: Regieleki|p2a: Calyrex\n|-damage|p2b: Chi-Yu|62\/100\n|-unboost|p2b: Chi-Yu|spe|1\n|-damage|p1b: Regieleki|91\/100|[from] item: Life Orb\n|move|p1a: Rayquaza|Dragon Ascent|p2b: Chi-Yu\n|-damage|p2b: Chi-Yu|0 fnt\n|-unboost|p1a: Rayquaza|def|1\n|-unboost|p1a: Rayquaza|spd|1\n|faint|p2b: Chi-Yu\n|move|p2a: Calyrex|Astral Barrage|p1a: Rayquaza|[spread] p1a,p1b\n|-enditem|p1a: Rayquaza|Focus Sash\n|-damage|p1a: Rayquaza|1\/100\n|-damage|p1b: Regieleki|0 fnt\n|faint|p1b: Regieleki\n|-ability|p2a: Calyrex|Grim Neigh|boost\n|-boost|p2a: Calyrex|spa|1\n|\n|upkeep\n|turn|5\n|\n|t:|1739521753\n|move|p2a: Calyrex|Protect|p2a: Calyrex\n|-singleturn|p2a: Calyrex|Protect\n|move|p1a: Rayquaza|Dragon Ascent|p2a: Calyrex\n|-activate|p2a: Calyrex|move: Protect\n|\n|-sideend|p1: Tpakl|move: Tailwind\n|upkeep\n|turn|6\n|-message|Tpakl forfeited.\n|\n|win|seung2742\n|raw|Tpakl's rating: 1647 &rarr; <strong>1625<\/strong><br \/>(-22 for losing)\n|raw|seung2742's rating: 1607 &rarr; <strong>1629<\/strong><br \/>(+22 for winning)\n|l|\u2606Tpakl\n|player|p1|\n|l|\u2606seung2742\n|player|p2|\n","uploadtime":1739521935,"views":10,"formatid":"gen9vgc2025regg","rating":1625,"private":0,"password":null}