{"id":"gen9vgc2025regg-2300187853","format":"[Gen 9] VGC 2025 Reg G","players":["xatseye","Matty1919"],"log":"|j|\u2606xatseye\n|j|\u2606Matty1919\n|t:|1739473325\n|gametype|doubles\n|player|p1|xatseye|unknown|1646\n|player|p2|Matty1919|170|1570\n|teamsize|p1|6\n|teamsize|p2|6\n|gen|9\n|tier|[Gen 9] VGC 2025 Reg G\n|rated|\n|rule|Species Clause: Limit one of each Pok\u00e9mon\n|rule|Item Clause: Limit 1 of each item\n|clearpoke\n|poke|p1|Miraidon, L50|\n|poke|p1|Incineroar, L50, M|\n|poke|p1|Urshifu-*, L50, F|\n|poke|p1|Oranguru, L50, F|\n|poke|p1|Clefairy, L50, M|\n|poke|p1|Iron Valiant, L50|\n|poke|p2|Calyrex-Shadow, L50|\n|poke|p2|Incineroar, L50, M|\n|poke|p2|Rillaboom, L50, M|\n|poke|p2|Urshifu-*, L50, M|\n|poke|p2|Raging Bolt, L50|\n|poke|p2|Farigiraf, L50, M|\n|teampreview|4\n|inactive|Battle timer is ON: inactive players will automatically lose when time's up. (requested by xatseye)\n|inactive|Matty1919 has 60 seconds left.\n|\n|t:|1739473361\n|start\n|switch|p1a: Miraidon|Miraidon, L50|100\/100\n|switch|p1b: Oranguru|Oranguru, L50, F|100\/100\n|switch|p2a: Calyrex|Calyrex-Shadow, L50|100\/100\n|switch|p2b: Incineroar|Incineroar, L50, M|100\/100\n|-ability|p2a: Calyrex|As One\n|-ability|p2a: Calyrex|Unnerve\n|-fieldstart|move: Electric Terrain|[from] ability: Hadron Engine|[of] p1a: Miraidon\n|-enditem|p1a: Miraidon|Electric Seed\n|-boost|p1a: Miraidon|def|1|[from] item: Electric Seed\n|-activate|p1b: Oranguru|ability: Symbiosis|Covert Cloak|[of] p1a: Miraidon\n|-ability|p2b: Incineroar|Intimidate|boost\n|-unboost|p1a: Miraidon|atk|1\n|-unboost|p1b: Oranguru|atk|1\n|turn|1\n|inactive|Matty1919 has 30 seconds left.\n|inactive|Matty1919 has 20 seconds left.\n|inactive|Matty1919 has 15 seconds left.\n|inactive|Matty1919 has 10 seconds left.\n|inactive|Matty1919 has 5 seconds left.\n|\n|t:|1739473412\n|switch|p2b: Rillaboom|Rillaboom, L50, M|100\/100\n|-fieldstart|move: Grassy Terrain|[from] ability: Grassy Surge|[of] p2b: Rillaboom\n|move|p2a: Calyrex|Protect|p2a: Calyrex\n|-singleturn|p2a: Calyrex|Protect\n|move|p1a: Miraidon|Calm Mind|p1a: Miraidon\n|-boost|p1a: Miraidon|spa|1\n|-boost|p1a: Miraidon|spd|1\n|move|p1b: Oranguru|Instruct|p1a: Miraidon\n|-singleturn|p1a: Miraidon|move: Instruct|[of] p1b: Oranguru\n|move|p1a: Miraidon|Calm Mind|p1a: Miraidon\n|-boost|p1a: Miraidon|spa|1\n|-boost|p1a: Miraidon|spd|1\n|\n|upkeep\n|turn|2\n|\n|t:|1739473436\n|move|p2b: Rillaboom|Fake Out|p1a: Miraidon\n|-damage|p1a: Miraidon|93\/100\n|move|p2a: Calyrex|Astral Barrage|p1b: Oranguru|[spread] p1a\n|-immune|p1b: Oranguru\n|-damage|p1a: Miraidon|65\/100\n|-damage|p2a: Calyrex|91\/100|[from] item: Life Orb\n|move|p1a: Miraidon|Parabolic Charge|p2a: Calyrex|[spread] p1b,p2a,p2b\n|-resisted|p2b: Rillaboom\n|-damage|p1b: Oranguru|65\/100\n|-heal|p1a: Miraidon|83\/100|[from] drain|[of] p1b: Oranguru\n|-damage|p2a: Calyrex|40\/100\n|-heal|p1a: Miraidon|100\/100|[from] drain|[of] p2a: Calyrex\n|-damage|p2b: Rillaboom|86\/100\n|move|p1b: Oranguru|Instruct|p1a: Miraidon\n|-singleturn|p1a: Miraidon|move: Instruct|[of] p1b: Oranguru\n|move|p1a: Miraidon|Parabolic Charge|p2b: Rillaboom|[spread] p1b,p2a,p2b\n|-resisted|p2b: Rillaboom\n|-damage|p1b: Oranguru|29\/100\n|-damage|p2a: Calyrex|0 fnt\n|-damage|p2b: Rillaboom|72\/100\n|faint|p2a: Calyrex\n|\n|-heal|p2b: Rillaboom|77\/100|[from] Grassy Terrain\n|-heal|p1b: Oranguru|36\/100|[from] Grassy Terrain\n|upkeep\n|inactive|Matty1919 has 30 seconds left.\n|\n|t:|1739473464\n|switch|p2a: Raging Bolt|Raging Bolt, L50|100\/100\n|-enditem|p2a: Raging Bolt|Booster Energy\n|-activate|p2a: Raging Bolt|ability: Protosynthesis|[fromitem]\n|-start|p2a: Raging Bolt|protosynthesisspa\n|turn|3\n|j| snowperegrine\n|\n|t:|1739473482\n|-terastallize|p2a: Raging Bolt|Fairy\n|move|p1a: Miraidon|Calm Mind|p1a: Miraidon\n|-boost|p1a: Miraidon|spa|1\n|-boost|p1a: Miraidon|spd|1\n|move|p2b: Rillaboom|Wood Hammer|p1a: Miraidon\n|-resisted|p1a: Miraidon\n|-damage|p1a: Miraidon|81\/100\n|-damage|p2b: Rillaboom|71\/100|[from] Recoil\n|move|p2a: Raging Bolt|Draco Meteor|p1a: Miraidon\n|-supereffective|p1a: Miraidon\n|-damage|p1a: Miraidon|24\/100\n|-unboost|p2a: Raging Bolt|spa|2\n|move|p1b: Oranguru|Instruct|p1a: Miraidon\n|-singleturn|p1a: Miraidon|move: Instruct|[of] p1b: Oranguru\n|move|p1a: Miraidon|Calm Mind|p1a: Miraidon\n|-boost|p1a: Miraidon|spa|1\n|-boost|p1a: Miraidon|spd|1\n|\n|-heal|p1a: Miraidon|30\/100|[from] Grassy Terrain\n|-heal|p2b: Rillaboom|77\/100|[from] Grassy Terrain\n|-heal|p1b: Oranguru|42\/100|[from] Grassy Terrain\n|upkeep\n|turn|4\n|inactive|xatseye has 30 seconds left.\n|inactive|Matty1919 has 30 seconds left.\n|\n|t:|1739473508\n|move|p1a: Miraidon|Parabolic Charge|p2a: Raging Bolt|[spread] p1b,p2a,p2b\n|-resisted|p2b: Rillaboom\n|-damage|p1b: Oranguru|0 fnt\n|-heal|p1a: Miraidon|50\/100|[from] drain|[of] p1b: Oranguru\n|-damage|p2a: Raging Bolt|39\/100\n|-heal|p1a: Miraidon|86\/100|[from] drain|[of] p2a: Raging Bolt\n|-damage|p2b: Rillaboom|56\/100\n|-heal|p1a: Miraidon|97\/100|[from] drain|[of] p2b: Rillaboom\n|faint|p1b: Oranguru\n|move|p2b: Rillaboom|Wood Hammer|p1a: Miraidon\n|-resisted|p1a: Miraidon\n|-damage|p1a: Miraidon|77\/100\n|-damage|p2b: Rillaboom|49\/100|[from] Recoil\n|move|p2a: Raging Bolt|Draco Meteor|p1a: Miraidon|[miss]\n|-miss|p2a: Raging Bolt|p1a: Miraidon\n|\n|-heal|p1a: Miraidon|83\/100|[from] Grassy Terrain\n|-heal|p2b: Rillaboom|55\/100|[from] Grassy Terrain\n|-heal|p2a: Raging Bolt|45\/100|[from] Grassy Terrain\n|upkeep\n|\n|t:|1739473530\n|switch|p1b: Iron Valiant|Iron Valiant, L50|100\/100\n|-enditem|p1b: Iron Valiant|Booster Energy\n|-activate|p1b: Iron Valiant|ability: Quark Drive|[fromitem]\n|-start|p1b: Iron Valiant|quarkdrivespe\n|turn|5\n|\n|t:|1739473540\n|move|p1b: Iron Valiant|Wide Guard|p1b: Iron Valiant\n|-singleturn|p1b: Iron Valiant|Wide Guard\n|move|p1a: Miraidon|Parabolic Charge|p2b: Rillaboom|[spread] p2a,p2b\n|-activate|p1b: Iron Valiant|move: Wide Guard\n|-resisted|p2b: Rillaboom\n|-damage|p2a: Raging Bolt|0 fnt\n|-heal|p1a: Miraidon|100\/100|[from] drain|[of] p2a: Raging Bolt\n|-damage|p2b: Rillaboom|32\/100\n|faint|p2a: Raging Bolt\n|-end|p2a: Raging Bolt|Protosynthesis|[silent]\n|move|p2b: Rillaboom|U-turn|p1b: Iron Valiant\n|-resisted|p1b: Iron Valiant\n|-damage|p1b: Iron Valiant|94\/100\n|\n|t:|1739473552\n|switch|p2b: Incineroar|Incineroar, L50, M|100\/100|[from] U-turn\n|-ability|p2b: Incineroar|Intimidate|boost\n|-unboost|p1a: Miraidon|atk|1\n|-unboost|p1b: Iron Valiant|atk|1\n|\n|-heal|p1b: Iron Valiant|100\/100|[from] Grassy Terrain\n|-fieldend|move: Grassy Terrain\n|upkeep\n|\n|t:|1739473560\n|switch|p2a: Rillaboom|Rillaboom, L50, M|32\/100\n|-fieldstart|move: Grassy Terrain|[from] ability: Grassy Surge|[of] p2a: Rillaboom\n|turn|6\n|\n|t:|1739473573\n|-end|p1b: Iron Valiant|Quark Drive|[silent]\n|switch|p1b: Incineroar|Incineroar, L50, M|100\/100\n|-ability|p1b: Incineroar|Intimidate|boost\n|-unboost|p2a: Rillaboom|atk|1\n|-unboost|p2b: Incineroar|atk|1\n|move|p1a: Miraidon|Calm Mind|p1a: Miraidon\n|-boost|p1a: Miraidon|spa|1\n|-boost|p1a: Miraidon|spd|1\n|move|p2a: Rillaboom|Wood Hammer|p1a: Miraidon\n|-resisted|p1a: Miraidon\n|-damage|p1a: Miraidon|86\/100\n|-damage|p2a: Rillaboom|27\/100|[from] Recoil\n|move|p2b: Incineroar|Knock Off|p1a: Miraidon\n|-crit|p1a: Miraidon\n|-damage|p1a: Miraidon|38\/100\n|-enditem|p1a: Miraidon|Covert Cloak|[from] move: Knock Off|[of] p2b: Incineroar\n|\n|-heal|p1a: Miraidon|44\/100|[from] Grassy Terrain\n|-heal|p2a: Rillaboom|33\/100|[from] Grassy Terrain\n|upkeep\n|turn|7\n|inactive|Matty1919 has 30 seconds left.\n|\n|t:|1739473602\n|move|p1a: Miraidon|Parabolic Charge|p2a: Rillaboom|[spread] p1b,p2a,p2b\n|-resisted|p2a: Rillaboom\n|-damage|p1b: Incineroar|24\/100\n|-heal|p1a: Miraidon|82\/100|[from] drain|[of] p1b: Incineroar\n|-damage|p2a: Rillaboom|7\/100\n|-heal|p1a: Miraidon|96\/100|[from] drain|[of] p2a: Rillaboom\n|-damage|p2b: Incineroar|32\/100\n|-heal|p1a: Miraidon|100\/100|[from] drain|[of] p2b: Incineroar\n|-enditem|p1b: Incineroar|Sitrus Berry|[eat]\n|-heal|p1b: Incineroar|49\/100|[from] item: Sitrus Berry\n|move|p2a: Rillaboom|Wood Hammer|p1a: Miraidon\n|-resisted|p1a: Miraidon\n|-crit|p1a: Miraidon\n|-damage|p1a: Miraidon|54\/100\n|-damage|p2a: Rillaboom|0 fnt|[from] Recoil\n|faint|p2a: Rillaboom\n|move|p1b: Incineroar|Parting Shot|p2b: Incineroar\n|-unboost|p2b: Incineroar|atk|1\n|-unboost|p2b: Incineroar|spa|1\n|\n|t:|1739473619\n|switch|p1b: Iron Valiant|Iron Valiant, L50|100\/100|[from] Parting Shot\n|move|p2b: Incineroar|Knock Off|p1a: Miraidon\n|-damage|p1a: Miraidon|46\/100\n|\n|-heal|p1a: Miraidon|52\/100|[from] Grassy Terrain\n|-heal|p2b: Incineroar|38\/100|[from] Grassy Terrain\n|upkeep\n|turn|8\n|\n|t:|1739473634\n|move|p1b: Iron Valiant|Wide Guard|p1b: Iron Valiant\n|-singleturn|p1b: Iron Valiant|Wide Guard\n|move|p1a: Miraidon|Parabolic Charge|p2b: Incineroar|[spread] p2b\n|-activate|p1b: Iron Valiant|move: Wide Guard\n|-damage|p2b: Incineroar|0 fnt\n|-heal|p1a: Miraidon|71\/100|[from] drain|[of] p2b: Incineroar\n|faint|p2b: Incineroar\n|\n|win|xatseye\n|raw|xatseye's rating: 1646 &rarr; <strong>1662<\/strong><br \/>(+16 for winning)\n|raw|Matty1919's rating: 1570 &rarr; <strong>1554<\/strong><br \/>(-16 for losing)\n|l|\u2606Matty1919\n|player|p2|\n|l|\u2606xatseye\n|player|p1|\n","uploadtime":1739473886,"views":15,"formatid":"gen9vgc2025regg","rating":1554,"private":0,"password":null}