{"id":"gen9vgc2025regg-2300197993","format":"[Gen 9] VGC 2025 Reg G","players":["xatseye","leozdezolomillo"],"log":"|j|\u2606xatseye\n|j|\u2606leozdezolomillo\n|t:|1739474292\n|gametype|doubles\n|player|p1|xatseye|unknown|1600\n|player|p2|leozdezolomillo|red|1560\n|teamsize|p1|6\n|teamsize|p2|6\n|gen|9\n|tier|[Gen 9] VGC 2025 Reg G\n|rated|\n|rule|Species Clause: Limit one of each Pok\u00e9mon\n|rule|Item Clause: Limit 1 of each item\n|clearpoke\n|poke|p1|Miraidon, L50|\n|poke|p1|Incineroar, L50, M|\n|poke|p1|Urshifu-*, L50, M|\n|poke|p1|Oranguru, L50, M|\n|poke|p1|Clefairy, L50, M|\n|poke|p1|Iron Valiant, L50|\n|poke|p2|Terapagos, L50, M|\n|poke|p2|Ogerpon-Hearthflame, L50, F|\n|poke|p2|Tornadus, L50, M|\n|poke|p2|Smeargle, L50, M|\n|poke|p2|Dondozo, L50, M|\n|poke|p2|Tatsugiri-Droopy, L50, F|\n|teampreview|4\n|inactive|Battle timer is ON: inactive players will automatically lose when time's up. (requested by xatseye)\n|inactive|xatseye has 60 seconds left.\n|inactive|leozdezolomillo has 60 seconds left.\n|j| 413XPlayz\n|j| MagmaFreeze\n|l| 413XPlayz\n|\n|t:|1739474351\n|start\n|switch|p1a: Miraidon|Miraidon, L50|100\/100\n|switch|p1b: Oranguru|Oranguru, L50, M|100\/100\n|switch|p2a: Smeargle|Smeargle, L50, M|100\/100\n|switch|p2b: Terapagos|Terapagos, L50, M|100\/100\n|-activate|p2b: Terapagos|ability: Tera Shift\n|detailschange|p2b: Terapagos|Terapagos-Terastal, L50, M\n|-heal|p2b: Terapagos|100\/100|[silent]\n|-fieldstart|move: Electric Terrain|[from] ability: Hadron Engine|[of] p1a: Miraidon\n|-enditem|p1a: Miraidon|Electric Seed\n|-boost|p1a: Miraidon|def|1|[from] item: Electric Seed\n|-activate|p1b: Oranguru|ability: Symbiosis|Covert Cloak|[of] p1a: Miraidon\n|turn|1\n|inactive|leozdezolomillo has 30 seconds left.\n|\n|t:|1739474385\n|move|p2a: Smeargle|Fake Out|p1a: Miraidon\n|-damage|p1a: Miraidon|98\/100\n|move|p1a: Miraidon|Calm Mind|p1a: Miraidon\n|-boost|p1a: Miraidon|spa|1\n|-boost|p1a: Miraidon|spd|1\n|move|p2b: Terapagos|Tera Starstorm|p1a: Miraidon\n|-damage|p1a: Miraidon|50\/100\n|move|p1b: Oranguru|Instruct|p1a: Miraidon\n|-singleturn|p1a: Miraidon|move: Instruct|[of] p1b: Oranguru\n|move|p1a: Miraidon|Calm Mind|p1a: Miraidon\n|-boost|p1a: Miraidon|spa|1\n|-boost|p1a: Miraidon|spd|1\n|\n|-ability|p2a: Smeargle|Moody|boost\n|-boost|p2a: Smeargle|atk|2\n|-unboost|p2a: Smeargle|spa|1\n|upkeep\n|turn|2\n|\n|t:|1739474410\n|-terastallize|p2b: Terapagos|Stellar\n|detailschange|p2b: Terapagos|Terapagos-Stellar, L50, M, tera:Stellar\n|-heal|p2b: Terapagos|100\/100|[silent]\n|-ability|p2b: Terapagos|Teraform Zero\n|-fieldend|move: Electric Terrain\n|move|p2a: Smeargle|Follow Me|p2a: Smeargle\n|-singleturn|p2a: Smeargle|move: Follow Me\n|move|p1a: Miraidon|Parabolic Charge|p2a: Smeargle|[spread] p1b,p2a,p2b\n|-damage|p1b: Oranguru|67\/100\n|-heal|p1a: Miraidon|66\/100|[from] drain|[of] p1b: Oranguru\n|-enditem|p2a: Smeargle|Focus Sash\n|-damage|p2a: Smeargle|1\/100\n|-heal|p1a: Miraidon|99\/100|[from] drain|[of] p2a: Smeargle\n|-damage|p2b: Terapagos|68\/100\n|-heal|p1a: Miraidon|100\/100|[from] drain|[of] p2b: Terapagos\n|move|p2b: Terapagos|Tera Starstorm|p1a: Miraidon|[spread] p1a,p1b\n|-damage|p1a: Miraidon|75\/100\n|-damage|p1b: Oranguru|20\/100\n|move|p1b: Oranguru|Instruct|p2a: Smeargle\n|-singleturn|p2a: Smeargle|move: Instruct|[of] p1b: Oranguru\n|move|p2a: Smeargle|Follow Me||[still]\n|-fail|p2a: Smeargle\n|\n|-ability|p2a: Smeargle|Moody|boost\n|-boost|p2a: Smeargle|atk|2\n|-unboost|p2a: Smeargle|def|1\n|upkeep\n|turn|3\n|inactive|xatseye has 30 seconds left.\n|inactive|leozdezolomillo has 30 seconds left.\n|j| PoggibonsiCity\n|\n|t:|1739474442\n|move|p2a: Smeargle|Follow Me|p2a: Smeargle\n|-singleturn|p2a: Smeargle|move: Follow Me\n|move|p1a: Miraidon|Parabolic Charge|p2a: Smeargle|[spread] p1b,p2a,p2b\n|-damage|p1b: Oranguru|0 fnt\n|-heal|p1a: Miraidon|85\/100|[from] drain|[of] p1b: Oranguru\n|-damage|p2a: Smeargle|0 fnt\n|-heal|p1a: Miraidon|85\/100|[from] drain|[of] p2a: Smeargle\n|-damage|p2b: Terapagos|37\/100\n|-heal|p1a: Miraidon|100\/100|[from] drain|[of] p2b: Terapagos\n|faint|p1b: Oranguru\n|faint|p2a: Smeargle\n|move|p2b: Terapagos|Tera Starstorm|p1a: Miraidon\n|-damage|p1a: Miraidon|68\/100\n|\n|upkeep\n|inactive|leozdezolomillo has 30 seconds left.\n|inactive|leozdezolomillo has 20 seconds left.\n|inactive|leozdezolomillo has 15 seconds left.\n|inactive|leozdezolomillo has 10 seconds left.\n|inactive|leozdezolomillo has 5 seconds left.\n|\n|t:|1739474497\n|switch|p2a: Dondozo|Dondozo, L50, M|100\/100\n|switch|p1b: Incineroar|Incineroar, L50, M|100\/100\n|-ability|p1b: Incineroar|Intimidate|boost\n|-unboost|p2a: Dondozo|atk|1\n|-unboost|p2b: Terapagos|atk|1\n|turn|4\n|\n|t:|1739474521\n|switch|p2b: Tatsugiri|Tatsugiri-Droopy, L50, F|100\/100\n|-activate|p2b: Tatsugiri|ability: Commander|[of] p2a: Dondozo\n|-boost|p2a: Dondozo|atk|2\n|-boost|p2a: Dondozo|spa|2\n|-boost|p2a: Dondozo|spe|2\n|-boost|p2a: Dondozo|def|2\n|-boost|p2a: Dondozo|spd|2\n|-terastallize|p1b: Incineroar|Grass\n|move|p1a: Miraidon|Protect|p1a: Miraidon\n|-singleturn|p1a: Miraidon|Protect\n|move|p2a: Dondozo|Protect|p2a: Dondozo\n|-singleturn|p2a: Dondozo|Protect\n|move|p1b: Incineroar|Parting Shot|p2a: Dondozo\n|-activate|p2a: Dondozo|move: Protect\n|\n|upkeep\n|turn|5\n|\n|t:|1739474545\n|move|p1a: Miraidon|Parabolic Charge|p2b: Tatsugiri|[spread] p1b,p2a\n|-miss|p1a: Miraidon|p2b: Tatsugiri\n|-resisted|p1b: Incineroar\n|-supereffective|p2a: Dondozo\n|-damage|p1b: Incineroar|80\/100\n|-heal|p1a: Miraidon|78\/100|[from] drain|[of] p1b: Incineroar\n|-damage|p2a: Dondozo|73\/100\n|-heal|p1a: Miraidon|95\/100|[from] drain|[of] p2a: Dondozo\n|move|p2a: Dondozo|Order Up|p1a: Miraidon\n|-supereffective|p1a: Miraidon\n|-damage|p1a: Miraidon|46\/100\n|-boost|p2a: Dondozo|def|1\n|move|p1b: Incineroar|Parting Shot|p2a: Dondozo\n|-unboost|p2a: Dondozo|atk|1\n|-unboost|p2a: Dondozo|spa|1\n|\n|t:|1739474559\n|switch|p1b: Iron Valiant|Iron Valiant, L50|100\/100|[from] Parting Shot\n|-enditem|p1b: Iron Valiant|Booster Energy\n|-activate|p1b: Iron Valiant|ability: Quark Drive|[fromitem]\n|-start|p1b: Iron Valiant|quarkdrivespe\n|\n|-heal|p2a: Dondozo|79\/100|[from] item: Leftovers\n|upkeep\n|turn|6\n|j| continuethesaga\n|\n|t:|1739474574\n|move|p1a: Miraidon|Protect|p1a: Miraidon\n|-singleturn|p1a: Miraidon|Protect\n|move|p1b: Iron Valiant|Encore|p2a: Dondozo\n|-start|p2a: Dondozo|Encore\n|move|p2a: Dondozo|Order Up|p1a: Miraidon\n|-activate|p1a: Miraidon|move: Protect\n|\n|-heal|p2a: Dondozo|85\/100|[from] item: Leftovers\n|upkeep\n|turn|7\n|\n|t:|1739474587\n|move|p1b: Iron Valiant|Disable|p2a: Dondozo\n|-start|p2a: Dondozo|Disable|Order Up\n|move|p1a: Miraidon|Calm Mind|p1a: Miraidon\n|-boost|p1a: Miraidon|spa|1\n|-boost|p1a: Miraidon|spd|1\n|cant|p2a: Dondozo|Disable|Order Up\n|\n|-heal|p2a: Dondozo|91\/100|[from] item: Leftovers\n|upkeep\n|turn|8\n|inactive|xatseye has 30 seconds left.\n|\n|t:|1739474613\n|move|p1b: Iron Valiant|Wide Guard|p1b: Iron Valiant\n|-singleturn|p1b: Iron Valiant|Wide Guard\n|move|p1a: Miraidon|Parabolic Charge|p2a: Dondozo|[spread] p2a\n|-miss|p1a: Miraidon|p2b: Tatsugiri\n|-activate|p1b: Iron Valiant|move: Wide Guard\n|-supereffective|p2a: Dondozo\n|-damage|p2a: Dondozo|67\/100\n|-heal|p1a: Miraidon|61\/100|[from] drain|[of] p2a: Dondozo\n|-activate|p2a: Dondozo|move: Struggle\n|move|p2a: Dondozo|Struggle|p1a: Miraidon\n|-damage|p1a: Miraidon|51\/100\n|-damage|p2a: Dondozo|42\/100|[from] recoil\n|\n|-heal|p2a: Dondozo|48\/100|[from] item: Leftovers\n|-end|p2a: Dondozo|Encore\n|upkeep\n|turn|9\n|inactive|xatseye has 30 seconds left.\n|\n|t:|1739474642\n|move|p1a: Miraidon|Protect|p1a: Miraidon\n|-singleturn|p1a: Miraidon|Protect\n|move|p1b: Iron Valiant|Spirit Break|p2a: Dondozo\n|-damage|p2a: Dondozo|42\/100\n|-unboost|p2a: Dondozo|spa|1\n|move|p2a: Dondozo|Body Press|p1a: Miraidon\n|-activate|p1a: Miraidon|move: Protect\n|\n|-heal|p2a: Dondozo|48\/100|[from] item: Leftovers\n|upkeep\n|turn|10\n|inactive|xatseye has 30 seconds left.\n|\n|t:|1739474672\n|move|p1b: Iron Valiant|Wide Guard|p1b: Iron Valiant\n|-singleturn|p1b: Iron Valiant|Wide Guard\n|move|p1a: Miraidon|Parabolic Charge|p2b: Tatsugiri|[spread] p2a\n|-miss|p1a: Miraidon|p2b: Tatsugiri\n|-activate|p1b: Iron Valiant|move: Wide Guard\n|-supereffective|p2a: Dondozo\n|-damage|p2a: Dondozo|21\/100\n|-heal|p1a: Miraidon|68\/100|[from] drain|[of] p2a: Dondozo\n|move|p2a: Dondozo|Body Press|p1a: Miraidon\n|-damage|p1a: Miraidon|11\/100\n|\n|-heal|p2a: Dondozo|27\/100|[from] item: Leftovers\n|-end|p2a: Dondozo|Disable\n|upkeep\n|turn|11\n|inactive|leozdezolomillo has 30 seconds left.\n|inactive|leozdezolomillo has 20 seconds left.\n|\n|t:|1739474709\n|move|p1a: Miraidon|Protect|p1a: Miraidon\n|-singleturn|p1a: Miraidon|Protect\n|move|p1b: Iron Valiant|Encore|p2a: Dondozo\n|-start|p2a: Dondozo|Encore\n|move|p2a: Dondozo|Body Press|p1a: Miraidon\n|-activate|p1a: Miraidon|move: Protect\n|\n|-heal|p2a: Dondozo|33\/100|[from] item: Leftovers\n|upkeep\n|turn|12\n|\n|t:|1739474719\n|move|p1b: Iron Valiant|Disable|p2a: Dondozo\n|-start|p2a: Dondozo|Disable|Body Press\n|move|p1a: Miraidon|Dragon Pulse|p2a: Dondozo\n|-damage|p2a: Dondozo|12\/100\n|cant|p2a: Dondozo|Disable|Body Press\n|\n|-heal|p2a: Dondozo|18\/100|[from] item: Leftovers\n|upkeep\n|turn|13\n|\n|t:|1739474743\n|move|p1b: Iron Valiant|Wide Guard|p1b: Iron Valiant\n|-singleturn|p1b: Iron Valiant|Wide Guard\n|move|p1a: Miraidon|Parabolic Charge|p2a: Dondozo|[spread] p2a\n|-miss|p1a: Miraidon|p2b: Tatsugiri\n|-activate|p1b: Iron Valiant|move: Wide Guard\n|-supereffective|p2a: Dondozo\n|-damage|p2a: Dondozo|0 fnt\n|-heal|p1a: Miraidon|23\/100|[from] drain|[of] p2a: Dondozo\n|faint|p2a: Dondozo\n|\n|upkeep\n|\n|t:|1739474750\n|switch|p2a: Terapagos|Terapagos-Stellar, L50, M, tera:Stellar|37\/100\n|turn|14\n|\n|t:|1739474767\n|move|p1a: Miraidon|Protect|p1a: Miraidon\n|-singleturn|p1a: Miraidon|Protect\n|move|p1b: Iron Valiant|Spirit Break|p2b: Tatsugiri\n|-supereffective|p2b: Tatsugiri\n|-damage|p2b: Tatsugiri|0 fnt\n|faint|p2b: Tatsugiri\n|move|p2a: Terapagos|Dark Pulse|p1b: Iron Valiant\n|-resisted|p1b: Iron Valiant\n|-damage|p1b: Iron Valiant|81\/100\n|\n|upkeep\n|turn|15\n|-message|leozdezolomillo forfeited.\n|\n|win|xatseye\n|raw|xatseye's rating: 1600 &rarr; <strong>1618<\/strong><br \/>(+18 for winning)\n|raw|leozdezolomillo's rating: 1560 &rarr; <strong>1542<\/strong><br \/>(-18 for losing)\n|l|\u2606leozdezolomillo\n|player|p2|\n|l|\u2606xatseye\n|player|p1|\n","uploadtime":1739474796,"views":11,"formatid":"gen9vgc2025regg","rating":1542,"private":0,"password":null}