{"id":"gen9vgc2025regg-2300386060","format":"[Gen 9] VGC 2025 Reg G","players":["hyperium1233","aoiharada"],"log":"|j|\u2606hyperium1233\n|j|\u2606aoiharada\n|t:|1739495367\n|gametype|doubles\n|player|p1|hyperium1233|#ptpl3medicham|1605\n|player|p2|aoiharada|170|1685\n|teamsize|p1|6\n|teamsize|p2|6\n|gen|9\n|tier|[Gen 9] VGC 2025 Reg G\n|rated|\n|rule|Species Clause: Limit one of each Pok\u00e9mon\n|rule|Item Clause: Limit 1 of each item\n|clearpoke\n|poke|p1|Calyrex-Ice, L50|\n|poke|p1|Urshifu-*, L50, M|\n|poke|p1|Pelipper, L50, F|\n|poke|p1|Amoonguss, L50, M|\n|poke|p1|Iron Valiant, L50|\n|poke|p1|Landorus, L50, M|\n|poke|p2|Weezing-Galar, L50, F|\n|poke|p2|Calyrex-Shadow, L50|\n|poke|p2|Dondozo, L50, M|\n|poke|p2|Tatsugiri, L50, F|\n|poke|p2|Incineroar, L50, F|\n|poke|p2|Roaring Moon, L50|\n|teampreview|4\n|\n|t:|1739495402\n|start\n|switch|p1a: Landorus|Landorus, L50, M|100\/100\n|switch|p1b: Pelipper|Pelipper, L50, F|100\/100\n|switch|p2a: Calyrex|Calyrex-Shadow, L50|100\/100\n|switch|p2b: Weezing|Weezing-Galar, L50, F|100\/100\n|-ability|p2b: Weezing|Neutralizing Gas\n|-ability|p2a: Calyrex|As One\n|-ability|p2a: Calyrex|Unnerve\n|turn|1\n|\n|t:|1739495415\n|move|p1b: Pelipper|Wide Guard|p1b: Pelipper\n|-singleturn|p1b: Pelipper|Wide Guard\n|move|p1a: Landorus|Sandsear Storm|p2a: Calyrex|[spread] p2a,p2b\n|-supereffective|p2b: Weezing\n|-damage|p2a: Calyrex|62\/100\n|-damage|p2b: Weezing|31\/100\n|-status|p2b: Weezing|brn\n|-enditem|p2b: Weezing|Sitrus Berry|[eat]\n|-heal|p2b: Weezing|56\/100 brn|[from] item: Sitrus Berry\n|move|p2a: Calyrex|Psychic|p1a: Landorus\n|-crit|p1a: Landorus\n|-damage|p1a: Landorus|0 fnt\n|faint|p1a: Landorus\n|-ability|p2a: Calyrex|Grim Neigh|boost\n|-boost|p2a: Calyrex|spa|1\n|move|p2b: Weezing|Toxic Spikes|p1b: Pelipper\n|-sidestart|p1: hyperium1233|move: Toxic Spikes\n|\n|-damage|p2b: Weezing|50\/100 brn|[from] brn\n|upkeep\n|\n|t:|1739495429\n|switch|p1a: Amoonguss|Amoonguss, L50, M|100\/100\n|-sideend|p1: hyperium1233|move: Toxic Spikes|[of] p1a: Amoonguss\n|turn|2\n|\n|t:|1739495442\n|switch|p1a: Calyrex|Calyrex-Ice, L50|100\/100\n|-ability|p1a: Calyrex|As One\n|-ability|p1a: Calyrex|Unnerve\n|move|p2a: Calyrex|Psychic|p1b: Pelipper\n|-damage|p1b: Pelipper|0 fnt\n|faint|p1b: Pelipper\n|-ability|p2a: Calyrex|Grim Neigh|boost\n|-boost|p2a: Calyrex|spa|1\n|move|p2b: Weezing|Strange Steam|p1a: Calyrex|[miss]\n|-miss|p2b: Weezing|p1a: Calyrex\n|\n|-damage|p2b: Weezing|44\/100 brn|[from] brn\n|upkeep\n|\n|t:|1739495446\n|switch|p1b: Amoonguss|Amoonguss, L50, M|100\/100\n|turn|3\n|\n|t:|1739495456\n|-terastallize|p1a: Calyrex|Grass\n|move|p1b: Amoonguss|Rage Powder|p1b: Amoonguss\n|-singleturn|p1b: Amoonguss|move: Rage Powder\n|move|p2a: Calyrex|Psychic|p1b: Amoonguss\n|-supereffective|p1b: Amoonguss\n|-damage|p1b: Amoonguss|0 fnt\n|faint|p1b: Amoonguss\n|-ability|p2a: Calyrex|Grim Neigh|boost\n|-boost|p2a: Calyrex|spa|1\n|move|p2b: Weezing|Poison Gas|p1a: Calyrex\n|-status|p1a: Calyrex|psn\n|move|p1a: Calyrex|Trick Room|p1a: Calyrex\n|-fieldstart|move: Trick Room|[of] p1a: Calyrex\n|\n|-damage|p1a: Calyrex|88\/100 psn|[from] psn\n|-damage|p2b: Weezing|38\/100 brn|[from] brn\n|upkeep\n|turn|4\n|\n|t:|1739495471\n|-end|p2b: Weezing|ability: Neutralizing Gas\n|switch|p2b: Tatsugiri|Tatsugiri, L50, F|100\/100\n|switch|p2a: Dondozo|Dondozo, L50, M|100\/100\n|-activate|p2b: Tatsugiri|ability: Commander|[of] p2a: Dondozo\n|-boost|p2a: Dondozo|atk|2\n|-boost|p2a: Dondozo|spa|2\n|-boost|p2a: Dondozo|spe|2\n|-boost|p2a: Dondozo|def|2\n|-boost|p2a: Dondozo|spd|2\n|move|p1a: Calyrex|Glacial Lance|p2a: Dondozo|[spread] p2a\n|-miss|p1a: Calyrex|p2b: Tatsugiri\n|-resisted|p2a: Dondozo\n|-damage|p2a: Dondozo|92\/100\n|\n|-heal|p2a: Dondozo|99\/100|[from] item: Leftovers\n|-damage|p1a: Calyrex|76\/100 psn|[from] psn\n|upkeep\n|turn|5\n|-message|hyperium1233 forfeited.\n|\n|win|aoiharada\n|raw|hyperium1233's rating: 1605 &rarr; <strong>1590<\/strong><br \/>(-15 for losing)\n|raw|aoiharada's rating: 1685 &rarr; <strong>1700<\/strong><br \/>(+15 for winning)\n|l|\u2606hyperium1233\n|player|p1|\n|l|\u2606aoiharada\n|player|p2|\n","uploadtime":1739495653,"views":5,"formatid":"gen9vgc2025regg","rating":1590,"private":0,"password":null}