{"id":"gen9vgc2025regg-2300794456","format":"[Gen 9] VGC 2025 Reg G","players":["chaddiestchad","pig duck eater"],"log":"|j|\u2606chaddiestchad\n|j|\u2606pig duck eater\n|t:|1739554714\n|gametype|doubles\n|player|p1|chaddiestchad|supernerd|1684\n|player|p2|pig duck eater|1|1678\n|teamsize|p1|6\n|teamsize|p2|6\n|gen|9\n|tier|[Gen 9] VGC 2025 Reg G\n|rated|\n|rule|Species Clause: Limit one of each Pok\u00e9mon\n|rule|Item Clause: Limit 1 of each item\n|clearpoke\n|poke|p1|Calyrex-Shadow, L50|\n|poke|p1|Ogerpon-Hearthflame, L50, F|\n|poke|p1|Incineroar, L50, M|\n|poke|p1|Urshifu-*, L50, F|\n|poke|p1|Rillaboom, L50, M|\n|poke|p1|Raging Bolt, L50|\n|poke|p2|Calyrex-Shadow, L50|\n|poke|p2|Torkoal, L50, F|\n|poke|p2|Walking Wake, L50|\n|poke|p2|Indeedee-F, L50, F|\n|poke|p2|Ogerpon, L50, F|\n|poke|p2|Weezing-Galar, L50, F|\n|teampreview|4\n|inactive|Battle timer is ON: inactive players will automatically lose when time's up. (requested by chaddiestchad)\n|inactive|chaddiestchad has 60 seconds left.\n|inactive|pig duck eater has 60 seconds left.\n|j| 413XPlayz\n|\n|t:|1739554774\n|start\n|switch|p1a: Calyrex|Calyrex-Shadow, L50|100\/100\n|switch|p1b: Ogerpon|Ogerpon-Hearthflame, L50, F|100\/100\n|switch|p2a: Torkoal|Torkoal, L50, F|100\/100\n|switch|p2b: Walking Wake|Walking Wake, L50|100\/100\n|-ability|p1a: Calyrex|As One\n|-ability|p1a: Calyrex|Unnerve\n|-ability|p1b: Ogerpon|Mold Breaker\n|-weather|SunnyDay|[from] ability: Drought|[of] p2a: Torkoal\n|-activate|p2b: Walking Wake|ability: Protosynthesis\n|-start|p2b: Walking Wake|protosynthesisspe\n|turn|1\n|\n|t:|1739554794\n|move|p1b: Ogerpon|Follow Me|p1b: Ogerpon\n|-singleturn|p1b: Ogerpon|move: Follow Me\n|move|p2b: Walking Wake|Snarl|p1a: Calyrex|[spread] p1a,p1b\n|-supereffective|p1a: Calyrex\n|-crit|p1a: Calyrex\n|-damage|p1a: Calyrex|20\/100\n|-damage|p1b: Ogerpon|84\/100\n|-unboost|p1a: Calyrex|spa|1\n|-unboost|p1b: Ogerpon|spa|1\n|move|p1a: Calyrex|Astral Barrage|p2b: Walking Wake|[spread] p2a,p2b\n|-damage|p2a: Torkoal|43\/100\n|-damage|p2b: Walking Wake|44\/100\n|move|p2a: Torkoal|Stealth Rock|p1a: Calyrex\n|-sidestart|p1: chaddiestchad|move: Stealth Rock\n|\n|-weather|SunnyDay|[upkeep]\n|upkeep\n|turn|2\n|inactive|chaddiestchad has 30 seconds left.\n|inactive|pig duck eater has 30 seconds left.\n|inactive|chaddiestchad has 20 seconds left.\n|\n|t:|1739554833\n|move|p1a: Calyrex|Protect|p1a: Calyrex\n|-singleturn|p1a: Calyrex|Protect\n|move|p2b: Walking Wake|Snarl|p1b: Ogerpon|[spread] p1b\n|-activate|p1a: Calyrex|move: Protect\n|-damage|p1b: Ogerpon|70\/100\n|-unboost|p1b: Ogerpon|spa|1\n|move|p1b: Ogerpon|Horn Leech|p2b: Walking Wake\n|-damage|p2b: Walking Wake|0 fnt\n|-heal|p1b: Ogerpon|94\/100|[from] drain|[of] p2b: Walking Wake\n|faint|p2b: Walking Wake\n|-end|p2b: Walking Wake|Protosynthesis|[silent]\n|move|p2a: Torkoal|Eruption|p1b: Ogerpon|[spread] p1b\n|-activate|p1a: Calyrex|move: Protect\n|-damage|p1b: Ogerpon|60\/100\n|\n|-weather|SunnyDay|[upkeep]\n|upkeep\n|\n|t:|1739554846\n|switch|p2b: Calyrex|Calyrex-Shadow, L50|100\/100\n|-ability|p2b: Calyrex|As One\n|-ability|p2b: Calyrex|Unnerve\n|turn|3\n|l| 413XPlayz\n|\n|t:|1739554867\n|move|p2b: Calyrex|Protect|p2b: Calyrex\n|-singleturn|p2b: Calyrex|Protect\n|move|p1b: Ogerpon|Spiky Shield|p1b: Ogerpon\n|-singleturn|p1b: Ogerpon|move: Protect\n|move|p2a: Torkoal|Protect|p2a: Torkoal\n|-singleturn|p2a: Torkoal|Protect\n|move|p1a: Calyrex|Astral Barrage|p2a: Torkoal|[spread] \n|-activate|p2a: Torkoal|move: Protect\n|-activate|p2b: Calyrex|move: Protect\n|\n|-weather|SunnyDay|[upkeep]\n|upkeep\n|turn|4\n|inactive|chaddiestchad has 30 seconds left.\n|\n|t:|1739554896\n|switch|p1b: Rillaboom|Rillaboom, L50, M|100\/100\n|-damage|p1b: Rillaboom|88\/100|[from] Stealth Rock\n|-fieldstart|move: Grassy Terrain|[from] ability: Grassy Surge|[of] p1b: Rillaboom\n|move|p2a: Torkoal|Helping Hand|p2b: Calyrex\n|-singleturn|p2b: Calyrex|Helping Hand|[of] p2a: Torkoal\n|move|p2b: Calyrex|Astral Barrage|p1a: Calyrex|[spread] p1a,p1b\n|-supereffective|p1a: Calyrex\n|-damage|p1a: Calyrex|0 fnt\n|-damage|p1b: Rillaboom|42\/100\n|faint|p1a: Calyrex\n|-ability|p2b: Calyrex|Grim Neigh|boost\n|-boost|p2b: Calyrex|spa|1\n|\n|-weather|SunnyDay|[upkeep]\n|-heal|p1b: Rillaboom|48\/100|[from] Grassy Terrain\n|-heal|p2a: Torkoal|49\/100|[from] Grassy Terrain\n|upkeep\n|\n|t:|1739554914\n|switch|p1a: Ogerpon|Ogerpon-Hearthflame, L50, F|60\/100\n|-damage|p1a: Ogerpon|35\/100|[from] Stealth Rock\n|-ability|p1a: Ogerpon|Mold Breaker\n|turn|5\n|\n|t:|1739554938\n|switch|p2a: Indeedee|Indeedee-F, L50, F|100\/100\n|-fieldstart|move: Psychic Terrain|[from] ability: Psychic Surge|[of] p2a: Indeedee\n|-enditem|p2a: Indeedee|Psychic Seed\n|-boost|p2a: Indeedee|spd|1|[from] item: Psychic Seed\n|-terastallize|p2b: Calyrex|Stellar\n|move|p1a: Ogerpon|Spiky Shield|p1a: Ogerpon\n|-singleturn|p1a: Ogerpon|move: Protect\n|move|p2b: Calyrex|Expanding Force|p1b: Rillaboom|[spread] p1b\n|-activate|p1a: Ogerpon|move: Protect\n|-damage|p1b: Rillaboom|0 fnt\n|faint|p1b: Rillaboom\n|-ability|p2b: Calyrex|Grim Neigh|boost\n|-boost|p2b: Calyrex|spa|1\n|\n|-weather|none\n|upkeep\n|-message|chaddiestchad forfeited.\n|\n|win|pig duck eater\n|raw|chaddiestchad's rating: 1684 &rarr; <strong>1664<\/strong><br \/>(-20 for losing)\n|raw|pig duck eater's rating: 1678 &rarr; <strong>1698<\/strong><br \/>(+20 for winning)\n|l|\u2606chaddiestchad\n|player|p1|\n|l|\u2606pig duck eater\n|player|p2|\n","uploadtime":1739555147,"views":12,"formatid":"gen9vgc2025regg","rating":1664,"private":0,"password":null}