{"id":"gen9vgc2025regg-2300135578","format":"[Gen 9] VGC 2025 Reg G","players":["bieiup","TheFreshPrints"],"log":"|j|\u2606bieiup\n|j|\u2606TheFreshPrints\n|t:|1739468317\n|gametype|doubles\n|player|p1|bieiup|lillie-z|1608\n|player|p2|TheFreshPrints|170|1543\n|teamsize|p1|6\n|teamsize|p2|6\n|gen|9\n|tier|[Gen 9] VGC 2025 Reg G\n|rated|\n|rule|Species Clause: Limit one of each Pok\u00e9mon\n|rule|Item Clause: Limit 1 of each item\n|clearpoke\n|poke|p1|Raging Bolt, L50|\n|poke|p1|Miraidon, L50|\n|poke|p1|Chi-Yu, L50|\n|poke|p1|Torkoal, L50, F|\n|poke|p1|Farigiraf, L50, F|\n|poke|p1|Ursaluna, L50, M|\n|poke|p2|Calyrex-Shadow, L50|\n|poke|p2|Chi-Yu, L50|\n|poke|p2|Tornadus, L50, M|\n|poke|p2|Indeedee-F, L50, F|\n|poke|p2|Urshifu-*, L50, M|\n|poke|p2|Iron Bundle, L50|\n|teampreview|4\n|inactive|Battle timer is ON: inactive players will automatically lose when time's up. (requested by bieiup)\n|inactive|bieiup has 60 seconds left.\n|\n|t:|1739468356\n|start\n|switch|p1a: Raging Bolt|Raging Bolt, L50|100\/100\n|switch|p1b: Torkoal|Torkoal, L50, F|100\/100\n|switch|p2a: Iron Bundle|Iron Bundle, L50|100\/100\n|switch|p2b: Indeedee|Indeedee-F, L50, F|100\/100\n|-fieldstart|move: Psychic Terrain|[from] ability: Psychic Surge|[of] p2b: Indeedee\n|-enditem|p2b: Indeedee|Psychic Seed\n|-boost|p2b: Indeedee|spd|1|[from] item: Psychic Seed\n|-weather|SunnyDay|[from] ability: Drought|[of] p1b: Torkoal\n|-activate|p1a: Raging Bolt|ability: Protosynthesis\n|-start|p1a: Raging Bolt|protosynthesisspa\n|-item|p1b: Torkoal|Air Balloon\n|-enditem|p2a: Iron Bundle|Booster Energy\n|-activate|p2a: Iron Bundle|ability: Quark Drive|[fromitem]\n|-start|p2a: Iron Bundle|quarkdrivespe\n|turn|1\n|inactive|TheFreshPrints has 30 seconds left.\n|\n|t:|1739468384\n|move|p1a: Raging Bolt|Protect|p1a: Raging Bolt\n|-singleturn|p1a: Raging Bolt|Protect\n|move|p2a: Iron Bundle|Freeze-Dry|p1a: Raging Bolt\n|-activate|p1a: Raging Bolt|move: Protect\n|move|p2b: Indeedee|Imprison|p2b: Indeedee\n|-start|p2b: Indeedee|move: Imprison\n|move|p1b: Torkoal|Overheat|p2b: Indeedee\n|-damage|p2b: Indeedee|47\/100\n|-unboost|p1b: Torkoal|spa|2\n|\n|-weather|SunnyDay|[upkeep]\n|upkeep\n|turn|2\n|\n|t:|1739468407\n|switch|p1b: Miraidon|Miraidon, L50|100\/100\n|-fieldstart|move: Electric Terrain|[from] ability: Hadron Engine|[of] p1b: Miraidon\n|-terastallize|p1a: Raging Bolt|Electric\n|move|p2b: Indeedee|Helping Hand|p2a: Iron Bundle\n|-singleturn|p2a: Iron Bundle|Helping Hand|[of] p2b: Indeedee\n|move|p2a: Iron Bundle|Freeze-Dry|p1a: Raging Bolt\n|-damage|p1a: Raging Bolt|50\/100\n|move|p1a: Raging Bolt|Rising Voltage|p2a: Iron Bundle\n|-hint|Rising Voltage's BP doubled on grounded target.\n|-supereffective|p2a: Iron Bundle\n|-damage|p2a: Iron Bundle|0 fnt\n|faint|p2a: Iron Bundle\n|-end|p2a: Iron Bundle|Quark Drive|[silent]\n|-damage|p1a: Raging Bolt|40\/100|[from] item: Life Orb\n|\n|-weather|SunnyDay|[upkeep]\n|upkeep\n|\n|t:|1739468429\n|switch|p2a: Urshifu|Urshifu, L50, M|100\/100\n|turn|3\n|\n|t:|1739468440\n|-end|p1a: Raging Bolt|Protosynthesis|[silent]\n|switch|p1a: Chi-Yu|Chi-Yu, L50|100\/100\n|-ability|p1a: Chi-Yu|Beads of Ruin\n|-terastallize|p2a: Urshifu|Fairy\n|move|p2b: Indeedee|Follow Me|p2b: Indeedee\n|-singleturn|p2b: Indeedee|move: Follow Me\n|move|p1b: Miraidon|Volt Switch|p2b: Indeedee\n|-damage|p2b: Indeedee|0 fnt\n|faint|p2b: Indeedee\n|\n|t:|1739468445\n|switch|p1b: Torkoal|Torkoal, L50, F|100\/100|[from] Volt Switch\n|-item|p1b: Torkoal|Air Balloon\n|move|p2a: Urshifu|Wicked Blow|p1a: Chi-Yu\n|-resisted|p1a: Chi-Yu\n|-crit|p1a: Chi-Yu\n|-damage|p1a: Chi-Yu|44\/100\n|\n|-weather|SunnyDay|[upkeep]\n|upkeep\n|\n|t:|1739468455\n|switch|p2b: Tornadus|Tornadus, L50, M|100\/100\n|turn|4\n|j| greenstantler2\n|\n|t:|1739468474\n|move|p2b: Tornadus|Rain Dance|p2b: Tornadus\n|-weather|RainDance\n|move|p1a: Chi-Yu|Heat Wave|p2b: Tornadus|[spread] p2b\n|-miss|p1a: Chi-Yu|p2a: Urshifu\n|-damage|p2b: Tornadus|69\/100\n|move|p2a: Urshifu|Wicked Blow|p1b: Torkoal\n|-crit|p1b: Torkoal\n|-damage|p1b: Torkoal|55\/100\n|-enditem|p1b: Torkoal|Air Balloon\n|move|p1b: Torkoal|Overheat|p2a: Urshifu\n|-damage|p2a: Urshifu|39\/100\n|-unboost|p1b: Torkoal|spa|2\n|\n|-weather|RainDance|[upkeep]\n|upkeep\n|turn|5\n|inactive|TheFreshPrints has 30 seconds left.\n|\n|t:|1739468507\n|move|p1b: Torkoal|Helping Hand|p1a: Chi-Yu\n|-singleturn|p1a: Chi-Yu|Helping Hand|[of] p1b: Torkoal\n|move|p2a: Urshifu|Detect|p2a: Urshifu\n|-singleturn|p2a: Urshifu|Protect\n|move|p2b: Tornadus|Tailwind|p2b: Tornadus\n|-sidestart|p2: TheFreshPrints|move: Tailwind\n|move|p1a: Chi-Yu|Heat Wave|p2b: Tornadus|[spread] p2b\n|-activate|p2a: Urshifu|move: Protect\n|-damage|p2b: Tornadus|27\/100\n|\n|-weather|RainDance|[upkeep]\n|upkeep\n|turn|6\n|\n|t:|1739468525\n|move|p2a: Urshifu|Wicked Blow|p1b: Torkoal\n|-crit|p1b: Torkoal\n|-damage|p1b: Torkoal|2\/100\n|move|p2b: Tornadus|Bleakwind Storm|p1a: Chi-Yu|[spread] p1a,p1b\n|-damage|p1a: Chi-Yu|0 fnt\n|-damage|p1b: Torkoal|0 fnt\n|faint|p1a: Chi-Yu\n|faint|p1b: Torkoal\n|\n|-weather|RainDance|[upkeep]\n|-fieldend|move: Electric Terrain\n|upkeep\n|\n|t:|1739468528\n|switch|p1a: Miraidon|Miraidon, L50|100\/100\n|switch|p1b: Raging Bolt|Raging Bolt, L50, tera:Electric|40\/100\n|-fieldstart|move: Electric Terrain|[from] ability: Hadron Engine|[of] p1a: Miraidon\n|turn|7\n|\n|t:|1739468545\n|move|p2b: Tornadus|Protect|p2b: Tornadus\n|-singleturn|p2b: Tornadus|Protect\n|move|p2a: Urshifu|Sucker Punch|p1b: Raging Bolt\n|-damage|p1b: Raging Bolt|1\/100\n|move|p1b: Raging Bolt|Thunderclap||[still]\n|-fail|p1b: Raging Bolt\n|move|p1a: Miraidon|Volt Switch|p2a: Urshifu\n|-damage|p2a: Urshifu|0 fnt\n|faint|p2a: Urshifu\n|\n|-weather|RainDance|[upkeep]\n|upkeep\n|turn|8\n|inactive|TheFreshPrints has 30 seconds left.\n|\n|t:|1739468575\n|move|p1b: Raging Bolt|Thunderclap|p2b: Tornadus\n|-supereffective|p2b: Tornadus\n|-damage|p2b: Tornadus|0 fnt\n|faint|p2b: Tornadus\n|-damage|p1b: Raging Bolt|0 fnt|[from] item: Life Orb\n|faint|p1b: Raging Bolt\n|-end|p1b: Raging Bolt|Protosynthesis|[silent]\n|\n|win|bieiup\n|raw|bieiup's rating: 1608 &rarr; <strong>1624<\/strong><br \/>(+16 for winning)\n|raw|TheFreshPrints's rating: 1543 &rarr; <strong>1527<\/strong><br \/>(-16 for losing)\n|l|\u2606TheFreshPrints\n|player|p2|\n","uploadtime":1739468717,"views":9,"formatid":"gen9vgc2025regg","rating":1527,"private":0,"password":null}