{"id":"gen9vgc2025regg-2300282129","format":"[Gen 9] VGC 2025 Reg G","players":["LostCityOfAtlanta","RICHARDHAVOC"],"log":"|j|\u2606LostCityOfAtlanta\n|j|\u2606RICHARDHAVOC\n|t:|1739482727\n|gametype|doubles\n|player|p1|LostCityOfAtlanta|102|1502\n|player|p2|RICHARDHAVOC|steven|1640\n|teamsize|p1|6\n|teamsize|p2|6\n|gen|9\n|tier|[Gen 9] VGC 2025 Reg G\n|rated|\n|rule|Species Clause: Limit one of each Pok\u00e9mon\n|rule|Item Clause: Limit 1 of each item\n|clearpoke\n|poke|p1|Zacian-*, L50|\n|poke|p1|Regidrago, L50|\n|poke|p1|Urshifu-*, L50, F|\n|poke|p1|Tornadus, L50, M|\n|poke|p1|Flutter Mane, L50|\n|poke|p1|Indeedee-F, L50, F|\n|poke|p2|Zamazenta-*, L50|\n|poke|p2|Moltres-Galar, L50|\n|poke|p2|Chien-Pao, L50|\n|poke|p2|Entei, L50|\n|poke|p2|Flutter Mane, L50|\n|poke|p2|Amoonguss, L50, M|\n|teampreview|4\n|\n|t:|1739482800\n|start\n|switch|p1a: Regidrago|Regidrago, L50|100\/100\n|switch|p1b: Tornadus|Tornadus, L50, M|100\/100\n|switch|p2a: Amoonguss|Amoonguss, L50, M, shiny|100\/100\n|switch|p2b: Entei|Entei, L50, shiny|100\/100\n|turn|1\n|\n|t:|1739482817\n|-terastallize|p2b: Entei|Normal\n|-terastallize|p1a: Regidrago|Ghost\n|move|p2b: Entei|Extreme Speed|p1a: Regidrago\n|-immune|p1a: Regidrago\n|move|p1b: Tornadus|Tailwind|p1b: Tornadus\n|-sidestart|p1: LostCityOfAtlanta|move: Tailwind\n|move|p1a: Regidrago|Dragon Energy|p2a: Amoonguss|[spread] p2a,p2b\n|-damage|p2a: Amoonguss|0 fnt\n|-damage|p2b: Entei|0 fnt\n|faint|p2a: Amoonguss\n|faint|p2b: Entei\n|\n|upkeep\n|\n|t:|1739482823\n|switch|p2b: Flutter Mane|Flutter Mane, L50, shiny|100\/100\n|switch|p2a: Zamazenta|Zamazenta-Crowned, L50, shiny|100\/100\n|-ability|p2a: Zamazenta|Dauntless Shield|boost\n|-boost|p2a: Zamazenta|def|1\n|-enditem|p2b: Flutter Mane|Booster Energy\n|-activate|p2b: Flutter Mane|ability: Protosynthesis|[fromitem]\n|-start|p2b: Flutter Mane|protosynthesisspe\n|turn|2\n|\n|t:|1739482832\n|move|p2a: Zamazenta|Wide Guard|p2a: Zamazenta\n|-singleturn|p2a: Zamazenta|Wide Guard\n|move|p1b: Tornadus|Rain Dance|p1b: Tornadus\n|-weather|RainDance\n|move|p2b: Flutter Mane|Icy Wind|p1b: Tornadus|[spread] p1a,p1b\n|-supereffective|p1b: Tornadus\n|-damage|p1a: Regidrago|89\/100\n|-damage|p1b: Tornadus|81\/100\n|-unboost|p1a: Regidrago|spe|1\n|move|p1a: Regidrago|Dragon Energy|p2a: Zamazenta|[spread] \n|-activate|p2a: Zamazenta|move: Wide Guard\n|-activate|p2b: Flutter Mane|move: Wide Guard\n|\n|-weather|RainDance|[upkeep]\n|upkeep\n|turn|3\n|j| Tuffa92\n|\n|t:|1739482850\n|switch|p1a: Zacian|Zacian-Crowned, L50|100\/100\n|-ability|p1a: Zacian|Intrepid Sword|boost\n|-boost|p1a: Zacian|atk|1\n|move|p2a: Zamazenta|Wide Guard|p2a: Zamazenta\n|-singleturn|p2a: Zamazenta|Wide Guard\n|move|p2b: Flutter Mane|Icy Wind|p1a: Zacian|[spread] p1a,p1b\n|-resisted|p1a: Zacian\n|-supereffective|p1b: Tornadus\n|-damage|p1a: Zacian|95\/100\n|-damage|p1b: Tornadus|61\/100\n|-unboost|p1a: Zacian|spe|1\n|move|p1b: Tornadus|Bleakwind Storm|p2b: Flutter Mane|[spread] \n|-activate|p2a: Zamazenta|move: Wide Guard\n|-activate|p2b: Flutter Mane|move: Wide Guard\n|\n|-weather|RainDance|[upkeep]\n|upkeep\n|turn|4\n|\n|t:|1739482861\n|move|p1b: Tornadus|Protect|p1b: Tornadus\n|-singleturn|p1b: Tornadus|Protect\n|move|p2b: Flutter Mane|Thunder Wave|p1a: Zacian\n|-status|p1a: Zacian|par\n|move|p2a: Zamazenta|Body Press|p1a: Zacian\n|-damage|p1a: Zacian|32\/100 par\n|cant|p1a: Zacian|par\n|\n|-weather|RainDance|[upkeep]\n|-sideend|p1: LostCityOfAtlanta|move: Tailwind\n|upkeep\n|turn|5\n|c|\u2606LostCityOfAtlanta|twave flutter mane is a disease that must be quarantined\n|\n|t:|1739482896\n|switch|p1a: Regidrago|Regidrago, L50, tera:Ghost|89\/100\n|move|p1b: Tornadus|Tailwind|p1b: Tornadus\n|-sidestart|p1: LostCityOfAtlanta|move: Tailwind\n|move|p2b: Flutter Mane|Moonblast|p1a: Regidrago\n|-crit|p1a: Regidrago\n|-damage|p1a: Regidrago|23\/100\n|-unboost|p1a: Regidrago|spa|1\n|move|p2a: Zamazenta|Behemoth Bash|p1b: Tornadus\n|-damage|p1b: Tornadus|13\/100\n|\n|-weather|RainDance|[upkeep]\n|upkeep\n|turn|6\n|\n|t:|1739482910\n|move|p2a: Zamazenta|Wide Guard|p2a: Zamazenta\n|-singleturn|p2a: Zamazenta|Wide Guard\n|move|p2b: Flutter Mane|Icy Wind|p1a: Regidrago|[spread] p1a,p1b\n|-supereffective|p1b: Tornadus\n|-damage|p1a: Regidrago|11\/100\n|-damage|p1b: Tornadus|0 fnt\n|-unboost|p1a: Regidrago|spe|1\n|faint|p1b: Tornadus\n|move|p1a: Regidrago|Tera Blast|p2b: Flutter Mane|[anim] Tera Blast Ghost\n|-supereffective|p2b: Flutter Mane\n|-damage|p2b: Flutter Mane|25\/100\n|\n|-weather|none\n|upkeep\n|\n|t:|1739482916\n|switch|p1b: Urshifu|Urshifu-Rapid-Strike, L50, F|100\/100\n|turn|7\n|\n|t:|1739482929\n|move|p1b: Urshifu|Surging Strikes|p2b: Flutter Mane\n|-crit|p2b: Flutter Mane\n|-damage|p2b: Flutter Mane|0 fnt\n|faint|p2b: Flutter Mane\n|-end|p2b: Flutter Mane|Protosynthesis|[silent]\n|-hitcount|p2: Flutter Mane|1\n|move|p2a: Zamazenta|Behemoth Bash|p1a: Regidrago\n|-damage|p1a: Regidrago|0 fnt\n|faint|p1a: Regidrago\n|\n|upkeep\n|\n|t:|1739482931\n|switch|p1a: Zacian|Zacian-Crowned, L50|32\/100 par\n|turn|8\n|\n|t:|1739482941\n|move|p1b: Urshifu|Close Combat|p2a: Zamazenta\n|-supereffective|p2a: Zamazenta\n|-damage|p2a: Zamazenta|47\/100\n|-unboost|p1b: Urshifu|def|1\n|-unboost|p1b: Urshifu|spd|1\n|move|p1a: Zacian|Sacred Sword|p2a: Zamazenta\n|-supereffective|p2a: Zamazenta\n|-damage|p2a: Zamazenta|3\/100\n|move|p2a: Zamazenta|Body Press|p1b: Urshifu\n|-damage|p1b: Urshifu|1\/100\n|\n|-sideend|p1: LostCityOfAtlanta|move: Tailwind\n|upkeep\n|turn|9\n|\n|t:|1739482948\n|move|p1b: Urshifu|Aqua Jet|p2a: Zamazenta\n|-damage|p2a: Zamazenta|0 fnt\n|faint|p2a: Zamazenta\n|\n|win|LostCityOfAtlanta\n|raw|LostCityOfAtlanta's rating: 1502 &rarr; <strong>1530<\/strong><br \/>(+28 for winning)\n|raw|RICHARDHAVOC's rating: 1640 &rarr; <strong>1612<\/strong><br \/>(-28 for losing)\n|l|\u2606RICHARDHAVOC\n|player|p2|\n","uploadtime":1739482953,"views":5,"formatid":"gen9vgc2025regg","rating":1530,"private":0,"password":null}