{"id":"gen9vgc2025regg-2300024239","format":"[Gen 9] VGC 2025 Reg G","players":["zero_the_enforcer","chin8"],"log":"|j|\u2606zero_the_enforcer\n|j|\u2606chin8\n|t:|1739457029\n|gametype|doubles\n|player|p1|zero_the_enforcer|265|1550\n|player|p2|chin8|gentleman-gen4dp|1616\n|teamsize|p1|6\n|teamsize|p2|6\n|gen|9\n|tier|[Gen 9] VGC 2025 Reg G\n|rated|\n|rule|Species Clause: Limit one of each Pok\u00e9mon\n|rule|Item Clause: Limit 1 of each item\n|clearpoke\n|poke|p1|Miraidon, L50|\n|poke|p1|Iron Hands, L50|\n|poke|p1|Chi-Yu, L50|\n|poke|p1|Farigiraf, L50, F|\n|poke|p1|Whimsicott, L50, M|\n|poke|p1|Urshifu-*, L50, M|\n|poke|p2|Calyrex-Shadow, L50|\n|poke|p2|Incineroar, L50, M|\n|poke|p2|Rillaboom, L50, F|\n|poke|p2|Gastrodon-East, L50, M|\n|poke|p2|Hitmonchan, L50, M|\n|poke|p2|Tropius, L50, F|\n|teampreview|4\n|inactive|Battle timer is ON: inactive players will automatically lose when time's up. (requested by chin8)\n|\n|t:|1739457047\n|start\n|switch|p1a: Urshifu|Urshifu-Rapid-Strike, L50, M|100\/100\n|switch|p1b: Chi-Yu|Chi-Yu, L50|100\/100\n|switch|p2a: Calyrex|Calyrex-Shadow, L50|100\/100\n|switch|p2b: Rillaboom|Rillaboom, L50, F|100\/100\n|-ability|p2a: Calyrex|As One\n|-ability|p2a: Calyrex|Unnerve\n|-ability|p1b: Chi-Yu|Beads of Ruin\n|-fieldstart|move: Grassy Terrain|[from] ability: Grassy Surge|[of] p2b: Rillaboom\n|turn|1\n|\n|t:|1739457064\n|switch|p2b: Gastrodon|Gastrodon-East, L50, M, shiny|100\/100\n|-terastallize|p2a: Calyrex|Fairy\n|move|p1b: Chi-Yu|Heat Wave|p2a: Calyrex|[spread] p2b\n|-miss|p1b: Chi-Yu|p2a: Calyrex\n|-resisted|p2b: Gastrodon\n|-damage|p2b: Gastrodon|79\/100\n|move|p2a: Calyrex|Calm Mind|p2a: Calyrex\n|-boost|p2a: Calyrex|spa|1\n|-boost|p2a: Calyrex|spd|1\n|move|p1a: Urshifu|U-turn|p2a: Calyrex\n|-resisted|p2a: Calyrex\n|-damage|p2a: Calyrex|88\/100\n|\n|t:|1739457086\n|switch|p1a: Whimsicott|Whimsicott, L50, M|100\/100|[from] U-turn\n|\n|-heal|p2a: Calyrex|94\/100|[from] Grassy Terrain\n|-heal|p2b: Gastrodon|85\/100|[from] Grassy Terrain\n|-heal|p2b: Gastrodon|91\/100|[from] item: Leftovers\n|upkeep\n|turn|2\n|\n|t:|1739457094\n|move|p1a: Whimsicott|Tailwind|p1a: Whimsicott\n|-sidestart|p1: zero_the_enforcer|move: Tailwind\n|move|p1b: Chi-Yu|Heat Wave|p2b: Gastrodon|[spread] p2a,p2b\n|-resisted|p2b: Gastrodon\n|-damage|p2a: Calyrex|57\/100\n|-damage|p2b: Gastrodon|71\/100\n|move|p2a: Calyrex|Calm Mind|p2a: Calyrex\n|-boost|p2a: Calyrex|spa|1\n|-boost|p2a: Calyrex|spd|1\n|move|p2b: Gastrodon|Earth Power|p1b: Chi-Yu\n|-supereffective|p1b: Chi-Yu\n|-damage|p1b: Chi-Yu|35\/100\n|\n|-heal|p1b: Chi-Yu|41\/100|[from] Grassy Terrain\n|-heal|p2a: Calyrex|63\/100|[from] Grassy Terrain\n|-heal|p2b: Gastrodon|77\/100|[from] Grassy Terrain\n|-heal|p2b: Gastrodon|83\/100|[from] item: Leftovers\n|upkeep\n|turn|3\n|\n|t:|1739457110\n|-terastallize|p1b: Chi-Yu|Fire\n|move|p1b: Chi-Yu|Heat Wave|p2b: Gastrodon|[spread] p2a\n|-miss|p1b: Chi-Yu|p2b: Gastrodon\n|-damage|p2a: Calyrex|24\/100\n|move|p1a: Whimsicott|Moonblast|p2a: Calyrex\n|-damage|p2a: Calyrex|0 fnt\n|faint|p2a: Calyrex\n|move|p2b: Gastrodon|Earth Power|p1b: Chi-Yu\n|-supereffective|p1b: Chi-Yu\n|-damage|p1b: Chi-Yu|0 fnt\n|faint|p1b: Chi-Yu\n|\n|-heal|p2b: Gastrodon|89\/100|[from] Grassy Terrain\n|-heal|p2b: Gastrodon|95\/100|[from] item: Leftovers\n|upkeep\n|\n|t:|1739457128\n|switch|p2a: Incineroar|Incineroar, L50, M|100\/100\n|switch|p1b: Miraidon|Miraidon, L50|100\/100\n|-fieldstart|move: Electric Terrain|[from] ability: Hadron Engine|[of] p1b: Miraidon\n|-ability|p2a: Incineroar|Intimidate|boost\n|-unboost|p1a: Whimsicott|atk|1\n|-unboost|p1b: Miraidon|atk|1\n|turn|4\n|\n|t:|1739457139\n|switch|p2a: Rillaboom|Rillaboom, L50, F|100\/100\n|-fieldstart|move: Grassy Terrain|[from] ability: Grassy Surge|[of] p2a: Rillaboom\n|move|p1a: Whimsicott|Light Screen|p1a: Whimsicott\n|-sidestart|p1: zero_the_enforcer|move: Light Screen\n|move|p1b: Miraidon|Electro Drift|p2a: Rillaboom\n|-resisted|p2a: Rillaboom\n|-damage|p2a: Rillaboom|72\/100\n|move|p2b: Gastrodon|Earth Power|p1b: Miraidon\n|-supereffective|p1b: Miraidon\n|-damage|p1b: Miraidon|73\/100\n|\n|-heal|p1b: Miraidon|79\/100|[from] Grassy Terrain\n|-heal|p2a: Rillaboom|78\/100|[from] Grassy Terrain\n|-heal|p2b: Gastrodon|100\/100|[from] Grassy Terrain\n|upkeep\n|turn|5\n|inactive|zero_the_enforcer has 30 seconds left.\n|\n|t:|1739457167\n|switch|p1b: Urshifu|Urshifu-Rapid-Strike, L50, M|100\/100\n|move|p1a: Whimsicott|Endeavor|p2b: Gastrodon\n|-damage|p2b: Gastrodon|63\/100\n|move|p2a: Rillaboom|Wood Hammer|p1b: Urshifu\n|-supereffective|p1b: Urshifu\n|-damage|p1b: Urshifu|0 fnt\n|faint|p1b: Urshifu\n|-damage|p2a: Rillaboom|45\/100|[from] Recoil\n|move|p2b: Gastrodon|Earth Power|p1a: Whimsicott\n|-resisted|p1a: Whimsicott\n|-damage|p1a: Whimsicott|86\/100\n|\n|-heal|p1a: Whimsicott|92\/100|[from] Grassy Terrain\n|-heal|p2a: Rillaboom|51\/100|[from] Grassy Terrain\n|-heal|p2b: Gastrodon|69\/100|[from] Grassy Terrain\n|-heal|p2b: Gastrodon|75\/100|[from] item: Leftovers\n|-sideend|p1: zero_the_enforcer|move: Tailwind\n|upkeep\n|\n|t:|1739457188\n|switch|p1b: Miraidon|Miraidon, L50|79\/100\n|-fieldstart|move: Electric Terrain|[from] ability: Hadron Engine|[of] p1b: Miraidon\n|turn|6\n|inactive|zero_the_enforcer has 30 seconds left.\n|\n|t:|1739457214\n|switch|p2a: Incineroar|Incineroar, L50, M|100\/100\n|-ability|p2a: Incineroar|Intimidate|boost\n|-unboost|p1a: Whimsicott|atk|1\n|-unboost|p1b: Miraidon|atk|1\n|move|p2b: Gastrodon|Protect|p2b: Gastrodon\n|-singleturn|p2b: Gastrodon|Protect\n|move|p1a: Whimsicott|Endeavor|p2b: Gastrodon\n|-activate|p2b: Gastrodon|move: Protect\n|move|p1b: Miraidon|Dazzling Gleam|p2b: Gastrodon|[spread] p2a\n|-activate|p2b: Gastrodon|move: Protect\n|-damage|p2a: Incineroar|64\/100\n|\n|-heal|p2b: Gastrodon|81\/100|[from] item: Leftovers\n|upkeep\n|turn|7\n|\n|t:|1739457224\n|move|p2a: Incineroar|Fake Out|p1b: Miraidon\n|-damage|p1b: Miraidon|69\/100\n|move|p1a: Whimsicott|Endeavor|p2a: Incineroar\n|-damage|p2a: Incineroar|62\/100\n|cant|p1b: Miraidon|flinch\n|move|p2b: Gastrodon|Earth Power|p1b: Miraidon\n|-supereffective|p1b: Miraidon\n|-damage|p1b: Miraidon|40\/100\n|\n|-heal|p2b: Gastrodon|87\/100|[from] item: Leftovers\n|upkeep\n|turn|8\n|\n|t:|1739457233\n|switch|p2a: Rillaboom|Rillaboom, L50, F|51\/100\n|-fieldstart|move: Grassy Terrain|[from] ability: Grassy Surge|[of] p2a: Rillaboom\n|move|p1a: Whimsicott|Moonblast|p2a: Rillaboom\n|-damage|p2a: Rillaboom|27\/100\n|-unboost|p2a: Rillaboom|spa|1\n|move|p1b: Miraidon|Dazzling Gleam|p2b: Gastrodon|[spread] p2a,p2b\n|-damage|p2a: Rillaboom|3\/100\n|-damage|p2b: Gastrodon|66\/100\n|move|p2b: Gastrodon|Earth Power|p1b: Miraidon\n|-supereffective|p1b: Miraidon\n|-damage|p1b: Miraidon|15\/100\n|\n|-heal|p1a: Whimsicott|98\/100|[from] Grassy Terrain\n|-heal|p1b: Miraidon|20\/100|[from] Grassy Terrain\n|-heal|p2a: Rillaboom|9\/100|[from] Grassy Terrain\n|-heal|p2b: Gastrodon|72\/100|[from] Grassy Terrain\n|-heal|p2b: Gastrodon|78\/100|[from] item: Leftovers\n|-sideend|p1: zero_the_enforcer|move: Light Screen\n|upkeep\n|turn|9\n|\n|t:|1739457241\n|move|p2a: Rillaboom|Fake Out|p1b: Miraidon\n|-damage|p1b: Miraidon|8\/100\n|move|p1a: Whimsicott|Moonblast|p2a: Rillaboom\n|-damage|p2a: Rillaboom|0 fnt\n|faint|p2a: Rillaboom\n|cant|p1b: Miraidon|flinch\n|move|p2b: Gastrodon|Earth Power|p1b: Miraidon\n|-supereffective|p1b: Miraidon\n|-damage|p1b: Miraidon|0 fnt\n|faint|p1b: Miraidon\n|\n|-heal|p1a: Whimsicott|100\/100|[from] Grassy Terrain\n|-heal|p2b: Gastrodon|84\/100|[from] Grassy Terrain\n|-heal|p2b: Gastrodon|90\/100|[from] item: Leftovers\n|upkeep\n|\n|t:|1739457244\n|switch|p2a: Incineroar|Incineroar, L50, M|62\/100\n|-ability|p2a: Incineroar|Intimidate|boost\n|-unboost|p1a: Whimsicott|atk|1\n|turn|10\n|\n|t:|1739457250\n|move|p1a: Whimsicott|Moonblast|p2a: Incineroar\n|-damage|p2a: Incineroar|33\/100\n|move|p2a: Incineroar|Knock Off|p1a: Whimsicott\n|-resisted|p1a: Whimsicott\n|-damage|p1a: Whimsicott|67\/100\n|-enditem|p1a: Whimsicott|Focus Sash|[from] move: Knock Off|[of] p2a: Incineroar\n|move|p2b: Gastrodon|Icy Wind|p1a: Whimsicott\n|-supereffective|p1a: Whimsicott\n|-damage|p1a: Whimsicott|28\/100\n|-unboost|p1a: Whimsicott|spe|1\n|\n|-heal|p1a: Whimsicott|34\/100|[from] Grassy Terrain\n|-heal|p2a: Incineroar|39\/100|[from] Grassy Terrain\n|-heal|p2b: Gastrodon|96\/100|[from] Grassy Terrain\n|-heal|p2b: Gastrodon|100\/100|[from] item: Leftovers\n|upkeep\n|turn|11\n|\n|t:|1739457261\n|move|p1a: Whimsicott|Moonblast|p2a: Incineroar\n|-damage|p2a: Incineroar|6\/100\n|-unboost|p2a: Incineroar|spa|1\n|-enditem|p2a: Incineroar|Aguav Berry|[eat]\n|-heal|p2a: Incineroar|40\/100|[from] item: Aguav Berry\n|move|p2a: Incineroar|Knock Off|p1a: Whimsicott\n|-resisted|p1a: Whimsicott\n|-damage|p1a: Whimsicott|14\/100\n|move|p2b: Gastrodon|Icy Wind|p1a: Whimsicott\n|-supereffective|p1a: Whimsicott\n|-damage|p1a: Whimsicott|0 fnt\n|faint|p1a: Whimsicott\n|\n|win|chin8\n|raw|zero_the_enforcer's rating: 1550 &rarr; <strong>1534<\/strong><br \/>(-16 for losing)\n|raw|chin8's rating: 1616 &rarr; <strong>1632<\/strong><br \/>(+16 for winning)\n|l|\u2606zero_the_enforcer\n|player|p1|\n|l|\u2606chin8\n|player|p2|\n","uploadtime":1739457409,"views":4,"formatid":"gen9vgc2025regg","rating":1534,"private":0,"password":null}