{"id":"gen9vgc2025regg-2300223683","format":"[Gen 9] VGC 2025 Reg G","players":["longhq","xatseye"],"log":"|j|\u203dlonghq\n|j|\u2606xatseye\n|t:|1739476771\n|gametype|doubles\n|player|p1|longhq|dawn|1555\n|player|p2|xatseye|unknown|1604\n|teamsize|p1|6\n|teamsize|p2|6\n|gen|9\n|tier|[Gen 9] VGC 2025 Reg G\n|rated|\n|rule|Species Clause: Limit one of each Pok\u00e9mon\n|rule|Item Clause: Limit 1 of each item\n|clearpoke\n|poke|p1|Raging Bolt, L50|\n|poke|p1|Koraidon, L50|\n|poke|p1|Indeedee-F, L50, F|\n|poke|p1|Kingambit, L50, M|\n|poke|p1|Jumpluff, L50, F|\n|poke|p1|Iron Bundle, L50|\n|poke|p2|Calyrex-Shadow, L50|\n|poke|p2|Indeedee-F, L50, F|\n|poke|p2|Flutter Mane, L50|\n|poke|p2|Tornadus, L50, M|\n|poke|p2|Chi-Yu, L50|\n|poke|p2|Urshifu-*, L50, F|\n|teampreview|4\n|inactive|Battle timer is ON: inactive players will automatically lose when time's up. (requested by xatseye)\n|j| comfy n ez 2 wear\n|j| mr pogostick\n|\n|t:|1739476797\n|start\n|switch|p1a: Iron Bundle|Iron Bundle, L50|100\/100\n|switch|p1b: Koraidon|Koraidon, L50|100\/100\n|switch|p2a: Urshifu|Urshifu-Rapid-Strike, L50, F|100\/100\n|switch|p2b: Tornadus|Tornadus, L50, M|100\/100\n|-weather|SunnyDay|[from] ability: Orichalcum Pulse|[of] p1b: Koraidon\n|-activate|p1b: Koraidon|Orichalcum Pulse|[source]\n|-enditem|p1a: Iron Bundle|Booster Energy\n|-activate|p1a: Iron Bundle|ability: Quark Drive|[fromitem]\n|-start|p1a: Iron Bundle|quarkdrivespe\n|turn|1\n|\n|t:|1739476820\n|move|p2b: Tornadus|Rain Dance|p2b: Tornadus\n|-weather|RainDance\n|move|p1a: Iron Bundle|Freeze-Dry|p2a: Urshifu\n|-supereffective|p2a: Urshifu\n|-damage|p2a: Urshifu|4\/100\n|-status|p2a: Urshifu|frz\n|cant|p2a: Urshifu|frz\n|move|p1b: Koraidon|Breaking Swipe|p2a: Urshifu|[spread] p2a,p2b\n|-damage|p2a: Urshifu|0 fnt\n|-damage|p2b: Tornadus|43\/100\n|-unboost|p2b: Tornadus|atk|1\n|faint|p2a: Urshifu\n|\n|-weather|RainDance|[upkeep]\n|upkeep\n|\n|t:|1739476833\n|switch|p2a: Calyrex|Calyrex-Shadow, L50|100\/100\n|-ability|p2a: Calyrex|As One\n|-ability|p2a: Calyrex|Unnerve\n|turn|2\n|\n|t:|1739476847\n|-terastallize|p1a: Iron Bundle|Normal\n|move|p2b: Tornadus|Tailwind|p2b: Tornadus\n|-sidestart|p2: xatseye|move: Tailwind\n|move|p2a: Calyrex|Astral Barrage|p1a: Iron Bundle|[spread] p1b\n|-immune|p1a: Iron Bundle\n|-damage|p1b: Koraidon|15\/100\n|move|p1a: Iron Bundle|Icy Wind|p2b: Tornadus|[spread] p2a,p2b\n|-supereffective|p2b: Tornadus\n|-damage|p2a: Calyrex|81\/100\n|-damage|p2b: Tornadus|0 fnt\n|-unboost|p2a: Calyrex|spe|1\n|faint|p2b: Tornadus\n|move|p1b: Koraidon|Breaking Swipe|p2a: Calyrex\n|-damage|p2a: Calyrex|30\/100\n|-unboost|p2a: Calyrex|atk|1\n|\n|-weather|RainDance|[upkeep]\n|upkeep\n|\n|t:|1739476863\n|switch|p2b: Indeedee|Indeedee-F, L50, F|100\/100\n|-fieldstart|move: Psychic Terrain|[from] ability: Psychic Surge|[of] p2b: Indeedee\n|-enditem|p2b: Indeedee|Psychic Seed\n|-boost|p2b: Indeedee|spd|1|[from] item: Psychic Seed\n|turn|3\n|\n|t:|1739476871\n|switch|p1b: Kingambit|Kingambit, L50, M|100\/100\n|move|p2a: Calyrex|Astral Barrage|p1b: Kingambit|[spread] p1b\n|-immune|p1a: Iron Bundle\n|-resisted|p1b: Kingambit\n|-damage|p1b: Kingambit|65\/100\n|move|p1a: Iron Bundle|Taunt|p2b: Indeedee\n|-start|p2b: Indeedee|move: Taunt\n|move|p2b: Indeedee|Psychic|p1a: Iron Bundle\n|-damage|p1a: Iron Bundle|38\/100\n|-unboost|p1a: Iron Bundle|spd|1\n|\n|-weather|RainDance|[upkeep]\n|upkeep\n|turn|4\n|inactive|longhq has 30 seconds left.\n|\n|t:|1739476897\n|-terastallize|p2a: Calyrex|Fairy\n|move|p1a: Iron Bundle|Protect|p1a: Iron Bundle\n|-singleturn|p1a: Iron Bundle|Protect\n|move|p2a: Calyrex|Astral Barrage|p1a: Iron Bundle|[spread] p1b\n|-activate|p1a: Iron Bundle|move: Protect\n|-resisted|p1b: Kingambit\n|-damage|p1b: Kingambit|26\/100\n|move|p2b: Indeedee|Psychic|p1a: Iron Bundle\n|-activate|p1a: Iron Bundle|move: Protect\n|move|p1b: Kingambit|Kowtow Cleave|p2a: Calyrex\n|-resisted|p2a: Calyrex\n|-damage|p2a: Calyrex|3\/100\n|\n|-weather|RainDance|[upkeep]\n|upkeep\n|turn|5\n|\n|t:|1739476914\n|-end|p1a: Iron Bundle|Quark Drive|[silent]\n|switch|p1a: Jumpluff|Jumpluff, L50, F|100\/100\n|move|p1b: Kingambit|Protect|p1b: Kingambit\n|-singleturn|p1b: Kingambit|Protect\n|move|p2a: Calyrex|Astral Barrage|p1a: Jumpluff|[spread] p1a\n|-activate|p1b: Kingambit|move: Protect\n|-damage|p1a: Jumpluff|29\/100\n|move|p2b: Indeedee|Psychic|p1a: Jumpluff\n|-damage|p1a: Jumpluff|0 fnt\n|faint|p1a: Jumpluff\n|\n|-weather|none\n|-end|p2b: Indeedee|move: Taunt\n|-sideend|p2: xatseye|move: Tailwind\n|upkeep\n|\n|t:|1739476928\n|switch|p1a: Iron Bundle|Iron Bundle, L50, tera:Normal|38\/100\n|turn|6\n|\n|t:|1739476942\n|move|p2b: Indeedee|Follow Me|p2b: Indeedee\n|-singleturn|p2b: Indeedee|move: Follow Me\n|move|p1a: Iron Bundle|Icy Wind|p2b: Indeedee|[spread] p2a,p2b\n|-damage|p2a: Calyrex|0 fnt\n|-damage|p2b: Indeedee|88\/100\n|-unboost|p2b: Indeedee|spe|1\n|faint|p2a: Calyrex\n|move|p1b: Kingambit|Kowtow Cleave|p2b: Indeedee\n|-supereffective|p2b: Indeedee\n|-damage|p2b: Indeedee|0 fnt\n|faint|p2b: Indeedee\n|\n|win|longhq\n|raw|longhq's rating: 1555 &rarr; <strong>1578<\/strong><br \/>(+23 for winning)\n|raw|xatseye's rating: 1604 &rarr; <strong>1581<\/strong><br \/>(-23 for losing)\n|l|\u2606xatseye\n|player|p2|\n|l| mr pogostick\n|l|\u203dlonghq\n|player|p1|\n|l| comfy n ez 2 wear\n","uploadtime":1739477151,"views":9,"formatid":"gen9vgc2025regg","rating":1578,"private":0,"password":null}