{"id":"gen9vgc2025regg-2300453337","format":"[Gen 9] VGC 2025 Reg G","players":["qiin5","lichuvgc"],"log":"|j|\u2606qiin5\n|j|\u2606lichuvgc\n|t:|1739504567\n|gametype|doubles\n|player|p1|qiin5|169|1651\n|player|p2|lichuvgc|266|1633\n|teamsize|p1|6\n|teamsize|p2|6\n|gen|9\n|tier|[Gen 9] VGC 2025 Reg G\n|rated|\n|rule|Species Clause: Limit one of each Pok\u00e9mon\n|rule|Item Clause: Limit 1 of each item\n|clearpoke\n|poke|p1|Smeargle, L50, M|\n|poke|p1|Muk-Alola, L50, M|\n|poke|p1|Annihilape, L50, F|\n|poke|p1|Calyrex-Ice, L50|\n|poke|p1|Sableye, L50, F|\n|poke|p1|Flamigo, L50, F|\n|poke|p2|Calyrex-Ice, L50|\n|poke|p2|Urshifu-*, L50, F|\n|poke|p2|Smeargle, L50, F|\n|poke|p2|Farigiraf, L50, M|\n|poke|p2|Ursaluna-Bloodmoon, L50, M|\n|poke|p2|Torkoal, L50, M|\n|teampreview|4\n|inactive|Battle timer is ON: inactive players will automatically lose when time's up. (requested by qiin5)\n|\n|t:|1739504601\n|start\n|switch|p1a: Smeargle|Smeargle, L50, M|100\/100\n|switch|p1b: Muk|Muk-Alola, L50, M|100\/100\n|switch|p2a: Smeargle|Smeargle, L50, F|100\/100\n|switch|p2b: Farigiraf|Farigiraf, L50, M|100\/100\n|turn|1\n|inactive|qiin5 has 30 seconds left.\n|\n|t:|1739504633\n|move|p2a: Smeargle|Fake Out|p1b: Muk\n|-damage|p1b: Muk|96\/100\n|move|p1a: Smeargle|Spore|p2a: Smeargle\n|-status|p2a: Smeargle|slp|[from] move: Spore\n|cant|p1b: Muk|flinch\n|move|p2b: Farigiraf|Trick Room|p2b: Farigiraf\n|-fieldstart|move: Trick Room|[of] p2b: Farigiraf\n|\n|-heal|p1b: Muk|100\/100|[from] item: Leftovers\n|-ability|p2a: Smeargle|Moody|boost\n|-boost|p2a: Smeargle|spe|2\n|-unboost|p2a: Smeargle|spa|1\n|-enditem|p2a: Smeargle|Eject Pack\n|-ability|p1a: Smeargle|Moody|boost\n|-boost|p1a: Smeargle|spd|2\n|-unboost|p1a: Smeargle|def|1\n|upkeep\n|\n|t:|1739504647\n|switch|p2a: Ursaluna|Ursaluna-Bloodmoon, L50, M|100\/100\n|turn|2\n|\n|t:|1739504659\n|move|p2b: Farigiraf|Ally Switch|p2b: Farigiraf\n|swap|p2b: Farigiraf|0|[from] move: Ally Switch\n|move|p2b: Ursaluna|Blood Moon|p1b: Muk\n|-damage|p1b: Muk|9\/100\n|-damage|p2b: Ursaluna|91\/100|[from] item: Life Orb\n|move|p1b: Muk|Knock Off|p2a: Farigiraf\n|-supereffective|p2a: Farigiraf\n|-damage|p2a: Farigiraf|37\/100\n|-enditem|p2a: Farigiraf|Safety Goggles|[from] move: Knock Off|[of] p1b: Muk\n|move|p1a: Smeargle|Spore|p2a: Farigiraf\n|-status|p2a: Farigiraf|slp|[from] move: Spore\n|\n|-heal|p1b: Muk|15\/100|[from] item: Leftovers\n|-ability|p1a: Smeargle|Moody|boost\n|-boost|p1a: Smeargle|spa|2\n|-unboost|p1a: Smeargle|spd|1\n|upkeep\n|turn|3\n|inactive|lichuvgc has 30 seconds left.\n|inactive|lichuvgc has 20 seconds left.\n|inactive|lichuvgc has 15 seconds left.\n|inactive|lichuvgc has 10 seconds left.\n|\n|t:|1739504707\n|move|p2b: Ursaluna|Hyper Voice|p1a: Smeargle|[spread] p1a,p1b\n|-crit|p1a: Smeargle\n|-enditem|p1a: Smeargle|Focus Sash\n|-damage|p1a: Smeargle|1\/100\n|-damage|p1b: Muk|0 fnt\n|faint|p1b: Muk\n|-damage|p2b: Ursaluna|81\/100|[from] item: Life Orb\n|cant|p2a: Farigiraf|slp\n|move|p1a: Smeargle|Spore|p2b: Ursaluna\n|-status|p2b: Ursaluna|slp|[from] move: Spore\n|\n|-ability|p1a: Smeargle|Moody|boost\n|-boost|p1a: Smeargle|def|2\n|-unboost|p1a: Smeargle|spe|1\n|upkeep\n|\n|t:|1739504711\n|switch|p1b: Calyrex|Calyrex-Ice, L50|100\/100\n|-ability|p1b: Calyrex|As One\n|-ability|p1b: Calyrex|Unnerve\n|turn|4\n|j| Tormentador\n|\n|t:|1739504727\n|-terastallize|p2b: Ursaluna|Ghost\n|-curestatus|p2a: Farigiraf|slp|[msg]\n|move|p2a: Farigiraf|Helping Hand|p2b: Ursaluna\n|-singleturn|p2b: Ursaluna|Helping Hand|[of] p2a: Farigiraf\n|cant|p2b: Ursaluna|slp\n|move|p1b: Calyrex|Glacial Lance|p2b: Ursaluna|[spread] p2a,p2b\n|-damage|p2a: Farigiraf|0 fnt\n|-damage|p2b: Ursaluna|47\/100 slp\n|faint|p2a: Farigiraf\n|-ability|p1b: Calyrex|Chilling Neigh|boost\n|-boost|p1b: Calyrex|atk|1\n|move|p1a: Smeargle|Spore|p2b: Ursaluna\n|-fail|p2b: Ursaluna|slp\n|\n|-ability|p1a: Smeargle|Moody|boost\n|-boost|p1a: Smeargle|spd|2\n|-unboost|p1a: Smeargle|def|1\n|upkeep\n|\n|t:|1739504751\n|switch|p2a: Calyrex|Calyrex-Ice, L50|100\/100\n|-ability|p2a: Calyrex|As One\n|-ability|p2a: Calyrex|Unnerve\n|turn|5\n|\n|t:|1739504761\n|move|p1a: Smeargle|Wide Guard|p1a: Smeargle\n|-singleturn|p1a: Smeargle|Wide Guard\n|move|p2a: Calyrex|Bullet Seed|p1a: Smeargle\n|-damage|p1a: Smeargle|0 fnt\n|faint|p1a: Smeargle\n|-ability|p2a: Calyrex|Chilling Neigh|boost\n|-boost|p2a: Calyrex|atk|1\n|-hitcount|p1: Smeargle|1\n|cant|p2b: Ursaluna|slp\n|move|p1b: Calyrex|Glacial Lance|p2a: Calyrex|[spread] p2a,p2b\n|-resisted|p2a: Calyrex\n|-damage|p2a: Calyrex|80\/100\n|-damage|p2b: Ursaluna|0 fnt\n|faint|p2b: Ursaluna\n|-ability|p1b: Calyrex|Chilling Neigh|boost\n|-boost|p1b: Calyrex|atk|1\n|\n|-fieldend|move: Trick Room\n|upkeep\n|\n|t:|1739504775\n|switch|p1a: Flamigo|Flamigo, L50, F|100\/100\n|switch|p2b: Smeargle|Smeargle, L50, F|100\/100 slp\n|-copyboost|p1a: Flamigo|p1b: Calyrex|[from] ability: Costar\n|turn|6\n|\n|t:|1739504786\n|-terastallize|p1a: Flamigo|Flying\n|cant|p2b: Smeargle|slp\n|move|p1a: Flamigo|Acrobatics|p2a: Calyrex\n|-damage|p2a: Calyrex|37\/100\n|move|p1b: Calyrex|Glacial Lance|p2a: Calyrex|[spread] p2a,p2b\n|-resisted|p2a: Calyrex\n|-damage|p2a: Calyrex|7\/100\n|-damage|p2b: Smeargle|0 fnt\n|faint|p2b: Smeargle\n|-ability|p1b: Calyrex|Chilling Neigh|boost\n|-boost|p1b: Calyrex|atk|1\n|move|p2a: Calyrex|Glacial Lance|p1b: Calyrex|[spread] p1a,p1b\n|-supereffective|p1a: Flamigo\n|-resisted|p1b: Calyrex\n|-damage|p1a: Flamigo|0 fnt\n|-damage|p1b: Calyrex|76\/100\n|faint|p1a: Flamigo\n|-ability|p2a: Calyrex|Chilling Neigh|boost\n|-boost|p2a: Calyrex|atk|1\n|\n|upkeep\n|turn|7\n|-message|lichuvgc forfeited.\n|\n|win|qiin5\n|raw|qiin5's rating: 1651 &rarr; <strong>1670<\/strong><br \/>(+19 for winning)\n|raw|lichuvgc's rating: 1633 &rarr; <strong>1614<\/strong><br \/>(-19 for losing)\n|l|\u2606lichuvgc\n|player|p2|\n|l|\u2606qiin5\n|player|p1|\n","uploadtime":1739505001,"views":12,"formatid":"gen9vgc2025regg","rating":1614,"private":0,"password":null}