{"id":"gen9vgc2025regg-2300033033","format":"[Gen 9] VGC 2025 Reg G","players":["chin8","Lkizzz"],"log":"|j|\u2606chin8\n|j|\u2606Lkizzz\n|t:|1739457989\n|gametype|doubles\n|player|p1|chin8|gentleman-gen4dp|1696\n|player|p2|Lkizzz|swimmer-gen4dp|1579\n|teamsize|p1|6\n|teamsize|p2|6\n|gen|9\n|tier|[Gen 9] VGC 2025 Reg G\n|rated|\n|rule|Species Clause: Limit one of each Pok\u00e9mon\n|rule|Item Clause: Limit 1 of each item\n|clearpoke\n|poke|p1|Calyrex-Shadow, L50|\n|poke|p1|Incineroar, L50, F|\n|poke|p1|Rillaboom, L50, M|\n|poke|p1|Gastrodon-East, L50, M|\n|poke|p1|Hitmonchan, L50, M|\n|poke|p1|Tropius, L50, F|\n|poke|p2|Groudon, L50|\n|poke|p2|Raging Bolt, L50|\n|poke|p2|Iron Valiant, L50|\n|poke|p2|Ogerpon-Hearthflame, L50, F|\n|poke|p2|Chien-Pao, L50|\n|poke|p2|Chi-Yu, L50|\n|teampreview|4\n|inactive|Battle timer is ON: inactive players will automatically lose when time's up. (requested by chin8)\n|inactive|Lkizzz has 60 seconds left.\n|\n|t:|1739458046\n|start\n|switch|p1a: Calyrex|Calyrex-Shadow, L50|100\/100\n|switch|p1b: Incineroar|Incineroar, L50, F|100\/100\n|switch|p2a: Iron Valiant|Iron Valiant, L50, shiny|100\/100\n|switch|p2b: Groudon|Groudon, L50|100\/100\n|-ability|p1a: Calyrex|As One\n|-ability|p1a: Calyrex|Unnerve\n|-weather|SunnyDay|[from] ability: Drought|[of] p2b: Groudon\n|-ability|p1b: Incineroar|Intimidate|boost\n|-unboost|p2a: Iron Valiant|atk|1\n|-unboost|p2b: Groudon|atk|1\n|-enditem|p2a: Iron Valiant|Booster Energy\n|-activate|p2a: Iron Valiant|ability: Quark Drive|[fromitem]\n|-start|p2a: Iron Valiant|quarkdrivespe\n|turn|1\n|inactive|chin8 has 30 seconds left.\n|\n|t:|1739458074\n|-terastallize|p2a: Iron Valiant|Ghost\n|move|p1b: Incineroar|Fake Out|p2b: Groudon\n|-damage|p2b: Groudon|92\/100\n|move|p2a: Iron Valiant|Coaching|p2b: Groudon\n|-boost|p2b: Groudon|atk|1\n|-boost|p2b: Groudon|def|1\n|move|p1a: Calyrex|Draining Kiss|p2a: Iron Valiant\n|-damage|p2a: Iron Valiant|71\/100\n|cant|p2b: Groudon|flinch\n|\n|-weather|SunnyDay|[upkeep]\n|upkeep\n|turn|2\n|\n|t:|1739458088\n|switch|p1b: Rillaboom|Rillaboom, L50, M|100\/100\n|-fieldstart|move: Grassy Terrain|[from] ability: Grassy Surge|[of] p1b: Rillaboom\n|move|p1a: Calyrex|Protect|p1a: Calyrex\n|-singleturn|p1a: Calyrex|Protect\n|move|p2a: Iron Valiant|Coaching|p2b: Groudon\n|-boost|p2b: Groudon|atk|1\n|-boost|p2b: Groudon|def|1\n|move|p2b: Groudon|Precipice Blades|p1a: Calyrex|[spread] p1b\n|-activate|p1a: Calyrex|move: Protect\n|-resisted|p1b: Rillaboom\n|-damage|p1b: Rillaboom|64\/100\n|\n|-weather|SunnyDay|[upkeep]\n|-heal|p2a: Iron Valiant|76\/100|[from] Grassy Terrain\n|-heal|p2b: Groudon|98\/100|[from] Grassy Terrain\n|-heal|p1b: Rillaboom|70\/100|[from] Grassy Terrain\n|upkeep\n|turn|3\n|inactive|Lkizzz has 30 seconds left.\n|\n|t:|1739458115\n|move|p2a: Iron Valiant|Wide Guard|p2a: Iron Valiant\n|-singleturn|p2a: Iron Valiant|Wide Guard\n|move|p1b: Rillaboom|Fake Out|p2b: Groudon\n|-damage|p2b: Groudon|94\/100\n|move|p1a: Calyrex|Calm Mind|p1a: Calyrex\n|-boost|p1a: Calyrex|spa|1\n|-boost|p1a: Calyrex|spd|1\n|cant|p2b: Groudon|flinch\n|\n|-weather|SunnyDay|[upkeep]\n|-heal|p2a: Iron Valiant|82\/100|[from] Grassy Terrain\n|-heal|p2b: Groudon|99\/100|[from] Grassy Terrain\n|-heal|p1b: Rillaboom|76\/100|[from] Grassy Terrain\n|upkeep\n|turn|4\n|\n|t:|1739458132\n|move|p1a: Calyrex|Protect|p1a: Calyrex\n|-singleturn|p1a: Calyrex|Protect\n|move|p1b: Rillaboom|Grassy Glide|p2a: Iron Valiant\n|-damage|p2a: Iron Valiant|44\/100\n|move|p2a: Iron Valiant|Coaching|p2b: Groudon\n|-boost|p2b: Groudon|atk|1\n|-boost|p2b: Groudon|def|1\n|move|p2b: Groudon|Precipice Blades|p1b: Rillaboom|[spread] p1b\n|-activate|p1a: Calyrex|move: Protect\n|-resisted|p1b: Rillaboom\n|-damage|p1b: Rillaboom|25\/100\n|\n|-weather|SunnyDay|[upkeep]\n|-heal|p2a: Iron Valiant|50\/100|[from] Grassy Terrain\n|-heal|p2b: Groudon|100\/100|[from] Grassy Terrain\n|-heal|p1b: Rillaboom|30\/100|[from] Grassy Terrain\n|upkeep\n|turn|5\n|\n|t:|1739458153\n|move|p2a: Iron Valiant|Wide Guard|p2a: Iron Valiant\n|-singleturn|p2a: Iron Valiant|Wide Guard\n|move|p1b: Rillaboom|Grassy Glide|p2b: Groudon\n|-supereffective|p2b: Groudon\n|-crit|p2b: Groudon\n|-damage|p2b: Groudon|24\/100\n|move|p1a: Calyrex|Astral Barrage|p2a: Iron Valiant|[spread] \n|-activate|p2a: Iron Valiant|move: Wide Guard\n|-activate|p2b: Groudon|move: Wide Guard\n|move|p2b: Groudon|Precipice Blades|p1b: Rillaboom|[spread] \n|-miss|p2b: Groudon|p1a: Calyrex\n|-miss|p2b: Groudon|p1b: Rillaboom\n|\n|-weather|none\n|-heal|p2a: Iron Valiant|56\/100|[from] Grassy Terrain\n|-heal|p2b: Groudon|30\/100|[from] Grassy Terrain\n|-heal|p1b: Rillaboom|36\/100|[from] Grassy Terrain\n|upkeep\n|turn|6\n|inactive|Lkizzz has 30 seconds left.\n|\n|t:|1739458180\n|-terastallize|p1a: Calyrex|Fairy\n|move|p2a: Iron Valiant|Wide Guard|p2a: Iron Valiant\n|-singleturn|p2a: Iron Valiant|Wide Guard\n|move|p1b: Rillaboom|Grassy Glide|p2b: Groudon\n|-supereffective|p2b: Groudon\n|-damage|p2b: Groudon|11\/100\n|move|p1a: Calyrex|Draining Kiss|p2b: Groudon\n|-damage|p2b: Groudon|0 fnt\n|faint|p2b: Groudon\n|-ability|p1a: Calyrex|Grim Neigh|boost\n|-boost|p1a: Calyrex|spa|1\n|\n|-heal|p2a: Iron Valiant|62\/100|[from] Grassy Terrain\n|-heal|p1b: Rillaboom|42\/100|[from] Grassy Terrain\n|-fieldend|move: Grassy Terrain\n|upkeep\n|\n|t:|1739458195\n|switch|p2b: Chi-Yu|Chi-Yu, L50|100\/100\n|-ability|p2b: Chi-Yu|Beads of Ruin\n|turn|7\n|\n|t:|1739458203\n|move|p2a: Iron Valiant|Spirit Break|p1a: Calyrex\n|-damage|p1a: Calyrex|78\/100\n|move|p2b: Chi-Yu|Heat Wave|p1a: Calyrex|[spread] p1a\n|-miss|p2b: Chi-Yu|p1b: Rillaboom\n|-damage|p1a: Calyrex|45\/100\n|move|p1a: Calyrex|Draining Kiss|p2a: Iron Valiant\n|-damage|p2a: Iron Valiant|0 fnt\n|-heal|p1a: Calyrex|88\/100|[from] drain|[of] p2a: Iron Valiant\n|faint|p2a: Iron Valiant\n|-end|p2a: Iron Valiant|Quark Drive|[silent]\n|-ability|p1a: Calyrex|Grim Neigh|boost\n|-boost|p1a: Calyrex|spa|1\n|move|p1b: Rillaboom|U-turn|p2b: Chi-Yu\n|-damage|p2b: Chi-Yu|67\/100\n|\n|t:|1739458211\n|switch|p1b: Hitmonchan|Hitmonchan, L50, M|100\/100|[from] U-turn\n|\n|upkeep\n|\n|t:|1739458219\n|switch|p2a: Chien-Pao|Chien-Pao, L50|100\/100\n|-ability|p2a: Chien-Pao|Sword of Ruin\n|turn|8\n|\n|t:|1739458223\n|move|p1b: Hitmonchan|Fake Out|p2b: Chi-Yu\n|-damage|p2b: Chi-Yu|43\/100\n|cant|p2b: Chi-Yu|flinch\n|move|p1a: Calyrex|Draining Kiss|p2b: Chi-Yu\n|-damage|p2b: Chi-Yu|0 fnt\n|-heal|p1a: Calyrex|100\/100|[from] drain|[of] p2b: Chi-Yu\n|faint|p2b: Chi-Yu\n|-ability|p1a: Calyrex|Grim Neigh|boost\n|-boost|p1a: Calyrex|spa|1\n|move|p2a: Chien-Pao|Ice Spinner|p1a: Calyrex\n|-damage|p1a: Calyrex|43\/100\n|\n|upkeep\n|turn|9\n|\n|t:|1739458232\n|move|p1a: Calyrex|Draining Kiss|p2a: Chien-Pao\n|-supereffective|p2a: Chien-Pao\n|-enditem|p2a: Chien-Pao|Focus Sash\n|-damage|p2a: Chien-Pao|1\/100\n|-heal|p1a: Calyrex|100\/100|[from] drain|[of] p2a: Chien-Pao\n|move|p2a: Chien-Pao|Ice Spinner|p1a: Calyrex\n|-damage|p1a: Calyrex|49\/100\n|move|p1b: Hitmonchan|Close Combat|p2a: Chien-Pao\n|-supereffective|p2a: Chien-Pao\n|-damage|p2a: Chien-Pao|0 fnt\n|-unboost|p1b: Hitmonchan|def|1\n|-unboost|p1b: Hitmonchan|spd|1\n|faint|p2a: Chien-Pao\n|\n|win|chin8\n|raw|chin8's rating: 1696 &rarr; <strong>1710<\/strong><br \/>(+14 for winning)\n|raw|Lkizzz's rating: 1579 &rarr; <strong>1565<\/strong><br \/>(-14 for losing)\n|l|\u2606chin8\n|player|p1|\n|l|\u2606Lkizzz\n|player|p2|\n","uploadtime":1739458376,"views":5,"formatid":"gen9vgc2025regg","rating":1565,"private":0,"password":null}