{"id":"gen9vgc2025regg-2300814397","format":"[Gen 9] VGC 2025 Reg G","players":["DimensionalFool","pig duck eater"],"log":"|j|\u203dDimensionalFool\n|j|\u2606pig duck eater\n|t:|1739556757\n|gametype|doubles\n|player|p1|DimensionalFool|101|1570\n|player|p2|pig duck eater|1|1679\n|teamsize|p1|6\n|teamsize|p2|6\n|gen|9\n|tier|[Gen 9] VGC 2025 Reg G\n|rated|\n|rule|Species Clause: Limit one of each Pok\u00e9mon\n|rule|Item Clause: Limit 1 of each item\n|clearpoke\n|poke|p1|Grimmsnarl, L50, M|\n|poke|p1|Landorus, L50, M|\n|poke|p1|Calyrex-Ice, L50|\n|poke|p1|Pelipper, L50, F|\n|poke|p1|Urshifu-*, L50, F|\n|poke|p1|Rillaboom, L50, M|\n|poke|p2|Iron Crown, L50|\n|poke|p2|Torkoal, L50, M|\n|poke|p2|Walking Wake, L50|\n|poke|p2|Indeedee-F, L50, F|\n|poke|p2|Wo-Chien, L50|\n|poke|p2|Calyrex-Ice, L50|\n|teampreview|4\n|inactive|Battle timer is ON: inactive players will automatically lose when time's up. (requested by DimensionalFool)\n|\n|t:|1739556797\n|start\n|switch|p1a: Calyrex|Calyrex-Ice, L50|100\/100\n|switch|p1b: Urshifu|Urshifu-Rapid-Strike, L50, F|100\/100\n|switch|p2a: Iron Crown|Iron Crown, L50|100\/100\n|switch|p2b: Indeedee|Indeedee-F, L50, F|100\/100\n|-ability|p1a: Calyrex|As One\n|-ability|p1a: Calyrex|Unnerve\n|-fieldstart|move: Psychic Terrain|[from] ability: Psychic Surge|[of] p2b: Indeedee\n|-enditem|p2b: Indeedee|Psychic Seed\n|-boost|p2b: Indeedee|spd|1|[from] item: Psychic Seed\n|-enditem|p2a: Iron Crown|Booster Energy\n|-activate|p2a: Iron Crown|ability: Quark Drive|[fromitem]\n|-start|p2a: Iron Crown|quarkdrivespe\n|turn|1\n|inactive|DimensionalFool has 30 seconds left.\n|\n|t:|1739556831\n|-terastallize|p1b: Urshifu|Ghost\n|move|p2b: Indeedee|Follow Me|p2b: Indeedee\n|-singleturn|p2b: Indeedee|move: Follow Me\n|move|p2a: Iron Crown|Calm Mind|p2a: Iron Crown\n|-boost|p2a: Iron Crown|spa|1\n|-boost|p2a: Iron Crown|spd|1\n|move|p1b: Urshifu|Close Combat|p2b: Indeedee\n|-damage|p2b: Indeedee|36\/100\n|-unboost|p1b: Urshifu|def|1\n|-unboost|p1b: Urshifu|spd|1\n|move|p1a: Calyrex|Glacial Lance|p2a: Iron Crown|[spread] p2a,p2b\n|-resisted|p2a: Iron Crown\n|-damage|p2a: Iron Crown|73\/100\n|-damage|p2b: Indeedee|0 fnt\n|faint|p2b: Indeedee\n|-ability|p1a: Calyrex|Chilling Neigh|boost\n|-boost|p1a: Calyrex|atk|1\n|\n|upkeep\n|\n|t:|1739556850\n|switch|p2b: Calyrex|Calyrex-Ice, L50|100\/100\n|-ability|p2b: Calyrex|As One\n|-ability|p2b: Calyrex|Unnerve\n|turn|2\n|\n|t:|1739556867\n|move|p2a: Iron Crown|Expanding Force|p1b: Urshifu|[spread] p1a,p1b\n|-resisted|p1a: Calyrex\n|-damage|p1a: Calyrex|81\/100\n|-damage|p1b: Urshifu|0 fnt\n|faint|p1b: Urshifu\n|move|p1a: Calyrex|Throat Chop|p2a: Iron Crown\n|-supereffective|p2a: Iron Crown\n|-damage|p2a: Iron Crown|0 fnt\n|faint|p2a: Iron Crown\n|-end|p2a: Iron Crown|Quark Drive|[silent]\n|-ability|p1a: Calyrex|Chilling Neigh|boost\n|-boost|p1a: Calyrex|atk|1\n|move|p2b: Calyrex|Trick Room|p2b: Calyrex\n|-fieldstart|move: Trick Room|[of] p2b: Calyrex\n|\n|upkeep\n|\n|t:|1739556876\n|switch|p1b: Landorus|Landorus, L50, M|100\/100\n|switch|p2a: Torkoal|Torkoal, L50, M|100\/100\n|-weather|SunnyDay|[from] ability: Drought|[of] p2a: Torkoal\n|turn|3\n|\n|t:|1739556896\n|switch|p1b: Pelipper|Pelipper, L50, F|100\/100\n|-weather|RainDance|[from] ability: Drizzle|[of] p1b: Pelipper\n|move|p2a: Torkoal|Eruption|p1b: Pelipper|[spread] p1a,p1b\n|-supereffective|p1a: Calyrex\n|-resisted|p1b: Pelipper\n|-damage|p1a: Calyrex|58\/100\n|-damage|p1b: Pelipper|78\/100\n|move|p2b: Calyrex|Glacial Lance|p1b: Pelipper|[spread] p1a,p1b\n|-resisted|p1a: Calyrex\n|-damage|p1a: Calyrex|40\/100\n|-damage|p1b: Pelipper|0 fnt\n|faint|p1b: Pelipper\n|-ability|p2b: Calyrex|Chilling Neigh|boost\n|-boost|p2b: Calyrex|atk|1\n|move|p1a: Calyrex|Throat Chop|p2b: Calyrex\n|-supereffective|p2b: Calyrex\n|-damage|p2b: Calyrex|20\/100\n|-start|p2b: Calyrex|Throat Chop|[silent]\n|-enditem|p2b: Calyrex|Weakness Policy\n|-boost|p2b: Calyrex|atk|2|[from] item: Weakness Policy\n|-boost|p2b: Calyrex|spa|2|[from] item: Weakness Policy\n|\n|-weather|RainDance|[upkeep]\n|upkeep\n|\n|t:|1739556903\n|switch|p1b: Landorus|Landorus, L50, M|100\/100\n|turn|4\n|\n|t:|1739556916\n|move|p1b: Landorus|Protect|p1b: Landorus\n|-singleturn|p1b: Landorus|Protect\n|move|p2a: Torkoal|Eruption|p1a: Calyrex|[spread] p1a\n|-activate|p1b: Landorus|move: Protect\n|-supereffective|p1a: Calyrex\n|-damage|p1a: Calyrex|16\/100\n|move|p2b: Calyrex|Glacial Lance|p1a: Calyrex|[spread] p1a\n|-activate|p1b: Landorus|move: Protect\n|-resisted|p1a: Calyrex\n|-damage|p1a: Calyrex|0 fnt\n|faint|p1a: Calyrex\n|-ability|p2b: Calyrex|Chilling Neigh|boost\n|-boost|p2b: Calyrex|atk|1\n|\n|-weather|RainDance|[upkeep]\n|-end|p2b: Calyrex|Throat Chop|[silent]\n|upkeep\n|turn|5\n|\n|t:|1739556922\n|move|p2a: Torkoal|Eruption|p1b: Landorus\n|-damage|p1b: Landorus|57\/100\n|move|p2b: Calyrex|Glacial Lance|p1b: Landorus\n|-supereffective|p1b: Landorus\n|-damage|p1b: Landorus|0 fnt\n|faint|p1b: Landorus\n|\n|win|pig duck eater\n|raw|DimensionalFool's rating: 1570 &rarr; <strong>1556<\/strong><br \/>(-14 for losing)\n|raw|pig duck eater's rating: 1679 &rarr; <strong>1693<\/strong><br \/>(+14 for winning)\n|l|\u2606pig duck eater\n|player|p2|\n|l|\u203dDimensionalFool\n|player|p1|\n","uploadtime":1739557059,"views":12,"formatid":"gen9vgc2025regg","rating":1556,"private":0,"password":null}