{"id":"gen9vgc2025regg-2300755316","format":"[Gen 9] VGC 2025 Reg G","players":["ninjaloki","Lkizzz"],"log":"|j|\u2606ninjaloki\n|j|\u2606Lkizzz\n|t:|1739550737\n|gametype|doubles\n|player|p1|ninjaloki|101|1563\n|player|p2|Lkizzz|swimmer-gen4dp|1566\n|teamsize|p1|6\n|teamsize|p2|6\n|gen|9\n|tier|[Gen 9] VGC 2025 Reg G\n|rated|\n|rule|Species Clause: Limit one of each Pok\u00e9mon\n|rule|Item Clause: Limit 1 of each item\n|clearpoke\n|poke|p1|Miraidon, L50|\n|poke|p1|Whimsicott, L50, M|\n|poke|p1|Urshifu-*, L50, M|\n|poke|p1|Ogerpon-Hearthflame, L50, F|\n|poke|p1|Farigiraf, L50, F|\n|poke|p1|Iron Hands, L50|\n|poke|p2|Miraidon, L50|\n|poke|p2|Whimsicott, L50, M|\n|poke|p2|Farigiraf, L50, M|\n|poke|p2|Iron Hands, L50|\n|poke|p2|Ogerpon-Hearthflame, L50, F|\n|poke|p2|Urshifu-*, L50, M|\n|teampreview|4\n|inactive|Battle timer is ON: inactive players will automatically lose when time's up. (requested by ninjaloki)\n|\n|t:|1739550768\n|start\n|switch|p1a: Whimsicott|Whimsicott, L50, M|100\/100\n|switch|p1b: Ogerpon|Ogerpon-Hearthflame, L50, F|100\/100\n|switch|p2a: Whimsicott|Whimsicott, L50, M|100\/100\n|switch|p2b: Miraidon|Miraidon, L50|100\/100\n|-fieldstart|move: Electric Terrain|[from] ability: Hadron Engine|[of] p2b: Miraidon\n|-ability|p1b: Ogerpon|Mold Breaker\n|turn|1\n|\n|t:|1739550785\n|move|p1a: Whimsicott|Tailwind|p1a: Whimsicott\n|-sidestart|p1: ninjaloki|move: Tailwind\n|move|p2a: Whimsicott|Tailwind|p2a: Whimsicott\n|-sidestart|p2: Lkizzz|move: Tailwind\n|move|p2b: Miraidon|Draco Meteor|p1b: Ogerpon|[miss]\n|-miss|p2b: Miraidon|p1b: Ogerpon\n|move|p1b: Ogerpon|Ivy Cudgel|p2a: Whimsicott|[anim] Ivy Cudgel Fire\n|-supereffective|p2a: Whimsicott\n|-damage|p2a: Whimsicott|0 fnt\n|faint|p2a: Whimsicott\n|\n|upkeep\n|j| Baguettezzz\n|\n|t:|1739550796\n|switch|p2a: Ogerpon|Ogerpon-Hearthflame, L50, F|100\/100\n|-ability|p2a: Ogerpon|Mold Breaker\n|turn|2\n|\n|t:|1739550821\n|move|p1a: Whimsicott|Light Screen|p1a: Whimsicott\n|-sidestart|p1: ninjaloki|move: Light Screen\n|move|p2b: Miraidon|Draco Meteor|p1b: Ogerpon|[miss]\n|-miss|p2b: Miraidon|p1b: Ogerpon\n|move|p2a: Ogerpon|Ivy Cudgel|p1a: Whimsicott|[anim] Ivy Cudgel Fire\n|-supereffective|p1a: Whimsicott\n|-damage|p1a: Whimsicott|0 fnt\n|faint|p1a: Whimsicott\n|move|p1b: Ogerpon|Ivy Cudgel|p2a: Ogerpon|[anim] Ivy Cudgel Fire\n|-damage|p2a: Ogerpon|33\/100\n|\n|upkeep\n|j| Supertwig31\n|\n|t:|1739550834\n|switch|p1a: Miraidon|Miraidon, L50|100\/100\n|-activate|p1a: Miraidon|ability: Hadron Engine\n|turn|3\n|\n|t:|1739550858\n|-terastallize|p1a: Miraidon|Fairy\n|-terastallize|p2b: Miraidon|Fairy\n|move|p2a: Ogerpon|Spiky Shield|p2a: Ogerpon\n|-singleturn|p2a: Ogerpon|move: Protect\n|move|p1b: Ogerpon|Follow Me|p1b: Ogerpon\n|-singleturn|p1b: Ogerpon|move: Follow Me\n|move|p1a: Miraidon|Dazzling Gleam|p2a: Ogerpon|[spread] p2b\n|-activate|p2a: Ogerpon|move: Protect\n|-damage|p2b: Miraidon|38\/100\n|move|p2b: Miraidon|Draco Meteor|p1b: Ogerpon\n|-damage|p1b: Ogerpon|2\/100\n|-unboost|p2b: Miraidon|spa|2\n|\n|upkeep\n|turn|4\n|inactive|Lkizzz has 30 seconds left.\n|\n|t:|1739550887\n|switch|p2b: Urshifu|Urshifu-Rapid-Strike, L50, M|100\/100\n|move|p1a: Miraidon|Dazzling Gleam|p2a: Ogerpon|[spread] p2a,p2b\n|-resisted|p2a: Ogerpon\n|-supereffective|p2b: Urshifu\n|-damage|p2a: Ogerpon|0 fnt\n|-enditem|p2b: Urshifu|Focus Sash\n|-damage|p2b: Urshifu|1\/100\n|faint|p2a: Ogerpon\n|move|p1b: Ogerpon|Ivy Cudgel|p2b: Urshifu|[anim] Ivy Cudgel Fire\n|-resisted|p2b: Urshifu\n|-damage|p2b: Urshifu|0 fnt\n|faint|p2b: Urshifu\n|\n|-sideend|p2: Lkizzz|move: Tailwind\n|-sideend|p1: ninjaloki|move: Tailwind\n|upkeep\n|\n|t:|1739550894\n|switch|p2b: Miraidon|Miraidon, L50, tera:Fairy|38\/100\n|-activate|p2b: Miraidon|ability: Hadron Engine\n|turn|5\n|\n|t:|1739550908\n|move|p1b: Ogerpon|Follow Me|p1b: Ogerpon\n|-singleturn|p1b: Ogerpon|move: Follow Me\n|move|p1a: Miraidon|Dazzling Gleam|p2b: Miraidon\n|-damage|p2b: Miraidon|0 fnt\n|faint|p2b: Miraidon\n|\n|win|ninjaloki\n|raw|ninjaloki's rating: 1563 &rarr; <strong>1583<\/strong><br \/>(+20 for winning)\n|raw|Lkizzz's rating: 1566 &rarr; <strong>1546<\/strong><br \/>(-20 for losing)\n|l|\u2606Lkizzz\n|player|p2|\n|l| Baguettezzz\n|j| Baguettezzz\n|l| Baguettezzz\n","uploadtime":1739551108,"views":5,"formatid":"gen9vgc2025regg","rating":1546,"private":0,"password":null}