{"id":"gen9vgc2025regg-2300844062","format":"[Gen 9] VGC 2025 Reg G","players":["GholdAndGoHome","bieiup"],"log":"|j|\u2606GholdAndGoHome\n|j|\u2606bieiup\n|t:|1739559894\n|gametype|doubles\n|player|p1|GholdAndGoHome|102|1647\n|player|p2|bieiup|lillie-z|1706\n|teamsize|p1|6\n|teamsize|p2|6\n|gen|9\n|tier|[Gen 9] VGC 2025 Reg G\n|rated|\n|rule|Species Clause: Limit one of each Pok\u00e9mon\n|rule|Item Clause: Limit 1 of each item\n|clearpoke\n|poke|p1|Chien-Pao, L50|\n|poke|p1|Miraidon, L50|\n|poke|p1|Whimsicott, L50, F|\n|poke|p1|Entei, L50|\n|poke|p1|Iron Hands, L50|\n|poke|p1|Iron Treads, L50|\n|poke|p2|Raging Bolt, L50|\n|poke|p2|Miraidon, L50|\n|poke|p2|Chi-Yu, L50|\n|poke|p2|Torkoal, L50, F|\n|poke|p2|Farigiraf, L50, F|\n|poke|p2|Ursaluna, L50, F|\n|teampreview|4\n|inactive|Battle timer is ON: inactive players will automatically lose when time's up. (requested by bieiup)\n|j| kiabu233\n|\n|t:|1739559919\n|start\n|switch|p1a: Miraidon|Miraidon, L50|100\/100\n|switch|p1b: Entei|Entei, L50|100\/100\n|switch|p2a: Miraidon|Miraidon, L50|100\/100\n|switch|p2b: Farigiraf|Farigiraf, L50, F|100\/100\n|-fieldstart|move: Electric Terrain|[from] ability: Hadron Engine|[of] p2a: Miraidon\n|-enditem|p2b: Farigiraf|Electric Seed\n|-boost|p2b: Farigiraf|def|1|[from] item: Electric Seed\n|-activate|p1a: Miraidon|ability: Hadron Engine\n|turn|1\n|\n|t:|1739559932\n|-terastallize|p1a: Miraidon|Fairy\n|-terastallize|p2b: Farigiraf|Ground\n|move|p2a: Miraidon|Volt Switch|p1a: Miraidon\n|-damage|p1a: Miraidon|7\/100\n|\n|t:|1739559934\n|switch|p2a: Ursaluna|Ursaluna, L50, F|100\/100|[from] Volt Switch\n|move|p1a: Miraidon|Dazzling Gleam|p2a: Ursaluna|[spread] p2a,p2b\n|-damage|p2a: Ursaluna|36\/100\n|-damage|p2b: Farigiraf|37\/100\n|move|p1b: Entei|Sacred Fire|p2b: Farigiraf\n|-damage|p2b: Farigiraf|0 fnt\n|faint|p2b: Farigiraf\n|\n|-status|p2a: Ursaluna|brn|[from] item: Flame Orb\n|upkeep\n|\n|t:|1739559940\n|switch|p2b: Miraidon|Miraidon, L50|100\/100\n|-activate|p2b: Miraidon|ability: Hadron Engine\n|turn|2\n|\n|t:|1739559953\n|switch|p1b: Iron Treads|Iron Treads, L50|100\/100\n|-activate|p1b: Iron Treads|ability: Quark Drive\n|-start|p1b: Iron Treads|quarkdrivespe\n|move|p2a: Ursaluna|Protect|p2a: Ursaluna\n|-singleturn|p2a: Ursaluna|Protect\n|move|p2b: Miraidon|Electro Drift|p1a: Miraidon\n|-damage|p1a: Miraidon|0 fnt\n|faint|p1a: Miraidon\n|\n|-damage|p2a: Ursaluna|30\/100 brn|[from] brn\n|upkeep\n|\n|t:|1739559964\n|switch|p1a: Entei|Entei, L50|100\/100\n|turn|3\n|\n|t:|1739559983\n|move|p1a: Entei|Extreme Speed|p2a: Ursaluna\n|-damage|p2a: Ursaluna|2\/100 brn\n|move|p1b: Iron Treads|High Horsepower|p2b: Miraidon\n|-supereffective|p2b: Miraidon\n|-damage|p2b: Miraidon|0 fnt\n|faint|p2b: Miraidon\n|-damage|p1b: Iron Treads|91\/100|[from] item: Life Orb\n|move|p2a: Ursaluna|Headlong Rush|p1b: Iron Treads\n|-supereffective|p1b: Iron Treads\n|-damage|p1b: Iron Treads|0 fnt\n|-unboost|p2a: Ursaluna|def|1\n|-unboost|p2a: Ursaluna|spd|1\n|faint|p1b: Iron Treads\n|-end|p1b: Iron Treads|Quark Drive|[silent]\n|\n|-damage|p2a: Ursaluna|0 fnt|[from] brn\n|faint|p2a: Ursaluna\n|upkeep\n|\n|t:|1739559987\n|switch|p1b: Iron Hands|Iron Hands, L50|100\/100\n|switch|p2a: Torkoal|Torkoal, L50, F|100\/100\n|-weather|SunnyDay|[from] ability: Drought|[of] p2a: Torkoal\n|-item|p2a: Torkoal|Air Balloon\n|-enditem|p1b: Iron Hands|Electric Seed\n|-boost|p1b: Iron Hands|def|1|[from] item: Electric Seed\n|-activate|p1b: Iron Hands|ability: Quark Drive\n|-start|p1b: Iron Hands|quarkdrivedef\n|turn|4\n|\n|t:|1739559997\n|move|p1a: Entei|Extreme Speed|p2a: Torkoal\n|-damage|p2a: Torkoal|66\/100\n|-enditem|p2a: Torkoal|Air Balloon\n|move|p1b: Iron Hands|Thunder Punch|p2a: Torkoal\n|-damage|p2a: Torkoal|22\/100\n|move|p2a: Torkoal|Fissure|p1b: Iron Hands|[miss]\n|-miss|p2a: Torkoal|p1b: Iron Hands\n|\n|-weather|SunnyDay|[upkeep]\n|upkeep\n|turn|5\n|-message|bieiup forfeited.\n|\n|win|GholdAndGoHome\n|raw|GholdAndGoHome's rating: 1647 &rarr; <strong>1670<\/strong><br \/>(+23 for winning)\n|raw|bieiup's rating: 1706 &rarr; <strong>1683<\/strong><br \/>(-23 for losing)\n|l|\u2606bieiup\n|player|p2|\n|l| kiabu233\n|j|\u2606bieiup\n|player|p2|bieiup|lillie-z|\n|l|\u2606bieiup\n|player|p2|\n","uploadtime":1739560204,"views":16,"formatid":"gen9vgc2025regg","rating":1670,"private":0,"password":null}