{"id":"gen9vgc2025regg-2300191949","format":"[Gen 9] VGC 2025 Reg G","players":["xatseye","nomis1"],"log":"|j|\u2606xatseye\n|j|\u2606nomis1\n|t:|1739473721\n|gametype|doubles\n|player|p1|xatseye|unknown|1662\n|player|p2|nomis1|170|1536\n|teamsize|p1|6\n|teamsize|p2|6\n|gen|9\n|tier|[Gen 9] VGC 2025 Reg G\n|rated|\n|rule|Species Clause: Limit one of each Pok\u00e9mon\n|rule|Item Clause: Limit 1 of each item\n|clearpoke\n|poke|p1|Miraidon, L50|\n|poke|p1|Incineroar, L50, F|\n|poke|p1|Urshifu-*, L50, F|\n|poke|p1|Oranguru, L50, F|\n|poke|p1|Clefairy, L50, F|\n|poke|p1|Iron Valiant, L50|\n|poke|p2|Terapagos, L50, M|\n|poke|p2|Smeargle, L50, F|\n|poke|p2|Tornadus, L50, M|\n|poke|p2|Ogerpon-Hearthflame, L50, F|\n|poke|p2|Dondozo, L50, M|\n|poke|p2|Tatsugiri-Droopy, L50, F|\n|teampreview|4\n|inactive|Battle timer is ON: inactive players will automatically lose when time's up. (requested by xatseye)\nnomis1 rejected open team sheets.\n|inactive|xatseye has 60 seconds left.\n|\n|t:|1739473772\n|start\n|switch|p1a: Miraidon|Miraidon, L50|100\/100\n|switch|p1b: Incineroar|Incineroar, L50, F|100\/100\n|switch|p2a: Smeargle|Smeargle, L50, F|100\/100\n|switch|p2b: Terapagos|Terapagos, L50, M|100\/100\n|-activate|p2b: Terapagos|ability: Tera Shift\n|detailschange|p2b: Terapagos|Terapagos-Terastal, L50, M\n|-heal|p2b: Terapagos|100\/100|[silent]\n|-fieldstart|move: Electric Terrain|[from] ability: Hadron Engine|[of] p1a: Miraidon\n|-enditem|p1a: Miraidon|Electric Seed\n|-boost|p1a: Miraidon|def|1|[from] item: Electric Seed\n|-ability|p1b: Incineroar|Intimidate|boost\n|-unboost|p2a: Smeargle|atk|1\n|-unboost|p2b: Terapagos|atk|1\n|turn|1\n|\n|t:|1739473788\n|-terastallize|p2b: Terapagos|Stellar\n|detailschange|p2b: Terapagos|Terapagos-Stellar, L50, M, tera:Stellar\n|-heal|p2b: Terapagos|100\/100|[silent]\n|-ability|p2b: Terapagos|Teraform Zero\n|-fieldend|move: Electric Terrain\n|move|p2a: Smeargle|Fake Out|p1b: Incineroar\n|-damage|p1b: Incineroar|98\/100\n|move|p1a: Miraidon|Parabolic Charge|p2b: Terapagos|[spread] p1b,p2a,p2b\n|-damage|p1b: Incineroar|78\/100\n|-damage|p2a: Smeargle|43\/100\n|-damage|p2b: Terapagos|84\/100\n|move|p2b: Terapagos|Tera Starstorm|p1a: Miraidon|[spread] p1a,p1b\n|-damage|p1a: Miraidon|55\/100\n|-damage|p1b: Incineroar|20\/100\n|-enditem|p1b: Incineroar|Sitrus Berry|[eat]\n|-heal|p1b: Incineroar|45\/100|[from] item: Sitrus Berry\n|cant|p1b: Incineroar|flinch\n|\n|-ability|p2a: Smeargle|Moody|boost\n|-boost|p2a: Smeargle|spe|2\n|-unboost|p2a: Smeargle|def|1\n|upkeep\n|turn|2\n|\n|t:|1739473809\n|switch|p2a: Ogerpon|Ogerpon-Hearthflame, L50, F|100\/100\n|-ability|p2a: Ogerpon|Mold Breaker\n|move|p1a: Miraidon|Protect|p1a: Miraidon\n|-singleturn|p1a: Miraidon|Protect\n|move|p2b: Terapagos|Tera Starstorm|p1b: Incineroar|[spread] p1b\n|-activate|p1a: Miraidon|move: Protect\n|-damage|p1b: Incineroar|0 fnt\n|faint|p1b: Incineroar\n|\n|upkeep\n|\n|t:|1739473822\n|switch|p1b: Iron Valiant|Iron Valiant, L50|100\/100\n|-enditem|p1b: Iron Valiant|Booster Energy\n|-activate|p1b: Iron Valiant|ability: Quark Drive|[fromitem]\n|-start|p1b: Iron Valiant|quarkdrivespe\n|turn|3\n|inactive|nomis1 has 30 seconds left.\n|inactive|nomis1 has 20 seconds left.\n|\n|t:|1739473859\n|switch|p2b: Smeargle|Smeargle, L50, F|43\/100\n|move|p1b: Iron Valiant|Disable||[still]\n|-fail|p1b: Iron Valiant\n|move|p1a: Miraidon|Calm Mind|p1a: Miraidon\n|-boost|p1a: Miraidon|spa|1\n|-boost|p1a: Miraidon|spd|1\n|move|p2a: Ogerpon|Ivy Cudgel|p1b: Iron Valiant|[anim] Ivy Cudgel Fire\n|-damage|p1b: Iron Valiant|36\/100\n|\n|-ability|p2b: Smeargle|Moody|boost\n|-boost|p2b: Smeargle|spa|2\n|-unboost|p2b: Smeargle|def|1\n|upkeep\n|turn|4\n|inactive|xatseye has 30 seconds left.\n|inactive|nomis1 has 30 seconds left.\n|inactive|nomis1 has 20 seconds left.\n|inactive|nomis1 has 15 seconds left.\n|inactive|xatseye has 20 seconds left.\n|\n|t:|1739473907\n|move|p1a: Miraidon|Protect|p1a: Miraidon\n|-singleturn|p1a: Miraidon|Protect\n|move|p2b: Smeargle|Fake Out|p1b: Iron Valiant\n|-damage|p1b: Iron Valiant|30\/100\n|cant|p1b: Iron Valiant|flinch\n|move|p2a: Ogerpon|Wood Hammer|p1b: Iron Valiant\n|-damage|p1b: Iron Valiant|0 fnt\n|faint|p1b: Iron Valiant\n|-end|p1b: Iron Valiant|Quark Drive|[silent]\n|-damage|p2a: Ogerpon|90\/100|[from] Recoil\n|\n|-ability|p2b: Smeargle|Moody|boost\n|-boost|p2b: Smeargle|spd|2\n|-unboost|p2b: Smeargle|spa|1\n|upkeep\n|\n|t:|1739473919\n|switch|p1b: Urshifu|Urshifu-Rapid-Strike, L50, F|100\/100\n|turn|5\n|inactive|nomis1 has 30 seconds left.\n|inactive|nomis1 has 20 seconds left.\n|inactive|nomis1 has 15 seconds left.\n|inactive|nomis1 has 10 seconds left.\n|inactive|nomis1 has 5 seconds left.\n|\n|t:|1739473973\n|move|p1b: Urshifu|Close Combat|p2a: Ogerpon\n|-damage|p2a: Ogerpon|14\/100\n|-unboost|p1b: Urshifu|def|1\n|-unboost|p1b: Urshifu|spd|1\n|move|p1a: Miraidon|Dragon Pulse|p2b: Smeargle\n|-damage|p2b: Smeargle|0 fnt\n|faint|p2b: Smeargle\n|move|p2a: Ogerpon|Wood Hammer|p1b: Urshifu\n|-supereffective|p1b: Urshifu\n|-damage|p1b: Urshifu|0 fnt\n|faint|p1b: Urshifu\n|-damage|p2a: Ogerpon|0 fnt|[from] Recoil\n|faint|p2a: Ogerpon\n|\n|upkeep\n|\n|t:|1739473985\n|switch|p2a: Tornadus|Tornadus, L50, M|100\/100\n|switch|p2b: Terapagos|Terapagos-Stellar, L50, M, tera:Stellar|84\/100\n|turn|6\n|\n|t:|1739474002\n|move|p2a: Tornadus|Tailwind|p2a: Tornadus\n|-sidestart|p2: nomis1|move: Tailwind\n|move|p2b: Terapagos|Earth Power|p1a: Miraidon\n|-supereffective|p1a: Miraidon\n|-damage|p1a: Miraidon|0 fnt\n|faint|p1a: Miraidon\n|\n|win|nomis1\n|raw|xatseye's rating: 1662 &rarr; <strong>1635<\/strong><br \/>(-27 for losing)\n|raw|nomis1's rating: 1536 &rarr; <strong>1563<\/strong><br \/>(+27 for winning)\n|l|\u2606xatseye\n|player|p1|\n","uploadtime":1739474008,"views":30,"formatid":"gen9vgc2025regg","rating":1563,"private":0,"password":null}