{"id":"gen9vgc2025regg-2300814531","format":"[Gen 9] VGC 2025 Reg G","players":["kfjtdhynd","Yung Trav"],"log":"|j|\u2606kfjtdhynd\n|j|\u203dYung Trav\n|t:|1739556771\n|gametype|doubles\n|player|p1|kfjtdhynd|170|1614\n|player|p2|Yung Trav|102|1728\n|teamsize|p1|6\n|teamsize|p2|6\n|gen|9\n|tier|[Gen 9] VGC 2025 Reg G\n|rated|\n|rule|Species Clause: Limit one of each Pok\u00e9mon\n|rule|Item Clause: Limit 1 of each item\n|clearpoke\n|poke|p1|Lunala, L50|\n|poke|p1|Rillaboom, L50, F|\n|poke|p1|Urshifu-*, L50, M|\n|poke|p1|Ursaluna, L50, F|\n|poke|p1|Incineroar, L50, M|\n|poke|p1|Amoonguss, L50, F|\n|poke|p2|Calyrex-Ice, L50|\n|poke|p2|Regidrago, L50|\n|poke|p2|Smeargle, L50, M|\n|poke|p2|Farigiraf, L50, M|\n|poke|p2|Urshifu-*, L50, M|\n|poke|p2|Ogerpon-Cornerstone, L50, F|\n|teampreview|4\n|inactive|Battle timer is ON: inactive players will automatically lose when time's up. (requested by Yung Trav)\nkfjtdhynd rejected open team sheets.\n|inactive|Yung Trav has 60 seconds left.\n|j| CerebralGenesis\n|inactive|Yung Trav has 30 seconds left.\n|\n|t:|1739556835\n|start\n|switch|p1a: Incineroar|Incineroar, L50, M|100\/100\n|switch|p1b: Lunala|Lunala, L50|100\/100\n|switch|p2a: Calyrex|Calyrex-Ice, L50|100\/100\n|switch|p2b: Urshifu|Urshifu, L50, M|100\/100\n|-ability|p2a: Calyrex|As One\n|-ability|p2a: Calyrex|Unnerve\n|-ability|p1a: Incineroar|Intimidate|boost\n|-fail|p2a: Calyrex|unboost|[from] item: Clear Amulet|[of] p2a: Calyrex\n|-unboost|p2b: Urshifu|atk|1\n|turn|1\n|inactive|kfjtdhynd has 30 seconds left.\n|inactive|Yung Trav has 30 seconds left.\n|\n|t:|1739556867\n|switch|p2a: Farigiraf|Farigiraf, L50, M, shiny|100\/100\n|-terastallize|p1b: Lunala|Fairy\n|move|p2b: Urshifu|Wicked Blow|p1b: Lunala\n|-resisted|p1b: Lunala\n|-crit|p1b: Lunala\n|-damage|p1b: Lunala|90\/100\n|move|p1b: Lunala|Meteor Beam||[still]\n|-prepare|p1b: Lunala|Meteor Beam\n|-boost|p1b: Lunala|spa|1\n|-enditem|p1b: Lunala|Power Herb\n|-anim|p1b: Lunala|Meteor Beam|p2a: Farigiraf\n|-damage|p2a: Farigiraf|43\/100\n|move|p1a: Incineroar|Knock Off|p2a: Farigiraf\n|-supereffective|p2a: Farigiraf\n|-damage|p2a: Farigiraf|0 fnt\n|-enditem|p2a: Farigiraf|Safety Goggles|[from] move: Knock Off|[of] p1a: Incineroar\n|faint|p2a: Farigiraf\n|\n|upkeep\n|\n|t:|1739556888\n|switch|p2a: Ogerpon|Ogerpon-Cornerstone, L50, F|100\/100\n|turn|2\n|\n|t:|1739556902\n|switch|p2b: Calyrex|Calyrex-Ice, L50|100\/100\n|-ability|p2b: Calyrex|As One\n|-ability|p2b: Calyrex|Unnerve\n|switch|p1a: Urshifu|Urshifu-Rapid-Strike, L50, M|100\/100\n|move|p2a: Ogerpon|Ivy Cudgel|p1a: Urshifu|[anim] Ivy Cudgel Rock\n|-resisted|p1a: Urshifu\n|-damage|p1a: Urshifu|72\/100\n|move|p1b: Lunala|Trick Room|p1b: Lunala\n|-fieldstart|move: Trick Room|[of] p1b: Lunala\n|\n|upkeep\n|turn|3\n|inactive|Yung Trav has 30 seconds left.\n|\n|t:|1739556929\n|-terastallize|p2b: Calyrex|Water\n|move|p2b: Calyrex|Glacial Lance|p1a: Urshifu|[spread] p1a,p1b\n|-resisted|p1a: Urshifu\n|-damage|p1a: Urshifu|41\/100\n|-damage|p1b: Lunala|47\/100\n|move|p1b: Lunala|Moonblast|p2a: Ogerpon\n|-damage|p2a: Ogerpon|6\/100\n|move|p1a: Urshifu|Close Combat|p2a: Ogerpon\n|-supereffective|p2a: Ogerpon\n|-damage|p2a: Ogerpon|0 fnt\n|-unboost|p1a: Urshifu|def|1\n|-unboost|p1a: Urshifu|spd|1\n|faint|p2a: Ogerpon\n|\n|upkeep\n|\n|t:|1739556944\n|switch|p2a: Urshifu|Urshifu, L50, M|100\/100\n|turn|4\n|\n|t:|1739556968\n|switch|p1a: Incineroar|Incineroar, L50, M|100\/100\n|-ability|p1a: Incineroar|Intimidate|boost\n|-unboost|p2a: Urshifu|atk|1\n|-fail|p2b: Calyrex|unboost|[from] item: Clear Amulet|[of] p2b: Calyrex\n|move|p1b: Lunala|Protect|p1b: Lunala\n|-singleturn|p1b: Lunala|Protect\n|move|p2b: Calyrex|Glacial Lance|p1b: Lunala|[spread] p1a\n|-activate|p1b: Lunala|move: Protect\n|-resisted|p1a: Incineroar\n|-damage|p1a: Incineroar|76\/100\n|move|p2a: Urshifu|Coaching|p2b: Calyrex\n|-boost|p2b: Calyrex|atk|1\n|-boost|p2b: Calyrex|def|1\n|\n|upkeep\n|turn|5\n|\n|t:|1739556988\n|move|p2b: Calyrex|Protect|p2b: Calyrex\n|-singleturn|p2b: Calyrex|Protect\n|move|p1a: Incineroar|Fake Out|p2b: Calyrex\n|-activate|p2b: Calyrex|move: Protect\n|move|p1b: Lunala|Moonblast|p2a: Urshifu\n|-supereffective|p2a: Urshifu\n|-damage|p2a: Urshifu|0 fnt\n|faint|p2a: Urshifu\n|\n|upkeep\n|turn|6\n|\n|t:|1739557003\n|move|p2b: Calyrex|High Horsepower|p1a: Incineroar\n|-supereffective|p1a: Incineroar\n|-damage|p1a: Incineroar|0 fnt\n|faint|p1a: Incineroar\n|-ability|p2b: Calyrex|Chilling Neigh|boost\n|-boost|p2b: Calyrex|atk|1\n|move|p1b: Lunala|Moonblast|p2b: Calyrex\n|-damage|p2b: Calyrex|51\/100\n|\n|-fieldend|move: Trick Room\n|upkeep\n|\n|t:|1739557006\n|switch|p1a: Urshifu|Urshifu-Rapid-Strike, L50, M|41\/100\n|turn|7\n|\n|t:|1739557016\n|move|p1a: Urshifu|Close Combat|p2b: Calyrex\n|-damage|p2b: Calyrex|23\/100\n|-unboost|p1a: Urshifu|def|1\n|-unboost|p1a: Urshifu|spd|1\n|move|p1b: Lunala|Moonblast|p2b: Calyrex\n|-damage|p2b: Calyrex|0 fnt\n|faint|p2b: Calyrex\n|\n|win|kfjtdhynd\n|raw|kfjtdhynd's rating: 1614 &rarr; <strong>1640<\/strong><br \/>(+26 for winning)\n|raw|Yung Trav's rating: 1728 &rarr; <strong>1702<\/strong><br \/>(-26 for losing)\n|c|\u2606kfjtdhynd|gg\n|l|\u203dYung Trav\n|player|p2|\n|l|\u2606kfjtdhynd\n|player|p1|\n|l| CerebralGenesis\n","uploadtime":1739557196,"views":26,"formatid":"gen9vgc2025regg","rating":1640,"private":0,"password":null}