{"id":"gen9vgc2025regg-2300444482","format":"[Gen 9] VGC 2025 Reg G","players":["zhz2021","zero_the_enforcer"],"log":"|j|\u2606zhz2021\n|j|\u2606zero_the_enforcer\n|t:|1739503258\n|gametype|doubles\n|player|p1|zhz2021|marley|1564\n|player|p2|zero_the_enforcer|2|1547\n|teamsize|p1|6\n|teamsize|p2|6\n|gen|9\n|tier|[Gen 9] VGC 2025 Reg G\n|rated|\n|rule|Species Clause: Limit one of each Pok\u00e9mon\n|rule|Item Clause: Limit 1 of each item\n|clearpoke\n|poke|p1|Smeargle, L50, M|\n|poke|p1|Urshifu-*, L50, M|\n|poke|p1|Bruxish, L50, F|\n|poke|p1|Calyrex-Ice, L50|\n|poke|p1|Tsareena, L50, F|\n|poke|p1|Tornadus, L50, M|\n|poke|p2|Miraidon, L50|\n|poke|p2|Iron Hands, L50|\n|poke|p2|Farigiraf, L50, F|\n|poke|p2|Ursaluna, L50, M|\n|poke|p2|Torkoal, L50, M|\n|poke|p2|Dragonite, L50, M|\n|teampreview|4\n|inactive|Battle timer is ON: inactive players will automatically lose when time's up. (requested by zero_the_enforcer)\n|\n|t:|1739503307\n|start\n|switch|p1a: Bruxish|Bruxish, L50, F|100\/100\n|switch|p1b: Smeargle|Smeargle, L50, M|100\/100\n|switch|p2a: Miraidon|Miraidon, L50|100\/100\n|switch|p2b: Farigiraf|Farigiraf, L50, F|100\/100\n|-fieldstart|move: Electric Terrain|[from] ability: Hadron Engine|[of] p2a: Miraidon\n|-enditem|p2b: Farigiraf|Electric Seed\n|-boost|p2b: Farigiraf|def|1|[from] item: Electric Seed\n|turn|1\n|\n|t:|1739503318\n|move|p1b: Smeargle|Fake Out||[still]\n|cant|p2b: Farigiraf|ability: Armor Tail|Fake Out|[of] p1b: Smeargle\n|move|p2a: Miraidon|Volt Switch|p1a: Bruxish\n|-supereffective|p1a: Bruxish\n|-enditem|p1a: Bruxish|Focus Sash\n|-damage|p1a: Bruxish|1\/100\n|\n|t:|1739503325\n|switch|p2a: Torkoal|Torkoal, L50, M|100\/100|[from] Volt Switch\n|-weather|SunnyDay|[from] ability: Drought|[of] p2a: Torkoal\n|move|p1a: Bruxish|Super Fang|p2b: Farigiraf\n|-damage|p2b: Farigiraf|51\/100\n|move|p2b: Farigiraf|Trick Room|p2b: Farigiraf\n|-fieldstart|move: Trick Room|[of] p2b: Farigiraf\n|\n|-weather|SunnyDay|[upkeep]\n|-ability|p1b: Smeargle|Moody|boost\n|-boost|p1b: Smeargle|spd|2\n|-unboost|p1b: Smeargle|def|1\n|-enditem|p1b: Smeargle|Eject Pack\n|upkeep\n|\n|t:|1739503330\n|switch|p1b: Tornadus|Tornadus, L50, M|100\/100\n|turn|2\n|j| Rabbithorn01\n|j| xtyeah\n|\n|t:|1739503343\n|move|p1b: Tornadus|Rain Dance|p1b: Tornadus\n|-weather|RainDance\n|move|p2a: Torkoal|Eruption|p1a: Bruxish|[spread] p1a,p1b\n|-resisted|p1a: Bruxish\n|-damage|p1a: Bruxish|0 fnt\n|-damage|p1b: Tornadus|65\/100\n|faint|p1a: Bruxish\n|move|p2b: Farigiraf|Psychic|p1b: Tornadus\n|-damage|p1b: Tornadus|26\/100\n|\n|-weather|RainDance|[upkeep]\n|-heal|p1b: Tornadus|32\/100|[from] item: Leftovers\n|upkeep\n|\n|t:|1739503349\n|switch|p1a: Calyrex|Calyrex-Ice, L50|100\/100\n|-ability|p1a: Calyrex|As One\n|-ability|p1a: Calyrex|Unnerve\n|turn|3\n|l| xtyeah\n|\n|t:|1739503359\n|-terastallize|p1a: Calyrex|Fire\n|move|p2b: Farigiraf|Helping Hand|p2a: Torkoal\n|-singleturn|p2a: Torkoal|Helping Hand|[of] p2b: Farigiraf\n|move|p2a: Torkoal|Eruption|p1b: Tornadus|[spread] p1a,p1b\n|-resisted|p1a: Calyrex\n|-damage|p1a: Calyrex|84\/100\n|-damage|p1b: Tornadus|0 fnt\n|faint|p1b: Tornadus\n|move|p1a: Calyrex|Glacial Lance|p2a: Torkoal|[spread] p2a,p2b\n|-resisted|p2a: Torkoal\n|-damage|p2a: Torkoal|78\/100\n|-damage|p2b: Farigiraf|11\/100\n|\n|-weather|RainDance|[upkeep]\n|upkeep\n|\n|t:|1739503371\n|switch|p1b: Smeargle|Smeargle, L50, M|100\/100\n|turn|4\n|\n|t:|1739503385\n|move|p2a: Torkoal|Protect|p2a: Torkoal\n|-singleturn|p2a: Torkoal|Protect\n|move|p2b: Farigiraf|Protect|p2b: Farigiraf\n|-singleturn|p2b: Farigiraf|Protect\n|move|p1b: Smeargle|Follow Me|p1b: Smeargle\n|-singleturn|p1b: Smeargle|move: Follow Me\n|move|p1a: Calyrex|Glacial Lance|p2b: Farigiraf|[spread] \n|-activate|p2a: Torkoal|move: Protect\n|-activate|p2b: Farigiraf|move: Protect\n|\n|-weather|RainDance|[upkeep]\n|-ability|p1b: Smeargle|Moody|boost\n|-boost|p1b: Smeargle|atk|2\n|-unboost|p1b: Smeargle|spa|1\n|upkeep\n|turn|5\n|\n|t:|1739503397\n|move|p2a: Torkoal|Eruption|p1a: Calyrex|[spread] p1a,p1b\n|-resisted|p1a: Calyrex\n|-crit|p1b: Smeargle\n|-damage|p1a: Calyrex|76\/100\n|-damage|p1b: Smeargle|28\/100\n|move|p2b: Farigiraf|Psychic|p1b: Smeargle\n|-damage|p1b: Smeargle|0 fnt\n|faint|p1b: Smeargle\n|move|p1a: Calyrex|Glacial Lance|p2b: Farigiraf|[spread] p2a,p2b\n|-resisted|p2a: Torkoal\n|-damage|p2a: Torkoal|54\/100\n|-damage|p2b: Farigiraf|0 fnt\n|faint|p2b: Farigiraf\n|-ability|p1a: Calyrex|Chilling Neigh|boost\n|-boost|p1a: Calyrex|atk|1\n|\n|-weather|RainDance|[upkeep]\n|-fieldend|move: Trick Room\n|-fieldend|move: Electric Terrain\n|upkeep\n|-message|zhz2021 forfeited.\n|\n|win|zero_the_enforcer\n|raw|zhz2021's rating: 1564 &rarr; <strong>1543<\/strong><br \/>(-21 for losing)\n|raw|zero_the_enforcer's rating: 1547 &rarr; <strong>1568<\/strong><br \/>(+21 for winning)\n|l|\u2606zhz2021\n|player|p1|\n|l| rabbithorn01\n","uploadtime":1739503585,"views":10,"formatid":"gen9vgc2025regg","rating":1543,"private":0,"password":null}