{"id":"gen9vgc2025regg-2300505198","format":"[Gen 9] VGC 2025 Reg G","players":["syarisyari","kapu reki"],"log":"|j|\u2606syarisyari\n|j|\u2606kapu reki\n|t:|1739513382\n|gametype|doubles\n|player|p1|syarisyari|101|1513\n|player|p2|kapu reki|supernerd|1610\n|teamsize|p1|6\n|teamsize|p2|6\n|gen|9\n|tier|[Gen 9] VGC 2025 Reg G\n|rated|\n|rule|Species Clause: Limit one of each Pok\u00e9mon\n|rule|Item Clause: Limit 1 of each item\n|clearpoke\n|poke|p1|Calyrex-Shadow, L50|\n|poke|p1|Clefairy, L50, M|\n|poke|p1|Rillaboom, L50, M|\n|poke|p1|Urshifu-*, L50, F|\n|poke|p1|Incineroar, L50, F|\n|poke|p1|Ogerpon, L50, F|\n|poke|p2|Calyrex-Ice, L50|\n|poke|p2|Urshifu-*, L50, M|\n|poke|p2|Tornadus, L50, M|\n|poke|p2|Sableye, L50, M|\n|poke|p2|Ursaluna-Bloodmoon, L50, M|\n|poke|p2|Ogerpon-Hearthflame, L50, F|\n|teampreview|4\n|\n|t:|1739513410\n|start\n|switch|p1a: Calyrex|Calyrex-Shadow, L50|100\/100\n|switch|p1b: Incineroar|Incineroar, L50, F|100\/100\n|switch|p2a: Ursaluna|Ursaluna-Bloodmoon, L50, M|100\/100\n|switch|p2b: Tornadus|Tornadus, L50, M|100\/100\n|-ability|p1a: Calyrex|As One\n|-ability|p1a: Calyrex|Unnerve\n|-ability|p1b: Incineroar|Intimidate|boost\n|-unboost|p2a: Ursaluna|atk|1\n|-unboost|p2b: Tornadus|atk|1\n|turn|1\n|j| mr pogostick\n|\n|t:|1739513431\n|move|p1b: Incineroar|Fake Out|p2a: Ursaluna\n|-damage|p2a: Ursaluna|92\/100\n|move|p2b: Tornadus|Tailwind|p2b: Tornadus\n|-sidestart|p2: kapu reki|move: Tailwind\n|move|p1a: Calyrex|Calm Mind|p1a: Calyrex\n|-boost|p1a: Calyrex|spa|1\n|-boost|p1a: Calyrex|spd|1\n|cant|p2a: Ursaluna|flinch\n|\n|upkeep\n|turn|2\n|\n|t:|1739513445\n|switch|p1b: Clefairy|Clefairy, L50, M|100\/100\n|-terastallize|p1a: Calyrex|Dark\n|move|p2b: Tornadus|Taunt|p1a: Calyrex\n|-hint|Since gen 7, Dark is immune to Prankster moves.\n|-immune|p1a: Calyrex\n|move|p1a: Calyrex|Calm Mind|p1a: Calyrex\n|-boost|p1a: Calyrex|spa|1\n|-boost|p1a: Calyrex|spd|1\n|move|p2a: Ursaluna|Earth Power|p1b: Clefairy\n|-damage|p1b: Clefairy|68\/100\n|\n|upkeep\n|turn|3\n|\n|t:|1739513458\n|move|p1b: Clefairy|Protect|p1b: Clefairy\n|-singleturn|p1b: Clefairy|Protect\n|move|p2b: Tornadus|Sludge Bomb|p1b: Clefairy\n|-activate|p1b: Clefairy|move: Protect\n|move|p1a: Calyrex|Giga Drain|p2a: Ursaluna\n|-supereffective|p2a: Ursaluna\n|-damage|p2a: Ursaluna|0 fnt\n|faint|p2a: Ursaluna\n|-ability|p1a: Calyrex|Grim Neigh|boost\n|-boost|p1a: Calyrex|spa|1\n|\n|upkeep\n|\n|t:|1739513464\n|switch|p2a: Ogerpon|Ogerpon-Hearthflame, L50, F|100\/100\n|-ability|p2a: Ogerpon|Mold Breaker\n|turn|4\n|\n|t:|1739513475\n|switch|p1b: Incineroar|Incineroar, L50, F|100\/100\n|-ability|p1b: Incineroar|Intimidate|boost\n|-unboost|p2a: Ogerpon|atk|1\n|-unboost|p2b: Tornadus|atk|1\n|-terastallize|p2a: Ogerpon|Fire\n|detailschange|p2a: Ogerpon|Ogerpon-Hearthflame-Tera, L50, F, tera:Fire\n|-ability|p2a: Ogerpon|Embody Aspect (Hearthflame)|boost\n|-boost|p2a: Ogerpon|atk|1\n|move|p1a: Calyrex|Protect|p1a: Calyrex\n|-singleturn|p1a: Calyrex|Protect\n|move|p2a: Ogerpon|Ivy Cudgel|p1a: Calyrex|[anim] Ivy Cudgel Fire\n|-activate|p1a: Calyrex|move: Protect\n|move|p2b: Tornadus|Sludge Bomb|p1a: Calyrex\n|-activate|p1a: Calyrex|move: Protect\n|\n|-sideend|p2: kapu reki|move: Tailwind\n|upkeep\n|turn|5\n|-message|kapu reki forfeited.\n|\n|win|syarisyari\n|raw|syarisyari's rating: 1513 &rarr; <strong>1538<\/strong><br \/>(+25 for winning)\n|raw|kapu reki's rating: 1610 &rarr; <strong>1585<\/strong><br \/>(-25 for losing)\n|l|\u2606kapu reki\n|player|p2|\n|l|\u2606syarisyari\n|player|p1|\n|l| mr pogostick\n","uploadtime":1739513760,"views":4,"formatid":"gen9vgc2025regg","rating":1538,"private":0,"password":null}