{"id":"gen9vgc2025regg-2300000257","format":"[Gen 9] VGC 2025 Reg G","players":["massan2580","jun2014"],"log":"|j|\u2606massan2580\n|j|\u2606jun2014\n|t:|1739454187\n|gametype|doubles\n|player|p1|massan2580|265|1515\n|player|p2|jun2014|265|1624\n|teamsize|p1|6\n|teamsize|p2|6\n|gen|9\n|tier|[Gen 9] VGC 2025 Reg G\n|rated|\n|rule|Species Clause: Limit one of each Pok\u00e9mon\n|rule|Item Clause: Limit 1 of each item\n|clearpoke\n|poke|p1|Calyrex-Shadow, L50|\n|poke|p1|Grimmsnarl, L50, M|\n|poke|p1|Clefairy, L50, F|\n|poke|p1|Rillaboom, L50, F|\n|poke|p1|Chien-Pao, L50|\n|poke|p1|Dragonite, L50, M|\n|poke|p2|Calyrex-Shadow, L50|\n|poke|p2|Whimsicott, L50, M|\n|poke|p2|Maushold-Four, L50|\n|poke|p2|Urshifu-*, L50, F|\n|poke|p2|Terrakion, L50|\n|poke|p2|Amoonguss, L50, M|\n|teampreview|4\n|\n|t:|1739454251\n|start\n|switch|p1a: Grimmsnarl|Grimmsnarl, L50, M|100\/100\n|switch|p1b: Calyrex|Calyrex-Shadow, L50|100\/100\n|switch|p2a: Urshifu|Urshifu, L50, F|100\/100\n|switch|p2b: Maushold|Maushold-Four, L50|100\/100\n|-ability|p1b: Calyrex|As One\n|-ability|p1b: Calyrex|Unnerve\n|turn|1\n|inactive|Battle timer is ON: inactive players will automatically lose when time's up. (requested by jun2014)\n|j| Stradafuturo\n|inactive|jun2014 has 60 seconds left.\n|\n|t:|1739454284\n|move|p1a: Grimmsnarl|Fake Out|p2a: Urshifu\n|-crit|p2a: Urshifu\n|-damage|p2a: Urshifu|87\/100\n|move|p1b: Calyrex|Nasty Plot|p1b: Calyrex\n|-boost|p1b: Calyrex|spa|2\n|move|p2a: Urshifu|Poison Jab|p1a: Grimmsnarl\n|-supereffective|p1a: Grimmsnarl\n|-damage|p1a: Grimmsnarl|37\/100\n|move|p2b: Maushold|Thunder Wave|p1b: Calyrex\n|-status|p1b: Calyrex|par\n|\n|upkeep\n|turn|2\n|l| Stradafuturo\n|inactive|jun2014 has 30 seconds left.\n|\n|t:|1739454312\n|switch|p1a: Clefairy|Clefairy, L50, F|100\/100\n|-terastallize|p1b: Calyrex|Grass\n|move|p2a: Urshifu|Wicked Blow|p1b: Calyrex\n|-crit|p1b: Calyrex\n|-damage|p1b: Calyrex|59\/100 par\n|move|p2b: Maushold|Taunt|p1a: Clefairy\n|-start|p1a: Clefairy|move: Taunt\n|move|p1b: Calyrex|Giga Drain|p2b: Maushold\n|-damage|p2b: Maushold|16\/100\n|-heal|p1b: Calyrex|97\/100 par|[from] drain|[of] p2b: Maushold\n|\n|-heal|p1b: Calyrex|100\/100 par|[from] item: Leftovers\n|upkeep\n|turn|3\n|inactive|jun2014 has 30 seconds left.\n|inactive|jun2014 has 20 seconds left.\n|\n|t:|1739454348\n|switch|p1a: Grimmsnarl|Grimmsnarl, L50, M|37\/100\n|move|p2a: Urshifu|Poison Jab|p1b: Calyrex\n|-supereffective|p1b: Calyrex\n|-damage|p1b: Calyrex|53\/100 par\n|move|p2b: Maushold|Thunder Wave|p1a: Grimmsnarl\n|-status|p1a: Grimmsnarl|par\n|move|p1b: Calyrex|Giga Drain|p2a: Urshifu\n|-damage|p2a: Urshifu|0 fnt\n|-heal|p1b: Calyrex|90\/100 par|[from] drain|[of] p2a: Urshifu\n|faint|p2a: Urshifu\n|-ability|p1b: Calyrex|Grim Neigh|boost\n|-boost|p1b: Calyrex|spa|1\n|\n|-heal|p1b: Calyrex|96\/100 par|[from] item: Leftovers\n|upkeep\n|\n|t:|1739454365\n|switch|p2a: Calyrex|Calyrex-Shadow, L50|100\/100\n|-ability|p2a: Calyrex|As One\n|-ability|p2a: Calyrex|Unnerve\n|turn|4\n|inactive|jun2014 has 30 seconds left.\n|\n|t:|1739454395\n|-terastallize|p2a: Calyrex|Ghost\n|move|p1a: Grimmsnarl|Parting Shot|p2a: Calyrex\n|-unboost|p2a: Calyrex|atk|1\n|-unboost|p2a: Calyrex|spa|1\n|\n|t:|1739454400\n|switch|p1a: Clefairy|Clefairy, L50, F|100\/100|[from] Parting Shot\n|move|p2a: Calyrex|Astral Barrage|p1b: Calyrex|[spread] p1a,p1b\n|-damage|p1a: Clefairy|41\/100\n|-damage|p1b: Calyrex|46\/100 par\n|move|p2b: Maushold|Taunt|p1a: Clefairy\n|-start|p1a: Clefairy|move: Taunt\n|move|p1b: Calyrex|Astral Barrage|p2b: Maushold|[spread] p2a\n|-immune|p2b: Maushold\n|-supereffective|p2a: Calyrex\n|-damage|p2a: Calyrex|0 fnt\n|faint|p2a: Calyrex\n|-ability|p1b: Calyrex|Grim Neigh|boost\n|-boost|p1b: Calyrex|spa|1\n|\n|-heal|p1b: Calyrex|52\/100 par|[from] item: Leftovers\n|upkeep\n|\n|t:|1739454420\n|switch|p2a: Terrakion|Terrakion, L50|100\/100\n|turn|5\n|inactive|jun2014 has 30 seconds left.\n|\n|t:|1739454447\n|switch|p1a: Rillaboom|Rillaboom, L50, F|100\/100\n|-fieldstart|move: Grassy Terrain|[from] ability: Grassy Surge|[of] p1a: Rillaboom\n|move|p1b: Calyrex|Protect|p1b: Calyrex\n|-singleturn|p1b: Calyrex|Protect\n|move|p2a: Terrakion|Poison Jab|p1b: Calyrex\n|-activate|p1b: Calyrex|move: Protect\n|move|p2b: Maushold|Taunt|p1a: Rillaboom\n|-start|p1a: Rillaboom|move: Taunt\n|\n|-heal|p2b: Maushold|22\/100|[from] Grassy Terrain\n|-heal|p1b: Calyrex|58\/100 par|[from] Grassy Terrain\n|-heal|p1b: Calyrex|63\/100 par|[from] item: Leftovers\n|upkeep\n|turn|6\n|inactive|jun2014 has 30 seconds left.\n|\n|t:|1739454478\n|move|p1a: Rillaboom|Fake Out|p2a: Terrakion\n|-resisted|p2a: Terrakion\n|-damage|p2a: Terrakion|93\/100\n|cant|p2a: Terrakion|flinch\n|move|p2b: Maushold|Thunder Wave|p1a: Rillaboom\n|-status|p1a: Rillaboom|par\n|move|p1b: Calyrex|Giga Drain|p2b: Maushold\n|-damage|p2b: Maushold|0 fnt\n|-heal|p1b: Calyrex|73\/100 par|[from] drain|[of] p2b: Maushold\n|faint|p2b: Maushold\n|-ability|p1b: Calyrex|Grim Neigh|boost\n|-boost|p1b: Calyrex|spa|1\n|\n|-heal|p2a: Terrakion|99\/100|[from] Grassy Terrain\n|-heal|p1b: Calyrex|79\/100 par|[from] Grassy Terrain\n|-heal|p1b: Calyrex|85\/100 par|[from] item: Leftovers\n|upkeep\n|turn|7\n|-message|jun2014 forfeited.\n|\n|win|massan2580\n|raw|massan2580's rating: 1515 &rarr; <strong>1541<\/strong><br \/>(+26 for winning)\n|raw|jun2014's rating: 1624 &rarr; <strong>1598<\/strong><br \/>(-26 for losing)\n|l|\u2606jun2014\n|player|p2|\n|l|\u2606massan2580\n|player|p1|\n","uploadtime":1739454645,"views":5,"formatid":"gen9vgc2025regg","rating":1541,"private":0,"password":null}