{"id":"gen9vgc2025regg-2300623946","format":"[Gen 9] VGC 2025 Reg G","players":["Lsxy","Tester_SF04"],"log":"|j|\u2606Lsxy\n|j|\u2606Tester_SF04\n|t:|1739535005\n|gametype|doubles\n|player|p1|Lsxy|265|1609\n|player|p2|Tester_SF04|hiker-gen4|1537\n|teamsize|p1|6\n|teamsize|p2|6\n|gen|9\n|tier|[Gen 9] VGC 2025 Reg G\n|rated|\n|rule|Species Clause: Limit one of each Pok\u00e9mon\n|rule|Item Clause: Limit 1 of each item\n|clearpoke\n|poke|p1|Garchomp, L50, M|\n|poke|p1|Indeedee-F, L50, F|\n|poke|p1|Calyrex-Shadow, L50|\n|poke|p1|Urshifu-*, L50, M|\n|poke|p1|Chi-Yu, L50|\n|poke|p1|Tornadus, L50, M|\n|poke|p2|Groudon, L50|\n|poke|p2|Farigiraf, L50, M|\n|poke|p2|Incineroar, L50, F|\n|poke|p2|Roaring Moon, L50|\n|poke|p2|Raging Bolt, L50|\n|poke|p2|Ogerpon-Cornerstone, L50, F|\n|teampreview|4\n|inactive|Battle timer is ON: inactive players will automatically lose when time's up. (requested by Lsxy)\n|inactive|Tester_SF04 has 60 seconds left.\n|\n|t:|1739535051\n|start\n|switch|p1a: Garchomp|Garchomp, L50, M|100\/100\n|switch|p1b: Tornadus|Tornadus, L50, M|100\/100\n|switch|p2a: Roaring Moon|Roaring Moon, L50|100\/100\n|switch|p2b: Ogerpon|Ogerpon-Cornerstone, L50, F|100\/100\n|-enditem|p2a: Roaring Moon|Booster Energy\n|-activate|p2a: Roaring Moon|ability: Protosynthesis|[fromitem]\n|-start|p2a: Roaring Moon|protosynthesisspe\n|turn|1\n|\n|t:|1739535058\n|-terastallize|p1a: Garchomp|Ground\n|move|p2a: Roaring Moon|Protect|p2a: Roaring Moon\n|-singleturn|p2a: Roaring Moon|Protect\n|move|p1b: Tornadus|Tailwind|p1b: Tornadus\n|-sidestart|p1: Lsxy|move: Tailwind\n|move|p1a: Garchomp|Earthquake|p2b: Ogerpon|[spread] p2b\n|-activate|p2a: Roaring Moon|move: Protect\n|-immune|p1b: Tornadus\n|-damage|p2b: Ogerpon|3\/100\n|move|p2b: Ogerpon|Ivy Cudgel|p1b: Tornadus|[anim] Ivy Cudgel Rock\n|-supereffective|p1b: Tornadus\n|-damage|p1b: Tornadus|0 fnt\n|faint|p1b: Tornadus\n|\n|upkeep\n|\n|t:|1739535069\n|switch|p1b: Calyrex|Calyrex-Shadow, L50|100\/100\n|-ability|p1b: Calyrex|As One\n|-ability|p1b: Calyrex|Unnerve\n|turn|2\n|\n|t:|1739535074\n|-terastallize|p2a: Roaring Moon|Flying\n|move|p1b: Calyrex|Protect|p1b: Calyrex\n|-singleturn|p1b: Calyrex|Protect\n|move|p2b: Ogerpon|Spiky Shield|p2b: Ogerpon\n|-singleturn|p2b: Ogerpon|move: Protect\n|move|p1a: Garchomp|Earthquake|p2a: Roaring Moon|[spread] \n|-activate|p1b: Calyrex|move: Protect\n|-activate|p2b: Ogerpon|move: Protect\n|-immune|p2a: Roaring Moon\n|move|p2a: Roaring Moon|Tailwind|p2a: Roaring Moon\n|-sidestart|p2: Tester_SF04|move: Tailwind\n|\n|upkeep\n|turn|3\n|\n|t:|1739535085\n|switch|p1a: Chi-Yu|Chi-Yu, L50|100\/100\n|-ability|p1a: Chi-Yu|Beads of Ruin\n|move|p2a: Roaring Moon|Knock Off|p1b: Calyrex\n|-supereffective|p1b: Calyrex\n|-enditem|p1b: Calyrex|Focus Sash\n|-damage|p1b: Calyrex|1\/100\n|move|p1b: Calyrex|Astral Barrage|p2a: Roaring Moon|[spread] p2a,p2b\n|-damage|p2a: Roaring Moon|34\/100\n|-damage|p2b: Ogerpon|0 fnt\n|faint|p2b: Ogerpon\n|-ability|p1b: Calyrex|Grim Neigh|boost\n|-boost|p1b: Calyrex|spa|1\n|\n|upkeep\n|\n|t:|1739535093\n|switch|p2b: Farigiraf|Farigiraf, L50, M|100\/100\n|turn|4\n|\n|t:|1739535104\n|move|p2b: Farigiraf|Helping Hand|p2a: Roaring Moon\n|-singleturn|p2a: Roaring Moon|Helping Hand|[of] p2b: Farigiraf\n|move|p1b: Calyrex|Protect|p1b: Calyrex\n|-singleturn|p1b: Calyrex|Protect\n|move|p2a: Roaring Moon|Acrobatics|p1a: Chi-Yu\n|-damage|p1a: Chi-Yu|0 fnt\n|faint|p1a: Chi-Yu\n|\n|-sideend|p1: Lsxy|move: Tailwind\n|upkeep\n|\n|t:|1739535112\n|switch|p1a: Garchomp|Garchomp, L50, M, tera:Ground|100\/100\n|turn|5\n|\n|t:|1739535121\n|move|p1b: Calyrex|Protect||[still]\n|-fail|p1b: Calyrex\n|move|p2a: Roaring Moon|Knock Off|p1b: Calyrex\n|-supereffective|p1b: Calyrex\n|-damage|p1b: Calyrex|0 fnt\n|faint|p1b: Calyrex\n|move|p1a: Garchomp|Dragon Claw|p2a: Roaring Moon\n|-damage|p2a: Roaring Moon|0 fnt\n|faint|p2a: Roaring Moon\n|-end|p2a: Roaring Moon|Protosynthesis|[silent]\n|move|p2b: Farigiraf|Trick Room|p2b: Farigiraf\n|-fieldstart|move: Trick Room|[of] p2b: Farigiraf\n|\n|-sideend|p2: Tester_SF04|move: Tailwind\n|upkeep\n|\n|t:|1739535125\n|switch|p2a: Groudon|Groudon, L50|100\/100\n|-weather|SunnyDay|[from] ability: Drought|[of] p2a: Groudon\n|turn|6\n|-message|Lsxy forfeited.\n|\n|win|Tester_SF04\n|raw|Lsxy's rating: 1609 &rarr; <strong>1585<\/strong><br \/>(-24 for losing)\n|raw|Tester_SF04's rating: 1537 &rarr; <strong>1561<\/strong><br \/>(+24 for winning)\n|l|\u2606Lsxy\n|player|p1|\n|l|\u2606Tester_SF04\n|player|p2|\n","uploadtime":1739535338,"views":12,"formatid":"gen9vgc2025regg","rating":1561,"private":0,"password":null}