{"id":"gen9vgc2025regg-2300157992","format":"[Gen 9] VGC 2025 Reg G","players":["Bfap","The Slimmest Jesus"],"log":"|j|\u2606Bfap\n|j|\u2606The Slimmest Jesus\n|t:|1739470477\n|gametype|doubles\n|player|p1|Bfap|1|1590\n|player|p2|The Slimmest Jesus|101|1748\n|teamsize|p1|6\n|teamsize|p2|6\n|gen|9\n|tier|[Gen 9] VGC 2025 Reg G\n|rated|\n|rule|Species Clause: Limit one of each Pok\u00e9mon\n|rule|Item Clause: Limit 1 of each item\n|clearpoke\n|poke|p1|Calyrex-Ice, L50|\n|poke|p1|Smeargle, L50, M|\n|poke|p1|Farigiraf, L50, F|\n|poke|p1|Ogerpon-Cornerstone, L50, F|\n|poke|p1|Urshifu-*, L50, F|\n|poke|p1|Torkoal, L50, M|\n|poke|p2|Indeedee-F, L50, F|\n|poke|p2|Regidrago, L50|\n|poke|p2|Torkoal, L50, F|\n|poke|p2|Gallade, L50, M|\n|poke|p2|Calyrex-Ice, L50|\n|poke|p2|Lilligant-Hisui, L50, F|\n|teampreview|4\n|inactive|Battle timer is ON: inactive players will automatically lose when time's up. (requested by The Slimmest Jesus)\n|inactive|Bfap has 60 seconds left.\n|inactive|The Slimmest Jesus has 60 seconds left.\n|\n|t:|1739470529\n|start\n|switch|p1a: Smeargle|Smeargle, L50, M|100\/100\n|switch|p1b: Calyrex|Calyrex-Ice, L50|100\/100\n|switch|p2a: Indeedee|Indeedee-F, L50, F|100\/100\n|switch|p2b: Calyrex|Calyrex-Ice, L50|100\/100\n|-ability|p1b: Calyrex|As One\n|-ability|p1b: Calyrex|Unnerve\n|-ability|p2b: Calyrex|As One\n|-ability|p2b: Calyrex|Unnerve\n|-fieldstart|move: Psychic Terrain|[from] ability: Psychic Surge|[of] p2a: Indeedee\n|turn|1\n|inactive|Bfap has 30 seconds left.\n|inactive|Bfap has 20 seconds left.\n|inactive|Bfap has 15 seconds left.\n|\n|t:|1739470572\n|move|p2a: Indeedee|Follow Me|p2a: Indeedee\n|-singleturn|p2a: Indeedee|move: Follow Me\n|move|p1b: Calyrex|Glacial Lance|p2b: Calyrex|[spread] p2a,p2b\n|-resisted|p2b: Calyrex\n|-damage|p2a: Indeedee|39\/100\n|-damage|p2b: Calyrex|84\/100\n|move|p1a: Smeargle|Decorate|p2a: Indeedee\n|-boost|p2a: Indeedee|atk|2\n|-boost|p2a: Indeedee|spa|2\n|move|p2b: Calyrex|Glacial Lance|p1a: Smeargle|[spread] p1a,p1b\n|-resisted|p1b: Calyrex\n|-damage|p1a: Smeargle|17\/100\n|-damage|p1b: Calyrex|82\/100\n|\n|upkeep\n|turn|2\n|inactive|The Slimmest Jesus has 30 seconds left.\n|j| Nabandwhat\n|inactive|The Slimmest Jesus has 20 seconds left.\n|inactive|The Slimmest Jesus has 15 seconds left.\n|inactive|The Slimmest Jesus has 10 seconds left.\n|inactive|The Slimmest Jesus has 5 seconds left.\n|\n|t:|1739470626\n|-terastallize|p2a: Indeedee|Water\n|move|p2a: Indeedee|Follow Me|p2a: Indeedee\n|-singleturn|p2a: Indeedee|move: Follow Me\n|move|p1b: Calyrex|Glacial Lance|p2a: Indeedee|[spread] p2a,p2b\n|-resisted|p2a: Indeedee\n|-crit|p2a: Indeedee\n|-resisted|p2b: Calyrex\n|-damage|p2a: Indeedee|0 fnt\n|-damage|p2b: Calyrex|66\/100\n|faint|p2a: Indeedee\n|-ability|p1b: Calyrex|Chilling Neigh|boost\n|-boost|p1b: Calyrex|atk|1\n|move|p1a: Smeargle|Spore|p2b: Calyrex\n|-status|p2b: Calyrex|slp|[from] move: Spore\n|cant|p2b: Calyrex|slp\n|\n|upkeep\n|inactive|The Slimmest Jesus has 30 seconds left.\n|inactive|The Slimmest Jesus has 20 seconds left.\n|inactive|The Slimmest Jesus has 15 seconds left.\n|\n|t:|1739470669\n|switch|p2a: Lilligant|Lilligant-Hisui, L50, F|100\/100\n|turn|3\n|\n|t:|1739470690\n|-terastallize|p1a: Smeargle|Grass\n|move|p1a: Smeargle|Follow Me|p1a: Smeargle\n|-singleturn|p1a: Smeargle|move: Follow Me\n|move|p2a: Lilligant|Coaching|p2b: Calyrex\n|-boost|p2b: Calyrex|atk|1\n|-boost|p2b: Calyrex|def|1\n|move|p1b: Calyrex|Glacial Lance|p2b: Calyrex|[spread] p2a,p2b\n|-supereffective|p2a: Lilligant\n|-resisted|p2b: Calyrex\n|-enditem|p2a: Lilligant|Focus Sash\n|-damage|p2a: Lilligant|1\/100\n|-damage|p2b: Calyrex|51\/100 slp\n|-curestatus|p2b: Calyrex|slp|[msg]\n|move|p2b: Calyrex|Trick Room|p2b: Calyrex\n|-fieldstart|move: Trick Room|[of] p2b: Calyrex\n|\n|upkeep\n|turn|4\n|inactive|The Slimmest Jesus has 30 seconds left.\n|inactive|The Slimmest Jesus has 20 seconds left.\n|inactive|The Slimmest Jesus has 15 seconds left.\n|\n|t:|1739470731\n|move|p2b: Calyrex|Glacial Lance|p1a: Smeargle|[spread] p1a,p1b\n|-supereffective|p1a: Smeargle\n|-resisted|p1b: Calyrex\n|-damage|p1a: Smeargle|0 fnt\n|-damage|p1b: Calyrex|54\/100\n|faint|p1a: Smeargle\n|-ability|p2b: Calyrex|Chilling Neigh|boost\n|-boost|p2b: Calyrex|atk|1\n|move|p1b: Calyrex|Glacial Lance|p2a: Lilligant|[spread] p2a,p2b\n|-supereffective|p2a: Lilligant\n|-crit|p2a: Lilligant\n|-resisted|p2b: Calyrex\n|-damage|p2a: Lilligant|0 fnt\n|-damage|p2b: Calyrex|34\/100\n|faint|p2a: Lilligant\n|-ability|p1b: Calyrex|Chilling Neigh|boost\n|-boost|p1b: Calyrex|atk|1\n|\n|upkeep\n|\n|t:|1739470742\n|switch|p1a: Torkoal|Torkoal, L50, M|100\/100\n|switch|p2a: Regidrago|Regidrago, L50|100\/100\n|-weather|SunnyDay|[from] ability: Drought|[of] p1a: Torkoal\n|turn|5\n|\n|t:|1739470752\n|move|p2b: Calyrex|Protect|p2b: Calyrex\n|-singleturn|p2b: Calyrex|Protect\n|move|p1a: Torkoal|Eruption|p2b: Calyrex|[spread] p2a\n|-activate|p2b: Calyrex|move: Protect\n|-resisted|p2a: Regidrago\n|-crit|p2a: Regidrago\n|-damage|p2a: Regidrago|40\/100\n|move|p2a: Regidrago|Dragon Energy|p1a: Torkoal|[spread] p1a,p1b\n|-damage|p1a: Torkoal|61\/100\n|-damage|p1b: Calyrex|34\/100\n|move|p1b: Calyrex|Glacial Lance|p2a: Regidrago|[spread] p2a\n|-activate|p2b: Calyrex|move: Protect\n|-supereffective|p2a: Regidrago\n|-damage|p2a: Regidrago|0 fnt\n|faint|p2a: Regidrago\n|-ability|p1b: Calyrex|Chilling Neigh|boost\n|-boost|p1b: Calyrex|atk|1\n|\n|-weather|SunnyDay|[upkeep]\n|-fieldend|move: Psychic Terrain\n|upkeep\n|turn|6\n|-message|The Slimmest Jesus forfeited.\n|\n|win|Bfap\n|raw|Bfap's rating: 1590 &rarr; <strong>1619<\/strong><br \/>(+29 for winning)\n|raw|The Slimmest Jesus's rating: 1748 &rarr; <strong>1719<\/strong><br \/>(-29 for losing)\n|l|\u2606The Slimmest Jesus\n|player|p2|\n|l|\u2606Bfap\n|player|p1|\n|l| Nabandwhat\n","uploadtime":1739471029,"views":13,"formatid":"gen9vgc2025regg","rating":1619,"private":0,"password":null}