{"id":"gen9vgc2025regg-2300366523","format":"[Gen 9] VGC 2025 Reg G","players":["bayo93","aoiharada"],"log":"|j|\u2606bayo93\n|j|\u2606aoiharada\n|t:|1739492773\n|gametype|doubles\n|player|p1|bayo93|265|1575\n|player|p2|aoiharada|170|1656\n|teamsize|p1|6\n|teamsize|p2|6\n|gen|9\n|tier|[Gen 9] VGC 2025 Reg G\n|rated|\n|rule|Species Clause: Limit one of each Pok\u00e9mon\n|rule|Item Clause: Limit 1 of each item\n|clearpoke\n|poke|p1|Groudon, L50|\n|poke|p1|Chi-Yu, L50|\n|poke|p1|Raging Bolt, L50|\n|poke|p1|Flutter Mane, L50|\n|poke|p1|Whimsicott, L50, F|\n|poke|p1|Venusaur, L50, F|\n|poke|p2|Weezing-Galar, L50, F|\n|poke|p2|Calyrex-Shadow, L50|\n|poke|p2|Dondozo, L50, M|\n|poke|p2|Tatsugiri, L50, F|\n|poke|p2|Incineroar, L50, M|\n|poke|p2|Roaring Moon, L50|\n|teampreview|4\n|inactive|Battle timer is ON: inactive players will automatically lose when time's up. (requested by bayo93)\n|inactive|bayo93 has 60 seconds left.\n|inactive|bayo93 has 30 seconds left.\n|inactive|bayo93 has 20 seconds left.\n|\n|t:|1739492846\n|start\n|switch|p1a: Whimsicott|Whimsicott, L50, F, shiny|100\/100\n|switch|p1b: Flutter Mane|Flutter Mane, L50|100\/100\n|switch|p2a: Roaring Moon|Roaring Moon, L50|100\/100\n|switch|p2b: Weezing|Weezing-Galar, L50, F|100\/100\n|-ability|p2b: Weezing|Neutralizing Gas\n|turn|1\n|inactive|aoiharada has 30 seconds left.\n|inactive|aoiharada has 20 seconds left.\n|inactive|aoiharada has 15 seconds left.\n|inactive|aoiharada has 10 seconds left.\n|inactive|aoiharada has 5 seconds left.\n|\n|t:|1739492899\n|move|p2b: Weezing|Protect|p2b: Weezing\n|-singleturn|p2b: Weezing|Protect\n|move|p1b: Flutter Mane|Icy Wind|p2b: Weezing|[spread] \n|-activate|p2b: Weezing|move: Protect\n|-miss|p1b: Flutter Mane|p2a: Roaring Moon\n|move|p2a: Roaring Moon|Earthquake|p1b: Flutter Mane|[spread] p1a,p1b\n|-activate|p2b: Weezing|move: Protect\n|-resisted|p1a: Whimsicott\n|-damage|p1a: Whimsicott|83\/100\n|-damage|p1b: Flutter Mane|56\/100\n|move|p1a: Whimsicott|Tailwind|p1a: Whimsicott\n|-sidestart|p1: bayo93|move: Tailwind\n|\n|upkeep\n|turn|2\n|\n|t:|1739492920\n|-terastallize|p2a: Roaring Moon|Fairy\n|move|p1b: Flutter Mane|Icy Wind|p2b: Weezing|[spread] p2a,p2b\n|-damage|p2a: Roaring Moon|86\/100\n|-damage|p2b: Weezing|79\/100\n|-unboost|p2a: Roaring Moon|spe|1\n|-unboost|p2b: Weezing|spe|1\n|move|p1a: Whimsicott|Encore|p2b: Weezing\n|-start|p2b: Weezing|Encore\n|move|p2a: Roaring Moon|Tera Blast|p1a: Whimsicott|[anim] Tera Blast Fairy\n|-damage|p1a: Whimsicott|26\/100\n|move|p2b: Weezing|Protect||[still]\n|-fail|p2b: Weezing\n|\n|upkeep\n|turn|3\n|inactive|bayo93 has 30 seconds left.\n|inactive|bayo93 has 20 seconds left.\n|inactive|bayo93 has 15 seconds left.\n|inactive|bayo93 has 10 seconds left.\n|inactive|bayo93 has 5 seconds left.\n|\n|t:|1739492971\n|switch|p1a: Groudon|Groudon, L50|100\/100\n|-end|p2b: Weezing|ability: Neutralizing Gas\n|-weather|SunnyDay|[from] ability: Drought|[of] p1a: Groudon\n|-activate|p1b: Flutter Mane|ability: Protosynthesis\n|-start|p1b: Flutter Mane|protosynthesisspe\n|-activate|p2a: Roaring Moon|ability: Protosynthesis\n|-start|p2a: Roaring Moon|protosynthesisatk\n|switch|p2b: Dondozo|Dondozo, L50, M|100\/100\n|move|p1b: Flutter Mane|Icy Wind|p2b: Dondozo|[spread] p2a,p2b\n|-resisted|p2b: Dondozo\n|-damage|p2a: Roaring Moon|73\/100\n|-damage|p2b: Dondozo|90\/100\n|-unboost|p2a: Roaring Moon|spe|1\n|-unboost|p2b: Dondozo|spe|1\n|move|p2a: Roaring Moon|Snarl|p1b: Flutter Mane|[spread] p1a,p1b\n|-damage|p1a: Groudon|92\/100\n|-damage|p1b: Flutter Mane|47\/100\n|-unboost|p1a: Groudon|spa|1\n|-unboost|p1b: Flutter Mane|spa|1\n|\n|-weather|SunnyDay|[upkeep]\n|-heal|p2b: Dondozo|96\/100|[from] item: Leftovers\n|upkeep\n|turn|4\n|\n|t:|1739492993\n|-end|p1b: Flutter Mane|Protosynthesis|[silent]\n|switch|p1b: Whimsicott|Whimsicott, L50, F, shiny|26\/100\n|-end|p2a: Roaring Moon|Protosynthesis|[silent]\n|switch|p2a: Weezing|Weezing-Galar, L50, F|79\/100\n|-ability|p2a: Weezing|Neutralizing Gas\n|move|p1a: Groudon|Precipice Blades|p2a: Weezing|[spread] p2a\n|-miss|p1a: Groudon|p2b: Dondozo\n|-supereffective|p2a: Weezing\n|-damage|p2a: Weezing|0 fnt\n|faint|p2a: Weezing\n|-end|p2a: Weezing|ability: Neutralizing Gas\n|-damage|p1a: Groudon|82\/100|[from] item: Life Orb\n|move|p2b: Dondozo|Earthquake|p1b: Whimsicott|[spread] p1a,p1b\n|-resisted|p1b: Whimsicott\n|-damage|p1a: Groudon|66\/100\n|-damage|p1b: Whimsicott|13\/100\n|\n|-weather|SunnyDay|[upkeep]\n|-heal|p2b: Dondozo|100\/100|[from] item: Leftovers\n|-sideend|p1: bayo93|move: Tailwind\n|upkeep\n|\n|t:|1739493010\n|switch|p2a: Roaring Moon|Roaring Moon, L50, tera:Fairy|73\/100\n|-activate|p2a: Roaring Moon|ability: Protosynthesis\n|-start|p2a: Roaring Moon|protosynthesisatk\n|turn|5\n|\n|t:|1739493024\n|-end|p2a: Roaring Moon|Protosynthesis|[silent]\n|switch|p2a: Tatsugiri|Tatsugiri, L50, F|100\/100\n|-activate|p2a: Tatsugiri|ability: Commander|[of] p2b: Dondozo\n|-boost|p2b: Dondozo|atk|2\n|-boost|p2b: Dondozo|spa|2\n|-boost|p2b: Dondozo|spe|2\n|-boost|p2b: Dondozo|def|2\n|-boost|p2b: Dondozo|spd|2\n|move|p1b: Whimsicott|Tailwind|p1b: Whimsicott\n|-sidestart|p1: bayo93|move: Tailwind\n|move|p1a: Groudon|Precipice Blades|p2b: Dondozo|[spread] \n|-miss|p1a: Groudon|p2a: Tatsugiri\n|-miss|p1a: Groudon|p2b: Dondozo\n|move|p2b: Dondozo|Earthquake|p1b: Whimsicott|[spread] p1a,p1b\n|-miss|p2b: Dondozo|p2a: Tatsugiri\n|-resisted|p1b: Whimsicott\n|-damage|p1a: Groudon|35\/100\n|-damage|p1b: Whimsicott|0 fnt\n|faint|p1b: Whimsicott\n|\n|-weather|SunnyDay|[upkeep]\n|upkeep\n|\n|t:|1739493046\n|switch|p1b: Raging Bolt|Raging Bolt, L50|100\/100\n|-activate|p1b: Raging Bolt|ability: Protosynthesis\n|-start|p1b: Raging Bolt|protosynthesisspa\n|turn|6\n|\n|t:|1739493050\n|move|p1a: Groudon|Helping Hand|p1b: Raging Bolt\n|-singleturn|p1b: Raging Bolt|Helping Hand|[of] p1a: Groudon\n|move|p2b: Dondozo|Protect|p2b: Dondozo\n|-singleturn|p2b: Dondozo|Protect\n|move|p1b: Raging Bolt|Draco Meteor|p2b: Dondozo\n|-activate|p2b: Dondozo|move: Protect\n|\n|-weather|SunnyDay|[upkeep]\n|upkeep\n|turn|7\n|\n|t:|1739493060\n|-terastallize|p1b: Raging Bolt|Fairy\n|move|p1a: Groudon|Helping Hand|p1b: Raging Bolt\n|-singleturn|p1b: Raging Bolt|Helping Hand|[of] p1a: Groudon\n|move|p1b: Raging Bolt|Draco Meteor|p2b: Dondozo\n|-damage|p2b: Dondozo|27\/100\n|-unboost|p1b: Raging Bolt|spa|2\n|move|p2b: Dondozo|Earthquake|p1a: Groudon|[spread] p1a,p1b\n|-miss|p2b: Dondozo|p2a: Tatsugiri\n|-damage|p1a: Groudon|2\/100\n|-damage|p1b: Raging Bolt|60\/100\n|\n|-weather|none\n|-end|p1b: Raging Bolt|Protosynthesis\n|-heal|p2b: Dondozo|33\/100|[from] item: Leftovers\n|upkeep\n|turn|8\n|\n|t:|1739493080\n|switch|p1a: Flutter Mane|Flutter Mane, L50|47\/100\n|move|p1b: Raging Bolt|Draco Meteor|p2b: Dondozo\n|-damage|p2b: Dondozo|0 fnt\n|-unboost|p1b: Raging Bolt|spa|2\n|faint|p2b: Dondozo\n|\n|-sideend|p1: bayo93|move: Tailwind\n|upkeep\n|\n|t:|1739493086\n|switch|p2b: Roaring Moon|Roaring Moon, L50, tera:Fairy|73\/100\n|turn|9\n|inactive|bayo93 has 30 seconds left.\n|inactive|bayo93 has 20 seconds left.\n|inactive|bayo93 has 15 seconds left.\n|inactive|bayo93 has 10 seconds left.\n|inactive|bayo93 has 5 seconds left.\n|\n|t:|1739493136\n|-end|p1b: Raging Bolt|Protosynthesis|[silent]\n|switch|p1b: Groudon|Groudon, L50|2\/100\n|-weather|SunnyDay|[from] ability: Drought|[of] p1b: Groudon\n|-activate|p1a: Flutter Mane|ability: Protosynthesis\n|-start|p1a: Flutter Mane|protosynthesisspe\n|-activate|p2b: Roaring Moon|ability: Protosynthesis\n|-start|p2b: Roaring Moon|protosynthesisatk\n|move|p2a: Tatsugiri|Protect|p2a: Tatsugiri\n|-singleturn|p2a: Tatsugiri|Protect\n|move|p1a: Flutter Mane|Dazzling Gleam|p2b: Roaring Moon|[spread] p2b\n|-activate|p2a: Tatsugiri|move: Protect\n|-damage|p2b: Roaring Moon|45\/100\n|move|p2b: Roaring Moon|Earthquake|p1a: Flutter Mane|[spread] p1a,p1b\n|-activate|p2a: Tatsugiri|move: Protect\n|-damage|p1a: Flutter Mane|0 fnt\n|-damage|p1b: Groudon|0 fnt\n|faint|p1a: Flutter Mane\n|-end|p1a: Flutter Mane|Protosynthesis|[silent]\n|faint|p1b: Groudon\n|\n|-weather|SunnyDay|[upkeep]\n|upkeep\n|-message|bayo93 forfeited.\n|\n|win|aoiharada\n|raw|bayo93's rating: 1575 &rarr; <strong>1560<\/strong><br \/>(-15 for losing)\n|raw|aoiharada's rating: 1656 &rarr; <strong>1671<\/strong><br \/>(+15 for winning)\n|l|\u2606bayo93\n|player|p1|\n|l|\u2606aoiharada\n|player|p2|\n","uploadtime":1739493391,"views":5,"formatid":"gen9vgc2025regg","rating":1560,"private":0,"password":null}