{"id":"gen9vgc2025regg-2300492820","format":"[Gen 9] VGC 2025 Reg G","players":["syarisyari","pig duck eater"],"log":"|j|\u2606syarisyari\n|j|\u2606pig duck eater\n|t:|1739511010\n|gametype|doubles\n|player|p1|syarisyari|101|1604\n|player|p2|pig duck eater|170|1734\n|teamsize|p1|6\n|teamsize|p2|6\n|gen|9\n|tier|[Gen 9] VGC 2025 Reg G\n|rated|\n|rule|Species Clause: Limit one of each Pok\u00e9mon\n|rule|Item Clause: Limit 1 of each item\n|clearpoke\n|poke|p1|Calyrex-Shadow, L50|\n|poke|p1|Clefairy, L50, F|\n|poke|p1|Rillaboom, L50, M|\n|poke|p1|Urshifu-*, L50, F|\n|poke|p1|Incineroar, L50, M|\n|poke|p1|Ogerpon, L50, F|\n|poke|p2|Calyrex-Shadow, L50|\n|poke|p2|Torkoal, L50, F|\n|poke|p2|Walking Wake, L50|\n|poke|p2|Indeedee-F, L50, F|\n|poke|p2|Ogerpon, L50, F|\n|poke|p2|Weezing-Galar, L50, F|\n|teampreview|4\n|\n|t:|1739511033\n|start\n|switch|p1a: Calyrex|Calyrex-Shadow, L50|100\/100\n|switch|p1b: Incineroar|Incineroar, L50, M|100\/100\n|switch|p2a: Ogerpon|Ogerpon, L50, F|100\/100\n|switch|p2b: Torkoal|Torkoal, L50, F|100\/100\n|-ability|p1a: Calyrex|As One\n|-ability|p1a: Calyrex|Unnerve\n|-ability|p1b: Incineroar|Intimidate|boost\n|-unboost|p2a: Ogerpon|atk|1\n|-ability|p2a: Ogerpon|Defiant|boost\n|-boost|p2a: Ogerpon|atk|2\n|-unboost|p2b: Torkoal|atk|1\n|-weather|SunnyDay|[from] ability: Drought|[of] p2b: Torkoal\n|turn|1\n|\n|t:|1739511042\n|move|p1b: Incineroar|Fake Out|p2a: Ogerpon\n|-damage|p2a: Ogerpon|84\/100\n|move|p1a: Calyrex|Astral Barrage|p2a: Ogerpon|[spread] p2a,p2b\n|-damage|p2a: Ogerpon|21\/100\n|-damage|p2b: Torkoal|20\/100\n|cant|p2a: Ogerpon|flinch\n|move|p2b: Torkoal|Stealth Rock|p1b: Incineroar\n|-sidestart|p1: syarisyari|move: Stealth Rock\n|\n|-weather|SunnyDay|[upkeep]\n|upkeep\n|turn|2\n|\n|t:|1739511072\n|switch|p1b: Rillaboom|Rillaboom, L50, M|100\/100\n|-damage|p1b: Rillaboom|88\/100|[from] Stealth Rock\n|-fieldstart|move: Grassy Terrain|[from] ability: Grassy Surge|[of] p1b: Rillaboom\n|move|p2a: Ogerpon|Spiky Shield|p2a: Ogerpon\n|-singleturn|p2a: Ogerpon|move: Protect\n|move|p1a: Calyrex|Astral Barrage|p2b: Torkoal|[spread] p2b\n|-activate|p2a: Ogerpon|move: Protect\n|-damage|p2b: Torkoal|0 fnt\n|faint|p2b: Torkoal\n|-ability|p1a: Calyrex|Grim Neigh|boost\n|-boost|p1a: Calyrex|spa|1\n|\n|-weather|SunnyDay|[upkeep]\n|-heal|p2a: Ogerpon|27\/100|[from] Grassy Terrain\n|-heal|p1b: Rillaboom|94\/100|[from] Grassy Terrain\n|upkeep\n|\n|t:|1739511079\n|switch|p2b: Calyrex|Calyrex-Shadow, L50|100\/100\n|-ability|p2b: Calyrex|As One\n|-ability|p2b: Calyrex|Unnerve\n|turn|3\n|\n|t:|1739511109\n|-terastallize|p2b: Calyrex|Stellar\n|-terastallize|p1a: Calyrex|Dark\n|move|p2a: Ogerpon|Spiky Shield||[still]\n|-fail|p2a: Ogerpon\n|move|p1b: Rillaboom|Fake Out|p2b: Calyrex\n|-immune|p2b: Calyrex\n|move|p2b: Calyrex|Tera Blast|p1a: Calyrex|[anim] Tera Blast Stellar\n|-supereffective|p1a: Calyrex\n|-crit|p1a: Calyrex\n|-damage|p1a: Calyrex|0 fnt\n|-unboost|p2b: Calyrex|atk|1\n|-unboost|p2b: Calyrex|spa|1\n|faint|p1a: Calyrex\n|-ability|p2b: Calyrex|Grim Neigh|boost\n|-boost|p2b: Calyrex|spa|1\n|\n|-weather|SunnyDay|[upkeep]\n|-heal|p2a: Ogerpon|33\/100|[from] Grassy Terrain\n|-heal|p1b: Rillaboom|100\/100|[from] Grassy Terrain\n|upkeep\n|\n|t:|1739511123\n|switch|p1a: Clefairy|Clefairy, L50, F|100\/100\n|-damage|p1a: Clefairy|88\/100|[from] Stealth Rock\n|turn|4\n|\n|t:|1739511136\n|move|p1a: Clefairy|Protect|p1a: Clefairy\n|-singleturn|p1a: Clefairy|Protect\n|move|p2b: Calyrex|Astral Barrage|p1b: Rillaboom|[spread] p1b\n|-activate|p1a: Clefairy|move: Protect\n|-damage|p1b: Rillaboom|64\/100\n|move|p2a: Ogerpon|Bullet Seed|p1a: Clefairy\n|-activate|p1a: Clefairy|move: Protect\n|move|p1b: Rillaboom|Wood Hammer|p2b: Calyrex\n|-damage|p2b: Calyrex|10\/100\n|-damage|p1b: Rillaboom|37\/100|[from] Recoil\n|\n|-weather|SunnyDay|[upkeep]\n|-heal|p2b: Calyrex|16\/100|[from] Grassy Terrain\n|-heal|p2a: Ogerpon|40\/100|[from] Grassy Terrain\n|-heal|p1b: Rillaboom|43\/100|[from] Grassy Terrain\n|-heal|p1a: Clefairy|94\/100|[from] Grassy Terrain\n|upkeep\n|turn|5\n|\n|t:|1739511157\n|move|p2b: Calyrex|Protect|p2b: Calyrex\n|-singleturn|p2b: Calyrex|Protect\n|move|p1a: Clefairy|Follow Me|p1a: Clefairy\n|-singleturn|p1a: Clefairy|move: Follow Me\n|move|p2a: Ogerpon|Bullet Seed|p1a: Clefairy\n|-damage|p1a: Clefairy|63\/100\n|-crit|p1a: Clefairy\n|-damage|p1a: Clefairy|16\/100\n|-damage|p1a: Clefairy|0 fnt\n|faint|p1a: Clefairy\n|-hitcount|p1: Clefairy|3\n|move|p1b: Rillaboom|U-turn|p2a: Ogerpon\n|-supereffective|p2a: Ogerpon\n|-damage|p2a: Ogerpon|0 fnt\n|faint|p2a: Ogerpon\n|\n|t:|1739511165\n|switch|p1b: Incineroar|Incineroar, L50, M|100\/100|[from] U-turn\n|-damage|p1b: Incineroar|76\/100|[from] Stealth Rock\n|-ability|p1b: Incineroar|Intimidate|boost\n|-unboost|p2b: Calyrex|atk|1\n|\n|-weather|none\n|-heal|p2b: Calyrex|22\/100|[from] Grassy Terrain\n|-heal|p1b: Incineroar|82\/100|[from] Grassy Terrain\n|upkeep\n|\n|t:|1739511176\n|switch|p2a: Walking Wake|Walking Wake, L50|100\/100\n|switch|p1a: Rillaboom|Rillaboom, L50, M|43\/100\n|-damage|p1a: Rillaboom|31\/100|[from] Stealth Rock\n|turn|6\n|\n|t:|1739511198\n|move|p2b: Calyrex|Protect||[still]\n|-fail|p2b: Calyrex\n|move|p1a: Rillaboom|Fake Out|p2a: Walking Wake\n|-damage|p2a: Walking Wake|86\/100\n|cant|p2a: Walking Wake|flinch\n|move|p1b: Incineroar|Knock Off|p2b: Calyrex\n|-supereffective|p2b: Calyrex\n|-damage|p2b: Calyrex|0 fnt\n|-enditem|p2b: Calyrex|Focus Sash|[from] move: Knock Off|[of] p1b: Incineroar\n|faint|p2b: Calyrex\n|\n|-heal|p2a: Walking Wake|92\/100|[from] Grassy Terrain\n|-heal|p1a: Rillaboom|37\/100|[from] Grassy Terrain\n|-heal|p1b: Incineroar|88\/100|[from] Grassy Terrain\n|-fieldend|move: Grassy Terrain\n|upkeep\n|turn|7\n|\n|t:|1739511215\n|move|p2a: Walking Wake|Hydro Steam|p1b: Incineroar\n|-supereffective|p1b: Incineroar\n|-damage|p1b: Incineroar|13\/100\n|move|p1a: Rillaboom|Wood Hammer|p2a: Walking Wake\n|-crit|p2a: Walking Wake\n|-damage|p2a: Walking Wake|1\/100\n|-damage|p1a: Rillaboom|10\/100|[from] Recoil\n|move|p1b: Incineroar|Knock Off|p2a: Walking Wake\n|-damage|p2a: Walking Wake|0 fnt\n|-enditem|p2a: Walking Wake|Safety Goggles|[from] move: Knock Off|[of] p1b: Incineroar\n|faint|p2a: Walking Wake\n|-end|p2a: Walking Wake|Protosynthesis|[silent]\n|\n|win|syarisyari\n|raw|syarisyari's rating: 1604 &rarr; <strong>1631<\/strong><br \/>(+27 for winning)\n|raw|pig duck eater's rating: 1734 &rarr; <strong>1707<\/strong><br \/>(-27 for losing)\n|l|\u2606pig duck eater\n|player|p2|\n|l|\u2606syarisyari\n|player|p1|\n","uploadtime":1739511404,"views":5,"formatid":"gen9vgc2025regg","rating":1631,"private":0,"password":null}