{"id":"gen9vgc2025regg-2300565356","format":"[Gen 9] VGC 2025 Reg G","players":["Mildly Displeased","satelite99"],"log":"|j|\u2606Mildly Displeased\n|j|\u2606satelite99\n|t:|1739525061\n|gametype|doubles\n|player|p1|Mildly Displeased|lillie|1554\n|player|p2|satelite99|wallace|1641\n|teamsize|p1|6\n|teamsize|p2|6\n|gen|9\n|tier|[Gen 9] VGC 2025 Reg G\n|rated|\n|rule|Species Clause: Limit one of each Pok\u00e9mon\n|rule|Item Clause: Limit 1 of each item\n|clearpoke\n|poke|p1|Primarina, L50, M|\n|poke|p1|Talonflame, L50, F|\n|poke|p1|Zamazenta-*, L50|\n|poke|p1|Rillaboom, L50, M|\n|poke|p1|Chien-Pao, L50|\n|poke|p1|Entei, L50|\n|poke|p2|Zamazenta-*, L50|\n|poke|p2|Tornadus, L50, M|\n|poke|p2|Chien-Pao, L50|\n|poke|p2|Raging Bolt, L50|\n|poke|p2|Urshifu-*, L50, F|\n|poke|p2|Gholdengo, L50|\n|teampreview|4\n|inactive|Battle timer is ON: inactive players will automatically lose when time's up. (requested by Mildly Displeased)\nsatelite99 rejected open team sheets.\n|inactive|satelite99 has 60 seconds left.\n|\n|t:|1739525104\n|start\n|switch|p1a: Phoenix|Talonflame, L50, F, shiny|100\/100\n|switch|p1b: Entei|Entei, L50|100\/100\n|switch|p2a: Zamazenta|Zamazenta-Crowned, L50|100\/100\n|switch|p2b: Raging Bolt|Raging Bolt, L50|100\/100\n|-ability|p2a: Zamazenta|Dauntless Shield|boost\n|-boost|p2a: Zamazenta|def|1\n|turn|1\n|inactive|Mildly Displeased has 30 seconds left.\n|\n|t:|1739525129\n|-terastallize|p2a: Zamazenta|Dragon\n|move|p1a: Phoenix|Tailwind|p1a: Phoenix\n|-sidestart|p1: Mildly Displeased|move: Tailwind\n|move|p1b: Entei|Sacred Fire|p2a: Zamazenta\n|-resisted|p2a: Zamazenta\n|-damage|p2a: Zamazenta|90\/100\n|-status|p2a: Zamazenta|brn\n|move|p2a: Zamazenta|Body Press|p1b: Entei\n|-damage|p1b: Entei|71\/100\n|move|p2b: Raging Bolt|Thunderbolt|p1a: Phoenix\n|-supereffective|p1a: Phoenix\n|-damage|p1a: Phoenix|0 fnt\n|faint|p1a: Phoenix\n|\n|-damage|p2a: Zamazenta|84\/100 brn|[from] brn\n|upkeep\n|\n|t:|1739525135\n|switch|p1a: Pippin|Zamazenta-Crowned, L50|100\/100\n|-ability|p1a: Pippin|Dauntless Shield|boost\n|-boost|p1a: Pippin|def|1\n|turn|2\n|inactive|satelite99 has 30 seconds left.\n|\n|t:|1739525160\n|-terastallize|p1a: Pippin|Ghost\n|move|p1b: Entei|Extreme Speed|p2b: Raging Bolt\n|-damage|p2b: Raging Bolt|78\/100\n|move|p1a: Pippin|Iron Defense|p1a: Pippin\n|-boost|p1a: Pippin|def|2\n|move|p2a: Zamazenta|Body Press|p1a: Pippin\n|-immune|p1a: Pippin\n|move|p2b: Raging Bolt|Thunderbolt|p1a: Pippin\n|-damage|p1a: Pippin|60\/100\n|\n|-damage|p2a: Zamazenta|78\/100 brn|[from] brn\n|upkeep\n|turn|3\n|inactive|Mildly Displeased has 30 seconds left.\n|\n|t:|1739525186\n|-end|p2b: Raging Bolt|Protosynthesis|[silent]\n|switch|p2b: Gholdengo|Gholdengo, L50|100\/100\n|move|p1b: Entei|Extreme Speed|p2a: Zamazenta\n|-damage|p2a: Zamazenta|66\/100 brn\n|move|p1a: Pippin|Body Press|p2b: Gholdengo\n|-immune|p2b: Gholdengo\n|move|p2a: Zamazenta|Body Press|p1b: Entei\n|-damage|p1b: Entei|42\/100\n|\n|-damage|p2a: Zamazenta|60\/100 brn|[from] brn\n|upkeep\n|turn|4\n|\n|t:|1739525203\n|move|p2b: Gholdengo|Protect|p2b: Gholdengo\n|-singleturn|p2b: Gholdengo|Protect\n|move|p1a: Pippin|Body Press|p2a: Zamazenta\n|-crit|p2a: Zamazenta\n|-damage|p2a: Zamazenta|0 fnt\n|faint|p2a: Zamazenta\n|move|p1b: Entei|Sacred Fire|p2b: Gholdengo\n|-activate|p2b: Gholdengo|move: Protect\n|\n|-sideend|p1: Mildly Displeased|move: Tailwind\n|upkeep\n|\n|t:|1739525211\n|switch|p2a: Urshifu|Urshifu-Rapid-Strike, L50, F|100\/100\n|turn|5\n|\n|t:|1739525224\n|move|p2a: Urshifu|Surging Strikes|p1b: Entei\n|-supereffective|p1b: Entei\n|-crit|p1b: Entei\n|-damage|p1b: Entei|0 fnt\n|faint|p1b: Entei\n|-hitcount|p1: Entei|1\n|move|p1a: Pippin|Body Press|p2a: Urshifu\n|-damage|p2a: Urshifu|0 fnt\n|faint|p2a: Urshifu\n|move|p2b: Gholdengo|Shadow Ball|p1a: Pippin\n|-supereffective|p1a: Pippin\n|-damage|p1a: Pippin|0 fnt\n|faint|p1a: Pippin\n|\n|upkeep\n|\n|t:|1739525234\n|switch|p2a: Raging Bolt|Raging Bolt, L50|78\/100\n|switch|p1b: Knotweed|Rillaboom, L50, M|100\/100\n|-fieldstart|move: Grassy Terrain|[from] ability: Grassy Surge|[of] p1b: Knotweed\n|turn|6\n|\n|t:|1739525242\n|move|p2b: Gholdengo|Make It Rain|p1b: Knotweed\n|-crit|p1b: Knotweed\n|-damage|p1b: Knotweed|0 fnt\n|-unboost|p2b: Gholdengo|spa|1\n|faint|p1b: Knotweed\n|\n|win|satelite99\n|raw|Mildly Displeased's rating: 1554 &rarr; <strong>1539<\/strong><br \/>(-15 for losing)\n|raw|satelite99's rating: 1641 &rarr; <strong>1656<\/strong><br \/>(+15 for winning)\n|l|\u2606Mildly Displeased\n|player|p1|\n|l|\u2606satelite99\n|player|p2|\n","uploadtime":1739525515,"views":9,"formatid":"gen9vgc2025regg","rating":1539,"private":0,"password":null}