{"id":"gen9vgc2025regg-2300225548","format":"[Gen 9] VGC 2025 Reg G","players":["carlosaurio326","xatseye"],"log":"|j|\u2606carlosaurio326\n|j|\u2606xatseye\n|t:|1739476955\n|gametype|doubles\n|player|p1|carlosaurio326|170|1554\n|player|p2|xatseye|unknown|1581\n|teamsize|p1|6\n|teamsize|p2|6\n|gen|9\n|tier|[Gen 9] VGC 2025 Reg G\n|rated|\n|rule|Species Clause: Limit one of each Pok\u00e9mon\n|rule|Item Clause: Limit 1 of each item\n|clearpoke\n|poke|p1|Stonjourner, L50, F|\n|poke|p1|Rillaboom, L50, F|\n|poke|p1|Calyrex-Shadow, L50|\n|poke|p1|Kingambit, L50, F|\n|poke|p1|Amoonguss, L50, F|\n|poke|p1|Porygon2, L50|\n|poke|p2|Calyrex-Shadow, L50|\n|poke|p2|Indeedee-F, L50, F|\n|poke|p2|Flutter Mane, L50|\n|poke|p2|Tornadus, L50, M|\n|poke|p2|Chi-Yu, L50|\n|poke|p2|Urshifu-*, L50, F|\n|teampreview|4\n|inactive|Battle timer is ON: inactive players will automatically lose when time's up. (requested by xatseye)\n|\n|t:|1739476972\n|start\n|switch|p1a: Stonjourner|Stonjourner, L50, F|100\/100\n|switch|p1b: Calyrex|Calyrex-Shadow, L50|100\/100\n|switch|p2a: Chi-Yu|Chi-Yu, L50|100\/100\n|switch|p2b: Indeedee|Indeedee-F, L50, F|100\/100\n|-ability|p1b: Calyrex|As One\n|-ability|p1b: Calyrex|Unnerve\n|-ability|p2a: Chi-Yu|Beads of Ruin\n|-fieldstart|move: Psychic Terrain|[from] ability: Psychic Surge|[of] p2b: Indeedee\n|-enditem|p2b: Indeedee|Psychic Seed\n|-boost|p2b: Indeedee|spd|1|[from] item: Psychic Seed\n|turn|1\n|\n|t:|1739476989\n|-terastallize|p1b: Calyrex|Dark\n|move|p2a: Chi-Yu|Protect|p2a: Chi-Yu\n|-singleturn|p2a: Chi-Yu|Protect\n|move|p1b: Calyrex|Pollen Puff|p2b: Indeedee\n|-supereffective|p2b: Indeedee\n|-damage|p2b: Indeedee|0 fnt\n|faint|p2b: Indeedee\n|-ability|p1b: Calyrex|Grim Neigh|boost\n|-boost|p1b: Calyrex|spa|1\n|move|p1a: Stonjourner|Body Press|p2a: Chi-Yu\n|-activate|p2a: Chi-Yu|move: Protect\n|\n|upkeep\n|\n|t:|1739477001\n|switch|p2b: Urshifu|Urshifu-Rapid-Strike, L50, F|100\/100\n|turn|2\n|j| comfy n ez 2 wear\n|inactive|carlosaurio326 has 30 seconds left.\n|\n|t:|1739477028\n|switch|p1b: Rillaboom|Rillaboom, L50, F|100\/100\n|-fieldstart|move: Grassy Terrain|[from] ability: Grassy Surge|[of] p1b: Rillaboom\n|-terastallize|p2a: Chi-Yu|Ghost\n|move|p2b: Urshifu|Close Combat|p1b: Rillaboom\n|-damage|p1b: Rillaboom|43\/100\n|-unboost|p2b: Urshifu|def|1\n|-unboost|p2b: Urshifu|spd|1\n|move|p2a: Chi-Yu|Dark Pulse|p1a: Stonjourner\n|-enditem|p1a: Stonjourner|Focus Sash\n|-damage|p1a: Stonjourner|1\/100\n|-damage|p2a: Chi-Yu|90\/100|[from] item: Life Orb\n|move|p1a: Stonjourner|Body Press|p2a: Chi-Yu\n|-immune|p2a: Chi-Yu\n|\n|-heal|p2a: Chi-Yu|97\/100|[from] Grassy Terrain\n|-heal|p1a: Stonjourner|7\/100|[from] Grassy Terrain\n|-heal|p1b: Rillaboom|49\/100|[from] Grassy Terrain\n|upkeep\n|turn|3\n|inactive|carlosaurio326 has 30 seconds left.\n|\n|t:|1739477058\n|switch|p2b: Calyrex|Calyrex-Shadow, L50|100\/100\n|-ability|p2b: Calyrex|As One\n|-ability|p2b: Calyrex|Unnerve\n|move|p1a: Stonjourner|Wide Guard|p1a: Stonjourner\n|-singleturn|p1a: Stonjourner|Wide Guard\n|move|p1b: Rillaboom|Grassy Glide|p2b: Calyrex\n|-damage|p2b: Calyrex|36\/100\n|move|p2a: Chi-Yu|Heat Wave|p1b: Rillaboom|[spread] \n|-activate|p1a: Stonjourner|move: Wide Guard\n|-activate|p1b: Rillaboom|move: Wide Guard\n|\n|-heal|p2b: Calyrex|42\/100|[from] Grassy Terrain\n|-heal|p2a: Chi-Yu|100\/100|[from] Grassy Terrain\n|-heal|p1a: Stonjourner|14\/100|[from] Grassy Terrain\n|-heal|p1b: Rillaboom|55\/100|[from] Grassy Terrain\n|upkeep\n|turn|4\n|inactive|carlosaurio326 has 30 seconds left.\n|inactive|xatseye has 30 seconds left.\n|\n|t:|1739477093\n|move|p1a: Stonjourner|Wide Guard|p1a: Stonjourner\n|-singleturn|p1a: Stonjourner|Wide Guard\n|move|p1b: Rillaboom|Grassy Glide|p2a: Chi-Yu\n|-damage|p2a: Chi-Yu|8\/100\n|move|p2b: Calyrex|Expanding Force|p1b: Rillaboom\n|-damage|p1b: Rillaboom|0 fnt\n|faint|p1b: Rillaboom\n|-ability|p2b: Calyrex|Grim Neigh|boost\n|-boost|p2b: Calyrex|spa|1\n|move|p2a: Chi-Yu|Dark Pulse|p1a: Stonjourner\n|-damage|p1a: Stonjourner|0 fnt\n|faint|p1a: Stonjourner\n|-damage|p2a: Chi-Yu|0 fnt|[from] item: Life Orb\n|faint|p2a: Chi-Yu\n|\n|-heal|p2b: Calyrex|48\/100|[from] Grassy Terrain\n|upkeep\n|\n|t:|1739477108\n|switch|p2a: Urshifu|Urshifu-Rapid-Strike, L50, F|100\/100\n|switch|p1a: Calyrex|Calyrex-Shadow, L50, tera:Dark|100\/100\n|switch|p1b: Kingambit|Kingambit, L50, F|100\/100\n|-ability|p1a: Calyrex|As One\n|-ability|p1a: Calyrex|Unnerve\n|turn|5\n|\n|t:|1739477133\n|move|p1b: Kingambit|Sucker Punch|p2b: Calyrex\n|-supereffective|p2b: Calyrex\n|-damage|p2b: Calyrex|0 fnt\n|faint|p2b: Calyrex\n|move|p2a: Urshifu|Close Combat|p1a: Calyrex\n|-supereffective|p1a: Calyrex\n|-damage|p1a: Calyrex|0 fnt\n|-unboost|p2a: Urshifu|def|1\n|-unboost|p2a: Urshifu|spd|1\n|faint|p1a: Calyrex\n|\n|upkeep\n|turn|6\n|\n|t:|1739477143\n|move|p1b: Kingambit|Sucker Punch|p2a: Urshifu\n|-resisted|p2a: Urshifu\n|-damage|p2a: Urshifu|70\/100\n|move|p2a: Urshifu|Close Combat|p1b: Kingambit\n|-supereffective|p1b: Kingambit\n|-damage|p1b: Kingambit|0 fnt\n|-unboost|p2a: Urshifu|def|1\n|-unboost|p2a: Urshifu|spd|1\n|faint|p1b: Kingambit\n|\n|win|xatseye\n|raw|carlosaurio326's rating: 1554 &rarr; <strong>1536<\/strong><br \/>(-18 for losing)\n|raw|xatseye's rating: 1581 &rarr; <strong>1599<\/strong><br \/>(+18 for winning)\n|c|\u2606carlosaurio326|gg\n|l|\u2606carlosaurio326\n|player|p1|\n|l|\u2606xatseye\n|player|p2|\n|l| comfy n ez 2 wear\n","uploadtime":1739477287,"views":11,"formatid":"gen9vgc2025regg","rating":1536,"private":0,"password":null}