{"id":"gen9vgc2025regg-2300831533","format":"[Gen 9] VGC 2025 Reg G","players":["SleepySilver07","bieiup"],"log":"|j|\u2606SleepySilver07\n|j|\u2606bieiup\n|t:|1739558552\n|gametype|doubles\n|player|p1|SleepySilver07|101|1556\n|player|p2|bieiup|lillie-z|1669\n|teamsize|p1|6\n|teamsize|p2|6\n|gen|9\n|tier|[Gen 9] VGC 2025 Reg G\n|rated|\n|rule|Species Clause: Limit one of each Pok\u00e9mon\n|rule|Item Clause: Limit 1 of each item\n|clearpoke\n|poke|p1|Groudon, L50|\n|poke|p1|Mimikyu, L50, M|\n|poke|p1|Chi-Yu, L50|\n|poke|p1|Incineroar, L50, F|\n|poke|p1|Raging Bolt, L50|\n|poke|p1|Venusaur, L50, F|\n|poke|p2|Raging Bolt, L50|\n|poke|p2|Miraidon, L50|\n|poke|p2|Chi-Yu, L50|\n|poke|p2|Torkoal, L50, F|\n|poke|p2|Farigiraf, L50, M|\n|poke|p2|Ursaluna, L50, M|\n|teampreview|4\n|inactive|Battle timer is ON: inactive players will automatically lose when time's up. (requested by bieiup)\nSleepySilver07 has agreed to open team sheets.\n|\n|t:|1739558568\n|start\n|switch|p1a: Mimikyu|Mimikyu, L50, M|100\/100\n|switch|p1b: Incineroar|Incineroar, L50, F|100\/100\n|switch|p2a: Miraidon|Miraidon, L50|100\/100\n|switch|p2b: Farigiraf|Farigiraf, L50, M|100\/100\n|-fieldstart|move: Electric Terrain|[from] ability: Hadron Engine|[of] p2a: Miraidon\n|-enditem|p2b: Farigiraf|Electric Seed\n|-boost|p2b: Farigiraf|def|1|[from] item: Electric Seed\n|-ability|p1b: Incineroar|Intimidate|boost\n|-unboost|p2a: Miraidon|atk|1\n|-unboost|p2b: Farigiraf|atk|1\n|turn|1\n|\n|t:|1739558578\n|move|p2a: Miraidon|Draco Meteor|p1b: Incineroar\n|-damage|p1b: Incineroar|0 fnt\n|-unboost|p2a: Miraidon|spa|2\n|faint|p1b: Incineroar\n|move|p1a: Mimikyu|Play Rough|p2a: Miraidon\n|-supereffective|p2a: Miraidon\n|-damage|p2a: Miraidon|11\/100\n|move|p2b: Farigiraf|Psychic Noise|p1a: Mimikyu\n|-activate|p1a: Mimikyu|ability: Disguise\n|-damage|p1a: Mimikyu|100\/100\n|-start|p1a: Mimikyu|move: Heal Block\n|detailschange|p1a: Mimikyu|Mimikyu-Busted, L50, M\n|-damage|p1a: Mimikyu|89\/100|[from] pokemon: Mimikyu-Busted\n|-enditem|p1a: Mimikyu|Mental Herb\n|-end|p1a: Mimikyu|move: Heal Block\n|\n|upkeep\n|\n|t:|1739558588\n|switch|p1b: Groudon|Groudon, L50|100\/100\n|-weather|SunnyDay|[from] ability: Drought|[of] p1b: Groudon\n|turn|2\n|\n|t:|1739558592\n|move|p2a: Miraidon|Draco Meteor|p1b: Groudon\n|-damage|p1b: Groudon|32\/100\n|-unboost|p2a: Miraidon|spa|2\n|move|p1a: Mimikyu|Play Rough|p2a: Miraidon\n|-supereffective|p2a: Miraidon\n|-damage|p2a: Miraidon|0 fnt\n|faint|p2a: Miraidon\n|move|p1b: Groudon|Precipice Blades|p2b: Farigiraf\n|-damage|p2b: Farigiraf|60\/100\n|move|p2b: Farigiraf|Trick Room|p2b: Farigiraf\n|-fieldstart|move: Trick Room|[of] p2b: Farigiraf\n|\n|-weather|SunnyDay|[upkeep]\n|-heal|p1b: Groudon|38\/100|[from] item: Leftovers\n|upkeep\n|\n|t:|1739558595\n|switch|p2a: Torkoal|Torkoal, L50, F|100\/100\n|-item|p2a: Torkoal|Air Balloon\n|turn|3\n|\n|t:|1739558618\n|-terastallize|p2a: Torkoal|Fire\n|-terastallize|p1a: Mimikyu|Water\n|move|p2b: Farigiraf|Helping Hand|p2a: Torkoal\n|-singleturn|p2a: Torkoal|Helping Hand|[of] p2b: Farigiraf\n|move|p1b: Groudon|Protect|p1b: Groudon\n|-singleturn|p1b: Groudon|Protect\n|move|p2a: Torkoal|Eruption|p1a: Mimikyu|[spread] p1a\n|-activate|p1b: Groudon|move: Protect\n|-resisted|p1a: Mimikyu\n|-damage|p1a: Mimikyu|7\/100\n|move|p1a: Mimikyu|Trick Room|p1a: Mimikyu\n|-fieldend|move: Trick Room\n|\n|-weather|SunnyDay|[upkeep]\n|-heal|p1b: Groudon|44\/100|[from] item: Leftovers\n|upkeep\n|turn|4\n|\n|t:|1739558632\n|move|p1a: Mimikyu|Play Rough|p2a: Torkoal\n|-resisted|p2a: Torkoal\n|-damage|p2a: Torkoal|85\/100\n|-enditem|p2a: Torkoal|Air Balloon\n|move|p1b: Groudon|Precipice Blades|p2b: Farigiraf|[spread] p2a,p2b\n|-supereffective|p2a: Torkoal\n|-damage|p2a: Torkoal|0 fnt\n|-damage|p2b: Farigiraf|29\/100\n|faint|p2a: Torkoal\n|move|p2b: Farigiraf|Trick Room|p2b: Farigiraf\n|-fieldstart|move: Trick Room|[of] p2b: Farigiraf\n|\n|-weather|SunnyDay|[upkeep]\n|-heal|p1b: Groudon|50\/100|[from] item: Leftovers\n|upkeep\n|\n|t:|1739558637\n|switch|p2a: Ursaluna|Ursaluna, L50, M|100\/100\n|turn|5\n|\n|t:|1739558656\n|move|p2a: Ursaluna|Facade|p1b: Groudon\n|-damage|p1b: Groudon|19\/100\n|move|p2b: Farigiraf|Psychic Noise|p1a: Mimikyu\n|-damage|p1a: Mimikyu|0 fnt\n|faint|p1a: Mimikyu\n|move|p1b: Groudon|Bulk Up|p1b: Groudon\n|-boost|p1b: Groudon|atk|1\n|-boost|p1b: Groudon|def|1\n|\n|-weather|SunnyDay|[upkeep]\n|-heal|p1b: Groudon|25\/100|[from] item: Leftovers\n|-fieldend|move: Electric Terrain\n|-status|p2a: Ursaluna|brn|[from] item: Flame Orb\n|upkeep\n|\n|t:|1739558662\n|switch|p1a: Raging Bolt|Raging Bolt, L50|100\/100\n|-activate|p1a: Raging Bolt|ability: Protosynthesis\n|-start|p1a: Raging Bolt|protosynthesisspa\n|turn|6\n|\n|t:|1739558676\n|move|p2b: Farigiraf|Helping Hand|p2a: Ursaluna\n|-singleturn|p2a: Ursaluna|Helping Hand|[of] p2b: Farigiraf\n|move|p2a: Ursaluna|Earthquake|p1b: Groudon|[spread] p2b,p1a,p1b\n|-supereffective|p1a: Raging Bolt\n|-damage|p2b: Farigiraf|0 fnt\n|-damage|p1a: Raging Bolt|0 fnt\n|-damage|p1b: Groudon|0 fnt\n|faint|p2b: Farigiraf\n|faint|p1a: Raging Bolt\n|-end|p1a: Raging Bolt|Protosynthesis|[silent]\n|faint|p1b: Groudon\n|\n|win|bieiup\n|raw|SleepySilver07's rating: 1556 &rarr; <strong>1542<\/strong><br \/>(-14 for losing)\n|raw|bieiup's rating: 1669 &rarr; <strong>1683<\/strong><br \/>(+14 for winning)\n|c|\u2606bieiup|gg\n|l|\u2606SleepySilver07\n|player|p1|\n|l|\u2606bieiup\n|player|p2|\n","uploadtime":1739558836,"views":7,"formatid":"gen9vgc2025regg","rating":1542,"private":0,"password":null}