{"id":"gen9vgc2025regg-2300041336","format":"[Gen 9] VGC 2025 Reg G","players":["zonavideovigilada","satelite99"],"log":"|j|\u2606zonavideovigilada\n|j|\u2606satelite99\n|t:|1739458896\n|gametype|doubles\n|player|p1|zonavideovigilada|265|1741\n|player|p2|satelite99|wallace|1640\n|teamsize|p1|6\n|teamsize|p2|6\n|gen|9\n|tier|[Gen 9] VGC 2025 Reg G\n|rated|\n|rule|Species Clause: Limit one of each Pok\u00e9mon\n|rule|Item Clause: Limit 1 of each item\n|clearpoke\n|poke|p1|Urshifu-*, L50, F|\n|poke|p1|Whimsicott, L50, F|\n|poke|p1|Miraidon, L50|\n|poke|p1|Iron Hands, L50|\n|poke|p1|Incineroar, L50, M|\n|poke|p1|Iron Leaves, L50|\n|poke|p2|Zamazenta-*, L50|\n|poke|p2|Tornadus, L50, M|\n|poke|p2|Chien-Pao, L50|\n|poke|p2|Raging Bolt, L50|\n|poke|p2|Urshifu-*, L50, F|\n|poke|p2|Gholdengo, L50|\n|teampreview|4\nsatelite99 rejected open team sheets.\n|inactive|Battle timer is ON: inactive players will automatically lose when time's up. (requested by satelite99)\n|inactive|satelite99 has 60 seconds left.\n|inactive|satelite99 has 30 seconds left.\n|\n|t:|1739458969\n|start\n|switch|p1a: Miraidon|Miraidon, L50|100\/100\n|switch|p1b: Incineroar|Incineroar, L50, M|100\/100\n|switch|p2a: Zamazenta|Zamazenta-Crowned, L50|100\/100\n|switch|p2b: Chien-Pao|Chien-Pao, L50|100\/100\n|-ability|p2b: Chien-Pao|Sword of Ruin\n|-fieldstart|move: Electric Terrain|[from] ability: Hadron Engine|[of] p1a: Miraidon\n|-ability|p2a: Zamazenta|Dauntless Shield|boost\n|-boost|p2a: Zamazenta|def|1\n|-ability|p1b: Incineroar|Intimidate|boost\n|-unboost|p2a: Zamazenta|atk|1\n|-unboost|p2b: Chien-Pao|atk|1\n|turn|1\n|inactive|zonavideovigilada has 30 seconds left.\n|\n|t:|1739458995\n|switch|p1a: Urshifu|Urshifu-Rapid-Strike, L50, F|100\/100\n|-terastallize|p1b: Incineroar|Ghost\n|move|p2b: Chien-Pao|Protect|p2b: Chien-Pao\n|-singleturn|p2b: Chien-Pao|Protect\n|move|p2a: Zamazenta|Protect|p2a: Zamazenta\n|-singleturn|p2a: Zamazenta|Protect\n|move|p1b: Incineroar|Will-O-Wisp|p2a: Zamazenta\n|-activate|p2a: Zamazenta|move: Protect\n|\n|upkeep\n|turn|2\n|j| CerebralGenesis\n|inactive|satelite99 has 30 seconds left.\n|inactive|zonavideovigilada has 30 seconds left.\n|inactive|satelite99 has 20 seconds left.\n|\n|t:|1739459031\n|move|p2b: Chien-Pao|Crunch|p1b: Incineroar\n|-supereffective|p1b: Incineroar\n|-damage|p1b: Incineroar|41\/100\n|move|p2a: Zamazenta|Body Press|p1a: Urshifu\n|-crit|p1a: Urshifu\n|-enditem|p1a: Urshifu|Focus Sash\n|-damage|p1a: Urshifu|1\/100\n|move|p1a: Urshifu|Surging Strikes|p2b: Chien-Pao\n|-crit|p2b: Chien-Pao\n|-damage|p2b: Chien-Pao|70\/100\n|-crit|p2b: Chien-Pao\n|-damage|p2b: Chien-Pao|40\/100\n|-crit|p2b: Chien-Pao\n|-damage|p2b: Chien-Pao|13\/100\n|-hitcount|p2b: Chien-Pao|3\n|move|p1b: Incineroar|Will-O-Wisp|p2a: Zamazenta\n|-status|p2a: Zamazenta|brn\n|\n|-damage|p2a: Zamazenta|95\/100 brn|[from] brn\n|upkeep\n|turn|3\n|inactive|zonavideovigilada has 30 seconds left.\n|inactive|satelite99 has 30 seconds left.\n|inactive|satelite99 has 20 seconds left.\n|\n|t:|1739459066\n|switch|p2b: Raging Bolt|Raging Bolt, L50|100\/100\n|move|p1a: Urshifu|Aqua Jet|p2b: Raging Bolt\n|-resisted|p2b: Raging Bolt\n|-damage|p2b: Raging Bolt|92\/100\n|move|p2a: Zamazenta|Body Press|p1a: Urshifu\n|-damage|p1a: Urshifu|0 fnt\n|faint|p1a: Urshifu\n|move|p1b: Incineroar|Parting Shot|p2b: Raging Bolt\n|-unboost|p2b: Raging Bolt|atk|1\n|-unboost|p2b: Raging Bolt|spa|1\n|\n|t:|1739459088\n|switch|p1b: Miraidon|Miraidon, L50|100\/100|[from] Parting Shot\n|-activate|p1b: Miraidon|ability: Hadron Engine\n|\n|-damage|p2a: Zamazenta|89\/100 brn|[from] brn\n|upkeep\n|\n|t:|1739459091\n|switch|p1a: Iron Hands|Iron Hands, L50|100\/100\n|-enditem|p1a: Iron Hands|Electric Seed\n|-boost|p1a: Iron Hands|def|1|[from] item: Electric Seed\n|-activate|p1a: Iron Hands|ability: Quark Drive\n|-start|p1a: Iron Hands|quarkdriveatk\n|turn|4\n|inactive|zonavideovigilada has 30 seconds left.\n|\n|t:|1739459125\n|-end|p2b: Raging Bolt|Protosynthesis|[silent]\n|switch|p2b: Gholdengo|Gholdengo, L50|100\/100\n|move|p2a: Zamazenta|Protect|p2a: Zamazenta\n|-singleturn|p2a: Zamazenta|Protect\n|move|p1b: Miraidon|Electro Drift|p2a: Zamazenta\n|-activate|p2a: Zamazenta|move: Protect\n|move|p1a: Iron Hands|Swords Dance|p1a: Iron Hands\n|-boost|p1a: Iron Hands|atk|2\n|\n|-damage|p2a: Zamazenta|83\/100 brn|[from] brn\n|upkeep\n|turn|5\n|inactive|satelite99 has 30 seconds left.\n|inactive|satelite99 has 20 seconds left.\n|inactive|satelite99 has 15 seconds left.\n|\n|t:|1739459166\n|move|p2b: Gholdengo|Protect|p2b: Gholdengo\n|-singleturn|p2b: Gholdengo|Protect\n|move|p1b: Miraidon|Electro Drift|p2b: Gholdengo\n|-activate|p2b: Gholdengo|move: Protect\n|move|p2a: Zamazenta|Body Press|p1a: Iron Hands\n|-damage|p1a: Iron Hands|86\/100\n|move|p1a: Iron Hands|Drain Punch|p2a: Zamazenta\n|-supereffective|p2a: Zamazenta\n|-damage|p2a: Zamazenta|0 fnt\n|-heal|p1a: Iron Hands|100\/100|[from] drain|[of] p2a: Zamazenta\n|faint|p2a: Zamazenta\n|\n|-fieldend|move: Electric Terrain\n|-end|p1a: Iron Hands|Quark Drive\n|upkeep\n|\n|t:|1739459184\n|switch|p2a: Chien-Pao|Chien-Pao, L50|13\/100\n|-ability|p2a: Chien-Pao|Sword of Ruin\n|turn|6\n|\n|t:|1739459203\n|switch|p1b: Incineroar|Incineroar, L50, M, tera:Ghost|41\/100\n|-ability|p1b: Incineroar|Intimidate|boost\n|-unboost|p2a: Chien-Pao|atk|1\n|-unboost|p2b: Gholdengo|atk|1\n|move|p2a: Chien-Pao|Ice Spinner|p1b: Incineroar\n|-damage|p1b: Incineroar|8\/100\n|move|p2b: Gholdengo|Nasty Plot|p2b: Gholdengo\n|-boost|p2b: Gholdengo|spa|2\n|move|p1a: Iron Hands|Thunder Punch|p2a: Chien-Pao\n|-damage|p2a: Chien-Pao|0 fnt\n|faint|p2a: Chien-Pao\n|\n|upkeep\n|\n|t:|1739459214\n|switch|p2a: Raging Bolt|Raging Bolt, L50|92\/100\n|turn|7\n|inactive|satelite99 has 30 seconds left.\n|\n|t:|1739459240\n|-terastallize|p2a: Raging Bolt|Fairy\n|move|p1b: Incineroar|Fake Out|p2a: Raging Bolt\n|-damage|p2a: Raging Bolt|84\/100\n|move|p2b: Gholdengo|Shadow Ball|p1a: Iron Hands\n|-damage|p1a: Iron Hands|36\/100\n|cant|p2a: Raging Bolt|flinch\n|move|p1a: Iron Hands|Drain Punch|p2a: Raging Bolt\n|-resisted|p2a: Raging Bolt\n|-damage|p2a: Raging Bolt|53\/100\n|-heal|p1a: Iron Hands|51\/100|[from] drain|[of] p2a: Raging Bolt\n|\n|upkeep\n|turn|8\n|\n|t:|1739459264\n|move|p1a: Iron Hands|Detect|p1a: Iron Hands\n|-singleturn|p1a: Iron Hands|Protect\n|move|p2b: Gholdengo|Shadow Ball|p1a: Iron Hands\n|-activate|p1a: Iron Hands|move: Protect\n|move|p2a: Raging Bolt|Snarl|p1a: Iron Hands|[spread] p1b\n|-activate|p1a: Iron Hands|move: Protect\n|-supereffective|p1b: Incineroar\n|-damage|p1b: Incineroar|0 fnt\n|faint|p1b: Incineroar\n|\n|upkeep\n|j| Supertwig31\n|\n|t:|1739459273\n|switch|p1b: Miraidon|Miraidon, L50|100\/100\n|-fieldstart|move: Electric Terrain|[from] ability: Hadron Engine|[of] p1b: Miraidon\n|-activate|p1a: Iron Hands|ability: Quark Drive\n|-start|p1a: Iron Hands|quarkdriveatk\n|turn|9\n|inactive|zonavideovigilada has 30 seconds left.\n|inactive|satelite99 has 30 seconds left.\n|inactive|zonavideovigilada has 20 seconds left.\n|inactive|satelite99 has 20 seconds left.\n|inactive|satelite99 has 15 seconds left.\n|inactive|satelite99 has 10 seconds left.\n|inactive|satelite99 has 5 seconds left.\n|\n|t:|1739459326\n|move|p1b: Miraidon|Electro Drift|p2b: Gholdengo\n|-damage|p2b: Gholdengo|0 fnt\n|faint|p2b: Gholdengo\n|move|p2a: Raging Bolt|Draco Meteor|p1a: Iron Hands\n|-damage|p1a: Iron Hands|0 fnt\n|-unboost|p2a: Raging Bolt|spa|2\n|faint|p1a: Iron Hands\n|-end|p1a: Iron Hands|Quark Drive|[silent]\n|\n|upkeep\n|turn|10\n|j| xiaoliyun.official\n|\n|t:|1739459347\n|move|p1b: Miraidon|Electro Drift|p2a: Raging Bolt\n|-damage|p2a: Raging Bolt|0 fnt\n|faint|p2a: Raging Bolt\n|-end|p2a: Raging Bolt|Protosynthesis|[silent]\n|\n|win|zonavideovigilada\n|raw|zonavideovigilada's rating: 1741 &rarr; <strong>1755<\/strong><br \/>(+14 for winning)\n|raw|satelite99's rating: 1640 &rarr; <strong>1626<\/strong><br \/>(-14 for losing)\n|l|\u2606zonavideovigilada\n|player|p1|\n|l| Supertwig31\n|l|\u2606satelite99\n|player|p2|\n|l| xiaoliyun.official\n","uploadtime":1739459373,"views":6,"formatid":"gen9vgc2025regg","rating":1626,"private":0,"password":null}