{"id":"gen9vgc2025regg-2300119967","format":"[Gen 9] VGC 2025 Reg G","players":["Ayae.Hakamada","ShiliangWuTang"],"log":"|j|\u2606Ayae.Hakamada\n|j|\u2606ShiliangWuTang\n|t:|1739466802\n|gametype|doubles\n|player|p1|Ayae.Hakamada|skyla|1596\n|player|p2|ShiliangWuTang|169|1547\n|teamsize|p1|6\n|teamsize|p2|6\n|gen|9\n|tier|[Gen 9] VGC 2025 Reg G\n|rated|\n|rule|Species Clause: Limit one of each Pok\u00e9mon\n|rule|Item Clause: Limit 1 of each item\n|clearpoke\n|poke|p1|Calyrex-Ice, L50|\n|poke|p1|Raging Bolt, L50|\n|poke|p1|Whimsicott, L50, M|\n|poke|p1|Pelipper, L50, M|\n|poke|p1|Landorus, L50, M|\n|poke|p1|Urshifu-*, L50, F|\n|poke|p2|Whimsicott, L50, M|\n|poke|p2|Flutter Mane, L50|\n|poke|p2|Calyrex-Shadow, L50|\n|poke|p2|Iron Hands, L50|\n|poke|p2|Clefairy, L50, F|\n|poke|p2|Ogerpon-Cornerstone, L50, F|\n|teampreview|4\n|inactive|Battle timer is ON: inactive players will automatically lose when time's up. (requested by ShiliangWuTang)\n|inactive|Ayae.Hakamada also wants the timer to be on.\n|j| Pokuchu\n|j| bieiup\n|inactive|Ayae.Hakamada has 60 seconds left.\n|inactive|ShiliangWuTang has 60 seconds left.\nShiliangWuTang has agreed to open team sheets.\n|inactive|Ayae.Hakamada has 30 seconds left.\n|inactive|Ayae.Hakamada has 20 seconds left.\n|inactive|Ayae.Hakamada has 15 seconds left.\n|inactive|Ayae.Hakamada has 10 seconds left.\n|\n|t:|1739466885\n|start\n|switch|p1a: Calyrex|Calyrex-Ice, L50|100\/100\n|switch|p1b: Whimsicott|Whimsicott, L50, M|100\/100\n|switch|p2a: Fisto|Iron Hands, L50, shiny|100\/100\n|switch|p2b: Shamone Rider|Calyrex-Shadow, L50|100\/100\n|-ability|p2b: Shamone Rider|As One\n|-ability|p2b: Shamone Rider|Unnerve\n|-ability|p1a: Calyrex|As One\n|-ability|p1a: Calyrex|Unnerve\n|turn|1\n|j| oherrodersir\n|inactive|Ayae.Hakamada has 30 seconds left.\n|inactive|Ayae.Hakamada has 20 seconds left.\n|inactive|Ayae.Hakamada has 15 seconds left.\n|\n|t:|1739466926\n|-end|p2a: Fisto|Quark Drive|[silent]\n|switch|p2a: Piepi|Clefairy, L50, F, shiny|100\/100\n|-terastallize|p2b: Shamone Rider|Water\n|-terastallize|p1a: Calyrex|Fairy\n|move|p2b: Shamone Rider|Nasty Plot|p2b: Shamone Rider\n|-boost|p2b: Shamone Rider|spa|2\n|move|p1b: Whimsicott|Endeavor|p2a: Piepi\n|-damage|p2a: Piepi|68\/100\n|move|p1a: Calyrex|Glacial Lance|p2b: Shamone Rider|[spread] p2a,p2b\n|-resisted|p2b: Shamone Rider\n|-damage|p2a: Piepi|29\/100\n|-damage|p2b: Shamone Rider|80\/100\n|\n|upkeep\n|turn|2\n|inactive|Ayae.Hakamada has 30 seconds left.\n|inactive|Ayae.Hakamada has 20 seconds left.\n|inactive|Ayae.Hakamada has 15 seconds left.\n|inactive|Ayae.Hakamada has 10 seconds left.\n|inactive|Ayae.Hakamada has 5 seconds left.\n|inactive|ShiliangWuTang has 30 seconds left.\n|\n|t:|1739466983\n|move|p2a: Piepi|Protect|p2a: Piepi\n|-singleturn|p2a: Piepi|Protect\n|move|p2b: Shamone Rider|Astral Barrage|p1b: Whimsicott|[spread] p1a,p1b\n|-damage|p1a: Calyrex|40\/100\n|-enditem|p1b: Whimsicott|Focus Sash\n|-damage|p1b: Whimsicott|1\/100\n|move|p1b: Whimsicott|Moonblast|p2a: Piepi\n|-activate|p2a: Piepi|move: Protect\n|move|p1a: Calyrex|Seed Bomb|p2b: Shamone Rider\n|-supereffective|p2b: Shamone Rider\n|-damage|p2b: Shamone Rider|32\/100\n|\n|upkeep\n|turn|3\n|\n|t:|1739467008\n|move|p2a: Piepi|Follow Me|p2a: Piepi\n|-singleturn|p2a: Piepi|move: Follow Me\n|move|p1b: Whimsicott|Tailwind|p1b: Whimsicott\n|-sidestart|p1: Ayae.Hakamada|move: Tailwind\n|move|p2b: Shamone Rider|Astral Barrage|p1b: Whimsicott|[spread] p1a,p1b\n|-damage|p1a: Calyrex|0 fnt\n|-damage|p1b: Whimsicott|0 fnt\n|faint|p1a: Calyrex\n|faint|p1b: Whimsicott\n|-ability|p2b: Shamone Rider|Grim Neigh|boost\n|-boost|p2b: Shamone Rider|spa|2\n|\n|upkeep\n|\n|t:|1739467021\n|switch|p1b: Urshifu|Urshifu-Rapid-Strike, L50, F|100\/100\n|switch|p1a: Landorus|Landorus, L50, M|100\/100\n|turn|4\n|\n|t:|1739467030\n|move|p2a: Piepi|Follow Me|p2a: Piepi\n|-singleturn|p2a: Piepi|move: Follow Me\n|move|p1a: Landorus|Earth Power|p2a: Piepi\n|-damage|p2a: Piepi|0 fnt\n|faint|p2a: Piepi\n|move|p1b: Urshifu|Surging Strikes|p2b: Shamone Rider\n|-resisted|p2b: Shamone Rider\n|-crit|p2b: Shamone Rider\n|-damage|p2b: Shamone Rider|21\/100\n|-resisted|p2b: Shamone Rider\n|-crit|p2b: Shamone Rider\n|-damage|p2b: Shamone Rider|10\/100\n|-resisted|p2b: Shamone Rider\n|-crit|p2b: Shamone Rider\n|-damage|p2b: Shamone Rider|0 fnt\n|faint|p2b: Shamone Rider\n|-hitcount|p2: Shamone Rider|3\n|\n|upkeep\n|\n|t:|1739467040\n|switch|p2b: Gilmour|Ogerpon-Cornerstone, L50, F|100\/100\n|switch|p2a: Fisto|Iron Hands, L50, shiny|100\/100\n|turn|5\n|\n|t:|1739467062\n|move|p1b: Urshifu|Detect|p1b: Urshifu\n|-singleturn|p1b: Urshifu|Protect\n|move|p2b: Gilmour|Follow Me|p2b: Gilmour\n|-singleturn|p2b: Gilmour|move: Follow Me\n|move|p1a: Landorus|Earth Power|p2b: Gilmour\n|-damage|p2b: Gilmour|36\/100\n|move|p2a: Fisto|Wild Charge|p1b: Urshifu\n|-activate|p1b: Urshifu|move: Protect\n|\n|upkeep\n|turn|6\n|-message|ShiliangWuTang forfeited.\n|\n|win|Ayae.Hakamada\n|raw|Ayae.Hakamada's rating: 1596 &rarr; <strong>1613<\/strong><br \/>(+17 for winning)\n|raw|ShiliangWuTang's rating: 1547 &rarr; <strong>1530<\/strong><br \/>(-17 for losing)\n","uploadtime":1739467076,"views":5,"formatid":"gen9vgc2025regg","rating":1530,"private":0,"password":null}