{"id":"gen9vgc2025regg-2300860520","format":"[Gen 9] VGC 2025 Reg G","players":["Mildly Displeased","bieiup"],"log":"|j|\u2606Mildly Displeased\n|j|\u2606bieiup\n|t:|1739561644\n|gametype|doubles\n|player|p1|Mildly Displeased|lillie|1590\n|player|p2|bieiup|lillie-z|1671\n|teamsize|p1|6\n|teamsize|p2|6\n|gen|9\n|tier|[Gen 9] VGC 2025 Reg G\n|rated|\n|rule|Species Clause: Limit one of each Pok\u00e9mon\n|rule|Item Clause: Limit 1 of each item\n|clearpoke\n|poke|p1|Primarina, L50, M|\n|poke|p1|Talonflame, L50, F|\n|poke|p1|Zamazenta-*, L50|\n|poke|p1|Rillaboom, L50, F|\n|poke|p1|Chien-Pao, L50|\n|poke|p1|Kingambit, L50, F|\n|poke|p2|Raging Bolt, L50|\n|poke|p2|Miraidon, L50|\n|poke|p2|Chi-Yu, L50|\n|poke|p2|Torkoal, L50, M|\n|poke|p2|Farigiraf, L50, F|\n|poke|p2|Ursaluna, L50, M|\n|teampreview|4\n|inactive|Battle timer is ON: inactive players will automatically lose when time's up. (requested by Mildly Displeased)\n|j| Zucmpall\n|\n|t:|1739561673\n|start\n|switch|p1a: Phoenix|Talonflame, L50, F, shiny|100\/100\n|switch|p1b: Knotweed|Rillaboom, L50, F|100\/100\n|switch|p2a: Miraidon|Miraidon, L50|100\/100\n|switch|p2b: Farigiraf|Farigiraf, L50, F|100\/100\n|-fieldstart|move: Electric Terrain|[from] ability: Hadron Engine|[of] p2a: Miraidon\n|-enditem|p2b: Farigiraf|Electric Seed\n|-boost|p2b: Farigiraf|def|1|[from] item: Electric Seed\n|-fieldstart|move: Grassy Terrain|[from] ability: Grassy Surge|[of] p1b: Knotweed\n|turn|1\n|\n|t:|1739561679\n|move|p1b: Knotweed|Fake Out||[still]\n|cant|p2b: Farigiraf|ability: Armor Tail|Fake Out|[of] p1b: Knotweed\n|move|p2a: Miraidon|Volt Switch|p1a: Phoenix\n|-supereffective|p1a: Phoenix\n|-damage|p1a: Phoenix|0 fnt\n|faint|p1a: Phoenix\n|\n|t:|1739561684\n|switch|p2a: Ursaluna|Ursaluna, L50, M|100\/100|[from] Volt Switch\n|move|p2b: Farigiraf|Trick Room|p2b: Farigiraf\n|-fieldstart|move: Trick Room|[of] p2b: Farigiraf\n|\n|-status|p2a: Ursaluna|brn|[from] item: Flame Orb\n|upkeep\n|\n|t:|1739561691\n|switch|p1a: Pippin|Zamazenta-Crowned, L50|100\/100\n|-ability|p1a: Pippin|Dauntless Shield|boost\n|-boost|p1a: Pippin|def|1\n|turn|2\n|\n|t:|1739561700\n|-terastallize|p2a: Ursaluna|Ghost\n|-terastallize|p1a: Pippin|Ghost\n|move|p2b: Farigiraf|Helping Hand|p2a: Ursaluna\n|-singleturn|p2a: Ursaluna|Helping Hand|[of] p2b: Farigiraf\n|move|p2a: Ursaluna|Facade|p1b: Knotweed\n|-damage|p1b: Knotweed|0 fnt\n|faint|p1b: Knotweed\n|move|p1a: Pippin|Iron Defense|p1a: Pippin\n|-boost|p1a: Pippin|def|2\n|\n|-damage|p2a: Ursaluna|95\/100 brn|[from] brn\n|upkeep\n|\n|t:|1739561709\n|switch|p1b: Weavile 2.0|Chien-Pao, L50|100\/100\n|-ability|p1b: Weavile 2.0|Sword of Ruin\n|turn|3\n|l| Zucmpall\n|\n|t:|1739561716\n|move|p2a: Ursaluna|Facade|p1b: Weavile 2.0\n|-enditem|p1b: Weavile 2.0|Focus Sash\n|-damage|p1b: Weavile 2.0|1\/100\n|move|p2b: Farigiraf|Psychic Noise|p1b: Weavile 2.0\n|-immune|p1b: Weavile 2.0\n|move|p1a: Pippin|Body Press|p2b: Farigiraf\n|-damage|p2b: Farigiraf|21\/100\n|move|p1b: Weavile 2.0|Crunch|p2a: Ursaluna\n|-supereffective|p2a: Ursaluna\n|-damage|p2a: Ursaluna|24\/100 brn\n|\n|-heal|p2a: Ursaluna|30\/100 brn|[from] Grassy Terrain\n|-heal|p2b: Farigiraf|27\/100|[from] Grassy Terrain\n|-heal|p1b: Weavile 2.0|7\/100|[from] Grassy Terrain\n|-damage|p2a: Ursaluna|24\/100 brn|[from] brn\n|upkeep\n|turn|4\n|c|\u2606bieiup|..... miss click.....\n|inactive|Mildly Displeased has 30 seconds left.\n|inactive|bieiup has 30 seconds left.\n|inactive|bieiup has 20 seconds left.\n|\n|t:|1739561754\n|move|p2a: Ursaluna|Facade|p1b: Weavile 2.0\n|-damage|p1b: Weavile 2.0|0 fnt\n|faint|p1b: Weavile 2.0\n|move|p2b: Farigiraf|Foul Play|p1a: Pippin\n|-supereffective|p1a: Pippin\n|-damage|p1a: Pippin|86\/100\n|move|p1a: Pippin|Body Press|p2b: Farigiraf\n|-damage|p2b: Farigiraf|0 fnt\n|faint|p2b: Farigiraf\n|\n|-heal|p2a: Ursaluna|30\/100 brn|[from] Grassy Terrain\n|-heal|p1a: Pippin|92\/100|[from] Grassy Terrain\n|-damage|p2a: Ursaluna|24\/100 brn|[from] brn\n|upkeep\n|\n|t:|1739561758\n|switch|p2b: Torkoal|Torkoal, L50, M|100\/100\n|-weather|SunnyDay|[from] ability: Drought|[of] p2b: Torkoal\n|-item|p2b: Torkoal|Air Balloon\n|turn|5\n|\n|t:|1739561777\n|move|p1a: Pippin|Wide Guard|p1a: Pippin\n|-singleturn|p1a: Pippin|Wide Guard\n|move|p2b: Torkoal|Overheat|p1a: Pippin\n|-damage|p1a: Pippin|33\/100\n|-unboost|p2b: Torkoal|spa|2\n|move|p2a: Ursaluna|Headlong Rush|p1a: Pippin\n|-damage|p1a: Pippin|6\/100\n|-unboost|p2a: Ursaluna|def|1\n|-unboost|p2a: Ursaluna|spd|1\n|\n|-weather|SunnyDay|[upkeep]\n|-heal|p2a: Ursaluna|30\/100 brn|[from] Grassy Terrain\n|-heal|p1a: Pippin|12\/100|[from] Grassy Terrain\n|-damage|p2a: Ursaluna|24\/100 brn|[from] brn\n|-fieldend|move: Trick Room\n|-fieldend|move: Grassy Terrain\n|upkeep\n|turn|6\n|\n|t:|1739561781\n|move|p1a: Pippin|Body Press|p2b: Torkoal\n|-damage|p2b: Torkoal|14\/100\n|-enditem|p2b: Torkoal|Air Balloon\n|move|p2a: Ursaluna|Headlong Rush|p1a: Pippin\n|-damage|p1a: Pippin|0 fnt\n|-unboost|p2a: Ursaluna|def|1\n|-unboost|p2a: Ursaluna|spd|1\n|faint|p1a: Pippin\n|\n|win|bieiup\n|raw|Mildly Displeased's rating: 1590 &rarr; <strong>1575<\/strong><br \/>(-15 for losing)\n|raw|bieiup's rating: 1671 &rarr; <strong>1686<\/strong><br \/>(+15 for winning)\n|l|\u2606bieiup\n|player|p2|\n|l|\u2606Mildly Displeased\n|player|p1|\n","uploadtime":1739561981,"views":9,"formatid":"gen9vgc2025regg","rating":1575,"private":0,"password":null}