{"id":"gen9vgc2025regg-2300537104","format":"[Gen 9] VGC 2025 Reg G","players":["mlm2017","sheepie_sheep1"],"log":"|j|\u2606mlm2017\n|j|\u2606sheepie_sheep1\n|t:|1739519771\n|gametype|doubles\n|player|p1|mlm2017|juggler|1585\n|player|p2|sheepie_sheep1|youngcouple|1589\n|teamsize|p1|6\n|teamsize|p2|6\n|gen|9\n|tier|[Gen 9] VGC 2025 Reg G\n|rated|\n|rule|Species Clause: Limit one of each Pok\u00e9mon\n|rule|Item Clause: Limit 1 of each item\n|clearpoke\n|poke|p1|Miraidon, L50|\n|poke|p1|Whimsicott, L50, M|\n|poke|p1|Iron Hands, L50|\n|poke|p1|Urshifu-*, L50, M|\n|poke|p1|Farigiraf, L50, M|\n|poke|p1|Sneasler, L50, M|\n|poke|p2|Calyrex-Shadow, L50|\n|poke|p2|Murkrow, L50, M|\n|poke|p2|Urshifu-*, L50, M|\n|poke|p2|Ogerpon, L50, F|\n|poke|p2|Raging Bolt, L50|\n|poke|p2|Chi-Yu, L50|\n|teampreview|4\n|inactive|Battle timer is ON: inactive players will automatically lose when time's up. (requested by mlm2017)\n|j| kita3 black\n|l| kita3 black\n|\n|t:|1739519795\n|start\n|switch|p1a: Miraidon|Miraidon, L50|100\/100\n|switch|p1b: Whimsicott|Whimsicott, L50, M|100\/100\n|switch|p2a: Murkrow|Murkrow, L50, M|100\/100\n|switch|p2b: Chi-Yu|Chi-Yu, L50|100\/100\n|-fieldstart|move: Electric Terrain|[from] ability: Hadron Engine|[of] p1a: Miraidon\n|-ability|p2b: Chi-Yu|Beads of Ruin\n|turn|1\n|\n|t:|1739519816\n|move|p1b: Whimsicott|Tailwind|p1b: Whimsicott\n|-sidestart|p1: mlm2017|move: Tailwind\n|move|p2a: Murkrow|Quash|p1a: Miraidon\n|-activate|p1a: Miraidon|move: Quash\n|move|p2b: Chi-Yu|Heat Wave|p1b: Whimsicott|[spread] \n|-miss|p2b: Chi-Yu|p1a: Miraidon\n|-miss|p2b: Chi-Yu|p1b: Whimsicott\n|move|p1a: Miraidon|Volt Switch|p2a: Murkrow\n|-supereffective|p2a: Murkrow\n|-damage|p2a: Murkrow|0 fnt\n|faint|p2a: Murkrow\n|c|\u2606sheepie_sheep1|come on\n|\n|t:|1739519829\n|switch|p1a: Sneasler|Sneasler, L50, M|100\/100|[from] Volt Switch\n|-enditem|p1a: Sneasler|Electric Seed\n|-boost|p1a: Sneasler|def|1|[from] item: Electric Seed\n|\n|upkeep\n|\n|t:|1739519832\n|switch|p2a: Calyrex|Calyrex-Shadow, L50|100\/100\n|-ability|p2a: Calyrex|As One\n|-ability|p2a: Calyrex|Unnerve\n|turn|2\n|\n|t:|1739519846\n|-terastallize|p2b: Chi-Yu|Ghost\n|move|p1b: Whimsicott|Light Screen|p1b: Whimsicott\n|-sidestart|p1: mlm2017|move: Light Screen\n|move|p1a: Sneasler|Close Combat|p2b: Chi-Yu\n|-immune|p2b: Chi-Yu\n|move|p2a: Calyrex|Astral Barrage|p1b: Whimsicott|[spread] p1a,p1b\n|-damage|p1a: Sneasler|23\/100\n|-damage|p1b: Whimsicott|6\/100\n|-damage|p2a: Calyrex|91\/100|[from] item: Life Orb\n|move|p2b: Chi-Yu|Heat Wave|p1a: Sneasler|[spread] p1a,p1b\n|-supereffective|p1b: Whimsicott\n|-damage|p1a: Sneasler|0 fnt\n|-damage|p1b: Whimsicott|0 fnt\n|faint|p1a: Sneasler\n|faint|p1b: Whimsicott\n|\n|upkeep\n|\n|t:|1739519860\n|switch|p1b: Miraidon|Miraidon, L50|100\/100\n|switch|p1a: Farigiraf|Farigiraf, L50, M|100\/100\n|-activate|p1b: Miraidon|ability: Hadron Engine\n|turn|3\n|inactive|mlm2017 has 30 seconds left.\n|inactive|mlm2017 has 20 seconds left.\n|inactive|mlm2017 has 15 seconds left.\n|\n|t:|1739519901\n|switch|p2b: Raging Bolt|Raging Bolt, L50|100\/100\n|-enditem|p2b: Raging Bolt|Booster Energy\n|-activate|p2b: Raging Bolt|ability: Protosynthesis|[fromitem]\n|-start|p2b: Raging Bolt|protosynthesisspa\n|-terastallize|p1b: Miraidon|Fairy\n|move|p2a: Calyrex|Protect|p2a: Calyrex\n|-singleturn|p2a: Calyrex|Protect\n|move|p1b: Miraidon|Electro Drift|p2a: Calyrex\n|-activate|p2a: Calyrex|move: Protect\n|move|p1a: Farigiraf|Psychic|p2a: Calyrex\n|-activate|p2a: Calyrex|move: Protect\n|\n|upkeep\n|turn|4\n|\n|t:|1739519921\n|switch|p2a: Chi-Yu|Chi-Yu, L50, tera:Ghost|100\/100\n|-ability|p2a: Chi-Yu|Beads of Ruin\n|move|p1b: Miraidon|Electro Drift|p2a: Chi-Yu\n|-damage|p2a: Chi-Yu|0 fnt\n|faint|p2a: Chi-Yu\n|move|p1a: Farigiraf|Hyper Voice|p2b: Raging Bolt\n|-damage|p2b: Raging Bolt|63\/100\n|-enditem|p1a: Farigiraf|Throat Spray\n|-boost|p1a: Farigiraf|spa|1|[from] item: Throat Spray\n|move|p2b: Raging Bolt|Thunderbolt|p1b: Miraidon\n|-damage|p1b: Miraidon|57\/100\n|\n|-sideend|p1: mlm2017|move: Tailwind\n|upkeep\n|\n|t:|1739519926\n|switch|p2a: Calyrex|Calyrex-Shadow, L50|91\/100\n|-ability|p2a: Calyrex|As One\n|-ability|p2a: Calyrex|Unnerve\n|turn|5\n|\n|t:|1739519941\n|move|p2a: Calyrex|Protect|p2a: Calyrex\n|-singleturn|p2a: Calyrex|Protect\n|move|p1b: Miraidon|Electro Drift|p2a: Calyrex\n|-activate|p2a: Calyrex|move: Protect\n|move|p2b: Raging Bolt|Thunderbolt|p1b: Miraidon\n|-crit|p1b: Miraidon\n|-damage|p1b: Miraidon|0 fnt\n|faint|p1b: Miraidon\n|move|p1a: Farigiraf|Psychic|p2b: Raging Bolt\n|-damage|p2b: Raging Bolt|5\/100\n|\n|-fieldend|move: Electric Terrain\n|upkeep\n|turn|6\n|c|\u2606mlm2017|dude\n|c|\u2606sheepie_sheep1|mb\n|-message|mlm2017 forfeited.\n|\n|win|sheepie_sheep1\n|raw|mlm2017's rating: 1585 &rarr; <strong>1565<\/strong><br \/>(-20 for losing)\n|raw|sheepie_sheep1's rating: 1589 &rarr; <strong>1609<\/strong><br \/>(+20 for winning)\n|l|\u2606mlm2017\n|player|p1|\n|l|\u2606sheepie_sheep1\n|player|p2|\n","uploadtime":1739520132,"views":9,"formatid":"gen9vgc2025regg","rating":1565,"private":0,"password":null}