{"id":"gen9vgc2025regg-2300264447","format":"[Gen 9] VGC 2025 Reg G","players":["Magiplop","DimensionalFool"],"log":"|j|\u2606Magiplop\n|j|\u203dDimensionalFool\n|t:|1739480913\n|gametype|doubles\n|player|p1|Magiplop|2|1548\n|player|p2|DimensionalFool|266|1595\n|teamsize|p1|6\n|teamsize|p2|6\n|gen|9\n|tier|[Gen 9] VGC 2025 Reg G\n|rated|\n|rule|Species Clause: Limit one of each Pok\u00e9mon\n|rule|Item Clause: Limit 1 of each item\n|clearpoke\n|poke|p1|Rillaboom, L50, F|\n|poke|p1|Kyogre, L50|\n|poke|p1|Indeedee-F, L50, F|\n|poke|p1|Roaring Moon, L50|\n|poke|p1|Chien-Pao, L50|\n|poke|p1|Archaludon, L50, M|\n|poke|p2|Grimmsnarl, L50, M|\n|poke|p2|Landorus, L50, M|\n|poke|p2|Calyrex-Ice, L50|\n|poke|p2|Pelipper, L50, M|\n|poke|p2|Urshifu-*, L50, M|\n|poke|p2|Rillaboom, L50, F|\n|teampreview|4\n|inactive|Battle timer is ON: inactive players will automatically lose when time's up. (requested by Magiplop)\n|\n|t:|1739480935\n|start\n|switch|p1a: Archaludon|Archaludon, L50, M|100\/100\n|switch|p1b: Roaring Moon|Roaring Moon, L50|100\/100\n|switch|p2a: Landorus|Landorus, L50, M|100\/100\n|switch|p2b: Urshifu|Urshifu-Rapid-Strike, L50, M|100\/100\n|turn|1\n|inactive|DimensionalFool has 30 seconds left.\n|inactive|DimensionalFool has 20 seconds left.\n|inactive|DimensionalFool has 15 seconds left.\n|\n|t:|1739480979\n|-terastallize|p1a: Archaludon|Bug\n|move|p2b: Urshifu|Close Combat|p1a: Archaludon\n|-resisted|p1a: Archaludon\n|-damage|p1a: Archaludon|75\/100\n|-unboost|p2b: Urshifu|def|1\n|-unboost|p2b: Urshifu|spd|1\n|move|p1b: Roaring Moon|U-turn|p2b: Urshifu\n|-resisted|p2b: Urshifu\n|-damage|p2b: Urshifu|74\/100\n|\n|t:|1739480985\n|-end|p1b: Roaring Moon|Protosynthesis|[silent]\n|switch|p1b: Kyogre|Kyogre, L50, shiny|100\/100|[from] U-turn\n|-weather|RainDance|[from] ability: Drizzle|[of] p1b: Kyogre\n|move|p2a: Landorus|Earth Power|p1a: Archaludon\n|-resisted|p1a: Archaludon\n|-damage|p1a: Archaludon|26\/100\n|move|p1a: Archaludon|Electro Shot||[still]\n|-prepare|p1a: Archaludon|Electro Shot\n|-boost|p1a: Archaludon|spa|1\n|-anim|p1a: Archaludon|Electro Shot|p2b: Urshifu\n|-supereffective|p2b: Urshifu\n|-damage|p2b: Urshifu|0 fnt\n|faint|p2b: Urshifu\n|\n|-weather|RainDance|[upkeep]\n|upkeep\n|\n|t:|1739480999\n|switch|p2b: Pelipper|Pelipper, L50, M|100\/100\n|turn|2\n|\n|t:|1739481022\n|-terastallize|p2a: Landorus|Water\n|move|p1a: Archaludon|Protect|p1a: Archaludon\n|-singleturn|p1a: Archaludon|Protect\n|move|p2a: Landorus|Sandsear Storm|p1b: Kyogre|[spread] p1b\n|-activate|p1a: Archaludon|move: Protect\n|-damage|p1b: Kyogre|54\/100\n|move|p1b: Kyogre|Thunder|p2b: Pelipper\n|-supereffective|p2b: Pelipper\n|-enditem|p2b: Pelipper|Focus Sash\n|-damage|p2b: Pelipper|1\/100\n|move|p2b: Pelipper|Hurricane|p1b: Kyogre\n|-damage|p1b: Kyogre|18\/100\n|\n|-weather|RainDance|[upkeep]\n|upkeep\n|turn|3\n|inactive|DimensionalFool has 30 seconds left.\n|\n|t:|1739481048\n|move|p2a: Landorus|Sandsear Storm|p1a: Archaludon|[spread] p1a,p1b\n|-resisted|p1a: Archaludon\n|-damage|p1a: Archaludon|0 fnt\n|-damage|p1b: Kyogre|0 fnt\n|faint|p1a: Archaludon\n|faint|p1b: Kyogre\n|move|p2b: Pelipper|Weather Ball|p1: Archaludon|[notarget]\n|-fail|p2b: Pelipper\n|\n|-weather|RainDance|[upkeep]\n|upkeep\n|\n|t:|1739481050\n|switch|p1b: Roaring Moon|Roaring Moon, L50|100\/100\n|switch|p1a: Indeedee|Indeedee-F, L50, F|100\/100\n|-fieldstart|move: Psychic Terrain|[from] ability: Psychic Surge|[of] p1a: Indeedee\n|turn|4\n|inactive|Magiplop has 30 seconds left.\n|inactive|DimensionalFool has 30 seconds left.\n|\n|t:|1739481081\n|move|p1b: Roaring Moon|Knock Off|p2b: Pelipper\n|-damage|p2b: Pelipper|0 fnt\n|faint|p2b: Pelipper\n|move|p2a: Landorus|Earth Power|p1a: Indeedee\n|-damage|p1a: Indeedee|29\/100\n|move|p1a: Indeedee|Imprison|p1a: Indeedee\n|-start|p1a: Indeedee|move: Imprison\n|\n|-weather|RainDance|[upkeep]\n|upkeep\n|\n|t:|1739481089\n|switch|p2b: Calyrex|Calyrex-Ice, L50|100\/100\n|-ability|p2b: Calyrex|As One\n|-ability|p2b: Calyrex|Unnerve\n|turn|5\n|\n|t:|1739481096\n|move|p1a: Indeedee|Follow Me|p1a: Indeedee\n|-singleturn|p1a: Indeedee|move: Follow Me\n|move|p1b: Roaring Moon|Knock Off|p2b: Calyrex\n|-supereffective|p2b: Calyrex\n|-damage|p2b: Calyrex|0 fnt\n|-enditem|p2b: Calyrex|Assault Vest|[from] move: Knock Off|[of] p1b: Roaring Moon\n|faint|p2b: Calyrex\n|move|p2a: Landorus|Earth Power|p1a: Indeedee\n|-damage|p1a: Indeedee|0 fnt\n|faint|p1a: Indeedee\n|\n|-weather|none\n|upkeep\n|turn|6\n|\n|t:|1739481109\n|move|p1b: Roaring Moon|Knock Off|p2a: Landorus\n|-damage|p2a: Landorus|14\/100\n|-enditem|p2a: Landorus|Life Orb|[from] move: Knock Off|[of] p1b: Roaring Moon\n|move|p2a: Landorus|Earth Power|p1b: Roaring Moon\n|-damage|p1b: Roaring Moon|44\/100\n|\n|upkeep\n|turn|7\n|\n|t:|1739481113\n|move|p2a: Landorus|Protect|p2a: Landorus\n|-singleturn|p2a: Landorus|Protect\n|move|p1b: Roaring Moon|Knock Off|p2a: Landorus\n|-activate|p2a: Landorus|move: Protect\n|\n|upkeep\n|turn|8\n|\n|t:|1739481132\n|move|p1b: Roaring Moon|Knock Off|p2a: Landorus\n|-damage|p2a: Landorus|0 fnt\n|faint|p2a: Landorus\n|\n|win|Magiplop\n|raw|Magiplop's rating: 1548 &rarr; <strong>1571<\/strong><br \/>(+23 for winning)\n|raw|DimensionalFool's rating: 1595 &rarr; <strong>1572<\/strong><br \/>(-23 for losing)\n|l|\u203dDimensionalFool\n|player|p2|\n|j| teraghostisbad\n|l| teraghostisbad\n|l|\u2606Magiplop\n|player|p1|\n","uploadtime":1739481341,"views":4,"formatid":"gen9vgc2025regg","rating":1571,"private":0,"password":null}