{"id":"gen9vgc2025regg-2301469055","format":"[Gen 9] VGC 2025 Reg G","players":["Assasinderella","yukita_somaru"],"log":"|j|\u2606Assasinderella\n|j|\u2606yukita_somaru\n|t:|1739654127\n|gametype|doubles\n|player|p1|Assasinderella|rosa|1557\n|player|p2|yukita_somaru|chuck|1674\n|teamsize|p1|6\n|teamsize|p2|6\n|gen|9\n|tier|[Gen 9] VGC 2025 Reg G\n|rated|\n|rule|Species Clause: Limit one of each Pok\u00e9mon\n|rule|Item Clause: Limit 1 of each item\n|clearpoke\n|poke|p1|Koraidon, L50|\n|poke|p1|Ditto, L50|\n|poke|p1|Chi-Yu, L50|\n|poke|p1|Ogerpon-Cornerstone, L50, F|\n|poke|p1|Raging Bolt, L50|\n|poke|p1|Flutter Mane, L50|\n|poke|p2|Miraidon, L50|\n|poke|p2|Chien-Pao, L50|\n|poke|p2|Dragonite, L50, F|\n|poke|p2|Whimsicott, L50, F|\n|poke|p2|Dondozo, L50, F|\n|poke|p2|Tatsugiri-Droopy, L50, F|\n|teampreview|4\n|inactive|Battle timer is ON: inactive players will automatically lose when time's up. (requested by yukita_somaru)\n|inactive|Assasinderella has 60 seconds left.\n|inactive|Assasinderella has 30 seconds left.\n|inactive|Assasinderella has 20 seconds left.\n|inactive|Assasinderella has 15 seconds left.\n|\n|t:|1739654214\n|start\n|switch|p1a: Koraidon|Koraidon, L50|100\/100\n|switch|p1b: Ogerpon|Ogerpon-Cornerstone, L50, F|100\/100\n|switch|p2a: \u30df\u30e9\u30a4\u30c9\u30f3|Miraidon, L50|100\/100\n|switch|p2b: \u30d8\u30a4\u30e9\u30c3\u30b7\u30e3|Dondozo, L50, F|100\/100\n|-fieldstart|move: Electric Terrain|[from] ability: Hadron Engine|[of] p2a: \u30df\u30e9\u30a4\u30c9\u30f3\n|-weather|SunnyDay|[from] ability: Orichalcum Pulse|[of] p1a: Koraidon\n|-activate|p1a: Koraidon|Orichalcum Pulse|[source]\n|turn|1\n|inactive|yukita_somaru has 30 seconds left.\n|inactive|yukita_somaru has 20 seconds left.\n|inactive|yukita_somaru has 15 seconds left.\n|\n|t:|1739654256\n|move|p2a: \u30df\u30e9\u30a4\u30c9\u30f3|Protect|p2a: \u30df\u30e9\u30a4\u30c9\u30f3\n|-singleturn|p2a: \u30df\u30e9\u30a4\u30c9\u30f3|Protect\n|move|p1b: Ogerpon|Spiky Shield|p1b: Ogerpon\n|-singleturn|p1b: Ogerpon|move: Protect\n|move|p1a: Koraidon|Protect|p1a: Koraidon\n|-singleturn|p1a: Koraidon|Protect\n|move|p2b: \u30d8\u30a4\u30e9\u30c3\u30b7\u30e3|Protect||[still]\n|-fail|p2b: \u30d8\u30a4\u30e9\u30c3\u30b7\u30e3\n|\n|-weather|SunnyDay|[upkeep]\n|upkeep\n|turn|2\n|inactive|Assasinderella has 30 seconds left.\n|inactive|yukita_somaru has 30 seconds left.\n|inactive|yukita_somaru has 20 seconds left.\n|inactive|yukita_somaru has 15 seconds left.\n|inactive|Assasinderella has 20 seconds left.\n|inactive|yukita_somaru has 10 seconds left.\n|inactive|yukita_somaru has 5 seconds left.\n|\n|t:|1739654307\n|switch|p2a: \u30b7\u30e3\u30ea\u30bf\u30c4|Tatsugiri-Droopy, L50, F|100\/100\n|-activate|p2a: \u30b7\u30e3\u30ea\u30bf\u30c4|ability: Commander|[of] p2b: \u30d8\u30a4\u30e9\u30c3\u30b7\u30e3\n|-boost|p2b: \u30d8\u30a4\u30e9\u30c3\u30b7\u30e3|atk|2\n|-boost|p2b: \u30d8\u30a4\u30e9\u30c3\u30b7\u30e3|spa|2\n|-boost|p2b: \u30d8\u30a4\u30e9\u30c3\u30b7\u30e3|spe|2\n|-boost|p2b: \u30d8\u30a4\u30e9\u30c3\u30b7\u30e3|def|2\n|-boost|p2b: \u30d8\u30a4\u30e9\u30c3\u30b7\u30e3|spd|2\n|switch|p1a: Flutter Mane|Flutter Mane, L50|100\/100\n|-activate|p1a: Flutter Mane|ability: Protosynthesis\n|-start|p1a: Flutter Mane|protosynthesisspe\n|move|p1b: Ogerpon|Power Whip|p2b: \u30d8\u30a4\u30e9\u30c3\u30b7\u30e3\n|-supereffective|p2b: \u30d8\u30a4\u30e9\u30c3\u30b7\u30e3\n|-damage|p2b: \u30d8\u30a4\u30e9\u30c3\u30b7\u30e3|47\/100\n|move|p2b: \u30d8\u30a4\u30e9\u30c3\u30b7\u30e3|Earthquake|p1a: Flutter Mane|[spread] p1a,p1b\n|-miss|p2b: \u30d8\u30a4\u30e9\u30c3\u30b7\u30e3|p2a: \u30b7\u30e3\u30ea\u30bf\u30c4\n|-damage|p1a: Flutter Mane|33\/100\n|-damage|p1b: Ogerpon|32\/100\n|\n|-weather|SunnyDay|[upkeep]\n|upkeep\n|turn|3\n|j| BrnN0\n|inactive|Assasinderella has 30 seconds left.\n|inactive|yukita_somaru has 30 seconds left.\n|inactive|yukita_somaru has 20 seconds left.\n|\n|t:|1739654344\n|move|p2b: \u30d8\u30a4\u30e9\u30c3\u30b7\u30e3|Protect|p2b: \u30d8\u30a4\u30e9\u30c3\u30b7\u30e3\n|-singleturn|p2b: \u30d8\u30a4\u30e9\u30c3\u30b7\u30e3|Protect\n|move|p1a: Flutter Mane|Moonblast|p2b: \u30d8\u30a4\u30e9\u30c3\u30b7\u30e3\n|-activate|p2b: \u30d8\u30a4\u30e9\u30c3\u30b7\u30e3|move: Protect\n|move|p1b: Ogerpon|Power Whip|p2b: \u30d8\u30a4\u30e9\u30c3\u30b7\u30e3\n|-activate|p2b: \u30d8\u30a4\u30e9\u30c3\u30b7\u30e3|move: Protect\n|\n|-weather|SunnyDay|[upkeep]\n|upkeep\n|turn|4\n|\n|t:|1739654356\n|move|p1a: Flutter Mane|Protect|p1a: Flutter Mane\n|-singleturn|p1a: Flutter Mane|Protect\n|move|p1b: Ogerpon|Spiky Shield|p1b: Ogerpon\n|-singleturn|p1b: Ogerpon|move: Protect\n|move|p2b: \u30d8\u30a4\u30e9\u30c3\u30b7\u30e3|Earthquake|p1a: Flutter Mane|[spread] \n|-miss|p2b: \u30d8\u30a4\u30e9\u30c3\u30b7\u30e3|p2a: \u30b7\u30e3\u30ea\u30bf\u30c4\n|-activate|p1a: Flutter Mane|move: Protect\n|-activate|p1b: Ogerpon|move: Protect\n|\n|-weather|SunnyDay|[upkeep]\n|upkeep\n|turn|5\n|inactive|yukita_somaru has 30 seconds left.\n|inactive|yukita_somaru has 20 seconds left.\n|inactive|yukita_somaru has 15 seconds left.\n|inactive|yukita_somaru has 10 seconds left.\n|inactive|yukita_somaru has 5 seconds left.\n|\n|t:|1739654407\n|move|p1a: Flutter Mane|Moonblast|p2b: \u30d8\u30a4\u30e9\u30c3\u30b7\u30e3\n|-damage|p2b: \u30d8\u30a4\u30e9\u30c3\u30b7\u30e3|26\/100\n|move|p1b: Ogerpon|Power Whip|p2b: \u30d8\u30a4\u30e9\u30c3\u30b7\u30e3\n|-supereffective|p2b: \u30d8\u30a4\u30e9\u30c3\u30b7\u30e3\n|-damage|p2b: \u30d8\u30a4\u30e9\u30c3\u30b7\u30e3|0 fnt\n|faint|p2b: \u30d8\u30a4\u30e9\u30c3\u30b7\u30e3\n|\n|-weather|none\n|-end|p1a: Flutter Mane|Protosynthesis\n|-fieldend|move: Electric Terrain\n|upkeep\n|-enditem|p1a: Flutter Mane|Booster Energy\n|-activate|p1a: Flutter Mane|ability: Protosynthesis|[fromitem]\n|-start|p1a: Flutter Mane|protosynthesisspe\n|inactive|yukita_somaru has 30 seconds left.\n|\n|t:|1739654438\n|switch|p2b: \u30df\u30e9\u30a4\u30c9\u30f3|Miraidon, L50|100\/100\n|-fieldstart|move: Electric Terrain|[from] ability: Hadron Engine|[of] p2b: \u30df\u30e9\u30a4\u30c9\u30f3\n|turn|6\n|\n|t:|1739654447\n|switch|p2a: \u30a8\u30eb\u30d5\u30fc\u30f3|Whimsicott, L50, F|100\/100\n|-terastallize|p2b: \u30df\u30e9\u30a4\u30c9\u30f3|Fairy\n|move|p1a: Flutter Mane|Protect|p1a: Flutter Mane\n|-singleturn|p1a: Flutter Mane|Protect\n|move|p1b: Ogerpon|Spiky Shield|p1b: Ogerpon\n|-singleturn|p1b: Ogerpon|move: Protect\n|move|p2b: \u30df\u30e9\u30a4\u30c9\u30f3|Dazzling Gleam|p1a: Flutter Mane|[spread] \n|-activate|p1a: Flutter Mane|move: Protect\n|-activate|p1b: Ogerpon|move: Protect\n|\n|upkeep\n|turn|7\n|l| BrnN0\n|\n|t:|1739654467\n|move|p1b: Ogerpon|Spiky Shield||[still]\n|-fail|p1b: Ogerpon\n|move|p2a: \u30a8\u30eb\u30d5\u30fc\u30f3|Encore|p1a: Flutter Mane\n|-start|p1a: Flutter Mane|Encore\n|move|p1a: Flutter Mane|Protect||[still]\n|-fail|p1a: Flutter Mane\n|move|p2b: \u30df\u30e9\u30a4\u30c9\u30f3|Dazzling Gleam|p1a: Flutter Mane|[spread] p1a,p1b\n|-damage|p1a: Flutter Mane|0 fnt\n|-damage|p1b: Ogerpon|0 fnt\n|faint|p1a: Flutter Mane\n|-end|p1a: Flutter Mane|Protosynthesis|[silent]\n|faint|p1b: Ogerpon\n|-damage|p2b: \u30df\u30e9\u30a4\u30c9\u30f3|91\/100|[from] item: Life Orb\n|\n|upkeep\n|\n|t:|1739654475\n|switch|p1a: Koraidon|Koraidon, L50|100\/100\n|switch|p1b: Raging Bolt|Raging Bolt, L50|100\/100\n|-weather|SunnyDay|[from] ability: Orichalcum Pulse|[of] p1a: Koraidon\n|-activate|p1b: Raging Bolt|ability: Protosynthesis\n|-start|p1b: Raging Bolt|protosynthesisspa\n|-activate|p1a: Koraidon|Orichalcum Pulse|[source]\n|turn|8\n|\n|t:|1739654499\n|-terastallize|p1a: Koraidon|Fire\n|move|p2a: \u30a8\u30eb\u30d5\u30fc\u30f3|Protect|p2a: \u30a8\u30eb\u30d5\u30fc\u30f3\n|-singleturn|p2a: \u30a8\u30eb\u30d5\u30fc\u30f3|Protect\n|move|p2b: \u30df\u30e9\u30a4\u30c9\u30f3|Protect|p2b: \u30df\u30e9\u30a4\u30c9\u30f3\n|-singleturn|p2b: \u30df\u30e9\u30a4\u30c9\u30f3|Protect\n|move|p1a: Koraidon|Flame Charge|p2a: \u30a8\u30eb\u30d5\u30fc\u30f3\n|-activate|p2a: \u30a8\u30eb\u30d5\u30fc\u30f3|move: Protect\n|move|p1b: Raging Bolt|Thunderbolt|p2b: \u30df\u30e9\u30a4\u30c9\u30f3\n|-activate|p2b: \u30df\u30e9\u30a4\u30c9\u30f3|move: Protect\n|\n|-weather|SunnyDay|[upkeep]\n|upkeep\n|turn|9\n|\n|t:|1739654522\n|move|p1b: Raging Bolt|Thunderclap|p2b: \u30df\u30e9\u30a4\u30c9\u30f3\n|-damage|p2b: \u30df\u30e9\u30a4\u30c9\u30f3|31\/100\n|move|p2b: \u30df\u30e9\u30a4\u30c9\u30f3|Dazzling Gleam|p1a: Koraidon|[spread] p1a,p1b\n|-resisted|p1a: Koraidon\n|-supereffective|p1b: Raging Bolt\n|-damage|p1a: Koraidon|75\/100\n|-damage|p1b: Raging Bolt|35\/100\n|-damage|p2b: \u30df\u30e9\u30a4\u30c9\u30f3|21\/100|[from] item: Life Orb\n|move|p2a: \u30a8\u30eb\u30d5\u30fc\u30f3|Moonblast|p1b: Raging Bolt\n|-supereffective|p1b: Raging Bolt\n|-damage|p1b: Raging Bolt|4\/100\n|-unboost|p1b: Raging Bolt|spa|1\n|move|p1a: Koraidon|Flame Charge|p2b: \u30df\u30e9\u30a4\u30c9\u30f3\n|-damage|p2b: \u30df\u30e9\u30a4\u30c9\u30f3|0 fnt\n|-boost|p1a: Koraidon|spe|1\n|faint|p2b: \u30df\u30e9\u30a4\u30c9\u30f3\n|\n|-weather|SunnyDay|[upkeep]\n|upkeep\n|\n|t:|1739654541\n|switch|p2b: \u30b7\u30e3\u30ea\u30bf\u30c4|Tatsugiri-Droopy, L50, F|100\/100\n|turn|10\n|\n|t:|1739654551\n|move|p2a: \u30a8\u30eb\u30d5\u30fc\u30f3|Encore|p1a: Koraidon\n|-start|p1a: Koraidon|Encore\n|move|p1b: Raging Bolt|Thunderclap|p2b: \u30b7\u30e3\u30ea\u30bf\u30c4\n|-damage|p2b: \u30b7\u30e3\u30ea\u30bf\u30c4|55\/100\n|move|p1a: Koraidon|Flame Charge|p2b: \u30b7\u30e3\u30ea\u30bf\u30c4\n|-resisted|p2b: \u30b7\u30e3\u30ea\u30bf\u30c4\n|-damage|p2b: \u30b7\u30e3\u30ea\u30bf\u30c4|33\/100\n|-boost|p1a: Koraidon|spe|1\n|move|p2b: \u30b7\u30e3\u30ea\u30bf\u30c4|Muddy Water|p1b: Raging Bolt|[spread] p1a,p1b\n|-supereffective|p1a: Koraidon\n|-resisted|p1b: Raging Bolt\n|-crit|p1b: Raging Bolt\n|-damage|p1a: Koraidon|44\/100\n|-damage|p1b: Raging Bolt|0 fnt\n|faint|p1b: Raging Bolt\n|-end|p1b: Raging Bolt|Protosynthesis|[silent]\n|\n|-weather|SunnyDay|[upkeep]\n|-fieldend|move: Electric Terrain\n|upkeep\n|turn|11\n|\n|t:|1739654573\n|move|p2b: \u30b7\u30e3\u30ea\u30bf\u30c4|Protect|p2b: \u30b7\u30e3\u30ea\u30bf\u30c4\n|-singleturn|p2b: \u30b7\u30e3\u30ea\u30bf\u30c4|Protect\n|move|p1a: Koraidon|Flame Charge|p2b: \u30b7\u30e3\u30ea\u30bf\u30c4\n|-activate|p2b: \u30b7\u30e3\u30ea\u30bf\u30c4|move: Protect\n|move|p2a: \u30a8\u30eb\u30d5\u30fc\u30f3|Moonblast|p1a: Koraidon\n|-resisted|p1a: Koraidon\n|-damage|p1a: Koraidon|32\/100\n|\n|-weather|SunnyDay|[upkeep]\n|upkeep\n|turn|12\n|\n|t:|1739654589\n|move|p1a: Koraidon|Flame Charge|p2b: \u30b7\u30e3\u30ea\u30bf\u30c4\n|-resisted|p2b: \u30b7\u30e3\u30ea\u30bf\u30c4\n|-damage|p2b: \u30b7\u30e3\u30ea\u30bf\u30c4|10\/100\n|-boost|p1a: Koraidon|spe|1\n|move|p2a: \u30a8\u30eb\u30d5\u30fc\u30f3|Moonblast|p1a: Koraidon\n|-resisted|p1a: Koraidon\n|-damage|p1a: Koraidon|20\/100\n|move|p2b: \u30b7\u30e3\u30ea\u30bf\u30c4|Draco Meteor|p1a: Koraidon\n|-damage|p1a: Koraidon|0 fnt\n|-unboost|p2b: \u30b7\u30e3\u30ea\u30bf\u30c4|spa|2\n|faint|p1a: Koraidon\n|\n|win|yukita_somaru\n|raw|Assasinderella's rating: 1557 &rarr; <strong>1543<\/strong><br \/>(-14 for losing)\n|raw|yukita_somaru's rating: 1674 &rarr; <strong>1688<\/strong><br \/>(+14 for winning)\n|l|\u2606yukita_somaru\n|player|p2|\n|l|\u2606Assasinderella\n|player|p1|\n","uploadtime":1739654732,"views":6,"formatid":"gen9vgc2025regg","rating":1543,"private":0,"password":null}