{"id":"gen9vgc2025regg-2301505678","format":"[Gen 9] VGC 2025 Reg G","players":["Spottedwoot","SetsunaF2620"],"log":"|j|\u2606Spottedwoot\n|j|\u2606SetsunaF2620\n|t:|1739658654\n|gametype|doubles\n|player|p1|Spottedwoot|170|1555\n|player|p2|SetsunaF2620|266|1532\n|teamsize|p1|6\n|teamsize|p2|6\n|gen|9\n|tier|[Gen 9] VGC 2025 Reg G\n|rated|\n|rule|Species Clause: Limit one of each Pok\u00e9mon\n|rule|Item Clause: Limit 1 of each item\n|clearpoke\n|poke|p1|Zamazenta-*, L50|\n|poke|p1|Chien-Pao, L50|\n|poke|p1|Entei, L50|\n|poke|p1|Raging Bolt, L50|\n|poke|p1|Rillaboom, L50, M|\n|poke|p1|Farigiraf, L50, M|\n|poke|p2|Calyrex-Shadow, L50|\n|poke|p2|Flutter Mane, L50|\n|poke|p2|Incineroar, L50, F|\n|poke|p2|Whimsicott, L50, M|\n|poke|p2|Farigiraf, L50, F|\n|poke|p2|Chi-Yu, L50|\n|teampreview|4\n|inactive|Battle timer is ON: inactive players will automatically lose when time's up. (requested by SetsunaF2620)\n|c|\u2606SetsunaF2620|Oh i hate this lol\n|inactive|SetsunaF2620 has 60 seconds left.\n|\n|t:|1739658690\n|start\n|switch|p1a: Chien-Pao|Chien-Pao, L50|100\/100\n|switch|p1b: Entei|Entei, L50|100\/100\n|switch|p2a: Whimsicott|Whimsicott, L50, M|100\/100\n|switch|p2b: Flutter Mane|Flutter Mane, L50|100\/100\n|-ability|p1a: Chien-Pao|Sword of Ruin\n|-enditem|p2b: Flutter Mane|Booster Energy\n|-activate|p2b: Flutter Mane|ability: Protosynthesis|[fromitem]\n|-start|p2b: Flutter Mane|protosynthesisspe\n|turn|1\n|\n|t:|1739658705\n|move|p2b: Flutter Mane|Protect|p2b: Flutter Mane\n|-singleturn|p2b: Flutter Mane|Protect\n|move|p1a: Chien-Pao|Icicle Crash|p2a: Whimsicott\n|-supereffective|p2a: Whimsicott\n|-damage|p2a: Whimsicott|0 fnt\n|faint|p2a: Whimsicott\n|move|p1b: Entei|Sacred Fire|p2b: Flutter Mane\n|-activate|p2b: Flutter Mane|move: Protect\n|\n|upkeep\n|\n|t:|1739658714\n|switch|p2a: Chi-Yu|Chi-Yu, L50|100\/100\n|-ability|p2a: Chi-Yu|Beads of Ruin\n|turn|2\n|\n|t:|1739658719\n|move|p1a: Chien-Pao|Protect|p1a: Chien-Pao\n|-singleturn|p1a: Chien-Pao|Protect\n|move|p2b: Flutter Mane|Dazzling Gleam|p1b: Entei|[spread] p1b\n|-activate|p1a: Chien-Pao|move: Protect\n|-resisted|p1b: Entei\n|-damage|p1b: Entei|75\/100\n|move|p2a: Chi-Yu|Heat Wave|p1a: Chien-Pao|[spread] p1b\n|-activate|p1a: Chien-Pao|move: Protect\n|-resisted|p1b: Entei\n|-damage|p1b: Entei|48\/100\n|move|p1b: Entei|Sacred Fire|p2b: Flutter Mane\n|-damage|p2b: Flutter Mane|0 fnt\n|faint|p2b: Flutter Mane\n|-end|p2b: Flutter Mane|Protosynthesis|[silent]\n|\n|upkeep\n|\n|t:|1739658721\n|switch|p2b: Calyrex|Calyrex-Shadow, L50|100\/100\n|-ability|p2b: Calyrex|As One\n|-ability|p2b: Calyrex|Unnerve\n|turn|3\n|inactive|Spottedwoot has 30 seconds left.\n|\n|t:|1739658748\n|switch|p1b: Raging Bolt|Raging Bolt, L50|100\/100\n|-enditem|p1b: Raging Bolt|Booster Energy\n|-activate|p1b: Raging Bolt|ability: Protosynthesis|[fromitem]\n|-start|p1b: Raging Bolt|protosynthesisspa\n|move|p1a: Chien-Pao|Sucker Punch|p2b: Calyrex\n|-supereffective|p2b: Calyrex\n|-enditem|p2b: Calyrex|Focus Sash\n|-damage|p2b: Calyrex|1\/100\n|move|p2a: Chi-Yu|Heat Wave|p1a: Chien-Pao|[spread] p1b\n|-miss|p2a: Chi-Yu|p1a: Chien-Pao\n|-resisted|p1b: Raging Bolt\n|-damage|p1b: Raging Bolt|79\/100\n|move|p2b: Calyrex|Astral Barrage|p1a: Chien-Pao|[spread] p1a,p1b\n|-resisted|p1a: Chien-Pao\n|-damage|p1a: Chien-Pao|35\/100\n|-damage|p1b: Raging Bolt|18\/100\n|\n|upkeep\n|turn|4\n|\n|t:|1739658762\n|-terastallize|p1b: Raging Bolt|Electric\n|move|p2b: Calyrex|Protect|p2b: Calyrex\n|-singleturn|p2b: Calyrex|Protect\n|move|p1a: Chien-Pao|Sucker Punch||[still]\n|-fail|p1a: Chien-Pao\n|move|p1b: Raging Bolt|Thunderclap|p2a: Chi-Yu\n|-damage|p2a: Chi-Yu|11\/100\n|move|p2a: Chi-Yu|Heat Wave|p1b: Raging Bolt|[spread] p1a,p1b\n|-supereffective|p1a: Chien-Pao\n|-crit|p1a: Chien-Pao\n|-damage|p1a: Chien-Pao|0 fnt\n|-damage|p1b: Raging Bolt|0 fnt\n|faint|p1a: Chien-Pao\n|faint|p1b: Raging Bolt\n|-end|p1b: Raging Bolt|Protosynthesis|[silent]\n|\n|upkeep\n|\n|t:|1739658769\n|switch|p1a: Zamazenta|Zamazenta-Crowned, L50|100\/100\n|switch|p1b: Entei|Entei, L50|48\/100\n|-ability|p1a: Zamazenta|Dauntless Shield|boost\n|-boost|p1a: Zamazenta|def|1\n|turn|5\n|\n|t:|1739658797\n|-terastallize|p2b: Calyrex|Fighting\n|move|p1a: Zamazenta|Wide Guard|p1a: Zamazenta\n|-singleturn|p1a: Zamazenta|Wide Guard\n|move|p2a: Chi-Yu|Heat Wave|p1b: Entei|[spread] \n|-activate|p1a: Zamazenta|move: Wide Guard\n|-activate|p1b: Entei|move: Wide Guard\n|move|p2b: Calyrex|Tera Blast|p1b: Entei|[anim] Tera Blast Fighting\n|-damage|p1b: Entei|0 fnt\n|faint|p1b: Entei\n|-ability|p2b: Calyrex|Grim Neigh|boost\n|-boost|p2b: Calyrex|spa|1\n|\n|upkeep\n|turn|6\n|\n|t:|1739658809\n|move|p2a: Chi-Yu|Heat Wave|p1a: Zamazenta\n|-supereffective|p1a: Zamazenta\n|-damage|p1a: Zamazenta|0 fnt\n|faint|p1a: Zamazenta\n|\n|win|SetsunaF2620\n|raw|Spottedwoot's rating: 1555 &rarr; <strong>1534<\/strong><br \/>(-21 for losing)\n|raw|SetsunaF2620's rating: 1532 &rarr; <strong>1553<\/strong><br \/>(+21 for winning)\n","uploadtime":1739658813,"views":66,"formatid":"gen9vgc2025regg","rating":1534,"private":0,"password":null}