{"id":"gen9vgc2025regg-2301851397","format":"[Gen 9] VGC 2025 Reg G","players":["Ibberdytten","biei2012-2022"],"log":"|j|\u2606Ibberdytten\n|j|\u2606biei2012-2022\n|t:|1739716959\n|gametype|doubles\n|player|p1|Ibberdytten|whitney|1520\n|player|p2|biei2012-2022|lillie-z|1614\n|teamsize|p1|6\n|teamsize|p2|6\n|gen|9\n|tier|[Gen 9] VGC 2025 Reg G\n|rated|\n|rule|Species Clause: Limit one of each Pok\u00e9mon\n|rule|Item Clause: Limit 1 of each item\n|clearpoke\n|poke|p1|Calyrex-Shadow, L50|\n|poke|p1|Weezing-Galar, L50, M|\n|poke|p1|Dondozo, L50, M|\n|poke|p1|Tatsugiri-Droopy, L50, F|\n|poke|p1|Indeedee-F, L50, F|\n|poke|p1|Urshifu-*, L50, F|\n|poke|p2|Raging Bolt, L50|\n|poke|p2|Miraidon, L50|\n|poke|p2|Ogerpon-Hearthflame, L50, F|\n|poke|p2|Torkoal, L50, M|\n|poke|p2|Farigiraf, L50, F|\n|poke|p2|Ursaluna, L50, M|\n|teampreview|4\n|inactive|Battle timer is ON: inactive players will automatically lose when time's up. (requested by biei2012-2022)\n|inactive|biei2012-2022 has 60 seconds left.\n|\n|t:|1739717015\n|start\n|switch|p1a: Weezing|Weezing-Galar, L50, M|100\/100\n|switch|p1b: Calyrex|Calyrex-Shadow, L50|100\/100\n|switch|p2a: Miraidon|Miraidon, L50|100\/100\n|switch|p2b: Farigiraf|Farigiraf, L50, F|100\/100\n|-ability|p1a: Weezing|Neutralizing Gas\n|-ability|p1b: Calyrex|As One\n|-ability|p1b: Calyrex|Unnerve\n|turn|1\n|\n|t:|1739717038\n|move|p2b: Farigiraf|Helping Hand|p2a: Miraidon\n|-singleturn|p2a: Miraidon|Helping Hand|[of] p2b: Farigiraf\n|move|p1b: Calyrex|Astral Barrage|p2b: Farigiraf|[spread] p2a\n|-immune|p2b: Farigiraf\n|-damage|p2a: Miraidon|38\/100\n|-damage|p1b: Calyrex|91\/100|[from] item: Life Orb\n|move|p2a: Miraidon|Electro Drift|p1b: Calyrex\n|-damage|p1b: Calyrex|0 fnt\n|faint|p1b: Calyrex\n|move|p1a: Weezing|Poison Gas|p2b: Farigiraf|[spread] p2a,p2b\n|-status|p2a: Miraidon|psn\n|-status|p2b: Farigiraf|psn\n|\n|-damage|p2a: Miraidon|26\/100 psn|[from] psn\n|-damage|p2b: Farigiraf|88\/100 psn|[from] psn\n|upkeep\n|\n|t:|1739717045\n|switch|p1b: Dondozo|Dondozo, L50, M|100\/100\n|turn|2\n|\n|t:|1739717053\n|switch|p2a: Ursaluna|Ursaluna, L50, M|100\/100\n|move|p1b: Dondozo|Protect|p1b: Dondozo\n|-singleturn|p1b: Dondozo|Protect\n|move|p1a: Weezing|Toxic Spikes|p2a: Ursaluna\n|-sidestart|p2: biei2012-2022|move: Toxic Spikes\n|move|p2b: Farigiraf|Trick Room|p2b: Farigiraf\n|-fieldstart|move: Trick Room|[of] p2b: Farigiraf\n|\n|-damage|p2b: Farigiraf|76\/100 psn|[from] psn\n|-status|p2a: Ursaluna|brn|[from] item: Flame Orb\n|upkeep\n|turn|3\n|\n|t:|1739717077\n|-end|p1a: Weezing|ability: Neutralizing Gas\n|switch|p1a: Tatsugiri|Tatsugiri-Droopy, L50, F|100\/100\n|-activate|p1a: Tatsugiri|ability: Commander|[of] p1b: Dondozo\n|-boost|p1b: Dondozo|atk|2\n|-boost|p1b: Dondozo|spa|2\n|-boost|p1b: Dondozo|spe|2\n|-boost|p1b: Dondozo|def|2\n|-boost|p1b: Dondozo|spd|2\n|move|p2a: Ursaluna|Protect|p2a: Ursaluna\n|-singleturn|p2a: Ursaluna|Protect\n|move|p2b: Farigiraf|Psychic Noise|p1a: Tatsugiri|[miss]\n|-miss|p2b: Farigiraf|p1a: Tatsugiri\n|move|p1b: Dondozo|Body Press|p2a: Ursaluna\n|-activate|p2a: Ursaluna|move: Protect\n|\n|-damage|p2b: Farigiraf|63\/100 psn|[from] psn\n|-damage|p2a: Ursaluna|95\/100 brn|[from] brn\n|upkeep\n|turn|4\n|\n|t:|1739717087\n|-terastallize|p2a: Ursaluna|Ghost\n|move|p2b: Farigiraf|Helping Hand|p2a: Ursaluna\n|-singleturn|p2a: Ursaluna|Helping Hand|[of] p2b: Farigiraf\n|move|p1b: Dondozo|Protect|p1b: Dondozo\n|-singleturn|p1b: Dondozo|Protect\n|move|p2a: Ursaluna|Facade|p1b: Dondozo\n|-activate|p1b: Dondozo|move: Protect\n|\n|-damage|p2b: Farigiraf|51\/100 psn|[from] psn\n|-damage|p2a: Ursaluna|89\/100 brn|[from] brn\n|upkeep\n|turn|5\n|\n|t:|1739717095\n|move|p2b: Farigiraf|Helping Hand|p2a: Ursaluna\n|-singleturn|p2a: Ursaluna|Helping Hand|[of] p2b: Farigiraf\n|move|p2a: Ursaluna|Facade|p1b: Dondozo\n|-damage|p1b: Dondozo|51\/100\n|move|p1b: Dondozo|Wave Crash|p2a: Ursaluna\n|-damage|p2a: Ursaluna|29\/100 brn\n|-damage|p1b: Dondozo|30\/100|[from] Recoil\n|\n|-heal|p1b: Dondozo|36\/100|[from] item: Leftovers\n|-damage|p2b: Farigiraf|39\/100 psn|[from] psn\n|-damage|p2a: Ursaluna|23\/100 brn|[from] brn\n|upkeep\n|turn|6\n|\n|t:|1739717106\n|switch|p2a: Miraidon|Miraidon, L50|26\/100 psn\n|-fieldstart|move: Electric Terrain|[from] ability: Hadron Engine|[of] p2a: Miraidon\n|-enditem|p2b: Farigiraf|Electric Seed\n|-boost|p2b: Farigiraf|def|1|[from] item: Electric Seed\n|move|p1b: Dondozo|Protect|p1b: Dondozo\n|-singleturn|p1b: Dondozo|Protect\n|move|p2b: Farigiraf|Psychic Noise|p1b: Dondozo\n|-activate|p1b: Dondozo|move: Protect\n|\n|-heal|p1b: Dondozo|43\/100|[from] item: Leftovers\n|-damage|p2b: Farigiraf|26\/100 psn|[from] psn\n|-damage|p2a: Miraidon|14\/100 psn|[from] psn\n|-fieldend|move: Trick Room\n|upkeep\n|turn|7\n|\n|t:|1739717122\n|-terastallize|p1b: Dondozo|Grass\n|move|p2a: Miraidon|Draco Meteor|p1b: Dondozo\n|-damage|p1b: Dondozo|0 fnt\n|-unboost|p2a: Miraidon|spa|2\n|faint|p1b: Dondozo\n|move|p2b: Farigiraf|Psychic Noise|p1a: Tatsugiri\n|-damage|p1a: Tatsugiri|62\/100\n|-start|p1a: Tatsugiri|move: Heal Block\n|\n|-damage|p2a: Miraidon|2\/100 psn|[from] psn\n|-damage|p2b: Farigiraf|14\/100 psn|[from] psn\n|upkeep\n|\n|t:|1739717126\n|switch|p1b: Weezing|Weezing-Galar, L50, M|100\/100\n|-ability|p1b: Weezing|Neutralizing Gas\n|turn|8\n|\n|t:|1739717135\n|move|p1a: Tatsugiri|Protect|p1a: Tatsugiri\n|-singleturn|p1a: Tatsugiri|Protect\n|move|p1b: Weezing|Protect|p1b: Weezing\n|-singleturn|p1b: Weezing|Protect\n|move|p2a: Miraidon|Draco Meteor|p1a: Tatsugiri\n|-activate|p1a: Tatsugiri|move: Protect\n|move|p2b: Farigiraf|Psychic Noise|p1a: Tatsugiri\n|-activate|p1a: Tatsugiri|move: Protect\n|\n|-damage|p2a: Miraidon|0 fnt|[from] psn\n|faint|p2a: Miraidon\n|-damage|p2b: Farigiraf|2\/100 psn|[from] psn\n|-end|p1a: Tatsugiri|move: Heal Block\n|upkeep\n|\n|t:|1739717140\n|switch|p2a: Raging Bolt|Raging Bolt, L50|100\/100\n|-status|p2a: Raging Bolt|psn\n|turn|9\n|\n|t:|1739717148\n|move|p2a: Raging Bolt|Thunderclap|p1a: Tatsugiri\n|-damage|p1a: Tatsugiri|0 fnt\n|faint|p1a: Tatsugiri\n|-damage|p2a: Raging Bolt|91\/100 psn|[from] item: Life Orb\n|move|p1b: Weezing|Dazzling Gleam|p2a: Raging Bolt|[spread] p2a,p2b\n|-supereffective|p2a: Raging Bolt\n|-damage|p2a: Raging Bolt|60\/100 psn\n|-damage|p2b: Farigiraf|0 fnt\n|faint|p2b: Farigiraf\n|\n|-damage|p2a: Raging Bolt|48\/100 psn|[from] psn\n|upkeep\n|\n|t:|1739717150\n|switch|p2b: Ursaluna|Ursaluna, L50, M, tera:Ghost|23\/100 brn\n|turn|10\n|\n|t:|1739717161\n|move|p1b: Weezing|Protect|p1b: Weezing\n|-singleturn|p1b: Weezing|Protect\n|move|p2a: Raging Bolt|Thunderclap||[still]\n|-fail|p2a: Raging Bolt\n|move|p2b: Ursaluna|Facade|p1b: Weezing\n|-activate|p1b: Weezing|move: Protect\n|\n|-damage|p2a: Raging Bolt|36\/100 psn|[from] psn\n|-damage|p2b: Ursaluna|17\/100 brn|[from] brn\n|-fieldend|move: Electric Terrain\n|upkeep\n|turn|11\n|\n|t:|1739717172\n|move|p2a: Raging Bolt|Rising Voltage|p1b: Weezing\n|-damage|p1b: Weezing|38\/100\n|-damage|p2a: Raging Bolt|26\/100 psn|[from] item: Life Orb\n|move|p1b: Weezing|Dazzling Gleam|p2a: Raging Bolt|[spread] p2a,p2b\n|-supereffective|p2a: Raging Bolt\n|-damage|p2a: Raging Bolt|0 fnt\n|-damage|p2b: Ursaluna|0 fnt\n|faint|p2a: Raging Bolt\n|-end|p2a: Raging Bolt|Protosynthesis|[silent]\n|faint|p2b: Ursaluna\n|\n|win|Ibberdytten\n|raw|Ibberdytten's rating: 1520 &rarr; <strong>1545<\/strong><br \/>(+25 for winning)\n|raw|biei2012-2022's rating: 1614 &rarr; <strong>1589<\/strong><br \/>(-25 for losing)\n|l|\u2606Ibberdytten\n|player|p1|\n|l|\u2606biei2012-2022\n|player|p2|\n","uploadtime":1739717405,"views":107,"formatid":"gen9vgc2025regg","rating":1545,"private":0,"password":null}