{"id":"gen9vgc2025regg-2301660735","format":"[Gen 9] VGC 2025 Reg G","players":["soap858","cobalt_poke"],"log":"|j|\u2606soap858\n|j|\u2606cobalt_poke\n|t:|1739680164\n|gametype|doubles\n|player|p1|soap858|2|1577\n|player|p2|cobalt_poke|266|1706\n|teamsize|p1|6\n|teamsize|p2|6\n|gen|9\n|tier|[Gen 9] VGC 2025 Reg G\n|rated|\n|rule|Species Clause: Limit one of each Pok\u00e9mon\n|rule|Item Clause: Limit 1 of each item\n|clearpoke\n|poke|p1|Zamazenta-*, L50|\n|poke|p1|Chien-Pao, L50|\n|poke|p1|Rillaboom, L50, F|\n|poke|p1|Flutter Mane, L50|\n|poke|p1|Amoonguss, L50, M|\n|poke|p1|Chi-Yu, L50|\n|poke|p2|Weezing-Galar, L50, F|\n|poke|p2|Calyrex-Shadow, L50|\n|poke|p2|Dondozo, L50, F|\n|poke|p2|Tatsugiri, L50, M|\n|poke|p2|Incineroar, L50, M|\n|poke|p2|Roaring Moon, L50|\n|teampreview|4\n|inactive|Battle timer is ON: inactive players will automatically lose when time's up. (requested by soap858)\n|j| sbld\n|\n|t:|1739680196\n|start\n|switch|p1a: Zamazenta|Zamazenta-Crowned, L50|100\/100\n|switch|p1b: Chien-Pao|Chien-Pao, L50|100\/100\n|switch|p2a: Calyrex|Calyrex-Shadow, L50|100\/100\n|switch|p2b: Weezing|Weezing-Galar, L50, F|100\/100\n|-ability|p2b: Weezing|Neutralizing Gas\n|-ability|p2a: Calyrex|As One\n|-ability|p2a: Calyrex|Unnerve\n|turn|1\n|\n|t:|1739680210\n|move|p2a: Calyrex|Astral Barrage|p1b: Chien-Pao|[spread] p1a,p1b\n|-resisted|p1b: Chien-Pao\n|-damage|p1a: Zamazenta|42\/100\n|-damage|p1b: Chien-Pao|40\/100\n|move|p1b: Chien-Pao|Icicle Crash|p2b: Weezing\n|-damage|p2b: Weezing|65\/100\n|move|p1a: Zamazenta|Heavy Slam|p2b: Weezing\n|-supereffective|p2b: Weezing\n|-damage|p2b: Weezing|0 fnt\n|faint|p2b: Weezing\n|-end|p2b: Weezing|ability: Neutralizing Gas\n|-ability|p1b: Chien-Pao|Sword of Ruin\n|-ability|p1a: Zamazenta|Dauntless Shield|boost\n|-boost|p1a: Zamazenta|def|1\n|\n|upkeep\n|\n|t:|1739680220\n|switch|p2b: Dondozo|Dondozo, L50, F|100\/100\n|turn|2\n|inactive|soap858 has 30 seconds left.\n|\n|t:|1739680253\n|switch|p2a: Tatsugiri|Tatsugiri, L50, M|100\/100\n|-activate|p2a: Tatsugiri|ability: Commander|[of] p2b: Dondozo\n|-boost|p2b: Dondozo|atk|2\n|-boost|p2b: Dondozo|spa|2\n|-boost|p2b: Dondozo|spe|2\n|-boost|p2b: Dondozo|def|2\n|-boost|p2b: Dondozo|spd|2\n|switch|p1a: Amoonguss|Amoonguss, L50, M|100\/100\n|move|p1b: Chien-Pao|Sucker Punch||[still]\n|-fail|p1b: Chien-Pao\n|move|p2b: Dondozo|Wave Crash|p1b: Chien-Pao\n|-damage|p1b: Chien-Pao|0 fnt\n|faint|p1b: Chien-Pao\n|-damage|p2b: Dondozo|93\/100|[from] Recoil\n|\n|-heal|p2b: Dondozo|99\/100|[from] item: Leftovers\n|upkeep\n|\n|t:|1739680268\n|switch|p1b: Zamazenta|Zamazenta-Crowned, L50|42\/100\n|turn|3\n|\n|t:|1739680275\n|move|p1b: Zamazenta|Protect|p1b: Zamazenta\n|-singleturn|p1b: Zamazenta|Protect\n|move|p2b: Dondozo|Substitute|p2b: Dondozo\n|-start|p2b: Dondozo|Substitute\n|-damage|p2b: Dondozo|74\/100\n|move|p1a: Amoonguss|Spore||[still]\n|-fail|p1a: Amoonguss\n|\n|-heal|p2b: Dondozo|80\/100|[from] item: Leftovers\n|upkeep\n|turn|4\n|\n|t:|1739680289\n|move|p1b: Zamazenta|Body Press|p2b: Dondozo\n|-activate|p2b: Dondozo|move: Substitute|[damage]\n|move|p2b: Dondozo|Earthquake|p1a: Amoonguss|[spread] p1a,p1b\n|-miss|p2b: Dondozo|p2a: Tatsugiri\n|-supereffective|p1b: Zamazenta\n|-damage|p1a: Amoonguss|64\/100\n|-damage|p1b: Zamazenta|0 fnt\n|faint|p1b: Zamazenta\n|move|p1a: Amoonguss|Clear Smog|p2b: Dondozo\n|-activate|p2b: Dondozo|move: Substitute|[damage]\n|\n|-heal|p2b: Dondozo|86\/100|[from] item: Leftovers\n|upkeep\n|\n|t:|1739680304\n|switch|p1b: Flutter Mane|Flutter Mane, L50|100\/100\n|-enditem|p1b: Flutter Mane|Booster Energy\n|-activate|p1b: Flutter Mane|ability: Protosynthesis|[fromitem]\n|-start|p1b: Flutter Mane|protosynthesisspe\n|turn|5\n|\n|t:|1739680324\n|move|p1b: Flutter Mane|Protect|p1b: Flutter Mane\n|-singleturn|p1b: Flutter Mane|Protect\n|move|p2b: Dondozo|Protect|p2b: Dondozo\n|-singleturn|p2b: Dondozo|Protect\n|move|p1a: Amoonguss|Clear Smog|p2b: Dondozo\n|-activate|p2b: Dondozo|move: Protect\n|\n|-heal|p2b: Dondozo|93\/100|[from] item: Leftovers\n|upkeep\n|turn|6\n|\n|t:|1739680336\n|move|p1b: Flutter Mane|Moonblast|p2b: Dondozo\n|-end|p2b: Dondozo|Substitute\n|move|p2b: Dondozo|Wave Crash|p1b: Flutter Mane\n|-damage|p1b: Flutter Mane|0 fnt\n|faint|p1b: Flutter Mane\n|-end|p1b: Flutter Mane|Protosynthesis|[silent]\n|-damage|p2b: Dondozo|74\/100|[from] Recoil\n|move|p1a: Amoonguss|Spore|p2b: Dondozo\n|-status|p2b: Dondozo|slp|[from] move: Spore\n|\n|-heal|p2b: Dondozo|81\/100 slp|[from] item: Leftovers\n|upkeep\n|turn|7\n|-message|soap858 forfeited.\n|\n|win|cobalt_poke\n|raw|soap858's rating: 1577 &rarr; <strong>1564<\/strong><br \/>(-13 for losing)\n|raw|cobalt_poke's rating: 1706 &rarr; <strong>1719<\/strong><br \/>(+13 for winning)\n|l|\u2606soap858\n|player|p1|\n|l|\u2606cobalt_poke\n|player|p2|\n|l| sbld\n","uploadtime":1739680598,"views":5,"formatid":"gen9vgc2025regg","rating":1564,"private":0,"password":null}