{"id":"gen9vgc2025regg-2301791536","format":"[Gen 9] VGC 2025 Reg G","players":["gen 1 playerr","Lolmaisterx"],"log":"|j|\u2606gen 1 playerr\n|j|\u2606Lolmaisterx\n|t:|1739706553\n|gametype|doubles\n|player|p1|gen 1 playerr|nate|1524\n|player|p2|Lolmaisterx|1|1596\n|teamsize|p1|6\n|teamsize|p2|6\n|gen|9\n|tier|[Gen 9] VGC 2025 Reg G\n|rated|\n|rule|Species Clause: Limit one of each Pok\u00e9mon\n|rule|Item Clause: Limit 1 of each item\n|clearpoke\n|poke|p1|Zamazenta-*, L50|\n|poke|p1|Chien-Pao, L50|\n|poke|p1|Flutter Mane, L50|\n|poke|p1|Raging Bolt, L50|\n|poke|p1|Amoonguss, L50, M|\n|poke|p1|Chi-Yu, L50|\n|poke|p2|Urshifu-*, L50, M|\n|poke|p2|Whimsicott, L50, F|\n|poke|p2|Blastoise, L50, M|\n|poke|p2|Dragonite, L50, F|\n|poke|p2|Calyrex-Shadow, L50|\n|poke|p2|Arcanine-Hisui, L50, F|\n|teampreview|4\n|inactive|Battle timer is ON: inactive players will automatically lose when time's up. (requested by Lolmaisterx)\n|\n|t:|1739706576\n|start\n|switch|p1a: Chi-Yu|Chi-Yu, L50|100\/100\n|switch|p1b: Raging Bolt|Raging Bolt, L50|100\/100\n|switch|p2a: Whimsicott|Whimsicott, L50, F|100\/100\n|switch|p2b: Arcanine|Arcanine-Hisui, L50, F|100\/100\n|-ability|p1a: Chi-Yu|Beads of Ruin\n|-ability|p2b: Arcanine|Intimidate|boost\n|-unboost|p1a: Chi-Yu|atk|1\n|-unboost|p1b: Raging Bolt|atk|1\n|turn|1\n|\n|t:|1739706595\n|switch|p1a: Zamazenta|Zamazenta-Crowned, L50|100\/100\n|-ability|p1a: Zamazenta|Dauntless Shield|boost\n|-boost|p1a: Zamazenta|def|1\n|move|p2a: Whimsicott|Tailwind|p2a: Whimsicott\n|-sidestart|p2: Lolmaisterx|move: Tailwind\n|move|p2b: Arcanine|Rock Slide|p1a: Zamazenta|[spread] p1a,p1b\n|-resisted|p1a: Zamazenta\n|-crit|p1b: Raging Bolt\n|-damage|p1a: Zamazenta|98\/100\n|-damage|p1b: Raging Bolt|63\/100\n|cant|p1b: Raging Bolt|flinch\n|\n|upkeep\n|turn|2\n|\n|t:|1739706616\n|-terastallize|p1a: Zamazenta|Dragon\n|move|p2b: Arcanine|Protect|p2b: Arcanine\n|-singleturn|p2b: Arcanine|Protect\n|move|p1b: Raging Bolt|Thunderclap||[still]\n|-fail|p1b: Raging Bolt\n|move|p2a: Whimsicott|Moonblast|p1b: Raging Bolt\n|-supereffective|p1b: Raging Bolt\n|-damage|p1b: Raging Bolt|1\/100\n|move|p1a: Zamazenta|Heavy Slam|p2a: Whimsicott\n|-supereffective|p2a: Whimsicott\n|-damage|p2a: Whimsicott|0 fnt\n|faint|p2a: Whimsicott\n|\n|upkeep\n|\n|t:|1739706618\n|switch|p2a: Calyrex|Calyrex-Shadow, L50|100\/100\n|-ability|p2a: Calyrex|As One\n|-ability|p2a: Calyrex|Unnerve\n|turn|3\n|\n|t:|1739706637\n|-terastallize|p2a: Calyrex|Fairy\n|move|p1b: Raging Bolt|Thunderclap|p2b: Arcanine\n|-damage|p2b: Arcanine|38\/100\n|-damage|p1b: Raging Bolt|0 fnt|[from] item: Life Orb\n|faint|p1b: Raging Bolt\n|-end|p1b: Raging Bolt|Protosynthesis|[silent]\n|move|p2a: Calyrex|Tera Blast|p1a: Zamazenta|[anim] Tera Blast Fairy\n|-supereffective|p1a: Zamazenta\n|-damage|p1a: Zamazenta|28\/100\n|move|p2b: Arcanine|Rock Slide|p1a: Zamazenta|[miss]\n|-miss|p2b: Arcanine|p1a: Zamazenta\n|move|p1a: Zamazenta|Heavy Slam|p2a: Calyrex\n|-supereffective|p2a: Calyrex\n|-enditem|p2a: Calyrex|Focus Sash\n|-damage|p2a: Calyrex|1\/100\n|\n|upkeep\n|inactive|gen 1 playerr has 30 seconds left.\n|\n|t:|1739706669\n|switch|p1b: Chien-Pao|Chien-Pao, L50|100\/100\n|-ability|p1b: Chien-Pao|Sword of Ruin\n|turn|4\n|\n|t:|1739706679\n|move|p1b: Chien-Pao|Protect|p1b: Chien-Pao\n|-singleturn|p1b: Chien-Pao|Protect\n|move|p1a: Zamazenta|Protect|p1a: Zamazenta\n|-singleturn|p1a: Zamazenta|Protect\n|move|p2a: Calyrex|Astral Barrage|p1b: Chien-Pao|[spread] \n|-activate|p1a: Zamazenta|move: Protect\n|-activate|p1b: Chien-Pao|move: Protect\n|move|p2b: Arcanine|Rock Slide|p1a: Zamazenta|[spread] \n|-activate|p1a: Zamazenta|move: Protect\n|-activate|p1b: Chien-Pao|move: Protect\n|\n|-sideend|p2: Lolmaisterx|move: Tailwind\n|upkeep\n|turn|5\n|\n|t:|1739706691\n|move|p2b: Arcanine|Protect|p2b: Arcanine\n|-singleturn|p2b: Arcanine|Protect\n|move|p1b: Chien-Pao|Sucker Punch|p2a: Calyrex\n|-resisted|p2a: Calyrex\n|-damage|p2a: Calyrex|0 fnt\n|faint|p2a: Calyrex\n|move|p1a: Zamazenta|Body Press|p2b: Arcanine\n|-activate|p2b: Arcanine|move: Protect\n|\n|upkeep\n|\n|t:|1739706693\n|switch|p2a: Urshifu|Urshifu, L50, M|100\/100\n|turn|6\n|\n|t:|1739706702\n|move|p1b: Chien-Pao|Ice Spinner|p2a: Urshifu\n|-damage|p2a: Urshifu|51\/100\n|move|p1a: Zamazenta|Body Press|p2b: Arcanine\n|-supereffective|p2b: Arcanine\n|-crit|p2b: Arcanine\n|-damage|p2b: Arcanine|0 fnt\n|faint|p2b: Arcanine\n|move|p2a: Urshifu|Wicked Blow|p1a: Zamazenta\n|-crit|p1a: Zamazenta\n|-damage|p1a: Zamazenta|0 fnt\n|faint|p1a: Zamazenta\n|\n|upkeep\n|\n|t:|1739706709\n|switch|p1a: Chi-Yu|Chi-Yu, L50|100\/100\n|-ability|p1a: Chi-Yu|Beads of Ruin\n|turn|7\n|-message|Lolmaisterx forfeited.\n|\n|win|gen 1 playerr\n|raw|gen 1 playerr's rating: 1524 &rarr; <strong>1548<\/strong><br \/>(+24 for winning)\n|raw|Lolmaisterx's rating: 1596 &rarr; <strong>1572<\/strong><br \/>(-24 for losing)\n|l|\u2606Lolmaisterx\n|player|p2|\n|l|\u2606gen 1 playerr\n|player|p1|\n","uploadtime":1739706871,"views":5,"formatid":"gen9vgc2025regg","rating":1548,"private":0,"password":null}