{"id":"gen9vgc2025regg-2301677687","format":"[Gen 9] VGC 2025 Reg G","players":["Punihina","pokemon69master420"],"log":"|j|\u2606Punihina\n|j|\u2606pokemon69master420\n|t:|1739682867\n|gametype|doubles\n|player|p1|Punihina|shauntal|1557\n|player|p2|pokemon69master420|102|1642\n|teamsize|p1|6\n|teamsize|p2|6\n|gen|9\n|tier|[Gen 9] VGC 2025 Reg G\n|rated|\n|rule|Species Clause: Limit one of each Pok\u00e9mon\n|rule|Item Clause: Limit 1 of each item\n|clearpoke\n|poke|p1|Whimsicott, L50, F|\n|poke|p1|Miraidon, L50|\n|poke|p1|Farigiraf, L50, M|\n|poke|p1|Ogerpon-Cornerstone, L50, F|\n|poke|p1|Iron Hands, L50|\n|poke|p1|Entei, L50|\n|poke|p2|Whimsicott, L50, F|\n|poke|p2|Flutter Mane, L50|\n|poke|p2|Calyrex-Shadow, L50|\n|poke|p2|Iron Hands, L50|\n|poke|p2|Clefairy, L50, M|\n|poke|p2|Ogerpon-Cornerstone, L50, F|\n|teampreview|4\n|inactive|Battle timer is ON: inactive players will automatically lose when time's up. (requested by pokemon69master420)\n|\n|t:|1739682886\n|start\n|switch|p1a: Miraidon|Miraidon, L50|100\/100\n|switch|p1b: Whimsicott|Whimsicott, L50, F|100\/100\n|switch|p2a: Farfaduvet|Whimsicott, L50, F, shiny|100\/100\n|switch|p2b: Flotte-M\u00e8che|Flutter Mane, L50|100\/100\n|-fieldstart|move: Electric Terrain|[from] ability: Hadron Engine|[of] p1a: Miraidon\n|turn|1\n|\n|t:|1739682900\n|switch|p1a: Entei|Entei, L50|100\/100\n|move|p2a: Farfaduvet|Light Screen|p2a: Farfaduvet\n|-sidestart|p2: pokemon69master420|move: Light Screen\n|move|p2b: Flotte-M\u00e8che|Dazzling Gleam|p1a: Entei|[spread] p1a,p1b\n|-resisted|p1a: Entei\n|-damage|p1a: Entei|77\/100\n|-damage|p1b: Whimsicott|55\/100\n|move|p1b: Whimsicott|Moonblast|p2b: Flotte-M\u00e8che\n|-damage|p2b: Flotte-M\u00e8che|83\/100\n|\n|upkeep\n|turn|2\n|\n|t:|1739682918\n|move|p2a: Farfaduvet|Encore|p1b: Whimsicott\n|-start|p1b: Whimsicott|Encore\n|move|p1b: Whimsicott|Moonblast|p2b: Flotte-M\u00e8che\n|-damage|p2b: Flotte-M\u00e8che|67\/100\n|move|p2b: Flotte-M\u00e8che|Dazzling Gleam|p1a: Entei|[spread] p1a,p1b\n|-resisted|p1a: Entei\n|-damage|p1a: Entei|53\/100\n|-damage|p1b: Whimsicott|12\/100\n|move|p1a: Entei|Sacred Fire|p2a: Farfaduvet\n|-supereffective|p2a: Farfaduvet\n|-crit|p2a: Farfaduvet\n|-damage|p2a: Farfaduvet|0 fnt\n|faint|p2a: Farfaduvet\n|-damage|p1a: Entei|43\/100|[from] item: Life Orb\n|\n|upkeep\n|\n|t:|1739682928\n|switch|p2a: Shamone Rider|Calyrex-Shadow, L50|100\/100\n|-ability|p2a: Shamone Rider|As One\n|-ability|p2a: Shamone Rider|Unnerve\n|turn|3\n|\n|t:|1739682939\n|switch|p1b: Ogerpon|Ogerpon-Cornerstone, L50, F|100\/100\n|move|p1a: Entei|Protect|p1a: Entei\n|-singleturn|p1a: Entei|Protect\n|move|p2a: Shamone Rider|Astral Barrage|p1b: Ogerpon|[spread] p1b\n|-activate|p1a: Entei|move: Protect\n|-damage|p1b: Ogerpon|19\/100\n|move|p2b: Flotte-M\u00e8che|Dazzling Gleam|p1a: Entei|[spread] p1b\n|-activate|p1a: Entei|move: Protect\n|-damage|p1b: Ogerpon|0 fnt\n|faint|p1b: Ogerpon\n|\n|upkeep\n|\n|t:|1739682950\n|switch|p1b: Whimsicott|Whimsicott, L50, F|12\/100\n|turn|4\n|inactive|pokemon69master420 has 30 seconds left.\n|\n|t:|1739682981\n|-terastallize|p1a: Entei|Normal\n|move|p1b: Whimsicott|Tailwind|p1b: Whimsicott\n|-sidestart|p1: Punihina|move: Tailwind\n|move|p1a: Entei|Sacred Fire|p2b: Flotte-M\u00e8che\n|-damage|p2b: Flotte-M\u00e8che|0 fnt\n|faint|p2b: Flotte-M\u00e8che\n|-end|p2b: Flotte-M\u00e8che|Protosynthesis|[silent]\n|-damage|p1a: Entei|34\/100|[from] item: Life Orb\n|move|p2a: Shamone Rider|Astral Barrage|p1b: Whimsicott|[spread] p1b\n|-immune|p1a: Entei\n|-damage|p1b: Whimsicott|0 fnt\n|faint|p1b: Whimsicott\n|-ability|p2a: Shamone Rider|Grim Neigh|boost\n|-boost|p2a: Shamone Rider|spa|1\n|\n|upkeep\n|\n|t:|1739682990\n|switch|p2b: Fisto|Iron Hands, L50, shiny|100\/100\n|switch|p1b: Miraidon|Miraidon, L50|100\/100\n|-activate|p1b: Miraidon|ability: Hadron Engine\n|-activate|p2b: Fisto|ability: Quark Drive\n|-start|p2b: Fisto|quarkdriveatk\n|turn|5\n|inactive|pokemon69master420 has 30 seconds left.\n|\n|t:|1739683022\n|-terastallize|p2b: Fisto|Fire\n|move|p1a: Entei|Protect|p1a: Entei\n|-singleturn|p1a: Entei|Protect\n|move|p2a: Shamone Rider|Protect|p2a: Shamone Rider\n|-singleturn|p2a: Shamone Rider|Protect\n|move|p1b: Miraidon|Dazzling Gleam|p2b: Fisto|[spread] p2b\n|-activate|p2a: Shamone Rider|move: Protect\n|-resisted|p2b: Fisto\n|-crit|p2b: Fisto\n|-damage|p2b: Fisto|85\/100\n|move|p2b: Fisto|Drain Punch|p1a: Entei\n|-activate|p1a: Entei|move: Protect\n|\n|-sideend|p2: pokemon69master420|move: Light Screen\n|-fieldend|move: Electric Terrain\n|-end|p2b: Fisto|Quark Drive\n|upkeep\n|turn|6\n|-message|Punihina forfeited.\n|\n|win|pokemon69master420\n|raw|Punihina's rating: 1557 &rarr; <strong>1542<\/strong><br \/>(-15 for losing)\n|raw|pokemon69master420's rating: 1642 &rarr; <strong>1657<\/strong><br \/>(+15 for winning)\n|l|\u2606Punihina\n|player|p1|\n","uploadtime":1739683251,"views":5,"formatid":"gen9vgc2025regg","rating":1542,"private":0,"password":null}