{"id":"gen9vgc2025regg-2301792361","format":"[Gen 9] VGC 2025 Reg G","players":["astral_ttm","Lolmaisterx"],"log":"|j|\u2606astral_ttm\n|j|\u2606Lolmaisterx\n|t:|1739706717\n|gametype|doubles\n|player|p1|astral_ttm|101|1504\n|player|p2|Lolmaisterx|1|1572\n|teamsize|p1|6\n|teamsize|p2|6\n|gen|9\n|tier|[Gen 9] VGC 2025 Reg G\n|rated|\n|rule|Species Clause: Limit one of each Pok\u00e9mon\n|rule|Item Clause: Limit 1 of each item\n|clearpoke\n|poke|p1|Zacian-*, L50|\n|poke|p1|Regidrago, L50|\n|poke|p1|Ditto, L50|\n|poke|p1|Amoonguss, L50, M|\n|poke|p1|Chi-Yu, L50|\n|poke|p1|Whimsicott, L50, F|\n|poke|p2|Urshifu-*, L50, F|\n|poke|p2|Whimsicott, L50, M|\n|poke|p2|Blastoise, L50, F|\n|poke|p2|Dragonite, L50, F|\n|poke|p2|Calyrex-Shadow, L50|\n|poke|p2|Arcanine-Hisui, L50, M|\n|teampreview|4\n|inactive|Battle timer is ON: inactive players will automatically lose when time's up. (requested by astral_ttm)\n|\n|t:|1739706735\n|start\n|switch|p1a: Whimsicott|Whimsicott, L50, F, shiny|100\/100\n|switch|p1b: Regidrago|Regidrago, L50, shiny|100\/100\n|switch|p2a: Calyrex|Calyrex-Shadow, L50|100\/100\n|switch|p2b: Blastoise|Blastoise, L50, F|100\/100\n|-ability|p2a: Calyrex|As One\n|-ability|p2a: Calyrex|Unnerve\n|turn|1\n|\n|t:|1739706745\n|move|p1b: Regidrago|Protect|p1b: Regidrago\n|-singleturn|p1b: Regidrago|Protect\n|move|p2b: Blastoise|Fake Out|p1b: Regidrago\n|-activate|p1b: Regidrago|move: Protect\n|move|p1a: Whimsicott|Tailwind|p1a: Whimsicott\n|-sidestart|p1: astral_ttm|move: Tailwind\n|move|p2a: Calyrex|Astral Barrage|p1b: Regidrago|[spread] p1a\n|-activate|p1b: Regidrago|move: Protect\n|-crit|p1a: Whimsicott\n|-damage|p1a: Whimsicott|5\/100\n|\n|upkeep\n|turn|2\n|\n|t:|1739706764\n|-terastallize|p2a: Calyrex|Fairy\n|move|p1a: Whimsicott|Cotton Spore|p2b: Blastoise|[spread] p2a\n|-activate|p2b: Blastoise|item: Safety Goggles|Cotton Spore\n|-unboost|p2a: Calyrex|spe|2\n|move|p1b: Regidrago|Dragon Energy|p2b: Blastoise|[spread] p2b\n|-immune|p2a: Calyrex\n|-damage|p2b: Blastoise|12\/100\n|-damage|p1b: Regidrago|91\/100|[from] item: Life Orb\n|move|p2a: Calyrex|Astral Barrage|p1b: Regidrago|[spread] p1a,p1b\n|-damage|p1a: Whimsicott|0 fnt\n|-damage|p1b: Regidrago|32\/100\n|faint|p1a: Whimsicott\n|-ability|p2a: Calyrex|Grim Neigh|boost\n|-boost|p2a: Calyrex|spa|1\n|move|p2b: Blastoise|Yawn|p1b: Regidrago\n|-start|p1b: Regidrago|move: Yawn|[of] p2b: Blastoise\n|\n|upkeep\n|\n|t:|1739706777\n|switch|p1a: Zacian|Zacian-Crowned, L50, shiny|100\/100\n|-ability|p1a: Zacian|Intrepid Sword|boost\n|-boost|p1a: Zacian|atk|1\n|turn|3\n|j| valevela\n|\n|t:|1739706784\n|switch|p1b: Ditto|Ditto, L50, shiny|100\/100\n|-transform|p1b: Ditto|p2a: Calyrex|[from] ability: Imposter\n|-ability|p1b: Ditto|As One\n|-ability|p1b: Ditto|Unnerve\n|move|p2a: Calyrex|Protect|p2a: Calyrex\n|-singleturn|p2a: Calyrex|Protect\n|move|p1a: Zacian|Behemoth Blade|p2a: Calyrex\n|-activate|p2a: Calyrex|move: Protect\n|move|p2b: Blastoise|Yawn|p1a: Zacian\n|-start|p1a: Zacian|move: Yawn|[of] p2b: Blastoise\n|\n|upkeep\n|-start|p1b: Ditto|typechange|Psychic\/Ghost|[silent]\n|turn|4\n|l| valevela\n|\n|t:|1739706798\n|move|p1a: Zacian|Behemoth Blade|p2a: Calyrex\n|-supereffective|p2a: Calyrex\n|-enditem|p2a: Calyrex|Focus Sash\n|-damage|p2a: Calyrex|1\/100\n|move|p1b: Ditto|Astral Barrage|p2b: Blastoise|[spread] p2a,p2b\n|-damage|p2a: Calyrex|0 fnt\n|-damage|p2b: Blastoise|0 fnt\n|faint|p2a: Calyrex\n|faint|p2b: Blastoise\n|-ability|p1b: Ditto|Grim Neigh|boost\n|-boost|p1b: Ditto|spa|2\n|\n|-end|p1a: Zacian|move: Yawn|[silent]\n|-status|p1a: Zacian|slp\n|-sideend|p1: astral_ttm|move: Tailwind\n|upkeep\n|\n|t:|1739706800\n|switch|p2a: Whimsicott|Whimsicott, L50, M|100\/100\n|switch|p2b: Dragonite|Dragonite, L50, F|100\/100\n|turn|5\n|\n|t:|1739706817\n|cant|p1a: Zacian|slp\n|move|p1b: Ditto|Astral Barrage|p2a: Whimsicott|[spread] p2a,p2b\n|-damage|p2a: Whimsicott|0 fnt\n|-damage|p2b: Dragonite|0 fnt\n|faint|p2a: Whimsicott\n|faint|p2b: Dragonite\n|\n|win|astral_ttm\n|raw|astral_ttm's rating: 1504 &rarr; <strong>1528<\/strong><br \/>(+24 for winning)\n|raw|Lolmaisterx's rating: 1572 &rarr; <strong>1548<\/strong><br \/>(-24 for losing)\n|l|\u2606Lolmaisterx\n|player|p2|\n|l|\u2606astral_ttm\n|player|p1|\n","uploadtime":1739707009,"views":9,"formatid":"gen9vgc2025regg","rating":1528,"private":0,"password":null}