{"id":"gen9vgc2025regg-2301483920","format":"[Gen 9] VGC 2025 Reg G","players":["4ooty","Angelo Neres"],"log":"|j|\u26064ooty\n|j|\u2606Angelo Neres\n|t:|1739655951\n|gametype|doubles\n|player|p1|4ooty|2|1538\n|player|p2|Angelo Neres|170|1696\n|teamsize|p1|6\n|teamsize|p2|6\n|gen|9\n|tier|[Gen 9] VGC 2025 Reg G\n|rated|\n|rule|Species Clause: Limit one of each Pok\u00e9mon\n|rule|Item Clause: Limit 1 of each item\n|clearpoke\n|poke|p1|Terapagos, L50, M|\n|poke|p1|Rillaboom, L50, F|\n|poke|p1|Incineroar, L50, M|\n|poke|p1|Clefairy, L50, F|\n|poke|p1|Cyclizar, L50, F|\n|poke|p1|Urshifu-*, L50, M|\n|poke|p2|Groudon, L50|\n|poke|p2|Moltres-Galar, L50|\n|poke|p2|Scream Tail, L50|\n|poke|p2|Grimmsnarl, L50, M|\n|poke|p2|Cobalion, L50|\n|poke|p2|Amoonguss, L50, F|\n|teampreview|4\n|inactive|Battle timer is ON: inactive players will automatically lose when time's up. (requested by Angelo Neres)\n|inactive|Angelo Neres has 60 seconds left.\n|inactive|4ooty has 60 seconds left.\n|inactive|Angelo Neres has 30 seconds left.\n|inactive|Angelo Neres has 20 seconds left.\n|\n|t:|1739656024\n|start\n|switch|p1a: Cyclizar|Cyclizar, L50, F|100\/100\n|switch|p1b: Incineroar|Incineroar, L50, M|100\/100\n|switch|p2a: Grimmsnarl|Grimmsnarl, L50, M, shiny|100\/100\n|switch|p2b: Scream Tail|Scream Tail, L50, shiny|100\/100\n|-ability|p1b: Incineroar|Intimidate|boost\n|-unboost|p2a: Grimmsnarl|atk|1\n|-unboost|p2b: Scream Tail|atk|1\n|turn|1\n|\n|t:|1739656052\n|move|p1b: Incineroar|Fake Out|p2a: Grimmsnarl\n|-damage|p2a: Grimmsnarl|89\/100\n|move|p1a: Cyclizar|Taunt|p2b: Scream Tail\n|-start|p2b: Scream Tail|move: Taunt\n|-enditem|p2b: Scream Tail|Mental Herb\n|-end|p2b: Scream Tail|move: Taunt\n|move|p2b: Scream Tail|Encore|p1b: Incineroar\n|-start|p1b: Incineroar|Encore\n|move|p2a: Grimmsnarl|Spirit Break|p1a: Cyclizar\n|-supereffective|p1a: Cyclizar\n|-damage|p1a: Cyclizar|39\/100\n|\n|upkeep\n|turn|2\n|inactive|Angelo Neres has 30 seconds left.\n|inactive|Angelo Neres has 20 seconds left.\n|inactive|Angelo Neres has 15 seconds left.\n|\n|t:|1739656096\n|switch|p1b: Terapagos|Terapagos, L50, M|100\/100\n|-activate|p1b: Terapagos|ability: Tera Shift\n|detailschange|p1b: Terapagos|Terapagos-Terastal, L50, M\n|-heal|p1b: Terapagos|100\/100|[silent]\n|switch|p2a: Groudon|Groudon, L50, shiny|100\/100\n|-weather|SunnyDay|[from] ability: Drought|[of] p2a: Groudon\n|-activate|p2b: Scream Tail|ability: Protosynthesis\n|-start|p2b: Scream Tail|protosynthesisspe\n|move|p2b: Scream Tail|Disable|p1a: Cyclizar\n|-start|p1a: Cyclizar|Disable|Taunt\n|cant|p1a: Cyclizar|Disable|Taunt\n|\n|-weather|SunnyDay|[upkeep]\n|upkeep\n|turn|3\n|inactive|4ooty has 30 seconds left.\n|inactive|4ooty has 20 seconds left.\n|\n|t:|1739656131\n|switch|p1a: Incineroar|Incineroar, L50, M|100\/100\n|-ability|p1a: Incineroar|Intimidate|boost\n|-unboost|p2a: Groudon|atk|1\n|-unboost|p2b: Scream Tail|atk|1\n|-terastallize|p1b: Terapagos|Stellar\n|detailschange|p1b: Terapagos|Terapagos-Stellar, L50, M, tera:Stellar\n|-heal|p1b: Terapagos|100\/100|[silent]\n|-ability|p1b: Terapagos|Teraform Zero\n|-weather|none\n|-end|p2b: Scream Tail|Protosynthesis\n|move|p2b: Scream Tail|Thunder Wave|p1b: Terapagos\n|-status|p1b: Terapagos|par\n|move|p2a: Groudon|Precipice Blades|p1b: Terapagos|[spread] p1a,p1b\n|-supereffective|p1a: Incineroar\n|-crit|p1a: Incineroar\n|-damage|p1a: Incineroar|0 fnt\n|-damage|p1b: Terapagos|80\/100 par\n|faint|p1a: Incineroar\n|move|p1b: Terapagos|Tera Starstorm|p2a: Groudon|[spread] p2a,p2b\n|-damage|p2a: Groudon|78\/100\n|-damage|p2b: Scream Tail|75\/100\n|\n|-heal|p1b: Terapagos|86\/100 par|[from] item: Leftovers\n|upkeep\n|inactive|4ooty has 30 seconds left.\n|\n|t:|1739656158\n|switch|p1a: Cyclizar|Cyclizar, L50, F|72\/100\n|turn|4\n|\n|t:|1739656171\n|-end|p2b: Scream Tail|Protosynthesis|[silent]\n|switch|p2b: Grimmsnarl|Grimmsnarl, L50, M, shiny|89\/100\n|move|p1a: Cyclizar|Taunt|p2b: Grimmsnarl\n|-start|p2b: Grimmsnarl|move: Taunt\n|move|p2a: Groudon|Precipice Blades|p1b: Terapagos|[spread] p1a,p1b\n|-damage|p1a: Cyclizar|17\/100\n|-damage|p1b: Terapagos|65\/100 par\n|move|p1b: Terapagos|Calm Mind|p1b: Terapagos\n|-boost|p1b: Terapagos|spa|1\n|-boost|p1b: Terapagos|spd|1\n|\n|-heal|p1b: Terapagos|72\/100 par|[from] item: Leftovers\n|upkeep\n|turn|5\n|\n|t:|1739656191\n|move|p1a: Cyclizar|Breaking Swipe|p2a: Groudon|[spread] p2a\n|-immune|p2b: Grimmsnarl\n|-damage|p2a: Groudon|69\/100\n|-unboost|p2a: Groudon|atk|1\n|move|p2a: Groudon|Heavy Slam|p1a: Cyclizar\n|-damage|p1a: Cyclizar|0 fnt\n|faint|p1a: Cyclizar\n|move|p2b: Grimmsnarl|Spirit Break|p1b: Terapagos\n|-damage|p1b: Terapagos|55\/100 par\n|-unboost|p1b: Terapagos|spa|1\n|move|p1b: Terapagos|Tera Starstorm|p2b: Grimmsnarl|[spread] p2a,p2b\n|-damage|p2a: Groudon|48\/100\n|-damage|p2b: Grimmsnarl|56\/100\n|\n|-heal|p1b: Terapagos|61\/100 par|[from] item: Leftovers\n|upkeep\n|\n|t:|1739656210\n|switch|p1a: Clefairy|Clefairy, L50, F|100\/100\n|turn|6\n|c|\u2606Angelo Neres|Would you share the teams paste?\n|inactive|4ooty has 30 seconds left.\n|inactive|Angelo Neres has 30 seconds left.\n|\n|t:|1739656237\n|switch|p2a: Scream Tail|Scream Tail, L50, shiny|75\/100\n|switch|p2b: Cobalion|Cobalion, L50, shiny|100\/100\n|move|p1a: Clefairy|Protect|p1a: Clefairy\n|-singleturn|p1a: Clefairy|Protect\n|cant|p1b: Terapagos|par\n|\n|-heal|p1b: Terapagos|67\/100 par|[from] item: Leftovers\n|upkeep\n|turn|7\n|\n|t:|1739656260\n|move|p1a: Clefairy|Helping Hand|p1b: Terapagos\n|-singleturn|p1b: Terapagos|Helping Hand|[of] p1a: Clefairy\n|move|p2a: Scream Tail|Disable|p1b: Terapagos\n|-start|p1b: Terapagos|Disable|Tera Starstorm\n|move|p2b: Cobalion|Iron Defense|p2b: Cobalion\n|-boost|p2b: Cobalion|def|2\n|cant|p1b: Terapagos|Disable|Tera Starstorm\n|\n|-heal|p1b: Terapagos|74\/100 par|[from] item: Leftovers\n|upkeep\n|turn|8\n|c|\u26064ooty|Id be down\n|inactive|4ooty has 30 seconds left.\n|\n|t:|1739656287\n|move|p1a: Clefairy|Helping Hand|p1b: Terapagos\n|-singleturn|p1b: Terapagos|Helping Hand|[of] p1a: Clefairy\n|move|p2a: Scream Tail|Encore|p1a: Clefairy\n|-start|p1a: Clefairy|Encore\n|move|p2b: Cobalion|Body Press|p1b: Terapagos\n|-supereffective|p1b: Terapagos\n|-damage|p1b: Terapagos|11\/100 par\n|move|p1b: Terapagos|Flamethrower|p2b: Cobalion\n|-supereffective|p2b: Cobalion\n|-damage|p2b: Cobalion|0 fnt\n|faint|p2b: Cobalion\n|\n|-heal|p1b: Terapagos|17\/100 par|[from] item: Leftovers\n|upkeep\n|\n|t:|1739656305\n|switch|p2b: Grimmsnarl|Grimmsnarl, L50, M, shiny|56\/100\n|turn|9\n|j| takuchyan\n|\n|t:|1739656314\n|move|p1a: Clefairy|Helping Hand|p1b: Terapagos\n|-singleturn|p1b: Terapagos|Helping Hand|[of] p1a: Clefairy\n|move|p2a: Scream Tail|Disable|p1a: Clefairy\n|-start|p1a: Clefairy|Disable|Helping Hand\n|move|p2b: Grimmsnarl|Spirit Break|p1b: Terapagos\n|-crit|p1b: Terapagos\n|-damage|p1b: Terapagos|0 fnt\n|faint|p1b: Terapagos\n|\n|upkeep\n|turn|10\n|\n|t:|1739656325\n|move|p2a: Scream Tail|Ice Beam|p1a: Clefairy\n|-damage|p1a: Clefairy|87\/100\n|move|p2b: Grimmsnarl|Spirit Break|p1a: Clefairy\n|-damage|p1a: Clefairy|63\/100\n|-unboost|p1a: Clefairy|spa|1\n|-activate|p1a: Clefairy|move: Struggle\n|move|p1a: Clefairy|Struggle|p2b: Grimmsnarl\n|-damage|p2b: Grimmsnarl|51\/100\n|-damage|p1a: Clefairy|38\/100|[from] recoil\n|\n|upkeep\n|turn|11\n|\n|t:|1739656340\n|move|p2a: Scream Tail|Ice Beam|p1a: Clefairy\n|-damage|p1a: Clefairy|25\/100\n|move|p2b: Grimmsnarl|Spirit Break|p1a: Clefairy\n|-damage|p1a: Clefairy|2\/100\n|-unboost|p1a: Clefairy|spa|1\n|-activate|p1a: Clefairy|move: Struggle\n|move|p1a: Clefairy|Struggle|p2b: Grimmsnarl\n|-damage|p2b: Grimmsnarl|46\/100\n|-damage|p1a: Clefairy|0 fnt|[from] recoil\n|faint|p1a: Clefairy\n|\n|win|Angelo Neres\n|raw|4ooty's rating: 1538 &rarr; <strong>1527<\/strong><br \/>(-11 for losing)\n|raw|Angelo Neres's rating: 1696 &rarr; <strong>1707<\/strong><br \/>(+11 for winning)\n|c|\u26064ooty|Lemme see if i can grab the paste\n|c|\u26064ooty|https:\/\/pokepast.es\/375a73664cf61373\n|c|\u26064ooty|Baboom\n|c|\u26064ooty|I liked ur screamtail shenanigans\n|c|\u2606Angelo Neres|Thaaaanks\n|c|\u2606Angelo Neres|Its very good for terapagos\n|c|\u26064ooty|Yeahhhhh honestly not sure how to counter that besides taunt\n|c|\u2606Angelo Neres|Yeah taunt makes it harder\n|c|\u26064ooty|The mental herb broke my heart lmaooo\n","uploadtime":1739656516,"views":8,"formatid":"gen9vgc2025regg","rating":1527,"private":0,"password":null}