{"id":"gen9vgc2025regg-2301405245","format":"[Gen 9] VGC 2025 Reg G","players":["searows","jujimon"],"log":"|j|\u2606searows\n|j|\u2606jujimon\n|t:|1739646299\n|gametype|doubles\n|player|p1|searows|miku-water|1552\n|player|p2|jujimon|cynthia|1508\n|teamsize|p1|6\n|teamsize|p2|6\n|gen|9\n|tier|[Gen 9] VGC 2025 Reg G\n|rated|\n|rule|Species Clause: Limit one of each Pok\u00e9mon\n|rule|Item Clause: Limit 1 of each item\n|clearpoke\n|poke|p1|Calyrex-Ice, L50|\n|poke|p1|Raging Bolt, L50|\n|poke|p1|Urshifu-*, L50, F|\n|poke|p1|Ogerpon-Cornerstone, L50, F|\n|poke|p1|Farigiraf, L50, F|\n|poke|p1|Amoonguss, L50, M|\n|poke|p2|Necrozma-Dusk-Mane, L50|\n|poke|p2|Porygon2, L50|\n|poke|p2|Ursaluna, L50, F|\n|poke|p2|Torkoal, L50, F|\n|poke|p2|Urshifu-*, L50, M|\n|poke|p2|Amoonguss, L50, M|\n|teampreview|4\nsearows has agreed to open team sheets.\njujimon has agreed to open team sheets.\n|showteam|p1|Calyrex-Ice||ClearAmulet|AsOneGlastrier|GlacialLance,HighHorsepower,TrickRoom,Protect||||||50|,,,,,Water]Raging Bolt||BoosterEnergy|Protosynthesis|Thunderclap,DracoMeteor,Thunderbolt,Protect||||||50|,,,,,Electric]Urshifu-Rapid-Strike||ChoiceScarf|UnseenFist|SurgingStrikes,CloseCombat,Taunt,Uturn|||F|||50|,,,,,Water]Ogerpon-Cornerstone||CornerstoneMask|Sturdy|IvyCudgel,PowerWhip,FollowMe,SpikyShield|||F|||50|,,,,,Rock]Farigiraf||SafetyGoggles|ArmorTail|Psychic,FoulPlay,HelpingHand,TrickRoom|||F|||50|,,,,,Dark]Amoonguss||RockyHelmet|Regenerator|Spore,RagePowder,PollenPuff,Protect|||M|||50|,,,,,Fairy\n|showteam|p2|Necrozma-Dusk-Mane||ClearAmulet|PrismArmor|Protect,SwordsDance,PhotonGeyser,SunsteelStrike||||||50|,,,,,Dark]Porygon2||Eviolite|Download|TrickRoom,Recover,TeraBlast,FoulPlay||||||50|,,,,,Fighting]Ursaluna||FlameOrb|Guts|Protect,HeadlongRush,Facade,CloseCombat|||F|||50|,,,,,Normal]Torkoal||Charcoal|Drought|Protect,Eruption,SolarBeam,HeatWave|||F|||50|,,,,,Fire]Urshifu||FocusSash|UnseenFist|Protect,WickedBlow,CloseCombat,SuckerPunch|||M|||50|,,,,,Stellar]Amoonguss||RockyHelmet|Regenerator|Protect,RagePowder,Spore,SludgeBomb|||M|||50|,,,,,Fairy\n|inactive|Battle timer is ON: inactive players will automatically lose when time's up. (requested by searows)\n|\n|t:|1739646364\n|start\n|switch|p1a: Calyrex|Calyrex-Ice, L50|100\/100\n|switch|p1b: Ogerpon|Ogerpon-Cornerstone, L50, F|100\/100\n|switch|p2a: Necrozma|Necrozma-Dusk-Mane, L50|100\/100\n|switch|p2b: Porygon2|Porygon2, L50|100\/100\n|-ability|p1a: Calyrex|As One\n|-ability|p1a: Calyrex|Unnerve\n|-ability|p2b: Porygon2|Download|boost\n|-boost|p2b: Porygon2|spa|1\n|turn|1\n|\n|t:|1739646384\n|move|p1b: Ogerpon|Follow Me|p1b: Ogerpon\n|-singleturn|p1b: Ogerpon|move: Follow Me\n|move|p2a: Necrozma|Sunsteel Strike|p1b: Ogerpon\n|-supereffective|p1b: Ogerpon\n|-damage|p1b: Ogerpon|0 fnt\n|faint|p1b: Ogerpon\n|move|p2b: Porygon2|Foul Play|p1a: Calyrex\n|-supereffective|p1a: Calyrex\n|-damage|p1a: Calyrex|43\/100\n|move|p1a: Calyrex|High Horsepower|p2a: Necrozma\n|-supereffective|p2a: Necrozma\n|-damage|p2a: Necrozma|53\/100\n|\n|upkeep\n|inactive|searows has 30 seconds left.\n|\n|t:|1739646414\n|switch|p1b: Amoonguss|Amoonguss, L50, M|100\/100\n|turn|2\n|\n|t:|1739646423\n|move|p1b: Amoonguss|Rage Powder|p1b: Amoonguss\n|-singleturn|p1b: Amoonguss|move: Rage Powder\n|move|p2a: Necrozma|Photon Geyser|p1b: Amoonguss\n|-supereffective|p1b: Amoonguss\n|-damage|p1b: Amoonguss|12\/100\n|move|p2b: Porygon2|Foul Play|p1b: Amoonguss\n|-damage|p1b: Amoonguss|0 fnt\n|-damage|p2b: Porygon2|84\/100|[from] item: Rocky Helmet|[of] p1b: Amoonguss\n|faint|p1b: Amoonguss\n|move|p1a: Calyrex|Glacial Lance|p2b: Porygon2|[spread] p2a,p2b\n|-resisted|p2a: Necrozma\n|-damage|p2a: Necrozma|30\/100\n|-damage|p2b: Porygon2|43\/100\n|\n|upkeep\n|\n|t:|1739646437\n|switch|p1b: Urshifu|Urshifu-Rapid-Strike, L50, F|100\/100\n|turn|3\n|\n|t:|1739646445\n|-terastallize|p1a: Calyrex|Water\n|move|p1b: Urshifu|Surging Strikes|p2a: Necrozma\n|-crit|p2a: Necrozma\n|-damage|p2a: Necrozma|15\/100\n|-crit|p2a: Necrozma\n|-damage|p2a: Necrozma|0 fnt\n|faint|p2a: Necrozma\n|-hitcount|p2: Necrozma|2\n|move|p2b: Porygon2|Foul Play|p1a: Calyrex\n|-damage|p1a: Calyrex|16\/100\n|move|p1a: Calyrex|Glacial Lance|p2b: Porygon2\n|-damage|p2b: Porygon2|0 fnt\n|faint|p2b: Porygon2\n|-ability|p1a: Calyrex|Chilling Neigh|boost\n|-boost|p1a: Calyrex|atk|1\n|\n|upkeep\n|\n|t:|1739646451\n|switch|p2a: Ursaluna|Ursaluna, L50, F|100\/100\n|switch|p2b: Torkoal|Torkoal, L50, F|100\/100\n|-weather|SunnyDay|[from] ability: Drought|[of] p2b: Torkoal\n|turn|4\n|\n|t:|1739646472\n|-terastallize|p2a: Ursaluna|Normal\n|move|p1b: Urshifu|Surging Strikes|p2b: Torkoal\n|-supereffective|p2b: Torkoal\n|-crit|p2b: Torkoal\n|-damage|p2b: Torkoal|87\/100\n|-supereffective|p2b: Torkoal\n|-crit|p2b: Torkoal\n|-damage|p2b: Torkoal|72\/100\n|-supereffective|p2b: Torkoal\n|-crit|p2b: Torkoal\n|-damage|p2b: Torkoal|58\/100\n|-hitcount|p2b: Torkoal|3\n|move|p1a: Calyrex|Glacial Lance|p2a: Ursaluna|[spread] p2a,p2b\n|-resisted|p2b: Torkoal\n|-damage|p2a: Ursaluna|32\/100\n|-damage|p2b: Torkoal|25\/100\n|move|p2a: Ursaluna|Facade|p1b: Urshifu\n|-damage|p1b: Urshifu|43\/100\n|move|p2b: Torkoal|Solar Beam||[still]\n|-prepare|p2b: Torkoal|Solar Beam\n|-anim|p2b: Torkoal|Solar Beam|p1a: Calyrex\n|-supereffective|p1a: Calyrex\n|-damage|p1a: Calyrex|0 fnt\n|faint|p1a: Calyrex\n|\n|-weather|SunnyDay|[upkeep]\n|-status|p2a: Ursaluna|brn|[from] item: Flame Orb\n|upkeep\n|turn|5\n|-message|searows forfeited.\n|\n|win|jujimon\n|raw|searows's rating: 1552 &rarr; <strong>1529<\/strong><br \/>(-23 for losing)\n|raw|jujimon's rating: 1508 &rarr; <strong>1531<\/strong><br \/>(+23 for winning)\n|l|\u2606searows\n|player|p1|\n|l|\u2606jujimon\n|player|p2|\n","uploadtime":1739646725,"views":9,"formatid":"gen9vgc2025regg","rating":1529,"private":0,"password":null}