{"id":"gen9vgc2025regg-2301223418","format":"[Gen 9] VGC 2025 Reg G","players":["bacardigin","Hanou143"],"log":"|j|\u2606bacardigin\n|j|\u2606Hanou143\n|t:|1739620373\n|gametype|doubles\n|player|p1|bacardigin|169|1604\n|player|p2|Hanou143|2|1567\n|teamsize|p1|6\n|teamsize|p2|6\n|gen|9\n|tier|[Gen 9] VGC 2025 Reg G\n|rated|\n|rule|Species Clause: Limit one of each Pok\u00e9mon\n|rule|Item Clause: Limit 1 of each item\n|clearpoke\n|poke|p1|Calyrex-Ice, L50|\n|poke|p1|Urshifu-*, L50, F|\n|poke|p1|Smeargle, L50, M|\n|poke|p1|Farigiraf, L50, M|\n|poke|p1|Ursaluna-Bloodmoon, L50, M|\n|poke|p1|Torkoal, L50, F|\n|poke|p2|Calyrex-Shadow, L50|\n|poke|p2|Jigglypuff, L50, M|\n|poke|p2|Pelipper, L50, F|\n|poke|p2|Rillaboom, L50, M|\n|poke|p2|Incineroar, L50, F|\n|poke|p2|Urshifu-*, L50, M|\n|teampreview|4\n|inactive|Battle timer is ON: inactive players will automatically lose when time's up. (requested by Hanou143)\n|\n|t:|1739620404\n|start\n|switch|p1a: Smeargle|Smeargle, L50, M|100\/100\n|switch|p1b: Farigiraf|Farigiraf, L50, M|100\/100\n|switch|p2a: Calyrex|Calyrex-Shadow, L50|100\/100\n|switch|p2b: Incineroar|Incineroar, L50, F|100\/100\n|-ability|p2a: Calyrex|As One\n|-ability|p2a: Calyrex|Unnerve\n|-ability|p2b: Incineroar|Intimidate|boost\n|-unboost|p1a: Smeargle|atk|1\n|-enditem|p1a: Smeargle|Eject Pack\n|-unboost|p1b: Farigiraf|atk|1\n|\n|t:|1739620416\n|switch|p1a: Calyrex|Calyrex-Ice, L50|100\/100\n|-ability|p1a: Calyrex|As One\n|-ability|p1a: Calyrex|Unnerve\n|turn|1\n|inactive|Hanou143 has 30 seconds left.\n|inactive|Hanou143 has 20 seconds left.\n|inactive|Hanou143 has 15 seconds left.\n|\n|t:|1739620460\n|-terastallize|p1a: Calyrex|Grass\n|move|p2a: Calyrex|Giga Drain|p1b: Farigiraf\n|-damage|p1b: Farigiraf|80\/100\n|move|p2b: Incineroar|Knock Off|p1b: Farigiraf\n|-supereffective|p1b: Farigiraf\n|-damage|p1b: Farigiraf|0 fnt\n|-enditem|p1b: Farigiraf|Safety Goggles|[from] move: Knock Off|[of] p2b: Incineroar\n|faint|p1b: Farigiraf\n|move|p1a: Calyrex|Glacial Lance|p2b: Incineroar|[spread] p2a,p2b\n|-resisted|p2b: Incineroar\n|-damage|p2a: Calyrex|59\/100\n|-damage|p2b: Incineroar|67\/100\n|\n|upkeep\n|\n|t:|1739620471\n|switch|p1b: Ursaluna|Ursaluna-Bloodmoon, L50, M|100\/100\n|turn|2\n|inactive|bacardigin has 30 seconds left.\n|\n|t:|1739620497\n|switch|p1b: Smeargle|Smeargle, L50, M|100\/100\n|move|p2a: Calyrex|Protect|p2a: Calyrex\n|-singleturn|p2a: Calyrex|Protect\n|move|p2b: Incineroar|Knock Off|p1a: Calyrex\n|-damage|p1a: Calyrex|70\/100\n|-enditem|p1a: Calyrex|Loaded Dice|[from] move: Knock Off|[of] p2b: Incineroar\n|move|p1a: Calyrex|Trick Room|p1a: Calyrex\n|-fieldstart|move: Trick Room|[of] p1a: Calyrex\n|\n|-ability|p1b: Smeargle|Moody|boost\n|-boost|p1b: Smeargle|spe|2\n|-unboost|p1b: Smeargle|atk|1\n|upkeep\n|turn|3\n|\n|t:|1739620520\n|switch|p2a: Jigglypuff|Jigglypuff, L50, M|100\/100\n|move|p1a: Calyrex|Glacial Lance|p2b: Incineroar|[spread] p2a,p2b\n|-resisted|p2b: Incineroar\n|-damage|p2a: Jigglypuff|48\/100\n|-damage|p2b: Incineroar|41\/100\n|move|p2b: Incineroar|Parting Shot|p1a: Calyrex\n|-unboost|p1a: Calyrex|atk|1\n|-unboost|p1a: Calyrex|spa|1\n|j| LaceccubusYT\n|l| LaceccubusYT\n|\n|t:|1739620540\n|switch|p2b: Pelipper|Pelipper, L50, F|100\/100|[from] Parting Shot\n|-weather|RainDance|[from] ability: Drizzle|[of] p2b: Pelipper\n|move|p1b: Smeargle|Spore|p2a: Jigglypuff\n|-status|p2a: Jigglypuff|slp|[from] move: Spore\n|\n|-weather|RainDance|[upkeep]\n|-ability|p1b: Smeargle|Moody|boost\n|-boost|p1b: Smeargle|atk|2\n|-unboost|p1b: Smeargle|spe|1\n|upkeep\n|turn|4\n|inactive|Hanou143 has 30 seconds left.\n|\n|t:|1739620573\n|switch|p2a: Incineroar|Incineroar, L50, F|41\/100\n|-ability|p2a: Incineroar|Intimidate|boost\n|-unboost|p1a: Calyrex|atk|1\n|-unboost|p1b: Smeargle|atk|1\n|move|p1a: Calyrex|Bullet Seed|p2b: Pelipper\n|-damage|p2b: Pelipper|92\/100\n|-damage|p2b: Pelipper|83\/100\n|-damage|p2b: Pelipper|74\/100\n|-hitcount|p2b: Pelipper|3\n|move|p2b: Pelipper|Hurricane|p1b: Smeargle\n|-damage|p1b: Smeargle|0 fnt\n|faint|p1b: Smeargle\n|\n|-weather|RainDance|[upkeep]\n|upkeep\n|\n|t:|1739620586\n|switch|p1b: Ursaluna|Ursaluna-Bloodmoon, L50, M|100\/100\n|turn|5\n|\n|t:|1739620594\n|move|p2a: Incineroar|Fake Out|p1b: Ursaluna\n|-damage|p1b: Ursaluna|90\/100\n|move|p1a: Calyrex|Glacial Lance|p2a: Incineroar|[spread] p2a,p2b\n|-resisted|p2a: Incineroar\n|-damage|p2a: Incineroar|25\/100\n|-damage|p2b: Pelipper|41\/100\n|cant|p1b: Ursaluna|flinch\n|move|p2b: Pelipper|Hurricane|p1a: Calyrex\n|-supereffective|p1a: Calyrex\n|-damage|p1a: Calyrex|6\/100\n|\n|-weather|RainDance|[upkeep]\n|upkeep\n|turn|6\n|inactive|Hanou143 has 30 seconds left.\n|\n|t:|1739620622\n|move|p2b: Pelipper|Wide Guard|p2b: Pelipper\n|-singleturn|p2b: Pelipper|Wide Guard\n|move|p1a: Calyrex|Bullet Seed|p2b: Pelipper\n|-damage|p2b: Pelipper|32\/100\n|-damage|p2b: Pelipper|22\/100\n|-damage|p2b: Pelipper|12\/100\n|-hitcount|p2b: Pelipper|3\n|move|p1b: Ursaluna|Earth Power|p2a: Incineroar\n|-supereffective|p2a: Incineroar\n|-damage|p2a: Incineroar|0 fnt\n|faint|p2a: Incineroar\n|-damage|p1b: Ursaluna|80\/100|[from] item: Life Orb\n|\n|-weather|RainDance|[upkeep]\n|-fieldend|move: Trick Room\n|upkeep\n|\n|t:|1739620635\n|switch|p2a: Calyrex|Calyrex-Shadow, L50|59\/100\n|-ability|p2a: Calyrex|As One\n|-ability|p2a: Calyrex|Unnerve\n|turn|7\n|j| falcon108\n|\n|t:|1739620648\n|-terastallize|p2a: Calyrex|Grass\n|move|p1b: Ursaluna|Vacuum Wave|p2b: Pelipper\n|-resisted|p2b: Pelipper\n|-damage|p2b: Pelipper|0 fnt\n|faint|p2b: Pelipper\n|-damage|p1b: Ursaluna|70\/100|[from] item: Life Orb\n|move|p2a: Calyrex|Giga Drain|p1b: Ursaluna\n|-supereffective|p1b: Ursaluna\n|-damage|p1b: Ursaluna|0 fnt\n|-heal|p2a: Calyrex|97\/100|[from] drain|[of] p1b: Ursaluna\n|faint|p1b: Ursaluna\n|-ability|p2a: Calyrex|Grim Neigh|boost\n|-boost|p2a: Calyrex|spa|1\n|move|p1a: Calyrex|Trick Room|p1a: Calyrex\n|-fieldstart|move: Trick Room|[of] p1a: Calyrex\n|\n|-weather|none\n|upkeep\n|\n|t:|1739620662\n|switch|p2b: Jigglypuff|Jigglypuff, L50, M|48\/100 slp\n|turn|8\n|\n|t:|1739620672\n|cant|p2b: Jigglypuff|slp\n|move|p1a: Calyrex|Glacial Lance|p2a: Calyrex|[spread] p2a,p2b\n|-supereffective|p2a: Calyrex\n|-crit|p2b: Jigglypuff\n|-damage|p2a: Calyrex|66\/100\n|-damage|p2b: Jigglypuff|0 fnt\n|faint|p2b: Jigglypuff\n|-ability|p1a: Calyrex|Chilling Neigh|boost\n|-boost|p1a: Calyrex|atk|1\n|move|p2a: Calyrex|Astral Barrage|p1a: Calyrex\n|-damage|p1a: Calyrex|0 fnt\n|faint|p1a: Calyrex\n|\n|win|Hanou143\n|raw|bacardigin's rating: 1604 &rarr; <strong>1582<\/strong><br \/>(-22 for losing)\n|raw|Hanou143's rating: 1567 &rarr; <strong>1589<\/strong><br \/>(+22 for winning)\n|l|\u2606bacardigin\n|player|p1|\n|l| falcon108\n|l|\u2606Hanou143\n|player|p2|\n","uploadtime":1739620828,"views":10,"formatid":"gen9vgc2025regg","rating":1582,"private":0,"password":null}