{"id":"gen9vgc2025regg-2301678873","format":"[Gen 9] VGC 2025 Reg G","players":["pokemon69master420","Sdsdffggff"],"log":"|j|\u2606pokemon69master420\n|j|\u2606Sdsdffggff\n|t:|1739683062\n|gametype|doubles\n|player|p1|pokemon69master420|102|1657\n|player|p2|Sdsdffggff|101|1637\n|teamsize|p1|6\n|teamsize|p2|6\n|gen|9\n|tier|[Gen 9] VGC 2025 Reg G\n|rated|\n|rule|Species Clause: Limit one of each Pok\u00e9mon\n|rule|Item Clause: Limit 1 of each item\n|clearpoke\n|poke|p1|Whimsicott, L50, M|\n|poke|p1|Flutter Mane, L50|\n|poke|p1|Calyrex-Shadow, L50|\n|poke|p1|Iron Hands, L50|\n|poke|p1|Clefairy, L50, M|\n|poke|p1|Ogerpon-Cornerstone, L50, F|\n|poke|p2|Weezing-Galar, L50, M|\n|poke|p2|Tornadus, L50, M|\n|poke|p2|Urshifu-*, L50, M|\n|poke|p2|Kyogre, L50|\n|poke|p2|Farigiraf, L50, M|\n|poke|p2|Ogerpon-Wellspring, L50, F|\n|teampreview|4\n|inactive|Battle timer is ON: inactive players will automatically lose when time's up. (requested by Sdsdffggff)\n|inactive|pokemon69master420 also wants the timer to be on.\n|\n|t:|1739683088\n|start\n|switch|p1a: Shamone Rider|Calyrex-Shadow, L50|100\/100\n|switch|p1b: Gilmour|Ogerpon-Cornerstone, L50, F|100\/100\n|switch|p2a: Kyogre|Kyogre, L50|100\/100\n|switch|p2b: Farigiraf|Farigiraf, L50, M|100\/100\n|-ability|p1a: Shamone Rider|As One\n|-ability|p1a: Shamone Rider|Unnerve\n|-weather|RainDance|[from] ability: Drizzle|[of] p2a: Kyogre\n|turn|1\n|inactive|pokemon69master420 has 30 seconds left.\n|\n|t:|1739683123\n|switch|p2b: Weezing|Weezing-Galar, L50, M|100\/100\n|-ability|p2b: Weezing|Neutralizing Gas\n|-terastallize|p2a: Kyogre|Water\n|-terastallize|p1a: Shamone Rider|Water\n|move|p2a: Kyogre|Water Spout|p1a: Shamone Rider|[spread] p1a,p1b\n|-resisted|p1a: Shamone Rider\n|-damage|p1a: Shamone Rider|45\/100\n|-damage|p1b: Gilmour|0 fnt\n|faint|p1b: Gilmour\n|move|p1a: Shamone Rider|Astral Barrage|p2b: Weezing|[spread] p2a,p2b\n|-damage|p2a: Kyogre|51\/100\n|-damage|p2b: Weezing|16\/100\n|\n|-weather|RainDance|[upkeep]\n|upkeep\n|inactive|pokemon69master420 has 30 seconds left.\n|\n|t:|1739683152\n|switch|p1b: Farfaduvet|Whimsicott, L50, M, shiny|100\/100\n|turn|2\n|inactive|pokemon69master420 has 30 seconds left.\n|\n|t:|1739683178\n|switch|p2a: Farigiraf|Farigiraf, L50, M|100\/100\n|move|p2b: Weezing|Protect|p2b: Weezing\n|-singleturn|p2b: Weezing|Protect\n|move|p1a: Shamone Rider|Astral Barrage|p2a: Farigiraf|[spread] \n|-activate|p2b: Weezing|move: Protect\n|-immune|p2a: Farigiraf\n|move|p1b: Farfaduvet|Light Screen|p1b: Farfaduvet\n|-sidestart|p1: pokemon69master420|move: Light Screen\n|\n|-weather|RainDance|[upkeep]\n|upkeep\n|turn|3\n|inactive|pokemon69master420 has 30 seconds left.\n|\n|t:|1739683204\n|move|p1a: Shamone Rider|Astral Barrage|p2b: Weezing|[spread] p2b\n|-immune|p2a: Farigiraf\n|-damage|p2b: Weezing|0 fnt\n|faint|p2b: Weezing\n|-end|p2b: Weezing|ability: Neutralizing Gas\n|-ability|p1a: Shamone Rider|Grim Neigh|boost\n|-boost|p1a: Shamone Rider|spa|1\n|move|p1b: Farfaduvet|Moonblast|p2a: Farigiraf\n|-damage|p2a: Farigiraf|74\/100\n|move|p2a: Farigiraf|Trick Room|p2a: Farigiraf\n|-fieldstart|move: Trick Room|[of] p2a: Farigiraf\n|\n|-weather|RainDance|[upkeep]\n|upkeep\n|\n|t:|1739683209\n|switch|p2b: Tornadus|Tornadus, L50, M|100\/100\n|turn|4\n|inactive|pokemon69master420 has 30 seconds left.\n|\n|t:|1739683242\n|switch|p1b: Fisto|Iron Hands, L50, shiny|100\/100\n|move|p2a: Farigiraf|Helping Hand|p2b: Tornadus\n|-singleturn|p2b: Tornadus|Helping Hand|[of] p2a: Farigiraf\n|move|p1a: Shamone Rider|Protect|p1a: Shamone Rider\n|-singleturn|p1a: Shamone Rider|Protect\n|move|p2b: Tornadus|Bleakwind Storm|p1b: Fisto|[spread] p1b\n|-activate|p1a: Shamone Rider|move: Protect\n|-damage|p1b: Fisto|81\/100\n|\n|-weather|RainDance|[upkeep]\n|upkeep\n|turn|5\n|\n|t:|1739683261\n|move|p1b: Fisto|Wild Charge|p2b: Tornadus\n|-supereffective|p2b: Tornadus\n|-enditem|p2b: Tornadus|Focus Sash\n|-damage|p2b: Tornadus|1\/100\n|-damage|p1b: Fisto|65\/100|[from] Recoil\n|move|p2a: Farigiraf|Foul Play|p1a: Shamone Rider\n|-damage|p1a: Shamone Rider|30\/100\n|move|p2b: Tornadus|Bleakwind Storm|p1a: Shamone Rider|[spread] p1a,p1b\n|-damage|p1a: Shamone Rider|9\/100\n|-damage|p1b: Fisto|52\/100\n|move|p1a: Shamone Rider|Tera Blast|p2a: Farigiraf|[anim] Tera Blast Water\n|-damage|p2a: Farigiraf|0 fnt\n|faint|p2a: Farigiraf\n|-ability|p1a: Shamone Rider|Grim Neigh|boost\n|-boost|p1a: Shamone Rider|spa|1\n|\n|-weather|none\n|upkeep\n|\n|t:|1739683275\n|switch|p2a: Kyogre|Kyogre, L50, tera:Water|51\/100\n|-weather|RainDance|[from] ability: Drizzle|[of] p2a: Kyogre\n|turn|6\n|-message|Sdsdffggff forfeited.\n|\n|win|pokemon69master420\n|raw|pokemon69master420's rating: 1657 &rarr; <strong>1676<\/strong><br \/>(+19 for winning)\n|raw|Sdsdffggff's rating: 1637 &rarr; <strong>1618<\/strong><br \/>(-19 for losing)\n|l|\u2606Sdsdffggff\n|player|p2|\n","uploadtime":1739683530,"views":5,"formatid":"gen9vgc2025regg","rating":1618,"private":0,"password":null}