{"id":"gen9vgc2025regg-2301338760","format":"[Gen 9] VGC 2025 Reg G","players":["fuwamoko","Jasondddd"],"log":"|j|\u2606fuwamoko\n|j|\u2606Jasondddd\n|t:|1739637949\n|gametype|doubles\n|player|p1|fuwamoko|2|1569\n|player|p2|Jasondddd|lucas|1605\n|teamsize|p1|6\n|teamsize|p2|6\n|gen|9\n|tier|[Gen 9] VGC 2025 Reg G\n|rated|\n|rule|Species Clause: Limit one of each Pok\u00e9mon\n|rule|Item Clause: Limit 1 of each item\n|clearpoke\n|poke|p1|Calyrex-Shadow, L50|\n|poke|p1|Regieleki, L50|\n|poke|p1|Torkoal, L50, F|\n|poke|p1|Flutter Mane, L50|\n|poke|p1|Ogerpon, L50, F|\n|poke|p1|Amoonguss, L50, M|\n|poke|p2|Zamazenta-*, L50|\n|poke|p2|Landorus, L50, M|\n|poke|p2|Rillaboom, L50, F|\n|poke|p2|Moltres, L50|\n|poke|p2|Flutter Mane, L50|\n|poke|p2|Urshifu-*, L50, M|\n|teampreview|4\n|\n|t:|1739637999\n|start\n|switch|p1a: Calyrex|Calyrex-Shadow, L50|100\/100\n|switch|p1b: Regieleki|Regieleki, L50|100\/100\n|switch|p2a: Moltres|Moltres, L50|100\/100\n|switch|p2b: Urshifu|Urshifu, L50, M|100\/100\n|-ability|p1a: Calyrex|As One\n|-ability|p1a: Calyrex|Unnerve\n|turn|1\n|\n|t:|1739638021\n|-terastallize|p1b: Regieleki|Normal\n|-terastallize|p2a: Moltres|Grass\n|move|p2b: Urshifu|Detect|p2b: Urshifu\n|-singleturn|p2b: Urshifu|Protect\n|move|p1b: Regieleki|Explosion|p2a: Moltres|[spread] p2a\n|-activate|p2b: Urshifu|move: Protect\n|-immune|p1a: Calyrex\n|-damage|p2a: Moltres|0 fnt\n|faint|p1b: Regieleki\n|faint|p2a: Moltres\n|move|p1a: Calyrex|Trick Room|p1a: Calyrex\n|-fieldstart|move: Trick Room|[of] p1a: Calyrex\n|\n|upkeep\n|j| zephiross\n|\n|t:|1739638036\n|switch|p2a: Zamazenta|Zamazenta-Crowned, L50|100\/100\n|switch|p1b: Torkoal|Torkoal, L50, F|100\/100\n|-weather|SunnyDay|[from] ability: Drought|[of] p1b: Torkoal\n|-ability|p2a: Zamazenta|Dauntless Shield|boost\n|-boost|p2a: Zamazenta|def|1\n|turn|2\n|\n|t:|1739638049\n|move|p2a: Zamazenta|Wide Guard|p2a: Zamazenta\n|-singleturn|p2a: Zamazenta|Wide Guard\n|move|p1b: Torkoal|Eruption|p2b: Urshifu|[spread] \n|-activate|p2a: Zamazenta|move: Wide Guard\n|-activate|p2b: Urshifu|move: Wide Guard\n|move|p2b: Urshifu|Wicked Blow|p1a: Calyrex\n|-supereffective|p1a: Calyrex\n|-crit|p1a: Calyrex\n|-enditem|p1a: Calyrex|Focus Sash\n|-damage|p1a: Calyrex|1\/100\n|move|p1a: Calyrex|Encore|p2b: Urshifu\n|-start|p2b: Urshifu|Encore\n|\n|-weather|SunnyDay|[upkeep]\n|upkeep\n|turn|3\n|\n|t:|1739638080\n|switch|p1a: Amoonguss|Amoonguss, L50, M|100\/100\n|move|p2a: Zamazenta|Wide Guard|p2a: Zamazenta\n|-singleturn|p2a: Zamazenta|Wide Guard\n|move|p1b: Torkoal|Eruption|p2a: Zamazenta|[spread] \n|-activate|p2a: Zamazenta|move: Wide Guard\n|-activate|p2b: Urshifu|move: Wide Guard\n|move|p2b: Urshifu|Wicked Blow|p1b: Torkoal\n|-crit|p1b: Torkoal\n|-damage|p1b: Torkoal|45\/100\n|\n|-weather|SunnyDay|[upkeep]\n|upkeep\n|turn|4\n|j| jasonrfry3\n|\n|t:|1739638102\n|move|p2a: Zamazenta|Wide Guard|p2a: Zamazenta\n|-singleturn|p2a: Zamazenta|Wide Guard\n|move|p1b: Torkoal|Eruption|p2b: Urshifu|[spread] \n|-activate|p2a: Zamazenta|move: Wide Guard\n|-activate|p2b: Urshifu|move: Wide Guard\n|move|p1a: Amoonguss|Spore|p2b: Urshifu\n|-status|p2b: Urshifu|slp|[from] move: Spore\n|cant|p2b: Urshifu|slp\n|\n|-weather|SunnyDay|[upkeep]\n|upkeep\n|turn|5\n|j| Pokuchu\n|\n|t:|1739638119\n|move|p2a: Zamazenta|Wide Guard|p2a: Zamazenta\n|-singleturn|p2a: Zamazenta|Wide Guard\n|move|p1b: Torkoal|Eruption|p2a: Zamazenta|[spread] \n|-activate|p2a: Zamazenta|move: Wide Guard\n|-activate|p2b: Urshifu|move: Wide Guard\n|move|p1a: Amoonguss|Spore|p2a: Zamazenta\n|-status|p2a: Zamazenta|slp|[from] move: Spore\n|-curestatus|p2b: Urshifu|slp|[msg]\n|move|p2b: Urshifu|Wicked Blow|p1a: Amoonguss\n|-crit|p1a: Amoonguss\n|-damage|p1a: Amoonguss|45\/100\n|-damage|p2b: Urshifu|84\/100|[from] item: Rocky Helmet|[of] p1a: Amoonguss\n|\n|-weather|SunnyDay|[upkeep]\n|-end|p2b: Urshifu|Encore\n|-fieldend|move: Trick Room\n|upkeep\n|turn|6\n|\n|t:|1739638147\n|cant|p2a: Zamazenta|slp\n|move|p1a: Amoonguss|Rage Powder|p1a: Amoonguss\n|-singleturn|p1a: Amoonguss|move: Rage Powder\n|move|p2b: Urshifu|Wicked Blow|p1a: Amoonguss\n|-crit|p1a: Amoonguss\n|-damage|p1a: Amoonguss|0 fnt\n|-damage|p2b: Urshifu|68\/100|[from] item: Rocky Helmet|[of] p1a: Amoonguss\n|faint|p1a: Amoonguss\n|move|p1b: Torkoal|Eruption|p2b: Urshifu|[spread] p2a,p2b\n|-supereffective|p2a: Zamazenta\n|-damage|p2a: Zamazenta|39\/100 slp\n|-damage|p2b: Urshifu|14\/100\n|\n|-weather|none\n|upkeep\n|\n|t:|1739638158\n|switch|p1a: Calyrex|Calyrex-Shadow, L50|1\/100\n|-ability|p1a: Calyrex|As One\n|-ability|p1a: Calyrex|Unnerve\n|turn|7\n|\n|t:|1739638172\n|move|p2b: Urshifu|Detect|p2b: Urshifu\n|-singleturn|p2b: Urshifu|Protect\n|cant|p2a: Zamazenta|slp\n|move|p1a: Calyrex|Astral Barrage|p2a: Zamazenta|[spread] p2a\n|-activate|p2b: Urshifu|move: Protect\n|-damage|p2a: Zamazenta|0 fnt\n|faint|p2a: Zamazenta\n|-ability|p1a: Calyrex|Grim Neigh|boost\n|-boost|p1a: Calyrex|spa|1\n|move|p1b: Torkoal|Eruption|p2b: Urshifu\n|-activate|p2b: Urshifu|move: Protect\n|\n|upkeep\n|\n|t:|1739638188\n|switch|p2a: Flutter Mane|Flutter Mane, L50|100\/100\n|-enditem|p2a: Flutter Mane|Booster Energy\n|-activate|p2a: Flutter Mane|ability: Protosynthesis|[fromitem]\n|-start|p2a: Flutter Mane|protosynthesisspe\n|turn|8\n|\n|t:|1739638197\n|move|p1b: Torkoal|Protect|p1b: Torkoal\n|-singleturn|p1b: Torkoal|Protect\n|move|p2a: Flutter Mane|Moonblast|p1a: Calyrex\n|-damage|p1a: Calyrex|0 fnt\n|faint|p1a: Calyrex\n|move|p2b: Urshifu|Wicked Blow|p1b: Torkoal\n|-crit|p1b: Torkoal\n|-damage|p1b: Torkoal|0 fnt\n|faint|p1b: Torkoal\n|\n|win|Jasondddd\n|raw|fuwamoko's rating: 1569 &rarr; <strong>1551<\/strong><br \/>(-18 for losing)\n|raw|Jasondddd's rating: 1605 &rarr; <strong>1623<\/strong><br \/>(+18 for winning)\n|l| jasonrfry3\n|l|\u2606fuwamoko\n|player|p1|\n","uploadtime":1739638211,"views":5,"formatid":"gen9vgc2025regg","rating":1551,"private":0,"password":null}