{"id":"gen9vgc2025regg-2301848810","format":"[Gen 9] VGC 2025 Reg G","players":["rRedl","ryanplaytv"],"log":"|j|\u2606rRedl\n|j|\u2606ryanplaytv\n|t:|1739716577\n|gametype|doubles\n|player|p1|rRedl|101|1564\n|player|p2|ryanplaytv|hiker-gen4|1538\n|teamsize|p1|6\n|teamsize|p2|6\n|gen|9\n|tier|[Gen 9] VGC 2025 Reg G\n|rated|\n|rule|Species Clause: Limit one of each Pok\u00e9mon\n|rule|Item Clause: Limit 1 of each item\n|clearpoke\n|poke|p1|Chien-Pao, L50|\n|poke|p1|Entei, L50|\n|poke|p1|Farigiraf, L50, M|\n|poke|p1|Koraidon, L50|\n|poke|p1|Flutter Mane, L50|\n|poke|p1|Rillaboom, L50, M|\n|poke|p2|Miraidon, L50|\n|poke|p2|Dondozo, L50, M|\n|poke|p2|Tatsugiri, L50, F|\n|poke|p2|Dragonite, L50, M|\n|poke|p2|Gholdengo, L50|\n|poke|p2|Chi-Yu, L50|\n|teampreview|4\n|inactive|Battle timer is ON: inactive players will automatically lose when time's up. (requested by rRedl)\n|inactive|rRedl has 60 seconds left.\n|inactive|ryanplaytv has 60 seconds left.\n|\n|t:|1739716640\n|start\n|switch|p1a: Koraidon|Koraidon, L50|100\/100\n|switch|p1b: Flutter Mane|Flutter Mane, L50|100\/100\n|switch|p2a: Miraidon|Miraidon, L50|100\/100\n|switch|p2b: Chi-Yu|Chi-Yu, L50|100\/100\n|-weather|SunnyDay|[from] ability: Orichalcum Pulse|[of] p1a: Koraidon\n|-activate|p1b: Flutter Mane|ability: Protosynthesis\n|-start|p1b: Flutter Mane|protosynthesisspe\n|-activate|p1a: Koraidon|Orichalcum Pulse|[source]\n|-fieldstart|move: Electric Terrain|[from] ability: Hadron Engine|[of] p2a: Miraidon\n|-ability|p2b: Chi-Yu|Beads of Ruin\n|turn|1\n|\n|t:|1739716659\n|-terastallize|p1a: Koraidon|Fire\n|move|p1b: Flutter Mane|Icy Wind|p2a: Miraidon|[spread] p2a,p2b\n|-supereffective|p2a: Miraidon\n|-resisted|p2b: Chi-Yu\n|-damage|p2a: Miraidon|69\/100\n|-damage|p2b: Chi-Yu|88\/100\n|-unboost|p2a: Miraidon|spe|1\n|-unboost|p2b: Chi-Yu|spe|1\n|move|p1a: Koraidon|Flare Blitz|p2a: Miraidon\n|-resisted|p2a: Miraidon\n|-damage|p2a: Miraidon|0 fnt\n|faint|p2a: Miraidon\n|-damage|p1a: Koraidon|76\/100|[from] Recoil\n|move|p2b: Chi-Yu|Heat Wave|p1a: Koraidon|[spread] p1a,p1b\n|-resisted|p1a: Koraidon\n|-damage|p1a: Koraidon|34\/100\n|-damage|p1b: Flutter Mane|23\/100\n|\n|-weather|SunnyDay|[upkeep]\n|upkeep\n|\n|t:|1739716671\n|switch|p2a: Dondozo|Dondozo, L50, M|100\/100\n|turn|2\n|\n|t:|1739716679\n|-end|p1b: Flutter Mane|Protosynthesis|[silent]\n|switch|p1b: Entei|Entei, L50|100\/100\n|switch|p1a: Rillaboom|Rillaboom, L50, M|100\/100\n|-fieldstart|move: Grassy Terrain|[from] ability: Grassy Surge|[of] p1a: Rillaboom\n|move|p2a: Dondozo|Protect|p2a: Dondozo\n|-singleturn|p2a: Dondozo|Protect\n|move|p2b: Chi-Yu|Heat Wave|p1b: Entei|[spread] p1a,p1b\n|-supereffective|p1a: Rillaboom\n|-resisted|p1b: Entei\n|-damage|p1a: Rillaboom|0 fnt\n|-damage|p1b: Entei|51\/100\n|faint|p1a: Rillaboom\n|\n|-weather|SunnyDay|[upkeep]\n|-heal|p1b: Entei|57\/100|[from] Grassy Terrain\n|-heal|p2b: Chi-Yu|94\/100|[from] Grassy Terrain\n|upkeep\n|\n|t:|1739716690\n|switch|p1a: Flutter Mane|Flutter Mane, L50|23\/100\n|-activate|p1a: Flutter Mane|ability: Protosynthesis\n|-start|p1a: Flutter Mane|protosynthesisspe\n|turn|3\n|inactive|rRedl has 30 seconds left.\n|inactive|rRedl has 20 seconds left.\n|inactive|rRedl has 15 seconds left.\n|\n|t:|1739716733\n|switch|p2b: Tatsugiri|Tatsugiri, L50, F|100\/100\n|-activate|p2b: Tatsugiri|ability: Commander|[of] p2a: Dondozo\n|-boost|p2a: Dondozo|atk|2\n|-boost|p2a: Dondozo|spa|2\n|-boost|p2a: Dondozo|spe|2\n|-boost|p2a: Dondozo|def|2\n|-boost|p2a: Dondozo|spd|2\n|move|p1a: Flutter Mane|Shadow Ball|p2a: Dondozo\n|-damage|p2a: Dondozo|74\/100\n|move|p2a: Dondozo|Earthquake|p1b: Entei|[spread] p1a,p1b\n|-miss|p2a: Dondozo|p2b: Tatsugiri\n|-supereffective|p1b: Entei\n|-damage|p1a: Flutter Mane|0 fnt\n|-damage|p1b: Entei|16\/100\n|faint|p1a: Flutter Mane\n|-end|p1a: Flutter Mane|Protosynthesis|[silent]\n|move|p1b: Entei|Sacred Fire|p2a: Dondozo\n|-resisted|p2a: Dondozo\n|-crit|p2a: Dondozo\n|-damage|p2a: Dondozo|26\/100\n|-status|p2a: Dondozo|brn\n|-damage|p1b: Entei|6\/100|[from] item: Life Orb\n|\n|-weather|SunnyDay|[upkeep]\n|-heal|p2a: Dondozo|32\/100 brn|[from] Grassy Terrain\n|-heal|p2a: Dondozo|39\/100 brn|[from] item: Leftovers\n|-heal|p1b: Entei|12\/100|[from] Grassy Terrain\n|-damage|p2a: Dondozo|32\/100 brn|[from] brn\n|upkeep\n|\n|t:|1739716748\n|switch|p1a: Koraidon|Koraidon, L50, tera:Fire|34\/100\n|-activate|p1a: Koraidon|ability: Orichalcum Pulse\n|turn|4\n|\n|t:|1739716752\n|move|p1b: Entei|Protect|p1b: Entei\n|-singleturn|p1b: Entei|Protect\n|move|p1a: Koraidon|Collision Course|p2a: Dondozo\n|-damage|p2a: Dondozo|0 fnt\n|faint|p2a: Dondozo\n|\n|-weather|SunnyDay|[upkeep]\n|-heal|p1a: Koraidon|40\/100|[from] Grassy Terrain\n|-heal|p1b: Entei|18\/100|[from] Grassy Terrain\n|upkeep\n|\n|t:|1739716760\n|switch|p2a: Chi-Yu|Chi-Yu, L50|94\/100\n|-ability|p2a: Chi-Yu|Beads of Ruin\n|turn|5\n|\n|t:|1739716769\n|-terastallize|p2a: Chi-Yu|Ghost\n|move|p1b: Entei|Extreme Speed|p2b: Tatsugiri\n|-damage|p2b: Tatsugiri|52\/100\n|-damage|p1b: Entei|9\/100|[from] item: Life Orb\n|move|p2b: Tatsugiri|Icy Wind|p1a: Koraidon|[spread] p1a,p1b\n|-resisted|p1a: Koraidon\n|-resisted|p1b: Entei\n|-damage|p1a: Koraidon|33\/100\n|-damage|p1b: Entei|0 fnt\n|-unboost|p1a: Koraidon|spe|1\n|faint|p1b: Entei\n|move|p2a: Chi-Yu|Heat Wave|p1a: Koraidon\n|-resisted|p1a: Koraidon\n|-damage|p1a: Koraidon|0 fnt\n|faint|p1a: Koraidon\n|\n|win|ryanplaytv\n|raw|rRedl's rating: 1564 &rarr; <strong>1543<\/strong><br \/>(-21 for losing)\n|raw|ryanplaytv's rating: 1538 &rarr; <strong>1559<\/strong><br \/>(+21 for winning)\n|l|\u2606rRedl\n|player|p1|\n|l|\u2606ryanplaytv\n|player|p2|\n","uploadtime":1739716984,"views":5,"formatid":"gen9vgc2025regg","rating":1543,"private":0,"password":null}