{"id":"gen9vgc2025regg-2301301552","format":"[Gen 9] VGC 2025 Reg G","players":["pentagonSG","Ducktile"],"log":"|j|\u2606pentagonSG\n|j|\u2606Ducktile\n|t:|1739633095\n|gametype|doubles\n|player|p1|pentagonSG|1|1554\n|player|p2|Ducktile|grimsley|1547\n|teamsize|p1|6\n|teamsize|p2|6\n|gen|9\n|tier|[Gen 9] VGC 2025 Reg G\n|rated|\n|rule|Species Clause: Limit one of each Pok\u00e9mon\n|rule|Item Clause: Limit 1 of each item\n|clearpoke\n|poke|p1|Miraidon, L50|\n|poke|p1|Volcarona, L50, M|\n|poke|p1|Grimmsnarl, L50, M|\n|poke|p1|Okidogi, L50, M|\n|poke|p1|Dusclops, L50, M|\n|poke|p1|Iron Hands, L50|\n|poke|p2|Tatsugiri, L50, M|\n|poke|p2|Chi-Yu, L50|\n|poke|p2|Dragonite, L50, F|\n|poke|p2|Dondozo, L50, M|\n|poke|p2|Gholdengo, L50|\n|poke|p2|Miraidon, L50|\n|teampreview|4\n|\n|t:|1739633114\n|start\n|switch|p1a: Miraidon|Miraidon, L50|100\/100\n|switch|p1b: Grimmsnarl|Grimmsnarl, L50, M|100\/100\n|switch|p2a: Chi-Yu|Chi-Yu, L50|100\/100\n|switch|p2b: Miraidon|Miraidon, L50|100\/100\n|-fieldstart|move: Electric Terrain|[from] ability: Hadron Engine|[of] p1a: Miraidon\n|-activate|p2b: Miraidon|ability: Hadron Engine\n|-ability|p2a: Chi-Yu|Beads of Ruin\n|turn|1\n|j| Meiser63\n|\n|t:|1739633140\n|-terastallize|p1a: Miraidon|Fairy\n|move|p1b: Grimmsnarl|Light Screen|p1b: Grimmsnarl\n|-sidestart|p1: pentagonSG|move: Light Screen\n|move|p1a: Miraidon|Dazzling Gleam|p2b: Miraidon|[spread] p2a,p2b\n|-supereffective|p2b: Miraidon\n|-damage|p2a: Chi-Yu|23\/100\n|-damage|p2b: Miraidon|1\/100\n|move|p2b: Miraidon|Dazzling Gleam|p1b: Grimmsnarl|[spread] p1a,p1b\n|-supereffective|p1b: Grimmsnarl\n|-damage|p1a: Miraidon|78\/100\n|-damage|p1b: Grimmsnarl|61\/100\n|move|p2a: Chi-Yu|Dark Pulse|p1a: Miraidon\n|-resisted|p1a: Miraidon\n|-damage|p1a: Miraidon|60\/100\n|\n|upkeep\n|turn|2\n|\n|t:|1739633160\n|move|p1a: Miraidon|Dazzling Gleam|p2b: Miraidon|[spread] p2a,p2b\n|-supereffective|p2b: Miraidon\n|-damage|p2a: Chi-Yu|0 fnt\n|-damage|p2b: Miraidon|0 fnt\n|faint|p2a: Chi-Yu\n|faint|p2b: Miraidon\n|move|p1b: Grimmsnarl|Spirit Break|p2: Chi-Yu|[notarget]\n|-fail|p1b: Grimmsnarl\n|\n|upkeep\n|\n|t:|1739633164\n|switch|p2b: Tatsugiri|Tatsugiri, L50, M|100\/100\n|switch|p2a: Dondozo|Dondozo, L50, M|100\/100\n|-activate|p2b: Tatsugiri|ability: Commander|[of] p2a: Dondozo\n|-boost|p2a: Dondozo|atk|2\n|-boost|p2a: Dondozo|spa|2\n|-boost|p2a: Dondozo|spe|2\n|-boost|p2a: Dondozo|def|2\n|-boost|p2a: Dondozo|spd|2\n|turn|3\n|\n|t:|1739633175\n|-terastallize|p2a: Dondozo|Grass\n|move|p1b: Grimmsnarl|Reflect|p1b: Grimmsnarl\n|-sidestart|p1: pentagonSG|Reflect\n|move|p1a: Miraidon|Dazzling Gleam|p2a: Dondozo|[spread] p2a\n|-miss|p1a: Miraidon|p2b: Tatsugiri\n|-damage|p2a: Dondozo|68\/100\n|move|p2a: Dondozo|Earthquake|p1a: Miraidon|[spread] p1a,p1b\n|-miss|p2a: Dondozo|p2b: Tatsugiri\n|-damage|p1a: Miraidon|29\/100\n|-damage|p1b: Grimmsnarl|26\/100\n|\n|-heal|p2a: Dondozo|74\/100|[from] item: Leftovers\n|upkeep\n|turn|4\n|\n|t:|1739633188\n|move|p2a: Dondozo|Protect|p2a: Dondozo\n|-singleturn|p2a: Dondozo|Protect\n|move|p1b: Grimmsnarl|Thunder Wave|p2a: Dondozo\n|-activate|p2a: Dondozo|move: Protect\n|move|p1a: Miraidon|Dazzling Gleam|p2b: Tatsugiri|[spread] \n|-miss|p1a: Miraidon|p2b: Tatsugiri\n|-activate|p2a: Dondozo|move: Protect\n|\n|-heal|p2a: Dondozo|81\/100|[from] item: Leftovers\n|upkeep\n|turn|5\n|\n|t:|1739633200\n|move|p1b: Grimmsnarl|Thunder Wave|p2a: Dondozo\n|-status|p2a: Dondozo|par\n|move|p1a: Miraidon|Dazzling Gleam|p2a: Dondozo|[spread] p2a\n|-miss|p1a: Miraidon|p2b: Tatsugiri\n|-damage|p2a: Dondozo|50\/100 par\n|move|p2a: Dondozo|Earthquake|p1b: Grimmsnarl|[spread] p1a,p1b\n|-miss|p2a: Dondozo|p2b: Tatsugiri\n|-damage|p1a: Miraidon|0 fnt\n|-damage|p1b: Grimmsnarl|0 fnt\n|faint|p1a: Miraidon\n|faint|p1b: Grimmsnarl\n|\n|-heal|p2a: Dondozo|56\/100 par|[from] item: Leftovers\n|-fieldend|move: Electric Terrain\n|upkeep\n|\n|t:|1739633213\n|switch|p1a: Dusclops|Dusclops, L50, M|100\/100\n|switch|p1b: Iron Hands|Iron Hands, L50|100\/100\n|-item|p2a: Dondozo|Leftovers|[from] ability: Frisk|[of] p1a: Dusclops\n|-item|p2b: Tatsugiri|Choice Scarf|[from] ability: Frisk|[of] p1a: Dusclops\n|turn|6\n|\n|t:|1739633222\n|move|p2a: Dondozo|Protect|p2a: Dondozo\n|-singleturn|p2a: Dondozo|Protect\n|move|p1b: Iron Hands|Fake Out|p2a: Dondozo\n|-activate|p2a: Dondozo|move: Protect\n|move|p1a: Dusclops|Trick Room|p1a: Dusclops\n|-fieldstart|move: Trick Room|[of] p1a: Dusclops\n|\n|-heal|p2a: Dondozo|62\/100 par|[from] item: Leftovers\n|upkeep\n|turn|7\n|j| Jamel1\n|\n|t:|1739633236\n|move|p1a: Dusclops|Haze|p1a: Dusclops\n|-clearallboost\n|move|p2a: Dondozo|Earthquake|p1a: Dusclops|[spread] p1a,p1b\n|-miss|p2a: Dondozo|p2b: Tatsugiri\n|-supereffective|p1b: Iron Hands\n|-damage|p1a: Dusclops|94\/100\n|-damage|p1b: Iron Hands|83\/100\n|move|p1b: Iron Hands|Close Combat|p2a: Dondozo\n|-damage|p2a: Dondozo|0 fnt\n|-unboost|p1b: Iron Hands|def|1\n|-unboost|p1b: Iron Hands|spd|1\n|faint|p2a: Dondozo\n|-damage|p1b: Iron Hands|73\/100|[from] item: Life Orb\n|\n|upkeep\n|turn|8\n|\n|t:|1739633252\n|move|p1a: Dusclops|Night Shade|p2b: Tatsugiri\n|-damage|p2b: Tatsugiri|67\/100\n|move|p1b: Iron Hands|Close Combat|p2b: Tatsugiri\n|-damage|p2b: Tatsugiri|0 fnt\n|-unboost|p1b: Iron Hands|def|1\n|-unboost|p1b: Iron Hands|spd|1\n|faint|p2b: Tatsugiri\n|-damage|p1b: Iron Hands|63\/100|[from] item: Life Orb\n|\n|win|pentagonSG\n|raw|pentagonSG's rating: 1554 &rarr; <strong>1574<\/strong><br \/>(+20 for winning)\n|raw|Ducktile's rating: 1547 &rarr; <strong>1527<\/strong><br \/>(-20 for losing)\n|l| Meiser63\n|l|\u2606Ducktile\n|player|p2|\n|l| Jamel1\n","uploadtime":1739633388,"views":5,"formatid":"gen9vgc2025regg","rating":1527,"private":0,"password":null}