{"id":"gen9vgc2025regg-2301625359","format":"[Gen 9] VGC 2025 Reg G","players":["kanucks25","Wilfredistall"],"log":"|j|\u2606kanucks25\n|j|\u2606Wilfredistall\n|t:|1739674915\n|gametype|doubles\n|player|p1|kanucks25|169|1571\n|player|p2|Wilfredistall|102|1624\n|teamsize|p1|6\n|teamsize|p2|6\n|gen|9\n|tier|[Gen 9] VGC 2025 Reg G\n|rated|\n|rule|Species Clause: Limit one of each Pok\u00e9mon\n|rule|Item Clause: Limit 1 of each item\n|clearpoke\n|poke|p1|Calyrex-Shadow, L50|\n|poke|p1|Indeedee-F, L50, F|\n|poke|p1|Ogerpon-Wellspring, L50, F|\n|poke|p1|Urshifu-*, L50, F|\n|poke|p1|Iron Hands, L50|\n|poke|p1|Pelipper, L50, F|\n|poke|p2|Terapagos, L50, M|\n|poke|p2|Landorus, L50, M|\n|poke|p2|Amoonguss, L50, F|\n|poke|p2|Iron Valiant, L50|\n|poke|p2|Urshifu-*, L50, F|\n|poke|p2|Incineroar, L50, F|\n|teampreview|4\n|\n|t:|1739674938\n|start\n|switch|p1a: Pelipper|Pelipper, L50, F|100\/100\n|switch|p1b: Urshifu|Urshifu, L50, F|100\/100\n|switch|p2a: Terapagos|Terapagos, L50, M|100\/100\n|switch|p2b: Amoonguss|Amoonguss, L50, F|100\/100\n|-activate|p2a: Terapagos|ability: Tera Shift\n|detailschange|p2a: Terapagos|Terapagos-Terastal, L50, M\n|-heal|p2a: Terapagos|100\/100|[silent]\n|turn|1\n|\n|t:|1739674953\n|switch|p2b: Incineroar|Incineroar, L50, F|100\/100\n|-ability|p2b: Incineroar|Intimidate|boost\n|-unboost|p1a: Pelipper|atk|1\n|-unboost|p1b: Urshifu|atk|1\n|move|p1b: Urshifu|Wicked Blow|p2b: Incineroar\n|-resisted|p2b: Incineroar\n|-crit|p2b: Incineroar\n|-damage|p2b: Incineroar|54\/100\n|move|p1a: Pelipper|Hurricane|p2b: Incineroar\n|-damage|p2b: Incineroar|21\/100\n|-start|p2b: Incineroar|confusion\n|move|p2a: Terapagos|Calm Mind|p2a: Terapagos\n|-boost|p2a: Terapagos|spa|1\n|-boost|p2a: Terapagos|spd|1\n|\n|upkeep\n|turn|2\n|j| God of restricted\n|j| kriemhildgretchen1\n|\n|t:|1739674982\n|switch|p1b: Iron Hands|Iron Hands, L50|100\/100\n|-activate|p2b: Incineroar|confusion\n|move|p2b: Incineroar|Fake Out|p1b: Iron Hands\n|-damage|p1b: Iron Hands|94\/100\n|move|p1a: Pelipper|Hurricane|p2b: Incineroar\n|-damage|p2b: Incineroar|0 fnt\n|faint|p2b: Incineroar\n|move|p2a: Terapagos|Calm Mind|p2a: Terapagos\n|-boost|p2a: Terapagos|spa|1\n|-boost|p2a: Terapagos|spd|1\n|\n|upkeep\n|\n|t:|1739674992\n|switch|p2b: Iron Valiant|Iron Valiant, L50|100\/100\n|-enditem|p2b: Iron Valiant|Booster Energy\n|-activate|p2b: Iron Valiant|ability: Quark Drive|[fromitem]\n|-start|p2b: Iron Valiant|quarkdrivespe\n|turn|3\n|\n|t:|1739675002\n|move|p1b: Iron Hands|Fake Out|p2b: Iron Valiant\n|-damage|p2b: Iron Valiant|84\/100\n|cant|p2b: Iron Valiant|flinch\n|move|p1a: Pelipper|Tailwind|p1a: Pelipper\n|-sidestart|p1: kanucks25|move: Tailwind\n|move|p2a: Terapagos|Tera Starstorm|p1a: Pelipper\n|-enditem|p1a: Pelipper|Focus Sash\n|-damage|p1a: Pelipper|1\/100\n|\n|upkeep\n|turn|4\n|\n|t:|1739675029\n|-end|p2b: Iron Valiant|Quark Drive|[silent]\n|switch|p2b: Amoonguss|Amoonguss, L50, F|100\/100\n|move|p1a: Pelipper|Wide Guard|p1a: Pelipper\n|-singleturn|p1a: Pelipper|Wide Guard\n|move|p2a: Terapagos|Earth Power|p1b: Iron Hands\n|-supereffective|p1b: Iron Hands\n|-crit|p1b: Iron Hands\n|-damage|p1b: Iron Hands|5\/100\n|move|p1b: Iron Hands|Drain Punch|p2a: Terapagos\n|-activate|p2a: Terapagos|ability: Tera Shell\n|-resisted|p2a: Terapagos\n|-damage|p2a: Terapagos|84\/100\n|-heal|p1b: Iron Hands|12\/100|[from] drain|[of] p2a: Terapagos\n|\n|-heal|p2a: Terapagos|90\/100|[from] item: Leftovers\n|upkeep\n|turn|5\n|j| futonkagebunshin\n|\n|t:|1739675058\n|-terastallize|p2b: Amoonguss|Water\n|move|p2b: Amoonguss|Rage Powder|p2b: Amoonguss\n|-singleturn|p2b: Amoonguss|move: Rage Powder\n|move|p1a: Pelipper|Hurricane|p2b: Amoonguss\n|-damage|p2b: Amoonguss|62\/100\n|move|p2a: Terapagos|Tera Starstorm|p1a: Pelipper\n|-damage|p1a: Pelipper|0 fnt\n|faint|p1a: Pelipper\n|move|p1b: Iron Hands|Wild Charge|p2b: Amoonguss\n|-supereffective|p2b: Amoonguss\n|-damage|p2b: Amoonguss|0 fnt\n|-damage|p1b: Iron Hands|0 fnt|[from] item: Rocky Helmet|[of] p2b: Amoonguss\n|faint|p2b: Amoonguss\n|faint|p1b: Iron Hands\n|-end|p1b: Iron Hands|Quark Drive|[silent]\n|\n|-heal|p2a: Terapagos|96\/100|[from] item: Leftovers\n|upkeep\n|\n|t:|1739675073\n|switch|p1a: Urshifu|Urshifu, L50, F|100\/100\n|switch|p1b: Calyrex|Calyrex-Shadow, L50|100\/100\n|switch|p2b: Iron Valiant|Iron Valiant, L50|84\/100\n|-ability|p1b: Calyrex|As One\n|-ability|p1b: Calyrex|Unnerve\n|turn|6\n|\n|t:|1739675092\n|move|p1b: Calyrex|Expanding Force|p2a: Terapagos\n|-damage|p2a: Terapagos|68\/100\n|-damage|p1b: Calyrex|91\/100|[from] item: Life Orb\n|move|p1a: Urshifu|Close Combat|p2a: Terapagos\n|-supereffective|p2a: Terapagos\n|-damage|p2a: Terapagos|0 fnt\n|-unboost|p1a: Urshifu|def|1\n|-unboost|p1a: Urshifu|spd|1\n|faint|p2a: Terapagos\n|move|p2b: Iron Valiant|Spirit Break|p1a: Urshifu\n|-supereffective|p1a: Urshifu\n|-damage|p1a: Urshifu|0 fnt\n|faint|p1a: Urshifu\n|\n|-sideend|p1: kanucks25|move: Tailwind\n|upkeep\n|turn|7\n|\n|t:|1739675108\n|move|p1b: Calyrex|Protect|p1b: Calyrex\n|-singleturn|p1b: Calyrex|Protect\n|move|p2b: Iron Valiant|Disable|p1b: Calyrex\n|-activate|p1b: Calyrex|move: Protect\n|\n|upkeep\n|turn|8\n|j| LightWatt\n|\n|t:|1739675118\n|move|p1b: Calyrex|Expanding Force|p2b: Iron Valiant\n|-supereffective|p2b: Iron Valiant\n|-damage|p2b: Iron Valiant|0 fnt\n|faint|p2b: Iron Valiant\n|-end|p2b: Iron Valiant|Quark Drive|[silent]\n|-damage|p1b: Calyrex|82\/100|[from] item: Life Orb\n|\n|win|kanucks25\n|raw|kanucks25's rating: 1571 &rarr; <strong>1594<\/strong><br \/>(+23 for winning)\n|raw|Wilfredistall's rating: 1624 &rarr; <strong>1601<\/strong><br \/>(-23 for losing)\n|l| God of restricted\n|l|\u2606Wilfredistall\n|player|p2|\n|l|\u2606kanucks25\n|player|p1|\n|l| kriemhildgretchen1\n","uploadtime":1739675339,"views":5,"formatid":"gen9vgc2025regg","rating":1594,"private":0,"password":null}