{"id":"gen9vgc2025regg-2301061992","format":"[Gen 9] VGC 2025 Reg G","players":["Lsxy","onedaymob"],"log":"|j|\u2606Lsxy\n|j|\u2606onedaymob\n|t:|1739587935\n|gametype|doubles\n|player|p1|Lsxy|169|1620\n|player|p2|onedaymob|169|1621\n|teamsize|p1|6\n|teamsize|p2|6\n|gen|9\n|tier|[Gen 9] VGC 2025 Reg G\n|rated|\n|rule|Species Clause: Limit one of each Pok\u00e9mon\n|rule|Item Clause: Limit 1 of each item\n|clearpoke\n|poke|p1|Garchomp, L50, M|\n|poke|p1|Indeedee-F, L50, F|\n|poke|p1|Calyrex-Shadow, L50|\n|poke|p1|Urshifu-*, L50, M|\n|poke|p1|Chi-Yu, L50|\n|poke|p1|Tornadus, L50, M|\n|poke|p2|Zamazenta-*, L50|\n|poke|p2|Ting-Lu, L50|\n|poke|p2|Tornadus, L50, M|\n|poke|p2|Urshifu-*, L50, F|\n|poke|p2|Iron Bundle, L50|\n|poke|p2|Rillaboom, L50, M|\n|teampreview|4\n|inactive|Battle timer is ON: inactive players will automatically lose when time's up. (requested by onedaymob)\n|j| Kaicyios\n|inactive|Lsxy has 60 seconds left.\n|inactive|onedaymob has 60 seconds left.\n|\n|t:|1739587975\n|start\n|switch|p1a: Tornadus|Tornadus, L50, M|100\/100\n|switch|p1b: Urshifu|Urshifu-Rapid-Strike, L50, M|100\/100\n|switch|p2a: Tornadus|Tornadus, L50, M|100\/100\n|switch|p2b: Ting-Lu|Ting-Lu, L50|100\/100\n|-ability|p2b: Ting-Lu|Vessel of Ruin\n|turn|1\n|\n|t:|1739587990\n|switch|p2b: Iron Bundle|Iron Bundle, L50|100\/100\n|move|p1b: Urshifu|Detect|p1b: Urshifu\n|-singleturn|p1b: Urshifu|Protect\n|move|p1a: Tornadus|Taunt|p2a: Tornadus\n|-start|p2a: Tornadus|move: Taunt\n|move|p2a: Tornadus|Bleakwind Storm|p1b: Urshifu|[spread] p1a\n|-activate|p1b: Urshifu|move: Protect\n|-damage|p1a: Tornadus|57\/100\n|\n|upkeep\n|turn|2\n|inactive|onedaymob has 30 seconds left.\n|\n|t:|1739588017\n|move|p1a: Tornadus|Tailwind|p1a: Tornadus\n|-sidestart|p1: Lsxy|move: Tailwind\n|move|p1b: Urshifu|Surging Strikes|p2a: Tornadus\n|-crit|p2a: Tornadus\n|-damage|p2a: Tornadus|61\/100\n|-crit|p2a: Tornadus\n|-damage|p2a: Tornadus|25\/100\n|-crit|p2a: Tornadus\n|-damage|p2a: Tornadus|0 fnt\n|faint|p2a: Tornadus\n|-hitcount|p2: Tornadus|3\n|move|p2b: Iron Bundle|Icy Wind|p1b: Urshifu|[spread] p1a,p1b\n|-supereffective|p1a: Tornadus\n|-resisted|p1b: Urshifu\n|-damage|p1a: Tornadus|5\/100\n|-damage|p1b: Urshifu|86\/100\n|-unboost|p1a: Tornadus|spe|1\n|-unboost|p1b: Urshifu|spe|1\n|\n|upkeep\n|\n|t:|1739588036\n|switch|p2a: Zamazenta|Zamazenta-Crowned, L50|100\/100\n|-ability|p2a: Zamazenta|Dauntless Shield|boost\n|-boost|p2a: Zamazenta|def|1\n|turn|3\n|\n|t:|1739588049\n|move|p1a: Tornadus|Icy Wind|p2b: Iron Bundle|[spread] p2a,p2b\n|-resisted|p2a: Zamazenta\n|-resisted|p2b: Iron Bundle\n|-damage|p2a: Zamazenta|97\/100\n|-damage|p2b: Iron Bundle|95\/100\n|-unboost|p2a: Zamazenta|spe|1\n|-unboost|p2b: Iron Bundle|spe|1\n|move|p1b: Urshifu|Close Combat|p2b: Iron Bundle\n|-supereffective|p2b: Iron Bundle\n|-damage|p2b: Iron Bundle|0 fnt\n|-unboost|p1b: Urshifu|def|1\n|-unboost|p1b: Urshifu|spd|1\n|faint|p2b: Iron Bundle\n|-end|p2b: Iron Bundle|Quark Drive|[silent]\n|move|p2a: Zamazenta|Body Press|p1b: Urshifu\n|-damage|p1b: Urshifu|0 fnt\n|faint|p1b: Urshifu\n|\n|upkeep\n|j| jaredbobcean\n|\n|t:|1739588063\n|switch|p2b: Ting-Lu|Ting-Lu, L50|100\/100\n|switch|p1b: Indeedee|Indeedee-F, L50, F|100\/100\n|-fieldstart|move: Psychic Terrain|[from] ability: Psychic Surge|[of] p1b: Indeedee\n|-enditem|p1b: Indeedee|Psychic Seed\n|-boost|p1b: Indeedee|spd|1|[from] item: Psychic Seed\n|-ability|p2b: Ting-Lu|Vessel of Ruin\n|turn|4\n|\n|t:|1739588080\n|move|p1a: Tornadus|Icy Wind|p2a: Zamazenta|[spread] p2a,p2b\n|-resisted|p2a: Zamazenta\n|-supereffective|p2b: Ting-Lu\n|-damage|p2a: Zamazenta|93\/100\n|-damage|p2b: Ting-Lu|83\/100\n|-unboost|p2a: Zamazenta|spe|1\n|-unboost|p2b: Ting-Lu|spe|1\n|move|p1b: Indeedee|Dazzling Gleam|p2a: Zamazenta|[spread] p2a,p2b\n|-supereffective|p2b: Ting-Lu\n|-damage|p2a: Zamazenta|85\/100\n|-damage|p2b: Ting-Lu|65\/100\n|move|p2a: Zamazenta|Body Press|p1a: Tornadus\n|-resisted|p1a: Tornadus\n|-damage|p1a: Tornadus|0 fnt\n|-damage|p2a: Zamazenta|69\/100|[from] item: Rocky Helmet|[of] p1a: Tornadus\n|faint|p1a: Tornadus\n|move|p2b: Ting-Lu|Throat Chop|p1b: Indeedee\n|-supereffective|p1b: Indeedee\n|-damage|p1b: Indeedee|0 fnt\n|faint|p1b: Indeedee\n|\n|upkeep\n|\n|t:|1739588089\n|switch|p1b: Calyrex|Calyrex-Shadow, L50|100\/100\n|-ability|p1b: Calyrex|As One\n|-ability|p1b: Calyrex|Unnerve\n|turn|5\n|\n|t:|1739588109\n|-terastallize|p1b: Calyrex|Fighting\n|move|p2a: Zamazenta|Wide Guard|p2a: Zamazenta\n|-singleturn|p2a: Zamazenta|Wide Guard\n|move|p1b: Calyrex|Tera Blast|p2a: Zamazenta|[anim] Tera Blast Fighting\n|-supereffective|p2a: Zamazenta\n|-damage|p2a: Zamazenta|14\/100\n|move|p2b: Ting-Lu|Throat Chop|p1b: Calyrex\n|-resisted|p1b: Calyrex\n|-damage|p1b: Calyrex|64\/100\n|-start|p1b: Calyrex|Throat Chop|[silent]\n|\n|-sideend|p1: Lsxy|move: Tailwind\n|upkeep\n|turn|6\n|\n|t:|1739588131\n|move|p1b: Calyrex|Tera Blast|p2a: Zamazenta|[anim] Tera Blast Fighting\n|-supereffective|p2a: Zamazenta\n|-damage|p2a: Zamazenta|0 fnt\n|faint|p2a: Zamazenta\n|-ability|p1b: Calyrex|Grim Neigh|boost\n|-boost|p1b: Calyrex|spa|1\n|move|p2b: Ting-Lu|Throat Chop|p1b: Calyrex\n|-resisted|p1b: Calyrex\n|-damage|p1b: Calyrex|24\/100\n|\n|-end|p1b: Calyrex|Throat Chop|[silent]\n|upkeep\n|turn|7\n|\n|t:|1739588145\n|-terastallize|p2b: Ting-Lu|Poison\n|move|p1b: Calyrex|Tera Blast|p2b: Ting-Lu|[anim] Tera Blast Fighting\n|-resisted|p2b: Ting-Lu\n|-damage|p2b: Ting-Lu|38\/100\n|move|p2b: Ting-Lu|Throat Chop|p1b: Calyrex\n|-resisted|p1b: Calyrex\n|-damage|p1b: Calyrex|0 fnt\n|faint|p1b: Calyrex\n|\n|win|onedaymob\n|raw|Lsxy's rating: 1620 &rarr; <strong>1600<\/strong><br \/>(-20 for losing)\n|raw|onedaymob's rating: 1621 &rarr; <strong>1641<\/strong><br \/>(+20 for winning)\n|l|\u2606Lsxy\n|player|p1|\n|l|\u2606onedaymob\n|player|p2|\n|l| Kaicyios\n|l| jaredbobcean\n","uploadtime":1739588397,"views":11,"formatid":"gen9vgc2025regg","rating":1600,"private":0,"password":null}