{"id":"gen9vgc2025regg-2301657299","format":"[Gen 9] VGC 2025 Reg G","players":["metakurozashi","BellmanTGM"],"log":"|j|\u2606metakurozashi\n|j|\u2606BellmanTGM\n|t:|1739679625\n|gametype|doubles\n|player|p1|metakurozashi|1|1566\n|player|p2|BellmanTGM|pokefan-gen4|1571\n|teamsize|p1|6\n|teamsize|p2|6\n|gen|9\n|tier|[Gen 9] VGC 2025 Reg G\n|rated|\n|rule|Species Clause: Limit one of each Pok\u00e9mon\n|rule|Item Clause: Limit 1 of each item\n|clearpoke\n|poke|p1|Annihilape, L50, F|\n|poke|p1|Whimsicott, L50, M|\n|poke|p1|Miraidon, L50|\n|poke|p1|Iron Bundle, L50|\n|poke|p1|Incineroar, L50, F|\n|poke|p1|Dragonite, L50, F|\n|poke|p2|Terapagos, L50, M|\n|poke|p2|Indeedee-F, L50, F|\n|poke|p2|Ogerpon-Cornerstone, L50, F|\n|poke|p2|Urshifu-*, L50, M|\n|poke|p2|Tornadus, L50, M|\n|poke|p2|Clefairy, L50, M|\n|teampreview|4\n|inactive|Battle timer is ON: inactive players will automatically lose when time's up. (requested by BellmanTGM)\n|inactive|metakurozashi has 60 seconds left.\n|inactive|metakurozashi has 30 seconds left.\n|inactive|metakurozashi has 20 seconds left.\n|\n|t:|1739679699\n|start\n|switch|p1a: Miraidon|Miraidon, L50|100\/100\n|switch|p1b: Whimsicott|Whimsicott, L50, M|100\/100\n|switch|p2a: Terapagos|Terapagos, L50, M|100\/100\n|switch|p2b: Indeedee|Indeedee-F, L50, F|100\/100\n|-activate|p2a: Terapagos|ability: Tera Shift\n|detailschange|p2a: Terapagos|Terapagos-Terastal, L50, M\n|-heal|p2a: Terapagos|100\/100|[silent]\n|-fieldstart|move: Electric Terrain|[from] ability: Hadron Engine|[of] p1a: Miraidon\n|-fieldstart|move: Psychic Terrain|[from] ability: Psychic Surge|[of] p2b: Indeedee\n|-enditem|p2b: Indeedee|Psychic Seed\n|-boost|p2b: Indeedee|spd|1|[from] item: Psychic Seed\n|turn|1\n|inactive|BellmanTGM has 30 seconds left.\n|\n|t:|1739679727\n|-terastallize|p2a: Terapagos|Stellar\n|detailschange|p2a: Terapagos|Terapagos-Stellar, L50, M, tera:Stellar\n|-heal|p2a: Terapagos|100\/100|[silent]\n|-ability|p2a: Terapagos|Teraform Zero\n|-fieldend|move: Psychic Terrain\n|move|p2b: Indeedee|Fake Out|p1b: Whimsicott\n|-damage|p1b: Whimsicott|90\/100\n|move|p1b: Whimsicott|Light Screen|p1b: Whimsicott\n|-sidestart|p1: metakurozashi|move: Light Screen\n|move|p1a: Miraidon|Volt Switch|p2a: Terapagos\n|-damage|p2a: Terapagos|67\/100\n|\n|t:|1739679740\n|switch|p1a: Dragonite|Dragonite, L50, F|100\/100|[from] Volt Switch\n|move|p2a: Terapagos|Tera Starstorm|p1a: Dragonite|[spread] p1a,p1b\n|-damage|p1a: Dragonite|79\/100\n|-damage|p1b: Whimsicott|48\/100\n|\n|upkeep\n|turn|2\n|inactive|metakurozashi has 30 seconds left.\n|\n|t:|1739679770\n|move|p2b: Indeedee|Helping Hand|p2a: Terapagos\n|-singleturn|p2a: Terapagos|Helping Hand|[of] p2b: Indeedee\n|move|p1b: Whimsicott|Moonblast|p2a: Terapagos\n|-damage|p2a: Terapagos|52\/100\n|-unboost|p2a: Terapagos|spa|1\n|move|p1a: Dragonite|Scale Shot|p2a: Terapagos\n|-damage|p2a: Terapagos|43\/100\n|-damage|p2a: Terapagos|33\/100\n|-damage|p2a: Terapagos|23\/100\n|-damage|p2a: Terapagos|14\/100\n|-hitcount|p2a: Terapagos|4\n|-unboost|p1a: Dragonite|def|1\n|-boost|p1a: Dragonite|spe|1\n|move|p2a: Terapagos|Tera Starstorm|p1a: Dragonite|[spread] p1a,p1b\n|-damage|p1a: Dragonite|36\/100\n|-damage|p1b: Whimsicott|10\/100\n|\n|upkeep\n|turn|3\n|inactive|metakurozashi has 30 seconds left.\n|\n|t:|1739679796\n|move|p1a: Dragonite|Scale Shot|p2b: Indeedee\n|-damage|p2b: Indeedee|86\/100\n|-damage|p2b: Indeedee|71\/100\n|-damage|p2b: Indeedee|56\/100\n|-damage|p2b: Indeedee|40\/100\n|-damage|p2b: Indeedee|25\/100\n|-hitcount|p2b: Indeedee|5\n|-unboost|p1a: Dragonite|def|1\n|-boost|p1a: Dragonite|spe|1\n|move|p1b: Whimsicott|Moonblast|p2a: Terapagos\n|-damage|p2a: Terapagos|0 fnt\n|faint|p2a: Terapagos\n|move|p2b: Indeedee|Psychic|p1b: Whimsicott\n|-damage|p1b: Whimsicott|0 fnt\n|faint|p1b: Whimsicott\n|\n|upkeep\n|\n|t:|1739679813\n|switch|p1b: Miraidon|Miraidon, L50|100\/100\n|switch|p2a: Urshifu|Urshifu-Rapid-Strike, L50, M|100\/100\n|-fieldstart|move: Electric Terrain|[from] ability: Hadron Engine|[of] p1b: Miraidon\n|turn|4\n|\n|t:|1739679823\n|switch|p2b: Ogerpon|Ogerpon-Cornerstone, L50, F|100\/100\n|move|p1a: Dragonite|Extreme Speed|p2a: Urshifu\n|-damage|p2a: Urshifu|70\/100\n|move|p2a: Urshifu|Aqua Jet|p1a: Dragonite\n|-resisted|p1a: Dragonite\n|-damage|p1a: Dragonite|11\/100\n|move|p1b: Miraidon|Dazzling Gleam|p2b: Ogerpon|[spread] p2a,p2b\n|-supereffective|p2a: Urshifu\n|-damage|p2a: Urshifu|0 fnt\n|-damage|p2b: Ogerpon|50\/100\n|faint|p2a: Urshifu\n|\n|upkeep\n|\n|t:|1739679833\n|switch|p2a: Indeedee|Indeedee-F, L50, F|25\/100\n|-fieldstart|move: Psychic Terrain|[from] ability: Psychic Surge|[of] p2a: Indeedee\n|turn|5\n|\n|t:|1739679845\n|-terastallize|p1b: Miraidon|Fairy\n|move|p2a: Indeedee|Fake Out|p1b: Miraidon\n|-activate|p1b: Miraidon|move: Psychic Terrain\n|move|p1a: Dragonite|Scale Shot|p2b: Ogerpon\n|-damage|p2b: Ogerpon|32\/100\n|-damage|p2b: Ogerpon|13\/100\n|-damage|p2b: Ogerpon|0 fnt\n|faint|p2b: Ogerpon\n|-hitcount|p2: Ogerpon|3\n|-unboost|p1a: Dragonite|def|1\n|-boost|p1a: Dragonite|spe|1\n|move|p1b: Miraidon|Dazzling Gleam|p2a: Indeedee\n|-crit|p2a: Indeedee\n|-damage|p2a: Indeedee|0 fnt\n|faint|p2a: Indeedee\n|\n|win|metakurozashi\n|raw|metakurozashi's rating: 1566 &rarr; <strong>1586<\/strong><br \/>(+20 for winning)\n|raw|BellmanTGM's rating: 1571 &rarr; <strong>1551<\/strong><br \/>(-20 for losing)\n|l|\u2606BellmanTGM\n|player|p2|\n|l|\u2606metakurozashi\n|player|p1|\n","uploadtime":1739680045,"views":5,"formatid":"gen9vgc2025regg","rating":1551,"private":0,"password":null}