{"id":"gen9vgc2025regg-2301614808","format":"[Gen 9] VGC 2025 Reg G","players":["gatoexplotando","hdoot"],"log":"|j|\u2606gatoexplotando\n|j|\u2606hdoot\n|t:|1739673429\n|gametype|doubles\n|player|p1|gatoexplotando|lady-gen4|1567\n|player|p2|hdoot|cilan|1643\n|teamsize|p1|6\n|teamsize|p2|6\n|gen|9\n|tier|[Gen 9] VGC 2025 Reg G\n|rated|\n|rule|Species Clause: Limit one of each Pok\u00e9mon\n|rule|Item Clause: Limit 1 of each item\n|clearpoke\n|poke|p1|Calyrex-Shadow, L50|\n|poke|p1|Chi-Yu, L50|\n|poke|p1|Tornadus, L50, M|\n|poke|p1|Mienshao, L50, M|\n|poke|p1|Rillaboom, L50, F|\n|poke|p1|Ogerpon-Cornerstone, L50, F|\n|poke|p2|Groudon, L50|\n|poke|p2|Iron Valiant, L50|\n|poke|p2|Sableye, L50, M|\n|poke|p2|Ogerpon-Cornerstone, L50, F|\n|poke|p2|Rillaboom, L50, M|\n|poke|p2|Flutter Mane, L50|\n|teampreview|4\n|inactive|Battle timer is ON: inactive players will automatically lose when time's up. (requested by gatoexplotando)\ngatoexplotando has agreed to open team sheets.\n|inactive|gatoexplotando has 60 seconds left.\n|\n|t:|1739673465\n|start\n|switch|p1a: Calyrex|Calyrex-Shadow, L50|100\/100\n|switch|p1b: Mienshao|Mienshao, L50, M|100\/100\n|switch|p2a: Iron Valiant|Iron Valiant, L50, shiny|100\/100\n|switch|p2b: Newton|Sableye, L50, M|100\/100\n|-ability|p1a: Calyrex|As One\n|-ability|p1a: Calyrex|Unnerve\n|-enditem|p2a: Iron Valiant|Booster Energy\n|-activate|p2a: Iron Valiant|ability: Quark Drive|[fromitem]\n|-start|p2a: Iron Valiant|quarkdrivespe\n|turn|1\n|j| Pokuchu\n|\n|t:|1739673480\n|-terastallize|p2a: Iron Valiant|Ghost\n|move|p1b: Mienshao|Fake Out|p2a: Iron Valiant\n|-immune|p2a: Iron Valiant\n|move|p2b: Newton|Gravity|p2b: Newton\n|-fieldstart|move: Gravity\n|move|p2a: Iron Valiant|Hypnosis|p1a: Calyrex\n|-status|p1a: Calyrex|slp|[from] move: Hypnosis\n|cant|p1a: Calyrex|slp\n|\n|upkeep\n|turn|2\n|\n|t:|1739673498\n|switch|p1b: Ogerpon|Ogerpon-Cornerstone, L50, F|100\/100\n|-curestatus|p1a: Calyrex|slp|[msg]\n|move|p1a: Calyrex|Protect|p1a: Calyrex\n|-singleturn|p1a: Calyrex|Protect\n|move|p2a: Iron Valiant|Hypnosis|p1b: Ogerpon\n|-status|p1b: Ogerpon|slp|[from] move: Hypnosis\n|move|p2b: Newton|Foul Play|p1a: Calyrex\n|-activate|p1a: Calyrex|move: Protect\n|\n|upkeep\n|turn|3\n|\n|t:|1739673510\n|switch|p1a: Mienshao|Mienshao, L50, M|100\/100\n|move|p2b: Newton|Encore||[still]\n|-fail|p2b: Newton\n|move|p2a: Iron Valiant|Hypnosis|p1a: Mienshao\n|-status|p1a: Mienshao|slp|[from] move: Hypnosis\n|cant|p1b: Ogerpon|slp\n|\n|upkeep\n|turn|4\n|j| futonkagebunshin\n|\n|t:|1739673532\n|switch|p1a: Chi-Yu|Chi-Yu, L50|100\/100\n|-ability|p1a: Chi-Yu|Beads of Ruin\n|move|p2a: Iron Valiant|Moonblast|p1b: Ogerpon\n|-damage|p1b: Ogerpon|44\/100 slp\n|-unboost|p1b: Ogerpon|spa|1\n|cant|p1b: Ogerpon|slp\n|move|p2b: Newton|Foul Play|p1b: Ogerpon\n|-damage|p1b: Ogerpon|0 fnt\n|faint|p1b: Ogerpon\n|\n|upkeep\n|\n|t:|1739673545\n|switch|p1b: Calyrex|Calyrex-Shadow, L50|100\/100\n|-ability|p1b: Calyrex|As One\n|-ability|p1b: Calyrex|Unnerve\n|turn|5\n|\n|t:|1739673556\n|move|p2a: Iron Valiant|Wide Guard|p2a: Iron Valiant\n|-singleturn|p2a: Iron Valiant|Wide Guard\n|move|p1b: Calyrex|Astral Barrage|p2a: Iron Valiant|[spread] \n|-activate|p2a: Iron Valiant|move: Wide Guard\n|-activate|p2b: Newton|move: Wide Guard\n|move|p1a: Chi-Yu|Taunt|p2a: Iron Valiant\n|-start|p2a: Iron Valiant|move: Taunt\n|move|p2b: Newton|Foul Play|p1b: Calyrex\n|-supereffective|p1b: Calyrex\n|-damage|p1b: Calyrex|0 fnt\n|faint|p1b: Calyrex\n|\n|-fieldend|move: Gravity\n|upkeep\n|\n|t:|1739673563\n|switch|p1b: Mienshao|Mienshao, L50, M|100\/100 slp\n|turn|6\n|-message|gatoexplotando forfeited.\n|\n|win|hdoot\n|raw|gatoexplotando's rating: 1567 &rarr; <strong>1551<\/strong><br \/>(-16 for losing)\n|raw|hdoot's rating: 1643 &rarr; <strong>1659<\/strong><br \/>(+16 for winning)\n|l|\u2606gatoexplotando\n|player|p1|\n|l| Pokuchu\n|l|\u2606hdoot\n|player|p2|\n","uploadtime":1739673816,"views":5,"formatid":"gen9vgc2025regg","rating":1551,"private":0,"password":null}