{"id":"gen9vgc2025regg-2301410941","format":"[Gen 9] VGC 2025 Reg G","players":["zrofs","Elbow baggins"],"log":"|j|\u2606zrofs\n|j|\u2606Elbow baggins\n|t:|1739647001\n|gametype|doubles\n|player|p1|zrofs|steven|1609\n|player|p2|Elbow baggins|265|1579\n|teamsize|p1|6\n|teamsize|p2|6\n|gen|9\n|tier|[Gen 9] VGC 2025 Reg G\n|rated|\n|rule|Species Clause: Limit one of each Pok\u00e9mon\n|rule|Item Clause: Limit 1 of each item\n|clearpoke\n|poke|p1|Terapagos, L50, M|\n|poke|p1|Sinistcha, L50|\n|poke|p1|Rillaboom, L50, F|\n|poke|p1|Incineroar, L50, F|\n|poke|p1|Annihilape, L50, F|\n|poke|p1|Maushold, L50|\n|poke|p2|Whimsicott, L50, M|\n|poke|p2|Regidrago, L50|\n|poke|p2|Chi-Yu, L50|\n|poke|p2|Zacian-*, L50|\n|poke|p2|Ogerpon-Wellspring, L50, F|\n|poke|p2|Amoonguss, L50, M|\n|teampreview|4\n|j| 2-2-2 Ape\n|l| 2-2-2 Ape\n|inactive|Battle timer is ON: inactive players will automatically lose when time's up. (requested by zrofs)\n|inactive|Elbow baggins has 60 seconds left.\n|\n|t:|1739647093\n|start\n|switch|p1a: Annihilape|Annihilape, L50, F|100\/100\n|switch|p1b: Maushold|Maushold, L50|100\/100\n|switch|p2a: Regidrago|Regidrago, L50|100\/100\n|switch|p2b: Ogerpon|Ogerpon-Wellspring, L50, F|100\/100\n|turn|1\n|inactive|zrofs has 30 seconds left.\n|inactive|zrofs has 20 seconds left.\n|inactive|zrofs has 15 seconds left.\n|inactive|zrofs has 10 seconds left.\n|\n|t:|1739647141\n|-terastallize|p1a: Annihilape|Fire\n|move|p2b: Ogerpon|Spiky Shield|p2b: Ogerpon\n|-singleturn|p2b: Ogerpon|move: Protect\n|move|p2a: Regidrago|Protect|p2a: Regidrago\n|-singleturn|p2a: Regidrago|Protect\n|move|p1b: Maushold|Beat Up|p1a: Annihilape\n|-damage|p1a: Annihilape|98\/100\n|-damage|p1a: Annihilape|96\/100\n|-damage|p1a: Annihilape|94\/100\n|-damage|p1a: Annihilape|92\/100\n|-hitcount|p1a: Annihilape|4\n|move|p1a: Annihilape|Rage Fist|p2a: Regidrago\n|-activate|p2a: Regidrago|move: Protect\n|\n|-heal|p1a: Annihilape|98\/100|[from] item: Leftovers\n|upkeep\n|turn|2\n|\n|t:|1739647162\n|move|p1b: Maushold|Follow Me|p1b: Maushold\n|-singleturn|p1b: Maushold|move: Follow Me\n|move|p2b: Ogerpon|Follow Me|p2b: Ogerpon\n|-singleturn|p2b: Ogerpon|move: Follow Me\n|move|p2a: Regidrago|Dragon Energy|p1a: Annihilape|[spread] p1a,p1b\n|-damage|p1a: Annihilape|35\/100\n|-enditem|p1b: Maushold|Focus Sash\n|-damage|p1b: Maushold|1\/100\n|-damage|p2a: Regidrago|91\/100|[from] item: Life Orb\n|move|p1a: Annihilape|Rage Fist|p2b: Ogerpon\n|-damage|p2b: Ogerpon|0 fnt\n|faint|p2b: Ogerpon\n|\n|-heal|p1a: Annihilape|41\/100|[from] item: Leftovers\n|upkeep\n|\n|t:|1739647183\n|switch|p2b: Zacian|Zacian-Crowned, L50|100\/100\n|-ability|p2b: Zacian|Intrepid Sword|boost\n|-boost|p2b: Zacian|atk|1\n|turn|3\n|\n|t:|1739647194\n|switch|p1b: Sinistcha|Sinistcha, L50|100\/100\n|-heal|p1a: Annihilape|66\/100|[from] ability: Hospitality|[of] p1b: Sinistcha\n|move|p1a: Annihilape|Protect|p1a: Annihilape\n|-singleturn|p1a: Annihilape|Protect\n|move|p2b: Zacian|Play Rough|p1b: Sinistcha\n|-damage|p1b: Sinistcha|33\/100\n|-damage|p2b: Zacian|84\/100|[from] item: Rocky Helmet|[of] p1b: Sinistcha\n|move|p2a: Regidrago|Dragon Energy|p1b: Sinistcha|[spread] p1b\n|-activate|p1a: Annihilape|move: Protect\n|-damage|p1b: Sinistcha|0 fnt\n|faint|p1b: Sinistcha\n|-damage|p2a: Regidrago|81\/100|[from] item: Life Orb\n|\n|-heal|p1a: Annihilape|72\/100|[from] item: Leftovers\n|upkeep\n|\n|t:|1739647212\n|switch|p1b: Incineroar|Incineroar, L50, F|100\/100\n|-ability|p1b: Incineroar|Intimidate|boost\n|-unboost|p2a: Regidrago|atk|1\n|-unboost|p2b: Zacian|atk|1\n|turn|4\n|\n|t:|1739647227\n|switch|p1b: Maushold|Maushold, L50|1\/100\n|-terastallize|p2a: Regidrago|Ghost\n|move|p2b: Zacian|Play Rough|p1b: Maushold\n|-damage|p1b: Maushold|0 fnt\n|faint|p1b: Maushold\n|move|p2a: Regidrago|Dragon Energy|p1a: Annihilape\n|-damage|p1a: Annihilape|0 fnt\n|faint|p1a: Annihilape\n|-damage|p2a: Regidrago|71\/100|[from] item: Life Orb\n|\n|upkeep\n|\n|t:|1739647240\n|switch|p1b: Incineroar|Incineroar, L50, F|100\/100\n|-ability|p1b: Incineroar|Intimidate|boost\n|-unboost|p2a: Regidrago|atk|1\n|-unboost|p2b: Zacian|atk|1\n|turn|5\n|\n|t:|1739647253\n|switch|p2b: Amoonguss|Amoonguss, L50, M|100\/100\n|move|p2a: Regidrago|Draco Meteor|p1b: Incineroar\n|-damage|p1b: Incineroar|10\/100\n|-unboost|p2a: Regidrago|spa|2\n|-damage|p2a: Regidrago|61\/100|[from] item: Life Orb\n|move|p1b: Incineroar|Knock Off|p2a: Regidrago\n|-supereffective|p2a: Regidrago\n|-damage|p2a: Regidrago|0 fnt\n|-enditem|p2a: Regidrago|Life Orb|[from] move: Knock Off|[of] p1b: Incineroar\n|faint|p2a: Regidrago\n|\n|upkeep\n|-message|zrofs forfeited.\n|\n|win|Elbow baggins\n|raw|zrofs's rating: 1609 &rarr; <strong>1587<\/strong><br \/>(-22 for losing)\n|raw|Elbow baggins's rating: 1579 &rarr; <strong>1601<\/strong><br \/>(+22 for winning)\n|l|\u2606zrofs\n|player|p1|\n","uploadtime":1739647408,"views":7,"formatid":"gen9vgc2025regg","rating":1587,"private":0,"password":null}