{"id":"gen9vgc2025regg-2301066910","format":"[Gen 9] VGC 2025 Reg G","players":["SubToPenglin","my pony my horse"],"log":"|j|\u2606SubToPenglin\n|j|\u2606my pony my horse\n|t:|1739588666\n|gametype|doubles\n|player|p1|SubToPenglin|lady|1626\n|player|p2|my pony my horse|170|1594\n|teamsize|p1|6\n|teamsize|p2|6\n|gen|9\n|tier|[Gen 9] VGC 2025 Reg G\n|rated|\n|rule|Species Clause: Limit one of each Pok\u00e9mon\n|rule|Item Clause: Limit 1 of each item\n|clearpoke\n|poke|p1|Comfey, L50, M|\n|poke|p1|Terapagos, L50, M|\n|poke|p1|Tornadus, L50, M|\n|poke|p1|Magmar, L50, F|\n|poke|p1|Landorus, L50, M|\n|poke|p1|Urshifu-*, L50, F|\n|poke|p2|Ting-Lu, L50|\n|poke|p2|Dondozo, L50, M|\n|poke|p2|Zamazenta-*, L50|\n|poke|p2|Chien-Pao, L50|\n|poke|p2|Raging Bolt, L50|\n|poke|p2|Ogerpon-Hearthflame, L50, F|\n|teampreview|4\n|inactive|Battle timer is ON: inactive players will automatically lose when time's up. (requested by my pony my horse)\n|inactive|SubToPenglin also wants the timer to be on.\n|\n|t:|1739588679\n|start\n|switch|p1a: Terapagos|Terapagos, L50, M|100\/100\n|switch|p1b: Magmar|Magmar, L50, F, shiny|100\/100\n|switch|p2a: Ting-Lu|Ting-Lu, L50|100\/100\n|switch|p2b: Dondozo|Dondozo, L50, M|100\/100\n|-activate|p1a: Terapagos|ability: Tera Shift\n|detailschange|p1a: Terapagos|Terapagos-Terastal, L50, M\n|-heal|p1a: Terapagos|100\/100|[silent]\n|-ability|p2a: Ting-Lu|Vessel of Ruin\n|turn|1\n|\n|t:|1739588687\n|move|p1b: Magmar|Taunt|p2b: Dondozo\n|-immune|p2b: Dondozo|[from] ability: Oblivious\n|move|p1a: Terapagos|Calm Mind|p1a: Terapagos\n|-boost|p1a: Terapagos|spa|1\n|-boost|p1a: Terapagos|spd|1\n|move|p2a: Ting-Lu|Sand Tomb|p1a: Terapagos\n|-activate|p1a: Terapagos|ability: Tera Shell\n|-resisted|p1a: Terapagos\n|-damage|p1a: Terapagos|95\/100\n|-activate|p1a: Terapagos|move: Sand Tomb|[of] p2a: Ting-Lu\n|move|p2b: Dondozo|Yawn|p1a: Terapagos\n|-start|p1a: Terapagos|move: Yawn|[of] p2b: Dondozo\n|\n|-damage|p1a: Terapagos|83\/100|[from] move: Sand Tomb|[partiallytrapped]\n|upkeep\n|turn|2\n|\n|t:|1739588708\n|switch|p1b: Tornadus|Tornadus, L50, M|100\/100\n|-terastallize|p1a: Terapagos|Stellar\n|detailschange|p1a: Terapagos|Terapagos-Stellar, L50, M, tera:Stellar\n|-heal|p1a: Terapagos|87\/100|[silent]\n|move|p1a: Terapagos|Tera Starstorm|p2b: Dondozo|[spread] p2a,p2b\n|-damage|p2a: Ting-Lu|73\/100\n|-damage|p2b: Dondozo|70\/100\n|move|p2a: Ting-Lu|Sand Tomb|p1b: Tornadus\n|-immune|p1b: Tornadus\n|move|p2b: Dondozo|Wave Crash|p1b: Tornadus\n|-damage|p1b: Tornadus|50\/100\n|-damage|p2b: Dondozo|59\/100|[from] Recoil\n|\n|-heal|p2b: Dondozo|65\/100|[from] item: Leftovers\n|-damage|p1a: Terapagos|75\/100|[from] move: Sand Tomb|[partiallytrapped]\n|-end|p1a: Terapagos|move: Yawn|[silent]\n|-status|p1a: Terapagos|slp\n|upkeep\n|turn|3\n|inactive|SubToPenglin has 30 seconds left.\n|inactive|SubToPenglin has 20 seconds left.\n|inactive|SubToPenglin has 15 seconds left.\n|inactive|SubToPenglin has 10 seconds left.\n|\n|t:|1739588754\n|move|p1b: Tornadus|Bleakwind Storm|p2b: Dondozo|[spread] p2a,p2b\n|-damage|p2a: Ting-Lu|58\/100\n|-damage|p2b: Dondozo|48\/100\n|cant|p1a: Terapagos|slp\n|move|p2a: Ting-Lu|Ruination|p1a: Terapagos\n|-damage|p1a: Terapagos|38\/100 slp\n|move|p2b: Dondozo|Wave Crash|p1b: Tornadus\n|-damage|p1b: Tornadus|0 fnt\n|faint|p1b: Tornadus\n|-damage|p2b: Dondozo|37\/100|[from] Recoil\n|\n|-heal|p2b: Dondozo|43\/100|[from] item: Leftovers\n|-damage|p1a: Terapagos|25\/100 slp|[from] move: Sand Tomb|[partiallytrapped]\n|upkeep\n|\n|t:|1739588766\n|switch|p1b: Landorus|Landorus, L50, M|100\/100\n|turn|4\n|\n|t:|1739588773\n|move|p2a: Ting-Lu|Protect|p2a: Ting-Lu\n|-singleturn|p2a: Ting-Lu|Protect\n|move|p1b: Landorus|Sandsear Storm|p2b: Dondozo|[spread] p2b\n|-activate|p2a: Ting-Lu|move: Protect\n|-damage|p2b: Dondozo|10\/100\n|cant|p1a: Terapagos|slp\n|move|p2b: Dondozo|Wave Crash|p1b: Landorus\n|-supereffective|p1b: Landorus\n|-damage|p1b: Landorus|0 fnt\n|faint|p1b: Landorus\n|-damage|p2b: Dondozo|0 fnt|[from] Recoil\n|faint|p2b: Dondozo\n|\n|-damage|p1a: Terapagos|13\/100 slp|[from] move: Sand Tomb|[partiallytrapped]\n|upkeep\n|\n|t:|1739588789\n|switch|p1b: Magmar|Magmar, L50, F, shiny|100\/100\n|switch|p2b: Zamazenta|Zamazenta-Crowned, L50|100\/100\n|-ability|p2b: Zamazenta|Dauntless Shield|boost\n|-boost|p2b: Zamazenta|def|1\n|turn|5\n|j| NanshanVGC\n|\n|t:|1739588799\n|move|p2b: Zamazenta|Protect|p2b: Zamazenta\n|-singleturn|p2b: Zamazenta|Protect\n|move|p1b: Magmar|Follow Me|p1b: Magmar\n|-singleturn|p1b: Magmar|move: Follow Me\n|cant|p1a: Terapagos|slp\n|move|p2a: Ting-Lu|Sand Tomb|p1b: Magmar\n|-supereffective|p1b: Magmar\n|-damage|p1b: Magmar|78\/100\n|-activate|p1b: Magmar|move: Sand Tomb|[of] p2a: Ting-Lu\n|\n|-damage|p1b: Magmar|66\/100|[from] move: Sand Tomb|[partiallytrapped]\n|-damage|p1a: Terapagos|1\/100 slp|[from] move: Sand Tomb|[partiallytrapped]\n|upkeep\n|turn|6\n|\n|t:|1739588815\n|move|p2b: Zamazenta|Wide Guard|p2b: Zamazenta\n|-singleturn|p2b: Zamazenta|Wide Guard\n|move|p1b: Magmar|Follow Me|p1b: Magmar\n|-singleturn|p1b: Magmar|move: Follow Me\n|-curestatus|p1a: Terapagos|slp|[msg]\n|move|p1a: Terapagos|Earth Power|p2b: Zamazenta\n|-supereffective|p2b: Zamazenta\n|-crit|p2b: Zamazenta\n|-damage|p2b: Zamazenta|2\/100\n|move|p2a: Ting-Lu|Ruination|p1b: Magmar\n|-damage|p1b: Magmar|33\/100\n|\n|-damage|p1b: Magmar|21\/100|[from] move: Sand Tomb|[partiallytrapped]\n|-end|p1a: Terapagos|Sand Tomb|[partiallytrapped]\n|upkeep\n|turn|7\n|\n|t:|1739588834\n|move|p2b: Zamazenta|Body Press|p1b: Magmar\n|-damage|p1b: Magmar|0 fnt\n|faint|p1b: Magmar\n|move|p1a: Terapagos|Tera Starstorm|p2b: Zamazenta|[spread] p2a,p2b\n|-damage|p2a: Ting-Lu|32\/100\n|-damage|p2b: Zamazenta|0 fnt\n|faint|p2b: Zamazenta\n|move|p2a: Ting-Lu|Sand Tomb|p1a: Terapagos\n|-damage|p1a: Terapagos|0 fnt\n|faint|p1a: Terapagos\n|\n|win|my pony my horse\n|raw|SubToPenglin's rating: 1629 &rarr; <strong>1607<\/strong><br \/>(-22 for losing)\n|raw|my pony my horse's rating: 1594 &rarr; <strong>1616<\/strong><br \/>(+22 for winning)\n|l|\u2606SubToPenglin\n|player|p1|\n|l|\u2606my pony my horse\n|player|p2|\n","uploadtime":1739589088,"views":12,"formatid":"gen9vgc2025regg","rating":1607,"private":0,"password":null}