{"id":"gen9vgc2025regg-2301736744","format":"[Gen 9] VGC 2025 Reg G","players":["no scout no pivot","chaddiestchad"],"log":"|j|\u2606no scout no pivot\n|j|\u2606chaddiestchad\n|t:|1739694654\n|gametype|doubles\n|player|p1|no scout no pivot|2|1628\n|player|p2|chaddiestchad|supernerd|1632\n|teamsize|p1|6\n|teamsize|p2|6\n|gen|9\n|tier|[Gen 9] VGC 2025 Reg G\n|rated|\n|rule|Species Clause: Limit one of each Pok\u00e9mon\n|rule|Item Clause: Limit 1 of each item\n|clearpoke\n|poke|p1|Calyrex-Ice, L50|\n|poke|p1|Regieleki, L50|\n|poke|p1|Tsareena, L50, F|\n|poke|p1|Tornadus, L50, M|\n|poke|p1|Urshifu-*, L50, M|\n|poke|p1|Chien-Pao, L50|\n|poke|p2|Calyrex-Shadow, L50|\n|poke|p2|Ogerpon-Hearthflame, L50, F|\n|poke|p2|Incineroar, L50, M|\n|poke|p2|Urshifu-*, L50, F|\n|poke|p2|Rillaboom, L50, M|\n|poke|p2|Raging Bolt, L50|\n|teampreview|4\n|inactive|Battle timer is ON: inactive players will automatically lose when time's up. (requested by chaddiestchad)\n|inactive|no scout no pivot has 60 seconds left.\n|inactive|chaddiestchad has 60 seconds left.\n|\n|t:|1739694691\n|start\n|switch|p1a: Regieleki|Regieleki, L50|100\/100\n|switch|p1b: Tsareena|Tsareena, L50, F|100\/100\n|switch|p2a: Incineroar|Incineroar, L50, M|100\/100\n|switch|p2b: Raging Bolt|Raging Bolt, L50|100\/100\n|-ability|p2a: Incineroar|Intimidate|boost\n|-unboost|p1a: Regieleki|atk|1\n|-unboost|p1b: Tsareena|atk|1\n|-enditem|p2b: Raging Bolt|Booster Energy\n|-activate|p2b: Raging Bolt|ability: Protosynthesis|[fromitem]\n|-start|p2b: Raging Bolt|protosynthesisspa\n|turn|1\n|inactive|chaddiestchad has 30 seconds left.\n|inactive|chaddiestchad has 20 seconds left.\n|\n|t:|1739694730\n|switch|p2a: Ogerpon|Ogerpon-Hearthflame, L50, F|100\/100\n|-ability|p2a: Ogerpon|Mold Breaker\n|move|p1a: Regieleki|Volt Switch|p2a: Ogerpon\n|-resisted|p2a: Ogerpon\n|-damage|p2a: Ogerpon|66\/100\n|\n|t:|1739694739\n|switch|p1a: Tornadus|Tornadus, L50, M|100\/100|[from] Volt Switch\n|move|p1b: Tsareena|High Jump Kick|p2a: Ogerpon\n|-damage|p2a: Ogerpon|28\/100\n|move|p2b: Raging Bolt|Dragon Pulse|p1b: Tsareena\n|-damage|p1b: Tsareena|49\/100\n|\n|upkeep\n|turn|2\n|\n|t:|1739694756\n|move|p1a: Tornadus|Tailwind|p1a: Tornadus\n|-sidestart|p1: no scout no pivot|move: Tailwind\n|move|p1b: Tsareena|U-turn|p2b: Raging Bolt\n|-damage|p2b: Raging Bolt|88\/100\n|\n|t:|1739694759\n|switch|p1b: Calyrex|Calyrex-Ice, L50|100\/100|[from] U-turn\n|-ability|p1b: Calyrex|As One\n|-ability|p1b: Calyrex|Unnerve\n|move|p2a: Ogerpon|Ivy Cudgel|p1b: Calyrex|[anim] Ivy Cudgel Fire\n|-supereffective|p1b: Calyrex\n|-damage|p1b: Calyrex|20\/100\n|move|p2b: Raging Bolt|Thunderbolt|p1a: Tornadus\n|-supereffective|p1a: Tornadus\n|-enditem|p1a: Tornadus|Focus Sash\n|-damage|p1a: Tornadus|1\/100\n|\n|upkeep\n|turn|3\n|\n|t:|1739694777\n|switch|p1a: Tsareena|Tsareena, L50, F|49\/100\n|-terastallize|p1b: Calyrex|Ice\n|-terastallize|p2b: Raging Bolt|Fairy\n|move|p2a: Ogerpon|Spiky Shield|p2a: Ogerpon\n|-singleturn|p2a: Ogerpon|move: Protect\n|move|p1b: Calyrex|Glacial Lance|p2b: Raging Bolt|[spread] p2b\n|-activate|p2a: Ogerpon|move: Protect\n|-damage|p2b: Raging Bolt|4\/100\n|move|p2b: Raging Bolt|Thunderbolt|p1b: Calyrex\n|-damage|p1b: Calyrex|0 fnt\n|faint|p1b: Calyrex\n|\n|upkeep\n|\n|t:|1739694788\n|switch|p1b: Regieleki|Regieleki, L50|100\/100\n|turn|4\n|\n|t:|1739694810\n|switch|p2a: Incineroar|Incineroar, L50, M|100\/100\n|-ability|p2a: Incineroar|Intimidate|boost\n|-unboost|p1a: Tsareena|atk|1\n|-unboost|p1b: Regieleki|atk|1\n|move|p1b: Regieleki|Thunderbolt|p2a: Incineroar\n|-damage|p2a: Incineroar|20\/100\n|move|p1a: Tsareena|Knock Off|p2b: Raging Bolt\n|-resisted|p2b: Raging Bolt\n|-damage|p2b: Raging Bolt|0 fnt\n|faint|p2b: Raging Bolt\n|-end|p2b: Raging Bolt|Protosynthesis|[silent]\n|\n|upkeep\n|j| mr pogostick\n|\n|t:|1739694829\n|switch|p2b: Calyrex|Calyrex-Shadow, L50|100\/100\n|-ability|p2b: Calyrex|As One\n|-ability|p2b: Calyrex|Unnerve\n|turn|5\n|j| falcon108\n|\n|t:|1739694850\n|move|p2b: Calyrex|Protect|p2b: Calyrex\n|-singleturn|p2b: Calyrex|Protect\n|move|p1b: Regieleki|Thunderbolt|p2a: Incineroar\n|-damage|p2a: Incineroar|0 fnt\n|faint|p2a: Incineroar\n|move|p1a: Tsareena|Knock Off|p2b: Calyrex\n|-activate|p2b: Calyrex|move: Protect\n|\n|-sideend|p1: no scout no pivot|move: Tailwind\n|upkeep\n|\n|t:|1739694860\n|switch|p2a: Ogerpon|Ogerpon-Hearthflame, L50, F|28\/100\n|-ability|p2a: Ogerpon|Mold Breaker\n|turn|6\n|\n|t:|1739694865\n|move|p2a: Ogerpon|Follow Me|p2a: Ogerpon\n|-singleturn|p2a: Ogerpon|move: Follow Me\n|move|p1b: Regieleki|Thunderbolt|p2a: Ogerpon\n|-resisted|p2a: Ogerpon\n|-damage|p2a: Ogerpon|0 fnt\n|faint|p2a: Ogerpon\n|move|p2b: Calyrex|Astral Barrage|p1a: Tsareena|[spread] p1a,p1b\n|-damage|p1a: Tsareena|0 fnt\n|-damage|p1b: Regieleki|0 fnt\n|faint|p1a: Tsareena\n|faint|p1b: Regieleki\n|-ability|p2b: Calyrex|Grim Neigh|boost\n|-boost|p2b: Calyrex|spa|2\n|\n|upkeep\n|\n|t:|1739694871\n|switch|p1b: Tornadus|Tornadus, L50, M|1\/100\n|turn|7\n|\n|t:|1739694880\n|move|p2b: Calyrex|Astral Barrage|p1b: Tornadus\n|-damage|p1b: Tornadus|0 fnt\n|faint|p1b: Tornadus\n|\n|win|chaddiestchad\n|raw|no scout no pivot's rating: 1628 &rarr; <strong>1608<\/strong><br \/>(-20 for losing)\n|raw|chaddiestchad's rating: 1632 &rarr; <strong>1652<\/strong><br \/>(+20 for winning)\n|l|\u2606chaddiestchad\n|player|p2|\n|l| falcon108\n|l| mr pogostick\n","uploadtime":1739695094,"views":10,"formatid":"gen9vgc2025regg","rating":1608,"private":0,"password":null}