{"id":"gen9vgc2025regg-2301691666","format":"[Gen 9] VGC 2025 Reg G","players":["Jasondddd","chiefclarko11"],"log":"|j|\u2606Jasondddd\n|j|\u2606chiefclarko11\n|t:|1739685317\n|gametype|doubles\n|player|p1|Jasondddd|lucas|1624\n|player|p2|chiefclarko11|170|1661\n|teamsize|p1|6\n|teamsize|p2|6\n|gen|9\n|tier|[Gen 9] VGC 2025 Reg G\n|rated|\n|rule|Species Clause: Limit one of each Pok\u00e9mon\n|rule|Item Clause: Limit 1 of each item\n|clearpoke\n|poke|p1|Zamazenta-*, L50|\n|poke|p1|Landorus, L50, M|\n|poke|p1|Rillaboom, L50, F|\n|poke|p1|Moltres, L50|\n|poke|p1|Flutter Mane, L50|\n|poke|p1|Urshifu-*, L50, M|\n|poke|p2|Calyrex-Ice, L50|\n|poke|p2|Urshifu-*, L50, M|\n|poke|p2|Raging Bolt, L50|\n|poke|p2|Grimmsnarl, L50, M|\n|poke|p2|Ogerpon-Hearthflame, L50, F|\n|poke|p2|Landorus, L50, M|\n|teampreview|4\n|\n|t:|1739685341\n|start\n|switch|p1a: Landorus|Landorus, L50, M|100\/100\n|switch|p1b: Zamazenta|Zamazenta-Crowned, L50|100\/100\n|switch|p2a: Urshifu|Urshifu-Rapid-Strike, L50, M|100\/100\n|switch|p2b: Ogerpon|Ogerpon-Hearthflame, L50, F|100\/100\n|-ability|p1b: Zamazenta|Dauntless Shield|boost\n|-boost|p1b: Zamazenta|def|1\n|-ability|p2b: Ogerpon|Mold Breaker\n|turn|1\n|\n|t:|1739685359\n|switch|p1a: Rillaboom|Rillaboom, L50, F|100\/100\n|-fieldstart|move: Grassy Terrain|[from] ability: Grassy Surge|[of] p1a: Rillaboom\n|-terastallize|p1b: Zamazenta|Dragon\n|move|p1b: Zamazenta|Body Press|p2b: Ogerpon\n|-damage|p2b: Ogerpon|15\/100\n|move|p2b: Ogerpon|Horn Leech|p1a: Rillaboom\n|-resisted|p1a: Rillaboom\n|-damage|p1a: Rillaboom|71\/100\n|-heal|p2b: Ogerpon|34\/100|[from] drain|[of] p1a: Rillaboom\n|move|p2a: Urshifu|Surging Strikes|p1a: Rillaboom\n|-resisted|p1a: Rillaboom\n|-crit|p1a: Rillaboom\n|-damage|p1a: Rillaboom|60\/100\n|-resisted|p1a: Rillaboom\n|-crit|p1a: Rillaboom\n|-damage|p1a: Rillaboom|49\/100\n|-resisted|p1a: Rillaboom\n|-crit|p1a: Rillaboom\n|-damage|p1a: Rillaboom|37\/100\n|-hitcount|p1a: Rillaboom|3\n|\n|-heal|p2b: Ogerpon|40\/100|[from] Grassy Terrain\n|-heal|p1a: Rillaboom|43\/100|[from] Grassy Terrain\n|upkeep\n|turn|2\n|j| randoftw\n|\n|t:|1739685384\n|move|p2b: Ogerpon|Spiky Shield|p2b: Ogerpon\n|-singleturn|p2b: Ogerpon|move: Protect\n|move|p2a: Urshifu|Detect|p2a: Urshifu\n|-singleturn|p2a: Urshifu|Protect\n|move|p1a: Rillaboom|Fake Out|p2a: Urshifu\n|-activate|p2a: Urshifu|move: Protect\n|move|p1b: Zamazenta|Body Press|p2b: Ogerpon\n|-activate|p2b: Ogerpon|move: Protect\n|-damage|p1b: Zamazenta|88\/100|[from] Spiky Shield|[of] p2b: Ogerpon\n|\n|-heal|p1b: Zamazenta|94\/100|[from] Grassy Terrain\n|-heal|p2b: Ogerpon|46\/100|[from] Grassy Terrain\n|-heal|p1a: Rillaboom|49\/100|[from] Grassy Terrain\n|upkeep\n|turn|3\n|\n|t:|1739685417\n|switch|p2a: Raging Bolt|Raging Bolt, L50|100\/100\n|move|p1a: Rillaboom|Grassy Glide|p2a: Raging Bolt\n|-resisted|p2a: Raging Bolt\n|-damage|p2a: Raging Bolt|87\/100\n|move|p1b: Zamazenta|Body Press|p2b: Ogerpon\n|-damage|p2b: Ogerpon|0 fnt\n|faint|p2b: Ogerpon\n|\n|-heal|p1b: Zamazenta|100\/100|[from] Grassy Terrain\n|-heal|p1a: Rillaboom|55\/100|[from] Grassy Terrain\n|-heal|p2a: Raging Bolt|93\/100|[from] Grassy Terrain\n|upkeep\n|\n|t:|1739685427\n|switch|p2b: Calyrex|Calyrex-Ice, L50|100\/100\n|-ability|p2b: Calyrex|As One\n|-ability|p2b: Calyrex|Unnerve\n|turn|4\n|\n|t:|1739685446\n|move|p1b: Zamazenta|Body Press|p2a: Raging Bolt\n|-damage|p2a: Raging Bolt|35\/100\n|move|p1a: Rillaboom|U-turn|p2a: Raging Bolt\n|-damage|p2a: Raging Bolt|17\/100\n|\n|t:|1739685452\n|switch|p1a: Urshifu|Urshifu, L50, M|100\/100|[from] U-turn\n|move|p2a: Raging Bolt|Dragon Pulse|p1b: Zamazenta\n|-supereffective|p1b: Zamazenta\n|-damage|p1b: Zamazenta|29\/100\n|move|p2b: Calyrex|Glacial Lance|p1b: Zamazenta|[spread] p1a,p1b\n|-supereffective|p1b: Zamazenta\n|-damage|p1a: Urshifu|43\/100\n|-damage|p1b: Zamazenta|0 fnt\n|faint|p1b: Zamazenta\n|-ability|p2b: Calyrex|Chilling Neigh|boost\n|-boost|p2b: Calyrex|atk|1\n|\n|-heal|p1a: Urshifu|49\/100|[from] Grassy Terrain\n|-heal|p2a: Raging Bolt|23\/100|[from] Grassy Terrain\n|upkeep\n|\n|t:|1739685471\n|switch|p1b: Landorus|Landorus, L50, M|100\/100\n|turn|5\n|\n|t:|1739685486\n|-terastallize|p2b: Calyrex|Normal\n|move|p2a: Raging Bolt|Thunderclap|p1a: Urshifu\n|-damage|p1a: Urshifu|0 fnt\n|faint|p1a: Urshifu\n|move|p1b: Landorus|Earth Power|p2b: Calyrex\n|-damage|p2b: Calyrex|57\/100\n|move|p2b: Calyrex|Glacial Lance|p1b: Landorus\n|-supereffective|p1b: Landorus\n|-enditem|p1b: Landorus|Focus Sash\n|-damage|p1b: Landorus|1\/100\n|\n|-heal|p2a: Raging Bolt|29\/100|[from] Grassy Terrain\n|-heal|p2b: Calyrex|62\/100|[from] Grassy Terrain\n|-fieldend|move: Grassy Terrain\n|upkeep\n|\n|t:|1739685501\n|switch|p1a: Rillaboom|Rillaboom, L50, F|55\/100\n|-fieldstart|move: Grassy Terrain|[from] ability: Grassy Surge|[of] p1a: Rillaboom\n|turn|6\n|\n|t:|1739685515\n|move|p2b: Calyrex|Protect|p2b: Calyrex\n|-singleturn|p2b: Calyrex|Protect\n|move|p1a: Rillaboom|Fake Out|p2b: Calyrex\n|-activate|p2b: Calyrex|move: Protect\n|move|p1b: Landorus|Earth Power|p2a: Raging Bolt\n|-supereffective|p2a: Raging Bolt\n|-damage|p2a: Raging Bolt|0 fnt\n|faint|p2a: Raging Bolt\n|-end|p2a: Raging Bolt|Protosynthesis|[silent]\n|\n|-heal|p1a: Rillaboom|61\/100|[from] Grassy Terrain\n|-heal|p2b: Calyrex|68\/100|[from] Grassy Terrain\n|upkeep\n|\n|t:|1739685524\n|switch|p2a: Urshifu|Urshifu-Rapid-Strike, L50, M|100\/100\n|turn|7\n|\n|t:|1739685534\n|move|p2a: Urshifu|Surging Strikes|p1b: Landorus\n|-supereffective|p1b: Landorus\n|-crit|p1b: Landorus\n|-damage|p1b: Landorus|0 fnt\n|faint|p1b: Landorus\n|-hitcount|p1: Landorus|1\n|move|p1a: Rillaboom|Wood Hammer|p2b: Calyrex\n|-damage|p2b: Calyrex|21\/100\n|-damage|p1a: Rillaboom|45\/100|[from] Recoil\n|move|p2b: Calyrex|Glacial Lance|p1a: Rillaboom\n|-supereffective|p1a: Rillaboom\n|-damage|p1a: Rillaboom|0 fnt\n|faint|p1a: Rillaboom\n|\n|win|chiefclarko11\n|raw|Jasondddd's rating: 1624 &rarr; <strong>1606<\/strong><br \/>(-18 for losing)\n|raw|chiefclarko11's rating: 1661 &rarr; <strong>1679<\/strong><br \/>(+18 for winning)\n|l|\u2606chiefclarko11\n|player|p2|\n|l|\u2606Jasondddd\n|player|p1|\n|j|\u2606Jasondddd\n|player|p1|Jasondddd|lucas|\n|l|\u2606Jasondddd\n|player|p1|\n|l| randoftw\n","uploadtime":1739685551,"views":5,"formatid":"gen9vgc2025regg","rating":1606,"private":0,"password":null}