{"id":"gen9vgc2025regg-2301987673","format":"[Gen 9] VGC 2025 Reg G","players":["biei2012-2022","Gi1796"],"log":"|j|\u2606biei2012-2022\n|j|\u2606Gi1796\n|t:|1739733848\n|gametype|doubles\n|player|p1|biei2012-2022|lillie-z|1711\n|player|p2|Gi1796|veteran|1658\n|teamsize|p1|6\n|teamsize|p2|6\n|gen|9\n|tier|[Gen 9] VGC 2025 Reg G\n|rated|\n|rule|Species Clause: Limit one of each Pok\u00e9mon\n|rule|Item Clause: Limit 1 of each item\n|clearpoke\n|poke|p1|Raging Bolt, L50|\n|poke|p1|Miraidon, L50|\n|poke|p1|Ogerpon-Hearthflame, L50, F|\n|poke|p1|Torkoal, L50, F|\n|poke|p1|Farigiraf, L50, M|\n|poke|p1|Ursaluna, L50, F|\n|poke|p2|Calyrex-Shadow, L50|\n|poke|p2|Mienshao, L50, M|\n|poke|p2|Urshifu-*, L50, F|\n|poke|p2|Incineroar, L50, F|\n|poke|p2|Rillaboom, L50, M|\n|poke|p2|Clefairy, L50, M|\n|teampreview|4\n|inactive|Battle timer is ON: inactive players will automatically lose when time's up. (requested by biei2012-2022)\nGi1796 has agreed to open team sheets.\n|j| futonkagebunshin\n|inactive|Gi1796 has 60 seconds left.\n|inactive|biei2012-2022 has 60 seconds left.\n|inactive|Gi1796 has 30 seconds left.\n|\n|t:|1739733913\n|start\n|switch|p1a: Miraidon|Miraidon, L50|100\/100\n|switch|p1b: Farigiraf|Farigiraf, L50, M|100\/100\n|switch|p2a: Calyrex|Calyrex-Shadow, L50|100\/100\n|switch|p2b: Incineroar|Incineroar, L50, F|100\/100\n|-ability|p2a: Calyrex|As One\n|-ability|p2a: Calyrex|Unnerve\n|-fieldstart|move: Electric Terrain|[from] ability: Hadron Engine|[of] p1a: Miraidon\n|-enditem|p1b: Farigiraf|Electric Seed\n|-boost|p1b: Farigiraf|def|1|[from] item: Electric Seed\n|-ability|p2b: Incineroar|Intimidate|boost\n|-unboost|p1a: Miraidon|atk|1\n|-unboost|p1b: Farigiraf|atk|1\n|turn|1\n|inactive|Gi1796 has 30 seconds left.\n|inactive|Gi1796 has 20 seconds left.\n|inactive|Gi1796 has 15 seconds left.\n|\n|t:|1739733956\n|switch|p2b: Rillaboom|Rillaboom, L50, M|100\/100\n|-fieldstart|move: Grassy Terrain|[from] ability: Grassy Surge|[of] p2b: Rillaboom\n|-terastallize|p2a: Calyrex|Fairy\n|move|p1b: Farigiraf|Helping Hand|p1a: Miraidon\n|-singleturn|p1a: Miraidon|Helping Hand|[of] p1b: Farigiraf\n|move|p2a: Calyrex|Calm Mind|p2a: Calyrex\n|-boost|p2a: Calyrex|spa|1\n|-boost|p2a: Calyrex|spd|1\n|move|p1a: Miraidon|Electro Drift|p2a: Calyrex\n|-damage|p2a: Calyrex|28\/100\n|\n|-heal|p2a: Calyrex|34\/100|[from] Grassy Terrain\n|upkeep\n|turn|2\n|j| 413XPlayz\n|j| UI Rain\n|inactive|Gi1796 has 30 seconds left.\n|inactive|Gi1796 has 20 seconds left.\n|\n|t:|1739733995\n|switch|p1a: Ursaluna|Ursaluna, L50, F|100\/100\n|move|p2a: Calyrex|Draining Kiss|p1a: Ursaluna\n|-damage|p1a: Ursaluna|60\/100\n|-heal|p2a: Calyrex|71\/100|[from] drain|[of] p1a: Ursaluna\n|move|p2b: Rillaboom|U-turn|p1b: Farigiraf\n|-supereffective|p1b: Farigiraf\n|-damage|p1b: Farigiraf|78\/100\n|\n|t:|1739734003\n|switch|p2b: Incineroar|Incineroar, L50, F|100\/100|[from] U-turn\n|-ability|p2b: Incineroar|Intimidate|boost\n|-unboost|p1a: Ursaluna|atk|1\n|-unboost|p1b: Farigiraf|atk|1\n|move|p1b: Farigiraf|Trick Room|p1b: Farigiraf\n|-fieldstart|move: Trick Room|[of] p1b: Farigiraf\n|\n|-heal|p1a: Ursaluna|66\/100|[from] Grassy Terrain\n|-heal|p1b: Farigiraf|84\/100|[from] Grassy Terrain\n|-heal|p2a: Calyrex|77\/100|[from] Grassy Terrain\n|-status|p1a: Ursaluna|brn|[from] item: Flame Orb\n|upkeep\n|turn|3\n|inactive|Gi1796 has 30 seconds left.\n|\n|t:|1739734036\n|switch|p2b: Clefairy|Clefairy, L50, M|100\/100\n|move|p2a: Calyrex|Protect|p2a: Calyrex\n|-singleturn|p2a: Calyrex|Protect\n|move|p1a: Ursaluna|Headlong Rush|p2b: Clefairy\n|-damage|p2b: Clefairy|43\/100\n|-unboost|p1a: Ursaluna|def|1\n|-unboost|p1a: Ursaluna|spd|1\n|move|p1b: Farigiraf|Psychic Noise|p2a: Calyrex\n|-activate|p2a: Calyrex|move: Protect\n|\n|-heal|p1a: Ursaluna|72\/100 brn|[from] Grassy Terrain\n|-heal|p2b: Clefairy|49\/100|[from] Grassy Terrain\n|-heal|p1b: Farigiraf|90\/100|[from] Grassy Terrain\n|-heal|p2a: Calyrex|83\/100|[from] Grassy Terrain\n|-damage|p1a: Ursaluna|66\/100 brn|[from] brn\n|upkeep\n|turn|4\n|inactive|biei2012-2022 has 30 seconds left.\n|inactive|Gi1796 has 30 seconds left.\n|\n|t:|1739734069\n|switch|p2b: Incineroar|Incineroar, L50, F|100\/100\n|-ability|p2b: Incineroar|Intimidate|boost\n|-unboost|p1a: Ursaluna|atk|1\n|-unboost|p1b: Farigiraf|atk|1\n|move|p1a: Ursaluna|Facade|p2b: Incineroar\n|-crit|p2b: Incineroar\n|-damage|p2b: Incineroar|0 fnt\n|faint|p2b: Incineroar\n|move|p1b: Farigiraf|Psychic Noise|p2a: Calyrex\n|-damage|p2a: Calyrex|66\/100\n|move|p2a: Calyrex|Draining Kiss|p1a: Ursaluna\n|-damage|p1a: Ursaluna|0 fnt\n|-heal|p2a: Calyrex|100\/100|[from] drain|[of] p1a: Ursaluna\n|faint|p1a: Ursaluna\n|-ability|p2a: Calyrex|Grim Neigh|boost\n|-boost|p2a: Calyrex|spa|1\n|\n|-heal|p1b: Farigiraf|96\/100|[from] Grassy Terrain\n|upkeep\n|c|\u2606biei2012-2022|\uff1f covert \uff1f\n|\n|t:|1739734092\n|switch|p1a: Raging Bolt|Raging Bolt, L50|100\/100\n|switch|p2b: Clefairy|Clefairy, L50, M|49\/100\n|turn|5\n|inactive|Gi1796 has 30 seconds left.\n|c|\u2606Gi1796|Ye\n|inactive|Gi1796 has 20 seconds left.\n|\n|t:|1739734129\n|switch|p1b: Miraidon|Miraidon, L50|100\/100\n|-fieldstart|move: Electric Terrain|[from] ability: Hadron Engine|[of] p1b: Miraidon\n|-terastallize|p1a: Raging Bolt|Electric\n|move|p2b: Clefairy|Sing|p1b: Miraidon\n|-activate|p1b: Miraidon|move: Electric Terrain\n|move|p1a: Raging Bolt|Rising Voltage|p2a: Calyrex\n|-hint|Rising Voltage's BP doubled on grounded target.\n|-damage|p2a: Calyrex|0 fnt\n|faint|p2a: Calyrex\n|-damage|p1a: Raging Bolt|91\/100|[from] item: Life Orb\n|\n|upkeep\n|\n|t:|1739734141\n|switch|p2a: Rillaboom|Rillaboom, L50, M|100\/100\n|-fieldstart|move: Grassy Terrain|[from] ability: Grassy Surge|[of] p2a: Rillaboom\n|turn|6\n|-message|Gi1796 forfeited.\n|\n|win|biei2012-2022\n|raw|biei2012-2022's rating: 1711 &rarr; <strong>1728<\/strong><br \/>(+17 for winning)\n|raw|Gi1796's rating: 1658 &rarr; <strong>1641<\/strong><br \/>(-17 for losing)\n|l|\u2606Gi1796\n|player|p2|\n|c|\u2606biei2012-2022|gg\n|l| futonkagebunshin\n","uploadtime":1739734292,"views":102,"formatid":"gen9vgc2025regg","rating":1641,"private":0,"password":null}