{"id":"gen9vgc2025regg-2301092816","format":"[Gen 9] VGC 2025 Reg G","players":["GholdAndGoHome","Ducktile"],"log":"|j|\u2606GholdAndGoHome\n|j|\u2606Ducktile\n|t:|1739592715\n|gametype|doubles\n|player|p1|GholdAndGoHome|102|1713\n|player|p2|Ducktile|grimsley|1612\n|teamsize|p1|6\n|teamsize|p2|6\n|gen|9\n|tier|[Gen 9] VGC 2025 Reg G\n|rated|\n|rule|Species Clause: Limit one of each Pok\u00e9mon\n|rule|Item Clause: Limit 1 of each item\n|clearpoke\n|poke|p1|Chien-Pao, L50|\n|poke|p1|Miraidon, L50|\n|poke|p1|Whimsicott, L50, M|\n|poke|p1|Entei, L50|\n|poke|p1|Iron Hands, L50|\n|poke|p1|Iron Treads, L50|\n|poke|p2|Tatsugiri, L50, F|\n|poke|p2|Chi-Yu, L50|\n|poke|p2|Dragonite, L50, F|\n|poke|p2|Dondozo, L50, M|\n|poke|p2|Gholdengo, L50|\n|poke|p2|Miraidon, L50|\n|teampreview|4\n|\n|t:|1739592729\n|start\n|switch|p1a: Iron Treads|Iron Treads, L50|100\/100\n|switch|p1b: Whimsicott|Whimsicott, L50, M|100\/100\n|switch|p2a: Chi-Yu|Chi-Yu, L50|100\/100\n|switch|p2b: Miraidon|Miraidon, L50|100\/100\n|-fieldstart|move: Electric Terrain|[from] ability: Hadron Engine|[of] p2b: Miraidon\n|-activate|p1a: Iron Treads|ability: Quark Drive\n|-start|p1a: Iron Treads|quarkdrivespe\n|-ability|p2a: Chi-Yu|Beads of Ruin\n|turn|1\n|\n|t:|1739592749\n|move|p1b: Whimsicott|Tailwind|p1b: Whimsicott\n|-sidestart|p1: GholdAndGoHome|move: Tailwind\n|move|p1a: Iron Treads|High Horsepower|p2a: Chi-Yu\n|-supereffective|p2a: Chi-Yu\n|-enditem|p2a: Chi-Yu|Focus Sash\n|-damage|p2a: Chi-Yu|1\/100\n|-damage|p1a: Iron Treads|91\/100|[from] item: Life Orb\n|move|p2b: Miraidon|Dazzling Gleam|p1a: Iron Treads|[spread] p1a,p1b\n|-resisted|p1a: Iron Treads\n|-damage|p1a: Iron Treads|64\/100\n|-damage|p1b: Whimsicott|51\/100\n|move|p2a: Chi-Yu|Heat Wave|p1b: Whimsicott|[spread] p1a\n|-miss|p2a: Chi-Yu|p1b: Whimsicott\n|-supereffective|p1a: Iron Treads\n|-damage|p1a: Iron Treads|0 fnt\n|faint|p1a: Iron Treads\n|-end|p1a: Iron Treads|Quark Drive|[silent]\n|\n|upkeep\n|inactive|Battle timer is ON: inactive players will automatically lose when time's up. (requested by GholdAndGoHome)\n|\n|t:|1739592759\n|switch|p1a: Miraidon|Miraidon, L50|100\/100\n|-activate|p1a: Miraidon|ability: Hadron Engine\n|turn|2\n|\n|t:|1739592781\n|-terastallize|p1a: Miraidon|Fairy\n|move|p1a: Miraidon|Dazzling Gleam|p2a: Chi-Yu|[spread] p2a,p2b\n|-supereffective|p2b: Miraidon\n|-damage|p2a: Chi-Yu|0 fnt\n|-damage|p2b: Miraidon|6\/100\n|faint|p2a: Chi-Yu\n|move|p1b: Whimsicott|Moonblast|p2b: Miraidon\n|-supereffective|p2b: Miraidon\n|-damage|p2b: Miraidon|0 fnt\n|faint|p2b: Miraidon\n|\n|upkeep\n|\n|t:|1739592787\n|switch|p2b: Tatsugiri|Tatsugiri, L50, F|100\/100\n|switch|p2a: Dondozo|Dondozo, L50, M|100\/100\n|-activate|p2b: Tatsugiri|ability: Commander|[of] p2a: Dondozo\n|-boost|p2a: Dondozo|atk|2\n|-boost|p2a: Dondozo|spa|2\n|-boost|p2a: Dondozo|spe|2\n|-boost|p2a: Dondozo|def|2\n|-boost|p2a: Dondozo|spd|2\n|turn|3\n|\n|t:|1739592791\n|switch|p1a: Entei|Entei, L50|100\/100\n|-terastallize|p2a: Dondozo|Grass\n|move|p1b: Whimsicott|Moonblast|p2a: Dondozo\n|-crit|p2a: Dondozo\n|-damage|p2a: Dondozo|59\/100\n|move|p2a: Dondozo|Earthquake|p1b: Whimsicott|[spread] p1a,p1b\n|-miss|p2a: Dondozo|p2b: Tatsugiri\n|-supereffective|p1a: Entei\n|-resisted|p1b: Whimsicott\n|-damage|p1a: Entei|11\/100\n|-damage|p1b: Whimsicott|24\/100\n|\n|-heal|p2a: Dondozo|65\/100|[from] item: Leftovers\n|upkeep\n|turn|4\n|\n|t:|1739592811\n|move|p1b: Whimsicott|Moonblast|p2a: Dondozo\n|-damage|p2a: Dondozo|52\/100\n|move|p1a: Entei|Sacred Fire|p2a: Dondozo\n|-supereffective|p2a: Dondozo\n|-damage|p2a: Dondozo|0 fnt\n|faint|p2a: Dondozo\n|\n|-sideend|p1: GholdAndGoHome|move: Tailwind\n|upkeep\n|turn|5\n|\n|t:|1739592820\n|move|p1b: Whimsicott|Tailwind|p1b: Whimsicott\n|-sidestart|p1: GholdAndGoHome|move: Tailwind\n|move|p1a: Entei|Sacred Fire|p2b: Tatsugiri\n|-resisted|p2b: Tatsugiri\n|-damage|p2b: Tatsugiri|75\/100\n|move|p2b: Tatsugiri|Muddy Water|p1a: Entei|[spread] p1a\n|-miss|p2b: Tatsugiri|p1b: Whimsicott\n|-supereffective|p1a: Entei\n|-damage|p1a: Entei|0 fnt\n|faint|p1a: Entei\n|\n|-fieldend|move: Electric Terrain\n|upkeep\n|\n|t:|1739592821\n|switch|p1a: Miraidon|Miraidon, L50, tera:Fairy|100\/100\n|-fieldstart|move: Electric Terrain|[from] ability: Hadron Engine|[of] p1a: Miraidon\n|turn|6\n|\n|t:|1739592826\n|move|p1a: Miraidon|Electro Drift|p2b: Tatsugiri\n|-damage|p2b: Tatsugiri|0 fnt\n|faint|p2b: Tatsugiri\n|\n|win|GholdAndGoHome\n|raw|GholdAndGoHome's rating: 1713 &rarr; <strong>1727<\/strong><br \/>(+14 for winning)\n|raw|Ducktile's rating: 1612 &rarr; <strong>1598<\/strong><br \/>(-14 for losing)\n|l|\u2606Ducktile\n|player|p2|\n","uploadtime":1739593096,"views":5,"formatid":"gen9vgc2025regg","rating":1598,"private":0,"password":null}