{"id":"gen9vgc2025regg-2301827481","format":"[Gen 9] VGC 2025 Reg G","players":["Podsmalls51","Luca8"],"log":"|j|\u2606Podsmalls51\n|j|\u2606Luca8\n|t:|1739713203\n|gametype|doubles\n|player|p1|Podsmalls51|gentleman-gen4|1551\n|player|p2|Luca8|flint|1644\n|teamsize|p1|6\n|teamsize|p2|6\n|gen|9\n|tier|[Gen 9] VGC 2025 Reg G\n|rated|\n|rule|Species Clause: Limit one of each Pok\u00e9mon\n|rule|Item Clause: Limit 1 of each item\n|clearpoke\n|poke|p1|Zacian-*, L50|\n|poke|p1|Grimmsnarl, L50, M|\n|poke|p1|Flutter Mane, L50|\n|poke|p1|Chi-Yu, L50|\n|poke|p1|Ogerpon-Wellspring, L50, F|\n|poke|p1|Regidrago, L50|\n|poke|p2|Miraidon, L50|\n|poke|p2|Whimsicott, L50, M|\n|poke|p2|Farigiraf, L50, M|\n|poke|p2|Urshifu-*, L50, M|\n|poke|p2|Iron Valiant, L50|\n|poke|p2|Iron Crown, L50|\n|teampreview|4\n|inactive|Battle timer is ON: inactive players will automatically lose when time's up. (requested by Luca8)\n|\n|t:|1739713245\n|start\n|switch|p1a: Grimmsnarl|Grimmsnarl, L50, M|100\/100\n|switch|p1b: Flutter Mane|Flutter Mane, L50|100\/100\n|switch|p2a: Iron Valiant|Iron Valiant, L50|100\/100\n|switch|p2b: Whimsicott|Whimsicott, L50, M|100\/100\n|-enditem|p1b: Flutter Mane|Booster Energy\n|-activate|p1b: Flutter Mane|ability: Protosynthesis|[fromitem]\n|-start|p1b: Flutter Mane|protosynthesisspe\n|turn|1\n|\n|t:|1739713267\n|-terastallize|p2a: Iron Valiant|Steel\n|move|p1a: Grimmsnarl|Reflect|p1a: Grimmsnarl\n|-sidestart|p1: Podsmalls51|Reflect\n|move|p1b: Flutter Mane|Dazzling Gleam|p2b: Whimsicott|[spread] p2a,p2b\n|-resisted|p2a: Iron Valiant\n|-damage|p2a: Iron Valiant|74\/100\n|-damage|p2b: Whimsicott|52\/100\n|move|p2b: Whimsicott|Moonblast|p1a: Grimmsnarl\n|-supereffective|p1a: Grimmsnarl\n|-damage|p1a: Grimmsnarl|41\/100\n|-unboost|p1a: Grimmsnarl|spa|1\n|move|p2a: Iron Valiant|Icy Wind|p1a: Grimmsnarl|[spread] p1a,p1b\n|-damage|p1a: Grimmsnarl|25\/100\n|-damage|p1b: Flutter Mane|81\/100\n|-unboost|p1a: Grimmsnarl|spe|1\n|-unboost|p1b: Flutter Mane|spe|1\n|\n|upkeep\n|turn|2\n|inactive|Luca8 has 30 seconds left.\n|\n|t:|1739713296\n|move|p2b: Whimsicott|Tailwind|p2b: Whimsicott\n|-sidestart|p2: Luca8|move: Tailwind\n|move|p1a: Grimmsnarl|Light Screen|p1a: Grimmsnarl\n|-sidestart|p1: Podsmalls51|move: Light Screen\n|move|p2a: Iron Valiant|Icy Wind|p1a: Grimmsnarl|[spread] p1a,p1b\n|-damage|p1a: Grimmsnarl|14\/100\n|-damage|p1b: Flutter Mane|67\/100\n|-unboost|p1a: Grimmsnarl|spe|1\n|-unboost|p1b: Flutter Mane|spe|1\n|move|p1b: Flutter Mane|Shadow Ball|p2a: Iron Valiant\n|-damage|p2a: Iron Valiant|3\/100\n|-unboost|p2a: Iron Valiant|spd|1\n|\n|upkeep\n|turn|3\n|\n|t:|1739713315\n|move|p1a: Grimmsnarl|Thunder Wave|p2b: Whimsicott\n|-status|p2b: Whimsicott|par\n|move|p2a: Iron Valiant|Icy Wind|p1a: Grimmsnarl|[spread] p1a,p1b\n|-damage|p1a: Grimmsnarl|4\/100\n|-damage|p1b: Flutter Mane|54\/100\n|-unboost|p1a: Grimmsnarl|spe|1\n|-unboost|p1b: Flutter Mane|spe|1\n|move|p2b: Whimsicott|Moonblast|p1b: Flutter Mane\n|-damage|p1b: Flutter Mane|30\/100\n|move|p1b: Flutter Mane|Dazzling Gleam|p2a: Iron Valiant|[spread] p2a,p2b\n|-resisted|p2a: Iron Valiant\n|-damage|p2a: Iron Valiant|0 fnt\n|-damage|p2b: Whimsicott|0 fnt\n|faint|p2a: Iron Valiant\n|-end|p2a: Iron Valiant|Quark Drive|[silent]\n|faint|p2b: Whimsicott\n|\n|upkeep\n|\n|t:|1739713333\n|switch|p2b: Miraidon|Miraidon, L50|100\/100\n|switch|p2a: Urshifu|Urshifu-Rapid-Strike, L50, M|100\/100\n|-fieldstart|move: Electric Terrain|[from] ability: Hadron Engine|[of] p2b: Miraidon\n|turn|4\n|\n|t:|1739713348\n|move|p1a: Grimmsnarl|Thunder Wave|p2a: Urshifu\n|-status|p2a: Urshifu|par\n|move|p2b: Miraidon|Dazzling Gleam|p1b: Flutter Mane|[spread] p1a,p1b\n|-supereffective|p1a: Grimmsnarl\n|-damage|p1a: Grimmsnarl|0 fnt\n|-damage|p1b: Flutter Mane|10\/100\n|faint|p1a: Grimmsnarl\n|move|p2a: Urshifu|Surging Strikes|p1b: Flutter Mane\n|-crit|p1b: Flutter Mane\n|-damage|p1b: Flutter Mane|0 fnt\n|faint|p1b: Flutter Mane\n|-end|p1b: Flutter Mane|Protosynthesis|[silent]\n|-hitcount|p1: Flutter Mane|1\n|\n|upkeep\n|\n|t:|1739713359\n|switch|p1b: Chi-Yu|Chi-Yu, L50|100\/100\n|switch|p1a: Zacian|Zacian-Crowned, L50|100\/100\n|-ability|p1a: Zacian|Intrepid Sword|boost\n|-boost|p1a: Zacian|atk|1\n|-ability|p1b: Chi-Yu|Beads of Ruin\n|turn|5\n|\n|t:|1739713372\n|move|p2b: Miraidon|Electro Drift|p1a: Zacian\n|-damage|p1a: Zacian|12\/100\n|move|p2a: Urshifu|Surging Strikes|p1b: Chi-Yu\n|-supereffective|p1b: Chi-Yu\n|-crit|p1b: Chi-Yu\n|-damage|p1b: Chi-Yu|30\/100\n|-supereffective|p1b: Chi-Yu\n|-crit|p1b: Chi-Yu\n|-damage|p1b: Chi-Yu|0 fnt\n|faint|p1b: Chi-Yu\n|-hitcount|p1: Chi-Yu|2\n|move|p1a: Zacian|Play Rough|p2b: Miraidon|[miss]\n|-miss|p1a: Zacian|p2b: Miraidon\n|\n|-sideend|p2: Luca8|move: Tailwind\n|upkeep\n|turn|6\n|\n|t:|1739713395\n|move|p1a: Zacian|Play Rough|p2b: Miraidon\n|-supereffective|p2b: Miraidon\n|-crit|p2b: Miraidon\n|-damage|p2b: Miraidon|0 fnt\n|faint|p2b: Miraidon\n|cant|p2a: Urshifu|par\n|\n|upkeep\n|turn|7\n|\n|t:|1739713403\n|move|p1a: Zacian|Play Rough|p2a: Urshifu\n|-supereffective|p2a: Urshifu\n|-damage|p2a: Urshifu|0 fnt\n|faint|p2a: Urshifu\n|\n|win|Podsmalls51\n|raw|Podsmalls51's rating: 1551 &rarr; <strong>1576<\/strong><br \/>(+25 for winning)\n|raw|Luca8's rating: 1644 &rarr; <strong>1619<\/strong><br \/>(-25 for losing)\n|l|\u2606Luca8\n|player|p2|\n|l|\u2606Podsmalls51\n|player|p1|\n","uploadtime":1739713615,"views":5,"formatid":"gen9vgc2025regg","rating":1576,"private":0,"password":null}