{"id":"gen9vgc2025regg-2301500714","format":"[Gen 9] VGC 2025 Reg G","players":["NyxArcana13","nerd159"],"log":"|j|\u2606NyxArcana13\n|j|\u2606nerd159\n|t:|1739658031\n|gametype|doubles\n|player|p1|NyxArcana13|grimsley|1567\n|player|p2|nerd159|1|1532\n|teamsize|p1|6\n|teamsize|p2|6\n|gen|9\n|tier|[Gen 9] VGC 2025 Reg G\n|rated|\n|rule|Species Clause: Limit one of each Pok\u00e9mon\n|rule|Item Clause: Limit 1 of each item\n|clearpoke\n|poke|p1|Calyrex-Shadow, L50|\n|poke|p1|Indeedee-F, L50, F|\n|poke|p1|Urshifu-*, L50, F|\n|poke|p1|Weezing-Galar, L50, F|\n|poke|p1|Dondozo, L50, F|\n|poke|p1|Tatsugiri-Droopy, L50, F|\n|poke|p2|Eternatus, L50|\n|poke|p2|Chien-Pao, L50|\n|poke|p2|Tinkaton, L50, F|\n|poke|p2|Kingambit, L50, F|\n|poke|p2|Farigiraf, L50, F|\n|poke|p2|Urshifu-*, L50, M|\n|teampreview|4\n|inactive|Battle timer is ON: inactive players will automatically lose when time's up. (requested by NyxArcana13)\n|inactive|NyxArcana13 has 60 seconds left.\n|\n|t:|1739658064\n|start\n|switch|p1a: Calyrex|Calyrex-Shadow, L50|100\/100\n|switch|p1b: Indeedee|Indeedee-F, L50, F|100\/100\n|switch|p2a: Eternatus|Eternatus, L50|100\/100\n|switch|p2b: Chien-Pao|Chien-Pao, L50|100\/100\n|-ability|p1a: Calyrex|As One\n|-ability|p1a: Calyrex|Unnerve\n|-ability|p2b: Chien-Pao|Sword of Ruin\n|-ability|p2a: Eternatus|Pressure\n|-fieldstart|move: Psychic Terrain|[from] ability: Psychic Surge|[of] p1b: Indeedee\n|-enditem|p1b: Indeedee|Psychic Seed\n|-boost|p1b: Indeedee|spd|1|[from] item: Psychic Seed\n|turn|1\n|j| mr pogostick\n|\n|t:|1739658076\n|switch|p2a: Kingambit|Kingambit, L50, F, shiny|100\/100\n|move|p1b: Indeedee|Follow Me|p1b: Indeedee\n|-singleturn|p1b: Indeedee|move: Follow Me\n|move|p1a: Calyrex|Expanding Force|p2a: Kingambit|[spread] \n|-immune|p2a: Kingambit\n|-immune|p2b: Chien-Pao\n|move|p2b: Chien-Pao|Ice Spinner|p1b: Indeedee\n|-damage|p1b: Indeedee|46\/100\n|-fieldend|move: Psychic Terrain\n|\n|upkeep\n|turn|2\n|\n|t:|1739658084\n|move|p1b: Indeedee|Follow Me|p1b: Indeedee\n|-singleturn|p1b: Indeedee|move: Follow Me\n|move|p1a: Calyrex|Astral Barrage|p2a: Kingambit|[spread] p2a,p2b\n|-resisted|p2a: Kingambit\n|-resisted|p2b: Chien-Pao\n|-damage|p2a: Kingambit|64\/100\n|-damage|p2b: Chien-Pao|42\/100\n|-damage|p1a: Calyrex|91\/100|[from] item: Life Orb\n|move|p2b: Chien-Pao|Ice Spinner|p1b: Indeedee\n|-damage|p1b: Indeedee|0 fnt\n|faint|p1b: Indeedee\n|move|p2a: Kingambit|Iron Head|p1a: Calyrex\n|-damage|p1a: Calyrex|22\/100\n|\n|upkeep\n|\n|t:|1739658096\n|switch|p1b: Dondozo|Dondozo, L50, F, shiny|100\/100\n|turn|3\n|\n|t:|1739658108\n|switch|p1a: Tatsugiri|Tatsugiri-Droopy, L50, F, shiny|100\/100\n|-activate|p1a: Tatsugiri|ability: Commander|[of] p1b: Dondozo\n|-boost|p1b: Dondozo|atk|2\n|-boost|p1b: Dondozo|spa|2\n|-boost|p1b: Dondozo|spe|2\n|-boost|p1b: Dondozo|def|2\n|-boost|p1b: Dondozo|spd|2\n|move|p2a: Kingambit|Protect|p2a: Kingambit\n|-singleturn|p2a: Kingambit|Protect\n|move|p2b: Chien-Pao|Sacred Sword|p1b: Dondozo\n|-damage|p1b: Dondozo|78\/100\n|move|p1b: Dondozo|Order Up|p2b: Chien-Pao\n|-damage|p2b: Chien-Pao|0 fnt\n|faint|p2b: Chien-Pao\n|-boost|p1b: Dondozo|def|1\n|\n|-heal|p1b: Dondozo|84\/100|[from] item: Leftovers\n|upkeep\n|\n|t:|1739658121\n|switch|p2b: Eternatus|Eternatus, L50|100\/100\n|-ability|p2b: Eternatus|Pressure\n|turn|4\n|\n|t:|1739658130\n|-terastallize|p2b: Eternatus|Poison\n|move|p1b: Dondozo|Protect|p1b: Dondozo\n|-singleturn|p1b: Dondozo|Protect\n|move|p2b: Eternatus|Sludge Bomb|p1b: Dondozo\n|-activate|p1b: Dondozo|move: Protect\n|move|p2a: Kingambit|Kowtow Cleave|p1b: Dondozo\n|-activate|p1b: Dondozo|move: Protect\n|\n|-heal|p1b: Dondozo|90\/100|[from] item: Leftovers\n|upkeep\n|turn|5\n|\n|t:|1739658144\n|move|p2b: Eternatus|Sludge Bomb|p1b: Dondozo\n|-damage|p1b: Dondozo|43\/100\n|move|p1b: Dondozo|Body Press|p2a: Kingambit\n|-supereffective|p2a: Kingambit\n|-damage|p2a: Kingambit|0 fnt\n|faint|p2a: Kingambit\n|\n|-heal|p1b: Dondozo|50\/100|[from] item: Leftovers\n|upkeep\n|\n|t:|1739658147\n|switch|p2a: Farigiraf|Farigiraf, L50, F|100\/100\n|turn|6\n|\n|t:|1739658158\n|move|p1b: Dondozo|Protect|p1b: Dondozo\n|-singleturn|p1b: Dondozo|Protect\n|move|p2b: Eternatus|Sludge Bomb|p1b: Dondozo\n|-activate|p1b: Dondozo|move: Protect\n|move|p2a: Farigiraf|Hyper Voice|p1a: Tatsugiri|[spread] \n|-miss|p2a: Farigiraf|p1a: Tatsugiri\n|-activate|p1b: Dondozo|move: Protect\n|\n|-heal|p1b: Dondozo|56\/100|[from] item: Leftovers\n|upkeep\n|turn|7\n|\n|t:|1739658170\n|move|p2b: Eternatus|Sludge Bomb|p1b: Dondozo\n|-damage|p1b: Dondozo|8\/100\n|move|p1b: Dondozo|Body Press|p2a: Farigiraf\n|-damage|p2a: Farigiraf|29\/100\n|move|p2a: Farigiraf|Trick Room|p2a: Farigiraf\n|-fieldstart|move: Trick Room|[of] p2a: Farigiraf\n|\n|-heal|p1b: Dondozo|14\/100|[from] item: Leftovers\n|upkeep\n|turn|8\n|\n|t:|1739658180\n|move|p1b: Dondozo|Protect|p1b: Dondozo\n|-singleturn|p1b: Dondozo|Protect\n|move|p2a: Farigiraf|Psychic|p1b: Dondozo\n|-activate|p1b: Dondozo|move: Protect\n|move|p2b: Eternatus|Sludge Bomb|p1b: Dondozo\n|-activate|p1b: Dondozo|move: Protect\n|\n|-heal|p1b: Dondozo|20\/100|[from] item: Leftovers\n|upkeep\n|turn|9\n|\n|t:|1739658188\n|move|p2a: Farigiraf|Psychic|p1b: Dondozo\n|-damage|p1b: Dondozo|0 fnt\n|faint|p1b: Dondozo\n|move|p2b: Eternatus|Sludge Bomb|p1a: Tatsugiri\n|-enditem|p1a: Tatsugiri|Focus Sash\n|-damage|p1a: Tatsugiri|1\/100\n|-status|p1a: Tatsugiri|psn\n|\n|-damage|p1a: Tatsugiri|0 fnt|[from] psn\n|faint|p1a: Tatsugiri\n|upkeep\n|\n|t:|1739658194\n|switch|p1b: Calyrex|Calyrex-Shadow, L50|22\/100\n|-ability|p1b: Calyrex|As One\n|-ability|p1b: Calyrex|Unnerve\n|turn|10\n|\n|t:|1739658200\n|-terastallize|p1b: Calyrex|Dark\n|move|p2a: Farigiraf|Psychic|p1b: Calyrex\n|-immune|p1b: Calyrex\n|move|p2b: Eternatus|Sludge Bomb|p1b: Calyrex\n|-damage|p1b: Calyrex|0 fnt\n|faint|p1b: Calyrex\n|\n|win|nerd159\n|raw|NyxArcana13's rating: 1567 &rarr; <strong>1545<\/strong><br \/>(-22 for losing)\n|raw|nerd159's rating: 1532 &rarr; <strong>1554<\/strong><br \/>(+22 for winning)\n|l|\u2606nerd159\n|player|p2|\n|l|\u2606NyxArcana13\n|player|p1|\n|l| mr pogostick\n","uploadtime":1739658454,"views":9,"formatid":"gen9vgc2025regg","rating":1545,"private":0,"password":null}