{"id":"gen9vgc2025regg-2301405515","format":"[Gen 9] VGC 2025 Reg G","players":["Vianex","cela9"],"log":"|j|\u2606Vianex\n|j|\u2606cela9\n|t:|1739646331\n|gametype|doubles\n|player|p1|Vianex|pokemaniac|1602\n|player|p2|cela9|265|1584\n|teamsize|p1|6\n|teamsize|p2|6\n|gen|9\n|tier|[Gen 9] VGC 2025 Reg G\n|rated|\n|rule|Species Clause: Limit one of each Pok\u00e9mon\n|rule|Item Clause: Limit 1 of each item\n|clearpoke\n|poke|p1|Kyogre, L50|\n|poke|p1|Tornadus, L50, M|\n|poke|p1|Flutter Mane, L50|\n|poke|p1|Raichu, L50, F|\n|poke|p1|Dondozo, L50, M|\n|poke|p1|Tatsugiri, L50, M|\n|poke|p2|Calyrex-Shadow, L50|\n|poke|p2|Mienshao, L50, F|\n|poke|p2|Rillaboom, L50, F|\n|poke|p2|Chi-Yu, L50|\n|poke|p2|Flutter Mane, L50|\n|poke|p2|Ogerpon-Wellspring, L50, F|\n|teampreview|4\n|inactive|Battle timer is ON: inactive players will automatically lose when time's up. (requested by Vianex)\n|\n|t:|1739646425\n|start\n|switch|p1a: Kyogre|Kyogre, L50|100\/100\n|switch|p1b: Tornadus|Tornadus, L50, M|100\/100\n|switch|p2a: Rillaboom|Rillaboom, L50, F|100\/100\n|switch|p2b: Flutter Mane|Flutter Mane, L50|100\/100\n|-weather|RainDance|[from] ability: Drizzle|[of] p1a: Kyogre\n|-fieldstart|move: Grassy Terrain|[from] ability: Grassy Surge|[of] p2a: Rillaboom\n|-enditem|p2b: Flutter Mane|Booster Energy\n|-activate|p2b: Flutter Mane|ability: Protosynthesis|[fromitem]\n|-start|p2b: Flutter Mane|protosynthesisspe\n|turn|1\n|\n|t:|1739646446\n|-terastallize|p1a: Kyogre|Ghost\n|move|p2b: Flutter Mane|Icy Wind|p1a: Kyogre|[spread] p1a,p1b\n|-supereffective|p1b: Tornadus\n|-damage|p1a: Kyogre|92\/100\n|-damage|p1b: Tornadus|70\/100\n|-unboost|p1a: Kyogre|spe|1\n|-unboost|p1b: Tornadus|spe|1\n|move|p1b: Tornadus|Bleakwind Storm|p2a: Rillaboom|[spread] p2a,p2b\n|-supereffective|p2a: Rillaboom\n|-damage|p2a: Rillaboom|57\/100\n|-damage|p2b: Flutter Mane|72\/100\n|-unboost|p2a: Rillaboom|spe|1\n|move|p1a: Kyogre|Origin Pulse|p2a: Rillaboom|[spread] p2a,p2b\n|-resisted|p2a: Rillaboom\n|-damage|p2a: Rillaboom|23\/100\n|-damage|p2b: Flutter Mane|0 fnt\n|faint|p2b: Flutter Mane\n|-end|p2b: Flutter Mane|Protosynthesis|[silent]\n|move|p2a: Rillaboom|Wood Hammer|p1a: Kyogre\n|-damage|p1a: Kyogre|10\/100\n|-damage|p2a: Rillaboom|0 fnt|[from] Recoil\n|faint|p2a: Rillaboom\n|\n|-weather|RainDance|[upkeep]\n|-heal|p1a: Kyogre|16\/100|[from] Grassy Terrain\n|upkeep\n|\n|t:|1739646461\n|switch|p2b: Ogerpon|Ogerpon-Wellspring, L50, F|100\/100\n|switch|p2a: Calyrex|Calyrex-Shadow, L50|100\/100\n|-ability|p2a: Calyrex|As One\n|-ability|p2a: Calyrex|Unnerve\n|turn|2\n|\n|t:|1739646470\n|-terastallize|p2a: Calyrex|Fairy\n|move|p2b: Ogerpon|Spiky Shield|p2b: Ogerpon\n|-singleturn|p2b: Ogerpon|move: Protect\n|move|p1b: Tornadus|Tailwind|p1b: Tornadus\n|-sidestart|p1: Vianex|move: Tailwind\n|move|p2a: Calyrex|Astral Barrage|p1b: Tornadus|[spread] p1a,p1b\n|-supereffective|p1a: Kyogre\n|-damage|p1a: Kyogre|0 fnt\n|-damage|p1b: Tornadus|17\/100\n|faint|p1a: Kyogre\n|-ability|p2a: Calyrex|Grim Neigh|boost\n|-boost|p2a: Calyrex|spa|1\n|\n|-weather|RainDance|[upkeep]\n|upkeep\n|\n|t:|1739646488\n|switch|p1a: Tatsugiri|Tatsugiri, L50, M|100\/100\n|turn|3\n|\n|t:|1739646506\n|move|p1a: Tatsugiri|Draco Meteor|p2b: Ogerpon\n|-damage|p2b: Ogerpon|35\/100\n|-unboost|p1a: Tatsugiri|spa|2\n|move|p1b: Tornadus|Hurricane|p2b: Ogerpon\n|-supereffective|p2b: Ogerpon\n|-damage|p2b: Ogerpon|0 fnt\n|faint|p2b: Ogerpon\n|move|p2a: Calyrex|Astral Barrage|p1b: Tornadus|[spread] p1a,p1b\n|-damage|p1a: Tatsugiri|2\/100\n|-damage|p1b: Tornadus|0 fnt\n|faint|p1b: Tornadus\n|-ability|p2a: Calyrex|Grim Neigh|boost\n|-boost|p2a: Calyrex|spa|1\n|\n|-weather|RainDance|[upkeep]\n|-heal|p1a: Tatsugiri|7\/100|[from] Grassy Terrain\n|upkeep\n|\n|t:|1739646509\n|switch|p1b: Dondozo|Dondozo, L50, M|100\/100\n|-activate|p1a: Tatsugiri|ability: Commander|[of] p1b: Dondozo\n|-boost|p1b: Dondozo|atk|2\n|-boost|p1b: Dondozo|spa|2\n|-boost|p1b: Dondozo|spe|2\n|-boost|p1b: Dondozo|def|2\n|-boost|p1b: Dondozo|spd|2\n|turn|4\n|\n|t:|1739646521\n|move|p2a: Calyrex|Protect|p2a: Calyrex\n|-singleturn|p2a: Calyrex|Protect\n|move|p1b: Dondozo|Waterfall|p2a: Calyrex\n|-activate|p2a: Calyrex|move: Protect\n|\n|-weather|RainDance|[upkeep]\n|-heal|p1a: Tatsugiri|13\/100|[from] Grassy Terrain\n|upkeep\n|turn|5\n|\n|t:|1739646529\n|move|p1b: Dondozo|Waterfall|p2a: Calyrex\n|-damage|p2a: Calyrex|14\/100\n|cant|p2a: Calyrex|flinch\n|\n|-weather|none\n|-heal|p1a: Tatsugiri|19\/100|[from] Grassy Terrain\n|-heal|p2a: Calyrex|20\/100|[from] Grassy Terrain\n|-sideend|p1: Vianex|move: Tailwind\n|-fieldend|move: Grassy Terrain\n|upkeep\n|turn|6\n|\n|t:|1739646536\n|move|p2a: Calyrex|Astral Barrage|p1b: Dondozo|[spread] p1b\n|-miss|p2a: Calyrex|p1a: Tatsugiri\n|-damage|p1b: Dondozo|81\/100\n|move|p1b: Dondozo|Waterfall|p2a: Calyrex\n|-damage|p2a: Calyrex|0 fnt\n|faint|p2a: Calyrex\n|\n|win|Vianex\n|raw|Vianex's rating: 1602 &rarr; <strong>1621<\/strong><br \/>(+19 for winning)\n|raw|cela9's rating: 1584 &rarr; <strong>1565<\/strong><br \/>(-19 for losing)\n|l|\u2606cela9\n|player|p2|\n|l|\u2606Vianex\n|player|p1|\n","uploadtime":1739646725,"views":5,"formatid":"gen9vgc2025regg","rating":1565,"private":0,"password":null}