{"id":"gen9vgc2025regg-2301383479","format":"[Gen 9] VGC 2025 Reg G","players":["4arms2001","zrofs"],"log":"|j|\u26064arms2001\n|j|\u2606zrofs\n|t:|1739643586\n|gametype|doubles\n|player|p1|4arms2001|169|1638\n|player|p2|zrofs|steven|1617\n|teamsize|p1|6\n|teamsize|p2|6\n|gen|9\n|tier|[Gen 9] VGC 2025 Reg G\n|rated|\n|rule|Species Clause: Limit one of each Pok\u00e9mon\n|rule|Item Clause: Limit 1 of each item\n|clearpoke\n|poke|p1|Smeargle, L50, M|\n|poke|p1|Calyrex-Ice, L50|\n|poke|p1|Indeedee-F, L50, F|\n|poke|p1|Amoonguss, L50, F|\n|poke|p1|Ursaluna-Bloodmoon, L50, M|\n|poke|p1|Torkoal, L50, F|\n|poke|p2|Terapagos, L50, M|\n|poke|p2|Sinistcha, L50|\n|poke|p2|Rillaboom, L50, F|\n|poke|p2|Incineroar, L50, F|\n|poke|p2|Annihilape, L50, M|\n|poke|p2|Maushold, L50|\n|teampreview|4\n|\n|t:|1739643653\n|start\n|switch|p1a: Calyrex|Calyrex-Ice, L50|100\/100\n|switch|p1b: Smeargle|Smeargle, L50, M|100\/100\n|switch|p2a: Terapagos|Terapagos, L50, M|100\/100\n|switch|p2b: Maushold|Maushold, L50|100\/100\n|-activate|p2a: Terapagos|ability: Tera Shift\n|detailschange|p2a: Terapagos|Terapagos-Terastal, L50, M\n|-heal|p2a: Terapagos|100\/100|[silent]\n|-ability|p1a: Calyrex|As One\n|-ability|p1a: Calyrex|Unnerve\n|turn|1\n|inactive|Battle timer is ON: inactive players will automatically lose when time's up. (requested by zrofs)\n|\n|t:|1739643676\n|move|p2b: Maushold|Taunt|p1a: Calyrex\n|-start|p1a: Calyrex|move: Taunt\n|move|p1b: Smeargle|Spore|p2a: Terapagos\n|-status|p2a: Terapagos|slp|[from] move: Spore\n|cant|p2a: Terapagos|slp\n|move|p1a: Calyrex|Glacial Lance|p2b: Maushold|[spread] p2a,p2b\n|-activate|p2a: Terapagos|ability: Tera Shell\n|-resisted|p2a: Terapagos\n|-damage|p2a: Terapagos|81\/100 slp\n|-damage|p2b: Maushold|19\/100\n|\n|-ability|p1b: Smeargle|Moody|boost\n|-boost|p1b: Smeargle|spd|2\n|-unboost|p1b: Smeargle|spa|1\n|upkeep\n|turn|2\n|inactive|zrofs has 30 seconds left.\n|\n|t:|1739643704\n|switch|p2a: Incineroar|Incineroar, L50, F|100\/100\n|-ability|p2a: Incineroar|Intimidate|boost\n|-fail|p1a: Calyrex|unboost|[from] item: Clear Amulet|[of] p1a: Calyrex\n|-unboost|p1b: Smeargle|atk|1\n|move|p2b: Maushold|Protect|p2b: Maushold\n|-singleturn|p2b: Maushold|Protect\n|move|p1b: Smeargle|Decorate|p1a: Calyrex\n|-boost|p1a: Calyrex|atk|2\n|-boost|p1a: Calyrex|spa|2\n|move|p1a: Calyrex|Glacial Lance|p2a: Incineroar|[spread] p2a\n|-activate|p2b: Maushold|move: Protect\n|-resisted|p2a: Incineroar\n|-damage|p2a: Incineroar|59\/100\n|\n|-ability|p1b: Smeargle|Moody|boost\n|-boost|p1b: Smeargle|spa|2\n|-unboost|p1b: Smeargle|spe|1\n|upkeep\n|turn|3\n|\n|t:|1739643726\n|switch|p1b: Indeedee|Indeedee-F, L50, F|100\/100\n|-fieldstart|move: Psychic Terrain|[from] ability: Psychic Surge|[of] p1b: Indeedee\n|-enditem|p1b: Indeedee|Psychic Seed\n|-boost|p1b: Indeedee|spd|1|[from] item: Psychic Seed\n|-terastallize|p1a: Calyrex|Water\n|move|p2a: Incineroar|Fake Out|p1a: Calyrex\n|-activate|p1a: Calyrex|move: Psychic Terrain\n|move|p2b: Maushold|Taunt|p1b: Indeedee\n|-start|p1b: Indeedee|move: Taunt\n|move|p1a: Calyrex|High Horsepower|p2a: Incineroar\n|-supereffective|p2a: Incineroar\n|-damage|p2a: Incineroar|0 fnt\n|faint|p2a: Incineroar\n|-ability|p1a: Calyrex|Chilling Neigh|boost\n|-boost|p1a: Calyrex|atk|1\n|\n|-end|p1a: Calyrex|move: Taunt\n|upkeep\n|\n|t:|1739643742\n|switch|p2a: Rillaboom|Rillaboom, L50, F|100\/100\n|-fieldstart|move: Grassy Terrain|[from] ability: Grassy Surge|[of] p2a: Rillaboom\n|turn|4\n|\n|t:|1739643755\n|switch|p1b: Smeargle|Smeargle, L50, M|100\/100\n|move|p1a: Calyrex|Protect|p1a: Calyrex\n|-singleturn|p1a: Calyrex|Protect\n|move|p2b: Maushold|Taunt|p1b: Smeargle\n|-start|p1b: Smeargle|move: Taunt\n|move|p2a: Rillaboom|Wood Hammer|p1a: Calyrex\n|-activate|p1a: Calyrex|move: Protect\n|\n|-heal|p2b: Maushold|25\/100|[from] Grassy Terrain\n|-ability|p1b: Smeargle|Moody|boost\n|-boost|p1b: Smeargle|spe|2\n|-unboost|p1b: Smeargle|def|1\n|upkeep\n|turn|5\n|inactive|zrofs has 30 seconds left.\n|\n|t:|1739643781\n|move|p1b: Smeargle|Fake Out|p2a: Rillaboom\n|-damage|p2a: Rillaboom|97\/100\n|move|p2b: Maushold|Beat Up|p1a: Calyrex\n|-damage|p1a: Calyrex|98\/100\n|-damage|p1a: Calyrex|96\/100\n|-hitcount|p1a: Calyrex|2\n|cant|p2a: Rillaboom|flinch\n|move|p1a: Calyrex|Glacial Lance|p2a: Rillaboom|[spread] p2a,p2b\n|-supereffective|p2a: Rillaboom\n|-damage|p2a: Rillaboom|0 fnt\n|-damage|p2b: Maushold|0 fnt\n|faint|p2a: Rillaboom\n|faint|p2b: Maushold\n|-ability|p1a: Calyrex|Chilling Neigh|boost\n|-boost|p1a: Calyrex|atk|2\n|\n|-heal|p1a: Calyrex|100\/100|[from] Grassy Terrain\n|-ability|p1b: Smeargle|Moody|boost\n|-boost|p1b: Smeargle|spe|2\n|-unboost|p1b: Smeargle|spd|1\n|upkeep\n|-message|zrofs forfeited.\n|\n|win|4arms2001\n|raw|4arms2001's rating: 1638 &rarr; <strong>1657<\/strong><br \/>(+19 for winning)\n|raw|zrofs's rating: 1617 &rarr; <strong>1598<\/strong><br \/>(-19 for losing)\n|l|\u2606zrofs\n|player|p2|\n|l|\u26064arms2001\n|player|p1|\n","uploadtime":1739643992,"views":13,"formatid":"gen9vgc2025regg","rating":1598,"private":0,"password":null}