{"id":"gen9vgc2025regg-2301470947","format":"[Gen 9] VGC 2025 Reg G","players":["rastapopolous","Angelo Neres"],"log":"|j|\u2606rastapopolous\n|j|\u2606Angelo Neres\n|t:|1739654360\n|gametype|doubles\n|player|p1|rastapopolous|gentleman-gen4|1594\n|player|p2|Angelo Neres|170|1665\n|teamsize|p1|6\n|teamsize|p2|6\n|gen|9\n|tier|[Gen 9] VGC 2025 Reg G\n|rated|\n|rule|Species Clause: Limit one of each Pok\u00e9mon\n|rule|Item Clause: Limit 1 of each item\n|clearpoke\n|poke|p1|Hitmontop, L50, M|\n|poke|p1|Smeargle, L50, F|\n|poke|p1|Urshifu-*, L50, F|\n|poke|p1|Kyogre, L50|\n|poke|p1|Entei, L50|\n|poke|p1|Whimsicott, L50, F|\n|poke|p2|Groudon, L50|\n|poke|p2|Moltres-Galar, L50|\n|poke|p2|Scream Tail, L50|\n|poke|p2|Grimmsnarl, L50, M|\n|poke|p2|Cobalion, L50|\n|poke|p2|Amoonguss, L50, F|\n|teampreview|4\n|inactive|Battle timer is ON: inactive players will automatically lose when time's up. (requested by Angelo Neres)\n|inactive|rastapopolous also wants the timer to be on.\n|inactive|Angelo Neres has 60 seconds left.\n|inactive|rastapopolous has 60 seconds left.\n|inactive|Angelo Neres has 30 seconds left.\n|\n|t:|1739654429\n|start\n|switch|p1a: Entei|Entei, L50, shiny|100\/100\n|switch|p1b: Whimsicott|Whimsicott, L50, F|100\/100\n|switch|p2a: Grimmsnarl|Grimmsnarl, L50, M, shiny|100\/100\n|switch|p2b: Scream Tail|Scream Tail, L50, shiny|100\/100\n|turn|1\n|\n|t:|1739654438\n|move|p2a: Grimmsnarl|Reflect|p2a: Grimmsnarl\n|-sidestart|p2: Angelo Neres|Reflect\n|move|p1b: Whimsicott|Moonblast|p2a: Grimmsnarl\n|-supereffective|p2a: Grimmsnarl\n|-damage|p2a: Grimmsnarl|49\/100\n|move|p2b: Scream Tail|Thunder Wave|p1a: Entei\n|-status|p1a: Entei|par\n|cant|p1a: Entei|par\n|\n|upkeep\n|turn|2\n|j| CerebralGenesis\n|\n|t:|1739654454\n|move|p1b: Whimsicott|Encore|p2b: Scream Tail\n|-start|p2b: Scream Tail|Encore\n|-enditem|p2b: Scream Tail|Mental Herb\n|-end|p2b: Scream Tail|Encore\n|move|p2a: Grimmsnarl|Parting Shot|p1a: Entei\n|-unboost|p1a: Entei|atk|1\n|-unboost|p1a: Entei|spa|1\n|\n|t:|1739654471\n|switch|p2a: Groudon|Groudon, L50, shiny|100\/100|[from] Parting Shot\n|-weather|SunnyDay|[from] ability: Drought|[of] p2a: Groudon\n|-activate|p2b: Scream Tail|ability: Protosynthesis\n|-start|p2b: Scream Tail|protosynthesisspe\n|move|p2b: Scream Tail|Encore||[still]\n|-fail|p2b: Scream Tail\n|cant|p1a: Entei|par\n|\n|-weather|SunnyDay|[upkeep]\n|upkeep\n|turn|3\n|inactive|rastapopolous has 30 seconds left.\n|\n|t:|1739654505\n|move|p1b: Whimsicott|Encore||[still]\n|-fail|p1b: Whimsicott\n|move|p2b: Scream Tail|Thunder Wave|p1b: Whimsicott\n|-status|p1b: Whimsicott|par\n|move|p2a: Groudon|Precipice Blades|p1b: Whimsicott|[spread] p1a,p1b\n|-supereffective|p1a: Entei\n|-resisted|p1b: Whimsicott\n|-damage|p1a: Entei|1\/100 par\n|-damage|p1b: Whimsicott|64\/100 par\n|move|p1a: Entei|Sacred Fire|p2a: Groudon\n|-damage|p2a: Groudon|78\/100\n|-status|p2a: Groudon|brn\n|\n|-weather|SunnyDay|[upkeep]\n|-damage|p2a: Groudon|72\/100 brn|[from] brn\n|upkeep\n|turn|4\n|\n|t:|1739654521\n|move|p1a: Entei|Extreme Speed|p2b: Scream Tail\n|-damage|p2b: Scream Tail|91\/100\n|cant|p1b: Whimsicott|par\n|move|p2b: Scream Tail|Ice Beam|p1a: Entei\n|-resisted|p1a: Entei\n|-damage|p1a: Entei|0 fnt\n|faint|p1a: Entei\n|move|p2a: Groudon|Heat Crash|p1b: Whimsicott\n|-supereffective|p1b: Whimsicott\n|-damage|p1b: Whimsicott|0 fnt\n|faint|p1b: Whimsicott\n|\n|-weather|SunnyDay|[upkeep]\n|-damage|p2a: Groudon|66\/100 brn|[from] brn\n|upkeep\n|\n|t:|1739654528\n|switch|p1b: Smeargle|Smeargle, L50, F|100\/100\n|switch|p1a: Kyogre|Kyogre, L50|100\/100\n|-weather|RainDance|[from] ability: Drizzle|[of] p1a: Kyogre\n|-end|p2b: Scream Tail|Protosynthesis\n|turn|5\n|\n|t:|1739654542\n|switch|p2a: Grimmsnarl|Grimmsnarl, L50, M, shiny|49\/100\n|-terastallize|p2b: Scream Tail|Grass\n|move|p1b: Smeargle|Fake Out|p2b: Scream Tail\n|-damage|p2b: Scream Tail|89\/100\n|cant|p2b: Scream Tail|flinch\n|move|p1a: Kyogre|Water Spout|p2a: Grimmsnarl|[spread] p2a,p2b\n|-resisted|p2b: Scream Tail\n|-damage|p2a: Grimmsnarl|0 fnt\n|-damage|p2b: Scream Tail|41\/100\n|faint|p2a: Grimmsnarl\n|\n|-weather|RainDance|[upkeep]\n|-sideend|p2: Angelo Neres|Reflect\n|-ability|p1b: Smeargle|Moody|boost\n|-boost|p1b: Smeargle|spd|2\n|-unboost|p1b: Smeargle|atk|1\n|upkeep\n|\n|t:|1739654551\n|switch|p2a: Groudon|Groudon, L50, shiny|66\/100 brn\n|-weather|SunnyDay|[from] ability: Drought|[of] p2a: Groudon\n|-activate|p2b: Scream Tail|ability: Protosynthesis\n|-start|p2b: Scream Tail|protosynthesisspe\n|turn|6\n|\n|t:|1739654571\n|-terastallize|p1a: Kyogre|Grass\n|move|p1b: Smeargle|Follow Me|p1b: Smeargle\n|-singleturn|p1b: Smeargle|move: Follow Me\n|move|p2b: Scream Tail|Disable|p1b: Smeargle\n|-start|p1b: Smeargle|Disable|Follow Me\n|move|p1a: Kyogre|Ice Beam|p2b: Scream Tail\n|-supereffective|p2b: Scream Tail\n|-damage|p2b: Scream Tail|0 fnt\n|faint|p2b: Scream Tail\n|-end|p2b: Scream Tail|Protosynthesis|[silent]\n|move|p2a: Groudon|Precipice Blades|p1b: Smeargle|[spread] p1a,p1b\n|-resisted|p1a: Kyogre\n|-damage|p1a: Kyogre|85\/100\n|-damage|p1b: Smeargle|28\/100\n|\n|-weather|SunnyDay|[upkeep]\n|-damage|p2a: Groudon|59\/100 brn|[from] brn\n|-ability|p1b: Smeargle|Moody|boost\n|-boost|p1b: Smeargle|spd|2\n|-unboost|p1b: Smeargle|spe|1\n|upkeep\n|j| Harry 555\n|\n|t:|1739654580\n|switch|p2b: Cobalion|Cobalion, L50, shiny|100\/100\n|turn|7\n|\n|t:|1739654599\n|move|p1a: Kyogre|Ice Beam|p2a: Groudon\n|-supereffective|p2a: Groudon\n|-damage|p2a: Groudon|13\/100 brn\n|move|p2b: Cobalion|Iron Defense|p2b: Cobalion\n|-boost|p2b: Cobalion|def|2\n|move|p2a: Groudon|Heat Crash|p1b: Smeargle\n|-damage|p1b: Smeargle|0 fnt\n|faint|p1b: Smeargle\n|\n|-weather|SunnyDay|[upkeep]\n|-damage|p2a: Groudon|7\/100 brn|[from] brn\n|upkeep\n|turn|8\n|\n|t:|1739654612\n|move|p1a: Kyogre|Protect|p1a: Kyogre\n|-singleturn|p1a: Kyogre|Protect\n|move|p2b: Cobalion|Body Press|p1a: Kyogre\n|-activate|p1a: Kyogre|move: Protect\n|move|p2a: Groudon|Heat Crash|p1a: Kyogre\n|-activate|p1a: Kyogre|move: Protect\n|\n|-weather|SunnyDay|[upkeep]\n|-damage|p2a: Groudon|1\/100 brn|[from] brn\n|upkeep\n|turn|9\n|l| Harry 555\n|\n|t:|1739654620\n|move|p1a: Kyogre|Origin Pulse|p2a: Groudon|[spread] p2a\n|-miss|p1a: Kyogre|p2b: Cobalion\n|-supereffective|p2a: Groudon\n|-damage|p2a: Groudon|0 fnt\n|faint|p2a: Groudon\n|move|p2b: Cobalion|Body Press|p1a: Kyogre\n|-damage|p1a: Kyogre|0 fnt\n|faint|p1a: Kyogre\n|\n|win|Angelo Neres\n|raw|rastapopolous's rating: 1594 &rarr; <strong>1578<\/strong><br \/>(-16 for losing)\n|raw|Angelo Neres's rating: 1665 &rarr; <strong>1681<\/strong><br \/>(+16 for winning)\n|l|\u2606rastapopolous\n|player|p1|\n|l| CerebralGenesis\n|l|\u2606Angelo Neres\n|player|p2|\n","uploadtime":1739654869,"views":8,"formatid":"gen9vgc2025regg","rating":1578,"private":0,"password":null}