{"id":"gen9vgc2025regg-2301349649","format":"[Gen 9] VGC 2025 Reg G","players":["fuwamoko","CakesGalore3"],"log":"|j|\u2606fuwamoko\n|j|\u2606CakesGalore3\n|t:|1739639333\n|gametype|doubles\n|player|p1|fuwamoko|2|1591\n|player|p2|CakesGalore3|265|1512\n|teamsize|p1|6\n|teamsize|p2|6\n|gen|9\n|tier|[Gen 9] VGC 2025 Reg G\n|rated|\n|rule|Species Clause: Limit one of each Pok\u00e9mon\n|rule|Item Clause: Limit 1 of each item\n|clearpoke\n|poke|p1|Calyrex-Shadow, L50|\n|poke|p1|Regieleki, L50|\n|poke|p1|Torkoal, L50, F|\n|poke|p1|Flutter Mane, L50|\n|poke|p1|Ogerpon, L50, F|\n|poke|p1|Amoonguss, L50, M|\n|poke|p2|Kyogre, L50|\n|poke|p2|Tornadus, L50, M|\n|poke|p2|Urshifu-*, L50, F|\n|poke|p2|Farigiraf, L50, M|\n|poke|p2|Rillaboom, L50, M|\n|poke|p2|Amoonguss, L50, M|\n|teampreview|4\n|inactive|Battle timer is ON: inactive players will automatically lose when time's up. (requested by fuwamoko)\n|inactive|fuwamoko has 60 seconds left.\n|inactive|fuwamoko has 30 seconds left.\n|inactive|fuwamoko has 20 seconds left.\n|inactive|fuwamoko has 15 seconds left.\n|\n|t:|1739639416\n|start\n|switch|p1a: Calyrex|Calyrex-Shadow, L50|100\/100\n|switch|p1b: Regieleki|Regieleki, L50|100\/100\n|switch|p2a: Tornadus|Tornadus, L50, M|100\/100\n|switch|p2b: Urshifu|Urshifu-Rapid-Strike, L50, F|100\/100\n|-ability|p1a: Calyrex|As One\n|-ability|p1a: Calyrex|Unnerve\n|turn|1\n|\n|t:|1739639429\n|move|p2a: Tornadus|Tailwind|p2a: Tornadus\n|-sidestart|p2: CakesGalore3|move: Tailwind\n|move|p2b: Urshifu|Surging Strikes|p1b: Regieleki\n|-crit|p1b: Regieleki\n|-damage|p1b: Regieleki|66\/100\n|-crit|p1b: Regieleki\n|-damage|p1b: Regieleki|31\/100\n|-crit|p1b: Regieleki\n|-damage|p1b: Regieleki|0 fnt\n|faint|p1b: Regieleki\n|-hitcount|p1: Regieleki|3\n|move|p1a: Calyrex|Trick Room|p1a: Calyrex\n|-fieldstart|move: Trick Room|[of] p1a: Calyrex\n|\n|upkeep\n|\n|t:|1739639441\n|switch|p1b: Torkoal|Torkoal, L50, F|100\/100\n|-weather|SunnyDay|[from] ability: Drought|[of] p1b: Torkoal\n|turn|2\n|\n|t:|1739639452\n|move|p2b: Urshifu|Detect|p2b: Urshifu\n|-singleturn|p2b: Urshifu|Protect\n|move|p2a: Tornadus|Rain Dance|p2a: Tornadus\n|-weather|RainDance\n|move|p1b: Torkoal|Eruption|p2b: Urshifu|[spread] p2a\n|-activate|p2b: Urshifu|move: Protect\n|-damage|p2a: Tornadus|64\/100\n|move|p1a: Calyrex|Astral Barrage|p2a: Tornadus|[spread] p2a\n|-activate|p2b: Urshifu|move: Protect\n|-damage|p2a: Tornadus|0 fnt\n|faint|p2a: Tornadus\n|-ability|p1a: Calyrex|Grim Neigh|boost\n|-boost|p1a: Calyrex|spa|1\n|\n|-weather|RainDance|[upkeep]\n|upkeep\n|\n|t:|1739639463\n|switch|p2a: Rillaboom|Rillaboom, L50, M|100\/100\n|-fieldstart|move: Grassy Terrain|[from] ability: Grassy Surge|[of] p2a: Rillaboom\n|turn|3\n|\n|t:|1739639476\n|switch|p1b: Amoonguss|Amoonguss, L50, M|100\/100\n|move|p1a: Calyrex|Astral Barrage|p2b: Urshifu|[spread] p2a,p2b\n|-damage|p2a: Rillaboom|31\/100\n|-enditem|p2b: Urshifu|Focus Sash\n|-damage|p2b: Urshifu|1\/100\n|move|p2a: Rillaboom|U-turn|p1a: Calyrex\n|-crit|p1a: Calyrex\n|-damage|p1a: Calyrex|67\/100\n|\n|t:|1739639487\n|switch|p2a: Kyogre|Kyogre, L50|100\/100|[from] U-turn\n|move|p2b: Urshifu|Surging Strikes|p1a: Calyrex\n|-crit|p1a: Calyrex\n|-damage|p1a: Calyrex|32\/100\n|-crit|p1a: Calyrex\n|-damage|p1a: Calyrex|0 fnt\n|faint|p1a: Calyrex\n|-hitcount|p1: Calyrex|2\n|\n|-weather|RainDance|[upkeep]\n|-heal|p2b: Urshifu|7\/100|[from] Grassy Terrain\n|upkeep\n|\n|t:|1739639497\n|switch|p1a: Torkoal|Torkoal, L50, F|100\/100\n|-weather|SunnyDay|[from] ability: Drought|[of] p1a: Torkoal\n|turn|4\n|\n|t:|1739639519\n|switch|p2a: Rillaboom|Rillaboom, L50, M|31\/100\n|move|p2b: Urshifu|Detect|p2b: Urshifu\n|-singleturn|p2b: Urshifu|Protect\n|move|p1a: Torkoal|Eruption|p2b: Urshifu|[spread] p2a\n|-activate|p2b: Urshifu|move: Protect\n|-supereffective|p2a: Rillaboom\n|-damage|p2a: Rillaboom|0 fnt\n|faint|p2a: Rillaboom\n|move|p1b: Amoonguss|Spore|p2b: Urshifu\n|-activate|p2b: Urshifu|move: Protect\n|\n|-weather|SunnyDay|[upkeep]\n|-heal|p2b: Urshifu|12\/100|[from] Grassy Terrain\n|-sideend|p2: CakesGalore3|move: Tailwind\n|upkeep\n|\n|t:|1739639527\n|switch|p2a: Kyogre|Kyogre, L50|100\/100\n|-weather|RainDance|[from] ability: Drizzle|[of] p2a: Kyogre\n|turn|5\n|\n|t:|1739639544\n|move|p1a: Torkoal|Clear Smog|p2b: Urshifu\n|-damage|p2b: Urshifu|0 fnt\n|-clearboost|p2b: Urshifu\n|faint|p2b: Urshifu\n|move|p1b: Amoonguss|Spore|p2a: Kyogre\n|-status|p2a: Kyogre|slp|[from] move: Spore\n|cant|p2a: Kyogre|slp\n|\n|-weather|RainDance|[upkeep]\n|-fieldend|move: Trick Room\n|upkeep\n|turn|6\n|inactive|fuwamoko has 30 seconds left.\n|\n|t:|1739639576\n|-terastallize|p2a: Kyogre|Water\n|-terastallize|p1b: Amoonguss|Water\n|cant|p2a: Kyogre|slp\n|move|p1b: Amoonguss|Pollen Puff|p2a: Kyogre\n|-damage|p2a: Kyogre|87\/100 slp\n|move|p1a: Torkoal|Clear Smog|p2a: Kyogre\n|-damage|p2a: Kyogre|75\/100 slp\n|-clearboost|p2a: Kyogre\n|\n|-weather|RainDance|[upkeep]\n|-heal|p2a: Kyogre|82\/100 slp|[from] Grassy Terrain\n|upkeep\n|turn|7\n|\n|t:|1739639597\n|cant|p2a: Kyogre|slp\n|move|p1b: Amoonguss|Spore|p2a: Kyogre\n|-fail|p2a: Kyogre|slp\n|move|p1a: Torkoal|Clear Smog|p2a: Kyogre\n|-damage|p2a: Kyogre|70\/100 slp\n|-clearboost|p2a: Kyogre\n|\n|-weather|RainDance|[upkeep]\n|-heal|p2a: Kyogre|76\/100 slp|[from] Grassy Terrain\n|-fieldend|move: Grassy Terrain\n|upkeep\n|turn|8\n|\n|t:|1739639612\n|-curestatus|p2a: Kyogre|slp|[msg]\n|move|p2a: Kyogre|Origin Pulse|p1a: Torkoal|[spread] p1a,p1b\n|-supereffective|p1a: Torkoal\n|-resisted|p1b: Amoonguss\n|-damage|p1a: Torkoal|0 fnt\n|-damage|p1b: Amoonguss|31\/100\n|faint|p1a: Torkoal\n|move|p1b: Amoonguss|Spore|p2a: Kyogre\n|-status|p2a: Kyogre|slp|[from] move: Spore\n|\n|-weather|RainDance|[upkeep]\n|upkeep\n|turn|9\n|\n|t:|1739639623\n|cant|p2a: Kyogre|slp\n|move|p1b: Amoonguss|Pollen Puff|p2a: Kyogre\n|-damage|p2a: Kyogre|62\/100 slp\n|\n|-weather|none\n|upkeep\n|turn|10\n|\n|t:|1739639630\n|-curestatus|p2a: Kyogre|slp|[msg]\n|move|p2a: Kyogre|Origin Pulse|p1b: Amoonguss\n|-resisted|p1b: Amoonguss\n|-damage|p1b: Amoonguss|0 fnt\n|faint|p1b: Amoonguss\n|\n|win|CakesGalore3\n|raw|fuwamoko's rating: 1591 &rarr; <strong>1567<\/strong><br \/>(-24 for losing)\n|raw|CakesGalore3's rating: 1512 &rarr; <strong>1536<\/strong><br \/>(+24 for winning)\n|l|\u2606fuwamoko\n|player|p1|\n|l|\u2606CakesGalore3\n|player|p2|\n","uploadtime":1739639894,"views":5,"formatid":"gen9vgc2025regg","rating":1536,"private":0,"password":null}