{"id":"gen9vgc2025regg-2301229417","format":"[Gen 9] VGC 2025 Reg G","players":["Hanou143","longhq"],"log":"|j|\u2606Hanou143\n|j|\u203dlonghq\n|t:|1739621541\n|gametype|doubles\n|player|p1|Hanou143|2|1589\n|player|p2|longhq|dawn|1637\n|teamsize|p1|6\n|teamsize|p2|6\n|gen|9\n|tier|[Gen 9] VGC 2025 Reg G\n|rated|\n|rule|Species Clause: Limit one of each Pok\u00e9mon\n|rule|Item Clause: Limit 1 of each item\n|clearpoke\n|poke|p1|Calyrex-Shadow, L50|\n|poke|p1|Jigglypuff, L50, M|\n|poke|p1|Pelipper, L50, M|\n|poke|p1|Rillaboom, L50, F|\n|poke|p1|Incineroar, L50, M|\n|poke|p1|Urshifu-*, L50, F|\n|poke|p2|Raging Bolt, L50|\n|poke|p2|Koraidon, L50|\n|poke|p2|Jumpluff, L50, F|\n|poke|p2|Iron Bundle, L50|\n|poke|p2|Volcarona, L50, M|\n|poke|p2|Rillaboom, L50, M|\n|teampreview|4\n|inactive|Battle timer is ON: inactive players will automatically lose when time's up. (requested by Hanou143)\n|inactive|longhq has 60 seconds left.\n|\n|t:|1739621608\n|start\n|switch|p1a: Calyrex|Calyrex-Shadow, L50|100\/100\n|switch|p1b: Incineroar|Incineroar, L50, M|100\/100\n|switch|p2a: Iron Bundle|Iron Bundle, L50|100\/100\n|switch|p2b: Koraidon|Koraidon, L50|100\/100\n|-ability|p1a: Calyrex|As One\n|-ability|p1a: Calyrex|Unnerve\n|-weather|SunnyDay|[from] ability: Orichalcum Pulse|[of] p2b: Koraidon\n|-activate|p2b: Koraidon|Orichalcum Pulse|[source]\n|-ability|p1b: Incineroar|Intimidate|boost\n|-unboost|p2a: Iron Bundle|atk|1\n|-unboost|p2b: Koraidon|atk|1\n|-enditem|p2a: Iron Bundle|Booster Energy\n|-activate|p2a: Iron Bundle|ability: Quark Drive|[fromitem]\n|-start|p2a: Iron Bundle|quarkdrivespe\n|turn|1\n|inactive|Hanou143 has 30 seconds left.\n|inactive|Hanou143 has 20 seconds left.\n|inactive|Hanou143 has 15 seconds left.\n|j| 2-2-2 Ape\n|\n|t:|1739621650\n|switch|p1b: Jigglypuff|Jigglypuff, L50, M|100\/100\n|-terastallize|p2a: Iron Bundle|Normal\n|move|p2a: Iron Bundle|Taunt|p1a: Calyrex\n|-start|p1a: Calyrex|move: Taunt\n|move|p2b: Koraidon|Collision Course|p1b: Jigglypuff\n|-damage|p1b: Jigglypuff|32\/100\n|move|p1a: Calyrex|Astral Barrage|p2b: Koraidon|[spread] p2b\n|-immune|p2a: Iron Bundle\n|-damage|p2b: Koraidon|51\/100\n|\n|-weather|SunnyDay|[upkeep]\n|upkeep\n|turn|2\n|l| 2-2-2 Ape\n|inactive|Hanou143 has 30 seconds left.\n|inactive|longhq has 30 seconds left.\n|inactive|Hanou143 has 20 seconds left.\n|inactive|Hanou143 has 15 seconds left.\n|inactive|Hanou143 has 10 seconds left.\n|\n|t:|1739621698\n|switch|p2b: Volcarona|Volcarona, L50, M|100\/100\n|move|p2a: Iron Bundle|Freeze-Dry|p1b: Jigglypuff\n|-damage|p1b: Jigglypuff|0 fnt\n|faint|p1b: Jigglypuff\n|move|p1a: Calyrex|Astral Barrage|p2b: Volcarona|[spread] p2b\n|-immune|p2a: Iron Bundle\n|-damage|p2b: Volcarona|61\/100\n|\n|-weather|SunnyDay|[upkeep]\n|upkeep\n|\n|t:|1739621709\n|switch|p1b: Incineroar|Incineroar, L50, M|100\/100\n|-ability|p1b: Incineroar|Intimidate|boost\n|-unboost|p2a: Iron Bundle|atk|1\n|-unboost|p2b: Volcarona|atk|1\n|turn|3\n|\n|t:|1739621723\n|move|p2a: Iron Bundle|Protect|p2a: Iron Bundle\n|-singleturn|p2a: Iron Bundle|Protect\n|move|p1a: Calyrex|Giga Drain|p2a: Iron Bundle\n|-activate|p2a: Iron Bundle|move: Protect\n|move|p2b: Volcarona|Quiver Dance|p2b: Volcarona\n|-boost|p2b: Volcarona|spa|1\n|-boost|p2b: Volcarona|spd|1\n|-boost|p2b: Volcarona|spe|1\n|move|p1b: Incineroar|Flare Blitz|p2a: Iron Bundle\n|-activate|p2a: Iron Bundle|move: Protect\n|\n|-weather|SunnyDay|[upkeep]\n|-end|p1a: Calyrex|move: Taunt\n|upkeep\n|turn|4\n|inactive|longhq has 30 seconds left.\n|inactive|Hanou143 has 30 seconds left.\n|j| falcon108\n|inactive|Hanou143 has 20 seconds left.\n|inactive|Hanou143 has 15 seconds left.\n|j| 2-2-2 Ape\n|inactive|Hanou143 has 10 seconds left.\n|\n|t:|1739621773\n|switch|p1a: Pelipper|Pelipper, L50, M|100\/100\n|-weather|RainDance|[from] ability: Drizzle|[of] p1a: Pelipper\n|move|p2a: Iron Bundle|Icy Wind|p1a: Pelipper|[spread] p1a,p1b\n|-resisted|p1b: Incineroar\n|-damage|p1a: Pelipper|72\/100\n|-damage|p1b: Incineroar|92\/100\n|-unboost|p1a: Pelipper|spe|1\n|-unboost|p1b: Incineroar|spe|1\n|move|p2b: Volcarona|Heat Wave|p1a: Pelipper|[spread] p1a,p1b\n|-resisted|p1a: Pelipper\n|-resisted|p1b: Incineroar\n|-damage|p1a: Pelipper|54\/100\n|-damage|p1b: Incineroar|81\/100\n|-status|p1a: Pelipper|brn\n|move|p1b: Incineroar|Knock Off|p2b: Volcarona\n|-damage|p2b: Volcarona|14\/100\n|-enditem|p2b: Volcarona|Covert Cloak|[from] move: Knock Off|[of] p1b: Incineroar\n|\n|-weather|RainDance|[upkeep]\n|-damage|p1a: Pelipper|48\/100 brn|[from] brn\n|upkeep\n|turn|5\n|l| 2-2-2 Ape\n|inactive|Hanou143 has 30 seconds left.\n|inactive|longhq has 30 seconds left.\n|\n|t:|1739621804\n|move|p2a: Iron Bundle|Freeze-Dry|p1a: Pelipper\n|-supereffective|p1a: Pelipper\n|-damage|p1a: Pelipper|0 fnt\n|faint|p1a: Pelipper\n|move|p2b: Volcarona|Morning Sun|p2b: Volcarona\n|-heal|p2b: Volcarona|39\/100\n|move|p1b: Incineroar|Knock Off|p2a: Iron Bundle\n|-damage|p2a: Iron Bundle|67\/100\n|\n|-weather|RainDance|[upkeep]\n|upkeep\n|\n|t:|1739621808\n|switch|p1a: Calyrex|Calyrex-Shadow, L50|100\/100\n|-ability|p1a: Calyrex|As One\n|-ability|p1a: Calyrex|Unnerve\n|turn|6\n|inactive|Hanou143 has 30 seconds left.\n|inactive|longhq has 30 seconds left.\n|inactive|longhq has 20 seconds left.\n|inactive|longhq has 15 seconds left.\n|\n|t:|1739621849\n|move|p2a: Iron Bundle|Taunt|p1a: Calyrex\n|-start|p1a: Calyrex|move: Taunt\n|move|p2b: Volcarona|Tera Blast|p1b: Incineroar\n|-damage|p1b: Incineroar|46\/100\n|-enditem|p1b: Incineroar|Sitrus Berry|[eat]\n|-heal|p1b: Incineroar|71\/100|[from] item: Sitrus Berry\n|move|p1a: Calyrex|Astral Barrage|p2b: Volcarona|[spread] p2b\n|-immune|p2a: Iron Bundle\n|-damage|p2b: Volcarona|9\/100\n|move|p1b: Incineroar|Flare Blitz|p2a: Iron Bundle\n|-damage|p2a: Iron Bundle|38\/100\n|-damage|p1b: Incineroar|62\/100|[from] Recoil\n|\n|-weather|RainDance|[upkeep]\n|upkeep\n|turn|7\n|inactive|longhq has 30 seconds left.\n|\n|t:|1739621882\n|-end|p2a: Iron Bundle|Quark Drive|[silent]\n|switch|p2a: Koraidon|Koraidon, L50|51\/100\n|-weather|SunnyDay|[from] ability: Orichalcum Pulse|[of] p2a: Koraidon\n|-activate|p2a: Koraidon|Orichalcum Pulse|[source]\n|move|p2b: Volcarona|Morning Sun|p2b: Volcarona\n|-heal|p2b: Volcarona|76\/100\n|move|p1a: Calyrex|Giga Drain|p2a: Koraidon\n|-resisted|p2a: Koraidon\n|-damage|p2a: Koraidon|37\/100\n|move|p1b: Incineroar|Flare Blitz|p2b: Volcarona\n|-damage|p2b: Volcarona|0 fnt\n|faint|p2b: Volcarona\n|-damage|p1b: Incineroar|34\/100|[from] Recoil\n|\n|-weather|SunnyDay|[upkeep]\n|upkeep\n|\n|t:|1739621898\n|switch|p2b: Jumpluff|Jumpluff, L50, F|100\/100\n|turn|8\n|\n|t:|1739621923\n|-terastallize|p1a: Calyrex|Grass\n|move|p2b: Jumpluff|Pollen Puff|p2a: Koraidon\n|-heal|p2a: Koraidon|87\/100\n|move|p2a: Koraidon|Breaking Swipe|p1b: Incineroar|[spread] p1a,p1b\n|-damage|p1a: Calyrex|68\/100\n|-damage|p1b: Incineroar|0 fnt\n|faint|p1b: Incineroar\n|move|p1a: Calyrex|Astral Barrage|p2b: Jumpluff|[spread] p2a,p2b\n|-damage|p2a: Koraidon|43\/100\n|-damage|p2b: Jumpluff|53\/100\n|\n|-weather|SunnyDay|[upkeep]\n|-end|p1a: Calyrex|move: Taunt\n|upkeep\n|turn|9\n|-message|Hanou143 forfeited.\n|\n|win|longhq\n|raw|Hanou143's rating: 1589 &rarr; <strong>1572<\/strong><br \/>(-17 for losing)\n|raw|longhq's rating: 1637 &rarr; <strong>1654<\/strong><br \/>(+17 for winning)\n|l|\u2606Hanou143\n|player|p1|\n|l| falcon108\n|l|\u203dlonghq\n|player|p2|\n","uploadtime":1739622079,"views":10,"formatid":"gen9vgc2025regg","rating":1572,"private":0,"password":null}