{"id":"gen9vgc2025regg-2301200906","format":"[Gen 9] VGC 2025 Reg G","players":["Luca8","kojimuranishi"],"log":"|j|\u2606Luca8\n|j|\u2606kojimuranishi\n|t:|1739615717\n|gametype|doubles\n|player|p1|Luca8|flint|1649\n|player|p2|kojimuranishi|101|1761\n|teamsize|p1|6\n|teamsize|p2|6\n|gen|9\n|tier|[Gen 9] VGC 2025 Reg G\n|rated|\n|rule|Species Clause: Limit one of each Pok\u00e9mon\n|rule|Item Clause: Limit 1 of each item\n|clearpoke\n|poke|p1|Calyrex-Shadow, L50|\n|poke|p1|Indeedee, L50, M|\n|poke|p1|Dragonite, L50, F|\n|poke|p1|Raikou, L50|\n|poke|p1|Chi-Yu, L50|\n|poke|p1|Sylveon, L50, F|\n|poke|p2|Whimsicott, L50, M|\n|poke|p2|Calyrex-Ice, L50|\n|poke|p2|Urshifu-*, L50, F|\n|poke|p2|Chi-Yu, L50|\n|poke|p2|Raging Bolt, L50|\n|poke|p2|Landorus, L50, M|\n|teampreview|4\n|inactive|Battle timer is ON: inactive players will automatically lose when time's up. (requested by kojimuranishi)\n|\n|t:|1739615747\n|start\n|switch|p1a: Calyrex|Calyrex-Shadow, L50|100\/100\n|switch|p1b: Chi-Yu|Chi-Yu, L50|100\/100\n|switch|p2a: Whimsicott|Whimsicott, L50, M|100\/100\n|switch|p2b: Calyrex|Calyrex-Ice, L50|100\/100\n|-ability|p1a: Calyrex|As One\n|-ability|p1a: Calyrex|Unnerve\n|-ability|p2b: Calyrex|As One\n|-ability|p2b: Calyrex|Unnerve\n|-ability|p1b: Chi-Yu|Beads of Ruin\n|turn|1\n|\n|t:|1739615769\n|-terastallize|p1a: Calyrex|Water\n|-terastallize|p2b: Calyrex|Ice\n|move|p2a: Whimsicott|Tailwind|p2a: Whimsicott\n|-sidestart|p2: kojimuranishi|move: Tailwind\n|move|p1b: Chi-Yu|Heat Wave|p2b: Calyrex|[spread] p2a,p2b\n|-supereffective|p2a: Whimsicott\n|-supereffective|p2b: Calyrex\n|-enditem|p2a: Whimsicott|Focus Sash\n|-damage|p2a: Whimsicott|1\/100\n|-damage|p2b: Calyrex|12\/100\n|move|p2b: Calyrex|Glacial Lance|p1a: Calyrex|[spread] p1a,p1b\n|-resisted|p1a: Calyrex\n|-resisted|p1b: Chi-Yu\n|-damage|p1a: Calyrex|30\/100\n|-damage|p1b: Chi-Yu|14\/100\n|move|p1a: Calyrex|Astral Barrage|p2b: Calyrex|[spread] p2a,p2b\n|-damage|p2a: Whimsicott|0 fnt\n|-damage|p2b: Calyrex|0 fnt\n|faint|p2a: Whimsicott\n|faint|p2b: Calyrex\n|-ability|p1a: Calyrex|Grim Neigh|boost\n|-boost|p1a: Calyrex|spa|2\n|\n|upkeep\n|\n|t:|1739615792\n|switch|p2a: Landorus|Landorus, L50, M|100\/100\n|switch|p2b: Chi-Yu|Chi-Yu, L50|100\/100\n|-ability|p2b: Chi-Yu|Beads of Ruin\n|turn|2\n|\n|t:|1739615810\n|switch|p1b: Sylveon|Sylveon, L50, F|100\/100\n|move|p1a: Calyrex|Protect|p1a: Calyrex\n|-singleturn|p1a: Calyrex|Protect\n|move|p2a: Landorus|Sludge Bomb|p1a: Calyrex\n|-activate|p1a: Calyrex|move: Protect\n|move|p2b: Chi-Yu|Heat Wave|p1b: Sylveon|[spread] p1b\n|-activate|p1a: Calyrex|move: Protect\n|-damage|p1b: Sylveon|42\/100\n|\n|upkeep\n|turn|3\n|\n|t:|1739615833\n|switch|p1a: Chi-Yu|Chi-Yu, L50|14\/100\n|-ability|p1a: Chi-Yu|Beads of Ruin\n|move|p2a: Landorus|Sandsear Storm|p1a: Chi-Yu|[spread] p1a,p1b\n|-supereffective|p1a: Chi-Yu\n|-damage|p1a: Chi-Yu|0 fnt\n|-damage|p1b: Sylveon|0 fnt\n|faint|p1a: Chi-Yu\n|faint|p1b: Sylveon\n|move|p2b: Chi-Yu|Heat Wave|p1: Chi-Yu|[notarget]\n|-fail|p2b: Chi-Yu\n|\n|upkeep\n|\n|t:|1739615845\n|switch|p1a: Calyrex|Calyrex-Shadow, L50, tera:Water|30\/100\n|switch|p1b: Dragonite|Dragonite, L50, F|100\/100\n|-ability|p1a: Calyrex|As One\n|-ability|p1a: Calyrex|Unnerve\n|turn|4\n|\n|t:|1739615863\n|move|p1a: Calyrex|Protect|p1a: Calyrex\n|-singleturn|p1a: Calyrex|Protect\n|move|p2a: Landorus|Sludge Bomb|p1b: Dragonite\n|-damage|p1b: Dragonite|68\/100\n|move|p2b: Chi-Yu|Heat Wave|p1b: Dragonite|[spread] p1b\n|-activate|p1a: Calyrex|move: Protect\n|-resisted|p1b: Dragonite\n|-damage|p1b: Dragonite|29\/100\n|-status|p1b: Dragonite|brn\n|move|p1b: Dragonite|Rock Slide|p2b: Chi-Yu|[spread] p2a,p2b\n|-supereffective|p2b: Chi-Yu\n|-damage|p2a: Landorus|87\/100\n|-damage|p2b: Chi-Yu|63\/100\n|\n|-damage|p1b: Dragonite|23\/100 brn|[from] brn\n|-sideend|p2: kojimuranishi|move: Tailwind\n|upkeep\n|turn|5\n|\n|t:|1739615886\n|move|p1b: Dragonite|Extreme Speed|p2b: Chi-Yu\n|-damage|p2b: Chi-Yu|39\/100\n|move|p1a: Calyrex|Astral Barrage|p2a: Landorus|[spread] p2a,p2b\n|-resisted|p2b: Chi-Yu\n|-damage|p2a: Landorus|0 fnt\n|-damage|p2b: Chi-Yu|6\/100\n|faint|p2a: Landorus\n|-ability|p1a: Calyrex|Grim Neigh|boost\n|-boost|p1a: Calyrex|spa|1\n|move|p2b: Chi-Yu|Heat Wave|p1a: Calyrex|[spread] p1a,p1b\n|-resisted|p1a: Calyrex\n|-resisted|p1b: Dragonite\n|-damage|p1a: Calyrex|0 fnt\n|-damage|p1b: Dragonite|0 fnt\n|faint|p1a: Calyrex\n|faint|p1b: Dragonite\n|\n|win|kojimuranishi\n|raw|Luca8's rating: 1649 &rarr; <strong>1635<\/strong><br \/>(-14 for losing)\n|raw|kojimuranishi's rating: 1761 &rarr; <strong>1775<\/strong><br \/>(+14 for winning)\n|l|\u2606Luca8\n|player|p1|\n|l|\u2606kojimuranishi\n|player|p2|\n","uploadtime":1739616104,"views":17,"formatid":"gen9vgc2025regg","rating":1635,"private":0,"password":null}