{"id":"gen9vgc2025regg-2301164031","format":"[Gen 9] VGC 2025 Reg G","players":["Lsxy","pentagonSG"],"log":"|j|\u2606Lsxy\n|j|\u2606pentagonSG\n|t:|1739607252\n|gametype|doubles\n|player|p1|Lsxy|169|1548\n|player|p2|pentagonSG|1|1645\n|teamsize|p1|6\n|teamsize|p2|6\n|gen|9\n|tier|[Gen 9] VGC 2025 Reg G\n|rated|\n|rule|Species Clause: Limit one of each Pok\u00e9mon\n|rule|Item Clause: Limit 1 of each item\n|clearpoke\n|poke|p1|Muk-Alola, L50, M|\n|poke|p1|Calyrex-Shadow, L50|\n|poke|p1|Smeargle, L50, M|\n|poke|p1|Flamigo, L50, F|\n|poke|p1|Chien-Pao, L50|\n|poke|p1|Entei, L50|\n|poke|p2|Miraidon, L50|\n|poke|p2|Volcarona, L50, F|\n|poke|p2|Grimmsnarl, L50, M|\n|poke|p2|Okidogi, L50, M|\n|poke|p2|Sinistcha-Masterpiece, L50|\n|poke|p2|Iron Hands, L50|\n|teampreview|4\n|inactive|Battle timer is ON: inactive players will automatically lose when time's up. (requested by Lsxy)\n|inactive|pentagonSG has 60 seconds left.\n|\n|t:|1739607300\n|start\n|switch|p1a: Smeargle|Smeargle, L50, M|100\/100\n|switch|p1b: Muk|Muk-Alola, L50, M|100\/100\n|switch|p2a: Okidogi|Okidogi, L50, M|100\/100\n|switch|p2b: Miraidon|Miraidon, L50|100\/100\n|-fieldstart|move: Electric Terrain|[from] ability: Hadron Engine|[of] p2b: Miraidon\n|turn|1\n|inactive|pentagonSG has 30 seconds left.\n|\n|t:|1739607327\n|move|p1a: Smeargle|Fake Out|p2b: Miraidon\n|-damage|p2b: Miraidon|95\/100\n|cant|p2b: Miraidon|flinch\n|move|p2a: Okidogi|Knock Off|p1b: Muk\n|-resisted|p1b: Muk\n|-damage|p1b: Muk|87\/100\n|-enditem|p1b: Muk|Leftovers|[from] move: Knock Off|[of] p2a: Okidogi\n|move|p1b: Muk|Minimize|p1b: Muk\n|-boost|p1b: Muk|evasion|2\n|\n|-ability|p1a: Smeargle|Moody|boost\n|-boost|p1a: Smeargle|atk|2\n|-unboost|p1a: Smeargle|spa|1\n|upkeep\n|turn|2\n|\n|t:|1739607346\n|-terastallize|p2b: Miraidon|Fairy\n|move|p1a: Smeargle|Follow Me|p1a: Smeargle\n|-singleturn|p1a: Smeargle|move: Follow Me\n|move|p2b: Miraidon|Dazzling Gleam|p1b: Muk|[spread] p1a\n|-miss|p2b: Miraidon|p1b: Muk\n|-enditem|p1a: Smeargle|Focus Sash\n|-damage|p1a: Smeargle|1\/100\n|move|p2a: Okidogi|Drain Punch|p1a: Smeargle\n|-supereffective|p1a: Smeargle\n|-damage|p1a: Smeargle|0 fnt\n|faint|p1a: Smeargle\n|-ability|p1b: Muk|Moody|[from] ability: Power of Alchemy|[of] p1a: Smeargle\n|move|p1b: Muk|Minimize|p1b: Muk\n|-boost|p1b: Muk|evasion|2\n|\n|-ability|p1b: Muk|Moody|boost\n|-boost|p1b: Muk|spd|2\n|-unboost|p1b: Muk|spe|1\n|upkeep\n|\n|t:|1739607357\n|switch|p1a: Flamigo|Flamigo, L50, F|100\/100\n|-copyboost|p1a: Flamigo|p1b: Muk|[from] ability: Costar\n|-enditem|p1a: Flamigo|White Herb\n|-clearnegativeboost|p1a: Flamigo|[silent]\n|turn|3\n|\n|t:|1739607370\n|move|p1a: Flamigo|Wide Guard|p1a: Flamigo\n|-singleturn|p1a: Flamigo|Wide Guard\n|move|p2b: Miraidon|Dazzling Gleam|p1a: Flamigo|[spread] \n|-activate|p1a: Flamigo|move: Wide Guard\n|-activate|p1b: Muk|move: Wide Guard\n|move|p2a: Okidogi|Psychic Fangs|p1a: Flamigo|[miss]\n|-miss|p2a: Okidogi|p1a: Flamigo\n|move|p1b: Muk|Minimize|p1b: Muk\n|-boost|p1b: Muk|evasion|2\n|\n|-ability|p1b: Muk|Moody|boost\n|-boost|p1b: Muk|spa|2\n|-unboost|p1b: Muk|spe|1\n|upkeep\n|turn|4\n|\n|t:|1739607389\n|move|p1a: Flamigo|Wide Guard|p1a: Flamigo\n|-singleturn|p1a: Flamigo|Wide Guard\n|move|p2b: Miraidon|Dazzling Gleam|p1b: Muk|[spread] \n|-activate|p1a: Flamigo|move: Wide Guard\n|-activate|p1b: Muk|move: Wide Guard\n|move|p2a: Okidogi|Drain Punch|p1b: Muk|[miss]\n|-miss|p2a: Okidogi|p1b: Muk\n|move|p1b: Muk|Knock Off|p2b: Miraidon\n|-resisted|p2b: Miraidon\n|-damage|p2b: Miraidon|76\/100\n|-enditem|p2b: Miraidon|Choice Specs|[from] move: Knock Off|[of] p1b: Muk\n|\n|-ability|p1b: Muk|Moody|boost\n|-boost|p1b: Muk|def|2\n|-unboost|p1b: Muk|spa|1\n|upkeep\n|turn|5\n|\n|t:|1739607407\n|move|p1b: Muk|Protect|p1b: Muk\n|-singleturn|p1b: Muk|Protect\n|move|p2b: Miraidon|Dazzling Gleam|p1a: Flamigo|[spread] \n|-activate|p1b: Muk|move: Protect\n|-miss|p2b: Miraidon|p1a: Flamigo\n|move|p1a: Flamigo|Acrobatics|p2a: Okidogi\n|-supereffective|p2a: Okidogi\n|-damage|p2a: Okidogi|17\/100\n|move|p2a: Okidogi|Psychic Fangs|p1a: Flamigo|[miss]\n|-miss|p2a: Okidogi|p1a: Flamigo\n|\n|-fieldend|move: Electric Terrain\n|-ability|p1b: Muk|Moody|boost\n|-boost|p1b: Muk|spa|2\n|-unboost|p1b: Muk|spd|1\n|upkeep\n|turn|6\n|\n|t:|1739607429\n|move|p2b: Miraidon|Electro Drift|p1a: Flamigo\n|-supereffective|p1a: Flamigo\n|-damage|p1a: Flamigo|1\/100\n|move|p1a: Flamigo|Acrobatics|p2a: Okidogi\n|-supereffective|p2a: Okidogi\n|-damage|p2a: Okidogi|0 fnt\n|faint|p2a: Okidogi\n|move|p1b: Muk|Poison Gas|p2b: Miraidon\n|-status|p2b: Miraidon|psn\n|\n|-damage|p2b: Miraidon|64\/100 psn|[from] psn\n|-ability|p1b: Muk|Moody|boost\n|-boost|p1b: Muk|spa|2\n|-unboost|p1b: Muk|spe|1\n|upkeep\n|\n|t:|1739607444\n|switch|p2a: Sinistcha|Sinistcha-Masterpiece, L50|100\/100\n|turn|7\n|\n|t:|1739607452\n|switch|p2b: Iron Hands|Iron Hands, L50|100\/100\n|move|p1a: Flamigo|Acrobatics|p2a: Sinistcha\n|-supereffective|p2a: Sinistcha\n|-damage|p2a: Sinistcha|32\/100\n|-damage|p1a: Flamigo|0 fnt|[from] item: Rocky Helmet|[of] p2a: Sinistcha\n|faint|p1a: Flamigo\n|move|p1b: Muk|Poison Gas|p2b: Iron Hands|[spread] p2a,p2b\n|-status|p2a: Sinistcha|psn\n|-status|p2b: Iron Hands|psn\n|move|p2a: Sinistcha|Trick Room|p2a: Sinistcha\n|-fieldstart|move: Trick Room|[of] p2a: Sinistcha\n|\n|-damage|p2b: Iron Hands|88\/100 psn|[from] psn\n|-damage|p2a: Sinistcha|20\/100 psn|[from] psn\n|-ability|p1b: Muk|Moody|boost\n|-boost|p1b: Muk|spd|2\n|-unboost|p1b: Muk|spe|1\n|upkeep\n|\n|t:|1739607463\n|switch|p1a: Calyrex|Calyrex-Shadow, L50|100\/100\n|-ability|p1a: Calyrex|As One\n|-ability|p1a: Calyrex|Unnerve\n|turn|8\n|\n|t:|1739607473\n|-terastallize|p1a: Calyrex|Grass\n|move|p1b: Muk|Knock Off|p2b: Iron Hands\n|-resisted|p2b: Iron Hands\n|-damage|p2b: Iron Hands|76\/100 psn\n|-enditem|p2b: Iron Hands|Life Orb|[from] move: Knock Off|[of] p1b: Muk\n|move|p2b: Iron Hands|Rock Slide|p1b: Muk|[spread] p1a,p1b\n|-damage|p1a: Calyrex|78\/100\n|-damage|p1b: Muk|78\/100\n|move|p2a: Sinistcha|Matcha Gotcha|p1b: Muk|[spread] p1a,p1b\n|-resisted|p1a: Calyrex\n|-resisted|p1b: Muk\n|-damage|p1a: Calyrex|66\/100\n|-heal|p2a: Sinistcha|26\/100 psn|[from] drain|[of] p1a: Calyrex\n|-damage|p1b: Muk|74\/100\n|-heal|p2a: Sinistcha|29\/100 psn|[from] drain|[of] p1b: Muk\n|move|p1a: Calyrex|Psych Up|p1b: Muk\n|-copyboost|p1a: Calyrex|p1b: Muk|[from] move: Psych Up\n|\n|-damage|p2b: Iron Hands|64\/100 psn|[from] psn\n|-damage|p2a: Sinistcha|17\/100 psn|[from] psn\n|-ability|p1b: Muk|Moody|boost\n|-boost|p1b: Muk|atk|2\n|-unboost|p1b: Muk|spa|1\n|upkeep\n|turn|9\n|\n|t:|1739607498\n|move|p1b: Muk|Knock Off|p2a: Sinistcha\n|-supereffective|p2a: Sinistcha\n|-crit|p2a: Sinistcha\n|-damage|p2a: Sinistcha|0 fnt\n|-damage|p1b: Muk|58\/100|[from] item: Rocky Helmet|[of] p2a: Sinistcha\n|-enditem|p2a: Sinistcha|Rocky Helmet|[from] move: Knock Off|[of] p1b: Muk\n|faint|p2a: Sinistcha\n|move|p2b: Iron Hands|Drain Punch|p1a: Calyrex|[miss]\n|-miss|p2b: Iron Hands|p1a: Calyrex\n|move|p1a: Calyrex|Stored Power|p2b: Iron Hands\n|-supereffective|p2b: Iron Hands\n|-damage|p2b: Iron Hands|0 fnt\n|faint|p2b: Iron Hands\n|-end|p2b: Iron Hands|Quark Drive|[silent]\n|-ability|p1a: Calyrex|Grim Neigh|boost\n|-boost|p1a: Calyrex|spa|1\n|\n|-ability|p1b: Muk|Moody|boost\n|-boost|p1b: Muk|spe|2\n|-unboost|p1b: Muk|def|1\n|upkeep\n|inactive|pentagonSG has 30 seconds left.\n|inactive|pentagonSG has 20 seconds left.\n|-message|pentagonSG forfeited.\n|\n|win|Lsxy\n|raw|Lsxy's rating: 1548 &rarr; <strong>1573<\/strong><br \/>(+25 for winning)\n|raw|pentagonSG's rating: 1645 &rarr; <strong>1620<\/strong><br \/>(-25 for losing)\n|l|\u2606pentagonSG\n|player|p2|\n|l|\u2606Lsxy\n|player|p1|\n","uploadtime":1739607800,"views":9,"formatid":"gen9vgc2025regg","rating":1573,"private":0,"password":null}