{"id":"gen9vgc2025regg-2301220715","format":"[Gen 9] VGC 2025 Reg G","players":["bacardigin","longhq"],"log":"|j|\u2606bacardigin\n|j|\u203dlonghq\n|t:|1739619826\n|gametype|doubles\n|player|p1|bacardigin|169|1634\n|player|p2|longhq|dawn|1616\n|teamsize|p1|6\n|teamsize|p2|6\n|gen|9\n|tier|[Gen 9] VGC 2025 Reg G\n|rated|\n|rule|Species Clause: Limit one of each Pok\u00e9mon\n|rule|Item Clause: Limit 1 of each item\n|clearpoke\n|poke|p1|Calyrex-Ice, L50|\n|poke|p1|Urshifu-*, L50, M|\n|poke|p1|Smeargle, L50, F|\n|poke|p1|Farigiraf, L50, F|\n|poke|p1|Ursaluna-Bloodmoon, L50, M|\n|poke|p1|Torkoal, L50, M|\n|poke|p2|Raging Bolt, L50|\n|poke|p2|Koraidon, L50|\n|poke|p2|Jumpluff, L50, M|\n|poke|p2|Iron Bundle, L50|\n|poke|p2|Volcarona, L50, F|\n|poke|p2|Rillaboom, L50, F|\n|teampreview|4\n|\n|t:|1739619895\n|start\n|switch|p1a: Smeargle|Smeargle, L50, F|100\/100\n|switch|p1b: Farigiraf|Farigiraf, L50, F|100\/100\n|switch|p2a: Iron Bundle|Iron Bundle, L50|100\/100\n|switch|p2b: Koraidon|Koraidon, L50|100\/100\n|-weather|SunnyDay|[from] ability: Orichalcum Pulse|[of] p2b: Koraidon\n|-activate|p2b: Koraidon|Orichalcum Pulse|[source]\n|-enditem|p2a: Iron Bundle|Booster Energy\n|-activate|p2a: Iron Bundle|ability: Quark Drive|[fromitem]\n|-start|p2a: Iron Bundle|quarkdrivespe\n|turn|1\n|inactive|Battle timer is ON: inactive players will automatically lose when time's up. (requested by bacardigin)\n|\n|t:|1739619908\n|move|p1a: Smeargle|Fake Out|p2b: Koraidon\n|-damage|p2b: Koraidon|95\/100\n|move|p2a: Iron Bundle|Taunt|p1b: Farigiraf\n|-start|p1b: Farigiraf|move: Taunt\n|cant|p2b: Koraidon|flinch\n|cant|p1b: Farigiraf|move: Taunt|Trick Room\n|\n|-weather|SunnyDay|[upkeep]\n|-ability|p1a: Smeargle|Moody|boost\n|-boost|p1a: Smeargle|def|2\n|-unboost|p1a: Smeargle|spe|1\n|-enditem|p1a: Smeargle|Eject Pack\n|upkeep\n|j| 1212kkekrk\n|\n|t:|1739619920\n|switch|p1a: Ursaluna|Ursaluna-Bloodmoon, L50, M|100\/100\n|turn|2\n|inactive|longhq has 30 seconds left.\n|inactive|longhq has 20 seconds left.\n|\n|t:|1739619957\n|-terastallize|p1a: Ursaluna|Ghost\n|move|p2a: Iron Bundle|Freeze-Dry|p1a: Ursaluna\n|-damage|p1a: Ursaluna|61\/100\n|move|p2b: Koraidon|U-turn|p1b: Farigiraf\n|-supereffective|p1b: Farigiraf\n|-damage|p1b: Farigiraf|5\/100\n|\n|t:|1739619968\n|switch|p2b: Jumpluff|Jumpluff, L50, M|100\/100|[from] U-turn\n|move|p1b: Farigiraf|Foul Play|p2b: Jumpluff\n|-damage|p2b: Jumpluff|88\/100\n|move|p1a: Ursaluna|Blood Moon|p2b: Jumpluff\n|-damage|p2b: Jumpluff|0 fnt\n|faint|p2b: Jumpluff\n|-damage|p1a: Ursaluna|51\/100|[from] item: Life Orb\n|\n|-weather|SunnyDay|[upkeep]\n|upkeep\n|\n|t:|1739619978\n|switch|p2b: Koraidon|Koraidon, L50|95\/100\n|-activate|p2b: Koraidon|ability: Orichalcum Pulse\n|turn|3\n|\n|t:|1739619995\n|move|p1a: Ursaluna|Vacuum Wave|p2a: Iron Bundle\n|-supereffective|p2a: Iron Bundle\n|-damage|p2a: Iron Bundle|33\/100\n|-damage|p1a: Ursaluna|42\/100|[from] item: Life Orb\n|move|p2a: Iron Bundle|Freeze-Dry|p1a: Ursaluna\n|-damage|p1a: Ursaluna|6\/100\n|move|p2b: Koraidon|Breaking Swipe|p1a: Ursaluna|[spread] p1a,p1b\n|-damage|p1a: Ursaluna|0 fnt\n|-damage|p1b: Farigiraf|0 fnt\n|faint|p1a: Ursaluna\n|faint|p1b: Farigiraf\n|\n|-weather|SunnyDay|[upkeep]\n|upkeep\n|j| mr pogostick\n|\n|t:|1739620007\n|switch|p1b: Smeargle|Smeargle, L50, F|100\/100\n|switch|p1a: Calyrex|Calyrex-Ice, L50|100\/100\n|-ability|p1a: Calyrex|As One\n|-ability|p1a: Calyrex|Unnerve\n|turn|4\n|\n|t:|1739620015\n|-terastallize|p2b: Koraidon|Fire\n|move|p1b: Smeargle|Fake Out|p2a: Iron Bundle\n|-damage|p2a: Iron Bundle|27\/100\n|cant|p2a: Iron Bundle|flinch\n|move|p2b: Koraidon|Breaking Swipe|p1a: Calyrex|[spread] p1a,p1b\n|-damage|p1a: Calyrex|72\/100\n|-damage|p1b: Smeargle|39\/100\n|-unboost|p1a: Calyrex|atk|1\n|-unboost|p1b: Smeargle|atk|1\n|move|p1a: Calyrex|Trick Room|p1a: Calyrex\n|-fieldstart|move: Trick Room|[of] p1a: Calyrex\n|\n|-weather|SunnyDay|[upkeep]\n|-ability|p1b: Smeargle|Moody|boost\n|-boost|p1b: Smeargle|atk|2\n|-unboost|p1b: Smeargle|spe|1\n|upkeep\n|turn|5\n|\n|t:|1739620039\n|move|p1a: Calyrex|Glacial Lance|p2a: Iron Bundle|[spread] p2a,p2b\n|-resisted|p2a: Iron Bundle\n|-resisted|p2b: Koraidon\n|-damage|p2a: Iron Bundle|18\/100\n|-damage|p2b: Koraidon|77\/100\n|move|p1b: Smeargle|Spore|p2b: Koraidon\n|-status|p2b: Koraidon|slp|[from] move: Spore\n|cant|p2b: Koraidon|slp\n|move|p2a: Iron Bundle|Taunt|p1b: Smeargle\n|-start|p1b: Smeargle|move: Taunt\n|\n|-weather|none\n|-ability|p1b: Smeargle|Moody|boost\n|-boost|p1b: Smeargle|spd|2\n|-unboost|p1b: Smeargle|spe|1\n|upkeep\n|turn|6\n|\n|t:|1739620055\n|move|p2a: Iron Bundle|Protect|p2a: Iron Bundle\n|-singleturn|p2a: Iron Bundle|Protect\n|move|p1b: Smeargle|Fake Out||[still]\n|-hint|Fake Out only works on your first turn out.\n|-fail|p1b: Smeargle\n|move|p1a: Calyrex|Bullet Seed|p2a: Iron Bundle\n|-activate|p2a: Iron Bundle|move: Protect\n|cant|p2b: Koraidon|slp\n|\n|-ability|p1b: Smeargle|Moody|boost\n|-boost|p1b: Smeargle|def|2\n|-unboost|p1b: Smeargle|atk|1\n|upkeep\n|turn|7\n|\n|t:|1739620067\n|-end|p2a: Iron Bundle|Quark Drive|[silent]\n|switch|p2a: Volcarona|Volcarona, L50, F|100\/100\n|move|p1b: Smeargle|Fake Out||[still]\n|-hint|Fake Out only works on your first turn out.\n|-fail|p1b: Smeargle\n|move|p1a: Calyrex|Bullet Seed|p2a: Volcarona\n|-resisted|p2a: Volcarona\n|-damage|p2a: Volcarona|99\/100\n|-resisted|p2a: Volcarona\n|-damage|p2a: Volcarona|97\/100\n|-resisted|p2a: Volcarona\n|-damage|p2a: Volcarona|95\/100\n|-resisted|p2a: Volcarona\n|-damage|p2a: Volcarona|93\/100\n|-resisted|p2a: Volcarona\n|-damage|p2a: Volcarona|92\/100\n|-hitcount|p2a: Volcarona|5\n|cant|p2b: Koraidon|slp\n|\n|-ability|p1b: Smeargle|Moody|boost\n|-boost|p1b: Smeargle|spe|2\n|-unboost|p1b: Smeargle|spd|1\n|upkeep\n|turn|8\n|-message|bacardigin forfeited.\n|\n|win|longhq\n|raw|bacardigin's rating: 1634 &rarr; <strong>1613<\/strong><br \/>(-21 for losing)\n|raw|longhq's rating: 1616 &rarr; <strong>1637<\/strong><br \/>(+21 for winning)\n|l|\u2606bacardigin\n|player|p1|\n|l| mr pogostick\n|l| 1212kkekrk\n","uploadtime":1739620272,"views":8,"formatid":"gen9vgc2025regg","rating":1613,"private":0,"password":null}