{"id":"gen9vgc2025regg-2301161304","format":"[Gen 9] VGC 2025 Reg G","players":["kanucks25","anulmk"],"log":"|j|\u2606kanucks25\n|j|\u2606anulmk\n|t:|1739606613\n|gametype|doubles\n|player|p1|kanucks25|101|1637\n|player|p2|anulmk|cynthia|1509\n|teamsize|p1|6\n|teamsize|p2|6\n|gen|9\n|tier|[Gen 9] VGC 2025 Reg G\n|rated|\n|rule|Species Clause: Limit one of each Pok\u00e9mon\n|rule|Item Clause: Limit 1 of each item\n|clearpoke\n|poke|p1|Calyrex-Shadow, L50|\n|poke|p1|Indeedee-F, L50, F|\n|poke|p1|Ogerpon-Wellspring, L50, F|\n|poke|p1|Urshifu-*, L50, M|\n|poke|p1|Iron Hands, L50|\n|poke|p1|Iron Valiant, L50|\n|poke|p2|Farigiraf, L50, F|\n|poke|p2|Pelipper, L50, F|\n|poke|p2|Urshifu-*, L50, F|\n|poke|p2|Amoonguss, L50, F|\n|poke|p2|Calyrex-Ice, L50|\n|poke|p2|Chien-Pao, L50|\n|teampreview|4\n|\n|t:|1739606645\n|start\n|switch|p1a: Ogerpon|Ogerpon-Wellspring, L50, F|100\/100\n|switch|p1b: Urshifu|Urshifu, L50, M|100\/100\n|switch|p2a: Calyrex|Calyrex-Ice, L50|100\/100\n|switch|p2b: Pelipper|Pelipper, L50, F, shiny|100\/100\n|-ability|p2a: Calyrex|As One\n|-ability|p2a: Calyrex|Unnerve\n|-weather|RainDance|[from] ability: Drizzle|[of] p2b: Pelipper\n|turn|1\n|\n|t:|1739606710\n|-terastallize|p2a: Calyrex|Grass\n|move|p1a: Ogerpon|Follow Me|p1a: Ogerpon\n|-singleturn|p1a: Ogerpon|move: Follow Me\n|move|p1b: Urshifu|Wicked Blow|p2a: Calyrex\n|-crit|p2a: Calyrex\n|-damage|p2a: Calyrex|38\/100\n|move|p2b: Pelipper|Hurricane|p1a: Ogerpon\n|-supereffective|p1a: Ogerpon\n|-damage|p1a: Ogerpon|0 fnt\n|faint|p1a: Ogerpon\n|-damage|p2b: Pelipper|91\/100|[from] item: Life Orb\n|move|p2a: Calyrex|Glacial Lance|p1b: Urshifu\n|-damage|p1b: Urshifu|0 fnt\n|faint|p1b: Urshifu\n|-ability|p2a: Calyrex|Chilling Neigh|boost\n|-boost|p2a: Calyrex|atk|1\n|\n|-weather|RainDance|[upkeep]\n|upkeep\n|\n|t:|1739606725\n|switch|p1a: Iron Hands|Iron Hands, L50|100\/100\n|switch|p1b: Calyrex|Calyrex-Shadow, L50|100\/100\n|-ability|p1b: Calyrex|As One\n|-ability|p1b: Calyrex|Unnerve\n|turn|2\n|\n|t:|1739606776\n|switch|p2a: Farigiraf|Farigiraf, L50, F, shiny|100\/100\n|move|p1a: Iron Hands|Fake Out||[still]\n|cant|p2a: Farigiraf|ability: Armor Tail|Fake Out|[of] p1a: Iron Hands\n|move|p1b: Calyrex|Astral Barrage|p2b: Pelipper|[spread] p2b\n|-immune|p2a: Farigiraf\n|-damage|p2b: Pelipper|0 fnt\n|faint|p2b: Pelipper\n|-ability|p1b: Calyrex|Grim Neigh|boost\n|-boost|p1b: Calyrex|spa|1\n|-damage|p1b: Calyrex|91\/100|[from] item: Life Orb\n|\n|-weather|RainDance|[upkeep]\n|upkeep\n|\n|t:|1739606789\n|switch|p2b: Urshifu|Urshifu-Rapid-Strike, L50, F|100\/100\n|turn|3\n|\n|t:|1739606810\n|-terastallize|p1a: Iron Hands|Water\n|move|p2a: Farigiraf|Helping Hand|p2b: Urshifu\n|-singleturn|p2b: Urshifu|Helping Hand|[of] p2a: Farigiraf\n|move|p2b: Urshifu|Surging Strikes|p1b: Calyrex\n|-crit|p1b: Calyrex\n|-damage|p1b: Calyrex|32\/100\n|-crit|p1b: Calyrex\n|-damage|p1b: Calyrex|0 fnt\n|faint|p1b: Calyrex\n|-hitcount|p1: Calyrex|2\n|move|p1a: Iron Hands|Wild Charge|p2b: Urshifu\n|-supereffective|p2b: Urshifu\n|-damage|p2b: Urshifu|2\/100\n|-damage|p1a: Iron Hands|84\/100|[from] Recoil\n|\n|-weather|RainDance|[upkeep]\n|upkeep\n|turn|4\n|\n|t:|1739606828\n|move|p2a: Farigiraf|Helping Hand|p2b: Urshifu\n|-singleturn|p2b: Urshifu|Helping Hand|[of] p2a: Farigiraf\n|move|p2b: Urshifu|Surging Strikes|p1a: Iron Hands\n|-resisted|p1a: Iron Hands\n|-crit|p1a: Iron Hands\n|-damage|p1a: Iron Hands|69\/100\n|-resisted|p1a: Iron Hands\n|-crit|p1a: Iron Hands\n|-damage|p1a: Iron Hands|53\/100\n|-resisted|p1a: Iron Hands\n|-crit|p1a: Iron Hands\n|-damage|p1a: Iron Hands|39\/100\n|-hitcount|p1a: Iron Hands|3\n|move|p1a: Iron Hands|Drain Punch|p2a: Farigiraf\n|-damage|p2a: Farigiraf|60\/100\n|-heal|p1a: Iron Hands|56\/100|[from] drain|[of] p2a: Farigiraf\n|\n|-weather|RainDance|[upkeep]\n|upkeep\n|turn|5\n|\n|t:|1739606862\n|move|p2a: Farigiraf|Helping Hand|p2b: Urshifu\n|-singleturn|p2b: Urshifu|Helping Hand|[of] p2a: Farigiraf\n|move|p2b: Urshifu|Surging Strikes|p1a: Iron Hands\n|-resisted|p1a: Iron Hands\n|-crit|p1a: Iron Hands\n|-damage|p1a: Iron Hands|41\/100\n|-resisted|p1a: Iron Hands\n|-crit|p1a: Iron Hands\n|-damage|p1a: Iron Hands|25\/100\n|-resisted|p1a: Iron Hands\n|-crit|p1a: Iron Hands\n|-damage|p1a: Iron Hands|11\/100\n|-hitcount|p1a: Iron Hands|3\n|move|p1a: Iron Hands|Drain Punch|p2a: Farigiraf\n|-damage|p2a: Farigiraf|19\/100\n|-heal|p1a: Iron Hands|29\/100|[from] drain|[of] p2a: Farigiraf\n|-enditem|p2a: Farigiraf|Sitrus Berry|[eat]\n|-heal|p2a: Farigiraf|44\/100|[from] item: Sitrus Berry\n|\n|-weather|none\n|upkeep\n|turn|6\n|-message|kanucks25 forfeited.\n|\n|win|anulmk\n|raw|kanucks25's rating: 1637 &rarr; <strong>1610<\/strong><br \/>(-27 for losing)\n|raw|anulmk's rating: 1509 &rarr; <strong>1536<\/strong><br \/>(+27 for winning)\n|l|\u2606kanucks25\n|player|p1|\n|l|\u2606anulmk\n|player|p2|\n","uploadtime":1739607108,"views":5,"formatid":"gen9vgc2025regg","rating":1536,"private":0,"password":null}