{"id":"gen9vgc2025regg-2301244663","format":"[Gen 9] VGC 2025 Reg G","players":["Admj8pgx'phj","DimensionalFool"],"log":"|j|\u2606Admj8pgx'phj\n|j|\u203dDimensionalFool\n|t:|1739624345\n|gametype|doubles\n|player|p1|Admj8pgx'phj|170|1571\n|player|p2|DimensionalFool|101|1549\n|teamsize|p1|6\n|teamsize|p2|6\n|gen|9\n|tier|[Gen 9] VGC 2025 Reg G\n|rated|\n|rule|Species Clause: Limit one of each Pok\u00e9mon\n|rule|Item Clause: Limit 1 of each item\n|clearpoke\n|poke|p1|Urshifu-*, L50, F|\n|poke|p1|Whimsicott, L50, M|\n|poke|p1|Miraidon, L50|\n|poke|p1|Iron Hands, L50|\n|poke|p1|Gholdengo, L50|\n|poke|p1|Chien-Pao, L50|\n|poke|p2|Grimmsnarl, L50, M|\n|poke|p2|Landorus, L50, M|\n|poke|p2|Calyrex-Ice, L50|\n|poke|p2|Pelipper, L50, M|\n|poke|p2|Urshifu-*, L50, F|\n|poke|p2|Rillaboom, L50, F|\n|teampreview|4\n|inactive|Battle timer is ON: inactive players will automatically lose when time's up. (requested by DimensionalFool)\n|inactive|Admj8pgx'phj has 60 seconds left.\n|\n|t:|1739624380\n|start\n|switch|p1a: Gholdengo|Gholdengo, L50|100\/100\n|switch|p1b: Urshifu|Urshifu, L50, F|100\/100\n|switch|p2a: Pelipper|Pelipper, L50, M|100\/100\n|switch|p2b: Landorus|Landorus, L50, M|100\/100\n|-weather|RainDance|[from] ability: Drizzle|[of] p2a: Pelipper\n|turn|1\n|inactive|DimensionalFool has 30 seconds left.\n|j| woshiliangzai\n|inactive|DimensionalFool has 20 seconds left.\n|inactive|DimensionalFool has 15 seconds left.\n|inactive|DimensionalFool has 10 seconds left.\n|\n|t:|1739624427\n|move|p1b: Urshifu|Sucker Punch|p2b: Landorus\n|-damage|p2b: Landorus|24\/100\n|move|p1a: Gholdengo|Make It Rain|p2b: Landorus|[spread] p2a,p2b\n|-resisted|p2a: Pelipper\n|-crit|p2a: Pelipper\n|-damage|p2a: Pelipper|43\/100\n|-damage|p2b: Landorus|0 fnt\n|-unboost|p1a: Gholdengo|spa|1\n|faint|p2b: Landorus\n|move|p2a: Pelipper|Tailwind|p2a: Pelipper\n|-sidestart|p2: DimensionalFool|move: Tailwind\n|\n|-weather|RainDance|[upkeep]\n|upkeep\n|\n|t:|1739624435\n|switch|p2b: Rillaboom|Rillaboom, L50, F|100\/100\n|-fieldstart|move: Grassy Terrain|[from] ability: Grassy Surge|[of] p2b: Rillaboom\n|turn|2\n|\n|t:|1739624448\n|-terastallize|p1b: Urshifu|Ghost\n|move|p1b: Urshifu|Sucker Punch|p2b: Rillaboom\n|-damage|p2b: Rillaboom|41\/100\n|-damage|p1b: Urshifu|84\/100|[from] item: Rocky Helmet|[of] p2b: Rillaboom\n|move|p2a: Pelipper|Hurricane|p1b: Urshifu\n|-damage|p1b: Urshifu|5\/100\n|move|p1a: Gholdengo|Make It Rain|p2a: Pelipper|[spread] p2a,p2b\n|-resisted|p2a: Pelipper\n|-damage|p2a: Pelipper|17\/100\n|-damage|p2b: Rillaboom|10\/100\n|-unboost|p1a: Gholdengo|spa|1\n|move|p2b: Rillaboom|Drum Beating|p1b: Urshifu\n|-damage|p1b: Urshifu|0 fnt\n|faint|p1b: Urshifu\n|\n|-weather|RainDance|[upkeep]\n|-heal|p2b: Rillaboom|16\/100|[from] Grassy Terrain\n|upkeep\n|\n|t:|1739624462\n|switch|p1b: Miraidon|Miraidon, L50|100\/100\n|-fieldstart|move: Electric Terrain|[from] ability: Hadron Engine|[of] p1b: Miraidon\n|turn|3\n|\n|t:|1739624474\n|move|p2a: Pelipper|Wide Guard|p2a: Pelipper\n|-singleturn|p2a: Pelipper|Wide Guard\n|move|p1a: Gholdengo|Make It Rain|p2a: Pelipper|[spread] \n|-activate|p2a: Pelipper|move: Wide Guard\n|-activate|p2b: Rillaboom|move: Wide Guard\n|move|p2b: Rillaboom|Drum Beating|p1b: Miraidon\n|-resisted|p1b: Miraidon\n|-damage|p1b: Miraidon|78\/100\n|-unboost|p1b: Miraidon|spe|1\n|move|p1b: Miraidon|Electro Drift|p2b: Rillaboom\n|-resisted|p2b: Rillaboom\n|-damage|p2b: Rillaboom|0 fnt\n|-damage|p1b: Miraidon|61\/100|[from] item: Rocky Helmet|[of] p2b: Rillaboom\n|faint|p2b: Rillaboom\n|\n|-weather|RainDance|[upkeep]\n|upkeep\n|\n|t:|1739624486\n|switch|p2b: Calyrex|Calyrex-Ice, L50|100\/100\n|-ability|p2b: Calyrex|As One\n|-ability|p2b: Calyrex|Unnerve\n|turn|4\n|\n|t:|1739624502\n|switch|p1a: Iron Hands|Iron Hands, L50|100\/100\n|-enditem|p1a: Iron Hands|Electric Seed\n|-boost|p1a: Iron Hands|def|1|[from] item: Electric Seed\n|-activate|p1a: Iron Hands|ability: Quark Drive\n|-start|p1a: Iron Hands|quarkdrivedef\n|move|p2a: Pelipper|Weather Ball|p1a: Iron Hands\n|-damage|p1a: Iron Hands|55\/100\n|move|p2b: Calyrex|Glacial Lance|p1a: Iron Hands|[spread] p1a,p1b\n|-supereffective|p1b: Miraidon\n|-damage|p1a: Iron Hands|35\/100\n|-damage|p1b: Miraidon|0 fnt\n|faint|p1b: Miraidon\n|-ability|p2b: Calyrex|Chilling Neigh|boost\n|-boost|p2b: Calyrex|atk|1\n|\n|-weather|RainDance|[upkeep]\n|-sideend|p2: DimensionalFool|move: Tailwind\n|upkeep\n|\n|t:|1739624513\n|switch|p1b: Gholdengo|Gholdengo, L50|100\/100\n|turn|5\n|\n|t:|1739624534\n|-terastallize|p2b: Calyrex|Water\n|move|p1a: Iron Hands|Protect|p1a: Iron Hands\n|-singleturn|p1a: Iron Hands|Protect\n|move|p2a: Pelipper|Wide Guard|p2a: Pelipper\n|-singleturn|p2a: Pelipper|Wide Guard\n|move|p1b: Gholdengo|Trick|p2b: Calyrex\n|-activate|p1b: Gholdengo|move: Trick|[of] p2b: Calyrex\n|-item|p2b: Calyrex|Choice Scarf|[from] move: Trick\n|-item|p1b: Gholdengo|Assault Vest|[from] move: Trick\n|move|p2b: Calyrex|High Horsepower|p1a: Iron Hands\n|-activate|p1a: Iron Hands|move: Protect\n|\n|-weather|none\n|upkeep\n|turn|6\n|\n|t:|1739624555\n|move|p1b: Gholdengo|Shadow Ball|p2a: Pelipper\n|-damage|p2a: Pelipper|0 fnt\n|faint|p2a: Pelipper\n|move|p2b: Calyrex|High Horsepower|p1a: Iron Hands\n|-supereffective|p1a: Iron Hands\n|-crit|p1a: Iron Hands\n|-damage|p1a: Iron Hands|0 fnt\n|faint|p1a: Iron Hands\n|-end|p1a: Iron Hands|Quark Drive|[silent]\n|-ability|p2b: Calyrex|Chilling Neigh|boost\n|-boost|p2b: Calyrex|atk|1\n|\n|upkeep\n|turn|7\n|-message|Admj8pgx'phj forfeited.\n|\n|win|DimensionalFool\n|raw|Admj8pgx&apos;phj's rating: 1571 &rarr; <strong>1550<\/strong><br \/>(-21 for losing)\n|raw|DimensionalFool's rating: 1549 &rarr; <strong>1570<\/strong><br \/>(+21 for winning)\n|l|\u2606Admj8pgx'phj\n|player|p1|\n|l|\u203dDimensionalFool\n|player|p2|\n|l| woshiliangzai\n","uploadtime":1739624826,"views":5,"formatid":"gen9vgc2025regg","rating":1550,"private":0,"password":null}