{"id":"gen9vgc2025regg-2301662137","format":"[Gen 9] VGC 2025 Reg G","players":["Somie","cobalt_poke"],"log":"|j|\u2606Somie\n|j|\u2606cobalt_poke\n|t:|1739680383\n|gametype|doubles\n|player|p1|Somie|n|1578\n|player|p2|cobalt_poke|266|1719\n|teamsize|p1|6\n|teamsize|p2|6\n|gen|9\n|tier|[Gen 9] VGC 2025 Reg G\n|rated|\n|rule|Species Clause: Limit one of each Pok\u00e9mon\n|rule|Item Clause: Limit 1 of each item\n|clearpoke\n|poke|p1|Urshifu-*, L50, M|\n|poke|p1|Kyogre, L50|\n|poke|p1|Tornadus, L50, M|\n|poke|p1|Toxicroak, L50, M|\n|poke|p1|Rhydon, L50, M|\n|poke|p1|Araquanid, L50, M|\n|poke|p2|Weezing-Galar, L50, M|\n|poke|p2|Calyrex-Shadow, L50|\n|poke|p2|Dondozo, L50, F|\n|poke|p2|Tatsugiri, L50, M|\n|poke|p2|Incineroar, L50, M|\n|poke|p2|Roaring Moon, L50|\n|teampreview|4\n|inactive|Battle timer is ON: inactive players will automatically lose when time's up. (requested by Somie)\n|inactive|Somie has 60 seconds left.\n|\n|t:|1739680441\n|start\n|switch|p1a: Tornadus|Tornadus, L50, M|100\/100\n|switch|p1b: Kyogre|Kyogre, L50, shiny|100\/100\n|switch|p2a: Weezing|Weezing-Galar, L50, M|100\/100\n|switch|p2b: Roaring Moon|Roaring Moon, L50|100\/100\n|-ability|p2a: Weezing|Neutralizing Gas\n|turn|1\n|\n|t:|1739680458\n|move|p1b: Kyogre|Protect|p1b: Kyogre\n|-singleturn|p1b: Kyogre|Protect\n|move|p2b: Roaring Moon|Knock Off|p1a: Tornadus\n|-damage|p1a: Tornadus|23\/100\n|-enditem|p1a: Tornadus|Covert Cloak|[from] move: Knock Off|[of] p2b: Roaring Moon\n|move|p1a: Tornadus|Tailwind|p1a: Tornadus\n|-sidestart|p1: Somie|move: Tailwind\n|move|p2a: Weezing|Toxic Spikes|p1a: Tornadus\n|-sidestart|p1: Somie|move: Toxic Spikes\n|\n|upkeep\n|turn|2\n|j| sbld\n|\n|t:|1739680481\n|move|p2a: Weezing|Protect|p2a: Weezing\n|-singleturn|p2a: Weezing|Protect\n|move|p1a: Tornadus|Bleakwind Storm|p2b: Roaring Moon|[spread] \n|-activate|p2a: Weezing|move: Protect\n|-miss|p1a: Tornadus|p2b: Roaring Moon\n|move|p1b: Kyogre|Water Spout|p2b: Roaring Moon|[spread] p2b\n|-activate|p2a: Weezing|move: Protect\n|-resisted|p2b: Roaring Moon\n|-damage|p2b: Roaring Moon|77\/100\n|move|p2b: Roaring Moon|Knock Off|p1b: Kyogre\n|-damage|p1b: Kyogre|56\/100\n|-enditem|p1b: Kyogre|Mystic Water|[from] move: Knock Off|[of] p2b: Roaring Moon\n|\n|upkeep\n|turn|3\n|\n|t:|1739680501\n|move|p1a: Tornadus|Bleakwind Storm|p2b: Roaring Moon|[spread] p2a,p2b\n|-damage|p2a: Weezing|62\/100\n|-damage|p2b: Roaring Moon|49\/100\n|-unboost|p2b: Roaring Moon|spe|1\n|move|p1b: Kyogre|Ice Beam|p2b: Roaring Moon\n|-supereffective|p2b: Roaring Moon\n|-damage|p2b: Roaring Moon|5\/100\n|move|p2b: Roaring Moon|Knock Off|p1b: Kyogre\n|-damage|p1b: Kyogre|23\/100\n|move|p2a: Weezing|Poison Gas|p1a: Tornadus|[spread] p1a,p1b\n|-status|p1a: Tornadus|psn\n|-status|p1b: Kyogre|psn\n|\n|-damage|p1a: Tornadus|10\/100 psn|[from] psn\n|-damage|p1b: Kyogre|11\/100 psn|[from] psn\n|upkeep\n|turn|4\n|\n|t:|1739680517\n|move|p2a: Weezing|Protect|p2a: Weezing\n|-singleturn|p2a: Weezing|Protect\n|move|p1a: Tornadus|Bleakwind Storm|p2b: Roaring Moon|[spread] p2b\n|-activate|p2a: Weezing|move: Protect\n|-damage|p2b: Roaring Moon|0 fnt\n|faint|p2b: Roaring Moon\n|-end|p2b: Roaring Moon|Protosynthesis|[silent]\n|move|p1b: Kyogre|Origin Pulse|p2a: Weezing\n|-activate|p2a: Weezing|move: Protect\n|\n|-damage|p1a: Tornadus|0 fnt|[from] psn\n|faint|p1a: Tornadus\n|-damage|p1b: Kyogre|0 fnt|[from] psn\n|faint|p1b: Kyogre\n|-sideend|p1: Somie|move: Tailwind\n|upkeep\n|\n|t:|1739680522\n|switch|p2b: Dondozo|Dondozo, L50, F|100\/100\n|switch|p1a: Araquanid|Araquanid, L50, M|100\/100\n|switch|p1b: Urshifu|Urshifu-Rapid-Strike, L50, M|100\/100\n|-status|p1b: Urshifu|psn\n|-status|p1a: Araquanid|psn\n|turn|5\n|\n|t:|1739680538\n|-terastallize|p1b: Urshifu|Water\n|move|p1b: Urshifu|Surging Strikes|p2b: Dondozo\n|-resisted|p2b: Dondozo\n|-crit|p2b: Dondozo\n|-damage|p2b: Dondozo|92\/100\n|-resisted|p2b: Dondozo\n|-crit|p2b: Dondozo\n|-damage|p2b: Dondozo|83\/100\n|-resisted|p2b: Dondozo\n|-crit|p2b: Dondozo\n|-damage|p2b: Dondozo|74\/100\n|-hitcount|p2b: Dondozo|3\n|move|p2a: Weezing|Strange Steam|p1b: Urshifu\n|-damage|p1b: Urshifu|57\/100 psn\n|move|p2b: Dondozo|Substitute|p2b: Dondozo\n|-start|p2b: Dondozo|Substitute\n|-damage|p2b: Dondozo|50\/100\n|move|p1a: Araquanid|Power Split||[still]\n|-fail|p1a: Araquanid\n|\n|-heal|p2b: Dondozo|56\/100|[from] item: Leftovers\n|-damage|p1b: Urshifu|45\/100 psn|[from] psn\n|-damage|p1a: Araquanid|88\/100 psn|[from] psn\n|upkeep\n|turn|6\n|-message|Somie forfeited.\n|\n|win|cobalt_poke\n|raw|Somie's rating: 1578 &rarr; <strong>1566<\/strong><br \/>(-12 for losing)\n|raw|cobalt_poke's rating: 1719 &rarr; <strong>1731<\/strong><br \/>(+12 for winning)\n|l|\u2606Somie\n|player|p1|\n|l|\u2606cobalt_poke\n|player|p2|\n|l| sbld\n","uploadtime":1739680737,"views":8,"formatid":"gen9vgc2025regg","rating":1566,"private":0,"password":null}