{"id":"gen9vgc2025regg-2301012580","format":"[Gen 9] VGC 2025 Reg G","players":["chappell murkroan","meiose"],"log":"|j|\u2606chappell murkroan\n|j|\u2606meiose\n|t:|1739580518\n|gametype|doubles\n|player|p1|chappell murkroan|caitlin|1617\n|player|p2|meiose|schoolkid-gen4|1633\n|teamsize|p1|6\n|teamsize|p2|6\n|gen|9\n|tier|[Gen 9] VGC 2025 Reg G\n|rated|\n|rule|Species Clause: Limit one of each Pok\u00e9mon\n|rule|Item Clause: Limit 1 of each item\n|clearpoke\n|poke|p1|Calyrex-Ice, L50|\n|poke|p1|Landorus, L50, M|\n|poke|p1|Amoonguss, L50, M|\n|poke|p1|Urshifu-*, L50, F|\n|poke|p1|Roaring Moon, L50|\n|poke|p1|Ogerpon-Hearthflame, L50, F|\n|poke|p2|Calyrex-Shadow, L50|\n|poke|p2|Ting-Lu, L50|\n|poke|p2|Dondozo, L50, F|\n|poke|p2|Raging Bolt, L50|\n|poke|p2|Urshifu-*, L50, F|\n|poke|p2|Whimsicott, L50, M|\n|teampreview|4\n|inactive|Battle timer is ON: inactive players will automatically lose when time's up. (requested by chappell murkroan)\n|inactive|chappell murkroan has 60 seconds left.\n|inactive|meiose has 60 seconds left.\n|inactive|meiose has 30 seconds left.\n|\n|t:|1739580581\n|start\n|switch|p1a: Calyrex|Calyrex-Ice, L50|100\/100\n|switch|p1b: Roaring Moon|Roaring Moon, L50|100\/100\n|switch|p2a: Urshifu|Urshifu-Rapid-Strike, L50, F|100\/100\n|switch|p2b: Whimsicott|Whimsicott, L50, M|100\/100\n|-ability|p1a: Calyrex|As One\n|-ability|p1a: Calyrex|Unnerve\n|-enditem|p1b: Roaring Moon|Booster Energy\n|-activate|p1b: Roaring Moon|ability: Protosynthesis|[fromitem]\n|-start|p1b: Roaring Moon|protosynthesisspe\n|turn|1\n|inactive|meiose has 30 seconds left.\n|\n|t:|1739580614\n|switch|p2b: Dondozo|Dondozo, L50, F|100\/100\n|-terastallize|p1b: Roaring Moon|Flying\n|move|p1b: Roaring Moon|Tailwind|p1b: Roaring Moon\n|-sidestart|p1: chappell murkroan|move: Tailwind\n|move|p1a: Calyrex|Glacial Lance|p2b: Dondozo|[spread] p2a,p2b\n|-resisted|p2a: Urshifu\n|-resisted|p2b: Dondozo\n|-damage|p2a: Urshifu|74\/100\n|-damage|p2b: Dondozo|85\/100\n|move|p2a: Urshifu|Close Combat|p1a: Calyrex\n|-damage|p1a: Calyrex|62\/100\n|-unboost|p2a: Urshifu|def|1\n|-unboost|p2a: Urshifu|spd|1\n|\n|-heal|p2b: Dondozo|92\/100|[from] item: Leftovers\n|upkeep\n|turn|2\n|\n|t:|1739580631\n|move|p2a: Urshifu|Protect|p2a: Urshifu\n|-singleturn|p2a: Urshifu|Protect\n|move|p1b: Roaring Moon|Acrobatics|p2b: Dondozo\n|-damage|p2b: Dondozo|63\/100\n|move|p1a: Calyrex|Seed Bomb|p2a: Urshifu\n|-activate|p2a: Urshifu|move: Protect\n|move|p2b: Dondozo|Yawn|p1a: Calyrex\n|-start|p1a: Calyrex|move: Yawn|[of] p2b: Dondozo\n|\n|-heal|p2b: Dondozo|70\/100|[from] item: Leftovers\n|upkeep\n|turn|3\n|\n|t:|1739580644\n|switch|p1a: Ogerpon|Ogerpon-Hearthflame, L50, F|100\/100\n|-ability|p1a: Ogerpon|Mold Breaker\n|move|p2a: Urshifu|Aqua Jet|p1b: Roaring Moon\n|-damage|p1b: Roaring Moon|74\/100\n|move|p1b: Roaring Moon|Acrobatics|p2a: Urshifu\n|-supereffective|p2a: Urshifu\n|-damage|p2a: Urshifu|0 fnt\n|faint|p2a: Urshifu\n|move|p2b: Dondozo|Wave Crash|p1b: Roaring Moon\n|-damage|p1b: Roaring Moon|32\/100\n|-damage|p2b: Dondozo|59\/100|[from] Recoil\n|\n|-heal|p2b: Dondozo|65\/100|[from] item: Leftovers\n|upkeep\n|\n|t:|1739580656\n|switch|p2a: Calyrex|Calyrex-Shadow, L50|100\/100\n|-ability|p2a: Calyrex|As One\n|-ability|p2a: Calyrex|Unnerve\n|turn|4\n|\n|t:|1739580680\n|switch|p2b: Whimsicott|Whimsicott, L50, M|100\/100\n|move|p2a: Calyrex|Protect|p2a: Calyrex\n|-singleturn|p2a: Calyrex|Protect\n|move|p1a: Ogerpon|Follow Me|p1a: Ogerpon\n|-singleturn|p1a: Ogerpon|move: Follow Me\n|move|p1b: Roaring Moon|Knock Off|p2a: Calyrex\n|-activate|p2a: Calyrex|move: Protect\n|\n|-sideend|p1: chappell murkroan|move: Tailwind\n|upkeep\n|turn|5\n|\n|t:|1739580693\n|-terastallize|p2a: Calyrex|Ghost\n|move|p1b: Roaring Moon|Protect|p1b: Roaring Moon\n|-singleturn|p1b: Roaring Moon|Protect\n|move|p2b: Whimsicott|Tailwind|p2b: Whimsicott\n|-sidestart|p2: meiose|move: Tailwind\n|move|p2a: Calyrex|Astral Barrage|p1a: Ogerpon|[spread] p1a\n|-activate|p1b: Roaring Moon|move: Protect\n|-damage|p1a: Ogerpon|21\/100\n|move|p1a: Ogerpon|Ivy Cudgel|p2a: Calyrex|[anim] Ivy Cudgel Fire\n|-damage|p2a: Calyrex|36\/100\n|\n|upkeep\n|turn|6\n|\n|t:|1739580714\n|move|p1a: Ogerpon|Spiky Shield|p1a: Ogerpon\n|-singleturn|p1a: Ogerpon|move: Protect\n|move|p2b: Whimsicott|Encore|p1b: Roaring Moon\n|-start|p1b: Roaring Moon|Encore\n|move|p2a: Calyrex|Psychic|p1a: Ogerpon\n|-activate|p1a: Ogerpon|move: Protect\n|move|p1b: Roaring Moon|Protect||[still]\n|-fail|p1b: Roaring Moon\n|\n|upkeep\n|turn|7\n|\n|t:|1739580723\n|move|p1b: Roaring Moon|Protect|p1b: Roaring Moon\n|-singleturn|p1b: Roaring Moon|Protect\n|move|p1a: Ogerpon|Spiky Shield||[still]\n|-fail|p1a: Ogerpon\n|move|p2a: Calyrex|Astral Barrage|p1b: Roaring Moon|[spread] p1a\n|-activate|p1b: Roaring Moon|move: Protect\n|-damage|p1a: Ogerpon|0 fnt\n|faint|p1a: Ogerpon\n|-ability|p2a: Calyrex|Grim Neigh|boost\n|-boost|p2a: Calyrex|spa|1\n|move|p2b: Whimsicott|Moonblast|p1b: Roaring Moon\n|-activate|p1b: Roaring Moon|move: Protect\n|\n|upkeep\n|\n|t:|1739580728\n|switch|p1a: Calyrex|Calyrex-Ice, L50|62\/100\n|-ability|p1a: Calyrex|As One\n|-ability|p1a: Calyrex|Unnerve\n|turn|8\n|\n|t:|1739580734\n|move|p2b: Whimsicott|Helping Hand|p2a: Calyrex\n|-singleturn|p2a: Calyrex|Helping Hand|[of] p2b: Whimsicott\n|move|p1b: Roaring Moon|Protect|p1b: Roaring Moon\n|-singleturn|p1b: Roaring Moon|Protect\n|move|p2a: Calyrex|Astral Barrage|p1a: Calyrex|[spread] p1a\n|-activate|p1b: Roaring Moon|move: Protect\n|-supereffective|p1a: Calyrex\n|-damage|p1a: Calyrex|0 fnt\n|faint|p1a: Calyrex\n|-ability|p2a: Calyrex|Grim Neigh|boost\n|-boost|p2a: Calyrex|spa|1\n|\n|-end|p1b: Roaring Moon|Encore\n|-sideend|p2: meiose|move: Tailwind\n|upkeep\n|-message|chappell murkroan forfeited.\n|\n|win|meiose\n|raw|chappell murkroan's rating: 1617 &rarr; <strong>1598<\/strong><br \/>(-19 for losing)\n|raw|meiose's rating: 1633 &rarr; <strong>1652<\/strong><br \/>(+19 for winning)\n|l|\u2606chappell murkroan\n|player|p1|\n","uploadtime":1739580746,"views":8,"formatid":"gen9vgc2025regg","rating":1598,"private":0,"password":null}