{"id":"gen9vgc2025regg-2301886120","format":"[Gen 9] VGC 2025 Reg G","players":["ArisHazard","Lolmaisterx"],"log":"|j|\u2606ArisHazard\n|j|\u2606Lolmaisterx\n|t:|1739721798\n|gametype|doubles\n|player|p1|ArisHazard|265|1681\n|player|p2|Lolmaisterx|1|1643\n|teamsize|p1|6\n|teamsize|p2|6\n|gen|9\n|tier|[Gen 9] VGC 2025 Reg G\n|rated|\n|rule|Species Clause: Limit one of each Pok\u00e9mon\n|rule|Item Clause: Limit 1 of each item\n|clearpoke\n|poke|p1|Calyrex-Shadow, L50|\n|poke|p1|Scream Tail, L50|\n|poke|p1|Weezing, L50, M|\n|poke|p1|Regigigas, L50|\n|poke|p1|Iron Hands, L50|\n|poke|p1|Urshifu-*, L50, F|\n|poke|p2|Urshifu-*, L50, F|\n|poke|p2|Whimsicott, L50, M|\n|poke|p2|Blastoise, L50, F|\n|poke|p2|Dragonite, L50, F|\n|poke|p2|Calyrex-Shadow, L50|\n|poke|p2|Arcanine-Hisui, L50, F|\n|teampreview|4\n|inactive|Battle timer is ON: inactive players will automatically lose when time's up. (requested by ArisHazard)\n|\n|t:|1739721829\n|start\n|switch|p1a: Regigigas|Regigigas, L50|100\/100\n|switch|p1b: Weezing|Weezing, L50, M|100\/100\n|switch|p2a: Calyrex|Calyrex-Shadow, L50|100\/100\n|switch|p2b: Dragonite|Dragonite, L50, F|100\/100\n|-ability|p1b: Weezing|Neutralizing Gas\n|-ability|p2a: Calyrex|As One\n|-ability|p2a: Calyrex|Unnerve\n|turn|1\n|inactive|ArisHazard has 30 seconds left.\n|inactive|ArisHazard has 20 seconds left.\n|inactive|ArisHazard has 15 seconds left.\n|\n|t:|1739721873\n|-terastallize|p1b: Weezing|Dark\n|move|p2b: Dragonite|Extreme Speed|p1b: Weezing\n|-damage|p1b: Weezing|63\/100\n|-damage|p2b: Dragonite|91\/100|[from] item: Life Orb\n|move|p2a: Calyrex|Psyshock|p1b: Weezing\n|-immune|p1b: Weezing\n|move|p1a: Regigigas|Knock Off|p2a: Calyrex\n|-supereffective|p2a: Calyrex\n|-enditem|p2a: Calyrex|Focus Sash\n|-damage|p2a: Calyrex|1\/100\n|-damage|p1a: Regigigas|91\/100|[from] item: Life Orb\n|move|p1b: Weezing|Will-O-Wisp|p2b: Dragonite\n|-status|p2b: Dragonite|brn\n|\n|-damage|p2b: Dragonite|85\/100 brn|[from] brn\n|upkeep\n|turn|2\n|\n|t:|1739721894\n|move|p2a: Calyrex|Protect|p2a: Calyrex\n|-singleturn|p2a: Calyrex|Protect\n|move|p1a: Regigigas|Crush Grip|p2b: Dragonite\n|-damage|p2b: Dragonite|0 fnt\n|faint|p2b: Dragonite\n|-damage|p1a: Regigigas|81\/100|[from] item: Life Orb\n|move|p1b: Weezing|Sludge Bomb|p2a: Calyrex\n|-activate|p2a: Calyrex|move: Protect\n|\n|upkeep\n|\n|t:|1739721897\n|switch|p2b: Urshifu|Urshifu, L50, F|100\/100\n|turn|3\n|\n|t:|1739721920\n|move|p2b: Urshifu|Detect|p2b: Urshifu\n|-singleturn|p2b: Urshifu|Protect\n|move|p2a: Calyrex|Dark Pulse|p1a: Regigigas\n|-damage|p1a: Regigigas|52\/100\n|cant|p1a: Regigigas|flinch\n|move|p1b: Weezing|Will-O-Wisp|p2b: Urshifu\n|-activate|p2b: Urshifu|move: Protect\n|\n|upkeep\n|turn|4\n|\n|t:|1739721942\n|move|p2a: Calyrex|Psyshock|p1a: Regigigas\n|-damage|p1a: Regigigas|11\/100\n|move|p2b: Urshifu|Close Combat|p1b: Weezing\n|-supereffective|p1b: Weezing\n|-damage|p1b: Weezing|0 fnt\n|-unboost|p2b: Urshifu|def|1\n|-unboost|p2b: Urshifu|spd|1\n|faint|p1b: Weezing\n|-end|p1b: Weezing|ability: Neutralizing Gas\n|-start|p1a: Regigigas|ability: Slow Start\n|move|p1a: Regigigas|Knock Off|p2a: Calyrex\n|-supereffective|p2a: Calyrex\n|-damage|p2a: Calyrex|0 fnt\n|faint|p2a: Calyrex\n|-damage|p1a: Regigigas|2\/100|[from] item: Life Orb\n|\n|upkeep\n|\n|t:|1739721961\n|switch|p2a: Whimsicott|Whimsicott, L50, M|100\/100\n|switch|p1b: Scream Tail|Scream Tail, L50|100\/100\n|-enditem|p1b: Scream Tail|Booster Energy\n|-activate|p1b: Scream Tail|ability: Protosynthesis|[fromitem]\n|-start|p1b: Scream Tail|protosynthesisspe\n|turn|5\n|inactive|ArisHazard has 30 seconds left.\n|\n|t:|1739721993\n|-terastallize|p2b: Urshifu|Fire\n|move|p1b: Scream Tail|Encore||[still]\n|-fail|p1b: Scream Tail\n|move|p2b: Urshifu|Wicked Blow|p1b: Scream Tail\n|-crit|p1b: Scream Tail\n|-damage|p1b: Scream Tail|50\/100\n|move|p2a: Whimsicott|Moonblast|p1a: Regigigas\n|-damage|p1a: Regigigas|0 fnt\n|faint|p1a: Regigigas\n|-end|p1a: Regigigas|Slow Start|[silent]\n|\n|upkeep\n|\n|t:|1739722005\n|switch|p1a: Calyrex|Calyrex-Shadow, L50|100\/100\n|-ability|p1a: Calyrex|As One\n|-ability|p1a: Calyrex|Unnerve\n|turn|6\n|\n|t:|1739722024\n|move|p2a: Whimsicott|Tailwind|p2a: Whimsicott\n|-sidestart|p2: Lolmaisterx|move: Tailwind\n|move|p2b: Urshifu|Wicked Blow|p1a: Calyrex\n|-supereffective|p1a: Calyrex\n|-crit|p1a: Calyrex\n|-damage|p1a: Calyrex|0 fnt\n|faint|p1a: Calyrex\n|move|p1b: Scream Tail|Disable|p2b: Urshifu\n|-start|p2b: Urshifu|Disable|Wicked Blow\n|\n|upkeep\n|turn|7\n|-message|ArisHazard forfeited.\n|\n|win|Lolmaisterx\n|raw|ArisHazard's rating: 1681 &rarr; <strong>1659<\/strong><br \/>(-22 for losing)\n|raw|Lolmaisterx's rating: 1643 &rarr; <strong>1665<\/strong><br \/>(+22 for winning)\n|l|\u2606ArisHazard\n|player|p1|\n|l|\u2606Lolmaisterx\n|player|p2|\n","uploadtime":1739722175,"views":9,"formatid":"gen9vgc2025regg","rating":1659,"private":0,"password":null}