{"id":"gen9vgc2025regg-2301378385","format":"[Gen 9] VGC 2025 Reg G","players":["Oooweee24","VGCPancakes"],"log":"|j|\u2606Oooweee24\n|j|\u2606VGCPancakes\n|t:|1739642954\n|gametype|doubles\n|player|p1|Oooweee24|cynthia|1524\n|player|p2|VGCPancakes|dawn-gen4pt|1582\n|teamsize|p1|6\n|teamsize|p2|6\n|gen|9\n|tier|[Gen 9] VGC 2025 Reg G\n|rated|\n|rule|Species Clause: Limit one of each Pok\u00e9mon\n|rule|Item Clause: Limit 1 of each item\n|clearpoke\n|poke|p1|Calyrex-Shadow, L50|\n|poke|p1|Tornadus, L50, M|\n|poke|p1|Urshifu-*, L50, M|\n|poke|p1|Landorus, L50, M|\n|poke|p1|Entei, L50|\n|poke|p1|Ogerpon-Hearthflame, L50, F|\n|poke|p2|Koraidon, L50|\n|poke|p2|Raging Bolt, L50|\n|poke|p2|Flutter Mane, L50|\n|poke|p2|Chien-Pao, L50|\n|poke|p2|Incineroar, L50, F|\n|poke|p2|Riolu, L50, M|\n|teampreview|4\n|j| GarchompExVgc\n|\n|t:|1739643032\n|start\n|switch|p1a: Stormy Boi|Tornadus, L50, M|100\/100\n|switch|p1b: Shadow|Calyrex-Shadow, L50|100\/100\n|switch|p2a: Flutter Mane|Flutter Mane, L50|100\/100\n|switch|p2b: Incineroar|Incineroar, L50, F|100\/100\n|-ability|p1b: Shadow|As One\n|-ability|p1b: Shadow|Unnerve\n|-ability|p2b: Incineroar|Intimidate|boost\n|-unboost|p1a: Stormy Boi|atk|1\n|-unboost|p1b: Shadow|atk|1\n|turn|1\n|\n|t:|1739643053\n|-end|p2a: Flutter Mane|Protosynthesis|[silent]\n|switch|p2a: Raging Bolt|Raging Bolt, L50|100\/100\n|-terastallize|p1b: Shadow|Dark\n|move|p1b: Shadow|Astral Barrage|p2a: Raging Bolt|[spread] p2a,p2b\n|-resisted|p2b: Incineroar\n|-damage|p2a: Raging Bolt|73\/100\n|-damage|p2b: Incineroar|79\/100\n|move|p1a: Stormy Boi|Bleakwind Storm|p2b: Incineroar|[spread] p2a\n|-miss|p1a: Stormy Boi|p2b: Incineroar\n|-resisted|p2a: Raging Bolt\n|-damage|p2a: Raging Bolt|63\/100\n|move|p2b: Incineroar|Knock Off|p1b: Shadow\n|-resisted|p1b: Shadow\n|-damage|p1b: Shadow|80\/100\n|-enditem|p1b: Shadow|Covert Cloak|[from] move: Knock Off|[of] p2b: Incineroar\n|\n|upkeep\n|turn|2\n|\n|t:|1739643077\n|switch|p1b: La Flame|Entei, L50, shiny|100\/100\n|switch|p1a: Shy Guy|Ogerpon-Hearthflame, L50, F|100\/100\n|-ability|p1a: Shy Guy|Mold Breaker\n|move|p2a: Raging Bolt|Snarl|p1b: La Flame|[spread] p1a\n|-miss|p2a: Raging Bolt|p1b: La Flame\n|-damage|p1a: Shy Guy|84\/100\n|-unboost|p1a: Shy Guy|spa|1\n|move|p2b: Incineroar|Parting Shot|p1a: Shy Guy\n|-unboost|p1a: Shy Guy|atk|1\n|-unboost|p1a: Shy Guy|spa|1\n|\n|t:|1739643096\n|switch|p2b: Flutter Mane|Flutter Mane, L50|100\/100|[from] Parting Shot\n|\n|upkeep\n|turn|3\n|\n|t:|1739643113\n|-end|p2a: Raging Bolt|Protosynthesis|[silent]\n|switch|p2a: Incineroar|Incineroar, L50, F|79\/100\n|-ability|p2a: Incineroar|Intimidate|boost\n|-unboost|p1a: Shy Guy|atk|1\n|-fail|p1b: La Flame|unboost|Attack|[from] ability: Inner Focus|[of] p1b: La Flame\n|move|p1a: Shy Guy|Follow Me|p1a: Shy Guy\n|-singleturn|p1a: Shy Guy|move: Follow Me\n|move|p2b: Flutter Mane|Power Gem|p1a: Shy Guy\n|-supereffective|p1a: Shy Guy\n|-damage|p1a: Shy Guy|0 fnt\n|faint|p1a: Shy Guy\n|move|p1b: La Flame|Flare Blitz|p2b: Flutter Mane\n|-damage|p2b: Flutter Mane|0 fnt\n|faint|p2b: Flutter Mane\n|-end|p2b: Flutter Mane|Protosynthesis|[silent]\n|-damage|p1b: La Flame|76\/100|[from] Recoil\n|\n|upkeep\n|\n|t:|1739643133\n|switch|p2b: Raging Bolt|Raging Bolt, L50|63\/100\n|switch|p1a: Shadow|Calyrex-Shadow, L50, tera:Dark|80\/100\n|-ability|p1a: Shadow|As One\n|-ability|p1a: Shadow|Unnerve\n|turn|4\n|\n|t:|1739643145\n|move|p1a: Shadow|Protect|p1a: Shadow\n|-singleturn|p1a: Shadow|Protect\n|move|p1b: La Flame|Flare Blitz|p2b: Raging Bolt\n|-resisted|p2b: Raging Bolt\n|-damage|p2b: Raging Bolt|22\/100\n|-damage|p1b: La Flame|61\/100|[from] Recoil\n|move|p2b: Raging Bolt|Snarl|p1a: Shadow|[spread] p1b\n|-activate|p1a: Shadow|move: Protect\n|-damage|p1b: La Flame|42\/100\n|-unboost|p1b: La Flame|spa|1\n|move|p2a: Incineroar|Knock Off|p1b: La Flame\n|-damage|p1b: La Flame|3\/100\n|-enditem|p1b: La Flame|Choice Band|[from] move: Knock Off|[of] p2a: Incineroar\n|\n|upkeep\n|turn|5\n|\n|t:|1739643173\n|move|p2b: Raging Bolt|Thunderclap|p1a: Shadow\n|-damage|p1a: Shadow|43\/100\n|move|p1a: Shadow|Astral Barrage|p2a: Incineroar|[spread] p2a,p2b\n|-resisted|p2a: Incineroar\n|-damage|p2a: Incineroar|59\/100\n|-damage|p2b: Raging Bolt|0 fnt\n|faint|p2b: Raging Bolt\n|-end|p2b: Raging Bolt|Protosynthesis|[silent]\n|-ability|p1a: Shadow|Grim Neigh|boost\n|-boost|p1a: Shadow|spa|1\n|move|p1b: La Flame|Stomping Tantrum|p2a: Incineroar\n|-supereffective|p2a: Incineroar\n|-damage|p2a: Incineroar|13\/100\n|move|p2a: Incineroar|Parting Shot|p1a: Shadow\n|-unboost|p1a: Shadow|atk|1\n|-unboost|p1a: Shadow|spa|1\n|\n|t:|1739643189\n|switch|p2a: Koraidon|Koraidon, L50|100\/100|[from] Parting Shot\n|-weather|SunnyDay|[from] ability: Orichalcum Pulse|[of] p2a: Koraidon\n|-activate|p2a: Koraidon|Orichalcum Pulse|[source]\n|\n|-weather|SunnyDay|[upkeep]\n|upkeep\n|\n|t:|1739643192\n|switch|p2b: Incineroar|Incineroar, L50, F|13\/100\n|-ability|p2b: Incineroar|Intimidate|boost\n|-unboost|p1a: Shadow|atk|1\n|-fail|p1b: La Flame|unboost|Attack|[from] ability: Inner Focus|[of] p1b: La Flame\n|turn|6\n|\n|t:|1739643233\n|-terastallize|p2a: Koraidon|Fire\n|move|p1a: Shadow|Protect|p1a: Shadow\n|-singleturn|p1a: Shadow|Protect\n|move|p2b: Incineroar|Fake Out|p1b: La Flame\n|-damage|p1b: La Flame|0 fnt\n|faint|p1b: La Flame\n|move|p2a: Koraidon|Flame Charge|p1a: Shadow\n|-activate|p1a: Shadow|move: Protect\n|\n|-weather|SunnyDay|[upkeep]\n|upkeep\n|\n|t:|1739643240\n|switch|p1b: Stormy Boi|Tornadus, L50, M|100\/100\n|turn|7\n|\n|t:|1739643247\n|move|p1b: Stormy Boi|Rain Dance|p1b: Stormy Boi\n|-weather|RainDance\n|move|p1a: Shadow|Astral Barrage|p2a: Koraidon|[spread] p2a,p2b\n|-resisted|p2b: Incineroar\n|-damage|p2a: Koraidon|55\/100\n|-damage|p2b: Incineroar|0 fnt\n|faint|p2b: Incineroar\n|-ability|p1a: Shadow|Grim Neigh|boost\n|-boost|p1a: Shadow|spa|1\n|move|p2a: Koraidon|Flare Blitz|p1a: Shadow\n|-damage|p1a: Shadow|8\/100\n|-damage|p2a: Koraidon|45\/100|[from] Recoil\n|\n|-weather|RainDance|[upkeep]\n|upkeep\n|turn|8\n|\n|t:|1739643270\n|move|p1b: Stormy Boi|Tailwind|p1b: Stormy Boi\n|-sidestart|p1: Oooweee24|move: Tailwind\n|move|p1a: Shadow|Astral Barrage|p2a: Koraidon\n|-damage|p2a: Koraidon|0 fnt\n|faint|p2a: Koraidon\n|\n|win|Oooweee24\n|raw|Oooweee24's rating: 1524 &rarr; <strong>1547<\/strong><br \/>(+23 for winning)\n|raw|VGCPancakes's rating: 1582 &rarr; <strong>1559<\/strong><br \/>(-23 for losing)\n|l|\u2606Oooweee24\n|player|p1|\n|l|\u2606VGCPancakes\n|player|p2|\n|l| GarchompExVgc\n","uploadtime":1739643446,"views":5,"formatid":"gen9vgc2025regg","rating":1547,"private":0,"password":null}