{"id":"gen9vgc2025regg-2301977298","format":"[Gen 9] VGC 2025 Reg G","players":["4arms2001","Van Regional Champ"],"log":"|j|\u26064arms2001\n|j|\u2606Van Regional Champ\n|t:|1739732665\n|gametype|doubles\n|player|p1|4arms2001|169|1657\n|player|p2|Van Regional Champ|265|1608\n|teamsize|p1|6\n|teamsize|p2|6\n|gen|9\n|tier|[Gen 9] VGC 2025 Reg G\n|rated|\n|rule|Species Clause: Limit one of each Pok\u00e9mon\n|rule|Item Clause: Limit 1 of each item\n|clearpoke\n|poke|p1|Smeargle, L50, F|\n|poke|p1|Calyrex-Ice, L50|\n|poke|p1|Indeedee-F, L50, F|\n|poke|p1|Amoonguss, L50, F|\n|poke|p1|Ursaluna-Bloodmoon, L50, M|\n|poke|p1|Torkoal, L50, M|\n|poke|p2|Koraidon, L50|\n|poke|p2|Ogerpon-Cornerstone, L50, F|\n|poke|p2|Walking Wake, L50|\n|poke|p2|Flutter Mane, L50|\n|poke|p2|Gouging Fire, L50|\n|poke|p2|Indeedee-F, L50, F|\n|teampreview|4\n|inactive|Battle timer is ON: inactive players will automatically lose when time's up. (requested by 4arms2001)\n|\n|t:|1739732707\n|start\n|switch|p1a: Calyrex|Calyrex-Ice, L50|100\/100\n|switch|p1b: Smeargle|Smeargle, L50, F|100\/100\n|switch|p2a: Koraidon|Koraidon, L50|100\/100\n|switch|p2b: Gouging Fire|Gouging Fire, L50|100\/100\n|-ability|p1a: Calyrex|As One\n|-ability|p1a: Calyrex|Unnerve\n|-weather|SunnyDay|[from] ability: Orichalcum Pulse|[of] p2a: Koraidon\n|-activate|p2b: Gouging Fire|ability: Protosynthesis\n|-start|p2b: Gouging Fire|protosynthesisatk\n|-activate|p2a: Koraidon|Orichalcum Pulse|[source]\n|turn|1\n|\n|t:|1739732726\n|-terastallize|p1a: Calyrex|Water\n|move|p1b: Smeargle|Follow Me|p1b: Smeargle\n|-singleturn|p1b: Smeargle|move: Follow Me\n|move|p2a: Koraidon|Scale Shot|p1b: Smeargle\n|-damage|p1b: Smeargle|58\/100\n|-damage|p1b: Smeargle|13\/100\n|-damage|p1b: Smeargle|0 fnt\n|faint|p1b: Smeargle\n|-hitcount|p1: Smeargle|3\n|-unboost|p2a: Koraidon|def|1\n|-boost|p2a: Koraidon|spe|1\n|move|p2b: Gouging Fire|Outrage|p1a: Calyrex\n|-damage|p1a: Calyrex|24\/100\n|move|p1a: Calyrex|Trick Room|p1a: Calyrex\n|-fieldstart|move: Trick Room|[of] p1a: Calyrex\n|\n|-weather|SunnyDay|[upkeep]\n|upkeep\n|\n|t:|1739732731\n|switch|p1b: Ursaluna|Ursaluna-Bloodmoon, L50, M|100\/100\n|turn|2\n|\n|t:|1739732749\n|move|p2a: Koraidon|Protect|p2a: Koraidon\n|-singleturn|p2a: Koraidon|Protect\n|move|p1a: Calyrex|Glacial Lance|p2b: Gouging Fire|[spread] p2b\n|-activate|p2a: Koraidon|move: Protect\n|-crit|p2b: Gouging Fire\n|-damage|p2b: Gouging Fire|29\/100\n|move|p1b: Ursaluna|Hyper Voice|p2b: Gouging Fire|[spread] p2b\n|-activate|p2a: Koraidon|move: Protect\n|-damage|p2b: Gouging Fire|0 fnt\n|faint|p2b: Gouging Fire\n|-end|p2b: Gouging Fire|Protosynthesis|[silent]\n|-damage|p1b: Ursaluna|90\/100|[from] item: Life Orb\n|\n|-weather|SunnyDay|[upkeep]\n|upkeep\n|\n|t:|1739732763\n|switch|p2b: Ogerpon|Ogerpon-Cornerstone, L50, F|100\/100\n|turn|3\n|inactive|Van Regional Champ has 30 seconds left.\n|\n|t:|1739732798\n|move|p1a: Calyrex|Protect|p1a: Calyrex\n|-singleturn|p1a: Calyrex|Protect\n|move|p2b: Ogerpon|Spiky Shield|p2b: Ogerpon\n|-singleturn|p2b: Ogerpon|move: Protect\n|move|p1b: Ursaluna|Blood Moon|p2a: Koraidon\n|-damage|p2a: Koraidon|14\/100\n|-damage|p1b: Ursaluna|80\/100|[from] item: Life Orb\n|move|p2a: Koraidon|Collision Course|p1a: Calyrex\n|-activate|p1a: Calyrex|move: Protect\n|\n|-weather|SunnyDay|[upkeep]\n|upkeep\n|turn|4\n|\n|t:|1739732817\n|switch|p2a: Walking Wake|Walking Wake, L50|100\/100\n|-activate|p2a: Walking Wake|ability: Protosynthesis\n|-start|p2a: Walking Wake|protosynthesisspa\n|-terastallize|p2b: Ogerpon|Rock\n|detailschange|p2b: Ogerpon|Ogerpon-Cornerstone-Tera, L50, F, tera:Rock\n|-ability|p2b: Ogerpon|Embody Aspect (Cornerstone)|boost\n|-boost|p2b: Ogerpon|def|1\n|move|p1a: Calyrex|Glacial Lance|p2b: Ogerpon|[spread] p2a,p2b\n|-crit|p2a: Walking Wake\n|-damage|p2a: Walking Wake|3\/100\n|-damage|p2b: Ogerpon|46\/100\n|move|p1b: Ursaluna|Hyper Voice|p2a: Walking Wake|[spread] p2a,p2b\n|-resisted|p2b: Ogerpon\n|-damage|p2a: Walking Wake|0 fnt\n|-damage|p2b: Ogerpon|15\/100\n|faint|p2a: Walking Wake\n|-end|p2a: Walking Wake|Protosynthesis|[silent]\n|-damage|p1b: Ursaluna|70\/100|[from] item: Life Orb\n|move|p2b: Ogerpon|Ivy Cudgel|p1a: Calyrex|[anim] Ivy Cudgel Rock\n|-damage|p1a: Calyrex|0 fnt\n|faint|p1a: Calyrex\n|\n|-weather|SunnyDay|[upkeep]\n|upkeep\n|\n|t:|1739732837\n|switch|p1a: Indeedee|Indeedee-F, L50, F|100\/100\n|switch|p2a: Koraidon|Koraidon, L50|14\/100\n|-fieldstart|move: Psychic Terrain|[from] ability: Psychic Surge|[of] p1a: Indeedee\n|-enditem|p1a: Indeedee|Psychic Seed\n|-boost|p1a: Indeedee|spd|1|[from] item: Psychic Seed\n|-activate|p2a: Koraidon|ability: Orichalcum Pulse\n|turn|5\n|\n|t:|1739732847\n|move|p2a: Koraidon|Protect|p2a: Koraidon\n|-singleturn|p2a: Koraidon|Protect\n|move|p2b: Ogerpon|Spiky Shield|p2b: Ogerpon\n|-singleturn|p2b: Ogerpon|move: Protect\n|move|p1b: Ursaluna|Hyper Voice|p2b: Ogerpon|[spread] \n|-activate|p2a: Koraidon|move: Protect\n|-activate|p2b: Ogerpon|move: Protect\n|move|p1a: Indeedee|Psychic|p2a: Koraidon\n|-activate|p2a: Koraidon|move: Protect\n|\n|-weather|none\n|-fieldend|move: Trick Room\n|upkeep\n|turn|6\n|j| oblobbles\n|inactive|Van Regional Champ has 30 seconds left.\n|\n|t:|1739732873\n|move|p1a: Indeedee|Follow Me|p1a: Indeedee\n|-singleturn|p1a: Indeedee|move: Follow Me\n|move|p2b: Ogerpon|Wood Hammer|p1a: Indeedee\n|-damage|p1a: Indeedee|38\/100\n|-damage|p2b: Ogerpon|0 fnt|[from] Recoil\n|faint|p2b: Ogerpon\n|move|p2a: Koraidon|Collision Course|p1a: Indeedee\n|-damage|p1a: Indeedee|0 fnt\n|faint|p1a: Indeedee\n|move|p1b: Ursaluna|Hyper Voice|p2a: Koraidon\n|-damage|p2a: Koraidon|0 fnt\n|faint|p2a: Koraidon\n|-damage|p1b: Ursaluna|60\/100|[from] item: Life Orb\n|\n|win|4arms2001\n|raw|4arms2001's rating: 1657 &rarr; <strong>1674<\/strong><br \/>(+17 for winning)\n|raw|Van Regional Champ's rating: 1608 &rarr; <strong>1591<\/strong><br \/>(-17 for losing)\n|l|\u26064arms2001\n|player|p1|\n|l|\u2606Van Regional Champ\n|player|p2|\n|l| oblobbles\n","uploadtime":1739733048,"views":7,"formatid":"gen9vgc2025regg","rating":1591,"private":0,"password":null}