{"id":"gen9vgc2025regg-2301954479","format":"[Gen 9] VGC 2025 Reg G","players":["Rabble!","Anna giacristo"],"log":"|j|\u2606Rabble!\n|j|\u2606Anna giacristo\n|t:|1739730043\n|gametype|doubles\n|player|p1|Rabble!|2|1562\n|player|p2|Anna giacristo|101|1586\n|teamsize|p1|6\n|teamsize|p2|6\n|gen|9\n|tier|[Gen 9] VGC 2025 Reg G\n|rated|\n|rule|Species Clause: Limit one of each Pok\u00e9mon\n|rule|Item Clause: Limit 1 of each item\n|clearpoke\n|poke|p1|Terapagos, L50, M|\n|poke|p1|Thundurus, L50, M|\n|poke|p1|Comfey, L50, F|\n|poke|p1|Rillaboom, L50, F|\n|poke|p1|Glimmora, L50, M|\n|poke|p1|Chi-Yu, L50|\n|poke|p2|Calyrex-Shadow, L50|\n|poke|p2|Maushold-Four, L50|\n|poke|p2|Dondozo, L50, F|\n|poke|p2|Tatsugiri-Droopy, L50, F|\n|poke|p2|Weezing-Galar, L50, M|\n|poke|p2|Iron Hands, L50|\n|teampreview|4\n|inactive|Battle timer is ON: inactive players will automatically lose when time's up. (requested by Anna giacristo)\n|\n|t:|1739730083\n|start\n|switch|p1a: Terapagos|Terapagos, L50, M|100\/100\n|switch|p1b: Chi-Yu|Chi-Yu, L50|100\/100\n|switch|p2a: Weezing|Weezing-Galar, L50, M|100\/100\n|switch|p2b: Iron Hands|Iron Hands, L50, shiny|100\/100\n|-ability|p2a: Weezing|Neutralizing Gas\n|-activate|p1a: Terapagos|ability: Tera Shift\n|detailschange|p1a: Terapagos|Terapagos-Terastal, L50, M\n|-heal|p1a: Terapagos|100\/100|[silent]\n|turn|1\n|inactive|Rabble! has 30 seconds left.\n|\n|t:|1739730115\n|switch|p1a: Rillaboom|Rillaboom, L50, F|100\/100\n|move|p2b: Iron Hands|Fake Out|p1b: Chi-Yu\n|-damage|p1b: Chi-Yu|75\/100\n|cant|p1b: Chi-Yu|flinch\n|move|p2a: Weezing|Poison Gas|p1a: Rillaboom|[spread] p1a,p1b\n|-status|p1a: Rillaboom|psn\n|-status|p1b: Chi-Yu|psn\n|\n|-damage|p1b: Chi-Yu|62\/100 psn|[from] psn\n|-damage|p1a: Rillaboom|88\/100 psn|[from] psn\n|upkeep\n|turn|2\n|inactive|Anna giacristo has 30 seconds left.\n|\n|t:|1739730146\n|move|p1a: Rillaboom|Fake Out|p2a: Weezing\n|-damage|p2a: Weezing|89\/100\n|move|p1b: Chi-Yu|Will-O-Wisp|p2b: Iron Hands\n|-status|p2b: Iron Hands|brn\n|move|p2a: Weezing|Strange Steam|p1b: Chi-Yu\n|-damage|p1b: Chi-Yu|28\/100 psn\n|move|p2b: Iron Hands|Drain Punch|p1b: Chi-Yu\n|-supereffective|p1b: Chi-Yu\n|-damage|p1b: Chi-Yu|0 fnt\n|faint|p1b: Chi-Yu\n|\n|-damage|p1a: Rillaboom|76\/100 psn|[from] psn\n|-damage|p2b: Iron Hands|95\/100 brn|[from] brn\n|upkeep\n|\n|t:|1739730161\n|switch|p1b: Comfey|Comfey, L50, F|100\/100\n|turn|3\n|\n|t:|1739730184\n|move|p1b: Comfey|Leech Seed|p2b: Iron Hands\n|-start|p2b: Iron Hands|move: Leech Seed\n|move|p1a: Rillaboom|Knock Off|p2a: Weezing\n|-resisted|p2a: Weezing\n|-damage|p2a: Weezing|74\/100\n|-enditem|p2a: Weezing|Covert Cloak|[from] move: Knock Off|[of] p1a: Rillaboom\n|move|p2a: Weezing|Poison Gas|p1b: Comfey|[spread] p1a,p1b\n|-fail|p1a: Rillaboom|psn\n|-status|p1b: Comfey|psn\n|move|p2b: Iron Hands|Drain Punch|p1a: Rillaboom\n|-damage|p1a: Rillaboom|55\/100 psn\n|-heal|p2b: Iron Hands|100\/100 brn|[from] drain|[of] p1a: Rillaboom\n|\n|-damage|p2b: Iron Hands|88\/100 brn|[from] Leech Seed|[of] p1b: Comfey\n|-damage|p1b: Comfey|88\/100 psn|[from] psn\n|-damage|p1a: Rillaboom|43\/100 psn|[from] psn\n|-damage|p2b: Iron Hands|83\/100 brn|[from] brn\n|upkeep\n|turn|4\n|j| hideonbusu\n|l| hideonbusu\n|\n|t:|1739730209\n|-end|p2b: Iron Hands|Quark Drive|[silent]\n|switch|p2b: Maushold|Maushold-Four, L50|100\/100\n|move|p1b: Comfey|Floral Healing|p1a: Rillaboom\n|-heal|p1a: Rillaboom|93\/100 psn\n|move|p1a: Rillaboom|Wood Hammer|p2a: Weezing\n|-resisted|p2a: Weezing\n|-damage|p2a: Weezing|49\/100\n|-damage|p1a: Rillaboom|86\/100 psn|[from] Recoil\n|move|p2a: Weezing|Taunt|p1b: Comfey\n|-start|p1b: Comfey|move: Taunt\n|\n|-damage|p1b: Comfey|76\/100 psn|[from] psn\n|-damage|p1a: Rillaboom|74\/100 psn|[from] psn\n|upkeep\n|turn|5\n|\n|t:|1739730232\n|switch|p2b: Iron Hands|Iron Hands, L50, shiny|83\/100 brn\n|move|p1b: Comfey|Draining Kiss|p2b: Iron Hands\n|-supereffective|p2b: Iron Hands\n|-damage|p2b: Iron Hands|67\/100 brn\n|-heal|p1b: Comfey|95\/100 psn|[from] drain|[of] p2b: Iron Hands\n|move|p1a: Rillaboom|Wood Hammer|p2b: Iron Hands\n|-damage|p2b: Iron Hands|29\/100 brn\n|-damage|p1a: Rillaboom|59\/100 psn|[from] Recoil\n|move|p2a: Weezing|Strange Steam|p1a: Rillaboom\n|-damage|p1a: Rillaboom|41\/100 psn\n|\n|-damage|p1b: Comfey|83\/100 psn|[from] psn\n|-damage|p1a: Rillaboom|29\/100 psn|[from] psn\n|-damage|p2b: Iron Hands|23\/100 brn|[from] brn\n|upkeep\n|turn|6\n|inactive|Rabble! has 30 seconds left.\n|inactive|Anna giacristo has 30 seconds left.\n|inactive|Rabble! has 20 seconds left.\n|inactive|Rabble! has 15 seconds left.\n|\n|t:|1739730274\n|move|p1b: Comfey|Draining Kiss|p2b: Iron Hands\n|-supereffective|p2b: Iron Hands\n|-damage|p2b: Iron Hands|8\/100 brn\n|-heal|p1b: Comfey|100\/100 psn|[from] drain|[of] p2b: Iron Hands\n|move|p1a: Rillaboom|U-turn|p2b: Iron Hands\n|-resisted|p2b: Iron Hands\n|-damage|p2b: Iron Hands|0 fnt\n|faint|p2b: Iron Hands\n|-end|p2b: Iron Hands|Quark Drive|[silent]\n|\n|t:|1739730281\n|switch|p1a: Terapagos|Terapagos-Terastal, L50, M|100\/100|[from] U-turn\n|move|p2a: Weezing|Strange Steam|p1a: Terapagos\n|-damage|p1a: Terapagos|81\/100\n|-start|p1a: Terapagos|confusion\n|\n|-heal|p1a: Terapagos|87\/100|[from] item: Leftovers\n|-damage|p1b: Comfey|88\/100 psn|[from] psn\n|upkeep\n|\n|t:|1739730298\n|switch|p2b: Calyrex|Calyrex-Shadow, L50|100\/100\n|-ability|p2b: Calyrex|As One\n|-ability|p2b: Calyrex|Unnerve\n|turn|7\n|\n|t:|1739730314\n|switch|p1b: Rillaboom|Rillaboom, L50, F|29\/100 psn\n|move|p2b: Calyrex|Psychic|p1b: Rillaboom\n|-damage|p1b: Rillaboom|0 fnt\n|faint|p1b: Rillaboom\n|-ability|p2b: Calyrex|Grim Neigh|boost\n|-boost|p2b: Calyrex|spa|1\n|-activate|p1a: Terapagos|confusion\n|move|p1a: Terapagos|Calm Mind|p1a: Terapagos\n|-boost|p1a: Terapagos|spa|1\n|-boost|p1a: Terapagos|spd|1\n|move|p2a: Weezing|Poison Gas|p1a: Terapagos\n|-status|p1a: Terapagos|psn\n|\n|-heal|p1a: Terapagos|93\/100 psn|[from] item: Leftovers\n|-damage|p1a: Terapagos|81\/100 psn|[from] psn\n|upkeep\n|\n|t:|1739730328\n|switch|p1b: Comfey|Comfey, L50, F|88\/100 psn\n|turn|8\n|\n|t:|1739730352\n|move|p1b: Comfey|Protect|p1b: Comfey\n|-singleturn|p1b: Comfey|Protect\n|move|p2b: Calyrex|Psychic|p1b: Comfey\n|-activate|p1b: Comfey|move: Protect\n|-end|p1a: Terapagos|confusion\n|move|p1a: Terapagos|Scorching Sands|p2a: Weezing\n|-supereffective|p2a: Weezing\n|-damage|p2a: Weezing|0 fnt\n|faint|p2a: Weezing\n|-end|p2a: Weezing|ability: Neutralizing Gas\n|\n|-heal|p1a: Terapagos|87\/100 psn|[from] item: Leftovers\n|-damage|p1b: Comfey|76\/100 psn|[from] psn\n|-damage|p1a: Terapagos|74\/100 psn|[from] psn\n|upkeep\n|\n|t:|1739730359\n|switch|p2a: Maushold|Maushold-Four, L50|100\/100\n|turn|9\n|inactive|Rabble! has 30 seconds left.\n|\n|t:|1739730385\n|-terastallize|p1a: Terapagos|Stellar\n|detailschange|p1a: Terapagos|Terapagos-Stellar, L50, M, tera:Stellar\n|-heal|p1a: Terapagos|81\/100 psn|[silent]\n|move|p1b: Comfey|Floral Healing|p1a: Terapagos\n|-heal|p1a: Terapagos|100\/100 psn\n|move|p2a: Maushold|Follow Me|p2a: Maushold\n|-singleturn|p2a: Maushold|move: Follow Me\n|move|p2b: Calyrex|Psychic|p1b: Comfey\n|-damage|p1b: Comfey|0 fnt\n|faint|p1b: Comfey\n|-ability|p2b: Calyrex|Grim Neigh|boost\n|-boost|p2b: Calyrex|spa|1\n|move|p1a: Terapagos|Tera Starstorm|p2b: Calyrex|[spread] p2a,p2b\n|-damage|p2a: Maushold|44\/100\n|-damage|p2b: Calyrex|65\/100\n|\n|-damage|p1a: Terapagos|88\/100 psn|[from] psn\n|upkeep\n|turn|10\n|\n|t:|1739730401\n|move|p2a: Maushold|Helping Hand|p2b: Calyrex\n|-singleturn|p2b: Calyrex|Helping Hand|[of] p2a: Maushold\n|move|p2b: Calyrex|Psychic|p1a: Terapagos\n|-damage|p1a: Terapagos|3\/100 psn\n|move|p1a: Terapagos|Tera Starstorm|p2a: Maushold|[spread] p2a,p2b\n|-damage|p2a: Maushold|0 fnt\n|-damage|p2b: Calyrex|32\/100\n|faint|p2a: Maushold\n|\n|-heal|p1a: Terapagos|9\/100 psn|[from] item: Leftovers\n|-damage|p1a: Terapagos|0 fnt|[from] psn\n|faint|p1a: Terapagos\n|\n|win|Anna giacristo\n|upkeep\n|raw|Rabble!'s rating: 1562 &rarr; <strong>1543<\/strong><br \/>(-19 for losing)\n|raw|Anna giacristo's rating: 1586 &rarr; <strong>1605<\/strong><br \/>(+19 for winning)\n|l|\u2606Rabble!\n|player|p1|\n|l|\u2606Anna giacristo\n|player|p2|\n","uploadtime":1739730564,"views":9,"formatid":"gen9vgc2025regg","rating":1543,"private":0,"password":null}