{"id":"gen9vgc2025regg-2301206084","format":"[Gen 9] VGC 2025 Reg G","players":["Labaladecos","Admj8pgx'phj"],"log":"|j|\u2606Labaladecos\n|j|\u2606Admj8pgx'phj\n|t:|1739616815\n|gametype|doubles\n|player|p1|Labaladecos|flint|1505\n|player|p2|Admj8pgx'phj|170|1606\n|teamsize|p1|6\n|teamsize|p2|6\n|gen|9\n|tier|[Gen 9] VGC 2025 Reg G\n|rated|\n|rule|Species Clause: Limit one of each Pok\u00e9mon\n|rule|Item Clause: Limit 1 of each item\n|clearpoke\n|poke|p1|Latios, L50, M|\n|poke|p1|Urshifu-*, L50, M|\n|poke|p1|Zamazenta-*, L50|\n|poke|p1|Chien-Pao, L50|\n|poke|p1|Pelipper, L50, M|\n|poke|p1|Moltres-Galar, L50|\n|poke|p2|Urshifu-*, L50, M|\n|poke|p2|Whimsicott, L50, M|\n|poke|p2|Miraidon, L50|\n|poke|p2|Iron Hands, L50|\n|poke|p2|Gholdengo, L50|\n|poke|p2|Chien-Pao, L50|\n|teampreview|4\n|inactive|Battle timer is ON: inactive players will automatically lose when time's up. (requested by Labaladecos)\n|\n|t:|1739616838\n|start\n|switch|p1a: Zamazenta|Zamazenta-Crowned, L50|100\/100\n|switch|p1b: Chien-Pao|Chien-Pao, L50|100\/100\n|switch|p2a: Urshifu|Urshifu, L50, M|100\/100\n|switch|p2b: Whimsicott|Whimsicott, L50, M|100\/100\n|-ability|p1b: Chien-Pao|Sword of Ruin\n|-ability|p1a: Zamazenta|Dauntless Shield|boost\n|-boost|p1a: Zamazenta|def|1\n|turn|1\n|inactive|Labaladecos has 30 seconds left.\n|\n|t:|1739616865\n|switch|p1b: Latios|Latios, L50, M|100\/100\n|-terastallize|p1a: Zamazenta|Grass\n|-terastallize|p2a: Urshifu|Ghost\n|move|p2b: Whimsicott|Moonblast|p1b: Latios\n|-supereffective|p1b: Latios\n|-damage|p1b: Latios|31\/100\n|move|p1a: Zamazenta|Body Press|p2a: Urshifu\n|-immune|p2a: Urshifu\n|move|p2a: Urshifu|Close Combat|p1b: Latios\n|-resisted|p1b: Latios\n|-damage|p1b: Latios|0 fnt\n|-unboost|p2a: Urshifu|def|1\n|-unboost|p2a: Urshifu|spd|1\n|faint|p1b: Latios\n|\n|upkeep\n|\n|t:|1739616888\n|switch|p1b: Urshifu|Urshifu-Rapid-Strike, L50, M|100\/100\n|turn|2\n|\n|t:|1739616901\n|move|p2b: Whimsicott|Tailwind|p2b: Whimsicott\n|-sidestart|p2: Admj8pgx'phj|move: Tailwind\n|move|p2a: Urshifu|Close Combat|p1a: Zamazenta\n|-damage|p1a: Zamazenta|58\/100\n|-unboost|p2a: Urshifu|def|1\n|-unboost|p2a: Urshifu|spd|1\n|move|p1a: Zamazenta|Heavy Slam|p2b: Whimsicott\n|-supereffective|p2b: Whimsicott\n|-enditem|p2b: Whimsicott|Focus Sash\n|-damage|p2b: Whimsicott|1\/100\n|move|p1b: Urshifu|Surging Strikes|p2a: Urshifu\n|-crit|p2a: Urshifu\n|-damage|p2a: Urshifu|52\/100\n|-crit|p2a: Urshifu\n|-damage|p2a: Urshifu|9\/100\n|-crit|p2a: Urshifu\n|-damage|p2a: Urshifu|0 fnt\n|faint|p2a: Urshifu\n|-hitcount|p2: Urshifu|3\n|\n|upkeep\n|\n|t:|1739616910\n|switch|p2a: Chien-Pao|Chien-Pao, L50|100\/100\n|-ability|p2a: Chien-Pao|Sword of Ruin\n|turn|3\n|\n|t:|1739616923\n|move|p1a: Zamazenta|Protect|p1a: Zamazenta\n|-singleturn|p1a: Zamazenta|Protect\n|move|p2b: Whimsicott|Endeavor|p1b: Urshifu\n|-damage|p1b: Urshifu|1\/100\n|move|p2a: Chien-Pao|Icicle Crash|p1a: Zamazenta\n|-activate|p1a: Zamazenta|move: Protect\n|move|p1b: Urshifu|Surging Strikes|p2a: Chien-Pao\n|-crit|p2a: Chien-Pao\n|-damage|p2a: Chien-Pao|70\/100\n|-crit|p2a: Chien-Pao\n|-damage|p2a: Chien-Pao|41\/100\n|-crit|p2a: Chien-Pao\n|-damage|p2a: Chien-Pao|11\/100\n|-hitcount|p2a: Chien-Pao|3\n|\n|upkeep\n|turn|4\n|j| mr pogostick\n|\n|t:|1739616948\n|switch|p1a: Chien-Pao|Chien-Pao, L50|100\/100\n|-ability|p1a: Chien-Pao|Sword of Ruin\n|move|p2a: Chien-Pao|Ice Shard|p1b: Urshifu\n|-resisted|p1b: Urshifu\n|-damage|p1b: Urshifu|0 fnt\n|faint|p1b: Urshifu\n|-damage|p2a: Chien-Pao|1\/100|[from] item: Life Orb\n|move|p2b: Whimsicott|Endeavor|p1a: Chien-Pao\n|-damage|p1a: Chien-Pao|1\/100\n|\n|upkeep\n|\n|t:|1739616960\n|switch|p1b: Zamazenta|Zamazenta-Crowned, L50, tera:Grass|58\/100\n|turn|5\n|inactive|Labaladecos has 30 seconds left.\n|\n|t:|1739616993\n|move|p1b: Zamazenta|Protect|p1b: Zamazenta\n|-singleturn|p1b: Zamazenta|Protect\n|move|p2a: Chien-Pao|Ice Shard|p1a: Chien-Pao\n|-resisted|p1a: Chien-Pao\n|-damage|p1a: Chien-Pao|0 fnt\n|faint|p1a: Chien-Pao\n|-damage|p2a: Chien-Pao|0 fnt|[from] item: Life Orb\n|faint|p2a: Chien-Pao\n|move|p2b: Whimsicott|Endeavor|p1b: Zamazenta\n|-activate|p1b: Zamazenta|move: Protect\n|\n|-sideend|p2: Admj8pgx'phj|move: Tailwind\n|upkeep\n|\n|t:|1739616999\n|switch|p2a: Miraidon|Miraidon, L50|100\/100\n|-fieldstart|move: Electric Terrain|[from] ability: Hadron Engine|[of] p2a: Miraidon\n|turn|6\n|l| mr pogostick\n|inactive|Admj8pgx'phj has 30 seconds left.\n|\n|t:|1739617024\n|move|p2b: Whimsicott|Encore|p1b: Zamazenta\n|-start|p1b: Zamazenta|Encore\n|move|p2a: Miraidon|Electro Drift|p1b: Zamazenta\n|-resisted|p1b: Zamazenta\n|-damage|p1b: Zamazenta|1\/100\n|move|p1b: Zamazenta|Protect||[still]\n|-fail|p1b: Zamazenta\n|\n|upkeep\n|turn|7\n|j| Kaiju Krush\n|inactive|Labaladecos has 30 seconds left.\n|inactive|Labaladecos has 20 seconds left.\n|inactive|Labaladecos has 15 seconds left.\n|j| Mentalrofl\n|inactive|Labaladecos has 10 seconds left.\n|inactive|Labaladecos has 5 seconds left.\n|\n|t:|1739617079\n|move|p1b: Zamazenta|Protect|p1b: Zamazenta\n|-singleturn|p1b: Zamazenta|Protect\n|move|p2b: Whimsicott|Moonblast|p1b: Zamazenta\n|-activate|p1b: Zamazenta|move: Protect\n|move|p2a: Miraidon|Electro Drift|p1b: Zamazenta\n|-activate|p1b: Zamazenta|move: Protect\n|\n|upkeep\n|turn|8\n|l|\u2606Admj8pgx'phj\n|inactive|Admj8pgx'phj disconnected and has a minute to reconnect!\n|player|p2|\n|inactive|Labaladecos has 30 seconds left.\n|inactive|Admj8pgx'phj has 30 seconds left.\n|inactive|Labaladecos has 20 seconds left.\n|inactive|Admj8pgx'phj has 20 seconds left.\n|inactive|Labaladecos has 15 seconds left.\n|inactive|Admj8pgx'phj has 15 seconds left.\n|inactive|Labaladecos has 10 seconds left.\n|inactive|Admj8pgx'phj has 10 seconds left.\n|inactive|Labaladecos has 5 seconds left.\n|inactive|Admj8pgx'phj has 5 seconds left.\n|-message|Admj8pgx'phj lost due to inactivity.\n|\n|win|Labaladecos\n|raw|Labaladecos's rating: 1505 &rarr; <strong>1531<\/strong><br \/>(+26 for winning)\n|raw|Admj8pgx&apos;phj's rating: 1606 &rarr; <strong>1580<\/strong><br \/>(-26 for losing)\n|l| Mentalrofl\n|l| Kaiju Krush\n|l|\u2606Labaladecos\n|player|p1|\n","uploadtime":1739617354,"views":5,"formatid":"gen9vgc2025regg","rating":1531,"private":0,"password":null}