{"id":"gen9vgc2025regg-2301689331","format":"[Gen 9] VGC 2025 Reg G","players":["Ducktile","Punihina"],"log":"|j|\u2606Ducktile\n|j|\u2606Punihina\n|t:|1739684886\n|gametype|doubles\n|player|p1|Ducktile|grimsley|1590\n|player|p2|Punihina|shauntal|1638\n|teamsize|p1|6\n|teamsize|p2|6\n|gen|9\n|tier|[Gen 9] VGC 2025 Reg G\n|rated|\n|rule|Species Clause: Limit one of each Pok\u00e9mon\n|rule|Item Clause: Limit 1 of each item\n|clearpoke\n|poke|p1|Tatsugiri, L50, M|\n|poke|p1|Chi-Yu, L50|\n|poke|p1|Dragonite, L50, M|\n|poke|p1|Dondozo, L50, M|\n|poke|p1|Gholdengo, L50|\n|poke|p1|Miraidon, L50|\n|poke|p2|Whimsicott, L50, F|\n|poke|p2|Miraidon, L50|\n|poke|p2|Farigiraf, L50, M|\n|poke|p2|Ogerpon-Cornerstone, L50, F|\n|poke|p2|Iron Hands, L50|\n|poke|p2|Entei, L50|\n|teampreview|4\n|\n|t:|1739684944\n|start\n|switch|p1a: Chi-Yu|Chi-Yu, L50|100\/100\n|switch|p1b: Miraidon|Miraidon, L50|100\/100\n|switch|p2a: Miraidon|Miraidon, L50|100\/100\n|switch|p2b: Ogerpon|Ogerpon-Cornerstone, L50, F|100\/100\n|-fieldstart|move: Electric Terrain|[from] ability: Hadron Engine|[of] p2a: Miraidon\n|-activate|p1b: Miraidon|ability: Hadron Engine\n|-ability|p1a: Chi-Yu|Beads of Ruin\n|turn|1\n|\n|t:|1739684964\n|move|p2a: Miraidon|Dazzling Gleam|p1b: Miraidon|[spread] p1a,p1b\n|-supereffective|p1b: Miraidon\n|-damage|p1a: Chi-Yu|53\/100\n|-damage|p1b: Miraidon|36\/100\n|move|p1b: Miraidon|Dazzling Gleam|p2a: Miraidon|[spread] p2a,p2b\n|-supereffective|p2a: Miraidon\n|-damage|p2a: Miraidon|41\/100\n|-damage|p2b: Ogerpon|52\/100\n|move|p2b: Ogerpon|Ivy Cudgel|p1a: Chi-Yu|[anim] Ivy Cudgel Rock\n|-supereffective|p1a: Chi-Yu\n|-damage|p1a: Chi-Yu|0 fnt\n|faint|p1a: Chi-Yu\n|\n|upkeep\n|\n|t:|1739684973\n|switch|p1a: Dondozo|Dondozo, L50, M|100\/100\n|turn|2\n|\n|t:|1739684988\n|switch|p2a: Whimsicott|Whimsicott, L50, F|100\/100\n|switch|p1b: Tatsugiri|Tatsugiri, L50, M|100\/100\n|-activate|p1b: Tatsugiri|ability: Commander|[of] p1a: Dondozo\n|-boost|p1a: Dondozo|atk|2\n|-boost|p1a: Dondozo|spa|2\n|-boost|p1a: Dondozo|spe|2\n|-boost|p1a: Dondozo|def|2\n|-boost|p1a: Dondozo|spd|2\n|-terastallize|p1a: Dondozo|Grass\n|move|p2b: Ogerpon|Spiky Shield|p2b: Ogerpon\n|-singleturn|p2b: Ogerpon|move: Protect\n|move|p1a: Dondozo|Earthquake|p2b: Ogerpon|[spread] p2a\n|-miss|p1a: Dondozo|p1b: Tatsugiri\n|-activate|p2b: Ogerpon|move: Protect\n|-resisted|p2a: Whimsicott\n|-damage|p2a: Whimsicott|78\/100\n|\n|upkeep\n|turn|3\n|j| mr pogostick\n|\n|t:|1739685008\n|move|p2a: Whimsicott|Encore|p1a: Dondozo\n|-start|p1a: Dondozo|Encore\n|move|p2b: Ogerpon|Ivy Cudgel|p1a: Dondozo|[anim] Ivy Cudgel Rock\n|-damage|p1a: Dondozo|80\/100\n|move|p1a: Dondozo|Earthquake|p2a: Whimsicott|[spread] p2a,p2b\n|-miss|p1a: Dondozo|p1b: Tatsugiri\n|-resisted|p2a: Whimsicott\n|-damage|p2a: Whimsicott|54\/100\n|-damage|p2b: Ogerpon|0 fnt\n|faint|p2b: Ogerpon\n|\n|-heal|p1a: Dondozo|86\/100|[from] item: Leftovers\n|upkeep\n|\n|t:|1739685016\n|switch|p2b: Iron Hands|Iron Hands, L50|100\/100\n|-activate|p2b: Iron Hands|ability: Quark Drive\n|-start|p2b: Iron Hands|quarkdriveatk\n|turn|4\n|\n|t:|1739685026\n|-terastallize|p2b: Iron Hands|Bug\n|move|p1a: Dondozo|Earthquake|p2a: Whimsicott|[spread] p2a,p2b\n|-miss|p1a: Dondozo|p1b: Tatsugiri\n|-resisted|p2a: Whimsicott\n|-crit|p2a: Whimsicott\n|-resisted|p2b: Iron Hands\n|-damage|p2a: Whimsicott|15\/100\n|-damage|p2b: Iron Hands|86\/100\n|move|p2a: Whimsicott|Moonblast|p1a: Dondozo\n|-damage|p1a: Dondozo|72\/100\n|move|p2b: Iron Hands|Low Kick|p1a: Dondozo\n|-damage|p1a: Dondozo|40\/100\n|\n|-heal|p1a: Dondozo|46\/100|[from] item: Leftovers\n|upkeep\n|turn|5\n|\n|t:|1739685043\n|move|p2a: Whimsicott|Tailwind|p2a: Whimsicott\n|-sidestart|p2: Punihina|move: Tailwind\n|move|p1a: Dondozo|Earthquake|p2a: Whimsicott|[spread] p2a,p2b\n|-miss|p1a: Dondozo|p1b: Tatsugiri\n|-resisted|p2a: Whimsicott\n|-resisted|p2b: Iron Hands\n|-damage|p2a: Whimsicott|0 fnt\n|-damage|p2b: Iron Hands|72\/100\n|faint|p2a: Whimsicott\n|move|p2b: Iron Hands|Low Kick|p1a: Dondozo\n|-damage|p1a: Dondozo|16\/100\n|\n|-heal|p1a: Dondozo|23\/100|[from] item: Leftovers\n|-end|p1a: Dondozo|Encore\n|-fieldend|move: Electric Terrain\n|-end|p2b: Iron Hands|Quark Drive\n|upkeep\n|\n|t:|1739685052\n|switch|p2a: Miraidon|Miraidon, L50|41\/100\n|-fieldstart|move: Electric Terrain|[from] ability: Hadron Engine|[of] p2a: Miraidon\n|-activate|p2b: Iron Hands|ability: Quark Drive\n|-start|p2b: Iron Hands|quarkdriveatk\n|turn|6\n|\n|t:|1739685059\n|move|p1a: Dondozo|Protect|p1a: Dondozo\n|-singleturn|p1a: Dondozo|Protect\n|move|p2a: Miraidon|Draco Meteor|p1a: Dondozo\n|-activate|p1a: Dondozo|move: Protect\n|move|p2b: Iron Hands|Drain Punch|p1a: Dondozo\n|-activate|p1a: Dondozo|move: Protect\n|\n|-heal|p1a: Dondozo|29\/100|[from] item: Leftovers\n|upkeep\n|turn|7\n|inactive|Battle timer is ON: inactive players will automatically lose when time's up. (requested by Punihina)\n|\n|t:|1739685086\n|move|p2a: Miraidon|Draco Meteor|p1a: Dondozo\n|-damage|p1a: Dondozo|0 fnt\n|-unboost|p2a: Miraidon|spa|2\n|faint|p1a: Dondozo\n|move|p2b: Iron Hands|Drain Punch|p1b: Tatsugiri\n|-damage|p1b: Tatsugiri|15\/100\n|-heal|p2b: Iron Hands|98\/100|[from] drain|[of] p1b: Tatsugiri\n|\n|upkeep\n|\n|t:|1739685089\n|switch|p1a: Miraidon|Miraidon, L50|36\/100\n|-activate|p1a: Miraidon|ability: Hadron Engine\n|turn|8\n|\n|t:|1739685106\n|move|p2a: Miraidon|Draco Meteor|p1a: Miraidon|[miss]\n|-miss|p2a: Miraidon|p1a: Miraidon\n|move|p1b: Tatsugiri|Icy Wind|p2a: Miraidon|[spread] p2a,p2b\n|-supereffective|p2a: Miraidon\n|-damage|p2a: Miraidon|24\/100\n|-damage|p2b: Iron Hands|91\/100\n|-unboost|p2a: Miraidon|spe|1\n|-unboost|p2b: Iron Hands|spe|1\n|move|p1a: Miraidon|Dazzling Gleam|p2a: Miraidon|[spread] p2a,p2b\n|-supereffective|p2a: Miraidon\n|-damage|p2a: Miraidon|0 fnt\n|-damage|p2b: Iron Hands|75\/100\n|faint|p2a: Miraidon\n|move|p2b: Iron Hands|Drain Punch|p1a: Miraidon\n|-damage|p1a: Miraidon|0 fnt\n|-heal|p2b: Iron Hands|89\/100|[from] drain|[of] p1a: Miraidon\n|faint|p1a: Miraidon\n|\n|-sideend|p2: Punihina|move: Tailwind\n|upkeep\n|turn|9\n|\n|t:|1739685116\n|move|p1b: Tatsugiri|Icy Wind|p2b: Iron Hands\n|-damage|p2b: Iron Hands|81\/100\n|-unboost|p2b: Iron Hands|spe|1\n|move|p2b: Iron Hands|Drain Punch|p1b: Tatsugiri\n|-damage|p1b: Tatsugiri|0 fnt\n|-heal|p2b: Iron Hands|85\/100|[from] drain|[of] p1b: Tatsugiri\n|faint|p1b: Tatsugiri\n|\n|win|Punihina\n|raw|Ducktile's rating: 1590 &rarr; <strong>1573<\/strong><br \/>(-17 for losing)\n|raw|Punihina's rating: 1638 &rarr; <strong>1655<\/strong><br \/>(+17 for winning)\n","uploadtime":1739685136,"views":17,"formatid":"gen9vgc2025regg","rating":1573,"private":0,"password":null}