{"id":"gen9vgc2025regg-2301480903","format":"[Gen 9] VGC 2025 Reg G","players":["IchibanActor","Rabble!"],"log":"|j|\u2606IchibanActor\n|j|\u2606Rabble!\n|t:|1739655588\n|gametype|doubles\n|player|p1|IchibanActor|richboy-gen4|1544\n|player|p2|Rabble!|1|1681\n|teamsize|p1|6\n|teamsize|p2|6\n|gen|9\n|tier|[Gen 9] VGC 2025 Reg G\n|rated|\n|rule|Species Clause: Limit one of each Pok\u00e9mon\n|rule|Item Clause: Limit 1 of each item\n|clearpoke\n|poke|p1|Whimsicott, L50, F|\n|poke|p1|Zacian-*, L50|\n|poke|p1|Chi-Yu, L50|\n|poke|p1|Ogerpon-Wellspring, L50, F|\n|poke|p1|Regidrago, L50|\n|poke|p1|Ditto, L50|\n|poke|p2|Terapagos, L50, M|\n|poke|p2|Thundurus, L50, M|\n|poke|p2|Comfey, L50, F|\n|poke|p2|Rillaboom, L50, M|\n|poke|p2|Glimmora, L50, F|\n|poke|p2|Chi-Yu, L50|\n|teampreview|4\n|inactive|Battle timer is ON: inactive players will automatically lose when time's up. (requested by IchibanActor)\n|inactive|IchibanActor has 60 seconds left.\n|inactive|Rabble! has 60 seconds left.\n|\n|t:|1739655649\n|start\n|switch|p1a: Whimsicott|Whimsicott, L50, F|100\/100\n|switch|p1b: Chi-Yu|Chi-Yu, L50|100\/100\n|switch|p2a: Terapagos|Terapagos, L50, M|100\/100\n|switch|p2b: Thundurus|Thundurus, L50, M|100\/100\n|-activate|p2a: Terapagos|ability: Tera Shift\n|detailschange|p2a: Terapagos|Terapagos-Terastal, L50, M\n|-heal|p2a: Terapagos|100\/100|[silent]\n|-ability|p1b: Chi-Yu|Beads of Ruin\n|turn|1\n|\n|t:|1739655667\n|move|p1a: Whimsicott|Tailwind|p1a: Whimsicott\n|-sidestart|p1: IchibanActor|move: Tailwind\n|move|p1b: Chi-Yu|Snarl|p2a: Terapagos|[spread] p2a,p2b\n|-activate|p2a: Terapagos|ability: Tera Shell\n|-resisted|p2a: Terapagos\n|-damage|p2a: Terapagos|85\/100\n|-damage|p2b: Thundurus|57\/100\n|-unboost|p2a: Terapagos|spa|1\n|move|p2b: Thundurus|Wildbolt Storm|p1a: Whimsicott|[spread] p1a,p1b\n|-resisted|p1a: Whimsicott\n|-damage|p1a: Whimsicott|72\/100\n|-damage|p1b: Chi-Yu|70\/100\n|move|p2a: Terapagos|Calm Mind|p2a: Terapagos\n|-boost|p2a: Terapagos|spa|1\n|-boost|p2a: Terapagos|spd|1\n|\n|-heal|p2a: Terapagos|91\/100|[from] item: Leftovers\n|upkeep\n|turn|2\n|inactive|IchibanActor has 30 seconds left.\n|\n|t:|1739655700\n|move|p2b: Thundurus|Thunder Wave|p1a: Whimsicott|[miss]\n|-miss|p2b: Thundurus|p1a: Whimsicott\n|move|p1a: Whimsicott|Moonblast|p2b: Thundurus\n|-damage|p2b: Thundurus|21\/100\n|move|p1b: Chi-Yu|Snarl|p2b: Thundurus|[spread] p2a,p2b\n|-damage|p2a: Terapagos|71\/100\n|-damage|p2b: Thundurus|0 fnt\n|-unboost|p2a: Terapagos|spa|1\n|faint|p2b: Thundurus\n|move|p2a: Terapagos|Calm Mind|p2a: Terapagos\n|-boost|p2a: Terapagos|spa|1\n|-boost|p2a: Terapagos|spd|1\n|\n|-heal|p2a: Terapagos|77\/100|[from] item: Leftovers\n|upkeep\n|\n|t:|1739655710\n|switch|p2b: Comfey|Comfey, L50, F|100\/100\n|turn|3\n|\n|t:|1739655729\n|switch|p1b: Zacian|Zacian-Crowned, L50|100\/100\n|-ability|p1b: Zacian|Intrepid Sword|boost\n|-boost|p1b: Zacian|atk|1\n|move|p1a: Whimsicott|Encore|p2a: Terapagos\n|-start|p2a: Terapagos|Encore\n|move|p2b: Comfey|Leech Seed|p1b: Zacian\n|-start|p1b: Zacian|move: Leech Seed\n|move|p2a: Terapagos|Calm Mind|p2a: Terapagos\n|-boost|p2a: Terapagos|spa|1\n|-boost|p2a: Terapagos|spd|1\n|\n|-heal|p2a: Terapagos|83\/100|[from] item: Leftovers\n|-damage|p1b: Zacian|88\/100|[from] Leech Seed|[of] p2b: Comfey\n|upkeep\n|turn|4\n|inactive|Rabble! has 30 seconds left.\n|\n|t:|1739655755\n|move|p2b: Comfey|Protect|p2b: Comfey\n|-singleturn|p2b: Comfey|Protect\n|move|p1a: Whimsicott|Encore|p2b: Comfey\n|-activate|p2b: Comfey|move: Protect\n|move|p1b: Zacian|Behemoth Blade|p2a: Terapagos\n|-damage|p2a: Terapagos|25\/100\n|move|p2a: Terapagos|Calm Mind|p2a: Terapagos\n|-boost|p2a: Terapagos|spa|1\n|-boost|p2a: Terapagos|spd|1\n|\n|-heal|p2a: Terapagos|31\/100|[from] item: Leftovers\n|-damage|p1b: Zacian|75\/100|[from] Leech Seed|[of] p2b: Comfey\n|-sideend|p1: IchibanActor|move: Tailwind\n|upkeep\n|turn|5\n|\n|t:|1739655772\n|move|p2b: Comfey|Floral Healing|p2a: Terapagos\n|-heal|p2a: Terapagos|81\/100\n|move|p1a: Whimsicott|Tailwind|p1a: Whimsicott\n|-sidestart|p1: IchibanActor|move: Tailwind\n|move|p1b: Zacian|Behemoth Blade|p2a: Terapagos\n|-damage|p2a: Terapagos|26\/100\n|move|p2a: Terapagos|Calm Mind|p2a: Terapagos\n|-boost|p2a: Terapagos|spa|1\n|-boost|p2a: Terapagos|spd|1\n|\n|-heal|p2a: Terapagos|32\/100|[from] item: Leftovers\n|-damage|p1b: Zacian|63\/100|[from] Leech Seed|[of] p2b: Comfey\n|-end|p2a: Terapagos|Encore\n|upkeep\n|turn|6\n|\n|t:|1739655791\n|switch|p2a: Chi-Yu|Chi-Yu, L50|100\/100\n|-ability|p2a: Chi-Yu|Beads of Ruin\n|move|p2b: Comfey|Protect|p2b: Comfey\n|-singleturn|p2b: Comfey|Protect\n|move|p1a: Whimsicott|Encore|p2a: Chi-Yu\n|-hint|Since gen 7, Dark is immune to Prankster moves.\n|-immune|p2a: Chi-Yu\n|move|p1b: Zacian|Behemoth Blade|p2b: Comfey\n|-activate|p2b: Comfey|move: Protect\n|\n|-damage|p1b: Zacian|50\/100|[from] Leech Seed|[of] p2b: Comfey\n|upkeep\n|turn|7\n|inactive|IchibanActor has 30 seconds left.\n|inactive|Rabble! has 30 seconds left.\n|inactive|Rabble! has 20 seconds left.\n|\n|t:|1739655831\n|-terastallize|p1b: Zacian|Ground\n|move|p2b: Comfey|Draining Kiss|p1a: Whimsicott\n|-damage|p1a: Whimsicott|47\/100\n|move|p1b: Zacian|Tera Blast|p2a: Chi-Yu|[anim] Tera Blast Ground\n|-supereffective|p2a: Chi-Yu\n|-enditem|p2a: Chi-Yu|Focus Sash\n|-damage|p2a: Chi-Yu|1\/100\n|move|p1a: Whimsicott|Moonblast|p2a: Chi-Yu\n|-damage|p2a: Chi-Yu|0 fnt\n|faint|p2a: Chi-Yu\n|\n|-damage|p1b: Zacian|38\/100|[from] Leech Seed|[of] p2b: Comfey\n|upkeep\n|\n|t:|1739655841\n|switch|p2a: Terapagos|Terapagos-Terastal, L50, M|32\/100\n|turn|8\n|\n|t:|1739655861\n|-terastallize|p2a: Terapagos|Stellar\n|detailschange|p2a: Terapagos|Terapagos-Stellar, L50, M, tera:Stellar\n|-heal|p2a: Terapagos|48\/100|[silent]\n|move|p2b: Comfey|Floral Healing|p2a: Terapagos\n|-heal|p2a: Terapagos|99\/100\n|move|p1b: Zacian|Behemoth Blade|p2b: Comfey\n|-supereffective|p2b: Comfey\n|-damage|p2b: Comfey|0 fnt\n|faint|p2b: Comfey\n|move|p1a: Whimsicott|Moonblast|p2a: Terapagos\n|-damage|p2a: Terapagos|82\/100\n|move|p2a: Terapagos|Tera Starstorm|p1a: Whimsicott|[spread] p1a,p1b\n|-supereffective|p1b: Zacian\n|-damage|p1a: Whimsicott|5\/100\n|-damage|p1b: Zacian|0 fnt\n|faint|p1b: Zacian\n|\n|-heal|p2a: Terapagos|88\/100|[from] item: Leftovers\n|-sideend|p1: IchibanActor|move: Tailwind\n|upkeep\n|inactive|IchibanActor has 30 seconds left.\n|\n|t:|1739655889\n|switch|p1b: Ditto|Ditto, L50|100\/100\n|turn|9\n|\n|t:|1739655897\n|move|p1a: Whimsicott|Tailwind|p1a: Whimsicott\n|-sidestart|p1: IchibanActor|move: Tailwind\n|move|p1b: Ditto|Transform||[still]\n|-fail|p1b: Ditto\n|move|p2a: Terapagos|Tera Starstorm|p1a: Whimsicott|[spread] p1a,p1b\n|-damage|p1a: Whimsicott|0 fnt\n|-damage|p1b: Ditto|35\/100\n|faint|p1a: Whimsicott\n|\n|-heal|p2a: Terapagos|94\/100|[from] item: Leftovers\n|upkeep\n|\n|t:|1739655909\n|switch|p1a: Chi-Yu|Chi-Yu, L50|70\/100\n|-ability|p1a: Chi-Yu|Beads of Ruin\n|turn|10\n|c|\u2606Rabble!|Didn't know Ditto couldn't copy Terapagos lol\n|\n|t:|1739655925\n|move|p2a: Terapagos|Protect|p2a: Terapagos\n|-singleturn|p2a: Terapagos|Protect\n|move|p1a: Chi-Yu|Dark Pulse|p2a: Terapagos\n|-activate|p2a: Terapagos|move: Protect\n|move|p1b: Ditto|Transform|p1a: Chi-Yu\n|-transform|p1b: Ditto|p1a: Chi-Yu\n|-ability|p1b: Ditto|Beads of Ruin\n|\n|-heal|p2a: Terapagos|99\/100|[from] item: Leftovers\n|upkeep\n|turn|11\n|\n|t:|1739655940\n|move|p1b: Ditto|Snarl|p2a: Terapagos\n|-damage|p2a: Terapagos|78\/100\n|-unboost|p2a: Terapagos|spa|1\n|move|p1a: Chi-Yu|Dark Pulse|p2a: Terapagos\n|-damage|p2a: Terapagos|31\/100\n|move|p2a: Terapagos|Tera Starstorm|p1b: Ditto|[spread] p1a,p1b\n|-damage|p1a: Chi-Yu|45\/100\n|-damage|p1b: Ditto|7\/100\n|\n|-heal|p2a: Terapagos|37\/100|[from] item: Leftovers\n|upkeep\n|turn|12\n|\n|t:|1739655954\n|move|p2a: Terapagos|Protect|p2a: Terapagos\n|-singleturn|p2a: Terapagos|Protect\n|move|p1a: Chi-Yu|Dark Pulse|p2a: Terapagos\n|-activate|p2a: Terapagos|move: Protect\n|move|p1b: Ditto|Snarl|p2a: Terapagos\n|-activate|p2a: Terapagos|move: Protect\n|\n|-heal|p2a: Terapagos|43\/100|[from] item: Leftovers\n|-sideend|p1: IchibanActor|move: Tailwind\n|upkeep\n|turn|13\n|\n|t:|1739655967\n|move|p2a: Terapagos|Protect|p2a: Terapagos\n|-singleturn|p2a: Terapagos|Protect\n|move|p1b: Ditto|Snarl|p2a: Terapagos\n|-activate|p2a: Terapagos|move: Protect\n|move|p1a: Chi-Yu|Dark Pulse|p2a: Terapagos\n|-activate|p2a: Terapagos|move: Protect\n|\n|-heal|p2a: Terapagos|49\/100|[from] item: Leftovers\n|upkeep\n|turn|14\n|\n|t:|1739655981\n|move|p1b: Ditto|Snarl|p2a: Terapagos\n|-damage|p2a: Terapagos|27\/100\n|-unboost|p2a: Terapagos|spa|1\n|move|p1a: Chi-Yu|Dark Pulse|p2a: Terapagos\n|-damage|p2a: Terapagos|0 fnt\n|faint|p2a: Terapagos\n|\n|win|IchibanActor\n|raw|IchibanActor's rating: 1544 &rarr; <strong>1572<\/strong><br \/>(+28 for winning)\n|raw|Rabble!'s rating: 1681 &rarr; <strong>1653<\/strong><br \/>(-28 for losing)\n|l|\u2606Rabble!\n|player|p2|\n|l|\u2606IchibanActor\n|player|p1|\n","uploadtime":1739656249,"views":6,"formatid":"gen9vgc2025regg","rating":1572,"private":0,"password":null}