{"id":"gen9vgc2025regg-2301853557","format":"[Gen 9] VGC 2025 Reg G","players":["Ibberdytten","ApoVGC"],"log":"|j|\u2606Ibberdytten\n|j|\u2606ApoVGC\n|t:|1739717271\n|gametype|doubles\n|player|p1|Ibberdytten|whitney|1563\n|player|p2|ApoVGC|102|1654\n|teamsize|p1|6\n|teamsize|p2|6\n|gen|9\n|tier|[Gen 9] VGC 2025 Reg G\n|rated|\n|rule|Species Clause: Limit one of each Pok\u00e9mon\n|rule|Item Clause: Limit 1 of each item\n|clearpoke\n|poke|p1|Calyrex-Shadow, L50|\n|poke|p1|Weezing-Galar, L50, F|\n|poke|p1|Dondozo, L50, M|\n|poke|p1|Tatsugiri-Droopy, L50, F|\n|poke|p1|Indeedee-F, L50, F|\n|poke|p1|Urshifu-*, L50, F|\n|poke|p2|Calyrex-Shadow, L50|\n|poke|p2|Amoonguss, L50, F|\n|poke|p2|Tornadus, L50, M|\n|poke|p2|Indeedee-F, L50, F|\n|poke|p2|Urshifu-*, L50, F|\n|poke|p2|Chi-Yu, L50|\n|teampreview|4\n|inactive|Battle timer is ON: inactive players will automatically lose when time's up. (requested by ApoVGC)\n|\n|t:|1739717298\n|start\n|switch|p1a: Weezing|Weezing-Galar, L50, F|100\/100\n|switch|p1b: Calyrex|Calyrex-Shadow, L50|100\/100\n|switch|p2a: Calyrex|Calyrex-Shadow, L50|100\/100\n|switch|p2b: Chi-Yu|Chi-Yu, L50|100\/100\n|-ability|p1a: Weezing|Neutralizing Gas\n|-ability|p1b: Calyrex|As One\n|-ability|p1b: Calyrex|Unnerve\n|-ability|p2a: Calyrex|As One\n|-ability|p2a: Calyrex|Unnerve\n|turn|1\n|\n|t:|1739717317\n|-terastallize|p1b: Calyrex|Fairy\n|move|p2a: Calyrex|Protect|p2a: Calyrex\n|-singleturn|p2a: Calyrex|Protect\n|move|p2b: Chi-Yu|Heat Wave|p1a: Weezing|[spread] p1a,p1b\n|-damage|p1a: Weezing|56\/100\n|-damage|p1b: Calyrex|55\/100\n|move|p1b: Calyrex|Astral Barrage|p2a: Calyrex|[spread] p2b\n|-activate|p2a: Calyrex|move: Protect\n|-resisted|p2b: Chi-Yu\n|-damage|p2b: Chi-Yu|57\/100\n|-damage|p1b: Calyrex|46\/100|[from] item: Life Orb\n|move|p1a: Weezing|Poison Gas|p2a: Calyrex|[spread] p2b\n|-activate|p2a: Calyrex|move: Protect\n|-status|p2b: Chi-Yu|psn\n|\n|-damage|p2b: Chi-Yu|44\/100 psn|[from] psn\n|upkeep\n|turn|2\n|\n|t:|1739717334\n|-terastallize|p2a: Calyrex|Fairy\n|move|p2b: Chi-Yu|Heat Wave|p1b: Calyrex|[spread] p1a,p1b\n|-damage|p1a: Weezing|9\/100\n|-damage|p1b: Calyrex|7\/100\n|move|p2a: Calyrex|Astral Barrage|p1a: Weezing|[spread] p1a,p1b\n|-damage|p1a: Weezing|0 fnt\n|-damage|p1b: Calyrex|0 fnt\n|faint|p1a: Weezing\n|-end|p1a: Weezing|ability: Neutralizing Gas\n|-ability|p2b: Chi-Yu|Beads of Ruin\n|faint|p1b: Calyrex\n|-ability|p2a: Calyrex|Grim Neigh|boost\n|-boost|p2a: Calyrex|spa|2\n|-damage|p2a: Calyrex|91\/100|[from] item: Life Orb\n|\n|-damage|p2b: Chi-Yu|32\/100 psn|[from] psn\n|upkeep\n|\n|t:|1739717338\n|switch|p1b: Tatsugiri|Tatsugiri-Droopy, L50, F|100\/100\n|switch|p1a: Dondozo|Dondozo, L50, M|100\/100\n|-activate|p1b: Tatsugiri|ability: Commander|[of] p1a: Dondozo\n|-boost|p1a: Dondozo|atk|2\n|-boost|p1a: Dondozo|spa|2\n|-boost|p1a: Dondozo|spe|2\n|-boost|p1a: Dondozo|def|2\n|-boost|p1a: Dondozo|spd|2\n|turn|3\n|\n|t:|1739717349\n|move|p2a: Calyrex|Protect|p2a: Calyrex\n|-singleturn|p2a: Calyrex|Protect\n|move|p2b: Chi-Yu|Heat Wave|p1a: Dondozo|[spread] p1a\n|-miss|p2b: Chi-Yu|p1b: Tatsugiri\n|-resisted|p1a: Dondozo\n|-damage|p1a: Dondozo|88\/100\n|move|p1a: Dondozo|Wave Crash|p2a: Calyrex\n|-activate|p2a: Calyrex|move: Protect\n|\n|-heal|p1a: Dondozo|94\/100|[from] item: Leftovers\n|-damage|p2b: Chi-Yu|20\/100 psn|[from] psn\n|upkeep\n|turn|4\n|\n|t:|1739717366\n|switch|p2a: Indeedee|Indeedee-F, L50, F|100\/100\n|-fieldstart|move: Psychic Terrain|[from] ability: Psychic Surge|[of] p2a: Indeedee\n|-enditem|p2a: Indeedee|Psychic Seed\n|-boost|p2a: Indeedee|spd|1|[from] item: Psychic Seed\n|move|p2b: Chi-Yu|Heat Wave|p1a: Dondozo|[spread] \n|-miss|p2b: Chi-Yu|p1b: Tatsugiri\n|-miss|p2b: Chi-Yu|p1a: Dondozo\n|move|p1a: Dondozo|Wave Crash|p2a: Indeedee\n|-crit|p2a: Indeedee\n|-damage|p2a: Indeedee|0 fnt\n|faint|p2a: Indeedee\n|-damage|p1a: Dondozo|68\/100|[from] Recoil\n|\n|-heal|p1a: Dondozo|74\/100|[from] item: Leftovers\n|-damage|p2b: Chi-Yu|7\/100 psn|[from] psn\n|upkeep\n|\n|t:|1739717380\n|switch|p2a: Calyrex|Calyrex-Shadow, L50, tera:Fairy|91\/100\n|-ability|p2a: Calyrex|As One\n|-ability|p2a: Calyrex|Unnerve\n|turn|5\n|\n|t:|1739717387\n|move|p2a: Calyrex|Protect|p2a: Calyrex\n|-singleturn|p2a: Calyrex|Protect\n|move|p1a: Dondozo|Protect|p1a: Dondozo\n|-singleturn|p1a: Dondozo|Protect\n|move|p2b: Chi-Yu|Heat Wave|p1a: Dondozo|[spread] \n|-miss|p2b: Chi-Yu|p1b: Tatsugiri\n|-activate|p1a: Dondozo|move: Protect\n|\n|-heal|p1a: Dondozo|81\/100|[from] item: Leftovers\n|-damage|p2b: Chi-Yu|0 fnt|[from] psn\n|faint|p2b: Chi-Yu\n|upkeep\n|\n|t:|1739717392\n|switch|p2b: Tornadus|Tornadus, L50, M|100\/100\n|turn|6\n|\n|t:|1739717404\n|move|p2a: Calyrex|Expanding Force|p1b: Tatsugiri|[spread] p1a\n|-miss|p2a: Calyrex|p1b: Tatsugiri\n|-damage|p1a: Dondozo|36\/100\n|-damage|p2a: Calyrex|81\/100|[from] item: Life Orb\n|move|p1a: Dondozo|Wave Crash|p2a: Calyrex\n|-damage|p2a: Calyrex|0 fnt\n|faint|p2a: Calyrex\n|-damage|p1a: Dondozo|15\/100|[from] Recoil\n|move|p2b: Tornadus|Bleakwind Storm|p1b: Tatsugiri|[spread] p1a\n|-miss|p2b: Tornadus|p1b: Tatsugiri\n|-damage|p1a: Dondozo|0 fnt\n|faint|p1a: Dondozo\n|\n|upkeep\n|turn|7\n|\n|t:|1739717422\n|move|p1b: Tatsugiri|Draco Meteor|p2b: Tornadus\n|-damage|p2b: Tornadus|29\/100\n|-unboost|p1b: Tatsugiri|spa|2\n|move|p2b: Tornadus|Bleakwind Storm|p1b: Tatsugiri\n|-damage|p1b: Tatsugiri|44\/100\n|-unboost|p1b: Tatsugiri|spe|1\n|\n|upkeep\n|turn|8\n|\n|t:|1739717431\n|move|p2b: Tornadus|Bleakwind Storm|p1b: Tatsugiri\n|-damage|p1b: Tatsugiri|0 fnt\n|faint|p1b: Tatsugiri\n|\n|win|ApoVGC\n|raw|Ibberdytten's rating: 1563 &rarr; <strong>1548<\/strong><br \/>(-15 for losing)\n|raw|ApoVGC's rating: 1654 &rarr; <strong>1669<\/strong><br \/>(+15 for winning)\n|l|\u2606ApoVGC\n|player|p2|\n|c|\u2606Ibberdytten|a speed ti\n|l|\u2606Ibberdytten\n|player|p1|\n","uploadtime":1739717685,"views":5,"formatid":"gen9vgc2025regg","rating":1548,"private":0,"password":null}