{"id":"gen9vgc2025regg-2301153756","format":"[Gen 9] VGC 2025 Reg G","players":["SendMuj","newteamnewname"],"log":"|j|\u2606SendMuj\n|j|\u2606newteamnewname\n|t:|1739604842\n|gametype|doubles\n|player|p1|SendMuj|pokemonranger-gen4|1558\n|player|p2|newteamnewname|roughneck-gen4|1534\n|teamsize|p1|6\n|teamsize|p2|6\n|gen|9\n|tier|[Gen 9] VGC 2025 Reg G\n|rated|\n|rule|Species Clause: Limit one of each Pok\u00e9mon\n|rule|Item Clause: Limit 1 of each item\n|clearpoke\n|poke|p1|Kyogre, L50|\n|poke|p1|Whimsicott, L50, F|\n|poke|p1|Ogerpon-Hearthflame, L50, F|\n|poke|p1|Rillaboom, L50, F|\n|poke|p1|Incineroar, L50, F|\n|poke|p1|Landorus, L50, M|\n|poke|p2|Terapagos, L50, M|\n|poke|p2|Urshifu-*, L50, F|\n|poke|p2|Rillaboom, L50, F|\n|poke|p2|Incineroar, L50, M|\n|poke|p2|Ogerpon-Hearthflame, L50, F|\n|poke|p2|Flutter Mane, L50|\n|teampreview|4\n|inactive|Battle timer is ON: inactive players will automatically lose when time's up. (requested by SendMuj)\n|inactive|SendMuj has 60 seconds left.\n|\n|t:|1739604879\n|start\n|switch|p1a: Whimsicott|Whimsicott, L50, F|100\/100\n|switch|p1b: Kyogre|Kyogre, L50|100\/100\n|switch|p2a: Flutter Mane|Flutter Mane, L50|100\/100\n|switch|p2b: Terapagos|Terapagos, L50, M|100\/100\n|-activate|p2b: Terapagos|ability: Tera Shift\n|detailschange|p2b: Terapagos|Terapagos-Terastal, L50, M\n|-heal|p2b: Terapagos|100\/100|[silent]\n|-weather|RainDance|[from] ability: Drizzle|[of] p1b: Kyogre\n|-enditem|p2a: Flutter Mane|Booster Energy\n|-activate|p2a: Flutter Mane|ability: Protosynthesis|[fromitem]\n|-start|p2a: Flutter Mane|protosynthesisspe\n|turn|1\n|inactive|newteamnewname has 30 seconds left.\n|inactive|newteamnewname has 20 seconds left.\n|inactive|newteamnewname has 15 seconds left.\n|inactive|newteamnewname has 10 seconds left.\n|\n|t:|1739604928\n|switch|p1b: Rillaboom|Rillaboom, L50, F|100\/100\n|-fieldstart|move: Grassy Terrain|[from] ability: Grassy Surge|[of] p1b: Rillaboom\n|move|p1a: Whimsicott|Tailwind|p1a: Whimsicott\n|-sidestart|p1: SendMuj|move: Tailwind\n|move|p2a: Flutter Mane|Thunder Wave|p1b: Rillaboom\n|-status|p1b: Rillaboom|par\n|move|p2b: Terapagos|Calm Mind|p2b: Terapagos\n|-boost|p2b: Terapagos|spa|1\n|-boost|p2b: Terapagos|spd|1\n|\n|-weather|RainDance|[upkeep]\n|upkeep\n|turn|2\n|\n|t:|1739604946\n|move|p2b: Terapagos|Protect|p2b: Terapagos\n|-singleturn|p2b: Terapagos|Protect\n|move|p1a: Whimsicott|Light Screen|p1a: Whimsicott\n|-sidestart|p1: SendMuj|move: Light Screen\n|move|p2a: Flutter Mane|Taunt|p1a: Whimsicott\n|-start|p1a: Whimsicott|move: Taunt\n|cant|p1b: Rillaboom|par\n|\n|-weather|RainDance|[upkeep]\n|upkeep\n|turn|3\n|\n|t:|1739604958\n|move|p1a: Whimsicott|Dazzling Gleam|p2a: Flutter Mane|[spread] p2a,p2b\n|-activate|p2b: Terapagos|ability: Tera Shell\n|-resisted|p2b: Terapagos\n|-damage|p2a: Flutter Mane|81\/100\n|-damage|p2b: Terapagos|93\/100\n|move|p2a: Flutter Mane|Icy Wind|p1b: Rillaboom|[spread] p1a,p1b\n|-supereffective|p1a: Whimsicott\n|-crit|p1a: Whimsicott\n|-supereffective|p1b: Rillaboom\n|-damage|p1a: Whimsicott|42\/100\n|-damage|p1b: Rillaboom|89\/100 par\n|-unboost|p1a: Whimsicott|spe|1\n|-unboost|p1b: Rillaboom|spe|1\n|move|p2b: Terapagos|Calm Mind|p2b: Terapagos\n|-boost|p2b: Terapagos|spa|1\n|-boost|p2b: Terapagos|spd|1\n|move|p1b: Rillaboom|Knock Off|p2b: Terapagos\n|-damage|p2b: Terapagos|69\/100\n|-enditem|p2b: Terapagos|Leftovers|[from] move: Knock Off|[of] p1b: Rillaboom\n|\n|-weather|RainDance|[upkeep]\n|-heal|p2a: Flutter Mane|87\/100|[from] Grassy Terrain\n|-heal|p1a: Whimsicott|48\/100|[from] Grassy Terrain\n|-heal|p2b: Terapagos|75\/100|[from] Grassy Terrain\n|-heal|p1b: Rillaboom|95\/100 par|[from] Grassy Terrain\n|upkeep\n|turn|4\n|inactive|newteamnewname has 30 seconds left.\n|inactive|newteamnewname has 20 seconds left.\n|inactive|newteamnewname has 15 seconds left.\n|inactive|newteamnewname has 10 seconds left.\n|inactive|newteamnewname has 5 seconds left.\n|\n|t:|1739605010\n|move|p2a: Flutter Mane|Icy Wind|p1b: Rillaboom|[spread] p1a,p1b\n|-supereffective|p1a: Whimsicott\n|-supereffective|p1b: Rillaboom\n|-damage|p1a: Whimsicott|22\/100\n|-damage|p1b: Rillaboom|83\/100 par\n|-unboost|p1a: Whimsicott|spe|1\n|-unboost|p1b: Rillaboom|spe|1\n|move|p1a: Whimsicott|Dazzling Gleam|p2b: Terapagos|[spread] p2a,p2b\n|-damage|p2a: Flutter Mane|67\/100\n|-damage|p2b: Terapagos|66\/100\n|move|p2b: Terapagos|Calm Mind|p2b: Terapagos\n|-boost|p2b: Terapagos|spa|1\n|-boost|p2b: Terapagos|spd|1\n|move|p1b: Rillaboom|U-turn|p2b: Terapagos\n|-damage|p2b: Terapagos|50\/100\n|\n|t:|1739605018\n|switch|p1b: Kyogre|Kyogre, L50|100\/100|[from] U-turn\n|\n|-weather|RainDance|[upkeep]\n|-heal|p2a: Flutter Mane|73\/100|[from] Grassy Terrain\n|-heal|p1a: Whimsicott|28\/100|[from] Grassy Terrain\n|-heal|p2b: Terapagos|56\/100|[from] Grassy Terrain\n|-sideend|p1: SendMuj|move: Tailwind\n|upkeep\n|turn|5\n|inactive|newteamnewname has 30 seconds left.\n|\n|t:|1739605062\n|switch|p1a: Rillaboom|Rillaboom, L50, F|83\/100 par\n|-terastallize|p2b: Terapagos|Stellar\n|detailschange|p2b: Terapagos|Terapagos-Stellar, L50, M, tera:Stellar\n|-heal|p2b: Terapagos|67\/100|[silent]\n|-ability|p2b: Terapagos|Teraform Zero\n|-weather|none\n|-fieldend|move: Grassy Terrain\n|move|p2a: Flutter Mane|Thunder Wave|p1b: Kyogre\n|-status|p1b: Kyogre|par\n|move|p2b: Terapagos|Tera Starstorm|p1a: Rillaboom|[spread] p1a,p1b\n|-damage|p1a: Rillaboom|47\/100 par\n|-damage|p1b: Kyogre|55\/100 par\n|move|p1b: Kyogre|Origin Pulse|p2a: Flutter Mane|[spread] p2a,p2b\n|-damage|p2a: Flutter Mane|4\/100\n|-damage|p2b: Terapagos|48\/100\n|\n|upkeep\n|turn|6\n|inactive|SendMuj has 30 seconds left.\n|inactive|newteamnewname has 30 seconds left.\n|\n|t:|1739605093\n|move|p2b: Terapagos|Protect|p2b: Terapagos\n|-singleturn|p2b: Terapagos|Protect\n|move|p2a: Flutter Mane|Moonblast|p1b: Kyogre\n|-damage|p1b: Kyogre|32\/100 par\n|move|p1b: Kyogre|Origin Pulse|p2b: Terapagos|[spread] p2a\n|-activate|p2b: Terapagos|move: Protect\n|-damage|p2a: Flutter Mane|0 fnt\n|faint|p2a: Flutter Mane\n|-end|p2a: Flutter Mane|Protosynthesis|[silent]\n|move|p1a: Rillaboom|Wood Hammer|p2b: Terapagos\n|-activate|p2b: Terapagos|move: Protect\n|\n|-sideend|p1: SendMuj|move: Light Screen\n|upkeep\n|\n|t:|1739605102\n|switch|p2a: Ogerpon|Ogerpon-Hearthflame, L50, F|100\/100\n|-ability|p2a: Ogerpon|Mold Breaker\n|turn|7\n|\n|t:|1739605118\n|move|p2a: Ogerpon|Ivy Cudgel|p1a: Rillaboom|[anim] Ivy Cudgel Fire\n|-supereffective|p1a: Rillaboom\n|-damage|p1a: Rillaboom|0 fnt\n|faint|p1a: Rillaboom\n|move|p2b: Terapagos|Tera Starstorm|p1b: Kyogre\n|-damage|p1b: Kyogre|0 fnt\n|faint|p1b: Kyogre\n|\n|upkeep\n|j| falcon108\n|\n|t:|1739605122\n|switch|p1b: Landorus|Landorus, L50, M|100\/100\n|switch|p1a: Whimsicott|Whimsicott, L50, F|28\/100\n|turn|8\n|\n|t:|1739605130\n|-terastallize|p1b: Landorus|Ground\n|move|p2a: Ogerpon|Follow Me|p2a: Ogerpon\n|-singleturn|p2a: Ogerpon|move: Follow Me\n|move|p1a: Whimsicott|Tailwind|p1a: Whimsicott\n|-sidestart|p1: SendMuj|move: Tailwind\n|move|p1b: Landorus|Sandsear Storm|p2a: Ogerpon|[spread] p2a\n|-miss|p1b: Landorus|p2b: Terapagos\n|-damage|p2a: Ogerpon|15\/100\n|move|p2b: Terapagos|Tera Starstorm|p1b: Landorus|[spread] p1a,p1b\n|-crit|p1a: Whimsicott\n|-supereffective|p1b: Landorus\n|-damage|p1a: Whimsicott|0 fnt\n|-damage|p1b: Landorus|0 fnt\n|faint|p1a: Whimsicott\n|faint|p1b: Landorus\n|\n|win|newteamnewname\n|raw|SendMuj's rating: 1558 &rarr; <strong>1537<\/strong><br \/>(-21 for losing)\n|raw|newteamnewname's rating: 1534 &rarr; <strong>1555<\/strong><br \/>(+21 for winning)\n|l|\u2606newteamnewname\n|player|p2|\n|l|\u2606SendMuj\n|player|p1|\n","uploadtime":1739605306,"views":5,"formatid":"gen9vgc2025regg","rating":1537,"private":0,"password":null}