{"id":"gen9vgc2025regg-2301691697","format":"[Gen 9] VGC 2025 Reg G","players":["dominicex","metakurozashi"],"log":"|j|\u2606dominicex\n|j|\u2606metakurozashi\n|t:|1739685321\n|gametype|doubles\n|player|p1|dominicex|pokemonranger-gen4|1673\n|player|p2|metakurozashi|1|1597\n|teamsize|p1|6\n|teamsize|p2|6\n|gen|9\n|tier|[Gen 9] VGC 2025 Reg G\n|rated|\n|rule|Species Clause: Limit one of each Pok\u00e9mon\n|rule|Item Clause: Limit 1 of each item\n|clearpoke\n|poke|p1|Kyogre, L50|\n|poke|p1|Farigiraf, L50, F|\n|poke|p1|Chien-Pao, L50|\n|poke|p1|Amoonguss, L50, F|\n|poke|p1|Tornadus, L50, M|\n|poke|p1|Ursaluna, L50, F|\n|poke|p2|Annihilape, L50, F|\n|poke|p2|Whimsicott, L50, F|\n|poke|p2|Miraidon, L50|\n|poke|p2|Iron Bundle, L50|\n|poke|p2|Incineroar, L50, M|\n|poke|p2|Dragonite, L50, F|\n|teampreview|4\n|j| randoftw\n|\n|t:|1739685372\n|start\n|switch|p1a: Chien-Pao|Chien-Pao, L50|100\/100\n|switch|p1b: Kyogre|Kyogre, L50|100\/100\n|switch|p2a: Miraidon|Miraidon, L50|100\/100\n|switch|p2b: Whimsicott|Whimsicott, L50, F|100\/100\n|-weather|RainDance|[from] ability: Drizzle|[of] p1b: Kyogre\n|-fieldstart|move: Electric Terrain|[from] ability: Hadron Engine|[of] p2a: Miraidon\n|-ability|p1a: Chien-Pao|Sword of Ruin\n|turn|1\n|\n|t:|1739685402\n|move|p1a: Chien-Pao|Protect|p1a: Chien-Pao\n|-singleturn|p1a: Chien-Pao|Protect\n|move|p2b: Whimsicott|Light Screen|p2b: Whimsicott\n|-sidestart|p2: metakurozashi|move: Light Screen\n|move|p1b: Kyogre|Origin Pulse|p2b: Whimsicott|[spread] \n|-miss|p1b: Kyogre|p2a: Miraidon\n|-miss|p1b: Kyogre|p2b: Whimsicott\n|move|p2a: Miraidon|Volt Switch|p1b: Kyogre\n|-supereffective|p1b: Kyogre\n|-damage|p1b: Kyogre|0 fnt\n|faint|p1b: Kyogre\n|\n|t:|1739685414\n|switch|p2a: Iron Bundle|Iron Bundle, L50|100\/100|[from] Volt Switch\n|-activate|p2a: Iron Bundle|ability: Quark Drive\n|-start|p2a: Iron Bundle|quarkdrivespe\n|\n|-weather|RainDance|[upkeep]\n|upkeep\n|\n|t:|1739685423\n|switch|p1b: Amoonguss|Amoonguss, L50, F|100\/100\n|turn|2\n|\n|t:|1739685438\n|switch|p2b: Dragonite|Dragonite, L50, F|100\/100\n|move|p2a: Iron Bundle|Encore|p1a: Chien-Pao\n|-start|p1a: Chien-Pao|Encore\n|move|p1a: Chien-Pao|Protect||[still]\n|-fail|p1a: Chien-Pao\n|move|p1b: Amoonguss|Spore|p2a: Iron Bundle\n|-activate|p2a: Iron Bundle|move: Electric Terrain\n|\n|-weather|RainDance|[upkeep]\n|upkeep\n|turn|3\n|\n|t:|1739685455\n|switch|p1a: Ursaluna|Ursaluna, L50, F|100\/100\n|move|p1b: Amoonguss|Rage Powder|p1b: Amoonguss\n|-singleturn|p1b: Amoonguss|move: Rage Powder\n|move|p2a: Iron Bundle|Freeze-Dry|p1b: Amoonguss\n|-supereffective|p1b: Amoonguss\n|-crit|p1b: Amoonguss\n|-damage|p1b: Amoonguss|5\/100\n|-status|p1b: Amoonguss|frz\n|move|p2b: Dragonite|Scale Shot|p1b: Amoonguss\n|-damage|p1b: Amoonguss|0 fnt\n|faint|p1b: Amoonguss\n|-hitcount|p1: Amoonguss|1\n|-unboost|p2b: Dragonite|def|1\n|-boost|p2b: Dragonite|spe|1\n|\n|-weather|RainDance|[upkeep]\n|-status|p1a: Ursaluna|brn|[from] item: Flame Orb\n|upkeep\n|\n|t:|1739685465\n|switch|p1b: Chien-Pao|Chien-Pao, L50|100\/100\n|-ability|p1b: Chien-Pao|Sword of Ruin\n|turn|4\n|\n|t:|1739685483\n|-terastallize|p2b: Dragonite|Fire\n|move|p1b: Chien-Pao|Sucker Punch|p2a: Iron Bundle\n|-damage|p2a: Iron Bundle|36\/100\n|move|p2a: Iron Bundle|Icy Wind|p1a: Ursaluna|[spread] p1a,p1b\n|-supereffective|p1a: Ursaluna\n|-resisted|p1b: Chien-Pao\n|-damage|p1a: Ursaluna|61\/100 brn\n|-damage|p1b: Chien-Pao|83\/100\n|-unboost|p1a: Ursaluna|spe|1\n|-unboost|p1b: Chien-Pao|spe|1\n|move|p2b: Dragonite|Fire Punch|p1b: Chien-Pao\n|-supereffective|p1b: Chien-Pao\n|-damage|p1b: Chien-Pao|29\/100\n|move|p1a: Ursaluna|Facade|p2b: Dragonite\n|-damage|p2b: Dragonite|0 fnt\n|faint|p2b: Dragonite\n|\n|-weather|RainDance|[upkeep]\n|-damage|p1a: Ursaluna|55\/100 brn|[from] brn\n|upkeep\n|\n|t:|1739685503\n|switch|p2b: Miraidon|Miraidon, L50|100\/100\n|-activate|p2b: Miraidon|ability: Hadron Engine\n|turn|5\n|\n|t:|1739685520\n|-terastallize|p1a: Ursaluna|Fairy\n|move|p1b: Chien-Pao|Sucker Punch|p2a: Iron Bundle\n|-damage|p2a: Iron Bundle|0 fnt\n|faint|p2a: Iron Bundle\n|-end|p2a: Iron Bundle|Quark Drive|[silent]\n|move|p2b: Miraidon|Dazzling Gleam|p1b: Chien-Pao|[spread] p1a,p1b\n|-supereffective|p1b: Chien-Pao\n|-damage|p1a: Ursaluna|14\/100 brn\n|-damage|p1b: Chien-Pao|0 fnt\n|faint|p1b: Chien-Pao\n|move|p1a: Ursaluna|Facade|p2b: Miraidon\n|-damage|p2b: Miraidon|0 fnt\n|faint|p2b: Miraidon\n|\n|-weather|none\n|-damage|p1a: Ursaluna|7\/100 brn|[from] brn\n|-sideend|p2: metakurozashi|move: Light Screen\n|-fieldend|move: Electric Terrain\n|upkeep\n|\n|t:|1739685536\n|switch|p2b: Whimsicott|Whimsicott, L50, F|100\/100\n|turn|6\n|inactive|Battle timer is ON: inactive players will automatically lose when time's up. (requested by dominicex)\n|\n|t:|1739685568\n|move|p2b: Whimsicott|Beat Up|p1a: Ursaluna\n|-resisted|p1a: Ursaluna\n|-damage|p1a: Ursaluna|7\/100 brn\n|-hitcount|p1a: Ursaluna|1\n|move|p1a: Ursaluna|Facade|p2b: Whimsicott\n|-damage|p2b: Whimsicott|0 fnt\n|faint|p2b: Whimsicott\n|\n|win|dominicex\n|raw|dominicex's rating: 1673 &rarr; <strong>1689<\/strong><br \/>(+16 for winning)\n|raw|metakurozashi's rating: 1597 &rarr; <strong>1581<\/strong><br \/>(-16 for losing)\n|l|\u2606metakurozashi\n|player|p2|\n|l|\u2606dominicex\n|player|p1|\n|l| randoftw\n","uploadtime":1739685761,"views":5,"formatid":"gen9vgc2025regg","rating":1581,"private":0,"password":null}