{"id":"gen9vgc2025regg-2301641165","format":"[Gen 9] VGC 2025 Reg G","players":["CarmeloBall","JoyBoy311"],"log":"|j|\u2606CarmeloBall\n|j|\u2606JoyBoy311\n|t:|1739677174\n|gametype|doubles\n|player|p1|CarmeloBall|acetrainer-gen4dp|1535\n|player|p2|JoyBoy311|169|1581\n|teamsize|p1|6\n|teamsize|p2|6\n|gen|9\n|tier|[Gen 9] VGC 2025 Reg G\n|rated|\n|rule|Species Clause: Limit one of each Pok\u00e9mon\n|rule|Item Clause: Limit 1 of each item\n|clearpoke\n|poke|p1|Roaring Moon, L50|\n|poke|p1|Calyrex-Ice, L50|\n|poke|p1|Incineroar, L50, F|\n|poke|p1|Landorus, L50, M|\n|poke|p1|Ogerpon-Wellspring, L50, F|\n|poke|p1|Klefki, L50, M|\n|poke|p2|Zamazenta-*, L50|\n|poke|p2|Chien-Pao, L50|\n|poke|p2|Dondozo, L50, M|\n|poke|p2|Raging Bolt, L50|\n|poke|p2|Ogerpon-Hearthflame, L50, F|\n|poke|p2|Ting-Lu, L50|\n|teampreview|4\n|j| futonkagebunshin\n|inactive|Battle timer is ON: inactive players will automatically lose when time's up. (requested by JoyBoy311)\n|\n|t:|1739677254\n|start\n|switch|p1a: Calyrex|Calyrex-Ice, L50|100\/100\n|switch|p1b: Klefki|Klefki, L50, M|100\/100\n|switch|p2a: Dondozo|Dondozo, L50, M|100\/100\n|switch|p2b: Ting-Lu|Ting-Lu, L50|100\/100\n|-ability|p1a: Calyrex|As One\n|-ability|p1a: Calyrex|Unnerve\n|-ability|p2b: Ting-Lu|Vessel of Ruin\n|turn|1\n|inactive|JoyBoy311 has 30 seconds left.\n|\n|t:|1739677282\n|-terastallize|p2b: Ting-Lu|Fairy\n|move|p1b: Klefki|Reflect|p1b: Klefki\n|-sidestart|p1: CarmeloBall|Reflect\n|move|p1a: Calyrex|Glacial Lance|p2b: Ting-Lu|[spread] p2a,p2b\n|-resisted|p2a: Dondozo\n|-damage|p2a: Dondozo|83\/100\n|-damage|p2b: Ting-Lu|70\/100\n|move|p2b: Ting-Lu|Ruination|p1a: Calyrex\n|-damage|p1a: Calyrex|50\/100\n|move|p2a: Dondozo|Yawn|p1a: Calyrex\n|-start|p1a: Calyrex|move: Yawn|[of] p2a: Dondozo\n|\n|-heal|p2a: Dondozo|90\/100|[from] item: Leftovers\n|upkeep\n|turn|2\n|\n|t:|1739677304\n|switch|p1a: Ogerpon|Ogerpon-Wellspring, L50, F|100\/100\n|move|p1b: Klefki|Misty Terrain|p1b: Klefki\n|-fieldstart|move: Misty Terrain\n|move|p2b: Ting-Lu|Sand Tomb|p1a: Ogerpon|[miss]\n|-miss|p2b: Ting-Lu|p1a: Ogerpon\n|move|p2a: Dondozo|Yawn|p1b: Klefki\n|-start|p1b: Klefki|move: Yawn|[of] p2a: Dondozo\n|\n|-heal|p2a: Dondozo|96\/100|[from] item: Leftovers\n|upkeep\n|turn|3\n|\n|t:|1739677322\n|move|p2a: Dondozo|Protect|p2a: Dondozo\n|-singleturn|p2a: Dondozo|Protect\n|move|p1a: Ogerpon|Wood Hammer|p2a: Dondozo\n|-activate|p2a: Dondozo|move: Protect\n|move|p1b: Klefki|Dazzling Gleam|p2a: Dondozo|[spread] p2b\n|-activate|p2a: Dondozo|move: Protect\n|-damage|p2b: Ting-Lu|63\/100\n|move|p2b: Ting-Lu|Sand Tomb|p1a: Ogerpon\n|-resisted|p1a: Ogerpon\n|-damage|p1a: Ogerpon|96\/100\n|-activate|p1a: Ogerpon|move: Sand Tomb|[of] p2b: Ting-Lu\n|\n|-heal|p2a: Dondozo|100\/100|[from] item: Leftovers\n|-damage|p1a: Ogerpon|84\/100|[from] move: Sand Tomb|[partiallytrapped]\n|-end|p1b: Klefki|move: Yawn|[silent]\n|-activate|p1b: Klefki|move: Misty Terrain\n|upkeep\n|turn|4\n|\n|t:|1739677341\n|switch|p1b: Landorus|Landorus, L50, M|100\/100\n|switch|p2a: Zamazenta|Zamazenta-Crowned, L50|100\/100\n|-ability|p2a: Zamazenta|Dauntless Shield|boost\n|-boost|p2a: Zamazenta|def|1\n|move|p1a: Ogerpon|Wood Hammer|p2a: Zamazenta\n|-resisted|p2a: Zamazenta\n|-damage|p2a: Zamazenta|85\/100\n|-damage|p1a: Ogerpon|78\/100|[from] Recoil\n|move|p2b: Ting-Lu|Ruination|p1a: Ogerpon\n|-damage|p1a: Ogerpon|40\/100\n|\n|-damage|p1a: Ogerpon|27\/100|[from] move: Sand Tomb|[partiallytrapped]\n|upkeep\n|turn|5\n|\n|t:|1739677364\n|move|p2a: Zamazenta|Protect|p2a: Zamazenta\n|-singleturn|p2a: Zamazenta|Protect\n|move|p1a: Ogerpon|Spiky Shield|p1a: Ogerpon\n|-singleturn|p1a: Ogerpon|move: Protect\n|move|p1b: Landorus|Earth Power|p2a: Zamazenta\n|-activate|p2a: Zamazenta|move: Protect\n|move|p2b: Ting-Lu|Taunt|p1a: Ogerpon\n|-activate|p1a: Ogerpon|move: Protect\n|\n|-damage|p1a: Ogerpon|15\/100|[from] move: Sand Tomb|[partiallytrapped]\n|upkeep\n|turn|6\n|\n|t:|1739677380\n|switch|p2a: Dondozo|Dondozo, L50, M|100\/100\n|move|p1a: Ogerpon|Ivy Cudgel|p2a: Dondozo|[anim] Ivy Cudgel Water\n|-resisted|p2a: Dondozo\n|-damage|p2a: Dondozo|82\/100\n|move|p1b: Landorus|Earth Power|p2a: Dondozo\n|-damage|p2a: Dondozo|45\/100\n|move|p2b: Ting-Lu|Ruination|p1b: Landorus|[miss]\n|-miss|p2b: Ting-Lu|p1b: Landorus\n|\n|-heal|p2a: Dondozo|51\/100|[from] item: Leftovers\n|-damage|p1a: Ogerpon|3\/100|[from] move: Sand Tomb|[partiallytrapped]\n|-fieldend|Misty Terrain\n|upkeep\n|turn|7\n|\n|t:|1739677396\n|-terastallize|p1b: Landorus|Poison\n|move|p2b: Ting-Lu|Protect|p2b: Ting-Lu\n|-singleturn|p2b: Ting-Lu|Protect\n|move|p2a: Dondozo|Protect|p2a: Dondozo\n|-singleturn|p2a: Dondozo|Protect\n|move|p1a: Ogerpon|Wood Hammer|p2a: Dondozo\n|-activate|p2a: Dondozo|move: Protect\n|move|p1b: Landorus|Sludge Bomb|p2b: Ting-Lu\n|-activate|p2b: Ting-Lu|move: Protect\n|\n|-heal|p2a: Dondozo|58\/100|[from] item: Leftovers\n|-end|p1a: Ogerpon|Sand Tomb|[partiallytrapped]\n|upkeep\n|turn|8\n|inactive|JoyBoy311 has 30 seconds left.\n|\n|t:|1739677428\n|move|p1a: Ogerpon|Wood Hammer|p2a: Dondozo\n|-supereffective|p2a: Dondozo\n|-damage|p2a: Dondozo|0 fnt\n|faint|p2a: Dondozo\n|-damage|p1a: Ogerpon|0 fnt|[from] Recoil\n|faint|p1a: Ogerpon\n|move|p1b: Landorus|Substitute|p1b: Landorus\n|-start|p1b: Landorus|Substitute\n|-damage|p1b: Landorus|76\/100\n|move|p2b: Ting-Lu|Sand Tomb|p1b: Landorus\n|-supereffective|p1b: Landorus\n|-activate|p1b: Landorus|move: Substitute|[damage]\n|\n|-sideend|p1: CarmeloBall|Reflect\n|upkeep\n|\n|t:|1739677438\n|switch|p1a: Klefki|Klefki, L50, M|100\/100\n|switch|p2a: Chien-Pao|Chien-Pao, L50|100\/100\n|-ability|p2a: Chien-Pao|Sword of Ruin\n|turn|9\n|\n|t:|1739677454\n|move|p2a: Chien-Pao|Protect|p2a: Chien-Pao\n|-singleturn|p2a: Chien-Pao|Protect\n|move|p1b: Landorus|Protect|p1b: Landorus\n|-singleturn|p1b: Landorus|Protect\n|move|p1a: Klefki|Dazzling Gleam|p2b: Ting-Lu|[spread] p2b\n|-activate|p2a: Chien-Pao|move: Protect\n|-damage|p2b: Ting-Lu|55\/100\n|move|p2b: Ting-Lu|Ruination|p1b: Landorus\n|-activate|p1b: Landorus|move: Protect\n|\n|upkeep\n|turn|10\n|\n|t:|1739677472\n|move|p2a: Chien-Pao|Sucker Punch|p1b: Landorus\n|-end|p1b: Landorus|Substitute\n|move|p1a: Klefki|Reflect|p1a: Klefki\n|-sidestart|p1: CarmeloBall|Reflect\n|move|p1b: Landorus|Sludge Bomb|p2b: Ting-Lu\n|-supereffective|p2b: Ting-Lu\n|-damage|p2b: Ting-Lu|0 fnt\n|faint|p2b: Ting-Lu\n|\n|upkeep\n|\n|t:|1739677476\n|switch|p2b: Zamazenta|Zamazenta-Crowned, L50|85\/100\n|turn|11\n|\n|t:|1739677496\n|move|p1b: Landorus|Protect|p1b: Landorus\n|-singleturn|p1b: Landorus|Protect\n|move|p2a: Chien-Pao|Ice Spinner|p1b: Landorus\n|-activate|p1b: Landorus|move: Protect\n|move|p2b: Zamazenta|Behemoth Bash|p1b: Landorus\n|-activate|p1b: Landorus|move: Protect\n|move|p1a: Klefki|Dazzling Gleam|p2b: Zamazenta|[spread] p2a,p2b\n|-supereffective|p2a: Chien-Pao\n|-damage|p2a: Chien-Pao|53\/100\n|-damage|p2b: Zamazenta|74\/100\n|\n|upkeep\n|turn|12\n|\n|t:|1739677510\n|switch|p1b: Calyrex|Calyrex-Ice, L50|50\/100\n|-ability|p1b: Calyrex|As One\n|-ability|p1b: Calyrex|Unnerve\n|move|p2a: Chien-Pao|Ice Spinner|p1b: Calyrex\n|-resisted|p1b: Calyrex\n|-damage|p1b: Calyrex|40\/100\n|move|p2b: Zamazenta|Behemoth Bash|p1b: Calyrex\n|-supereffective|p1b: Calyrex\n|-damage|p1b: Calyrex|0 fnt\n|faint|p1b: Calyrex\n|move|p1a: Klefki|Dazzling Gleam|p2a: Chien-Pao|[spread] p2a,p2b\n|-supereffective|p2a: Chien-Pao\n|-crit|p2b: Zamazenta\n|-damage|p2a: Chien-Pao|2\/100\n|-damage|p2b: Zamazenta|53\/100\n|\n|upkeep\n|j| Not Kaya\n|\n|t:|1739677513\n|switch|p1b: Landorus|Landorus, L50, M, tera:Poison|76\/100\n|turn|13\n|\n|t:|1739677525\n|move|p2a: Chien-Pao|Protect|p2a: Chien-Pao\n|-singleturn|p2a: Chien-Pao|Protect\n|move|p2b: Zamazenta|Body Press|p1a: Klefki\n|-damage|p1a: Klefki|58\/100\n|move|p1b: Landorus|Earth Power|p2b: Zamazenta\n|-supereffective|p2b: Zamazenta\n|-damage|p2b: Zamazenta|0 fnt\n|faint|p2b: Zamazenta\n|move|p1a: Klefki|Dazzling Gleam|p2a: Chien-Pao\n|-activate|p2a: Chien-Pao|move: Protect\n|\n|upkeep\n|turn|14\n|\n|t:|1739677534\n|move|p2a: Chien-Pao|Ice Spinner|p1b: Landorus\n|-damage|p1b: Landorus|44\/100\n|move|p1b: Landorus|Earth Power|p2a: Chien-Pao\n|-damage|p2a: Chien-Pao|0 fnt\n|faint|p2a: Chien-Pao\n|\n|win|CarmeloBall\n|raw|CarmeloBall's rating: 1535 &rarr; <strong>1558<\/strong><br \/>(+23 for winning)\n|raw|JoyBoy311's rating: 1581 &rarr; <strong>1558<\/strong><br \/>(-23 for losing)\n|l|\u2606JoyBoy311\n|player|p2|\n|l|\u2606CarmeloBall\n|player|p1|\n","uploadtime":1739677692,"views":8,"formatid":"gen9vgc2025regg","rating":1558,"private":0,"password":null}