{"id":"gen9vgc2025regg-2301968918","format":"[Gen 9] VGC 2025 Reg G","players":["Benjojos","RustyChair13"],"log":"|j|\u2606Benjojos\n|j|\u2606RustyChair13\n|t:|1739731713\n|gametype|doubles\n|player|p1|Benjojos|depotagent|1615\n|player|p2|RustyChair13|scientist-gen4|1648\n|teamsize|p1|6\n|teamsize|p2|6\n|gen|9\n|tier|[Gen 9] VGC 2025 Reg G\n|rated|\n|rule|Species Clause: Limit one of each Pok\u00e9mon\n|rule|Item Clause: Limit 1 of each item\n|clearpoke\n|poke|p1|Frosmoth, L50, F|\n|poke|p1|Urshifu-*, L50, M|\n|poke|p1|Landorus, L50, M|\n|poke|p1|Raging Bolt, L50|\n|poke|p1|Ogerpon-Hearthflame, L50, F|\n|poke|p1|Necrozma-Dusk-Mane, L50|\n|poke|p2|Zamazenta-*, L50|\n|poke|p2|Chien-Pao, L50|\n|poke|p2|Chi-Yu, L50|\n|poke|p2|Raging Bolt, L50|\n|poke|p2|Flutter Mane, L50|\n|poke|p2|Amoonguss, L50, F|\n|teampreview|4\n|inactive|Battle timer is ON: inactive players will automatically lose when time's up. (requested by Benjojos)\n|inactive|RustyChair13 has 60 seconds left.\n|\n|t:|1739731749\n|start\n|switch|p1a: Landorus|Landorus, L50, M|100\/100\n|switch|p1b: Necrozma|Necrozma-Dusk-Mane, L50|100\/100\n|switch|p2a: Chien-Pao|Chien-Pao, L50|100\/100\n|switch|p2b: Zamazenta|Zamazenta-Crowned, L50, shiny|100\/100\n|-ability|p2a: Chien-Pao|Sword of Ruin\n|-ability|p2b: Zamazenta|Dauntless Shield|boost\n|-boost|p2b: Zamazenta|def|1\n|turn|1\n|inactive|RustyChair13 has 30 seconds left.\n|\n|t:|1739731782\n|-terastallize|p2b: Zamazenta|Dragon\n|-terastallize|p1a: Landorus|Steel\n|move|p2a: Chien-Pao|Throat Chop|p1b: Necrozma\n|-supereffective|p1b: Necrozma\n|-damage|p1b: Necrozma|45\/100\n|-start|p1b: Necrozma|Throat Chop|[silent]\n|move|p2b: Zamazenta|Body Press|p1b: Necrozma\n|-damage|p1b: Necrozma|0 fnt\n|faint|p1b: Necrozma\n|move|p1a: Landorus|Earth Power|p2b: Zamazenta\n|-damage|p2b: Zamazenta|45\/100\n|\n|upkeep\n|inactive|Benjojos has 30 seconds left.\n|\n|t:|1739731808\n|switch|p1b: Urshifu|Urshifu, L50, M|100\/100\n|turn|2\n|\n|t:|1739731832\n|move|p2a: Chien-Pao|Ice Spinner|p1b: Urshifu\n|-crit|p1b: Urshifu\n|-damage|p1b: Urshifu|15\/100\n|move|p2b: Zamazenta|Body Press|p1b: Urshifu\n|-supereffective|p1b: Urshifu\n|-damage|p1b: Urshifu|0 fnt\n|faint|p1b: Urshifu\n|move|p1a: Landorus|Earth Power|p2b: Zamazenta\n|-damage|p2b: Zamazenta|0 fnt\n|faint|p2b: Zamazenta\n|\n|upkeep\n|\n|t:|1739731838\n|switch|p2b: Chi-Yu|Chi-Yu, L50|100\/100\n|switch|p1b: Frosmoth|Frosmoth, L50, F|100\/100\n|-ability|p2b: Chi-Yu|Beads of Ruin\n|turn|3\n|\n|t:|1739731849\n|move|p1b: Frosmoth|Wide Guard|p1b: Frosmoth\n|-singleturn|p1b: Frosmoth|Wide Guard\n|move|p2b: Chi-Yu|Heat Wave|p1a: Landorus|[spread] \n|-activate|p1a: Landorus|move: Wide Guard\n|-activate|p1b: Frosmoth|move: Wide Guard\n|move|p2a: Chien-Pao|Throat Chop|p1b: Frosmoth\n|-damage|p1b: Frosmoth|42\/100\n|-start|p1b: Frosmoth|Throat Chop|[silent]\n|move|p1a: Landorus|Earth Power|p2b: Chi-Yu\n|-supereffective|p2b: Chi-Yu\n|-damage|p2b: Chi-Yu|0 fnt\n|faint|p2b: Chi-Yu\n|\n|upkeep\n|\n|t:|1739731858\n|switch|p2b: Flutter Mane|Flutter Mane, L50, shiny|100\/100\n|-enditem|p2b: Flutter Mane|Booster Energy\n|-activate|p2b: Flutter Mane|ability: Protosynthesis|[fromitem]\n|-start|p2b: Flutter Mane|protosynthesisspe\n|turn|4\n|j| max9713\n|\n|t:|1739731879\n|move|p1b: Frosmoth|Protect||[still]\n|-fail|p1b: Frosmoth\n|move|p2b: Flutter Mane|Shadow Ball|p1a: Landorus\n|-damage|p1a: Landorus|55\/100\n|move|p2a: Chien-Pao|Throat Chop|p1a: Landorus\n|-damage|p1a: Landorus|0 fnt\n|faint|p1a: Landorus\n|\n|-end|p1b: Frosmoth|Throat Chop|[silent]\n|upkeep\n|turn|5\n|-message|Benjojos forfeited.\n|\n|win|RustyChair13\n|raw|Benjojos's rating: 1615 &rarr; <strong>1597<\/strong><br \/>(-18 for losing)\n|raw|RustyChair13's rating: 1648 &rarr; <strong>1666<\/strong><br \/>(+18 for winning)\n|l|\u2606Benjojos\n|player|p1|\n|l|\u2606RustyChair13\n|player|p2|\n|l| max9713\n","uploadtime":1739732082,"views":8,"formatid":"gen9vgc2025regg","rating":1597,"private":0,"password":null}