{"id":"gen9vgc2025regg-2301881003","format":"[Gen 9] VGC 2025 Reg G","players":["Daleg","Lolmaisterx"],"log":"|j|\u2606Daleg\n|j|\u2606Lolmaisterx\n|t:|1739721132\n|gametype|doubles\n|player|p1|Daleg|102|1584\n|player|p2|Lolmaisterx|1|1624\n|teamsize|p1|6\n|teamsize|p2|6\n|gen|9\n|tier|[Gen 9] VGC 2025 Reg G\n|rated|\n|rule|Species Clause: Limit one of each Pok\u00e9mon\n|rule|Item Clause: Limit 1 of each item\n|clearpoke\n|poke|p1|Zamazenta-*, L50|\n|poke|p1|Amoonguss, L50, M|\n|poke|p1|Chien-Pao, L50|\n|poke|p1|Flutter Mane, L50|\n|poke|p1|Rillaboom, L50, M|\n|poke|p1|Incineroar, L50, F|\n|poke|p2|Urshifu-*, L50, M|\n|poke|p2|Whimsicott, L50, M|\n|poke|p2|Blastoise, L50, F|\n|poke|p2|Dragonite, L50, F|\n|poke|p2|Calyrex-Shadow, L50|\n|poke|p2|Arcanine-Hisui, L50, M|\n|teampreview|4\n|\n|t:|1739721154\n|start\n|switch|p1a: Chien-Pao|Chien-Pao, L50|100\/100\n|switch|p1b: Zamazenta|Zamazenta-Crowned, L50|100\/100\n|switch|p2a: Blastoise|Blastoise, L50, F|100\/100\n|switch|p2b: Arcanine|Arcanine-Hisui, L50, M|100\/100\n|-ability|p1a: Chien-Pao|Sword of Ruin\n|-ability|p1b: Zamazenta|Dauntless Shield|boost\n|-boost|p1b: Zamazenta|def|1\n|-ability|p2b: Arcanine|Intimidate|boost\n|-unboost|p1a: Chien-Pao|atk|1\n|-unboost|p1b: Zamazenta|atk|1\n|turn|1\n|\n|t:|1739721187\n|switch|p1a: Incineroar|Incineroar, L50, F|100\/100\n|-ability|p1a: Incineroar|Intimidate|boost\n|-unboost|p2a: Blastoise|atk|1\n|-fail|p2b: Arcanine|unboost|[from] item: Clear Amulet|[of] p2b: Arcanine\n|move|p2b: Arcanine|Protect|p2b: Arcanine\n|-singleturn|p2b: Arcanine|Protect\n|move|p1b: Zamazenta|Iron Defense|p1b: Zamazenta\n|-boost|p1b: Zamazenta|def|2\n|move|p2a: Blastoise|Icy Wind|p1a: Incineroar|[spread] p1a,p1b\n|-resisted|p1a: Incineroar\n|-resisted|p1b: Zamazenta\n|-damage|p1a: Incineroar|96\/100\n|-damage|p1b: Zamazenta|97\/100\n|-unboost|p1a: Incineroar|spe|1\n|-unboost|p1b: Zamazenta|spe|1\n|\n|upkeep\n|turn|2\n|j| futonkagebunshin\n|\n|t:|1739721226\n|switch|p2b: Calyrex|Calyrex-Shadow, L50|100\/100\n|-ability|p2b: Calyrex|As One\n|-ability|p2b: Calyrex|Unnerve\n|-terastallize|p1a: Incineroar|Water\n|move|p1a: Incineroar|Fake Out|p2b: Calyrex\n|-immune|p2b: Calyrex\n|move|p1b: Zamazenta|Body Press|p2a: Blastoise\n|-damage|p2a: Blastoise|31\/100\n|move|p2a: Blastoise|Yawn|p1b: Zamazenta\n|-start|p1b: Zamazenta|move: Yawn|[of] p2a: Blastoise\n|\n|upkeep\n|turn|3\n|\n|t:|1739721251\n|-terastallize|p2b: Calyrex|Dark\n|move|p2b: Calyrex|Astral Barrage|p1a: Incineroar|[spread] p1a,p1b\n|-damage|p1a: Incineroar|30\/100\n|-damage|p1b: Zamazenta|59\/100\n|move|p1b: Zamazenta|Body Press|p2a: Blastoise\n|-damage|p2a: Blastoise|0 fnt\n|faint|p2a: Blastoise\n|move|p1a: Incineroar|Knock Off|p2b: Calyrex\n|-resisted|p2b: Calyrex\n|-damage|p2b: Calyrex|72\/100\n|-enditem|p2b: Calyrex|Focus Sash|[from] move: Knock Off|[of] p1a: Incineroar\n|\n|-end|p1b: Zamazenta|move: Yawn|[silent]\n|-status|p1b: Zamazenta|slp\n|upkeep\n|\n|t:|1739721263\n|switch|p2a: Dragonite|Dragonite, L50, F|100\/100\n|turn|4\n|\n|t:|1739721290\n|cant|p1b: Zamazenta|slp\n|move|p2b: Calyrex|Astral Barrage|p1a: Incineroar|[spread] p1a,p1b\n|-damage|p1a: Incineroar|0 fnt\n|-damage|p1b: Zamazenta|23\/100 slp\n|faint|p1a: Incineroar\n|-ability|p2b: Calyrex|Grim Neigh|boost\n|-boost|p2b: Calyrex|spa|1\n|move|p2a: Dragonite|Stomping Tantrum|p1b: Zamazenta\n|-supereffective|p1b: Zamazenta\n|-damage|p1b: Zamazenta|5\/100 slp\n|-damage|p2a: Dragonite|91\/100|[from] item: Life Orb\n|\n|upkeep\n|inactive|Battle timer is ON: inactive players will automatically lose when time's up. (requested by Lolmaisterx)\n|\n|t:|1739721323\n|switch|p1a: Chien-Pao|Chien-Pao, L50|100\/100\n|-ability|p1a: Chien-Pao|Sword of Ruin\n|turn|5\n|\n|t:|1739721344\n|move|p1a: Chien-Pao|Protect|p1a: Chien-Pao\n|-singleturn|p1a: Chien-Pao|Protect\n|move|p2a: Dragonite|Extreme Speed|p1a: Chien-Pao\n|-activate|p1a: Chien-Pao|move: Protect\n|move|p2b: Calyrex|Astral Barrage|p1b: Zamazenta|[spread] p1b\n|-activate|p1a: Chien-Pao|move: Protect\n|-damage|p1b: Zamazenta|0 fnt\n|faint|p1b: Zamazenta\n|-ability|p2b: Calyrex|Grim Neigh|boost\n|-boost|p2b: Calyrex|spa|1\n|\n|upkeep\n|\n|t:|1739721354\n|switch|p1b: Rillaboom|Rillaboom, L50, M|100\/100\n|-fieldstart|move: Grassy Terrain|[from] ability: Grassy Surge|[of] p1b: Rillaboom\n|turn|6\n|inactive|Daleg has 30 seconds left.\n|inactive|Daleg has 20 seconds left.\n|inactive|Daleg has 15 seconds left.\n|inactive|Daleg has 10 seconds left.\n|inactive|Daleg has 5 seconds left.\n|\n|t:|1739721404\n|move|p2b: Calyrex|Astral Barrage|p1b: Rillaboom|[spread] p1a,p1b\n|-resisted|p1a: Chien-Pao\n|-damage|p1a: Chien-Pao|13\/100\n|-damage|p1b: Rillaboom|26\/100\n|move|p1a: Chien-Pao|Throat Chop|p2a: Dragonite\n|-damage|p2a: Dragonite|34\/100\n|-start|p2a: Dragonite|Throat Chop|[silent]\n|move|p2a: Dragonite|Ice Spinner|p1b: Rillaboom\n|-supereffective|p1b: Rillaboom\n|-damage|p1b: Rillaboom|0 fnt\n|-fieldend|move: Grassy Terrain\n|faint|p1b: Rillaboom\n|-damage|p2a: Dragonite|25\/100|[from] item: Life Orb\n|\n|upkeep\n|turn|7\n|-message|Daleg forfeited.\n|\n|win|Lolmaisterx\n|raw|Daleg's rating: 1584 &rarr; <strong>1566<\/strong><br \/>(-18 for losing)\n|raw|Lolmaisterx's rating: 1624 &rarr; <strong>1642<\/strong><br \/>(+18 for winning)\n|l|\u2606Daleg\n|player|p1|\n","uploadtime":1739721613,"views":13,"formatid":"gen9vgc2025regg","rating":1566,"private":0,"password":null}