{"id":"gen9vgc2025regg-2301540075","format":"[Gen 9] VGC 2025 Reg G","players":["Spottedwoot","gholdandgohome"],"log":"|j|\u2606Spottedwoot\n|j|\u2606gholdandgohome\n|t:|1739663149\n|gametype|doubles\n|player|p1|Spottedwoot|170|1692\n|player|p2|gholdandgohome|102|1736\n|teamsize|p1|6\n|teamsize|p2|6\n|gen|9\n|tier|[Gen 9] VGC 2025 Reg G\n|rated|\n|rule|Species Clause: Limit one of each Pok\u00e9mon\n|rule|Item Clause: Limit 1 of each item\n|clearpoke\n|poke|p1|Zamazenta-*, L50|\n|poke|p1|Chien-Pao, L50|\n|poke|p1|Entei, L50|\n|poke|p1|Raging Bolt, L50|\n|poke|p1|Rillaboom, L50, M|\n|poke|p1|Farigiraf, L50, M|\n|poke|p2|Chien-Pao, L50|\n|poke|p2|Miraidon, L50|\n|poke|p2|Whimsicott, L50, M|\n|poke|p2|Entei, L50|\n|poke|p2|Iron Hands, L50|\n|poke|p2|Iron Treads, L50|\n|teampreview|4\n|\n|t:|1739663176\n|start\n|switch|p1a: Chien-Pao|Chien-Pao, L50|100\/100\n|switch|p1b: Entei|Entei, L50|100\/100\n|switch|p2a: Entei|Entei, L50|100\/100\n|switch|p2b: Chien-Pao|Chien-Pao, L50|100\/100\n|-ability|p2b: Chien-Pao|Sword of Ruin\n|-ability|p1a: Chien-Pao|Sword of Ruin\n|turn|1\n|inactive|Battle timer is ON: inactive players will automatically lose when time's up. (requested by gholdandgohome)\n|\n|t:|1739663193\n|-terastallize|p1b: Entei|Normal\n|-terastallize|p2a: Entei|Normal\n|move|p1b: Entei|Extreme Speed|p2a: Entei\n|-damage|p2a: Entei|11\/100\n|move|p2a: Entei|Extreme Speed|p1a: Chien-Pao\n|-damage|p1a: Chien-Pao|9\/100\n|move|p2b: Chien-Pao|Sucker Punch|p1a: Chien-Pao\n|-resisted|p1a: Chien-Pao\n|-damage|p1a: Chien-Pao|0 fnt\n|faint|p1a: Chien-Pao\n|\n|upkeep\n|\n|t:|1739663202\n|switch|p1a: Zamazenta|Zamazenta-Crowned, L50|100\/100\n|-ability|p1a: Zamazenta|Dauntless Shield|boost\n|-boost|p1a: Zamazenta|def|1\n|turn|2\n|\n|t:|1739663211\n|move|p2b: Chien-Pao|Protect|p2b: Chien-Pao\n|-singleturn|p2b: Chien-Pao|Protect\n|move|p1b: Entei|Extreme Speed|p2b: Chien-Pao\n|-activate|p2b: Chien-Pao|move: Protect\n|move|p2a: Entei|Extreme Speed|p1b: Entei\n|-damage|p1b: Entei|5\/100\n|move|p1a: Zamazenta|Body Press|p2b: Chien-Pao\n|-activate|p2b: Chien-Pao|move: Protect\n|\n|upkeep\n|turn|3\n|\n|t:|1739663231\n|move|p1b: Entei|Extreme Speed|p2b: Chien-Pao\n|-damage|p2b: Chien-Pao|13\/100\n|move|p2a: Entei|Extreme Speed|p1b: Entei\n|-damage|p1b: Entei|0 fnt\n|faint|p1b: Entei\n|move|p2b: Chien-Pao|Sacred Sword|p1a: Zamazenta\n|-supereffective|p1a: Zamazenta\n|-damage|p1a: Zamazenta|53\/100\n|move|p1a: Zamazenta|Body Press|p2b: Chien-Pao\n|-supereffective|p2b: Chien-Pao\n|-damage|p2b: Chien-Pao|0 fnt\n|faint|p2b: Chien-Pao\n|\n|upkeep\n|\n|t:|1739663240\n|switch|p2b: Iron Hands|Iron Hands, L50|100\/100\n|switch|p1b: Rillaboom|Rillaboom, L50, M|100\/100\n|-fieldstart|move: Grassy Terrain|[from] ability: Grassy Surge|[of] p1b: Rillaboom\n|turn|4\n|\n|t:|1739663257\n|move|p2b: Iron Hands|Protect|p2b: Iron Hands\n|-singleturn|p2b: Iron Hands|Protect\n|move|p1b: Rillaboom|Fake Out|p2a: Entei\n|-damage|p2a: Entei|0 fnt\n|faint|p2a: Entei\n|move|p1a: Zamazenta|Iron Defense|p1a: Zamazenta\n|-boost|p1a: Zamazenta|def|2\n|\n|-heal|p1a: Zamazenta|59\/100|[from] Grassy Terrain\n|upkeep\n|\n|t:|1739663263\n|switch|p2a: Miraidon|Miraidon, L50|100\/100\n|-fieldstart|move: Electric Terrain|[from] ability: Hadron Engine|[of] p2a: Miraidon\n|-activate|p2b: Iron Hands|ability: Quark Drive\n|-start|p2b: Iron Hands|quarkdriveatk\n|-enditem|p2b: Iron Hands|Electric Seed\n|-boost|p2b: Iron Hands|def|1|[from] item: Electric Seed\n|turn|5\n|\n|t:|1739663275\n|move|p2a: Miraidon|Electro Drift|p1a: Zamazenta\n|-damage|p1a: Zamazenta|0 fnt\n|faint|p1a: Zamazenta\n|move|p1b: Rillaboom|Wood Hammer|p2b: Iron Hands\n|-damage|p2b: Iron Hands|76\/100\n|-damage|p1b: Rillaboom|90\/100|[from] Recoil\n|move|p2b: Iron Hands|Drain Punch|p1b: Rillaboom\n|-damage|p1b: Rillaboom|45\/100\n|-heal|p2b: Iron Hands|94\/100|[from] drain|[of] p1b: Rillaboom\n|\n|upkeep\n|turn|6\n|-message|Spottedwoot forfeited.\n|\n|win|gholdandgohome\n|raw|Spottedwoot's rating: 1692 &rarr; <strong>1675<\/strong><br \/>(-17 for losing)\n|raw|gholdandgohome's rating: 1736 &rarr; <strong>1753<\/strong><br \/>(+17 for winning)\n|l|\u2606Spottedwoot\n|player|p1|\n|j|\u2606Spottedwoot\n|player|p1|Spottedwoot|170|\n","uploadtime":1739663284,"views":65,"formatid":"gen9vgc2025regg","rating":1675,"private":0,"password":null}