{"id":"gen9vgc2025regg-2301989531","format":"[Gen 9] VGC 2025 Reg G","players":["Bfap","CharizardYVGC"],"log":"|j|\u2606Bfap\n|j|\u2606CharizardYVGC\n|t:|1739734063\n|gametype|doubles\n|player|p1|Bfap|2|1606\n|player|p2|CharizardYVGC|steven|1606\n|teamsize|p1|6\n|teamsize|p2|6\n|gen|9\n|tier|[Gen 9] VGC 2025 Reg G\n|rated|\n|rule|Species Clause: Limit one of each Pok\u00e9mon\n|rule|Item Clause: Limit 1 of each item\n|clearpoke\n|poke|p1|Calyrex-Ice, L50|\n|poke|p1|Smeargle, L50, F|\n|poke|p1|Torkoal, L50, F|\n|poke|p1|Urshifu-*, L50, M|\n|poke|p1|Ogerpon-Cornerstone, L50, F|\n|poke|p1|Farigiraf, L50, F|\n|poke|p2|Miraidon, L50|\n|poke|p2|Incineroar, L50, M|\n|poke|p2|Urshifu-*, L50, F|\n|poke|p2|Flutter Mane, L50|\n|poke|p2|Ogerpon-Hearthflame, L50, F|\n|poke|p2|Farigiraf, L50, F|\n|teampreview|4\n|inactive|Battle timer is ON: inactive players will automatically lose when time's up. (requested by CharizardYVGC)\n|j| futonkagebunshin\n|inactive|CharizardYVGC has 60 seconds left.\n|\n|t:|1739734099\n|start\n|switch|p1a: Ogerpon|Ogerpon-Cornerstone, L50, F|100\/100\n|switch|p1b: Calyrex|Calyrex-Ice, L50|100\/100\n|switch|p2a: Farigiraf|Farigiraf, L50, F|100\/100\n|switch|p2b: Miraidon|Miraidon, L50|100\/100\n|-ability|p1b: Calyrex|As One\n|-ability|p1b: Calyrex|Unnerve\n|-fieldstart|move: Electric Terrain|[from] ability: Hadron Engine|[of] p2b: Miraidon\n|turn|1\n|\n|t:|1739734120\n|move|p1b: Calyrex|Protect|p1b: Calyrex\n|-singleturn|p1b: Calyrex|Protect\n|move|p2b: Miraidon|Volt Switch|p1b: Calyrex\n|-activate|p1b: Calyrex|move: Protect\n|move|p1a: Ogerpon|Ivy Cudgel|p2a: Farigiraf|[anim] Ivy Cudgel Rock\n|-damage|p2a: Farigiraf|42\/100\n|move|p2a: Farigiraf|Hyper Voice|p1b: Calyrex|[spread] p1a\n|-activate|p1b: Calyrex|move: Protect\n|-resisted|p1a: Ogerpon\n|-damage|p1a: Ogerpon|81\/100\n|-enditem|p2a: Farigiraf|Throat Spray\n|-boost|p2a: Farigiraf|spa|1|[from] item: Throat Spray\n|\n|upkeep\n|turn|2\n|\n|t:|1739734138\n|move|p2a: Farigiraf|Protect|p2a: Farigiraf\n|-singleturn|p2a: Farigiraf|Protect\n|move|p1a: Ogerpon|Follow Me|p1a: Ogerpon\n|-singleturn|p1a: Ogerpon|move: Follow Me\n|move|p2b: Miraidon|Volt Switch|p1a: Ogerpon\n|-resisted|p1a: Ogerpon\n|-damage|p1a: Ogerpon|19\/100\n|\n|t:|1739734151\n|switch|p2b: Incineroar|Incineroar, L50, M|100\/100|[from] Volt Switch\n|-ability|p2b: Incineroar|Intimidate|boost\n|-unboost|p1a: Ogerpon|atk|1\n|-fail|p1b: Calyrex|unboost|[from] item: Clear Amulet|[of] p1b: Calyrex\n|move|p1b: Calyrex|Trick Room|p1b: Calyrex\n|-fieldstart|move: Trick Room|[of] p1b: Calyrex\n|\n|upkeep\n|turn|3\n|inactive|Bfap has 30 seconds left.\n|\n|t:|1739734180\n|move|p1b: Calyrex|Protect|p1b: Calyrex\n|-singleturn|p1b: Calyrex|Protect\n|move|p2b: Incineroar|Knock Off|p1b: Calyrex\n|-activate|p1b: Calyrex|move: Protect\n|move|p1a: Ogerpon|Ivy Cudgel|p2a: Farigiraf|[anim] Ivy Cudgel Rock\n|-damage|p2a: Farigiraf|8\/100\n|move|p2a: Farigiraf|Trick Room|p2a: Farigiraf\n|-fieldend|move: Trick Room\n|\n|upkeep\n|turn|4\n|j| MillerH33\n|inactive|Bfap has 30 seconds left.\n|\n|t:|1739734208\n|move|p2a: Farigiraf|Protect|p2a: Farigiraf\n|-singleturn|p2a: Farigiraf|Protect\n|move|p1a: Ogerpon|Follow Me|p1a: Ogerpon\n|-singleturn|p1a: Ogerpon|move: Follow Me\n|move|p1b: Calyrex|Glacial Lance|p2b: Incineroar|[spread] p2b\n|-activate|p2a: Farigiraf|move: Protect\n|-resisted|p2b: Incineroar\n|-damage|p2b: Incineroar|77\/100\n|move|p2b: Incineroar|Knock Off|p1a: Ogerpon\n|-damage|p1a: Ogerpon|0 fnt\n|faint|p1a: Ogerpon\n|\n|upkeep\n|\n|t:|1739734211\n|switch|p1a: Smeargle|Smeargle, L50, F|100\/100\n|turn|5\n|\n|t:|1739734227\n|move|p1a: Smeargle|Follow Me|p1a: Smeargle\n|-singleturn|p1a: Smeargle|move: Follow Me\n|move|p2a: Farigiraf|Hyper Voice|p1a: Smeargle|[spread] p1a,p1b\n|-damage|p1a: Smeargle|12\/100\n|-damage|p1b: Calyrex|67\/100\n|move|p2b: Incineroar|Will-O-Wisp|p1a: Smeargle\n|-status|p1a: Smeargle|brn\n|move|p1b: Calyrex|Trick Room|p1b: Calyrex\n|-fieldstart|move: Trick Room|[of] p1b: Calyrex\n|\n|-damage|p1a: Smeargle|5\/100 brn|[from] brn\n|-fieldend|move: Electric Terrain\n|upkeep\n|turn|6\n|inactive|Bfap has 30 seconds left.\n|inactive|Bfap has 20 seconds left.\n|\n|t:|1739734272\n|move|p2a: Farigiraf|Protect|p2a: Farigiraf\n|-singleturn|p2a: Farigiraf|Protect\n|move|p1a: Smeargle|Follow Me|p1a: Smeargle\n|-singleturn|p1a: Smeargle|move: Follow Me\n|move|p2b: Incineroar|Parting Shot|p1a: Smeargle\n|-unboost|p1a: Smeargle|atk|1\n|-unboost|p1a: Smeargle|spa|1\n|\n|t:|1739734282\n|switch|p2b: Ogerpon|Ogerpon-Hearthflame, L50, F|100\/100|[from] Parting Shot\n|-ability|p2b: Ogerpon|Mold Breaker\n|move|p1b: Calyrex|Glacial Lance|p2a: Farigiraf|[spread] p2b\n|-activate|p2a: Farigiraf|move: Protect\n|-damage|p2b: Ogerpon|36\/100\n|\n|-damage|p1a: Smeargle|0 fnt|[from] brn\n|faint|p1a: Smeargle\n|upkeep\n|\n|t:|1739734302\n|switch|p1a: Torkoal|Torkoal, L50, F|100\/100\n|-weather|SunnyDay|[from] ability: Drought|[of] p1a: Torkoal\n|turn|7\n|\n|t:|1739734312\n|move|p2b: Ogerpon|Spiky Shield|p2b: Ogerpon\n|-singleturn|p2b: Ogerpon|move: Protect\n|move|p1a: Torkoal|Eruption|p2b: Ogerpon|[spread] p2a\n|-activate|p2b: Ogerpon|move: Protect\n|-damage|p2a: Farigiraf|0 fnt\n|faint|p2a: Farigiraf\n|move|p1b: Calyrex|Glacial Lance|p2b: Ogerpon\n|-activate|p2b: Ogerpon|move: Protect\n|\n|-weather|SunnyDay|[upkeep]\n|upkeep\n|\n|t:|1739734325\n|switch|p2a: Incineroar|Incineroar, L50, M|77\/100\n|-ability|p2a: Incineroar|Intimidate|boost\n|-unboost|p1a: Torkoal|atk|1\n|-fail|p1b: Calyrex|unboost|[from] item: Clear Amulet|[of] p1b: Calyrex\n|turn|8\n|\n|t:|1739734334\n|-terastallize|p2b: Ogerpon|Fire\n|detailschange|p2b: Ogerpon|Ogerpon-Hearthflame-Tera, L50, F, tera:Fire\n|-ability|p2b: Ogerpon|Embody Aspect (Hearthflame)|boost\n|-boost|p2b: Ogerpon|atk|1\n|move|p2a: Incineroar|Fake Out|p1a: Torkoal\n|-damage|p1a: Torkoal|92\/100\n|cant|p1a: Torkoal|flinch\n|move|p1b: Calyrex|High Horsepower|p2a: Incineroar\n|-supereffective|p2a: Incineroar\n|-damage|p2a: Incineroar|7\/100\n|move|p2b: Ogerpon|Ivy Cudgel|p1b: Calyrex|[anim] Ivy Cudgel Fire\n|-supereffective|p1b: Calyrex\n|-crit|p1b: Calyrex\n|-damage|p1b: Calyrex|0 fnt\n|faint|p1b: Calyrex\n|\n|-weather|SunnyDay|[upkeep]\n|upkeep\n|turn|9\n|-message|Bfap forfeited.\n|\n|win|CharizardYVGC\n|raw|Bfap's rating: 1606 &rarr; <strong>1586<\/strong><br \/>(-20 for losing)\n|raw|CharizardYVGC's rating: 1606 &rarr; <strong>1626<\/strong><br \/>(+20 for winning)\n|l|\u2606Bfap\n|player|p1|\n|l|\u2606CharizardYVGC\n|player|p2|\n","uploadtime":1739734565,"views":11,"formatid":"gen9vgc2025regg","rating":1586,"private":0,"password":null}