{"id":"gen9vgc2025regg-2301788186","format":"[Gen 9] VGC 2025 Reg G","players":["astral_ttm","Spottedwoot"],"log":"|j|\u2606astral_ttm\n|j|\u2606Spottedwoot\n|t:|1739705895\n|gametype|doubles\n|player|p1|astral_ttm|101|1518\n|player|p2|Spottedwoot|170|1570\n|teamsize|p1|6\n|teamsize|p2|6\n|gen|9\n|tier|[Gen 9] VGC 2025 Reg G\n|rated|\n|rule|Species Clause: Limit one of each Pok\u00e9mon\n|rule|Item Clause: Limit 1 of each item\n|clearpoke\n|poke|p1|Zacian-*, L50|\n|poke|p1|Regidrago, L50|\n|poke|p1|Ditto, L50|\n|poke|p1|Amoonguss, L50, M|\n|poke|p1|Chi-Yu, L50|\n|poke|p1|Whimsicott, L50, F|\n|poke|p2|Zamazenta-*, L50|\n|poke|p2|Chien-Pao, L50|\n|poke|p2|Entei, L50|\n|poke|p2|Raging Bolt, L50|\n|poke|p2|Rillaboom, L50, M|\n|poke|p2|Farigiraf, L50, M|\n|teampreview|4\n|inactive|Battle timer is ON: inactive players will automatically lose when time's up. (requested by Spottedwoot)\n|\n|t:|1739705927\n|start\n|switch|p1a: Zacian|Zacian-Crowned, L50, shiny|100\/100\n|switch|p1b: Chi-Yu|Chi-Yu, L50|100\/100\n|switch|p2a: Chien-Pao|Chien-Pao, L50|100\/100\n|switch|p2b: Entei|Entei, L50|100\/100\n|-ability|p1a: Zacian|Intrepid Sword|boost\n|-boost|p1a: Zacian|atk|1\n|-ability|p2a: Chien-Pao|Sword of Ruin\n|-ability|p1b: Chi-Yu|Beads of Ruin\n|turn|1\n|inactive|Spottedwoot has 30 seconds left.\n|\n|t:|1739705953\n|-terastallize|p1a: Zacian|Ground\n|move|p1a: Zacian|Tera Blast|p2b: Entei|[anim] Tera Blast Ground\n|-supereffective|p2b: Entei\n|-damage|p2b: Entei|0 fnt\n|faint|p2b: Entei\n|move|p2a: Chien-Pao|Sacred Sword|p1b: Chi-Yu\n|-supereffective|p1b: Chi-Yu\n|-enditem|p1b: Chi-Yu|Focus Sash\n|-damage|p1b: Chi-Yu|1\/100\n|move|p1b: Chi-Yu|Heat Wave|p2a: Chien-Pao\n|-supereffective|p2a: Chien-Pao\n|-enditem|p2a: Chien-Pao|Focus Sash\n|-damage|p2a: Chien-Pao|1\/100\n|\n|upkeep\n|\n|t:|1739705963\n|switch|p2b: Zamazenta|Zamazenta-Crowned, L50|100\/100\n|-ability|p2b: Zamazenta|Dauntless Shield|boost\n|-boost|p2b: Zamazenta|def|1\n|turn|2\n|\n|t:|1739705974\n|-terastallize|p2b: Zamazenta|Dragon\n|move|p1b: Chi-Yu|Protect|p1b: Chi-Yu\n|-singleturn|p1b: Chi-Yu|Protect\n|move|p2a: Chien-Pao|Sucker Punch|p1a: Zacian\n|-crit|p1a: Zacian\n|-damage|p1a: Zacian|38\/100\n|move|p1a: Zacian|Sacred Sword|p2a: Chien-Pao\n|-supereffective|p2a: Chien-Pao\n|-damage|p2a: Chien-Pao|0 fnt\n|faint|p2a: Chien-Pao\n|move|p2b: Zamazenta|Body Press|p1a: Zacian\n|-damage|p1a: Zacian|0 fnt\n|faint|p1a: Zacian\n|\n|upkeep\n|\n|t:|1739705991\n|switch|p1a: Amoonguss|Amoonguss, L50, M, shiny|100\/100\n|switch|p2a: Raging Bolt|Raging Bolt, L50|100\/100\n|-enditem|p2a: Raging Bolt|Booster Energy\n|-activate|p2a: Raging Bolt|ability: Protosynthesis|[fromitem]\n|-start|p2a: Raging Bolt|protosynthesisspa\n|turn|3\n|\n|t:|1739706000\n|move|p2b: Zamazenta|Heavy Slam|p1a: Amoonguss\n|-damage|p1a: Amoonguss|62\/100\n|-damage|p2b: Zamazenta|84\/100|[from] item: Rocky Helmet|[of] p1a: Amoonguss\n|move|p1b: Chi-Yu|Dark Pulse|p2a: Raging Bolt\n|-damage|p2a: Raging Bolt|55\/100\n|move|p2a: Raging Bolt|Dragon Pulse|p1a: Amoonguss\n|-damage|p1a: Amoonguss|0 fnt\n|faint|p1a: Amoonguss\n|\n|upkeep\n|\n|t:|1739706010\n|switch|p1a: Regidrago|Regidrago, L50, shiny|100\/100\n|turn|4\n|\n|t:|1739706019\n|move|p2b: Zamazenta|Wide Guard|p2b: Zamazenta\n|-singleturn|p2b: Zamazenta|Wide Guard\n|move|p2a: Raging Bolt|Thunderclap|p1b: Chi-Yu\n|-damage|p1b: Chi-Yu|0 fnt\n|faint|p1b: Chi-Yu\n|move|p1a: Regidrago|Draco Meteor|p2b: Zamazenta\n|-supereffective|p2b: Zamazenta\n|-damage|p2b: Zamazenta|0 fnt\n|-unboost|p1a: Regidrago|spa|2\n|faint|p2b: Zamazenta\n|-damage|p1a: Regidrago|91\/100|[from] item: Life Orb\n|\n|upkeep\n|turn|5\n|\n|t:|1739706031\n|move|p1a: Regidrago|Draco Meteor|p2a: Raging Bolt\n|-supereffective|p2a: Raging Bolt\n|-damage|p2a: Raging Bolt|0 fnt\n|-unboost|p1a: Regidrago|spa|2\n|faint|p2a: Raging Bolt\n|-end|p2a: Raging Bolt|Protosynthesis|[silent]\n|-damage|p1a: Regidrago|81\/100|[from] item: Life Orb\n|\n|win|astral_ttm\n|raw|astral_ttm's rating: 1518 &rarr; <strong>1541<\/strong><br \/>(+23 for winning)\n|raw|Spottedwoot's rating: 1570 &rarr; <strong>1547<\/strong><br \/>(-23 for losing)\n|l|\u2606Spottedwoot\n|player|p2|\n|l|\u2606astral_ttm\n|player|p1|\n","uploadtime":1739706035,"views":64,"formatid":"gen9vgc2025regg","rating":1541,"private":0,"password":null}