{"id":"gen9vgc2025regg-2301649278","format":"[Gen 9] VGC 2025 Reg G","players":["metakurozashi","huyuplan"],"log":"|j|\u2606metakurozashi\n|j|\u2606huyuplan\n|t:|1739678381\n|gametype|doubles\n|player|p1|metakurozashi|1|1555\n|player|p2|huyuplan|lucas|1598\n|teamsize|p1|6\n|teamsize|p2|6\n|gen|9\n|tier|[Gen 9] VGC 2025 Reg G\n|rated|\n|rule|Species Clause: Limit one of each Pok\u00e9mon\n|rule|Item Clause: Limit 1 of each item\n|clearpoke\n|poke|p1|Annihilape, L50, M|\n|poke|p1|Whimsicott, L50, M|\n|poke|p1|Miraidon, L50|\n|poke|p1|Iron Bundle, L50|\n|poke|p1|Incineroar, L50, M|\n|poke|p1|Dragonite, L50, M|\n|poke|p2|Regidrago, L50|\n|poke|p2|Zacian-*, L50|\n|poke|p2|Farigiraf, L50, M|\n|poke|p2|Tornadus, L50, M|\n|poke|p2|Ditto, L50|\n|poke|p2|Chien-Pao, L50|\n|teampreview|4\n|j| futonkagebunshin\n|l| futonkagebunshin\n|\n|t:|1739678508\n|start\n|switch|p1a: Miraidon|Miraidon, L50|100\/100\n|switch|p1b: Iron Bundle|Iron Bundle, L50|100\/100\n|switch|p2a: Regidrago|Regidrago, L50|100\/100\n|switch|p2b: Tornadus|Tornadus, L50, M|100\/100\n|-fieldstart|move: Electric Terrain|[from] ability: Hadron Engine|[of] p1a: Miraidon\n|-activate|p1b: Iron Bundle|ability: Quark Drive\n|-start|p1b: Iron Bundle|quarkdrivespe\n|turn|1\n|j| Not Kaya\n|\n|t:|1739678535\n|-terastallize|p1a: Miraidon|Fairy\n|move|p2a: Regidrago|Protect|p2a: Regidrago\n|-singleturn|p2a: Regidrago|Protect\n|move|p2b: Tornadus|Tailwind|p2b: Tornadus\n|-sidestart|p2: huyuplan|move: Tailwind\n|move|p1b: Iron Bundle|Icy Wind|p2b: Tornadus|[spread] p2b\n|-activate|p2a: Regidrago|move: Protect\n|-supereffective|p2b: Tornadus\n|-damage|p2b: Tornadus|39\/100\n|move|p1a: Miraidon|Dazzling Gleam|p2b: Tornadus|[spread] p2b\n|-activate|p2a: Regidrago|move: Protect\n|-damage|p2b: Tornadus|0 fnt\n|faint|p2b: Tornadus\n|\n|upkeep\n|\n|t:|1739678552\n|switch|p2b: Zacian|Zacian-Crowned, L50|100\/100\n|-ability|p2b: Zacian|Intrepid Sword|boost\n|-boost|p2b: Zacian|atk|1\n|turn|2\n|j| mr pogostick\n|\n|t:|1739678600\n|switch|p1a: Incineroar|Incineroar, L50, M|100\/100\n|-ability|p1a: Incineroar|Intimidate|boost\n|-unboost|p2a: Regidrago|atk|1\n|-unboost|p2b: Zacian|atk|1\n|-terastallize|p2a: Regidrago|Dragon\n|move|p2b: Zacian|Behemoth Blade|p1b: Iron Bundle\n|-damage|p1b: Iron Bundle|36\/100\n|move|p1b: Iron Bundle|Encore|p2a: Regidrago\n|-start|p2a: Regidrago|Encore\n|move|p2a: Regidrago|Protect||[still]\n|-fail|p2a: Regidrago\n|\n|upkeep\n|turn|3\n|j| nistaka\n|\n|t:|1739678643\n|switch|p2a: Chien-Pao|Chien-Pao, L50|100\/100\n|-ability|p2a: Chien-Pao|Sword of Ruin\n|move|p2b: Zacian|Protect|p2b: Zacian\n|-singleturn|p2b: Zacian|Protect\n|move|p1b: Iron Bundle|Protect|p1b: Iron Bundle\n|-singleturn|p1b: Iron Bundle|Protect\n|move|p1a: Incineroar|Will-O-Wisp|p2b: Zacian\n|-activate|p2b: Zacian|move: Protect\n|\n|upkeep\n|turn|4\n|\n|t:|1739678693\n|-end|p1b: Iron Bundle|Quark Drive|[silent]\n|switch|p1b: Dragonite|Dragonite, L50, M|100\/100\n|move|p2b: Zacian|Sacred Sword|p1a: Incineroar\n|-supereffective|p1a: Incineroar\n|-damage|p1a: Incineroar|32\/100\n|-damage|p2b: Zacian|84\/100|[from] item: Rocky Helmet|[of] p1a: Incineroar\n|move|p2a: Chien-Pao|Crunch|p1b: Dragonite\n|-damage|p1b: Dragonite|72\/100\n|move|p1a: Incineroar|U-turn|p2a: Chien-Pao\n|-supereffective|p2a: Chien-Pao\n|-damage|p2a: Chien-Pao|54\/100\n|\n|t:|1739678705\n|switch|p1a: Iron Bundle|Iron Bundle, L50|36\/100|[from] U-turn\n|-activate|p1a: Iron Bundle|ability: Quark Drive\n|-start|p1a: Iron Bundle|quarkdrivespe\n|\n|-sideend|p2: huyuplan|move: Tailwind\n|upkeep\n|turn|5\n|j| RelearningVGCBR\n|\n|t:|1739678740\n|switch|p1b: Incineroar|Incineroar, L50, M|32\/100\n|-ability|p1b: Incineroar|Intimidate|boost\n|-unboost|p2a: Chien-Pao|atk|1\n|-unboost|p2b: Zacian|atk|1\n|move|p2a: Chien-Pao|Sucker Punch|p1a: Iron Bundle\n|-damage|p1a: Iron Bundle|0 fnt\n|faint|p1a: Iron Bundle\n|-end|p1a: Iron Bundle|Quark Drive|[silent]\n|move|p2b: Zacian|Play Rough|p1b: Incineroar\n|-damage|p1b: Incineroar|0 fnt\n|-damage|p2b: Zacian|68\/100|[from] item: Rocky Helmet|[of] p1b: Incineroar\n|faint|p1b: Incineroar\n|\n|-fieldend|move: Electric Terrain\n|upkeep\n|\n|t:|1739678753\n|switch|p1a: Miraidon|Miraidon, L50, tera:Fairy|100\/100\n|switch|p1b: Dragonite|Dragonite, L50, M|72\/100\n|-fieldstart|move: Electric Terrain|[from] ability: Hadron Engine|[of] p1a: Miraidon\n|turn|6\n|\n|t:|1739678780\n|move|p1b: Dragonite|Extreme Speed|p2a: Chien-Pao\n|-damage|p2a: Chien-Pao|13\/100\n|move|p2b: Zacian|Behemoth Blade|p1a: Miraidon\n|-supereffective|p1a: Miraidon\n|-damage|p1a: Miraidon|3\/100\n|move|p1a: Miraidon|Electro Drift|p2b: Zacian\n|-damage|p2b: Zacian|0 fnt\n|faint|p2b: Zacian\n|move|p2a: Chien-Pao|Haze|p2a: Chien-Pao\n|-clearallboost\n|\n|upkeep\n|\n|t:|1739678794\n|switch|p2b: Regidrago|Regidrago, L50, tera:Dragon|100\/100\n|turn|7\n|\n|t:|1739678825\n|move|p1b: Dragonite|Extreme Speed|p2b: Regidrago\n|-damage|p2b: Regidrago|57\/100\n|move|p2a: Chien-Pao|Sucker Punch|p1a: Miraidon\n|-resisted|p1a: Miraidon\n|-damage|p1a: Miraidon|0 fnt\n|faint|p1a: Miraidon\n|move|p2b: Regidrago|Draco Meteor|p1b: Dragonite\n|-supereffective|p1b: Dragonite\n|-damage|p1b: Dragonite|0 fnt\n|-unboost|p2b: Regidrago|spa|2\n|faint|p1b: Dragonite\n|\n|win|huyuplan\n|raw|metakurozashi's rating: 1555 &rarr; <strong>1537<\/strong><br \/>(-18 for losing)\n|raw|huyuplan's rating: 1598 &rarr; <strong>1616<\/strong><br \/>(+18 for winning)\n|l|\u2606metakurozashi\n|player|p1|\n|l| mr pogostick\n|l|\u2606huyuplan\n|player|p2|\n|l| RelearningVGCBR\n","uploadtime":1739679076,"views":5,"formatid":"gen9vgc2025regg","rating":1537,"private":0,"password":null}