{"id":"gen9vgc2025regg-2301132081","format":"[Gen 9] VGC 2025 Reg G","players":["ComicStar746","Spottedwoot"],"log":"|j|\u2606ComicStar746\n|j|\u2606Spottedwoot\n|t:|1739599971\n|gametype|doubles\n|player|p1|ComicStar746|102|1518\n|player|p2|Spottedwoot|101|1604\n|teamsize|p1|6\n|teamsize|p2|6\n|gen|9\n|tier|[Gen 9] VGC 2025 Reg G\n|rated|\n|rule|Species Clause: Limit one of each Pok\u00e9mon\n|rule|Item Clause: Limit 1 of each item\n|clearpoke\n|poke|p1|Miraidon, L50|\n|poke|p1|Farigiraf, L50, F|\n|poke|p1|Iron Hands, L50|\n|poke|p1|Urshifu-*, L50, F|\n|poke|p1|Entei, L50|\n|poke|p1|Grimmsnarl, L50, M|\n|poke|p2|Zamazenta-*, L50|\n|poke|p2|Chien-Pao, L50|\n|poke|p2|Entei, L50|\n|poke|p2|Raging Bolt, L50|\n|poke|p2|Rillaboom, L50, F|\n|poke|p2|Farigiraf, L50, F|\n|teampreview|4\n|inactive|Battle timer is ON: inactive players will automatically lose when time's up. (requested by Spottedwoot)\n|\n|t:|1739600026\n|start\n|switch|p1a: Rely On|Miraidon, L50|100\/100\n|switch|p1b: The Jig and Graph|Farigiraf, L50, F|100\/100\n|switch|p2a: Zamazenta|Zamazenta-Crowned, L50|100\/100\n|switch|p2b: Chien-Pao|Chien-Pao, L50|100\/100\n|-ability|p2b: Chien-Pao|Sword of Ruin\n|-ability|p2a: Zamazenta|Dauntless Shield|boost\n|-boost|p2a: Zamazenta|def|1\n|-fieldstart|move: Electric Terrain|[from] ability: Hadron Engine|[of] p1a: Rely On\n|-enditem|p1b: The Jig and Graph|Electric Seed\n|-boost|p1b: The Jig and Graph|def|1|[from] item: Electric Seed\n|turn|1\n|\n|t:|1739600038\n|-terastallize|p1a: Rely On|Fairy\n|move|p2b: Chien-Pao|Icicle Crash|p1a: Rely On\n|-damage|p1a: Rely On|46\/100\n|move|p2a: Zamazenta|Iron Defense|p2a: Zamazenta\n|-boost|p2a: Zamazenta|def|2\n|move|p1a: Rely On|Electro Drift|p2a: Zamazenta\n|-damage|p2a: Zamazenta|0 fnt\n|faint|p2a: Zamazenta\n|move|p1b: The Jig and Graph|Foul Play|p2b: Chien-Pao\n|-resisted|p2b: Chien-Pao\n|-damage|p2b: Chien-Pao|79\/100\n|\n|upkeep\n|\n|t:|1739600050\n|switch|p2a: Rillaboom|Rillaboom, L50, F|100\/100\n|-fieldstart|move: Grassy Terrain|[from] ability: Grassy Surge|[of] p2a: Rillaboom\n|turn|2\n|\n|t:|1739600061\n|switch|p1a: Entei|Entei, L50|100\/100\n|move|p2b: Chien-Pao|Icicle Crash|p1a: Entei\n|-resisted|p1a: Entei\n|-damage|p1a: Entei|73\/100\n|move|p2a: Rillaboom|Wood Hammer|p1b: The Jig and Graph\n|-damage|p1b: The Jig and Graph|40\/100\n|-damage|p2a: Rillaboom|79\/100|[from] Recoil\n|move|p1b: The Jig and Graph|Foul Play|p2a: Rillaboom\n|-damage|p2a: Rillaboom|43\/100\n|\n|-heal|p2b: Chien-Pao|85\/100|[from] Grassy Terrain\n|-heal|p1a: Entei|78\/100|[from] Grassy Terrain\n|-heal|p2a: Rillaboom|49\/100|[from] Grassy Terrain\n|-heal|p1b: The Jig and Graph|46\/100|[from] Grassy Terrain\n|upkeep\n|turn|3\n|\n|t:|1739600078\n|switch|p2a: Raging Bolt|Raging Bolt, L50|100\/100\n|-enditem|p2a: Raging Bolt|Booster Energy\n|-activate|p2a: Raging Bolt|ability: Protosynthesis|[fromitem]\n|-start|p2a: Raging Bolt|protosynthesisspa\n|move|p2b: Chien-Pao|Icicle Crash|p1b: The Jig and Graph\n|-damage|p1b: The Jig and Graph|14\/100\n|move|p1a: Entei|Sacred Fire|p2b: Chien-Pao\n|-supereffective|p2b: Chien-Pao\n|-damage|p2b: Chien-Pao|0 fnt\n|faint|p2b: Chien-Pao\n|-damage|p1a: Entei|68\/100|[from] item: Life Orb\n|cant|p1b: The Jig and Graph|flinch\n|\n|-heal|p1a: Entei|74\/100|[from] Grassy Terrain\n|-heal|p1b: The Jig and Graph|20\/100|[from] Grassy Terrain\n|upkeep\n|\n|t:|1739600090\n|switch|p2b: Rillaboom|Rillaboom, L50, F|49\/100\n|turn|4\n|\n|t:|1739600099\n|-terastallize|p2a: Raging Bolt|Electric\n|move|p1a: Entei|Sacred Fire|p2b: Rillaboom\n|-supereffective|p2b: Rillaboom\n|-damage|p2b: Rillaboom|0 fnt\n|faint|p2b: Rillaboom\n|-damage|p1a: Entei|64\/100|[from] item: Life Orb\n|move|p2a: Raging Bolt|Thunderbolt|p1a: Entei\n|-crit|p1a: Entei\n|-damage|p1a: Entei|0 fnt\n|faint|p1a: Entei\n|move|p1b: The Jig and Graph|Psychic Noise|p2a: Raging Bolt\n|-damage|p2a: Raging Bolt|78\/100\n|-start|p2a: Raging Bolt|move: Heal Block\n|\n|-heal|p1b: The Jig and Graph|26\/100|[from] Grassy Terrain\n|upkeep\n|\n|t:|1739600104\n|switch|p1a: Iron Hands|Iron Hands, L50|100\/100\n|turn|5\n|\n|t:|1739600109\n|move|p1b: The Jig and Graph|Helping Hand|p1a: Iron Hands\n|-singleturn|p1a: Iron Hands|Helping Hand|[of] p1b: The Jig and Graph\n|move|p2a: Raging Bolt|Thunderbolt|p1b: The Jig and Graph\n|-damage|p1b: The Jig and Graph|0 fnt\n|faint|p1b: The Jig and Graph\n|move|p1a: Iron Hands|Low Kick|p2a: Raging Bolt\n|-damage|p2a: Raging Bolt|0 fnt\n|faint|p2a: Raging Bolt\n|-end|p2a: Raging Bolt|Protosynthesis|[silent]\n|\n|win|ComicStar746\n|raw|ComicStar746's rating: 1518 &rarr; <strong>1543<\/strong><br \/>(+25 for winning)\n|raw|Spottedwoot's rating: 1604 &rarr; <strong>1579<\/strong><br \/>(-25 for losing)\n","uploadtime":1739600112,"views":101,"formatid":"gen9vgc2025regg","rating":1543,"private":0,"password":null}