{"id":"gen9vgc2025regg-2301780885","format":"[Gen 9] VGC 2025 Reg G","players":["ArtianoV.","daniiivgc"],"log":"|j|\u2606ArtianoV.\n|j|\u203ddaniiivgc\n|t:|1739704434\n|gametype|doubles\n|player|p1|ArtianoV.|dahlia|1561\n|player|p2|daniiivgc|gambler|1526\n|teamsize|p1|6\n|teamsize|p2|6\n|gen|9\n|tier|[Gen 9] VGC 2025 Reg G\n|rated|\n|rule|Species Clause: Limit one of each Pok\u00e9mon\n|rule|Item Clause: Limit 1 of each item\n|clearpoke\n|poke|p1|Miraidon, L50|\n|poke|p1|Whimsicott, L50, M|\n|poke|p1|Urshifu-*, L50, M|\n|poke|p1|Ogerpon-Hearthflame, L50, F|\n|poke|p1|Chi-Yu, L50|\n|poke|p1|Flutter Mane, L50|\n|poke|p2|Calyrex-Shadow, L50|\n|poke|p2|Chesnaught, L50, M|\n|poke|p2|Whimsicott, L50, F|\n|poke|p2|Ogerpon-Cornerstone, L50, F|\n|poke|p2|Urshifu-*, L50, F|\n|poke|p2|Incineroar, L50, F|\n|teampreview|4\n|\n|t:|1739704461\n|start\n|switch|p1a: Chi-Yu|Chi-Yu, L50|100\/100\n|switch|p1b: Miraidon|Miraidon, L50|100\/100\n|switch|p2a: Whimsicott|Whimsicott, L50, F|100\/100\n|switch|p2b: Calyrex|Calyrex-Shadow, L50|100\/100\n|-ability|p2b: Calyrex|As One\n|-ability|p2b: Calyrex|Unnerve\n|-ability|p1a: Chi-Yu|Beads of Ruin\n|-fieldstart|move: Electric Terrain|[from] ability: Hadron Engine|[of] p1b: Miraidon\n|turn|1\n|inactive|Battle timer is ON: inactive players will automatically lose when time's up. (requested by daniiivgc)\n|\n|t:|1739704480\n|move|p2a: Whimsicott|Light Screen|p2a: Whimsicott\n|-sidestart|p2: daniiivgc|move: Light Screen\n|move|p1a: Chi-Yu|Heat Wave|p2a: Whimsicott|[spread] p2a,p2b\n|-supereffective|p2a: Whimsicott\n|-damage|p2a: Whimsicott|20\/100\n|-damage|p2b: Calyrex|69\/100\n|move|p2b: Calyrex|Astral Barrage|p1b: Miraidon|[spread] p1a,p1b\n|-resisted|p1a: Chi-Yu\n|-damage|p1a: Chi-Yu|62\/100\n|-damage|p1b: Miraidon|28\/100\n|move|p1b: Miraidon|Volt Switch|p2a: Whimsicott\n|-resisted|p2a: Whimsicott\n|-damage|p2a: Whimsicott|0 fnt\n|faint|p2a: Whimsicott\n|\n|t:|1739704484\n|switch|p1b: Whimsicott|Whimsicott, L50, M|100\/100|[from] Volt Switch\n|\n|upkeep\n|\n|t:|1739704495\n|switch|p2a: Chesnaught|Chesnaught, L50, M|100\/100\n|turn|2\n|\n|t:|1739704516\n|move|p2a: Chesnaught|Wide Guard|p2a: Chesnaught\n|-singleturn|p2a: Chesnaught|Wide Guard\n|move|p1b: Whimsicott|Light Screen|p1b: Whimsicott\n|-sidestart|p1: ArtianoV.|move: Light Screen\n|move|p1a: Chi-Yu|Heat Wave|p2b: Calyrex|[spread] \n|-activate|p2a: Chesnaught|move: Wide Guard\n|-activate|p2b: Calyrex|move: Wide Guard\n|move|p2b: Calyrex|Astral Barrage|p1b: Whimsicott|[spread] p1a,p1b\n|-resisted|p1a: Chi-Yu\n|-damage|p1a: Chi-Yu|38\/100\n|-damage|p1b: Whimsicott|38\/100\n|\n|upkeep\n|turn|3\n|\n|t:|1739704530\n|move|p2a: Chesnaught|Wide Guard|p2a: Chesnaught\n|-singleturn|p2a: Chesnaught|Wide Guard\n|move|p1b: Whimsicott|Tailwind|p1b: Whimsicott\n|-sidestart|p1: ArtianoV.|move: Tailwind\n|move|p1a: Chi-Yu|Heat Wave|p2b: Calyrex|[spread] \n|-activate|p2a: Chesnaught|move: Wide Guard\n|-activate|p2b: Calyrex|move: Wide Guard\n|move|p2b: Calyrex|Astral Barrage|p1a: Chi-Yu|[spread] p1a,p1b\n|-resisted|p1a: Chi-Yu\n|-damage|p1a: Chi-Yu|15\/100\n|-damage|p1b: Whimsicott|0 fnt\n|faint|p1b: Whimsicott\n|-ability|p2b: Calyrex|Grim Neigh|boost\n|-boost|p2b: Calyrex|spa|1\n|\n|upkeep\n|\n|t:|1739704545\n|switch|p1b: Ogerpon|Ogerpon-Hearthflame, L50, F|100\/100\n|-ability|p1b: Ogerpon|Mold Breaker\n|turn|4\n|inactive|daniiivgc has 30 seconds left.\n|\n|t:|1739704572\n|-terastallize|p1b: Ogerpon|Fire\n|detailschange|p1b: Ogerpon|Ogerpon-Hearthflame-Tera, L50, F, tera:Fire\n|-ability|p1b: Ogerpon|Embody Aspect (Hearthflame)|boost\n|-boost|p1b: Ogerpon|atk|1\n|-terastallize|p2a: Chesnaught|Water\n|move|p2b: Calyrex|Protect|p2b: Calyrex\n|-singleturn|p2b: Calyrex|Protect\n|move|p1a: Chi-Yu|Heat Wave|p2b: Calyrex|[spread] p2a\n|-activate|p2b: Calyrex|move: Protect\n|-resisted|p2a: Chesnaught\n|-damage|p2a: Chesnaught|80\/100\n|move|p1b: Ogerpon|Ivy Cudgel|p2a: Chesnaught|[anim] Ivy Cudgel Fire\n|-resisted|p2a: Chesnaught\n|-damage|p2a: Chesnaught|46\/100\n|move|p2a: Chesnaught|Body Press|p1a: Chi-Yu\n|-supereffective|p1a: Chi-Yu\n|-damage|p1a: Chi-Yu|0 fnt\n|faint|p1a: Chi-Yu\n|\n|-heal|p2a: Chesnaught|53\/100|[from] item: Leftovers\n|upkeep\n|\n|t:|1739704583\n|switch|p1a: Miraidon|Miraidon, L50|28\/100\n|-activate|p1a: Miraidon|ability: Hadron Engine\n|turn|5\n|\n|t:|1739704598\n|switch|p2b: Ogerpon|Ogerpon-Cornerstone, L50, F|100\/100\n|move|p1a: Miraidon|Electro Drift|p2a: Chesnaught\n|-supereffective|p2a: Chesnaught\n|-damage|p2a: Chesnaught|0 fnt\n|faint|p2a: Chesnaught\n|move|p1b: Ogerpon|Ivy Cudgel|p2b: Ogerpon|[anim] Ivy Cudgel Fire\n|-ability|p2b: Ogerpon|Sturdy\n|-damage|p2b: Ogerpon|1\/100\n|\n|-sideend|p2: daniiivgc|move: Light Screen\n|-fieldend|move: Electric Terrain\n|upkeep\n|\n|t:|1739704607\n|switch|p2a: Calyrex|Calyrex-Shadow, L50|69\/100\n|-ability|p2a: Calyrex|As One\n|-ability|p2a: Calyrex|Unnerve\n|turn|6\n|\n|t:|1739704614\n|move|p2a: Calyrex|Protect|p2a: Calyrex\n|-singleturn|p2a: Calyrex|Protect\n|move|p2b: Ogerpon|Spiky Shield|p2b: Ogerpon\n|-singleturn|p2b: Ogerpon|move: Protect\n|move|p1a: Miraidon|Electro Drift|p2b: Ogerpon\n|-activate|p2b: Ogerpon|move: Protect\n|-damage|p1a: Miraidon|15\/100|[from] Spiky Shield|[of] p2b: Ogerpon\n|move|p1b: Ogerpon|Ivy Cudgel|p2a: Calyrex|[anim] Ivy Cudgel Fire\n|-activate|p2a: Calyrex|move: Protect\n|\n|-sideend|p1: ArtianoV.|move: Light Screen\n|-sideend|p1: ArtianoV.|move: Tailwind\n|upkeep\n|turn|7\n|\n|t:|1739704630\n|move|p2a: Calyrex|Astral Barrage|p1a: Miraidon|[spread] p1a,p1b\n|-damage|p1a: Miraidon|0 fnt\n|-damage|p1b: Ogerpon|38\/100\n|faint|p1a: Miraidon\n|-ability|p2a: Calyrex|Grim Neigh|boost\n|-boost|p2a: Calyrex|spa|1\n|move|p2b: Ogerpon|Ivy Cudgel|p1b: Ogerpon|[anim] Ivy Cudgel Rock\n|-supereffective|p1b: Ogerpon\n|-crit|p1b: Ogerpon\n|-damage|p1b: Ogerpon|0 fnt\n|faint|p1b: Ogerpon\n|\n|win|daniiivgc\n|raw|ArtianoV.'s rating: 1561 &rarr; <strong>1539<\/strong><br \/>(-22 for losing)\n|raw|daniiivgc's rating: 1526 &rarr; <strong>1548<\/strong><br \/>(+22 for winning)\n|l|\u2606ArtianoV.\n|player|p1|\n|l|\u203ddaniiivgc\n|player|p2|\n","uploadtime":1739704800,"views":11,"formatid":"gen9vgc2025regg","rating":1539,"private":0,"password":null}