{"id":"gen9vgc2025regg-2301468533","format":"[Gen 9] VGC 2025 Reg G","players":["BellmanTGM","Crysantimo"],"log":"|j|\u2606BellmanTGM\n|j|\u2606Crysantimo\n|t:|1739654066\n|gametype|doubles\n|player|p1|BellmanTGM|pokefan-gen4|1524\n|player|p2|Crysantimo|zinzolin|1603\n|teamsize|p1|6\n|teamsize|p2|6\n|gen|9\n|tier|[Gen 9] VGC 2025 Reg G\n|rated|\n|rule|Species Clause: Limit one of each Pok\u00e9mon\n|rule|Item Clause: Limit 1 of each item\n|clearpoke\n|poke|p1|Terapagos, L50, M|\n|poke|p1|Indeedee-F, L50, F|\n|poke|p1|Ogerpon-Cornerstone, L50, F|\n|poke|p1|Urshifu-*, L50, F|\n|poke|p1|Tornadus, L50, M|\n|poke|p1|Clefairy, L50, M|\n|poke|p2|Calyrex-Shadow, L50|\n|poke|p2|Chi-Yu, L50|\n|poke|p2|Weezing-Galar, L50, M|\n|poke|p2|Pawmot, L50, M|\n|poke|p2|Dragonite, L50, M|\n|poke|p2|Electabuzz, L50, F|\n|teampreview|4\n|inactive|Battle timer is ON: inactive players will automatically lose when time's up. (requested by BellmanTGM)\n|inactive|BellmanTGM has 60 seconds left.\n|inactive|Crysantimo has 60 seconds left.\n|\n|t:|1739654110\n|start\n|switch|p1a: Terapagos|Terapagos, L50, M|100\/100\n|switch|p1b: Indeedee|Indeedee-F, L50, F|100\/100\n|switch|p2a: Calyrex|Calyrex-Shadow, L50|100\/100\n|switch|p2b: Weezing|Weezing-Galar, L50, M|100\/100\n|-activate|p1a: Terapagos|ability: Tera Shift\n|detailschange|p1a: Terapagos|Terapagos-Terastal, L50, M\n|-heal|p1a: Terapagos|100\/100|[silent]\n|-ability|p2b: Weezing|Neutralizing Gas\n|-ability|p2a: Calyrex|As One\n|-ability|p2a: Calyrex|Unnerve\n|turn|1\n|inactive|BellmanTGM has 30 seconds left.\n|inactive|BellmanTGM has 20 seconds left.\n|inactive|BellmanTGM has 15 seconds left.\n|inactive|BellmanTGM has 10 seconds left.\n|\n|t:|1739654158\n|move|p1b: Indeedee|Helping Hand|p1a: Terapagos\n|-singleturn|p1a: Terapagos|Helping Hand|[of] p1b: Indeedee\n|move|p2a: Calyrex|Pollen Puff|p1b: Indeedee\n|-supereffective|p1b: Indeedee\n|-damage|p1b: Indeedee|0 fnt\n|faint|p1b: Indeedee\n|-ability|p2a: Calyrex|Grim Neigh|boost\n|-boost|p2a: Calyrex|spa|1\n|move|p1a: Terapagos|Earth Power|p2b: Weezing\n|-supereffective|p2b: Weezing\n|-damage|p2b: Weezing|0 fnt\n|faint|p2b: Weezing\n|-end|p2b: Weezing|ability: Neutralizing Gas\n|\n|upkeep\n|j| BrnN0\n|\n|t:|1739654176\n|switch|p1b: Urshifu|Urshifu-Rapid-Strike, L50, F|100\/100\n|switch|p2b: Pawmot|Pawmot, L50, M|100\/100\n|turn|2\n|\n|t:|1739654195\n|switch|p2a: Dragonite|Dragonite, L50, M|100\/100\n|switch|p1a: Ogerpon|Ogerpon-Cornerstone, L50, F|100\/100\n|move|p1b: Urshifu|Detect|p1b: Urshifu\n|-singleturn|p1b: Urshifu|Protect\n|move|p2b: Pawmot|Fake Out|p1b: Urshifu\n|-activate|p1b: Urshifu|move: Protect\n|\n|upkeep\n|turn|3\n|inactive|BellmanTGM has 30 seconds left.\n|inactive|BellmanTGM has 20 seconds left.\n|inactive|BellmanTGM has 15 seconds left.\n|\n|t:|1739654236\n|-terastallize|p2a: Dragonite|Normal\n|move|p1a: Ogerpon|Ivy Cudgel|p2a: Dragonite|[anim] Ivy Cudgel Rock\n|-damage|p2a: Dragonite|46\/100\n|move|p2b: Pawmot|Encore|p1b: Urshifu\n|-start|p1b: Urshifu|Encore\n|move|p1b: Urshifu|Detect||[still]\n|-fail|p1b: Urshifu\n|move|p2a: Dragonite|Ice Spinner|p1a: Ogerpon\n|-supereffective|p1a: Ogerpon\n|-damage|p1a: Ogerpon|10\/100\n|\n|upkeep\n|turn|4\n|\n|t:|1739654248\n|switch|p1b: Terapagos|Terapagos-Terastal, L50, M|100\/100\n|move|p1a: Ogerpon|Spiky Shield|p1a: Ogerpon\n|-singleturn|p1a: Ogerpon|move: Protect\n|move|p2b: Pawmot|Close Combat|p1a: Ogerpon\n|-activate|p1a: Ogerpon|move: Protect\n|-damage|p2b: Pawmot|88\/100|[from] Spiky Shield|[of] p1a: Ogerpon\n|move|p2a: Dragonite|Aerial Ace|p1b: Terapagos\n|-activate|p1b: Terapagos|ability: Tera Shell\n|-resisted|p1b: Terapagos\n|-damage|p1b: Terapagos|86\/100\n|\n|upkeep\n|turn|5\n|\n|t:|1739654267\n|-terastallize|p1b: Terapagos|Stellar\n|detailschange|p1b: Terapagos|Terapagos-Stellar, L50, M, tera:Stellar\n|-heal|p1b: Terapagos|90\/100|[silent]\n|move|p1a: Ogerpon|Follow Me|p1a: Ogerpon\n|-singleturn|p1a: Ogerpon|move: Follow Me\n|move|p2a: Dragonite|Extreme Speed|p1a: Ogerpon\n|-resisted|p1a: Ogerpon\n|-damage|p1a: Ogerpon|0 fnt\n|faint|p1a: Ogerpon\n|move|p2b: Pawmot|Close Combat|p1b: Terapagos\n|-supereffective|p1b: Terapagos\n|-damage|p1b: Terapagos|18\/100\n|-unboost|p2b: Pawmot|def|1\n|-unboost|p2b: Pawmot|spd|1\n|move|p1b: Terapagos|Tera Starstorm|p2a: Dragonite|[spread] p2a,p2b\n|-supereffective|p2a: Dragonite\n|-damage|p2a: Dragonite|0 fnt\n|-damage|p2b: Pawmot|0 fnt\n|faint|p2a: Dragonite\n|faint|p2b: Pawmot\n|\n|upkeep\n|\n|t:|1739654282\n|switch|p1a: Urshifu|Urshifu-Rapid-Strike, L50, F|100\/100\n|switch|p2b: Calyrex|Calyrex-Shadow, L50|100\/100\n|-ability|p2b: Calyrex|As One\n|-ability|p2b: Calyrex|Unnerve\n|turn|6\n|\n|t:|1739654287\n|move|p2b: Calyrex|Psyshock|p1a: Urshifu\n|-supereffective|p1a: Urshifu\n|-enditem|p1a: Urshifu|Focus Sash\n|-damage|p1a: Urshifu|1\/100\n|move|p1a: Urshifu|Surging Strikes|p2b: Calyrex\n|-crit|p2b: Calyrex\n|-damage|p2b: Calyrex|79\/100\n|-crit|p2b: Calyrex\n|-damage|p2b: Calyrex|55\/100\n|-crit|p2b: Calyrex\n|-damage|p2b: Calyrex|34\/100\n|-hitcount|p2b: Calyrex|3\n|move|p1b: Terapagos|Tera Starstorm|p2b: Calyrex\n|-crit|p2b: Calyrex\n|-damage|p2b: Calyrex|0 fnt\n|faint|p2b: Calyrex\n|\n|win|BellmanTGM\n|raw|BellmanTGM's rating: 1524 &rarr; <strong>1548<\/strong><br \/>(+24 for winning)\n|raw|Crysantimo's rating: 1603 &rarr; <strong>1579<\/strong><br \/>(-24 for losing)\n|c|\u2606Crysantimo|Gg\n|l|\u2606BellmanTGM\n|player|p1|\n|l| BrnN0\n","uploadtime":1739654456,"views":5,"formatid":"gen9vgc2025regg","rating":1548,"private":0,"password":null}