{"id":"gen9vgc2025regg-2301398534","format":"[Gen 9] VGC 2025 Reg G","players":["snipedrone","Assasinderella"],"log":"|j|\u2606snipedrone\n|j|\u2606Assasinderella\n|t:|1739645460\n|gametype|doubles\n|player|p1|snipedrone|265|1533\n|player|p2|Assasinderella|rosa|1663\n|teamsize|p1|6\n|teamsize|p2|6\n|gen|9\n|tier|[Gen 9] VGC 2025 Reg G\n|rated|\n|rule|Species Clause: Limit one of each Pok\u00e9mon\n|rule|Item Clause: Limit 1 of each item\n|clearpoke\n|poke|p1|Groudon, L50|\n|poke|p1|Jumpluff, L50, M|\n|poke|p1|Flutter Mane, L50|\n|poke|p1|Raging Bolt, L50|\n|poke|p1|Urshifu-*, L50, M|\n|poke|p1|Whimsicott, L50, M|\n|poke|p2|Koraidon, L50|\n|poke|p2|Ditto, L50|\n|poke|p2|Chi-Yu, L50|\n|poke|p2|Ogerpon-Cornerstone, L50, F|\n|poke|p2|Raging Bolt, L50|\n|poke|p2|Flutter Mane, L50|\n|teampreview|4\n|j| MillerH33\n|\n|t:|1739645541\n|start\n|switch|p1a: Groudon|Groudon, L50, shiny|100\/100\n|switch|p1b: Jumpluff|Jumpluff, L50, M, shiny|100\/100\n|switch|p2a: Koraidon|Koraidon, L50|100\/100\n|switch|p2b: Ogerpon|Ogerpon-Cornerstone, L50, F|100\/100\n|-weather|SunnyDay|[from] ability: Orichalcum Pulse|[of] p2a: Koraidon\n|-activate|p2a: Koraidon|Orichalcum Pulse|[source]\n|turn|1\n|inactive|Battle timer is ON: inactive players will automatically lose when time's up. (requested by Assasinderella)\n|inactive|Assasinderella has 60 seconds left.\n|\n|t:|1739645586\n|-terastallize|p1a: Groudon|Fire\n|move|p2b: Ogerpon|Spiky Shield|p2b: Ogerpon\n|-singleturn|p2b: Ogerpon|move: Protect\n|move|p2a: Koraidon|Protect|p2a: Koraidon\n|-singleturn|p2a: Koraidon|Protect\n|move|p1b: Jumpluff|Tailwind|p1b: Jumpluff\n|-sidestart|p1: snipedrone|move: Tailwind\n|move|p1a: Groudon|Eruption|p2a: Koraidon|[spread] \n|-activate|p2a: Koraidon|move: Protect\n|-activate|p2b: Ogerpon|move: Protect\n|\n|-weather|SunnyDay|[upkeep]\n|upkeep\n|turn|2\n|inactive|snipedrone has 30 seconds left.\n|\n|t:|1739645613\n|switch|p1a: Flutter Mane|Flutter Mane, L50, shiny|100\/100\n|-activate|p1a: Flutter Mane|ability: Protosynthesis\n|-start|p1a: Flutter Mane|protosynthesisspe\n|move|p1b: Jumpluff|Sleep Powder|p2a: Koraidon\n|-status|p2a: Koraidon|slp|[from] move: Sleep Powder\n|move|p2b: Ogerpon|Ivy Cudgel|p1a: Flutter Mane|[anim] Ivy Cudgel Rock\n|-enditem|p1a: Flutter Mane|Focus Sash\n|-damage|p1a: Flutter Mane|1\/100\n|cant|p2a: Koraidon|slp\n|\n|-weather|SunnyDay|[upkeep]\n|upkeep\n|turn|3\n|inactive|snipedrone has 30 seconds left.\n|\n|t:|1739645642\n|switch|p1b: Groudon|Groudon, L50, shiny, tera:Fire|100\/100\n|-terastallize|p2a: Koraidon|Fire\n|move|p2b: Ogerpon|Spiky Shield|p2b: Ogerpon\n|-singleturn|p2b: Ogerpon|move: Protect\n|move|p1a: Flutter Mane|Moonblast|p2a: Koraidon\n|-resisted|p2a: Koraidon\n|-damage|p2a: Koraidon|80\/100 slp\n|cant|p2a: Koraidon|slp\n|\n|-weather|SunnyDay|[upkeep]\n|upkeep\n|turn|4\n|inactive|Assasinderella has 30 seconds left.\n|\n|t:|1739645667\n|switch|p2a: Raging Bolt|Raging Bolt, L50|100\/100\n|-activate|p2a: Raging Bolt|ability: Protosynthesis\n|-start|p2a: Raging Bolt|protosynthesisspa\n|move|p1a: Flutter Mane|Icy Wind|p2a: Raging Bolt|[spread] p2a,p2b\n|-supereffective|p2a: Raging Bolt\n|-supereffective|p2b: Ogerpon\n|-damage|p2a: Raging Bolt|82\/100\n|-damage|p2b: Ogerpon|64\/100\n|-unboost|p2a: Raging Bolt|spe|1\n|-unboost|p2b: Ogerpon|spe|1\n|move|p1b: Groudon|Eruption|p2a: Raging Bolt|[spread] p2a,p2b\n|-resisted|p2a: Raging Bolt\n|-damage|p2a: Raging Bolt|46\/100\n|-damage|p2b: Ogerpon|0 fnt\n|faint|p2b: Ogerpon\n|\n|-weather|SunnyDay|[upkeep]\n|-sideend|p1: snipedrone|move: Tailwind\n|upkeep\n|\n|t:|1739645688\n|switch|p2b: Koraidon|Koraidon, L50, tera:Fire|80\/100 slp\n|-activate|p2b: Koraidon|ability: Orichalcum Pulse\n|turn|5\n|inactive|snipedrone has 30 seconds left.\n|\n|t:|1739645714\n|-end|p1a: Flutter Mane|Protosynthesis|[silent]\n|switch|p1a: Jumpluff|Jumpluff, L50, M, shiny|100\/100\n|switch|p1b: Raging Bolt|Raging Bolt, L50|100\/100\n|-activate|p1b: Raging Bolt|ability: Protosynthesis\n|-start|p1b: Raging Bolt|protosynthesisspa\n|move|p2a: Raging Bolt|Thunderclap||[still]\n|-fail|p2a: Raging Bolt\n|cant|p2b: Koraidon|slp\n|\n|-weather|none\n|-end|p1b: Raging Bolt|Protosynthesis\n|-end|p2a: Raging Bolt|Protosynthesis\n|upkeep\n|turn|6\n|inactive|snipedrone has 30 seconds left.\n|\n|t:|1739645744\n|switch|p2b: Flutter Mane|Flutter Mane, L50|100\/100\n|-enditem|p2b: Flutter Mane|Booster Energy\n|-activate|p2b: Flutter Mane|ability: Protosynthesis|[fromitem]\n|-start|p2b: Flutter Mane|protosynthesisspe\n|move|p1a: Jumpluff|Rage Powder|p1a: Jumpluff\n|-singleturn|p1a: Jumpluff|move: Rage Powder\n|move|p1b: Raging Bolt|Draco Meteor|p2a: Raging Bolt\n|-supereffective|p2a: Raging Bolt\n|-damage|p2a: Raging Bolt|0 fnt\n|-unboost|p1b: Raging Bolt|spa|2\n|faint|p2a: Raging Bolt\n|-end|p2a: Raging Bolt|Protosynthesis|[silent]\n|-damage|p1b: Raging Bolt|91\/100|[from] item: Life Orb\n|\n|upkeep\n|\n|t:|1739645753\n|switch|p2a: Koraidon|Koraidon, L50, tera:Fire|80\/100 slp\n|-weather|SunnyDay|[from] ability: Orichalcum Pulse|[of] p2a: Koraidon\n|-activate|p1b: Raging Bolt|ability: Protosynthesis\n|-start|p1b: Raging Bolt|protosynthesisspe\n|-activate|p2a: Koraidon|Orichalcum Pulse|[source]\n|turn|7\n|inactive|snipedrone has 30 seconds left.\n|inactive|snipedrone has 20 seconds left.\n|\n|t:|1739645790\n|move|p1a: Jumpluff|Tailwind|p1a: Jumpluff\n|-sidestart|p1: snipedrone|move: Tailwind\n|move|p1b: Raging Bolt|Draco Meteor|p2a: Koraidon\n|-damage|p2a: Koraidon|33\/100 slp\n|-unboost|p1b: Raging Bolt|spa|2\n|-damage|p1b: Raging Bolt|81\/100|[from] item: Life Orb\n|move|p2b: Flutter Mane|Icy Wind|p1a: Jumpluff|[spread] p1a,p1b\n|-supereffective|p1a: Jumpluff\n|-supereffective|p1b: Raging Bolt\n|-damage|p1a: Jumpluff|54\/100\n|-damage|p1b: Raging Bolt|56\/100\n|-unboost|p1b: Raging Bolt|spe|1\n|-curestatus|p2a: Koraidon|slp|[msg]\n|move|p2a: Koraidon|Flame Charge|p1a: Jumpluff\n|-supereffective|p1a: Jumpluff\n|-damage|p1a: Jumpluff|0 fnt\n|-boost|p2a: Koraidon|spe|1\n|faint|p1a: Jumpluff\n|\n|-weather|SunnyDay|[upkeep]\n|upkeep\n|\n|t:|1739645811\n|switch|p1a: Flutter Mane|Flutter Mane, L50, shiny|1\/100\n|-activate|p1a: Flutter Mane|ability: Protosynthesis\n|-start|p1a: Flutter Mane|protosynthesisspe\n|turn|8\n|\n|t:|1739645826\n|-end|p1b: Raging Bolt|Protosynthesis|[silent]\n|switch|p1b: Groudon|Groudon, L50, shiny, tera:Fire|100\/100\n|move|p1a: Flutter Mane|Protect|p1a: Flutter Mane\n|-singleturn|p1a: Flutter Mane|Protect\n|move|p2b: Flutter Mane|Icy Wind|p1a: Flutter Mane|[spread] p1b\n|-activate|p1a: Flutter Mane|move: Protect\n|-resisted|p1b: Groudon\n|-damage|p1b: Groudon|94\/100\n|-unboost|p1b: Groudon|spe|1\n|move|p2a: Koraidon|Flame Charge|p1b: Groudon\n|-resisted|p1b: Groudon\n|-damage|p1b: Groudon|74\/100\n|-boost|p2a: Koraidon|spe|1\n|\n|-weather|SunnyDay|[upkeep]\n|upkeep\n|turn|9\n|\n|t:|1739645850\n|move|p1a: Flutter Mane|Icy Wind|p2a: Koraidon|[spread] p2a,p2b\n|-resisted|p2a: Koraidon\n|-damage|p2a: Koraidon|26\/100\n|-damage|p2b: Flutter Mane|87\/100\n|-unboost|p2b: Flutter Mane|spe|1\n|move|p2a: Koraidon|Collision Course|p1b: Groudon\n|-damage|p1b: Groudon|26\/100\n|move|p2b: Flutter Mane|Icy Wind|p1a: Flutter Mane|[spread] p1a,p1b\n|-resisted|p1b: Groudon\n|-damage|p1a: Flutter Mane|0 fnt\n|-damage|p1b: Groudon|19\/100\n|-unboost|p1b: Groudon|spe|1\n|faint|p1a: Flutter Mane\n|-end|p1a: Flutter Mane|Protosynthesis|[silent]\n|move|p1b: Groudon|Overheat|p2b: Flutter Mane\n|-damage|p2b: Flutter Mane|0 fnt\n|-unboost|p1b: Groudon|spa|2\n|faint|p2b: Flutter Mane\n|-end|p2b: Flutter Mane|Protosynthesis|[silent]\n|\n|-weather|SunnyDay|[upkeep]\n|upkeep\n|\n|t:|1739645853\n|switch|p1a: Raging Bolt|Raging Bolt, L50|56\/100\n|-activate|p1a: Raging Bolt|ability: Protosynthesis\n|-start|p1a: Raging Bolt|protosynthesisspa\n|turn|10\n|\n|t:|1739645867\n|move|p1a: Raging Bolt|Thunderclap|p2a: Koraidon\n|-damage|p2a: Koraidon|0 fnt\n|faint|p2a: Koraidon\n|-damage|p1a: Raging Bolt|46\/100|[from] item: Life Orb\n|\n|win|snipedrone\n|raw|snipedrone's rating: 1533 &rarr; <strong>1560<\/strong><br \/>(+27 for winning)\n|raw|Assasinderella's rating: 1663 &rarr; <strong>1636<\/strong><br \/>(-27 for losing)\n|l|\u2606snipedrone\n|player|p1|\n|l|\u2606Assasinderella\n|player|p2|\n","uploadtime":1739646042,"views":6,"formatid":"gen9vgc2025regg","rating":1560,"private":0,"password":null}