{"id":"gen9vgc2025regg-2301793963","format":"[Gen 9] VGC 2025 Reg G","players":["Lolmaisterx","Spottedwoot"],"log":"|j|\u2606Lolmaisterx\n|j|\u2606Spottedwoot\n|t:|1739707034\n|gametype|doubles\n|player|p1|Lolmaisterx|1|1565\n|player|p2|Spottedwoot|170|1626\n|teamsize|p1|6\n|teamsize|p2|6\n|gen|9\n|tier|[Gen 9] VGC 2025 Reg G\n|rated|\n|rule|Species Clause: Limit one of each Pok\u00e9mon\n|rule|Item Clause: Limit 1 of each item\n|clearpoke\n|poke|p1|Urshifu-*, L50, F|\n|poke|p1|Whimsicott, L50, F|\n|poke|p1|Blastoise, L50, M|\n|poke|p1|Dragonite, L50, M|\n|poke|p1|Calyrex-Shadow, L50|\n|poke|p1|Arcanine-Hisui, L50, M|\n|poke|p2|Zamazenta-*, L50|\n|poke|p2|Chien-Pao, L50|\n|poke|p2|Entei, L50|\n|poke|p2|Raging Bolt, L50|\n|poke|p2|Rillaboom, L50, M|\n|poke|p2|Farigiraf, L50, M|\n|teampreview|4\n|inactive|Battle timer is ON: inactive players will automatically lose when time's up. (requested by Lolmaisterx)\n|\n|t:|1739707066\n|start\n|switch|p1a: Arcanine|Arcanine-Hisui, L50, M|100\/100\n|switch|p1b: Whimsicott|Whimsicott, L50, F|100\/100\n|switch|p2a: Zamazenta|Zamazenta-Crowned, L50|100\/100\n|switch|p2b: Raging Bolt|Raging Bolt, L50|100\/100\n|-ability|p2a: Zamazenta|Dauntless Shield|boost\n|-boost|p2a: Zamazenta|def|1\n|-ability|p1a: Arcanine|Intimidate|boost\n|-unboost|p2a: Zamazenta|atk|1\n|-unboost|p2b: Raging Bolt|atk|1\n|-enditem|p2b: Raging Bolt|Booster Energy\n|-activate|p2b: Raging Bolt|ability: Protosynthesis|[fromitem]\n|-start|p2b: Raging Bolt|protosynthesisspa\n|turn|1\n|\n|t:|1739707092\n|move|p1a: Arcanine|Protect|p1a: Arcanine\n|-singleturn|p1a: Arcanine|Protect\n|move|p1b: Whimsicott|Tailwind|p1b: Whimsicott\n|-sidestart|p1: Lolmaisterx|move: Tailwind\n|move|p2a: Zamazenta|Body Press|p1a: Arcanine\n|-activate|p1a: Arcanine|move: Protect\n|move|p2b: Raging Bolt|Thunderbolt|p1b: Whimsicott\n|-resisted|p1b: Whimsicott\n|-damage|p1b: Whimsicott|56\/100\n|\n|upkeep\n|turn|2\n|\n|t:|1739707111\n|-terastallize|p1a: Arcanine|Grass\n|-terastallize|p2b: Raging Bolt|Electric\n|move|p1b: Whimsicott|Moonblast|p2b: Raging Bolt\n|-damage|p2b: Raging Bolt|68\/100\n|-unboost|p2b: Raging Bolt|spa|1\n|move|p1a: Arcanine|Flare Blitz|p2a: Zamazenta\n|-supereffective|p2a: Zamazenta\n|-damage|p2a: Zamazenta|43\/100\n|-damage|p1a: Arcanine|81\/100|[from] Recoil\n|move|p2a: Zamazenta|Body Press|p1a: Arcanine\n|-damage|p1a: Arcanine|0 fnt\n|faint|p1a: Arcanine\n|move|p2b: Raging Bolt|Thunderbolt|p1b: Whimsicott\n|-resisted|p1b: Whimsicott\n|-damage|p1b: Whimsicott|12\/100\n|-status|p1b: Whimsicott|par\n|\n|upkeep\n|\n|t:|1739707116\n|switch|p1a: Calyrex|Calyrex-Shadow, L50|100\/100\n|-ability|p1a: Calyrex|As One\n|-ability|p1a: Calyrex|Unnerve\n|turn|3\n|\n|t:|1739707128\n|move|p2a: Zamazenta|Wide Guard|p2a: Zamazenta\n|-singleturn|p2a: Zamazenta|Wide Guard\n|move|p1a: Calyrex|Astral Barrage|p2b: Raging Bolt|[spread] \n|-activate|p2a: Zamazenta|move: Wide Guard\n|-activate|p2b: Raging Bolt|move: Wide Guard\n|cant|p1b: Whimsicott|par\n|move|p2b: Raging Bolt|Thunderbolt|p1a: Calyrex\n|-damage|p1a: Calyrex|36\/100\n|\n|upkeep\n|turn|4\n|\n|t:|1739707140\n|move|p1b: Whimsicott|Encore|p2a: Zamazenta\n|-start|p2a: Zamazenta|Encore\n|move|p2b: Raging Bolt|Thunderclap|p1a: Calyrex\n|-damage|p1a: Calyrex|0 fnt\n|faint|p1a: Calyrex\n|move|p2a: Zamazenta|Wide Guard||[still]\n|-fail|p2a: Zamazenta\n|\n|-sideend|p1: Lolmaisterx|move: Tailwind\n|upkeep\n|\n|t:|1739707145\n|switch|p1a: Dragonite|Dragonite, L50, M|100\/100\n|turn|5\n|\n|t:|1739707151\n|switch|p2a: Rillaboom|Rillaboom, L50, M|100\/100\n|-fieldstart|move: Grassy Terrain|[from] ability: Grassy Surge|[of] p2a: Rillaboom\n|move|p1b: Whimsicott|Tailwind|p1b: Whimsicott\n|-sidestart|p1: Lolmaisterx|move: Tailwind\n|move|p1a: Dragonite|Stomping Tantrum|p2b: Raging Bolt\n|-supereffective|p2b: Raging Bolt\n|-damage|p2b: Raging Bolt|0 fnt\n|faint|p2b: Raging Bolt\n|-end|p2b: Raging Bolt|Protosynthesis|[silent]\n|-damage|p1a: Dragonite|91\/100|[from] item: Life Orb\n|\n|-heal|p1b: Whimsicott|18\/100 par|[from] Grassy Terrain\n|upkeep\n|\n|t:|1739707155\n|switch|p2b: Zamazenta|Zamazenta-Crowned, L50|43\/100\n|turn|6\n|\n|t:|1739707162\n|move|p2a: Rillaboom|Grassy Glide|p1b: Whimsicott\n|-resisted|p1b: Whimsicott\n|-damage|p1b: Whimsicott|0 fnt\n|faint|p1b: Whimsicott\n|move|p1a: Dragonite|Ice Spinner|p2a: Rillaboom\n|-supereffective|p2a: Rillaboom\n|-damage|p2a: Rillaboom|23\/100\n|-fieldend|move: Grassy Terrain\n|-damage|p1a: Dragonite|81\/100|[from] item: Life Orb\n|move|p2b: Zamazenta|Iron Defense|p2b: Zamazenta\n|-boost|p2b: Zamazenta|def|2\n|\n|upkeep\n|turn|7\n|\n|t:|1739707175\n|move|p1a: Dragonite|Brick Break|p2b: Zamazenta\n|-supereffective|p2b: Zamazenta\n|-damage|p2b: Zamazenta|16\/100\n|-damage|p1a: Dragonite|72\/100|[from] item: Life Orb\n|move|p2b: Zamazenta|Body Press|p1a: Dragonite\n|-resisted|p1a: Dragonite\n|-damage|p1a: Dragonite|30\/100\n|move|p2a: Rillaboom|U-turn|p1a: Dragonite\n|-resisted|p1a: Dragonite\n|-damage|p1a: Dragonite|18\/100\n|\n|t:|1739707178\n|switch|p2a: Chien-Pao|Chien-Pao, L50|100\/100|[from] U-turn\n|-ability|p2a: Chien-Pao|Sword of Ruin\n|\n|upkeep\n|turn|8\n|-message|Lolmaisterx forfeited.\n|\n|win|Spottedwoot\n|raw|Lolmaisterx's rating: 1565 &rarr; <strong>1548<\/strong><br \/>(-17 for losing)\n|raw|Spottedwoot's rating: 1626 &rarr; <strong>1643<\/strong><br \/>(+17 for winning)\n|l|\u2606Lolmaisterx\n|player|p1|\n|l|\u2606Spottedwoot\n|player|p2|\n","uploadtime":1739707182,"views":65,"formatid":"gen9vgc2025regg","rating":1548,"private":0,"password":null}