{"id":"gen9vgc2025regg-2301659625","format":"[Gen 9] VGC 2025 Reg G","players":["JoyBoy311","5SeasBakery"],"log":"|j|\u2606JoyBoy311\n|j|\u26065SeasBakery\n|t:|1739679993\n|gametype|doubles\n|player|p1|JoyBoy311|169|1513\n|player|p2|5SeasBakery|265|1632\n|teamsize|p1|6\n|teamsize|p2|6\n|gen|9\n|tier|[Gen 9] VGC 2025 Reg G\n|rated|\n|rule|Species Clause: Limit one of each Pok\u00e9mon\n|rule|Item Clause: Limit 1 of each item\n|clearpoke\n|poke|p1|Calyrex-Shadow, L50|\n|poke|p1|Ting-Lu, L50|\n|poke|p1|Dondozo, L50, M|\n|poke|p1|Urshifu-*, L50, F|\n|poke|p1|Ogerpon-Hearthflame, L50, F|\n|poke|p1|Whimsicott, L50, F|\n|poke|p2|Calyrex-Ice, L50|\n|poke|p2|Pelipper, L50, F|\n|poke|p2|Amoonguss, L50, M|\n|poke|p2|Landorus, L50, M|\n|poke|p2|Thundurus, L50, M|\n|poke|p2|Urshifu-*, L50, M|\n|teampreview|4\n|\n|t:|1739680023\n|start\n|switch|p1a: Urshifu|Urshifu, L50, F|100\/100\n|switch|p1b: Ogerpon|Ogerpon-Hearthflame, L50, F|100\/100\n|switch|p2a: Calyrex|Calyrex-Ice, L50|100\/100\n|switch|p2b: Urshifu|Urshifu, L50, M|100\/100\n|-ability|p2a: Calyrex|As One\n|-ability|p2a: Calyrex|Unnerve\n|-ability|p1b: Ogerpon|Mold Breaker\n|turn|1\n|\n|t:|1739680035\n|switch|p2b: Pelipper|Pelipper, L50, F|100\/100\n|-weather|RainDance|[from] ability: Drizzle|[of] p2b: Pelipper\n|-terastallize|p2a: Calyrex|Grass\n|move|p1b: Ogerpon|Ivy Cudgel|p2b: Pelipper|[anim] Ivy Cudgel Fire\n|-resisted|p2b: Pelipper\n|-damage|p2b: Pelipper|86\/100\n|move|p1a: Urshifu|Wicked Blow|p2a: Calyrex\n|-crit|p2a: Calyrex\n|-damage|p2a: Calyrex|64\/100\n|move|p2a: Calyrex|Trick Room|p2a: Calyrex\n|-fieldstart|move: Trick Room|[of] p2a: Calyrex\n|\n|-weather|RainDance|[upkeep]\n|upkeep\n|turn|2\n|\n|t:|1739680054\n|move|p1a: Urshifu|Detect|p1a: Urshifu\n|-singleturn|p1a: Urshifu|Protect\n|move|p1b: Ogerpon|Spiky Shield|p1b: Ogerpon\n|-singleturn|p1b: Ogerpon|move: Protect\n|move|p2a: Calyrex|Glacial Lance|p1b: Ogerpon|[spread] \n|-activate|p1a: Urshifu|move: Protect\n|-activate|p1b: Ogerpon|move: Protect\n|move|p2b: Pelipper|Hurricane|p1b: Ogerpon\n|-activate|p1b: Ogerpon|move: Protect\n|\n|-weather|RainDance|[upkeep]\n|upkeep\n|turn|3\n|j| sbld\n|inactive|Battle timer is ON: inactive players will automatically lose when time's up. (requested by 5SeasBakery)\n|\n|t:|1739680085\n|-terastallize|p1b: Ogerpon|Fire\n|detailschange|p1b: Ogerpon|Ogerpon-Hearthflame-Tera, L50, F, tera:Fire\n|-ability|p1b: Ogerpon|Embody Aspect (Hearthflame)|boost\n|-boost|p1b: Ogerpon|atk|1\n|move|p1a: Urshifu|Sucker Punch|p2b: Pelipper\n|-damage|p2b: Pelipper|42\/100\n|move|p2a: Calyrex|Glacial Lance|p1a: Urshifu|[spread] p1a,p1b\n|-resisted|p1b: Ogerpon\n|-damage|p1a: Urshifu|45\/100\n|-damage|p1b: Ogerpon|72\/100\n|move|p2b: Pelipper|Hurricane|p1a: Urshifu\n|-supereffective|p1a: Urshifu\n|-damage|p1a: Urshifu|0 fnt\n|faint|p1a: Urshifu\n|-damage|p2b: Pelipper|33\/100|[from] item: Life Orb\n|move|p1b: Ogerpon|Horn Leech|p2b: Pelipper\n|-damage|p2b: Pelipper|0 fnt\n|-heal|p1b: Ogerpon|86\/100|[from] drain|[of] p2b: Pelipper\n|faint|p2b: Pelipper\n|\n|-weather|RainDance|[upkeep]\n|upkeep\n|j| nistaka\n|\n|t:|1739680102\n|switch|p2b: Amoonguss|Amoonguss, L50, M|100\/100\n|switch|p1a: Dondozo|Dondozo, L50, M|100\/100\n|turn|4\n|\n|t:|1739680121\n|move|p1b: Ogerpon|Spiky Shield|p1b: Ogerpon\n|-singleturn|p1b: Ogerpon|move: Protect\n|move|p2b: Amoonguss|Pollen Puff|p2a: Calyrex\n|-heal|p2a: Calyrex|100\/100\n|move|p1a: Dondozo|Yawn|p2a: Calyrex\n|-start|p2a: Calyrex|move: Yawn|[of] p1a: Dondozo\n|move|p2a: Calyrex|High Horsepower|p1b: Ogerpon\n|-activate|p1b: Ogerpon|move: Protect\n|-damage|p2a: Calyrex|88\/100|[from] Spiky Shield|[of] p1b: Ogerpon\n|\n|-weather|RainDance|[upkeep]\n|upkeep\n|turn|5\n|\n|t:|1739680138\n|move|p2b: Amoonguss|Spore|p1a: Dondozo\n|-status|p1a: Dondozo|slp|[from] move: Spore\n|cant|p1a: Dondozo|slp\n|move|p2a: Calyrex|High Horsepower|p1b: Ogerpon\n|-supereffective|p1b: Ogerpon\n|-damage|p1b: Ogerpon|6\/100\n|move|p1b: Ogerpon|Ivy Cudgel|p2b: Amoonguss|[anim] Ivy Cudgel Fire\n|-supereffective|p2b: Amoonguss\n|-damage|p2b: Amoonguss|22\/100\n|\n|-weather|none\n|-end|p2a: Calyrex|move: Yawn|[silent]\n|-status|p2a: Calyrex|slp\n|-fieldend|move: Trick Room\n|upkeep\n|turn|6\n|\n|t:|1739680152\n|switch|p1a: Calyrex|Calyrex-Shadow, L50|100\/100\n|-ability|p1a: Calyrex|As One\n|-ability|p1a: Calyrex|Unnerve\n|move|p1b: Ogerpon|Ivy Cudgel|p2b: Amoonguss|[anim] Ivy Cudgel Fire\n|-supereffective|p2b: Amoonguss\n|-damage|p2b: Amoonguss|0 fnt\n|faint|p2b: Amoonguss\n|cant|p2a: Calyrex|slp\n|\n|upkeep\n|\n|t:|1739680160\n|switch|p2b: Urshifu|Urshifu, L50, M|100\/100\n|turn|7\n|\n|t:|1739680169\n|switch|p1a: Dondozo|Dondozo, L50, M|100\/100 slp\n|move|p1b: Ogerpon|Ivy Cudgel|p2a: Calyrex|[anim] Ivy Cudgel Fire\n|-supereffective|p2a: Calyrex\n|-damage|p2a: Calyrex|0 fnt\n|faint|p2a: Calyrex\n|move|p2b: Urshifu|Wicked Blow|p1a: Dondozo\n|-crit|p1a: Dondozo\n|-damage|p1a: Dondozo|42\/100 slp\n|\n|-heal|p1a: Dondozo|48\/100 slp|[from] item: Leftovers\n|upkeep\n|turn|8\n|\n|t:|1739680180\n|move|p1b: Ogerpon|Ivy Cudgel|p2b: Urshifu|[anim] Ivy Cudgel Fire\n|-damage|p2b: Urshifu|0 fnt\n|faint|p2b: Urshifu\n|\n|win|JoyBoy311\n|raw|JoyBoy311's rating: 1513 &rarr; <strong>1540<\/strong><br \/>(+27 for winning)\n|raw|5SeasBakery's rating: 1632 &rarr; <strong>1605<\/strong><br \/>(-27 for losing)\n|l|\u26065SeasBakery\n|player|p2|\n|l| sbld\n|l|\u2606JoyBoy311\n|player|p1|\n","uploadtime":1739680710,"views":24,"formatid":"gen9vgc2025regg","rating":1540,"private":0,"password":null}