{"id":"gen9vgc2025regg-2301621833","format":"[Gen 9] VGC 2025 Reg G","players":["gatoexplotando","JoyBoy311"],"log":"|j|\u2606gatoexplotando\n|j|\u2606JoyBoy311\n|t:|1739674424\n|gametype|doubles\n|player|p1|gatoexplotando|lady-gen4|1558\n|player|p2|JoyBoy311|169|1595\n|teamsize|p1|6\n|teamsize|p2|6\n|gen|9\n|tier|[Gen 9] VGC 2025 Reg G\n|rated|\n|rule|Species Clause: Limit one of each Pok\u00e9mon\n|rule|Item Clause: Limit 1 of each item\n|clearpoke\n|poke|p1|Calyrex-Shadow, L50|\n|poke|p1|Chi-Yu, L50|\n|poke|p1|Tornadus, L50, M|\n|poke|p1|Mienshao, L50, F|\n|poke|p1|Rillaboom, L50, F|\n|poke|p1|Ogerpon-Cornerstone, L50, F|\n|poke|p2|Zamazenta-*, L50|\n|poke|p2|Chien-Pao, L50|\n|poke|p2|Dondozo, L50, M|\n|poke|p2|Raging Bolt, L50|\n|poke|p2|Ogerpon-Hearthflame, L50, F|\n|poke|p2|Ting-Lu, L50|\n|teampreview|4\n|inactive|Battle timer is ON: inactive players will automatically lose when time's up. (requested by gatoexplotando)\n|inactive|gatoexplotando has 60 seconds left.\n|\n|t:|1739674481\n|start\n|switch|p1a: Ogerpon|Ogerpon-Cornerstone, L50, F|100\/100\n|switch|p1b: Chi-Yu|Chi-Yu, L50|100\/100\n|switch|p2a: Dondozo|Dondozo, L50, M|100\/100\n|switch|p2b: Ting-Lu|Ting-Lu, L50|100\/100\n|-ability|p1b: Chi-Yu|Beads of Ruin\n|-ability|p2b: Ting-Lu|Vessel of Ruin\n|turn|1\n|\n|t:|1739674501\n|move|p2a: Dondozo|Protect|p2a: Dondozo\n|-singleturn|p2a: Dondozo|Protect\n|move|p1a: Ogerpon|Wood Hammer|p2a: Dondozo\n|-activate|p2a: Dondozo|move: Protect\n|move|p1b: Chi-Yu|Taunt|p2b: Ting-Lu\n|-start|p2b: Ting-Lu|move: Taunt\n|move|p2b: Ting-Lu|Sand Tomb|p1b: Chi-Yu\n|-supereffective|p1b: Chi-Yu\n|-damage|p1b: Chi-Yu|58\/100\n|-activate|p1b: Chi-Yu|move: Sand Tomb|[of] p2b: Ting-Lu\n|\n|-damage|p1b: Chi-Yu|45\/100|[from] move: Sand Tomb|[partiallytrapped]\n|upkeep\n|turn|2\n|\n|t:|1739674524\n|-terastallize|p2a: Dondozo|Poison\n|move|p1a: Ogerpon|Wood Hammer|p2a: Dondozo\n|-resisted|p2a: Dondozo\n|-damage|p2a: Dondozo|81\/100\n|-damage|p1a: Ogerpon|90\/100|[from] Recoil\n|move|p1b: Chi-Yu|Heat Wave|p2a: Dondozo|[spread] p2a,p2b\n|-damage|p2a: Dondozo|53\/100\n|-damage|p2b: Ting-Lu|75\/100\n|move|p2b: Ting-Lu|Sand Tomb|p1a: Ogerpon\n|-damage|p1a: Ogerpon|74\/100\n|-activate|p1a: Ogerpon|move: Sand Tomb|[of] p2b: Ting-Lu\n|move|p2a: Dondozo|Yawn|p1a: Ogerpon\n|-start|p1a: Ogerpon|move: Yawn|[of] p2a: Dondozo\n|\n|-heal|p2a: Dondozo|59\/100|[from] item: Leftovers\n|-damage|p1a: Ogerpon|62\/100|[from] move: Sand Tomb|[partiallytrapped]\n|-damage|p1b: Chi-Yu|33\/100|[from] move: Sand Tomb|[partiallytrapped]\n|upkeep\n|turn|3\n|inactive|JoyBoy311 has 30 seconds left.\n|\n|t:|1739674552\n|move|p1a: Ogerpon|Follow Me|p1a: Ogerpon\n|-singleturn|p1a: Ogerpon|move: Follow Me\n|move|p1b: Chi-Yu|Heat Wave|p2b: Ting-Lu|[spread] p2a,p2b\n|-damage|p2a: Dondozo|33\/100\n|-damage|p2b: Ting-Lu|51\/100\n|move|p2b: Ting-Lu|Ruination|p1a: Ogerpon|[miss]\n|-miss|p2b: Ting-Lu|p1a: Ogerpon\n|move|p2a: Dondozo|Wave Crash|p1a: Ogerpon\n|-damage|p1a: Ogerpon|11\/100\n|-damage|p2a: Dondozo|22\/100|[from] Recoil\n|\n|-heal|p2a: Dondozo|29\/100|[from] item: Leftovers\n|-damage|p1a: Ogerpon|0 fnt|[from] move: Sand Tomb|[partiallytrapped]\n|faint|p1a: Ogerpon\n|-damage|p1b: Chi-Yu|20\/100|[from] move: Sand Tomb|[partiallytrapped]\n|-end|p2b: Ting-Lu|move: Taunt\n|upkeep\n|\n|t:|1739674569\n|switch|p1a: Calyrex|Calyrex-Shadow, L50|100\/100\n|-ability|p1a: Calyrex|As One\n|-ability|p1a: Calyrex|Unnerve\n|turn|4\n|inactive|gatoexplotando has 30 seconds left.\n|\n|t:|1739674595\n|move|p1a: Calyrex|Astral Barrage|p2b: Ting-Lu|[spread] p2a,p2b\n|-resisted|p2b: Ting-Lu\n|-damage|p2a: Dondozo|0 fnt\n|-damage|p2b: Ting-Lu|28\/100\n|faint|p2a: Dondozo\n|-ability|p1a: Calyrex|Grim Neigh|boost\n|-boost|p1a: Calyrex|spa|1\n|-damage|p1a: Calyrex|91\/100|[from] item: Life Orb\n|move|p1b: Chi-Yu|Overheat|p2b: Ting-Lu\n|-damage|p2b: Ting-Lu|0 fnt\n|-unboost|p1b: Chi-Yu|spa|2\n|faint|p2b: Ting-Lu\n|\n|-end|p1b: Chi-Yu|Sand Tomb|[partiallytrapped]|[silent]\n|upkeep\n|\n|t:|1739674598\n|switch|p2b: Chien-Pao|Chien-Pao, L50|100\/100\n|switch|p2a: Zamazenta|Zamazenta-Crowned, L50|100\/100\n|-ability|p2b: Chien-Pao|Sword of Ruin\n|-ability|p2a: Zamazenta|Dauntless Shield|boost\n|-boost|p2a: Zamazenta|def|1\n|turn|5\n|\n|t:|1739674621\n|move|p1a: Calyrex|Protect|p1a: Calyrex\n|-singleturn|p1a: Calyrex|Protect\n|move|p2b: Chien-Pao|Sucker Punch||[still]\n|-fail|p2b: Chien-Pao\n|move|p2a: Zamazenta|Body Press|p1b: Chi-Yu\n|-supereffective|p1b: Chi-Yu\n|-damage|p1b: Chi-Yu|0 fnt\n|faint|p1b: Chi-Yu\n|\n|upkeep\n|\n|t:|1739674628\n|switch|p1b: Mienshao|Mienshao, L50, F|100\/100\n|turn|6\n|j| futonkagebunshin\n|inactive|JoyBoy311 has 30 seconds left.\n|\n|t:|1739674657\n|move|p2b: Chien-Pao|Protect|p2b: Chien-Pao\n|-singleturn|p2b: Chien-Pao|Protect\n|move|p1b: Mienshao|Fake Out|p2b: Chien-Pao\n|-activate|p2b: Chien-Pao|move: Protect\n|move|p1a: Calyrex|Psychic|p2a: Zamazenta\n|-damage|p2a: Zamazenta|14\/100\n|-damage|p1a: Calyrex|81\/100|[from] item: Life Orb\n|move|p2a: Zamazenta|Body Press|p1b: Mienshao\n|-enditem|p1b: Mienshao|Focus Sash\n|-damage|p1b: Mienshao|1\/100\n|\n|upkeep\n|turn|7\n|inactive|gatoexplotando has 30 seconds left.\n|inactive|JoyBoy311 has 30 seconds left.\n|\n|t:|1739674688\n|-terastallize|p1a: Calyrex|Normal\n|move|p2a: Zamazenta|Protect|p2a: Zamazenta\n|-singleturn|p2a: Zamazenta|Protect\n|move|p1b: Mienshao|Feint|p2a: Zamazenta\n|-activate|p2a: Zamazenta|move: Feint\n|-resisted|p2a: Zamazenta\n|-damage|p2a: Zamazenta|11\/100\n|move|p2b: Chien-Pao|Sucker Punch|p1a: Calyrex\n|-damage|p1a: Calyrex|34\/100\n|move|p1a: Calyrex|Astral Barrage|p2a: Zamazenta|[spread] p2a,p2b\n|-resisted|p2b: Chien-Pao\n|-damage|p2a: Zamazenta|0 fnt\n|-damage|p2b: Chien-Pao|15\/100\n|faint|p2a: Zamazenta\n|-ability|p1a: Calyrex|Grim Neigh|boost\n|-boost|p1a: Calyrex|spa|1\n|-damage|p1a: Calyrex|25\/100|[from] item: Life Orb\n|\n|upkeep\n|turn|8\n|\n|t:|1739674710\n|move|p2b: Chien-Pao|Sucker Punch|p1a: Calyrex\n|-damage|p1a: Calyrex|0 fnt\n|faint|p1a: Calyrex\n|move|p1b: Mienshao|Close Combat|p2b: Chien-Pao\n|-supereffective|p2b: Chien-Pao\n|-damage|p2b: Chien-Pao|0 fnt\n|-unboost|p1b: Mienshao|def|1\n|-unboost|p1b: Mienshao|spd|1\n|faint|p2b: Chien-Pao\n|\n|win|gatoexplotando\n|raw|gatoexplotando's rating: 1558 &rarr; <strong>1580<\/strong><br \/>(+22 for winning)\n|raw|JoyBoy311's rating: 1595 &rarr; <strong>1573<\/strong><br \/>(-22 for losing)\n|l|\u2606JoyBoy311\n|player|p2|\n|l|\u2606gatoexplotando\n|player|p1|\n","uploadtime":1739674923,"views":5,"formatid":"gen9vgc2025regg","rating":1573,"private":0,"password":null}