{"id":"gen9vgc2025regg-2301008493","format":"[Gen 9] VGC 2025 Reg G","players":["meiose","superpowerpoke"],"log":"|j|\u2606meiose\n|j|\u2606superpowerpoke\n|t:|1739579909\n|gametype|doubles\n|player|p1|meiose|schoolkid-gen4|1658\n|player|p2|superpowerpoke|102|1697\n|teamsize|p1|6\n|teamsize|p2|6\n|gen|9\n|tier|[Gen 9] VGC 2025 Reg G\n|rated|\n|rule|Species Clause: Limit one of each Pok\u00e9mon\n|rule|Item Clause: Limit 1 of each item\n|clearpoke\n|poke|p1|Calyrex-Shadow, L50|\n|poke|p1|Ting-Lu, L50|\n|poke|p1|Dondozo, L50, M|\n|poke|p1|Raging Bolt, L50|\n|poke|p1|Urshifu-*, L50, M|\n|poke|p1|Whimsicott, L50, M|\n|poke|p2|Lunala, L50|\n|poke|p2|Maushold-Four, L50|\n|poke|p2|Rillaboom, L50, F|\n|poke|p2|Pelipper, L50, F|\n|poke|p2|Urshifu-*, L50, F|\n|poke|p2|Landorus, L50, M|\n|teampreview|4\n|j| Purpl3L3murs\n|\n|t:|1739579970\n|start\n|switch|p1a: Calyrex|Calyrex-Shadow, L50|100\/100\n|switch|p1b: Whimsicott|Whimsicott, L50, M|100\/100\n|switch|p2a: Lunala|Lunala, L50|100\/100\n|switch|p2b: Maushold|Maushold-Four, L50|100\/100\n|-ability|p1a: Calyrex|As One\n|-ability|p1a: Calyrex|Unnerve\n|turn|1\n|inactive|Battle timer is ON: inactive players will automatically lose when time's up. (requested by meiose)\n|\n|t:|1739579982\n|-terastallize|p2a: Lunala|Fairy\n|move|p2b: Maushold|Helping Hand|p2a: Lunala\n|-singleturn|p2a: Lunala|Helping Hand|[of] p2b: Maushold\n|move|p1a: Calyrex|Psychic|p2b: Maushold\n|-damage|p2b: Maushold|34\/100\n|move|p1b: Whimsicott|Moonblast|p2b: Maushold\n|-damage|p2b: Maushold|0 fnt\n|faint|p2b: Maushold\n|move|p2a: Lunala|Meteor Beam||[still]\n|-prepare|p2a: Lunala|Meteor Beam\n|-boost|p2a: Lunala|spa|1\n|-enditem|p2a: Lunala|Power Herb\n|-anim|p2a: Lunala|Meteor Beam|p1a: Calyrex\n|-enditem|p1a: Calyrex|Focus Sash\n|-damage|p1a: Calyrex|1\/100\n|\n|upkeep\n|\n|t:|1739580002\n|switch|p2b: Urshifu|Urshifu-Rapid-Strike, L50, F|100\/100\n|turn|2\n|\n|t:|1739580009\n|switch|p1a: Ting-Lu|Ting-Lu, L50|100\/100\n|-ability|p1a: Ting-Lu|Vessel of Ruin\n|move|p1b: Whimsicott|Encore|p2a: Lunala\n|-start|p2a: Lunala|Encore\n|move|p2b: Urshifu|Aqua Jet|p1a: Ting-Lu\n|-supereffective|p1a: Ting-Lu\n|-damage|p1a: Ting-Lu|75\/100\n|-damage|p2b: Urshifu|84\/100|[from] item: Rocky Helmet|[of] p1a: Ting-Lu\n|move|p2a: Lunala|Meteor Beam||[still]\n|-prepare|p2a: Lunala|Meteor Beam\n|-boost|p2a: Lunala|spa|1\n|\n|upkeep\n|turn|3\n|inactive|superpowerpoke has 30 seconds left.\n|\n|t:|1739580042\n|move|p2b: Urshifu|Detect|p2b: Urshifu\n|-singleturn|p2b: Urshifu|Protect\n|move|p1b: Whimsicott|Encore|p2b: Urshifu\n|-activate|p2b: Urshifu|move: Protect\n|move|p2a: Lunala|Meteor Beam|p1b: Whimsicott|[from] lockedmove\n|-damage|p1b: Whimsicott|14\/100\n|move|p1a: Ting-Lu|Ruination|p2a: Lunala\n|-damage|p2a: Lunala|51\/100\n|\n|upkeep\n|turn|4\n|\n|t:|1739580065\n|switch|p2a: Landorus|Landorus, L50, M|100\/100\n|move|p1b: Whimsicott|Encore|p2b: Urshifu\n|-start|p2b: Urshifu|Encore\n|move|p2b: Urshifu|Detect||[still]\n|-fail|p2b: Urshifu\n|move|p1a: Ting-Lu|Sand Tomb|p2a: Landorus\n|-immune|p2a: Landorus\n|\n|upkeep\n|turn|5\n|inactive|meiose has 30 seconds left.\n|\n|t:|1739580092\n|switch|p2b: Lunala|Lunala, L50, tera:Fairy|51\/100\n|move|p2a: Landorus|Earth Power|p1a: Ting-Lu\n|-damage|p1a: Ting-Lu|45\/100\n|move|p1b: Whimsicott|Moonblast|p2b: Lunala\n|-damage|p2b: Lunala|36\/100\n|-unboost|p2b: Lunala|spa|1\n|move|p1a: Ting-Lu|Ruination|p2a: Landorus\n|-damage|p2a: Landorus|51\/100\n|\n|upkeep\n|turn|6\n|inactive|meiose has 30 seconds left.\n|inactive|meiose has 20 seconds left.\n|\n|t:|1739580132\n|switch|p2a: Urshifu|Urshifu-Rapid-Strike, L50, F|84\/100\n|switch|p1b: Calyrex|Calyrex-Shadow, L50|1\/100\n|-ability|p1b: Calyrex|As One\n|-ability|p1b: Calyrex|Unnerve\n|move|p2b: Lunala|Dazzling Gleam|p1b: Calyrex|[spread] p1a,p1b\n|-supereffective|p1a: Ting-Lu\n|-damage|p1a: Ting-Lu|23\/100\n|-damage|p1b: Calyrex|0 fnt\n|faint|p1b: Calyrex\n|move|p1a: Ting-Lu|Sand Tomb|p2b: Lunala\n|-damage|p2b: Lunala|26\/100\n|-activate|p2b: Lunala|move: Sand Tomb|[of] p1a: Ting-Lu\n|\n|-damage|p2b: Lunala|13\/100|[from] move: Sand Tomb|[partiallytrapped]\n|upkeep\n|j| Keo4\n|\n|t:|1739580151\n|switch|p1b: Whimsicott|Whimsicott, L50, M|14\/100\n|turn|7\n|\n|t:|1739580173\n|move|p2a: Urshifu|Aqua Jet|p1a: Ting-Lu\n|-supereffective|p1a: Ting-Lu\n|-damage|p1a: Ting-Lu|1\/100\n|-damage|p2a: Urshifu|67\/100|[from] item: Rocky Helmet|[of] p1a: Ting-Lu\n|move|p1b: Whimsicott|Moonblast|p2b: Lunala\n|-damage|p2b: Lunala|0 fnt\n|faint|p2b: Lunala\n|move|p1a: Ting-Lu|Ruination|p2a: Urshifu\n|-damage|p2a: Urshifu|34\/100\n|\n|upkeep\n|\n|t:|1739580181\n|switch|p2b: Landorus|Landorus, L50, M|51\/100\n|turn|8\n|inactive|meiose has 30 seconds left.\n|inactive|meiose has 20 seconds left.\n|inactive|meiose has 15 seconds left.\n|\n|t:|1739580222\n|move|p1b: Whimsicott|Tailwind|p1b: Whimsicott\n|-sidestart|p1: meiose|move: Tailwind\n|move|p2a: Urshifu|Aqua Jet|p1a: Ting-Lu\n|-supereffective|p1a: Ting-Lu\n|-damage|p1a: Ting-Lu|0 fnt\n|-damage|p2a: Urshifu|18\/100|[from] item: Rocky Helmet|[of] p1a: Ting-Lu\n|faint|p1a: Ting-Lu\n|move|p2b: Landorus|Earth Power|p1b: Whimsicott\n|-resisted|p1b: Whimsicott\n|-damage|p1b: Whimsicott|0 fnt\n|faint|p1b: Whimsicott\n|\n|upkeep\n|\n|t:|1739580226\n|switch|p1b: Raging Bolt|Raging Bolt, L50|100\/100\n|turn|9\n|\n|t:|1739580237\n|-terastallize|p1b: Raging Bolt|Dark\n|move|p2b: Landorus|Earth Power|p1b: Raging Bolt\n|-damage|p1b: Raging Bolt|68\/100\n|move|p1b: Raging Bolt|Snarl|p2a: Urshifu|[spread] p2a,p2b\n|-resisted|p2a: Urshifu\n|-damage|p2a: Urshifu|1\/100\n|-damage|p2b: Landorus|20\/100\n|-unboost|p2a: Urshifu|spa|1\n|-unboost|p2b: Landorus|spa|1\n|move|p2a: Urshifu|Close Combat|p1b: Raging Bolt\n|-supereffective|p1b: Raging Bolt\n|-damage|p1b: Raging Bolt|0 fnt\n|-unboost|p2a: Urshifu|def|1\n|-unboost|p2a: Urshifu|spd|1\n|faint|p1b: Raging Bolt\n|-end|p1b: Raging Bolt|Protosynthesis|[silent]\n|\n|win|superpowerpoke\n|raw|meiose's rating: 1658 &rarr; <strong>1640<\/strong><br \/>(-18 for losing)\n|raw|superpowerpoke's rating: 1697 &rarr; <strong>1715<\/strong><br \/>(+18 for winning)\n","uploadtime":1739580255,"views":7,"formatid":"gen9vgc2025regg","rating":1640,"private":0,"password":null}