{"id":"gen9vgc2025regg-2301795488","format":"[Gen 9] VGC 2025 Reg G","players":["Snow14124869","superpowerpoke"],"log":"|j|\u2606Snow14124869\n|j|\u2606superpowerpoke\n|t:|1739707329\n|gametype|doubles\n|player|p1|Snow14124869|hilbert|1553\n|player|p2|superpowerpoke|169|1635\n|teamsize|p1|6\n|teamsize|p2|6\n|gen|9\n|tier|[Gen 9] VGC 2025 Reg G\n|rated|\n|rule|Species Clause: Limit one of each Pok\u00e9mon\n|rule|Item Clause: Limit 1 of each item\n|clearpoke\n|poke|p1|Calyrex-Shadow, L50|\n|poke|p1|Raging Bolt, L50|\n|poke|p1|Clefairy, L50, F|\n|poke|p1|Grimmsnarl, L50, M|\n|poke|p1|Incineroar, L50, M|\n|poke|p1|Rillaboom, L50, F|\n|poke|p2|Lunala, L50|\n|poke|p2|Maushold-Four, L50|\n|poke|p2|Rillaboom, L50, F|\n|poke|p2|Pelipper, L50, M|\n|poke|p2|Urshifu-*, L50, F|\n|poke|p2|Landorus, L50, M|\n|teampreview|4\n|\n|t:|1739707349\n|start\n|switch|p1a: Calyrex|Calyrex-Shadow, L50|100\/100\n|switch|p1b: Raging Bolt|Raging Bolt, L50|100\/100\n|switch|p2a: Urshifu|Urshifu-Rapid-Strike, L50, F|100\/100\n|switch|p2b: Rillaboom|Rillaboom, L50, F|100\/100\n|-ability|p1a: Calyrex|As One\n|-ability|p1a: Calyrex|Unnerve\n|-fieldstart|move: Grassy Terrain|[from] ability: Grassy Surge|[of] p2b: Rillaboom\n|turn|1\n|\n|t:|1739707368\n|switch|p2a: Maushold|Maushold-Four, L50|100\/100\n|-terastallize|p1a: Calyrex|Fairy\n|move|p1a: Calyrex|Draining Kiss|p2a: Maushold\n|-damage|p2a: Maushold|56\/100\n|-damage|p1a: Calyrex|84\/100|[from] item: Rocky Helmet|[of] p2a: Maushold\n|move|p1b: Raging Bolt|Dragon Pulse|p2b: Rillaboom\n|-damage|p2b: Rillaboom|66\/100\n|-damage|p1b: Raging Bolt|91\/100|[from] item: Life Orb\n|move|p2b: Rillaboom|Wood Hammer|p1a: Calyrex\n|-damage|p1a: Calyrex|8\/100\n|-damage|p2b: Rillaboom|42\/100|[from] Recoil\n|\n|-heal|p1a: Calyrex|14\/100|[from] Grassy Terrain\n|-heal|p2a: Maushold|62\/100|[from] Grassy Terrain\n|-heal|p1b: Raging Bolt|96\/100|[from] Grassy Terrain\n|-heal|p2b: Rillaboom|48\/100|[from] Grassy Terrain\n|upkeep\n|turn|2\n|\n|t:|1739707429\n|-end|p1b: Raging Bolt|Protosynthesis|[silent]\n|switch|p1b: Clefairy|Clefairy, L50, F|100\/100\n|move|p1a: Calyrex|Protect|p1a: Calyrex\n|-singleturn|p1a: Calyrex|Protect\n|move|p2a: Maushold|Super Fang|p1b: Clefairy\n|-damage|p1b: Clefairy|51\/100\n|move|p2b: Rillaboom|U-turn|p1b: Clefairy\n|-resisted|p1b: Clefairy\n|-damage|p1b: Clefairy|41\/100\n|\n|t:|1739707440\n|switch|p2b: Lunala|Lunala, L50|100\/100|[from] U-turn\n|\n|-heal|p1a: Calyrex|20\/100|[from] Grassy Terrain\n|-heal|p2a: Maushold|68\/100|[from] Grassy Terrain\n|-heal|p1b: Clefairy|47\/100|[from] Grassy Terrain\n|upkeep\n|turn|3\n|\n|t:|1739707453\n|-terastallize|p2b: Lunala|Fairy\n|move|p2a: Maushold|Helping Hand|p2b: Lunala\n|-singleturn|p2b: Lunala|Helping Hand|[of] p2a: Maushold\n|move|p1b: Clefairy|Follow Me|p1b: Clefairy\n|-singleturn|p1b: Clefairy|move: Follow Me\n|move|p1a: Calyrex|Calm Mind|p1a: Calyrex\n|-boost|p1a: Calyrex|spa|1\n|-boost|p1a: Calyrex|spd|1\n|move|p2b: Lunala|Dazzling Gleam|p1b: Clefairy|[spread] p1a,p1b\n|-damage|p1a: Calyrex|0 fnt\n|-damage|p1b: Clefairy|0 fnt\n|faint|p1a: Calyrex\n|faint|p1b: Clefairy\n|\n|-heal|p2a: Maushold|74\/100|[from] Grassy Terrain\n|upkeep\n|j| kiabu233\n|inactive|Battle timer is ON: inactive players will automatically lose when time's up. (requested by superpowerpoke)\n|inactive|Snow14124869 has 60 seconds left.\n|inactive|Snow14124869 has 30 seconds left.\n|inactive|Snow14124869 has 20 seconds left.\n|inactive|Snow14124869 has 15 seconds left.\n|inactive|Snow14124869 has 10 seconds left.\n|inactive|Snow14124869 has 5 seconds left.\n|\n|t:|1739707632\n|switch|p1a: Grimmsnarl|Grimmsnarl, L50, M|100\/100\n|switch|p1b: Raging Bolt|Raging Bolt, L50|96\/100\n|turn|4\n|inactive|Snow14124869 has 30 seconds left.\n|inactive|Snow14124869 has 20 seconds left.\n|inactive|Snow14124869 has 15 seconds left.\n|inactive|Snow14124869 has 10 seconds left.\n|inactive|Snow14124869 has 5 seconds left.\n|\n|t:|1739707687\n|move|p1b: Raging Bolt|Protect|p1b: Raging Bolt\n|-singleturn|p1b: Raging Bolt|Protect\n|move|p2a: Maushold|Super Fang|p1a: Grimmsnarl\n|-damage|p1a: Grimmsnarl|51\/100\n|move|p2b: Lunala|Dazzling Gleam|p1b: Raging Bolt|[spread] p1a\n|-activate|p1b: Raging Bolt|move: Protect\n|-supereffective|p1a: Grimmsnarl\n|-damage|p1a: Grimmsnarl|0 fnt\n|faint|p1a: Grimmsnarl\n|\n|-heal|p2a: Maushold|80\/100|[from] Grassy Terrain\n|-heal|p1b: Raging Bolt|100\/100|[from] Grassy Terrain\n|upkeep\n|turn|5\n|inactive|Snow14124869 has 30 seconds left.\n|inactive|Snow14124869 has 20 seconds left.\n|inactive|Snow14124869 has 15 seconds left.\n|inactive|Snow14124869 has 10 seconds left.\n|inactive|Snow14124869 has 5 seconds left.\n|\n|t:|1739707742\n|move|p2a: Maushold|Helping Hand|p2b: Lunala\n|-singleturn|p2b: Lunala|Helping Hand|[of] p2a: Maushold\n|move|p1b: Raging Bolt|Protect|p1b: Raging Bolt\n|-singleturn|p1b: Raging Bolt|Protect\n|move|p2b: Lunala|Dazzling Gleam|p1b: Raging Bolt\n|-activate|p1b: Raging Bolt|move: Protect\n|\n|-heal|p2a: Maushold|86\/100|[from] Grassy Terrain\n|-fieldend|move: Grassy Terrain\n|upkeep\n|turn|6\n|inactive|Snow14124869 has 30 seconds left.\n|inactive|Snow14124869 has 20 seconds left.\n|inactive|Snow14124869 has 15 seconds left.\n|inactive|Snow14124869 has 10 seconds left.\n|inactive|Snow14124869 has 5 seconds left.\n|\n|t:|1739707797\n|move|p2a: Maushold|Helping Hand|p2b: Lunala\n|-singleturn|p2b: Lunala|Helping Hand|[of] p2a: Maushold\n|move|p1b: Raging Bolt|Protect|p1b: Raging Bolt\n|-singleturn|p1b: Raging Bolt|Protect\n|move|p2b: Lunala|Dazzling Gleam|p1b: Raging Bolt\n|-activate|p1b: Raging Bolt|move: Protect\n|\n|upkeep\n|turn|7\n|inactive|Snow14124869 has 30 seconds left.\n|inactive|Snow14124869 has 20 seconds left.\n|inactive|Snow14124869 has 15 seconds left.\n|inactive|Snow14124869 has 10 seconds left.\n|inactive|Snow14124869 has 5 seconds left.\n|\n|t:|1739707852\n|move|p2a: Maushold|Helping Hand|p2b: Lunala\n|-singleturn|p2b: Lunala|Helping Hand|[of] p2a: Maushold\n|move|p1b: Raging Bolt|Protect||[still]\n|-fail|p1b: Raging Bolt\n|move|p2b: Lunala|Dazzling Gleam|p1b: Raging Bolt\n|-supereffective|p1b: Raging Bolt\n|-damage|p1b: Raging Bolt|0 fnt\n|faint|p1b: Raging Bolt\n|-end|p1b: Raging Bolt|Protosynthesis|[silent]\n|\n|win|superpowerpoke\n|raw|Snow14124869's rating: 1560 &rarr; <strong>1544<\/strong><br \/>(-16 for losing)\n|raw|superpowerpoke's rating: 1635 &rarr; <strong>1651<\/strong><br \/>(+16 for winning)\n|l| kiabu233\n|l|\u2606Snow14124869\n|player|p1|\n|l|\u2606superpowerpoke\n|player|p2|\n","uploadtime":1739708114,"views":9,"formatid":"gen9vgc2025regg","rating":1544,"private":0,"password":null}