{"id":"gen9vgc2025regg-2301687848","format":"[Gen 9] VGC 2025 Reg G","players":["chiefclarko11","Sdsdffggff"],"log":"|j|\u2606chiefclarko11\n|j|\u2606Sdsdffggff\n|t:|1739684618\n|gametype|doubles\n|player|p1|chiefclarko11|170|1652\n|player|p2|Sdsdffggff|101|1614\n|teamsize|p1|6\n|teamsize|p2|6\n|gen|9\n|tier|[Gen 9] VGC 2025 Reg G\n|rated|\n|rule|Species Clause: Limit one of each Pok\u00e9mon\n|rule|Item Clause: Limit 1 of each item\n|clearpoke\n|poke|p1|Calyrex-Ice, L50|\n|poke|p1|Urshifu-*, L50, F|\n|poke|p1|Raging Bolt, L50|\n|poke|p1|Grimmsnarl, L50, M|\n|poke|p1|Ogerpon-Hearthflame, L50, F|\n|poke|p1|Landorus, L50, M|\n|poke|p2|Weezing-Galar, L50, F|\n|poke|p2|Tornadus, L50, M|\n|poke|p2|Urshifu-*, L50, M|\n|poke|p2|Kyogre, L50|\n|poke|p2|Farigiraf, L50, F|\n|poke|p2|Ogerpon-Wellspring, L50, F|\n|teampreview|4\n|inactive|Battle timer is ON: inactive players will automatically lose when time's up. (requested by Sdsdffggff)\n|inactive|chiefclarko11 has 60 seconds left.\n|j| randoftw\n|\n|t:|1739684657\n|start\n|switch|p1a: Raging Bolt|Raging Bolt, L50|100\/100\n|switch|p1b: Grimmsnarl|Grimmsnarl, L50, M|100\/100\n|switch|p2a: Urshifu|Urshifu, L50, M|100\/100\n|switch|p2b: Kyogre|Kyogre, L50|100\/100\n|-weather|RainDance|[from] ability: Drizzle|[of] p2b: Kyogre\n|turn|1\n|\n|t:|1739684674\n|switch|p2a: Weezing|Weezing-Galar, L50, F|100\/100\n|-ability|p2a: Weezing|Neutralizing Gas\n|move|p2b: Kyogre|Water Spout|p1a: Raging Bolt|[spread] p1a,p1b\n|-resisted|p1a: Raging Bolt\n|-crit|p1b: Grimmsnarl\n|-damage|p1a: Raging Bolt|71\/100\n|-damage|p1b: Grimmsnarl|0 fnt\n|faint|p1b: Grimmsnarl\n|move|p1a: Raging Bolt|Electroweb|p2a: Weezing|[spread] p2a,p2b\n|-supereffective|p2b: Kyogre\n|-damage|p2a: Weezing|69\/100\n|-damage|p2b: Kyogre|63\/100\n|-unboost|p2a: Weezing|spe|1\n|-unboost|p2b: Kyogre|spe|1\n|\n|-weather|RainDance|[upkeep]\n|upkeep\n|\n|t:|1739684690\n|switch|p1b: Ogerpon|Ogerpon-Hearthflame, L50, F|100\/100\n|turn|2\n|\n|t:|1739684698\n|switch|p2b: Ogerpon|Ogerpon-Wellspring, L50, F|100\/100\n|move|p1b: Ogerpon|Spiky Shield|p1b: Ogerpon\n|-singleturn|p1b: Ogerpon|move: Protect\n|move|p2a: Weezing|Protect|p2a: Weezing\n|-singleturn|p2a: Weezing|Protect\n|move|p1a: Raging Bolt|Electroweb|p2a: Weezing|[spread] p2b\n|-activate|p2a: Weezing|move: Protect\n|-crit|p2b: Ogerpon\n|-damage|p2b: Ogerpon|54\/100\n|-unboost|p2b: Ogerpon|spe|1\n|\n|-weather|RainDance|[upkeep]\n|upkeep\n|turn|3\n|\n|t:|1739684717\n|switch|p1b: Calyrex|Calyrex-Ice, L50|100\/100\n|-ability|p1b: Calyrex|As One\n|-ability|p1b: Calyrex|Unnerve\n|move|p2b: Ogerpon|Ivy Cudgel|p1b: Calyrex|[anim] Ivy Cudgel Water\n|-damage|p1b: Calyrex|48\/100\n|move|p1a: Raging Bolt|Thunderbolt|p2b: Ogerpon\n|-damage|p2b: Ogerpon|0 fnt\n|faint|p2b: Ogerpon\n|move|p2a: Weezing|Dazzling Gleam|p1b: Calyrex|[spread] p1a,p1b\n|-supereffective|p1a: Raging Bolt\n|-damage|p1a: Raging Bolt|49\/100\n|-damage|p1b: Calyrex|34\/100\n|\n|-weather|RainDance|[upkeep]\n|upkeep\n|\n|t:|1739684728\n|switch|p2b: Urshifu|Urshifu, L50, M|100\/100\n|turn|4\n|\n|t:|1739684747\n|move|p1b: Calyrex|Protect|p1b: Calyrex\n|-singleturn|p1b: Calyrex|Protect\n|move|p2b: Urshifu|Wicked Blow|p1a: Raging Bolt\n|-crit|p1a: Raging Bolt\n|-damage|p1a: Raging Bolt|0 fnt\n|faint|p1a: Raging Bolt\n|-end|p1a: Raging Bolt|Protosynthesis|[silent]\n|move|p2a: Weezing|Will-O-Wisp|p1b: Calyrex\n|-activate|p1b: Calyrex|move: Protect\n|\n|-weather|RainDance|[upkeep]\n|upkeep\n|\n|t:|1739684753\n|switch|p1a: Ogerpon|Ogerpon-Hearthflame, L50, F|100\/100\n|turn|5\n|\n|t:|1739684766\n|-end|p2a: Weezing|ability: Neutralizing Gas\n|-ability|p1a: Ogerpon|Mold Breaker\n|switch|p2a: Kyogre|Kyogre, L50|63\/100\n|-terastallize|p1a: Ogerpon|Fire\n|detailschange|p1a: Ogerpon|Ogerpon-Hearthflame-Tera, L50, F, tera:Fire\n|-ability|p1a: Ogerpon|Embody Aspect (Hearthflame)|boost\n|-boost|p1a: Ogerpon|atk|1\n|move|p1a: Ogerpon|Horn Leech|p2b: Urshifu\n|-damage|p2b: Urshifu|39\/100\n|move|p2b: Urshifu|Wicked Blow|p1b: Calyrex\n|-supereffective|p1b: Calyrex\n|-crit|p1b: Calyrex\n|-damage|p1b: Calyrex|0 fnt\n|faint|p1b: Calyrex\n|\n|-weather|none\n|upkeep\n|turn|6\n|\n|t:|1739684787\n|switch|p2b: Weezing|Weezing-Galar, L50, F|69\/100\n|-ability|p2b: Weezing|Neutralizing Gas\n|-terastallize|p2a: Kyogre|Water\n|move|p2a: Kyogre|Water Spout|p1a: Ogerpon\n|-supereffective|p1a: Ogerpon\n|-damage|p1a: Ogerpon|0 fnt\n|faint|p1a: Ogerpon\n|\n|win|Sdsdffggff\n|raw|chiefclarko11's rating: 1652 &rarr; <strong>1630<\/strong><br \/>(-22 for losing)\n|raw|Sdsdffggff's rating: 1614 &rarr; <strong>1636<\/strong><br \/>(+22 for winning)\n|l|\u2606chiefclarko11\n|player|p1|\n|l|\u2606Sdsdffggff\n|player|p2|\n|l| randoftw\n","uploadtime":1739684926,"views":9,"formatid":"gen9vgc2025regg","rating":1630,"private":0,"password":null}