{"id":"gen9vgc2025regg-2301066847","format":"[Gen 9] VGC 2025 Reg G","players":["Lkizzz","SubToPenglin"],"log":"|j|\u2606Lkizzz\n|j|\u2606SubToPenglin\n|t:|1739588657\n|gametype|doubles\n|player|p1|Lkizzz|swimmer-gen4dp|1588\n|player|p2|SubToPenglin|lady|1626\n|teamsize|p1|6\n|teamsize|p2|6\n|gen|9\n|tier|[Gen 9] VGC 2025 Reg G\n|rated|\n|rule|Species Clause: Limit one of each Pok\u00e9mon\n|rule|Item Clause: Limit 1 of each item\n|clearpoke\n|poke|p1|Miraidon, L50|\n|poke|p1|Whimsicott, L50, M|\n|poke|p1|Farigiraf, L50, F|\n|poke|p1|Iron Hands, L50|\n|poke|p1|Ogerpon-Hearthflame, L50, F|\n|poke|p1|Urshifu-*, L50, F|\n|poke|p2|Comfey, L50, F|\n|poke|p2|Terapagos, L50, M|\n|poke|p2|Tornadus, L50, M|\n|poke|p2|Magmar, L50, M|\n|poke|p2|Landorus, L50, M|\n|poke|p2|Urshifu-*, L50, M|\n|teampreview|4\n|inactive|Battle timer is ON: inactive players will automatically lose when time's up. (requested by SubToPenglin)\n|\n|t:|1739588675\n|start\n|switch|p1a: Whimsicott|Whimsicott, L50, M|100\/100\n|switch|p1b: Miraidon|Miraidon, L50|100\/100\n|switch|p2a: Terapagos|Terapagos, L50, M|100\/100\n|switch|p2b: Magmar|Magmar, L50, M, shiny|100\/100\n|-activate|p2a: Terapagos|ability: Tera Shift\n|detailschange|p2a: Terapagos|Terapagos-Terastal, L50, M\n|-heal|p2a: Terapagos|100\/100|[silent]\n|-fieldstart|move: Electric Terrain|[from] ability: Hadron Engine|[of] p1b: Miraidon\n|turn|1\n|\n|t:|1739588683\n|move|p2b: Magmar|Protect|p2b: Magmar\n|-singleturn|p2b: Magmar|Protect\n|move|p1a: Whimsicott|Light Screen|p1a: Whimsicott\n|-sidestart|p1: Lkizzz|move: Light Screen\n|move|p1b: Miraidon|Electro Drift|p2b: Magmar\n|-activate|p2b: Magmar|move: Protect\n|move|p2a: Terapagos|Calm Mind|p2a: Terapagos\n|-boost|p2a: Terapagos|spa|1\n|-boost|p2a: Terapagos|spd|1\n|\n|upkeep\n|turn|2\n|\n|t:|1739588700\n|-terastallize|p2a: Terapagos|Stellar\n|detailschange|p2a: Terapagos|Terapagos-Stellar, L50, M, tera:Stellar\n|-heal|p2a: Terapagos|100\/100|[silent]\n|-ability|p2a: Terapagos|Teraform Zero\n|-fieldend|move: Electric Terrain\n|move|p2b: Magmar|Follow Me|p2b: Magmar\n|-singleturn|p2b: Magmar|move: Follow Me\n|move|p1a: Whimsicott|Tailwind|p1a: Whimsicott\n|-sidestart|p1: Lkizzz|move: Tailwind\n|move|p1b: Miraidon|Electro Drift|p2b: Magmar\n|-damage|p2b: Magmar|22\/100\n|move|p2a: Terapagos|Tera Starstorm|p1b: Miraidon|[spread] p1a,p1b\n|-damage|p1a: Whimsicott|60\/100\n|-damage|p1b: Miraidon|71\/100\n|\n|upkeep\n|turn|3\n|\n|t:|1739588722\n|move|p2b: Magmar|Follow Me|p2b: Magmar\n|-singleturn|p2b: Magmar|move: Follow Me\n|move|p1b: Miraidon|Electro Drift|p2b: Magmar\n|-damage|p2b: Magmar|0 fnt\n|-status|p1b: Miraidon|brn|[from] ability: Flame Body|[of] p2b: Magmar\n|faint|p2b: Magmar\n|move|p1a: Whimsicott|Moonblast|p2a: Terapagos\n|-damage|p2a: Terapagos|89\/100\n|move|p2a: Terapagos|Tera Starstorm|p1b: Miraidon|[spread] p1a,p1b\n|-damage|p1a: Whimsicott|18\/100\n|-damage|p1b: Miraidon|38\/100 brn\n|\n|-damage|p1b: Miraidon|31\/100 brn|[from] brn\n|upkeep\n|\n|t:|1739588733\n|switch|p2b: Landorus|Landorus, L50, M|100\/100\n|turn|4\n|\n|t:|1739588740\n|switch|p1b: Ogerpon|Ogerpon-Hearthflame, L50, F|100\/100\n|-ability|p1b: Ogerpon|Mold Breaker\n|move|p2a: Terapagos|Protect|p2a: Terapagos\n|-singleturn|p2a: Terapagos|Protect\n|move|p1a: Whimsicott|Moonblast|p2b: Landorus\n|-damage|p2b: Landorus|68\/100\n|move|p2b: Landorus|Earth Power|p1b: Ogerpon\n|-damage|p1b: Ogerpon|52\/100\n|\n|upkeep\n|turn|5\n|\n|t:|1739588761\n|switch|p2a: Tornadus|Tornadus, L50, M|100\/100\n|move|p1a: Whimsicott|Encore||[still]\n|-fail|p1a: Whimsicott\n|move|p1b: Ogerpon|Wood Hammer|p2b: Landorus\n|-damage|p2b: Landorus|0 fnt\n|faint|p2b: Landorus\n|-damage|p1b: Ogerpon|31\/100|[from] Recoil\n|\n|-sideend|p1: Lkizzz|move: Light Screen\n|-sideend|p1: Lkizzz|move: Tailwind\n|upkeep\n|\n|t:|1739588770\n|switch|p2b: Terapagos|Terapagos-Stellar, L50, M, tera:Stellar|89\/100\n|turn|6\n|\n|t:|1739588782\n|-terastallize|p1b: Ogerpon|Fire\n|detailschange|p1b: Ogerpon|Ogerpon-Hearthflame-Tera, L50, F, tera:Fire\n|-ability|p1b: Ogerpon|Embody Aspect (Hearthflame)|boost\n|-boost|p1b: Ogerpon|atk|1\n|move|p2a: Tornadus|Taunt|p1a: Whimsicott\n|-start|p1a: Whimsicott|move: Taunt\n|cant|p1a: Whimsicott|move: Taunt|Tailwind\n|move|p1b: Ogerpon|Ivy Cudgel|p2a: Tornadus|[anim] Ivy Cudgel Fire\n|-damage|p2a: Tornadus|0 fnt\n|faint|p2a: Tornadus\n|move|p2b: Terapagos|Tera Starstorm|p1a: Whimsicott|[spread] p1a,p1b\n|-supereffective|p1b: Ogerpon\n|-damage|p1a: Whimsicott|0 fnt\n|-damage|p1b: Ogerpon|0 fnt\n|faint|p1a: Whimsicott\n|faint|p1b: Ogerpon\n|\n|upkeep\n|\n|t:|1739588796\n|switch|p1a: Urshifu|Urshifu-Rapid-Strike, L50, F|100\/100\n|switch|p1b: Miraidon|Miraidon, L50|31\/100 brn\n|-fieldstart|move: Electric Terrain|[from] ability: Hadron Engine|[of] p1b: Miraidon\n|turn|7\n|j| NanshanVGC\n|\n|t:|1739588803\n|move|p1b: Miraidon|Electro Drift|p2b: Terapagos\n|-damage|p2b: Terapagos|0 fnt\n|faint|p2b: Terapagos\n|\n|win|Lkizzz\n|raw|Lkizzz's rating: 1588 &rarr; <strong>1610<\/strong><br \/>(+22 for winning)\n|raw|SubToPenglin's rating: 1626 &rarr; <strong>1604<\/strong><br \/>(-22 for losing)\n|l|\u2606Lkizzz\n|player|p1|\n|l|\u2606SubToPenglin\n|player|p2|\n","uploadtime":1739588950,"views":5,"formatid":"gen9vgc2025regg","rating":1604,"private":0,"password":null}