{"id":"gen9vgc2025regg-2301130112","format":"[Gen 9] VGC 2025 Reg G","players":["Wilfredistall","fzyus"],"log":"|j|\u2606Wilfredistall\n|j|\u2606fzyus\n|t:|1739599559\n|gametype|doubles\n|player|p1|Wilfredistall|169|1627\n|player|p2|fzyus|steven|1558\n|teamsize|p1|6\n|teamsize|p2|6\n|gen|9\n|tier|[Gen 9] VGC 2025 Reg G\n|rated|\n|rule|Species Clause: Limit one of each Pok\u00e9mon\n|rule|Item Clause: Limit 1 of each item\n|clearpoke\n|poke|p1|Terapagos, L50, M|\n|poke|p1|Landorus, L50, M|\n|poke|p1|Amoonguss, L50, F|\n|poke|p1|Iron Valiant, L50|\n|poke|p1|Urshifu-*, L50, F|\n|poke|p1|Incineroar, L50, F|\n|poke|p2|Miraidon, L50|\n|poke|p2|Whimsicott, L50, F|\n|poke|p2|Urshifu-*, L50, F|\n|poke|p2|Ogerpon-Hearthflame, L50, F|\n|poke|p2|Farigiraf, L50, M|\n|poke|p2|Iron Hands, L50|\n|teampreview|4\nWilfredistall has agreed to open team sheets.\n|inactive|Battle timer is ON: inactive players will automatically lose when time's up. (requested by fzyus)\n|j| bacardigin\n|inactive|fzyus has 60 seconds left.\n|j| Samevgcmons\n|inactive|fzyus has 30 seconds left.\n|inactive|fzyus has 20 seconds left.\n|inactive|fzyus has 15 seconds left.\n|\n|t:|1739599649\n|start\n|switch|p1a: Landorus|Landorus, L50, M|100\/100\n|switch|p1b: Terapagos|Terapagos, L50, M|100\/100\n|switch|p2a: Miraidon|Miraidon, L50|100\/100\n|switch|p2b: Iron Hands|Iron Hands, L50, shiny|100\/100\n|-activate|p1b: Terapagos|ability: Tera Shift\n|detailschange|p1b: Terapagos|Terapagos-Terastal, L50, M\n|-heal|p1b: Terapagos|100\/100|[silent]\n|-fieldstart|move: Electric Terrain|[from] ability: Hadron Engine|[of] p2a: Miraidon\n|-activate|p2b: Iron Hands|ability: Quark Drive\n|-start|p2b: Iron Hands|quarkdriveatk\n|turn|1\n|inactive|fzyus has 30 seconds left.\n|inactive|fzyus has 20 seconds left.\n|inactive|fzyus has 15 seconds left.\n|inactive|fzyus has 10 seconds left.\n|inactive|fzyus has 5 seconds left.\n|\n|t:|1739599702\n|move|p1a: Landorus|Protect|p1a: Landorus\n|-singleturn|p1a: Landorus|Protect\n|move|p1b: Terapagos|Protect|p1b: Terapagos\n|-singleturn|p1b: Terapagos|Protect\n|move|p2b: Iron Hands|Fake Out|p1a: Landorus\n|-activate|p1a: Landorus|move: Protect\n|move|p2a: Miraidon|Volt Switch|p1b: Terapagos\n|-activate|p1b: Terapagos|move: Protect\n|\n|upkeep\n|turn|2\n|j| mr pogostick\n|inactive|Wilfredistall has 30 seconds left.\n|l| mr pogostick\n|\n|t:|1739599734\n|switch|p1b: Amoonguss|Amoonguss, L50, F|100\/100\n|-terastallize|p2b: Iron Hands|Bug\n|move|p2a: Miraidon|Volt Switch|p1b: Amoonguss\n|-resisted|p1b: Amoonguss\n|-damage|p1b: Amoonguss|58\/100\n|inactive|fzyus has 30 seconds left.\n|\n|t:|1739599763\n|switch|p2a: Whimsicott|Whimsicott, L50, F, shiny|100\/100|[from] Volt Switch\n|move|p1a: Landorus|Earth Power|p2a: Whimsicott\n|-resisted|p2a: Whimsicott\n|-damage|p2a: Whimsicott|59\/100\n|move|p2b: Iron Hands|Drain Punch|p1b: Amoonguss\n|-resisted|p1b: Amoonguss\n|-damage|p1b: Amoonguss|33\/100\n|-damage|p2b: Iron Hands|84\/100|[from] item: Rocky Helmet|[of] p1b: Amoonguss\n|\n|upkeep\n|turn|3\n|inactive|fzyus has 30 seconds left.\n|inactive|Wilfredistall has 30 seconds left.\n|inactive|fzyus has 20 seconds left.\n|inactive|fzyus has 15 seconds left.\n|inactive|fzyus has 10 seconds left.\n|\n|t:|1739599808\n|switch|p1b: Terapagos|Terapagos-Terastal, L50, M|100\/100\n|move|p2a: Whimsicott|Light Screen|p2a: Whimsicott\n|-sidestart|p2: fzyus|move: Light Screen\n|move|p1a: Landorus|Sludge Bomb|p2b: Iron Hands\n|-damage|p2b: Iron Hands|67\/100\n|move|p2b: Iron Hands|Drain Punch|p1a: Landorus\n|-resisted|p1a: Landorus\n|-crit|p1a: Landorus\n|-damage|p1a: Landorus|60\/100\n|-heal|p2b: Iron Hands|83\/100|[from] drain|[of] p1a: Landorus\n|\n|upkeep\n|turn|4\n|inactive|Wilfredistall has 30 seconds left.\n|inactive|fzyus has 30 seconds left.\n|inactive|Wilfredistall has 20 seconds left.\n|\n|t:|1739599845\n|switch|p1b: Amoonguss|Amoonguss, L50, F|66\/100\n|move|p2a: Whimsicott|Moonblast|p1b: Amoonguss\n|-resisted|p1b: Amoonguss\n|-damage|p1b: Amoonguss|57\/100\n|move|p1a: Landorus|Sludge Bomb|p2a: Whimsicott\n|-supereffective|p2a: Whimsicott\n|-damage|p2a: Whimsicott|0 fnt\n|faint|p2a: Whimsicott\n|move|p2b: Iron Hands|Drain Punch|p1a: Landorus\n|-resisted|p1a: Landorus\n|-damage|p1a: Landorus|33\/100\n|-heal|p2b: Iron Hands|95\/100|[from] drain|[of] p1a: Landorus\n|\n|upkeep\n|\n|t:|1739599869\n|switch|p2a: Miraidon|Miraidon, L50|100\/100\n|-activate|p2a: Miraidon|ability: Hadron Engine\n|turn|5\n|\n|t:|1739599889\n|move|p1a: Landorus|Protect|p1a: Landorus\n|-singleturn|p1a: Landorus|Protect\n|move|p1b: Amoonguss|Protect|p1b: Amoonguss\n|-singleturn|p1b: Amoonguss|Protect\n|move|p2a: Miraidon|Volt Switch|p1b: Amoonguss\n|-activate|p1b: Amoonguss|move: Protect\n|move|p2b: Iron Hands|Drain Punch|p1a: Landorus\n|-activate|p1a: Landorus|move: Protect\n|\n|-fieldend|move: Electric Terrain\n|-end|p2b: Iron Hands|Quark Drive\n|upkeep\n|turn|6\n|inactive|fzyus has 30 seconds left.\n|inactive|Wilfredistall has 30 seconds left.\n|inactive|fzyus has 20 seconds left.\n|inactive|fzyus has 15 seconds left.\n|\n|t:|1739599930\n|-end|p2b: Iron Hands|Quark Drive|[silent]\n|switch|p2b: Ogerpon|Ogerpon-Hearthflame, L50, F|100\/100\n|-ability|p2b: Ogerpon|Mold Breaker\n|move|p2a: Miraidon|Volt Switch|p1b: Amoonguss\n|-resisted|p1b: Amoonguss\n|-damage|p1b: Amoonguss|34\/100\n|\n|t:|1739599937\n|switch|p2a: Iron Hands|Iron Hands, L50, shiny, tera:Bug|95\/100|[from] Volt Switch\n|move|p1a: Landorus|Earth Power|p2a: Iron Hands\n|-resisted|p2a: Iron Hands\n|-damage|p2a: Iron Hands|83\/100\n|move|p1b: Amoonguss|Pollen Puff|p1a: Landorus\n|-heal|p1a: Landorus|83\/100\n|\n|upkeep\n|turn|7\n|inactive|fzyus has 30 seconds left.\n|inactive|fzyus has 20 seconds left.\n|\n|t:|1739599973\n|switch|p1b: Iron Valiant|Iron Valiant, L50|100\/100\n|-enditem|p1b: Iron Valiant|Booster Energy\n|-activate|p1b: Iron Valiant|ability: Quark Drive|[fromitem]\n|-start|p1b: Iron Valiant|quarkdrivespe\n|move|p1a: Landorus|Protect|p1a: Landorus\n|-singleturn|p1a: Landorus|Protect\n|move|p2a: Iron Hands|Fake Out|p1a: Landorus\n|-activate|p1a: Landorus|move: Protect\n|move|p2b: Ogerpon|Ivy Cudgel|p1b: Iron Valiant|[anim] Ivy Cudgel Fire\n|-damage|p1b: Iron Valiant|44\/100\n|\n|-sideend|p2: fzyus|move: Light Screen\n|upkeep\n|turn|8\n|inactive|fzyus has 30 seconds left.\n|inactive|fzyus has 20 seconds left.\n|inactive|fzyus has 15 seconds left.\n|inactive|Wilfredistall has 30 seconds left.\n|\n|t:|1739600020\n|move|p2b: Ogerpon|Spiky Shield|p2b: Ogerpon\n|-singleturn|p2b: Ogerpon|move: Protect\n|move|p1b: Iron Valiant|Disable|p2b: Ogerpon\n|-activate|p2b: Ogerpon|move: Protect\n|move|p1a: Landorus|Earth Power|p2a: Iron Hands\n|-resisted|p2a: Iron Hands\n|-damage|p2a: Iron Hands|65\/100\n|move|p2a: Iron Hands|Wild Charge|p1b: Iron Valiant\n|-damage|p1b: Iron Valiant|0 fnt\n|faint|p1b: Iron Valiant\n|-end|p1b: Iron Valiant|Quark Drive|[silent]\n|-damage|p2a: Iron Hands|56\/100|[from] Recoil\n|\n|upkeep\n|\n|t:|1739600024\n|switch|p1b: Terapagos|Terapagos-Terastal, L50, M|100\/100\n|turn|9\n|inactive|fzyus has 30 seconds left.\n|\n|t:|1739600052\n|-terastallize|p1b: Terapagos|Stellar\n|detailschange|p1b: Terapagos|Terapagos-Stellar, L50, M, tera:Stellar\n|-heal|p1b: Terapagos|100\/100|[silent]\n|move|p2b: Ogerpon|Ivy Cudgel|p1a: Landorus|[anim] Ivy Cudgel Fire\n|-damage|p1a: Landorus|21\/100\n|move|p1a: Landorus|Earth Power|p2a: Iron Hands\n|-resisted|p2a: Iron Hands\n|-damage|p2a: Iron Hands|37\/100\n|move|p1b: Terapagos|Tera Starstorm|p2a: Iron Hands|[spread] p2a,p2b\n|-supereffective|p2a: Iron Hands\n|-damage|p2a: Iron Hands|0 fnt\n|-damage|p2b: Ogerpon|65\/100\n|faint|p2a: Iron Hands\n|-end|p2a: Iron Hands|Quark Drive|[silent]\n|\n|upkeep\n|\n|t:|1739600065\n|switch|p2a: Miraidon|Miraidon, L50|100\/100\n|-fieldstart|move: Electric Terrain|[from] ability: Hadron Engine|[of] p2a: Miraidon\n|turn|10\n|\n|t:|1739600081\n|move|p1a: Landorus|Protect|p1a: Landorus\n|-singleturn|p1a: Landorus|Protect\n|move|p1b: Terapagos|Protect|p1b: Terapagos\n|-singleturn|p1b: Terapagos|Protect\n|move|p2a: Miraidon|Electro Drift|p1b: Terapagos\n|-activate|p1b: Terapagos|move: Protect\n|move|p2b: Ogerpon|Ivy Cudgel|p1a: Landorus|[anim] Ivy Cudgel Fire\n|-activate|p1a: Landorus|move: Protect\n|\n|upkeep\n|turn|11\n|\n|t:|1739600098\n|switch|p1b: Amoonguss|Amoonguss, L50, F|67\/100\n|move|p2a: Miraidon|Electro Drift|p1b: Amoonguss\n|-resisted|p1b: Amoonguss\n|-damage|p1b: Amoonguss|7\/100\n|-damage|p2a: Miraidon|84\/100|[from] item: Rocky Helmet|[of] p1b: Amoonguss\n|move|p2b: Ogerpon|Ivy Cudgel|p1a: Landorus|[anim] Ivy Cudgel Fire\n|-damage|p1a: Landorus|0 fnt\n|faint|p1a: Landorus\n|\n|upkeep\n|\n|t:|1739600101\n|switch|p1a: Terapagos|Terapagos-Stellar, L50, M, tera:Stellar|100\/100\n|turn|12\n|inactive|fzyus has 30 seconds left.\n|inactive|fzyus has 20 seconds left.\n|\n|t:|1739600122\n|move|p1a: Terapagos|Protect|p1a: Terapagos\n|-singleturn|p1a: Terapagos|Protect\n|move|p1b: Amoonguss|Protect|p1b: Amoonguss\n|-singleturn|p1b: Amoonguss|Protect\n|move|p2a: Miraidon|Electro Drift|p1a: Terapagos\n|-activate|p1a: Terapagos|move: Protect\n|move|p2b: Ogerpon|Ivy Cudgel|p1a: Terapagos|[anim] Ivy Cudgel Fire\n|-activate|p1a: Terapagos|move: Protect\n|\n|upkeep\n|turn|13\n|inactive|fzyus has 20 seconds left this turn.\n|inactive|fzyus has 15 seconds left.\n|\n|t:|1739600134\n|move|p1b: Amoonguss|Rage Powder|p1b: Amoonguss\n|-singleturn|p1b: Amoonguss|move: Rage Powder\n|move|p2a: Miraidon|Electro Drift|p1b: Amoonguss\n|-resisted|p1b: Amoonguss\n|-damage|p1b: Amoonguss|0 fnt\n|-damage|p2a: Miraidon|67\/100|[from] item: Rocky Helmet|[of] p1b: Amoonguss\n|faint|p1b: Amoonguss\n|move|p2b: Ogerpon|Ivy Cudgel|p1a: Terapagos|[anim] Ivy Cudgel Fire\n|-damage|p1a: Terapagos|70\/100\n|move|p1a: Terapagos|Tera Starstorm|p2b: Ogerpon|[spread] p2a,p2b\n|-damage|p2a: Miraidon|34\/100\n|-damage|p2b: Ogerpon|29\/100\n|\n|-heal|p1a: Terapagos|76\/100|[from] item: Leftovers\n|upkeep\n|turn|14\n|inactive|fzyus has 15 seconds left this turn.\n|inactive|fzyus has 10 seconds left.\n|\n|t:|1739600144\n|move|p1a: Terapagos|Protect|p1a: Terapagos\n|-singleturn|p1a: Terapagos|Protect\n|move|p2a: Miraidon|Electro Drift|p1a: Terapagos\n|-activate|p1a: Terapagos|move: Protect\n|move|p2b: Ogerpon|Ivy Cudgel|p1a: Terapagos|[anim] Ivy Cudgel Fire\n|-activate|p1a: Terapagos|move: Protect\n|\n|-heal|p1a: Terapagos|82\/100|[from] item: Leftovers\n|-fieldend|move: Electric Terrain\n|upkeep\n|turn|15\n|inactive|fzyus has 10 seconds left this turn.\n|\n|t:|1739600153\n|move|p2a: Miraidon|Electro Drift|p1a: Terapagos\n|-damage|p1a: Terapagos|32\/100\n|move|p2b: Ogerpon|Wood Hammer|p1a: Terapagos\n|-damage|p1a: Terapagos|0 fnt\n|faint|p1a: Terapagos\n|-damage|p2b: Ogerpon|13\/100|[from] Recoil\n|\n|win|fzyus\n|inactive|fzyus has 10 seconds left this turn.\n|raw|Wilfredistall's rating: 1627 &rarr; <strong>1602<\/strong><br \/>(-25 for losing)\n|raw|fzyus's rating: 1538 &rarr; <strong>1563<\/strong><br \/>(+25 for winning)\n|l|\u2606Wilfredistall\n|player|p1|\n|l| bacardigin\n|l|\u2606fzyus\n|player|p2|\n|l| Samevgcmons\n","uploadtime":1739600319,"views":4,"formatid":"gen9vgc2025regg","rating":1563,"private":0,"password":null}