{"id":"gen9vgc2025regg-2301644686","format":"[Gen 9] VGC 2025 Reg G","players":["seung2742","BellmanTGM"],"log":"|j|\u2606seung2742\n|j|\u2606BellmanTGM\n|t:|1739677686\n|gametype|doubles\n|player|p1|seung2742|170|1587\n|player|p2|BellmanTGM|pokefan-gen4|1601\n|teamsize|p1|6\n|teamsize|p2|6\n|gen|9\n|tier|[Gen 9] VGC 2025 Reg G\n|rated|\n|rule|Species Clause: Limit one of each Pok\u00e9mon\n|rule|Item Clause: Limit 1 of each item\n|clearpoke\n|poke|p1|Calyrex-Shadow, L50|\n|poke|p1|Whimsicott, L50, F|\n|poke|p1|Chi-Yu, L50|\n|poke|p1|Rillaboom, L50, F|\n|poke|p1|Urshifu-*, L50, M|\n|poke|p1|Landorus, L50, M|\n|poke|p2|Terapagos, L50, M|\n|poke|p2|Indeedee-F, L50, F|\n|poke|p2|Ogerpon-Cornerstone, L50, F|\n|poke|p2|Urshifu-*, L50, F|\n|poke|p2|Tornadus, L50, M|\n|poke|p2|Clefairy, L50, M|\n|teampreview|4\n|inactive|Battle timer is ON: inactive players will automatically lose when time's up. (requested by BellmanTGM)\n|inactive|seung2742 also wants the timer to be on.\n|j| Not Kaya\n|j| futonkagebunshin\n|j| God of restricted\n|inactive|seung2742 has 60 seconds left.\n|inactive|BellmanTGM has 60 seconds left.\n|\n|t:|1739677721\n|start\n|switch|p1a: Whimsicott|Whimsicott, L50, F|100\/100\n|switch|p1b: Chi-Yu|Chi-Yu, L50|100\/100\n|switch|p2a: Terapagos|Terapagos, L50, M|100\/100\n|switch|p2b: Indeedee|Indeedee-F, L50, F|100\/100\n|-activate|p2a: Terapagos|ability: Tera Shift\n|detailschange|p2a: Terapagos|Terapagos-Terastal, L50, M\n|-heal|p2a: Terapagos|100\/100|[silent]\n|-ability|p1b: Chi-Yu|Beads of Ruin\n|-fieldstart|move: Psychic Terrain|[from] ability: Psychic Surge|[of] p2b: Indeedee\n|-enditem|p2b: Indeedee|Psychic Seed\n|-boost|p2b: Indeedee|spd|1|[from] item: Psychic Seed\n|turn|1\n|\n|t:|1739677732\n|-terastallize|p2a: Terapagos|Stellar\n|detailschange|p2a: Terapagos|Terapagos-Stellar, L50, M, tera:Stellar\n|-heal|p2a: Terapagos|100\/100|[silent]\n|-ability|p2a: Terapagos|Teraform Zero\n|-fieldend|move: Psychic Terrain\n|move|p2b: Indeedee|Fake Out|p1a: Whimsicott\n|-damage|p1a: Whimsicott|90\/100\n|move|p1a: Whimsicott|Moonblast|p2a: Terapagos\n|-crit|p2a: Terapagos\n|-damage|p2a: Terapagos|64\/100\n|-unboost|p2a: Terapagos|spa|1\n|move|p1b: Chi-Yu|Heat Wave|p2b: Indeedee|[spread] p2a,p2b\n|-damage|p2a: Terapagos|14\/100\n|-damage|p2b: Indeedee|51\/100\n|move|p2a: Terapagos|Tera Starstorm|p1a: Whimsicott|[spread] p1a,p1b\n|-damage|p1a: Whimsicott|17\/100\n|-damage|p1b: Chi-Yu|59\/100\n|\n|upkeep\n|turn|2\n|\n|t:|1739677756\n|move|p1a: Whimsicott|Tailwind|p1a: Whimsicott\n|-sidestart|p1: seung2742|move: Tailwind\n|move|p1b: Chi-Yu|Heat Wave|p2a: Terapagos|[spread] p2a\n|-miss|p1b: Chi-Yu|p2b: Indeedee\n|-damage|p2a: Terapagos|0 fnt\n|faint|p2a: Terapagos\n|move|p2b: Indeedee|Psychic|p1a: Whimsicott\n|-crit|p1a: Whimsicott\n|-damage|p1a: Whimsicott|0 fnt\n|faint|p1a: Whimsicott\n|\n|upkeep\n|\n|t:|1739677764\n|switch|p1a: Urshifu|Urshifu-Rapid-Strike, L50, M|100\/100\n|switch|p2a: Ogerpon|Ogerpon-Cornerstone, L50, F|100\/100\n|turn|3\n|\n|t:|1739677773\n|-terastallize|p1a: Urshifu|Water\n|move|p2b: Indeedee|Follow Me|p2b: Indeedee\n|-singleturn|p2b: Indeedee|move: Follow Me\n|move|p1a: Urshifu|Surging Strikes|p2b: Indeedee\n|-crit|p2b: Indeedee\n|-damage|p2b: Indeedee|24\/100\n|-crit|p2b: Indeedee\n|-damage|p2b: Indeedee|0 fnt\n|faint|p2b: Indeedee\n|-hitcount|p2: Indeedee|2\n|move|p1b: Chi-Yu|Heat Wave|p2a: Ogerpon\n|-ability|p2a: Ogerpon|Sturdy\n|-damage|p2a: Ogerpon|1\/100\n|move|p2a: Ogerpon|Power Whip|p1a: Urshifu\n|-supereffective|p1a: Urshifu\n|-damage|p1a: Urshifu|0 fnt\n|faint|p1a: Urshifu\n|\n|upkeep\n|\n|t:|1739677789\n|switch|p1a: Calyrex|Calyrex-Shadow, L50|100\/100\n|switch|p2b: Urshifu|Urshifu-Rapid-Strike, L50, F|100\/100\n|-ability|p1a: Calyrex|As One\n|-ability|p1a: Calyrex|Unnerve\n|turn|4\n|\n|t:|1739677799\n|move|p2a: Ogerpon|Spiky Shield|p2a: Ogerpon\n|-singleturn|p2a: Ogerpon|move: Protect\n|move|p2b: Urshifu|Detect|p2b: Urshifu\n|-singleturn|p2b: Urshifu|Protect\n|move|p1a: Calyrex|Astral Barrage|p2b: Urshifu|[spread] \n|-activate|p2a: Ogerpon|move: Protect\n|-activate|p2b: Urshifu|move: Protect\n|move|p1b: Chi-Yu|Heat Wave|p2a: Ogerpon|[spread] \n|-activate|p2a: Ogerpon|move: Protect\n|-activate|p2b: Urshifu|move: Protect\n|\n|upkeep\n|turn|5\n|\n|t:|1739677821\n|move|p2b: Urshifu|Aqua Jet|p1b: Chi-Yu\n|-supereffective|p1b: Chi-Yu\n|-damage|p1b: Chi-Yu|0 fnt\n|faint|p1b: Chi-Yu\n|move|p1a: Calyrex|Astral Barrage|p2a: Ogerpon|[spread] p2a,p2b\n|-damage|p2a: Ogerpon|0 fnt\n|-damage|p2b: Urshifu|19\/100\n|faint|p2a: Ogerpon\n|-ability|p1a: Calyrex|Grim Neigh|boost\n|-boost|p1a: Calyrex|spa|1\n|\n|-sideend|p1: seung2742|move: Tailwind\n|upkeep\n|turn|6\n|\n|t:|1739677831\n|move|p2b: Urshifu|Aqua Jet|p1a: Calyrex\n|-damage|p1a: Calyrex|72\/100\n|move|p1a: Calyrex|Astral Barrage|p2b: Urshifu\n|-damage|p2b: Urshifu|0 fnt\n|faint|p2b: Urshifu\n|\n|win|seung2742\n|raw|seung2742's rating: 1587 &rarr; <strong>1608<\/strong><br \/>(+21 for winning)\n|raw|BellmanTGM's rating: 1601 &rarr; <strong>1580<\/strong><br \/>(-21 for losing)\n|l|\u2606BellmanTGM\n|player|p2|\n|l| God of restricted\n|l| Not Kaya\n|l|\u2606seung2742\n|player|p1|\n","uploadtime":1739677969,"views":5,"formatid":"gen9vgc2025regg","rating":1580,"private":0,"password":null}