{"id":"gen9vgc2025regg-2301158672","format":"[Gen 9] VGC 2025 Reg G","players":["Spottedwoot","pentagonSG"],"log":"|j|\u2606Spottedwoot\n|j|\u2606pentagonSG\n|t:|1739605994\n|gametype|doubles\n|player|p1|Spottedwoot|101|1577\n|player|p2|pentagonSG|1|1616\n|teamsize|p1|6\n|teamsize|p2|6\n|gen|9\n|tier|[Gen 9] VGC 2025 Reg G\n|rated|\n|rule|Species Clause: Limit one of each Pok\u00e9mon\n|rule|Item Clause: Limit 1 of each item\n|clearpoke\n|poke|p1|Zamazenta-*, L50|\n|poke|p1|Chien-Pao, L50|\n|poke|p1|Entei, L50|\n|poke|p1|Raging Bolt, L50|\n|poke|p1|Rillaboom, L50, F|\n|poke|p1|Farigiraf, L50, F|\n|poke|p2|Miraidon, L50|\n|poke|p2|Volcarona, L50, F|\n|poke|p2|Grimmsnarl, L50, M|\n|poke|p2|Okidogi, L50, M|\n|poke|p2|Sinistcha-Masterpiece, L50|\n|poke|p2|Iron Hands, L50|\n|teampreview|4\n|inactive|Battle timer is ON: inactive players will automatically lose when time's up. (requested by pentagonSG)\n|\n|t:|1739606024\n|start\n|switch|p1a: Chien-Pao|Chien-Pao, L50|100\/100\n|switch|p1b: Entei|Entei, L50|100\/100\n|switch|p2a: Miraidon|Miraidon, L50|100\/100\n|switch|p2b: Grimmsnarl|Grimmsnarl, L50, M|100\/100\n|-ability|p1a: Chien-Pao|Sword of Ruin\n|-fieldstart|move: Electric Terrain|[from] ability: Hadron Engine|[of] p2a: Miraidon\n|turn|1\n|\n|t:|1739606039\n|-terastallize|p1b: Entei|Normal\n|move|p1b: Entei|Extreme Speed|p2a: Miraidon\n|-damage|p2a: Miraidon|9\/100\n|move|p2b: Grimmsnarl|Reflect|p2b: Grimmsnarl\n|-sidestart|p2: pentagonSG|Reflect\n|move|p2a: Miraidon|Volt Switch|p1b: Entei\n|-damage|p1b: Entei|0 fnt\n|faint|p1b: Entei\n|\n|t:|1739606049\n|switch|p2a: Volcarona|Volcarona, L50, F|100\/100|[from] Volt Switch\n|move|p1a: Chien-Pao|Icicle Crash|p2a: Volcarona\n|-resisted|p2a: Volcarona\n|-damage|p2a: Volcarona|78\/100\n|\n|-heal|p2a: Volcarona|84\/100|[from] item: Leftovers\n|upkeep\n|\n|t:|1739606055\n|switch|p1b: Zamazenta|Zamazenta-Crowned, L50|100\/100\n|-ability|p1b: Zamazenta|Dauntless Shield|boost\n|-boost|p1b: Zamazenta|def|1\n|turn|2\n|\n|t:|1739606063\n|move|p1a: Chien-Pao|Sucker Punch|p2a: Volcarona\n|-crit|p2a: Volcarona\n|-damage|p2a: Volcarona|0 fnt\n|faint|p2a: Volcarona\n|move|p2b: Grimmsnarl|Thunder Wave|p1b: Zamazenta\n|-status|p1b: Zamazenta|par\n|move|p1b: Zamazenta|Iron Defense|p1b: Zamazenta\n|-boost|p1b: Zamazenta|def|2\n|\n|upkeep\n|\n|t:|1739606071\n|switch|p2a: Okidogi|Okidogi, L50, M|100\/100\n|turn|3\n|\n|t:|1739606078\n|move|p1a: Chien-Pao|Icicle Crash|p2a: Okidogi\n|-damage|p2a: Okidogi|69\/100\n|move|p2a: Okidogi|Drain Punch|p1a: Chien-Pao\n|-supereffective|p1a: Chien-Pao\n|-enditem|p1a: Chien-Pao|Focus Sash\n|-damage|p1a: Chien-Pao|1\/100\n|-heal|p2a: Okidogi|100\/100|[from] drain|[of] p1a: Chien-Pao\n|move|p1b: Zamazenta|Body Press|p2a: Okidogi\n|-resisted|p2a: Okidogi\n|-damage|p2a: Okidogi|62\/100\n|move|p2b: Grimmsnarl|Spirit Break|p1a: Chien-Pao\n|-supereffective|p1a: Chien-Pao\n|-damage|p1a: Chien-Pao|0 fnt\n|faint|p1a: Chien-Pao\n|\n|upkeep\n|\n|t:|1739606084\n|switch|p1a: Rillaboom|Rillaboom, L50, F|100\/100\n|-fieldstart|move: Grassy Terrain|[from] ability: Grassy Surge|[of] p1a: Rillaboom\n|turn|4\n|\n|t:|1739606100\n|move|p1a: Rillaboom|Fake Out|p2a: Okidogi\n|-damage|p2a: Okidogi|54\/100\n|move|p2b: Grimmsnarl|Thunder Wave|p1a: Rillaboom\n|-status|p1a: Rillaboom|par\n|cant|p2a: Okidogi|flinch\n|move|p1b: Zamazenta|Iron Defense|p1b: Zamazenta\n|-boost|p1b: Zamazenta|def|2\n|\n|-heal|p2a: Okidogi|60\/100|[from] Grassy Terrain\n|upkeep\n|turn|5\n|\n|t:|1739606112\n|move|p2a: Okidogi|Gunk Shot|p1a: Rillaboom\n|-supereffective|p1a: Rillaboom\n|-damage|p1a: Rillaboom|0 fnt\n|faint|p1a: Rillaboom\n|cant|p1b: Zamazenta|par\n|move|p2b: Grimmsnarl|Spirit Break|p1b: Zamazenta\n|-damage|p1b: Zamazenta|95\/100 par\n|-unboost|p1b: Zamazenta|spa|1\n|\n|-heal|p2a: Okidogi|67\/100|[from] Grassy Terrain\n|-heal|p1b: Zamazenta|100\/100 par|[from] Grassy Terrain\n|upkeep\n|turn|6\n|-message|Spottedwoot forfeited.\n|\n|win|pentagonSG\n|raw|Spottedwoot's rating: 1577 &rarr; <strong>1559<\/strong><br \/>(-18 for losing)\n|raw|pentagonSG's rating: 1616 &rarr; <strong>1634<\/strong><br \/>(+18 for winning)\n|l|\u2606pentagonSG\n|player|p2|\n|l|\u2606Spottedwoot\n|player|p1|\n","uploadtime":1739606120,"views":108,"formatid":"gen9vgc2025regg","rating":1559,"private":0,"password":null}