{"id":"gen9vgc2025regg-2301085387","format":"[Gen 9] VGC 2025 Reg G","players":["zhz2021","doubledelight"],"log":"|j|\u2606zhz2021\n|j|\u2606doubledelight\n|t:|1739591521\n|gametype|doubles\n|player|p1|zhz2021|marley|1565\n|player|p2|doubledelight|169|1642\n|teamsize|p1|6\n|teamsize|p2|6\n|gen|9\n|tier|[Gen 9] VGC 2025 Reg G\n|rated|\n|rule|Species Clause: Limit one of each Pok\u00e9mon\n|rule|Item Clause: Limit 1 of each item\n|clearpoke\n|poke|p1|Smeargle, L50, F|\n|poke|p1|Urshifu-*, L50, M|\n|poke|p1|Bruxish, L50, F|\n|poke|p1|Calyrex-Ice, L50|\n|poke|p1|Tsareena, L50, F|\n|poke|p1|Tornadus, L50, M|\n|poke|p2|Urshifu-*, L50, F|\n|poke|p2|Flutter Mane, L50|\n|poke|p2|Terapagos, L50, M|\n|poke|p2|Landorus, L50, M|\n|poke|p2|Whimsicott, L50, M|\n|poke|p2|Incineroar, L50, M|\n|teampreview|4\n|inactive|Battle timer is ON: inactive players will automatically lose when time's up. (requested by zhz2021)\n|\n|t:|1739591558\n|start\n|switch|p1a: Smeargle|Smeargle, L50, F|100\/100\n|switch|p1b: Bruxish|Bruxish, L50, F|100\/100\n|switch|p2a: Urshifu|Urshifu-Rapid-Strike, L50, F|100\/100\n|switch|p2b: Whimsicott|Whimsicott, L50, M|100\/100\n|turn|1\n|\n|t:|1739591578\n|move|p2a: Urshifu|Protect|p2a: Urshifu\n|-singleturn|p2a: Urshifu|Protect\n|move|p1a: Smeargle|Fake Out|p2a: Urshifu\n|-activate|p2a: Urshifu|move: Protect\n|move|p2b: Whimsicott|Moonblast|p1b: Bruxish\n|-damage|p1b: Bruxish|66\/100\n|-unboost|p1b: Bruxish|spa|1\n|move|p1b: Bruxish|Trick Room|p1b: Bruxish\n|-fieldstart|move: Trick Room|[of] p1b: Bruxish\n|\n|-ability|p1a: Smeargle|Moody|boost\n|-boost|p1a: Smeargle|spa|2\n|-unboost|p1a: Smeargle|spd|1\n|-enditem|p1a: Smeargle|Eject Pack\n|upkeep\n|\n|t:|1739591584\n|switch|p1a: Calyrex|Calyrex-Ice, L50|100\/100\n|-ability|p1a: Calyrex|As One\n|-ability|p1a: Calyrex|Unnerve\n|turn|2\n|\n|t:|1739591599\n|-terastallize|p2a: Urshifu|Water\n|move|p1b: Bruxish|Psychic Fangs|p2a: Urshifu\n|-damage|p2a: Urshifu|57\/100\n|move|p1a: Calyrex|Glacial Lance|p2b: Whimsicott|[spread] p2a,p2b\n|-resisted|p2a: Urshifu\n|-supereffective|p2b: Whimsicott\n|-damage|p2a: Urshifu|26\/100\n|-enditem|p2b: Whimsicott|Focus Sash\n|-damage|p2b: Whimsicott|1\/100\n|move|p2b: Whimsicott|Moonblast|p1a: Calyrex\n|-damage|p1a: Calyrex|80\/100\n|move|p2a: Urshifu|Surging Strikes|p1a: Calyrex\n|-crit|p1a: Calyrex\n|-damage|p1a: Calyrex|54\/100\n|-crit|p1a: Calyrex\n|-damage|p1a: Calyrex|30\/100\n|-crit|p1a: Calyrex\n|-damage|p1a: Calyrex|6\/100\n|-hitcount|p1a: Calyrex|3\n|\n|upkeep\n|turn|3\n|inactive|doubledelight has 30 seconds left.\n|j| sbld\n|\n|t:|1739591631\n|move|p2a: Urshifu|Protect|p2a: Urshifu\n|-singleturn|p2a: Urshifu|Protect\n|move|p1b: Bruxish|Liquidation|p2a: Urshifu\n|-activate|p2a: Urshifu|move: Protect\n|move|p1a: Calyrex|Glacial Lance|p2b: Whimsicott|[spread] p2b\n|-activate|p2a: Urshifu|move: Protect\n|-supereffective|p2b: Whimsicott\n|-crit|p2b: Whimsicott\n|-damage|p2b: Whimsicott|0 fnt\n|faint|p2b: Whimsicott\n|-ability|p1a: Calyrex|Chilling Neigh|boost\n|-boost|p1a: Calyrex|atk|1\n|\n|upkeep\n|\n|t:|1739591638\n|switch|p2b: Terapagos|Terapagos, L50, M|100\/100\n|-activate|p2b: Terapagos|ability: Tera Shift\n|detailschange|p2b: Terapagos|Terapagos-Terastal, L50, M\n|-heal|p2b: Terapagos|100\/100|[silent]\n|turn|4\n|\n|t:|1739591644\n|switch|p2a: Flutter Mane|Flutter Mane, L50|100\/100\n|-enditem|p2a: Flutter Mane|Booster Energy\n|-activate|p2a: Flutter Mane|ability: Protosynthesis|[fromitem]\n|-start|p2a: Flutter Mane|protosynthesisspe\n|move|p1b: Bruxish|Super Fang|p2b: Terapagos\n|-damage|p2b: Terapagos|50\/100\n|move|p1a: Calyrex|Glacial Lance|p2b: Terapagos|[spread] p2a,p2b\n|-crit|p2a: Flutter Mane\n|-damage|p2a: Flutter Mane|0 fnt\n|-damage|p2b: Terapagos|0 fnt\n|faint|p2a: Flutter Mane\n|-end|p2a: Flutter Mane|Protosynthesis|[silent]\n|faint|p2b: Terapagos\n|-ability|p1a: Calyrex|Chilling Neigh|boost\n|-boost|p1a: Calyrex|atk|2\n|\n|upkeep\n|\n|t:|1739591655\n|switch|p2b: Urshifu|Urshifu-Rapid-Strike, L50, F, tera:Water|26\/100\n|turn|5\n|\n|t:|1739591661\n|move|p2b: Urshifu|Protect|p2b: Urshifu\n|-singleturn|p2b: Urshifu|Protect\n|move|p1b: Bruxish|Psychic Fangs|p2b: Urshifu\n|-activate|p2b: Urshifu|move: Protect\n|move|p1a: Calyrex|Glacial Lance|p2b: Urshifu\n|-activate|p2b: Urshifu|move: Protect\n|\n|-fieldend|move: Trick Room\n|upkeep\n|turn|6\n|\n|t:|1739591667\n|move|p2b: Urshifu|Surging Strikes|p1a: Calyrex\n|-crit|p1a: Calyrex\n|-damage|p1a: Calyrex|0 fnt\n|faint|p1a: Calyrex\n|-hitcount|p1: Calyrex|1\n|move|p1b: Bruxish|Psychic Fangs|p2b: Urshifu\n|-damage|p2b: Urshifu|0 fnt\n|faint|p2b: Urshifu\n|\n|win|zhz2021\n|raw|zhz2021's rating: 1565 &rarr; <strong>1589<\/strong><br \/>(+24 for winning)\n|raw|doubledelight's rating: 1642 &rarr; <strong>1618<\/strong><br \/>(-24 for losing)\n|l|\u2606doubledelight\n|player|p2|\n|l| sbld\n|l|\u2606zhz2021\n|player|p1|\n","uploadtime":1739591852,"views":5,"formatid":"gen9vgc2025regg","rating":1589,"private":0,"password":null}