{"id":"gen9vgc2025regg-2301623953","format":"[Gen 9] VGC 2025 Reg G","players":["gatoexplotando","Ggttmmhh"],"log":"|j|\u2606gatoexplotando\n|j|\u2606Ggttmmhh\n|t:|1739674719\n|gametype|doubles\n|player|p1|gatoexplotando|lady-gen4|1580\n|player|p2|Ggttmmhh|102|1571\n|teamsize|p1|6\n|teamsize|p2|6\n|gen|9\n|tier|[Gen 9] VGC 2025 Reg G\n|rated|\n|rule|Species Clause: Limit one of each Pok\u00e9mon\n|rule|Item Clause: Limit 1 of each item\n|clearpoke\n|poke|p1|Calyrex-Shadow, L50|\n|poke|p1|Chi-Yu, L50|\n|poke|p1|Tornadus, L50, M|\n|poke|p1|Mienshao, L50, M|\n|poke|p1|Rillaboom, L50, M|\n|poke|p1|Ogerpon-Cornerstone, L50, F|\n|poke|p2|Groudon, L50|\n|poke|p2|Ogerpon-Hearthflame, L50, F|\n|poke|p2|Raging Bolt, L50|\n|poke|p2|Jumpluff, L50, F|\n|poke|p2|Urshifu-*, L50, M|\n|poke|p2|Incineroar, L50, M|\n|teampreview|4\n|inactive|Battle timer is ON: inactive players will automatically lose when time's up. (requested by gatoexplotando)\n|inactive|Ggttmmhh has 60 seconds left.\n|\n|t:|1739674758\n|start\n|switch|p1a: Ogerpon|Ogerpon-Cornerstone, L50, F|100\/100\n|switch|p1b: Calyrex|Calyrex-Shadow, L50|100\/100\n|switch|p2a: Raging Bolt|Raging Bolt, L50|100\/100\n|switch|p2b: Incineroar|Incineroar, L50, M|100\/100\n|-ability|p1b: Calyrex|As One\n|-ability|p1b: Calyrex|Unnerve\n|-ability|p2b: Incineroar|Intimidate|boost\n|-unboost|p1a: Ogerpon|atk|1\n|-unboost|p1b: Calyrex|atk|1\n|turn|1\n|inactive|Ggttmmhh has 30 seconds left.\n|inactive|Ggttmmhh has 20 seconds left.\n|inactive|Ggttmmhh has 15 seconds left.\n|\n|t:|1739674798\n|move|p1b: Calyrex|Protect|p1b: Calyrex\n|-singleturn|p1b: Calyrex|Protect\n|move|p1a: Ogerpon|Spiky Shield|p1a: Ogerpon\n|-singleturn|p1a: Ogerpon|move: Protect\n|move|p2b: Incineroar|Fake Out|p1a: Ogerpon\n|-activate|p1a: Ogerpon|move: Protect\n|-damage|p2b: Incineroar|88\/100|[from] Spiky Shield|[of] p1a: Ogerpon\n|move|p2a: Raging Bolt|Thunderbolt|p1b: Calyrex\n|-activate|p1b: Calyrex|move: Protect\n|\n|upkeep\n|turn|2\n|\n|t:|1739674813\n|-terastallize|p1b: Calyrex|Normal\n|move|p1b: Calyrex|Astral Barrage|p2b: Incineroar|[spread] p2a,p2b\n|-resisted|p2b: Incineroar\n|-damage|p2a: Raging Bolt|60\/100\n|-damage|p2b: Incineroar|57\/100\n|-damage|p1b: Calyrex|91\/100|[from] item: Life Orb\n|move|p1a: Ogerpon|Ivy Cudgel|p2b: Incineroar|[anim] Ivy Cudgel Rock\n|-supereffective|p2b: Incineroar\n|-damage|p2b: Incineroar|0 fnt\n|faint|p2b: Incineroar\n|move|p2a: Raging Bolt|Electroweb|p1b: Calyrex|[spread] p1a,p1b\n|-resisted|p1a: Ogerpon\n|-damage|p1a: Ogerpon|87\/100\n|-damage|p1b: Calyrex|70\/100\n|-unboost|p1a: Ogerpon|spe|1\n|-unboost|p1b: Calyrex|spe|1\n|\n|upkeep\n|\n|t:|1739674834\n|switch|p2b: Urshifu|Urshifu, L50, M|100\/100\n|turn|3\n|inactive|Ggttmmhh has 30 seconds left.\n|\n|t:|1739674863\n|switch|p1b: Mienshao|Mienshao, L50, M|100\/100\n|move|p2b: Urshifu|Close Combat|p1a: Ogerpon\n|-supereffective|p1a: Ogerpon\n|-damage|p1a: Ogerpon|0 fnt\n|-unboost|p2b: Urshifu|def|1\n|-unboost|p2b: Urshifu|spd|1\n|faint|p1a: Ogerpon\n|move|p2a: Raging Bolt|Thunderbolt|p1b: Mienshao\n|-crit|p1b: Mienshao\n|-enditem|p1b: Mienshao|Focus Sash\n|-damage|p1b: Mienshao|1\/100\n|\n|upkeep\n|inactive|gatoexplotando has 30 seconds left.\n|\n|t:|1739674890\n|switch|p1a: Chi-Yu|Chi-Yu, L50|100\/100\n|-ability|p1a: Chi-Yu|Beads of Ruin\n|turn|4\n|j| futonkagebunshin\n|inactive|Ggttmmhh has 30 seconds left.\n|inactive|Ggttmmhh has 20 seconds left.\n|\n|t:|1739674928\n|move|p2b: Urshifu|Protect|p2b: Urshifu\n|-singleturn|p2b: Urshifu|Protect\n|move|p1b: Mienshao|Fake Out|p2b: Urshifu\n|-activate|p2b: Urshifu|move: Protect\n|move|p1a: Chi-Yu|Heat Wave|p2a: Raging Bolt|[spread] \n|-activate|p2b: Urshifu|move: Protect\n|-miss|p1a: Chi-Yu|p2a: Raging Bolt\n|move|p2a: Raging Bolt|Thunderbolt|p1a: Chi-Yu\n|-damage|p1a: Chi-Yu|50\/100\n|\n|upkeep\n|turn|5\n|\n|t:|1739674947\n|move|p1b: Mienshao|Feint|p2b: Urshifu\n|-damage|p2b: Urshifu|84\/100\n|move|p2a: Raging Bolt|Thunderclap||[still]\n|-fail|p2a: Raging Bolt\n|move|p1a: Chi-Yu|Heat Wave|p2b: Urshifu|[spread] p2a,p2b\n|-resisted|p2a: Raging Bolt\n|-damage|p2a: Raging Bolt|44\/100\n|-damage|p2b: Urshifu|0 fnt\n|faint|p2b: Urshifu\n|\n|upkeep\n|\n|t:|1739674951\n|switch|p2b: Groudon|Groudon, L50|100\/100\n|-weather|SunnyDay|[from] ability: Drought|[of] p2b: Groudon\n|-activate|p2a: Raging Bolt|ability: Protosynthesis\n|-start|p2a: Raging Bolt|protosynthesisspa\n|turn|6\n|\n|t:|1739674962\n|-terastallize|p2b: Groudon|Fire\n|move|p1b: Mienshao|Wide Guard|p1b: Mienshao\n|-singleturn|p1b: Mienshao|Wide Guard\n|move|p2a: Raging Bolt|Thunderclap||[still]\n|-fail|p2a: Raging Bolt\n|move|p1a: Chi-Yu|Overheat|p2b: Groudon\n|-resisted|p2b: Groudon\n|-damage|p2b: Groudon|33\/100\n|-unboost|p1a: Chi-Yu|spa|2\n|move|p2b: Groudon|Precipice Blades|p1a: Chi-Yu|[spread] \n|-activate|p1a: Chi-Yu|move: Wide Guard\n|-activate|p1b: Mienshao|move: Wide Guard\n|\n|-weather|SunnyDay|[upkeep]\n|upkeep\n|turn|7\n|\n|t:|1739674979\n|move|p1b: Mienshao|Wide Guard|p1b: Mienshao\n|-singleturn|p1b: Mienshao|Wide Guard\n|move|p2a: Raging Bolt|Thunderclap|p1a: Chi-Yu\n|-damage|p1a: Chi-Yu|3\/100\n|move|p1a: Chi-Yu|Snarl|p2b: Groudon|[spread] p2a,p2b\n|-damage|p2a: Raging Bolt|34\/100\n|-damage|p2b: Groudon|17\/100\n|-unboost|p2a: Raging Bolt|spa|1\n|move|p2b: Groudon|Heat Crash|p1b: Mienshao\n|-damage|p1b: Mienshao|0 fnt\n|faint|p1b: Mienshao\n|\n|-weather|SunnyDay|[upkeep]\n|upkeep\n|\n|t:|1739674985\n|switch|p1b: Calyrex|Calyrex-Shadow, L50, tera:Normal|70\/100\n|-ability|p1b: Calyrex|As One\n|-ability|p1b: Calyrex|Unnerve\n|turn|8\n|inactive|Ggttmmhh has 30 seconds left.\n|inactive|Ggttmmhh has 20 seconds left.\n|inactive|Ggttmmhh has 15 seconds left.\n|inactive|Ggttmmhh has 10 seconds left.\n|inactive|Ggttmmhh has 5 seconds left.\n|\n|t:|1739675040\n|move|p1b: Calyrex|Protect|p1b: Calyrex\n|-singleturn|p1b: Calyrex|Protect\n|move|p1a: Chi-Yu|Snarl|p2b: Groudon|[spread] p2a,p2b\n|-damage|p2a: Raging Bolt|25\/100\n|-damage|p2b: Groudon|0 fnt\n|-unboost|p2a: Raging Bolt|spa|1\n|faint|p2b: Groudon\n|move|p2a: Raging Bolt|Electroweb|p1a: Chi-Yu|[spread] p1a\n|-activate|p1b: Calyrex|move: Protect\n|-damage|p1a: Chi-Yu|0 fnt\n|faint|p1a: Chi-Yu\n|\n|-weather|SunnyDay|[upkeep]\n|upkeep\n|turn|9\n|inactive|Ggttmmhh has 30 seconds left.\n|inactive|Ggttmmhh has 20 seconds left.\n|inactive|Ggttmmhh has 15 seconds left.\n|inactive|Ggttmmhh has 10 seconds left.\n|\n|t:|1739675088\n|move|p2a: Raging Bolt|Thunderclap|p1b: Calyrex\n|-damage|p1b: Calyrex|49\/100\n|move|p1b: Calyrex|Astral Barrage|p2a: Raging Bolt\n|-damage|p2a: Raging Bolt|0 fnt\n|faint|p2a: Raging Bolt\n|-end|p2a: Raging Bolt|Protosynthesis|[silent]\n|-damage|p1b: Calyrex|39\/100|[from] item: Life Orb\n|\n|win|gatoexplotando\n|raw|gatoexplotando's rating: 1580 &rarr; <strong>1599<\/strong><br \/>(+19 for winning)\n|raw|Ggttmmhh's rating: 1571 &rarr; <strong>1552<\/strong><br \/>(-19 for losing)\n|l|\u2606gatoexplotando\n|player|p1|\n","uploadtime":1739675339,"views":5,"formatid":"gen9vgc2025regg","rating":1552,"private":0,"password":null}