{"id":"gen9vgc2025regg-2301065524","format":"[Gen 9] VGC 2025 Reg G","players":["SubToPenglin","onedaymob"],"log":"|j|\u2606SubToPenglin\n|j|\u2606onedaymob\n|t:|1739588457\n|gametype|doubles\n|player|p1|SubToPenglin|lady|1606\n|player|p2|onedaymob|169|1623\n|teamsize|p1|6\n|teamsize|p2|6\n|gen|9\n|tier|[Gen 9] VGC 2025 Reg G\n|rated|\n|rule|Species Clause: Limit one of each Pok\u00e9mon\n|rule|Item Clause: Limit 1 of each item\n|clearpoke\n|poke|p1|Comfey, L50, F|\n|poke|p1|Terapagos, L50, M|\n|poke|p1|Tornadus, L50, M|\n|poke|p1|Magmar, L50, F|\n|poke|p1|Landorus, L50, M|\n|poke|p1|Urshifu-*, L50, M|\n|poke|p2|Zamazenta-*, L50|\n|poke|p2|Ting-Lu, L50|\n|poke|p2|Tornadus, L50, M|\n|poke|p2|Urshifu-*, L50, M|\n|poke|p2|Iron Bundle, L50|\n|poke|p2|Rillaboom, L50, M|\n|teampreview|4\n|inactive|Battle timer is ON: inactive players will automatically lose when time's up. (requested by onedaymob)\n|inactive|SubToPenglin also wants the timer to be on.\n|j| Kaicyios\n|\n|t:|1739588482\n|start\n|switch|p1a: Tornadus|Tornadus, L50, M|100\/100\n|switch|p1b: Urshifu|Urshifu-Rapid-Strike, L50, M|100\/100\n|switch|p2a: Iron Bundle|Iron Bundle, L50|100\/100\n|switch|p2b: Urshifu|Urshifu-Rapid-Strike, L50, M|100\/100\n|turn|1\n|\n|t:|1739588502\n|move|p1a: Tornadus|Tailwind|p1a: Tornadus\n|-sidestart|p1: SubToPenglin|move: Tailwind\n|move|p1b: Urshifu|U-turn|p2a: Iron Bundle\n|-damage|p2a: Iron Bundle|70\/100\n|\n|t:|1739588523\n|switch|p1b: Terapagos|Terapagos, L50, M|100\/100|[from] U-turn\n|-activate|p1b: Terapagos|ability: Tera Shift\n|detailschange|p1b: Terapagos|Terapagos-Terastal, L50, M\n|-heal|p1b: Terapagos|100\/100|[silent]\n|move|p2a: Iron Bundle|Icy Wind|p1b: Terapagos|[spread] p1a,p1b\n|-supereffective|p1a: Tornadus\n|-activate|p1b: Terapagos|ability: Tera Shell\n|-resisted|p1b: Terapagos\n|-damage|p1a: Tornadus|45\/100\n|-damage|p1b: Terapagos|93\/100\n|move|p2b: Urshifu|Surging Strikes|p1a: Tornadus\n|-crit|p1a: Tornadus\n|-damage|p1a: Tornadus|17\/100\n|-crit|p1a: Tornadus\n|-damage|p1a: Tornadus|0 fnt\n|faint|p1a: Tornadus\n|-hitcount|p1: Tornadus|2\n|\n|upkeep\n|\n|t:|1739588530\n|switch|p1a: Landorus|Landorus, L50, M|100\/100\n|turn|2\n|j| Baseychoi\n|\n|t:|1739588551\n|-end|p2a: Iron Bundle|Quark Drive|[silent]\n|switch|p2a: Ting-Lu|Ting-Lu, L50|100\/100\n|-ability|p2a: Ting-Lu|Vessel of Ruin\n|-terastallize|p1b: Terapagos|Stellar\n|detailschange|p1b: Terapagos|Terapagos-Stellar, L50, M, tera:Stellar\n|-heal|p1b: Terapagos|95\/100|[silent]\n|move|p1a: Landorus|Earth Power|p2b: Urshifu\n|-damage|p2b: Urshifu|26\/100\n|move|p1b: Terapagos|Tera Starstorm|p2b: Urshifu|[spread] p2a,p2b\n|-damage|p2a: Ting-Lu|76\/100\n|-damage|p2b: Urshifu|0 fnt\n|faint|p2b: Urshifu\n|\n|upkeep\n|\n|t:|1739588567\n|switch|p2b: Zamazenta|Zamazenta-Crowned, L50|100\/100\n|-ability|p2b: Zamazenta|Dauntless Shield|boost\n|-boost|p2b: Zamazenta|def|1\n|turn|3\n|\n|t:|1739588586\n|-terastallize|p2b: Zamazenta|Dragon\n|move|p2b: Zamazenta|Wide Guard|p2b: Zamazenta\n|-singleturn|p2b: Zamazenta|Wide Guard\n|move|p1a: Landorus|Earth Power|p2b: Zamazenta\n|-damage|p2b: Zamazenta|57\/100\n|move|p1b: Terapagos|Tera Starstorm|p2b: Zamazenta|[spread] \n|-activate|p2a: Ting-Lu|move: Wide Guard\n|-activate|p2b: Zamazenta|move: Wide Guard\n|move|p2a: Ting-Lu|Throat Chop|p1a: Landorus\n|-damage|p1a: Landorus|30\/100\n|-start|p1a: Landorus|Throat Chop|[silent]\n|\n|upkeep\n|turn|4\n|\n|t:|1739588610\n|move|p1a: Landorus|Earth Power|p2b: Zamazenta\n|-damage|p2b: Zamazenta|14\/100\n|move|p1b: Terapagos|Earth Power|p2b: Zamazenta\n|-damage|p2b: Zamazenta|0 fnt\n|faint|p2b: Zamazenta\n|move|p2a: Ting-Lu|Throat Chop|p1a: Landorus\n|-damage|p1a: Landorus|0 fnt\n|faint|p1a: Landorus\n|\n|-sideend|p1: SubToPenglin|move: Tailwind\n|upkeep\n|\n|t:|1739588619\n|switch|p2b: Iron Bundle|Iron Bundle, L50|70\/100\n|switch|p1a: Urshifu|Urshifu-Rapid-Strike, L50, M|100\/100\n|turn|5\n|\n|t:|1739588629\n|move|p1a: Urshifu|Surging Strikes|p2a: Ting-Lu\n|-supereffective|p2a: Ting-Lu\n|-crit|p2a: Ting-Lu\n|-damage|p2a: Ting-Lu|47\/100\n|-supereffective|p2a: Ting-Lu\n|-crit|p2a: Ting-Lu\n|-damage|p2a: Ting-Lu|20\/100\n|-supereffective|p2a: Ting-Lu\n|-crit|p2a: Ting-Lu\n|-damage|p2a: Ting-Lu|0 fnt\n|faint|p2a: Ting-Lu\n|-hitcount|p2: Ting-Lu|3\n|move|p2b: Iron Bundle|Freeze-Dry|p1a: Urshifu\n|-supereffective|p1a: Urshifu\n|-crit|p1a: Urshifu\n|-damage|p1a: Urshifu|0 fnt\n|faint|p1a: Urshifu\n|move|p1b: Terapagos|Tera Starstorm|p2b: Iron Bundle\n|-damage|p2b: Iron Bundle|0 fnt\n|faint|p2b: Iron Bundle\n|-end|p2b: Iron Bundle|Quark Drive|[silent]\n|\n|win|SubToPenglin\n|raw|SubToPenglin's rating: 1605 &rarr; <strong>1626<\/strong><br \/>(+21 for winning)\n|raw|onedaymob's rating: 1623 &rarr; <strong>1602<\/strong><br \/>(-21 for losing)\n|l|\u2606onedaymob\n|player|p2|\n|l|\u2606SubToPenglin\n|player|p1|\n|l| Baseychoi\n","uploadtime":1739588812,"views":11,"formatid":"gen9vgc2025regg","rating":1602,"private":0,"password":null}