{"id":"gen9vgc2025regg-2301476973","format":"[Gen 9] VGC 2025 Reg G","players":["DimensionalFool","rastapopolous"],"log":"|j|\u203dDimensionalFool\n|j|\u2606rastapopolous\n|t:|1739655100\n|gametype|doubles\n|player|p1|DimensionalFool|101|1582\n|player|p2|rastapopolous|gentleman-gen4|1528\n|teamsize|p1|6\n|teamsize|p2|6\n|gen|9\n|tier|[Gen 9] VGC 2025 Reg G\n|rated|\n|rule|Species Clause: Limit one of each Pok\u00e9mon\n|rule|Item Clause: Limit 1 of each item\n|clearpoke\n|poke|p1|Grimmsnarl, L50, M|\n|poke|p1|Landorus, L50, M|\n|poke|p1|Calyrex-Ice, L50|\n|poke|p1|Pelipper, L50, F|\n|poke|p1|Urshifu-*, L50, M|\n|poke|p1|Rillaboom, L50, F|\n|poke|p2|Hitmontop, L50, M|\n|poke|p2|Smeargle, L50, F|\n|poke|p2|Urshifu-*, L50, F|\n|poke|p2|Kyogre, L50|\n|poke|p2|Entei, L50|\n|poke|p2|Whimsicott, L50, F|\n|teampreview|4\n|inactive|Battle timer is ON: inactive players will automatically lose when time's up. (requested by DimensionalFool)\n|\n|t:|1739655118\n|start\n|switch|p1a: Rillaboom|Rillaboom, L50, F|100\/100\n|switch|p1b: Urshifu|Urshifu-Rapid-Strike, L50, M|100\/100\n|switch|p2a: Smeargle|Smeargle, L50, F|100\/100\n|switch|p2b: Urshifu|Urshifu, L50, F|100\/100\n|-fieldstart|move: Grassy Terrain|[from] ability: Grassy Surge|[of] p1a: Rillaboom\n|turn|1\n|\n|t:|1739655139\n|-terastallize|p1b: Urshifu|Ghost\n|move|p2a: Smeargle|Fake Out|p1a: Rillaboom\n|-damage|p1a: Rillaboom|96\/100\n|-damage|p2a: Smeargle|84\/100|[from] item: Rocky Helmet|[of] p1a: Rillaboom\n|cant|p1a: Rillaboom|flinch\n|move|p1b: Urshifu|Surging Strikes|p2a: Smeargle\n|-crit|p2a: Smeargle\n|-damage|p2a: Smeargle|35\/100\n|-crit|p2a: Smeargle\n|-damage|p2a: Smeargle|0 fnt\n|faint|p2a: Smeargle\n|-hitcount|p2: Smeargle|2\n|move|p2b: Urshifu|Close Combat|p1b: Urshifu\n|-immune|p1b: Urshifu\n|\n|-heal|p1a: Rillaboom|100\/100|[from] Grassy Terrain\n|upkeep\n|\n|t:|1739655147\n|switch|p2a: Hitmontop|Hitmontop, L50, M, shiny|100\/100\n|-ability|p2a: Hitmontop|Intimidate|boost\n|-unboost|p1a: Rillaboom|atk|1\n|-unboost|p1b: Urshifu|atk|1\n|turn|2\n|\n|t:|1739655171\n|move|p2a: Hitmontop|Fake Out|p1a: Rillaboom\n|-damage|p1a: Rillaboom|87\/100\n|-damage|p2a: Hitmontop|84\/100|[from] item: Rocky Helmet|[of] p1a: Rillaboom\n|move|p1b: Urshifu|Surging Strikes|p2b: Urshifu\n|-crit|p2b: Urshifu\n|-damage|p2b: Urshifu|78\/100\n|-crit|p2b: Urshifu\n|-damage|p2b: Urshifu|54\/100\n|-crit|p2b: Urshifu\n|-damage|p2b: Urshifu|31\/100\n|-hitcount|p2b: Urshifu|3\n|move|p2b: Urshifu|Wicked Blow|p1b: Urshifu\n|-supereffective|p1b: Urshifu\n|-crit|p1b: Urshifu\n|-damage|p1b: Urshifu|0 fnt\n|faint|p1b: Urshifu\n|-damage|p2b: Urshifu|22\/100|[from] item: Life Orb\n|cant|p1a: Rillaboom|flinch\n|\n|-heal|p2b: Urshifu|27\/100|[from] Grassy Terrain\n|-heal|p1a: Rillaboom|93\/100|[from] Grassy Terrain\n|-heal|p2a: Hitmontop|90\/100|[from] Grassy Terrain\n|upkeep\n|\n|t:|1739655188\n|switch|p1b: Pelipper|Pelipper, L50, F|100\/100\n|-weather|RainDance|[from] ability: Drizzle|[of] p1b: Pelipper\n|turn|3\n|j| takuchyan\n|inactive|rastapopolous has 30 seconds left.\n|j| mr pogostick\n|\n|t:|1739655217\n|-terastallize|p2a: Hitmontop|Normal\n|move|p1a: Rillaboom|Grassy Glide|p2b: Urshifu\n|-damage|p2b: Urshifu|2\/100\n|move|p2b: Urshifu|Wicked Blow|p1a: Rillaboom\n|-crit|p1a: Rillaboom\n|-damage|p1a: Rillaboom|8\/100\n|-damage|p2b: Urshifu|0 fnt|[from] item: Rocky Helmet|[of] p1a: Rillaboom\n|faint|p2b: Urshifu\n|move|p1b: Pelipper|Hurricane|p2a: Hitmontop\n|-damage|p2a: Hitmontop|39\/100\n|move|p2a: Hitmontop|Close Combat|p1a: Rillaboom\n|-damage|p1a: Rillaboom|0 fnt\n|-unboost|p2a: Hitmontop|def|1\n|-unboost|p2a: Hitmontop|spd|1\n|-damage|p2a: Hitmontop|23\/100|[from] item: Rocky Helmet|[of] p1a: Rillaboom\n|faint|p1a: Rillaboom\n|\n|-weather|RainDance|[upkeep]\n|-heal|p2a: Hitmontop|29\/100|[from] Grassy Terrain\n|upkeep\n|\n|t:|1739655230\n|switch|p2b: Kyogre|Kyogre, L50|100\/100\n|switch|p1a: Calyrex|Calyrex-Ice, L50|100\/100\n|-ability|p1a: Calyrex|As One\n|-ability|p1a: Calyrex|Unnerve\n|turn|4\n|\n|t:|1739655240\n|move|p1b: Pelipper|Wide Guard|p1b: Pelipper\n|-singleturn|p1b: Pelipper|Wide Guard\n|move|p2a: Hitmontop|Feint|p1a: Calyrex\n|-activate|p1a: Calyrex|move: Feint\n|-damage|p1a: Calyrex|92\/100\n|move|p2b: Kyogre|Water Spout|p1a: Calyrex|[spread] p1a,p1b\n|-resisted|p1b: Pelipper\n|-damage|p1a: Calyrex|35\/100\n|-enditem|p1b: Pelipper|Focus Sash\n|-damage|p1b: Pelipper|1\/100\n|move|p1a: Calyrex|Seed Bomb|p2b: Kyogre\n|-supereffective|p2b: Kyogre\n|-damage|p2b: Kyogre|4\/100\n|\n|-weather|RainDance|[upkeep]\n|-heal|p2b: Kyogre|10\/100|[from] Grassy Terrain\n|-heal|p2a: Hitmontop|34\/100|[from] Grassy Terrain\n|-heal|p1a: Calyrex|41\/100|[from] Grassy Terrain\n|upkeep\n|turn|5\n|\n|t:|1739655262\n|move|p2b: Kyogre|Protect|p2b: Kyogre\n|-singleturn|p2b: Kyogre|Protect\n|move|p2a: Hitmontop|Feint|p1b: Pelipper\n|-damage|p1b: Pelipper|0 fnt\n|faint|p1b: Pelipper\n|move|p1a: Calyrex|Glacial Lance|p2a: Hitmontop|[spread] p2a\n|-activate|p2b: Kyogre|move: Protect\n|-damage|p2a: Hitmontop|0 fnt\n|faint|p2a: Hitmontop\n|-ability|p1a: Calyrex|Chilling Neigh|boost\n|-boost|p1a: Calyrex|atk|1\n|\n|-weather|RainDance|[upkeep]\n|-heal|p2b: Kyogre|16\/100|[from] Grassy Terrain\n|-heal|p1a: Calyrex|46\/100|[from] Grassy Terrain\n|-fieldend|move: Grassy Terrain\n|upkeep\n|turn|6\n|\n|t:|1739655271\n|move|p2b: Kyogre|Origin Pulse|p1a: Calyrex\n|-damage|p1a: Calyrex|0 fnt\n|faint|p1a: Calyrex\n|\n|win|rastapopolous\n|raw|DimensionalFool's rating: 1582 &rarr; <strong>1559<\/strong><br \/>(-23 for losing)\n|raw|rastapopolous's rating: 1528 &rarr; <strong>1551<\/strong><br \/>(+23 for winning)\n|l|\u203dDimensionalFool\n|player|p1|\n|l|\u2606rastapopolous\n|player|p2|\n|l| mr pogostick\n","uploadtime":1739655421,"views":5,"formatid":"gen9vgc2025regg","rating":1551,"private":0,"password":null}