{"id":"gen9vgc2025regg-2301187647","format":"[Gen 9] VGC 2025 Reg G","players":["hypertreeninja","foguo"],"log":"|j|\u2606hypertreeninja\n|j|\u2606foguo\n|t:|1739612796\n|gametype|doubles\n|player|p1|hypertreeninja|266|1501\n|player|p2|foguo|barry|1649\n|teamsize|p1|6\n|teamsize|p2|6\n|gen|9\n|tier|[Gen 9] VGC 2025 Reg G\n|rated|\n|rule|Species Clause: Limit one of each Pok\u00e9mon\n|rule|Item Clause: Limit 1 of each item\n|clearpoke\n|poke|p1|Kyogre, L50|\n|poke|p1|Grimmsnarl, L50, M|\n|poke|p1|Incineroar, L50, M|\n|poke|p1|Sinistcha-Masterpiece, L50|\n|poke|p1|Tornadus, L50, M|\n|poke|p1|Landorus, L50, M|\n|poke|p2|Calyrex-Ice, L50|\n|poke|p2|Raging Bolt, L50|\n|poke|p2|Ogerpon-Hearthflame, L50, F|\n|poke|p2|Urshifu-*, L50, M|\n|poke|p2|Flutter Mane, L50|\n|poke|p2|Landorus, L50, M|\n|teampreview|4\n|\n|t:|1739612836\n|start\n|switch|p1a: Incineroar|Incineroar, L50, M|100\/100\n|switch|p1b: Landorus|Landorus, L50, M|100\/100\n|switch|p2a: Calyrex|Calyrex-Ice, L50|100\/100\n|switch|p2b: Raging Bolt|Raging Bolt, L50|100\/100\n|-ability|p2a: Calyrex|As One\n|-ability|p2a: Calyrex|Unnerve\n|-ability|p1a: Incineroar|Intimidate|boost\n|-fail|p2a: Calyrex|unboost|[from] item: Clear Amulet|[of] p2a: Calyrex\n|-unboost|p2b: Raging Bolt|atk|1\n|turn|1\n|\n|t:|1739612879\n|-terastallize|p2a: Calyrex|Water\n|move|p1a: Incineroar|Fake Out|p2a: Calyrex\n|-damage|p2a: Calyrex|94\/100\n|move|p1b: Landorus|Sandsear Storm|p2b: Raging Bolt|[spread] p2b\n|-miss|p1b: Landorus|p2a: Calyrex\n|-supereffective|p2b: Raging Bolt\n|-damage|p2b: Raging Bolt|35\/100\n|move|p2b: Raging Bolt|Thunderbolt|p1a: Incineroar\n|-damage|p1a: Incineroar|56\/100\n|cant|p2a: Calyrex|flinch\n|\n|upkeep\n|turn|2\n|\n|t:|1739612912\n|-terastallize|p1b: Landorus|Poison\n|move|p1b: Landorus|Earth Power|p2b: Raging Bolt\n|-supereffective|p2b: Raging Bolt\n|-damage|p2b: Raging Bolt|0 fnt\n|faint|p2b: Raging Bolt\n|-end|p2b: Raging Bolt|Protosynthesis|[silent]\n|move|p1a: Incineroar|Will-O-Wisp|p2a: Calyrex|[miss]\n|-miss|p1a: Incineroar|p2a: Calyrex\n|move|p2a: Calyrex|Trick Room|p2a: Calyrex\n|-fieldstart|move: Trick Room|[of] p2a: Calyrex\n|\n|upkeep\n|\n|t:|1739612923\n|switch|p2b: Urshifu|Urshifu-Rapid-Strike, L50, M|100\/100\n|turn|3\n|\n|t:|1739612947\n|switch|p1b: Sinistcha|Sinistcha-Masterpiece, L50|100\/100\n|-heal|p1a: Incineroar|81\/100|[from] ability: Hospitality|[of] p1b: Sinistcha\n|move|p2a: Calyrex|Glacial Lance|p1b: Sinistcha|[spread] p1a,p1b\n|-resisted|p1a: Incineroar\n|-supereffective|p1b: Sinistcha\n|-damage|p1a: Incineroar|58\/100\n|-damage|p1b: Sinistcha|0 fnt\n|faint|p1b: Sinistcha\n|-ability|p2a: Calyrex|Chilling Neigh|boost\n|-boost|p2a: Calyrex|atk|1\n|move|p1a: Incineroar|Will-O-Wisp|p2a: Calyrex\n|-status|p2a: Calyrex|brn\n|move|p2b: Urshifu|Surging Strikes|p1a: Incineroar\n|-supereffective|p1a: Incineroar\n|-crit|p1a: Incineroar\n|-damage|p1a: Incineroar|21\/100\n|-supereffective|p1a: Incineroar\n|-crit|p1a: Incineroar\n|-damage|p1a: Incineroar|0 fnt\n|faint|p1a: Incineroar\n|-hitcount|p1: Incineroar|2\n|\n|-damage|p2a: Calyrex|88\/100 brn|[from] brn\n|upkeep\n|\n|t:|1739612961\n|switch|p1b: Landorus|Landorus, L50, M, tera:Poison|100\/100\n|switch|p1a: Kyogre|Kyogre, L50|100\/100\n|-weather|RainDance|[from] ability: Drizzle|[of] p1a: Kyogre\n|turn|4\n|\n|t:|1739612983\n|move|p2a: Calyrex|Glacial Lance|p1a: Kyogre|[spread] p1a,p1b\n|-resisted|p1a: Kyogre\n|-damage|p1a: Kyogre|82\/100\n|-damage|p1b: Landorus|48\/100\n|move|p1a: Kyogre|Thunder|p2b: Urshifu\n|-supereffective|p2b: Urshifu\n|-damage|p2b: Urshifu|0 fnt\n|faint|p2b: Urshifu\n|move|p1b: Landorus|Sandsear Storm|p2a: Calyrex\n|-damage|p2a: Calyrex|40\/100 brn\n|\n|-weather|RainDance|[upkeep]\n|-heal|p1a: Kyogre|87\/100|[from] item: Leftovers\n|-damage|p2a: Calyrex|34\/100 brn|[from] brn\n|upkeep\n|\n|t:|1739612998\n|switch|p2b: Flutter Mane|Flutter Mane, L50|100\/100\n|-enditem|p2b: Flutter Mane|Booster Energy\n|-activate|p2b: Flutter Mane|ability: Protosynthesis|[fromitem]\n|-start|p2b: Flutter Mane|protosynthesisspe\n|turn|5\n|\n|t:|1739613009\n|move|p1b: Landorus|Protect|p1b: Landorus\n|-singleturn|p1b: Landorus|Protect\n|move|p2a: Calyrex|Glacial Lance|p1b: Landorus|[spread] p1a\n|-activate|p1b: Landorus|move: Protect\n|-resisted|p1a: Kyogre\n|-damage|p1a: Kyogre|70\/100\n|move|p1a: Kyogre|Thunder|p2a: Calyrex\n|-supereffective|p2a: Calyrex\n|-damage|p2a: Calyrex|0 fnt\n|faint|p2a: Calyrex\n|move|p2b: Flutter Mane|Moonblast|p1a: Kyogre\n|-damage|p1a: Kyogre|42\/100\n|\n|-weather|RainDance|[upkeep]\n|-heal|p1a: Kyogre|47\/100|[from] item: Leftovers\n|upkeep\n|turn|6\n|\n|t:|1739613030\n|move|p2b: Flutter Mane|Protect|p2b: Flutter Mane\n|-singleturn|p2b: Flutter Mane|Protect\n|move|p1a: Kyogre|Thunder|p2b: Flutter Mane\n|-activate|p2b: Flutter Mane|move: Protect\n|move|p1b: Landorus|Sandsear Storm|p2b: Flutter Mane\n|-activate|p2b: Flutter Mane|move: Protect\n|\n|-weather|RainDance|[upkeep]\n|-heal|p1a: Kyogre|53\/100|[from] item: Leftovers\n|-fieldend|move: Trick Room\n|upkeep\n|turn|7\n|\n|t:|1739613050\n|move|p2b: Flutter Mane|Moonblast|p1a: Kyogre\n|-damage|p1a: Kyogre|24\/100\n|move|p1b: Landorus|Sandsear Storm|p2b: Flutter Mane\n|-damage|p2b: Flutter Mane|27\/100\n|move|p1a: Kyogre|Thunder|p2b: Flutter Mane\n|-damage|p2b: Flutter Mane|0 fnt\n|faint|p2b: Flutter Mane\n|-end|p2b: Flutter Mane|Protosynthesis|[silent]\n|\n|win|hypertreeninja\n|raw|hypertreeninja's rating: 1501 &rarr; <strong>1529<\/strong><br \/>(+28 for winning)\n|raw|foguo's rating: 1649 &rarr; <strong>1621<\/strong><br \/>(-28 for losing)\n|l|\u2606hypertreeninja\n|player|p1|\n","uploadtime":1739613324,"views":9,"formatid":"gen9vgc2025regg","rating":1529,"private":0,"password":null}