{"id":"gen9vgc2025regg-2301810340","format":"[Gen 9] VGC 2025 Reg G","players":["cobalt_poke","Spottedwoot"],"log":"|j|\u2606cobalt_poke\n|j|\u2606Spottedwoot\n|t:|1739710192\n|gametype|doubles\n|player|p1|cobalt_poke|102|1655\n|player|p2|Spottedwoot|170|1558\n|teamsize|p1|6\n|teamsize|p2|6\n|gen|9\n|tier|[Gen 9] VGC 2025 Reg G\n|rated|\n|rule|Species Clause: Limit one of each Pok\u00e9mon\n|rule|Item Clause: Limit 1 of each item\n|clearpoke\n|poke|p1|Weezing-Galar, L50, F|\n|poke|p1|Calyrex-Shadow, L50|\n|poke|p1|Dondozo, L50, F|\n|poke|p1|Tatsugiri, L50, M|\n|poke|p1|Incineroar, L50, M|\n|poke|p1|Roaring Moon, L50|\n|poke|p2|Zamazenta-*, L50|\n|poke|p2|Chien-Pao, L50|\n|poke|p2|Entei, L50|\n|poke|p2|Raging Bolt, L50|\n|poke|p2|Rillaboom, L50, F|\n|poke|p2|Farigiraf, L50, M|\n|teampreview|4\n|\n|t:|1739710205\n|start\n|switch|p1a: Weezing|Weezing-Galar, L50, F|100\/100\n|switch|p1b: Calyrex|Calyrex-Shadow, L50|100\/100\n|switch|p2a: Zamazenta|Zamazenta-Crowned, L50|100\/100\n|switch|p2b: Chien-Pao|Chien-Pao, L50|100\/100\n|-ability|p1a: Weezing|Neutralizing Gas\n|-ability|p1b: Calyrex|As One\n|-ability|p1b: Calyrex|Unnerve\n|turn|1\n|inactive|Battle timer is ON: inactive players will automatically lose when time's up. (requested by cobalt_poke)\n|\n|t:|1739710211\n|move|p2b: Chien-Pao|Sucker Punch|p1b: Calyrex\n|-supereffective|p1b: Calyrex\n|-damage|p1b: Calyrex|0 fnt\n|faint|p1b: Calyrex\n|move|p2a: Zamazenta|Heavy Slam|p1a: Weezing\n|-supereffective|p1a: Weezing\n|-damage|p1a: Weezing|6\/100\n|-enditem|p1a: Weezing|Sitrus Berry|[eat]\n|-heal|p1a: Weezing|31\/100|[from] item: Sitrus Berry\n|move|p1a: Weezing|Toxic Spikes|p2a: Zamazenta\n|-sidestart|p2: Spottedwoot|move: Toxic Spikes\n|\n|upkeep\n|\n|t:|1739710215\n|switch|p1b: Dondozo|Dondozo, L50, F|100\/100\n|turn|2\n|\n|t:|1739710222\n|switch|p2a: Raging Bolt|Raging Bolt, L50|100\/100\n|-status|p2a: Raging Bolt|psn\n|-end|p1a: Weezing|ability: Neutralizing Gas\n|-ability|p2b: Chien-Pao|Sword of Ruin\n|switch|p1a: Tatsugiri|Tatsugiri, L50, M|100\/100\n|-enditem|p2a: Raging Bolt|Booster Energy\n|-activate|p2a: Raging Bolt|ability: Protosynthesis|[fromitem]\n|-start|p2a: Raging Bolt|protosynthesisspa\n|-activate|p1a: Tatsugiri|ability: Commander|[of] p1b: Dondozo\n|-boost|p1b: Dondozo|atk|2\n|-boost|p1b: Dondozo|spa|2\n|-boost|p1b: Dondozo|spe|2\n|-boost|p1b: Dondozo|def|2\n|-boost|p1b: Dondozo|spd|2\n|move|p2b: Chien-Pao|Protect|p2b: Chien-Pao\n|-singleturn|p2b: Chien-Pao|Protect\n|move|p1b: Dondozo|Substitute|p1b: Dondozo\n|-start|p1b: Dondozo|Substitute\n|-damage|p1b: Dondozo|76\/100\n|\n|-heal|p1b: Dondozo|82\/100|[from] item: Leftovers\n|-damage|p2a: Raging Bolt|88\/100 psn|[from] psn\n|upkeep\n|turn|3\n|\n|t:|1739710240\n|move|p1b: Dondozo|Protect|p1b: Dondozo\n|-singleturn|p1b: Dondozo|Protect\n|move|p2a: Raging Bolt|Thunderclap||[still]\n|-fail|p2a: Raging Bolt\n|move|p2b: Chien-Pao|Sacred Sword|p1b: Dondozo\n|-activate|p1b: Dondozo|move: Protect\n|\n|-heal|p1b: Dondozo|88\/100|[from] item: Leftovers\n|-damage|p2a: Raging Bolt|76\/100 psn|[from] psn\n|upkeep\n|turn|4\n|\n|t:|1739710247\n|move|p2a: Raging Bolt|Thunderclap|p1b: Dondozo\n|-supereffective|p1b: Dondozo\n|-end|p1b: Dondozo|Substitute\n|move|p2b: Chien-Pao|Sacred Sword|p1b: Dondozo\n|-damage|p1b: Dondozo|64\/100\n|move|p1b: Dondozo|Earthquake|p2a: Raging Bolt|[spread] p2a,p2b\n|-miss|p1b: Dondozo|p1a: Tatsugiri\n|-supereffective|p2a: Raging Bolt\n|-damage|p2a: Raging Bolt|0 fnt\n|-damage|p2b: Chien-Pao|42\/100\n|faint|p2a: Raging Bolt\n|-end|p2a: Raging Bolt|Protosynthesis|[silent]\n|\n|-heal|p1b: Dondozo|70\/100|[from] item: Leftovers\n|upkeep\n|\n|t:|1739710250\n|switch|p2a: Zamazenta|Zamazenta-Crowned, L50|100\/100\n|-ability|p2a: Zamazenta|Dauntless Shield|boost\n|-boost|p2a: Zamazenta|def|1\n|turn|5\n|\n|t:|1739710258\n|-terastallize|p2b: Chien-Pao|Stellar\n|move|p1b: Dondozo|Protect|p1b: Dondozo\n|-singleturn|p1b: Dondozo|Protect\n|move|p2b: Chien-Pao|Sacred Sword|p1b: Dondozo\n|-activate|p1b: Dondozo|move: Protect\n|move|p2a: Zamazenta|Body Press|p1b: Dondozo\n|-activate|p1b: Dondozo|move: Protect\n|\n|-heal|p1b: Dondozo|76\/100|[from] item: Leftovers\n|upkeep\n|turn|6\n|\n|t:|1739710267\n|move|p2b: Chien-Pao|Sacred Sword|p1b: Dondozo\n|-damage|p1b: Dondozo|46\/100\n|move|p2a: Zamazenta|Body Press|p1b: Dondozo\n|-damage|p1b: Dondozo|27\/100\n|move|p1b: Dondozo|Earthquake|p2a: Zamazenta|[spread] p2a,p2b\n|-miss|p1b: Dondozo|p1a: Tatsugiri\n|-supereffective|p2a: Zamazenta\n|-damage|p2a: Zamazenta|30\/100\n|-damage|p2b: Chien-Pao|0 fnt\n|faint|p2b: Chien-Pao\n|\n|-heal|p1b: Dondozo|33\/100|[from] item: Leftovers\n|upkeep\n|\n|t:|1739710276\n|switch|p2b: Entei|Entei, L50|100\/100\n|-status|p2b: Entei|psn\n|turn|7\n|\n|t:|1739710281\n|move|p1b: Dondozo|Protect|p1b: Dondozo\n|-singleturn|p1b: Dondozo|Protect\n|move|p2b: Entei|Extreme Speed|p1b: Dondozo\n|-activate|p1b: Dondozo|move: Protect\n|move|p2a: Zamazenta|Body Press|p1b: Dondozo\n|-activate|p1b: Dondozo|move: Protect\n|\n|-heal|p1b: Dondozo|39\/100|[from] item: Leftovers\n|-damage|p2b: Entei|88\/100 psn|[from] psn\n|upkeep\n|turn|8\n|\n|t:|1739710295\n|move|p2b: Entei|Extreme Speed|p1b: Dondozo\n|-damage|p1b: Dondozo|25\/100\n|move|p2a: Zamazenta|Body Press|p1b: Dondozo\n|-damage|p1b: Dondozo|10\/100\n|move|p1b: Dondozo|Earthquake|p2a: Zamazenta|[spread] p2a,p2b\n|-miss|p1b: Dondozo|p1a: Tatsugiri\n|-supereffective|p2a: Zamazenta\n|-supereffective|p2b: Entei\n|-damage|p2a: Zamazenta|0 fnt\n|-damage|p2b: Entei|0 fnt\n|faint|p2a: Zamazenta\n|faint|p2b: Entei\n|\n|win|cobalt_poke\n|raw|cobalt_poke's rating: 1655 &rarr; <strong>1670<\/strong><br \/>(+15 for winning)\n|raw|Spottedwoot's rating: 1558 &rarr; <strong>1543<\/strong><br \/>(-15 for losing)\n","uploadtime":1739710298,"views":63,"formatid":"gen9vgc2025regg","rating":1543,"private":0,"password":null}