{"id":"gen9vgc2025regg-2301779312","format":"[Gen 9] VGC 2025 Reg G","players":["pig duck eater","Luca8"],"log":"|j|\u2606pig duck eater\n|j|\u2606Luca8\n|t:|1739704103\n|gametype|doubles\n|player|p1|pig duck eater|101|1676\n|player|p2|Luca8|flint|1581\n|teamsize|p1|6\n|teamsize|p2|6\n|gen|9\n|tier|[Gen 9] VGC 2025 Reg G\n|rated|\n|rule|Species Clause: Limit one of each Pok\u00e9mon\n|rule|Item Clause: Limit 1 of each item\n|clearpoke\n|poke|p1|Koraidon, L50|\n|poke|p1|Iron Crown, L50|\n|poke|p1|Indeedee-F, L50, F|\n|poke|p1|Wo-Chien, L50|\n|poke|p1|Garganacl, L50, F|\n|poke|p1|Walking Wake, L50|\n|poke|p2|Calyrex-Shadow, L50|\n|poke|p2|Indeedee, L50, M|\n|poke|p2|Dragonite, L50, F|\n|poke|p2|Raikou, L50|\n|poke|p2|Chi-Yu, L50|\n|poke|p2|Sylveon, L50, F|\n|teampreview|4\n|\n|t:|1739704134\n|start\n|switch|p1a: Koraidon|Koraidon, L50|100\/100\n|switch|p1b: Indeedee|Indeedee-F, L50, F|100\/100\n|switch|p2a: Sylveon|Sylveon, L50, F|100\/100\n|switch|p2b: Dragonite|Dragonite, L50, F|100\/100\n|-weather|SunnyDay|[from] ability: Orichalcum Pulse|[of] p1a: Koraidon\n|-activate|p1a: Koraidon|Orichalcum Pulse|[source]\n|-fieldstart|move: Psychic Terrain|[from] ability: Psychic Surge|[of] p1b: Indeedee\n|-enditem|p1b: Indeedee|Psychic Seed\n|-boost|p1b: Indeedee|spd|1|[from] item: Psychic Seed\n|turn|1\n|\n|t:|1739704161\n|-terastallize|p1a: Koraidon|Fire\n|-terastallize|p2a: Sylveon|Fire\n|move|p1a: Koraidon|Flare Blitz|p2a: Sylveon\n|-resisted|p2a: Sylveon\n|-damage|p2a: Sylveon|32\/100\n|-damage|p1a: Koraidon|75\/100|[from] Recoil\n|move|p2b: Dragonite|Dragon Claw|p1a: Koraidon\n|-damage|p1a: Koraidon|30\/100\n|move|p2a: Sylveon|Hyper Voice|p1a: Koraidon|[spread] p1a,p1b\n|-resisted|p1a: Koraidon\n|-damage|p1a: Koraidon|6\/100\n|-damage|p1b: Indeedee|71\/100\n|-damage|p2a: Sylveon|22\/100|[from] item: Life Orb\n|move|p1b: Indeedee|Baton Pass|p1b: Indeedee\n|\n|t:|1739704179\n|switch|p1b: Garganacl|Garganacl, L50, F|100\/100|[from] Baton Pass\n|\n|-weather|SunnyDay|[upkeep]\n|upkeep\n|turn|2\n|\n|t:|1739704210\n|switch|p1a: Indeedee|Indeedee-F, L50, F|71\/100\n|move|p2b: Dragonite|Dragon Claw|p1a: Indeedee\n|-damage|p1a: Indeedee|24\/100\n|move|p2a: Sylveon|Hyper Voice|p1a: Indeedee|[spread] p1a,p1b\n|-damage|p1a: Indeedee|0 fnt\n|-damage|p1b: Garganacl|76\/100\n|faint|p1a: Indeedee\n|-damage|p2a: Sylveon|12\/100|[from] item: Life Orb\n|move|p1b: Garganacl|Salt Cure|p2a: Sylveon\n|-supereffective|p2a: Sylveon\n|-damage|p2a: Sylveon|0 fnt\n|faint|p2a: Sylveon\n|\n|-weather|SunnyDay|[upkeep]\n|upkeep\n|\n|t:|1739704254\n|switch|p2a: Calyrex|Calyrex-Shadow, L50|100\/100\n|switch|p1a: Walking Wake|Walking Wake, L50|100\/100\n|-ability|p2a: Calyrex|As One\n|-ability|p2a: Calyrex|Unnerve\n|-activate|p1a: Walking Wake|ability: Protosynthesis\n|-start|p1a: Walking Wake|protosynthesisspa\n|turn|3\n|\n|t:|1739704268\n|move|p2a: Calyrex|Protect|p2a: Calyrex\n|-singleturn|p2a: Calyrex|Protect\n|move|p1a: Walking Wake|Draco Meteor|p2b: Dragonite\n|-supereffective|p2b: Dragonite\n|-damage|p2b: Dragonite|22\/100\n|-unboost|p1a: Walking Wake|spa|2\n|move|p2b: Dragonite|Dragon Claw|p1a: Walking Wake\n|-supereffective|p1a: Walking Wake\n|-damage|p1a: Walking Wake|19\/100\n|move|p1b: Garganacl|Salt Cure|p2b: Dragonite\n|-supereffective|p2b: Dragonite\n|-damage|p2b: Dragonite|0 fnt\n|faint|p2b: Dragonite\n|\n|-weather|SunnyDay|[upkeep]\n|upkeep\n|\n|t:|1739704285\n|switch|p2b: Indeedee|Indeedee, L50, M|100\/100\n|turn|4\n|\n|t:|1739704296\n|move|p1b: Garganacl|Wide Guard|p1b: Garganacl\n|-singleturn|p1b: Garganacl|Wide Guard\n|move|p2a: Calyrex|Pollen Puff|p1a: Walking Wake\n|-damage|p1a: Walking Wake|0 fnt\n|faint|p1a: Walking Wake\n|-end|p1a: Walking Wake|Protosynthesis|[silent]\n|-ability|p2a: Calyrex|Grim Neigh|boost\n|-boost|p2a: Calyrex|spa|1\n|move|p2b: Indeedee|Expanding Force|p1b: Garganacl\n|-activate|p1b: Garganacl|move: Wide Guard\n|\n|-weather|SunnyDay|[upkeep]\n|upkeep\n|\n|t:|1739704301\n|switch|p1a: Koraidon|Koraidon, L50, tera:Fire|6\/100\n|-activate|p1a: Koraidon|ability: Orichalcum Pulse\n|turn|5\n|\n|t:|1739704318\n|move|p1a: Koraidon|Flare Blitz|p2a: Calyrex\n|-enditem|p2a: Calyrex|Focus Sash\n|-damage|p2a: Calyrex|1\/100\n|-damage|p1a: Koraidon|0 fnt|[from] Recoil\n|faint|p1a: Koraidon\n|move|p2a: Calyrex|Pollen Puff|p1b: Garganacl\n|-damage|p1b: Garganacl|45\/100\n|move|p2b: Indeedee|Expanding Force|p1b: Garganacl\n|-damage|p1b: Garganacl|0 fnt\n|faint|p1b: Garganacl\n|\n|win|Luca8\n|raw|pig duck eater's rating: 1676 &rarr; <strong>1651<\/strong><br \/>(-25 for losing)\n|raw|Luca8's rating: 1581 &rarr; <strong>1606<\/strong><br \/>(+25 for winning)\n|l|\u2606pig duck eater\n|player|p1|\n|l|\u2606Luca8\n|player|p2|\n","uploadtime":1739704523,"views":8,"formatid":"gen9vgc2025regg","rating":1606,"private":0,"password":null}