{"id":"gen9vgc2025regg-2301516387","format":"[Gen 9] VGC 2025 Reg G","players":["Spottedwoot","pig duck eater"],"log":"|j|\u2606Spottedwoot\n|j|\u2606pig duck eater\n|t:|1739660032\n|gametype|doubles\n|player|p1|Spottedwoot|170|1571\n|player|p2|pig duck eater|169|1562\n|teamsize|p1|6\n|teamsize|p2|6\n|gen|9\n|tier|[Gen 9] VGC 2025 Reg G\n|rated|\n|rule|Species Clause: Limit one of each Pok\u00e9mon\n|rule|Item Clause: Limit 1 of each item\n|clearpoke\n|poke|p1|Zamazenta-*, L50|\n|poke|p1|Chien-Pao, L50|\n|poke|p1|Entei, L50|\n|poke|p1|Raging Bolt, L50|\n|poke|p1|Rillaboom, L50, M|\n|poke|p1|Farigiraf, L50, M|\n|poke|p2|Urshifu-*, L50, M|\n|poke|p2|Calyrex-Shadow, L50|\n|poke|p2|Indeedee-F, L50, F|\n|poke|p2|Wo-Chien, L50|\n|poke|p2|Annihilape, L50, M|\n|poke|p2|Flutter Mane, L50|\n|teampreview|4\n|\n|t:|1739660097\n|start\n|switch|p1a: Zamazenta|Zamazenta-Crowned, L50|100\/100\n|switch|p1b: Raging Bolt|Raging Bolt, L50|100\/100\n|switch|p2a: Urshifu|Urshifu-Rapid-Strike, L50, M|100\/100\n|switch|p2b: Indeedee|Indeedee-F, L50, F|100\/100\n|-ability|p1a: Zamazenta|Dauntless Shield|boost\n|-boost|p1a: Zamazenta|def|1\n|-fieldstart|move: Psychic Terrain|[from] ability: Psychic Surge|[of] p2b: Indeedee\n|-enditem|p2b: Indeedee|Psychic Seed\n|-boost|p2b: Indeedee|spd|1|[from] item: Psychic Seed\n|-enditem|p1b: Raging Bolt|Booster Energy\n|-activate|p1b: Raging Bolt|ability: Protosynthesis|[fromitem]\n|-start|p1b: Raging Bolt|protosynthesisspa\n|turn|1\n|\n|t:|1739660123\n|move|p2a: Urshifu|Coaching|p2b: Indeedee\n|-boost|p2b: Indeedee|atk|1\n|-boost|p2b: Indeedee|def|1\n|move|p1a: Zamazenta|Body Press|p2b: Indeedee\n|-damage|p2b: Indeedee|62\/100\n|move|p1b: Raging Bolt|Thunderbolt|p2a: Urshifu\n|-supereffective|p2a: Urshifu\n|-damage|p2a: Urshifu|0 fnt\n|faint|p2a: Urshifu\n|move|p2b: Indeedee|Baton Pass|p2b: Indeedee\n|\n|t:|1739660132\n|switch|p2b: Annihilape|Annihilape, L50, M|100\/100|[from] Baton Pass\n|\n|upkeep\n|\n|t:|1739660134\n|switch|p2a: Calyrex|Calyrex-Shadow, L50|100\/100\n|-ability|p2a: Calyrex|As One\n|-ability|p2a: Calyrex|Unnerve\n|turn|2\n|\n|t:|1739660146\n|-terastallize|p1b: Raging Bolt|Electric\n|move|p2a: Calyrex|Protect|p2a: Calyrex\n|-singleturn|p2a: Calyrex|Protect\n|move|p1a: Zamazenta|Wide Guard|p1a: Zamazenta\n|-singleturn|p1a: Zamazenta|Wide Guard\n|move|p2b: Annihilape|Bulk Up|p2b: Annihilape\n|-boost|p2b: Annihilape|atk|1\n|-boost|p2b: Annihilape|def|1\n|move|p1b: Raging Bolt|Thunderbolt|p2a: Calyrex\n|-activate|p2a: Calyrex|move: Protect\n|\n|upkeep\n|turn|3\n|\n|t:|1739660164\n|-terastallize|p2a: Calyrex|Stellar\n|move|p2a: Calyrex|Tera Blast|p1b: Raging Bolt|[anim] Tera Blast Stellar\n|-supereffective|p1b: Raging Bolt\n|-damage|p1b: Raging Bolt|9\/100\n|-unboost|p2a: Calyrex|atk|1\n|-unboost|p2a: Calyrex|spa|1\n|move|p1a: Zamazenta|Heavy Slam|p2a: Calyrex\n|-damage|p2a: Calyrex|44\/100\n|move|p2b: Annihilape|Drain Punch|p1b: Raging Bolt\n|-damage|p1b: Raging Bolt|0 fnt\n|faint|p1b: Raging Bolt\n|-end|p1b: Raging Bolt|Protosynthesis|[silent]\n|\n|upkeep\n|\n|t:|1739660182\n|switch|p1b: Entei|Entei, L50|100\/100\n|turn|4\n|\n|t:|1739660195\n|switch|p2a: Indeedee|Indeedee-F, L50, F|62\/100\n|move|p1a: Zamazenta|Iron Defense|p1a: Zamazenta\n|-boost|p1a: Zamazenta|def|2\n|move|p1b: Entei|Sacred Fire|p2a: Indeedee\n|-damage|p2a: Indeedee|0 fnt\n|faint|p2a: Indeedee\n|move|p2b: Annihilape|Rage Fist|p1b: Entei\n|-damage|p1b: Entei|51\/100\n|\n|upkeep\n|\n|t:|1739660205\n|switch|p2a: Calyrex|Calyrex-Shadow, L50, tera:Stellar|44\/100\n|-ability|p2a: Calyrex|As One\n|-ability|p2a: Calyrex|Unnerve\n|turn|5\n|\n|t:|1739660218\n|move|p2a: Calyrex|Expanding Force|p1a: Zamazenta|[spread] p1a,p1b\n|-damage|p1a: Zamazenta|24\/100\n|-damage|p1b: Entei|0 fnt\n|faint|p1b: Entei\n|-ability|p2a: Calyrex|Grim Neigh|boost\n|-boost|p2a: Calyrex|spa|1\n|move|p1a: Zamazenta|Heavy Slam|p2a: Calyrex\n|-damage|p2a: Calyrex|0 fnt\n|faint|p2a: Calyrex\n|move|p2b: Annihilape|Drain Punch|p1a: Zamazenta\n|-supereffective|p1a: Zamazenta\n|-damage|p1a: Zamazenta|0 fnt\n|faint|p1a: Zamazenta\n|\n|-fieldend|move: Psychic Terrain\n|upkeep\n|\n|t:|1739660221\n|switch|p1b: Chien-Pao|Chien-Pao, L50|100\/100\n|-ability|p1b: Chien-Pao|Sword of Ruin\n|turn|6\n|\n|t:|1739660226\n|move|p1b: Chien-Pao|Icicle Crash|p2b: Annihilape\n|-damage|p2b: Annihilape|77\/100\n|move|p2b: Annihilape|Drain Punch|p1b: Chien-Pao\n|-supereffective|p1b: Chien-Pao\n|-enditem|p1b: Chien-Pao|Focus Sash\n|-damage|p1b: Chien-Pao|1\/100\n|-heal|p2b: Annihilape|100\/100|[from] drain|[of] p1b: Chien-Pao\n|\n|upkeep\n|turn|7\n|-message|Spottedwoot forfeited.\n|\n|win|pig duck eater\n|raw|Spottedwoot's rating: 1571 &rarr; <strong>1550<\/strong><br \/>(-21 for losing)\n|raw|pig duck eater's rating: 1562 &rarr; <strong>1583<\/strong><br \/>(+21 for winning)\n|l|\u2606Spottedwoot\n|player|p1|\n|j|\u2606Spottedwoot\n|player|p1|Spottedwoot|170|\n|l|\u2606pig duck eater\n|player|p2|\n|l|\u2606Spottedwoot\n|player|p1|\n","uploadtime":1739660234,"views":65,"formatid":"gen9vgc2025regg","rating":1550,"private":0,"password":null}