{"id":"gen9vgc2025regg-2301006081","format":"[Gen 9] VGC 2025 Reg G","players":["Katiconyt","seung2742"],"log":"|j|\u2606Katiconyt\n|j|\u2606seung2742\n|t:|1739579553\n|gametype|doubles\n|player|p1|Katiconyt|colress|1537\n|player|p2|seung2742|169|1641\n|teamsize|p1|6\n|teamsize|p2|6\n|gen|9\n|tier|[Gen 9] VGC 2025 Reg G\n|rated|\n|rule|Species Clause: Limit one of each Pok\u00e9mon\n|rule|Item Clause: Limit 1 of each item\n|clearpoke\n|poke|p1|Calyrex-Ice, L50|\n|poke|p1|Zapdos-Galar, L50|\n|poke|p1|Rillaboom, L50, M|\n|poke|p1|Ogerpon-Wellspring, L50, F|\n|poke|p1|Incineroar, L50, M|\n|poke|p1|Chien-Pao, L50|\n|poke|p2|Calyrex-Shadow, L50|\n|poke|p2|Whimsicott, L50, F|\n|poke|p2|Raging Bolt, L50|\n|poke|p2|Chi-Yu, L50|\n|poke|p2|Rillaboom, L50, M|\n|poke|p2|Urshifu-*, L50, M|\n|teampreview|4\n|inactive|Battle timer is ON: inactive players will automatically lose when time's up. (requested by seung2742)\n|inactive|Katiconyt also wants the timer to be on.\nKaticonyt has agreed to open team sheets.\n|inactive|Katiconyt has 60 seconds left.\n|\n|t:|1739579598\n|start\n|switch|p1a: Zapdos|Zapdos-Galar, L50|100\/100\n|switch|p1b: Incineroar|Incineroar, L50, M|100\/100\n|switch|p2a: Whimsicott|Whimsicott, L50, F|100\/100\n|switch|p2b: Chi-Yu|Chi-Yu, L50|100\/100\n|-ability|p2b: Chi-Yu|Beads of Ruin\n|-ability|p1b: Incineroar|Intimidate|boost\n|-unboost|p2a: Whimsicott|atk|1\n|-unboost|p2b: Chi-Yu|atk|1\n|turn|1\n|inactive|Katiconyt has 30 seconds left.\n|inactive|Katiconyt has 20 seconds left.\n|inactive|Katiconyt has 15 seconds left.\n|\n|t:|1739579640\n|switch|p2b: Calyrex|Calyrex-Shadow, L50|100\/100\n|-ability|p2b: Calyrex|As One\n|-ability|p2b: Calyrex|Unnerve\n|move|p1a: Zapdos|Close Combat|p2b: Calyrex\n|-immune|p2b: Calyrex\n|move|p2a: Whimsicott|Moonblast|p1a: Zapdos\n|-supereffective|p1a: Zapdos\n|-damage|p1a: Zapdos|39\/100\n|move|p1b: Incineroar|Flare Blitz|p2a: Whimsicott\n|-supereffective|p2a: Whimsicott\n|-damage|p2a: Whimsicott|0 fnt\n|faint|p2a: Whimsicott\n|-damage|p1b: Incineroar|73\/100|[from] Recoil\n|\n|upkeep\n|\n|t:|1739579652\n|switch|p2a: Urshifu|Urshifu-Rapid-Strike, L50, M|100\/100\n|turn|2\n|inactive|Katiconyt has 30 seconds left.\n|inactive|Katiconyt has 20 seconds left.\n|inactive|Katiconyt has 15 seconds left.\n|inactive|Katiconyt has 10 seconds left.\n|inactive|Katiconyt has 5 seconds left.\n|\n|t:|1739579703\n|switch|p1a: Chien-Pao|Chien-Pao, L50|100\/100\n|-ability|p1a: Chien-Pao|Sword of Ruin\n|move|p2a: Urshifu|Close Combat|p1b: Incineroar\n|-supereffective|p1b: Incineroar\n|-damage|p1b: Incineroar|0 fnt\n|-unboost|p2a: Urshifu|def|1\n|-unboost|p2a: Urshifu|spd|1\n|-damage|p2a: Urshifu|84\/100|[from] item: Rocky Helmet|[of] p1b: Incineroar\n|faint|p1b: Incineroar\n|move|p2b: Calyrex|Astral Barrage|p1a: Chien-Pao\n|-resisted|p1a: Chien-Pao\n|-damage|p1a: Chien-Pao|42\/100\n|\n|upkeep\n|\n|t:|1739579719\n|switch|p1b: Calyrex|Calyrex-Ice, L50|100\/100\n|-ability|p1b: Calyrex|As One\n|-ability|p1b: Calyrex|Unnerve\n|turn|3\n|\n|t:|1739579735\n|-terastallize|p1b: Calyrex|Water\n|move|p1a: Chien-Pao|Protect|p1a: Chien-Pao\n|-singleturn|p1a: Chien-Pao|Protect\n|move|p2a: Urshifu|Close Combat|p1b: Calyrex\n|-damage|p1b: Calyrex|48\/100\n|-unboost|p2a: Urshifu|def|1\n|-unboost|p2a: Urshifu|spd|1\n|move|p2b: Calyrex|Astral Barrage|p1b: Calyrex|[spread] p1b\n|-activate|p1a: Chien-Pao|move: Protect\n|-damage|p1b: Calyrex|15\/100\n|move|p1b: Calyrex|Glacial Lance|p2b: Calyrex|[spread] p2a,p2b\n|-resisted|p2a: Urshifu\n|-damage|p2a: Urshifu|16\/100\n|-damage|p2b: Calyrex|20\/100\n|\n|upkeep\n|turn|4\n|\n|t:|1739579757\n|move|p2b: Calyrex|Protect|p2b: Calyrex\n|-singleturn|p2b: Calyrex|Protect\n|move|p1b: Calyrex|Protect|p1b: Calyrex\n|-singleturn|p1b: Calyrex|Protect\n|move|p1a: Chien-Pao|Sucker Punch|p2a: Urshifu\n|-resisted|p2a: Urshifu\n|-damage|p2a: Urshifu|0 fnt\n|faint|p2a: Urshifu\n|\n|upkeep\n|\n|t:|1739579759\n|switch|p2a: Chi-Yu|Chi-Yu, L50|100\/100\n|-ability|p2a: Chi-Yu|Beads of Ruin\n|turn|5\n|\n|t:|1739579783\n|-terastallize|p2a: Chi-Yu|Fire\n|move|p1a: Chien-Pao|Protect|p1a: Chien-Pao\n|-singleturn|p1a: Chien-Pao|Protect\n|move|p1b: Calyrex|Protect||[still]\n|-fail|p1b: Calyrex\n|move|p2b: Calyrex|Nasty Plot|p2b: Calyrex\n|-boost|p2b: Calyrex|spa|2\n|move|p2a: Chi-Yu|Heat Wave|p1a: Chien-Pao|[spread] p1b\n|-activate|p1a: Chien-Pao|move: Protect\n|-resisted|p1b: Calyrex\n|-damage|p1b: Calyrex|0 fnt\n|faint|p1b: Calyrex\n|\n|upkeep\n|\n|t:|1739579793\n|switch|p1b: Zapdos|Zapdos-Galar, L50|39\/100\n|turn|6\n|\n|t:|1739579812\n|move|p2b: Calyrex|Protect|p2b: Calyrex\n|-singleturn|p2b: Calyrex|Protect\n|move|p1a: Chien-Pao|Sucker Punch||[still]\n|-fail|p1a: Chien-Pao\n|move|p1b: Zapdos|Close Combat|p2a: Chi-Yu\n|-damage|p2a: Chi-Yu|0 fnt\n|-unboost|p1b: Zapdos|def|1\n|-unboost|p1b: Zapdos|spd|1\n|faint|p2a: Chi-Yu\n|\n|upkeep\n|turn|7\n|j| Keo4\n|-message|seung2742 forfeited.\n|\n|win|Katiconyt\n|raw|Katiconyt's rating: 1537 &rarr; <strong>1563<\/strong><br \/>(+26 for winning)\n|raw|seung2742's rating: 1641 &rarr; <strong>1615<\/strong><br \/>(-26 for losing)\n|l|\u2606seung2742\n|player|p2|\n|l|\u2606Katiconyt\n|player|p1|\n|l| Keo4\n","uploadtime":1739580048,"views":5,"formatid":"gen9vgc2025regg","rating":1563,"private":0,"password":null}