{"id":"gen9vgc2025regg-2301368243","format":"[Gen 9] VGC 2025 Reg G","players":["Llemand","Angelo Neres"],"log":"|j|\u2606Llemand\n|j|\u2606Angelo Neres\n|t:|1739641669\n|gametype|doubles\n|player|p1|Llemand|caitlin|1579\n|player|p2|Angelo Neres|170|1593\n|teamsize|p1|6\n|teamsize|p2|6\n|gen|9\n|tier|[Gen 9] VGC 2025 Reg G\n|rated|\n|rule|Species Clause: Limit one of each Pok\u00e9mon\n|rule|Item Clause: Limit 1 of each item\n|clearpoke\n|poke|p1|Incineroar, L50, M|\n|poke|p1|Rillaboom, L50, F|\n|poke|p1|Calyrex-Ice, L50|\n|poke|p1|Urshifu-*, L50, M|\n|poke|p1|Pelipper, L50, F|\n|poke|p1|Landorus, L50, M|\n|poke|p2|Groudon, L50|\n|poke|p2|Moltres-Galar, L50|\n|poke|p2|Scream Tail, L50|\n|poke|p2|Grimmsnarl, L50, M|\n|poke|p2|Cobalion, L50|\n|poke|p2|Amoonguss, L50, M|\n|teampreview|4\n|inactive|Battle timer is ON: inactive players will automatically lose when time's up. (requested by Angelo Neres)\n|inactive|Angelo Neres has 60 seconds left.\n|\n|t:|1739641704\n|start\n|switch|p1a: Rillaboom|Rillaboom, L50, F, shiny|100\/100\n|switch|p1b: Calyrex|Calyrex-Ice, L50|100\/100\n|switch|p2a: Amoonguss|Amoonguss, L50, M, shiny|100\/100\n|switch|p2b: Scream Tail|Scream Tail, L50, shiny|100\/100\n|-ability|p1b: Calyrex|As One\n|-ability|p1b: Calyrex|Unnerve\n|-fieldstart|move: Grassy Terrain|[from] ability: Grassy Surge|[of] p1a: Rillaboom\n|turn|1\n|inactive|Llemand has 30 seconds left.\n|inactive|Angelo Neres has 30 seconds left.\n|\n|t:|1739641742\n|switch|p2a: Cobalion|Cobalion, L50, shiny|100\/100\n|move|p1a: Rillaboom|Fake Out|p2a: Cobalion\n|-resisted|p2a: Cobalion\n|-damage|p2a: Cobalion|96\/100\n|move|p2b: Scream Tail|Ice Beam|p1a: Rillaboom\n|-supereffective|p1a: Rillaboom\n|-damage|p1a: Rillaboom|79\/100\n|move|p1b: Calyrex|Glacial Lance|p2a: Cobalion|[spread] p2a,p2b\n|-resisted|p2a: Cobalion\n|-damage|p2a: Cobalion|80\/100\n|-damage|p2b: Scream Tail|60\/100\n|\n|-heal|p2b: Scream Tail|67\/100|[from] Grassy Terrain\n|-heal|p2a: Cobalion|86\/100|[from] Grassy Terrain\n|-heal|p1a: Rillaboom|85\/100|[from] Grassy Terrain\n|upkeep\n|turn|2\n|\n|t:|1739641761\n|-terastallize|p1b: Calyrex|Water\n|move|p2b: Scream Tail|Disable|p1b: Calyrex\n|-start|p1b: Calyrex|Disable|Glacial Lance\n|move|p2a: Cobalion|Iron Defense|p2a: Cobalion\n|-boost|p2a: Cobalion|def|2\n|move|p1a: Rillaboom|Wood Hammer|p2b: Scream Tail\n|-damage|p2b: Scream Tail|9\/100\n|-damage|p1a: Rillaboom|65\/100|[from] Recoil\n|move|p1b: Calyrex|High Horsepower|p2a: Cobalion\n|-supereffective|p2a: Cobalion\n|-damage|p2a: Cobalion|60\/100\n|\n|-heal|p2b: Scream Tail|15\/100|[from] Grassy Terrain\n|-heal|p2a: Cobalion|67\/100|[from] Grassy Terrain\n|-heal|p1a: Rillaboom|71\/100|[from] Grassy Terrain\n|upkeep\n|turn|3\n|inactive|Llemand has 30 seconds left.\n|inactive|Llemand has 20 seconds left.\n|inactive|Llemand has 15 seconds left.\n|inactive|Llemand has 10 seconds left.\n|inactive|Llemand has 5 seconds left.\n|\n|t:|1739641816\n|-end|p2b: Scream Tail|Protosynthesis|[silent]\n|switch|p2b: Amoonguss|Amoonguss, L50, M, shiny|100\/100\n|move|p1b: Calyrex|Protect|p1b: Calyrex\n|-singleturn|p1b: Calyrex|Protect\n|move|p2a: Cobalion|Iron Defense|p2a: Cobalion\n|-boost|p2a: Cobalion|def|2\n|move|p1a: Rillaboom|Wood Hammer|p2b: Amoonguss\n|-resisted|p2b: Amoonguss\n|-damage|p2b: Amoonguss|85\/100\n|-damage|p1a: Rillaboom|55\/100|[from] item: Rocky Helmet|[of] p2b: Amoonguss\n|-damage|p1a: Rillaboom|49\/100|[from] Recoil\n|\n|-heal|p2a: Cobalion|73\/100|[from] Grassy Terrain\n|-heal|p1a: Rillaboom|55\/100|[from] Grassy Terrain\n|-heal|p2b: Amoonguss|91\/100|[from] Grassy Terrain\n|upkeep\n|turn|4\n|\n|t:|1739641840\n|switch|p1b: Pelipper|Pelipper, L50, F, shiny|100\/100\n|-weather|RainDance|[from] ability: Drizzle|[of] p1b: Pelipper\n|move|p2a: Cobalion|Iron Defense|p2a: Cobalion\n|-boost|p2a: Cobalion|def|2\n|move|p1a: Rillaboom|U-turn|p2b: Amoonguss\n|-damage|p2b: Amoonguss|71\/100\n|-damage|p1a: Rillaboom|38\/100|[from] item: Rocky Helmet|[of] p2b: Amoonguss\n|\n|t:|1739641849\n|switch|p1a: Incineroar|Incineroar, L50, M, shiny|100\/100|[from] U-turn\n|-ability|p1a: Incineroar|Intimidate|boost\n|-unboost|p2a: Cobalion|atk|1\n|-unboost|p2b: Amoonguss|atk|1\n|move|p2b: Amoonguss|Spore|p1b: Pelipper\n|-status|p1b: Pelipper|slp|[from] move: Spore\n|\n|-weather|RainDance|[upkeep]\n|-heal|p2a: Cobalion|79\/100|[from] Grassy Terrain\n|-heal|p2b: Amoonguss|77\/100|[from] Grassy Terrain\n|upkeep\n|turn|5\n|\n|t:|1739641861\n|move|p1a: Incineroar|Fake Out|p2a: Cobalion\n|-resisted|p2a: Cobalion\n|-damage|p2a: Cobalion|78\/100\n|cant|p2a: Cobalion|flinch\n|cant|p1b: Pelipper|slp\n|move|p2b: Amoonguss|Pollen Puff|p1b: Pelipper\n|-resisted|p1b: Pelipper\n|-damage|p1b: Pelipper|84\/100 slp\n|\n|-weather|RainDance|[upkeep]\n|-heal|p2a: Cobalion|84\/100|[from] Grassy Terrain\n|-heal|p2b: Amoonguss|82\/100|[from] Grassy Terrain\n|-fieldend|move: Grassy Terrain\n|upkeep\n|turn|6\n|inactive|Llemand has 30 seconds left.\n|inactive|Llemand has 20 seconds left.\n|inactive|Llemand has 15 seconds left.\n|\n|t:|1739641905\n|-terastallize|p2b: Amoonguss|Water\n|move|p2b: Amoonguss|Rage Powder|p2b: Amoonguss\n|-singleturn|p2b: Amoonguss|move: Rage Powder\n|move|p2a: Cobalion|Body Press|p1a: Incineroar\n|-supereffective|p1a: Incineroar\n|-damage|p1a: Incineroar|0 fnt\n|faint|p1a: Incineroar\n|cant|p1b: Pelipper|slp\n|\n|-weather|RainDance|[upkeep]\n|upkeep\n|\n|t:|1739641913\n|switch|p1a: Calyrex|Calyrex-Ice, L50, tera:Water|100\/100\n|-ability|p1a: Calyrex|As One\n|-ability|p1a: Calyrex|Unnerve\n|turn|7\n|\n|t:|1739641918\n|move|p2a: Cobalion|Body Press|p1b: Pelipper\n|-resisted|p1b: Pelipper\n|-crit|p1b: Pelipper\n|-damage|p1b: Pelipper|0 fnt\n|faint|p1b: Pelipper\n|move|p1a: Calyrex|Seed Bomb|p2b: Amoonguss\n|-supereffective|p2b: Amoonguss\n|-damage|p2b: Amoonguss|25\/100\n|move|p2b: Amoonguss|Spore|p1a: Calyrex\n|-status|p1a: Calyrex|slp|[from] move: Spore\n|\n|-weather|RainDance|[upkeep]\n|upkeep\n|-message|Llemand forfeited.\n|\n|win|Angelo Neres\n|raw|Llemand's rating: 1579 &rarr; <strong>1560<\/strong><br \/>(-19 for losing)\n|raw|Angelo Neres's rating: 1593 &rarr; <strong>1612<\/strong><br \/>(+19 for winning)\n|l|\u2606Llemand\n|player|p1|\n|l|\u2606Angelo Neres\n|player|p2|\n","uploadtime":1739642079,"views":5,"formatid":"gen9vgc2025regg","rating":1560,"private":0,"password":null}