{"id":"gen9vgc2025regg-2301207808","format":"[Gen 9] VGC 2025 Reg G","players":["Gyaradostyranitar","sturbyy"],"log":"|j|\u2606Gyaradostyranitar\n|j|\u2606sturbyy\n|t:|1739617172\n|gametype|doubles\n|player|p1|Gyaradostyranitar|adaman|1533\n|player|p2|sturbyy|101|1652\n|teamsize|p1|6\n|teamsize|p2|6\n|gen|9\n|tier|[Gen 9] VGC 2025 Reg G\n|rated|\n|rule|Species Clause: Limit one of each Pok\u00e9mon\n|rule|Item Clause: Limit 1 of each item\n|clearpoke\n|poke|p1|Koraidon, L50|\n|poke|p1|Flutter Mane, L50|\n|poke|p1|Raging Bolt, L50|\n|poke|p1|Chi-Yu, L50|\n|poke|p1|Ditto, L50|\n|poke|p1|Tornadus, L50, M|\n|poke|p2|Calyrex-Ice, L50|\n|poke|p2|Incineroar, L50, M|\n|poke|p2|Urshifu-*, L50, M|\n|poke|p2|Raging Bolt, L50|\n|poke|p2|Landorus, L50, M|\n|poke|p2|Pelipper, L50, F|\n|teampreview|4\n|inactive|Battle timer is ON: inactive players will automatically lose when time's up. (requested by Gyaradostyranitar)\n|\n|t:|1739617192\n|start\n|switch|p1a: Chi-Yu|Chi-Yu, L50|100\/100\n|switch|p1b: Flutter Mane|Flutter Mane, L50|100\/100\n|switch|p2a: Calyrex|Calyrex-Ice, L50|100\/100\n|switch|p2b: Incineroar|Incineroar, L50, M, shiny|100\/100\n|-ability|p2a: Calyrex|As One\n|-ability|p2a: Calyrex|Unnerve\n|-ability|p1a: Chi-Yu|Beads of Ruin\n|-ability|p2b: Incineroar|Intimidate|boost\n|-unboost|p1a: Chi-Yu|atk|1\n|-unboost|p1b: Flutter Mane|atk|1\n|-enditem|p1b: Flutter Mane|Booster Energy\n|-activate|p1b: Flutter Mane|ability: Protosynthesis|[fromitem]\n|-start|p1b: Flutter Mane|protosynthesisspe\n|turn|1\n|\n|t:|1739617209\n|move|p2a: Calyrex|Protect|p2a: Calyrex\n|-singleturn|p2a: Calyrex|Protect\n|move|p1b: Flutter Mane|Moonblast|p2b: Incineroar\n|-damage|p2b: Incineroar|50\/100\n|move|p1a: Chi-Yu|Dark Pulse|p2b: Incineroar\n|-resisted|p2b: Incineroar\n|-damage|p2b: Incineroar|14\/100\n|move|p2b: Incineroar|Parting Shot|p1a: Chi-Yu\n|-unboost|p1a: Chi-Yu|atk|1\n|-unboost|p1a: Chi-Yu|spa|1\n|\n|t:|1739617221\n|switch|p2b: Urshifu|Urshifu-Rapid-Strike, L50, M|100\/100|[from] Parting Shot\n|\n|upkeep\n|turn|2\n|\n|t:|1739617231\n|-terastallize|p2a: Calyrex|Water\n|move|p2b: Urshifu|Protect|p2b: Urshifu\n|-singleturn|p2b: Urshifu|Protect\n|move|p1b: Flutter Mane|Icy Wind|p2a: Calyrex|[spread] p2a\n|-activate|p2b: Urshifu|move: Protect\n|-resisted|p2a: Calyrex\n|-damage|p2a: Calyrex|95\/100\n|move|p1a: Chi-Yu|Dark Pulse|p2a: Calyrex\n|-damage|p2a: Calyrex|58\/100\n|cant|p2a: Calyrex|flinch\n|\n|upkeep\n|turn|3\n|inactive|Gyaradostyranitar has 30 seconds left.\n|inactive|Gyaradostyranitar has 20 seconds left.\n|\n|t:|1739617268\n|move|p1b: Flutter Mane|Moonblast|p2b: Urshifu\n|-supereffective|p2b: Urshifu\n|-enditem|p2b: Urshifu|Focus Sash\n|-damage|p2b: Urshifu|1\/100\n|move|p1a: Chi-Yu|Dark Pulse|p2b: Urshifu\n|-resisted|p2b: Urshifu\n|-damage|p2b: Urshifu|0 fnt\n|faint|p2b: Urshifu\n|move|p2a: Calyrex|Trick Room|p2a: Calyrex\n|-fieldstart|move: Trick Room|[of] p2a: Calyrex\n|\n|upkeep\n|\n|t:|1739617276\n|switch|p2b: Incineroar|Incineroar, L50, M, shiny|14\/100\n|-ability|p2b: Incineroar|Intimidate|boost\n|-unboost|p1a: Chi-Yu|atk|1\n|-unboost|p1b: Flutter Mane|atk|1\n|turn|4\n|\n|t:|1739617285\n|move|p2a: Calyrex|Glacial Lance|p1b: Flutter Mane|[spread] p1a,p1b\n|-resisted|p1a: Chi-Yu\n|-damage|p1a: Chi-Yu|62\/100\n|-damage|p1b: Flutter Mane|15\/100\n|move|p2b: Incineroar|Knock Off|p1b: Flutter Mane\n|-damage|p1b: Flutter Mane|0 fnt\n|faint|p1b: Flutter Mane\n|-end|p1b: Flutter Mane|Protosynthesis|[silent]\n|move|p1a: Chi-Yu|Dark Pulse|p2a: Calyrex\n|-damage|p2a: Calyrex|20\/100\n|\n|upkeep\n|\n|t:|1739617291\n|switch|p1b: Ditto|Ditto, L50|100\/100\n|-transform|p1b: Ditto|p2a: Calyrex|[from] ability: Imposter\n|-ability|p1b: Ditto|As One\n|-ability|p1b: Ditto|Unnerve\n|-enditem|p1b: Ditto|Room Service\n|-unboost|p1b: Ditto|spe|1|[from] item: Room Service\n|-start|p1b: Ditto|typechange|Psychic\/Ice|[silent]\n|turn|5\n|\n|t:|1739617297\n|move|p1b: Ditto|Glacial Lance|p2b: Incineroar|[spread] p2a,p2b\n|-resisted|p2a: Calyrex\n|-resisted|p2b: Incineroar\n|-damage|p2a: Calyrex|1\/100\n|-damage|p2b: Incineroar|0 fnt\n|faint|p2b: Incineroar\n|-ability|p1b: Ditto|Chilling Neigh|boost\n|-boost|p1b: Ditto|atk|1\n|move|p2a: Calyrex|High Horsepower|p1a: Chi-Yu\n|-supereffective|p1a: Chi-Yu\n|-damage|p1a: Chi-Yu|0 fnt\n|faint|p1a: Chi-Yu\n|-ability|p2a: Calyrex|Chilling Neigh|boost\n|-boost|p2a: Calyrex|atk|1\n|\n|upkeep\n|\n|t:|1739617304\n|switch|p2b: Pelipper|Pelipper, L50, F|100\/100\n|switch|p1a: Koraidon|Koraidon, L50|100\/100\n|-weather|RainDance|[from] ability: Drizzle|[of] p2b: Pelipper\n|-weather|SunnyDay|[from] ability: Orichalcum Pulse|[of] p1a: Koraidon\n|-activate|p1a: Koraidon|Orichalcum Pulse|[source]\n|turn|6\n|\n|t:|1739617322\n|-terastallize|p1a: Koraidon|Fire\n|move|p2b: Pelipper|Wide Guard|p2b: Pelipper\n|-singleturn|p2b: Pelipper|Wide Guard\n|move|p1b: Ditto|High Horsepower|p2a: Calyrex\n|-damage|p2a: Calyrex|0 fnt\n|faint|p2a: Calyrex\n|-ability|p1b: Ditto|Chilling Neigh|boost\n|-boost|p1b: Ditto|atk|1\n|move|p1a: Koraidon|Flare Blitz|p2b: Pelipper\n|-resisted|p2b: Pelipper\n|-damage|p2b: Pelipper|45\/100\n|-damage|p1a: Koraidon|84\/100|[from] item: Rocky Helmet|[of] p2b: Pelipper\n|-damage|p1a: Koraidon|69\/100|[from] Recoil\n|\n|-weather|SunnyDay|[upkeep]\n|upkeep\n|turn|7\n|-message|sturbyy forfeited.\n|\n|win|Gyaradostyranitar\n|raw|Gyaradostyranitar's rating: 1533 &rarr; <strong>1560<\/strong><br \/>(+27 for winning)\n|raw|sturbyy's rating: 1652 &rarr; <strong>1625<\/strong><br \/>(-27 for losing)\n|l|\u2606sturbyy\n|player|p2|\n","uploadtime":1739617493,"views":7,"formatid":"gen9vgc2025regg","rating":1560,"private":0,"password":null}