{"id":"gen9vgc2025regg-2301404199","format":"[Gen 9] VGC 2025 Reg G","players":["Saltwater7","ggttmmhh"],"log":"|j|\u2606Saltwater7\n|j|\u2606ggttmmhh\n|t:|1739646169\n|gametype|doubles\n|player|p1|Saltwater7|102|1538\n|player|p2|ggttmmhh|170|1571\n|teamsize|p1|6\n|teamsize|p2|6\n|gen|9\n|tier|[Gen 9] VGC 2025 Reg G\n|rated|\n|rule|Species Clause: Limit one of each Pok\u00e9mon\n|rule|Item Clause: Limit 1 of each item\n|clearpoke\n|poke|p1|Miraidon, L50|\n|poke|p1|Iron Jugulis, L50|\n|poke|p1|Ogerpon-Hearthflame, L50, F|\n|poke|p1|Urshifu-*, L50, F|\n|poke|p1|Farigiraf, L50, F|\n|poke|p1|Iron Hands, L50|\n|poke|p2|Koraidon, L50|\n|poke|p2|Venusaur, L50, F|\n|poke|p2|Indeedee-F, L50, F|\n|poke|p2|Chi-Yu, L50|\n|poke|p2|Raging Bolt, L50|\n|poke|p2|Iron Crown, L50|\n|teampreview|4\n|inactive|Battle timer is ON: inactive players will automatically lose when time's up. (requested by Saltwater7)\n|inactive|Saltwater7 has 60 seconds left.\n|inactive|ggttmmhh has 60 seconds left.\n|inactive|ggttmmhh has 30 seconds left.\n|\n|t:|1739646238\n|start\n|switch|p1a: Iron Jugulis|Iron Jugulis, L50|100\/100\n|switch|p1b: Miraidon|Miraidon, L50|100\/100\n|switch|p2a: Indeedee|Indeedee-F, L50, F|100\/100\n|switch|p2b: Koraidon|Koraidon, L50|100\/100\n|-weather|SunnyDay|[from] ability: Orichalcum Pulse|[of] p2b: Koraidon\n|-activate|p2b: Koraidon|Orichalcum Pulse|[source]\n|-fieldstart|move: Electric Terrain|[from] ability: Hadron Engine|[of] p1b: Miraidon\n|-activate|p1a: Iron Jugulis|ability: Quark Drive\n|-start|p1a: Iron Jugulis|quarkdrivespe\n|-fieldstart|move: Psychic Terrain|[from] ability: Psychic Surge|[of] p2a: Indeedee\n|-end|p1a: Iron Jugulis|Quark Drive\n|-enditem|p2a: Indeedee|Psychic Seed\n|-boost|p2a: Indeedee|spd|1|[from] item: Psychic Seed\n|-enditem|p1a: Iron Jugulis|Booster Energy\n|-activate|p1a: Iron Jugulis|ability: Quark Drive|[fromitem]\n|-start|p1a: Iron Jugulis|quarkdrivespe\n|turn|1\n|inactive|Saltwater7 has 30 seconds left.\n|inactive|ggttmmhh has 30 seconds left.\n|\n|t:|1739646268\n|-terastallize|p2b: Koraidon|Fire\n|move|p2a: Indeedee|Follow Me|p2a: Indeedee\n|-singleturn|p2a: Indeedee|move: Follow Me\n|move|p1a: Iron Jugulis|Dragon Cheer|p1b: Miraidon\n|-start|p1b: Miraidon|move: Dragon Cheer\n|move|p2b: Koraidon|Flare Blitz|p1a: Iron Jugulis\n|-damage|p1a: Iron Jugulis|0 fnt\n|faint|p1a: Iron Jugulis\n|-end|p1a: Iron Jugulis|Quark Drive|[silent]\n|-damage|p2b: Koraidon|65\/100|[from] Recoil\n|move|p1b: Miraidon|Draco Meteor|p2a: Indeedee\n|-crit|p2a: Indeedee\n|-damage|p2a: Indeedee|0 fnt\n|-unboost|p1b: Miraidon|spa|2\n|faint|p2a: Indeedee\n|\n|-weather|SunnyDay|[upkeep]\n|upkeep\n|\n|t:|1739646287\n|switch|p1a: Iron Hands|Iron Hands, L50|100\/100\n|switch|p2a: Iron Crown|Iron Crown, L50|100\/100\n|-enditem|p2a: Iron Crown|Booster Energy\n|-activate|p2a: Iron Crown|ability: Quark Drive|[fromitem]\n|-start|p2a: Iron Crown|quarkdrivespa\n|turn|2\n|j| greenstantler\n|inactive|Saltwater7 has 30 seconds left.\n|inactive|Saltwater7 has 20 seconds left.\n|inactive|Saltwater7 has 15 seconds left.\n|inactive|Saltwater7 has 10 seconds left.\n|\n|t:|1739646333\n|-terastallize|p1b: Miraidon|Fire\n|move|p2b: Koraidon|Protect|p2b: Koraidon\n|-singleturn|p2b: Koraidon|Protect\n|move|p1b: Miraidon|Overheat|p2a: Iron Crown\n|-supereffective|p2a: Iron Crown\n|-crit|p2a: Iron Crown\n|-damage|p2a: Iron Crown|0 fnt\n|-unboost|p1b: Miraidon|spa|2\n|faint|p2a: Iron Crown\n|-end|p2a: Iron Crown|Quark Drive|[silent]\n|move|p1a: Iron Hands|Wild Charge|p2b: Koraidon\n|-activate|p2b: Koraidon|move: Protect\n|\n|-weather|SunnyDay|[upkeep]\n|upkeep\n|\n|t:|1739646343\n|switch|p2a: Raging Bolt|Raging Bolt, L50|100\/100\n|-activate|p2a: Raging Bolt|ability: Protosynthesis\n|-start|p2a: Raging Bolt|protosynthesisspa\n|turn|3\n|\n|t:|1739646359\n|move|p1b: Miraidon|Protect|p1b: Miraidon\n|-singleturn|p1b: Miraidon|Protect\n|move|p2a: Raging Bolt|Thunderclap||[still]\n|-fail|p2a: Raging Bolt\n|move|p2b: Koraidon|Collision Course|p1b: Miraidon\n|-activate|p1b: Miraidon|move: Protect\n|move|p1a: Iron Hands|Drain Punch|p2b: Koraidon\n|-damage|p2b: Koraidon|25\/100\n|\n|-weather|SunnyDay|[upkeep]\n|upkeep\n|turn|4\n|inactive|Saltwater7 has 30 seconds left.\n|inactive|Saltwater7 has 20 seconds left.\n|\n|t:|1739646394\n|switch|p1b: Ogerpon|Ogerpon-Hearthflame, L50, F|100\/100\n|-ability|p1b: Ogerpon|Mold Breaker\n|move|p2b: Koraidon|Collision Course|p1a: Iron Hands\n|-damage|p1a: Iron Hands|48\/100\n|move|p2a: Raging Bolt|Draco Meteor|p1a: Iron Hands\n|-damage|p1a: Iron Hands|0 fnt\n|-unboost|p2a: Raging Bolt|spa|2\n|faint|p1a: Iron Hands\n|-end|p1a: Iron Hands|Quark Drive|[silent]\n|-damage|p2a: Raging Bolt|91\/100|[from] item: Life Orb\n|\n|-weather|SunnyDay|[upkeep]\n|upkeep\n|\n|t:|1739646409\n|switch|p1a: Miraidon|Miraidon, L50, tera:Fire|100\/100\n|-fieldstart|move: Electric Terrain|[from] ability: Hadron Engine|[of] p1a: Miraidon\n|turn|5\n|inactive|ggttmmhh has 30 seconds left.\n|\n|t:|1739646438\n|move|p1b: Ogerpon|Follow Me|p1b: Ogerpon\n|-singleturn|p1b: Ogerpon|move: Follow Me\n|move|p2b: Koraidon|Collision Course|p1b: Ogerpon\n|-damage|p1b: Ogerpon|39\/100\n|move|p1a: Miraidon|Draco Meteor|p2a: Raging Bolt\n|-supereffective|p2a: Raging Bolt\n|-damage|p2a: Raging Bolt|0 fnt\n|-unboost|p1a: Miraidon|spa|2\n|faint|p2a: Raging Bolt\n|-end|p2a: Raging Bolt|Protosynthesis|[silent]\n|\n|-weather|none\n|upkeep\n|turn|6\n|\n|t:|1739646453\n|move|p1b: Ogerpon|Follow Me|p1b: Ogerpon\n|-singleturn|p1b: Ogerpon|move: Follow Me\n|move|p2b: Koraidon|Collision Course|p1b: Ogerpon\n|-damage|p1b: Ogerpon|0 fnt\n|faint|p1b: Ogerpon\n|move|p1a: Miraidon|Electro Drift|p2b: Koraidon\n|-damage|p2b: Koraidon|0 fnt\n|faint|p2b: Koraidon\n|\n|win|Saltwater7\n|raw|Saltwater7's rating: 1538 &rarr; <strong>1560<\/strong><br \/>(+22 for winning)\n|raw|ggttmmhh's rating: 1571 &rarr; <strong>1549<\/strong><br \/>(-22 for losing)\n|l|\u2606ggttmmhh\n|player|p2|\n|l|\u2606Saltwater7\n|player|p1|\n|l| greenstantler\n","uploadtime":1739646589,"views":10,"formatid":"gen9vgc2025regg","rating":1549,"private":0,"password":null}