{"id":"gen9vgc2025regg-2301136420","format":"[Gen 9] VGC 2025 Reg G","players":["GengarNight_07","Spottedwoot"],"log":"|j|\u2606GengarNight_07\n|j|\u2606Spottedwoot\n|t:|1739600895\n|gametype|doubles\n|player|p1|GengarNight_07|266|1624\n|player|p2|Spottedwoot|101|1593\n|teamsize|p1|6\n|teamsize|p2|6\n|gen|9\n|tier|[Gen 9] VGC 2025 Reg G\n|rated|\n|rule|Species Clause: Limit one of each Pok\u00e9mon\n|rule|Item Clause: Limit 1 of each item\n|clearpoke\n|poke|p1|Calyrex-Shadow, L50|\n|poke|p1|Raging Bolt, L50|\n|poke|p1|Urshifu-*, L50, M|\n|poke|p1|Ogerpon-Hearthflame, L50, F|\n|poke|p1|Rillaboom, L50, M|\n|poke|p1|Incineroar, L50, F|\n|poke|p2|Zamazenta-*, L50|\n|poke|p2|Chien-Pao, L50|\n|poke|p2|Entei, L50|\n|poke|p2|Raging Bolt, L50|\n|poke|p2|Rillaboom, L50, F|\n|poke|p2|Farigiraf, L50, F|\n|teampreview|4\n|j| 1212kkekrk\n|inactive|Battle timer is ON: inactive players will automatically lose when time's up. (requested by Spottedwoot)\n|\n|t:|1739600938\n|start\n|switch|p1a: Calyrex|Calyrex-Shadow, L50|100\/100\n|switch|p1b: Incineroar|Incineroar, L50, F|100\/100\n|switch|p2a: Zamazenta|Zamazenta-Crowned, L50|100\/100\n|switch|p2b: Farigiraf|Farigiraf, L50, F|100\/100\n|-ability|p1a: Calyrex|As One\n|-ability|p1a: Calyrex|Unnerve\n|-ability|p2a: Zamazenta|Dauntless Shield|boost\n|-boost|p2a: Zamazenta|def|1\n|-ability|p1b: Incineroar|Intimidate|boost\n|-unboost|p2a: Zamazenta|atk|1\n|-unboost|p2b: Farigiraf|atk|1\n|turn|1\n|\n|t:|1739600959\n|switch|p1b: Ogerpon|Ogerpon-Hearthflame, L50, F|100\/100\n|-ability|p1b: Ogerpon|Mold Breaker\n|move|p1a: Calyrex|Calm Mind|p1a: Calyrex\n|-boost|p1a: Calyrex|spa|1\n|-boost|p1a: Calyrex|spd|1\n|move|p2a: Zamazenta|Body Press|p1b: Ogerpon\n|-damage|p1b: Ogerpon|49\/100\n|move|p2b: Farigiraf|Trick Room|p2b: Farigiraf\n|-fieldstart|move: Trick Room|[of] p2b: Farigiraf\n|\n|upkeep\n|turn|2\n|inactive|GengarNight_07 has 30 seconds left.\n|\n|t:|1739600992\n|-terastallize|p1a: Calyrex|Fairy\n|move|p1b: Ogerpon|Spiky Shield|p1b: Ogerpon\n|-singleturn|p1b: Ogerpon|move: Protect\n|move|p2b: Farigiraf|Foul Play|p1a: Calyrex\n|-resisted|p1a: Calyrex\n|-damage|p1a: Calyrex|93\/100\n|move|p2a: Zamazenta|Body Press|p1b: Ogerpon\n|-activate|p1b: Ogerpon|move: Protect\n|-damage|p2a: Zamazenta|88\/100|[from] Spiky Shield|[of] p1b: Ogerpon\n|move|p1a: Calyrex|Draining Kiss|p2b: Farigiraf\n|-damage|p2b: Farigiraf|34\/100\n|-heal|p1a: Calyrex|100\/100|[from] drain|[of] p2b: Farigiraf\n|-damage|p1a: Calyrex|91\/100|[from] item: Life Orb\n|\n|upkeep\n|turn|3\n|inactive|GengarNight_07 has 30 seconds left.\n|\n|t:|1739601023\n|move|p2a: Zamazenta|Wide Guard|p2a: Zamazenta\n|-singleturn|p2a: Zamazenta|Wide Guard\n|move|p1b: Ogerpon|Follow Me|p1b: Ogerpon\n|-singleturn|p1b: Ogerpon|move: Follow Me\n|move|p2b: Farigiraf|Foul Play|p1b: Ogerpon\n|-damage|p1b: Ogerpon|27\/100\n|move|p1a: Calyrex|Draining Kiss|p2b: Farigiraf\n|-damage|p2b: Farigiraf|0 fnt\n|-heal|p1a: Calyrex|100\/100|[from] drain|[of] p2b: Farigiraf\n|faint|p2b: Farigiraf\n|-ability|p1a: Calyrex|Grim Neigh|boost\n|-boost|p1a: Calyrex|spa|1\n|-damage|p1a: Calyrex|91\/100|[from] item: Life Orb\n|\n|upkeep\n|\n|t:|1739601034\n|switch|p2b: Chien-Pao|Chien-Pao, L50|100\/100\n|-ability|p2b: Chien-Pao|Sword of Ruin\n|turn|4\n|\n|t:|1739601053\n|switch|p1b: Incineroar|Incineroar, L50, F|100\/100\n|-ability|p1b: Incineroar|Intimidate|boost\n|-unboost|p2a: Zamazenta|atk|1\n|-unboost|p2b: Chien-Pao|atk|1\n|-terastallize|p2b: Chien-Pao|Stellar\n|move|p2a: Zamazenta|Body Press|p1b: Incineroar\n|-supereffective|p1b: Incineroar\n|-damage|p1b: Incineroar|0 fnt\n|faint|p1b: Incineroar\n|move|p2b: Chien-Pao|Icicle Crash|p1a: Calyrex|[miss]\n|-miss|p2b: Chien-Pao|p1a: Calyrex\n|move|p1a: Calyrex|Draining Kiss|p2a: Zamazenta\n|-damage|p2a: Zamazenta|29\/100\n|-heal|p1a: Calyrex|100\/100|[from] drain|[of] p2a: Zamazenta\n|-damage|p1a: Calyrex|91\/100|[from] item: Life Orb\n|\n|upkeep\n|\n|t:|1739601073\n|switch|p1b: Urshifu|Urshifu-Rapid-Strike, L50, M|100\/100\n|turn|5\n|\n|t:|1739601087\n|move|p1b: Urshifu|Surging Strikes|p2b: Chien-Pao\n|-crit|p2b: Chien-Pao\n|-damage|p2b: Chien-Pao|68\/100\n|-crit|p2b: Chien-Pao\n|-damage|p2b: Chien-Pao|31\/100\n|-crit|p2b: Chien-Pao\n|-damage|p2b: Chien-Pao|0 fnt\n|faint|p2b: Chien-Pao\n|-hitcount|p2: Chien-Pao|3\n|move|p2a: Zamazenta|Heavy Slam|p1a: Calyrex\n|-supereffective|p1a: Calyrex\n|-damage|p1a: Calyrex|48\/100\n|move|p1a: Calyrex|Astral Barrage|p2a: Zamazenta\n|-damage|p2a: Zamazenta|0 fnt\n|faint|p2a: Zamazenta\n|-ability|p1a: Calyrex|Grim Neigh|boost\n|-boost|p1a: Calyrex|spa|1\n|-damage|p1a: Calyrex|38\/100|[from] item: Life Orb\n|\n|-fieldend|move: Trick Room\n|upkeep\n|-message|Spottedwoot forfeited.\n|\n|win|GengarNight_07\n|raw|GengarNight_07's rating: 1624 &rarr; <strong>1642<\/strong><br \/>(+18 for winning)\n|raw|Spottedwoot's rating: 1593 &rarr; <strong>1575<\/strong><br \/>(-18 for losing)\n|l|\u2606GengarNight_07\n|player|p1|\n","uploadtime":1739601098,"views":100,"formatid":"gen9vgc2025regg","rating":1575,"private":0,"password":null}