{"id":"gen9vgc2025regg-2301029715","format":"[Gen 9] VGC 2025 Reg G","players":["seung2742","Iamsliverfish"],"log":"|j|\u2606seung2742\n|j|\u2606Iamsliverfish\n|t:|1739583063\n|gametype|doubles\n|player|p1|seung2742|169|1609\n|player|p2|Iamsliverfish|hiker-gen4|1763\n|teamsize|p1|6\n|teamsize|p2|6\n|gen|9\n|tier|[Gen 9] VGC 2025 Reg G\n|rated|\n|rule|Species Clause: Limit one of each Pok\u00e9mon\n|rule|Item Clause: Limit 1 of each item\n|clearpoke\n|poke|p1|Calyrex-Shadow, L50|\n|poke|p1|Whimsicott, L50, M|\n|poke|p1|Raging Bolt, L50|\n|poke|p1|Chi-Yu, L50|\n|poke|p1|Rillaboom, L50, M|\n|poke|p1|Urshifu-*, L50, M|\n|poke|p2|Calyrex-Shadow, L50|\n|poke|p2|Ursaluna, L50, F|\n|poke|p2|Indeedee-F, L50, F|\n|poke|p2|Ogerpon-Wellspring, L50, F|\n|poke|p2|Tornadus, L50, M|\n|poke|p2|Chi-Yu, L50|\n|teampreview|4\n|inactive|Battle timer is ON: inactive players will automatically lose when time's up. (requested by seung2742)\n|inactive|seung2742 has 60 seconds left.\n|\n|t:|1739583099\n|start\n|switch|p1a: Whimsicott|Whimsicott, L50, M|100\/100\n|switch|p1b: Urshifu|Urshifu-Rapid-Strike, L50, M|100\/100\n|switch|p2a: Tornadus|Tornadus, L50, M|100\/100\n|switch|p2b: Ogerpon|Ogerpon-Wellspring, L50, F|100\/100\n|turn|1\n|\n|t:|1739583113\n|move|p1a: Whimsicott|Tailwind|p1a: Whimsicott\n|-sidestart|p1: seung2742|move: Tailwind\n|move|p2a: Tornadus|Tailwind|p2a: Tornadus\n|-sidestart|p2: Iamsliverfish|move: Tailwind\n|move|p1b: Urshifu|U-turn|p2b: Ogerpon\n|-supereffective|p2b: Ogerpon\n|-damage|p2b: Ogerpon|38\/100\n|\n|t:|1739583119\n|switch|p1b: Rillaboom|Rillaboom, L50, M|100\/100|[from] U-turn\n|-fieldstart|move: Grassy Terrain|[from] ability: Grassy Surge|[of] p1b: Rillaboom\n|move|p2b: Ogerpon|Horn Leech|p1b: Rillaboom\n|-resisted|p1b: Rillaboom\n|-damage|p1b: Rillaboom|71\/100\n|-heal|p2b: Ogerpon|55\/100|[from] drain|[of] p1b: Rillaboom\n|\n|-heal|p2b: Ogerpon|61\/100|[from] Grassy Terrain\n|-heal|p1b: Rillaboom|77\/100|[from] Grassy Terrain\n|upkeep\n|turn|2\n|\n|t:|1739583141\n|move|p1a: Whimsicott|Encore|p2a: Tornadus\n|-start|p2a: Tornadus|Encore\n|-enditem|p2a: Tornadus|Mental Herb\n|-end|p2a: Tornadus|Encore\n|move|p2b: Ogerpon|Ivy Cudgel|p1a: Whimsicott|[anim] Ivy Cudgel Water\n|-resisted|p1a: Whimsicott\n|-damage|p1a: Whimsicott|68\/100\n|move|p2a: Tornadus|Bleakwind Storm|p1a: Whimsicott|[spread] p1a,p1b\n|-supereffective|p1a: Whimsicott\n|-supereffective|p1b: Rillaboom\n|-damage|p1a: Whimsicott|0 fnt\n|-damage|p1b: Rillaboom|0 fnt\n|faint|p1a: Whimsicott\n|faint|p1b: Rillaboom\n|\n|-heal|p2b: Ogerpon|67\/100|[from] Grassy Terrain\n|upkeep\n|\n|t:|1739583152\n|switch|p1a: Urshifu|Urshifu-Rapid-Strike, L50, M|100\/100\n|switch|p1b: Calyrex|Calyrex-Shadow, L50|100\/100\n|-ability|p1b: Calyrex|As One\n|-ability|p1b: Calyrex|Unnerve\n|turn|3\n|j| Kaicyios\n|\n|t:|1739583166\n|move|p1a: Urshifu|Surging Strikes|p2a: Tornadus\n|-crit|p2a: Tornadus\n|-damage|p2a: Tornadus|77\/100\n|-crit|p2a: Tornadus\n|-damage|p2a: Tornadus|55\/100\n|-crit|p2a: Tornadus\n|-damage|p2a: Tornadus|30\/100\n|-hitcount|p2a: Tornadus|3\n|move|p1b: Calyrex|Astral Barrage|p2a: Tornadus|[spread] p2a,p2b\n|-damage|p2a: Tornadus|0 fnt\n|-damage|p2b: Ogerpon|8\/100\n|faint|p2a: Tornadus\n|-ability|p1b: Calyrex|Grim Neigh|boost\n|-boost|p1b: Calyrex|spa|1\n|move|p2b: Ogerpon|Horn Leech|p1a: Urshifu\n|-supereffective|p1a: Urshifu\n|-damage|p1a: Urshifu|0 fnt\n|-heal|p2b: Ogerpon|59\/100|[from] drain|[of] p1a: Urshifu\n|faint|p1a: Urshifu\n|\n|-heal|p2b: Ogerpon|64\/100|[from] Grassy Terrain\n|upkeep\n|\n|t:|1739583171\n|switch|p2a: Chi-Yu|Chi-Yu, L50|100\/100\n|-ability|p2a: Chi-Yu|Beads of Ruin\n|turn|4\n|\n|t:|1739583182\n|-terastallize|p1b: Calyrex|Fairy\n|move|p2b: Ogerpon|Spiky Shield|p2b: Ogerpon\n|-singleturn|p2b: Ogerpon|move: Protect\n|move|p2a: Chi-Yu|Overheat|p1b: Calyrex\n|-damage|p1b: Calyrex|12\/100\n|-unboost|p2a: Chi-Yu|spa|2\n|move|p1b: Calyrex|Astral Barrage|p2b: Ogerpon|[spread] p2a\n|-activate|p2b: Ogerpon|move: Protect\n|-resisted|p2a: Chi-Yu\n|-damage|p2a: Chi-Yu|49\/100\n|\n|-heal|p2a: Chi-Yu|55\/100|[from] Grassy Terrain\n|-heal|p1b: Calyrex|18\/100|[from] Grassy Terrain\n|-heal|p2b: Ogerpon|70\/100|[from] Grassy Terrain\n|-sideend|p2: Iamsliverfish|move: Tailwind\n|-sideend|p1: seung2742|move: Tailwind\n|upkeep\n|turn|5\n|\n|t:|1739583196\n|move|p2b: Ogerpon|Spiky Shield|p2b: Ogerpon\n|-singleturn|p2b: Ogerpon|move: Protect\n|move|p2a: Chi-Yu|Overheat|p1b: Calyrex\n|-damage|p1b: Calyrex|0 fnt\n|-unboost|p2a: Chi-Yu|spa|2\n|faint|p1b: Calyrex\n|\n|win|Iamsliverfish\n|raw|seung2742's rating: 1609 &rarr; <strong>1597<\/strong><br \/>(-12 for losing)\n|raw|Iamsliverfish's rating: 1763 &rarr; <strong>1775<\/strong><br \/>(+12 for winning)\n|l|\u2606Iamsliverfish\n|player|p2|\n|l|\u2606seung2742\n|player|p1|\n|l| Kaicyios\n","uploadtime":1739583423,"views":35,"formatid":"gen9vgc2025regg","rating":1597,"private":0,"password":null}