{"id":"gen9vgc2025regg-2301320633","format":"[Gen 9] VGC 2025 Reg G","players":["pokequimico","GuevaraGaming2"],"log":"|j|\u2606pokequimico\n|j|\u2606GuevaraGaming2\n|t:|1739635644\n|gametype|doubles\n|player|p1|pokequimico|lucas|1576\n|player|p2|GuevaraGaming2|hilbert-wonderlauncher|1596\n|teamsize|p1|6\n|teamsize|p2|6\n|gen|9\n|tier|[Gen 9] VGC 2025 Reg G\n|rated|\n|rule|Species Clause: Limit one of each Pok\u00e9mon\n|rule|Item Clause: Limit 1 of each item\n|clearpoke\n|poke|p1|Flutter Mane, L50|\n|poke|p1|Zamazenta-*, L50|\n|poke|p1|Chi-Yu, L50|\n|poke|p1|Raging Bolt, L50|\n|poke|p1|Rillaboom, L50, M|\n|poke|p1|Ditto, L50|\n|poke|p2|Rillaboom, L50, M|\n|poke|p2|Tornadus, L50, M|\n|poke|p2|Zamazenta-*, L50|\n|poke|p2|Landorus, L50, M|\n|poke|p2|Incineroar, L50, F|\n|poke|p2|Urshifu-*, L50, F|\n|teampreview|4\n|inactive|Battle timer is ON: inactive players will automatically lose when time's up. (requested by pokequimico)\n|\n|t:|1739635690\n|start\n|switch|p1a: Flutter Mane|Flutter Mane, L50, shiny|100\/100\n|switch|p1b: Rillaboom|Rillaboom, L50, M|100\/100\n|switch|p2a: Tornadus|Tornadus, L50, M, shiny|100\/100\n|switch|p2b: Rillaboom|Rillaboom, L50, M, shiny|100\/100\n|-fieldstart|move: Grassy Terrain|[from] ability: Grassy Surge|[of] p1b: Rillaboom\n|-enditem|p1a: Flutter Mane|Booster Energy\n|-activate|p1a: Flutter Mane|ability: Protosynthesis|[fromitem]\n|-start|p1a: Flutter Mane|protosynthesisspe\n|turn|1\n|\n|t:|1739635703\n|move|p2a: Tornadus|Protect|p2a: Tornadus\n|-singleturn|p2a: Tornadus|Protect\n|move|p1b: Rillaboom|Fake Out|p2b: Rillaboom\n|-damage|p2b: Rillaboom|88\/100\n|move|p1a: Flutter Mane|Thunder Wave|p2a: Tornadus\n|-activate|p2a: Tornadus|move: Protect\n|cant|p2b: Rillaboom|flinch\n|\n|-heal|p2b: Rillaboom|94\/100|[from] Grassy Terrain\n|upkeep\n|turn|2\n|\n|t:|1739635720\n|-end|p1a: Flutter Mane|Protosynthesis|[silent]\n|switch|p1a: Zamazenta|Zamazenta-Crowned, L50|100\/100\n|-ability|p1a: Zamazenta|Dauntless Shield|boost\n|-boost|p1a: Zamazenta|def|1\n|switch|p2a: Landorus|Landorus, L50, M, shiny|100\/100\n|move|p1b: Rillaboom|U-turn|p2b: Rillaboom\n|-supereffective|p2b: Rillaboom\n|-damage|p2b: Rillaboom|46\/100\n|\n|t:|1739635729\n|switch|p1b: Flutter Mane|Flutter Mane, L50, shiny|100\/100|[from] U-turn\n|move|p2b: Rillaboom|Wood Hammer|p1a: Zamazenta\n|-resisted|p1a: Zamazenta\n|-damage|p1a: Zamazenta|87\/100\n|-damage|p2b: Rillaboom|42\/100|[from] Recoil\n|\n|-heal|p1a: Zamazenta|93\/100|[from] Grassy Terrain\n|-heal|p2b: Rillaboom|48\/100|[from] Grassy Terrain\n|upkeep\n|turn|3\n|\n|t:|1739635746\n|-terastallize|p1a: Zamazenta|Dragon\n|move|p2a: Landorus|Protect|p2a: Landorus\n|-singleturn|p2a: Landorus|Protect\n|move|p1b: Flutter Mane|Moonblast|p2a: Landorus\n|-activate|p2a: Landorus|move: Protect\n|move|p1a: Zamazenta|Behemoth Bash|p2a: Landorus\n|-activate|p2a: Landorus|move: Protect\n|move|p2b: Rillaboom|U-turn|p1b: Flutter Mane\n|-resisted|p1b: Flutter Mane\n|-damage|p1b: Flutter Mane|92\/100\n|j| Meiser63\n|\n|t:|1739635759\n|switch|p2b: Zamazenta|Zamazenta-Crowned, L50, shiny|100\/100|[from] U-turn\n|-ability|p2b: Zamazenta|Dauntless Shield|boost\n|-boost|p2b: Zamazenta|def|1\n|\n|-heal|p1b: Flutter Mane|98\/100|[from] Grassy Terrain\n|-heal|p1a: Zamazenta|99\/100|[from] Grassy Terrain\n|upkeep\n|turn|4\n|\n|t:|1739635771\n|switch|p2a: Rillaboom|Rillaboom, L50, M, shiny|48\/100\n|move|p1b: Flutter Mane|Thunder Wave|p2b: Zamazenta\n|-status|p2b: Zamazenta|par\n|move|p1a: Zamazenta|Behemoth Bash|p2a: Rillaboom\n|-damage|p2a: Rillaboom|10\/100\n|move|p2b: Zamazenta|Heavy Slam|p1b: Flutter Mane\n|-supereffective|p1b: Flutter Mane\n|-damage|p1b: Flutter Mane|0 fnt\n|faint|p1b: Flutter Mane\n|-end|p1b: Flutter Mane|Protosynthesis|[silent]\n|\n|-heal|p1a: Zamazenta|100\/100|[from] Grassy Terrain\n|-heal|p2a: Rillaboom|16\/100|[from] Grassy Terrain\n|upkeep\n|\n|t:|1739635776\n|switch|p1b: Rillaboom|Rillaboom, L50, M|100\/100\n|turn|5\n|l| Meiser63\n|\n|t:|1739635794\n|-terastallize|p2b: Zamazenta|Dragon\n|move|p1b: Rillaboom|Fake Out|p2a: Rillaboom\n|-damage|p2a: Rillaboom|3\/100\n|cant|p2a: Rillaboom|flinch\n|move|p1a: Zamazenta|Body Press|p2b: Zamazenta\n|-damage|p2b: Zamazenta|76\/100 par\n|move|p2b: Zamazenta|Iron Defense|p2b: Zamazenta\n|-boost|p2b: Zamazenta|def|2\n|\n|-heal|p2a: Rillaboom|9\/100|[from] Grassy Terrain\n|-heal|p2b: Zamazenta|82\/100 par|[from] Grassy Terrain\n|-fieldend|move: Grassy Terrain\n|upkeep\n|turn|6\n|\n|t:|1739635810\n|switch|p1a: Ditto|Ditto, L50, shiny|100\/100\n|-transform|p1a: Ditto|p2b: Zamazenta|[from] ability: Imposter\n|-ability|p1a: Ditto|Dauntless Shield|boost\n|-boost|p1a: Ditto|def|1\n|move|p1b: Rillaboom|U-turn|p2a: Rillaboom\n|-supereffective|p2a: Rillaboom\n|-damage|p2a: Rillaboom|0 fnt\n|faint|p2a: Rillaboom\n|\n|t:|1739635812\n|switch|p1b: Zamazenta|Zamazenta-Crowned, L50, tera:Dragon|100\/100|[from] U-turn\n|move|p2b: Zamazenta|Body Press|p1a: Ditto\n|-supereffective|p1a: Ditto\n|-damage|p1a: Ditto|49\/100\n|\n|upkeep\n|\n|t:|1739635818\n|switch|p2a: Tornadus|Tornadus, L50, M, shiny|100\/100\n|-start|p1a: Ditto|typechange|Fighting\/Steel|[silent]\n|turn|7\n|\n|t:|1739635832\n|move|p2a: Tornadus|Tailwind|p2a: Tornadus\n|-sidestart|p2: GuevaraGaming2|move: Tailwind\n|move|p1b: Zamazenta|Behemoth Bash|p2a: Tornadus\n|-damage|p2a: Tornadus|40\/100\n|move|p1a: Ditto|Body Press|p2b: Zamazenta\n|-damage|p2b: Zamazenta|50\/100 par\n|move|p2b: Zamazenta|Body Press|p1a: Ditto\n|-supereffective|p1a: Ditto\n|-damage|p1a: Ditto|0 fnt\n|faint|p1a: Ditto\n|\n|upkeep\n|\n|t:|1739635834\n|switch|p1a: Rillaboom|Rillaboom, L50, M|100\/100\n|-fieldstart|move: Grassy Terrain|[from] ability: Grassy Surge|[of] p1a: Rillaboom\n|turn|8\n|j| Meiser63\n|-message|pokequimico forfeited.\n|\n|win|GuevaraGaming2\n|raw|pokequimico's rating: 1576 &rarr; <strong>1557<\/strong><br \/>(-19 for losing)\n|raw|GuevaraGaming2's rating: 1596 &rarr; <strong>1615<\/strong><br \/>(+19 for winning)\n|l|\u2606pokequimico\n|player|p1|\n|l|\u2606GuevaraGaming2\n|player|p2|\n|l| Meiser63\n","uploadtime":1739637013,"views":6,"formatid":"gen9vgc2025regg","rating":1557,"private":0,"password":null}