{"id":"gen9vgc2025regg-2301161789","format":"[Gen 9] VGC 2025 Reg G","players":["feverheadache","Fehuo"],"log":"|j|\u2606feverheadache\n|j|\u2606Fehuo\n|t:|1739606726\n|gametype|doubles\n|player|p1|feverheadache|dawn|1534\n|player|p2|Fehuo|cynthia-gen4|1607\n|teamsize|p1|6\n|teamsize|p2|6\n|gen|9\n|tier|[Gen 9] VGC 2025 Reg G\n|rated|\n|rule|Species Clause: Limit one of each Pok\u00e9mon\n|rule|Item Clause: Limit 1 of each item\n|clearpoke\n|poke|p1|Zacian-*, L50|\n|poke|p1|Chien-Pao, L50|\n|poke|p1|Ogerpon, L50, F|\n|poke|p1|Urshifu-*, L50, M|\n|poke|p1|Roaring Moon, L50|\n|poke|p1|Rillaboom, L50, F|\n|poke|p2|Calyrex-Ice, L50|\n|poke|p2|Raging Bolt, L50|\n|poke|p2|Urshifu-*, L50, M|\n|poke|p2|Chien-Pao, L50|\n|poke|p2|Ogerpon-Hearthflame, L50, F|\n|poke|p2|Indeedee-F, L50, F|\n|teampreview|4\n|inactive|Battle timer is ON: inactive players will automatically lose when time's up. (requested by Fehuo)\n|j| HayatoArif\n|inactive|feverheadache has 60 seconds left.\n|\n|t:|1739606766\n|start\n|switch|p1a: Urshifu|Urshifu-Rapid-Strike, L50, M|100\/100\n|switch|p1b: Rillaboom|Rillaboom, L50, F|100\/100\n|switch|p2a: Raging Bolt|Raging Bolt, L50|100\/100\n|switch|p2b: Urshifu|Urshifu-Rapid-Strike, L50, M|100\/100\n|-fieldstart|move: Grassy Terrain|[from] ability: Grassy Surge|[of] p1b: Rillaboom\n|-enditem|p2a: Raging Bolt|Booster Energy\n|-activate|p2a: Raging Bolt|ability: Protosynthesis|[fromitem]\n|-start|p2a: Raging Bolt|protosynthesisspa\n|turn|1\n|\n|t:|1739606780\n|move|p2b: Urshifu|Detect|p2b: Urshifu\n|-singleturn|p2b: Urshifu|Protect\n|move|p1b: Rillaboom|Fake Out|p2a: Raging Bolt\n|-damage|p2a: Raging Bolt|89\/100\n|move|p1a: Urshifu|Close Combat|p2a: Raging Bolt\n|-damage|p2a: Raging Bolt|5\/100\n|-unboost|p1a: Urshifu|def|1\n|-unboost|p1a: Urshifu|spd|1\n|cant|p2a: Raging Bolt|flinch\n|\n|-heal|p2a: Raging Bolt|11\/100|[from] Grassy Terrain\n|upkeep\n|turn|2\n|\n|t:|1739606802\n|move|p1b: Rillaboom|Grassy Glide|p2a: Raging Bolt\n|-resisted|p2a: Raging Bolt\n|-damage|p2a: Raging Bolt|0 fnt\n|faint|p2a: Raging Bolt\n|-end|p2a: Raging Bolt|Protosynthesis|[silent]\n|move|p2b: Urshifu|Close Combat|p1a: Urshifu\n|-damage|p1a: Urshifu|11\/100\n|-unboost|p2b: Urshifu|def|1\n|-unboost|p2b: Urshifu|spd|1\n|move|p1a: Urshifu|Close Combat|p2b: Urshifu\n|-enditem|p2b: Urshifu|Focus Sash\n|-damage|p2b: Urshifu|1\/100\n|-unboost|p1a: Urshifu|def|1\n|-unboost|p1a: Urshifu|spd|1\n|\n|-heal|p2b: Urshifu|7\/100|[from] Grassy Terrain\n|-heal|p1a: Urshifu|18\/100|[from] Grassy Terrain\n|upkeep\n|\n|t:|1739606809\n|switch|p2a: Calyrex|Calyrex-Ice, L50|100\/100\n|-ability|p2a: Calyrex|As One\n|-ability|p2a: Calyrex|Unnerve\n|turn|3\n|\n|t:|1739606817\n|switch|p2b: Ogerpon|Ogerpon-Hearthflame, L50, F|100\/100\n|-ability|p2b: Ogerpon|Mold Breaker\n|-terastallize|p1b: Rillaboom|Fire\n|move|p1b: Rillaboom|Grassy Glide|p2b: Ogerpon\n|-resisted|p2b: Ogerpon\n|-damage|p2b: Ogerpon|90\/100\n|move|p1a: Urshifu|Close Combat|p2a: Calyrex\n|-damage|p2a: Calyrex|33\/100\n|-unboost|p1a: Urshifu|def|1\n|-unboost|p1a: Urshifu|spd|1\n|move|p2a: Calyrex|Glacial Lance|p1a: Urshifu|[spread] p1a,p1b\n|-resisted|p1a: Urshifu\n|-resisted|p1b: Rillaboom\n|-damage|p1a: Urshifu|0 fnt\n|-damage|p1b: Rillaboom|70\/100\n|faint|p1a: Urshifu\n|-ability|p2a: Calyrex|Chilling Neigh|boost\n|-boost|p2a: Calyrex|atk|1\n|\n|-heal|p2b: Ogerpon|96\/100|[from] Grassy Terrain\n|-heal|p1b: Rillaboom|76\/100|[from] Grassy Terrain\n|-heal|p2a: Calyrex|39\/100|[from] Grassy Terrain\n|upkeep\n|\n|t:|1739606822\n|switch|p1a: Chien-Pao|Chien-Pao, L50|100\/100\n|-ability|p1a: Chien-Pao|Sword of Ruin\n|turn|4\n|\n|t:|1739606839\n|-terastallize|p2b: Ogerpon|Fire\n|detailschange|p2b: Ogerpon|Ogerpon-Hearthflame-Tera, L50, F, tera:Fire\n|-ability|p2b: Ogerpon|Embody Aspect (Hearthflame)|boost\n|-boost|p2b: Ogerpon|atk|1\n|move|p2a: Calyrex|Protect|p2a: Calyrex\n|-singleturn|p2a: Calyrex|Protect\n|move|p1a: Chien-Pao|Icicle Crash|p2b: Ogerpon\n|-resisted|p2b: Ogerpon\n|-damage|p2b: Ogerpon|63\/100\n|move|p2b: Ogerpon|Ivy Cudgel|p1a: Chien-Pao|[anim] Ivy Cudgel Fire\n|-supereffective|p1a: Chien-Pao\n|-crit|p1a: Chien-Pao\n|-enditem|p1a: Chien-Pao|Focus Sash\n|-damage|p1a: Chien-Pao|1\/100\n|move|p1b: Rillaboom|High Horsepower|p2b: Ogerpon\n|-supereffective|p2b: Ogerpon\n|-damage|p2b: Ogerpon|0 fnt\n|faint|p2b: Ogerpon\n|\n|-heal|p1a: Chien-Pao|7\/100|[from] Grassy Terrain\n|-heal|p1b: Rillaboom|82\/100|[from] Grassy Terrain\n|-heal|p2a: Calyrex|45\/100|[from] Grassy Terrain\n|upkeep\n|\n|t:|1739606853\n|switch|p2b: Urshifu|Urshifu-Rapid-Strike, L50, M|7\/100\n|turn|5\n|-message|Fehuo forfeited.\n|\n|win|feverheadache\n|raw|feverheadache's rating: 1534 &rarr; <strong>1558<\/strong><br \/>(+24 for winning)\n|raw|Fehuo's rating: 1607 &rarr; <strong>1583<\/strong><br \/>(-24 for losing)\n|l|\u2606Fehuo\n|player|p2|\n|l|\u2606feverheadache\n|player|p1|\n|l| HayatoArif\n","uploadtime":1739607107,"views":5,"formatid":"gen9vgc2025regg","rating":1558,"private":0,"password":null}