{"id":"gen9vgc2025regg-2301183460","format":"[Gen 9] VGC 2025 Reg G","players":["foguo","The Slimmest Jesus"],"log":"|j|\u2606foguo\n|j|\u2606The Slimmest Jesus\n|t:|1739611832\n|gametype|doubles\n|player|p1|foguo|barry|1569\n|player|p2|The Slimmest Jesus|266|1756\n|teamsize|p1|6\n|teamsize|p2|6\n|gen|9\n|tier|[Gen 9] VGC 2025 Reg G\n|rated|\n|rule|Species Clause: Limit one of each Pok\u00e9mon\n|rule|Item Clause: Limit 1 of each item\n|clearpoke\n|poke|p1|Calyrex-Ice, L50|\n|poke|p1|Raging Bolt, L50|\n|poke|p1|Ogerpon-Hearthflame, L50, F|\n|poke|p1|Urshifu-*, L50, M|\n|poke|p1|Flutter Mane, L50|\n|poke|p1|Landorus, L50, M|\n|poke|p2|Indeedee-F, L50, F|\n|poke|p2|Regidrago, L50|\n|poke|p2|Torkoal, L50, F|\n|poke|p2|Farigiraf, L50, M|\n|poke|p2|Calyrex-Ice, L50|\n|poke|p2|Lilligant-Hisui, L50, F|\n|teampreview|4\n|inactive|Battle timer is ON: inactive players will automatically lose when time's up. (requested by The Slimmest Jesus)\n|inactive|The Slimmest Jesus has 60 seconds left.\n|inactive|foguo has 60 seconds left.\n|inactive|The Slimmest Jesus has 30 seconds left.\n|inactive|The Slimmest Jesus has 20 seconds left.\n|inactive|The Slimmest Jesus has 15 seconds left.\n|inactive|The Slimmest Jesus has 10 seconds left.\n|inactive|The Slimmest Jesus has 5 seconds left.\n|\n|t:|1739611933\n|start\n|switch|p1a: Urshifu|Urshifu-Rapid-Strike, L50, M|100\/100\n|switch|p1b: Ogerpon|Ogerpon-Hearthflame, L50, F|100\/100\n|switch|p2a: Calyrex|Calyrex-Ice, L50|100\/100\n|switch|p2b: Lilligant|Lilligant-Hisui, L50, F|100\/100\n|-ability|p2a: Calyrex|As One\n|-ability|p2a: Calyrex|Unnerve\n|-ability|p1b: Ogerpon|Mold Breaker\n|turn|1\n|inactive|The Slimmest Jesus has 30 seconds left.\n|inactive|The Slimmest Jesus has 20 seconds left.\n|inactive|The Slimmest Jesus has 15 seconds left.\n|inactive|The Slimmest Jesus has 10 seconds left.\n|inactive|The Slimmest Jesus has 5 seconds left.\n|\n|t:|1739611984\n|move|p1a: Urshifu|Detect|p1a: Urshifu\n|-singleturn|p1a: Urshifu|Protect\n|move|p2b: Lilligant|After You|p2a: Calyrex\n|-activate|p2a: Calyrex|move: After You\n|move|p2a: Calyrex|Trick Room|p2a: Calyrex\n|-fieldstart|move: Trick Room|[of] p2a: Calyrex\n|move|p1b: Ogerpon|Ivy Cudgel|p2b: Lilligant|[anim] Ivy Cudgel Fire\n|-supereffective|p2b: Lilligant\n|-enditem|p2b: Lilligant|Focus Sash\n|-damage|p2b: Lilligant|1\/100\n|\n|upkeep\n|turn|2\n|inactive|foguo has 30 seconds left.\n|inactive|The Slimmest Jesus has 30 seconds left.\n|inactive|The Slimmest Jesus has 20 seconds left.\n|\n|t:|1739612020\n|-terastallize|p1b: Ogerpon|Fire\n|detailschange|p1b: Ogerpon|Ogerpon-Hearthflame-Tera, L50, F, tera:Fire\n|-ability|p1b: Ogerpon|Embody Aspect (Hearthflame)|boost\n|-boost|p1b: Ogerpon|atk|1\n|move|p2a: Calyrex|Close Combat|p1a: Urshifu\n|-damage|p1a: Urshifu|58\/100\n|-unboost|p2a: Calyrex|def|1\n|-unboost|p2a: Calyrex|spd|1\n|-enditem|p2a: Calyrex|White Herb\n|-clearnegativeboost|p2a: Calyrex|[silent]\n|move|p1a: Urshifu|Surging Strikes|p2b: Lilligant\n|-resisted|p2b: Lilligant\n|-crit|p2b: Lilligant\n|-damage|p2b: Lilligant|0 fnt\n|faint|p2b: Lilligant\n|-hitcount|p2: Lilligant|1\n|move|p1b: Ogerpon|Ivy Cudgel|p2a: Calyrex|[anim] Ivy Cudgel Fire\n|-supereffective|p2a: Calyrex\n|-damage|p2a: Calyrex|0 fnt\n|faint|p2a: Calyrex\n|\n|upkeep\n|\n|t:|1739612039\n|switch|p2a: Regidrago|Regidrago, L50|100\/100\n|switch|p2b: Farigiraf|Farigiraf, L50, M|100\/100\n|turn|3\n|inactive|foguo has 30 seconds left.\n|\n|t:|1739612070\n|move|p2a: Regidrago|Dragon Energy|p1b: Ogerpon|[spread] p1a,p1b\n|-damage|p1a: Urshifu|0 fnt\n|-damage|p1b: Ogerpon|19\/100\n|faint|p1a: Urshifu\n|move|p2b: Farigiraf|Hyper Voice|p1b: Ogerpon\n|-damage|p1b: Ogerpon|0 fnt\n|faint|p1b: Ogerpon\n|-enditem|p2b: Farigiraf|Throat Spray\n|-boost|p2b: Farigiraf|spa|1|[from] item: Throat Spray\n|\n|upkeep\n|\n|t:|1739612081\n|switch|p1a: Calyrex|Calyrex-Ice, L50|100\/100\n|switch|p1b: Flutter Mane|Flutter Mane, L50|100\/100\n|-ability|p1a: Calyrex|As One\n|-ability|p1a: Calyrex|Unnerve\n|-enditem|p1b: Flutter Mane|Booster Energy\n|-activate|p1b: Flutter Mane|ability: Protosynthesis|[fromitem]\n|-start|p1b: Flutter Mane|protosynthesisspe\n|turn|4\n|inactive|The Slimmest Jesus has 30 seconds left.\n|\n|t:|1739612107\n|move|p2a: Regidrago|Protect|p2a: Regidrago\n|-singleturn|p2a: Regidrago|Protect\n|move|p2b: Farigiraf|Expanding Force|p1b: Flutter Mane\n|-damage|p1b: Flutter Mane|52\/100\n|move|p1a: Calyrex|Glacial Lance|p2a: Regidrago|[spread] p2b\n|-activate|p2a: Regidrago|move: Protect\n|-damage|p2b: Farigiraf|36\/100\n|move|p1b: Flutter Mane|Dazzling Gleam|p2b: Farigiraf|[spread] p2b\n|-activate|p2a: Regidrago|move: Protect\n|-damage|p2b: Farigiraf|2\/100\n|\n|upkeep\n|turn|5\n|inactive|The Slimmest Jesus has 30 seconds left.\n|\n|t:|1739612132\n|-terastallize|p2a: Regidrago|Dragon\n|move|p1b: Flutter Mane|Protect|p1b: Flutter Mane\n|-singleturn|p1b: Flutter Mane|Protect\n|move|p2a: Regidrago|Dragon Energy|p1a: Calyrex|[spread] p1a\n|-activate|p1b: Flutter Mane|move: Protect\n|-damage|p1a: Calyrex|29\/100\n|move|p2b: Farigiraf|Hyper Voice|p1a: Calyrex|[spread] p1a\n|-activate|p1b: Flutter Mane|move: Protect\n|-damage|p1a: Calyrex|0 fnt\n|faint|p1a: Calyrex\n|\n|-fieldend|move: Trick Room\n|upkeep\n|turn|6\n|\n|t:|1739612153\n|move|p1b: Flutter Mane|Dazzling Gleam|p2a: Regidrago|[spread] p2a,p2b\n|-supereffective|p2a: Regidrago\n|-damage|p2a: Regidrago|44\/100\n|-damage|p2b: Farigiraf|0 fnt\n|faint|p2b: Farigiraf\n|move|p2a: Regidrago|Earth Power|p1b: Flutter Mane\n|-damage|p1b: Flutter Mane|26\/100\n|\n|upkeep\n|turn|7\n|-message|The Slimmest Jesus forfeited.\n|\n|win|foguo\n|raw|foguo's rating: 1569 &rarr; <strong>1599<\/strong><br \/>(+30 for winning)\n|raw|The Slimmest Jesus's rating: 1756 &rarr; <strong>1726<\/strong><br \/>(-30 for losing)\n|l|\u2606The Slimmest Jesus\n|player|p2|\n","uploadtime":1739612167,"views":8,"formatid":"gen9vgc2025regg","rating":1599,"private":0,"password":null}