{"id":"gen9vgc2025regg-2301627953","format":"[Gen 9] VGC 2025 Reg G","players":["Rabble!","crowz000"],"log":"|j|\u2606Rabble!\n|j|\u2606crowz000\n|t:|1739675279\n|gametype|doubles\n|player|p1|Rabble!|2|1556\n|player|p2|crowz000|2|1634\n|teamsize|p1|6\n|teamsize|p2|6\n|gen|9\n|tier|[Gen 9] VGC 2025 Reg G\n|rated|\n|rule|Species Clause: Limit one of each Pok\u00e9mon\n|rule|Item Clause: Limit 1 of each item\n|clearpoke\n|poke|p1|Terapagos, L50, M|\n|poke|p1|Thundurus, L50, M|\n|poke|p1|Comfey, L50, F|\n|poke|p1|Rillaboom, L50, M|\n|poke|p1|Glimmora, L50, F|\n|poke|p1|Chi-Yu, L50|\n|poke|p2|Terapagos, L50, M|\n|poke|p2|Indeedee-F, L50, F|\n|poke|p2|Whimsicott, L50, M|\n|poke|p2|Urshifu-*, L50, F|\n|poke|p2|Ogerpon-Cornerstone, L50, F|\n|poke|p2|Volcarona, L50, F|\n|teampreview|4\n|\n|t:|1739675312\n|start\n|switch|p1a: Terapagos|Terapagos, L50, M|100\/100\n|switch|p1b: Thundurus|Thundurus, L50, M|100\/100\n|switch|p2a: Terapagos|Terapagos, L50, M|100\/100\n|switch|p2b: Indeedee|Indeedee-F, L50, F|100\/100\n|-activate|p2a: Terapagos|ability: Tera Shift\n|detailschange|p2a: Terapagos|Terapagos-Terastal, L50, M\n|-heal|p2a: Terapagos|100\/100|[silent]\n|-activate|p1a: Terapagos|ability: Tera Shift\n|detailschange|p1a: Terapagos|Terapagos-Terastal, L50, M\n|-heal|p1a: Terapagos|100\/100|[silent]\n|-fieldstart|move: Psychic Terrain|[from] ability: Psychic Surge|[of] p2b: Indeedee\n|turn|1\n|inactive|Battle timer is ON: inactive players will automatically lose when time's up. (requested by crowz000)\n|j| futonkagebunshin\n|\n|t:|1739675335\n|move|p1b: Thundurus|Wildbolt Storm|p2b: Indeedee|[spread] p2a\n|-miss|p1b: Thundurus|p2b: Indeedee\n|-activate|p2a: Terapagos|ability: Tera Shell\n|-resisted|p2a: Terapagos\n|-damage|p2a: Terapagos|86\/100\n|move|p2a: Terapagos|Meteor Beam||[still]\n|-prepare|p2a: Terapagos|Meteor Beam\n|-boost|p2a: Terapagos|spa|1\n|-enditem|p2a: Terapagos|Power Herb\n|-anim|p2a: Terapagos|Meteor Beam|p1b: Thundurus\n|-supereffective|p1b: Thundurus\n|-damage|p1b: Thundurus|0 fnt\n|faint|p1b: Thundurus\n|move|p1a: Terapagos|Calm Mind|p1a: Terapagos\n|-boost|p1a: Terapagos|spa|1\n|-boost|p1a: Terapagos|spd|1\n|move|p2b: Indeedee|Psychic|p1a: Terapagos\n|-activate|p1a: Terapagos|ability: Tera Shell\n|-resisted|p1a: Terapagos\n|-damage|p1a: Terapagos|91\/100\n|\n|-heal|p1a: Terapagos|97\/100|[from] item: Leftovers\n|upkeep\n|\n|t:|1739675354\n|switch|p1b: Comfey|Comfey, L50, F|100\/100\n|turn|2\n|\n|t:|1739675369\n|move|p2b: Indeedee|Helping Hand|p2a: Terapagos\n|-singleturn|p2a: Terapagos|Helping Hand|[of] p2b: Indeedee\n|move|p2a: Terapagos|Tera Starstorm|p1b: Comfey\n|-damage|p1b: Comfey|0 fnt\n|faint|p1b: Comfey\n|move|p1a: Terapagos|Calm Mind|p1a: Terapagos\n|-boost|p1a: Terapagos|spa|1\n|-boost|p1a: Terapagos|spd|1\n|\n|-heal|p1a: Terapagos|100\/100|[from] item: Leftovers\n|upkeep\n|\n|t:|1739675375\n|switch|p1b: Glimmora|Glimmora, L50, F|100\/100\n|turn|3\n|\n|t:|1739675387\n|move|p1b: Glimmora|Spiky Shield|p1b: Glimmora\n|-singleturn|p1b: Glimmora|move: Protect\n|move|p2a: Terapagos|Earth Power|p1b: Glimmora\n|-activate|p1b: Glimmora|move: Protect\n|move|p1a: Terapagos|Calm Mind|p1a: Terapagos\n|-boost|p1a: Terapagos|spa|1\n|-boost|p1a: Terapagos|spd|1\n|move|p2b: Indeedee|Psychic|p1a: Terapagos\n|-activate|p1a: Terapagos|ability: Tera Shell\n|-resisted|p1a: Terapagos\n|-damage|p1a: Terapagos|95\/100\n|\n|-heal|p1a: Terapagos|100\/100|[from] item: Leftovers\n|upkeep\n|turn|4\n|inactive|Rabble! has 30 seconds left.\n|inactive|crowz000 has 30 seconds left.\n|\n|t:|1739675415\n|-terastallize|p2a: Terapagos|Stellar\n|detailschange|p2a: Terapagos|Terapagos-Stellar, L50, M, tera:Stellar\n|-heal|p2a: Terapagos|90\/100|[silent]\n|-ability|p2a: Terapagos|Teraform Zero\n|-fieldend|move: Psychic Terrain\n|move|p2b: Indeedee|Helping Hand|p2a: Terapagos\n|-singleturn|p2a: Terapagos|Helping Hand|[of] p2b: Indeedee\n|move|p1b: Glimmora|Meteor Beam||[still]\n|-prepare|p1b: Glimmora|Meteor Beam\n|-boost|p1b: Glimmora|spa|1\n|-enditem|p1b: Glimmora|Power Herb\n|-anim|p1b: Glimmora|Meteor Beam|p2a: Terapagos\n|-damage|p2a: Terapagos|32\/100\n|move|p2a: Terapagos|Tera Starstorm|p1b: Glimmora|[spread] p1a,p1b\n|-activate|p1a: Terapagos|ability: Tera Shell\n|-resisted|p1a: Terapagos\n|-damage|p1a: Terapagos|86\/100\n|-damage|p1b: Glimmora|5\/100\n|move|p1a: Terapagos|Tera Starstorm|p2b: Indeedee\n|-damage|p2b: Indeedee|0 fnt\n|faint|p2b: Indeedee\n|\n|-heal|p1a: Terapagos|92\/100|[from] item: Leftovers\n|upkeep\n|\n|t:|1739675437\n|switch|p2b: Urshifu|Urshifu-Rapid-Strike, L50, F|100\/100\n|turn|5\n|\n|t:|1739675457\n|-terastallize|p1a: Terapagos|Stellar\n|detailschange|p1a: Terapagos|Terapagos-Stellar, L50, M, tera:Stellar\n|-heal|p1a: Terapagos|94\/100|[silent]\n|move|p2b: Urshifu|Aqua Jet|p1b: Glimmora\n|-supereffective|p1b: Glimmora\n|-damage|p1b: Glimmora|0 fnt\n|-activate|p1b: Glimmora|ability: Toxic Debris\n|-sidestart|p2: crowz000|move: Toxic Spikes\n|faint|p1b: Glimmora\n|move|p2a: Terapagos|Tera Starstorm|p1a: Terapagos\n|-supereffective|p1a: Terapagos\n|-damage|p1a: Terapagos|55\/100\n|move|p1a: Terapagos|Tera Starstorm|p2a: Terapagos|[spread] p2a,p2b\n|-supereffective|p2a: Terapagos\n|-damage|p2a: Terapagos|0 fnt\n|-enditem|p2b: Urshifu|Focus Sash\n|-damage|p2b: Urshifu|1\/100\n|faint|p2a: Terapagos\n|\n|-heal|p1a: Terapagos|61\/100|[from] item: Leftovers\n|upkeep\n|\n|t:|1739675476\n|switch|p2a: Ogerpon|Ogerpon-Cornerstone, L50, F|100\/100\n|-status|p2a: Ogerpon|psn\n|turn|6\n|\n|t:|1739675481\n|move|p2a: Ogerpon|Ivy Cudgel|p1a: Terapagos|[anim] Ivy Cudgel Rock\n|-damage|p1a: Terapagos|30\/100\n|move|p2b: Urshifu|Close Combat|p1a: Terapagos\n|-supereffective|p1a: Terapagos\n|-damage|p1a: Terapagos|0 fnt\n|-unboost|p2b: Urshifu|def|1\n|-unboost|p2b: Urshifu|spd|1\n|faint|p1a: Terapagos\n|\n|win|crowz000\n|raw|Rabble!'s rating: 1556 &rarr; <strong>1540<\/strong><br \/>(-16 for losing)\n|raw|crowz000's rating: 1634 &rarr; <strong>1650<\/strong><br \/>(+16 for winning)\n|l|\u2606Rabble!\n|player|p1|\n|l|\u2606crowz000\n|player|p2|\n","uploadtime":1739675755,"views":15,"formatid":"gen9vgc2025regg","rating":1540,"private":0,"password":null}