{"id":"gen9vgc2025regg-2301229809","format":"[Gen 9] VGC 2025 Reg G","players":["Admj8pgx'phj","fzyus"],"log":"|j|\u2606Admj8pgx'phj\n|j|\u2606fzyus\n|t:|1739621621\n|gametype|doubles\n|player|p1|Admj8pgx'phj|170|1581\n|player|p2|fzyus|2|1584\n|teamsize|p1|6\n|teamsize|p2|6\n|gen|9\n|tier|[Gen 9] VGC 2025 Reg G\n|rated|\n|rule|Species Clause: Limit one of each Pok\u00e9mon\n|rule|Item Clause: Limit 1 of each item\n|clearpoke\n|poke|p1|Urshifu-*, L50, F|\n|poke|p1|Whimsicott, L50, F|\n|poke|p1|Miraidon, L50|\n|poke|p1|Iron Hands, L50|\n|poke|p1|Gholdengo, L50|\n|poke|p1|Chien-Pao, L50|\n|poke|p2|Miraidon, L50|\n|poke|p2|Whimsicott, L50, M|\n|poke|p2|Urshifu-*, L50, F|\n|poke|p2|Ogerpon-Hearthflame, L50, F|\n|poke|p2|Farigiraf, L50, F|\n|poke|p2|Iron Hands, L50|\n|teampreview|4\n|inactive|Battle timer is ON: inactive players will automatically lose when time's up. (requested by fzyus)\n|j| 2-2-2 Ape\n|l| 2-2-2 Ape\n|inactive|fzyus has 60 seconds left.\n|\n|t:|1739621680\n|start\n|switch|p1a: Urshifu|Urshifu, L50, F|100\/100\n|switch|p1b: Whimsicott|Whimsicott, L50, F|100\/100\n|switch|p2a: Iron Hands|Iron Hands, L50, shiny|100\/100\n|switch|p2b: Miraidon|Miraidon, L50|100\/100\n|-fieldstart|move: Electric Terrain|[from] ability: Hadron Engine|[of] p2b: Miraidon\n|-activate|p2a: Iron Hands|ability: Quark Drive\n|-start|p2a: Iron Hands|quarkdriveatk\n|turn|1\n|inactive|Admj8pgx'phj has 30 seconds left.\n|inactive|fzyus has 30 seconds left.\n|inactive|Admj8pgx'phj has 20 seconds left.\n|inactive|fzyus has 20 seconds left.\n|inactive|Admj8pgx'phj has 15 seconds left.\n|\n|t:|1739621723\n|move|p2a: Iron Hands|Fake Out|p1a: Urshifu\n|-crit|p1a: Urshifu\n|-damage|p1a: Urshifu|71\/100\n|move|p1b: Whimsicott|Tailwind|p1b: Whimsicott\n|-sidestart|p1: Admj8pgx'phj|move: Tailwind\n|cant|p1a: Urshifu|flinch\n|move|p2b: Miraidon|Volt Switch|p1a: Urshifu\n|-damage|p1a: Urshifu|0 fnt\n|faint|p1a: Urshifu\n|\n|t:|1739621739\n|switch|p2b: Whimsicott|Whimsicott, L50, M, shiny|100\/100|[from] Volt Switch\n|\n|upkeep\n|\n|t:|1739621745\n|switch|p1a: Chien-Pao|Chien-Pao, L50|100\/100\n|-ability|p1a: Chien-Pao|Sword of Ruin\n|turn|2\n|j| falcon108\n|j| 2-2-2 Ape\n|l| 2-2-2 Ape\n|inactive|fzyus has 30 seconds left.\n|inactive|fzyus has 20 seconds left.\n|inactive|fzyus has 15 seconds left.\n|\n|t:|1739621790\n|-end|p2a: Iron Hands|Quark Drive|[silent]\n|switch|p2a: Urshifu|Urshifu-Rapid-Strike, L50, F|100\/100\n|move|p1b: Whimsicott|Encore||[still]\n|-fail|p1b: Whimsicott\n|move|p1a: Chien-Pao|Ice Shard|p2b: Whimsicott\n|-supereffective|p2b: Whimsicott\n|-damage|p2b: Whimsicott|0 fnt\n|faint|p2b: Whimsicott\n|-damage|p1a: Chien-Pao|91\/100|[from] item: Life Orb\n|\n|upkeep\n|inactive|fzyus has 30 seconds left.\n|\n|t:|1739621815\n|switch|p2b: Iron Hands|Iron Hands, L50, shiny|100\/100\n|-activate|p2b: Iron Hands|ability: Quark Drive\n|-start|p2b: Iron Hands|quarkdriveatk\n|turn|3\n|inactive|fzyus has 30 seconds left.\n|\n|t:|1739621842\n|move|p2b: Iron Hands|Fake Out|p1a: Chien-Pao\n|-damage|p1a: Chien-Pao|65\/100\n|move|p1b: Whimsicott|Moonblast|p2a: Urshifu\n|-supereffective|p2a: Urshifu\n|-enditem|p2a: Urshifu|Focus Sash\n|-damage|p2a: Urshifu|1\/100\n|cant|p1a: Chien-Pao|flinch\n|move|p2a: Urshifu|Surging Strikes|p1a: Chien-Pao\n|-crit|p1a: Chien-Pao\n|-damage|p1a: Chien-Pao|38\/100\n|-crit|p1a: Chien-Pao\n|-damage|p1a: Chien-Pao|9\/100\n|-crit|p1a: Chien-Pao\n|-damage|p1a: Chien-Pao|0 fnt\n|faint|p1a: Chien-Pao\n|-hitcount|p1: Chien-Pao|3\n|\n|upkeep\n|\n|t:|1739621848\n|switch|p1a: Miraidon|Miraidon, L50|100\/100\n|-activate|p1a: Miraidon|ability: Hadron Engine\n|turn|4\n|inactive|fzyus has 30 seconds left.\n|\n|t:|1739621880\n|-terastallize|p1a: Miraidon|Fairy\n|-terastallize|p2b: Iron Hands|Bug\n|move|p1b: Whimsicott|Encore|p2b: Iron Hands\n|-start|p2b: Iron Hands|Encore\n|move|p2a: Urshifu|Aqua Jet|p1b: Whimsicott\n|-resisted|p1b: Whimsicott\n|-damage|p1b: Whimsicott|82\/100\n|move|p1a: Miraidon|Dazzling Gleam|p2b: Iron Hands|[spread] p2a,p2b\n|-supereffective|p2a: Urshifu\n|-damage|p2a: Urshifu|0 fnt\n|-damage|p2b: Iron Hands|67\/100\n|faint|p2a: Urshifu\n|move|p2b: Iron Hands|Fake Out||[still]\n|-hint|Fake Out only works on your first turn out.\n|-fail|p2b: Iron Hands\n|\n|-sideend|p1: Admj8pgx'phj|move: Tailwind\n|upkeep\n|\n|t:|1739621896\n|switch|p2a: Miraidon|Miraidon, L50|100\/100\n|-activate|p2a: Miraidon|ability: Hadron Engine\n|turn|5\n|\n|t:|1739621905\n|move|p2b: Iron Hands|Fake Out||[still]\n|-hint|Fake Out only works on your first turn out.\n|-fail|p2b: Iron Hands\n|move|p1b: Whimsicott|Tailwind|p1b: Whimsicott\n|-sidestart|p1: Admj8pgx'phj|move: Tailwind\n|move|p1a: Miraidon|Dazzling Gleam|p2b: Iron Hands|[spread] p2a,p2b\n|-supereffective|p2a: Miraidon\n|-damage|p2a: Miraidon|0 fnt\n|-damage|p2b: Iron Hands|29\/100\n|faint|p2a: Miraidon\n|\n|-fieldend|move: Electric Terrain\n|-end|p2b: Iron Hands|Quark Drive\n|upkeep\n|turn|6\n|-message|fzyus forfeited.\n|\n|win|Admj8pgx'phj\n|raw|Admj8pgx&apos;phj's rating: 1581 &rarr; <strong>1601<\/strong><br \/>(+20 for winning)\n|raw|fzyus's rating: 1584 &rarr; <strong>1564<\/strong><br \/>(-20 for losing)\n|l|\u2606fzyus\n|player|p2|\n|l| falcon108\n","uploadtime":1739622079,"views":5,"formatid":"gen9vgc2025regg","rating":1564,"private":0,"password":null}