{"id":"gen9vgc2025regg-2301000709","format":"[Gen 9] VGC 2025 Reg G","players":["chappell murkroan","meiose"],"log":"|j|\u2606chappell murkroan\n|j|\u2606meiose\n|t:|1739578766\n|gametype|doubles\n|player|p1|chappell murkroan|caitlin|1622\n|player|p2|meiose|schoolkid-gen4|1625\n|teamsize|p1|6\n|teamsize|p2|6\n|gen|9\n|tier|[Gen 9] VGC 2025 Reg G\n|rated|\n|rule|Species Clause: Limit one of each Pok\u00e9mon\n|rule|Item Clause: Limit 1 of each item\n|clearpoke\n|poke|p1|Calyrex-Ice, L50|\n|poke|p1|Landorus, L50, M|\n|poke|p1|Amoonguss, L50, M|\n|poke|p1|Urshifu-*, L50, F|\n|poke|p1|Roaring Moon, L50|\n|poke|p1|Ogerpon-Hearthflame, L50, F|\n|poke|p2|Calyrex-Shadow, L50|\n|poke|p2|Ting-Lu, L50|\n|poke|p2|Dondozo, L50, M|\n|poke|p2|Raging Bolt, L50|\n|poke|p2|Urshifu-*, L50, M|\n|poke|p2|Whimsicott, L50, M|\n|teampreview|4\n|inactive|Battle timer is ON: inactive players will automatically lose when time's up. (requested by chappell murkroan)\n|inactive|chappell murkroan has 60 seconds left.\n|inactive|meiose has 60 seconds left.\n|j| sauromon\n|inactive|meiose has 30 seconds left.\n|inactive|meiose has 20 seconds left.\n|inactive|meiose has 15 seconds left.\n|inactive|meiose has 10 seconds left.\n|inactive|meiose has 5 seconds left.\n|\n|t:|1739578855\n|start\n|switch|p1a: Calyrex|Calyrex-Ice, L50|100\/100\n|switch|p1b: Roaring Moon|Roaring Moon, L50|100\/100\n|switch|p2a: Ting-Lu|Ting-Lu, L50|100\/100\n|switch|p2b: Dondozo|Dondozo, L50, M|100\/100\n|-ability|p1a: Calyrex|As One\n|-ability|p1a: Calyrex|Unnerve\n|-ability|p2a: Ting-Lu|Vessel of Ruin\n|-enditem|p1b: Roaring Moon|Booster Energy\n|-activate|p1b: Roaring Moon|ability: Protosynthesis|[fromitem]\n|-start|p1b: Roaring Moon|protosynthesisspe\n|turn|1\n|\n|t:|1739578866\n|-terastallize|p2a: Ting-Lu|Fairy\n|move|p1b: Roaring Moon|Knock Off|p2b: Dondozo\n|-damage|p2b: Dondozo|72\/100\n|-enditem|p2b: Dondozo|Leftovers|[from] move: Knock Off|[of] p1b: Roaring Moon\n|move|p1a: Calyrex|Glacial Lance|p2b: Dondozo|[spread] p2a,p2b\n|-resisted|p2b: Dondozo\n|-damage|p2a: Ting-Lu|73\/100\n|-damage|p2b: Dondozo|58\/100\n|move|p2a: Ting-Lu|Sand Tomb|p1a: Calyrex\n|-damage|p1a: Calyrex|93\/100\n|-activate|p1a: Calyrex|move: Sand Tomb|[of] p2a: Ting-Lu\n|move|p2b: Dondozo|Yawn|p1a: Calyrex\n|-start|p1a: Calyrex|move: Yawn|[of] p2b: Dondozo\n|\n|-damage|p1a: Calyrex|81\/100|[from] move: Sand Tomb|[partiallytrapped]\n|upkeep\n|turn|2\n|\n|t:|1739578874\n|move|p2a: Ting-Lu|Protect|p2a: Ting-Lu\n|-singleturn|p2a: Ting-Lu|Protect\n|move|p2b: Dondozo|Protect|p2b: Dondozo\n|-singleturn|p2b: Dondozo|Protect\n|move|p1b: Roaring Moon|Knock Off|p2a: Ting-Lu\n|-activate|p2a: Ting-Lu|move: Protect\n|move|p1a: Calyrex|Glacial Lance|p2b: Dondozo|[spread] \n|-activate|p2a: Ting-Lu|move: Protect\n|-activate|p2b: Dondozo|move: Protect\n|\n|-damage|p1a: Calyrex|69\/100|[from] move: Sand Tomb|[partiallytrapped]\n|-end|p1a: Calyrex|move: Yawn|[silent]\n|-status|p1a: Calyrex|slp\n|upkeep\n|turn|3\n|\n|t:|1739578883\n|move|p1b: Roaring Moon|Knock Off|p2a: Ting-Lu\n|-resisted|p2a: Ting-Lu\n|-damage|p2a: Ting-Lu|62\/100\n|-damage|p1b: Roaring Moon|84\/100|[from] item: Rocky Helmet|[of] p2a: Ting-Lu\n|-enditem|p2a: Ting-Lu|Rocky Helmet|[from] move: Knock Off|[of] p1b: Roaring Moon\n|cant|p1a: Calyrex|slp\n|move|p2a: Ting-Lu|Ruination|p1a: Calyrex\n|-damage|p1a: Calyrex|35\/100 slp\n|move|p2b: Dondozo|Wave Crash|p1a: Calyrex\n|-crit|p1a: Calyrex\n|-damage|p1a: Calyrex|0 fnt\n|faint|p1a: Calyrex\n|-damage|p2b: Dondozo|49\/100|[from] Recoil\n|\n|upkeep\n|inactive|chappell murkroan has 30 seconds left.\n|\n|t:|1739578909\n|switch|p1a: Urshifu|Urshifu-Rapid-Strike, L50, F|100\/100\n|turn|4\n|inactive|meiose has 30 seconds left.\n|inactive|meiose has 20 seconds left.\n|\n|t:|1739578944\n|-terastallize|p1b: Roaring Moon|Flying\n|move|p1b: Roaring Moon|Acrobatics|p2b: Dondozo\n|-damage|p2b: Dondozo|19\/100\n|move|p1a: Urshifu|Close Combat|p2b: Dondozo\n|-damage|p2b: Dondozo|0 fnt\n|-unboost|p1a: Urshifu|def|1\n|-unboost|p1a: Urshifu|spd|1\n|faint|p2b: Dondozo\n|move|p2a: Ting-Lu|Ruination|p1a: Urshifu\n|-damage|p1a: Urshifu|51\/100\n|\n|upkeep\n|\n|t:|1739578953\n|switch|p2b: Whimsicott|Whimsicott, L50, M|100\/100\n|turn|5\n|\n|t:|1739578973\n|switch|p1a: Ogerpon|Ogerpon-Hearthflame, L50, F|100\/100\n|-ability|p1a: Ogerpon|Mold Breaker\n|move|p2b: Whimsicott|Tailwind|p2b: Whimsicott\n|-sidestart|p2: meiose|move: Tailwind\n|move|p1b: Roaring Moon|Tailwind|p1b: Roaring Moon\n|-sidestart|p1: chappell murkroan|move: Tailwind\n|move|p2a: Ting-Lu|Ruination|p1b: Roaring Moon\n|-damage|p1b: Roaring Moon|42\/100\n|\n|upkeep\n|turn|6\n|\n|t:|1739578985\n|move|p1a: Ogerpon|Follow Me|p1a: Ogerpon\n|-singleturn|p1a: Ogerpon|move: Follow Me\n|move|p2b: Whimsicott|Encore|p1a: Ogerpon\n|-start|p1a: Ogerpon|Encore\n|move|p1b: Roaring Moon|Acrobatics|p2b: Whimsicott\n|-supereffective|p2b: Whimsicott\n|-damage|p2b: Whimsicott|0 fnt\n|faint|p2b: Whimsicott\n|move|p2a: Ting-Lu|Sand Tomb|p1a: Ogerpon\n|-damage|p1a: Ogerpon|90\/100\n|-activate|p1a: Ogerpon|move: Sand Tomb|[of] p2a: Ting-Lu\n|\n|-damage|p1a: Ogerpon|78\/100|[from] move: Sand Tomb|[partiallytrapped]\n|upkeep\n|\n|t:|1739578990\n|switch|p2b: Calyrex|Calyrex-Shadow, L50|100\/100\n|-ability|p2b: Calyrex|As One\n|-ability|p2b: Calyrex|Unnerve\n|turn|7\n|\n|t:|1739579001\n|move|p1a: Ogerpon|Follow Me|p1a: Ogerpon\n|-singleturn|p1a: Ogerpon|move: Follow Me\n|move|p1b: Roaring Moon|Knock Off|p2b: Calyrex\n|-supereffective|p2b: Calyrex\n|-enditem|p2b: Calyrex|Focus Sash\n|-damage|p2b: Calyrex|1\/100\n|move|p2b: Calyrex|Astral Barrage|p1a: Ogerpon|[spread] p1a,p1b\n|-damage|p1a: Ogerpon|39\/100\n|-damage|p1b: Roaring Moon|4\/100\n|move|p2a: Ting-Lu|Stealth Rock|p1a: Ogerpon\n|-sidestart|p1: chappell murkroan|move: Stealth Rock\n|\n|-damage|p1a: Ogerpon|27\/100|[from] move: Sand Tomb|[partiallytrapped]\n|upkeep\n|turn|8\n|\n|t:|1739579022\n|move|p2b: Calyrex|Protect|p2b: Calyrex\n|-singleturn|p2b: Calyrex|Protect\n|move|p1a: Ogerpon|Follow Me|p1a: Ogerpon\n|-singleturn|p1a: Ogerpon|move: Follow Me\n|move|p1b: Roaring Moon|Acrobatics|p2b: Calyrex\n|-activate|p2b: Calyrex|move: Protect\n|move|p2a: Ting-Lu|Ruination|p1a: Ogerpon|[miss]\n|-miss|p2a: Ting-Lu|p1a: Ogerpon\n|\n|-damage|p1a: Ogerpon|15\/100|[from] move: Sand Tomb|[partiallytrapped]\n|-sideend|p2: meiose|move: Tailwind\n|-sideend|p1: chappell murkroan|move: Tailwind\n|upkeep\n|turn|9\n|-message|meiose forfeited.\n|\n|win|chappell murkroan\n|raw|chappell murkroan's rating: 1622 &rarr; <strong>1642<\/strong><br \/>(+20 for winning)\n|raw|meiose's rating: 1625 &rarr; <strong>1605<\/strong><br \/>(-20 for losing)\n|l|\u2606meiose\n|player|p2|\n|l|\u2606chappell murkroan\n|player|p1|\n","uploadtime":1739579220,"views":10,"formatid":"gen9vgc2025regg","rating":1605,"private":0,"password":null}