{"id":"gen9vgc2025regg-2301265379","format":"[Gen 9] VGC 2025 Reg G","players":["fzyus","metakurozashi"],"log":"|j|\u2606fzyus\n|j|\u2606metakurozashi\n|t:|1739627750\n|gametype|doubles\n|player|p1|fzyus|2|1560\n|player|p2|metakurozashi|169|1613\n|teamsize|p1|6\n|teamsize|p2|6\n|gen|9\n|tier|[Gen 9] VGC 2025 Reg G\n|rated|\n|rule|Species Clause: Limit one of each Pok\u00e9mon\n|rule|Item Clause: Limit 1 of each item\n|clearpoke\n|poke|p1|Calyrex-Shadow, L50|\n|poke|p1|Indeedee-F, L50, F|\n|poke|p1|Weezing-Galar, L50, M|\n|poke|p1|Dondozo, L50, M|\n|poke|p1|Tatsugiri-Droopy, L50, M|\n|poke|p1|Chi-Yu, L50|\n|poke|p2|Calyrex-Ice, L50|\n|poke|p2|Amoonguss, L50, M|\n|poke|p2|Indeedee-F, L50, F|\n|poke|p2|Flutter Mane, L50|\n|poke|p2|Ogerpon-Cornerstone, L50, F|\n|poke|p2|Urshifu-*, L50, M|\n|teampreview|4\n|j| AmdAndrewVGC\n|inactive|Battle timer is ON: inactive players will automatically lose when time's up. (requested by fzyus)\n|l| AmdAndrewVGC\n|inactive|metakurozashi has 60 seconds left.\n|\n|t:|1739627792\n|start\n|switch|p1a: Weezing|Weezing-Galar, L50, M, shiny|100\/100\n|switch|p1b: Calyrex|Calyrex-Shadow, L50|100\/100\n|switch|p2a: Calyrex|Calyrex-Ice, L50|100\/100\n|switch|p2b: Indeedee|Indeedee-F, L50, F|100\/100\n|-ability|p1a: Weezing|Neutralizing Gas\n|-ability|p1b: Calyrex|As One\n|-ability|p1b: Calyrex|Unnerve\n|-ability|p2a: Calyrex|As One\n|-ability|p2a: Calyrex|Unnerve\n|turn|1\n|\n|t:|1739627813\n|-terastallize|p2a: Calyrex|Water\n|move|p2b: Indeedee|Follow Me|p2b: Indeedee\n|-singleturn|p2b: Indeedee|move: Follow Me\n|move|p1b: Calyrex|Astral Barrage|p2a: Calyrex|[spread] p2a\n|-immune|p2b: Indeedee\n|-damage|p2a: Calyrex|52\/100\n|-damage|p1b: Calyrex|91\/100|[from] item: Life Orb\n|move|p2a: Calyrex|Glacial Lance|p1a: Weezing|[spread] p1a,p1b\n|-damage|p1a: Weezing|32\/100\n|-damage|p1b: Calyrex|0 fnt\n|faint|p1b: Calyrex\n|-ability|p2a: Calyrex|Chilling Neigh|boost\n|-boost|p2a: Calyrex|atk|1\n|move|p1a: Weezing|Toxic Spikes|p2b: Indeedee\n|-sidestart|p2: metakurozashi|move: Toxic Spikes\n|\n|upkeep\n|\n|t:|1739627831\n|switch|p1b: Dondozo|Dondozo, L50, M, shiny|100\/100\n|turn|2\n|\n|t:|1739627842\n|switch|p2a: Amoonguss|Amoonguss, L50, M|100\/100\n|-enditem|p1a: Weezing|Sitrus Berry|[eat]\n|-heal|p1a: Weezing|57\/100|[from] item: Sitrus Berry\n|-sideend|p2: metakurozashi|move: Toxic Spikes|[of] p2a: Amoonguss\n|-end|p1a: Weezing|ability: Neutralizing Gas\n|-fieldstart|move: Psychic Terrain|[from] ability: Psychic Surge|[of] p2b: Indeedee\n|switch|p1a: Tatsugiri|Tatsugiri-Droopy, L50, M|100\/100\n|-activate|p1a: Tatsugiri|ability: Commander|[of] p1b: Dondozo\n|-boost|p1b: Dondozo|atk|2\n|-boost|p1b: Dondozo|spa|2\n|-boost|p1b: Dondozo|spe|2\n|-boost|p1b: Dondozo|def|2\n|-boost|p1b: Dondozo|spd|2\n|move|p1b: Dondozo|Order Up|p2a: Amoonguss\n|-damage|p2a: Amoonguss|71\/100\n|-boost|p1b: Dondozo|def|1\n|move|p2b: Indeedee|Trick Room|p2b: Indeedee\n|-fieldstart|move: Trick Room|[of] p2b: Indeedee\n|\n|upkeep\n|turn|3\n|\n|t:|1739627864\n|move|p1b: Dondozo|Protect|p1b: Dondozo\n|-singleturn|p1b: Dondozo|Protect\n|move|p2a: Amoonguss|Clear Smog|p1b: Dondozo\n|-activate|p1b: Dondozo|move: Protect\n|move|p2b: Indeedee|Psychic|p1b: Dondozo\n|-activate|p1b: Dondozo|move: Protect\n|\n|upkeep\n|turn|4\n|\n|t:|1739627877\n|move|p2a: Amoonguss|Clear Smog|p1b: Dondozo\n|-damage|p1b: Dondozo|94\/100\n|-clearboost|p1b: Dondozo\n|move|p1b: Dondozo|Order Up|p2a: Amoonguss\n|-damage|p2a: Amoonguss|57\/100\n|-boost|p1b: Dondozo|def|1\n|move|p2b: Indeedee|Psychic|p1b: Dondozo\n|-damage|p1b: Dondozo|67\/100\n|-unboost|p1b: Dondozo|spd|1\n|\n|-heal|p1b: Dondozo|72\/100|[from] item: Leftovers\n|upkeep\n|turn|5\n|\n|t:|1739627894\n|switch|p2b: Urshifu|Urshifu, L50, M|100\/100\n|move|p1b: Dondozo|Protect|p1b: Dondozo\n|-singleturn|p1b: Dondozo|Protect\n|move|p2a: Amoonguss|Clear Smog|p1b: Dondozo\n|-activate|p1b: Dondozo|move: Protect\n|\n|-heal|p1b: Dondozo|78\/100|[from] item: Leftovers\n|upkeep\n|turn|6\n|\n|t:|1739627913\n|move|p2a: Amoonguss|Spore|p1b: Dondozo\n|-status|p1b: Dondozo|slp|[from] move: Spore\n|cant|p1b: Dondozo|slp\n|move|p2b: Urshifu|Wicked Blow|p1b: Dondozo\n|-crit|p1b: Dondozo\n|-damage|p1b: Dondozo|42\/100 slp\n|\n|-heal|p1b: Dondozo|48\/100 slp|[from] item: Leftovers\n|-fieldend|move: Trick Room\n|-fieldend|move: Psychic Terrain\n|upkeep\n|turn|7\n|\n|t:|1739627931\n|switch|p2a: Indeedee|Indeedee-F, L50, F|100\/100\n|-fieldstart|move: Psychic Terrain|[from] ability: Psychic Surge|[of] p2a: Indeedee\n|move|p2b: Urshifu|Wicked Blow|p1b: Dondozo\n|-crit|p1b: Dondozo\n|-damage|p1b: Dondozo|9\/100 slp\n|cant|p1b: Dondozo|slp\n|\n|-heal|p1b: Dondozo|15\/100 slp|[from] item: Leftovers\n|upkeep\n|turn|8\n|-message|fzyus forfeited.\n|\n|win|metakurozashi\n|raw|fzyus's rating: 1546 &rarr; <strong>1530<\/strong><br \/>(-16 for losing)\n|raw|metakurozashi's rating: 1613 &rarr; <strong>1629<\/strong><br \/>(+16 for winning)\n|l|\u2606fzyus\n|player|p1|\n|l|\u2606metakurozashi\n|player|p2|\n","uploadtime":1739628141,"views":5,"formatid":"gen9vgc2025regg","rating":1530,"private":0,"password":null}