{"id":"gen9vgc2025regg-2301134411","format":"[Gen 9] VGC 2025 Reg G","players":["inferno_on_top","GholdAndGoHome"],"log":"|j|\u2606inferno_on_top\n|j|\u2606GholdAndGoHome\n|t:|1739600468\n|gametype|doubles\n|player|p1|inferno_on_top|gentleman-gen4|1577\n|player|p2|GholdAndGoHome|102|1727\n|teamsize|p1|6\n|teamsize|p2|6\n|gen|9\n|tier|[Gen 9] VGC 2025 Reg G\n|rated|\n|rule|Species Clause: Limit one of each Pok\u00e9mon\n|rule|Item Clause: Limit 1 of each item\n|clearpoke\n|poke|p1|Ogerpon-Cornerstone, L50, F|\n|poke|p1|Flutter Mane, L50|\n|poke|p1|Calyrex-Shadow, L50|\n|poke|p1|Smeargle, L50, M|\n|poke|p1|Gurdurr, L50, M|\n|poke|p1|Umbreon, L50, F|\n|poke|p2|Chien-Pao, L50|\n|poke|p2|Miraidon, L50|\n|poke|p2|Whimsicott, L50, F|\n|poke|p2|Entei, L50|\n|poke|p2|Iron Hands, L50|\n|poke|p2|Iron Treads, L50|\n|teampreview|4\n|\n|t:|1739600491\n|start\n|switch|p1a: Smeargle|Smeargle, L50, M|100\/100\n|switch|p1b: Calyrex|Calyrex-Shadow, L50|100\/100\n|switch|p2a: Whimsicott|Whimsicott, L50, F|100\/100\n|switch|p2b: Miraidon|Miraidon, L50|100\/100\n|-ability|p1b: Calyrex|As One\n|-ability|p1b: Calyrex|Unnerve\n|-fieldstart|move: Electric Terrain|[from] ability: Hadron Engine|[of] p2b: Miraidon\n|turn|1\n|inactive|Battle timer is ON: inactive players will automatically lose when time's up. (requested by inferno_on_top)\n|\n|t:|1739600507\n|move|p1b: Calyrex|Protect|p1b: Calyrex\n|-singleturn|p1b: Calyrex|Protect\n|move|p2a: Whimsicott|Light Screen|p2a: Whimsicott\n|-sidestart|p2: GholdAndGoHome|move: Light Screen\n|move|p2b: Miraidon|Dazzling Gleam|p1a: Smeargle|[spread] p1a\n|-activate|p1b: Calyrex|move: Protect\n|-damage|p1a: Smeargle|11\/100\n|move|p1a: Smeargle|Decorate|p1b: Calyrex\n|-boost|p1b: Calyrex|atk|2\n|-boost|p1b: Calyrex|spa|2\n|\n|-ability|p1a: Smeargle|Moody|boost\n|-boost|p1a: Smeargle|spd|2\n|-unboost|p1a: Smeargle|atk|1\n|upkeep\n|turn|2\n|\n|t:|1739600519\n|move|p1a: Smeargle|Follow Me|p1a: Smeargle\n|-singleturn|p1a: Smeargle|move: Follow Me\n|move|p2a: Whimsicott|Tailwind|p2a: Whimsicott\n|-sidestart|p2: GholdAndGoHome|move: Tailwind\n|move|p2b: Miraidon|Dazzling Gleam|p1b: Calyrex|[spread] p1a,p1b\n|-damage|p1a: Smeargle|0 fnt\n|-damage|p1b: Calyrex|54\/100\n|faint|p1a: Smeargle\n|move|p1b: Calyrex|Astral Barrage|p2b: Miraidon|[spread] p2a,p2b\n|-damage|p2a: Whimsicott|0 fnt\n|-damage|p2b: Miraidon|13\/100\n|faint|p2a: Whimsicott\n|-ability|p1b: Calyrex|Grim Neigh|boost\n|-boost|p1b: Calyrex|spa|1\n|-damage|p1b: Calyrex|44\/100|[from] item: Life Orb\n|\n|upkeep\n|\n|t:|1739600534\n|switch|p2a: Iron Treads|Iron Treads, L50|100\/100\n|switch|p1a: Built different|Ogerpon-Cornerstone, L50, F|100\/100\n|-activate|p2a: Iron Treads|ability: Quark Drive\n|-start|p2a: Iron Treads|quarkdrivespe\n|turn|3\n|inactive|inferno_on_top has 30 seconds left.\n|\n|t:|1739600559\n|move|p1b: Calyrex|Protect|p1b: Calyrex\n|-singleturn|p1b: Calyrex|Protect\n|move|p1a: Built different|Spiky Shield|p1a: Built different\n|-singleturn|p1a: Built different|move: Protect\n|move|p2a: Iron Treads|Iron Head|p1a: Built different\n|-activate|p1a: Built different|move: Protect\n|-damage|p2a: Iron Treads|88\/100|[from] Spiky Shield|[of] p1a: Built different\n|move|p2b: Miraidon|Dazzling Gleam|p1a: Built different|[spread] \n|-activate|p1a: Built different|move: Protect\n|-activate|p1b: Calyrex|move: Protect\n|\n|upkeep\n|turn|4\n|inactive|inferno_on_top has 30 seconds left.\n|\n|t:|1739600593\n|switch|p1b: Flutter Mane|Flutter Mane, L50|100\/100\n|-enditem|p1b: Flutter Mane|Booster Energy\n|-activate|p1b: Flutter Mane|ability: Protosynthesis|[fromitem]\n|-start|p1b: Flutter Mane|protosynthesisspe\n|-terastallize|p2b: Miraidon|Fairy\n|move|p1a: Built different|Follow Me|p1a: Built different\n|-singleturn|p1a: Built different|move: Follow Me\n|move|p2a: Iron Treads|Iron Head|p1a: Built different\n|-supereffective|p1a: Built different\n|-ability|p1a: Built different|Sturdy\n|-damage|p1a: Built different|1\/100\n|-damage|p2a: Iron Treads|79\/100|[from] item: Life Orb\n|move|p2b: Miraidon|Dazzling Gleam|p1a: Built different|[spread] p1a,p1b\n|-damage|p1a: Built different|0 fnt\n|-damage|p1b: Flutter Mane|36\/100\n|faint|p1a: Built different\n|\n|upkeep\n|\n|t:|1739600609\n|switch|p1a: Calyrex|Calyrex-Shadow, L50|44\/100\n|-ability|p1a: Calyrex|As One\n|-ability|p1a: Calyrex|Unnerve\n|turn|5\n|inactive|GholdAndGoHome has 30 seconds left.\n|\n|t:|1739600636\n|switch|p2b: Entei|Entei, L50|100\/100\n|move|p1b: Flutter Mane|Protect|p1b: Flutter Mane\n|-singleturn|p1b: Flutter Mane|Protect\n|move|p1a: Calyrex|Protect|p1a: Calyrex\n|-singleturn|p1a: Calyrex|Protect\n|move|p2a: Iron Treads|Iron Head|p1b: Flutter Mane\n|-activate|p1b: Flutter Mane|move: Protect\n|\n|-sideend|p2: GholdAndGoHome|move: Light Screen\n|-sideend|p2: GholdAndGoHome|move: Tailwind\n|-fieldend|move: Electric Terrain\n|-end|p2a: Iron Treads|Quark Drive\n|upkeep\n|turn|6\n|\n|t:|1739600658\n|move|p1b: Flutter Mane|Shadow Ball|p2a: Iron Treads\n|-damage|p2a: Iron Treads|14\/100\n|move|p1a: Calyrex|Astral Barrage|p2b: Entei|[spread] p2a,p2b\n|-damage|p2a: Iron Treads|0 fnt\n|-damage|p2b: Entei|31\/100\n|faint|p2a: Iron Treads\n|-end|p2a: Iron Treads|Quark Drive|[silent]\n|-ability|p1a: Calyrex|Grim Neigh|boost\n|-boost|p1a: Calyrex|spa|1\n|-damage|p1a: Calyrex|35\/100|[from] item: Life Orb\n|move|p2b: Entei|Sacred Fire|p1a: Calyrex\n|-damage|p1a: Calyrex|0 fnt\n|faint|p1a: Calyrex\n|\n|upkeep\n|\n|t:|1739600663\n|switch|p2a: Miraidon|Miraidon, L50, tera:Fairy|13\/100\n|-fieldstart|move: Electric Terrain|[from] ability: Hadron Engine|[of] p2a: Miraidon\n|turn|7\n|\n|t:|1739600669\n|-terastallize|p1b: Flutter Mane|Fairy\n|move|p1b: Flutter Mane|Dazzling Gleam|p2b: Entei|[spread] p2a,p2b\n|-resisted|p2b: Entei\n|-damage|p2a: Miraidon|0 fnt\n|-damage|p2b: Entei|10\/100\n|faint|p2a: Miraidon\n|move|p2b: Entei|Sacred Fire|p1b: Flutter Mane\n|-damage|p1b: Flutter Mane|0 fnt\n|faint|p1b: Flutter Mane\n|-end|p1b: Flutter Mane|Protosynthesis|[silent]\n|\n|win|GholdAndGoHome\n|raw|inferno_on_top's rating: 1577 &rarr; <strong>1565<\/strong><br \/>(-12 for losing)\n|raw|GholdAndGoHome's rating: 1727 &rarr; <strong>1739<\/strong><br \/>(+12 for winning)\n|l|\u2606GholdAndGoHome\n|player|p2|\n","uploadtime":1739600873,"views":5,"formatid":"gen9vgc2025regg","rating":1565,"private":0,"password":null}