{"id":"gen9vgc2025regg-2301478164","format":"[Gen 9] VGC 2025 Reg G","players":["Crysantimo","IchibanActor"],"log":"|j|\u2606Crysantimo\n|j|\u2606IchibanActor\n|t:|1739655246\n|gametype|doubles\n|player|p1|Crysantimo|zinzolin|1550\n|player|p2|IchibanActor|richboy-gen4|1522\n|teamsize|p1|6\n|teamsize|p2|6\n|gen|9\n|tier|[Gen 9] VGC 2025 Reg G\n|rated|\n|rule|Species Clause: Limit one of each Pok\u00e9mon\n|rule|Item Clause: Limit 1 of each item\n|clearpoke\n|poke|p1|Calyrex-Shadow, L50|\n|poke|p1|Chi-Yu, L50|\n|poke|p1|Weezing-Galar, L50, M|\n|poke|p1|Pawmot, L50, F|\n|poke|p1|Dragonite, L50, M|\n|poke|p1|Electabuzz, L50, F|\n|poke|p2|Whimsicott, L50, M|\n|poke|p2|Zacian-*, L50|\n|poke|p2|Chi-Yu, L50|\n|poke|p2|Ogerpon-Wellspring, L50, F|\n|poke|p2|Regidrago, L50|\n|poke|p2|Ditto, L50|\n|teampreview|4\n|inactive|Battle timer is ON: inactive players will automatically lose when time's up. (requested by IchibanActor)\n|inactive|IchibanActor has 60 seconds left.\n|j| mr pogostick\n|\n|t:|1739655301\n|start\n|switch|p1a: Calyrex|Calyrex-Shadow, L50|100\/100\n|switch|p1b: Pawmot|Pawmot, L50, F|100\/100\n|switch|p2a: Ogerpon|Ogerpon-Wellspring, L50, F|100\/100\n|switch|p2b: Zacian|Zacian-Crowned, L50|100\/100\n|-ability|p1a: Calyrex|As One\n|-ability|p1a: Calyrex|Unnerve\n|-ability|p2b: Zacian|Intrepid Sword|boost\n|-boost|p2b: Zacian|atk|1\n|turn|1\n|inactive|IchibanActor has 30 seconds left.\n|\n|t:|1739655328\n|-terastallize|p2a: Ogerpon|Water\n|detailschange|p2a: Ogerpon|Ogerpon-Wellspring-Tera, L50, F, tera:Water\n|-ability|p2a: Ogerpon|Embody Aspect (Wellspring)|boost\n|-boost|p2a: Ogerpon|spd|1\n|move|p1b: Pawmot|Fake Out|p2b: Zacian\n|-resisted|p2b: Zacian\n|-crit|p2b: Zacian\n|-damage|p2b: Zacian|92\/100\n|move|p1a: Calyrex|Astral Barrage|p2b: Zacian|[spread] p2a,p2b\n|-damage|p2a: Ogerpon|46\/100\n|-damage|p2b: Zacian|22\/100\n|cant|p2b: Zacian|flinch\n|move|p2a: Ogerpon|Horn Leech|p1a: Calyrex\n|-damage|p1a: Calyrex|57\/100\n|-heal|p2a: Ogerpon|68\/100|[from] drain|[of] p1a: Calyrex\n|\n|upkeep\n|turn|2\n|inactive|IchibanActor has 30 seconds left.\n|\n|t:|1739655359\n|move|p2a: Ogerpon|Spiky Shield|p2a: Ogerpon\n|-singleturn|p2a: Ogerpon|move: Protect\n|move|p2b: Zacian|Play Rough|p1b: Pawmot\n|-supereffective|p1b: Pawmot\n|-enditem|p1b: Pawmot|Focus Sash\n|-damage|p1b: Pawmot|1\/100\n|move|p1a: Calyrex|Astral Barrage|p2b: Zacian|[spread] p2b\n|-activate|p2a: Ogerpon|move: Protect\n|-damage|p2b: Zacian|0 fnt\n|faint|p2b: Zacian\n|-ability|p1a: Calyrex|Grim Neigh|boost\n|-boost|p1a: Calyrex|spa|1\n|move|p1b: Pawmot|Close Combat|p2a: Ogerpon\n|-activate|p2a: Ogerpon|move: Protect\n|-damage|p1b: Pawmot|0 fnt|[from] Spiky Shield|[of] p2a: Ogerpon\n|faint|p1b: Pawmot\n|\n|upkeep\n|j| CerebralGenesis\n|\n|t:|1739655380\n|switch|p2b: Whimsicott|Whimsicott, L50, M|100\/100\n|switch|p1b: Electabuzz|Electabuzz, L50, F|100\/100\n|turn|3\n|\n|t:|1739655398\n|move|p1b: Electabuzz|Helping Hand|p1a: Calyrex\n|-singleturn|p1a: Calyrex|Helping Hand|[of] p1b: Electabuzz\n|move|p2b: Whimsicott|Tailwind|p2b: Whimsicott\n|-sidestart|p2: IchibanActor|move: Tailwind\n|move|p2a: Ogerpon|Ivy Cudgel|p1a: Calyrex|[anim] Ivy Cudgel Water\n|-damage|p1a: Calyrex|0 fnt\n|faint|p1a: Calyrex\n|\n|upkeep\n|\n|t:|1739655399\n|switch|p1a: Chi-Yu|Chi-Yu, L50|100\/100\n|-ability|p1a: Chi-Yu|Beads of Ruin\n|turn|4\n|j| mookystank\n|\n|t:|1739655418\n|move|p1b: Electabuzz|Follow Me|p1b: Electabuzz\n|-singleturn|p1b: Electabuzz|move: Follow Me\n|move|p2b: Whimsicott|Moonblast|p1b: Electabuzz\n|-damage|p1b: Electabuzz|74\/100\n|move|p2a: Ogerpon|Ivy Cudgel|p1b: Electabuzz|[anim] Ivy Cudgel Water\n|-damage|p1b: Electabuzz|17\/100\n|move|p1a: Chi-Yu|Heat Wave|p2b: Whimsicott|[spread] p2a,p2b\n|-resisted|p2a: Ogerpon\n|-supereffective|p2b: Whimsicott\n|-damage|p2a: Ogerpon|51\/100\n|-damage|p2b: Whimsicott|0 fnt\n|faint|p2b: Whimsicott\n|\n|upkeep\n|\n|t:|1739655431\n|switch|p2b: Regidrago|Regidrago, L50|100\/100\n|turn|5\n|\n|t:|1739655437\n|move|p1b: Electabuzz|Follow Me|p1b: Electabuzz\n|-singleturn|p1b: Electabuzz|move: Follow Me\n|move|p2a: Ogerpon|Ivy Cudgel|p1b: Electabuzz|[anim] Ivy Cudgel Water\n|-damage|p1b: Electabuzz|0 fnt\n|faint|p1b: Electabuzz\n|move|p2b: Regidrago|Dragon Energy|p1a: Chi-Yu\n|-damage|p1a: Chi-Yu|0 fnt\n|faint|p1a: Chi-Yu\n|-damage|p2b: Regidrago|91\/100|[from] item: Life Orb\n|\n|win|IchibanActor\n|raw|Crysantimo's rating: 1550 &rarr; <strong>1528<\/strong><br \/>(-22 for losing)\n|raw|IchibanActor's rating: 1522 &rarr; <strong>1544<\/strong><br \/>(+22 for winning)\n|l| mr pogostick\n|l|\u2606IchibanActor\n|player|p2|\n|l| CerebralGenesis\n|j|\u2606IchibanActor\n|player|p2|IchibanActor|richboy-gen4|\n|l|\u2606IchibanActor\n|player|p2|\n","uploadtime":1739655697,"views":5,"formatid":"gen9vgc2025regg","rating":1528,"private":0,"password":null}