{"id":"gen9vgc2025regg-2301199422","format":"[Gen 9] VGC 2025 Reg G","players":["Luca8","maggeprutten7"],"log":"|j|\u2606Luca8\n|j|\u2606maggeprutten7\n|t:|1739615398\n|gametype|doubles\n|player|p1|Luca8|flint|1624\n|player|p2|maggeprutten7|265|1714\n|teamsize|p1|6\n|teamsize|p2|6\n|gen|9\n|tier|[Gen 9] VGC 2025 Reg G\n|rated|\n|rule|Species Clause: Limit one of each Pok\u00e9mon\n|rule|Item Clause: Limit 1 of each item\n|clearpoke\n|poke|p1|Calyrex-Shadow, L50|\n|poke|p1|Indeedee, L50, M|\n|poke|p1|Dragonite, L50, M|\n|poke|p1|Raikou, L50|\n|poke|p1|Chi-Yu, L50|\n|poke|p1|Sylveon, L50, F|\n|poke|p2|Calyrex-Shadow, L50|\n|poke|p2|Weezing-Galar, L50, F|\n|poke|p2|Dondozo, L50, M|\n|poke|p2|Tatsugiri-Droopy, L50, F|\n|poke|p2|Urshifu-*, L50, M|\n|poke|p2|Bronzong, L50|\n|teampreview|4\n|inactive|Battle timer is ON: inactive players will automatically lose when time's up. (requested by maggeprutten7)\nmaggeprutten7 has agreed to open team sheets.\n|inactive|Luca8 has 60 seconds left.\n|j| helloworld369\n|\n|t:|1739615471\n|start\n|switch|p1a: Chi-Yu|Chi-Yu, L50|100\/100\n|switch|p1b: Calyrex|Calyrex-Shadow, L50|100\/100\n|switch|p2a: Calyrex|Calyrex-Shadow, L50|100\/100\n|switch|p2b: Weezing|Weezing-Galar, L50, F|100\/100\n|-ability|p2b: Weezing|Neutralizing Gas\n|-ability|p1b: Calyrex|As One\n|-ability|p1b: Calyrex|Unnerve\n|-ability|p2a: Calyrex|As One\n|-ability|p2a: Calyrex|Unnerve\n|turn|1\n|\n|t:|1739615492\n|-terastallize|p2a: Calyrex|Fairy\n|move|p1a: Chi-Yu|Heat Wave|p2b: Weezing|[spread] p2a,p2b\n|-damage|p2a: Calyrex|57\/100\n|-damage|p2b: Weezing|59\/100\n|move|p2a: Calyrex|Astral Barrage|p1b: Calyrex|[spread] p1a,p1b\n|-resisted|p1a: Chi-Yu\n|-supereffective|p1b: Calyrex\n|-damage|p1a: Chi-Yu|59\/100\n|-enditem|p1b: Calyrex|Focus Sash\n|-damage|p1b: Calyrex|1\/100\n|-damage|p2a: Calyrex|47\/100|[from] item: Life Orb\n|move|p1b: Calyrex|Astral Barrage|p2a: Calyrex|[spread] p2a,p2b\n|-damage|p2a: Calyrex|0 fnt\n|-damage|p2b: Weezing|0 fnt\n|faint|p2a: Calyrex\n|faint|p2b: Weezing\n|-end|p2b: Weezing|ability: Neutralizing Gas\n|-ability|p1a: Chi-Yu|Beads of Ruin\n|-ability|p1b: Calyrex|Grim Neigh|boost\n|-boost|p1b: Calyrex|spa|2\n|\n|upkeep\n|\n|t:|1739615513\n|switch|p2a: Dondozo|Dondozo, L50, M|100\/100\n|switch|p2b: Tatsugiri|Tatsugiri-Droopy, L50, F|100\/100\n|-activate|p2b: Tatsugiri|ability: Commander|[of] p2a: Dondozo\n|-boost|p2a: Dondozo|atk|2\n|-boost|p2a: Dondozo|spa|2\n|-boost|p2a: Dondozo|spe|2\n|-boost|p2a: Dondozo|def|2\n|-boost|p2a: Dondozo|spd|2\n|turn|2\n|\n|t:|1739615534\n|move|p1b: Calyrex|Protect|p1b: Calyrex\n|-singleturn|p1b: Calyrex|Protect\n|move|p1a: Chi-Yu|Heat Wave|p2a: Dondozo|[spread] p2a\n|-miss|p1a: Chi-Yu|p2b: Tatsugiri\n|-resisted|p2a: Dondozo\n|-damage|p2a: Dondozo|89\/100\n|move|p2a: Dondozo|Order Up|p1b: Calyrex\n|-activate|p1b: Calyrex|move: Protect\n|\n|-heal|p2a: Dondozo|95\/100|[from] item: Leftovers\n|upkeep\n|turn|3\n|\n|t:|1739615554\n|switch|p1b: Indeedee|Indeedee, L50, M|100\/100\n|-fieldstart|move: Psychic Terrain|[from] ability: Psychic Surge|[of] p1b: Indeedee\n|move|p1a: Chi-Yu|Heat Wave|p2b: Tatsugiri|[spread] p2a\n|-miss|p1a: Chi-Yu|p2b: Tatsugiri\n|-resisted|p2a: Dondozo\n|-damage|p2a: Dondozo|83\/100\n|move|p2a: Dondozo|Order Up|p1b: Indeedee\n|-damage|p1b: Indeedee|41\/100\n|-boost|p2a: Dondozo|def|1\n|\n|-heal|p2a: Dondozo|89\/100|[from] item: Leftovers\n|upkeep\n|turn|4\n|\n|t:|1739615577\n|move|p1a: Chi-Yu|Heat Wave|p2b: Tatsugiri|[spread] p2a\n|-miss|p1a: Chi-Yu|p2b: Tatsugiri\n|-resisted|p2a: Dondozo\n|-damage|p2a: Dondozo|78\/100\n|move|p2a: Dondozo|Body Press|p1a: Chi-Yu\n|-supereffective|p1a: Chi-Yu\n|-damage|p1a: Chi-Yu|0 fnt\n|faint|p1a: Chi-Yu\n|move|p1b: Indeedee|Expanding Force|p2b: Tatsugiri|[spread] p2a\n|-miss|p1b: Indeedee|p2b: Tatsugiri\n|-damage|p2a: Dondozo|50\/100\n|\n|-heal|p2a: Dondozo|56\/100|[from] item: Leftovers\n|upkeep\n|\n|t:|1739615593\n|switch|p1a: Raikou|Raikou, L50|100\/100\n|-ability|p1a: Raikou|Pressure\n|turn|5\n|\n|t:|1739615602\n|move|p2a: Dondozo|Protect|p2a: Dondozo\n|-singleturn|p2a: Dondozo|Protect\n|move|p1b: Indeedee|Protect|p1b: Indeedee\n|-singleturn|p1b: Indeedee|Protect\n|move|p1a: Raikou|Electroweb|p2b: Tatsugiri|[spread] \n|-miss|p1a: Raikou|p2b: Tatsugiri\n|-activate|p2a: Dondozo|move: Protect\n|\n|-heal|p2a: Dondozo|62\/100|[from] item: Leftovers\n|upkeep\n|turn|6\n|\n|t:|1739615617\n|move|p2a: Dondozo|Body Press|p1a: Raikou\n|-damage|p1a: Raikou|23\/100\n|move|p1a: Raikou|Thunder Wave|p2a: Dondozo\n|-status|p2a: Dondozo|par\n|move|p1b: Indeedee|Expanding Force|p2b: Tatsugiri|[spread] p2a\n|-miss|p1b: Indeedee|p2b: Tatsugiri\n|-damage|p2a: Dondozo|34\/100 par\n|\n|-heal|p2a: Dondozo|40\/100 par|[from] item: Leftovers\n|upkeep\n|turn|7\n|\n|t:|1739615633\n|-terastallize|p1a: Raikou|Grass\n|move|p2a: Dondozo|Protect|p2a: Dondozo\n|-singleturn|p2a: Dondozo|Protect\n|move|p1a: Raikou|Tera Blast|p2a: Dondozo|[anim] Tera Blast Grass\n|-activate|p2a: Dondozo|move: Protect\n|move|p1b: Indeedee|Expanding Force|p2a: Dondozo|[spread] \n|-miss|p1b: Indeedee|p2b: Tatsugiri\n|-activate|p2a: Dondozo|move: Protect\n|\n|-heal|p2a: Dondozo|47\/100 par|[from] item: Leftovers\n|-fieldend|move: Psychic Terrain\n|upkeep\n|turn|8\n|\n|t:|1739615651\n|move|p1a: Raikou|Tera Blast|p2a: Dondozo|[anim] Tera Blast Grass\n|-supereffective|p2a: Dondozo\n|-damage|p2a: Dondozo|7\/100 par\n|move|p1b: Indeedee|Expanding Force|p2a: Dondozo\n|-damage|p2a: Dondozo|0 fnt\n|faint|p2a: Dondozo\n|\n|upkeep\n|turn|9\n|\n|t:|1739615665\n|move|p1a: Raikou|Electroweb|p2b: Tatsugiri\n|-damage|p2b: Tatsugiri|56\/100\n|-unboost|p2b: Tatsugiri|spe|1\n|move|p1b: Indeedee|Expanding Force|p2b: Tatsugiri\n|-damage|p2b: Tatsugiri|0 fnt\n|faint|p2b: Tatsugiri\n|\n|win|Luca8\n|raw|Luca8's rating: 1624 &rarr; <strong>1649<\/strong><br \/>(+25 for winning)\n|raw|maggeprutten7's rating: 1714 &rarr; <strong>1689<\/strong><br \/>(-25 for losing)\n|l|\u2606Luca8\n|player|p1|\n","uploadtime":1739615826,"views":17,"formatid":"gen9vgc2025regg","rating":1649,"private":0,"password":null}