{"id":"gen9vgc2025regg-2301135192","format":"[Gen 9] VGC 2025 Reg G","players":["ArisHazard","Spottedwoot"],"log":"|j|\u2606ArisHazard\n|j|\u2606Spottedwoot\n|t:|1739600634\n|gametype|doubles\n|player|p1|ArisHazard|101|1689\n|player|p2|Spottedwoot|101|1608\n|teamsize|p1|6\n|teamsize|p2|6\n|gen|9\n|tier|[Gen 9] VGC 2025 Reg G\n|rated|\n|rule|Species Clause: Limit one of each Pok\u00e9mon\n|rule|Item Clause: Limit 1 of each item\n|clearpoke\n|poke|p1|Calyrex-Shadow, L50|\n|poke|p1|Scream Tail, L50|\n|poke|p1|Weezing, L50, M|\n|poke|p1|Regigigas, L50|\n|poke|p1|Iron Hands, L50|\n|poke|p1|Urshifu-*, L50, M|\n|poke|p2|Zamazenta-*, L50|\n|poke|p2|Chien-Pao, L50|\n|poke|p2|Entei, L50|\n|poke|p2|Raging Bolt, L50|\n|poke|p2|Rillaboom, L50, F|\n|poke|p2|Farigiraf, L50, M|\n|teampreview|4\n|inactive|Battle timer is ON: inactive players will automatically lose when time's up. (requested by ArisHazard)\n|\n|t:|1739600654\n|start\n|switch|p1a: Regigigas|Regigigas, L50|100\/100\n|switch|p1b: Weezing|Weezing, L50, M|100\/100\n|switch|p2a: Zamazenta|Zamazenta-Crowned, L50|100\/100\n|switch|p2b: Chien-Pao|Chien-Pao, L50|100\/100\n|-ability|p1b: Weezing|Neutralizing Gas\n|turn|1\n|\n|t:|1739600671\n|move|p2b: Chien-Pao|Icicle Crash|p1b: Weezing\n|-damage|p1b: Weezing|60\/100\n|move|p2a: Zamazenta|Iron Defense|p2a: Zamazenta\n|-boost|p2a: Zamazenta|def|2\n|move|p1a: Regigigas|Crush Grip|p2b: Chien-Pao\n|-enditem|p2b: Chien-Pao|Focus Sash\n|-damage|p2b: Chien-Pao|1\/100\n|-damage|p1a: Regigigas|91\/100|[from] item: Life Orb\n|move|p1b: Weezing|Will-O-Wisp|p2a: Zamazenta\n|-status|p2a: Zamazenta|brn\n|\n|-damage|p2a: Zamazenta|94\/100 brn|[from] brn\n|upkeep\n|turn|2\n|\n|t:|1739600689\n|move|p1a: Regigigas|Protect|p1a: Regigigas\n|-singleturn|p1a: Regigigas|Protect\n|move|p1b: Weezing|Protect|p1b: Weezing\n|-singleturn|p1b: Weezing|Protect\n|move|p2b: Chien-Pao|Icicle Crash|p1b: Weezing\n|-activate|p1b: Weezing|move: Protect\n|move|p2a: Zamazenta|Body Press|p1a: Regigigas\n|-activate|p1a: Regigigas|move: Protect\n|\n|-damage|p2a: Zamazenta|88\/100 brn|[from] brn\n|upkeep\n|turn|3\n|j| Therazer456\n|\n|t:|1739600707\n|-terastallize|p1a: Regigigas|Ghost\n|move|p2b: Chien-Pao|Protect|p2b: Chien-Pao\n|-singleturn|p2b: Chien-Pao|Protect\n|move|p2a: Zamazenta|Body Press|p1a: Regigigas\n|-immune|p1a: Regigigas\n|move|p1a: Regigigas|Crush Grip|p2a: Zamazenta\n|-resisted|p2a: Zamazenta\n|-damage|p2a: Zamazenta|74\/100 brn\n|-damage|p1a: Regigigas|81\/100|[from] item: Life Orb\n|move|p1b: Weezing|Sludge Bomb|p2b: Chien-Pao\n|-activate|p2b: Chien-Pao|move: Protect\n|\n|-damage|p2a: Zamazenta|68\/100 brn|[from] brn\n|upkeep\n|turn|4\n|\n|t:|1739600726\n|move|p1a: Regigigas|Protect|p1a: Regigigas\n|-singleturn|p1a: Regigigas|Protect\n|move|p2b: Chien-Pao|Icicle Crash|p1b: Weezing\n|-damage|p1b: Weezing|21\/100\n|-enditem|p1b: Weezing|Sitrus Berry|[eat]\n|-heal|p1b: Weezing|46\/100|[from] item: Sitrus Berry\n|move|p2a: Zamazenta|Body Press|p1b: Weezing\n|-resisted|p1b: Weezing\n|-crit|p1b: Weezing\n|-damage|p1b: Weezing|18\/100\n|cant|p1b: Weezing|flinch\n|\n|-damage|p2a: Zamazenta|61\/100 brn|[from] brn\n|upkeep\n|turn|5\n|\n|t:|1739600746\n|move|p1b: Weezing|Protect|p1b: Weezing\n|-singleturn|p1b: Weezing|Protect\n|move|p2b: Chien-Pao|Sucker Punch|p1a: Regigigas\n|-supereffective|p1a: Regigigas\n|-damage|p1a: Regigigas|24\/100\n|move|p2a: Zamazenta|Body Press|p1b: Weezing\n|-activate|p1b: Weezing|move: Protect\n|move|p1a: Regigigas|Knock Off|p2b: Chien-Pao\n|-resisted|p2b: Chien-Pao\n|-damage|p2b: Chien-Pao|0 fnt\n|faint|p2b: Chien-Pao\n|-damage|p1a: Regigigas|15\/100|[from] item: Life Orb\n|\n|-damage|p2a: Zamazenta|55\/100 brn|[from] brn\n|upkeep\n|\n|t:|1739600754\n|switch|p2b: Raging Bolt|Raging Bolt, L50|100\/100\n|turn|6\n|\n|t:|1739600769\n|move|p2b: Raging Bolt|Thunderclap|p1a: Regigigas\n|-damage|p1a: Regigigas|0 fnt\n|faint|p1a: Regigigas\n|-end|p1a: Regigigas|Slow Start|[silent]\n|move|p2a: Zamazenta|Body Press|p1b: Weezing\n|-resisted|p1b: Weezing\n|-damage|p1b: Weezing|0 fnt\n|faint|p1b: Weezing\n|-end|p1b: Weezing|ability: Neutralizing Gas\n|-ability|p2a: Zamazenta|Dauntless Shield|boost\n|-boost|p2a: Zamazenta|def|1\n|-enditem|p2b: Raging Bolt|Booster Energy\n|-activate|p2b: Raging Bolt|ability: Protosynthesis|[fromitem]\n|-start|p2b: Raging Bolt|protosynthesisspa\n|\n|-damage|p2a: Zamazenta|49\/100 brn|[from] brn\n|upkeep\n|\n|t:|1739600784\n|switch|p1a: Calyrex|Calyrex-Shadow, L50|100\/100\n|switch|p1b: Scream Tail|Scream Tail, L50|100\/100\n|-ability|p1a: Calyrex|As One\n|-ability|p1a: Calyrex|Unnerve\n|-enditem|p1b: Scream Tail|Booster Energy\n|-activate|p1b: Scream Tail|ability: Protosynthesis|[fromitem]\n|-start|p1b: Scream Tail|protosynthesisspe\n|turn|7\n|\n|t:|1739600800\n|-terastallize|p2b: Raging Bolt|Electric\n|move|p2a: Zamazenta|Wide Guard|p2a: Zamazenta\n|-singleturn|p2a: Zamazenta|Wide Guard\n|move|p1b: Scream Tail|Encore|p2a: Zamazenta\n|-start|p2a: Zamazenta|Encore\n|move|p1a: Calyrex|Calm Mind|p1a: Calyrex\n|-boost|p1a: Calyrex|spa|1\n|-boost|p1a: Calyrex|spd|1\n|move|p2b: Raging Bolt|Thunderbolt|p1a: Calyrex\n|-damage|p1a: Calyrex|48\/100\n|\n|-damage|p2a: Zamazenta|43\/100 brn|[from] brn\n|upkeep\n|turn|8\n|\n|t:|1739600818\n|move|p2a: Zamazenta|Wide Guard|p2a: Zamazenta\n|-singleturn|p2a: Zamazenta|Wide Guard\n|move|p1b: Scream Tail|Disable|p2b: Raging Bolt\n|-start|p2b: Raging Bolt|Disable|Thunderbolt\n|move|p1a: Calyrex|Calm Mind|p1a: Calyrex\n|-boost|p1a: Calyrex|spa|1\n|-boost|p1a: Calyrex|spd|1\n|cant|p2b: Raging Bolt|Disable|Thunderbolt\n|\n|-damage|p2a: Zamazenta|36\/100 brn|[from] brn\n|upkeep\n|turn|9\n|j| Samevgcmons\n|\n|t:|1739600840\n|move|p2a: Zamazenta|Wide Guard|p2a: Zamazenta\n|-singleturn|p2a: Zamazenta|Wide Guard\n|move|p2b: Raging Bolt|Thunderclap||[still]\n|-fail|p2b: Raging Bolt\n|move|p1b: Scream Tail|Encore|p2b: Raging Bolt\n|-start|p2b: Raging Bolt|Encore\n|move|p1a: Calyrex|Calm Mind|p1a: Calyrex\n|-boost|p1a: Calyrex|spa|1\n|-boost|p1a: Calyrex|spd|1\n|\n|-damage|p2a: Zamazenta|30\/100 brn|[from] brn\n|upkeep\n|turn|10\n|\n|t:|1739600857\n|move|p2a: Zamazenta|Wide Guard|p2a: Zamazenta\n|-singleturn|p2a: Zamazenta|Wide Guard\n|move|p2b: Raging Bolt|Thunderclap||[still]\n|-fail|p2b: Raging Bolt\n|move|p1b: Scream Tail|Disable|p2a: Zamazenta\n|-start|p2a: Zamazenta|Disable|Wide Guard\n|move|p1a: Calyrex|Draining Kiss|p2b: Raging Bolt\n|-damage|p2b: Raging Bolt|55\/100\n|-heal|p1a: Calyrex|88\/100|[from] drain|[of] p2b: Raging Bolt\n|\n|-damage|p2a: Zamazenta|24\/100 brn|[from] brn\n|-end|p2a: Zamazenta|Encore\n|upkeep\n|turn|11\n|-message|Spottedwoot forfeited.\n|\n|win|ArisHazard\n|raw|ArisHazard's rating: 1689 &rarr; <strong>1704<\/strong><br \/>(+15 for winning)\n|raw|Spottedwoot's rating: 1608 &rarr; <strong>1593<\/strong><br \/>(-15 for losing)\n","uploadtime":1739600871,"views":101,"formatid":"gen9vgc2025regg","rating":1593,"private":0,"password":null}