{"id":"gen9vgc2025regg-2301152901","format":"[Gen 9] VGC 2025 Reg G","players":["TvSkull","Spottedwoot"],"log":"|j|\u2606TvSkull\n|j|\u2606Spottedwoot\n|t:|1739604648\n|gametype|doubles\n|player|p1|TvSkull|lucas|1510\n|player|p2|Spottedwoot|101|1604\n|teamsize|p1|6\n|teamsize|p2|6\n|gen|9\n|tier|[Gen 9] VGC 2025 Reg G\n|rated|\n|rule|Species Clause: Limit one of each Pok\u00e9mon\n|rule|Item Clause: Limit 1 of each item\n|clearpoke\n|poke|p1|Miraidon, L50|\n|poke|p1|Oranguru, L50, F|\n|poke|p1|Regieleki, L50|\n|poke|p1|Okidogi, L50, M|\n|poke|p1|Wo-Chien, L50|\n|poke|p1|Landorus, L50, M|\n|poke|p2|Zamazenta-*, L50|\n|poke|p2|Chien-Pao, L50|\n|poke|p2|Entei, L50|\n|poke|p2|Raging Bolt, L50|\n|poke|p2|Rillaboom, L50, F|\n|poke|p2|Farigiraf, L50, M|\n|teampreview|4\nTvSkull has agreed to open team sheets.\n|inactive|Battle timer is ON: inactive players will automatically lose when time's up. (requested by TvSkull)\n|inactive|TvSkull has 60 seconds left.\n|\n|t:|1739604695\n|start\n|switch|p1a: Okidogi|Okidogi, L50, M|100\/100\n|switch|p1b: Regieleki|Regieleki, L50|100\/100\n|switch|p2a: Zamazenta|Zamazenta-Crowned, L50|100\/100\n|switch|p2b: Entei|Entei, L50|100\/100\n|-ability|p2a: Zamazenta|Dauntless Shield|boost\n|-boost|p2a: Zamazenta|def|1\n|turn|1\n|inactive|Spottedwoot has 30 seconds left.\n|\n|t:|1739604723\n|move|p1a: Okidogi|Upper Hand||[still]\n|-fail|p1a: Okidogi\n|move|p1b: Regieleki|Reflect|p1b: Regieleki\n|-sidestart|p1: TvSkull|Reflect\n|move|p2a: Zamazenta|Body Press|p1b: Regieleki\n|-damage|p1b: Regieleki|40\/100\n|move|p2b: Entei|Sacred Fire|p1a: Okidogi\n|-damage|p1a: Okidogi|54\/100\n|\n|upkeep\n|turn|2\n|inactive|TvSkull has 30 seconds left.\n|\n|t:|1739604752\n|move|p1b: Regieleki|Electroweb|p2b: Entei|[spread] p2a,p2b\n|-damage|p2a: Zamazenta|87\/100\n|-damage|p2b: Entei|79\/100\n|-unboost|p2a: Zamazenta|spe|1\n|-unboost|p2b: Entei|spe|1\n|move|p2a: Zamazenta|Body Press|p1b: Regieleki\n|-damage|p1b: Regieleki|0 fnt\n|faint|p1b: Regieleki\n|move|p1a: Okidogi|Drain Punch|p2a: Zamazenta\n|-supereffective|p2a: Zamazenta\n|-damage|p2a: Zamazenta|48\/100\n|-heal|p1a: Okidogi|72\/100|[from] drain|[of] p2a: Zamazenta\n|move|p2b: Entei|Sacred Fire|p1a: Okidogi\n|-damage|p1a: Okidogi|27\/100\n|\n|upkeep\n|\n|t:|1739604773\n|switch|p1b: Landorus|Landorus, L50, M|100\/100\n|turn|3\n|\n|t:|1739604791\n|switch|p2b: Rillaboom|Rillaboom, L50, F|100\/100\n|-fieldstart|move: Grassy Terrain|[from] ability: Grassy Surge|[of] p2b: Rillaboom\n|move|p1b: Landorus|Earth Power|p2b: Rillaboom\n|-resisted|p2b: Rillaboom\n|-damage|p2b: Rillaboom|73\/100\n|move|p2a: Zamazenta|Body Press|p1a: Okidogi\n|-resisted|p1a: Okidogi\n|-damage|p1a: Okidogi|8\/100\n|move|p1a: Okidogi|Drain Punch|p2a: Zamazenta\n|-supereffective|p2a: Zamazenta\n|-damage|p2a: Zamazenta|7\/100\n|-heal|p1a: Okidogi|27\/100|[from] drain|[of] p2a: Zamazenta\n|\n|-heal|p2a: Zamazenta|14\/100|[from] Grassy Terrain\n|-heal|p1a: Okidogi|33\/100|[from] Grassy Terrain\n|-heal|p2b: Rillaboom|79\/100|[from] Grassy Terrain\n|upkeep\n|turn|4\n|j| falcon108\n|inactive|TvSkull has 30 seconds left.\n|\n|t:|1739604819\n|move|p1a: Okidogi|Upper Hand||[still]\n|-fail|p1a: Okidogi\n|move|p1b: Landorus|Earth Power|p2a: Zamazenta\n|-supereffective|p2a: Zamazenta\n|-damage|p2a: Zamazenta|0 fnt\n|faint|p2a: Zamazenta\n|move|p2b: Rillaboom|Wood Hammer|p1b: Landorus\n|-damage|p1b: Landorus|33\/100\n|-damage|p2b: Rillaboom|61\/100|[from] Recoil\n|\n|-heal|p1a: Okidogi|39\/100|[from] Grassy Terrain\n|-heal|p2b: Rillaboom|67\/100|[from] Grassy Terrain\n|upkeep\n|\n|t:|1739604825\n|switch|p2a: Entei|Entei, L50|79\/100\n|turn|5\n|\n|t:|1739604836\n|-terastallize|p2a: Entei|Normal\n|move|p1b: Landorus|Protect|p1b: Landorus\n|-singleturn|p1b: Landorus|Protect\n|move|p1a: Okidogi|Upper Hand||[still]\n|-fail|p1a: Okidogi\n|move|p2a: Entei|Sacred Fire|p1a: Okidogi\n|-damage|p1a: Okidogi|0 fnt\n|faint|p1a: Okidogi\n|move|p2b: Rillaboom|Wood Hammer|p1b: Landorus\n|-activate|p1b: Landorus|move: Protect\n|\n|-heal|p2a: Entei|84\/100|[from] Grassy Terrain\n|-heal|p2b: Rillaboom|73\/100|[from] Grassy Terrain\n|upkeep\n|\n|t:|1739604849\n|switch|p1a: Miraidon|Miraidon, L50|100\/100\n|-fieldstart|move: Electric Terrain|[from] ability: Hadron Engine|[of] p1a: Miraidon\n|turn|6\n|\n|t:|1739604869\n|-terastallize|p1a: Miraidon|Electric\n|move|p1a: Miraidon|Parabolic Charge|p2b: Rillaboom|[spread] p2a,p2b\n|-immune|p1b: Landorus\n|-resisted|p2b: Rillaboom\n|-damage|p2a: Entei|0 fnt\n|-damage|p2b: Rillaboom|38\/100\n|faint|p2a: Entei\n|move|p1b: Landorus|Sludge Bomb|p2b: Rillaboom\n|-supereffective|p2b: Rillaboom\n|-damage|p2b: Rillaboom|0 fnt\n|faint|p2b: Rillaboom\n|\n|upkeep\n|\n|t:|1739604876\n|switch|p2b: Chien-Pao|Chien-Pao, L50|100\/100\n|-ability|p2b: Chien-Pao|Sword of Ruin\n|turn|7\n|\n|t:|1739604883\n|move|p2b: Chien-Pao|Icicle Crash|p1b: Landorus\n|-supereffective|p1b: Landorus\n|-damage|p1b: Landorus|0 fnt\n|faint|p1b: Landorus\n|move|p1a: Miraidon|Parabolic Charge|p2b: Chien-Pao\n|-enditem|p2b: Chien-Pao|Focus Sash\n|-damage|p2b: Chien-Pao|1\/100\n|\n|upkeep\n|turn|8\n|\n|t:|1739604890\n|move|p2b: Chien-Pao|Protect|p2b: Chien-Pao\n|-singleturn|p2b: Chien-Pao|Protect\n|move|p1a: Miraidon|Parabolic Charge|p2b: Chien-Pao\n|-activate|p2b: Chien-Pao|move: Protect\n|\n|-sideend|p1: TvSkull|Reflect\n|upkeep\n|turn|9\n|\n|t:|1739604896\n|move|p2b: Chien-Pao|Icicle Crash|p1a: Miraidon\n|-crit|p1a: Miraidon\n|-damage|p1a: Miraidon|23\/100\n|move|p1a: Miraidon|Parabolic Charge|p2b: Chien-Pao\n|-damage|p2b: Chien-Pao|0 fnt\n|-heal|p1a: Miraidon|24\/100|[from] drain|[of] p2b: Chien-Pao\n|faint|p2b: Chien-Pao\n|\n|win|TvSkull\n|raw|TvSkull's rating: 1510 &rarr; <strong>1535<\/strong><br \/>(+25 for winning)\n|raw|Spottedwoot's rating: 1604 &rarr; <strong>1579<\/strong><br \/>(-25 for losing)\n","uploadtime":1739604900,"views":99,"formatid":"gen9vgc2025regg","rating":1535,"private":0,"password":null}