{"id":"gen9vgc2025regg-2301185148","format":"[Gen 9] VGC 2025 Reg G","players":["Ninjaloki","Dregoth"],"log":"|j|\u2606Ninjaloki\n|j|\u2606Dregoth\n|t:|1739612230\n|gametype|doubles\n|player|p1|Ninjaloki|2|1555\n|player|p2|Dregoth|2|1525\n|teamsize|p1|6\n|teamsize|p2|6\n|gen|9\n|tier|[Gen 9] VGC 2025 Reg G\n|rated|\n|rule|Species Clause: Limit one of each Pok\u00e9mon\n|rule|Item Clause: Limit 1 of each item\n|clearpoke\n|poke|p1|Miraidon, L50|\n|poke|p1|Whimsicott, L50, F|\n|poke|p1|Urshifu-*, L50, M|\n|poke|p1|Ogerpon-Hearthflame, L50, F|\n|poke|p1|Farigiraf, L50, M|\n|poke|p1|Iron Hands, L50|\n|poke|p2|Urshifu-*, L50, M|\n|poke|p2|Kyogre, L50|\n|poke|p2|Roaring Moon, L50|\n|poke|p2|Rillaboom, L50, F|\n|poke|p2|Amoonguss, L50, M|\n|poke|p2|Incineroar, L50, F|\n|teampreview|4\n|inactive|Battle timer is ON: inactive players will automatically lose when time's up. (requested by Dregoth)\n|\n|t:|1739612253\n|start\n|switch|p1a: Whimsicott|Whimsicott, L50, F|100\/100\n|switch|p1b: Miraidon|Miraidon, L50|100\/100\n|switch|p2a: Rillaboom|Rillaboom, L50, F|100\/100\n|switch|p2b: Urshifu|Urshifu-Rapid-Strike, L50, M|100\/100\n|-fieldstart|move: Electric Terrain|[from] ability: Hadron Engine|[of] p1b: Miraidon\n|-fieldstart|move: Grassy Terrain|[from] ability: Grassy Surge|[of] p2a: Rillaboom\n|turn|1\n|inactive|Dregoth has 30 seconds left.\n|inactive|Dregoth has 20 seconds left.\n|\n|t:|1739612288\n|switch|p1a: Farigiraf|Farigiraf, L50, M|100\/100\n|move|p2a: Rillaboom|Fake Out||[still]\n|cant|p1a: Farigiraf|ability: Armor Tail|Fake Out|[of] p2a: Rillaboom\n|move|p2b: Urshifu|U-turn|p1a: Farigiraf\n|-supereffective|p1a: Farigiraf\n|-damage|p1a: Farigiraf|60\/100\n|\n|t:|1739612296\n|switch|p2b: Incineroar|Incineroar, L50, F|100\/100|[from] U-turn\n|-ability|p2b: Incineroar|Intimidate|boost\n|-unboost|p1a: Farigiraf|atk|1\n|-unboost|p1b: Miraidon|atk|1\n|move|p1b: Miraidon|Volt Switch|p2b: Incineroar\n|-damage|p2b: Incineroar|41\/100\n|\n|t:|1739612304\n|switch|p1b: Ogerpon|Ogerpon-Hearthflame, L50, F|100\/100|[from] Volt Switch\n|-ability|p1b: Ogerpon|Mold Breaker\n|\n|-heal|p2b: Incineroar|47\/100|[from] Grassy Terrain\n|-heal|p1a: Farigiraf|66\/100|[from] Grassy Terrain\n|upkeep\n|turn|2\n|\n|t:|1739612324\n|switch|p2a: Urshifu|Urshifu-Rapid-Strike, L50, M|100\/100\n|move|p1a: Farigiraf|Helping Hand|p1b: Ogerpon\n|-singleturn|p1b: Ogerpon|Helping Hand|[of] p1a: Farigiraf\n|move|p1b: Ogerpon|Ivy Cudgel|p2b: Incineroar|[anim] Ivy Cudgel Fire\n|-resisted|p2b: Incineroar\n|-damage|p2b: Incineroar|19\/100\n|move|p2b: Incineroar|Parting Shot|p1b: Ogerpon\n|-unboost|p1b: Ogerpon|atk|1\n|-unboost|p1b: Ogerpon|spa|1\n|\n|t:|1739612327\n|switch|p2b: Rillaboom|Rillaboom, L50, F|100\/100|[from] Parting Shot\n|\n|-heal|p1a: Farigiraf|72\/100|[from] Grassy Terrain\n|upkeep\n|turn|3\n|inactive|Ninjaloki has 30 seconds left.\n|\n|t:|1739612352\n|switch|p1b: Whimsicott|Whimsicott, L50, F|100\/100\n|switch|p2b: Kyogre|Kyogre, L50|100\/100\n|-weather|RainDance|[from] ability: Drizzle|[of] p2b: Kyogre\n|move|p2a: Urshifu|Surging Strikes|p1b: Whimsicott\n|-resisted|p1b: Whimsicott\n|-crit|p1b: Whimsicott\n|-damage|p1b: Whimsicott|82\/100\n|-resisted|p1b: Whimsicott\n|-crit|p1b: Whimsicott\n|-damage|p1b: Whimsicott|62\/100\n|-resisted|p1b: Whimsicott\n|-crit|p1b: Whimsicott\n|-damage|p1b: Whimsicott|40\/100\n|-hitcount|p1b: Whimsicott|3\n|move|p1a: Farigiraf|Psychic Noise|p2a: Urshifu\n|-supereffective|p2a: Urshifu\n|-damage|p2a: Urshifu|8\/100\n|-start|p2a: Urshifu|move: Heal Block\n|\n|-weather|RainDance|[upkeep]\n|-heal|p1b: Whimsicott|47\/100|[from] Grassy Terrain\n|-heal|p1a: Farigiraf|77\/100|[from] Grassy Terrain\n|upkeep\n|turn|4\n|inactive|Ninjaloki has 30 seconds left.\n|inactive|Ninjaloki has 20 seconds left.\n|\n|t:|1739612389\n|-terastallize|p1a: Farigiraf|Water\n|move|p1b: Whimsicott|Tailwind|p1b: Whimsicott\n|-sidestart|p1: Ninjaloki|move: Tailwind\n|move|p2a: Urshifu|Surging Strikes|p1a: Farigiraf\n|-resisted|p1a: Farigiraf\n|-crit|p1a: Farigiraf\n|-damage|p1a: Farigiraf|63\/100\n|-resisted|p1a: Farigiraf\n|-crit|p1a: Farigiraf\n|-damage|p1a: Farigiraf|49\/100\n|-resisted|p1a: Farigiraf\n|-crit|p1a: Farigiraf\n|-damage|p1a: Farigiraf|35\/100\n|-hitcount|p1a: Farigiraf|3\n|move|p1a: Farigiraf|Psychic Noise|p2a: Urshifu\n|-supereffective|p2a: Urshifu\n|-damage|p2a: Urshifu|0 fnt\n|faint|p2a: Urshifu\n|move|p2b: Kyogre|Ice Beam|p1b: Whimsicott\n|-supereffective|p1b: Whimsicott\n|-damage|p1b: Whimsicott|0 fnt\n|faint|p1b: Whimsicott\n|\n|-weather|RainDance|[upkeep]\n|-heal|p1a: Farigiraf|41\/100|[from] Grassy Terrain\n|upkeep\n|\n|t:|1739612413\n|switch|p1b: Miraidon|Miraidon, L50|100\/100\n|switch|p2a: Incineroar|Incineroar, L50, F|19\/100\n|-fieldstart|move: Electric Terrain|[from] ability: Hadron Engine|[of] p1b: Miraidon\n|-enditem|p1a: Farigiraf|Electric Seed\n|-boost|p1a: Farigiraf|def|1|[from] item: Electric Seed\n|-ability|p2a: Incineroar|Intimidate|boost\n|-unboost|p1a: Farigiraf|atk|1\n|-unboost|p1b: Miraidon|atk|1\n|turn|5\n|j| sitojuri\n|\n|t:|1739612431\n|switch|p2a: Rillaboom|Rillaboom, L50, F|100\/100\n|-fieldstart|move: Grassy Terrain|[from] ability: Grassy Surge|[of] p2a: Rillaboom\n|-terastallize|p2b: Kyogre|Grass\n|move|p1b: Miraidon|Draco Meteor|p2b: Kyogre\n|-damage|p2b: Kyogre|27\/100\n|-unboost|p1b: Miraidon|spa|2\n|move|p1a: Farigiraf|Foul Play|p2a: Rillaboom\n|-damage|p2a: Rillaboom|73\/100\n|move|p2b: Kyogre|Calm Mind|p2b: Kyogre\n|-boost|p2b: Kyogre|spa|1\n|-boost|p2b: Kyogre|spd|1\n|\n|-weather|RainDance|[upkeep]\n|-heal|p1a: Farigiraf|47\/100|[from] Grassy Terrain\n|-heal|p2a: Rillaboom|79\/100|[from] Grassy Terrain\n|-heal|p2b: Kyogre|32\/100|[from] Grassy Terrain\n|-heal|p2b: Kyogre|38\/100|[from] item: Leftovers\n|upkeep\n|turn|6\n|inactive|Ninjaloki has 30 seconds left.\n|\n|t:|1739612459\n|move|p1b: Miraidon|Draco Meteor|p2b: Kyogre\n|-damage|p2b: Kyogre|14\/100\n|-unboost|p1b: Miraidon|spa|2\n|move|p1a: Farigiraf|Psychic Noise|p2a: Rillaboom\n|-damage|p2a: Rillaboom|59\/100\n|-start|p2a: Rillaboom|move: Heal Block\n|move|p2a: Rillaboom|Drum Beating|p1a: Farigiraf\n|-supereffective|p1a: Farigiraf\n|-damage|p1a: Farigiraf|0 fnt\n|faint|p1a: Farigiraf\n|move|p2b: Kyogre|Origin Pulse|p1b: Miraidon\n|-resisted|p1b: Miraidon\n|-damage|p1b: Miraidon|40\/100\n|\n|-weather|RainDance|[upkeep]\n|-heal|p1b: Miraidon|46\/100|[from] Grassy Terrain\n|-heal|p2b: Kyogre|19\/100|[from] Grassy Terrain\n|-heal|p2b: Kyogre|25\/100|[from] item: Leftovers\n|upkeep\n|\n|t:|1739612480\n|switch|p1a: Ogerpon|Ogerpon-Hearthflame, L50, F|100\/100\n|-ability|p1a: Ogerpon|Mold Breaker\n|turn|7\n|\n|t:|1739612488\n|switch|p2a: Incineroar|Incineroar, L50, F|19\/100\n|-ability|p2a: Incineroar|Intimidate|boost\n|-unboost|p1a: Ogerpon|atk|1\n|-unboost|p1b: Miraidon|atk|1\n|move|p2b: Kyogre|Protect|p2b: Kyogre\n|-singleturn|p2b: Kyogre|Protect\n|move|p1b: Miraidon|Draco Meteor|p2a: Incineroar\n|-damage|p2a: Incineroar|0 fnt\n|-unboost|p1b: Miraidon|spa|2\n|faint|p2a: Incineroar\n|move|p1a: Ogerpon|Ivy Cudgel|p2b: Kyogre|[anim] Ivy Cudgel Fire\n|-activate|p2b: Kyogre|move: Protect\n|\n|-weather|none\n|-heal|p1b: Miraidon|51\/100|[from] Grassy Terrain\n|-heal|p2b: Kyogre|31\/100|[from] Grassy Terrain\n|-heal|p2b: Kyogre|37\/100|[from] item: Leftovers\n|-sideend|p1: Ninjaloki|move: Tailwind\n|upkeep\n|\n|t:|1739612491\n|switch|p2a: Rillaboom|Rillaboom, L50, F|59\/100\n|turn|8\n|\n|t:|1739612513\n|move|p1a: Ogerpon|Spiky Shield|p1a: Ogerpon\n|-singleturn|p1a: Ogerpon|move: Protect\n|move|p2a: Rillaboom|Fake Out|p1a: Ogerpon\n|-activate|p1a: Ogerpon|move: Protect\n|-damage|p2a: Rillaboom|46\/100|[from] Spiky Shield|[of] p1a: Ogerpon\n|move|p1b: Miraidon|Draco Meteor|p2a: Rillaboom|[miss]\n|-miss|p1b: Miraidon|p2a: Rillaboom\n|move|p2b: Kyogre|Ice Beam|p1b: Miraidon\n|-supereffective|p1b: Miraidon\n|-damage|p1b: Miraidon|0 fnt\n|faint|p1b: Miraidon\n|\n|-heal|p2a: Rillaboom|53\/100|[from] Grassy Terrain\n|-heal|p2b: Kyogre|43\/100|[from] Grassy Terrain\n|-heal|p2b: Kyogre|48\/100|[from] item: Leftovers\n|upkeep\n|turn|9\n|\n|t:|1739612534\n|move|p2b: Kyogre|Protect|p2b: Kyogre\n|-singleturn|p2b: Kyogre|Protect\n|move|p1a: Ogerpon|Ivy Cudgel|p2b: Kyogre|[anim] Ivy Cudgel Fire\n|-activate|p2b: Kyogre|move: Protect\n|move|p2a: Rillaboom|Drum Beating|p1a: Ogerpon\n|-resisted|p1a: Ogerpon\n|-damage|p1a: Ogerpon|89\/100\n|-unboost|p1a: Ogerpon|spe|1\n|\n|-heal|p2a: Rillaboom|59\/100|[from] Grassy Terrain\n|-heal|p2b: Kyogre|54\/100|[from] Grassy Terrain\n|-heal|p2b: Kyogre|60\/100|[from] item: Leftovers\n|-heal|p1a: Ogerpon|95\/100|[from] Grassy Terrain\n|-fieldend|move: Grassy Terrain\n|upkeep\n|turn|10\n|\n|t:|1739612551\n|move|p2a: Rillaboom|U-turn|p1a: Ogerpon\n|-damage|p1a: Ogerpon|73\/100\n|move|p2b: Kyogre|Ice Beam|p1a: Ogerpon\n|-damage|p1a: Ogerpon|23\/100\n|move|p1a: Ogerpon|Ivy Cudgel|p2b: Kyogre|[anim] Ivy Cudgel Fire\n|-supereffective|p2b: Kyogre\n|-damage|p2b: Kyogre|1\/100\n|\n|-heal|p2b: Kyogre|7\/100|[from] item: Leftovers\n|upkeep\n|turn|11\n|\n|t:|1739612566\n|move|p1a: Ogerpon|Spiky Shield|p1a: Ogerpon\n|-singleturn|p1a: Ogerpon|move: Protect\n|move|p2a: Rillaboom|U-turn|p1a: Ogerpon\n|-activate|p1a: Ogerpon|move: Protect\n|-damage|p2a: Rillaboom|46\/100|[from] Spiky Shield|[of] p1a: Ogerpon\n|move|p2b: Kyogre|Ice Beam|p1a: Ogerpon\n|-activate|p1a: Ogerpon|move: Protect\n|\n|-heal|p2b: Kyogre|13\/100|[from] item: Leftovers\n|upkeep\n|turn|12\n|\n|t:|1739612579\n|move|p2a: Rillaboom|U-turn|p1a: Ogerpon\n|-crit|p1a: Ogerpon\n|-damage|p1a: Ogerpon|0 fnt\n|faint|p1a: Ogerpon\n|\n|win|Dregoth\n|raw|Ninjaloki's rating: 1555 &rarr; <strong>1533<\/strong><br \/>(-22 for losing)\n|raw|Dregoth's rating: 1525 &rarr; <strong>1547<\/strong><br \/>(+22 for winning)\n|l|\u2606Ninjaloki\n|player|p1|\n|l|\u2606Dregoth\n|player|p2|\n","uploadtime":1739612769,"views":4,"formatid":"gen9vgc2025regg","rating":1533,"private":0,"password":null}