{"id":"gen9vgc2025regg-2301780824","format":"[Gen 9] VGC 2025 Reg G","players":["sibylla_system","crowz000"],"log":"|j|\u2606sibylla_system\n|j|\u2606crowz000\n|t:|1739704422\n|gametype|doubles\n|player|p1|sibylla_system|169|1525\n|player|p2|crowz000|169|1611\n|teamsize|p1|6\n|teamsize|p2|6\n|gen|9\n|tier|[Gen 9] VGC 2025 Reg G\n|rated|\n|rule|Species Clause: Limit one of each Pok\u00e9mon\n|rule|Item Clause: Limit 1 of each item\n|clearpoke\n|poke|p1|Terapagos, L50, M|\n|poke|p1|Incineroar, L50, F|\n|poke|p1|Flutter Mane, L50|\n|poke|p1|Urshifu-*, L50, F|\n|poke|p1|Ogerpon-Hearthflame, L50, F|\n|poke|p1|Whimsicott, L50, M|\n|poke|p2|Terapagos, L50, M|\n|poke|p2|Indeedee-F, L50, F|\n|poke|p2|Whimsicott, L50, F|\n|poke|p2|Urshifu-*, L50, F|\n|poke|p2|Ogerpon-Cornerstone, L50, F|\n|poke|p2|Volcarona, L50, F|\n|teampreview|4\n|inactive|Battle timer is ON: inactive players will automatically lose when time's up. (requested by crowz000)\n|\n|t:|1739704468\n|start\n|switch|p1a: Terapagos|Terapagos, L50, M|100\/100\n|switch|p1b: Flutter Mane|Flutter Mane, L50|100\/100\n|switch|p2a: Terapagos|Terapagos, L50, M|100\/100\n|switch|p2b: Whimsicott|Whimsicott, L50, F|100\/100\n|-activate|p1a: Terapagos|ability: Tera Shift\n|detailschange|p1a: Terapagos|Terapagos-Terastal, L50, M\n|-heal|p1a: Terapagos|100\/100|[silent]\n|-activate|p2a: Terapagos|ability: Tera Shift\n|detailschange|p2a: Terapagos|Terapagos-Terastal, L50, M\n|-heal|p2a: Terapagos|100\/100|[silent]\n|-enditem|p1b: Flutter Mane|Booster Energy\n|-activate|p1b: Flutter Mane|ability: Protosynthesis|[fromitem]\n|-start|p1b: Flutter Mane|protosynthesisspe\n|turn|1\n|inactive|sibylla_system has 30 seconds left.\n|\n|t:|1739704496\n|move|p2b: Whimsicott|Light Screen|p2b: Whimsicott\n|-sidestart|p2: crowz000|move: Light Screen\n|move|p1b: Flutter Mane|Thunder Wave|p2a: Terapagos\n|-status|p2a: Terapagos|par\n|move|p1a: Terapagos|Tera Starstorm|p2a: Terapagos\n|-activate|p2a: Terapagos|ability: Tera Shell\n|-resisted|p2a: Terapagos\n|-damage|p2a: Terapagos|74\/100 par\n|move|p2a: Terapagos|Meteor Beam||[still]\n|-prepare|p2a: Terapagos|Meteor Beam\n|-boost|p2a: Terapagos|spa|1\n|-enditem|p2a: Terapagos|Power Herb\n|-anim|p2a: Terapagos|Meteor Beam|p1b: Flutter Mane|[miss]\n|-miss|p2a: Terapagos|p1b: Flutter Mane\n|\n|upkeep\n|turn|2\n|inactive|sibylla_system has 30 seconds left.\n|\n|t:|1739704530\n|move|p2b: Whimsicott|Encore|p1b: Flutter Mane\n|-start|p1b: Flutter Mane|Encore\n|move|p1b: Flutter Mane|Thunder Wave|p2a: Terapagos\n|-fail|p2a: Terapagos|par\n|move|p1a: Terapagos|Tera Starstorm|p2a: Terapagos\n|-damage|p2a: Terapagos|21\/100 par\n|move|p2a: Terapagos|Tera Starstorm|p1a: Terapagos\n|-activate|p1a: Terapagos|ability: Tera Shell\n|-resisted|p1a: Terapagos\n|-damage|p1a: Terapagos|61\/100\n|\n|upkeep\n|turn|3\n|inactive|sibylla_system has 30 seconds left.\n|\n|t:|1739704559\n|-end|p1b: Flutter Mane|Protosynthesis|[silent]\n|switch|p1b: Whimsicott|Whimsicott, L50, M|100\/100\n|-terastallize|p1a: Terapagos|Stellar\n|detailschange|p1a: Terapagos|Terapagos-Stellar, L50, M, tera:Stellar\n|-heal|p1a: Terapagos|72\/100|[silent]\n|move|p2b: Whimsicott|Tailwind|p2b: Whimsicott\n|-sidestart|p2: crowz000|move: Tailwind\n|move|p1a: Terapagos|Tera Starstorm|p2b: Whimsicott|[spread] p2a,p2b\n|-damage|p2a: Terapagos|0 fnt\n|-damage|p2b: Whimsicott|42\/100\n|faint|p2a: Terapagos\n|\n|upkeep\n|\n|t:|1739704572\n|switch|p2a: Urshifu|Urshifu-Rapid-Strike, L50, F|100\/100\n|turn|4\n|\n|t:|1739704591\n|switch|p1a: Urshifu|Urshifu-Rapid-Strike, L50, F|100\/100\n|move|p1b: Whimsicott|Encore|p2b: Whimsicott\n|-start|p2b: Whimsicott|Encore\n|move|p2b: Whimsicott|Tailwind||[still]\n|-fail|p2b: Whimsicott\n|move|p2a: Urshifu|Close Combat|p1a: Urshifu\n|-damage|p1a: Urshifu|38\/100\n|-unboost|p2a: Urshifu|def|1\n|-unboost|p2a: Urshifu|spd|1\n|\n|upkeep\n|turn|5\n|inactive|crowz000 has 30 seconds left.\n|\n|t:|1739704619\n|switch|p2b: Ogerpon|Ogerpon-Cornerstone, L50, F|100\/100\n|move|p1a: Urshifu|Aqua Jet|p2a: Urshifu\n|-resisted|p2a: Urshifu\n|-crit|p2a: Urshifu\n|-damage|p2a: Urshifu|74\/100\n|move|p2a: Urshifu|Close Combat|p1a: Urshifu\n|-damage|p1a: Urshifu|0 fnt\n|-unboost|p2a: Urshifu|def|1\n|-unboost|p2a: Urshifu|spd|1\n|faint|p1a: Urshifu\n|move|p1b: Whimsicott|Moonblast|p2a: Urshifu\n|-supereffective|p2a: Urshifu\n|-damage|p2a: Urshifu|0 fnt\n|faint|p2a: Urshifu\n|\n|-sideend|p2: crowz000|move: Light Screen\n|upkeep\n|inactive|sibylla_system has 30 seconds left.\n|\n|t:|1739704653\n|switch|p2a: Whimsicott|Whimsicott, L50, F|42\/100\n|switch|p1a: Flutter Mane|Flutter Mane, L50|100\/100\n|turn|6\n|\n|t:|1739704668\n|-terastallize|p2b: Ogerpon|Rock\n|detailschange|p2b: Ogerpon|Ogerpon-Cornerstone-Tera, L50, F, tera:Rock\n|-ability|p2b: Ogerpon|Embody Aspect (Cornerstone)|boost\n|-boost|p2b: Ogerpon|def|1\n|move|p2a: Whimsicott|Light Screen|p2a: Whimsicott\n|-sidestart|p2: crowz000|move: Light Screen\n|move|p1b: Whimsicott|Tailwind|p1b: Whimsicott\n|-sidestart|p1: sibylla_system|move: Tailwind\n|move|p2b: Ogerpon|Ivy Cudgel|p1a: Flutter Mane|[anim] Ivy Cudgel Rock\n|-damage|p1a: Flutter Mane|4\/100\n|move|p1a: Flutter Mane|Moonblast|p2a: Whimsicott\n|-damage|p2a: Whimsicott|3\/100\n|\n|-sideend|p2: crowz000|move: Tailwind\n|upkeep\n|turn|7\n|inactive|sibylla_system has 30 seconds left.\n|\n|t:|1739704703\n|move|p1b: Whimsicott|Encore|p2a: Whimsicott\n|-start|p2a: Whimsicott|Encore\n|move|p2a: Whimsicott|Light Screen||[still]\n|-fail|p2a: Whimsicott\n|move|p1a: Flutter Mane|Icy Wind|p2b: Ogerpon|[spread] p2a,p2b\n|-supereffective|p2a: Whimsicott\n|-damage|p2a: Whimsicott|0 fnt\n|-damage|p2b: Ogerpon|90\/100\n|-unboost|p2b: Ogerpon|spe|1\n|faint|p2a: Whimsicott\n|move|p2b: Ogerpon|Ivy Cudgel|p1a: Flutter Mane|[anim] Ivy Cudgel Rock\n|-damage|p1a: Flutter Mane|0 fnt\n|faint|p1a: Flutter Mane\n|-end|p1a: Flutter Mane|Protosynthesis|[silent]\n|\n|upkeep\n|\n|t:|1739704716\n|switch|p1a: Terapagos|Terapagos-Stellar, L50, M, tera:Stellar|72\/100\n|turn|8\n|\n|t:|1739704725\n|move|p1b: Whimsicott|Fake Tears|p2b: Ogerpon\n|-unboost|p2b: Ogerpon|spd|2\n|move|p1a: Terapagos|Tera Starstorm|p2b: Ogerpon\n|-supereffective|p2b: Ogerpon\n|-damage|p2b: Ogerpon|0 fnt\n|faint|p2b: Ogerpon\n|\n|win|sibylla_system\n|raw|sibylla_system's rating: 1525 &rarr; <strong>1550<\/strong><br \/>(+25 for winning)\n|raw|crowz000's rating: 1611 &rarr; <strong>1586<\/strong><br \/>(-25 for losing)\n|l|\u2606crowz000\n|player|p2|\n|l|\u2606sibylla_system\n|player|p1|\n","uploadtime":1739704938,"views":7,"formatid":"gen9vgc2025regg","rating":1550,"private":0,"password":null}