{"id":"gen9vgc2025regg-2301695071","format":"[Gen 9] VGC 2025 Reg G","players":["hdoot","metakurozashi"],"log":"|j|\u2606hdoot\n|j|\u2606metakurozashi\n|t:|1739685942\n|gametype|doubles\n|player|p1|hdoot|cilan|1658\n|player|p2|metakurozashi|1|1610\n|teamsize|p1|6\n|teamsize|p2|6\n|gen|9\n|tier|[Gen 9] VGC 2025 Reg G\n|rated|\n|rule|Species Clause: Limit one of each Pok\u00e9mon\n|rule|Item Clause: Limit 1 of each item\n|clearpoke\n|poke|p1|Groudon, L50|\n|poke|p1|Iron Valiant, L50|\n|poke|p1|Sableye, L50, M|\n|poke|p1|Ogerpon-Cornerstone, L50, F|\n|poke|p1|Rillaboom, L50, M|\n|poke|p1|Flutter Mane, L50|\n|poke|p2|Annihilape, L50, F|\n|poke|p2|Whimsicott, L50, M|\n|poke|p2|Miraidon, L50|\n|poke|p2|Iron Bundle, L50|\n|poke|p2|Incineroar, L50, M|\n|poke|p2|Dragonite, L50, F|\n|teampreview|4\n|inactive|Battle timer is ON: inactive players will automatically lose when time's up. (requested by hdoot)\n|\n|t:|1739685976\n|start\n|switch|p1a: Iron Valiant|Iron Valiant, L50, shiny|100\/100\n|switch|p1b: Newton|Sableye, L50, M|100\/100\n|switch|p2a: Miraidon|Miraidon, L50|100\/100\n|switch|p2b: Incineroar|Incineroar, L50, M|100\/100\n|-fieldstart|move: Electric Terrain|[from] ability: Hadron Engine|[of] p2a: Miraidon\n|-activate|p1a: Iron Valiant|ability: Quark Drive\n|-start|p1a: Iron Valiant|quarkdrivespe\n|-ability|p2b: Incineroar|Intimidate|boost\n|-unboost|p1a: Iron Valiant|atk|1\n|-unboost|p1b: Newton|atk|1\n|turn|1\n|\n|t:|1739685999\n|-terastallize|p2a: Miraidon|Fairy\n|move|p1a: Iron Valiant|Wide Guard|p1a: Iron Valiant\n|-singleturn|p1a: Iron Valiant|Wide Guard\n|move|p2b: Incineroar|Fake Out|p1a: Iron Valiant\n|-damage|p1a: Iron Valiant|89\/100\n|move|p1b: Newton|Gravity|p1b: Newton\n|-fieldstart|move: Gravity\n|move|p2a: Miraidon|Dazzling Gleam|p1a: Iron Valiant|[spread] \n|-activate|p1a: Iron Valiant|move: Wide Guard\n|-activate|p1b: Newton|move: Wide Guard\n|\n|upkeep\n|turn|2\n|\n|t:|1739686018\n|switch|p1b: Rillaboom|Rillaboom, L50, M, shiny|100\/100\n|-fieldstart|move: Grassy Terrain|[from] ability: Grassy Surge|[of] p1b: Rillaboom\n|-end|p1a: Iron Valiant|Quark Drive\n|-enditem|p1a: Iron Valiant|Booster Energy\n|-activate|p1a: Iron Valiant|ability: Quark Drive|[fromitem]\n|-start|p1a: Iron Valiant|quarkdrivespe\n|move|p1a: Iron Valiant|Hypnosis|p2a: Miraidon\n|-status|p2a: Miraidon|slp|[from] move: Hypnosis\n|cant|p2a: Miraidon|slp\n|move|p2b: Incineroar|U-turn|p1a: Iron Valiant\n|-resisted|p1a: Iron Valiant\n|-damage|p1a: Iron Valiant|84\/100\n|\n|t:|1739686031\n|switch|p2b: Dragonite|Dragonite, L50, F|100\/100|[from] U-turn\n|\n|-heal|p1a: Iron Valiant|91\/100|[from] Grassy Terrain\n|upkeep\n|turn|3\n|\n|t:|1739686044\n|move|p1a: Iron Valiant|Hypnosis|p2b: Dragonite\n|-status|p2b: Dragonite|slp|[from] move: Hypnosis\n|cant|p2a: Miraidon|slp\n|cant|p2b: Dragonite|slp\n|move|p1b: Rillaboom|U-turn|p2a: Miraidon\n|-resisted|p2a: Miraidon\n|-damage|p2a: Miraidon|91\/100 slp\n|\n|t:|1739686053\n|switch|p1b: Golden apple|Groudon, L50, shiny|100\/100|[from] U-turn\n|-weather|SunnyDay|[from] ability: Drought|[of] p1b: Golden apple\n|\n|-weather|SunnyDay|[upkeep]\n|-heal|p1a: Iron Valiant|97\/100|[from] Grassy Terrain\n|-heal|p2a: Miraidon|96\/100 slp|[from] Grassy Terrain\n|upkeep\n|turn|4\n|\n|t:|1739686068\n|switch|p2a: Incineroar|Incineroar, L50, M|100\/100\n|-ability|p2a: Incineroar|Intimidate|boost\n|-unboost|p1a: Iron Valiant|atk|1\n|-unboost|p1b: Golden apple|atk|1\n|-terastallize|p1b: Golden apple|Ground\n|move|p1a: Iron Valiant|Coaching|p1b: Golden apple\n|-boost|p1b: Golden apple|atk|1\n|-boost|p1b: Golden apple|def|1\n|move|p1b: Golden apple|Precipice Blades|p2b: Dragonite|[spread] p2a,p2b\n|-supereffective|p2a: Incineroar\n|-damage|p2a: Incineroar|5\/100\n|-damage|p2b: Dragonite|61\/100 slp\n|cant|p2b: Dragonite|slp\n|\n|-weather|SunnyDay|[upkeep]\n|-heal|p1a: Iron Valiant|100\/100|[from] Grassy Terrain\n|-heal|p2b: Dragonite|67\/100 slp|[from] Grassy Terrain\n|-heal|p2a: Incineroar|11\/100|[from] Grassy Terrain\n|upkeep\n|turn|5\n|inactive|metakurozashi has 30 seconds left.\n|\n|t:|1739686100\n|move|p2a: Incineroar|Fake Out|p1b: Golden apple\n|-damage|p1b: Golden apple|95\/100\n|move|p1a: Iron Valiant|Moonblast|p2b: Dragonite\n|-supereffective|p2b: Dragonite\n|-damage|p2b: Dragonite|0 fnt\n|faint|p2b: Dragonite\n|cant|p1b: Golden apple|flinch\n|\n|-weather|SunnyDay|[upkeep]\n|-heal|p1b: Golden apple|100\/100|[from] Grassy Terrain\n|-heal|p2a: Incineroar|17\/100|[from] Grassy Terrain\n|-fieldend|move: Gravity\n|upkeep\n|\n|t:|1739686111\n|switch|p2b: Iron Bundle|Iron Bundle, L50|100\/100\n|turn|6\n|inactive|metakurozashi has 30 seconds left.\n|\n|t:|1739686141\n|switch|p2a: Miraidon|Miraidon, L50, tera:Fairy|96\/100 slp\n|-fieldstart|move: Electric Terrain|[from] ability: Hadron Engine|[of] p2a: Miraidon\n|-activate|p2b: Iron Bundle|ability: Quark Drive\n|-start|p2b: Iron Bundle|quarkdrivespe\n|move|p2b: Iron Bundle|Freeze-Dry|p1b: Golden apple\n|-supereffective|p1b: Golden apple\n|-damage|p1b: Golden apple|29\/100\n|move|p1a: Iron Valiant|Moonblast|p2b: Iron Bundle\n|-damage|p2b: Iron Bundle|25\/100\n|-unboost|p2b: Iron Bundle|spa|1\n|move|p1b: Golden apple|Precipice Blades|p2b: Iron Bundle|[spread] p2a,p2b\n|-damage|p2a: Miraidon|28\/100 slp\n|-damage|p2b: Iron Bundle|0 fnt\n|faint|p2b: Iron Bundle\n|-end|p2b: Iron Bundle|Quark Drive|[silent]\n|\n|-weather|SunnyDay|[upkeep]\n|upkeep\n|\n|t:|1739686156\n|switch|p2b: Incineroar|Incineroar, L50, M|17\/100\n|-ability|p2b: Incineroar|Intimidate|boost\n|-unboost|p1a: Iron Valiant|atk|1\n|-unboost|p1b: Golden apple|atk|1\n|turn|7\n|\n|t:|1739686164\n|move|p2b: Incineroar|Fake Out|p1a: Iron Valiant\n|-damage|p1a: Iron Valiant|91\/100\n|cant|p1a: Iron Valiant|flinch\n|move|p1b: Golden apple|Precipice Blades|p2b: Incineroar|[spread] p2a,p2b\n|-supereffective|p2b: Incineroar\n|-damage|p2a: Miraidon|0 fnt\n|-damage|p2b: Incineroar|0 fnt\n|faint|p2a: Miraidon\n|faint|p2b: Incineroar\n|\n|win|hdoot\n|raw|hdoot's rating: 1658 &rarr; <strong>1675<\/strong><br \/>(+17 for winning)\n|raw|metakurozashi's rating: 1610 &rarr; <strong>1593<\/strong><br \/>(-17 for losing)\n|l|\u2606hdoot\n|player|p1|\n|l|\u2606metakurozashi\n|player|p2|\n","uploadtime":1739686318,"views":7,"formatid":"gen9vgc2025regg","rating":1593,"private":0,"password":null}