{"id":"gen9vgc2025regg-2301131724","format":"[Gen 9] VGC 2025 Reg G","players":["Ayae.Hakamada","heliodor026"],"log":"|j|\u2606Ayae.Hakamada\n|j|\u2606heliodor026\n|t:|1739599900\n|gametype|doubles\n|player|p1|Ayae.Hakamada|skyla|1508\n|player|p2|heliodor026|roxanne|1555\n|teamsize|p1|6\n|teamsize|p2|6\n|gen|9\n|tier|[Gen 9] VGC 2025 Reg G\n|rated|\n|rule|Species Clause: Limit one of each Pok\u00e9mon\n|rule|Item Clause: Limit 1 of each item\n|clearpoke\n|poke|p1|Calyrex-Ice, L50|\n|poke|p1|Raging Bolt, L50|\n|poke|p1|Urshifu-*, L50, F|\n|poke|p1|Grimmsnarl, L50, M|\n|poke|p1|Iron Valiant, L50|\n|poke|p1|Ogerpon-Hearthflame, L50, F|\n|poke|p2|Calyrex-Ice, L50|\n|poke|p2|Flutter Mane, L50|\n|poke|p2|Ursaluna-Bloodmoon, L50, M|\n|poke|p2|Urshifu-*, L50, M|\n|poke|p2|Raging Bolt, L50|\n|poke|p2|Amoonguss, L50, M|\n|teampreview|4\n|inactive|Battle timer is ON: inactive players will automatically lose when time's up. (requested by Ayae.Hakamada)\n|inactive|Ayae.Hakamada has 60 seconds left.\n|inactive|heliodor026 has 60 seconds left.\n|inactive|Ayae.Hakamada has 30 seconds left.\n|inactive|Ayae.Hakamada has 20 seconds left.\n|inactive|Ayae.Hakamada has 15 seconds left.\n|\n|t:|1739599976\n|start\n|switch|p1a: Calyrex|Calyrex-Ice, L50|100\/100\n|switch|p1b: Raging Bolt|Raging Bolt, L50|100\/100\n|switch|p2a: Flutter Mane|Flutter Mane, L50|100\/100\n|switch|p2b: Urshifu|Urshifu-Rapid-Strike, L50, M|100\/100\n|-ability|p1a: Calyrex|As One\n|-ability|p1a: Calyrex|Unnerve\n|-enditem|p2a: Flutter Mane|Booster Energy\n|-activate|p2a: Flutter Mane|ability: Protosynthesis|[fromitem]\n|-start|p2a: Flutter Mane|protosynthesisspd\n|turn|1\n|inactive|heliodor026 has 30 seconds left.\n|inactive|Ayae.Hakamada has 30 seconds left.\n|inactive|heliodor026 has 20 seconds left.\n|inactive|heliodor026 has 15 seconds left.\n|inactive|Ayae.Hakamada has 20 seconds left.\n|\n|t:|1739600024\n|move|p1b: Raging Bolt|Thunderclap|p2b: Urshifu\n|-supereffective|p2b: Urshifu\n|-damage|p2b: Urshifu|0 fnt\n|faint|p2b: Urshifu\n|-damage|p1b: Raging Bolt|91\/100|[from] item: Life Orb\n|move|p2a: Flutter Mane|Moonblast|p1b: Raging Bolt\n|-supereffective|p1b: Raging Bolt\n|-damage|p1b: Raging Bolt|5\/100\n|move|p1a: Calyrex|Glacial Lance|p2a: Flutter Mane\n|-damage|p2a: Flutter Mane|15\/100\n|\n|upkeep\n|\n|t:|1739600034\n|switch|p2b: Ursaluna|Ursaluna-Bloodmoon, L50, M|100\/100\n|turn|2\n|\n|t:|1739600048\n|move|p1b: Raging Bolt|Protect|p1b: Raging Bolt\n|-singleturn|p1b: Raging Bolt|Protect\n|move|p1a: Calyrex|Protect|p1a: Calyrex\n|-singleturn|p1a: Calyrex|Protect\n|move|p2a: Flutter Mane|Pain Split|p1a: Calyrex\n|-activate|p1a: Calyrex|move: Protect\n|move|p2b: Ursaluna|Hyper Voice|p1a: Calyrex|[spread] \n|-activate|p1a: Calyrex|move: Protect\n|-activate|p1b: Raging Bolt|move: Protect\n|\n|upkeep\n|turn|3\n|\n|t:|1739600071\n|move|p2a: Flutter Mane|Pain Split|p1a: Calyrex\n|-sethp|p1a: Calyrex|56\/100|[from] move: Pain Split|[silent]\n|-sethp|p2a: Flutter Mane|72\/100|[from] move: Pain Split\n|move|p1b: Raging Bolt|Dragon Pulse|p2b: Ursaluna\n|-damage|p2b: Ursaluna|15\/100\n|-damage|p1b: Raging Bolt|0 fnt|[from] item: Life Orb\n|faint|p1b: Raging Bolt\n|-end|p1b: Raging Bolt|Protosynthesis|[silent]\n|move|p2b: Ursaluna|Hyper Voice|p1a: Calyrex\n|-damage|p1a: Calyrex|26\/100\n|move|p1a: Calyrex|Glacial Lance|p2b: Ursaluna|[spread] p2a,p2b\n|-supereffective|p2b: Ursaluna\n|-damage|p2a: Flutter Mane|6\/100\n|-damage|p2b: Ursaluna|0 fnt\n|faint|p2b: Ursaluna\n|-ability|p1a: Calyrex|Chilling Neigh|boost\n|-boost|p1a: Calyrex|atk|1\n|\n|upkeep\n|\n|t:|1739600092\n|switch|p1b: Ogerpon|Ogerpon-Hearthflame, L50, F|100\/100\n|switch|p2b: Calyrex|Calyrex-Ice, L50|100\/100\n|-ability|p2b: Calyrex|As One\n|-ability|p2b: Calyrex|Unnerve\n|-ability|p1b: Ogerpon|Mold Breaker\n|turn|4\n|inactive|Ayae.Hakamada has 30 seconds left.\n|inactive|Ayae.Hakamada has 20 seconds left.\n|inactive|Ayae.Hakamada has 15 seconds left.\n|\n|t:|1739600136\n|-terastallize|p2b: Calyrex|Water\n|move|p1b: Ogerpon|Spiky Shield|p1b: Ogerpon\n|-singleturn|p1b: Ogerpon|move: Protect\n|move|p2a: Flutter Mane|Thunder Wave|p1b: Ogerpon\n|-activate|p1b: Ogerpon|move: Protect\n|move|p2b: Calyrex|Glacial Lance|p1b: Ogerpon|[spread] p1a\n|-activate|p1b: Ogerpon|move: Protect\n|-resisted|p1a: Calyrex\n|-damage|p1a: Calyrex|8\/100\n|move|p1a: Calyrex|Glacial Lance|p2b: Calyrex|[spread] p2a,p2b\n|-resisted|p2b: Calyrex\n|-damage|p2a: Flutter Mane|0 fnt\n|-damage|p2b: Calyrex|71\/100\n|faint|p2a: Flutter Mane\n|-end|p2a: Flutter Mane|Protosynthesis|[silent]\n|-ability|p1a: Calyrex|Chilling Neigh|boost\n|-boost|p1a: Calyrex|atk|1\n|\n|upkeep\n|turn|5\n|-message|heliodor026 forfeited.\n|\n|win|Ayae.Hakamada\n|raw|Ayae.Hakamada's rating: 1508 &rarr; <strong>1531<\/strong><br \/>(+23 for winning)\n|raw|heliodor026's rating: 1555 &rarr; <strong>1532<\/strong><br \/>(-23 for losing)\n|l|\u2606heliodor026\n|player|p2|\n|l|\u2606Ayae.Hakamada\n|player|p1|\n","uploadtime":1739600319,"views":5,"formatid":"gen9vgc2025regg","rating":1531,"private":0,"password":null}