{"id":"gen9vgc2025regg-2301255415","format":"[Gen 9] VGC 2025 Reg G","players":["metakurozashi","kojimuranishi"],"log":"|j|\u2606metakurozashi\n|j|\u2606kojimuranishi\n|t:|1739626158\n|gametype|doubles\n|player|p1|metakurozashi|169|1653\n|player|p2|kojimuranishi|101|1784\n|teamsize|p1|6\n|teamsize|p2|6\n|gen|9\n|tier|[Gen 9] VGC 2025 Reg G\n|rated|\n|rule|Species Clause: Limit one of each Pok\u00e9mon\n|rule|Item Clause: Limit 1 of each item\n|clearpoke\n|poke|p1|Calyrex-Ice, L50|\n|poke|p1|Amoonguss, L50, M|\n|poke|p1|Indeedee-F, L50, F|\n|poke|p1|Urshifu-*, L50, F|\n|poke|p1|Flutter Mane, L50|\n|poke|p1|Ogerpon-Cornerstone, L50, F|\n|poke|p2|Whimsicott, L50, M|\n|poke|p2|Calyrex-Ice, L50|\n|poke|p2|Urshifu-*, L50, F|\n|poke|p2|Chi-Yu, L50|\n|poke|p2|Raging Bolt, L50|\n|poke|p2|Landorus, L50, M|\n|teampreview|4\n|inactive|Battle timer is ON: inactive players will automatically lose when time's up. (requested by kojimuranishi)\n|\n|t:|1739626198\n|start\n|switch|p1a: Urshifu|Urshifu, L50, F|100\/100\n|switch|p1b: Calyrex|Calyrex-Ice, L50|100\/100\n|switch|p2a: Chi-Yu|Chi-Yu, L50|100\/100\n|switch|p2b: Landorus|Landorus, L50, M|100\/100\n|-ability|p1b: Calyrex|As One\n|-ability|p1b: Calyrex|Unnerve\n|-ability|p2a: Chi-Yu|Beads of Ruin\n|turn|1\n|inactive|metakurozashi has 30 seconds left.\n|inactive|kojimuranishi has 30 seconds left.\n|inactive|kojimuranishi has 20 seconds left.\n|j| ok3rd\n|inactive|kojimuranishi has 15 seconds left.\n|inactive|kojimuranishi has 10 seconds left.\n|\n|t:|1739626244\n|switch|p1b: Flutter Mane|Flutter Mane, L50|100\/100\n|move|p1a: Urshifu|Close Combat|p2a: Chi-Yu\n|-supereffective|p2a: Chi-Yu\n|-damage|p2a: Chi-Yu|0 fnt\n|-unboost|p1a: Urshifu|def|1\n|-unboost|p1a: Urshifu|spd|1\n|faint|p2a: Chi-Yu\n|move|p2b: Landorus|Sandsear Storm|p1b: Flutter Mane|[spread] p1b\n|-miss|p2b: Landorus|p1a: Urshifu\n|-crit|p1b: Flutter Mane\n|-enditem|p1b: Flutter Mane|Focus Sash\n|-damage|p1b: Flutter Mane|1\/100\n|\n|upkeep\n|\n|t:|1739626258\n|switch|p2a: Whimsicott|Whimsicott, L50, M|100\/100\n|turn|2\n|inactive|metakurozashi has 30 seconds left.\n|inactive|metakurozashi has 20 seconds left.\n|\n|t:|1739626295\n|switch|p1a: Amoonguss|Amoonguss, L50, M|100\/100\n|move|p2a: Whimsicott|Tailwind|p2a: Whimsicott\n|-sidestart|p2: kojimuranishi|move: Tailwind\n|move|p2b: Landorus|Sandsear Storm|p1a: Amoonguss|[spread] p1a\n|-miss|p2b: Landorus|p1b: Flutter Mane\n|-damage|p1a: Amoonguss|34\/100\n|move|p1b: Flutter Mane|Moonblast|p2b: Landorus\n|-crit|p2b: Landorus\n|-damage|p2b: Landorus|4\/100\n|\n|upkeep\n|turn|3\n|j| Jamel1\n|inactive|metakurozashi has 30 seconds left.\n|inactive|metakurozashi has 20 seconds left.\n|inactive|metakurozashi has 15 seconds left.\n|\n|t:|1739626336\n|switch|p1a: Urshifu|Urshifu, L50, F|100\/100\n|move|p1b: Flutter Mane|Protect|p1b: Flutter Mane\n|-singleturn|p1b: Flutter Mane|Protect\n|move|p2a: Whimsicott|Moonblast|p1b: Flutter Mane\n|-activate|p1b: Flutter Mane|move: Protect\n|move|p2b: Landorus|Earth Power|p1a: Urshifu\n|-damage|p1a: Urshifu|0 fnt\n|faint|p1a: Urshifu\n|\n|upkeep\n|\n|t:|1739626347\n|switch|p1a: Amoonguss|Amoonguss, L50, M|67\/100\n|turn|4\n|j| Meiser63\n|\n|t:|1739626362\n|move|p2a: Whimsicott|Moonblast|p1b: Flutter Mane\n|-damage|p1b: Flutter Mane|0 fnt\n|faint|p1b: Flutter Mane\n|-end|p1b: Flutter Mane|Protosynthesis|[silent]\n|move|p2b: Landorus|Earth Power|p1a: Amoonguss\n|-damage|p1a: Amoonguss|0 fnt\n|faint|p1a: Amoonguss\n|\n|upkeep\n|\n|t:|1739626371\n|switch|p1b: Calyrex|Calyrex-Ice, L50|100\/100\n|-ability|p1b: Calyrex|As One\n|-ability|p1b: Calyrex|Unnerve\n|turn|5\n|\n|t:|1739626380\n|move|p2a: Whimsicott|Moonblast|p1b: Calyrex\n|-damage|p1b: Calyrex|71\/100\n|-unboost|p1b: Calyrex|spa|1\n|move|p2b: Landorus|Earth Power|p1b: Calyrex\n|-damage|p1b: Calyrex|19\/100\n|move|p1b: Calyrex|Glacial Lance|p2b: Landorus|[spread] p2a,p2b\n|-supereffective|p2a: Whimsicott\n|-supereffective|p2b: Landorus\n|-enditem|p2a: Whimsicott|Focus Sash\n|-damage|p2a: Whimsicott|1\/100\n|-damage|p2b: Landorus|0 fnt\n|faint|p2b: Landorus\n|-ability|p1b: Calyrex|Chilling Neigh|boost\n|-boost|p1b: Calyrex|atk|1\n|\n|-sideend|p2: kojimuranishi|move: Tailwind\n|upkeep\n|-message|metakurozashi forfeited.\n|\n|win|kojimuranishi\n|raw|metakurozashi's rating: 1653 &rarr; <strong>1640<\/strong><br \/>(-13 for losing)\n|raw|kojimuranishi's rating: 1784 &rarr; <strong>1797<\/strong><br \/>(+13 for winning)\n|l|\u2606metakurozashi\n|player|p1|\n|l| Jamel1\n|l| Meiser63\n|l|\u2606kojimuranishi\n|player|p2|\n|l| ok3rd\n","uploadtime":1739626621,"views":14,"formatid":"gen9vgc2025regg","rating":1640,"private":0,"password":null}