{"id":"gen9vgc2025regg-2301160930","format":"[Gen 9] VGC 2025 Reg G","players":["Lsxy","Fehuo"],"log":"|j|\u2606Lsxy\n|j|\u2606Fehuo\n|t:|1739606523\n|gametype|doubles\n|player|p1|Lsxy|169|1520\n|player|p2|Fehuo|cynthia-gen4|1633\n|teamsize|p1|6\n|teamsize|p2|6\n|gen|9\n|tier|[Gen 9] VGC 2025 Reg G\n|rated|\n|rule|Species Clause: Limit one of each Pok\u00e9mon\n|rule|Item Clause: Limit 1 of each item\n|clearpoke\n|poke|p1|Muk-Alola, L50, F|\n|poke|p1|Calyrex-Shadow, L50|\n|poke|p1|Smeargle, L50, M|\n|poke|p1|Flamigo, L50, F|\n|poke|p1|Chien-Pao, L50|\n|poke|p1|Entei, L50|\n|poke|p2|Calyrex-Ice, L50|\n|poke|p2|Raging Bolt, L50|\n|poke|p2|Urshifu-*, L50, M|\n|poke|p2|Chien-Pao, L50|\n|poke|p2|Ogerpon-Hearthflame, L50, F|\n|poke|p2|Indeedee-F, L50, F|\n|teampreview|4\n|inactive|Battle timer is ON: inactive players will automatically lose when time's up. (requested by Fehuo)\n|\n|t:|1739606553\n|start\n|switch|p1a: Smeargle|Smeargle, L50, M|100\/100\n|switch|p1b: Muk|Muk-Alola, L50, F|100\/100\n|switch|p2a: Calyrex|Calyrex-Ice, L50|100\/100\n|switch|p2b: Indeedee|Indeedee-F, L50, F|100\/100\n|-ability|p2a: Calyrex|As One\n|-ability|p2a: Calyrex|Unnerve\n|-fieldstart|move: Psychic Terrain|[from] ability: Psychic Surge|[of] p2b: Indeedee\n|turn|1\n|inactive|Lsxy has 30 seconds left.\n|\n|t:|1739606580\n|-terastallize|p1b: Muk|Water\n|move|p2b: Indeedee|Helping Hand|p2a: Calyrex\n|-singleturn|p2a: Calyrex|Helping Hand|[of] p2b: Indeedee\n|move|p1a: Smeargle|Wide Guard|p1a: Smeargle\n|-singleturn|p1a: Smeargle|Wide Guard\n|move|p2a: Calyrex|Glacial Lance|p1b: Muk|[spread] \n|-activate|p1a: Smeargle|move: Wide Guard\n|-activate|p1b: Muk|move: Wide Guard\n|move|p1b: Muk|Minimize|p1b: Muk\n|-boost|p1b: Muk|evasion|2\n|\n|-ability|p1a: Smeargle|Moody|boost\n|-boost|p1a: Smeargle|def|2\n|-unboost|p1a: Smeargle|spa|1\n|upkeep\n|turn|2\n|\n|t:|1739606597\n|switch|p2a: Ogerpon|Ogerpon-Hearthflame, L50, F|100\/100\n|-ability|p2a: Ogerpon|Mold Breaker\n|move|p1a: Smeargle|Spore|p2a: Ogerpon\n|-immune|p2a: Ogerpon\n|move|p2b: Indeedee|Psychic|p1b: Muk|[miss]\n|-miss|p2b: Indeedee|p1b: Muk\n|move|p1b: Muk|Minimize|p1b: Muk\n|-boost|p1b: Muk|evasion|2\n|\n|-ability|p1a: Smeargle|Moody|boost\n|-boost|p1a: Smeargle|atk|2\n|-unboost|p1a: Smeargle|def|1\n|upkeep\n|turn|3\n|\n|t:|1739606609\n|move|p2b: Indeedee|Helping Hand|p2a: Ogerpon\n|-singleturn|p2a: Ogerpon|Helping Hand|[of] p2b: Indeedee\n|move|p2a: Ogerpon|Wood Hammer|p1b: Muk|[miss]\n|-miss|p2a: Ogerpon|p1b: Muk\n|move|p1a: Smeargle|Spore|p2b: Indeedee\n|-status|p2b: Indeedee|slp|[from] move: Spore\n|move|p1b: Muk|Minimize|p1b: Muk\n|-boost|p1b: Muk|evasion|2\n|\n|-ability|p1a: Smeargle|Moody|boost\n|-boost|p1a: Smeargle|spd|2\n|-unboost|p1a: Smeargle|atk|1\n|upkeep\n|turn|4\n|\n|t:|1739606628\n|move|p1a: Smeargle|Follow Me|p1a: Smeargle\n|-singleturn|p1a: Smeargle|move: Follow Me\n|move|p2a: Ogerpon|Ivy Cudgel|p1a: Smeargle|[anim] Ivy Cudgel Fire\n|-damage|p1a: Smeargle|13\/100\n|cant|p2b: Indeedee|slp\n|move|p1b: Muk|Poison Gas||[still]|[spread] p2a,p2b\n|-status|p2a: Ogerpon|psn\n|-fail|p1b: Muk\n|\n|-damage|p2a: Ogerpon|88\/100 psn|[from] psn\n|-ability|p1a: Smeargle|Moody|boost\n|-boost|p1a: Smeargle|def|2\n|-unboost|p1a: Smeargle|spa|1\n|upkeep\n|turn|5\n|\n|t:|1739606641\n|move|p2a: Ogerpon|Spiky Shield|p2a: Ogerpon\n|-singleturn|p2a: Ogerpon|move: Protect\n|move|p1a: Smeargle|Follow Me|p1a: Smeargle\n|-singleturn|p1a: Smeargle|move: Follow Me\n|-curestatus|p2b: Indeedee|slp|[msg]\n|move|p2b: Indeedee|Psychic|p1a: Smeargle\n|-damage|p1a: Smeargle|0 fnt\n|faint|p1a: Smeargle\n|-ability|p1b: Muk|Moody|[from] ability: Power of Alchemy|[of] p1a: Smeargle\n|move|p1b: Muk|Knock Off|p2b: Indeedee\n|-supereffective|p2b: Indeedee\n|-crit|p2b: Indeedee\n|-damage|p2b: Indeedee|8\/100\n|-damage|p1b: Muk|84\/100|[from] item: Rocky Helmet|[of] p2b: Indeedee\n|-enditem|p2b: Indeedee|Rocky Helmet|[from] move: Knock Off|[of] p1b: Muk\n|\n|-heal|p1b: Muk|90\/100|[from] item: Leftovers\n|-damage|p2a: Ogerpon|76\/100 psn|[from] psn\n|-fieldend|move: Psychic Terrain\n|-ability|p1b: Muk|Moody|boost\n|-boost|p1b: Muk|def|2\n|-unboost|p1b: Muk|atk|1\n|upkeep\n|\n|t:|1739606661\n|switch|p1a: Calyrex|Calyrex-Shadow, L50|100\/100\n|-ability|p1a: Calyrex|As One\n|-ability|p1a: Calyrex|Unnerve\n|turn|6\n|\n|t:|1739606676\n|switch|p1a: Flamigo|Flamigo, L50, F|100\/100\n|-copyboost|p1a: Flamigo|p1b: Muk|[from] ability: Costar\n|-enditem|p1a: Flamigo|White Herb\n|-clearnegativeboost|p1a: Flamigo|[silent]\n|move|p2b: Indeedee|Follow Me|p2b: Indeedee\n|-singleturn|p2b: Indeedee|move: Follow Me\n|move|p2a: Ogerpon|Wood Hammer|p1b: Muk|[miss]\n|-miss|p2a: Ogerpon|p1b: Muk\n|move|p1b: Muk|Knock Off|p2b: Indeedee\n|-supereffective|p2b: Indeedee\n|-damage|p2b: Indeedee|0 fnt\n|faint|p2b: Indeedee\n|\n|-heal|p1b: Muk|96\/100|[from] item: Leftovers\n|-damage|p2a: Ogerpon|63\/100 psn|[from] psn\n|-ability|p1b: Muk|Moody|boost\n|-boost|p1b: Muk|atk|2\n|-unboost|p1b: Muk|def|1\n|upkeep\n|\n|t:|1739606688\n|switch|p2b: Calyrex|Calyrex-Ice, L50|100\/100\n|-ability|p2b: Calyrex|As One\n|-ability|p2b: Calyrex|Unnerve\n|turn|7\n|\n|t:|1739606709\n|move|p2a: Ogerpon|Wood Hammer|p1b: Muk|[miss]\n|-miss|p2a: Ogerpon|p1b: Muk\n|move|p1a: Flamigo|Acrobatics|p2a: Ogerpon\n|-supereffective|p2a: Ogerpon\n|-damage|p2a: Ogerpon|0 fnt\n|faint|p2a: Ogerpon\n|move|p2b: Calyrex|High Horsepower|p1b: Muk|[miss]\n|-miss|p2b: Calyrex|p1b: Muk\n|move|p1b: Muk|Knock Off|p2b: Calyrex\n|-supereffective|p2b: Calyrex\n|-damage|p2b: Calyrex|29\/100\n|-enditem|p2b: Calyrex|Clear Amulet|[from] move: Knock Off|[of] p1b: Muk\n|\n|-heal|p1b: Muk|100\/100|[from] item: Leftovers\n|-ability|p1b: Muk|Moody|boost\n|-boost|p1b: Muk|spa|2\n|-unboost|p1b: Muk|atk|1\n|upkeep\n|-message|Fehuo forfeited.\n|\n|win|Lsxy\n|raw|Lsxy's rating: 1520 &rarr; <strong>1546<\/strong><br \/>(+26 for winning)\n|raw|Fehuo's rating: 1633 &rarr; <strong>1607<\/strong><br \/>(-26 for losing)\n|l|\u2606Fehuo\n|player|p2|\n|l|\u2606Lsxy\n|player|p1|\n","uploadtime":1739606969,"views":5,"formatid":"gen9vgc2025regg","rating":1546,"private":0,"password":null}