{"id":"gen9vgc2025regg-2301744221","format":"[Gen 9] VGC 2025 Reg G","players":["kojimuranishi","longhq"],"log":"|j|\u2606kojimuranishi\n|j|\u203dlonghq\n|t:|1739696361\n|gametype|doubles\n|player|p1|kojimuranishi|101|1704\n|player|p2|longhq|dawn|1662\n|teamsize|p1|6\n|teamsize|p2|6\n|gen|9\n|tier|[Gen 9] VGC 2025 Reg G\n|rated|\n|rule|Species Clause: Limit one of each Pok\u00e9mon\n|rule|Item Clause: Limit 1 of each item\n|clearpoke\n|poke|p1|Whimsicott, L50, M|\n|poke|p1|Calyrex-Ice, L50|\n|poke|p1|Urshifu-*, L50, F|\n|poke|p1|Chi-Yu, L50|\n|poke|p1|Raging Bolt, L50|\n|poke|p1|Landorus, L50, M|\n|poke|p2|Raging Bolt, L50|\n|poke|p2|Koraidon, L50|\n|poke|p2|Jumpluff, L50, M|\n|poke|p2|Iron Bundle, L50|\n|poke|p2|Volcarona, L50, M|\n|poke|p2|Rillaboom, L50, F|\n|teampreview|4\n|inactive|Battle timer is ON: inactive players will automatically lose when time's up. (requested by kojimuranishi)\n|inactive|longhq has 60 seconds left.\n|\n|t:|1739696402\n|start\n|switch|p1a: Whimsicott|Whimsicott, L50, M|100\/100\n|switch|p1b: Urshifu|Urshifu-Rapid-Strike, L50, F|100\/100\n|switch|p2a: Jumpluff|Jumpluff, L50, M|100\/100\n|switch|p2b: Koraidon|Koraidon, L50|100\/100\n|-weather|SunnyDay|[from] ability: Orichalcum Pulse|[of] p2b: Koraidon\n|-activate|p2b: Koraidon|Orichalcum Pulse|[source]\n|turn|1\n|inactive|longhq has 30 seconds left.\n|\n|t:|1739696429\n|move|p2a: Jumpluff|Sleep Powder|p1b: Urshifu\n|-status|p1b: Urshifu|slp|[from] move: Sleep Powder\n|cant|p1b: Urshifu|slp\n|move|p2b: Koraidon|U-turn|p1a: Whimsicott\n|-damage|p1a: Whimsicott|31\/100\n|\n|t:|1739696437\n|switch|p2b: Iron Bundle|Iron Bundle, L50|100\/100|[from] U-turn\n|-enditem|p2b: Iron Bundle|Booster Energy\n|-activate|p2b: Iron Bundle|ability: Quark Drive|[fromitem]\n|-start|p2b: Iron Bundle|quarkdrivespe\n|move|p1a: Whimsicott|Trick Room|p1a: Whimsicott\n|-fieldstart|move: Trick Room|[of] p1a: Whimsicott\n|\n|-weather|SunnyDay|[upkeep]\n|upkeep\n|turn|2\n|inactive|longhq has 30 seconds left.\n|\n|t:|1739696466\n|move|p1a: Whimsicott|Encore|p2a: Jumpluff\n|-start|p2a: Jumpluff|Encore\n|cant|p1b: Urshifu|slp\n|move|p2b: Iron Bundle|Freeze-Dry|p1b: Urshifu\n|-supereffective|p1b: Urshifu\n|-damage|p1b: Urshifu|5\/100 slp\n|move|p2a: Jumpluff|Sleep Powder|p1b: Urshifu\n|-fail|p1b: Urshifu|slp\n|\n|-weather|SunnyDay|[upkeep]\n|upkeep\n|turn|3\n|\n|t:|1739696481\n|switch|p2a: Volcarona|Volcarona, L50, M|100\/100\n|move|p1a: Whimsicott|Moonblast|p2b: Iron Bundle\n|-damage|p2b: Iron Bundle|40\/100\n|-unboost|p2b: Iron Bundle|spa|1\n|cant|p1b: Urshifu|slp\n|move|p2b: Iron Bundle|Icy Wind|p1a: Whimsicott|[spread] p1a,p1b\n|-supereffective|p1a: Whimsicott\n|-resisted|p1b: Urshifu\n|-damage|p1a: Whimsicott|0 fnt\n|-damage|p1b: Urshifu|0 fnt\n|faint|p1a: Whimsicott\n|faint|p1b: Urshifu\n|\n|-weather|SunnyDay|[upkeep]\n|upkeep\n|\n|t:|1739696497\n|switch|p1b: Calyrex|Calyrex-Ice, L50|100\/100\n|switch|p1a: Landorus|Landorus, L50, M|100\/100\n|-ability|p1b: Calyrex|As One\n|-ability|p1b: Calyrex|Unnerve\n|turn|4\n|inactive|longhq has 30 seconds left.\n|inactive|longhq has 20 seconds left.\n|inactive|longhq has 15 seconds left.\n|\n|t:|1739696542\n|move|p2b: Iron Bundle|Protect|p2b: Iron Bundle\n|-singleturn|p2b: Iron Bundle|Protect\n|move|p1b: Calyrex|Zen Headbutt|p2a: Volcarona\n|-damage|p2a: Volcarona|31\/100\n|move|p2a: Volcarona|Morning Sun|p2a: Volcarona\n|-heal|p2a: Volcarona|98\/100\n|move|p1a: Landorus|Sandsear Storm|p2b: Iron Bundle|[spread] p2a\n|-activate|p2b: Iron Bundle|move: Protect\n|-damage|p2a: Volcarona|35\/100\n|\n|-weather|SunnyDay|[upkeep]\n|upkeep\n|turn|5\n|inactive|longhq has 30 seconds left.\n|inactive|longhq has 20 seconds left.\n|inactive|longhq has 15 seconds left.\n|inactive|longhq has 10 seconds left.\n|inactive|longhq has 5 seconds left.\n|\n|t:|1739696595\n|move|p1b: Calyrex|Zen Headbutt|p2b: Iron Bundle\n|-damage|p2b: Iron Bundle|0 fnt\n|faint|p2b: Iron Bundle\n|-end|p2b: Iron Bundle|Quark Drive|[silent]\n|-ability|p1b: Calyrex|Chilling Neigh|boost\n|-boost|p1b: Calyrex|atk|1\n|move|p2a: Volcarona|Morning Sun|p2a: Volcarona\n|-heal|p2a: Volcarona|100\/100\n|move|p1a: Landorus|Earth Power|p2a: Volcarona\n|-damage|p2a: Volcarona|30\/100\n|\n|-weather|none\n|-fieldend|move: Trick Room\n|upkeep\n|inactive|longhq has 30 seconds left.\n|j| NanshanVGC\n|inactive|longhq has 20 seconds left.\n|inactive|longhq has 15 seconds left.\n|inactive|longhq has 10 seconds left.\n|\n|t:|1739696644\n|switch|p2b: Koraidon|Koraidon, L50|100\/100\n|-weather|SunnyDay|[from] ability: Orichalcum Pulse|[of] p2b: Koraidon\n|-activate|p2b: Koraidon|Orichalcum Pulse|[source]\n|turn|6\n|\n|t:|1739696660\n|-terastallize|p2b: Koraidon|Fire\n|move|p2b: Koraidon|Flare Blitz|p1a: Landorus\n|-damage|p1a: Landorus|0 fnt\n|faint|p1a: Landorus\n|-damage|p2b: Koraidon|70\/100|[from] Recoil\n|move|p2a: Volcarona|Morning Sun|p2a: Volcarona\n|-heal|p2a: Volcarona|96\/100\n|move|p1b: Calyrex|Zen Headbutt|p2b: Koraidon\n|-damage|p2b: Koraidon|0 fnt\n|faint|p2b: Koraidon\n|-ability|p1b: Calyrex|Chilling Neigh|boost\n|-boost|p1b: Calyrex|atk|1\n|\n|-weather|SunnyDay|[upkeep]\n|upkeep\n|\n|t:|1739696673\n|switch|p2b: Jumpluff|Jumpluff, L50, M|100\/100\n|turn|7\n|\n|t:|1739696694\n|move|p2b: Jumpluff|Sleep Powder|p1b: Calyrex|[miss]\n|-miss|p2b: Jumpluff|p1b: Calyrex\n|move|p2a: Volcarona|Heat Wave|p1b: Calyrex\n|-supereffective|p1b: Calyrex\n|-damage|p1b: Calyrex|0 fnt\n|faint|p1b: Calyrex\n|\n|win|longhq\n|raw|kojimuranishi's rating: 1704 &rarr; <strong>1682<\/strong><br \/>(-22 for losing)\n|raw|longhq's rating: 1662 &rarr; <strong>1684<\/strong><br \/>(+22 for winning)\n|l|\u203dlonghq\n|player|p2|\n|l|\u2606kojimuranishi\n|player|p1|\n","uploadtime":1739696928,"views":33,"formatid":"gen9vgc2025regg","rating":1682,"private":0,"password":null}