{"id":"gen9vgc2025regg-2301744583","format":"[Gen 9] VGC 2025 Reg G","players":["falcon108","GengarNight_07"],"log":"|j|\u2606falcon108\n|j|\u2606GengarNight_07\n|t:|1739696443\n|gametype|doubles\n|player|p1|falcon108|2|1636\n|player|p2|GengarNight_07|265|1618\n|teamsize|p1|6\n|teamsize|p2|6\n|gen|9\n|tier|[Gen 9] VGC 2025 Reg G\n|rated|\n|rule|Species Clause: Limit one of each Pok\u00e9mon\n|rule|Item Clause: Limit 1 of each item\n|clearpoke\n|poke|p1|Kyogre, L50|\n|poke|p1|Tornadus, L50, M|\n|poke|p1|Tsareena, L50, F|\n|poke|p1|Electabuzz, L50, M|\n|poke|p1|Archaludon, L50, M|\n|poke|p1|Rillaboom, L50, F|\n|poke|p2|Calyrex-Shadow, L50|\n|poke|p2|Ogerpon-Hearthflame, L50, F|\n|poke|p2|Rillaboom, L50, F|\n|poke|p2|Incineroar, L50, F|\n|poke|p2|Raging Bolt, L50|\n|poke|p2|Urshifu-*, L50, F|\n|teampreview|4\n|inactive|Battle timer is ON: inactive players will automatically lose when time's up. (requested by falcon108)\n|inactive|falcon108 has 60 seconds left.\n|inactive|GengarNight_07 has 60 seconds left.\n|inactive|falcon108 has 30 seconds left.\n|\n|t:|1739696510\n|start\n|switch|p1a: Tornadus|Tornadus, L50, M|100\/100\n|switch|p1b: Archaludon|Archaludon, L50, M|100\/100\n|switch|p2a: Raging Bolt|Raging Bolt, L50|100\/100\n|switch|p2b: Incineroar|Incineroar, L50, F|100\/100\n|-ability|p2b: Incineroar|Intimidate|boost\n|-unboost|p1a: Tornadus|atk|1\n|-unboost|p1b: Archaludon|atk|1\n|-enditem|p2a: Raging Bolt|Booster Energy\n|-activate|p2a: Raging Bolt|ability: Protosynthesis|[fromitem]\n|-start|p2a: Raging Bolt|protosynthesisspa\n|turn|1\n|inactive|GengarNight_07 has 30 seconds left.\n|inactive|GengarNight_07 has 20 seconds left.\n|inactive|GengarNight_07 has 15 seconds left.\n|inactive|GengarNight_07 has 10 seconds left.\n|inactive|GengarNight_07 has 5 seconds left.\n|\n|t:|1739696565\n|move|p1a: Tornadus|Protect|p1a: Tornadus\n|-singleturn|p1a: Tornadus|Protect\n|move|p1b: Archaludon|Protect|p1b: Archaludon\n|-singleturn|p1b: Archaludon|Protect\n|move|p2a: Raging Bolt|Thunderclap||[still]\n|-fail|p2a: Raging Bolt\n|move|p2b: Incineroar|Taunt|p1b: Archaludon\n|-activate|p1b: Archaludon|move: Protect\n|\n|upkeep\n|turn|2\n|inactive|GengarNight_07 has 30 seconds left.\n|\n|t:|1739696599\n|move|p1a: Tornadus|Tailwind|p1a: Tornadus\n|-sidestart|p1: falcon108|move: Tailwind\n|move|p1b: Archaludon|Draco Meteor|p2a: Raging Bolt\n|-supereffective|p2a: Raging Bolt\n|-damage|p2a: Raging Bolt|0 fnt\n|-unboost|p1b: Archaludon|spa|2\n|faint|p2a: Raging Bolt\n|-end|p2a: Raging Bolt|Protosynthesis|[silent]\n|move|p2b: Incineroar|Parting Shot|p1b: Archaludon\n|-unboost|p1b: Archaludon|atk|1\n|-unboost|p1b: Archaludon|spa|1\n|\n|t:|1739696601\n|switch|p2b: Calyrex|Calyrex-Shadow, L50|100\/100|[from] Parting Shot\n|-ability|p2b: Calyrex|As One\n|-ability|p2b: Calyrex|Unnerve\n|\n|upkeep\n|\n|t:|1739696605\n|switch|p2a: Incineroar|Incineroar, L50, F|100\/100\n|-ability|p2a: Incineroar|Intimidate|boost\n|-unboost|p1a: Tornadus|atk|1\n|-unboost|p1b: Archaludon|atk|1\n|turn|3\n|\n|t:|1739696621\n|move|p1a: Tornadus|Bleakwind Storm|p2b: Calyrex|[spread] p2b\n|-miss|p1a: Tornadus|p2a: Incineroar\n|-damage|p2b: Calyrex|68\/100\n|move|p1b: Archaludon|Electro Shot||[still]\n|-prepare|p1b: Archaludon|Electro Shot\n|-boost|p1b: Archaludon|spa|1\n|-enditem|p1b: Archaludon|Power Herb\n|-anim|p1b: Archaludon|Electro Shot|p2b: Calyrex\n|-damage|p2b: Calyrex|47\/100\n|move|p2b: Calyrex|Calm Mind|p2b: Calyrex\n|-boost|p2b: Calyrex|spa|1\n|-boost|p2b: Calyrex|spd|1\n|move|p2a: Incineroar|Parting Shot|p1b: Archaludon\n|-unboost|p1b: Archaludon|atk|1\n|-unboost|p1b: Archaludon|spa|1\n|j| NanshanVGC\n|\n|t:|1739696623\n|switch|p2a: Rillaboom|Rillaboom, L50, F|100\/100|[from] Parting Shot\n|-fieldstart|move: Grassy Terrain|[from] ability: Grassy Surge|[of] p2a: Rillaboom\n|\n|-heal|p2b: Calyrex|53\/100|[from] Grassy Terrain\n|upkeep\n|turn|4\n|inactive|GengarNight_07 has 30 seconds left.\n|\n|t:|1739696658\n|-terastallize|p2b: Calyrex|Fairy\n|move|p2a: Rillaboom|Fake Out|p1a: Tornadus\n|-damage|p1a: Tornadus|82\/100\n|cant|p1a: Tornadus|flinch\n|move|p1b: Archaludon|Draco Meteor|p2a: Rillaboom\n|-damage|p2a: Rillaboom|81\/100\n|-unboost|p1b: Archaludon|spa|2\n|move|p2b: Calyrex|Draining Kiss|p1a: Tornadus\n|-damage|p1a: Tornadus|0 fnt\n|-heal|p2b: Calyrex|100\/100|[from] drain|[of] p1a: Tornadus\n|faint|p1a: Tornadus\n|-ability|p2b: Calyrex|Grim Neigh|boost\n|-boost|p2b: Calyrex|spa|1\n|-damage|p2b: Calyrex|91\/100|[from] item: Life Orb\n|\n|-heal|p2b: Calyrex|97\/100|[from] Grassy Terrain\n|-heal|p2a: Rillaboom|87\/100|[from] Grassy Terrain\n|upkeep\n|\n|t:|1739696677\n|switch|p1a: Kyogre|Kyogre, L50|100\/100\n|-weather|RainDance|[from] ability: Drizzle|[of] p1a: Kyogre\n|turn|5\n|\n|t:|1739696688\n|switch|p1b: Tsareena|Tsareena, L50, F|100\/100\n|-terastallize|p1a: Kyogre|Water\n|move|p1a: Kyogre|Water Spout|p2b: Calyrex|[spread] p2a,p2b\n|-resisted|p2a: Rillaboom\n|-damage|p2a: Rillaboom|44\/100\n|-damage|p2b: Calyrex|25\/100\n|move|p2b: Calyrex|Astral Barrage|p1a: Kyogre|[spread] p1a,p1b\n|-damage|p1a: Kyogre|7\/100\n|-damage|p1b: Tsareena|0 fnt\n|faint|p1b: Tsareena\n|-ability|p2b: Calyrex|Grim Neigh|boost\n|-boost|p2b: Calyrex|spa|1\n|-damage|p2b: Calyrex|15\/100|[from] item: Life Orb\n|move|p2a: Rillaboom|U-turn|p1a: Kyogre\n|-damage|p1a: Kyogre|0 fnt\n|faint|p1a: Kyogre\n|-message|falcon108 forfeited.\n|\n|win|GengarNight_07\n|raw|falcon108's rating: 1612 &rarr; <strong>1592<\/strong><br \/>(-20 for losing)\n|raw|GengarNight_07's rating: 1618 &rarr; <strong>1638<\/strong><br \/>(+20 for winning)\n|l|\u2606falcon108\n|player|p1|\n|l|\u2606GengarNight_07\n|player|p2|\n","uploadtime":1739696928,"views":11,"formatid":"gen9vgc2025regg","rating":1592,"private":0,"password":null}