{"id":"gen9vgc2025regg-2301924826","format":"[Gen 9] VGC 2025 Reg G","players":["mangonugget","WRrooteP913"],"log":"|j|\u203dmangonugget\n|j|\u2606WRrooteP913\n|t:|1739726551\n|gametype|doubles\n|player|p1|mangonugget|steven|1603\n|player|p2|WRrooteP913|101|1589\n|teamsize|p1|6\n|teamsize|p2|6\n|gen|9\n|tier|[Gen 9] VGC 2025 Reg G\n|rated|\n|rule|Species Clause: Limit one of each Pok\u00e9mon\n|rule|Item Clause: Limit 1 of each item\n|clearpoke\n|poke|p1|Tornadus, L50, M|\n|poke|p1|Farigiraf, L50, F|\n|poke|p1|Volcarona, L50, F|\n|poke|p1|Ursaluna-Bloodmoon, L50, M|\n|poke|p1|Urshifu-*, L50, F|\n|poke|p1|Kyogre, L50|\n|poke|p2|Groudon, L50|\n|poke|p2|Raging Bolt, L50|\n|poke|p2|Chien-Pao, L50|\n|poke|p2|Annihilape, L50, M|\n|poke|p2|Primarina, L50, F|\n|poke|p2|Ogerpon-Cornerstone, L50, F|\n|teampreview|4\nmangonugget rejected open team sheets.\n|inactive|Battle timer is ON: inactive players will automatically lose when time's up. (requested by WRrooteP913)\n|inactive|mangonugget has 60 seconds left.\n|\n|t:|1739726598\n|start\n|switch|p1a: Tornadus|Tornadus, L50, M|100\/100\n|switch|p1b: Urshifu|Urshifu, L50, F|100\/100\n|switch|p2a: Ogerpon|Ogerpon-Cornerstone, L50, F|100\/100\n|switch|p2b: Raging Bolt|Raging Bolt, L50|100\/100\n|turn|1\n|inactive|mangonugget has 30 seconds left.\n|inactive|mangonugget has 20 seconds left.\n|inactive|mangonugget has 15 seconds left.\n|\n|t:|1739726642\n|move|p1a: Tornadus|Taunt|p2a: Ogerpon\n|-start|p2a: Ogerpon|move: Taunt\n|move|p2a: Ogerpon|Ivy Cudgel|p1b: Urshifu|[anim] Ivy Cudgel Rock\n|-resisted|p1b: Urshifu\n|-crit|p1b: Urshifu\n|-damage|p1b: Urshifu|53\/100\n|move|p1b: Urshifu|Close Combat|p2b: Raging Bolt\n|-damage|p2b: Raging Bolt|26\/100\n|-unboost|p1b: Urshifu|def|1\n|-unboost|p1b: Urshifu|spd|1\n|move|p2b: Raging Bolt|Volt Switch|p1b: Urshifu\n|-damage|p1b: Urshifu|0 fnt\n|faint|p1b: Urshifu\n|\n|t:|1739726658\n|-end|p2b: Raging Bolt|Protosynthesis|[silent]\n|switch|p2b: Primarina|Primarina, L50, F|100\/100|[from] Volt Switch\n|\n|upkeep\n|\n|t:|1739726666\n|switch|p1b: Kyogre|Kyogre, L50|100\/100\n|-weather|RainDance|[from] ability: Drizzle|[of] p1b: Kyogre\n|turn|2\n|inactive|mangonugget has 30 seconds left.\n|inactive|mangonugget has 20 seconds left.\n|\n|t:|1739726703\n|switch|p1b: Farigiraf|Farigiraf, L50, F|100\/100\n|move|p1a: Tornadus|Bleakwind Storm|p2b: Primarina|[spread] p2a,p2b\n|-damage|p2a: Ogerpon|54\/100\n|-damage|p2b: Primarina|71\/100\n|-unboost|p2b: Primarina|spe|1\n|move|p2a: Ogerpon|Ivy Cudgel|p1a: Tornadus|[anim] Ivy Cudgel Rock\n|-supereffective|p1a: Tornadus\n|-enditem|p1a: Tornadus|Focus Sash\n|-damage|p1a: Tornadus|1\/100\n|move|p2b: Primarina|Calm Mind|p2b: Primarina\n|-boost|p2b: Primarina|spa|1\n|-boost|p2b: Primarina|spd|1\n|\n|-weather|RainDance|[upkeep]\n|-heal|p2b: Primarina|77\/100|[from] item: Leftovers\n|upkeep\n|turn|3\n|inactive|mangonugget has 30 seconds left.\n|inactive|mangonugget has 20 seconds left.\n|inactive|mangonugget has 15 seconds left.\n|inactive|mangonugget has 10 seconds left.\n|\n|t:|1739726753\n|move|p1a: Tornadus|Taunt|p2b: Primarina\n|-start|p2b: Primarina|move: Taunt\n|move|p2a: Ogerpon|Ivy Cudgel|p1b: Farigiraf|[anim] Ivy Cudgel Rock\n|-damage|p1b: Farigiraf|39\/100\n|-enditem|p1b: Farigiraf|Sitrus Berry|[eat]\n|-heal|p1b: Farigiraf|64\/100|[from] item: Sitrus Berry\n|move|p1b: Farigiraf|Foul Play|p2a: Ogerpon\n|-damage|p2a: Ogerpon|13\/100\n|move|p2b: Primarina|Hyper Voice|p1b: Farigiraf|[spread] p1a,p1b\n|-damage|p1a: Tornadus|0 fnt\n|-damage|p1b: Farigiraf|20\/100\n|faint|p1a: Tornadus\n|\n|-weather|RainDance|[upkeep]\n|-heal|p2b: Primarina|83\/100|[from] item: Leftovers\n|-end|p2a: Ogerpon|move: Taunt\n|upkeep\n|\n|t:|1739726769\n|switch|p1a: Kyogre|Kyogre, L50|100\/100\n|turn|4\n|inactive|mangonugget has 30 seconds left.\n|inactive|mangonugget has 20 seconds left.\n|\n|t:|1739726805\n|-terastallize|p1a: Kyogre|Water\n|move|p1b: Farigiraf|Helping Hand|p1a: Kyogre\n|-singleturn|p1a: Kyogre|Helping Hand|[of] p1b: Farigiraf\n|move|p2a: Ogerpon|Ivy Cudgel|p1a: Kyogre|[anim] Ivy Cudgel Rock\n|-damage|p1a: Kyogre|29\/100\n|move|p1a: Kyogre|Water Spout|p2a: Ogerpon|[spread] p2a,p2b\n|-resisted|p2b: Primarina\n|-damage|p2a: Ogerpon|0 fnt\n|-damage|p2b: Primarina|61\/100\n|faint|p2a: Ogerpon\n|move|p2b: Primarina|Hyper Voice|p1a: Kyogre|[spread] p1a,p1b\n|-resisted|p1a: Kyogre\n|-damage|p1a: Kyogre|3\/100\n|-damage|p1b: Farigiraf|0 fnt\n|faint|p1b: Farigiraf\n|\n|-weather|RainDance|[upkeep]\n|-heal|p2b: Primarina|67\/100|[from] item: Leftovers\n|upkeep\n|\n|t:|1739726824\n|switch|p2a: Raging Bolt|Raging Bolt, L50|26\/100\n|turn|5\n|\n|t:|1739726829\n|move|p2a: Raging Bolt|Thunderclap|p1a: Kyogre\n|-supereffective|p1a: Kyogre\n|-damage|p1a: Kyogre|0 fnt\n|faint|p1a: Kyogre\n|\n|win|WRrooteP913\n|raw|mangonugget's rating: 1603 &rarr; <strong>1582<\/strong><br \/>(-21 for losing)\n|raw|WRrooteP913's rating: 1589 &rarr; <strong>1610<\/strong><br \/>(+21 for winning)\n|l|\u2606WRrooteP913\n|player|p2|\n","uploadtime":1739726978,"views":7,"formatid":"gen9vgc2025regg","rating":1582,"private":0,"password":null}