{"id":"gen9vgc2025regg-2301950482","format":"[Gen 9] VGC 2025 Reg G","players":["Benjojos","Grimmjane"],"log":"|j|\u2606Benjojos\n|j|\u2606Grimmjane\n|t:|1739729575\n|gametype|doubles\n|player|p1|Benjojos|depotagent|1637\n|player|p2|Grimmjane|266|1554\n|teamsize|p1|6\n|teamsize|p2|6\n|gen|9\n|tier|[Gen 9] VGC 2025 Reg G\n|rated|\n|rule|Species Clause: Limit one of each Pok\u00e9mon\n|rule|Item Clause: Limit 1 of each item\n|clearpoke\n|poke|p1|Frosmoth, L50, F|\n|poke|p1|Urshifu-*, L50, M|\n|poke|p1|Landorus, L50, M|\n|poke|p1|Raging Bolt, L50|\n|poke|p1|Ogerpon-Hearthflame, L50, F|\n|poke|p1|Necrozma-Dusk-Mane, L50|\n|poke|p2|Zacian-*, L50|\n|poke|p2|Entei, L50|\n|poke|p2|Araquanid, L50, M|\n|poke|p2|Brute Bonnet, L50|\n|poke|p2|Tornadus, L50, M|\n|poke|p2|Ditto, L50|\n|teampreview|4\n|inactive|Battle timer is ON: inactive players will automatically lose when time's up. (requested by Benjojos)\n|inactive|Benjojos has 60 seconds left.\n|\n|t:|1739729621\n|start\n|switch|p1a: Landorus|Landorus, L50, M|100\/100\n|switch|p1b: Necrozma|Necrozma-Dusk-Mane, L50|100\/100\n|switch|p2a: Tornadus|Tornadus, L50, M|100\/100\n|switch|p2b: Brute Bonnet|Brute Bonnet, L50|100\/100\n|turn|1\n|\n|t:|1739729634\n|-terastallize|p2b: Brute Bonnet|Poison\n|move|p1a: Landorus|Sludge Bomb|p2b: Brute Bonnet\n|-resisted|p2b: Brute Bonnet\n|-damage|p2b: Brute Bonnet|82\/100\n|move|p2a: Tornadus|Bleakwind Storm|p1b: Necrozma|[spread] p1b\n|-miss|p2a: Tornadus|p1a: Landorus\n|-resisted|p1b: Necrozma\n|-damage|p1b: Necrozma|87\/100\n|move|p2b: Brute Bonnet|Spore|p1b: Necrozma\n|-status|p1b: Necrozma|slp|[from] move: Spore\n|cant|p1b: Necrozma|slp\n|\n|upkeep\n|turn|2\n|\n|t:|1739729658\n|move|p1a: Landorus|Protect|p1a: Landorus\n|-singleturn|p1a: Landorus|Protect\n|move|p2a: Tornadus|Tailwind|p2a: Tornadus\n|-sidestart|p2: Grimmjane|move: Tailwind\n|move|p2b: Brute Bonnet|Spore|p1a: Landorus\n|-activate|p1a: Landorus|move: Protect\n|cant|p1b: Necrozma|slp\n|\n|upkeep\n|turn|3\n|\n|t:|1739729667\n|switch|p1a: Ogerpon|Ogerpon-Hearthflame, L50, F|100\/100\n|-ability|p1a: Ogerpon|Mold Breaker\n|move|p2a: Tornadus|Bleakwind Storm|p1a: Ogerpon|[spread] p1a\n|-miss|p2a: Tornadus|p1b: Necrozma\n|-supereffective|p1a: Ogerpon\n|-damage|p1a: Ogerpon|16\/100\n|move|p2b: Brute Bonnet|Spore|p1a: Ogerpon\n|-immune|p1a: Ogerpon\n|cant|p1b: Necrozma|slp\n|\n|upkeep\n|turn|4\n|\n|t:|1739729692\n|move|p1a: Ogerpon|Follow Me|p1a: Ogerpon\n|-singleturn|p1a: Ogerpon|move: Follow Me\n|move|p2a: Tornadus|Bleakwind Storm|p1b: Necrozma|[spread] p1a\n|-miss|p2a: Tornadus|p1b: Necrozma\n|-supereffective|p1a: Ogerpon\n|-damage|p1a: Ogerpon|0 fnt\n|faint|p1a: Ogerpon\n|move|p2b: Brute Bonnet|Crunch|p1b: Necrozma\n|-supereffective|p1b: Necrozma\n|-damage|p1b: Necrozma|50\/100 slp\n|-curestatus|p1b: Necrozma|slp|[msg]\n|move|p1b: Necrozma|Trick Room|p1b: Necrozma\n|-fieldstart|move: Trick Room|[of] p1b: Necrozma\n|\n|upkeep\n|\n|t:|1739729705\n|switch|p1a: Urshifu|Urshifu, L50, M|100\/100\n|turn|5\n|\n|t:|1739729717\n|-terastallize|p1a: Urshifu|Stellar\n|move|p1b: Necrozma|Photon Geyser|p2b: Brute Bonnet\n|-supereffective|p2b: Brute Bonnet\n|-damage|p2b: Brute Bonnet|0 fnt\n|faint|p2b: Brute Bonnet\n|-end|p2b: Brute Bonnet|Protosynthesis|[silent]\n|move|p1a: Urshifu|Wicked Blow|p2a: Tornadus\n|-crit|p2a: Tornadus\n|-enditem|p2a: Tornadus|Focus Sash\n|-damage|p2a: Tornadus|1\/100\n|move|p2a: Tornadus|Bleakwind Storm|p1a: Urshifu|[spread] p1a,p1b\n|-supereffective|p1a: Urshifu\n|-resisted|p1b: Necrozma\n|-crit|p1b: Necrozma\n|-enditem|p1a: Urshifu|Focus Sash\n|-damage|p1a: Urshifu|1\/100\n|-damage|p1b: Necrozma|28\/100\n|\n|-sideend|p2: Grimmjane|move: Tailwind\n|upkeep\n|\n|t:|1739729737\n|switch|p2b: Khairo|Zacian-Crowned, L50|100\/100\n|-ability|p2b: Khairo|Intrepid Sword|boost\n|-boost|p2b: Khairo|atk|1\n|turn|6\n|\n|t:|1739729752\n|move|p1a: Urshifu|Detect|p1a: Urshifu\n|-singleturn|p1a: Urshifu|Protect\n|move|p2b: Khairo|Protect|p2b: Khairo\n|-singleturn|p2b: Khairo|Protect\n|move|p1b: Necrozma|Sunsteel Strike|p2b: Khairo\n|-activate|p2b: Khairo|move: Protect\n|move|p2a: Tornadus|Bleakwind Storm|p1b: Necrozma|[spread] p1b\n|-activate|p1a: Urshifu|move: Protect\n|-resisted|p1b: Necrozma\n|-damage|p1b: Necrozma|15\/100\n|\n|upkeep\n|turn|7\n|\n|t:|1739729771\n|move|p2b: Khairo|Protect||[still]\n|-fail|p2b: Khairo\n|move|p1b: Necrozma|Sunsteel Strike|p2b: Khairo\n|-damage|p2b: Khairo|47\/100\n|move|p1a: Urshifu|Close Combat|p2b: Khairo\n|-damage|p2b: Khairo|0 fnt\n|-unboost|p1a: Urshifu|def|1\n|-unboost|p1a: Urshifu|spd|1\n|faint|p2b: Khairo\n|move|p2a: Tornadus|Bleakwind Storm|p1a: Urshifu|[spread] p1a,p1b\n|-supereffective|p1a: Urshifu\n|-resisted|p1b: Necrozma\n|-damage|p1a: Urshifu|0 fnt\n|-damage|p1b: Necrozma|2\/100\n|faint|p1a: Urshifu\n|\n|upkeep\n|\n|t:|1739729780\n|switch|p1a: Landorus|Landorus, L50, M|100\/100\n|switch|p2b: Ditto|Ditto, L50|100\/100\n|-transform|p2b: Ditto|p1a: Landorus|[from] ability: Imposter\n|turn|8\n|\n|t:|1739729799\n|move|p1b: Necrozma|Photon Geyser|p2b: Ditto\n|-damage|p2b: Ditto|32\/100\n|move|p2a: Tornadus|Bleakwind Storm|p1a: Landorus|[spread] p1a,p1b\n|-resisted|p1b: Necrozma\n|-damage|p1a: Landorus|57\/100\n|-damage|p1b: Necrozma|0 fnt\n|faint|p1b: Necrozma\n|move|p1a: Landorus|Sludge Bomb|p2a: Tornadus\n|-damage|p2a: Tornadus|0 fnt\n|faint|p2a: Tornadus\n|move|p2b: Ditto|Sludge Bomb|p1a: Landorus\n|-resisted|p1a: Landorus\n|-damage|p1a: Landorus|33\/100\n|\n|-fieldend|move: Trick Room\n|upkeep\n|turn|9\n|\n|t:|1739729817\n|move|p1a: Landorus|Protect|p1a: Landorus\n|-singleturn|p1a: Landorus|Protect\n|move|p2b: Ditto|Sludge Bomb|p1a: Landorus\n|-activate|p1a: Landorus|move: Protect\n|\n|upkeep\n|turn|10\n|\n|t:|1739729821\n|move|p2b: Ditto|Sludge Bomb|p1a: Landorus\n|-resisted|p1a: Landorus\n|-damage|p1a: Landorus|10\/100\n|move|p1a: Landorus|Sludge Bomb|p2b: Ditto\n|-resisted|p2b: Ditto\n|-damage|p2b: Ditto|0 fnt\n|faint|p2b: Ditto\n|\n|win|Benjojos\n|raw|Benjojos's rating: 1637 &rarr; <strong>1652<\/strong><br \/>(+15 for winning)\n|raw|Grimmjane's rating: 1554 &rarr; <strong>1539<\/strong><br \/>(-15 for losing)\n|l|\u2606Grimmjane\n|player|p2|\n|l|\u2606Benjojos\n|player|p1|\n","uploadtime":1739730013,"views":8,"formatid":"gen9vgc2025regg","rating":1539,"private":0,"password":null}