{"id":"gen9vgc2025regg-2301070280","format":"[Gen 9] VGC 2025 Reg G","players":["gohan92","onedaymob"],"log":"|j|\u2606gohan92\n|j|\u2606onedaymob\n|t:|1739589189\n|gametype|doubles\n|player|p1|gohan92|266|1574\n|player|p2|onedaymob|169|1561\n|teamsize|p1|6\n|teamsize|p2|6\n|gen|9\n|tier|[Gen 9] VGC 2025 Reg G\n|rated|\n|rule|Species Clause: Limit one of each Pok\u00e9mon\n|rule|Item Clause: Limit 1 of each item\n|clearpoke\n|poke|p1|Urshifu-*, L50, F|\n|poke|p1|Kyogre, L50|\n|poke|p1|Iron Jugulis, L50|\n|poke|p1|Rillaboom, L50, F|\n|poke|p1|Amoonguss, L50, F|\n|poke|p1|Incineroar, L50, M|\n|poke|p2|Zamazenta-*, L50|\n|poke|p2|Ting-Lu, L50|\n|poke|p2|Tornadus, L50, M|\n|poke|p2|Urshifu-*, L50, F|\n|poke|p2|Iron Bundle, L50|\n|poke|p2|Rillaboom, L50, F|\n|teampreview|4\n|inactive|Battle timer is ON: inactive players will automatically lose when time's up. (requested by onedaymob)\n|inactive|gohan92 has 60 seconds left.\n|j| CheekyFrancis\n|inactive|gohan92 has 30 seconds left.\n|j| mewkyuvgc\n|inactive|gohan92 has 20 seconds left.\n|inactive|gohan92 has 15 seconds left.\n|inactive|gohan92 has 10 seconds left.\n|inactive|gohan92 has 5 seconds left.\n|\n|t:|1739589274\n|start\n|switch|p1a: Iron Jugulis|Iron Jugulis, L50|100\/100\n|switch|p1b: Incineroar|Incineroar, L50, M|100\/100\n|switch|p2a: Iron Bundle|Iron Bundle, L50|100\/100\n|switch|p2b: Urshifu|Urshifu-Rapid-Strike, L50, F|100\/100\n|-ability|p1b: Incineroar|Intimidate|boost\n|-unboost|p2a: Iron Bundle|atk|1\n|-unboost|p2b: Urshifu|atk|1\n|-enditem|p2a: Iron Bundle|Booster Energy\n|-activate|p2a: Iron Bundle|ability: Quark Drive|[fromitem]\n|-start|p2a: Iron Bundle|quarkdrivespe\n|-enditem|p1a: Iron Jugulis|Booster Energy\n|-activate|p1a: Iron Jugulis|ability: Quark Drive|[fromitem]\n|-start|p1a: Iron Jugulis|quarkdrivespe\n|turn|1\n|inactive|gohan92 has 30 seconds left.\n|inactive|onedaymob has 30 seconds left.\n|inactive|gohan92 has 20 seconds left.\n|inactive|onedaymob has 20 seconds left.\n|inactive|onedaymob has 15 seconds left.\n|inactive|onedaymob has 10 seconds left.\n|\n|t:|1739589323\n|-terastallize|p2b: Urshifu|Water\n|-terastallize|p1b: Incineroar|Ghost\n|move|p2a: Iron Bundle|Icy Wind|p1a: Iron Jugulis|[spread] p1a,p1b\n|-supereffective|p1a: Iron Jugulis\n|-damage|p1a: Iron Jugulis|47\/100\n|-damage|p1b: Incineroar|83\/100\n|-unboost|p1a: Iron Jugulis|spe|1\n|-unboost|p1b: Incineroar|spe|1\n|move|p1a: Iron Jugulis|Tailwind|p1a: Iron Jugulis\n|-sidestart|p1: gohan92|move: Tailwind\n|move|p2b: Urshifu|Surging Strikes|p1a: Iron Jugulis\n|-crit|p1a: Iron Jugulis\n|-damage|p1a: Iron Jugulis|17\/100\n|-crit|p1a: Iron Jugulis\n|-damage|p1a: Iron Jugulis|0 fnt\n|faint|p1a: Iron Jugulis\n|-end|p1a: Iron Jugulis|Quark Drive|[silent]\n|-hitcount|p1: Iron Jugulis|2\n|move|p1b: Incineroar|Will-O-Wisp|p2b: Urshifu|[miss]\n|-miss|p1b: Incineroar|p2b: Urshifu\n|\n|upkeep\n|\n|t:|1739589343\n|switch|p1a: Urshifu|Urshifu-Rapid-Strike, L50, F|100\/100\n|turn|2\n|\n|t:|1739589359\n|move|p1a: Urshifu|Close Combat|p2a: Iron Bundle\n|-supereffective|p2a: Iron Bundle\n|-damage|p2a: Iron Bundle|0 fnt\n|-unboost|p1a: Urshifu|def|1\n|-unboost|p1a: Urshifu|spd|1\n|faint|p2a: Iron Bundle\n|-end|p2a: Iron Bundle|Quark Drive|[silent]\n|move|p2b: Urshifu|Surging Strikes|p1b: Incineroar\n|-crit|p1b: Incineroar\n|-damage|p1b: Incineroar|59\/100\n|-crit|p1b: Incineroar\n|-damage|p1b: Incineroar|36\/100\n|-crit|p1b: Incineroar\n|-damage|p1b: Incineroar|13\/100\n|-hitcount|p1b: Incineroar|3\n|move|p1b: Incineroar|Will-O-Wisp|p2b: Urshifu\n|-status|p2b: Urshifu|brn\n|\n|-damage|p2b: Urshifu|95\/100 brn|[from] brn\n|upkeep\n|\n|t:|1739589378\n|switch|p2a: Rillaboom|Rillaboom, L50, F|100\/100\n|-fieldstart|move: Grassy Terrain|[from] ability: Grassy Surge|[of] p2a: Rillaboom\n|turn|3\n|\n|t:|1739589389\n|switch|p1b: Kyogre|Kyogre, L50|100\/100\n|-weather|RainDance|[from] ability: Drizzle|[of] p1b: Kyogre\n|move|p2a: Rillaboom|Grassy Glide|p1a: Urshifu\n|-supereffective|p1a: Urshifu\n|-damage|p1a: Urshifu|0 fnt\n|faint|p1a: Urshifu\n|move|p2b: Urshifu|Surging Strikes|p1b: Kyogre\n|-resisted|p1b: Kyogre\n|-crit|p1b: Kyogre\n|-damage|p1b: Kyogre|89\/100\n|-resisted|p1b: Kyogre\n|-crit|p1b: Kyogre\n|-damage|p1b: Kyogre|78\/100\n|-resisted|p1b: Kyogre\n|-crit|p1b: Kyogre\n|-damage|p1b: Kyogre|67\/100\n|-hitcount|p1b: Kyogre|3\n|\n|-weather|RainDance|[upkeep]\n|-heal|p1b: Kyogre|73\/100|[from] Grassy Terrain\n|-heal|p2b: Urshifu|100\/100 brn|[from] Grassy Terrain\n|-damage|p2b: Urshifu|95\/100 brn|[from] brn\n|upkeep\n|\n|t:|1739589392\n|switch|p1a: Incineroar|Incineroar, L50, M, tera:Ghost|13\/100\n|-ability|p1a: Incineroar|Intimidate|boost\n|-unboost|p2a: Rillaboom|atk|1\n|-unboost|p2b: Urshifu|atk|1\n|turn|4\n|inactive|onedaymob has 30 seconds left.\n|\n|t:|1739589417\n|move|p2b: Urshifu|Detect|p2b: Urshifu\n|-singleturn|p2b: Urshifu|Protect\n|move|p1a: Incineroar|Fake Out|p2a: Rillaboom\n|-damage|p2a: Rillaboom|90\/100\n|cant|p2a: Rillaboom|flinch\n|move|p1b: Kyogre|Water Spout|p2a: Rillaboom|[spread] p2a\n|-activate|p2b: Urshifu|move: Protect\n|-resisted|p2a: Rillaboom\n|-damage|p2a: Rillaboom|58\/100\n|\n|-weather|RainDance|[upkeep]\n|-heal|p1b: Kyogre|80\/100|[from] Grassy Terrain\n|-heal|p1a: Incineroar|19\/100|[from] Grassy Terrain\n|-heal|p2b: Urshifu|100\/100 brn|[from] Grassy Terrain\n|-heal|p2a: Rillaboom|64\/100|[from] Grassy Terrain\n|-damage|p2b: Urshifu|95\/100 brn|[from] brn\n|-sideend|p1: gohan92|move: Tailwind\n|upkeep\n|turn|5\n|\n|t:|1739589440\n|move|p2a: Rillaboom|Grassy Glide|p1b: Kyogre\n|-supereffective|p1b: Kyogre\n|-damage|p1b: Kyogre|29\/100\n|move|p2b: Urshifu|Surging Strikes|p1a: Incineroar\n|-crit|p1a: Incineroar\n|-damage|p1a: Incineroar|1\/100\n|-crit|p1a: Incineroar\n|-damage|p1a: Incineroar|0 fnt\n|faint|p1a: Incineroar\n|-hitcount|p1: Incineroar|2\n|move|p1b: Kyogre|Ice Beam|p2a: Rillaboom\n|-supereffective|p2a: Rillaboom\n|-damage|p2a: Rillaboom|12\/100\n|-status|p2a: Rillaboom|frz\n|\n|-weather|RainDance|[upkeep]\n|-heal|p2b: Urshifu|100\/100 brn|[from] Grassy Terrain\n|-heal|p1b: Kyogre|35\/100|[from] Grassy Terrain\n|-heal|p2a: Rillaboom|18\/100 frz|[from] Grassy Terrain\n|-damage|p2b: Urshifu|95\/100 brn|[from] brn\n|upkeep\n|turn|6\n|\n|t:|1739589460\n|cant|p2a: Rillaboom|frz\n|move|p2b: Urshifu|Surging Strikes|p1b: Kyogre\n|-resisted|p1b: Kyogre\n|-crit|p1b: Kyogre\n|-damage|p1b: Kyogre|24\/100\n|-resisted|p1b: Kyogre\n|-crit|p1b: Kyogre\n|-damage|p1b: Kyogre|13\/100\n|-resisted|p1b: Kyogre\n|-crit|p1b: Kyogre\n|-damage|p1b: Kyogre|3\/100\n|-hitcount|p1b: Kyogre|3\n|move|p1b: Kyogre|Origin Pulse|p2a: Rillaboom|[spread] p2a\n|-miss|p1b: Kyogre|p2b: Urshifu\n|-resisted|p2a: Rillaboom\n|-damage|p2a: Rillaboom|0 fnt\n|faint|p2a: Rillaboom\n|\n|-weather|RainDance|[upkeep]\n|-heal|p2b: Urshifu|100\/100 brn|[from] Grassy Terrain\n|-heal|p1b: Kyogre|9\/100|[from] Grassy Terrain\n|-damage|p2b: Urshifu|95\/100 brn|[from] brn\n|upkeep\n|\n|t:|1739589477\n|switch|p2a: Zamazenta|Zamazenta-Crowned, L50|100\/100\n|-ability|p2a: Zamazenta|Dauntless Shield|boost\n|-boost|p2a: Zamazenta|def|1\n|turn|7\n|\n|t:|1739589483\n|move|p2a: Zamazenta|Body Press|p1b: Kyogre\n|-damage|p1b: Kyogre|0 fnt\n|faint|p1b: Kyogre\n|\n|win|onedaymob\n|raw|gohan92's rating: 1574 &rarr; <strong>1553<\/strong><br \/>(-21 for losing)\n|raw|onedaymob's rating: 1561 &rarr; <strong>1582<\/strong><br \/>(+21 for winning)\n|l|\u2606onedaymob\n|player|p2|\n|l|\u2606gohan92\n|player|p1|\n|l| mewkyuvgc\n|l| CheekyFrancis\n","uploadtime":1739589640,"views":28,"formatid":"gen9vgc2025regg","rating":1553,"private":0,"password":null}