{"id":"gen9vgc2025regg-2301701260","format":"[Gen 9] VGC 2025 Reg G","players":["dominicex","ComputerYui"],"log":"|j|\u2606dominicex\n|j|\u2606ComputerYui\n|t:|1739687097\n|gametype|doubles\n|player|p1|dominicex|pokemonranger-gen4|1642\n|player|p2|ComputerYui|1|1615\n|teamsize|p1|6\n|teamsize|p2|6\n|gen|9\n|tier|[Gen 9] VGC 2025 Reg G\n|rated|\n|rule|Species Clause: Limit one of each Pok\u00e9mon\n|rule|Item Clause: Limit 1 of each item\n|clearpoke\n|poke|p1|Kyogre, L50|\n|poke|p1|Farigiraf, L50, F|\n|poke|p1|Chien-Pao, L50|\n|poke|p1|Amoonguss, L50, M|\n|poke|p1|Tornadus, L50, M|\n|poke|p1|Ursaluna, L50, F|\n|poke|p2|Armarouge, L50, M|\n|poke|p2|Indeedee-F, L50, F|\n|poke|p2|Koraidon, L50|\n|poke|p2|Whimsicott, L50, F|\n|poke|p2|Walking Wake, L50|\n|poke|p2|Bruxish, L50, M|\n|teampreview|4\n|\n|t:|1739687136\n|start\n|switch|p1a: Amoonguss|Amoonguss, L50, M|100\/100\n|switch|p1b: Kyogre|Kyogre, L50|100\/100\n|switch|p2a: Whimsicott|Whimsicott, L50, F, shiny|100\/100\n|switch|p2b: Koraidon|Koraidon, L50|100\/100\n|-weather|SunnyDay|[from] ability: Orichalcum Pulse|[of] p2b: Koraidon\n|-activate|p2b: Koraidon|Orichalcum Pulse|[source]\n|-weather|RainDance|[from] ability: Drizzle|[of] p1b: Kyogre\n|turn|1\n|\n|t:|1739687156\n|-terastallize|p1a: Amoonguss|Water\n|move|p2b: Koraidon|U-turn|p1b: Kyogre\n|-damage|p1b: Kyogre|72\/100\n|\n|t:|1739687161\n|switch|p2b: Indeedee|Indeedee-F, L50, F, shiny|100\/100|[from] U-turn\n|-fieldstart|move: Psychic Terrain|[from] ability: Psychic Surge|[of] p2b: Indeedee\n|move|p1b: Kyogre|Ice Beam|p2a: Whimsicott\n|-supereffective|p2a: Whimsicott\n|-enditem|p2a: Whimsicott|Focus Sash\n|-damage|p2a: Whimsicott|1\/100\n|move|p2a: Whimsicott|Taunt|p1a: Amoonguss\n|-start|p1a: Amoonguss|move: Taunt\n|cant|p1a: Amoonguss|move: Taunt|Spore\n|\n|-weather|RainDance|[upkeep]\n|upkeep\n|turn|2\n|\n|t:|1739687206\n|switch|p1b: Tornadus|Tornadus, L50, M|100\/100\n|switch|p2a: Koraidon|Koraidon, L50|100\/100\n|-weather|SunnyDay|[from] ability: Orichalcum Pulse|[of] p2a: Koraidon\n|-activate|p2a: Koraidon|Orichalcum Pulse|[source]\n|move|p2b: Indeedee|Follow Me|p2b: Indeedee\n|-singleturn|p2b: Indeedee|move: Follow Me\n|move|p1a: Amoonguss|Sludge Bomb|p2b: Indeedee\n|-damage|p2b: Indeedee|76\/100\n|-enditem|p2b: Indeedee|Eject Button\n|\n|t:|1739687220\n|switch|p2b: Armarouge|Armarouge, L50, M, shiny|100\/100\n|\n|-weather|SunnyDay|[upkeep]\n|upkeep\n|turn|3\n|\n|t:|1739687250\n|switch|p1a: Kyogre|Kyogre, L50|72\/100\n|-weather|RainDance|[from] ability: Drizzle|[of] p1a: Kyogre\n|move|p1b: Tornadus|Tailwind|p1b: Tornadus\n|-sidestart|p1: dominicex|move: Tailwind\n|move|p2a: Koraidon|Bulldoze|p1b: Tornadus|[spread] p2b,p1a\n|-immune|p1b: Tornadus\n|-supereffective|p2b: Armarouge\n|-damage|p2b: Armarouge|67\/100\n|-damage|p1a: Kyogre|55\/100\n|-unboost|p2b: Armarouge|spe|1\n|-unboost|p1a: Kyogre|spe|1\n|-ability|p2b: Armarouge|Weak Armor|boost\n|-unboost|p2b: Armarouge|def|1\n|-boost|p2b: Armarouge|spe|2\n|-enditem|p2b: Armarouge|Weakness Policy\n|-boost|p2b: Armarouge|atk|2|[from] item: Weakness Policy\n|-boost|p2b: Armarouge|spa|2|[from] item: Weakness Policy\n|move|p2b: Armarouge|Expanding Force|p1b: Tornadus|[spread] p1a,p1b\n|-damage|p1a: Kyogre|0 fnt\n|-damage|p1b: Tornadus|0 fnt\n|faint|p1a: Kyogre\n|faint|p1b: Tornadus\n|\n|-weather|RainDance|[upkeep]\n|upkeep\n|\n|t:|1739687266\n|switch|p1a: Chien-Pao|Chien-Pao, L50|100\/100\n|switch|p1b: Amoonguss|Amoonguss, L50, M, tera:Water|100\/100\n|-ability|p1a: Chien-Pao|Sword of Ruin\n|turn|4\n|\n|t:|1739687294\n|move|p1a: Chien-Pao|Ice Spinner|p2a: Koraidon\n|-supereffective|p2a: Koraidon\n|-damage|p2a: Koraidon|2\/100\n|-fieldend|move: Psychic Terrain\n|move|p2a: Koraidon|Bulldoze|p1b: Amoonguss|[spread] p2b,p1a,p1b\n|-supereffective|p2b: Armarouge\n|-crit|p1b: Amoonguss\n|-damage|p2b: Armarouge|0 fnt\n|-damage|p1a: Chien-Pao|77\/100\n|-damage|p1b: Amoonguss|78\/100\n|-unboost|p1a: Chien-Pao|spe|1\n|-unboost|p1b: Amoonguss|spe|1\n|faint|p2b: Armarouge\n|move|p1b: Amoonguss|Spore|p2a: Koraidon\n|-status|p2a: Koraidon|slp|[from] move: Spore\n|\n|-weather|RainDance|[upkeep]\n|upkeep\n|\n|t:|1739687323\n|switch|p2b: Whimsicott|Whimsicott, L50, F, shiny|1\/100\n|turn|5\n|\n|t:|1739687338\n|switch|p2a: Indeedee|Indeedee-F, L50, F, shiny|76\/100\n|-fieldstart|move: Psychic Terrain|[from] ability: Psychic Surge|[of] p2a: Indeedee\n|move|p1a: Chien-Pao|Ice Spinner|p2b: Whimsicott\n|-supereffective|p2b: Whimsicott\n|-damage|p2b: Whimsicott|0 fnt\n|-fieldend|move: Psychic Terrain\n|faint|p2b: Whimsicott\n|move|p1b: Amoonguss|Sludge Bomb|p2a: Indeedee\n|-damage|p2a: Indeedee|50\/100\n|\n|-weather|RainDance|[upkeep]\n|upkeep\n|-message|ComputerYui forfeited.\n|\n|win|dominicex\n|raw|dominicex's rating: 1642 &rarr; <strong>1660<\/strong><br \/>(+18 for winning)\n|raw|ComputerYui's rating: 1615 &rarr; <strong>1597<\/strong><br \/>(-18 for losing)\n|l|\u2606ComputerYui\n|player|p2|\n|l|\u2606dominicex\n|player|p1|\n","uploadtime":1739687572,"views":9,"formatid":"gen9vgc2025regg","rating":1597,"private":0,"password":null}