{"id":"gen9vgc2025regg-2301690358","format":"[Gen 9] VGC 2025 Reg G","players":["metakurozashi","chiefclarko11"],"log":"|j|\u2606metakurozashi\n|j|\u2606chiefclarko11\n|t:|1739685075\n|gametype|doubles\n|player|p1|metakurozashi|1|1616\n|player|p2|chiefclarko11|170|1642\n|teamsize|p1|6\n|teamsize|p2|6\n|gen|9\n|tier|[Gen 9] VGC 2025 Reg G\n|rated|\n|rule|Species Clause: Limit one of each Pok\u00e9mon\n|rule|Item Clause: Limit 1 of each item\n|clearpoke\n|poke|p1|Annihilape, L50, F|\n|poke|p1|Whimsicott, L50, F|\n|poke|p1|Miraidon, L50|\n|poke|p1|Iron Bundle, L50|\n|poke|p1|Incineroar, L50, F|\n|poke|p1|Dragonite, L50, M|\n|poke|p2|Calyrex-Ice, L50|\n|poke|p2|Urshifu-*, L50, F|\n|poke|p2|Raging Bolt, L50|\n|poke|p2|Grimmsnarl, L50, M|\n|poke|p2|Ogerpon-Hearthflame, L50, F|\n|poke|p2|Landorus, L50, M|\n|teampreview|4\n|\n|t:|1739685107\n|start\n|switch|p1a: Annihilape|Annihilape, L50, F|100\/100\n|switch|p1b: Whimsicott|Whimsicott, L50, F|100\/100\n|switch|p2a: Grimmsnarl|Grimmsnarl, L50, M|100\/100\n|switch|p2b: Raging Bolt|Raging Bolt, L50|100\/100\n|turn|1\n|\n|t:|1739685143\n|move|p2a: Grimmsnarl|Reflect|p2a: Grimmsnarl\n|-sidestart|p2: chiefclarko11|Reflect\n|move|p1b: Whimsicott|Beat Up|p1a: Annihilape\n|-damage|p1a: Annihilape|98\/100\n|-damage|p1a: Annihilape|96\/100\n|-damage|p1a: Annihilape|94\/100\n|-damage|p1a: Annihilape|90\/100\n|-hitcount|p1a: Annihilape|4\n|move|p1a: Annihilape|Rage Fist|p2b: Raging Bolt\n|-damage|p2b: Raging Bolt|33\/100\n|move|p2b: Raging Bolt|Thunderbolt|p1a: Annihilape\n|-damage|p1a: Annihilape|43\/100\n|\n|-heal|p1a: Annihilape|49\/100|[from] item: Leftovers\n|upkeep\n|turn|2\n|\n|t:|1739685167\n|switch|p1b: Miraidon|Miraidon, L50|100\/100\n|-fieldstart|move: Electric Terrain|[from] ability: Hadron Engine|[of] p1b: Miraidon\n|move|p1a: Annihilape|Protect|p1a: Annihilape\n|-singleturn|p1a: Annihilape|Protect\n|move|p2a: Grimmsnarl|Thunder Wave|p1a: Annihilape\n|-activate|p1a: Annihilape|move: Protect\n|move|p2b: Raging Bolt|Thunderbolt|p1a: Annihilape\n|-activate|p1a: Annihilape|move: Protect\n|\n|-heal|p1a: Annihilape|55\/100|[from] item: Leftovers\n|upkeep\n|turn|3\n|\n|t:|1739685187\n|-terastallize|p1b: Miraidon|Fairy\n|move|p1a: Annihilape|Protect|p1a: Annihilape\n|-singleturn|p1a: Annihilape|Protect\n|move|p2b: Raging Bolt|Thunderclap||[still]\n|-fail|p2b: Raging Bolt\n|move|p2a: Grimmsnarl|Light Screen|p2a: Grimmsnarl\n|-sidestart|p2: chiefclarko11|move: Light Screen\n|move|p1b: Miraidon|Dazzling Gleam|p2b: Raging Bolt|[spread] p2a,p2b\n|-supereffective|p2a: Grimmsnarl\n|-supereffective|p2b: Raging Bolt\n|-damage|p2a: Grimmsnarl|9\/100\n|-damage|p2b: Raging Bolt|0 fnt\n|faint|p2b: Raging Bolt\n|-end|p2b: Raging Bolt|Protosynthesis|[silent]\n|\n|-heal|p1a: Annihilape|61\/100|[from] item: Leftovers\n|upkeep\n|\n|t:|1739685198\n|switch|p2b: Ogerpon|Ogerpon-Hearthflame, L50, F|100\/100\n|-ability|p2b: Ogerpon|Mold Breaker\n|turn|4\n|\n|t:|1739685212\n|-terastallize|p2b: Ogerpon|Fire\n|detailschange|p2b: Ogerpon|Ogerpon-Hearthflame-Tera, L50, F, tera:Fire\n|-ability|p2b: Ogerpon|Embody Aspect (Hearthflame)|boost\n|-boost|p2b: Ogerpon|atk|1\n|move|p2a: Grimmsnarl|Thunder Wave|p1b: Miraidon\n|-status|p1b: Miraidon|par\n|move|p2b: Ogerpon|Ivy Cudgel|p1a: Annihilape|[anim] Ivy Cudgel Fire\n|-damage|p1a: Annihilape|0 fnt\n|faint|p1a: Annihilape\n|move|p1b: Miraidon|Dazzling Gleam|p2a: Grimmsnarl|[spread] p2a,p2b\n|-supereffective|p2a: Grimmsnarl\n|-resisted|p2b: Ogerpon\n|-damage|p2a: Grimmsnarl|0 fnt\n|-damage|p2b: Ogerpon|77\/100\n|faint|p2a: Grimmsnarl\n|\n|upkeep\n|\n|t:|1739685227\n|switch|p1a: Dragonite|Dragonite, L50, M|100\/100\n|switch|p2a: Calyrex|Calyrex-Ice, L50|100\/100\n|-ability|p2a: Calyrex|As One\n|-ability|p2a: Calyrex|Unnerve\n|turn|5\n|\n|t:|1739685266\n|move|p2b: Ogerpon|Ivy Cudgel|p1b: Miraidon|[anim] Ivy Cudgel Fire\n|-damage|p1b: Miraidon|0 fnt\n|faint|p1b: Miraidon\n|move|p1a: Dragonite|Fire Punch|p2a: Calyrex\n|-supereffective|p2a: Calyrex\n|-damage|p2a: Calyrex|75\/100\n|move|p2a: Calyrex|Glacial Lance|p1a: Dragonite\n|-supereffective|p1a: Dragonite\n|-damage|p1a: Dragonite|0 fnt\n|faint|p1a: Dragonite\n|-ability|p2a: Calyrex|Chilling Neigh|boost\n|-boost|p2a: Calyrex|atk|1\n|\n|upkeep\n|\n|t:|1739685287\n|switch|p1b: Whimsicott|Whimsicott, L50, F|100\/100\n|turn|6\n|\n|t:|1739685293\n|move|p1b: Whimsicott|Tailwind|p1b: Whimsicott\n|-sidestart|p1: metakurozashi|move: Tailwind\n|move|p2b: Ogerpon|Ivy Cudgel|p1b: Whimsicott|[anim] Ivy Cudgel Fire\n|-supereffective|p1b: Whimsicott\n|-damage|p1b: Whimsicott|0 fnt\n|faint|p1b: Whimsicott\n|\n|win|chiefclarko11\n|raw|metakurozashi's rating: 1616 &rarr; <strong>1597<\/strong><br \/>(-19 for losing)\n|raw|chiefclarko11's rating: 1642 &rarr; <strong>1661<\/strong><br \/>(+19 for winning)\n|l|\u2606metakurozashi\n|player|p1|\n|l|\u2606chiefclarko11\n|player|p2|\n","uploadtime":1739685483,"views":5,"formatid":"gen9vgc2025regg","rating":1597,"private":0,"password":null}