{"id":"gen9vgc2025regg-2301366846","format":"[Gen 9] VGC 2025 Reg G","players":["cricetodalpendolo","zrofs"],"log":"|j|\u2606cricetodalpendolo\n|j|\u2606zrofs\n|t:|1739641500\n|gametype|doubles\n|player|p1|cricetodalpendolo|265|1550\n|player|p2|zrofs|steven|1652\n|teamsize|p1|6\n|teamsize|p2|6\n|gen|9\n|tier|[Gen 9] VGC 2025 Reg G\n|rated|\n|rule|Species Clause: Limit one of each Pok\u00e9mon\n|rule|Item Clause: Limit 1 of each item\n|clearpoke\n|poke|p1|Miraidon, L50|\n|poke|p1|Iron Hands, L50|\n|poke|p1|Grimmsnarl, L50, M|\n|poke|p1|Volcarona, L50, F|\n|poke|p1|Umbreon, L50, M|\n|poke|p1|Ogerpon-Hearthflame, L50, F|\n|poke|p2|Terapagos, L50, M|\n|poke|p2|Sinistcha, L50|\n|poke|p2|Rillaboom, L50, M|\n|poke|p2|Incineroar, L50, F|\n|poke|p2|Annihilape, L50, F|\n|poke|p2|Maushold, L50|\n|teampreview|4\n|inactive|Battle timer is ON: inactive players will automatically lose when time's up. (requested by zrofs)\n|\n|t:|1739641558\n|start\n|switch|p1a: Iron Hands|Iron Hands, L50|100\/100\n|switch|p1b: Umbreon|Umbreon, L50, M|100\/100\n|switch|p2a: Terapagos|Terapagos, L50, M|100\/100\n|switch|p2b: Rillaboom|Rillaboom, L50, M|100\/100\n|-activate|p2a: Terapagos|ability: Tera Shift\n|detailschange|p2a: Terapagos|Terapagos-Terastal, L50, M\n|-heal|p2a: Terapagos|100\/100|[silent]\n|-fieldstart|move: Grassy Terrain|[from] ability: Grassy Surge|[of] p2b: Rillaboom\n|turn|1\n|\n|t:|1739641574\n|switch|p2b: Incineroar|Incineroar, L50, F|100\/100\n|-ability|p2b: Incineroar|Intimidate|boost\n|-unboost|p1a: Iron Hands|atk|1\n|-fail|p1b: Umbreon|unboost|Attack|[from] ability: Inner Focus|[of] p1b: Umbreon\n|move|p1a: Iron Hands|Fake Out|p2a: Terapagos\n|-activate|p2a: Terapagos|ability: Tera Shell\n|-resisted|p2a: Terapagos\n|-damage|p2a: Terapagos|96\/100\n|move|p2a: Terapagos|Calm Mind|p2a: Terapagos\n|-boost|p2a: Terapagos|spa|1\n|-boost|p2a: Terapagos|spd|1\n|move|p1b: Umbreon|Snarl|p2a: Terapagos|[spread] p2a,p2b\n|-resisted|p2b: Incineroar\n|-crit|p2b: Incineroar\n|-damage|p2a: Terapagos|91\/100\n|-damage|p2b: Incineroar|94\/100\n|-unboost|p2b: Incineroar|spa|1\n|\n|-heal|p2a: Terapagos|97\/100|[from] Grassy Terrain\n|-heal|p2b: Incineroar|99\/100|[from] Grassy Terrain\n|upkeep\n|turn|2\n|inactive|zrofs has 30 seconds left.\n|\n|t:|1739641601\n|-end|p1a: Iron Hands|Quark Drive|[silent]\n|switch|p1a: Ogerpon|Ogerpon-Hearthflame, L50, F|100\/100\n|-ability|p1a: Ogerpon|Mold Breaker\n|move|p2a: Terapagos|Calm Mind|p2a: Terapagos\n|-boost|p2a: Terapagos|spa|1\n|-boost|p2a: Terapagos|spd|1\n|move|p2b: Incineroar|Will-O-Wisp|p1a: Ogerpon|[miss]\n|-miss|p2b: Incineroar|p1a: Ogerpon\n|move|p1b: Umbreon|Roar|p2a: Terapagos\n|drag|p2a: Sinistcha|Sinistcha, L50|100\/100\n|-heal|p2b: Incineroar|100\/100|[from] ability: Hospitality|[of] p2a: Sinistcha\n|\n|upkeep\n|turn|3\n|inactive|cricetodalpendolo has 30 seconds left.\n|inactive|zrofs has 30 seconds left.\n|c|\u2606zrofs|gg\n|inactive|cricetodalpendolo has 20 seconds left.\n|inactive|zrofs has 20 seconds left.\n|inactive|cricetodalpendolo has 15 seconds left.\n|inactive|zrofs has 15 seconds left.\n|inactive|cricetodalpendolo has 10 seconds left.\n|inactive|cricetodalpendolo has 5 seconds left.\n|\n|t:|1739641655\n|move|p1a: Ogerpon|Ivy Cudgel|p2a: Sinistcha|[anim] Ivy Cudgel Fire\n|-supereffective|p2a: Sinistcha\n|-damage|p2a: Sinistcha|0 fnt\n|faint|p2a: Sinistcha\n|move|p2b: Incineroar|Parting Shot|p1a: Ogerpon\n|-unboost|p1a: Ogerpon|atk|1\n|-unboost|p1a: Ogerpon|spa|1\n|\n|t:|1739641662\n|switch|p2b: Terapagos|Terapagos-Terastal, L50, M|97\/100|[from] Parting Shot\n|move|p1b: Umbreon|Snarl|p2b: Terapagos\n|-damage|p2b: Terapagos|86\/100\n|\n|-heal|p2b: Terapagos|92\/100|[from] Grassy Terrain\n|upkeep\n|\n|t:|1739641668\n|switch|p2a: Incineroar|Incineroar, L50, F|100\/100\n|-ability|p2a: Incineroar|Intimidate|boost\n|-unboost|p1a: Ogerpon|atk|1\n|-fail|p1b: Umbreon|unboost|Attack|[from] ability: Inner Focus|[of] p1b: Umbreon\n|turn|4\n|\n|t:|1739641690\n|move|p1a: Ogerpon|Spiky Shield|p1a: Ogerpon\n|-singleturn|p1a: Ogerpon|move: Protect\n|move|p2b: Terapagos|Tera Starstorm|p1b: Umbreon\n|-crit|p1b: Umbreon\n|-damage|p1b: Umbreon|45\/100\n|-enditem|p1b: Umbreon|Sitrus Berry|[eat]\n|-heal|p1b: Umbreon|70\/100|[from] item: Sitrus Berry\n|move|p2a: Incineroar|Parting Shot|p1a: Ogerpon\n|-activate|p1a: Ogerpon|move: Protect\n|move|p1b: Umbreon|Roar|p2b: Terapagos\n|drag|p2b: Rillaboom|Rillaboom, L50, M|100\/100\n|\n|-heal|p1b: Umbreon|76\/100|[from] Grassy Terrain\n|upkeep\n|turn|5\n|inactive|cricetodalpendolo has 30 seconds left.\n|\n|t:|1739641722\n|switch|p1a: Miraidon|Miraidon, L50|100\/100\n|-fieldstart|move: Electric Terrain|[from] ability: Hadron Engine|[of] p1a: Miraidon\n|move|p2b: Rillaboom|U-turn|p1b: Umbreon\n|-supereffective|p1b: Umbreon\n|-damage|p1b: Umbreon|46\/100\n|\n|t:|1739641728\n|switch|p2b: Terapagos|Terapagos-Terastal, L50, M|92\/100|[from] U-turn\n|move|p2a: Incineroar|Parting Shot|p1a: Miraidon\n|-unboost|p1a: Miraidon|atk|1\n|-unboost|p1a: Miraidon|spa|1\n|\n|t:|1739641733\n|switch|p2a: Rillaboom|Rillaboom, L50, M|100\/100|[from] Parting Shot\n|-fieldstart|move: Grassy Terrain|[from] ability: Grassy Surge|[of] p2a: Rillaboom\n|move|p1b: Umbreon|Foul Play|p2b: Terapagos\n|-damage|p2b: Terapagos|71\/100\n|\n|-heal|p2b: Terapagos|77\/100|[from] Grassy Terrain\n|-heal|p1b: Umbreon|52\/100|[from] Grassy Terrain\n|upkeep\n|turn|6\n|inactive|cricetodalpendolo has 30 seconds left.\n|inactive|zrofs has 30 seconds left.\n|\n|t:|1739641769\n|switch|p1a: Ogerpon|Ogerpon-Hearthflame, L50, F|100\/100\n|-ability|p1a: Ogerpon|Mold Breaker\n|move|p2a: Rillaboom|Fake Out|p1a: Ogerpon\n|-damage|p1a: Ogerpon|88\/100\n|move|p2b: Terapagos|Tera Starstorm|p1b: Umbreon\n|-damage|p1b: Umbreon|11\/100\n|move|p1b: Umbreon|Roar|p2b: Terapagos\n|drag|p2b: Incineroar|Incineroar, L50, F|100\/100\n|-ability|p2b: Incineroar|Intimidate|boost\n|-unboost|p1a: Ogerpon|atk|1\n|-fail|p1b: Umbreon|unboost|Attack|[from] ability: Inner Focus|[of] p1b: Umbreon\n|\n|-heal|p1a: Ogerpon|94\/100|[from] Grassy Terrain\n|-heal|p1b: Umbreon|17\/100|[from] Grassy Terrain\n|upkeep\n|turn|7\n|\n|t:|1739641793\n|switch|p1b: Iron Hands|Iron Hands, L50|100\/100\n|move|p2b: Incineroar|Fake Out|p1a: Ogerpon\n|-damage|p1a: Ogerpon|83\/100\n|cant|p1a: Ogerpon|flinch\n|move|p2a: Rillaboom|U-turn|p1b: Iron Hands\n|-resisted|p1b: Iron Hands\n|-damage|p1b: Iron Hands|93\/100\n|\n|t:|1739641801\n|switch|p2a: Terapagos|Terapagos-Terastal, L50, M|77\/100|[from] U-turn\n|\n|-heal|p1a: Ogerpon|89\/100|[from] Grassy Terrain\n|-heal|p2a: Terapagos|83\/100|[from] Grassy Terrain\n|-heal|p1b: Iron Hands|98\/100|[from] Grassy Terrain\n|upkeep\n|turn|8\n|\n|t:|1739641821\n|move|p2a: Terapagos|Protect|p2a: Terapagos\n|-singleturn|p2a: Terapagos|Protect\n|move|p1b: Iron Hands|Fake Out|p2a: Terapagos\n|-activate|p2a: Terapagos|move: Protect\n|move|p1a: Ogerpon|Ivy Cudgel|p2a: Terapagos|[anim] Ivy Cudgel Fire\n|-activate|p2a: Terapagos|move: Protect\n|move|p2b: Incineroar|Parting Shot|p1b: Iron Hands\n|-unboost|p1b: Iron Hands|atk|1\n|-unboost|p1b: Iron Hands|spa|1\n|\n|t:|1739641831\n|switch|p2b: Rillaboom|Rillaboom, L50, M|100\/100|[from] Parting Shot\n|\n|-heal|p1a: Ogerpon|95\/100|[from] Grassy Terrain\n|-heal|p2a: Terapagos|89\/100|[from] Grassy Terrain\n|-heal|p1b: Iron Hands|100\/100|[from] Grassy Terrain\n|upkeep\n|turn|9\n|\n|t:|1739641841\n|switch|p2a: Incineroar|Incineroar, L50, F|100\/100\n|-ability|p2a: Incineroar|Intimidate|boost\n|-unboost|p1a: Ogerpon|atk|1\n|-unboost|p1b: Iron Hands|atk|1\n|move|p2b: Rillaboom|Fake Out|p1a: Ogerpon\n|-damage|p1a: Ogerpon|81\/100\n|cant|p1a: Ogerpon|flinch\n|move|p1b: Iron Hands|Drain Punch|p2a: Incineroar\n|-supereffective|p2a: Incineroar\n|-damage|p2a: Incineroar|63\/100\n|\n|-heal|p1a: Ogerpon|87\/100|[from] Grassy Terrain\n|-heal|p2a: Incineroar|69\/100|[from] Grassy Terrain\n|-fieldend|move: Grassy Terrain\n|upkeep\n|turn|10\n|inactive|cricetodalpendolo has 30 seconds left.\n|\n|t:|1739641876\n|-end|p1b: Iron Hands|Quark Drive|[silent]\n|switch|p1b: Miraidon|Miraidon, L50|100\/100\n|-fieldstart|move: Electric Terrain|[from] ability: Hadron Engine|[of] p1b: Miraidon\n|move|p1a: Ogerpon|Ivy Cudgel|p2b: Rillaboom|[anim] Ivy Cudgel Fire\n|-supereffective|p2b: Rillaboom\n|-damage|p2b: Rillaboom|47\/100\n|move|p2b: Rillaboom|U-turn|p1b: Miraidon\n|-damage|p1b: Miraidon|77\/100\n|\n|t:|1739641886\n|switch|p2b: Terapagos|Terapagos-Terastal, L50, M|89\/100|[from] U-turn\n|move|p2a: Incineroar|Will-O-Wisp|p1b: Miraidon\n|-status|p1b: Miraidon|brn\n|\n|-damage|p1b: Miraidon|71\/100 brn|[from] brn\n|upkeep\n|turn|11\n|inactive|zrofs has 30 seconds left.\n|inactive|zrofs has 20 seconds left.\n|\n|t:|1739641923\n|switch|p2b: Rillaboom|Rillaboom, L50, M|47\/100\n|-fieldstart|move: Grassy Terrain|[from] ability: Grassy Surge|[of] p2b: Rillaboom\n|move|p1b: Miraidon|Volt Switch|p2a: Incineroar\n|-damage|p2a: Incineroar|23\/100\n|\n|t:|1739641934\n|switch|p1b: Iron Hands|Iron Hands, L50|100\/100|[from] Volt Switch\n|move|p1a: Ogerpon|Ivy Cudgel|p2a: Incineroar|[anim] Ivy Cudgel Fire\n|-resisted|p2a: Incineroar\n|-damage|p2a: Incineroar|9\/100\n|move|p2a: Incineroar|Parting Shot|p1b: Iron Hands\n|-unboost|p1b: Iron Hands|atk|1\n|-unboost|p1b: Iron Hands|spa|1\n|\n|t:|1739641943\n|switch|p2a: Terapagos|Terapagos-Terastal, L50, M|89\/100|[from] Parting Shot\n|\n|-heal|p1a: Ogerpon|92\/100|[from] Grassy Terrain\n|-heal|p2b: Rillaboom|53\/100|[from] Grassy Terrain\n|-heal|p2a: Terapagos|95\/100|[from] Grassy Terrain\n|upkeep\n|turn|12\n|\n|t:|1739641961\n|switch|p2b: Incineroar|Incineroar, L50, F|9\/100\n|-ability|p2b: Incineroar|Intimidate|boost\n|-unboost|p1a: Ogerpon|atk|1\n|-unboost|p1b: Iron Hands|atk|1\n|move|p1a: Ogerpon|Ivy Cudgel|p2b: Incineroar|[anim] Ivy Cudgel Fire\n|-resisted|p2b: Incineroar\n|-damage|p2b: Incineroar|0 fnt\n|faint|p2b: Incineroar\n|move|p2a: Terapagos|Calm Mind|p2a: Terapagos\n|-boost|p2a: Terapagos|spa|1\n|-boost|p2a: Terapagos|spd|1\n|move|p1b: Iron Hands|Drain Punch|p2a: Terapagos\n|-supereffective|p2a: Terapagos\n|-damage|p2a: Terapagos|56\/100\n|\n|-heal|p1a: Ogerpon|98\/100|[from] Grassy Terrain\n|-heal|p2a: Terapagos|62\/100|[from] Grassy Terrain\n|upkeep\n|\n|t:|1739641976\n|switch|p2b: Rillaboom|Rillaboom, L50, M|53\/100\n|turn|13\n|\n|t:|1739642000\n|-end|p1b: Iron Hands|Quark Drive|[silent]\n|switch|p1b: Umbreon|Umbreon, L50, M|17\/100\n|move|p2b: Rillaboom|Fake Out|p1b: Umbreon\n|-damage|p1b: Umbreon|8\/100\n|move|p1a: Ogerpon|Ivy Cudgel|p2b: Rillaboom|[anim] Ivy Cudgel Fire\n|-supereffective|p2b: Rillaboom\n|-damage|p2b: Rillaboom|10\/100\n|move|p2a: Terapagos|Substitute|p2a: Terapagos\n|-start|p2a: Terapagos|Substitute\n|-damage|p2a: Terapagos|38\/100\n|\n|-heal|p1a: Ogerpon|100\/100|[from] Grassy Terrain\n|-heal|p2b: Rillaboom|16\/100|[from] Grassy Terrain\n|-heal|p2a: Terapagos|44\/100|[from] Grassy Terrain\n|-heal|p1b: Umbreon|14\/100|[from] Grassy Terrain\n|upkeep\n|turn|14\n|inactive|cricetodalpendolo has 30 seconds left.\n|inactive|zrofs has 30 seconds left.\n|inactive|zrofs has 20 seconds left.\n|\n|t:|1739642041\n|move|p1a: Ogerpon|Ivy Cudgel|p2b: Rillaboom|[anim] Ivy Cudgel Fire\n|-supereffective|p2b: Rillaboom\n|-damage|p2b: Rillaboom|0 fnt\n|faint|p2b: Rillaboom\n|move|p2a: Terapagos|Tera Starstorm|p1a: Ogerpon\n|-damage|p1a: Ogerpon|20\/100\n|move|p1b: Umbreon|Roar|p1a: Ogerpon\n|drag|p1a: Miraidon|Miraidon, L50|71\/100 brn\n|-fieldstart|move: Electric Terrain|[from] ability: Hadron Engine|[of] p1a: Miraidon\n|\n|-damage|p1a: Miraidon|65\/100 brn|[from] brn\n|upkeep\n|turn|15\n|inactive|cricetodalpendolo has 30 seconds left.\n|inactive|zrofs has 30 seconds left.\n|\n|t:|1739642070\n|move|p1a: Miraidon|Electro Drift|p2a: Terapagos\n|-end|p2a: Terapagos|Substitute\n|move|p2a: Terapagos|Tera Starstorm|p1a: Miraidon\n|-damage|p1a: Miraidon|0 fnt\n|faint|p1a: Miraidon\n|move|p1b: Umbreon|Taunt|p2a: Terapagos\n|-start|p2a: Terapagos|move: Taunt\n|\n|upkeep\n|\n|t:|1739642088\n|switch|p1a: Iron Hands|Iron Hands, L50|100\/100\n|-activate|p1a: Iron Hands|ability: Quark Drive\n|-start|p1a: Iron Hands|quarkdriveatk\n|turn|16\n|\n|t:|1739642102\n|move|p2a: Terapagos|Tera Starstorm|p1a: Iron Hands\n|-damage|p1a: Iron Hands|59\/100\n|move|p1b: Umbreon|Snarl|p2a: Terapagos\n|-damage|p2a: Terapagos|37\/100\n|move|p1a: Iron Hands|Drain Punch|p2a: Terapagos\n|-supereffective|p2a: Terapagos\n|-damage|p2a: Terapagos|0 fnt\n|-heal|p1a: Iron Hands|74\/100|[from] drain|[of] p2a: Terapagos\n|faint|p2a: Terapagos\n|\n|win|cricetodalpendolo\n|raw|cricetodalpendolo's rating: 1550 &rarr; <strong>1576<\/strong><br \/>(+26 for winning)\n|raw|zrofs's rating: 1652 &rarr; <strong>1626<\/strong><br \/>(-26 for losing)\n|c|\u2606zrofs|gg\n|c|\u2606cricetodalpendolo|gg\n|c|\u2606zrofs|roar fuck me\n|c|\u2606zrofs|nice pick\n|c|\u2606cricetodalpendolo|yeah, it's a little gimmicky but it works\n|l|\u2606zrofs\n|player|p2|\n|l|\u2606cricetodalpendolo\n|player|p1|\n","uploadtime":1739642353,"views":15,"formatid":"gen9vgc2025regg","rating":1576,"private":0,"password":null}