{"id":"gen9vgc2025regg-2301278780","format":"[Gen 9] VGC 2025 Reg G","players":["kojimuranishi","chaddiestchad"],"log":"|j|\u2606kojimuranishi\n|j|\u2606chaddiestchad\n|t:|1739629795\n|gametype|doubles\n|player|p1|kojimuranishi|101|1752\n|player|p2|chaddiestchad|supernerd|1641\n|teamsize|p1|6\n|teamsize|p2|6\n|gen|9\n|tier|[Gen 9] VGC 2025 Reg G\n|rated|\n|rule|Species Clause: Limit one of each Pok\u00e9mon\n|rule|Item Clause: Limit 1 of each item\n|clearpoke\n|poke|p1|Whimsicott, L50, M|\n|poke|p1|Calyrex-Ice, L50|\n|poke|p1|Urshifu-*, L50, F|\n|poke|p1|Chi-Yu, L50|\n|poke|p1|Raging Bolt, L50|\n|poke|p1|Landorus, L50, M|\n|poke|p2|Calyrex-Shadow, L50|\n|poke|p2|Ogerpon-Hearthflame, L50, F|\n|poke|p2|Incineroar, L50, M|\n|poke|p2|Urshifu-*, L50, M|\n|poke|p2|Rillaboom, L50, M|\n|poke|p2|Raging Bolt, L50|\n|teampreview|4\n|inactive|Battle timer is ON: inactive players will automatically lose when time's up. (requested by chaddiestchad)\n|inactive|kojimuranishi has 60 seconds left.\n|\n|t:|1739629853\n|start\n|switch|p1a: Chi-Yu|Chi-Yu, L50|100\/100\n|switch|p1b: Landorus|Landorus, L50, M|100\/100\n|switch|p2a: Ogerpon|Ogerpon-Hearthflame, L50, F|100\/100\n|switch|p2b: Raging Bolt|Raging Bolt, L50|100\/100\n|-ability|p2a: Ogerpon|Mold Breaker\n|-ability|p1a: Chi-Yu|Beads of Ruin\n|-enditem|p2b: Raging Bolt|Booster Energy\n|-activate|p2b: Raging Bolt|ability: Protosynthesis|[fromitem]\n|-start|p2b: Raging Bolt|protosynthesisspa\n|turn|1\n|inactive|kojimuranishi has 30 seconds left.\n|\n|t:|1739629881\n|-terastallize|p2a: Ogerpon|Fire\n|detailschange|p2a: Ogerpon|Ogerpon-Hearthflame-Tera, L50, F, tera:Fire\n|-ability|p2a: Ogerpon|Embody Aspect (Hearthflame)|boost\n|-boost|p2a: Ogerpon|atk|1\n|move|p2a: Ogerpon|Ivy Cudgel|p1b: Landorus|[anim] Ivy Cudgel Fire\n|-damage|p1b: Landorus|0 fnt\n|faint|p1b: Landorus\n|move|p1a: Chi-Yu|Snarl|p2a: Ogerpon|[spread] p2a,p2b\n|-damage|p2a: Ogerpon|46\/100\n|-damage|p2b: Raging Bolt|60\/100\n|-unboost|p2a: Ogerpon|spa|1\n|-unboost|p2b: Raging Bolt|spa|1\n|move|p2b: Raging Bolt|Thunderbolt|p1a: Chi-Yu\n|-damage|p1a: Chi-Yu|52\/100\n|\n|upkeep\n|\n|t:|1739629897\n|switch|p1b: Whimsicott|Whimsicott, L50, M|100\/100\n|turn|2\n|\n|t:|1739629906\n|move|p2a: Ogerpon|Spiky Shield|p2a: Ogerpon\n|-singleturn|p2a: Ogerpon|move: Protect\n|move|p1b: Whimsicott|Tailwind|p1b: Whimsicott\n|-sidestart|p1: kojimuranishi|move: Tailwind\n|move|p1a: Chi-Yu|Snarl|p2a: Ogerpon|[spread] p2b\n|-activate|p2a: Ogerpon|move: Protect\n|-damage|p2b: Raging Bolt|17\/100\n|-unboost|p2b: Raging Bolt|spa|1\n|move|p2b: Raging Bolt|Thunderbolt|p1a: Chi-Yu\n|-damage|p1a: Chi-Yu|13\/100\n|\n|upkeep\n|turn|3\n|inactive|kojimuranishi has 30 seconds left.\n|\n|t:|1739629933\n|move|p2a: Ogerpon|Follow Me|p2a: Ogerpon\n|-singleturn|p2a: Ogerpon|move: Follow Me\n|move|p2b: Raging Bolt|Thunderclap|p1a: Chi-Yu\n|-damage|p1a: Chi-Yu|0 fnt\n|faint|p1a: Chi-Yu\n|move|p1b: Whimsicott|Moonblast|p2a: Ogerpon\n|-resisted|p2a: Ogerpon\n|-damage|p2a: Ogerpon|24\/100\n|\n|upkeep\n|\n|t:|1739629942\n|switch|p1a: Calyrex|Calyrex-Ice, L50|100\/100\n|-ability|p1a: Calyrex|As One\n|-ability|p1a: Calyrex|Unnerve\n|turn|4\n|inactive|chaddiestchad has 30 seconds left.\n|\n|t:|1739629971\n|-end|p2b: Raging Bolt|Protosynthesis|[silent]\n|switch|p2b: Urshifu|Urshifu-Rapid-Strike, L50, M|100\/100\n|-terastallize|p1a: Calyrex|Ice\n|move|p2a: Ogerpon|Spiky Shield|p2a: Ogerpon\n|-singleturn|p2a: Ogerpon|move: Protect\n|move|p1b: Whimsicott|Moonblast|p2a: Ogerpon\n|-activate|p2a: Ogerpon|move: Protect\n|move|p1a: Calyrex|Glacial Lance|p2a: Ogerpon|[spread] p2b\n|-activate|p2a: Ogerpon|move: Protect\n|-resisted|p2b: Urshifu\n|-damage|p2b: Urshifu|45\/100\n|\n|upkeep\n|turn|5\n|\n|t:|1739629992\n|move|p2a: Ogerpon|Follow Me|p2a: Ogerpon\n|-singleturn|p2a: Ogerpon|move: Follow Me\n|move|p2b: Urshifu|Aqua Jet|p1a: Calyrex\n|-damage|p1a: Calyrex|86\/100\n|move|p1b: Whimsicott|Moonblast|p2a: Ogerpon\n|-resisted|p2a: Ogerpon\n|-damage|p2a: Ogerpon|2\/100\n|move|p1a: Calyrex|Glacial Lance|p2a: Ogerpon|[spread] p2a,p2b\n|-resisted|p2a: Ogerpon\n|-resisted|p2b: Urshifu\n|-damage|p2a: Ogerpon|0 fnt\n|-damage|p2b: Urshifu|0 fnt\n|faint|p2a: Ogerpon\n|faint|p2b: Urshifu\n|-ability|p1a: Calyrex|Chilling Neigh|boost\n|-boost|p1a: Calyrex|atk|2\n|\n|-sideend|p1: kojimuranishi|move: Tailwind\n|upkeep\n|\n|t:|1739630009\n|switch|p2a: Calyrex|Calyrex-Shadow, L50|100\/100\n|switch|p2b: Raging Bolt|Raging Bolt, L50|17\/100\n|-ability|p2a: Calyrex|As One\n|-ability|p2a: Calyrex|Unnerve\n|turn|6\n|\n|t:|1739630018\n|move|p1b: Whimsicott|Tailwind|p1b: Whimsicott\n|-sidestart|p1: kojimuranishi|move: Tailwind\n|move|p2b: Raging Bolt|Thunderclap|p1a: Calyrex\n|-damage|p1a: Calyrex|57\/100\n|move|p1a: Calyrex|Glacial Lance|p2b: Raging Bolt|[spread] p2a,p2b\n|-supereffective|p2b: Raging Bolt\n|-damage|p2a: Calyrex|0 fnt\n|-damage|p2b: Raging Bolt|0 fnt\n|faint|p2a: Calyrex\n|faint|p2b: Raging Bolt\n|-end|p2b: Raging Bolt|Protosynthesis|[silent]\n|\n|win|kojimuranishi\n|raw|kojimuranishi's rating: 1752 &rarr; <strong>1766<\/strong><br \/>(+14 for winning)\n|raw|chaddiestchad's rating: 1641 &rarr; <strong>1627<\/strong><br \/>(-14 for losing)\n|l|\u2606kojimuranishi\n|player|p1|\n|l|\u2606chaddiestchad\n|player|p2|\n","uploadtime":1739630212,"views":17,"formatid":"gen9vgc2025regg","rating":1627,"private":0,"password":null}