{"id":"gen9vgc2025regg-2301585392","format":"[Gen 9] VGC 2025 Reg G","players":["PokemonBreederJoey","RICHARDHAVOC"],"log":"|j|\u2606PokemonBreederJoey\n|j|\u2606RICHARDHAVOC\n|t:|1739669272\n|gametype|doubles\n|player|p1|PokemonBreederJoey|170|1564\n|player|p2|RICHARDHAVOC|brycen|1615\n|teamsize|p1|6\n|teamsize|p2|6\n|gen|9\n|tier|[Gen 9] VGC 2025 Reg G\n|rated|\n|rule|Species Clause: Limit one of each Pok\u00e9mon\n|rule|Item Clause: Limit 1 of each item\n|clearpoke\n|poke|p1|Ursaluna-Bloodmoon, L50, M|\n|poke|p1|Farigiraf, L50, F|\n|poke|p1|Rillaboom, L50, F|\n|poke|p1|Calyrex-Ice, L50|\n|poke|p1|Enamorus-Therian, L50, F|\n|poke|p1|Amoonguss, L50, F|\n|poke|p2|Miraidon, L50|\n|poke|p2|Avalugg, L50, F|\n|poke|p2|Roaring Moon, L50|\n|poke|p2|Ogerpon, L50, F|\n|poke|p2|Entei, L50|\n|poke|p2|Urshifu-*, L50, M|\n|teampreview|4\n|\n|t:|1739669338\n|start\n|switch|p1a: Farigiraf|Farigiraf, L50, F|100\/100\n|switch|p1b: Rillaboom|Rillaboom, L50, F|100\/100\n|switch|p2a: Miraidon|Miraidon, L50|100\/100\n|switch|p2b: Avalugg|Avalugg, L50, F, shiny|100\/100\n|-fieldstart|move: Electric Terrain|[from] ability: Hadron Engine|[of] p2a: Miraidon\n|-enditem|p2b: Avalugg|Electric Seed\n|-boost|p2b: Avalugg|def|1|[from] item: Electric Seed\n|-fieldstart|move: Grassy Terrain|[from] ability: Grassy Surge|[of] p1b: Rillaboom\n|turn|1\n|\n|t:|1739669350\n|move|p1b: Rillaboom|Fake Out|p2a: Miraidon\n|-damage|p2a: Miraidon|86\/100\n|cant|p2a: Miraidon|flinch\n|move|p2b: Avalugg|Iron Defense|p2b: Avalugg\n|-boost|p2b: Avalugg|def|2\n|move|p1a: Farigiraf|Trick Room|p1a: Farigiraf\n|-fieldstart|move: Trick Room|[of] p1a: Farigiraf\n|\n|-heal|p2a: Miraidon|91\/100|[from] Grassy Terrain\n|upkeep\n|turn|2\n|j| Therazer456\n|\n|t:|1739669370\n|move|p2b: Avalugg|Body Press|p1a: Farigiraf\n|-damage|p1a: Farigiraf|17\/100\n|-enditem|p1a: Farigiraf|Sitrus Berry|[eat]\n|-heal|p1a: Farigiraf|41\/100|[from] item: Sitrus Berry\n|move|p1a: Farigiraf|Psychic Noise|p2a: Miraidon\n|-damage|p2a: Miraidon|62\/100\n|-start|p2a: Miraidon|move: Heal Block\n|move|p1b: Rillaboom|U-turn|p2a: Miraidon\n|-damage|p2a: Miraidon|39\/100\n|\n|t:|1739669378\n|switch|p1b: Ursaluna|Ursaluna-Bloodmoon, L50, M|100\/100|[from] U-turn\n|move|p2a: Miraidon|Volt Switch|p1a: Farigiraf\n|-damage|p1a: Farigiraf|0 fnt\n|faint|p1a: Farigiraf\n|\n|t:|1739669393\n|switch|p2a: Urshifu|Urshifu-Rapid-Strike, L50, M|100\/100|[from] Volt Switch\n|\n|upkeep\n|\n|t:|1739669405\n|switch|p1a: Enamorus|Enamorus-Therian, L50, F|100\/100\n|turn|3\n|\n|t:|1739669430\n|-terastallize|p1b: Ursaluna|Ghost\n|-terastallize|p2a: Urshifu|Water\n|move|p2b: Avalugg|Body Press|p1b: Ursaluna\n|-immune|p1b: Ursaluna\n|move|p1a: Enamorus|Dazzling Gleam|p2b: Avalugg|[spread] p2a,p2b\n|-damage|p2a: Urshifu|48\/100\n|-damage|p2b: Avalugg|23\/100\n|move|p1b: Ursaluna|Blood Moon|p2b: Avalugg\n|-damage|p2b: Avalugg|0 fnt\n|faint|p2b: Avalugg\n|-damage|p1b: Ursaluna|91\/100|[from] item: Life Orb\n|move|p2a: Urshifu|Surging Strikes|p1a: Enamorus\n|-crit|p1a: Enamorus\n|-damage|p1a: Enamorus|67\/100\n|-crit|p1a: Enamorus\n|-damage|p1a: Enamorus|35\/100\n|-crit|p1a: Enamorus\n|-damage|p1a: Enamorus|5\/100\n|-hitcount|p1a: Enamorus|3\n|\n|-heal|p1b: Ursaluna|97\/100|[from] Grassy Terrain\n|-heal|p2a: Urshifu|54\/100|[from] Grassy Terrain\n|upkeep\n|\n|t:|1739669439\n|switch|p2b: Entei|Entei, L50, shiny|100\/100\n|turn|4\n|\n|t:|1739669467\n|move|p2a: Urshifu|Aqua Jet|p1a: Enamorus\n|-damage|p1a: Enamorus|0 fnt\n|faint|p1a: Enamorus\n|move|p1b: Ursaluna|Hyper Voice|p2a: Urshifu|[spread] p2a,p2b\n|-damage|p2a: Urshifu|0 fnt\n|-damage|p2b: Entei|53\/100\n|faint|p2a: Urshifu\n|-damage|p1b: Ursaluna|87\/100|[from] item: Life Orb\n|move|p2b: Entei|Sacred Fire|p1b: Ursaluna\n|-damage|p1b: Ursaluna|42\/100\n|-damage|p2b: Entei|44\/100|[from] item: Life Orb\n|\n|-heal|p1b: Ursaluna|48\/100|[from] Grassy Terrain\n|-heal|p2b: Entei|50\/100|[from] Grassy Terrain\n|upkeep\n|\n|t:|1739669488\n|switch|p1a: Rillaboom|Rillaboom, L50, F|100\/100\n|switch|p2a: Miraidon|Miraidon, L50|39\/100\n|-fieldstart|move: Electric Terrain|[from] ability: Hadron Engine|[of] p2a: Miraidon\n|turn|5\n|\n|t:|1739669503\n|move|p2b: Entei|Protect|p2b: Entei\n|-singleturn|p2b: Entei|Protect\n|move|p1b: Ursaluna|Hyper Voice|p2a: Miraidon|[spread] p2a\n|-activate|p2b: Entei|move: Protect\n|-damage|p2a: Miraidon|0 fnt\n|faint|p2a: Miraidon\n|-damage|p1b: Ursaluna|38\/100|[from] item: Life Orb\n|move|p1a: Rillaboom|Wood Hammer|p2b: Entei\n|-activate|p2b: Entei|move: Protect\n|\n|-fieldend|move: Trick Room\n|upkeep\n|turn|6\n|\n|t:|1739669524\n|move|p2b: Entei|Sacred Fire|p1b: Ursaluna\n|-damage|p1b: Ursaluna|0 fnt\n|faint|p1b: Ursaluna\n|-damage|p2b: Entei|40\/100|[from] item: Life Orb\n|move|p1a: Rillaboom|Wood Hammer|p2b: Entei\n|-resisted|p2b: Entei\n|-damage|p2b: Entei|14\/100\n|-damage|p1a: Rillaboom|92\/100|[from] Recoil\n|\n|upkeep\n|turn|7\n|\n|t:|1739669530\n|move|p2b: Entei|Sacred Fire|p1a: Rillaboom\n|-supereffective|p1a: Rillaboom\n|-damage|p1a: Rillaboom|0 fnt\n|faint|p1a: Rillaboom\n|-damage|p2b: Entei|4\/100|[from] item: Life Orb\n|\n|win|RICHARDHAVOC\n|raw|PokemonBreederJoey's rating: 1564 &rarr; <strong>1547<\/strong><br \/>(-17 for losing)\n|raw|RICHARDHAVOC's rating: 1615 &rarr; <strong>1632<\/strong><br \/>(+17 for winning)\n|l|\u2606RICHARDHAVOC\n|player|p2|\n|l|\u2606PokemonBreederJoey\n|player|p1|\n","uploadtime":1739669802,"views":9,"formatid":"gen9vgc2025regg","rating":1547,"private":0,"password":null}