{"id":"gen9vgc2025regg-2301866047","format":"[Gen 9] VGC 2025 Reg G","players":["mangonugget","Rabble!"],"log":"|j|\u203dmangonugget\n|j|\u2606Rabble!\n|t:|1739719083\n|gametype|doubles\n|player|p1|mangonugget|steven|1507\n|player|p2|Rabble!|2|1562\n|teamsize|p1|6\n|teamsize|p2|6\n|gen|9\n|tier|[Gen 9] VGC 2025 Reg G\n|rated|\n|rule|Species Clause: Limit one of each Pok\u00e9mon\n|rule|Item Clause: Limit 1 of each item\n|clearpoke\n|poke|p1|Tornadus, L50, M|\n|poke|p1|Farigiraf, L50, M|\n|poke|p1|Annihilape, L50, M|\n|poke|p1|Ursaluna-Bloodmoon, L50, M|\n|poke|p1|Urshifu-*, L50, M|\n|poke|p1|Kyogre, L50|\n|poke|p2|Terapagos, L50, M|\n|poke|p2|Thundurus, L50, M|\n|poke|p2|Comfey, L50, F|\n|poke|p2|Rillaboom, L50, M|\n|poke|p2|Glimmora, L50, M|\n|poke|p2|Chi-Yu, L50|\n|teampreview|4\nmangonugget rejected open team sheets.\n|\n|t:|1739719139\n|start\n|switch|p1a: Tornadus|Tornadus, L50, M|100\/100\n|switch|p1b: Urshifu|Urshifu, L50, M|100\/100\n|switch|p2a: Terapagos|Terapagos, L50, M|100\/100\n|switch|p2b: Thundurus|Thundurus, L50, M|100\/100\n|-activate|p2a: Terapagos|ability: Tera Shift\n|detailschange|p2a: Terapagos|Terapagos-Terastal, L50, M\n|-heal|p2a: Terapagos|100\/100|[silent]\n|turn|1\n|\n|t:|1739719165\n|switch|p2a: Comfey|Comfey, L50, F|100\/100\n|move|p1a: Tornadus|Taunt|p2b: Thundurus\n|-start|p2b: Thundurus|move: Taunt\n|move|p1b: Urshifu|Close Combat|p2a: Comfey\n|-resisted|p2a: Comfey\n|-damage|p2a: Comfey|46\/100\n|-unboost|p1b: Urshifu|def|1\n|-unboost|p1b: Urshifu|spd|1\n|-enditem|p2a: Comfey|Sitrus Berry|[eat]\n|-heal|p2a: Comfey|71\/100|[from] item: Sitrus Berry\n|move|p2b: Thundurus|Wildbolt Storm|p1a: Tornadus|[spread] p1b\n|-miss|p2b: Thundurus|p1a: Tornadus\n|-damage|p1b: Urshifu|22\/100\n|\n|upkeep\n|turn|2\n|inactive|Battle timer is ON: inactive players will automatically lose when time's up. (requested by Rabble!)\n|\n|t:|1739719240\n|switch|p1b: Farigiraf|Farigiraf, L50, M|100\/100\n|move|p2a: Comfey|Draining Kiss||[still]\n|cant|p1b: Farigiraf|ability: Armor Tail|Draining Kiss|[of] p2a: Comfey\n|move|p1a: Tornadus|Bleakwind Storm|p2a: Comfey|[spread] p2a,p2b\n|-resisted|p2b: Thundurus\n|-crit|p2b: Thundurus\n|-damage|p2a: Comfey|33\/100\n|-damage|p2b: Thundurus|71\/100\n|-unboost|p2a: Comfey|spe|1\n|move|p2b: Thundurus|Wildbolt Storm|p1b: Farigiraf|[spread] p1a,p1b\n|-supereffective|p1a: Tornadus\n|-damage|p1a: Tornadus|17\/100\n|-damage|p1b: Farigiraf|78\/100\n|-status|p1b: Farigiraf|par\n|\n|upkeep\n|turn|3\n|inactive|mangonugget has 30 seconds left.\n|inactive|mangonugget has 20 seconds left.\n|inactive|mangonugget has 15 seconds left.\n|\n|t:|1739719284\n|move|p2a: Comfey|Protect|p2a: Comfey\n|-singleturn|p2a: Comfey|Protect\n|move|p1a: Tornadus|Tailwind|p1a: Tornadus\n|-sidestart|p1: mangonugget|move: Tailwind\n|move|p2b: Thundurus|Wildbolt Storm|p1b: Farigiraf|[spread] p1a,p1b\n|-supereffective|p1a: Tornadus\n|-damage|p1a: Tornadus|0 fnt\n|-damage|p1b: Farigiraf|54\/100 par\n|faint|p1a: Tornadus\n|move|p1b: Farigiraf|Dazzling Gleam|p2a: Comfey|[spread] p2b\n|-activate|p2a: Comfey|move: Protect\n|-damage|p2b: Thundurus|57\/100\n|\n|-end|p2b: Thundurus|move: Taunt\n|upkeep\n|inactive|mangonugget has 30 seconds left.\n|inactive|mangonugget has 20 seconds left.\n|inactive|mangonugget has 15 seconds left.\n|\n|t:|1739719325\n|switch|p1a: Kyogre|Kyogre, L50|100\/100\n|-weather|RainDance|[from] ability: Drizzle|[of] p1a: Kyogre\n|turn|4\n|inactive|Rabble! has 30 seconds left.\n|\n|t:|1739719356\n|switch|p2b: Terapagos|Terapagos-Terastal, L50, M|100\/100\n|switch|p2a: Rillaboom|Rillaboom, L50, M|100\/100\n|-fieldstart|move: Grassy Terrain|[from] ability: Grassy Surge|[of] p2a: Rillaboom\n|-terastallize|p1a: Kyogre|Water\n|move|p1b: Farigiraf|Helping Hand|p1a: Kyogre\n|-singleturn|p1a: Kyogre|Helping Hand|[of] p1b: Farigiraf\n|move|p1a: Kyogre|Water Spout|p2b: Terapagos|[spread] p2a,p2b\n|-resisted|p2a: Rillaboom\n|-activate|p2b: Terapagos|ability: Tera Shell\n|-resisted|p2b: Terapagos\n|-damage|p2a: Rillaboom|9\/100\n|-damage|p2b: Terapagos|0 fnt\n|faint|p2b: Terapagos\n|\n|-weather|RainDance|[upkeep]\n|-heal|p2a: Rillaboom|15\/100|[from] Grassy Terrain\n|-heal|p1b: Farigiraf|60\/100 par|[from] Grassy Terrain\n|upkeep\n|\n|t:|1739719379\n|switch|p2b: Comfey|Comfey, L50, F|33\/100\n|turn|5\n|j| IceIceCrazy\n|\n|t:|1739719395\n|move|p1b: Farigiraf|Helping Hand|p1a: Kyogre\n|-singleturn|p1a: Kyogre|Helping Hand|[of] p1b: Farigiraf\n|move|p2b: Comfey|Protect|p2b: Comfey\n|-singleturn|p2b: Comfey|Protect\n|move|p1a: Kyogre|Water Spout|p2b: Comfey|[spread] p2a\n|-activate|p2b: Comfey|move: Protect\n|-resisted|p2a: Rillaboom\n|-crit|p2a: Rillaboom\n|-damage|p2a: Rillaboom|0 fnt\n|faint|p2a: Rillaboom\n|\n|-weather|RainDance|[upkeep]\n|-heal|p2b: Comfey|39\/100|[from] Grassy Terrain\n|-heal|p1b: Farigiraf|67\/100 par|[from] Grassy Terrain\n|upkeep\n|\n|t:|1739719400\n|switch|p2a: Thundurus|Thundurus, L50, M|57\/100\n|turn|6\n|inactive|mangonugget has 30 seconds left.\n|inactive|mangonugget has 20 seconds left.\n|j| 1212kkekrk\n|\n|t:|1739719438\n|move|p2b: Comfey|Floral Healing|p2a: Thundurus\n|-heal|p2a: Thundurus|100\/100\n|move|p1a: Kyogre|Water Spout|p2a: Thundurus|[spread] p2a,p2b\n|-damage|p2a: Thundurus|0 fnt\n|-damage|p2b: Comfey|0 fnt\n|faint|p2a: Thundurus\n|faint|p2b: Comfey\n|\n|win|mangonugget\n|raw|mangonugget's rating: 1507 &rarr; <strong>1530<\/strong><br \/>(+23 for winning)\n|raw|Rabble!'s rating: 1562 &rarr; <strong>1539<\/strong><br \/>(-23 for losing)\n|l| IceIceCrazy\n|l|\u2606Rabble!\n|player|p2|\n|l|\u203dmangonugget\n|player|p1|\n","uploadtime":1739719649,"views":7,"formatid":"gen9vgc2025regg","rating":1530,"private":0,"password":null}