{"id":"gen9vgc2025regg-2301326321","format":"[Gen 9] VGC 2025 Reg G","players":["Bad Player Balance","Jasondddd"],"log":"|j|\u2606Bad Player Balance\n|j|\u2606Jasondddd\n|t:|1739636377\n|gametype|doubles\n|player|p1|Bad Player Balance|blue|1571\n|player|p2|Jasondddd|lucas|1586\n|teamsize|p1|6\n|teamsize|p2|6\n|gen|9\n|tier|[Gen 9] VGC 2025 Reg G\n|rated|\n|rule|Species Clause: Limit one of each Pok\u00e9mon\n|rule|Item Clause: Limit 1 of each item\n|clearpoke\n|poke|p1|Calyrex-Shadow, L50|\n|poke|p1|Tornadus, L50, M|\n|poke|p1|Urshifu-*, L50, F|\n|poke|p1|Indeedee-F, L50, F|\n|poke|p1|Pelipper, L50, F|\n|poke|p1|Ogerpon-Hearthflame, L50, F|\n|poke|p2|Zamazenta-*, L50|\n|poke|p2|Landorus, L50, M|\n|poke|p2|Rillaboom, L50, M|\n|poke|p2|Moltres, L50|\n|poke|p2|Flutter Mane, L50|\n|poke|p2|Urshifu-*, L50, M|\n|teampreview|4\n|j| Baguettezzz\n|\n|t:|1739636463\n|start\n|switch|p1a: Calyrex|Calyrex-Shadow, L50|100\/100\n|switch|p1b: Tornadus|Tornadus, L50, M|100\/100\n|switch|p2a: Urshifu|Urshifu, L50, M|100\/100\n|switch|p2b: Flutter Mane|Flutter Mane, L50|100\/100\n|-ability|p1a: Calyrex|As One\n|-ability|p1a: Calyrex|Unnerve\n|-enditem|p2b: Flutter Mane|Booster Energy\n|-activate|p2b: Flutter Mane|ability: Protosynthesis|[fromitem]\n|-start|p2b: Flutter Mane|protosynthesisspe\n|turn|1\n|j| Meiser63\n|\n|t:|1739636509\n|switch|p1a: Ogerpon|Ogerpon-Hearthflame, L50, F|100\/100\n|-ability|p1a: Ogerpon|Mold Breaker\n|-terastallize|p2b: Flutter Mane|Grass\n|move|p2a: Urshifu|Sucker Punch|p1b: Tornadus\n|-damage|p1b: Tornadus|43\/100\n|move|p2b: Flutter Mane|Moonblast|p1b: Tornadus\n|-damage|p1b: Tornadus|0 fnt\n|faint|p1b: Tornadus\n|\n|upkeep\n|\n|t:|1739636529\n|switch|p1b: Calyrex|Calyrex-Shadow, L50|100\/100\n|-ability|p1b: Calyrex|As One\n|-ability|p1b: Calyrex|Unnerve\n|turn|2\n|\n|t:|1739636544\n|move|p1b: Calyrex|Protect|p1b: Calyrex\n|-singleturn|p1b: Calyrex|Protect\n|move|p2b: Flutter Mane|Icy Wind|p1b: Calyrex|[spread] p1a\n|-activate|p1b: Calyrex|move: Protect\n|-damage|p1a: Ogerpon|89\/100\n|-unboost|p1a: Ogerpon|spe|1\n|move|p2a: Urshifu|Wicked Blow|p1a: Ogerpon\n|-crit|p1a: Ogerpon\n|-damage|p1a: Ogerpon|26\/100\n|move|p1a: Ogerpon|Ivy Cudgel|p2b: Flutter Mane|[anim] Ivy Cudgel Fire\n|-supereffective|p2b: Flutter Mane\n|-damage|p2b: Flutter Mane|0 fnt\n|faint|p2b: Flutter Mane\n|-end|p2b: Flutter Mane|Protosynthesis|[silent]\n|\n|upkeep\n|\n|t:|1739636563\n|switch|p2b: Rillaboom|Rillaboom, L50, M|100\/100\n|-fieldstart|move: Grassy Terrain|[from] ability: Grassy Surge|[of] p2b: Rillaboom\n|turn|3\n|l| Meiser63\n|\n|t:|1739636585\n|-terastallize|p1b: Calyrex|Ghost\n|move|p1a: Ogerpon|Follow Me|p1a: Ogerpon\n|-singleturn|p1a: Ogerpon|move: Follow Me\n|move|p1b: Calyrex|Astral Barrage|p2b: Rillaboom|[spread] p2a,p2b\n|-resisted|p2a: Urshifu\n|-damage|p2a: Urshifu|54\/100\n|-damage|p2b: Rillaboom|56\/100\n|move|p2a: Urshifu|Wicked Blow|p1a: Ogerpon\n|-crit|p1a: Ogerpon\n|-damage|p1a: Ogerpon|0 fnt\n|faint|p1a: Ogerpon\n|move|p2b: Rillaboom|U-turn|p1b: Calyrex\n|-resisted|p1b: Calyrex\n|-damage|p1b: Calyrex|86\/100\n|\n|t:|1739636599\n|switch|p2b: Zamazenta|Zamazenta-Crowned, L50|100\/100|[from] U-turn\n|-ability|p2b: Zamazenta|Dauntless Shield|boost\n|-boost|p2b: Zamazenta|def|1\n|\n|-heal|p1b: Calyrex|93\/100|[from] Grassy Terrain\n|-heal|p2a: Urshifu|60\/100|[from] Grassy Terrain\n|upkeep\n|\n|t:|1739636601\n|switch|p1a: Urshifu|Urshifu-Rapid-Strike, L50, F|100\/100\n|turn|4\n|\n|t:|1739636625\n|switch|p2a: Rillaboom|Rillaboom, L50, M|56\/100\n|move|p1b: Calyrex|Nasty Plot|p1b: Calyrex\n|-boost|p1b: Calyrex|spa|2\n|move|p2b: Zamazenta|Body Press|p1a: Urshifu\n|-damage|p1a: Urshifu|42\/100\n|move|p1a: Urshifu|Close Combat|p2a: Rillaboom\n|-damage|p2a: Rillaboom|0 fnt\n|-unboost|p1a: Urshifu|def|1\n|-unboost|p1a: Urshifu|spd|1\n|faint|p2a: Rillaboom\n|\n|-heal|p1b: Calyrex|99\/100|[from] Grassy Terrain\n|-heal|p1a: Urshifu|48\/100|[from] Grassy Terrain\n|upkeep\n|\n|t:|1739636643\n|switch|p2a: Urshifu|Urshifu, L50, M|60\/100\n|turn|5\n|\n|t:|1739636654\n|move|p2a: Urshifu|Sucker Punch|p1b: Calyrex\n|-supereffective|p1b: Calyrex\n|-damage|p1b: Calyrex|0 fnt\n|faint|p1b: Calyrex\n|move|p2b: Zamazenta|Body Press|p1a: Urshifu\n|-damage|p1a: Urshifu|0 fnt\n|faint|p1a: Urshifu\n|\n|win|Jasondddd\n|raw|Bad Player Balance's rating: 1571 &rarr; <strong>1552<\/strong><br \/>(-19 for losing)\n|raw|Jasondddd's rating: 1586 &rarr; <strong>1605<\/strong><br \/>(+19 for winning)\n|c|\u2606Bad Player Balance|1% off of getting sash back\n|c|\u2606Bad Player Balance|tragic\n|c|\u2606Bad Player Balance|gg\n|l| Baguettezzz\n","uploadtime":1739636732,"views":6,"formatid":"gen9vgc2025regg","rating":1552,"private":0,"password":null}