{"id":"gen9vgc2025regg-2301711457","format":"[Gen 9] VGC 2025 Reg G","players":["pig duck eater","dominicex"],"log":"|j|\u2606pig duck eater\n|j|\u2606dominicex\n|t:|1739689131\n|gametype|doubles\n|player|p1|pig duck eater|101|1621\n|player|p2|dominicex|pokemonranger-gen4|1622\n|teamsize|p1|6\n|teamsize|p2|6\n|gen|9\n|tier|[Gen 9] VGC 2025 Reg G\n|rated|\n|rule|Species Clause: Limit one of each Pok\u00e9mon\n|rule|Item Clause: Limit 1 of each item\n|clearpoke\n|poke|p1|Koraidon, L50|\n|poke|p1|Iron Crown, L50|\n|poke|p1|Indeedee-F, L50, F|\n|poke|p1|Wo-Chien, L50|\n|poke|p1|Garganacl, L50, M|\n|poke|p1|Walking Wake, L50|\n|poke|p2|Kyogre, L50|\n|poke|p2|Farigiraf, L50, M|\n|poke|p2|Chien-Pao, L50|\n|poke|p2|Amoonguss, L50, F|\n|poke|p2|Tornadus, L50, M|\n|poke|p2|Ursaluna, L50, F|\n|teampreview|4\n|inactive|Battle timer is ON: inactive players will automatically lose when time's up. (requested by dominicex)\n|inactive|pig duck eater has 60 seconds left.\n|\n|t:|1739689208\n|start\n|switch|p1a: Iron Crown|Iron Crown, L50|100\/100\n|switch|p1b: Indeedee|Indeedee-F, L50, F|100\/100\n|switch|p2a: Chien-Pao|Chien-Pao, L50|100\/100\n|switch|p2b: Tornadus|Tornadus, L50, M|100\/100\n|-ability|p2a: Chien-Pao|Sword of Ruin\n|-fieldstart|move: Psychic Terrain|[from] ability: Psychic Surge|[of] p1b: Indeedee\n|-enditem|p1b: Indeedee|Psychic Seed\n|-boost|p1b: Indeedee|spd|1|[from] item: Psychic Seed\n|-enditem|p1a: Iron Crown|Booster Energy\n|-activate|p1a: Iron Crown|ability: Quark Drive|[fromitem]\n|-start|p1a: Iron Crown|quarkdrivespe\n|turn|1\n|inactive|dominicex has 30 seconds left.\n|\n|t:|1739689238\n|move|p1a: Iron Crown|Protect|p1a: Iron Crown\n|-singleturn|p1a: Iron Crown|Protect\n|move|p2a: Chien-Pao|Protect|p2a: Chien-Pao\n|-singleturn|p2a: Chien-Pao|Protect\n|move|p2b: Tornadus|Bleakwind Storm|p1b: Indeedee|[spread] p1b\n|-activate|p1a: Iron Crown|move: Protect\n|-damage|p1b: Indeedee|82\/100\n|move|p1b: Indeedee|Baton Pass|p1b: Indeedee\n|\n|t:|1739689247\n|switch|p1b: Wo-Chien|Wo-Chien, L50|100\/100|[from] Baton Pass\n|-ability|p1b: Wo-Chien|Tablets of Ruin\n|\n|upkeep\n|turn|2\n|\n|t:|1739689260\n|switch|p2a: Kyogre|Kyogre, L50|100\/100\n|-weather|RainDance|[from] ability: Drizzle|[of] p2a: Kyogre\n|-terastallize|p1b: Wo-Chien|Poison\n|move|p1a: Iron Crown|Tachyon Cutter|p2a: Kyogre\n|-resisted|p2a: Kyogre\n|-damage|p2a: Kyogre|92\/100\n|-resisted|p2a: Kyogre\n|-damage|p2a: Kyogre|83\/100\n|-hitcount|p2a: Kyogre|2\n|move|p2b: Tornadus|Bleakwind Storm|p1a: Iron Crown|[spread] p1a,p1b\n|-resisted|p1a: Iron Crown\n|-damage|p1a: Iron Crown|85\/100\n|-damage|p1b: Wo-Chien|86\/100\n|-unboost|p1b: Wo-Chien|spe|1\n|move|p1b: Wo-Chien|Leech Seed|p2b: Tornadus\n|-start|p2b: Tornadus|move: Leech Seed\n|\n|-weather|RainDance|[upkeep]\n|-heal|p1b: Wo-Chien|92\/100|[from] item: Leftovers\n|-damage|p2b: Tornadus|88\/100|[from] Leech Seed|[of] p1b: Wo-Chien\n|-heal|p1b: Wo-Chien|100\/100|[silent]\n|upkeep\n|turn|3\n|\n|t:|1739689282\n|-terastallize|p2a: Kyogre|Water\n|move|p1a: Iron Crown|Protect|p1a: Iron Crown\n|-singleturn|p1a: Iron Crown|Protect\n|move|p2b: Tornadus|Rain Dance||[still]\n|-fail|p2b: Tornadus\n|move|p2a: Kyogre|Water Spout|p1b: Wo-Chien|[spread] p1b\n|-activate|p1a: Iron Crown|move: Protect\n|-damage|p1b: Wo-Chien|53\/100\n|move|p1b: Wo-Chien|Snarl|p2b: Tornadus|[spread] p2a,p2b\n|-damage|p2a: Kyogre|72\/100\n|-damage|p2b: Tornadus|74\/100\n|-unboost|p2a: Kyogre|spa|1\n|\n|-weather|RainDance|[upkeep]\n|-heal|p1b: Wo-Chien|59\/100|[from] item: Leftovers\n|-damage|p2b: Tornadus|61\/100|[from] Leech Seed|[of] p1b: Wo-Chien\n|-heal|p1b: Wo-Chien|70\/100|[silent]\n|upkeep\n|turn|4\n|\n|t:|1739689305\n|switch|p2a: Chien-Pao|Chien-Pao, L50|100\/100\n|-ability|p2a: Chien-Pao|Sword of Ruin\n|move|p1a: Iron Crown|Expanding Force|p2b: Tornadus|[spread] p2b\n|-immune|p2a: Chien-Pao\n|-damage|p2b: Tornadus|5\/100\n|move|p2b: Tornadus|Bleakwind Storm|p1b: Wo-Chien|[spread] p1a,p1b\n|-resisted|p1a: Iron Crown\n|-crit|p1b: Wo-Chien\n|-damage|p1a: Iron Crown|69\/100\n|-damage|p1b: Wo-Chien|39\/100\n|-unboost|p1a: Iron Crown|spe|1\n|-unboost|p1b: Wo-Chien|spe|1\n|move|p1b: Wo-Chien|Leech Seed|p2a: Chien-Pao\n|-start|p2a: Chien-Pao|move: Leech Seed\n|\n|-weather|RainDance|[upkeep]\n|-heal|p1b: Wo-Chien|45\/100|[from] item: Leftovers\n|-damage|p2a: Chien-Pao|88\/100|[from] Leech Seed|[of] p1b: Wo-Chien\n|-heal|p1b: Wo-Chien|55\/100|[silent]\n|-damage|p2b: Tornadus|0 fnt|[from] Leech Seed|[of] p1b: Wo-Chien\n|-heal|p1b: Wo-Chien|59\/100|[silent]\n|faint|p2b: Tornadus\n|upkeep\n|\n|t:|1739689322\n|switch|p2b: Ursaluna|Ursaluna, L50, F|100\/100\n|turn|5\n|inactive|dominicex has 30 seconds left.\n|\n|t:|1739689350\n|move|p2a: Chien-Pao|Protect|p2a: Chien-Pao\n|-singleturn|p2a: Chien-Pao|Protect\n|move|p1a: Iron Crown|Tachyon Cutter|p2a: Chien-Pao\n|-activate|p2a: Chien-Pao|move: Protect\n|move|p2b: Ursaluna|Earthquake|p1b: Wo-Chien|[spread] p1a,p1b\n|-activate|p2a: Chien-Pao|move: Protect\n|-supereffective|p1a: Iron Crown\n|-supereffective|p1b: Wo-Chien\n|-damage|p1a: Iron Crown|0 fnt\n|-damage|p1b: Wo-Chien|3\/100\n|faint|p1a: Iron Crown\n|-end|p1a: Iron Crown|Quark Drive|[silent]\n|move|p1b: Wo-Chien|Knock Off|p2b: Ursaluna\n|-crit|p2b: Ursaluna\n|-damage|p2b: Ursaluna|62\/100\n|-enditem|p2b: Ursaluna|Flame Orb|[from] move: Knock Off|[of] p1b: Wo-Chien\n|\n|-weather|RainDance|[upkeep]\n|-heal|p1b: Wo-Chien|9\/100|[from] item: Leftovers\n|-damage|p2a: Chien-Pao|76\/100|[from] Leech Seed|[of] p1b: Wo-Chien\n|-heal|p1b: Wo-Chien|19\/100|[silent]\n|-fieldend|move: Psychic Terrain\n|upkeep\n|\n|t:|1739689369\n|switch|p1a: Koraidon|Koraidon, L50|100\/100\n|-weather|SunnyDay|[from] ability: Orichalcum Pulse|[of] p1a: Koraidon\n|-activate|p1a: Koraidon|Orichalcum Pulse|[source]\n|turn|6\n|\n|t:|1739689394\n|move|p1b: Wo-Chien|Protect|p1b: Wo-Chien\n|-singleturn|p1b: Wo-Chien|Protect\n|move|p1a: Koraidon|Breaking Swipe|p2b: Ursaluna|[spread] p2a,p2b\n|-damage|p2a: Chien-Pao|45\/100\n|-damage|p2b: Ursaluna|37\/100\n|-unboost|p2a: Chien-Pao|atk|1\n|-unboost|p2b: Ursaluna|atk|1\n|move|p2a: Chien-Pao|Ice Spinner|p1a: Koraidon\n|-supereffective|p1a: Koraidon\n|-damage|p1a: Koraidon|45\/100\n|move|p2b: Ursaluna|Headlong Rush|p1a: Koraidon\n|-damage|p1a: Koraidon|2\/100\n|-unboost|p2b: Ursaluna|def|1\n|-unboost|p2b: Ursaluna|spd|1\n|\n|-weather|SunnyDay|[upkeep]\n|-heal|p1b: Wo-Chien|25\/100|[from] item: Leftovers\n|-damage|p2a: Chien-Pao|33\/100|[from] Leech Seed|[of] p1b: Wo-Chien\n|-heal|p1b: Wo-Chien|35\/100|[silent]\n|upkeep\n|turn|7\n|inactive|pig duck eater has 30 seconds left.\n|\n|t:|1739689420\n|switch|p1b: Indeedee|Indeedee-F, L50, F|82\/100\n|-fieldstart|move: Psychic Terrain|[from] ability: Psychic Surge|[of] p1b: Indeedee\n|move|p2a: Chien-Pao|Protect|p2a: Chien-Pao\n|-singleturn|p2a: Chien-Pao|Protect\n|move|p1a: Koraidon|Breaking Swipe|p2a: Chien-Pao|[spread] p2b\n|-activate|p2a: Chien-Pao|move: Protect\n|-crit|p2b: Ursaluna\n|-damage|p2b: Ursaluna|0 fnt\n|faint|p2b: Ursaluna\n|\n|-weather|SunnyDay|[upkeep]\n|-damage|p2a: Chien-Pao|20\/100|[from] Leech Seed|[of] p1b: Indeedee\n|-heal|p1b: Indeedee|93\/100|[silent]\n|upkeep\n|\n|t:|1739689434\n|switch|p2b: Kyogre|Kyogre, L50, tera:Water|72\/100\n|-weather|RainDance|[from] ability: Drizzle|[of] p2b: Kyogre\n|turn|8\n|\n|t:|1739689456\n|move|p1a: Koraidon|Breaking Swipe|p2a: Chien-Pao|[spread] p2a,p2b\n|-damage|p2a: Chien-Pao|0 fnt\n|-damage|p2b: Kyogre|33\/100\n|-unboost|p2b: Kyogre|atk|1\n|faint|p2a: Chien-Pao\n|move|p2b: Kyogre|Water Spout|p1a: Koraidon|[spread] p1a,p1b\n|-resisted|p1a: Koraidon\n|-damage|p1a: Koraidon|0 fnt\n|-damage|p1b: Indeedee|51\/100\n|faint|p1a: Koraidon\n|move|p1b: Indeedee|Trick Room|p1b: Indeedee\n|-fieldstart|move: Trick Room|[of] p1b: Indeedee\n|\n|-weather|RainDance|[upkeep]\n|upkeep\n|\n|t:|1739689460\n|switch|p1a: Wo-Chien|Wo-Chien, L50, tera:Poison|35\/100\n|-ability|p1a: Wo-Chien|Tablets of Ruin\n|turn|9\n|\n|t:|1739689466\n|move|p1b: Indeedee|Dazzling Gleam|p2b: Kyogre\n|-damage|p2b: Kyogre|20\/100\n|move|p1a: Wo-Chien|Knock Off|p2b: Kyogre\n|-damage|p2b: Kyogre|0 fnt\n|-enditem|p2b: Kyogre|Choice Scarf|[from] move: Knock Off|[of] p1a: Wo-Chien\n|faint|p2b: Kyogre\n|\n|win|pig duck eater\n|raw|pig duck eater's rating: 1621 &rarr; <strong>1641<\/strong><br \/>(+20 for winning)\n|raw|dominicex's rating: 1622 &rarr; <strong>1602<\/strong><br \/>(-20 for losing)\n|l|\u2606pig duck eater\n|player|p1|\n|l|\u2606dominicex\n|player|p2|\n","uploadtime":1739689661,"views":11,"formatid":"gen9vgc2025regg","rating":1602,"private":0,"password":null}