{"id":"gen9vgc2025regg-2301207846","format":"[Gen 9] VGC 2025 Reg G","players":["longhq","Angelo Neres"],"log":"|j|\u203dlonghq\n|j|\u2606Angelo Neres\n|t:|1739617180\n|gametype|doubles\n|player|p1|longhq|dawn|1597\n|player|p2|Angelo Neres|102|1573\n|teamsize|p1|6\n|teamsize|p2|6\n|gen|9\n|tier|[Gen 9] VGC 2025 Reg G\n|rated|\n|rule|Species Clause: Limit one of each Pok\u00e9mon\n|rule|Item Clause: Limit 1 of each item\n|clearpoke\n|poke|p1|Raging Bolt, L50|\n|poke|p1|Koraidon, L50|\n|poke|p1|Jumpluff, L50, M|\n|poke|p1|Iron Bundle, L50|\n|poke|p1|Volcarona, L50, M|\n|poke|p1|Rillaboom, L50, F|\n|poke|p2|Groudon, L50|\n|poke|p2|Moltres-Galar, L50|\n|poke|p2|Scream Tail, L50|\n|poke|p2|Grimmsnarl, L50, M|\n|poke|p2|Cobalion, L50|\n|poke|p2|Amoonguss, L50, F|\n|teampreview|4\n|inactive|Battle timer is ON: inactive players will automatically lose when time's up. (requested by Angelo Neres)\n|j| Kaiju Krush\n|inactive|longhq has 60 seconds left.\n|inactive|Angelo Neres has 60 seconds left.\n|j| Mentalrofl\n|\n|t:|1739617237\n|start\n|switch|p1a: Jumpluff|Jumpluff, L50, M|100\/100\n|switch|p1b: Koraidon|Koraidon, L50|100\/100\n|switch|p2a: Grimmsnarl|Grimmsnarl, L50, M, shiny|100\/100\n|switch|p2b: Scream Tail|Scream Tail, L50, shiny|100\/100\n|-weather|SunnyDay|[from] ability: Orichalcum Pulse|[of] p1b: Koraidon\n|-activate|p2b: Scream Tail|ability: Protosynthesis\n|-start|p2b: Scream Tail|protosynthesisspe\n|-activate|p1b: Koraidon|Orichalcum Pulse|[source]\n|turn|1\n|inactive|longhq has 30 seconds left.\n|inactive|longhq has 20 seconds left.\n|\n|t:|1739617276\n|-terastallize|p1b: Koraidon|Fire\n|move|p2a: Grimmsnarl|Reflect|p2a: Grimmsnarl\n|-sidestart|p2: Angelo Neres|Reflect\n|move|p1a: Jumpluff|Tailwind|p1a: Jumpluff\n|-sidestart|p1: longhq|move: Tailwind\n|move|p1b: Koraidon|Flare Blitz|p2a: Grimmsnarl\n|-damage|p2a: Grimmsnarl|0 fnt\n|faint|p2a: Grimmsnarl\n|-damage|p1b: Koraidon|63\/100|[from] Recoil\n|move|p2b: Scream Tail|Ice Beam|p1a: Jumpluff\n|-supereffective|p1a: Jumpluff\n|-damage|p1a: Jumpluff|43\/100\n|\n|-weather|SunnyDay|[upkeep]\n|upkeep\n|\n|t:|1739617296\n|switch|p2a: Moltres|Moltres-Galar, L50, shiny|100\/100\n|turn|2\n|\n|t:|1739617308\n|move|p2a: Moltres|Protect|p2a: Moltres\n|-singleturn|p2a: Moltres|Protect\n|move|p1a: Jumpluff|Sleep Powder|p2b: Scream Tail\n|-status|p2b: Scream Tail|slp|[from] move: Sleep Powder\n|move|p1b: Koraidon|Flare Blitz|p2a: Moltres\n|-activate|p2a: Moltres|move: Protect\n|cant|p2b: Scream Tail|slp\n|\n|-weather|SunnyDay|[upkeep]\n|upkeep\n|turn|3\n|j| DragoniteSW\n|\n|t:|1739617332\n|move|p1a: Jumpluff|Pollen Puff|p1b: Koraidon\n|-heal|p1b: Koraidon|100\/100\n|move|p1b: Koraidon|Flare Blitz|p2a: Moltres\n|-damage|p2a: Moltres|0 fnt\n|faint|p2a: Moltres\n|-damage|p1b: Koraidon|64\/100|[from] Recoil\n|cant|p2b: Scream Tail|slp\n|\n|-weather|SunnyDay|[upkeep]\n|upkeep\n|\n|t:|1739617339\n|switch|p2a: Groudon|Groudon, L50, shiny|100\/100\n|turn|4\n|\n|t:|1739617352\n|-terastallize|p2a: Groudon|Fire\n|move|p1a: Jumpluff|Sleep Powder|p2a: Groudon\n|-status|p2a: Groudon|slp|[from] move: Sleep Powder\n|move|p1b: Koraidon|Flare Blitz|p2b: Scream Tail\n|-damage|p2b: Scream Tail|5\/100 slp\n|-damage|p1b: Koraidon|26\/100|[from] Recoil\n|-curestatus|p2b: Scream Tail|slp|[msg]\n|move|p2b: Scream Tail|Ice Beam|p1a: Jumpluff\n|-supereffective|p1a: Jumpluff\n|-damage|p1a: Jumpluff|0 fnt\n|faint|p1a: Jumpluff\n|cant|p2a: Groudon|slp\n|\n|-weather|SunnyDay|[upkeep]\n|-sideend|p1: longhq|move: Tailwind\n|upkeep\n|\n|t:|1739617366\n|switch|p1a: Iron Bundle|Iron Bundle, L50|100\/100\n|-enditem|p1a: Iron Bundle|Booster Energy\n|-activate|p1a: Iron Bundle|ability: Quark Drive|[fromitem]\n|-start|p1a: Iron Bundle|quarkdrivespe\n|turn|5\n|\n|t:|1739617387\n|switch|p1b: Volcarona|Volcarona, L50, M|100\/100\n|move|p1a: Iron Bundle|Icy Wind|p2a: Groudon|[spread] p2a,p2b\n|-resisted|p2a: Groudon\n|-damage|p2a: Groudon|95\/100 slp\n|-damage|p2b: Scream Tail|0 fnt\n|-unboost|p2a: Groudon|spe|1\n|faint|p2b: Scream Tail\n|-end|p2b: Scream Tail|Protosynthesis|[silent]\n|cant|p2a: Groudon|slp\n|\n|-weather|none\n|-sideend|p2: Angelo Neres|Reflect\n|upkeep\n|turn|6\n|\n|t:|1739617410\n|move|p1a: Iron Bundle|Freeze-Dry|p2a: Groudon\n|-resisted|p2a: Groudon\n|-damage|p2a: Groudon|86\/100 slp\n|move|p1b: Volcarona|Quiver Dance|p1b: Volcarona\n|-boost|p1b: Volcarona|spa|1\n|-boost|p1b: Volcarona|spd|1\n|-boost|p1b: Volcarona|spe|1\n|cant|p2a: Groudon|slp\n|\n|upkeep\n|turn|7\n|\n|t:|1739617422\n|move|p1a: Iron Bundle|Freeze-Dry|p2a: Groudon\n|-resisted|p2a: Groudon\n|-damage|p2a: Groudon|75\/100 slp\n|move|p1b: Volcarona|Quiver Dance|p1b: Volcarona\n|-boost|p1b: Volcarona|spa|1\n|-boost|p1b: Volcarona|spd|1\n|-boost|p1b: Volcarona|spe|1\n|-curestatus|p2a: Groudon|slp|[msg]\n|move|p2a: Groudon|Stone Edge|p1b: Volcarona\n|-supereffective|p1b: Volcarona\n|-damage|p1b: Volcarona|0 fnt\n|faint|p1b: Volcarona\n|\n|upkeep\n|\n|t:|1739617433\n|switch|p1b: Koraidon|Koraidon, L50, tera:Fire|26\/100\n|-weather|SunnyDay|[from] ability: Orichalcum Pulse|[of] p1b: Koraidon\n|-activate|p1b: Koraidon|Orichalcum Pulse|[source]\n|turn|8\n|j| mr pogostick\n|\n|t:|1739617441\n|move|p1a: Iron Bundle|Freeze-Dry|p2a: Groudon\n|-resisted|p2a: Groudon\n|-damage|p2a: Groudon|65\/100\n|move|p1b: Koraidon|Collision Course|p2a: Groudon\n|-damage|p2a: Groudon|0 fnt\n|faint|p2a: Groudon\n|\n|win|longhq\n|raw|longhq's rating: 1597 &rarr; <strong>1616<\/strong><br \/>(+19 for winning)\n|raw|Angelo Neres's rating: 1573 &rarr; <strong>1554<\/strong><br \/>(-19 for losing)\n|l| Mentalrofl\n|l| Kaiju Krush\n|l|\u2606Angelo Neres\n|player|p2|\n|l|\u203dlonghq\n|player|p1|\n|l| mr pogostick\n","uploadtime":1739617632,"views":8,"formatid":"gen9vgc2025regg","rating":1554,"private":0,"password":null}