{"id":"gen9vgc2025regg-2301643987","format":"[Gen 9] VGC 2025 Reg G","players":["JoyBoy311","pokemon69master420"],"log":"|j|\u2606JoyBoy311\n|j|\u2606pokemon69master420\n|t:|1739677589\n|gametype|doubles\n|player|p1|JoyBoy311|169|1558\n|player|p2|pokemon69master420|102|1542\n|teamsize|p1|6\n|teamsize|p2|6\n|gen|9\n|tier|[Gen 9] VGC 2025 Reg G\n|rated|\n|rule|Species Clause: Limit one of each Pok\u00e9mon\n|rule|Item Clause: Limit 1 of each item\n|clearpoke\n|poke|p1|Zamazenta-*, L50|\n|poke|p1|Chien-Pao, L50|\n|poke|p1|Dondozo, L50, F|\n|poke|p1|Raging Bolt, L50|\n|poke|p1|Ogerpon-Hearthflame, L50, F|\n|poke|p1|Ting-Lu, L50|\n|poke|p2|Whimsicott, L50, M|\n|poke|p2|Flutter Mane, L50|\n|poke|p2|Calyrex-Shadow, L50|\n|poke|p2|Iron Hands, L50|\n|poke|p2|Clefairy, L50, M|\n|poke|p2|Ogerpon-Cornerstone, L50, F|\n|teampreview|4\n|inactive|Battle timer is ON: inactive players will automatically lose when time's up. (requested by pokemon69master420)\n|inactive|pokemon69master420 has 60 seconds left.\n|inactive|JoyBoy311 has 60 seconds left.\n|\n|t:|1739677627\n|start\n|switch|p1a: Dondozo|Dondozo, L50, F|100\/100\n|switch|p1b: Ting-Lu|Ting-Lu, L50|100\/100\n|switch|p2a: Shamone Rider|Calyrex-Shadow, L50|100\/100\n|switch|p2b: Flotte-M\u00e8che|Flutter Mane, L50|100\/100\n|-ability|p2a: Shamone Rider|As One\n|-ability|p2a: Shamone Rider|Unnerve\n|-ability|p1b: Ting-Lu|Vessel of Ruin\n|turn|1\n|inactive|pokemon69master420 has 30 seconds left.\n|\n|t:|1739677654\n|move|p2a: Shamone Rider|Astral Barrage|p1b: Ting-Lu|[spread] p1a,p1b\n|-resisted|p1b: Ting-Lu\n|-damage|p1a: Dondozo|64\/100\n|-damage|p1b: Ting-Lu|85\/100\n|move|p2b: Flotte-M\u00e8che|Moonblast|p1b: Ting-Lu\n|-supereffective|p1b: Ting-Lu\n|-damage|p1b: Ting-Lu|18\/100\n|-unboost|p1b: Ting-Lu|spa|1\n|move|p1b: Ting-Lu|Sand Tomb|p2b: Flotte-M\u00e8che\n|-damage|p2b: Flotte-M\u00e8che|80\/100\n|-activate|p2b: Flotte-M\u00e8che|move: Sand Tomb|[of] p1b: Ting-Lu\n|move|p1a: Dondozo|Yawn|p2b: Flotte-M\u00e8che\n|-start|p2b: Flotte-M\u00e8che|move: Yawn|[of] p1a: Dondozo\n|\n|-heal|p1a: Dondozo|70\/100|[from] item: Leftovers\n|-damage|p2b: Flotte-M\u00e8che|67\/100|[from] move: Sand Tomb|[partiallytrapped]\n|upkeep\n|turn|2\n|inactive|pokemon69master420 has 30 seconds left.\n|j| Not Kaya\n|j| futonkagebunshin\n|inactive|pokemon69master420 has 20 seconds left.\n|inactive|pokemon69master420 has 15 seconds left.\n|\n|t:|1739677699\n|-end|p2b: Flotte-M\u00e8che|Protosynthesis|[silent]\n|switch|p2b: Fisto|Iron Hands, L50, shiny|100\/100\n|-terastallize|p2a: Shamone Rider|Water\n|move|p1b: Ting-Lu|Protect|p1b: Ting-Lu\n|-singleturn|p1b: Ting-Lu|Protect\n|move|p1a: Dondozo|Protect|p1a: Dondozo\n|-singleturn|p1a: Dondozo|Protect\n|move|p2a: Shamone Rider|Tera Blast|p1b: Ting-Lu|[anim] Tera Blast Water\n|-activate|p1b: Ting-Lu|move: Protect\n|\n|-heal|p1a: Dondozo|76\/100|[from] item: Leftovers\n|upkeep\n|turn|3\n|\n|t:|1739677719\n|switch|p1b: Raging Bolt|Raging Bolt, L50|100\/100\n|-enditem|p1b: Raging Bolt|Booster Energy\n|-activate|p1b: Raging Bolt|ability: Protosynthesis|[fromitem]\n|-start|p1b: Raging Bolt|protosynthesisspa\n|move|p2b: Fisto|Fake Out|p1a: Dondozo\n|-damage|p1a: Dondozo|68\/100\n|move|p2a: Shamone Rider|Tera Blast|p1b: Raging Bolt|[anim] Tera Blast Water\n|-resisted|p1b: Raging Bolt\n|-damage|p1b: Raging Bolt|80\/100\n|cant|p1a: Dondozo|flinch\n|\n|-heal|p1a: Dondozo|74\/100|[from] item: Leftovers\n|upkeep\n|turn|4\n|inactive|JoyBoy311 has 30 seconds left.\n|\n|t:|1739677746\n|move|p2a: Shamone Rider|Protect|p2a: Shamone Rider\n|-singleturn|p2a: Shamone Rider|Protect\n|move|p1b: Raging Bolt|Thunderbolt|p2a: Shamone Rider\n|-activate|p2a: Shamone Rider|move: Protect\n|move|p2b: Fisto|Low Kick|p1b: Raging Bolt\n|-damage|p1b: Raging Bolt|28\/100\n|move|p1a: Dondozo|Yawn|p2b: Fisto\n|-start|p2b: Fisto|move: Yawn|[of] p1a: Dondozo\n|\n|-heal|p1a: Dondozo|81\/100|[from] item: Leftovers\n|upkeep\n|turn|5\n|\n|t:|1739677758\n|-end|p2b: Fisto|Quark Drive|[silent]\n|switch|p2b: Piepi|Clefairy, L50, M, shiny|100\/100\n|move|p1b: Raging Bolt|Protect|p1b: Raging Bolt\n|-singleturn|p1b: Raging Bolt|Protect\n|move|p2a: Shamone Rider|Astral Barrage|p1b: Raging Bolt|[spread] p1a\n|-activate|p1b: Raging Bolt|move: Protect\n|-damage|p1a: Dondozo|38\/100\n|move|p1a: Dondozo|Yawn|p2a: Shamone Rider\n|-start|p2a: Shamone Rider|move: Yawn|[of] p1a: Dondozo\n|\n|-heal|p1a: Dondozo|44\/100|[from] item: Leftovers\n|upkeep\n|turn|6\n|\n|t:|1739677782\n|switch|p2a: Flotte-M\u00e8che|Flutter Mane, L50|67\/100\n|-end|p1b: Raging Bolt|Protosynthesis|[silent]\n|switch|p1b: Ting-Lu|Ting-Lu, L50|18\/100\n|-ability|p1b: Ting-Lu|Vessel of Ruin\n|move|p1a: Dondozo|Protect|p1a: Dondozo\n|-singleturn|p1a: Dondozo|Protect\n|move|p2b: Piepi|Follow Me|p2b: Piepi\n|-singleturn|p2b: Piepi|move: Follow Me\n|\n|-heal|p1a: Dondozo|50\/100|[from] item: Leftovers\n|upkeep\n|turn|7\n|\n|t:|1739677796\n|move|p2b: Piepi|Helping Hand|p2a: Flotte-M\u00e8che\n|-singleturn|p2a: Flotte-M\u00e8che|Helping Hand|[of] p2b: Piepi\n|move|p2a: Flotte-M\u00e8che|Dazzling Gleam|p1a: Dondozo|[spread] p1a,p1b\n|-supereffective|p1b: Ting-Lu\n|-damage|p1a: Dondozo|13\/100\n|-damage|p1b: Ting-Lu|0 fnt\n|faint|p1b: Ting-Lu\n|move|p1a: Dondozo|Fissure|p2b: Piepi|[miss]\n|-miss|p1a: Dondozo|p2b: Piepi\n|\n|-heal|p1a: Dondozo|19\/100|[from] item: Leftovers\n|upkeep\n|\n|t:|1739677802\n|switch|p1b: Zamazenta|Zamazenta-Crowned, L50|100\/100\n|-ability|p1b: Zamazenta|Dauntless Shield|boost\n|-boost|p1b: Zamazenta|def|1\n|turn|8\n|\n|t:|1739677823\n|switch|p2b: Fisto|Iron Hands, L50, shiny|100\/100\n|move|p1a: Dondozo|Protect|p1a: Dondozo\n|-singleturn|p1a: Dondozo|Protect\n|move|p1b: Zamazenta|Behemoth Bash|p2b: Fisto\n|-resisted|p2b: Fisto\n|-damage|p2b: Fisto|87\/100\n|move|p2a: Flotte-M\u00e8che|Dazzling Gleam|p1a: Dondozo|[spread] p1b\n|-activate|p1a: Dondozo|move: Protect\n|-damage|p1b: Zamazenta|66\/100\n|\n|-heal|p1a: Dondozo|25\/100|[from] item: Leftovers\n|upkeep\n|turn|9\n|\n|t:|1739677847\n|move|p1b: Zamazenta|Protect|p1b: Zamazenta\n|-singleturn|p1b: Zamazenta|Protect\n|move|p2b: Fisto|Fake Out|p1b: Zamazenta\n|-activate|p1b: Zamazenta|move: Protect\n|move|p2a: Flotte-M\u00e8che|Dazzling Gleam|p1b: Zamazenta|[spread] p1a\n|-activate|p1b: Zamazenta|move: Protect\n|-damage|p1a: Dondozo|0 fnt\n|faint|p1a: Dondozo\n|\n|upkeep\n|\n|t:|1739677855\n|switch|p1a: Raging Bolt|Raging Bolt, L50|28\/100\n|turn|10\n|\n|t:|1739677873\n|-terastallize|p1a: Raging Bolt|Electric\n|move|p1a: Raging Bolt|Thunderclap|p2a: Flotte-M\u00e8che\n|-damage|p2a: Flotte-M\u00e8che|21\/100\n|move|p1b: Zamazenta|Body Press|p2b: Fisto\n|-damage|p2b: Fisto|38\/100\n|move|p2a: Flotte-M\u00e8che|Dazzling Gleam|p1b: Zamazenta|[spread] p1a,p1b\n|-damage|p1a: Raging Bolt|0 fnt\n|-damage|p1b: Zamazenta|30\/100\n|faint|p1a: Raging Bolt\n|-end|p1a: Raging Bolt|Protosynthesis|[silent]\n|move|p2b: Fisto|Low Kick|p1b: Zamazenta\n|-supereffective|p1b: Zamazenta\n|-damage|p1b: Zamazenta|0 fnt\n|faint|p1b: Zamazenta\n|\n|win|pokemon69master420\n|raw|JoyBoy311's rating: 1558 &rarr; <strong>1537<\/strong><br \/>(-21 for losing)\n|raw|pokemon69master420's rating: 1542 &rarr; <strong>1563<\/strong><br \/>(+21 for winning)\n|l| Not Kaya\n|l|\u2606JoyBoy311\n|player|p1|\n","uploadtime":1739678108,"views":7,"formatid":"gen9vgc2025regg","rating":1537,"private":0,"password":null}