{"id":"gen9vgc2025regg-2301854031","format":"[Gen 9] VGC 2025 Reg G","players":["pokequimico","jecheonjo"],"log":"|j|\u2606pokequimico\n|j|\u2606jecheonjo\n|t:|1739717340\n|gametype|doubles\n|player|p1|pokequimico|lucas|1593\n|player|p2|jecheonjo|steven|1747\n|teamsize|p1|6\n|teamsize|p2|6\n|gen|9\n|tier|[Gen 9] VGC 2025 Reg G\n|rated|\n|rule|Species Clause: Limit one of each Pok\u00e9mon\n|rule|Item Clause: Limit 1 of each item\n|clearpoke\n|poke|p1|Flutter Mane, L50|\n|poke|p1|Zamazenta-*, L50|\n|poke|p1|Chi-Yu, L50|\n|poke|p1|Raging Bolt, L50|\n|poke|p1|Rillaboom, L50, F|\n|poke|p1|Ditto, L50|\n|poke|p2|Terapagos, L50, M|\n|poke|p2|Tornadus, L50, M|\n|poke|p2|Incineroar, L50, M|\n|poke|p2|Amoonguss, L50, F|\n|poke|p2|Flutter Mane, L50|\n|poke|p2|Urshifu-*, L50, M|\n|teampreview|4\n|inactive|Battle timer is ON: inactive players will automatically lose when time's up. (requested by pokequimico)\n|\n|t:|1739717361\n|start\n|switch|p1a: Raging Bolt|Raging Bolt, L50|100\/100\n|switch|p1b: Chi-Yu|Chi-Yu, L50|100\/100\n|switch|p2a: Flutter Mane|Flutter Mane, L50|100\/100\n|switch|p2b: Tornadus|Tornadus, L50, M|100\/100\n|-ability|p1b: Chi-Yu|Beads of Ruin\n|turn|1\n|\n|t:|1739717383\n|move|p1a: Raging Bolt|Protect|p1a: Raging Bolt\n|-singleturn|p1a: Raging Bolt|Protect\n|move|p2b: Tornadus|Tailwind|p2b: Tornadus\n|-sidestart|p2: jecheonjo|move: Tailwind\n|move|p2a: Flutter Mane|Power Gem|p1b: Chi-Yu\n|-supereffective|p1b: Chi-Yu\n|-damage|p1b: Chi-Yu|7\/100\n|move|p1b: Chi-Yu|Heat Wave|p2a: Flutter Mane|[spread] p2a,p2b\n|-damage|p2a: Flutter Mane|49\/100\n|-damage|p2b: Tornadus|24\/100\n|\n|upkeep\n|turn|2\n|\n|t:|1739717398\n|-end|p2a: Flutter Mane|Protosynthesis|[silent]\n|switch|p2a: Amoonguss|Amoonguss, L50, F|100\/100\n|move|p2b: Tornadus|Rain Dance|p2b: Tornadus\n|-weather|RainDance\n|move|p1a: Raging Bolt|Thunderclap||[still]\n|-fail|p1a: Raging Bolt\n|move|p1b: Chi-Yu|Heat Wave|p2a: Amoonguss|[spread] p2a,p2b\n|-supereffective|p2a: Amoonguss\n|-damage|p2a: Amoonguss|56\/100\n|-damage|p2b: Tornadus|0 fnt\n|faint|p2b: Tornadus\n|\n|-weather|RainDance|[upkeep]\n|upkeep\n|\n|t:|1739717408\n|switch|p2b: Flutter Mane|Flutter Mane, L50|49\/100\n|turn|3\n|inactive|jecheonjo has 30 seconds left.\n|\n|t:|1739717433\n|move|p1a: Raging Bolt|Protect|p1a: Raging Bolt\n|-singleturn|p1a: Raging Bolt|Protect\n|move|p2a: Amoonguss|Protect|p2a: Amoonguss\n|-singleturn|p2a: Amoonguss|Protect\n|move|p2b: Flutter Mane|Dazzling Gleam|p1b: Chi-Yu|[spread] p1b\n|-activate|p1a: Raging Bolt|move: Protect\n|-damage|p1b: Chi-Yu|0 fnt\n|faint|p1b: Chi-Yu\n|\n|-weather|RainDance|[upkeep]\n|upkeep\n|\n|t:|1739717443\n|switch|p1b: Zamazenta|Zamazenta-Crowned, L50|100\/100\n|-ability|p1b: Zamazenta|Dauntless Shield|boost\n|-boost|p1b: Zamazenta|def|1\n|turn|4\n|\n|t:|1739717464\n|-end|p2b: Flutter Mane|Protosynthesis|[silent]\n|switch|p2b: Urshifu|Urshifu-Rapid-Strike, L50, M|100\/100\n|-terastallize|p1a: Raging Bolt|Fairy\n|-terastallize|p2a: Amoonguss|Fairy\n|move|p1b: Zamazenta|Protect|p1b: Zamazenta\n|-singleturn|p1b: Zamazenta|Protect\n|move|p1a: Raging Bolt|Draco Meteor|p2a: Amoonguss\n|-immune|p2a: Amoonguss\n|move|p2a: Amoonguss|Spore|p1a: Raging Bolt\n|-status|p1a: Raging Bolt|slp|[from] move: Spore\n|\n|-weather|RainDance|[upkeep]\n|-sideend|p2: jecheonjo|move: Tailwind\n|upkeep\n|turn|5\n|\n|t:|1739717488\n|cant|p1a: Raging Bolt|slp\n|move|p1b: Zamazenta|Behemoth Bash|p2a: Amoonguss\n|-supereffective|p2a: Amoonguss\n|-damage|p2a: Amoonguss|0 fnt\n|faint|p2a: Amoonguss\n|move|p2b: Urshifu|Surging Strikes|p1b: Zamazenta\n|-crit|p1b: Zamazenta\n|-damage|p1b: Zamazenta|75\/100\n|-crit|p1b: Zamazenta\n|-damage|p1b: Zamazenta|51\/100\n|-crit|p1b: Zamazenta\n|-damage|p1b: Zamazenta|27\/100\n|-hitcount|p1b: Zamazenta|3\n|\n|-weather|RainDance|[upkeep]\n|upkeep\n|\n|t:|1739717498\n|switch|p2a: Flutter Mane|Flutter Mane, L50|49\/100\n|turn|6\n|\n|t:|1739717509\n|cant|p1a: Raging Bolt|slp\n|move|p2a: Flutter Mane|Dazzling Gleam|p1a: Raging Bolt|[spread] p1a,p1b\n|-damage|p1a: Raging Bolt|59\/100 slp\n|-damage|p1b: Zamazenta|0 fnt\n|faint|p1b: Zamazenta\n|move|p2b: Urshifu|Surging Strikes|p1a: Raging Bolt\n|-crit|p1a: Raging Bolt\n|-damage|p1a: Raging Bolt|23\/100 slp\n|-crit|p1a: Raging Bolt\n|-damage|p1a: Raging Bolt|0 fnt\n|faint|p1a: Raging Bolt\n|-end|p1a: Raging Bolt|Protosynthesis|[silent]\n|-hitcount|p1: Raging Bolt|2\n|\n|-weather|none\n|upkeep\n|\n|t:|1739717515\n|switch|p1b: Ditto|Ditto, L50, shiny|100\/100\n|-transform|p1b: Ditto|p2a: Flutter Mane|[from] ability: Imposter\n|turn|7\n|\n|t:|1739717528\n|move|p2b: Urshifu|Aqua Jet|p1b: Ditto\n|-damage|p1b: Ditto|60\/100\n|move|p2a: Flutter Mane|Dazzling Gleam|p1b: Ditto\n|-damage|p1b: Ditto|5\/100\n|move|p1b: Ditto|Dazzling Gleam|p2a: Flutter Mane|[spread] p2a,p2b\n|-supereffective|p2b: Urshifu\n|-damage|p2a: Flutter Mane|20\/100\n|-damage|p2b: Urshifu|35\/100\n|\n|upkeep\n|turn|8\n|-message|pokequimico forfeited.\n|\n|win|jecheonjo\n|raw|pokequimico's rating: 1593 &rarr; <strong>1581<\/strong><br \/>(-12 for losing)\n|raw|jecheonjo's rating: 1747 &rarr; <strong>1759<\/strong><br \/>(+12 for winning)\n|l|\u2606pokequimico\n|player|p1|\n|l|\u2606jecheonjo\n|player|p2|\n","uploadtime":1739717685,"views":5,"formatid":"gen9vgc2025regg","rating":1581,"private":0,"password":null}