{"id":"gen9vgc2025regg-2301546030","format":"[Gen 9] VGC 2025 Reg G","players":["NyxArcana13","ApoVGC"],"log":"|j|\u2606NyxArcana13\n|j|\u2606ApoVGC\n|t:|1739663936\n|gametype|doubles\n|player|p1|NyxArcana13|grimsley|1586\n|player|p2|ApoVGC|101|1553\n|teamsize|p1|6\n|teamsize|p2|6\n|gen|9\n|tier|[Gen 9] VGC 2025 Reg G\n|rated|\n|rule|Species Clause: Limit one of each Pok\u00e9mon\n|rule|Item Clause: Limit 1 of each item\n|clearpoke\n|poke|p1|Kyogre, L50|\n|poke|p1|Wo-Chien, L50|\n|poke|p1|Incineroar, L50, F|\n|poke|p1|Landorus, L50, M|\n|poke|p1|Grimmsnarl, L50, M|\n|poke|p1|Roaring Moon, L50|\n|poke|p2|Calyrex-Shadow, L50|\n|poke|p2|Amoonguss, L50, M|\n|poke|p2|Tornadus, L50, M|\n|poke|p2|Indeedee-F, L50, F|\n|poke|p2|Urshifu-*, L50, M|\n|poke|p2|Chi-Yu, L50|\n|teampreview|4\n|inactive|Battle timer is ON: inactive players will automatically lose when time's up. (requested by NyxArcana13)\n|inactive|NyxArcana13 has 60 seconds left.\n|inactive|ApoVGC has 60 seconds left.\n|\n|t:|1739663979\n|start\n|switch|p1a: Roaring Moon|Roaring Moon, L50|100\/100\n|switch|p1b: Landorus|Landorus, L50, M|100\/100\n|switch|p2a: Urshifu|Urshifu-Rapid-Strike, L50, M|100\/100\n|switch|p2b: Amoonguss|Amoonguss, L50, M, shiny|100\/100\n|-enditem|p1a: Roaring Moon|Booster Energy\n|-activate|p1a: Roaring Moon|ability: Protosynthesis|[fromitem]\n|-start|p1a: Roaring Moon|protosynthesisspe\n|turn|1\n|\n|t:|1739663993\n|-terastallize|p1b: Landorus|Water\n|-terastallize|p2b: Amoonguss|Water\n|move|p2b: Amoonguss|Rage Powder|p2b: Amoonguss\n|-singleturn|p2b: Amoonguss|move: Rage Powder\n|move|p1a: Roaring Moon|Tailwind|p1a: Roaring Moon\n|-sidestart|p1: NyxArcana13|move: Tailwind\n|move|p1b: Landorus|Sandsear Storm|p2b: Amoonguss|[spread] p2a,p2b\n|-damage|p2a: Urshifu|8\/100\n|-damage|p2b: Amoonguss|47\/100\n|move|p2a: Urshifu|Surging Strikes|p1b: Landorus\n|-resisted|p1b: Landorus\n|-crit|p1b: Landorus\n|-damage|p1b: Landorus|87\/100\n|-resisted|p1b: Landorus\n|-crit|p1b: Landorus\n|-damage|p1b: Landorus|74\/100\n|-resisted|p1b: Landorus\n|-crit|p1b: Landorus\n|-damage|p1b: Landorus|61\/100\n|-hitcount|p1b: Landorus|3\n|\n|upkeep\n|turn|2\n|\n|t:|1739664012\n|move|p2a: Urshifu|Detect|p2a: Urshifu\n|-singleturn|p2a: Urshifu|Protect\n|move|p1a: Roaring Moon|Breaking Swipe|p2a: Urshifu|[spread] p2b\n|-activate|p2a: Urshifu|move: Protect\n|-crit|p2b: Amoonguss\n|-damage|p2b: Amoonguss|20\/100\n|-unboost|p2b: Amoonguss|atk|1\n|-damage|p1a: Roaring Moon|84\/100|[from] item: Rocky Helmet|[of] p2b: Amoonguss\n|move|p1b: Landorus|Earth Power|p2b: Amoonguss\n|-damage|p2b: Amoonguss|0 fnt\n|faint|p2b: Amoonguss\n|\n|upkeep\n|\n|t:|1739664024\n|switch|p2b: Indeedee|Indeedee-F, L50, F|100\/100\n|-fieldstart|move: Psychic Terrain|[from] ability: Psychic Surge|[of] p2b: Indeedee\n|-enditem|p2b: Indeedee|Psychic Seed\n|-boost|p2b: Indeedee|spd|1|[from] item: Psychic Seed\n|turn|3\n|\n|t:|1739664031\n|move|p1a: Roaring Moon|Knock Off|p2b: Indeedee\n|-supereffective|p2b: Indeedee\n|-damage|p2b: Indeedee|43\/100\n|move|p1b: Landorus|Sandsear Storm|p2b: Indeedee|[spread] p2b\n|-miss|p1b: Landorus|p2a: Urshifu\n|-damage|p2b: Indeedee|1\/100\n|move|p2a: Urshifu|Close Combat|p1a: Roaring Moon\n|-supereffective|p1a: Roaring Moon\n|-damage|p1a: Roaring Moon|0 fnt\n|-unboost|p2a: Urshifu|def|1\n|-unboost|p2a: Urshifu|spd|1\n|faint|p1a: Roaring Moon\n|-end|p1a: Roaring Moon|Protosynthesis|[silent]\n|move|p2b: Indeedee|Trick Room|p2b: Indeedee\n|-fieldstart|move: Trick Room|[of] p2b: Indeedee\n|\n|upkeep\n|c|\u2606NyxArcana13|lol\n|\n|t:|1739664051\n|switch|p1a: Wo-Chien|Wo-Chien, L50|100\/100\n|-ability|p1a: Wo-Chien|Tablets of Ruin\n|turn|4\n|\n|t:|1739664066\n|move|p2b: Indeedee|Helping Hand|p2a: Urshifu\n|-singleturn|p2a: Urshifu|Helping Hand|[of] p2b: Indeedee\n|move|p2a: Urshifu|Close Combat|p1a: Wo-Chien\n|-supereffective|p1a: Wo-Chien\n|-damage|p1a: Wo-Chien|0 fnt\n|-unboost|p2a: Urshifu|def|1\n|-unboost|p2a: Urshifu|spd|1\n|faint|p1a: Wo-Chien\n|move|p1b: Landorus|Sandsear Storm|p2b: Indeedee|[spread] p2a\n|-miss|p1b: Landorus|p2b: Indeedee\n|-damage|p2a: Urshifu|0 fnt\n|faint|p2a: Urshifu\n|\n|-sideend|p1: NyxArcana13|move: Tailwind\n|upkeep\n|\n|t:|1739664073\n|switch|p1a: Kyogre|Kyogre, L50, shiny|100\/100\n|switch|p2a: Calyrex|Calyrex-Shadow, L50|100\/100\n|-ability|p2a: Calyrex|As One\n|-ability|p2a: Calyrex|Unnerve\n|-weather|RainDance|[from] ability: Drizzle|[of] p1a: Kyogre\n|turn|5\n|\n|t:|1739664091\n|move|p2b: Indeedee|Helping Hand|p2a: Calyrex\n|-singleturn|p2a: Calyrex|Helping Hand|[of] p2b: Indeedee\n|move|p1a: Kyogre|Water Spout|p2b: Indeedee|[spread] p2a,p2b\n|-damage|p2a: Calyrex|3\/100\n|-damage|p2b: Indeedee|0 fnt\n|faint|p2b: Indeedee\n|move|p1b: Landorus|Earth Power|p2a: Calyrex\n|-damage|p2a: Calyrex|0 fnt\n|faint|p2a: Calyrex\n|\n|win|NyxArcana13\n|raw|NyxArcana13's rating: 1586 &rarr; <strong>1604<\/strong><br \/>(+18 for winning)\n|raw|ApoVGC's rating: 1553 &rarr; <strong>1535<\/strong><br \/>(-18 for losing)\n|c|\u2606NyxArcana13|gg\n|l|\u2606ApoVGC\n|player|p2|\n|l|\u2606NyxArcana13\n|player|p1|\n","uploadtime":1739664243,"views":5,"formatid":"gen9vgc2025regg","rating":1535,"private":0,"password":null}