{"id":"gen9vgc2025regg-2301560842","format":"[Gen 9] VGC 2025 Reg G","players":["ApoVGC","Rabble!"],"log":"|j|\u2606ApoVGC\n|j|\u2606Rabble!\n|t:|1739665933\n|gametype|doubles\n|player|p1|ApoVGC|101|1632\n|player|p2|Rabble!|101|1637\n|teamsize|p1|6\n|teamsize|p2|6\n|gen|9\n|tier|[Gen 9] VGC 2025 Reg G\n|rated|\n|rule|Species Clause: Limit one of each Pok\u00e9mon\n|rule|Item Clause: Limit 1 of each item\n|clearpoke\n|poke|p1|Calyrex-Shadow, L50|\n|poke|p1|Amoonguss, L50, M|\n|poke|p1|Tornadus, L50, M|\n|poke|p1|Indeedee-F, L50, F|\n|poke|p1|Urshifu-*, L50, M|\n|poke|p1|Chi-Yu, L50|\n|poke|p2|Terapagos, L50, M|\n|poke|p2|Thundurus, L50, M|\n|poke|p2|Comfey, L50, F|\n|poke|p2|Rillaboom, L50, M|\n|poke|p2|Glimmora, L50, F|\n|poke|p2|Chi-Yu, L50|\n|teampreview|4\n|inactive|Battle timer is ON: inactive players will automatically lose when time's up. (requested by ApoVGC)\n|\n|t:|1739665967\n|start\n|switch|p1a: Chi-Yu|Chi-Yu, L50|100\/100\n|switch|p1b: Urshifu|Urshifu-Rapid-Strike, L50, M|100\/100\n|switch|p2a: Terapagos|Terapagos, L50, M|100\/100\n|switch|p2b: Thundurus|Thundurus, L50, M|100\/100\n|-activate|p2a: Terapagos|ability: Tera Shift\n|detailschange|p2a: Terapagos|Terapagos-Terastal, L50, M\n|-heal|p2a: Terapagos|100\/100|[silent]\n|-ability|p1a: Chi-Yu|Beads of Ruin\n|turn|1\n|inactive|Rabble! has 30 seconds left.\n|\n|t:|1739665997\n|-terastallize|p1b: Urshifu|Stellar\n|move|p2b: Thundurus|Thunder Wave|p1b: Urshifu\n|-status|p1b: Urshifu|par\n|move|p1a: Chi-Yu|Heat Wave|p2a: Terapagos|[spread] p2a\n|-miss|p1a: Chi-Yu|p2b: Thundurus\n|-activate|p2a: Terapagos|ability: Tera Shell\n|-resisted|p2a: Terapagos\n|-damage|p2a: Terapagos|80\/100\n|move|p2a: Terapagos|Tera Starstorm|p1b: Urshifu\n|-damage|p1b: Urshifu|11\/100 par\n|move|p1b: Urshifu|Close Combat|p2a: Terapagos\n|-supereffective|p2a: Terapagos\n|-damage|p2a: Terapagos|0 fnt\n|-unboost|p1b: Urshifu|def|1\n|-unboost|p1b: Urshifu|spd|1\n|faint|p2a: Terapagos\n|\n|upkeep\n|\n|t:|1739666004\n|switch|p2a: Rillaboom|Rillaboom, L50, M|100\/100\n|-fieldstart|move: Grassy Terrain|[from] ability: Grassy Surge|[of] p2a: Rillaboom\n|turn|2\n|\n|t:|1739666017\n|switch|p1b: Indeedee|Indeedee-F, L50, F|100\/100\n|-fieldstart|move: Psychic Terrain|[from] ability: Psychic Surge|[of] p1b: Indeedee\n|-enditem|p1b: Indeedee|Psychic Seed\n|-boost|p1b: Indeedee|spd|1|[from] item: Psychic Seed\n|move|p2a: Rillaboom|Fake Out|p1a: Chi-Yu\n|-activate|p1a: Chi-Yu|move: Psychic Terrain\n|move|p1a: Chi-Yu|Heat Wave|p2a: Rillaboom|[spread] p2a,p2b\n|-supereffective|p2a: Rillaboom\n|-damage|p2a: Rillaboom|33\/100\n|-damage|p2b: Thundurus|49\/100\n|move|p2b: Thundurus|Wildbolt Storm|p1a: Chi-Yu|[spread] p1a\n|-miss|p2b: Thundurus|p1b: Indeedee\n|-damage|p1a: Chi-Yu|64\/100\n|\n|upkeep\n|turn|3\n|\n|t:|1739666041\n|-terastallize|p2a: Rillaboom|Water\n|move|p1b: Indeedee|Helping Hand|p1a: Chi-Yu\n|-singleturn|p1a: Chi-Yu|Helping Hand|[of] p1b: Indeedee\n|move|p1a: Chi-Yu|Heat Wave|p2b: Thundurus|[spread] p2a\n|-miss|p1a: Chi-Yu|p2b: Thundurus\n|-resisted|p2a: Rillaboom\n|-damage|p2a: Rillaboom|7\/100\n|move|p2b: Thundurus|Wildbolt Storm|p1a: Chi-Yu|[spread] p1a,p1b\n|-damage|p1a: Chi-Yu|24\/100\n|-damage|p1b: Indeedee|73\/100\n|-status|p1b: Indeedee|par\n|move|p2a: Rillaboom|U-turn|p1b: Indeedee\n|-supereffective|p1b: Indeedee\n|-damage|p1b: Indeedee|28\/100 par\n|j| Meiser63\n|\n|t:|1739666054\n|switch|p2a: Comfey|Comfey, L50, F|100\/100|[from] U-turn\n|\n|upkeep\n|turn|4\n|\n|t:|1739666062\n|cant|p1b: Indeedee|par\n|move|p2a: Comfey|Floral Healing|p2b: Thundurus\n|-heal|p2b: Thundurus|99\/100\n|move|p1a: Chi-Yu|Heat Wave|p2a: Comfey|[spread] p2b\n|-miss|p1a: Chi-Yu|p2a: Comfey\n|-damage|p2b: Thundurus|50\/100\n|move|p2b: Thundurus|Wildbolt Storm|p1b: Indeedee|[spread] p1a,p1b\n|-damage|p1a: Chi-Yu|0 fnt\n|-damage|p1b: Indeedee|0 fnt\n|faint|p1a: Chi-Yu\n|faint|p1b: Indeedee\n|\n|upkeep\n|\n|t:|1739666068\n|switch|p1a: Calyrex|Calyrex-Shadow, L50|100\/100\n|switch|p1b: Urshifu|Urshifu-Rapid-Strike, L50, M, tera:Stellar|11\/100 par\n|-ability|p1a: Calyrex|As One\n|-ability|p1a: Calyrex|Unnerve\n|turn|5\n|\n|t:|1739666084\n|switch|p2b: Rillaboom|Rillaboom, L50, M, tera:Water|7\/100\n|-fieldstart|move: Grassy Terrain|[from] ability: Grassy Surge|[of] p2b: Rillaboom\n|move|p2a: Comfey|Draining Kiss|p1b: Urshifu\n|-supereffective|p1b: Urshifu\n|-damage|p1b: Urshifu|0 fnt\n|faint|p1b: Urshifu\n|move|p1a: Calyrex|Astral Barrage|p2a: Comfey|[spread] p2a,p2b\n|-damage|p2a: Comfey|30\/100\n|-damage|p2b: Rillaboom|0 fnt\n|faint|p2b: Rillaboom\n|-ability|p1a: Calyrex|Grim Neigh|boost\n|-boost|p1a: Calyrex|spa|1\n|-damage|p1a: Calyrex|91\/100|[from] item: Life Orb\n|\n|-heal|p1a: Calyrex|96\/100|[from] Grassy Terrain\n|-heal|p2a: Comfey|36\/100|[from] Grassy Terrain\n|upkeep\n|\n|t:|1739666094\n|switch|p2b: Thundurus|Thundurus, L50, M|50\/100\n|turn|6\n|\n|t:|1739666110\n|move|p2a: Comfey|Floral Healing|p2b: Thundurus\n|-heal|p2b: Thundurus|100\/100\n|move|p2b: Thundurus|Thunder Wave|p1a: Calyrex\n|-status|p1a: Calyrex|par\n|move|p1a: Calyrex|Astral Barrage|p2b: Thundurus|[spread] p2a,p2b\n|-damage|p2a: Comfey|0 fnt\n|-damage|p2b: Thundurus|0 fnt\n|faint|p2a: Comfey\n|faint|p2b: Thundurus\n|-damage|p1a: Calyrex|87\/100 par|[from] item: Life Orb\n|\n|win|ApoVGC\n|raw|ApoVGC's rating: 1632 &rarr; <strong>1652<\/strong><br \/>(+20 for winning)\n|raw|Rabble!'s rating: 1637 &rarr; <strong>1617<\/strong><br \/>(-20 for losing)\n|l|\u2606Rabble!\n|player|p2|\n|l|\u2606ApoVGC\n|player|p1|\n|l| Meiser63\n","uploadtime":1739666312,"views":9,"formatid":"gen9vgc2025regg","rating":1617,"private":0,"password":null}