{"id":"gen9vgc2025regg-2301113794","format":"[Gen 9] VGC 2025 Reg G","players":["patagonia fleece","Ayae.Hakamada"],"log":"|j|\u2606patagonia fleece\n|j|\u2606Ayae.Hakamada\n|t:|1739596368\n|gametype|doubles\n|player|p1|patagonia fleece|roughneck|1554\n|player|p2|Ayae.Hakamada|skyla|1565\n|teamsize|p1|6\n|teamsize|p2|6\n|gen|9\n|tier|[Gen 9] VGC 2025 Reg G\n|rated|\n|rule|Species Clause: Limit one of each Pok\u00e9mon\n|rule|Item Clause: Limit 1 of each item\n|clearpoke\n|poke|p1|Calyrex-Shadow, L50|\n|poke|p1|Ting-Lu, L50|\n|poke|p1|Dondozo, L50, M|\n|poke|p1|Urshifu-*, L50, F|\n|poke|p1|Ogerpon-Hearthflame, L50, F|\n|poke|p1|Whimsicott, L50, F|\n|poke|p2|Calyrex-Ice, L50|\n|poke|p2|Regieleki, L50|\n|poke|p2|Urshifu-*, L50, M|\n|poke|p2|Grimmsnarl, L50, M|\n|poke|p2|Flutter Mane, L50|\n|poke|p2|Ogerpon-Hearthflame, L50, F|\n|teampreview|4\n|inactive|Battle timer is ON: inactive players will automatically lose when time's up. (requested by Ayae.Hakamada)\n|inactive|Ayae.Hakamada has 60 seconds left.\n|inactive|Ayae.Hakamada has 30 seconds left.\n|\n|t:|1739596431\n|start\n|switch|p1a: Ting-Lu|Ting-Lu, L50|100\/100\n|switch|p1b: Dondozo|Dondozo, L50, M|100\/100\n|switch|p2a: Calyrex|Calyrex-Ice, L50|100\/100\n|switch|p2b: Grimmsnarl|Grimmsnarl, L50, M|100\/100\n|-ability|p2a: Calyrex|As One\n|-ability|p2a: Calyrex|Unnerve\n|-ability|p1a: Ting-Lu|Vessel of Ruin\n|turn|1\n|\n|t:|1739596451\n|-terastallize|p1a: Ting-Lu|Fairy\n|move|p2b: Grimmsnarl|Thunder Wave|p1b: Dondozo\n|-status|p1b: Dondozo|par\n|move|p2a: Calyrex|Swords Dance|p2a: Calyrex\n|-boost|p2a: Calyrex|atk|2\n|move|p1a: Ting-Lu|Sand Tomb|p2a: Calyrex\n|-damage|p2a: Calyrex|92\/100\n|-activate|p2a: Calyrex|move: Sand Tomb|[of] p1a: Ting-Lu\n|move|p1b: Dondozo|Yawn|p2a: Calyrex\n|-start|p2a: Calyrex|move: Yawn|[of] p1b: Dondozo\n|\n|-damage|p2a: Calyrex|79\/100|[from] move: Sand Tomb|[partiallytrapped]\n|upkeep\n|turn|2\n|j| mr pogostick\n|\n|t:|1739596474\n|move|p1a: Ting-Lu|Protect|p1a: Ting-Lu\n|-singleturn|p1a: Ting-Lu|Protect\n|cant|p1b: Dondozo|par\n|move|p2b: Grimmsnarl|Thunder Wave|p1a: Ting-Lu\n|-activate|p1a: Ting-Lu|move: Protect\n|move|p2a: Calyrex|Glacial Lance|p1a: Ting-Lu|[spread] p1b\n|-activate|p1a: Ting-Lu|move: Protect\n|-resisted|p1b: Dondozo\n|-damage|p1b: Dondozo|70\/100 par\n|\n|-heal|p1b: Dondozo|77\/100 par|[from] item: Leftovers\n|-damage|p2a: Calyrex|67\/100|[from] move: Sand Tomb|[partiallytrapped]\n|-end|p2a: Calyrex|move: Yawn|[silent]\n|-status|p2a: Calyrex|slp\n|upkeep\n|turn|3\n|inactive|Ayae.Hakamada has 30 seconds left.\n|\n|t:|1739596502\n|move|p2b: Grimmsnarl|Thunder Wave|p1a: Ting-Lu\n|-status|p1a: Ting-Lu|par\n|cant|p2a: Calyrex|slp\n|move|p1a: Ting-Lu|Ruination|p2a: Calyrex\n|-damage|p2a: Calyrex|34\/100 slp\n|move|p1b: Dondozo|Wave Crash|p2a: Calyrex\n|-damage|p2a: Calyrex|7\/100 slp\n|-damage|p1b: Dondozo|70\/100 par|[from] Recoil\n|\n|-heal|p1b: Dondozo|76\/100 par|[from] item: Leftovers\n|-damage|p2a: Calyrex|0 fnt|[from] move: Sand Tomb|[partiallytrapped]\n|faint|p2a: Calyrex\n|upkeep\n|\n|t:|1739596520\n|switch|p2a: Regieleki|Regieleki, L50|100\/100\n|turn|4\n|l| mr pogostick\n|\n|t:|1739596544\n|-terastallize|p2a: Regieleki|Electric\n|move|p2b: Grimmsnarl|Reflect|p2b: Grimmsnarl\n|-sidestart|p2: Ayae.Hakamada|Reflect\n|move|p2a: Regieleki|Thunderbolt|p1a: Ting-Lu\n|-damage|p1a: Ting-Lu|47\/100 par\n|move|p1a: Ting-Lu|Sand Tomb|p2a: Regieleki\n|-supereffective|p2a: Regieleki\n|-damage|p2a: Regieleki|74\/100\n|-activate|p2a: Regieleki|move: Sand Tomb|[of] p1a: Ting-Lu\n|move|p1b: Dondozo|Yawn|p2a: Regieleki\n|-start|p2a: Regieleki|move: Yawn|[of] p1b: Dondozo\n|\n|-heal|p1b: Dondozo|82\/100 par|[from] item: Leftovers\n|-damage|p2a: Regieleki|61\/100|[from] move: Sand Tomb|[partiallytrapped]\n|upkeep\n|turn|5\n|-message|Ayae.Hakamada forfeited.\n|\n|win|patagonia fleece\n|raw|patagonia fleece's rating: 1554 &rarr; <strong>1575<\/strong><br \/>(+21 for winning)\n|raw|Ayae.Hakamada's rating: 1565 &rarr; <strong>1544<\/strong><br \/>(-21 for losing)\n|l|\u2606Ayae.Hakamada\n|player|p2|\n|l|\u2606patagonia fleece\n|player|p1|\n","uploadtime":1739596716,"views":20,"formatid":"gen9vgc2025regg","rating":1544,"private":0,"password":null}