{"id":"gen9vgc2025regg-2301658275","format":"[Gen 9] VGC 2025 Reg G","players":["cobalt_poke","Waffles4breakfast"],"log":"|j|\u2606cobalt_poke\n|j|\u2606Waffles4breakfast\n|t:|1739679779\n|gametype|doubles\n|player|p1|cobalt_poke|266|1671\n|player|p2|Waffles4breakfast|juggler|1556\n|teamsize|p1|6\n|teamsize|p2|6\n|gen|9\n|tier|[Gen 9] VGC 2025 Reg G\n|rated|\n|rule|Species Clause: Limit one of each Pok\u00e9mon\n|rule|Item Clause: Limit 1 of each item\n|clearpoke\n|poke|p1|Weezing-Galar, L50, M|\n|poke|p1|Calyrex-Shadow, L50|\n|poke|p1|Dondozo, L50, F|\n|poke|p1|Tatsugiri, L50, M|\n|poke|p1|Incineroar, L50, M|\n|poke|p1|Roaring Moon, L50|\n|poke|p2|Kyogre, L50|\n|poke|p2|Tornadus, L50, M|\n|poke|p2|Annihilape, L50, M|\n|poke|p2|Flutter Mane, L50|\n|poke|p2|Dragonite, L50, M|\n|poke|p2|Indeedee-F, L50, F|\n|teampreview|4\n|j| PreMaturely\n|\n|t:|1739679795\n|start\n|switch|p1a: Roaring Moon|Roaring Moon, L50|100\/100\n|switch|p1b: Weezing|Weezing-Galar, L50, M|100\/100\n|switch|p2a: Tornadus|Tornadus, L50, M|100\/100\n|switch|p2b: Dragonite|Dragonite, L50, M|100\/100\n|-ability|p1b: Weezing|Neutralizing Gas\n|turn|1\n|inactive|Battle timer is ON: inactive players will automatically lose when time's up. (requested by Waffles4breakfast)\n|\n|t:|1739679827\n|-terastallize|p2b: Dragonite|Normal\n|move|p2b: Dragonite|Extreme Speed|p1a: Roaring Moon\n|-damage|p1a: Roaring Moon|12\/100\n|move|p2a: Tornadus|Tailwind|p2a: Tornadus\n|-sidestart|p2: Waffles4breakfast|move: Tailwind\n|move|p1a: Roaring Moon|Knock Off|p2a: Tornadus\n|-damage|p2a: Tornadus|3\/100\n|-enditem|p2a: Tornadus|Covert Cloak|[from] move: Knock Off|[of] p1a: Roaring Moon\n|move|p1b: Weezing|Toxic Spikes|p2b: Dragonite\n|-sidestart|p2: Waffles4breakfast|move: Toxic Spikes\n|\n|upkeep\n|turn|2\n|\n|t:|1739679842\n|move|p2b: Dragonite|Extreme Speed|p1b: Weezing\n|-damage|p1b: Weezing|32\/100\n|-enditem|p1b: Weezing|Sitrus Berry|[eat]\n|-heal|p1b: Weezing|57\/100|[from] item: Sitrus Berry\n|move|p2a: Tornadus|Bleakwind Storm|p1a: Roaring Moon|[spread] p1a\n|-miss|p2a: Tornadus|p1b: Weezing\n|-damage|p1a: Roaring Moon|0 fnt\n|faint|p1a: Roaring Moon\n|-end|p1a: Roaring Moon|Protosynthesis|[silent]\n|move|p1b: Weezing|Poison Gas|p2b: Dragonite|[spread] p2a,p2b\n|-status|p2a: Tornadus|psn\n|-status|p2b: Dragonite|psn\n|\n|-damage|p2a: Tornadus|0 fnt|[from] psn\n|faint|p2a: Tornadus\n|-damage|p2b: Dragonite|88\/100 psn|[from] psn\n|upkeep\n|\n|t:|1739679854\n|switch|p2a: Annihilape|Annihilape, L50, M|100\/100\n|switch|p1a: Dondozo|Dondozo, L50, F|100\/100\n|-status|p2a: Annihilape|psn\n|turn|3\n|\n|t:|1739679862\n|move|p1a: Dondozo|Protect|p1a: Dondozo\n|-singleturn|p1a: Dondozo|Protect\n|move|p2b: Dragonite|Extreme Speed|p1b: Weezing\n|-damage|p1b: Weezing|0 fnt\n|faint|p1b: Weezing\n|-end|p1b: Weezing|ability: Neutralizing Gas\n|move|p2a: Annihilape|Final Gambit|p1a: Dondozo\n|-activate|p1a: Dondozo|move: Protect\n|\n|-damage|p2a: Annihilape|88\/100 psn|[from] psn\n|-damage|p2b: Dragonite|76\/100 psn|[from] psn\n|upkeep\n|\n|t:|1739679868\n|switch|p1b: Tatsugiri|Tatsugiri, L50, M|100\/100\n|-activate|p1b: Tatsugiri|ability: Commander|[of] p1a: Dondozo\n|-boost|p1a: Dondozo|atk|2\n|-boost|p1a: Dondozo|spa|2\n|-boost|p1a: Dondozo|spe|2\n|-boost|p1a: Dondozo|def|2\n|-boost|p1a: Dondozo|spd|2\n|turn|4\n|\n|t:|1739679880\n|move|p2b: Dragonite|Extreme Speed|p1a: Dondozo\n|-damage|p1a: Dondozo|77\/100\n|move|p2a: Annihilape|Final Gambit|p1a: Dondozo\n|-damage|p1a: Dondozo|3\/100\n|faint|p2a: Annihilape\n|move|p1a: Dondozo|Wave Crash|p2b: Dragonite\n|-damage|p2b: Dragonite|0 fnt\n|faint|p2b: Dragonite\n|-damage|p1a: Dondozo|0 fnt|[from] Recoil\n|faint|p1a: Dondozo\n|\n|-sideend|p2: Waffles4breakfast|move: Tailwind\n|upkeep\n|\n|t:|1739679890\n|switch|p2b: Kyogre|Kyogre, L50|100\/100\n|-status|p2b: Kyogre|psn\n|-weather|RainDance|[from] ability: Drizzle|[of] p2b: Kyogre\n|turn|5\n|\n|t:|1739679893\n|move|p1b: Tatsugiri|Protect|p1b: Tatsugiri\n|-singleturn|p1b: Tatsugiri|Protect\n|move|p2b: Kyogre|Origin Pulse|p1b: Tatsugiri\n|-activate|p1b: Tatsugiri|move: Protect\n|\n|-weather|RainDance|[upkeep]\n|-damage|p2b: Kyogre|88\/100 psn|[from] psn\n|upkeep\n|turn|6\n|\n|t:|1739679903\n|move|p1b: Tatsugiri|Muddy Water|p2b: Kyogre\n|-resisted|p2b: Kyogre\n|-damage|p2b: Kyogre|64\/100 psn\n|move|p2b: Kyogre|Origin Pulse|p1b: Tatsugiri\n|-resisted|p1b: Tatsugiri\n|-damage|p1b: Tatsugiri|54\/100\n|\n|-weather|RainDance|[upkeep]\n|-damage|p2b: Kyogre|51\/100 psn|[from] psn\n|upkeep\n|turn|7\n|\n|t:|1739679910\n|move|p1b: Tatsugiri|Protect|p1b: Tatsugiri\n|-singleturn|p1b: Tatsugiri|Protect\n|move|p2b: Kyogre|Origin Pulse|p1b: Tatsugiri\n|-activate|p1b: Tatsugiri|move: Protect\n|\n|-weather|RainDance|[upkeep]\n|-damage|p2b: Kyogre|39\/100 psn|[from] psn\n|upkeep\n|turn|8\n|\n|t:|1739679914\n|-terastallize|p1b: Tatsugiri|Dragon\n|move|p1b: Tatsugiri|Draco Meteor|p2b: Kyogre\n|-damage|p2b: Kyogre|0 fnt\n|-unboost|p1b: Tatsugiri|spa|2\n|faint|p2b: Kyogre\n|\n|win|cobalt_poke\n|raw|cobalt_poke's rating: 1671 &rarr; <strong>1685<\/strong><br \/>(+14 for winning)\n|raw|Waffles4breakfast's rating: 1556 &rarr; <strong>1542<\/strong><br \/>(-14 for losing)\n|l|\u2606cobalt_poke\n|player|p1|\n|l|\u2606Waffles4breakfast\n|player|p2|\n|l| PreMaturely\n","uploadtime":1739680183,"views":5,"formatid":"gen9vgc2025regg","rating":1542,"private":0,"password":null}