{"id":"gen9vgc2025regg-2301796240","format":"[Gen 9] VGC 2025 Reg G","players":["dnut1","Snow14124869"],"log":"|j|\u2606dnut1\n|j|\u2606Snow14124869\n|t:|1739707485\n|gametype|doubles\n|player|p1|dnut1|265|1607\n|player|p2|Snow14124869|hilbert|1553\n|teamsize|p1|6\n|teamsize|p2|6\n|gen|9\n|tier|[Gen 9] VGC 2025 Reg G\n|rated|\n|rule|Species Clause: Limit one of each Pok\u00e9mon\n|rule|Item Clause: Limit 1 of each item\n|clearpoke\n|poke|p1|Tatsugiri-Droopy, L50, F|\n|poke|p1|Chi-Yu, L50|\n|poke|p1|Dragonite, L50, M|\n|poke|p1|Gholdengo, L50|\n|poke|p1|Miraidon, L50|\n|poke|p1|Dondozo, L50, M|\n|poke|p2|Calyrex-Shadow, L50|\n|poke|p2|Raging Bolt, L50|\n|poke|p2|Clefairy, L50, M|\n|poke|p2|Grimmsnarl, L50, M|\n|poke|p2|Incineroar, L50, M|\n|poke|p2|Rillaboom, L50, F|\n|teampreview|4\n|\n|t:|1739707518\n|start\n|switch|p1a: Miraidon|Miraidon, L50|100\/100\n|switch|p1b: Dragonite|Dragonite, L50, M|100\/100\n|switch|p2a: Calyrex|Calyrex-Shadow, L50|100\/100\n|switch|p2b: Incineroar|Incineroar, L50, M|100\/100\n|-ability|p2a: Calyrex|As One\n|-ability|p2a: Calyrex|Unnerve\n|-fieldstart|move: Electric Terrain|[from] ability: Hadron Engine|[of] p1a: Miraidon\n|-ability|p2b: Incineroar|Intimidate|boost\n|-unboost|p1a: Miraidon|atk|1\n|-unboost|p1b: Dragonite|atk|1\n|turn|1\n|j| kiabu233\n|\n|t:|1739707537\n|-terastallize|p1b: Dragonite|Normal\n|move|p2b: Incineroar|Fake Out|p1a: Miraidon\n|-damage|p1a: Miraidon|92\/100\n|move|p1a: Miraidon|Calm Mind|p1a: Miraidon\n|-boost|p1a: Miraidon|spa|1\n|-boost|p1a: Miraidon|spd|1\n|move|p2a: Calyrex|Calm Mind|p2a: Calyrex\n|-boost|p2a: Calyrex|spa|1\n|-boost|p2a: Calyrex|spd|1\n|move|p1b: Dragonite|Outrage|p2a: Calyrex\n|-damage|p2a: Calyrex|39\/100\n|\n|upkeep\n|turn|2\n|\n|t:|1739707565\n|move|p2a: Calyrex|Protect|p2a: Calyrex\n|-singleturn|p2a: Calyrex|Protect\n|move|p1a: Miraidon|Electro Drift|p2a: Calyrex\n|-activate|p2a: Calyrex|move: Protect\n|move|p1b: Dragonite|Outrage|p2b: Incineroar|[from] lockedmove\n|-crit|p2b: Incineroar\n|-damage|p2b: Incineroar|0 fnt\n|faint|p2b: Incineroar\n|-start|p1b: Dragonite|confusion|[fatigue]\n|\n|upkeep\n|\n|t:|1739707582\n|switch|p2b: Clefairy|Clefairy, L50, M|100\/100\n|turn|3\n|\n|t:|1739707609\n|switch|p1b: Tatsugiri|Tatsugiri-Droopy, L50, F|100\/100\n|-terastallize|p2a: Calyrex|Fairy\n|move|p2b: Clefairy|Follow Me|p2b: Clefairy\n|-singleturn|p2b: Clefairy|move: Follow Me\n|move|p1a: Miraidon|Electro Drift|p2b: Clefairy\n|-damage|p2b: Clefairy|0 fnt\n|faint|p2b: Clefairy\n|move|p2a: Calyrex|Draining Kiss|p1a: Miraidon\n|-supereffective|p1a: Miraidon\n|-damage|p1a: Miraidon|32\/100\n|-heal|p2a: Calyrex|84\/100|[from] drain|[of] p1a: Miraidon\n|\n|upkeep\n|\n|t:|1739707624\n|switch|p2b: Grimmsnarl|Grimmsnarl, L50, M|100\/100\n|turn|4\n|\n|t:|1739707640\n|move|p1a: Miraidon|Protect|p1a: Miraidon\n|-singleturn|p1a: Miraidon|Protect\n|move|p2b: Grimmsnarl|Misty Terrain|p2b: Grimmsnarl\n|-fieldstart|move: Misty Terrain\n|move|p1b: Tatsugiri|Icy Wind|p2b: Grimmsnarl|[spread] \n|-miss|p1b: Tatsugiri|p2a: Calyrex\n|-miss|p1b: Tatsugiri|p2b: Grimmsnarl\n|move|p2a: Calyrex|Astral Barrage|p1a: Miraidon|[spread] p1b\n|-activate|p1a: Miraidon|move: Protect\n|-damage|p1b: Tatsugiri|2\/100\n|\n|upkeep\n|turn|5\n|\n|t:|1739707666\n|switch|p1a: Dondozo|Dondozo, L50, M|100\/100\n|-activate|p1b: Tatsugiri|ability: Commander|[of] p1a: Dondozo\n|-boost|p1a: Dondozo|atk|2\n|-boost|p1a: Dondozo|spa|2\n|-boost|p1a: Dondozo|spe|2\n|-boost|p1a: Dondozo|def|2\n|-boost|p1a: Dondozo|spd|2\n|move|p2b: Grimmsnarl|Reflect|p2b: Grimmsnarl\n|-sidestart|p2: Snow14124869|Reflect\n|move|p2a: Calyrex|Draining Kiss|p1a: Dondozo\n|-damage|p1a: Dondozo|83\/100\n|-heal|p2a: Calyrex|98\/100|[from] drain|[of] p1a: Dondozo\n|\n|-heal|p1a: Dondozo|89\/100|[from] item: Leftovers\n|upkeep\n|turn|6\n|-message|dnut1 forfeited.\n|\n|win|Snow14124869\n|raw|dnut1's rating: 1607 &rarr; <strong>1583<\/strong><br \/>(-24 for losing)\n|raw|Snow14124869's rating: 1536 &rarr; <strong>1560<\/strong><br \/>(+24 for winning)\n|l|\u2606dnut1\n|player|p1|\n","uploadtime":1739707838,"views":5,"formatid":"gen9vgc2025regg","rating":1560,"private":0,"password":null}