{"id":"gen9vgc2025regg-2301543292","format":"[Gen 9] VGC 2025 Reg G","players":["superpowerpoke","huyuplan"],"log":"|j|\u2606superpowerpoke\n|j|\u2606huyuplan\n|t:|1739663583\n|gametype|doubles\n|player|p1|superpowerpoke|2|1713\n|player|p2|huyuplan|lucas|1606\n|teamsize|p1|6\n|teamsize|p2|6\n|gen|9\n|tier|[Gen 9] VGC 2025 Reg G\n|rated|\n|rule|Species Clause: Limit one of each Pok\u00e9mon\n|rule|Item Clause: Limit 1 of each item\n|clearpoke\n|poke|p1|Lunala, L50|\n|poke|p1|Maushold-Four, L50|\n|poke|p1|Rillaboom, L50, M|\n|poke|p1|Pelipper, L50, M|\n|poke|p1|Urshifu-*, L50, F|\n|poke|p1|Landorus, L50, M|\n|poke|p2|Regidrago, L50|\n|poke|p2|Zacian-*, L50|\n|poke|p2|Farigiraf, L50, M|\n|poke|p2|Tornadus, L50, M|\n|poke|p2|Ditto, L50|\n|poke|p2|Amoonguss, L50, M|\n|teampreview|4\n|j| Kaiju Krush\n|j| 2-2-2 Ape\n|l| 2-2-2 Ape\n|\n|t:|1739663647\n|start\n|switch|p1a: Lunala|Lunala, L50|100\/100\n|switch|p1b: Maushold|Maushold-Four, L50|100\/100\n|switch|p2a: Tornadus|Tornadus, L50, M|100\/100\n|switch|p2b: Zacian|Zacian-Crowned, L50|100\/100\n|-ability|p2b: Zacian|Intrepid Sword|boost\n|-boost|p2b: Zacian|atk|1\n|turn|1\n|\n|t:|1739663678\n|move|p2a: Tornadus|Tailwind|p2a: Tornadus\n|-sidestart|p2: huyuplan|move: Tailwind\n|move|p2b: Zacian|Sacred Sword|p1b: Maushold\n|-supereffective|p1b: Maushold\n|-damage|p1b: Maushold|0 fnt\n|-damage|p2b: Zacian|84\/100|[from] item: Rocky Helmet|[of] p1b: Maushold\n|faint|p1b: Maushold\n|move|p1a: Lunala|Meteor Beam||[still]\n|-prepare|p1a: Lunala|Meteor Beam\n|-boost|p1a: Lunala|spa|1\n|-enditem|p1a: Lunala|Power Herb\n|-anim|p1a: Lunala|Meteor Beam|p2a: Tornadus\n|-supereffective|p2a: Tornadus\n|-damage|p2a: Tornadus|0 fnt\n|faint|p2a: Tornadus\n|\n|upkeep\n|\n|t:|1739663695\n|switch|p2a: Regidrago|Regidrago, L50|100\/100\n|switch|p1b: Pelipper|Pelipper, L50, M|100\/100\n|-weather|RainDance|[from] ability: Drizzle|[of] p1b: Pelipper\n|turn|2\n|\n|t:|1739663729\n|move|p2a: Regidrago|Protect|p2a: Regidrago\n|-singleturn|p2a: Regidrago|Protect\n|move|p1a: Lunala|Protect|p1a: Lunala\n|-singleturn|p1a: Lunala|Protect\n|move|p2b: Zacian|Behemoth Blade|p1a: Lunala\n|-activate|p1a: Lunala|move: Protect\n|move|p1b: Pelipper|Weather Ball|p2b: Zacian\n|-damage|p2b: Zacian|37\/100\n|\n|-weather|RainDance|[upkeep]\n|upkeep\n|turn|3\n|j| mavstest5\n|\n|t:|1739663768\n|-terastallize|p1a: Lunala|Fairy\n|move|p2b: Zacian|Behemoth Blade|p1a: Lunala\n|-supereffective|p1a: Lunala\n|-damage|p1a: Lunala|27\/100\n|move|p2a: Regidrago|Draco Meteor|p1b: Pelipper\n|-damage|p1b: Pelipper|0 fnt\n|-unboost|p2a: Regidrago|spa|2\n|faint|p1b: Pelipper\n|move|p1a: Lunala|Dazzling Gleam|p2a: Regidrago|[spread] p2a,p2b\n|-supereffective|p2a: Regidrago\n|-resisted|p2b: Zacian\n|-damage|p2a: Regidrago|0 fnt\n|-damage|p2b: Zacian|12\/100\n|faint|p2a: Regidrago\n|\n|-weather|RainDance|[upkeep]\n|upkeep\n|\n|t:|1739663788\n|switch|p2a: Ditto|Ditto, L50|100\/100\n|switch|p1b: Urshifu|Urshifu-Rapid-Strike, L50, F|100\/100\n|-transform|p2a: Ditto|p1b: Urshifu|[from] ability: Imposter\n|turn|4\n|\n|t:|1739663821\n|-terastallize|p2b: Zacian|Water\n|move|p1b: Urshifu|Aqua Jet|p2b: Zacian\n|-resisted|p2b: Zacian\n|-damage|p2b: Zacian|0 fnt\n|faint|p2b: Zacian\n|move|p2a: Ditto|Surging Strikes|p1a: Lunala\n|-crit|p1a: Lunala\n|-damage|p1a: Lunala|0 fnt\n|faint|p1a: Lunala\n|-hitcount|p1: Lunala|1\n|\n|-weather|RainDance|[upkeep]\n|-sideend|p2: huyuplan|move: Tailwind\n|upkeep\n|turn|5\n|\n|t:|1739663853\n|move|p2a: Ditto|Surging Strikes|p1b: Urshifu\n|-resisted|p1b: Urshifu\n|-crit|p1b: Urshifu\n|-damage|p1b: Urshifu|83\/100\n|-resisted|p1b: Urshifu\n|-crit|p1b: Urshifu\n|-damage|p1b: Urshifu|67\/100\n|-resisted|p1b: Urshifu\n|-crit|p1b: Urshifu\n|-damage|p1b: Urshifu|50\/100\n|-hitcount|p1b: Urshifu|3\n|move|p1b: Urshifu|Close Combat|p2a: Ditto\n|-damage|p2a: Ditto|26\/100\n|-unboost|p1b: Urshifu|def|1\n|-unboost|p1b: Urshifu|spd|1\n|\n|-weather|RainDance|[upkeep]\n|upkeep\n|turn|6\n|j| futonkagebunshin\n|\n|t:|1739663868\n|move|p1b: Urshifu|Aqua Jet|p2a: Ditto\n|-resisted|p2a: Ditto\n|-damage|p2a: Ditto|7\/100\n|move|p2a: Ditto|Surging Strikes|p1b: Urshifu\n|-resisted|p1b: Urshifu\n|-crit|p1b: Urshifu\n|-damage|p1b: Urshifu|24\/100\n|-resisted|p1b: Urshifu\n|-crit|p1b: Urshifu\n|-damage|p1b: Urshifu|1\/100\n|-resisted|p1b: Urshifu\n|-crit|p1b: Urshifu\n|-damage|p1b: Urshifu|0 fnt\n|faint|p1b: Urshifu\n|-hitcount|p1: Urshifu|3\n|\n|win|huyuplan\n|raw|superpowerpoke's rating: 1713 &rarr; <strong>1687<\/strong><br \/>(-26 for losing)\n|raw|huyuplan's rating: 1606 &rarr; <strong>1632<\/strong><br \/>(+26 for winning)\n|l|\u2606huyuplan\n|player|p2|\n|l| Kaiju Krush\n|l| mavstest5\n|l|\u2606superpowerpoke\n|player|p1|\n","uploadtime":1739664105,"views":9,"formatid":"gen9vgc2025regg","rating":1632,"private":0,"password":null}