{"id":"gen9vgc2025regg-2301445799","format":"[Gen 9] VGC 2025 Reg G","players":["Assasinderella","kojimuranishi"],"log":"|j|\u2606Assasinderella\n|j|\u2606kojimuranishi\n|t:|1739651315\n|gametype|doubles\n|player|p1|Assasinderella|rosa|1560\n|player|p2|kojimuranishi|265|1617\n|teamsize|p1|6\n|teamsize|p2|6\n|gen|9\n|tier|[Gen 9] VGC 2025 Reg G\n|rated|\n|rule|Species Clause: Limit one of each Pok\u00e9mon\n|rule|Item Clause: Limit 1 of each item\n|clearpoke\n|poke|p1|Koraidon, L50|\n|poke|p1|Ditto, L50|\n|poke|p1|Chi-Yu, L50|\n|poke|p1|Ogerpon-Cornerstone, L50, F|\n|poke|p1|Raging Bolt, L50|\n|poke|p1|Flutter Mane, L50|\n|poke|p2|Whimsicott, L50, F|\n|poke|p2|Calyrex-Ice, L50|\n|poke|p2|Urshifu-*, L50, F|\n|poke|p2|Chi-Yu, L50|\n|poke|p2|Raging Bolt, L50|\n|poke|p2|Landorus, L50, M|\n|teampreview|4\n|inactive|Battle timer is ON: inactive players will automatically lose when time's up. (requested by kojimuranishi)\n|inactive|Assasinderella has 60 seconds left.\n|inactive|kojimuranishi has 60 seconds left.\n|\n|t:|1739651379\n|start\n|switch|p1a: Koraidon|Koraidon, L50|100\/100\n|switch|p1b: Ogerpon|Ogerpon-Cornerstone, L50, F|100\/100\n|switch|p2a: Whimsicott|Whimsicott, L50, F|100\/100\n|switch|p2b: Landorus|Landorus, L50, M|100\/100\n|-weather|SunnyDay|[from] ability: Orichalcum Pulse|[of] p1a: Koraidon\n|-activate|p1a: Koraidon|Orichalcum Pulse|[source]\n|turn|1\n|inactive|Assasinderella has 30 seconds left.\n|inactive|Assasinderella has 20 seconds left.\n|inactive|Assasinderella has 15 seconds left.\n|\n|t:|1739651420\n|switch|p1a: Ditto|Ditto, L50|100\/100\n|-transform|p1a: Ditto|p2b: Landorus|[from] ability: Imposter\n|move|p1b: Ogerpon|Ivy Cudgel|p2b: Landorus|[anim] Ivy Cudgel Rock\n|-damage|p2b: Landorus|33\/100\n|move|p2b: Landorus|Sandsear Storm|p1a: Ditto|[spread] p1b\n|-immune|p1a: Ditto\n|-damage|p1b: Ogerpon|17\/100\n|move|p2a: Whimsicott|Trick Room|p2a: Whimsicott\n|-fieldstart|move: Trick Room|[of] p2a: Whimsicott\n|\n|-weather|SunnyDay|[upkeep]\n|upkeep\n|turn|2\n|inactive|Assasinderella has 30 seconds left.\n|inactive|kojimuranishi has 30 seconds left.\n|inactive|Assasinderella has 20 seconds left.\n|inactive|Assasinderella has 15 seconds left.\n|inactive|Assasinderella has 10 seconds left.\n|inactive|Assasinderella has 5 seconds left.\n|\n|t:|1739651471\n|move|p1b: Ogerpon|Follow Me|p1b: Ogerpon\n|-singleturn|p1b: Ogerpon|move: Follow Me\n|move|p2b: Landorus|Earth Power|p1b: Ogerpon\n|-damage|p1b: Ogerpon|0 fnt\n|faint|p1b: Ogerpon\n|move|p1a: Ditto|Sludge Bomb|p2a: Whimsicott\n|-supereffective|p2a: Whimsicott\n|-enditem|p2a: Whimsicott|Focus Sash\n|-damage|p2a: Whimsicott|1\/100\n|move|p2a: Whimsicott|Moonblast|p1a: Ditto\n|-damage|p1a: Ditto|48\/100\n|-unboost|p1a: Ditto|spa|1\n|\n|-weather|SunnyDay|[upkeep]\n|upkeep\n|inactive|Assasinderella has 30 seconds left.\n|inactive|Assasinderella has 20 seconds left.\n|\n|t:|1739651506\n|switch|p1b: Koraidon|Koraidon, L50|100\/100\n|-activate|p1b: Koraidon|ability: Orichalcum Pulse\n|turn|3\n|inactive|Assasinderella has 30 seconds left.\n|inactive|Assasinderella has 20 seconds left.\n|\n|t:|1739651541\n|switch|p1a: Raging Bolt|Raging Bolt, L50|100\/100\n|-activate|p1a: Raging Bolt|ability: Protosynthesis\n|-start|p1a: Raging Bolt|protosynthesisspa\n|switch|p2a: Chi-Yu|Chi-Yu, L50|100\/100\n|-ability|p2a: Chi-Yu|Beads of Ruin\n|-terastallize|p1b: Koraidon|Fire\n|move|p2b: Landorus|Earth Power|p1b: Koraidon\n|-supereffective|p1b: Koraidon\n|-damage|p1b: Koraidon|0 fnt\n|faint|p1b: Koraidon\n|\n|-weather|SunnyDay|[upkeep]\n|upkeep\n|\n|t:|1739651566\n|switch|p1b: Ditto|Ditto, L50|48\/100\n|-transform|p1b: Ditto|p2a: Chi-Yu|[from] ability: Imposter\n|-ability|p1b: Ditto|Beads of Ruin\n|turn|4\n|\n|t:|1739651577\n|move|p1a: Raging Bolt|Thunderclap|p2a: Chi-Yu\n|-damage|p2a: Chi-Yu|47\/100\n|move|p1b: Ditto|Snarl|p2b: Landorus|[spread] p2a,p2b\n|-resisted|p2a: Chi-Yu\n|-damage|p2a: Chi-Yu|33\/100\n|-damage|p2b: Landorus|0 fnt\n|-unboost|p2a: Chi-Yu|spa|1\n|faint|p2b: Landorus\n|move|p2a: Chi-Yu|Snarl|p1b: Ditto|[spread] p1a,p1b\n|-resisted|p1b: Ditto\n|-damage|p1a: Raging Bolt|82\/100\n|-damage|p1b: Ditto|36\/100\n|-unboost|p1a: Raging Bolt|spa|1\n|-unboost|p1b: Ditto|spa|1\n|\n|-weather|SunnyDay|[upkeep]\n|upkeep\n|\n|t:|1739651592\n|switch|p2b: Calyrex|Calyrex-Ice, L50|100\/100\n|-ability|p2b: Calyrex|As One\n|-ability|p2b: Calyrex|Unnerve\n|turn|5\n|\n|t:|1739651603\n|-terastallize|p2b: Calyrex|Ice\n|move|p1a: Raging Bolt|Draco Meteor|p2b: Calyrex\n|-damage|p2b: Calyrex|35\/100\n|-unboost|p1a: Raging Bolt|spa|2\n|move|p2b: Calyrex|Glacial Lance|p1a: Raging Bolt|[spread] p1a,p1b\n|-supereffective|p1a: Raging Bolt\n|-resisted|p1b: Ditto\n|-damage|p1a: Raging Bolt|0 fnt\n|-damage|p1b: Ditto|0 fnt\n|faint|p1a: Raging Bolt\n|-end|p1a: Raging Bolt|Protosynthesis|[silent]\n|faint|p1b: Ditto\n|\n|win|kojimuranishi\n|raw|Assasinderella's rating: 1560 &rarr; <strong>1543<\/strong><br \/>(-17 for losing)\n|raw|kojimuranishi's rating: 1617 &rarr; <strong>1634<\/strong><br \/>(+17 for winning)\n|l|\u2606kojimuranishi\n|player|p2|\n|l|\u2606Assasinderella\n|player|p1|\n","uploadtime":1739651783,"views":23,"formatid":"gen9vgc2025regg","rating":1543,"private":0,"password":null}