{"id":"gen9vgc2025regg-2302470072","format":"[Gen 9] VGC 2025 Reg G","players":["crowz000","Benjojos"],"log":"|j|\u2606crowz000\n|j|\u2606Benjojos\n|t:|1739803316\n|gametype|doubles\n|player|p1|crowz000|2|1508\n|player|p2|Benjojos|caitlin|1606\n|teamsize|p1|6\n|teamsize|p2|6\n|gen|9\n|tier|[Gen 9] VGC 2025 Reg G\n|rated|\n|rule|Species Clause: Limit one of each Pok\u00e9mon\n|rule|Item Clause: Limit 1 of each item\n|clearpoke\n|poke|p1|Calyrex-Ice, L50|\n|poke|p1|Glimmora, L50, F|\n|poke|p1|Ting-Lu, L50|\n|poke|p1|Dondozo, L50, F|\n|poke|p1|Tatsugiri-Droopy, L50, M|\n|poke|p1|Ogerpon-Cornerstone, L50, F|\n|poke|p2|Calyrex-Ice, L50|\n|poke|p2|Indeedee-F, L50, F|\n|poke|p2|Annihilape, L50, M|\n|poke|p2|Heatran, L50, M|\n|poke|p2|Sinistcha, L50|\n|poke|p2|Iron Valiant, L50|\n|teampreview|4\n|inactive|Battle timer is ON: inactive players will automatically lose when time's up. (requested by Benjojos)\n|j| Reverie Jr.\n|\n|t:|1739803347\n|start\n|switch|p1a: Glimmora|Glimmora, L50, F|100\/100\n|switch|p1b: Dondozo|Dondozo, L50, F|100\/100\n|switch|p2a: Calyrex|Calyrex-Ice, L50|100\/100\n|switch|p2b: Annihilape|Annihilape, L50, M|100\/100\n|-ability|p2a: Calyrex|As One\n|-ability|p2a: Calyrex|Unnerve\n|turn|1\n|inactive|Benjojos has 30 seconds left.\n|\n|t:|1739803375\n|-terastallize|p2a: Calyrex|Water\n|move|p2b: Annihilape|Coaching|p2a: Calyrex\n|-boost|p2a: Calyrex|atk|1\n|-boost|p2a: Calyrex|def|1\n|move|p1a: Glimmora|Mortal Spin|p2b: Annihilape|[spread] p2a,p2b\n|-crit|p2a: Calyrex\n|-resisted|p2b: Annihilape\n|-damage|p2a: Calyrex|96\/100\n|-damage|p2b: Annihilape|98\/100\n|-status|p2a: Calyrex|psn\n|-status|p2b: Annihilape|psn\n|move|p2a: Calyrex|Seed Bomb|p1b: Dondozo\n|-supereffective|p1b: Dondozo\n|-damage|p1b: Dondozo|59\/100\n|move|p1b: Dondozo|Substitute|p1b: Dondozo\n|-start|p1b: Dondozo|Substitute\n|-damage|p1b: Dondozo|34\/100\n|\n|-heal|p1b: Dondozo|40\/100|[from] item: Leftovers\n|-damage|p2b: Annihilape|86\/100 psn|[from] psn\n|-damage|p2a: Calyrex|84\/100 psn|[from] psn\n|upkeep\n|turn|2\n|inactive|crowz000 has 30 seconds left.\n|inactive|Benjojos has 30 seconds left.\n|\n|t:|1739803403\n|move|p1a: Glimmora|Spiky Shield|p1a: Glimmora\n|-singleturn|p1a: Glimmora|move: Protect\n|move|p1b: Dondozo|Protect|p1b: Dondozo\n|-singleturn|p1b: Dondozo|Protect\n|move|p2b: Annihilape|Close Combat|p1a: Glimmora\n|-activate|p1a: Glimmora|move: Protect\n|-damage|p2b: Annihilape|74\/100 psn|[from] Spiky Shield|[of] p1a: Glimmora\n|move|p2a: Calyrex|Glacial Lance|p1a: Glimmora|[spread] \n|-activate|p1a: Glimmora|move: Protect\n|-activate|p1b: Dondozo|move: Protect\n|\n|-heal|p1b: Dondozo|47\/100|[from] item: Leftovers\n|-damage|p2b: Annihilape|61\/100 psn|[from] psn\n|-damage|p2a: Calyrex|72\/100 psn|[from] psn\n|upkeep\n|turn|3\n|inactive|crowz000 has 30 seconds left.\n|\n|t:|1739803437\n|move|p2b: Annihilape|Close Combat|p1b: Dondozo\n|-end|p1b: Dondozo|Substitute\n|-unboost|p2b: Annihilape|def|1\n|-unboost|p2b: Annihilape|spd|1\n|move|p1a: Glimmora|Toxic Spikes|p2b: Annihilape\n|-sidestart|p2: Benjojos|move: Toxic Spikes\n|move|p2a: Calyrex|Seed Bomb|p1b: Dondozo\n|-supereffective|p1b: Dondozo\n|-damage|p1b: Dondozo|5\/100\n|move|p1b: Dondozo|Substitute|p1b: Dondozo\n|-fail|p1b: Dondozo|move: Substitute|[weak]\n|\n|-heal|p1b: Dondozo|11\/100|[from] item: Leftovers\n|-damage|p2b: Annihilape|49\/100 psn|[from] psn\n|-damage|p2a: Calyrex|60\/100 psn|[from] psn\n|upkeep\n|turn|4\n|inactive|crowz000 has 30 seconds left.\n|\n|t:|1739803463\n|move|p1a: Glimmora|Spiky Shield|p1a: Glimmora\n|-singleturn|p1a: Glimmora|move: Protect\n|move|p1b: Dondozo|Protect|p1b: Dondozo\n|-singleturn|p1b: Dondozo|Protect\n|move|p2b: Annihilape|Taunt|p1a: Glimmora\n|-activate|p1a: Glimmora|move: Protect\n|move|p2a: Calyrex|Glacial Lance|p1a: Glimmora|[spread] \n|-activate|p1a: Glimmora|move: Protect\n|-activate|p1b: Dondozo|move: Protect\n|\n|-heal|p1b: Dondozo|18\/100|[from] item: Leftovers\n|-damage|p2b: Annihilape|37\/100 psn|[from] psn\n|-damage|p2a: Calyrex|48\/100 psn|[from] psn\n|upkeep\n|turn|5\n|inactive|crowz000 has 30 seconds left.\n|\n|t:|1739803491\n|switch|p1a: Tatsugiri|Tatsugiri-Droopy, L50, M|100\/100\n|-activate|p1a: Tatsugiri|ability: Commander|[of] p1b: Dondozo\n|-boost|p1b: Dondozo|atk|2\n|-boost|p1b: Dondozo|spa|2\n|-boost|p1b: Dondozo|spe|2\n|-boost|p1b: Dondozo|def|2\n|-boost|p1b: Dondozo|spd|2\n|move|p2b: Annihilape|Close Combat|p1a: Tatsugiri|[miss]\n|-miss|p2b: Annihilape|p1a: Tatsugiri\n|move|p1b: Dondozo|Body Press|p2a: Calyrex\n|-damage|p2a: Calyrex|17\/100 psn\n|move|p2a: Calyrex|Glacial Lance|p1b: Dondozo|[spread] p1b\n|-miss|p2a: Calyrex|p1a: Tatsugiri\n|-resisted|p1b: Dondozo\n|-damage|p1b: Dondozo|9\/100\n|\n|-heal|p1b: Dondozo|15\/100|[from] item: Leftovers\n|-damage|p2b: Annihilape|24\/100 psn|[from] psn\n|-damage|p2a: Calyrex|5\/100 psn|[from] psn\n|upkeep\n|turn|6\n|inactive|crowz000 has 30 seconds left.\n|\n|t:|1739803520\n|switch|p2b: Sinistcha|Sinistcha, L50|100\/100\n|-status|p2b: Sinistcha|psn\n|-heal|p2a: Calyrex|30\/100 psn|[from] ability: Hospitality|[of] p2b: Sinistcha\n|move|p1b: Dondozo|Protect|p1b: Dondozo\n|-singleturn|p1b: Dondozo|Protect\n|move|p2a: Calyrex|Seed Bomb|p1b: Dondozo\n|-activate|p1b: Dondozo|move: Protect\n|\n|-heal|p1b: Dondozo|21\/100|[from] item: Leftovers\n|-damage|p2b: Sinistcha|88\/100 psn|[from] psn\n|-damage|p2a: Calyrex|17\/100 psn|[from] psn\n|upkeep\n|turn|7\n|\n|t:|1739803538\n|move|p1b: Dondozo|Order Up|p2a: Calyrex\n|-damage|p2a: Calyrex|0 fnt\n|faint|p2a: Calyrex\n|-boost|p1b: Dondozo|def|1\n|move|p2b: Sinistcha|Matcha Gotcha|p1b: Dondozo|[spread] p1b\n|-miss|p2b: Sinistcha|p1a: Tatsugiri\n|-supereffective|p1b: Dondozo\n|-damage|p1b: Dondozo|3\/100\n|-heal|p2b: Sinistcha|100\/100 psn|[from] drain|[of] p1b: Dondozo\n|\n|-heal|p1b: Dondozo|9\/100|[from] item: Leftovers\n|-damage|p2b: Sinistcha|88\/100 psn|[from] psn\n|upkeep\n|\n|t:|1739803547\n|switch|p2a: Annihilape|Annihilape, L50, M|24\/100 psn\n|turn|8\n|\n|t:|1739803554\n|move|p1b: Dondozo|Protect|p1b: Dondozo\n|-singleturn|p1b: Dondozo|Protect\n|move|p2a: Annihilape|Coaching|p2b: Sinistcha\n|-boost|p2b: Sinistcha|atk|1\n|-boost|p2b: Sinistcha|def|1\n|move|p2b: Sinistcha|Matcha Gotcha|p1a: Tatsugiri|[spread] \n|-miss|p2b: Sinistcha|p1a: Tatsugiri\n|-activate|p1b: Dondozo|move: Protect\n|\n|-heal|p1b: Dondozo|15\/100|[from] item: Leftovers\n|-damage|p2a: Annihilape|12\/100 psn|[from] psn\n|-damage|p2b: Sinistcha|76\/100 psn|[from] psn\n|upkeep\n|turn|9\n|\n|t:|1739803572\n|move|p2a: Annihilape|Coaching|p2b: Sinistcha\n|-boost|p2b: Sinistcha|atk|1\n|-boost|p2b: Sinistcha|def|1\n|move|p1b: Dondozo|Order Up|p2b: Sinistcha\n|-damage|p2b: Sinistcha|48\/100 psn\n|-boost|p1b: Dondozo|def|1\n|move|p2b: Sinistcha|Matcha Gotcha|p1a: Tatsugiri|[spread] p1b\n|-miss|p2b: Sinistcha|p1a: Tatsugiri\n|-supereffective|p1b: Dondozo\n|-damage|p1b: Dondozo|0 fnt\n|-heal|p2b: Sinistcha|58\/100 psn|[from] drain|[of] p1b: Dondozo\n|faint|p1b: Dondozo\n|\n|-damage|p2a: Annihilape|0 fnt|[from] psn\n|faint|p2a: Annihilape\n|-damage|p2b: Sinistcha|45\/100 psn|[from] psn\n|upkeep\n|j| shengning2\n|\n|t:|1739803591\n|switch|p2a: Iron Valiant|Iron Valiant, L50|100\/100\n|switch|p1b: Calyrex|Calyrex-Ice, L50|100\/100\n|-ability|p1b: Calyrex|As One\n|-ability|p1b: Calyrex|Unnerve\n|-status|p2a: Iron Valiant|psn\n|-enditem|p2a: Iron Valiant|Booster Energy\n|-activate|p2a: Iron Valiant|ability: Quark Drive|[fromitem]\n|-start|p2a: Iron Valiant|quarkdrivespe\n|turn|10\n|\n|t:|1739803615\n|move|p2a: Iron Valiant|Coaching|p2b: Sinistcha\n|-boost|p2b: Sinistcha|atk|1\n|-boost|p2b: Sinistcha|def|1\n|move|p1a: Tatsugiri|Icy Wind|p2b: Sinistcha|[spread] p2a,p2b\n|-supereffective|p2b: Sinistcha\n|-damage|p2a: Iron Valiant|78\/100 psn\n|-damage|p2b: Sinistcha|17\/100 psn\n|-unboost|p2a: Iron Valiant|spe|1\n|-unboost|p2b: Sinistcha|spe|1\n|move|p1b: Calyrex|Glacial Lance|p2a: Iron Valiant|[spread] p2a,p2b\n|-crit|p2a: Iron Valiant\n|-supereffective|p2b: Sinistcha\n|-damage|p2a: Iron Valiant|0 fnt\n|-damage|p2b: Sinistcha|0 fnt\n|faint|p2a: Iron Valiant\n|-end|p2a: Iron Valiant|Quark Drive|[silent]\n|faint|p2b: Sinistcha\n|\n|win|crowz000\n|raw|crowz000's rating: 1508 &rarr; <strong>1533<\/strong><br \/>(+25 for winning)\n|raw|Benjojos's rating: 1606 &rarr; <strong>1581<\/strong><br \/>(-25 for losing)\n|l|\u2606Benjojos\n|player|p2|\n|l|\u2606crowz000\n|player|p1|\n|l| Reverie Jr.\n","uploadtime":1739803754,"views":28,"formatid":"gen9vgc2025regg","rating":1533,"private":0,"password":null}