{"id":"gen9vgc2025regg-2302174440","format":"[Gen 9] VGC 2025 Reg G","players":["Spottedwoot","badpiplupvgc"],"log":"|j|\u2606Spottedwoot\n|j|\u2606badpiplupvgc\n|t:|1739756005\n|gametype|doubles\n|player|p1|Spottedwoot|266|1621\n|player|p2|badpiplupvgc|101|1644\n|teamsize|p1|6\n|teamsize|p2|6\n|gen|9\n|tier|[Gen 9] VGC 2025 Reg G\n|rated|\n|rule|Species Clause: Limit one of each Pok\u00e9mon\n|rule|Item Clause: Limit 1 of each item\n|clearpoke\n|poke|p1|Zamazenta-*, L50|\n|poke|p1|Chien-Pao, L50|\n|poke|p1|Entei, L50|\n|poke|p1|Raging Bolt, L50|\n|poke|p1|Rillaboom, L50, F|\n|poke|p1|Farigiraf, L50, M|\n|poke|p2|Calyrex-Ice, L50|\n|poke|p2|Amoonguss, L50, M|\n|poke|p2|Raging Bolt, L50|\n|poke|p2|Chi-Yu, L50|\n|poke|p2|Rillaboom, L50, M|\n|poke|p2|Urshifu-*, L50, M|\n|teampreview|4\n|\n|t:|1739756021\n|start\n|switch|p1a: Chien-Pao|Chien-Pao, L50|100\/100\n|switch|p1b: Entei|Entei, L50|100\/100\n|switch|p2a: Chi-Yu|Chi-Yu, L50|100\/100\n|switch|p2b: Urshifu|Urshifu, L50, M|100\/100\n|-ability|p2a: Chi-Yu|Beads of Ruin\n|-ability|p1a: Chien-Pao|Sword of Ruin\n|turn|1\n|inactive|Battle timer is ON: inactive players will automatically lose when time's up. (requested by badpiplupvgc)\n|\n|t:|1739756042\n|-terastallize|p1b: Entei|Normal\n|move|p1b: Entei|Extreme Speed|p2a: Chi-Yu\n|-damage|p2a: Chi-Yu|0 fnt\n|faint|p2a: Chi-Yu\n|move|p1a: Chien-Pao|Sacred Sword|p2b: Urshifu\n|-supereffective|p2b: Urshifu\n|-damage|p2b: Urshifu|24\/100\n|move|p2b: Urshifu|Close Combat|p1b: Entei\n|-supereffective|p1b: Entei\n|-damage|p1b: Entei|0 fnt\n|-unboost|p2b: Urshifu|def|1\n|-unboost|p2b: Urshifu|spd|1\n|faint|p1b: Entei\n|\n|upkeep\n|\n|t:|1739756065\n|switch|p2a: Amoonguss|Amoonguss, L50, M|100\/100\n|switch|p1b: Zamazenta|Zamazenta-Crowned, L50|100\/100\n|-ability|p1b: Zamazenta|Dauntless Shield|boost\n|-boost|p1b: Zamazenta|def|1\n|turn|2\n|\n|t:|1739756077\n|-terastallize|p2a: Amoonguss|Water\n|move|p1a: Chien-Pao|Icicle Crash|p2a: Amoonguss\n|-resisted|p2a: Amoonguss\n|-damage|p2a: Amoonguss|80\/100\n|move|p1b: Zamazenta|Heavy Slam|p2a: Amoonguss\n|-resisted|p2a: Amoonguss\n|-damage|p2a: Amoonguss|55\/100\n|-damage|p1b: Zamazenta|84\/100|[from] item: Rocky Helmet|[of] p2a: Amoonguss\n|move|p2b: Urshifu|Close Combat|p1a: Chien-Pao\n|-supereffective|p1a: Chien-Pao\n|-enditem|p1a: Chien-Pao|Focus Sash\n|-damage|p1a: Chien-Pao|1\/100\n|-unboost|p2b: Urshifu|def|1\n|-unboost|p2b: Urshifu|spd|1\n|cant|p2a: Amoonguss|flinch\n|\n|upkeep\n|turn|3\n|inactive|badpiplupvgc has 30 seconds left.\n|inactive|badpiplupvgc has 20 seconds left.\n|inactive|badpiplupvgc has 15 seconds left.\n|inactive|badpiplupvgc has 10 seconds left.\n|inactive|badpiplupvgc has 5 seconds left.\n|\n|t:|1739756132\n|switch|p2b: Calyrex|Calyrex-Ice, L50|100\/100\n|-ability|p2b: Calyrex|As One\n|-ability|p2b: Calyrex|Unnerve\n|move|p2a: Amoonguss|Protect|p2a: Amoonguss\n|-singleturn|p2a: Amoonguss|Protect\n|move|p1a: Chien-Pao|Sacred Sword|p2b: Calyrex\n|-damage|p2b: Calyrex|75\/100\n|move|p1b: Zamazenta|Body Press|p2a: Amoonguss\n|-activate|p2a: Amoonguss|move: Protect\n|\n|upkeep\n|turn|4\n|j| surgevgc\n|inactive|Spottedwoot has 30 seconds left.\n|inactive|badpiplupvgc has 30 seconds left.\n|\n|t:|1739756161\n|move|p2a: Amoonguss|Rage Powder|p2a: Amoonguss\n|-singleturn|p2a: Amoonguss|move: Rage Powder\n|move|p1a: Chien-Pao|Sacred Sword|p2a: Amoonguss\n|-damage|p2a: Amoonguss|25\/100\n|-damage|p1a: Chien-Pao|0 fnt|[from] item: Rocky Helmet|[of] p2a: Amoonguss\n|faint|p1a: Chien-Pao\n|move|p1b: Zamazenta|Body Press|p2a: Amoonguss\n|-damage|p2a: Amoonguss|0 fnt\n|-damage|p1b: Zamazenta|68\/100|[from] item: Rocky Helmet|[of] p2a: Amoonguss\n|faint|p2a: Amoonguss\n|move|p2b: Calyrex|Trick Room|p2b: Calyrex\n|-fieldstart|move: Trick Room|[of] p2b: Calyrex\n|\n|upkeep\n|\n|t:|1739756172\n|switch|p2a: Urshifu|Urshifu, L50, M|24\/100\n|switch|p1a: Farigiraf|Farigiraf, L50, M|100\/100\n|turn|5\n|\n|t:|1739756194\n|move|p2b: Calyrex|High Horsepower|p1b: Zamazenta\n|-supereffective|p1b: Zamazenta\n|-damage|p1b: Zamazenta|33\/100\n|move|p1a: Farigiraf|Foul Play|p2b: Calyrex\n|-supereffective|p2b: Calyrex\n|-damage|p2b: Calyrex|25\/100\n|move|p2a: Urshifu|Wicked Blow|p1a: Farigiraf\n|-supereffective|p1a: Farigiraf\n|-crit|p1a: Farigiraf\n|-damage|p1a: Farigiraf|15\/100\n|move|p1b: Zamazenta|Body Press|p2a: Urshifu\n|-supereffective|p2a: Urshifu\n|-damage|p2a: Urshifu|0 fnt\n|faint|p2a: Urshifu\n|\n|upkeep\n|turn|6\n|\n|t:|1739756211\n|move|p2b: Calyrex|Glacial Lance|p1b: Zamazenta|[spread] p1a,p1b\n|-resisted|p1b: Zamazenta\n|-damage|p1a: Farigiraf|0 fnt\n|-damage|p1b: Zamazenta|22\/100\n|faint|p1a: Farigiraf\n|-ability|p2b: Calyrex|Chilling Neigh|boost\n|-boost|p2b: Calyrex|atk|1\n|move|p1b: Zamazenta|Body Press|p2b: Calyrex\n|-damage|p2b: Calyrex|0 fnt\n|faint|p2b: Calyrex\n|\n|win|Spottedwoot\n|raw|Spottedwoot's rating: 1609 &rarr; <strong>1631<\/strong><br \/>(+22 for winning)\n|raw|badpiplupvgc's rating: 1644 &rarr; <strong>1622<\/strong><br \/>(-22 for losing)\n|l|\u2606badpiplupvgc\n|player|p2|\n|l|\u2606Spottedwoot\n|player|p1|\n|j|\u2606Spottedwoot\n|player|p1|Spottedwoot|266|\n","uploadtime":1739756244,"views":49,"formatid":"gen9vgc2025regg","rating":1622,"private":0,"password":null}