{"id":"gen9vgc2025regg-2302067052","format":"[Gen 9] VGC 2025 Reg G","players":["llefface","chin8"],"log":"|j|\u2606llefface\n|j|\u2606chin8\n|t:|1739742771\n|gametype|doubles\n|player|p1|llefface|lana-masters|1704\n|player|p2|chin8|gentleman-gen4dp|1658\n|teamsize|p1|6\n|teamsize|p2|6\n|gen|9\n|tier|[Gen 9] VGC 2025 Reg G\n|rated|\n|rule|Species Clause: Limit one of each Pok\u00e9mon\n|rule|Item Clause: Limit 1 of each item\n|clearpoke\n|poke|p1|Calyrex-Ice, L50|\n|poke|p1|Chi-Yu, L50|\n|poke|p1|Urshifu-*, L50, F|\n|poke|p1|Flutter Mane, L50|\n|poke|p1|Amoonguss, L50, M|\n|poke|p1|Raging Bolt, L50|\n|poke|p2|Calyrex-Shadow, L50|\n|poke|p2|Incineroar, L50, M|\n|poke|p2|Rillaboom, L50, F|\n|poke|p2|Gastrodon-East, L50, M|\n|poke|p2|Hitmonchan, L50, M|\n|poke|p2|Tropius, L50, M|\n|teampreview|4\n|c|\u2606llefface|glhf!\n|inactive|Battle timer is ON: inactive players will automatically lose when time's up. (requested by chin8)\n|\n|t:|1739742792\n|start\n|switch|p1a: Chi-Yu|Chi-Yu, L50|100\/100\n|switch|p1b: Flutter Mane|Flutter Mane, L50|100\/100\n|switch|p2a: Calyrex|Calyrex-Shadow, L50|100\/100\n|switch|p2b: Hitmonchan|Hitmonchan, L50, M|100\/100\n|-ability|p2a: Calyrex|As One\n|-ability|p2a: Calyrex|Unnerve\n|-ability|p1a: Chi-Yu|Beads of Ruin\n|-enditem|p1b: Flutter Mane|Booster Energy\n|-activate|p1b: Flutter Mane|ability: Protosynthesis|[fromitem]\n|-start|p1b: Flutter Mane|protosynthesisspe\n|turn|1\n|\n|t:|1739742808\n|-terastallize|p1b: Flutter Mane|Normal\n|-terastallize|p2a: Calyrex|Fairy\n|move|p2b: Hitmonchan|Fake Out|p1a: Chi-Yu\n|-damage|p1a: Chi-Yu|81\/100\n|move|p1b: Flutter Mane|Dazzling Gleam|p2a: Calyrex|[spread] p2a,p2b\n|-supereffective|p2b: Hitmonchan\n|-damage|p2a: Calyrex|65\/100\n|-enditem|p2b: Hitmonchan|Focus Sash\n|-damage|p2b: Hitmonchan|1\/100\n|move|p2a: Calyrex|Calm Mind|p2a: Calyrex\n|-boost|p2a: Calyrex|spa|1\n|-boost|p2a: Calyrex|spd|1\n|move|p1a: Chi-Yu|Snarl|p2a: Calyrex|[spread] p2a,p2b\n|-resisted|p2a: Calyrex\n|-resisted|p2b: Hitmonchan\n|-damage|p2a: Calyrex|56\/100\n|-damage|p2b: Hitmonchan|0 fnt\n|faint|p2b: Hitmonchan\n|\n|upkeep\n|\n|t:|1739742814\n|switch|p2b: Incineroar|Incineroar, L50, M|100\/100\n|-ability|p2b: Incineroar|Intimidate|boost\n|-unboost|p1a: Chi-Yu|atk|1\n|-unboost|p1b: Flutter Mane|atk|1\n|turn|2\n|\n|t:|1739742831\n|move|p1b: Flutter Mane|Moonblast|p2a: Calyrex\n|-damage|p2a: Calyrex|14\/100\n|move|p2a: Calyrex|Draining Kiss|p1b: Flutter Mane\n|-damage|p1b: Flutter Mane|36\/100\n|-heal|p2a: Calyrex|55\/100|[from] drain|[of] p1b: Flutter Mane\n|move|p1a: Chi-Yu|Heat Wave|p2a: Calyrex|[spread] p2a,p2b\n|-resisted|p2b: Incineroar\n|-damage|p2a: Calyrex|21\/100\n|-damage|p2b: Incineroar|81\/100\n|move|p2b: Incineroar|Parting Shot|p1a: Chi-Yu\n|-unboost|p1a: Chi-Yu|atk|1\n|-unboost|p1a: Chi-Yu|spa|1\n|\n|t:|1739742839\n|switch|p2b: Tropius|Tropius, L50, M|100\/100|[from] Parting Shot\n|\n|upkeep\n|turn|3\n|j| surgevgc\n|inactive|llefface has 30 seconds left.\n|\n|t:|1739742869\n|switch|p2b: Incineroar|Incineroar, L50, M|81\/100\n|-ability|p2b: Incineroar|Intimidate|boost\n|-unboost|p1a: Chi-Yu|atk|1\n|-unboost|p1b: Flutter Mane|atk|1\n|move|p2a: Calyrex|Protect|p2a: Calyrex\n|-singleturn|p2a: Calyrex|Protect\n|move|p1b: Flutter Mane|Dazzling Gleam|p2a: Calyrex|[spread] p2b\n|-activate|p2a: Calyrex|move: Protect\n|-damage|p2b: Incineroar|51\/100\n|move|p1a: Chi-Yu|Heat Wave|p2a: Calyrex|[spread] p2b\n|-activate|p2a: Calyrex|move: Protect\n|-resisted|p2b: Incineroar\n|-damage|p2b: Incineroar|38\/100\n|\n|upkeep\n|turn|4\n|\n|t:|1739742888\n|move|p1b: Flutter Mane|Protect|p1b: Flutter Mane\n|-singleturn|p1b: Flutter Mane|Protect\n|move|p2b: Incineroar|Fake Out|p1b: Flutter Mane\n|-activate|p1b: Flutter Mane|move: Protect\n|move|p2a: Calyrex|Draining Kiss|p1a: Chi-Yu\n|-damage|p1a: Chi-Yu|30\/100\n|-heal|p2a: Calyrex|52\/100|[from] drain|[of] p1a: Chi-Yu\n|move|p1a: Chi-Yu|Overheat|p2a: Calyrex\n|-damage|p2a: Calyrex|13\/100\n|-unboost|p1a: Chi-Yu|spa|2\n|\n|upkeep\n|turn|5\n|\n|t:|1739742911\n|switch|p1a: Calyrex|Calyrex-Ice, L50|100\/100\n|-ability|p1a: Calyrex|As One\n|-ability|p1a: Calyrex|Unnerve\n|move|p2a: Calyrex|Protect|p2a: Calyrex\n|-singleturn|p2a: Calyrex|Protect\n|move|p1b: Flutter Mane|Dazzling Gleam|p2b: Incineroar|[spread] p2b\n|-activate|p2a: Calyrex|move: Protect\n|-crit|p2b: Incineroar\n|-damage|p2b: Incineroar|2\/100\n|move|p2b: Incineroar|Knock Off|p1b: Flutter Mane\n|-damage|p1b: Flutter Mane|0 fnt\n|faint|p1b: Flutter Mane\n|-end|p1b: Flutter Mane|Protosynthesis|[silent]\n|\n|upkeep\n|inactive|llefface has 30 seconds left.\n|\n|t:|1739742940\n|switch|p1b: Amoonguss|Amoonguss, L50, M|100\/100\n|turn|6\n|j| mr pogostick\n|\n|t:|1739742949\n|move|p1a: Calyrex|Protect|p1a: Calyrex\n|-singleturn|p1a: Calyrex|Protect\n|move|p2a: Calyrex|Astral Barrage|p1a: Calyrex|[spread] p1b\n|-activate|p1a: Calyrex|move: Protect\n|-damage|p1b: Amoonguss|32\/100\n|move|p2b: Incineroar|Knock Off|p1b: Amoonguss\n|-damage|p1b: Amoonguss|0 fnt\n|-enditem|p1b: Amoonguss|Mental Herb|[from] move: Knock Off|[of] p2b: Incineroar\n|faint|p1b: Amoonguss\n|\n|upkeep\n|c|\u2606llefface|gg\n|-message|llefface forfeited.\n|\n|win|chin8\n|raw|llefface's rating: 1704 &rarr; <strong>1681<\/strong><br \/>(-23 for losing)\n|raw|chin8's rating: 1658 &rarr; <strong>1681<\/strong><br \/>(+23 for winning)\n|l|\u2606llefface\n|player|p1|\n|l|\u2606chin8\n|player|p2|\n|l| mr pogostick\n|l| surgevgc\n","uploadtime":1739743188,"views":12,"formatid":"gen9vgc2025regg","rating":1681,"private":0,"password":null}