{"id":"gen9vgc2025regg-2302926517","format":"[Gen 9] VGC 2025 Reg G","players":["Terry kloak","aoiharada"],"log":"|j|\u2606Terry kloak\n|j|\u2606aoiharada\n|t:|1739857548\n|gametype|doubles\n|player|p1|Terry kloak|266|1583\n|player|p2|aoiharada|169|1685\n|teamsize|p1|6\n|teamsize|p2|6\n|gen|9\n|tier|[Gen 9] VGC 2025 Reg G\n|rated|\n|rule|Species Clause: Limit one of each Pok\u00e9mon\n|rule|Item Clause: Limit 1 of each item\n|clearpoke\n|poke|p1|Zacian-*, L50|\n|poke|p1|Whimsicott, L50, M|\n|poke|p1|Milotic, L50, M|\n|poke|p1|Raging Bolt, L50|\n|poke|p1|Landorus, L50, M|\n|poke|p1|Incineroar, L50, F|\n|poke|p2|Kyogre, L50|\n|poke|p2|Rillaboom, L50, F|\n|poke|p2|Incineroar, L50, M|\n|poke|p2|Amoonguss, L50, M|\n|poke|p2|Urshifu-*, L50, M|\n|poke|p2|Raging Bolt, L50|\n|teampreview|4\n|inactive|Battle timer is ON: inactive players will automatically lose when time's up. (requested by aoiharada)\n|\n|t:|1739857579\n|start\n|switch|p1a: Milotic|Milotic, L50, M|100\/100\n|switch|p1b: Raging Bolt|Raging Bolt, L50|100\/100\n|switch|p2a: Kyogre|Kyogre, L50|100\/100\n|switch|p2b: Rillaboom|Rillaboom, L50, F|100\/100\n|-weather|RainDance|[from] ability: Drizzle|[of] p2a: Kyogre\n|-fieldstart|move: Grassy Terrain|[from] ability: Grassy Surge|[of] p2b: Rillaboom\n|turn|1\n|\n|t:|1739857601\n|move|p1a: Milotic|Protect|p1a: Milotic\n|-singleturn|p1a: Milotic|Protect\n|move|p2b: Rillaboom|Fake Out|p1a: Milotic\n|-activate|p1a: Milotic|move: Protect\n|move|p2a: Kyogre|Calm Mind|p2a: Kyogre\n|-boost|p2a: Kyogre|spa|1\n|-boost|p2a: Kyogre|spd|1\n|move|p1b: Raging Bolt|Snarl|p2a: Kyogre|[spread] p2a,p2b\n|-damage|p2a: Kyogre|93\/100\n|-damage|p2b: Rillaboom|91\/100\n|-unboost|p2a: Kyogre|spa|1\n|-unboost|p2b: Rillaboom|spa|1\n|\n|-weather|RainDance|[upkeep]\n|-heal|p2a: Kyogre|99\/100|[from] Grassy Terrain\n|-heal|p2a: Kyogre|100\/100|[from] item: Leftovers\n|-heal|p2b: Rillaboom|97\/100|[from] Grassy Terrain\n|upkeep\n|turn|2\n|\n|t:|1739857618\n|move|p1a: Milotic|Coil|p1a: Milotic\n|-boost|p1a: Milotic|atk|1\n|-boost|p1a: Milotic|def|1\n|-boost|p1a: Milotic|accuracy|1\n|move|p2a: Kyogre|Calm Mind|p2a: Kyogre\n|-boost|p2a: Kyogre|spa|1\n|-boost|p2a: Kyogre|spd|1\n|move|p1b: Raging Bolt|Snarl|p2a: Kyogre|[spread] p2a,p2b\n|-crit|p2a: Kyogre\n|-damage|p2a: Kyogre|83\/100\n|-damage|p2b: Rillaboom|89\/100\n|-unboost|p2a: Kyogre|spa|1\n|-unboost|p2b: Rillaboom|spa|1\n|move|p2b: Rillaboom|Drum Beating|p1a: Milotic\n|-supereffective|p1a: Milotic\n|-damage|p1a: Milotic|37\/100\n|-unboost|p1a: Milotic|spe|1\n|-ability|p1a: Milotic|Competitive|boost\n|-boost|p1a: Milotic|spa|2\n|\n|-weather|RainDance|[upkeep]\n|-heal|p2a: Kyogre|90\/100|[from] Grassy Terrain\n|-heal|p2a: Kyogre|96\/100|[from] item: Leftovers\n|-heal|p2b: Rillaboom|95\/100|[from] Grassy Terrain\n|-heal|p1a: Milotic|43\/100|[from] Grassy Terrain\n|-heal|p1a: Milotic|49\/100|[from] item: Leftovers\n|upkeep\n|turn|3\n|\n|t:|1739857643\n|move|p1a: Milotic|Protect|p1a: Milotic\n|-singleturn|p1a: Milotic|Protect\n|move|p2a: Kyogre|Origin Pulse|p1b: Raging Bolt|[spread] \n|-activate|p1a: Milotic|move: Protect\n|-miss|p2a: Kyogre|p1b: Raging Bolt\n|move|p2b: Rillaboom|Drum Beating|p1a: Milotic\n|-activate|p1a: Milotic|move: Protect\n|move|p1b: Raging Bolt|Volt Switch|p2a: Kyogre\n|-supereffective|p2a: Kyogre\n|-damage|p2a: Kyogre|67\/100\n|\n|t:|1739857656\n|-end|p1b: Raging Bolt|Protosynthesis|[silent]\n|switch|p1b: Whimsicott|Whimsicott, L50, M|100\/100|[from] Volt Switch\n|\n|-weather|RainDance|[upkeep]\n|-heal|p2a: Kyogre|73\/100|[from] Grassy Terrain\n|-heal|p2a: Kyogre|79\/100|[from] item: Leftovers\n|-heal|p2b: Rillaboom|100\/100|[from] Grassy Terrain\n|-heal|p1a: Milotic|56\/100|[from] Grassy Terrain\n|-heal|p1a: Milotic|62\/100|[from] item: Leftovers\n|upkeep\n|turn|4\n|\n|t:|1739857668\n|move|p1b: Whimsicott|Tailwind|p1b: Whimsicott\n|-sidestart|p1: Terry kloak|move: Tailwind\n|move|p2b: Rillaboom|Grassy Glide|p1a: Milotic\n|-supereffective|p1a: Milotic\n|-damage|p1a: Milotic|18\/100\n|move|p1a: Milotic|Hypnosis|p2b: Rillaboom\n|-status|p2b: Rillaboom|slp|[from] move: Hypnosis\n|move|p2a: Kyogre|Origin Pulse|p1a: Milotic|[spread] p1a,p1b\n|-resisted|p1a: Milotic\n|-resisted|p1b: Whimsicott\n|-damage|p1a: Milotic|0 fnt\n|-damage|p1b: Whimsicott|59\/100\n|faint|p1a: Milotic\n|\n|-weather|RainDance|[upkeep]\n|-heal|p1b: Whimsicott|65\/100|[from] Grassy Terrain\n|-heal|p2a: Kyogre|85\/100|[from] Grassy Terrain\n|-heal|p2a: Kyogre|92\/100|[from] item: Leftovers\n|upkeep\n|\n|t:|1739857684\n|switch|p1a: Zacian|Zacian-Crowned, L50|100\/100\n|-ability|p1a: Zacian|Intrepid Sword|boost\n|-boost|p1a: Zacian|atk|1\n|turn|5\n|\n|t:|1739857697\n|switch|p2b: Incineroar|Incineroar, L50, M|100\/100\n|-ability|p2b: Incineroar|Intimidate|boost\n|-unboost|p1a: Zacian|atk|1\n|-unboost|p1b: Whimsicott|atk|1\n|-terastallize|p1a: Zacian|Water\n|move|p1b: Whimsicott|Light Screen|p1b: Whimsicott\n|-sidestart|p1: Terry kloak|move: Light Screen\n|move|p1a: Zacian|Swords Dance|p1a: Zacian\n|-boost|p1a: Zacian|atk|2\n|move|p2a: Kyogre|Origin Pulse|p1b: Whimsicott|[spread] p1b\n|-miss|p2a: Kyogre|p1a: Zacian\n|-resisted|p1b: Whimsicott\n|-damage|p1b: Whimsicott|39\/100\n|\n|-weather|none\n|-heal|p1b: Whimsicott|45\/100|[from] Grassy Terrain\n|-heal|p2a: Kyogre|98\/100|[from] Grassy Terrain\n|-heal|p2a: Kyogre|100\/100|[from] item: Leftovers\n|-fieldend|move: Grassy Terrain\n|upkeep\n|turn|6\n|inactive|aoiharada has 30 seconds left.\n|\n|t:|1739857723\n|switch|p1b: Raging Bolt|Raging Bolt, L50|100\/100\n|move|p1a: Zacian|Protect|p1a: Zacian\n|-singleturn|p1a: Zacian|Protect\n|move|p2b: Incineroar|Fake Out|p1a: Zacian\n|-activate|p1a: Zacian|move: Protect\n|move|p2a: Kyogre|Ice Beam|p1b: Raging Bolt\n|-supereffective|p1b: Raging Bolt\n|-damage|p1b: Raging Bolt|75\/100\n|\n|upkeep\n|turn|7\n|inactive|aoiharada has 30 seconds left.\n|\n|t:|1739857751\n|switch|p2b: Amoonguss|Amoonguss, L50, M|100\/100\n|move|p1a: Zacian|Play Rough|p2b: Amoonguss\n|-resisted|p2b: Amoonguss\n|-damage|p2b: Amoonguss|59\/100\n|-damage|p1a: Zacian|84\/100|[from] item: Rocky Helmet|[of] p2b: Amoonguss\n|move|p1b: Raging Bolt|Volt Switch|p2b: Amoonguss\n|-resisted|p2b: Amoonguss\n|-damage|p2b: Amoonguss|42\/100\n|\n|t:|1739857760\n|-end|p1b: Raging Bolt|Protosynthesis|[silent]\n|switch|p1b: Whimsicott|Whimsicott, L50, M|45\/100|[from] Volt Switch\n|move|p2a: Kyogre|Calm Mind|p2a: Kyogre\n|-boost|p2a: Kyogre|spa|1\n|-boost|p2a: Kyogre|spd|1\n|\n|-sideend|p1: Terry kloak|move: Tailwind\n|upkeep\n|turn|8\n|\n|t:|1739857771\n|switch|p2b: Incineroar|Incineroar, L50, M|100\/100\n|-ability|p2b: Incineroar|Intimidate|boost\n|-unboost|p1a: Zacian|atk|1\n|-unboost|p1b: Whimsicott|atk|1\n|move|p1b: Whimsicott|Encore|p2a: Kyogre\n|-start|p2a: Kyogre|Encore\n|move|p1a: Zacian|Behemoth Blade|p2b: Incineroar\n|-resisted|p2b: Incineroar\n|-damage|p2b: Incineroar|62\/100\n|move|p2a: Kyogre|Calm Mind|p2a: Kyogre\n|-boost|p2a: Kyogre|spa|1\n|-boost|p2a: Kyogre|spd|1\n|\n|upkeep\n|turn|9\n|\n|t:|1739857789\n|switch|p1b: Raging Bolt|Raging Bolt, L50|75\/100\n|move|p2b: Incineroar|Fake Out|p1a: Zacian\n|-damage|p1a: Zacian|77\/100\n|cant|p1a: Zacian|flinch\n|move|p2a: Kyogre|Calm Mind|p2a: Kyogre\n|-boost|p2a: Kyogre|spa|1\n|-boost|p2a: Kyogre|spd|1\n|\n|-sideend|p1: Terry kloak|move: Light Screen\n|upkeep\n|turn|10\n|inactive|Terry kloak has 30 seconds left.\n|\n|t:|1739857814\n|move|p1a: Zacian|Play Rough|p2a: Kyogre|[miss]\n|-miss|p1a: Zacian|p2a: Kyogre\n|move|p2b: Incineroar|Parting Shot|p1a: Zacian\n|-unboost|p1a: Zacian|atk|1\n|-unboost|p1a: Zacian|spa|1\n|j| hutubat\n|\n|t:|1739857823\n|switch|p2b: Amoonguss|Amoonguss, L50, M|75\/100|[from] Parting Shot\n|move|p2a: Kyogre|Calm Mind|p2a: Kyogre\n|-boost|p2a: Kyogre|spa|1\n|-boost|p2a: Kyogre|spd|1\n|move|p1b: Raging Bolt|Volt Switch|p2a: Kyogre\n|-supereffective|p2a: Kyogre\n|-damage|p2a: Kyogre|85\/100\n|\n|t:|1739857832\n|-end|p1b: Raging Bolt|Protosynthesis|[silent]\n|switch|p1b: Whimsicott|Whimsicott, L50, M|45\/100|[from] Volt Switch\n|\n|-heal|p2a: Kyogre|91\/100|[from] item: Leftovers\n|-end|p2a: Kyogre|Encore\n|upkeep\n|turn|11\n|\n|t:|1739857853\n|switch|p1b: Raging Bolt|Raging Bolt, L50|75\/100\n|move|p1a: Zacian|Swords Dance|p1a: Zacian\n|-boost|p1a: Zacian|atk|2\n|move|p2a: Kyogre|Ice Beam|p1b: Raging Bolt\n|-supereffective|p1b: Raging Bolt\n|-damage|p1b: Raging Bolt|0 fnt\n|faint|p1b: Raging Bolt\n|-end|p1b: Raging Bolt|Protosynthesis|[silent]\n|move|p2b: Amoonguss|Spore|p1a: Zacian\n|-status|p1a: Zacian|slp|[from] move: Spore\n|\n|-heal|p2a: Kyogre|97\/100|[from] item: Leftovers\n|upkeep\n|-message|Terry kloak forfeited.\n|\n|win|aoiharada\n|raw|Terry kloak's rating: 1583 &rarr; <strong>1569<\/strong><br \/>(-14 for losing)\n|raw|aoiharada's rating: 1685 &rarr; <strong>1699<\/strong><br \/>(+14 for winning)\n|l|\u2606Terry kloak\n|player|p1|\n|l|\u2606aoiharada\n|player|p2|\n","uploadtime":1739858097,"views":10,"formatid":"gen9vgc2025regg","rating":1569,"private":0,"password":null}