{"id":"gen9vgc2025regg-2302481796","format":"[Gen 9] VGC 2025 Reg G","players":["cobalt_poke","BLiiNDProdiigy"],"log":"|j|\u2606cobalt_poke\n|j|\u2606BLiiNDProdiigy\n|t:|1739804679\n|gametype|doubles\n|player|p1|cobalt_poke|170|1639\n|player|p2|BLiiNDProdiigy|rocketgrunt|1615\n|teamsize|p1|6\n|teamsize|p2|6\n|gen|9\n|tier|[Gen 9] VGC 2025 Reg G\n|rated|\n|rule|Species Clause: Limit one of each Pok\u00e9mon\n|rule|Item Clause: Limit 1 of each item\n|clearpoke\n|poke|p1|Weezing-Galar, L50, F|\n|poke|p1|Calyrex-Shadow, L50|\n|poke|p1|Dondozo, L50, M|\n|poke|p1|Tatsugiri, L50, F|\n|poke|p1|Roaring Moon, L50|\n|poke|p1|Flutter Mane, L50|\n|poke|p2|Terapagos, L50, M|\n|poke|p2|Incineroar, L50, F|\n|poke|p2|Rillaboom, L50, M|\n|poke|p2|Urshifu-*, L50, M|\n|poke|p2|Flutter Mane, L50|\n|poke|p2|Ogerpon-Hearthflame, L50, F|\n|teampreview|4\n|inactive|Battle timer is ON: inactive players will automatically lose when time's up. (requested by cobalt_poke)\n|\n|t:|1739804705\n|start\n|switch|p1a: Weezing|Weezing-Galar, L50, F|100\/100\n|switch|p1b: Flutter Mane|Flutter Mane, L50|100\/100\n|switch|p2a: Terapagos|Terapagos, L50, M|100\/100\n|switch|p2b: Incineroar|Incineroar, L50, F|100\/100\n|-activate|p2a: Terapagos|ability: Tera Shift\n|detailschange|p2a: Terapagos|Terapagos-Terastal, L50, M\n|-heal|p2a: Terapagos|100\/100|[silent]\n|-ability|p1a: Weezing|Neutralizing Gas\n|turn|1\n|inactive|cobalt_poke has 30 seconds left.\n|inactive|cobalt_poke has 20 seconds left.\n|j| Reverie Jr.\n|inactive|cobalt_poke has 15 seconds left.\n|\n|t:|1739804747\n|move|p2b: Incineroar|Fake Out|p1a: Weezing\n|-damage|p1a: Weezing|90\/100\n|move|p1b: Flutter Mane|Taunt|p2a: Terapagos\n|-start|p2a: Terapagos|move: Taunt\n|cant|p2a: Terapagos|move: Taunt|Substitute\n|cant|p1a: Weezing|flinch\n|\n|upkeep\n|turn|2\n|\n|t:|1739804766\n|-terastallize|p2a: Terapagos|Stellar\n|detailschange|p2a: Terapagos|Terapagos-Stellar, L50, M, tera:Stellar\n|-heal|p2a: Terapagos|100\/100|[silent]\n|move|p1b: Flutter Mane|Taunt|p2b: Incineroar\n|-start|p2b: Incineroar|move: Taunt\n|move|p2a: Terapagos|Tera Starstorm|p1a: Weezing|[spread] p1a,p1b\n|-damage|p1a: Weezing|55\/100\n|-damage|p1b: Flutter Mane|65\/100\n|move|p2b: Incineroar|Knock Off|p1b: Flutter Mane\n|-damage|p1b: Flutter Mane|33\/100\n|move|p1a: Weezing|Toxic Spikes|p2a: Terapagos\n|-sidestart|p2: BLiiNDProdiigy|move: Toxic Spikes\n|\n|upkeep\n|turn|3\n|j| shengning2\n|\n|t:|1739804785\n|move|p1b: Flutter Mane|Moonblast|p2b: Incineroar\n|-damage|p2b: Incineroar|63\/100\n|-unboost|p2b: Incineroar|spa|1\n|move|p2a: Terapagos|Tera Starstorm|p1a: Weezing|[spread] p1a,p1b\n|-damage|p1a: Weezing|17\/100\n|-damage|p1b: Flutter Mane|0 fnt\n|-enditem|p1a: Weezing|Sitrus Berry|[eat]\n|-heal|p1a: Weezing|42\/100|[from] item: Sitrus Berry\n|faint|p1b: Flutter Mane\n|-end|p1b: Flutter Mane|Protosynthesis|[silent]\n|move|p2b: Incineroar|Knock Off|p1a: Weezing\n|-resisted|p1a: Weezing\n|-damage|p1a: Weezing|30\/100\n|move|p1a: Weezing|Poison Gas|p2a: Terapagos|[spread] p2a,p2b\n|-status|p2a: Terapagos|psn\n|-status|p2b: Incineroar|psn\n|\n|-damage|p2a: Terapagos|88\/100 psn|[from] psn\n|-damage|p2b: Incineroar|50\/100 psn|[from] psn\n|-end|p2a: Terapagos|move: Taunt\n|upkeep\n|\n|t:|1739804796\n|switch|p1b: Dondozo|Dondozo, L50, M|100\/100\n|turn|4\n|\n|t:|1739804801\n|switch|p2b: Rillaboom|Rillaboom, L50, M|100\/100\n|-status|p2b: Rillaboom|psn\n|move|p1a: Weezing|Protect|p1a: Weezing\n|-singleturn|p1a: Weezing|Protect\n|move|p2a: Terapagos|Tera Starstorm|p1a: Weezing|[spread] p1b\n|-activate|p1a: Weezing|move: Protect\n|-damage|p1b: Dondozo|64\/100\n|move|p1b: Dondozo|Substitute|p1b: Dondozo\n|-start|p1b: Dondozo|Substitute\n|-damage|p1b: Dondozo|39\/100\n|\n|-heal|p2a: Terapagos|94\/100 psn|[from] item: Leftovers\n|-heal|p1b: Dondozo|45\/100|[from] item: Leftovers\n|-damage|p2b: Rillaboom|88\/100 psn|[from] psn\n|-damage|p2a: Terapagos|82\/100 psn|[from] psn\n|upkeep\n|turn|5\n|\n|t:|1739804814\n|-end|p1a: Weezing|ability: Neutralizing Gas\n|-fieldstart|move: Grassy Terrain|[from] ability: Grassy Surge|[of] p2b: Rillaboom\n|switch|p1a: Tatsugiri|Tatsugiri, L50, F|100\/100\n|-activate|p1a: Tatsugiri|ability: Commander|[of] p1b: Dondozo\n|-boost|p1b: Dondozo|atk|2\n|-boost|p1b: Dondozo|spa|2\n|-boost|p1b: Dondozo|spe|2\n|-boost|p1b: Dondozo|def|2\n|-boost|p1b: Dondozo|spd|2\n|move|p1b: Dondozo|Protect|p1b: Dondozo\n|-singleturn|p1b: Dondozo|Protect\n|move|p2a: Terapagos|Protect|p2a: Terapagos\n|-singleturn|p2a: Terapagos|Protect\n|move|p2b: Rillaboom|U-turn|p1b: Dondozo\n|-activate|p1b: Dondozo|move: Protect\n|\n|-heal|p1b: Dondozo|51\/100|[from] Grassy Terrain\n|-heal|p1b: Dondozo|57\/100|[from] item: Leftovers\n|-heal|p2b: Rillaboom|94\/100 psn|[from] Grassy Terrain\n|-heal|p2a: Terapagos|88\/100 psn|[from] Grassy Terrain\n|-heal|p2a: Terapagos|94\/100 psn|[from] item: Leftovers\n|-damage|p2b: Rillaboom|82\/100 psn|[from] psn\n|-damage|p2a: Terapagos|82\/100 psn|[from] psn\n|upkeep\n|turn|6\n|inactive|cobalt_poke has 30 seconds left.\n|inactive|cobalt_poke has 20 seconds left.\n|\n|t:|1739804854\n|switch|p2a: Flutter Mane|Flutter Mane, L50|100\/100\n|-status|p2a: Flutter Mane|psn\n|-enditem|p2a: Flutter Mane|Booster Energy\n|-activate|p2a: Flutter Mane|ability: Protosynthesis|[fromitem]\n|-start|p2a: Flutter Mane|protosynthesisspe\n|-terastallize|p1b: Dondozo|Grass\n|move|p1b: Dondozo|Substitute|p1b: Dondozo\n|-fail|p1b: Dondozo|move: Substitute\n|move|p2b: Rillaboom|Wood Hammer|p1b: Dondozo\n|-resisted|p1b: Dondozo\n|-activate|p1b: Dondozo|move: Substitute|[damage]\n|-damage|p2b: Rillaboom|77\/100 psn|[from] Recoil|[of] p1b: Dondozo\n|\n|-heal|p1b: Dondozo|64\/100|[from] Grassy Terrain\n|-heal|p1b: Dondozo|70\/100|[from] item: Leftovers\n|-heal|p2b: Rillaboom|83\/100 psn|[from] Grassy Terrain\n|-damage|p2a: Flutter Mane|88\/100 psn|[from] psn\n|-damage|p2b: Rillaboom|70\/100 psn|[from] psn\n|upkeep\n|turn|7\n|\n|t:|1739804875\n|move|p1b: Dondozo|Protect|p1b: Dondozo\n|-singleturn|p1b: Dondozo|Protect\n|move|p2a: Flutter Mane|Icy Wind|p1a: Tatsugiri|[spread] \n|-miss|p2a: Flutter Mane|p1a: Tatsugiri\n|-activate|p1b: Dondozo|move: Protect\n|move|p2b: Rillaboom|U-turn|p1b: Dondozo\n|-activate|p1b: Dondozo|move: Protect\n|\n|-heal|p2a: Flutter Mane|94\/100 psn|[from] Grassy Terrain\n|-heal|p1b: Dondozo|76\/100|[from] Grassy Terrain\n|-heal|p1b: Dondozo|82\/100|[from] item: Leftovers\n|-heal|p2b: Rillaboom|76\/100 psn|[from] Grassy Terrain\n|-damage|p2a: Flutter Mane|82\/100 psn|[from] psn\n|-damage|p2b: Rillaboom|64\/100 psn|[from] psn\n|upkeep\n|turn|8\n|\n|t:|1739804883\n|move|p2a: Flutter Mane|Protect|p2a: Flutter Mane\n|-singleturn|p2a: Flutter Mane|Protect\n|move|p1b: Dondozo|Wave Crash|p2a: Flutter Mane\n|-activate|p2a: Flutter Mane|move: Protect\n|move|p2b: Rillaboom|U-turn|p1b: Dondozo\n|-supereffective|p1b: Dondozo\n|-end|p1b: Dondozo|Substitute\n|\n|t:|1739804893\n|switch|p2b: Incineroar|Incineroar, L50, F|50\/100 psn|[from] U-turn\n|-ability|p2b: Incineroar|Intimidate|boost\n|-unboost|p1a: Tatsugiri|atk|1\n|-unboost|p1b: Dondozo|atk|1\n|\n|-heal|p2a: Flutter Mane|88\/100 psn|[from] Grassy Terrain\n|-heal|p1b: Dondozo|88\/100|[from] Grassy Terrain\n|-heal|p1b: Dondozo|95\/100|[from] item: Leftovers\n|-heal|p2b: Incineroar|56\/100 psn|[from] Grassy Terrain\n|-damage|p2a: Flutter Mane|75\/100 psn|[from] psn\n|-damage|p2b: Incineroar|44\/100 psn|[from] psn\n|upkeep\n|turn|9\n|\n|t:|1739804903\n|switch|p2b: Rillaboom|Rillaboom, L50, M|64\/100 psn\n|move|p2a: Flutter Mane|Icy Wind|p1b: Dondozo|[spread] p1b\n|-miss|p2a: Flutter Mane|p1a: Tatsugiri\n|-supereffective|p1b: Dondozo\n|-damage|p1b: Dondozo|81\/100\n|-unboost|p1b: Dondozo|spe|1\n|move|p1b: Dondozo|Wave Crash|p2a: Flutter Mane\n|-damage|p2a: Flutter Mane|0 fnt\n|faint|p2a: Flutter Mane\n|-end|p2a: Flutter Mane|Protosynthesis|[silent]\n|-damage|p1b: Dondozo|66\/100|[from] Recoil\n|\n|-heal|p2b: Rillaboom|70\/100 psn|[from] Grassy Terrain\n|-heal|p1b: Dondozo|72\/100|[from] Grassy Terrain\n|-heal|p1b: Dondozo|78\/100|[from] item: Leftovers\n|-damage|p2b: Rillaboom|57\/100 psn|[from] psn\n|-fieldend|move: Grassy Terrain\n|upkeep\n|\n|t:|1739804915\n|switch|p2a: Terapagos|Terapagos-Stellar, L50, M, tera:Stellar|82\/100 psn\n|turn|10\n|\n|t:|1739804936\n|switch|p2b: Incineroar|Incineroar, L50, F|44\/100 psn\n|-ability|p2b: Incineroar|Intimidate|boost\n|-unboost|p1a: Tatsugiri|atk|1\n|-unboost|p1b: Dondozo|atk|1\n|move|p2a: Terapagos|Calm Mind|p2a: Terapagos\n|-boost|p2a: Terapagos|spa|1\n|-boost|p2a: Terapagos|spd|1\n|move|p1b: Dondozo|Substitute|p1b: Dondozo\n|-start|p1b: Dondozo|Substitute\n|-damage|p1b: Dondozo|53\/100\n|\n|-heal|p2a: Terapagos|88\/100 psn|[from] item: Leftovers\n|-heal|p1b: Dondozo|60\/100|[from] item: Leftovers\n|-damage|p2a: Terapagos|75\/100 psn|[from] psn\n|-damage|p2b: Incineroar|31\/100 psn|[from] psn\n|upkeep\n|turn|11\n|-message|BLiiNDProdiigy forfeited.\n|\n|win|cobalt_poke\n|raw|cobalt_poke's rating: 1639 &rarr; <strong>1658<\/strong><br \/>(+19 for winning)\n|raw|BLiiNDProdiigy's rating: 1615 &rarr; <strong>1596<\/strong><br \/>(-19 for losing)\n|l|\u2606BLiiNDProdiigy\n|player|p2|\n|l|\u2606cobalt_poke\n|player|p1|\n|l| shengning2\n","uploadtime":1739805121,"views":6,"formatid":"gen9vgc2025regg","rating":1596,"private":0,"password":null}