{"id":"gen9vgc2025regg-2302958386","format":"[Gen 9] VGC 2025 Reg G","players":["ChaosTenma","Areestoo"],"log":"|j|\u2606ChaosTenma\n|j|\u2606Areestoo\n|t:|1739863879\n|gametype|doubles\n|player|p1|ChaosTenma|red|1625\n|player|p2|Areestoo|170|1626\n|teamsize|p1|6\n|teamsize|p2|6\n|gen|9\n|tier|[Gen 9] VGC 2025 Reg G\n|rated|\n|rule|Species Clause: Limit one of each Pok\u00e9mon\n|rule|Item Clause: Limit 1 of each item\n|clearpoke\n|poke|p1|Pelipper, L50, M|\n|poke|p1|Landorus, L50, M|\n|poke|p1|Rillaboom, L50, M|\n|poke|p1|Zamazenta-*, L50|\n|poke|p1|Flutter Mane, L50|\n|poke|p1|Chien-Pao, L50|\n|poke|p2|Necrozma-Dawn-Wings, L50|\n|poke|p2|Indeedee-F, L50, F|\n|poke|p2|Ursaluna, L50, F|\n|poke|p2|Gallade, L50, M|\n|poke|p2|Torkoal, L50, M|\n|poke|p2|Lilligant-Hisui, L50, F|\n|teampreview|4\n|inactive|Battle timer is ON: inactive players will automatically lose when time's up. (requested by Areestoo)\n|inactive|ChaosTenma has 60 seconds left.\n|\n|t:|1739863921\n|start\n|switch|p1a: Pelipper|Pelipper, L50, M|100\/100\n|switch|p1b: Landorus|Landorus, L50, M|100\/100\n|switch|p2a: Torkoal|Torkoal, L50, M|100\/100\n|switch|p2b: Lilligant|Lilligant-Hisui, L50, F|100\/100\n|-weather|RainDance|[from] ability: Drizzle|[of] p1a: Pelipper\n|-weather|SunnyDay|[from] ability: Drought|[of] p2a: Torkoal\n|turn|1\n|inactive|ChaosTenma has 30 seconds left.\n|\n|t:|1739863947\n|switch|p2a: Indeedee|Indeedee-F, L50, F|100\/100\n|-fieldstart|move: Psychic Terrain|[from] ability: Psychic Surge|[of] p2a: Indeedee\n|-enditem|p2a: Indeedee|Psychic Seed\n|-boost|p2a: Indeedee|spd|1|[from] item: Psychic Seed\n|move|p1b: Landorus|Protect|p1b: Landorus\n|-singleturn|p1b: Landorus|Protect\n|move|p2b: Lilligant|Close Combat|p1a: Pelipper\n|-resisted|p1a: Pelipper\n|-damage|p1a: Pelipper|74\/100\n|-unboost|p2b: Lilligant|def|1\n|-unboost|p2b: Lilligant|spd|1\n|-damage|p2b: Lilligant|84\/100|[from] item: Rocky Helmet|[of] p1a: Pelipper\n|move|p1a: Pelipper|Weather Ball|p2b: Lilligant\n|-supereffective|p2b: Lilligant\n|-damage|p2b: Lilligant|0 fnt\n|faint|p2b: Lilligant\n|\n|-weather|SunnyDay|[upkeep]\n|upkeep\n|j| mr pogostick\n|\n|t:|1739863962\n|switch|p2b: Necrozma|Necrozma-Dawn-Wings, L50|100\/100\n|turn|2\n|inactive|ChaosTenma has 30 seconds left.\n|inactive|ChaosTenma has 20 seconds left.\n|\n|t:|1739863998\n|switch|p1b: Zamazenta|Zamazenta-Crowned, L50, shiny|100\/100\n|-ability|p1b: Zamazenta|Dauntless Shield|boost\n|-boost|p1b: Zamazenta|def|1\n|switch|p1a: Rillaboom|Rillaboom, L50, M|100\/100\n|-fieldstart|move: Grassy Terrain|[from] ability: Grassy Surge|[of] p1a: Rillaboom\n|-terastallize|p2b: Necrozma|Water\n|move|p2b: Necrozma|Meteor Beam||[still]\n|-prepare|p2b: Necrozma|Meteor Beam\n|-boost|p2b: Necrozma|spa|1\n|-enditem|p2b: Necrozma|Power Herb\n|-anim|p2b: Necrozma|Meteor Beam|p1a: Rillaboom\n|-damage|p1a: Rillaboom|41\/100\n|move|p2a: Indeedee|Trick Room|p2a: Indeedee\n|-fieldstart|move: Trick Room|[of] p2a: Indeedee\n|\n|-weather|SunnyDay|[upkeep]\n|-heal|p1a: Rillaboom|47\/100|[from] Grassy Terrain\n|upkeep\n|turn|3\n|inactive|ChaosTenma has 30 seconds left.\n|inactive|ChaosTenma has 20 seconds left.\n|inactive|Areestoo has 30 seconds left.\n|inactive|ChaosTenma has 15 seconds left.\n|\n|t:|1739864039\n|move|p1a: Rillaboom|Fake Out|p2b: Necrozma\n|-damage|p2b: Necrozma|90\/100\n|move|p2a: Indeedee|Follow Me|p2a: Indeedee\n|-singleturn|p2a: Indeedee|move: Follow Me\n|cant|p2b: Necrozma|flinch\n|move|p1b: Zamazenta|Iron Defense|p1b: Zamazenta\n|-boost|p1b: Zamazenta|def|2\n|\n|-weather|SunnyDay|[upkeep]\n|-heal|p2b: Necrozma|96\/100|[from] Grassy Terrain\n|-heal|p1a: Rillaboom|53\/100|[from] Grassy Terrain\n|upkeep\n|turn|4\n|\n|t:|1739864064\n|switch|p2a: Torkoal|Torkoal, L50, M|100\/100\n|switch|p1a: Landorus|Landorus, L50, M|100\/100\n|move|p2b: Necrozma|Moongeist Beam|p1a: Landorus\n|-damage|p1a: Landorus|0 fnt\n|faint|p1a: Landorus\n|move|p1b: Zamazenta|Body Press|p2b: Necrozma\n|-damage|p2b: Necrozma|0 fnt\n|faint|p2b: Necrozma\n|\n|-weather|SunnyDay|[upkeep]\n|upkeep\n|\n|t:|1739864080\n|switch|p2b: Indeedee|Indeedee-F, L50, F|100\/100\n|switch|p1a: Pelipper|Pelipper, L50, M|74\/100\n|-fieldstart|move: Psychic Terrain|[from] ability: Psychic Surge|[of] p2b: Indeedee\n|-weather|RainDance|[from] ability: Drizzle|[of] p1a: Pelipper\n|turn|5\n|\n|t:|1739864096\n|move|p2b: Indeedee|Helping Hand|p2a: Torkoal\n|-singleturn|p2a: Torkoal|Helping Hand|[of] p2b: Indeedee\n|move|p1a: Pelipper|Helping Hand|p1b: Zamazenta\n|-singleturn|p1b: Zamazenta|Helping Hand|[of] p1a: Pelipper\n|move|p2a: Torkoal|Weather Ball|p1b: Zamazenta\n|-damage|p1b: Zamazenta|26\/100\n|move|p1b: Zamazenta|Body Press|p2b: Indeedee\n|-damage|p2b: Indeedee|0 fnt\n|faint|p2b: Indeedee\n|\n|-weather|RainDance|[upkeep]\n|upkeep\n|turn|6\n|\n|t:|1739864111\n|move|p1b: Zamazenta|Protect|p1b: Zamazenta\n|-singleturn|p1b: Zamazenta|Protect\n|move|p2a: Torkoal|Weather Ball|p1b: Zamazenta\n|-activate|p1b: Zamazenta|move: Protect\n|move|p1a: Pelipper|Weather Ball|p2a: Torkoal\n|-supereffective|p2a: Torkoal\n|-damage|p2a: Torkoal|0 fnt\n|faint|p2a: Torkoal\n|\n|win|ChaosTenma\n|raw|ChaosTenma's rating: 1625 &rarr; <strong>1645<\/strong><br \/>(+20 for winning)\n|raw|Areestoo's rating: 1626 &rarr; <strong>1606<\/strong><br \/>(-20 for losing)\n|l|\u2606ChaosTenma\n|player|p1|\n|l| mr pogostick\n|l|\u2606Areestoo\n|player|p2|\n","uploadtime":1739864250,"views":11,"formatid":"gen9vgc2025regg","rating":1606,"private":0,"password":null}