{"id":"gen9vgc2025regg-2302056518","format":"[Gen 9] VGC 2025 Reg G","players":["chiefclarko11","pig duck eater"],"log":"|j|\u2606chiefclarko11\n|j|\u2606pig duck eater\n|t:|1739741574\n|gametype|doubles\n|player|p1|chiefclarko11|266|1604\n|player|p2|pig duck eater|1|1561\n|teamsize|p1|6\n|teamsize|p2|6\n|gen|9\n|tier|[Gen 9] VGC 2025 Reg G\n|rated|\n|rule|Species Clause: Limit one of each Pok\u00e9mon\n|rule|Item Clause: Limit 1 of each item\n|clearpoke\n|poke|p1|Calyrex-Ice, L50|\n|poke|p1|Urshifu-*, L50, M|\n|poke|p1|Raging Bolt, L50|\n|poke|p1|Grimmsnarl, L50, M|\n|poke|p1|Ogerpon-Hearthflame, L50, F|\n|poke|p1|Landorus, L50, M|\n|poke|p2|Koraidon, L50|\n|poke|p2|Iron Crown, L50|\n|poke|p2|Indeedee-F, L50, F|\n|poke|p2|Garganacl, L50, F|\n|poke|p2|Walking Wake, L50|\n|poke|p2|Ogerpon-Hearthflame, L50, F|\n|teampreview|4\n|\n|t:|1739741630\n|start\n|switch|p1a: Grimmsnarl|Grimmsnarl, L50, M|100\/100\n|switch|p1b: Ogerpon|Ogerpon-Hearthflame, L50, F|100\/100\n|switch|p2a: Iron Crown|Iron Crown, L50|100\/100\n|switch|p2b: Indeedee|Indeedee-F, L50, F|100\/100\n|-ability|p1b: Ogerpon|Mold Breaker\n|-fieldstart|move: Psychic Terrain|[from] ability: Psychic Surge|[of] p2b: Indeedee\n|-enditem|p2b: Indeedee|Psychic Seed\n|-boost|p2b: Indeedee|spd|1|[from] item: Psychic Seed\n|-enditem|p2a: Iron Crown|Booster Energy\n|-activate|p2a: Iron Crown|ability: Quark Drive|[fromitem]\n|-start|p2a: Iron Crown|quarkdrivespe\n|turn|1\n|\n|t:|1739741669\n|move|p1b: Ogerpon|Spiky Shield|p1b: Ogerpon\n|-singleturn|p1b: Ogerpon|move: Protect\n|move|p2b: Indeedee|Follow Me|p2b: Indeedee\n|-singleturn|p2b: Indeedee|move: Follow Me\n|move|p1a: Grimmsnarl|Light Screen|p1a: Grimmsnarl\n|-sidestart|p1: chiefclarko11|move: Light Screen\n|move|p2a: Iron Crown|Calm Mind|p2a: Iron Crown\n|-boost|p2a: Iron Crown|spa|1\n|-boost|p2a: Iron Crown|spd|1\n|\n|upkeep\n|turn|2\n|\n|t:|1739741738\n|-terastallize|p1b: Ogerpon|Fire\n|detailschange|p1b: Ogerpon|Ogerpon-Hearthflame-Tera, L50, F, tera:Fire\n|-ability|p1b: Ogerpon|Embody Aspect (Hearthflame)|boost\n|-boost|p1b: Ogerpon|atk|1\n|move|p2b: Indeedee|Follow Me|p2b: Indeedee\n|-singleturn|p2b: Indeedee|move: Follow Me\n|move|p1a: Grimmsnarl|Reflect|p1a: Grimmsnarl\n|-sidestart|p1: chiefclarko11|Reflect\n|move|p2a: Iron Crown|Calm Mind|p2a: Iron Crown\n|-boost|p2a: Iron Crown|spa|1\n|-boost|p2a: Iron Crown|spd|1\n|move|p1b: Ogerpon|Ivy Cudgel|p2b: Indeedee|[anim] Ivy Cudgel Fire\n|-damage|p2b: Indeedee|0 fnt\n|faint|p2b: Indeedee\n|\n|upkeep\n|\n|t:|1739741752\n|switch|p2b: Koraidon|Koraidon, L50|100\/100\n|-weather|SunnyDay|[from] ability: Orichalcum Pulse|[of] p2b: Koraidon\n|-activate|p2b: Koraidon|Orichalcum Pulse|[source]\n|turn|3\n|\n|t:|1739741774\n|-terastallize|p2b: Koraidon|Fire\n|move|p1b: Ogerpon|Spiky Shield|p1b: Ogerpon\n|-singleturn|p1b: Ogerpon|move: Protect\n|move|p2b: Koraidon|Collision Course|p1b: Ogerpon\n|-activate|p1b: Ogerpon|move: Protect\n|-damage|p2b: Koraidon|88\/100|[from] Spiky Shield|[of] p1b: Ogerpon\n|move|p2a: Iron Crown|Expanding Force|p1b: Ogerpon|[spread] \n|-activate|p1b: Ogerpon|move: Protect\n|-immune|p1a: Grimmsnarl\n|move|p1a: Grimmsnarl|Foul Play|p2a: Iron Crown\n|-supereffective|p2a: Iron Crown\n|-damage|p2a: Iron Crown|60\/100\n|\n|-weather|SunnyDay|[upkeep]\n|upkeep\n|turn|4\n|\n|t:|1739741797\n|move|p2b: Koraidon|Collision Course|p1b: Ogerpon\n|-damage|p1b: Ogerpon|40\/100\n|move|p2a: Iron Crown|Expanding Force|p1a: Grimmsnarl|[spread] p1b\n|-immune|p1a: Grimmsnarl\n|-damage|p1b: Ogerpon|0 fnt\n|faint|p1b: Ogerpon\n|move|p1a: Grimmsnarl|Foul Play|p2b: Koraidon\n|-damage|p2b: Koraidon|45\/100\n|\n|-weather|SunnyDay|[upkeep]\n|upkeep\n|\n|t:|1739741812\n|switch|p1b: Calyrex|Calyrex-Ice, L50|100\/100\n|-ability|p1b: Calyrex|As One\n|-ability|p1b: Calyrex|Unnerve\n|turn|5\n|\n|t:|1739741829\n|move|p1b: Calyrex|Protect|p1b: Calyrex\n|-singleturn|p1b: Calyrex|Protect\n|move|p2b: Koraidon|Collision Course|p1b: Calyrex\n|-activate|p1b: Calyrex|move: Protect\n|move|p2a: Iron Crown|Tachyon Cutter|p1b: Calyrex\n|-activate|p1b: Calyrex|move: Protect\n|move|p1a: Grimmsnarl|Foul Play|p2b: Koraidon\n|-damage|p2b: Koraidon|0 fnt\n|faint|p2b: Koraidon\n|\n|-weather|SunnyDay|[upkeep]\n|-fieldend|move: Psychic Terrain\n|upkeep\n|\n|t:|1739741831\n|switch|p2b: Garganacl|Garganacl, L50, F|100\/100\n|turn|6\n|-message|pig duck eater forfeited.\n|\n|win|chiefclarko11\n|raw|chiefclarko11's rating: 1604 &rarr; <strong>1622<\/strong><br \/>(+18 for winning)\n|raw|pig duck eater's rating: 1572 &rarr; <strong>1554<\/strong><br \/>(-18 for losing)\n|l|\u2606pig duck eater\n|player|p2|\n|l|\u2606chiefclarko11\n|player|p1|\n","uploadtime":1739742080,"views":5,"formatid":"gen9vgc2025regg","rating":1554,"private":0,"password":null}