{"id":"gen9vgc2025regg-2302764821","format":"[Gen 9] VGC 2025 Reg G","players":["ssbutan","SamP_64"],"log":"|j|\u2606ssbutan\n|j|\u2606SamP_64\n|t:|1739835227\n|gametype|doubles\n|player|p1|ssbutan|camper|1650\n|player|p2|SamP_64|101|1673\n|teamsize|p1|6\n|teamsize|p2|6\n|gen|9\n|tier|[Gen 9] VGC 2025 Reg G\n|rated|\n|rule|Species Clause: Limit one of each Pok\u00e9mon\n|rule|Item Clause: Limit 1 of each item\n|clearpoke\n|poke|p1|Calyrex-Ice, L50|\n|poke|p1|Cresselia, L50, F|\n|poke|p1|Rillaboom, L50, F|\n|poke|p1|Urshifu-*, L50, F|\n|poke|p1|Flutter Mane, L50|\n|poke|p1|Sandy Shocks, L50|\n|poke|p2|Incineroar, L50, F|\n|poke|p2|Rillaboom, L50, F|\n|poke|p2|Flutter Mane, L50|\n|poke|p2|Urshifu-*, L50, M|\n|poke|p2|Terapagos, L50, M|\n|poke|p2|Amoonguss, L50, M|\n|teampreview|4\n|inactive|Battle timer is ON: inactive players will automatically lose when time's up. (requested by SamP_64)\n|inactive|ssbutan also wants the timer to be on.\n|j| hideonbusu\n|inactive|ssbutan has 60 seconds left.\n|inactive|SamP_64 has 60 seconds left.\nssbutan rejected open team sheets.\n|l| hideonbusu\n|inactive|SamP_64 has 30 seconds left.\n|j| pmg9\n|inactive|SamP_64 has 20 seconds left.\n|\n|t:|1739835297\n|start\n|switch|p1a: Flutter Mane|Flutter Mane, L50|100\/100\n|switch|p1b: Sandy Shocks|Sandy Shocks, L50|100\/100\n|switch|p2a: Incineroar|Incineroar, L50, F|100\/100\n|switch|p2b: Terapagos|Terapagos, L50, M|100\/100\n|-activate|p2b: Terapagos|ability: Tera Shift\n|detailschange|p2b: Terapagos|Terapagos-Terastal, L50, M\n|-heal|p2b: Terapagos|100\/100|[silent]\n|-ability|p2a: Incineroar|Intimidate|boost\n|-unboost|p1a: Flutter Mane|atk|1\n|-unboost|p1b: Sandy Shocks|atk|1\n|-enditem|p1a: Flutter Mane|Booster Energy\n|-activate|p1a: Flutter Mane|ability: Protosynthesis|[fromitem]\n|-start|p1a: Flutter Mane|protosynthesisspe\n|turn|1\n|\n|t:|1739835319\n|move|p2a: Incineroar|Fake Out|p1b: Sandy Shocks\n|-damage|p1b: Sandy Shocks|90\/100\n|move|p1a: Flutter Mane|Calm Mind|p1a: Flutter Mane\n|-boost|p1a: Flutter Mane|spa|1\n|-boost|p1a: Flutter Mane|spd|1\n|move|p1b: Sandy Shocks|Light Screen|p1b: Sandy Shocks\n|-sidestart|p1: ssbutan|move: Light Screen\n|move|p2b: Terapagos|Calm Mind|p2b: Terapagos\n|-boost|p2b: Terapagos|spa|1\n|-boost|p2b: Terapagos|spd|1\n|\n|upkeep\n|turn|2\n|\n|t:|1739835337\n|move|p1a: Flutter Mane|Taunt|p2b: Terapagos\n|-start|p2b: Terapagos|move: Taunt\n|move|p1b: Sandy Shocks|Earth Power|p2a: Incineroar\n|-supereffective|p2a: Incineroar\n|-damage|p2a: Incineroar|44\/100\n|cant|p2b: Terapagos|move: Taunt|Calm Mind\n|move|p2a: Incineroar|Knock Off|p1a: Flutter Mane\n|-damage|p1a: Flutter Mane|67\/100\n|\n|upkeep\n|turn|3\n|j| shengning2\n|inactive|ssbutan has 30 seconds left.\n|\n|t:|1739835363\n|switch|p2a: Amoonguss|Amoonguss, L50, M|100\/100\n|-terastallize|p2b: Terapagos|Stellar\n|detailschange|p2b: Terapagos|Terapagos-Stellar, L50, M, tera:Stellar\n|-heal|p2b: Terapagos|100\/100|[silent]\n|move|p1a: Flutter Mane|Calm Mind|p1a: Flutter Mane\n|-boost|p1a: Flutter Mane|spa|1\n|-boost|p1a: Flutter Mane|spd|1\n|move|p1b: Sandy Shocks|Earth Power|p2a: Amoonguss\n|-damage|p2a: Amoonguss|68\/100\n|move|p2b: Terapagos|Tera Starstorm|p1b: Sandy Shocks|[spread] p1a,p1b\n|-crit|p1b: Sandy Shocks\n|-damage|p1a: Flutter Mane|47\/100\n|-damage|p1b: Sandy Shocks|0 fnt\n|faint|p1b: Sandy Shocks\n|-end|p1b: Sandy Shocks|Protosynthesis|[silent]\n|\n|upkeep\n|\n|t:|1739835378\n|switch|p1b: Cresselia|Cresselia, L50, F|100\/100\n|turn|4\n|inactive|ssbutan has 30 seconds left.\n|\n|t:|1739835407\n|move|p1a: Flutter Mane|Taunt|p2a: Amoonguss\n|-start|p2a: Amoonguss|move: Taunt\n|move|p2b: Terapagos|Tera Starstorm|p1a: Flutter Mane|[spread] p1a,p1b\n|-damage|p1a: Flutter Mane|28\/100\n|-damage|p1b: Cresselia|78\/100\n|move|p1b: Cresselia|Thunder Wave|p2b: Terapagos\n|-status|p2b: Terapagos|par\n|move|p2a: Amoonguss|Clear Smog|p1a: Flutter Mane\n|-damage|p1a: Flutter Mane|23\/100\n|-clearboost|p1a: Flutter Mane\n|\n|-end|p2b: Terapagos|move: Taunt\n|upkeep\n|turn|5\n|l| pmg9\n|inactive|ssbutan has 30 seconds left.\n|\n|t:|1739835435\n|switch|p2a: Rillaboom|Rillaboom, L50, F|100\/100\n|-fieldstart|move: Grassy Terrain|[from] ability: Grassy Surge|[of] p2a: Rillaboom\n|move|p1a: Flutter Mane|Calm Mind|p1a: Flutter Mane\n|-boost|p1a: Flutter Mane|spa|1\n|-boost|p1a: Flutter Mane|spd|1\n|move|p1b: Cresselia|Lunar Blessing|p1b: Cresselia|[spread] p1a,p1b\n|-heal|p1a: Flutter Mane|48\/100\n|-heal|p1b: Cresselia|100\/100\n|move|p2b: Terapagos|Tera Starstorm|p1a: Flutter Mane|[spread] p1a,p1b\n|-damage|p1a: Flutter Mane|24\/100\n|-damage|p1b: Cresselia|75\/100\n|\n|-heal|p1a: Flutter Mane|30\/100|[from] Grassy Terrain\n|-sideend|p1: ssbutan|move: Light Screen\n|upkeep\n|turn|6\n|inactive|ssbutan has 30 seconds left.\n|inactive|ssbutan has 20 seconds left.\n|\n|t:|1739835472\n|-end|p1a: Flutter Mane|Protosynthesis|[silent]\n|switch|p1a: Calyrex|Calyrex-Ice, L50|100\/100\n|-ability|p1a: Calyrex|As One\n|-ability|p1a: Calyrex|Unnerve\n|move|p2a: Rillaboom|Grassy Glide|p1a: Calyrex\n|-damage|p1a: Calyrex|82\/100\n|move|p1b: Cresselia|Thunder Wave|p2a: Rillaboom\n|-status|p2a: Rillaboom|par\n|move|p2b: Terapagos|Calm Mind|p2b: Terapagos\n|-boost|p2b: Terapagos|spa|1\n|-boost|p2b: Terapagos|spd|1\n|\n|-heal|p1a: Calyrex|87\/100|[from] Grassy Terrain\n|-heal|p1a: Calyrex|93\/100|[from] item: Leftovers\n|upkeep\n|turn|7\n|inactive|SamP_64 has 30 seconds left.\n|inactive|SamP_64 has 20 seconds left.\n|inactive|SamP_64 has 15 seconds left.\n|inactive|SamP_64 has 10 seconds left.\n|\n|t:|1739835517\n|switch|p2a: Incineroar|Incineroar, L50, F|44\/100\n|-ability|p2a: Incineroar|Intimidate|boost\n|-unboost|p1a: Calyrex|atk|1\n|-unboost|p1b: Cresselia|atk|1\n|move|p1b: Cresselia|Lunar Blessing|p1b: Cresselia|[spread] p1a,p1b\n|-heal|p1a: Calyrex|100\/100\n|-heal|p1b: Cresselia|99\/100\n|move|p1a: Calyrex|Leech Seed|p2b: Terapagos\n|-start|p2b: Terapagos|move: Leech Seed\n|move|p2b: Terapagos|Tera Starstorm|p1b: Cresselia|[spread] p1a,p1b\n|-crit|p1a: Calyrex\n|-damage|p1a: Calyrex|25\/100\n|-damage|p1b: Cresselia|49\/100\n|\n|-heal|p2a: Incineroar|50\/100|[from] Grassy Terrain\n|-heal|p1a: Calyrex|31\/100|[from] Grassy Terrain\n|-heal|p1a: Calyrex|37\/100|[from] item: Leftovers\n|-damage|p2b: Terapagos|88\/100 par|[from] Leech Seed|[of] p1a: Calyrex\n|-heal|p1a: Calyrex|52\/100|[silent]\n|upkeep\n|turn|8\n|\n|t:|1739835542\n|move|p1b: Cresselia|Lunar Blessing|p1b: Cresselia|[spread] p1a,p1b\n|-heal|p1a: Calyrex|77\/100\n|-heal|p1b: Cresselia|75\/100\n|move|p2a: Incineroar|Knock Off|p1b: Cresselia\n|-supereffective|p1b: Cresselia\n|-damage|p1b: Cresselia|29\/100\n|-enditem|p1b: Cresselia|Safety Goggles|[from] move: Knock Off|[of] p2a: Incineroar\n|move|p1a: Calyrex|Body Press|p2b: Terapagos\n|-supereffective|p2b: Terapagos\n|-damage|p2b: Terapagos|50\/100 par\n|move|p2b: Terapagos|Tera Starstorm|p1b: Cresselia|[spread] p1a,p1b\n|-damage|p1a: Calyrex|27\/100\n|-damage|p1b: Cresselia|0 fnt\n|faint|p1b: Cresselia\n|\n|-heal|p2a: Incineroar|56\/100|[from] Grassy Terrain\n|-heal|p1a: Calyrex|33\/100|[from] Grassy Terrain\n|-heal|p1a: Calyrex|39\/100|[from] item: Leftovers\n|-heal|p2b: Terapagos|57\/100 par|[from] Grassy Terrain\n|-heal|p2b: Terapagos|63\/100 par|[from] item: Leftovers\n|-damage|p2b: Terapagos|50\/100 par|[from] Leech Seed|[of] p1a: Calyrex\n|-heal|p1a: Calyrex|54\/100|[silent]\n|upkeep\n|\n|t:|1739835556\n|switch|p1b: Flutter Mane|Flutter Mane, L50|30\/100\n|turn|9\n|inactive|ssbutan has 30 seconds left.\n|inactive|ssbutan has 20 seconds left.\n|\n|t:|1739835592\n|switch|p2a: Rillaboom|Rillaboom, L50, F|100\/100 par\n|move|p1b: Flutter Mane|Dazzling Gleam|p2a: Rillaboom|[spread] p2a,p2b\n|-damage|p2a: Rillaboom|81\/100 par\n|-damage|p2b: Terapagos|42\/100 par\n|move|p1a: Calyrex|Body Press|p2b: Terapagos\n|-supereffective|p2b: Terapagos\n|-damage|p2b: Terapagos|4\/100 par\n|cant|p2b: Terapagos|par\n|\n|-heal|p1b: Flutter Mane|36\/100|[from] Grassy Terrain\n|-heal|p1a: Calyrex|60\/100|[from] Grassy Terrain\n|-heal|p1a: Calyrex|66\/100|[from] item: Leftovers\n|-heal|p2a: Rillaboom|87\/100 par|[from] Grassy Terrain\n|-heal|p2b: Terapagos|11\/100 par|[from] Grassy Terrain\n|-heal|p2b: Terapagos|17\/100 par|[from] item: Leftovers\n|-damage|p2b: Terapagos|4\/100 par|[from] Leech Seed|[of] p1a: Calyrex\n|-heal|p1a: Calyrex|81\/100|[silent]\n|-fieldend|move: Grassy Terrain\n|upkeep\n|turn|10\n|inactive|ssbutan has 30 seconds left.\n|inactive|SamP_64 has 30 seconds left.\n|\n|t:|1739835619\n|cant|p2a: Rillaboom|par\n|move|p1b: Flutter Mane|Dazzling Gleam|p2a: Rillaboom|[spread] p2a,p2b\n|-damage|p2a: Rillaboom|69\/100 par\n|-damage|p2b: Terapagos|0 fnt\n|faint|p2b: Terapagos\n|move|p1a: Calyrex|Glacial Lance|p2a: Rillaboom\n|-supereffective|p2a: Rillaboom\n|-damage|p2a: Rillaboom|0 fnt\n|faint|p2a: Rillaboom\n|-ability|p1a: Calyrex|Chilling Neigh|boost\n|-boost|p1a: Calyrex|atk|1\n|\n|-heal|p1a: Calyrex|87\/100|[from] item: Leftovers\n|upkeep\n|\n|t:|1739835622\n|switch|p2a: Incineroar|Incineroar, L50, F|56\/100\n|switch|p2b: Amoonguss|Amoonguss, L50, M|100\/100\n|-ability|p2a: Incineroar|Intimidate|boost\n|-unboost|p1a: Calyrex|atk|1\n|-unboost|p1b: Flutter Mane|atk|1\n|turn|11\n|inactive|SamP_64 has 30 seconds left.\n|\n|t:|1739835655\n|move|p1b: Flutter Mane|Taunt|p2b: Amoonguss\n|-start|p2b: Amoonguss|move: Taunt\n|move|p2a: Incineroar|Knock Off|p1b: Flutter Mane\n|-damage|p1b: Flutter Mane|0 fnt\n|faint|p1b: Flutter Mane\n|-end|p1b: Flutter Mane|Protosynthesis|[silent]\n|move|p1a: Calyrex|Leech Seed|p2a: Incineroar\n|-start|p2a: Incineroar|move: Leech Seed\n|move|p2b: Amoonguss|Clear Smog|p1a: Calyrex\n|-damage|p1a: Calyrex|75\/100\n|-clearboost|p1a: Calyrex\n|\n|-heal|p1a: Calyrex|81\/100|[from] item: Leftovers\n|-damage|p2a: Incineroar|44\/100|[from] Leech Seed|[of] p1a: Calyrex\n|-heal|p1a: Calyrex|93\/100|[silent]\n|upkeep\n|turn|12\n|j| hideonbusu\n|l| hideonbusu\n|c|\u2606SamP_64|Lol\n|\n|t:|1739835678\n|move|p2a: Incineroar|Will-O-Wisp|p1a: Calyrex\n|-status|p1a: Calyrex|brn\n|move|p1a: Calyrex|Glacial Lance|p2a: Incineroar|[spread] p2a,p2b\n|-resisted|p2a: Incineroar\n|-supereffective|p2b: Amoonguss\n|-damage|p2a: Incineroar|33\/100\n|-damage|p2b: Amoonguss|61\/100\n|move|p2b: Amoonguss|Pollen Puff|p2a: Incineroar\n|-heal|p2a: Incineroar|83\/100\n|\n|-heal|p1a: Calyrex|99\/100 brn|[from] item: Leftovers\n|-damage|p2a: Incineroar|71\/100|[from] Leech Seed|[of] p1a: Calyrex\n|-heal|p1a: Calyrex|100\/100 brn|[silent]\n|-damage|p1a: Calyrex|95\/100 brn|[from] brn\n|upkeep\n|turn|13\n|\n|t:|1739835699\n|move|p2a: Incineroar|Knock Off|p1a: Calyrex\n|-supereffective|p1a: Calyrex\n|-crit|p1a: Calyrex\n|-damage|p1a: Calyrex|37\/100 brn\n|-enditem|p1a: Calyrex|Leftovers|[from] move: Knock Off|[of] p2a: Incineroar\n|move|p1a: Calyrex|Glacial Lance|p2b: Amoonguss|[spread] p2a,p2b\n|-resisted|p2a: Incineroar\n|-supereffective|p2b: Amoonguss\n|-damage|p2a: Incineroar|59\/100\n|-damage|p2b: Amoonguss|27\/100\n|move|p2b: Amoonguss|Pollen Puff|p2a: Incineroar\n|-heal|p2a: Incineroar|100\/100\n|\n|-damage|p2a: Incineroar|88\/100|[from] Leech Seed|[of] p1a: Calyrex\n|-heal|p1a: Calyrex|49\/100 brn|[silent]\n|-damage|p1a: Calyrex|43\/100 brn|[from] brn\n|-end|p2b: Amoonguss|move: Taunt\n|upkeep\n|turn|14\n|\n|t:|1739835711\n|move|p1a: Calyrex|Protect|p1a: Calyrex\n|-singleturn|p1a: Calyrex|Protect\n|move|p2a: Incineroar|Knock Off|p1a: Calyrex\n|-activate|p1a: Calyrex|move: Protect\n|move|p2b: Amoonguss|Pollen Puff|p1a: Calyrex\n|-activate|p1a: Calyrex|move: Protect\n|\n|-damage|p2a: Incineroar|76\/100|[from] Leech Seed|[of] p1a: Calyrex\n|-heal|p1a: Calyrex|55\/100 brn|[silent]\n|-damage|p1a: Calyrex|49\/100 brn|[from] brn\n|upkeep\n|turn|15\n|\n|t:|1739835718\n|-terastallize|p1a: Calyrex|Fairy\n|move|p2a: Incineroar|Knock Off|p1a: Calyrex\n|-resisted|p1a: Calyrex\n|-crit|p1a: Calyrex\n|-damage|p1a: Calyrex|41\/100 brn\n|move|p1a: Calyrex|Glacial Lance|p2b: Amoonguss|[spread] p2a,p2b\n|-resisted|p2a: Incineroar\n|-supereffective|p2b: Amoonguss\n|-damage|p2a: Incineroar|66\/100\n|-damage|p2b: Amoonguss|0 fnt\n|faint|p2b: Amoonguss\n|-ability|p1a: Calyrex|Chilling Neigh|boost\n|-boost|p1a: Calyrex|atk|1\n|\n|-damage|p2a: Incineroar|53\/100|[from] Leech Seed|[of] p1a: Calyrex\n|-heal|p1a: Calyrex|53\/100 brn|[silent]\n|-damage|p1a: Calyrex|47\/100 brn|[from] brn\n|upkeep\n|turn|16\n|\n|t:|1739835731\n|move|p1a: Calyrex|Protect|p1a: Calyrex\n|-singleturn|p1a: Calyrex|Protect\n|move|p2a: Incineroar|Knock Off|p1a: Calyrex\n|-activate|p1a: Calyrex|move: Protect\n|\n|-damage|p2a: Incineroar|41\/100|[from] Leech Seed|[of] p1a: Calyrex\n|-heal|p1a: Calyrex|59\/100 brn|[silent]\n|-damage|p1a: Calyrex|53\/100 brn|[from] brn\n|upkeep\n|turn|17\n|-message|SamP_64 forfeited.\n|\n|win|ssbutan\n|raw|ssbutan's rating: 1650 &rarr; <strong>1671<\/strong><br \/>(+21 for winning)\n|raw|SamP_64's rating: 1673 &rarr; <strong>1652<\/strong><br \/>(-21 for losing)\n|l|\u2606SamP_64\n|player|p2|\n|l|\u2606ssbutan\n|player|p1|\n|l| shengning2\n|j|\u2606ssbutan\n|player|p1|ssbutan|camper|\n|l|\u2606ssbutan\n|player|p1|\n","uploadtime":1739835749,"views":18,"formatid":"gen9vgc2025regg","rating":1652,"private":0,"password":null}