{"id":"gen9vgc2025regg-2302695491","format":"[Gen 9] VGC 2025 Reg G","players":["LaCourgetta","BossgodoraII"],"log":"|j|\u2606LaCourgetta\n|j|\u2606BossgodoraII\n|t:|1739827572\n|gametype|doubles\n|player|p1|LaCourgetta|swimmerf|1601\n|player|p2|BossgodoraII|gentleman-gen4|1588\n|teamsize|p1|6\n|teamsize|p2|6\n|gen|9\n|tier|[Gen 9] VGC 2025 Reg G\n|rated|\n|rule|Species Clause: Limit one of each Pok\u00e9mon\n|rule|Item Clause: Limit 1 of each item\n|clearpoke\n|poke|p1|Terapagos, L50, M|\n|poke|p1|Tornadus, L50, M|\n|poke|p1|Dondozo, L50, F|\n|poke|p1|Smeargle, L50, F|\n|poke|p1|Tatsugiri-Droopy, L50, F|\n|poke|p1|Ogerpon-Hearthflame, L50, F|\n|poke|p2|Koraidon, L50|\n|poke|p2|Whimsicott, L50, M|\n|poke|p2|Umbreon, L50, F|\n|poke|p2|Flutter Mane, L50|\n|poke|p2|Great Tusk, L50|\n|poke|p2|Entei, L50|\n|teampreview|4\nBossgodoraII rejected open team sheets.\n|inactive|Battle timer is ON: inactive players will automatically lose when time's up. (requested by BossgodoraII)\n|j| laslfg81\n|inactive|LaCourgetta has 60 seconds left.\n|inactive|BossgodoraII has 60 seconds left.\n|\n|t:|1739827625\n|start\n|switch|p1a: Terapagos|Terapagos, L50, M|100\/100\n|switch|p1b: Smeargle|Smeargle, L50, F|100\/100\n|switch|p2a: Koraidon|Koraidon, L50|100\/100\n|switch|p2b: Great Tusk|Great Tusk, L50|100\/100\n|-activate|p1a: Terapagos|ability: Tera Shift\n|detailschange|p1a: Terapagos|Terapagos-Terastal, L50, M\n|-heal|p1a: Terapagos|100\/100|[silent]\n|-weather|SunnyDay|[from] ability: Orichalcum Pulse|[of] p2a: Koraidon\n|-activate|p2b: Great Tusk|ability: Protosynthesis\n|-start|p2b: Great Tusk|protosynthesisatk\n|-activate|p2a: Koraidon|Orichalcum Pulse|[source]\n|turn|1\n|l| laslfg81\n|inactive|LaCourgetta has 30 seconds left.\n|inactive|BossgodoraII has 30 seconds left.\n|inactive|LaCourgetta has 20 seconds left.\n|\n|t:|1739827662\n|move|p1b: Smeargle|Fake Out|p2a: Koraidon\n|-damage|p2a: Koraidon|96\/100\n|move|p2b: Great Tusk|Knock Off|p1b: Smeargle\n|-enditem|p1b: Smeargle|Focus Sash\n|-damage|p1b: Smeargle|1\/100\n|move|p2a: Koraidon|Flame Charge|p1b: Smeargle\n|-damage|p1b: Smeargle|0 fnt\n|-boost|p2a: Koraidon|spe|1\n|faint|p1b: Smeargle\n|move|p1a: Terapagos|Tera Starstorm|p2a: Koraidon\n|-damage|p2a: Koraidon|13\/100\n|\n|-weather|SunnyDay|[upkeep]\n|upkeep\n|\n|t:|1739827681\n|switch|p1b: Ogerpon|Ogerpon-Hearthflame, L50, F|100\/100\n|-ability|p1b: Ogerpon|Mold Breaker\n|turn|2\n|\n|t:|1739827691\n|-end|p2b: Great Tusk|Protosynthesis|[silent]\n|switch|p2b: Whimsicott|Whimsicott, L50, M|100\/100\n|-terastallize|p1a: Terapagos|Stellar\n|detailschange|p1a: Terapagos|Terapagos-Stellar, L50, M, tera:Stellar\n|-heal|p1a: Terapagos|100\/100|[silent]\n|-ability|p1a: Terapagos|Teraform Zero\n|-weather|none\n|move|p2a: Koraidon|Protect|p2a: Koraidon\n|-singleturn|p2a: Koraidon|Protect\n|move|p1b: Ogerpon|Follow Me|p1b: Ogerpon\n|-singleturn|p1b: Ogerpon|move: Follow Me\n|move|p1a: Terapagos|Tera Starstorm|p2b: Whimsicott|[spread] p2b\n|-activate|p2a: Koraidon|move: Protect\n|-damage|p2b: Whimsicott|16\/100\n|-enditem|p2b: Whimsicott|Sitrus Berry|[eat]\n|-heal|p2b: Whimsicott|41\/100|[from] item: Sitrus Berry\n|\n|upkeep\n|turn|3\n|inactive|LaCourgetta has 30 seconds left.\n|inactive|BossgodoraII has 30 seconds left.\n|\n|t:|1739827719\n|switch|p2a: Entei|Entei, L50|100\/100\n|move|p1b: Ogerpon|Follow Me|p1b: Ogerpon\n|-singleturn|p1b: Ogerpon|move: Follow Me\n|move|p2b: Whimsicott|Tailwind|p2b: Whimsicott\n|-sidestart|p2: BossgodoraII|move: Tailwind\n|move|p1a: Terapagos|Tera Starstorm|p2a: Entei|[spread] p2a,p2b\n|-damage|p2a: Entei|38\/100\n|-damage|p2b: Whimsicott|0 fnt\n|faint|p2b: Whimsicott\n|\n|upkeep\n|\n|t:|1739827724\n|switch|p2b: Koraidon|Koraidon, L50|13\/100\n|-weather|SunnyDay|[from] ability: Orichalcum Pulse|[of] p2b: Koraidon\n|-activate|p2b: Koraidon|Orichalcum Pulse|[source]\n|turn|4\n|\n|t:|1739827737\n|move|p1b: Ogerpon|Follow Me|p1b: Ogerpon\n|-singleturn|p1b: Ogerpon|move: Follow Me\n|move|p2b: Koraidon|Collision Course|p1b: Ogerpon\n|-damage|p1b: Ogerpon|27\/100\n|move|p2a: Entei|Sacred Fire|p1b: Ogerpon\n|-damage|p1b: Ogerpon|0 fnt\n|faint|p1b: Ogerpon\n|-damage|p2a: Entei|28\/100|[from] item: Life Orb\n|move|p1a: Terapagos|Tera Starstorm|p2b: Koraidon|[spread] p2a,p2b\n|-damage|p2a: Entei|0 fnt\n|-damage|p2b: Koraidon|0 fnt\n|faint|p2a: Entei\n|faint|p2b: Koraidon\n|\n|-weather|SunnyDay|[upkeep]\n|upkeep\n|\n|t:|1739827755\n|switch|p2b: Great Tusk|Great Tusk, L50|100\/100\n|switch|p1b: Tatsugiri|Tatsugiri-Droopy, L50, F|100\/100\n|-activate|p2b: Great Tusk|ability: Protosynthesis\n|-start|p2b: Great Tusk|protosynthesisatk\n|turn|5\n|inactive|LaCourgetta has 30 seconds left.\n|inactive|LaCourgetta has 20 seconds left.\n|\n|t:|1739827792\n|-terastallize|p2b: Great Tusk|Ghost\n|move|p2b: Great Tusk|Close Combat|p1b: Tatsugiri\n|-damage|p1b: Tatsugiri|0 fnt\n|-unboost|p2b: Great Tusk|def|1\n|-unboost|p2b: Great Tusk|spd|1\n|faint|p1b: Tatsugiri\n|move|p1a: Terapagos|Tera Starstorm|p2b: Great Tusk\n|-supereffective|p2b: Great Tusk\n|-damage|p2b: Great Tusk|0 fnt\n|faint|p2b: Great Tusk\n|-end|p2b: Great Tusk|Protosynthesis|[silent]\n|\n|win|LaCourgetta\n|raw|LaCourgetta's rating: 1601 &rarr; <strong>1620<\/strong><br \/>(+19 for winning)\n|raw|BossgodoraII's rating: 1588 &rarr; <strong>1569<\/strong><br \/>(-19 for losing)\n|c|\u2606BossgodoraII|right\n|c|\u2606BossgodoraII|forgot about that it isn't normal...\n|c|\u2606BossgodoraII|gg\n|c|\u2606LaCourgetta|gg\n|l|\u2606BossgodoraII\n|player|p2|\n|l|\u2606LaCourgetta\n|player|p1|\n","uploadtime":1739828053,"views":10,"formatid":"gen9vgc2025regg","rating":1569,"private":0,"password":null}