{"id":"gen9vgc2025regg-2302316252","format":"[Gen 9] VGC 2025 Reg G","players":["GreaterBalrogCat","biei2012-2022"],"log":"|j|\u2606GreaterBalrogCat\n|j|\u2606biei2012-2022\n|t:|1739778423\n|gametype|doubles\n|player|p1|GreaterBalrogCat|sabrina|1593\n|player|p2|biei2012-2022|lillie-z|1684\n|teamsize|p1|6\n|teamsize|p2|6\n|gen|9\n|tier|[Gen 9] VGC 2025 Reg G\n|rated|\n|rule|Species Clause: Limit one of each Pok\u00e9mon\n|rule|Item Clause: Limit 1 of each item\n|clearpoke\n|poke|p1|Calyrex-Shadow, L50|\n|poke|p1|Smeargle, L50, F|\n|poke|p1|Tornadus, L50, M|\n|poke|p1|Incineroar, L50, M|\n|poke|p1|Iron Bundle, L50|\n|poke|p1|Rillaboom, L50, M|\n|poke|p2|Raging Bolt, L50|\n|poke|p2|Miraidon, L50|\n|poke|p2|Ogerpon-Hearthflame, L50, F|\n|poke|p2|Torkoal, L50, F|\n|poke|p2|Farigiraf, L50, F|\n|poke|p2|Ursaluna, L50, F|\n|teampreview|4\n|inactive|Battle timer is ON: inactive players will automatically lose when time's up. (requested by biei2012-2022)\n|inactive|GreaterBalrogCat has 60 seconds left.\n|\n|t:|1739778456\n|start\n|switch|p1a: Rillaboom|Rillaboom, L50, M|100\/100\n|switch|p1b: Iron Bundle|Iron Bundle, L50|100\/100\n|switch|p2a: Miraidon|Miraidon, L50|100\/100\n|switch|p2b: Farigiraf|Farigiraf, L50, F|100\/100\n|-fieldstart|move: Electric Terrain|[from] ability: Hadron Engine|[of] p2a: Miraidon\n|-activate|p1b: Iron Bundle|ability: Quark Drive\n|-start|p1b: Iron Bundle|quarkdrivespe\n|-enditem|p2b: Farigiraf|Electric Seed\n|-boost|p2b: Farigiraf|def|1|[from] item: Electric Seed\n|-fieldstart|move: Grassy Terrain|[from] ability: Grassy Surge|[of] p1a: Rillaboom\n|-end|p1b: Iron Bundle|Quark Drive\n|-enditem|p1b: Iron Bundle|Booster Energy\n|-activate|p1b: Iron Bundle|ability: Quark Drive|[fromitem]\n|-start|p1b: Iron Bundle|quarkdrivespe\n|turn|1\n|\n|t:|1739778479\n|move|p1b: Iron Bundle|Protect|p1b: Iron Bundle\n|-singleturn|p1b: Iron Bundle|Protect\n|move|p2a: Miraidon|Volt Switch|p1b: Iron Bundle\n|-activate|p1b: Iron Bundle|move: Protect\n|move|p1a: Rillaboom|U-turn|p2b: Farigiraf\n|-supereffective|p2b: Farigiraf\n|-damage|p2b: Farigiraf|71\/100\n|\n|t:|1739778487\n|switch|p1a: Incineroar|Incineroar, L50, M|100\/100|[from] U-turn\n|-ability|p1a: Incineroar|Intimidate|boost\n|-unboost|p2a: Miraidon|atk|1\n|-unboost|p2b: Farigiraf|atk|1\n|move|p2b: Farigiraf|Trick Room|p2b: Farigiraf\n|-fieldstart|move: Trick Room|[of] p2b: Farigiraf\n|\n|-heal|p2b: Farigiraf|77\/100|[from] Grassy Terrain\n|upkeep\n|turn|2\n|inactive|GreaterBalrogCat has 30 seconds left.\n|\n|t:|1739778515\n|-end|p1b: Iron Bundle|Quark Drive|[silent]\n|switch|p1b: Rillaboom|Rillaboom, L50, M|100\/100\n|move|p2b: Farigiraf|Foul Play|p1b: Rillaboom\n|-damage|p1b: Rillaboom|70\/100\n|move|p1a: Incineroar|Knock Off|p2a: Miraidon\n|-damage|p2a: Miraidon|49\/100\n|-enditem|p2a: Miraidon|Choice Specs|[from] move: Knock Off|[of] p1a: Incineroar\n|move|p2a: Miraidon|Volt Switch|p1b: Rillaboom\n|-resisted|p1b: Rillaboom\n|-damage|p1b: Rillaboom|54\/100\n|j| choosenamez\n|\n|t:|1739778520\n|switch|p2a: Torkoal|Torkoal, L50, F|100\/100|[from] Volt Switch\n|-weather|SunnyDay|[from] ability: Drought|[of] p2a: Torkoal\n|-item|p2a: Torkoal|Air Balloon\n|\n|-weather|SunnyDay|[upkeep]\n|-heal|p2b: Farigiraf|83\/100|[from] Grassy Terrain\n|-heal|p1b: Rillaboom|60\/100|[from] Grassy Terrain\n|upkeep\n|turn|3\n|inactive|GreaterBalrogCat has 30 seconds left.\n|inactive|GreaterBalrogCat has 20 seconds left.\n|j| Jasper2452\n|inactive|GreaterBalrogCat has 15 seconds left.\n|inactive|GreaterBalrogCat has 10 seconds left.\n|inactive|GreaterBalrogCat has 5 seconds left.\n|\n|t:|1739778571\n|-terastallize|p2a: Torkoal|Fire\n|move|p2a: Torkoal|Eruption|p1a: Incineroar|[spread] p1a,p1b\n|-resisted|p1a: Incineroar\n|-supereffective|p1b: Rillaboom\n|-damage|p1a: Incineroar|52\/100\n|-damage|p1b: Rillaboom|0 fnt\n|faint|p1b: Rillaboom\n|move|p2b: Farigiraf|Foul Play|p1a: Incineroar\n|-resisted|p1a: Incineroar\n|-damage|p1a: Incineroar|38\/100\n|-enditem|p1a: Incineroar|Sitrus Berry|[eat]\n|-heal|p1a: Incineroar|63\/100|[from] item: Sitrus Berry\n|move|p1a: Incineroar|Knock Off|p2a: Torkoal\n|-damage|p2a: Torkoal|63\/100\n|-enditem|p2a: Torkoal|Air Balloon\n|\n|-weather|SunnyDay|[upkeep]\n|-heal|p2a: Torkoal|69\/100|[from] Grassy Terrain\n|-heal|p2b: Farigiraf|89\/100|[from] Grassy Terrain\n|-heal|p1a: Incineroar|69\/100|[from] Grassy Terrain\n|upkeep\n|\n|t:|1739778595\n|switch|p1b: Calyrex|Calyrex-Shadow, L50|100\/100\n|-ability|p1b: Calyrex|As One\n|-ability|p1b: Calyrex|Unnerve\n|turn|4\n|\n|t:|1739778612\n|move|p2b: Farigiraf|Helping Hand|p2a: Torkoal\n|-singleturn|p2a: Torkoal|Helping Hand|[of] p2b: Farigiraf\n|move|p1b: Calyrex|Protect|p1b: Calyrex\n|-singleturn|p1b: Calyrex|Protect\n|move|p2a: Torkoal|Overheat|p1a: Incineroar\n|-resisted|p1a: Incineroar\n|-damage|p1a: Incineroar|0 fnt\n|-unboost|p2a: Torkoal|spa|2\n|faint|p1a: Incineroar\n|\n|-weather|SunnyDay|[upkeep]\n|-heal|p2a: Torkoal|75\/100|[from] Grassy Terrain\n|-heal|p2b: Farigiraf|95\/100|[from] Grassy Terrain\n|upkeep\n|j| falcon108\n|\n|t:|1739778626\n|switch|p1a: Iron Bundle|Iron Bundle, L50|100\/100\n|turn|5\n|\n|t:|1739778649\n|-terastallize|p1b: Calyrex|Normal\n|move|p2a: Torkoal|Eruption|p1b: Calyrex|[spread] p1a,p1b\n|-damage|p1a: Iron Bundle|30\/100\n|-damage|p1b: Calyrex|63\/100\n|move|p2b: Farigiraf|Foul Play|p1b: Calyrex\n|-damage|p1b: Calyrex|44\/100\n|move|p1a: Iron Bundle|Freeze-Dry|p2b: Farigiraf\n|-crit|p2b: Farigiraf\n|-damage|p2b: Farigiraf|50\/100\n|move|p1b: Calyrex|Pollen Puff|p2b: Farigiraf\n|-supereffective|p2b: Farigiraf\n|-damage|p2b: Farigiraf|0 fnt\n|faint|p2b: Farigiraf\n|-ability|p1b: Calyrex|Grim Neigh|boost\n|-boost|p1b: Calyrex|spa|1\n|\n|-weather|SunnyDay|[upkeep]\n|-heal|p2a: Torkoal|81\/100|[from] Grassy Terrain\n|-heal|p1a: Iron Bundle|36\/100|[from] Grassy Terrain\n|-heal|p1b: Calyrex|50\/100|[from] Grassy Terrain\n|-fieldend|move: Trick Room\n|-fieldend|move: Grassy Terrain\n|upkeep\n|\n|t:|1739778658\n|switch|p2b: Raging Bolt|Raging Bolt, L50|100\/100\n|-activate|p2b: Raging Bolt|ability: Protosynthesis\n|-start|p2b: Raging Bolt|protosynthesisspa\n|turn|6\n|\n|t:|1739778679\n|switch|p2a: Miraidon|Miraidon, L50|49\/100\n|-fieldstart|move: Electric Terrain|[from] ability: Hadron Engine|[of] p2a: Miraidon\n|-activate|p1a: Iron Bundle|ability: Quark Drive\n|-start|p1a: Iron Bundle|quarkdrivespe\n|move|p2b: Raging Bolt|Thunderclap|p1b: Calyrex\n|-damage|p1b: Calyrex|0 fnt\n|faint|p1b: Calyrex\n|-damage|p2b: Raging Bolt|91\/100|[from] item: Life Orb\n|move|p1a: Iron Bundle|Freeze-Dry|p2b: Raging Bolt\n|-supereffective|p2b: Raging Bolt\n|-damage|p2b: Raging Bolt|29\/100\n|\n|-weather|none\n|-end|p2b: Raging Bolt|Protosynthesis\n|upkeep\n|turn|7\n|\n|t:|1739778702\n|move|p2b: Raging Bolt|Thunderclap|p1a: Iron Bundle\n|-supereffective|p1a: Iron Bundle\n|-damage|p1a: Iron Bundle|0 fnt\n|faint|p1a: Iron Bundle\n|-end|p1a: Iron Bundle|Quark Drive|[silent]\n|-damage|p2b: Raging Bolt|20\/100|[from] item: Life Orb\n|\n|win|biei2012-2022\n|raw|GreaterBalrogCat's rating: 1593 &rarr; <strong>1578<\/strong><br \/>(-15 for losing)\n|raw|biei2012-2022's rating: 1684 &rarr; <strong>1699<\/strong><br \/>(+15 for winning)\n|l|\u2606GreaterBalrogCat\n|player|p1|\n|c|\u2606biei2012-2022|gg\n|l| Jasper2452\n|l| choosenamez\n","uploadtime":1739778832,"views":37,"formatid":"gen9vgc2025regg","rating":1578,"private":0,"password":null}