{"id":"gen9vgc2025regg-2302328988","format":"[Gen 9] VGC 2025 Reg G","players":["Spottedwoot","aoiharada"],"log":"|j|\u2606Spottedwoot\n|j|\u2606aoiharada\n|t:|1739780922\n|gametype|doubles\n|player|p1|Spottedwoot|266|1706\n|player|p2|aoiharada|266|1661\n|teamsize|p1|6\n|teamsize|p2|6\n|gen|9\n|tier|[Gen 9] VGC 2025 Reg G\n|rated|\n|rule|Species Clause: Limit one of each Pok\u00e9mon\n|rule|Item Clause: Limit 1 of each item\n|clearpoke\n|poke|p1|Zamazenta-*, L50|\n|poke|p1|Chien-Pao, L50|\n|poke|p1|Entei, L50|\n|poke|p1|Raging Bolt, L50|\n|poke|p1|Rillaboom, L50, M|\n|poke|p1|Farigiraf, L50, M|\n|poke|p2|Weezing-Galar, L50, M|\n|poke|p2|Calyrex-Shadow, L50|\n|poke|p2|Dondozo, L50, F|\n|poke|p2|Tatsugiri, L50, F|\n|poke|p2|Incineroar, L50, F|\n|poke|p2|Roaring Moon, L50|\n|teampreview|4\n|j| biei2012-2022\n|\n|t:|1739780944\n|start\n|switch|p1a: Raging Bolt|Raging Bolt, L50|100\/100\n|switch|p1b: Zamazenta|Zamazenta-Crowned, L50|100\/100\n|switch|p2a: Incineroar|Incineroar, L50, F|100\/100\n|switch|p2b: Weezing|Weezing-Galar, L50, M|100\/100\n|-ability|p2b: Weezing|Neutralizing Gas\n|-block|p2a: Incineroar|item: Ability Shield\n|-ability|p2a: Incineroar|Intimidate|boost\n|-unboost|p1a: Raging Bolt|atk|1\n|-unboost|p1b: Zamazenta|atk|1\n|turn|1\n|\n|t:|1739780956\n|-terastallize|p2a: Incineroar|Ghost\n|-terastallize|p1a: Raging Bolt|Electric\n|move|p1b: Zamazenta|Heavy Slam|p2b: Weezing\n|-supereffective|p2b: Weezing\n|-damage|p2b: Weezing|45\/100\n|-enditem|p2b: Weezing|Sitrus Berry|[eat]\n|-heal|p2b: Weezing|70\/100|[from] item: Sitrus Berry\n|move|p2a: Incineroar|Will-O-Wisp|p1b: Zamazenta\n|-status|p1b: Zamazenta|brn\n|move|p1a: Raging Bolt|Thunderbolt|p2b: Weezing\n|-damage|p2b: Weezing|3\/100\n|move|p2b: Weezing|Toxic Spikes|p1a: Raging Bolt\n|-sidestart|p1: Spottedwoot|move: Toxic Spikes\n|\n|-damage|p1b: Zamazenta|94\/100 brn|[from] brn\n|upkeep\n|turn|2\n|\n|t:|1739780977\n|move|p1b: Zamazenta|Heavy Slam|p2b: Weezing\n|-supereffective|p2b: Weezing\n|-damage|p2b: Weezing|0 fnt\n|faint|p2b: Weezing\n|-end|p2b: Weezing|ability: Neutralizing Gas\n|-ability|p1b: Zamazenta|Dauntless Shield|boost\n|-boost|p1b: Zamazenta|def|1\n|-enditem|p1a: Raging Bolt|Booster Energy\n|-activate|p1a: Raging Bolt|ability: Protosynthesis|[fromitem]\n|-start|p1a: Raging Bolt|protosynthesisspa\n|move|p2a: Incineroar|Will-O-Wisp|p1a: Raging Bolt\n|-status|p1a: Raging Bolt|brn\n|move|p1a: Raging Bolt|Thunderbolt|p2a: Incineroar\n|-damage|p2a: Incineroar|11\/100\n|-status|p2a: Incineroar|par\n|\n|-damage|p1b: Zamazenta|88\/100 brn|[from] brn\n|-damage|p1a: Raging Bolt|94\/100 brn|[from] brn\n|upkeep\n|\n|t:|1739780989\n|switch|p2b: Dondozo|Dondozo, L50, F|100\/100\n|turn|3\n|\n|t:|1739780998\n|move|p2b: Dondozo|Protect|p2b: Dondozo\n|-singleturn|p2b: Dondozo|Protect\n|move|p1b: Zamazenta|Body Press|p2b: Dondozo\n|-activate|p2b: Dondozo|move: Protect\n|move|p1a: Raging Bolt|Thunderbolt|p2b: Dondozo\n|-activate|p2b: Dondozo|move: Protect\n|move|p2a: Incineroar|Parting Shot|p1a: Raging Bolt\n|-unboost|p1a: Raging Bolt|atk|1\n|-unboost|p1a: Raging Bolt|spa|1\n|\n|t:|1739781009\n|switch|p2a: Tatsugiri|Tatsugiri, L50, F|100\/100|[from] Parting Shot\n|-activate|p2a: Tatsugiri|ability: Commander|[of] p2b: Dondozo\n|-boost|p2b: Dondozo|atk|2\n|-boost|p2b: Dondozo|spa|2\n|-boost|p2b: Dondozo|spe|2\n|-boost|p2b: Dondozo|def|2\n|-boost|p2b: Dondozo|spd|2\n|\n|-damage|p1b: Zamazenta|82\/100 brn|[from] brn\n|-damage|p1a: Raging Bolt|88\/100 brn|[from] brn\n|upkeep\n|turn|4\n|\n|t:|1739781014\n|switch|p1b: Rillaboom|Rillaboom, L50, M|100\/100\n|-status|p1b: Rillaboom|psn\n|-fieldstart|move: Grassy Terrain|[from] ability: Grassy Surge|[of] p1b: Rillaboom\n|move|p2b: Dondozo|Earthquake|p1b: Rillaboom|[spread] p1a,p1b\n|-miss|p2b: Dondozo|p2a: Tatsugiri\n|-supereffective|p1a: Raging Bolt\n|-resisted|p1b: Rillaboom\n|-damage|p1a: Raging Bolt|54\/100 brn\n|-damage|p1b: Rillaboom|91\/100 psn\n|move|p1a: Raging Bolt|Thunderbolt|p2b: Dondozo\n|-supereffective|p2b: Dondozo\n|-damage|p2b: Dondozo|7\/100\n|\n|-heal|p2b: Dondozo|13\/100|[from] Grassy Terrain\n|-heal|p2b: Dondozo|20\/100|[from] item: Leftovers\n|-heal|p1b: Rillaboom|97\/100 psn|[from] Grassy Terrain\n|-heal|p1a: Raging Bolt|60\/100 brn|[from] Grassy Terrain\n|-damage|p1b: Rillaboom|85\/100 psn|[from] psn\n|-damage|p1a: Raging Bolt|54\/100 brn|[from] brn\n|upkeep\n|turn|5\n|-message|aoiharada forfeited.\n|\n|win|Spottedwoot\n|raw|Spottedwoot's rating: 1706 &rarr; <strong>1723<\/strong><br \/>(+17 for winning)\n|raw|aoiharada's rating: 1661 &rarr; <strong>1644<\/strong><br \/>(-17 for losing)\n|l|\u2606aoiharada\n|player|p2|\n|l|\u2606Spottedwoot\n|player|p1|\n|l| biei2012-2022\n","uploadtime":1739781022,"views":65,"formatid":"gen9vgc2025regg","rating":1644,"private":0,"password":null}