{"id":"gen9vgc2025regg-2302557992","format":"[Gen 9] VGC 2025 Reg G","players":["JoyBoy311","zonavideovigilada"],"log":"|j|\u2606JoyBoy311\n|j|\u2606zonavideovigilada\n|t:|1739813150\n|gametype|doubles\n|player|p1|JoyBoy311|170|1615\n|player|p2|zonavideovigilada|265|1709\n|teamsize|p1|6\n|teamsize|p2|6\n|gen|9\n|tier|[Gen 9] VGC 2025 Reg G\n|rated|\n|rule|Species Clause: Limit one of each Pok\u00e9mon\n|rule|Item Clause: Limit 1 of each item\n|clearpoke\n|poke|p1|Zamazenta-*, L50|\n|poke|p1|Chien-Pao, L50|\n|poke|p1|Flutter Mane, L50|\n|poke|p1|Amoonguss, L50, F|\n|poke|p1|Chi-Yu, L50|\n|poke|p1|Ogerpon-Cornerstone, L50, F|\n|poke|p2|Urshifu-*, L50, M|\n|poke|p2|Whimsicott, L50, F|\n|poke|p2|Miraidon, L50|\n|poke|p2|Iron Hands, L50|\n|poke|p2|Incineroar, L50, M|\n|poke|p2|Iron Leaves, L50|\n|teampreview|4\n|inactive|Battle timer is ON: inactive players will automatically lose when time's up. (requested by zonavideovigilada)\n|\n|t:|1739813178\n|start\n|switch|p1a: Chien-Pao|Chien-Pao, L50|100\/100\n|switch|p1b: Zamazenta|Zamazenta-Crowned, L50|100\/100\n|switch|p2a: Miraidon|Miraidon, L50|100\/100\n|switch|p2b: Whimsicott|Whimsicott, L50, F|100\/100\n|-ability|p1a: Chien-Pao|Sword of Ruin\n|-fieldstart|move: Electric Terrain|[from] ability: Hadron Engine|[of] p2a: Miraidon\n|-ability|p1b: Zamazenta|Dauntless Shield|boost\n|-boost|p1b: Zamazenta|def|1\n|turn|1\n|inactive|zonavideovigilada has 30 seconds left.\n|\n|t:|1739813207\n|move|p1b: Zamazenta|Protect|p1b: Zamazenta\n|-singleturn|p1b: Zamazenta|Protect\n|move|p2b: Whimsicott|Tailwind|p2b: Whimsicott\n|-sidestart|p2: zonavideovigilada|move: Tailwind\n|move|p2a: Miraidon|Volt Switch|p1b: Zamazenta\n|-activate|p1b: Zamazenta|move: Protect\n|move|p1a: Chien-Pao|Ice Spinner|p2a: Miraidon\n|-supereffective|p2a: Miraidon\n|-damage|p2a: Miraidon|0 fnt\n|-fieldend|move: Electric Terrain\n|faint|p2a: Miraidon\n|\n|upkeep\n|\n|t:|1739813211\n|switch|p2a: Urshifu|Urshifu-Rapid-Strike, L50, M|100\/100\n|turn|2\n|\n|t:|1739813228\n|-terastallize|p2a: Urshifu|Water\n|move|p2b: Whimsicott|Encore|p1b: Zamazenta\n|-start|p1b: Zamazenta|Encore\n|move|p2a: Urshifu|Surging Strikes|p1a: Chien-Pao\n|-crit|p1a: Chien-Pao\n|-damage|p1a: Chien-Pao|60\/100\n|-crit|p1a: Chien-Pao\n|-damage|p1a: Chien-Pao|22\/100\n|-crit|p1a: Chien-Pao\n|-damage|p1a: Chien-Pao|0 fnt\n|faint|p1a: Chien-Pao\n|-hitcount|p1: Chien-Pao|3\n|move|p1b: Zamazenta|Protect||[still]\n|-fail|p1b: Zamazenta\n|\n|upkeep\n|inactive|JoyBoy311 has 30 seconds left.\n|\n|t:|1739813258\n|switch|p1a: Flutter Mane|Flutter Mane, L50|100\/100\n|-enditem|p1a: Flutter Mane|Booster Energy\n|-activate|p1a: Flutter Mane|ability: Protosynthesis|[fromitem]\n|-start|p1a: Flutter Mane|protosynthesisspe\n|turn|3\n|\n|t:|1739813274\n|switch|p1b: Ogerpon|Ogerpon-Cornerstone, L50, F|100\/100\n|move|p2b: Whimsicott|Light Screen|p2b: Whimsicott\n|-sidestart|p2: zonavideovigilada|move: Light Screen\n|move|p2a: Urshifu|Surging Strikes|p1a: Flutter Mane\n|-crit|p1a: Flutter Mane\n|-damage|p1a: Flutter Mane|60\/100\n|-crit|p1a: Flutter Mane\n|-damage|p1a: Flutter Mane|20\/100\n|-crit|p1a: Flutter Mane\n|-damage|p1a: Flutter Mane|0 fnt\n|faint|p1a: Flutter Mane\n|-end|p1a: Flutter Mane|Protosynthesis|[silent]\n|-hitcount|p1: Flutter Mane|3\n|\n|upkeep\n|\n|t:|1739813282\n|switch|p1a: Zamazenta|Zamazenta-Crowned, L50|100\/100\n|turn|4\n|\n|t:|1739813298\n|switch|p2b: Incineroar|Incineroar, L50, M|100\/100\n|-ability|p2b: Incineroar|Intimidate|boost\n|-unboost|p1a: Zamazenta|atk|1\n|-unboost|p1b: Ogerpon|atk|1\n|move|p1b: Ogerpon|Follow Me|p1b: Ogerpon\n|-singleturn|p1b: Ogerpon|move: Follow Me\n|move|p2a: Urshifu|Surging Strikes|p1b: Ogerpon\n|-crit|p1b: Ogerpon\n|-damage|p1b: Ogerpon|62\/100\n|-crit|p1b: Ogerpon\n|-damage|p1b: Ogerpon|24\/100\n|-crit|p1b: Ogerpon\n|-damage|p1b: Ogerpon|0 fnt\n|faint|p1b: Ogerpon\n|-hitcount|p1: Ogerpon|3\n|move|p1a: Zamazenta|Body Press|p2a: Urshifu\n|-damage|p2a: Urshifu|50\/100\n|\n|-sideend|p2: zonavideovigilada|move: Tailwind\n|upkeep\n|turn|5\n|\n|t:|1739813319\n|move|p2b: Incineroar|Fake Out|p1a: Zamazenta\n|-resisted|p1a: Zamazenta\n|-damage|p1a: Zamazenta|98\/100\n|cant|p1a: Zamazenta|flinch\n|move|p2a: Urshifu|Surging Strikes|p1a: Zamazenta\n|-crit|p1a: Zamazenta\n|-damage|p1a: Zamazenta|81\/100\n|-crit|p1a: Zamazenta\n|-damage|p1a: Zamazenta|64\/100\n|-crit|p1a: Zamazenta\n|-damage|p1a: Zamazenta|47\/100\n|-hitcount|p1a: Zamazenta|3\n|\n|upkeep\n|turn|6\n|\n|t:|1739813335\n|-terastallize|p1a: Zamazenta|Dragon\n|move|p2a: Urshifu|Detect|p2a: Urshifu\n|-singleturn|p2a: Urshifu|Protect\n|move|p1a: Zamazenta|Body Press|p2a: Urshifu\n|-activate|p2a: Urshifu|move: Protect\n|move|p2b: Incineroar|Parting Shot|p1a: Zamazenta\n|-unboost|p1a: Zamazenta|atk|1\n|-unboost|p1a: Zamazenta|spa|1\n|-message|JoyBoy311 forfeited.\n|\n|win|zonavideovigilada\n|raw|JoyBoy311's rating: 1615 &rarr; <strong>1600<\/strong><br \/>(-15 for losing)\n|raw|zonavideovigilada's rating: 1709 &rarr; <strong>1724<\/strong><br \/>(+15 for winning)\n|l|\u2606JoyBoy311\n|player|p1|\n|l|\u2606zonavideovigilada\n|player|p2|\n","uploadtime":1739813544,"views":5,"formatid":"gen9vgc2025regg","rating":1600,"private":0,"password":null}