{"id":"gen9vgc2025regg-2302776559","format":"[Gen 9] VGC 2025 Reg G","players":["root2iris","Spottedwoot"],"log":"|j|\u2606root2iris\n|j|\u2606Spottedwoot\n|t:|1739836678\n|gametype|doubles\n|player|p1|root2iris|guitarist|1650\n|player|p2|Spottedwoot|170|1698\n|teamsize|p1|6\n|teamsize|p2|6\n|gen|9\n|tier|[Gen 9] VGC 2025 Reg G\n|rated|\n|rule|Species Clause: Limit one of each Pok\u00e9mon\n|rule|Item Clause: Limit 1 of each item\n|clearpoke\n|poke|p1|Terapagos, L50, M|\n|poke|p1|Amoonguss, L50, M|\n|poke|p1|Incineroar, L50, M|\n|poke|p1|Urshifu-*, L50, F|\n|poke|p1|Flutter Mane, L50|\n|poke|p1|Ditto, L50|\n|poke|p2|Zamazenta-*, L50|\n|poke|p2|Chien-Pao, L50|\n|poke|p2|Entei, L50|\n|poke|p2|Raging Bolt, L50|\n|poke|p2|Rillaboom, L50, F|\n|poke|p2|Farigiraf, L50, F|\n|teampreview|4\n|inactive|Battle timer is ON: inactive players will automatically lose when time's up. (requested by root2iris)\n|j| MegaUltra\n|inactive|root2iris has 60 seconds left.\n|\n|t:|1739836714\n|start\n|switch|p1a: seashells|Urshifu-Rapid-Strike, L50, F|100\/100\n|switch|p1b: foolish girl|Flutter Mane, L50|100\/100\n|switch|p2a: Zamazenta|Zamazenta-Crowned, L50|100\/100\n|switch|p2b: Entei|Entei, L50|100\/100\n|-ability|p2a: Zamazenta|Dauntless Shield|boost\n|-boost|p2a: Zamazenta|def|1\n|-enditem|p1b: foolish girl|Booster Energy\n|-activate|p1b: foolish girl|ability: Protosynthesis|[fromitem]\n|-start|p1b: foolish girl|protosynthesisspe\n|turn|1\n|\n|t:|1739836730\n|switch|p2b: Raging Bolt|Raging Bolt, L50|100\/100\n|-enditem|p2b: Raging Bolt|Booster Energy\n|-activate|p2b: Raging Bolt|ability: Protosynthesis|[fromitem]\n|-start|p2b: Raging Bolt|protosynthesisspa\n|-terastallize|p1a: seashells|Poison\n|move|p1b: foolish girl|Icy Wind|p2b: Raging Bolt|[spread] p2a,p2b\n|-resisted|p2a: Zamazenta\n|-supereffective|p2b: Raging Bolt\n|-damage|p2a: Zamazenta|95\/100\n|-damage|p2b: Raging Bolt|81\/100\n|-unboost|p2a: Zamazenta|spe|1\n|-unboost|p2b: Raging Bolt|spe|1\n|move|p1a: seashells|Surging Strikes|p2b: Raging Bolt\n|-resisted|p2b: Raging Bolt\n|-crit|p2b: Raging Bolt\n|-damage|p2b: Raging Bolt|70\/100\n|-resisted|p2b: Raging Bolt\n|-crit|p2b: Raging Bolt\n|-damage|p2b: Raging Bolt|58\/100\n|-resisted|p2b: Raging Bolt\n|-crit|p2b: Raging Bolt\n|-damage|p2b: Raging Bolt|47\/100\n|-hitcount|p2b: Raging Bolt|3\n|move|p2a: Zamazenta|Heavy Slam|p1b: foolish girl\n|-supereffective|p1b: foolish girl\n|-damage|p1b: foolish girl|0 fnt\n|faint|p1b: foolish girl\n|-end|p1b: foolish girl|Protosynthesis|[silent]\n|\n|upkeep\n|\n|t:|1739836749\n|switch|p1b: no. i|Ditto, L50|100\/100\n|-transform|p1b: no. i|p2a: Zamazenta|[from] ability: Imposter\n|-ability|p1b: no. i|Dauntless Shield|boost\n|-boost|p1b: no. i|def|1\n|turn|2\n|inactive|root2iris has 30 seconds left.\n|\n|t:|1739836775\n|switch|p1a: TRANS RIGHTS|Amoonguss, L50, M, shiny|100\/100\n|-terastallize|p2a: Zamazenta|Dragon\n|move|p2b: Raging Bolt|Thunderclap|p1b: no. i\n|-damage|p1b: no. i|50\/100\n|move|p1b: no. i|Body Press|p2b: Raging Bolt\n|-damage|p2b: Raging Bolt|0 fnt\n|faint|p2b: Raging Bolt\n|-end|p2b: Raging Bolt|Protosynthesis|[silent]\n|move|p2a: Zamazenta|Body Press|p1b: no. i\n|-supereffective|p1b: no. i\n|-damage|p1b: no. i|2\/100\n|\n|upkeep\n|\n|t:|1739836786\n|switch|p2b: Entei|Entei, L50|100\/100\n|turn|3\n|\n|t:|1739836801\n|move|p2b: Entei|Extreme Speed|p1b: no. i\n|-resisted|p1b: no. i\n|-damage|p1b: no. i|0 fnt\n|faint|p1b: no. i\n|-damage|p2b: Entei|91\/100|[from] item: Life Orb\n|move|p1a: TRANS RIGHTS|Rage Powder|p1a: TRANS RIGHTS\n|-singleturn|p1a: TRANS RIGHTS|move: Rage Powder\n|move|p2a: Zamazenta|Iron Defense|p2a: Zamazenta\n|-boost|p2a: Zamazenta|def|2\n|\n|upkeep\n|\n|t:|1739836804\n|switch|p1b: seashells|Urshifu-Rapid-Strike, L50, F, tera:Poison|100\/100\n|turn|4\n|j| NerolVGC\n|inactive|Spottedwoot has 30 seconds left.\n|\n|t:|1739836836\n|move|p2b: Entei|Sacred Fire|p1b: seashells\n|-damage|p1b: seashells|31\/100\n|-status|p1b: seashells|brn\n|-damage|p2b: Entei|81\/100|[from] item: Life Orb\n|move|p1b: seashells|Surging Strikes|p2b: Entei\n|-supereffective|p2b: Entei\n|-crit|p2b: Entei\n|-damage|p2b: Entei|55\/100\n|-supereffective|p2b: Entei\n|-crit|p2b: Entei\n|-damage|p2b: Entei|26\/100\n|-supereffective|p2b: Entei\n|-crit|p2b: Entei\n|-damage|p2b: Entei|0 fnt\n|faint|p2b: Entei\n|-hitcount|p2: Entei|3\n|move|p2a: Zamazenta|Body Press|p1b: seashells\n|-resisted|p1b: seashells\n|-damage|p1b: seashells|0 fnt\n|faint|p1b: seashells\n|move|p1a: TRANS RIGHTS|Spore|p2a: Zamazenta\n|-status|p2a: Zamazenta|slp|[from] move: Spore\n|\n|upkeep\n|\n|t:|1739836841\n|switch|p2b: Chien-Pao|Chien-Pao, L50|100\/100\n|-ability|p2b: Chien-Pao|Sword of Ruin\n|turn|5\n|-message|root2iris forfeited.\n|\n|win|Spottedwoot\n|raw|root2iris's rating: 1650 &rarr; <strong>1633<\/strong><br \/>(-17 for losing)\n|raw|Spottedwoot's rating: 1698 &rarr; <strong>1715<\/strong><br \/>(+17 for winning)\n|l|\u2606root2iris\n|player|p1|\n|l|\u2606Spottedwoot\n|player|p2|\n|l| NerolVGC\n","uploadtime":1739836844,"views":40,"formatid":"gen9vgc2025regg","rating":1633,"private":0,"password":null}