{"id":"gen9vgc2025regg-2302081412","format":"[Gen 9] VGC 2025 Reg G","players":["CakesGalore3","Spottedwoot"],"log":"|j|\u2606CakesGalore3\n|j|\u2606Spottedwoot\n|t:|1739744416\n|gametype|doubles\n|player|p1|CakesGalore3|169|1571\n|player|p2|Spottedwoot|265|1607\n|teamsize|p1|6\n|teamsize|p2|6\n|gen|9\n|tier|[Gen 9] VGC 2025 Reg G\n|rated|\n|rule|Species Clause: Limit one of each Pok\u00e9mon\n|rule|Item Clause: Limit 1 of each item\n|clearpoke\n|poke|p1|Kyogre, L50|\n|poke|p1|Tornadus, L50, M|\n|poke|p1|Urshifu-*, L50, F|\n|poke|p1|Farigiraf, L50, M|\n|poke|p1|Rillaboom, L50, F|\n|poke|p1|Amoonguss, L50, M|\n|poke|p2|Zamazenta-*, L50|\n|poke|p2|Chien-Pao, L50|\n|poke|p2|Entei, L50|\n|poke|p2|Raging Bolt, L50|\n|poke|p2|Rillaboom, L50, M|\n|poke|p2|Farigiraf, L50, M|\n|teampreview|4\n|\n|t:|1739744465\n|start\n|switch|p1a: Tornadus|Tornadus, L50, M|100\/100\n|switch|p1b: Amoonguss|Amoonguss, L50, M|100\/100\n|switch|p2a: Chien-Pao|Chien-Pao, L50|100\/100\n|switch|p2b: Rillaboom|Rillaboom, L50, M|100\/100\n|-ability|p2a: Chien-Pao|Sword of Ruin\n|-fieldstart|move: Grassy Terrain|[from] ability: Grassy Surge|[of] p2b: Rillaboom\n|turn|1\n|inactive|Battle timer is ON: inactive players will automatically lose when time's up. (requested by Spottedwoot)\n|\n|t:|1739744480\n|move|p1b: Amoonguss|Protect|p1b: Amoonguss\n|-singleturn|p1b: Amoonguss|Protect\n|move|p1a: Tornadus|Tailwind|p1a: Tornadus\n|-sidestart|p1: CakesGalore3|move: Tailwind\n|move|p2a: Chien-Pao|Icicle Crash|p1b: Amoonguss\n|-activate|p1b: Amoonguss|move: Protect\n|move|p2b: Rillaboom|Wood Hammer|p1b: Amoonguss\n|-activate|p1b: Amoonguss|move: Protect\n|\n|upkeep\n|turn|2\n|inactive|CakesGalore3 has 30 seconds left.\n|inactive|CakesGalore3 has 20 seconds left.\n|inactive|CakesGalore3 has 15 seconds left.\n|\n|t:|1739744525\n|switch|p2b: Raging Bolt|Raging Bolt, L50|100\/100\n|-enditem|p2b: Raging Bolt|Booster Energy\n|-activate|p2b: Raging Bolt|ability: Protosynthesis|[fromitem]\n|-start|p2b: Raging Bolt|protosynthesisspa\n|-terastallize|p2a: Chien-Pao|Stellar\n|move|p1a: Tornadus|Bleakwind Storm|p2b: Raging Bolt|[spread] p2a,p2b\n|-resisted|p2b: Raging Bolt\n|-damage|p2a: Chien-Pao|37\/100\n|-damage|p2b: Raging Bolt|85\/100\n|-unboost|p2b: Raging Bolt|spe|1\n|move|p2a: Chien-Pao|Icicle Crash|p1b: Amoonguss\n|-supereffective|p1b: Amoonguss\n|-damage|p1b: Amoonguss|0 fnt\n|faint|p1b: Amoonguss\n|\n|-heal|p2a: Chien-Pao|42\/100|[from] Grassy Terrain\n|-heal|p2b: Raging Bolt|91\/100|[from] Grassy Terrain\n|upkeep\n|\n|t:|1739744541\n|switch|p1b: Kyogre|Kyogre, L50|100\/100\n|-weather|RainDance|[from] ability: Drizzle|[of] p1b: Kyogre\n|turn|3\n|\n|t:|1739744547\n|switch|p1a: Farigiraf|Farigiraf, L50, M|100\/100\n|-terastallize|p1b: Kyogre|Water\n|move|p2a: Chien-Pao|Sucker Punch||[still]\n|cant|p1a: Farigiraf|ability: Armor Tail|Sucker Punch|[of] p2a: Chien-Pao\n|move|p1b: Kyogre|Water Spout|p2b: Raging Bolt|[spread] p2a,p2b\n|-resisted|p2b: Raging Bolt\n|-damage|p2a: Chien-Pao|0 fnt\n|-damage|p2b: Raging Bolt|0 fnt\n|faint|p2a: Chien-Pao\n|faint|p2b: Raging Bolt\n|-end|p2b: Raging Bolt|Protosynthesis|[silent]\n|\n|-weather|RainDance|[upkeep]\n|upkeep\n|\n|t:|1739744556\n|switch|p2a: Rillaboom|Rillaboom, L50, M|100\/100\n|switch|p2b: Zamazenta|Zamazenta-Crowned, L50|100\/100\n|-ability|p2b: Zamazenta|Dauntless Shield|boost\n|-boost|p2b: Zamazenta|def|1\n|turn|4\n|\n|t:|1739744560\n|move|p2b: Zamazenta|Wide Guard|p2b: Zamazenta\n|-singleturn|p2b: Zamazenta|Wide Guard\n|move|p1a: Farigiraf|Ally Switch|p1a: Farigiraf\n|swap|p1a: Farigiraf|1|[from] move: Ally Switch\n|move|p1a: Kyogre|Water Spout|p2a: Rillaboom|[spread] \n|-activate|p2a: Rillaboom|move: Wide Guard\n|-activate|p2b: Zamazenta|move: Wide Guard\n|move|p2a: Rillaboom|Wood Hammer|p1b: Farigiraf\n|-damage|p1b: Farigiraf|29\/100\n|-enditem|p1b: Farigiraf|Sitrus Berry|[eat]\n|-heal|p1b: Farigiraf|54\/100|[from] item: Sitrus Berry\n|-damage|p2a: Rillaboom|75\/100|[from] Recoil\n|\n|-weather|RainDance|[upkeep]\n|-heal|p1b: Farigiraf|60\/100|[from] Grassy Terrain\n|-heal|p2a: Rillaboom|81\/100|[from] Grassy Terrain\n|-sideend|p1: CakesGalore3|move: Tailwind\n|upkeep\n|turn|5\n|\n|t:|1739744570\n|switch|p1a: Tornadus|Tornadus, L50, M|100\/100\n|move|p2b: Zamazenta|Wide Guard|p2b: Zamazenta\n|-singleturn|p2b: Zamazenta|Wide Guard\n|move|p2a: Rillaboom|Wood Hammer|p1a: Tornadus\n|-resisted|p1a: Tornadus\n|-damage|p1a: Tornadus|43\/100\n|-damage|p2a: Rillaboom|67\/100|[from] Recoil\n|move|p1b: Farigiraf|Dazzling Gleam|p2a: Rillaboom|[spread] \n|-activate|p2a: Rillaboom|move: Wide Guard\n|-activate|p2b: Zamazenta|move: Wide Guard\n|\n|-weather|RainDance|[upkeep]\n|-heal|p2a: Rillaboom|72\/100|[from] Grassy Terrain\n|-heal|p1b: Farigiraf|66\/100|[from] Grassy Terrain\n|-fieldend|move: Grassy Terrain\n|upkeep\n|turn|6\n|\n|t:|1739744583\n|switch|p1b: Kyogre|Kyogre, L50, tera:Water|100\/100\n|move|p1a: Tornadus|Tailwind|p1a: Tornadus\n|-sidestart|p1: CakesGalore3|move: Tailwind\n|move|p2b: Zamazenta|Body Press|p1b: Kyogre\n|-damage|p1b: Kyogre|32\/100\n|move|p2a: Rillaboom|Wood Hammer|p1a: Tornadus\n|-resisted|p1a: Tornadus\n|-damage|p1a: Tornadus|0 fnt\n|faint|p1a: Tornadus\n|-damage|p2a: Rillaboom|62\/100|[from] Recoil\n|\n|-weather|RainDance|[upkeep]\n|upkeep\n|\n|t:|1739744592\n|switch|p1a: Farigiraf|Farigiraf, L50, M|66\/100\n|turn|7\n|\n|t:|1739744609\n|move|p1a: Farigiraf|Helping Hand|p1b: Kyogre\n|-singleturn|p1b: Kyogre|Helping Hand|[of] p1a: Farigiraf\n|move|p2b: Zamazenta|Wide Guard|p2b: Zamazenta\n|-singleturn|p2b: Zamazenta|Wide Guard\n|move|p1b: Kyogre|Hydro Pump|p2a: Rillaboom\n|-resisted|p2a: Rillaboom\n|-damage|p2a: Rillaboom|0 fnt\n|faint|p2a: Rillaboom\n|\n|-weather|none\n|upkeep\n|turn|8\n|\n|t:|1739744629\n|move|p1a: Farigiraf|Helping Hand|p1b: Kyogre\n|-singleturn|p1b: Kyogre|Helping Hand|[of] p1a: Farigiraf\n|move|p1b: Kyogre|Hydro Pump|p2b: Zamazenta\n|-damage|p2b: Zamazenta|0 fnt\n|faint|p2b: Zamazenta\n|\n|win|CakesGalore3\n|raw|CakesGalore3's rating: 1571 &rarr; <strong>1593<\/strong><br \/>(+22 for winning)\n|raw|Spottedwoot's rating: 1607 &rarr; <strong>1585<\/strong><br \/>(-22 for losing)\n","uploadtime":1739744634,"views":53,"formatid":"gen9vgc2025regg","rating":1585,"private":0,"password":null}