{"id":"gen9vgc2025regg-2302283203","format":"[Gen 9] VGC 2025 Reg G","players":["biei2012-2022","longhq"],"log":"|j|\u203dbiei2012-2022\n|j|\u203dlonghq\n|t:|1739771855\n|gametype|doubles\n|player|p1|biei2012-2022|lillie-z|1701\n|player|p2|longhq|dawn|1745\n|teamsize|p1|6\n|teamsize|p2|6\n|gen|9\n|tier|[Gen 9] VGC 2025 Reg G\n|rated|\n|rule|Species Clause: Limit one of each Pok\u00e9mon\n|rule|Item Clause: Limit 1 of each item\n|clearpoke\n|poke|p1|Raging Bolt, L50|\n|poke|p1|Miraidon, L50|\n|poke|p1|Ogerpon-Hearthflame, L50, F|\n|poke|p1|Torkoal, L50, M|\n|poke|p1|Farigiraf, L50, F|\n|poke|p1|Ursaluna, L50, M|\n|poke|p2|Raging Bolt, L50|\n|poke|p2|Koraidon, L50|\n|poke|p2|Jumpluff, L50, F|\n|poke|p2|Iron Bundle, L50|\n|poke|p2|Volcarona, L50, M|\n|poke|p2|Rillaboom, L50, F|\n|teampreview|4\n|inactive|Battle timer is ON: inactive players will automatically lose when time's up. (requested by biei2012-2022)\n|l|\u203dlonghq\n|inactive|longhq disconnected and has a minute to reconnect!\n|player|p2|\n|inactive|biei2012-2022 has 60 seconds left.\n|j|\u203dlonghq\n|inactive|longhq reconnected and has 60 seconds left.\n|player|p2|longhq|dawn|\n|n|\u203dlonghq|longhq\n|\n|t:|1739771917\n|start\n|switch|p1a: Miraidon|Miraidon, L50|100\/100\n|switch|p1b: Farigiraf|Farigiraf, L50, F|100\/100\n|switch|p2a: Koraidon|Koraidon, L50|100\/100\n|switch|p2b: Iron Bundle|Iron Bundle, L50|100\/100\n|-weather|SunnyDay|[from] ability: Orichalcum Pulse|[of] p2a: Koraidon\n|-activate|p2a: Koraidon|Orichalcum Pulse|[source]\n|-fieldstart|move: Electric Terrain|[from] ability: Hadron Engine|[of] p1a: Miraidon\n|-activate|p2b: Iron Bundle|ability: Quark Drive\n|-start|p2b: Iron Bundle|quarkdrivespe\n|-enditem|p1b: Farigiraf|Electric Seed\n|-boost|p1b: Farigiraf|def|1|[from] item: Electric Seed\n|turn|1\n|inactive|longhq has 30 seconds left.\n|inactive|longhq has 20 seconds left.\n|\n|t:|1739771953\n|move|p2b: Iron Bundle|Taunt|p1b: Farigiraf\n|-start|p1b: Farigiraf|move: Taunt\n|move|p1a: Miraidon|Volt Switch|p2b: Iron Bundle\n|-supereffective|p2b: Iron Bundle\n|-damage|p2b: Iron Bundle|0 fnt\n|faint|p2b: Iron Bundle\n|-end|p2b: Iron Bundle|Quark Drive|[silent]\n|\n|t:|1739771962\n|switch|p1a: Ursaluna|Ursaluna, L50, M|100\/100|[from] Volt Switch\n|move|p2a: Koraidon|Breaking Swipe|p1b: Farigiraf|[spread] p1a,p1b\n|-damage|p1a: Ursaluna|68\/100\n|-damage|p1b: Farigiraf|76\/100\n|-unboost|p1a: Ursaluna|atk|1\n|-unboost|p1b: Farigiraf|atk|1\n|cant|p1b: Farigiraf|move: Taunt|Trick Room\n|\n|-weather|SunnyDay|[upkeep]\n|-status|p1a: Ursaluna|brn|[from] item: Flame Orb\n|upkeep\n|\n|t:|1739771970\n|switch|p2b: Rillaboom|Rillaboom, L50, F|100\/100\n|-fieldstart|move: Grassy Terrain|[from] ability: Grassy Surge|[of] p2b: Rillaboom\n|turn|2\n|inactive|longhq has 30 seconds left.\n|\n|t:|1739772000\n|-terastallize|p2a: Koraidon|Fire\n|move|p1a: Ursaluna|Protect|p1a: Ursaluna\n|-singleturn|p1a: Ursaluna|Protect\n|move|p2a: Koraidon|Breaking Swipe|p1b: Farigiraf|[spread] p1b\n|-activate|p1a: Ursaluna|move: Protect\n|-damage|p1b: Farigiraf|49\/100\n|-unboost|p1b: Farigiraf|atk|1\n|move|p2b: Rillaboom|Wood Hammer|p1a: Ursaluna\n|-activate|p1a: Ursaluna|move: Protect\n|move|p1b: Farigiraf|Psychic Noise|p2a: Koraidon\n|-damage|p2a: Koraidon|73\/100\n|-start|p2a: Koraidon|move: Heal Block\n|\n|-weather|SunnyDay|[upkeep]\n|-heal|p1b: Farigiraf|56\/100|[from] Grassy Terrain\n|-heal|p1a: Ursaluna|74\/100 brn|[from] Grassy Terrain\n|-damage|p1a: Ursaluna|68\/100 brn|[from] brn\n|upkeep\n|turn|3\n|inactive|biei2012-2022 has 30 seconds left.\n|\n|t:|1739772029\n|move|p2a: Koraidon|Breaking Swipe|p1b: Farigiraf|[spread] p1a,p1b\n|-crit|p1b: Farigiraf\n|-damage|p1a: Ursaluna|34\/100 brn\n|-damage|p1b: Farigiraf|0 fnt\n|-unboost|p1a: Ursaluna|atk|1\n|faint|p1b: Farigiraf\n|move|p2b: Rillaboom|Wood Hammer|p1a: Ursaluna\n|-supereffective|p1a: Ursaluna\n|-damage|p1a: Ursaluna|0 fnt\n|faint|p1a: Ursaluna\n|-damage|p2b: Rillaboom|88\/100|[from] Recoil\n|\n|-weather|SunnyDay|[upkeep]\n|-heal|p2b: Rillaboom|94\/100|[from] Grassy Terrain\n|-end|p2a: Koraidon|move: Heal Block\n|upkeep\n|\n|t:|1739772039\n|switch|p1b: Miraidon|Miraidon, L50|100\/100\n|switch|p1a: Raging Bolt|Raging Bolt, L50|100\/100\n|-fieldstart|move: Electric Terrain|[from] ability: Hadron Engine|[of] p1b: Miraidon\n|-activate|p1a: Raging Bolt|ability: Protosynthesis\n|-start|p1a: Raging Bolt|protosynthesisspa\n|turn|4\n|\n|t:|1739772059\n|switch|p2a: Raging Bolt|Raging Bolt, L50|100\/100\n|-activate|p2a: Raging Bolt|ability: Protosynthesis\n|-start|p2a: Raging Bolt|protosynthesisspa\n|-terastallize|p1a: Raging Bolt|Electric\n|move|p1b: Miraidon|Draco Meteor|p2a: Raging Bolt\n|-supereffective|p2a: Raging Bolt\n|-damage|p2a: Raging Bolt|0 fnt\n|-unboost|p1b: Miraidon|spa|2\n|faint|p2a: Raging Bolt\n|-end|p2a: Raging Bolt|Protosynthesis|[silent]\n|move|p1a: Raging Bolt|Rising Voltage|p2b: Rillaboom\n|-hint|Rising Voltage's BP doubled on grounded target.\n|-resisted|p2b: Rillaboom\n|-damage|p2b: Rillaboom|16\/100\n|-damage|p1a: Raging Bolt|91\/100|[from] item: Life Orb\n|move|p2b: Rillaboom|U-turn|p1a: Raging Bolt\n|-damage|p1a: Raging Bolt|72\/100\n|\n|t:|1739772075\n|switch|p2b: Koraidon|Koraidon, L50, tera:Fire|73\/100|[from] U-turn\n|-activate|p2b: Koraidon|ability: Orichalcum Pulse\n|\n|-weather|SunnyDay|[upkeep]\n|upkeep\n|\n|t:|1739772077\n|switch|p2a: Rillaboom|Rillaboom, L50, F|16\/100\n|-fieldstart|move: Grassy Terrain|[from] ability: Grassy Surge|[of] p2a: Rillaboom\n|turn|5\n|inactive|longhq has 30 seconds left.\n|inactive|longhq has 20 seconds left.\n|inactive|longhq has 15 seconds left.\n|\n|t:|1739772119\n|move|p2a: Rillaboom|Fake Out|p1a: Raging Bolt\n|-crit|p1a: Raging Bolt\n|-damage|p1a: Raging Bolt|54\/100\n|cant|p1a: Raging Bolt|flinch\n|move|p2b: Koraidon|Collision Course|p1b: Miraidon\n|-damage|p1b: Miraidon|0 fnt\n|faint|p1b: Miraidon\n|\n|-weather|none\n|-end|p1a: Raging Bolt|Protosynthesis\n|-heal|p2b: Koraidon|79\/100|[from] Grassy Terrain\n|-heal|p1a: Raging Bolt|60\/100|[from] Grassy Terrain\n|-heal|p2a: Rillaboom|22\/100|[from] Grassy Terrain\n|upkeep\n|turn|6\n|l|\u203dbiei2012-2022\n|inactive|biei2012-2022 disconnected and has a minute to reconnect!\n|player|p1|\n|inactive|biei2012-2022 has 30 seconds left.\n|inactive|biei2012-2022 has 20 seconds left.\n|inactive|biei2012-2022 has 15 seconds left.\n|inactive|biei2012-2022 has 10 seconds left.\n|inactive|biei2012-2022 has 5 seconds left.\n|j|\u2606biei2012-2022\n|inactive|biei2012-2022 reconnected and has 5 seconds left.\n|player|p1|biei2012-2022|lillie-z|\n|\n|t:|1739772176\n|move|p1a: Raging Bolt|Thunderclap|p2b: Koraidon\n|-damage|p2b: Koraidon|1\/100\n|-damage|p1a: Raging Bolt|50\/100|[from] item: Life Orb\n|move|p2b: Koraidon|Collision Course|p1a: Raging Bolt\n|-damage|p1a: Raging Bolt|0 fnt\n|faint|p1a: Raging Bolt\n|-end|p1a: Raging Bolt|Protosynthesis|[silent]\n|\n|win|longhq\n|raw|biei2012-2022's rating: 1701 &rarr; <strong>1684<\/strong><br \/>(-17 for losing)\n|raw|longhq's rating: 1745 &rarr; <strong>1762<\/strong><br \/>(+17 for winning)\n|l|\u2606biei2012-2022\n|player|p1|\n|l|\u203dlonghq\n|player|p2|\n","uploadtime":1739772417,"views":23,"formatid":"gen9vgc2025regg","rating":1684,"private":0,"password":null}