{"id":"gen9vgc2025regg-2302841516","format":"[Gen 9] VGC 2025 Reg G","players":["Indigo Crisp","yoyuu7"],"log":"|j|\u2606Indigo Crisp\n|j|\u2606yoyuu7\n|t:|1739844911\n|gametype|doubles\n|player|p1|Indigo Crisp|maid|1559\n|player|p2|yoyuu7|265|1508\n|teamsize|p1|6\n|teamsize|p2|6\n|gen|9\n|tier|[Gen 9] VGC 2025 Reg G\n|rated|\n|rule|Species Clause: Limit one of each Pok\u00e9mon\n|rule|Item Clause: Limit 1 of each item\n|clearpoke\n|poke|p1|Zamazenta-*, L50|\n|poke|p1|Iron Valiant, L50|\n|poke|p1|Chien-Pao, L50|\n|poke|p1|Amoonguss, L50, F|\n|poke|p1|Urshifu-*, L50, M|\n|poke|p1|Entei, L50|\n|poke|p2|Ho-Oh, L50|\n|poke|p2|Ting-Lu, L50|\n|poke|p2|Urshifu-*, L50, M|\n|poke|p2|Raging Bolt, L50|\n|poke|p2|Ogerpon-Wellspring, L50, F|\n|poke|p2|Rillaboom, L50, F|\n|teampreview|4\n|\n|t:|1739844945\n|start\n|switch|p1a: Entei|Entei, L50|100\/100\n|switch|p1b: Iron Valiant|Iron Valiant, L50|100\/100\n|switch|p2a: Urshifu|Urshifu-Rapid-Strike, L50, M|100\/100\n|switch|p2b: Ting-Lu|Ting-Lu, L50|100\/100\n|-ability|p2b: Ting-Lu|Vessel of Ruin\n|-enditem|p1b: Iron Valiant|Booster Energy\n|-activate|p1b: Iron Valiant|ability: Quark Drive|[fromitem]\n|-start|p1b: Iron Valiant|quarkdrivespe\n|turn|1\n|\n|t:|1739844967\n|switch|p2a: Ho-Oh|Ho-Oh, L50|100\/100\n|move|p1a: Entei|Extreme Speed|p2a: Ho-Oh\n|-damage|p2a: Ho-Oh|65\/100\n|move|p1b: Iron Valiant|Spirit Break|p2a: Ho-Oh\n|-resisted|p2a: Ho-Oh\n|-damage|p2a: Ho-Oh|51\/100\n|-unboost|p2a: Ho-Oh|spa|1\n|move|p2b: Ting-Lu|Earthquake|p1b: Iron Valiant|[spread] p1a,p1b\n|-immune|p2a: Ho-Oh\n|-supereffective|p1a: Entei\n|-crit|p1b: Iron Valiant\n|-damage|p1a: Entei|0 fnt\n|-damage|p1b: Iron Valiant|14\/100\n|faint|p1a: Entei\n|\n|-heal|p2a: Ho-Oh|57\/100|[from] item: Leftovers\n|upkeep\n|\n|t:|1739844981\n|switch|p1a: Zamazenta|Zamazenta-Crowned, L50|100\/100\n|-ability|p1a: Zamazenta|Dauntless Shield|boost\n|-boost|p1a: Zamazenta|def|1\n|turn|2\n|\n|t:|1739845013\n|-terastallize|p1a: Zamazenta|Dragon\n|-terastallize|p2b: Ting-Lu|Poison\n|move|p2a: Ho-Oh|Protect|p2a: Ho-Oh\n|-singleturn|p2a: Ho-Oh|Protect\n|move|p1b: Iron Valiant|Coaching|p1a: Zamazenta\n|-boost|p1a: Zamazenta|atk|1\n|-boost|p1a: Zamazenta|def|1\n|move|p1a: Zamazenta|Body Press|p2b: Ting-Lu\n|-resisted|p2b: Ting-Lu\n|-damage|p2b: Ting-Lu|73\/100\n|move|p2b: Ting-Lu|Earthquake|p1b: Iron Valiant|[spread] p1a,p1b\n|-activate|p2a: Ho-Oh|move: Protect\n|-damage|p1a: Zamazenta|83\/100\n|-damage|p1b: Iron Valiant|0 fnt\n|faint|p1b: Iron Valiant\n|-end|p1b: Iron Valiant|Quark Drive|[silent]\n|\n|-heal|p2a: Ho-Oh|63\/100|[from] item: Leftovers\n|upkeep\n|\n|t:|1739845030\n|switch|p1b: Chien-Pao|Chien-Pao, L50|100\/100\n|-ability|p1b: Chien-Pao|Sword of Ruin\n|turn|3\n|\n|t:|1739845056\n|move|p1b: Chien-Pao|Ice Spinner|p2a: Ho-Oh\n|-damage|p2a: Ho-Oh|24\/100\n|move|p1a: Zamazenta|Behemoth Bash|p2a: Ho-Oh\n|-resisted|p2a: Ho-Oh\n|-damage|p2a: Ho-Oh|0 fnt\n|faint|p2a: Ho-Oh\n|move|p2b: Ting-Lu|Earthquake|p1a: Zamazenta|[spread] p1a,p1b\n|-damage|p1a: Zamazenta|59\/100\n|-damage|p1b: Chien-Pao|17\/100\n|\n|upkeep\n|\n|t:|1739845079\n|switch|p2a: Urshifu|Urshifu-Rapid-Strike, L50, M|100\/100\n|turn|4\n|\n|t:|1739845085\n|switch|p2b: Ogerpon|Ogerpon-Wellspring, L50, F|100\/100\n|move|p1b: Chien-Pao|Sucker Punch|p2a: Urshifu\n|-resisted|p2a: Urshifu\n|-damage|p2a: Urshifu|76\/100\n|move|p2a: Urshifu|U-turn|p1b: Chien-Pao\n|-supereffective|p1b: Chien-Pao\n|-damage|p1b: Chien-Pao|0 fnt\n|faint|p1b: Chien-Pao\n|\n|t:|1739845093\n|switch|p2a: Ting-Lu|Ting-Lu, L50, tera:Poison|73\/100|[from] U-turn\n|-ability|p2a: Ting-Lu|Vessel of Ruin\n|move|p1a: Zamazenta|Body Press|p2a: Ting-Lu\n|-resisted|p2a: Ting-Lu\n|-crit|p2a: Ting-Lu\n|-damage|p2a: Ting-Lu|32\/100\n|\n|upkeep\n|turn|5\n|\n|t:|1739845114\n|move|p1a: Zamazenta|Protect|p1a: Zamazenta\n|-singleturn|p1a: Zamazenta|Protect\n|move|p2b: Ogerpon|Follow Me|p2b: Ogerpon\n|-singleturn|p2b: Ogerpon|move: Follow Me\n|move|p2a: Ting-Lu|Stomping Tantrum|p1a: Zamazenta\n|-activate|p1a: Zamazenta|move: Protect\n|\n|upkeep\n|turn|6\n|\n|t:|1739845122\n|move|p2b: Ogerpon|Follow Me|p2b: Ogerpon\n|-singleturn|p2b: Ogerpon|move: Follow Me\n|move|p1a: Zamazenta|Body Press|p2b: Ogerpon\n|-damage|p2b: Ogerpon|3\/100\n|move|p2a: Ting-Lu|Stomping Tantrum|p1a: Zamazenta\n|-damage|p1a: Zamazenta|40\/100\n|\n|upkeep\n|turn|7\n|c|\u2606Indigo Crisp|zama you're a fraud\n|\n|t:|1739845136\n|move|p2b: Ogerpon|Spiky Shield|p2b: Ogerpon\n|-singleturn|p2b: Ogerpon|move: Protect\n|move|p1a: Zamazenta|Behemoth Bash|p2a: Ting-Lu\n|-damage|p2a: Ting-Lu|0 fnt\n|faint|p2a: Ting-Lu\n|\n|upkeep\n|c|\u2606Indigo Crisp|can't even ohko an ogerpon\n|\n|t:|1739845141\n|switch|p2a: Urshifu|Urshifu-Rapid-Strike, L50, M|76\/100\n|turn|8\n|\n|t:|1739845148\n|move|p2b: Ogerpon|Follow Me|p2b: Ogerpon\n|-singleturn|p2b: Ogerpon|move: Follow Me\n|move|p2a: Urshifu|Surging Strikes|p1a: Zamazenta\n|-resisted|p1a: Zamazenta\n|-crit|p1a: Zamazenta\n|-damage|p1a: Zamazenta|33\/100\n|-resisted|p1a: Zamazenta\n|-crit|p1a: Zamazenta\n|-damage|p1a: Zamazenta|25\/100\n|-resisted|p1a: Zamazenta\n|-crit|p1a: Zamazenta\n|-damage|p1a: Zamazenta|19\/100\n|-hitcount|p1a: Zamazenta|3\n|move|p1a: Zamazenta|Body Press|p2b: Ogerpon\n|-damage|p2b: Ogerpon|0 fnt\n|faint|p2b: Ogerpon\n|\n|upkeep\n|turn|9\n|\n|t:|1739845155\n|move|p2a: Urshifu|Surging Strikes|p1a: Zamazenta\n|-resisted|p1a: Zamazenta\n|-crit|p1a: Zamazenta\n|-damage|p1a: Zamazenta|12\/100\n|-resisted|p1a: Zamazenta\n|-crit|p1a: Zamazenta\n|-damage|p1a: Zamazenta|5\/100\n|-resisted|p1a: Zamazenta\n|-crit|p1a: Zamazenta\n|-damage|p1a: Zamazenta|0 fnt\n|faint|p1a: Zamazenta\n|-hitcount|p1: Zamazenta|3\n|\n|win|yoyuu7\n|raw|Indigo Crisp's rating: 1559 &rarr; <strong>1536<\/strong><br \/>(-23 for losing)\n|raw|yoyuu7's rating: 1508 &rarr; <strong>1531<\/strong><br \/>(+23 for winning)\n|c|\u2606Indigo Crisp|gg\n|l|\u2606yoyuu7\n|player|p2|\n|l|\u2606Indigo Crisp\n|player|p1|\n","uploadtime":1739845404,"views":5,"formatid":"gen9vgc2025regg","rating":1531,"private":0,"password":null}