{"id":"gen9vgc2025regg-2302296355","format":"[Gen 9] VGC 2025 Reg G","players":["Spottedwoot","Tester_SF02"],"log":"|j|\u2606Spottedwoot\n|j|\u2606Tester_SF02\n|t:|1739774390\n|gametype|doubles\n|player|p1|Spottedwoot|266|1655\n|player|p2|Tester_SF02|hiker-gen4|1722\n|teamsize|p1|6\n|teamsize|p2|6\n|gen|9\n|tier|[Gen 9] VGC 2025 Reg G\n|rated|\n|rule|Species Clause: Limit one of each Pok\u00e9mon\n|rule|Item Clause: Limit 1 of each item\n|clearpoke\n|poke|p1|Zamazenta-*, L50|\n|poke|p1|Chien-Pao, L50|\n|poke|p1|Entei, L50|\n|poke|p1|Raging Bolt, L50|\n|poke|p1|Rillaboom, L50, M|\n|poke|p1|Farigiraf, L50, M|\n|poke|p2|Calyrex-Shadow, L50|\n|poke|p2|Ursaluna, L50, F|\n|poke|p2|Indeedee-F, L50, F|\n|poke|p2|Ogerpon-Wellspring, L50, F|\n|poke|p2|Tornadus, L50, M|\n|poke|p2|Chi-Yu, L50|\n|teampreview|4\n|\n|t:|1739774410\n|start\n|switch|p1a: Zamazenta|Zamazenta-Crowned, L50|100\/100\n|switch|p1b: Chien-Pao|Chien-Pao, L50|100\/100\n|switch|p2a: Tornadus|Tornadus, L50, M|100\/100\n|switch|p2b: Chi-Yu|Chi-Yu, L50|100\/100\n|-ability|p2b: Chi-Yu|Beads of Ruin\n|-ability|p1b: Chien-Pao|Sword of Ruin\n|-ability|p1a: Zamazenta|Dauntless Shield|boost\n|-boost|p1a: Zamazenta|def|1\n|turn|1\n|\n|t:|1739774427\n|move|p1a: Zamazenta|Wide Guard|p1a: Zamazenta\n|-singleturn|p1a: Zamazenta|Wide Guard\n|move|p2a: Tornadus|Taunt|p1a: Zamazenta\n|-start|p1a: Zamazenta|move: Taunt\n|move|p2b: Chi-Yu|Heat Wave|p1a: Zamazenta|[spread] \n|-activate|p1a: Zamazenta|move: Wide Guard\n|-activate|p1b: Chien-Pao|move: Wide Guard\n|move|p1b: Chien-Pao|Sacred Sword|p2b: Chi-Yu\n|-supereffective|p2b: Chi-Yu\n|-damage|p2b: Chi-Yu|0 fnt\n|faint|p2b: Chi-Yu\n|\n|upkeep\n|\n|t:|1739774431\n|switch|p2b: Calyrex|Calyrex-Shadow, L50|100\/100\n|-ability|p2b: Calyrex|As One\n|-ability|p2b: Calyrex|Unnerve\n|turn|2\n|\n|t:|1739774439\n|switch|p2a: Indeedee|Indeedee-F, L50, F|100\/100\n|-fieldstart|move: Psychic Terrain|[from] ability: Psychic Surge|[of] p2a: Indeedee\n|move|p1b: Chien-Pao|Sucker Punch|p2b: Calyrex\n|-activate|p2b: Calyrex|move: Psychic Terrain\n|move|p2b: Calyrex|Astral Barrage|p1a: Zamazenta|[spread] p1a,p1b\n|-resisted|p1b: Chien-Pao\n|-damage|p1a: Zamazenta|45\/100\n|-damage|p1b: Chien-Pao|38\/100\n|-damage|p2b: Calyrex|91\/100|[from] item: Life Orb\n|move|p1a: Zamazenta|Heavy Slam|p2b: Calyrex\n|-damage|p2b: Calyrex|13\/100\n|\n|upkeep\n|turn|3\n|\n|t:|1739774453\n|switch|p1a: Rillaboom|Rillaboom, L50, M|100\/100\n|-fieldstart|move: Grassy Terrain|[from] ability: Grassy Surge|[of] p1a: Rillaboom\n|move|p1b: Chien-Pao|Protect|p1b: Chien-Pao\n|-singleturn|p1b: Chien-Pao|Protect\n|move|p2a: Indeedee|Follow Me|p2a: Indeedee\n|-singleturn|p2a: Indeedee|move: Follow Me\n|move|p2b: Calyrex|Astral Barrage|p1a: Rillaboom|[spread] p1a\n|-activate|p1b: Chien-Pao|move: Protect\n|-damage|p1a: Rillaboom|48\/100\n|-damage|p2b: Calyrex|3\/100|[from] item: Life Orb\n|\n|-heal|p2b: Calyrex|9\/100|[from] Grassy Terrain\n|-heal|p1b: Chien-Pao|44\/100|[from] Grassy Terrain\n|-heal|p1a: Rillaboom|54\/100|[from] Grassy Terrain\n|upkeep\n|turn|4\n|\n|t:|1739774468\n|switch|p1b: Zamazenta|Zamazenta-Crowned, L50|45\/100\n|switch|p2a: Tornadus|Tornadus, L50, M|100\/100\n|move|p2b: Calyrex|Protect|p2b: Calyrex\n|-singleturn|p2b: Calyrex|Protect\n|move|p1a: Rillaboom|Wood Hammer|p2a: Tornadus\n|-resisted|p2a: Tornadus\n|-damage|p2a: Tornadus|54\/100\n|-damage|p1a: Rillaboom|41\/100|[from] Recoil\n|\n|-heal|p2b: Calyrex|15\/100|[from] Grassy Terrain\n|-heal|p1b: Zamazenta|52\/100|[from] Grassy Terrain\n|-heal|p1a: Rillaboom|47\/100|[from] Grassy Terrain\n|upkeep\n|turn|5\n|\n|t:|1739774483\n|switch|p2a: Indeedee|Indeedee-F, L50, F|100\/100\n|-fieldstart|move: Psychic Terrain|[from] ability: Psychic Surge|[of] p2a: Indeedee\n|-terastallize|p2b: Calyrex|Ground\n|move|p1b: Zamazenta|Wide Guard|p1b: Zamazenta\n|-singleturn|p1b: Zamazenta|Wide Guard\n|move|p2b: Calyrex|Tera Blast|p1b: Zamazenta|[anim] Tera Blast Ground\n|-supereffective|p1b: Zamazenta\n|-damage|p1b: Zamazenta|0 fnt\n|faint|p1b: Zamazenta\n|-ability|p2b: Calyrex|Grim Neigh|boost\n|-boost|p2b: Calyrex|spa|1\n|-damage|p2b: Calyrex|5\/100|[from] item: Life Orb\n|move|p1a: Rillaboom|Wood Hammer|p2b: Calyrex\n|-supereffective|p2b: Calyrex\n|-crit|p2b: Calyrex\n|-damage|p2b: Calyrex|0 fnt\n|faint|p2b: Calyrex\n|-damage|p1a: Rillaboom|45\/100|[from] Recoil\n|\n|upkeep\n|\n|t:|1739774494\n|switch|p2b: Tornadus|Tornadus, L50, M|54\/100\n|switch|p1b: Entei|Entei, L50|100\/100\n|turn|6\n|\n|t:|1739774504\n|-terastallize|p1b: Entei|Normal\n|move|p1b: Entei|Extreme Speed|p2b: Tornadus\n|-hint|Psychic Terrain doesn't affect Pok\u00e9mon immune to Ground.\n|-damage|p2b: Tornadus|0 fnt\n|faint|p2b: Tornadus\n|-damage|p1b: Entei|91\/100|[from] item: Life Orb\n|move|p2a: Indeedee|Follow Me|p2a: Indeedee\n|-singleturn|p2a: Indeedee|move: Follow Me\n|move|p1a: Rillaboom|Wood Hammer|p2a: Indeedee\n|-damage|p2a: Indeedee|36\/100\n|-damage|p1a: Rillaboom|27\/100|[from] Recoil\n|\n|upkeep\n|turn|7\n|-message|Tester_SF02 forfeited.\n|\n|win|Spottedwoot\n|raw|Spottedwoot's rating: 1655 &rarr; <strong>1679<\/strong><br \/>(+24 for winning)\n|raw|Tester_SF02's rating: 1722 &rarr; <strong>1698<\/strong><br \/>(-24 for losing)\n|l|\u2606Tester_SF02\n|player|p2|\n|l|\u2606Spottedwoot\n|player|p1|\n","uploadtime":1739774532,"views":61,"formatid":"gen9vgc2025regg","rating":1679,"private":0,"password":null}