{"id":"gen9vgc2025regg-2302615561","format":"[Gen 9] VGC 2025 Reg G","players":["chin8","zonavideovigilada"],"log":"|j|\u2606chin8\n|j|\u2606zonavideovigilada\n|t:|1739819242\n|gametype|doubles\n|player|p1|chin8|gentleman-gen4dp|1663\n|player|p2|zonavideovigilada|102|1659\n|teamsize|p1|6\n|teamsize|p2|6\n|gen|9\n|tier|[Gen 9] VGC 2025 Reg G\n|rated|\n|rule|Species Clause: Limit one of each Pok\u00e9mon\n|rule|Item Clause: Limit 1 of each item\n|clearpoke\n|poke|p1|Calyrex-Shadow, L50|\n|poke|p1|Incineroar, L50, F|\n|poke|p1|Rillaboom, L50, F|\n|poke|p1|Gastrodon-East, L50, M|\n|poke|p1|Hitmonchan, L50, M|\n|poke|p1|Tropius, L50, F|\n|poke|p2|Urshifu-*, L50, F|\n|poke|p2|Whimsicott, L50, F|\n|poke|p2|Miraidon, L50|\n|poke|p2|Iron Hands, L50|\n|poke|p2|Incineroar, L50, M|\n|poke|p2|Iron Leaves, L50|\n|teampreview|4\n|inactive|Battle timer is ON: inactive players will automatically lose when time's up. (requested by chin8)\n|inactive|zonavideovigilada has 60 seconds left.\n|j| mr pogostick\n|\n|t:|1739819299\n|start\n|switch|p1a: Calyrex|Calyrex-Shadow, L50|100\/100\n|switch|p1b: Rillaboom|Rillaboom, L50, F|100\/100\n|switch|p2a: Whimsicott|Whimsicott, L50, F|100\/100\n|switch|p2b: Incineroar|Incineroar, L50, M|100\/100\n|-ability|p1a: Calyrex|As One\n|-ability|p1a: Calyrex|Unnerve\n|-fieldstart|move: Grassy Terrain|[from] ability: Grassy Surge|[of] p1b: Rillaboom\n|-ability|p2b: Incineroar|Intimidate|boost\n|-fail|p1a: Calyrex|unboost|[from] item: Clear Amulet|[of] p1a: Calyrex\n|-unboost|p1b: Rillaboom|atk|1\n|turn|1\n|inactive|zonavideovigilada has 30 seconds left.\n|\n|t:|1739819324\n|-terastallize|p1a: Calyrex|Fairy\n|move|p2a: Whimsicott|Light Screen|p2a: Whimsicott\n|-sidestart|p2: zonavideovigilada|move: Light Screen\n|move|p1a: Calyrex|Astral Barrage|p2a: Whimsicott|[spread] p2a,p2b\n|-resisted|p2b: Incineroar\n|-damage|p2a: Whimsicott|56\/100\n|-damage|p2b: Incineroar|87\/100\n|move|p1b: Rillaboom|U-turn|p2a: Whimsicott\n|-damage|p2a: Whimsicott|36\/100\n|\n|t:|1739819330\n|switch|p1b: Incineroar|Incineroar, L50, F|100\/100|[from] U-turn\n|-ability|p1b: Incineroar|Intimidate|boost\n|-unboost|p2a: Whimsicott|atk|1\n|-unboost|p2b: Incineroar|atk|1\n|move|p2b: Incineroar|Will-O-Wisp|p1b: Incineroar\n|-immune|p1b: Incineroar\n|\n|-heal|p2a: Whimsicott|42\/100|[from] Grassy Terrain\n|-heal|p2b: Incineroar|93\/100|[from] Grassy Terrain\n|upkeep\n|turn|2\n|\n|t:|1739819343\n|move|p2a: Whimsicott|Tailwind|p2a: Whimsicott\n|-sidestart|p2: zonavideovigilada|move: Tailwind\n|move|p1a: Calyrex|Astral Barrage|p2a: Whimsicott|[spread] p2a,p2b\n|-resisted|p2b: Incineroar\n|-damage|p2a: Whimsicott|0 fnt\n|-damage|p2b: Incineroar|79\/100\n|faint|p2a: Whimsicott\n|-ability|p1a: Calyrex|Grim Neigh|boost\n|-boost|p1a: Calyrex|spa|1\n|move|p2b: Incineroar|Parting Shot|p1a: Calyrex\n|-fail|p1a: Calyrex|unboost|[from] item: Clear Amulet|[of] p1a: Calyrex\n|move|p1b: Incineroar|Knock Off|p2b: Incineroar\n|-resisted|p2b: Incineroar\n|-damage|p2b: Incineroar|60\/100\n|-enditem|p2b: Incineroar|Safety Goggles|[from] move: Knock Off|[of] p1b: Incineroar\n|\n|-heal|p2b: Incineroar|66\/100|[from] Grassy Terrain\n|upkeep\n|\n|t:|1739819363\n|switch|p2a: Miraidon|Miraidon, L50|100\/100\n|-fieldstart|move: Electric Terrain|[from] ability: Hadron Engine|[of] p2a: Miraidon\n|turn|3\n|inactive|zonavideovigilada has 30 seconds left.\n|\n|t:|1739819389\n|move|p1a: Calyrex|Protect|p1a: Calyrex\n|-singleturn|p1a: Calyrex|Protect\n|move|p2a: Miraidon|Electro Drift|p1b: Incineroar\n|-damage|p1b: Incineroar|0 fnt\n|faint|p1b: Incineroar\n|move|p2b: Incineroar|Parting Shot|p1a: Calyrex\n|-activate|p1a: Calyrex|move: Protect\n|\n|upkeep\n|\n|t:|1739819398\n|switch|p1b: Rillaboom|Rillaboom, L50, F|100\/100\n|-fieldstart|move: Grassy Terrain|[from] ability: Grassy Surge|[of] p1b: Rillaboom\n|turn|4\n|\n|t:|1739819409\n|move|p1b: Rillaboom|Fake Out|p2a: Miraidon\n|-damage|p2a: Miraidon|85\/100\n|cant|p2a: Miraidon|flinch\n|move|p1a: Calyrex|Calm Mind|p1a: Calyrex\n|-boost|p1a: Calyrex|spa|1\n|-boost|p1a: Calyrex|spd|1\n|move|p2b: Incineroar|Parting Shot|p1b: Rillaboom\n|-unboost|p1b: Rillaboom|atk|1\n|-unboost|p1b: Rillaboom|spa|1\n|\n|t:|1739819411\n|switch|p2b: Iron Leaves|Iron Leaves, L50|100\/100|[from] Parting Shot\n|\n|-heal|p2a: Miraidon|92\/100|[from] Grassy Terrain\n|upkeep\n|turn|5\n|\n|t:|1739819432\n|-terastallize|p2b: Iron Leaves|Normal\n|move|p1a: Calyrex|Protect|p1a: Calyrex\n|-singleturn|p1a: Calyrex|Protect\n|move|p2a: Miraidon|Electro Drift|p1b: Rillaboom\n|-resisted|p1b: Rillaboom\n|-damage|p1b: Rillaboom|72\/100\n|move|p2b: Iron Leaves|Megahorn|p1b: Rillaboom|[miss]\n|-miss|p2b: Iron Leaves|p1b: Rillaboom\n|move|p1b: Rillaboom|U-turn|p2b: Iron Leaves\n|-damage|p2b: Iron Leaves|82\/100\n|\n|t:|1739819441\n|switch|p1b: Gastrodon|Gastrodon-East, L50, M, shiny|100\/100|[from] U-turn\n|\n|-heal|p2a: Miraidon|98\/100|[from] Grassy Terrain\n|-heal|p2b: Iron Leaves|88\/100|[from] Grassy Terrain\n|-sideend|p2: zonavideovigilada|move: Light Screen\n|-sideend|p2: zonavideovigilada|move: Tailwind\n|upkeep\n|turn|6\n|\n|t:|1739819452\n|switch|p2a: Incineroar|Incineroar, L50, M|66\/100\n|-ability|p2a: Incineroar|Intimidate|boost\n|-fail|p1a: Calyrex|unboost|[from] item: Clear Amulet|[of] p1a: Calyrex\n|-unboost|p1b: Gastrodon|atk|1\n|move|p1a: Calyrex|Draining Kiss|p2b: Iron Leaves\n|-damage|p2b: Iron Leaves|17\/100\n|move|p2b: Iron Leaves|Leaf Blade|p1a: Calyrex\n|-damage|p1a: Calyrex|18\/100\n|-damage|p2b: Iron Leaves|8\/100|[from] item: Life Orb\n|move|p1b: Gastrodon|Earth Power|p2b: Iron Leaves\n|-damage|p2b: Iron Leaves|0 fnt\n|faint|p2b: Iron Leaves\n|-end|p2b: Iron Leaves|Quark Drive|[silent]\n|\n|-heal|p1a: Calyrex|23\/100|[from] Grassy Terrain\n|-heal|p2a: Incineroar|72\/100|[from] Grassy Terrain\n|upkeep\n|\n|t:|1739819464\n|switch|p2b: Miraidon|Miraidon, L50|98\/100\n|-fieldstart|move: Electric Terrain|[from] ability: Hadron Engine|[of] p2b: Miraidon\n|turn|7\n|\n|t:|1739819477\n|switch|p1b: Rillaboom|Rillaboom, L50, F|72\/100\n|-fieldstart|move: Grassy Terrain|[from] ability: Grassy Surge|[of] p1b: Rillaboom\n|move|p1a: Calyrex|Protect|p1a: Calyrex\n|-singleturn|p1a: Calyrex|Protect\n|move|p2b: Miraidon|Dazzling Gleam|p1b: Rillaboom|[spread] p1b\n|-activate|p1a: Calyrex|move: Protect\n|-damage|p1b: Rillaboom|47\/100\n|move|p2a: Incineroar|Knock Off|p1b: Rillaboom\n|-damage|p1b: Rillaboom|11\/100\n|-enditem|p1b: Rillaboom|Assault Vest|[from] move: Knock Off|[of] p2a: Incineroar\n|\n|-heal|p1a: Calyrex|29\/100|[from] Grassy Terrain\n|-heal|p2b: Miraidon|100\/100|[from] Grassy Terrain\n|-heal|p1b: Rillaboom|16\/100|[from] Grassy Terrain\n|-heal|p2a: Incineroar|78\/100|[from] Grassy Terrain\n|upkeep\n|turn|8\n|\n|t:|1739819493\n|move|p1b: Rillaboom|Fake Out|p2b: Miraidon\n|-damage|p2b: Miraidon|85\/100\n|move|p1a: Calyrex|Draining Kiss|p2b: Miraidon\n|-supereffective|p2b: Miraidon\n|-damage|p2b: Miraidon|0 fnt\n|-heal|p1a: Calyrex|90\/100|[from] drain|[of] p2b: Miraidon\n|faint|p2b: Miraidon\n|-ability|p1a: Calyrex|Grim Neigh|boost\n|-boost|p1a: Calyrex|spa|1\n|move|p2a: Incineroar|Knock Off|p1b: Rillaboom\n|-damage|p1b: Rillaboom|0 fnt\n|faint|p1b: Rillaboom\n|\n|-heal|p1a: Calyrex|96\/100|[from] Grassy Terrain\n|-heal|p2a: Incineroar|84\/100|[from] Grassy Terrain\n|upkeep\n|\n|t:|1739819495\n|switch|p1b: Gastrodon|Gastrodon-East, L50, M, shiny|100\/100\n|turn|9\n|-message|zonavideovigilada forfeited.\n|\n|win|chin8\n|raw|chin8's rating: 1663 &rarr; <strong>1683<\/strong><br \/>(+20 for winning)\n|raw|zonavideovigilada's rating: 1659 &rarr; <strong>1639<\/strong><br \/>(-20 for losing)\n|l|\u2606zonavideovigilada\n|player|p2|\n|l|\u2606chin8\n|player|p1|\n|l| mr pogostick\n","uploadtime":1739819673,"views":8,"formatid":"gen9vgc2025regg","rating":1639,"private":0,"password":null}