{"id":"gen9vgc2025regg-2302133253","format":"[Gen 9] VGC 2025 Reg G","players":["SamP_64","bacardigin"],"log":"|j|\u2606SamP_64\n|j|\u2606bacardigin\n|t:|1739750760\n|gametype|doubles\n|player|p1|SamP_64|cyrus|1643\n|player|p2|bacardigin|266|1625\n|teamsize|p1|6\n|teamsize|p2|6\n|gen|9\n|tier|[Gen 9] VGC 2025 Reg G\n|rated|\n|rule|Species Clause: Limit one of each Pok\u00e9mon\n|rule|Item Clause: Limit 1 of each item\n|clearpoke\n|poke|p1|Incineroar, L50, M|\n|poke|p1|Rillaboom, L50, F|\n|poke|p1|Flutter Mane, L50|\n|poke|p1|Urshifu-*, L50, M|\n|poke|p1|Terapagos, L50, M|\n|poke|p1|Amoonguss, L50, M|\n|poke|p2|Calyrex-Ice, L50|\n|poke|p2|Urshifu-*, L50, M|\n|poke|p2|Smeargle, L50, F|\n|poke|p2|Farigiraf, L50, F|\n|poke|p2|Ursaluna-Bloodmoon, L50, M|\n|poke|p2|Torkoal, L50, F|\n|teampreview|4\n|inactive|Battle timer is ON: inactive players will automatically lose when time's up. (requested by SamP_64)\n|j| wagie get in cagie\n|inactive|SamP_64 has 60 seconds left.\n|\n|t:|1739750805\n|start\n|switch|p1a: Incineroar|Incineroar, L50, M|100\/100\n|switch|p1b: Terapagos|Terapagos, L50, M|100\/100\n|switch|p2a: Smeargle|Smeargle, L50, F|100\/100\n|switch|p2b: Farigiraf|Farigiraf, L50, F|100\/100\n|-activate|p1b: Terapagos|ability: Tera Shift\n|detailschange|p1b: Terapagos|Terapagos-Terastal, L50, M\n|-heal|p1b: Terapagos|100\/100|[silent]\n|-ability|p1a: Incineroar|Intimidate|boost\n|-unboost|p2a: Smeargle|atk|1\n|-enditem|p2a: Smeargle|Eject Pack\n|-unboost|p2b: Farigiraf|atk|1\n|inactive|bacardigin has 30 seconds left.\n|j| pmg9\n|inactive|bacardigin has 20 seconds left.\n|inactive|bacardigin has 15 seconds left.\n|inactive|bacardigin has 10 seconds left.\n|inactive|bacardigin has 5 seconds left.\n|\n|t:|1739750856\n|switch|p2a: Calyrex|Calyrex-Ice, L50|100\/100\n|-ability|p2a: Calyrex|As One\n|-ability|p2a: Calyrex|Unnerve\n|turn|1\n|\n|t:|1739750878\n|move|p2b: Farigiraf|Ally Switch|p2b: Farigiraf\n|swap|p2b: Farigiraf|0|[from] move: Ally Switch\n|move|p1b: Terapagos|Calm Mind|p1b: Terapagos\n|-boost|p1b: Terapagos|spa|1\n|-boost|p1b: Terapagos|spd|1\n|move|p1a: Incineroar|Will-O-Wisp|p2a: Farigiraf\n|-status|p2a: Farigiraf|brn\n|move|p2b: Calyrex|Trick Room|p2b: Calyrex\n|-fieldstart|move: Trick Room|[of] p2b: Calyrex\n|\n|-damage|p2a: Farigiraf|95\/100 brn|[from] brn\n|upkeep\n|turn|2\n|inactive|bacardigin has 30 seconds left.\n|\n|t:|1739750905\n|move|p2a: Farigiraf|Ally Switch||[still]\n|-fail|p2a: Farigiraf\n|move|p2b: Calyrex|Glacial Lance|p1b: Terapagos|[spread] p1a,p1b\n|-resisted|p1a: Incineroar\n|-activate|p1b: Terapagos|ability: Tera Shell\n|-resisted|p1b: Terapagos\n|-damage|p1a: Incineroar|76\/100\n|-damage|p1b: Terapagos|79\/100\n|move|p1a: Incineroar|Will-O-Wisp|p2b: Calyrex\n|-status|p2b: Calyrex|brn\n|move|p1b: Terapagos|Calm Mind|p1b: Terapagos\n|-boost|p1b: Terapagos|spa|1\n|-boost|p1b: Terapagos|spd|1\n|\n|-heal|p1b: Terapagos|84\/100|[from] item: Leftovers\n|-damage|p2b: Calyrex|95\/100 brn|[from] brn\n|-damage|p2a: Farigiraf|89\/100 brn|[from] brn\n|upkeep\n|turn|3\n|inactive|SamP_64 has 30 seconds left.\n|\n|t:|1739750930\n|switch|p2a: Torkoal|Torkoal, L50, F|100\/100\n|-weather|SunnyDay|[from] ability: Drought|[of] p2a: Torkoal\n|-terastallize|p1b: Terapagos|Stellar\n|detailschange|p1b: Terapagos|Terapagos-Stellar, L50, M, tera:Stellar\n|-heal|p1b: Terapagos|88\/100|[silent]\n|-ability|p1b: Terapagos|Teraform Zero\n|-weather|none\n|move|p2b: Calyrex|Glacial Lance|p1b: Terapagos|[spread] p1a,p1b\n|-resisted|p1a: Incineroar\n|-damage|p1a: Incineroar|61\/100\n|-damage|p1b: Terapagos|71\/100\n|move|p1a: Incineroar|Parting Shot|p2a: Torkoal\n|-unboost|p2a: Torkoal|atk|1\n|-unboost|p2a: Torkoal|spa|1\n|\n|t:|1739750947\n|switch|p1a: Amoonguss|Amoonguss, L50, M|100\/100|[from] Parting Shot\n|move|p1b: Terapagos|Tera Starstorm|p2a: Torkoal|[spread] p2a,p2b\n|-damage|p2a: Torkoal|0 fnt\n|-damage|p2b: Calyrex|47\/100 brn\n|faint|p2a: Torkoal\n|\n|-heal|p1b: Terapagos|77\/100|[from] item: Leftovers\n|-damage|p2b: Calyrex|42\/100 brn|[from] brn\n|upkeep\n|\n|t:|1739750957\n|switch|p2a: Smeargle|Smeargle, L50, F|100\/100\n|turn|4\n|\n|t:|1739750964\n|-terastallize|p2b: Calyrex|Grass\n|move|p2a: Smeargle|Wide Guard|p2a: Smeargle\n|-singleturn|p2a: Smeargle|Wide Guard\n|move|p1a: Amoonguss|Spore|p2a: Smeargle\n|-status|p2a: Smeargle|slp|[from] move: Spore\n|move|p2b: Calyrex|Glacial Lance|p1a: Amoonguss|[spread] p1a,p1b\n|-supereffective|p1a: Amoonguss\n|-damage|p1a: Amoonguss|55\/100\n|-damage|p1b: Terapagos|60\/100\n|move|p1b: Terapagos|Tera Starstorm|p2a: Smeargle|[spread] \n|-activate|p2a: Smeargle|move: Wide Guard\n|-activate|p2b: Calyrex|move: Wide Guard\n|\n|-heal|p1b: Terapagos|66\/100|[from] item: Leftovers\n|-damage|p2b: Calyrex|36\/100 brn|[from] brn\n|-ability|p2a: Smeargle|Moody|boost\n|-boost|p2a: Smeargle|spd|2\n|-unboost|p2a: Smeargle|spa|1\n|upkeep\n|turn|5\n|-message|bacardigin forfeited.\n|\n|win|SamP_64\n|raw|SamP_64's rating: 1643 &rarr; <strong>1662<\/strong><br \/>(+19 for winning)\n|raw|bacardigin's rating: 1625 &rarr; <strong>1606<\/strong><br \/>(-19 for losing)\n|l|\u2606bacardigin\n|player|p2|\n|l|\u2606SamP_64\n|player|p1|\n|l| pmg9\n","uploadtime":1739751221,"views":9,"formatid":"gen9vgc2025regg","rating":1606,"private":0,"password":null}