{"id":"gen9vgc2025regg-2302176613","format":"[Gen 9] VGC 2025 Reg G","players":["Sarfy","Spottedwoot"],"log":"|j|\u2606Sarfy\n|j|\u2606Spottedwoot\n|t:|1739756284\n|gametype|doubles\n|player|p1|Sarfy|adaman|1518\n|player|p2|Spottedwoot|266|1610\n|teamsize|p1|6\n|teamsize|p2|6\n|gen|9\n|tier|[Gen 9] VGC 2025 Reg G\n|rated|\n|rule|Species Clause: Limit one of each Pok\u00e9mon\n|rule|Item Clause: Limit 1 of each item\n|clearpoke\n|poke|p1|Zacian-*, L50|\n|poke|p1|Ditto, L50|\n|poke|p1|Gothitelle, L50, F|\n|poke|p1|Dragonite, L50, M|\n|poke|p1|Chien-Pao, L50|\n|poke|p1|Pelipper, L50, F|\n|poke|p2|Zamazenta-*, L50|\n|poke|p2|Chien-Pao, L50|\n|poke|p2|Entei, L50|\n|poke|p2|Raging Bolt, L50|\n|poke|p2|Rillaboom, L50, F|\n|poke|p2|Farigiraf, L50, M|\n|teampreview|4\n|inactive|Battle timer is ON: inactive players will automatically lose when time's up. (requested by Spottedwoot)\n|inactive|Sarfy has 60 seconds left.\n|inactive|Sarfy has 30 seconds left.\n|inactive|Sarfy has 20 seconds left.\n|j| surgevgc\n|inactive|Sarfy has 15 seconds left.\n|inactive|Sarfy has 10 seconds left.\n|\n|t:|1739756386\n|start\n|switch|p1a: Zacian|Zacian-Crowned, L50|100\/100\n|switch|p1b: Pelipper|Pelipper, L50, F|100\/100\n|switch|p2a: Zamazenta|Zamazenta-Crowned, L50|100\/100\n|switch|p2b: Chien-Pao|Chien-Pao, L50|100\/100\n|-ability|p1a: Zacian|Intrepid Sword|boost\n|-boost|p1a: Zacian|atk|1\n|-ability|p2b: Chien-Pao|Sword of Ruin\n|-ability|p2a: Zamazenta|Dauntless Shield|boost\n|-boost|p2a: Zamazenta|def|1\n|-weather|RainDance|[from] ability: Drizzle|[of] p1b: Pelipper\n|turn|1\n|inactive|Sarfy has 30 seconds left.\n|inactive|Spottedwoot has 30 seconds left.\n|inactive|Spottedwoot has 20 seconds left.\n|\n|t:|1739756422\n|move|p2b: Chien-Pao|Protect|p2b: Chien-Pao\n|-singleturn|p2b: Chien-Pao|Protect\n|move|p1a: Zacian|Sacred Sword|p2a: Zamazenta\n|-supereffective|p2a: Zamazenta\n|-damage|p2a: Zamazenta|6\/100\n|move|p2a: Zamazenta|Body Press|p1a: Zacian\n|-damage|p1a: Zacian|17\/100\n|move|p1b: Pelipper|Tailwind|p1b: Pelipper\n|-sidestart|p1: Sarfy|move: Tailwind\n|\n|-weather|RainDance|[upkeep]\n|upkeep\n|turn|2\n|inactive|Sarfy has 30 seconds left.\n|\n|t:|1739756450\n|move|p2b: Chien-Pao|Sucker Punch|p1a: Zacian\n|-resisted|p1a: Zacian\n|-damage|p1a: Zacian|0 fnt\n|faint|p1a: Zacian\n|move|p1b: Pelipper|Weather Ball|p2b: Chien-Pao\n|-enditem|p2b: Chien-Pao|Focus Sash\n|-damage|p2b: Chien-Pao|1\/100\n|move|p2a: Zamazenta|Body Press|p1b: Pelipper\n|-resisted|p1b: Pelipper\n|-damage|p1b: Pelipper|49\/100\n|\n|-weather|RainDance|[upkeep]\n|upkeep\n|\n|t:|1739756456\n|switch|p1a: Chien-Pao|Chien-Pao, L50|100\/100\n|-ability|p1a: Chien-Pao|Sword of Ruin\n|turn|3\n|j| Therazer456\n|\n|t:|1739756478\n|switch|p1b: Ditto|Ditto, L50|100\/100\n|-transform|p1b: Ditto|p2a: Zamazenta|[from] ability: Imposter\n|-ability|p1b: Ditto|Dauntless Shield|boost\n|-boost|p1b: Ditto|def|1\n|switch|p2a: Raging Bolt|Raging Bolt, L50|100\/100\n|-enditem|p2a: Raging Bolt|Booster Energy\n|-activate|p2a: Raging Bolt|ability: Protosynthesis|[fromitem]\n|-start|p2a: Raging Bolt|protosynthesisspa\n|move|p2b: Chien-Pao|Protect|p2b: Chien-Pao\n|-singleturn|p2b: Chien-Pao|Protect\n|move|p1a: Chien-Pao|Sacred Sword|p2a: Raging Bolt\n|-damage|p2a: Raging Bolt|64\/100\n|\n|-weather|RainDance|[upkeep]\n|upkeep\n|turn|4\n|inactive|Sarfy has 30 seconds left.\n|\n|t:|1739756509\n|-terastallize|p2a: Raging Bolt|Electric\n|move|p1a: Chien-Pao|Sucker Punch|p2b: Chien-Pao\n|-resisted|p2b: Chien-Pao\n|-damage|p2b: Chien-Pao|0 fnt\n|faint|p2b: Chien-Pao\n|move|p2a: Raging Bolt|Thunderclap|p1b: Ditto\n|-damage|p1b: Ditto|39\/100\n|move|p1b: Ditto|Body Press|p2a: Raging Bolt\n|-crit|p2a: Raging Bolt\n|-damage|p2a: Raging Bolt|0 fnt\n|faint|p2a: Raging Bolt\n|-end|p2a: Raging Bolt|Protosynthesis|[silent]\n|\n|-weather|RainDance|[upkeep]\n|-sideend|p1: Sarfy|move: Tailwind\n|upkeep\n|\n|t:|1739756516\n|switch|p2b: Zamazenta|Zamazenta-Crowned, L50|6\/100\n|switch|p2a: Entei|Entei, L50|100\/100\n|turn|5\n|inactive|Sarfy has 30 seconds left.\n|\n|t:|1739756547\n|-terastallize|p1b: Ditto|Fairy\n|move|p2b: Zamazenta|Iron Defense|p2b: Zamazenta\n|-boost|p2b: Zamazenta|def|2\n|move|p1b: Ditto|Iron Defense|p1b: Ditto\n|-boost|p1b: Ditto|def|2\n|move|p1a: Chien-Pao|Sacred Sword|p2b: Zamazenta\n|-supereffective|p2b: Zamazenta\n|-damage|p2b: Zamazenta|0 fnt\n|faint|p2b: Zamazenta\n|move|p2a: Entei|Sacred Fire|p1a: Chien-Pao\n|-supereffective|p1a: Chien-Pao\n|-enditem|p1a: Chien-Pao|Focus Sash\n|-damage|p1a: Chien-Pao|1\/100\n|-status|p1a: Chien-Pao|brn\n|\n|-weather|none\n|-damage|p1a: Chien-Pao|0 fnt|[from] brn\n|faint|p1a: Chien-Pao\n|upkeep\n|\n|t:|1739756560\n|switch|p1a: Pelipper|Pelipper, L50, F|49\/100\n|-weather|RainDance|[from] ability: Drizzle|[of] p1a: Pelipper\n|turn|6\n|\n|t:|1739756563\n|move|p1b: Ditto|Body Press|p2a: Entei\n|-damage|p2a: Entei|0 fnt\n|faint|p2a: Entei\n|\n|win|Sarfy\n|raw|Sarfy's rating: 1518 &rarr; <strong>1544<\/strong><br \/>(+26 for winning)\n|raw|Spottedwoot's rating: 1629 &rarr; <strong>1603<\/strong><br \/>(-26 for losing)\n","uploadtime":1739756566,"views":49,"formatid":"gen9vgc2025regg","rating":1544,"private":0,"password":null}