{"id":"gen9vgc2025regg-2302311669","format":"[Gen 9] VGC 2025 Reg G","players":["Spottedwoot","dave savez"],"log":"|j|\u2606Spottedwoot\n|j|\u2606dave savez\n|t:|1739777519\n|gametype|doubles\n|player|p1|Spottedwoot|266|1617\n|player|p2|dave savez|101|1588\n|teamsize|p1|6\n|teamsize|p2|6\n|gen|9\n|tier|[Gen 9] VGC 2025 Reg G\n|rated|\n|rule|Species Clause: Limit one of each Pok\u00e9mon\n|rule|Item Clause: Limit 1 of each item\n|clearpoke\n|poke|p1|Zamazenta-*, L50|\n|poke|p1|Chien-Pao, L50|\n|poke|p1|Entei, L50|\n|poke|p1|Raging Bolt, L50|\n|poke|p1|Rillaboom, L50, F|\n|poke|p1|Farigiraf, L50, M|\n|poke|p2|Koraidon, L50|\n|poke|p2|Raging Bolt, L50|\n|poke|p2|Flutter Mane, L50|\n|poke|p2|Ogerpon-Cornerstone, L50, F|\n|poke|p2|Volcarona, L50, M|\n|poke|p2|Umbreon, L50, M|\n|teampreview|4\n|inactive|Battle timer is ON: inactive players will automatically lose when time's up. (requested by dave savez)\n|inactive|dave savez has 60 seconds left.\n|inactive|dave savez has 30 seconds left.\n|\n|t:|1739777582\n|start\n|switch|p1a: Entei|Entei, L50|100\/100\n|switch|p1b: Zamazenta|Zamazenta-Crowned, L50|100\/100\n|switch|p2a: Flutter Mane|Flutter Mane, L50|100\/100\n|switch|p2b: Ogerpon|Ogerpon-Cornerstone, L50, F|100\/100\n|-ability|p1b: Zamazenta|Dauntless Shield|boost\n|-boost|p1b: Zamazenta|def|1\n|turn|1\n|\n|t:|1739777603\n|move|p2a: Flutter Mane|Protect|p2a: Flutter Mane\n|-singleturn|p2a: Flutter Mane|Protect\n|move|p2b: Ogerpon|Spiky Shield|p2b: Ogerpon\n|-singleturn|p2b: Ogerpon|move: Protect\n|move|p1a: Entei|Protect|p1a: Entei\n|-singleturn|p1a: Entei|Protect\n|move|p1b: Zamazenta|Body Press|p2b: Ogerpon\n|-activate|p2b: Ogerpon|move: Protect\n|-damage|p1b: Zamazenta|88\/100|[from] Spiky Shield|[of] p2b: Ogerpon\n|\n|upkeep\n|turn|2\n|inactive|dave savez has 30 seconds left.\n|inactive|dave savez has 20 seconds left.\n|inactive|dave savez has 15 seconds left.\n|inactive|dave savez has 10 seconds left.\n|\n|t:|1739777650\n|switch|p1a: Raging Bolt|Raging Bolt, L50|100\/100\n|-enditem|p1a: Raging Bolt|Booster Energy\n|-activate|p1a: Raging Bolt|ability: Protosynthesis|[fromitem]\n|-start|p1a: Raging Bolt|protosynthesisspa\n|move|p2a: Flutter Mane|Icy Wind|p1b: Zamazenta|[spread] p1a,p1b\n|-supereffective|p1a: Raging Bolt\n|-resisted|p1b: Zamazenta\n|-damage|p1a: Raging Bolt|75\/100\n|-damage|p1b: Zamazenta|82\/100\n|-unboost|p1a: Raging Bolt|spe|1\n|-unboost|p1b: Zamazenta|spe|1\n|move|p2b: Ogerpon|Ivy Cudgel|p1a: Raging Bolt|[anim] Ivy Cudgel Rock\n|-crit|p1a: Raging Bolt\n|-damage|p1a: Raging Bolt|0 fnt\n|faint|p1a: Raging Bolt\n|-end|p1a: Raging Bolt|Protosynthesis|[silent]\n|move|p1b: Zamazenta|Heavy Slam|p2a: Flutter Mane\n|-supereffective|p2a: Flutter Mane\n|-enditem|p2a: Flutter Mane|Focus Sash\n|-damage|p2a: Flutter Mane|1\/100\n|\n|upkeep\n|\n|t:|1739777664\n|switch|p1a: Chien-Pao|Chien-Pao, L50|100\/100\n|-ability|p1a: Chien-Pao|Sword of Ruin\n|turn|3\n|\n|t:|1739777668\n|move|p2a: Flutter Mane|Protect|p2a: Flutter Mane\n|-singleturn|p2a: Flutter Mane|Protect\n|move|p1a: Chien-Pao|Protect|p1a: Chien-Pao\n|-singleturn|p1a: Chien-Pao|Protect\n|move|p2b: Ogerpon|Spiky Shield|p2b: Ogerpon\n|-singleturn|p2b: Ogerpon|move: Protect\n|move|p1b: Zamazenta|Body Press|p2b: Ogerpon\n|-activate|p2b: Ogerpon|move: Protect\n|-damage|p1b: Zamazenta|70\/100|[from] Spiky Shield|[of] p2b: Ogerpon\n|\n|upkeep\n|turn|4\n|\n|t:|1739777692\n|move|p2b: Ogerpon|Follow Me|p2b: Ogerpon\n|-singleturn|p2b: Ogerpon|move: Follow Me\n|move|p1a: Chien-Pao|Icicle Crash|p2b: Ogerpon\n|-supereffective|p2b: Ogerpon\n|-ability|p2b: Ogerpon|Sturdy\n|-damage|p2b: Ogerpon|1\/100\n|move|p2a: Flutter Mane|Moonblast|p1a: Chien-Pao\n|-supereffective|p1a: Chien-Pao\n|-enditem|p1a: Chien-Pao|Focus Sash\n|-damage|p1a: Chien-Pao|1\/100\n|-unboost|p1a: Chien-Pao|spa|1\n|move|p1b: Zamazenta|Heavy Slam|p2b: Ogerpon\n|-supereffective|p2b: Ogerpon\n|-damage|p2b: Ogerpon|0 fnt\n|faint|p2b: Ogerpon\n|\n|upkeep\n|\n|t:|1739777716\n|switch|p2b: Volcarona|Volcarona, L50, M|100\/100\n|turn|5\n|\n|t:|1739777728\n|move|p1b: Zamazenta|Wide Guard|p1b: Zamazenta\n|-singleturn|p1b: Zamazenta|Wide Guard\n|move|p2b: Volcarona|Rage Powder|p2b: Volcarona\n|-singleturn|p2b: Volcarona|move: Rage Powder\n|move|p1a: Chien-Pao|Sucker Punch||[still]\n|-fail|p1a: Chien-Pao\n|move|p2a: Flutter Mane|Moonblast|p1b: Zamazenta\n|-damage|p1b: Zamazenta|31\/100\n|\n|upkeep\n|turn|6\n|\n|t:|1739777740\n|move|p1b: Zamazenta|Wide Guard|p1b: Zamazenta\n|-singleturn|p1b: Zamazenta|Wide Guard\n|move|p2b: Volcarona|Rage Powder|p2b: Volcarona\n|-singleturn|p2b: Volcarona|move: Rage Powder\n|move|p1a: Chien-Pao|Sacred Sword|p2b: Volcarona\n|-resisted|p2b: Volcarona\n|-damage|p2b: Volcarona|83\/100\n|-damage|p1a: Chien-Pao|0 fnt|[from] item: Rocky Helmet|[of] p2b: Volcarona\n|faint|p1a: Chien-Pao\n|move|p2a: Flutter Mane|Dazzling Gleam|p1b: Zamazenta\n|-activate|p1b: Zamazenta|move: Wide Guard\n|\n|upkeep\n|\n|t:|1739777744\n|switch|p1a: Entei|Entei, L50|100\/100\n|turn|7\n|\n|t:|1739777759\n|move|p2a: Flutter Mane|Protect|p2a: Flutter Mane\n|-singleturn|p2a: Flutter Mane|Protect\n|move|p2b: Volcarona|Protect|p2b: Volcarona\n|-singleturn|p2b: Volcarona|Protect\n|move|p1b: Zamazenta|Wide Guard|p1b: Zamazenta\n|-singleturn|p1b: Zamazenta|Wide Guard\n|move|p1a: Entei|Sacred Fire|p2b: Volcarona\n|-activate|p2b: Volcarona|move: Protect\n|\n|upkeep\n|turn|8\n|\n|t:|1739777772\n|move|p1b: Zamazenta|Wide Guard|p1b: Zamazenta\n|-singleturn|p1b: Zamazenta|Wide Guard\n|move|p2b: Volcarona|Rage Powder|p2b: Volcarona\n|-singleturn|p2b: Volcarona|move: Rage Powder\n|move|p2a: Flutter Mane|Moonblast|p1b: Zamazenta\n|-damage|p1b: Zamazenta|0 fnt\n|faint|p1b: Zamazenta\n|move|p1a: Entei|Sacred Fire|p2b: Volcarona\n|-damage|p2b: Volcarona|23\/100\n|-damage|p1a: Entei|91\/100|[from] item: Life Orb\n|\n|upkeep\n|turn|9\n|-message|Spottedwoot forfeited.\n|\n|win|dave savez\n|raw|Spottedwoot's rating: 1617 &rarr; <strong>1595<\/strong><br \/>(-22 for losing)\n|raw|dave savez's rating: 1588 &rarr; <strong>1610<\/strong><br \/>(+22 for winning)\n|c|\u2606dave savez|gg\n|l|\u2606Spottedwoot\n|player|p1|\n|c|\u2606dave savez|mu is really tough\n|l|\u2606dave savez\n|player|p2|\n","uploadtime":1739777781,"views":60,"formatid":"gen9vgc2025regg","rating":1595,"private":0,"password":null}