{"id":"gen9vgc2025regg-2302553629","format":"[Gen 9] VGC 2025 Reg G","players":["xatseye","TJRaynes"],"log":"|j|\u2606xatseye\n|j|\u2606TJRaynes\n|t:|1739812686\n|gametype|doubles\n|player|p1|xatseye|unknown|1652\n|player|p2|TJRaynes|marley|1572\n|teamsize|p1|6\n|teamsize|p2|6\n|gen|9\n|tier|[Gen 9] VGC 2025 Reg G\n|rated|\n|rule|Species Clause: Limit one of each Pok\u00e9mon\n|rule|Item Clause: Limit 1 of each item\n|clearpoke\n|poke|p1|Miraidon, L50|\n|poke|p1|Incineroar, L50, M|\n|poke|p1|Oranguru, L50, F|\n|poke|p1|Clefairy, L50, F|\n|poke|p1|Iron Valiant, L50|\n|poke|p1|Baxcalibur, L50, F|\n|poke|p2|Ninetales-Alola, L50, M|\n|poke|p2|Chi-Yu, L50|\n|poke|p2|Tornadus, L50, M|\n|poke|p2|Rillaboom, L50, F|\n|poke|p2|Urshifu-*, L50, M|\n|poke|p2|Eternatus, L50|\n|teampreview|4\n|inactive|Battle timer is ON: inactive players will automatically lose when time's up. (requested by xatseye)\n|j| EllAkuro\nTJRaynes has agreed to open team sheets.\n|\n|t:|1739812711\n|start\n|switch|p1a: Miraidon|Miraidon, L50|100\/100\n|switch|p1b: Oranguru|Oranguru, L50, F|100\/100\n|switch|p2a: Eternatus|Eternatus, L50|100\/100\n|switch|p2b: Chi-Yu|Chi-Yu, L50|100\/100\n|-fieldstart|move: Electric Terrain|[from] ability: Hadron Engine|[of] p1a: Miraidon\n|-enditem|p1a: Miraidon|Electric Seed\n|-boost|p1a: Miraidon|def|1|[from] item: Electric Seed\n|-activate|p1b: Oranguru|ability: Symbiosis|Covert Cloak|[of] p1a: Miraidon\n|-ability|p2a: Eternatus|Pressure\n|-ability|p2b: Chi-Yu|Beads of Ruin\n|turn|1\n|\n|t:|1739812732\n|switch|p2a: Rillaboom|Rillaboom, L50, F|100\/100\n|-fieldstart|move: Grassy Terrain|[from] ability: Grassy Surge|[of] p2a: Rillaboom\n|-terastallize|p1a: Miraidon|Electric\n|move|p1a: Miraidon|Calm Mind|p1a: Miraidon\n|-boost|p1a: Miraidon|spa|1\n|-boost|p1a: Miraidon|spd|1\n|move|p2b: Chi-Yu|Snarl|p1b: Oranguru|[spread] p1a,p1b\n|-crit|p1a: Miraidon\n|-supereffective|p1b: Oranguru\n|-damage|p1a: Miraidon|42\/100\n|-damage|p1b: Oranguru|23\/100\n|-unboost|p1b: Oranguru|spa|1\n|move|p1b: Oranguru|Instruct|p1a: Miraidon\n|-singleturn|p1a: Miraidon|move: Instruct|[of] p1b: Oranguru\n|move|p1a: Miraidon|Calm Mind|p1a: Miraidon\n|-boost|p1a: Miraidon|spa|1\n|-boost|p1a: Miraidon|spd|1\n|\n|-heal|p1a: Miraidon|48\/100|[from] Grassy Terrain\n|-heal|p1b: Oranguru|29\/100|[from] Grassy Terrain\n|upkeep\n|turn|2\n|\n|t:|1739812756\n|switch|p1b: Incineroar|Incineroar, L50, M|100\/100\n|-ability|p1b: Incineroar|Intimidate|boost\n|-unboost|p2a: Rillaboom|atk|1\n|-unboost|p2b: Chi-Yu|atk|1\n|move|p1a: Miraidon|Protect|p1a: Miraidon\n|-singleturn|p1a: Miraidon|Protect\n|move|p2a: Rillaboom|Fake Out|p1a: Miraidon\n|-activate|p1a: Miraidon|move: Protect\n|move|p2b: Chi-Yu|Snarl|p1b: Incineroar|[spread] p1b\n|-activate|p1a: Miraidon|move: Protect\n|-resisted|p1b: Incineroar\n|-damage|p1b: Incineroar|79\/100\n|-unboost|p1b: Incineroar|spa|1\n|\n|-heal|p1a: Miraidon|54\/100|[from] Grassy Terrain\n|-heal|p1b: Incineroar|85\/100|[from] Grassy Terrain\n|upkeep\n|turn|3\n|\n|t:|1739812775\n|-terastallize|p2b: Chi-Yu|Ghost\n|move|p1a: Miraidon|Parabolic Charge|p2b: Chi-Yu|[spread] p1b,p2a,p2b\n|-resisted|p2a: Rillaboom\n|-damage|p1b: Incineroar|13\/100\n|-heal|p1a: Miraidon|91\/100|[from] drain|[of] p1b: Incineroar\n|-damage|p2a: Rillaboom|66\/100\n|-heal|p1a: Miraidon|100\/100|[from] drain|[of] p2a: Rillaboom\n|-damage|p2b: Chi-Yu|23\/100\n|-enditem|p1b: Incineroar|Sitrus Berry|[eat]\n|-heal|p1b: Incineroar|38\/100|[from] item: Sitrus Berry\n|move|p2b: Chi-Yu|Snarl|p1a: Miraidon|[spread] p1a,p1b\n|-resisted|p1b: Incineroar\n|-damage|p1a: Miraidon|81\/100\n|-damage|p1b: Incineroar|17\/100\n|-unboost|p1b: Incineroar|spa|1\n|move|p2a: Rillaboom|U-turn|p1a: Miraidon\n|-damage|p1a: Miraidon|72\/100\n|\n|t:|1739812794\n|switch|p2a: Eternatus|Eternatus, L50|100\/100|[from] U-turn\n|-ability|p2a: Eternatus|Pressure\n|move|p1b: Incineroar|Flare Blitz|p2a: Eternatus\n|-resisted|p2a: Eternatus\n|-damage|p2a: Eternatus|83\/100\n|-damage|p1b: Incineroar|10\/100|[from] Recoil\n|\n|-heal|p1a: Miraidon|78\/100|[from] Grassy Terrain\n|-heal|p2a: Eternatus|89\/100|[from] Grassy Terrain\n|-heal|p2b: Chi-Yu|29\/100|[from] Grassy Terrain\n|-heal|p1b: Incineroar|16\/100|[from] Grassy Terrain\n|upkeep\n|turn|4\n|j| BionicFox\n|\n|t:|1739812812\n|move|p1a: Miraidon|Dragon Pulse|p2a: Eternatus\n|-supereffective|p2a: Eternatus\n|-damage|p2a: Eternatus|0 fnt\n|faint|p2a: Eternatus\n|move|p2b: Chi-Yu|Snarl|p1a: Miraidon|[spread] p1a,p1b\n|-resisted|p1b: Incineroar\n|-damage|p1a: Miraidon|61\/100\n|-damage|p1b: Incineroar|0 fnt\n|faint|p1b: Incineroar\n|\n|-heal|p1a: Miraidon|67\/100|[from] Grassy Terrain\n|-heal|p2b: Chi-Yu|35\/100|[from] Grassy Terrain\n|upkeep\n|\n|t:|1739812829\n|switch|p2a: Urshifu|Urshifu-Rapid-Strike, L50, M|100\/100\n|switch|p1b: Oranguru|Oranguru, L50, F|29\/100\n|turn|5\n|\n|t:|1739812842\n|switch|p2b: Rillaboom|Rillaboom, L50, F|66\/100\n|move|p1a: Miraidon|Parabolic Charge|p2a: Urshifu|[spread] p1b,p2a,p2b\n|-supereffective|p2a: Urshifu\n|-resisted|p2b: Rillaboom\n|-damage|p1b: Oranguru|0 fnt\n|-heal|p1a: Miraidon|81\/100|[from] drain|[of] p1b: Oranguru\n|-enditem|p2a: Urshifu|Focus Sash\n|-damage|p2a: Urshifu|1\/100\n|-heal|p1a: Miraidon|100\/100|[from] drain|[of] p2a: Urshifu\n|-damage|p2b: Rillaboom|41\/100\n|faint|p1b: Oranguru\n|move|p2a: Urshifu|Surging Strikes|p1a: Miraidon\n|-crit|p1a: Miraidon\n|-damage|p1a: Miraidon|84\/100\n|-crit|p1a: Miraidon\n|-damage|p1a: Miraidon|64\/100\n|-crit|p1a: Miraidon\n|-damage|p1a: Miraidon|47\/100\n|-hitcount|p1a: Miraidon|3\n|\n|-heal|p1a: Miraidon|53\/100|[from] Grassy Terrain\n|-heal|p2a: Urshifu|7\/100|[from] Grassy Terrain\n|-heal|p2b: Rillaboom|47\/100|[from] Grassy Terrain\n|-fieldend|move: Grassy Terrain\n|upkeep\n|\n|t:|1739812863\n|switch|p1b: Baxcalibur|Baxcalibur, L50, F|100\/100\n|turn|6\n|\n|t:|1739812874\n|switch|p2b: Chi-Yu|Chi-Yu, L50, tera:Ghost|35\/100\n|-ability|p2b: Chi-Yu|Beads of Ruin\n|move|p1b: Baxcalibur|Protect|p1b: Baxcalibur\n|-singleturn|p1b: Baxcalibur|Protect\n|move|p2a: Urshifu|Detect|p2a: Urshifu\n|-singleturn|p2a: Urshifu|Protect\n|move|p1a: Miraidon|Parabolic Charge|p2a: Urshifu|[spread] p2b\n|-activate|p1b: Baxcalibur|move: Protect\n|-activate|p2a: Urshifu|move: Protect\n|-damage|p2b: Chi-Yu|0 fnt\n|-heal|p1a: Miraidon|65\/100|[from] drain|[of] p2b: Chi-Yu\n|faint|p2b: Chi-Yu\n|\n|upkeep\n|\n|t:|1739812885\n|switch|p2b: Rillaboom|Rillaboom, L50, F|47\/100\n|-fieldstart|move: Grassy Terrain|[from] ability: Grassy Surge|[of] p2b: Rillaboom\n|turn|7\n|\n|t:|1739812897\n|move|p2a: Urshifu|Aqua Jet|p1a: Miraidon\n|-damage|p1a: Miraidon|51\/100\n|move|p2b: Rillaboom|Grassy Glide|p1a: Miraidon\n|-damage|p1a: Miraidon|29\/100\n|move|p1a: Miraidon|Parabolic Charge|p2a: Urshifu|[spread] p1b,p2a,p2b\n|-resisted|p1b: Baxcalibur\n|-supereffective|p2a: Urshifu\n|-resisted|p2b: Rillaboom\n|-damage|p1b: Baxcalibur|65\/100\n|-heal|p1a: Miraidon|46\/100|[from] drain|[of] p1b: Baxcalibur\n|-damage|p2a: Urshifu|0 fnt\n|-heal|p1a: Miraidon|49\/100|[from] drain|[of] p2a: Urshifu\n|-damage|p2b: Rillaboom|19\/100\n|-heal|p1a: Miraidon|62\/100|[from] drain|[of] p2b: Rillaboom\n|faint|p2a: Urshifu\n|move|p1b: Baxcalibur|Icicle Spear|p2b: Rillaboom\n|-supereffective|p2b: Rillaboom\n|-damage|p2b: Rillaboom|0 fnt\n|faint|p2b: Rillaboom\n|-hitcount|p2: Rillaboom|1\n|\n|win|xatseye\n|raw|xatseye's rating: 1652 &rarr; <strong>1667<\/strong><br \/>(+15 for winning)\n|raw|TJRaynes's rating: 1572 &rarr; <strong>1557<\/strong><br \/>(-15 for losing)\n|l|\u2606TJRaynes\n|player|p2|\n|l|\u2606xatseye\n|player|p1|\n|l| EllAkuro\n|l| BionicFox\n","uploadtime":1739813127,"views":6,"formatid":"gen9vgc2025regg","rating":1557,"private":0,"password":null}