{"id":"gen9vgc2025regg-2302977633","format":"[Gen 9] VGC 2025 Reg G","players":["ok3rd","pig duck eater"],"log":"|j|\u2606ok3rd\n|j|\u2606pig duck eater\n|t:|1739867618\n|gametype|doubles\n|player|p1|ok3rd|lillie-z|1643\n|player|p2|pig duck eater|2|1671\n|teamsize|p1|6\n|teamsize|p2|6\n|gen|9\n|tier|[Gen 9] VGC 2025 Reg G\n|rated|\n|rule|Species Clause: Limit one of each Pok\u00e9mon\n|rule|Item Clause: Limit 1 of each item\n|clearpoke\n|poke|p1|Raging Bolt, L50|\n|poke|p1|Miraidon, L50|\n|poke|p1|Ogerpon-Hearthflame, L50, F|\n|poke|p1|Torkoal, L50, F|\n|poke|p1|Farigiraf, L50, F|\n|poke|p1|Ursaluna, L50, M|\n|poke|p2|Koraidon, L50|\n|poke|p2|Iron Crown, L50|\n|poke|p2|Indeedee-F, L50, F|\n|poke|p2|Garganacl, L50, M|\n|poke|p2|Wo-Chien, L50|\n|poke|p2|Walking Wake, L50|\n|teampreview|4\n|inactive|Battle timer is ON: inactive players will automatically lose when time's up. (requested by ok3rd)\n|c|\u2606ok3rd|sick team\n|inactive|ok3rd has 60 seconds left.\n|inactive|pig duck eater has 60 seconds left.\n|c|\u2606pig duck eater|ty sir\n|\n|t:|1739867673\n|start\n|switch|p1a: Miraidon|Miraidon, L50|100\/100\n|switch|p1b: Raging Bolt|Raging Bolt, L50|100\/100\n|switch|p2a: Walking Wake|Walking Wake, L50|100\/100\n|switch|p2b: Koraidon|Koraidon, L50|100\/100\n|-weather|SunnyDay|[from] ability: Orichalcum Pulse|[of] p2b: Koraidon\n|-activate|p2a: Walking Wake|ability: Protosynthesis\n|-start|p2a: Walking Wake|protosynthesisspe\n|-activate|p1b: Raging Bolt|ability: Protosynthesis\n|-start|p1b: Raging Bolt|protosynthesisspa\n|-activate|p2b: Koraidon|Orichalcum Pulse|[source]\n|-fieldstart|move: Electric Terrain|[from] ability: Hadron Engine|[of] p1a: Miraidon\n|turn|1\n|\n|t:|1739867692\n|-terastallize|p1b: Raging Bolt|Electric\n|move|p2a: Walking Wake|Protect|p2a: Walking Wake\n|-singleturn|p2a: Walking Wake|Protect\n|move|p1b: Raging Bolt|Thunderclap||[still]\n|-fail|p1b: Raging Bolt\n|move|p2b: Koraidon|U-turn|p1a: Miraidon\n|-damage|p1a: Miraidon|67\/100\n|\n|t:|1739867700\n|switch|p2b: Wo-Chien|Wo-Chien, L50|100\/100|[from] U-turn\n|-ability|p2b: Wo-Chien|Tablets of Ruin\n|move|p1a: Miraidon|Draco Meteor|p2b: Wo-Chien\n|-damage|p2b: Wo-Chien|39\/100\n|-unboost|p1a: Miraidon|spa|2\n|\n|-weather|SunnyDay|[upkeep]\n|upkeep\n|turn|2\n|inactive|ok3rd has 30 seconds left.\n|\n|t:|1739867725\n|switch|p1a: Ogerpon|Ogerpon-Hearthflame, L50, F|100\/100\n|-ability|p1a: Ogerpon|Mold Breaker\n|move|p1b: Raging Bolt|Protect|p1b: Raging Bolt\n|-singleturn|p1b: Raging Bolt|Protect\n|move|p2a: Walking Wake|Draco Meteor|p1a: Ogerpon\n|-damage|p1a: Ogerpon|29\/100\n|-unboost|p2a: Walking Wake|spa|2\n|move|p2b: Wo-Chien|Snarl|p1a: Ogerpon|[spread] p1a\n|-activate|p1b: Raging Bolt|move: Protect\n|-damage|p1a: Ogerpon|13\/100\n|-unboost|p1a: Ogerpon|spa|1\n|\n|-weather|SunnyDay|[upkeep]\n|upkeep\n|turn|3\n|inactive|pig duck eater has 30 seconds left.\n|\n|t:|1739867754\n|move|p1b: Raging Bolt|Thunderclap|p2a: Walking Wake\n|-enditem|p2a: Walking Wake|Focus Sash\n|-damage|p2a: Walking Wake|1\/100\n|-damage|p1b: Raging Bolt|91\/100|[from] item: Life Orb\n|move|p2a: Walking Wake|Hydro Steam|p1a: Ogerpon\n|-damage|p1a: Ogerpon|0 fnt\n|faint|p1a: Ogerpon\n|move|p2b: Wo-Chien|Snarl|p1b: Raging Bolt\n|-damage|p1b: Raging Bolt|75\/100\n|-unboost|p1b: Raging Bolt|spa|1\n|\n|-weather|SunnyDay|[upkeep]\n|upkeep\n|\n|t:|1739867766\n|switch|p1a: Miraidon|Miraidon, L50|67\/100\n|-activate|p1a: Miraidon|ability: Hadron Engine\n|turn|4\n|\n|t:|1739867783\n|move|p2a: Walking Wake|Protect|p2a: Walking Wake\n|-singleturn|p2a: Walking Wake|Protect\n|move|p1b: Raging Bolt|Thunderclap||[still]\n|-fail|p1b: Raging Bolt\n|move|p1a: Miraidon|Dazzling Gleam|p2a: Walking Wake|[spread] p2b\n|-activate|p2a: Walking Wake|move: Protect\n|-supereffective|p2b: Wo-Chien\n|-damage|p2b: Wo-Chien|0 fnt\n|faint|p2b: Wo-Chien\n|\n|-weather|SunnyDay|[upkeep]\n|upkeep\n|\n|t:|1739867789\n|switch|p2b: Koraidon|Koraidon, L50|100\/100\n|-activate|p2b: Koraidon|ability: Orichalcum Pulse\n|turn|5\n|\n|t:|1739867797\n|-end|p2a: Walking Wake|Protosynthesis|[silent]\n|switch|p2a: Garganacl|Garganacl, L50, M|100\/100\n|switch|p1a: Torkoal|Torkoal, L50, F|100\/100\n|-item|p1a: Torkoal|Air Balloon\n|-terastallize|p2b: Koraidon|Fire\n|move|p1b: Raging Bolt|Protect|p1b: Raging Bolt\n|-singleturn|p1b: Raging Bolt|Protect\n|move|p2b: Koraidon|Breaking Swipe|p1b: Raging Bolt|[spread] p1a\n|-activate|p1b: Raging Bolt|move: Protect\n|-damage|p1a: Torkoal|75\/100\n|-unboost|p1a: Torkoal|atk|1\n|-enditem|p1a: Torkoal|Air Balloon\n|\n|-weather|none\n|-end|p1b: Raging Bolt|Protosynthesis\n|-fieldend|move: Electric Terrain\n|upkeep\n|turn|6\n|inactive|pig duck eater has 30 seconds left.\n|\n|t:|1739867827\n|move|p1a: Torkoal|Helping Hand|p1b: Raging Bolt\n|-singleturn|p1b: Raging Bolt|Helping Hand|[of] p1a: Torkoal\n|move|p2b: Koraidon|Breaking Swipe|p1b: Raging Bolt|[spread] p1a,p1b\n|-damage|p1a: Torkoal|56\/100\n|-damage|p1b: Raging Bolt|55\/100\n|-unboost|p1a: Torkoal|atk|1\n|-unboost|p1b: Raging Bolt|atk|1\n|move|p1b: Raging Bolt|Rising Voltage|p2b: Koraidon\n|-damage|p2b: Koraidon|31\/100\n|-damage|p1b: Raging Bolt|46\/100|[from] item: Life Orb\n|move|p2a: Garganacl|Salt Cure|p1b: Raging Bolt\n|-damage|p1b: Raging Bolt|32\/100\n|-start|p1b: Raging Bolt|Salt Cure\n|\n|-damage|p1b: Raging Bolt|20\/100|[from] Salt Cure\n|upkeep\n|turn|7\n|inactive|pig duck eater has 30 seconds left.\n|\n|t:|1739867856\n|switch|p2b: Walking Wake|Walking Wake, L50|1\/100\n|move|p1a: Torkoal|Helping Hand|p1b: Raging Bolt\n|-singleturn|p1b: Raging Bolt|Helping Hand|[of] p1a: Torkoal\n|move|p1b: Raging Bolt|Thunderclap||[still]\n|-fail|p1b: Raging Bolt\n|move|p2a: Garganacl|Salt Cure|p1b: Raging Bolt\n|-damage|p1b: Raging Bolt|7\/100\n|\n|-damage|p1b: Raging Bolt|0 fnt|[from] Salt Cure\n|faint|p1b: Raging Bolt\n|-end|p1b: Raging Bolt|Protosynthesis|[silent]\n|upkeep\n|\n|t:|1739867857\n|switch|p1b: Miraidon|Miraidon, L50|67\/100\n|-fieldstart|move: Electric Terrain|[from] ability: Hadron Engine|[of] p1b: Miraidon\n|turn|8\n|\n|t:|1739867879\n|move|p2b: Walking Wake|Protect|p2b: Walking Wake\n|-singleturn|p2b: Walking Wake|Protect\n|move|p1b: Miraidon|Electro Drift|p2b: Walking Wake\n|-activate|p2b: Walking Wake|move: Protect\n|move|p2a: Garganacl|Salt Cure|p1b: Miraidon\n|-damage|p1b: Miraidon|52\/100\n|-start|p1b: Miraidon|Salt Cure\n|move|p1a: Torkoal|Fissure|p2a: Garganacl|[miss]\n|-miss|p1a: Torkoal|p2a: Garganacl\n|\n|-damage|p1b: Miraidon|40\/100|[from] Salt Cure\n|upkeep\n|turn|9\n|\n|t:|1739867889\n|move|p2a: Garganacl|Protect|p2a: Garganacl\n|-singleturn|p2a: Garganacl|Protect\n|move|p1b: Miraidon|Electro Drift|p2b: Walking Wake\n|-damage|p2b: Walking Wake|0 fnt\n|faint|p2b: Walking Wake\n|-end|p2b: Walking Wake|Protosynthesis|[silent]\n|move|p1a: Torkoal|Fissure|p2a: Garganacl\n|-activate|p2a: Garganacl|move: Protect\n|\n|-damage|p1b: Miraidon|28\/100|[from] Salt Cure\n|upkeep\n|\n|t:|1739867891\n|switch|p2b: Koraidon|Koraidon, L50, tera:Fire|31\/100\n|-weather|SunnyDay|[from] ability: Orichalcum Pulse|[of] p2b: Koraidon\n|-activate|p2b: Koraidon|Orichalcum Pulse|[source]\n|turn|10\n|\n|t:|1739867896\n|move|p2b: Koraidon|Breaking Swipe|p1a: Torkoal|[spread] p1a,p1b\n|-supereffective|p1b: Miraidon\n|-damage|p1a: Torkoal|30\/100\n|-damage|p1b: Miraidon|0 fnt\n|-unboost|p1a: Torkoal|atk|1\n|faint|p1b: Miraidon\n|move|p2a: Garganacl|Salt Cure|p1a: Torkoal\n|-supereffective|p1a: Torkoal\n|-damage|p1a: Torkoal|8\/100\n|-start|p1a: Torkoal|Salt Cure\n|move|p1a: Torkoal|Fissure|p2b: Koraidon\n|-damage|p2b: Koraidon|0 fnt\n|faint|p2b: Koraidon\n|-ohko\n|\n|-weather|SunnyDay|[upkeep]\n|-damage|p1a: Torkoal|0 fnt|[from] Salt Cure\n|faint|p1a: Torkoal\n|\n|win|pig duck eater\n|upkeep\n|raw|ok3rd's rating: 1643 &rarr; <strong>1625<\/strong><br \/>(-18 for losing)\n|raw|pig duck eater's rating: 1671 &rarr; <strong>1689<\/strong><br \/>(+18 for winning)\n|l|\u2606ok3rd\n|player|p1|\n","uploadtime":1739868076,"views":18,"formatid":"gen9vgc2025regg","rating":1625,"private":0,"password":null}