{"id":"gen9vgc2025regg-2302742565","format":"[Gen 9] VGC 2025 Reg G","players":["kojimuranishi","parrotboy"],"log":"|j|\u2606kojimuranishi\n|j|\u2606parrotboy\n|t:|1739832649\n|gametype|doubles\n|player|p1|kojimuranishi|101|1785\n|player|p2|parrotboy|hiker-gen4|1662\n|teamsize|p1|6\n|teamsize|p2|6\n|gen|9\n|tier|[Gen 9] VGC 2025 Reg G\n|rated|\n|rule|Species Clause: Limit one of each Pok\u00e9mon\n|rule|Item Clause: Limit 1 of each item\n|clearpoke\n|poke|p1|Whimsicott, L50, F|\n|poke|p1|Calyrex-Ice, L50|\n|poke|p1|Urshifu-*, L50, F|\n|poke|p1|Chi-Yu, L50|\n|poke|p1|Raging Bolt, L50|\n|poke|p1|Landorus, L50, M|\n|poke|p2|Zacian-*, L50|\n|poke|p2|Iron Valiant, L50|\n|poke|p2|Raichu, L50, F|\n|poke|p2|Politoed, L50, M|\n|poke|p2|Landorus, L50, M|\n|poke|p2|Kingambit, L50, F|\n|teampreview|4\n|inactive|Battle timer is ON: inactive players will automatically lose when time's up. (requested by parrotboy)\n|inactive|kojimuranishi also wants the timer to be on.\n|inactive|kojimuranishi has 60 seconds left.\n|inactive|parrotboy has 60 seconds left.\n|\n|t:|1739832719\n|start\n|switch|p1a: Whimsicott|Whimsicott, L50, F|100\/100\n|switch|p1b: Chi-Yu|Chi-Yu, L50|100\/100\n|switch|p2a: Iron Valiant|Iron Valiant, L50|100\/100\n|switch|p2b: Landorus|Landorus, L50, M|100\/100\n|-ability|p1b: Chi-Yu|Beads of Ruin\n|-enditem|p2a: Iron Valiant|Booster Energy\n|-activate|p2a: Iron Valiant|ability: Quark Drive|[fromitem]\n|-start|p2a: Iron Valiant|quarkdrivespe\n|turn|1\n|inactive|kojimuranishi has 30 seconds left.\n|\n|t:|1739832745\n|-terastallize|p1b: Chi-Yu|Grass\n|move|p2a: Iron Valiant|Wide Guard|p2a: Iron Valiant\n|-singleturn|p2a: Iron Valiant|Wide Guard\n|move|p1b: Chi-Yu|Heat Wave|p2a: Iron Valiant|[spread] \n|-activate|p2a: Iron Valiant|move: Wide Guard\n|-activate|p2b: Landorus|move: Wide Guard\n|move|p2b: Landorus|Earth Power|p1b: Chi-Yu\n|-resisted|p1b: Chi-Yu\n|-damage|p1b: Chi-Yu|58\/100\n|move|p1a: Whimsicott|Trick Room|p1a: Whimsicott\n|-fieldstart|move: Trick Room|[of] p1a: Whimsicott\n|\n|upkeep\n|turn|2\n|\n|t:|1739832768\n|-end|p2a: Iron Valiant|Quark Drive|[silent]\n|switch|p2a: Raichu|Raichu, L50, F|100\/100\n|move|p2b: Landorus|Sludge Bomb|p1b: Chi-Yu\n|-supereffective|p1b: Chi-Yu\n|-damage|p1b: Chi-Yu|0 fnt\n|faint|p1b: Chi-Yu\n|move|p1a: Whimsicott|Moonblast|p2a: Raichu\n|-damage|p2a: Raichu|66\/100\n|\n|upkeep\n|\n|t:|1739832784\n|switch|p1b: Raging Bolt|Raging Bolt, L50|100\/100\n|-enditem|p1b: Raging Bolt|Booster Energy\n|-activate|p1b: Raging Bolt|ability: Protosynthesis|[fromitem]\n|-start|p1b: Raging Bolt|protosynthesisspa\n|turn|3\n|\n|t:|1739832803\n|switch|p1a: Landorus|Landorus, L50, M|100\/100\n|move|p1b: Raging Bolt|Protect|p1b: Raging Bolt\n|-singleturn|p1b: Raging Bolt|Protect\n|move|p2a: Raichu|Fake Out|p1b: Raging Bolt\n|-activate|p1b: Raging Bolt|move: Protect\n|move|p2b: Landorus|Sludge Bomb|p1a: Landorus\n|-resisted|p1a: Landorus\n|-damage|p1a: Landorus|68\/100\n|\n|upkeep\n|turn|4\n|\n|t:|1739832819\n|switch|p2a: Iron Valiant|Iron Valiant, L50|100\/100\n|move|p1b: Raging Bolt|Draco Meteor|p2b: Landorus\n|-damage|p2b: Landorus|0 fnt\n|-unboost|p1b: Raging Bolt|spa|2\n|faint|p2b: Landorus\n|move|p1a: Landorus|Sandsear Storm|p2a: Iron Valiant\n|-damage|p2a: Iron Valiant|0 fnt\n|faint|p2a: Iron Valiant\n|-end|p2a: Iron Valiant|Quark Drive|[silent]\n|\n|upkeep\n|j| pmg9\n|\n|t:|1739832826\n|switch|p2b: Raichu|Raichu, L50, F|66\/100\n|switch|p2a: Zacian|Zacian-Crowned, L50|100\/100\n|-ability|p2a: Zacian|Intrepid Sword|boost\n|-boost|p2a: Zacian|atk|1\n|turn|5\n|\n|t:|1739832838\n|-end|p1b: Raging Bolt|Protosynthesis|[silent]\n|switch|p1b: Whimsicott|Whimsicott, L50, F|100\/100\n|-terastallize|p2a: Zacian|Grass\n|move|p1a: Landorus|Protect|p1a: Landorus\n|-singleturn|p1a: Landorus|Protect\n|move|p2b: Raichu|Fake Out|p1b: Whimsicott\n|-damage|p1b: Whimsicott|89\/100\n|move|p2a: Zacian|Behemoth Blade|p1a: Landorus\n|-activate|p1a: Landorus|move: Protect\n|\n|-fieldend|move: Trick Room\n|upkeep\n|turn|6\n|\n|t:|1739832860\n|move|p1b: Whimsicott|Tailwind|p1b: Whimsicott\n|-sidestart|p1: kojimuranishi|move: Tailwind\n|move|p1a: Landorus|Sludge Bomb|p2a: Zacian\n|-supereffective|p2a: Zacian\n|-damage|p2a: Zacian|12\/100\n|move|p2a: Zacian|Tera Blast|p1a: Landorus|[anim] Tera Blast Grass\n|-damage|p1a: Landorus|0 fnt\n|faint|p1a: Landorus\n|move|p2b: Raichu|Nuzzle|p1b: Whimsicott\n|-resisted|p1b: Whimsicott\n|-damage|p1b: Whimsicott|84\/100\n|-status|p1b: Whimsicott|par\n|\n|upkeep\n|\n|t:|1739832874\n|switch|p1a: Raging Bolt|Raging Bolt, L50|100\/100\n|turn|7\n|\n|t:|1739832885\n|move|p2a: Zacian|Protect|p2a: Zacian\n|-singleturn|p2a: Zacian|Protect\n|move|p1a: Raging Bolt|Draco Meteor|p2b: Raichu\n|-damage|p2b: Raichu|0 fnt\n|-unboost|p1a: Raging Bolt|spa|2\n|faint|p2b: Raichu\n|move|p1b: Whimsicott|Moonblast|p2a: Zacian\n|-activate|p2a: Zacian|move: Protect\n|\n|upkeep\n|turn|8\n|-message|parrotboy forfeited.\n|\n|win|kojimuranishi\n|raw|kojimuranishi's rating: 1785 &rarr; <strong>1798<\/strong><br \/>(+13 for winning)\n|raw|parrotboy's rating: 1662 &rarr; <strong>1649<\/strong><br \/>(-13 for losing)\n|l|\u2606parrotboy\n|player|p2|\n|l| pmg9\n|l|\u2606kojimuranishi\n|player|p1|\n","uploadtime":1739833084,"views":47,"formatid":"gen9vgc2025regg","rating":1649,"private":0,"password":null}