{"id":"gen9vgc2025regg-2302741204","format":"[Gen 9] VGC 2025 Reg G","players":["pig duck eater","pokehys4"],"log":"|j|\u2606pig duck eater\n|j|\u2606pokehys4\n|t:|1739832496\n|gametype|doubles\n|player|p1|pig duck eater|2|1506\n|player|p2|pokehys4|bruno|1651\n|teamsize|p1|6\n|teamsize|p2|6\n|gen|9\n|tier|[Gen 9] VGC 2025 Reg G\n|rated|\n|rule|Species Clause: Limit one of each Pok\u00e9mon\n|rule|Item Clause: Limit 1 of each item\n|clearpoke\n|poke|p1|Koraidon, L50|\n|poke|p1|Iron Crown, L50|\n|poke|p1|Indeedee-F, L50, F|\n|poke|p1|Garganacl, L50, F|\n|poke|p1|Wo-Chien, L50|\n|poke|p1|Walking Wake, L50|\n|poke|p2|Weezing-Galar, L50, M|\n|poke|p2|Iron Valiant, L50|\n|poke|p2|Calyrex-Shadow, L50|\n|poke|p2|Roaring Moon, L50|\n|poke|p2|Maushold, L50|\n|poke|p2|Okidogi, L50, M|\n|teampreview|4\n|inactive|Battle timer is ON: inactive players will automatically lose when time's up. (requested by pokehys4)\n|inactive|pig duck eater has 60 seconds left.\n|\n|t:|1739832551\n|start\n|switch|p1a: Wo-Chien|Wo-Chien, L50|100\/100\n|switch|p1b: Koraidon|Koraidon, L50|100\/100\n|switch|p2a: Calyrex|Calyrex-Shadow, L50|100\/100\n|switch|p2b: Maushold|Maushold, L50|100\/100\n|-ability|p2a: Calyrex|As One\n|-ability|p2a: Calyrex|Unnerve\n|-weather|SunnyDay|[from] ability: Orichalcum Pulse|[of] p1b: Koraidon\n|-activate|p1b: Koraidon|Orichalcum Pulse|[source]\n|-ability|p1a: Wo-Chien|Tablets of Ruin\n|turn|1\n|inactive|pig duck eater has 30 seconds left.\n|\n|t:|1739832578\n|-terastallize|p2a: Calyrex|Ghost\n|move|p2b: Maushold|Helping Hand|p2a: Calyrex\n|-singleturn|p2a: Calyrex|Helping Hand|[of] p2b: Maushold\n|move|p1b: Koraidon|U-turn|p2a: Calyrex\n|-resisted|p2a: Calyrex\n|-damage|p2a: Calyrex|89\/100\n|\n|t:|1739832583\n|switch|p1b: Indeedee|Indeedee-F, L50, F|100\/100|[from] U-turn\n|-fieldstart|move: Psychic Terrain|[from] ability: Psychic Surge|[of] p1b: Indeedee\n|-enditem|p1b: Indeedee|Psychic Seed\n|-boost|p1b: Indeedee|spd|1|[from] item: Psychic Seed\n|move|p2a: Calyrex|Astral Barrage|p1b: Indeedee|[spread] p1a\n|-immune|p1b: Indeedee\n|-resisted|p1a: Wo-Chien\n|-damage|p1a: Wo-Chien|57\/100\n|move|p1a: Wo-Chien|Snarl|p2a: Calyrex|[spread] p2a,p2b\n|-supereffective|p2a: Calyrex\n|-damage|p2a: Calyrex|68\/100\n|-damage|p2b: Maushold|83\/100\n|-unboost|p2a: Calyrex|spa|1\n|-unboost|p2b: Maushold|spa|1\n|\n|-weather|SunnyDay|[upkeep]\n|upkeep\n|turn|2\n|inactive|pig duck eater has 30 seconds left.\n|\n|t:|1739832613\n|switch|p2a: Roaring Moon|Roaring Moon, L50|100\/100\n|-activate|p2a: Roaring Moon|ability: Protosynthesis\n|-start|p2a: Roaring Moon|protosynthesisspe\n|move|p2b: Maushold|Taunt|p1b: Indeedee\n|-start|p1b: Indeedee|move: Taunt\n|move|p1a: Wo-Chien|Foul Play|p2a: Roaring Moon\n|-resisted|p2a: Roaring Moon\n|-damage|p2a: Roaring Moon|77\/100\n|cant|p1b: Indeedee|move: Taunt|Trick Room\n|\n|-weather|SunnyDay|[upkeep]\n|upkeep\n|turn|3\n|inactive|pokehys4 has 30 seconds left.\n|\n|t:|1739832643\n|switch|p2b: Okidogi|Okidogi, L50, M|100\/100\n|move|p2a: Roaring Moon|Knock Off|p1b: Indeedee\n|-supereffective|p1b: Indeedee\n|-damage|p1b: Indeedee|50\/100\n|move|p1b: Indeedee|Dazzling Gleam|p2a: Roaring Moon|[spread] p2a,p2b\n|-supereffective|p2a: Roaring Moon\n|-damage|p2a: Roaring Moon|29\/100\n|-damage|p2b: Okidogi|92\/100\n|move|p1a: Wo-Chien|Pollen Puff|p2a: Roaring Moon\n|-supereffective|p2a: Roaring Moon\n|-damage|p2a: Roaring Moon|0 fnt\n|faint|p2a: Roaring Moon\n|-end|p2a: Roaring Moon|Protosynthesis|[silent]\n|\n|-weather|SunnyDay|[upkeep]\n|upkeep\n|\n|t:|1739832661\n|switch|p2a: Calyrex|Calyrex-Shadow, L50, tera:Ghost|68\/100\n|-ability|p2a: Calyrex|As One\n|-ability|p2a: Calyrex|Unnerve\n|turn|4\n|inactive|pokehys4 has 30 seconds left.\n|\n|t:|1739832701\n|move|p2a: Calyrex|Pollen Puff|p1b: Indeedee\n|-supereffective|p1b: Indeedee\n|-damage|p1b: Indeedee|0 fnt\n|faint|p1b: Indeedee\n|-ability|p2a: Calyrex|Grim Neigh|boost\n|-boost|p2a: Calyrex|spa|1\n|move|p2b: Okidogi|Gunk Shot|p1a: Wo-Chien|[miss]\n|-miss|p2b: Okidogi|p1a: Wo-Chien\n|move|p1a: Wo-Chien|Snarl|p2b: Okidogi|[spread] p2a,p2b\n|-supereffective|p2a: Calyrex\n|-resisted|p2b: Okidogi\n|-damage|p2a: Calyrex|43\/100\n|-damage|p2b: Okidogi|87\/100\n|-unboost|p2a: Calyrex|spa|1\n|-unboost|p2b: Okidogi|spa|1\n|\n|-weather|SunnyDay|[upkeep]\n|upkeep\n|\n|t:|1739832712\n|switch|p1b: Iron Crown|Iron Crown, L50|100\/100\n|-enditem|p1b: Iron Crown|Booster Energy\n|-activate|p1b: Iron Crown|ability: Quark Drive|[fromitem]\n|-start|p1b: Iron Crown|quarkdrivespe\n|turn|5\n|\n|t:|1739832724\n|switch|p2a: Maushold|Maushold, L50|83\/100\n|move|p1b: Iron Crown|Expanding Force|p2a: Maushold|[spread] p2a,p2b\n|-supereffective|p2b: Okidogi\n|-damage|p2a: Maushold|7\/100\n|-damage|p2b: Okidogi|0 fnt\n|faint|p2b: Okidogi\n|move|p1a: Wo-Chien|Snarl|p2a: Maushold\n|-damage|p2a: Maushold|0 fnt\n|faint|p2a: Maushold\n|\n|-weather|none\n|-fieldend|move: Psychic Terrain\n|upkeep\n|-message|pokehys4 forfeited.\n|\n|win|pig duck eater\n|raw|pig duck eater's rating: 1506 &rarr; <strong>1534<\/strong><br \/>(+28 for winning)\n|raw|pokehys4's rating: 1651 &rarr; <strong>1623<\/strong><br \/>(-28 for losing)\n|l|\u2606pokehys4\n|player|p2|\n|l|\u2606pig duck eater\n|player|p1|\n","uploadtime":1739832947,"views":6,"formatid":"gen9vgc2025regg","rating":1534,"private":0,"password":null}