{"id":"gen9vgc2025regg-2302573395","format":"[Gen 9] VGC 2025 Reg G","players":["Jirachi BS","xatseye"],"log":"|j|\u2606Jirachi BS\n|j|\u2606xatseye\n|t:|1739814765\n|gametype|doubles\n|player|p1|Jirachi BS|101|1578\n|player|p2|xatseye|unknown|1639\n|teamsize|p1|6\n|teamsize|p2|6\n|gen|9\n|tier|[Gen 9] VGC 2025 Reg G\n|rated|\n|rule|Species Clause: Limit one of each Pok\u00e9mon\n|rule|Item Clause: Limit 1 of each item\n|clearpoke\n|poke|p1|Zacian-*, L50|\n|poke|p1|Urshifu-*, L50, F|\n|poke|p1|Ogerpon-Hearthflame, L50, F|\n|poke|p1|Farigiraf, L50, M|\n|poke|p1|Tornadus, L50, M|\n|poke|p1|Araquanid, L50, M|\n|poke|p2|Miraidon, L50|\n|poke|p2|Incineroar, L50, F|\n|poke|p2|Oranguru, L50, F|\n|poke|p2|Clefairy, L50, M|\n|poke|p2|Iron Valiant, L50|\n|poke|p2|Baxcalibur, L50, F|\n|teampreview|4\n|inactive|Battle timer is ON: inactive players will automatically lose when time's up. (requested by xatseye)\n|inactive|Jirachi BS has 60 seconds left.\n|\n|t:|1739814798\n|start\n|switch|p1a: Zacian|Zacian-Crowned, L50|100\/100\n|switch|p1b: Tornadus|Tornadus, L50, M|100\/100\n|switch|p2a: Miraidon|Miraidon, L50|100\/100\n|switch|p2b: Incineroar|Incineroar, L50, F|100\/100\n|-ability|p1a: Zacian|Intrepid Sword|boost\n|-boost|p1a: Zacian|atk|1\n|-fieldstart|move: Electric Terrain|[from] ability: Hadron Engine|[of] p2a: Miraidon\n|-enditem|p2a: Miraidon|Electric Seed\n|-boost|p2a: Miraidon|def|1|[from] item: Electric Seed\n|-ability|p2b: Incineroar|Intimidate|boost\n|-unboost|p1a: Zacian|atk|1\n|-unboost|p1b: Tornadus|atk|1\n|turn|1\n|\n|t:|1739814815\n|switch|p1b: Farigiraf|Farigiraf, L50, M|100\/100\n|-terastallize|p1a: Zacian|Ground\n|-terastallize|p2a: Miraidon|Electric\n|move|p1a: Zacian|Tera Blast|p2a: Miraidon|[anim] Tera Blast Ground\n|-supereffective|p2a: Miraidon\n|-damage|p2a: Miraidon|50\/100\n|move|p2a: Miraidon|Calm Mind|p2a: Miraidon\n|-boost|p2a: Miraidon|spa|1\n|-boost|p2a: Miraidon|spd|1\n|move|p2b: Incineroar|Parting Shot|p1a: Zacian\n|-unboost|p1a: Zacian|atk|1\n|-unboost|p1a: Zacian|spa|1\n|\n|t:|1739814828\n|switch|p2b: Iron Valiant|Iron Valiant, L50|100\/100|[from] Parting Shot\n|-activate|p2b: Iron Valiant|ability: Quark Drive\n|-start|p2b: Iron Valiant|quarkdrivespe\n|\n|upkeep\n|turn|2\n|j| pcord cypher\n|\n|t:|1739814835\n|move|p1b: Farigiraf|Helping Hand|p1a: Zacian\n|-singleturn|p1a: Zacian|Helping Hand|[of] p1b: Farigiraf\n|move|p2b: Iron Valiant|Disable|p1a: Zacian\n|-start|p1a: Zacian|Disable|Tera Blast\n|cant|p1a: Zacian|Disable|Tera Blast\n|move|p2a: Miraidon|Calm Mind|p2a: Miraidon\n|-boost|p2a: Miraidon|spa|1\n|-boost|p2a: Miraidon|spd|1\n|\n|upkeep\n|turn|3\n|inactive|Jirachi BS has 30 seconds left.\n|\n|t:|1739814867\n|switch|p1a: Tornadus|Tornadus, L50, M|100\/100\n|move|p2b: Iron Valiant|Encore||[still]\n|-fail|p2b: Iron Valiant\n|move|p2a: Miraidon|Calm Mind|p2a: Miraidon\n|-boost|p2a: Miraidon|spa|1\n|-boost|p2a: Miraidon|spd|1\n|move|p1b: Farigiraf|Psychic Noise|p2b: Iron Valiant\n|-supereffective|p2b: Iron Valiant\n|-damage|p2b: Iron Valiant|21\/100\n|-start|p2b: Iron Valiant|move: Heal Block\n|\n|upkeep\n|turn|4\n|j| Rareasfukk\n|\n|t:|1739814883\n|-end|p2b: Iron Valiant|Quark Drive|[silent]\n|switch|p2b: Incineroar|Incineroar, L50, F|100\/100\n|-ability|p2b: Incineroar|Intimidate|boost\n|-unboost|p1a: Tornadus|atk|1\n|-unboost|p1b: Farigiraf|atk|1\n|move|p1a: Tornadus|Rain Dance|p1a: Tornadus\n|-weather|RainDance\n|move|p2a: Miraidon|Parabolic Charge|p1a: Tornadus|[spread] p2b,p1a,p1b\n|-supereffective|p1a: Tornadus\n|-damage|p2b: Incineroar|0 fnt\n|-heal|p2a: Miraidon|99\/100|[from] drain|[of] p2b: Incineroar\n|-damage|p1a: Tornadus|0 fnt\n|-heal|p2a: Miraidon|100\/100|[from] drain|[of] p1a: Tornadus\n|-damage|p1b: Farigiraf|0 fnt\n|faint|p2b: Incineroar\n|faint|p1a: Tornadus\n|faint|p1b: Farigiraf\n|\n|-weather|RainDance|[upkeep]\n|upkeep\n|\n|t:|1739814899\n|switch|p1a: Zacian|Zacian-Crowned, L50, tera:Ground|100\/100\n|switch|p2b: Iron Valiant|Iron Valiant, L50|21\/100\n|switch|p1b: Urshifu|Urshifu-Rapid-Strike, L50, F|100\/100\n|-activate|p2b: Iron Valiant|ability: Quark Drive\n|-start|p2b: Iron Valiant|quarkdrivespe\n|turn|5\n|c|\u2606Jirachi BS|Wtf is this lmfao\n|\n|t:|1739814919\n|move|p1b: Urshifu|Aqua Jet|p2b: Iron Valiant\n|-damage|p2b: Iron Valiant|0 fnt\n|faint|p2b: Iron Valiant\n|-end|p2b: Iron Valiant|Quark Drive|[silent]\n|move|p1a: Zacian|Tera Blast|p2a: Miraidon|[anim] Tera Blast Ground\n|-supereffective|p2a: Miraidon\n|-damage|p2a: Miraidon|49\/100\n|move|p2a: Miraidon|Dragon Pulse|p1a: Zacian\n|-damage|p1a: Zacian|0 fnt\n|faint|p1a: Zacian\n|\n|-weather|RainDance|[upkeep]\n|-fieldend|move: Electric Terrain\n|upkeep\n|\n|t:|1739814929\n|switch|p2b: Baxcalibur|Baxcalibur, L50, F|100\/100\n|turn|6\n|inactive|xatseye has 30 seconds left.\n|inactive|xatseye has 20 seconds left.\n|inactive|xatseye has 15 seconds left.\n|inactive|xatseye has 10 seconds left.\n|inactive|xatseye has 5 seconds left.\n|\n|t:|1739814984\n|move|p2a: Miraidon|Protect|p2a: Miraidon\n|-singleturn|p2a: Miraidon|Protect\n|move|p1b: Urshifu|Aqua Jet|p2a: Miraidon\n|-damage|p2a: Miraidon|29\/100\n|move|p2b: Baxcalibur|Icicle Spear|p1b: Urshifu\n|-resisted|p1b: Urshifu\n|-damage|p1b: Urshifu|93\/100\n|-resisted|p1b: Urshifu\n|-damage|p1b: Urshifu|85\/100\n|-resisted|p1b: Urshifu\n|-damage|p1b: Urshifu|78\/100\n|-resisted|p1b: Urshifu\n|-damage|p1b: Urshifu|71\/100\n|-hitcount|p1b: Urshifu|4\n|\n|-weather|RainDance|[upkeep]\n|upkeep\n|turn|7\n|inactive|xatseye has 30 seconds left.\n|inactive|xatseye has 20 seconds left.\n|inactive|xatseye has 15 seconds left.\n|inactive|xatseye has 10 seconds left.\n|\n|t:|1739815031\n|move|p1b: Urshifu|Aqua Jet|p2a: Miraidon\n|-damage|p2a: Miraidon|9\/100\n|move|p2a: Miraidon|Dragon Pulse|p1b: Urshifu\n|-crit|p1b: Urshifu\n|-damage|p1b: Urshifu|0 fnt\n|faint|p1b: Urshifu\n|\n|win|xatseye\n|raw|Jirachi BS's rating: 1578 &rarr; <strong>1561<\/strong><br \/>(-17 for losing)\n|raw|xatseye's rating: 1639 &rarr; <strong>1656<\/strong><br \/>(+17 for winning)\n|l|\u2606xatseye\n|player|p2|\n|l| Rareasfukk\n","uploadtime":1739815217,"views":5,"formatid":"gen9vgc2025regg","rating":1561,"private":0,"password":null}