{"id":"gen9vgc2025regg-2302322436","format":"[Gen 9] VGC 2025 Reg G","players":["parsley<3","Jirachi BS"],"log":"|j|\u2606parsley<3\n|j|\u2606Jirachi BS\n|t:|1739779654\n|gametype|doubles\n|player|p1|parsley<3|marnie|1593\n|player|p2|Jirachi BS|101|1582\n|teamsize|p1|6\n|teamsize|p2|6\n|gen|9\n|tier|[Gen 9] VGC 2025 Reg G\n|rated|\n|rule|Species Clause: Limit one of each Pok\u00e9mon\n|rule|Item Clause: Limit 1 of each item\n|clearpoke\n|poke|p1|Sableye, L50, F|\n|poke|p1|Calyrex-Shadow, L50|\n|poke|p1|Urshifu-*, L50, F|\n|poke|p1|Pelipper, L50, F|\n|poke|p1|Tsareena, L50, F|\n|poke|p1|Clefairy, L50, M|\n|poke|p2|Zacian-*, L50|\n|poke|p2|Urshifu-*, L50, F|\n|poke|p2|Ogerpon-Hearthflame, L50, F|\n|poke|p2|Farigiraf, L50, F|\n|poke|p2|Tornadus, L50, M|\n|poke|p2|Araquanid, L50, M|\n|teampreview|4\n|\n|t:|1739779694\n|start\n|switch|p1a: Pelipper|Pelipper, L50, F|100\/100\n|switch|p1b: Calyrex|Calyrex-Shadow, L50|100\/100\n|switch|p2a: Zacian|Zacian-Crowned, L50|100\/100\n|switch|p2b: Tornadus|Tornadus, L50, M|100\/100\n|-ability|p1b: Calyrex|As One\n|-ability|p1b: Calyrex|Unnerve\n|-ability|p2a: Zacian|Intrepid Sword|boost\n|-boost|p2a: Zacian|atk|1\n|-weather|RainDance|[from] ability: Drizzle|[of] p1a: Pelipper\n|turn|1\n|inactive|Battle timer is ON: inactive players will automatically lose when time's up. (requested by Jirachi BS)\n|j| godgggamer\n|inactive|parsley<3 has 60 seconds left.\n|c| godgggamer|Hi\n|c|\u2606parsley<3|glhf\n|\n|t:|1739779766\n|-terastallize|p1a: Pelipper|Stellar\n|move|p2b: Tornadus|Tailwind|p2b: Tornadus\n|-sidestart|p2: Jirachi BS|move: Tailwind\n|move|p2a: Zacian|Behemoth Blade|p1b: Calyrex\n|-damage|p1b: Calyrex|0 fnt\n|faint|p1b: Calyrex\n|move|p1a: Pelipper|Weather Ball|p2a: Zacian\n|-damage|p2a: Zacian|0 fnt\n|faint|p2a: Zacian\n|-damage|p1a: Pelipper|91\/100|[from] item: Life Orb\n|\n|-weather|RainDance|[upkeep]\n|upkeep\n|\n|t:|1739779788\n|switch|p1b: Urshifu|Urshifu-Rapid-Strike, L50, F|100\/100\n|switch|p2a: Urshifu|Urshifu-Rapid-Strike, L50, F|100\/100\n|turn|2\n|\n|t:|1739779797\n|-terastallize|p2a: Urshifu|Water\n|move|p1a: Pelipper|Wide Guard|p1a: Pelipper\n|-singleturn|p1a: Pelipper|Wide Guard\n|move|p2a: Urshifu|Surging Strikes|p1a: Pelipper\n|-resisted|p1a: Pelipper\n|-crit|p1a: Pelipper\n|-damage|p1a: Pelipper|62\/100\n|-resisted|p1a: Pelipper\n|-crit|p1a: Pelipper\n|-damage|p1a: Pelipper|30\/100\n|-resisted|p1a: Pelipper\n|-crit|p1a: Pelipper\n|-damage|p1a: Pelipper|1\/100\n|-hitcount|p1a: Pelipper|3\n|move|p2b: Tornadus|Bleakwind Storm|p1b: Urshifu|[spread] \n|-activate|p1a: Pelipper|move: Wide Guard\n|-activate|p1b: Urshifu|move: Wide Guard\n|move|p1b: Urshifu|Surging Strikes|p2b: Tornadus\n|-crit|p2b: Tornadus\n|-damage|p2b: Tornadus|68\/100\n|-crit|p2b: Tornadus\n|-damage|p2b: Tornadus|34\/100\n|-crit|p2b: Tornadus\n|-damage|p2b: Tornadus|2\/100\n|-hitcount|p2b: Tornadus|3\n|\n|-weather|RainDance|[upkeep]\n|upkeep\n|turn|3\n|inactive|parsley<3 has 30 seconds left.\n|\n|t:|1739779822\n|move|p1a: Pelipper|Wide Guard|p1a: Pelipper\n|-singleturn|p1a: Pelipper|Wide Guard\n|move|p2a: Urshifu|Surging Strikes|p1b: Urshifu\n|-resisted|p1b: Urshifu\n|-crit|p1b: Urshifu\n|-damage|p1b: Urshifu|76\/100\n|-resisted|p1b: Urshifu\n|-crit|p1b: Urshifu\n|-damage|p1b: Urshifu|53\/100\n|-resisted|p1b: Urshifu\n|-crit|p1b: Urshifu\n|-damage|p1b: Urshifu|29\/100\n|-hitcount|p1b: Urshifu|3\n|move|p2b: Tornadus|Bleakwind Storm|p1a: Pelipper|[spread] \n|-activate|p1a: Pelipper|move: Wide Guard\n|-activate|p1b: Urshifu|move: Wide Guard\n|move|p1b: Urshifu|Surging Strikes|p2b: Tornadus\n|-crit|p2b: Tornadus\n|-damage|p2b: Tornadus|0 fnt\n|faint|p2b: Tornadus\n|-hitcount|p2: Tornadus|1\n|\n|-weather|RainDance|[upkeep]\n|upkeep\n|\n|t:|1739779825\n|switch|p2b: Farigiraf|Farigiraf, L50, F|100\/100\n|turn|4\n|\n|t:|1739779845\n|switch|p1b: Clefairy|Clefairy, L50, M|100\/100\n|move|p2a: Urshifu|Surging Strikes|p1a: Pelipper\n|-resisted|p1a: Pelipper\n|-crit|p1a: Pelipper\n|-damage|p1a: Pelipper|0 fnt\n|faint|p1a: Pelipper\n|-hitcount|p1: Pelipper|1\n|move|p2b: Farigiraf|Psychic Noise|p1b: Clefairy\n|-damage|p1b: Clefairy|75\/100\n|-start|p1b: Clefairy|move: Heal Block\n|\n|-weather|RainDance|[upkeep]\n|-sideend|p2: Jirachi BS|move: Tailwind\n|upkeep\n|\n|t:|1739779850\n|switch|p1a: Urshifu|Urshifu-Rapid-Strike, L50, F|29\/100\n|turn|5\n|inactive|parsley<3 has 30 seconds left.\n|inactive|parsley<3 has 20 seconds left.\n|inactive|parsley<3 has 15 seconds left.\n|inactive|parsley<3 has 10 seconds left.\n|\n|t:|1739779898\n|move|p1b: Clefairy|Follow Me|p1b: Clefairy\n|-singleturn|p1b: Clefairy|move: Follow Me\n|move|p1a: Urshifu|Close Combat|p2a: Urshifu\n|-crit|p2a: Urshifu\n|-damage|p2a: Urshifu|4\/100\n|-unboost|p1a: Urshifu|def|1\n|-unboost|p1a: Urshifu|spd|1\n|move|p2a: Urshifu|Surging Strikes|p1b: Clefairy\n|-crit|p1b: Clefairy\n|-damage|p1b: Clefairy|39\/100\n|-crit|p1b: Clefairy\n|-damage|p1b: Clefairy|8\/100\n|-crit|p1b: Clefairy\n|-damage|p1b: Clefairy|0 fnt\n|faint|p1b: Clefairy\n|-hitcount|p1: Clefairy|3\n|move|p2b: Farigiraf|Psychic Noise|p1a: Urshifu\n|-supereffective|p1a: Urshifu\n|-damage|p1a: Urshifu|0 fnt\n|faint|p1a: Urshifu\n|\n|win|Jirachi BS\n|raw|parsley&lt;3's rating: 1593 &rarr; <strong>1572<\/strong><br \/>(-21 for losing)\n|raw|Jirachi BS's rating: 1582 &rarr; <strong>1603<\/strong><br \/>(+21 for winning)\n|c|\u2606parsley<3|ggwp\n|c|\u2606Jirachi BS|gg\n|l|\u2606parsley<3\n|player|p1|\n|l|\u2606Jirachi BS\n|player|p2|\n|c| godgggamer|Cool\n|l| godgggamer\n","uploadtime":1739780041,"views":18,"formatid":"gen9vgc2025regg","rating":1572,"private":0,"password":null}