{"id":"gen9vgc2025regg-2302468548","format":"[Gen 9] VGC 2025 Reg G","players":["cobalt_poke","BLiiNDProdiigy"],"log":"|j|\u2606cobalt_poke\n|j|\u2606BLiiNDProdiigy\n|t:|1739803134\n|gametype|doubles\n|player|p1|cobalt_poke|170|1694\n|player|p2|BLiiNDProdiigy|rocketgrunt|1628\n|teamsize|p1|6\n|teamsize|p2|6\n|gen|9\n|tier|[Gen 9] VGC 2025 Reg G\n|rated|\n|rule|Species Clause: Limit one of each Pok\u00e9mon\n|rule|Item Clause: Limit 1 of each item\n|clearpoke\n|poke|p1|Weezing-Galar, L50, M|\n|poke|p1|Calyrex-Shadow, L50|\n|poke|p1|Dondozo, L50, F|\n|poke|p1|Tatsugiri, L50, F|\n|poke|p1|Incineroar, L50, F|\n|poke|p1|Roaring Moon, L50|\n|poke|p2|Terapagos, L50, M|\n|poke|p2|Incineroar, L50, M|\n|poke|p2|Rillaboom, L50, F|\n|poke|p2|Urshifu-*, L50, M|\n|poke|p2|Flutter Mane, L50|\n|poke|p2|Ogerpon-Hearthflame, L50, F|\n|teampreview|4\n|inactive|Battle timer is ON: inactive players will automatically lose when time's up. (requested by BLiiNDProdiigy)\n|\n|t:|1739803150\n|start\n|switch|p1a: Weezing|Weezing-Galar, L50, M|100\/100\n|switch|p1b: Roaring Moon|Roaring Moon, L50|100\/100\n|switch|p2a: Terapagos|Terapagos, L50, M|100\/100\n|switch|p2b: Incineroar|Incineroar, L50, M|100\/100\n|-activate|p2a: Terapagos|ability: Tera Shift\n|detailschange|p2a: Terapagos|Terapagos-Terastal, L50, M\n|-heal|p2a: Terapagos|100\/100|[silent]\n|-ability|p1a: Weezing|Neutralizing Gas\n|turn|1\n|\n|t:|1739803158\n|move|p2b: Incineroar|Fake Out|p1b: Roaring Moon\n|-damage|p1b: Roaring Moon|86\/100\n|cant|p1b: Roaring Moon|flinch\n|move|p2a: Terapagos|Substitute|p2a: Terapagos\n|-start|p2a: Terapagos|Substitute\n|-damage|p2a: Terapagos|76\/100\n|move|p1a: Weezing|Toxic Spikes|p2a: Terapagos\n|-sidestart|p2: BLiiNDProdiigy|move: Toxic Spikes\n|\n|-heal|p2a: Terapagos|82\/100|[from] item: Leftovers\n|upkeep\n|turn|2\n|\n|t:|1739803169\n|-terastallize|p2a: Terapagos|Stellar\n|detailschange|p2a: Terapagos|Terapagos-Stellar, L50, M, tera:Stellar\n|-heal|p2a: Terapagos|86\/100|[silent]\n|move|p1a: Weezing|Protect|p1a: Weezing\n|-singleturn|p1a: Weezing|Protect\n|move|p1b: Roaring Moon|Earthquake|p2a: Terapagos|[spread] p2a,p2b\n|-activate|p1a: Weezing|move: Protect\n|-activate|p2a: Terapagos|move: Substitute|[damage]\n|-supereffective|p2b: Incineroar\n|-damage|p2b: Incineroar|57\/100\n|move|p2a: Terapagos|Tera Starstorm|p1b: Roaring Moon|[spread] p1b\n|-activate|p1a: Weezing|move: Protect\n|-damage|p1b: Roaring Moon|64\/100\n|move|p2b: Incineroar|Knock Off|p1a: Weezing\n|-activate|p1a: Weezing|move: Protect\n|\n|-heal|p2a: Terapagos|93\/100|[from] item: Leftovers\n|upkeep\n|turn|3\n|inactive|cobalt_poke has 30 seconds left.\n|\n|t:|1739803195\n|move|p1b: Roaring Moon|Snarl|p2b: Incineroar|[spread] p2a,p2b\n|-resisted|p2b: Incineroar\n|-damage|p2a: Terapagos|88\/100\n|-damage|p2b: Incineroar|54\/100\n|-unboost|p2a: Terapagos|spa|1\n|-unboost|p2b: Incineroar|spa|1\n|move|p2a: Terapagos|Tera Starstorm|p1b: Roaring Moon|[spread] p1a,p1b\n|-damage|p1a: Weezing|77\/100\n|-damage|p1b: Roaring Moon|48\/100\n|move|p2b: Incineroar|Parting Shot|p1b: Roaring Moon\n|-unboost|p1b: Roaring Moon|atk|1\n|-unboost|p1b: Roaring Moon|spa|1\n|\n|t:|1739803198\n|switch|p2b: Rillaboom|Rillaboom, L50, F|100\/100|[from] Parting Shot\n|-status|p2b: Rillaboom|psn\n|move|p1a: Weezing|Toxic Spikes|p2a: Terapagos\n|-sidestart|p2: BLiiNDProdiigy|move: Toxic Spikes\n|\n|-heal|p2a: Terapagos|94\/100|[from] item: Leftovers\n|-damage|p2b: Rillaboom|88\/100 psn|[from] psn\n|upkeep\n|turn|4\n|j| Rabbihorn\n|j| tinymovingfarts\n|\n|t:|1739803217\n|move|p1b: Roaring Moon|Knock Off|p2b: Rillaboom\n|-damage|p2b: Rillaboom|49\/100 psn\n|-enditem|p2b: Rillaboom|Assault Vest|[from] move: Knock Off|[of] p1b: Roaring Moon\n|move|p2b: Rillaboom|U-turn|p1b: Roaring Moon\n|-supereffective|p1b: Roaring Moon\n|-damage|p1b: Roaring Moon|0 fnt\n|faint|p1b: Roaring Moon\n|-end|p1b: Roaring Moon|Protosynthesis|[silent]\n|\n|t:|1739803224\n|switch|p2b: Incineroar|Incineroar, L50, M|54\/100|[from] U-turn\n|-status|p2b: Incineroar|tox\n|move|p2a: Terapagos|Calm Mind|p2a: Terapagos\n|-boost|p2a: Terapagos|spa|1\n|-boost|p2a: Terapagos|spd|1\n|move|p1a: Weezing|Strange Steam|p2b: Incineroar\n|-damage|p2b: Incineroar|28\/100 tox\n|\n|-heal|p2a: Terapagos|100\/100|[from] item: Leftovers\n|-damage|p2b: Incineroar|22\/100 tox|[from] psn\n|upkeep\n|\n|t:|1739803234\n|switch|p1b: Dondozo|Dondozo, L50, F|100\/100\n|turn|5\n|\n|t:|1739803246\n|switch|p2b: Rillaboom|Rillaboom, L50, F|49\/100 psn\n|move|p1b: Dondozo|Protect|p1b: Dondozo\n|-singleturn|p1b: Dondozo|Protect\n|move|p2a: Terapagos|Tera Starstorm|p1b: Dondozo|[spread] p1a\n|-activate|p1b: Dondozo|move: Protect\n|-damage|p1a: Weezing|43\/100\n|-enditem|p1a: Weezing|Sitrus Berry|[eat]\n|-heal|p1a: Weezing|68\/100|[from] item: Sitrus Berry\n|move|p1a: Weezing|Strange Steam|p2b: Rillaboom\n|-damage|p2b: Rillaboom|21\/100 psn\n|\n|-damage|p2b: Rillaboom|9\/100 psn|[from] psn\n|upkeep\n|turn|6\n|j| Reverie Jr.\n|inactive|cobalt_poke has 30 seconds left.\n|\n|t:|1739803276\n|-end|p1a: Weezing|ability: Neutralizing Gas\n|-fieldstart|move: Grassy Terrain|[from] ability: Grassy Surge|[of] p2b: Rillaboom\n|switch|p1a: Tatsugiri|Tatsugiri, L50, F|100\/100\n|-activate|p1a: Tatsugiri|ability: Commander|[of] p1b: Dondozo\n|-boost|p1b: Dondozo|atk|2\n|-boost|p1b: Dondozo|spa|2\n|-boost|p1b: Dondozo|spe|2\n|-boost|p1b: Dondozo|def|2\n|-boost|p1b: Dondozo|spd|2\n|move|p1b: Dondozo|Wave Crash|p2b: Rillaboom\n|-resisted|p2b: Rillaboom\n|-damage|p2b: Rillaboom|0 fnt\n|faint|p2b: Rillaboom\n|-damage|p1b: Dondozo|98\/100|[from] Recoil\n|move|p2a: Terapagos|Tera Starstorm|p1a: Tatsugiri|[spread] p1b\n|-miss|p2a: Terapagos|p1a: Tatsugiri\n|-damage|p1b: Dondozo|78\/100\n|\n|-heal|p1b: Dondozo|84\/100|[from] Grassy Terrain\n|-heal|p1b: Dondozo|90\/100|[from] item: Leftovers\n|upkeep\n|\n|t:|1739803285\n|switch|p2b: Incineroar|Incineroar, L50, M|22\/100 tox\n|-ability|p2b: Incineroar|Intimidate|boost\n|-unboost|p1a: Tatsugiri|atk|1\n|-unboost|p1b: Dondozo|atk|1\n|turn|7\n|\n|t:|1739803293\n|switch|p2b: Flutter Mane|Flutter Mane, L50|100\/100\n|-status|p2b: Flutter Mane|tox\n|-enditem|p2b: Flutter Mane|Booster Energy\n|-activate|p2b: Flutter Mane|ability: Protosynthesis|[fromitem]\n|-start|p2b: Flutter Mane|protosynthesisspe\n|move|p1b: Dondozo|Wave Crash|p2b: Flutter Mane\n|-damage|p2b: Flutter Mane|0 fnt\n|faint|p2b: Flutter Mane\n|-end|p2b: Flutter Mane|Protosynthesis|[silent]\n|-damage|p1b: Dondozo|70\/100|[from] Recoil\n|move|p2a: Terapagos|Calm Mind|p2a: Terapagos\n|-boost|p2a: Terapagos|spa|1\n|-boost|p2a: Terapagos|spd|1\n|\n|-heal|p1b: Dondozo|76\/100|[from] Grassy Terrain\n|-heal|p1b: Dondozo|82\/100|[from] item: Leftovers\n|upkeep\n|-message|BLiiNDProdiigy forfeited.\n|\n|win|cobalt_poke\n|raw|cobalt_poke's rating: 1694 &rarr; <strong>1710<\/strong><br \/>(+16 for winning)\n|raw|BLiiNDProdiigy's rating: 1628 &rarr; <strong>1612<\/strong><br \/>(-16 for losing)\n|l|\u2606BLiiNDProdiigy\n|player|p2|\n|l|\u2606cobalt_poke\n|player|p1|\n","uploadtime":1739803481,"views":8,"formatid":"gen9vgc2025regg","rating":1612,"private":0,"password":null}