{"id":"gen9vgc2025regg-2302137343","format":"[Gen 9] VGC 2025 Reg G","players":["jecheonjo","SamP_64"],"log":"|j|\u2606jecheonjo\n|j|\u2606SamP_64\n|t:|1739751284\n|gametype|doubles\n|player|p1|jecheonjo|steven|1633\n|player|p2|SamP_64|cyrus|1683\n|teamsize|p1|6\n|teamsize|p2|6\n|gen|9\n|tier|[Gen 9] VGC 2025 Reg G\n|rated|\n|rule|Species Clause: Limit one of each Pok\u00e9mon\n|rule|Item Clause: Limit 1 of each item\n|clearpoke\n|poke|p1|Terapagos, L50, M|\n|poke|p1|Tornadus, L50, M|\n|poke|p1|Incineroar, L50, M|\n|poke|p1|Amoonguss, L50, M|\n|poke|p1|Flutter Mane, L50|\n|poke|p1|Urshifu-*, L50, F|\n|poke|p2|Incineroar, L50, F|\n|poke|p2|Rillaboom, L50, F|\n|poke|p2|Flutter Mane, L50|\n|poke|p2|Urshifu-*, L50, F|\n|poke|p2|Terapagos, L50, M|\n|poke|p2|Amoonguss, L50, M|\n|teampreview|4\n|inactive|Battle timer is ON: inactive players will automatically lose when time's up. (requested by SamP_64)\n|j| pmg9\n|inactive|jecheonjo has 60 seconds left.\n|inactive|SamP_64 has 60 seconds left.\n|\n|t:|1739751336\n|start\n|switch|p1a: Terapagos|Terapagos, L50, M|100\/100\n|switch|p1b: Flutter Mane|Flutter Mane, L50|100\/100\n|switch|p2a: Terapagos|Terapagos, L50, M|100\/100\n|switch|p2b: Incineroar|Incineroar, L50, F|100\/100\n|-activate|p1a: Terapagos|ability: Tera Shift\n|detailschange|p1a: Terapagos|Terapagos-Terastal, L50, M\n|-heal|p1a: Terapagos|100\/100|[silent]\n|-activate|p2a: Terapagos|ability: Tera Shift\n|detailschange|p2a: Terapagos|Terapagos-Terastal, L50, M\n|-heal|p2a: Terapagos|100\/100|[silent]\n|-ability|p2b: Incineroar|Intimidate|boost\n|-unboost|p1a: Terapagos|atk|1\n|-unboost|p1b: Flutter Mane|atk|1\n|turn|1\n|\n|t:|1739751351\n|move|p2b: Incineroar|Fake Out|p1a: Terapagos\n|-activate|p1a: Terapagos|ability: Tera Shell\n|-resisted|p1a: Terapagos\n|-damage|p1a: Terapagos|96\/100\n|move|p1b: Flutter Mane|Dazzling Gleam|p2b: Incineroar|[spread] p2a,p2b\n|-activate|p2a: Terapagos|ability: Tera Shell\n|-resisted|p2a: Terapagos\n|-damage|p2a: Terapagos|83\/100\n|-damage|p2b: Incineroar|66\/100\n|cant|p1a: Terapagos|flinch\n|move|p2a: Terapagos|Calm Mind|p2a: Terapagos\n|-boost|p2a: Terapagos|spa|1\n|-boost|p2a: Terapagos|spd|1\n|\n|-heal|p1a: Terapagos|100\/100|[from] item: Leftovers\n|-heal|p2a: Terapagos|88\/100|[from] item: Leftovers\n|upkeep\n|turn|2\n|inactive|SamP_64 has 30 seconds left.\n|\n|t:|1739751383\n|move|p1b: Flutter Mane|Dazzling Gleam|p2a: Terapagos|[spread] p2a,p2b\n|-damage|p2a: Terapagos|62\/100\n|-damage|p2b: Incineroar|30\/100\n|move|p1a: Terapagos|Calm Mind|p1a: Terapagos\n|-boost|p1a: Terapagos|spa|1\n|-boost|p1a: Terapagos|spd|1\n|move|p2a: Terapagos|Calm Mind|p2a: Terapagos\n|-boost|p2a: Terapagos|spa|1\n|-boost|p2a: Terapagos|spd|1\n|move|p2b: Incineroar|Knock Off|p1a: Terapagos\n|-activate|p1a: Terapagos|ability: Tera Shell\n|-resisted|p1a: Terapagos\n|-damage|p1a: Terapagos|85\/100\n|-enditem|p1a: Terapagos|Leftovers|[from] move: Knock Off|[of] p2b: Incineroar\n|\n|-heal|p2a: Terapagos|68\/100|[from] item: Leftovers\n|upkeep\n|turn|3\n|\n|t:|1739751403\n|switch|p2b: Amoonguss|Amoonguss, L50, M|100\/100\n|move|p2a: Terapagos|Protect|p2a: Terapagos\n|-singleturn|p2a: Terapagos|Protect\n|move|p1b: Flutter Mane|Dazzling Gleam|p2a: Terapagos|[spread] p2b\n|-activate|p2a: Terapagos|move: Protect\n|-resisted|p2b: Amoonguss\n|-damage|p2b: Amoonguss|78\/100\n|move|p1a: Terapagos|Calm Mind|p1a: Terapagos\n|-boost|p1a: Terapagos|spa|1\n|-boost|p1a: Terapagos|spd|1\n|\n|-heal|p2a: Terapagos|73\/100|[from] item: Leftovers\n|upkeep\n|turn|4\n|inactive|SamP_64 has 30 seconds left.\n|\n|t:|1739751432\n|-end|p1b: Flutter Mane|Protosynthesis|[silent]\n|switch|p1b: Tornadus|Tornadus, L50, M|100\/100\n|-terastallize|p2a: Terapagos|Stellar\n|detailschange|p2a: Terapagos|Terapagos-Stellar, L50, M, tera:Stellar\n|-heal|p2a: Terapagos|80\/100|[silent]\n|move|p1a: Terapagos|Protect|p1a: Terapagos\n|-singleturn|p1a: Terapagos|Protect\n|move|p2a: Terapagos|Tera Starstorm|p1b: Tornadus|[spread] p1b\n|-activate|p1a: Terapagos|move: Protect\n|-enditem|p1b: Tornadus|Focus Sash\n|-damage|p1b: Tornadus|1\/100\n|move|p2b: Amoonguss|Spore|p1a: Terapagos\n|-activate|p1a: Terapagos|move: Protect\n|\n|-heal|p2a: Terapagos|86\/100|[from] item: Leftovers\n|upkeep\n|turn|5\n|inactive|jecheonjo has 30 seconds left.\n|inactive|SamP_64 has 30 seconds left.\n|\n|t:|1739751466\n|-terastallize|p1a: Terapagos|Stellar\n|detailschange|p1a: Terapagos|Terapagos-Stellar, L50, M, tera:Stellar\n|-heal|p1a: Terapagos|89\/100|[silent]\n|move|p2a: Terapagos|Protect|p2a: Terapagos\n|-singleturn|p2a: Terapagos|Protect\n|move|p1b: Tornadus|Bleakwind Storm|p2a: Terapagos|[spread] p2b\n|-activate|p2a: Terapagos|move: Protect\n|-supereffective|p2b: Amoonguss\n|-damage|p2b: Amoonguss|6\/100\n|-unboost|p2b: Amoonguss|spe|1\n|-enditem|p2b: Amoonguss|Sitrus Berry|[eat]\n|-heal|p2b: Amoonguss|30\/100|[from] item: Sitrus Berry\n|move|p1a: Terapagos|Tera Starstorm|p2a: Terapagos|[spread] p2b\n|-activate|p2a: Terapagos|move: Protect\n|-damage|p2b: Amoonguss|0 fnt\n|faint|p2b: Amoonguss\n|\n|-heal|p2a: Terapagos|93\/100|[from] item: Leftovers\n|upkeep\n|\n|t:|1739751481\n|switch|p2b: Rillaboom|Rillaboom, L50, F|100\/100\n|-fieldstart|move: Grassy Terrain|[from] ability: Grassy Surge|[of] p2b: Rillaboom\n|turn|6\n|\n|t:|1739751494\n|move|p1a: Terapagos|Protect|p1a: Terapagos\n|-singleturn|p1a: Terapagos|Protect\n|move|p2b: Rillaboom|Fake Out|p1a: Terapagos\n|-activate|p1a: Terapagos|move: Protect\n|move|p1b: Tornadus|Tailwind|p1b: Tornadus\n|-sidestart|p1: jecheonjo|move: Tailwind\n|move|p2a: Terapagos|Substitute|p2a: Terapagos\n|-start|p2a: Terapagos|Substitute\n|-damage|p2a: Terapagos|68\/100\n|\n|-heal|p1a: Terapagos|95\/100|[from] Grassy Terrain\n|-heal|p2a: Terapagos|74\/100|[from] Grassy Terrain\n|-heal|p2a: Terapagos|80\/100|[from] item: Leftovers\n|upkeep\n|turn|7\n|\n|t:|1739751513\n|move|p2b: Rillaboom|Grassy Glide|p1b: Tornadus\n|-resisted|p1b: Tornadus\n|-damage|p1b: Tornadus|0 fnt\n|faint|p1b: Tornadus\n|move|p1a: Terapagos|Tera Starstorm|p2a: Terapagos|[spread] p2a,p2b\n|-supereffective|p2a: Terapagos\n|-end|p2a: Terapagos|Substitute\n|-damage|p2b: Rillaboom|51\/100\n|move|p2a: Terapagos|Tera Starstorm|p1a: Terapagos\n|-supereffective|p1a: Terapagos\n|-damage|p1a: Terapagos|30\/100\n|\n|-heal|p1a: Terapagos|36\/100|[from] Grassy Terrain\n|-heal|p2b: Rillaboom|57\/100|[from] Grassy Terrain\n|-heal|p2a: Terapagos|86\/100|[from] Grassy Terrain\n|-heal|p2a: Terapagos|93\/100|[from] item: Leftovers\n|upkeep\n|\n|t:|1739751527\n|switch|p1b: Amoonguss|Amoonguss, L50, M|100\/100\n|turn|8\n|j| Panda Man7567\n|\n|t:|1739751539\n|move|p2a: Terapagos|Protect|p2a: Terapagos\n|-singleturn|p2a: Terapagos|Protect\n|move|p1a: Terapagos|Substitute|p1a: Terapagos\n|-start|p1a: Terapagos|Substitute\n|-damage|p1a: Terapagos|11\/100\n|move|p2b: Rillaboom|Wood Hammer|p1a: Terapagos\n|-end|p1a: Terapagos|Substitute\n|-damage|p2b: Rillaboom|46\/100|[from] Recoil|[of] p1a: Terapagos\n|move|p1b: Amoonguss|Pollen Puff|p1a: Terapagos\n|-heal|p1a: Terapagos|61\/100\n|\n|-heal|p1a: Terapagos|67\/100|[from] Grassy Terrain\n|-heal|p2b: Rillaboom|52\/100|[from] Grassy Terrain\n|-heal|p2a: Terapagos|99\/100|[from] Grassy Terrain\n|-heal|p2a: Terapagos|100\/100|[from] item: Leftovers\n|upkeep\n|turn|9\n|inactive|jecheonjo has 30 seconds left.\n|inactive|SamP_64 has 30 seconds left.\n|inactive|jecheonjo has 20 seconds left.\n|inactive|SamP_64 has 20 seconds left.\n|inactive|jecheonjo has 15 seconds left.\n|inactive|SamP_64 has 15 seconds left.\n|inactive|jecheonjo has 10 seconds left.\n|inactive|jecheonjo has 5 seconds left.\n|\n|t:|1739751589\n|move|p1a: Terapagos|Tera Starstorm|p2b: Rillaboom|[spread] p2a,p2b\n|-supereffective|p2a: Terapagos\n|-damage|p2a: Terapagos|55\/100\n|-damage|p2b: Rillaboom|0 fnt\n|faint|p2b: Rillaboom\n|move|p2a: Terapagos|Substitute|p2a: Terapagos\n|-start|p2a: Terapagos|Substitute\n|-damage|p2a: Terapagos|30\/100\n|move|p1b: Amoonguss|Pollen Puff|p1a: Terapagos\n|-heal|p1a: Terapagos|100\/100\n|\n|-heal|p2a: Terapagos|36\/100|[from] Grassy Terrain\n|-heal|p2a: Terapagos|43\/100|[from] item: Leftovers\n|-sideend|p1: jecheonjo|move: Tailwind\n|upkeep\n|\n|t:|1739751600\n|switch|p2b: Incineroar|Incineroar, L50, F|30\/100\n|-ability|p2b: Incineroar|Intimidate|boost\n|-unboost|p1a: Terapagos|atk|1\n|-unboost|p1b: Amoonguss|atk|1\n|turn|10\n|\n|t:|1739751613\n|move|p2b: Incineroar|Fake Out|p1a: Terapagos\n|-damage|p1a: Terapagos|95\/100\n|cant|p1a: Terapagos|flinch\n|move|p2a: Terapagos|Calm Mind|p2a: Terapagos\n|-boost|p2a: Terapagos|spa|1\n|-boost|p2a: Terapagos|spd|1\n|move|p1b: Amoonguss|Pollen Puff|p1a: Terapagos\n|-heal|p1a: Terapagos|100\/100\n|\n|-heal|p2a: Terapagos|49\/100|[from] Grassy Terrain\n|-heal|p2a: Terapagos|55\/100|[from] item: Leftovers\n|-heal|p2b: Incineroar|36\/100|[from] Grassy Terrain\n|-fieldend|move: Grassy Terrain\n|upkeep\n|turn|11\n|\n|t:|1739751633\n|move|p1a: Terapagos|Tera Starstorm|p2b: Incineroar|[spread] p2a,p2b\n|-supereffective|p2a: Terapagos\n|-end|p2a: Terapagos|Substitute\n|-damage|p2b: Incineroar|0 fnt\n|faint|p2b: Incineroar\n|move|p2a: Terapagos|Tera Starstorm|p1b: Amoonguss|[spread] p1a,p1b\n|-supereffective|p1a: Terapagos\n|-damage|p1a: Terapagos|34\/100\n|-damage|p1b: Amoonguss|5\/100\n|move|p1b: Amoonguss|Spore|p2a: Terapagos\n|-status|p2a: Terapagos|slp|[from] move: Spore\n|\n|-heal|p2a: Terapagos|61\/100 slp|[from] item: Leftovers\n|upkeep\n|turn|12\n|-message|SamP_64 forfeited.\n|\n|win|jecheonjo\n|raw|jecheonjo's rating: 1633 &rarr; <strong>1656<\/strong><br \/>(+23 for winning)\n|raw|SamP_64's rating: 1683 &rarr; <strong>1660<\/strong><br \/>(-23 for losing)\n|l|\u2606SamP_64\n|player|p2|\n|l| pmg9\n|l|\u2606jecheonjo\n|player|p1|\n|l| Panda Man7567\n","uploadtime":1739751914,"views":5,"formatid":"gen9vgc2025regg","rating":1656,"private":0,"password":null}