{"id":"gen9vgc2025regg-2302079330","format":"[Gen 9] VGC 2025 Reg G","players":["Lkizzz","ApoVGC"],"log":"|j|\u2606Lkizzz\n|j|\u2606ApoVGC\n|t:|1739744179\n|gametype|doubles\n|player|p1|Lkizzz|swimmer-gen4dp|1595\n|player|p2|ApoVGC|102|1669\n|teamsize|p1|6\n|teamsize|p2|6\n|gen|9\n|tier|[Gen 9] VGC 2025 Reg G\n|rated|\n|rule|Species Clause: Limit one of each Pok\u00e9mon\n|rule|Item Clause: Limit 1 of each item\n|clearpoke\n|poke|p1|Miraidon, L50|\n|poke|p1|Whimsicott, L50, M|\n|poke|p1|Farigiraf, L50, F|\n|poke|p1|Iron Hands, L50|\n|poke|p1|Ogerpon-Hearthflame, L50, F|\n|poke|p1|Urshifu-*, L50, M|\n|poke|p2|Calyrex-Shadow, L50|\n|poke|p2|Amoonguss, L50, F|\n|poke|p2|Tornadus, L50, M|\n|poke|p2|Indeedee-F, L50, F|\n|poke|p2|Urshifu-*, L50, F|\n|poke|p2|Chi-Yu, L50|\n|teampreview|4\n|inactive|Battle timer is ON: inactive players will automatically lose when time's up. (requested by ApoVGC)\n|\n|t:|1739744208\n|start\n|switch|p1a: Whimsicott|Whimsicott, L50, M|100\/100\n|switch|p1b: Miraidon|Miraidon, L50|100\/100\n|switch|p2a: Chi-Yu|Chi-Yu, L50|100\/100\n|switch|p2b: Tornadus|Tornadus, L50, M|100\/100\n|-ability|p2a: Chi-Yu|Beads of Ruin\n|-fieldstart|move: Electric Terrain|[from] ability: Hadron Engine|[of] p1b: Miraidon\n|turn|1\n|inactive|Lkizzz has 30 seconds left.\n|\n|t:|1739744235\n|-terastallize|p2a: Chi-Yu|Ground\n|move|p1a: Whimsicott|Tailwind|p1a: Whimsicott\n|-sidestart|p1: Lkizzz|move: Tailwind\n|move|p2b: Tornadus|Tailwind|p2b: Tornadus\n|-sidestart|p2: ApoVGC|move: Tailwind\n|move|p2a: Chi-Yu|Tera Blast|p1b: Miraidon|[anim] Tera Blast Ground\n|-supereffective|p1b: Miraidon\n|-damage|p1b: Miraidon|0 fnt\n|faint|p1b: Miraidon\n|\n|upkeep\n|\n|t:|1739744245\n|switch|p1b: Ogerpon|Ogerpon-Hearthflame, L50, F|100\/100\n|-ability|p1b: Ogerpon|Mold Breaker\n|turn|2\n|\n|t:|1739744261\n|switch|p2b: Indeedee|Indeedee-F, L50, F|100\/100\n|-fieldstart|move: Psychic Terrain|[from] ability: Psychic Surge|[of] p2b: Indeedee\n|-enditem|p2b: Indeedee|Psychic Seed\n|-boost|p2b: Indeedee|spd|1|[from] item: Psychic Seed\n|move|p1a: Whimsicott|Light Screen|p1a: Whimsicott\n|-sidestart|p1: Lkizzz|move: Light Screen\n|move|p2a: Chi-Yu|Tera Blast|p1b: Ogerpon|[anim] Tera Blast Ground\n|-damage|p1b: Ogerpon|57\/100\n|move|p1b: Ogerpon|Wood Hammer|p2a: Chi-Yu\n|-supereffective|p2a: Chi-Yu\n|-damage|p2a: Chi-Yu|0 fnt\n|faint|p2a: Chi-Yu\n|-damage|p1b: Ogerpon|33\/100|[from] Recoil\n|\n|upkeep\n|\n|t:|1739744274\n|switch|p2a: Calyrex|Calyrex-Shadow, L50|100\/100\n|-ability|p2a: Calyrex|As One\n|-ability|p2a: Calyrex|Unnerve\n|turn|3\n|\n|t:|1739744289\n|move|p1b: Ogerpon|Spiky Shield|p1b: Ogerpon\n|-singleturn|p1b: Ogerpon|move: Protect\n|move|p2b: Indeedee|Follow Me|p2b: Indeedee\n|-singleturn|p2b: Indeedee|move: Follow Me\n|move|p2a: Calyrex|Expanding Force|p1a: Whimsicott|[spread] p1a\n|-activate|p1b: Ogerpon|move: Protect\n|-damage|p1a: Whimsicott|31\/100\n|-damage|p2a: Calyrex|91\/100|[from] item: Life Orb\n|move|p1a: Whimsicott|Moonblast|p2b: Indeedee\n|-damage|p2b: Indeedee|85\/100\n|\n|upkeep\n|turn|4\n|inactive|Lkizzz has 30 seconds left.\n|\n|t:|1739744317\n|move|p2b: Indeedee|Helping Hand|p2a: Calyrex\n|-singleturn|p2a: Calyrex|Helping Hand|[of] p2b: Indeedee\n|move|p1b: Ogerpon|Spiky Shield||[still]\n|-fail|p1b: Ogerpon\n|move|p2a: Calyrex|Expanding Force|p1a: Whimsicott|[spread] p1a,p1b\n|-damage|p1a: Whimsicott|0 fnt\n|-damage|p1b: Ogerpon|0 fnt\n|faint|p1a: Whimsicott\n|faint|p1b: Ogerpon\n|-ability|p2a: Calyrex|Grim Neigh|boost\n|-boost|p2a: Calyrex|spa|2\n|-damage|p2a: Calyrex|81\/100|[from] item: Life Orb\n|\n|-sideend|p2: ApoVGC|move: Tailwind\n|-sideend|p1: Lkizzz|move: Tailwind\n|upkeep\n|\n|t:|1739744325\n|switch|p1b: Iron Hands|Iron Hands, L50|100\/100\n|turn|5\n|\n|t:|1739744332\n|-terastallize|p1b: Iron Hands|Bug\n|move|p2b: Indeedee|Follow Me|p2b: Indeedee\n|-singleturn|p2b: Indeedee|move: Follow Me\n|move|p2a: Calyrex|Expanding Force|p1b: Iron Hands\n|-damage|p1b: Iron Hands|16\/100\n|-damage|p2a: Calyrex|71\/100|[from] item: Life Orb\n|move|p1b: Iron Hands|Wild Charge|p2b: Indeedee\n|-damage|p2b: Indeedee|37\/100\n|-damage|p1b: Iron Hands|7\/100|[from] Recoil\n|\n|upkeep\n|turn|6\n|inactive|ApoVGC has 30 seconds left.\n|\n|t:|1739744358\n|move|p2a: Calyrex|Expanding Force|p1b: Iron Hands\n|-damage|p1b: Iron Hands|0 fnt\n|faint|p1b: Iron Hands\n|-end|p1b: Iron Hands|Quark Drive|[silent]\n|-damage|p2a: Calyrex|62\/100|[from] item: Life Orb\n|\n|win|ApoVGC\n|raw|Lkizzz's rating: 1595 &rarr; <strong>1579<\/strong><br \/>(-16 for losing)\n|raw|ApoVGC's rating: 1669 &rarr; <strong>1685<\/strong><br \/>(+16 for winning)\n|l|\u2606Lkizzz\n|player|p1|\n|l|\u2606ApoVGC\n|player|p2|\n","uploadtime":1739744573,"views":5,"formatid":"gen9vgc2025regg","rating":1579,"private":0,"password":null}