{"id":"gen9vgc2025regg-2302749441","format":"[Gen 9] VGC 2025 Reg G","players":["pokehys4","superpowerpoke"],"log":"|j|\u2606pokehys4\n|j|\u2606superpowerpoke\n|t:|1739833426\n|gametype|doubles\n|player|p1|pokehys4|bruno|1637\n|player|p2|superpowerpoke|170|1595\n|teamsize|p1|6\n|teamsize|p2|6\n|gen|9\n|tier|[Gen 9] VGC 2025 Reg G\n|rated|\n|rule|Species Clause: Limit one of each Pok\u00e9mon\n|rule|Item Clause: Limit 1 of each item\n|clearpoke\n|poke|p1|Weezing-Galar, L50, M|\n|poke|p1|Iron Valiant, L50|\n|poke|p1|Calyrex-Shadow, L50|\n|poke|p1|Roaring Moon, L50|\n|poke|p1|Maushold, L50|\n|poke|p1|Okidogi, L50, M|\n|poke|p2|Lunala, L50|\n|poke|p2|Maushold-Four, L50|\n|poke|p2|Rillaboom, L50, F|\n|poke|p2|Pelipper, L50, F|\n|poke|p2|Urshifu-*, L50, F|\n|poke|p2|Landorus, L50, M|\n|teampreview|4\n|inactive|Battle timer is ON: inactive players will automatically lose when time's up. (requested by pokehys4)\n|j| pmg9\n|inactive|pokehys4 has 60 seconds left.\n|inactive|superpowerpoke has 60 seconds left.\n|inactive|superpowerpoke has 30 seconds left.\n|l| pmg9\n|inactive|superpowerpoke has 20 seconds left.\n|inactive|superpowerpoke has 15 seconds left.\n|inactive|superpowerpoke has 10 seconds left.\n|inactive|superpowerpoke has 5 seconds left.\n|\n|t:|1739833513\n|start\n|switch|p1a: Roaring Moon|Roaring Moon, L50|100\/100\n|switch|p1b: Okidogi|Okidogi, L50, M|100\/100\n|switch|p2a: Lunala|Lunala, L50|100\/100\n|switch|p2b: Pelipper|Pelipper, L50, F|100\/100\n|-weather|RainDance|[from] ability: Drizzle|[of] p2b: Pelipper\n|-enditem|p1a: Roaring Moon|Booster Energy\n|-activate|p1a: Roaring Moon|ability: Protosynthesis|[fromitem]\n|-start|p1a: Roaring Moon|protosynthesisspe\n|turn|1\n|inactive|pokehys4 has 30 seconds left.\n|\n|t:|1739833549\n|-terastallize|p1b: Okidogi|Water\n|move|p2a: Lunala|Protect|p2a: Lunala\n|-singleturn|p2a: Lunala|Protect\n|move|p1a: Roaring Moon|Knock Off|p2a: Lunala\n|-activate|p2a: Lunala|move: Protect\n|move|p1b: Okidogi|Gunk Shot|p2a: Lunala\n|-activate|p2a: Lunala|move: Protect\n|move|p2b: Pelipper|Hurricane|p1b: Okidogi\n|-damage|p1b: Okidogi|75\/100\n|\n|-weather|RainDance|[upkeep]\n|upkeep\n|turn|2\n|j| NarizotasPaula\n|inactive|pokehys4 has 30 seconds left.\n|inactive|superpowerpoke has 30 seconds left.\n|j| pmg9\n|inactive|superpowerpoke has 20 seconds left.\n|inactive|superpowerpoke has 15 seconds left.\n|inactive|pokehys4 has 20 seconds left.\n|inactive|superpowerpoke has 10 seconds left.\n|inactive|pokehys4 has 15 seconds left.\n|\n|t:|1739833600\n|move|p1a: Roaring Moon|Tailwind|p1a: Roaring Moon\n|-sidestart|p1: pokehys4|move: Tailwind\n|move|p1b: Okidogi|Knock Off|p2a: Lunala\n|-supereffective|p2a: Lunala\n|-damage|p2a: Lunala|45\/100\n|-enditem|p2a: Lunala|Power Herb|[from] move: Knock Off|[of] p1b: Okidogi\n|move|p2a: Lunala|Dazzling Gleam|p1a: Roaring Moon|[spread] p1a,p1b\n|-supereffective|p1a: Roaring Moon\n|-damage|p1a: Roaring Moon|14\/100\n|-damage|p1b: Okidogi|59\/100\n|move|p2b: Pelipper|Tailwind|p2b: Pelipper\n|-sidestart|p2: superpowerpoke|move: Tailwind\n|\n|-weather|RainDance|[upkeep]\n|upkeep\n|turn|3\n|inactive|pokehys4 has 30 seconds left.\n|inactive|superpowerpoke has 30 seconds left.\n|inactive|pokehys4 has 20 seconds left.\n|inactive|superpowerpoke has 20 seconds left.\n|inactive|pokehys4 has 15 seconds left.\n|inactive|superpowerpoke has 15 seconds left.\n|inactive|pokehys4 has 10 seconds left.\n|inactive|superpowerpoke has 10 seconds left.\n|inactive|pokehys4 has 5 seconds left.\n|inactive|superpowerpoke has 5 seconds left.\n|\n|t:|1739833651\n|move|p2a: Lunala|Protect|p2a: Lunala\n|-singleturn|p2a: Lunala|Protect\n|move|p1a: Roaring Moon|Knock Off|p2b: Pelipper\n|-damage|p2b: Pelipper|51\/100\n|-enditem|p2b: Pelipper|Sitrus Berry|[from] move: Knock Off|[of] p1a: Roaring Moon\n|move|p1b: Okidogi|Knock Off|p2a: Lunala\n|-activate|p2a: Lunala|move: Protect\n|move|p2b: Pelipper|Hurricane|p1a: Roaring Moon\n|-damage|p1a: Roaring Moon|0 fnt\n|faint|p1a: Roaring Moon\n|-end|p1a: Roaring Moon|Protosynthesis|[silent]\n|\n|-weather|RainDance|[upkeep]\n|upkeep\n|l| pmg9\n|\n|t:|1739833654\n|switch|p1a: Calyrex|Calyrex-Shadow, L50|100\/100\n|-ability|p1a: Calyrex|As One\n|-ability|p1a: Calyrex|Unnerve\n|turn|4\n|j| pmg9\n|inactive|pokehys4 has 30 seconds left.\n|\n|t:|1739833683\n|move|p2b: Pelipper|Wide Guard|p2b: Pelipper\n|-singleturn|p2b: Pelipper|Wide Guard\n|move|p1a: Calyrex|Shadow Ball|p2b: Pelipper\n|-damage|p2b: Pelipper|0 fnt\n|faint|p2b: Pelipper\n|-ability|p1a: Calyrex|Grim Neigh|boost\n|-boost|p1a: Calyrex|spa|1\n|move|p2a: Lunala|Moongeist Beam|p1a: Calyrex\n|-supereffective|p1a: Calyrex\n|-damage|p1a: Calyrex|0 fnt\n|faint|p1a: Calyrex\n|move|p1b: Okidogi|Knock Off|p2a: Lunala\n|-supereffective|p2a: Lunala\n|-damage|p2a: Lunala|0 fnt\n|faint|p2a: Lunala\n|\n|-weather|RainDance|[upkeep]\n|upkeep\n|\n|t:|1739833705\n|switch|p1a: Maushold|Maushold, L50|100\/100\n|switch|p2a: Landorus|Landorus, L50, M|100\/100\n|switch|p2b: Urshifu|Urshifu-Rapid-Strike, L50, F|100\/100\n|turn|5\n|-message|pokehys4 forfeited.\n|\n|win|superpowerpoke\n|raw|pokehys4's rating: 1637 &rarr; <strong>1615<\/strong><br \/>(-22 for losing)\n|raw|superpowerpoke's rating: 1595 &rarr; <strong>1617<\/strong><br \/>(+22 for winning)\n|l|\u2606pokehys4\n|player|p1|\n|l| pmg9\n|l| NarizotasPaula\n","uploadtime":1739833899,"views":8,"formatid":"gen9vgc2025regg","rating":1615,"private":0,"password":null}