{"id":"gen9vgc2025regg-2302765049","format":"[Gen 9] VGC 2025 Reg G","players":["TannerIGuess","pig duck eater"],"log":"|j|\u2606TannerIGuess\n|j|\u2606pig duck eater\n|t:|1739835253\n|gametype|doubles\n|player|p1|TannerIGuess|flannery|1533\n|player|p2|pig duck eater|2|1593\n|teamsize|p1|6\n|teamsize|p2|6\n|gen|9\n|tier|[Gen 9] VGC 2025 Reg G\n|rated|\n|rule|Species Clause: Limit one of each Pok\u00e9mon\n|rule|Item Clause: Limit 1 of each item\n|clearpoke\n|poke|p1|Necrozma-Dawn-Wings, L50|\n|poke|p1|Indeedee-F, L50, F|\n|poke|p1|Torkoal, L50, M|\n|poke|p1|Gallade, L50, M|\n|poke|p1|Ursaluna, L50, M|\n|poke|p1|Lilligant-Hisui, L50, F|\n|poke|p2|Koraidon, L50|\n|poke|p2|Iron Crown, L50|\n|poke|p2|Indeedee-F, L50, F|\n|poke|p2|Garganacl, L50, F|\n|poke|p2|Wo-Chien, L50|\n|poke|p2|Walking Wake, L50|\n|teampreview|4\nTannerIGuess has agreed to open team sheets.\n|inactive|Battle timer is ON: inactive players will automatically lose when time's up. (requested by TannerIGuess)\n|j| hideonbusu\n|l| hideonbusu\n|inactive|TannerIGuess has 60 seconds left.\n|inactive|pig duck eater has 60 seconds left.\n|\n|t:|1739835318\n|start\n|switch|p1a: Indeedee|Indeedee-F, L50, F|100\/100\n|switch|p1b: Gallade|Gallade, L50, M|100\/100\n|switch|p2a: Wo-Chien|Wo-Chien, L50|100\/100\n|switch|p2b: Garganacl|Garganacl, L50, F|100\/100\n|-fieldstart|move: Psychic Terrain|[from] ability: Psychic Surge|[of] p1a: Indeedee\n|-enditem|p1a: Indeedee|Psychic Seed\n|-boost|p1a: Indeedee|spd|1|[from] item: Psychic Seed\n|-ability|p2a: Wo-Chien|Tablets of Ruin\n|turn|1\n|\n|t:|1739835339\n|-terastallize|p2a: Wo-Chien|Fire\n|move|p1a: Indeedee|Helping Hand|p1b: Gallade\n|-singleturn|p1b: Gallade|Helping Hand|[of] p1a: Indeedee\n|move|p1b: Gallade|Sacred Sword|p2a: Wo-Chien\n|-damage|p2a: Wo-Chien|44\/100\n|move|p2a: Wo-Chien|Snarl|p1a: Indeedee|[spread] p1a,p1b\n|-supereffective|p1a: Indeedee\n|-damage|p1a: Indeedee|86\/100\n|-damage|p1b: Gallade|88\/100\n|-unboost|p1a: Indeedee|spa|1\n|move|p2b: Garganacl|Salt Cure|p1b: Gallade\n|-resisted|p1b: Gallade\n|-damage|p1b: Gallade|81\/100\n|-start|p1b: Gallade|Salt Cure\n|\n|-damage|p1b: Gallade|69\/100|[from] Salt Cure\n|upkeep\n|turn|2\n|\n|t:|1739835362\n|move|p1a: Indeedee|Helping Hand|p1b: Gallade\n|-singleturn|p1b: Gallade|Helping Hand|[of] p1a: Indeedee\n|move|p2b: Garganacl|Protect|p2b: Garganacl\n|-singleturn|p2b: Garganacl|Protect\n|move|p1b: Gallade|Sacred Sword|p2b: Garganacl\n|-activate|p2b: Garganacl|move: Protect\n|move|p2a: Wo-Chien|Foul Play|p1b: Gallade\n|-damage|p1b: Gallade|7\/100\n|\n|-damage|p1b: Gallade|0 fnt|[from] Salt Cure\n|faint|p1b: Gallade\n|upkeep\n|\n|t:|1739835375\n|switch|p1b: Necrozma|Necrozma-Dawn-Wings, L50|100\/100\n|turn|3\n|\n|t:|1739835392\n|switch|p2a: Koraidon|Koraidon, L50|100\/100\n|-weather|SunnyDay|[from] ability: Orichalcum Pulse|[of] p2a: Koraidon\n|-activate|p2a: Koraidon|Orichalcum Pulse|[source]\n|move|p1b: Necrozma|Meteor Beam||[still]\n|-prepare|p1b: Necrozma|Meteor Beam\n|-boost|p1b: Necrozma|spa|1\n|-enditem|p1b: Necrozma|Power Herb\n|-anim|p1b: Necrozma|Meteor Beam|p2a: Koraidon|[miss]\n|-miss|p1b: Necrozma|p2a: Koraidon\n|move|p2b: Garganacl|Salt Cure|p1b: Necrozma\n|-damage|p1b: Necrozma|88\/100\n|-start|p1b: Necrozma|Salt Cure\n|move|p1a: Indeedee|Trick Room|p1a: Indeedee\n|-fieldstart|move: Trick Room|[of] p1a: Indeedee\n|\n|-weather|SunnyDay|[upkeep]\n|-damage|p1b: Necrozma|76\/100|[from] Salt Cure\n|upkeep\n|turn|4\n|\n|t:|1739835412\n|switch|p1a: Ursaluna|Ursaluna, L50, M|100\/100\n|move|p2b: Garganacl|Wide Guard|p2b: Garganacl\n|-singleturn|p2b: Garganacl|Wide Guard\n|move|p1b: Necrozma|Moongeist Beam|p2b: Garganacl\n|-damage|p2b: Garganacl|25\/100\n|move|p2a: Koraidon|U-turn|p1a: Ursaluna\n|-damage|p1a: Ursaluna|75\/100\n|\n|t:|1739835427\n|switch|p2a: Walking Wake|Walking Wake, L50|100\/100|[from] U-turn\n|-activate|p2a: Walking Wake|ability: Protosynthesis\n|-start|p2a: Walking Wake|protosynthesisspe\n|\n|-weather|SunnyDay|[upkeep]\n|-heal|p2b: Garganacl|31\/100|[from] item: Leftovers\n|-damage|p1b: Necrozma|64\/100|[from] Salt Cure\n|-status|p1a: Ursaluna|brn|[from] item: Flame Orb\n|upkeep\n|turn|5\n|j| hideonbusu\n|inactive|TannerIGuess has 30 seconds left.\n|inactive|pig duck eater has 30 seconds left.\n|\n|t:|1739835460\n|move|p2b: Garganacl|Protect||[still]\n|-fail|p2b: Garganacl\n|move|p2a: Walking Wake|Protect|p2a: Walking Wake\n|-singleturn|p2a: Walking Wake|Protect\n|move|p1a: Ursaluna|Facade|p2a: Walking Wake\n|-activate|p2a: Walking Wake|move: Protect\n|move|p1b: Necrozma|Moongeist Beam|p2b: Garganacl\n|-damage|p2b: Garganacl|0 fnt\n|faint|p2b: Garganacl\n|\n|-weather|SunnyDay|[upkeep]\n|-damage|p1a: Ursaluna|70\/100 brn|[from] brn\n|-damage|p1b: Necrozma|51\/100|[from] Salt Cure\n|-fieldend|move: Psychic Terrain\n|upkeep\n|\n|t:|1739835467\n|switch|p2b: Wo-Chien|Wo-Chien, L50, tera:Fire|44\/100\n|-ability|p2b: Wo-Chien|Tablets of Ruin\n|turn|6\n|\n|t:|1739835488\n|switch|p1a: Indeedee|Indeedee-F, L50, F|86\/100\n|-fieldstart|move: Psychic Terrain|[from] ability: Psychic Surge|[of] p1a: Indeedee\n|move|p2b: Wo-Chien|Leaf Storm|p1a: Indeedee\n|-damage|p1a: Indeedee|45\/100\n|-unboost|p2b: Wo-Chien|spa|2\n|move|p1b: Necrozma|Expanding Force|p2b: Wo-Chien|[spread] p2a,p2b\n|-enditem|p2a: Walking Wake|Focus Sash\n|-damage|p2a: Walking Wake|1\/100\n|-damage|p2b: Wo-Chien|0 fnt\n|faint|p2b: Wo-Chien\n|move|p2a: Walking Wake|Hydro Steam|p1b: Necrozma\n|-damage|p1b: Necrozma|12\/100\n|\n|-weather|SunnyDay|[upkeep]\n|-damage|p1b: Necrozma|0 fnt|[from] Salt Cure\n|faint|p1b: Necrozma\n|upkeep\n|\n|t:|1739835504\n|switch|p2b: Koraidon|Koraidon, L50|100\/100\n|switch|p1b: Ursaluna|Ursaluna, L50, M|70\/100 brn\n|-activate|p2b: Koraidon|ability: Orichalcum Pulse\n|turn|7\n|j| NanshanVGC\n|l| NanshanVGC\n|\n|t:|1739835522\n|move|p2a: Walking Wake|Protect|p2a: Walking Wake\n|-singleturn|p2a: Walking Wake|Protect\n|move|p1b: Ursaluna|Facade|p2b: Koraidon\n|-damage|p2b: Koraidon|0 fnt\n|faint|p2b: Koraidon\n|move|p1a: Indeedee|Dazzling Gleam|p2a: Walking Wake\n|-activate|p2a: Walking Wake|move: Protect\n|\n|-weather|none\n|-end|p2a: Walking Wake|Protosynthesis\n|-damage|p1b: Ursaluna|64\/100 brn|[from] brn\n|-fieldend|move: Trick Room\n|upkeep\n|turn|8\n|-message|pig duck eater forfeited.\n|\n|win|TannerIGuess\n|raw|TannerIGuess's rating: 1533 &rarr; <strong>1556<\/strong><br \/>(+23 for winning)\n|raw|pig duck eater's rating: 1593 &rarr; <strong>1570<\/strong><br \/>(-23 for losing)\n|l|\u2606pig duck eater\n|player|p2|\n|l| hideonbusu\n|l|\u2606TannerIGuess\n|player|p1|\n","uploadtime":1739835667,"views":7,"formatid":"gen9vgc2025regg","rating":1556,"private":0,"password":null}