{"id":"gen9vgc2025regg-2302722968","format":"[Gen 9] VGC 2025 Reg G","players":["Clerk Barbaracle","chappell murkroan"],"log":"|j|\u2606Clerk Barbaracle\n|j|\u2606chappell murkroan\n|t:|1739830493\n|gametype|doubles\n|player|p1|Clerk Barbaracle|brawly|1516\n|player|p2|chappell murkroan|caitlin|1700\n|teamsize|p1|6\n|teamsize|p2|6\n|gen|9\n|tier|[Gen 9] VGC 2025 Reg G\n|rated|\n|rule|Species Clause: Limit one of each Pok\u00e9mon\n|rule|Item Clause: Limit 1 of each item\n|clearpoke\n|poke|p1|Gholdengo, L50|\n|poke|p1|Miraidon, L50|\n|poke|p1|Dondozo, L50, F|\n|poke|p1|Dragonite, L50, F|\n|poke|p1|Tatsugiri, L50, M|\n|poke|p1|Chi-Yu, L50|\n|poke|p2|Groudon, L50|\n|poke|p2|Brute Bonnet, L50|\n|poke|p2|Flutter Mane, L50|\n|poke|p2|Chi-Yu, L50|\n|poke|p2|Tornadus, L50, M|\n|poke|p2|Walking Wake, L50|\n|teampreview|4\n|inactive|Battle timer is ON: inactive players will automatically lose when time's up. (requested by chappell murkroan)\n|\n|t:|1739830517\n|start\n|switch|p1a: Miraidon|Miraidon, L50|100\/100\n|switch|p1b: Dondozo|Dondozo, L50, F|100\/100\n|switch|p2a: Groudon|Groudon, L50|100\/100\n|switch|p2b: Flutter Mane|Flutter Mane, L50|100\/100\n|-fieldstart|move: Electric Terrain|[from] ability: Hadron Engine|[of] p1a: Miraidon\n|-weather|SunnyDay|[from] ability: Drought|[of] p2a: Groudon\n|-activate|p2b: Flutter Mane|ability: Protosynthesis\n|-start|p2b: Flutter Mane|protosynthesisspe\n|turn|1\n|inactive|Clerk Barbaracle has 30 seconds left.\n|inactive|Clerk Barbaracle has 20 seconds left.\n|inactive|Clerk Barbaracle has 15 seconds left.\n|inactive|Clerk Barbaracle has 10 seconds left.\n|\n|t:|1739830565\n|-terastallize|p2b: Flutter Mane|Fairy\n|-terastallize|p1a: Miraidon|Fairy\n|move|p2a: Groudon|Helping Hand|p2b: Flutter Mane\n|-singleturn|p2b: Flutter Mane|Helping Hand|[of] p2a: Groudon\n|move|p2b: Flutter Mane|Moonblast|p1a: Miraidon\n|-damage|p1a: Miraidon|24\/100\n|move|p1a: Miraidon|Volt Switch|p2b: Flutter Mane\n|-damage|p2b: Flutter Mane|41\/100\n|\n|t:|1739830577\n|switch|p1a: Tatsugiri|Tatsugiri, L50, M|100\/100|[from] Volt Switch\n|-activate|p1a: Tatsugiri|ability: Commander|[of] p1b: Dondozo\n|-boost|p1b: Dondozo|atk|2\n|-boost|p1b: Dondozo|spa|2\n|-boost|p1b: Dondozo|spe|2\n|-boost|p1b: Dondozo|def|2\n|-boost|p1b: Dondozo|spd|2\n|move|p1b: Dondozo|Earthquake|p2b: Flutter Mane|[spread] p2a,p2b\n|-miss|p1b: Dondozo|p1a: Tatsugiri\n|-damage|p2a: Groudon|71\/100\n|-damage|p2b: Flutter Mane|0 fnt\n|faint|p2b: Flutter Mane\n|-end|p2b: Flutter Mane|Protosynthesis|[silent]\n|\n|-weather|SunnyDay|[upkeep]\n|upkeep\n|\n|t:|1739830581\n|switch|p2b: Brute Bonnet|Brute Bonnet, L50|100\/100\n|-activate|p2b: Brute Bonnet|ability: Protosynthesis\n|-start|p2b: Brute Bonnet|protosynthesisdef\n|turn|2\n|inactive|Clerk Barbaracle has 30 seconds left.\n|\n|t:|1739830608\n|move|p1b: Dondozo|Protect|p1b: Dondozo\n|-singleturn|p1b: Dondozo|Protect\n|move|p2a: Groudon|Precipice Blades|p1a: Tatsugiri|[spread] \n|-miss|p2a: Groudon|p1a: Tatsugiri\n|-activate|p1b: Dondozo|move: Protect\n|move|p2b: Brute Bonnet|Seed Bomb|p1b: Dondozo\n|-activate|p1b: Dondozo|move: Protect\n|\n|-weather|SunnyDay|[upkeep]\n|upkeep\n|turn|3\n|\n|t:|1739830621\n|move|p2a: Groudon|Helping Hand|p2b: Brute Bonnet\n|-singleturn|p2b: Brute Bonnet|Helping Hand|[of] p2a: Groudon\n|move|p1b: Dondozo|Order Up|p2b: Brute Bonnet\n|-damage|p2b: Brute Bonnet|77\/100\n|-boost|p1b: Dondozo|atk|1\n|move|p2b: Brute Bonnet|Seed Bomb|p1b: Dondozo\n|-supereffective|p1b: Dondozo\n|-damage|p1b: Dondozo|63\/100\n|\n|-weather|SunnyDay|[upkeep]\n|-heal|p1b: Dondozo|69\/100|[from] item: Leftovers\n|upkeep\n|turn|4\n|\n|t:|1739830639\n|switch|p2a: Chi-Yu|Chi-Yu, L50|100\/100\n|-ability|p2a: Chi-Yu|Beads of Ruin\n|move|p1b: Dondozo|Protect|p1b: Dondozo\n|-singleturn|p1b: Dondozo|Protect\n|move|p2b: Brute Bonnet|Seed Bomb|p1b: Dondozo\n|-activate|p1b: Dondozo|move: Protect\n|\n|-weather|SunnyDay|[upkeep]\n|-heal|p1b: Dondozo|75\/100|[from] item: Leftovers\n|upkeep\n|turn|5\n|\n|t:|1739830650\n|move|p2b: Brute Bonnet|Rage Powder|p2b: Brute Bonnet\n|-singleturn|p2b: Brute Bonnet|move: Rage Powder\n|move|p2a: Chi-Yu|Dark Pulse|p1b: Dondozo\n|-damage|p1b: Dondozo|45\/100\n|cant|p1b: Dondozo|flinch\n|\n|-weather|none\n|-end|p2b: Brute Bonnet|Protosynthesis\n|-heal|p1b: Dondozo|51\/100|[from] item: Leftovers\n|-fieldend|move: Electric Terrain\n|upkeep\n|turn|6\n|\n|t:|1739830664\n|move|p1b: Dondozo|Protect|p1b: Dondozo\n|-singleturn|p1b: Dondozo|Protect\n|move|p2a: Chi-Yu|Dark Pulse|p1b: Dondozo\n|-activate|p1b: Dondozo|move: Protect\n|move|p2b: Brute Bonnet|Spore|p1b: Dondozo\n|-activate|p1b: Dondozo|move: Protect\n|\n|-heal|p1b: Dondozo|58\/100|[from] item: Leftovers\n|upkeep\n|turn|7\n|\n|t:|1739830677\n|switch|p2a: Groudon|Groudon, L50|71\/100\n|-weather|SunnyDay|[from] ability: Drought|[of] p2a: Groudon\n|-activate|p2b: Brute Bonnet|ability: Protosynthesis\n|-start|p2b: Brute Bonnet|protosynthesisdef\n|move|p1b: Dondozo|Wave Crash|p2a: Groudon\n|-supereffective|p2a: Groudon\n|-damage|p2a: Groudon|0 fnt\n|faint|p2a: Groudon\n|-damage|p1b: Dondozo|38\/100|[from] Recoil\n|move|p2b: Brute Bonnet|Spore|p1b: Dondozo\n|-status|p1b: Dondozo|slp|[from] move: Spore\n|\n|-weather|SunnyDay|[upkeep]\n|-heal|p1b: Dondozo|44\/100 slp|[from] item: Leftovers\n|upkeep\n|\n|t:|1739830681\n|switch|p2a: Chi-Yu|Chi-Yu, L50|100\/100\n|-ability|p2a: Chi-Yu|Beads of Ruin\n|turn|8\n|\n|t:|1739830700\n|cant|p1b: Dondozo|slp\n|move|p2a: Chi-Yu|Dark Pulse|p1b: Dondozo\n|-damage|p1b: Dondozo|16\/100 slp\n|move|p2b: Brute Bonnet|Seed Bomb|p1b: Dondozo\n|-supereffective|p1b: Dondozo\n|-damage|p1b: Dondozo|0 fnt\n|faint|p1b: Dondozo\n|\n|-weather|SunnyDay|[upkeep]\n|upkeep\n|\n|t:|1739830719\n|switch|p1b: Miraidon|Miraidon, L50, tera:Fairy|24\/100\n|-fieldstart|move: Electric Terrain|[from] ability: Hadron Engine|[of] p1b: Miraidon\n|turn|9\n|\n|t:|1739830730\n|move|p2a: Chi-Yu|Dark Pulse|p1a: Tatsugiri\n|-damage|p1a: Tatsugiri|19\/100\n|cant|p1a: Tatsugiri|flinch\n|move|p1b: Miraidon|Dazzling Gleam|p2b: Brute Bonnet|[spread] p2a,p2b\n|-supereffective|p2b: Brute Bonnet\n|-damage|p2a: Chi-Yu|55\/100\n|-damage|p2b: Brute Bonnet|0 fnt\n|faint|p2b: Brute Bonnet\n|-end|p2b: Brute Bonnet|Protosynthesis|[silent]\n|\n|-weather|SunnyDay|[upkeep]\n|upkeep\n|turn|10\n|-message|chappell murkroan forfeited.\n|\n|win|Clerk Barbaracle\n|raw|Clerk Barbaracle's rating: 1516 &rarr; <strong>1546<\/strong><br \/>(+30 for winning)\n|raw|chappell murkroan's rating: 1700 &rarr; <strong>1670<\/strong><br \/>(-30 for losing)\n|l|\u2606chappell murkroan\n|player|p2|\n","uploadtime":1739830746,"views":5,"formatid":"gen9vgc2025regg","rating":1546,"private":0,"password":null}