{"id":"gen9vgc2025regg-2302795695","format":"[Gen 9] VGC 2025 Reg G","players":["stbai","Spottedwoot"],"log":"|j|\u2606stbai\n|j|\u2606Spottedwoot\n|t:|1739839110\n|gametype|doubles\n|player|p1|stbai|janitor|1574\n|player|p2|Spottedwoot|170|1674\n|teamsize|p1|6\n|teamsize|p2|6\n|gen|9\n|tier|[Gen 9] VGC 2025 Reg G\n|rated|\n|rule|Species Clause: Limit one of each Pok\u00e9mon\n|rule|Item Clause: Limit 1 of each item\n|clearpoke\n|poke|p1|Tatsugiri, L50, F|\n|poke|p1|Terapagos, L50, M|\n|poke|p1|Latios, L50, M|\n|poke|p1|Entei, L50|\n|poke|p1|Torterra, L50, F|\n|poke|p1|Dondozo, L50, M|\n|poke|p2|Zamazenta-*, L50|\n|poke|p2|Chien-Pao, L50|\n|poke|p2|Entei, L50|\n|poke|p2|Raging Bolt, L50|\n|poke|p2|Rillaboom, L50, F|\n|poke|p2|Farigiraf, L50, F|\n|teampreview|4\n|inactive|Battle timer is ON: inactive players will automatically lose when time's up. (requested by stbai)\n|\n|t:|1739839126\n|start\n|switch|p1a: hue|Entei, L50|100\/100\n|switch|p1b: soup|Dondozo, L50, M|100\/100\n|switch|p2a: Zamazenta|Zamazenta-Crowned, L50|100\/100\n|switch|p2b: Chien-Pao|Chien-Pao, L50|100\/100\n|-ability|p2b: Chien-Pao|Sword of Ruin\n|-ability|p2a: Zamazenta|Dauntless Shield|boost\n|-boost|p2a: Zamazenta|def|1\n|turn|1\n|\n|t:|1739839140\n|move|p2b: Chien-Pao|Sacred Sword|p1a: hue\n|-damage|p1a: hue|60\/100\n|move|p2a: Zamazenta|Body Press|p1a: hue\n|-damage|p1a: hue|0 fnt\n|faint|p1a: hue\n|move|p1b: soup|Substitute|p1b: soup\n|-start|p1b: soup|Substitute\n|-damage|p1b: soup|75\/100\n|\n|-heal|p1b: soup|82\/100|[from] item: Leftovers\n|upkeep\n|\n|t:|1739839144\n|switch|p1a: wryyyy|Terapagos, L50, M|100\/100\n|-activate|p1a: wryyyy|ability: Tera Shift\n|detailschange|p1a: wryyyy|Terapagos-Terastal, L50, M\n|-heal|p1a: wryyyy|100\/100|[silent]\n|turn|2\n|j| txmeout\n|\n|t:|1739839156\n|switch|p1a: brb|Tatsugiri, L50, F|100\/100\n|-activate|p1a: brb|ability: Commander|[of] p1b: soup\n|-boost|p1b: soup|atk|2\n|-boost|p1b: soup|spa|2\n|-boost|p1b: soup|spe|2\n|-boost|p1b: soup|def|2\n|-boost|p1b: soup|spd|2\n|move|p2b: Chien-Pao|Sacred Sword|p1a: brb|[miss]\n|-miss|p2b: Chien-Pao|p1a: brb\n|move|p2a: Zamazenta|Body Press|p1b: soup\n|-activate|p1b: soup|move: Substitute|[damage]\n|move|p1b: soup|Order Up|p2b: Chien-Pao\n|-damage|p2b: Chien-Pao|36\/100\n|-boost|p1b: soup|atk|1\n|\n|-heal|p1b: soup|88\/100|[from] item: Leftovers\n|upkeep\n|turn|3\n|\n|t:|1739839168\n|move|p2b: Chien-Pao|Sacred Sword|p1b: soup\n|-end|p1b: soup|Substitute\n|move|p2a: Zamazenta|Body Press|p1b: soup\n|-damage|p1b: soup|66\/100\n|move|p1b: soup|Earthquake|p2a: Zamazenta|[spread] p2a,p2b\n|-miss|p1b: soup|p1a: brb\n|-supereffective|p2a: Zamazenta\n|-damage|p2a: Zamazenta|3\/100\n|-damage|p2b: Chien-Pao|0 fnt\n|faint|p2b: Chien-Pao\n|\n|-heal|p1b: soup|72\/100|[from] item: Leftovers\n|upkeep\n|\n|t:|1739839171\n|switch|p2b: Raging Bolt|Raging Bolt, L50|100\/100\n|-enditem|p2b: Raging Bolt|Booster Energy\n|-activate|p2b: Raging Bolt|ability: Protosynthesis|[fromitem]\n|-start|p2b: Raging Bolt|protosynthesisspa\n|turn|4\n|\n|t:|1739839175\n|-terastallize|p2b: Raging Bolt|Electric\n|move|p1b: soup|Protect|p1b: soup\n|-singleturn|p1b: soup|Protect\n|move|p2a: Zamazenta|Wide Guard|p2a: Zamazenta\n|-singleturn|p2a: Zamazenta|Wide Guard\n|move|p2b: Raging Bolt|Thunderbolt|p1b: soup\n|-activate|p1b: soup|move: Protect\n|\n|-heal|p1b: soup|78\/100|[from] item: Leftovers\n|upkeep\n|turn|5\n|\n|t:|1739839182\n|-terastallize|p1b: soup|Dragon\n|move|p2a: Zamazenta|Wide Guard|p2a: Zamazenta\n|-singleturn|p2a: Zamazenta|Wide Guard\n|move|p1b: soup|Order Up|p2b: Raging Bolt\n|-damage|p2b: Raging Bolt|25\/100\n|-boost|p1b: soup|atk|1\n|move|p2b: Raging Bolt|Thunderbolt|p1b: soup\n|-resisted|p1b: soup\n|-damage|p1b: soup|56\/100\n|\n|-heal|p1b: soup|62\/100|[from] item: Leftovers\n|upkeep\n|turn|6\n|\n|t:|1739839192\n|move|p1b: soup|Protect|p1b: soup\n|-singleturn|p1b: soup|Protect\n|move|p2b: Raging Bolt|Protect|p2b: Raging Bolt\n|-singleturn|p2b: Raging Bolt|Protect\n|move|p2a: Zamazenta|Body Press|p1b: soup\n|-activate|p1b: soup|move: Protect\n|\n|-heal|p1b: soup|68\/100|[from] item: Leftovers\n|upkeep\n|turn|7\n|\n|t:|1739839197\n|move|p2b: Raging Bolt|Protect|p2b: Raging Bolt\n|-singleturn|p2b: Raging Bolt|Protect\n|move|p2a: Zamazenta|Body Press|p1b: soup\n|-damage|p1b: soup|53\/100\n|move|p1b: soup|Order Up|p2b: Raging Bolt\n|-activate|p2b: Raging Bolt|move: Protect\n|\n|-heal|p1b: soup|59\/100|[from] item: Leftovers\n|upkeep\n|turn|8\n|j| futonkagebunshin\n|\n|t:|1739839208\n|move|p2b: Raging Bolt|Thunderclap|p1b: soup\n|-resisted|p1b: soup\n|-damage|p1b: soup|42\/100\n|move|p2a: Zamazenta|Body Press|p1b: soup\n|-damage|p1b: soup|26\/100\n|move|p1b: soup|Order Up|p2b: Raging Bolt\n|-damage|p2b: Raging Bolt|0 fnt\n|faint|p2b: Raging Bolt\n|-end|p2b: Raging Bolt|Protosynthesis|[silent]\n|-boost|p1b: soup|atk|1\n|\n|-heal|p1b: soup|32\/100|[from] item: Leftovers\n|upkeep\n|\n|t:|1739839211\n|switch|p2b: Entei|Entei, L50|100\/100\n|turn|9\n|\n|t:|1739839216\n|move|p1b: soup|Protect|p1b: soup\n|-singleturn|p1b: soup|Protect\n|move|p2b: Entei|Extreme Speed|p1b: soup\n|-activate|p1b: soup|move: Protect\n|move|p2a: Zamazenta|Body Press|p1b: soup\n|-activate|p1b: soup|move: Protect\n|\n|-heal|p1b: soup|38\/100|[from] item: Leftovers\n|upkeep\n|turn|10\n|\n|t:|1739839227\n|move|p2b: Entei|Extreme Speed|p1b: soup\n|-damage|p1b: soup|27\/100\n|-damage|p2b: Entei|91\/100|[from] item: Life Orb\n|move|p2a: Zamazenta|Body Press|p1b: soup\n|-damage|p1b: soup|13\/100\n|move|p1b: soup|Order Up|p2a: Zamazenta\n|-resisted|p2a: Zamazenta\n|-damage|p2a: Zamazenta|0 fnt\n|faint|p2a: Zamazenta\n|-boost|p1b: soup|atk|1\n|\n|-heal|p1b: soup|19\/100|[from] item: Leftovers\n|upkeep\n|turn|11\n|c| txmeout|that tatsugiri and donbozo op ;-;\n|\n|t:|1739839233\n|move|p1b: soup|Protect|p1b: soup\n|-singleturn|p1b: soup|Protect\n|move|p2b: Entei|Extreme Speed|p1b: soup\n|-activate|p1b: soup|move: Protect\n|\n|-heal|p1b: soup|25\/100|[from] item: Leftovers\n|upkeep\n|turn|12\n|-message|Spottedwoot forfeited.\n|\n|win|stbai\n|raw|stbai's rating: 1574 &rarr; <strong>1600<\/strong><br \/>(+26 for winning)\n|raw|Spottedwoot's rating: 1674 &rarr; <strong>1648<\/strong><br \/>(-26 for losing)\n","uploadtime":1739839238,"views":34,"formatid":"gen9vgc2025regg","rating":1600,"private":0,"password":null}