{"id":"gen9vgc2025regg-2302227354","format":"[Gen 9] VGC 2025 Reg G","players":["BellmanTGM","Sarfy"],"log":"|j|\u2606BellmanTGM\n|j|\u2606Sarfy\n|t:|1739762995\n|gametype|doubles\n|player|p1|BellmanTGM|pokefan-gen4|1679\n|player|p2|Sarfy|adaman|1615\n|teamsize|p1|6\n|teamsize|p2|6\n|gen|9\n|tier|[Gen 9] VGC 2025 Reg G\n|rated|\n|rule|Species Clause: Limit one of each Pok\u00e9mon\n|rule|Item Clause: Limit 1 of each item\n|clearpoke\n|poke|p1|Terapagos, L50, M|\n|poke|p1|Indeedee-F, L50, F|\n|poke|p1|Ogerpon-Cornerstone, L50, F|\n|poke|p1|Urshifu-*, L50, M|\n|poke|p1|Tornadus, L50, M|\n|poke|p1|Hariyama, L50, M|\n|poke|p2|Zacian-*, L50|\n|poke|p2|Ditto, L50|\n|poke|p2|Gothitelle, L50, F|\n|poke|p2|Dragonite, L50, M|\n|poke|p2|Chien-Pao, L50|\n|poke|p2|Pelipper, L50, F|\n|teampreview|4\n|inactive|Battle timer is ON: inactive players will automatically lose when time's up. (requested by BellmanTGM)\n|inactive|BellmanTGM has 60 seconds left.\n|inactive|Sarfy has 60 seconds left.\n|j| God of restricted\n|inactive|Sarfy has 30 seconds left.\n|inactive|Sarfy has 20 seconds left.\n|inactive|Sarfy has 15 seconds left.\n|inactive|Sarfy has 10 seconds left.\n|inactive|Sarfy has 5 seconds left.\n|\n|t:|1739763083\n|start\n|switch|p1a: Terapagos|Terapagos, L50, M|100\/100\n|switch|p1b: Indeedee|Indeedee-F, L50, F|100\/100\n|switch|p2a: Gothitelle|Gothitelle, L50, F|100\/100\n|switch|p2b: Zacian|Zacian-Crowned, L50|100\/100\n|-activate|p1a: Terapagos|ability: Tera Shift\n|detailschange|p1a: Terapagos|Terapagos-Terastal, L50, M\n|-heal|p1a: Terapagos|100\/100|[silent]\n|-ability|p2b: Zacian|Intrepid Sword|boost\n|-boost|p2b: Zacian|atk|1\n|-fieldstart|move: Psychic Terrain|[from] ability: Psychic Surge|[of] p1b: Indeedee\n|-enditem|p1b: Indeedee|Psychic Seed\n|-boost|p1b: Indeedee|spd|1|[from] item: Psychic Seed\n|turn|1\n|\n|t:|1739763107\n|-terastallize|p1a: Terapagos|Stellar\n|detailschange|p1a: Terapagos|Terapagos-Stellar, L50, M, tera:Stellar\n|-heal|p1a: Terapagos|100\/100|[silent]\n|-ability|p1a: Terapagos|Teraform Zero\n|-fieldend|move: Psychic Terrain\n|move|p1b: Indeedee|Fake Out|p2b: Zacian\n|-resisted|p2b: Zacian\n|-damage|p2b: Zacian|97\/100\n|cant|p2b: Zacian|flinch\n|move|p1a: Terapagos|Tera Starstorm|p2a: Gothitelle|[spread] p2a,p2b\n|-damage|p2a: Gothitelle|56\/100\n|-damage|p2b: Zacian|43\/100\n|move|p2a: Gothitelle|Taunt|p1b: Indeedee\n|-start|p1b: Indeedee|move: Taunt\n|\n|upkeep\n|turn|2\n|inactive|BellmanTGM has 30 seconds left.\n|\n|t:|1739763134\n|-terastallize|p2b: Zacian|Stellar\n|move|p2a: Gothitelle|Helping Hand|p2b: Zacian\n|-singleturn|p2b: Zacian|Helping Hand|[of] p2a: Gothitelle\n|move|p2b: Zacian|Sacred Sword|p1a: Terapagos\n|-supereffective|p1a: Terapagos\n|-damage|p1a: Terapagos|0 fnt\n|faint|p1a: Terapagos\n|move|p1b: Indeedee|Psychic|p2a: Gothitelle\n|-resisted|p2a: Gothitelle\n|-damage|p2a: Gothitelle|44\/100\n|\n|upkeep\n|\n|t:|1739763143\n|switch|p1a: Urshifu|Urshifu-Rapid-Strike, L50, M|100\/100\n|turn|3\n|j| falcon108\n|inactive|Sarfy has 30 seconds left.\n|\n|t:|1739763174\n|switch|p2b: Pelipper|Pelipper, L50, F|100\/100\n|-weather|RainDance|[from] ability: Drizzle|[of] p2b: Pelipper\n|move|p1a: Urshifu|Surging Strikes|p2a: Gothitelle\n|-crit|p2a: Gothitelle\n|-damage|p2a: Gothitelle|16\/100\n|-damage|p1a: Urshifu|84\/100|[from] item: Rocky Helmet|[of] p2a: Gothitelle\n|-crit|p2a: Gothitelle\n|-damage|p2a: Gothitelle|0 fnt\n|-damage|p1a: Urshifu|67\/100|[from] item: Rocky Helmet|[of] p2a: Gothitelle\n|faint|p2a: Gothitelle\n|-hitcount|p2: Gothitelle|2\n|move|p1b: Indeedee|Psychic|p2b: Pelipper\n|-damage|p2b: Pelipper|51\/100\n|\n|-weather|RainDance|[upkeep]\n|upkeep\n|\n|t:|1739763181\n|switch|p2a: Zacian|Zacian-Crowned, L50, tera:Stellar|43\/100\n|turn|4\n|inactive|Sarfy has 30 seconds left.\n|j| Reverie Jr.\n|inactive|Sarfy has 20 seconds left.\n|\n|t:|1739763216\n|move|p1a: Urshifu|Detect|p1a: Urshifu\n|-singleturn|p1a: Urshifu|Protect\n|move|p2a: Zacian|Play Rough|p1a: Urshifu\n|-activate|p1a: Urshifu|move: Protect\n|move|p2b: Pelipper|Tailwind|p2b: Pelipper\n|-sidestart|p2: Sarfy|move: Tailwind\n|move|p1b: Indeedee|Psychic|p2b: Pelipper\n|-damage|p2b: Pelipper|3\/100\n|\n|-weather|RainDance|[upkeep]\n|-end|p1b: Indeedee|move: Taunt\n|upkeep\n|turn|5\n|\n|t:|1739763235\n|move|p1b: Indeedee|Follow Me|p1b: Indeedee\n|-singleturn|p1b: Indeedee|move: Follow Me\n|move|p2a: Zacian|Behemoth Blade|p1b: Indeedee\n|-damage|p1b: Indeedee|33\/100\n|move|p2b: Pelipper|Hurricane|p1b: Indeedee\n|-damage|p1b: Indeedee|0 fnt\n|faint|p1b: Indeedee\n|move|p1a: Urshifu|Surging Strikes|p2a: Zacian\n|-crit|p2a: Zacian\n|-damage|p2a: Zacian|15\/100\n|-crit|p2a: Zacian\n|-damage|p2a: Zacian|0 fnt\n|faint|p2a: Zacian\n|-hitcount|p2: Zacian|2\n|\n|-weather|RainDance|[upkeep]\n|upkeep\n|\n|t:|1739763246\n|switch|p2a: Chien-Pao|Chien-Pao, L50|100\/100\n|switch|p1b: Ogerpon|Ogerpon-Cornerstone, L50, F|100\/100\n|-ability|p2a: Chien-Pao|Sword of Ruin\n|turn|6\n|inactive|Sarfy has 30 seconds left.\n|\n|t:|1739763280\n|move|p1a: Urshifu|Aqua Jet|p2b: Pelipper\n|-resisted|p2b: Pelipper\n|-damage|p2b: Pelipper|0 fnt\n|faint|p2b: Pelipper\n|move|p2a: Chien-Pao|Ice Spinner|p1b: Ogerpon\n|-supereffective|p1b: Ogerpon\n|-ability|p1b: Ogerpon|Sturdy\n|-damage|p1b: Ogerpon|1\/100\n|move|p1b: Ogerpon|Ivy Cudgel|p2a: Chien-Pao|[anim] Ivy Cudgel Rock\n|-supereffective|p2a: Chien-Pao\n|-enditem|p2a: Chien-Pao|Focus Sash\n|-damage|p2a: Chien-Pao|1\/100\n|\n|-weather|RainDance|[upkeep]\n|upkeep\n|turn|7\n|\n|t:|1739763293\n|move|p1a: Urshifu|Aqua Jet|p2a: Chien-Pao\n|-damage|p2a: Chien-Pao|0 fnt\n|faint|p2a: Chien-Pao\n|\n|win|BellmanTGM\n|raw|BellmanTGM's rating: 1679 &rarr; <strong>1695<\/strong><br \/>(+16 for winning)\n|raw|Sarfy's rating: 1615 &rarr; <strong>1599<\/strong><br \/>(-16 for losing)\n|l|\u2606BellmanTGM\n|player|p1|\n|l|\u2606Sarfy\n|player|p2|\n|l| falcon108\n|l| God of restricted\n|l| Reverie Jr.\n","uploadtime":1739763512,"views":5,"formatid":"gen9vgc2025regg","rating":1599,"private":0,"password":null}