{"id":"gen9vgc2025regg-2302725625","format":"[Gen 9] VGC 2025 Reg G","players":["play3r35","nickfanta"],"log":"|j|\u2606play3r35\n|j|\u2606nickfanta\n|t:|1739830789\n|gametype|doubles\n|player|p1|play3r35|caitlin|1624\n|player|p2|nickfanta|lucas|1592\n|teamsize|p1|6\n|teamsize|p2|6\n|gen|9\n|tier|[Gen 9] VGC 2025 Reg G\n|rated|\n|rule|Species Clause: Limit one of each Pok\u00e9mon\n|rule|Item Clause: Limit 1 of each item\n|clearpoke\n|poke|p1|Terapagos, L50, M|\n|poke|p1|Amoonguss, L50, F|\n|poke|p1|Urshifu-*, L50, M|\n|poke|p1|Whimsicott, L50, M|\n|poke|p1|Chi-Yu, L50|\n|poke|p1|Munkidori, L50, M|\n|poke|p2|Calyrex-Shadow, L50|\n|poke|p2|Incineroar, L50, M|\n|poke|p2|Urshifu-*, L50, M|\n|poke|p2|Amoonguss, L50, F|\n|poke|p2|Raging Bolt, L50|\n|poke|p2|Flutter Mane, L50|\n|teampreview|4\n|inactive|Battle timer is ON: inactive players will automatically lose when time's up. (requested by play3r35)\n|inactive|nickfanta has 60 seconds left.\n|inactive|nickfanta has 30 seconds left.\n|\n|t:|1739830851\n|start\n|switch|p1a: Chi-Yu|Chi-Yu, L50|100\/100\n|switch|p1b: Munkidori|Munkidori, L50, M|100\/100\n|switch|p2a: Flutter Mane|Flutter Mane, L50|100\/100\n|switch|p2b: Raging Bolt|Raging Bolt, L50|100\/100\n|-item|p2a: Flutter Mane|Booster Energy|[from] ability: Frisk|[of] p1b: Munkidori\n|-item|p2b: Raging Bolt|Assault Vest|[from] ability: Frisk|[of] p1b: Munkidori\n|-ability|p1a: Chi-Yu|Beads of Ruin\n|-enditem|p2a: Flutter Mane|Booster Energy\n|-activate|p2a: Flutter Mane|ability: Protosynthesis|[fromitem]\n|-start|p2a: Flutter Mane|protosynthesisspe\n|turn|1\n|inactive|nickfanta has 30 seconds left.\n|inactive|nickfanta has 20 seconds left.\n|inactive|nickfanta has 15 seconds left.\n|inactive|nickfanta has 10 seconds left.\n|\n|t:|1739830901\n|move|p1b: Munkidori|Fake Out|p2b: Raging Bolt\n|-damage|p2b: Raging Bolt|94\/100\n|move|p2a: Flutter Mane|Icy Wind|p1b: Munkidori|[spread] p1a,p1b\n|-resisted|p1a: Chi-Yu\n|-damage|p1a: Chi-Yu|92\/100\n|-damage|p1b: Munkidori|86\/100\n|-unboost|p1b: Munkidori|spe|1\n|move|p1a: Chi-Yu|Snarl|p2a: Flutter Mane|[spread] p2a,p2b\n|-damage|p2a: Flutter Mane|72\/100\n|-damage|p2b: Raging Bolt|77\/100\n|-unboost|p2a: Flutter Mane|spa|1\n|-unboost|p2b: Raging Bolt|spa|1\n|cant|p2b: Raging Bolt|flinch\n|\n|upkeep\n|turn|2\n|inactive|play3r35 has 30 seconds left.\n|\n|t:|1739830926\n|move|p1a: Chi-Yu|Protect|p1a: Chi-Yu\n|-singleturn|p1a: Chi-Yu|Protect\n|move|p2a: Flutter Mane|Thunder Wave|p1a: Chi-Yu\n|-activate|p1a: Chi-Yu|move: Protect\n|move|p1b: Munkidori|Acid Spray|p2b: Raging Bolt\n|-damage|p2b: Raging Bolt|63\/100\n|-unboost|p2b: Raging Bolt|spd|2\n|move|p2b: Raging Bolt|Snarl|p1b: Munkidori|[spread] p1b\n|-activate|p1a: Chi-Yu|move: Protect\n|-supereffective|p1b: Munkidori\n|-damage|p1b: Munkidori|63\/100\n|-unboost|p1b: Munkidori|spa|1\n|\n|upkeep\n|turn|3\n|inactive|nickfanta has 30 seconds left.\n|\n|t:|1739830957\n|-end|p2b: Raging Bolt|Protosynthesis|[silent]\n|switch|p2b: Urshifu|Urshifu-Rapid-Strike, L50, M|100\/100\n|move|p2a: Flutter Mane|Thunder Wave|p1a: Chi-Yu\n|-status|p1a: Chi-Yu|par\n|move|p1b: Munkidori|Sludge Bomb|p2a: Flutter Mane\n|-damage|p2a: Flutter Mane|26\/100\n|-status|p2a: Flutter Mane|psn\n|cant|p1a: Chi-Yu|par\n|\n|-damage|p2a: Flutter Mane|13\/100 psn|[from] psn\n|upkeep\n|turn|4\n|inactive|nickfanta has 30 seconds left.\n|\n|t:|1739830986\n|switch|p1a: Whimsicott|Whimsicott, L50, M|100\/100\n|move|p2a: Flutter Mane|Thunder Wave|p1a: Whimsicott\n|-status|p1a: Whimsicott|par\n|move|p2b: Urshifu|Surging Strikes|p1b: Munkidori\n|-crit|p1b: Munkidori\n|-damage|p1b: Munkidori|11\/100\n|-crit|p1b: Munkidori\n|-damage|p1b: Munkidori|0 fnt\n|faint|p1b: Munkidori\n|-hitcount|p1: Munkidori|2\n|\n|-damage|p2a: Flutter Mane|1\/100 psn|[from] psn\n|upkeep\n|\n|t:|1739830994\n|switch|p1b: Terapagos|Terapagos, L50, M|100\/100\n|-activate|p1b: Terapagos|ability: Tera Shift\n|detailschange|p1b: Terapagos|Terapagos-Terastal, L50, M\n|-heal|p1b: Terapagos|100\/100|[silent]\n|turn|5\n|inactive|nickfanta has 30 seconds left.\n|\n|t:|1739831027\n|move|p1a: Whimsicott|Tailwind|p1a: Whimsicott\n|-sidestart|p1: play3r35|move: Tailwind\n|move|p2a: Flutter Mane|Thunder Wave|p1b: Terapagos\n|-status|p1b: Terapagos|par\n|move|p2b: Urshifu|Surging Strikes|p1b: Terapagos\n|-activate|p1b: Terapagos|ability: Tera Shell\n|-resisted|p1b: Terapagos\n|-crit|p1b: Terapagos\n|-damage|p1b: Terapagos|85\/100 par\n|-resisted|p1b: Terapagos\n|-crit|p1b: Terapagos\n|-damage|p1b: Terapagos|70\/100 par\n|-resisted|p1b: Terapagos\n|-crit|p1b: Terapagos\n|-damage|p1b: Terapagos|55\/100 par\n|-hitcount|p1b: Terapagos|3\n|move|p1b: Terapagos|Tera Starstorm|p2b: Urshifu\n|-damage|p2b: Urshifu|0 fnt\n|faint|p2b: Urshifu\n|\n|-damage|p2a: Flutter Mane|0 fnt|[from] psn\n|faint|p2a: Flutter Mane\n|-end|p2a: Flutter Mane|Protosynthesis|[silent]\n|upkeep\n|\n|t:|1739831045\n|switch|p2a: Calyrex|Calyrex-Shadow, L50|100\/100\n|switch|p2b: Raging Bolt|Raging Bolt, L50|63\/100\n|-ability|p2a: Calyrex|As One\n|-ability|p2a: Calyrex|Unnerve\n|turn|6\n|\n|t:|1739831061\n|switch|p1b: Chi-Yu|Chi-Yu, L50|92\/100 par\n|-ability|p1b: Chi-Yu|Beads of Ruin\n|-terastallize|p2a: Calyrex|Fighting\n|-terastallize|p1a: Whimsicott|Fairy\n|move|p2a: Calyrex|Tera Blast|p1b: Chi-Yu|[anim] Tera Blast Fighting\n|-supereffective|p1b: Chi-Yu\n|-damage|p1b: Chi-Yu|0 fnt\n|faint|p1b: Chi-Yu\n|-ability|p2a: Calyrex|Grim Neigh|boost\n|-boost|p2a: Calyrex|spa|1\n|cant|p1a: Whimsicott|par\n|move|p2b: Raging Bolt|Snarl|p1a: Whimsicott\n|-resisted|p1a: Whimsicott\n|-damage|p1a: Whimsicott|84\/100 par\n|-unboost|p1a: Whimsicott|spa|1\n|\n|upkeep\n|\n|t:|1739831074\n|switch|p1b: Terapagos|Terapagos-Terastal, L50, M|55\/100 par\n|turn|7\n|\n|t:|1739831083\n|move|p2a: Calyrex|Psychic|p1a: Whimsicott\n|-damage|p1a: Whimsicott|0 fnt\n|faint|p1a: Whimsicott\n|-ability|p2a: Calyrex|Grim Neigh|boost\n|-boost|p2a: Calyrex|spa|1\n|move|p1b: Terapagos|Tera Starstorm|p2a: Calyrex\n|-damage|p2a: Calyrex|19\/100\n|move|p2b: Raging Bolt|Snarl|p1b: Terapagos\n|-damage|p1b: Terapagos|35\/100 par\n|-unboost|p1b: Terapagos|spa|1\n|\n|upkeep\n|turn|8\n|-message|play3r35 forfeited.\n|\n|win|nickfanta\n|raw|play3r35's rating: 1624 &rarr; <strong>1602<\/strong><br \/>(-22 for losing)\n|raw|nickfanta's rating: 1592 &rarr; <strong>1614<\/strong><br \/>(+22 for winning)\n|l|\u2606play3r35\n|player|p1|\n|l|\u2606nickfanta\n|player|p2|\n","uploadtime":1739831316,"views":5,"formatid":"gen9vgc2025regg","rating":1602,"private":0,"password":null}