{"id":"gen9vgc2025regg-2302369900","format":"[Gen 9] VGC 2025 Reg G","players":["webguy1974","longhq"],"log":"|j|\u2606webguy1974\n|j|\u203dlonghq\n|t:|1739788465\n|gametype|doubles\n|player|p1|webguy1974|170|1536\n|player|p2|longhq|dawn|1655\n|teamsize|p1|6\n|teamsize|p2|6\n|gen|9\n|tier|[Gen 9] VGC 2025 Reg G\n|rated|\n|rule|Species Clause: Limit one of each Pok\u00e9mon\n|rule|Item Clause: Limit 1 of each item\n|clearpoke\n|poke|p1|Calyrex-Shadow, L50|\n|poke|p1|Dondozo, L50, M|\n|poke|p1|Tatsugiri, L50, F|\n|poke|p1|Mienshao, L50, F|\n|poke|p1|Indeedee-F, L50, F|\n|poke|p1|Weezing-Galar, L50, M|\n|poke|p2|Raging Bolt, L50|\n|poke|p2|Koraidon, L50|\n|poke|p2|Jumpluff, L50, M|\n|poke|p2|Iron Bundle, L50|\n|poke|p2|Volcarona, L50, F|\n|poke|p2|Rillaboom, L50, F|\n|teampreview|4\n|inactive|Battle timer is ON: inactive players will automatically lose when time's up. (requested by webguy1974)\n|inactive|webguy1974 has 60 seconds left.\n|inactive|longhq has 60 seconds left.\n|inactive|webguy1974 has 30 seconds left.\n|inactive|webguy1974 has 20 seconds left.\n|inactive|webguy1974 has 15 seconds left.\n|inactive|webguy1974 has 10 seconds left.\n|inactive|webguy1974 has 5 seconds left.\n|\n|t:|1739788555\n|start\n|switch|p1a: \u552f\u4e00\u8d85\u6a21|Calyrex-Shadow, L50|100\/100\n|switch|p1b: \u8def\u706f\u6302\u4ef6|Weezing-Galar, L50, M|100\/100\n|switch|p2a: Iron Bundle|Iron Bundle, L50|100\/100\n|switch|p2b: Jumpluff|Jumpluff, L50, M|100\/100\n|-ability|p1b: \u8def\u706f\u6302\u4ef6|Neutralizing Gas\n|-ability|p1a: \u552f\u4e00\u8d85\u6a21|As One\n|-ability|p1a: \u552f\u4e00\u8d85\u6a21|Unnerve\n|turn|1\n|inactive|longhq has 30 seconds left.\n|\n|t:|1739788580\n|-terastallize|p1a: \u552f\u4e00\u8d85\u6a21|Ghost\n|-terastallize|p2a: Iron Bundle|Normal\n|move|p1a: \u552f\u4e00\u8d85\u6a21|Astral Barrage|p2b: Jumpluff|[spread] p2b\n|-immune|p2a: Iron Bundle\n|-enditem|p2b: Jumpluff|Focus Sash\n|-damage|p2b: Jumpluff|1\/100\n|move|p2a: Iron Bundle|Taunt|p1b: \u8def\u706f\u6302\u4ef6\n|-start|p1b: \u8def\u706f\u6302\u4ef6|move: Taunt\n|-enditem|p1b: \u8def\u706f\u6302\u4ef6|Mental Herb\n|-end|p1b: \u8def\u706f\u6302\u4ef6|move: Taunt\n|move|p2b: Jumpluff|Tailwind|p2b: Jumpluff\n|-sidestart|p2: longhq|move: Tailwind\n|move|p1b: \u8def\u706f\u6302\u4ef6|Toxic Spikes|p2a: Iron Bundle\n|-sidestart|p2: longhq|move: Toxic Spikes\n|\n|upkeep\n|turn|2\n|inactive|webguy1974 has 30 seconds left.\n|inactive|longhq has 30 seconds left.\n|\n|t:|1739788609\n|switch|p1a: \u4f60\u6ca1\u4e8b\u5427|Dondozo, L50, M, shiny|100\/100\n|move|p2a: Iron Bundle|Taunt|p1b: \u8def\u706f\u6302\u4ef6\n|-start|p1b: \u8def\u706f\u6302\u4ef6|move: Taunt\n|move|p2b: Jumpluff|Sleep Powder|p1a: \u4f60\u6ca1\u4e8b\u5427\n|-status|p1a: \u4f60\u6ca1\u4e8b\u5427|slp|[from] move: Sleep Powder\n|move|p1b: \u8def\u706f\u6302\u4ef6|Heat Wave|p2a: Iron Bundle|[spread] p2a,p2b\n|-supereffective|p2b: Jumpluff\n|-damage|p2a: Iron Bundle|78\/100\n|-damage|p2b: Jumpluff|0 fnt\n|faint|p2b: Jumpluff\n|\n|upkeep\n|\n|t:|1739788632\n|switch|p2b: Rillaboom|Rillaboom, L50, F|100\/100\n|-status|p2b: Rillaboom|psn\n|turn|3\n|inactive|webguy1974 has 30 seconds left.\n|\n|t:|1739788664\n|-end|p1b: \u8def\u706f\u6302\u4ef6|ability: Neutralizing Gas\n|-fieldstart|move: Grassy Terrain|[from] ability: Grassy Surge|[of] p2b: Rillaboom\n|switch|p1b: \u4f60\u6ca1\u4e8b\u5417|Tatsugiri, L50, F, shiny|100\/100\n|-enditem|p2a: Iron Bundle|Booster Energy\n|-activate|p2a: Iron Bundle|ability: Quark Drive|[fromitem]\n|-start|p2a: Iron Bundle|quarkdrivespe\n|-activate|p1b: \u4f60\u6ca1\u4e8b\u5417|ability: Commander|[of] p1a: \u4f60\u6ca1\u4e8b\u5427\n|-boost|p1a: \u4f60\u6ca1\u4e8b\u5427|atk|2\n|-boost|p1a: \u4f60\u6ca1\u4e8b\u5427|spa|2\n|-boost|p1a: \u4f60\u6ca1\u4e8b\u5427|spe|2\n|-boost|p1a: \u4f60\u6ca1\u4e8b\u5427|def|2\n|-boost|p1a: \u4f60\u6ca1\u4e8b\u5427|spd|2\n|move|p2a: Iron Bundle|Freeze-Dry|p1a: \u4f60\u6ca1\u4e8b\u5427\n|-supereffective|p1a: \u4f60\u6ca1\u4e8b\u5427\n|-damage|p1a: \u4f60\u6ca1\u4e8b\u5427|76\/100 slp\n|move|p2b: Rillaboom|Wood Hammer|p1a: \u4f60\u6ca1\u4e8b\u5427\n|-supereffective|p1a: \u4f60\u6ca1\u4e8b\u5427\n|-damage|p1a: \u4f60\u6ca1\u4e8b\u5427|32\/100 slp\n|-damage|p2b: Rillaboom|83\/100 psn|[from] Recoil\n|cant|p1a: \u4f60\u6ca1\u4e8b\u5427|slp\n|move|p1a: \u4f60\u6ca1\u4e8b\u5427|Sleep Talk|p1a: \u4f60\u6ca1\u4e8b\u5427\n|move|p1a: \u4f60\u6ca1\u4e8b\u5427|Order Up|p2b: Rillaboom|[from] move: Sleep Talk\n|-damage|p2b: Rillaboom|45\/100 psn\n|-boost|p1a: \u4f60\u6ca1\u4e8b\u5427|atk|1\n|\n|-heal|p2a: Iron Bundle|84\/100|[from] Grassy Terrain\n|-heal|p2b: Rillaboom|51\/100 psn|[from] Grassy Terrain\n|-heal|p1a: \u4f60\u6ca1\u4e8b\u5427|38\/100 slp|[from] Grassy Terrain\n|-heal|p1a: \u4f60\u6ca1\u4e8b\u5427|44\/100 slp|[from] item: Leftovers\n|-damage|p2b: Rillaboom|39\/100 psn|[from] psn\n|upkeep\n|turn|4\n|inactive|webguy1974 has 30 seconds left.\n|inactive|longhq has 30 seconds left.\n|\n|t:|1739788696\n|switch|p2b: Koraidon|Koraidon, L50|100\/100\n|-status|p2b: Koraidon|psn\n|-weather|SunnyDay|[from] ability: Orichalcum Pulse|[of] p2b: Koraidon\n|-activate|p2b: Koraidon|Orichalcum Pulse|[source]\n|move|p2a: Iron Bundle|Freeze-Dry|p1a: \u4f60\u6ca1\u4e8b\u5427\n|-supereffective|p1a: \u4f60\u6ca1\u4e8b\u5427\n|-damage|p1a: \u4f60\u6ca1\u4e8b\u5427|20\/100 slp\n|cant|p1a: \u4f60\u6ca1\u4e8b\u5427|slp\n|move|p1a: \u4f60\u6ca1\u4e8b\u5427|Sleep Talk|p1a: \u4f60\u6ca1\u4e8b\u5427\n|move|p1a: \u4f60\u6ca1\u4e8b\u5427|Rest||[from] move: Sleep Talk|[still]\n|-fail|p1a: \u4f60\u6ca1\u4e8b\u5427\n|\n|-weather|SunnyDay|[upkeep]\n|-heal|p2a: Iron Bundle|89\/100|[from] Grassy Terrain\n|-heal|p1a: \u4f60\u6ca1\u4e8b\u5427|26\/100 slp|[from] Grassy Terrain\n|-heal|p1a: \u4f60\u6ca1\u4e8b\u5427|32\/100 slp|[from] item: Leftovers\n|-damage|p2b: Koraidon|88\/100 psn|[from] psn\n|-sideend|p2: longhq|move: Tailwind\n|upkeep\n|turn|5\n|inactive|longhq has 30 seconds left.\n|inactive|longhq has 20 seconds left.\n|\n|t:|1739788734\n|move|p2a: Iron Bundle|Freeze-Dry|p1a: \u4f60\u6ca1\u4e8b\u5427\n|-supereffective|p1a: \u4f60\u6ca1\u4e8b\u5427\n|-damage|p1a: \u4f60\u6ca1\u4e8b\u5427|6\/100 slp\n|move|p2b: Koraidon|Collision Course|p1a: \u4f60\u6ca1\u4e8b\u5427\n|-damage|p1a: \u4f60\u6ca1\u4e8b\u5427|0 fnt\n|faint|p1a: \u4f60\u6ca1\u4e8b\u5427\n|\n|-weather|SunnyDay|[upkeep]\n|-heal|p2a: Iron Bundle|95\/100|[from] Grassy Terrain\n|-heal|p2b: Koraidon|94\/100 psn|[from] Grassy Terrain\n|-damage|p2b: Koraidon|82\/100 psn|[from] psn\n|upkeep\n|\n|t:|1739788752\n|switch|p1a: \u552f\u4e00\u8d85\u6a21|Calyrex-Shadow, L50, tera:Ghost|100\/100\n|-ability|p1a: \u552f\u4e00\u8d85\u6a21|As One\n|-ability|p1a: \u552f\u4e00\u8d85\u6a21|Unnerve\n|turn|6\n|\n|t:|1739788776\n|switch|p2b: Rillaboom|Rillaboom, L50, F|39\/100 psn\n|move|p2a: Iron Bundle|Icy Wind|p1a: \u552f\u4e00\u8d85\u6a21|[spread] p1a,p1b\n|-damage|p1a: \u552f\u4e00\u8d85\u6a21|82\/100\n|-damage|p1b: \u4f60\u6ca1\u4e8b\u5417|75\/100\n|-unboost|p1a: \u552f\u4e00\u8d85\u6a21|spe|1\n|-unboost|p1b: \u4f60\u6ca1\u4e8b\u5417|spe|1\n|move|p1a: \u552f\u4e00\u8d85\u6a21|Astral Barrage|p2b: Rillaboom|[spread] p2b\n|-immune|p2a: Iron Bundle\n|-damage|p2b: Rillaboom|0 fnt\n|faint|p2b: Rillaboom\n|-ability|p1a: \u552f\u4e00\u8d85\u6a21|Grim Neigh|boost\n|-boost|p1a: \u552f\u4e00\u8d85\u6a21|spa|1\n|move|p1b: \u4f60\u6ca1\u4e8b\u5417|Draco Meteor|p2a: Iron Bundle|[miss]\n|-miss|p1b: \u4f60\u6ca1\u4e8b\u5417|p2a: Iron Bundle\n|\n|-weather|SunnyDay|[upkeep]\n|-heal|p2a: Iron Bundle|100\/100|[from] Grassy Terrain\n|-heal|p1a: \u552f\u4e00\u8d85\u6a21|87\/100|[from] Grassy Terrain\n|-heal|p1b: \u4f60\u6ca1\u4e8b\u5417|80\/100|[from] Grassy Terrain\n|upkeep\n|\n|t:|1739788793\n|switch|p2b: Koraidon|Koraidon, L50|82\/100 psn\n|-activate|p2b: Koraidon|ability: Orichalcum Pulse\n|turn|7\n|\n|t:|1739788802\n|switch|p1a: \u8def\u706f\u6302\u4ef6|Weezing-Galar, L50, M|100\/100\n|-ability|p1a: \u8def\u706f\u6302\u4ef6|Neutralizing Gas\n|move|p2b: Koraidon|Flare Blitz|p1a: \u8def\u706f\u6302\u4ef6\n|-damage|p1a: \u8def\u706f\u6302\u4ef6|19\/100\n|-damage|p2b: Koraidon|56\/100 psn|[from] Recoil\n|move|p2a: Iron Bundle|Freeze-Dry|p1b: \u4f60\u6ca1\u4e8b\u5417\n|-supereffective|p1b: \u4f60\u6ca1\u4e8b\u5417\n|-damage|p1b: \u4f60\u6ca1\u4e8b\u5417|0 fnt\n|faint|p1b: \u4f60\u6ca1\u4e8b\u5417\n|\n|-weather|SunnyDay|[upkeep]\n|-heal|p2b: Koraidon|62\/100 psn|[from] Grassy Terrain\n|-heal|p1a: \u8def\u706f\u6302\u4ef6|25\/100|[from] Grassy Terrain\n|-damage|p2b: Koraidon|49\/100 psn|[from] psn\n|-fieldend|move: Grassy Terrain\n|upkeep\n|j| NanshanVGC\n|\n|t:|1739788814\n|switch|p1b: \u552f\u4e00\u8d85\u6a21|Calyrex-Shadow, L50, tera:Ghost|87\/100\n|-ability|p1b: \u552f\u4e00\u8d85\u6a21|As One\n|-ability|p1b: \u552f\u4e00\u8d85\u6a21|Unnerve\n|turn|8\n|inactive|webguy1974 has 30 seconds left.\n|\n|t:|1739788840\n|move|p1b: \u552f\u4e00\u8d85\u6a21|Draining Kiss|p2b: Koraidon\n|-supereffective|p2b: Koraidon\n|-damage|p2b: Koraidon|0 fnt\n|-heal|p1b: \u552f\u4e00\u8d85\u6a21|100\/100|[from] drain|[of] p2b: Koraidon\n|faint|p2b: Koraidon\n|-ability|p1b: \u552f\u4e00\u8d85\u6a21|Grim Neigh|boost\n|-boost|p1b: \u552f\u4e00\u8d85\u6a21|spa|1\n|move|p2a: Iron Bundle|Freeze-Dry|p1a: \u8def\u706f\u6302\u4ef6\n|-damage|p1a: \u8def\u706f\u6302\u4ef6|0 fnt\n|faint|p1a: \u8def\u706f\u6302\u4ef6\n|-end|p1a: \u8def\u706f\u6302\u4ef6|ability: Neutralizing Gas\n|\n|-weather|none\n|upkeep\n|turn|9\n|\n|t:|1739788851\n|move|p2a: Iron Bundle|Protect|p2a: Iron Bundle\n|-singleturn|p2a: Iron Bundle|Protect\n|move|p1b: \u552f\u4e00\u8d85\u6a21|Draining Kiss|p2a: Iron Bundle\n|-activate|p2a: Iron Bundle|move: Protect\n|\n|upkeep\n|turn|10\n|\n|t:|1739788856\n|move|p2a: Iron Bundle|Icy Wind|p1b: \u552f\u4e00\u8d85\u6a21\n|-damage|p1b: \u552f\u4e00\u8d85\u6a21|76\/100\n|-unboost|p1b: \u552f\u4e00\u8d85\u6a21|spe|1\n|move|p1b: \u552f\u4e00\u8d85\u6a21|Draining Kiss|p2a: Iron Bundle\n|-damage|p2a: Iron Bundle|17\/100\n|-heal|p1b: \u552f\u4e00\u8d85\u6a21|100\/100|[from] drain|[of] p2a: Iron Bundle\n|\n|upkeep\n|turn|11\n|-message|longhq forfeited.\n|\n|win|webguy1974\n|raw|webguy1974's rating: 1536 &rarr; <strong>1563<\/strong><br \/>(+27 for winning)\n|raw|longhq's rating: 1655 &rarr; <strong>1628<\/strong><br \/>(-27 for losing)\n|l|\u203dlonghq\n|player|p2|\n","uploadtime":1739788887,"views":7,"formatid":"gen9vgc2025regg","rating":1563,"private":0,"password":null}