{"id":"gen9vgc2025regg-2302241739","format":"[Gen 9] VGC 2025 Reg G","players":["BellmanTGM","roykeenkennedy"],"log":"|j|\u2606BellmanTGM\n|j|\u2606roykeenkennedy\n|t:|1739765025\n|gametype|doubles\n|player|p1|BellmanTGM|pokefan-gen4|1550\n|player|p2|roykeenkennedy|alder|1604\n|teamsize|p1|6\n|teamsize|p2|6\n|gen|9\n|tier|[Gen 9] VGC 2025 Reg G\n|rated|\n|rule|Species Clause: Limit one of each Pok\u00e9mon\n|rule|Item Clause: Limit 1 of each item\n|clearpoke\n|poke|p1|Terapagos, L50, M|\n|poke|p1|Indeedee-F, L50, F|\n|poke|p1|Ogerpon-Cornerstone, L50, F|\n|poke|p1|Urshifu-*, L50, F|\n|poke|p1|Tornadus, L50, M|\n|poke|p1|Hariyama, L50, F|\n|poke|p2|Raging Bolt, L50|\n|poke|p2|Incineroar, L50, M|\n|poke|p2|Ogerpon-Cornerstone, L50, F|\n|poke|p2|Annihilape, L50, F|\n|poke|p2|Calyrex-Ice, L50|\n|poke|p2|Amoonguss, L50, F|\n|teampreview|4\n|inactive|Battle timer is ON: inactive players will automatically lose when time's up. (requested by BellmanTGM)\n|j| randoftw\n|inactive|BellmanTGM has 60 seconds left.\n|inactive|roykeenkennedy has 60 seconds left.\n|\n|t:|1739765075\n|start\n|switch|p1a: Terapagos|Terapagos, L50, M|100\/100\n|switch|p1b: Indeedee|Indeedee-F, L50, F|100\/100\n|switch|p2a: Raging Bolt|Raging Bolt, L50|100\/100\n|switch|p2b: Incineroar|Incineroar, L50, M|100\/100\n|-activate|p1a: Terapagos|ability: Tera Shift\n|detailschange|p1a: Terapagos|Terapagos-Terastal, L50, M\n|-heal|p1a: Terapagos|100\/100|[silent]\n|-fieldstart|move: Psychic Terrain|[from] ability: Psychic Surge|[of] p1b: Indeedee\n|-enditem|p1b: Indeedee|Psychic Seed\n|-boost|p1b: Indeedee|spd|1|[from] item: Psychic Seed\n|-ability|p2b: Incineroar|Intimidate|boost\n|-unboost|p1a: Terapagos|atk|1\n|-unboost|p1b: Indeedee|atk|1\n|turn|1\n|inactive|BellmanTGM has 30 seconds left.\n|inactive|roykeenkennedy has 30 seconds left.\n|inactive|BellmanTGM has 20 seconds left.\n|\n|t:|1739765112\n|-terastallize|p1a: Terapagos|Stellar\n|detailschange|p1a: Terapagos|Terapagos-Stellar, L50, M, tera:Stellar\n|-heal|p1a: Terapagos|100\/100|[silent]\n|-ability|p1a: Terapagos|Teraform Zero\n|-fieldend|move: Psychic Terrain\n|move|p1b: Indeedee|Fake Out|p2a: Raging Bolt\n|-damage|p2a: Raging Bolt|95\/100\n|move|p1a: Terapagos|Tera Starstorm|p2b: Incineroar|[spread] p2a,p2b\n|-damage|p2a: Raging Bolt|64\/100\n|-damage|p2b: Incineroar|45\/100\n|cant|p2a: Raging Bolt|flinch\n|move|p2b: Incineroar|Knock Off|p1a: Terapagos\n|-damage|p1a: Terapagos|76\/100\n|-enditem|p1a: Terapagos|Choice Specs|[from] move: Knock Off|[of] p2b: Incineroar\n|\n|upkeep\n|turn|2\n|\n|t:|1739765135\n|move|p1b: Indeedee|Helping Hand|p1a: Terapagos\n|-singleturn|p1a: Terapagos|Helping Hand|[of] p1b: Indeedee\n|move|p1a: Terapagos|Tera Starstorm|p2a: Raging Bolt|[spread] p2a,p2b\n|-damage|p2a: Raging Bolt|35\/100\n|-damage|p2b: Incineroar|0 fnt\n|faint|p2b: Incineroar\n|move|p2a: Raging Bolt|Snarl|p1b: Indeedee|[spread] p1a,p1b\n|-supereffective|p1b: Indeedee\n|-damage|p1a: Terapagos|67\/100\n|-damage|p1b: Indeedee|80\/100\n|-unboost|p1a: Terapagos|spa|1\n|-unboost|p1b: Indeedee|spa|1\n|\n|upkeep\n|\n|t:|1739765147\n|switch|p2b: Calyrex|Calyrex-Ice, L50|100\/100\n|-ability|p2b: Calyrex|As One\n|-ability|p2b: Calyrex|Unnerve\n|turn|3\n|\n|t:|1739765159\n|switch|p1b: Hariyama|Hariyama, L50, F|100\/100\n|move|p1a: Terapagos|Hyper Beam|p2a: Raging Bolt\n|-damage|p2a: Raging Bolt|0 fnt\n|-mustrecharge|p1a: Terapagos\n|faint|p2a: Raging Bolt\n|-end|p2a: Raging Bolt|Protosynthesis|[silent]\n|move|p2b: Calyrex|Trick Room|p2b: Calyrex\n|-fieldstart|move: Trick Room|[of] p2b: Calyrex\n|\n|upkeep\n|\n|t:|1739765168\n|switch|p2a: Amoonguss|Amoonguss, L50, F|100\/100\n|turn|4\n|\n|t:|1739765177\n|move|p1b: Hariyama|Fake Out|p2b: Calyrex\n|-damage|p2b: Calyrex|91\/100\n|move|p2a: Amoonguss|Spore|p1a: Terapagos\n|-status|p1a: Terapagos|slp|[from] move: Spore\n|cant|p2b: Calyrex|flinch\n|cant|p1a: Terapagos|recharge\n|\n|upkeep\n|turn|5\n|inactive|BellmanTGM has 30 seconds left.\n|\n|t:|1739765204\n|move|p2a: Amoonguss|Spore|p1b: Hariyama\n|-activate|p1b: Hariyama|item: Safety Goggles|Spore\n|move|p1b: Hariyama|Close Combat|p2b: Calyrex\n|-damage|p2b: Calyrex|49\/100\n|-unboost|p1b: Hariyama|def|1\n|-unboost|p1b: Hariyama|spd|1\n|move|p2b: Calyrex|High Horsepower|p1a: Terapagos\n|-damage|p1a: Terapagos|42\/100 slp\n|cant|p1a: Terapagos|slp\n|\n|upkeep\n|turn|6\n|\n|t:|1739765218\n|move|p1b: Hariyama|Wide Guard|p1b: Hariyama\n|-singleturn|p1b: Hariyama|Wide Guard\n|move|p2a: Amoonguss|Pollen Puff|p2b: Calyrex\n|-heal|p2b: Calyrex|99\/100\n|move|p2b: Calyrex|Glacial Lance|p1b: Hariyama|[spread] \n|-activate|p1a: Terapagos|move: Wide Guard\n|-activate|p1b: Hariyama|move: Wide Guard\n|cant|p1a: Terapagos|slp\n|\n|upkeep\n|turn|7\n|\n|t:|1739765235\n|move|p2a: Amoonguss|Pollen Puff|p1a: Terapagos\n|-damage|p1a: Terapagos|31\/100 slp\n|move|p1b: Hariyama|Close Combat|p2b: Calyrex\n|-damage|p2b: Calyrex|59\/100\n|-unboost|p1b: Hariyama|def|1\n|-unboost|p1b: Hariyama|spd|1\n|move|p2b: Calyrex|High Horsepower|p1a: Terapagos|[miss]\n|-miss|p2b: Calyrex|p1a: Terapagos\n|cant|p1a: Terapagos|slp\n|\n|-fieldend|move: Trick Room\n|upkeep\n|turn|8\n|\n|t:|1739765258\n|move|p1b: Hariyama|Feint|p2b: Calyrex\n|-crit|p2b: Calyrex\n|-damage|p2b: Calyrex|48\/100\n|move|p2a: Amoonguss|Rage Powder|p2a: Amoonguss\n|-singleturn|p2a: Amoonguss|move: Rage Powder\n|-curestatus|p1a: Terapagos|slp|[msg]\n|move|p1a: Terapagos|Hyper Beam|p2a: Amoonguss|[miss]\n|-miss|p1a: Terapagos|p2a: Amoonguss\n|move|p2b: Calyrex|Glacial Lance|p1a: Terapagos|[spread] p1a,p1b\n|-damage|p1a: Terapagos|0 fnt\n|-damage|p1b: Hariyama|39\/100\n|faint|p1a: Terapagos\n|-ability|p2b: Calyrex|Chilling Neigh|boost\n|-boost|p2b: Calyrex|atk|1\n|\n|upkeep\n|\n|t:|1739765269\n|switch|p1a: Ogerpon|Ogerpon-Cornerstone, L50, F|100\/100\n|turn|9\n|inactive|roykeenkennedy has 30 seconds left.\n|\n|t:|1739765303\n|move|p2b: Calyrex|Protect|p2b: Calyrex\n|-singleturn|p2b: Calyrex|Protect\n|move|p1b: Hariyama|Feint|p2b: Calyrex\n|-activate|p2b: Calyrex|move: Feint\n|-damage|p2b: Calyrex|41\/100\n|move|p1a: Ogerpon|Ivy Cudgel|p2b: Calyrex|[anim] Ivy Cudgel Rock\n|-supereffective|p2b: Calyrex\n|-damage|p2b: Calyrex|0 fnt\n|faint|p2b: Calyrex\n|move|p2a: Amoonguss|Pollen Puff|p1a: Ogerpon\n|-supereffective|p1a: Ogerpon\n|-crit|p1a: Ogerpon\n|-damage|p1a: Ogerpon|36\/100\n|\n|upkeep\n|turn|10\n|\n|t:|1739765327\n|move|p1a: Ogerpon|Spiky Shield|p1a: Ogerpon\n|-singleturn|p1a: Ogerpon|move: Protect\n|move|p1b: Hariyama|Close Combat|p2a: Amoonguss\n|-resisted|p2a: Amoonguss\n|-damage|p2a: Amoonguss|76\/100\n|-unboost|p1b: Hariyama|def|1\n|-unboost|p1b: Hariyama|spd|1\n|move|p2a: Amoonguss|Pollen Puff|p1a: Ogerpon\n|-activate|p1a: Ogerpon|move: Protect\n|\n|upkeep\n|turn|11\n|-message|roykeenkennedy forfeited.\n|\n|win|BellmanTGM\n|raw|BellmanTGM's rating: 1550 &rarr; <strong>1573<\/strong><br \/>(+23 for winning)\n|raw|roykeenkennedy's rating: 1604 &rarr; <strong>1581<\/strong><br \/>(-23 for losing)\n|l|\u2606roykeenkennedy\n|player|p2|\n|l|\u2606BellmanTGM\n|player|p1|\n","uploadtime":1739765552,"views":10,"formatid":"gen9vgc2025regg","rating":1573,"private":0,"password":null}