{"id":"gen9vgc2025regg-2302326395","format":"[Gen 9] VGC 2025 Reg G","players":["Tpakl","jecheonjo"],"log":"|j|\u2606Tpakl\n|j|\u2606jecheonjo\n|t:|1739780431\n|gametype|doubles\n|player|p1|Tpakl|rosa|1613\n|player|p2|jecheonjo|steven|1617\n|teamsize|p1|6\n|teamsize|p2|6\n|gen|9\n|tier|[Gen 9] VGC 2025 Reg G\n|rated|\n|rule|Species Clause: Limit one of each Pok\u00e9mon\n|rule|Item Clause: Limit 1 of each item\n|clearpoke\n|poke|p1|Rayquaza, L50|\n|poke|p1|Urshifu-*, L50, F|\n|poke|p1|Iron Treads, L50|\n|poke|p1|Entei, L50|\n|poke|p1|Murkrow, L50, F|\n|poke|p1|Regieleki, L50|\n|poke|p2|Terapagos, L50, M|\n|poke|p2|Tornadus, L50, M|\n|poke|p2|Incineroar, L50, F|\n|poke|p2|Amoonguss, L50, M|\n|poke|p2|Flutter Mane, L50|\n|poke|p2|Urshifu-*, L50, F|\n|teampreview|4\n|\n|t:|1739780483\n|start\n|switch|p1a: Murkrow|Murkrow, L50, F|100\/100\n|switch|p1b: Regieleki|Regieleki, L50|100\/100\n|switch|p2a: Terapagos|Terapagos, L50, M|100\/100\n|switch|p2b: Flutter Mane|Flutter Mane, L50|100\/100\n|-activate|p2a: Terapagos|ability: Tera Shift\n|detailschange|p2a: Terapagos|Terapagos-Terastal, L50, M\n|-heal|p2a: Terapagos|100\/100|[silent]\n|turn|1\n|\n|t:|1739780500\n|move|p1b: Regieleki|Protect|p1b: Regieleki\n|-singleturn|p1b: Regieleki|Protect\n|move|p1a: Murkrow|Tailwind|p1a: Murkrow\n|-sidestart|p1: Tpakl|move: Tailwind\n|move|p2b: Flutter Mane|Dazzling Gleam|p1a: Murkrow|[spread] p1a\n|-activate|p1b: Regieleki|move: Protect\n|-supereffective|p1a: Murkrow\n|-damage|p1a: Murkrow|20\/100\n|move|p2a: Terapagos|Calm Mind|p2a: Terapagos\n|-boost|p2a: Terapagos|spa|1\n|-boost|p2a: Terapagos|spd|1\n|\n|upkeep\n|turn|2\n|inactive|Battle timer is ON: inactive players will automatically lose when time's up. (requested by Tpakl)\n|\n|t:|1739780521\n|move|p1a: Murkrow|Haze|p1a: Murkrow\n|-clearallboost\n|move|p1b: Regieleki|Electroweb|p2b: Flutter Mane|[spread] p2a,p2b\n|-activate|p2a: Terapagos|ability: Tera Shell\n|-resisted|p2a: Terapagos\n|-damage|p2a: Terapagos|89\/100\n|-damage|p2b: Flutter Mane|77\/100\n|-unboost|p2a: Terapagos|spe|1\n|-unboost|p2b: Flutter Mane|spe|1\n|move|p2b: Flutter Mane|Dazzling Gleam|p1b: Regieleki|[spread] p1a,p1b\n|-supereffective|p1a: Murkrow\n|-damage|p1a: Murkrow|0 fnt\n|-damage|p1b: Regieleki|15\/100\n|faint|p1a: Murkrow\n|move|p2a: Terapagos|Tera Starstorm|p1b: Regieleki\n|-damage|p1b: Regieleki|0 fnt\n|faint|p1b: Regieleki\n|\n|-heal|p2a: Terapagos|95\/100|[from] item: Leftovers\n|upkeep\n|\n|t:|1739780538\n|switch|p1b: Rayquaza|Rayquaza, L50|100\/100\n|switch|p1a: Entei|Entei, L50|100\/100\n|-ability|p1b: Rayquaza|Air Lock\n|turn|3\n|\n|t:|1739780546\n|-end|p2b: Flutter Mane|Protosynthesis|[silent]\n|switch|p2b: Amoonguss|Amoonguss, L50, M|100\/100\n|-terastallize|p1a: Entei|Fire\n|-terastallize|p2a: Terapagos|Stellar\n|detailschange|p2a: Terapagos|Terapagos-Stellar, L50, M, tera:Stellar\n|-heal|p2a: Terapagos|96\/100|[silent]\n|move|p1b: Rayquaza|Dragon Ascent|p2a: Terapagos\n|-damage|p2a: Terapagos|60\/100\n|-unboost|p1b: Rayquaza|def|1\n|-unboost|p1b: Rayquaza|spd|1\n|move|p1a: Entei|Eruption|p2b: Amoonguss|[spread] p2a,p2b\n|-supereffective|p2b: Amoonguss\n|-damage|p2a: Terapagos|0 fnt\n|-damage|p2b: Amoonguss|0 fnt\n|faint|p2a: Terapagos\n|faint|p2b: Amoonguss\n|\n|upkeep\n|\n|t:|1739780563\n|switch|p2a: Tornadus|Tornadus, L50, M|100\/100\n|switch|p2b: Flutter Mane|Flutter Mane, L50|77\/100\n|turn|4\n|\n|t:|1739780580\n|move|p1b: Rayquaza|Dragon Ascent|p2b: Flutter Mane\n|-damage|p2b: Flutter Mane|0 fnt\n|-unboost|p1b: Rayquaza|def|1\n|-unboost|p1b: Rayquaza|spd|1\n|faint|p2b: Flutter Mane\n|-end|p2b: Flutter Mane|Protosynthesis|[silent]\n|move|p1a: Entei|Eruption|p2a: Tornadus\n|-enditem|p2a: Tornadus|Focus Sash\n|-damage|p2a: Tornadus|1\/100\n|move|p2a: Tornadus|Bleakwind Storm|p1b: Rayquaza|[spread] p1a,p1b\n|-damage|p1a: Entei|53\/100\n|-damage|p1b: Rayquaza|13\/100\n|-unboost|p1a: Entei|spe|1\n|-unboost|p1b: Rayquaza|spe|1\n|\n|-sideend|p1: Tpakl|move: Tailwind\n|upkeep\n|turn|5\n|-message|jecheonjo forfeited.\n|\n|win|Tpakl\n|raw|Tpakl's rating: 1613 &rarr; <strong>1633<\/strong><br \/>(+20 for winning)\n|raw|jecheonjo's rating: 1617 &rarr; <strong>1597<\/strong><br \/>(-20 for losing)\n|l|\u2606jecheonjo\n|player|p2|\n|l|\u2606Tpakl\n|player|p1|\n","uploadtime":1739780734,"views":10,"formatid":"gen9vgc2025regg","rating":1597,"private":0,"password":null}