{"id":"gen9vgc2025regg-2302948096","format":"[Gen 9] VGC 2025 Reg G","players":["Katiconyt","jecheonjo"],"log":"|j|\u2606Katiconyt\n|j|\u2606jecheonjo\n|t:|1739861807\n|gametype|doubles\n|player|p1|Katiconyt|colress|1536\n|player|p2|jecheonjo|steven|1597\n|teamsize|p1|6\n|teamsize|p2|6\n|gen|9\n|tier|[Gen 9] VGC 2025 Reg G\n|rated|\n|rule|Species Clause: Limit one of each Pok\u00e9mon\n|rule|Item Clause: Limit 1 of each item\n|clearpoke\n|poke|p1|Kyogre, L50|\n|poke|p1|Raichu, L50, F|\n|poke|p1|Urshifu-*, L50, M|\n|poke|p1|Tornadus, L50, M|\n|poke|p1|Landorus, L50, M|\n|poke|p1|Basculegion, L50, M|\n|poke|p2|Necrozma-Dawn-Wings, L50|\n|poke|p2|Ursaluna, L50, F|\n|poke|p2|Raging Bolt, L50|\n|poke|p2|Ogerpon-Cornerstone, L50, F|\n|poke|p2|Urshifu-*, L50, F|\n|poke|p2|Torkoal, L50, F|\n|teampreview|4\n|inactive|Battle timer is ON: inactive players will automatically lose when time's up. (requested by Katiconyt)\nKaticonyt has agreed to open team sheets.\n|inactive|Katiconyt has 60 seconds left.\n|inactive|jecheonjo has 60 seconds left.\n|j| mr pogostick\n|j| Kal0stest\n|\n|t:|1739861850\n|start\n|switch|p1a: Urshifu|Urshifu-Rapid-Strike, L50, M|100\/100\n|switch|p1b: Kyogre|Kyogre, L50|100\/100\n|switch|p2a: Urshifu|Urshifu, L50, F|100\/100\n|switch|p2b: Raging Bolt|Raging Bolt, L50|100\/100\n|-weather|RainDance|[from] ability: Drizzle|[of] p1b: Kyogre\n|turn|1\n|\n|t:|1739861867\n|switch|p1a: Raichu|Raichu, L50, F|100\/100\n|-terastallize|p2a: Urshifu|Dark\n|move|p2b: Raging Bolt|Thunderclap||[still]\n|-fail|p2b: Raging Bolt\n|move|p2a: Urshifu|Wicked Blow|p1b: Kyogre\n|-crit|p1b: Kyogre\n|-damage|p1b: Kyogre|36\/100\n|move|p1b: Kyogre|Calm Mind|p1b: Kyogre\n|-boost|p1b: Kyogre|spa|1\n|-boost|p1b: Kyogre|spd|1\n|\n|-weather|RainDance|[upkeep]\n|-heal|p1b: Kyogre|42\/100|[from] item: Leftovers\n|upkeep\n|turn|2\n|\n|t:|1739861883\n|move|p2a: Urshifu|Detect|p2a: Urshifu\n|-singleturn|p2a: Urshifu|Protect\n|move|p1a: Raichu|Fake Out|p2a: Urshifu\n|-activate|p2a: Urshifu|move: Protect\n|move|p1b: Kyogre|Origin Pulse|p2a: Urshifu|[spread] p2b\n|-activate|p2a: Urshifu|move: Protect\n|-resisted|p2b: Raging Bolt\n|-damage|p2b: Raging Bolt|70\/100\n|move|p2b: Raging Bolt|Draco Meteor|p1a: Raichu\n|-damage|p1a: Raichu|30\/100\n|-unboost|p2b: Raging Bolt|spa|2\n|\n|-weather|RainDance|[upkeep]\n|-heal|p1b: Kyogre|47\/100|[from] item: Leftovers\n|upkeep\n|turn|3\n|inactive|Katiconyt has 30 seconds left.\n|\n|t:|1739861910\n|move|p1a: Raichu|Nuzzle|p2a: Urshifu\n|-damage|p2a: Urshifu|95\/100\n|-status|p2a: Urshifu|par\n|move|p1b: Kyogre|Ice Beam|p2b: Raging Bolt\n|-supereffective|p2b: Raging Bolt\n|-damage|p2b: Raging Bolt|10\/100\n|move|p2b: Raging Bolt|Draco Meteor|p1a: Raichu\n|-damage|p1a: Raichu|0 fnt\n|-unboost|p2b: Raging Bolt|spa|2\n|faint|p1a: Raichu\n|move|p2a: Urshifu|Wicked Blow|p1b: Kyogre\n|-crit|p1b: Kyogre\n|-damage|p1b: Kyogre|0 fnt\n|faint|p1b: Kyogre\n|\n|-weather|RainDance|[upkeep]\n|upkeep\n|\n|t:|1739861919\n|switch|p1a: Urshifu|Urshifu-Rapid-Strike, L50, M|100\/100\n|switch|p1b: Basculegion|Basculegion, L50, M|100\/100\n|turn|4\n|\n|t:|1739861943\n|move|p1b: Basculegion|Aqua Jet|p2b: Raging Bolt\n|-resisted|p2b: Raging Bolt\n|-crit|p2b: Raging Bolt\n|-damage|p2b: Raging Bolt|0 fnt\n|faint|p2b: Raging Bolt\n|-end|p2b: Raging Bolt|Protosynthesis|[silent]\n|move|p2a: Urshifu|Sucker Punch||[still]\n|-fail|p2a: Urshifu\n|move|p1a: Urshifu|Surging Strikes|p2a: Urshifu\n|-crit|p2a: Urshifu\n|-damage|p2a: Urshifu|60\/100 par\n|-crit|p2a: Urshifu\n|-damage|p2a: Urshifu|27\/100 par\n|-crit|p2a: Urshifu\n|-damage|p2a: Urshifu|0 fnt\n|faint|p2a: Urshifu\n|-hitcount|p2: Urshifu|3\n|\n|-weather|RainDance|[upkeep]\n|upkeep\n|\n|t:|1739861948\n|switch|p2a: Necrozma|Necrozma-Dawn-Wings, L50|100\/100\n|switch|p2b: Ogerpon|Ogerpon-Cornerstone, L50, F|100\/100\n|turn|5\n|\n|t:|1739861969\n|-terastallize|p1a: Urshifu|Water\n|move|p2b: Ogerpon|Follow Me|p2b: Ogerpon\n|-singleturn|p2b: Ogerpon|move: Follow Me\n|move|p1b: Basculegion|Aqua Jet|p2b: Ogerpon\n|-damage|p2b: Ogerpon|35\/100\n|move|p1a: Urshifu|Surging Strikes|p2b: Ogerpon\n|-crit|p2b: Ogerpon\n|-damage|p2b: Ogerpon|0 fnt\n|faint|p2b: Ogerpon\n|-hitcount|p2: Ogerpon|1\n|move|p2a: Necrozma|Photon Geyser|p1a: Urshifu\n|-enditem|p1a: Urshifu|Focus Sash\n|-damage|p1a: Urshifu|1\/100\n|\n|-weather|none\n|upkeep\n|turn|6\n|\n|t:|1739861988\n|move|p1b: Basculegion|Aqua Jet|p2a: Necrozma\n|-damage|p2a: Necrozma|76\/100\n|move|p1a: Urshifu|Surging Strikes|p2a: Necrozma\n|-crit|p2a: Necrozma\n|-damage|p2a: Necrozma|54\/100\n|-crit|p2a: Necrozma\n|-damage|p2a: Necrozma|29\/100\n|-crit|p2a: Necrozma\n|-damage|p2a: Necrozma|8\/100\n|-hitcount|p2a: Necrozma|3\n|move|p2a: Necrozma|Moongeist Beam|p1a: Urshifu\n|-damage|p1a: Urshifu|0 fnt\n|faint|p1a: Urshifu\n|\n|upkeep\n|turn|7\n|-message|jecheonjo forfeited.\n|\n|win|Katiconyt\n|raw|Katiconyt's rating: 1536 &rarr; <strong>1559<\/strong><br \/>(+23 for winning)\n|raw|jecheonjo's rating: 1597 &rarr; <strong>1574<\/strong><br \/>(-23 for losing)\n|l|\u2606jecheonjo\n|player|p2|\n|c|\u2606Katiconyt|gg wp\n|l|\u2606Katiconyt\n|player|p1|\n|l| mr pogostick\n|l| Kal0stest\n","uploadtime":1739862201,"views":9,"formatid":"gen9vgc2025regg","rating":1559,"private":0,"password":null}