{"id":"gen9vgc2025regg-2302889337","format":"[Gen 9] VGC 2025 Reg G","players":["Punihina","jecheonjo"],"log":"|j|\u2606Punihina\n|j|\u2606jecheonjo\n|t:|1739851378\n|gametype|doubles\n|player|p1|Punihina|shauntal|1617\n|player|p2|jecheonjo|steven|1640\n|teamsize|p1|6\n|teamsize|p2|6\n|gen|9\n|tier|[Gen 9] VGC 2025 Reg G\n|rated|\n|rule|Species Clause: Limit one of each Pok\u00e9mon\n|rule|Item Clause: Limit 1 of each item\n|clearpoke\n|poke|p1|Whimsicott, L50, F|\n|poke|p1|Miraidon, L50|\n|poke|p1|Farigiraf, L50, M|\n|poke|p1|Ogerpon-Cornerstone, L50, F|\n|poke|p1|Iron Hands, L50|\n|poke|p1|Entei, L50|\n|poke|p2|Necrozma-Dusk-Mane, L50|\n|poke|p2|Ursaluna, L50, F|\n|poke|p2|Amoonguss, L50, M|\n|poke|p2|Raging Bolt, L50|\n|poke|p2|Ogerpon-Cornerstone, L50, F|\n|poke|p2|Urshifu-*, L50, F|\n|teampreview|4\n|inactive|Battle timer is ON: inactive players will automatically lose when time's up. (requested by Punihina)\n|j| mr pogostick\n|inactive|jecheonjo has 60 seconds left.\n|\n|t:|1739851433\n|start\n|switch|p1a: Iron Hands|Iron Hands, L50|100\/100\n|switch|p1b: Miraidon|Miraidon, L50|100\/100\n|switch|p2a: Necrozma|Necrozma-Dusk-Mane, L50|100\/100\n|switch|p2b: Ogerpon|Ogerpon-Cornerstone, L50, F|100\/100\n|-fieldstart|move: Electric Terrain|[from] ability: Hadron Engine|[of] p1b: Miraidon\n|-activate|p1a: Iron Hands|ability: Quark Drive\n|-start|p1a: Iron Hands|quarkdriveatk\n|turn|1\n|j| Salvato1902V\n|\n|t:|1739851453\n|switch|p1b: Entei|Entei, L50|100\/100\n|move|p2b: Ogerpon|Spiky Shield|p2b: Ogerpon\n|-singleturn|p2b: Ogerpon|move: Protect\n|move|p2a: Necrozma|Protect|p2a: Necrozma\n|-singleturn|p2a: Necrozma|Protect\n|move|p1a: Iron Hands|Low Kick|p2a: Necrozma\n|-activate|p2a: Necrozma|move: Protect\n|\n|upkeep\n|turn|2\n|j| Eggy068\n|inactive|jecheonjo has 30 seconds left.\n|\n|t:|1739851482\n|move|p1b: Entei|Protect|p1b: Entei\n|-singleturn|p1b: Entei|Protect\n|move|p2b: Ogerpon|Follow Me|p2b: Ogerpon\n|-singleturn|p2b: Ogerpon|move: Follow Me\n|move|p2a: Necrozma|Photon Geyser|p1a: Iron Hands\n|-supereffective|p1a: Iron Hands\n|-damage|p1a: Iron Hands|12\/100\n|move|p1a: Iron Hands|Drain Punch|p2b: Ogerpon\n|-supereffective|p2b: Ogerpon\n|-ability|p2b: Ogerpon|Sturdy\n|-damage|p2b: Ogerpon|1\/100\n|-heal|p1a: Iron Hands|43\/100|[from] drain|[of] p2b: Ogerpon\n|\n|upkeep\n|turn|3\n|inactive|jecheonjo has 30 seconds left.\n|inactive|jecheonjo has 20 seconds left.\n|\n|t:|1739851518\n|switch|p2b: Ursaluna|Ursaluna, L50, F|100\/100\n|move|p1b: Entei|Extreme Speed|p2b: Ursaluna\n|-damage|p2b: Ursaluna|71\/100\n|-damage|p1b: Entei|91\/100|[from] item: Life Orb\n|move|p2a: Necrozma|Photon Geyser|p1a: Iron Hands\n|-supereffective|p1a: Iron Hands\n|-damage|p1a: Iron Hands|0 fnt\n|faint|p1a: Iron Hands\n|-end|p1a: Iron Hands|Quark Drive|[silent]\n|\n|-status|p2b: Ursaluna|brn|[from] item: Flame Orb\n|upkeep\n|\n|t:|1739851534\n|switch|p1a: Farigiraf|Farigiraf, L50, M, shiny|100\/100\n|-enditem|p1a: Farigiraf|Electric Seed\n|-boost|p1a: Farigiraf|def|1|[from] item: Electric Seed\n|turn|4\n|\n|t:|1739851551\n|move|p1a: Farigiraf|Helping Hand|p1b: Entei\n|-singleturn|p1b: Entei|Helping Hand|[of] p1a: Farigiraf\n|move|p1b: Entei|Sacred Fire|p2b: Ursaluna\n|-damage|p2b: Ursaluna|0 fnt\n|faint|p2b: Ursaluna\n|-damage|p1b: Entei|81\/100|[from] item: Life Orb\n|move|p2a: Necrozma|Trick Room|p2a: Necrozma\n|-fieldstart|move: Trick Room|[of] p2a: Necrozma\n|\n|upkeep\n|\n|t:|1739851559\n|switch|p2b: Amoonguss|Amoonguss, L50, M|100\/100\n|turn|5\n|\n|t:|1739851581\n|-terastallize|p2b: Amoonguss|Fairy\n|move|p2b: Amoonguss|Rage Powder|p2b: Amoonguss\n|-singleturn|p2b: Amoonguss|move: Rage Powder\n|move|p1a: Farigiraf|Ally Switch|p1a: Farigiraf\n|swap|p1a: Farigiraf|1|[from] move: Ally Switch\n|move|p2a: Necrozma|Photon Geyser|p1b: Farigiraf\n|-resisted|p1b: Farigiraf\n|-damage|p1b: Farigiraf|84\/100\n|move|p1a: Entei|Sacred Fire|p2b: Amoonguss\n|-damage|p2b: Amoonguss|49\/100\n|-damage|p1a: Entei|71\/100|[from] item: Life Orb\n|\n|-fieldend|move: Electric Terrain\n|upkeep\n|turn|6\n|j| 413XP\n|inactive|jecheonjo has 30 seconds left.\n|\n|t:|1739851612\n|switch|p1a: Miraidon|Miraidon, L50|100\/100\n|-fieldstart|move: Electric Terrain|[from] ability: Hadron Engine|[of] p1a: Miraidon\n|move|p2b: Amoonguss|Pollen Puff|p1a: Miraidon\n|-damage|p1a: Miraidon|86\/100\n|move|p2a: Necrozma|Photon Geyser|p1a: Miraidon\n|-damage|p1a: Miraidon|32\/100\n|move|p1b: Farigiraf|Trick Room|p1b: Farigiraf\n|-fieldend|move: Trick Room\n|\n|upkeep\n|turn|7\n|inactive|jecheonjo has 30 seconds left.\n|inactive|jecheonjo has 20 seconds left.\n|inactive|jecheonjo has 15 seconds left.\n|inactive|jecheonjo has 10 seconds left.\n|\n|t:|1739851661\n|move|p2b: Amoonguss|Rage Powder|p2b: Amoonguss\n|-singleturn|p2b: Amoonguss|move: Rage Powder\n|move|p1a: Miraidon|Volt Switch|p2b: Amoonguss\n|-damage|p2b: Amoonguss|0 fnt\n|faint|p2b: Amoonguss\n|\n|t:|1739851667\n|switch|p1a: Entei|Entei, L50|71\/100|[from] Volt Switch\n|move|p2a: Necrozma|Photon Geyser|p1a: Entei\n|-damage|p1a: Entei|16\/100\n|move|p1b: Farigiraf|Foul Play|p2a: Necrozma\n|-supereffective|p2a: Necrozma\n|-damage|p2a: Necrozma|57\/100\n|\n|upkeep\n|\n|t:|1739851675\n|switch|p2b: Ogerpon|Ogerpon-Cornerstone, L50, F|1\/100\n|turn|8\n|\n|t:|1739851689\n|move|p1a: Entei|Protect|p1a: Entei\n|-singleturn|p1a: Entei|Protect\n|move|p2b: Ogerpon|Ivy Cudgel|p1b: Farigiraf|[anim] Ivy Cudgel Rock\n|-damage|p1b: Farigiraf|54\/100\n|move|p2a: Necrozma|Sunsteel Strike|p1b: Farigiraf\n|-damage|p1b: Farigiraf|23\/100\n|move|p1b: Farigiraf|Foul Play|p2a: Necrozma\n|-supereffective|p2a: Necrozma\n|-damage|p2a: Necrozma|17\/100\n|\n|upkeep\n|turn|9\n|inactive|jecheonjo has 30 seconds left.\n|\n|t:|1739851719\n|-terastallize|p1b: Farigiraf|Water\n|move|p1a: Entei|Extreme Speed|p2b: Ogerpon\n|-resisted|p2b: Ogerpon\n|-damage|p2b: Ogerpon|0 fnt\n|faint|p2b: Ogerpon\n|-damage|p1a: Entei|6\/100|[from] item: Life Orb\n|move|p2a: Necrozma|Sunsteel Strike|p1b: Farigiraf\n|-resisted|p1b: Farigiraf\n|-damage|p1b: Farigiraf|8\/100\n|move|p1b: Farigiraf|Foul Play|p2a: Necrozma\n|-supereffective|p2a: Necrozma\n|-damage|p2a: Necrozma|0 fnt\n|faint|p2a: Necrozma\n|\n|win|Punihina\n|raw|Punihina's rating: 1617 &rarr; <strong>1638<\/strong><br \/>(+21 for winning)\n|raw|jecheonjo's rating: 1640 &rarr; <strong>1619<\/strong><br \/>(-21 for losing)\n|l|\u2606jecheonjo\n|player|p2|\n|l| Eggy068\n|l| Salvato1902V\n|l| mr pogostick\n","uploadtime":1739851736,"views":12,"formatid":"gen9vgc2025regg","rating":1619,"private":0,"password":null}