{"id":"gen9vgc2025regg-2302046541","format":"[Gen 9] VGC 2025 Reg G","players":["Magiplop","Wilfredistall"],"log":"|j|\u2606Magiplop\n|j|\u2606Wilfredistall\n|t:|1739740455\n|gametype|doubles\n|player|p1|Magiplop|1|1594\n|player|p2|Wilfredistall|170|1557\n|teamsize|p1|6\n|teamsize|p2|6\n|gen|9\n|tier|[Gen 9] VGC 2025 Reg G\n|rated|\n|rule|Species Clause: Limit one of each Pok\u00e9mon\n|rule|Item Clause: Limit 1 of each item\n|clearpoke\n|poke|p1|Rillaboom, L50, M|\n|poke|p1|Kyogre, L50|\n|poke|p1|Indeedee-F, L50, F|\n|poke|p1|Urshifu-*, L50, M|\n|poke|p1|Chien-Pao, L50|\n|poke|p1|Chi-Yu, L50|\n|poke|p2|Kyogre, L50|\n|poke|p2|Indeedee-F, L50, F|\n|poke|p2|Iron Crown, L50|\n|poke|p2|Urshifu-*, L50, M|\n|poke|p2|Landorus, L50, M|\n|poke|p2|Incineroar, L50, F|\n|teampreview|4\nWilfredistall has agreed to open team sheets.\n|\n|t:|1739740481\n|start\n|switch|p1a: Kyogre|Kyogre, L50, shiny|100\/100\n|switch|p1b: Chien-Pao|Chien-Pao, L50|100\/100\n|switch|p2a: Iron Crown|Iron Crown, L50|100\/100\n|switch|p2b: Landorus|Landorus, L50, M|100\/100\n|-ability|p1b: Chien-Pao|Sword of Ruin\n|-weather|RainDance|[from] ability: Drizzle|[of] p1a: Kyogre\n|-enditem|p2a: Iron Crown|Booster Energy\n|-activate|p2a: Iron Crown|ability: Quark Drive|[fromitem]\n|-start|p2a: Iron Crown|quarkdrivespa\n|turn|1\n|\n|t:|1739740518\n|-terastallize|p2b: Landorus|Water\n|move|p1b: Chien-Pao|Protect|p1b: Chien-Pao\n|-singleturn|p1b: Chien-Pao|Protect\n|move|p2a: Iron Crown|Protect|p2a: Iron Crown\n|-singleturn|p2a: Iron Crown|Protect\n|move|p2b: Landorus|Sandsear Storm|p1b: Chien-Pao|[spread] p1a\n|-activate|p1b: Chien-Pao|move: Protect\n|-damage|p1a: Kyogre|56\/100\n|move|p1a: Kyogre|Water Spout|p2a: Iron Crown|[spread] p2b\n|-activate|p2a: Iron Crown|move: Protect\n|-resisted|p2b: Landorus\n|-damage|p2b: Landorus|65\/100\n|\n|-weather|RainDance|[upkeep]\n|upkeep\n|turn|2\n|\n|t:|1739740529\n|-end|p2a: Iron Crown|Quark Drive|[silent]\n|switch|p2a: Indeedee|Indeedee-F, L50, F|100\/100\n|-fieldstart|move: Psychic Terrain|[from] ability: Psychic Surge|[of] p2a: Indeedee\n|move|p1b: Chien-Pao|Sucker Punch||[still]\n|-fail|p1b: Chien-Pao\n|move|p2b: Landorus|Sandsear Storm|p1b: Chien-Pao|[spread] p1a,p1b\n|-crit|p1a: Kyogre\n|-damage|p1a: Kyogre|0 fnt\n|-damage|p1b: Chien-Pao|6\/100\n|faint|p1a: Kyogre\n|\n|-weather|RainDance|[upkeep]\n|upkeep\n|\n|t:|1739740532\n|switch|p1a: Rillaboom|Rillaboom, L50, M|100\/100\n|-fieldstart|move: Grassy Terrain|[from] ability: Grassy Surge|[of] p1a: Rillaboom\n|turn|3\n|\n|t:|1739740554\n|switch|p2b: Iron Crown|Iron Crown, L50|100\/100\n|move|p1b: Chien-Pao|Protect|p1b: Chien-Pao\n|-singleturn|p1b: Chien-Pao|Protect\n|move|p2a: Indeedee|Follow Me|p2a: Indeedee\n|-singleturn|p2a: Indeedee|move: Follow Me\n|move|p1a: Rillaboom|U-turn|p2a: Indeedee\n|-supereffective|p2a: Indeedee\n|-damage|p2a: Indeedee|34\/100\n|-damage|p1a: Rillaboom|84\/100|[from] item: Rocky Helmet|[of] p2a: Indeedee\n|\n|t:|1739740560\n|switch|p1a: Chi-Yu|Chi-Yu, L50|100\/100|[from] U-turn\n|-ability|p1a: Chi-Yu|Beads of Ruin\n|\n|-weather|RainDance|[upkeep]\n|-heal|p1b: Chien-Pao|12\/100|[from] Grassy Terrain\n|-heal|p2a: Indeedee|40\/100|[from] Grassy Terrain\n|upkeep\n|turn|4\n|\n|t:|1739740598\n|switch|p1b: Rillaboom|Rillaboom, L50, M|84\/100\n|switch|p2a: Kyogre|Kyogre, L50|100\/100\n|move|p2b: Iron Crown|Protect|p2b: Iron Crown\n|-singleturn|p2b: Iron Crown|Protect\n|move|p1a: Chi-Yu|Dark Pulse|p2b: Iron Crown\n|-activate|p2b: Iron Crown|move: Protect\n|\n|-weather|RainDance|[upkeep]\n|-heal|p1b: Rillaboom|90\/100|[from] Grassy Terrain\n|upkeep\n|turn|5\n|\n|t:|1739740619\n|-end|p2b: Iron Crown|Quark Drive|[silent]\n|switch|p2b: Indeedee|Indeedee-F, L50, F|40\/100\n|-fieldstart|move: Psychic Terrain|[from] ability: Psychic Surge|[of] p2b: Indeedee\n|move|p1a: Chi-Yu|Dark Pulse|p2b: Indeedee\n|-supereffective|p2b: Indeedee\n|-damage|p2b: Indeedee|0 fnt\n|faint|p2b: Indeedee\n|move|p2a: Kyogre|Origin Pulse|p1a: Chi-Yu|[spread] p1a\n|-miss|p2a: Kyogre|p1b: Rillaboom\n|-supereffective|p1a: Chi-Yu\n|-enditem|p1a: Chi-Yu|Focus Sash\n|-damage|p1a: Chi-Yu|1\/100\n|move|p1b: Rillaboom|Wood Hammer|p2a: Kyogre\n|-supereffective|p2a: Kyogre\n|-damage|p2a: Kyogre|0 fnt\n|faint|p2a: Kyogre\n|-damage|p1b: Rillaboom|55\/100|[from] Recoil\n|\n|-weather|none\n|upkeep\n|inactive|Battle timer is ON: inactive players will automatically lose when time's up. (requested by Magiplop)\n|\n|t:|1739740657\n|switch|p2b: Iron Crown|Iron Crown, L50|100\/100\n|switch|p2a: Landorus|Landorus, L50, M, tera:Water|65\/100\n|turn|6\n|\n|t:|1739740670\n|switch|p1b: Chien-Pao|Chien-Pao, L50|12\/100\n|-ability|p1b: Chien-Pao|Sword of Ruin\n|move|p1a: Chi-Yu|Protect|p1a: Chi-Yu\n|-singleturn|p1a: Chi-Yu|Protect\n|move|p2b: Iron Crown|Protect|p2b: Iron Crown\n|-singleturn|p2b: Iron Crown|Protect\n|move|p2a: Landorus|Sandsear Storm|p1b: Chien-Pao|[spread] p1b\n|-activate|p1a: Chi-Yu|move: Protect\n|-damage|p1b: Chien-Pao|0 fnt\n|faint|p1b: Chien-Pao\n|\n|upkeep\n|\n|t:|1739740671\n|switch|p1b: Rillaboom|Rillaboom, L50, M|55\/100\n|-fieldstart|move: Grassy Terrain|[from] ability: Grassy Surge|[of] p1b: Rillaboom\n|turn|7\n|inactive|Wilfredistall has 30 seconds left.\n|\n|t:|1739740705\n|-terastallize|p1b: Rillaboom|Grass\n|move|p1b: Rillaboom|Grassy Glide|p2a: Landorus\n|-supereffective|p2a: Landorus\n|-damage|p2a: Landorus|0 fnt\n|faint|p2a: Landorus\n|move|p1a: Chi-Yu|Dark Pulse|p2b: Iron Crown\n|-supereffective|p2b: Iron Crown\n|-damage|p2b: Iron Crown|0 fnt\n|faint|p2b: Iron Crown\n|-end|p2b: Iron Crown|Quark Drive|[silent]\n|\n|win|Magiplop\n|raw|Magiplop's rating: 1594 &rarr; <strong>1613<\/strong><br \/>(+19 for winning)\n|raw|Wilfredistall's rating: 1576 &rarr; <strong>1557<\/strong><br \/>(-19 for losing)\n|l|\u2606Wilfredistall\n|player|p2|\n|l|\u2606Magiplop\n|player|p1|\n","uploadtime":1739740973,"views":5,"formatid":"gen9vgc2025regg","rating":1557,"private":0,"password":null}