{"id":"gen9vgc2025regg-2302085768","format":"[Gen 9] VGC 2025 Reg G","players":["HiddenGrottoFE","chin8"],"log":"|j|\u2606HiddenGrottoFE\n|j|\u2606chin8\n|t:|1739744913\n|gametype|doubles\n|player|p1|HiddenGrottoFE|265|1509\n|player|p2|chin8|gentleman-gen4dp|1645\n|teamsize|p1|6\n|teamsize|p2|6\n|gen|9\n|tier|[Gen 9] VGC 2025 Reg G\n|rated|\n|rule|Species Clause: Limit one of each Pok\u00e9mon\n|rule|Item Clause: Limit 1 of each item\n|clearpoke\n|poke|p1|Eternatus, L50|\n|poke|p1|Incineroar, L50, M|\n|poke|p1|Urshifu-*, L50, M|\n|poke|p1|Whimsicott, L50, M|\n|poke|p1|Chi-Yu, L50|\n|poke|p1|Flutter Mane, L50|\n|poke|p2|Calyrex-Shadow, L50|\n|poke|p2|Incineroar, L50, M|\n|poke|p2|Rillaboom, L50, F|\n|poke|p2|Gastrodon-East, L50, M|\n|poke|p2|Hitmonchan, L50, M|\n|poke|p2|Tropius, L50, F|\n|teampreview|4\n|j| 2-2-2 Ape\n|\n|t:|1739744936\n|start\n|switch|p1a: Eternatus|Eternatus, L50|100\/100\n|switch|p1b: Whimsicott|Whimsicott, L50, M|100\/100\n|switch|p2a: Calyrex|Calyrex-Shadow, L50|100\/100\n|switch|p2b: Incineroar|Incineroar, L50, M|100\/100\n|-ability|p2a: Calyrex|As One\n|-ability|p2a: Calyrex|Unnerve\n|-ability|p1a: Eternatus|Pressure\n|-ability|p2b: Incineroar|Intimidate|boost\n|-unboost|p1a: Eternatus|atk|1\n|-unboost|p1b: Whimsicott|atk|1\n|turn|1\n|\n|t:|1739744945\n|move|p1a: Eternatus|Protect|p1a: Eternatus\n|-singleturn|p1a: Eternatus|Protect\n|move|p2b: Incineroar|Fake Out|p1a: Eternatus\n|-activate|p1a: Eternatus|move: Protect\n|move|p1b: Whimsicott|Tailwind|p1b: Whimsicott\n|-sidestart|p1: HiddenGrottoFE|move: Tailwind\n|move|p2a: Calyrex|Astral Barrage|p1b: Whimsicott|[spread] p1b\n|-activate|p1a: Eternatus|move: Protect\n|-damage|p1b: Whimsicott|30\/100\n|\n|upkeep\n|turn|2\n|\n|t:|1739744955\n|switch|p1b: Urshifu|Urshifu, L50, M|100\/100\n|move|p1a: Eternatus|Meteor Beam||[still]\n|-prepare|p1a: Eternatus|Meteor Beam\n|-boost|p1a: Eternatus|spa|1\n|-enditem|p1a: Eternatus|Power Herb\n|-anim|p1a: Eternatus|Meteor Beam|p2b: Incineroar\n|-supereffective|p2b: Incineroar\n|-damage|p2b: Incineroar|0 fnt\n|faint|p2b: Incineroar\n|move|p2a: Calyrex|Astral Barrage|p1a: Eternatus|[spread] p1a,p1b\n|-resisted|p1b: Urshifu\n|-damage|p1a: Eternatus|53\/100\n|-damage|p1b: Urshifu|60\/100\n|\n|upkeep\n|\n|t:|1739744966\n|switch|p2b: Rillaboom|Rillaboom, L50, F|100\/100\n|-fieldstart|move: Grassy Terrain|[from] ability: Grassy Surge|[of] p2b: Rillaboom\n|turn|3\n|\n|t:|1739744974\n|move|p1a: Eternatus|Protect|p1a: Eternatus\n|-singleturn|p1a: Eternatus|Protect\n|move|p2b: Rillaboom|Fake Out|p1b: Urshifu\n|-damage|p1b: Urshifu|46\/100\n|cant|p1b: Urshifu|flinch\n|move|p2a: Calyrex|Astral Barrage|p1a: Eternatus|[spread] p1b\n|-activate|p1a: Eternatus|move: Protect\n|-resisted|p1b: Urshifu\n|-damage|p1b: Urshifu|8\/100\n|\n|-heal|p1a: Eternatus|59\/100|[from] Grassy Terrain\n|-heal|p1b: Urshifu|14\/100|[from] Grassy Terrain\n|upkeep\n|turn|4\n|\n|t:|1739744981\n|move|p2b: Rillaboom|Grassy Glide|p1b: Urshifu\n|-damage|p1b: Urshifu|0 fnt\n|faint|p1b: Urshifu\n|move|p1a: Eternatus|Sludge Bomb|p2b: Rillaboom\n|-supereffective|p2b: Rillaboom\n|-damage|p2b: Rillaboom|0 fnt\n|faint|p2b: Rillaboom\n|move|p2a: Calyrex|Astral Barrage|p1a: Eternatus\n|-damage|p1a: Eternatus|3\/100\n|\n|-heal|p1a: Eternatus|9\/100|[from] Grassy Terrain\n|-sideend|p1: HiddenGrottoFE|move: Tailwind\n|upkeep\n|\n|t:|1739744985\n|switch|p1b: Chi-Yu|Chi-Yu, L50|100\/100\n|switch|p2b: Tropius|Tropius, L50, F|100\/100\n|-ability|p1b: Chi-Yu|Beads of Ruin\n|turn|5\n|\n|t:|1739745003\n|-terastallize|p2a: Calyrex|Fairy\n|move|p1a: Eternatus|Protect|p1a: Eternatus\n|-singleturn|p1a: Eternatus|Protect\n|move|p2b: Tropius|Wide Guard|p2b: Tropius\n|-singleturn|p2b: Tropius|Wide Guard\n|move|p2a: Calyrex|Draining Kiss|p1a: Eternatus\n|-activate|p1a: Eternatus|move: Protect\n|move|p1b: Chi-Yu|Overheat|p2b: Tropius\n|-supereffective|p2b: Tropius\n|-damage|p2b: Tropius|0 fnt\n|-unboost|p1b: Chi-Yu|spa|2\n|faint|p2b: Tropius\n|\n|-heal|p1a: Eternatus|15\/100|[from] Grassy Terrain\n|upkeep\n|turn|6\n|-message|chin8 forfeited.\n|\n|win|HiddenGrottoFE\n|raw|HiddenGrottoFE's rating: 1509 &rarr; <strong>1536<\/strong><br \/>(+27 for winning)\n|raw|chin8's rating: 1645 &rarr; <strong>1618<\/strong><br \/>(-27 for losing)\n|l|\u2606chin8\n|player|p2|\n|l| 2-2-2 Ape\n|l|\u2606HiddenGrottoFE\n|player|p1|\n","uploadtime":1739745265,"views":5,"formatid":"gen9vgc2025regg","rating":1536,"private":0,"password":null}