{"id":"gen9vgc2025regg-2302265426","format":"[Gen 9] VGC 2025 Reg G","players":["Spottedwoot","Tempest Flute"],"log":"|j|\u2606Spottedwoot\n|j|\u2606Tempest Flute\n|t:|1739768711\n|gametype|doubles\n|player|p1|Spottedwoot|266|1731\n|player|p2|Tempest Flute|policeman-gen4|1613\n|teamsize|p1|6\n|teamsize|p2|6\n|gen|9\n|tier|[Gen 9] VGC 2025 Reg G\n|rated|\n|rule|Species Clause: Limit one of each Pok\u00e9mon\n|rule|Item Clause: Limit 1 of each item\n|clearpoke\n|poke|p1|Zamazenta-*, L50|\n|poke|p1|Chien-Pao, L50|\n|poke|p1|Entei, L50|\n|poke|p1|Raging Bolt, L50|\n|poke|p1|Rillaboom, L50, F|\n|poke|p1|Farigiraf, L50, M|\n|poke|p2|Kyogre, L50|\n|poke|p2|Tornadus, L50, M|\n|poke|p2|Tsareena, L50, F|\n|poke|p2|Urshifu-*, L50, M|\n|poke|p2|Chien-Pao, L50|\n|poke|p2|Rillaboom, L50, F|\n|teampreview|4\n|inactive|Battle timer is ON: inactive players will automatically lose when time's up. (requested by Tempest Flute)\n|inactive|Tempest Flute has 60 seconds left.\n|\n|t:|1739768746\n|start\n|switch|p1a: Zamazenta|Zamazenta-Crowned, L50|100\/100\n|switch|p1b: Chien-Pao|Chien-Pao, L50|100\/100\n|switch|p2a: Tornadus|Tornadus, L50, M|100\/100\n|switch|p2b: Chien-Pao|Chien-Pao, L50|100\/100\n|-ability|p1b: Chien-Pao|Sword of Ruin\n|-ability|p1a: Zamazenta|Dauntless Shield|boost\n|-boost|p1a: Zamazenta|def|1\n|-ability|p2b: Chien-Pao|Sword of Ruin\n|turn|1\n|\n|t:|1739768763\n|-terastallize|p2b: Chien-Pao|Stellar\n|move|p2a: Tornadus|Tailwind|p2a: Tornadus\n|-sidestart|p2: Tempest Flute|move: Tailwind\n|move|p2b: Chien-Pao|Sacred Sword|p1a: Zamazenta\n|-supereffective|p1a: Zamazenta\n|-damage|p1a: Zamazenta|32\/100\n|move|p1b: Chien-Pao|Icicle Crash|p2a: Tornadus|[miss]\n|-miss|p1b: Chien-Pao|p2a: Tornadus\n|move|p1a: Zamazenta|Body Press|p2b: Chien-Pao\n|-supereffective|p2b: Chien-Pao\n|-enditem|p2b: Chien-Pao|Focus Sash\n|-damage|p2b: Chien-Pao|1\/100\n|\n|upkeep\n|turn|2\n|\n|t:|1739768782\n|move|p2b: Chien-Pao|Sucker Punch|p1b: Chien-Pao\n|-resisted|p1b: Chien-Pao\n|-damage|p1b: Chien-Pao|68\/100\n|move|p1b: Chien-Pao|Sucker Punch||[still]\n|-fail|p1b: Chien-Pao\n|move|p2a: Tornadus|Bleakwind Storm|p1b: Chien-Pao|[spread] p1b\n|-miss|p2a: Tornadus|p1a: Zamazenta\n|-damage|p1b: Chien-Pao|17\/100\n|move|p1a: Zamazenta|Heavy Slam|p2a: Tornadus\n|-damage|p2a: Tornadus|37\/100\n|\n|upkeep\n|turn|3\n|\n|t:|1739768797\n|move|p1b: Chien-Pao|Sucker Punch|p2a: Tornadus\n|-damage|p2a: Tornadus|0 fnt\n|faint|p2a: Tornadus\n|move|p2b: Chien-Pao|Sacred Sword|p1a: Zamazenta\n|-supereffective|p1a: Zamazenta\n|-damage|p1a: Zamazenta|0 fnt\n|faint|p1a: Zamazenta\n|\n|upkeep\n|\n|t:|1739768810\n|switch|p1a: Entei|Entei, L50|100\/100\n|switch|p2a: Kyogre|Kyogre, L50, shiny|100\/100\n|-weather|RainDance|[from] ability: Drizzle|[of] p2a: Kyogre\n|turn|4\n|\n|t:|1739768815\n|switch|p2b: Tsareena|Tsareena, L50, F, shiny|100\/100\n|-terastallize|p1a: Entei|Normal\n|move|p1b: Chien-Pao|Protect|p1b: Chien-Pao\n|-singleturn|p1b: Chien-Pao|Protect\n|move|p1a: Entei|Extreme Speed||[still]\n|cant|p2b: Tsareena|ability: Queenly Majesty|Extreme Speed|[of] p1a: Entei\n|move|p2a: Kyogre|Water Spout|p1a: Entei|[spread] p1a\n|-activate|p1b: Chien-Pao|move: Protect\n|-damage|p1a: Entei|0 fnt\n|faint|p1a: Entei\n|\n|-weather|RainDance|[upkeep]\n|-sideend|p2: Tempest Flute|move: Tailwind\n|upkeep\n|\n|t:|1739768819\n|switch|p1a: Raging Bolt|Raging Bolt, L50|100\/100\n|-enditem|p1a: Raging Bolt|Booster Energy\n|-activate|p1a: Raging Bolt|ability: Protosynthesis|[fromitem]\n|-start|p1a: Raging Bolt|protosynthesisspa\n|turn|5\n|c|\u2606Tempest Flute|good\n|\n|t:|1739768836\n|move|p1b: Chien-Pao|Icicle Crash|p2b: Tsareena\n|-supereffective|p2b: Tsareena\n|-damage|p2b: Tsareena|0 fnt\n|faint|p2b: Tsareena\n|move|p2a: Kyogre|Water Spout|p1a: Raging Bolt|[spread] p1a,p1b\n|-resisted|p1a: Raging Bolt\n|-damage|p1a: Raging Bolt|46\/100\n|-damage|p1b: Chien-Pao|0 fnt\n|faint|p1b: Chien-Pao\n|move|p1a: Raging Bolt|Thunderbolt|p2a: Kyogre\n|-supereffective|p2a: Kyogre\n|-damage|p2a: Kyogre|0 fnt\n|faint|p2a: Kyogre\n|\n|-weather|RainDance|[upkeep]\n|upkeep\n|\n|t:|1739768839\n|switch|p2b: Chien-Pao|Chien-Pao, L50, tera:Stellar|1\/100\n|-ability|p2b: Chien-Pao|Sword of Ruin\n|turn|6\n|\n|t:|1739768842\n|move|p2b: Chien-Pao|Protect|p2b: Chien-Pao\n|-singleturn|p2b: Chien-Pao|Protect\n|move|p1a: Raging Bolt|Protect||[still]\n|-fail|p1a: Raging Bolt\n|\n|-weather|RainDance|[upkeep]\n|upkeep\n|turn|7\n|\n|t:|1739768854\n|move|p2b: Chien-Pao|Protect||[still]\n|-fail|p2b: Chien-Pao\n|move|p1a: Raging Bolt|Thunderbolt|p2b: Chien-Pao\n|-damage|p2b: Chien-Pao|0 fnt\n|faint|p2b: Chien-Pao\n|\n|win|Spottedwoot\n|raw|Spottedwoot's rating: 1731 &rarr; <strong>1744<\/strong><br \/>(+13 for winning)\n|raw|Tempest Flute's rating: 1613 &rarr; <strong>1600<\/strong><br \/>(-13 for losing)\n|l|\u2606Tempest Flute\n|player|p2|\n|l|\u2606Spottedwoot\n|player|p1|\n","uploadtime":1739768860,"views":62,"formatid":"gen9vgc2025regg","rating":1600,"private":0,"password":null}