{"id":"gen9vgc2025regg-2302880973","format":"[Gen 9] VGC 2025 Reg G","players":["parrotboy","ssbutan"],"log":"|j|\u2606parrotboy\n|j|\u2606ssbutan\n|t:|1739850180\n|gametype|doubles\n|player|p1|parrotboy|hiker-gen4|1630\n|player|p2|ssbutan|camper|1611\n|teamsize|p1|6\n|teamsize|p2|6\n|gen|9\n|tier|[Gen 9] VGC 2025 Reg G\n|rated|\n|rule|Species Clause: Limit one of each Pok\u00e9mon\n|rule|Item Clause: Limit 1 of each item\n|clearpoke\n|poke|p1|Zacian-*, L50|\n|poke|p1|Iron Valiant, L50|\n|poke|p1|Raichu, L50, F|\n|poke|p1|Politoed, L50, F|\n|poke|p1|Landorus, L50, M|\n|poke|p1|Kingambit, L50, M|\n|poke|p2|Calyrex-Ice, L50|\n|poke|p2|Cresselia, L50, F|\n|poke|p2|Rillaboom, L50, M|\n|poke|p2|Urshifu-*, L50, M|\n|poke|p2|Flutter Mane, L50|\n|poke|p2|Sandy Shocks, L50|\n|teampreview|4\n|inactive|Battle timer is ON: inactive players will automatically lose when time's up. (requested by ssbutan)\n|j| chupeke23\n|inactive|ssbutan has 60 seconds left.\n|\n|t:|1739850224\n|start\n|switch|p1a: Landorus|Landorus, L50, M|100\/100\n|switch|p1b: Raichu|Raichu, L50, F|100\/100\n|switch|p2a: Flutter Mane|Flutter Mane, L50|100\/100\n|switch|p2b: Calyrex|Calyrex-Ice, L50|100\/100\n|-ability|p2b: Calyrex|As One\n|-ability|p2b: Calyrex|Unnerve\n|-enditem|p2a: Flutter Mane|Booster Energy\n|-activate|p2a: Flutter Mane|ability: Protosynthesis|[fromitem]\n|-start|p2a: Flutter Mane|protosynthesisspe\n|turn|1\n|\n|t:|1739850241\n|move|p1b: Raichu|Fake Out|p2b: Calyrex\n|-damage|p2b: Calyrex|97\/100\n|move|p2a: Flutter Mane|Dazzling Gleam|p1a: Landorus|[spread] p1a,p1b\n|-damage|p1a: Landorus|74\/100\n|-damage|p1b: Raichu|74\/100\n|move|p1a: Landorus|Sludge Bomb|p2a: Flutter Mane\n|-damage|p2a: Flutter Mane|50\/100\n|cant|p2b: Calyrex|flinch\n|\n|-heal|p2b: Calyrex|100\/100|[from] item: Leftovers\n|upkeep\n|turn|2\n|inactive|ssbutan has 30 seconds left.\n|inactive|ssbutan has 20 seconds left.\n|l| chupeke23\n|inactive|ssbutan has 15 seconds left.\n|inactive|ssbutan has 10 seconds left.\n|c|\u2606parrotboy|Av on flutter?\n|\n|t:|1739850287\n|move|p1a: Landorus|Protect|p1a: Landorus\n|-singleturn|p1a: Landorus|Protect\n|move|p2a: Flutter Mane|Pain Split|p1a: Landorus\n|-activate|p1a: Landorus|move: Protect\n|move|p1b: Raichu|Nuzzle|p2a: Flutter Mane\n|-damage|p2a: Flutter Mane|42\/100\n|-status|p2a: Flutter Mane|par\n|move|p2b: Calyrex|Glacial Lance|p1b: Raichu|[spread] p1b\n|-activate|p1a: Landorus|move: Protect\n|-damage|p1b: Raichu|0 fnt\n|faint|p1b: Raichu\n|-ability|p2b: Calyrex|Chilling Neigh|boost\n|-boost|p2b: Calyrex|atk|1\n|\n|upkeep\n|j| mr pogostick\n|j| holyonion\n|\n|t:|1739850306\n|switch|p1b: Zacian|Zacian-Crowned, L50|100\/100\n|-ability|p1b: Zacian|Intrepid Sword|boost\n|-boost|p1b: Zacian|atk|1\n|turn|3\n|inactive|ssbutan has 30 seconds left.\n|\n|t:|1739850334\n|move|p1b: Zacian|Behemoth Blade|p2b: Calyrex\n|-supereffective|p2b: Calyrex\n|-damage|p2b: Calyrex|2\/100\n|move|p2a: Flutter Mane|Pain Split|p1b: Zacian\n|-sethp|p1b: Zacian|67\/100|[from] move: Pain Split|[silent]\n|-sethp|p2a: Flutter Mane|82\/100 par|[from] move: Pain Split\n|move|p1a: Landorus|Earth Power|p2b: Calyrex\n|-damage|p2b: Calyrex|0 fnt\n|faint|p2b: Calyrex\n|\n|upkeep\n|\n|t:|1739850358\n|switch|p2b: Urshifu|Urshifu-Rapid-Strike, L50, M|100\/100\n|turn|4\n|\n|t:|1739850372\n|-end|p2a: Flutter Mane|Protosynthesis|[silent]\n|switch|p2a: Cresselia|Cresselia, L50, F|100\/100\n|-terastallize|p2b: Urshifu|Water\n|-terastallize|p1a: Landorus|Water\n|move|p2b: Urshifu|Surging Strikes|p1b: Zacian\n|-crit|p1b: Zacian\n|-damage|p1b: Zacian|45\/100\n|-crit|p1b: Zacian\n|-damage|p1b: Zacian|22\/100\n|-crit|p1b: Zacian\n|-damage|p1b: Zacian|0 fnt\n|faint|p1b: Zacian\n|-hitcount|p1: Zacian|3\n|move|p1a: Landorus|Earth Power|p2b: Urshifu\n|-damage|p2b: Urshifu|0 fnt\n|faint|p2b: Urshifu\n|\n|upkeep\n|\n|t:|1739850389\n|switch|p1b: Iron Valiant|Iron Valiant, L50|100\/100\n|switch|p2b: Flutter Mane|Flutter Mane, L50|82\/100 par\n|-enditem|p1b: Iron Valiant|Booster Energy\n|-activate|p1b: Iron Valiant|ability: Quark Drive|[fromitem]\n|-start|p1b: Iron Valiant|quarkdrivespe\n|turn|5\n|\n|t:|1739850407\n|move|p1b: Iron Valiant|Spirit Break|p2a: Cresselia\n|-damage|p2a: Cresselia|82\/100\n|-unboost|p2a: Cresselia|spa|1\n|move|p1a: Landorus|Sandsear Storm|p2a: Cresselia|[spread] p2b\n|-immune|p2a: Cresselia|[from] ability: Levitate\n|-damage|p2b: Flutter Mane|16\/100 par\n|move|p2a: Cresselia|Lunar Blessing|p2a: Cresselia|[spread] p2a,p2b\n|-heal|p2a: Cresselia|100\/100\n|-heal|p2b: Flutter Mane|40\/100 par\n|-curestatus|p2b: Flutter Mane|par|[msg]\n|move|p2b: Flutter Mane|Dazzling Gleam|p1a: Landorus|[spread] p1a,p1b\n|-supereffective|p1b: Iron Valiant\n|-damage|p1a: Landorus|43\/100\n|-damage|p1b: Iron Valiant|36\/100\n|\n|upkeep\n|turn|6\n|inactive|ssbutan has 30 seconds left.\n|\n|t:|1739850436\n|move|p1b: Iron Valiant|Wide Guard|p1b: Iron Valiant\n|-singleturn|p1b: Iron Valiant|Wide Guard\n|move|p2a: Cresselia|Ally Switch|p2a: Cresselia\n|swap|p2a: Cresselia|1|[from] move: Ally Switch\n|move|p2a: Flutter Mane|Dazzling Gleam|p1b: Iron Valiant|[spread] \n|-activate|p1a: Landorus|move: Wide Guard\n|-activate|p1b: Iron Valiant|move: Wide Guard\n|move|p1a: Landorus|Earth Power|p2b: Cresselia\n|-immune|p2b: Cresselia|[from] ability: Levitate\n|\n|upkeep\n|turn|7\n|\n|t:|1739850450\n|move|p1b: Iron Valiant|Wide Guard|p1b: Iron Valiant\n|-singleturn|p1b: Iron Valiant|Wide Guard\n|move|p2a: Flutter Mane|Dazzling Gleam|p1a: Landorus|[spread] \n|-activate|p1a: Landorus|move: Wide Guard\n|-activate|p1b: Iron Valiant|move: Wide Guard\n|move|p1a: Landorus|Sludge Bomb|p2a: Flutter Mane\n|-damage|p2a: Flutter Mane|0 fnt\n|faint|p2a: Flutter Mane\n|-end|p2a: Flutter Mane|Protosynthesis|[silent]\n|move|p2b: Cresselia|Psychic|p1b: Iron Valiant\n|-supereffective|p1b: Iron Valiant\n|-damage|p1b: Iron Valiant|0 fnt\n|faint|p1b: Iron Valiant\n|-end|p1b: Iron Valiant|Quark Drive|[silent]\n|\n|upkeep\n|turn|8\n|\n|t:|1739850465\n|move|p1a: Landorus|Sludge Bomb|p2b: Cresselia\n|-crit|p2b: Cresselia\n|-damage|p2b: Cresselia|53\/100\n|move|p2b: Cresselia|Thunder Wave|p1a: Landorus\n|-status|p1a: Landorus|par\n|\n|upkeep\n|turn|9\n|\n|t:|1739850488\n|move|p2b: Cresselia|Psychic|p1a: Landorus\n|-damage|p1a: Landorus|26\/100 par\n|-unboost|p1a: Landorus|spd|1\n|move|p1a: Landorus|Sludge Bomb|p2b: Cresselia\n|-damage|p2b: Cresselia|19\/100\n|\n|upkeep\n|turn|10\n|\n|t:|1739850500\n|move|p2b: Cresselia|Psychic|p1a: Landorus\n|-damage|p1a: Landorus|0 fnt\n|faint|p1a: Landorus\n|\n|win|ssbutan\n|raw|parrotboy's rating: 1630 &rarr; <strong>1609<\/strong><br \/>(-21 for losing)\n|raw|ssbutan's rating: 1611 &rarr; <strong>1632<\/strong><br \/>(+21 for winning)\n|l|\u2606ssbutan\n|player|p2|\n|l|\u2606parrotboy\n|player|p1|\n|j|\u2606ssbutan\n|player|p2|ssbutan|camper|\n","uploadtime":1739850530,"views":21,"formatid":"gen9vgc2025regg","rating":1609,"private":0,"password":null}