{"id":"gen9vgc2025regg-2302288041","format":"[Gen 9] VGC 2025 Reg G","players":["Spottedwoot","aoiharada"],"log":"|j|\u2606Spottedwoot\n|j|\u2606aoiharada\n|t:|1739772744\n|gametype|doubles\n|player|p1|Spottedwoot|266|1720\n|player|p2|aoiharada|266|1611\n|teamsize|p1|6\n|teamsize|p2|6\n|gen|9\n|tier|[Gen 9] VGC 2025 Reg G\n|rated|\n|rule|Species Clause: Limit one of each Pok\u00e9mon\n|rule|Item Clause: Limit 1 of each item\n|clearpoke\n|poke|p1|Zamazenta-*, L50|\n|poke|p1|Chien-Pao, L50|\n|poke|p1|Entei, L50|\n|poke|p1|Raging Bolt, L50|\n|poke|p1|Rillaboom, L50, F|\n|poke|p1|Farigiraf, L50, F|\n|poke|p2|Weezing-Galar, L50, F|\n|poke|p2|Calyrex-Shadow, L50|\n|poke|p2|Dondozo, L50, M|\n|poke|p2|Tatsugiri, L50, F|\n|poke|p2|Incineroar, L50, M|\n|poke|p2|Roaring Moon, L50|\n|teampreview|4\n|\n|t:|1739772796\n|start\n|switch|p1a: Zamazenta|Zamazenta-Crowned, L50|100\/100\n|switch|p1b: Rillaboom|Rillaboom, L50, F|100\/100\n|switch|p2a: Weezing|Weezing-Galar, L50, F|100\/100\n|switch|p2b: Incineroar|Incineroar, L50, M|100\/100\n|-ability|p2a: Weezing|Neutralizing Gas\n|-block|p2b: Incineroar|item: Ability Shield\n|-ability|p2b: Incineroar|Intimidate|boost\n|-unboost|p1a: Zamazenta|atk|1\n|-unboost|p1b: Rillaboom|atk|1\n|turn|1\n|\n|t:|1739772830\n|move|p2b: Incineroar|Fake Out|p1a: Zamazenta\n|-resisted|p1a: Zamazenta\n|-damage|p1a: Zamazenta|97\/100\n|move|p1b: Rillaboom|Fake Out|p2b: Incineroar\n|-damage|p2b: Incineroar|91\/100\n|cant|p1a: Zamazenta|flinch\n|move|p2a: Weezing|Toxic Spikes|p1b: Rillaboom\n|-sidestart|p1: Spottedwoot|move: Toxic Spikes\n|\n|upkeep\n|turn|2\n|\n|t:|1739772861\n|switch|p2b: Dondozo|Dondozo, L50, M|100\/100\n|move|p1a: Zamazenta|Iron Defense|p1a: Zamazenta\n|-boost|p1a: Zamazenta|def|2\n|move|p1b: Rillaboom|U-turn|p2b: Dondozo\n|-damage|p2b: Dondozo|91\/100\n|\n|t:|1739772867\n|switch|p1b: Raging Bolt|Raging Bolt, L50|100\/100|[from] U-turn\n|-status|p1b: Raging Bolt|psn\n|move|p2a: Weezing|Poison Gas|p1b: Raging Bolt|[spread] \n|-immune|p1a: Zamazenta\n|-fail|p1b: Raging Bolt|psn\n|\n|-heal|p2b: Dondozo|97\/100|[from] item: Leftovers\n|-damage|p1b: Raging Bolt|88\/100 psn|[from] psn\n|upkeep\n|turn|3\n|\n|t:|1739772895\n|-terastallize|p1b: Raging Bolt|Electric\n|move|p2b: Dondozo|Protect|p2b: Dondozo\n|-singleturn|p2b: Dondozo|Protect\n|move|p1a: Zamazenta|Body Press|p2b: Dondozo\n|-activate|p2b: Dondozo|move: Protect\n|move|p1b: Raging Bolt|Thunderbolt|p2b: Dondozo\n|-activate|p2b: Dondozo|move: Protect\n|move|p2a: Weezing|Strange Steam|p1b: Raging Bolt\n|-damage|p1b: Raging Bolt|64\/100 psn\n|\n|-heal|p2b: Dondozo|100\/100|[from] item: Leftovers\n|-damage|p1b: Raging Bolt|52\/100 psn|[from] psn\n|upkeep\n|turn|4\n|\n|t:|1739772911\n|-end|p2a: Weezing|ability: Neutralizing Gas\n|-ability|p1a: Zamazenta|Dauntless Shield|boost\n|-boost|p1a: Zamazenta|def|1\n|switch|p2a: Tatsugiri|Tatsugiri, L50, F|100\/100\n|-enditem|p1b: Raging Bolt|Booster Energy\n|-activate|p1b: Raging Bolt|ability: Protosynthesis|[fromitem]\n|-start|p1b: Raging Bolt|protosynthesisspa\n|-activate|p2a: Tatsugiri|ability: Commander|[of] p2b: Dondozo\n|-boost|p2b: Dondozo|atk|2\n|-boost|p2b: Dondozo|spa|2\n|-boost|p2b: Dondozo|spe|2\n|-boost|p2b: Dondozo|def|2\n|-boost|p2b: Dondozo|spd|2\n|move|p1b: Raging Bolt|Thunderclap||[still]\n|-fail|p1b: Raging Bolt\n|move|p1a: Zamazenta|Body Press|p2b: Dondozo\n|-damage|p2b: Dondozo|86\/100\n|move|p2b: Dondozo|Substitute|p2b: Dondozo\n|-start|p2b: Dondozo|Substitute\n|-damage|p2b: Dondozo|62\/100\n|\n|-heal|p2b: Dondozo|68\/100|[from] item: Leftovers\n|-damage|p1b: Raging Bolt|39\/100 psn|[from] psn\n|upkeep\n|turn|5\n|\n|t:|1739772929\n|move|p2b: Dondozo|Protect|p2b: Dondozo\n|-singleturn|p2b: Dondozo|Protect\n|move|p1b: Raging Bolt|Thunderclap||[still]\n|-fail|p1b: Raging Bolt\n|move|p1a: Zamazenta|Body Press|p2b: Dondozo\n|-activate|p2b: Dondozo|move: Protect\n|\n|-heal|p2b: Dondozo|74\/100|[from] item: Leftovers\n|-damage|p1b: Raging Bolt|27\/100 psn|[from] psn\n|upkeep\n|turn|6\n|\n|t:|1739772940\n|move|p1b: Raging Bolt|Thunderclap|p2b: Dondozo\n|-supereffective|p2b: Dondozo\n|-end|p2b: Dondozo|Substitute\n|move|p1a: Zamazenta|Body Press|p2b: Dondozo\n|-damage|p2b: Dondozo|61\/100\n|move|p2b: Dondozo|Earthquake|p1a: Zamazenta|[spread] p1a,p1b\n|-miss|p2b: Dondozo|p2a: Tatsugiri\n|-supereffective|p1a: Zamazenta\n|-supereffective|p1b: Raging Bolt\n|-damage|p1a: Zamazenta|45\/100\n|-damage|p1b: Raging Bolt|0 fnt\n|faint|p1b: Raging Bolt\n|-end|p1b: Raging Bolt|Protosynthesis|[silent]\n|\n|-heal|p2b: Dondozo|67\/100|[from] item: Leftovers\n|upkeep\n|\n|t:|1739772944\n|switch|p1b: Rillaboom|Rillaboom, L50, F|100\/100\n|-status|p1b: Rillaboom|psn\n|-fieldstart|move: Grassy Terrain|[from] ability: Grassy Surge|[of] p1b: Rillaboom\n|turn|7\n|\n|t:|1739772951\n|move|p2b: Dondozo|Protect|p2b: Dondozo\n|-singleturn|p2b: Dondozo|Protect\n|move|p1a: Zamazenta|Body Press|p2b: Dondozo\n|-activate|p2b: Dondozo|move: Protect\n|move|p1b: Rillaboom|U-turn|p2b: Dondozo\n|-activate|p2b: Dondozo|move: Protect\n|\n|-heal|p1a: Zamazenta|51\/100|[from] Grassy Terrain\n|-heal|p2b: Dondozo|74\/100|[from] Grassy Terrain\n|-heal|p2b: Dondozo|80\/100|[from] item: Leftovers\n|-damage|p1b: Rillaboom|88\/100 psn|[from] psn\n|upkeep\n|turn|8\n|\n|t:|1739772960\n|move|p1a: Zamazenta|Body Press|p2b: Dondozo\n|-damage|p2b: Dondozo|67\/100\n|move|p2b: Dondozo|Wave Crash|p1a: Zamazenta\n|-damage|p1a: Zamazenta|0 fnt\n|faint|p1a: Zamazenta\n|-damage|p2b: Dondozo|55\/100|[from] Recoil\n|move|p1b: Rillaboom|Wood Hammer|p2b: Dondozo\n|-supereffective|p2b: Dondozo\n|-damage|p2b: Dondozo|6\/100\n|-damage|p1b: Rillaboom|68\/100 psn|[from] Recoil\n|\n|-heal|p2b: Dondozo|13\/100|[from] Grassy Terrain\n|-heal|p2b: Dondozo|19\/100|[from] item: Leftovers\n|-heal|p1b: Rillaboom|74\/100 psn|[from] Grassy Terrain\n|-damage|p1b: Rillaboom|62\/100 psn|[from] psn\n|upkeep\n|\n|t:|1739772969\n|switch|p1a: Chien-Pao|Chien-Pao, L50|100\/100\n|-status|p1a: Chien-Pao|psn\n|-ability|p1a: Chien-Pao|Sword of Ruin\n|turn|9\n|\n|t:|1739772979\n|move|p2b: Dondozo|Protect|p2b: Dondozo\n|-singleturn|p2b: Dondozo|Protect\n|move|p1b: Rillaboom|Grassy Glide|p2b: Dondozo\n|-activate|p2b: Dondozo|move: Protect\n|move|p1a: Chien-Pao|Sacred Sword|p2b: Dondozo\n|-activate|p2b: Dondozo|move: Protect\n|\n|-heal|p2b: Dondozo|25\/100|[from] Grassy Terrain\n|-heal|p2b: Dondozo|31\/100|[from] item: Leftovers\n|-heal|p1b: Rillaboom|68\/100 psn|[from] Grassy Terrain\n|-damage|p1a: Chien-Pao|88\/100 psn|[from] psn\n|-damage|p1b: Rillaboom|56\/100 psn|[from] psn\n|upkeep\n|turn|10\n|\n|t:|1739772997\n|move|p1a: Chien-Pao|Icicle Crash|p2b: Dondozo\n|-resisted|p2b: Dondozo\n|-damage|p2b: Dondozo|22\/100\n|move|p2b: Dondozo|Wave Crash|p1a: Chien-Pao\n|-damage|p1a: Chien-Pao|0 fnt\n|faint|p1a: Chien-Pao\n|-damage|p2b: Dondozo|4\/100|[from] Recoil\n|move|p1b: Rillaboom|Wood Hammer|p2b: Dondozo\n|-supereffective|p2b: Dondozo\n|-damage|p2b: Dondozo|0 fnt\n|faint|p2b: Dondozo\n|-damage|p1b: Rillaboom|54\/100 psn|[from] Recoil\n|\n|-heal|p1b: Rillaboom|60\/100 psn|[from] Grassy Terrain\n|-damage|p1b: Rillaboom|48\/100 psn|[from] psn\n|upkeep\n|-message|Spottedwoot forfeited.\n|\n|win|aoiharada\n|raw|Spottedwoot's rating: 1720 &rarr; <strong>1694<\/strong><br \/>(-26 for losing)\n|raw|aoiharada's rating: 1611 &rarr; <strong>1637<\/strong><br \/>(+26 for winning)\n|l|\u2606Spottedwoot\n|player|p1|\n|l|\u2606aoiharada\n|player|p2|\n","uploadtime":1739773004,"views":70,"formatid":"gen9vgc2025regg","rating":1637,"private":0,"password":null}