{"id":"gen9vgc2025regg-2302757869","format":"[Gen 9] VGC 2025 Reg G","players":["21625q","sillysyl"],"log":"|j|\u260621625q\n|j|\u2606sillysyl\n|t:|1739834404\n|gametype|doubles\n|player|p1|21625q|courtney|1577\n|player|p2|sillysyl|266|1601\n|teamsize|p1|6\n|teamsize|p2|6\n|gen|9\n|tier|[Gen 9] VGC 2025 Reg G\n|rated|\n|rule|Species Clause: Limit one of each Pok\u00e9mon\n|rule|Item Clause: Limit 1 of each item\n|clearpoke\n|poke|p1|Miraidon, L50|\n|poke|p1|Iron Bundle, L50|\n|poke|p1|Incineroar, L50, F|\n|poke|p1|Urshifu-*, L50, F|\n|poke|p1|Iron Hands, L50|\n|poke|p1|Regice, L50|\n|poke|p2|Calyrex-Shadow, L50|\n|poke|p2|Ting-Lu, L50|\n|poke|p2|Dondozo, L50, M|\n|poke|p2|Urshifu-*, L50, M|\n|poke|p2|Ogerpon-Hearthflame, L50, F|\n|poke|p2|Whimsicott, L50, M|\n|teampreview|4\n|inactive|Battle timer is ON: inactive players will automatically lose when time's up. (requested by sillysyl)\n|inactive|21625q has 60 seconds left.\n|inactive|sillysyl has 60 seconds left.\n|j| pmg9\n|\n|t:|1739834446\n|start\n|switch|p1a: Miraidon|Miraidon, L50|100\/100\n|switch|p1b: Regice|Regice, L50|100\/100\n|switch|p2a: Whimsicott|Whimsicott, L50, M|100\/100\n|switch|p2b: Ogerpon|Ogerpon-Hearthflame, L50, F|100\/100\n|-fieldstart|move: Electric Terrain|[from] ability: Hadron Engine|[of] p1a: Miraidon\n|-ability|p2b: Ogerpon|Mold Breaker\n|turn|1\n|inactive|21625q has 30 seconds left.\n|\n|t:|1739834474\n|-terastallize|p1b: Regice|Ghost\n|move|p2a: Whimsicott|Tailwind|p2a: Whimsicott\n|-sidestart|p2: sillysyl|move: Tailwind\n|move|p2b: Ogerpon|Ivy Cudgel|p1b: Regice|[anim] Ivy Cudgel Fire\n|-crit|p1b: Regice\n|-damage|p1b: Regice|23\/100\n|move|p1a: Miraidon|Draco Meteor|p2b: Ogerpon|[miss]\n|-miss|p1a: Miraidon|p2b: Ogerpon\n|move|p1b: Regice|Ice Beam|p2a: Whimsicott\n|-supereffective|p2a: Whimsicott\n|-damage|p2a: Whimsicott|0 fnt\n|faint|p2a: Whimsicott\n|-damage|p1b: Regice|13\/100|[from] item: Life Orb\n|\n|upkeep\n|\n|t:|1739834488\n|switch|p2a: Calyrex|Calyrex-Shadow, L50|100\/100\n|-ability|p2a: Calyrex|As One\n|-ability|p2a: Calyrex|Unnerve\n|turn|2\n|\n|t:|1739834505\n|move|p1b: Regice|Protect|p1b: Regice\n|-singleturn|p1b: Regice|Protect\n|move|p2b: Ogerpon|Follow Me|p2b: Ogerpon\n|-singleturn|p2b: Ogerpon|move: Follow Me\n|move|p2a: Calyrex|Astral Barrage|p1a: Miraidon|[spread] p1a\n|-activate|p1b: Regice|move: Protect\n|-damage|p1a: Miraidon|31\/100\n|-damage|p2a: Calyrex|91\/100|[from] item: Life Orb\n|move|p1a: Miraidon|Draco Meteor|p2b: Ogerpon\n|-damage|p2b: Ogerpon|0 fnt\n|-unboost|p1a: Miraidon|spa|2\n|faint|p2b: Ogerpon\n|\n|upkeep\n|\n|t:|1739834520\n|switch|p2b: Urshifu|Urshifu, L50, M|100\/100\n|turn|3\n|j| NanshanVGC\n|\n|t:|1739834537\n|switch|p1a: Iron Hands|Iron Hands, L50|100\/100\n|-activate|p1a: Iron Hands|ability: Quark Drive\n|-start|p1a: Iron Hands|quarkdriveatk\n|move|p2a: Calyrex|Astral Barrage|p1a: Iron Hands|[spread] p1a,p1b\n|-supereffective|p1b: Regice\n|-damage|p1a: Iron Hands|61\/100\n|-damage|p1b: Regice|0 fnt\n|faint|p1b: Regice\n|-ability|p2a: Calyrex|Grim Neigh|boost\n|-boost|p2a: Calyrex|spa|1\n|-damage|p2a: Calyrex|81\/100|[from] item: Life Orb\n|move|p2b: Urshifu|Wicked Blow|p1a: Iron Hands\n|-resisted|p1a: Iron Hands\n|-crit|p1a: Iron Hands\n|-damage|p1a: Iron Hands|39\/100\n|\n|upkeep\n|\n|t:|1739834559\n|switch|p1b: Iron Bundle|Iron Bundle, L50|100\/100\n|-activate|p1b: Iron Bundle|ability: Quark Drive\n|-start|p1b: Iron Bundle|quarkdrivespe\n|turn|4\n|inactive|sillysyl has 30 seconds left.\n|\n|t:|1739834590\n|move|p2b: Urshifu|Detect|p2b: Urshifu\n|-singleturn|p2b: Urshifu|Protect\n|move|p1a: Iron Hands|Fake Out|p2b: Urshifu\n|-activate|p2b: Urshifu|move: Protect\n|move|p2a: Calyrex|Astral Barrage|p1a: Iron Hands|[spread] p1a,p1b\n|-damage|p1a: Iron Hands|0 fnt\n|-enditem|p1b: Iron Bundle|Focus Sash\n|-damage|p1b: Iron Bundle|1\/100\n|faint|p1a: Iron Hands\n|-end|p1a: Iron Hands|Quark Drive|[silent]\n|-ability|p2a: Calyrex|Grim Neigh|boost\n|-boost|p2a: Calyrex|spa|1\n|-damage|p2a: Calyrex|71\/100|[from] item: Life Orb\n|move|p1b: Iron Bundle|Icy Wind|p2b: Urshifu|[spread] \n|-activate|p2b: Urshifu|move: Protect\n|-miss|p1b: Iron Bundle|p2a: Calyrex\n|\n|-sideend|p2: sillysyl|move: Tailwind\n|upkeep\n|\n|t:|1739834596\n|switch|p1a: Miraidon|Miraidon, L50|31\/100\n|-activate|p1a: Miraidon|ability: Hadron Engine\n|turn|5\n|\n|t:|1739834618\n|move|p2b: Urshifu|Sucker Punch||[still]\n|-fail|p2b: Urshifu\n|move|p1b: Iron Bundle|Encore|p2b: Urshifu\n|-start|p2b: Urshifu|Encore\n|move|p2a: Calyrex|Astral Barrage|p1a: Miraidon|[spread] p1a,p1b\n|-damage|p1a: Miraidon|0 fnt\n|-damage|p1b: Iron Bundle|0 fnt\n|faint|p1a: Miraidon\n|faint|p1b: Iron Bundle\n|-end|p1b: Iron Bundle|Quark Drive|[silent]\n|-damage|p2a: Calyrex|62\/100|[from] item: Life Orb\n|\n|win|sillysyl\n|raw|21625q's rating: 1577 &rarr; <strong>1558<\/strong><br \/>(-19 for losing)\n|raw|sillysyl's rating: 1601 &rarr; <strong>1620<\/strong><br \/>(+19 for winning)\n|l|\u260621625q\n|player|p1|\n|l| pmg9\n|l|\u2606sillysyl\n|player|p2|\n|l| NanshanVGC\n","uploadtime":1739834851,"views":11,"formatid":"gen9vgc2025regg","rating":1558,"private":0,"password":null}