{"id":"gen9vgc2025regg-2302186897","format":"[Gen 9] VGC 2025 Reg G","players":["jecheonjo","rastapopolous"],"log":"|j|\u2606jecheonjo\n|j|\u2606rastapopolous\n|t:|1739757618\n|gametype|doubles\n|player|p1|jecheonjo|steven|1663\n|player|p2|rastapopolous|gentleman-gen4|1665\n|teamsize|p1|6\n|teamsize|p2|6\n|gen|9\n|tier|[Gen 9] VGC 2025 Reg G\n|rated|\n|rule|Species Clause: Limit one of each Pok\u00e9mon\n|rule|Item Clause: Limit 1 of each item\n|clearpoke\n|poke|p1|Calyrex-Ice, L50|\n|poke|p1|Ogerpon-Cornerstone, L50, F|\n|poke|p1|Pelipper, L50, F|\n|poke|p1|Raging Bolt, L50|\n|poke|p1|Landorus, L50, M|\n|poke|p1|Urshifu-*, L50, M|\n|poke|p2|Lugia, L50|\n|poke|p2|Grimmsnarl, L50, M|\n|poke|p2|Hitmontop, L50, M|\n|poke|p2|Muk-Alola, L50, F|\n|poke|p2|Porygon2, L50|\n|poke|p2|Alcremie, L50, F|\n|teampreview|4\n|inactive|Battle timer is ON: inactive players will automatically lose when time's up. (requested by rastapopolous)\n|inactive|jecheonjo has 60 seconds left.\n|\n|t:|1739757666\n|start\n|switch|p1a: Calyrex|Calyrex-Ice, L50|100\/100\n|switch|p1b: Urshifu|Urshifu-Rapid-Strike, L50, M|100\/100\n|switch|p2a: Grimmsnarl|Grimmsnarl, L50, M|100\/100\n|switch|p2b: Muk|Muk-Alola, L50, F|100\/100\n|-ability|p1a: Calyrex|As One\n|-ability|p1a: Calyrex|Unnerve\n|turn|1\n|\n|t:|1739757686\n|move|p1b: Urshifu|Surging Strikes|p2b: Muk\n|-crit|p2b: Muk\n|-damage|p2b: Muk|82\/100\n|-crit|p2b: Muk\n|-damage|p2b: Muk|66\/100\n|-crit|p2b: Muk\n|-damage|p2b: Muk|49\/100\n|-hitcount|p2b: Muk|3\n|move|p2a: Grimmsnarl|Spirit Break|p1b: Urshifu\n|-supereffective|p1b: Urshifu\n|-damage|p1b: Urshifu|34\/100\n|-unboost|p1b: Urshifu|spa|1\n|move|p2b: Muk|Minimize|p2b: Muk\n|-boost|p2b: Muk|evasion|2\n|move|p1a: Calyrex|Glacial Lance|p2a: Grimmsnarl|[spread] p2a,p2b\n|-damage|p2a: Grimmsnarl|46\/100\n|-damage|p2b: Muk|1\/100\n|\n|-heal|p2b: Muk|7\/100|[from] item: Leftovers\n|upkeep\n|turn|2\n|inactive|jecheonjo has 30 seconds left.\n|inactive|jecheonjo has 20 seconds left.\n|\n|t:|1739757722\n|move|p2a: Grimmsnarl|Reflect|p2a: Grimmsnarl\n|-sidestart|p2: rastapopolous|Reflect\n|move|p1b: Urshifu|Surging Strikes|p2b: Muk\n|-crit|p2b: Muk\n|-damage|p2b: Muk|0 fnt\n|faint|p2b: Muk\n|-hitcount|p2: Muk|1\n|move|p1a: Calyrex|Glacial Lance|p2a: Grimmsnarl\n|-damage|p2a: Grimmsnarl|0 fnt\n|faint|p2a: Grimmsnarl\n|-ability|p1a: Calyrex|Chilling Neigh|boost\n|-boost|p1a: Calyrex|atk|1\n|\n|upkeep\n|\n|t:|1739757730\n|switch|p2a: Hitmontop|Hitmontop, L50, M|100\/100\n|switch|p2b: Lugia|Lugia, L50|100\/100\n|-ability|p2a: Hitmontop|Intimidate|boost\n|-unboost|p1a: Calyrex|atk|1\n|-unboost|p1b: Urshifu|atk|1\n|turn|3\n|\n|t:|1739757750\n|switch|p1b: Ogerpon|Ogerpon-Cornerstone, L50, F|100\/100\n|move|p2a: Hitmontop|Bullet Punch|p1a: Calyrex\n|-supereffective|p1a: Calyrex\n|-damage|p1a: Calyrex|84\/100\n|move|p2b: Lugia|Aeroblast|p1a: Calyrex\n|-crit|p1a: Calyrex\n|-damage|p1a: Calyrex|47\/100\n|move|p1a: Calyrex|Glacial Lance|p2b: Lugia|[spread] p2a,p2b\n|-supereffective|p2b: Lugia\n|-damage|p2a: Hitmontop|52\/100\n|-damage|p2b: Lugia|70\/100\n|\n|upkeep\n|turn|4\n|\n|t:|1739757765\n|-terastallize|p2b: Lugia|Fairy\n|move|p1b: Ogerpon|Follow Me|p1b: Ogerpon\n|-singleturn|p1b: Ogerpon|move: Follow Me\n|move|p2b: Lugia|Recover|p2b: Lugia\n|-heal|p2b: Lugia|100\/100\n|move|p2a: Hitmontop|Close Combat|p1b: Ogerpon\n|-supereffective|p1b: Ogerpon\n|-ability|p1b: Ogerpon|Sturdy\n|-damage|p1b: Ogerpon|1\/100\n|-unboost|p2a: Hitmontop|def|1\n|-unboost|p2a: Hitmontop|spd|1\n|move|p1a: Calyrex|Glacial Lance|p2a: Hitmontop|[spread] p2a,p2b\n|-damage|p2a: Hitmontop|0 fnt\n|-damage|p2b: Lugia|85\/100\n|faint|p2a: Hitmontop\n|-ability|p1a: Calyrex|Chilling Neigh|boost\n|-boost|p1a: Calyrex|atk|1\n|\n|upkeep\n|turn|5\n|\n|t:|1739757781\n|move|p1b: Ogerpon|Encore|p2b: Lugia\n|-start|p2b: Lugia|Encore\n|move|p2b: Lugia|Recover|p2b: Lugia\n|-heal|p2b: Lugia|100\/100\n|move|p1a: Calyrex|Glacial Lance|p2b: Lugia\n|-damage|p2b: Lugia|74\/100\n|\n|upkeep\n|turn|6\n|-message|rastapopolous forfeited.\n|\n|win|jecheonjo\n|raw|jecheonjo's rating: 1663 &rarr; <strong>1683<\/strong><br \/>(+20 for winning)\n|raw|rastapopolous's rating: 1665 &rarr; <strong>1645<\/strong><br \/>(-20 for losing)\n|l|\u2606rastapopolous\n|player|p2|\n|l|\u2606jecheonjo\n|player|p1|\n","uploadtime":1739757934,"views":9,"formatid":"gen9vgc2025regg","rating":1645,"private":0,"password":null}