{"id":"gen9vgc2025regg-2302361221","format":"[Gen 9] VGC 2025 Reg G","players":["longhq","mavstest4"],"log":"|j|\u203dlonghq\n|j|\u2606mavstest4\n|t:|1739786890\n|gametype|doubles\n|player|p1|longhq|dawn|1692\n|player|p2|mavstest4|265|1590\n|teamsize|p1|6\n|teamsize|p2|6\n|gen|9\n|tier|[Gen 9] VGC 2025 Reg G\n|rated|\n|rule|Species Clause: Limit one of each Pok\u00e9mon\n|rule|Item Clause: Limit 1 of each item\n|clearpoke\n|poke|p1|Raging Bolt, L50|\n|poke|p1|Koraidon, L50|\n|poke|p1|Jumpluff, L50, F|\n|poke|p1|Iron Bundle, L50|\n|poke|p1|Volcarona, L50, M|\n|poke|p1|Rillaboom, L50, M|\n|poke|p2|Tornadus, L50, M|\n|poke|p2|Farigiraf, L50, F|\n|poke|p2|Regieleki, L50|\n|poke|p2|Urshifu-*, L50, F|\n|poke|p2|Kyogre, L50|\n|poke|p2|Landorus, L50, M|\n|teampreview|4\n|inactive|Battle timer is ON: inactive players will automatically lose when time's up. (requested by longhq)\n|inactive|mavstest4 has 60 seconds left.\n|\n|t:|1739786981\n|start\n|switch|p1a: Jumpluff|Jumpluff, L50, F|100\/100\n|switch|p1b: Koraidon|Koraidon, L50|100\/100\n|switch|p2a: Tornadus|Tornadus, L50, M|100\/100\n|switch|p2b: Regieleki|Regieleki, L50|100\/100\n|-weather|SunnyDay|[from] ability: Orichalcum Pulse|[of] p1b: Koraidon\n|-activate|p1b: Koraidon|Orichalcum Pulse|[source]\n|turn|1\n|inactive|longhq has 30 seconds left.\n|\n|t:|1739787015\n|move|p2a: Tornadus|Rain Dance|p2a: Tornadus\n|-weather|RainDance\n|move|p2b: Regieleki|Electroweb|p1a: Jumpluff|[spread] p1a,p1b\n|-resisted|p1b: Koraidon\n|-damage|p1a: Jumpluff|71\/100\n|-damage|p1b: Koraidon|86\/100\n|-unboost|p1a: Jumpluff|spe|1\n|-unboost|p1b: Koraidon|spe|1\n|move|p1b: Koraidon|U-turn|p2b: Regieleki\n|-damage|p2b: Regieleki|31\/100\n|\n|t:|1739787020\n|switch|p1b: Iron Bundle|Iron Bundle, L50|100\/100|[from] U-turn\n|-enditem|p1b: Iron Bundle|Booster Energy\n|-activate|p1b: Iron Bundle|ability: Quark Drive|[fromitem]\n|-start|p1b: Iron Bundle|quarkdrivespe\n|move|p1a: Jumpluff|Tailwind|p1a: Jumpluff\n|-sidestart|p1: longhq|move: Tailwind\n|\n|-weather|RainDance|[upkeep]\n|upkeep\n|turn|2\n|inactive|longhq has 30 seconds left.\n|inactive|mavstest4 has 30 seconds left.\n|inactive|longhq has 20 seconds left.\n|inactive|longhq has 15 seconds left.\n|\n|t:|1739787062\n|switch|p1a: Raging Bolt|Raging Bolt, L50|100\/100\n|-terastallize|p1b: Iron Bundle|Normal\n|move|p2a: Tornadus|Tailwind|p2a: Tornadus\n|-sidestart|p2: mavstest4|move: Tailwind\n|move|p1b: Iron Bundle|Icy Wind|p2b: Regieleki|[spread] p2a,p2b\n|-supereffective|p2a: Tornadus\n|-damage|p2a: Tornadus|41\/100\n|-damage|p2b: Regieleki|0 fnt\n|-unboost|p2a: Tornadus|spe|1\n|faint|p2b: Regieleki\n|\n|-weather|RainDance|[upkeep]\n|upkeep\n|inactive|mavstest4 has 30 seconds left.\n|\n|t:|1739787089\n|switch|p2b: Landorus|Landorus, L50, M|100\/100\n|turn|3\n|\n|t:|1739787107\n|-terastallize|p2a: Tornadus|Ghost\n|move|p1b: Iron Bundle|Protect|p1b: Iron Bundle\n|-singleturn|p1b: Iron Bundle|Protect\n|move|p1a: Raging Bolt|Protect|p1a: Raging Bolt\n|-singleturn|p1a: Raging Bolt|Protect\n|move|p2b: Landorus|Sandsear Storm|p1b: Iron Bundle|[spread] \n|-activate|p1a: Raging Bolt|move: Protect\n|-activate|p1b: Iron Bundle|move: Protect\n|move|p2a: Tornadus|Bleakwind Storm|p1b: Iron Bundle|[spread] \n|-activate|p1a: Raging Bolt|move: Protect\n|-activate|p1b: Iron Bundle|move: Protect\n|\n|-weather|RainDance|[upkeep]\n|upkeep\n|turn|4\n|inactive|longhq has 30 seconds left.\n|\n|t:|1739787133\n|move|p2a: Tornadus|Protect|p2a: Tornadus\n|-singleturn|p2a: Tornadus|Protect\n|move|p2b: Landorus|Protect|p2b: Landorus\n|-singleturn|p2b: Landorus|Protect\n|move|p1b: Iron Bundle|Icy Wind|p2b: Landorus|[spread] \n|-activate|p2a: Tornadus|move: Protect\n|-activate|p2b: Landorus|move: Protect\n|move|p1a: Raging Bolt|Thunderbolt|p2a: Tornadus\n|-activate|p2a: Tornadus|move: Protect\n|\n|-weather|RainDance|[upkeep]\n|-sideend|p1: longhq|move: Tailwind\n|upkeep\n|turn|5\n|inactive|longhq has 30 seconds left.\n|\n|t:|1739787167\n|-end|p1a: Raging Bolt|Protosynthesis|[silent]\n|switch|p1a: Jumpluff|Jumpluff, L50, F|71\/100\n|move|p1b: Iron Bundle|Icy Wind|p2a: Tornadus|[spread] p2a,p2b\n|-supereffective|p2b: Landorus\n|-damage|p2a: Tornadus|12\/100\n|-damage|p2b: Landorus|17\/100\n|-unboost|p2a: Tornadus|spe|1\n|-unboost|p2b: Landorus|spe|1\n|move|p2b: Landorus|Sandsear Storm|p1a: Jumpluff|[spread] p1b\n|-immune|p1a: Jumpluff\n|-damage|p1b: Iron Bundle|0 fnt\n|faint|p1b: Iron Bundle\n|-end|p1b: Iron Bundle|Quark Drive|[silent]\n|move|p2a: Tornadus|Bleakwind Storm|p1a: Jumpluff\n|-supereffective|p1a: Jumpluff\n|-damage|p1a: Jumpluff|0 fnt\n|faint|p1a: Jumpluff\n|\n|-weather|none\n|-sideend|p2: mavstest4|move: Tailwind\n|upkeep\n|\n|t:|1739787180\n|switch|p1b: Raging Bolt|Raging Bolt, L50|100\/100\n|switch|p1a: Koraidon|Koraidon, L50|86\/100\n|-weather|SunnyDay|[from] ability: Orichalcum Pulse|[of] p1a: Koraidon\n|-activate|p1b: Raging Bolt|ability: Protosynthesis\n|-start|p1b: Raging Bolt|protosynthesisspa\n|-activate|p1a: Koraidon|Orichalcum Pulse|[source]\n|turn|6\n|\n|t:|1739787196\n|move|p1b: Raging Bolt|Protect|p1b: Raging Bolt\n|-singleturn|p1b: Raging Bolt|Protect\n|move|p2b: Landorus|Protect|p2b: Landorus\n|-singleturn|p2b: Landorus|Protect\n|move|p2a: Tornadus|Tailwind|p2a: Tornadus\n|-sidestart|p2: mavstest4|move: Tailwind\n|move|p1a: Koraidon|Breaking Swipe|p2a: Tornadus|[spread] p2a\n|-activate|p2b: Landorus|move: Protect\n|-damage|p2a: Tornadus|0 fnt\n|faint|p2a: Tornadus\n|\n|-weather|SunnyDay|[upkeep]\n|upkeep\n|\n|t:|1739787203\n|switch|p2a: Kyogre|Kyogre, L50|100\/100\n|-weather|RainDance|[from] ability: Drizzle|[of] p2a: Kyogre\n|-end|p1b: Raging Bolt|Protosynthesis\n|turn|7\n|\n|t:|1739787226\n|move|p1b: Raging Bolt|Thunderclap|p2a: Kyogre\n|-supereffective|p2a: Kyogre\n|-damage|p2a: Kyogre|12\/100\n|-damage|p1b: Raging Bolt|91\/100|[from] item: Life Orb\n|move|p2a: Kyogre|Origin Pulse|p1b: Raging Bolt|[spread] p1a,p1b\n|-resisted|p1a: Koraidon\n|-resisted|p1b: Raging Bolt\n|-damage|p1a: Koraidon|28\/100\n|-damage|p1b: Raging Bolt|37\/100\n|move|p1a: Koraidon|Breaking Swipe|p2a: Kyogre|[spread] p2a,p2b\n|-crit|p2b: Landorus\n|-damage|p2a: Kyogre|0 fnt\n|-damage|p2b: Landorus|0 fnt\n|faint|p2a: Kyogre\n|faint|p2b: Landorus\n|\n|win|longhq\n|raw|longhq's rating: 1692 &rarr; <strong>1706<\/strong><br \/>(+14 for winning)\n|raw|mavstest4's rating: 1590 &rarr; <strong>1576<\/strong><br \/>(-14 for losing)\n|l|\u2606mavstest4\n|player|p2|\n|l|\u203dlonghq\n|player|p1|\n","uploadtime":1739787435,"views":6,"formatid":"gen9vgc2025regg","rating":1576,"private":0,"password":null}