{"id":"gen9vgc2025regg-2302622367","format":"[Gen 9] VGC 2025 Reg G","players":["Somie","Kimchi2007"],"log":"|j|\u2606Somie\n|j|\u2606Kimchi2007\n|t:|1739819938\n|gametype|doubles\n|player|p1|Somie|marnie|1620\n|player|p2|Kimchi2007|265|1620\n|teamsize|p1|6\n|teamsize|p2|6\n|gen|9\n|tier|[Gen 9] VGC 2025 Reg G\n|rated|\n|rule|Species Clause: Limit one of each Pok\u00e9mon\n|rule|Item Clause: Limit 1 of each item\n|clearpoke\n|poke|p1|Urshifu-*, L50, M|\n|poke|p1|Kyogre, L50|\n|poke|p1|Tornadus, L50, M|\n|poke|p1|Toxicroak, L50, M|\n|poke|p1|Rhydon, L50, M|\n|poke|p1|Araquanid, L50, M|\n|poke|p2|Whimsicott, L50, F|\n|poke|p2|Calyrex-Shadow, L50|\n|poke|p2|Dondozo, L50, F|\n|poke|p2|Tatsugiri, L50, F|\n|poke|p2|Flamigo, L50, M|\n|poke|p2|Indeedee-F, L50, F|\n|teampreview|4\n|inactive|Battle timer is ON: inactive players will automatically lose when time's up. (requested by Somie)\n|\n|t:|1739819965\n|start\n|switch|p1a: Tornadus|Tornadus, L50, M|100\/100\n|switch|p1b: Kyogre|Kyogre, L50, shiny|100\/100\n|switch|p2a: Calyrex|Calyrex-Shadow, L50|100\/100\n|switch|p2b: Dondozo|Dondozo, L50, F|100\/100\n|-ability|p2a: Calyrex|As One\n|-ability|p2a: Calyrex|Unnerve\n|-weather|RainDance|[from] ability: Drizzle|[of] p1b: Kyogre\n|turn|1\n|\n|t:|1739819981\n|move|p2a: Calyrex|Protect|p2a: Calyrex\n|-singleturn|p2a: Calyrex|Protect\n|move|p1a: Tornadus|Tailwind|p1a: Tornadus\n|-sidestart|p1: Somie|move: Tailwind\n|move|p1b: Kyogre|Water Spout|p2a: Calyrex|[spread] p2b\n|-activate|p2a: Calyrex|move: Protect\n|-resisted|p2b: Dondozo\n|-crit|p2b: Dondozo\n|-damage|p2b: Dondozo|21\/100\n|move|p2b: Dondozo|Wave Crash|p1b: Kyogre\n|-resisted|p1b: Kyogre\n|-damage|p1b: Kyogre|63\/100\n|-damage|p2b: Dondozo|11\/100|[from] Recoil\n|\n|-weather|RainDance|[upkeep]\n|upkeep\n|turn|2\n|inactive|Kimchi2007 has 30 seconds left.\n|\n|t:|1739820008\n|switch|p2a: Tatsugiri|Tatsugiri, L50, F|100\/100\n|-activate|p2a: Tatsugiri|ability: Commander|[of] p2b: Dondozo\n|-boost|p2b: Dondozo|atk|2\n|-boost|p2b: Dondozo|spa|2\n|-boost|p2b: Dondozo|spe|2\n|-boost|p2b: Dondozo|def|2\n|-boost|p2b: Dondozo|spd|2\n|move|p2b: Dondozo|Protect|p2b: Dondozo\n|-singleturn|p2b: Dondozo|Protect\n|move|p1a: Tornadus|Bleakwind Storm|p2a: Tatsugiri|[spread] \n|-miss|p1a: Tornadus|p2a: Tatsugiri\n|-activate|p2b: Dondozo|move: Protect\n|move|p1b: Kyogre|Water Spout|p2a: Tatsugiri|[spread] \n|-miss|p1b: Kyogre|p2a: Tatsugiri\n|-activate|p2b: Dondozo|move: Protect\n|\n|-weather|RainDance|[upkeep]\n|upkeep\n|turn|3\n|\n|t:|1739820022\n|move|p1a: Tornadus|Hurricane|p2b: Dondozo\n|-crit|p2b: Dondozo\n|-damage|p2b: Dondozo|0 fnt\n|faint|p2b: Dondozo\n|move|p1b: Kyogre|Ice Beam|p2a: Tatsugiri\n|-damage|p2a: Tatsugiri|56\/100\n|\n|-weather|RainDance|[upkeep]\n|upkeep\n|\n|t:|1739820035\n|switch|p2b: Flamigo|Flamigo, L50, M|100\/100\n|turn|4\n|inactive|Kimchi2007 has 30 seconds left.\n|\n|t:|1739820065\n|move|p1b: Kyogre|Protect|p1b: Kyogre\n|-singleturn|p1b: Kyogre|Protect\n|move|p2b: Flamigo|Wide Guard|p2b: Flamigo\n|-singleturn|p2b: Flamigo|Wide Guard\n|move|p1a: Tornadus|Hurricane|p2b: Flamigo\n|-supereffective|p2b: Flamigo\n|-enditem|p2b: Flamigo|Focus Sash\n|-damage|p2b: Flamigo|1\/100\n|move|p2a: Tatsugiri|Draco Meteor|p1a: Tornadus\n|-damage|p1a: Tornadus|21\/100\n|-unboost|p2a: Tatsugiri|spa|2\n|\n|-weather|RainDance|[upkeep]\n|-sideend|p1: Somie|move: Tailwind\n|upkeep\n|turn|5\n|inactive|Kimchi2007 has 30 seconds left.\n|\n|t:|1739820093\n|move|p2b: Flamigo|Wide Guard|p2b: Flamigo\n|-singleturn|p2b: Flamigo|Wide Guard\n|move|p1a: Tornadus|Tailwind|p1a: Tornadus\n|-sidestart|p1: Somie|move: Tailwind\n|move|p1b: Kyogre|Ice Beam|p2b: Flamigo\n|-supereffective|p2b: Flamigo\n|-damage|p2b: Flamigo|0 fnt\n|faint|p2b: Flamigo\n|move|p2a: Tatsugiri|Draco Meteor|p1a: Tornadus\n|-damage|p1a: Tornadus|0 fnt\n|-unboost|p2a: Tatsugiri|spa|2\n|faint|p1a: Tornadus\n|\n|-weather|none\n|upkeep\n|\n|t:|1739820104\n|switch|p2b: Calyrex|Calyrex-Shadow, L50|100\/100\n|switch|p1a: Urshifu|Urshifu-Rapid-Strike, L50, M|100\/100\n|-ability|p2b: Calyrex|As One\n|-ability|p2b: Calyrex|Unnerve\n|turn|6\n|\n|t:|1739820122\n|-terastallize|p1a: Urshifu|Water\n|-terastallize|p2b: Calyrex|Ghost\n|move|p1a: Urshifu|Surging Strikes|p2b: Calyrex\n|-crit|p2b: Calyrex\n|-damage|p2b: Calyrex|66\/100\n|-crit|p2b: Calyrex\n|-damage|p2b: Calyrex|33\/100\n|-crit|p2b: Calyrex\n|-damage|p2b: Calyrex|0 fnt\n|faint|p2b: Calyrex\n|-hitcount|p2: Calyrex|3\n|move|p1b: Kyogre|Water Spout|p2a: Tatsugiri\n|-resisted|p2a: Tatsugiri\n|-crit|p2a: Tatsugiri\n|-damage|p2a: Tatsugiri|27\/100\n|move|p2a: Tatsugiri|Draco Meteor|p1a: Urshifu|[miss]\n|-miss|p2a: Tatsugiri|p1a: Urshifu\n|\n|upkeep\n|turn|7\n|-message|Kimchi2007 forfeited.\n|\n|win|Somie\n|raw|Somie's rating: 1620 &rarr; <strong>1640<\/strong><br \/>(+20 for winning)\n|raw|Kimchi2007's rating: 1620 &rarr; <strong>1600<\/strong><br \/>(-20 for losing)\n|l|\u2606Kimchi2007\n|player|p2|\n|l|\u2606Somie\n|player|p1|\n","uploadtime":1739820137,"views":7,"formatid":"gen9vgc2025regg","rating":1600,"private":0,"password":null}