{"id":"gen9vgc2025regg-2302120734","format":"[Gen 9] VGC 2025 Reg G","players":["CharizardYVGC","ssbutan"],"log":"|j|\u2606CharizardYVGC\n|j|\u2606ssbutan\n|t:|1739749139\n|gametype|doubles\n|player|p1|CharizardYVGC|steven|1642\n|player|p2|ssbutan|camper|1557\n|teamsize|p1|6\n|teamsize|p2|6\n|gen|9\n|tier|[Gen 9] VGC 2025 Reg G\n|rated|\n|rule|Species Clause: Limit one of each Pok\u00e9mon\n|rule|Item Clause: Limit 1 of each item\n|clearpoke\n|poke|p1|Miraidon, L50|\n|poke|p1|Incineroar, L50, F|\n|poke|p1|Urshifu-*, L50, M|\n|poke|p1|Flutter Mane, L50|\n|poke|p1|Ogerpon-Hearthflame, L50, F|\n|poke|p1|Farigiraf, L50, F|\n|poke|p2|Calyrex-Ice, L50|\n|poke|p2|Cresselia, L50, F|\n|poke|p2|Rillaboom, L50, M|\n|poke|p2|Urshifu-*, L50, F|\n|poke|p2|Amoonguss, L50, F|\n|poke|p2|Klefki, L50, F|\n|teampreview|4\n|inactive|Battle timer is ON: inactive players will automatically lose when time's up. (requested by ssbutan)\n|inactive|ssbutan has 60 seconds left.\n|inactive|ssbutan has 30 seconds left.\n|j| Baguettezzz\n|inactive|ssbutan has 20 seconds left.\n|inactive|ssbutan has 15 seconds left.\n|inactive|ssbutan has 10 seconds left.\n|\n|t:|1739749219\n|start\n|switch|p1a: Flutter Mane|Flutter Mane, L50|100\/100\n|switch|p1b: Ogerpon|Ogerpon-Hearthflame, L50, F|100\/100\n|switch|p2a: Calyrex|Calyrex-Ice, L50|100\/100\n|switch|p2b: Rillaboom|Rillaboom, L50, M|100\/100\n|-ability|p2a: Calyrex|As One\n|-ability|p2a: Calyrex|Unnerve\n|-ability|p1b: Ogerpon|Mold Breaker\n|-fieldstart|move: Grassy Terrain|[from] ability: Grassy Surge|[of] p2b: Rillaboom\n|-enditem|p1a: Flutter Mane|Booster Energy\n|-activate|p1a: Flutter Mane|ability: Protosynthesis|[fromitem]\n|-start|p1a: Flutter Mane|protosynthesisspe\n|turn|1\n|inactive|CharizardYVGC has 30 seconds left.\n|\n|t:|1739749248\n|-end|p1a: Flutter Mane|Protosynthesis|[silent]\n|switch|p1a: Incineroar|Incineroar, L50, F|100\/100\n|-ability|p1a: Incineroar|Intimidate|boost\n|-unboost|p2a: Calyrex|atk|1\n|-unboost|p2b: Rillaboom|atk|1\n|switch|p2b: Urshifu|Urshifu-Rapid-Strike, L50, F|100\/100\n|-terastallize|p2a: Calyrex|Fairy\n|move|p1b: Ogerpon|Ivy Cudgel|p2a: Calyrex|[anim] Ivy Cudgel Fire\n|-damage|p2a: Calyrex|76\/100\n|move|p2a: Calyrex|Glacial Lance|p1b: Ogerpon|[spread] p1a,p1b\n|-resisted|p1a: Incineroar\n|-damage|p1a: Incineroar|89\/100\n|-damage|p1b: Ogerpon|68\/100\n|\n|-heal|p1b: Ogerpon|74\/100|[from] Grassy Terrain\n|-heal|p1a: Incineroar|95\/100|[from] Grassy Terrain\n|-heal|p2a: Calyrex|82\/100|[from] Grassy Terrain\n|-heal|p2a: Calyrex|87\/100|[from] item: Leftovers\n|upkeep\n|turn|2\n|inactive|CharizardYVGC has 30 seconds left.\n|inactive|ssbutan has 30 seconds left.\n|inactive|CharizardYVGC has 20 seconds left.\n|inactive|ssbutan has 20 seconds left.\n|inactive|CharizardYVGC has 15 seconds left.\n|inactive|ssbutan has 15 seconds left.\n|inactive|CharizardYVGC has 10 seconds left.\n|\n|t:|1739749295\n|switch|p1a: Flutter Mane|Flutter Mane, L50|100\/100\n|move|p2b: Urshifu|Surging Strikes|p1b: Ogerpon\n|-crit|p1b: Ogerpon\n|-damage|p1b: Ogerpon|51\/100\n|-crit|p1b: Ogerpon\n|-damage|p1b: Ogerpon|28\/100\n|-crit|p1b: Ogerpon\n|-damage|p1b: Ogerpon|5\/100\n|-hitcount|p1b: Ogerpon|3\n|move|p1b: Ogerpon|Power Whip|p2b: Urshifu\n|-supereffective|p2b: Urshifu\n|-damage|p2b: Urshifu|0 fnt\n|faint|p2b: Urshifu\n|move|p2a: Calyrex|Body Press|p1a: Flutter Mane\n|-immune|p1a: Flutter Mane\n|\n|-heal|p1b: Ogerpon|11\/100|[from] Grassy Terrain\n|-heal|p2a: Calyrex|93\/100|[from] Grassy Terrain\n|-heal|p2a: Calyrex|99\/100|[from] item: Leftovers\n|upkeep\n|\n|t:|1739749314\n|switch|p2b: Cresselia|Cresselia, L50, F|100\/100\n|turn|3\n|\n|t:|1739749333\n|-terastallize|p1b: Ogerpon|Fire\n|detailschange|p1b: Ogerpon|Ogerpon-Hearthflame-Tera, L50, F, tera:Fire\n|-ability|p1b: Ogerpon|Embody Aspect (Hearthflame)|boost\n|-boost|p1b: Ogerpon|atk|1\n|move|p1a: Flutter Mane|Shadow Ball|p2b: Cresselia\n|-supereffective|p2b: Cresselia\n|-damage|p2b: Cresselia|55\/100\n|-unboost|p2b: Cresselia|spd|1\n|move|p1b: Ogerpon|Ivy Cudgel|p2b: Cresselia|[anim] Ivy Cudgel Fire\n|-damage|p2b: Cresselia|0 fnt\n|faint|p2b: Cresselia\n|move|p2a: Calyrex|Glacial Lance|p1a: Flutter Mane|[spread] p1a,p1b\n|-resisted|p1b: Ogerpon\n|-damage|p1a: Flutter Mane|51\/100\n|-damage|p1b: Ogerpon|0 fnt\n|faint|p1b: Ogerpon\n|-ability|p2a: Calyrex|Chilling Neigh|boost\n|-boost|p2a: Calyrex|atk|1\n|\n|-heal|p1a: Flutter Mane|57\/100|[from] Grassy Terrain\n|-heal|p2a: Calyrex|100\/100|[from] Grassy Terrain\n|upkeep\n|\n|t:|1739749354\n|switch|p1b: Incineroar|Incineroar, L50, F|95\/100\n|switch|p2b: Rillaboom|Rillaboom, L50, M|100\/100\n|-ability|p1b: Incineroar|Intimidate|boost\n|-unboost|p2a: Calyrex|atk|1\n|-unboost|p2b: Rillaboom|atk|1\n|turn|4\n|inactive|ssbutan has 30 seconds left.\n|inactive|ssbutan has 20 seconds left.\n|inactive|ssbutan has 15 seconds left.\n|\n|t:|1739749397\n|move|p1a: Flutter Mane|Protect|p1a: Flutter Mane\n|-singleturn|p1a: Flutter Mane|Protect\n|move|p1b: Incineroar|Fake Out|p2a: Calyrex\n|-damage|p2a: Calyrex|96\/100\n|move|p2b: Rillaboom|Grassy Glide|p1a: Flutter Mane\n|-activate|p1a: Flutter Mane|move: Protect\n|cant|p2a: Calyrex|flinch\n|\n|-heal|p1a: Flutter Mane|62\/100|[from] Grassy Terrain\n|-heal|p1b: Incineroar|100\/100|[from] Grassy Terrain\n|-heal|p2a: Calyrex|100\/100|[from] Grassy Terrain\n|upkeep\n|turn|5\n|\n|t:|1739749414\n|move|p2b: Rillaboom|Grassy Glide|p1a: Flutter Mane\n|-damage|p1a: Flutter Mane|32\/100\n|move|p1a: Flutter Mane|Moonblast|p2b: Rillaboom\n|-damage|p2b: Rillaboom|73\/100\n|move|p1b: Incineroar|Will-O-Wisp|p2a: Calyrex\n|-status|p2a: Calyrex|brn\n|move|p2a: Calyrex|Glacial Lance|p1a: Flutter Mane|[spread] p1a,p1b\n|-resisted|p1b: Incineroar\n|-damage|p1a: Flutter Mane|10\/100\n|-damage|p1b: Incineroar|95\/100\n|\n|-heal|p1a: Flutter Mane|16\/100|[from] Grassy Terrain\n|-heal|p2b: Rillaboom|79\/100|[from] Grassy Terrain\n|-heal|p1b: Incineroar|100\/100|[from] Grassy Terrain\n|-damage|p2a: Calyrex|95\/100 brn|[from] brn\n|-fieldend|move: Grassy Terrain\n|upkeep\n|turn|6\n|l|\u2606ssbutan\n|inactive|ssbutan disconnected and has a minute to reconnect!\n|player|p2|\n|j|\u2606ssbutan\n|inactive|ssbutan reconnected and has 35 seconds left.\n|player|p2|ssbutan|camper|\n|inactive|ssbutan has 30 seconds left.\n|inactive|ssbutan has 20 seconds left.\n|\n|t:|1739749454\n|move|p1a: Flutter Mane|Protect|p1a: Flutter Mane\n|-singleturn|p1a: Flutter Mane|Protect\n|move|p2b: Rillaboom|Knock Off|p1a: Flutter Mane\n|-activate|p1a: Flutter Mane|move: Protect\n|move|p1b: Incineroar|Knock Off|p2a: Calyrex\n|-resisted|p2a: Calyrex\n|-crit|p2a: Calyrex\n|-damage|p2a: Calyrex|81\/100 brn\n|-enditem|p2a: Calyrex|Leftovers|[from] move: Knock Off|[of] p1b: Incineroar\n|move|p2a: Calyrex|Glacial Lance|p1a: Flutter Mane|[spread] p1b\n|-activate|p1a: Flutter Mane|move: Protect\n|-resisted|p1b: Incineroar\n|-damage|p1b: Incineroar|94\/100\n|\n|-damage|p2a: Calyrex|75\/100 brn|[from] brn\n|upkeep\n|turn|7\n|\n|t:|1739749476\n|move|p1a: Flutter Mane|Moonblast|p2b: Rillaboom\n|-damage|p2b: Rillaboom|50\/100\n|move|p2b: Rillaboom|Knock Off|p1a: Flutter Mane\n|-damage|p1a: Flutter Mane|0 fnt\n|faint|p1a: Flutter Mane\n|-end|p1a: Flutter Mane|Protosynthesis|[silent]\n|move|p1b: Incineroar|Will-O-Wisp|p2b: Rillaboom\n|-status|p2b: Rillaboom|brn\n|move|p2a: Calyrex|Leech Seed|p1b: Incineroar\n|-start|p1b: Incineroar|move: Leech Seed\n|\n|-damage|p1b: Incineroar|82\/100|[from] Leech Seed|[of] p2a: Calyrex\n|-heal|p2a: Calyrex|87\/100 brn|[silent]\n|-damage|p2b: Rillaboom|45\/100 brn|[from] brn\n|-damage|p2a: Calyrex|82\/100 brn|[from] brn\n|upkeep\n|\n|t:|1739749492\n|switch|p1a: Miraidon|Miraidon, L50|100\/100\n|-fieldstart|move: Electric Terrain|[from] ability: Hadron Engine|[of] p1a: Miraidon\n|turn|8\n|\n|t:|1739749502\n|move|p2a: Calyrex|Protect|p2a: Calyrex\n|-singleturn|p2a: Calyrex|Protect\n|move|p1a: Miraidon|Electro Drift|p2a: Calyrex\n|-activate|p2a: Calyrex|move: Protect\n|move|p2b: Rillaboom|Knock Off|p1a: Miraidon\n|-damage|p1a: Miraidon|92\/100\n|-enditem|p1a: Miraidon|Choice Specs|[from] move: Knock Off|[of] p2b: Rillaboom\n|move|p1b: Incineroar|Knock Off|p2a: Calyrex\n|-activate|p2a: Calyrex|move: Protect\n|\n|-damage|p1b: Incineroar|69\/100|[from] Leech Seed|[of] p2a: Calyrex\n|-heal|p2a: Calyrex|94\/100 brn|[silent]\n|-damage|p2b: Rillaboom|39\/100 brn|[from] brn\n|-damage|p2a: Calyrex|88\/100 brn|[from] brn\n|upkeep\n|turn|9\n|\n|t:|1739749521\n|move|p1a: Miraidon|Electro Drift|p2a: Calyrex\n|-damage|p2a: Calyrex|24\/100 brn\n|move|p2b: Rillaboom|Knock Off|p1b: Incineroar\n|-resisted|p1b: Incineroar\n|-damage|p1b: Incineroar|66\/100\n|-enditem|p1b: Incineroar|Safety Goggles|[from] move: Knock Off|[of] p2b: Rillaboom\n|move|p1b: Incineroar|Knock Off|p2b: Rillaboom\n|-damage|p2b: Rillaboom|13\/100 brn\n|-enditem|p2b: Rillaboom|Assault Vest|[from] move: Knock Off|[of] p1b: Incineroar\n|move|p2a: Calyrex|Leech Seed|p1a: Miraidon\n|-start|p1a: Miraidon|move: Leech Seed\n|\n|-damage|p1a: Miraidon|80\/100|[from] Leech Seed|[of] p2a: Calyrex\n|-heal|p2a: Calyrex|35\/100 brn|[silent]\n|-damage|p1b: Incineroar|53\/100|[from] Leech Seed|[of] p2a: Calyrex\n|-heal|p2a: Calyrex|47\/100 brn|[silent]\n|-damage|p2b: Rillaboom|7\/100 brn|[from] brn\n|-damage|p2a: Calyrex|41\/100 brn|[from] brn\n|upkeep\n|turn|10\n|j| dododano3\n|l| dododano3\n|\n|t:|1739749545\n|move|p2a: Calyrex|Protect|p2a: Calyrex\n|-singleturn|p2a: Calyrex|Protect\n|move|p1a: Miraidon|Dazzling Gleam|p2a: Calyrex|[spread] p2b\n|-activate|p2a: Calyrex|move: Protect\n|-damage|p2b: Rillaboom|0 fnt\n|faint|p2b: Rillaboom\n|move|p1b: Incineroar|Knock Off|p2a: Calyrex\n|-activate|p2a: Calyrex|move: Protect\n|\n|-damage|p1a: Miraidon|67\/100|[from] Leech Seed|[of] p2a: Calyrex\n|-heal|p2a: Calyrex|52\/100 brn|[silent]\n|-damage|p1b: Incineroar|41\/100|[from] Leech Seed|[of] p2a: Calyrex\n|-heal|p2a: Calyrex|64\/100 brn|[silent]\n|-damage|p2a: Calyrex|58\/100 brn|[from] brn\n|upkeep\n|turn|11\n|\n|t:|1739749563\n|move|p2a: Calyrex|Protect||[still]\n|-fail|p2a: Calyrex\n|move|p1a: Miraidon|Electro Drift|p2a: Calyrex\n|-damage|p2a: Calyrex|0 fnt\n|faint|p2a: Calyrex\n|\n|win|CharizardYVGC\n|raw|CharizardYVGC's rating: 1642 &rarr; <strong>1657<\/strong><br \/>(+15 for winning)\n|raw|ssbutan's rating: 1557 &rarr; <strong>1542<\/strong><br \/>(-15 for losing)\n|l|\u2606ssbutan\n|player|p2|\n|l| Baguettezzz\n|l|\u2606CharizardYVGC\n|player|p1|\n|j| Tyopower\n","uploadtime":1739749834,"views":8,"formatid":"gen9vgc2025regg","rating":1542,"private":0,"password":null}