{"id":"gen9vgc2025regg-2302959545","format":"[Gen 9] VGC 2025 Reg G","players":["jecheonjo","Areestoo"],"log":"|j|\u2606jecheonjo\n|j|\u2606Areestoo\n|t:|1739864109\n|gametype|doubles\n|player|p1|jecheonjo|steven|1597\n|player|p2|Areestoo|170|1626\n|teamsize|p1|6\n|teamsize|p2|6\n|gen|9\n|tier|[Gen 9] VGC 2025 Reg G\n|rated|\n|rule|Species Clause: Limit one of each Pok\u00e9mon\n|rule|Item Clause: Limit 1 of each item\n|clearpoke\n|poke|p1|Lunala, L50|\n|poke|p1|Ursaluna, L50, F|\n|poke|p1|Ogerpon-Cornerstone, L50, F|\n|poke|p1|Urshifu-*, L50, F|\n|poke|p1|Torkoal, L50, M|\n|poke|p1|Raging Bolt, L50|\n|poke|p2|Necrozma-Dawn-Wings, L50|\n|poke|p2|Indeedee-F, L50, F|\n|poke|p2|Ursaluna, L50, M|\n|poke|p2|Gallade, L50, M|\n|poke|p2|Torkoal, L50, F|\n|poke|p2|Lilligant-Hisui, L50, F|\n|teampreview|4\n|inactive|Battle timer is ON: inactive players will automatically lose when time's up. (requested by Areestoo)\n|inactive|jecheonjo has 60 seconds left.\n|\n|t:|1739864165\n|start\n|switch|p1a: Urshifu|Urshifu, L50, F|100\/100\n|switch|p1b: Ursaluna|Ursaluna, L50, F|100\/100\n|switch|p2a: Torkoal|Torkoal, L50, F|100\/100\n|switch|p2b: Lilligant|Lilligant-Hisui, L50, F|100\/100\n|-weather|SunnyDay|[from] ability: Drought|[of] p2a: Torkoal\n|turn|1\n|inactive|jecheonjo has 30 seconds left.\n|\n|t:|1739864197\n|move|p1a: Urshifu|Detect|p1a: Urshifu\n|-singleturn|p1a: Urshifu|Protect\n|move|p2b: Lilligant|After You|p2a: Torkoal\n|-activate|p2a: Torkoal|move: After You\n|move|p2a: Torkoal|Eruption|p1b: Ursaluna|[spread] p1b\n|-activate|p1a: Urshifu|move: Protect\n|-damage|p1b: Ursaluna|6\/100\n|move|p1b: Ursaluna|Facade|p2a: Torkoal\n|-damage|p2a: Torkoal|66\/100\n|\n|-weather|SunnyDay|[upkeep]\n|-status|p1b: Ursaluna|brn|[from] item: Flame Orb\n|upkeep\n|turn|2\n|inactive|jecheonjo has 30 seconds left.\n|\n|t:|1739864223\n|switch|p1b: Raging Bolt|Raging Bolt, L50|100\/100\n|-activate|p1b: Raging Bolt|ability: Protosynthesis\n|-start|p1b: Raging Bolt|protosynthesisspa\n|move|p2b: Lilligant|After You|p2a: Torkoal\n|-activate|p2a: Torkoal|move: After You\n|move|p2a: Torkoal|Eruption|p1b: Raging Bolt|[spread] p1a,p1b\n|-resisted|p1b: Raging Bolt\n|-crit|p1b: Raging Bolt\n|-enditem|p1a: Urshifu|Focus Sash\n|-damage|p1a: Urshifu|1\/100\n|-damage|p1b: Raging Bolt|67\/100\n|move|p1a: Urshifu|Close Combat|p2b: Lilligant\n|-enditem|p2b: Lilligant|Focus Sash\n|-damage|p2b: Lilligant|1\/100\n|-unboost|p1a: Urshifu|def|1\n|-unboost|p1a: Urshifu|spd|1\n|\n|-weather|SunnyDay|[upkeep]\n|upkeep\n|turn|3\n|\n|t:|1739864244\n|switch|p2a: Indeedee|Indeedee-F, L50, F|100\/100\n|-fieldstart|move: Psychic Terrain|[from] ability: Psychic Surge|[of] p2a: Indeedee\n|-enditem|p2a: Indeedee|Psychic Seed\n|-boost|p2a: Indeedee|spd|1|[from] item: Psychic Seed\n|move|p1a: Urshifu|Sucker Punch||[still]\n|-fail|p1a: Urshifu\n|move|p2b: Lilligant|Sleep Powder|p1a: Urshifu\n|-status|p1a: Urshifu|slp|[from] move: Sleep Powder\n|move|p1b: Raging Bolt|Electroweb|p2b: Lilligant|[spread] p2a,p2b\n|-resisted|p2b: Lilligant\n|-damage|p2a: Indeedee|83\/100\n|-damage|p2b: Lilligant|0 fnt\n|-unboost|p2a: Indeedee|spe|1\n|faint|p2b: Lilligant\n|\n|-weather|SunnyDay|[upkeep]\n|upkeep\n|\n|t:|1739864257\n|switch|p2b: Necrozma|Necrozma-Dawn-Wings, L50|100\/100\n|turn|4\n|\n|t:|1739864274\n|switch|p1a: Lunala|Lunala, L50|100\/100\n|move|p2a: Indeedee|Follow Me|p2a: Indeedee\n|-singleturn|p2a: Indeedee|move: Follow Me\n|move|p1b: Raging Bolt|Volt Switch|p2a: Indeedee\n|-damage|p2a: Indeedee|50\/100\n|\n|t:|1739864280\n|-end|p1b: Raging Bolt|Protosynthesis|[silent]\n|switch|p1b: Ursaluna|Ursaluna, L50, F|6\/100 brn|[from] Volt Switch\n|move|p2b: Necrozma|Trick Room|p2b: Necrozma\n|-fieldstart|move: Trick Room|[of] p2b: Necrozma\n|\n|-weather|SunnyDay|[upkeep]\n|-damage|p1b: Ursaluna|0 fnt|[from] brn\n|faint|p1b: Ursaluna\n|upkeep\n|\n|t:|1739864287\n|switch|p1b: Raging Bolt|Raging Bolt, L50|67\/100\n|-activate|p1b: Raging Bolt|ability: Protosynthesis\n|-start|p1b: Raging Bolt|protosynthesisspa\n|turn|5\n|inactive|jecheonjo has 30 seconds left.\n|\n|t:|1739864320\n|-terastallize|p1a: Lunala|Normal\n|move|p1a: Lunala|Wide Guard|p1a: Lunala\n|-singleturn|p1a: Lunala|Wide Guard\n|move|p2a: Indeedee|Dazzling Gleam|p1b: Raging Bolt|[spread] \n|-activate|p1a: Lunala|move: Wide Guard\n|-activate|p1b: Raging Bolt|move: Wide Guard\n|move|p2b: Necrozma|Moongeist Beam|p1a: Lunala\n|-immune|p1a: Lunala\n|move|p1b: Raging Bolt|Draco Meteor|p2a: Indeedee\n|-damage|p2a: Indeedee|0 fnt\n|-unboost|p1b: Raging Bolt|spa|2\n|faint|p2a: Indeedee\n|\n|-weather|none\n|-end|p1b: Raging Bolt|Protosynthesis\n|upkeep\n|\n|t:|1739864324\n|switch|p2a: Torkoal|Torkoal, L50, F|66\/100\n|-weather|SunnyDay|[from] ability: Drought|[of] p2a: Torkoal\n|-activate|p1b: Raging Bolt|ability: Protosynthesis\n|-start|p1b: Raging Bolt|protosynthesisdef\n|turn|6\n|\n|t:|1739864339\n|-end|p1b: Raging Bolt|Protosynthesis|[silent]\n|switch|p1b: Urshifu|Urshifu, L50, F|1\/100 slp\n|-terastallize|p2a: Torkoal|Fire\n|move|p2a: Torkoal|Weather Ball|p1b: Urshifu\n|-damage|p1b: Urshifu|0 fnt\n|faint|p1b: Urshifu\n|move|p2b: Necrozma|Expanding Force|p1a: Lunala\n|-damage|p1a: Lunala|64\/100\n|move|p1a: Lunala|Meteor Beam||[still]\n|-prepare|p1a: Lunala|Meteor Beam\n|-boost|p1a: Lunala|spa|1\n|-enditem|p1a: Lunala|Power Herb\n|-anim|p1a: Lunala|Meteor Beam|p2a: Torkoal\n|-supereffective|p2a: Torkoal\n|-damage|p2a: Torkoal|0 fnt\n|faint|p2a: Torkoal\n|\n|-weather|SunnyDay|[upkeep]\n|upkeep\n|j| Therazer456\n|j| fbatke\n|\n|t:|1739864353\n|switch|p1b: Raging Bolt|Raging Bolt, L50|67\/100\n|-activate|p1b: Raging Bolt|ability: Protosynthesis\n|-start|p1b: Raging Bolt|protosynthesisspa\n|turn|7\n|j| tester66432\n|\n|t:|1739864367\n|move|p1a: Lunala|Wide Guard|p1a: Lunala\n|-singleturn|p1a: Lunala|Wide Guard\n|move|p2b: Necrozma|Expanding Force|p1a: Lunala|[spread] \n|-activate|p1a: Lunala|move: Wide Guard\n|-activate|p1b: Raging Bolt|move: Wide Guard\n|move|p1b: Raging Bolt|Electroweb|p2b: Necrozma\n|-damage|p2b: Necrozma|69\/100\n|-unboost|p2b: Necrozma|spe|1\n|\n|-weather|SunnyDay|[upkeep]\n|-fieldend|move: Psychic Terrain\n|upkeep\n|turn|8\n|\n|t:|1739864378\n|move|p1a: Lunala|Wide Guard|p1a: Lunala\n|-singleturn|p1a: Lunala|Wide Guard\n|move|p2b: Necrozma|Meteor Beam||[still]\n|-prepare|p2b: Necrozma|Meteor Beam\n|-boost|p2b: Necrozma|spa|1\n|-enditem|p2b: Necrozma|Power Herb\n|-anim|p2b: Necrozma|Meteor Beam|p1a: Lunala|[miss]\n|-miss|p2b: Necrozma|p1a: Lunala\n|move|p1b: Raging Bolt|Volt Switch|p2b: Necrozma\n|-damage|p2b: Necrozma|35\/100\n|\n|-weather|SunnyDay|[upkeep]\n|-fieldend|move: Trick Room\n|upkeep\n|turn|9\n|\n|t:|1739864396\n|move|p1a: Lunala|Moongeist Beam|p2b: Necrozma\n|-supereffective|p2b: Necrozma\n|-damage|p2b: Necrozma|0 fnt\n|faint|p2b: Necrozma\n|\n|win|jecheonjo\n|raw|jecheonjo's rating: 1597 &rarr; <strong>1618<\/strong><br \/>(+21 for winning)\n|raw|Areestoo's rating: 1606 &rarr; <strong>1585<\/strong><br \/>(-21 for losing)\n|l|\u2606Areestoo\n|player|p2|\n|l|\u2606jecheonjo\n|player|p1|\n|l| Therazer456\n","uploadtime":1739864506,"views":16,"formatid":"gen9vgc2025regg","rating":1585,"private":0,"password":null}