{"id":"gen9vgc2025regg-2302720255","format":"[Gen 9] VGC 2025 Reg G","players":["jvessel07","Hanou143"],"log":"|j|\u2606jvessel07\n|j|\u2606Hanou143\n|t:|1739830203\n|gametype|doubles\n|player|p1|jvessel07|baker|1577\n|player|p2|Hanou143|101|1547\n|teamsize|p1|6\n|teamsize|p2|6\n|gen|9\n|tier|[Gen 9] VGC 2025 Reg G\n|rated|\n|rule|Species Clause: Limit one of each Pok\u00e9mon\n|rule|Item Clause: Limit 1 of each item\n|clearpoke\n|poke|p1|Smeargle, L50, M|\n|poke|p1|Muk-Alola, L50, F|\n|poke|p1|Flamigo, L50, M|\n|poke|p1|Dondozo, L50, M|\n|poke|p1|Grafaiai, L50, M|\n|poke|p1|Calyrex-Shadow, L50|\n|poke|p2|Calyrex-Shadow, L50|\n|poke|p2|Jigglypuff, L50, F|\n|poke|p2|Pelipper, L50, F|\n|poke|p2|Rillaboom, L50, F|\n|poke|p2|Incineroar, L50, F|\n|poke|p2|Urshifu-*, L50, F|\n|teampreview|4\n|inactive|Battle timer is ON: inactive players will automatically lose when time's up. (requested by Hanou143)\n|inactive|jvessel07 has 60 seconds left.\n|inactive|Hanou143 has 60 seconds left.\n|\n|t:|1739830245\n|start\n|switch|p1a: Smeargle|Smeargle, L50, M|100\/100\n|switch|p1b: Muk|Muk-Alola, L50, F|100\/100\n|switch|p2a: Calyrex|Calyrex-Shadow, L50|100\/100\n|switch|p2b: Urshifu|Urshifu-Rapid-Strike, L50, F|100\/100\n|-ability|p2a: Calyrex|As One\n|-ability|p2a: Calyrex|Unnerve\n|turn|1\n|\n|t:|1739830267\n|-terastallize|p2a: Calyrex|Grass\n|move|p1a: Smeargle|Fake Out|p2b: Urshifu\n|-damage|p2b: Urshifu|95\/100\n|cant|p2b: Urshifu|flinch\n|move|p2a: Calyrex|Calm Mind|p2a: Calyrex\n|-boost|p2a: Calyrex|spa|1\n|-boost|p2a: Calyrex|spd|1\n|move|p1b: Muk|Minimize|p1b: Muk\n|-boost|p1b: Muk|evasion|2\n|\n|-ability|p1a: Smeargle|Moody|boost\n|-boost|p1a: Smeargle|spd|2\n|-unboost|p1a: Smeargle|atk|1\n|upkeep\n|turn|2\n|\n|t:|1739830290\n|move|p2b: Urshifu|Surging Strikes|p1b: Muk\n|-crit|p1b: Muk\n|-damage|p1b: Muk|78\/100\n|-crit|p1b: Muk\n|-damage|p1b: Muk|56\/100\n|-crit|p1b: Muk\n|-damage|p1b: Muk|34\/100\n|-hitcount|p1b: Muk|3\n|move|p2a: Calyrex|Giga Drain|p1b: Muk|[miss]\n|-miss|p2a: Calyrex|p1b: Muk\n|move|p1a: Smeargle|Spore|p2b: Urshifu\n|-status|p2b: Urshifu|slp|[from] move: Spore\n|move|p1b: Muk|Minimize|p1b: Muk\n|-boost|p1b: Muk|evasion|2\n|\n|-heal|p1b: Muk|40\/100|[from] item: Leftovers\n|-ability|p1a: Smeargle|Moody|boost\n|-boost|p1a: Smeargle|spe|2\n|-unboost|p1a: Smeargle|spd|1\n|upkeep\n|turn|3\n|\n|t:|1739830309\n|move|p1a: Smeargle|Decorate|p1b: Muk\n|-boost|p1b: Muk|atk|2\n|-boost|p1b: Muk|spa|2\n|cant|p2b: Urshifu|slp\n|move|p2a: Calyrex|Giga Drain|p1b: Muk\n|-resisted|p1b: Muk\n|-damage|p1b: Muk|19\/100\n|move|p1b: Muk|Minimize|p1b: Muk\n|-boost|p1b: Muk|evasion|2\n|\n|-heal|p1b: Muk|25\/100|[from] item: Leftovers\n|-ability|p1a: Smeargle|Moody|boost\n|-boost|p1a: Smeargle|def|2\n|-unboost|p1a: Smeargle|atk|1\n|upkeep\n|turn|4\n|inactive|jvessel07 has 30 seconds left.\n|\n|t:|1739830341\n|move|p1a: Smeargle|Follow Me|p1a: Smeargle\n|-singleturn|p1a: Smeargle|move: Follow Me\n|-curestatus|p2b: Urshifu|slp|[msg]\n|move|p2b: Urshifu|Surging Strikes|p1a: Smeargle\n|-crit|p1a: Smeargle\n|-damage|p1a: Smeargle|48\/100\n|-crit|p1a: Smeargle\n|-damage|p1a: Smeargle|0 fnt\n|faint|p1a: Smeargle\n|-ability|p1b: Muk|Moody|[from] ability: Power of Alchemy|[of] p1a: Smeargle\n|-hitcount|p1: Smeargle|2\n|move|p2a: Calyrex|Giga Drain|p1b: Muk|[miss]\n|-miss|p2a: Calyrex|p1b: Muk\n|move|p1b: Muk|Knock Off|p2a: Calyrex\n|-damage|p2a: Calyrex|54\/100\n|-enditem|p2a: Calyrex|Covert Cloak|[from] move: Knock Off|[of] p1b: Muk\n|\n|-heal|p1b: Muk|31\/100|[from] item: Leftovers\n|-ability|p1b: Muk|Moody|boost\n|-boost|p1b: Muk|spe|2\n|-unboost|p1b: Muk|atk|1\n|upkeep\n|\n|t:|1739830361\n|switch|p1a: Flamigo|Flamigo, L50, M|100\/100\n|-copyboost|p1a: Flamigo|p1b: Muk|[from] ability: Costar\n|turn|5\n|\n|t:|1739830380\n|move|p2a: Calyrex|Protect|p2a: Calyrex\n|-singleturn|p2a: Calyrex|Protect\n|move|p1a: Flamigo|Acrobatics|p2b: Urshifu\n|-supereffective|p2b: Urshifu\n|-damage|p2b: Urshifu|22\/100\n|move|p2b: Urshifu|Surging Strikes|p1a: Flamigo\n|-crit|p1a: Flamigo\n|-damage|p1a: Flamigo|75\/100\n|-crit|p1a: Flamigo\n|-damage|p1a: Flamigo|48\/100\n|-crit|p1a: Flamigo\n|-damage|p1a: Flamigo|19\/100\n|-hitcount|p1a: Flamigo|3\n|move|p1b: Muk|Knock Off|p2a: Calyrex\n|-activate|p2a: Calyrex|move: Protect\n|\n|-heal|p1b: Muk|37\/100|[from] item: Leftovers\n|-ability|p1b: Muk|Moody|boost\n|-boost|p1b: Muk|spa|2\n|-unboost|p1b: Muk|spe|1\n|upkeep\n|turn|6\n|\n|t:|1739830399\n|switch|p2b: Jigglypuff|Jigglypuff, L50, F|100\/100\n|move|p1a: Flamigo|Acrobatics|p2a: Calyrex\n|-supereffective|p2a: Calyrex\n|-damage|p2a: Calyrex|16\/100\n|move|p2a: Calyrex|Astral Barrage|p1b: Muk|[spread] p1a\n|-miss|p2a: Calyrex|p1b: Muk\n|-damage|p1a: Flamigo|0 fnt\n|faint|p1a: Flamigo\n|-ability|p2a: Calyrex|Grim Neigh|boost\n|-boost|p2a: Calyrex|spa|1\n|move|p1b: Muk|Knock Off|p2b: Jigglypuff\n|-resisted|p2b: Jigglypuff\n|-damage|p2b: Jigglypuff|75\/100\n|-enditem|p2b: Jigglypuff|Eviolite|[from] move: Knock Off|[of] p1b: Muk\n|\n|-heal|p1b: Muk|44\/100|[from] item: Leftovers\n|-ability|p1b: Muk|Moody|boost\n|-boost|p1b: Muk|spd|2\n|-unboost|p1b: Muk|spe|1\n|upkeep\n|\n|t:|1739830409\n|switch|p1a: Calyrex|Calyrex-Shadow, L50|100\/100\n|-ability|p1a: Calyrex|As One\n|-ability|p1a: Calyrex|Unnerve\n|turn|7\n|\n|t:|1739830424\n|-terastallize|p1a: Calyrex|Dark\n|move|p1a: Calyrex|Psych Up|p1b: Muk\n|-copyboost|p1a: Calyrex|p1b: Muk|[from] move: Psych Up\n|move|p2a: Calyrex|Astral Barrage|p1b: Muk|[spread] \n|-miss|p2a: Calyrex|p1a: Calyrex\n|-miss|p2a: Calyrex|p1b: Muk\n|move|p1b: Muk|Knock Off|p2a: Calyrex\n|-damage|p2a: Calyrex|0 fnt\n|faint|p2a: Calyrex\n|move|p2b: Jigglypuff|Heal Pulse|p2: Calyrex|[notarget]\n|-fail|p2b: Jigglypuff\n|\n|-heal|p1b: Muk|50\/100|[from] item: Leftovers\n|-ability|p1b: Muk|Moody|boost\n|-boost|p1b: Muk|spe|2\n|-unboost|p1b: Muk|def|1\n|upkeep\n|\n|t:|1739830429\n|switch|p2a: Urshifu|Urshifu-Rapid-Strike, L50, F|22\/100\n|turn|8\n|\n|t:|1739830439\n|move|p2a: Urshifu|Surging Strikes|p1a: Calyrex|[miss]\n|-miss|p2a: Urshifu|p1a: Calyrex\n|move|p1a: Calyrex|Astral Barrage|p2b: Jigglypuff|[spread] p2a\n|-immune|p2b: Jigglypuff\n|-damage|p2a: Urshifu|0 fnt\n|faint|p2a: Urshifu\n|-ability|p1a: Calyrex|Grim Neigh|boost\n|-boost|p1a: Calyrex|spa|1\n|-damage|p1a: Calyrex|91\/100|[from] item: Life Orb\n|move|p1b: Muk|Toxic|p2b: Jigglypuff\n|-status|p2b: Jigglypuff|tox\n|move|p2b: Jigglypuff|Sing|p1b: Muk|[miss]\n|-miss|p2b: Jigglypuff|p1b: Muk\n|\n|-heal|p1b: Muk|56\/100|[from] item: Leftovers\n|-damage|p2b: Jigglypuff|69\/100 tox|[from] psn\n|-ability|p1b: Muk|Moody|boost\n|-boost|p1b: Muk|atk|2\n|-unboost|p1b: Muk|spa|1\n|upkeep\n|-message|Hanou143 forfeited.\n|\n|win|jvessel07\n|raw|jvessel07's rating: 1577 &rarr; <strong>1595<\/strong><br \/>(+18 for winning)\n|raw|Hanou143's rating: 1547 &rarr; <strong>1529<\/strong><br \/>(-18 for losing)\n|l|\u2606Hanou143\n|player|p2|\n","uploadtime":1739830636,"views":5,"formatid":"gen9vgc2025regg","rating":1529,"private":0,"password":null}