{"id":"gen9vgc2025regg-2302929554","format":"[Gen 9] VGC 2025 Reg G","players":["shulivgc","aoiharada"],"log":"|j|\u2606shulivgc\n|j|\u2606aoiharada\n|t:|1739858116\n|gametype|doubles\n|player|p1|shulivgc|#smogonxnpa2024draftee2|1597\n|player|p2|aoiharada|169|1683\n|teamsize|p1|6\n|teamsize|p2|6\n|gen|9\n|tier|[Gen 9] VGC 2025 Reg G\n|rated|\n|rule|Species Clause: Limit one of each Pok\u00e9mon\n|rule|Item Clause: Limit 1 of each item\n|clearpoke\n|poke|p1|Calyrex-Ice, L50|\n|poke|p1|Annihilape, L50, M|\n|poke|p1|Ursaluna-Bloodmoon, L50, M|\n|poke|p1|Ogerpon-Wellspring, L50, F|\n|poke|p1|Sentret, L50, F|\n|poke|p1|Ditto, L50|\n|poke|p2|Kyogre, L50|\n|poke|p2|Rillaboom, L50, F|\n|poke|p2|Incineroar, L50, M|\n|poke|p2|Amoonguss, L50, M|\n|poke|p2|Urshifu-*, L50, F|\n|poke|p2|Raging Bolt, L50|\n|teampreview|4\n|j| Baguettezzz\n|\n|t:|1739858153\n|start\n|switch|p1a: Calyrex|Calyrex-Ice, L50|100\/100\n|switch|p1b: Annihilape|Annihilape, L50, M|100\/100\n|switch|p2a: Kyogre|Kyogre, L50|100\/100\n|switch|p2b: Urshifu|Urshifu-Rapid-Strike, L50, F|100\/100\n|-ability|p1a: Calyrex|As One\n|-ability|p1a: Calyrex|Unnerve\n|-weather|RainDance|[from] ability: Drizzle|[of] p2a: Kyogre\n|turn|1\n|l| Baguettezzz\n|\n|t:|1739858170\n|-terastallize|p1a: Calyrex|Water\n|move|p1b: Annihilape|Rage Fist|p2a: Kyogre\n|-damage|p2a: Kyogre|88\/100\n|move|p2b: Urshifu|Surging Strikes|p1b: Annihilape\n|-crit|p1b: Annihilape\n|-damage|p1b: Annihilape|69\/100\n|-crit|p1b: Annihilape\n|-damage|p1b: Annihilape|32\/100\n|-crit|p1b: Annihilape\n|-damage|p1b: Annihilape|0 fnt\n|faint|p1b: Annihilape\n|-hitcount|p1: Annihilape|3\n|move|p2a: Kyogre|Calm Mind|p2a: Kyogre\n|-boost|p2a: Kyogre|spa|1\n|-boost|p2a: Kyogre|spd|1\n|move|p1a: Calyrex|Glacial Lance|p2b: Urshifu|[spread] p2a,p2b\n|-resisted|p2a: Kyogre\n|-resisted|p2b: Urshifu\n|-damage|p2a: Kyogre|67\/100\n|-damage|p2b: Urshifu|71\/100\n|\n|-weather|RainDance|[upkeep]\n|-heal|p2a: Kyogre|74\/100|[from] item: Leftovers\n|upkeep\n|\n|t:|1739858182\n|switch|p1b: Ditto|Ditto, L50|100\/100\n|-transform|p1b: Ditto|p2a: Kyogre|[from] ability: Imposter\n|turn|2\n|j| Baguettezzz\n|-activate|p1b: Ditto|item: Quick Claw\n|\n|t:|1739858197\n|move|p1b: Ditto|Origin Pulse|p2a: Kyogre|[spread] p2a\n|-miss|p1b: Ditto|p2b: Urshifu\n|-resisted|p2a: Kyogre\n|-damage|p2a: Kyogre|52\/100\n|move|p2b: Urshifu|Close Combat|p1b: Ditto\n|-damage|p1b: Ditto|42\/100\n|-unboost|p2b: Urshifu|def|1\n|-unboost|p2b: Urshifu|spd|1\n|move|p2a: Kyogre|Origin Pulse|p1b: Ditto|[spread] p1a,p1b\n|-resisted|p1a: Calyrex\n|-resisted|p1b: Ditto\n|-damage|p1a: Calyrex|66\/100\n|-damage|p1b: Ditto|12\/100\n|move|p1a: Calyrex|Glacial Lance|p2b: Urshifu|[spread] p2a,p2b\n|-resisted|p2a: Kyogre\n|-resisted|p2b: Urshifu\n|-damage|p2a: Kyogre|31\/100\n|-damage|p2b: Urshifu|27\/100\n|\n|-weather|RainDance|[upkeep]\n|-heal|p2a: Kyogre|37\/100|[from] item: Leftovers\n|upkeep\n|turn|3\n|l| Baguettezzz\n|\n|t:|1739858225\n|switch|p1b: Ogerpon|Ogerpon-Wellspring, L50, F|100\/100\n|move|p2b: Urshifu|Close Combat|p1b: Ogerpon\n|-damage|p1b: Ogerpon|36\/100\n|-unboost|p2b: Urshifu|def|1\n|-unboost|p2b: Urshifu|spd|1\n|move|p2a: Kyogre|Origin Pulse|p1b: Ogerpon|[spread] \n|-heal|p1b: Ogerpon|61\/100|[from] ability: Water Absorb|[of] p2a: Kyogre\n|-miss|p2a: Kyogre|p1a: Calyrex\n|move|p1a: Calyrex|Glacial Lance|p2b: Urshifu|[spread] p2a,p2b\n|-resisted|p2a: Kyogre\n|-resisted|p2b: Urshifu\n|-damage|p2a: Kyogre|16\/100\n|-damage|p2b: Urshifu|0 fnt\n|faint|p2b: Urshifu\n|-ability|p1a: Calyrex|Chilling Neigh|boost\n|-boost|p1a: Calyrex|atk|1\n|\n|-weather|RainDance|[upkeep]\n|-heal|p2a: Kyogre|22\/100|[from] item: Leftovers\n|upkeep\n|\n|t:|1739858236\n|switch|p2b: Incineroar|Incineroar, L50, M|100\/100\n|-ability|p2b: Incineroar|Intimidate|boost\n|-unboost|p1a: Calyrex|atk|1\n|-unboost|p1b: Ogerpon|atk|1\n|turn|4\n|j| hutubat\n|\n|t:|1739858246\n|-terastallize|p2a: Kyogre|Grass\n|move|p2b: Incineroar|Fake Out|p1a: Calyrex\n|-damage|p1a: Calyrex|60\/100\n|move|p1b: Ogerpon|Ivy Cudgel|p2b: Incineroar|[anim] Ivy Cudgel Water\n|-supereffective|p2b: Incineroar\n|-damage|p2b: Incineroar|0 fnt\n|faint|p2b: Incineroar\n|move|p2a: Kyogre|Ice Beam|p1b: Ogerpon\n|-damage|p1b: Ogerpon|14\/100\n|cant|p1a: Calyrex|flinch\n|\n|-weather|RainDance|[upkeep]\n|-heal|p2a: Kyogre|28\/100|[from] item: Leftovers\n|upkeep\n|j| eziire\n|\n|t:|1739858258\n|switch|p2b: Raging Bolt|Raging Bolt, L50|100\/100\n|turn|5\n|inactive|Battle timer is ON: inactive players will automatically lose when time's up. (requested by aoiharada)\n|\n|t:|1739858296\n|switch|p1b: Ditto|Ditto, L50|12\/100\n|-transform|p1b: Ditto|p2a: Kyogre|[from] ability: Imposter\n|move|p1a: Calyrex|Protect|p1a: Calyrex\n|-singleturn|p1a: Calyrex|Protect\n|move|p2a: Kyogre|Ice Beam|p1b: Ditto\n|-resisted|p1b: Ditto\n|-damage|p1b: Ditto|0 fnt\n|faint|p1b: Ditto\n|move|p2b: Raging Bolt|Thunderbolt|p1a: Calyrex\n|-activate|p1a: Calyrex|move: Protect\n|\n|-weather|none\n|-heal|p2a: Kyogre|35\/100|[from] item: Leftovers\n|upkeep\n|\n|t:|1739858308\n|switch|p1b: Ogerpon|Ogerpon-Wellspring, L50, F|14\/100\n|turn|6\n|\n|t:|1739858318\n|move|p1b: Ogerpon|Follow Me|p1b: Ogerpon\n|-singleturn|p1b: Ogerpon|move: Follow Me\n|move|p2a: Kyogre|Ice Beam|p1b: Ogerpon\n|-damage|p1b: Ogerpon|0 fnt\n|faint|p1b: Ogerpon\n|move|p2b: Raging Bolt|Thunderbolt|p1a: Calyrex\n|-supereffective|p1a: Calyrex\n|-crit|p1a: Calyrex\n|-damage|p1a: Calyrex|0 fnt\n|faint|p1a: Calyrex\n|\n|win|aoiharada\n|raw|shulivgc's rating: 1597 &rarr; <strong>1582<\/strong><br \/>(-15 for losing)\n|raw|aoiharada's rating: 1683 &rarr; <strong>1698<\/strong><br \/>(+15 for winning)\n|l|\u2606shulivgc\n|player|p1|\n|l|\u2606aoiharada\n|player|p2|\n|l| eziire\n|l| hutubat\n","uploadtime":1739858507,"views":9,"formatid":"gen9vgc2025regg","rating":1582,"private":0,"password":null}