{"id":"gen9vgc2025regg-2302480669","format":"[Gen 9] VGC 2025 Reg G","players":["searows","LowPass"],"log":"|j|\u2606searows\n|j|\u2606LowPass\n|t:|1739804554\n|gametype|doubles\n|player|p1|searows|miku-water|1555\n|player|p2|LowPass|169|1550\n|teamsize|p1|6\n|teamsize|p2|6\n|gen|9\n|tier|[Gen 9] VGC 2025 Reg G\n|rated|\n|rule|Species Clause: Limit one of each Pok\u00e9mon\n|rule|Item Clause: Limit 1 of each item\n|clearpoke\n|poke|p1|Calyrex-Shadow, L50|\n|poke|p1|Raging Bolt, L50|\n|poke|p1|Urshifu-*, L50, M|\n|poke|p1|Clefairy, L50, F|\n|poke|p1|Smeargle, L50, F|\n|poke|p1|Tornadus, L50, M|\n|poke|p2|Lugia, L50|\n|poke|p2|Sableye, L50, F|\n|poke|p2|Wo-Chien, L50|\n|poke|p2|Heatran, L50, F|\n|poke|p2|Landorus-Therian, L50, M|\n|poke|p2|Toxapex, L50, M|\n|teampreview|4\n|j| continuethesaga\n|l| continuethesaga\n|inactive|Battle timer is ON: inactive players will automatically lose when time's up. (requested by LowPass)\n|\n|t:|1739804583\n|start\n|switch|p1a: Calyrex|Calyrex-Shadow, L50|100\/100\n|switch|p1b: Tornadus|Tornadus, L50, M|100\/100\n|switch|p2a: Wo-Chien|Wo-Chien, L50|100\/100\n|switch|p2b: Toxapex|Toxapex, L50, M|100\/100\n|-ability|p1a: Calyrex|As One\n|-ability|p1a: Calyrex|Unnerve\n|-ability|p2a: Wo-Chien|Tablets of Ruin\n|turn|1\n|\n|t:|1739804599\n|-terastallize|p1a: Calyrex|Fairy\n|move|p2b: Toxapex|Wide Guard|p2b: Toxapex\n|-singleturn|p2b: Toxapex|Wide Guard\n|move|p1b: Tornadus|Taunt|p2b: Toxapex\n|-start|p2b: Toxapex|move: Taunt\n|move|p1a: Calyrex|Draining Kiss|p2a: Wo-Chien\n|-supereffective|p2a: Wo-Chien\n|-damage|p2a: Wo-Chien|64\/100\n|-damage|p1a: Calyrex|91\/100|[from] item: Life Orb\n|move|p2a: Wo-Chien|Knock Off|p1a: Calyrex\n|-resisted|p1a: Calyrex\n|-damage|p1a: Calyrex|77\/100\n|-enditem|p1a: Calyrex|Life Orb|[from] move: Knock Off|[of] p2a: Wo-Chien\n|\n|upkeep\n|turn|2\n|j| woshiliangzai\n|inactive|LowPass has 30 seconds left.\n|\n|t:|1739804627\n|move|p1a: Calyrex|Astral Barrage|p2a: Wo-Chien|[spread] p2a,p2b\n|-resisted|p2a: Wo-Chien\n|-damage|p2a: Wo-Chien|55\/100\n|-damage|p2b: Toxapex|62\/100\n|move|p1b: Tornadus|Bleakwind Storm|p2b: Toxapex|[spread] p2a,p2b\n|-supereffective|p2a: Wo-Chien\n|-crit|p2b: Toxapex\n|-damage|p2a: Wo-Chien|29\/100\n|-damage|p2b: Toxapex|25\/100\n|move|p2a: Wo-Chien|Snarl|p1a: Calyrex|[spread] p1a,p1b\n|-resisted|p1a: Calyrex\n|-crit|p1a: Calyrex\n|-crit|p1b: Tornadus\n|-damage|p1a: Calyrex|68\/100\n|-damage|p1b: Tornadus|78\/100\n|-unboost|p1a: Calyrex|spa|1\n|move|p2b: Toxapex|Icy Wind|p1b: Tornadus|[spread] p1a,p1b\n|-supereffective|p1b: Tornadus\n|-damage|p1a: Calyrex|63\/100\n|-damage|p1b: Tornadus|66\/100\n|-unboost|p1a: Calyrex|spe|1\n|\n|upkeep\n|turn|3\n|\n|t:|1739804645\n|switch|p2b: Lugia|Lugia, L50|100\/100\n|move|p1a: Calyrex|Draining Kiss|p2a: Wo-Chien\n|-supereffective|p2a: Wo-Chien\n|-damage|p2a: Wo-Chien|9\/100\n|-heal|p1a: Calyrex|78\/100|[from] drain|[of] p2a: Wo-Chien\n|move|p1b: Tornadus|Bleakwind Storm|p2a: Wo-Chien|[spread] p2a,p2b\n|-supereffective|p2a: Wo-Chien\n|-damage|p2a: Wo-Chien|0 fnt\n|-damage|p2b: Lugia|92\/100\n|faint|p2a: Wo-Chien\n|\n|-heal|p2b: Lugia|98\/100|[from] item: Leftovers\n|upkeep\n|\n|t:|1739804652\n|switch|p2a: Landorus|Landorus-Therian, L50, M|100\/100\n|-ability|p2a: Landorus|Intimidate|boost\n|-unboost|p1a: Calyrex|atk|1\n|-unboost|p1b: Tornadus|atk|1\n|turn|4\n|\n|t:|1739804663\n|move|p1b: Tornadus|Tailwind|p1b: Tornadus\n|-sidestart|p1: searows|move: Tailwind\n|move|p1a: Calyrex|Astral Barrage|p2b: Lugia|[spread] p2a,p2b\n|-crit|p2a: Landorus\n|-supereffective|p2b: Lugia\n|-damage|p2a: Landorus|22\/100\n|-damage|p2b: Lugia|58\/100\n|move|p2b: Lugia|Aeroblast|p1a: Calyrex\n|-damage|p1a: Calyrex|43\/100\n|move|p2a: Landorus|Rock Slide|p1a: Calyrex|[spread] p1a,p1b\n|-supereffective|p1b: Tornadus\n|-damage|p1a: Calyrex|7\/100\n|-damage|p1b: Tornadus|4\/100\n|\n|-heal|p2b: Lugia|64\/100|[from] item: Leftovers\n|upkeep\n|turn|5\n|j| shengning2\n|\n|t:|1739804682\n|move|p1b: Tornadus|Taunt|p2b: Lugia\n|-start|p2b: Lugia|move: Taunt\n|move|p1a: Calyrex|Astral Barrage|p2a: Landorus|[spread] p2a,p2b\n|-supereffective|p2b: Lugia\n|-damage|p2a: Landorus|0 fnt\n|-damage|p2b: Lugia|27\/100\n|faint|p2a: Landorus\n|-ability|p1a: Calyrex|Grim Neigh|boost\n|-boost|p1a: Calyrex|spa|1\n|cant|p2b: Lugia|move: Taunt|Recover\n|\n|-heal|p2b: Lugia|33\/100|[from] item: Leftovers\n|upkeep\n|-message|LowPass forfeited.\n|\n|win|searows\n|raw|searows's rating: 1555 &rarr; <strong>1575<\/strong><br \/>(+20 for winning)\n|raw|LowPass's rating: 1550 &rarr; <strong>1530<\/strong><br \/>(-20 for losing)\n|l|\u2606LowPass\n|player|p2|\n|l| shengning2\n","uploadtime":1739804848,"views":11,"formatid":"gen9vgc2025regg","rating":1530,"private":0,"password":null}