{"id":"gen9vgc2025regg-2302891793","format":"[Gen 9] VGC 2025 Reg G","players":["jecheonjo","GubbsVGC"],"log":"|j|\u2606jecheonjo\n|j|\u2606GubbsVGC\n|t:|1739851735\n|gametype|doubles\n|player|p1|jecheonjo|steven|1619\n|player|p2|GubbsVGC|169|1599\n|teamsize|p1|6\n|teamsize|p2|6\n|gen|9\n|tier|[Gen 9] VGC 2025 Reg G\n|rated|\n|rule|Species Clause: Limit one of each Pok\u00e9mon\n|rule|Item Clause: Limit 1 of each item\n|clearpoke\n|poke|p1|Necrozma-Dusk-Mane, L50|\n|poke|p1|Ursaluna, L50, F|\n|poke|p1|Amoonguss, L50, F|\n|poke|p1|Raging Bolt, L50|\n|poke|p1|Ogerpon-Cornerstone, L50, F|\n|poke|p1|Urshifu-*, L50, M|\n|poke|p2|Kyogre, L50|\n|poke|p2|Tsareena, L50, F|\n|poke|p2|Tornadus, L50, M|\n|poke|p2|Incineroar, L50, F|\n|poke|p2|Urshifu-*, L50, M|\n|poke|p2|Iron Hands, L50|\n|teampreview|4\n|j| Salvato1902V\n|\n|t:|1739851779\n|start\n|switch|p1a: Raging Bolt|Raging Bolt, L50|100\/100\n|switch|p1b: Urshifu|Urshifu-Rapid-Strike, L50, M|100\/100\n|switch|p2a: Tsareena|Tsareena, L50, F|100\/100\n|switch|p2b: Kyogre|Kyogre, L50|100\/100\n|-weather|RainDance|[from] ability: Drizzle|[of] p2b: Kyogre\n|turn|1\n|\n|t:|1739851815\n|-terastallize|p2b: Kyogre|Water\n|move|p2b: Kyogre|Water Spout|p1b: Urshifu|[spread] p1a,p1b\n|-resisted|p1a: Raging Bolt\n|-resisted|p1b: Urshifu\n|-damage|p1a: Raging Bolt|60\/100\n|-damage|p1b: Urshifu|3\/100\n|move|p1b: Urshifu|Close Combat|p2b: Kyogre\n|-damage|p2b: Kyogre|29\/100\n|-unboost|p1b: Urshifu|def|1\n|-unboost|p1b: Urshifu|spd|1\n|move|p2a: Tsareena|Triple Axel|p1a: Raging Bolt\n|-supereffective|p1a: Raging Bolt\n|-damage|p1a: Raging Bolt|49\/100\n|-supereffective|p1a: Raging Bolt\n|-damage|p1a: Raging Bolt|27\/100\n|-supereffective|p1a: Raging Bolt\n|-damage|p1a: Raging Bolt|0 fnt\n|faint|p1a: Raging Bolt\n|-end|p1a: Raging Bolt|Protosynthesis|[silent]\n|-hitcount|p1: Raging Bolt|3\n|\n|-weather|RainDance|[upkeep]\n|upkeep\n|\n|t:|1739851831\n|switch|p1a: Necrozma|Necrozma-Dusk-Mane, L50|100\/100\n|turn|2\n|\n|t:|1739851844\n|move|p2b: Kyogre|Water Spout|p1b: Urshifu|[spread] p1a,p1b\n|-resisted|p1b: Urshifu\n|-damage|p1a: Necrozma|69\/100\n|-damage|p1b: Urshifu|0 fnt\n|faint|p1b: Urshifu\n|move|p2a: Tsareena|Taunt|p1a: Necrozma\n|-start|p1a: Necrozma|move: Taunt\n|cant|p1a: Necrozma|move: Taunt|Trick Room\n|\n|-weather|RainDance|[upkeep]\n|upkeep\n|\n|t:|1739851850\n|switch|p1b: Ursaluna|Ursaluna, L50, F|100\/100\n|turn|3\n|j| chupeke23\n|\n|t:|1739851881\n|switch|p2b: Incineroar|Incineroar, L50, F|100\/100\n|-ability|p2b: Incineroar|Intimidate|boost\n|-fail|p1a: Necrozma|unboost|[from] item: Clear Amulet|[of] p1a: Necrozma\n|-unboost|p1b: Ursaluna|atk|1\n|move|p1b: Ursaluna|Protect|p1b: Ursaluna\n|-singleturn|p1b: Ursaluna|Protect\n|move|p2a: Tsareena|Power Whip|p1b: Ursaluna\n|-activate|p1b: Ursaluna|move: Protect\n|move|p1a: Necrozma|Photon Geyser|p2b: Incineroar\n|-immune|p2b: Incineroar\n|\n|-weather|RainDance|[upkeep]\n|-status|p1b: Ursaluna|brn|[from] item: Flame Orb\n|upkeep\n|turn|4\n|\n|t:|1739851910\n|-terastallize|p1b: Ursaluna|Ghost\n|move|p2a: Tsareena|Power Whip|p1b: Ursaluna\n|-damage|p1b: Ursaluna|49\/100 brn\n|move|p1a: Necrozma|Photon Geyser|p2a: Tsareena\n|-damage|p2a: Tsareena|20\/100\n|move|p2b: Incineroar|Knock Off|p1a: Necrozma\n|-supereffective|p1a: Necrozma\n|-crit|p1a: Necrozma\n|-damage|p1a: Necrozma|12\/100\n|-enditem|p1a: Necrozma|Clear Amulet|[from] move: Knock Off|[of] p2b: Incineroar\n|move|p1b: Ursaluna|Substitute|p1b: Ursaluna\n|-start|p1b: Ursaluna|Substitute\n|-damage|p1b: Ursaluna|25\/100 brn\n|\n|-weather|RainDance|[upkeep]\n|-damage|p1b: Ursaluna|19\/100 brn|[from] brn\n|-end|p1a: Necrozma|move: Taunt\n|upkeep\n|turn|5\n|-message|jecheonjo forfeited.\n|\n|win|GubbsVGC\n|raw|jecheonjo's rating: 1619 &rarr; <strong>1598<\/strong><br \/>(-21 for losing)\n|raw|GubbsVGC's rating: 1599 &rarr; <strong>1620<\/strong><br \/>(+21 for winning)\n|l|\u2606jecheonjo\n|player|p1|\n","uploadtime":1739851936,"views":5,"formatid":"gen9vgc2025regg","rating":1598,"private":0,"password":null}