{"id":"gen9vgc2025regg-2302242597","format":"[Gen 9] VGC 2025 Reg G","players":["Sarfy","ChaosTenma"],"log":"|j|\u2606Sarfy\n|j|\u2606ChaosTenma\n|t:|1739765157\n|gametype|doubles\n|player|p1|Sarfy|adaman|1718\n|player|p2|ChaosTenma|red|1643\n|teamsize|p1|6\n|teamsize|p2|6\n|gen|9\n|tier|[Gen 9] VGC 2025 Reg G\n|rated|\n|rule|Species Clause: Limit one of each Pok\u00e9mon\n|rule|Item Clause: Limit 1 of each item\n|clearpoke\n|poke|p1|Zacian-*, L50|\n|poke|p1|Ditto, L50|\n|poke|p1|Gothitelle, L50, F|\n|poke|p1|Dragonite, L50, M|\n|poke|p1|Chien-Pao, L50|\n|poke|p1|Pelipper, L50, F|\n|poke|p2|Pelipper, L50, M|\n|poke|p2|Landorus, L50, M|\n|poke|p2|Rillaboom, L50, M|\n|poke|p2|Zamazenta-*, L50|\n|poke|p2|Flutter Mane, L50|\n|poke|p2|Chien-Pao, L50|\n|teampreview|4\n|inactive|Battle timer is ON: inactive players will automatically lose when time's up. (requested by ChaosTenma)\n|inactive|Sarfy has 60 seconds left.\n|inactive|ChaosTenma has 60 seconds left.\n|inactive|Sarfy has 30 seconds left.\n|inactive|Sarfy has 20 seconds left.\n|inactive|Sarfy has 15 seconds left.\n|inactive|Sarfy has 10 seconds left.\n|inactive|Sarfy has 5 seconds left.\n|\n|t:|1739765245\n|start\n|switch|p1a: Pelipper|Pelipper, L50, F|100\/100\n|switch|p1b: Zacian|Zacian-Crowned, L50|100\/100\n|switch|p2a: Flutter Mane|Flutter Mane, L50|100\/100\n|switch|p2b: Chien-Pao|Chien-Pao, L50|100\/100\n|-ability|p1b: Zacian|Intrepid Sword|boost\n|-boost|p1b: Zacian|atk|1\n|-ability|p2b: Chien-Pao|Sword of Ruin\n|-weather|RainDance|[from] ability: Drizzle|[of] p1a: Pelipper\n|-enditem|p2a: Flutter Mane|Booster Energy\n|-activate|p2a: Flutter Mane|ability: Protosynthesis|[fromitem]\n|-start|p2a: Flutter Mane|protosynthesisspe\n|turn|1\n|inactive|ChaosTenma has 30 seconds left.\n|inactive|Sarfy has 30 seconds left.\n|inactive|ChaosTenma has 20 seconds left.\n|inactive|Sarfy has 20 seconds left.\n|inactive|ChaosTenma has 15 seconds left.\n|inactive|Sarfy has 15 seconds left.\n|inactive|ChaosTenma has 10 seconds left.\n|inactive|Sarfy has 10 seconds left.\n|\n|t:|1739765295\n|-end|p2a: Flutter Mane|Protosynthesis|[silent]\n|switch|p2a: Zamazenta|Zamazenta-Crowned, L50, shiny|100\/100\n|-ability|p2a: Zamazenta|Dauntless Shield|boost\n|-boost|p2a: Zamazenta|def|1\n|move|p2b: Chien-Pao|Protect|p2b: Chien-Pao\n|-singleturn|p2b: Chien-Pao|Protect\n|move|p1b: Zacian|Behemoth Blade|p2a: Zamazenta\n|-resisted|p2a: Zamazenta\n|-damage|p2a: Zamazenta|78\/100\n|move|p1a: Pelipper|Tailwind|p1a: Pelipper\n|-sidestart|p1: Sarfy|move: Tailwind\n|\n|-weather|RainDance|[upkeep]\n|upkeep\n|turn|2\n|inactive|ChaosTenma has 30 seconds left.\n|inactive|Sarfy has 30 seconds left.\n|inactive|ChaosTenma has 20 seconds left.\n|\n|t:|1739765334\n|move|p1b: Zacian|Behemoth Blade|p2b: Chien-Pao\n|-supereffective|p2b: Chien-Pao\n|-crit|p2b: Chien-Pao\n|-enditem|p2b: Chien-Pao|Focus Sash\n|-damage|p2b: Chien-Pao|1\/100\n|move|p1a: Pelipper|Weather Ball|p2b: Chien-Pao\n|-damage|p2b: Chien-Pao|0 fnt\n|faint|p2b: Chien-Pao\n|move|p2a: Zamazenta|Iron Defense|p2a: Zamazenta\n|-boost|p2a: Zamazenta|def|2\n|\n|-weather|RainDance|[upkeep]\n|upkeep\n|\n|t:|1739765347\n|switch|p2b: Landorus|Landorus, L50, M|100\/100\n|turn|3\n|j| Pokuchu\n|\n|t:|1739765370\n|-terastallize|p2b: Landorus|Water\n|move|p1b: Zacian|Sacred Sword|p2a: Zamazenta\n|-supereffective|p2a: Zamazenta\n|-damage|p2a: Zamazenta|16\/100\n|move|p1a: Pelipper|Weather Ball|p2b: Landorus\n|-resisted|p2b: Landorus\n|-damage|p2b: Landorus|59\/100\n|move|p2a: Zamazenta|Body Press|p1b: Zacian\n|-damage|p1b: Zacian|6\/100\n|move|p2b: Landorus|Sandsear Storm|p1a: Pelipper|[spread] p1b\n|-immune|p1a: Pelipper\n|-supereffective|p1b: Zacian\n|-damage|p1b: Zacian|0 fnt\n|faint|p1b: Zacian\n|\n|-weather|RainDance|[upkeep]\n|upkeep\n|\n|t:|1739765377\n|switch|p1b: Ditto|Ditto, L50|100\/100\n|-transform|p1b: Ditto|p2a: Zamazenta|[from] ability: Imposter\n|-ability|p1b: Ditto|Dauntless Shield|boost\n|-boost|p1b: Ditto|def|1\n|turn|4\n|inactive|Sarfy has 30 seconds left.\n|\n|t:|1739765408\n|switch|p2b: Flutter Mane|Flutter Mane, L50|100\/100\n|-terastallize|p1b: Ditto|Fairy\n|move|p2a: Zamazenta|Protect|p2a: Zamazenta\n|-singleturn|p2a: Zamazenta|Protect\n|move|p1b: Ditto|Body Press|p2b: Flutter Mane\n|-immune|p2b: Flutter Mane\n|move|p1a: Pelipper|Weather Ball|p2a: Zamazenta\n|-activate|p2a: Zamazenta|move: Protect\n|\n|-weather|RainDance|[upkeep]\n|-sideend|p1: Sarfy|move: Tailwind\n|upkeep\n|turn|5\n|inactive|ChaosTenma has 30 seconds left.\n|\n|t:|1739765437\n|move|p2b: Flutter Mane|Icy Wind|p1b: Ditto|[spread] p1a,p1b\n|-damage|p1a: Pelipper|77\/100\n|-damage|p1b: Ditto|90\/100\n|-unboost|p1b: Ditto|spe|1\n|move|p2a: Zamazenta|Body Press|p1a: Pelipper\n|-resisted|p1a: Pelipper\n|-damage|p1a: Pelipper|11\/100\n|move|p1b: Ditto|Behemoth Bash|p2b: Flutter Mane\n|-supereffective|p2b: Flutter Mane\n|-damage|p2b: Flutter Mane|0 fnt\n|faint|p2b: Flutter Mane\n|-end|p2b: Flutter Mane|Protosynthesis|[silent]\n|move|p1a: Pelipper|Weather Ball|p2a: Zamazenta\n|-damage|p2a: Zamazenta|0 fnt\n|faint|p2a: Zamazenta\n|\n|-weather|none\n|upkeep\n|j| NanshanVGC\n|\n|t:|1739765457\n|switch|p2b: Landorus|Landorus, L50, M, tera:Water|59\/100\n|turn|6\n|\n|t:|1739765462\n|move|p2b: Landorus|Earth Power|p1b: Ditto\n|-damage|p1b: Ditto|19\/100\n|move|p1a: Pelipper|Tailwind|p1a: Pelipper\n|-sidestart|p1: Sarfy|move: Tailwind\n|move|p1b: Ditto|Body Press|p2b: Landorus\n|-damage|p2b: Landorus|0 fnt\n|faint|p2b: Landorus\n|\n|win|Sarfy\n|raw|Sarfy's rating: 1718 &rarr; <strong>1734<\/strong><br \/>(+16 for winning)\n|raw|ChaosTenma's rating: 1643 &rarr; <strong>1627<\/strong><br \/>(-16 for losing)\n|l|\u2606ChaosTenma\n|player|p2|\n|l|\u2606Sarfy\n|player|p1|\n","uploadtime":1739765688,"views":7,"formatid":"gen9vgc2025regg","rating":1627,"private":0,"password":null}