{"id":"gen9vgc2025regg-2302140328","format":"[Gen 9] VGC 2025 Reg G","players":["Kaicyios","SamP_64"],"log":"|j|\u2606Kaicyios\n|j|\u2606SamP_64\n|t:|1739751661\n|gametype|doubles\n|player|p1|Kaicyios|giovanni|1584\n|player|p2|SamP_64|cyrus|1660\n|teamsize|p1|6\n|teamsize|p2|6\n|gen|9\n|tier|[Gen 9] VGC 2025 Reg G\n|rated|\n|rule|Species Clause: Limit one of each Pok\u00e9mon\n|rule|Item Clause: Limit 1 of each item\n|clearpoke\n|poke|p1|Groudon, L50|\n|poke|p1|Tornadus, L50, M|\n|poke|p1|Flutter Mane, L50|\n|poke|p1|Chi-Yu, L50|\n|poke|p1|Raging Bolt, L50|\n|poke|p1|Ditto, L50|\n|poke|p2|Incineroar, L50, M|\n|poke|p2|Rillaboom, L50, M|\n|poke|p2|Flutter Mane, L50|\n|poke|p2|Urshifu-*, L50, F|\n|poke|p2|Terapagos, L50, M|\n|poke|p2|Amoonguss, L50, M|\n|teampreview|4\n|inactive|Battle timer is ON: inactive players will automatically lose when time's up. (requested by SamP_64)\n|j| pmg9\n|inactive|Kaicyios has 60 seconds left.\n|\n|t:|1739751692\n|start\n|switch|p1a: Chi-Yu|Chi-Yu, L50|100\/100\n|switch|p1b: Raging Bolt|Raging Bolt, L50|100\/100\n|switch|p2a: Flutter Mane|Flutter Mane, L50|100\/100\n|switch|p2b: Terapagos|Terapagos, L50, M|100\/100\n|-activate|p2b: Terapagos|ability: Tera Shift\n|detailschange|p2b: Terapagos|Terapagos-Terastal, L50, M\n|-heal|p2b: Terapagos|100\/100|[silent]\n|-ability|p1a: Chi-Yu|Beads of Ruin\n|-enditem|p2a: Flutter Mane|Booster Energy\n|-activate|p2a: Flutter Mane|ability: Protosynthesis|[fromitem]\n|-start|p2a: Flutter Mane|protosynthesisspe\n|turn|1\n|inactive|Kaicyios has 30 seconds left.\n|inactive|SamP_64 has 30 seconds left.\n|\n|t:|1739751722\n|-terastallize|p1b: Raging Bolt|Electric\n|move|p2a: Flutter Mane|Moonblast|p1b: Raging Bolt\n|-damage|p1b: Raging Bolt|44\/100\n|move|p1a: Chi-Yu|Heat Wave|p2a: Flutter Mane|[spread] p2a,p2b\n|-activate|p2b: Terapagos|ability: Tera Shell\n|-resisted|p2b: Terapagos\n|-damage|p2a: Flutter Mane|48\/100\n|-damage|p2b: Terapagos|76\/100\n|move|p2b: Terapagos|Tera Starstorm|p1b: Raging Bolt\n|-damage|p1b: Raging Bolt|0 fnt\n|faint|p1b: Raging Bolt\n|-end|p1b: Raging Bolt|Protosynthesis|[silent]\n|\n|-heal|p2b: Terapagos|82\/100|[from] item: Leftovers\n|upkeep\n|\n|t:|1739751740\n|switch|p1b: Groudon|Groudon, L50|100\/100\n|-weather|SunnyDay|[from] ability: Drought|[of] p1b: Groudon\n|turn|2\n|inactive|SamP_64 has 30 seconds left.\n|inactive|SamP_64 has 20 seconds left.\n|inactive|SamP_64 has 15 seconds left.\n|\n|t:|1739751783\n|-terastallize|p2b: Terapagos|Stellar\n|detailschange|p2b: Terapagos|Terapagos-Stellar, L50, M, tera:Stellar\n|-heal|p2b: Terapagos|87\/100|[silent]\n|-ability|p2b: Terapagos|Teraform Zero\n|-weather|none\n|move|p2b: Terapagos|Protect|p2b: Terapagos\n|-singleturn|p2b: Terapagos|Protect\n|move|p2a: Flutter Mane|Thunder Wave|p1a: Chi-Yu\n|-status|p1a: Chi-Yu|par\n|move|p1b: Groudon|Precipice Blades|p2b: Terapagos|[spread] p2a\n|-activate|p2b: Terapagos|move: Protect\n|-damage|p2a: Flutter Mane|0 fnt\n|faint|p2a: Flutter Mane\n|-end|p2a: Flutter Mane|Protosynthesis|[silent]\n|move|p1a: Chi-Yu|Heat Wave|p2b: Terapagos\n|-activate|p2b: Terapagos|move: Protect\n|\n|-heal|p2b: Terapagos|93\/100|[from] item: Leftovers\n|upkeep\n|\n|t:|1739751806\n|switch|p2a: Urshifu|Urshifu-Rapid-Strike, L50, F|100\/100\n|turn|3\n|\n|t:|1739751818\n|move|p2a: Urshifu|Surging Strikes|p1b: Groudon\n|-supereffective|p1b: Groudon\n|-crit|p1b: Groudon\n|-damage|p1b: Groudon|73\/100\n|-supereffective|p1b: Groudon\n|-crit|p1b: Groudon\n|-damage|p1b: Groudon|46\/100\n|-supereffective|p1b: Groudon\n|-crit|p1b: Groudon\n|-damage|p1b: Groudon|18\/100\n|-hitcount|p1b: Groudon|3\n|move|p1b: Groudon|Precipice Blades|p2b: Terapagos|[spread] p2a,p2b\n|-damage|p2a: Urshifu|45\/100\n|-damage|p2b: Terapagos|58\/100\n|move|p2b: Terapagos|Calm Mind|p2b: Terapagos\n|-boost|p2b: Terapagos|spa|1\n|-boost|p2b: Terapagos|spd|1\n|move|p1a: Chi-Yu|Heat Wave|p2a: Urshifu|[spread] p2a,p2b\n|-resisted|p2a: Urshifu\n|-crit|p2a: Urshifu\n|-damage|p2a: Urshifu|0 fnt\n|-damage|p2b: Terapagos|34\/100\n|faint|p2a: Urshifu\n|\n|-heal|p2b: Terapagos|40\/100|[from] item: Leftovers\n|upkeep\n|\n|t:|1739751835\n|switch|p2a: Incineroar|Incineroar, L50, M|100\/100\n|-ability|p2a: Incineroar|Intimidate|boost\n|-unboost|p1a: Chi-Yu|atk|1\n|-unboost|p1b: Groudon|atk|1\n|turn|4\n|inactive|SamP_64 has 30 seconds left.\n|\n|t:|1739751862\n|move|p2a: Incineroar|Fake Out|p1b: Groudon\n|-damage|p1b: Groudon|11\/100\n|cant|p1b: Groudon|flinch\n|move|p1a: Chi-Yu|Heat Wave|p2a: Incineroar|[spread] p2a,p2b\n|-resisted|p2a: Incineroar\n|-damage|p2a: Incineroar|80\/100\n|-damage|p2b: Terapagos|17\/100\n|move|p2b: Terapagos|Tera Starstorm|p1b: Groudon|[spread] p1a,p1b\n|-damage|p1a: Chi-Yu|28\/100 par\n|-damage|p1b: Groudon|0 fnt\n|faint|p1b: Groudon\n|\n|-heal|p2b: Terapagos|23\/100|[from] item: Leftovers\n|upkeep\n|\n|t:|1739751877\n|switch|p1b: Flutter Mane|Flutter Mane, L50|100\/100\n|turn|5\n|inactive|SamP_64 has 30 seconds left.\n|\n|t:|1739751909\n|move|p2b: Terapagos|Protect|p2b: Terapagos\n|-singleturn|p2b: Terapagos|Protect\n|move|p1b: Flutter Mane|Dazzling Gleam|p2b: Terapagos|[spread] p2a\n|-activate|p2b: Terapagos|move: Protect\n|-damage|p2a: Incineroar|24\/100\n|move|p1a: Chi-Yu|Heat Wave|p2a: Incineroar|[spread] p2a\n|-activate|p2b: Terapagos|move: Protect\n|-resisted|p2a: Incineroar\n|-damage|p2a: Incineroar|3\/100\n|move|p2a: Incineroar|Knock Off|p1a: Chi-Yu\n|-resisted|p1a: Chi-Yu\n|-damage|p1a: Chi-Yu|0 fnt\n|-enditem|p1a: Chi-Yu|Choice Scarf|[from] move: Knock Off|[of] p2a: Incineroar\n|faint|p1a: Chi-Yu\n|\n|-heal|p2b: Terapagos|29\/100|[from] item: Leftovers\n|upkeep\n|turn|6\n|\n|t:|1739751930\n|move|p1b: Flutter Mane|Dazzling Gleam|p2a: Incineroar|[spread] p2a,p2b\n|-damage|p2a: Incineroar|0 fnt\n|-damage|p2b: Terapagos|7\/100\n|faint|p2a: Incineroar\n|move|p2b: Terapagos|Tera Starstorm|p1b: Flutter Mane\n|-damage|p1b: Flutter Mane|22\/100\n|\n|-heal|p2b: Terapagos|13\/100|[from] item: Leftovers\n|upkeep\n|turn|7\n|\n|t:|1739751943\n|move|p2b: Terapagos|Protect|p2b: Terapagos\n|-singleturn|p2b: Terapagos|Protect\n|move|p1b: Flutter Mane|Dazzling Gleam|p2b: Terapagos\n|-activate|p2b: Terapagos|move: Protect\n|\n|-heal|p2b: Terapagos|19\/100|[from] item: Leftovers\n|upkeep\n|turn|8\n|\n|t:|1739751952\n|move|p2b: Terapagos|Protect||[still]\n|-fail|p2b: Terapagos\n|move|p1b: Flutter Mane|Dazzling Gleam|p2b: Terapagos\n|-damage|p2b: Terapagos|0 fnt\n|faint|p2b: Terapagos\n|\n|win|Kaicyios\n|raw|Kaicyios's rating: 1584 &rarr; <strong>1608<\/strong><br \/>(+24 for winning)\n|raw|SamP_64's rating: 1660 &rarr; <strong>1636<\/strong><br \/>(-24 for losing)\n|l|\u2606SamP_64\n|player|p2|\n","uploadtime":1739751960,"views":11,"formatid":"gen9vgc2025regg","rating":1608,"private":0,"password":null}