{"id":"gen9vgc2025regg-2302066993","format":"[Gen 9] VGC 2025 Reg G","players":["CakesGalore3","Hanou143"],"log":"|j|\u2606CakesGalore3\n|j|\u2606Hanou143\n|t:|1739742765\n|gametype|doubles\n|player|p1|CakesGalore3|169|1588\n|player|p2|Hanou143|169|1591\n|teamsize|p1|6\n|teamsize|p2|6\n|gen|9\n|tier|[Gen 9] VGC 2025 Reg G\n|rated|\n|rule|Species Clause: Limit one of each Pok\u00e9mon\n|rule|Item Clause: Limit 1 of each item\n|clearpoke\n|poke|p1|Kyogre, L50|\n|poke|p1|Tornadus, L50, M|\n|poke|p1|Urshifu-*, L50, M|\n|poke|p1|Farigiraf, L50, M|\n|poke|p1|Rillaboom, L50, F|\n|poke|p1|Amoonguss, L50, M|\n|poke|p2|Calyrex-Shadow, L50|\n|poke|p2|Jigglypuff, L50, F|\n|poke|p2|Pelipper, L50, M|\n|poke|p2|Rillaboom, L50, F|\n|poke|p2|Incineroar, L50, M|\n|poke|p2|Urshifu-*, L50, M|\n|teampreview|4\n|\n|t:|1739742794\n|start\n|switch|p1a: Tornadus|Tornadus, L50, M|100\/100\n|switch|p1b: Kyogre|Kyogre, L50|100\/100\n|switch|p2a: Calyrex|Calyrex-Shadow, L50|100\/100\n|switch|p2b: Rillaboom|Rillaboom, L50, F|100\/100\n|-ability|p2a: Calyrex|As One\n|-ability|p2a: Calyrex|Unnerve\n|-weather|RainDance|[from] ability: Drizzle|[of] p1b: Kyogre\n|-fieldstart|move: Grassy Terrain|[from] ability: Grassy Surge|[of] p2b: Rillaboom\n|turn|1\n|inactive|Battle timer is ON: inactive players will automatically lose when time's up. (requested by Hanou143)\n|\n|t:|1739742819\n|-terastallize|p2a: Calyrex|Grass\n|move|p1a: Tornadus|Tailwind|p1a: Tornadus\n|-sidestart|p1: CakesGalore3|move: Tailwind\n|move|p1b: Kyogre|Water Spout|p2a: Calyrex|[spread] p2a,p2b\n|-resisted|p2a: Calyrex\n|-resisted|p2b: Rillaboom\n|-damage|p2a: Calyrex|30\/100\n|-damage|p2b: Rillaboom|44\/100\n|move|p2a: Calyrex|Astral Barrage|p1a: Tornadus|[spread] p1a,p1b\n|-damage|p1a: Tornadus|40\/100\n|-damage|p1b: Kyogre|65\/100\n|move|p2b: Rillaboom|Wood Hammer|p1a: Tornadus\n|-resisted|p1a: Tornadus\n|-damage|p1a: Tornadus|0 fnt\n|faint|p1a: Tornadus\n|-damage|p2b: Rillaboom|32\/100|[from] Recoil\n|\n|-weather|RainDance|[upkeep]\n|-heal|p1b: Kyogre|71\/100|[from] Grassy Terrain\n|-heal|p2a: Calyrex|36\/100|[from] Grassy Terrain\n|-heal|p2b: Rillaboom|39\/100|[from] Grassy Terrain\n|upkeep\n|\n|t:|1739742831\n|switch|p1a: Farigiraf|Farigiraf, L50, M|100\/100\n|turn|2\n|\n|t:|1739742868\n|switch|p1a: Urshifu|Urshifu-Rapid-Strike, L50, M|100\/100\n|switch|p2b: Jigglypuff|Jigglypuff, L50, F|100\/100\n|move|p1b: Kyogre|Water Spout|p2a: Calyrex|[spread] p2a,p2b\n|-resisted|p2a: Calyrex\n|-damage|p2a: Calyrex|1\/100\n|-damage|p2b: Jigglypuff|0 fnt\n|faint|p2b: Jigglypuff\n|move|p2a: Calyrex|Giga Drain|p1b: Kyogre\n|-supereffective|p1b: Kyogre\n|-damage|p1b: Kyogre|0 fnt\n|-heal|p2a: Calyrex|31\/100|[from] drain|[of] p1b: Kyogre\n|faint|p1b: Kyogre\n|-ability|p2a: Calyrex|Grim Neigh|boost\n|-boost|p2a: Calyrex|spa|1\n|\n|-weather|RainDance|[upkeep]\n|-heal|p2a: Calyrex|37\/100|[from] Grassy Terrain\n|upkeep\n|\n|t:|1739742887\n|switch|p1b: Farigiraf|Farigiraf, L50, M|100\/100\n|switch|p2b: Rillaboom|Rillaboom, L50, F|39\/100\n|turn|3\n|\n|t:|1739742901\n|move|p1b: Farigiraf|Ally Switch|p1b: Farigiraf\n|swap|p1b: Farigiraf|0|[from] move: Ally Switch\n|move|p1b: Urshifu|Close Combat|p2a: Calyrex\n|-damage|p2a: Calyrex|0 fnt\n|-unboost|p1b: Urshifu|def|1\n|-unboost|p1b: Urshifu|spd|1\n|faint|p2a: Calyrex\n|move|p2b: Rillaboom|Wood Hammer|p1a: Farigiraf\n|-damage|p1a: Farigiraf|14\/100\n|-enditem|p1a: Farigiraf|Sitrus Berry|[eat]\n|-heal|p1a: Farigiraf|39\/100|[from] item: Sitrus Berry\n|-damage|p2b: Rillaboom|2\/100|[from] Recoil\n|\n|-weather|RainDance|[upkeep]\n|-heal|p1a: Farigiraf|45\/100|[from] Grassy Terrain\n|-heal|p2b: Rillaboom|8\/100|[from] Grassy Terrain\n|upkeep\n|\n|t:|1739742917\n|switch|p2a: Pelipper|Pelipper, L50, M|100\/100\n|turn|4\n|\n|t:|1739742936\n|move|p1b: Urshifu|Surging Strikes|p2a: Pelipper\n|-resisted|p2a: Pelipper\n|-crit|p2a: Pelipper\n|-damage|p2a: Pelipper|83\/100\n|-resisted|p2a: Pelipper\n|-crit|p2a: Pelipper\n|-damage|p2a: Pelipper|66\/100\n|-resisted|p2a: Pelipper\n|-crit|p2a: Pelipper\n|-damage|p2a: Pelipper|47\/100\n|-hitcount|p2a: Pelipper|3\n|move|p1a: Farigiraf|Dazzling Gleam|p2b: Rillaboom|[spread] p2a,p2b\n|-damage|p2a: Pelipper|26\/100\n|-damage|p2b: Rillaboom|0 fnt\n|faint|p2b: Rillaboom\n|move|p2a: Pelipper|Hurricane|p1a: Farigiraf\n|-damage|p1a: Farigiraf|8\/100\n|\n|-weather|RainDance|[upkeep]\n|-heal|p1a: Farigiraf|14\/100|[from] Grassy Terrain\n|-sideend|p1: CakesGalore3|move: Tailwind\n|upkeep\n|turn|5\n|-message|Hanou143 forfeited.\n|\n|win|CakesGalore3\n|raw|CakesGalore3's rating: 1588 &rarr; <strong>1608<\/strong><br \/>(+20 for winning)\n|raw|Hanou143's rating: 1591 &rarr; <strong>1571<\/strong><br \/>(-20 for losing)\n|l|\u2606Hanou143\n|player|p2|\n|l|\u2606CakesGalore3\n|player|p1|\n","uploadtime":1739743188,"views":5,"formatid":"gen9vgc2025regg","rating":1571,"private":0,"password":null}