{"id":"gen9vgc2025regg-2302069818","format":"[Gen 9] VGC 2025 Reg G","players":["CakesGalore3","chin8"],"log":"|j|\u2606CakesGalore3\n|j|\u2606chin8\n|t:|1739743084\n|gametype|doubles\n|player|p1|CakesGalore3|169|1632\n|player|p2|chin8|gentleman-gen4dp|1657\n|teamsize|p1|6\n|teamsize|p2|6\n|gen|9\n|tier|[Gen 9] VGC 2025 Reg G\n|rated|\n|rule|Species Clause: Limit one of each Pok\u00e9mon\n|rule|Item Clause: Limit 1 of each item\n|clearpoke\n|poke|p1|Kyogre, L50|\n|poke|p1|Tornadus, L50, M|\n|poke|p1|Urshifu-*, L50, F|\n|poke|p1|Farigiraf, L50, M|\n|poke|p1|Rillaboom, L50, M|\n|poke|p1|Amoonguss, L50, F|\n|poke|p2|Calyrex-Shadow, L50|\n|poke|p2|Incineroar, L50, F|\n|poke|p2|Rillaboom, L50, F|\n|poke|p2|Gastrodon-East, L50, M|\n|poke|p2|Hitmonchan, L50, M|\n|poke|p2|Tropius, L50, M|\n|teampreview|4\n|inactive|Battle timer is ON: inactive players will automatically lose when time's up. (requested by CakesGalore3)\n|\n|t:|1739743118\n|start\n|switch|p1a: Tornadus|Tornadus, L50, M|100\/100\n|switch|p1b: Rillaboom|Rillaboom, L50, M|100\/100\n|switch|p2a: Calyrex|Calyrex-Shadow, L50|100\/100\n|switch|p2b: Rillaboom|Rillaboom, L50, F|100\/100\n|-ability|p2a: Calyrex|As One\n|-ability|p2a: Calyrex|Unnerve\n|-fieldstart|move: Grassy Terrain|[from] ability: Grassy Surge|[of] p1b: Rillaboom\n|turn|1\n|\n|t:|1739743134\n|move|p2a: Calyrex|Protect|p2a: Calyrex\n|-singleturn|p2a: Calyrex|Protect\n|move|p1a: Tornadus|Tailwind|p1a: Tornadus\n|-sidestart|p1: CakesGalore3|move: Tailwind\n|move|p1b: Rillaboom|U-turn|p2a: Calyrex\n|-activate|p2a: Calyrex|move: Protect\n|move|p2b: Rillaboom|U-turn|p1b: Rillaboom\n|-supereffective|p1b: Rillaboom\n|-damage|p1b: Rillaboom|58\/100\n|\n|t:|1739743140\n|switch|p2b: Tropius|Tropius, L50, M|100\/100|[from] U-turn\n|\n|-heal|p1b: Rillaboom|64\/100|[from] Grassy Terrain\n|upkeep\n|turn|2\n|\n|t:|1739743150\n|switch|p2a: Rillaboom|Rillaboom, L50, F|100\/100\n|move|p1a: Tornadus|Bleakwind Storm|p2a: Rillaboom|[spread] p2b\n|-miss|p1a: Tornadus|p2a: Rillaboom\n|-supereffective|p2b: Tropius\n|-damage|p2b: Tropius|50\/100\n|-unboost|p2b: Tropius|spe|1\n|-enditem|p2b: Tropius|Sitrus Berry|[eat]\n|-heal|p2b: Tropius|75\/100|[from] item: Sitrus Berry\n|move|p1b: Rillaboom|Wood Hammer|p2a: Rillaboom\n|-resisted|p2a: Rillaboom\n|-damage|p2a: Rillaboom|67\/100\n|-damage|p1b: Rillaboom|53\/100|[from] Recoil\n|move|p2b: Tropius|Hurricane|p1b: Rillaboom|[miss]\n|-miss|p2b: Tropius|p1b: Rillaboom\n|\n|-heal|p1b: Rillaboom|59\/100|[from] Grassy Terrain\n|-heal|p2a: Rillaboom|73\/100|[from] Grassy Terrain\n|upkeep\n|turn|3\n|j| JV08\n|inactive|chin8 has 30 seconds left.\n|\n|t:|1739743180\n|move|p2b: Tropius|Wide Guard|p2b: Tropius\n|-singleturn|p2b: Tropius|Wide Guard\n|move|p1a: Tornadus|Bleakwind Storm|p2b: Tropius|[spread] \n|-activate|p2a: Rillaboom|move: Wide Guard\n|-activate|p2b: Tropius|move: Wide Guard\n|move|p1b: Rillaboom|U-turn|p2a: Rillaboom\n|-supereffective|p2a: Rillaboom\n|-damage|p2a: Rillaboom|34\/100\n|\n|t:|1739743197\n|switch|p1b: Kyogre|Kyogre, L50|100\/100|[from] U-turn\n|-weather|RainDance|[from] ability: Drizzle|[of] p1b: Kyogre\n|move|p2a: Rillaboom|U-turn|p1b: Kyogre\n|-damage|p1b: Kyogre|73\/100\n|\n|t:|1739743200\n|switch|p2a: Calyrex|Calyrex-Shadow, L50|100\/100|[from] U-turn\n|-ability|p2a: Calyrex|As One\n|-ability|p2a: Calyrex|Unnerve\n|\n|-weather|RainDance|[upkeep]\n|-heal|p1b: Kyogre|79\/100|[from] Grassy Terrain\n|upkeep\n|turn|4\n|\n|t:|1739743213\n|switch|p1a: Rillaboom|Rillaboom, L50, M|59\/100\n|switch|p2b: Gastrodon|Gastrodon-East, L50, M, shiny|100\/100\n|-terastallize|p1b: Kyogre|Water\n|move|p2a: Calyrex|Protect|p2a: Calyrex\n|-singleturn|p2a: Calyrex|Protect\n|move|p1b: Kyogre|Hydro Pump|p2b: Gastrodon\n|-activate|p2b: Gastrodon|ability: Storm Drain\n|-ability|p2b: Gastrodon|Storm Drain|boost\n|-boost|p2b: Gastrodon|spa|1\n|\n|-weather|RainDance|[upkeep]\n|-heal|p1b: Kyogre|85\/100|[from] Grassy Terrain\n|-heal|p1a: Rillaboom|65\/100|[from] Grassy Terrain\n|-sideend|p1: CakesGalore3|move: Tailwind\n|upkeep\n|turn|5\n|inactive|CakesGalore3 has 30 seconds left.\n|\n|t:|1739743239\n|switch|p2a: Tropius|Tropius, L50, M|75\/100\n|switch|p1b: Farigiraf|Farigiraf, L50, M|100\/100\n|-terastallize|p2b: Gastrodon|Poison\n|move|p1a: Rillaboom|Wood Hammer|p2a: Tropius\n|-resisted|p2a: Tropius\n|-damage|p2a: Tropius|57\/100\n|-damage|p1a: Rillaboom|59\/100|[from] Recoil\n|move|p2b: Gastrodon|Icy Wind|p1a: Rillaboom|[spread] p1a,p1b\n|-supereffective|p1a: Rillaboom\n|-damage|p1a: Rillaboom|40\/100\n|-damage|p1b: Farigiraf|90\/100\n|-unboost|p1a: Rillaboom|spe|1\n|-unboost|p1b: Farigiraf|spe|1\n|\n|-weather|RainDance|[upkeep]\n|-heal|p1a: Rillaboom|46\/100|[from] Grassy Terrain\n|-heal|p1b: Farigiraf|97\/100|[from] Grassy Terrain\n|-fieldend|move: Grassy Terrain\n|upkeep\n|turn|6\n|inactive|CakesGalore3 has 30 seconds left.\n|\n|t:|1739743271\n|move|p2a: Tropius|Substitute|p2a: Tropius\n|-start|p2a: Tropius|Substitute\n|-damage|p2a: Tropius|32\/100\n|move|p1a: Rillaboom|U-turn|p2b: Gastrodon\n|-resisted|p2b: Gastrodon\n|-damage|p2b: Gastrodon|89\/100\n|\n|t:|1739743276\n|switch|p1a: Tornadus|Tornadus, L50, M|100\/100|[from] U-turn\n|move|p2b: Gastrodon|Icy Wind|p1a: Tornadus|[spread] p1a,p1b\n|-supereffective|p1a: Tornadus\n|-damage|p1a: Tornadus|64\/100\n|-damage|p1b: Farigiraf|86\/100\n|-unboost|p1b: Farigiraf|spe|1\n|move|p1b: Farigiraf|Dazzling Gleam|p2a: Tropius|[spread] p2a,p2b\n|-activate|p2a: Tropius|move: Substitute|[damage]\n|-resisted|p2b: Gastrodon\n|-damage|p2b: Gastrodon|84\/100\n|\n|-weather|RainDance|[upkeep]\n|-heal|p2b: Gastrodon|90\/100|[from] item: Leftovers\n|upkeep\n|turn|7\n|\n|t:|1739743296\n|switch|p1a: Kyogre|Kyogre, L50, tera:Water|85\/100\n|move|p2a: Tropius|Wide Guard|p2a: Tropius\n|-singleturn|p2a: Tropius|Wide Guard\n|move|p2b: Gastrodon|Icy Wind|p1a: Kyogre|[spread] p1a\n|-miss|p2b: Gastrodon|p1b: Farigiraf\n|-resisted|p1a: Kyogre\n|-damage|p1a: Kyogre|80\/100\n|-unboost|p1a: Kyogre|spe|1\n|move|p1b: Farigiraf|Trick Room|p1b: Farigiraf\n|-fieldstart|move: Trick Room|[of] p1b: Farigiraf\n|\n|-weather|none\n|-heal|p2b: Gastrodon|96\/100|[from] item: Leftovers\n|upkeep\n|turn|8\n|\n|t:|1739743314\n|switch|p1b: Rillaboom|Rillaboom, L50, M|46\/100\n|-fieldstart|move: Grassy Terrain|[from] ability: Grassy Surge|[of] p1b: Rillaboom\n|move|p2a: Tropius|Wide Guard|p2a: Tropius\n|-singleturn|p2a: Tropius|Wide Guard\n|move|p2b: Gastrodon|Earth Power|p1a: Kyogre\n|-damage|p1a: Kyogre|44\/100\n|move|p1a: Kyogre|Ice Beam|p2a: Tropius\n|-supereffective|p2a: Tropius\n|-end|p2a: Tropius|Substitute\n|\n|-heal|p2b: Gastrodon|100\/100|[from] Grassy Terrain\n|-heal|p1a: Kyogre|50\/100|[from] Grassy Terrain\n|-heal|p1b: Rillaboom|52\/100|[from] Grassy Terrain\n|-item|p2a: Tropius|Sitrus Berry|[from] ability: Harvest\n|upkeep\n|-enditem|p2a: Tropius|Sitrus Berry|[eat]\n|-heal|p2a: Tropius|57\/100|[from] item: Sitrus Berry\n|turn|9\n|inactive|CakesGalore3 has 30 seconds left.\n|inactive|CakesGalore3 has 20 seconds left.\n|\n|t:|1739743351\n|move|p1b: Rillaboom|Fake Out|p2b: Gastrodon\n|-damage|p2b: Gastrodon|87\/100\n|cant|p2b: Gastrodon|flinch\n|move|p2a: Tropius|Substitute|p2a: Tropius\n|-start|p2a: Tropius|Substitute\n|-damage|p2a: Tropius|32\/100\n|move|p1a: Kyogre|Ice Beam|p2b: Gastrodon\n|-damage|p2b: Gastrodon|46\/100\n|-status|p2b: Gastrodon|frz\n|\n|-heal|p2b: Gastrodon|52\/100 frz|[from] Grassy Terrain\n|-heal|p2b: Gastrodon|58\/100 frz|[from] item: Leftovers\n|-heal|p1a: Kyogre|57\/100|[from] Grassy Terrain\n|-heal|p1b: Rillaboom|58\/100|[from] Grassy Terrain\n|upkeep\n|turn|10\n|\n|t:|1739743373\n|cant|p2b: Gastrodon|frz\n|move|p2a: Tropius|Leech Seed|p1a: Kyogre|[miss]\n|-miss|p2a: Tropius|p1a: Kyogre\n|move|p1a: Kyogre|Ice Beam|p2a: Tropius\n|-supereffective|p2a: Tropius\n|-end|p2a: Tropius|Substitute\n|move|p1b: Rillaboom|Wood Hammer|p2b: Gastrodon\n|-resisted|p2b: Gastrodon\n|-damage|p2b: Gastrodon|23\/100 frz\n|-damage|p1b: Rillaboom|45\/100|[from] Recoil\n|\n|-heal|p2b: Gastrodon|28\/100 frz|[from] Grassy Terrain\n|-heal|p2b: Gastrodon|34\/100 frz|[from] item: Leftovers\n|-heal|p1a: Kyogre|63\/100|[from] Grassy Terrain\n|-heal|p1b: Rillaboom|51\/100|[from] Grassy Terrain\n|-item|p2a: Tropius|Sitrus Berry|[from] ability: Harvest\n|upkeep\n|-enditem|p2a: Tropius|Sitrus Berry|[eat]\n|-heal|p2a: Tropius|57\/100|[from] item: Sitrus Berry\n|turn|11\n|\n|t:|1739743389\n|-curestatus|p2b: Gastrodon|frz|[msg]\n|move|p2b: Gastrodon|Recover|p2b: Gastrodon\n|-heal|p2b: Gastrodon|84\/100\n|move|p2a: Tropius|Substitute|p2a: Tropius\n|-start|p2a: Tropius|Substitute\n|-damage|p2a: Tropius|32\/100\n|move|p1a: Kyogre|Ice Beam|p2a: Tropius\n|-supereffective|p2a: Tropius\n|-end|p2a: Tropius|Substitute\n|move|p1b: Rillaboom|Wood Hammer|p2b: Gastrodon\n|-resisted|p2b: Gastrodon\n|-damage|p2b: Gastrodon|48\/100\n|-damage|p1b: Rillaboom|38\/100|[from] Recoil\n|\n|-heal|p2b: Gastrodon|54\/100|[from] Grassy Terrain\n|-heal|p2b: Gastrodon|60\/100|[from] item: Leftovers\n|-heal|p1a: Kyogre|69\/100|[from] Grassy Terrain\n|-heal|p1b: Rillaboom|44\/100|[from] Grassy Terrain\n|-fieldend|move: Trick Room\n|upkeep\n|turn|12\n|\n|t:|1739743411\n|move|p2b: Gastrodon|Protect|p2b: Gastrodon\n|-singleturn|p2b: Gastrodon|Protect\n|move|p1b: Rillaboom|Wood Hammer|p2b: Gastrodon\n|-activate|p2b: Gastrodon|move: Protect\n|move|p1a: Kyogre|Ice Beam|p2b: Gastrodon\n|-activate|p2b: Gastrodon|move: Protect\n|move|p2a: Tropius|Leech Seed|p1a: Kyogre\n|-start|p1a: Kyogre|move: Leech Seed\n|\n|-heal|p1b: Rillaboom|50\/100|[from] Grassy Terrain\n|-heal|p1a: Kyogre|75\/100|[from] Grassy Terrain\n|-heal|p2b: Gastrodon|66\/100|[from] Grassy Terrain\n|-heal|p2b: Gastrodon|72\/100|[from] item: Leftovers\n|-damage|p1a: Kyogre|63\/100|[from] Leech Seed|[of] p2a: Tropius\n|-heal|p2a: Tropius|43\/100|[silent]\n|-fieldend|move: Grassy Terrain\n|upkeep\n|turn|13\n|j| GemuetlichLapi13\n|\n|t:|1739743431\n|move|p1b: Rillaboom|Wood Hammer|p2b: Gastrodon\n|-resisted|p2b: Gastrodon\n|-damage|p2b: Gastrodon|43\/100\n|-damage|p1b: Rillaboom|40\/100|[from] Recoil\n|move|p1a: Kyogre|Ice Beam|p2b: Gastrodon\n|-damage|p2b: Gastrodon|5\/100\n|move|p2a: Tropius|Hurricane|p1b: Rillaboom\n|-supereffective|p1b: Rillaboom\n|-damage|p1b: Rillaboom|0 fnt\n|faint|p1b: Rillaboom\n|move|p2b: Gastrodon|Recover|p2b: Gastrodon\n|-heal|p2b: Gastrodon|55\/100\n|\n|-heal|p2b: Gastrodon|61\/100|[from] item: Leftovers\n|-damage|p1a: Kyogre|50\/100|[from] Leech Seed|[of] p2a: Tropius\n|-heal|p2a: Tropius|53\/100|[silent]\n|-item|p2a: Tropius|Sitrus Berry|[from] ability: Harvest\n|upkeep\n|\n|t:|1739743444\n|switch|p1b: Tornadus|Tornadus, L50, M|64\/100\n|turn|14\n|\n|t:|1739743466\n|switch|p1a: Farigiraf|Farigiraf, L50, M|86\/100\n|move|p2a: Tropius|Wide Guard|p2a: Tropius\n|-singleturn|p2a: Tropius|Wide Guard\n|move|p1b: Tornadus|Bleakwind Storm|p2a: Tropius|[spread] \n|-activate|p2a: Tropius|move: Wide Guard\n|-activate|p2b: Gastrodon|move: Wide Guard\n|move|p2b: Gastrodon|Recover|p2b: Gastrodon\n|-heal|p2b: Gastrodon|100\/100\n|\n|upkeep\n|turn|15\n|\n|t:|1739743481\n|switch|p1a: Kyogre|Kyogre, L50, tera:Water|50\/100\n|-weather|RainDance|[from] ability: Drizzle|[of] p1a: Kyogre\n|move|p2a: Tropius|Wide Guard|p2a: Tropius\n|-singleturn|p2a: Tropius|Wide Guard\n|move|p1b: Tornadus|Bleakwind Storm|p2a: Tropius|[spread] \n|-activate|p2a: Tropius|move: Wide Guard\n|-activate|p2b: Gastrodon|move: Wide Guard\n|move|p2b: Gastrodon|Icy Wind|p1a: Kyogre|[spread] p1a,p1b\n|-resisted|p1a: Kyogre\n|-supereffective|p1b: Tornadus\n|-damage|p1a: Kyogre|45\/100\n|-damage|p1b: Tornadus|28\/100\n|-unboost|p1a: Kyogre|spe|1\n|\n|-weather|RainDance|[upkeep]\n|upkeep\n|turn|16\n|\n|t:|1739743496\n|move|p2a: Tropius|Wide Guard|p2a: Tropius\n|-singleturn|p2a: Tropius|Wide Guard\n|move|p1b: Tornadus|Bleakwind Storm|p2b: Gastrodon|[spread] \n|-activate|p2a: Tropius|move: Wide Guard\n|-activate|p2b: Gastrodon|move: Wide Guard\n|move|p1a: Kyogre|Ice Beam|p2a: Tropius\n|-supereffective|p2a: Tropius\n|-damage|p2a: Tropius|0 fnt\n|faint|p2a: Tropius\n|move|p2b: Gastrodon|Icy Wind|p1a: Kyogre|[spread] p1a,p1b\n|-resisted|p1a: Kyogre\n|-supereffective|p1b: Tornadus\n|-damage|p1a: Kyogre|40\/100\n|-damage|p1b: Tornadus|0 fnt\n|-unboost|p1a: Kyogre|spe|1\n|faint|p1b: Tornadus\n|\n|-weather|RainDance|[upkeep]\n|upkeep\n|\n|t:|1739743505\n|switch|p1b: Farigiraf|Farigiraf, L50, M|86\/100\n|switch|p2a: Calyrex|Calyrex-Shadow, L50|100\/100\n|-ability|p2a: Calyrex|As One\n|-ability|p2a: Calyrex|Unnerve\n|turn|17\n|\n|t:|1739743513\n|move|p2a: Calyrex|Astral Barrage|p1b: Farigiraf|[spread] p1a\n|-immune|p1b: Farigiraf\n|-damage|p1a: Kyogre|0 fnt\n|faint|p1a: Kyogre\n|-ability|p2a: Calyrex|Grim Neigh|boost\n|-boost|p2a: Calyrex|spa|1\n|move|p1b: Farigiraf|Dazzling Gleam|p2b: Gastrodon|[spread] p2a,p2b\n|-resisted|p2b: Gastrodon\n|-damage|p2a: Calyrex|86\/100\n|-damage|p2b: Gastrodon|95\/100\n|move|p2b: Gastrodon|Earth Power|p1b: Farigiraf\n|-damage|p1b: Farigiraf|54\/100\n|\n|-weather|RainDance|[upkeep]\n|-heal|p2b: Gastrodon|100\/100|[from] item: Leftovers\n|upkeep\n|turn|18\n|-message|CakesGalore3 forfeited.\n|\n|win|chin8\n|raw|CakesGalore3's rating: 1632 &rarr; <strong>1613<\/strong><br \/>(-19 for losing)\n|raw|chin8's rating: 1657 &rarr; <strong>1676<\/strong><br \/>(+19 for winning)\n|l|\u2606CakesGalore3\n|player|p1|\n|l|\u2606chin8\n|player|p2|\n|l| GemuetlichLapi13\n","uploadtime":1739743742,"views":6,"formatid":"gen9vgc2025regg","rating":1613,"private":0,"password":null}