{"id":"gen9vgc2025regg-2302478782","format":"[Gen 9] VGC 2025 Reg G","players":["muu0315","cobalt_poke"],"log":"|j|\u2606muu0315\n|j|\u2606cobalt_poke\n|t:|1739804331\n|gametype|doubles\n|player|p1|muu0315|1|1539\n|player|p2|cobalt_poke|170|1646\n|teamsize|p1|6\n|teamsize|p2|6\n|gen|9\n|tier|[Gen 9] VGC 2025 Reg G\n|rated|\n|rule|Species Clause: Limit one of each Pok\u00e9mon\n|rule|Item Clause: Limit 1 of each item\n|clearpoke\n|poke|p1|Iron Hands, L50|\n|poke|p1|Miraidon, L50|\n|poke|p1|Gothitelle, L50, M|\n|poke|p1|Urshifu-*, L50, F|\n|poke|p1|Incineroar, L50, M|\n|poke|p1|Ogerpon-Wellspring, L50, F|\n|poke|p2|Weezing-Galar, L50, M|\n|poke|p2|Calyrex-Shadow, L50|\n|poke|p2|Dondozo, L50, M|\n|poke|p2|Tatsugiri, L50, F|\n|poke|p2|Roaring Moon, L50|\n|poke|p2|Flutter Mane, L50|\n|teampreview|4\n|inactive|Battle timer is ON: inactive players will automatically lose when time's up. (requested by muu0315)\n|inactive|muu0315 has 60 seconds left.\n|\n|t:|1739804380\n|start\n|switch|p1a: Miraidon|Miraidon, L50|100\/100\n|switch|p1b: Gothitelle|Gothitelle, L50, M|100\/100\n|switch|p2a: Calyrex|Calyrex-Shadow, L50|100\/100\n|switch|p2b: Weezing|Weezing-Galar, L50, M|100\/100\n|-ability|p2b: Weezing|Neutralizing Gas\n|-ability|p2a: Calyrex|As One\n|-ability|p2a: Calyrex|Unnerve\n|turn|1\n|j| Reverie Jr.\n|\n|t:|1739804397\n|-terastallize|p1a: Miraidon|Ghost\n|-terastallize|p2a: Calyrex|Ground\n|move|p1a: Miraidon|Tera Blast|p2a: Calyrex|[anim] Tera Blast Ghost\n|-damage|p2a: Calyrex|54\/100\n|move|p2a: Calyrex|Tera Blast|p1a: Miraidon|[anim] Tera Blast Ground\n|-damage|p1a: Miraidon|39\/100\n|move|p2b: Weezing|Toxic Spikes|p1a: Miraidon\n|-sidestart|p1: muu0315|move: Toxic Spikes\n|move|p1b: Gothitelle|Psychic|p2b: Weezing\n|-supereffective|p2b: Weezing\n|-damage|p2b: Weezing|48\/100\n|-enditem|p2b: Weezing|Sitrus Berry|[eat]\n|-heal|p2b: Weezing|73\/100|[from] item: Sitrus Berry\n|\n|upkeep\n|turn|2\n|inactive|muu0315 has 30 seconds left.\n|inactive|muu0315 has 20 seconds left.\n|\n|t:|1739804435\n|move|p1a: Miraidon|Tera Blast|p2a: Calyrex|[anim] Tera Blast Ghost\n|-damage|p2a: Calyrex|6\/100\n|move|p2a: Calyrex|Tera Blast|p1a: Miraidon|[anim] Tera Blast Ground\n|-damage|p1a: Miraidon|0 fnt\n|faint|p1a: Miraidon\n|-ability|p2a: Calyrex|Grim Neigh|boost\n|-boost|p2a: Calyrex|spa|1\n|move|p2b: Weezing|Poison Gas|p1b: Gothitelle\n|-status|p1b: Gothitelle|psn\n|move|p1b: Gothitelle|Psychic|p2b: Weezing\n|-supereffective|p2b: Weezing\n|-damage|p2b: Weezing|14\/100\n|\n|-damage|p1b: Gothitelle|88\/100 psn|[from] psn\n|upkeep\n|\n|t:|1739804444\n|switch|p1a: Urshifu|Urshifu-Rapid-Strike, L50, F|100\/100\n|-status|p1a: Urshifu|psn\n|turn|3\n|\n|t:|1739804457\n|move|p1a: Urshifu|Aqua Jet|p2a: Calyrex\n|-supereffective|p2a: Calyrex\n|-damage|p2a: Calyrex|0 fnt\n|faint|p2a: Calyrex\n|move|p2b: Weezing|Strange Steam|p1a: Urshifu\n|-supereffective|p1a: Urshifu\n|-damage|p1a: Urshifu|10\/100 psn\n|move|p1b: Gothitelle|Trick Room|p1b: Gothitelle\n|-fieldstart|move: Trick Room|[of] p1b: Gothitelle\n|\n|-damage|p1b: Gothitelle|76\/100 psn|[from] psn\n|-damage|p1a: Urshifu|0 fnt|[from] psn\n|faint|p1a: Urshifu\n|upkeep\n|\n|t:|1739804473\n|switch|p1a: Iron Hands|Iron Hands, L50|100\/100\n|switch|p2a: Roaring Moon|Roaring Moon, L50|100\/100\n|-status|p1a: Iron Hands|psn\n|turn|4\n|\n|t:|1739804486\n|-end|p2a: Roaring Moon|Protosynthesis|[silent]\n|switch|p2a: Flutter Mane|Flutter Mane, L50|100\/100\n|move|p2b: Weezing|Protect|p2b: Weezing\n|-singleturn|p2b: Weezing|Protect\n|move|p1a: Iron Hands|Drain Punch|p2a: Flutter Mane\n|-immune|p2a: Flutter Mane\n|move|p1b: Gothitelle|Psychic|p2b: Weezing\n|-activate|p2b: Weezing|move: Protect\n|\n|-damage|p1a: Iron Hands|88\/100 psn|[from] psn\n|-damage|p1b: Gothitelle|63\/100 psn|[from] psn\n|upkeep\n|turn|5\n|\n|t:|1739804505\n|-end|p2b: Weezing|ability: Neutralizing Gas\n|switch|p2b: Roaring Moon|Roaring Moon, L50|100\/100\n|-enditem|p2a: Flutter Mane|Booster Energy\n|-activate|p2a: Flutter Mane|ability: Protosynthesis|[fromitem]\n|-start|p2a: Flutter Mane|protosynthesisspe\n|move|p1a: Iron Hands|Thunder Punch|p2a: Flutter Mane\n|-damage|p2a: Flutter Mane|41\/100\n|move|p1b: Gothitelle|Psychic|p2a: Flutter Mane\n|-damage|p2a: Flutter Mane|13\/100\n|move|p2a: Flutter Mane|Moonblast|p1a: Iron Hands\n|-supereffective|p1a: Iron Hands\n|-crit|p1a: Iron Hands\n|-damage|p1a: Iron Hands|22\/100 psn\n|-unboost|p1a: Iron Hands|spa|1\n|\n|-damage|p1a: Iron Hands|10\/100 psn|[from] psn\n|-damage|p1b: Gothitelle|51\/100 psn|[from] psn\n|upkeep\n|turn|6\n|\n|t:|1739804529\n|move|p1a: Iron Hands|Drain Punch|p2b: Roaring Moon\n|-supereffective|p2b: Roaring Moon\n|-damage|p2b: Roaring Moon|0 fnt\n|-heal|p1a: Iron Hands|51\/100 psn|[from] drain|[of] p2b: Roaring Moon\n|faint|p2b: Roaring Moon\n|-end|p2b: Roaring Moon|Protosynthesis|[silent]\n|move|p1b: Gothitelle|Psychic|p2a: Flutter Mane\n|-damage|p2a: Flutter Mane|0 fnt\n|faint|p2a: Flutter Mane\n|-end|p2a: Flutter Mane|Protosynthesis|[silent]\n|\n|-damage|p1a: Iron Hands|38\/100 psn|[from] psn\n|-damage|p1b: Gothitelle|38\/100 psn|[from] psn\n|upkeep\n|-message|cobalt_poke forfeited.\n|\n|win|muu0315\n|raw|muu0315's rating: 1539 &rarr; <strong>1565<\/strong><br \/>(+26 for winning)\n|raw|cobalt_poke's rating: 1646 &rarr; <strong>1620<\/strong><br \/>(-26 for losing)\n|l|\u2606cobalt_poke\n|player|p2|\n|l|\u2606muu0315\n|player|p1|\n","uploadtime":1739804711,"views":9,"formatid":"gen9vgc2025regg","rating":1565,"private":0,"password":null}