{"id":"gen9vgc2025regg-2302231845","format":"[Gen 9] VGC 2025 Reg G","players":["Spottedwoot","BellmanTGM"],"log":"|j|\u2606Spottedwoot\n|j|\u2606BellmanTGM\n|t:|1739763613\n|gametype|doubles\n|player|p1|Spottedwoot|266|1654\n|player|p2|BellmanTGM|pokefan-gen4|1650\n|teamsize|p1|6\n|teamsize|p2|6\n|gen|9\n|tier|[Gen 9] VGC 2025 Reg G\n|rated|\n|rule|Species Clause: Limit one of each Pok\u00e9mon\n|rule|Item Clause: Limit 1 of each item\n|clearpoke\n|poke|p1|Zamazenta-*, L50|\n|poke|p1|Chien-Pao, L50|\n|poke|p1|Entei, L50|\n|poke|p1|Raging Bolt, L50|\n|poke|p1|Rillaboom, L50, M|\n|poke|p1|Farigiraf, L50, F|\n|poke|p2|Terapagos, L50, M|\n|poke|p2|Indeedee-F, L50, F|\n|poke|p2|Ogerpon-Cornerstone, L50, F|\n|poke|p2|Urshifu-*, L50, M|\n|poke|p2|Tornadus, L50, M|\n|poke|p2|Hariyama, L50, F|\n|teampreview|4\n|inactive|Battle timer is ON: inactive players will automatically lose when time's up. (requested by BellmanTGM)\n|\n|t:|1739763636\n|start\n|switch|p1a: Zamazenta|Zamazenta-Crowned, L50|100\/100\n|switch|p1b: Entei|Entei, L50|100\/100\n|switch|p2a: Terapagos|Terapagos, L50, M|100\/100\n|switch|p2b: Indeedee|Indeedee-F, L50, F|100\/100\n|-activate|p2a: Terapagos|ability: Tera Shift\n|detailschange|p2a: Terapagos|Terapagos-Terastal, L50, M\n|-heal|p2a: Terapagos|100\/100|[silent]\n|-ability|p1a: Zamazenta|Dauntless Shield|boost\n|-boost|p1a: Zamazenta|def|1\n|-fieldstart|move: Psychic Terrain|[from] ability: Psychic Surge|[of] p2b: Indeedee\n|-enditem|p2b: Indeedee|Psychic Seed\n|-boost|p2b: Indeedee|spd|1|[from] item: Psychic Seed\n|turn|1\n|\n|t:|1739763646\n|-terastallize|p2a: Terapagos|Stellar\n|detailschange|p2a: Terapagos|Terapagos-Stellar, L50, M, tera:Stellar\n|-heal|p2a: Terapagos|100\/100|[silent]\n|-ability|p2a: Terapagos|Teraform Zero\n|-fieldend|move: Psychic Terrain\n|move|p2b: Indeedee|Fake Out|p1a: Zamazenta\n|-resisted|p1a: Zamazenta\n|-damage|p1a: Zamazenta|99\/100\n|cant|p1a: Zamazenta|flinch\n|move|p1b: Entei|Sacred Fire|p2a: Terapagos\n|-damage|p2a: Terapagos|55\/100\n|-damage|p1b: Entei|91\/100|[from] item: Life Orb\n|move|p2a: Terapagos|Tera Starstorm|p1b: Entei|[spread] p1a,p1b\n|-damage|p1a: Zamazenta|50\/100\n|-damage|p1b: Entei|14\/100\n|\n|upkeep\n|turn|2\n|\n|t:|1739763666\n|move|p1a: Zamazenta|Wide Guard|p1a: Zamazenta\n|-singleturn|p1a: Zamazenta|Wide Guard\n|move|p2b: Indeedee|Follow Me|p2b: Indeedee\n|-singleturn|p2b: Indeedee|move: Follow Me\n|move|p1b: Entei|Sacred Fire|p2b: Indeedee\n|-damage|p2b: Indeedee|32\/100\n|-damage|p1b: Entei|4\/100|[from] item: Life Orb\n|move|p2a: Terapagos|Tera Starstorm|p1b: Entei|[spread] \n|-activate|p1a: Zamazenta|move: Wide Guard\n|-activate|p1b: Entei|move: Wide Guard\n|\n|upkeep\n|turn|3\n|\n|t:|1739763679\n|-terastallize|p1b: Entei|Normal\n|move|p1b: Entei|Extreme Speed|p2b: Indeedee\n|-damage|p2b: Indeedee|0 fnt\n|faint|p2b: Indeedee\n|-damage|p1b: Entei|0 fnt|[from] item: Life Orb\n|faint|p1b: Entei\n|move|p1a: Zamazenta|Body Press|p2a: Terapagos\n|-supereffective|p2a: Terapagos\n|-damage|p2a: Terapagos|0 fnt\n|faint|p2a: Terapagos\n|\n|upkeep\n|\n|t:|1739763689\n|switch|p1b: Raging Bolt|Raging Bolt, L50|100\/100\n|switch|p2b: Hariyama|Hariyama, L50, F|100\/100\n|switch|p2a: Ogerpon|Ogerpon-Cornerstone, L50, F|100\/100\n|-enditem|p1b: Raging Bolt|Booster Energy\n|-activate|p1b: Raging Bolt|ability: Protosynthesis|[fromitem]\n|-start|p1b: Raging Bolt|protosynthesisspa\n|turn|4\n|\n|t:|1739763707\n|move|p2b: Hariyama|Fake Out|p1b: Raging Bolt\n|-crit|p1b: Raging Bolt\n|-damage|p1b: Raging Bolt|81\/100\n|move|p1a: Zamazenta|Body Press|p2b: Hariyama\n|-damage|p2b: Hariyama|28\/100\n|move|p2a: Ogerpon|Ivy Cudgel|p1b: Raging Bolt|[anim] Ivy Cudgel Rock\n|-damage|p1b: Raging Bolt|27\/100\n|cant|p1b: Raging Bolt|flinch\n|\n|upkeep\n|turn|5\n|j| AmdAndrewVGC\n|inactive|BellmanTGM has 30 seconds left.\n|inactive|BellmanTGM has 20 seconds left.\n|inactive|BellmanTGM has 15 seconds left.\n|\n|t:|1739763748\n|move|p1a: Zamazenta|Body Press|p2b: Hariyama\n|-damage|p2b: Hariyama|0 fnt\n|faint|p2b: Hariyama\n|move|p2a: Ogerpon|Ivy Cudgel|p1b: Raging Bolt|[anim] Ivy Cudgel Rock\n|-damage|p1b: Raging Bolt|0 fnt\n|faint|p1b: Raging Bolt\n|-end|p1b: Raging Bolt|Protosynthesis|[silent]\n|\n|upkeep\n|\n|t:|1739763750\n|switch|p1b: Chien-Pao|Chien-Pao, L50|100\/100\n|-ability|p1b: Chien-Pao|Sword of Ruin\n|turn|6\n|\n|t:|1739763770\n|move|p2a: Ogerpon|Spiky Shield|p2a: Ogerpon\n|-singleturn|p2a: Ogerpon|move: Protect\n|move|p1b: Chien-Pao|Sacred Sword|p2a: Ogerpon\n|-activate|p2a: Ogerpon|move: Protect\n|-damage|p1b: Chien-Pao|88\/100|[from] Spiky Shield|[of] p2a: Ogerpon\n|move|p1a: Zamazenta|Body Press|p2a: Ogerpon\n|-activate|p2a: Ogerpon|move: Protect\n|-damage|p1a: Zamazenta|37\/100|[from] Spiky Shield|[of] p2a: Ogerpon\n|\n|upkeep\n|turn|7\n|\n|t:|1739763779\n|move|p2a: Ogerpon|Spiky Shield||[still]\n|-fail|p2a: Ogerpon\n|move|p1b: Chien-Pao|Sacred Sword|p2a: Ogerpon\n|-supereffective|p2a: Ogerpon\n|-damage|p2a: Ogerpon|1\/100\n|move|p1a: Zamazenta|Body Press|p2a: Ogerpon\n|-supereffective|p2a: Ogerpon\n|-damage|p2a: Ogerpon|0 fnt\n|faint|p2a: Ogerpon\n|\n|win|Spottedwoot\n|raw|Spottedwoot's rating: 1654 &rarr; <strong>1674<\/strong><br \/>(+20 for winning)\n|raw|BellmanTGM's rating: 1650 &rarr; <strong>1630<\/strong><br \/>(-20 for losing)\n|l|\u2606BellmanTGM\n|player|p2|\n|l|\u2606Spottedwoot\n|player|p1|\n|l| AmdAndrewVGC\n","uploadtime":1739763783,"views":69,"formatid":"gen9vgc2025regg","rating":1630,"private":0,"password":null}