{"id":"gen9vgc2025regg-2302633557","format":"[Gen 9] VGC 2025 Reg G","players":["HiddenGrottoFE","Argian"],"log":"|j|\u2606HiddenGrottoFE\n|j|\u2606Argian\n|t:|1739821106\n|gametype|doubles\n|player|p1|HiddenGrottoFE|266|1550\n|player|p2|Argian|red|1561\n|teamsize|p1|6\n|teamsize|p2|6\n|gen|9\n|tier|[Gen 9] VGC 2025 Reg G\n|rated|\n|rule|Species Clause: Limit one of each Pok\u00e9mon\n|rule|Item Clause: Limit 1 of each item\n|clearpoke\n|poke|p1|Eternatus, L50|\n|poke|p1|Incineroar, L50, F|\n|poke|p1|Ogerpon-Hearthflame, L50, F|\n|poke|p1|Whimsicott, L50, M|\n|poke|p1|Chi-Yu, L50|\n|poke|p1|Flutter Mane, L50|\n|poke|p2|Lunala, L50|\n|poke|p2|Amoonguss, L50, F|\n|poke|p2|Iron Valiant, L50|\n|poke|p2|Roaring Moon, L50|\n|poke|p2|Ogerpon-Hearthflame, L50, F|\n|poke|p2|Urshifu-*, L50, F|\n|teampreview|4\n|\n|t:|1739821162\n|start\n|switch|p1a: Whimsicott|Whimsicott, L50, M|100\/100\n|switch|p1b: Eternatus|Eternatus, L50|100\/100\n|switch|p2a: Roaring Moon|Roaring Moon, L50|100\/100\n|switch|p2b: Ogerpon|Ogerpon-Hearthflame, L50, F|100\/100\n|-ability|p1b: Eternatus|Pressure\n|-ability|p2b: Ogerpon|Mold Breaker\n|-enditem|p2a: Roaring Moon|Booster Energy\n|-activate|p2a: Roaring Moon|ability: Protosynthesis|[fromitem]\n|-start|p2a: Roaring Moon|protosynthesisspe\n|turn|1\n|\n|t:|1739821189\n|-terastallize|p2a: Roaring Moon|Flying\n|move|p1a: Whimsicott|Tailwind|p1a: Whimsicott\n|-sidestart|p1: HiddenGrottoFE|move: Tailwind\n|move|p1b: Eternatus|Meteor Beam||[still]\n|-prepare|p1b: Eternatus|Meteor Beam\n|-boost|p1b: Eternatus|spa|1\n|-enditem|p1b: Eternatus|Power Herb\n|-anim|p1b: Eternatus|Meteor Beam|p2b: Ogerpon\n|-supereffective|p2b: Ogerpon\n|-damage|p2b: Ogerpon|0 fnt\n|faint|p2b: Ogerpon\n|move|p2a: Roaring Moon|Knock Off|p1b: Eternatus\n|-damage|p1b: Eternatus|75\/100\n|\n|upkeep\n|\n|t:|1739821211\n|switch|p2b: Lunala|Lunala, L50, shiny|100\/100\n|turn|2\n|\n|t:|1739821226\n|move|p1a: Whimsicott|Encore|p2a: Roaring Moon\n|-start|p2a: Roaring Moon|Encore\n|move|p1b: Eternatus|Dynamax Cannon|p2b: Lunala\n|-damage|p2b: Lunala|66\/100\n|move|p2a: Roaring Moon|Knock Off|p1b: Eternatus\n|-damage|p1b: Eternatus|47\/100\n|move|p2b: Lunala|Meteor Beam||[still]\n|-prepare|p2b: Lunala|Meteor Beam\n|-boost|p2b: Lunala|spa|1\n|-enditem|p2b: Lunala|Power Herb\n|-anim|p2b: Lunala|Meteor Beam|p1b: Eternatus\n|-damage|p1b: Eternatus|0 fnt\n|faint|p1b: Eternatus\n|\n|upkeep\n|\n|t:|1739821237\n|switch|p1b: Chi-Yu|Chi-Yu, L50|100\/100\n|-ability|p1b: Chi-Yu|Beads of Ruin\n|turn|3\n|j| oherrodersir\n|\n|t:|1739821251\n|move|p2b: Lunala|Protect|p2b: Lunala\n|-singleturn|p2b: Lunala|Protect\n|move|p1a: Whimsicott|Encore|p2b: Lunala\n|-activate|p2b: Lunala|move: Protect\n|move|p1b: Chi-Yu|Heat Wave|p2b: Lunala|[spread] p2a\n|-activate|p2b: Lunala|move: Protect\n|-damage|p2a: Roaring Moon|54\/100\n|move|p2a: Roaring Moon|Knock Off|p1b: Chi-Yu\n|-resisted|p1b: Chi-Yu\n|-damage|p1b: Chi-Yu|65\/100\n|-enditem|p1b: Chi-Yu|Focus Sash|[from] move: Knock Off|[of] p2a: Roaring Moon\n|\n|upkeep\n|turn|4\n|\n|t:|1739821274\n|switch|p2b: Iron Valiant|Iron Valiant, L50|100\/100\n|move|p1a: Whimsicott|Encore||[still]\n|-fail|p1a: Whimsicott\n|move|p1b: Chi-Yu|Dark Pulse|p2a: Roaring Moon\n|-damage|p2a: Roaring Moon|0 fnt\n|faint|p2a: Roaring Moon\n|-end|p2a: Roaring Moon|Protosynthesis|[silent]\n|\n|-sideend|p1: HiddenGrottoFE|move: Tailwind\n|upkeep\n|\n|t:|1739821285\n|switch|p2a: Lunala|Lunala, L50, shiny|66\/100\n|turn|5\n|\n|t:|1739821322\n|move|p1a: Whimsicott|Protect|p1a: Whimsicott\n|-singleturn|p1a: Whimsicott|Protect\n|move|p1b: Chi-Yu|Protect|p1b: Chi-Yu\n|-singleturn|p1b: Chi-Yu|Protect\n|move|p2a: Lunala|Protect|p2a: Lunala\n|-singleturn|p2a: Lunala|Protect\n|move|p2b: Iron Valiant|Close Combat|p1b: Chi-Yu\n|-activate|p1b: Chi-Yu|move: Protect\n|\n|upkeep\n|turn|6\n|j| Jamel1\n|\n|t:|1739821346\n|move|p1a: Whimsicott|Tailwind|p1a: Whimsicott\n|-sidestart|p1: HiddenGrottoFE|move: Tailwind\n|move|p1b: Chi-Yu|Dark Pulse|p2a: Lunala\n|-supereffective|p2a: Lunala\n|-damage|p2a: Lunala|0 fnt\n|faint|p2a: Lunala\n|move|p2b: Iron Valiant|Close Combat|p1b: Chi-Yu\n|-supereffective|p1b: Chi-Yu\n|-damage|p1b: Chi-Yu|0 fnt\n|-unboost|p2b: Iron Valiant|def|1\n|-unboost|p2b: Iron Valiant|spd|1\n|faint|p1b: Chi-Yu\n|\n|upkeep\n|\n|t:|1739821350\n|switch|p1b: Flutter Mane|Flutter Mane, L50|100\/100\n|-enditem|p1b: Flutter Mane|Booster Energy\n|-activate|p1b: Flutter Mane|ability: Protosynthesis|[fromitem]\n|-start|p1b: Flutter Mane|protosynthesisspe\n|turn|7\n|inactive|Battle timer is ON: inactive players will automatically lose when time's up. (requested by HiddenGrottoFE)\n|inactive|Argian has 60 seconds left.\n|inactive|Argian has 30 seconds left.\n|inactive|Argian has 20 seconds left.\n|\n|t:|1739821451\n|move|p2b: Iron Valiant|Protect|p2b: Iron Valiant\n|-singleturn|p2b: Iron Valiant|Protect\n|move|p1b: Flutter Mane|Moonblast|p2b: Iron Valiant\n|-activate|p2b: Iron Valiant|move: Protect\n|move|p1a: Whimsicott|Moonblast|p2b: Iron Valiant\n|-activate|p2b: Iron Valiant|move: Protect\n|\n|upkeep\n|turn|8\n|\n|t:|1739821458\n|move|p1b: Flutter Mane|Moonblast|p2b: Iron Valiant\n|-supereffective|p2b: Iron Valiant\n|-enditem|p2b: Iron Valiant|Focus Sash\n|-damage|p2b: Iron Valiant|1\/100\n|move|p1a: Whimsicott|Moonblast|p2b: Iron Valiant\n|-supereffective|p2b: Iron Valiant\n|-damage|p2b: Iron Valiant|0 fnt\n|faint|p2b: Iron Valiant\n|-end|p2b: Iron Valiant|Quark Drive|[silent]\n|\n|win|HiddenGrottoFE\n|raw|HiddenGrottoFE's rating: 1550 &rarr; <strong>1571<\/strong><br \/>(+21 for winning)\n|raw|Argian's rating: 1561 &rarr; <strong>1540<\/strong><br \/>(-21 for losing)\n|l|\u2606Argian\n|player|p2|\n|l|\u2606HiddenGrottoFE\n|player|p1|\n|l| Jamel1\n|j|\u2606Argian\n|player|p2|Argian|red|\n|l|\u2606Argian\n|player|p2|\n|l| oherrodersir\n","uploadtime":1739821626,"views":11,"formatid":"gen9vgc2025regg","rating":1540,"private":0,"password":null}