{"id":"gen9vgc2025regg-2302661228","format":"[Gen 9] VGC 2025 Reg G","players":["RICHARDHAVOC","jvessel07"],"log":"|j|\u2606RICHARDHAVOC\n|j|\u2606jvessel07\n|t:|1739823971\n|gametype|doubles\n|player|p1|RICHARDHAVOC|brycen|1644\n|player|p2|jvessel07|baker|1617\n|teamsize|p1|6\n|teamsize|p2|6\n|gen|9\n|tier|[Gen 9] VGC 2025 Reg G\n|rated|\n|rule|Species Clause: Limit one of each Pok\u00e9mon\n|rule|Item Clause: Limit 1 of each item\n|clearpoke\n|poke|p1|Grimmsnarl, L50, M|\n|poke|p1|Calyrex-Ice, L50|\n|poke|p1|Raging Bolt, L50|\n|poke|p1|Ogerpon-Hearthflame, L50, F|\n|poke|p1|Urshifu-*, L50, M|\n|poke|p1|Landorus, L50, M|\n|poke|p2|Smeargle, L50, M|\n|poke|p2|Muk-Alola, L50, F|\n|poke|p2|Flamigo, L50, M|\n|poke|p2|Dondozo, L50, F|\n|poke|p2|Rillaboom, L50, F|\n|poke|p2|Lugia, L50|\n|teampreview|4\n|\n|t:|1739824021\n|start\n|switch|p1a: Calyrex|Calyrex-Ice, L50|100\/100\n|switch|p1b: Urshifu|Urshifu-Rapid-Strike, L50, M|100\/100\n|switch|p2a: Smeargle|Smeargle, L50, M|100\/100\n|switch|p2b: Muk|Muk-Alola, L50, F|100\/100\n|-ability|p1a: Calyrex|As One\n|-ability|p1a: Calyrex|Unnerve\n|turn|1\n|\n|t:|1739824032\n|-terastallize|p2b: Muk|Water\n|move|p2a: Smeargle|Fake Out|p1b: Urshifu\n|-damage|p1b: Urshifu|96\/100\n|cant|p1b: Urshifu|flinch\n|move|p1a: Calyrex|Glacial Lance|p2b: Muk|[spread] p2a,p2b\n|-resisted|p2b: Muk\n|-enditem|p2a: Smeargle|Focus Sash\n|-damage|p2a: Smeargle|1\/100\n|-damage|p2b: Muk|71\/100\n|move|p2b: Muk|Minimize|p2b: Muk\n|-boost|p2b: Muk|evasion|2\n|\n|-heal|p2b: Muk|77\/100|[from] item: Leftovers\n|-ability|p2a: Smeargle|Moody|boost\n|-boost|p2a: Smeargle|spd|2\n|-unboost|p2a: Smeargle|def|1\n|upkeep\n|turn|2\n|\n|t:|1739824054\n|move|p2a: Smeargle|Follow Me|p2a: Smeargle\n|-singleturn|p2a: Smeargle|move: Follow Me\n|move|p1b: Urshifu|Taunt|p2a: Smeargle\n|-start|p2a: Smeargle|move: Taunt\n|move|p1a: Calyrex|Glacial Lance|p2a: Smeargle|[spread] p2a,p2b\n|-resisted|p2b: Muk\n|-damage|p2a: Smeargle|0 fnt\n|-damage|p2b: Muk|49\/100\n|faint|p2a: Smeargle\n|-ability|p2b: Muk|Moody|[from] ability: Power of Alchemy|[of] p2a: Smeargle\n|-ability|p1a: Calyrex|Chilling Neigh|boost\n|-boost|p1a: Calyrex|atk|1\n|move|p2b: Muk|Minimize|p2b: Muk\n|-boost|p2b: Muk|evasion|2\n|\n|-heal|p2b: Muk|55\/100|[from] item: Leftovers\n|-ability|p2b: Muk|Moody|boost\n|-boost|p2b: Muk|spd|2\n|-unboost|p2b: Muk|spa|1\n|upkeep\n|\n|t:|1739824068\n|switch|p2a: Lugia|Lugia, L50|100\/100\n|turn|3\n|\n|t:|1739824079\n|move|p1b: Urshifu|Taunt|p2b: Muk|[miss]\n|-miss|p1b: Urshifu|p2b: Muk\n|move|p2a: Lugia|Psych Up|p2b: Muk\n|-copyboost|p2a: Lugia|p2b: Muk|[from] move: Psych Up\n|move|p1a: Calyrex|Glacial Lance|p2a: Lugia|[spread] p2a\n|-miss|p1a: Calyrex|p2b: Muk\n|-supereffective|p2a: Lugia\n|-damage|p2a: Lugia|54\/100\n|move|p2b: Muk|Knock Off|p1a: Calyrex\n|-supereffective|p1a: Calyrex\n|-damage|p1a: Calyrex|56\/100\n|-enditem|p1a: Calyrex|Clear Amulet|[from] move: Knock Off|[of] p2b: Muk\n|\n|-heal|p2b: Muk|62\/100|[from] item: Leftovers\n|-ability|p2b: Muk|Moody|boost\n|-boost|p2b: Muk|spe|2\n|-unboost|p2b: Muk|spd|1\n|upkeep\n|turn|4\n|\n|t:|1739824100\n|move|p1a: Calyrex|Protect|p1a: Calyrex\n|-singleturn|p1a: Calyrex|Protect\n|move|p2b: Muk|Minimize|p2b: Muk\n|-boost|p2b: Muk|evasion|2\n|move|p1b: Urshifu|Surging Strikes|p2a: Lugia|[miss]\n|-miss|p1b: Urshifu|p2a: Lugia\n|move|p2a: Lugia|Recover|p2a: Lugia\n|-heal|p2a: Lugia|100\/100\n|\n|-heal|p2b: Muk|68\/100|[from] item: Leftovers\n|-ability|p2b: Muk|Moody|boost\n|-boost|p2b: Muk|spd|2\n|-unboost|p2b: Muk|spa|1\n|upkeep\n|turn|5\n|\n|t:|1739824128\n|move|p2b: Muk|Toxic|p1a: Calyrex\n|-status|p1a: Calyrex|tox\n|move|p1b: Urshifu|Taunt|p2b: Muk\n|-start|p2b: Muk|move: Taunt\n|move|p2a: Lugia|Aeroblast|p1b: Urshifu\n|-supereffective|p1b: Urshifu\n|-damage|p1b: Urshifu|39\/100\n|move|p1a: Calyrex|Glacial Lance|p2b: Muk|[spread] \n|-miss|p1a: Calyrex|p2a: Lugia\n|-miss|p1a: Calyrex|p2b: Muk\n|\n|-heal|p2b: Muk|74\/100|[from] item: Leftovers\n|-damage|p1a: Calyrex|50\/100 tox|[from] psn\n|-ability|p2b: Muk|Moody|boost\n|-boost|p2b: Muk|spd|2\n|-unboost|p2b: Muk|def|1\n|upkeep\n|turn|6\n|\n|t:|1739824146\n|move|p2b: Muk|Knock Off|p1a: Calyrex\n|-supereffective|p1a: Calyrex\n|-damage|p1a: Calyrex|22\/100 tox\n|move|p1b: Urshifu|Surging Strikes|p2a: Lugia|[miss]\n|-miss|p1b: Urshifu|p2a: Lugia\n|move|p2a: Lugia|Aeroblast|p1b: Urshifu\n|-supereffective|p1b: Urshifu\n|-damage|p1b: Urshifu|0 fnt\n|faint|p1b: Urshifu\n|move|p1a: Calyrex|Glacial Lance|p2b: Muk|[spread] \n|-miss|p1a: Calyrex|p2a: Lugia\n|-miss|p1a: Calyrex|p2b: Muk\n|\n|-heal|p2b: Muk|80\/100|[from] item: Leftovers\n|-damage|p1a: Calyrex|10\/100 tox|[from] psn\n|-ability|p2b: Muk|Moody|boost\n|-boost|p2b: Muk|spd|1\n|-unboost|p2b: Muk|spa|1\n|upkeep\n|\n|t:|1739824154\n|switch|p1b: Raging Bolt|Raging Bolt, L50|100\/100\n|turn|7\n|\n|t:|1739824161\n|move|p2b: Muk|Knock Off|p1b: Raging Bolt\n|-damage|p1b: Raging Bolt|74\/100\n|-enditem|p1b: Raging Bolt|Assault Vest|[from] move: Knock Off|[of] p2b: Muk\n|move|p2a: Lugia|Calm Mind|p2a: Lugia\n|-boost|p2a: Lugia|spa|1\n|-boost|p2a: Lugia|spd|1\n|move|p1b: Raging Bolt|Thunderbolt|p2a: Lugia\n|-supereffective|p2a: Lugia\n|-damage|p2a: Lugia|89\/100\n|move|p1a: Calyrex|Glacial Lance|p2b: Muk|[spread] p2b\n|-miss|p1a: Calyrex|p2a: Lugia\n|-resisted|p2b: Muk\n|-damage|p2b: Muk|18\/100\n|\n|-heal|p2b: Muk|24\/100|[from] item: Leftovers\n|-damage|p1a: Calyrex|0 fnt|[from] psn\n|faint|p1a: Calyrex\n|-ability|p2b: Muk|Moody|boost\n|-boost|p2b: Muk|spa|2\n|-unboost|p2b: Muk|spd|1\n|upkeep\n|\n|t:|1739824176\n|switch|p1a: Landorus|Landorus, L50, M|100\/100\n|turn|8\n|\n|t:|1739824187\n|move|p2b: Muk|Knock Off|p1a: Landorus\n|-damage|p1a: Landorus|65\/100\n|-enditem|p1a: Landorus|Life Orb|[from] move: Knock Off|[of] p2b: Muk\n|move|p1a: Landorus|Earth Power|p2b: Muk|[miss]\n|-miss|p1a: Landorus|p2b: Muk\n|move|p2a: Lugia|Calm Mind|p2a: Lugia\n|-boost|p2a: Lugia|spa|1\n|-boost|p2a: Lugia|spd|1\n|move|p1b: Raging Bolt|Thunderbolt|p2a: Lugia|[miss]\n|-miss|p1b: Raging Bolt|p2a: Lugia\n|\n|-heal|p2b: Muk|30\/100|[from] item: Leftovers\n|-end|p2b: Muk|move: Taunt\n|-ability|p2b: Muk|Moody|boost\n|-boost|p2b: Muk|spa|2\n|-unboost|p2b: Muk|atk|1\n|upkeep\n|turn|9\n|\n|t:|1739824200\n|move|p2b: Muk|Toxic|p1b: Raging Bolt\n|-status|p1b: Raging Bolt|tox\n|move|p1a: Landorus|Earth Power|p2b: Muk|[miss]\n|-miss|p1a: Landorus|p2b: Muk\n|move|p2a: Lugia|Aeroblast|p1a: Landorus\n|-crit|p1a: Landorus\n|-damage|p1a: Landorus|0 fnt\n|faint|p1a: Landorus\n|move|p1b: Raging Bolt|Thunderbolt|p2a: Lugia|[miss]\n|-miss|p1b: Raging Bolt|p2a: Lugia\n|\n|-heal|p2b: Muk|36\/100|[from] item: Leftovers\n|-damage|p1b: Raging Bolt|68\/100 tox|[from] psn\n|-ability|p2b: Muk|Moody|boost\n|-boost|p2b: Muk|spa|2\n|-unboost|p2b: Muk|atk|1\n|upkeep\n|turn|10\n|-message|RICHARDHAVOC forfeited.\n|\n|win|jvessel07\n|raw|RICHARDHAVOC's rating: 1644 &rarr; <strong>1622<\/strong><br \/>(-22 for losing)\n|raw|jvessel07's rating: 1617 &rarr; <strong>1639<\/strong><br \/>(+22 for winning)\n|l|\u2606RICHARDHAVOC\n|player|p1|\n|l|\u2606jvessel07\n|player|p2|\n","uploadtime":1739824414,"views":5,"formatid":"gen9vgc2025regg","rating":1622,"private":0,"password":null}