{"id":"gen9vgc2025regg-2302694914","format":"[Gen 9] VGC 2025 Reg G","players":["Bfap","Hikawari"],"log":"|j|\u2606Bfap\n|j|\u2606Hikawari\n|t:|1739827511\n|gametype|doubles\n|player|p1|Bfap|170|1680\n|player|p2|Hikawari|265|1617\n|teamsize|p1|6\n|teamsize|p2|6\n|gen|9\n|tier|[Gen 9] VGC 2025 Reg G\n|rated|\n|rule|Species Clause: Limit one of each Pok\u00e9mon\n|rule|Item Clause: Limit 1 of each item\n|clearpoke\n|poke|p1|Smeargle, L50, M|\n|poke|p1|Calyrex-Ice, L50|\n|poke|p1|Farigiraf, L50, M|\n|poke|p1|Ogerpon-Cornerstone, L50, F|\n|poke|p1|Torkoal, L50, M|\n|poke|p1|Urshifu-*, L50, M|\n|poke|p2|Zamazenta-*, L50|\n|poke|p2|Chi-Yu, L50|\n|poke|p2|Rillaboom, L50, M|\n|poke|p2|Flutter Mane, L50|\n|poke|p2|Chien-Pao, L50|\n|poke|p2|Amoonguss, L50, M|\n|teampreview|4\n|inactive|Battle timer is ON: inactive players will automatically lose when time's up. (requested by Hikawari)\n|\n|t:|1739827538\n|start\n|switch|p1a: Smeargle|Smeargle, L50, M|100\/100\n|switch|p1b: Calyrex|Calyrex-Ice, L50|100\/100\n|switch|p2a: Zamazenta|Zamazenta-Crowned, L50|100\/100\n|switch|p2b: Chi-Yu|Chi-Yu, L50|100\/100\n|-ability|p1b: Calyrex|As One\n|-ability|p1b: Calyrex|Unnerve\n|-ability|p2b: Chi-Yu|Beads of Ruin\n|-ability|p2a: Zamazenta|Dauntless Shield|boost\n|-boost|p2a: Zamazenta|def|1\n|turn|1\n|\n|t:|1739827551\n|-terastallize|p1b: Calyrex|Water\n|move|p1a: Smeargle|Fake Out|p2b: Chi-Yu\n|-damage|p2b: Chi-Yu|94\/100\n|cant|p2b: Chi-Yu|flinch\n|move|p2a: Zamazenta|Body Press|p1a: Smeargle\n|-supereffective|p1a: Smeargle\n|-enditem|p1a: Smeargle|Focus Sash\n|-damage|p1a: Smeargle|1\/100\n|move|p1b: Calyrex|Trick Room|p1b: Calyrex\n|-fieldstart|move: Trick Room|[of] p1b: Calyrex\n|\n|upkeep\n|turn|2\n|\n|t:|1739827568\n|switch|p2b: Amoonguss|Amoonguss, L50, M|100\/100\n|move|p2a: Zamazenta|Protect|p2a: Zamazenta\n|-singleturn|p2a: Zamazenta|Protect\n|move|p1a: Smeargle|Spore|p2a: Zamazenta\n|-activate|p2a: Zamazenta|move: Protect\n|move|p1b: Calyrex|High Horsepower|p2b: Amoonguss\n|-damage|p2b: Amoonguss|72\/100\n|-damage|p1b: Calyrex|84\/100|[from] item: Rocky Helmet|[of] p2b: Amoonguss\n|\n|upkeep\n|turn|3\n|j| laslfg81\n|inactive|Bfap has 30 seconds left.\n|\n|t:|1739827603\n|switch|p1a: Farigiraf|Farigiraf, L50, M|100\/100\n|move|p1b: Calyrex|Protect|p1b: Calyrex\n|-singleturn|p1b: Calyrex|Protect\n|move|p2a: Zamazenta|Wide Guard|p2a: Zamazenta\n|-singleturn|p2a: Zamazenta|Wide Guard\n|move|p2b: Amoonguss|Spore|p1a: Farigiraf\n|-activate|p1a: Farigiraf|item: Safety Goggles|Spore\n|\n|upkeep\n|turn|4\n|l| laslfg81\n|\n|t:|1739827623\n|move|p2b: Amoonguss|Spore|p1b: Calyrex\n|-status|p1b: Calyrex|slp|[from] move: Spore\n|move|p1a: Farigiraf|Psychic|p2b: Amoonguss\n|-supereffective|p2b: Amoonguss\n|-crit|p2b: Amoonguss\n|-damage|p2b: Amoonguss|0 fnt\n|faint|p2b: Amoonguss\n|cant|p1b: Calyrex|slp\n|move|p2a: Zamazenta|Body Press|p1a: Farigiraf\n|-damage|p1a: Farigiraf|32\/100\n|\n|upkeep\n|\n|t:|1739827631\n|switch|p2b: Chi-Yu|Chi-Yu, L50|94\/100\n|-ability|p2b: Chi-Yu|Beads of Ruin\n|turn|5\n|\n|t:|1739827645\n|move|p1a: Farigiraf|Hyper Voice|p2a: Zamazenta|[spread] p2a,p2b\n|-resisted|p2a: Zamazenta\n|-damage|p2a: Zamazenta|85\/100\n|-damage|p2b: Chi-Yu|65\/100\n|cant|p1b: Calyrex|slp\n|move|p2a: Zamazenta|Body Press|p1b: Calyrex\n|-damage|p1b: Calyrex|42\/100 slp\n|move|p2b: Chi-Yu|Snarl|p1a: Farigiraf|[spread] p1a,p1b\n|-supereffective|p1a: Farigiraf\n|-damage|p1a: Farigiraf|0 fnt\n|-damage|p1b: Calyrex|22\/100 slp\n|faint|p1a: Farigiraf\n|\n|-fieldend|move: Trick Room\n|upkeep\n|\n|t:|1739827655\n|switch|p1a: Smeargle|Smeargle, L50, M|1\/100\n|turn|6\n|\n|t:|1739827669\n|move|p1a: Smeargle|Fake Out|p2a: Zamazenta\n|-resisted|p2a: Zamazenta\n|-damage|p2a: Zamazenta|84\/100\n|move|p2b: Chi-Yu|Snarl|p1a: Smeargle|[spread] p1a,p1b\n|-damage|p1a: Smeargle|0 fnt\n|-damage|p1b: Calyrex|4\/100 slp\n|faint|p1a: Smeargle\n|cant|p2a: Zamazenta|flinch\n|-curestatus|p1b: Calyrex|slp|[msg]\n|move|p1b: Calyrex|Trick Room|p1b: Calyrex\n|-fieldstart|move: Trick Room|[of] p1b: Calyrex\n|\n|upkeep\n|\n|t:|1739827679\n|switch|p1a: Torkoal|Torkoal, L50, M|100\/100\n|-weather|SunnyDay|[from] ability: Drought|[of] p1a: Torkoal\n|turn|7\n|\n|t:|1739827696\n|-terastallize|p2a: Zamazenta|Dragon\n|move|p1a: Torkoal|Weather Ball|p2a: Zamazenta\n|-resisted|p2a: Zamazenta\n|-damage|p2a: Zamazenta|47\/100\n|move|p1b: Calyrex|High Horsepower|p2b: Chi-Yu\n|-supereffective|p2b: Chi-Yu\n|-damage|p2b: Chi-Yu|0 fnt\n|faint|p2b: Chi-Yu\n|-ability|p1b: Calyrex|Chilling Neigh|boost\n|-boost|p1b: Calyrex|atk|1\n|move|p2a: Zamazenta|Body Press|p1a: Torkoal\n|-damage|p1a: Torkoal|50\/100\n|\n|-weather|SunnyDay|[upkeep]\n|upkeep\n|\n|t:|1739827700\n|switch|p2b: Chien-Pao|Chien-Pao, L50|100\/100\n|-ability|p2b: Chien-Pao|Sword of Ruin\n|turn|8\n|inactive|Bfap has 30 seconds left.\n|\n|t:|1739827726\n|move|p2a: Zamazenta|Protect|p2a: Zamazenta\n|-singleturn|p2a: Zamazenta|Protect\n|move|p2b: Chien-Pao|Protect|p2b: Chien-Pao\n|-singleturn|p2b: Chien-Pao|Protect\n|move|p1a: Torkoal|Weather Ball|p2b: Chien-Pao\n|-activate|p2b: Chien-Pao|move: Protect\n|move|p1b: Calyrex|Glacial Lance|p2a: Zamazenta|[spread] \n|-activate|p2a: Zamazenta|move: Protect\n|-activate|p2b: Chien-Pao|move: Protect\n|\n|-weather|SunnyDay|[upkeep]\n|upkeep\n|turn|9\n|\n|t:|1739827742\n|move|p1b: Calyrex|Protect|p1b: Calyrex\n|-singleturn|p1b: Calyrex|Protect\n|move|p2b: Chien-Pao|Sucker Punch||[still]\n|-fail|p2b: Chien-Pao\n|move|p1a: Torkoal|Weather Ball|p2b: Chien-Pao\n|-supereffective|p2b: Chien-Pao\n|-enditem|p2b: Chien-Pao|Focus Sash\n|-damage|p2b: Chien-Pao|1\/100\n|move|p2a: Zamazenta|Body Press|p1a: Torkoal\n|-damage|p1a: Torkoal|0 fnt\n|faint|p1a: Torkoal\n|\n|-weather|SunnyDay|[upkeep]\n|upkeep\n|turn|10\n|-message|Bfap forfeited.\n|\n|win|Hikawari\n|raw|Bfap's rating: 1680 &rarr; <strong>1656<\/strong><br \/>(-24 for losing)\n|raw|Hikawari's rating: 1617 &rarr; <strong>1641<\/strong><br \/>(+24 for winning)\n|l|\u2606Bfap\n|player|p1|\n|l|\u2606Hikawari\n|player|p2|\n","uploadtime":1739827917,"views":14,"formatid":"gen9vgc2025regg","rating":1641,"private":0,"password":null}