{"id":"gen9vgc2025regg-2302002124","format":"[Gen 9] VGC 2025 Reg G","players":["Ogerpon(W)VGC","root2iris"],"log":"|j|\u2606Ogerpon(W)VGC\n|j|\u2606root2iris\n|t:|1739735478\n|gametype|doubles\n|player|p1|Ogerpon(W)VGC|169|1620\n|player|p2|root2iris|guitarist|1622\n|teamsize|p1|6\n|teamsize|p2|6\n|gen|9\n|tier|[Gen 9] VGC 2025 Reg G\n|rated|\n|rule|Species Clause: Limit one of each Pok\u00e9mon\n|rule|Item Clause: Limit 1 of each item\n|clearpoke\n|poke|p1|Calyrex-Ice, L50|\n|poke|p1|Smeargle, L50, M|\n|poke|p1|Urshifu-*, L50, M|\n|poke|p1|Raging Bolt, L50|\n|poke|p1|Ogerpon-Cornerstone, L50, F|\n|poke|p1|Volcarona, L50, F|\n|poke|p2|Terapagos, L50, M|\n|poke|p2|Amoonguss, L50, M|\n|poke|p2|Incineroar, L50, M|\n|poke|p2|Urshifu-*, L50, M|\n|poke|p2|Flutter Mane, L50|\n|poke|p2|Ditto, L50|\n|teampreview|4\n|inactive|Battle timer is ON: inactive players will automatically lose when time's up. (requested by root2iris)\n|\n|t:|1739735502\n|start\n|switch|p1a: Smeargle|Smeargle, L50, M, shiny|100\/100\n|switch|p1b: Raging Bolt|Raging Bolt, L50|100\/100\n|switch|p2a: seashells|Urshifu-Rapid-Strike, L50, M|100\/100\n|switch|p2b: foolish girl|Flutter Mane, L50|100\/100\n|-enditem|p2b: foolish girl|Booster Energy\n|-activate|p2b: foolish girl|ability: Protosynthesis|[fromitem]\n|-start|p2b: foolish girl|protosynthesisspe\n|turn|1\n|inactive|Ogerpon(W)VGC has 30 seconds left.\n|\n|t:|1739735530\n|-terastallize|p1a: Smeargle|Grass\n|move|p2a: seashells|Detect|p2a: seashells\n|-singleturn|p2a: seashells|Protect\n|move|p2b: foolish girl|Taunt|p1a: Smeargle\n|-start|p1a: Smeargle|move: Taunt\n|cant|p1a: Smeargle|move: Taunt|Spore\n|move|p1b: Raging Bolt|Electroweb|p2a: seashells|[spread] p2b\n|-activate|p2a: seashells|move: Protect\n|-damage|p2b: foolish girl|82\/100\n|-unboost|p2b: foolish girl|spe|1\n|\n|-ability|p1a: Smeargle|Moody|boost\n|-boost|p1a: Smeargle|atk|2\n|-unboost|p1a: Smeargle|spa|1\n|upkeep\n|turn|2\n|\n|t:|1739735548\n|switch|p2a: sea-salt|Terapagos, L50, M|100\/100\n|-activate|p2a: sea-salt|ability: Tera Shift\n|detailschange|p2a: sea-salt|Terapagos-Terastal, L50, M\n|-heal|p2a: sea-salt|100\/100|[silent]\n|move|p2b: foolish girl|Moonblast|p1b: Raging Bolt\n|-supereffective|p1b: Raging Bolt\n|-damage|p1b: Raging Bolt|47\/100\n|-unboost|p1b: Raging Bolt|spa|1\n|move|p1a: Smeargle|Salt Cure|p2a: sea-salt\n|-activate|p2a: sea-salt|ability: Tera Shell\n|-resisted|p2a: sea-salt\n|-damage|p2a: sea-salt|98\/100\n|-start|p2a: sea-salt|Salt Cure\n|move|p1b: Raging Bolt|Electroweb|p2b: foolish girl|[spread] p2a,p2b\n|-damage|p2a: sea-salt|84\/100\n|-damage|p2b: foolish girl|70\/100\n|-unboost|p2a: sea-salt|spe|1\n|-unboost|p2b: foolish girl|spe|1\n|\n|-heal|p2a: sea-salt|90\/100|[from] item: Leftovers\n|-damage|p2a: sea-salt|78\/100|[from] Salt Cure\n|-ability|p1a: Smeargle|Moody|boost\n|-boost|p1a: Smeargle|spe|2\n|-unboost|p1a: Smeargle|spd|1\n|upkeep\n|turn|3\n|inactive|Ogerpon(W)VGC has 30 seconds left.\n|\n|t:|1739735575\n|-terastallize|p2a: sea-salt|Stellar\n|detailschange|p2a: sea-salt|Terapagos-Stellar, L50, M, tera:Stellar\n|-heal|p2a: sea-salt|84\/100|[silent]\n|move|p1a: Smeargle|Salt Cure|p2b: foolish girl\n|-damage|p2b: foolish girl|62\/100\n|-start|p2b: foolish girl|Salt Cure\n|move|p2b: foolish girl|Moonblast|p1b: Raging Bolt\n|-supereffective|p1b: Raging Bolt\n|-damage|p1b: Raging Bolt|0 fnt\n|faint|p1b: Raging Bolt\n|-end|p1b: Raging Bolt|Protosynthesis|[silent]\n|move|p2a: sea-salt|Tera Starstorm|p1a: Smeargle\n|-supereffective|p1a: Smeargle\n|-enditem|p1a: Smeargle|Focus Sash\n|-damage|p1a: Smeargle|1\/100\n|\n|-heal|p2a: sea-salt|90\/100|[from] item: Leftovers\n|-damage|p2b: foolish girl|50\/100|[from] Salt Cure\n|-damage|p2a: sea-salt|77\/100|[from] Salt Cure\n|-end|p1a: Smeargle|move: Taunt\n|-ability|p1a: Smeargle|Moody|boost\n|-boost|p1a: Smeargle|atk|2\n|-unboost|p1a: Smeargle|spd|1\n|upkeep\n|\n|t:|1739735597\n|switch|p1b: Calyrex|Calyrex-Ice, L50|100\/100\n|-ability|p1b: Calyrex|As One\n|-ability|p1b: Calyrex|Unnerve\n|turn|4\n|\n|t:|1739735621\n|move|p1a: Smeargle|Spore|p2b: foolish girl\n|-status|p2b: foolish girl|slp|[from] move: Spore\n|cant|p2b: foolish girl|slp\n|move|p2a: sea-salt|Tera Starstorm|p1a: Smeargle|[spread] p1a,p1b\n|-supereffective|p1a: Smeargle\n|-damage|p1a: Smeargle|0 fnt\n|-damage|p1b: Calyrex|76\/100\n|faint|p1a: Smeargle\n|move|p1b: Calyrex|Glacial Lance|p2b: foolish girl|[spread] p2a,p2b\n|-damage|p2a: sea-salt|42\/100\n|-damage|p2b: foolish girl|0 fnt\n|faint|p2b: foolish girl\n|-end|p2b: foolish girl|Protosynthesis|[silent]\n|-ability|p1b: Calyrex|Chilling Neigh|boost\n|-boost|p1b: Calyrex|atk|1\n|\n|-heal|p2a: sea-salt|48\/100|[from] item: Leftovers\n|-damage|p2a: sea-salt|36\/100|[from] Salt Cure\n|upkeep\n|\n|t:|1739735639\n|switch|p2b: seashells|Urshifu-Rapid-Strike, L50, M|100\/100\n|switch|p1a: Ogerpon|Ogerpon-Cornerstone, L50, F|100\/100\n|turn|5\n|\n|t:|1739735656\n|move|p1a: Ogerpon|Ivy Cudgel|p2a: sea-salt|[anim] Ivy Cudgel Rock\n|-damage|p2a: sea-salt|0 fnt\n|faint|p2a: sea-salt\n|move|p2b: seashells|Surging Strikes|p1a: Ogerpon\n|-crit|p1a: Ogerpon\n|-damage|p1a: Ogerpon|63\/100\n|-crit|p1a: Ogerpon\n|-damage|p1a: Ogerpon|28\/100\n|-crit|p1a: Ogerpon\n|-damage|p1a: Ogerpon|0 fnt\n|faint|p1a: Ogerpon\n|-hitcount|p1: Ogerpon|3\n|move|p1b: Calyrex|Glacial Lance|p2b: seashells\n|-resisted|p2b: seashells\n|-damage|p2b: seashells|48\/100\n|\n|upkeep\n|\n|t:|1739735664\n|switch|p2a: no. i|Ditto, L50|100\/100\n|-transform|p2a: no. i|p1b: Calyrex|[from] ability: Imposter\n|-ability|p2a: no. i|As One\n|-ability|p2a: no. i|Unnerve\n|turn|6\n|-message|Ogerpon(W)VGC forfeited.\n|\n|win|root2iris\n|raw|Ogerpon(W)VGC's rating: 1620 &rarr; <strong>1600<\/strong><br \/>(-20 for losing)\n|raw|root2iris's rating: 1622 &rarr; <strong>1642<\/strong><br \/>(+20 for winning)\n|l|\u2606Ogerpon(W)VGC\n|player|p1|\n|l|\u2606root2iris\n|player|p2|\n","uploadtime":1739735944,"views":8,"formatid":"gen9vgc2025regg","rating":1600,"private":0,"password":null}