{"id":"gen9vgc2025regg-2302362038","format":"[Gen 9] VGC 2025 Reg G","players":["onedaymob","Areestoo"],"log":"|j|\u2606onedaymob\n|j|\u2606Areestoo\n|t:|1739787038\n|gametype|doubles\n|player|p1|onedaymob|266|1665\n|player|p2|Areestoo|101|1647\n|teamsize|p1|6\n|teamsize|p2|6\n|gen|9\n|tier|[Gen 9] VGC 2025 Reg G\n|rated|\n|rule|Species Clause: Limit one of each Pok\u00e9mon\n|rule|Item Clause: Limit 1 of each item\n|clearpoke\n|poke|p1|Calyrex-Shadow, L50|\n|poke|p1|Incineroar, L50, M|\n|poke|p1|Rillaboom, L50, F|\n|poke|p1|Chi-Yu, L50|\n|poke|p1|Clefairy, L50, F|\n|poke|p1|Raging Bolt, L50|\n|poke|p2|Necrozma-Dawn-Wings, L50|\n|poke|p2|Indeedee-F, L50, F|\n|poke|p2|Ursaluna, L50, M|\n|poke|p2|Gallade, L50, M|\n|poke|p2|Torkoal, L50, F|\n|poke|p2|Lilligant-Hisui, L50, F|\n|teampreview|4\n|inactive|Battle timer is ON: inactive players will automatically lose when time's up. (requested by Areestoo)\n|inactive|onedaymob also wants the timer to be on.\n|inactive|onedaymob has 60 seconds left.\n|\n|t:|1739787078\n|start\n|switch|p1a: Chi-Yu|Chi-Yu, L50|100\/100\n|switch|p1b: Incineroar|Incineroar, L50, M|100\/100\n|switch|p2a: Torkoal|Torkoal, L50, F|100\/100\n|switch|p2b: Lilligant|Lilligant-Hisui, L50, F|100\/100\n|-ability|p1a: Chi-Yu|Beads of Ruin\n|-ability|p1b: Incineroar|Intimidate|boost\n|-unboost|p2a: Torkoal|atk|1\n|-unboost|p2b: Lilligant|atk|1\n|-weather|SunnyDay|[from] ability: Drought|[of] p2a: Torkoal\n|turn|1\n|inactive|onedaymob has 30 seconds left.\n|\n|t:|1739787109\n|switch|p2a: Indeedee|Indeedee-F, L50, F|100\/100\n|-fieldstart|move: Psychic Terrain|[from] ability: Psychic Surge|[of] p2a: Indeedee\n|-enditem|p2a: Indeedee|Psychic Seed\n|-boost|p2a: Indeedee|spd|1|[from] item: Psychic Seed\n|move|p1b: Incineroar|Fake Out|p2b: Lilligant\n|-activate|p2b: Lilligant|move: Psychic Terrain\n|move|p2b: Lilligant|Close Combat|p1a: Chi-Yu\n|-supereffective|p1a: Chi-Yu\n|-damage|p1a: Chi-Yu|0 fnt\n|-unboost|p2b: Lilligant|def|1\n|-unboost|p2b: Lilligant|spd|1\n|faint|p1a: Chi-Yu\n|\n|-weather|SunnyDay|[upkeep]\n|upkeep\n|\n|t:|1739787125\n|switch|p1a: Calyrex|Calyrex-Shadow, L50|100\/100\n|-ability|p1a: Calyrex|As One\n|-ability|p1a: Calyrex|Unnerve\n|turn|2\n|\n|t:|1739787136\n|move|p2b: Lilligant|After You|p2a: Indeedee\n|-activate|p2a: Indeedee|move: After You\n|move|p2a: Indeedee|Trick Room|p2a: Indeedee\n|-fieldstart|move: Trick Room|[of] p2a: Indeedee\n|move|p1b: Incineroar|Taunt|p2a: Indeedee\n|-start|p2a: Indeedee|move: Taunt\n|move|p1a: Calyrex|Psychic|p2b: Lilligant\n|-supereffective|p2b: Lilligant\n|-enditem|p2b: Lilligant|Focus Sash\n|-damage|p2b: Lilligant|1\/100\n|\n|-weather|SunnyDay|[upkeep]\n|upkeep\n|turn|3\n|\n|t:|1739787155\n|move|p1a: Calyrex|Protect|p1a: Calyrex\n|-singleturn|p1a: Calyrex|Protect\n|move|p2a: Indeedee|Dazzling Gleam|p1a: Calyrex|[spread] p1b\n|-activate|p1a: Calyrex|move: Protect\n|-damage|p1b: Incineroar|89\/100\n|move|p1b: Incineroar|Parting Shot|p2b: Lilligant\n|-unboost|p2b: Lilligant|atk|1\n|-unboost|p2b: Lilligant|spa|1\n|\n|t:|1739787165\n|switch|p1b: Clefairy|Clefairy, L50, F|100\/100|[from] Parting Shot\n|move|p2b: Lilligant|Close Combat|p1b: Clefairy\n|-resisted|p1b: Clefairy\n|-damage|p1b: Clefairy|89\/100\n|-unboost|p2b: Lilligant|def|1\n|-unboost|p2b: Lilligant|spd|1\n|\n|-weather|SunnyDay|[upkeep]\n|upkeep\n|turn|4\n|\n|t:|1739787187\n|move|p1b: Clefairy|Sing|p2b: Lilligant|[miss]\n|-miss|p1b: Clefairy|p2b: Lilligant\n|move|p2a: Indeedee|Dazzling Gleam|p1b: Clefairy|[spread] p1a,p1b\n|-damage|p1a: Calyrex|90\/100\n|-damage|p1b: Clefairy|77\/100\n|move|p1a: Calyrex|Nasty Plot|p1a: Calyrex\n|-boost|p1a: Calyrex|spa|2\n|move|p2b: Lilligant|Solar Blade||[still]\n|-prepare|p2b: Lilligant|Solar Blade\n|-anim|p2b: Lilligant|Solar Blade|p1a: Calyrex\n|-damage|p1a: Calyrex|60\/100\n|\n|-weather|SunnyDay|[upkeep]\n|upkeep\n|turn|5\n|\n|t:|1739787207\n|switch|p2b: Torkoal|Torkoal, L50, F|100\/100\n|move|p1b: Clefairy|Sing|p2a: Indeedee|[miss]\n|-miss|p1b: Clefairy|p2a: Indeedee\n|move|p2a: Indeedee|Dazzling Gleam|p1b: Clefairy|[spread] p1a,p1b\n|-damage|p1a: Calyrex|50\/100\n|-damage|p1b: Clefairy|64\/100\n|move|p1a: Calyrex|Psychic|p2b: Torkoal\n|-damage|p2b: Torkoal|0 fnt\n|faint|p2b: Torkoal\n|-ability|p1a: Calyrex|Grim Neigh|boost\n|-boost|p1a: Calyrex|spa|1\n|\n|-weather|none\n|-end|p2a: Indeedee|move: Taunt\n|-fieldend|move: Psychic Terrain\n|upkeep\n|\n|t:|1739787218\n|switch|p2b: Necrozma|Necrozma-Dawn-Wings, L50|100\/100\n|turn|6\n|\n|t:|1739787238\n|-terastallize|p2b: Necrozma|Water\n|move|p1a: Calyrex|Protect|p1a: Calyrex\n|-singleturn|p1a: Calyrex|Protect\n|move|p1b: Clefairy|Sing|p2a: Indeedee|[miss]\n|-miss|p1b: Clefairy|p2a: Indeedee\n|move|p2b: Necrozma|Trick Room|p2b: Necrozma\n|-fieldend|move: Trick Room\n|move|p2a: Indeedee|Trick Room|p2a: Indeedee\n|-fieldstart|move: Trick Room|[of] p2a: Indeedee\n|\n|upkeep\n|turn|7\n|\n|t:|1739787254\n|move|p2a: Indeedee|Follow Me|p2a: Indeedee\n|-singleturn|p2a: Indeedee|move: Follow Me\n|move|p1b: Clefairy|Sing|p2a: Indeedee|[miss]\n|-miss|p1b: Clefairy|p2a: Indeedee\n|move|p2b: Necrozma|Moongeist Beam|p1a: Calyrex\n|-supereffective|p1a: Calyrex\n|-damage|p1a: Calyrex|0 fnt\n|faint|p1a: Calyrex\n|\n|upkeep\n|-message|onedaymob forfeited.\n|\n|win|Areestoo\n|raw|onedaymob's rating: 1665 &rarr; <strong>1644<\/strong><br \/>(-21 for losing)\n|raw|Areestoo's rating: 1647 &rarr; <strong>1668<\/strong><br \/>(+21 for winning)\n|l|\u2606onedaymob\n|player|p1|\n","uploadtime":1739787435,"views":9,"formatid":"gen9vgc2025regg","rating":1644,"private":0,"password":null}