{"id":"gen9vgc2025regg-2302321604","format":"[Gen 9] VGC 2025 Reg G","players":["Snow14124869","Benjojos"],"log":"|j|\u2606Snow14124869\n|j|\u2606Benjojos\n|t:|1739779490\n|gametype|doubles\n|player|p1|Snow14124869|hilbert|1561\n|player|p2|Benjojos|caitlin|1625\n|teamsize|p1|6\n|teamsize|p2|6\n|gen|9\n|tier|[Gen 9] VGC 2025 Reg G\n|rated|\n|rule|Species Clause: Limit one of each Pok\u00e9mon\n|rule|Item Clause: Limit 1 of each item\n|clearpoke\n|poke|p1|Calyrex-Shadow, L50|\n|poke|p1|Raging Bolt, L50|\n|poke|p1|Urshifu-*, L50, F|\n|poke|p1|Grimmsnarl, L50, M|\n|poke|p1|Incineroar, L50, F|\n|poke|p1|Rillaboom, L50, F|\n|poke|p2|Calyrex-Ice, L50|\n|poke|p2|Indeedee-F, L50, F|\n|poke|p2|Annihilape, L50, F|\n|poke|p2|Heatran, L50, M|\n|poke|p2|Sinistcha, L50|\n|poke|p2|Iron Valiant, L50|\n|teampreview|4\n|inactive|Battle timer is ON: inactive players will automatically lose when time's up. (requested by Benjojos)\n|inactive|Snow14124869 has 60 seconds left.\n|\n|t:|1739779524\n|start\n|switch|p1a: Calyrex|Calyrex-Shadow, L50|100\/100\n|switch|p1b: Urshifu|Urshifu-Rapid-Strike, L50, F|100\/100\n|switch|p2a: Indeedee|Indeedee-F, L50, F|100\/100\n|switch|p2b: Annihilape|Annihilape, L50, F|100\/100\n|-ability|p1a: Calyrex|As One\n|-ability|p1a: Calyrex|Unnerve\n|-fieldstart|move: Psychic Terrain|[from] ability: Psychic Surge|[of] p2a: Indeedee\n|-enditem|p2a: Indeedee|Psychic Seed\n|-boost|p2a: Indeedee|spd|1|[from] item: Psychic Seed\n|turn|1\n|\n|t:|1739779545\n|-terastallize|p1a: Calyrex|Fairy\n|move|p1b: Urshifu|Detect|p1b: Urshifu\n|-singleturn|p1b: Urshifu|Protect\n|move|p1a: Calyrex|Calm Mind|p1a: Calyrex\n|-boost|p1a: Calyrex|spa|1\n|-boost|p1a: Calyrex|spd|1\n|move|p2b: Annihilape|Rage Fist|p1a: Calyrex\n|-damage|p1a: Calyrex|80\/100\n|move|p2a: Indeedee|Trick Room|p2a: Indeedee\n|-fieldstart|move: Trick Room|[of] p2a: Indeedee\n|\n|upkeep\n|turn|2\n|inactive|Snow14124869 has 30 seconds left.\n|inactive|Snow14124869 has 20 seconds left.\n|\n|t:|1739779583\n|switch|p1b: Rillaboom|Rillaboom, L50, F|100\/100\n|-fieldstart|move: Grassy Terrain|[from] ability: Grassy Surge|[of] p1b: Rillaboom\n|move|p2a: Indeedee|Psychic|p1b: Rillaboom\n|-crit|p1b: Rillaboom\n|-damage|p1b: Rillaboom|72\/100\n|move|p2b: Annihilape|Rage Fist|p1b: Rillaboom\n|-damage|p1b: Rillaboom|49\/100\n|move|p1a: Calyrex|Draining Kiss|p2a: Indeedee\n|-damage|p2a: Indeedee|68\/100\n|-heal|p1a: Calyrex|100\/100|[from] drain|[of] p2a: Indeedee\n|\n|-heal|p2a: Indeedee|75\/100|[from] Grassy Terrain\n|-heal|p1b: Rillaboom|55\/100|[from] Grassy Terrain\n|upkeep\n|turn|3\n|l|\u2606Snow14124869\n|inactive|Snow14124869 disconnected and has a minute to reconnect!\n|player|p1|\n|j|\u2606Snow14124869\n|inactive|Snow14124869 reconnected and has 35 seconds left.\n|player|p1|Snow14124869|hilbert|\n|inactive|Snow14124869 has 30 seconds left.\n|inactive|Snow14124869 has 20 seconds left.\n|inactive|Benjojos has 30 seconds left.\n|inactive|Snow14124869 has 15 seconds left.\n|\n|t:|1739779632\n|switch|p2a: Heatran|Heatran, L50, M|100\/100\n|move|p1b: Rillaboom|U-turn|p2a: Heatran\n|-resisted|p2a: Heatran\n|-damage|p2a: Heatran|96\/100\n|\n|t:|1739779638\n|switch|p1b: Urshifu|Urshifu-Rapid-Strike, L50, F|100\/100|[from] U-turn\n|move|p2b: Annihilape|Close Combat|p1b: Urshifu\n|-damage|p1b: Urshifu|39\/100\n|-unboost|p2b: Annihilape|def|1\n|-unboost|p2b: Annihilape|spd|1\n|move|p1a: Calyrex|Draining Kiss|p2a: Heatran\n|-resisted|p2a: Heatran\n|-damage|p2a: Heatran|85\/100\n|\n|-heal|p2a: Heatran|91\/100|[from] Grassy Terrain\n|-heal|p1b: Urshifu|45\/100|[from] Grassy Terrain\n|upkeep\n|turn|4\n|inactive|Benjojos has 30 seconds left.\n|\n|t:|1739779666\n|switch|p1b: Rillaboom|Rillaboom, L50, F|55\/100\n|switch|p2b: Calyrex|Calyrex-Ice, L50|100\/100\n|-ability|p2b: Calyrex|As One\n|-ability|p2b: Calyrex|Unnerve\n|move|p2a: Heatran|Heavy Slam|p1a: Calyrex\n|-supereffective|p1a: Calyrex\n|-damage|p1a: Calyrex|29\/100\n|move|p1a: Calyrex|Astral Barrage|p2b: Calyrex|[spread] p2a,p2b\n|-supereffective|p2b: Calyrex\n|-damage|p2a: Heatran|32\/100\n|-damage|p2b: Calyrex|27\/100\n|\n|-heal|p2b: Calyrex|33\/100|[from] Grassy Terrain\n|-heal|p2a: Heatran|38\/100|[from] Grassy Terrain\n|-heal|p1b: Rillaboom|60\/100|[from] Grassy Terrain\n|-heal|p1a: Calyrex|35\/100|[from] Grassy Terrain\n|upkeep\n|turn|5\n|\n|t:|1739779691\n|switch|p2a: Indeedee|Indeedee-F, L50, F|75\/100\n|-fieldstart|move: Psychic Terrain|[from] ability: Psychic Surge|[of] p2a: Indeedee\n|switch|p1b: Incineroar|Incineroar, L50, F|100\/100\n|-ability|p1b: Incineroar|Intimidate|boost\n|-unboost|p2a: Indeedee|atk|1\n|-unboost|p2b: Calyrex|atk|1\n|move|p1a: Calyrex|Protect|p1a: Calyrex\n|-singleturn|p1a: Calyrex|Protect\n|move|p2b: Calyrex|Glacial Lance|p1b: Incineroar|[spread] p1b\n|-activate|p1a: Calyrex|move: Protect\n|-resisted|p1b: Incineroar\n|-damage|p1b: Incineroar|87\/100\n|\n|-fieldend|move: Trick Room\n|upkeep\n|turn|6\n|inactive|Snow14124869 has 30 seconds left.\n|inactive|Snow14124869 has 20 seconds left.\n|\n|t:|1739779729\n|switch|p2b: Heatran|Heatran, L50, M|38\/100\n|move|p1a: Calyrex|Draining Kiss|p2a: Indeedee\n|-damage|p2a: Indeedee|19\/100\n|-heal|p1a: Calyrex|73\/100|[from] drain|[of] p2a: Indeedee\n|move|p1b: Incineroar|Knock Off|p2a: Indeedee\n|-supereffective|p2a: Indeedee\n|-damage|p2a: Indeedee|0 fnt\n|faint|p2a: Indeedee\n|\n|upkeep\n|\n|t:|1739779738\n|switch|p2a: Annihilape|Annihilape, L50, F|100\/100\n|turn|7\n|\n|t:|1739779752\n|-terastallize|p2a: Annihilape|Stellar\n|move|p1a: Calyrex|Astral Barrage|p2a: Annihilape|[spread] p2a,p2b\n|-supereffective|p2a: Annihilape\n|-enditem|p2a: Annihilape|Focus Sash\n|-damage|p2a: Annihilape|1\/100\n|-damage|p2b: Heatran|0 fnt\n|faint|p2b: Heatran\n|-ability|p1a: Calyrex|Grim Neigh|boost\n|-boost|p1a: Calyrex|spa|1\n|move|p2a: Annihilape|Rage Fist|p1a: Calyrex\n|-damage|p1a: Calyrex|18\/100\n|move|p1b: Incineroar|Knock Off|p2a: Annihilape\n|-damage|p2a: Annihilape|0 fnt\n|faint|p2a: Annihilape\n|\n|upkeep\n|-message|Benjojos forfeited.\n|\n|win|Snow14124869\n|raw|Snow14124869's rating: 1561 &rarr; <strong>1585<\/strong><br \/>(+24 for winning)\n|raw|Benjojos's rating: 1625 &rarr; <strong>1601<\/strong><br \/>(-24 for losing)\n|l|\u2606Benjojos\n|player|p2|\n","uploadtime":1739779902,"views":9,"formatid":"gen9vgc2025regg","rating":1585,"private":0,"password":null}