{"id":"gen9vgc2025regg-2302807007","format":"[Gen 9] VGC 2025 Reg G","players":["Javoguapo","pig duck eater"],"log":"|j|\u2606Javoguapo\n|j|\u2606pig duck eater\n|t:|1739840559\n|gametype|doubles\n|player|p1|Javoguapo|266|1574\n|player|p2|pig duck eater|2|1540\n|teamsize|p1|6\n|teamsize|p2|6\n|gen|9\n|tier|[Gen 9] VGC 2025 Reg G\n|rated|\n|rule|Species Clause: Limit one of each Pok\u00e9mon\n|rule|Item Clause: Limit 1 of each item\n|clearpoke\n|poke|p1|Kyogre, L50|\n|poke|p1|Archaludon, L50, F|\n|poke|p1|Grimmsnarl, L50, M|\n|poke|p1|Tornadus, L50, M|\n|poke|p1|Farigiraf, L50, M|\n|poke|p1|Chien-Pao, L50|\n|poke|p2|Koraidon, L50|\n|poke|p2|Iron Crown, L50|\n|poke|p2|Indeedee-F, L50, F|\n|poke|p2|Garganacl, L50, F|\n|poke|p2|Tornadus, L50, M|\n|poke|p2|Ogerpon-Wellspring, L50, F|\n|teampreview|4\n|j| futonkagebunshin\n|inactive|Battle timer is ON: inactive players will automatically lose when time's up. (requested by Javoguapo)\n|inactive|pig duck eater has 60 seconds left.\n|\n|t:|1739840650\n|start\n|switch|p1a: Grimmsnarl|Grimmsnarl, L50, M|100\/100\n|switch|p1b: Chien-Pao|Chien-Pao, L50|100\/100\n|switch|p2a: Ogerpon|Ogerpon-Wellspring, L50, F|100\/100\n|switch|p2b: Iron Crown|Iron Crown, L50|100\/100\n|-ability|p1b: Chien-Pao|Sword of Ruin\n|-enditem|p2b: Iron Crown|Booster Energy\n|-activate|p2b: Iron Crown|ability: Quark Drive|[fromitem]\n|-start|p2b: Iron Crown|quarkdrivespe\n|turn|1\n|inactive|Javoguapo has 30 seconds left.\n|inactive|Javoguapo has 20 seconds left.\n|inactive|Javoguapo has 15 seconds left.\n|inactive|Javoguapo has 10 seconds left.\n|inactive|Javoguapo has 5 seconds left.\n|\n|t:|1739840705\n|move|p2a: Ogerpon|Follow Me|p2a: Ogerpon\n|-singleturn|p2a: Ogerpon|move: Follow Me\n|move|p1a: Grimmsnarl|Taunt|p2a: Ogerpon\n|-start|p2a: Ogerpon|move: Taunt\n|move|p2b: Iron Crown|Calm Mind|p2b: Iron Crown\n|-boost|p2b: Iron Crown|spa|1\n|-boost|p2b: Iron Crown|spd|1\n|move|p1b: Chien-Pao|Ice Spinner|p2a: Ogerpon\n|-damage|p2a: Ogerpon|57\/100\n|\n|upkeep\n|turn|2\n|inactive|Javoguapo has 30 seconds left.\n|inactive|Javoguapo has 20 seconds left.\n|inactive|Javoguapo has 15 seconds left.\n|inactive|Javoguapo has 10 seconds left.\n|inactive|Javoguapo has 5 seconds left.\n|j| mr pogostick\n|\n|t:|1739840760\n|switch|p2a: Indeedee|Indeedee-F, L50, F|100\/100\n|-fieldstart|move: Psychic Terrain|[from] ability: Psychic Surge|[of] p2a: Indeedee\n|-enditem|p2a: Indeedee|Psychic Seed\n|-boost|p2a: Indeedee|spd|1|[from] item: Psychic Seed\n|move|p1a: Grimmsnarl|Taunt|p2a: Indeedee\n|-activate|p2a: Indeedee|move: Psychic Terrain\n|move|p2b: Iron Crown|Tachyon Cutter|p1b: Chien-Pao\n|-supereffective|p1b: Chien-Pao\n|-enditem|p1b: Chien-Pao|Focus Sash\n|-damage|p1b: Chien-Pao|1\/100\n|-supereffective|p1b: Chien-Pao\n|-damage|p1b: Chien-Pao|0 fnt\n|faint|p1b: Chien-Pao\n|-hitcount|p1: Chien-Pao|2\n|\n|upkeep\n|inactive|Javoguapo has 30 seconds left.\n|inactive|Javoguapo has 20 seconds left.\n|inactive|Javoguapo has 15 seconds left.\n|inactive|Javoguapo has 10 seconds left.\n|inactive|Javoguapo has 5 seconds left.\n|\n|t:|1739840815\n|switch|p1b: Archaludon|Archaludon, L50, F|100\/100\n|turn|3\n|inactive|Javoguapo has 30 seconds left.\n|inactive|Javoguapo has 20 seconds left.\n|inactive|Javoguapo has 15 seconds left.\n|inactive|Javoguapo has 10 seconds left.\n|inactive|Javoguapo has 5 seconds left.\n|\n|t:|1739840870\n|move|p1a: Grimmsnarl|Taunt|p2a: Indeedee\n|-activate|p2a: Indeedee|move: Psychic Terrain\n|move|p2b: Iron Crown|Tachyon Cutter|p1a: Grimmsnarl\n|-supereffective|p1a: Grimmsnarl\n|-damage|p1a: Grimmsnarl|34\/100\n|-supereffective|p1a: Grimmsnarl\n|-damage|p1a: Grimmsnarl|0 fnt\n|faint|p1a: Grimmsnarl\n|-hitcount|p1: Grimmsnarl|2\n|move|p1b: Archaludon|Electro Shot||[still]\n|-prepare|p1b: Archaludon|Electro Shot\n|-boost|p1b: Archaludon|spa|1\n|move|p2a: Indeedee|Baton Pass|p2a: Indeedee\n|\n|t:|1739840881\n|switch|p2a: Ogerpon|Ogerpon-Wellspring, L50, F|57\/100|[from] Baton Pass\n|\n|upkeep\n|inactive|Javoguapo has 30 seconds left.\n|inactive|Javoguapo has 20 seconds left.\n|inactive|Javoguapo has 15 seconds left.\n|inactive|Javoguapo has 10 seconds left.\n|inactive|Javoguapo has 5 seconds left.\n|\n|t:|1739840936\n|switch|p1a: Kyogre|Kyogre, L50|100\/100\n|-weather|RainDance|[from] ability: Drizzle|[of] p1a: Kyogre\n|turn|4\n|inactive|Javoguapo has 30 seconds left.\n|inactive|Javoguapo has 20 seconds left.\n|inactive|Javoguapo has 15 seconds left.\n|inactive|Javoguapo has 10 seconds left.\n|inactive|Javoguapo has 5 seconds left.\n|\n|t:|1739840991\n|-terastallize|p2b: Iron Crown|Grass\n|move|p2b: Iron Crown|Expanding Force|p1a: Kyogre|[spread] p1a,p1b\n|-resisted|p1b: Archaludon\n|-damage|p1a: Kyogre|45\/100\n|-damage|p1b: Archaludon|79\/100\n|-ability|p1b: Archaludon|Stamina|boost\n|-boost|p1b: Archaludon|def|1\n|move|p2a: Ogerpon|Wood Hammer|p1a: Kyogre\n|-supereffective|p1a: Kyogre\n|-damage|p1a: Kyogre|0 fnt\n|faint|p1a: Kyogre\n|-damage|p2a: Ogerpon|40\/100|[from] Recoil\n|move|p1b: Archaludon|Electro Shot|p2a: Ogerpon|[from] lockedmove\n|-damage|p2a: Ogerpon|1\/100\n|\n|-weather|RainDance|[upkeep]\n|upkeep\n|turn|5\n|inactive|Javoguapo has 30 seconds left.\n|inactive|Javoguapo has 20 seconds left.\n|inactive|Javoguapo has 15 seconds left.\n|inactive|Javoguapo has 10 seconds left.\n|inactive|Javoguapo has 5 seconds left.\n|\n|t:|1739841046\n|move|p2a: Ogerpon|Follow Me|p2a: Ogerpon\n|-singleturn|p2a: Ogerpon|move: Follow Me\n|move|p2b: Iron Crown|Expanding Force|p1b: Archaludon\n|-resisted|p1b: Archaludon\n|-damage|p1b: Archaludon|49\/100\n|-ability|p1b: Archaludon|Stamina|boost\n|-boost|p1b: Archaludon|def|1\n|move|p1b: Archaludon|Electro Shot||[still]\n|-prepare|p1b: Archaludon|Electro Shot\n|-boost|p1b: Archaludon|spa|1\n|-anim|p1b: Archaludon|Electro Shot|p2a: Ogerpon\n|-damage|p2a: Ogerpon|0 fnt\n|faint|p2a: Ogerpon\n|\n|-weather|RainDance|[upkeep]\n|upkeep\n|\n|t:|1739841057\n|switch|p2a: Koraidon|Koraidon, L50|100\/100\n|-weather|SunnyDay|[from] ability: Orichalcum Pulse|[of] p2a: Koraidon\n|-activate|p2a: Koraidon|Orichalcum Pulse|[source]\n|turn|6\n|inactive|Javoguapo has 30 seconds left.\n|inactive|Javoguapo has 20 seconds left.\n|inactive|Javoguapo has 15 seconds left.\n|inactive|Javoguapo has 10 seconds left.\n|inactive|Javoguapo has 5 seconds left.\n|-message|Javoguapo lost due to inactivity.\n|\n|win|pig duck eater\n|raw|Javoguapo's rating: 1574 &rarr; <strong>1552<\/strong><br \/>(-22 for losing)\n|raw|pig duck eater's rating: 1540 &rarr; <strong>1562<\/strong><br \/>(+22 for winning)\n|l|\u2606pig duck eater\n|player|p2|\n|l| futonkagebunshin\n","uploadtime":1739841241,"views":5,"formatid":"gen9vgc2025regg","rating":1552,"private":0,"password":null}