{"id":"gen9vgc2025regg-2302545215","format":"[Gen 9] VGC 2025 Reg G","players":["TJRaynes","Boby maltezer"],"log":"|j|\u2606TJRaynes\n|j|\u2606Boby maltezer\n|t:|1739811774\n|gametype|doubles\n|player|p1|TJRaynes|marley|1586\n|player|p2|Boby maltezer|169|1662\n|teamsize|p1|6\n|teamsize|p2|6\n|gen|9\n|tier|[Gen 9] VGC 2025 Reg G\n|rated|\n|rule|Species Clause: Limit one of each Pok\u00e9mon\n|rule|Item Clause: Limit 1 of each item\n|clearpoke\n|poke|p1|Ninetales-Alola, L50, M|\n|poke|p1|Chi-Yu, L50|\n|poke|p1|Tornadus, L50, M|\n|poke|p1|Rillaboom, L50, F|\n|poke|p1|Urshifu-*, L50, M|\n|poke|p1|Eternatus, L50|\n|poke|p2|Zamazenta-*, L50|\n|poke|p2|Flutter Mane, L50|\n|poke|p2|Rillaboom, L50, M|\n|poke|p2|Latios, L50, M|\n|poke|p2|Tyranitar, L50, M|\n|poke|p2|Landorus, L50, M|\n|teampreview|4\n|inactive|Battle timer is ON: inactive players will automatically lose when time's up. (requested by Boby maltezer)\nTJRaynes has agreed to open team sheets.\n|inactive|TJRaynes has 60 seconds left.\n|\n|t:|1739811806\n|start\n|switch|p1a: Ninetales|Ninetales-Alola, L50, M|100\/100\n|switch|p1b: Rillaboom|Rillaboom, L50, F|100\/100\n|switch|p2a: Latios|Latios, L50, M|100\/100\n|switch|p2b: Tyranitar|Tyranitar, L50, M|100\/100\n|-weather|Snow|[from] ability: Snow Warning|[of] p1a: Ninetales\n|-fieldstart|move: Grassy Terrain|[from] ability: Grassy Surge|[of] p1b: Rillaboom\n|-weather|Sandstorm|[from] ability: Sand Stream|[of] p2b: Tyranitar\n|turn|1\n|inactive|Boby maltezer has 30 seconds left.\n|\n|t:|1739811836\n|switch|p1a: Chi-Yu|Chi-Yu, L50|100\/100\n|-ability|p1a: Chi-Yu|Beads of Ruin\n|move|p2b: Tyranitar|Protect|p2b: Tyranitar\n|-singleturn|p2b: Tyranitar|Protect\n|move|p1b: Rillaboom|Fake Out|p2b: Tyranitar\n|-activate|p2b: Tyranitar|move: Protect\n|move|p2a: Latios|Tailwind|p2a: Latios\n|-sidestart|p2: Boby maltezer|move: Tailwind\n|\n|-weather|Sandstorm|[upkeep]\n|-damage|p2a: Latios|95\/100|[from] Sandstorm\n|-damage|p1a: Chi-Yu|94\/100|[from] Sandstorm\n|-damage|p1b: Rillaboom|95\/100|[from] Sandstorm\n|-heal|p1a: Chi-Yu|100\/100|[from] Grassy Terrain\n|-heal|p1b: Rillaboom|100\/100|[from] Grassy Terrain\n|upkeep\n|turn|2\n|inactive|Boby maltezer has 30 seconds left.\n|\n|t:|1739811866\n|move|p2a: Latios|Luster Purge|p1b: Rillaboom\n|-damage|p1b: Rillaboom|33\/100\n|-unboost|p1b: Rillaboom|spd|1\n|move|p2b: Tyranitar|Rock Slide|p1a: Chi-Yu|[spread] p1a,p1b\n|-supereffective|p1a: Chi-Yu\n|-damage|p1a: Chi-Yu|0 fnt\n|-damage|p1b: Rillaboom|3\/100\n|faint|p1a: Chi-Yu\n|move|p1b: Rillaboom|Wood Hammer|p2b: Tyranitar\n|-supereffective|p2b: Tyranitar\n|-enditem|p2b: Tyranitar|Focus Sash\n|-damage|p2b: Tyranitar|1\/100\n|-damage|p1b: Rillaboom|0 fnt|[from] Recoil\n|faint|p1b: Rillaboom\n|\n|-weather|Sandstorm|[upkeep]\n|-damage|p2a: Latios|89\/100|[from] Sandstorm\n|-heal|p2b: Tyranitar|7\/100|[from] Grassy Terrain\n|upkeep\n|\n|t:|1739811883\n|switch|p1a: Ninetales|Ninetales-Alola, L50, M|100\/100\n|switch|p1b: Eternatus|Eternatus, L50|100\/100\n|-weather|Snow|[from] ability: Snow Warning|[of] p1a: Ninetales\n|-ability|p1b: Eternatus|Pressure\n|turn|3\n|\n|t:|1739811898\n|switch|p2b: Zamazenta|Zamazenta-Crowned, L50|100\/100\n|-ability|p2b: Zamazenta|Dauntless Shield|boost\n|-boost|p2b: Zamazenta|def|1\n|-terastallize|p1b: Eternatus|Water\n|move|p2a: Latios|Protect|p2a: Latios\n|-singleturn|p2a: Latios|Protect\n|move|p1a: Ninetales|Aurora Veil|p1a: Ninetales\n|-sidestart|p1: TJRaynes|move: Aurora Veil\n|move|p1b: Eternatus|Meteor Beam||[still]\n|-prepare|p1b: Eternatus|Meteor Beam\n|-boost|p1b: Eternatus|spa|1\n|-enditem|p1b: Eternatus|Power Herb\n|-anim|p1b: Eternatus|Meteor Beam|p2b: Zamazenta\n|-resisted|p2b: Zamazenta\n|-damage|p2b: Zamazenta|87\/100\n|\n|-weather|Snow|[upkeep]\n|-heal|p2b: Zamazenta|93\/100|[from] Grassy Terrain\n|upkeep\n|turn|4\n|\n|t:|1739811922\n|move|p2a: Latios|Luster Purge|p1b: Eternatus\n|-damage|p1b: Eternatus|68\/100\n|-unboost|p1b: Eternatus|spd|1\n|move|p2b: Zamazenta|Heavy Slam|p1a: Ninetales\n|-supereffective|p1a: Ninetales\n|-damage|p1a: Ninetales|0 fnt\n|faint|p1a: Ninetales\n|move|p1b: Eternatus|Dynamax Cannon|p2a: Latios\n|-supereffective|p2a: Latios\n|-damage|p2a: Latios|0 fnt\n|faint|p2a: Latios\n|\n|-weather|Snow|[upkeep]\n|-heal|p2b: Zamazenta|99\/100|[from] Grassy Terrain\n|-heal|p1b: Eternatus|74\/100|[from] Grassy Terrain\n|-sideend|p2: Boby maltezer|move: Tailwind\n|upkeep\n|\n|t:|1739811940\n|switch|p2a: Tyranitar|Tyranitar, L50, M|7\/100\n|-weather|Sandstorm|[from] ability: Sand Stream|[of] p2a: Tyranitar\n|turn|5\n|\n|t:|1739811948\n|move|p2b: Zamazenta|Body Press|p1b: Eternatus\n|-damage|p1b: Eternatus|37\/100\n|move|p1b: Eternatus|Dynamax Cannon|p2a: Tyranitar\n|-damage|p2a: Tyranitar|0 fnt\n|faint|p2a: Tyranitar\n|\n|-weather|Sandstorm|[upkeep]\n|-damage|p1b: Eternatus|32\/100|[from] Sandstorm\n|-heal|p2b: Zamazenta|100\/100|[from] Grassy Terrain\n|-heal|p1b: Eternatus|37\/100|[from] Grassy Terrain\n|-fieldend|move: Grassy Terrain\n|upkeep\n|\n|t:|1739811960\n|switch|p2a: Landorus|Landorus, L50, M|100\/100\n|turn|6\n|\n|t:|1739811965\n|move|p2b: Zamazenta|Body Press|p1b: Eternatus\n|-damage|p1b: Eternatus|0 fnt\n|faint|p1b: Eternatus\n|\n|win|Boby maltezer\n|raw|TJRaynes's rating: 1586 &rarr; <strong>1570<\/strong><br \/>(-16 for losing)\n|raw|Boby maltezer's rating: 1662 &rarr; <strong>1678<\/strong><br \/>(+16 for winning)\n|l|\u2606Boby maltezer\n|player|p2|\n|l|\u2606TJRaynes\n|player|p1|\n","uploadtime":1739812152,"views":9,"formatid":"gen9vgc2025regg","rating":1570,"private":0,"password":null}