{"id":"gen9vgc2025regg-2302251525","format":"[Gen 9] VGC 2025 Reg G","players":["Spottedwoot","Kunikamaze"],"log":"|j|\u2606Spottedwoot\n|j|\u2606Kunikamaze\n|t:|1739766534\n|gametype|doubles\n|player|p1|Spottedwoot|266|1674\n|player|p2|Kunikamaze|2|1693\n|teamsize|p1|6\n|teamsize|p2|6\n|gen|9\n|tier|[Gen 9] VGC 2025 Reg G\n|rated|\n|rule|Species Clause: Limit one of each Pok\u00e9mon\n|rule|Item Clause: Limit 1 of each item\n|clearpoke\n|poke|p1|Zamazenta-*, L50|\n|poke|p1|Chien-Pao, L50|\n|poke|p1|Entei, L50|\n|poke|p1|Raging Bolt, L50|\n|poke|p1|Rillaboom, L50, F|\n|poke|p1|Farigiraf, L50, M|\n|poke|p2|Iron Hands, L50|\n|poke|p2|Smeargle, L50, F|\n|poke|p2|Volcarona, L50, M|\n|poke|p2|Terapagos, L50, M|\n|poke|p2|Scream Tail, L50|\n|poke|p2|Tornadus, L50, M|\n|teampreview|4\n|inactive|Battle timer is ON: inactive players will automatically lose when time's up. (requested by Spottedwoot)\n|\n|t:|1739766568\n|start\n|switch|p1a: Zamazenta|Zamazenta-Crowned, L50|100\/100\n|switch|p1b: Raging Bolt|Raging Bolt, L50|100\/100\n|switch|p2a: Smeargle|Smeargle, L50, F|100\/100\n|switch|p2b: Volcarona|Volcarona, L50, M|100\/100\n|-ability|p1a: Zamazenta|Dauntless Shield|boost\n|-boost|p1a: Zamazenta|def|1\n|-enditem|p1b: Raging Bolt|Booster Energy\n|-activate|p1b: Raging Bolt|ability: Protosynthesis|[fromitem]\n|-start|p1b: Raging Bolt|protosynthesisspa\n|turn|1\n|\n|t:|1739766580\n|-terastallize|p1b: Raging Bolt|Electric\n|move|p1a: Zamazenta|Body Press|p2a: Smeargle\n|-supereffective|p2a: Smeargle\n|-enditem|p2a: Smeargle|Focus Sash\n|-damage|p2a: Smeargle|1\/100\n|move|p2a: Smeargle|Spore|p1b: Raging Bolt\n|-status|p1b: Raging Bolt|slp|[from] move: Spore\n|move|p2b: Volcarona|Will-O-Wisp|p1a: Zamazenta\n|-status|p1a: Zamazenta|brn\n|cant|p1b: Raging Bolt|slp\n|\n|-damage|p1a: Zamazenta|94\/100 brn|[from] brn\n|-ability|p2a: Smeargle|Moody|boost\n|-boost|p2a: Smeargle|spa|2\n|-unboost|p2a: Smeargle|atk|1\n|upkeep\n|turn|2\n|inactive|Kunikamaze has 30 seconds left.\n|\n|t:|1739766607\n|move|p1a: Zamazenta|Body Press|p2a: Smeargle\n|-supereffective|p2a: Smeargle\n|-damage|p2a: Smeargle|0 fnt\n|faint|p2a: Smeargle\n|move|p2b: Volcarona|Overheat|p1a: Zamazenta\n|-supereffective|p1a: Zamazenta\n|-damage|p1a: Zamazenta|8\/100 brn\n|-unboost|p2b: Volcarona|spa|2\n|cant|p1b: Raging Bolt|slp\n|\n|-damage|p1a: Zamazenta|2\/100 brn|[from] brn\n|upkeep\n|\n|t:|1739766617\n|switch|p2a: Terapagos|Terapagos, L50, M|100\/100\n|-activate|p2a: Terapagos|ability: Tera Shift\n|detailschange|p2a: Terapagos|Terapagos-Terastal, L50, M\n|-heal|p2a: Terapagos|100\/100|[silent]\n|turn|3\n|\n|t:|1739766632\n|move|p1a: Zamazenta|Wide Guard|p1a: Zamazenta\n|-singleturn|p1a: Zamazenta|Wide Guard\n|move|p2b: Volcarona|Rage Powder|p2b: Volcarona\n|-singleturn|p2b: Volcarona|move: Rage Powder\n|move|p2a: Terapagos|Tera Starstorm|p1b: Raging Bolt\n|-crit|p1b: Raging Bolt\n|-damage|p1b: Raging Bolt|0 fnt\n|faint|p1b: Raging Bolt\n|-end|p1b: Raging Bolt|Protosynthesis|[silent]\n|\n|-damage|p1a: Zamazenta|0 fnt|[from] brn\n|faint|p1a: Zamazenta\n|upkeep\n|j| God of restricted\n|\n|t:|1739766640\n|switch|p1a: Entei|Entei, L50|100\/100\n|switch|p1b: Chien-Pao|Chien-Pao, L50|100\/100\n|-ability|p1b: Chien-Pao|Sword of Ruin\n|turn|4\n|\n|t:|1739766653\n|-terastallize|p2a: Terapagos|Stellar\n|detailschange|p2a: Terapagos|Terapagos-Stellar, L50, M, tera:Stellar\n|-heal|p2a: Terapagos|100\/100|[silent]\n|move|p2b: Volcarona|Rage Powder|p2b: Volcarona\n|-singleturn|p2b: Volcarona|move: Rage Powder\n|move|p1b: Chien-Pao|Sacred Sword|p2b: Volcarona\n|-resisted|p2b: Volcarona\n|-damage|p2b: Volcarona|84\/100\n|-damage|p1b: Chien-Pao|84\/100|[from] item: Rocky Helmet|[of] p2b: Volcarona\n|move|p1a: Entei|Sacred Fire|p2b: Volcarona|[miss]\n|-miss|p1a: Entei|p2b: Volcarona\n|move|p2a: Terapagos|Tera Starstorm|p1b: Chien-Pao|[spread] p1a,p1b\n|-damage|p1a: Entei|30\/100\n|-damage|p1b: Chien-Pao|0 fnt\n|faint|p1b: Chien-Pao\n|\n|upkeep\n|turn|5\n|-message|Spottedwoot forfeited.\n|\n|win|Kunikamaze\n|raw|Spottedwoot's rating: 1674 &rarr; <strong>1655<\/strong><br \/>(-19 for losing)\n|raw|Kunikamaze's rating: 1693 &rarr; <strong>1712<\/strong><br \/>(+19 for winning)\n|l|\u2606Kunikamaze\n|player|p2|\n|l| God of restricted\n|l|\u2606Spottedwoot\n|player|p1|\n","uploadtime":1739766663,"views":67,"formatid":"gen9vgc2025regg","rating":1655,"private":0,"password":null}