{"id":"gen9vgc2025regg-2302469492","format":"[Gen 9] VGC 2025 Reg G","players":["PigsPrep","The Slimmest Jesus"],"log":"|j|\u2606PigsPrep\n|j|\u2606The Slimmest Jesus\n|t:|1739803248\n|gametype|doubles\n|player|p1|PigsPrep|lian|1607\n|player|p2|The Slimmest Jesus|170|1666\n|teamsize|p1|6\n|teamsize|p2|6\n|gen|9\n|tier|[Gen 9] VGC 2025 Reg G\n|rated|\n|rule|Species Clause: Limit one of each Pok\u00e9mon\n|rule|Item Clause: Limit 1 of each item\n|clearpoke\n|poke|p1|Kyogre, L50|\n|poke|p1|Tornadus, L50, M|\n|poke|p1|Dondozo, L50, M|\n|poke|p1|Tatsugiri, L50, M|\n|poke|p1|Smeargle, L50, M|\n|poke|p1|Gholdengo, L50|\n|poke|p2|Indeedee-F, L50, F|\n|poke|p2|Ursaluna-Bloodmoon, L50, M|\n|poke|p2|Torkoal, L50, M|\n|poke|p2|Gallade, L50, M|\n|poke|p2|Calyrex-Ice, L50|\n|poke|p2|Lilligant-Hisui, L50, F|\n|teampreview|4\n|inactive|Battle timer is ON: inactive players will automatically lose when time's up. (requested by PigsPrep)\n|j| shengning2\n|inactive|The Slimmest Jesus has 60 seconds left.\n|\n|t:|1739803301\n|start\n|switch|p1a: Gholdengo|Gholdengo, L50|100\/100\n|switch|p1b: Dondozo|Dondozo, L50, M|100\/100\n|switch|p2a: Indeedee|Indeedee-F, L50, F|100\/100\n|switch|p2b: Gallade|Gallade, L50, M|100\/100\n|-fieldstart|move: Psychic Terrain|[from] ability: Psychic Surge|[of] p2a: Indeedee\n|turn|1\n|j| Reverie Jr.\n|inactive|The Slimmest Jesus has 30 seconds left.\n|\n|t:|1739803331\n|move|p2b: Gallade|Wide Guard|p2b: Gallade\n|-singleturn|p2b: Gallade|Wide Guard\n|move|p1a: Gholdengo|Trick|p2a: Indeedee\n|-activate|p1a: Gholdengo|move: Trick|[of] p2a: Indeedee\n|-item|p2a: Indeedee|Choice Specs|[from] move: Trick\n|-item|p1a: Gholdengo|Safety Goggles|[from] move: Trick\n|move|p1b: Dondozo|Wave Crash|p2b: Gallade\n|-damage|p2b: Gallade|41\/100\n|-damage|p1b: Dondozo|87\/100|[from] Recoil\n|move|p2a: Indeedee|Trick Room|p2a: Indeedee\n|-fieldstart|move: Trick Room|[of] p2a: Indeedee\n|\n|-heal|p1b: Dondozo|93\/100|[from] item: Leftovers\n|upkeep\n|turn|2\n|inactive|The Slimmest Jesus has 30 seconds left.\n|\n|t:|1739803357\n|switch|p2a: Torkoal|Torkoal, L50, M|100\/100\n|-weather|SunnyDay|[from] ability: Drought|[of] p2a: Torkoal\n|move|p2b: Gallade|Sacred Sword|p1b: Dondozo\n|-damage|p1b: Dondozo|37\/100\n|-damage|p2b: Gallade|32\/100|[from] item: Life Orb\n|move|p1b: Dondozo|Wave Crash|p2b: Gallade\n|-damage|p2b: Gallade|3\/100\n|-damage|p1b: Dondozo|30\/100|[from] Recoil\n|move|p1a: Gholdengo|Steel Beam|p2a: Torkoal\n|-resisted|p2a: Torkoal\n|-damage|p2a: Torkoal|50\/100\n|-damage|p1a: Gholdengo|50\/100|[from] steelbeam\n|\n|-weather|SunnyDay|[upkeep]\n|-heal|p1b: Dondozo|37\/100|[from] item: Leftovers\n|upkeep\n|turn|3\n|inactive|The Slimmest Jesus has 30 seconds left.\n|inactive|The Slimmest Jesus has 20 seconds left.\n|\n|t:|1739803393\n|switch|p1a: Kyogre|Kyogre, L50|100\/100\n|-weather|RainDance|[from] ability: Drizzle|[of] p1a: Kyogre\n|move|p1b: Dondozo|Protect|p1b: Dondozo\n|-singleturn|p1b: Dondozo|Protect\n|move|p2a: Torkoal|Weather Ball|p1a: Kyogre\n|-resisted|p1a: Kyogre\n|-damage|p1a: Kyogre|91\/100\n|move|p2b: Gallade|Sacred Sword|p1a: Kyogre\n|-damage|p1a: Kyogre|12\/100\n|-damage|p2b: Gallade|0 fnt|[from] item: Life Orb\n|faint|p2b: Gallade\n|\n|-weather|RainDance|[upkeep]\n|-heal|p1b: Dondozo|43\/100|[from] item: Leftovers\n|upkeep\n|\n|t:|1739803414\n|switch|p2b: Ursaluna|Ursaluna-Bloodmoon, L50, M|100\/100\n|turn|4\n|l| shengning2\n|\n|t:|1739803427\n|switch|p2a: Indeedee|Indeedee-F, L50, F|100\/100\n|switch|p1a: Tatsugiri|Tatsugiri, L50, M|100\/100\n|-activate|p1a: Tatsugiri|ability: Commander|[of] p1b: Dondozo\n|-boost|p1b: Dondozo|atk|2\n|-boost|p1b: Dondozo|spa|2\n|-boost|p1b: Dondozo|spe|2\n|-boost|p1b: Dondozo|def|2\n|-boost|p1b: Dondozo|spd|2\n|-terastallize|p2b: Ursaluna|Normal\n|move|p2b: Ursaluna|Hyper Voice|p1a: Tatsugiri|[spread] p1b\n|-miss|p2b: Ursaluna|p1a: Tatsugiri\n|-damage|p1b: Dondozo|14\/100\n|move|p1b: Dondozo|Wave Crash|p2b: Ursaluna\n|-damage|p2b: Ursaluna|19\/100\n|-damage|p1b: Dondozo|0 fnt|[from] Recoil\n|faint|p1b: Dondozo\n|\n|-weather|RainDance|[upkeep]\n|upkeep\n|\n|t:|1739803446\n|switch|p1b: Gholdengo|Gholdengo, L50|50\/100\n|turn|5\n|j| woshiliangzai\n|\n|t:|1739803462\n|move|p2a: Indeedee|Helping Hand|p2b: Ursaluna\n|-singleturn|p2b: Ursaluna|Helping Hand|[of] p2a: Indeedee\n|move|p2b: Ursaluna|Hyper Voice|p1a: Tatsugiri|[spread] p1a,p1b\n|-resisted|p1b: Gholdengo\n|-damage|p1a: Tatsugiri|0 fnt\n|-damage|p1b: Gholdengo|0 fnt\n|faint|p1a: Tatsugiri\n|faint|p1b: Gholdengo\n|\n|-weather|RainDance|[upkeep]\n|-fieldend|move: Trick Room\n|-fieldend|move: Psychic Terrain\n|upkeep\n|j| shengning2\n|\n|t:|1739803468\n|switch|p1b: Kyogre|Kyogre, L50|12\/100\n|turn|6\n|\n|t:|1739803488\n|switch|p2a: Torkoal|Torkoal, L50, M|50\/100\n|-weather|SunnyDay|[from] ability: Drought|[of] p2a: Torkoal\n|move|p1b: Kyogre|Origin Pulse|p2b: Ursaluna|[spread] p2b\n|-miss|p1b: Kyogre|p2a: Torkoal\n|-damage|p2b: Ursaluna|0 fnt\n|faint|p2b: Ursaluna\n|\n|-weather|SunnyDay|[upkeep]\n|upkeep\n|\n|t:|1739803497\n|switch|p2b: Indeedee|Indeedee-F, L50, F|100\/100\n|-fieldstart|move: Psychic Terrain|[from] ability: Psychic Surge|[of] p2b: Indeedee\n|turn|7\n|\n|t:|1739803504\n|move|p1b: Kyogre|Origin Pulse|p2a: Torkoal|[spread] p2a,p2b\n|-supereffective|p2a: Torkoal\n|-damage|p2a: Torkoal|0 fnt\n|-damage|p2b: Indeedee|80\/100\n|faint|p2a: Torkoal\n|move|p2b: Indeedee|Psychic|p1b: Kyogre\n|-damage|p1b: Kyogre|0 fnt\n|faint|p1b: Kyogre\n|\n|win|The Slimmest Jesus\n|raw|PigsPrep's rating: 1607 &rarr; <strong>1590<\/strong><br \/>(-17 for losing)\n|raw|The Slimmest Jesus's rating: 1666 &rarr; <strong>1683<\/strong><br \/>(+17 for winning)\n|l|\u2606PigsPrep\n|player|p1|\n|l| woshiliangzai\n|l| shengning2\n","uploadtime":1739803754,"views":11,"formatid":"gen9vgc2025regg","rating":1590,"private":0,"password":null}