{"id":"gen9vgc2025regg-2302605323","format":"[Gen 9] VGC 2025 Reg G","players":["jonen","chin8"],"log":"|j|\u2606jonen\n|j|\u2606chin8\n|t:|1739818167\n|gametype|doubles\n|player|p1|jonen|ruinmaniac|1619\n|player|p2|chin8|gentleman-gen4dp|1681\n|teamsize|p1|6\n|teamsize|p2|6\n|gen|9\n|tier|[Gen 9] VGC 2025 Reg G\n|rated|\n|rule|Species Clause: Limit one of each Pok\u00e9mon\n|rule|Item Clause: Limit 1 of each item\n|clearpoke\n|poke|p1|Miraidon, L50|\n|poke|p1|Dondozo, L50, M|\n|poke|p1|Tatsugiri, L50, M|\n|poke|p1|Dragonite, L50, F|\n|poke|p1|Chi-Yu, L50|\n|poke|p1|Gholdengo, L50|\n|poke|p2|Calyrex-Shadow, L50|\n|poke|p2|Incineroar, L50, M|\n|poke|p2|Rillaboom, L50, M|\n|poke|p2|Gastrodon-East, L50, M|\n|poke|p2|Hitmonchan, L50, M|\n|poke|p2|Tropius, L50, M|\n|teampreview|4\n|inactive|Battle timer is ON: inactive players will automatically lose when time's up. (requested by jonen)\n|inactive|jonen has 60 seconds left.\n|inactive|jonen has 30 seconds left.\n|\n|t:|1739818228\n|start\n|switch|p1a: Miraidon|Miraidon, L50|100\/100\n|switch|p1b: Chi-Yu|Chi-Yu, L50|100\/100\n|switch|p2a: Calyrex|Calyrex-Shadow, L50|100\/100\n|switch|p2b: Rillaboom|Rillaboom, L50, M|100\/100\n|-ability|p2a: Calyrex|As One\n|-ability|p2a: Calyrex|Unnerve\n|-fieldstart|move: Electric Terrain|[from] ability: Hadron Engine|[of] p1a: Miraidon\n|-ability|p1b: Chi-Yu|Beads of Ruin\n|-fieldstart|move: Grassy Terrain|[from] ability: Grassy Surge|[of] p2b: Rillaboom\n|turn|1\n|\n|t:|1739818253\n|-terastallize|p2a: Calyrex|Fairy\n|-terastallize|p1b: Chi-Yu|Ghost\n|move|p2b: Rillaboom|Fake Out|p1a: Miraidon\n|-damage|p1a: Miraidon|86\/100\n|move|p2a: Calyrex|Calm Mind|p2a: Calyrex\n|-boost|p2a: Calyrex|spa|1\n|-boost|p2a: Calyrex|spd|1\n|cant|p1a: Miraidon|flinch\n|move|p1b: Chi-Yu|Overheat|p2a: Calyrex\n|-damage|p2a: Calyrex|41\/100\n|-unboost|p1b: Chi-Yu|spa|2\n|\n|-heal|p2a: Calyrex|47\/100|[from] Grassy Terrain\n|-heal|p1a: Miraidon|92\/100|[from] Grassy Terrain\n|upkeep\n|turn|2\n|j| BionicFox\n|\n|t:|1739818276\n|move|p2a: Calyrex|Protect|p2a: Calyrex\n|-singleturn|p2a: Calyrex|Protect\n|move|p1a: Miraidon|Electro Drift|p2a: Calyrex\n|-activate|p2a: Calyrex|move: Protect\n|move|p1b: Chi-Yu|Overheat|p2a: Calyrex\n|-activate|p2a: Calyrex|move: Protect\n|move|p2b: Rillaboom|U-turn|p1b: Chi-Yu\n|-resisted|p1b: Chi-Yu\n|-damage|p1b: Chi-Yu|80\/100\n|\n|t:|1739818285\n|switch|p2b: Incineroar|Incineroar, L50, M|100\/100|[from] U-turn\n|-ability|p2b: Incineroar|Intimidate|boost\n|-unboost|p1a: Miraidon|atk|1\n|-unboost|p1b: Chi-Yu|atk|1\n|\n|-heal|p2a: Calyrex|53\/100|[from] Grassy Terrain\n|-heal|p1a: Miraidon|98\/100|[from] Grassy Terrain\n|-heal|p1b: Chi-Yu|86\/100|[from] Grassy Terrain\n|upkeep\n|turn|3\n|\n|t:|1739818301\n|move|p2b: Incineroar|Fake Out|p1a: Miraidon\n|-damage|p1a: Miraidon|88\/100\n|move|p2a: Calyrex|Astral Barrage|p1a: Miraidon|[spread] p1a,p1b\n|-supereffective|p1b: Chi-Yu\n|-damage|p1a: Miraidon|35\/100\n|-damage|p1b: Chi-Yu|0 fnt\n|faint|p1b: Chi-Yu\n|-ability|p2a: Calyrex|Grim Neigh|boost\n|-boost|p2a: Calyrex|spa|1\n|cant|p1a: Miraidon|flinch\n|\n|-heal|p2a: Calyrex|58\/100|[from] Grassy Terrain\n|-heal|p1a: Miraidon|41\/100|[from] Grassy Terrain\n|upkeep\n|\n|t:|1739818309\n|switch|p1b: Dragonite|Dragonite, L50, F|100\/100\n|turn|4\n|inactive|jonen has 30 seconds left.\n|\n|t:|1739818334\n|switch|p1a: Gholdengo|Gholdengo, L50|100\/100\n|move|p1b: Dragonite|Extreme Speed|p2a: Calyrex\n|-damage|p2a: Calyrex|12\/100\n|move|p2a: Calyrex|Astral Barrage|p1b: Dragonite|[spread] p1a,p1b\n|-supereffective|p1a: Gholdengo\n|-damage|p1a: Gholdengo|0 fnt\n|-damage|p1b: Dragonite|53\/100\n|faint|p1a: Gholdengo\n|-ability|p2a: Calyrex|Grim Neigh|boost\n|-boost|p2a: Calyrex|spa|1\n|move|p2b: Incineroar|Will-O-Wisp|p1b: Dragonite|[miss]\n|-miss|p2b: Incineroar|p1b: Dragonite\n|\n|-heal|p2a: Calyrex|18\/100|[from] Grassy Terrain\n|upkeep\n|\n|t:|1739818341\n|switch|p1a: Miraidon|Miraidon, L50|41\/100\n|-fieldstart|move: Electric Terrain|[from] ability: Hadron Engine|[of] p1a: Miraidon\n|turn|5\n|\n|t:|1739818358\n|move|p1b: Dragonite|Extreme Speed|p2a: Calyrex\n|-damage|p2a: Calyrex|0 fnt\n|faint|p2a: Calyrex\n|move|p1a: Miraidon|Draco Meteor|p2b: Incineroar\n|-damage|p2b: Incineroar|22\/100\n|-unboost|p1a: Miraidon|spa|2\n|-enditem|p2b: Incineroar|Aguav Berry|[eat]\n|-heal|p2b: Incineroar|55\/100|[from] item: Aguav Berry\n|move|p2b: Incineroar|Knock Off|p1a: Miraidon\n|-damage|p1a: Miraidon|0 fnt\n|-enditem|p1a: Miraidon|Assault Vest|[from] move: Knock Off|[of] p2b: Incineroar\n|faint|p1a: Miraidon\n|\n|upkeep\n|\n|t:|1739818363\n|switch|p2a: Tropius|Tropius, L50, M|100\/100\n|turn|6\n|\n|t:|1739818368\n|move|p1b: Dragonite|Extreme Speed|p2a: Tropius\n|-damage|p2a: Tropius|53\/100\n|move|p2b: Incineroar|Will-O-Wisp|p1b: Dragonite\n|-status|p1b: Dragonite|brn\n|move|p2a: Tropius|Leech Seed|p1b: Dragonite\n|-start|p1b: Dragonite|move: Leech Seed\n|\n|-damage|p1b: Dragonite|41\/100 brn|[from] Leech Seed|[of] p2a: Tropius\n|-heal|p2a: Tropius|65\/100|[silent]\n|-damage|p1b: Dragonite|35\/100 brn|[from] brn\n|upkeep\n|turn|7\n|\n|t:|1739818383\n|move|p1b: Dragonite|Extreme Speed|p2a: Tropius\n|-damage|p2a: Tropius|41\/100\n|-enditem|p2a: Tropius|Sitrus Berry|[eat]\n|-heal|p2a: Tropius|66\/100|[from] item: Sitrus Berry\n|move|p2b: Incineroar|Knock Off|p1b: Dragonite\n|-damage|p1b: Dragonite|0 fnt\n|-enditem|p1b: Dragonite|Choice Band|[from] move: Knock Off|[of] p2b: Incineroar\n|faint|p1b: Dragonite\n|\n|win|chin8\n|raw|jonen's rating: 1619 &rarr; <strong>1603<\/strong><br \/>(-16 for losing)\n|raw|chin8's rating: 1681 &rarr; <strong>1697<\/strong><br \/>(+16 for winning)\n|l|\u2606jonen\n|player|p1|\n|l|\u2606chin8\n|player|p2|\n","uploadtime":1739818559,"views":5,"formatid":"gen9vgc2025regg","rating":1603,"private":0,"password":null}