{"id":"gen9vgc2025regg-2302873179","format":"[Gen 9] VGC 2025 Reg G","players":["dave savez","stbai"],"log":"|j|\u2606dave savez\n|j|\u2606stbai\n|t:|1739849099\n|gametype|doubles\n|player|p1|dave savez|2|1537\n|player|p2|stbai|janitor|1615\n|teamsize|p1|6\n|teamsize|p2|6\n|gen|9\n|tier|[Gen 9] VGC 2025 Reg G\n|rated|\n|rule|Species Clause: Limit one of each Pok\u00e9mon\n|rule|Item Clause: Limit 1 of each item\n|clearpoke\n|poke|p1|Koraidon, L50|\n|poke|p1|Raging Bolt, L50|\n|poke|p1|Flutter Mane, L50|\n|poke|p1|Ogerpon-Cornerstone, L50, F|\n|poke|p1|Volcarona, L50, F|\n|poke|p1|Umbreon, L50, M|\n|poke|p2|Tatsugiri, L50, F|\n|poke|p2|Terapagos, L50, M|\n|poke|p2|Latios, L50, M|\n|poke|p2|Entei, L50|\n|poke|p2|Torterra, L50, F|\n|poke|p2|Dondozo, L50, M|\n|teampreview|4\n|inactive|Battle timer is ON: inactive players will automatically lose when time's up. (requested by stbai)\n|inactive|dave savez also wants the timer to be on.\n|inactive|dave savez has 60 seconds left.\n|j| NanshanVGC\n|inactive|dave savez has 30 seconds left.\n|inactive|dave savez has 20 seconds left.\n|\n|t:|1739849172\n|start\n|switch|p1a: Ogerpon|Ogerpon-Cornerstone, L50, F|100\/100\n|switch|p1b: Umbreon|Umbreon, L50, M|100\/100\n|switch|p2a: hue|Entei, L50|100\/100\n|switch|p2b: soup|Dondozo, L50, M|100\/100\n|turn|1\n|\n|t:|1739849186\n|switch|p2a: brb|Tatsugiri, L50, F|100\/100\n|-activate|p2a: brb|ability: Commander|[of] p2b: soup\n|-boost|p2b: soup|atk|2\n|-boost|p2b: soup|spa|2\n|-boost|p2b: soup|spe|2\n|-boost|p2b: soup|def|2\n|-boost|p2b: soup|spd|2\n|move|p1a: Ogerpon|Ivy Cudgel|p2a: brb|[anim] Ivy Cudgel Rock|[miss]\n|-miss|p1a: Ogerpon|p2a: brb\n|move|p2b: soup|Substitute|p2b: soup\n|-start|p2b: soup|Substitute\n|-damage|p2b: soup|75\/100\n|move|p1b: Umbreon|Yawn||[still]\n|-fail|p1b: Umbreon\n|\n|-heal|p2b: soup|82\/100|[from] item: Leftovers\n|upkeep\n|turn|2\n|j| 413XP\n|\n|t:|1739849192\n|-terastallize|p2b: soup|Dragon\n|move|p1a: Ogerpon|Power Whip|p2b: soup\n|-resisted|p2b: soup\n|-activate|p2b: soup|move: Substitute|[damage]\n|move|p2b: soup|Order Up|p1a: Ogerpon\n|-damage|p1a: Ogerpon|17\/100\n|-boost|p2b: soup|atk|1\n|move|p1b: Umbreon|Yawn||[still]\n|-fail|p1b: Umbreon\n|\n|-heal|p2b: soup|88\/100|[from] item: Leftovers\n|upkeep\n|turn|3\n|\n|t:|1739849199\n|move|p1a: Ogerpon|Ivy Cudgel|p2b: soup|[anim] Ivy Cudgel Rock\n|-end|p2b: soup|Substitute\n|move|p2b: soup|Substitute|p2b: soup\n|-start|p2b: soup|Substitute\n|-damage|p2b: soup|63\/100\n|move|p1b: Umbreon|Yawn||[still]\n|-fail|p1b: Umbreon\n|\n|-heal|p2b: soup|69\/100|[from] item: Leftovers\n|upkeep\n|turn|4\n|\n|t:|1739849205\n|move|p2b: soup|Protect|p2b: soup\n|-singleturn|p2b: soup|Protect\n|move|p1a: Ogerpon|Ivy Cudgel|p2b: soup|[anim] Ivy Cudgel Rock\n|-activate|p2b: soup|move: Protect\n|move|p1b: Umbreon|Yawn|p2b: soup\n|-activate|p2b: soup|move: Protect\n|\n|-heal|p2b: soup|75\/100|[from] item: Leftovers\n|upkeep\n|turn|5\n|\n|t:|1739849212\n|move|p1a: Ogerpon|Ivy Cudgel|p2b: soup|[anim] Ivy Cudgel Rock\n|-activate|p2b: soup|move: Substitute|[damage]\n|move|p2b: soup|Earthquake|p1a: Ogerpon|[spread] p1a,p1b\n|-miss|p2b: soup|p2a: brb\n|-damage|p1a: Ogerpon|0 fnt\n|-damage|p1b: Umbreon|63\/100\n|faint|p1a: Ogerpon\n|move|p1b: Umbreon|Taunt|p2b: soup\n|-start|p2b: soup|move: Taunt\n|\n|-heal|p2b: soup|81\/100|[from] item: Leftovers\n|upkeep\n|\n|t:|1739849224\n|switch|p1a: Koraidon|Koraidon, L50|100\/100\n|-weather|SunnyDay|[from] ability: Orichalcum Pulse|[of] p1a: Koraidon\n|-activate|p1a: Koraidon|Orichalcum Pulse|[source]\n|turn|6\n|\n|t:|1739849230\n|move|p1a: Koraidon|Collision Course|p2b: soup\n|-end|p2b: soup|Substitute\n|move|p2b: soup|Order Up|p1b: Umbreon\n|-damage|p1b: Umbreon|2\/100\n|-boost|p2b: soup|atk|1\n|move|p1b: Umbreon|Yawn|p2b: soup\n|-start|p2b: soup|move: Yawn|[of] p1b: Umbreon\n|\n|-weather|SunnyDay|[upkeep]\n|-heal|p2b: soup|87\/100|[from] item: Leftovers\n|upkeep\n|turn|7\n|\n|t:|1739849248\n|move|p1a: Koraidon|Protect|p1a: Koraidon\n|-singleturn|p1a: Koraidon|Protect\n|move|p1b: Umbreon|Detect|p1b: Umbreon\n|-singleturn|p1b: Umbreon|Protect\n|move|p2b: soup|Order Up|p1a: Koraidon\n|-activate|p1a: Koraidon|move: Protect\n|\n|-weather|SunnyDay|[upkeep]\n|-heal|p2b: soup|93\/100|[from] item: Leftovers\n|-end|p2b: soup|move: Yawn|[silent]\n|-status|p2b: soup|slp\n|upkeep\n|turn|8\n|\n|t:|1739849253\n|switch|p1b: Raging Bolt|Raging Bolt, L50|100\/100\n|-activate|p1b: Raging Bolt|ability: Protosynthesis\n|-start|p1b: Raging Bolt|protosynthesisspa\n|move|p1a: Koraidon|Collision Course|p2b: soup\n|-damage|p2b: soup|69\/100 slp\n|cant|p2b: soup|slp\n|\n|-weather|SunnyDay|[upkeep]\n|-heal|p2b: soup|75\/100 slp|[from] item: Leftovers\n|-end|p2b: soup|move: Taunt\n|upkeep\n|turn|9\n|\n|t:|1739849274\n|move|p1a: Koraidon|Collision Course|p2b: soup\n|-damage|p2b: soup|47\/100 slp\n|cant|p2b: soup|slp\n|move|p1b: Raging Bolt|Draco Meteor|p2b: soup\n|-supereffective|p2b: soup\n|-damage|p2b: soup|0 fnt\n|-unboost|p1b: Raging Bolt|spa|2\n|faint|p2b: soup\n|\n|-weather|SunnyDay|[upkeep]\n|upkeep\n|\n|t:|1739849283\n|switch|p2b: hue|Entei, L50|100\/100\n|turn|10\n|inactive|dave savez has 30 seconds left.\n|\n|t:|1739849314\n|move|p1a: Koraidon|Protect|p1a: Koraidon\n|-singleturn|p1a: Koraidon|Protect\n|move|p2b: hue|Sacred Fire|p1a: Koraidon\n|-activate|p1a: Koraidon|move: Protect\n|move|p2a: brb|Icy Wind|p1a: Koraidon|[spread] p1b\n|-activate|p1a: Koraidon|move: Protect\n|-supereffective|p1b: Raging Bolt\n|-damage|p1b: Raging Bolt|83\/100\n|-unboost|p1b: Raging Bolt|spe|1\n|move|p1b: Raging Bolt|Draco Meteor|p2a: brb|[miss]\n|-miss|p1b: Raging Bolt|p2a: brb\n|\n|-weather|none\n|-end|p1b: Raging Bolt|Protosynthesis\n|upkeep\n|turn|11\n|\n|t:|1739849331\n|switch|p1a: Umbreon|Umbreon, L50, M|2\/100\n|move|p2a: brb|Protect|p2a: brb\n|-singleturn|p2a: brb|Protect\n|move|p2b: hue|Bulldoze|p1a: Umbreon|[spread] p1a,p1b\n|-activate|p2a: brb|move: Protect\n|-supereffective|p1b: Raging Bolt\n|-damage|p1a: Umbreon|0 fnt\n|-damage|p1b: Raging Bolt|58\/100\n|-unboost|p1b: Raging Bolt|spe|1\n|faint|p1a: Umbreon\n|move|p1b: Raging Bolt|Volt Switch|p2a: brb\n|-activate|p2a: brb|move: Protect\n|\n|upkeep\n|\n|t:|1739849335\n|switch|p1a: Koraidon|Koraidon, L50|100\/100\n|-weather|SunnyDay|[from] ability: Orichalcum Pulse|[of] p1a: Koraidon\n|-activate|p1b: Raging Bolt|ability: Protosynthesis\n|-start|p1b: Raging Bolt|protosynthesisdef\n|-activate|p1a: Koraidon|Orichalcum Pulse|[source]\n|turn|12\n|\n|t:|1739849360\n|-terastallize|p1a: Koraidon|Fire\n|move|p1b: Raging Bolt|Thunderclap|p2a: brb\n|-damage|p2a: brb|78\/100\n|move|p1a: Koraidon|Collision Course|p2a: brb\n|-damage|p2a: brb|0 fnt\n|faint|p2a: brb\n|move|p2b: hue|Sacred Fire|p1a: Koraidon\n|-resisted|p1a: Koraidon\n|-damage|p1a: Koraidon|68\/100\n|\n|-weather|SunnyDay|[upkeep]\n|upkeep\n|\n|t:|1739849368\n|switch|p2a: wryyyy|Terapagos, L50, M|100\/100\n|-activate|p2a: wryyyy|ability: Tera Shift\n|detailschange|p2a: wryyyy|Terapagos-Terastal, L50, M\n|-heal|p2a: wryyyy|100\/100|[silent]\n|turn|13\n|inactive|dave savez has 30 seconds left.\n|\n|t:|1739849400\n|move|p2a: wryyyy|Protect|p2a: wryyyy\n|-singleturn|p2a: wryyyy|Protect\n|move|p1b: Raging Bolt|Thunderclap|p2b: hue\n|-damage|p2b: hue|87\/100\n|move|p1a: Koraidon|Collision Course|p2b: hue\n|-crit|p2b: hue\n|-damage|p2b: hue|0 fnt\n|faint|p2b: hue\n|\n|-weather|SunnyDay|[upkeep]\n|upkeep\n|turn|14\n|inactive|stbai has 30 seconds left.\n|\n|t:|1739849428\n|move|p1a: Koraidon|Collision Course|p2a: wryyyy\n|-activate|p2a: wryyyy|ability: Tera Shell\n|-resisted|p2a: wryyyy\n|-damage|p2a: wryyyy|71\/100\n|move|p2a: wryyyy|Tera Starstorm|p1a: Koraidon\n|-damage|p1a: Koraidon|17\/100\n|move|p1b: Raging Bolt|Volt Switch|p2a: wryyyy\n|-damage|p2a: wryyyy|55\/100\n|\n|-weather|SunnyDay|[upkeep]\n|upkeep\n|turn|15\n|-message|stbai forfeited.\n|\n|win|dave savez\n|raw|dave savez's rating: 1537 &rarr; <strong>1561<\/strong><br \/>(+24 for winning)\n|raw|stbai's rating: 1615 &rarr; <strong>1591<\/strong><br \/>(-24 for losing)\n|l|\u2606stbai\n|player|p2|\n|c|\u2606dave savez|gg\n|l|\u2606dave savez\n|player|p1|\n|l| NanshanVGC\n|l| 413XP\n","uploadtime":1739849707,"views":8,"formatid":"gen9vgc2025regg","rating":1561,"private":0,"password":null}