{"id":"gen9vgc2025regg-2302714108","format":"[Gen 9] VGC 2025 Reg G","players":["Tempest Flute","jvessel07"],"log":"|j|\u2606Tempest Flute\n|j|\u2606jvessel07\n|t:|1739829531\n|gametype|doubles\n|player|p1|Tempest Flute|policeman-gen4|1705\n|player|p2|jvessel07|baker|1643\n|teamsize|p1|6\n|teamsize|p2|6\n|gen|9\n|tier|[Gen 9] VGC 2025 Reg G\n|rated|\n|rule|Species Clause: Limit one of each Pok\u00e9mon\n|rule|Item Clause: Limit 1 of each item\n|clearpoke\n|poke|p1|Kyogre, L50|\n|poke|p1|Tornadus, L50, M|\n|poke|p1|Tsareena, L50, F|\n|poke|p1|Urshifu-*, L50, M|\n|poke|p1|Chien-Pao, L50|\n|poke|p1|Rillaboom, L50, M|\n|poke|p2|Smeargle, L50, F|\n|poke|p2|Muk-Alola, L50, F|\n|poke|p2|Flamigo, L50, F|\n|poke|p2|Dondozo, L50, M|\n|poke|p2|Grafaiai, L50, M|\n|poke|p2|Calyrex-Shadow, L50|\n|teampreview|4\n|inactive|Battle timer is ON: inactive players will automatically lose when time's up. (requested by Tempest Flute)\n|inactive|Tempest Flute has 60 seconds left.\n|\n|t:|1739829576\n|start\n|switch|p1a: Urshifu|Urshifu-Rapid-Strike, L50, M|100\/100\n|switch|p1b: Tsareena|Tsareena, L50, F, shiny|100\/100\n|switch|p2a: Smeargle|Smeargle, L50, F|100\/100\n|switch|p2b: Muk|Muk-Alola, L50, F|100\/100\n|turn|1\n|\n|t:|1739829589\n|move|p1a: Urshifu|Surging Strikes|p2a: Smeargle\n|-crit|p2a: Smeargle\n|-damage|p2a: Smeargle|47\/100\n|-crit|p2a: Smeargle\n|-damage|p2a: Smeargle|0 fnt\n|faint|p2a: Smeargle\n|-ability|p2b: Muk|Moody|[from] ability: Power of Alchemy|[of] p2a: Smeargle\n|-hitcount|p2: Smeargle|2\n|move|p1b: Tsareena|Taunt|p2b: Muk\n|-start|p2b: Muk|move: Taunt\n|cant|p2b: Muk|move: Taunt|Minimize\n|\n|-ability|p2b: Muk|Moody|boost\n|-boost|p2b: Muk|def|2\n|-unboost|p2b: Muk|atk|1\n|upkeep\n|\n|t:|1739829603\n|switch|p2a: Flamigo|Flamigo, L50, F|100\/100\n|-copyboost|p2a: Flamigo|p2b: Muk|[from] ability: Costar\n|-enditem|p2a: Flamigo|White Herb\n|-clearnegativeboost|p2a: Flamigo|[silent]\n|turn|2\n|\n|t:|1739829613\n|move|p1b: Tsareena|Helping Hand|p1a: Urshifu\n|-singleturn|p1a: Urshifu|Helping Hand|[of] p1b: Tsareena\n|move|p1a: Urshifu|Surging Strikes|p2a: Flamigo\n|-crit|p2a: Flamigo\n|-damage|p2a: Flamigo|63\/100\n|-crit|p2a: Flamigo\n|-damage|p2a: Flamigo|29\/100\n|-crit|p2a: Flamigo\n|-damage|p2a: Flamigo|0 fnt\n|faint|p2a: Flamigo\n|-hitcount|p2: Flamigo|3\n|move|p2b: Muk|Knock Off|p1b: Tsareena\n|-damage|p1b: Tsareena|74\/100\n|-enditem|p1b: Tsareena|Wide Lens|[from] move: Knock Off|[of] p2b: Muk\n|\n|-ability|p2b: Muk|Moody|boost\n|-boost|p2b: Muk|spd|2\n|-unboost|p2b: Muk|spa|1\n|upkeep\n|\n|t:|1739829627\n|switch|p2a: Calyrex|Calyrex-Shadow, L50|100\/100\n|-ability|p2a: Calyrex|As One\n|-ability|p2a: Calyrex|Unnerve\n|turn|3\n|\n|t:|1739829645\n|switch|p1b: Kyogre|Kyogre, L50, shiny|100\/100\n|-weather|RainDance|[from] ability: Drizzle|[of] p1b: Kyogre\n|move|p1a: Urshifu|Surging Strikes|p2a: Calyrex\n|-crit|p2a: Calyrex\n|-damage|p2a: Calyrex|64\/100\n|-crit|p2a: Calyrex\n|-damage|p2a: Calyrex|25\/100\n|-crit|p2a: Calyrex\n|-damage|p2a: Calyrex|0 fnt\n|faint|p2a: Calyrex\n|-hitcount|p2: Calyrex|3\n|move|p2b: Muk|Knock Off|p1a: Urshifu\n|-resisted|p1a: Urshifu\n|-damage|p1a: Urshifu|89\/100\n|-enditem|p1a: Urshifu|Choice Scarf|[from] move: Knock Off|[of] p2b: Muk\n|\n|-weather|RainDance|[upkeep]\n|-end|p2b: Muk|move: Taunt\n|-ability|p2b: Muk|Moody|boost\n|-boost|p2b: Muk|atk|2\n|-unboost|p2b: Muk|spe|1\n|upkeep\n|turn|4\n|\n|t:|1739829664\n|-terastallize|p2b: Muk|Water\n|move|p1a: Urshifu|Surging Strikes|p2b: Muk\n|-resisted|p2b: Muk\n|-crit|p2b: Muk\n|-damage|p2b: Muk|86\/100\n|-resisted|p2b: Muk\n|-crit|p2b: Muk\n|-damage|p2b: Muk|71\/100\n|-resisted|p2b: Muk\n|-crit|p2b: Muk\n|-damage|p2b: Muk|56\/100\n|-hitcount|p2b: Muk|3\n|move|p1b: Kyogre|Water Spout|p2b: Muk\n|-resisted|p2b: Muk\n|-damage|p2b: Muk|28\/100\n|move|p2b: Muk|Minimize|p2b: Muk\n|-boost|p2b: Muk|evasion|2\n|\n|-weather|RainDance|[upkeep]\n|-heal|p2b: Muk|34\/100|[from] item: Leftovers\n|-ability|p2b: Muk|Moody|boost\n|-boost|p2b: Muk|def|2\n|-unboost|p2b: Muk|spa|1\n|upkeep\n|turn|5\n|\n|t:|1739829678\n|switch|p1b: Tornadus|Tornadus, L50, M|100\/100\n|move|p1a: Urshifu|Surging Strikes|p2b: Muk\n|-resisted|p2b: Muk\n|-crit|p2b: Muk\n|-damage|p2b: Muk|20\/100\n|-resisted|p2b: Muk\n|-crit|p2b: Muk\n|-damage|p2b: Muk|5\/100\n|-resisted|p2b: Muk\n|-crit|p2b: Muk\n|-damage|p2b: Muk|0 fnt\n|faint|p2b: Muk\n|-hitcount|p2: Muk|3\n|\n|win|Tempest Flute\n|raw|Tempest Flute's rating: 1705 &rarr; <strong>1721<\/strong><br \/>(+16 for winning)\n|raw|jvessel07's rating: 1643 &rarr; <strong>1627<\/strong><br \/>(-16 for losing)\n|l|\u2606jvessel07\n|player|p2|\n|l|\u2606Tempest Flute\n|player|p1|\n|j|\u2606Tempest Flute\n|player|p1|Tempest Flute|policeman-gen4|\n|l|\u2606Tempest Flute\n|player|p1|\n|j|\u2606Tempest Flute\n|player|p1|Tempest Flute|policeman-gen4|\n|l|\u2606Tempest Flute\n|player|p1|\n","uploadtime":1739829685,"views":17,"formatid":"gen9vgc2025regg","rating":1627,"private":0,"password":null}