{"id":"gen9vgc2025regg-2302235300","format":"[Gen 9] VGC 2025 Reg G","players":["BellmanTGM","Kaicyios"],"log":"|j|\u2606BellmanTGM\n|j|\u2606Kaicyios\n|t:|1739764106\n|gametype|doubles\n|player|p1|BellmanTGM|pokefan-gen4|1632\n|player|p2|Kaicyios|giovanni|1674\n|teamsize|p1|6\n|teamsize|p2|6\n|gen|9\n|tier|[Gen 9] VGC 2025 Reg G\n|rated|\n|rule|Species Clause: Limit one of each Pok\u00e9mon\n|rule|Item Clause: Limit 1 of each item\n|clearpoke\n|poke|p1|Terapagos, L50, M|\n|poke|p1|Indeedee-F, L50, F|\n|poke|p1|Ogerpon-Cornerstone, L50, F|\n|poke|p1|Urshifu-*, L50, F|\n|poke|p1|Tornadus, L50, M|\n|poke|p1|Hariyama, L50, M|\n|poke|p2|Groudon, L50|\n|poke|p2|Tornadus, L50, M|\n|poke|p2|Flutter Mane, L50|\n|poke|p2|Chi-Yu, L50|\n|poke|p2|Raging Bolt, L50|\n|poke|p2|Hatterene, L50, F|\n|teampreview|4\n|inactive|Battle timer is ON: inactive players will automatically lose when time's up. (requested by BellmanTGM)\n|j| God of restricted\n|inactive|BellmanTGM has 60 seconds left.\n|inactive|Kaicyios has 60 seconds left.\n|inactive|BellmanTGM has 30 seconds left.\n|\n|t:|1739764176\n|start\n|switch|p1a: Terapagos|Terapagos, L50, M|100\/100\n|switch|p1b: Hariyama|Hariyama, L50, M|100\/100\n|switch|p2a: Groudon|Groudon, L50|100\/100\n|switch|p2b: Raging Bolt|Raging Bolt, L50|100\/100\n|-activate|p1a: Terapagos|ability: Tera Shift\n|detailschange|p1a: Terapagos|Terapagos-Terastal, L50, M\n|-heal|p1a: Terapagos|100\/100|[silent]\n|-weather|SunnyDay|[from] ability: Drought|[of] p2a: Groudon\n|-activate|p2b: Raging Bolt|ability: Protosynthesis\n|-start|p2b: Raging Bolt|protosynthesisspa\n|turn|1\n|j| AmdAndrewVGC\n|inactive|BellmanTGM has 30 seconds left.\n|inactive|Kaicyios has 30 seconds left.\n|l| God of restricted\n|\n|t:|1739764206\n|move|p1b: Hariyama|Fake Out|p2b: Raging Bolt\n|-damage|p2b: Raging Bolt|88\/100\n|move|p1a: Terapagos|Tera Starstorm|p2a: Groudon\n|-damage|p2a: Groudon|40\/100\n|move|p2a: Groudon|Precipice Blades|p1a: Terapagos|[spread] p1a,p1b\n|-activate|p1a: Terapagos|ability: Tera Shell\n|-resisted|p1a: Terapagos\n|-damage|p1a: Terapagos|78\/100\n|-damage|p1b: Hariyama|38\/100\n|cant|p2b: Raging Bolt|flinch\n|\n|-weather|SunnyDay|[upkeep]\n|upkeep\n|turn|2\n|j| God of restricted\n|l| God of restricted\n|\n|t:|1739764226\n|-terastallize|p1a: Terapagos|Stellar\n|detailschange|p1a: Terapagos|Terapagos-Stellar, L50, M, tera:Stellar\n|-heal|p1a: Terapagos|83\/100|[silent]\n|-ability|p1a: Terapagos|Teraform Zero\n|-weather|none\n|-end|p2b: Raging Bolt|Protosynthesis\n|-terastallize|p2b: Raging Bolt|Electric\n|move|p1b: Hariyama|Wide Guard|p1b: Hariyama\n|-singleturn|p1b: Hariyama|Wide Guard\n|move|p2b: Raging Bolt|Thunderclap|p1a: Terapagos\n|-damage|p1a: Terapagos|35\/100\n|-damage|p2b: Raging Bolt|79\/100|[from] item: Life Orb\n|move|p1a: Terapagos|Tera Starstorm|p2b: Raging Bolt|[spread] p2a,p2b\n|-supereffective|p2b: Raging Bolt\n|-damage|p2a: Groudon|1\/100\n|-damage|p2b: Raging Bolt|0 fnt\n|faint|p2b: Raging Bolt\n|-end|p2b: Raging Bolt|Protosynthesis|[silent]\n|move|p2a: Groudon|Precipice Blades|p1a: Terapagos|[spread] \n|-activate|p1a: Terapagos|move: Wide Guard\n|-activate|p1b: Hariyama|move: Wide Guard\n|\n|upkeep\n|\n|t:|1739764237\n|switch|p2b: Chi-Yu|Chi-Yu, L50|100\/100\n|-ability|p2b: Chi-Yu|Beads of Ruin\n|turn|3\n|j| God of restricted\n|\n|t:|1739764253\n|switch|p1a: Urshifu|Urshifu-Rapid-Strike, L50, F|100\/100\n|move|p1b: Hariyama|Feint|p2a: Groudon\n|-damage|p2a: Groudon|0 fnt\n|faint|p2a: Groudon\n|move|p2b: Chi-Yu|Overheat|p1a: Urshifu\n|-resisted|p1a: Urshifu\n|-damage|p1a: Urshifu|30\/100\n|-unboost|p2b: Chi-Yu|spa|2\n|\n|upkeep\n|l| God of restricted\n|j| bloody f8\n|\n|t:|1739764256\n|switch|p2a: Tornadus|Tornadus, L50, M|100\/100\n|turn|4\n|j| God of restricted\n|inactive|BellmanTGM has 30 seconds left.\n|\n|t:|1739764282\n|move|p1a: Urshifu|Detect|p1a: Urshifu\n|-singleturn|p1a: Urshifu|Protect\n|move|p2b: Chi-Yu|Overheat|p1a: Urshifu\n|-activate|p1a: Urshifu|move: Protect\n|move|p2a: Tornadus|Bleakwind Storm|p1a: Urshifu|[spread] p1b\n|-activate|p1a: Urshifu|move: Protect\n|-supereffective|p1b: Hariyama\n|-damage|p1b: Hariyama|0 fnt\n|faint|p1b: Hariyama\n|\n|upkeep\n|\n|t:|1739764297\n|switch|p1b: Ogerpon|Ogerpon-Cornerstone, L50, F|100\/100\n|turn|5\n|\n|t:|1739764317\n|move|p1b: Ogerpon|Follow Me|p1b: Ogerpon\n|-singleturn|p1b: Ogerpon|move: Follow Me\n|move|p2b: Chi-Yu|Overheat|p1b: Ogerpon\n|-damage|p1b: Ogerpon|35\/100\n|-unboost|p2b: Chi-Yu|spa|2\n|move|p2a: Tornadus|Bleakwind Storm|p1b: Ogerpon|[spread] p1a,p1b\n|-supereffective|p1a: Urshifu\n|-damage|p1a: Urshifu|0 fnt\n|-damage|p1b: Ogerpon|0 fnt\n|faint|p1a: Urshifu\n|faint|p1b: Ogerpon\n|\n|upkeep\n|\n|t:|1739764326\n|switch|p1b: Terapagos|Terapagos-Stellar, L50, M, tera:Stellar|35\/100\n|turn|6\n|j| northern hail\n|l| northern hail\n|\n|t:|1739764350\n|move|p2b: Chi-Yu|Overheat|p1b: Terapagos\n|-damage|p1b: Terapagos|14\/100\n|-unboost|p2b: Chi-Yu|spa|2\n|move|p2a: Tornadus|Bleakwind Storm|p1b: Terapagos\n|-crit|p1b: Terapagos\n|-damage|p1b: Terapagos|0 fnt\n|faint|p1b: Terapagos\n|\n|win|Kaicyios\n|raw|BellmanTGM's rating: 1632 &rarr; <strong>1614<\/strong><br \/>(-18 for losing)\n|raw|Kaicyios's rating: 1674 &rarr; <strong>1692<\/strong><br \/>(+18 for winning)\n|l|\u2606BellmanTGM\n|player|p1|\n|l| God of restricted\n|l| AmdAndrewVGC\n|l|\u2606Kaicyios\n|player|p2|\n|l| bloody f8\n","uploadtime":1739764368,"views":5,"formatid":"gen9vgc2025regg","rating":1614,"private":0,"password":null}