{"id":"gen9vgc2025regg-2302565453","format":"[Gen 9] VGC 2025 Reg G","players":["xatseye","jvessel07"],"log":"|j|\u2606xatseye\n|j|\u2606jvessel07\n|t:|1739813928\n|gametype|doubles\n|player|p1|xatseye|unknown|1640\n|player|p2|jvessel07|baker|1614\n|teamsize|p1|6\n|teamsize|p2|6\n|gen|9\n|tier|[Gen 9] VGC 2025 Reg G\n|rated|\n|rule|Species Clause: Limit one of each Pok\u00e9mon\n|rule|Item Clause: Limit 1 of each item\n|clearpoke\n|poke|p1|Miraidon, L50|\n|poke|p1|Incineroar, L50, M|\n|poke|p1|Oranguru, L50, M|\n|poke|p1|Clefairy, L50, M|\n|poke|p1|Iron Valiant, L50|\n|poke|p1|Baxcalibur, L50, F|\n|poke|p2|Smeargle, L50, M|\n|poke|p2|Muk-Alola, L50, F|\n|poke|p2|Flamigo, L50, F|\n|poke|p2|Dondozo, L50, F|\n|poke|p2|Giratina, L50|\n|poke|p2|Rillaboom, L50, F|\n|teampreview|4\n|inactive|Battle timer is ON: inactive players will automatically lose when time's up. (requested by xatseye)\n|inactive|xatseye has 60 seconds left.\n|\n|t:|1739813960\n|start\n|switch|p1a: Miraidon|Miraidon, L50|100\/100\n|switch|p1b: Oranguru|Oranguru, L50, M|100\/100\n|switch|p2a: Smeargle|Smeargle, L50, M|100\/100\n|switch|p2b: Muk|Muk-Alola, L50, F|100\/100\n|-fieldstart|move: Electric Terrain|[from] ability: Hadron Engine|[of] p1a: Miraidon\n|-enditem|p1a: Miraidon|Electric Seed\n|-boost|p1a: Miraidon|def|1|[from] item: Electric Seed\n|-activate|p1b: Oranguru|ability: Symbiosis|Covert Cloak|[of] p1a: Miraidon\n|turn|1\n|inactive|jvessel07 has 30 seconds left.\n|inactive|jvessel07 has 20 seconds left.\n|inactive|jvessel07 has 15 seconds left.\n|inactive|jvessel07 has 10 seconds left.\n|\n|t:|1739814009\n|move|p2a: Smeargle|Fake Out|p1a: Miraidon\n|-damage|p1a: Miraidon|98\/100\n|move|p1a: Miraidon|Calm Mind|p1a: Miraidon\n|-boost|p1a: Miraidon|spa|1\n|-boost|p1a: Miraidon|spd|1\n|move|p2b: Muk|Minimize|p2b: Muk\n|-boost|p2b: Muk|evasion|2\n|move|p1b: Oranguru|Encore|p2a: Smeargle\n|-start|p2a: Smeargle|Encore\n|\n|-ability|p2a: Smeargle|Moody|boost\n|-boost|p2a: Smeargle|def|2\n|-unboost|p2a: Smeargle|atk|1\n|upkeep\n|turn|2\n|\n|t:|1739814026\n|move|p2a: Smeargle|Fake Out||[still]\n|-hint|Fake Out only works on your first turn out.\n|-fail|p2a: Smeargle\n|move|p1a: Miraidon|Dragon Pulse|p2b: Muk|[miss]\n|-miss|p1a: Miraidon|p2b: Muk\n|move|p2b: Muk|Minimize|p2b: Muk\n|-boost|p2b: Muk|evasion|2\n|move|p1b: Oranguru|Instruct|p1a: Miraidon\n|-singleturn|p1a: Miraidon|move: Instruct|[of] p1b: Oranguru\n|move|p1a: Miraidon|Dragon Pulse|p2b: Muk|[miss]\n|-miss|p1a: Miraidon|p2b: Muk\n|\n|-ability|p2a: Smeargle|Moody|boost\n|-boost|p2a: Smeargle|def|2\n|-unboost|p2a: Smeargle|spd|1\n|upkeep\n|turn|3\n|\n|t:|1739814047\n|move|p2a: Smeargle|Fake Out||[still]\n|-hint|Fake Out only works on your first turn out.\n|-fail|p2a: Smeargle\n|move|p1a: Miraidon|Calm Mind|p1a: Miraidon\n|-boost|p1a: Miraidon|spa|1\n|-boost|p1a: Miraidon|spd|1\n|move|p2b: Muk|Minimize|p2b: Muk\n|-boost|p2b: Muk|evasion|2\n|move|p1b: Oranguru|Instruct|p1a: Miraidon\n|-singleturn|p1a: Miraidon|move: Instruct|[of] p1b: Oranguru\n|move|p1a: Miraidon|Calm Mind|p1a: Miraidon\n|-boost|p1a: Miraidon|spa|1\n|-boost|p1a: Miraidon|spd|1\n|\n|-ability|p2a: Smeargle|Moody|boost\n|-boost|p2a: Smeargle|def|2\n|-unboost|p2a: Smeargle|spa|1\n|upkeep\n|turn|4\n|inactive|xatseye has 30 seconds left.\n|inactive|jvessel07 has 30 seconds left.\n|\n|t:|1739814076\n|move|p2a: Smeargle|Fake Out||[still]\n|-hint|Fake Out only works on your first turn out.\n|-fail|p2a: Smeargle\n|move|p1a: Miraidon|Calm Mind|p1a: Miraidon\n|-boost|p1a: Miraidon|spa|1\n|-boost|p1a: Miraidon|spd|1\n|move|p2b: Muk|Toxic|p1a: Miraidon\n|-status|p1a: Miraidon|tox\n|move|p1b: Oranguru|Encore|p2b: Muk|[miss]\n|-miss|p1b: Oranguru|p2b: Muk\n|\n|-damage|p1a: Miraidon|92\/100 tox|[from] psn\n|-end|p2a: Smeargle|Encore\n|-ability|p2a: Smeargle|Moody|boost\n|-boost|p2a: Smeargle|spa|2\n|-unboost|p2a: Smeargle|spe|1\n|upkeep\n|turn|5\n|inactive|jvessel07 has 30 seconds left.\n|\n|t:|1739814105\n|switch|p1b: Iron Valiant|Iron Valiant, L50|100\/100\n|-activate|p1b: Iron Valiant|ability: Quark Drive\n|-start|p1b: Iron Valiant|quarkdrivespe\n|move|p1a: Miraidon|Protect|p1a: Miraidon\n|-singleturn|p1a: Miraidon|Protect\n|move|p2b: Muk|Protect|p2b: Muk\n|-singleturn|p2b: Muk|Protect\n|move|p2a: Smeargle|Shift Gear|p2a: Smeargle\n|-boost|p2a: Smeargle|spe|2\n|-boost|p2a: Smeargle|atk|1\n|\n|-damage|p1a: Miraidon|80\/100 tox|[from] psn\n|-fieldend|move: Electric Terrain\n|-end|p1b: Iron Valiant|Quark Drive\n|-ability|p2a: Smeargle|Moody|boost\n|-boost|p2a: Smeargle|spa|2\n|-unboost|p2a: Smeargle|def|1\n|upkeep\n|-enditem|p1b: Iron Valiant|Booster Energy\n|-activate|p1b: Iron Valiant|ability: Quark Drive|[fromitem]\n|-start|p1b: Iron Valiant|quarkdrivespe\n|turn|6\n|\n|t:|1739814128\n|-terastallize|p1b: Iron Valiant|Steel\n|move|p1b: Iron Valiant|Encore|p2a: Smeargle\n|-start|p2a: Smeargle|Encore\n|move|p2a: Smeargle|Shift Gear|p2a: Smeargle\n|-boost|p2a: Smeargle|spe|2\n|-boost|p2a: Smeargle|atk|1\n|move|p1a: Miraidon|Calm Mind|p1a: Miraidon\n|-boost|p1a: Miraidon|spa|1\n|-boost|p1a: Miraidon|spd|1\n|move|p2b: Muk|Knock Off|p1a: Miraidon\n|-damage|p1a: Miraidon|58\/100 tox\n|-enditem|p1a: Miraidon|Covert Cloak|[from] move: Knock Off|[of] p2b: Muk\n|\n|-damage|p1a: Miraidon|40\/100 tox|[from] psn\n|-ability|p2a: Smeargle|Moody|boost\n|-boost|p2a: Smeargle|spa|2\n|-unboost|p2a: Smeargle|def|1\n|upkeep\n|turn|7\n|\n|t:|1739814150\n|move|p2a: Smeargle|Shift Gear|p2a: Smeargle\n|-boost|p2a: Smeargle|spe|2\n|-boost|p2a: Smeargle|atk|1\n|move|p1b: Iron Valiant|Disable|p2a: Smeargle\n|-start|p2a: Smeargle|Disable|Shift Gear\n|move|p1a: Miraidon|Parabolic Charge|p2b: Muk|[spread] p1b,p2a\n|-miss|p1a: Miraidon|p2b: Muk\n|-damage|p1b: Iron Valiant|0 fnt\n|-heal|p1a: Miraidon|86\/100 tox|[from] drain|[of] p1b: Iron Valiant\n|-enditem|p2a: Smeargle|Focus Sash\n|-damage|p2a: Smeargle|1\/100\n|-heal|p1a: Miraidon|100\/100 tox|[from] drain|[of] p2a: Smeargle\n|faint|p1b: Iron Valiant\n|-end|p1b: Iron Valiant|Quark Drive|[silent]\n|move|p2b: Muk|Knock Off|p1a: Miraidon\n|-damage|p1a: Miraidon|88\/100 tox\n|\n|-damage|p1a: Miraidon|64\/100 tox|[from] psn\n|-ability|p2a: Smeargle|Moody|boost\n|-boost|p2a: Smeargle|def|2\n|-unboost|p2a: Smeargle|atk|1\n|upkeep\n|\n|t:|1739814171\n|switch|p1b: Baxcalibur|Baxcalibur, L50, F|100\/100\n|turn|8\n|inactive|jvessel07 has 30 seconds left.\n|\n|t:|1739814199\n|-activate|p2a: Smeargle|move: Struggle\n|move|p2a: Smeargle|Struggle|p1a: Miraidon\n|-damage|p1a: Miraidon|60\/100 tox\n|-damage|p2a: Smeargle|0 fnt|[from] recoil\n|faint|p2a: Smeargle\n|-ability|p2b: Muk|Moody|[from] ability: Power of Alchemy|[of] p2a: Smeargle\n|move|p1a: Miraidon|Dragon Pulse|p2b: Muk|[miss]\n|-miss|p1a: Miraidon|p2b: Muk\n|move|p1b: Baxcalibur|Glaive Rush|p2b: Muk|[miss]\n|-miss|p1b: Baxcalibur|p2b: Muk\n|move|p2b: Muk|Toxic|p1b: Baxcalibur\n|-status|p1b: Baxcalibur|tox\n|\n|-damage|p1a: Miraidon|30\/100 tox|[from] psn\n|-damage|p1b: Baxcalibur|95\/100 tox|[from] psn\n|-ability|p2b: Muk|Moody|boost\n|-boost|p2b: Muk|atk|2\n|-unboost|p2b: Muk|def|1\n|upkeep\n|\n|t:|1739814216\n|switch|p2a: Giratina|Giratina, L50|100\/100\n|-ability|p2a: Giratina|Pressure\n|turn|9\n|\n|t:|1739814229\n|move|p1a: Miraidon|Parabolic Charge|p2b: Muk|[spread] p1b,p2a\n|-miss|p1a: Miraidon|p2b: Muk\n|-resisted|p1b: Baxcalibur\n|-resisted|p2a: Giratina\n|-damage|p1b: Baxcalibur|46\/100 tox\n|-heal|p1a: Miraidon|54\/100 tox|[from] drain|[of] p1b: Baxcalibur\n|-damage|p2a: Giratina|83\/100\n|-heal|p1a: Miraidon|65\/100 tox|[from] drain|[of] p2a: Giratina\n|move|p1b: Baxcalibur|Glaive Rush|p2a: Giratina\n|-supereffective|p2a: Giratina\n|-crit|p2a: Giratina\n|-damage|p2a: Giratina|0 fnt\n|-singlemove|p1b: Baxcalibur|Glaive Rush|[silent]\n|faint|p2a: Giratina\n|move|p2b: Muk|Knock Off|p1a: Miraidon\n|-damage|p1a: Miraidon|37\/100 tox\n|\n|-damage|p1a: Miraidon|1\/100 tox|[from] psn\n|-damage|p1b: Baxcalibur|34\/100 tox|[from] psn\n|-ability|p2b: Muk|Moody|boost\n|-boost|p2b: Muk|def|2\n|-unboost|p2b: Muk|spe|1\n|upkeep\n|-message|xatseye forfeited.\n|\n|win|jvessel07\n|raw|xatseye's rating: 1640 &rarr; <strong>1619<\/strong><br \/>(-21 for losing)\n|raw|jvessel07's rating: 1614 &rarr; <strong>1635<\/strong><br \/>(+21 for winning)\n|l|\u2606xatseye\n|player|p1|\n|l|\u2606jvessel07\n|player|p2|\n","uploadtime":1739814519,"views":10,"formatid":"gen9vgc2025regg","rating":1619,"private":0,"password":null}