{"id":"gen9vgc2025regg-2302608706","format":"[Gen 9] VGC 2025 Reg G","players":["mlm2016","chin8"],"log":"|j|\u2606mlm2016\n|j|\u2606chin8\n|t:|1739818530\n|gametype|doubles\n|player|p1|mlm2016|266|1649\n|player|p2|chin8|gentleman-gen4dp|1706\n|teamsize|p1|6\n|teamsize|p2|6\n|gen|9\n|tier|[Gen 9] VGC 2025 Reg G\n|rated|\n|rule|Species Clause: Limit one of each Pok\u00e9mon\n|rule|Item Clause: Limit 1 of each item\n|clearpoke\n|poke|p1|Miraidon, L50|\n|poke|p1|Urshifu-*, L50, F|\n|poke|p1|Iron Hands, L50|\n|poke|p1|Whimsicott, L50, F|\n|poke|p1|Farigiraf, L50, F|\n|poke|p1|Sneasler, L50, F|\n|poke|p2|Calyrex-Shadow, L50|\n|poke|p2|Incineroar, L50, F|\n|poke|p2|Rillaboom, L50, M|\n|poke|p2|Gastrodon-East, L50, M|\n|poke|p2|Hitmonchan, L50, M|\n|poke|p2|Tropius, L50, F|\n|teampreview|4\n|inactive|Battle timer is ON: inactive players will automatically lose when time's up. (requested by mlm2016)\n|j| drega413\n|\n|t:|1739818559\n|start\n|switch|p1a: Miraidon|Miraidon, L50|100\/100\n|switch|p1b: Sneasler|Sneasler, L50, F|100\/100\n|switch|p2a: Calyrex|Calyrex-Shadow, L50|100\/100\n|switch|p2b: Rillaboom|Rillaboom, L50, M|100\/100\n|-ability|p2a: Calyrex|As One\n|-ability|p2a: Calyrex|Unnerve\n|-fieldstart|move: Electric Terrain|[from] ability: Hadron Engine|[of] p1a: Miraidon\n|-enditem|p1b: Sneasler|Electric Seed\n|-boost|p1b: Sneasler|def|1|[from] item: Electric Seed\n|-fieldstart|move: Grassy Terrain|[from] ability: Grassy Surge|[of] p2b: Rillaboom\n|turn|1\n|\n|t:|1739818579\n|move|p1b: Sneasler|Fake Out|p2b: Rillaboom\n|-damage|p2b: Rillaboom|86\/100\n|cant|p2b: Rillaboom|flinch\n|move|p1a: Miraidon|Volt Switch|p2a: Calyrex\n|-damage|p2a: Calyrex|64\/100\n|\n|t:|1739818586\n|switch|p1a: Whimsicott|Whimsicott, L50, F|100\/100|[from] Volt Switch\n|move|p2a: Calyrex|Calm Mind|p2a: Calyrex\n|-boost|p2a: Calyrex|spa|1\n|-boost|p2a: Calyrex|spd|1\n|\n|-heal|p2a: Calyrex|70\/100|[from] Grassy Terrain\n|-heal|p2b: Rillaboom|91\/100|[from] Grassy Terrain\n|upkeep\n|turn|2\n|\n|t:|1739818603\n|switch|p2b: Incineroar|Incineroar, L50, F|100\/100\n|-ability|p2b: Incineroar|Intimidate|boost\n|-unboost|p1a: Whimsicott|atk|1\n|-unboost|p1b: Sneasler|atk|1\n|move|p1a: Whimsicott|Encore|p2a: Calyrex\n|-start|p2a: Calyrex|Encore\n|move|p1b: Sneasler|Gunk Shot|p2b: Incineroar|[miss]\n|-miss|p1b: Sneasler|p2b: Incineroar\n|move|p2a: Calyrex|Calm Mind|p2a: Calyrex\n|-boost|p2a: Calyrex|spa|1\n|-boost|p2a: Calyrex|spd|1\n|\n|-heal|p2a: Calyrex|75\/100|[from] Grassy Terrain\n|upkeep\n|turn|3\n|l| drega413\n|inactive|mlm2016 has 30 seconds left.\n|\n|t:|1739818630\n|switch|p1a: Farigiraf|Farigiraf, L50, F|100\/100\n|move|p1b: Sneasler|Gunk Shot|p2a: Calyrex\n|-resisted|p2a: Calyrex\n|-damage|p2a: Calyrex|53\/100\n|move|p2a: Calyrex|Calm Mind|p2a: Calyrex\n|-boost|p2a: Calyrex|spa|1\n|-boost|p2a: Calyrex|spd|1\n|move|p2b: Incineroar|Knock Off|p1a: Farigiraf\n|-supereffective|p1a: Farigiraf\n|-damage|p1a: Farigiraf|14\/100\n|-enditem|p1a: Farigiraf|Throat Spray|[from] move: Knock Off|[of] p2b: Incineroar\n|\n|-heal|p2a: Calyrex|58\/100|[from] Grassy Terrain\n|-heal|p1a: Farigiraf|20\/100|[from] Grassy Terrain\n|upkeep\n|turn|4\n|\n|t:|1739818652\n|switch|p1a: Whimsicott|Whimsicott, L50, F|100\/100\n|move|p1b: Sneasler|Close Combat|p2b: Incineroar\n|-supereffective|p2b: Incineroar\n|-damage|p2b: Incineroar|4\/100\n|-unboost|p1b: Sneasler|def|1\n|-unboost|p1b: Sneasler|spd|1\n|-enditem|p2b: Incineroar|Aguav Berry|[eat]\n|-heal|p2b: Incineroar|38\/100|[from] item: Aguav Berry\n|move|p2a: Calyrex|Calm Mind|p2a: Calyrex\n|-boost|p2a: Calyrex|spa|1\n|-boost|p2a: Calyrex|spd|1\n|move|p2b: Incineroar|Parting Shot|p1b: Sneasler\n|-unboost|p1b: Sneasler|atk|1\n|-unboost|p1b: Sneasler|spa|1\n|\n|t:|1739818664\n|switch|p2b: Rillaboom|Rillaboom, L50, M|91\/100|[from] Parting Shot\n|\n|-heal|p2a: Calyrex|64\/100|[from] Grassy Terrain\n|-heal|p2b: Rillaboom|97\/100|[from] Grassy Terrain\n|-end|p2a: Calyrex|Encore\n|upkeep\n|turn|5\n|\n|t:|1739818679\n|move|p2a: Calyrex|Protect|p2a: Calyrex\n|-singleturn|p2a: Calyrex|Protect\n|move|p1a: Whimsicott|Encore|p2a: Calyrex\n|-activate|p2a: Calyrex|move: Protect\n|move|p1b: Sneasler|Gunk Shot|p2b: Rillaboom\n|-supereffective|p2b: Rillaboom\n|-damage|p2b: Rillaboom|33\/100\n|-status|p2b: Rillaboom|psn\n|move|p2b: Rillaboom|Wood Hammer|p1a: Whimsicott\n|-resisted|p1a: Whimsicott\n|-damage|p1a: Whimsicott|49\/100\n|-damage|p2b: Rillaboom|20\/100 psn|[from] Recoil\n|\n|-heal|p2a: Calyrex|70\/100|[from] Grassy Terrain\n|-heal|p1a: Whimsicott|55\/100|[from] Grassy Terrain\n|-heal|p2b: Rillaboom|26\/100 psn|[from] Grassy Terrain\n|-damage|p2b: Rillaboom|14\/100 psn|[from] psn\n|-fieldend|move: Grassy Terrain\n|upkeep\n|turn|6\n|-message|chin8 forfeited.\n|\n|win|mlm2016\n|raw|mlm2016's rating: 1649 &rarr; <strong>1672<\/strong><br \/>(+23 for winning)\n|raw|chin8's rating: 1706 &rarr; <strong>1683<\/strong><br \/>(-23 for losing)\n|l|\u2606chin8\n|player|p2|\n|l|\u2606mlm2016\n|player|p1|\n","uploadtime":1739818838,"views":5,"formatid":"gen9vgc2025regg","rating":1672,"private":0,"password":null}