{"id":"gen9vgc2025regg-2302039112","format":"[Gen 9] VGC 2025 Reg G","players":["Daleg","Kaicyios"],"log":"|j|\u2606Daleg\n|j|\u2606Kaicyios\n|t:|1739739641\n|gametype|doubles\n|player|p1|Daleg|1|1553\n|player|p2|Kaicyios|giovanni|1688\n|teamsize|p1|6\n|teamsize|p2|6\n|gen|9\n|tier|[Gen 9] VGC 2025 Reg G\n|rated|\n|rule|Species Clause: Limit one of each Pok\u00e9mon\n|rule|Item Clause: Limit 1 of each item\n|clearpoke\n|poke|p1|Zamazenta-*, L50|\n|poke|p1|Amoonguss, L50, F|\n|poke|p1|Chien-Pao, L50|\n|poke|p1|Flutter Mane, L50|\n|poke|p1|Rillaboom, L50, F|\n|poke|p1|Chi-Yu, L50|\n|poke|p2|Groudon, L50|\n|poke|p2|Tornadus, L50, M|\n|poke|p2|Flutter Mane, L50|\n|poke|p2|Chi-Yu, L50|\n|poke|p2|Raging Bolt, L50|\n|poke|p2|Ditto, L50|\n|teampreview|4\n|\n|t:|1739739666\n|start\n|switch|p1a: Chien-Pao|Chien-Pao, L50|100\/100\n|switch|p1b: Zamazenta|Zamazenta-Crowned, L50|100\/100\n|switch|p2a: Tornadus|Tornadus, L50, M|100\/100\n|switch|p2b: Flutter Mane|Flutter Mane, L50|100\/100\n|-ability|p1a: Chien-Pao|Sword of Ruin\n|-ability|p1b: Zamazenta|Dauntless Shield|boost\n|-boost|p1b: Zamazenta|def|1\n|turn|1\n|inactive|Battle timer is ON: inactive players will automatically lose when time's up. (requested by Daleg)\n|\n|t:|1739739682\n|-terastallize|p2b: Flutter Mane|Fairy\n|move|p2a: Tornadus|Tailwind|p2a: Tornadus\n|-sidestart|p2: Kaicyios|move: Tailwind\n|move|p2b: Flutter Mane|Moonblast|p1b: Zamazenta\n|-damage|p1b: Zamazenta|26\/100\n|move|p1a: Chien-Pao|Icicle Crash|p2a: Tornadus\n|-supereffective|p2a: Tornadus\n|-enditem|p2a: Tornadus|Focus Sash\n|-damage|p2a: Tornadus|1\/100\n|move|p1b: Zamazenta|Behemoth Bash|p2b: Flutter Mane\n|-supereffective|p2b: Flutter Mane\n|-damage|p2b: Flutter Mane|0 fnt\n|faint|p2b: Flutter Mane\n|-end|p2b: Flutter Mane|Protosynthesis|[silent]\n|\n|upkeep\n|inactive|Kaicyios has 30 seconds left.\n|\n|t:|1739739708\n|switch|p2b: Groudon|Groudon, L50|100\/100\n|-weather|SunnyDay|[from] ability: Drought|[of] p2b: Groudon\n|turn|2\n|\n|t:|1739739729\n|move|p1b: Zamazenta|Wide Guard|p1b: Zamazenta\n|-singleturn|p1b: Zamazenta|Wide Guard\n|move|p2a: Tornadus|Bleakwind Storm|p1a: Chien-Pao|[spread] \n|-activate|p1a: Chien-Pao|move: Wide Guard\n|-activate|p1b: Zamazenta|move: Wide Guard\n|move|p2b: Groudon|Heat Crash|p1a: Chien-Pao\n|-supereffective|p1a: Chien-Pao\n|-enditem|p1a: Chien-Pao|Focus Sash\n|-damage|p1a: Chien-Pao|1\/100\n|move|p1a: Chien-Pao|Icicle Crash|p2b: Groudon\n|-supereffective|p2b: Groudon\n|-damage|p2b: Groudon|16\/100\n|\n|-weather|SunnyDay|[upkeep]\n|upkeep\n|turn|3\n|inactive|Kaicyios has 30 seconds left.\n|\n|t:|1739739757\n|move|p1b: Zamazenta|Wide Guard|p1b: Zamazenta\n|-singleturn|p1b: Zamazenta|Wide Guard\n|move|p1a: Chien-Pao|Sucker Punch|p2b: Groudon\n|-damage|p2b: Groudon|0 fnt\n|faint|p2b: Groudon\n|move|p2a: Tornadus|Bleakwind Storm|p1b: Zamazenta|[spread] \n|-activate|p1a: Chien-Pao|move: Wide Guard\n|-activate|p1b: Zamazenta|move: Wide Guard\n|\n|-weather|SunnyDay|[upkeep]\n|upkeep\n|\n|t:|1739739765\n|switch|p2b: Chi-Yu|Chi-Yu, L50|100\/100\n|-ability|p2b: Chi-Yu|Beads of Ruin\n|turn|4\n|inactive|Daleg has 30 seconds left.\n|inactive|Kaicyios has 30 seconds left.\n|inactive|Kaicyios has 20 seconds left.\n|\n|t:|1739739801\n|move|p1a: Chien-Pao|Sucker Punch|p2a: Tornadus\n|-damage|p2a: Tornadus|0 fnt\n|faint|p2a: Tornadus\n|move|p2b: Chi-Yu|Heat Wave|p1b: Zamazenta|[spread] p1a,p1b\n|-supereffective|p1a: Chien-Pao\n|-supereffective|p1b: Zamazenta\n|-damage|p1a: Chien-Pao|0 fnt\n|-damage|p1b: Zamazenta|0 fnt\n|faint|p1a: Chien-Pao\n|faint|p1b: Zamazenta\n|\n|-weather|SunnyDay|[upkeep]\n|-sideend|p2: Kaicyios|move: Tailwind\n|upkeep\n|\n|t:|1739739807\n|switch|p1a: Chi-Yu|Chi-Yu, L50|100\/100\n|switch|p1b: Rillaboom|Rillaboom, L50, F|100\/100\n|-ability|p1a: Chi-Yu|Beads of Ruin\n|-fieldstart|move: Grassy Terrain|[from] ability: Grassy Surge|[of] p1b: Rillaboom\n|turn|5\n|\n|t:|1739739825\n|move|p1b: Rillaboom|Fake Out|p2b: Chi-Yu\n|-damage|p2b: Chi-Yu|76\/100\n|move|p1a: Chi-Yu|Dark Pulse|p2b: Chi-Yu\n|-resisted|p2b: Chi-Yu\n|-damage|p2b: Chi-Yu|49\/100\n|cant|p2b: Chi-Yu|flinch\n|\n|-weather|SunnyDay|[upkeep]\n|-heal|p2b: Chi-Yu|55\/100|[from] Grassy Terrain\n|upkeep\n|turn|6\n|\n|t:|1739739835\n|-terastallize|p1b: Rillaboom|Water\n|move|p1a: Chi-Yu|Dark Pulse|p2b: Chi-Yu\n|-resisted|p2b: Chi-Yu\n|-damage|p2b: Chi-Yu|26\/100\n|move|p2b: Chi-Yu|Heat Wave|p1a: Chi-Yu|[spread] p1a,p1b\n|-resisted|p1a: Chi-Yu\n|-resisted|p1b: Rillaboom\n|-damage|p1a: Chi-Yu|66\/100\n|-damage|p1b: Rillaboom|68\/100\n|move|p1b: Rillaboom|High Horsepower|p2b: Chi-Yu\n|-supereffective|p2b: Chi-Yu\n|-damage|p2b: Chi-Yu|0 fnt\n|faint|p2b: Chi-Yu\n|\n|win|Daleg\n|raw|Daleg's rating: 1553 &rarr; <strong>1580<\/strong><br \/>(+27 for winning)\n|raw|Kaicyios's rating: 1688 &rarr; <strong>1661<\/strong><br \/>(-27 for losing)\n|l|\u2606Kaicyios\n|player|p2|\n|l|\u2606Daleg\n|player|p1|\n","uploadtime":1739740003,"views":5,"formatid":"gen9vgc2025regg","rating":1580,"private":0,"password":null}