{"id":"gen9vgc2025regg-2302846183","format":"[Gen 9] VGC 2025 Reg G","players":["WRrooteP913","Angelo Neres"],"log":"|j|\u2606WRrooteP913\n|j|\u2606Angelo Neres\n|t:|1739845508\n|gametype|doubles\n|player|p1|WRrooteP913|266|1575\n|player|p2|Angelo Neres|265|1642\n|teamsize|p1|6\n|teamsize|p2|6\n|gen|9\n|tier|[Gen 9] VGC 2025 Reg G\n|rated|\n|rule|Species Clause: Limit one of each Pok\u00e9mon\n|rule|Item Clause: Limit 1 of each item\n|clearpoke\n|poke|p1|Groudon, L50|\n|poke|p1|Raging Bolt, L50|\n|poke|p1|Chien-Pao, L50|\n|poke|p1|Flutter Mane, L50|\n|poke|p1|Primarina, L50, F|\n|poke|p1|Ogerpon-Cornerstone, L50, F|\n|poke|p2|Lunala, L50|\n|poke|p2|Lapras, L50, F|\n|poke|p2|Chi-Yu, L50|\n|poke|p2|Zapdos-Galar, L50|\n|poke|p2|Ogerpon-Cornerstone, L50, F|\n|poke|p2|Rhydon, L50, M|\n|teampreview|4\n|inactive|Battle timer is ON: inactive players will automatically lose when time's up. (requested by WRrooteP913)\n|inactive|Angelo Neres has 60 seconds left.\n|\n|t:|1739845543\n|start\n|switch|p1a: Chien-Pao|Chien-Pao, L50|100\/100\n|switch|p1b: Ogerpon|Ogerpon-Cornerstone, L50, F|100\/100\n|switch|p2a: Chi-Yu|Chi-Yu, L50|100\/100\n|switch|p2b: Rhydon|Rhydon, L50, M, shiny|100\/100\n|-ability|p2a: Chi-Yu|Beads of Ruin\n|-ability|p1a: Chien-Pao|Sword of Ruin\n|turn|1\n|\n|t:|1739845567\n|-terastallize|p2b: Rhydon|Fairy\n|move|p1a: Chien-Pao|Protect|p1a: Chien-Pao\n|-singleturn|p1a: Chien-Pao|Protect\n|move|p2a: Chi-Yu|Heat Wave|p1b: Ogerpon|[spread] p1b\n|-activate|p1a: Chien-Pao|move: Protect\n|-damage|p1b: Ogerpon|37\/100\n|move|p1b: Ogerpon|Ivy Cudgel|p2a: Chi-Yu|[anim] Ivy Cudgel Rock\n|-supereffective|p2a: Chi-Yu\n|-damage|p2a: Chi-Yu|0 fnt\n|faint|p2a: Chi-Yu\n|move|p2b: Rhydon|Swords Dance|p2b: Rhydon\n|-boost|p2b: Rhydon|atk|2\n|\n|upkeep\n|\n|t:|1739845577\n|switch|p2a: Zapdos|Zapdos-Galar, L50, shiny|100\/100\n|turn|2\n|\n|t:|1739845597\n|move|p1a: Chien-Pao|Ice Spinner|p2a: Zapdos\n|-supereffective|p2a: Zapdos\n|-enditem|p2a: Zapdos|Focus Sash\n|-damage|p2a: Zapdos|1\/100\n|move|p1b: Ogerpon|Ivy Cudgel|p2a: Zapdos|[anim] Ivy Cudgel Rock\n|-damage|p2a: Zapdos|0 fnt\n|faint|p2a: Zapdos\n|move|p2b: Rhydon|Rock Slide|p1b: Ogerpon|[spread] p1a,p1b\n|-supereffective|p1a: Chien-Pao\n|-enditem|p1a: Chien-Pao|Focus Sash\n|-damage|p1a: Chien-Pao|1\/100\n|-damage|p1b: Ogerpon|0 fnt\n|faint|p1b: Ogerpon\n|\n|upkeep\n|\n|t:|1739845615\n|switch|p1b: Primarina|Primarina, L50, F|100\/100\n|switch|p2a: Lunala|Lunala, L50, shiny|100\/100\n|turn|3\n|\n|t:|1739845630\n|move|p1a: Chien-Pao|Protect|p1a: Chien-Pao\n|-singleturn|p1a: Chien-Pao|Protect\n|move|p2a: Lunala|Moonblast|p1a: Chien-Pao\n|-activate|p1a: Chien-Pao|move: Protect\n|move|p1b: Primarina|Perish Song|p1b: Primarina\n|-start|p1a: Chien-Pao|perish3|[silent]\n|-start|p1b: Primarina|perish3|[silent]\n|-start|p2a: Lunala|perish3|[silent]\n|-start|p2b: Rhydon|perish3|[silent]\n|-fieldactivate|move: Perish Song\n|move|p2b: Rhydon|High Horsepower|p1b: Primarina\n|-damage|p1b: Primarina|0 fnt\n|faint|p1b: Primarina\n|\n|-start|p1a: Chien-Pao|perish3\n|-start|p2a: Lunala|perish3\n|-start|p2b: Rhydon|perish3\n|upkeep\n|\n|t:|1739845646\n|switch|p1b: Groudon|Groudon, L50|100\/100\n|-weather|SunnyDay|[from] ability: Drought|[of] p1b: Groudon\n|turn|4\n|\n|t:|1739845656\n|move|p1a: Chien-Pao|Ruination|p2a: Lunala\n|-damage|p2a: Lunala|50\/100\n|move|p2a: Lunala|Moongeist Beam|p1b: Groudon\n|-damage|p1b: Groudon|68\/100\n|move|p1b: Groudon|Precipice Blades|p2b: Rhydon|[spread] p2a,p2b\n|-damage|p2a: Lunala|0 fnt\n|-damage|p2b: Rhydon|64\/100\n|faint|p2a: Lunala\n|move|p2b: Rhydon|Rock Slide|p1a: Chien-Pao|[spread] p1a,p1b\n|-supereffective|p1a: Chien-Pao\n|-resisted|p1b: Groudon\n|-damage|p1a: Chien-Pao|0 fnt\n|-damage|p1b: Groudon|44\/100\n|faint|p1a: Chien-Pao\n|\n|-weather|SunnyDay|[upkeep]\n|-start|p2b: Rhydon|perish2\n|upkeep\n|turn|5\n|\n|t:|1739845674\n|move|p1b: Groudon|Precipice Blades|p2b: Rhydon\n|-damage|p2b: Rhydon|29\/100\n|move|p2b: Rhydon|High Horsepower|p1b: Groudon\n|-damage|p1b: Groudon|0 fnt\n|faint|p1b: Groudon\n|\n|win|Angelo Neres\n|raw|WRrooteP913's rating: 1575 &rarr; <strong>1559<\/strong><br \/>(-16 for losing)\n|raw|Angelo Neres's rating: 1642 &rarr; <strong>1658<\/strong><br \/>(+16 for winning)\n|l|\u2606WRrooteP913\n|player|p1|\n|l|\u2606Angelo Neres\n|player|p2|\n","uploadtime":1739845820,"views":8,"formatid":"gen9vgc2025regg","rating":1559,"private":0,"password":null}