{"id":"gen9vgc2025regg-2302548822","format":"[Gen 9] VGC 2025 Reg G","players":["Bougie Oatmeal","Boby maltezer"],"log":"|j|\u2606Bougie Oatmeal\n|j|\u2606Boby maltezer\n|t:|1739812168\n|gametype|doubles\n|player|p1|Bougie Oatmeal|rowan|1555\n|player|p2|Boby maltezer|169|1651\n|teamsize|p1|6\n|teamsize|p2|6\n|gen|9\n|tier|[Gen 9] VGC 2025 Reg G\n|rated|\n|rule|Species Clause: Limit one of each Pok\u00e9mon\n|rule|Item Clause: Limit 1 of each item\n|clearpoke\n|poke|p1|Calyrex-Shadow, L50|\n|poke|p1|Indeedee-F, L50, F|\n|poke|p1|Ogerpon-Hearthflame, L50, F|\n|poke|p1|Iron Jugulis, L50|\n|poke|p1|Iron Hands, L50|\n|poke|p1|Urshifu-*, L50, M|\n|poke|p2|Zamazenta-*, L50|\n|poke|p2|Flutter Mane, L50|\n|poke|p2|Rillaboom, L50, F|\n|poke|p2|Latios, L50, M|\n|poke|p2|Tyranitar, L50, M|\n|poke|p2|Landorus, L50, M|\n|teampreview|4\n|inactive|Battle timer is ON: inactive players will automatically lose when time's up. (requested by Bougie Oatmeal)\n|inactive|Bougie Oatmeal has 60 seconds left.\n|inactive|Boby maltezer has 60 seconds left.\n|inactive|Boby maltezer has 30 seconds left.\n|\n|t:|1739812229\n|start\n|switch|p1a: Hallothreen|Iron Jugulis, L50|100\/100\n|switch|p1b: Arizona|Ogerpon-Hearthflame, L50, F|100\/100\n|switch|p2a: Tyranitar|Tyranitar, L50, M|100\/100\n|switch|p2b: Flutter Mane|Flutter Mane, L50|100\/100\n|-ability|p1b: Arizona|Mold Breaker\n|-weather|Sandstorm|[from] ability: Sand Stream|[of] p2a: Tyranitar\n|-enditem|p2b: Flutter Mane|Booster Energy\n|-activate|p2b: Flutter Mane|ability: Protosynthesis|[fromitem]\n|-start|p2b: Flutter Mane|protosynthesisspe\n|-enditem|p1a: Hallothreen|Booster Energy\n|-activate|p1a: Hallothreen|ability: Quark Drive|[fromitem]\n|-start|p1a: Hallothreen|quarkdrivespe\n|turn|1\n|\n|t:|1739812249\n|move|p2b: Flutter Mane|Thunder Wave|p1b: Arizona|[miss]\n|-miss|p2b: Flutter Mane|p1b: Arizona\n|move|p1a: Hallothreen|Tailwind|p1a: Hallothreen\n|-sidestart|p1: Bougie Oatmeal|move: Tailwind\n|move|p1b: Arizona|Horn Leech|p2a: Tyranitar\n|-supereffective|p2a: Tyranitar\n|-damage|p2a: Tyranitar|32\/100\n|move|p2a: Tyranitar|Rock Slide|p1b: Arizona|[spread] p1a,p1b\n|-supereffective|p1a: Hallothreen\n|-supereffective|p1b: Arizona\n|-damage|p1a: Hallothreen|35\/100\n|-damage|p1b: Arizona|25\/100\n|\n|-weather|Sandstorm|[upkeep]\n|-damage|p1a: Hallothreen|29\/100|[from] Sandstorm\n|-damage|p1b: Arizona|19\/100|[from] Sandstorm\n|-damage|p2b: Flutter Mane|95\/100|[from] Sandstorm\n|upkeep\n|turn|2\n|\n|t:|1739812271\n|move|p1a: Hallothreen|Air Slash|p2b: Flutter Mane\n|-damage|p2b: Flutter Mane|69\/100\n|move|p1b: Arizona|Ivy Cudgel|p2b: Flutter Mane|[anim] Ivy Cudgel Fire\n|-crit|p2b: Flutter Mane\n|-damage|p2b: Flutter Mane|0 fnt\n|faint|p2b: Flutter Mane\n|-end|p2b: Flutter Mane|Protosynthesis|[silent]\n|move|p2a: Tyranitar|Rock Slide|p1b: Arizona|[spread] p1a,p1b\n|-supereffective|p1a: Hallothreen\n|-supereffective|p1b: Arizona\n|-damage|p1a: Hallothreen|0 fnt\n|-damage|p1b: Arizona|0 fnt\n|faint|p1a: Hallothreen\n|-end|p1a: Hallothreen|Quark Drive|[silent]\n|faint|p1b: Arizona\n|\n|-weather|Sandstorm|[upkeep]\n|upkeep\n|\n|t:|1739812291\n|switch|p2b: Rillaboom|Rillaboom, L50, F|100\/100\n|switch|p1b: Proshokza|Iron Hands, L50|100\/100\n|switch|p1a: Zoroastre|Calyrex-Shadow, L50|100\/100\n|-ability|p1a: Zoroastre|As One\n|-ability|p1a: Zoroastre|Unnerve\n|-fieldstart|move: Grassy Terrain|[from] ability: Grassy Surge|[of] p2b: Rillaboom\n|turn|3\n|\n|t:|1739812308\n|move|p1a: Zoroastre|Protect|p1a: Zoroastre\n|-singleturn|p1a: Zoroastre|Protect\n|move|p2b: Rillaboom|Fake Out|p1b: Proshokza\n|-damage|p1b: Proshokza|91\/100\n|cant|p1b: Proshokza|flinch\n|move|p2a: Tyranitar|Knock Off|p1a: Zoroastre\n|-activate|p1a: Zoroastre|move: Protect\n|\n|-weather|Sandstorm|[upkeep]\n|-damage|p1a: Zoroastre|94\/100|[from] Sandstorm\n|-damage|p1b: Proshokza|84\/100|[from] Sandstorm\n|-damage|p2b: Rillaboom|94\/100|[from] Sandstorm\n|-heal|p1a: Zoroastre|100\/100|[from] Grassy Terrain\n|-heal|p1b: Proshokza|91\/100|[from] Grassy Terrain\n|-heal|p2b: Rillaboom|100\/100|[from] Grassy Terrain\n|-heal|p2a: Tyranitar|39\/100|[from] Grassy Terrain\n|upkeep\n|turn|4\n|\n|t:|1739812331\n|-terastallize|p1a: Zoroastre|Ghost\n|move|p2b: Rillaboom|Protect|p2b: Rillaboom\n|-singleturn|p2b: Rillaboom|Protect\n|move|p2a: Tyranitar|Protect|p2a: Tyranitar\n|-singleturn|p2a: Tyranitar|Protect\n|move|p1a: Zoroastre|Astral Barrage|p2b: Rillaboom|[spread] \n|-activate|p2a: Tyranitar|move: Protect\n|-activate|p2b: Rillaboom|move: Protect\n|move|p1b: Proshokza|Drain Punch|p2a: Tyranitar\n|-activate|p2a: Tyranitar|move: Protect\n|\n|-weather|Sandstorm|[upkeep]\n|-damage|p1a: Zoroastre|94\/100|[from] Sandstorm\n|-damage|p1b: Proshokza|84\/100|[from] Sandstorm\n|-damage|p2b: Rillaboom|94\/100|[from] Sandstorm\n|-heal|p1a: Zoroastre|100\/100|[from] Grassy Terrain\n|-heal|p1b: Proshokza|91\/100|[from] Grassy Terrain\n|-heal|p2b: Rillaboom|100\/100|[from] Grassy Terrain\n|-heal|p2a: Tyranitar|45\/100|[from] Grassy Terrain\n|-sideend|p1: Bougie Oatmeal|move: Tailwind\n|upkeep\n|turn|5\n|inactive|Boby maltezer has 30 seconds left.\n|inactive|Boby maltezer has 20 seconds left.\n|inactive|Boby maltezer has 15 seconds left.\n|inactive|Boby maltezer has 10 seconds left.\n|inactive|Boby maltezer has 5 seconds left.\n|\n|t:|1739812381\n|move|p1a: Zoroastre|Protect|p1a: Zoroastre\n|-singleturn|p1a: Zoroastre|Protect\n|move|p2b: Rillaboom|Wood Hammer|p1b: Proshokza\n|-damage|p1b: Proshokza|28\/100\n|-damage|p2b: Rillaboom|71\/100|[from] Recoil\n|move|p2a: Tyranitar|Knock Off|p1a: Zoroastre\n|-activate|p1a: Zoroastre|move: Protect\n|move|p1b: Proshokza|Drain Punch|p2a: Tyranitar\n|-supereffective|p2a: Tyranitar\n|-damage|p2a: Tyranitar|0 fnt\n|-heal|p1b: Proshokza|43\/100|[from] drain|[of] p2a: Tyranitar\n|faint|p2a: Tyranitar\n|\n|-weather|none\n|-heal|p2b: Rillaboom|77\/100|[from] Grassy Terrain\n|-heal|p1b: Proshokza|49\/100|[from] Grassy Terrain\n|upkeep\n|\n|t:|1739812400\n|switch|p2a: Zamazenta|Zamazenta-Crowned, L50|100\/100\n|-ability|p2a: Zamazenta|Dauntless Shield|boost\n|-boost|p2a: Zamazenta|def|1\n|turn|6\n|\n|t:|1739812411\n|move|p2a: Zamazenta|Wide Guard|p2a: Zamazenta\n|-singleturn|p2a: Zamazenta|Wide Guard\n|move|p1a: Zoroastre|Expanding Force|p2b: Rillaboom\n|-damage|p2b: Rillaboom|10\/100\n|move|p2b: Rillaboom|Wood Hammer|p1b: Proshokza\n|-damage|p1b: Proshokza|0 fnt\n|faint|p1b: Proshokza\n|-end|p1b: Proshokza|Quark Drive|[silent]\n|-damage|p2b: Rillaboom|0 fnt|[from] Recoil\n|faint|p2b: Rillaboom\n|\n|upkeep\n|turn|7\n|\n|t:|1739812427\n|move|p1a: Zoroastre|Astral Barrage|p2a: Zamazenta\n|-damage|p2a: Zamazenta|27\/100\n|move|p2a: Zamazenta|Heavy Slam|p1a: Zoroastre\n|-damage|p1a: Zoroastre|44\/100\n|\n|-heal|p1a: Zoroastre|50\/100|[from] Grassy Terrain\n|-heal|p2a: Zamazenta|33\/100|[from] Grassy Terrain\n|-fieldend|move: Grassy Terrain\n|upkeep\n|turn|8\n|\n|t:|1739812441\n|move|p2a: Zamazenta|Wide Guard|p2a: Zamazenta\n|-singleturn|p2a: Zamazenta|Wide Guard\n|move|p1a: Zoroastre|Astral Barrage|p2a: Zamazenta\n|-activate|p2a: Zamazenta|move: Wide Guard\n|\n|upkeep\n|turn|9\n|\n|t:|1739812449\n|move|p2a: Zamazenta|Wide Guard|p2a: Zamazenta\n|-singleturn|p2a: Zamazenta|Wide Guard\n|move|p1a: Zoroastre|Astral Barrage|p2a: Zamazenta\n|-activate|p2a: Zamazenta|move: Wide Guard\n|\n|upkeep\n|turn|10\n|\n|t:|1739812458\n|move|p2a: Zamazenta|Wide Guard|p2a: Zamazenta\n|-singleturn|p2a: Zamazenta|Wide Guard\n|move|p1a: Zoroastre|Expanding Force|p2a: Zamazenta\n|-damage|p2a: Zamazenta|0 fnt\n|faint|p2a: Zamazenta\n|\n|win|Bougie Oatmeal\n|raw|Bougie Oatmeal's rating: 1555 &rarr; <strong>1580<\/strong><br \/>(+25 for winning)\n|raw|Boby maltezer's rating: 1651 &rarr; <strong>1626<\/strong><br \/>(-25 for losing)\n|l|\u2606Boby maltezer\n|player|p2|\n","uploadtime":1739812709,"views":5,"formatid":"gen9vgc2025regg","rating":1580,"private":0,"password":null}