{"id":"gen9vgc2025regg-2302943012","format":"[Gen 9] VGC 2025 Reg G","players":["steeltrainer","sibylla_system"],"log":"|j|\u2606steeltrainer\n|j|\u2606sibylla_system\n|t:|1739860754\n|gametype|doubles\n|player|p1|steeltrainer|byron|1505\n|player|p2|sibylla_system|266|1610\n|teamsize|p1|6\n|teamsize|p2|6\n|gen|9\n|tier|[Gen 9] VGC 2025 Reg G\n|rated|\n|rule|Species Clause: Limit one of each Pok\u00e9mon\n|rule|Item Clause: Limit 1 of each item\n|clearpoke\n|poke|p1|Chien-Pao, L50|\n|poke|p1|Ditto, L50|\n|poke|p1|Flutter Mane, L50|\n|poke|p1|Landorus, L50, M|\n|poke|p1|Rillaboom, L50, M|\n|poke|p1|Zamazenta-*, L50|\n|poke|p2|Calyrex-Ice, L50|\n|poke|p2|Raging Bolt, L50|\n|poke|p2|Landorus, L50, M|\n|poke|p2|Urshifu-*, L50, M|\n|poke|p2|Incineroar, L50, F|\n|poke|p2|Amoonguss, L50, F|\n|teampreview|4\n|\n|t:|1739860776\n|start\n|switch|p1a: Zamazenta|Zamazenta-Crowned, L50|100\/100\n|switch|p1b: Flutter Mane|Flutter Mane, L50, shiny|100\/100\n|switch|p2a: Urshifu|Urshifu-Rapid-Strike, L50, M|100\/100\n|switch|p2b: Amoonguss|Amoonguss, L50, F|100\/100\n|-ability|p1a: Zamazenta|Dauntless Shield|boost\n|-boost|p1a: Zamazenta|def|1\n|-enditem|p1b: Flutter Mane|Booster Energy\n|-activate|p1b: Flutter Mane|ability: Protosynthesis|[fromitem]\n|-start|p1b: Flutter Mane|protosynthesisspe\n|turn|1\n|\n|t:|1739860798\n|-terastallize|p1b: Flutter Mane|Grass\n|move|p1a: Zamazenta|Protect|p1a: Zamazenta\n|-singleturn|p1a: Zamazenta|Protect\n|move|p2a: Urshifu|Detect|p2a: Urshifu\n|-singleturn|p2a: Urshifu|Protect\n|move|p1b: Flutter Mane|Moonblast|p2a: Urshifu\n|-activate|p2a: Urshifu|move: Protect\n|move|p2b: Amoonguss|Spore|p1b: Flutter Mane\n|-immune|p1b: Flutter Mane\n|\n|upkeep\n|turn|2\n|\n|t:|1739860836\n|move|p1b: Flutter Mane|Taunt|p2b: Amoonguss\n|-start|p2b: Amoonguss|move: Taunt\n|-enditem|p2b: Amoonguss|Mental Herb\n|-end|p2b: Amoonguss|move: Taunt\n|move|p1a: Zamazenta|Body Press|p2a: Urshifu\n|-damage|p2a: Urshifu|29\/100\n|move|p2a: Urshifu|Surging Strikes|p1a: Zamazenta\n|-crit|p1a: Zamazenta\n|-damage|p1a: Zamazenta|83\/100\n|-crit|p1a: Zamazenta\n|-damage|p1a: Zamazenta|67\/100\n|-crit|p1a: Zamazenta\n|-damage|p1a: Zamazenta|52\/100\n|-hitcount|p1a: Zamazenta|3\n|move|p2b: Amoonguss|Spore|p1a: Zamazenta\n|-status|p1a: Zamazenta|slp|[from] move: Spore\n|\n|upkeep\n|turn|3\n|\n|t:|1739860879\n|move|p1b: Flutter Mane|Moonblast|p2a: Urshifu\n|-supereffective|p2a: Urshifu\n|-damage|p2a: Urshifu|0 fnt\n|faint|p2a: Urshifu\n|cant|p1a: Zamazenta|slp\n|move|p2b: Amoonguss|Pollen Puff|p2: Urshifu|[notarget]\n|-fail|p2b: Amoonguss\n|\n|upkeep\n|\n|t:|1739860887\n|switch|p2a: Calyrex|Calyrex-Ice, L50|100\/100\n|-ability|p2a: Calyrex|As One\n|-ability|p2a: Calyrex|Unnerve\n|turn|4\n|\n|t:|1739860899\n|switch|p2b: Landorus|Landorus, L50, M|100\/100\n|cant|p1a: Zamazenta|slp\n|move|p1b: Flutter Mane|Taunt|p2a: Calyrex\n|-start|p2a: Calyrex|move: Taunt\n|move|p2a: Calyrex|Glacial Lance|p1b: Flutter Mane|[spread] p1a,p1b\n|-resisted|p1a: Zamazenta\n|-supereffective|p1b: Flutter Mane\n|-damage|p1a: Zamazenta|41\/100 slp\n|-damage|p1b: Flutter Mane|0 fnt\n|faint|p1b: Flutter Mane\n|-end|p1b: Flutter Mane|Protosynthesis|[silent]\n|-ability|p2a: Calyrex|Chilling Neigh|boost\n|-boost|p2a: Calyrex|atk|1\n|\n|upkeep\n|\n|t:|1739860907\n|switch|p1b: Ditto|Ditto, L50, shiny|100\/100\n|-transform|p1b: Ditto|p2a: Calyrex|[from] ability: Imposter\n|-ability|p1b: Ditto|As One\n|-ability|p1b: Ditto|Unnerve\n|turn|5\n|\n|t:|1739860928\n|-terastallize|p2b: Landorus|Poison\n|move|p2b: Landorus|Earth Power|p1a: Zamazenta\n|-supereffective|p1a: Zamazenta\n|-damage|p1a: Zamazenta|0 fnt\n|faint|p1a: Zamazenta\n|move|p1b: Ditto|Glacial Lance|p2b: Landorus|[spread] p2a,p2b\n|-resisted|p2a: Calyrex\n|-damage|p2a: Calyrex|73\/100\n|-damage|p2b: Landorus|7\/100\n|move|p2a: Calyrex|Glacial Lance|p1b: Ditto\n|-resisted|p1b: Ditto\n|-damage|p1b: Ditto|57\/100\n|\n|upkeep\n|\n|t:|1739860938\n|switch|p1a: Chien-Pao|Chien-Pao, L50|100\/100\n|-ability|p1a: Chien-Pao|Sword of Ruin\n|turn|6\n|\n|t:|1739860948\n|move|p2b: Landorus|Earth Power|p1a: Chien-Pao\n|-damage|p1a: Chien-Pao|8\/100\n|move|p1a: Chien-Pao|Throat Chop|p2a: Calyrex\n|-supereffective|p2a: Calyrex\n|-damage|p2a: Calyrex|6\/100\n|-start|p2a: Calyrex|Throat Chop|[silent]\n|move|p1b: Ditto|Glacial Lance|p2b: Landorus|[spread] p2a,p2b\n|-resisted|p2a: Calyrex\n|-damage|p2a: Calyrex|0 fnt\n|-damage|p2b: Landorus|0 fnt\n|faint|p2a: Calyrex\n|faint|p2b: Landorus\n|-ability|p1b: Ditto|Chilling Neigh|boost\n|-boost|p1b: Ditto|atk|2\n|\n|upkeep\n|-message|sibylla_system forfeited.\n|\n|win|steeltrainer\n|raw|steeltrainer's rating: 1505 &rarr; <strong>1531<\/strong><br \/>(+26 for winning)\n|raw|sibylla_system's rating: 1610 &rarr; <strong>1584<\/strong><br \/>(-26 for losing)\n|l|\u2606sibylla_system\n|player|p2|\n|l|\u2606steeltrainer\n|player|p1|\n","uploadtime":1739861107,"views":5,"formatid":"gen9vgc2025regg","rating":1531,"private":0,"password":null}