{"id":"gen9vgc2025regg-2302231133","format":"[Gen 9] VGC 2025 Reg G","players":["abc11451419198","Kaicyios"],"log":"|j|\u2606abc11451419198\n|j|\u2606Kaicyios\n|t:|1739763513\n|gametype|doubles\n|player|p1|abc11451419198|265|1527\n|player|p2|Kaicyios|giovanni|1661\n|teamsize|p1|6\n|teamsize|p2|6\n|gen|9\n|tier|[Gen 9] VGC 2025 Reg G\n|rated|\n|rule|Species Clause: Limit one of each Pok\u00e9mon\n|rule|Item Clause: Limit 1 of each item\n|clearpoke\n|poke|p1|Mimikyu, L50, F|\n|poke|p1|Zacian-*, L50|\n|poke|p1|Urshifu-*, L50, M|\n|poke|p1|Chien-Pao, L50|\n|poke|p1|Murkrow, L50, M|\n|poke|p1|Ogerpon-Hearthflame, L50, F|\n|poke|p2|Groudon, L50|\n|poke|p2|Tornadus, L50, M|\n|poke|p2|Flutter Mane, L50|\n|poke|p2|Chi-Yu, L50|\n|poke|p2|Raging Bolt, L50|\n|poke|p2|Hatterene, L50, F|\n|teampreview|4\n|\n|t:|1739763538\n|start\n|switch|p1a: Murkrow|Murkrow, L50, M|100\/100\n|switch|p1b: Urshifu|Urshifu-Rapid-Strike, L50, M|100\/100\n|switch|p2a: Tornadus|Tornadus, L50, M|100\/100\n|switch|p2b: Chi-Yu|Chi-Yu, L50|100\/100\n|-ability|p2b: Chi-Yu|Beads of Ruin\n|turn|1\n|inactive|Battle timer is ON: inactive players will automatically lose when time's up. (requested by Kaicyios)\n|\n|t:|1739763578\n|move|p2a: Tornadus|Sunny Day|p2a: Tornadus\n|-weather|SunnyDay\n|move|p1a: Murkrow|Tailwind|p1a: Murkrow\n|-sidestart|p1: abc11451419198|move: Tailwind\n|move|p1b: Urshifu|U-turn|p2b: Chi-Yu\n|-damage|p2b: Chi-Yu|41\/100\n|\n|t:|1739763584\n|switch|p1b: Ogerpon|Ogerpon-Hearthflame, L50, F|100\/100|[from] U-turn\n|-ability|p1b: Ogerpon|Mold Breaker\n|move|p2b: Chi-Yu|Psychic|p1b: Ogerpon\n|-damage|p1b: Ogerpon|47\/100\n|\n|-weather|SunnyDay|[upkeep]\n|upkeep\n|turn|2\n|j| God of restricted\n|inactive|abc11451419198 has 30 seconds left.\n|inactive|Kaicyios has 30 seconds left.\n|inactive|Kaicyios has 20 seconds left.\n|\n|t:|1739763621\n|switch|p2b: Groudon|Groudon, L50|100\/100\n|move|p1a: Murkrow|Taunt|p2a: Tornadus\n|-start|p2a: Tornadus|move: Taunt\n|cant|p2a: Tornadus|move: Taunt|Tailwind\n|move|p1b: Ogerpon|Ivy Cudgel|p2a: Tornadus|[anim] Ivy Cudgel Fire\n|-enditem|p2a: Tornadus|Focus Sash\n|-damage|p2a: Tornadus|1\/100\n|\n|-weather|SunnyDay|[upkeep]\n|upkeep\n|turn|3\n|\n|t:|1739763645\n|-terastallize|p2b: Groudon|Fire\n|move|p1b: Ogerpon|Wood Hammer|p2b: Groudon\n|-resisted|p2b: Groudon\n|-damage|p2b: Groudon|76\/100\n|-damage|p1b: Ogerpon|37\/100|[from] Recoil\n|move|p1a: Murkrow|Foul Play|p2a: Tornadus\n|-damage|p2a: Tornadus|0 fnt\n|faint|p2a: Tornadus\n|move|p2b: Groudon|Rock Slide|p1a: Murkrow|[spread] p1a,p1b\n|-supereffective|p1a: Murkrow\n|-supereffective|p1b: Ogerpon\n|-damage|p1a: Murkrow|41\/100\n|-damage|p1b: Ogerpon|0 fnt\n|faint|p1b: Ogerpon\n|\n|-weather|SunnyDay|[upkeep]\n|upkeep\n|\n|t:|1739763662\n|switch|p2a: Chi-Yu|Chi-Yu, L50|41\/100\n|switch|p1b: Urshifu|Urshifu-Rapid-Strike, L50, M|100\/100\n|-ability|p2a: Chi-Yu|Beads of Ruin\n|turn|4\n|inactive|abc11451419198 has 30 seconds left.\n|inactive|Kaicyios has 30 seconds left.\n|inactive|abc11451419198 has 20 seconds left.\n|inactive|Kaicyios has 20 seconds left.\n|inactive|abc11451419198 has 15 seconds left.\n|inactive|abc11451419198 has 10 seconds left.\n|inactive|abc11451419198 has 5 seconds left.\n|\n|t:|1739763713\n|move|p1b: Urshifu|Low Kick|p2b: Groudon\n|-damage|p2b: Groudon|6\/100\n|move|p1a: Murkrow|Foul Play|p2b: Groudon\n|-damage|p2b: Groudon|0 fnt\n|faint|p2b: Groudon\n|move|p2a: Chi-Yu|Heat Wave|p1b: Urshifu|[spread] p1a,p1b\n|-resisted|p1b: Urshifu\n|-damage|p1a: Murkrow|0 fnt\n|-damage|p1b: Urshifu|44\/100\n|faint|p1a: Murkrow\n|\n|-weather|SunnyDay|[upkeep]\n|-sideend|p1: abc11451419198|move: Tailwind\n|upkeep\n|\n|t:|1739763725\n|switch|p1a: Zacian|Zacian-Crowned, L50|100\/100\n|switch|p2b: Flutter Mane|Flutter Mane, L50|100\/100\n|-ability|p1a: Zacian|Intrepid Sword|boost\n|-boost|p1a: Zacian|atk|1\n|-activate|p2b: Flutter Mane|ability: Protosynthesis\n|-start|p2b: Flutter Mane|protosynthesisspa\n|turn|5\n|inactive|abc11451419198 has 30 seconds left.\n|\n|t:|1739763759\n|-terastallize|p1a: Zacian|Fairy\n|move|p2a: Chi-Yu|Heat Wave|p1b: Urshifu|[spread] p1a,p1b\n|-resisted|p1b: Urshifu\n|-damage|p1a: Zacian|21\/100\n|-damage|p1b: Urshifu|0 fnt\n|faint|p1b: Urshifu\n|move|p1a: Zacian|Behemoth Blade|p2b: Flutter Mane\n|-supereffective|p2b: Flutter Mane\n|-damage|p2b: Flutter Mane|0 fnt\n|faint|p2b: Flutter Mane\n|-end|p2b: Flutter Mane|Protosynthesis|[silent]\n|\n|-weather|none\n|upkeep\n|turn|6\n|\n|t:|1739763772\n|move|p2a: Chi-Yu|Heat Wave|p1a: Zacian|[miss]\n|-miss|p2a: Chi-Yu|p1a: Zacian\n|move|p1a: Zacian|Sacred Sword|p2a: Chi-Yu\n|-supereffective|p2a: Chi-Yu\n|-damage|p2a: Chi-Yu|0 fnt\n|faint|p2a: Chi-Yu\n|\n|win|abc11451419198\n|raw|abc11451419198's rating: 1527 &rarr; <strong>1554<\/strong><br \/>(+27 for winning)\n|raw|Kaicyios's rating: 1661 &rarr; <strong>1634<\/strong><br \/>(-27 for losing)\n|l|\u2606Kaicyios\n|player|p2|\n|l| God of restricted\n|l|\u2606abc11451419198\n|player|p1|\n","uploadtime":1739763920,"views":5,"formatid":"gen9vgc2025regg","rating":1554,"private":0,"password":null}