{"id":"gen9vgc2025regg-2302651295","format":"[Gen 9] VGC 2025 Reg G","players":["Yung Trav","zonavideovigilada"],"log":"|j|\u2606Yung Trav\n|j|\u2606zonavideovigilada\n|t:|1739822928\n|gametype|doubles\n|player|p1|Yung Trav|2|1794\n|player|p2|zonavideovigilada|102|1630\n|teamsize|p1|6\n|teamsize|p2|6\n|gen|9\n|tier|[Gen 9] VGC 2025 Reg G\n|rated|\n|rule|Species Clause: Limit one of each Pok\u00e9mon\n|rule|Item Clause: Limit 1 of each item\n|clearpoke\n|poke|p1|Calyrex-Ice, L50|\n|poke|p1|Regidrago, L50|\n|poke|p1|Smeargle, L50, M|\n|poke|p1|Farigiraf, L50, M|\n|poke|p1|Urshifu-*, L50, M|\n|poke|p1|Ogerpon-Cornerstone, L50, F|\n|poke|p2|Urshifu-*, L50, M|\n|poke|p2|Whimsicott, L50, M|\n|poke|p2|Miraidon, L50|\n|poke|p2|Iron Hands, L50|\n|poke|p2|Incineroar, L50, M|\n|poke|p2|Iron Leaves, L50|\n|teampreview|4\n|inactive|Battle timer is ON: inactive players will automatically lose when time's up. (requested by Yung Trav)\n|inactive|zonavideovigilada has 60 seconds left.\n|\n|t:|1739822965\n|start\n|switch|p1a: Calyrex|Calyrex-Ice, L50|100\/100\n|switch|p1b: Smeargle|Smeargle, L50, M, shiny|100\/100\n|switch|p2a: Miraidon|Miraidon, L50|100\/100\n|switch|p2b: Whimsicott|Whimsicott, L50, M|100\/100\n|-ability|p1a: Calyrex|As One\n|-ability|p1a: Calyrex|Unnerve\n|-fieldstart|move: Electric Terrain|[from] ability: Hadron Engine|[of] p2a: Miraidon\n|turn|1\n|inactive|Yung Trav has 30 seconds left.\n|\n|t:|1739822997\n|switch|p2b: Incineroar|Incineroar, L50, M|100\/100\n|-ability|p2b: Incineroar|Intimidate|boost\n|-fail|p1a: Calyrex|unboost|[from] item: Clear Amulet|[of] p1a: Calyrex\n|-fail|p1b: Smeargle|unboost|Attack|[from] ability: Own Tempo|[of] p1b: Smeargle\n|move|p1b: Smeargle|Fake Out|p2a: Miraidon\n|-damage|p2a: Miraidon|95\/100\n|cant|p2a: Miraidon|flinch\n|move|p1a: Calyrex|Trick Room|p1a: Calyrex\n|-fieldstart|move: Trick Room|[of] p1a: Calyrex\n|\n|upkeep\n|turn|2\n|j| kiabu233\n|inactive|Yung Trav has 30 seconds left.\n|inactive|zonavideovigilada has 30 seconds left.\n|\n|t:|1739823031\n|switch|p1b: Farigiraf|Farigiraf, L50, M, shiny|100\/100\n|switch|p2a: Iron Hands|Iron Hands, L50|100\/100\n|-enditem|p2a: Iron Hands|Electric Seed\n|-boost|p2a: Iron Hands|def|1|[from] item: Electric Seed\n|-activate|p2a: Iron Hands|ability: Quark Drive\n|-start|p2a: Iron Hands|quarkdriveatk\n|-terastallize|p1a: Calyrex|Water\n|move|p1a: Calyrex|Glacial Lance|p2b: Incineroar|[spread] p2a,p2b\n|-resisted|p2b: Incineroar\n|-damage|p2a: Iron Hands|72\/100\n|-damage|p2b: Incineroar|73\/100\n|move|p2b: Incineroar|Knock Off|p1a: Calyrex\n|-damage|p1a: Calyrex|75\/100\n|-enditem|p1a: Calyrex|Clear Amulet|[from] move: Knock Off|[of] p2b: Incineroar\n|\n|upkeep\n|turn|3\n|inactive|Yung Trav has 30 seconds left.\n|inactive|zonavideovigilada has 30 seconds left.\n|inactive|zonavideovigilada has 20 seconds left.\n|inactive|zonavideovigilada has 15 seconds left.\n|inactive|Yung Trav has 20 seconds left.\n|inactive|zonavideovigilada has 10 seconds left.\n|\n|t:|1739823079\n|-terastallize|p2a: Iron Hands|Fire\n|move|p2a: Iron Hands|Thunder Punch|p1a: Calyrex\n|-supereffective|p1a: Calyrex\n|-damage|p1a: Calyrex|0 fnt\n|faint|p1a: Calyrex\n|move|p1b: Farigiraf|Psychic Noise|p2a: Iron Hands\n|-damage|p2a: Iron Hands|52\/100\n|-start|p2a: Iron Hands|move: Heal Block\n|move|p2b: Incineroar|Parting Shot|p1b: Farigiraf\n|-unboost|p1b: Farigiraf|atk|1\n|-unboost|p1b: Farigiraf|spa|1\n|j| oblobbles\n|\n|t:|1739823092\n|switch|p2b: Whimsicott|Whimsicott, L50, M|100\/100|[from] Parting Shot\n|\n|upkeep\n|\n|t:|1739823098\n|switch|p1a: Regidrago|Regidrago, L50, shiny|100\/100\n|turn|4\n|inactive|Yung Trav has 30 seconds left.\n|\n|t:|1739823123\n|switch|p1b: Smeargle|Smeargle, L50, M, shiny|100\/100\n|move|p2b: Whimsicott|Light Screen|p2b: Whimsicott\n|-sidestart|p2: zonavideovigilada|move: Light Screen\n|move|p1a: Regidrago|Dragon Energy|p2a: Iron Hands|[spread] p2a\n|-immune|p2b: Whimsicott\n|-damage|p2a: Iron Hands|13\/100\n|move|p2a: Iron Hands|Thunder Punch|p1b: Smeargle\n|-enditem|p1b: Smeargle|Focus Sash\n|-damage|p1b: Smeargle|1\/100\n|\n|-end|p2a: Iron Hands|move: Heal Block\n|upkeep\n|turn|5\n|inactive|Yung Trav has 30 seconds left.\n|\n|t:|1739823150\n|move|p2a: Iron Hands|Detect|p2a: Iron Hands\n|-singleturn|p2a: Iron Hands|Protect\n|move|p1b: Smeargle|Fake Out|p2b: Whimsicott\n|-damage|p2b: Whimsicott|95\/100\n|move|p1a: Regidrago|Dragon Energy|p2b: Whimsicott|[spread] \n|-activate|p2a: Iron Hands|move: Protect\n|-immune|p2b: Whimsicott\n|move|p2b: Whimsicott|Moonblast|p1a: Regidrago\n|-supereffective|p1a: Regidrago\n|-damage|p1a: Regidrago|37\/100\n|\n|-fieldend|move: Trick Room\n|-fieldend|move: Electric Terrain\n|-end|p2a: Iron Hands|Quark Drive\n|upkeep\n|turn|6\n|inactive|Yung Trav has 30 seconds left.\n|\n|t:|1739823176\n|move|p1b: Smeargle|Follow Me|p1b: Smeargle\n|-singleturn|p1b: Smeargle|move: Follow Me\n|move|p2b: Whimsicott|Moonblast|p1b: Smeargle\n|-damage|p1b: Smeargle|0 fnt\n|faint|p1b: Smeargle\n|move|p2a: Iron Hands|Drain Punch|p1a: Regidrago\n|-damage|p1a: Regidrago|6\/100\n|-heal|p2a: Iron Hands|31\/100|[from] drain|[of] p1a: Regidrago\n|move|p1a: Regidrago|Draco Meteor|p2a: Iron Hands\n|-damage|p2a: Iron Hands|0 fnt\n|-unboost|p1a: Regidrago|spa|2\n|faint|p2a: Iron Hands\n|-end|p2a: Iron Hands|Quark Drive|[silent]\n|\n|upkeep\n|\n|t:|1739823191\n|switch|p1b: Farigiraf|Farigiraf, L50, M, shiny|100\/100\n|switch|p2a: Miraidon|Miraidon, L50|95\/100\n|-fieldstart|move: Electric Terrain|[from] ability: Hadron Engine|[of] p2a: Miraidon\n|turn|7\n|-message|Yung Trav forfeited.\n|\n|win|zonavideovigilada\n|raw|Yung Trav's rating: 1794 &rarr; <strong>1765<\/strong><br \/>(-29 for losing)\n|raw|zonavideovigilada's rating: 1630 &rarr; <strong>1659<\/strong><br \/>(+29 for winning)\n|l|\u2606Yung Trav\n|player|p1|\n|l| oblobbles\n|l|\u2606zonavideovigilada\n|player|p2|\n|l| kiabu233\n","uploadtime":1739823437,"views":17,"formatid":"gen9vgc2025regg","rating":1659,"private":0,"password":null}