{"id":"gen9vgc2025regg-2302317514","format":"[Gen 9] VGC 2025 Reg G","players":["aoiharada","Spottedwoot"],"log":"|j|\u2606aoiharada\n|j|\u2606Spottedwoot\n|t:|1739778672\n|gametype|doubles\n|player|p1|aoiharada|266|1653\n|player|p2|Spottedwoot|266|1576\n|teamsize|p1|6\n|teamsize|p2|6\n|gen|9\n|tier|[Gen 9] VGC 2025 Reg G\n|rated|\n|rule|Species Clause: Limit one of each Pok\u00e9mon\n|rule|Item Clause: Limit 1 of each item\n|clearpoke\n|poke|p1|Weezing-Galar, L50, F|\n|poke|p1|Calyrex-Shadow, L50|\n|poke|p1|Dondozo, L50, M|\n|poke|p1|Tatsugiri, L50, F|\n|poke|p1|Incineroar, L50, F|\n|poke|p1|Roaring Moon, L50|\n|poke|p2|Zamazenta-*, L50|\n|poke|p2|Chien-Pao, L50|\n|poke|p2|Entei, L50|\n|poke|p2|Raging Bolt, L50|\n|poke|p2|Rillaboom, L50, M|\n|poke|p2|Farigiraf, L50, M|\n|teampreview|4\n|j| Jasper2452\n|inactive|Battle timer is ON: inactive players will automatically lose when time's up. (requested by Spottedwoot)\n|inactive|aoiharada has 60 seconds left.\n|j| ngng\n|inactive|aoiharada has 30 seconds left.\n|\n|t:|1739778750\n|start\n|switch|p1a: Weezing|Weezing-Galar, L50, F|100\/100\n|switch|p1b: Incineroar|Incineroar, L50, F|100\/100\n|switch|p2a: Zamazenta|Zamazenta-Crowned, L50|100\/100\n|switch|p2b: Chien-Pao|Chien-Pao, L50|100\/100\n|-ability|p1a: Weezing|Neutralizing Gas\n|-block|p1b: Incineroar|item: Ability Shield\n|-ability|p1b: Incineroar|Intimidate|boost\n|-unboost|p2a: Zamazenta|atk|1\n|-unboost|p2b: Chien-Pao|atk|1\n|turn|1\n|\n|t:|1739778771\n|switch|p2b: Raging Bolt|Raging Bolt, L50|100\/100\n|switch|p1b: Dondozo|Dondozo, L50, M|100\/100\n|move|p2a: Zamazenta|Body Press|p1b: Dondozo\n|-damage|p1b: Dondozo|72\/100\n|move|p1a: Weezing|Toxic Spikes|p2a: Zamazenta\n|-sidestart|p2: Spottedwoot|move: Toxic Spikes\n|\n|-heal|p1b: Dondozo|78\/100|[from] item: Leftovers\n|upkeep\n|turn|2\n|\n|t:|1739778786\n|switch|p1b: Incineroar|Incineroar, L50, F|100\/100\n|-ability|p1b: Incineroar|Intimidate|boost\n|-unboost|p2a: Zamazenta|atk|1\n|-unboost|p2b: Raging Bolt|atk|1\n|-terastallize|p2b: Raging Bolt|Electric\n|move|p2a: Zamazenta|Heavy Slam|p1a: Weezing\n|-supereffective|p1a: Weezing\n|-damage|p1a: Weezing|54\/100\n|move|p2b: Raging Bolt|Thunderbolt|p1a: Weezing\n|-damage|p1a: Weezing|0 fnt\n|faint|p1a: Weezing\n|-end|p1a: Weezing|ability: Neutralizing Gas\n|-ability|p2a: Zamazenta|Dauntless Shield|boost\n|-boost|p2a: Zamazenta|def|1\n|-enditem|p2b: Raging Bolt|Booster Energy\n|-activate|p2b: Raging Bolt|ability: Protosynthesis|[fromitem]\n|-start|p2b: Raging Bolt|protosynthesisspa\n|\n|upkeep\n|\n|t:|1739778798\n|switch|p1a: Dondozo|Dondozo, L50, M|78\/100\n|turn|3\n|\n|t:|1739778805\n|-terastallize|p1b: Incineroar|Ghost\n|move|p2b: Raging Bolt|Protect|p2b: Raging Bolt\n|-singleturn|p2b: Raging Bolt|Protect\n|move|p2a: Zamazenta|Body Press|p1b: Incineroar\n|-immune|p1b: Incineroar\n|move|p1b: Incineroar|Will-O-Wisp|p2a: Zamazenta\n|-status|p2a: Zamazenta|brn\n|move|p1a: Dondozo|Substitute|p1a: Dondozo\n|-start|p1a: Dondozo|Substitute\n|-damage|p1a: Dondozo|53\/100\n|\n|-heal|p1a: Dondozo|60\/100|[from] item: Leftovers\n|-damage|p2a: Zamazenta|94\/100 brn|[from] brn\n|upkeep\n|turn|4\n|\n|t:|1739778822\n|switch|p2a: Rillaboom|Rillaboom, L50, M|100\/100\n|-status|p2a: Rillaboom|psn\n|-fieldstart|move: Grassy Terrain|[from] ability: Grassy Surge|[of] p2a: Rillaboom\n|move|p1a: Dondozo|Protect|p1a: Dondozo\n|-singleturn|p1a: Dondozo|Protect\n|move|p1b: Incineroar|Knock Off|p2b: Raging Bolt\n|-damage|p2b: Raging Bolt|79\/100\n|move|p2b: Raging Bolt|Thunderbolt|p1a: Dondozo\n|-activate|p1a: Dondozo|move: Protect\n|\n|-heal|p2b: Raging Bolt|85\/100|[from] Grassy Terrain\n|-heal|p1a: Dondozo|66\/100|[from] Grassy Terrain\n|-heal|p1a: Dondozo|72\/100|[from] item: Leftovers\n|-damage|p2a: Rillaboom|88\/100 psn|[from] psn\n|upkeep\n|turn|5\n|j| falcon108\n|\n|t:|1739778839\n|move|p1b: Incineroar|Will-O-Wisp||[still]\n|-fail|p1b: Incineroar\n|move|p2a: Rillaboom|Wood Hammer|p1a: Dondozo\n|-supereffective|p1a: Dondozo\n|-end|p1a: Dondozo|Substitute\n|-damage|p2a: Rillaboom|78\/100 psn|[from] Recoil|[of] p1a: Dondozo\n|move|p2b: Raging Bolt|Thunderbolt|p1a: Dondozo\n|-supereffective|p1a: Dondozo\n|-damage|p1a: Dondozo|0 fnt\n|faint|p1a: Dondozo\n|\n|-heal|p2a: Rillaboom|84\/100 psn|[from] Grassy Terrain\n|-heal|p2b: Raging Bolt|91\/100|[from] Grassy Terrain\n|-damage|p2a: Rillaboom|72\/100 psn|[from] psn\n|upkeep\n|-message|aoiharada forfeited.\n|\n|win|Spottedwoot\n|raw|aoiharada's rating: 1653 &rarr; <strong>1629<\/strong><br \/>(-24 for losing)\n|raw|Spottedwoot's rating: 1576 &rarr; <strong>1600<\/strong><br \/>(+24 for winning)\n|l|\u2606aoiharada\n|player|p1|\n","uploadtime":1739778851,"views":69,"formatid":"gen9vgc2025regg","rating":1600,"private":0,"password":null}