{"id":"gen9vgc2025regg-2302184210","format":"[Gen 9] VGC 2025 Reg G","players":["Bougie Oatmeal","jecheonjo"],"log":"|j|\u2606Bougie Oatmeal\n|j|\u2606jecheonjo\n|t:|1739757259\n|gametype|doubles\n|player|p1|Bougie Oatmeal|rowan|1658\n|player|p2|jecheonjo|steven|1667\n|teamsize|p1|6\n|teamsize|p2|6\n|gen|9\n|tier|[Gen 9] VGC 2025 Reg G\n|rated|\n|rule|Species Clause: Limit one of each Pok\u00e9mon\n|rule|Item Clause: Limit 1 of each item\n|clearpoke\n|poke|p1|Calyrex-Shadow, L50|\n|poke|p1|Indeedee-F, L50, F|\n|poke|p1|Ogerpon-Hearthflame, L50, F|\n|poke|p1|Iron Jugulis, L50|\n|poke|p1|Iron Hands, L50|\n|poke|p1|Urshifu-*, L50, M|\n|poke|p2|Calyrex-Ice, L50|\n|poke|p2|Ogerpon-Cornerstone, L50, F|\n|poke|p2|Pelipper, L50, M|\n|poke|p2|Raging Bolt, L50|\n|poke|p2|Landorus, L50, M|\n|poke|p2|Urshifu-*, L50, M|\n|teampreview|4\n|inactive|Battle timer is ON: inactive players will automatically lose when time's up. (requested by Bougie Oatmeal)\n|inactive|Bougie Oatmeal has 60 seconds left.\n|inactive|jecheonjo has 60 seconds left.\n|\n|t:|1739757308\n|start\n|switch|p1a: Cindy|Indeedee-F, L50, F|100\/100\n|switch|p1b: Hallothreen|Iron Jugulis, L50|100\/100\n|switch|p2a: Calyrex|Calyrex-Ice, L50|100\/100\n|switch|p2b: Landorus|Landorus, L50, M|100\/100\n|-ability|p2a: Calyrex|As One\n|-ability|p2a: Calyrex|Unnerve\n|-fieldstart|move: Psychic Terrain|[from] ability: Psychic Surge|[of] p1a: Cindy\n|-enditem|p1a: Cindy|Psychic Seed\n|-boost|p1a: Cindy|spd|1|[from] item: Psychic Seed\n|-enditem|p1b: Hallothreen|Booster Energy\n|-activate|p1b: Hallothreen|ability: Quark Drive|[fromitem]\n|-start|p1b: Hallothreen|quarkdrivespe\n|turn|1\n|\n|t:|1739757328\n|move|p1b: Hallothreen|Snarl|p2b: Landorus|[spread] p2b\n|-miss|p1b: Hallothreen|p2a: Calyrex\n|-damage|p2b: Landorus|80\/100\n|-unboost|p2b: Landorus|spa|1\n|move|p2b: Landorus|U-turn|p1a: Cindy\n|-supereffective|p1a: Cindy\n|-damage|p1a: Cindy|67\/100\n|\n|t:|1739757336\n|switch|p2b: Urshifu|Urshifu-Rapid-Strike, L50, M|100\/100|[from] U-turn\n|move|p1a: Cindy|Imprison|p1a: Cindy\n|-start|p1a: Cindy|move: Imprison\n|move|p2a: Calyrex|Glacial Lance|p1b: Hallothreen|[spread] p1a,p1b\n|-supereffective|p1b: Hallothreen\n|-damage|p1a: Cindy|5\/100\n|-damage|p1b: Hallothreen|0 fnt\n|faint|p1b: Hallothreen\n|-end|p1b: Hallothreen|Quark Drive|[silent]\n|-ability|p2a: Calyrex|Chilling Neigh|boost\n|-boost|p2a: Calyrex|atk|1\n|\n|upkeep\n|\n|t:|1739757339\n|switch|p1b: Zoroastre|Calyrex-Shadow, L50|100\/100\n|-ability|p1b: Zoroastre|As One\n|-ability|p1b: Zoroastre|Unnerve\n|turn|2\n|inactive|jecheonjo has 30 seconds left.\n|inactive|jecheonjo has 20 seconds left.\n|inactive|jecheonjo has 15 seconds left.\n|\n|t:|1739757379\n|move|p1a: Cindy|Follow Me|p1a: Cindy\n|-singleturn|p1a: Cindy|move: Follow Me\n|move|p1b: Zoroastre|Expanding Force|p2b: Urshifu|[spread] p2a,p2b\n|-resisted|p2a: Calyrex\n|-supereffective|p2b: Urshifu\n|-damage|p2a: Calyrex|78\/100\n|-enditem|p2b: Urshifu|Focus Sash\n|-damage|p2b: Urshifu|1\/100\n|move|p2b: Urshifu|Surging Strikes|p1a: Cindy\n|-crit|p1a: Cindy\n|-damage|p1a: Cindy|0 fnt\n|faint|p1a: Cindy\n|-hitcount|p1: Cindy|1\n|move|p2a: Calyrex|Glacial Lance|p1b: Zoroastre\n|-enditem|p1b: Zoroastre|Focus Sash\n|-damage|p1b: Zoroastre|1\/100\n|\n|upkeep\n|\n|t:|1739757384\n|switch|p1a: Proshokza|Iron Hands, L50|100\/100\n|turn|3\n|\n|t:|1739757399\n|-terastallize|p1b: Zoroastre|Ghost\n|move|p2a: Calyrex|Protect|p2a: Calyrex\n|-singleturn|p2a: Calyrex|Protect\n|move|p1b: Zoroastre|Astral Barrage|p2b: Urshifu|[spread] p2b\n|-activate|p2a: Calyrex|move: Protect\n|-damage|p2b: Urshifu|0 fnt\n|faint|p2b: Urshifu\n|-ability|p1b: Zoroastre|Grim Neigh|boost\n|-boost|p1b: Zoroastre|spa|1\n|move|p1a: Proshokza|Wild Charge|p2a: Calyrex\n|-activate|p2a: Calyrex|move: Protect\n|\n|upkeep\n|\n|t:|1739757404\n|switch|p2b: Landorus|Landorus, L50, M|80\/100\n|turn|4\n|\n|t:|1739757425\n|move|p2b: Landorus|Earth Power|p1b: Zoroastre\n|-damage|p1b: Zoroastre|0 fnt\n|faint|p1b: Zoroastre\n|move|p1a: Proshokza|Wild Charge|p2a: Calyrex\n|-damage|p2a: Calyrex|48\/100\n|-damage|p1a: Proshokza|94\/100|[from] Recoil\n|move|p2a: Calyrex|High Horsepower|p1a: Proshokza\n|-supereffective|p1a: Proshokza\n|-damage|p1a: Proshokza|21\/100\n|\n|upkeep\n|turn|5\n|-message|Bougie Oatmeal forfeited.\n|\n|win|jecheonjo\n|raw|Bougie Oatmeal's rating: 1658 &rarr; <strong>1639<\/strong><br \/>(-19 for losing)\n|raw|jecheonjo's rating: 1667 &rarr; <strong>1686<\/strong><br \/>(+19 for winning)\n|l|\u2606Bougie Oatmeal\n|player|p1|\n|l|\u2606jecheonjo\n|player|p2|\n","uploadtime":1739757661,"views":8,"formatid":"gen9vgc2025regg","rating":1639,"private":0,"password":null}