{"id":"gen9vgc2025regg-2302302049","format":"[Gen 9] VGC 2025 Reg G","players":["Spottedwoot","GreaterBalrogCat"],"log":"|j|\u2606Spottedwoot\n|j|\u2606GreaterBalrogCat\n|t:|1739775561\n|gametype|doubles\n|player|p1|Spottedwoot|266|1592\n|player|p2|GreaterBalrogCat|sabrina|1559\n|teamsize|p1|6\n|teamsize|p2|6\n|gen|9\n|tier|[Gen 9] VGC 2025 Reg G\n|rated|\n|rule|Species Clause: Limit one of each Pok\u00e9mon\n|rule|Item Clause: Limit 1 of each item\n|clearpoke\n|poke|p1|Zamazenta-*, L50|\n|poke|p1|Chien-Pao, L50|\n|poke|p1|Entei, L50|\n|poke|p1|Raging Bolt, L50|\n|poke|p1|Rillaboom, L50, M|\n|poke|p1|Farigiraf, L50, M|\n|poke|p2|Calyrex-Shadow, L50|\n|poke|p2|Smeargle, L50, F|\n|poke|p2|Tornadus, L50, M|\n|poke|p2|Incineroar, L50, M|\n|poke|p2|Iron Bundle, L50|\n|poke|p2|Rillaboom, L50, M|\n|teampreview|4\n|j| duffmcwhaling\n|inactive|Battle timer is ON: inactive players will automatically lose when time's up. (requested by Spottedwoot)\n|inactive|GreaterBalrogCat has 60 seconds left.\n|\n|t:|1739775636\n|start\n|switch|p1a: Zamazenta|Zamazenta-Crowned, L50|100\/100\n|switch|p1b: Chien-Pao|Chien-Pao, L50|100\/100\n|switch|p2a: Tornadus|Tornadus, L50, M|100\/100\n|switch|p2b: Rillaboom|Rillaboom, L50, M|100\/100\n|-ability|p1b: Chien-Pao|Sword of Ruin\n|-ability|p1a: Zamazenta|Dauntless Shield|boost\n|-boost|p1a: Zamazenta|def|1\n|-fieldstart|move: Grassy Terrain|[from] ability: Grassy Surge|[of] p2b: Rillaboom\n|turn|1\n|\n|t:|1739775655\n|move|p1b: Chien-Pao|Protect|p1b: Chien-Pao\n|-singleturn|p1b: Chien-Pao|Protect\n|move|p2b: Rillaboom|Fake Out|p1a: Zamazenta\n|-resisted|p1a: Zamazenta\n|-damage|p1a: Zamazenta|96\/100\n|move|p2a: Tornadus|Tailwind|p2a: Tornadus\n|-sidestart|p2: GreaterBalrogCat|move: Tailwind\n|cant|p1a: Zamazenta|flinch\n|\n|-heal|p1a: Zamazenta|100\/100|[from] Grassy Terrain\n|upkeep\n|turn|2\n|j| falcon108\n|\n|t:|1739775675\n|move|p2a: Tornadus|Bleakwind Storm|p1b: Chien-Pao|[spread] p1a,p1b\n|-crit|p1a: Zamazenta\n|-damage|p1a: Zamazenta|54\/100\n|-damage|p1b: Chien-Pao|33\/100\n|-unboost|p1a: Zamazenta|spe|1\n|move|p2b: Rillaboom|High Horsepower|p1b: Chien-Pao\n|-damage|p1b: Chien-Pao|0 fnt\n|faint|p1b: Chien-Pao\n|move|p1a: Zamazenta|Iron Defense|p1a: Zamazenta\n|-boost|p1a: Zamazenta|def|2\n|\n|-heal|p1a: Zamazenta|61\/100|[from] Grassy Terrain\n|upkeep\n|\n|t:|1739775684\n|switch|p1b: Raging Bolt|Raging Bolt, L50|100\/100\n|-enditem|p1b: Raging Bolt|Booster Energy\n|-activate|p1b: Raging Bolt|ability: Protosynthesis|[fromitem]\n|-start|p1b: Raging Bolt|protosynthesisspa\n|turn|3\n|\n|t:|1739775699\n|move|p2a: Tornadus|Taunt|p1a: Zamazenta\n|-start|p1a: Zamazenta|move: Taunt\n|move|p1b: Raging Bolt|Thunderclap||[still]\n|-fail|p1b: Raging Bolt\n|move|p2b: Rillaboom|High Horsepower|p1b: Raging Bolt\n|-supereffective|p1b: Raging Bolt\n|-damage|p1b: Raging Bolt|44\/100\n|move|p1a: Zamazenta|Body Press|p2b: Rillaboom\n|-damage|p2b: Rillaboom|0 fnt\n|faint|p2b: Rillaboom\n|\n|-heal|p1a: Zamazenta|67\/100|[from] Grassy Terrain\n|-heal|p1b: Raging Bolt|50\/100|[from] Grassy Terrain\n|upkeep\n|\n|t:|1739775714\n|switch|p2b: Smeargle|Smeargle, L50, F|100\/100\n|turn|4\n|\n|t:|1739775726\n|switch|p2a: Calyrex|Calyrex-Shadow, L50|100\/100\n|-ability|p2a: Calyrex|As One\n|-ability|p2a: Calyrex|Unnerve\n|move|p2b: Smeargle|Spore|p1b: Raging Bolt\n|-status|p1b: Raging Bolt|slp|[from] move: Spore\n|move|p1a: Zamazenta|Body Press|p2b: Smeargle\n|-supereffective|p2b: Smeargle\n|-enditem|p2b: Smeargle|Focus Sash\n|-damage|p2b: Smeargle|1\/100\n|cant|p1b: Raging Bolt|slp\n|\n|-heal|p2b: Smeargle|7\/100|[from] Grassy Terrain\n|-heal|p1a: Zamazenta|73\/100|[from] Grassy Terrain\n|-heal|p1b: Raging Bolt|56\/100 slp|[from] Grassy Terrain\n|-sideend|p2: GreaterBalrogCat|move: Tailwind\n|-ability|p2b: Smeargle|Moody|boost\n|-boost|p2b: Smeargle|spe|2\n|-unboost|p2b: Smeargle|def|1\n|upkeep\n|turn|5\n|inactive|Spottedwoot has 30 seconds left.\n|inactive|GreaterBalrogCat has 30 seconds left.\n|\n|t:|1739775755\n|move|p2b: Smeargle|Spore|p1a: Zamazenta\n|-status|p1a: Zamazenta|slp|[from] move: Spore\n|move|p2a: Calyrex|Astral Barrage|p1a: Zamazenta|[spread] p1a,p1b\n|-crit|p1b: Raging Bolt\n|-damage|p1a: Zamazenta|29\/100 slp\n|-damage|p1b: Raging Bolt|0 fnt\n|faint|p1b: Raging Bolt\n|-end|p1b: Raging Bolt|Protosynthesis|[silent]\n|-ability|p2a: Calyrex|Grim Neigh|boost\n|-boost|p2a: Calyrex|spa|1\n|cant|p1a: Zamazenta|slp\n|\n|-heal|p2b: Smeargle|13\/100|[from] Grassy Terrain\n|-heal|p1a: Zamazenta|35\/100 slp|[from] Grassy Terrain\n|-end|p1a: Zamazenta|move: Taunt\n|-fieldend|move: Grassy Terrain\n|-ability|p2b: Smeargle|Moody|boost\n|-boost|p2b: Smeargle|spd|2\n|-unboost|p2b: Smeargle|spe|1\n|upkeep\n|\n|t:|1739775761\n|switch|p1b: Entei|Entei, L50|100\/100\n|turn|6\n|inactive|GreaterBalrogCat has 30 seconds left.\n|inactive|GreaterBalrogCat has 20 seconds left.\n|\n|t:|1739775796\n|-terastallize|p1b: Entei|Normal\n|cant|p1a: Zamazenta|slp\n|move|p1b: Entei|Extreme Speed|p2b: Smeargle\n|-damage|p2b: Smeargle|0 fnt\n|faint|p2b: Smeargle\n|-damage|p1b: Entei|91\/100|[from] item: Life Orb\n|move|p2a: Calyrex|Pollen Puff|p1a: Zamazenta\n|-resisted|p1a: Zamazenta\n|-damage|p1a: Zamazenta|24\/100 slp\n|\n|upkeep\n|\n|t:|1739775810\n|switch|p2b: Tornadus|Tornadus, L50, M|100\/100\n|turn|7\n|\n|t:|1739775821\n|cant|p1a: Zamazenta|slp\n|move|p2b: Tornadus|Taunt|p1a: Zamazenta\n|-start|p1a: Zamazenta|move: Taunt\n|move|p2a: Calyrex|Pollen Puff|p1b: Entei\n|-damage|p1b: Entei|25\/100\n|move|p1b: Entei|Crunch|p2a: Calyrex\n|-supereffective|p2a: Calyrex\n|-damage|p2a: Calyrex|0 fnt\n|faint|p2a: Calyrex\n|-damage|p1b: Entei|15\/100|[from] item: Life Orb\n|\n|upkeep\n|turn|8\n|\n|t:|1739775845\n|move|p1b: Entei|Extreme Speed|p2b: Tornadus\n|-damage|p2b: Tornadus|33\/100\n|-damage|p1b: Entei|5\/100|[from] item: Life Orb\n|move|p2b: Tornadus|Bleakwind Storm|p1a: Zamazenta|[spread] p1b\n|-miss|p2b: Tornadus|p1a: Zamazenta\n|-damage|p1b: Entei|0 fnt\n|faint|p1b: Entei\n|-curestatus|p1a: Zamazenta|slp|[msg]\n|move|p1a: Zamazenta|Body Press|p2b: Tornadus\n|-resisted|p2b: Tornadus\n|-damage|p2b: Tornadus|0 fnt\n|faint|p2b: Tornadus\n|\n|win|Spottedwoot\n|raw|Spottedwoot's rating: 1592 &rarr; <strong>1610<\/strong><br \/>(+18 for winning)\n|raw|GreaterBalrogCat's rating: 1559 &rarr; <strong>1541<\/strong><br \/>(-18 for losing)\n","uploadtime":1739775850,"views":68,"formatid":"gen9vgc2025regg","rating":1541,"private":0,"password":null}