{"id":"gen9vgc2025regg-2302125694","format":"[Gen 9] VGC 2025 Reg G","players":["Kaicyios","cobalt_poke"],"log":"|j|\u2606Kaicyios\n|j|\u2606cobalt_poke\n|t:|1739749778\n|gametype|doubles\n|player|p1|Kaicyios|giovanni|1663\n|player|p2|cobalt_poke|265|1619\n|teamsize|p1|6\n|teamsize|p2|6\n|gen|9\n|tier|[Gen 9] VGC 2025 Reg G\n|rated|\n|rule|Species Clause: Limit one of each Pok\u00e9mon\n|rule|Item Clause: Limit 1 of each item\n|clearpoke\n|poke|p1|Groudon, L50|\n|poke|p1|Tornadus, L50, M|\n|poke|p1|Flutter Mane, L50|\n|poke|p1|Chi-Yu, L50|\n|poke|p1|Raging Bolt, L50|\n|poke|p1|Ditto, L50|\n|poke|p2|Weezing-Galar, L50, M|\n|poke|p2|Calyrex-Shadow, L50|\n|poke|p2|Dondozo, L50, F|\n|poke|p2|Tatsugiri, L50, F|\n|poke|p2|Incineroar, L50, M|\n|poke|p2|Roaring Moon, L50|\n|teampreview|4\n|inactive|Battle timer is ON: inactive players will automatically lose when time's up. (requested by cobalt_poke)\n|\n|t:|1739749830\n|start\n|switch|p1a: Chi-Yu|Chi-Yu, L50|100\/100\n|switch|p1b: Tornadus|Tornadus, L50, M|100\/100\n|switch|p2a: Weezing|Weezing-Galar, L50, M|100\/100\n|switch|p2b: Roaring Moon|Roaring Moon, L50|100\/100\n|-ability|p2a: Weezing|Neutralizing Gas\n|turn|1\n|\n|t:|1739749855\n|move|p1a: Chi-Yu|Psychic|p2a: Weezing\n|-supereffective|p2a: Weezing\n|-damage|p2a: Weezing|37\/100\n|-enditem|p2a: Weezing|Sitrus Berry|[eat]\n|-heal|p2a: Weezing|62\/100|[from] item: Sitrus Berry\n|move|p1b: Tornadus|Bleakwind Storm|p2b: Roaring Moon|[spread] p2a,p2b\n|-damage|p2a: Weezing|27\/100\n|-damage|p2b: Roaring Moon|78\/100\n|-unboost|p2b: Roaring Moon|spe|1\n|move|p2b: Roaring Moon|Knock Off|p1b: Tornadus\n|-damage|p1b: Tornadus|5\/100\n|-enditem|p1b: Tornadus|Focus Sash|[from] move: Knock Off|[of] p2b: Roaring Moon\n|move|p2a: Weezing|Toxic Spikes|p1b: Tornadus\n|-sidestart|p1: Kaicyios|move: Toxic Spikes\n|\n|upkeep\n|turn|2\n|inactive|Kaicyios has 30 seconds left.\n|\n|t:|1739749881\n|move|p2a: Weezing|Protect|p2a: Weezing\n|-singleturn|p2a: Weezing|Protect\n|move|p1a: Chi-Yu|Psychic|p2a: Weezing\n|-activate|p2a: Weezing|move: Protect\n|move|p1b: Tornadus|Tailwind|p1b: Tornadus\n|-sidestart|p1: Kaicyios|move: Tailwind\n|move|p2b: Roaring Moon|Earthquake|p1b: Tornadus|[spread] p1a\n|-activate|p2a: Weezing|move: Protect\n|-immune|p1b: Tornadus\n|-supereffective|p1a: Chi-Yu\n|-damage|p1a: Chi-Yu|7\/100\n|\n|upkeep\n|turn|3\n|\n|t:|1739749895\n|move|p1a: Chi-Yu|Psychic|p2a: Weezing\n|-supereffective|p2a: Weezing\n|-damage|p2a: Weezing|0 fnt\n|faint|p2a: Weezing\n|-end|p2a: Weezing|ability: Neutralizing Gas\n|-ability|p1a: Chi-Yu|Beads of Ruin\n|move|p1b: Tornadus|Bleakwind Storm|p2b: Roaring Moon\n|-damage|p2b: Roaring Moon|34\/100\n|move|p2b: Roaring Moon|Snarl|p1b: Tornadus|[spread] p1a,p1b\n|-resisted|p1a: Chi-Yu\n|-damage|p1a: Chi-Yu|3\/100\n|-damage|p1b: Tornadus|0 fnt\n|-unboost|p1a: Chi-Yu|spa|1\n|faint|p1b: Tornadus\n|\n|upkeep\n|inactive|Kaicyios has 30 seconds left.\n|\n|t:|1739749920\n|switch|p1b: Raging Bolt|Raging Bolt, L50|100\/100\n|switch|p2a: Dondozo|Dondozo, L50, F|100\/100\n|-status|p1b: Raging Bolt|psn\n|turn|4\n|\n|t:|1739749934\n|-terastallize|p1b: Raging Bolt|Electric\n|move|p2a: Dondozo|Protect|p2a: Dondozo\n|-singleturn|p2a: Dondozo|Protect\n|move|p1a: Chi-Yu|Psychic|p2a: Dondozo\n|-activate|p2a: Dondozo|move: Protect\n|move|p1b: Raging Bolt|Discharge|p2b: Roaring Moon|[spread] p1a,p2b\n|-activate|p2a: Dondozo|move: Protect\n|-resisted|p2b: Roaring Moon\n|-damage|p1a: Chi-Yu|0 fnt\n|-damage|p2b: Roaring Moon|9\/100\n|-status|p2b: Roaring Moon|par\n|faint|p1a: Chi-Yu\n|-damage|p1b: Raging Bolt|91\/100 psn|[from] item: Life Orb\n|cant|p2b: Roaring Moon|par\n|\n|-damage|p1b: Raging Bolt|78\/100 psn|[from] psn\n|upkeep\n|\n|t:|1739749940\n|switch|p1a: Ditto|Ditto, L50|100\/100\n|-status|p1a: Ditto|psn\n|-transform|p1a: Ditto|p2b: Roaring Moon|[from] ability: Imposter\n|turn|5\n|\n|t:|1739749959\n|-end|p2b: Roaring Moon|Protosynthesis|[silent]\n|switch|p2b: Tatsugiri|Tatsugiri, L50, F|100\/100\n|-activate|p2b: Tatsugiri|ability: Commander|[of] p2a: Dondozo\n|-boost|p2a: Dondozo|atk|2\n|-boost|p2a: Dondozo|spa|2\n|-boost|p2a: Dondozo|spe|2\n|-boost|p2a: Dondozo|def|2\n|-boost|p2a: Dondozo|spd|2\n|-terastallize|p2a: Dondozo|Grass\n|move|p1a: Ditto|Knock Off|p2a: Dondozo\n|-damage|p2a: Dondozo|81\/100\n|-enditem|p2a: Dondozo|Leftovers|[from] move: Knock Off|[of] p1a: Ditto\n|move|p1b: Raging Bolt|Thunderbolt|p2a: Dondozo\n|-resisted|p2a: Dondozo\n|-damage|p2a: Dondozo|55\/100\n|-damage|p1b: Raging Bolt|68\/100 psn|[from] item: Life Orb\n|move|p2a: Dondozo|Earthquake|p1a: Ditto|[spread] p1a,p1b\n|-miss|p2a: Dondozo|p2b: Tatsugiri\n|-supereffective|p1b: Raging Bolt\n|-damage|p1a: Ditto|31\/100 psn\n|-damage|p1b: Raging Bolt|0 fnt\n|faint|p1b: Raging Bolt\n|-end|p1b: Raging Bolt|Protosynthesis|[silent]\n|\n|-damage|p1a: Ditto|19\/100 psn|[from] psn\n|-sideend|p1: Kaicyios|move: Tailwind\n|upkeep\n|turn|6\n|inactive|Kaicyios has 30 seconds left.\n|inactive|Kaicyios has 20 seconds left.\n|inactive|Kaicyios has 15 seconds left.\n|inactive|Kaicyios has 10 seconds left.\n|-message|Kaicyios forfeited.\n|\n|win|cobalt_poke\n|raw|Kaicyios's rating: 1663 &rarr; <strong>1640<\/strong><br \/>(-23 for losing)\n|raw|cobalt_poke's rating: 1619 &rarr; <strong>1642<\/strong><br \/>(+23 for winning)\n|l|\u2606Kaicyios\n|player|p1|\n|l|\u2606cobalt_poke\n|player|p2|\n","uploadtime":1739750250,"views":16,"formatid":"gen9vgc2025regg","rating":1640,"private":0,"password":null}