{"id":"gen9vgc2025regg-2302552697","format":"[Gen 9] VGC 2025 Reg G","players":["cela9","zonavideovigilada"],"log":"|j|\u2606cela9\n|j|\u2606zonavideovigilada\n|t:|1739812586\n|gametype|doubles\n|player|p1|cela9|265|1540\n|player|p2|zonavideovigilada|265|1698\n|teamsize|p1|6\n|teamsize|p2|6\n|gen|9\n|tier|[Gen 9] VGC 2025 Reg G\n|rated|\n|rule|Species Clause: Limit one of each Pok\u00e9mon\n|rule|Item Clause: Limit 1 of each item\n|clearpoke\n|poke|p1|Calyrex-Shadow, L50|\n|poke|p1|Mienshao, L50, F|\n|poke|p1|Rillaboom, L50, M|\n|poke|p1|Chi-Yu, L50|\n|poke|p1|Flutter Mane, L50|\n|poke|p1|Suicune, L50|\n|poke|p2|Urshifu-*, L50, M|\n|poke|p2|Whimsicott, L50, M|\n|poke|p2|Miraidon, L50|\n|poke|p2|Iron Hands, L50|\n|poke|p2|Incineroar, L50, M|\n|poke|p2|Iron Leaves, L50|\n|teampreview|4\n|inactive|Battle timer is ON: inactive players will automatically lose when time's up. (requested by zonavideovigilada)\n|j| Filefate\n|\n|t:|1739812618\n|start\n|switch|p1a: Chi-Yu|Chi-Yu, L50|100\/100\n|switch|p1b: Flutter Mane|Flutter Mane, L50|100\/100\n|switch|p2a: Whimsicott|Whimsicott, L50, M|100\/100\n|switch|p2b: Iron Leaves|Iron Leaves, L50|100\/100\n|-ability|p1a: Chi-Yu|Beads of Ruin\n|-enditem|p1b: Flutter Mane|Booster Energy\n|-activate|p1b: Flutter Mane|ability: Protosynthesis|[fromitem]\n|-start|p1b: Flutter Mane|protosynthesisspe\n|turn|1\n|inactive|zonavideovigilada has 30 seconds left.\n|inactive|zonavideovigilada has 20 seconds left.\n|inactive|zonavideovigilada has 15 seconds left.\n|inactive|zonavideovigilada has 10 seconds left.\n|\n|t:|1739812667\n|-terastallize|p2a: Whimsicott|Ghost\n|move|p2b: Iron Leaves|Protect|p2b: Iron Leaves\n|-singleturn|p2b: Iron Leaves|Protect\n|move|p2a: Whimsicott|Light Screen|p2a: Whimsicott\n|-sidestart|p2: zonavideovigilada|move: Light Screen\n|move|p1b: Flutter Mane|Icy Wind|p2b: Iron Leaves|[spread] \n|-activate|p2b: Iron Leaves|move: Protect\n|-miss|p1b: Flutter Mane|p2a: Whimsicott\n|move|p1a: Chi-Yu|Heat Wave|p2a: Whimsicott|[spread] p2a\n|-activate|p2b: Iron Leaves|move: Protect\n|-damage|p2a: Whimsicott|59\/100\n|\n|upkeep\n|turn|2\n|\n|t:|1739812684\n|move|p2a: Whimsicott|Tailwind|p2a: Whimsicott\n|-sidestart|p2: zonavideovigilada|move: Tailwind\n|move|p2b: Iron Leaves|Leaf Blade|p1b: Flutter Mane\n|-damage|p1b: Flutter Mane|11\/100\n|-damage|p2b: Iron Leaves|91\/100|[from] item: Life Orb\n|move|p1b: Flutter Mane|Icy Wind|p2b: Iron Leaves|[spread] p2a,p2b\n|-supereffective|p2b: Iron Leaves\n|-damage|p2a: Whimsicott|45\/100\n|-damage|p2b: Iron Leaves|71\/100\n|-unboost|p2b: Iron Leaves|spe|1\n|move|p1a: Chi-Yu|Heat Wave|p2b: Iron Leaves|[spread] p2a\n|-miss|p1a: Chi-Yu|p2b: Iron Leaves\n|-damage|p2a: Whimsicott|3\/100\n|\n|upkeep\n|turn|3\n|inactive|cela9 has 30 seconds left.\n|inactive|zonavideovigilada has 30 seconds left.\n|inactive|zonavideovigilada has 20 seconds left.\n|inactive|zonavideovigilada has 15 seconds left.\n|inactive|zonavideovigilada has 10 seconds left.\n|inactive|zonavideovigilada has 5 seconds left.\n|\n|t:|1739812736\n|move|p2b: Iron Leaves|Protect|p2b: Iron Leaves\n|-singleturn|p2b: Iron Leaves|Protect\n|move|p2a: Whimsicott|Moonblast|p1a: Chi-Yu\n|-damage|p1a: Chi-Yu|73\/100\n|move|p1b: Flutter Mane|Icy Wind|p2b: Iron Leaves|[spread] p2a\n|-activate|p2b: Iron Leaves|move: Protect\n|-damage|p2a: Whimsicott|0 fnt\n|faint|p2a: Whimsicott\n|move|p1a: Chi-Yu|Heat Wave|p2b: Iron Leaves\n|-activate|p2b: Iron Leaves|move: Protect\n|\n|upkeep\n|\n|t:|1739812738\n|switch|p2a: Urshifu|Urshifu-Rapid-Strike, L50, M|100\/100\n|turn|4\n|inactive|zonavideovigilada has 30 seconds left.\n|\n|t:|1739812767\n|switch|p1a: Rillaboom|Rillaboom, L50, M|100\/100\n|-fieldstart|move: Grassy Terrain|[from] ability: Grassy Surge|[of] p1a: Rillaboom\n|-end|p2b: Iron Leaves|Quark Drive|[silent]\n|switch|p2b: Miraidon|Miraidon, L50|100\/100\n|-fieldstart|move: Electric Terrain|[from] ability: Hadron Engine|[of] p2b: Miraidon\n|move|p2a: Urshifu|Surging Strikes|p1b: Flutter Mane\n|-crit|p1b: Flutter Mane\n|-damage|p1b: Flutter Mane|0 fnt\n|faint|p1b: Flutter Mane\n|-end|p1b: Flutter Mane|Protosynthesis|[silent]\n|-hitcount|p1: Flutter Mane|1\n|\n|upkeep\n|\n|t:|1739812791\n|switch|p1b: Calyrex|Calyrex-Shadow, L50|100\/100\n|-ability|p1b: Calyrex|As One\n|-ability|p1b: Calyrex|Unnerve\n|turn|5\n|\n|t:|1739812804\n|-terastallize|p1b: Calyrex|Fairy\n|move|p1a: Rillaboom|Fake Out|p2a: Urshifu\n|-crit|p2a: Urshifu\n|-damage|p2a: Urshifu|78\/100\n|move|p2b: Miraidon|Electro Drift|p1b: Calyrex\n|-damage|p1b: Calyrex|0 fnt\n|faint|p1b: Calyrex\n|cant|p2a: Urshifu|flinch\n|\n|-sideend|p2: zonavideovigilada|move: Light Screen\n|-sideend|p2: zonavideovigilada|move: Tailwind\n|upkeep\n|\n|t:|1739812812\n|switch|p1b: Chi-Yu|Chi-Yu, L50|73\/100\n|-ability|p1b: Chi-Yu|Beads of Ruin\n|turn|6\n|\n|t:|1739812820\n|move|p1b: Chi-Yu|Snarl|p2a: Urshifu|[spread] p2a,p2b\n|-resisted|p2a: Urshifu\n|-damage|p2a: Urshifu|58\/100\n|-damage|p2b: Miraidon|76\/100\n|-unboost|p2a: Urshifu|spa|1\n|-unboost|p2b: Miraidon|spa|1\n|move|p2b: Miraidon|Electro Drift|p1b: Chi-Yu\n|-damage|p1b: Chi-Yu|0 fnt\n|faint|p1b: Chi-Yu\n|move|p2a: Urshifu|Surging Strikes|p1a: Rillaboom\n|-resisted|p1a: Rillaboom\n|-crit|p1a: Rillaboom\n|-damage|p1a: Rillaboom|91\/100\n|-resisted|p1a: Rillaboom\n|-crit|p1a: Rillaboom\n|-damage|p1a: Rillaboom|81\/100\n|-resisted|p1a: Rillaboom\n|-crit|p1a: Rillaboom\n|-damage|p1a: Rillaboom|71\/100\n|-hitcount|p1a: Rillaboom|3\n|move|p1a: Rillaboom|Grassy Glide|p2a: Urshifu\n|-supereffective|p2a: Urshifu\n|-damage|p2a: Urshifu|0 fnt\n|faint|p2a: Urshifu\n|\n|upkeep\n|\n|t:|1739812824\n|switch|p2a: Iron Leaves|Iron Leaves, L50|71\/100\n|-activate|p2a: Iron Leaves|ability: Quark Drive\n|-start|p2a: Iron Leaves|quarkdrivespe\n|turn|7\n|-message|cela9 forfeited.\n|\n|win|zonavideovigilada\n|raw|cela9's rating: 1540 &rarr; <strong>1529<\/strong><br \/>(-11 for losing)\n|raw|zonavideovigilada's rating: 1698 &rarr; <strong>1709<\/strong><br \/>(+11 for winning)\n|l|\u2606cela9\n|player|p1|\n|l|\u2606zonavideovigilada\n|player|p2|\n","uploadtime":1739812987,"views":11,"formatid":"gen9vgc2025regg","rating":1529,"private":0,"password":null}