{"id":"gen9vgc2025regg-2302048753","format":"[Gen 9] VGC 2025 Reg G","players":["SamP_64","GholdAndGoHome"],"log":"|j|\u2606SamP_64\n|j|\u2606GholdAndGoHome\n|t:|1739740703\n|gametype|doubles\n|player|p1|SamP_64|ethan|1560\n|player|p2|GholdAndGoHome|170|1738\n|teamsize|p1|6\n|teamsize|p2|6\n|gen|9\n|tier|[Gen 9] VGC 2025 Reg G\n|rated|\n|rule|Species Clause: Limit one of each Pok\u00e9mon\n|rule|Item Clause: Limit 1 of each item\n|clearpoke\n|poke|p1|Incineroar, L50, M|\n|poke|p1|Rillaboom, L50, F|\n|poke|p1|Flutter Mane, L50|\n|poke|p1|Urshifu-*, L50, F|\n|poke|p1|Terapagos, L50, M|\n|poke|p1|Amoonguss, L50, M|\n|poke|p2|Chien-Pao, L50|\n|poke|p2|Miraidon, L50|\n|poke|p2|Whimsicott, L50, M|\n|poke|p2|Entei, L50|\n|poke|p2|Iron Hands, L50|\n|poke|p2|Iron Treads, L50|\n|teampreview|4\n|inactive|Battle timer is ON: inactive players will automatically lose when time's up. (requested by GholdAndGoHome)\n|j| Palafin Enjoyer\n|l| Palafin Enjoyer\n|inactive|SamP_64 has 60 seconds left.\n|\n|t:|1739740746\n|start\n|switch|p1a: Rillaboom|Rillaboom, L50, F|100\/100\n|switch|p1b: Terapagos|Terapagos, L50, M|100\/100\n|switch|p2a: Entei|Entei, L50|100\/100\n|switch|p2b: Whimsicott|Whimsicott, L50, M|100\/100\n|-activate|p1b: Terapagos|ability: Tera Shift\n|detailschange|p1b: Terapagos|Terapagos-Terastal, L50, M\n|-heal|p1b: Terapagos|100\/100|[silent]\n|-fieldstart|move: Grassy Terrain|[from] ability: Grassy Surge|[of] p1a: Rillaboom\n|turn|1\n|\n|t:|1739740765\n|switch|p1a: Incineroar|Incineroar, L50, M|100\/100\n|-ability|p1a: Incineroar|Intimidate|boost\n|-fail|p2a: Entei|unboost|Attack|[from] ability: Inner Focus|[of] p2a: Entei\n|-unboost|p2b: Whimsicott|atk|1\n|move|p2b: Whimsicott|Moonblast|p1b: Terapagos\n|-activate|p1b: Terapagos|ability: Tera Shell\n|-resisted|p1b: Terapagos\n|-damage|p1b: Terapagos|90\/100\n|move|p2a: Entei|Sacred Fire|p1a: Incineroar\n|-resisted|p1a: Incineroar\n|-damage|p1a: Incineroar|74\/100\n|move|p1b: Terapagos|Tera Starstorm|p2a: Entei\n|-damage|p2a: Entei|54\/100\n|\n|-heal|p2a: Entei|60\/100|[from] Grassy Terrain\n|-heal|p1b: Terapagos|96\/100|[from] Grassy Terrain\n|-heal|p1b: Terapagos|100\/100|[from] item: Leftovers\n|-heal|p1a: Incineroar|80\/100|[from] Grassy Terrain\n|upkeep\n|turn|2\n|j| Palafin Enjoyer\n|inactive|SamP_64 has 30 seconds left.\n|inactive|SamP_64 has 20 seconds left.\n|inactive|SamP_64 has 15 seconds left.\n|inactive|SamP_64 has 10 seconds left.\n|\n|t:|1739740814\n|-terastallize|p1b: Terapagos|Stellar\n|detailschange|p1b: Terapagos|Terapagos-Stellar, L50, M, tera:Stellar\n|-heal|p1b: Terapagos|100\/100|[silent]\n|-ability|p1b: Terapagos|Teraform Zero\n|-fieldend|move: Grassy Terrain\n|move|p2b: Whimsicott|Light Screen|p2b: Whimsicott\n|-sidestart|p2: GholdAndGoHome|move: Light Screen\n|move|p2a: Entei|Sacred Fire|p1b: Terapagos\n|-damage|p1b: Terapagos|53\/100\n|move|p1b: Terapagos|Tera Starstorm|p2b: Whimsicott|[spread] p2a,p2b\n|-damage|p2a: Entei|37\/100\n|-damage|p2b: Whimsicott|68\/100\n|move|p1a: Incineroar|Knock Off|p2a: Entei\n|-damage|p2a: Entei|0 fnt\n|-enditem|p2a: Entei|Choice Band|[from] move: Knock Off|[of] p1a: Incineroar\n|faint|p2a: Entei\n|\n|-heal|p1b: Terapagos|59\/100|[from] item: Leftovers\n|upkeep\n|\n|t:|1739740835\n|switch|p2a: Chien-Pao|Chien-Pao, L50|100\/100\n|-ability|p2a: Chien-Pao|Sword of Ruin\n|turn|3\n|\n|t:|1739740844\n|switch|p1b: Rillaboom|Rillaboom, L50, F|100\/100\n|-fieldstart|move: Grassy Terrain|[from] ability: Grassy Surge|[of] p1b: Rillaboom\n|move|p2a: Chien-Pao|Sacred Sword|p1a: Incineroar\n|-supereffective|p1a: Incineroar\n|-crit|p1a: Incineroar\n|-damage|p1a: Incineroar|0 fnt\n|faint|p1a: Incineroar\n|move|p2b: Whimsicott|Moonblast|p1b: Rillaboom\n|-damage|p1b: Rillaboom|80\/100\n|\n|-heal|p2b: Whimsicott|74\/100|[from] Grassy Terrain\n|-heal|p1b: Rillaboom|86\/100|[from] Grassy Terrain\n|upkeep\n|inactive|SamP_64 has 30 seconds left.\n|\n|t:|1739740874\n|switch|p1a: Flutter Mane|Flutter Mane, L50|100\/100\n|-enditem|p1a: Flutter Mane|Booster Energy\n|-activate|p1a: Flutter Mane|ability: Protosynthesis|[fromitem]\n|-start|p1a: Flutter Mane|protosynthesisspe\n|turn|4\n|\n|t:|1739740894\n|move|p2a: Chien-Pao|Protect|p2a: Chien-Pao\n|-singleturn|p2a: Chien-Pao|Protect\n|move|p2b: Whimsicott|Tailwind|p2b: Whimsicott\n|-sidestart|p2: GholdAndGoHome|move: Tailwind\n|move|p1a: Flutter Mane|Moonblast|p2b: Whimsicott\n|-damage|p2b: Whimsicott|36\/100\n|move|p1b: Rillaboom|Wood Hammer|p2b: Whimsicott\n|-resisted|p2b: Whimsicott\n|-damage|p2b: Whimsicott|0 fnt\n|faint|p2b: Whimsicott\n|-damage|p1b: Rillaboom|76\/100|[from] Recoil\n|\n|-heal|p1b: Rillaboom|82\/100|[from] Grassy Terrain\n|upkeep\n|\n|t:|1739740899\n|switch|p2b: Miraidon|Miraidon, L50|100\/100\n|-fieldstart|move: Electric Terrain|[from] ability: Hadron Engine|[of] p2b: Miraidon\n|turn|5\n|\n|t:|1739740923\n|switch|p1b: Terapagos|Terapagos-Stellar, L50, M, tera:Stellar|59\/100\n|-terastallize|p2b: Miraidon|Fairy\n|move|p1a: Flutter Mane|Protect|p1a: Flutter Mane\n|-singleturn|p1a: Flutter Mane|Protect\n|move|p2b: Miraidon|Dazzling Gleam|p1b: Terapagos|[spread] p1b\n|-activate|p1a: Flutter Mane|move: Protect\n|-crit|p1b: Terapagos\n|-damage|p1b: Terapagos|0 fnt\n|faint|p1b: Terapagos\n|move|p2a: Chien-Pao|Icicle Crash|p1a: Flutter Mane\n|-activate|p1a: Flutter Mane|move: Protect\n|\n|upkeep\n|\n|t:|1739740936\n|switch|p1b: Rillaboom|Rillaboom, L50, F|82\/100\n|-fieldstart|move: Grassy Terrain|[from] ability: Grassy Surge|[of] p1b: Rillaboom\n|turn|6\n|inactive|SamP_64 has 30 seconds left.\n|\n|t:|1739740962\n|move|p1b: Rillaboom|Fake Out|p2a: Chien-Pao\n|-damage|p2a: Chien-Pao|82\/100\n|cant|p2a: Chien-Pao|flinch\n|move|p2b: Miraidon|Dazzling Gleam|p1b: Rillaboom|[spread] p1a,p1b\n|-damage|p1a: Flutter Mane|57\/100\n|-damage|p1b: Rillaboom|46\/100\n|move|p1a: Flutter Mane|Moonblast|p2a: Chien-Pao\n|-supereffective|p2a: Chien-Pao\n|-damage|p2a: Chien-Pao|0 fnt\n|faint|p2a: Chien-Pao\n|\n|-heal|p1a: Flutter Mane|63\/100|[from] Grassy Terrain\n|-heal|p1b: Rillaboom|52\/100|[from] Grassy Terrain\n|-sideend|p2: GholdAndGoHome|move: Light Screen\n|upkeep\n|turn|7\n|inactive|SamP_64 has 30 seconds left.\n|\n|t:|1739740990\n|move|p1b: Rillaboom|Grassy Glide|p2b: Miraidon\n|-damage|p2b: Miraidon|64\/100\n|move|p2b: Miraidon|Dazzling Gleam|p1a: Flutter Mane|[spread] p1a,p1b\n|-damage|p1a: Flutter Mane|13\/100\n|-damage|p1b: Rillaboom|18\/100\n|move|p1a: Flutter Mane|Moonblast|p2b: Miraidon\n|-damage|p2b: Miraidon|22\/100\n|-unboost|p2b: Miraidon|spa|1\n|\n|-heal|p2b: Miraidon|27\/100|[from] Grassy Terrain\n|-heal|p1a: Flutter Mane|19\/100|[from] Grassy Terrain\n|-heal|p1b: Rillaboom|24\/100|[from] Grassy Terrain\n|-sideend|p2: GholdAndGoHome|move: Tailwind\n|upkeep\n|turn|8\n|-message|GholdAndGoHome forfeited.\n|\n|win|SamP_64\n|raw|SamP_64's rating: 1560 &rarr; <strong>1589<\/strong><br \/>(+29 for winning)\n|raw|GholdAndGoHome's rating: 1738 &rarr; <strong>1709<\/strong><br \/>(-29 for losing)\n|l|\u2606GholdAndGoHome\n|player|p2|\n|l| Palafin Enjoyer\n","uploadtime":1739741249,"views":5,"formatid":"gen9vgc2025regg","rating":1589,"private":0,"password":null}