{"id":"gen9vgc2025regg-2302333090","format":"[Gen 9] VGC 2025 Reg G","players":["Spottedwoot","biei2012-2022"],"log":"|j|\u2606Spottedwoot\n|j|\u2606biei2012-2022\n|t:|1739781683\n|gametype|doubles\n|player|p1|Spottedwoot|266|1751\n|player|p2|biei2012-2022|lillie-z|1764\n|teamsize|p1|6\n|teamsize|p2|6\n|gen|9\n|tier|[Gen 9] VGC 2025 Reg G\n|rated|\n|rule|Species Clause: Limit one of each Pok\u00e9mon\n|rule|Item Clause: Limit 1 of each item\n|clearpoke\n|poke|p1|Zamazenta-*, L50|\n|poke|p1|Chien-Pao, L50|\n|poke|p1|Entei, L50|\n|poke|p1|Raging Bolt, L50|\n|poke|p1|Rillaboom, L50, F|\n|poke|p1|Farigiraf, L50, M|\n|poke|p2|Raging Bolt, L50|\n|poke|p2|Miraidon, L50|\n|poke|p2|Ogerpon-Hearthflame, L50, F|\n|poke|p2|Torkoal, L50, F|\n|poke|p2|Farigiraf, L50, M|\n|poke|p2|Ursaluna, L50, M|\n|teampreview|4\n|inactive|Battle timer is ON: inactive players will automatically lose when time's up. (requested by biei2012-2022)\n|\n|t:|1739781704\n|start\n|switch|p1a: Zamazenta|Zamazenta-Crowned, L50|100\/100\n|switch|p1b: Chien-Pao|Chien-Pao, L50|100\/100\n|switch|p2a: Miraidon|Miraidon, L50|100\/100\n|switch|p2b: Farigiraf|Farigiraf, L50, M|100\/100\n|-ability|p1b: Chien-Pao|Sword of Ruin\n|-fieldstart|move: Electric Terrain|[from] ability: Hadron Engine|[of] p2a: Miraidon\n|-enditem|p2b: Farigiraf|Electric Seed\n|-boost|p2b: Farigiraf|def|1|[from] item: Electric Seed\n|-ability|p1a: Zamazenta|Dauntless Shield|boost\n|-boost|p1a: Zamazenta|def|1\n|turn|1\n|\n|t:|1739781716\n|move|p2a: Miraidon|Volt Switch|p1b: Chien-Pao\n|-enditem|p1b: Chien-Pao|Focus Sash\n|-damage|p1b: Chien-Pao|1\/100\n|\n|t:|1739781718\n|switch|p2a: Torkoal|Torkoal, L50, F|100\/100|[from] Volt Switch\n|-weather|SunnyDay|[from] ability: Drought|[of] p2a: Torkoal\n|-item|p2a: Torkoal|Air Balloon\n|move|p1b: Chien-Pao|Icicle Crash|p2a: Torkoal\n|-resisted|p2a: Torkoal\n|-damage|p2a: Torkoal|81\/100\n|-enditem|p2a: Torkoal|Air Balloon\n|move|p1a: Zamazenta|Iron Defense|p1a: Zamazenta\n|-boost|p1a: Zamazenta|def|2\n|move|p2b: Farigiraf|Trick Room|p2b: Farigiraf\n|-fieldstart|move: Trick Room|[of] p2b: Farigiraf\n|\n|-weather|SunnyDay|[upkeep]\n|upkeep\n|turn|2\n|\n|t:|1739781732\n|-terastallize|p1a: Zamazenta|Dragon\n|move|p1b: Chien-Pao|Protect|p1b: Chien-Pao\n|-singleturn|p1b: Chien-Pao|Protect\n|move|p2a: Torkoal|Fissure|p1a: Zamazenta|[miss]\n|-miss|p2a: Torkoal|p1a: Zamazenta\n|move|p2b: Farigiraf|Foul Play|p1b: Chien-Pao\n|-activate|p1b: Chien-Pao|move: Protect\n|move|p1a: Zamazenta|Body Press|p2a: Torkoal\n|-damage|p2a: Torkoal|0 fnt\n|faint|p2a: Torkoal\n|\n|-weather|SunnyDay|[upkeep]\n|upkeep\n|\n|t:|1739781737\n|switch|p2a: Ursaluna|Ursaluna, L50, M|100\/100\n|turn|3\n|inactive|biei2012-2022 has 30 seconds left.\n|\n|t:|1739781769\n|-terastallize|p2a: Ursaluna|Ghost\n|move|p2a: Ursaluna|Facade|p1b: Chien-Pao\n|-damage|p1b: Chien-Pao|0 fnt\n|faint|p1b: Chien-Pao\n|move|p2b: Farigiraf|Foul Play|p1a: Zamazenta\n|-damage|p1a: Zamazenta|93\/100\n|move|p1a: Zamazenta|Body Press|p2b: Farigiraf\n|-damage|p2b: Farigiraf|38\/100\n|\n|-weather|SunnyDay|[upkeep]\n|-status|p2a: Ursaluna|brn|[from] item: Flame Orb\n|upkeep\n|\n|t:|1739781773\n|switch|p1b: Raging Bolt|Raging Bolt, L50|100\/100\n|-activate|p1b: Raging Bolt|ability: Protosynthesis\n|-start|p1b: Raging Bolt|protosynthesisspa\n|turn|4\n|inactive|biei2012-2022 has 30 seconds left.\n|inactive|biei2012-2022 has 20 seconds left.\n|inactive|biei2012-2022 has 15 seconds left.\n|\n|t:|1739781817\n|switch|p2b: Miraidon|Miraidon, L50|100\/100\n|-activate|p2b: Miraidon|ability: Hadron Engine\n|move|p1b: Raging Bolt|Protect|p1b: Raging Bolt\n|-singleturn|p1b: Raging Bolt|Protect\n|move|p2a: Ursaluna|Facade|p1b: Raging Bolt\n|-activate|p1b: Raging Bolt|move: Protect\n|move|p1a: Zamazenta|Body Press|p2b: Miraidon\n|-damage|p2b: Miraidon|0 fnt\n|faint|p2b: Miraidon\n|\n|-weather|SunnyDay|[upkeep]\n|-damage|p2a: Ursaluna|95\/100 brn|[from] brn\n|upkeep\n|\n|t:|1739781819\n|switch|p2b: Farigiraf|Farigiraf, L50, M|38\/100\n|turn|5\n|\n|t:|1739781827\n|move|p2a: Ursaluna|Facade|p1b: Raging Bolt\n|-crit|p1b: Raging Bolt\n|-damage|p1b: Raging Bolt|0 fnt\n|faint|p1b: Raging Bolt\n|-end|p1b: Raging Bolt|Protosynthesis|[silent]\n|move|p2b: Farigiraf|Psychic Noise|p1a: Zamazenta\n|-damage|p1a: Zamazenta|72\/100\n|-start|p1a: Zamazenta|move: Heal Block\n|move|p1a: Zamazenta|Body Press|p2b: Farigiraf\n|-damage|p2b: Farigiraf|0 fnt\n|faint|p2b: Farigiraf\n|\n|-weather|none\n|-damage|p2a: Ursaluna|89\/100 brn|[from] brn\n|-fieldend|move: Trick Room\n|-fieldend|move: Electric Terrain\n|upkeep\n|\n|t:|1739781830\n|switch|p1b: Entei|Entei, L50|100\/100\n|turn|6\n|\n|t:|1739781844\n|move|p2a: Ursaluna|Protect|p2a: Ursaluna\n|-singleturn|p2a: Ursaluna|Protect\n|move|p1a: Zamazenta|Heavy Slam|p2a: Ursaluna\n|-activate|p2a: Ursaluna|move: Protect\n|move|p1b: Entei|Crunch|p2a: Ursaluna\n|-activate|p2a: Ursaluna|move: Protect\n|\n|-damage|p2a: Ursaluna|83\/100 brn|[from] brn\n|-end|p1a: Zamazenta|move: Heal Block\n|upkeep\n|turn|7\n|\n|t:|1739781850\n|move|p1a: Zamazenta|Heavy Slam|p2a: Ursaluna\n|-damage|p2a: Ursaluna|65\/100 brn\n|move|p1b: Entei|Crunch|p2a: Ursaluna\n|-supereffective|p2a: Ursaluna\n|-damage|p2a: Ursaluna|12\/100 brn\n|-damage|p1b: Entei|91\/100|[from] item: Life Orb\n|move|p2a: Ursaluna|Earthquake|p1b: Entei|[spread] p1a,p1b\n|-supereffective|p1b: Entei\n|-damage|p1a: Zamazenta|55\/100\n|-damage|p1b: Entei|0 fnt\n|faint|p1b: Entei\n|\n|-damage|p2a: Ursaluna|6\/100 brn|[from] brn\n|upkeep\n|turn|8\n|\n|t:|1739781859\n|move|p1a: Zamazenta|Heavy Slam|p2a: Ursaluna\n|-damage|p2a: Ursaluna|0 fnt\n|faint|p2a: Ursaluna\n|\n|win|Spottedwoot\n|raw|Spottedwoot's rating: 1751 &rarr; <strong>1772<\/strong><br \/>(+21 for winning)\n|raw|biei2012-2022's rating: 1764 &rarr; <strong>1743<\/strong><br \/>(-21 for losing)\n|l|\u2606biei2012-2022\n|player|p2|\n","uploadtime":1739781863,"views":116,"formatid":"gen9vgc2025regg","rating":1743,"private":0,"password":null}