{"id":"gen9vgc2025regg-2302244692","format":"[Gen 9] VGC 2025 Reg G","players":["ChaosTenma","Kaicyios"],"log":"|j|\u2606ChaosTenma\n|j|\u2606Kaicyios\n|t:|1739765478\n|gametype|doubles\n|player|p1|ChaosTenma|red|1627\n|player|p2|Kaicyios|giovanni|1639\n|teamsize|p1|6\n|teamsize|p2|6\n|gen|9\n|tier|[Gen 9] VGC 2025 Reg G\n|rated|\n|rule|Species Clause: Limit one of each Pok\u00e9mon\n|rule|Item Clause: Limit 1 of each item\n|clearpoke\n|poke|p1|Pelipper, L50, M|\n|poke|p1|Landorus, L50, M|\n|poke|p1|Rillaboom, L50, M|\n|poke|p1|Zamazenta-*, L50|\n|poke|p1|Flutter Mane, L50|\n|poke|p1|Chien-Pao, L50|\n|poke|p2|Groudon, L50|\n|poke|p2|Tornadus, L50, M|\n|poke|p2|Flutter Mane, L50|\n|poke|p2|Chi-Yu, L50|\n|poke|p2|Raging Bolt, L50|\n|poke|p2|Armarouge, L50, F|\n|teampreview|4\n|inactive|Battle timer is ON: inactive players will automatically lose when time's up. (requested by ChaosTenma)\n|j| Pokuchu\n|j| randoftw\n|inactive|Kaicyios has 60 seconds left.\n|\n|t:|1739765523\n|start\n|switch|p1a: Pelipper|Pelipper, L50, M|100\/100\n|switch|p1b: Chien-Pao|Chien-Pao, L50|100\/100\n|switch|p2a: Tornadus|Tornadus, L50, M|100\/100\n|switch|p2b: Groudon|Groudon, L50|100\/100\n|-ability|p1b: Chien-Pao|Sword of Ruin\n|-weather|SunnyDay|[from] ability: Drought|[of] p2b: Groudon\n|-weather|RainDance|[from] ability: Drizzle|[of] p1a: Pelipper\n|turn|1\n|inactive|Kaicyios has 30 seconds left.\n|j| 801344244a\n|inactive|Kaicyios has 20 seconds left.\n|\n|t:|1739765559\n|switch|p1a: Landorus|Landorus, L50, M|100\/100\n|-terastallize|p2b: Groudon|Fire\n|move|p2a: Tornadus|Sunny Day|p2a: Tornadus\n|-weather|SunnyDay\n|move|p1b: Chien-Pao|Ice Spinner|p2a: Tornadus\n|-supereffective|p2a: Tornadus\n|-enditem|p2a: Tornadus|Focus Sash\n|-damage|p2a: Tornadus|1\/100\n|move|p2b: Groudon|Rock Slide|p1a: Landorus|[spread] \n|-miss|p2b: Groudon|p1a: Landorus\n|-miss|p2b: Groudon|p1b: Chien-Pao\n|\n|-weather|SunnyDay|[upkeep]\n|upkeep\n|turn|2\n|inactive|ChaosTenma has 30 seconds left.\n|j| NanshanVGC\n|inactive|Kaicyios has 30 seconds left.\n|\n|t:|1739765590\n|move|p2a: Tornadus|Tailwind|p2a: Tornadus\n|-sidestart|p2: Kaicyios|move: Tailwind\n|move|p2b: Groudon|Heat Crash|p1a: Landorus\n|-damage|p1a: Landorus|0 fnt\n|faint|p1a: Landorus\n|move|p1b: Chien-Pao|Ice Spinner|p2a: Tornadus\n|-supereffective|p2a: Tornadus\n|-damage|p2a: Tornadus|0 fnt\n|faint|p2a: Tornadus\n|\n|-weather|SunnyDay|[upkeep]\n|upkeep\n|inactive|Kaicyios has 30 seconds left.\n|\n|t:|1739765617\n|switch|p2a: Flutter Mane|Flutter Mane, L50|100\/100\n|switch|p1a: Pelipper|Pelipper, L50, M|100\/100\n|-weather|RainDance|[from] ability: Drizzle|[of] p1a: Pelipper\n|turn|3\n|\n|t:|1739765641\n|switch|p1b: Zamazenta|Zamazenta-Crowned, L50, shiny|100\/100\n|-ability|p1b: Zamazenta|Dauntless Shield|boost\n|-boost|p1b: Zamazenta|def|1\n|move|p2a: Flutter Mane|Moonblast|p1b: Zamazenta\n|-damage|p1b: Zamazenta|40\/100\n|move|p2b: Groudon|High Horsepower|p1b: Zamazenta\n|-supereffective|p1b: Zamazenta\n|-damage|p1b: Zamazenta|0 fnt\n|faint|p1b: Zamazenta\n|move|p1a: Pelipper|Weather Ball|p2b: Groudon\n|-supereffective|p2b: Groudon\n|-damage|p2b: Groudon|32\/100\n|\n|-weather|RainDance|[upkeep]\n|upkeep\n|\n|t:|1739765657\n|switch|p1b: Chien-Pao|Chien-Pao, L50|100\/100\n|-ability|p1b: Chien-Pao|Sword of Ruin\n|turn|4\n|\n|t:|1739765667\n|move|p2a: Flutter Mane|Moonblast|p1b: Chien-Pao\n|-supereffective|p1b: Chien-Pao\n|-enditem|p1b: Chien-Pao|Focus Sash\n|-damage|p1b: Chien-Pao|1\/100\n|move|p2b: Groudon|Heat Crash|p1b: Chien-Pao\n|-supereffective|p1b: Chien-Pao\n|-damage|p1b: Chien-Pao|0 fnt\n|faint|p1b: Chien-Pao\n|move|p1a: Pelipper|Weather Ball|p2b: Groudon\n|-supereffective|p2b: Groudon\n|-damage|p2b: Groudon|0 fnt\n|faint|p2b: Groudon\n|\n|-weather|RainDance|[upkeep]\n|upkeep\n|\n|t:|1739765682\n|switch|p2b: Chi-Yu|Chi-Yu, L50|100\/100\n|-ability|p2b: Chi-Yu|Beads of Ruin\n|turn|5\n|\n|t:|1739765694\n|move|p2b: Chi-Yu|Dark Pulse|p1a: Pelipper\n|-damage|p1a: Pelipper|13\/100\n|move|p2a: Flutter Mane|Moonblast|p1a: Pelipper\n|-damage|p1a: Pelipper|0 fnt\n|faint|p1a: Pelipper\n|\n|win|Kaicyios\n|raw|ChaosTenma's rating: 1627 &rarr; <strong>1608<\/strong><br \/>(-19 for losing)\n|raw|Kaicyios's rating: 1639 &rarr; <strong>1658<\/strong><br \/>(+19 for winning)\n|l| 801344244a\n","uploadtime":1739765702,"views":14,"formatid":"gen9vgc2025regg","rating":1608,"private":0,"password":null}