{"id":"gen9vgc2025regg-2302135325","format":"[Gen 9] VGC 2025 Reg G","players":["roykeenkennedy","pentagonSG"],"log":"|j|\u2606roykeenkennedy\n|j|\u2606pentagonSG\n|t:|1739751029\n|gametype|doubles\n|player|p1|roykeenkennedy|alder|1631\n|player|p2|pentagonSG|101|1522\n|teamsize|p1|6\n|teamsize|p2|6\n|gen|9\n|tier|[Gen 9] VGC 2025 Reg G\n|rated|\n|rule|Species Clause: Limit one of each Pok\u00e9mon\n|rule|Item Clause: Limit 1 of each item\n|clearpoke\n|poke|p1|Raging Bolt, L50|\n|poke|p1|Incineroar, L50, F|\n|poke|p1|Ogerpon-Cornerstone, L50, F|\n|poke|p1|Annihilape, L50, M|\n|poke|p1|Calyrex-Ice, L50|\n|poke|p1|Amoonguss, L50, M|\n|poke|p2|Volcarona, L50, F|\n|poke|p2|Miraidon, L50|\n|poke|p2|Grimmsnarl, L50, M|\n|poke|p2|Okidogi, L50, M|\n|poke|p2|Iron Hands, L50|\n|poke|p2|Dusclops, L50, M|\n|teampreview|4\n|inactive|Battle timer is ON: inactive players will automatically lose when time's up. (requested by pentagonSG)\n|\n|t:|1739751072\n|start\n|switch|p1a: Calyrex|Calyrex-Ice, L50|100\/100\n|switch|p1b: Ogerpon|Ogerpon-Cornerstone, L50, F|100\/100\n|switch|p2a: Miraidon|Miraidon, L50|100\/100\n|switch|p2b: Grimmsnarl|Grimmsnarl, L50, M|100\/100\n|-ability|p1a: Calyrex|As One\n|-ability|p1a: Calyrex|Unnerve\n|-fieldstart|move: Electric Terrain|[from] ability: Hadron Engine|[of] p2a: Miraidon\n|turn|1\n|\n|t:|1739751087\n|move|p1a: Calyrex|Protect|p1a: Calyrex\n|-singleturn|p1a: Calyrex|Protect\n|move|p2b: Grimmsnarl|Reflect|p2b: Grimmsnarl\n|-sidestart|p2: pentagonSG|Reflect\n|move|p2a: Miraidon|Volt Switch|p1a: Calyrex\n|-activate|p1a: Calyrex|move: Protect\n|move|p1b: Ogerpon|Ivy Cudgel|p2a: Miraidon|[anim] Ivy Cudgel Rock\n|-damage|p2a: Miraidon|60\/100\n|\n|upkeep\n|turn|2\n|inactive|roykeenkennedy has 30 seconds left.\n|\n|t:|1739751117\n|switch|p2b: Iron Hands|Iron Hands, L50|100\/100\n|-activate|p2b: Iron Hands|ability: Quark Drive\n|-start|p2b: Iron Hands|quarkdriveatk\n|move|p1b: Ogerpon|Follow Me|p1b: Ogerpon\n|-singleturn|p1b: Ogerpon|move: Follow Me\n|move|p2a: Miraidon|Volt Switch|p1b: Ogerpon\n|-resisted|p1b: Ogerpon\n|-damage|p1b: Ogerpon|43\/100\n|\n|t:|1739751127\n|switch|p2a: Dusclops|Dusclops, L50, M|100\/100|[from] Volt Switch\n|-ability|p2a: Dusclops|Pressure\n|move|p1a: Calyrex|Glacial Lance|p2b: Iron Hands|[spread] p2a,p2b\n|-damage|p2a: Dusclops|81\/100\n|-damage|p2b: Iron Hands|77\/100\n|\n|upkeep\n|turn|3\n|inactive|pentagonSG has 30 seconds left.\n|\n|t:|1739751153\n|switch|p1a: Amoonguss|Amoonguss, L50, M|100\/100\n|move|p1b: Ogerpon|Spiky Shield|p1b: Ogerpon\n|-singleturn|p1b: Ogerpon|move: Protect\n|move|p2b: Iron Hands|Close Combat|p1a: Amoonguss\n|-resisted|p1a: Amoonguss\n|-damage|p1a: Amoonguss|57\/100\n|-unboost|p2b: Iron Hands|def|1\n|-unboost|p2b: Iron Hands|spd|1\n|-damage|p2b: Iron Hands|67\/100|[from] item: Life Orb\n|move|p2a: Dusclops|Trick Room|p2a: Dusclops\n|-fieldstart|move: Trick Room|[of] p2a: Dusclops\n|\n|upkeep\n|turn|4\n|\n|t:|1739751177\n|move|p2a: Dusclops|Helping Hand|p2b: Iron Hands\n|-singleturn|p2b: Iron Hands|Helping Hand|[of] p2a: Dusclops\n|move|p1a: Amoonguss|Rage Powder|p1a: Amoonguss\n|-singleturn|p1a: Amoonguss|move: Rage Powder\n|move|p2b: Iron Hands|Rock Slide|p1a: Amoonguss|[spread] p1a,p1b\n|-damage|p1a: Amoonguss|15\/100\n|-damage|p1b: Ogerpon|0 fnt\n|faint|p1b: Ogerpon\n|-damage|p2b: Iron Hands|57\/100|[from] item: Life Orb\n|\n|upkeep\n|\n|t:|1739751195\n|switch|p1b: Raging Bolt|Raging Bolt, L50|100\/100\n|turn|5\n|\n|t:|1739751213\n|switch|p1a: Calyrex|Calyrex-Ice, L50|100\/100\n|-ability|p1a: Calyrex|As One\n|-ability|p1a: Calyrex|Unnerve\n|-terastallize|p2b: Iron Hands|Grass\n|move|p2a: Dusclops|Helping Hand|p2b: Iron Hands\n|-singleturn|p2b: Iron Hands|Helping Hand|[of] p2a: Dusclops\n|move|p2b: Iron Hands|Close Combat|p1b: Raging Bolt\n|-damage|p1b: Raging Bolt|0 fnt\n|-unboost|p2b: Iron Hands|def|1\n|-unboost|p2b: Iron Hands|spd|1\n|faint|p1b: Raging Bolt\n|-end|p1b: Raging Bolt|Protosynthesis|[silent]\n|-damage|p2b: Iron Hands|47\/100|[from] item: Life Orb\n|\n|-fieldend|move: Electric Terrain\n|-end|p2b: Iron Hands|Quark Drive\n|upkeep\n|\n|t:|1739751232\n|switch|p1b: Amoonguss|Amoonguss, L50, M|49\/100\n|turn|6\n|inactive|pentagonSG has 30 seconds left.\n|inactive|pentagonSG has 20 seconds left.\n|\n|t:|1739751274\n|-terastallize|p1a: Calyrex|Water\n|move|p1b: Amoonguss|Rage Powder|p1b: Amoonguss\n|-singleturn|p1b: Amoonguss|move: Rage Powder\n|move|p2b: Iron Hands|Rock Slide|p1a: Calyrex|[spread] p1a\n|-miss|p2b: Iron Hands|p1b: Amoonguss\n|-damage|p1a: Calyrex|84\/100\n|-damage|p2b: Iron Hands|37\/100|[from] item: Life Orb\n|move|p2a: Dusclops|Will-O-Wisp|p1b: Amoonguss\n|-status|p1b: Amoonguss|brn\n|cant|p1a: Calyrex|flinch\n|\n|-damage|p1b: Amoonguss|43\/100 brn|[from] brn\n|upkeep\n|turn|7\n|\n|t:|1739751294\n|move|p2b: Iron Hands|Detect|p2b: Iron Hands\n|-singleturn|p2b: Iron Hands|Protect\n|move|p1b: Amoonguss|Rage Powder|p1b: Amoonguss\n|-singleturn|p1b: Amoonguss|move: Rage Powder\n|move|p2a: Dusclops|Haze|p2a: Dusclops\n|-clearallboost\n|move|p1a: Calyrex|Glacial Lance|p2b: Iron Hands|[spread] p2a\n|-activate|p2b: Iron Hands|move: Protect\n|-damage|p2a: Dusclops|60\/100\n|\n|-damage|p1b: Amoonguss|37\/100 brn|[from] brn\n|-fieldend|move: Trick Room\n|upkeep\n|turn|8\n|inactive|pentagonSG has 30 seconds left.\n|\n|t:|1739751323\n|move|p1a: Calyrex|Glacial Lance|p2b: Iron Hands|[spread] p2a,p2b\n|-supereffective|p2b: Iron Hands\n|-damage|p2a: Dusclops|41\/100\n|-damage|p2b: Iron Hands|0 fnt\n|faint|p2b: Iron Hands\n|-end|p2b: Iron Hands|Quark Drive|[silent]\n|-ability|p1a: Calyrex|Chilling Neigh|boost\n|-boost|p1a: Calyrex|atk|1\n|move|p2a: Dusclops|Will-O-Wisp|p1a: Calyrex\n|-status|p1a: Calyrex|brn\n|move|p1b: Amoonguss|Spore|p2a: Dusclops\n|-status|p2a: Dusclops|slp|[from] move: Spore\n|\n|-damage|p1a: Calyrex|78\/100 brn|[from] brn\n|-damage|p1b: Amoonguss|31\/100 brn|[from] brn\n|-sideend|p2: pentagonSG|Reflect\n|upkeep\n|\n|t:|1739751339\n|switch|p2b: Grimmsnarl|Grimmsnarl, L50, M|100\/100\n|turn|9\n|\n|t:|1739751349\n|move|p2b: Grimmsnarl|Reflect|p2b: Grimmsnarl\n|-sidestart|p2: pentagonSG|Reflect\n|move|p1a: Calyrex|Glacial Lance|p2b: Grimmsnarl|[spread] p2a,p2b\n|-damage|p2a: Dusclops|25\/100 slp\n|-damage|p2b: Grimmsnarl|66\/100\n|cant|p2a: Dusclops|slp\n|move|p1b: Amoonguss|Spore|p2b: Grimmsnarl\n|-status|p2b: Grimmsnarl|slp|[from] move: Spore\n|\n|-damage|p1a: Calyrex|72\/100 brn|[from] brn\n|-damage|p1b: Amoonguss|25\/100 brn|[from] brn\n|upkeep\n|turn|10\n|inactive|roykeenkennedy has 30 seconds left.\n|l|\u2606roykeenkennedy\n|inactive|roykeenkennedy disconnected and has a minute to reconnect!\n|player|p1|\n|inactive|roykeenkennedy has 20 seconds left.\n|inactive|roykeenkennedy has 15 seconds left.\n|inactive|roykeenkennedy has 10 seconds left.\n|inactive|roykeenkennedy has 5 seconds left.\n|-message|roykeenkennedy lost due to inactivity.\n|\n|win|pentagonSG\n|raw|roykeenkennedy's rating: 1631 &rarr; <strong>1605<\/strong><br \/>(-26 for losing)\n|raw|pentagonSG's rating: 1522 &rarr; <strong>1548<\/strong><br \/>(+26 for winning)\n|l|\u2606pentagonSG\n|player|p2|\n","uploadtime":1739751637,"views":11,"formatid":"gen9vgc2025regg","rating":1548,"private":0,"password":null}