{"id":"gen9vgc2025regg-2302128179","format":"[Gen 9] VGC 2025 Reg G","players":["pokehys4","Lechonkbro"],"log":"|j|\u2606pokehys4\n|j|\u2606Lechonkbro\n|t:|1739750101\n|gametype|doubles\n|player|p1|pokehys4|bruno|1569\n|player|p2|Lechonkbro|ghetsis-gen5bw|1512\n|teamsize|p1|6\n|teamsize|p2|6\n|gen|9\n|tier|[Gen 9] VGC 2025 Reg G\n|rated|\n|rule|Species Clause: Limit one of each Pok\u00e9mon\n|rule|Item Clause: Limit 1 of each item\n|clearpoke\n|poke|p1|Weezing-Galar, L50, F|\n|poke|p1|Iron Valiant, L50|\n|poke|p1|Calyrex-Shadow, L50|\n|poke|p1|Roaring Moon, L50|\n|poke|p1|Maushold, L50|\n|poke|p1|Okidogi, L50, M|\n|poke|p2|Miraidon, L50|\n|poke|p2|Incineroar, L50, F|\n|poke|p2|Urshifu-*, L50, F|\n|poke|p2|Oranguru, L50, F|\n|poke|p2|Clefairy, L50, F|\n|poke|p2|Iron Valiant, L50|\n|teampreview|4\n|inactive|Battle timer is ON: inactive players will automatically lose when time's up. (requested by pokehys4)\n|inactive|pokehys4 has 60 seconds left.\n|\n|t:|1739750146\n|start\n|switch|p1a: Calyrex|Calyrex-Shadow, L50|100\/100\n|switch|p1b: Maushold|Maushold, L50|100\/100\n|switch|p2a: Miraidon|Miraidon, L50|100\/100\n|switch|p2b: Oranguru|Oranguru, L50, F|100\/100\n|-ability|p1a: Calyrex|As One\n|-ability|p1a: Calyrex|Unnerve\n|-fieldstart|move: Electric Terrain|[from] ability: Hadron Engine|[of] p2a: Miraidon\n|-enditem|p2a: Miraidon|Electric Seed\n|-boost|p2a: Miraidon|def|1|[from] item: Electric Seed\n|-activate|p2b: Oranguru|ability: Symbiosis|Covert Cloak|[of] p2a: Miraidon\n|turn|1\n|inactive|pokehys4 has 30 seconds left.\n|inactive|pokehys4 has 20 seconds left.\n|\n|t:|1739750183\n|move|p1b: Maushold|Helping Hand|p1a: Calyrex\n|-singleturn|p1a: Calyrex|Helping Hand|[of] p1b: Maushold\n|move|p1a: Calyrex|Pollen Puff|p2b: Oranguru\n|-supereffective|p2b: Oranguru\n|-damage|p2b: Oranguru|0 fnt\n|faint|p2b: Oranguru\n|-ability|p1a: Calyrex|Grim Neigh|boost\n|-boost|p1a: Calyrex|spa|1\n|move|p2a: Miraidon|Calm Mind|p2a: Miraidon\n|-boost|p2a: Miraidon|spa|1\n|-boost|p2a: Miraidon|spd|1\n|\n|upkeep\n|\n|t:|1739750200\n|switch|p2b: Incineroar|Incineroar, L50, F|100\/100\n|-ability|p2b: Incineroar|Intimidate|boost\n|-unboost|p1a: Calyrex|atk|1\n|-unboost|p1b: Maushold|atk|1\n|turn|2\n|\n|t:|1739750221\n|switch|p1a: Iron Valiant|Iron Valiant, L50|100\/100\n|-activate|p1a: Iron Valiant|ability: Quark Drive\n|-start|p1a: Iron Valiant|quarkdrivespe\n|switch|p1b: Okidogi|Okidogi, L50, M|100\/100\n|move|p2a: Miraidon|Calm Mind|p2a: Miraidon\n|-boost|p2a: Miraidon|spa|1\n|-boost|p2a: Miraidon|spd|1\n|move|p2b: Incineroar|Parting Shot|p1a: Iron Valiant\n|-unboost|p1a: Iron Valiant|atk|1\n|-unboost|p1a: Iron Valiant|spa|1\n|\n|t:|1739750234\n|switch|p2b: Iron Valiant|Iron Valiant, L50|100\/100|[from] Parting Shot\n|-activate|p2b: Iron Valiant|ability: Quark Drive\n|-start|p2b: Iron Valiant|quarkdrivespe\n|\n|upkeep\n|turn|3\n|inactive|pokehys4 has 30 seconds left.\n|\n|t:|1739750267\n|-terastallize|p2b: Iron Valiant|Steel\n|move|p2a: Miraidon|Protect|p2a: Miraidon\n|-singleturn|p2a: Miraidon|Protect\n|move|p2b: Iron Valiant|Spirit Break|p1a: Iron Valiant\n|-supereffective|p1a: Iron Valiant\n|-damage|p1a: Iron Valiant|20\/100\n|-unboost|p1a: Iron Valiant|spa|1\n|move|p1a: Iron Valiant|Coaching|p1b: Okidogi\n|-boost|p1b: Okidogi|atk|1\n|-boost|p1b: Okidogi|def|1\n|move|p1b: Okidogi|Gunk Shot|p2a: Miraidon\n|-activate|p2a: Miraidon|move: Protect\n|\n|upkeep\n|turn|4\n|inactive|pokehys4 has 30 seconds left.\n|inactive|Lechonkbro has 30 seconds left.\n|\n|t:|1739750300\n|move|p2b: Iron Valiant|Spirit Break|p1a: Iron Valiant\n|-supereffective|p1a: Iron Valiant\n|-damage|p1a: Iron Valiant|0 fnt\n|faint|p1a: Iron Valiant\n|-end|p1a: Iron Valiant|Quark Drive|[silent]\n|move|p2a: Miraidon|Dragon Pulse|p1b: Okidogi\n|-damage|p1b: Okidogi|24\/100\n|move|p1b: Okidogi|Gunk Shot|p2a: Miraidon\n|-damage|p2a: Miraidon|48\/100\n|\n|upkeep\n|\n|t:|1739750319\n|switch|p1a: Maushold|Maushold, L50|100\/100\n|turn|5\n|\n|t:|1739750332\n|move|p1a: Maushold|Follow Me|p1a: Maushold\n|-singleturn|p1a: Maushold|move: Follow Me\n|move|p2b: Iron Valiant|Spirit Break|p1a: Maushold\n|-damage|p1a: Maushold|67\/100\n|-unboost|p1a: Maushold|spa|1\n|move|p2a: Miraidon|Parabolic Charge|p1a: Maushold|[spread] p2b,p1a,p1b\n|-damage|p2b: Iron Valiant|0 fnt\n|-heal|p2a: Miraidon|93\/100|[from] drain|[of] p2b: Iron Valiant\n|-damage|p1a: Maushold|0 fnt\n|-heal|p2a: Miraidon|100\/100|[from] drain|[of] p1a: Maushold\n|-damage|p1b: Okidogi|0 fnt\n|faint|p2b: Iron Valiant\n|-end|p2b: Iron Valiant|Quark Drive|[silent]\n|faint|p1a: Maushold\n|faint|p1b: Okidogi\n|\n|-fieldend|move: Electric Terrain\n|upkeep\n|-message|pokehys4 forfeited.\n|\n|win|Lechonkbro\n|raw|pokehys4's rating: 1569 &rarr; <strong>1546<\/strong><br \/>(-23 for losing)\n|raw|Lechonkbro's rating: 1512 &rarr; <strong>1535<\/strong><br \/>(+23 for winning)\n|l|\u2606pokehys4\n|player|p1|\n|l|\u2606Lechonkbro\n|player|p2|\n","uploadtime":1739750528,"views":7,"formatid":"gen9vgc2025regg","rating":1535,"private":0,"password":null}