{"id":"gen9vgc2025regg-2302547408","format":"[Gen 9] VGC 2025 Reg G","players":["Cdogp","mlm2016"],"log":"|j|\u2606Cdogp\n|j|\u2606mlm2016\n|t:|1739812017\n|gametype|doubles\n|player|p1|Cdogp|wattson|1717\n|player|p2|mlm2016|266|1626\n|teamsize|p1|6\n|teamsize|p2|6\n|gen|9\n|tier|[Gen 9] VGC 2025 Reg G\n|rated|\n|rule|Species Clause: Limit one of each Pok\u00e9mon\n|rule|Item Clause: Limit 1 of each item\n|clearpoke\n|poke|p1|Terapagos, L50, M|\n|poke|p1|Smeargle, L50, M|\n|poke|p1|Ogerpon-Hearthflame, L50, F|\n|poke|p1|Tornadus, L50, M|\n|poke|p1|Ditto, L50|\n|poke|p1|Landorus, L50, M|\n|poke|p2|Miraidon, L50|\n|poke|p2|Urshifu-*, L50, M|\n|poke|p2|Iron Hands, L50|\n|poke|p2|Whimsicott, L50, M|\n|poke|p2|Farigiraf, L50, M|\n|poke|p2|Sneasler, L50, F|\n|teampreview|4\n|inactive|Battle timer is ON: inactive players will automatically lose when time's up. (requested by mlm2016)\n|inactive|mlm2016 has 60 seconds left.\n|\n|t:|1739812049\n|start\n|switch|p1a: Terapagos|Terapagos, L50, M|100\/100\n|switch|p1b: Smeargle|Smeargle, L50, M|100\/100\n|switch|p2a: Miraidon|Miraidon, L50|100\/100\n|switch|p2b: Farigiraf|Farigiraf, L50, M|100\/100\n|-activate|p1a: Terapagos|ability: Tera Shift\n|detailschange|p1a: Terapagos|Terapagos-Terastal, L50, M\n|-heal|p1a: Terapagos|100\/100|[silent]\n|-fieldstart|move: Electric Terrain|[from] ability: Hadron Engine|[of] p2a: Miraidon\n|turn|1\n|\n|t:|1739812072\n|move|p2a: Miraidon|Volt Switch|p1b: Smeargle\n|-enditem|p1b: Smeargle|Focus Sash\n|-damage|p1b: Smeargle|1\/100\n|\n|t:|1739812076\n|switch|p2a: Iron Hands|Iron Hands, L50|100\/100|[from] Volt Switch\n|-activate|p2a: Iron Hands|ability: Quark Drive\n|-start|p2a: Iron Hands|quarkdriveatk\n|move|p1b: Smeargle|Decorate|p1a: Terapagos\n|-boost|p1a: Terapagos|atk|2\n|-boost|p1a: Terapagos|spa|2\n|move|p1a: Terapagos|Tera Starstorm|p2b: Farigiraf\n|-crit|p2b: Farigiraf\n|-damage|p2b: Farigiraf|0 fnt\n|faint|p2b: Farigiraf\n|\n|-ability|p1b: Smeargle|Moody|boost\n|-boost|p1b: Smeargle|def|2\n|-unboost|p1b: Smeargle|atk|1\n|upkeep\n|\n|t:|1739812095\n|switch|p2b: Miraidon|Miraidon, L50|100\/100\n|-activate|p2b: Miraidon|ability: Hadron Engine\n|turn|2\n|\n|t:|1739812104\n|-terastallize|p1a: Terapagos|Stellar\n|detailschange|p1a: Terapagos|Terapagos-Stellar, L50, M, tera:Stellar\n|-heal|p1a: Terapagos|100\/100|[silent]\n|-ability|p1a: Terapagos|Teraform Zero\n|-fieldend|move: Electric Terrain\n|-end|p2a: Iron Hands|Quark Drive\n|move|p2b: Miraidon|Dazzling Gleam|p1b: Smeargle|[spread] p1a,p1b\n|-damage|p1a: Terapagos|84\/100\n|-damage|p1b: Smeargle|0 fnt\n|faint|p1b: Smeargle\n|move|p1a: Terapagos|Tera Starstorm|p2a: Iron Hands|[spread] p2a,p2b\n|-damage|p2a: Iron Hands|38\/100\n|-damage|p2b: Miraidon|0 fnt\n|faint|p2b: Miraidon\n|move|p2a: Iron Hands|Low Kick|p1a: Terapagos\n|-supereffective|p1a: Terapagos\n|-damage|p1a: Terapagos|17\/100\n|\n|upkeep\n|\n|t:|1739812120\n|switch|p2b: Urshifu|Urshifu-Rapid-Strike, L50, M|100\/100\n|switch|p1b: Landorus|Landorus, L50, M|100\/100\n|turn|3\n|inactive|mlm2016 has 30 seconds left.\n|inactive|mlm2016 has 20 seconds left.\n|inactive|mlm2016 has 15 seconds left.\n|\n|t:|1739812163\n|-terastallize|p2a: Iron Hands|Water\n|move|p1b: Landorus|Earth Power|p2a: Iron Hands\n|-damage|p2a: Iron Hands|0 fnt\n|faint|p2a: Iron Hands\n|-end|p2a: Iron Hands|Quark Drive|[silent]\n|move|p2b: Urshifu|Surging Strikes|p1a: Terapagos\n|-crit|p1a: Terapagos\n|-damage|p1a: Terapagos|1\/100\n|-crit|p1a: Terapagos\n|-damage|p1a: Terapagos|0 fnt\n|faint|p1a: Terapagos\n|-hitcount|p1: Terapagos|2\n|\n|upkeep\n|\n|t:|1739812171\n|switch|p1a: Tornadus|Tornadus, L50, M|100\/100\n|turn|4\n|\n|t:|1739812179\n|move|p1a: Tornadus|Tailwind|p1a: Tornadus\n|-sidestart|p1: Cdogp|move: Tailwind\n|move|p1b: Landorus|Earth Power|p2b: Urshifu\n|-enditem|p2b: Urshifu|Focus Sash\n|-damage|p2b: Urshifu|1\/100\n|move|p2b: Urshifu|Surging Strikes|p1b: Landorus\n|-supereffective|p1b: Landorus\n|-crit|p1b: Landorus\n|-damage|p1b: Landorus|49\/100\n|-supereffective|p1b: Landorus\n|-crit|p1b: Landorus\n|-damage|p1b: Landorus|0 fnt\n|faint|p1b: Landorus\n|-hitcount|p1: Landorus|2\n|\n|upkeep\n|turn|5\n|\n|t:|1739812193\n|move|p2b: Urshifu|Detect|p2b: Urshifu\n|-singleturn|p2b: Urshifu|Protect\n|move|p1a: Tornadus|Bleakwind Storm|p2b: Urshifu\n|-activate|p2b: Urshifu|move: Protect\n|\n|upkeep\n|turn|6\n|\n|t:|1739812200\n|move|p1a: Tornadus|Bleakwind Storm|p2b: Urshifu\n|-supereffective|p2b: Urshifu\n|-damage|p2b: Urshifu|0 fnt\n|faint|p2b: Urshifu\n|\n|win|Cdogp\n|raw|Cdogp's rating: 1717 &rarr; <strong>1732<\/strong><br \/>(+15 for winning)\n|raw|mlm2016's rating: 1626 &rarr; <strong>1611<\/strong><br \/>(-15 for losing)\n|l|\u2606mlm2016\n|player|p2|\n|l|\u2606Cdogp\n|player|p1|\n","uploadtime":1739812430,"views":11,"formatid":"gen9vgc2025regg","rating":1611,"private":0,"password":null}