{"id":"gen9vgc2025regg-2302475798","format":"[Gen 9] VGC 2025 Reg G","players":["muu0315","fuleya"],"log":"|j|\u2606muu0315\n|j|\u2606fuleya\n|t:|1739803985\n|gametype|doubles\n|player|p1|muu0315|1|1555\n|player|p2|fuleya|2|1625\n|teamsize|p1|6\n|teamsize|p2|6\n|gen|9\n|tier|[Gen 9] VGC 2025 Reg G\n|rated|\n|rule|Species Clause: Limit one of each Pok\u00e9mon\n|rule|Item Clause: Limit 1 of each item\n|clearpoke\n|poke|p1|Calyrex-Ice, L50|\n|poke|p1|Indeedee-F, L50, F|\n|poke|p1|Pelipper, L50, M|\n|poke|p1|Iron Hands, L50|\n|poke|p1|Moltres-Galar, L50|\n|poke|p1|Ursaluna-Bloodmoon, L50, M|\n|poke|p2|Tornadus, L50, M|\n|poke|p2|Calyrex-Shadow, L50|\n|poke|p2|Urshifu-*, L50, F|\n|poke|p2|Farigiraf, L50, F|\n|poke|p2|Clefairy, L50, F|\n|poke|p2|Ogerpon-Cornerstone, L50, F|\n|teampreview|4\n|j| Harrie Harktand\n|inactive|Battle timer is ON: inactive players will automatically lose when time's up. (requested by muu0315)\n|\n|t:|1739804007\n|start\n|switch|p1a: Calyrex|Calyrex-Ice, L50|100\/100\n|switch|p1b: Indeedee|Indeedee-F, L50, F|100\/100\n|switch|p2a: Calyrex|Calyrex-Shadow, L50|100\/100\n|switch|p2b: Clefairy|Clefairy, L50, F|100\/100\n|-ability|p2a: Calyrex|As One\n|-ability|p2a: Calyrex|Unnerve\n|-ability|p1a: Calyrex|As One\n|-ability|p1a: Calyrex|Unnerve\n|-fieldstart|move: Psychic Terrain|[from] ability: Psychic Surge|[of] p1b: Indeedee\n|-enditem|p1a: Calyrex|Psychic Seed\n|-boost|p1a: Calyrex|spd|1|[from] item: Psychic Seed\n|turn|1\n|j| shengning2\n|\n|t:|1739804028\n|-terastallize|p2a: Calyrex|Ghost\n|-terastallize|p1a: Calyrex|Fairy\n|move|p2b: Clefairy|Helping Hand|p2a: Calyrex\n|-singleturn|p2a: Calyrex|Helping Hand|[of] p2b: Clefairy\n|move|p2a: Calyrex|Astral Barrage|p1b: Indeedee|[spread] p1a\n|-immune|p1b: Indeedee\n|-damage|p1a: Calyrex|24\/100\n|move|p1a: Calyrex|Glacial Lance|p2a: Calyrex|[spread] p2a,p2b\n|-damage|p2a: Calyrex|53\/100\n|-damage|p2b: Clefairy|51\/100\n|move|p1b: Indeedee|Trick Room|p1b: Indeedee\n|-fieldstart|move: Trick Room|[of] p1b: Indeedee\n|\n|upkeep\n|turn|2\n|\n|t:|1739804047\n|switch|p1a: Ursaluna|Ursaluna-Bloodmoon, L50, M|100\/100\n|move|p2b: Clefairy|After You|p2a: Calyrex\n|-activate|p2a: Calyrex|move: After You\n|move|p2a: Calyrex|Astral Barrage|p1a: Ursaluna|[spread] \n|-immune|p1a: Ursaluna\n|-immune|p1b: Indeedee\n|move|p1b: Indeedee|Psychic|p2b: Clefairy\n|-damage|p2b: Clefairy|20\/100\n|\n|upkeep\n|turn|3\n|inactive|fuleya has 30 seconds left.\n|\n|t:|1739804075\n|switch|p2a: Ogerpon|Ogerpon-Cornerstone, L50, F|100\/100\n|move|p2b: Clefairy|Follow Me|p2b: Clefairy\n|-singleturn|p2b: Clefairy|move: Follow Me\n|move|p1a: Ursaluna|Hyper Voice|p2a: Ogerpon|[spread] p2a,p2b\n|-resisted|p2a: Ogerpon\n|-damage|p2a: Ogerpon|79\/100\n|-damage|p2b: Clefairy|0 fnt\n|faint|p2b: Clefairy\n|move|p1b: Indeedee|Psychic|p2a: Ogerpon\n|-damage|p2a: Ogerpon|28\/100\n|\n|upkeep\n|\n|t:|1739804083\n|switch|p2b: Urshifu|Urshifu, L50, F|100\/100\n|turn|4\n|\n|t:|1739804101\n|move|p2b: Urshifu|Detect|p2b: Urshifu\n|-singleturn|p2b: Urshifu|Protect\n|move|p2a: Ogerpon|Spiky Shield|p2a: Ogerpon\n|-singleturn|p2a: Ogerpon|move: Protect\n|move|p1b: Indeedee|Follow Me|p1b: Indeedee\n|-singleturn|p1b: Indeedee|move: Follow Me\n|move|p1a: Ursaluna|Hyper Voice|p2b: Urshifu|[spread] \n|-activate|p2a: Ogerpon|move: Protect\n|-activate|p2b: Urshifu|move: Protect\n|\n|upkeep\n|turn|5\n|\n|t:|1739804124\n|move|p1a: Ursaluna|Protect|p1a: Ursaluna\n|-singleturn|p1a: Ursaluna|Protect\n|move|p1b: Indeedee|Follow Me|p1b: Indeedee\n|-singleturn|p1b: Indeedee|move: Follow Me\n|move|p2b: Urshifu|Wicked Blow|p1b: Indeedee\n|-supereffective|p1b: Indeedee\n|-crit|p1b: Indeedee\n|-damage|p1b: Indeedee|0 fnt\n|-damage|p2b: Urshifu|84\/100|[from] item: Rocky Helmet|[of] p1b: Indeedee\n|faint|p1b: Indeedee\n|move|p2a: Ogerpon|Horn Leech|p1a: Ursaluna\n|-activate|p1a: Ursaluna|move: Protect\n|\n|-fieldend|move: Trick Room\n|-fieldend|move: Psychic Terrain\n|upkeep\n|j| laslfg81\n|l| laslfg81\n|\n|t:|1739804137\n|switch|p1b: Moltres|Moltres-Galar, L50|100\/100\n|turn|6\n|\n|t:|1739804146\n|move|p2a: Ogerpon|Ivy Cudgel|p1b: Moltres|[anim] Ivy Cudgel Rock\n|-supereffective|p1b: Moltres\n|-damage|p1b: Moltres|0 fnt\n|faint|p1b: Moltres\n|move|p2b: Urshifu|Close Combat|p1a: Ursaluna\n|-supereffective|p1a: Ursaluna\n|-damage|p1a: Ursaluna|2\/100\n|-unboost|p2b: Urshifu|def|1\n|-unboost|p2b: Urshifu|spd|1\n|move|p1a: Ursaluna|Blood Moon|p2b: Urshifu\n|-damage|p2b: Urshifu|0 fnt\n|faint|p2b: Urshifu\n|\n|upkeep\n|\n|t:|1739804151\n|switch|p1b: Calyrex|Calyrex-Ice, L50, tera:Fairy|24\/100\n|switch|p2b: Calyrex|Calyrex-Shadow, L50, tera:Ghost|53\/100\n|-ability|p2b: Calyrex|As One\n|-ability|p2b: Calyrex|Unnerve\n|-ability|p1b: Calyrex|As One\n|-ability|p1b: Calyrex|Unnerve\n|turn|7\n|\n|t:|1739804157\n|move|p2b: Calyrex|Psychic|p1b: Calyrex\n|-damage|p1b: Calyrex|0 fnt\n|faint|p1b: Calyrex\n|-ability|p2b: Calyrex|Grim Neigh|boost\n|-boost|p2b: Calyrex|spa|1\n|move|p2a: Ogerpon|Ivy Cudgel|p1a: Ursaluna|[anim] Ivy Cudgel Rock\n|-resisted|p1a: Ursaluna\n|-damage|p1a: Ursaluna|0 fnt\n|faint|p1a: Ursaluna\n|\n|win|fuleya\n|raw|muu0315's rating: 1555 &rarr; <strong>1539<\/strong><br \/>(-16 for losing)\n|raw|fuleya's rating: 1625 &rarr; <strong>1641<\/strong><br \/>(+16 for winning)\n|l|\u2606fuleya\n|player|p2|\n|l| Harrie Harktand\n|l|\u2606muu0315\n|player|p1|\n|l| shengning2\n","uploadtime":1739804301,"views":5,"formatid":"gen9vgc2025regg","rating":1539,"private":0,"password":null}