{"id":"gen9vgc2025regg-2302068769","format":"[Gen 9] VGC 2025 Reg G","players":["ren122333","Hanou143"],"log":"|j|\u2606ren122333\n|j|\u2606Hanou143\n|t:|1739742963\n|gametype|doubles\n|player|p1|ren122333|hilbert|1519\n|player|p2|Hanou143|169|1571\n|teamsize|p1|6\n|teamsize|p2|6\n|gen|9\n|tier|[Gen 9] VGC 2025 Reg G\n|rated|\n|rule|Species Clause: Limit one of each Pok\u00e9mon\n|rule|Item Clause: Limit 1 of each item\n|clearpoke\n|poke|p1|Landorus, L50, M|\n|poke|p1|Dondozo, L50, F|\n|poke|p1|Tatsugiri, L50, F|\n|poke|p1|Kyurem-White, L50|\n|poke|p1|Ninetales-Alola, L50, M|\n|poke|p1|Tornadus, L50, M|\n|poke|p2|Calyrex-Shadow, L50|\n|poke|p2|Jigglypuff, L50, M|\n|poke|p2|Pelipper, L50, F|\n|poke|p2|Rillaboom, L50, F|\n|poke|p2|Incineroar, L50, M|\n|poke|p2|Urshifu-*, L50, M|\n|teampreview|4\n|inactive|Battle timer is ON: inactive players will automatically lose when time's up. (requested by ren122333)\n|\n|t:|1739742993\n|start\n|switch|p1a: Tornadus|Tornadus, L50, M|100\/100\n|switch|p1b: Ninetales|Ninetales-Alola, L50, M|100\/100\n|switch|p2a: Calyrex|Calyrex-Shadow, L50|100\/100\n|switch|p2b: Pelipper|Pelipper, L50, F|100\/100\n|-ability|p2a: Calyrex|As One\n|-ability|p2a: Calyrex|Unnerve\n|-weather|Snow|[from] ability: Snow Warning|[of] p1b: Ninetales\n|-weather|RainDance|[from] ability: Drizzle|[of] p2b: Pelipper\n|turn|1\n|\n|t:|1739743012\n|move|p1a: Tornadus|Tailwind|p1a: Tornadus\n|-sidestart|p1: ren122333|move: Tailwind\n|move|p1b: Ninetales|Snowscape|p1b: Ninetales\n|-weather|Snow\n|move|p2a: Calyrex|Astral Barrage|p1a: Tornadus|[spread] p1a,p1b\n|-damage|p1a: Tornadus|48\/100\n|-damage|p1b: Ninetales|46\/100\n|move|p2b: Pelipper|Hurricane|p1b: Ninetales\n|-damage|p1b: Ninetales|0 fnt\n|faint|p1b: Ninetales\n|\n|-weather|Snow|[upkeep]\n|upkeep\n|\n|t:|1739743029\n|switch|p1b: Kyurem|Kyurem-White, L50|100\/100\n|-ability|p1b: Kyurem|Turboblaze\n|turn|2\n|\n|t:|1739743036\n|switch|p2b: Jigglypuff|Jigglypuff, L50, M|100\/100\n|-terastallize|p1a: Tornadus|Dark\n|move|p1a: Tornadus|Tera Blast|p2a: Calyrex|[anim] Tera Blast Dark\n|-supereffective|p2a: Calyrex\n|-damage|p2a: Calyrex|0 fnt\n|faint|p2a: Calyrex\n|move|p1b: Kyurem|Freeze-Dry|p2b: Jigglypuff\n|-damage|p2b: Jigglypuff|54\/100\n|\n|-weather|Snow|[upkeep]\n|upkeep\n|\n|t:|1739743045\n|switch|p2a: Incineroar|Incineroar, L50, M|100\/100\n|-ability|p2a: Incineroar|Intimidate|boost\n|-unboost|p1a: Tornadus|atk|1\n|-unboost|p1b: Kyurem|atk|1\n|turn|3\n|j| JV08\n|inactive|Hanou143 has 30 seconds left.\n|\n|t:|1739743072\n|move|p1a: Tornadus|Bleakwind Storm|p2b: Jigglypuff|[spread] p2b\n|-miss|p1a: Tornadus|p2a: Incineroar\n|-damage|p2b: Jigglypuff|15\/100\n|move|p1b: Kyurem|Blizzard|p2a: Incineroar|[spread] p2a,p2b\n|-resisted|p2a: Incineroar\n|-damage|p2a: Incineroar|76\/100\n|-damage|p2b: Jigglypuff|0 fnt\n|faint|p2b: Jigglypuff\n|move|p2a: Incineroar|Flare Blitz|p1a: Tornadus\n|-damage|p1a: Tornadus|0 fnt\n|faint|p1a: Tornadus\n|-damage|p2a: Incineroar|59\/100|[from] Recoil\n|\n|-weather|Snow|[upkeep]\n|upkeep\n|\n|t:|1739743082\n|switch|p1a: Landorus|Landorus, L50, M|100\/100\n|switch|p2b: Pelipper|Pelipper, L50, F|100\/100\n|-weather|RainDance|[from] ability: Drizzle|[of] p2b: Pelipper\n|turn|4\n|\n|t:|1739743095\n|-terastallize|p2a: Incineroar|Grass\n|move|p1a: Landorus|Earth Power|p2a: Incineroar\n|-resisted|p2a: Incineroar\n|-damage|p2a: Incineroar|26\/100\n|-enditem|p2a: Incineroar|Sitrus Berry|[eat]\n|-heal|p2a: Incineroar|51\/100|[from] item: Sitrus Berry\n|move|p1b: Kyurem|Freeze-Dry|p2b: Pelipper\n|-supereffective|p2b: Pelipper\n|-enditem|p2b: Pelipper|Focus Sash\n|-damage|p2b: Pelipper|1\/100\n|move|p2b: Pelipper|Tailwind|p2b: Pelipper\n|-sidestart|p2: Hanou143|move: Tailwind\n|move|p2a: Incineroar|Knock Off|p1a: Landorus\n|-damage|p1a: Landorus|40\/100\n|-enditem|p1a: Landorus|Life Orb|[from] move: Knock Off|[of] p2a: Incineroar\n|\n|-weather|RainDance|[upkeep]\n|-sideend|p1: ren122333|move: Tailwind\n|upkeep\n|turn|5\n|inactive|Hanou143 has 30 seconds left.\n|inactive|Hanou143 has 20 seconds left.\n|inactive|Hanou143 has 15 seconds left.\n|\n|t:|1739743139\n|move|p2b: Pelipper|Hurricane|p1b: Kyurem\n|-crit|p1b: Kyurem\n|-damage|p1b: Kyurem|64\/100\n|move|p1a: Landorus|Grass Knot|p2b: Pelipper\n|-damage|p2b: Pelipper|0 fnt\n|faint|p2b: Pelipper\n|move|p2a: Incineroar|Knock Off|p1a: Landorus\n|-crit|p1a: Landorus\n|-damage|p1a: Landorus|0 fnt\n|faint|p1a: Landorus\n|move|p1b: Kyurem|Freeze-Dry|p2a: Incineroar\n|-supereffective|p2a: Incineroar\n|-damage|p2a: Incineroar|0 fnt\n|faint|p2a: Incineroar\n|\n|win|ren122333\n|raw|ren122333's rating: 1519 &rarr; <strong>1542<\/strong><br \/>(+23 for winning)\n|raw|Hanou143's rating: 1571 &rarr; <strong>1548<\/strong><br \/>(-23 for losing)\n|l|\u2606Hanou143\n|player|p2|\n|l|\u2606ren122333\n|player|p1|\n|l| JV08\n","uploadtime":1739743326,"views":7,"formatid":"gen9vgc2025regg","rating":1542,"private":0,"password":null}