{"id":"gen9vgc2025regg-2302866859","format":"[Gen 9] VGC 2025 Reg G","players":["21625q","xatseye"],"log":"|j|\u260621625q\n|j|\u2606xatseye\n|t:|1739848240\n|gametype|doubles\n|player|p1|21625q|courtney|1616\n|player|p2|xatseye|unknown|1644\n|teamsize|p1|6\n|teamsize|p2|6\n|gen|9\n|tier|[Gen 9] VGC 2025 Reg G\n|rated|\n|rule|Species Clause: Limit one of each Pok\u00e9mon\n|rule|Item Clause: Limit 1 of each item\n|clearpoke\n|poke|p1|Tatsugiri, L50, M|\n|poke|p1|Chi-Yu, L50|\n|poke|p1|Dragonite, L50, M|\n|poke|p1|Dondozo, L50, M|\n|poke|p1|Gholdengo, L50|\n|poke|p1|Miraidon, L50|\n|poke|p2|Miraidon, L50|\n|poke|p2|Incineroar, L50, M|\n|poke|p2|Oranguru, L50, M|\n|poke|p2|Clefairy, L50, F|\n|poke|p2|Baxcalibur, L50, F|\n|poke|p2|Whimsicott, L50, M|\n|teampreview|4\n|inactive|Battle timer is ON: inactive players will automatically lose when time's up. (requested by xatseye)\n|inactive|21625q has 60 seconds left.\n|\n|t:|1739848275\n|start\n|switch|p1a: Miraidon|Miraidon, L50|100\/100\n|switch|p1b: Chi-Yu|Chi-Yu, L50|100\/100\n|switch|p2a: Miraidon|Miraidon, L50|100\/100\n|switch|p2b: Incineroar|Incineroar, L50, M|100\/100\n|-fieldstart|move: Electric Terrain|[from] ability: Hadron Engine|[of] p1a: Miraidon\n|-enditem|p2a: Miraidon|Electric Seed\n|-boost|p2a: Miraidon|def|1|[from] item: Electric Seed\n|-activate|p2a: Miraidon|ability: Hadron Engine\n|-ability|p1b: Chi-Yu|Beads of Ruin\n|-ability|p2b: Incineroar|Intimidate|boost\n|-unboost|p1a: Miraidon|atk|1\n|-unboost|p1b: Chi-Yu|atk|1\n|turn|1\n|j| 413XP\n|\n|t:|1739848291\n|move|p1b: Chi-Yu|Protect|p1b: Chi-Yu\n|-singleturn|p1b: Chi-Yu|Protect\n|move|p2b: Incineroar|Fake Out|p1a: Miraidon\n|-damage|p1a: Miraidon|90\/100\n|cant|p1a: Miraidon|flinch\n|move|p2a: Miraidon|Calm Mind|p2a: Miraidon\n|-boost|p2a: Miraidon|spa|1\n|-boost|p2a: Miraidon|spd|1\n|\n|upkeep\n|turn|2\n|j| NanshanVGC\n|inactive|xatseye has 30 seconds left.\n|\n|t:|1739848321\n|-terastallize|p2a: Miraidon|Electric\n|move|p1a: Miraidon|Electro Drift|p2b: Incineroar\n|-damage|p2b: Incineroar|0 fnt\n|faint|p2b: Incineroar\n|move|p2a: Miraidon|Parabolic Charge|p1a: Miraidon|[spread] p1a,p1b\n|-resisted|p1a: Miraidon\n|-damage|p1a: Miraidon|74\/100\n|-enditem|p1b: Chi-Yu|Focus Sash\n|-damage|p1b: Chi-Yu|1\/100\n|move|p1b: Chi-Yu|Heat Wave|p2a: Miraidon\n|-damage|p2a: Miraidon|61\/100\n|\n|upkeep\n|\n|t:|1739848334\n|switch|p2b: Whimsicott|Whimsicott, L50, M|100\/100\n|turn|3\n|\n|t:|1739848351\n|move|p2b: Whimsicott|Tailwind|p2b: Whimsicott\n|-sidestart|p2: xatseye|move: Tailwind\n|move|p2a: Miraidon|Dragon Pulse|p1a: Miraidon\n|-supereffective|p1a: Miraidon\n|-damage|p1a: Miraidon|0 fnt\n|faint|p1a: Miraidon\n|move|p1b: Chi-Yu|Heat Wave|p2a: Miraidon|[spread] p2a,p2b\n|-supereffective|p2b: Whimsicott\n|-damage|p2a: Miraidon|31\/100\n|-enditem|p2b: Whimsicott|Focus Sash\n|-damage|p2b: Whimsicott|1\/100\n|\n|upkeep\n|\n|t:|1739848358\n|switch|p1a: Dragonite|Dragonite, L50, M|100\/100\n|turn|4\n|\n|t:|1739848373\n|-terastallize|p1a: Dragonite|Normal\n|move|p1a: Dragonite|Extreme Speed|p2a: Miraidon\n|-damage|p2a: Miraidon|0 fnt\n|faint|p2a: Miraidon\n|move|p2b: Whimsicott|Moonblast|p1a: Dragonite\n|-damage|p1a: Dragonite|79\/100\n|move|p1b: Chi-Yu|Heat Wave|p2b: Whimsicott\n|-supereffective|p2b: Whimsicott\n|-damage|p2b: Whimsicott|0 fnt\n|faint|p2b: Whimsicott\n|\n|upkeep\n|\n|t:|1739848385\n|switch|p2b: Baxcalibur|Baxcalibur, L50, F|100\/100\n|turn|5\n|\n|t:|1739848394\n|move|p1a: Dragonite|Extreme Speed|p2b: Baxcalibur\n|-damage|p2b: Baxcalibur|30\/100\n|move|p2b: Baxcalibur|Ice Shard|p1b: Chi-Yu\n|-resisted|p1b: Chi-Yu\n|-damage|p1b: Chi-Yu|0 fnt\n|faint|p1b: Chi-Yu\n|\n|-fieldend|move: Electric Terrain\n|upkeep\n|\n|t:|1739848398\n|switch|p1b: Gholdengo|Gholdengo, L50|100\/100\n|turn|6\n|-message|xatseye forfeited.\n|\n|win|21625q\n|raw|21625q's rating: 1616 &rarr; <strong>1638<\/strong><br \/>(+22 for winning)\n|raw|xatseye's rating: 1644 &rarr; <strong>1622<\/strong><br \/>(-22 for losing)\n|l|\u2606xatseye\n|player|p2|\n|l|\u260621625q\n|player|p1|\n|l| NanshanVGC\n","uploadtime":1739848596,"views":10,"formatid":"gen9vgc2025regg","rating":1622,"private":0,"password":null}