{"id":"gen9vgc2025regg-2302134373","format":"[Gen 9] VGC 2025 Reg G","players":["pokehys4","aoiharada"],"log":"|j|\u2606pokehys4\n|j|\u2606aoiharada\n|t:|1739750903\n|gametype|doubles\n|player|p1|pokehys4|bruno|1554\n|player|p2|aoiharada|170|1625\n|teamsize|p1|6\n|teamsize|p2|6\n|gen|9\n|tier|[Gen 9] VGC 2025 Reg G\n|rated|\n|rule|Species Clause: Limit one of each Pok\u00e9mon\n|rule|Item Clause: Limit 1 of each item\n|clearpoke\n|poke|p1|Weezing-Galar, L50, M|\n|poke|p1|Iron Valiant, L50|\n|poke|p1|Calyrex-Shadow, L50|\n|poke|p1|Roaring Moon, L50|\n|poke|p1|Maushold, L50|\n|poke|p1|Okidogi, L50, M|\n|poke|p2|Weezing-Galar, L50, M|\n|poke|p2|Calyrex-Shadow, L50|\n|poke|p2|Dondozo, L50, F|\n|poke|p2|Tatsugiri, L50, M|\n|poke|p2|Incineroar, L50, M|\n|poke|p2|Roaring Moon, L50|\n|teampreview|4\n|inactive|Battle timer is ON: inactive players will automatically lose when time's up. (requested by pokehys4)\n|inactive|aoiharada has 60 seconds left.\n|\n|t:|1739750938\n|start\n|switch|p1a: Roaring Moon|Roaring Moon, L50|100\/100\n|switch|p1b: Okidogi|Okidogi, L50, M|100\/100\n|switch|p2a: Calyrex|Calyrex-Shadow, L50|100\/100\n|switch|p2b: Roaring Moon|Roaring Moon, L50|100\/100\n|-ability|p2a: Calyrex|As One\n|-ability|p2a: Calyrex|Unnerve\n|-enditem|p1a: Roaring Moon|Booster Energy\n|-activate|p1a: Roaring Moon|ability: Protosynthesis|[fromitem]\n|-start|p1a: Roaring Moon|protosynthesisspe\n|turn|1\n|inactive|pokehys4 has 30 seconds left.\n|\n|t:|1739750966\n|-terastallize|p2b: Roaring Moon|Fairy\n|move|p1a: Roaring Moon|Tailwind|p1a: Roaring Moon\n|-sidestart|p1: pokehys4|move: Tailwind\n|move|p1b: Okidogi|Drain Punch|p2b: Roaring Moon\n|-resisted|p2b: Roaring Moon\n|-damage|p2b: Roaring Moon|75\/100\n|move|p2a: Calyrex|Psychic|p1b: Okidogi\n|-supereffective|p1b: Okidogi\n|-damage|p1b: Okidogi|0 fnt\n|faint|p1b: Okidogi\n|-ability|p2a: Calyrex|Grim Neigh|boost\n|-boost|p2a: Calyrex|spa|1\n|move|p2b: Roaring Moon|Tera Blast|p1a: Roaring Moon|[anim] Tera Blast Fairy\n|-supereffective|p1a: Roaring Moon\n|-damage|p1a: Roaring Moon|0 fnt\n|faint|p1a: Roaring Moon\n|-end|p1a: Roaring Moon|Protosynthesis|[silent]\n|\n|upkeep\n|\n|t:|1739750973\n|switch|p1a: Calyrex|Calyrex-Shadow, L50|100\/100\n|switch|p1b: Iron Valiant|Iron Valiant, L50|100\/100\n|-ability|p1a: Calyrex|As One\n|-ability|p1a: Calyrex|Unnerve\n|turn|2\n|\n|t:|1739750996\n|switch|p2a: Dondozo|Dondozo, L50, F|100\/100\n|-end|p2b: Roaring Moon|Protosynthesis|[silent]\n|switch|p2b: Tatsugiri|Tatsugiri, L50, M|100\/100\n|-activate|p2b: Tatsugiri|ability: Commander|[of] p2a: Dondozo\n|-boost|p2a: Dondozo|atk|2\n|-boost|p2a: Dondozo|spa|2\n|-boost|p2a: Dondozo|spe|2\n|-boost|p2a: Dondozo|def|2\n|-boost|p2a: Dondozo|spd|2\n|-terastallize|p1a: Calyrex|Ghost\n|move|p1a: Calyrex|Astral Barrage|p2b: Tatsugiri|[spread] p2a\n|-miss|p1a: Calyrex|p2b: Tatsugiri\n|-damage|p2a: Dondozo|45\/100\n|move|p1b: Iron Valiant|Moonblast|p2a: Dondozo\n|-damage|p2a: Dondozo|23\/100\n|\n|-heal|p2a: Dondozo|29\/100|[from] item: Leftovers\n|upkeep\n|turn|3\n|\n|t:|1739751016\n|move|p2a: Dondozo|Protect|p2a: Dondozo\n|-singleturn|p2a: Dondozo|Protect\n|move|p1a: Calyrex|Astral Barrage|p2a: Dondozo|[spread] \n|-miss|p1a: Calyrex|p2b: Tatsugiri\n|-activate|p2a: Dondozo|move: Protect\n|move|p1b: Iron Valiant|Moonblast|p2b: Tatsugiri|[miss]\n|-miss|p1b: Iron Valiant|p2b: Tatsugiri\n|\n|-heal|p2a: Dondozo|36\/100|[from] item: Leftovers\n|upkeep\n|turn|4\n|\n|t:|1739751024\n|move|p1a: Calyrex|Astral Barrage|p2b: Tatsugiri|[spread] p2a\n|-miss|p1a: Calyrex|p2b: Tatsugiri\n|-damage|p2a: Dondozo|0 fnt\n|faint|p2a: Dondozo\n|-ability|p1a: Calyrex|Grim Neigh|boost\n|-boost|p1a: Calyrex|spa|1\n|move|p1b: Iron Valiant|Moonblast|p2b: Tatsugiri\n|-supereffective|p2b: Tatsugiri\n|-enditem|p2b: Tatsugiri|Focus Sash\n|-damage|p2b: Tatsugiri|1\/100\n|-unboost|p2b: Tatsugiri|spa|1\n|\n|-sideend|p1: pokehys4|move: Tailwind\n|upkeep\n|\n|t:|1739751033\n|switch|p2a: Roaring Moon|Roaring Moon, L50, tera:Fairy|75\/100\n|turn|5\n|\n|t:|1739751050\n|move|p2b: Tatsugiri|Protect|p2b: Tatsugiri\n|-singleturn|p2b: Tatsugiri|Protect\n|move|p1a: Calyrex|Astral Barrage|p2a: Roaring Moon|[spread] p2a\n|-activate|p2b: Tatsugiri|move: Protect\n|-damage|p2a: Roaring Moon|0 fnt\n|faint|p2a: Roaring Moon\n|-end|p2a: Roaring Moon|Protosynthesis|[silent]\n|-ability|p1a: Calyrex|Grim Neigh|boost\n|-boost|p1a: Calyrex|spa|1\n|move|p1b: Iron Valiant|Moonblast|p2b: Tatsugiri\n|-activate|p2b: Tatsugiri|move: Protect\n|\n|upkeep\n|-message|aoiharada forfeited.\n|\n|win|pokehys4\n|raw|pokehys4's rating: 1554 &rarr; <strong>1578<\/strong><br \/>(+24 for winning)\n|raw|aoiharada's rating: 1625 &rarr; <strong>1601<\/strong><br \/>(-24 for losing)\n|l|\u2606aoiharada\n|player|p2|\n|l|\u2606pokehys4\n|player|p1|\n","uploadtime":1739751221,"views":15,"formatid":"gen9vgc2025regg","rating":1578,"private":0,"password":null}