{"id":"gen9vgc2025regg-2302060548","format":"[Gen 9] VGC 2025 Reg G","players":["chiefclarko11","Kaicyios"],"log":"|j|\u2606chiefclarko11\n|j|\u2606Kaicyios\n|t:|1739742037\n|gametype|doubles\n|player|p1|chiefclarko11|266|1622\n|player|p2|Kaicyios|giovanni|1636\n|teamsize|p1|6\n|teamsize|p2|6\n|gen|9\n|tier|[Gen 9] VGC 2025 Reg G\n|rated|\n|rule|Species Clause: Limit one of each Pok\u00e9mon\n|rule|Item Clause: Limit 1 of each item\n|clearpoke\n|poke|p1|Calyrex-Ice, L50|\n|poke|p1|Urshifu-*, L50, F|\n|poke|p1|Raging Bolt, L50|\n|poke|p1|Ogerpon-Hearthflame, L50, F|\n|poke|p1|Landorus, L50, M|\n|poke|p1|Roaring Moon, L50|\n|poke|p2|Groudon, L50|\n|poke|p2|Tornadus, L50, M|\n|poke|p2|Flutter Mane, L50|\n|poke|p2|Chi-Yu, L50|\n|poke|p2|Raging Bolt, L50|\n|poke|p2|Ditto, L50|\n|teampreview|4\n|j| mr pogostick\n|\n|t:|1739742076\n|start\n|switch|p1a: Roaring Moon|Roaring Moon, L50|100\/100\n|switch|p1b: Ogerpon|Ogerpon-Hearthflame, L50, F|100\/100\n|switch|p2a: Tornadus|Tornadus, L50, M|100\/100\n|switch|p2b: Flutter Mane|Flutter Mane, L50|100\/100\n|-ability|p1b: Ogerpon|Mold Breaker\n|-enditem|p1a: Roaring Moon|Booster Energy\n|-activate|p1a: Roaring Moon|ability: Protosynthesis|[fromitem]\n|-start|p1a: Roaring Moon|protosynthesisatk\n|turn|1\n|\n|t:|1739742121\n|-terastallize|p2b: Flutter Mane|Fairy\n|move|p1a: Roaring Moon|Protect|p1a: Roaring Moon\n|-singleturn|p1a: Roaring Moon|Protect\n|move|p2b: Flutter Mane|Moonblast|p1a: Roaring Moon\n|-activate|p1a: Roaring Moon|move: Protect\n|move|p2a: Tornadus|Bleakwind Storm|p1a: Roaring Moon|[spread] p1b\n|-activate|p1a: Roaring Moon|move: Protect\n|-supereffective|p1b: Ogerpon\n|-damage|p1b: Ogerpon|14\/100\n|-unboost|p1b: Ogerpon|spe|1\n|move|p1b: Ogerpon|Ivy Cudgel|p2b: Flutter Mane|[anim] Ivy Cudgel Fire\n|-damage|p2b: Flutter Mane|0 fnt\n|faint|p2b: Flutter Mane\n|-end|p2b: Flutter Mane|Protosynthesis|[silent]\n|\n|upkeep\n|\n|t:|1739742135\n|switch|p2b: Groudon|Groudon, L50|100\/100\n|-weather|SunnyDay|[from] ability: Drought|[of] p2b: Groudon\n|turn|2\n|inactive|Battle timer is ON: inactive players will automatically lose when time's up. (requested by Kaicyios)\n|\n|t:|1739742168\n|move|p1b: Ogerpon|Spiky Shield|p1b: Ogerpon\n|-singleturn|p1b: Ogerpon|move: Protect\n|move|p2a: Tornadus|Bleakwind Storm|p1a: Roaring Moon|[spread] p1a\n|-activate|p1b: Ogerpon|move: Protect\n|-damage|p1a: Roaring Moon|63\/100\n|move|p1a: Roaring Moon|Tailwind|p1a: Roaring Moon\n|-sidestart|p1: chiefclarko11|move: Tailwind\n|move|p2b: Groudon|High Horsepower|p1a: Roaring Moon\n|-damage|p1a: Roaring Moon|0 fnt\n|faint|p1a: Roaring Moon\n|-end|p1a: Roaring Moon|Protosynthesis|[silent]\n|\n|-weather|SunnyDay|[upkeep]\n|upkeep\n|\n|t:|1739742181\n|switch|p1a: Calyrex|Calyrex-Ice, L50|100\/100\n|-ability|p1a: Calyrex|As One\n|-ability|p1a: Calyrex|Unnerve\n|turn|3\n|\n|t:|1739742195\n|move|p2a: Tornadus|Tailwind|p2a: Tornadus\n|-sidestart|p2: Kaicyios|move: Tailwind\n|move|p1b: Ogerpon|Ivy Cudgel|p2b: Groudon|[anim] Ivy Cudgel Fire\n|-damage|p2b: Groudon|38\/100\n|move|p2b: Groudon|Precipice Blades|p1a: Calyrex|[spread] p1a,p1b\n|-damage|p1a: Calyrex|65\/100\n|-damage|p1b: Ogerpon|0 fnt\n|faint|p1b: Ogerpon\n|move|p1a: Calyrex|Glacial Lance|p2b: Groudon|[spread] p2a,p2b\n|-supereffective|p2a: Tornadus\n|-supereffective|p2b: Groudon\n|-enditem|p2a: Tornadus|Focus Sash\n|-damage|p2a: Tornadus|1\/100\n|-damage|p2b: Groudon|0 fnt\n|faint|p2b: Groudon\n|-ability|p1a: Calyrex|Chilling Neigh|boost\n|-boost|p1a: Calyrex|atk|1\n|\n|-weather|SunnyDay|[upkeep]\n|upkeep\n|\n|t:|1739742215\n|switch|p1b: Landorus|Landorus, L50, M|100\/100\n|switch|p2b: Ditto|Ditto, L50|100\/100\n|-transform|p2b: Ditto|p1a: Calyrex|[from] ability: Imposter\n|-ability|p2b: Ditto|As One\n|-ability|p2b: Ditto|Unnerve\n|turn|4\n|inactive|chiefclarko11 has 30 seconds left.\n|\n|t:|1739742240\n|move|p1b: Landorus|Protect|p1b: Landorus\n|-singleturn|p1b: Landorus|Protect\n|move|p2a: Tornadus|Bleakwind Storm|p1a: Calyrex|[spread] p1a\n|-activate|p1b: Landorus|move: Protect\n|-damage|p1a: Calyrex|37\/100\n|move|p1a: Calyrex|Glacial Lance|p2b: Ditto|[spread] p2a,p2b\n|-supereffective|p2a: Tornadus\n|-resisted|p2b: Ditto\n|-damage|p2a: Tornadus|0 fnt\n|-damage|p2b: Ditto|66\/100\n|faint|p2a: Tornadus\n|-ability|p1a: Calyrex|Chilling Neigh|boost\n|-boost|p1a: Calyrex|atk|1\n|move|p2b: Ditto|Trick Room|p2b: Ditto\n|-fieldstart|move: Trick Room|[of] p2b: Ditto\n|-enditem|p2b: Ditto|Room Service\n|-unboost|p2b: Ditto|spe|1|[from] item: Room Service\n|\n|-weather|SunnyDay|[upkeep]\n|upkeep\n|turn|5\n|inactive|chiefclarko11 has 30 seconds left.\n|inactive|Kaicyios has 30 seconds left.\n|\n|t:|1739742274\n|-terastallize|p1b: Landorus|Water\n|move|p1a: Calyrex|Protect|p1a: Calyrex\n|-singleturn|p1a: Calyrex|Protect\n|move|p2b: Ditto|Glacial Lance|p1a: Calyrex|[spread] p1b\n|-activate|p1a: Calyrex|move: Protect\n|-resisted|p1b: Landorus\n|-damage|p1b: Landorus|43\/100\n|move|p1b: Landorus|Earth Power|p2b: Ditto\n|-damage|p2b: Ditto|0 fnt\n|faint|p2b: Ditto\n|\n|win|chiefclarko11\n|raw|chiefclarko11's rating: 1622 &rarr; <strong>1643<\/strong><br \/>(+21 for winning)\n|raw|Kaicyios's rating: 1636 &rarr; <strong>1615<\/strong><br \/>(-21 for losing)\n|l|\u2606chiefclarko11\n|player|p1|\n|l|\u2606Kaicyios\n|player|p2|\n|l| mr pogostick\n","uploadtime":1739742495,"views":5,"formatid":"gen9vgc2025regg","rating":1615,"private":0,"password":null}