{"id":"gen9vgc2025regg-2302151728","format":"[Gen 9] VGC 2025 Reg G","players":["jecheonjo","Spottedwoot"],"log":"|j|\u2606jecheonjo\n|j|\u2606Spottedwoot\n|t:|1739753115\n|gametype|doubles\n|player|p1|jecheonjo|steven|1617\n|player|p2|Spottedwoot|266|1655\n|teamsize|p1|6\n|teamsize|p2|6\n|gen|9\n|tier|[Gen 9] VGC 2025 Reg G\n|rated|\n|rule|Species Clause: Limit one of each Pok\u00e9mon\n|rule|Item Clause: Limit 1 of each item\n|clearpoke\n|poke|p1|Terapagos, L50, M|\n|poke|p1|Tornadus, L50, M|\n|poke|p1|Incineroar, L50, M|\n|poke|p1|Amoonguss, L50, M|\n|poke|p1|Flutter Mane, L50|\n|poke|p1|Urshifu-*, L50, M|\n|poke|p2|Zamazenta-*, L50|\n|poke|p2|Chien-Pao, L50|\n|poke|p2|Entei, L50|\n|poke|p2|Raging Bolt, L50|\n|poke|p2|Rillaboom, L50, M|\n|poke|p2|Farigiraf, L50, M|\n|teampreview|4\n|inactive|Battle timer is ON: inactive players will automatically lose when time's up. (requested by Spottedwoot)\n|inactive|jecheonjo has 60 seconds left.\n|\n|t:|1739753158\n|start\n|switch|p1a: Flutter Mane|Flutter Mane, L50|100\/100\n|switch|p1b: Tornadus|Tornadus, L50, M|100\/100\n|switch|p2a: Zamazenta|Zamazenta-Crowned, L50|100\/100\n|switch|p2b: Entei|Entei, L50|100\/100\n|-ability|p2a: Zamazenta|Dauntless Shield|boost\n|-boost|p2a: Zamazenta|def|1\n|turn|1\n|j| pmc21\n|\n|t:|1739753179\n|move|p1b: Tornadus|Rain Dance|p1b: Tornadus\n|-weather|RainDance\n|move|p1a: Flutter Mane|Moonblast|p2a: Zamazenta\n|-damage|p2a: Zamazenta|48\/100\n|-unboost|p2a: Zamazenta|spa|1\n|move|p2a: Zamazenta|Heavy Slam|p1a: Flutter Mane\n|-supereffective|p1a: Flutter Mane\n|-damage|p1a: Flutter Mane|0 fnt\n|faint|p1a: Flutter Mane\n|-end|p1a: Flutter Mane|Protosynthesis|[silent]\n|move|p2b: Entei|Sacred Fire|p1b: Tornadus\n|-damage|p1b: Tornadus|40\/100\n|\n|-weather|RainDance|[upkeep]\n|upkeep\n|\n|t:|1739753193\n|switch|p1a: Urshifu|Urshifu-Rapid-Strike, L50, M|100\/100\n|turn|2\n|inactive|jecheonjo has 30 seconds left.\n|\n|t:|1739753221\n|switch|p2a: Raging Bolt|Raging Bolt, L50|100\/100\n|-enditem|p2a: Raging Bolt|Booster Energy\n|-activate|p2a: Raging Bolt|ability: Protosynthesis|[fromitem]\n|-start|p2a: Raging Bolt|protosynthesisspa\n|-terastallize|p1b: Tornadus|Ghost\n|move|p1b: Tornadus|Bleakwind Storm|p2b: Entei|[spread] p2a,p2b\n|-resisted|p2a: Raging Bolt\n|-damage|p2a: Raging Bolt|86\/100\n|-damage|p2b: Entei|60\/100\n|move|p2b: Entei|Sacred Fire|p1b: Tornadus\n|-damage|p1b: Tornadus|0 fnt\n|faint|p1b: Tornadus\n|move|p1a: Urshifu|Surging Strikes|p2b: Entei\n|-supereffective|p2b: Entei\n|-crit|p2b: Entei\n|-damage|p2b: Entei|0 fnt\n|faint|p2b: Entei\n|-hitcount|p2: Entei|1\n|\n|-weather|RainDance|[upkeep]\n|upkeep\n|\n|t:|1739753239\n|switch|p1b: Amoonguss|Amoonguss, L50, M|100\/100\n|switch|p2b: Zamazenta|Zamazenta-Crowned, L50|48\/100\n|turn|3\n|\n|t:|1739753250\n|move|p2a: Raging Bolt|Protect|p2a: Raging Bolt\n|-singleturn|p2a: Raging Bolt|Protect\n|move|p1b: Amoonguss|Protect|p1b: Amoonguss\n|-singleturn|p1b: Amoonguss|Protect\n|move|p2b: Zamazenta|Heavy Slam|p1b: Amoonguss\n|-activate|p1b: Amoonguss|move: Protect\n|move|p1a: Urshifu|Surging Strikes|p2a: Raging Bolt\n|-resisted|p2a: Raging Bolt\n|-crit|p2a: Raging Bolt\n|-damage|p2a: Raging Bolt|69\/100\n|-resisted|p2a: Raging Bolt\n|-crit|p2a: Raging Bolt\n|-damage|p2a: Raging Bolt|52\/100\n|-resisted|p2a: Raging Bolt\n|-crit|p2a: Raging Bolt\n|-damage|p2a: Raging Bolt|36\/100\n|-hitcount|p2a: Raging Bolt|3\n|\n|-weather|RainDance|[upkeep]\n|upkeep\n|turn|4\n|inactive|jecheonjo has 30 seconds left.\n|inactive|Spottedwoot has 30 seconds left.\n|inactive|jecheonjo has 20 seconds left.\n|inactive|jecheonjo has 15 seconds left.\n|\n|t:|1739753295\n|-terastallize|p2b: Zamazenta|Dragon\n|move|p2a: Raging Bolt|Thunderclap|p1a: Urshifu\n|-supereffective|p1a: Urshifu\n|-damage|p1a: Urshifu|0 fnt\n|faint|p1a: Urshifu\n|move|p2b: Zamazenta|Iron Defense|p2b: Zamazenta\n|-boost|p2b: Zamazenta|def|2\n|move|p1b: Amoonguss|Spore|p2b: Zamazenta\n|-status|p2b: Zamazenta|slp|[from] move: Spore\n|\n|-weather|RainDance|[upkeep]\n|upkeep\n|turn|5\n|-message|jecheonjo forfeited.\n|\n|win|Spottedwoot\n|raw|jecheonjo's rating: 1617 &rarr; <strong>1599<\/strong><br \/>(-18 for losing)\n|raw|Spottedwoot's rating: 1655 &rarr; <strong>1673<\/strong><br \/>(+18 for winning)\n|l|\u2606jecheonjo\n|player|p1|\n","uploadtime":1739753304,"views":49,"formatid":"gen9vgc2025regg","rating":1599,"private":0,"password":null}