{"id":"gen9vgc2025regg-2302068266","format":"[Gen 9] VGC 2025 Reg G","players":["parrotboy","Spottedwoot"],"log":"|j|\u2606parrotboy\n|j|\u2606Spottedwoot\n|t:|1739742908\n|gametype|doubles\n|player|p1|parrotboy|hiker-gen4|1576\n|player|p2|Spottedwoot|265|1585\n|teamsize|p1|6\n|teamsize|p2|6\n|gen|9\n|tier|[Gen 9] VGC 2025 Reg G\n|rated|\n|rule|Species Clause: Limit one of each Pok\u00e9mon\n|rule|Item Clause: Limit 1 of each item\n|clearpoke\n|poke|p1|Zamazenta-*, L50|\n|poke|p1|Raichu, L50, F|\n|poke|p1|Gholdengo, L50|\n|poke|p1|Ogerpon-Wellspring, L50, F|\n|poke|p1|Politoed, L50, M|\n|poke|p1|Chien-Pao, L50|\n|poke|p2|Zamazenta-*, L50|\n|poke|p2|Chien-Pao, L50|\n|poke|p2|Entei, L50|\n|poke|p2|Raging Bolt, L50|\n|poke|p2|Rillaboom, L50, F|\n|poke|p2|Farigiraf, L50, M|\n|teampreview|4\n|\n|t:|1739742942\n|start\n|switch|p1a: Ogerpon|Ogerpon-Wellspring, L50, F|100\/100\n|switch|p1b: Politoed|Politoed, L50, M|100\/100\n|switch|p2a: Zamazenta|Zamazenta-Crowned, L50|100\/100\n|switch|p2b: Chien-Pao|Chien-Pao, L50|100\/100\n|-ability|p2b: Chien-Pao|Sword of Ruin\n|-ability|p2a: Zamazenta|Dauntless Shield|boost\n|-boost|p2a: Zamazenta|def|1\n|-weather|RainDance|[from] ability: Drizzle|[of] p1b: Politoed\n|turn|1\n|inactive|Battle timer is ON: inactive players will automatically lose when time's up. (requested by parrotboy)\n|j| JV08\n|\n|t:|1739742963\n|move|p2b: Chien-Pao|Protect|p2b: Chien-Pao\n|-singleturn|p2b: Chien-Pao|Protect\n|move|p2a: Zamazenta|Body Press|p1b: Politoed\n|-damage|p1b: Politoed|1\/100\n|move|p1a: Ogerpon|Taunt|p2a: Zamazenta\n|-start|p2a: Zamazenta|move: Taunt\n|move|p1b: Politoed|Haze|p1b: Politoed\n|-clearallboost\n|\n|-weather|RainDance|[upkeep]\n|upkeep\n|turn|2\n|\n|t:|1739742975\n|move|p1a: Ogerpon|Follow Me|p1a: Ogerpon\n|-singleturn|p1a: Ogerpon|move: Follow Me\n|move|p2b: Chien-Pao|Icicle Crash|p1a: Ogerpon\n|-damage|p1a: Ogerpon|44\/100\n|move|p2a: Zamazenta|Body Press|p1a: Ogerpon\n|-damage|p1a: Ogerpon|0 fnt\n|faint|p1a: Ogerpon\n|move|p1b: Politoed|Muddy Water|p2b: Chien-Pao|[spread] p2a,p2b\n|-damage|p2a: Zamazenta|64\/100\n|-damage|p2b: Chien-Pao|15\/100\n|-unboost|p2b: Chien-Pao|accuracy|1\n|-damage|p1b: Politoed|0 fnt|[from] item: Life Orb\n|faint|p1b: Politoed\n|\n|-weather|RainDance|[upkeep]\n|upkeep\n|\n|t:|1739742989\n|switch|p1a: Zamazenta|Zamazenta-Crowned, L50|100\/100\n|switch|p1b: Raichu|Raichu, L50, F|100\/100\n|-ability|p1a: Zamazenta|Dauntless Shield|boost\n|-boost|p1a: Zamazenta|def|1\n|turn|3\n|j| surgevgc\n|\n|t:|1739742997\n|switch|p2b: Rillaboom|Rillaboom, L50, F|100\/100\n|-fieldstart|move: Grassy Terrain|[from] ability: Grassy Surge|[of] p2b: Rillaboom\n|move|p1b: Raichu|Fake Out|p2b: Rillaboom\n|-damage|p2b: Rillaboom|94\/100\n|move|p2a: Zamazenta|Body Press|p1b: Raichu\n|-damage|p1b: Raichu|34\/100\n|move|p1a: Zamazenta|Iron Defense|p1a: Zamazenta\n|-boost|p1a: Zamazenta|def|2\n|\n|-weather|RainDance|[upkeep]\n|-heal|p2a: Zamazenta|70\/100|[from] Grassy Terrain\n|-heal|p1b: Raichu|40\/100|[from] Grassy Terrain\n|-heal|p2b: Rillaboom|99\/100|[from] Grassy Terrain\n|upkeep\n|turn|4\n|\n|t:|1739743007\n|move|p2b: Rillaboom|Fake Out|p1a: Zamazenta\n|-resisted|p1a: Zamazenta\n|-crit|p1a: Zamazenta\n|-damage|p1a: Zamazenta|94\/100\n|move|p2a: Zamazenta|Body Press|p1b: Raichu\n|-damage|p1b: Raichu|0 fnt\n|faint|p1b: Raichu\n|cant|p1a: Zamazenta|flinch\n|\n|-weather|RainDance|[upkeep]\n|-heal|p2a: Zamazenta|77\/100|[from] Grassy Terrain\n|-heal|p1a: Zamazenta|100\/100|[from] Grassy Terrain\n|-heal|p2b: Rillaboom|100\/100|[from] Grassy Terrain\n|-end|p2a: Zamazenta|move: Taunt\n|upkeep\n|turn|5\n|\n|t:|1739743013\n|-terastallize|p2a: Zamazenta|Dragon\n|move|p2a: Zamazenta|Iron Defense|p2a: Zamazenta\n|-boost|p2a: Zamazenta|def|2\n|move|p1a: Zamazenta|Body Press|p1: Raichu|[notarget]\n|-fail|p1a: Zamazenta\n|move|p2b: Rillaboom|U-turn|p1a: Zamazenta\n|-resisted|p1a: Zamazenta\n|-damage|p1a: Zamazenta|99\/100\n|-message|parrotboy forfeited.\n|\n|win|Spottedwoot\n|raw|parrotboy's rating: 1576 &rarr; <strong>1557<\/strong><br \/>(-19 for losing)\n|raw|Spottedwoot's rating: 1585 &rarr; <strong>1604<\/strong><br \/>(+19 for winning)\n|l|\u2606parrotboy\n|player|p1|\n|l| JV08\n|l| surgevgc\n|l|\u2606Spottedwoot\n|player|p2|\n","uploadtime":1739743033,"views":76,"formatid":"gen9vgc2025regg","rating":1557,"private":0,"password":null}