{"id":"gen9vgc2025regg-2302724876","format":"[Gen 9] VGC 2025 Reg G","players":["Iamsliverfish","ApoVGC"],"log":"|j|\u2606Iamsliverfish\n|j|\u2606ApoVGC\n|t:|1739830703\n|gametype|doubles\n|player|p1|Iamsliverfish|hiker-gen4|1829\n|player|p2|ApoVGC|170|1741\n|teamsize|p1|6\n|teamsize|p2|6\n|gen|9\n|tier|[Gen 9] VGC 2025 Reg G\n|rated|\n|rule|Species Clause: Limit one of each Pok\u00e9mon\n|rule|Item Clause: Limit 1 of each item\n|clearpoke\n|poke|p1|Calyrex-Shadow, L50|\n|poke|p1|Ursaluna, L50, F|\n|poke|p1|Indeedee-F, L50, F|\n|poke|p1|Ogerpon-Wellspring, L50, F|\n|poke|p1|Tornadus, L50, M|\n|poke|p1|Chi-Yu, L50|\n|poke|p2|Calyrex-Shadow, L50|\n|poke|p2|Amoonguss, L50, F|\n|poke|p2|Tornadus, L50, M|\n|poke|p2|Indeedee-F, L50, F|\n|poke|p2|Urshifu-*, L50, F|\n|poke|p2|Chi-Yu, L50|\n|teampreview|4\n|inactive|Battle timer is ON: inactive players will automatically lose when time's up. (requested by ApoVGC)\n|inactive|Iamsliverfish has 60 seconds left.\n|inactive|ApoVGC has 60 seconds left.\n|\n|t:|1739830747\n|start\n|switch|p1a: Tornadus|Tornadus, L50, M|100\/100\n|switch|p1b: Chi-Yu|Chi-Yu, L50|100\/100\n|switch|p2a: Chi-Yu|Chi-Yu, L50|100\/100\n|switch|p2b: Indeedee|Indeedee-F, L50, F|100\/100\n|-ability|p1b: Chi-Yu|Beads of Ruin\n|-ability|p2a: Chi-Yu|Beads of Ruin\n|-fieldstart|move: Psychic Terrain|[from] ability: Psychic Surge|[of] p2b: Indeedee\n|-enditem|p2b: Indeedee|Psychic Seed\n|-boost|p2b: Indeedee|spd|1|[from] item: Psychic Seed\n|turn|1\n|\n|t:|1739830756\n|-terastallize|p2a: Chi-Yu|Ground\n|move|p1b: Chi-Yu|Snarl|p2b: Indeedee|[spread] p2a\n|-miss|p1b: Chi-Yu|p2b: Indeedee\n|-damage|p2a: Chi-Yu|72\/100\n|-unboost|p2a: Chi-Yu|spa|1\n|move|p2a: Chi-Yu|Tera Blast|p1b: Chi-Yu|[anim] Tera Blast Ground\n|-supereffective|p1b: Chi-Yu\n|-damage|p1b: Chi-Yu|30\/100\n|move|p1a: Tornadus|Bleakwind Storm|p2b: Indeedee|[spread] p2a,p2b\n|-damage|p2a: Chi-Yu|25\/100\n|-damage|p2b: Indeedee|68\/100\n|move|p2b: Indeedee|Psyshock|p1a: Tornadus\n|-damage|p1a: Tornadus|66\/100\n|\n|upkeep\n|turn|2\n|\n|t:|1739830779\n|move|p1b: Chi-Yu|Snarl|p2a: Chi-Yu|[spread] p2a,p2b\n|-supereffective|p2b: Indeedee\n|-damage|p2a: Chi-Yu|0 fnt\n|-damage|p2b: Indeedee|31\/100\n|-unboost|p2b: Indeedee|spa|1\n|faint|p2a: Chi-Yu\n|move|p1a: Tornadus|Bleakwind Storm|p2b: Indeedee|[miss]\n|-miss|p1a: Tornadus|p2b: Indeedee\n|move|p2b: Indeedee|Trick Room|p2b: Indeedee\n|-fieldstart|move: Trick Room|[of] p2b: Indeedee\n|\n|upkeep\n|\n|t:|1739830785\n|switch|p2a: Amoonguss|Amoonguss, L50, F, shiny|100\/100\n|turn|3\n|\n|t:|1739830796\n|switch|p1b: Indeedee|Indeedee-F, L50, F|100\/100\n|move|p2a: Amoonguss|Spore|p1b: Indeedee\n|-activate|p1b: Indeedee|item: Safety Goggles|Spore\n|move|p2b: Indeedee|Psyshock|p1a: Tornadus\n|-damage|p1a: Tornadus|40\/100\n|move|p1a: Tornadus|Bleakwind Storm|p2b: Indeedee|[spread] p2b\n|-miss|p1a: Tornadus|p2a: Amoonguss\n|-damage|p2b: Indeedee|7\/100\n|\n|upkeep\n|turn|4\n|\n|t:|1739830813\n|switch|p2b: Calyrex|Calyrex-Shadow, L50|100\/100\n|-ability|p2b: Calyrex|As One\n|-ability|p2b: Calyrex|Unnerve\n|move|p1b: Indeedee|Follow Me|p1b: Indeedee\n|-singleturn|p1b: Indeedee|move: Follow Me\n|move|p2a: Amoonguss|Spore|p1b: Indeedee\n|-activate|p1b: Indeedee|item: Safety Goggles|Spore\n|move|p1a: Tornadus|Bleakwind Storm|p2a: Amoonguss|[spread] p2b\n|-miss|p1a: Tornadus|p2a: Amoonguss\n|-damage|p2b: Calyrex|59\/100\n|\n|upkeep\n|turn|5\n|\n|t:|1739830834\n|move|p1b: Indeedee|Follow Me|p1b: Indeedee\n|-singleturn|p1b: Indeedee|move: Follow Me\n|move|p2a: Amoonguss|Sludge Bomb|p1b: Indeedee\n|-damage|p1b: Indeedee|73\/100\n|-status|p1b: Indeedee|psn\n|move|p1a: Tornadus|Bleakwind Storm|p2a: Amoonguss|[spread] p2a,p2b\n|-supereffective|p2a: Amoonguss\n|-crit|p2a: Amoonguss\n|-damage|p2a: Amoonguss|2\/100\n|-damage|p2b: Calyrex|21\/100\n|-unboost|p2a: Amoonguss|spe|1\n|-unboost|p2b: Calyrex|spe|1\n|move|p2b: Calyrex|Astral Barrage|p1a: Tornadus|[spread] p1a\n|-immune|p1b: Indeedee\n|-damage|p1a: Tornadus|0 fnt\n|faint|p1a: Tornadus\n|-ability|p2b: Calyrex|Grim Neigh|boost\n|-boost|p2b: Calyrex|spa|1\n|-damage|p2b: Calyrex|11\/100|[from] item: Life Orb\n|\n|-damage|p1b: Indeedee|61\/100 psn|[from] psn\n|-fieldend|move: Psychic Terrain\n|upkeep\n|\n|t:|1739830843\n|switch|p1a: Calyrex|Calyrex-Shadow, L50|100\/100\n|-ability|p1a: Calyrex|As One\n|-ability|p1a: Calyrex|Unnerve\n|turn|6\n|\n|t:|1739830854\n|switch|p2a: Indeedee|Indeedee-F, L50, F|7\/100\n|-fieldstart|move: Psychic Terrain|[from] ability: Psychic Surge|[of] p2a: Indeedee\n|move|p2b: Calyrex|Protect|p2b: Calyrex\n|-singleturn|p2b: Calyrex|Protect\n|move|p1a: Calyrex|Protect|p1a: Calyrex\n|-singleturn|p1a: Calyrex|Protect\n|move|p1b: Indeedee|Alluring Voice|p2b: Calyrex\n|-activate|p2b: Calyrex|move: Protect\n|\n|-damage|p1b: Indeedee|49\/100 psn|[from] psn\n|-fieldend|move: Trick Room\n|upkeep\n|turn|7\n|j| NarizotasPaula\n|\n|t:|1739830877\n|switch|p2b: Amoonguss|Amoonguss, L50, F, shiny|35\/100\n|move|p1a: Calyrex|Expanding Force|p2a: Indeedee|[spread] p2a,p2b\n|-resisted|p2a: Indeedee\n|-supereffective|p2b: Amoonguss\n|-damage|p2a: Indeedee|0 fnt\n|-damage|p2b: Amoonguss|0 fnt\n|faint|p2a: Indeedee\n|faint|p2b: Amoonguss\n|-ability|p1a: Calyrex|Grim Neigh|boost\n|-boost|p1a: Calyrex|spa|2\n|-damage|p1a: Calyrex|91\/100|[from] item: Life Orb\n|move|p1b: Indeedee|Alluring Voice|p2: Indeedee|[notarget]\n|-fail|p1b: Indeedee\n|\n|-damage|p1b: Indeedee|36\/100 psn|[from] psn\n|upkeep\n|\n|t:|1739830885\n|switch|p2a: Calyrex|Calyrex-Shadow, L50|11\/100\n|-ability|p2a: Calyrex|As One\n|-ability|p2a: Calyrex|Unnerve\n|turn|8\n|\n|t:|1739830893\n|move|p1a: Calyrex|Expanding Force|p2a: Calyrex\n|-resisted|p2a: Calyrex\n|-damage|p2a: Calyrex|0 fnt\n|faint|p2a: Calyrex\n|-damage|p1a: Calyrex|81\/100|[from] item: Life Orb\n|\n|win|Iamsliverfish\n|raw|Iamsliverfish's rating: 1829 &rarr; <strong>1844<\/strong><br \/>(+15 for winning)\n|raw|ApoVGC's rating: 1741 &rarr; <strong>1726<\/strong><br \/>(-15 for losing)\n|l|\u2606ApoVGC\n|player|p2|\n|l| NarizotasPaula\n","uploadtime":1739830900,"views":45,"formatid":"gen9vgc2025regg","rating":1726,"private":0,"password":null}