{"id":"gen9vgc2025regg-2302512074","format":"[Gen 9] VGC 2025 Reg G","players":["Lycopoky Slimesy","r97"],"log":"|j|\u2606Lycopoky Slimesy\n|j|\u2606r97\n|t:|1739808146\n|gametype|doubles\n|player|p1|Lycopoky Slimesy|ballguy|1581\n|player|p2|r97|marshal|1564\n|teamsize|p1|6\n|teamsize|p2|6\n|gen|9\n|tier|[Gen 9] VGC 2025 Reg G\n|rated|\n|rule|Species Clause: Limit one of each Pok\u00e9mon\n|rule|Item Clause: Limit 1 of each item\n|clearpoke\n|poke|p1|Koraidon, L50|\n|poke|p1|Whimsicott, L50, M|\n|poke|p1|Dondozo, L50, M|\n|poke|p1|Tatsugiri-Droopy, L50, F|\n|poke|p1|Raging Bolt, L50|\n|poke|p1|Chi-Yu, L50|\n|poke|p2|Tyranitar, L50, F|\n|poke|p2|Miraidon, L50|\n|poke|p2|Iron Leaves, L50|\n|poke|p2|Araquanid, L50, M|\n|poke|p2|Flutter Mane, L50|\n|poke|p2|Chi-Yu, L50|\n|teampreview|4\n|inactive|Battle timer is ON: inactive players will automatically lose when time's up. (requested by Lycopoky Slimesy)\n|\n|t:|1739808174\n|start\n|switch|p1a: Chi-Yu|Chi-Yu, L50|100\/100\n|switch|p1b: Whimsicott|Whimsicott, L50, M|100\/100\n|switch|p2a: Flutter Mane|Flutter Mane, L50|100\/100\n|switch|p2b: Miraidon|Miraidon, L50|100\/100\n|-ability|p1a: Chi-Yu|Beads of Ruin\n|-fieldstart|move: Electric Terrain|[from] ability: Hadron Engine|[of] p2b: Miraidon\n|-enditem|p2a: Flutter Mane|Booster Energy\n|-activate|p2a: Flutter Mane|ability: Protosynthesis|[fromitem]\n|-start|p2a: Flutter Mane|protosynthesisspe\n|turn|1\n|\n|t:|1739808189\n|move|p1b: Whimsicott|Light Screen|p1b: Whimsicott\n|-sidestart|p1: Lycopoky Slimesy|move: Light Screen\n|move|p2a: Flutter Mane|Dazzling Gleam|p1a: Chi-Yu|[spread] p1a,p1b\n|-damage|p1a: Chi-Yu|75\/100\n|-damage|p1b: Whimsicott|58\/100\n|move|p1a: Chi-Yu|Snarl|p2a: Flutter Mane|[spread] p2a,p2b\n|-damage|p2a: Flutter Mane|65\/100\n|-damage|p2b: Miraidon|81\/100\n|-unboost|p2a: Flutter Mane|spa|1\n|-unboost|p2b: Miraidon|spa|1\n|move|p2b: Miraidon|Volt Switch|p1a: Chi-Yu\n|-damage|p1a: Chi-Yu|40\/100\n|\n|t:|1739808194\n|switch|p2b: Tyranitar|Tyranitar, L50, F|100\/100|[from] Volt Switch\n|-weather|Sandstorm|[from] ability: Sand Stream|[of] p2b: Tyranitar\n|\n|-weather|Sandstorm|[upkeep]\n|-damage|p2a: Flutter Mane|59\/100|[from] Sandstorm\n|-damage|p1a: Chi-Yu|34\/100|[from] Sandstorm\n|-damage|p1b: Whimsicott|53\/100|[from] Sandstorm\n|upkeep\n|turn|2\n|\n|t:|1739808209\n|move|p1a: Chi-Yu|Snarl|p2a: Flutter Mane|[spread] p2a,p2b\n|-resisted|p2b: Tyranitar\n|-damage|p2a: Flutter Mane|23\/100\n|-damage|p2b: Tyranitar|92\/100\n|-unboost|p2a: Flutter Mane|spa|1\n|-unboost|p2b: Tyranitar|spa|1\n|move|p1b: Whimsicott|Moonblast|p2b: Tyranitar\n|-supereffective|p2b: Tyranitar\n|-damage|p2b: Tyranitar|43\/100\n|-enditem|p2b: Tyranitar|Weakness Policy\n|-boost|p2b: Tyranitar|atk|2|[from] item: Weakness Policy\n|-boost|p2b: Tyranitar|spa|2|[from] item: Weakness Policy\n|move|p2b: Tyranitar|Rock Slide|p1a: Chi-Yu|[spread] p1a,p1b\n|-supereffective|p1a: Chi-Yu\n|-damage|p1a: Chi-Yu|0 fnt\n|-damage|p1b: Whimsicott|0 fnt\n|faint|p1a: Chi-Yu\n|faint|p1b: Whimsicott\n|move|p2a: Flutter Mane|Trick Room|p2a: Flutter Mane\n|-fieldstart|move: Trick Room|[of] p2a: Flutter Mane\n|\n|-weather|Sandstorm|[upkeep]\n|-damage|p2a: Flutter Mane|17\/100|[from] Sandstorm\n|upkeep\n|\n|t:|1739808213\n|switch|p1a: Raging Bolt|Raging Bolt, L50|100\/100\n|switch|p1b: Koraidon|Koraidon, L50|100\/100\n|-weather|SunnyDay|[from] ability: Orichalcum Pulse|[of] p1b: Koraidon\n|-activate|p1a: Raging Bolt|ability: Protosynthesis\n|-start|p1a: Raging Bolt|protosynthesisspa\n|-activate|p1b: Koraidon|Orichalcum Pulse|[source]\n|turn|3\n|inactive|r97 has 30 seconds left.\n|inactive|Lycopoky Slimesy has 30 seconds left.\n|\n|t:|1739808248\n|-terastallize|p1b: Koraidon|Fire\n|move|p2b: Tyranitar|Protect|p2b: Tyranitar\n|-singleturn|p2b: Tyranitar|Protect\n|move|p1a: Raging Bolt|Thunderclap||[still]\n|-fail|p1a: Raging Bolt\n|move|p1b: Koraidon|Flare Blitz|p2a: Flutter Mane\n|-damage|p2a: Flutter Mane|0 fnt\n|faint|p2a: Flutter Mane\n|-end|p2a: Flutter Mane|Protosynthesis|[silent]\n|-damage|p1b: Koraidon|97\/100|[from] Recoil\n|\n|-weather|SunnyDay|[upkeep]\n|upkeep\n|\n|t:|1739808260\n|switch|p2a: Chi-Yu|Chi-Yu, L50|100\/100\n|-ability|p2a: Chi-Yu|Beads of Ruin\n|turn|4\n|\n|t:|1739808280\n|move|p1a: Raging Bolt|Thunderclap|p2b: Tyranitar\n|-damage|p2b: Tyranitar|0 fnt\n|faint|p2b: Tyranitar\n|-damage|p1a: Raging Bolt|91\/100|[from] item: Life Orb\n|move|p1b: Koraidon|Flare Blitz|p2a: Chi-Yu\n|-resisted|p2a: Chi-Yu\n|-damage|p2a: Chi-Yu|0 fnt\n|faint|p2a: Chi-Yu\n|-damage|p1b: Koraidon|72\/100|[from] Recoil\n|\n|-weather|SunnyDay|[upkeep]\n|upkeep\n|\n|t:|1739808288\n|switch|p2b: Miraidon|Miraidon, L50|81\/100\n|-activate|p2b: Miraidon|ability: Hadron Engine\n|turn|5\n|\n|t:|1739808300\n|move|p1a: Raging Bolt|Draco Meteor|p2b: Miraidon\n|-supereffective|p2b: Miraidon\n|-damage|p2b: Miraidon|0 fnt\n|-unboost|p1a: Raging Bolt|spa|2\n|faint|p2b: Miraidon\n|-damage|p1a: Raging Bolt|81\/100|[from] item: Life Orb\n|\n|win|Lycopoky Slimesy\n|raw|Lycopoky Slimesy's rating: 1581 &rarr; <strong>1600<\/strong><br \/>(+19 for winning)\n|raw|r97's rating: 1564 &rarr; <strong>1545<\/strong><br \/>(-19 for losing)\n|l|\u2606r97\n|player|p2|\n","uploadtime":1739808324,"views":28,"formatid":"gen9vgc2025regg","rating":1545,"private":0,"password":null}