{"id":"gen9vgc2025regg-2302483122","format":"[Gen 9] VGC 2025 Reg G","players":["crowz000","TypeSpammer"],"log":"|j|\u2606crowz000\n|j|\u2606TypeSpammer\n|t:|1739804830\n|gametype|doubles\n|player|p1|crowz000|2|1509\n|player|p2|TypeSpammer|265|1556\n|teamsize|p1|6\n|teamsize|p2|6\n|gen|9\n|tier|[Gen 9] VGC 2025 Reg G\n|rated|\n|rule|Species Clause: Limit one of each Pok\u00e9mon\n|rule|Item Clause: Limit 1 of each item\n|clearpoke\n|poke|p1|Calyrex-Ice, L50|\n|poke|p1|Glimmora, L50, F|\n|poke|p1|Ting-Lu, L50|\n|poke|p1|Dondozo, L50, F|\n|poke|p1|Tatsugiri-Droopy, L50, F|\n|poke|p1|Amoonguss, L50, M|\n|poke|p2|Solgaleo, L50|\n|poke|p2|Indeedee-F, L50, F|\n|poke|p2|Landorus, L50, M|\n|poke|p2|Iron Valiant, L50|\n|poke|p2|Amoonguss, L50, M|\n|poke|p2|Raging Bolt, L50|\n|teampreview|4\nTypeSpammer rejected open team sheets.\n|j| pmg9\n|inactive|Battle timer is ON: inactive players will automatically lose when time's up. (requested by TypeSpammer)\n|c|\u2606TypeSpammer|gl hf\n|\n|t:|1739804874\n|start\n|switch|p1a: Calyrex|Calyrex-Ice, L50|100\/100\n|switch|p1b: Dondozo|Dondozo, L50, F|100\/100\n|switch|p2a: Sol|Solgaleo, L50, shiny|100\/100\n|switch|p2b: Fume-Shrume|Amoonguss, L50, M|100\/100\n|-ability|p1a: Calyrex|As One\n|-ability|p1a: Calyrex|Unnerve\n|turn|1\n|inactive|crowz000 has 30 seconds left.\n|inactive|crowz000 has 20 seconds left.\n|inactive|crowz000 has 15 seconds left.\n|inactive|crowz000 has 10 seconds left.\n|\n|t:|1739804920\n|-terastallize|p2b: Fume-Shrume|Water\n|move|p1a: Calyrex|Protect|p1a: Calyrex\n|-singleturn|p1a: Calyrex|Protect\n|move|p2a: Sol|Crunch|p1a: Calyrex\n|-activate|p1a: Calyrex|move: Protect\n|move|p1b: Dondozo|Substitute|p1b: Dondozo\n|-start|p1b: Dondozo|Substitute\n|-damage|p1b: Dondozo|76\/100\n|move|p2b: Fume-Shrume|Spore||[still]\n|-fail|p2b: Fume-Shrume\n|\n|-heal|p1b: Dondozo|82\/100|[from] item: Leftovers\n|upkeep\n|turn|2\n|inactive|crowz000 has 30 seconds left.\n|inactive|crowz000 has 20 seconds left.\n|\n|t:|1739804957\n|switch|p1a: Tatsugiri|Tatsugiri-Droopy, L50, F|100\/100\n|-activate|p1a: Tatsugiri|ability: Commander|[of] p1b: Dondozo\n|-boost|p1b: Dondozo|atk|2\n|-boost|p1b: Dondozo|spa|2\n|-boost|p1b: Dondozo|spe|2\n|-boost|p1b: Dondozo|def|2\n|-boost|p1b: Dondozo|spd|2\n|move|p2a: Sol|Psychic Fangs|p1b: Dondozo\n|-activate|p1b: Dondozo|move: Substitute|[damage]\n|-damage|p2a: Sol|91\/100|[from] item: Life Orb\n|move|p1b: Dondozo|Order Up|p2a: Sol\n|-resisted|p2a: Sol\n|-damage|p2a: Sol|75\/100\n|-boost|p1b: Dondozo|def|1\n|move|p2b: Fume-Shrume|Clear Smog|p1b: Dondozo\n|-activate|p1b: Dondozo|move: Substitute|[damage]\n|\n|-heal|p1b: Dondozo|88\/100|[from] item: Leftovers\n|upkeep\n|turn|3\n|\n|t:|1739804979\n|move|p1b: Dondozo|Protect|p1b: Dondozo\n|-singleturn|p1b: Dondozo|Protect\n|move|p2a: Sol|Psychic Fangs|p1b: Dondozo\n|-activate|p1b: Dondozo|move: Protect\n|move|p2b: Fume-Shrume|Clear Smog|p1b: Dondozo\n|-activate|p1b: Dondozo|move: Protect\n|\n|-heal|p1b: Dondozo|94\/100|[from] item: Leftovers\n|upkeep\n|turn|4\n|\n|t:|1739804989\n|move|p2a: Sol|Psychic Fangs|p1b: Dondozo\n|-end|p1b: Dondozo|Substitute\n|-damage|p2a: Sol|65\/100|[from] item: Life Orb\n|move|p1b: Dondozo|Substitute|p1b: Dondozo\n|-start|p1b: Dondozo|Substitute\n|-damage|p1b: Dondozo|69\/100\n|move|p2b: Fume-Shrume|Clear Smog|p1b: Dondozo\n|-activate|p1b: Dondozo|move: Substitute|[damage]\n|\n|-heal|p1b: Dondozo|76\/100|[from] item: Leftovers\n|upkeep\n|turn|5\n|\n|t:|1739805006\n|switch|p2a: XJ-9|Iron Valiant, L50, shiny|100\/100\n|move|p1b: Dondozo|Protect|p1b: Dondozo\n|-singleturn|p1b: Dondozo|Protect\n|move|p2b: Fume-Shrume|Clear Smog|p1b: Dondozo\n|-activate|p1b: Dondozo|move: Protect\n|\n|-heal|p1b: Dondozo|82\/100|[from] item: Leftovers\n|upkeep\n|turn|6\n|\n|t:|1739805017\n|move|p2a: XJ-9|Moonblast|p1b: Dondozo\n|-activate|p1b: Dondozo|move: Substitute|[damage]\n|move|p1b: Dondozo|Body Press|p2b: Fume-Shrume\n|-damage|p2b: Fume-Shrume|56\/100\n|-damage|p1b: Dondozo|65\/100|[from] item: Rocky Helmet|[of] p2b: Fume-Shrume\n|move|p2b: Fume-Shrume|Clear Smog|p1b: Dondozo\n|-end|p1b: Dondozo|Substitute\n|\n|-heal|p1b: Dondozo|71\/100|[from] item: Leftovers\n|upkeep\n|turn|7\n|inactive|TypeSpammer has 30 seconds left.\n|inactive|TypeSpammer has 20 seconds left.\n|\n|t:|1739805053\n|switch|p2b: Alice|Indeedee-F, L50, F, shiny|100\/100\n|-fieldstart|move: Psychic Terrain|[from] ability: Psychic Surge|[of] p2b: Alice\n|-enditem|p2b: Alice|Psychic Seed\n|-boost|p2b: Alice|spd|1|[from] item: Psychic Seed\n|move|p1b: Dondozo|Protect|p1b: Dondozo\n|-singleturn|p1b: Dondozo|Protect\n|move|p2a: XJ-9|Moonblast|p1b: Dondozo\n|-activate|p1b: Dondozo|move: Protect\n|\n|-heal|p1b: Dondozo|78\/100|[from] item: Leftovers\n|upkeep\n|turn|8\n|\n|t:|1739805072\n|move|p2a: XJ-9|Moonblast|p1b: Dondozo\n|-damage|p1b: Dondozo|59\/100\n|move|p1b: Dondozo|Body Press|p2b: Alice\n|-damage|p2b: Alice|45\/100\n|move|p2b: Alice|Psychic|p1b: Dondozo\n|-damage|p1b: Dondozo|43\/100\n|-unboost|p1b: Dondozo|spd|1\n|\n|-heal|p1b: Dondozo|49\/100|[from] item: Leftovers\n|upkeep\n|turn|9\n|j| woshiliangzai\n|inactive|TypeSpammer has 30 seconds left.\n|\n|t:|1739805097\n|move|p1b: Dondozo|Protect|p1b: Dondozo\n|-singleturn|p1b: Dondozo|Protect\n|move|p2a: XJ-9|Moonblast|p1b: Dondozo\n|-activate|p1b: Dondozo|move: Protect\n|move|p2b: Alice|Psychic|p1b: Dondozo\n|-activate|p1b: Dondozo|move: Protect\n|\n|-heal|p1b: Dondozo|55\/100|[from] item: Leftovers\n|upkeep\n|turn|10\n|\n|t:|1739805108\n|move|p2b: Alice|Protect|p2b: Alice\n|-singleturn|p2b: Alice|Protect\n|move|p2a: XJ-9|Moonblast|p1b: Dondozo\n|-damage|p1b: Dondozo|33\/100\n|move|p1b: Dondozo|Body Press|p2b: Alice\n|-activate|p2b: Alice|move: Protect\n|\n|-heal|p1b: Dondozo|39\/100|[from] item: Leftovers\n|upkeep\n|turn|11\n|\n|t:|1739805119\n|switch|p2b: Fume-Shrume|Amoonguss, L50, M, tera:Water|89\/100\n|move|p2a: XJ-9|Moonblast|p1b: Dondozo\n|-damage|p1b: Dondozo|17\/100\n|-unboost|p1b: Dondozo|spa|1\n|move|p1b: Dondozo|Body Press|p2b: Fume-Shrume\n|-damage|p2b: Fume-Shrume|48\/100\n|-damage|p1b: Dondozo|0 fnt|[from] item: Rocky Helmet|[of] p2b: Fume-Shrume\n|faint|p1b: Dondozo\n|\n|-fieldend|move: Psychic Terrain\n|upkeep\n|\n|t:|1739805136\n|switch|p1b: Calyrex|Calyrex-Ice, L50|100\/100\n|-ability|p1b: Calyrex|As One\n|-ability|p1b: Calyrex|Unnerve\n|turn|12\n|\n|t:|1739805147\n|switch|p1a: Ting-Lu|Ting-Lu, L50|100\/100\n|-ability|p1a: Ting-Lu|Vessel of Ruin\n|move|p2a: XJ-9|Moonblast|p1a: Ting-Lu\n|-supereffective|p1a: Ting-Lu\n|-damage|p1a: Ting-Lu|67\/100\n|move|p1b: Calyrex|Substitute|p1b: Calyrex\n|-start|p1b: Calyrex|Substitute\n|-damage|p1b: Calyrex|76\/100\n|move|p2b: Fume-Shrume|Spore||[still]\n|-fail|p2b: Fume-Shrume\n|\n|upkeep\n|turn|13\n|inactive|crowz000 has 30 seconds left.\n|l| pmg9\n|\n|t:|1739805179\n|switch|p2b: Alice|Indeedee-F, L50, F, shiny|45\/100\n|-fieldstart|move: Psychic Terrain|[from] ability: Psychic Surge|[of] p2b: Alice\n|move|p2a: XJ-9|Moonblast|p1b: Calyrex\n|-activate|p1b: Calyrex|move: Substitute|[damage]\n|move|p1a: Ting-Lu|Ruination|p2b: Alice|[miss]\n|-miss|p1a: Ting-Lu|p2b: Alice\n|move|p1b: Calyrex|Glacial Lance|p2a: XJ-9|[spread] p2a,p2b\n|-damage|p2a: XJ-9|29\/100\n|-damage|p2b: Alice|0 fnt\n|faint|p2b: Alice\n|-ability|p1b: Calyrex|Chilling Neigh|boost\n|-boost|p1b: Calyrex|atk|1\n|\n|upkeep\n|\n|t:|1739805199\n|switch|p2b: Sol|Solgaleo, L50, shiny|65\/100\n|turn|14\n|\n|t:|1739805215\n|-terastallize|p1b: Calyrex|Water\n|move|p2a: XJ-9|Wide Guard|p2a: XJ-9\n|-singleturn|p2a: XJ-9|Wide Guard\n|move|p2b: Sol|Close Combat|p1a: Ting-Lu\n|-supereffective|p1a: Ting-Lu\n|-damage|p1a: Ting-Lu|11\/100\n|-unboost|p2b: Sol|def|1\n|-unboost|p2b: Sol|spd|1\n|-damage|p2b: Sol|55\/100|[from] item: Life Orb\n|move|p1a: Ting-Lu|Stomping Tantrum|p2a: XJ-9\n|-damage|p2a: XJ-9|0 fnt\n|faint|p2a: XJ-9\n|-end|p2a: XJ-9|Quark Drive|[silent]\n|move|p1b: Calyrex|Leech Seed|p2b: Sol\n|-start|p2b: Sol|move: Leech Seed\n|\n|-damage|p2b: Sol|43\/100|[from] Leech Seed|[of] p1b: Calyrex\n|-heal|p1b: Calyrex|88\/100|[silent]\n|upkeep\n|\n|t:|1739805228\n|switch|p2a: Fume-Shrume|Amoonguss, L50, M, tera:Water|81\/100\n|turn|15\n|c|\u2606TypeSpammer|gg wp\n|-message|TypeSpammer forfeited.\n|\n|win|crowz000\n|raw|crowz000's rating: 1509 &rarr; <strong>1532<\/strong><br \/>(+23 for winning)\n|raw|TypeSpammer's rating: 1556 &rarr; <strong>1533<\/strong><br \/>(-23 for losing)\n|l|\u2606TypeSpammer\n|player|p2|\n|l|\u2606crowz000\n|player|p1|\n|l| woshiliangzai\n","uploadtime":1739805394,"views":35,"formatid":"gen9vgc2025regg","rating":1532,"private":0,"password":null}