{"id":"gen9vgc2025regg-2302808847","format":"[Gen 9] VGC 2025 Reg G","players":["parrotboy","kriemhildgretchen1"],"log":"|j|\u2606parrotboy\n|j|\u2606kriemhildgretchen1\n|t:|1739840794\n|gametype|doubles\n|player|p1|parrotboy|hiker-gen4|1648\n|player|p2|kriemhildgretchen1|marley|1546\n|teamsize|p1|6\n|teamsize|p2|6\n|gen|9\n|tier|[Gen 9] VGC 2025 Reg G\n|rated|\n|rule|Species Clause: Limit one of each Pok\u00e9mon\n|rule|Item Clause: Limit 1 of each item\n|clearpoke\n|poke|p1|Zacian-*, L50|\n|poke|p1|Iron Valiant, L50|\n|poke|p1|Raichu, L50, F|\n|poke|p1|Politoed, L50, F|\n|poke|p1|Landorus, L50, M|\n|poke|p1|Kingambit, L50, F|\n|poke|p2|Terapagos, L50, M|\n|poke|p2|Amoonguss, L50, M|\n|poke|p2|Incineroar, L50, F|\n|poke|p2|Flutter Mane, L50|\n|poke|p2|Raging Bolt, L50|\n|poke|p2|Farigiraf, L50, M|\n|teampreview|4\n|inactive|Battle timer is ON: inactive players will automatically lose when time's up. (requested by kriemhildgretchen1)\n|j| futonkagebunshin\n|\n|t:|1739840817\n|start\n|switch|p1a: Raichu|Raichu, L50, F|100\/100\n|switch|p1b: Iron Valiant|Iron Valiant, L50|100\/100\n|switch|p2a: Farigiraf|Farigiraf, L50, M|100\/100\n|switch|p2b: Terapagos|Terapagos, L50, M|100\/100\n|-activate|p2b: Terapagos|ability: Tera Shift\n|detailschange|p2b: Terapagos|Terapagos-Terastal, L50, M\n|-heal|p2b: Terapagos|100\/100|[silent]\n|-enditem|p1b: Iron Valiant|Booster Energy\n|-activate|p1b: Iron Valiant|ability: Quark Drive|[fromitem]\n|-start|p1b: Iron Valiant|quarkdrivespe\n|turn|1\n|\n|t:|1739840824\n|move|p1b: Iron Valiant|Spirit Break|p2b: Terapagos\n|-activate|p2b: Terapagos|ability: Tera Shell\n|-resisted|p2b: Terapagos\n|-damage|p2b: Terapagos|88\/100\n|-unboost|p2b: Terapagos|spa|1\n|move|p1a: Raichu|Nuzzle|p2b: Terapagos\n|-damage|p2b: Terapagos|83\/100\n|-status|p2b: Terapagos|par\n|move|p2a: Farigiraf|Psychic Noise|p1b: Iron Valiant\n|-supereffective|p1b: Iron Valiant\n|-damage|p1b: Iron Valiant|36\/100\n|-start|p1b: Iron Valiant|move: Heal Block\n|cant|p2b: Terapagos|par\n|\n|-heal|p2b: Terapagos|90\/100 par|[from] item: Leftovers\n|upkeep\n|turn|2\n|inactive|parrotboy has 30 seconds left.\n|\n|t:|1739840855\n|-end|p1b: Iron Valiant|Quark Drive|[silent]\n|switch|p1b: Landorus|Landorus, L50, M|100\/100\n|move|p2b: Terapagos|Protect|p2b: Terapagos\n|-singleturn|p2b: Terapagos|Protect\n|move|p1a: Raichu|Nuzzle|p2a: Farigiraf\n|-damage|p2a: Farigiraf|95\/100\n|-status|p2a: Farigiraf|par\n|move|p2a: Farigiraf|Trick Room|p2a: Farigiraf\n|-fieldstart|move: Trick Room|[of] p2a: Farigiraf\n|\n|-heal|p2b: Terapagos|96\/100 par|[from] item: Leftovers\n|upkeep\n|turn|3\n|\n|t:|1739840871\n|switch|p2a: Amoonguss|Amoonguss, L50, M|100\/100\n|cant|p2b: Terapagos|par\n|move|p1b: Landorus|Earth Power|p2b: Terapagos\n|-damage|p2b: Terapagos|24\/100 par\n|move|p1a: Raichu|Endeavor|p2b: Terapagos\n|-immune|p2b: Terapagos\n|\n|-heal|p2b: Terapagos|30\/100 par|[from] item: Leftovers\n|upkeep\n|turn|4\n|\n|t:|1739840889\n|move|p1b: Landorus|Protect|p1b: Landorus\n|-singleturn|p1b: Landorus|Protect\n|move|p2a: Amoonguss|Spore|p1b: Landorus\n|-activate|p1b: Landorus|move: Protect\n|move|p2b: Terapagos|Calm Mind|p2b: Terapagos\n|-boost|p2b: Terapagos|spa|1\n|-boost|p2b: Terapagos|spd|1\n|move|p1a: Raichu|Volt Switch|p2b: Terapagos\n|-damage|p2b: Terapagos|17\/100 par\n|\n|t:|1739840896\n|switch|p1a: Zacian|Zacian-Crowned, L50|100\/100|[from] Volt Switch\n|-ability|p1a: Zacian|Intrepid Sword|boost\n|-boost|p1a: Zacian|atk|1\n|\n|-heal|p2b: Terapagos|23\/100 par|[from] item: Leftovers\n|upkeep\n|turn|5\n|\n|t:|1739840903\n|-terastallize|p1a: Zacian|Grass\n|cant|p2b: Terapagos|par\n|move|p2a: Amoonguss|Spore|p1b: Landorus\n|-status|p1b: Landorus|slp|[from] move: Spore\n|cant|p1b: Landorus|slp\n|move|p1a: Zacian|Behemoth Blade|p2b: Terapagos\n|-damage|p2b: Terapagos|0 fnt\n|faint|p2b: Terapagos\n|\n|upkeep\n|\n|t:|1739840908\n|switch|p2b: Incineroar|Incineroar, L50, F|100\/100\n|-ability|p2b: Incineroar|Intimidate|boost\n|-unboost|p1a: Zacian|atk|1\n|-unboost|p1b: Landorus|atk|1\n|turn|6\n|\n|t:|1739840919\n|-curestatus|p1b: Landorus|slp|[msg]\n|move|p1b: Landorus|Protect|p1b: Landorus\n|-singleturn|p1b: Landorus|Protect\n|move|p1a: Zacian|Protect|p1a: Zacian\n|-singleturn|p1a: Zacian|Protect\n|move|p2a: Amoonguss|Pollen Puff|p1a: Zacian\n|-activate|p1a: Zacian|move: Protect\n|move|p2b: Incineroar|Will-O-Wisp|p1a: Zacian\n|-activate|p1a: Zacian|move: Protect\n|\n|-fieldend|move: Trick Room\n|upkeep\n|turn|7\n|\n|t:|1739840937\n|switch|p1a: Raichu|Raichu, L50, F|100\/100\n|-terastallize|p2b: Incineroar|Ghost\n|move|p1b: Landorus|Earth Power|p2b: Incineroar\n|-crit|p2b: Incineroar\n|-damage|p2b: Incineroar|0 fnt\n|faint|p2b: Incineroar\n|move|p2a: Amoonguss|Spore|p1b: Landorus\n|-status|p1b: Landorus|slp|[from] move: Spore\n|\n|upkeep\n|c|\u2606kriemhildgretchen1|:(\n|-message|kriemhildgretchen1 forfeited.\n|\n|win|parrotboy\n|raw|parrotboy's rating: 1648 &rarr; <strong>1662<\/strong><br \/>(+14 for winning)\n|raw|kriemhildgretchen1's rating: 1546 &rarr; <strong>1532<\/strong><br \/>(-14 for losing)\n|l|\u2606kriemhildgretchen1\n|player|p2|\n|l|\u2606parrotboy\n|player|p1|\n","uploadtime":1739841102,"views":12,"formatid":"gen9vgc2025regg","rating":1532,"private":0,"password":null}