{"id":"gen9vgc2025regg-2302755660","format":"[Gen 9] VGC 2025 Reg G","players":["pig duck eater","root2iris"],"log":"|j|\u2606pig duck eater\n|j|\u2606root2iris\n|t:|1739834151\n|gametype|doubles\n|player|p1|pig duck eater|2|1608\n|player|p2|root2iris|guitarist|1674\n|teamsize|p1|6\n|teamsize|p2|6\n|gen|9\n|tier|[Gen 9] VGC 2025 Reg G\n|rated|\n|rule|Species Clause: Limit one of each Pok\u00e9mon\n|rule|Item Clause: Limit 1 of each item\n|clearpoke\n|poke|p1|Koraidon, L50|\n|poke|p1|Iron Crown, L50|\n|poke|p1|Indeedee-F, L50, F|\n|poke|p1|Garganacl, L50, F|\n|poke|p1|Wo-Chien, L50|\n|poke|p1|Walking Wake, L50|\n|poke|p2|Terapagos, L50, M|\n|poke|p2|Amoonguss, L50, F|\n|poke|p2|Incineroar, L50, F|\n|poke|p2|Urshifu-*, L50, F|\n|poke|p2|Flutter Mane, L50|\n|poke|p2|Ditto, L50|\n|teampreview|4\n|inactive|Battle timer is ON: inactive players will automatically lose when time's up. (requested by root2iris)\n|\n|t:|1739834180\n|start\n|switch|p1a: Koraidon|Koraidon, L50|100\/100\n|switch|p1b: Iron Crown|Iron Crown, L50|100\/100\n|switch|p2a: foolish girl|Flutter Mane, L50|100\/100\n|switch|p2b: seashells|Urshifu-Rapid-Strike, L50, F|100\/100\n|-weather|SunnyDay|[from] ability: Orichalcum Pulse|[of] p1a: Koraidon\n|-activate|p2a: foolish girl|ability: Protosynthesis\n|-start|p2a: foolish girl|protosynthesisspe\n|-activate|p1a: Koraidon|Orichalcum Pulse|[source]\n|-enditem|p1b: Iron Crown|Booster Energy\n|-activate|p1b: Iron Crown|ability: Quark Drive|[fromitem]\n|-start|p1b: Iron Crown|quarkdrivespe\n|turn|1\n|\n|t:|1739834196\n|-terastallize|p1a: Koraidon|Fire\n|move|p2b: seashells|Detect|p2b: seashells\n|-singleturn|p2b: seashells|Protect\n|move|p1a: Koraidon|Flare Blitz|p2a: foolish girl\n|-damage|p2a: foolish girl|0 fnt\n|faint|p2a: foolish girl\n|-end|p2a: foolish girl|Protosynthesis|[silent]\n|-damage|p1a: Koraidon|71\/100|[from] Recoil\n|move|p1b: Iron Crown|Calm Mind|p1b: Iron Crown\n|-boost|p1b: Iron Crown|spa|1\n|-boost|p1b: Iron Crown|spd|1\n|\n|-weather|SunnyDay|[upkeep]\n|upkeep\n|\n|t:|1739834208\n|switch|p2a: sea-salt|Terapagos, L50, M|100\/100\n|-activate|p2a: sea-salt|ability: Tera Shift\n|detailschange|p2a: sea-salt|Terapagos-Terastal, L50, M\n|-heal|p2a: sea-salt|100\/100|[silent]\n|turn|2\n|\n|t:|1739834228\n|-terastallize|p2a: sea-salt|Stellar\n|detailschange|p2a: sea-salt|Terapagos-Stellar, L50, M, tera:Stellar\n|-heal|p2a: sea-salt|100\/100|[silent]\n|-ability|p2a: sea-salt|Teraform Zero\n|-weather|none\n|move|p1a: Koraidon|Flare Blitz|p2b: seashells\n|-resisted|p2b: seashells\n|-damage|p2b: seashells|66\/100\n|-damage|p1a: Koraidon|60\/100|[from] Recoil\n|move|p1b: Iron Crown|Expanding Force|p2b: seashells\n|-supereffective|p2b: seashells\n|-damage|p2b: seashells|0 fnt\n|faint|p2b: seashells\n|move|p2a: sea-salt|Tera Starstorm|p1a: Koraidon|[spread] p1a,p1b\n|-supereffective|p1a: Koraidon\n|-damage|p1a: Koraidon|0 fnt\n|-damage|p1b: Iron Crown|78\/100\n|faint|p1a: Koraidon\n|\n|upkeep\n|\n|t:|1739834244\n|switch|p1a: Indeedee|Indeedee-F, L50, F|100\/100\n|switch|p2b: no. i|Ditto, L50|100\/100\n|-fieldstart|move: Psychic Terrain|[from] ability: Psychic Surge|[of] p1a: Indeedee\n|-enditem|p1a: Indeedee|Psychic Seed\n|-boost|p1a: Indeedee|spd|1|[from] item: Psychic Seed\n|-transform|p2b: no. i|p1a: Indeedee|[from] ability: Imposter\n|turn|3\n|\n|t:|1739834265\n|move|p1a: Indeedee|Follow Me|p1a: Indeedee\n|-singleturn|p1a: Indeedee|move: Follow Me\n|move|p1b: Iron Crown|Expanding Force|p2a: sea-salt|[spread] p2a,p2b\n|-resisted|p2b: no. i\n|-damage|p2a: sea-salt|51\/100\n|-damage|p2b: no. i|70\/100\n|move|p2a: sea-salt|Tera Starstorm|p1b: Iron Crown|[spread] p1a,p1b\n|-damage|p1a: Indeedee|79\/100\n|-damage|p1b: Iron Crown|58\/100\n|move|p2b: no. i|Trick Room|p2b: no. i\n|-fieldstart|move: Trick Room|[of] p2b: no. i\n|\n|-heal|p2a: sea-salt|57\/100|[from] item: Leftovers\n|upkeep\n|turn|4\n|\n|t:|1739834284\n|move|p1a: Indeedee|Follow Me|p1a: Indeedee\n|-singleturn|p1a: Indeedee|move: Follow Me\n|move|p2b: no. i|Dazzling Gleam|p1a: Indeedee|[spread] p1a,p1b\n|-resisted|p1b: Iron Crown\n|-damage|p1a: Indeedee|71\/100\n|-damage|p1b: Iron Crown|54\/100\n|move|p2a: sea-salt|Calm Mind|p2a: sea-salt\n|-boost|p2a: sea-salt|spa|1\n|-boost|p2a: sea-salt|spd|1\n|move|p1b: Iron Crown|Expanding Force|p2b: no. i|[spread] p2a,p2b\n|-resisted|p2b: no. i\n|-damage|p2a: sea-salt|22\/100\n|-damage|p2b: no. i|40\/100\n|\n|-heal|p2a: sea-salt|28\/100|[from] item: Leftovers\n|upkeep\n|turn|5\n|\n|t:|1739834303\n|move|p2a: sea-salt|Protect|p2a: sea-salt\n|-singleturn|p2a: sea-salt|Protect\n|move|p1a: Indeedee|Baton Pass|p1a: Indeedee\n|\n|t:|1739834306\n|switch|p1a: Garganacl|Garganacl, L50, F|100\/100|[from] Baton Pass\n|move|p2b: no. i|Dazzling Gleam|p1a: Garganacl|[spread] p1a,p1b\n|-resisted|p1b: Iron Crown\n|-damage|p1a: Garganacl|93\/100\n|-damage|p1b: Iron Crown|50\/100\n|move|p1b: Iron Crown|Expanding Force|p2a: sea-salt|[spread] p2b\n|-activate|p2a: sea-salt|move: Protect\n|-resisted|p2b: no. i\n|-damage|p2b: no. i|10\/100\n|\n|-heal|p1a: Garganacl|99\/100|[from] item: Leftovers\n|-heal|p2a: sea-salt|34\/100|[from] item: Leftovers\n|upkeep\n|turn|6\n|j| pmg9\n|\n|t:|1739834323\n|move|p1b: Iron Crown|Protect|p1b: Iron Crown\n|-singleturn|p1b: Iron Crown|Protect\n|move|p1a: Garganacl|Salt Cure|p2b: no. i\n|-damage|p2b: no. i|0 fnt\n|faint|p2b: no. i\n|move|p2a: sea-salt|Ice Beam|p1b: Iron Crown\n|-activate|p1b: Iron Crown|move: Protect\n|\n|-heal|p1a: Garganacl|100\/100|[from] item: Leftovers\n|-heal|p2a: sea-salt|40\/100|[from] item: Leftovers\n|upkeep\n|turn|7\n|\n|t:|1739834331\n|move|p1a: Garganacl|Wide Guard|p1a: Garganacl\n|-singleturn|p1a: Garganacl|Wide Guard\n|move|p2a: sea-salt|Ice Beam|p1b: Iron Crown\n|-resisted|p1b: Iron Crown\n|-damage|p1b: Iron Crown|33\/100\n|move|p1b: Iron Crown|Expanding Force|p2a: sea-salt\n|-damage|p2a: sea-salt|0 fnt\n|faint|p2a: sea-salt\n|\n|win|pig duck eater\n|raw|pig duck eater's rating: 1608 &rarr; <strong>1632<\/strong><br \/>(+24 for winning)\n|raw|root2iris's rating: 1674 &rarr; <strong>1650<\/strong><br \/>(-24 for losing)\n|l|\u2606root2iris\n|player|p2|\n|l| pmg9\n|l|\u2606pig duck eater\n|player|p1|\n","uploadtime":1739834579,"views":5,"formatid":"gen9vgc2025regg","rating":1632,"private":0,"password":null}