{"id":"gen9vgc2025regg-2302407331","format":"[Gen 9] VGC 2025 Reg G","players":["ssbutan","zbsch"],"log":"|j|\u2606ssbutan\n|j|\u2606zbsch\n|t:|1739794665\n|gametype|doubles\n|player|p1|ssbutan|camper|1542\n|player|p2|zbsch|harlequin|1605\n|teamsize|p1|6\n|teamsize|p2|6\n|gen|9\n|tier|[Gen 9] VGC 2025 Reg G\n|rated|\n|rule|Species Clause: Limit one of each Pok\u00e9mon\n|rule|Item Clause: Limit 1 of each item\n|clearpoke\n|poke|p1|Calyrex-Ice, L50|\n|poke|p1|Cresselia, L50, F|\n|poke|p1|Rillaboom, L50, F|\n|poke|p1|Urshifu-*, L50, M|\n|poke|p1|Flutter Mane, L50|\n|poke|p1|Sandy Shocks, L50|\n|poke|p2|Calyrex-Ice, L50|\n|poke|p2|Raging Bolt, L50|\n|poke|p2|Incineroar, L50, M|\n|poke|p2|Amoonguss, L50, F|\n|poke|p2|Urshifu-*, L50, F|\n|poke|p2|Indeedee-F, L50, F|\n|teampreview|4\n|inactive|Battle timer is ON: inactive players will automatically lose when time's up. (requested by ssbutan)\n|inactive|ssbutan has 60 seconds left.\n|inactive|ssbutan has 30 seconds left.\n|inactive|ssbutan has 20 seconds left.\n|inactive|ssbutan has 15 seconds left.\n|\n|t:|1739794743\n|start\n|switch|p1a: Calyrex|Calyrex-Ice, L50|100\/100\n|switch|p1b: Sandy Shocks|Sandy Shocks, L50|100\/100\n|switch|p2a: Incineroar|Incineroar, L50, M, shiny|100\/100\n|switch|p2b: Urshifu|Urshifu, L50, F|100\/100\n|-ability|p1a: Calyrex|As One\n|-ability|p1a: Calyrex|Unnerve\n|-ability|p2a: Incineroar|Intimidate|boost\n|-unboost|p1a: Calyrex|atk|1\n|-unboost|p1b: Sandy Shocks|atk|1\n|turn|1\n|\n|t:|1739794767\n|-terastallize|p1a: Calyrex|Fairy\n|move|p2a: Incineroar|Fake Out|p1b: Sandy Shocks\n|-damage|p1b: Sandy Shocks|90\/100\n|move|p1b: Sandy Shocks|Earth Power|p2a: Incineroar\n|-supereffective|p2a: Incineroar\n|-damage|p2a: Incineroar|28\/100\n|move|p2b: Urshifu|Wicked Blow|p1a: Calyrex\n|-resisted|p1a: Calyrex\n|-crit|p1a: Calyrex\n|-damage|p1a: Calyrex|85\/100\n|move|p1a: Calyrex|Body Press|p2b: Urshifu\n|-supereffective|p2b: Urshifu\n|-damage|p2b: Urshifu|33\/100\n|\n|-heal|p1a: Calyrex|91\/100|[from] item: Leftovers\n|upkeep\n|turn|2\n|inactive|zbsch has 30 seconds left.\n|inactive|zbsch has 20 seconds left.\n|inactive|zbsch has 15 seconds left.\n|\n|t:|1739794809\n|move|p1b: Sandy Shocks|Volt Switch|p2a: Incineroar\n|-damage|p2a: Incineroar|0 fnt\n|faint|p2a: Incineroar\n|\n|t:|1739794816\n|-end|p1b: Sandy Shocks|Protosynthesis|[silent]\n|switch|p1b: Urshifu|Urshifu-Rapid-Strike, L50, M|100\/100|[from] Volt Switch\n|move|p2b: Urshifu|Close Combat|p1b: Urshifu\n|-damage|p1b: Urshifu|29\/100\n|-unboost|p2b: Urshifu|def|1\n|-unboost|p2b: Urshifu|spd|1\n|move|p1a: Calyrex|Glacial Lance|p2b: Urshifu\n|-damage|p2b: Urshifu|0 fnt\n|faint|p2b: Urshifu\n|-ability|p1a: Calyrex|Chilling Neigh|boost\n|-boost|p1a: Calyrex|atk|1\n|\n|-heal|p1a: Calyrex|97\/100|[from] item: Leftovers\n|upkeep\n|\n|t:|1739794826\n|switch|p2b: Raging Bolt|Raging Bolt, L50|100\/100\n|switch|p2a: Calyrex|Calyrex-Ice, L50|100\/100\n|-ability|p2a: Calyrex|As One\n|-ability|p2a: Calyrex|Unnerve\n|turn|3\n|j| Therazer456\n|inactive|ssbutan has 30 seconds left.\n|\n|t:|1739794859\n|switch|p1b: Cresselia|Cresselia, L50, F|100\/100\n|-terastallize|p2b: Raging Bolt|Fairy\n|move|p2b: Raging Bolt|Thunderbolt|p1a: Calyrex\n|-crit|p1a: Calyrex\n|-damage|p1a: Calyrex|44\/100\n|move|p1a: Calyrex|Leech Seed|p2a: Calyrex|[miss]\n|-miss|p1a: Calyrex|p2a: Calyrex\n|move|p2a: Calyrex|Trick Room|p2a: Calyrex\n|-fieldstart|move: Trick Room|[of] p2a: Calyrex\n|\n|-heal|p1a: Calyrex|50\/100|[from] item: Leftovers\n|upkeep\n|turn|4\n|inactive|zbsch has 30 seconds left.\n|\n|t:|1739794886\n|move|p1a: Calyrex|Protect|p1a: Calyrex\n|-singleturn|p1a: Calyrex|Protect\n|move|p2a: Calyrex|Glacial Lance|p1b: Cresselia|[spread] p1b\n|-activate|p1a: Calyrex|move: Protect\n|-damage|p1b: Cresselia|67\/100\n|move|p2b: Raging Bolt|Thunderbolt|p1a: Calyrex\n|-activate|p1a: Calyrex|move: Protect\n|move|p1b: Cresselia|Lunar Blessing|p1b: Cresselia|[spread] p1a,p1b\n|-heal|p1a: Calyrex|75\/100\n|-heal|p1b: Cresselia|93\/100\n|\n|-heal|p1a: Calyrex|81\/100|[from] item: Leftovers\n|upkeep\n|turn|5\n|\n|t:|1739794900\n|move|p2a: Calyrex|Glacial Lance|p1a: Calyrex|[spread] p1a,p1b\n|-damage|p1a: Calyrex|51\/100\n|-damage|p1b: Cresselia|59\/100\n|move|p1a: Calyrex|Leech Seed|p2a: Calyrex\n|-start|p2a: Calyrex|move: Leech Seed\n|move|p2b: Raging Bolt|Thunderbolt|p1a: Calyrex\n|-damage|p1a: Calyrex|13\/100\n|move|p1b: Cresselia|Lunar Blessing|p1b: Cresselia|[spread] p1a,p1b\n|-heal|p1a: Calyrex|38\/100\n|-heal|p1b: Cresselia|84\/100\n|\n|-heal|p1a: Calyrex|44\/100|[from] item: Leftovers\n|-damage|p2a: Calyrex|88\/100|[from] Leech Seed|[of] p1a: Calyrex\n|-heal|p1a: Calyrex|56\/100|[silent]\n|upkeep\n|turn|6\n|j| dragondrivevgc\n|\n|t:|1739794913\n|move|p1a: Calyrex|Protect|p1a: Calyrex\n|-singleturn|p1a: Calyrex|Protect\n|move|p2a: Calyrex|Glacial Lance|p1a: Calyrex|[spread] p1b\n|-activate|p1a: Calyrex|move: Protect\n|-damage|p1b: Cresselia|51\/100\n|move|p2b: Raging Bolt|Thunderbolt|p1b: Cresselia\n|-damage|p1b: Cresselia|15\/100\n|move|p1b: Cresselia|Lunar Blessing|p1b: Cresselia|[spread] p1a,p1b\n|-heal|p1a: Calyrex|81\/100\n|-heal|p1b: Cresselia|41\/100\n|\n|-heal|p1a: Calyrex|87\/100|[from] item: Leftovers\n|-damage|p2a: Calyrex|76\/100|[from] Leech Seed|[of] p1a: Calyrex\n|-heal|p1a: Calyrex|99\/100|[silent]\n|upkeep\n|turn|7\n|\n|t:|1739794936\n|move|p2a: Calyrex|Glacial Lance|p1a: Calyrex|[spread] p1a,p1b\n|-damage|p1a: Calyrex|73\/100\n|-damage|p1b: Cresselia|5\/100\n|move|p1a: Calyrex|Glacial Lance|p2a: Calyrex|[spread] p2a,p2b\n|-resisted|p2a: Calyrex\n|-damage|p2a: Calyrex|61\/100\n|-damage|p2b: Raging Bolt|62\/100\n|move|p2b: Raging Bolt|Snarl|p1b: Cresselia|[spread] p1a,p1b\n|-resisted|p1a: Calyrex\n|-crit|p1a: Calyrex\n|-supereffective|p1b: Cresselia\n|-damage|p1a: Calyrex|64\/100\n|-damage|p1b: Cresselia|0 fnt\n|-unboost|p1a: Calyrex|spa|1\n|faint|p1b: Cresselia\n|\n|-heal|p1a: Calyrex|70\/100|[from] item: Leftovers\n|-damage|p2a: Calyrex|49\/100|[from] Leech Seed|[of] p1a: Calyrex\n|-heal|p1a: Calyrex|82\/100|[silent]\n|-fieldend|move: Trick Room\n|upkeep\n|\n|t:|1739794959\n|switch|p1b: Urshifu|Urshifu-Rapid-Strike, L50, M|29\/100\n|turn|8\n|\n|t:|1739794977\n|move|p1b: Urshifu|Close Combat|p2a: Calyrex\n|-damage|p2a: Calyrex|9\/100\n|-unboost|p1b: Urshifu|def|1\n|-unboost|p1b: Urshifu|spd|1\n|move|p2b: Raging Bolt|Thunderbolt|p1a: Calyrex\n|-damage|p1a: Calyrex|43\/100\n|move|p1a: Calyrex|Glacial Lance|p2b: Raging Bolt|[spread] p2a,p2b\n|-resisted|p2a: Calyrex\n|-damage|p2a: Calyrex|0 fnt\n|-damage|p2b: Raging Bolt|25\/100\n|faint|p2a: Calyrex\n|-ability|p1a: Calyrex|Chilling Neigh|boost\n|-boost|p1a: Calyrex|atk|1\n|\n|-heal|p1a: Calyrex|49\/100|[from] item: Leftovers\n|upkeep\n|turn|9\n|j| Dongsong\n|\n|t:|1739794990\n|move|p1b: Urshifu|Close Combat|p2b: Raging Bolt\n|-resisted|p2b: Raging Bolt\n|-damage|p2b: Raging Bolt|0 fnt\n|-unboost|p1b: Urshifu|def|1\n|-unboost|p1b: Urshifu|spd|1\n|faint|p2b: Raging Bolt\n|-end|p2b: Raging Bolt|Protosynthesis|[silent]\n|\n|win|ssbutan\n|raw|ssbutan's rating: 1542 &rarr; <strong>1566<\/strong><br \/>(+24 for winning)\n|raw|zbsch's rating: 1605 &rarr; <strong>1581<\/strong><br \/>(-24 for losing)\n|c|\u2606zbsch|gg very unique team\n|l| Dongsong\n|l|\u2606ssbutan\n|player|p1|\n|l| Therazer456\n|c|\u2606zbsch|I am so confused by what I just played lmao\n|l|\u2606zbsch\n|player|p2|\n|l| dragondrivevgc\n","uploadtime":1739795140,"views":8,"formatid":"gen9vgc2025regg","rating":1566,"private":0,"password":null}