{"id":"gen9vgc2025regg-2302211318","format":"[Gen 9] VGC 2025 Reg G","players":["Tpakl","Read Book"],"log":"|j|\u2606Tpakl\n|j|\u203dRead Book\n|t:|1739760866\n|gametype|doubles\n|player|p1|Tpakl|rosa|1604\n|player|p2|Read Book|266|1564\n|teamsize|p1|6\n|teamsize|p2|6\n|gen|9\n|tier|[Gen 9] VGC 2025 Reg G\n|rated|\n|rule|Species Clause: Limit one of each Pok\u00e9mon\n|rule|Item Clause: Limit 1 of each item\n|clearpoke\n|poke|p1|Rayquaza, L50|\n|poke|p1|Urshifu-*, L50, M|\n|poke|p1|Iron Treads, L50|\n|poke|p1|Entei, L50|\n|poke|p1|Murkrow, L50, F|\n|poke|p1|Regieleki, L50|\n|poke|p2|Incineroar, L50, M|\n|poke|p2|Tornadus, L50, M|\n|poke|p2|Calyrex-Shadow, L50|\n|poke|p2|Urshifu-*, L50, M|\n|poke|p2|Clefairy, L50, F|\n|poke|p2|Rillaboom, L50, M|\n|teampreview|4\n|j| RelearningVGCBR\n|inactive|Battle timer is ON: inactive players will automatically lose when time's up. (requested by Read Book)\n|l| RelearningVGCBR\n|j| RelearningVGCBR\n|inactive|Tpakl has 60 seconds left.\n|\n|t:|1739760936\n|start\n|switch|p1a: Murkrow|Murkrow, L50, F|100\/100\n|switch|p1b: Urshifu|Urshifu-Rapid-Strike, L50, M|100\/100\n|switch|p2a: Incineroar|Incineroar, L50, M, shiny|100\/100\n|switch|p2b: Urshifu|Urshifu-Rapid-Strike, L50, M|100\/100\n|-ability|p2a: Incineroar|Intimidate|boost\n|-unboost|p1a: Murkrow|atk|1\n|-unboost|p1b: Urshifu|atk|1\n|turn|1\n|\n|t:|1739760959\n|move|p2a: Incineroar|Fake Out|p1b: Urshifu\n|-damage|p1b: Urshifu|90\/100\n|move|p2b: Urshifu|Surging Strikes|p1a: Murkrow\n|-crit|p1a: Murkrow\n|-damage|p1a: Murkrow|68\/100\n|-crit|p1a: Murkrow\n|-damage|p1a: Murkrow|39\/100\n|-crit|p1a: Murkrow\n|-damage|p1a: Murkrow|7\/100\n|-hitcount|p1a: Murkrow|3\n|cant|p1b: Urshifu|flinch\n|move|p1a: Murkrow|Brave Bird|p2b: Urshifu\n|-supereffective|p2b: Urshifu\n|-damage|p2b: Urshifu|53\/100\n|-damage|p1a: Murkrow|0 fnt|[from] Recoil\n|faint|p1a: Murkrow\n|\n|upkeep\n|\n|t:|1739760974\n|switch|p1a: Regieleki|Regieleki, L50|100\/100\n|turn|2\n|inactive|Read Book has 30 seconds left.\n|\n|t:|1739761000\n|switch|p2b: Clefairy|Clefairy, L50, F|100\/100\n|move|p1a: Regieleki|Electroweb|p2a: Incineroar|[spread] p2a,p2b\n|-damage|p2a: Incineroar|84\/100\n|-damage|p2b: Clefairy|78\/100\n|-unboost|p2a: Incineroar|spe|1\n|-unboost|p2b: Clefairy|spe|1\n|move|p1b: Urshifu|Surging Strikes|p2a: Incineroar\n|-supereffective|p2a: Incineroar\n|-crit|p2a: Incineroar\n|-damage|p2a: Incineroar|52\/100\n|-damage|p1b: Urshifu|73\/100|[from] item: Rocky Helmet|[of] p2a: Incineroar\n|-supereffective|p2a: Incineroar\n|-crit|p2a: Incineroar\n|-damage|p2a: Incineroar|22\/100\n|-damage|p1b: Urshifu|57\/100|[from] item: Rocky Helmet|[of] p2a: Incineroar\n|-supereffective|p2a: Incineroar\n|-crit|p2a: Incineroar\n|-damage|p2a: Incineroar|0 fnt\n|-damage|p1b: Urshifu|40\/100|[from] item: Rocky Helmet|[of] p2a: Incineroar\n|faint|p2a: Incineroar\n|-hitcount|p2: Incineroar|3\n|\n|upkeep\n|inactive|Read Book has 30 seconds left.\n|\n|t:|1739761027\n|switch|p2a: Calyrex|Calyrex-Shadow, L50|100\/100\n|-ability|p2a: Calyrex|As One\n|-ability|p2a: Calyrex|Unnerve\n|turn|3\n|\n|t:|1739761048\n|move|p1b: Urshifu|Detect|p1b: Urshifu\n|-singleturn|p1b: Urshifu|Protect\n|move|p2b: Clefairy|Follow Me|p2b: Clefairy\n|-singleturn|p2b: Clefairy|move: Follow Me\n|move|p1a: Regieleki|Electroweb|p2b: Clefairy|[spread] p2a,p2b\n|-damage|p2a: Calyrex|82\/100\n|-damage|p2b: Clefairy|54\/100\n|-unboost|p2b: Clefairy|spe|1\n|move|p2a: Calyrex|Astral Barrage|p1a: Regieleki|[spread] p1a\n|-activate|p1b: Urshifu|move: Protect\n|-damage|p1a: Regieleki|6\/100\n|\n|upkeep\n|turn|4\n|\n|t:|1739761063\n|move|p2b: Clefairy|Follow Me|p2b: Clefairy\n|-singleturn|p2b: Clefairy|move: Follow Me\n|move|p1a: Regieleki|Electroweb|p2b: Clefairy|[spread] p2a,p2b\n|-damage|p2a: Calyrex|62\/100\n|-damage|p2b: Clefairy|33\/100\n|-unboost|p2b: Clefairy|spe|1\n|move|p2a: Calyrex|Astral Barrage|p1a: Regieleki|[spread] p1a,p1b\n|-damage|p1a: Regieleki|0 fnt\n|-damage|p1b: Urshifu|0 fnt\n|faint|p1a: Regieleki\n|faint|p1b: Urshifu\n|-ability|p2a: Calyrex|Grim Neigh|boost\n|-boost|p2a: Calyrex|spa|2\n|\n|upkeep\n|\n|t:|1739761075\n|switch|p1b: Rayquaza|Rayquaza, L50|100\/100\n|-ability|p1b: Rayquaza|Air Lock\n|turn|5\n|-message|Tpakl forfeited.\n|\n|win|Read Book\n|raw|Tpakl's rating: 1604 &rarr; <strong>1582<\/strong><br \/>(-22 for losing)\n|raw|Read Book's rating: 1564 &rarr; <strong>1586<\/strong><br \/>(+22 for winning)\n|l|\u2606Tpakl\n|player|p1|\n|l|\u203dRead Book\n|player|p2|\n|l| RelearningVGCBR\n","uploadtime":1739761336,"views":6,"formatid":"gen9vgc2025regg","rating":1582,"private":0,"password":null}