{"id":"gen9vgc2025regg-2302380454","format":"[Gen 9] VGC 2025 Reg G","players":["Luca8","ZuguCapretta"],"log":"|j|\u2606Luca8\n|j|\u2606ZuguCapretta\n|t:|1739790255\n|gametype|doubles\n|player|p1|Luca8|flint|1638\n|player|p2|ZuguCapretta|emmet|1589\n|teamsize|p1|6\n|teamsize|p2|6\n|gen|9\n|tier|[Gen 9] VGC 2025 Reg G\n|rated|\n|rule|Species Clause: Limit one of each Pok\u00e9mon\n|rule|Item Clause: Limit 1 of each item\n|clearpoke\n|poke|p1|Calyrex-Shadow, L50|\n|poke|p1|Indeedee, L50, M|\n|poke|p1|Dragonite, L50, F|\n|poke|p1|Chi-Yu, L50|\n|poke|p1|Sylveon, L50, F|\n|poke|p1|Iron Leaves, L50|\n|poke|p2|Calyrex-Shadow, L50|\n|poke|p2|Iron Valiant, L50|\n|poke|p2|Heatran, L50, F|\n|poke|p2|Scream Tail, L50|\n|poke|p2|Landorus, L50, M|\n|poke|p2|Iron Hands, L50|\n|teampreview|4\n|\n|t:|1739790302\n|start\n|switch|p1a: Dragonite|Dragonite, L50, F|100\/100\n|switch|p1b: Sylveon|Sylveon, L50, F|100\/100\n|switch|p2a: Havallaccia|Calyrex-Shadow, L50|100\/100\n|switch|p2b: Bladedge|Iron Valiant, L50|100\/100\n|-ability|p2a: Havallaccia|As One\n|-ability|p2a: Havallaccia|Unnerve\n|-enditem|p2b: Bladedge|Booster Energy\n|-activate|p2b: Bladedge|ability: Quark Drive|[fromitem]\n|-start|p2b: Bladedge|quarkdrivespe\n|turn|1\n|\n|t:|1739790343\n|move|p2b: Bladedge|Hypnosis|p1b: Sylveon\n|-status|p1b: Sylveon|slp|[from] move: Hypnosis\n|move|p2a: Havallaccia|Gravity|p2a: Havallaccia\n|-fieldstart|move: Gravity\n|move|p1a: Dragonite|Tailwind|p1a: Dragonite\n|-sidestart|p1: Luca8|move: Tailwind\n|cant|p1b: Sylveon|slp\n|\n|upkeep\n|turn|2\n|\n|t:|1739790364\n|move|p2b: Bladedge|Hypnosis|p1a: Dragonite\n|-status|p1a: Dragonite|slp|[from] move: Hypnosis\n|move|p2a: Havallaccia|Astral Barrage|p1a: Dragonite|[spread] p1a,p1b\n|-damage|p1a: Dragonite|76\/100 slp\n|-damage|p1b: Sylveon|60\/100 slp\n|cant|p1a: Dragonite|slp\n|-curestatus|p1b: Sylveon|slp|[msg]\n|move|p1b: Sylveon|Hyper Voice|p2a: Havallaccia|[spread] p2a,p2b\n|-supereffective|p2b: Bladedge\n|-damage|p2a: Havallaccia|49\/100\n|-damage|p2b: Bladedge|0 fnt\n|faint|p2b: Bladedge\n|-end|p2b: Bladedge|Quark Drive|[silent]\n|-damage|p1b: Sylveon|50\/100|[from] item: Life Orb\n|\n|upkeep\n|\n|t:|1739790389\n|switch|p2b: Kir bu|Scream Tail, L50|100\/100\n|turn|3\n|\n|t:|1739790404\n|switch|p2a: ASbrega Fioi|Heatran, L50, F|100\/100\n|cant|p1a: Dragonite|slp\n|move|p2b: Kir bu|Sing|p1b: Sylveon\n|-status|p1b: Sylveon|slp|[from] move: Sing\n|cant|p1b: Sylveon|slp\n|\n|upkeep\n|turn|4\n|\n|t:|1739790439\n|switch|p1b: Indeedee|Indeedee, L50, M|100\/100\n|-fieldstart|move: Psychic Terrain|[from] ability: Psychic Surge|[of] p1b: Indeedee\n|-curestatus|p1a: Dragonite|slp|[msg]\n|move|p1a: Dragonite|Rock Slide|p2a: ASbrega Fioi|[spread] p2a,p2b\n|-damage|p2a: ASbrega Fioi|83\/100\n|-damage|p2b: Kir bu|83\/100\n|move|p2b: Kir bu|Play Rough|p1a: Dragonite\n|-supereffective|p1a: Dragonite\n|-damage|p1a: Dragonite|37\/100\n|-damage|p2b: Kir bu|66\/100|[from] item: Rocky Helmet|[of] p1a: Dragonite\n|move|p2a: ASbrega Fioi|Magma Storm|p1b: Indeedee\n|-damage|p1b: Indeedee|47\/100\n|-activate|p1b: Indeedee|move: Magma Storm|[of] p2a: ASbrega Fioi\n|\n|-damage|p1b: Indeedee|35\/100|[from] move: Magma Storm|[partiallytrapped]\n|-sideend|p1: Luca8|move: Tailwind\n|upkeep\n|turn|5\n|inactive|Battle timer is ON: inactive players will automatically lose when time's up. (requested by Luca8)\n|\n|t:|1739790489\n|-terastallize|p1b: Indeedee|Ground\n|move|p2b: Kir bu|Sing|p1a: Dragonite\n|-status|p1a: Dragonite|slp|[from] move: Sing\n|move|p1b: Indeedee|Tera Blast|p2a: ASbrega Fioi|[anim] Tera Blast Ground\n|-supereffective|p2a: ASbrega Fioi\n|-damage|p2a: ASbrega Fioi|0 fnt\n|faint|p2a: ASbrega Fioi\n|cant|p1a: Dragonite|slp\n|\n|-end|p1b: Indeedee|Magma Storm|[partiallytrapped]|[silent]\n|-fieldend|move: Gravity\n|upkeep\n|\n|t:|1739790496\n|switch|p2a: Havallaccia|Calyrex-Shadow, L50|49\/100\n|-ability|p2a: Havallaccia|As One\n|-ability|p2a: Havallaccia|Unnerve\n|turn|6\n|\n|t:|1739790511\n|move|p2a: Havallaccia|Gravity|p2a: Havallaccia\n|-fieldstart|move: Gravity\n|move|p2b: Kir bu|Sing|p1b: Indeedee\n|-status|p1b: Indeedee|slp|[from] move: Sing\n|cant|p1b: Indeedee|slp\n|-curestatus|p1a: Dragonite|slp|[msg]\n|move|p1a: Dragonite|Tailwind|p1a: Dragonite\n|-sidestart|p1: Luca8|move: Tailwind\n|\n|upkeep\n|turn|7\n|\n|t:|1739790532\n|cant|p1b: Indeedee|slp\n|move|p1a: Dragonite|Rock Slide|p2a: Havallaccia|[spread] p2a,p2b\n|-crit|p2b: Kir bu\n|-damage|p2a: Havallaccia|22\/100\n|-damage|p2b: Kir bu|37\/100\n|cant|p2b: Kir bu|flinch\n|move|p2a: Havallaccia|Trick Room|p2a: Havallaccia\n|-fieldstart|move: Trick Room|[of] p2a: Havallaccia\n|\n|upkeep\n|turn|8\n|\n|t:|1739790548\n|move|p2b: Kir bu|Sing|p1a: Dragonite|[miss]\n|-miss|p2b: Kir bu|p1a: Dragonite\n|move|p1a: Dragonite|Dragon Claw|p2a: Havallaccia\n|-damage|p2a: Havallaccia|0 fnt\n|faint|p2a: Havallaccia\n|cant|p1b: Indeedee|slp\n|\n|-fieldend|move: Psychic Terrain\n|upkeep\n|turn|9\n|-message|ZuguCapretta forfeited.\n|\n|win|Luca8\n|raw|Luca8's rating: 1638 &rarr; <strong>1655<\/strong><br \/>(+17 for winning)\n|raw|ZuguCapretta's rating: 1589 &rarr; <strong>1572<\/strong><br \/>(-17 for losing)\n|l|\u2606ZuguCapretta\n|player|p2|\n|l|\u2606Luca8\n|player|p1|\n","uploadtime":1739790797,"views":10,"formatid":"gen9vgc2025regg","rating":1572,"private":0,"password":null}