{"id":"gen9vgc2025regg-2302545614","format":"[Gen 9] VGC 2025 Reg G","players":["jvessel07","searows"],"log":"|j|\u2606jvessel07\n|j|\u2606searows\n|t:|1739811818\n|gametype|doubles\n|player|p1|jvessel07|baker|1553\n|player|p2|searows|miku-water|1655\n|teamsize|p1|6\n|teamsize|p2|6\n|gen|9\n|tier|[Gen 9] VGC 2025 Reg G\n|rated|\n|rule|Species Clause: Limit one of each Pok\u00e9mon\n|rule|Item Clause: Limit 1 of each item\n|clearpoke\n|poke|p1|Smeargle, L50, F|\n|poke|p1|Muk-Alola, L50, F|\n|poke|p1|Flamigo, L50, F|\n|poke|p1|Dondozo, L50, F|\n|poke|p1|Giratina, L50|\n|poke|p1|Rillaboom, L50, M|\n|poke|p2|Calyrex-Shadow, L50|\n|poke|p2|Raging Bolt, L50|\n|poke|p2|Urshifu-*, L50, M|\n|poke|p2|Clefairy, L50, M|\n|poke|p2|Smeargle, L50, F|\n|poke|p2|Tornadus, L50, M|\n|teampreview|4\nsearows has agreed to open team sheets.\n|inactive|Battle timer is ON: inactive players will automatically lose when time's up. (requested by jvessel07)\n|j| juleoromliet\n|\n|t:|1739811864\n|start\n|switch|p1a: Smeargle|Smeargle, L50, F|100\/100\n|switch|p1b: Muk|Muk-Alola, L50, F|100\/100\n|switch|p2a: Smeargle|Smeargle, L50, F|100\/100\n|switch|p2b: Urshifu|Urshifu-Rapid-Strike, L50, M|100\/100\n|turn|1\n|\n|t:|1739811875\n|move|p2a: Smeargle|Fake Out|p1b: Muk\n|-damage|p1b: Muk|96\/100\n|move|p1a: Smeargle|Fake Out|p2b: Urshifu\n|-damage|p2b: Urshifu|96\/100\n|cant|p2b: Urshifu|flinch\n|cant|p1b: Muk|flinch\n|\n|-heal|p1b: Muk|100\/100|[from] item: Leftovers\n|-ability|p1a: Smeargle|Moody|boost\n|-boost|p1a: Smeargle|spe|2\n|-unboost|p1a: Smeargle|spd|1\n|-ability|p2a: Smeargle|Moody|boost\n|-boost|p2a: Smeargle|atk|2\n|-unboost|p2a: Smeargle|spd|1\n|upkeep\n|turn|2\n|\n|t:|1739811887\n|move|p1a: Smeargle|Spore|p2b: Urshifu\n|-status|p2b: Urshifu|slp|[from] move: Spore\n|move|p2a: Smeargle|Spore|p1b: Muk\n|-status|p1b: Muk|slp|[from] move: Spore\n|cant|p2b: Urshifu|slp\n|cant|p1b: Muk|slp\n|\n|-ability|p1a: Smeargle|Moody|boost\n|-boost|p1a: Smeargle|spa|2\n|-unboost|p1a: Smeargle|spe|1\n|-ability|p2a: Smeargle|Moody|boost\n|-boost|p2a: Smeargle|atk|2\n|-unboost|p2a: Smeargle|spe|1\n|upkeep\n|turn|3\n|\n|t:|1739811908\n|-terastallize|p2a: Smeargle|Grass\n|move|p1a: Smeargle|Follow Me|p1a: Smeargle\n|-singleturn|p1a: Smeargle|move: Follow Me\n|cant|p2b: Urshifu|slp\n|move|p2a: Smeargle|Spore|p1a: Smeargle\n|-status|p1a: Smeargle|slp|[from] move: Spore\n|cant|p1b: Muk|slp\n|\n|-ability|p1a: Smeargle|Moody|boost\n|-boost|p1a: Smeargle|spe|2\n|-unboost|p1a: Smeargle|spd|1\n|-ability|p2a: Smeargle|Moody|boost\n|-boost|p2a: Smeargle|def|2\n|-unboost|p2a: Smeargle|spe|1\n|upkeep\n|turn|4\n|inactive|searows has 30 seconds left.\n|inactive|searows has 20 seconds left.\n|inactive|searows has 15 seconds left.\n|inactive|searows has 10 seconds left.\n|inactive|searows has 5 seconds left.\n|\n|t:|1739811959\n|cant|p1a: Smeargle|slp\n|move|p2a: Smeargle|Follow Me|p2a: Smeargle\n|-singleturn|p2a: Smeargle|move: Follow Me\n|cant|p2b: Urshifu|slp\n|-curestatus|p1b: Muk|slp|[msg]\n|move|p1b: Muk|Minimize|p1b: Muk\n|-boost|p1b: Muk|evasion|2\n|\n|-ability|p1a: Smeargle|Moody|boost\n|-boost|p1a: Smeargle|spd|2\n|-unboost|p1a: Smeargle|spa|1\n|-ability|p2a: Smeargle|Moody|boost\n|-boost|p2a: Smeargle|def|2\n|-unboost|p2a: Smeargle|spd|1\n|upkeep\n|turn|5\n|\n|t:|1739811971\n|-curestatus|p1a: Smeargle|slp|[msg]\n|move|p1a: Smeargle|Follow Me|p1a: Smeargle\n|-singleturn|p1a: Smeargle|move: Follow Me\n|-curestatus|p2b: Urshifu|slp|[msg]\n|move|p2b: Urshifu|Surging Strikes|p1a: Smeargle\n|-crit|p1a: Smeargle\n|-damage|p1a: Smeargle|21\/100\n|-crit|p1a: Smeargle\n|-damage|p1a: Smeargle|0 fnt\n|faint|p1a: Smeargle\n|-ability|p1b: Muk|Moody|[from] ability: Power of Alchemy|[of] p1a: Smeargle\n|-hitcount|p1: Smeargle|2\n|move|p1b: Muk|Minimize|p1b: Muk\n|-boost|p1b: Muk|evasion|2\n|move|p2a: Smeargle|Spore|p1b: Muk|[miss]\n|-miss|p2a: Smeargle|p1b: Muk\n|\n|-ability|p1b: Muk|Moody|boost\n|-boost|p1b: Muk|spd|2\n|-unboost|p1b: Muk|spa|1\n|-ability|p2a: Smeargle|Moody|boost\n|-boost|p2a: Smeargle|spe|2\n|-unboost|p2a: Smeargle|def|1\n|upkeep\n|j| keltr1ck\n|\n|t:|1739811987\n|switch|p1a: Giratina|Giratina, L50|100\/100\n|-ability|p1a: Giratina|Pressure\n|turn|6\n|\n|t:|1739811998\n|move|p2a: Smeargle|Spore|p1b: Muk\n|-status|p1b: Muk|slp|[from] move: Spore\n|move|p2b: Urshifu|Surging Strikes|p1b: Muk|[miss]\n|-miss|p2b: Urshifu|p1b: Muk\n|move|p1a: Giratina|Thunder Wave|p2b: Urshifu\n|-status|p2b: Urshifu|par\n|cant|p1b: Muk|slp\n|\n|-ability|p2a: Smeargle|Moody|boost\n|-boost|p2a: Smeargle|spd|2\n|-unboost|p2a: Smeargle|spa|1\n|-ability|p1b: Muk|Moody|boost\n|-boost|p1b: Muk|def|2\n|-unboost|p1b: Muk|atk|1\n|upkeep\n|turn|7\n|\n|t:|1739812018\n|move|p2a: Smeargle|Spore|p1a: Giratina\n|-status|p1a: Giratina|slp|[from] move: Spore\n|cant|p1a: Giratina|slp\n|-curestatus|p1b: Muk|slp|[msg]\n|move|p1b: Muk|Minimize|p1b: Muk\n|-boost|p1b: Muk|evasion|2\n|move|p2b: Urshifu|Surging Strikes|p1b: Muk|[miss]\n|-miss|p2b: Urshifu|p1b: Muk\n|\n|-ability|p2a: Smeargle|Moody|boost\n|-boost|p2a: Smeargle|def|2\n|-unboost|p2a: Smeargle|atk|1\n|-ability|p1b: Muk|Moody|boost\n|-boost|p1b: Muk|spd|2\n|-unboost|p1b: Muk|spa|1\n|upkeep\n|turn|8\n|\n|t:|1739812039\n|move|p2a: Smeargle|Spore|p1b: Muk|[miss]\n|-miss|p2a: Smeargle|p1b: Muk\n|cant|p1a: Giratina|slp\n|move|p1b: Muk|Knock Off|p2a: Smeargle\n|-damage|p2a: Smeargle|88\/100\n|-enditem|p2a: Smeargle|Focus Sash|[from] move: Knock Off|[of] p1b: Muk\n|move|p2b: Urshifu|Surging Strikes|p1b: Muk\n|-crit|p1b: Muk\n|-damage|p1b: Muk|68\/100\n|-crit|p1b: Muk\n|-damage|p1b: Muk|34\/100\n|-crit|p1b: Muk\n|-damage|p1b: Muk|3\/100\n|-hitcount|p1b: Muk|3\n|\n|-heal|p1b: Muk|10\/100|[from] item: Leftovers\n|-ability|p2a: Smeargle|Moody|boost\n|-boost|p2a: Smeargle|def|1\n|-unboost|p2a: Smeargle|spa|1\n|-ability|p1b: Muk|Moody|boost\n|-boost|p1b: Muk|def|2\n|-unboost|p1b: Muk|spd|1\n|upkeep\n|turn|9\n|inactive|searows has 30 seconds left.\n|\n|t:|1739812070\n|move|p1b: Muk|Protect|p1b: Muk\n|-singleturn|p1b: Muk|Protect\n|move|p2a: Smeargle|Spore|p1b: Muk\n|-activate|p1b: Muk|move: Protect\n|-curestatus|p1a: Giratina|slp|[msg]\n|move|p1a: Giratina|Hex|p2b: Urshifu\n|-crit|p2b: Urshifu\n|-damage|p2b: Urshifu|0 fnt\n|faint|p2b: Urshifu\n|\n|-heal|p1b: Muk|16\/100|[from] item: Leftovers\n|-ability|p2a: Smeargle|Moody|boost\n|-boost|p2a: Smeargle|atk|2\n|-unboost|p2a: Smeargle|def|1\n|-ability|p1b: Muk|Moody|boost\n|-boost|p1b: Muk|spd|2\n|-unboost|p1b: Muk|def|1\n|upkeep\n|\n|t:|1739812085\n|switch|p2b: Calyrex|Calyrex-Shadow, L50|100\/100\n|-ability|p2b: Calyrex|As One\n|-ability|p2b: Calyrex|Unnerve\n|turn|10\n|\n|t:|1739812105\n|move|p2b: Calyrex|Astral Barrage|p1b: Muk|[spread] p1a\n|-miss|p2b: Calyrex|p1b: Muk\n|-supereffective|p1a: Giratina\n|-damage|p1a: Giratina|46\/100\n|-damage|p2b: Calyrex|91\/100|[from] item: Life Orb\n|move|p2a: Smeargle|Spore|p1b: Muk|[miss]\n|-miss|p2a: Smeargle|p1b: Muk\n|move|p1a: Giratina|Thunder Wave|p2b: Calyrex\n|-status|p2b: Calyrex|par\n|move|p1b: Muk|Knock Off|p2b: Calyrex\n|-supereffective|p2b: Calyrex\n|-damage|p2b: Calyrex|0 fnt\n|-enditem|p2b: Calyrex|Life Orb|[from] move: Knock Off|[of] p1b: Muk\n|faint|p2b: Calyrex\n|\n|-heal|p1b: Muk|22\/100|[from] item: Leftovers\n|-ability|p2a: Smeargle|Moody|boost\n|-boost|p2a: Smeargle|def|1\n|-unboost|p2a: Smeargle|spe|1\n|-ability|p1b: Muk|Moody|boost\n|-boost|p1b: Muk|atk|2\n|-unboost|p1b: Muk|spa|1\n|upkeep\n|l| juleoromliet\n|\n|t:|1739812112\n|switch|p2b: Raging Bolt|Raging Bolt, L50|100\/100\n|-enditem|p2b: Raging Bolt|Booster Energy\n|-activate|p2b: Raging Bolt|ability: Protosynthesis|[fromitem]\n|-start|p2b: Raging Bolt|protosynthesisspa\n|turn|11\n|inactive|jvessel07 has 30 seconds left.\n|\n|t:|1739812139\n|move|p1b: Muk|Protect|p1b: Muk\n|-singleturn|p1b: Muk|Protect\n|move|p2b: Raging Bolt|Thunderbolt|p1b: Muk\n|-activate|p1b: Muk|move: Protect\n|move|p2a: Smeargle|Spore|p1a: Giratina\n|-status|p1a: Giratina|slp|[from] move: Spore\n|cant|p1a: Giratina|slp\n|\n|-heal|p1b: Muk|28\/100|[from] item: Leftovers\n|-ability|p2a: Smeargle|Moody|boost\n|-boost|p2a: Smeargle|spa|2\n|-unboost|p2a: Smeargle|def|1\n|-ability|p1b: Muk|Moody|boost\n|-boost|p1b: Muk|atk|2\n|-unboost|p1b: Muk|spe|1\n|upkeep\n|turn|12\n|\n|t:|1739812160\n|move|p2b: Raging Bolt|Thunderbolt|p1b: Muk|[miss]\n|-miss|p2b: Raging Bolt|p1b: Muk\n|cant|p1a: Giratina|slp\n|move|p2a: Smeargle|Spore|p1b: Muk\n|-status|p1b: Muk|slp|[from] move: Spore\n|cant|p1b: Muk|slp\n|\n|-heal|p1b: Muk|34\/100 slp|[from] item: Leftovers\n|-ability|p2a: Smeargle|Moody|boost\n|-boost|p2a: Smeargle|spe|2\n|-unboost|p2a: Smeargle|spa|1\n|-ability|p1b: Muk|Moody|boost\n|-boost|p1b: Muk|spa|2\n|-unboost|p1b: Muk|def|1\n|upkeep\n|turn|13\n|inactive|jvessel07 has 30 seconds left.\n|\n|t:|1739812189\n|move|p2a: Smeargle|Follow Me|p2a: Smeargle\n|-singleturn|p2a: Smeargle|move: Follow Me\n|move|p2b: Raging Bolt|Thunderbolt|p1b: Muk\n|-damage|p1b: Muk|21\/100 slp\n|cant|p1a: Giratina|slp\n|-curestatus|p1b: Muk|slp|[msg]\n|move|p1b: Muk|Knock Off|p2a: Smeargle\n|-damage|p2a: Smeargle|58\/100\n|\n|-heal|p1b: Muk|27\/100|[from] item: Leftovers\n|-ability|p2a: Smeargle|Moody|boost\n|-boost|p2a: Smeargle|spa|2\n|-unboost|p2a: Smeargle|spe|1\n|-ability|p1b: Muk|Moody|boost\n|-boost|p1b: Muk|def|2\n|-unboost|p1b: Muk|spd|1\n|upkeep\n|turn|14\n|\n|t:|1739812206\n|move|p2a: Smeargle|Spore|p1b: Muk|[miss]\n|-miss|p2a: Smeargle|p1b: Muk\n|move|p2b: Raging Bolt|Draco Meteor|p1a: Giratina|[miss]\n|-miss|p2b: Raging Bolt|p1a: Giratina\n|move|p1b: Muk|Knock Off|p2b: Raging Bolt\n|-damage|p2b: Raging Bolt|52\/100\n|-curestatus|p1a: Giratina|slp|[msg]\n|move|p1a: Giratina|Dragon Tail|p2b: Raging Bolt\n|-supereffective|p2b: Raging Bolt\n|-damage|p2b: Raging Bolt|10\/100\n|\n|-heal|p1b: Muk|33\/100|[from] item: Leftovers\n|-ability|p2a: Smeargle|Moody|boost\n|-boost|p2a: Smeargle|spe|2\n|-unboost|p2a: Smeargle|spd|1\n|-ability|p1b: Muk|Moody|boost\n|-boost|p1b: Muk|spa|2\n|-unboost|p1b: Muk|spd|1\n|upkeep\n|turn|15\n|\n|t:|1739812224\n|move|p2b: Raging Bolt|Protect|p2b: Raging Bolt\n|-singleturn|p2b: Raging Bolt|Protect\n|move|p1b: Muk|Protect|p1b: Muk\n|-singleturn|p1b: Muk|Protect\n|move|p2a: Smeargle|Spore|p1a: Giratina\n|-status|p1a: Giratina|slp|[from] move: Spore\n|cant|p1a: Giratina|slp\n|\n|-heal|p1b: Muk|39\/100|[from] item: Leftovers\n|-ability|p2a: Smeargle|Moody|boost\n|-boost|p2a: Smeargle|spe|2\n|-unboost|p2a: Smeargle|spa|1\n|-ability|p1b: Muk|Moody|boost\n|-boost|p1b: Muk|spe|2\n|-unboost|p1b: Muk|atk|1\n|upkeep\n|turn|16\n|\n|t:|1739812237\n|move|p2a: Smeargle|Follow Me|p2a: Smeargle\n|-singleturn|p2a: Smeargle|move: Follow Me\n|move|p2b: Raging Bolt|Thunderbolt|p1b: Muk|[miss]\n|-miss|p2b: Raging Bolt|p1b: Muk\n|move|p1b: Muk|Knock Off|p2a: Smeargle\n|-damage|p2a: Smeargle|34\/100\n|cant|p1a: Giratina|slp\n|\n|-heal|p1b: Muk|46\/100|[from] item: Leftovers\n|-ability|p2a: Smeargle|Moody|boost\n|-boost|p2a: Smeargle|spe|2\n|-unboost|p2a: Smeargle|spd|1\n|-ability|p1b: Muk|Moody|boost\n|-boost|p1b: Muk|spa|2\n|-unboost|p1b: Muk|spe|1\n|upkeep\n|turn|17\n|\n|t:|1739812250\n|move|p2a: Smeargle|Follow Me|p2a: Smeargle\n|-singleturn|p2a: Smeargle|move: Follow Me\n|move|p2b: Raging Bolt|Draco Meteor|p1a: Giratina\n|-supereffective|p1a: Giratina\n|-damage|p1a: Giratina|0 fnt\n|-unboost|p2b: Raging Bolt|spa|2\n|faint|p1a: Giratina\n|move|p1b: Muk|Knock Off|p2a: Smeargle\n|-damage|p2a: Smeargle|7\/100\n|\n|-heal|p1b: Muk|52\/100|[from] item: Leftovers\n|-ability|p2a: Smeargle|Moody|boost\n|-boost|p2a: Smeargle|spa|2\n|-unboost|p2a: Smeargle|spd|1\n|-ability|p1b: Muk|Moody|boost\n|-boost|p1b: Muk|spe|2\n|-unboost|p1b: Muk|atk|1\n|upkeep\n|\n|t:|1739812254\n|switch|p1a: Flamigo|Flamigo, L50, F|100\/100\n|-copyboost|p1a: Flamigo|p1b: Muk|[from] ability: Costar\n|turn|18\n|-message|searows forfeited.\n|\n|win|jvessel07\n|raw|jvessel07's rating: 1553 &rarr; <strong>1579<\/strong><br \/>(+26 for winning)\n|raw|searows's rating: 1655 &rarr; <strong>1629<\/strong><br \/>(-26 for losing)\n|l|\u2606searows\n|player|p2|\n|l|\u2606jvessel07\n|player|p1|\n","uploadtime":1739812430,"views":5,"formatid":"gen9vgc2025regg","rating":1579,"private":0,"password":null}