{"id":"gen9vgc2025regg-2302669320","format":"[Gen 9] VGC 2025 Reg G","players":["ginopollo","Daleg"],"log":"|j|\u2606ginopollo\n|j|\u2606Daleg\n|t:|1739824831\n|gametype|doubles\n|player|p1|ginopollo|266|1549\n|player|p2|Daleg|1|1688\n|teamsize|p1|6\n|teamsize|p2|6\n|gen|9\n|tier|[Gen 9] VGC 2025 Reg G\n|rated|\n|rule|Species Clause: Limit one of each Pok\u00e9mon\n|rule|Item Clause: Limit 1 of each item\n|clearpoke\n|poke|p1|Raging Bolt, L50|\n|poke|p1|Urshifu-*, L50, F|\n|poke|p1|Calyrex-Ice, L50|\n|poke|p1|Incineroar, L50, M|\n|poke|p1|Amoonguss, L50, F|\n|poke|p1|Landorus, L50, M|\n|poke|p2|Zamazenta-*, L50|\n|poke|p2|Amoonguss, L50, F|\n|poke|p2|Chien-Pao, L50|\n|poke|p2|Flutter Mane, L50|\n|poke|p2|Rillaboom, L50, M|\n|poke|p2|Dragonite, L50, M|\n|teampreview|4\nginopollo has agreed to open team sheets.\n|inactive|Battle timer is ON: inactive players will automatically lose when time's up. (requested by Daleg)\n|inactive|ginopollo has 60 seconds left.\n|inactive|ginopollo has 30 seconds left.\n|inactive|ginopollo has 20 seconds left.\n|inactive|ginopollo has 15 seconds left.\n|inactive|ginopollo has 10 seconds left.\n|\n|t:|1739824999\n|start\n|switch|p1a: Calyrex|Calyrex-Ice, L50|100\/100\n|switch|p1b: Incineroar|Incineroar, L50, M|100\/100\n|switch|p2a: Zamazenta|Zamazenta-Crowned, L50|100\/100\n|switch|p2b: Chien-Pao|Chien-Pao, L50|100\/100\n|-ability|p1a: Calyrex|As One\n|-ability|p1a: Calyrex|Unnerve\n|-ability|p2b: Chien-Pao|Sword of Ruin\n|-ability|p2a: Zamazenta|Dauntless Shield|boost\n|-boost|p2a: Zamazenta|def|1\n|-ability|p1b: Incineroar|Intimidate|boost\n|-unboost|p2a: Zamazenta|atk|1\n|-unboost|p2b: Chien-Pao|atk|1\n|turn|1\n|inactive|Daleg has 30 seconds left.\n|\n|t:|1739825028\n|switch|p2b: Amoonguss|Amoonguss, L50, F|100\/100\n|-terastallize|p1a: Calyrex|Fire\n|move|p1b: Incineroar|Fake Out|p2a: Zamazenta\n|-resisted|p2a: Zamazenta\n|-damage|p2a: Zamazenta|98\/100\n|cant|p2a: Zamazenta|flinch\n|move|p1a: Calyrex|Trick Room|p1a: Calyrex\n|-fieldstart|move: Trick Room|[of] p1a: Calyrex\n|\n|upkeep\n|turn|2\n|inactive|Daleg has 30 seconds left.\n|\n|t:|1739825058\n|switch|p1a: Amoonguss|Amoonguss, L50, F|100\/100\n|move|p2b: Amoonguss|Spore|p1a: Amoonguss\n|-immune|p1a: Amoonguss\n|move|p1b: Incineroar|Will-O-Wisp|p2a: Zamazenta\n|-status|p2a: Zamazenta|brn\n|move|p2a: Zamazenta|Iron Defense|p2a: Zamazenta\n|-boost|p2a: Zamazenta|def|2\n|\n|-damage|p2a: Zamazenta|92\/100 brn|[from] brn\n|upkeep\n|turn|3\n|inactive|Daleg has 30 seconds left.\n|inactive|ginopollo has 30 seconds left.\n|\n|t:|1739825092\n|-terastallize|p2a: Zamazenta|Grass\n|move|p1a: Amoonguss|Rage Powder|p1a: Amoonguss\n|-singleturn|p1a: Amoonguss|move: Rage Powder\n|move|p2b: Amoonguss|Spore|p1b: Incineroar\n|-activate|p1b: Incineroar|item: Safety Goggles|Spore\n|move|p1b: Incineroar|Knock Off|p2b: Amoonguss\n|-damage|p2b: Amoonguss|73\/100\n|-damage|p1b: Incineroar|84\/100|[from] item: Rocky Helmet|[of] p2b: Amoonguss\n|-enditem|p2b: Amoonguss|Rocky Helmet|[from] move: Knock Off|[of] p1b: Incineroar\n|move|p2a: Zamazenta|Body Press|p1b: Incineroar\n|-supereffective|p1b: Incineroar\n|-damage|p1b: Incineroar|8\/100\n|\n|-damage|p2a: Zamazenta|86\/100 brn|[from] brn\n|upkeep\n|turn|4\n|inactive|ginopollo has 30 seconds left.\n|inactive|Daleg has 30 seconds left.\n|inactive|Daleg has 20 seconds left.\n|inactive|Daleg has 15 seconds left.\n|inactive|Daleg has 10 seconds left.\n|inactive|Daleg has 5 seconds left.\n|\n|t:|1739825147\n|switch|p1b: Calyrex|Calyrex-Ice, L50, tera:Fire|100\/100\n|-ability|p1b: Calyrex|As One\n|-ability|p1b: Calyrex|Unnerve\n|move|p2b: Amoonguss|Spore|p1b: Calyrex\n|-status|p1b: Calyrex|slp|[from] move: Spore\n|move|p1a: Amoonguss|Pollen Puff|p2a: Zamazenta\n|-supereffective|p2a: Zamazenta\n|-damage|p2a: Zamazenta|59\/100 brn\n|move|p2a: Zamazenta|Iron Defense|p2a: Zamazenta\n|-boost|p2a: Zamazenta|def|2\n|\n|-damage|p2a: Zamazenta|53\/100 brn|[from] brn\n|upkeep\n|turn|5\n|inactive|Daleg has 30 seconds left.\n|\n|t:|1739825182\n|switch|p2b: Chien-Pao|Chien-Pao, L50|100\/100\n|-ability|p2b: Chien-Pao|Sword of Ruin\n|move|p1a: Amoonguss|Pollen Puff|p2a: Zamazenta\n|-supereffective|p2a: Zamazenta\n|-damage|p2a: Zamazenta|29\/100 brn\n|cant|p1b: Calyrex|slp\n|move|p2a: Zamazenta|Body Press|p1b: Calyrex\n|-damage|p1b: Calyrex|47\/100 slp\n|\n|-damage|p2a: Zamazenta|23\/100 brn|[from] brn\n|-fieldend|move: Trick Room\n|upkeep\n|turn|6\n|j| GameLurker69\n|inactive|ginopollo has 30 seconds left.\n|inactive|Daleg has 30 seconds left.\n|\n|t:|1739825214\n|cant|p1b: Calyrex|slp\n|move|p2b: Chien-Pao|Icicle Crash|p1a: Amoonguss\n|-supereffective|p1a: Amoonguss\n|-damage|p1a: Amoonguss|0 fnt\n|faint|p1a: Amoonguss\n|move|p2a: Zamazenta|Body Press|p1b: Calyrex\n|-damage|p1b: Calyrex|0 fnt\n|faint|p1b: Calyrex\n|\n|-damage|p2a: Zamazenta|17\/100 brn|[from] brn\n|upkeep\n|\n|t:|1739825220\n|switch|p1b: Landorus|Landorus, L50, M|100\/100\n|switch|p1a: Incineroar|Incineroar, L50, M|8\/100\n|-ability|p1a: Incineroar|Intimidate|boost\n|-unboost|p2a: Zamazenta|atk|1\n|-unboost|p2b: Chien-Pao|atk|1\n|turn|7\n|\n|t:|1739825244\n|switch|p2b: Amoonguss|Amoonguss, L50, F|100\/100\n|move|p1a: Incineroar|Fake Out|p2b: Amoonguss\n|-damage|p2b: Amoonguss|92\/100\n|move|p2a: Zamazenta|Body Press|p1a: Incineroar\n|-supereffective|p1a: Incineroar\n|-damage|p1a: Incineroar|0 fnt\n|faint|p1a: Incineroar\n|move|p1b: Landorus|Sandsear Storm|p2b: Amoonguss|[spread] p2b\n|-miss|p1b: Landorus|p2a: Zamazenta\n|-damage|p2b: Amoonguss|37\/100\n|\n|-damage|p2a: Zamazenta|11\/100 brn|[from] brn\n|upkeep\n|turn|8\n|\n|t:|1739825267\n|move|p2a: Zamazenta|Body Press|p1b: Landorus\n|-resisted|p1b: Landorus\n|-damage|p1b: Landorus|61\/100\n|move|p1b: Landorus|Sandsear Storm|p2b: Amoonguss|[spread] p2a\n|-miss|p1b: Landorus|p2b: Amoonguss\n|-resisted|p2a: Zamazenta\n|-damage|p2a: Zamazenta|0 fnt\n|faint|p2a: Zamazenta\n|move|p2b: Amoonguss|Spore|p1b: Landorus\n|-status|p1b: Landorus|slp|[from] move: Spore\n|\n|upkeep\n|\n|t:|1739825274\n|switch|p2a: Chien-Pao|Chien-Pao, L50|100\/100\n|-ability|p2a: Chien-Pao|Sword of Ruin\n|turn|9\n|\n|t:|1739825280\n|switch|p2b: Rillaboom|Rillaboom, L50, M|100\/100\n|-fieldstart|move: Grassy Terrain|[from] ability: Grassy Surge|[of] p2b: Rillaboom\n|move|p2a: Chien-Pao|Throat Chop|p1b: Landorus\n|-damage|p1b: Landorus|0 fnt\n|faint|p1b: Landorus\n|\n|win|Daleg\n|raw|ginopollo's rating: 1549 &rarr; <strong>1537<\/strong><br \/>(-12 for losing)\n|raw|Daleg's rating: 1688 &rarr; <strong>1700<\/strong><br \/>(+12 for winning)\n","uploadtime":1739825283,"views":20,"formatid":"gen9vgc2025regg","rating":1537,"private":0,"password":null}