{"id":"gen9vgc2025regg-2302787150","format":"[Gen 9] VGC 2025 Reg G","players":["pokehys4","Spottedwoot"],"log":"|j|\u2606pokehys4\n|j|\u2606Spottedwoot\n|t:|1739838017\n|gametype|doubles\n|player|p1|pokehys4|bruno|1639\n|player|p2|Spottedwoot|170|1764\n|teamsize|p1|6\n|teamsize|p2|6\n|gen|9\n|tier|[Gen 9] VGC 2025 Reg G\n|rated|\n|rule|Species Clause: Limit one of each Pok\u00e9mon\n|rule|Item Clause: Limit 1 of each item\n|clearpoke\n|poke|p1|Weezing-Galar, L50, F|\n|poke|p1|Iron Valiant, L50|\n|poke|p1|Calyrex-Shadow, L50|\n|poke|p1|Roaring Moon, L50|\n|poke|p1|Maushold, L50|\n|poke|p1|Okidogi, L50, M|\n|poke|p2|Zamazenta-*, L50|\n|poke|p2|Chien-Pao, L50|\n|poke|p2|Entei, L50|\n|poke|p2|Raging Bolt, L50|\n|poke|p2|Rillaboom, L50, F|\n|poke|p2|Farigiraf, L50, M|\n|teampreview|4\n|inactive|Battle timer is ON: inactive players will automatically lose when time's up. (requested by pokehys4)\n|\n|t:|1739838035\n|start\n|switch|p1a: Iron Valiant|Iron Valiant, L50|100\/100\n|switch|p1b: Okidogi|Okidogi, L50, M|100\/100\n|switch|p2a: Zamazenta|Zamazenta-Crowned, L50|100\/100\n|switch|p2b: Chien-Pao|Chien-Pao, L50|100\/100\n|-ability|p2b: Chien-Pao|Sword of Ruin\n|-ability|p2a: Zamazenta|Dauntless Shield|boost\n|-boost|p2a: Zamazenta|def|1\n|turn|1\n|\n|t:|1739838047\n|move|p2b: Chien-Pao|Protect|p2b: Chien-Pao\n|-singleturn|p2b: Chien-Pao|Protect\n|move|p2a: Zamazenta|Heavy Slam|p1a: Iron Valiant\n|-supereffective|p1a: Iron Valiant\n|-enditem|p1a: Iron Valiant|Focus Sash\n|-damage|p1a: Iron Valiant|1\/100\n|move|p1a: Iron Valiant|Coaching|p1b: Okidogi\n|-boost|p1b: Okidogi|atk|1\n|-boost|p1b: Okidogi|def|1\n|move|p1b: Okidogi|Drain Punch|p2b: Chien-Pao\n|-activate|p2b: Chien-Pao|move: Protect\n|\n|upkeep\n|turn|2\n|j| mr pogostick\n|\n|t:|1739838057\n|move|p1a: Iron Valiant|Protect|p1a: Iron Valiant\n|-singleturn|p1a: Iron Valiant|Protect\n|move|p2b: Chien-Pao|Sacred Sword|p1a: Iron Valiant\n|-activate|p1a: Iron Valiant|move: Protect\n|move|p2a: Zamazenta|Iron Defense|p2a: Zamazenta\n|-boost|p2a: Zamazenta|def|2\n|move|p1b: Okidogi|Drain Punch|p2b: Chien-Pao\n|-supereffective|p2b: Chien-Pao\n|-enditem|p2b: Chien-Pao|Focus Sash\n|-damage|p2b: Chien-Pao|1\/100\n|\n|upkeep\n|turn|3\n|\n|t:|1739838071\n|move|p1b: Okidogi|Upper Hand||[still]\n|-fail|p1b: Okidogi\n|move|p2b: Chien-Pao|Sacred Sword|p1a: Iron Valiant\n|-resisted|p1a: Iron Valiant\n|-crit|p1a: Iron Valiant\n|-damage|p1a: Iron Valiant|0 fnt\n|faint|p1a: Iron Valiant\n|-end|p1a: Iron Valiant|Quark Drive|[silent]\n|move|p2a: Zamazenta|Iron Defense|p2a: Zamazenta\n|-boost|p2a: Zamazenta|def|2\n|\n|upkeep\n|\n|t:|1739838082\n|switch|p1a: Calyrex|Calyrex-Shadow, L50|100\/100\n|-ability|p1a: Calyrex|As One\n|-ability|p1a: Calyrex|Unnerve\n|turn|4\n|\n|t:|1739838095\n|-terastallize|p1a: Calyrex|Ghost\n|move|p2b: Chien-Pao|Protect|p2b: Chien-Pao\n|-singleturn|p2b: Chien-Pao|Protect\n|move|p1b: Okidogi|Upper Hand||[still]\n|-fail|p1b: Okidogi\n|move|p1a: Calyrex|Astral Barrage|p2b: Chien-Pao|[spread] p2a\n|-activate|p2b: Chien-Pao|move: Protect\n|-damage|p2a: Zamazenta|11\/100\n|move|p2a: Zamazenta|Heavy Slam|p1a: Calyrex\n|-damage|p1a: Calyrex|33\/100\n|\n|upkeep\n|turn|5\n|\n|t:|1739838108\n|switch|p1a: Maushold|Maushold, L50|100\/100\n|move|p2a: Zamazenta|Wide Guard|p2a: Zamazenta\n|-singleturn|p2a: Zamazenta|Wide Guard\n|move|p2b: Chien-Pao|Icicle Crash|p1a: Maushold\n|-damage|p1a: Maushold|51\/100\n|move|p1b: Okidogi|Drain Punch|p2b: Chien-Pao\n|-supereffective|p2b: Chien-Pao\n|-damage|p2b: Chien-Pao|0 fnt\n|faint|p2b: Chien-Pao\n|\n|upkeep\n|\n|t:|1739838117\n|switch|p2b: Raging Bolt|Raging Bolt, L50|100\/100\n|-enditem|p2b: Raging Bolt|Booster Energy\n|-activate|p2b: Raging Bolt|ability: Protosynthesis|[fromitem]\n|-start|p2b: Raging Bolt|protosynthesisspa\n|turn|6\n|inactive|pokehys4 has 30 seconds left.\n|\n|t:|1739838148\n|move|p1a: Maushold|Helping Hand|p1b: Okidogi\n|-singleturn|p1b: Okidogi|Helping Hand|[of] p1a: Maushold\n|move|p2a: Zamazenta|Body Press|p1a: Maushold\n|-supereffective|p1a: Maushold\n|-damage|p1a: Maushold|0 fnt\n|faint|p1a: Maushold\n|move|p1b: Okidogi|Gunk Shot|p2b: Raging Bolt\n|-damage|p2b: Raging Bolt|0 fnt\n|faint|p2b: Raging Bolt\n|-end|p2b: Raging Bolt|Protosynthesis|[silent]\n|\n|upkeep\n|\n|t:|1739838156\n|switch|p1a: Calyrex|Calyrex-Shadow, L50, tera:Ghost|33\/100\n|switch|p2b: Entei|Entei, L50|100\/100\n|-ability|p1a: Calyrex|As One\n|-ability|p1a: Calyrex|Unnerve\n|turn|7\n|\n|t:|1739838172\n|move|p2a: Zamazenta|Wide Guard|p2a: Zamazenta\n|-singleturn|p2a: Zamazenta|Wide Guard\n|move|p1a: Calyrex|Psychic|p2a: Zamazenta\n|-damage|p2a: Zamazenta|0 fnt\n|faint|p2a: Zamazenta\n|-ability|p1a: Calyrex|Grim Neigh|boost\n|-boost|p1a: Calyrex|spa|1\n|move|p2b: Entei|Crunch|p1a: Calyrex\n|-supereffective|p1a: Calyrex\n|-damage|p1a: Calyrex|0 fnt\n|faint|p1a: Calyrex\n|-damage|p2b: Entei|91\/100|[from] item: Life Orb\n|move|p1b: Okidogi|Drain Punch|p2b: Entei\n|-damage|p2b: Entei|29\/100\n|\n|upkeep\n|turn|8\n|\n|t:|1739838181\n|move|p2b: Entei|Sacred Fire|p1b: Okidogi\n|-damage|p1b: Okidogi|62\/100\n|-status|p1b: Okidogi|brn\n|-damage|p2b: Entei|19\/100|[from] item: Life Orb\n|move|p1b: Okidogi|Drain Punch|p2b: Entei\n|-damage|p2b: Entei|0 fnt\n|-heal|p1b: Okidogi|72\/100 brn|[from] drain|[of] p2b: Entei\n|faint|p2b: Entei\n|\n|win|pokehys4\n|raw|pokehys4's rating: 1639 &rarr; <strong>1666<\/strong><br \/>(+27 for winning)\n|raw|Spottedwoot's rating: 1764 &rarr; <strong>1737<\/strong><br \/>(-27 for losing)\n|l|\u2606Spottedwoot\n|player|p2|\n|l| mr pogostick\n|l|\u2606pokehys4\n|player|p1|\n","uploadtime":1739838184,"views":50,"formatid":"gen9vgc2025regg","rating":1666,"private":0,"password":null}