{"id":"gen9vgc2025regg-2302309050","format":"[Gen 9] VGC 2025 Reg G","players":["popporion","aoiharada"],"log":"|j|\u2606popporion\n|j|\u2606aoiharada\n|t:|1739776992\n|gametype|doubles\n|player|p1|popporion|firebreather|1567\n|player|p2|aoiharada|266|1664\n|teamsize|p1|6\n|teamsize|p2|6\n|gen|9\n|tier|[Gen 9] VGC 2025 Reg G\n|rated|\n|rule|Species Clause: Limit one of each Pok\u00e9mon\n|rule|Item Clause: Limit 1 of each item\n|clearpoke\n|poke|p1|Ursaluna-Bloodmoon, L50, M|\n|poke|p1|Calyrex-Ice, L50|\n|poke|p1|Annihilape, L50, M|\n|poke|p1|Farigiraf, L50, M|\n|poke|p1|Ogerpon-Wellspring, L50, F|\n|poke|p1|Brute Bonnet, L50|\n|poke|p2|Weezing-Galar, L50, M|\n|poke|p2|Calyrex-Shadow, L50|\n|poke|p2|Dondozo, L50, M|\n|poke|p2|Tatsugiri, L50, M|\n|poke|p2|Incineroar, L50, M|\n|poke|p2|Roaring Moon, L50|\n|teampreview|4\n|inactive|Battle timer is ON: inactive players will automatically lose when time's up. (requested by popporion)\n|inactive|aoiharada has 60 seconds left.\n|\n|t:|1739777058\n|start\n|switch|p1a: Annihilape|Annihilape, L50, M|100\/100\n|switch|p1b: Farigiraf|Farigiraf, L50, M|100\/100\n|switch|p2a: Calyrex|Calyrex-Shadow, L50|100\/100\n|switch|p2b: Weezing|Weezing-Galar, L50, M|100\/100\n|-ability|p2b: Weezing|Neutralizing Gas\n|-ability|p2a: Calyrex|As One\n|-ability|p2a: Calyrex|Unnerve\n|turn|1\n|inactive|aoiharada has 30 seconds left.\n|\n|t:|1739777083\n|switch|p2a: Dondozo|Dondozo, L50, M|100\/100\n|move|p1a: Annihilape|Final Gambit|p2b: Weezing\n|-damage|p2b: Weezing|0 fnt\n|faint|p1a: Annihilape\n|faint|p2b: Weezing\n|-end|p2b: Weezing|ability: Neutralizing Gas\n|move|p1b: Farigiraf|Trick Room|p1b: Farigiraf\n|-fieldstart|move: Trick Room|[of] p1b: Farigiraf\n|\n|upkeep\n|\n|t:|1739777095\n|switch|p2b: Calyrex|Calyrex-Shadow, L50|100\/100\n|switch|p1a: Brute Bonnet|Brute Bonnet, L50|100\/100\n|-ability|p2b: Calyrex|As One\n|-ability|p2b: Calyrex|Unnerve\n|turn|2\n|\n|t:|1739777110\n|move|p2a: Dondozo|Protect|p2a: Dondozo\n|-singleturn|p2a: Dondozo|Protect\n|move|p1a: Brute Bonnet|Spore|p2b: Calyrex\n|-status|p2b: Calyrex|slp|[from] move: Spore\n|move|p1b: Farigiraf|Thunderbolt|p2a: Dondozo\n|-activate|p2a: Dondozo|move: Protect\n|cant|p2b: Calyrex|slp\n|\n|upkeep\n|turn|3\n|inactive|aoiharada has 30 seconds left.\n|inactive|aoiharada has 20 seconds left.\n|inactive|popporion has 30 seconds left.\n|\n|t:|1739777151\n|move|p1a: Brute Bonnet|Taunt|p2a: Dondozo\n|-start|p2a: Dondozo|move: Taunt\n|move|p1b: Farigiraf|Foul Play|p2b: Calyrex\n|-supereffective|p2b: Calyrex\n|-damage|p2b: Calyrex|16\/100 slp\n|cant|p2a: Dondozo|move: Taunt|Substitute\n|cant|p2b: Calyrex|slp\n|\n|upkeep\n|turn|4\n|inactive|aoiharada has 30 seconds left.\n|\n|t:|1739777180\n|switch|p2b: Tatsugiri|Tatsugiri, L50, M|100\/100\n|-activate|p2b: Tatsugiri|ability: Commander|[of] p2a: Dondozo\n|-boost|p2a: Dondozo|atk|2\n|-boost|p2a: Dondozo|spa|2\n|-boost|p2a: Dondozo|spe|2\n|-boost|p2a: Dondozo|def|2\n|-boost|p2a: Dondozo|spd|2\n|-terastallize|p2a: Dondozo|Grass\n|move|p1a: Brute Bonnet|Spore|p2a: Dondozo\n|-immune|p2a: Dondozo\n|move|p1b: Farigiraf|Foul Play|p2b: Tatsugiri|[miss]\n|-miss|p1b: Farigiraf|p2b: Tatsugiri\n|move|p2a: Dondozo|Wave Crash|p1b: Farigiraf\n|-damage|p1b: Farigiraf|11\/100\n|-damage|p2a: Dondozo|75\/100|[from] Recoil\n|\n|-heal|p2a: Dondozo|81\/100|[from] item: Leftovers\n|upkeep\n|turn|5\n|inactive|aoiharada has 30 seconds left.\n|inactive|aoiharada has 20 seconds left.\n|\n|t:|1739777216\n|switch|p1b: Calyrex|Calyrex-Ice, L50|100\/100\n|-ability|p1b: Calyrex|As One\n|-ability|p1b: Calyrex|Unnerve\n|move|p1a: Brute Bonnet|Clear Smog|p2a: Dondozo\n|-supereffective|p2a: Dondozo\n|-damage|p2a: Dondozo|71\/100\n|-clearboost|p2a: Dondozo\n|move|p2a: Dondozo|Earthquake|p1a: Brute Bonnet|[spread] p1a,p1b\n|-miss|p2a: Dondozo|p2b: Tatsugiri\n|-resisted|p1a: Brute Bonnet\n|-damage|p1a: Brute Bonnet|95\/100\n|-damage|p1b: Calyrex|86\/100\n|\n|-heal|p2a: Dondozo|78\/100|[from] item: Leftovers\n|-end|p2a: Dondozo|move: Taunt\n|-fieldend|move: Trick Room\n|upkeep\n|turn|6\n|-message|aoiharada forfeited.\n|\n|win|popporion\n|raw|popporion's rating: 1567 &rarr; <strong>1592<\/strong><br \/>(+25 for winning)\n|raw|aoiharada's rating: 1664 &rarr; <strong>1639<\/strong><br \/>(-25 for losing)\n|l|\u2606aoiharada\n|player|p2|\n|l|\u2606popporion\n|player|p1|\n","uploadtime":1739777407,"views":5,"formatid":"gen9vgc2025regg","rating":1592,"private":0,"password":null}