{"id":"gen9vgc2025regg-2302858225","format":"[Gen 9] VGC 2025 Reg G","players":["Angelo Neres","Tempest Flute"],"log":"|j|\u2606Angelo Neres\n|j|\u2606Tempest Flute\n|t:|1739847083\n|gametype|doubles\n|player|p1|Angelo Neres|265|1652\n|player|p2|Tempest Flute|policeman-gen4|1610\n|teamsize|p1|6\n|teamsize|p2|6\n|gen|9\n|tier|[Gen 9] VGC 2025 Reg G\n|rated|\n|rule|Species Clause: Limit one of each Pok\u00e9mon\n|rule|Item Clause: Limit 1 of each item\n|clearpoke\n|poke|p1|Lunala, L50|\n|poke|p1|Lapras, L50, F|\n|poke|p1|Chi-Yu, L50|\n|poke|p1|Zapdos-Galar, L50|\n|poke|p1|Ogerpon-Cornerstone, L50, F|\n|poke|p1|Rhydon, L50, M|\n|poke|p2|Kyogre, L50|\n|poke|p2|Tornadus, L50, M|\n|poke|p2|Tsareena, L50, F|\n|poke|p2|Urshifu-*, L50, F|\n|poke|p2|Chien-Pao, L50|\n|poke|p2|Rillaboom, L50, F|\n|teampreview|4\n|inactive|Battle timer is ON: inactive players will automatically lose when time's up. (requested by Tempest Flute)\n|inactive|Angelo Neres has 60 seconds left.\n|inactive|Angelo Neres has 30 seconds left.\n|\n|t:|1739847151\n|start\n|switch|p1a: Lunala|Lunala, L50, shiny|100\/100\n|switch|p1b: Zapdos|Zapdos-Galar, L50, shiny|100\/100\n|switch|p2a: Kyogre|Kyogre, L50, shiny|100\/100\n|switch|p2b: Rillaboom|Rillaboom, L50, F|100\/100\n|-weather|RainDance|[from] ability: Drizzle|[of] p2a: Kyogre\n|-fieldstart|move: Grassy Terrain|[from] ability: Grassy Surge|[of] p2b: Rillaboom\n|turn|1\n|\n|t:|1739847170\n|switch|p1a: Lapras|Lapras, L50, F, shiny|100\/100\n|move|p1b: Zapdos|Detect|p1b: Zapdos\n|-singleturn|p1b: Zapdos|Protect\n|move|p2b: Rillaboom|Fake Out|p1b: Zapdos\n|-activate|p1b: Zapdos|move: Protect\n|move|p2a: Kyogre|Water Spout|p1a: Lapras|[spread] \n|-activate|p1b: Zapdos|move: Protect\n|-immune|p1a: Lapras|[from] ability: Water Absorb\n|\n|-weather|RainDance|[upkeep]\n|upkeep\n|turn|2\n|\n|t:|1739847188\n|-terastallize|p1a: Lapras|Fire\n|move|p1b: Zapdos|Tailwind|p1b: Zapdos\n|-sidestart|p1: Angelo Neres|move: Tailwind\n|move|p1a: Lapras|Freeze-Dry|p2a: Kyogre\n|-supereffective|p2a: Kyogre\n|-damage|p2a: Kyogre|56\/100\n|move|p2a: Kyogre|Ice Beam|p1b: Zapdos\n|-supereffective|p1b: Zapdos\n|-damage|p1b: Zapdos|22\/100\n|move|p2b: Rillaboom|Wood Hammer|p1a: Lapras\n|-resisted|p1a: Lapras\n|-damage|p1a: Lapras|69\/100\n|-damage|p2b: Rillaboom|89\/100|[from] Recoil\n|\n|-weather|RainDance|[upkeep]\n|-heal|p1a: Lapras|75\/100|[from] Grassy Terrain\n|-heal|p2a: Kyogre|62\/100|[from] Grassy Terrain\n|-heal|p2b: Rillaboom|95\/100|[from] Grassy Terrain\n|upkeep\n|turn|3\n|\n|t:|1739847207\n|-terastallize|p2b: Rillaboom|Ground\n|move|p1b: Zapdos|Close Combat|p2b: Rillaboom\n|-damage|p2b: Rillaboom|37\/100\n|-unboost|p1b: Zapdos|def|1\n|-unboost|p1b: Zapdos|spd|1\n|move|p1a: Lapras|Freeze-Dry|p2b: Rillaboom\n|-supereffective|p2b: Rillaboom\n|-damage|p2b: Rillaboom|0 fnt\n|faint|p2b: Rillaboom\n|move|p2a: Kyogre|Ice Beam|p1b: Zapdos\n|-supereffective|p1b: Zapdos\n|-damage|p1b: Zapdos|0 fnt\n|faint|p1b: Zapdos\n|\n|-weather|RainDance|[upkeep]\n|-heal|p1a: Lapras|82\/100|[from] Grassy Terrain\n|-heal|p2a: Kyogre|68\/100|[from] Grassy Terrain\n|upkeep\n|\n|t:|1739847224\n|switch|p1b: Ogerpon|Ogerpon-Cornerstone, L50, F|100\/100\n|switch|p2b: Chien-Pao|Chien-Pao, L50|100\/100\n|-ability|p2b: Chien-Pao|Sword of Ruin\n|turn|4\n|\n|t:|1739847240\n|move|p1b: Ogerpon|Power Whip|p2a: Kyogre\n|-supereffective|p2a: Kyogre\n|-damage|p2a: Kyogre|0 fnt\n|faint|p2a: Kyogre\n|move|p2b: Chien-Pao|Icicle Crash|p1b: Ogerpon\n|-supereffective|p1b: Ogerpon\n|-ability|p1b: Ogerpon|Sturdy\n|-damage|p1b: Ogerpon|1\/100\n|move|p1a: Lapras|Freeze-Dry|p2b: Chien-Pao\n|-resisted|p2b: Chien-Pao\n|-damage|p2b: Chien-Pao|77\/100\n|\n|-weather|RainDance|[upkeep]\n|-heal|p1b: Ogerpon|7\/100|[from] Grassy Terrain\n|-heal|p2b: Chien-Pao|83\/100|[from] Grassy Terrain\n|-heal|p1a: Lapras|88\/100|[from] Grassy Terrain\n|upkeep\n|\n|t:|1739847244\n|switch|p2a: Urshifu|Urshifu-Rapid-Strike, L50, F|100\/100\n|turn|5\n|\n|t:|1739847253\n|move|p2b: Chien-Pao|Sucker Punch|p1b: Ogerpon\n|-damage|p1b: Ogerpon|0 fnt\n|faint|p1b: Ogerpon\n|move|p2a: Urshifu|Close Combat|p1a: Lapras\n|-damage|p1a: Lapras|15\/100\n|-unboost|p2a: Urshifu|def|1\n|-unboost|p2a: Urshifu|spd|1\n|-enditem|p1a: Lapras|Sitrus Berry|[eat]\n|-heal|p1a: Lapras|40\/100|[from] item: Sitrus Berry\n|move|p1a: Lapras|Hydro Pump|p2b: Chien-Pao\n|-crit|p2b: Chien-Pao\n|-damage|p2b: Chien-Pao|0 fnt\n|faint|p2b: Chien-Pao\n|\n|-weather|none\n|-heal|p1a: Lapras|46\/100|[from] Grassy Terrain\n|-sideend|p1: Angelo Neres|move: Tailwind\n|-fieldend|move: Grassy Terrain\n|upkeep\n|\n|t:|1739847256\n|switch|p1b: Lunala|Lunala, L50, shiny|100\/100\n|turn|6\n|-message|Tempest Flute forfeited.\n|\n|win|Angelo Neres\n|raw|Angelo Neres's rating: 1652 &rarr; <strong>1670<\/strong><br \/>(+18 for winning)\n|raw|Tempest Flute's rating: 1610 &rarr; <strong>1592<\/strong><br \/>(-18 for losing)\n|l|\u2606Tempest Flute\n|player|p2|\n|l|\u2606Angelo Neres\n|player|p1|\n","uploadtime":1739847486,"views":17,"formatid":"gen9vgc2025regg","rating":1592,"private":0,"password":null}