{"id":"gen9vgc2025regg-2302273240","format":"[Gen 9] VGC 2025 Reg G","players":["Spottedwoot","MarcoHan"],"log":"|j|\u2606Spottedwoot\n|j|\u2606MarcoHan\n|t:|1739770028\n|gametype|doubles\n|player|p1|Spottedwoot|266|1731\n|player|p2|MarcoHan|steven|1625\n|teamsize|p1|6\n|teamsize|p2|6\n|gen|9\n|tier|[Gen 9] VGC 2025 Reg G\n|rated|\n|rule|Species Clause: Limit one of each Pok\u00e9mon\n|rule|Item Clause: Limit 1 of each item\n|clearpoke\n|poke|p1|Zamazenta-*, L50|\n|poke|p1|Chien-Pao, L50|\n|poke|p1|Entei, L50|\n|poke|p1|Raging Bolt, L50|\n|poke|p1|Rillaboom, L50, F|\n|poke|p1|Farigiraf, L50, F|\n|poke|p2|Tyranitar, L50, M|\n|poke|p2|Calyrex-Ice, L50|\n|poke|p2|Urshifu-*, L50, M|\n|poke|p2|Incineroar, L50, F|\n|poke|p2|Amoonguss, L50, F|\n|poke|p2|Articuno-Galar, L50|\n|teampreview|4\n|inactive|Battle timer is ON: inactive players will automatically lose when time's up. (requested by MarcoHan)\n|j| Baguettezzz\n|inactive|MarcoHan has 60 seconds left.\n|\n|t:|1739770071\n|start\n|switch|p1a: Zamazenta|Zamazenta-Crowned, L50|100\/100\n|switch|p1b: Entei|Entei, L50|100\/100\n|switch|p2a: Tyranitar|Tyranitar, L50, M, shiny|100\/100\n|switch|p2b: Amoonguss|Amoonguss, L50, F|100\/100\n|-ability|p1a: Zamazenta|Dauntless Shield|boost\n|-boost|p1a: Zamazenta|def|1\n|-weather|Sandstorm|[from] ability: Sand Stream|[of] p2a: Tyranitar\n|turn|1\n|inactive|MarcoHan has 30 seconds left.\n|\n|t:|1739770097\n|-terastallize|p2b: Amoonguss|Fairy\n|move|p2b: Amoonguss|Rage Powder|p2b: Amoonguss\n|-singleturn|p2b: Amoonguss|move: Rage Powder\n|move|p1a: Zamazenta|Body Press|p2b: Amoonguss\n|-resisted|p2b: Amoonguss\n|-damage|p2b: Amoonguss|77\/100\n|-damage|p1a: Zamazenta|84\/100|[from] item: Rocky Helmet|[of] p2b: Amoonguss\n|move|p1b: Entei|Sacred Fire|p2b: Amoonguss\n|-damage|p2b: Amoonguss|23\/100\n|-status|p2b: Amoonguss|brn\n|-damage|p1b: Entei|91\/100|[from] item: Life Orb\n|move|p2a: Tyranitar|Stone Edge|p1b: Entei\n|-supereffective|p1b: Entei\n|-damage|p1b: Entei|0 fnt\n|faint|p1b: Entei\n|\n|-weather|Sandstorm|[upkeep]\n|-damage|p2b: Amoonguss|17\/100 brn|[from] Sandstorm\n|-damage|p2b: Amoonguss|11\/100 brn|[from] brn\n|upkeep\n|\n|t:|1739770114\n|switch|p1b: Chien-Pao|Chien-Pao, L50|100\/100\n|-ability|p1b: Chien-Pao|Sword of Ruin\n|turn|2\n|\n|t:|1739770129\n|switch|p2b: Incineroar|Incineroar, L50, F|100\/100\n|-ability|p2b: Incineroar|Intimidate|boost\n|-unboost|p1a: Zamazenta|atk|1\n|-unboost|p1b: Chien-Pao|atk|1\n|move|p1b: Chien-Pao|Icicle Crash|p2b: Incineroar\n|-resisted|p2b: Incineroar\n|-damage|p2b: Incineroar|83\/100\n|move|p1a: Zamazenta|Body Press|p2a: Tyranitar\n|-supereffective|p2a: Tyranitar\n|-damage|p2a: Tyranitar|0 fnt\n|faint|p2a: Tyranitar\n|\n|-weather|Sandstorm|[upkeep]\n|-damage|p1b: Chien-Pao|95\/100|[from] Sandstorm\n|upkeep\n|\n|t:|1739770140\n|switch|p2a: Calyrex|Calyrex-Ice, L50|100\/100\n|-ability|p2a: Calyrex|As One\n|-ability|p2a: Calyrex|Unnerve\n|turn|3\n|j| randoftw\n|\n|t:|1739770150\n|move|p1b: Chien-Pao|Protect|p1b: Chien-Pao\n|-singleturn|p1b: Chien-Pao|Protect\n|move|p2b: Incineroar|Fake Out|p1a: Zamazenta\n|-resisted|p1a: Zamazenta\n|-damage|p1a: Zamazenta|81\/100\n|cant|p1a: Zamazenta|flinch\n|move|p2a: Calyrex|Trick Room|p2a: Calyrex\n|-fieldstart|move: Trick Room|[of] p2a: Calyrex\n|\n|-weather|Sandstorm|[upkeep]\n|-damage|p2a: Calyrex|95\/100|[from] Sandstorm\n|-damage|p1b: Chien-Pao|89\/100|[from] Sandstorm\n|upkeep\n|turn|4\n|inactive|MarcoHan has 30 seconds left.\n|\n|t:|1739770176\n|switch|p2a: Amoonguss|Amoonguss, L50, F, tera:Fairy|44\/100 brn\n|move|p1b: Chien-Pao|Sucker Punch||[still]\n|-fail|p1b: Chien-Pao\n|move|p2b: Incineroar|Will-O-Wisp|p1a: Zamazenta\n|-status|p1a: Zamazenta|brn\n|move|p1a: Zamazenta|Body Press|p2a: Amoonguss\n|-resisted|p2a: Amoonguss\n|-damage|p2a: Amoonguss|28\/100 brn\n|-damage|p1a: Zamazenta|64\/100 brn|[from] item: Rocky Helmet|[of] p2a: Amoonguss\n|\n|-weather|Sandstorm|[upkeep]\n|-damage|p2a: Amoonguss|22\/100 brn|[from] Sandstorm\n|-damage|p1b: Chien-Pao|83\/100|[from] Sandstorm\n|-damage|p2a: Amoonguss|16\/100 brn|[from] brn\n|-damage|p1a: Zamazenta|58\/100 brn|[from] brn\n|upkeep\n|turn|5\n|\n|t:|1739770201\n|move|p2a: Amoonguss|Spore|p1b: Chien-Pao\n|-status|p1b: Chien-Pao|slp|[from] move: Spore\n|move|p2b: Incineroar|Parting Shot|p1a: Zamazenta\n|-unboost|p1a: Zamazenta|atk|1\n|-unboost|p1a: Zamazenta|spa|1\n|\n|t:|1739770206\n|switch|p2b: Calyrex|Calyrex-Ice, L50|95\/100|[from] Parting Shot\n|-ability|p2b: Calyrex|As One\n|-ability|p2b: Calyrex|Unnerve\n|move|p1a: Zamazenta|Iron Defense|p1a: Zamazenta\n|-boost|p1a: Zamazenta|def|2\n|cant|p1b: Chien-Pao|slp\n|\n|-weather|none\n|-damage|p2a: Amoonguss|10\/100 brn|[from] brn\n|-damage|p1a: Zamazenta|52\/100 brn|[from] brn\n|upkeep\n|turn|6\n|inactive|MarcoHan has 30 seconds left.\n|\n|t:|1739770240\n|move|p2a: Amoonguss|Pollen Puff|p1b: Chien-Pao\n|-supereffective|p1b: Chien-Pao\n|-damage|p1b: Chien-Pao|19\/100 slp\n|move|p2b: Calyrex|Glacial Lance|p1b: Chien-Pao|[spread] p1a,p1b\n|-resisted|p1a: Zamazenta\n|-resisted|p1b: Chien-Pao\n|-damage|p1a: Zamazenta|40\/100 brn\n|-damage|p1b: Chien-Pao|0 fnt\n|faint|p1b: Chien-Pao\n|-ability|p2b: Calyrex|Chilling Neigh|boost\n|-boost|p2b: Calyrex|atk|1\n|move|p1a: Zamazenta|Body Press|p2a: Amoonguss\n|-resisted|p2a: Amoonguss\n|-damage|p2a: Amoonguss|0 fnt\n|-damage|p1a: Zamazenta|24\/100 brn|[from] item: Rocky Helmet|[of] p2a: Amoonguss\n|faint|p2a: Amoonguss\n|\n|-damage|p1a: Zamazenta|18\/100 brn|[from] brn\n|upkeep\n|\n|t:|1739770251\n|switch|p2a: Incineroar|Incineroar, L50, F|83\/100\n|switch|p1b: Raging Bolt|Raging Bolt, L50|100\/100\n|-ability|p2a: Incineroar|Intimidate|boost\n|-unboost|p1a: Zamazenta|atk|1\n|-unboost|p1b: Raging Bolt|atk|1\n|-enditem|p1b: Raging Bolt|Booster Energy\n|-activate|p1b: Raging Bolt|ability: Protosynthesis|[fromitem]\n|-start|p1b: Raging Bolt|protosynthesisspa\n|turn|7\n|\n|t:|1739770258\n|-terastallize|p1b: Raging Bolt|Electric\n|move|p1b: Raging Bolt|Protect|p1b: Raging Bolt\n|-singleturn|p1b: Raging Bolt|Protect\n|move|p2a: Incineroar|Fake Out|p1b: Raging Bolt\n|-activate|p1b: Raging Bolt|move: Protect\n|move|p1a: Zamazenta|Wide Guard|p1a: Zamazenta\n|-singleturn|p1a: Zamazenta|Wide Guard\n|move|p2b: Calyrex|Glacial Lance|p1a: Zamazenta|[spread] \n|-activate|p1a: Zamazenta|move: Wide Guard\n|-activate|p1b: Raging Bolt|move: Wide Guard\n|\n|-damage|p1a: Zamazenta|11\/100 brn|[from] brn\n|-fieldend|move: Trick Room\n|upkeep\n|turn|8\n|inactive|MarcoHan has 30 seconds left.\n|\n|t:|1739770290\n|move|p2b: Calyrex|Protect|p2b: Calyrex\n|-singleturn|p2b: Calyrex|Protect\n|move|p1a: Zamazenta|Body Press|p2a: Incineroar\n|-supereffective|p2a: Incineroar\n|-damage|p2a: Incineroar|0 fnt\n|faint|p2a: Incineroar\n|move|p1b: Raging Bolt|Thunderbolt|p2b: Calyrex\n|-activate|p2b: Calyrex|move: Protect\n|\n|-damage|p1a: Zamazenta|5\/100 brn|[from] brn\n|upkeep\n|turn|9\n|\n|t:|1739770303\n|move|p1a: Zamazenta|Body Press|p2b: Calyrex\n|-damage|p2b: Calyrex|64\/100\n|move|p1b: Raging Bolt|Thunderbolt|p2b: Calyrex\n|-damage|p2b: Calyrex|1\/100\n|move|p2b: Calyrex|Glacial Lance|p1a: Zamazenta|[spread] p1a,p1b\n|-resisted|p1a: Zamazenta\n|-damage|p1a: Zamazenta|0 fnt\n|-damage|p1b: Raging Bolt|28\/100\n|faint|p1a: Zamazenta\n|-ability|p2b: Calyrex|Chilling Neigh|boost\n|-boost|p2b: Calyrex|atk|1\n|\n|upkeep\n|turn|10\n|inactive|MarcoHan has 30 seconds left.\n|\n|t:|1739770334\n|move|p1b: Raging Bolt|Thunderbolt|p2b: Calyrex\n|-damage|p2b: Calyrex|0 fnt\n|faint|p2b: Calyrex\n|\n|win|Spottedwoot\n|raw|Spottedwoot's rating: 1731 &rarr; <strong>1745<\/strong><br \/>(+14 for winning)\n|raw|MarcoHan's rating: 1625 &rarr; <strong>1611<\/strong><br \/>(-14 for losing)\n|l|\u2606MarcoHan\n|player|p2|\n|l| Baguettezzz\n|l|\u2606Spottedwoot\n|player|p1|\n","uploadtime":1739770337,"views":52,"formatid":"gen9vgc2025regg","rating":1611,"private":0,"password":null}