{"id":"gen9vgc2025regg-2302020967","format":"[Gen 9] VGC 2025 Reg G","players":["chin8","root2iris"],"log":"|j|\u2606chin8\n|j|\u2606root2iris\n|t:|1739737606\n|gametype|doubles\n|player|p1|chin8|gentleman-gen4dp|1669\n|player|p2|root2iris|guitarist|1640\n|teamsize|p1|6\n|teamsize|p2|6\n|gen|9\n|tier|[Gen 9] VGC 2025 Reg G\n|rated|\n|rule|Species Clause: Limit one of each Pok\u00e9mon\n|rule|Item Clause: Limit 1 of each item\n|clearpoke\n|poke|p1|Calyrex-Shadow, L50|\n|poke|p1|Incineroar, L50, F|\n|poke|p1|Rillaboom, L50, M|\n|poke|p1|Gastrodon-East, L50, M|\n|poke|p1|Hitmonchan, L50, M|\n|poke|p1|Tropius, L50, F|\n|poke|p2|Terapagos, L50, M|\n|poke|p2|Amoonguss, L50, M|\n|poke|p2|Incineroar, L50, M|\n|poke|p2|Urshifu-*, L50, M|\n|poke|p2|Flutter Mane, L50|\n|poke|p2|Ditto, L50|\n|teampreview|4\n|inactive|Battle timer is ON: inactive players will automatically lose when time's up. (requested by root2iris)\n|\n|t:|1739737618\n|start\n|switch|p1a: Hitmonchan|Hitmonchan, L50, M|100\/100\n|switch|p1b: Calyrex|Calyrex-Shadow, L50|100\/100\n|switch|p2a: sea-salt|Terapagos, L50, M|100\/100\n|switch|p2b: TRANS RIGHTS|Amoonguss, L50, M, shiny|100\/100\n|-activate|p2a: sea-salt|ability: Tera Shift\n|detailschange|p2a: sea-salt|Terapagos-Terastal, L50, M\n|-heal|p2a: sea-salt|100\/100|[silent]\n|-ability|p1b: Calyrex|As One\n|-ability|p1b: Calyrex|Unnerve\n|turn|1\n|\n|t:|1739737626\n|move|p1b: Calyrex|Calm Mind|p1b: Calyrex\n|-boost|p1b: Calyrex|spa|1\n|-boost|p1b: Calyrex|spd|1\n|move|p2a: sea-salt|Calm Mind|p2a: sea-salt\n|-boost|p2a: sea-salt|spa|1\n|-boost|p2a: sea-salt|spd|1\n|move|p1a: Hitmonchan|Taunt|p2b: TRANS RIGHTS\n|-start|p2b: TRANS RIGHTS|move: Taunt\n|cant|p2b: TRANS RIGHTS|move: Taunt|Spore\n|\n|upkeep\n|turn|2\n|\n|t:|1739737643\n|switch|p2b: icky jobs|Incineroar, L50, M|100\/100\n|-ability|p2b: icky jobs|Intimidate|boost\n|-fail|p1a: Hitmonchan|unboost|Attack|[from] ability: Inner Focus|[of] p1a: Hitmonchan\n|-fail|p1b: Calyrex|unboost|[from] item: Clear Amulet|[of] p1b: Calyrex\n|move|p1b: Calyrex|Astral Barrage|p2a: sea-salt|[spread] p2b\n|-immune|p2a: sea-salt\n|-resisted|p2b: icky jobs\n|-damage|p2b: icky jobs|68\/100\n|move|p2a: sea-salt|Calm Mind|p2a: sea-salt\n|-boost|p2a: sea-salt|spa|1\n|-boost|p2a: sea-salt|spd|1\n|move|p1a: Hitmonchan|Encore|p2a: sea-salt\n|-start|p2a: sea-salt|Encore\n|\n|upkeep\n|turn|3\n|\n|t:|1739737662\n|-terastallize|p1b: Calyrex|Fairy\n|move|p1b: Calyrex|Calm Mind|p1b: Calyrex\n|-boost|p1b: Calyrex|spa|1\n|-boost|p1b: Calyrex|spd|1\n|move|p2a: sea-salt|Calm Mind|p2a: sea-salt\n|-boost|p2a: sea-salt|spa|1\n|-boost|p2a: sea-salt|spd|1\n|move|p1a: Hitmonchan|Taunt|p2a: sea-salt\n|-start|p2a: sea-salt|move: Taunt\n|move|p2b: icky jobs|Knock Off|p1b: Calyrex\n|-resisted|p1b: Calyrex\n|-damage|p1b: Calyrex|81\/100\n|-enditem|p1b: Calyrex|Clear Amulet|[from] move: Knock Off|[of] p2b: icky jobs\n|\n|upkeep\n|turn|4\n|\n|t:|1739737675\n|move|p1b: Calyrex|Draining Kiss|p2a: sea-salt\n|-activate|p2a: sea-salt|ability: Tera Shell\n|-resisted|p2a: sea-salt\n|-damage|p2a: sea-salt|89\/100\n|-heal|p1b: Calyrex|90\/100|[from] drain|[of] p2a: sea-salt\n|-activate|p2a: sea-salt|move: Struggle\n|move|p2a: sea-salt|Struggle|p1b: Calyrex\n|-damage|p1b: Calyrex|80\/100\n|-damage|p2a: sea-salt|63\/100|[from] recoil\n|move|p1a: Hitmonchan|Close Combat|p2b: icky jobs\n|-supereffective|p2b: icky jobs\n|-damage|p2b: icky jobs|0 fnt\n|-unboost|p1a: Hitmonchan|def|1\n|-unboost|p1a: Hitmonchan|spd|1\n|faint|p2b: icky jobs\n|\n|-heal|p2a: sea-salt|69\/100|[from] item: Leftovers\n|upkeep\n|\n|t:|1739737696\n|switch|p2b: TRANS RIGHTS|Amoonguss, L50, M, shiny|100\/100\n|turn|5\n|\n|t:|1739737709\n|move|p1b: Calyrex|Astral Barrage|p2b: TRANS RIGHTS|[spread] p2b\n|-immune|p2a: sea-salt\n|-damage|p2b: TRANS RIGHTS|21\/100\n|-activate|p2a: sea-salt|move: Struggle\n|move|p2a: sea-salt|Struggle|p1a: Hitmonchan\n|-damage|p1a: Hitmonchan|76\/100\n|-damage|p2a: sea-salt|44\/100|[from] recoil\n|move|p1a: Hitmonchan|Taunt|p2b: TRANS RIGHTS\n|-start|p2b: TRANS RIGHTS|move: Taunt\n|move|p2b: TRANS RIGHTS|Sludge Bomb|p1b: Calyrex\n|-supereffective|p1b: Calyrex\n|-damage|p1b: Calyrex|51\/100\n|\n|-heal|p2a: sea-salt|50\/100|[from] item: Leftovers\n|-end|p2a: sea-salt|Encore\n|upkeep\n|turn|6\n|inactive|root2iris has 30 seconds left.\n|inactive|root2iris has 20 seconds left.\n|inactive|root2iris has 15 seconds left.\n|\n|t:|1739737750\n|move|p1b: Calyrex|Astral Barrage|p2b: TRANS RIGHTS|[spread] p2b\n|-immune|p2a: sea-salt\n|-damage|p2b: TRANS RIGHTS|0 fnt\n|faint|p2b: TRANS RIGHTS\n|-ability|p1b: Calyrex|Grim Neigh|boost\n|-boost|p1b: Calyrex|spa|1\n|move|p2a: sea-salt|Tera Starstorm|p1b: Calyrex\n|-damage|p1b: Calyrex|0 fnt\n|faint|p1b: Calyrex\n|move|p1a: Hitmonchan|Encore|p2a: sea-salt\n|-start|p2a: sea-salt|Encore\n|\n|-heal|p2a: sea-salt|56\/100|[from] item: Leftovers\n|-end|p2a: sea-salt|move: Taunt\n|upkeep\n|inactive|chin8 has 30 seconds left.\n|\n|t:|1739737775\n|switch|p1b: Rillaboom|Rillaboom, L50, M|100\/100\n|switch|p2b: no. i|Ditto, L50|100\/100\n|-fieldstart|move: Grassy Terrain|[from] ability: Grassy Surge|[of] p1b: Rillaboom\n|-transform|p2b: no. i|p1a: Hitmonchan|[from] ability: Imposter\n|turn|7\n|\n|t:|1739737796\n|-terastallize|p2a: sea-salt|Stellar\n|detailschange|p2a: sea-salt|Terapagos-Stellar, L50, M, tera:Stellar\n|-heal|p2a: sea-salt|67\/100|[silent]\n|-ability|p2a: sea-salt|Teraform Zero\n|-fieldend|move: Grassy Terrain\n|move|p2b: no. i|Fake Out|p1b: Rillaboom\n|-damage|p1b: Rillaboom|88\/100\n|move|p2a: sea-salt|Tera Starstorm|p1b: Rillaboom|[spread] p1a,p1b\n|-damage|p1a: Hitmonchan|0 fnt\n|-damage|p1b: Rillaboom|30\/100\n|faint|p1a: Hitmonchan\n|cant|p1b: Rillaboom|flinch\n|\n|-heal|p2a: sea-salt|73\/100|[from] item: Leftovers\n|upkeep\n|\n|t:|1739737798\n|switch|p1a: Tropius|Tropius, L50, F|100\/100\n|turn|8\n|\n|t:|1739737816\n|move|p1a: Tropius|Wide Guard|p1a: Tropius\n|-singleturn|p1a: Tropius|Wide Guard\n|move|p2a: sea-salt|Tera Starstorm|p1b: Rillaboom|[spread] \n|-activate|p1a: Tropius|move: Wide Guard\n|-activate|p1b: Rillaboom|move: Wide Guard\n|move|p2b: no. i|Taunt|p1a: Tropius\n|-start|p1a: Tropius|move: Taunt\n|move|p1b: Rillaboom|Wood Hammer|p2a: sea-salt\n|-damage|p2a: sea-salt|36\/100\n|-damage|p1b: Rillaboom|15\/100|[from] Recoil\n|\n|-heal|p2a: sea-salt|42\/100|[from] item: Leftovers\n|upkeep\n|turn|9\n|\n|t:|1739737829\n|move|p2a: sea-salt|Tera Starstorm|p1a: Tropius|[spread] p1a,p1b\n|-damage|p1a: Tropius|42\/100\n|-damage|p1b: Rillaboom|0 fnt\n|-enditem|p1a: Tropius|Sitrus Berry|[eat]\n|-heal|p1a: Tropius|67\/100|[from] item: Sitrus Berry\n|faint|p1b: Rillaboom\n|move|p2b: no. i|Encore|p1a: Tropius\n|-start|p1a: Tropius|Encore\n|cant|p1a: Tropius|move: Taunt|Wide Guard\n|\n|-heal|p2a: sea-salt|48\/100|[from] item: Leftovers\n|-end|p2a: sea-salt|Encore\n|-item|p1a: Tropius|Sitrus Berry|[from] ability: Harvest\n|upkeep\n|turn|10\n|-message|chin8 forfeited.\n|\n|win|root2iris\n|raw|chin8's rating: 1669 &rarr; <strong>1647<\/strong><br \/>(-22 for losing)\n|raw|root2iris's rating: 1640 &rarr; <strong>1662<\/strong><br \/>(+22 for winning)\n|l|\u2606chin8\n|player|p1|\n|l|\u2606root2iris\n|player|p2|\n","uploadtime":1739737844,"views":13,"formatid":"gen9vgc2025regg","rating":1647,"private":0,"password":null}