{"id":"gen9vgc2025regg-2302859496","format":"[Gen 9] VGC 2025 Reg G","players":["kanucks25","GubbsVGC"],"log":"|j|\u2606kanucks25\n|j|\u2606GubbsVGC\n|t:|1739847247\n|gametype|doubles\n|player|p1|kanucks25|101|1584\n|player|p2|GubbsVGC|266|1600\n|teamsize|p1|6\n|teamsize|p2|6\n|gen|9\n|tier|[Gen 9] VGC 2025 Reg G\n|rated|\n|rule|Species Clause: Limit one of each Pok\u00e9mon\n|rule|Item Clause: Limit 1 of each item\n|clearpoke\n|poke|p1|Calyrex-Shadow, L50|\n|poke|p1|Indeedee-F, L50, F|\n|poke|p1|Ogerpon-Wellspring, L50, F|\n|poke|p1|Urshifu-*, L50, F|\n|poke|p1|Pelipper, L50, F|\n|poke|p1|Iron Hands, L50|\n|poke|p2|Kyogre, L50|\n|poke|p2|Tsareena, L50, F|\n|poke|p2|Tornadus, L50, M|\n|poke|p2|Incineroar, L50, M|\n|poke|p2|Urshifu-*, L50, F|\n|poke|p2|Archaludon, L50, F|\n|teampreview|4\n|\n|t:|1739847280\n|start\n|switch|p1a: Pelipper|Pelipper, L50, F|100\/100\n|switch|p1b: Calyrex|Calyrex-Shadow, L50|100\/100\n|switch|p2a: Tsareena|Tsareena, L50, F|100\/100\n|switch|p2b: Kyogre|Kyogre, L50|100\/100\n|-ability|p1b: Calyrex|As One\n|-ability|p1b: Calyrex|Unnerve\n|-weather|RainDance|[from] ability: Drizzle|[of] p2b: Kyogre\n|turn|1\n|\n|t:|1739847317\n|move|p2b: Kyogre|Hydro Pump|p1b: Calyrex\n|-damage|p1b: Calyrex|13\/100\n|move|p1b: Calyrex|Astral Barrage|p2b: Kyogre|[spread] p2a,p2b\n|-damage|p2a: Tsareena|21\/100\n|-damage|p2b: Kyogre|45\/100\n|-damage|p1b: Calyrex|3\/100|[from] item: Life Orb\n|move|p1a: Pelipper|Tailwind|p1a: Pelipper\n|-sidestart|p1: kanucks25|move: Tailwind\n|move|p2a: Tsareena|Power Whip|p1a: Pelipper\n|-damage|p1a: Pelipper|12\/100\n|\n|-weather|RainDance|[upkeep]\n|upkeep\n|turn|2\n|j| Panda Man7567\n|\n|t:|1739847364\n|switch|p2b: Incineroar|Incineroar, L50, M|100\/100\n|-ability|p2b: Incineroar|Intimidate|boost\n|-unboost|p1a: Pelipper|atk|1\n|-unboost|p1b: Calyrex|atk|1\n|move|p1b: Calyrex|Protect|p1b: Calyrex\n|-singleturn|p1b: Calyrex|Protect\n|move|p1a: Pelipper|Hurricane|p2a: Tsareena\n|-supereffective|p2a: Tsareena\n|-damage|p2a: Tsareena|0 fnt\n|faint|p2a: Tsareena\n|\n|-weather|RainDance|[upkeep]\n|upkeep\n|\n|t:|1739847378\n|switch|p2a: Archaludon|Archaludon, L50, F|100\/100\n|turn|3\n|\n|t:|1739847391\n|-terastallize|p1a: Pelipper|Ghost\n|move|p2a: Archaludon|Protect|p2a: Archaludon\n|-singleturn|p2a: Archaludon|Protect\n|move|p2b: Incineroar|Fake Out|p1a: Pelipper\n|-immune|p1a: Pelipper\n|move|p1b: Calyrex|Astral Barrage|p2b: Incineroar|[spread] p2b\n|-activate|p2a: Archaludon|move: Protect\n|-resisted|p2b: Incineroar\n|-damage|p2b: Incineroar|68\/100\n|-damage|p1b: Calyrex|0 fnt|[from] item: Life Orb\n|faint|p1b: Calyrex\n|move|p1a: Pelipper|Weather Ball|p2b: Incineroar\n|-supereffective|p2b: Incineroar\n|-damage|p2b: Incineroar|0 fnt\n|faint|p2b: Incineroar\n|\n|-weather|RainDance|[upkeep]\n|upkeep\n|\n|t:|1739847411\n|switch|p1b: Urshifu|Urshifu, L50, F|100\/100\n|switch|p2b: Kyogre|Kyogre, L50|45\/100\n|turn|4\n|\n|t:|1739847449\n|switch|p1a: Ogerpon|Ogerpon-Wellspring, L50, F|100\/100\n|-terastallize|p2a: Archaludon|Fairy\n|move|p1b: Urshifu|Wicked Blow|p2b: Kyogre\n|-crit|p2b: Kyogre\n|-damage|p2b: Kyogre|0 fnt\n|faint|p2b: Kyogre\n|move|p2a: Archaludon|Electro Shot||[still]\n|-prepare|p2a: Archaludon|Electro Shot\n|-boost|p2a: Archaludon|spa|1\n|-anim|p2a: Archaludon|Electro Shot|p1b: Urshifu\n|-damage|p1b: Urshifu|15\/100\n|\n|-weather|RainDance|[upkeep]\n|-sideend|p1: kanucks25|move: Tailwind\n|upkeep\n|turn|5\n|\n|t:|1739847473\n|switch|p1b: Pelipper|Pelipper, L50, F, tera:Ghost|12\/100\n|move|p2a: Archaludon|Electro Shot||[still]\n|-prepare|p2a: Archaludon|Electro Shot\n|-boost|p2a: Archaludon|spa|1\n|-anim|p2a: Archaludon|Electro Shot|p1a: Ogerpon\n|-damage|p1a: Ogerpon|14\/100\n|move|p1a: Ogerpon|Taunt|p2a: Archaludon\n|-start|p2a: Archaludon|move: Taunt\n|\n|-weather|none\n|upkeep\n|turn|6\n|\n|t:|1739847496\n|move|p2a: Archaludon|Dragon Pulse|p1a: Ogerpon\n|-damage|p1a: Ogerpon|0 fnt\n|faint|p1a: Ogerpon\n|move|p1b: Pelipper|Tailwind|p1b: Pelipper\n|-sidestart|p1: kanucks25|move: Tailwind\n|\n|upkeep\n|\n|t:|1739847500\n|switch|p1a: Urshifu|Urshifu, L50, F|15\/100\n|turn|7\n|\n|t:|1739847505\n|move|p1a: Urshifu|Poison Jab|p2a: Archaludon\n|-supereffective|p2a: Archaludon\n|-damage|p2a: Archaludon|14\/100\n|move|p1b: Pelipper|Hurricane|p2a: Archaludon\n|-damage|p2a: Archaludon|0 fnt\n|faint|p2a: Archaludon\n|\n|win|kanucks25\n|raw|kanucks25's rating: 1584 &rarr; <strong>1605<\/strong><br \/>(+21 for winning)\n|raw|GubbsVGC's rating: 1600 &rarr; <strong>1579<\/strong><br \/>(-21 for losing)\n|l|\u2606kanucks25\n|player|p1|\n|l|\u2606GubbsVGC\n|player|p2|\n|l| Panda Man7567\n","uploadtime":1739847763,"views":5,"formatid":"gen9vgc2025regg","rating":1579,"private":0,"password":null}