{"id":"gen9vgc2025regg-2302045000","format":"[Gen 9] VGC 2025 Reg G","players":["Kaicyios","Kimchi2007"],"log":"|j|\u2606Kaicyios\n|j|\u2606Kimchi2007\n|t:|1739740288\n|gametype|doubles\n|player|p1|Kaicyios|giovanni|1646\n|player|p2|Kimchi2007|265|1523\n|teamsize|p1|6\n|teamsize|p2|6\n|gen|9\n|tier|[Gen 9] VGC 2025 Reg G\n|rated|\n|rule|Species Clause: Limit one of each Pok\u00e9mon\n|rule|Item Clause: Limit 1 of each item\n|clearpoke\n|poke|p1|Groudon, L50|\n|poke|p1|Tornadus, L50, M|\n|poke|p1|Flutter Mane, L50|\n|poke|p1|Chi-Yu, L50|\n|poke|p1|Raging Bolt, L50|\n|poke|p1|Ditto, L50|\n|poke|p2|Whimsicott, L50, M|\n|poke|p2|Calyrex-Shadow, L50|\n|poke|p2|Dondozo, L50, M|\n|poke|p2|Tatsugiri, L50, M|\n|poke|p2|Flamigo, L50, M|\n|poke|p2|Indeedee-F, L50, F|\n|teampreview|4\n|inactive|Battle timer is ON: inactive players will automatically lose when time's up. (requested by Kaicyios)\n|\n|t:|1739740316\n|start\n|switch|p1a: Tornadus|Tornadus, L50, M|100\/100\n|switch|p1b: Chi-Yu|Chi-Yu, L50|100\/100\n|switch|p2a: Calyrex|Calyrex-Shadow, L50|100\/100\n|switch|p2b: Dondozo|Dondozo, L50, M|100\/100\n|-ability|p2a: Calyrex|As One\n|-ability|p2a: Calyrex|Unnerve\n|-ability|p1b: Chi-Yu|Beads of Ruin\n|turn|1\n|inactive|Kaicyios has 30 seconds left.\n|\n|t:|1739740350\n|switch|p2a: Tatsugiri|Tatsugiri, L50, M|100\/100\n|-activate|p2a: Tatsugiri|ability: Commander|[of] p2b: Dondozo\n|-boost|p2b: Dondozo|atk|2\n|-boost|p2b: Dondozo|spa|2\n|-boost|p2b: Dondozo|spe|2\n|-boost|p2b: Dondozo|def|2\n|-boost|p2b: Dondozo|spd|2\n|move|p1a: Tornadus|Sunny Day|p1a: Tornadus\n|-weather|SunnyDay\n|move|p1b: Chi-Yu|Heat Wave|p2b: Dondozo|[spread] p2b\n|-miss|p1b: Chi-Yu|p2a: Tatsugiri\n|-resisted|p2b: Dondozo\n|-damage|p2b: Dondozo|81\/100\n|move|p2b: Dondozo|Earthquake|p1a: Tornadus|[spread] p1b\n|-miss|p2b: Dondozo|p2a: Tatsugiri\n|-immune|p1a: Tornadus\n|-supereffective|p1b: Chi-Yu\n|-damage|p1b: Chi-Yu|0 fnt\n|faint|p1b: Chi-Yu\n|\n|-weather|SunnyDay|[upkeep]\n|-heal|p2b: Dondozo|88\/100|[from] item: Leftovers\n|upkeep\n|\n|t:|1739740373\n|switch|p1b: Raging Bolt|Raging Bolt, L50|100\/100\n|-activate|p1b: Raging Bolt|ability: Protosynthesis\n|-start|p1b: Raging Bolt|protosynthesisspa\n|turn|2\n|\n|t:|1739740396\n|switch|p1a: Ditto|Ditto, L50|100\/100\n|-transform|p1a: Ditto|p2b: Dondozo|[from] ability: Imposter\n|-terastallize|p1b: Raging Bolt|Electric\n|move|p1b: Raging Bolt|Thunderclap|p2b: Dondozo\n|-supereffective|p2b: Dondozo\n|-damage|p2b: Dondozo|0 fnt\n|faint|p2b: Dondozo\n|-damage|p1b: Raging Bolt|91\/100|[from] item: Life Orb\n|\n|-weather|SunnyDay|[upkeep]\n|upkeep\n|\n|t:|1739740409\n|switch|p2b: Flamigo|Flamigo, L50, M|100\/100\n|turn|3\n|inactive|Kaicyios has 30 seconds left.\n|\n|t:|1739740435\n|-terastallize|p2a: Tatsugiri|Dragon\n|move|p2b: Flamigo|Wide Guard|p2b: Flamigo\n|-singleturn|p2b: Flamigo|Wide Guard\n|move|p1b: Raging Bolt|Thunderclap||[still]\n|-fail|p1b: Raging Bolt\n|move|p2a: Tatsugiri|Dragon Pulse|p1b: Raging Bolt\n|-damage|p1b: Raging Bolt|42\/100\n|move|p1a: Ditto|Order Up|p2a: Tatsugiri\n|-supereffective|p2a: Tatsugiri\n|-damage|p2a: Tatsugiri|0 fnt\n|faint|p2a: Tatsugiri\n|\n|-weather|SunnyDay|[upkeep]\n|upkeep\n|\n|t:|1739740446\n|switch|p2a: Calyrex|Calyrex-Shadow, L50|100\/100\n|-ability|p2a: Calyrex|As One\n|-ability|p2a: Calyrex|Unnerve\n|turn|4\n|inactive|Kaicyios has 30 seconds left.\n|\n|t:|1739740477\n|-end|p1b: Raging Bolt|Protosynthesis|[silent]\n|switch|p1b: Tornadus|Tornadus, L50, M|100\/100\n|move|p2b: Flamigo|Detect||[still]\n|-fail|p2b: Flamigo\n|move|p2a: Calyrex|Astral Barrage|p1b: Tornadus|[spread] p1a,p1b\n|-damage|p1a: Ditto|29\/100\n|-enditem|p1b: Tornadus|Focus Sash\n|-damage|p1b: Tornadus|1\/100\n|move|p1a: Ditto|Earthquake|p2a: Calyrex|[spread] p2a\n|-immune|p1b: Tornadus\n|-immune|p2b: Flamigo\n|-damage|p2a: Calyrex|42\/100\n|\n|-weather|SunnyDay|[upkeep]\n|upkeep\n|turn|5\n|inactive|Kaicyios has 30 seconds left.\n|inactive|Kimchi2007 has 30 seconds left.\n|\n|t:|1739740509\n|move|p1b: Tornadus|Tailwind|p1b: Tornadus\n|-sidestart|p1: Kaicyios|move: Tailwind\n|move|p2a: Calyrex|Astral Barrage|p1a: Ditto|[spread] p1a,p1b\n|-damage|p1a: Ditto|0 fnt\n|-damage|p1b: Tornadus|0 fnt\n|faint|p1a: Ditto\n|faint|p1b: Tornadus\n|-ability|p2a: Calyrex|Grim Neigh|boost\n|-boost|p2a: Calyrex|spa|2\n|move|p2b: Flamigo|Close Combat|p1: Ditto|[notarget]\n|-fail|p2b: Flamigo\n|\n|-weather|none\n|upkeep\n|\n|t:|1739740524\n|switch|p1b: Raging Bolt|Raging Bolt, L50, tera:Electric|42\/100\n|turn|6\n|\n|t:|1739740529\n|move|p1b: Raging Bolt|Thunderclap|p2a: Calyrex\n|-damage|p2a: Calyrex|0 fnt\n|faint|p2a: Calyrex\n|-damage|p1b: Raging Bolt|33\/100|[from] item: Life Orb\n|move|p2b: Flamigo|Close Combat|p2: Calyrex|[notarget]\n|-fail|p2b: Flamigo\n|\n|upkeep\n|turn|7\n|\n|t:|1739740543\n|move|p2b: Flamigo|Detect|p2b: Flamigo\n|-singleturn|p2b: Flamigo|Protect\n|move|p1b: Raging Bolt|Thunderclap||[still]\n|-fail|p1b: Raging Bolt\n|\n|upkeep\n|turn|8\n|\n|t:|1739740552\n|move|p1b: Raging Bolt|Thunderclap|p2b: Flamigo\n|-supereffective|p2b: Flamigo\n|-enditem|p2b: Flamigo|Focus Sash\n|-damage|p2b: Flamigo|1\/100\n|-damage|p1b: Raging Bolt|23\/100|[from] item: Life Orb\n|move|p2b: Flamigo|Close Combat|p1b: Raging Bolt\n|-damage|p1b: Raging Bolt|0 fnt\n|-unboost|p2b: Flamigo|def|1\n|-unboost|p2b: Flamigo|spd|1\n|faint|p1b: Raging Bolt\n|-end|p1b: Raging Bolt|Protosynthesis|[silent]\n|\n|win|Kimchi2007\n|raw|Kaicyios's rating: 1646 &rarr; <strong>1619<\/strong><br \/>(-27 for losing)\n|raw|Kimchi2007's rating: 1523 &rarr; <strong>1550<\/strong><br \/>(+27 for winning)\n|l|\u2606Kimchi2007\n|player|p2|\n|l|\u2606Kaicyios\n|player|p1|\n","uploadtime":1739740572,"views":5,"formatid":"gen9vgc2025regg","rating":1550,"private":0,"password":null}