{"id":"gen9vgc2025regg-2302658623","format":"[Gen 9] VGC 2025 Reg G","players":["jvessel07","kojimuranishi"],"log":"|j|\u2606jvessel07\n|j|\u2606kojimuranishi\n|t:|1739823697\n|gametype|doubles\n|player|p1|jvessel07|baker|1593\n|player|p2|kojimuranishi|101|1664\n|teamsize|p1|6\n|teamsize|p2|6\n|gen|9\n|tier|[Gen 9] VGC 2025 Reg G\n|rated|\n|rule|Species Clause: Limit one of each Pok\u00e9mon\n|rule|Item Clause: Limit 1 of each item\n|clearpoke\n|poke|p1|Smeargle, L50, M|\n|poke|p1|Muk-Alola, L50, F|\n|poke|p1|Flamigo, L50, F|\n|poke|p1|Dondozo, L50, M|\n|poke|p1|Rillaboom, L50, M|\n|poke|p1|Lugia, L50|\n|poke|p2|Whimsicott, L50, M|\n|poke|p2|Calyrex-Ice, L50|\n|poke|p2|Urshifu-*, L50, M|\n|poke|p2|Chi-Yu, L50|\n|poke|p2|Raging Bolt, L50|\n|poke|p2|Landorus, L50, M|\n|teampreview|4\n|inactive|Battle timer is ON: inactive players will automatically lose when time's up. (requested by kojimuranishi)\n|inactive|jvessel07 also wants the timer to be on.\n|\n|t:|1739823722\n|start\n|switch|p1a: Smeargle|Smeargle, L50, M|100\/100\n|switch|p1b: Muk|Muk-Alola, L50, F|100\/100\n|switch|p2a: Chi-Yu|Chi-Yu, L50|100\/100\n|switch|p2b: Landorus|Landorus, L50, M|100\/100\n|-ability|p2a: Chi-Yu|Beads of Ruin\n|turn|1\n|inactive|jvessel07 has 30 seconds left.\n|inactive|kojimuranishi has 30 seconds left.\n|\n|t:|1739823752\n|move|p1a: Smeargle|Fake Out|p2b: Landorus\n|-damage|p2b: Landorus|94\/100\n|cant|p2b: Landorus|flinch\n|move|p2a: Chi-Yu|Overheat|p1b: Muk\n|-damage|p1b: Muk|8\/100\n|-unboost|p2a: Chi-Yu|spa|2\n|move|p1b: Muk|Minimize|p1b: Muk\n|-boost|p1b: Muk|evasion|2\n|\n|-heal|p1b: Muk|14\/100|[from] item: Leftovers\n|-ability|p1a: Smeargle|Moody|boost\n|-boost|p1a: Smeargle|def|2\n|-unboost|p1a: Smeargle|spe|1\n|upkeep\n|turn|2\n|\n|t:|1739823776\n|move|p1b: Muk|Protect|p1b: Muk\n|-singleturn|p1b: Muk|Protect\n|move|p2b: Landorus|Sandsear Storm|p1b: Muk|[spread] p1a\n|-activate|p1b: Muk|move: Protect\n|-enditem|p1a: Smeargle|Focus Sash\n|-damage|p1a: Smeargle|1\/100\n|move|p2a: Chi-Yu|Overheat|p1b: Muk\n|-activate|p1b: Muk|move: Protect\n|move|p1a: Smeargle|Spore|p2a: Chi-Yu\n|-status|p2a: Chi-Yu|slp|[from] move: Spore\n|\n|-heal|p1b: Muk|20\/100|[from] item: Leftovers\n|-ability|p1a: Smeargle|Moody|boost\n|-boost|p1a: Smeargle|def|2\n|-unboost|p1a: Smeargle|atk|1\n|upkeep\n|turn|3\n|inactive|jvessel07 has 30 seconds left.\n|inactive|jvessel07 has 20 seconds left.\n|\n|t:|1739823815\n|switch|p2a: Calyrex|Calyrex-Ice, L50|100\/100\n|-ability|p2a: Calyrex|As One\n|-ability|p2a: Calyrex|Unnerve\n|move|p1b: Muk|Protect||[still]\n|-fail|p1b: Muk\n|move|p2b: Landorus|Sandsear Storm|p1a: Smeargle|[spread] p1a\n|-miss|p2b: Landorus|p1b: Muk\n|-damage|p1a: Smeargle|0 fnt\n|faint|p1a: Smeargle\n|-ability|p1b: Muk|Moody|[from] ability: Power of Alchemy|[of] p1a: Smeargle\n|\n|-heal|p1b: Muk|27\/100|[from] item: Leftovers\n|-ability|p1b: Muk|Moody|boost\n|-boost|p1b: Muk|spe|2\n|-unboost|p1b: Muk|spd|1\n|upkeep\n|\n|t:|1739823831\n|switch|p1a: Flamigo|Flamigo, L50, F|100\/100\n|-copyboost|p1a: Flamigo|p1b: Muk|[from] ability: Costar\n|-enditem|p1a: Flamigo|White Herb\n|-clearnegativeboost|p1a: Flamigo|[silent]\n|turn|4\n|j| GameLurker69\n|inactive|jvessel07 has 30 seconds left.\n|\n|t:|1739823856\n|-terastallize|p1b: Muk|Water\n|move|p1a: Flamigo|Acrobatics|p2a: Calyrex\n|-damage|p2a: Calyrex|71\/100\n|move|p2b: Landorus|Earth Power|p1b: Muk\n|-damage|p1b: Muk|0 fnt\n|faint|p1b: Muk\n|move|p2a: Calyrex|Glacial Lance|p1a: Flamigo|[miss]\n|-miss|p2a: Calyrex|p1a: Flamigo\n|\n|upkeep\n|\n|t:|1739823864\n|switch|p1b: Lugia|Lugia, L50|100\/100\n|turn|5\n|\n|t:|1739823878\n|move|p1a: Flamigo|Acrobatics|p2a: Calyrex\n|-damage|p2a: Calyrex|39\/100\n|move|p2b: Landorus|Sludge Bomb|p1b: Lugia\n|-damage|p1b: Lugia|85\/100\n|move|p1b: Lugia|Psych Up|p1a: Flamigo\n|-copyboost|p1b: Lugia|p1a: Flamigo|[from] move: Psych Up\n|move|p2a: Calyrex|Glacial Lance|p1b: Lugia|[spread] \n|-miss|p2a: Calyrex|p1a: Flamigo\n|-miss|p2a: Calyrex|p1b: Lugia\n|\n|upkeep\n|turn|6\n|inactive|kojimuranishi has 30 seconds left.\n|\n|t:|1739823903\n|switch|p2a: Chi-Yu|Chi-Yu, L50|100\/100 slp\n|-ability|p2a: Chi-Yu|Beads of Ruin\n|move|p1a: Flamigo|Swords Dance|p1a: Flamigo\n|-boost|p1a: Flamigo|atk|2\n|move|p1b: Lugia|Calm Mind|p1b: Lugia\n|-boost|p1b: Lugia|spa|1\n|-boost|p1b: Lugia|spd|1\n|move|p2b: Landorus|Sludge Bomb|p1b: Lugia\n|-damage|p1b: Lugia|59\/100\n|\n|upkeep\n|turn|7\n|\n|t:|1739823920\n|move|p1a: Flamigo|Acrobatics|p2a: Chi-Yu\n|-damage|p2a: Chi-Yu|0 fnt\n|faint|p2a: Chi-Yu\n|move|p1b: Lugia|Aeroblast|p2b: Landorus\n|-crit|p2b: Landorus\n|-damage|p2b: Landorus|0 fnt\n|faint|p2b: Landorus\n|\n|upkeep\n|\n|t:|1739823930\n|switch|p2b: Calyrex|Calyrex-Ice, L50|39\/100\n|switch|p2a: Whimsicott|Whimsicott, L50, M|100\/100\n|-ability|p2b: Calyrex|As One\n|-ability|p2b: Calyrex|Unnerve\n|turn|8\n|\n|t:|1739823938\n|move|p1a: Flamigo|Acrobatics|p2b: Calyrex\n|-crit|p2b: Calyrex\n|-damage|p2b: Calyrex|0 fnt\n|faint|p2b: Calyrex\n|move|p1b: Lugia|Aeroblast|p2a: Whimsicott\n|-supereffective|p2a: Whimsicott\n|-enditem|p2a: Whimsicott|Focus Sash\n|-damage|p2a: Whimsicott|1\/100\n|move|p2a: Whimsicott|Endeavor|p1a: Flamigo|[miss]\n|-miss|p2a: Whimsicott|p1a: Flamigo\n|\n|upkeep\n|turn|9\n|-message|kojimuranishi forfeited.\n|\n|win|jvessel07\n|raw|jvessel07's rating: 1593 &rarr; <strong>1617<\/strong><br \/>(+24 for winning)\n|raw|kojimuranishi's rating: 1664 &rarr; <strong>1640<\/strong><br \/>(-24 for losing)\n|l|\u2606kojimuranishi\n|player|p2|\n|l| GameLurker69\n|l|\u2606jvessel07\n|player|p1|\n","uploadtime":1739824135,"views":19,"formatid":"gen9vgc2025regg","rating":1617,"private":0,"password":null}