{"id":"gen9vgc2025regg-2302678738","format":"[Gen 9] VGC 2025 Reg G","players":["jvessel07","Daleg"],"log":"|j|\u2606jvessel07\n|j|\u2606Daleg\n|t:|1739825823\n|gametype|doubles\n|player|p1|jvessel07|baker|1657\n|player|p2|Daleg|1|1734\n|teamsize|p1|6\n|teamsize|p2|6\n|gen|9\n|tier|[Gen 9] VGC 2025 Reg G\n|rated|\n|rule|Species Clause: Limit one of each Pok\u00e9mon\n|rule|Item Clause: Limit 1 of each item\n|clearpoke\n|poke|p1|Smeargle, L50, M|\n|poke|p1|Muk-Alola, L50, M|\n|poke|p1|Flamigo, L50, F|\n|poke|p1|Dondozo, L50, M|\n|poke|p1|Grafaiai, L50, M|\n|poke|p1|Rillaboom, L50, F|\n|poke|p2|Zamazenta-*, L50|\n|poke|p2|Amoonguss, L50, M|\n|poke|p2|Chien-Pao, L50|\n|poke|p2|Flutter Mane, L50|\n|poke|p2|Rillaboom, L50, F|\n|poke|p2|Dragonite, L50, M|\n|teampreview|4\n|\n|t:|1739825880\n|start\n|switch|p1a: Smeargle|Smeargle, L50, M|100\/100\n|switch|p1b: Muk|Muk-Alola, L50, M|100\/100\n|switch|p2a: Dragonite|Dragonite, L50, M|100\/100\n|switch|p2b: Amoonguss|Amoonguss, L50, M|100\/100\n|turn|1\n|inactive|Battle timer is ON: inactive players will automatically lose when time's up. (requested by Daleg)\n|inactive|Daleg has 60 seconds left.\n|\n|t:|1739825916\n|move|p1a: Smeargle|Fake Out|p2a: Dragonite\n|-damage|p2a: Dragonite|95\/100\n|move|p2a: Dragonite|Extreme Speed|p1a: Smeargle\n|-enditem|p1a: Smeargle|Focus Sash\n|-damage|p1a: Smeargle|1\/100\n|move|p1b: Muk|Minimize|p1b: Muk\n|-boost|p1b: Muk|evasion|2\n|move|p2b: Amoonguss|Spore|p1b: Muk\n|-status|p1b: Muk|slp|[from] move: Spore\n|\n|-ability|p1a: Smeargle|Moody|boost\n|-boost|p1a: Smeargle|spe|2\n|-unboost|p1a: Smeargle|def|1\n|upkeep\n|turn|2\n|j| mr pogostick\n|l| mr pogostick\n|\n|t:|1739825941\n|move|p2a: Dragonite|Extreme Speed|p1b: Muk\n|-damage|p1b: Muk|57\/100 slp\n|move|p1a: Smeargle|Spore|p2a: Dragonite\n|-status|p2a: Dragonite|slp|[from] move: Spore\n|cant|p1b: Muk|slp\n|move|p2b: Amoonguss|Clear Smog|p1a: Smeargle\n|-damage|p1a: Smeargle|0 fnt\n|-clearboost|p1a: Smeargle\n|faint|p1a: Smeargle\n|-ability|p1b: Muk|Moody|[from] ability: Power of Alchemy|[of] p1a: Smeargle\n|\n|-heal|p1b: Muk|63\/100 slp|[from] item: Leftovers\n|-ability|p1b: Muk|Moody|boost\n|-boost|p1b: Muk|def|2\n|-unboost|p1b: Muk|spa|1\n|upkeep\n|\n|t:|1739825965\n|switch|p1a: Grafaiai|Grafaiai, L50, M|100\/100\n|turn|3\n|\n|t:|1739825986\n|switch|p2a: Zamazenta|Zamazenta-Crowned, L50|100\/100\n|-ability|p2a: Zamazenta|Dauntless Shield|boost\n|-boost|p2a: Zamazenta|def|1\n|move|p1a: Grafaiai|Psych Up|p1b: Muk\n|-copyboost|p1a: Grafaiai|p1b: Muk|[from] move: Psych Up\n|cant|p1b: Muk|slp\n|move|p2b: Amoonguss|Clear Smog|p1b: Muk\n|-resisted|p1b: Muk\n|-damage|p1b: Muk|58\/100 slp\n|-clearboost|p1b: Muk\n|\n|-heal|p1b: Muk|64\/100 slp|[from] item: Leftovers\n|-ability|p1b: Muk|Moody|boost\n|-boost|p1b: Muk|spe|2\n|-unboost|p1b: Muk|spa|1\n|upkeep\n|turn|4\n|inactive|jvessel07 has 30 seconds left.\n|inactive|Daleg has 30 seconds left.\n|\n|t:|1739826021\n|move|p1a: Grafaiai|Swords Dance|p1a: Grafaiai\n|-boost|p1a: Grafaiai|atk|2\n|move|p2a: Zamazenta|Iron Defense|p2a: Zamazenta\n|-boost|p2a: Zamazenta|def|2\n|cant|p1b: Muk|slp\n|move|p2b: Amoonguss|Spore|p1a: Grafaiai\n|-status|p1a: Grafaiai|slp|[from] move: Spore\n|\n|-heal|p1b: Muk|70\/100 slp|[from] item: Leftovers\n|-ability|p1b: Muk|Moody|boost\n|-boost|p1b: Muk|spe|2\n|-unboost|p1b: Muk|spd|1\n|upkeep\n|turn|5\n|inactive|jvessel07 has 30 seconds left.\n|inactive|Daleg has 30 seconds left.\n|\n|t:|1739826048\n|cant|p1a: Grafaiai|slp\n|-curestatus|p1b: Muk|slp|[msg]\n|move|p1b: Muk|Minimize|p1b: Muk\n|-boost|p1b: Muk|evasion|2\n|move|p2a: Zamazenta|Body Press|p1b: Muk|[miss]\n|-miss|p2a: Zamazenta|p1b: Muk\n|move|p2b: Amoonguss|Clear Smog|p1a: Grafaiai\n|-resisted|p1a: Grafaiai\n|-damage|p1a: Grafaiai|90\/100 slp\n|-clearboost|p1a: Grafaiai\n|\n|-heal|p1b: Muk|76\/100|[from] item: Leftovers\n|-ability|p1b: Muk|Moody|boost\n|-boost|p1b: Muk|spa|2\n|-unboost|p1b: Muk|spe|1\n|upkeep\n|turn|6\n|\n|t:|1739826070\n|cant|p1a: Grafaiai|slp\n|move|p2a: Zamazenta|Body Press|p1a: Grafaiai\n|-damage|p1a: Grafaiai|0 fnt\n|faint|p1a: Grafaiai\n|move|p1b: Muk|Knock Off|p2b: Amoonguss\n|-damage|p2b: Amoonguss|77\/100\n|-damage|p1b: Muk|60\/100|[from] item: Rocky Helmet|[of] p2b: Amoonguss\n|-enditem|p2b: Amoonguss|Rocky Helmet|[from] move: Knock Off|[of] p1b: Muk\n|move|p2b: Amoonguss|Clear Smog|p1b: Muk\n|-resisted|p1b: Muk\n|-damage|p1b: Muk|52\/100\n|-clearboost|p1b: Muk\n|\n|-heal|p1b: Muk|58\/100|[from] item: Leftovers\n|-ability|p1b: Muk|Moody|boost\n|-boost|p1b: Muk|atk|2\n|-unboost|p1b: Muk|spe|1\n|upkeep\n|\n|t:|1739826084\n|switch|p1a: Flamigo|Flamigo, L50, F|100\/100\n|-copyboost|p1a: Flamigo|p1b: Muk|[from] ability: Costar\n|-enditem|p1a: Flamigo|White Herb\n|-clearnegativeboost|p1a: Flamigo|[silent]\n|turn|7\n|\n|t:|1739826108\n|-terastallize|p2b: Amoonguss|Water\n|move|p2a: Zamazenta|Body Press|p1b: Muk\n|-damage|p1b: Muk|0 fnt\n|faint|p1b: Muk\n|move|p1a: Flamigo|Acrobatics|p2b: Amoonguss\n|-damage|p2b: Amoonguss|16\/100\n|move|p2b: Amoonguss|Spore|p1a: Flamigo\n|-status|p1a: Flamigo|slp|[from] move: Spore\n|\n|upkeep\n|turn|8\n|\n|t:|1739826126\n|switch|p2b: Chien-Pao|Chien-Pao, L50|100\/100\n|-ability|p2b: Chien-Pao|Sword of Ruin\n|move|p2a: Zamazenta|Behemoth Bash|p1a: Flamigo\n|-damage|p1a: Flamigo|35\/100 slp\n|cant|p1a: Flamigo|slp\n|\n|upkeep\n|turn|9\n|inactive|jvessel07 has 30 seconds left.\n|inactive|jvessel07 has 20 seconds left.\n|inactive|jvessel07 has 15 seconds left.\n|inactive|jvessel07 has 10 seconds left.\n|inactive|jvessel07 has 5 seconds left.\n|\n|t:|1739826178\n|move|p2b: Chien-Pao|Throat Chop|p1a: Flamigo\n|-resisted|p1a: Flamigo\n|-damage|p1a: Flamigo|2\/100 slp\n|-start|p1a: Flamigo|Throat Chop|[silent]\n|move|p2a: Zamazenta|Behemoth Bash|p1a: Flamigo\n|-damage|p1a: Flamigo|0 fnt\n|faint|p1a: Flamigo\n|\n|win|Daleg\n|raw|jvessel07's rating: 1672 &rarr; <strong>1656<\/strong><br \/>(-16 for losing)\n|raw|Daleg's rating: 1734 &rarr; <strong>1750<\/strong><br \/>(+16 for winning)\n|l|\u2606jvessel07\n|player|p1|\n|l|\u2606Daleg\n|player|p2|\n","uploadtime":1739826421,"views":14,"formatid":"gen9vgc2025regg","rating":1656,"private":0,"password":null}