{"id":"gen9vgc2025regg-2302868058","format":"[Gen 9] VGC 2025 Reg G","players":["xatseye","jecheonjo"],"log":"|j|\u2606xatseye\n|j|\u2606jecheonjo\n|t:|1739848402\n|gametype|doubles\n|player|p1|xatseye|unknown|1622\n|player|p2|jecheonjo|steven|1552\n|teamsize|p1|6\n|teamsize|p2|6\n|gen|9\n|tier|[Gen 9] VGC 2025 Reg G\n|rated|\n|rule|Species Clause: Limit one of each Pok\u00e9mon\n|rule|Item Clause: Limit 1 of each item\n|clearpoke\n|poke|p1|Miraidon, L50|\n|poke|p1|Incineroar, L50, F|\n|poke|p1|Oranguru, L50, F|\n|poke|p1|Clefairy, L50, F|\n|poke|p1|Baxcalibur, L50, F|\n|poke|p1|Whimsicott, L50, M|\n|poke|p2|Necrozma-Dusk-Mane, L50|\n|poke|p2|Ursaluna, L50, M|\n|poke|p2|Amoonguss, L50, M|\n|poke|p2|Raging Bolt, L50|\n|poke|p2|Urshifu-*, L50, M|\n|poke|p2|Ogerpon-Cornerstone, L50, F|\n|teampreview|4\n|inactive|Battle timer is ON: inactive players will automatically lose when time's up. (requested by xatseye)\n|j| 413XP\n|\n|t:|1739848432\n|start\n|switch|p1a: Miraidon|Miraidon, L50|100\/100\n|switch|p1b: Oranguru|Oranguru, L50, F|100\/100\n|switch|p2a: Ursaluna|Ursaluna, L50, M|100\/100\n|switch|p2b: Amoonguss|Amoonguss, L50, M|100\/100\n|-fieldstart|move: Electric Terrain|[from] ability: Hadron Engine|[of] p1a: Miraidon\n|-enditem|p1a: Miraidon|Electric Seed\n|-boost|p1a: Miraidon|def|1|[from] item: Electric Seed\n|-activate|p1b: Oranguru|ability: Symbiosis|Covert Cloak|[of] p1a: Miraidon\n|turn|1\n|j| NanshanVGC\n|\n|t:|1739848452\n|move|p2b: Amoonguss|Rage Powder|p2b: Amoonguss\n|-singleturn|p2b: Amoonguss|move: Rage Powder\n|move|p1a: Miraidon|Calm Mind|p1a: Miraidon\n|-boost|p1a: Miraidon|spa|1\n|-boost|p1a: Miraidon|spd|1\n|move|p2a: Ursaluna|Substitute|p2a: Ursaluna\n|-start|p2a: Ursaluna|Substitute\n|-damage|p2a: Ursaluna|76\/100\n|move|p1b: Oranguru|Instruct|p2b: Amoonguss\n|-singleturn|p2b: Amoonguss|move: Instruct|[of] p1b: Oranguru\n|move|p2b: Amoonguss|Rage Powder||[still]\n|-fail|p2b: Amoonguss\n|\n|-status|p2a: Ursaluna|brn|[from] item: Flame Orb\n|upkeep\n|turn|2\n|inactive|jecheonjo has 30 seconds left.\n|\n|t:|1739848483\n|move|p1a: Miraidon|Dragon Pulse|p2a: Ursaluna\n|-crit|p2a: Ursaluna\n|-end|p2a: Ursaluna|Substitute\n|move|p2a: Ursaluna|Facade|p1a: Miraidon\n|-damage|p1a: Miraidon|24\/100\n|move|p1b: Oranguru|Instruct|p1a: Miraidon\n|-singleturn|p1a: Miraidon|move: Instruct|[of] p1b: Oranguru\n|move|p1a: Miraidon|Dragon Pulse|p2a: Ursaluna\n|-damage|p2a: Ursaluna|3\/100 brn\n|move|p2b: Amoonguss|Pollen Puff|p2a: Ursaluna\n|-heal|p2a: Ursaluna|53\/100 brn\n|\n|-damage|p2a: Ursaluna|47\/100 brn|[from] brn\n|upkeep\n|turn|3\n|inactive|xatseye has 30 seconds left.\n|inactive|jecheonjo has 30 seconds left.\n|\n|t:|1739848512\n|switch|p1b: Baxcalibur|Baxcalibur, L50, F|100\/100\n|move|p1a: Miraidon|Protect|p1a: Miraidon\n|-singleturn|p1a: Miraidon|Protect\n|move|p2b: Amoonguss|Rage Powder|p2b: Amoonguss\n|-singleturn|p2b: Amoonguss|move: Rage Powder\n|move|p2a: Ursaluna|Facade|p1a: Miraidon\n|-activate|p1a: Miraidon|move: Protect\n|\n|-damage|p2a: Ursaluna|41\/100 brn|[from] brn\n|upkeep\n|turn|4\n|\n|t:|1739848531\n|-terastallize|p2b: Amoonguss|Fairy\n|move|p2b: Amoonguss|Rage Powder|p2b: Amoonguss\n|-singleturn|p2b: Amoonguss|move: Rage Powder\n|move|p1a: Miraidon|Parabolic Charge|p2b: Amoonguss|[spread] p1b,p2b\n|-immune|p2a: Ursaluna\n|-resisted|p1b: Baxcalibur\n|-crit|p2b: Amoonguss\n|-damage|p1b: Baxcalibur|68\/100\n|-heal|p1a: Miraidon|40\/100|[from] drain|[of] p1b: Baxcalibur\n|-damage|p2b: Amoonguss|15\/100\n|-heal|p1a: Miraidon|87\/100|[from] drain|[of] p2b: Amoonguss\n|move|p1b: Baxcalibur|Icicle Spear|p2b: Amoonguss\n|-damage|p2b: Amoonguss|4\/100\n|-crit|p2b: Amoonguss\n|-damage|p2b: Amoonguss|0 fnt\n|faint|p2b: Amoonguss\n|-hitcount|p2: Amoonguss|2\n|move|p2a: Ursaluna|Facade|p1a: Miraidon\n|-damage|p1a: Miraidon|19\/100\n|\n|-damage|p2a: Ursaluna|35\/100 brn|[from] brn\n|upkeep\n|inactive|jecheonjo has 30 seconds left.\n|inactive|jecheonjo has 20 seconds left.\n|\n|t:|1739848566\n|switch|p2b: Necrozma|Necrozma-Dusk-Mane, L50|100\/100\n|turn|5\n|\n|t:|1739848583\n|move|p2a: Ursaluna|Protect|p2a: Ursaluna\n|-singleturn|p2a: Ursaluna|Protect\n|move|p1a: Miraidon|Parabolic Charge|p2b: Necrozma|[spread] p1b,p2b\n|-activate|p2a: Ursaluna|move: Protect\n|-resisted|p1b: Baxcalibur\n|-damage|p1b: Baxcalibur|31\/100\n|-heal|p1a: Miraidon|37\/100|[from] drain|[of] p1b: Baxcalibur\n|-damage|p2b: Necrozma|50\/100\n|-heal|p1a: Miraidon|63\/100|[from] drain|[of] p2b: Necrozma\n|move|p1b: Baxcalibur|Icicle Spear|p2a: Ursaluna\n|-activate|p2a: Ursaluna|move: Protect\n|move|p2b: Necrozma|Trick Room|p2b: Necrozma\n|-fieldstart|move: Trick Room|[of] p2b: Necrozma\n|\n|-damage|p2a: Ursaluna|29\/100 brn|[from] brn\n|-fieldend|move: Electric Terrain\n|upkeep\n|turn|6\n|\n|t:|1739848604\n|move|p1a: Miraidon|Protect|p1a: Miraidon\n|-singleturn|p1a: Miraidon|Protect\n|move|p1b: Baxcalibur|Ice Shard|p2a: Ursaluna\n|-supereffective|p2a: Ursaluna\n|-damage|p2a: Ursaluna|0 fnt\n|faint|p2a: Ursaluna\n|move|p2b: Necrozma|Sunsteel Strike|p1b: Baxcalibur\n|-supereffective|p1b: Baxcalibur\n|-damage|p1b: Baxcalibur|0 fnt\n|faint|p1b: Baxcalibur\n|\n|upkeep\n|\n|t:|1739848616\n|switch|p2a: Raging Bolt|Raging Bolt, L50|100\/100\n|switch|p1b: Clefairy|Clefairy, L50, F|100\/100\n|turn|7\n|\n|t:|1739848635\n|move|p2b: Necrozma|Protect|p2b: Necrozma\n|-singleturn|p2b: Necrozma|Protect\n|move|p1b: Clefairy|After You|p1a: Miraidon\n|-activate|p1a: Miraidon|move: After You\n|move|p1a: Miraidon|Dragon Pulse|p2a: Raging Bolt\n|-supereffective|p2a: Raging Bolt\n|-damage|p2a: Raging Bolt|25\/100\n|move|p2a: Raging Bolt|Thunderbolt|p1b: Clefairy\n|-damage|p1b: Clefairy|68\/100\n|\n|upkeep\n|turn|8\n|-message|jecheonjo forfeited.\n|\n|win|xatseye\n|raw|xatseye's rating: 1622 &rarr; <strong>1638<\/strong><br \/>(+16 for winning)\n|raw|jecheonjo's rating: 1552 &rarr; <strong>1536<\/strong><br \/>(-16 for losing)\n|l|\u2606jecheonjo\n|player|p2|\n|l|\u2606xatseye\n|player|p1|\n","uploadtime":1739848874,"views":5,"formatid":"gen9vgc2025regg","rating":1536,"private":0,"password":null}