{"id":"gen9vgc2025regg-2302185138","format":"[Gen 9] VGC 2025 Reg G","players":["Kaicyios","zhz2021"],"log":"|j|\u2606Kaicyios\n|j|\u2606zhz2021\n|t:|1739757380\n|gametype|doubles\n|player|p1|Kaicyios|giovanni|1720\n|player|p2|zhz2021|marley|1587\n|teamsize|p1|6\n|teamsize|p2|6\n|gen|9\n|tier|[Gen 9] VGC 2025 Reg G\n|rated|\n|rule|Species Clause: Limit one of each Pok\u00e9mon\n|rule|Item Clause: Limit 1 of each item\n|clearpoke\n|poke|p1|Groudon, L50|\n|poke|p1|Tornadus, L50, M|\n|poke|p1|Flutter Mane, L50|\n|poke|p1|Chi-Yu, L50|\n|poke|p1|Raging Bolt, L50|\n|poke|p1|Urshifu-*, L50, M|\n|poke|p2|Smeargle, L50, F|\n|poke|p2|Urshifu-*, L50, F|\n|poke|p2|Bruxish, L50, M|\n|poke|p2|Calyrex-Ice, L50|\n|poke|p2|Tsareena, L50, F|\n|poke|p2|Tornadus, L50, M|\n|teampreview|4\n|j| Fr8ghtRain\n|l| Fr8ghtRain\n|\n|t:|1739757461\n|start\n|switch|p1a: Tornadus|Tornadus, L50, M|100\/100\n|switch|p1b: Groudon|Groudon, L50|100\/100\n|switch|p2a: Smeargle|Smeargle, L50, F|100\/100\n|switch|p2b: Bruxish|Bruxish, L50, M|100\/100\n|-weather|SunnyDay|[from] ability: Drought|[of] p1b: Groudon\n|turn|1\n|\n|t:|1739757479\n|move|p2a: Smeargle|Fake Out|p1b: Groudon\n|-damage|p1b: Groudon|97\/100\n|move|p1a: Tornadus|Bleakwind Storm|p2a: Smeargle|[spread] p2a,p2b\n|-damage|p2a: Smeargle|30\/100\n|-damage|p2b: Bruxish|48\/100\n|cant|p1b: Groudon|flinch\n|move|p2b: Bruxish|Trick Room|p2b: Bruxish\n|-fieldstart|move: Trick Room|[of] p2b: Bruxish\n|\n|-weather|SunnyDay|[upkeep]\n|-ability|p2a: Smeargle|Moody|boost\n|-boost|p2a: Smeargle|spe|2\n|-unboost|p2a: Smeargle|atk|1\n|-enditem|p2a: Smeargle|Eject Pack\n|upkeep\n|\n|t:|1739757491\n|switch|p2a: Calyrex|Calyrex-Ice, L50|100\/100\n|-ability|p2a: Calyrex|As One\n|-ability|p2a: Calyrex|Unnerve\n|turn|2\n|\n|t:|1739757506\n|-terastallize|p2a: Calyrex|Fire\n|-terastallize|p1b: Groudon|Fire\n|move|p1a: Tornadus|Scary Face|p1b: Groudon\n|-unboost|p1b: Groudon|spe|2\n|move|p1b: Groudon|Precipice Blades|p2b: Bruxish|[spread] p2a,p2b\n|-supereffective|p2a: Calyrex\n|-damage|p2a: Calyrex|30\/100\n|-damage|p2b: Bruxish|0 fnt\n|faint|p2b: Bruxish\n|move|p2a: Calyrex|Glacial Lance|p1b: Groudon|[spread] p1a,p1b\n|-supereffective|p1a: Tornadus\n|-resisted|p1b: Groudon\n|-enditem|p1a: Tornadus|Focus Sash\n|-damage|p1a: Tornadus|1\/100\n|-damage|p1b: Groudon|78\/100\n|\n|-weather|SunnyDay|[upkeep]\n|upkeep\n|j| mewkyuvgc\n|\n|t:|1739757525\n|switch|p2b: Smeargle|Smeargle, L50, F|30\/100\n|turn|3\n|\n|t:|1739757550\n|move|p2b: Smeargle|Fake Out|p1b: Groudon\n|-damage|p1b: Groudon|74\/100\n|cant|p1b: Groudon|flinch\n|move|p2a: Calyrex|Glacial Lance|p1a: Tornadus|[spread] p1a,p1b\n|-supereffective|p1a: Tornadus\n|-resisted|p1b: Groudon\n|-damage|p1a: Tornadus|0 fnt\n|-damage|p1b: Groudon|53\/100\n|faint|p1a: Tornadus\n|-ability|p2a: Calyrex|Chilling Neigh|boost\n|-boost|p2a: Calyrex|atk|1\n|\n|-weather|SunnyDay|[upkeep]\n|-ability|p2b: Smeargle|Moody|boost\n|-boost|p2b: Smeargle|spd|2\n|-unboost|p2b: Smeargle|def|1\n|upkeep\n|\n|t:|1739757565\n|switch|p1a: Raging Bolt|Raging Bolt, L50|100\/100\n|-activate|p1a: Raging Bolt|ability: Protosynthesis\n|-start|p1a: Raging Bolt|protosynthesisspa\n|turn|4\n|inactive|Battle timer is ON: inactive players will automatically lose when time's up. (requested by Kaicyios)\n|\n|t:|1739757600\n|move|p2b: Smeargle|Follow Me|p2b: Smeargle\n|-singleturn|p2b: Smeargle|move: Follow Me\n|move|p1a: Raging Bolt|Thunderclap||[still]\n|-fail|p1a: Raging Bolt\n|move|p1b: Groudon|Precipice Blades|p2a: Calyrex|[spread] p2b\n|-miss|p1b: Groudon|p2a: Calyrex\n|-damage|p2b: Smeargle|0 fnt\n|faint|p2b: Smeargle\n|move|p2a: Calyrex|High Horsepower|p1b: Groudon\n|-supereffective|p1b: Groudon\n|-damage|p1b: Groudon|0 fnt\n|faint|p1b: Groudon\n|-ability|p2a: Calyrex|Chilling Neigh|boost\n|-boost|p2a: Calyrex|atk|1\n|\n|-weather|SunnyDay|[upkeep]\n|upkeep\n|\n|t:|1739757617\n|switch|p2b: Urshifu|Urshifu, L50, F|100\/100\n|switch|p1b: Chi-Yu|Chi-Yu, L50|100\/100\n|-ability|p1b: Chi-Yu|Beads of Ruin\n|turn|5\n|inactive|Kaicyios has 30 seconds left.\n|inactive|Kaicyios has 20 seconds left.\n|inactive|Kaicyios has 15 seconds left.\n|inactive|Kaicyios has 10 seconds left.\n|\n|t:|1739757664\n|move|p2a: Calyrex|Protect|p2a: Calyrex\n|-singleturn|p2a: Calyrex|Protect\n|move|p1a: Raging Bolt|Thunderclap||[still]\n|-fail|p1a: Raging Bolt\n|move|p2b: Urshifu|Close Combat|p1b: Chi-Yu\n|-supereffective|p1b: Chi-Yu\n|-damage|p1b: Chi-Yu|0 fnt\n|-unboost|p2b: Urshifu|def|1\n|-unboost|p2b: Urshifu|spd|1\n|faint|p1b: Chi-Yu\n|\n|-weather|none\n|-end|p1a: Raging Bolt|Protosynthesis\n|-fieldend|move: Trick Room\n|upkeep\n|turn|6\n|\n|t:|1739757677\n|move|p1a: Raging Bolt|Discharge|p2b: Urshifu|[spread] p2a,p2b\n|-damage|p2a: Calyrex|0 fnt\n|-damage|p2b: Urshifu|11\/100\n|-status|p2b: Urshifu|par\n|faint|p2a: Calyrex\n|-damage|p1a: Raging Bolt|91\/100|[from] item: Life Orb\n|move|p2b: Urshifu|Close Combat|p1a: Raging Bolt\n|-damage|p1a: Raging Bolt|4\/100\n|-unboost|p2b: Urshifu|def|1\n|-unboost|p2b: Urshifu|spd|1\n|\n|upkeep\n|turn|7\n|\n|t:|1739757690\n|move|p1a: Raging Bolt|Thunderclap|p2b: Urshifu\n|-crit|p2b: Urshifu\n|-damage|p2b: Urshifu|0 fnt\n|faint|p2b: Urshifu\n|-damage|p1a: Raging Bolt|0 fnt|[from] item: Life Orb\n|faint|p1a: Raging Bolt\n|-end|p1a: Raging Bolt|Protosynthesis|[silent]\n|\n|win|Kaicyios\n|raw|Kaicyios's rating: 1720 &rarr; <strong>1733<\/strong><br \/>(+13 for winning)\n|raw|zhz2021's rating: 1587 &rarr; <strong>1574<\/strong><br \/>(-13 for losing)\n|l|\u2606zhz2021\n|player|p2|\n|l| mewkyuvgc\n|l|\u2606Kaicyios\n|player|p1|\n","uploadtime":1739757700,"views":5,"formatid":"gen9vgc2025regg","rating":1574,"private":0,"password":null}