{"id":"gen9vgc2025regg-2302825582","format":"[Gen 9] VGC 2025 Reg G","players":["ssbutan","xiaobengou123"],"log":"|j|\u2606ssbutan\n|j|\u2606xiaobengou123\n|t:|1739842898\n|gametype|doubles\n|player|p1|ssbutan|camper|1662\n|player|p2|xiaobengou123|pokekid|1570\n|teamsize|p1|6\n|teamsize|p2|6\n|gen|9\n|tier|[Gen 9] VGC 2025 Reg G\n|rated|\n|rule|Species Clause: Limit one of each Pok\u00e9mon\n|rule|Item Clause: Limit 1 of each item\n|clearpoke\n|poke|p1|Calyrex-Ice, L50|\n|poke|p1|Cresselia, L50, F|\n|poke|p1|Rillaboom, L50, F|\n|poke|p1|Urshifu-*, L50, F|\n|poke|p1|Flutter Mane, L50|\n|poke|p1|Sandy Shocks, L50|\n|poke|p2|Calyrex-Ice, L50|\n|poke|p2|Raging Bolt, L50|\n|poke|p2|Flutter Mane, L50|\n|poke|p2|Urshifu-*, L50, F|\n|poke|p2|Ogerpon-Cornerstone, L50, F|\n|poke|p2|Amoonguss, L50, F|\n|teampreview|4\n|inactive|Battle timer is ON: inactive players will automatically lose when time's up. (requested by ssbutan)\n|inactive|ssbutan has 60 seconds left.\n|inactive|ssbutan has 30 seconds left.\n|inactive|ssbutan has 20 seconds left.\n|inactive|ssbutan has 15 seconds left.\n|inactive|ssbutan has 10 seconds left.\n|\n|t:|1739842980\n|start\n|switch|p1a: Calyrex|Calyrex-Ice, L50|100\/100\n|switch|p1b: Sandy Shocks|Sandy Shocks, L50|100\/100\n|switch|p2a: Calyrex|Calyrex-Ice, L50|100\/100\n|switch|p2b: Ogerpon|Ogerpon-Cornerstone, L50, F|100\/100\n|-ability|p2a: Calyrex|As One\n|-ability|p2a: Calyrex|Unnerve\n|-ability|p1a: Calyrex|As One\n|-ability|p1a: Calyrex|Unnerve\n|turn|1\n|inactive|ssbutan has 30 seconds left.\n|inactive|ssbutan has 20 seconds left.\n|inactive|ssbutan has 15 seconds left.\n|\n|t:|1739843024\n|switch|p1a: Urshifu|Urshifu-Rapid-Strike, L50, F|100\/100\n|move|p2b: Ogerpon|Spiky Shield|p2b: Ogerpon\n|-singleturn|p2b: Ogerpon|move: Protect\n|move|p1b: Sandy Shocks|Earth Power|p2b: Ogerpon\n|-activate|p2b: Ogerpon|move: Protect\n|move|p2a: Calyrex|Imprison|p2a: Calyrex\n|-start|p2a: Calyrex|move: Imprison\n|\n|upkeep\n|turn|2\n|\n|t:|1739843042\n|-terastallize|p1b: Sandy Shocks|Water\n|move|p1a: Urshifu|U-turn|p2b: Ogerpon\n|-supereffective|p2b: Ogerpon\n|-damage|p2b: Ogerpon|36\/100\n|\n|t:|1739843047\n|switch|p1a: Calyrex|Calyrex-Ice, L50|100\/100|[from] U-turn\n|-ability|p1a: Calyrex|As One\n|-ability|p1a: Calyrex|Unnerve\n|move|p2b: Ogerpon|Power Whip|p1a: Calyrex\n|-damage|p1a: Calyrex|70\/100\n|move|p1b: Sandy Shocks|Earth Power|p2b: Ogerpon\n|-damage|p2b: Ogerpon|0 fnt\n|faint|p2b: Ogerpon\n|move|p2a: Calyrex|Glacial Lance|p1b: Sandy Shocks|[spread] p1a,p1b\n|-resisted|p1a: Calyrex\n|-resisted|p1b: Sandy Shocks\n|-damage|p1a: Calyrex|54\/100\n|-damage|p1b: Sandy Shocks|67\/100\n|\n|-heal|p1a: Calyrex|59\/100|[from] item: Leftovers\n|upkeep\n|\n|t:|1739843064\n|switch|p2b: Amoonguss|Amoonguss, L50, F|100\/100\n|turn|3\n|\n|t:|1739843077\n|-end|p1b: Sandy Shocks|Protosynthesis|[silent]\n|switch|p1b: Cresselia|Cresselia, L50, F|100\/100\n|move|p2a: Calyrex|Glacial Lance|p1a: Calyrex|[spread] p1a,p1b\n|-resisted|p1a: Calyrex\n|-damage|p1a: Calyrex|43\/100\n|-damage|p1b: Cresselia|60\/100\n|move|p1a: Calyrex|Leech Seed|p2a: Calyrex\n|-start|p2a: Calyrex|move: Leech Seed\n|move|p2b: Amoonguss|Pollen Puff|p2a: Calyrex\n|-immune|p2a: Calyrex\n|\n|-heal|p1a: Calyrex|49\/100|[from] item: Leftovers\n|-damage|p2a: Calyrex|88\/100|[from] Leech Seed|[of] p1a: Calyrex\n|-heal|p1a: Calyrex|61\/100|[silent]\n|upkeep\n|turn|4\n|\n|t:|1739843102\n|move|p1b: Cresselia|Thunder Wave|p2a: Calyrex\n|-status|p2a: Calyrex|par\n|move|p1a: Calyrex|Body Press|p2a: Calyrex\n|-damage|p2a: Calyrex|69\/100 par\n|move|p2b: Amoonguss|Spore|p1a: Calyrex\n|-status|p1a: Calyrex|slp|[from] move: Spore\n|move|p2a: Calyrex|Glacial Lance|p1b: Cresselia|[spread] p1a,p1b\n|-resisted|p1a: Calyrex\n|-damage|p1a: Calyrex|45\/100 slp\n|-damage|p1b: Cresselia|19\/100\n|\n|-heal|p1a: Calyrex|51\/100 slp|[from] item: Leftovers\n|-damage|p2a: Calyrex|56\/100 par|[from] Leech Seed|[of] p1a: Calyrex\n|-heal|p1a: Calyrex|63\/100 slp|[silent]\n|upkeep\n|turn|5\n|\n|t:|1739843119\n|move|p1b: Cresselia|Lunar Blessing|p1b: Cresselia|[spread] p1a,p1b\n|-heal|p1a: Calyrex|88\/100 slp\n|-curestatus|p1a: Calyrex|slp|[msg]\n|-heal|p1b: Cresselia|45\/100\n|move|p1a: Calyrex|Body Press|p2a: Calyrex\n|-damage|p2a: Calyrex|37\/100 par\n|move|p2b: Amoonguss|Pollen Puff|p2a: Calyrex\n|-heal|p2a: Calyrex|87\/100 par\n|cant|p2a: Calyrex|par\n|\n|-heal|p1a: Calyrex|94\/100|[from] item: Leftovers\n|-damage|p2a: Calyrex|75\/100 par|[from] Leech Seed|[of] p1a: Calyrex\n|-heal|p1a: Calyrex|100\/100|[silent]\n|upkeep\n|turn|6\n|inactive|ssbutan has 30 seconds left.\n|inactive|xiaobengou123 has 30 seconds left.\n|\n|t:|1739843151\n|-terastallize|p2a: Calyrex|Fairy\n|move|p1b: Cresselia|Thunder Wave|p2b: Amoonguss\n|-status|p2b: Amoonguss|par\n|move|p1a: Calyrex|Body Press|p2a: Calyrex\n|-resisted|p2a: Calyrex\n|-damage|p2a: Calyrex|65\/100 par\n|move|p2a: Calyrex|Glacial Lance|p1a: Calyrex|[spread] p1a,p1b\n|-resisted|p1a: Calyrex\n|-damage|p1a: Calyrex|85\/100\n|-damage|p1b: Cresselia|8\/100\n|move|p2b: Amoonguss|Spore|p1b: Cresselia\n|-activate|p1b: Cresselia|item: Safety Goggles|Spore\n|\n|-heal|p1a: Calyrex|91\/100|[from] item: Leftovers\n|-damage|p2a: Calyrex|52\/100 par|[from] Leech Seed|[of] p1a: Calyrex\n|-heal|p1a: Calyrex|100\/100|[silent]\n|upkeep\n|turn|7\n|\n|t:|1739843170\n|switch|p1b: Urshifu|Urshifu-Rapid-Strike, L50, F|100\/100\n|move|p1a: Calyrex|Body Press|p2a: Calyrex\n|-resisted|p2a: Calyrex\n|-damage|p2a: Calyrex|43\/100 par\n|cant|p2a: Calyrex|par\n|move|p2b: Amoonguss|Pollen Puff|p2a: Calyrex\n|-heal|p2a: Calyrex|93\/100 par\n|\n|-damage|p2a: Calyrex|80\/100 par|[from] Leech Seed|[of] p1a: Calyrex\n|upkeep\n|turn|8\n|\n|t:|1739843195\n|cant|p2b: Amoonguss|par\n|move|p1b: Urshifu|Coaching|p1a: Calyrex\n|-boost|p1a: Calyrex|atk|1\n|-boost|p1a: Calyrex|def|1\n|move|p1a: Calyrex|Body Press|p2a: Calyrex\n|-resisted|p2a: Calyrex\n|-damage|p2a: Calyrex|64\/100 par\n|move|p2a: Calyrex|High Horsepower|p1b: Urshifu\n|-damage|p1b: Urshifu|62\/100\n|\n|-damage|p2a: Calyrex|52\/100 par|[from] Leech Seed|[of] p1a: Calyrex\n|upkeep\n|turn|9\n|\n|t:|1739843212\n|move|p1b: Urshifu|Coaching|p1a: Calyrex\n|-boost|p1a: Calyrex|atk|1\n|-boost|p1a: Calyrex|def|1\n|move|p1a: Calyrex|Body Press|p2a: Calyrex\n|-resisted|p2a: Calyrex\n|-damage|p2a: Calyrex|32\/100 par\n|move|p2b: Amoonguss|Pollen Puff|p2a: Calyrex\n|-heal|p2a: Calyrex|82\/100 par\n|cant|p2a: Calyrex|par\n|\n|-damage|p2a: Calyrex|70\/100 par|[from] Leech Seed|[of] p1a: Calyrex\n|upkeep\n|turn|10\n|\n|t:|1739843229\n|move|p1b: Urshifu|Coaching|p1a: Calyrex\n|-boost|p1a: Calyrex|atk|1\n|-boost|p1a: Calyrex|def|1\n|move|p1a: Calyrex|Body Press|p2a: Calyrex\n|-resisted|p2a: Calyrex\n|-damage|p2a: Calyrex|42\/100 par\n|cant|p2b: Amoonguss|par\n|move|p2a: Calyrex|Trick Room|p2a: Calyrex\n|-fieldstart|move: Trick Room|[of] p2a: Calyrex\n|\n|-damage|p2a: Calyrex|29\/100 par|[from] Leech Seed|[of] p1a: Calyrex\n|upkeep\n|turn|11\n|inactive|ssbutan has 30 seconds left.\n|inactive|ssbutan has 20 seconds left.\n|\n|t:|1739843267\n|switch|p1b: Cresselia|Cresselia, L50, F|8\/100\n|move|p2b: Amoonguss|Pollen Puff|p2a: Calyrex\n|-heal|p2a: Calyrex|79\/100 par\n|move|p2a: Calyrex|High Horsepower|p1b: Cresselia\n|-immune|p1b: Cresselia|[from] ability: Levitate\n|move|p1a: Calyrex|Body Press|p2a: Calyrex\n|-resisted|p2a: Calyrex\n|-damage|p2a: Calyrex|54\/100 par\n|\n|-damage|p2a: Calyrex|42\/100 par|[from] Leech Seed|[of] p1a: Calyrex\n|upkeep\n|turn|12\n|\n|t:|1739843287\n|switch|p1b: Urshifu|Urshifu-Rapid-Strike, L50, F|62\/100\n|move|p2b: Amoonguss|Clear Smog|p1a: Calyrex\n|-damage|p1a: Calyrex|90\/100\n|-clearboost|p1a: Calyrex\n|cant|p2a: Calyrex|par\n|move|p1a: Calyrex|Body Press|p2a: Calyrex\n|-resisted|p2a: Calyrex\n|-damage|p2a: Calyrex|32\/100 par\n|\n|-heal|p1a: Calyrex|96\/100|[from] item: Leftovers\n|-damage|p2a: Calyrex|20\/100 par|[from] Leech Seed|[of] p1a: Calyrex\n|-heal|p1a: Calyrex|100\/100|[silent]\n|upkeep\n|turn|13\n|inactive|ssbutan has 30 seconds left.\n|\n|t:|1739843313\n|move|p2b: Amoonguss|Pollen Puff|p2a: Calyrex\n|-heal|p2a: Calyrex|70\/100 par\n|move|p2a: Calyrex|High Horsepower|p1b: Urshifu\n|-damage|p1b: Urshifu|22\/100\n|move|p1a: Calyrex|Body Press|p2a: Calyrex\n|-resisted|p2a: Calyrex\n|-damage|p2a: Calyrex|60\/100 par\n|move|p1b: Urshifu|Surging Strikes|p2a: Calyrex\n|-crit|p2a: Calyrex\n|-damage|p2a: Calyrex|47\/100 par\n|-crit|p2a: Calyrex\n|-damage|p2a: Calyrex|34\/100 par\n|-crit|p2a: Calyrex\n|-damage|p2a: Calyrex|21\/100 par\n|-hitcount|p2a: Calyrex|3\n|\n|-damage|p2a: Calyrex|8\/100 par|[from] Leech Seed|[of] p1a: Calyrex\n|upkeep\n|turn|14\n|\n|t:|1739843331\n|move|p2b: Amoonguss|Pollen Puff|p2a: Calyrex\n|-heal|p2a: Calyrex|58\/100 par\n|move|p2a: Calyrex|Glacial Lance|p1b: Urshifu|[spread] p1a,p1b\n|-resisted|p1a: Calyrex\n|-resisted|p1b: Urshifu\n|-damage|p1a: Calyrex|84\/100\n|-damage|p1b: Urshifu|0 fnt\n|faint|p1b: Urshifu\n|-ability|p2a: Calyrex|Chilling Neigh|boost\n|-boost|p2a: Calyrex|atk|1\n|move|p1a: Calyrex|Body Press|p2a: Calyrex\n|-resisted|p2a: Calyrex\n|-damage|p2a: Calyrex|47\/100 par\n|\n|-heal|p1a: Calyrex|89\/100|[from] item: Leftovers\n|-damage|p2a: Calyrex|35\/100 par|[from] Leech Seed|[of] p1a: Calyrex\n|-heal|p1a: Calyrex|100\/100|[silent]\n|-fieldend|move: Trick Room\n|upkeep\n|l|\u2606ssbutan\n|inactive|ssbutan disconnected and has a minute to reconnect!\n|player|p1|\n|inactive|ssbutan has 30 seconds left.\n|inactive|ssbutan has 20 seconds left.\n|inactive|ssbutan has 15 seconds left.\n|inactive|ssbutan has 10 seconds left.\n|inactive|ssbutan has 5 seconds left.\n|j|\u2606ssbutan\n|inactive|ssbutan reconnected and has 5 seconds left.\n|player|p1|ssbutan|camper|\n|\n|t:|1739843386\n|switch|p1b: Sandy Shocks|Sandy Shocks, L50, tera:Water|67\/100\n|turn|15\n|l|\u2606ssbutan\n|inactive|ssbutan disconnected and has a minute to reconnect!\n|player|p1|\n|inactive|ssbutan has 30 seconds left.\n|inactive|ssbutan has 20 seconds left.\n|inactive|ssbutan has 15 seconds left.\n|inactive|ssbutan has 10 seconds left.\n|inactive|ssbutan has 5 seconds left.\n|-message|ssbutan lost due to inactivity.\n|\n|win|xiaobengou123\n|raw|ssbutan's rating: 1662 &rarr; <strong>1637<\/strong><br \/>(-25 for losing)\n|raw|xiaobengou123's rating: 1570 &rarr; <strong>1595<\/strong><br \/>(+25 for winning)\n|l|\u2606xiaobengou123\n|player|p2|\n","uploadtime":1739843600,"views":6,"formatid":"gen9vgc2025regg","rating":1595,"private":0,"password":null}