{"id":"gen9vgc2025regg-2302010528","format":"[Gen 9] VGC 2025 Reg G","players":["Spottedwoot","Bougie Oatmeal"],"log":"|j|\u2606Spottedwoot\n|j|\u2606Bougie Oatmeal\n|t:|1739736420\n|gametype|doubles\n|player|p1|Spottedwoot|265|1568\n|player|p2|Bougie Oatmeal|rowan|1553\n|teamsize|p1|6\n|teamsize|p2|6\n|gen|9\n|tier|[Gen 9] VGC 2025 Reg G\n|rated|\n|rule|Species Clause: Limit one of each Pok\u00e9mon\n|rule|Item Clause: Limit 1 of each item\n|clearpoke\n|poke|p1|Zamazenta-*, L50|\n|poke|p1|Chien-Pao, L50|\n|poke|p1|Entei, L50|\n|poke|p1|Raging Bolt, L50|\n|poke|p1|Rillaboom, L50, M|\n|poke|p1|Farigiraf, L50, M|\n|poke|p2|Calyrex-Shadow, L50|\n|poke|p2|Indeedee-F, L50, F|\n|poke|p2|Ogerpon-Hearthflame, L50, F|\n|poke|p2|Iron Jugulis, L50|\n|poke|p2|Iron Hands, L50|\n|poke|p2|Urshifu-*, L50, M|\n|teampreview|4\n|inactive|Battle timer is ON: inactive players will automatically lose when time's up. (requested by Bougie Oatmeal)\n|j| kiabu233\n|inactive|Spottedwoot has 60 seconds left.\n|inactive|Spottedwoot has 30 seconds left.\n|inactive|Spottedwoot has 20 seconds left.\n|\n|t:|1739736492\n|start\n|switch|p1a: Zamazenta|Zamazenta-Crowned, L50|100\/100\n|switch|p1b: Chien-Pao|Chien-Pao, L50|100\/100\n|switch|p2a: Hallothreen|Iron Jugulis, L50|100\/100\n|switch|p2b: Proshokza|Iron Hands, L50|100\/100\n|-ability|p1b: Chien-Pao|Sword of Ruin\n|-ability|p1a: Zamazenta|Dauntless Shield|boost\n|-boost|p1a: Zamazenta|def|1\n|-enditem|p2a: Hallothreen|Booster Energy\n|-activate|p2a: Hallothreen|ability: Quark Drive|[fromitem]\n|-start|p2a: Hallothreen|quarkdrivespe\n|turn|1\n|\n|t:|1739736511\n|switch|p1b: Raging Bolt|Raging Bolt, L50|100\/100\n|-enditem|p1b: Raging Bolt|Booster Energy\n|-activate|p1b: Raging Bolt|ability: Protosynthesis|[fromitem]\n|-start|p1b: Raging Bolt|protosynthesisspa\n|move|p2b: Proshokza|Fake Out|p1b: Raging Bolt\n|-damage|p1b: Raging Bolt|88\/100\n|move|p2a: Hallothreen|Air Slash|p1a: Zamazenta\n|-damage|p1a: Zamazenta|75\/100\n|move|p1a: Zamazenta|Iron Defense|p1a: Zamazenta\n|-boost|p1a: Zamazenta|def|2\n|\n|upkeep\n|turn|2\n|\n|t:|1739736523\n|-terastallize|p2a: Hallothreen|Poison\n|move|p2a: Hallothreen|Snarl|p1a: Zamazenta|[spread] p1a,p1b\n|-resisted|p1a: Zamazenta\n|-damage|p1a: Zamazenta|68\/100\n|-damage|p1b: Raging Bolt|74\/100\n|-unboost|p1a: Zamazenta|spa|1\n|-unboost|p1b: Raging Bolt|spa|1\n|move|p1a: Zamazenta|Body Press|p2b: Proshokza\n|-damage|p2b: Proshokza|37\/100\n|move|p1b: Raging Bolt|Thunderbolt|p2a: Hallothreen\n|-damage|p2a: Hallothreen|57\/100\n|move|p2b: Proshokza|Drain Punch|p1b: Raging Bolt\n|-damage|p1b: Raging Bolt|40\/100\n|-heal|p2b: Proshokza|52\/100|[from] drain|[of] p1b: Raging Bolt\n|\n|upkeep\n|turn|3\n|inactive|Bougie Oatmeal has 30 seconds left.\n|\n|t:|1739736548\n|move|p2a: Hallothreen|Air Slash|p1a: Zamazenta\n|-damage|p1a: Zamazenta|41\/100\n|move|p1a: Zamazenta|Body Press|p2b: Proshokza\n|-damage|p2b: Proshokza|0 fnt\n|faint|p2b: Proshokza\n|-end|p2b: Proshokza|Quark Drive|[silent]\n|move|p1b: Raging Bolt|Thunderbolt|p2a: Hallothreen\n|-damage|p2a: Hallothreen|13\/100\n|\n|upkeep\n|\n|t:|1739736554\n|switch|p2b: Zoroastre|Calyrex-Shadow, L50|100\/100\n|-ability|p2b: Zoroastre|As One\n|-ability|p2b: Zoroastre|Unnerve\n|turn|4\n|\n|t:|1739736564\n|move|p1a: Zamazenta|Wide Guard|p1a: Zamazenta\n|-singleturn|p1a: Zamazenta|Wide Guard\n|move|p2a: Hallothreen|Snarl|p1b: Raging Bolt|[spread] \n|-activate|p1a: Zamazenta|move: Wide Guard\n|-activate|p1b: Raging Bolt|move: Wide Guard\n|move|p2b: Zoroastre|Expanding Force|p1b: Raging Bolt\n|-damage|p1b: Raging Bolt|0 fnt\n|faint|p1b: Raging Bolt\n|-end|p1b: Raging Bolt|Protosynthesis|[silent]\n|-ability|p2b: Zoroastre|Grim Neigh|boost\n|-boost|p2b: Zoroastre|spa|1\n|\n|upkeep\n|\n|t:|1739736576\n|switch|p1b: Chien-Pao|Chien-Pao, L50|100\/100\n|-ability|p1b: Chien-Pao|Sword of Ruin\n|turn|5\n|\n|t:|1739736586\n|move|p1a: Zamazenta|Wide Guard|p1a: Zamazenta\n|-singleturn|p1a: Zamazenta|Wide Guard\n|move|p1b: Chien-Pao|Sucker Punch|p2b: Zoroastre\n|-supereffective|p2b: Zoroastre\n|-crit|p2b: Zoroastre\n|-enditem|p2b: Zoroastre|Focus Sash\n|-damage|p2b: Zoroastre|1\/100\n|move|p2a: Hallothreen|Air Slash|p1b: Chien-Pao|[miss]\n|-miss|p2a: Hallothreen|p1b: Chien-Pao\n|move|p2b: Zoroastre|Expanding Force|p1a: Zamazenta\n|-damage|p1a: Zamazenta|0 fnt\n|faint|p1a: Zamazenta\n|-ability|p2b: Zoroastre|Grim Neigh|boost\n|-boost|p2b: Zoroastre|spa|1\n|\n|upkeep\n|\n|t:|1739736591\n|switch|p1a: Entei|Entei, L50|100\/100\n|turn|6\n|c|\u2606Bougie Oatmeal|that is so so so bad\n|\n|t:|1739736607\n|move|p1a: Entei|Extreme Speed|p2a: Hallothreen\n|-damage|p2a: Hallothreen|0 fnt\n|faint|p2a: Hallothreen\n|-end|p2a: Hallothreen|Quark Drive|[silent]\n|move|p2b: Zoroastre|Astral Barrage|p1a: Entei|[spread] p1a,p1b\n|-resisted|p1b: Chien-Pao\n|-damage|p1a: Entei|0 fnt\n|-damage|p1b: Chien-Pao|4\/100\n|faint|p1a: Entei\n|-ability|p2b: Zoroastre|Grim Neigh|boost\n|-boost|p2b: Zoroastre|spa|1\n|move|p1b: Chien-Pao|Icicle Crash|p2b: Zoroastre\n|-damage|p2b: Zoroastre|0 fnt\n|faint|p2b: Zoroastre\n|\n|upkeep\n|c|\u2606Bougie Oatmeal|oh my goodness\n|c|\u2606Bougie Oatmeal|I win!!!\n|\n|t:|1739736616\n|switch|p2b: Laotzulowei|Urshifu-Rapid-Strike, L50, M|100\/100\n|turn|7\n|c|\u2606Bougie Oatmeal|yayyyyy\n|\n|t:|1739736623\n|-terastallize|p1b: Chien-Pao|Stellar\n|move|p2b: Laotzulowei|Surging Strikes|p1b: Chien-Pao\n|-crit|p1b: Chien-Pao\n|-damage|p1b: Chien-Pao|0 fnt\n|faint|p1b: Chien-Pao\n|-hitcount|p1: Chien-Pao|1\n|\n|win|Bougie Oatmeal\n|raw|Spottedwoot's rating: 1568 &rarr; <strong>1547<\/strong><br \/>(-21 for losing)\n|raw|Bougie Oatmeal's rating: 1553 &rarr; <strong>1574<\/strong><br \/>(+21 for winning)\n|l| kiabu233\n|l|\u2606Bougie Oatmeal\n|player|p2|\n|l|\u2606Spottedwoot\n|player|p1|\n","uploadtime":1739736626,"views":65,"formatid":"gen9vgc2025regg","rating":1547,"private":0,"password":null}