{"id":"gen9vgc2025regg-2302008736","format":"[Gen 9] VGC 2025 Reg G","players":["Tempest Flute","chin8"],"log":"|j|\u2606Tempest Flute\n|j|\u2606chin8\n|t:|1739736216\n|gametype|doubles\n|player|p1|Tempest Flute|policeman-gen4|1636\n|player|p2|chin8|gentleman-gen4dp|1695\n|teamsize|p1|6\n|teamsize|p2|6\n|gen|9\n|tier|[Gen 9] VGC 2025 Reg G\n|rated|\n|rule|Species Clause: Limit one of each Pok\u00e9mon\n|rule|Item Clause: Limit 1 of each item\n|clearpoke\n|poke|p1|Kyogre, L50|\n|poke|p1|Tornadus, L50, M|\n|poke|p1|Tsareena, L50, F|\n|poke|p1|Urshifu-*, L50, F|\n|poke|p1|Chien-Pao, L50|\n|poke|p1|Rillaboom, L50, M|\n|poke|p2|Calyrex-Shadow, L50|\n|poke|p2|Incineroar, L50, F|\n|poke|p2|Rillaboom, L50, M|\n|poke|p2|Gastrodon-East, L50, M|\n|poke|p2|Hitmonchan, L50, M|\n|poke|p2|Tropius, L50, F|\n|teampreview|4\n|inactive|Battle timer is ON: inactive players will automatically lose when time's up. (requested by Tempest Flute)\n|inactive|Tempest Flute has 60 seconds left.\n|\n|t:|1739736263\n|start\n|switch|p1a: Tornadus|Tornadus, L50, M|100\/100\n|switch|p1b: Chien-Pao|Chien-Pao, L50|100\/100\n|switch|p2a: Calyrex|Calyrex-Shadow, L50|100\/100\n|switch|p2b: Incineroar|Incineroar, L50, F|100\/100\n|-ability|p2a: Calyrex|As One\n|-ability|p2a: Calyrex|Unnerve\n|-ability|p1b: Chien-Pao|Sword of Ruin\n|-ability|p2b: Incineroar|Intimidate|boost\n|-unboost|p1a: Tornadus|atk|1\n|-unboost|p1b: Chien-Pao|atk|1\n|turn|1\n|j| zach.fisher\n|inactive|Tempest Flute has 30 seconds left.\n|inactive|Tempest Flute has 20 seconds left.\n|\n|t:|1739736299\n|-terastallize|p2a: Calyrex|Fairy\n|move|p1b: Chien-Pao|Protect|p1b: Chien-Pao\n|-singleturn|p1b: Chien-Pao|Protect\n|move|p2a: Calyrex|Calm Mind|p2a: Calyrex\n|-boost|p2a: Calyrex|spa|1\n|-boost|p2a: Calyrex|spd|1\n|move|p1a: Tornadus|Bleakwind Storm|p2a: Calyrex|[spread] p2b\n|-miss|p1a: Tornadus|p2a: Calyrex\n|-damage|p2b: Incineroar|75\/100\n|move|p2b: Incineroar|Will-O-Wisp|p1b: Chien-Pao\n|-activate|p1b: Chien-Pao|move: Protect\n|\n|upkeep\n|turn|2\n|j| kiabu233\n|\n|t:|1739736315\n|move|p1a: Tornadus|Tailwind|p1a: Tornadus\n|-sidestart|p1: Tempest Flute|move: Tailwind\n|move|p1b: Chien-Pao|Ice Spinner|p2a: Calyrex\n|-damage|p2a: Calyrex|62\/100\n|move|p2a: Calyrex|Calm Mind|p2a: Calyrex\n|-boost|p2a: Calyrex|spa|1\n|-boost|p2a: Calyrex|spd|1\n|move|p2b: Incineroar|Will-O-Wisp|p1b: Chien-Pao\n|-status|p1b: Chien-Pao|brn\n|\n|-damage|p1b: Chien-Pao|95\/100 brn|[from] brn\n|upkeep\n|turn|3\n|\n|t:|1739736332\n|switch|p1b: Rillaboom|Rillaboom, L50, M|100\/100\n|-fieldstart|move: Grassy Terrain|[from] ability: Grassy Surge|[of] p1b: Rillaboom\n|move|p1a: Tornadus|Bleakwind Storm|p2b: Incineroar|[spread] p2b\n|-miss|p1a: Tornadus|p2a: Calyrex\n|-damage|p2b: Incineroar|48\/100\n|move|p2a: Calyrex|Draining Kiss|p1b: Rillaboom\n|-crit|p1b: Rillaboom\n|-damage|p1b: Rillaboom|31\/100\n|-heal|p2a: Calyrex|100\/100|[from] drain|[of] p1b: Rillaboom\n|move|p2b: Incineroar|Parting Shot|p1a: Tornadus\n|-unboost|p1a: Tornadus|atk|1\n|-unboost|p1a: Tornadus|spa|1\n|inactive|chin8 has 30 seconds left.\n|\n|t:|1739736361\n|switch|p2b: Tropius|Tropius, L50, F|100\/100|[from] Parting Shot\n|\n|-heal|p1b: Rillaboom|37\/100|[from] Grassy Terrain\n|upkeep\n|turn|4\n|\n|t:|1739736368\n|switch|p2b: Incineroar|Incineroar, L50, F|48\/100\n|-ability|p2b: Incineroar|Intimidate|boost\n|-unboost|p1a: Tornadus|atk|1\n|-unboost|p1b: Rillaboom|atk|1\n|move|p2a: Calyrex|Protect|p2a: Calyrex\n|-singleturn|p2a: Calyrex|Protect\n|move|p1a: Tornadus|Taunt|p2b: Incineroar\n|-hint|Since gen 7, Dark is immune to Prankster moves.\n|-immune|p2b: Incineroar\n|move|p1b: Rillaboom|Wood Hammer|p2a: Calyrex\n|-activate|p2a: Calyrex|move: Protect\n|\n|-heal|p1b: Rillaboom|43\/100|[from] Grassy Terrain\n|-heal|p2b: Incineroar|54\/100|[from] Grassy Terrain\n|upkeep\n|turn|5\n|\n|t:|1739736388\n|switch|p1b: Chien-Pao|Chien-Pao, L50|95\/100 brn\n|-ability|p1b: Chien-Pao|Sword of Ruin\n|move|p2b: Incineroar|Fake Out|p1b: Chien-Pao\n|-damage|p1b: Chien-Pao|76\/100 brn\n|move|p1a: Tornadus|Bleakwind Storm|p2b: Incineroar|[spread] p2a,p2b\n|-damage|p2a: Calyrex|92\/100\n|-damage|p2b: Incineroar|39\/100\n|move|p2a: Calyrex|Astral Barrage|p1a: Tornadus|[spread] p1a,p1b\n|-resisted|p1b: Chien-Pao\n|-damage|p1a: Tornadus|0 fnt\n|-damage|p1b: Chien-Pao|0 fnt\n|faint|p1a: Tornadus\n|faint|p1b: Chien-Pao\n|-ability|p2a: Calyrex|Grim Neigh|boost\n|-boost|p2a: Calyrex|spa|2\n|\n|-heal|p2a: Calyrex|98\/100|[from] Grassy Terrain\n|-heal|p2b: Incineroar|45\/100|[from] Grassy Terrain\n|-sideend|p1: Tempest Flute|move: Tailwind\n|upkeep\n|\n|t:|1739736394\n|switch|p1b: Rillaboom|Rillaboom, L50, M|43\/100\n|switch|p1a: Kyogre|Kyogre, L50, shiny|100\/100\n|-weather|RainDance|[from] ability: Drizzle|[of] p1a: Kyogre\n|turn|6\n|\n|t:|1739736404\n|switch|p2b: Tropius|Tropius, L50, F|100\/100\n|move|p2a: Calyrex|Protect|p2a: Calyrex\n|-singleturn|p2a: Calyrex|Protect\n|move|p1a: Kyogre|Water Spout|p2b: Tropius|[spread] p2b\n|-activate|p2a: Calyrex|move: Protect\n|-resisted|p2b: Tropius\n|-damage|p2b: Tropius|60\/100\n|move|p1b: Rillaboom|Wood Hammer|p2a: Calyrex\n|-activate|p2a: Calyrex|move: Protect\n|\n|-weather|RainDance|[upkeep]\n|-heal|p2a: Calyrex|100\/100|[from] Grassy Terrain\n|-heal|p1b: Rillaboom|49\/100|[from] Grassy Terrain\n|upkeep\n|turn|7\n|\n|t:|1739736412\n|switch|p2b: Incineroar|Incineroar, L50, F|45\/100\n|-ability|p2b: Incineroar|Intimidate|boost\n|-unboost|p1a: Kyogre|atk|1\n|-unboost|p1b: Rillaboom|atk|1\n|move|p1b: Rillaboom|Grassy Glide|p2a: Calyrex\n|-crit|p2a: Calyrex\n|-damage|p2a: Calyrex|49\/100\n|move|p2a: Calyrex|Astral Barrage|p1b: Rillaboom|[spread] p1a,p1b\n|-damage|p1a: Kyogre|0 fnt\n|-damage|p1b: Rillaboom|0 fnt\n|faint|p1a: Kyogre\n|faint|p1b: Rillaboom\n|\n|win|chin8\n|raw|Tempest Flute's rating: 1636 &rarr; <strong>1619<\/strong><br \/>(-17 for losing)\n|raw|chin8's rating: 1695 &rarr; <strong>1712<\/strong><br \/>(+17 for winning)\n|l|\u2606Tempest Flute\n|player|p1|\n|l|\u2606chin8\n|player|p2|\n|l| kiabu233\n|l| zach.fisher\n","uploadtime":1739736634,"views":5,"formatid":"gen9vgc2025regg","rating":1619,"private":0,"password":null}