{"id":"gen9vgc2025regg-2302261045","format":"[Gen 9] VGC 2025 Reg G","players":["Spottedwoot","Sarfy"],"log":"|j|\u2606Spottedwoot\n|j|\u2606Sarfy\n|t:|1739768020\n|gametype|doubles\n|player|p1|Spottedwoot|266|1723\n|player|p2|Sarfy|adaman|1695\n|teamsize|p1|6\n|teamsize|p2|6\n|gen|9\n|tier|[Gen 9] VGC 2025 Reg G\n|rated|\n|rule|Species Clause: Limit one of each Pok\u00e9mon\n|rule|Item Clause: Limit 1 of each item\n|clearpoke\n|poke|p1|Zamazenta-*, L50|\n|poke|p1|Chien-Pao, L50|\n|poke|p1|Entei, L50|\n|poke|p1|Raging Bolt, L50|\n|poke|p1|Rillaboom, L50, F|\n|poke|p1|Farigiraf, L50, M|\n|poke|p2|Zacian-*, L50|\n|poke|p2|Ditto, L50|\n|poke|p2|Gothitelle, L50, F|\n|poke|p2|Dragonite, L50, M|\n|poke|p2|Chien-Pao, L50|\n|poke|p2|Pelipper, L50, F|\n|teampreview|4\n|inactive|Battle timer is ON: inactive players will automatically lose when time's up. (requested by Spottedwoot)\n|j| mr pogostick\n|inactive|Sarfy has 60 seconds left.\n|inactive|Sarfy has 30 seconds left.\n|\n|t:|1739768103\n|start\n|switch|p1a: Entei|Entei, L50|100\/100\n|switch|p1b: Raging Bolt|Raging Bolt, L50|100\/100\n|switch|p2a: Pelipper|Pelipper, L50, F|100\/100\n|switch|p2b: Zacian|Zacian-Crowned, L50|100\/100\n|-ability|p2b: Zacian|Intrepid Sword|boost\n|-boost|p2b: Zacian|atk|1\n|-weather|RainDance|[from] ability: Drizzle|[of] p2a: Pelipper\n|-enditem|p1b: Raging Bolt|Booster Energy\n|-activate|p1b: Raging Bolt|ability: Protosynthesis|[fromitem]\n|-start|p1b: Raging Bolt|protosynthesisspa\n|turn|1\n|\n|t:|1739768123\n|-terastallize|p1b: Raging Bolt|Electric\n|move|p1b: Raging Bolt|Thunderclap||[still]\n|-fail|p1b: Raging Bolt\n|move|p2b: Zacian|Play Rough|p1b: Raging Bolt\n|-damage|p1b: Raging Bolt|33\/100\n|move|p1a: Entei|Sacred Fire|p2b: Zacian\n|-supereffective|p2b: Zacian\n|-damage|p2b: Zacian|43\/100\n|-status|p2b: Zacian|brn\n|-damage|p1a: Entei|91\/100|[from] item: Life Orb\n|move|p2a: Pelipper|Tailwind|p2a: Pelipper\n|-sidestart|p2: Sarfy|move: Tailwind\n|\n|-weather|RainDance|[upkeep]\n|-damage|p2b: Zacian|37\/100 brn|[from] brn\n|upkeep\n|turn|2\n|inactive|Sarfy has 30 seconds left.\n|inactive|Sarfy has 20 seconds left.\n|inactive|Sarfy has 15 seconds left.\n|inactive|Sarfy has 10 seconds left.\n|\n|t:|1739768171\n|move|p1b: Raging Bolt|Protect|p1b: Raging Bolt\n|-singleturn|p1b: Raging Bolt|Protect\n|move|p1a: Entei|Extreme Speed|p2a: Pelipper\n|-damage|p2a: Pelipper|53\/100\n|-damage|p1a: Entei|81\/100|[from] item: Life Orb\n|move|p2b: Zacian|Play Rough|p1b: Raging Bolt\n|-activate|p1b: Raging Bolt|move: Protect\n|move|p2a: Pelipper|Weather Ball|p1a: Entei\n|-supereffective|p1a: Entei\n|-damage|p1a: Entei|0 fnt\n|faint|p1a: Entei\n|\n|-weather|RainDance|[upkeep]\n|-damage|p2b: Zacian|31\/100 brn|[from] brn\n|upkeep\n|\n|t:|1739768182\n|switch|p1a: Chien-Pao|Chien-Pao, L50|100\/100\n|-ability|p1a: Chien-Pao|Sword of Ruin\n|turn|3\n|\n|t:|1739768192\n|move|p1a: Chien-Pao|Sucker Punch|p2a: Pelipper\n|-damage|p2a: Pelipper|0 fnt\n|faint|p2a: Pelipper\n|move|p1b: Raging Bolt|Thunderclap|p2b: Zacian\n|-damage|p2b: Zacian|0 fnt\n|faint|p2b: Zacian\n|\n|-weather|RainDance|[upkeep]\n|upkeep\n|\n|t:|1739768202\n|switch|p2b: Chien-Pao|Chien-Pao, L50|100\/100\n|switch|p2a: Ditto|Ditto, L50|100\/100\n|-ability|p2b: Chien-Pao|Sword of Ruin\n|-transform|p2a: Ditto|p1b: Raging Bolt|[from] ability: Imposter\n|-start|p2a: Ditto|typechange|Electric\/Dragon|[silent]\n|turn|4\n|\n|t:|1739768223\n|move|p2a: Ditto|Thunderclap|p1a: Chien-Pao\n|-damage|p1a: Chien-Pao|31\/100\n|move|p2b: Chien-Pao|Sacred Sword|p1a: Chien-Pao\n|-supereffective|p1a: Chien-Pao\n|-damage|p1a: Chien-Pao|0 fnt\n|faint|p1a: Chien-Pao\n|move|p1b: Raging Bolt|Dragon Pulse|p2a: Ditto\n|-supereffective|p2a: Ditto\n|-damage|p2a: Ditto|0 fnt\n|faint|p2a: Ditto\n|-end|p2a: Ditto|Protosynthesis|[silent]\n|\n|-weather|RainDance|[upkeep]\n|-sideend|p2: Sarfy|move: Tailwind\n|upkeep\n|\n|t:|1739768227\n|switch|p1a: Zamazenta|Zamazenta-Crowned, L50|100\/100\n|-ability|p1a: Zamazenta|Dauntless Shield|boost\n|-boost|p1a: Zamazenta|def|1\n|turn|5\n|inactive|Sarfy has 30 seconds left.\n|inactive|Sarfy has 20 seconds left.\n|inactive|Sarfy has 15 seconds left.\n|inactive|Sarfy has 10 seconds left.\n|\n|t:|1739768273\n|-terastallize|p2b: Chien-Pao|Ghost\n|move|p2b: Chien-Pao|Sucker Punch|p1b: Raging Bolt\n|-damage|p1b: Raging Bolt|0 fnt\n|faint|p1b: Raging Bolt\n|-end|p1b: Raging Bolt|Protosynthesis|[silent]\n|move|p1a: Zamazenta|Heavy Slam|p2b: Chien-Pao\n|-damage|p2b: Chien-Pao|34\/100\n|\n|-weather|none\n|upkeep\n|turn|6\n|\n|t:|1739768285\n|move|p1a: Zamazenta|Heavy Slam|p2b: Chien-Pao\n|-damage|p2b: Chien-Pao|0 fnt\n|faint|p2b: Chien-Pao\n|\n|win|Spottedwoot\n|raw|Spottedwoot's rating: 1723 &rarr; <strong>1741<\/strong><br \/>(+18 for winning)\n|raw|Sarfy's rating: 1695 &rarr; <strong>1677<\/strong><br \/>(-18 for losing)\n","uploadtime":1739768288,"views":63,"formatid":"gen9vgc2025regg","rating":1677,"private":0,"password":null}