{"id":"gen9vgc2025regg-2302458928","format":"[Gen 9] VGC 2025 Reg G","players":["twinleafturtle","ok3rd"],"log":"|j|\u2606twinleafturtle\n|j|\u2606ok3rd\n|t:|1739801937\n|gametype|doubles\n|player|p1|twinleafturtle|lucas|1577\n|player|p2|ok3rd|lillie-z|1630\n|teamsize|p1|6\n|teamsize|p2|6\n|gen|9\n|tier|[Gen 9] VGC 2025 Reg G\n|rated|\n|rule|Species Clause: Limit one of each Pok\u00e9mon\n|rule|Item Clause: Limit 1 of each item\n|clearpoke\n|poke|p1|Kyogre, L50|\n|poke|p1|Urshifu-*, L50, F|\n|poke|p1|Overqwil, L50, M|\n|poke|p1|Rillaboom, L50, F|\n|poke|p1|Incineroar, L50, M|\n|poke|p1|Bastiodon, L50, M|\n|poke|p2|Raging Bolt, L50|\n|poke|p2|Miraidon, L50|\n|poke|p2|Ogerpon-Hearthflame, L50, F|\n|poke|p2|Torkoal, L50, M|\n|poke|p2|Farigiraf, L50, F|\n|poke|p2|Ursaluna, L50, M|\n|teampreview|4\n|inactive|Battle timer is ON: inactive players will automatically lose when time's up. (requested by ok3rd)\n|\n|t:|1739801958\n|start\n|switch|p1a: Urshifu|Urshifu-Rapid-Strike, L50, F|100\/100\n|switch|p1b: Rillaboom|Rillaboom, L50, F|100\/100\n|switch|p2a: Miraidon|Miraidon, L50|100\/100\n|switch|p2b: Farigiraf|Farigiraf, L50, F|100\/100\n|-fieldstart|move: Electric Terrain|[from] ability: Hadron Engine|[of] p2a: Miraidon\n|-enditem|p2b: Farigiraf|Electric Seed\n|-boost|p2b: Farigiraf|def|1|[from] item: Electric Seed\n|-fieldstart|move: Grassy Terrain|[from] ability: Grassy Surge|[of] p1b: Rillaboom\n|turn|1\n|\n|t:|1739801982\n|move|p2b: Farigiraf|Helping Hand|p2a: Miraidon\n|-singleturn|p2a: Miraidon|Helping Hand|[of] p2b: Farigiraf\n|move|p1a: Urshifu|U-turn|p2b: Farigiraf\n|-supereffective|p2b: Farigiraf\n|-damage|p2b: Farigiraf|71\/100\n|\n|t:|1739801986\n|switch|p1a: Mr. BomBasTic|Bastiodon, L50, M|100\/100|[from] U-turn\n|-enditem|p1a: Mr. BomBasTic|Grassy Seed\n|-boost|p1a: Mr. BomBasTic|def|1|[from] item: Grassy Seed\n|move|p2a: Miraidon|Draco Meteor|p1b: Rillaboom\n|-damage|p1b: Rillaboom|0 fnt\n|-unboost|p2a: Miraidon|spa|2\n|faint|p1b: Rillaboom\n|\n|-heal|p2b: Farigiraf|78\/100|[from] Grassy Terrain\n|upkeep\n|\n|t:|1739801994\n|switch|p1b: Kyogre|Kyogre, L50|100\/100\n|-weather|RainDance|[from] ability: Drizzle|[of] p1b: Kyogre\n|turn|2\n|j| faceless_knigght\n|\n|t:|1739802004\n|move|p2b: Farigiraf|Helping Hand|p2a: Miraidon\n|-singleturn|p2a: Miraidon|Helping Hand|[of] p2b: Farigiraf\n|move|p2a: Miraidon|Draco Meteor|p1b: Kyogre\n|-damage|p1b: Kyogre|52\/100\n|-unboost|p2a: Miraidon|spa|2\n|move|p1b: Kyogre|Calm Mind|p1b: Kyogre\n|-boost|p1b: Kyogre|spa|1\n|-boost|p1b: Kyogre|spd|1\n|move|p1a: Mr. BomBasTic|Body Press|p2a: Miraidon\n|-damage|p2a: Miraidon|51\/100\n|\n|-weather|RainDance|[upkeep]\n|-heal|p2a: Miraidon|57\/100|[from] Grassy Terrain\n|-heal|p1b: Kyogre|58\/100|[from] Grassy Terrain\n|-heal|p1b: Kyogre|64\/100|[from] item: Leftovers\n|-heal|p2b: Farigiraf|84\/100|[from] Grassy Terrain\n|upkeep\n|turn|3\n|\n|t:|1739802014\n|switch|p2a: Torkoal|Torkoal, L50, M|100\/100\n|-weather|SunnyDay|[from] ability: Drought|[of] p2a: Torkoal\n|-item|p2a: Torkoal|Air Balloon\n|move|p1b: Kyogre|Origin Pulse|p2b: Farigiraf|[spread] p2a,p2b\n|-supereffective|p2a: Torkoal\n|-damage|p2a: Torkoal|19\/100\n|-damage|p2b: Farigiraf|53\/100\n|-enditem|p2a: Torkoal|Air Balloon\n|move|p1a: Mr. BomBasTic|Body Press|p2a: Torkoal\n|-damage|p2a: Torkoal|0 fnt\n|faint|p2a: Torkoal\n|move|p2b: Farigiraf|Trick Room|p2b: Farigiraf\n|-fieldstart|move: Trick Room|[of] p2b: Farigiraf\n|\n|-weather|SunnyDay|[upkeep]\n|-heal|p2b: Farigiraf|60\/100|[from] Grassy Terrain\n|-heal|p1b: Kyogre|70\/100|[from] Grassy Terrain\n|-heal|p1b: Kyogre|76\/100|[from] item: Leftovers\n|upkeep\n|\n|t:|1739802016\n|switch|p2a: Ursaluna|Ursaluna, L50, M|100\/100\n|turn|4\n|\n|t:|1739802031\n|-terastallize|p1a: Mr. BomBasTic|Fighting\n|move|p2a: Ursaluna|Protect|p2a: Ursaluna\n|-singleturn|p2a: Ursaluna|Protect\n|move|p1a: Mr. BomBasTic|Body Press|p2b: Farigiraf\n|-damage|p2b: Farigiraf|21\/100\n|move|p2b: Farigiraf|Psychic Noise|p1b: Kyogre\n|-damage|p1b: Kyogre|63\/100\n|-start|p1b: Kyogre|move: Heal Block\n|move|p1b: Kyogre|Ice Beam|p2a: Ursaluna\n|-activate|p2a: Ursaluna|move: Protect\n|\n|-weather|SunnyDay|[upkeep]\n|-heal|p2b: Farigiraf|27\/100|[from] Grassy Terrain\n|-status|p2a: Ursaluna|brn|[from] item: Flame Orb\n|upkeep\n|turn|5\n|\n|t:|1739802045\n|-terastallize|p2a: Ursaluna|Ghost\n|move|p1b: Kyogre|Protect|p1b: Kyogre\n|-singleturn|p1b: Kyogre|Protect\n|move|p1a: Mr. BomBasTic|Body Press|p2a: Ursaluna\n|-immune|p2a: Ursaluna\n|move|p2a: Ursaluna|Facade|p1b: Kyogre\n|-activate|p1b: Kyogre|move: Protect\n|move|p2b: Farigiraf|Psychic Noise|p1a: Mr. BomBasTic\n|-immune|p1a: Mr. BomBasTic|[from] ability: Soundproof\n|\n|-weather|SunnyDay|[upkeep]\n|-heal|p2b: Farigiraf|34\/100|[from] Grassy Terrain\n|-damage|p2a: Ursaluna|95\/100 brn|[from] brn\n|-end|p1b: Kyogre|move: Heal Block\n|-fieldend|move: Grassy Terrain\n|upkeep\n|turn|6\n|c|\u2606ok3rd|.....\n|\n|t:|1739802063\n|move|p1a: Mr. BomBasTic|Foul Play|p2a: Ursaluna\n|-supereffective|p2a: Ursaluna\n|-damage|p2a: Ursaluna|36\/100 brn\n|move|p2a: Ursaluna|Facade|p1b: Kyogre\n|-damage|p1b: Kyogre|0 fnt\n|faint|p1b: Kyogre\n|move|p2b: Farigiraf|Psychic Noise|p1a: Mr. BomBasTic\n|-immune|p1a: Mr. BomBasTic|[from] ability: Soundproof\n|\n|-weather|SunnyDay|[upkeep]\n|-damage|p2a: Ursaluna|30\/100 brn|[from] brn\n|upkeep\n|\n|t:|1739802071\n|switch|p1b: Urshifu|Urshifu-Rapid-Strike, L50, F|100\/100\n|turn|7\n|\n|t:|1739802078\n|move|p1a: Mr. BomBasTic|Foul Play|p2a: Ursaluna\n|-supereffective|p2a: Ursaluna\n|-damage|p2a: Ursaluna|0 fnt\n|faint|p2a: Ursaluna\n|move|p2b: Farigiraf|Foul Play|p1b: Urshifu\n|-resisted|p1b: Urshifu\n|-damage|p1b: Urshifu|83\/100\n|move|p1b: Urshifu|Close Combat|p2b: Farigiraf\n|-damage|p2b: Farigiraf|0 fnt\n|-unboost|p1b: Urshifu|def|1\n|-unboost|p1b: Urshifu|spd|1\n|faint|p2b: Farigiraf\n|\n|-weather|none\n|-fieldend|move: Trick Room\n|upkeep\n|\n|t:|1739802086\n|switch|p2a: Miraidon|Miraidon, L50|57\/100\n|-fieldstart|move: Electric Terrain|[from] ability: Hadron Engine|[of] p2a: Miraidon\n|turn|8\n|\n|t:|1739802091\n|move|p1b: Urshifu|Close Combat|p2a: Miraidon\n|-damage|p2a: Miraidon|0 fnt\n|-unboost|p1b: Urshifu|def|1\n|-unboost|p1b: Urshifu|spd|1\n|faint|p2a: Miraidon\n|\n|win|twinleafturtle\n|raw|twinleafturtle's rating: 1577 &rarr; <strong>1600<\/strong><br \/>(+23 for winning)\n|raw|ok3rd's rating: 1630 &rarr; <strong>1607<\/strong><br \/>(-23 for losing)\n|l|\u2606ok3rd\n|player|p2|\n|l|\u2606twinleafturtle\n|player|p1|\n|l| faceless_knigght\n","uploadtime":1739802251,"views":12,"formatid":"gen9vgc2025regg","rating":1600,"private":0,"password":null}