{"id":"gen9vgc2025regg-2302467371","format":"[Gen 9] VGC 2025 Reg G","players":["twinleafturtle","anduruila"],"log":"|j|\u2606twinleafturtle\n|j|\u2606anduruila\n|t:|1739802988\n|gametype|doubles\n|player|p1|twinleafturtle|lucas|1589\n|player|p2|anduruila|2|1573\n|teamsize|p1|6\n|teamsize|p2|6\n|gen|9\n|tier|[Gen 9] VGC 2025 Reg G\n|rated|\n|rule|Species Clause: Limit one of each Pok\u00e9mon\n|rule|Item Clause: Limit 1 of each item\n|clearpoke\n|poke|p1|Kyogre, L50|\n|poke|p1|Urshifu-*, L50, F|\n|poke|p1|Overqwil, L50, M|\n|poke|p1|Rillaboom, L50, M|\n|poke|p1|Incineroar, L50, F|\n|poke|p1|Bastiodon, L50, M|\n|poke|p2|Calyrex-Ice, L50|\n|poke|p2|Incineroar, L50, F|\n|poke|p2|Rillaboom, L50, M|\n|poke|p2|Raging Bolt, L50|\n|poke|p2|Pelipper, L50, F|\n|poke|p2|Urshifu-*, L50, F|\n|teampreview|4\n|inactive|Battle timer is ON: inactive players will automatically lose when time's up. (requested by anduruila)\nanduruila rejected open team sheets.\n|inactive|twinleafturtle has 60 seconds left.\n|\n|t:|1739803035\n|start\n|switch|p1a: Overqwil|Overqwil, L50, M|100\/100\n|switch|p1b: Incineroar|Incineroar, L50, F|100\/100\n|switch|p2a: Urshifu|Urshifu-Rapid-Strike, L50, F|100\/100\n|switch|p2b: Raging Bolt|Raging Bolt, L50|100\/100\n|-ability|p1b: Incineroar|Intimidate|boost\n|-unboost|p2a: Urshifu|atk|1\n|-unboost|p2b: Raging Bolt|atk|1\n|-enditem|p2b: Raging Bolt|Booster Energy\n|-activate|p2b: Raging Bolt|ability: Protosynthesis|[fromitem]\n|-start|p2b: Raging Bolt|protosynthesisspa\n|turn|1\n|inactive|anduruila has 30 seconds left.\n|inactive|anduruila has 20 seconds left.\n|\n|t:|1739803074\n|move|p1b: Incineroar|Fake Out|p2a: Urshifu\n|-damage|p2a: Urshifu|90\/100\n|cant|p2a: Urshifu|flinch\n|move|p1a: Overqwil|Toxic Spikes|p2b: Raging Bolt\n|-sidestart|p2: anduruila|move: Toxic Spikes\n|move|p2b: Raging Bolt|Thunderbolt|p1b: Incineroar\n|-damage|p1b: Incineroar|40\/100\n|\n|upkeep\n|turn|2\n|\n|t:|1739803090\n|move|p2a: Urshifu|Surging Strikes|p1a: Overqwil\n|-crit|p1a: Overqwil\n|-damage|p1a: Overqwil|77\/100\n|-crit|p1a: Overqwil\n|-damage|p1a: Overqwil|54\/100\n|-crit|p1a: Overqwil\n|-damage|p1a: Overqwil|31\/100\n|-hitcount|p1a: Overqwil|3\n|move|p1a: Overqwil|Gunk Shot|p2a: Urshifu\n|-damage|p2a: Urshifu|5\/100\n|-damage|p1a: Overqwil|22\/100|[from] item: Life Orb\n|move|p2b: Raging Bolt|Thunderbolt|p1b: Incineroar\n|-damage|p1b: Incineroar|0 fnt\n|faint|p1b: Incineroar\n|\n|upkeep\n|\n|t:|1739803102\n|switch|p1b: Kyogre|Kyogre, L50|100\/100\n|-weather|RainDance|[from] ability: Drizzle|[of] p1b: Kyogre\n|turn|3\n|j| Rabbihorn\n|inactive|twinleafturtle has 30 seconds left.\n|inactive|anduruila has 30 seconds left.\n|inactive|twinleafturtle has 20 seconds left.\n|inactive|twinleafturtle has 15 seconds left.\n|inactive|twinleafturtle has 10 seconds left.\n|\n|t:|1739803150\n|-terastallize|p1b: Kyogre|Grass\n|move|p2b: Raging Bolt|Thunderclap|p1a: Overqwil\n|-damage|p1a: Overqwil|0 fnt\n|faint|p1a: Overqwil\n|move|p2a: Urshifu|Surging Strikes|p1b: Kyogre\n|-resisted|p1b: Kyogre\n|-crit|p1b: Kyogre\n|-damage|p1b: Kyogre|86\/100\n|-resisted|p1b: Kyogre\n|-crit|p1b: Kyogre\n|-damage|p1b: Kyogre|72\/100\n|-resisted|p1b: Kyogre\n|-crit|p1b: Kyogre\n|-damage|p1b: Kyogre|57\/100\n|-hitcount|p1b: Kyogre|3\n|move|p1b: Kyogre|Ice Beam|p2a: Urshifu\n|-resisted|p2a: Urshifu\n|-damage|p2a: Urshifu|0 fnt\n|faint|p2a: Urshifu\n|\n|-weather|RainDance|[upkeep]\n|-heal|p1b: Kyogre|63\/100|[from] item: Leftovers\n|upkeep\n|\n|t:|1739803168\n|switch|p2a: Calyrex|Calyrex-Ice, L50|100\/100\n|switch|p1a: Mr. BomBasTic|Bastiodon, L50, M|100\/100\n|-ability|p2a: Calyrex|As One\n|-ability|p2a: Calyrex|Unnerve\n|-status|p2a: Calyrex|psn\n|turn|4\n|\n|t:|1739803188\n|-terastallize|p2a: Calyrex|Water\n|move|p1a: Mr. BomBasTic|Wide Guard|p1a: Mr. BomBasTic\n|-singleturn|p1a: Mr. BomBasTic|Wide Guard\n|move|p1b: Kyogre|Calm Mind|p1b: Kyogre\n|-boost|p1b: Kyogre|spa|1\n|-boost|p1b: Kyogre|spd|1\n|move|p2b: Raging Bolt|Thunderbolt|p1a: Mr. BomBasTic\n|-damage|p1a: Mr. BomBasTic|46\/100\n|move|p2a: Calyrex|Glacial Lance|p1a: Mr. BomBasTic|[spread] \n|-activate|p1a: Mr. BomBasTic|move: Wide Guard\n|-activate|p1b: Kyogre|move: Wide Guard\n|\n|-weather|RainDance|[upkeep]\n|-heal|p1b: Kyogre|69\/100|[from] item: Leftovers\n|-damage|p2a: Calyrex|88\/100 psn|[from] psn\n|upkeep\n|turn|5\n|\n|t:|1739803205\n|move|p1a: Mr. BomBasTic|Wide Guard|p1a: Mr. BomBasTic\n|-singleturn|p1a: Mr. BomBasTic|Wide Guard\n|move|p1b: Kyogre|Ice Beam|p2b: Raging Bolt\n|-supereffective|p2b: Raging Bolt\n|-damage|p2b: Raging Bolt|21\/100\n|move|p2b: Raging Bolt|Thunderbolt|p1a: Mr. BomBasTic\n|-damage|p1a: Mr. BomBasTic|0 fnt\n|faint|p1a: Mr. BomBasTic\n|move|p2a: Calyrex|Glacial Lance|p1b: Kyogre\n|-activate|p1b: Kyogre|move: Wide Guard\n|\n|-weather|RainDance|[upkeep]\n|-heal|p1b: Kyogre|75\/100|[from] item: Leftovers\n|-damage|p2a: Calyrex|76\/100 psn|[from] psn\n|upkeep\n|turn|6\n|-message|twinleafturtle forfeited.\n|\n|win|anduruila\n|raw|twinleafturtle's rating: 1589 &rarr; <strong>1568<\/strong><br \/>(-21 for losing)\n|raw|anduruila's rating: 1573 &rarr; <strong>1594<\/strong><br \/>(+21 for winning)\n|l|\u2606twinleafturtle\n|player|p1|\n|l|\u2606anduruila\n|player|p2|\n","uploadtime":1739803481,"views":5,"formatid":"gen9vgc2025regg","rating":1568,"private":0,"password":null}