{"id":"gen9vgc2025regg-2302953863","format":"[Gen 9] VGC 2025 Reg G","players":["pig duck eater","Read Book"],"log":"|j|\u2606pig duck eater\n|j|\u2606Read Book\n|t:|1739862982\n|gametype|doubles\n|player|p1|pig duck eater|2|1680\n|player|p2|Read Book|102|1582\n|teamsize|p1|6\n|teamsize|p2|6\n|gen|9\n|tier|[Gen 9] VGC 2025 Reg G\n|rated|\n|rule|Species Clause: Limit one of each Pok\u00e9mon\n|rule|Item Clause: Limit 1 of each item\n|clearpoke\n|poke|p1|Koraidon, L50|\n|poke|p1|Iron Crown, L50|\n|poke|p1|Indeedee-F, L50, F|\n|poke|p1|Garganacl, L50, M|\n|poke|p1|Wo-Chien, L50|\n|poke|p1|Walking Wake, L50|\n|poke|p2|Incineroar, L50, F|\n|poke|p2|Tornadus, L50, M|\n|poke|p2|Calyrex-Shadow, L50|\n|poke|p2|Urshifu-*, L50, F|\n|poke|p2|Clefairy, L50, F|\n|poke|p2|Rillaboom, L50, F|\n|teampreview|4\n|inactive|Battle timer is ON: inactive players will automatically lose when time's up. (requested by Read Book)\n|inactive|pig duck eater has 60 seconds left.\n|inactive|pig duck eater has 30 seconds left.\n|inactive|pig duck eater has 20 seconds left.\n|inactive|pig duck eater has 15 seconds left.\n|inactive|pig duck eater has 10 seconds left.\n|inactive|pig duck eater has 5 seconds left.\n|\n|t:|1739863077\n|start\n|switch|p1a: Koraidon|Koraidon, L50|100\/100\n|switch|p1b: Indeedee|Indeedee-F, L50, F|100\/100\n|switch|p2a: Clefairy|Clefairy, L50, F|100\/100\n|switch|p2b: Calyrex|Calyrex-Shadow, L50|100\/100\n|-ability|p2b: Calyrex|As One\n|-ability|p2b: Calyrex|Unnerve\n|-weather|SunnyDay|[from] ability: Orichalcum Pulse|[of] p1a: Koraidon\n|-activate|p1a: Koraidon|Orichalcum Pulse|[source]\n|-fieldstart|move: Psychic Terrain|[from] ability: Psychic Surge|[of] p1b: Indeedee\n|-enditem|p1b: Indeedee|Psychic Seed\n|-boost|p1b: Indeedee|spd|1|[from] item: Psychic Seed\n|turn|1\n|\n|t:|1739863090\n|-terastallize|p1a: Koraidon|Fire\n|move|p2a: Clefairy|Follow Me|p2a: Clefairy\n|-singleturn|p2a: Clefairy|move: Follow Me\n|move|p1a: Koraidon|Flare Blitz|p2a: Clefairy\n|-damage|p2a: Clefairy|3\/100\n|-damage|p1a: Koraidon|69\/100|[from] Recoil\n|move|p2b: Calyrex|Calm Mind|p2b: Calyrex\n|-boost|p2b: Calyrex|spa|1\n|-boost|p2b: Calyrex|spd|1\n|move|p1b: Indeedee|Baton Pass|p1b: Indeedee\n|\n|t:|1739863102\n|switch|p1b: Wo-Chien|Wo-Chien, L50|100\/100|[from] Baton Pass\n|-ability|p1b: Wo-Chien|Tablets of Ruin\n|\n|-weather|SunnyDay|[upkeep]\n|upkeep\n|turn|2\n|\n|t:|1739863115\n|switch|p1a: Indeedee|Indeedee-F, L50, F|100\/100\n|-terastallize|p2b: Calyrex|Fairy\n|move|p2a: Clefairy|Follow Me|p2a: Clefairy\n|-singleturn|p2a: Clefairy|move: Follow Me\n|move|p2b: Calyrex|Astral Barrage|p1a: Indeedee|[spread] p1b\n|-immune|p1a: Indeedee\n|-resisted|p1b: Wo-Chien\n|-damage|p1b: Wo-Chien|89\/100\n|move|p1b: Wo-Chien|Snarl|p2b: Calyrex|[spread] p2a,p2b\n|-resisted|p2a: Clefairy\n|-resisted|p2b: Calyrex\n|-damage|p2a: Clefairy|0 fnt\n|-damage|p2b: Calyrex|97\/100\n|faint|p2a: Clefairy\n|\n|-weather|SunnyDay|[upkeep]\n|upkeep\n|\n|t:|1739863129\n|switch|p2a: Rillaboom|Rillaboom, L50, F|100\/100\n|-fieldstart|move: Grassy Terrain|[from] ability: Grassy Surge|[of] p2a: Rillaboom\n|turn|3\n|\n|t:|1739863144\n|move|p2a: Rillaboom|Fake Out|p1b: Wo-Chien\n|-damage|p1b: Wo-Chien|81\/100\n|move|p2b: Calyrex|Calm Mind|p2b: Calyrex\n|-boost|p2b: Calyrex|spa|1\n|-boost|p2b: Calyrex|spd|1\n|move|p1a: Indeedee|Baton Pass|p1a: Indeedee\n|\n|t:|1739863154\n|switch|p1a: Koraidon|Koraidon, L50, tera:Fire|69\/100|[from] Baton Pass\n|-activate|p1a: Koraidon|ability: Orichalcum Pulse\n|cant|p1b: Wo-Chien|flinch\n|\n|-weather|SunnyDay|[upkeep]\n|-heal|p1a: Koraidon|75\/100|[from] Grassy Terrain\n|-heal|p2b: Calyrex|100\/100|[from] Grassy Terrain\n|-heal|p1b: Wo-Chien|87\/100|[from] Grassy Terrain\n|upkeep\n|turn|4\n|\n|t:|1739863177\n|move|p2b: Calyrex|Protect|p2b: Calyrex\n|-singleturn|p2b: Calyrex|Protect\n|move|p1a: Koraidon|U-turn|p2a: Rillaboom\n|-supereffective|p2a: Rillaboom\n|-damage|p2a: Rillaboom|50\/100\n|\n|t:|1739863187\n|switch|p1a: Iron Crown|Iron Crown, L50|100\/100|[from] U-turn\n|-enditem|p1a: Iron Crown|Booster Energy\n|-activate|p1a: Iron Crown|ability: Quark Drive|[fromitem]\n|-start|p1a: Iron Crown|quarkdrivedef\n|move|p2a: Rillaboom|U-turn|p1b: Wo-Chien\n|-supereffective|p1b: Wo-Chien\n|-damage|p1b: Wo-Chien|33\/100\n|\n|t:|1739863195\n|switch|p2a: Tornadus|Tornadus, L50, M|100\/100|[from] U-turn\n|move|p1b: Wo-Chien|Foul Play|p2a: Tornadus\n|-damage|p2a: Tornadus|73\/100\n|\n|-weather|SunnyDay|[upkeep]\n|-heal|p1b: Wo-Chien|40\/100|[from] Grassy Terrain\n|upkeep\n|turn|5\n|inactive|pig duck eater has 30 seconds left.\n|\n|t:|1739863227\n|switch|p1b: Indeedee|Indeedee-F, L50, F|100\/100\n|-fieldstart|move: Psychic Terrain|[from] ability: Psychic Surge|[of] p1b: Indeedee\n|move|p1a: Iron Crown|Protect|p1a: Iron Crown\n|-singleturn|p1a: Iron Crown|Protect\n|move|p2b: Calyrex|Astral Barrage|p1b: Indeedee|[spread] \n|-activate|p1a: Iron Crown|move: Protect\n|-immune|p1b: Indeedee\n|move|p2a: Tornadus|Bleakwind Storm|p1a: Iron Crown|[spread] p1b\n|-activate|p1a: Iron Crown|move: Protect\n|-damage|p1b: Indeedee|66\/100\n|\n|-weather|none\n|upkeep\n|turn|6\n|\n|t:|1739863241\n|move|p2b: Calyrex|Astral Barrage|p1b: Indeedee|[spread] p1a\n|-immune|p1b: Indeedee\n|-supereffective|p1a: Iron Crown\n|-damage|p1a: Iron Crown|0 fnt\n|faint|p1a: Iron Crown\n|-end|p1a: Iron Crown|Quark Drive|[silent]\n|-ability|p2b: Calyrex|Grim Neigh|boost\n|-boost|p2b: Calyrex|spa|1\n|move|p2a: Tornadus|Bleakwind Storm|p1b: Indeedee|[miss]\n|-miss|p2a: Tornadus|p1b: Indeedee\n|move|p1b: Indeedee|Trick Room|p1b: Indeedee\n|-fieldstart|move: Trick Room|[of] p1b: Indeedee\n|\n|upkeep\n|-message|pig duck eater forfeited.\n|\n|win|Read Book\n|raw|pig duck eater's rating: 1680 &rarr; <strong>1655<\/strong><br \/>(-25 for losing)\n|raw|Read Book's rating: 1582 &rarr; <strong>1607<\/strong><br \/>(+25 for winning)\n|l|\u2606pig duck eater\n|player|p1|\n|l|\u2606Read Book\n|player|p2|\n","uploadtime":1739863431,"views":7,"formatid":"gen9vgc2025regg","rating":1607,"private":0,"password":null}