{"id":"gen9vgc2025regg-2302059499","format":"[Gen 9] VGC 2025 Reg G","players":["ren122333","Benjojos"],"log":"|j|\u2606ren122333\n|j|\u2606Benjojos\n|t:|1739741915\n|gametype|doubles\n|player|p1|ren122333|hilbert|1569\n|player|p2|Benjojos|depotagent|1655\n|teamsize|p1|6\n|teamsize|p2|6\n|gen|9\n|tier|[Gen 9] VGC 2025 Reg G\n|rated|\n|rule|Species Clause: Limit one of each Pok\u00e9mon\n|rule|Item Clause: Limit 1 of each item\n|clearpoke\n|poke|p1|Landorus, L50, M|\n|poke|p1|Dondozo, L50, M|\n|poke|p1|Tatsugiri, L50, F|\n|poke|p1|Kyurem-White, L50|\n|poke|p1|Ninetales-Alola, L50, F|\n|poke|p1|Tornadus, L50, M|\n|poke|p2|Rhydon, L50, F|\n|poke|p2|Lunala, L50|\n|poke|p2|Ogerpon-Cornerstone, L50, F|\n|poke|p2|Zapdos-Galar, L50|\n|poke|p2|Chi-Yu, L50|\n|poke|p2|Lapras, L50, F|\n|teampreview|4\n|inactive|Battle timer is ON: inactive players will automatically lose when time's up. (requested by ren122333)\n|inactive|Benjojos has 60 seconds left.\n|\n|t:|1739741950\n|start\n|switch|p1a: Tornadus|Tornadus, L50, M|100\/100\n|switch|p1b: Ninetales|Ninetales-Alola, L50, F|100\/100\n|switch|p2a: Chi-Yu|Chi-Yu, L50|100\/100\n|switch|p2b: Lunala|Lunala, L50|100\/100\n|-ability|p2a: Chi-Yu|Beads of Ruin\n|-weather|Snow|[from] ability: Snow Warning|[of] p1b: Ninetales\n|turn|1\n|\n|t:|1739741974\n|move|p1a: Tornadus|Tailwind|p1a: Tornadus\n|-sidestart|p1: ren122333|move: Tailwind\n|move|p1b: Ninetales|Aurora Veil|p1b: Ninetales\n|-sidestart|p1: ren122333|move: Aurora Veil\n|move|p2a: Chi-Yu|Heat Wave|p1a: Tornadus|[spread] p1a,p1b\n|-supereffective|p1b: Ninetales\n|-crit|p1b: Ninetales\n|-damage|p1a: Tornadus|63\/100\n|-damage|p1b: Ninetales|0 fnt\n|faint|p1b: Ninetales\n|move|p2b: Lunala|Trick Room|p2b: Lunala\n|-fieldstart|move: Trick Room|[of] p2b: Lunala\n|\n|-weather|Snow|[upkeep]\n|upkeep\n|\n|t:|1739741989\n|switch|p1b: Kyurem|Kyurem-White, L50|100\/100\n|-ability|p1b: Kyurem|Turboblaze\n|turn|2\n|\n|t:|1739742008\n|switch|p2a: Rhydon|Rhydon, L50, F|100\/100\n|move|p2b: Lunala|Wide Guard|p2b: Lunala\n|-singleturn|p2b: Lunala|Wide Guard\n|move|p1b: Kyurem|Blizzard|p2b: Lunala|[spread] \n|-activate|p2a: Rhydon|move: Wide Guard\n|-activate|p2b: Lunala|move: Wide Guard\n|move|p1a: Tornadus|Bleakwind Storm|p2a: Rhydon|[spread] \n|-activate|p2a: Rhydon|move: Wide Guard\n|-activate|p2b: Lunala|move: Wide Guard\n|\n|-weather|Snow|[upkeep]\n|upkeep\n|turn|3\n|\n|t:|1739742032\n|move|p2b: Lunala|Wide Guard|p2b: Lunala\n|-singleturn|p2b: Lunala|Wide Guard\n|move|p2a: Rhydon|Swords Dance|p2a: Rhydon\n|-boost|p2a: Rhydon|atk|2\n|move|p1b: Kyurem|Blizzard|p2a: Rhydon|[spread] \n|-activate|p2a: Rhydon|move: Wide Guard\n|-activate|p2b: Lunala|move: Wide Guard\n|move|p1a: Tornadus|Bleakwind Storm|p2a: Rhydon|[spread] \n|-activate|p2a: Rhydon|move: Wide Guard\n|-activate|p2b: Lunala|move: Wide Guard\n|\n|-weather|Snow|[upkeep]\n|upkeep\n|turn|4\n|\n|t:|1739742051\n|switch|p1b: Landorus|Landorus, L50, M|100\/100\n|move|p2b: Lunala|Wide Guard|p2b: Lunala\n|-singleturn|p2b: Lunala|Wide Guard\n|move|p1a: Tornadus|Taunt|p2b: Lunala\n|-start|p2b: Lunala|move: Taunt\n|move|p2a: Rhydon|Rock Slide|p1b: Landorus|[spread] p1a,p1b\n|-supereffective|p1a: Tornadus\n|-damage|p1a: Tornadus|0 fnt\n|-damage|p1b: Landorus|58\/100\n|faint|p1a: Tornadus\n|\n|-weather|Snow|[upkeep]\n|-sideend|p1: ren122333|move: Tailwind\n|upkeep\n|\n|t:|1739742058\n|switch|p1a: Kyurem|Kyurem-White, L50|100\/100\n|-ability|p1a: Kyurem|Turboblaze\n|turn|5\n|\n|t:|1739742068\n|switch|p2b: Lapras|Lapras, L50, F, shiny|100\/100\n|move|p2a: Rhydon|Rock Slide|p1a: Kyurem|[spread] p1a,p1b\n|-supereffective|p1a: Kyurem\n|-damage|p1a: Kyurem|60\/100\n|-damage|p1b: Landorus|17\/100\n|cant|p1a: Kyurem|flinch\n|move|p1b: Landorus|Sandsear Storm|p2a: Rhydon|[spread] p2a,p2b\n|-supereffective|p2a: Rhydon\n|-damage|p2a: Rhydon|15\/100\n|-damage|p2b: Lapras|54\/100\n|\n|-weather|none\n|-fieldend|move: Trick Room\n|upkeep\n|turn|6\n|\n|t:|1739742082\n|move|p2b: Lapras|Protect|p2b: Lapras\n|-singleturn|p2b: Lapras|Protect\n|move|p2a: Rhydon|Protect|p2a: Rhydon\n|-singleturn|p2a: Rhydon|Protect\n|move|p1b: Landorus|Sandsear Storm|p2a: Rhydon|[spread] \n|-activate|p2a: Rhydon|move: Protect\n|-activate|p2b: Lapras|move: Protect\n|move|p1a: Kyurem|Freeze-Dry|p2b: Lapras\n|-activate|p2b: Lapras|move: Protect\n|\n|upkeep\n|turn|7\n|\n|t:|1739742100\n|move|p1b: Landorus|Sandsear Storm|p2b: Lapras|[spread] p2a,p2b\n|-supereffective|p2a: Rhydon\n|-damage|p2a: Rhydon|0 fnt\n|-damage|p2b: Lapras|4\/100\n|-enditem|p2b: Lapras|Sitrus Berry|[eat]\n|-heal|p2b: Lapras|29\/100|[from] item: Sitrus Berry\n|faint|p2a: Rhydon\n|move|p1a: Kyurem|Freeze-Dry|p2b: Lapras\n|-damage|p2b: Lapras|0 fnt\n|faint|p2b: Lapras\n|\n|upkeep\n|\n|t:|1739742110\n|switch|p2b: Lunala|Lunala, L50|100\/100\n|switch|p2a: Chi-Yu|Chi-Yu, L50|100\/100\n|-ability|p2a: Chi-Yu|Beads of Ruin\n|turn|8\n|\n|t:|1739742124\n|-terastallize|p1a: Kyurem|Fire\n|move|p2b: Lunala|Wide Guard|p2b: Lunala\n|-singleturn|p2b: Lunala|Wide Guard\n|move|p2a: Chi-Yu|Heat Wave|p1a: Kyurem|[spread] p1a\n|-miss|p2a: Chi-Yu|p1b: Landorus\n|-resisted|p1a: Kyurem\n|-damage|p1a: Kyurem|52\/100\n|move|p1b: Landorus|Earth Power|p2b: Lunala\n|-damage|p2b: Lunala|67\/100\n|move|p1a: Kyurem|Earth Power|p2a: Chi-Yu\n|-supereffective|p2a: Chi-Yu\n|-damage|p2a: Chi-Yu|18\/100\n|\n|-heal|p2b: Lunala|73\/100|[from] item: Leftovers\n|-sideend|p1: ren122333|move: Aurora Veil\n|upkeep\n|turn|9\n|\n|t:|1739742144\n|move|p2a: Chi-Yu|Heat Wave|p1b: Landorus|[spread] p1a,p1b\n|-resisted|p1a: Kyurem\n|-damage|p1a: Kyurem|39\/100\n|-damage|p1b: Landorus|0 fnt\n|faint|p1b: Landorus\n|move|p2b: Lunala|Moongeist Beam|p1a: Kyurem\n|-damage|p1a: Kyurem|0 fnt\n|faint|p1a: Kyurem\n|\n|win|Benjojos\n|raw|ren122333's rating: 1569 &rarr; <strong>1554<\/strong><br \/>(-15 for losing)\n|raw|Benjojos's rating: 1655 &rarr; <strong>1670<\/strong><br \/>(+15 for winning)\n|l|\u2606ren122333\n|player|p1|\n|l|\u2606Benjojos\n|player|p2|\n","uploadtime":1739742357,"views":22,"formatid":"gen9vgc2025regg","rating":1554,"private":0,"password":null}