{"id":"gen9vgc2025regg-2302913354","format":"[Gen 9] VGC 2025 Reg G","players":["Jadenhess","Zakmancho"],"log":"|j|\u2606Jadenhess\n|j|\u2606Zakmancho\n|t:|1739855189\n|gametype|doubles\n|player|p1|Jadenhess|170|1579\n|player|p2|Zakmancho|170|1605\n|teamsize|p1|6\n|teamsize|p2|6\n|gen|9\n|tier|[Gen 9] VGC 2025 Reg G\n|rated|\n|rule|Species Clause: Limit one of each Pok\u00e9mon\n|rule|Item Clause: Limit 1 of each item\n|clearpoke\n|poke|p1|Kyogre, L50|\n|poke|p1|Moltres-Galar, L50|\n|poke|p1|Landorus, L50, M|\n|poke|p1|Tsareena, L50, F|\n|poke|p1|Tornadus, L50, M|\n|poke|p1|Zapdos, L50|\n|poke|p2|Koraidon, L50|\n|poke|p2|Chi-Yu, L50|\n|poke|p2|Flutter Mane, L50|\n|poke|p2|Ogerpon-Cornerstone, L50, F|\n|poke|p2|Raging Bolt, L50|\n|poke|p2|Whimsicott, L50, M|\n|teampreview|4\n|inactive|Battle timer is ON: inactive players will automatically lose when time's up. (requested by Zakmancho)\n|inactive|Jadenhess also wants the timer to be on.\n|inactive|Jadenhess has 60 seconds left.\n|\n|t:|1739855232\n|start\n|switch|p1a: Kyogre|Kyogre, L50|100\/100\n|switch|p1b: Tornadus|Tornadus, L50, M|100\/100\n|switch|p2a: Whimsicott|Whimsicott, L50, M|100\/100\n|switch|p2b: Ogerpon|Ogerpon-Cornerstone, L50, F|100\/100\n|-weather|RainDance|[from] ability: Drizzle|[of] p1a: Kyogre\n|turn|1\n|\n|t:|1739855244\n|switch|p1a: Moltres|Moltres-Galar, L50|100\/100\n|move|p2a: Whimsicott|Tailwind|p2a: Whimsicott\n|-sidestart|p2: Zakmancho|move: Tailwind\n|move|p2b: Ogerpon|Ivy Cudgel|p1b: Tornadus|[anim] Ivy Cudgel Rock\n|-supereffective|p1b: Tornadus\n|-enditem|p1b: Tornadus|Focus Sash\n|-damage|p1b: Tornadus|1\/100\n|move|p1b: Tornadus|Bleakwind Storm|p2a: Whimsicott|[spread] p2a,p2b\n|-supereffective|p2a: Whimsicott\n|-enditem|p2a: Whimsicott|Focus Sash\n|-damage|p2a: Whimsicott|1\/100\n|-damage|p2b: Ogerpon|53\/100\n|-unboost|p2a: Whimsicott|spe|1\n|-unboost|p2b: Ogerpon|spe|1\n|\n|-weather|RainDance|[upkeep]\n|upkeep\n|turn|2\n|inactive|Zakmancho has 30 seconds left.\n|inactive|Zakmancho has 20 seconds left.\n|inactive|Zakmancho has 15 seconds left.\n|\n|t:|1739855287\n|move|p2a: Whimsicott|Encore|p1b: Tornadus\n|-start|p1b: Tornadus|Encore\n|move|p1b: Tornadus|Bleakwind Storm|p2b: Ogerpon|[spread] p2a,p2b\n|-supereffective|p2a: Whimsicott\n|-damage|p2a: Whimsicott|0 fnt\n|-damage|p2b: Ogerpon|9\/100\n|faint|p2a: Whimsicott\n|move|p2b: Ogerpon|Ivy Cudgel|p1a: Moltres|[anim] Ivy Cudgel Rock\n|-supereffective|p1a: Moltres\n|-damage|p1a: Moltres|0 fnt\n|faint|p1a: Moltres\n|\n|-weather|RainDance|[upkeep]\n|upkeep\n|\n|t:|1739855309\n|switch|p2a: Raging Bolt|Raging Bolt, L50|100\/100\n|switch|p1a: Kyogre|Kyogre, L50|100\/100\n|turn|3\n|inactive|Zakmancho has 30 seconds left.\n|inactive|Zakmancho has 20 seconds left.\n|\n|t:|1739855345\n|switch|p1a: Landorus|Landorus, L50, M|100\/100\n|move|p2b: Ogerpon|Horn Leech|p1a: Landorus\n|-damage|p1a: Landorus|50\/100\n|-heal|p2b: Ogerpon|35\/100|[from] drain|[of] p1a: Landorus\n|move|p2a: Raging Bolt|Electroweb|p1b: Tornadus|[spread] p1b\n|-immune|p1a: Landorus\n|-supereffective|p1b: Tornadus\n|-damage|p1b: Tornadus|0 fnt\n|faint|p1b: Tornadus\n|\n|-weather|RainDance|[upkeep]\n|upkeep\n|\n|t:|1739855355\n|switch|p1b: Kyogre|Kyogre, L50|100\/100\n|turn|4\n|\n|t:|1739855370\n|-terastallize|p1b: Kyogre|Water\n|move|p1a: Landorus|Protect|p1a: Landorus\n|-singleturn|p1a: Landorus|Protect\n|move|p2b: Ogerpon|Ivy Cudgel|p1a: Landorus|[anim] Ivy Cudgel Rock\n|-activate|p1a: Landorus|move: Protect\n|move|p1b: Kyogre|Water Spout|p2b: Ogerpon|[spread] p2a,p2b\n|-resisted|p2a: Raging Bolt\n|-damage|p2a: Raging Bolt|65\/100\n|-damage|p2b: Ogerpon|0 fnt\n|faint|p2b: Ogerpon\n|move|p2a: Raging Bolt|Thunderbolt|p1b: Kyogre\n|-supereffective|p1b: Kyogre\n|-damage|p1b: Kyogre|31\/100\n|\n|-weather|RainDance|[upkeep]\n|-sideend|p2: Zakmancho|move: Tailwind\n|upkeep\n|\n|t:|1739855384\n|switch|p2b: Koraidon|Koraidon, L50|100\/100\n|-weather|SunnyDay|[from] ability: Orichalcum Pulse|[of] p2b: Koraidon\n|-activate|p2a: Raging Bolt|ability: Protosynthesis\n|-start|p2a: Raging Bolt|protosynthesisspa\n|-activate|p2b: Koraidon|Orichalcum Pulse|[source]\n|turn|5\n|\n|t:|1739855401\n|move|p2a: Raging Bolt|Thunderclap|p1b: Kyogre\n|-supereffective|p1b: Kyogre\n|-damage|p1b: Kyogre|0 fnt\n|faint|p1b: Kyogre\n|move|p2b: Koraidon|Flare Blitz|p1a: Landorus\n|-damage|p1a: Landorus|0 fnt\n|faint|p1a: Landorus\n|-damage|p2b: Koraidon|85\/100|[from] Recoil\n|\n|win|Zakmancho\n|raw|Jadenhess's rating: 1579 &rarr; <strong>1560<\/strong><br \/>(-19 for losing)\n|raw|Zakmancho's rating: 1605 &rarr; <strong>1624<\/strong><br \/>(+19 for winning)\n|l|\u2606Zakmancho\n|player|p2|\n|l|\u2606Jadenhess\n|player|p1|\n","uploadtime":1739855636,"views":5,"formatid":"gen9vgc2025regg","rating":1560,"private":0,"password":null}