{"id":"gen9vgc2025regg-2302243898","format":"[Gen 9] VGC 2025 Reg G","players":["leolc0926","roykeenkennedy"],"log":"|j|\u2606leolc0926\n|j|\u2606roykeenkennedy\n|t:|1739765355\n|gametype|doubles\n|player|p1|leolc0926|steven|1554\n|player|p2|roykeenkennedy|alder|1581\n|teamsize|p1|6\n|teamsize|p2|6\n|gen|9\n|tier|[Gen 9] VGC 2025 Reg G\n|rated|\n|rule|Species Clause: Limit one of each Pok\u00e9mon\n|rule|Item Clause: Limit 1 of each item\n|clearpoke\n|poke|p1|Flutter Mane, L50|\n|poke|p1|Torkoal, L50, M|\n|poke|p1|Calyrex-Ice, L50|\n|poke|p1|Ogerpon-Cornerstone, L50, F|\n|poke|p1|Urshifu-*, L50, M|\n|poke|p1|Farigiraf, L50, F|\n|poke|p2|Raging Bolt, L50|\n|poke|p2|Incineroar, L50, M|\n|poke|p2|Ogerpon-Cornerstone, L50, F|\n|poke|p2|Annihilape, L50, M|\n|poke|p2|Calyrex-Ice, L50|\n|poke|p2|Amoonguss, L50, M|\n|teampreview|4\nleolc0926 has agreed to open team sheets.\n|inactive|Battle timer is ON: inactive players will automatically lose when time's up. (requested by leolc0926)\n|\n|t:|1739765398\n|start\n|switch|p1a: Ogerpon|Ogerpon-Cornerstone, L50, F|100\/100\n|switch|p1b: \u30d0\u30c9\u30ec\u30c3\u30af\u30b9|Calyrex-Ice, L50|100\/100\n|switch|p2a: Calyrex|Calyrex-Ice, L50|100\/100\n|switch|p2b: Annihilape|Annihilape, L50, M|100\/100\n|-ability|p2a: Calyrex|As One\n|-ability|p2a: Calyrex|Unnerve\n|-ability|p1b: \u30d0\u30c9\u30ec\u30c3\u30af\u30b9|As One\n|-ability|p1b: \u30d0\u30c9\u30ec\u30c3\u30af\u30b9|Unnerve\n|turn|1\n|\n|t:|1739765422\n|-terastallize|p2a: Calyrex|Water\n|move|p2b: Annihilape|Coaching|p2a: Calyrex\n|-boost|p2a: Calyrex|atk|1\n|-boost|p2a: Calyrex|def|1\n|move|p1a: Ogerpon|Power Whip|p2b: Annihilape\n|-damage|p2b: Annihilape|27\/100\n|move|p2a: Calyrex|Glacial Lance|p1b: \u30d0\u30c9\u30ec\u30c3\u30af\u30b9|[spread] p1a,p1b\n|-supereffective|p1a: Ogerpon\n|-resisted|p1b: \u30d0\u30c9\u30ec\u30c3\u30af\u30b9\n|-ability|p1a: Ogerpon|Sturdy\n|-damage|p1a: Ogerpon|1\/100\n|-damage|p1b: \u30d0\u30c9\u30ec\u30c3\u30af\u30b9|73\/100\n|move|p1b: \u30d0\u30c9\u30ec\u30c3\u30af\u30b9|Glacial Lance|p2b: Annihilape|[spread] p2a,p2b\n|-resisted|p2a: Calyrex\n|-damage|p2a: Calyrex|90\/100\n|-damage|p2b: Annihilape|0 fnt\n|faint|p2b: Annihilape\n|-ability|p1b: \u30d0\u30c9\u30ec\u30c3\u30af\u30b9|Chilling Neigh|boost\n|-boost|p1b: \u30d0\u30c9\u30ec\u30c3\u30af\u30b9|atk|1\n|\n|upkeep\n|\n|t:|1739765443\n|switch|p2b: Incineroar|Incineroar, L50, M|100\/100\n|-ability|p2b: Incineroar|Intimidate|boost\n|-unboost|p1a: Ogerpon|atk|1\n|-fail|p1b: \u30d0\u30c9\u30ec\u30c3\u30af\u30b9|unboost|[from] item: Clear Amulet|[of] p1b: \u30d0\u30c9\u30ec\u30c3\u30af\u30b9\n|turn|2\n|j| NanshanVGC\n|\n|t:|1739765464\n|-terastallize|p1b: \u30d0\u30c9\u30ec\u30c3\u30af\u30b9|Water\n|move|p1a: Ogerpon|Spiky Shield|p1a: Ogerpon\n|-singleturn|p1a: Ogerpon|move: Protect\n|move|p2b: Incineroar|Knock Off|p1a: Ogerpon\n|-activate|p1a: Ogerpon|move: Protect\n|-damage|p2b: Incineroar|88\/100|[from] Spiky Shield|[of] p1a: Ogerpon\n|move|p1b: \u30d0\u30c9\u30ec\u30c3\u30af\u30b9|High Horsepower|p2b: Incineroar\n|-supereffective|p2b: Incineroar\n|-damage|p2b: Incineroar|0 fnt\n|faint|p2b: Incineroar\n|-ability|p1b: \u30d0\u30c9\u30ec\u30c3\u30af\u30b9|Chilling Neigh|boost\n|-boost|p1b: \u30d0\u30c9\u30ec\u30c3\u30af\u30b9|atk|1\n|move|p2a: Calyrex|Trick Room|p2a: Calyrex\n|-fieldstart|move: Trick Room|[of] p2a: Calyrex\n|\n|upkeep\n|\n|t:|1739765480\n|switch|p2b: Raging Bolt|Raging Bolt, L50|100\/100\n|turn|3\n|\n|t:|1739765495\n|move|p1a: Ogerpon|Follow Me|p1a: Ogerpon\n|-singleturn|p1a: Ogerpon|move: Follow Me\n|move|p2b: Raging Bolt|Thunderclap||[still]\n|-fail|p2b: Raging Bolt\n|move|p1b: \u30d0\u30c9\u30ec\u30c3\u30af\u30b9|Glacial Lance|p2a: Calyrex|[spread] p2a,p2b\n|-resisted|p2a: Calyrex\n|-supereffective|p2b: Raging Bolt\n|-damage|p2a: Calyrex|68\/100\n|-damage|p2b: Raging Bolt|0 fnt\n|faint|p2b: Raging Bolt\n|-end|p2b: Raging Bolt|Protosynthesis|[silent]\n|-ability|p1b: \u30d0\u30c9\u30ec\u30c3\u30af\u30b9|Chilling Neigh|boost\n|-boost|p1b: \u30d0\u30c9\u30ec\u30c3\u30af\u30b9|atk|1\n|move|p2a: Calyrex|Glacial Lance|p1a: Ogerpon|[spread] p1a,p1b\n|-supereffective|p1a: Ogerpon\n|-resisted|p1b: \u30d0\u30c9\u30ec\u30c3\u30af\u30b9\n|-crit|p1b: \u30d0\u30c9\u30ec\u30c3\u30af\u30b9\n|-damage|p1a: Ogerpon|0 fnt\n|-damage|p1b: \u30d0\u30c9\u30ec\u30c3\u30af\u30b9|30\/100\n|faint|p1a: Ogerpon\n|-ability|p2a: Calyrex|Chilling Neigh|boost\n|-boost|p2a: Calyrex|atk|1\n|\n|upkeep\n|\n|t:|1739765516\n|switch|p1a: \u30a6\u30fc\u30e9\u30aa\u30b9|Urshifu-Rapid-Strike, L50, M|100\/100\n|turn|4\n|\n|t:|1739765534\n|move|p1b: \u30d0\u30c9\u30ec\u30c3\u30af\u30b9|High Horsepower|p2a: Calyrex\n|-damage|p2a: Calyrex|29\/100\n|move|p2a: Calyrex|Glacial Lance|p1a: \u30a6\u30fc\u30e9\u30aa\u30b9|[spread] p1a,p1b\n|-resisted|p1a: \u30a6\u30fc\u30e9\u30aa\u30b9\n|-resisted|p1b: \u30d0\u30c9\u30ec\u30c3\u30af\u30b9\n|-damage|p1a: \u30a6\u30fc\u30e9\u30aa\u30b9|42\/100\n|-damage|p1b: \u30d0\u30c9\u30ec\u30c3\u30af\u30b9|0 fnt\n|faint|p1b: \u30d0\u30c9\u30ec\u30c3\u30af\u30b9\n|-ability|p2a: Calyrex|Chilling Neigh|boost\n|-boost|p2a: Calyrex|atk|1\n|move|p1a: \u30a6\u30fc\u30e9\u30aa\u30b9|Close Combat|p2a: Calyrex\n|-damage|p2a: Calyrex|3\/100\n|-unboost|p1a: \u30a6\u30fc\u30e9\u30aa\u30b9|def|1\n|-unboost|p1a: \u30a6\u30fc\u30e9\u30aa\u30b9|spd|1\n|\n|upkeep\n|\n|t:|1739765546\n|switch|p1b: \u30cf\u30d0\u30bf\u30af\u30ab\u30df|Flutter Mane, L50, shiny|100\/100\n|turn|5\n|\n|t:|1739765551\n|move|p1b: \u30cf\u30d0\u30bf\u30af\u30ab\u30df|Protect|p1b: \u30cf\u30d0\u30bf\u30af\u30ab\u30df\n|-singleturn|p1b: \u30cf\u30d0\u30bf\u30af\u30ab\u30df|Protect\n|move|p1a: \u30a6\u30fc\u30e9\u30aa\u30b9|Aqua Jet|p2a: Calyrex\n|-resisted|p2a: Calyrex\n|-damage|p2a: Calyrex|0 fnt\n|faint|p2a: Calyrex\n|\n|win|leolc0926\n|raw|leolc0926's rating: 1554 &rarr; <strong>1576<\/strong><br \/>(+22 for winning)\n|raw|roykeenkennedy's rating: 1581 &rarr; <strong>1559<\/strong><br \/>(-22 for losing)\n|c|\u2606leolc0926|gg\n|l|\u2606roykeenkennedy\n|player|p2|\n","uploadtime":1739765591,"views":31,"formatid":"gen9vgc2025regg","rating":1559,"private":0,"password":null}