{"id":"gen9vgc2025regg-2302856220","format":"[Gen 9] VGC 2025 Reg G","players":["GubbsVGC","Cdogp"],"log":"|j|\u2606GubbsVGC\n|j|\u2606Cdogp\n|t:|1739846814\n|gametype|doubles\n|player|p1|GubbsVGC|266|1591\n|player|p2|Cdogp|wattson|1734\n|teamsize|p1|6\n|teamsize|p2|6\n|gen|9\n|tier|[Gen 9] VGC 2025 Reg G\n|rated|\n|rule|Species Clause: Limit one of each Pok\u00e9mon\n|rule|Item Clause: Limit 1 of each item\n|clearpoke\n|poke|p1|Kyogre, L50|\n|poke|p1|Tsareena, L50, F|\n|poke|p1|Tornadus, L50, M|\n|poke|p1|Incineroar, L50, F|\n|poke|p1|Urshifu-*, L50, M|\n|poke|p1|Archaludon, L50, M|\n|poke|p2|Koraidon, L50|\n|poke|p2|Venusaur, L50, F|\n|poke|p2|Indeedee-F, L50, F|\n|poke|p2|Chi-Yu, L50|\n|poke|p2|Raging Bolt, L50|\n|poke|p2|Iron Crown, L50|\n|teampreview|4\n|j| gucciMythra\n|\n|t:|1739846838\n|start\n|switch|p1a: Tornadus|Tornadus, L50, M|100\/100\n|switch|p1b: Kyogre|Kyogre, L50|100\/100\n|switch|p2a: Indeedee|Indeedee-F, L50, F|100\/100\n|switch|p2b: Iron Crown|Iron Crown, L50|100\/100\n|-weather|RainDance|[from] ability: Drizzle|[of] p1b: Kyogre\n|-fieldstart|move: Psychic Terrain|[from] ability: Psychic Surge|[of] p2a: Indeedee\n|-enditem|p2a: Indeedee|Psychic Seed\n|-boost|p2a: Indeedee|spd|1|[from] item: Psychic Seed\n|-enditem|p2b: Iron Crown|Booster Energy\n|-activate|p2b: Iron Crown|ability: Quark Drive|[fromitem]\n|-start|p2b: Iron Crown|quarkdrivespa\n|turn|1\n|\n|t:|1739846857\n|-terastallize|p1b: Kyogre|Water\n|-terastallize|p2a: Indeedee|Water\n|move|p2b: Iron Crown|Protect|p2b: Iron Crown\n|-singleturn|p2b: Iron Crown|Protect\n|move|p1a: Tornadus|Rain Dance||[still]\n|-fail|p1a: Tornadus\n|move|p1b: Kyogre|Water Spout|p2b: Iron Crown|[spread] p2a\n|-activate|p2b: Iron Crown|move: Protect\n|-resisted|p2a: Indeedee\n|-damage|p2a: Indeedee|57\/100\n|move|p2a: Indeedee|Trick Room|p2a: Indeedee\n|-fieldstart|move: Trick Room|[of] p2a: Indeedee\n|\n|-weather|RainDance|[upkeep]\n|upkeep\n|turn|2\n|\n|t:|1739846875\n|switch|p1b: Incineroar|Incineroar, L50, F|100\/100\n|-ability|p1b: Incineroar|Intimidate|boost\n|-unboost|p2a: Indeedee|atk|1\n|-unboost|p2b: Iron Crown|atk|1\n|move|p2a: Indeedee|Helping Hand|p2b: Iron Crown\n|-singleturn|p2b: Iron Crown|Helping Hand|[of] p2a: Indeedee\n|move|p1a: Tornadus|Protect|p1a: Tornadus\n|-singleturn|p1a: Tornadus|Protect\n|move|p2b: Iron Crown|Expanding Force|p1b: Incineroar|[spread] \n|-activate|p1a: Tornadus|move: Protect\n|-immune|p1b: Incineroar\n|\n|-weather|RainDance|[upkeep]\n|upkeep\n|turn|3\n|\n|t:|1739846913\n|move|p2a: Indeedee|Follow Me|p2a: Indeedee\n|-singleturn|p2a: Indeedee|move: Follow Me\n|move|p1b: Incineroar|Knock Off|p2a: Indeedee\n|-damage|p2a: Indeedee|32\/100\n|move|p2b: Iron Crown|Expanding Force|p1b: Incineroar|[spread] p1a\n|-immune|p1b: Incineroar\n|-damage|p1a: Tornadus|13\/100\n|move|p1a: Tornadus|Bleakwind Storm|p2a: Indeedee|[spread] p2a,p2b\n|-resisted|p2b: Iron Crown\n|-damage|p2a: Indeedee|7\/100\n|-damage|p2b: Iron Crown|82\/100\n|\n|-weather|RainDance|[upkeep]\n|upkeep\n|turn|4\n|\n|t:|1739846937\n|-end|p2b: Iron Crown|Quark Drive|[silent]\n|switch|p2b: Koraidon|Koraidon, L50|100\/100\n|-weather|SunnyDay|[from] ability: Orichalcum Pulse|[of] p2b: Koraidon\n|-activate|p2b: Koraidon|Orichalcum Pulse|[source]\n|move|p1a: Tornadus|Protect|p1a: Tornadus\n|-singleturn|p1a: Tornadus|Protect\n|move|p1b: Incineroar|Knock Off|p2b: Koraidon\n|-resisted|p2b: Koraidon\n|-damage|p2b: Koraidon|84\/100\n|-enditem|p2b: Koraidon|Clear Amulet|[from] move: Knock Off|[of] p1b: Incineroar\n|move|p2a: Indeedee|Psychic|p1a: Tornadus\n|-activate|p1a: Tornadus|move: Protect\n|\n|-weather|SunnyDay|[upkeep]\n|upkeep\n|turn|5\n|\n|t:|1739846977\n|move|p1b: Incineroar|Parting Shot|p2a: Indeedee\n|-unboost|p2a: Indeedee|atk|1\n|-unboost|p2a: Indeedee|spa|1\n|\n|t:|1739846980\n|switch|p1b: Tsareena|Tsareena, L50, F|100\/100|[from] Parting Shot\n|move|p2a: Indeedee|Psychic|p1a: Tornadus\n|-damage|p1a: Tornadus|0 fnt\n|faint|p1a: Tornadus\n|move|p2b: Koraidon|Collision Course|p1b: Tsareena\n|-damage|p1b: Tsareena|21\/100\n|\n|-weather|SunnyDay|[upkeep]\n|-fieldend|move: Trick Room\n|-fieldend|move: Psychic Terrain\n|upkeep\n|\n|t:|1739846995\n|switch|p1a: Kyogre|Kyogre, L50, tera:Water|100\/100\n|-weather|RainDance|[from] ability: Drizzle|[of] p1a: Kyogre\n|turn|6\n|\n|t:|1739847016\n|move|p1b: Tsareena|Helping Hand|p1a: Kyogre\n|-singleturn|p1a: Kyogre|Helping Hand|[of] p1b: Tsareena\n|move|p2a: Indeedee|Helping Hand|p2b: Koraidon\n|-singleturn|p2b: Koraidon|Helping Hand|[of] p2a: Indeedee\n|move|p1a: Kyogre|Water Spout|p2a: Indeedee|[spread] p2a,p2b\n|-resisted|p2a: Indeedee\n|-resisted|p2b: Koraidon\n|-damage|p2a: Indeedee|0 fnt\n|-damage|p2b: Koraidon|0 fnt\n|faint|p2a: Indeedee\n|faint|p2b: Koraidon\n|\n|-weather|RainDance|[upkeep]\n|upkeep\n|\n|t:|1739847028\n|switch|p2b: Iron Crown|Iron Crown, L50|82\/100\n|switch|p2a: Raging Bolt|Raging Bolt, L50|100\/100\n|turn|7\n|\n|t:|1739847036\n|move|p2b: Iron Crown|Protect|p2b: Iron Crown\n|-singleturn|p2b: Iron Crown|Protect\n|move|p1a: Kyogre|Water Spout|p2a: Raging Bolt|[spread] p2a\n|-activate|p2b: Iron Crown|move: Protect\n|-resisted|p2a: Raging Bolt\n|-damage|p2a: Raging Bolt|32\/100\n|move|p2a: Raging Bolt|Thunderbolt|p1a: Kyogre\n|-supereffective|p1a: Kyogre\n|-damage|p1a: Kyogre|0 fnt\n|faint|p1a: Kyogre\n|-damage|p2a: Raging Bolt|22\/100|[from] item: Life Orb\n|move|p1b: Tsareena|Triple Axel|p2a: Raging Bolt\n|-supereffective|p2a: Raging Bolt\n|-damage|p2a: Raging Bolt|6\/100\n|-supereffective|p2a: Raging Bolt\n|-damage|p2a: Raging Bolt|0 fnt\n|faint|p2a: Raging Bolt\n|-end|p2a: Raging Bolt|Protosynthesis|[silent]\n|-hitcount|p2: Raging Bolt|2\n|\n|-weather|RainDance|[upkeep]\n|upkeep\n|-message|Cdogp forfeited.\n|\n|win|GubbsVGC\n|raw|GubbsVGC's rating: 1591 &rarr; <strong>1619<\/strong><br \/>(+28 for winning)\n|raw|Cdogp's rating: 1734 &rarr; <strong>1706<\/strong><br \/>(-28 for losing)\n|l|\u2606Cdogp\n|player|p2|\n|l| gucciMythra\n|l|\u2606GubbsVGC\n|player|p1|\n","uploadtime":1739847208,"views":7,"formatid":"gen9vgc2025regg","rating":1619,"private":0,"password":null}