{"id":"gen9vgc2025regg-2302713570","format":"[Gen 9] VGC 2025 Reg G","players":["Hanou143","TorukVGC"],"log":"|j|\u2606Hanou143\n|j|\u2606TorukVGC\n|t:|1739829470\n|gametype|doubles\n|player|p1|Hanou143|101|1546\n|player|p2|TorukVGC|2|1571\n|teamsize|p1|6\n|teamsize|p2|6\n|gen|9\n|tier|[Gen 9] VGC 2025 Reg G\n|rated|\n|rule|Species Clause: Limit one of each Pok\u00e9mon\n|rule|Item Clause: Limit 1 of each item\n|clearpoke\n|poke|p1|Calyrex-Shadow, L50|\n|poke|p1|Jigglypuff, L50, M|\n|poke|p1|Pelipper, L50, M|\n|poke|p1|Rillaboom, L50, M|\n|poke|p1|Incineroar, L50, F|\n|poke|p1|Urshifu-*, L50, F|\n|poke|p2|Miraidon, L50|\n|poke|p2|Tatsugiri, L50, M|\n|poke|p2|Gholdengo, L50|\n|poke|p2|Dragonite, L50, F|\n|poke|p2|Dondozo, L50, M|\n|poke|p2|Incineroar, L50, F|\n|teampreview|4\n|c|\u2606TorukVGC|yoooooooooooo\n|c|\u2606TorukVGC|Jiggly!!!\n|inactive|Battle timer is ON: inactive players will automatically lose when time's up. (requested by Hanou143)\n|c|\u2606Hanou143|Jiggly\n|\n|t:|1739829527\n|start\n|switch|p1a: Calyrex|Calyrex-Shadow, L50|100\/100\n|switch|p1b: Rillaboom|Rillaboom, L50, M|100\/100\n|switch|p2a: Dragonite|Dragonite, L50, F|100\/100\n|switch|p2b: Incineroar|Incineroar, L50, F|100\/100\n|-ability|p1a: Calyrex|As One\n|-ability|p1a: Calyrex|Unnerve\n|-fieldstart|move: Grassy Terrain|[from] ability: Grassy Surge|[of] p1b: Rillaboom\n|-ability|p2b: Incineroar|Intimidate|boost\n|-unboost|p1a: Calyrex|atk|1\n|-unboost|p1b: Rillaboom|atk|1\n|turn|1\n|inactive|TorukVGC has 30 seconds left.\n|inactive|Hanou143 has 30 seconds left.\n|inactive|TorukVGC has 20 seconds left.\n|\n|t:|1739829566\n|-terastallize|p1a: Calyrex|Grass\n|-terastallize|p2a: Dragonite|Normal\n|move|p2b: Incineroar|Fake Out|p1a: Calyrex\n|-crit|p1a: Calyrex\n|-damage|p1a: Calyrex|89\/100\n|move|p1a: Calyrex|Calm Mind|p1a: Calyrex\n|-boost|p1a: Calyrex|spa|1\n|-boost|p1a: Calyrex|spd|1\n|move|p2a: Dragonite|Outrage|p1b: Rillaboom\n|-damage|p1b: Rillaboom|0 fnt\n|faint|p1b: Rillaboom\n|\n|-heal|p1a: Calyrex|95\/100|[from] Grassy Terrain\n|upkeep\n|\n|t:|1739829588\n|switch|p1b: Incineroar|Incineroar, L50, F|100\/100\n|-ability|p1b: Incineroar|Intimidate|boost\n|-fail|p2a: Dragonite|unboost|Attack|[from] ability: Inner Focus|[of] p2a: Dragonite\n|-unboost|p2b: Incineroar|atk|1\n|turn|2\n|\n|t:|1739829605\n|switch|p1b: Jigglypuff|Jigglypuff, L50, M|100\/100\n|move|p1a: Calyrex|Giga Drain|p2a: Dragonite\n|-damage|p2a: Dragonite|30\/100\n|-heal|p1a: Calyrex|100\/100|[from] drain|[of] p2a: Dragonite\n|move|p2a: Dragonite|Outrage|p1a: Calyrex|[from] lockedmove\n|-damage|p1a: Calyrex|43\/100\n|-start|p2a: Dragonite|confusion|[fatigue]\n|move|p2b: Incineroar|Parting Shot|p1a: Calyrex\n|-unboost|p1a: Calyrex|atk|1\n|-unboost|p1a: Calyrex|spa|1\n|\n|t:|1739829618\n|switch|p2b: Dondozo|Dondozo, L50, M|100\/100|[from] Parting Shot\n|\n|-heal|p1a: Calyrex|49\/100|[from] Grassy Terrain\n|-heal|p2a: Dragonite|36\/100|[from] Grassy Terrain\n|upkeep\n|turn|3\n|inactive|TorukVGC has 30 seconds left.\n|\n|t:|1739829649\n|switch|p2a: Incineroar|Incineroar, L50, F|100\/100\n|-ability|p2a: Incineroar|Intimidate|boost\n|-unboost|p1a: Calyrex|atk|1\n|-unboost|p1b: Jigglypuff|atk|1\n|move|p2b: Dondozo|Protect|p2b: Dondozo\n|-singleturn|p2b: Dondozo|Protect\n|move|p1a: Calyrex|Giga Drain|p2b: Dondozo\n|-activate|p2b: Dondozo|move: Protect\n|move|p1b: Jigglypuff|Alluring Voice|p2b: Dondozo\n|-activate|p2b: Dondozo|move: Protect\n|\n|-heal|p1a: Calyrex|55\/100|[from] Grassy Terrain\n|upkeep\n|turn|4\n|\n|t:|1739829673\n|switch|p2b: Dragonite|Dragonite, L50, F, tera:Normal|36\/100\n|move|p1a: Calyrex|Protect|p1a: Calyrex\n|-singleturn|p1a: Calyrex|Protect\n|move|p2a: Incineroar|Flare Blitz|p1a: Calyrex\n|-activate|p1a: Calyrex|move: Protect\n|move|p1b: Jigglypuff|Sing|p2a: Incineroar\n|-status|p2a: Incineroar|slp|[from] move: Sing\n|\n|-heal|p1a: Calyrex|61\/100|[from] Grassy Terrain\n|-heal|p2b: Dragonite|42\/100|[from] Grassy Terrain\n|upkeep\n|turn|5\n|\n|t:|1739829689\n|move|p2b: Dragonite|Extreme Speed|p1a: Calyrex\n|-damage|p1a: Calyrex|26\/100\n|move|p1a: Calyrex|Giga Drain|p2b: Dragonite\n|-damage|p2b: Dragonite|0 fnt\n|-heal|p1a: Calyrex|45\/100|[from] drain|[of] p2b: Dragonite\n|faint|p2b: Dragonite\n|-ability|p1a: Calyrex|Grim Neigh|boost\n|-boost|p1a: Calyrex|spa|1\n|cant|p2a: Incineroar|slp\n|move|p1b: Jigglypuff|Heal Pulse|p1a: Calyrex\n|-heal|p1a: Calyrex|96\/100\n|\n|-heal|p1a: Calyrex|100\/100|[from] Grassy Terrain\n|-fieldend|move: Grassy Terrain\n|upkeep\n|\n|t:|1739829695\n|switch|p2b: Dondozo|Dondozo, L50, M|100\/100\n|turn|6\n|\n|t:|1739829709\n|move|p2b: Dondozo|Protect|p2b: Dondozo\n|-singleturn|p2b: Dondozo|Protect\n|move|p1a: Calyrex|Calm Mind|p1a: Calyrex\n|-boost|p1a: Calyrex|spa|1\n|-boost|p1a: Calyrex|spd|1\n|cant|p2a: Incineroar|slp\n|move|p1b: Jigglypuff|Sing|p2b: Dondozo\n|-activate|p2b: Dondozo|move: Protect\n|\n|upkeep\n|turn|7\n|\n|t:|1739829726\n|switch|p2a: Tatsugiri|Tatsugiri, L50, M|100\/100\n|-activate|p2a: Tatsugiri|ability: Commander|[of] p2b: Dondozo\n|-boost|p2b: Dondozo|atk|2\n|-boost|p2b: Dondozo|spa|2\n|-boost|p2b: Dondozo|spe|2\n|-boost|p2b: Dondozo|def|2\n|-boost|p2b: Dondozo|spd|2\n|move|p2b: Dondozo|Order Up|p1a: Calyrex\n|-damage|p1a: Calyrex|75\/100\n|-boost|p2b: Dondozo|atk|1\n|move|p1a: Calyrex|Giga Drain|p2b: Dondozo\n|-supereffective|p2b: Dondozo\n|-crit|p2b: Dondozo\n|-damage|p2b: Dondozo|0 fnt\n|-heal|p1a: Calyrex|100\/100|[from] drain|[of] p2b: Dondozo\n|faint|p2b: Dondozo\n|-ability|p1a: Calyrex|Grim Neigh|boost\n|-boost|p1a: Calyrex|spa|1\n|move|p1b: Jigglypuff|Sing|p2a: Tatsugiri\n|-status|p2a: Tatsugiri|slp|[from] move: Sing\n|\n|upkeep\n|\n|t:|1739829739\n|switch|p2b: Incineroar|Incineroar, L50, F|100\/100 slp\n|-ability|p2b: Incineroar|Intimidate|boost\n|-unboost|p1a: Calyrex|atk|1\n|-unboost|p1b: Jigglypuff|atk|1\n|turn|8\n|c|\u2606Hanou143|jiggly\n|c|\u2606TorukVGC|jeez\n|c|\u2606TorukVGC|that guy\n|c|\u2606TorukVGC|haha\n|c|\u2606TorukVGC|nice work\n|inactive|Hanou143 has 30 seconds left.\n|c|\u2606Hanou143|jigglypuff jigaleeee puff\n|c|\u2606TorukVGC|giga tera grass lol\n|\n|t:|1739829768\n|cant|p2a: Tatsugiri|slp\n|move|p1a: Calyrex|Astral Barrage|p2a: Tatsugiri|[spread] p2a,p2b\n|-resisted|p2b: Incineroar\n|-damage|p2a: Tatsugiri|0 fnt\n|-damage|p2b: Incineroar|41\/100 slp\n|faint|p2a: Tatsugiri\n|-ability|p1a: Calyrex|Grim Neigh|boost\n|-boost|p1a: Calyrex|spa|1\n|-curestatus|p2b: Incineroar|slp|[msg]\n|move|p2b: Incineroar|Flare Blitz|p1a: Calyrex\n|-supereffective|p1a: Calyrex\n|-damage|p1a: Calyrex|51\/100\n|-damage|p2b: Incineroar|24\/100|[from] Recoil\n|move|p1b: Jigglypuff|Alluring Voice|p2b: Incineroar\n|-damage|p2b: Incineroar|8\/100\n|\n|upkeep\n|turn|9\n|c|\u2606TorukVGC|let jiggly do it\n|c|\u2606Hanou143|is flare blits a weakness?\n|inactive|Hanou143 has 30 seconds left.\n|\n|t:|1739829799\n|move|p1a: Calyrex|Protect|p1a: Calyrex\n|-singleturn|p1a: Calyrex|Protect\n|move|p2b: Incineroar|Fake Out||[still]\n|-hint|Fake Out only works on your first turn out.\n|-fail|p2b: Incineroar\n|move|p1b: Jigglypuff|Heal Pulse|p2b: Incineroar\n|-heal|p2b: Incineroar|59\/100\n|\n|upkeep\n|turn|10\n|c|\u2606TorukVGC|hahaha\n|c|\u2606Hanou143|lols\n|c|\u2606TorukVGC|noooo\n|\n|t:|1739829813\n|move|p1a: Calyrex|Astral Barrage|p2b: Incineroar\n|-resisted|p2b: Incineroar\n|-damage|p2b: Incineroar|0 fnt\n|faint|p2b: Incineroar\n|\n|win|Hanou143\n|raw|Hanou143's rating: 1546 &rarr; <strong>1567<\/strong><br \/>(+21 for winning)\n|raw|TorukVGC's rating: 1571 &rarr; <strong>1550<\/strong><br \/>(-21 for losing)\n|c|\u2606TorukVGC|gg\n|c|\u2606TorukVGC|that think was evil\n|l|\u2606TorukVGC\n|player|p2|\n|c|\u2606Hanou143|jiggly\n|l|\u2606Hanou143\n|player|p1|\n","uploadtime":1739829957,"views":5,"formatid":"gen9vgc2025regg","rating":1550,"private":0,"password":null}