{"id":"gen9vgc2025regg-2302486695","format":"[Gen 9] VGC 2025 Reg G","players":["TypeSpammer","anduruila"],"log":"|j|\u2606TypeSpammer\n|j|\u2606anduruila\n|t:|1739805243\n|gametype|doubles\n|player|p1|TypeSpammer|265|1533\n|player|p2|anduruila|2|1555\n|teamsize|p1|6\n|teamsize|p2|6\n|gen|9\n|tier|[Gen 9] VGC 2025 Reg G\n|rated|\n|rule|Species Clause: Limit one of each Pok\u00e9mon\n|rule|Item Clause: Limit 1 of each item\n|clearpoke\n|poke|p1|Solgaleo, L50|\n|poke|p1|Indeedee-F, L50, F|\n|poke|p1|Landorus, L50, M|\n|poke|p1|Iron Valiant, L50|\n|poke|p1|Amoonguss, L50, F|\n|poke|p1|Raging Bolt, L50|\n|poke|p2|Calyrex-Ice, L50|\n|poke|p2|Incineroar, L50, F|\n|poke|p2|Rillaboom, L50, F|\n|poke|p2|Raging Bolt, L50|\n|poke|p2|Pelipper, L50, F|\n|poke|p2|Urshifu-*, L50, M|\n|teampreview|4\n|inactive|Battle timer is ON: inactive players will automatically lose when time's up. (requested by anduruila)\nanduruila rejected open team sheets.\n|c|\u2606TypeSpammer|gl hf\n|inactive|anduruila has 60 seconds left.\n|\n|t:|1739805304\n|start\n|switch|p1a: Sol|Solgaleo, L50, shiny|100\/100\n|switch|p1b: Fume-Shrume|Amoonguss, L50, F|100\/100\n|switch|p2a: Urshifu|Urshifu-Rapid-Strike, L50, M|100\/100\n|switch|p2b: Calyrex|Calyrex-Ice, L50|100\/100\n|-ability|p2b: Calyrex|As One\n|-ability|p2b: Calyrex|Unnerve\n|turn|1\n|\n|t:|1739805325\n|-terastallize|p1b: Fume-Shrume|Water\n|move|p2b: Calyrex|Protect|p2b: Calyrex\n|-singleturn|p2b: Calyrex|Protect\n|move|p2a: Urshifu|U-turn|p1b: Fume-Shrume\n|-damage|p1b: Fume-Shrume|82\/100\n|-damage|p2a: Urshifu|84\/100|[from] item: Rocky Helmet|[of] p1b: Fume-Shrume\n|\n|t:|1739805335\n|switch|p2a: Rillaboom|Rillaboom, L50, F|100\/100|[from] U-turn\n|-fieldstart|move: Grassy Terrain|[from] ability: Grassy Surge|[of] p2a: Rillaboom\n|move|p1a: Sol|Psychic Fangs|p2a: Rillaboom\n|-damage|p2a: Rillaboom|43\/100\n|-damage|p1a: Sol|91\/100|[from] item: Life Orb\n|move|p1b: Fume-Shrume|Spore|p2b: Calyrex\n|-activate|p2b: Calyrex|move: Protect\n|\n|-heal|p1a: Sol|97\/100|[from] Grassy Terrain\n|-heal|p2a: Rillaboom|49\/100|[from] Grassy Terrain\n|-heal|p1b: Fume-Shrume|88\/100|[from] Grassy Terrain\n|upkeep\n|turn|2\n|inactive|anduruila has 30 seconds left.\n|inactive|anduruila has 20 seconds left.\n|inactive|anduruila has 15 seconds left.\n|inactive|anduruila has 10 seconds left.\n|inactive|anduruila has 5 seconds left.\n|\n|t:|1739805388\n|switch|p2b: Incineroar|Incineroar, L50, F|100\/100\n|-ability|p2b: Incineroar|Intimidate|boost\n|-fail|p1a: Sol|unboost|[from] ability: Full Metal Body|[of] p1a: Sol\n|-unboost|p1b: Fume-Shrume|atk|1\n|switch|p1b: Alice|Indeedee-F, L50, F, shiny|100\/100\n|-fieldstart|move: Psychic Terrain|[from] ability: Psychic Surge|[of] p1b: Alice\n|-enditem|p1b: Alice|Psychic Seed\n|-boost|p1b: Alice|spd|1|[from] item: Psychic Seed\n|move|p1a: Sol|Psychic Fangs|p2a: Rillaboom\n|-damage|p2a: Rillaboom|0 fnt\n|faint|p2a: Rillaboom\n|-damage|p1a: Sol|87\/100|[from] item: Life Orb\n|\n|upkeep\n|\n|t:|1739805405\n|switch|p2a: Calyrex|Calyrex-Ice, L50|100\/100\n|-ability|p2a: Calyrex|As One\n|-ability|p2a: Calyrex|Unnerve\n|turn|3\n|\n|t:|1739805427\n|-terastallize|p2a: Calyrex|Water\n|move|p1b: Alice|Helping Hand|p1a: Sol\n|-singleturn|p1a: Sol|Helping Hand|[of] p1b: Alice\n|move|p1a: Sol|Close Combat|p2b: Incineroar\n|-supereffective|p2b: Incineroar\n|-damage|p2b: Incineroar|0 fnt\n|-unboost|p1a: Sol|def|1\n|-unboost|p1a: Sol|spd|1\n|faint|p2b: Incineroar\n|-damage|p1a: Sol|77\/100|[from] item: Life Orb\n|move|p2a: Calyrex|Glacial Lance|p1a: Sol|[spread] p1a,p1b\n|-resisted|p1a: Sol\n|-damage|p1a: Sol|45\/100\n|-damage|p1b: Alice|42\/100\n|\n|upkeep\n|\n|t:|1739805441\n|switch|p2b: Urshifu|Urshifu-Rapid-Strike, L50, M|84\/100\n|turn|4\n|\n|t:|1739805458\n|move|p1b: Alice|Follow Me|p1b: Alice\n|-singleturn|p1b: Alice|move: Follow Me\n|move|p2b: Urshifu|Coaching|p2a: Calyrex\n|-boost|p2a: Calyrex|atk|1\n|-boost|p2a: Calyrex|def|1\n|move|p1a: Sol|Psychic Fangs|p2b: Urshifu\n|-supereffective|p2b: Urshifu\n|-damage|p2b: Urshifu|0 fnt\n|faint|p2b: Urshifu\n|-damage|p1a: Sol|35\/100|[from] item: Life Orb\n|move|p2a: Calyrex|Glacial Lance|p1b: Alice|[spread] p1a,p1b\n|-resisted|p1a: Sol\n|-damage|p1a: Sol|0 fnt\n|-damage|p1b: Alice|0 fnt\n|faint|p1a: Sol\n|faint|p1b: Alice\n|-ability|p2a: Calyrex|Chilling Neigh|boost\n|-boost|p2a: Calyrex|atk|2\n|\n|upkeep\n|\n|t:|1739805467\n|switch|p1a: XJ-9|Iron Valiant, L50, shiny|100\/100\n|switch|p1b: Fume-Shrume|Amoonguss, L50, F, tera:Water|100\/100\n|turn|5\n|\n|t:|1739805483\n|move|p2a: Calyrex|Protect|p2a: Calyrex\n|-singleturn|p2a: Calyrex|Protect\n|move|p1a: XJ-9|Moonblast|p2a: Calyrex\n|-activate|p2a: Calyrex|move: Protect\n|move|p1b: Fume-Shrume|Spore|p2a: Calyrex\n|-activate|p2a: Calyrex|move: Protect\n|\n|upkeep\n|turn|6\n|\n|t:|1739805496\n|move|p1a: XJ-9|Moonblast|p2a: Calyrex\n|-damage|p2a: Calyrex|70\/100\n|move|p2a: Calyrex|Glacial Lance|p1b: Fume-Shrume|[spread] p1a,p1b\n|-resisted|p1b: Fume-Shrume\n|-enditem|p1a: XJ-9|Focus Sash\n|-damage|p1a: XJ-9|1\/100\n|-damage|p1b: Fume-Shrume|46\/100\n|move|p1b: Fume-Shrume|Spore|p2a: Calyrex\n|-status|p2a: Calyrex|slp|[from] move: Spore\n|\n|-fieldend|move: Psychic Terrain\n|upkeep\n|turn|7\n|\n|t:|1739805508\n|move|p1a: XJ-9|Moonblast|p2a: Calyrex\n|-damage|p2a: Calyrex|42\/100 slp\n|cant|p2a: Calyrex|slp\n|move|p1b: Fume-Shrume|Clear Smog|p2a: Calyrex\n|-damage|p2a: Calyrex|33\/100 slp\n|-clearboost|p2a: Calyrex\n|\n|upkeep\n|turn|8\n|\n|t:|1739805521\n|move|p1a: XJ-9|Moonblast|p2a: Calyrex\n|-damage|p2a: Calyrex|0 fnt\n|faint|p2a: Calyrex\n|\n|win|TypeSpammer\n|raw|TypeSpammer's rating: 1533 &rarr; <strong>1554<\/strong><br \/>(+21 for winning)\n|raw|anduruila's rating: 1555 &rarr; <strong>1534<\/strong><br \/>(-21 for losing)\n|c|\u2606TypeSpammer|gg wp\n|l|\u2606anduruila\n|player|p2|\n|l|\u2606TypeSpammer\n|player|p1|\n","uploadtime":1739805528,"views":11,"formatid":"gen9vgc2025regg","rating":1534,"private":0,"password":null}