{"id":"gen9vgc2025regg-2302380825","format":"[Gen 9] VGC 2025 Reg G","players":["aveorni","Snow14124869"],"log":"|j|\u2606aveorni\n|j|\u2606Snow14124869\n|t:|1739790316\n|gametype|doubles\n|player|p1|aveorni|ghetsis|1654\n|player|p2|Snow14124869|hilbert|1568\n|teamsize|p1|6\n|teamsize|p2|6\n|gen|9\n|tier|[Gen 9] VGC 2025 Reg G\n|rated|\n|rule|Species Clause: Limit one of each Pok\u00e9mon\n|rule|Item Clause: Limit 1 of each item\n|clearpoke\n|poke|p1|Ting-Lu, L50|\n|poke|p1|Calyrex-Shadow, L50|\n|poke|p1|Dondozo, L50, M|\n|poke|p1|Weezing-Galar, L50, M|\n|poke|p1|Indeedee-F, L50, F|\n|poke|p1|Tatsugiri-Droopy, L50, F|\n|poke|p2|Calyrex-Shadow, L50|\n|poke|p2|Raging Bolt, L50|\n|poke|p2|Urshifu-*, L50, F|\n|poke|p2|Grimmsnarl, L50, M|\n|poke|p2|Incineroar, L50, F|\n|poke|p2|Rillaboom, L50, M|\n|teampreview|4\n|inactive|Battle timer is ON: inactive players will automatically lose when time's up. (requested by aveorni)\n|c|\u2606aveorni|glhf\n|inactive|aveorni has 60 seconds left.\n|inactive|Snow14124869 has 60 seconds left.\n|\n|t:|1739790372\n|start\n|switch|p1a: horse|Calyrex-Shadow, L50|100\/100\n|switch|p1b: fartn\u00b4t|Indeedee-F, L50, F|100\/100\n|switch|p2a: Grimmsnarl|Grimmsnarl, L50, M|100\/100\n|switch|p2b: Incineroar|Incineroar, L50, F|100\/100\n|-ability|p1a: horse|As One\n|-ability|p1a: horse|Unnerve\n|-fieldstart|move: Psychic Terrain|[from] ability: Psychic Surge|[of] p1b: fartn\u00b4t\n|-ability|p2b: Incineroar|Intimidate|boost\n|-unboost|p1a: horse|atk|1\n|-unboost|p1b: fartn\u00b4t|atk|1\n|turn|1\n|\n|t:|1739790396\n|switch|p1b: fart|Weezing-Galar, L50, M|100\/100\n|-ability|p1b: fart|Neutralizing Gas\n|move|p1a: horse|Protect|p1a: horse\n|-singleturn|p1a: horse|Protect\n|move|p2a: Grimmsnarl|Light Screen|p2a: Grimmsnarl\n|-sidestart|p2: Snow14124869|move: Light Screen\n|move|p2b: Incineroar|Knock Off|p1a: horse\n|-activate|p1a: horse|move: Protect\n|\n|upkeep\n|turn|2\n|inactive|aveorni has 30 seconds left.\n|inactive|Snow14124869 has 30 seconds left.\n|\n|t:|1739790427\n|switch|p1a: cow with bowl|Ting-Lu, L50|100\/100\n|move|p2a: Grimmsnarl|Misty Terrain|p2a: Grimmsnarl\n|-fieldstart|move: Misty Terrain\n|move|p1b: fart|Sludge Bomb|p2a: Grimmsnarl\n|-supereffective|p2a: Grimmsnarl\n|-damage|p2a: Grimmsnarl|53\/100\n|move|p2b: Incineroar|Roar|p1a: cow with bowl\n|drag|p1a: fartn\u00b4t|Indeedee-F, L50, F|100\/100\n|\n|upkeep\n|turn|3\n|inactive|aveorni has 30 seconds left.\n|inactive|Snow14124869 has 30 seconds left.\n|\n|t:|1739790454\n|switch|p1a: cow with bowl|Ting-Lu, L50|100\/100\n|move|p2a: Grimmsnarl|Parting Shot|p1b: fart\n|-unboost|p1b: fart|atk|1\n|-unboost|p1b: fart|spa|1\n|\n|t:|1739790460\n|switch|p2a: Calyrex|Calyrex-Shadow, L50|100\/100|[from] Parting Shot\n|-ability|p2a: Calyrex|As One\n|-ability|p2a: Calyrex|Unnerve\n|move|p1b: fart|Dazzling Gleam|p2a: Calyrex|[spread] p2a,p2b\n|-damage|p2a: Calyrex|90\/100\n|-damage|p2b: Incineroar|91\/100\n|move|p2b: Incineroar|Parting Shot|p1b: fart\n|-unboost|p1b: fart|atk|1\n|-unboost|p1b: fart|spa|1\n|\n|t:|1739790476\n|switch|p2b: Grimmsnarl|Grimmsnarl, L50, M|53\/100|[from] Parting Shot\n|\n|upkeep\n|turn|4\n|\n|t:|1739790485\n|-terastallize|p2a: Calyrex|Fairy\n|move|p1b: fart|Protect|p1b: fart\n|-singleturn|p1b: fart|Protect\n|move|p2a: Calyrex|Calm Mind|p2a: Calyrex\n|-boost|p2a: Calyrex|spa|1\n|-boost|p2a: Calyrex|spd|1\n|move|p2b: Grimmsnarl|Reflect|p2b: Grimmsnarl\n|-sidestart|p2: Snow14124869|Reflect\n|move|p1a: cow with bowl|Fissure|p2a: Calyrex|[miss]\n|-miss|p1a: cow with bowl|p2a: Calyrex\n|\n|upkeep\n|turn|5\n|\n|t:|1739790507\n|switch|p2b: Incineroar|Incineroar, L50, F|91\/100\n|move|p2a: Calyrex|Draining Kiss|p1a: cow with bowl\n|-supereffective|p1a: cow with bowl\n|-damage|p1a: cow with bowl|29\/100\n|-heal|p2a: Calyrex|100\/100|[from] drain|[of] p1a: cow with bowl\n|move|p1b: fart|Sludge Bomb|p2a: Calyrex\n|-supereffective|p2a: Calyrex\n|-damage|p2a: Calyrex|86\/100\n|move|p1a: cow with bowl|Fissure|p2a: Calyrex\n|-damage|p2a: Calyrex|0 fnt\n|faint|p2a: Calyrex\n|-ohko\n|\n|upkeep\n|inactive|Snow14124869 has 30 seconds left.\n|inactive|Snow14124869 has 20 seconds left.\n|inactive|Snow14124869 has 15 seconds left.\n|inactive|Snow14124869 has 10 seconds left.\n|inactive|Snow14124869 has 5 seconds left.\n|\n|t:|1739790562\n|switch|p2a: Grimmsnarl|Grimmsnarl, L50, M|53\/100\n|turn|6\n|j| mr pogostick\n|inactive|Snow14124869 has 30 seconds left.\n|inactive|Snow14124869 has 20 seconds left.\n|inactive|Snow14124869 has 15 seconds left.\n|inactive|Snow14124869 has 10 seconds left.\n|inactive|Snow14124869 has 5 seconds left.\n|\n|t:|1739790617\n|move|p2a: Grimmsnarl|Parting Shot|p1a: cow with bowl\n|-unboost|p1a: cow with bowl|atk|1\n|-unboost|p1a: cow with bowl|spa|1\n|l| mr pogostick\n|inactive|Snow14124869 has 30 seconds left.\n|inactive|Snow14124869 has 20 seconds left.\n|inactive|Snow14124869 has 15 seconds left.\n|inactive|Snow14124869 has 10 seconds left.\n|n|!aveorni|aveorni\n|inactive|Snow14124869 has 5 seconds left.\n|\n|t:|1739790672\n|switch|p2a: Rillaboom|Rillaboom, L50, M|100\/100|[from] Parting Shot\n|move|p1b: fart|Sludge Bomb|p2a: Rillaboom\n|-supereffective|p2a: Rillaboom\n|-damage|p2a: Rillaboom|86\/100\n|move|p2b: Incineroar|Parting Shot|p1b: fart\n|-unboost|p1b: fart|atk|1\n|-unboost|p1b: fart|spa|1\n|inactive|Snow14124869 has 30 seconds left.\n|inactive|Snow14124869 has 20 seconds left.\n|inactive|Snow14124869 has 15 seconds left.\n|inactive|Snow14124869 has 10 seconds left.\n|inactive|Snow14124869 has 5 seconds left.\n|\n|t:|1739790727\n|switch|p2b: Grimmsnarl|Grimmsnarl, L50, M|53\/100|[from] Parting Shot\n|move|p1a: cow with bowl|Sand Tomb|p2a: Rillaboom|[miss]\n|-miss|p1a: cow with bowl|p2a: Rillaboom\n|\n|-fieldend|Misty Terrain\n|upkeep\n|turn|7\n|inactive|aveorni has 30 seconds left.\n|inactive|Snow14124869 has 30 seconds left.\n|inactive|Snow14124869 has 20 seconds left.\n|inactive|Snow14124869 has 15 seconds left.\n|inactive|Snow14124869 has 10 seconds left.\n|inactive|Snow14124869 has 5 seconds left.\n|\n|t:|1739790782\n|move|p2a: Rillaboom|Drum Beating|p1b: fart\n|-resisted|p1b: fart\n|-damage|p1b: fart|84\/100\n|move|p2b: Grimmsnarl|Parting Shot|p1a: cow with bowl\n|-unboost|p1a: cow with bowl|atk|1\n|-unboost|p1a: cow with bowl|spa|1\n|inactive|Snow14124869 has 30 seconds left this turn.\n|inactive|Snow14124869 has 20 seconds left.\n|inactive|Snow14124869 has 15 seconds left.\n|inactive|Snow14124869 has 10 seconds left.\n|inactive|Snow14124869 has 5 seconds left.\n|-message|Snow14124869 lost due to inactivity.\n|\n|win|aveorni\n|raw|aveorni's rating: 1654 &rarr; <strong>1669<\/strong><br \/>(+15 for winning)\n|raw|Snow14124869's rating: 1568 &rarr; <strong>1553<\/strong><br \/>(-15 for losing)\n","uploadtime":1739790663,"views":23,"formatid":"gen9vgc2025regg","rating":1553,"private":0,"password":null}