{"id":"gen9vgc2025regg-2302363429","format":"[Gen 9] VGC 2025 Reg G","players":["onedaymob","longhq"],"log":"|j|\u2606onedaymob\n|j|\u203dlonghq\n|t:|1739787288\n|gametype|doubles\n|player|p1|onedaymob|266|1644\n|player|p2|longhq|dawn|1706\n|teamsize|p1|6\n|teamsize|p2|6\n|gen|9\n|tier|[Gen 9] VGC 2025 Reg G\n|rated|\n|rule|Species Clause: Limit one of each Pok\u00e9mon\n|rule|Item Clause: Limit 1 of each item\n|clearpoke\n|poke|p1|Calyrex-Shadow, L50|\n|poke|p1|Incineroar, L50, F|\n|poke|p1|Rillaboom, L50, F|\n|poke|p1|Chi-Yu, L50|\n|poke|p1|Clefairy, L50, F|\n|poke|p1|Raging Bolt, L50|\n|poke|p2|Raging Bolt, L50|\n|poke|p2|Koraidon, L50|\n|poke|p2|Jumpluff, L50, M|\n|poke|p2|Iron Bundle, L50|\n|poke|p2|Volcarona, L50, F|\n|poke|p2|Rillaboom, L50, F|\n|teampreview|4\n|inactive|Battle timer is ON: inactive players will automatically lose when time's up. (requested by onedaymob)\n|inactive|longhq has 60 seconds left.\n|\n|t:|1739787331\n|start\n|switch|p1a: Incineroar|Incineroar, L50, F|100\/100\n|switch|p1b: Raging Bolt|Raging Bolt, L50|100\/100\n|switch|p2a: Iron Bundle|Iron Bundle, L50|100\/100\n|switch|p2b: Jumpluff|Jumpluff, L50, M|100\/100\n|-ability|p1a: Incineroar|Intimidate|boost\n|-unboost|p2a: Iron Bundle|atk|1\n|-unboost|p2b: Jumpluff|atk|1\n|-enditem|p2a: Iron Bundle|Booster Energy\n|-activate|p2a: Iron Bundle|ability: Quark Drive|[fromitem]\n|-start|p2a: Iron Bundle|quarkdrivespe\n|-enditem|p1b: Raging Bolt|Booster Energy\n|-activate|p1b: Raging Bolt|ability: Protosynthesis|[fromitem]\n|-start|p1b: Raging Bolt|protosynthesisspa\n|turn|1\n|\n|t:|1739787349\n|move|p2a: Iron Bundle|Protect|p2a: Iron Bundle\n|-singleturn|p2a: Iron Bundle|Protect\n|move|p2b: Jumpluff|Sleep Powder|p1b: Raging Bolt\n|-status|p1b: Raging Bolt|slp|[from] move: Sleep Powder\n|cant|p1b: Raging Bolt|slp\n|move|p1a: Incineroar|Taunt|p2b: Jumpluff\n|-start|p2b: Jumpluff|move: Taunt\n|\n|upkeep\n|turn|2\n|inactive|longhq has 30 seconds left.\n|\n|t:|1739787381\n|switch|p2b: Koraidon|Koraidon, L50|100\/100\n|-weather|SunnyDay|[from] ability: Orichalcum Pulse|[of] p2b: Koraidon\n|-activate|p2b: Koraidon|Orichalcum Pulse|[source]\n|move|p2a: Iron Bundle|Taunt|p1a: Incineroar\n|-start|p1a: Incineroar|move: Taunt\n|-curestatus|p1b: Raging Bolt|slp|[msg]\n|move|p1b: Raging Bolt|Electroweb|p2a: Iron Bundle|[spread] p2a,p2b\n|-supereffective|p2a: Iron Bundle\n|-resisted|p2b: Koraidon\n|-damage|p2a: Iron Bundle|2\/100\n|-damage|p2b: Koraidon|86\/100\n|-unboost|p2a: Iron Bundle|spe|1\n|-unboost|p2b: Koraidon|spe|1\n|cant|p1a: Incineroar|move: Taunt|Parting Shot\n|\n|-weather|SunnyDay|[upkeep]\n|upkeep\n|turn|3\n|inactive|onedaymob has 30 seconds left.\n|inactive|longhq has 30 seconds left.\n|inactive|onedaymob has 20 seconds left.\n|inactive|longhq has 20 seconds left.\n|inactive|onedaymob has 15 seconds left.\n|inactive|longhq has 15 seconds left.\n|inactive|onedaymob has 10 seconds left.\n|inactive|longhq has 10 seconds left.\n|\n|t:|1739787429\n|-end|p2a: Iron Bundle|Quark Drive|[silent]\n|switch|p2a: Jumpluff|Jumpluff, L50, M|100\/100\n|switch|p1a: Clefairy|Clefairy, L50, F|100\/100\n|move|p1b: Raging Bolt|Thunderclap||[still]\n|-fail|p1b: Raging Bolt\n|move|p2b: Koraidon|Breaking Swipe|p1a: Clefairy|[spread] p1b\n|-immune|p1a: Clefairy\n|-supereffective|p1b: Raging Bolt\n|-damage|p1b: Raging Bolt|43\/100\n|-unboost|p1b: Raging Bolt|atk|1\n|\n|-weather|SunnyDay|[upkeep]\n|upkeep\n|turn|4\n|inactive|onedaymob has 30 seconds left.\n|inactive|longhq has 30 seconds left.\n|\n|t:|1739787464\n|move|p1a: Clefairy|Protect|p1a: Clefairy\n|-singleturn|p1a: Clefairy|Protect\n|move|p2a: Jumpluff|Sleep Powder|p1a: Clefairy\n|-activate|p1a: Clefairy|move: Protect\n|move|p2b: Koraidon|Breaking Swipe|p1a: Clefairy|[spread] p1b\n|-activate|p1a: Clefairy|move: Protect\n|-supereffective|p1b: Raging Bolt\n|-damage|p1b: Raging Bolt|0 fnt\n|faint|p1b: Raging Bolt\n|-end|p1b: Raging Bolt|Protosynthesis|[silent]\n|\n|-weather|SunnyDay|[upkeep]\n|upkeep\n|\n|t:|1739787477\n|switch|p1b: Calyrex|Calyrex-Shadow, L50|100\/100\n|-ability|p1b: Calyrex|As One\n|-ability|p1b: Calyrex|Unnerve\n|turn|5\n|\n|t:|1739787488\n|switch|p2b: Volcarona|Volcarona, L50, F|100\/100\n|move|p1a: Clefairy|Helping Hand|p1b: Calyrex\n|-singleturn|p1b: Calyrex|Helping Hand|[of] p1a: Clefairy\n|move|p2a: Jumpluff|Sleep Powder|p1a: Clefairy|[miss]\n|-miss|p2a: Jumpluff|p1a: Clefairy\n|move|p1b: Calyrex|Astral Barrage|p2b: Volcarona|[spread] p2a,p2b\n|-damage|p2a: Jumpluff|13\/100\n|-damage|p2b: Volcarona|22\/100\n|\n|-weather|SunnyDay|[upkeep]\n|upkeep\n|turn|6\n|inactive|onedaymob has 30 seconds left.\n|inactive|longhq has 30 seconds left.\n|inactive|onedaymob has 20 seconds left.\n|inactive|longhq has 20 seconds left.\n|j| dragondrivevgc\n|\n|t:|1739787533\n|switch|p1a: Incineroar|Incineroar, L50, F|100\/100\n|-ability|p1a: Incineroar|Intimidate|boost\n|-unboost|p2a: Jumpluff|atk|1\n|-unboost|p2b: Volcarona|atk|1\n|move|p2a: Jumpluff|Tailwind|p2a: Jumpluff\n|-sidestart|p2: longhq|move: Tailwind\n|move|p2b: Volcarona|Morning Sun|p2b: Volcarona\n|-heal|p2b: Volcarona|89\/100\n|move|p1b: Calyrex|Astral Barrage|p2b: Volcarona|[spread] p2a,p2b\n|-damage|p2a: Jumpluff|0 fnt\n|-damage|p2b: Volcarona|36\/100\n|faint|p2a: Jumpluff\n|-ability|p1b: Calyrex|Grim Neigh|boost\n|-boost|p1b: Calyrex|spa|1\n|\n|-weather|none\n|upkeep\n|\n|t:|1739787552\n|switch|p2a: Koraidon|Koraidon, L50|86\/100\n|-weather|SunnyDay|[from] ability: Orichalcum Pulse|[of] p2a: Koraidon\n|-activate|p2a: Koraidon|Orichalcum Pulse|[source]\n|turn|7\n|inactive|longhq has 30 seconds left.\n|\n|t:|1739787582\n|switch|p2a: Iron Bundle|Iron Bundle, L50|2\/100\n|-terastallize|p1b: Calyrex|Ghost\n|move|p1a: Incineroar|Fake Out|p2a: Iron Bundle\n|-damage|p2a: Iron Bundle|0 fnt\n|faint|p2a: Iron Bundle\n|-end|p2a: Iron Bundle|Quark Drive|[silent]\n|move|p2b: Volcarona|Heat Wave|p1b: Calyrex|[spread] p1a,p1b\n|-resisted|p1a: Incineroar\n|-damage|p1a: Incineroar|75\/100\n|-damage|p1b: Calyrex|48\/100\n|-status|p1b: Calyrex|brn\n|move|p1b: Calyrex|Astral Barrage|p2b: Volcarona\n|-damage|p2b: Volcarona|0 fnt\n|faint|p2b: Volcarona\n|-ability|p1b: Calyrex|Grim Neigh|boost\n|-boost|p1b: Calyrex|spa|1\n|\n|-weather|SunnyDay|[upkeep]\n|-damage|p1b: Calyrex|41\/100 brn|[from] brn\n|upkeep\n|\n|t:|1739787595\n|switch|p2b: Koraidon|Koraidon, L50|86\/100\n|-activate|p2b: Koraidon|ability: Orichalcum Pulse\n|turn|8\n|\n|t:|1739787619\n|switch|p1a: Clefairy|Clefairy, L50, F|100\/100\n|-terastallize|p2b: Koraidon|Fire\n|move|p1b: Calyrex|Protect|p1b: Calyrex\n|-singleturn|p1b: Calyrex|Protect\n|move|p2b: Koraidon|Flare Blitz|p1b: Calyrex\n|-activate|p1b: Calyrex|move: Protect\n|\n|-weather|SunnyDay|[upkeep]\n|-damage|p1b: Calyrex|35\/100 brn|[from] brn\n|upkeep\n|turn|9\n|\n|t:|1739787635\n|move|p1a: Clefairy|Follow Me|p1a: Clefairy\n|-singleturn|p1a: Clefairy|move: Follow Me\n|move|p2b: Koraidon|Flare Blitz|p1a: Clefairy\n|-damage|p1a: Clefairy|0 fnt\n|faint|p1a: Clefairy\n|-damage|p2b: Koraidon|53\/100|[from] Recoil\n|move|p1b: Calyrex|Astral Barrage|p2b: Koraidon\n|-damage|p2b: Koraidon|0 fnt\n|faint|p2b: Koraidon\n|\n|win|onedaymob\n|raw|onedaymob's rating: 1644 &rarr; <strong>1668<\/strong><br \/>(+24 for winning)\n|raw|longhq's rating: 1706 &rarr; <strong>1682<\/strong><br \/>(-24 for losing)\n|l|\u203dlonghq\n|player|p2|\n|l|\u2606onedaymob\n|player|p1|\n","uploadtime":1739787855,"views":10,"formatid":"gen9vgc2025regg","rating":1668,"private":0,"password":null}