{"id":"gen9vgc2025regg-2302466081","format":"[Gen 9] VGC 2025 Reg G","players":["ApoVGC","SamP_64"],"log":"|j|\u2606ApoVGC\n|j|\u2606SamP_64\n|t:|1739802832\n|gametype|doubles\n|player|p1|ApoVGC|265|1637\n|player|p2|SamP_64|cyrus|1635\n|teamsize|p1|6\n|teamsize|p2|6\n|gen|9\n|tier|[Gen 9] VGC 2025 Reg G\n|rated|\n|rule|Species Clause: Limit one of each Pok\u00e9mon\n|rule|Item Clause: Limit 1 of each item\n|clearpoke\n|poke|p1|Calyrex-Shadow, L50|\n|poke|p1|Amoonguss, L50, F|\n|poke|p1|Tornadus, L50, M|\n|poke|p1|Indeedee-F, L50, F|\n|poke|p1|Urshifu-*, L50, F|\n|poke|p1|Chi-Yu, L50|\n|poke|p2|Incineroar, L50, M|\n|poke|p2|Rillaboom, L50, F|\n|poke|p2|Flutter Mane, L50|\n|poke|p2|Urshifu-*, L50, M|\n|poke|p2|Terapagos, L50, M|\n|poke|p2|Amoonguss, L50, M|\n|teampreview|4\n|inactive|Battle timer is ON: inactive players will automatically lose when time's up. (requested by SamP_64)\n|j| Reverie Jr.\n|inactive|SamP_64 has 60 seconds left.\n|\n|t:|1739802883\n|start\n|switch|p1a: Urshifu|Urshifu-Rapid-Strike, L50, F|100\/100\n|switch|p1b: Chi-Yu|Chi-Yu, L50|100\/100\n|switch|p2a: Incineroar|Incineroar, L50, M|100\/100\n|switch|p2b: Terapagos|Terapagos, L50, M|100\/100\n|-activate|p2b: Terapagos|ability: Tera Shift\n|detailschange|p2b: Terapagos|Terapagos-Terastal, L50, M\n|-heal|p2b: Terapagos|100\/100|[silent]\n|-ability|p1b: Chi-Yu|Beads of Ruin\n|-ability|p2a: Incineroar|Intimidate|boost\n|-unboost|p1a: Urshifu|atk|1\n|-unboost|p1b: Chi-Yu|atk|1\n|turn|1\n|j| dragondrivevgc\n|inactive|SamP_64 has 30 seconds left.\n|j| Rabbihorn\n|\n|t:|1739802914\n|switch|p1a: Indeedee|Indeedee-F, L50, F|100\/100\n|-fieldstart|move: Psychic Terrain|[from] ability: Psychic Surge|[of] p1a: Indeedee\n|-enditem|p1a: Indeedee|Psychic Seed\n|-boost|p1a: Indeedee|spd|1|[from] item: Psychic Seed\n|switch|p2b: Rillaboom|Rillaboom, L50, F|100\/100\n|-fieldstart|move: Grassy Terrain|[from] ability: Grassy Surge|[of] p2b: Rillaboom\n|move|p1b: Chi-Yu|Heat Wave|p2b: Rillaboom|[spread] p2b\n|-miss|p1b: Chi-Yu|p2a: Incineroar\n|-supereffective|p2b: Rillaboom\n|-damage|p2b: Rillaboom|16\/100\n|move|p2a: Incineroar|Will-O-Wisp|p1a: Indeedee\n|-status|p1a: Indeedee|brn\n|\n|-heal|p2b: Rillaboom|22\/100|[from] Grassy Terrain\n|-damage|p1a: Indeedee|94\/100 brn|[from] brn\n|upkeep\n|turn|2\n|inactive|SamP_64 has 30 seconds left.\n|\n|t:|1739802944\n|switch|p1a: Urshifu|Urshifu-Rapid-Strike, L50, F|100\/100\n|move|p2b: Rillaboom|Fake Out|p1b: Chi-Yu\n|-damage|p1b: Chi-Yu|78\/100\n|cant|p1b: Chi-Yu|flinch\n|move|p2a: Incineroar|Parting Shot|p1a: Urshifu\n|-unboost|p1a: Urshifu|atk|1\n|-unboost|p1a: Urshifu|spa|1\n|j| shengning2\n|\n|t:|1739802959\n|switch|p2a: Flutter Mane|Flutter Mane, L50|100\/100|[from] Parting Shot\n|-enditem|p2a: Flutter Mane|Booster Energy\n|-activate|p2a: Flutter Mane|ability: Protosynthesis|[fromitem]\n|-start|p2a: Flutter Mane|protosynthesisspe\n|\n|-heal|p1b: Chi-Yu|84\/100|[from] Grassy Terrain\n|-heal|p2b: Rillaboom|28\/100|[from] Grassy Terrain\n|upkeep\n|turn|3\n|\n|t:|1739802972\n|switch|p1a: Indeedee|Indeedee-F, L50, F|94\/100 brn\n|-fieldstart|move: Psychic Terrain|[from] ability: Psychic Surge|[of] p1a: Indeedee\n|switch|p2b: Incineroar|Incineroar, L50, M|100\/100\n|-ability|p2b: Incineroar|Intimidate|boost\n|-unboost|p1a: Indeedee|atk|1\n|-unboost|p1b: Chi-Yu|atk|1\n|move|p2a: Flutter Mane|Moonblast|p1a: Indeedee\n|-damage|p1a: Indeedee|40\/100 brn\n|move|p1b: Chi-Yu|Heat Wave|p2b: Incineroar|[spread] p2a,p2b\n|-resisted|p2b: Incineroar\n|-damage|p2a: Flutter Mane|50\/100\n|-damage|p2b: Incineroar|78\/100\n|\n|-damage|p1a: Indeedee|34\/100 brn|[from] brn\n|upkeep\n|turn|4\n|inactive|ApoVGC has 30 seconds left.\n|inactive|SamP_64 has 30 seconds left.\n|inactive|SamP_64 has 20 seconds left.\n|\n|t:|1739803011\n|move|p1a: Indeedee|Helping Hand|p1b: Chi-Yu\n|-singleturn|p1b: Chi-Yu|Helping Hand|[of] p1a: Indeedee\n|move|p2a: Flutter Mane|Protect|p2a: Flutter Mane\n|-singleturn|p2a: Flutter Mane|Protect\n|move|p1b: Chi-Yu|Heat Wave|p2a: Flutter Mane|[spread] p2b\n|-activate|p2a: Flutter Mane|move: Protect\n|-resisted|p2b: Incineroar\n|-damage|p2b: Incineroar|46\/100\n|move|p2b: Incineroar|Parting Shot|p1b: Chi-Yu\n|-unboost|p1b: Chi-Yu|atk|1\n|-unboost|p1b: Chi-Yu|spa|1\n|\n|t:|1739803023\n|switch|p2b: Terapagos|Terapagos-Terastal, L50, M|100\/100|[from] Parting Shot\n|\n|-damage|p1a: Indeedee|28\/100 brn|[from] brn\n|upkeep\n|turn|5\n|\n|t:|1739803043\n|-end|p2a: Flutter Mane|Protosynthesis|[silent]\n|switch|p2a: Incineroar|Incineroar, L50, M|46\/100\n|-ability|p2a: Incineroar|Intimidate|boost\n|-unboost|p1a: Indeedee|atk|1\n|-unboost|p1b: Chi-Yu|atk|1\n|move|p1a: Indeedee|Helping Hand|p1b: Chi-Yu\n|-singleturn|p1b: Chi-Yu|Helping Hand|[of] p1a: Indeedee\n|move|p1b: Chi-Yu|Heat Wave|p2b: Terapagos|[spread] p2a,p2b\n|-resisted|p2a: Incineroar\n|-activate|p2b: Terapagos|ability: Tera Shell\n|-resisted|p2b: Terapagos\n|-damage|p2a: Incineroar|27\/100\n|-damage|p2b: Terapagos|77\/100\n|move|p2b: Terapagos|Tera Starstorm|p1b: Chi-Yu\n|-damage|p1b: Chi-Yu|15\/100\n|\n|-heal|p2b: Terapagos|83\/100|[from] item: Leftovers\n|-damage|p1a: Indeedee|21\/100 brn|[from] brn\n|upkeep\n|turn|6\n|\n|t:|1739803066\n|switch|p1a: Urshifu|Urshifu-Rapid-Strike, L50, F|100\/100\n|-terastallize|p2b: Terapagos|Stellar\n|detailschange|p2b: Terapagos|Terapagos-Stellar, L50, M, tera:Stellar\n|-heal|p2b: Terapagos|87\/100|[silent]\n|-ability|p2b: Terapagos|Teraform Zero\n|-fieldend|move: Psychic Terrain\n|move|p2a: Incineroar|Fake Out|p1b: Chi-Yu\n|-damage|p1b: Chi-Yu|0 fnt\n|faint|p1b: Chi-Yu\n|move|p2b: Terapagos|Tera Starstorm|p1a: Urshifu\n|-damage|p1a: Urshifu|25\/100\n|\n|-heal|p2b: Terapagos|93\/100|[from] item: Leftovers\n|upkeep\n|\n|t:|1739803078\n|switch|p1b: Indeedee|Indeedee-F, L50, F|21\/100 brn\n|-fieldstart|move: Psychic Terrain|[from] ability: Psychic Surge|[of] p1b: Indeedee\n|turn|7\n|inactive|SamP_64 has 30 seconds left.\n|inactive|SamP_64 has 20 seconds left.\n|\n|t:|1739803113\n|switch|p2b: Flutter Mane|Flutter Mane, L50|50\/100\n|-terastallize|p1a: Urshifu|Stellar\n|move|p1b: Indeedee|Follow Me|p1b: Indeedee\n|-singleturn|p1b: Indeedee|move: Follow Me\n|move|p1a: Urshifu|Close Combat|p2b: Flutter Mane\n|-immune|p2b: Flutter Mane\n|move|p2a: Incineroar|Knock Off|p1b: Indeedee\n|-supereffective|p1b: Indeedee\n|-damage|p1b: Indeedee|0 fnt\n|faint|p1b: Indeedee\n|\n|upkeep\n|\n|t:|1739803119\n|switch|p1b: Calyrex|Calyrex-Shadow, L50|100\/100\n|-ability|p1b: Calyrex|As One\n|-ability|p1b: Calyrex|Unnerve\n|turn|8\n|inactive|SamP_64 has 30 seconds left.\n|\n|t:|1739803153\n|move|p1b: Calyrex|Astral Barrage|p2b: Flutter Mane|[spread] p2a,p2b\n|-resisted|p2a: Incineroar\n|-supereffective|p2b: Flutter Mane\n|-damage|p2a: Incineroar|2\/100\n|-damage|p2b: Flutter Mane|0 fnt\n|faint|p2b: Flutter Mane\n|-end|p2b: Flutter Mane|Protosynthesis|[silent]\n|-ability|p1b: Calyrex|Grim Neigh|boost\n|-boost|p1b: Calyrex|spa|1\n|-damage|p1b: Calyrex|91\/100|[from] item: Life Orb\n|move|p1a: Urshifu|Close Combat|p2a: Incineroar\n|-supereffective|p2a: Incineroar\n|-damage|p2a: Incineroar|0 fnt\n|-unboost|p1a: Urshifu|def|1\n|-unboost|p1a: Urshifu|spd|1\n|-damage|p1a: Urshifu|8\/100|[from] item: Rocky Helmet|[of] p2a: Incineroar\n|faint|p2a: Incineroar\n|\n|upkeep\n|\n|t:|1739803163\n|switch|p2b: Terapagos|Terapagos-Stellar, L50, M, tera:Stellar|93\/100\n|switch|p2a: Rillaboom|Rillaboom, L50, F|28\/100\n|-fieldstart|move: Grassy Terrain|[from] ability: Grassy Surge|[of] p2a: Rillaboom\n|turn|9\n|inactive|SamP_64 has 30 seconds left.\n|inactive|SamP_64 has 20 seconds left.\n|inactive|SamP_64 has 15 seconds left.\n|j| tinymovingfarts\n|inactive|SamP_64 has 10 seconds left.\n|\n|t:|1739803210\n|move|p1a: Urshifu|Detect|p1a: Urshifu\n|-singleturn|p1a: Urshifu|Protect\n|move|p2a: Rillaboom|Grassy Glide|p1a: Urshifu\n|-activate|p1a: Urshifu|move: Protect\n|move|p1b: Calyrex|Astral Barrage|p2a: Rillaboom|[spread] p2a\n|-immune|p2b: Terapagos\n|-damage|p2a: Rillaboom|0 fnt\n|faint|p2a: Rillaboom\n|-ability|p1b: Calyrex|Grim Neigh|boost\n|-boost|p1b: Calyrex|spa|1\n|-damage|p1b: Calyrex|81\/100|[from] item: Life Orb\n|move|p2b: Terapagos|Calm Mind|p2b: Terapagos\n|-boost|p2b: Terapagos|spa|1\n|-boost|p2b: Terapagos|spd|1\n|\n|-heal|p1b: Calyrex|87\/100|[from] Grassy Terrain\n|-heal|p1a: Urshifu|14\/100|[from] Grassy Terrain\n|-heal|p2b: Terapagos|99\/100|[from] Grassy Terrain\n|-heal|p2b: Terapagos|100\/100|[from] item: Leftovers\n|upkeep\n|turn|10\n|\n|t:|1739803233\n|move|p1b: Calyrex|Expanding Force|p2b: Terapagos\n|-damage|p2b: Terapagos|47\/100\n|-damage|p1b: Calyrex|77\/100|[from] item: Life Orb\n|move|p1a: Urshifu|Close Combat|p2b: Terapagos\n|-supereffective|p2b: Terapagos\n|-crit|p2b: Terapagos\n|-damage|p2b: Terapagos|0 fnt\n|-unboost|p1a: Urshifu|def|1\n|-unboost|p1a: Urshifu|spd|1\n|faint|p2b: Terapagos\n|\n|win|ApoVGC\n|raw|ApoVGC's rating: 1637 &rarr; <strong>1657<\/strong><br \/>(+20 for winning)\n|raw|SamP_64's rating: 1635 &rarr; <strong>1615<\/strong><br \/>(-20 for losing)\n|l|\u2606SamP_64\n|player|p2|\n|l| shengning2\n|l|\u2606ApoVGC\n|player|p1|\n","uploadtime":1739803481,"views":4,"formatid":"gen9vgc2025regg","rating":1615,"private":0,"password":null}