{"id":"gen9vgc2025regg-2302127489","format":"[Gen 9] VGC 2025 Reg G","players":["Kaicyios","bacardigin"],"log":"|j|\u2606Kaicyios\n|j|\u2606bacardigin\n|t:|1739750013\n|gametype|doubles\n|player|p1|Kaicyios|giovanni|1640\n|player|p2|bacardigin|266|1645\n|teamsize|p1|6\n|teamsize|p2|6\n|gen|9\n|tier|[Gen 9] VGC 2025 Reg G\n|rated|\n|rule|Species Clause: Limit one of each Pok\u00e9mon\n|rule|Item Clause: Limit 1 of each item\n|clearpoke\n|poke|p1|Groudon, L50|\n|poke|p1|Tornadus, L50, M|\n|poke|p1|Flutter Mane, L50|\n|poke|p1|Chi-Yu, L50|\n|poke|p1|Raging Bolt, L50|\n|poke|p1|Ditto, L50|\n|poke|p2|Calyrex-Ice, L50|\n|poke|p2|Urshifu-*, L50, M|\n|poke|p2|Smeargle, L50, F|\n|poke|p2|Farigiraf, L50, M|\n|poke|p2|Ursaluna-Bloodmoon, L50, M|\n|poke|p2|Torkoal, L50, M|\n|teampreview|4\n|inactive|Battle timer is ON: inactive players will automatically lose when time's up. (requested by bacardigin)\n|\n|t:|1739750044\n|start\n|switch|p1a: Groudon|Groudon, L50|100\/100\n|switch|p1b: Raging Bolt|Raging Bolt, L50|100\/100\n|switch|p2a: Calyrex|Calyrex-Ice, L50|100\/100\n|switch|p2b: Smeargle|Smeargle, L50, F|100\/100\n|-ability|p2a: Calyrex|As One\n|-ability|p2a: Calyrex|Unnerve\n|-weather|SunnyDay|[from] ability: Drought|[of] p1a: Groudon\n|-activate|p1b: Raging Bolt|ability: Protosynthesis\n|-start|p1b: Raging Bolt|protosynthesisspa\n|turn|1\n|inactive|Kaicyios has 30 seconds left.\n|inactive|Kaicyios has 20 seconds left.\n|inactive|Kaicyios has 15 seconds left.\n|inactive|Kaicyios has 10 seconds left.\n|\n|t:|1739750091\n|-terastallize|p1b: Raging Bolt|Electric\n|move|p2b: Smeargle|Fake Out|p1b: Raging Bolt\n|-damage|p1b: Raging Bolt|95\/100\n|move|p1a: Groudon|Precipice Blades|p2b: Smeargle|[spread] p2a,p2b\n|-damage|p2a: Calyrex|65\/100\n|-damage|p2b: Smeargle|15\/100\n|cant|p1b: Raging Bolt|flinch\n|move|p2a: Calyrex|Trick Room|p2a: Calyrex\n|-fieldstart|move: Trick Room|[of] p2a: Calyrex\n|\n|-weather|SunnyDay|[upkeep]\n|-ability|p2b: Smeargle|Moody|boost\n|-boost|p2b: Smeargle|spe|2\n|-unboost|p2b: Smeargle|spa|1\n|-enditem|p2b: Smeargle|Eject Pack\n|upkeep\n|\n|t:|1739750103\n|switch|p2b: Ursaluna|Ursaluna-Bloodmoon, L50, M|100\/100\n|turn|2\n|inactive|Kaicyios has 30 seconds left.\n|inactive|Kaicyios has 20 seconds left.\n|\n|t:|1739750143\n|-terastallize|p2a: Calyrex|Grass\n|move|p1b: Raging Bolt|Thunderclap|p2a: Calyrex\n|-resisted|p2a: Calyrex\n|-damage|p2a: Calyrex|34\/100\n|-damage|p1b: Raging Bolt|85\/100|[from] item: Life Orb\n|move|p2a: Calyrex|Glacial Lance|p1b: Raging Bolt|[spread] p1a,p1b\n|-supereffective|p1a: Groudon\n|-damage|p1a: Groudon|28\/100\n|-damage|p1b: Raging Bolt|37\/100\n|move|p2b: Ursaluna|Hyper Voice|p1b: Raging Bolt|[spread] p1a,p1b\n|-damage|p1a: Groudon|0 fnt\n|-damage|p1b: Raging Bolt|0 fnt\n|faint|p1a: Groudon\n|faint|p1b: Raging Bolt\n|-end|p1b: Raging Bolt|Protosynthesis|[silent]\n|-damage|p2b: Ursaluna|91\/100|[from] item: Life Orb\n|\n|-weather|SunnyDay|[upkeep]\n|upkeep\n|\n|t:|1739750163\n|switch|p1b: Ditto|Ditto, L50|100\/100\n|switch|p1a: Chi-Yu|Chi-Yu, L50|100\/100\n|-transform|p1b: Ditto|p2a: Calyrex|[from] ability: Imposter\n|-ability|p1b: Ditto|As One\n|-ability|p1b: Ditto|Unnerve\n|-ability|p1a: Chi-Yu|Beads of Ruin\n|-enditem|p1b: Ditto|Room Service\n|-unboost|p1b: Ditto|spe|1|[from] item: Room Service\n|-start|p1b: Ditto|typechange|Psychic\/Ice|[silent]\n|turn|3\n|\n|t:|1739750187\n|move|p2a: Calyrex|Protect|p2a: Calyrex\n|-singleturn|p2a: Calyrex|Protect\n|move|p2b: Ursaluna|Vacuum Wave|p1a: Chi-Yu\n|-supereffective|p1a: Chi-Yu\n|-damage|p1a: Chi-Yu|49\/100\n|-damage|p2b: Ursaluna|81\/100|[from] item: Life Orb\n|move|p1b: Ditto|Glacial Lance|p2b: Ursaluna|[spread] p2b\n|-activate|p2a: Calyrex|move: Protect\n|-supereffective|p2b: Ursaluna\n|-damage|p2b: Ursaluna|0 fnt\n|faint|p2b: Ursaluna\n|-ability|p1b: Ditto|Chilling Neigh|boost\n|-boost|p1b: Ditto|atk|1\n|move|p1a: Chi-Yu|Heat Wave|p2a: Calyrex\n|-activate|p2a: Calyrex|move: Protect\n|\n|-weather|SunnyDay|[upkeep]\n|upkeep\n|\n|t:|1739750202\n|switch|p2b: Smeargle|Smeargle, L50, F|15\/100\n|turn|4\n|inactive|Kaicyios has 30 seconds left.\n|\n|t:|1739750231\n|move|p2b: Smeargle|Wide Guard|p2b: Smeargle\n|-singleturn|p2b: Smeargle|Wide Guard\n|move|p1b: Ditto|Glacial Lance|p2b: Smeargle|[spread] \n|-activate|p2a: Calyrex|move: Wide Guard\n|-activate|p2b: Smeargle|move: Wide Guard\n|move|p2a: Calyrex|Glacial Lance|p1a: Chi-Yu|[spread] p1a,p1b\n|-resisted|p1a: Chi-Yu\n|-resisted|p1b: Ditto\n|-damage|p1a: Chi-Yu|0 fnt\n|-damage|p1b: Ditto|74\/100\n|faint|p1a: Chi-Yu\n|-ability|p2a: Calyrex|Chilling Neigh|boost\n|-boost|p2a: Calyrex|atk|1\n|\n|-weather|SunnyDay|[upkeep]\n|-ability|p2b: Smeargle|Moody|boost\n|-boost|p2b: Smeargle|spa|2\n|-unboost|p2b: Smeargle|def|1\n|upkeep\n|turn|5\n|j| Baguettezzz\n|\n|t:|1739750253\n|move|p2a: Calyrex|Protect|p2a: Calyrex\n|-singleturn|p2a: Calyrex|Protect\n|move|p1b: Ditto|Glacial Lance|p2a: Calyrex|[spread] p2b\n|-activate|p2a: Calyrex|move: Protect\n|-damage|p2b: Smeargle|0 fnt\n|faint|p2b: Smeargle\n|-ability|p1b: Ditto|Chilling Neigh|boost\n|-boost|p1b: Ditto|atk|1\n|\n|-weather|none\n|-fieldend|move: Trick Room\n|upkeep\n|\n|t:|1739750263\n|switch|p2b: Urshifu|Urshifu, L50, M|100\/100\n|turn|6\n|\n|t:|1739750272\n|move|p2b: Urshifu|Wicked Blow|p1b: Ditto\n|-supereffective|p1b: Ditto\n|-crit|p1b: Ditto\n|-damage|p1b: Ditto|0 fnt\n|faint|p1b: Ditto\n|\n|win|bacardigin\n|raw|Kaicyios's rating: 1640 &rarr; <strong>1620<\/strong><br \/>(-20 for losing)\n|raw|bacardigin's rating: 1645 &rarr; <strong>1665<\/strong><br \/>(+20 for winning)\n|l|\u2606Kaicyios\n|player|p1|\n|l| Baguettezzz\n|l|\u2606bacardigin\n|player|p2|\n","uploadtime":1739750310,"views":26,"formatid":"gen9vgc2025regg","rating":1620,"private":0,"password":null}