{"id":"gen9vgc2025regg-2302220199","format":"[Gen 9] VGC 2025 Reg G","players":["zhz2021","rastapopolous"],"log":"|j|\u2606zhz2021\n|j|\u2606rastapopolous\n|t:|1739762039\n|gametype|doubles\n|player|p1|zhz2021|marley|1639\n|player|p2|rastapopolous|gentleman-gen4|1637\n|teamsize|p1|6\n|teamsize|p2|6\n|gen|9\n|tier|[Gen 9] VGC 2025 Reg G\n|rated|\n|rule|Species Clause: Limit one of each Pok\u00e9mon\n|rule|Item Clause: Limit 1 of each item\n|clearpoke\n|poke|p1|Smeargle, L50, M|\n|poke|p1|Urshifu-*, L50, F|\n|poke|p1|Bruxish, L50, F|\n|poke|p1|Calyrex-Ice, L50|\n|poke|p1|Tsareena, L50, F|\n|poke|p1|Tornadus, L50, M|\n|poke|p2|Hitmontop, L50, M|\n|poke|p2|Smeargle, L50, M|\n|poke|p2|Urshifu-*, L50, M|\n|poke|p2|Kyogre, L50|\n|poke|p2|Entei, L50|\n|poke|p2|Grimmsnarl, L50, M|\n|teampreview|4\n|inactive|Battle timer is ON: inactive players will automatically lose when time's up. (requested by rastapopolous)\n|inactive|zhz2021 has 60 seconds left.\n|\n|t:|1739762077\n|start\n|switch|p1a: Smeargle|Smeargle, L50, M|100\/100\n|switch|p1b: Bruxish|Bruxish, L50, F|100\/100\n|switch|p2a: Entei|Entei, L50, shiny|100\/100\n|switch|p2b: Hitmontop|Hitmontop, L50, M, shiny|100\/100\n|-ability|p2b: Hitmontop|Intimidate|boost\n|-unboost|p1a: Smeargle|atk|1\n|-enditem|p1a: Smeargle|Eject Pack\n|-unboost|p1b: Bruxish|atk|1\n|\n|t:|1739762088\n|switch|p1a: Calyrex|Calyrex-Ice, L50|100\/100\n|-ability|p1a: Calyrex|As One\n|-ability|p1a: Calyrex|Unnerve\n|turn|1\n|\n|t:|1739762104\n|-terastallize|p2a: Entei|Grass\n|-terastallize|p1a: Calyrex|Fire\n|move|p2a: Entei|Trailblaze|p1b: Bruxish\n|-supereffective|p1b: Bruxish\n|-damage|p1b: Bruxish|17\/100\n|-boost|p2a: Entei|spe|1\n|move|p2b: Hitmontop|Close Combat|p1b: Bruxish\n|-resisted|p1b: Bruxish\n|-damage|p1b: Bruxish|0 fnt\n|-unboost|p2b: Hitmontop|def|1\n|-unboost|p2b: Hitmontop|spd|1\n|faint|p1b: Bruxish\n|move|p1a: Calyrex|Glacial Lance|p2b: Hitmontop|[spread] p2a,p2b\n|-supereffective|p2a: Entei\n|-damage|p2a: Entei|0 fnt\n|-damage|p2b: Hitmontop|0 fnt\n|faint|p2a: Entei\n|faint|p2b: Hitmontop\n|-ability|p1a: Calyrex|Chilling Neigh|boost\n|-boost|p1a: Calyrex|atk|2\n|\n|upkeep\n|inactive|zhz2021 has 30 seconds left.\n|inactive|zhz2021 has 20 seconds left.\n|inactive|zhz2021 has 15 seconds left.\n|\n|t:|1739762146\n|switch|p2a: Smeargle|Smeargle, L50, M|100\/100\n|switch|p2b: Kyogre|Kyogre, L50|100\/100\n|switch|p1b: Smeargle|Smeargle, L50, M|100\/100\n|-weather|RainDance|[from] ability: Drizzle|[of] p2b: Kyogre\n|turn|2\n|\n|t:|1739762156\n|move|p1a: Calyrex|Protect|p1a: Calyrex\n|-singleturn|p1a: Calyrex|Protect\n|move|p2a: Smeargle|Fake Out|p1b: Smeargle\n|-damage|p1b: Smeargle|93\/100\n|move|p2b: Kyogre|Water Spout|p1a: Calyrex|[spread] p1b\n|-activate|p1a: Calyrex|move: Protect\n|-damage|p1b: Smeargle|0 fnt\n|faint|p1b: Smeargle\n|\n|-weather|RainDance|[upkeep]\n|-ability|p2a: Smeargle|Moody|boost\n|-boost|p2a: Smeargle|atk|2\n|-unboost|p2a: Smeargle|spe|1\n|upkeep\n|\n|t:|1739762162\n|switch|p1b: Show Your Fske Out|Tsareena, L50, F|100\/100\n|turn|3\n|\n|t:|1739762168\n|move|p2a: Smeargle|Follow Me|p2a: Smeargle\n|-singleturn|p2a: Smeargle|move: Follow Me\n|move|p2b: Kyogre|Water Spout|p1b: Show Your Fske Out|[spread] p1a,p1b\n|-supereffective|p1a: Calyrex\n|-resisted|p1b: Show Your Fske Out\n|-damage|p1a: Calyrex|0 fnt\n|-damage|p1b: Show Your Fske Out|59\/100\n|faint|p1a: Calyrex\n|move|p1b: Show Your Fske Out|Power Whip|p2a: Smeargle\n|-enditem|p2a: Smeargle|Focus Sash\n|-damage|p2a: Smeargle|1\/100\n|\n|-weather|RainDance|[upkeep]\n|-ability|p2a: Smeargle|Moody|boost\n|-boost|p2a: Smeargle|atk|2\n|-unboost|p2a: Smeargle|def|1\n|upkeep\n|turn|4\n|\n|t:|1739762182\n|move|p2a: Smeargle|Follow Me|p2a: Smeargle\n|-singleturn|p2a: Smeargle|move: Follow Me\n|move|p2b: Kyogre|Ice Beam|p1b: Show Your Fske Out\n|-supereffective|p1b: Show Your Fske Out\n|-damage|p1b: Show Your Fske Out|11\/100\n|move|p1b: Show Your Fske Out|Power Whip|p2a: Smeargle\n|-damage|p2a: Smeargle|0 fnt\n|faint|p2a: Smeargle\n|\n|-weather|RainDance|[upkeep]\n|upkeep\n|turn|5\n|\n|t:|1739762187\n|move|p2b: Kyogre|Ice Beam|p1b: Show Your Fske Out\n|-supereffective|p1b: Show Your Fske Out\n|-damage|p1b: Show Your Fske Out|0 fnt\n|faint|p1b: Show Your Fske Out\n|\n|win|rastapopolous\n|raw|zhz2021's rating: 1639 &rarr; <strong>1619<\/strong><br \/>(-20 for losing)\n|raw|rastapopolous's rating: 1637 &rarr; <strong>1657<\/strong><br \/>(+20 for winning)\n|l|\u2606rastapopolous\n|player|p2|\n|l|\u2606zhz2021\n|player|p1|\n","uploadtime":1739762424,"views":9,"formatid":"gen9vgc2025regg","rating":1619,"private":0,"password":null}