{"id":"gen9vgc2025regg-2302061015","format":"[Gen 9] VGC 2025 Reg G","players":["nonpippi","Hanou143"],"log":"|j|\u2606nonpippi\n|j|\u2606Hanou143\n|t:|1739742092\n|gametype|doubles\n|player|p1|nonpippi|2|1547\n|player|p2|Hanou143|169|1599\n|teamsize|p1|6\n|teamsize|p2|6\n|gen|9\n|tier|[Gen 9] VGC 2025 Reg G\n|rated|\n|rule|Species Clause: Limit one of each Pok\u00e9mon\n|rule|Item Clause: Limit 1 of each item\n|clearpoke\n|poke|p1|Calyrex-Ice, L50|\n|poke|p1|Urshifu-*, L50, F|\n|poke|p1|Ogerpon-Cornerstone, L50, F|\n|poke|p1|Raging Bolt, L50|\n|poke|p1|Landorus, L50, M|\n|poke|p1|Amoonguss, L50, M|\n|poke|p2|Calyrex-Shadow, L50|\n|poke|p2|Jigglypuff, L50, M|\n|poke|p2|Pelipper, L50, F|\n|poke|p2|Rillaboom, L50, F|\n|poke|p2|Incineroar, L50, M|\n|poke|p2|Urshifu-*, L50, F|\n|teampreview|4\n|\n|t:|1739742185\n|start\n|switch|p1a: Raging Bolt|Raging Bolt, L50|100\/100\n|switch|p1b: Urshifu|Urshifu-Rapid-Strike, L50, F|100\/100\n|switch|p2a: Calyrex|Calyrex-Shadow, L50|100\/100\n|switch|p2b: Incineroar|Incineroar, L50, M|100\/100\n|-ability|p2a: Calyrex|As One\n|-ability|p2a: Calyrex|Unnerve\n|-ability|p2b: Incineroar|Intimidate|boost\n|-unboost|p1a: Raging Bolt|atk|1\n|-unboost|p1b: Urshifu|atk|1\n|-enditem|p1a: Raging Bolt|Booster Energy\n|-activate|p1a: Raging Bolt|ability: Protosynthesis|[fromitem]\n|-start|p1a: Raging Bolt|protosynthesisspa\n|turn|1\n|inactive|Battle timer is ON: inactive players will automatically lose when time's up. (requested by Hanou143)\n|inactive|Hanou143 has 60 seconds left.\n|\n|t:|1739742226\n|-terastallize|p2a: Calyrex|Grass\n|move|p2b: Incineroar|Fake Out|p1a: Raging Bolt\n|-damage|p1a: Raging Bolt|89\/100\n|move|p2a: Calyrex|Calm Mind|p2a: Calyrex\n|-boost|p2a: Calyrex|spa|1\n|-boost|p2a: Calyrex|spd|1\n|move|p1b: Urshifu|Surging Strikes|p2b: Incineroar\n|-supereffective|p2b: Incineroar\n|-crit|p2b: Incineroar\n|-damage|p2b: Incineroar|51\/100\n|-supereffective|p2b: Incineroar\n|-crit|p2b: Incineroar\n|-damage|p2b: Incineroar|0 fnt\n|faint|p2b: Incineroar\n|-hitcount|p2: Incineroar|2\n|cant|p1a: Raging Bolt|flinch\n|\n|upkeep\n|\n|t:|1739742236\n|switch|p2b: Jigglypuff|Jigglypuff, L50, M|100\/100\n|turn|2\n|inactive|nonpippi has 30 seconds left.\n|\n|t:|1739742271\n|move|p1a: Raging Bolt|Protect|p1a: Raging Bolt\n|-singleturn|p1a: Raging Bolt|Protect\n|move|p2a: Calyrex|Giga Drain|p1b: Urshifu\n|-supereffective|p1b: Urshifu\n|-enditem|p1b: Urshifu|Focus Sash\n|-damage|p1b: Urshifu|1\/100\n|move|p1b: Urshifu|Surging Strikes|p2b: Jigglypuff\n|-crit|p2b: Jigglypuff\n|-damage|p2b: Jigglypuff|79\/100\n|-crit|p2b: Jigglypuff\n|-damage|p2b: Jigglypuff|57\/100\n|-crit|p2b: Jigglypuff\n|-damage|p2b: Jigglypuff|34\/100\n|-hitcount|p2b: Jigglypuff|3\n|move|p2b: Jigglypuff|Alluring Voice|p1b: Urshifu\n|-supereffective|p1b: Urshifu\n|-damage|p1b: Urshifu|0 fnt\n|faint|p1b: Urshifu\n|\n|upkeep\n|\n|t:|1739742288\n|switch|p1b: Calyrex|Calyrex-Ice, L50|100\/100\n|-ability|p1b: Calyrex|As One\n|-ability|p1b: Calyrex|Unnerve\n|turn|3\n|\n|t:|1739742301\n|-terastallize|p1b: Calyrex|Normal\n|move|p1a: Raging Bolt|Thunderclap||[still]\n|-fail|p1a: Raging Bolt\n|move|p2a: Calyrex|Astral Barrage|p1a: Raging Bolt|[spread] p1a\n|-immune|p1b: Calyrex\n|-damage|p1a: Raging Bolt|23\/100\n|move|p1b: Calyrex|Glacial Lance|p2b: Jigglypuff|[spread] p2a,p2b\n|-supereffective|p2a: Calyrex\n|-damage|p2a: Calyrex|43\/100\n|-damage|p2b: Jigglypuff|0 fnt\n|faint|p2b: Jigglypuff\n|-ability|p1b: Calyrex|Chilling Neigh|boost\n|-boost|p1b: Calyrex|atk|1\n|\n|upkeep\n|\n|t:|1739742313\n|switch|p2b: Pelipper|Pelipper, L50, F|100\/100\n|-weather|RainDance|[from] ability: Drizzle|[of] p2b: Pelipper\n|turn|4\n|\n|t:|1739742330\n|move|p1a: Raging Bolt|Thunderclap|p2b: Pelipper\n|-supereffective|p2b: Pelipper\n|-enditem|p2b: Pelipper|Focus Sash\n|-damage|p2b: Pelipper|1\/100\n|move|p2a: Calyrex|Giga Drain|p1b: Calyrex\n|-damage|p1b: Calyrex|64\/100\n|-heal|p2a: Calyrex|62\/100|[from] drain|[of] p1b: Calyrex\n|move|p2b: Pelipper|Hurricane|p1b: Calyrex\n|-damage|p1b: Calyrex|29\/100\n|-start|p1b: Calyrex|confusion\n|-activate|p1b: Calyrex|confusion\n|move|p1b: Calyrex|Trick Room|p1b: Calyrex\n|-fieldstart|move: Trick Room|[of] p1b: Calyrex\n|\n|-weather|RainDance|[upkeep]\n|upkeep\n|turn|5\n|\n|t:|1739742350\n|-activate|p1b: Calyrex|confusion\n|move|p1b: Calyrex|Protect|p1b: Calyrex\n|-singleturn|p1b: Calyrex|Protect\n|move|p2b: Pelipper|Wide Guard|p2b: Pelipper\n|-singleturn|p2b: Pelipper|Wide Guard\n|move|p1a: Raging Bolt|Thunderbolt|p2b: Pelipper\n|-supereffective|p2b: Pelipper\n|-damage|p2b: Pelipper|0 fnt\n|faint|p2b: Pelipper\n|move|p2a: Calyrex|Giga Drain|p1b: Calyrex\n|-activate|p1b: Calyrex|move: Protect\n|\n|-weather|RainDance|[upkeep]\n|upkeep\n|turn|6\n|\n|t:|1739742364\n|-end|p1b: Calyrex|confusion\n|move|p1b: Calyrex|Glacial Lance|p2a: Calyrex\n|-supereffective|p2a: Calyrex\n|-damage|p2a: Calyrex|0 fnt\n|faint|p2a: Calyrex\n|\n|win|nonpippi\n|raw|nonpippi's rating: 1547 &rarr; <strong>1570<\/strong><br \/>(+23 for winning)\n|raw|Hanou143's rating: 1599 &rarr; <strong>1576<\/strong><br \/>(-23 for losing)\n|l|\u2606Hanou143\n|player|p2|\n|l|\u2606nonpippi\n|player|p1|\n","uploadtime":1739742635,"views":5,"formatid":"gen9vgc2025regg","rating":1570,"private":0,"password":null}