{"id":"gen9vgc2025regg-2302710307","format":"[Gen 9] VGC 2025 Reg G","players":["pcord cypher","LaCourgetta"],"log":"|j|\u2606pcord cypher\n|j|\u2606LaCourgetta\n|t:|1739829127\n|gametype|doubles\n|player|p1|pcord cypher|265|1656\n|player|p2|LaCourgetta|swimmerf|1634\n|teamsize|p1|6\n|teamsize|p2|6\n|gen|9\n|tier|[Gen 9] VGC 2025 Reg G\n|rated|\n|rule|Species Clause: Limit one of each Pok\u00e9mon\n|rule|Item Clause: Limit 1 of each item\n|clearpoke\n|poke|p1|Kyogre, L50|\n|poke|p1|Chien-Pao, L50|\n|poke|p1|Tornadus, L50, M|\n|poke|p1|Tsareena, L50, F|\n|poke|p1|Dondozo, L50, M|\n|poke|p1|Tatsugiri-Droopy, L50, M|\n|poke|p2|Terapagos, L50, M|\n|poke|p2|Tornadus, L50, M|\n|poke|p2|Dondozo, L50, F|\n|poke|p2|Smeargle, L50, M|\n|poke|p2|Tatsugiri-Droopy, L50, F|\n|poke|p2|Ogerpon-Hearthflame, L50, F|\n|teampreview|4\n|inactive|Battle timer is ON: inactive players will automatically lose when time's up. (requested by LaCourgetta)\n|j| CerebralGenesis\n|inactive|LaCourgetta has 60 seconds left.\n|\n|t:|1739829184\n|start\n|switch|p1a: Tornadus|Tornadus, L50, M|100\/100\n|switch|p1b: Kyogre|Kyogre, L50|100\/100\n|switch|p2a: Terapagos|Terapagos, L50, M|100\/100\n|switch|p2b: Smeargle|Smeargle, L50, M|100\/100\n|-activate|p2a: Terapagos|ability: Tera Shift\n|detailschange|p2a: Terapagos|Terapagos-Terastal, L50, M\n|-heal|p2a: Terapagos|100\/100|[silent]\n|-weather|RainDance|[from] ability: Drizzle|[of] p1b: Kyogre\n|turn|1\n|inactive|pcord cypher has 30 seconds left.\n|\n|t:|1739829218\n|move|p2b: Smeargle|Fake Out|p1b: Kyogre\n|-damage|p1b: Kyogre|95\/100\n|move|p1a: Tornadus|Hurricane|p2b: Smeargle\n|-enditem|p2b: Smeargle|Focus Sash\n|-damage|p2b: Smeargle|1\/100\n|-start|p2b: Smeargle|confusion\n|cant|p1b: Kyogre|flinch\n|move|p2a: Terapagos|Tera Starstorm|p1a: Tornadus\n|-damage|p1a: Tornadus|0 fnt\n|faint|p1a: Tornadus\n|\n|-weather|RainDance|[upkeep]\n|-ability|p2b: Smeargle|Moody|boost\n|-boost|p2b: Smeargle|spe|2\n|-unboost|p2b: Smeargle|atk|1\n|upkeep\n|\n|t:|1739829235\n|switch|p1a: Tatsugiri|Tatsugiri-Droopy, L50, M|100\/100\n|turn|2\n|\n|t:|1739829247\n|-terastallize|p1b: Kyogre|Water\n|-terastallize|p2a: Terapagos|Stellar\n|detailschange|p2a: Terapagos|Terapagos-Stellar, L50, M, tera:Stellar\n|-heal|p2a: Terapagos|100\/100|[silent]\n|-ability|p2a: Terapagos|Teraform Zero\n|-weather|none\n|-activate|p2b: Smeargle|confusion\n|-damage|p2b: Smeargle|0 fnt|[from] confusion\n|faint|p2b: Smeargle\n|move|p1a: Tatsugiri|Icy Wind|p2a: Terapagos\n|-damage|p2a: Terapagos|89\/100\n|-unboost|p2a: Terapagos|spe|1\n|move|p1b: Kyogre|Water Spout|p2a: Terapagos\n|-damage|p2a: Terapagos|0 fnt\n|faint|p2a: Terapagos\n|\n|upkeep\n|j| zach.fisher\n|l| zach.fisher\n|\n|t:|1739829266\n|switch|p2b: Tatsugiri|Tatsugiri-Droopy, L50, F|100\/100\n|switch|p2a: Dondozo|Dondozo, L50, F|100\/100\n|-activate|p2b: Tatsugiri|ability: Commander|[of] p2a: Dondozo\n|-boost|p2a: Dondozo|atk|2\n|-boost|p2a: Dondozo|spa|2\n|-boost|p2a: Dondozo|spe|2\n|-boost|p2a: Dondozo|def|2\n|-boost|p2a: Dondozo|spd|2\n|turn|3\n|\n|t:|1739829294\n|move|p1a: Tatsugiri|Icy Wind|p2a: Dondozo|[spread] p2a\n|-miss|p1a: Tatsugiri|p2b: Tatsugiri\n|-resisted|p2a: Dondozo\n|-damage|p2a: Dondozo|98\/100\n|-unboost|p2a: Dondozo|spe|1\n|move|p1b: Kyogre|Water Spout|p2a: Dondozo|[spread] p2a\n|-miss|p1b: Kyogre|p2b: Tatsugiri\n|-resisted|p2a: Dondozo\n|-damage|p2a: Dondozo|75\/100\n|move|p2a: Dondozo|Order Up|p1b: Kyogre\n|-damage|p1b: Kyogre|54\/100\n|-boost|p2a: Dondozo|def|1\n|\n|-heal|p2a: Dondozo|81\/100|[from] item: Leftovers\n|upkeep\n|turn|4\n|\n|t:|1739829311\n|switch|p1b: Dondozo|Dondozo, L50, M|100\/100\n|-activate|p1a: Tatsugiri|ability: Commander|[of] p1b: Dondozo\n|-boost|p1b: Dondozo|atk|2\n|-boost|p1b: Dondozo|spa|2\n|-boost|p1b: Dondozo|spe|2\n|-boost|p1b: Dondozo|def|2\n|-boost|p1b: Dondozo|spd|2\n|move|p2a: Dondozo|Order Up|p1a: Tatsugiri|[miss]\n|-miss|p2a: Dondozo|p1a: Tatsugiri\n|\n|-heal|p2a: Dondozo|88\/100|[from] item: Leftovers\n|upkeep\n|turn|5\n|\n|t:|1739829323\n|move|p1b: Dondozo|Order Up|p2a: Dondozo\n|-damage|p2a: Dondozo|77\/100\n|-boost|p1b: Dondozo|def|1\n|move|p2a: Dondozo|Order Up|p1b: Dondozo\n|-damage|p1b: Dondozo|89\/100\n|-boost|p2a: Dondozo|def|1\n|\n|-heal|p1b: Dondozo|96\/100|[from] item: Leftovers\n|-heal|p2a: Dondozo|83\/100|[from] item: Leftovers\n|upkeep\n|turn|6\n|\n|t:|1739829333\n|move|p2a: Dondozo|Protect|p2a: Dondozo\n|-singleturn|p2a: Dondozo|Protect\n|move|p1b: Dondozo|Order Up|p2a: Dondozo\n|-activate|p2a: Dondozo|move: Protect\n|\n|-heal|p1b: Dondozo|100\/100|[from] item: Leftovers\n|-heal|p2a: Dondozo|90\/100|[from] item: Leftovers\n|upkeep\n|turn|7\n|\n|t:|1739829339\n|move|p1b: Dondozo|Wave Crash|p2a: Dondozo\n|-resisted|p2a: Dondozo\n|-damage|p2a: Dondozo|77\/100\n|-damage|p1b: Dondozo|96\/100|[from] Recoil\n|move|p2a: Dondozo|Order Up|p1b: Dondozo\n|-damage|p1b: Dondozo|84\/100\n|-boost|p2a: Dondozo|def|1\n|\n|-heal|p1b: Dondozo|90\/100|[from] item: Leftovers\n|-heal|p2a: Dondozo|83\/100|[from] item: Leftovers\n|upkeep\n|turn|8\n|\n|t:|1739829350\n|move|p2a: Dondozo|Protect|p2a: Dondozo\n|-singleturn|p2a: Dondozo|Protect\n|move|p1b: Dondozo|Order Up|p2a: Dondozo\n|-activate|p2a: Dondozo|move: Protect\n|\n|-heal|p1b: Dondozo|97\/100|[from] item: Leftovers\n|-heal|p2a: Dondozo|89\/100|[from] item: Leftovers\n|upkeep\n|turn|9\n|\n|t:|1739829360\n|move|p1b: Dondozo|Order Up|p2a: Dondozo\n|-damage|p2a: Dondozo|77\/100\n|-boost|p1b: Dondozo|def|1\n|move|p2a: Dondozo|Order Up|p1b: Dondozo\n|-damage|p1b: Dondozo|87\/100\n|-boost|p2a: Dondozo|def|1\n|\n|-heal|p1b: Dondozo|93\/100|[from] item: Leftovers\n|-heal|p2a: Dondozo|84\/100|[from] item: Leftovers\n|upkeep\n|turn|10\n|\n|t:|1739829372\n|move|p2a: Dondozo|Protect|p2a: Dondozo\n|-singleturn|p2a: Dondozo|Protect\n|move|p1b: Dondozo|Wave Crash|p2a: Dondozo\n|-activate|p2a: Dondozo|move: Protect\n|\n|-heal|p1b: Dondozo|99\/100|[from] item: Leftovers\n|-heal|p2a: Dondozo|90\/100|[from] item: Leftovers\n|upkeep\n|turn|11\n|\n|t:|1739829382\n|move|p1b: Dondozo|Order Up|p2a: Dondozo\n|-damage|p2a: Dondozo|80\/100\n|-boost|p1b: Dondozo|def|1\n|move|p2a: Dondozo|Body Press|p1b: Dondozo\n|-damage|p1b: Dondozo|87\/100\n|\n|-heal|p1b: Dondozo|93\/100|[from] item: Leftovers\n|-heal|p2a: Dondozo|86\/100|[from] item: Leftovers\n|upkeep\n|turn|12\n|\n|t:|1739829392\n|move|p2a: Dondozo|Protect|p2a: Dondozo\n|-singleturn|p2a: Dondozo|Protect\n|move|p1b: Dondozo|Order Up|p2a: Dondozo\n|-activate|p2a: Dondozo|move: Protect\n|\n|-heal|p1b: Dondozo|99\/100|[from] item: Leftovers\n|-heal|p2a: Dondozo|93\/100|[from] item: Leftovers\n|upkeep\n|turn|13\n|\n|t:|1739829403\n|move|p1b: Dondozo|Body Press|p2a: Dondozo\n|-damage|p2a: Dondozo|79\/100\n|move|p2a: Dondozo|Body Press|p1b: Dondozo\n|-damage|p1b: Dondozo|87\/100\n|\n|-heal|p1b: Dondozo|93\/100|[from] item: Leftovers\n|-heal|p2a: Dondozo|85\/100|[from] item: Leftovers\n|upkeep\n|turn|14\n|\n|t:|1739829417\n|move|p1b: Dondozo|Body Press|p2a: Dondozo\n|-damage|p2a: Dondozo|71\/100\n|move|p2a: Dondozo|Body Press|p1b: Dondozo\n|-damage|p1b: Dondozo|81\/100\n|\n|-heal|p1b: Dondozo|87\/100|[from] item: Leftovers\n|-heal|p2a: Dondozo|77\/100|[from] item: Leftovers\n|upkeep\n|turn|15\n|\n|t:|1739829429\n|move|p1b: Dondozo|Order Up|p2a: Dondozo\n|-damage|p2a: Dondozo|66\/100\n|-boost|p1b: Dondozo|def|1\n|move|p2a: Dondozo|Body Press|p1b: Dondozo\n|-damage|p1b: Dondozo|76\/100\n|\n|-heal|p1b: Dondozo|82\/100|[from] item: Leftovers\n|-heal|p2a: Dondozo|72\/100|[from] item: Leftovers\n|upkeep\n|turn|16\n|\n|t:|1739829441\n|move|p1b: Dondozo|Wave Crash|p2a: Dondozo\n|-resisted|p2a: Dondozo\n|-damage|p2a: Dondozo|60\/100\n|-damage|p1b: Dondozo|77\/100|[from] Recoil\n|move|p2a: Dondozo|Body Press|p1b: Dondozo\n|-damage|p1b: Dondozo|66\/100\n|\n|-heal|p1b: Dondozo|72\/100|[from] item: Leftovers\n|-heal|p2a: Dondozo|66\/100|[from] item: Leftovers\n|upkeep\n|turn|17\n|\n|t:|1739829454\n|move|p1b: Dondozo|Body Press|p2a: Dondozo\n|-damage|p2a: Dondozo|50\/100\n|move|p2a: Dondozo|Body Press|p1b: Dondozo\n|-damage|p1b: Dondozo|59\/100\n|\n|-heal|p1b: Dondozo|65\/100|[from] item: Leftovers\n|-heal|p2a: Dondozo|56\/100|[from] item: Leftovers\n|upkeep\n|turn|18\n|\n|t:|1739829465\n|move|p1b: Dondozo|Order Up|p2a: Dondozo\n|-damage|p2a: Dondozo|47\/100\n|-boost|p1b: Dondozo|def|0\n|move|p2a: Dondozo|Body Press|p1b: Dondozo\n|-damage|p1b: Dondozo|53\/100\n|\n|-heal|p1b: Dondozo|59\/100|[from] item: Leftovers\n|-heal|p2a: Dondozo|53\/100|[from] item: Leftovers\n|upkeep\n|turn|19\n|\n|t:|1739829476\n|move|p1b: Dondozo|Order Up|p2a: Dondozo\n|-damage|p2a: Dondozo|42\/100\n|-boost|p1b: Dondozo|def|0\n|move|p2a: Dondozo|Body Press|p1b: Dondozo\n|-damage|p1b: Dondozo|46\/100\n|\n|-heal|p1b: Dondozo|52\/100|[from] item: Leftovers\n|-heal|p2a: Dondozo|48\/100|[from] item: Leftovers\n|upkeep\n|turn|20\n|\n|t:|1739829487\n|move|p2a: Dondozo|Protect|p2a: Dondozo\n|-singleturn|p2a: Dondozo|Protect\n|move|p1b: Dondozo|Body Press|p2a: Dondozo\n|-activate|p2a: Dondozo|move: Protect\n|\n|-heal|p1b: Dondozo|58\/100|[from] item: Leftovers\n|-heal|p2a: Dondozo|54\/100|[from] item: Leftovers\n|upkeep\n|turn|21\n|\n|t:|1739829498\n|move|p1b: Dondozo|Body Press|p2a: Dondozo\n|-damage|p2a: Dondozo|40\/100\n|move|p2a: Dondozo|Body Press|p1b: Dondozo\n|-damage|p1b: Dondozo|46\/100\n|\n|-heal|p1b: Dondozo|52\/100|[from] item: Leftovers\n|-heal|p2a: Dondozo|46\/100|[from] item: Leftovers\n|upkeep\n|turn|22\n|\n|t:|1739829508\n|move|p1b: Dondozo|Body Press|p2a: Dondozo\n|-damage|p2a: Dondozo|31\/100\n|move|p2a: Dondozo|Body Press|p1b: Dondozo\n|-damage|p1b: Dondozo|41\/100\n|\n|-heal|p1b: Dondozo|47\/100|[from] item: Leftovers\n|-heal|p2a: Dondozo|37\/100|[from] item: Leftovers\n|upkeep\n|turn|23\n|\n|t:|1739829517\n|move|p2a: Dondozo|Protect|p2a: Dondozo\n|-singleturn|p2a: Dondozo|Protect\n|move|p1b: Dondozo|Order Up|p2a: Dondozo\n|-activate|p2a: Dondozo|move: Protect\n|\n|-heal|p1b: Dondozo|53\/100|[from] item: Leftovers\n|-heal|p2a: Dondozo|43\/100|[from] item: Leftovers\n|upkeep\n|turn|24\n|\n|t:|1739829526\n|move|p1b: Dondozo|Body Press|p2a: Dondozo\n|-damage|p2a: Dondozo|27\/100\n|move|p2a: Dondozo|Order Up|p1b: Dondozo\n|-damage|p1b: Dondozo|43\/100\n|-boost|p2a: Dondozo|def|0\n|\n|-heal|p1b: Dondozo|50\/100|[from] item: Leftovers\n|-heal|p2a: Dondozo|33\/100|[from] item: Leftovers\n|upkeep\n|turn|25\n|\n|t:|1739829533\n|move|p1b: Dondozo|Order Up|p2a: Dondozo\n|-damage|p2a: Dondozo|23\/100\n|-boost|p1b: Dondozo|def|0\n|move|p2a: Dondozo|Order Up|p1b: Dondozo\n|-damage|p1b: Dondozo|39\/100\n|-boost|p2a: Dondozo|def|0\n|\n|-heal|p1b: Dondozo|45\/100|[from] item: Leftovers\n|-heal|p2a: Dondozo|29\/100|[from] item: Leftovers\n|upkeep\n|turn|26\n|\n|t:|1739829544\n|move|p2a: Dondozo|Protect|p2a: Dondozo\n|-singleturn|p2a: Dondozo|Protect\n|move|p1b: Dondozo|Body Press|p2a: Dondozo\n|-activate|p2a: Dondozo|move: Protect\n|\n|-heal|p1b: Dondozo|51\/100|[from] item: Leftovers\n|-heal|p2a: Dondozo|35\/100|[from] item: Leftovers\n|upkeep\n|turn|27\n|\n|t:|1739829551\n|move|p1b: Dondozo|Body Press|p2a: Dondozo\n|-damage|p2a: Dondozo|20\/100\n|move|p2a: Dondozo|Body Press|p1b: Dondozo\n|-damage|p1b: Dondozo|39\/100\n|\n|-heal|p1b: Dondozo|45\/100|[from] item: Leftovers\n|-heal|p2a: Dondozo|26\/100|[from] item: Leftovers\n|upkeep\n|turn|28\n|\n|t:|1739829563\n|move|p1b: Dondozo|Wave Crash|p2a: Dondozo\n|-resisted|p2a: Dondozo\n|-damage|p2a: Dondozo|15\/100\n|-damage|p1b: Dondozo|41\/100|[from] Recoil\n|move|p2a: Dondozo|Body Press|p1b: Dondozo\n|-damage|p1b: Dondozo|28\/100\n|\n|-heal|p1b: Dondozo|34\/100|[from] item: Leftovers\n|-heal|p2a: Dondozo|22\/100|[from] item: Leftovers\n|upkeep\n|turn|29\n|\n|t:|1739829574\n|move|p2a: Dondozo|Protect|p2a: Dondozo\n|-singleturn|p2a: Dondozo|Protect\n|move|p1b: Dondozo|Body Press|p2a: Dondozo\n|-activate|p2a: Dondozo|move: Protect\n|\n|-heal|p1b: Dondozo|40\/100|[from] item: Leftovers\n|-heal|p2a: Dondozo|28\/100|[from] item: Leftovers\n|upkeep\n|turn|30\n|\n|t:|1739829582\n|move|p1b: Dondozo|Body Press|p2a: Dondozo\n|-damage|p2a: Dondozo|12\/100\n|move|p2a: Dondozo|Body Press|p1b: Dondozo\n|-damage|p1b: Dondozo|27\/100\n|\n|-heal|p1b: Dondozo|34\/100|[from] item: Leftovers\n|-heal|p2a: Dondozo|18\/100|[from] item: Leftovers\n|upkeep\n|turn|31\n|\n|t:|1739829592\n|move|p2a: Dondozo|Protect|p2a: Dondozo\n|-singleturn|p2a: Dondozo|Protect\n|move|p1b: Dondozo|Order Up|p2a: Dondozo\n|-activate|p2a: Dondozo|move: Protect\n|\n|-heal|p1b: Dondozo|40\/100|[from] item: Leftovers\n|-heal|p2a: Dondozo|25\/100|[from] item: Leftovers\n|upkeep\n|turn|32\n|\n|t:|1739829601\n|move|p1b: Dondozo|Body Press|p2a: Dondozo\n|-damage|p2a: Dondozo|8\/100\n|move|p2a: Dondozo|Body Press|p1b: Dondozo\n|-damage|p1b: Dondozo|27\/100\n|\n|-heal|p1b: Dondozo|33\/100|[from] item: Leftovers\n|-heal|p2a: Dondozo|15\/100|[from] item: Leftovers\n|upkeep\n|turn|33\n|\n|t:|1739829612\n|move|p1b: Dondozo|Order Up|p2a: Dondozo\n|-damage|p2a: Dondozo|4\/100\n|-boost|p1b: Dondozo|def|0\n|move|p2a: Dondozo|Body Press|p1b: Dondozo\n|-damage|p1b: Dondozo|20\/100\n|\n|-heal|p1b: Dondozo|26\/100|[from] item: Leftovers\n|-heal|p2a: Dondozo|10\/100|[from] item: Leftovers\n|upkeep\n|turn|34\n|\n|t:|1739829622\n|move|p2a: Dondozo|Protect|p2a: Dondozo\n|-singleturn|p2a: Dondozo|Protect\n|move|p1b: Dondozo|Body Press|p2a: Dondozo\n|-activate|p2a: Dondozo|move: Protect\n|\n|-heal|p1b: Dondozo|32\/100|[from] item: Leftovers\n|-heal|p2a: Dondozo|17\/100|[from] item: Leftovers\n|upkeep\n|turn|35\n|\n|t:|1739829634\n|move|p1b: Dondozo|Body Press|p2a: Dondozo\n|-damage|p2a: Dondozo|0 fnt\n|faint|p2a: Dondozo\n|\n|-heal|p1b: Dondozo|38\/100|[from] item: Leftovers\n|upkeep\n|turn|36\n|\n|t:|1739829647\n|move|p1b: Dondozo|Protect|p1b: Dondozo\n|-singleturn|p1b: Dondozo|Protect\n|move|p2b: Tatsugiri|Muddy Water|p1a: Tatsugiri|[spread] \n|-miss|p2b: Tatsugiri|p1a: Tatsugiri\n|-activate|p1b: Dondozo|move: Protect\n|\n|-heal|p1b: Dondozo|44\/100|[from] item: Leftovers\n|upkeep\n|turn|37\n|c|\u2606pcord cypher|gg\n|\n|t:|1739829656\n|move|p2b: Tatsugiri|Muddy Water|p1a: Tatsugiri|[spread] p1b\n|-miss|p2b: Tatsugiri|p1a: Tatsugiri\n|-resisted|p1b: Dondozo\n|-damage|p1b: Dondozo|36\/100\n|-unboost|p1b: Dondozo|accuracy|1\n|move|p1b: Dondozo|Order Up|p2b: Tatsugiri\n|-supereffective|p2b: Tatsugiri\n|-damage|p2b: Tatsugiri|0 fnt\n|faint|p2b: Tatsugiri\n|\n|win|pcord cypher\n|raw|pcord cypher's rating: 1656 &rarr; <strong>1675<\/strong><br \/>(+19 for winning)\n|raw|LaCourgetta's rating: 1634 &rarr; <strong>1615<\/strong><br \/>(-19 for losing)\n|l| CerebralGenesis\n|l|\u2606LaCourgetta\n|player|p2|\n","uploadtime":1739829663,"views":13,"formatid":"gen9vgc2025regg","rating":1615,"private":0,"password":null}