{"id":"gen9vgc2025regg-2302397348","format":"[Gen 9] VGC 2025 Reg G","players":["satelite99","Onemagician4496"],"log":"|j|\u2606satelite99\n|j|\u2606Onemagician4496\n|t:|1739793051\n|gametype|doubles\n|player|p1|satelite99|wallace|1611\n|player|p2|Onemagician4496|ethan|1588\n|teamsize|p1|6\n|teamsize|p2|6\n|gen|9\n|tier|[Gen 9] VGC 2025 Reg G\n|rated|\n|rule|Species Clause: Limit one of each Pok\u00e9mon\n|rule|Item Clause: Limit 1 of each item\n|clearpoke\n|poke|p1|Zamazenta-*, L50|\n|poke|p1|Tornadus, L50, M|\n|poke|p1|Chien-Pao, L50|\n|poke|p1|Raging Bolt, L50|\n|poke|p1|Urshifu-*, L50, M|\n|poke|p1|Gholdengo, L50|\n|poke|p2|Koraidon, L50|\n|poke|p2|Venusaur, L50, M|\n|poke|p2|Indeedee-F, L50, F|\n|poke|p2|Chi-Yu, L50|\n|poke|p2|Raging Bolt, L50|\n|poke|p2|Iron Crown, L50|\n|teampreview|4\n|inactive|Battle timer is ON: inactive players will automatically lose when time's up. (requested by Onemagician4496)\nsatelite99 rejected open team sheets.\n|inactive|satelite99 has 60 seconds left.\n|inactive|Onemagician4496 has 60 seconds left.\n|\n|t:|1739793103\n|start\n|switch|p1a: Tornadus|Tornadus, L50, M|100\/100\n|switch|p1b: Zamazenta|Zamazenta-Crowned, L50|100\/100\n|switch|p2a: Indeedee|Indeedee-F, L50, F|100\/100\n|switch|p2b: Raging Bolt|Raging Bolt, L50|100\/100\n|-ability|p1b: Zamazenta|Dauntless Shield|boost\n|-boost|p1b: Zamazenta|def|1\n|-fieldstart|move: Psychic Terrain|[from] ability: Psychic Surge|[of] p2a: Indeedee\n|-enditem|p2a: Indeedee|Psychic Seed\n|-boost|p2a: Indeedee|spd|1|[from] item: Psychic Seed\n|turn|1\n|\n|t:|1739793125\n|switch|p1a: Gholdengo|Gholdengo, L50|100\/100\n|move|p1b: Zamazenta|Body Press|p2b: Raging Bolt\n|-crit|p2b: Raging Bolt\n|-damage|p2b: Raging Bolt|6\/100\n|move|p2b: Raging Bolt|Thunderbolt|p1a: Gholdengo\n|-damage|p1a: Gholdengo|38\/100\n|-damage|p2b: Raging Bolt|0 fnt|[from] item: Life Orb\n|faint|p2b: Raging Bolt\n|-end|p2b: Raging Bolt|Protosynthesis|[silent]\n|move|p2a: Indeedee|Trick Room|p2a: Indeedee\n|-fieldstart|move: Trick Room|[of] p2a: Indeedee\n|\n|-heal|p1a: Gholdengo|44\/100|[from] item: Leftovers\n|upkeep\n|\n|t:|1739793139\n|switch|p2b: Iron Crown|Iron Crown, L50|100\/100\n|-enditem|p2b: Iron Crown|Booster Energy\n|-activate|p2b: Iron Crown|ability: Quark Drive|[fromitem]\n|-start|p2b: Iron Crown|quarkdrivespa\n|turn|2\n|\n|t:|1739793161\n|move|p2a: Indeedee|Helping Hand|p2b: Iron Crown\n|-singleturn|p2b: Iron Crown|Helping Hand|[of] p2a: Indeedee\n|move|p1a: Gholdengo|Protect|p1a: Gholdengo\n|-singleturn|p1a: Gholdengo|Protect\n|move|p2b: Iron Crown|Expanding Force|p1b: Zamazenta|[spread] p1b\n|-activate|p1a: Gholdengo|move: Protect\n|-damage|p1b: Zamazenta|13\/100\n|move|p1b: Zamazenta|Body Press|p2b: Iron Crown\n|-crit|p2b: Iron Crown\n|-damage|p2b: Iron Crown|7\/100\n|\n|-heal|p1a: Gholdengo|50\/100|[from] item: Leftovers\n|upkeep\n|turn|3\n|\n|t:|1739793183\n|-terastallize|p2b: Iron Crown|Ground\n|move|p1b: Zamazenta|Wide Guard|p1b: Zamazenta\n|-singleturn|p1b: Zamazenta|Wide Guard\n|move|p2a: Indeedee|Follow Me|p2a: Indeedee\n|-singleturn|p2a: Indeedee|move: Follow Me\n|move|p1a: Gholdengo|Make It Rain|p2b: Iron Crown|[spread] p2a,p2b\n|-damage|p2a: Indeedee|70\/100\n|-damage|p2b: Iron Crown|0 fnt\n|-unboost|p1a: Gholdengo|spa|1\n|faint|p2b: Iron Crown\n|-end|p2b: Iron Crown|Quark Drive|[silent]\n|\n|-heal|p1a: Gholdengo|57\/100|[from] item: Leftovers\n|upkeep\n|\n|t:|1739793193\n|switch|p2b: Koraidon|Koraidon, L50|100\/100\n|-weather|SunnyDay|[from] ability: Orichalcum Pulse|[of] p2b: Koraidon\n|-activate|p2b: Koraidon|Orichalcum Pulse|[source]\n|turn|4\n|inactive|satelite99 has 30 seconds left.\n|inactive|satelite99 has 20 seconds left.\n|\n|t:|1739793228\n|move|p2a: Indeedee|Follow Me|p2a: Indeedee\n|-singleturn|p2a: Indeedee|move: Follow Me\n|move|p1a: Gholdengo|Nasty Plot|p1a: Gholdengo\n|-boost|p1a: Gholdengo|spa|2\n|move|p1b: Zamazenta|Body Press|p2a: Indeedee\n|-damage|p2a: Indeedee|9\/100\n|move|p2b: Koraidon|Flame Charge|p1b: Zamazenta\n|-supereffective|p1b: Zamazenta\n|-damage|p1b: Zamazenta|0 fnt\n|-boost|p2b: Koraidon|spe|1\n|faint|p1b: Zamazenta\n|\n|-weather|SunnyDay|[upkeep]\n|-heal|p1a: Gholdengo|63\/100|[from] item: Leftovers\n|upkeep\n|\n|t:|1739793239\n|switch|p1b: Tornadus|Tornadus, L50, M|100\/100\n|turn|5\n|\n|t:|1739793259\n|move|p1b: Tornadus|Rain Dance|p1b: Tornadus\n|-weather|RainDance\n|move|p2a: Indeedee|Psychic|p1b: Tornadus\n|-damage|p1b: Tornadus|57\/100\n|move|p1a: Gholdengo|Make It Rain|p2b: Koraidon|[spread] p2a,p2b\n|-damage|p2a: Indeedee|0 fnt\n|-damage|p2b: Koraidon|37\/100\n|-unboost|p1a: Gholdengo|spa|1\n|faint|p2a: Indeedee\n|move|p2b: Koraidon|Flare Blitz|p1a: Gholdengo\n|-supereffective|p1a: Gholdengo\n|-damage|p1a: Gholdengo|19\/100\n|-damage|p2b: Koraidon|22\/100|[from] Recoil\n|\n|-weather|RainDance|[upkeep]\n|-heal|p1a: Gholdengo|25\/100|[from] item: Leftovers\n|-fieldend|move: Trick Room\n|-fieldend|move: Psychic Terrain\n|upkeep\n|turn|6\n|-message|Onemagician4496 forfeited.\n|\n|win|satelite99\n|raw|satelite99's rating: 1611 &rarr; <strong>1630<\/strong><br \/>(+19 for winning)\n|raw|Onemagician4496's rating: 1588 &rarr; <strong>1569<\/strong><br \/>(-19 for losing)\n|l|\u2606Onemagician4496\n|player|p2|\n|l|\u2606satelite99\n|player|p1|\n","uploadtime":1739793459,"views":10,"formatid":"gen9vgc2025regg","rating":1569,"private":0,"password":null}