{"id":"gen9vgc2025regg-2302323043","format":"[Gen 9] VGC 2025 Reg G","players":["huyuplan","satelite99"],"log":"|j|\u2606huyuplan\n|j|\u2606satelite99\n|t:|1739779772\n|gametype|doubles\n|player|p1|huyuplan|lucas|1580\n|player|p2|satelite99|wallace|1546\n|teamsize|p1|6\n|teamsize|p2|6\n|gen|9\n|tier|[Gen 9] VGC 2025 Reg G\n|rated|\n|rule|Species Clause: Limit one of each Pok\u00e9mon\n|rule|Item Clause: Limit 1 of each item\n|clearpoke\n|poke|p1|Regidrago, L50|\n|poke|p1|Zacian-*, L50|\n|poke|p1|Farigiraf, L50, F|\n|poke|p1|Tornadus, L50, M|\n|poke|p1|Ditto, L50|\n|poke|p1|Basculegion-F, L50, F|\n|poke|p2|Calyrex-Ice, L50|\n|poke|p2|Pelipper, L50, M|\n|poke|p2|Urshifu-*, L50, F|\n|poke|p2|Amoonguss, L50, F|\n|poke|p2|Landorus, L50, M|\n|poke|p2|Raging Bolt, L50|\n|teampreview|4\nsatelite99 rejected open team sheets.\n|\n|t:|1739779808\n|start\n|switch|p1a: Tornadus|Tornadus, L50, M|100\/100\n|switch|p1b: Zacian|Zacian-Crowned, L50|100\/100\n|switch|p2a: Calyrex|Calyrex-Ice, L50|100\/100\n|switch|p2b: Pelipper|Pelipper, L50, M|100\/100\n|-ability|p2a: Calyrex|As One\n|-ability|p2a: Calyrex|Unnerve\n|-ability|p1b: Zacian|Intrepid Sword|boost\n|-boost|p1b: Zacian|atk|1\n|-weather|RainDance|[from] ability: Drizzle|[of] p2b: Pelipper\n|turn|1\n|\n|t:|1739779841\n|-terastallize|p1a: Tornadus|Water\n|-terastallize|p2a: Calyrex|Grass\n|move|p1a: Tornadus|Taunt|p2a: Calyrex\n|-start|p2a: Calyrex|move: Taunt\n|move|p1b: Zacian|Behemoth Blade|p2a: Calyrex\n|-damage|p2a: Calyrex|45\/100\n|move|p2b: Pelipper|Weather Ball|p1b: Zacian\n|-damage|p1b: Zacian|21\/100\n|-damage|p2b: Pelipper|91\/100|[from] item: Life Orb\n|move|p2a: Calyrex|Glacial Lance|p1a: Tornadus|[spread] p1a,p1b\n|-resisted|p1a: Tornadus\n|-resisted|p1b: Zacian\n|-damage|p1a: Tornadus|56\/100\n|-damage|p1b: Zacian|0 fnt\n|faint|p1b: Zacian\n|-ability|p2a: Calyrex|Chilling Neigh|boost\n|-boost|p2a: Calyrex|atk|1\n|\n|-weather|RainDance|[upkeep]\n|upkeep\n|\n|t:|1739779866\n|switch|p1b: Regidrago|Regidrago, L50|100\/100\n|turn|2\n|\n|t:|1739779885\n|move|p1b: Regidrago|Protect|p1b: Regidrago\n|-singleturn|p1b: Regidrago|Protect\n|move|p2b: Pelipper|Wide Guard|p2b: Pelipper\n|-singleturn|p2b: Pelipper|Wide Guard\n|move|p1a: Tornadus|Taunt|p2b: Pelipper\n|-start|p2b: Pelipper|move: Taunt\n|move|p2a: Calyrex|Glacial Lance|p1a: Tornadus|[spread] p1a\n|-activate|p1b: Regidrago|move: Protect\n|-resisted|p1a: Tornadus\n|-damage|p1a: Tornadus|0 fnt\n|faint|p1a: Tornadus\n|-ability|p2a: Calyrex|Chilling Neigh|boost\n|-boost|p2a: Calyrex|atk|1\n|\n|-weather|RainDance|[upkeep]\n|upkeep\n|\n|t:|1739779902\n|switch|p1a: Farigiraf|Farigiraf, L50, F|100\/100\n|turn|3\n|\n|t:|1739779926\n|switch|p2b: Amoonguss|Amoonguss, L50, F|100\/100\n|move|p1a: Farigiraf|Helping Hand|p1b: Regidrago\n|-singleturn|p1b: Regidrago|Helping Hand|[of] p1a: Farigiraf\n|move|p1b: Regidrago|Dragon Energy|p2a: Calyrex|[spread] p2a,p2b\n|-damage|p2a: Calyrex|0 fnt\n|-damage|p2b: Amoonguss|0 fnt\n|faint|p2a: Calyrex\n|faint|p2b: Amoonguss\n|\n|-weather|RainDance|[upkeep]\n|upkeep\n|\n|t:|1739779933\n|switch|p2a: Pelipper|Pelipper, L50, M|91\/100\n|switch|p2b: Landorus|Landorus, L50, M|100\/100\n|turn|4\n|\n|t:|1739779983\n|move|p1a: Farigiraf|Ally Switch|p1a: Farigiraf\n|swap|p1a: Farigiraf|1|[from] move: Ally Switch\n|move|p2b: Landorus|Sandsear Storm|p1b: Farigiraf|[spread] p1a,p1b\n|-damage|p1a: Regidrago|39\/100\n|-damage|p1b: Farigiraf|46\/100\n|-enditem|p1b: Farigiraf|Sitrus Berry|[eat]\n|-heal|p1b: Farigiraf|71\/100|[from] item: Sitrus Berry\n|move|p1a: Regidrago|Draco Meteor|p2b: Landorus\n|-damage|p2b: Landorus|0 fnt\n|-unboost|p1a: Regidrago|spa|2\n|faint|p2b: Landorus\n|move|p2a: Pelipper|Hurricane|p1b: Farigiraf\n|-damage|p1b: Farigiraf|1\/100\n|-damage|p2a: Pelipper|81\/100|[from] item: Life Orb\n|\n|-weather|RainDance|[upkeep]\n|upkeep\n|turn|5\n|\n|t:|1739780008\n|move|p1a: Regidrago|Draco Meteor|p2a: Pelipper\n|-damage|p2a: Pelipper|9\/100\n|-unboost|p1a: Regidrago|spa|2\n|move|p2a: Pelipper|Hurricane|p1a: Regidrago\n|-damage|p1a: Regidrago|0 fnt\n|faint|p1a: Regidrago\n|-damage|p2a: Pelipper|0 fnt|[from] item: Life Orb\n|faint|p2a: Pelipper\n|\n|win|huyuplan\n|raw|huyuplan's rating: 1580 &rarr; <strong>1598<\/strong><br \/>(+18 for winning)\n|raw|satelite99's rating: 1546 &rarr; <strong>1528<\/strong><br \/>(-18 for losing)\n|l|\u2606satelite99\n|player|p2|\n|l|\u2606huyuplan\n|player|p1|\n","uploadtime":1739780179,"views":12,"formatid":"gen9vgc2025regg","rating":1528,"private":0,"password":null}