{"id":"gen9vgc2025regg-2302315525","format":"[Gen 9] VGC 2025 Reg G","players":["palamed","superpowerpoke"],"log":"|j|\u2606palamed\n|j|\u2606superpowerpoke\n|t:|1739778279\n|gametype|doubles\n|player|p1|palamed|101|1550\n|player|p2|superpowerpoke|266|1570\n|teamsize|p1|6\n|teamsize|p2|6\n|gen|9\n|tier|[Gen 9] VGC 2025 Reg G\n|rated|\n|rule|Species Clause: Limit one of each Pok\u00e9mon\n|rule|Item Clause: Limit 1 of each item\n|clearpoke\n|poke|p1|Kyogre, L50|\n|poke|p1|Grimmsnarl, L50, M|\n|poke|p1|Urshifu-*, L50, F|\n|poke|p1|Incineroar, L50, M|\n|poke|p1|Rillaboom, L50, M|\n|poke|p1|Raging Bolt, L50|\n|poke|p2|Lunala, L50|\n|poke|p2|Maushold-Four, L50|\n|poke|p2|Rillaboom, L50, M|\n|poke|p2|Pelipper, L50, F|\n|poke|p2|Urshifu-*, L50, M|\n|poke|p2|Landorus, L50, M|\n|teampreview|4\n|inactive|Battle timer is ON: inactive players will automatically lose when time's up. (requested by palamed)\n|j| falcon108\n|\n|t:|1739778345\n|start\n|switch|p1a: Urshifu|Urshifu-Rapid-Strike, L50, F|100\/100\n|switch|p1b: Kyogre|Kyogre, L50|100\/100\n|switch|p2a: Rillaboom|Rillaboom, L50, M|100\/100\n|switch|p2b: Urshifu|Urshifu-Rapid-Strike, L50, M|100\/100\n|-weather|RainDance|[from] ability: Drizzle|[of] p1b: Kyogre\n|-fieldstart|move: Grassy Terrain|[from] ability: Grassy Surge|[of] p2a: Rillaboom\n|turn|1\n|inactive|palamed has 30 seconds left.\n|\n|t:|1739778378\n|-terastallize|p2b: Urshifu|Stellar\n|-terastallize|p1b: Kyogre|Grass\n|move|p2a: Rillaboom|Fake Out|p1a: Urshifu\n|-damage|p1a: Urshifu|85\/100\n|cant|p1a: Urshifu|flinch\n|move|p2b: Urshifu|Close Combat|p1b: Kyogre\n|-damage|p1b: Kyogre|26\/100\n|-unboost|p2b: Urshifu|def|1\n|-unboost|p2b: Urshifu|spd|1\n|move|p1b: Kyogre|Ice Beam|p2a: Rillaboom\n|-supereffective|p2a: Rillaboom\n|-damage|p2a: Rillaboom|51\/100\n|\n|-weather|RainDance|[upkeep]\n|-heal|p1a: Urshifu|91\/100|[from] Grassy Terrain\n|-heal|p1b: Kyogre|32\/100|[from] Grassy Terrain\n|-heal|p1b: Kyogre|38\/100|[from] item: Leftovers\n|-heal|p2a: Rillaboom|57\/100|[from] Grassy Terrain\n|upkeep\n|turn|2\n|j| mr pogostick\n|inactive|palamed has 30 seconds left.\n|inactive|palamed has 20 seconds left.\n|\n|t:|1739778415\n|switch|p2b: Maushold|Maushold-Four, L50|100\/100\n|switch|p1b: Grimmsnarl|Grimmsnarl, L50, M|100\/100\n|move|p2a: Rillaboom|Grassy Glide|p1a: Urshifu\n|-supereffective|p1a: Urshifu\n|-damage|p1a: Urshifu|9\/100\n|move|p1a: Urshifu|Close Combat|p2b: Maushold\n|-supereffective|p2b: Maushold\n|-damage|p2b: Maushold|0 fnt\n|-unboost|p1a: Urshifu|def|1\n|-unboost|p1a: Urshifu|spd|1\n|-damage|p1a: Urshifu|0 fnt|[from] item: Rocky Helmet|[of] p2b: Maushold\n|faint|p2b: Maushold\n|faint|p1a: Urshifu\n|\n|-weather|RainDance|[upkeep]\n|-heal|p2a: Rillaboom|63\/100|[from] Grassy Terrain\n|upkeep\n|inactive|superpowerpoke has 30 seconds left.\n|inactive|superpowerpoke has 20 seconds left.\n|inactive|superpowerpoke has 15 seconds left.\n|\n|t:|1739778459\n|switch|p2b: Urshifu|Urshifu-Rapid-Strike, L50, M, tera:Stellar|100\/100\n|switch|p1a: Raging Bolt|Raging Bolt, L50|100\/100\n|-enditem|p1a: Raging Bolt|Booster Energy\n|-activate|p1a: Raging Bolt|ability: Protosynthesis|[fromitem]\n|-start|p1a: Raging Bolt|protosynthesisspa\n|turn|3\n|inactive|superpowerpoke has 30 seconds left.\n|\n|t:|1739778486\n|move|p2b: Urshifu|Detect|p2b: Urshifu\n|-singleturn|p2b: Urshifu|Protect\n|move|p1b: Grimmsnarl|Reflect|p1b: Grimmsnarl\n|-sidestart|p1: palamed|Reflect\n|move|p1a: Raging Bolt|Thunderbolt|p2b: Urshifu\n|-activate|p2b: Urshifu|move: Protect\n|move|p2a: Rillaboom|Wood Hammer|p1b: Grimmsnarl\n|-damage|p1b: Grimmsnarl|40\/100\n|-damage|p2a: Rillaboom|43\/100|[from] Recoil\n|\n|-weather|RainDance|[upkeep]\n|-heal|p2a: Rillaboom|49\/100|[from] Grassy Terrain\n|-heal|p1b: Grimmsnarl|46\/100|[from] Grassy Terrain\n|upkeep\n|turn|4\n|\n|t:|1739778511\n|move|p2b: Urshifu|Surging Strikes|p1b: Grimmsnarl\n|-crit|p1b: Grimmsnarl\n|-damage|p1b: Grimmsnarl|4\/100\n|-crit|p1b: Grimmsnarl\n|-damage|p1b: Grimmsnarl|0 fnt\n|faint|p1b: Grimmsnarl\n|-hitcount|p1: Grimmsnarl|2\n|move|p1a: Raging Bolt|Thunderbolt|p2b: Urshifu\n|-supereffective|p2b: Urshifu\n|-enditem|p2b: Urshifu|Focus Sash\n|-damage|p2b: Urshifu|1\/100\n|move|p2a: Rillaboom|U-turn|p1a: Raging Bolt\n|-damage|p1a: Raging Bolt|84\/100\n|\n|t:|1739778525\n|switch|p2a: Lunala|Lunala, L50|100\/100|[from] U-turn\n|\n|-weather|RainDance|[upkeep]\n|-heal|p2b: Urshifu|7\/100|[from] Grassy Terrain\n|-heal|p1a: Raging Bolt|90\/100|[from] Grassy Terrain\n|upkeep\n|\n|t:|1739778532\n|switch|p1b: Kyogre|Kyogre, L50, tera:Grass|38\/100\n|turn|5\n|inactive|superpowerpoke has 30 seconds left.\n|\n|t:|1739778557\n|move|p2b: Urshifu|Close Combat|p1b: Kyogre\n|-damage|p1b: Kyogre|0 fnt\n|-unboost|p2b: Urshifu|def|1\n|-unboost|p2b: Urshifu|spd|1\n|faint|p1b: Kyogre\n|move|p2a: Lunala|Meteor Beam||[still]\n|-prepare|p2a: Lunala|Meteor Beam\n|-boost|p2a: Lunala|spa|1\n|-enditem|p2a: Lunala|Power Herb\n|-anim|p2a: Lunala|Meteor Beam|p1a: Raging Bolt\n|-damage|p1a: Raging Bolt|26\/100\n|move|p1a: Raging Bolt|Thunderbolt|p2a: Lunala\n|-damage|p2a: Lunala|75\/100\n|\n|-weather|none\n|-heal|p2b: Urshifu|12\/100|[from] Grassy Terrain\n|-heal|p2a: Lunala|81\/100|[from] Grassy Terrain\n|-heal|p1a: Raging Bolt|32\/100|[from] Grassy Terrain\n|-fieldend|move: Grassy Terrain\n|upkeep\n|turn|6\n|j| Jasper2452\n|l| Jasper2452\n|-message|palamed forfeited.\n|\n|win|superpowerpoke\n|raw|palamed's rating: 1550 &rarr; <strong>1531<\/strong><br \/>(-19 for losing)\n|raw|superpowerpoke's rating: 1570 &rarr; <strong>1589<\/strong><br \/>(+19 for winning)\n|l|\u2606palamed\n|player|p1|\n|l|\u2606superpowerpoke\n|player|p2|\n|l| mr pogostick\n","uploadtime":1739778793,"views":5,"formatid":"gen9vgc2025regg","rating":1531,"private":0,"password":null}