{"id":"gen9vgc2025regg-2302286615","format":"[Gen 9] VGC 2025 Reg G","players":["Sarfy","zbsch"],"log":"|j|\u2606Sarfy\n|j|\u2606zbsch\n|t:|1739772470\n|gametype|doubles\n|player|p1|Sarfy|adaman|1599\n|player|p2|zbsch|harlequin|1585\n|teamsize|p1|6\n|teamsize|p2|6\n|gen|9\n|tier|[Gen 9] VGC 2025 Reg G\n|rated|\n|rule|Species Clause: Limit one of each Pok\u00e9mon\n|rule|Item Clause: Limit 1 of each item\n|clearpoke\n|poke|p1|Zacian-*, L50|\n|poke|p1|Ditto, L50|\n|poke|p1|Gothitelle, L50, F|\n|poke|p1|Dragonite, L50, M|\n|poke|p1|Chien-Pao, L50|\n|poke|p1|Pelipper, L50, F|\n|poke|p2|Calyrex-Ice, L50|\n|poke|p2|Raging Bolt, L50|\n|poke|p2|Incineroar, L50, F|\n|poke|p2|Amoonguss, L50, F|\n|poke|p2|Urshifu-*, L50, F|\n|poke|p2|Indeedee-F, L50, F|\n|teampreview|4\n|inactive|Battle timer is ON: inactive players will automatically lose when time's up. (requested by zbsch)\n|inactive|Sarfy has 60 seconds left.\n|inactive|Sarfy has 30 seconds left.\n|\n|t:|1739772536\n|start\n|switch|p1a: Gothitelle|Gothitelle, L50, F|100\/100\n|switch|p1b: Pelipper|Pelipper, L50, F|100\/100\n|switch|p2a: Indeedee|Indeedee-F, L50, F|100\/100\n|switch|p2b: Amoonguss|Amoonguss, L50, F, shiny|100\/100\n|-weather|RainDance|[from] ability: Drizzle|[of] p1b: Pelipper\n|-fieldstart|move: Psychic Terrain|[from] ability: Psychic Surge|[of] p2a: Indeedee\n|turn|1\n|j| Salvato1902V\n|inactive|Sarfy has 30 seconds left.\n|inactive|Sarfy has 20 seconds left.\n|inactive|Sarfy has 15 seconds left.\n|\n|t:|1739772580\n|move|p2a: Indeedee|Follow Me|p2a: Indeedee\n|-singleturn|p2a: Indeedee|move: Follow Me\n|move|p1b: Pelipper|Weather Ball|p2a: Indeedee\n|-damage|p2a: Indeedee|32\/100\n|move|p1a: Gothitelle|Taunt|p2a: Indeedee\n|-start|p2a: Indeedee|move: Taunt\n|-enditem|p2a: Indeedee|Mental Herb\n|-end|p2a: Indeedee|move: Taunt\n|move|p2b: Amoonguss|Spore|p1b: Pelipper\n|-status|p1b: Pelipper|slp|[from] move: Spore\n|\n|-weather|RainDance|[upkeep]\n|upkeep\n|turn|2\n|\n|t:|1739772596\n|switch|p1a: Ditto|Ditto, L50|100\/100\n|-transform|p1a: Ditto|p2b: Amoonguss|[from] ability: Imposter\n|move|p2b: Amoonguss|Rage Powder|p2b: Amoonguss\n|-singleturn|p2b: Amoonguss|move: Rage Powder\n|cant|p1b: Pelipper|slp\n|move|p2a: Indeedee|Trick Room|p2a: Indeedee\n|-fieldstart|move: Trick Room|[of] p2a: Indeedee\n|-enditem|p1a: Ditto|Room Service\n|-unboost|p1a: Ditto|spe|1|[from] item: Room Service\n|\n|-weather|RainDance|[upkeep]\n|upkeep\n|turn|3\n|inactive|Sarfy has 30 seconds left.\n|inactive|zbsch has 30 seconds left.\n|\n|t:|1739772630\n|switch|p2b: Calyrex|Calyrex-Ice, L50|100\/100\n|-ability|p2b: Calyrex|As One\n|-ability|p2b: Calyrex|Unnerve\n|switch|p2a: Raging Bolt|Raging Bolt, L50|100\/100\n|move|p1a: Ditto|Pollen Puff|p2a: Raging Bolt\n|-damage|p2a: Raging Bolt|90\/100\n|cant|p1b: Pelipper|slp\n|\n|-weather|RainDance|[upkeep]\n|upkeep\n|turn|4\n|inactive|Sarfy has 30 seconds left.\n|inactive|Sarfy has 20 seconds left.\n|\n|t:|1739772667\n|-end|p2a: Raging Bolt|Protosynthesis|[silent]\n|switch|p2a: Indeedee|Indeedee-F, L50, F|32\/100\n|switch|p1b: Zacian|Zacian-Crowned, L50|100\/100\n|-ability|p1b: Zacian|Intrepid Sword|boost\n|-boost|p1b: Zacian|atk|1\n|move|p2b: Calyrex|Protect|p2b: Calyrex\n|-singleturn|p2b: Calyrex|Protect\n|move|p1a: Ditto|Spore|p2b: Calyrex\n|-activate|p2b: Calyrex|move: Protect\n|\n|-weather|RainDance|[upkeep]\n|upkeep\n|turn|5\n|l| Salvato1902V\n|inactive|Sarfy has 30 seconds left.\n|\n|t:|1739772697\n|-terastallize|p1a: Ditto|Fairy\n|move|p1b: Zacian|Protect|p1b: Zacian\n|-singleturn|p1b: Zacian|Protect\n|move|p2a: Indeedee|Follow Me|p2a: Indeedee\n|-singleturn|p2a: Indeedee|move: Follow Me\n|move|p1a: Ditto|Spore|p2a: Indeedee\n|-status|p2a: Indeedee|slp|[from] move: Spore\n|move|p2b: Calyrex|Glacial Lance|p1a: Ditto|[spread] p1a\n|-activate|p1b: Zacian|move: Protect\n|-damage|p1a: Ditto|2\/100\n|\n|-weather|none\n|-fieldend|move: Psychic Terrain\n|upkeep\n|turn|6\n|inactive|Sarfy has 30 seconds left.\n|inactive|Sarfy has 20 seconds left.\n|inactive|Sarfy has 15 seconds left.\n|inactive|Sarfy has 10 seconds left.\n|\n|t:|1739772745\n|switch|p2a: Amoonguss|Amoonguss, L50, F, shiny|100\/100\n|move|p2b: Calyrex|Protect|p2b: Calyrex\n|-singleturn|p2b: Calyrex|Protect\n|move|p1a: Ditto|Spore|p2b: Calyrex\n|-activate|p2b: Calyrex|move: Protect\n|move|p1b: Zacian|Behemoth Blade|p2a: Amoonguss\n|-damage|p2a: Amoonguss|16\/100\n|-damage|p1b: Zacian|84\/100|[from] item: Rocky Helmet|[of] p2a: Amoonguss\n|\n|-fieldend|move: Trick Room\n|upkeep\n|turn|7\n|inactive|Sarfy has 30 seconds left.\n|j| continuethesaga\n|inactive|Sarfy has 20 seconds left.\n|inactive|Sarfy has 15 seconds left.\n|inactive|Sarfy has 10 seconds left.\n|inactive|zbsch has 30 seconds left.\n|\n|t:|1739772791\n|-terastallize|p2b: Calyrex|Fire\n|move|p1a: Ditto|Rage Powder|p1a: Ditto\n|-singleturn|p1a: Ditto|move: Rage Powder\n|move|p1b: Zacian|Behemoth Blade|p2a: Amoonguss\n|-damage|p2a: Amoonguss|0 fnt\n|-damage|p1b: Zacian|68\/100|[from] item: Rocky Helmet|[of] p2a: Amoonguss\n|faint|p2a: Amoonguss\n|move|p2b: Calyrex|Glacial Lance|p1b: Zacian|[spread] p1a,p1b\n|-resisted|p1b: Zacian\n|-damage|p1a: Ditto|0 fnt\n|-damage|p1b: Zacian|40\/100\n|faint|p1a: Ditto\n|-ability|p2b: Calyrex|Chilling Neigh|boost\n|-boost|p2b: Calyrex|atk|1\n|\n|upkeep\n|j| Salvato1902V\n|\n|t:|1739772816\n|switch|p1a: Gothitelle|Gothitelle, L50, F|100\/100\n|switch|p2a: Indeedee|Indeedee-F, L50, F|32\/100 slp\n|-fieldstart|move: Psychic Terrain|[from] ability: Psychic Surge|[of] p2a: Indeedee\n|turn|8\n|inactive|Sarfy has 30 seconds left.\n|inactive|Sarfy has 20 seconds left.\n|inactive|Sarfy has 15 seconds left.\n|inactive|Sarfy has 10 seconds left.\n|inactive|Sarfy has 5 seconds left.\n|\n|t:|1739772868\n|move|p1b: Zacian|Protect|p1b: Zacian\n|-singleturn|p1b: Zacian|Protect\n|move|p2b: Calyrex|Protect|p2b: Calyrex\n|-singleturn|p2b: Calyrex|Protect\n|move|p1a: Gothitelle|Taunt|p2b: Calyrex\n|-activate|p2b: Calyrex|move: Protect\n|cant|p2a: Indeedee|slp\n|\n|upkeep\n|turn|9\n|l| Salvato1902V\n|\n|t:|1739772882\n|move|p1b: Zacian|Sacred Sword|p2b: Calyrex\n|-damage|p2b: Calyrex|67\/100\n|move|p1a: Gothitelle|Foul Play|p2b: Calyrex\n|-damage|p2b: Calyrex|26\/100\n|move|p2b: Calyrex|Glacial Lance|p1b: Zacian|[spread] p1a,p1b\n|-resisted|p1b: Zacian\n|-damage|p1a: Gothitelle|10\/100\n|-damage|p1b: Zacian|0 fnt\n|faint|p1b: Zacian\n|-ability|p2b: Calyrex|Chilling Neigh|boost\n|-boost|p2b: Calyrex|atk|1\n|-curestatus|p2a: Indeedee|slp|[msg]\n|move|p2a: Indeedee|Trick Room|p2a: Indeedee\n|-fieldstart|move: Trick Room|[of] p2a: Indeedee\n|\n|upkeep\n|\n|t:|1739772887\n|switch|p1b: Pelipper|Pelipper, L50, F|100\/100 slp\n|-weather|RainDance|[from] ability: Drizzle|[of] p1b: Pelipper\n|turn|10\n|j| Salvato1902V\n|\n|t:|1739772904\n|cant|p1b: Pelipper|slp\n|move|p2a: Indeedee|Follow Me|p2a: Indeedee\n|-singleturn|p2a: Indeedee|move: Follow Me\n|move|p2b: Calyrex|High Horsepower|p1a: Gothitelle\n|-damage|p1a: Gothitelle|0 fnt\n|-damage|p2b: Calyrex|10\/100|[from] item: Rocky Helmet|[of] p1a: Gothitelle\n|faint|p1a: Gothitelle\n|-ability|p2b: Calyrex|Chilling Neigh|boost\n|-boost|p2b: Calyrex|atk|1\n|\n|-weather|RainDance|[upkeep]\n|upkeep\n|turn|11\n|-message|Sarfy forfeited.\n|\n|win|zbsch\n|raw|Sarfy's rating: 1599 &rarr; <strong>1578<\/strong><br \/>(-21 for losing)\n|raw|zbsch's rating: 1585 &rarr; <strong>1606<\/strong><br \/>(+21 for winning)\n|l|\u2606Sarfy\n|player|p1|\n|l| continuethesaga\n|c|\u2606zbsch|gg\n|l| Salvato1902V\n|l|\u2606zbsch\n|player|p2|\n","uploadtime":1739772937,"views":5,"formatid":"gen9vgc2025regg","rating":1578,"private":0,"password":null}