{"id":"gen9vgc2025regg-2302511699","format":"[Gen 9] VGC 2025 Reg G","players":["fuwamoko","CharizardYVGC"],"log":"|j|\u2606fuwamoko\n|j|\u2606CharizardYVGC\n|t:|1739808102\n|gametype|doubles\n|player|p1|fuwamoko|102|1586\n|player|p2|CharizardYVGC|steven|1693\n|teamsize|p1|6\n|teamsize|p2|6\n|gen|9\n|tier|[Gen 9] VGC 2025 Reg G\n|rated|\n|rule|Species Clause: Limit one of each Pok\u00e9mon\n|rule|Item Clause: Limit 1 of each item\n|clearpoke\n|poke|p1|Calyrex-Shadow, L50|\n|poke|p1|Regieleki, L50|\n|poke|p1|Annihilape, L50, M|\n|poke|p1|Amoonguss, L50, M|\n|poke|p1|Dondozo, L50, F|\n|poke|p1|Tatsugiri, L50, F|\n|poke|p2|Miraidon, L50|\n|poke|p2|Incineroar, L50, F|\n|poke|p2|Urshifu-*, L50, F|\n|poke|p2|Flutter Mane, L50|\n|poke|p2|Ogerpon-Hearthflame, L50, F|\n|poke|p2|Farigiraf, L50, F|\n|teampreview|4\n|inactive|Battle timer is ON: inactive players will automatically lose when time's up. (requested by CharizardYVGC)\n|\n|t:|1739808128\n|start\n|switch|p1a: Calyrex|Calyrex-Shadow, L50|100\/100\n|switch|p1b: Amoonguss|Amoonguss, L50, M|100\/100\n|switch|p2a: Flutter Mane|Flutter Mane, L50|100\/100\n|switch|p2b: Miraidon|Miraidon, L50|100\/100\n|-ability|p1a: Calyrex|As One\n|-ability|p1a: Calyrex|Unnerve\n|-fieldstart|move: Electric Terrain|[from] ability: Hadron Engine|[of] p2b: Miraidon\n|-enditem|p2a: Flutter Mane|Booster Energy\n|-activate|p2a: Flutter Mane|ability: Protosynthesis|[fromitem]\n|-start|p2a: Flutter Mane|protosynthesisspe\n|turn|1\n|inactive|fuwamoko has 30 seconds left.\n|inactive|CharizardYVGC has 30 seconds left.\n|inactive|fuwamoko has 20 seconds left.\n|inactive|fuwamoko has 15 seconds left.\n|\n|t:|1739808171\n|-terastallize|p2a: Flutter Mane|Normal\n|move|p1b: Amoonguss|Rage Powder|p1b: Amoonguss\n|-singleturn|p1b: Amoonguss|move: Rage Powder\n|move|p2a: Flutter Mane|Icy Wind|p1a: Calyrex|[spread] p1a,p1b\n|-supereffective|p1b: Amoonguss\n|-damage|p1a: Calyrex|90\/100\n|-damage|p1b: Amoonguss|75\/100\n|-unboost|p1a: Calyrex|spe|1\n|-unboost|p1b: Amoonguss|spe|1\n|move|p2b: Miraidon|Draco Meteor|p1b: Amoonguss\n|-damage|p1b: Amoonguss|0 fnt\n|-unboost|p2b: Miraidon|spa|2\n|faint|p1b: Amoonguss\n|move|p1a: Calyrex|Trick Room|p1a: Calyrex\n|-fieldstart|move: Trick Room|[of] p1a: Calyrex\n|\n|upkeep\n|\n|t:|1739808190\n|switch|p1b: Annihilape|Annihilape, L50, M|100\/100\n|turn|2\n|\n|t:|1739808201\n|move|p2a: Flutter Mane|Protect|p2a: Flutter Mane\n|-singleturn|p2a: Flutter Mane|Protect\n|move|p1b: Annihilape|Bulk Up|p1b: Annihilape\n|-boost|p1b: Annihilape|atk|1\n|-boost|p1b: Annihilape|def|1\n|move|p1a: Calyrex|Encore|p2a: Flutter Mane\n|-activate|p2a: Flutter Mane|move: Protect\n|move|p2b: Miraidon|Draco Meteor|p1b: Annihilape\n|-damage|p1b: Annihilape|40\/100\n|-unboost|p2b: Miraidon|spa|2\n|\n|upkeep\n|turn|3\n|\n|t:|1739808222\n|-end|p2a: Flutter Mane|Protosynthesis|[silent]\n|switch|p2a: Urshifu|Urshifu-Rapid-Strike, L50, F|100\/100\n|move|p1b: Annihilape|Drain Punch|p2b: Miraidon\n|-damage|p2b: Miraidon|39\/100\n|-heal|p1b: Annihilape|66\/100|[from] drain|[of] p2b: Miraidon\n|move|p1a: Calyrex|Encore||[still]\n|-fail|p1a: Calyrex\n|move|p2b: Miraidon|Draco Meteor|p1a: Calyrex|[miss]\n|-miss|p2b: Miraidon|p1a: Calyrex\n|\n|upkeep\n|turn|4\n|\n|t:|1739808246\n|switch|p2b: Flutter Mane|Flutter Mane, L50, tera:Normal|100\/100\n|move|p1b: Annihilape|Drain Punch|p2a: Urshifu\n|-damage|p2a: Urshifu|44\/100\n|-heal|p1b: Annihilape|90\/100|[from] drain|[of] p2a: Urshifu\n|move|p1a: Calyrex|Astral Barrage|p2b: Flutter Mane|[spread] p2a\n|-immune|p2b: Flutter Mane\n|-damage|p2a: Urshifu|0 fnt\n|faint|p2a: Urshifu\n|-ability|p1a: Calyrex|Grim Neigh|boost\n|-boost|p1a: Calyrex|spa|1\n|\n|upkeep\n|\n|t:|1739808262\n|switch|p2a: Incineroar|Incineroar, L50, F|100\/100\n|-ability|p2a: Incineroar|Intimidate|boost\n|-unboost|p1a: Calyrex|atk|1\n|-unboost|p1b: Annihilape|atk|1\n|-ability|p1b: Annihilape|Defiant|boost\n|-boost|p1b: Annihilape|atk|2\n|turn|5\n|inactive|fuwamoko has 30 seconds left.\n|\n|t:|1739808295\n|switch|p1a: Regieleki|Regieleki, L50|100\/100\n|move|p2b: Flutter Mane|Protect|p2b: Flutter Mane\n|-singleturn|p2b: Flutter Mane|Protect\n|move|p1b: Annihilape|Drain Punch|p2a: Incineroar\n|-supereffective|p2a: Incineroar\n|-damage|p2a: Incineroar|0 fnt\n|-heal|p1b: Annihilape|100\/100|[from] drain|[of] p2a: Incineroar\n|faint|p2a: Incineroar\n|\n|-fieldend|move: Trick Room\n|-fieldend|move: Electric Terrain\n|upkeep\n|\n|t:|1739808308\n|switch|p2a: Miraidon|Miraidon, L50|39\/100\n|-fieldstart|move: Electric Terrain|[from] ability: Hadron Engine|[of] p2a: Miraidon\n|turn|6\n|\n|t:|1739808325\n|-terastallize|p1a: Regieleki|Normal\n|move|p1a: Regieleki|Explosion|p2b: Flutter Mane|[spread] p2a,p2b\n|-immune|p1b: Annihilape\n|-damage|p2a: Miraidon|0 fnt\n|-damage|p2b: Flutter Mane|0 fnt\n|faint|p1a: Regieleki\n|faint|p2a: Miraidon\n|faint|p2b: Flutter Mane\n|-end|p2b: Flutter Mane|Protosynthesis|[silent]\n|\n|win|fuwamoko\n|raw|fuwamoko's rating: 1586 &rarr; <strong>1612<\/strong><br \/>(+26 for winning)\n|raw|CharizardYVGC's rating: 1693 &rarr; <strong>1667<\/strong><br \/>(-26 for losing)\n|l|\u2606fuwamoko\n|player|p1|\n|l|\u2606CharizardYVGC\n|player|p2|\n","uploadtime":1739809072,"views":41,"formatid":"gen9vgc2025regg","rating":1612,"private":0,"password":null}