{"id":"gen9vgc2025regg-2302759789","format":"[Gen 9] VGC 2025 Reg G","players":["sillysyl","kojimuranishi"],"log":"|j|\u2606sillysyl\n|j|\u2606kojimuranishi\n|t:|1739834630\n|gametype|doubles\n|player|p1|sillysyl|266|1620\n|player|p2|kojimuranishi|101|1791\n|teamsize|p1|6\n|teamsize|p2|6\n|gen|9\n|tier|[Gen 9] VGC 2025 Reg G\n|rated|\n|rule|Species Clause: Limit one of each Pok\u00e9mon\n|rule|Item Clause: Limit 1 of each item\n|clearpoke\n|poke|p1|Calyrex-Shadow, L50|\n|poke|p1|Ting-Lu, L50|\n|poke|p1|Dondozo, L50, F|\n|poke|p1|Urshifu-*, L50, F|\n|poke|p1|Ogerpon-Hearthflame, L50, F|\n|poke|p1|Whimsicott, L50, M|\n|poke|p2|Whimsicott, L50, M|\n|poke|p2|Calyrex-Ice, L50|\n|poke|p2|Urshifu-*, L50, M|\n|poke|p2|Chi-Yu, L50|\n|poke|p2|Raging Bolt, L50|\n|poke|p2|Landorus, L50, M|\n|teampreview|4\n|inactive|Battle timer is ON: inactive players will automatically lose when time's up. (requested by sillysyl)\n|j| sauromon\n|inactive|sillysyl has 60 seconds left.\n|\n|t:|1739834675\n|start\n|switch|p1a: Dondozo|Dondozo, L50, F|100\/100\n|switch|p1b: Ting-Lu|Ting-Lu, L50|100\/100\n|switch|p2a: Calyrex|Calyrex-Ice, L50|100\/100\n|switch|p2b: Raging Bolt|Raging Bolt, L50|100\/100\n|-ability|p2a: Calyrex|As One\n|-ability|p2a: Calyrex|Unnerve\n|-ability|p1b: Ting-Lu|Vessel of Ruin\n|-enditem|p2b: Raging Bolt|Booster Energy\n|-activate|p2b: Raging Bolt|ability: Protosynthesis|[fromitem]\n|-start|p2b: Raging Bolt|protosynthesisspa\n|turn|1\n|inactive|kojimuranishi has 30 seconds left.\n|\n|t:|1739834703\n|-terastallize|p2a: Calyrex|Ice\n|move|p2b: Raging Bolt|Thunderbolt|p1b: Ting-Lu\n|-immune|p1b: Ting-Lu\n|move|p2a: Calyrex|Glacial Lance|p1b: Ting-Lu|[spread] p1a,p1b\n|-resisted|p1a: Dondozo\n|-supereffective|p1b: Ting-Lu\n|-damage|p1a: Dondozo|69\/100\n|-damage|p1b: Ting-Lu|0 fnt\n|faint|p1b: Ting-Lu\n|-ability|p2a: Calyrex|Chilling Neigh|boost\n|-boost|p2a: Calyrex|atk|1\n|move|p1a: Dondozo|Yawn|p2a: Calyrex\n|-start|p2a: Calyrex|move: Yawn|[of] p1a: Dondozo\n|\n|-heal|p1a: Dondozo|75\/100|[from] item: Leftovers\n|upkeep\n|\n|t:|1739834721\n|switch|p1b: Calyrex|Calyrex-Shadow, L50|100\/100\n|-ability|p1b: Calyrex|As One\n|-ability|p1b: Calyrex|Unnerve\n|turn|2\n|inactive|sillysyl has 30 seconds left.\n|inactive|sillysyl has 20 seconds left.\n|inactive|sillysyl has 15 seconds left.\n|\n|t:|1739834763\n|switch|p2a: Whimsicott|Whimsicott, L50, M|100\/100\n|move|p1a: Dondozo|Protect|p1a: Dondozo\n|-singleturn|p1a: Dondozo|Protect\n|move|p1b: Calyrex|Astral Barrage|p2a: Whimsicott|[spread] p2a,p2b\n|-crit|p2a: Whimsicott\n|-crit|p2b: Raging Bolt\n|-enditem|p2a: Whimsicott|Focus Sash\n|-damage|p2a: Whimsicott|1\/100\n|-damage|p2b: Raging Bolt|0 fnt\n|faint|p2b: Raging Bolt\n|-end|p2b: Raging Bolt|Protosynthesis|[silent]\n|-ability|p1b: Calyrex|Grim Neigh|boost\n|-boost|p1b: Calyrex|spa|1\n|-damage|p1b: Calyrex|91\/100|[from] item: Life Orb\n|\n|-heal|p1a: Dondozo|82\/100|[from] item: Leftovers\n|upkeep\n|\n|t:|1739834781\n|switch|p2b: Chi-Yu|Chi-Yu, L50|100\/100\n|-ability|p2b: Chi-Yu|Beads of Ruin\n|turn|3\n|j| GameLurker69\n|\n|t:|1739834796\n|-terastallize|p1b: Calyrex|Dark\n|move|p2a: Whimsicott|Tailwind|p2a: Whimsicott\n|-sidestart|p2: kojimuranishi|move: Tailwind\n|move|p2b: Chi-Yu|Dark Pulse|p1a: Dondozo\n|-damage|p1a: Dondozo|18\/100\n|move|p1b: Calyrex|Astral Barrage|p2b: Chi-Yu|[spread] p2a,p2b\n|-resisted|p2b: Chi-Yu\n|-damage|p2a: Whimsicott|0 fnt\n|-damage|p2b: Chi-Yu|35\/100\n|faint|p2a: Whimsicott\n|-ability|p1b: Calyrex|Grim Neigh|boost\n|-boost|p1b: Calyrex|spa|1\n|-damage|p1b: Calyrex|81\/100|[from] item: Life Orb\n|move|p1a: Dondozo|Wave Crash|p2b: Chi-Yu\n|-supereffective|p2b: Chi-Yu\n|-damage|p2b: Chi-Yu|0 fnt\n|faint|p2b: Chi-Yu\n|-damage|p1a: Dondozo|12\/100|[from] Recoil\n|\n|-heal|p1a: Dondozo|18\/100|[from] item: Leftovers\n|upkeep\n|\n|t:|1739834819\n|switch|p2b: Calyrex|Calyrex-Ice, L50, tera:Ice|100\/100\n|-ability|p2b: Calyrex|As One\n|-ability|p2b: Calyrex|Unnerve\n|turn|4\n|inactive|sillysyl has 30 seconds left.\n|\n|t:|1739834850\n|move|p1b: Calyrex|Protect|p1b: Calyrex\n|-singleturn|p1b: Calyrex|Protect\n|move|p2b: Calyrex|Glacial Lance|p1a: Dondozo|[spread] p1a\n|-activate|p1b: Calyrex|move: Protect\n|-resisted|p1a: Dondozo\n|-damage|p1a: Dondozo|0 fnt\n|faint|p1a: Dondozo\n|-ability|p2b: Calyrex|Chilling Neigh|boost\n|-boost|p2b: Calyrex|atk|1\n|\n|upkeep\n|\n|t:|1739834851\n|switch|p1a: Whimsicott|Whimsicott, L50, M|100\/100\n|turn|5\n|\n|t:|1739834864\n|move|p1a: Whimsicott|Helping Hand|p1b: Calyrex\n|-singleturn|p1b: Calyrex|Helping Hand|[of] p1a: Whimsicott\n|move|p2b: Calyrex|Glacial Lance|p1a: Whimsicott|[spread] p1a,p1b\n|-supereffective|p1a: Whimsicott\n|-damage|p1a: Whimsicott|0 fnt\n|-damage|p1b: Calyrex|0 fnt\n|faint|p1a: Whimsicott\n|faint|p1b: Calyrex\n|\n|win|kojimuranishi\n|raw|sillysyl's rating: 1620 &rarr; <strong>1609<\/strong><br \/>(-11 for losing)\n|raw|kojimuranishi's rating: 1791 &rarr; <strong>1802<\/strong><br \/>(+11 for winning)\n|l|\u2606kojimuranishi\n|player|p2|\n|l| GameLurker69\n|l|\u2606sillysyl\n|player|p1|\n","uploadtime":1739835123,"views":73,"formatid":"gen9vgc2025regg","rating":1609,"private":0,"password":null}