{"id":"gen9vgc2025regg-2302754015","format":"[Gen 9] VGC 2025 Reg G","players":["SamP_64","Spottedwoot"],"log":"|j|\u2606SamP_64\n|j|\u2606Spottedwoot\n|t:|1739833957\n|gametype|doubles\n|player|p1|SamP_64|101|1689\n|player|p2|Spottedwoot|170|1759\n|teamsize|p1|6\n|teamsize|p2|6\n|gen|9\n|tier|[Gen 9] VGC 2025 Reg G\n|rated|\n|rule|Species Clause: Limit one of each Pok\u00e9mon\n|rule|Item Clause: Limit 1 of each item\n|clearpoke\n|poke|p1|Incineroar, L50, F|\n|poke|p1|Rillaboom, L50, F|\n|poke|p1|Flutter Mane, L50|\n|poke|p1|Urshifu-*, L50, F|\n|poke|p1|Terapagos, L50, M|\n|poke|p1|Amoonguss, L50, M|\n|poke|p2|Zamazenta-*, L50|\n|poke|p2|Chien-Pao, L50|\n|poke|p2|Entei, L50|\n|poke|p2|Raging Bolt, L50|\n|poke|p2|Rillaboom, L50, F|\n|poke|p2|Farigiraf, L50, M|\n|teampreview|4\n|inactive|Battle timer is ON: inactive players will automatically lose when time's up. (requested by SamP_64)\n|inactive|SamP_64 has 60 seconds left.\n|\n|t:|1739834000\n|start\n|switch|p1a: Flutter Mane|Flutter Mane, L50|100\/100\n|switch|p1b: Urshifu|Urshifu-Rapid-Strike, L50, F|100\/100\n|switch|p2a: Zamazenta|Zamazenta-Crowned, L50|100\/100\n|switch|p2b: Chien-Pao|Chien-Pao, L50|100\/100\n|-ability|p2b: Chien-Pao|Sword of Ruin\n|-ability|p2a: Zamazenta|Dauntless Shield|boost\n|-boost|p2a: Zamazenta|def|1\n|-enditem|p1a: Flutter Mane|Booster Energy\n|-activate|p1a: Flutter Mane|ability: Protosynthesis|[fromitem]\n|-start|p1a: Flutter Mane|protosynthesisspe\n|turn|1\n|inactive|SamP_64 has 30 seconds left.\n|inactive|Spottedwoot has 30 seconds left.\n|j| hideonbusu\n|inactive|Spottedwoot has 20 seconds left.\n|\n|t:|1739834035\n|switch|p2b: Raging Bolt|Raging Bolt, L50|100\/100\n|-enditem|p2b: Raging Bolt|Booster Energy\n|-activate|p2b: Raging Bolt|ability: Protosynthesis|[fromitem]\n|-start|p2b: Raging Bolt|protosynthesisspa\n|-terastallize|p1b: Urshifu|Stellar\n|move|p1a: Flutter Mane|Icy Wind|p2a: Zamazenta|[spread] p2a,p2b\n|-resisted|p2a: Zamazenta\n|-supereffective|p2b: Raging Bolt\n|-damage|p2a: Zamazenta|96\/100\n|-damage|p2b: Raging Bolt|78\/100\n|-unboost|p2a: Zamazenta|spe|1\n|-unboost|p2b: Raging Bolt|spe|1\n|move|p1b: Urshifu|Surging Strikes|p2a: Zamazenta\n|-crit|p2a: Zamazenta\n|-damage|p2a: Zamazenta|77\/100\n|-crit|p2a: Zamazenta\n|-damage|p2a: Zamazenta|57\/100\n|-crit|p2a: Zamazenta\n|-damage|p2a: Zamazenta|39\/100\n|-hitcount|p2a: Zamazenta|3\n|move|p2a: Zamazenta|Heavy Slam|p1a: Flutter Mane\n|-supereffective|p1a: Flutter Mane\n|-damage|p1a: Flutter Mane|0 fnt\n|faint|p1a: Flutter Mane\n|-end|p1a: Flutter Mane|Protosynthesis|[silent]\n|\n|upkeep\n|l| hideonbusu\n|\n|t:|1739834058\n|switch|p1a: Terapagos|Terapagos, L50, M|100\/100\n|-activate|p1a: Terapagos|ability: Tera Shift\n|detailschange|p1a: Terapagos|Terapagos-Terastal, L50, M\n|-heal|p1a: Terapagos|100\/100|[silent]\n|turn|2\n|inactive|Spottedwoot has 30 seconds left.\n|\n|t:|1739834093\n|move|p2b: Raging Bolt|Thunderclap|p1b: Urshifu\n|-supereffective|p1b: Urshifu\n|-enditem|p1b: Urshifu|Focus Sash\n|-damage|p1b: Urshifu|1\/100\n|move|p1b: Urshifu|Close Combat|p2a: Zamazenta\n|-supereffective|p2a: Zamazenta\n|-damage|p2a: Zamazenta|0 fnt\n|-unboost|p1b: Urshifu|def|1\n|-unboost|p1b: Urshifu|spd|1\n|faint|p2a: Zamazenta\n|move|p1a: Terapagos|Calm Mind|p1a: Terapagos\n|-boost|p1a: Terapagos|spa|1\n|-boost|p1a: Terapagos|spd|1\n|\n|upkeep\n|\n|t:|1739834100\n|switch|p2a: Entei|Entei, L50|100\/100\n|turn|3\n|\n|t:|1739834118\n|move|p2a: Entei|Extreme Speed|p1b: Urshifu\n|-damage|p1b: Urshifu|0 fnt\n|faint|p1b: Urshifu\n|-damage|p2a: Entei|91\/100|[from] item: Life Orb\n|move|p1a: Terapagos|Tera Starstorm|p2a: Entei\n|-damage|p2a: Entei|0 fnt\n|faint|p2a: Entei\n|move|p2b: Raging Bolt|Thunderbolt|p1a: Terapagos\n|-activate|p1a: Terapagos|ability: Tera Shell\n|-resisted|p1a: Terapagos\n|-damage|p1a: Terapagos|80\/100\n|\n|-heal|p1a: Terapagos|86\/100|[from] item: Leftovers\n|upkeep\n|\n|t:|1739834132\n|switch|p2a: Chien-Pao|Chien-Pao, L50|100\/100\n|switch|p1b: Incineroar|Incineroar, L50, F|100\/100\n|-ability|p2a: Chien-Pao|Sword of Ruin\n|-ability|p1b: Incineroar|Intimidate|boost\n|-unboost|p2a: Chien-Pao|atk|1\n|-unboost|p2b: Raging Bolt|atk|1\n|turn|4\n|inactive|SamP_64 has 30 seconds left.\n|\n|t:|1739834161\n|move|p2a: Chien-Pao|Protect|p2a: Chien-Pao\n|-singleturn|p2a: Chien-Pao|Protect\n|move|p2b: Raging Bolt|Protect|p2b: Raging Bolt\n|-singleturn|p2b: Raging Bolt|Protect\n|move|p1b: Incineroar|Fake Out|p2b: Raging Bolt\n|-activate|p2b: Raging Bolt|move: Protect\n|move|p1a: Terapagos|Tera Starstorm|p2b: Raging Bolt\n|-activate|p2b: Raging Bolt|move: Protect\n|\n|-heal|p1a: Terapagos|92\/100|[from] item: Leftovers\n|upkeep\n|turn|5\n|\n|t:|1739834181\n|-terastallize|p2a: Chien-Pao|Stellar\n|move|p2a: Chien-Pao|Sacred Sword|p1a: Terapagos\n|-supereffective|p1a: Terapagos\n|-damage|p1a: Terapagos|46\/100\n|move|p1a: Terapagos|Tera Starstorm|p2a: Chien-Pao\n|-enditem|p2a: Chien-Pao|Focus Sash\n|-damage|p2a: Chien-Pao|1\/100\n|move|p1b: Incineroar|Knock Off|p2a: Chien-Pao\n|-resisted|p2a: Chien-Pao\n|-damage|p2a: Chien-Pao|0 fnt\n|faint|p2a: Chien-Pao\n|move|p2b: Raging Bolt|Thunderbolt|p1a: Terapagos\n|-damage|p1a: Terapagos|3\/100\n|\n|-heal|p1a: Terapagos|9\/100|[from] item: Leftovers\n|upkeep\n|turn|6\n|\n|t:|1739834202\n|move|p1a: Terapagos|Protect|p1a: Terapagos\n|-singleturn|p1a: Terapagos|Protect\n|move|p2b: Raging Bolt|Protect|p2b: Raging Bolt\n|-singleturn|p2b: Raging Bolt|Protect\n|move|p1b: Incineroar|Parting Shot|p2b: Raging Bolt\n|-activate|p2b: Raging Bolt|move: Protect\n|\n|-heal|p1a: Terapagos|15\/100|[from] item: Leftovers\n|upkeep\n|turn|7\n|\n|t:|1739834214\n|move|p1a: Terapagos|Calm Mind|p1a: Terapagos\n|-boost|p1a: Terapagos|spa|1\n|-boost|p1a: Terapagos|spd|1\n|move|p1b: Incineroar|Parting Shot|p2b: Raging Bolt\n|-unboost|p2b: Raging Bolt|atk|1\n|-unboost|p2b: Raging Bolt|spa|1\n|move|p2b: Raging Bolt|Thunderbolt|p1a: Terapagos\n|-damage|p1a: Terapagos|0 fnt\n|faint|p1a: Terapagos\n|\n|upkeep\n|turn|8\n|\n|t:|1739834232\n|move|p1b: Incineroar|Knock Off|p2b: Raging Bolt\n|-damage|p2b: Raging Bolt|57\/100\n|move|p2b: Raging Bolt|Thunderbolt|p1b: Incineroar\n|-damage|p1b: Incineroar|66\/100\n|\n|upkeep\n|turn|9\n|\n|t:|1739834240\n|move|p1b: Incineroar|Knock Off|p2b: Raging Bolt\n|-damage|p2b: Raging Bolt|36\/100\n|move|p2b: Raging Bolt|Thunderbolt|p1b: Incineroar\n|-damage|p1b: Incineroar|32\/100\n|\n|upkeep\n|turn|10\n|\n|t:|1739834252\n|move|p1b: Incineroar|Knock Off|p2b: Raging Bolt\n|-damage|p2b: Raging Bolt|12\/100\n|move|p2b: Raging Bolt|Thunderbolt|p1b: Incineroar\n|-damage|p1b: Incineroar|0 fnt\n|faint|p1b: Incineroar\n|\n|win|Spottedwoot\n|raw|SamP_64's rating: 1689 &rarr; <strong>1673<\/strong><br \/>(-16 for losing)\n|raw|Spottedwoot's rating: 1759 &rarr; <strong>1775<\/strong><br \/>(+16 for winning)\n|l|\u2606SamP_64\n|player|p1|\n|l|\u2606Spottedwoot\n|player|p2|\n","uploadtime":1739834255,"views":42,"formatid":"gen9vgc2025regg","rating":1673,"private":0,"password":null}