{"id":"gen9vgc2025regg-2302427659","format":"[Gen 9] VGC 2025 Reg G","players":["Teraparkor 6","ComputerYui"],"log":"|j|\u2606Teraparkor 6\n|j|\u2606ComputerYui\n|t:|1739797717\n|gametype|doubles\n|player|p1|Teraparkor 6|170|1685\n|player|p2|ComputerYui|265|1652\n|teamsize|p1|6\n|teamsize|p2|6\n|gen|9\n|tier|[Gen 9] VGC 2025 Reg G\n|rated|\n|rule|Species Clause: Limit one of each Pok\u00e9mon\n|rule|Item Clause: Limit 1 of each item\n|clearpoke\n|poke|p1|Calyrex-Shadow, L50|\n|poke|p1|Raging Bolt, L50|\n|poke|p1|Urshifu-*, L50, M|\n|poke|p1|Chi-Yu, L50|\n|poke|p1|Flutter Mane, L50|\n|poke|p1|Amoonguss, L50, M|\n|poke|p2|Armarouge, L50, M|\n|poke|p2|Indeedee-F, L50, F|\n|poke|p2|Koraidon, L50|\n|poke|p2|Whimsicott, L50, F|\n|poke|p2|Walking Wake, L50|\n|poke|p2|Meowscarada, L50, F|\n|teampreview|4\n|inactive|Battle timer is ON: inactive players will automatically lose when time's up. (requested by Teraparkor 6)\n|j| woshiliangzai\n|inactive|ComputerYui has 60 seconds left.\n|\n|t:|1739797765\n|start\n|switch|p1a: Raging Bolt|Raging Bolt, L50|100\/100\n|switch|p1b: Urshifu|Urshifu, L50, M|100\/100\n|switch|p2a: Whimsicott|Whimsicott, L50, F, shiny|100\/100\n|switch|p2b: Koraidon|Koraidon, L50|100\/100\n|-weather|SunnyDay|[from] ability: Orichalcum Pulse|[of] p2b: Koraidon\n|-activate|p1a: Raging Bolt|ability: Protosynthesis\n|-start|p1a: Raging Bolt|protosynthesisspa\n|-activate|p2b: Koraidon|Orichalcum Pulse|[source]\n|turn|1\n|j| God of restricted\n|\n|t:|1739797790\n|move|p2a: Whimsicott|Dazzling Gleam|p1a: Raging Bolt|[spread] p1a,p1b\n|-supereffective|p1a: Raging Bolt\n|-supereffective|p1b: Urshifu\n|-damage|p1a: Raging Bolt|75\/100\n|-enditem|p1b: Urshifu|Focus Sash\n|-damage|p1b: Urshifu|1\/100\n|move|p2b: Koraidon|U-turn|p1a: Raging Bolt\n|-damage|p1a: Raging Bolt|48\/100\n|\n|t:|1739797798\n|switch|p2b: Indeedee|Indeedee-F, L50, F, shiny|100\/100|[from] U-turn\n|-fieldstart|move: Psychic Terrain|[from] ability: Psychic Surge|[of] p2b: Indeedee\n|move|p1b: Urshifu|Wicked Blow|p2b: Indeedee\n|-supereffective|p2b: Indeedee\n|-crit|p2b: Indeedee\n|-damage|p2b: Indeedee|0 fnt\n|faint|p2b: Indeedee\n|move|p1a: Raging Bolt|Draco Meteor|p2a: Whimsicott\n|-immune|p2a: Whimsicott\n|\n|-weather|SunnyDay|[upkeep]\n|upkeep\n|\n|t:|1739797812\n|switch|p2b: Armarouge|Armarouge, L50, M, shiny|100\/100\n|turn|2\n|\n|t:|1739797826\n|move|p2a: Whimsicott|Beat Up|p2b: Armarouge\n|-supereffective|p2b: Armarouge\n|-damage|p2b: Armarouge|96\/100\n|-ability|p2b: Armarouge|Weak Armor|boost\n|-unboost|p2b: Armarouge|def|1\n|-boost|p2b: Armarouge|spe|2\n|-enditem|p2b: Armarouge|Weakness Policy\n|-boost|p2b: Armarouge|atk|2|[from] item: Weakness Policy\n|-boost|p2b: Armarouge|spa|2|[from] item: Weakness Policy\n|-supereffective|p2b: Armarouge\n|-damage|p2b: Armarouge|89\/100\n|-ability|p2b: Armarouge|Weak Armor|boost\n|-unboost|p2b: Armarouge|def|1\n|-boost|p2b: Armarouge|spe|2\n|-supereffective|p2b: Armarouge\n|-damage|p2b: Armarouge|76\/100\n|-ability|p2b: Armarouge|Weak Armor|boost\n|-unboost|p2b: Armarouge|def|1\n|-boost|p2b: Armarouge|spe|2\n|-hitcount|p2b: Armarouge|3\n|move|p2b: Armarouge|Heat Wave|p1a: Raging Bolt|[spread] p1a\n|-miss|p2b: Armarouge|p1b: Urshifu\n|-resisted|p1a: Raging Bolt\n|-damage|p1a: Raging Bolt|12\/100\n|move|p1b: Urshifu|Wicked Blow|p2b: Armarouge\n|-supereffective|p2b: Armarouge\n|-crit|p2b: Armarouge\n|-damage|p2b: Armarouge|0 fnt\n|faint|p2b: Armarouge\n|move|p1a: Raging Bolt|Thunderbolt|p2a: Whimsicott\n|-resisted|p2a: Whimsicott\n|-damage|p2a: Whimsicott|48\/100\n|\n|-weather|SunnyDay|[upkeep]\n|upkeep\n|inactive|ComputerYui has 30 seconds left.\n|\n|t:|1739797854\n|switch|p2b: Koraidon|Koraidon, L50|100\/100\n|-activate|p2b: Koraidon|ability: Orichalcum Pulse\n|turn|3\n|\n|t:|1739797866\n|move|p2a: Whimsicott|Dazzling Gleam|p1a: Raging Bolt|[spread] p1a,p1b\n|-supereffective|p1a: Raging Bolt\n|-supereffective|p1b: Urshifu\n|-damage|p1a: Raging Bolt|0 fnt\n|-damage|p1b: Urshifu|0 fnt\n|faint|p1a: Raging Bolt\n|-end|p1a: Raging Bolt|Protosynthesis|[silent]\n|faint|p1b: Urshifu\n|move|p2b: Koraidon|Flare Blitz|p1: Raging Bolt|[notarget]\n|-fail|p2b: Koraidon\n|\n|-weather|SunnyDay|[upkeep]\n|upkeep\n|\n|t:|1739797869\n|switch|p1b: Calyrex|Calyrex-Shadow, L50|100\/100\n|switch|p1a: Chi-Yu|Chi-Yu, L50|100\/100\n|-ability|p1b: Calyrex|As One\n|-ability|p1b: Calyrex|Unnerve\n|-ability|p1a: Chi-Yu|Beads of Ruin\n|turn|4\n|inactive|ComputerYui has 30 seconds left.\n|inactive|ComputerYui has 20 seconds left.\n|inactive|ComputerYui has 15 seconds left.\n|inactive|ComputerYui has 10 seconds left.\n|\n|t:|1739797917\n|-terastallize|p2a: Whimsicott|Normal\n|-terastallize|p1a: Chi-Yu|Ghost\n|move|p1b: Calyrex|Protect|p1b: Calyrex\n|-singleturn|p1b: Calyrex|Protect\n|move|p2a: Whimsicott|Dazzling Gleam|p1b: Calyrex|[spread] p1a\n|-activate|p1b: Calyrex|move: Protect\n|-damage|p1a: Chi-Yu|74\/100\n|move|p2b: Koraidon|Flare Blitz|p1a: Chi-Yu\n|-damage|p1a: Chi-Yu|0 fnt\n|faint|p1a: Chi-Yu\n|-damage|p2b: Koraidon|82\/100|[from] Recoil\n|\n|-weather|SunnyDay|[upkeep]\n|upkeep\n|turn|5\n|\n|t:|1739797938\n|move|p2a: Whimsicott|Dazzling Gleam|p1b: Calyrex\n|-damage|p1b: Calyrex|69\/100\n|move|p2b: Koraidon|Flare Blitz|p1b: Calyrex\n|-damage|p1b: Calyrex|0 fnt\n|faint|p1b: Calyrex\n|-damage|p2b: Koraidon|60\/100|[from] Recoil\n|\n|win|ComputerYui\n|raw|Teraparkor 6's rating: 1685 &rarr; <strong>1663<\/strong><br \/>(-22 for losing)\n|raw|ComputerYui's rating: 1652 &rarr; <strong>1674<\/strong><br \/>(+22 for winning)\n|l| God of restricted\n|l|\u2606ComputerYui\n|player|p2|\n|l|\u2606Teraparkor 6\n|player|p1|\n","uploadtime":1739797954,"views":10,"formatid":"gen9vgc2025regg","rating":1663,"private":0,"password":null}