{"id":"gen9vgc2025regg-2302657299","format":"[Gen 9] VGC 2025 Reg G","players":["Lechonkbro","ItsRayleigh_01"],"log":"|j|\u2606Lechonkbro\n|j|\u2606ItsRayleigh_01\n|t:|1739823556\n|gametype|doubles\n|player|p1|Lechonkbro|ghetsis-gen5bw|1585\n|player|p2|ItsRayleigh_01|102|1580\n|teamsize|p1|6\n|teamsize|p2|6\n|gen|9\n|tier|[Gen 9] VGC 2025 Reg G\n|rated|\n|rule|Species Clause: Limit one of each Pok\u00e9mon\n|rule|Item Clause: Limit 1 of each item\n|clearpoke\n|poke|p1|Miraidon, L50|\n|poke|p1|Incineroar, L50, M|\n|poke|p1|Oranguru, L50, F|\n|poke|p1|Clefairy, L50, F|\n|poke|p1|Baxcalibur, L50, F|\n|poke|p1|Whimsicott, L50, F|\n|poke|p2|Lunala, L50|\n|poke|p2|Comfey, L50, F|\n|poke|p2|Moltres-Galar, L50|\n|poke|p2|Rillaboom, L50, F|\n|poke|p2|Amoonguss, L50, F|\n|poke|p2|Entei, L50|\n|teampreview|4\nItsRayleigh_01 has agreed to open team sheets.\n|inactive|Battle timer is ON: inactive players will automatically lose when time's up. (requested by ItsRayleigh_01)\n|\n|t:|1739823579\n|start\n|switch|p1a: Miraidon|Miraidon, L50|100\/100\n|switch|p1b: Oranguru|Oranguru, L50, F|100\/100\n|switch|p2a: Rillaboom|Rillaboom, L50, F|100\/100\n|switch|p2b: Amoonguss|Amoonguss, L50, F|100\/100\n|-fieldstart|move: Electric Terrain|[from] ability: Hadron Engine|[of] p1a: Miraidon\n|-enditem|p1a: Miraidon|Electric Seed\n|-boost|p1a: Miraidon|def|1|[from] item: Electric Seed\n|-activate|p1b: Oranguru|ability: Symbiosis|Covert Cloak|[of] p1a: Miraidon\n|-fieldstart|move: Grassy Terrain|[from] ability: Grassy Surge|[of] p2a: Rillaboom\n|turn|1\n|\n|t:|1739823598\n|move|p2a: Rillaboom|Fake Out|p1a: Miraidon\n|-damage|p1a: Miraidon|93\/100\n|move|p1a: Miraidon|Calm Mind|p1a: Miraidon\n|-boost|p1a: Miraidon|spa|1\n|-boost|p1a: Miraidon|spd|1\n|move|p1b: Oranguru|Instruct|p1a: Miraidon\n|-singleturn|p1a: Miraidon|move: Instruct|[of] p1b: Oranguru\n|move|p1a: Miraidon|Calm Mind|p1a: Miraidon\n|-boost|p1a: Miraidon|spa|1\n|-boost|p1a: Miraidon|spd|1\n|move|p2b: Amoonguss|Spore|p1b: Oranguru\n|-status|p1b: Oranguru|slp|[from] move: Spore\n|\n|-heal|p1a: Miraidon|99\/100|[from] Grassy Terrain\n|upkeep\n|turn|2\n|inactive|ItsRayleigh_01 has 30 seconds left.\n|\n|t:|1739823626\n|switch|p1b: Baxcalibur|Baxcalibur, L50, F|100\/100\n|move|p1a: Miraidon|Protect|p1a: Miraidon\n|-singleturn|p1a: Miraidon|Protect\n|move|p2a: Rillaboom|U-turn|p1a: Miraidon\n|-activate|p1a: Miraidon|move: Protect\n|move|p2b: Amoonguss|Spore|p1a: Miraidon\n|-activate|p1a: Miraidon|move: Protect\n|\n|-heal|p1a: Miraidon|100\/100|[from] Grassy Terrain\n|upkeep\n|turn|3\n|\n|t:|1739823641\n|switch|p2a: Entei|Entei, L50|100\/100\n|-terastallize|p2b: Amoonguss|Water\n|move|p1a: Miraidon|Parabolic Charge|p2a: Entei|[spread] p1b,p2a,p2b\n|-resisted|p1b: Baxcalibur\n|-supereffective|p2b: Amoonguss\n|-damage|p1b: Baxcalibur|77\/100\n|-damage|p2a: Entei|39\/100\n|-damage|p2b: Amoonguss|21\/100\n|move|p1b: Baxcalibur|Icicle Spear|p2b: Amoonguss\n|-resisted|p2b: Amoonguss\n|-damage|p2b: Amoonguss|16\/100\n|-resisted|p2b: Amoonguss\n|-damage|p2b: Amoonguss|10\/100\n|-resisted|p2b: Amoonguss\n|-damage|p2b: Amoonguss|5\/100\n|-resisted|p2b: Amoonguss\n|-damage|p2b: Amoonguss|0 fnt\n|faint|p2b: Amoonguss\n|-hitcount|p2: Amoonguss|4\n|\n|-heal|p2a: Entei|45\/100|[from] Grassy Terrain\n|-heal|p1b: Baxcalibur|83\/100|[from] Grassy Terrain\n|upkeep\n|\n|t:|1739823654\n|switch|p2b: Lunala|Lunala, L50|100\/100\n|turn|4\n|\n|t:|1739823670\n|switch|p1b: Oranguru|Oranguru, L50, F|100\/100 slp\n|move|p2a: Entei|Extreme Speed|p1a: Miraidon\n|-damage|p1a: Miraidon|78\/100\n|move|p1a: Miraidon|Dragon Pulse|p2a: Entei\n|-damage|p2a: Entei|0 fnt\n|faint|p2a: Entei\n|move|p2b: Lunala|Moonblast|p1b: Oranguru\n|-damage|p1b: Oranguru|79\/100 slp\n|\n|-heal|p1a: Miraidon|84\/100|[from] Grassy Terrain\n|-heal|p1b: Oranguru|85\/100 slp|[from] Grassy Terrain\n|upkeep\n|\n|t:|1739823678\n|switch|p2a: Rillaboom|Rillaboom, L50, F|100\/100\n|turn|5\n|\n|t:|1739823692\n|move|p1a: Miraidon|Calm Mind|p1a: Miraidon\n|-boost|p1a: Miraidon|spa|1\n|-boost|p1a: Miraidon|spd|1\n|move|p2b: Lunala|Calm Mind|p2b: Lunala\n|-boost|p2b: Lunala|spa|1\n|-boost|p2b: Lunala|spd|1\n|move|p2a: Rillaboom|U-turn|p1a: Miraidon\n|-damage|p1a: Miraidon|71\/100\n|cant|p1b: Oranguru|slp\n|\n|-heal|p1a: Miraidon|77\/100|[from] Grassy Terrain\n|-heal|p1b: Oranguru|91\/100 slp|[from] Grassy Terrain\n|-fieldend|move: Grassy Terrain\n|upkeep\n|turn|6\n|\n|t:|1739823713\n|move|p1a: Miraidon|Calm Mind|p1a: Miraidon\n|-boost|p1a: Miraidon|spa|1\n|-boost|p1a: Miraidon|spd|1\n|move|p2b: Lunala|Moonblast|p1a: Miraidon\n|-supereffective|p1a: Miraidon\n|-damage|p1a: Miraidon|54\/100\n|move|p2a: Rillaboom|Wood Hammer|p1a: Miraidon\n|-resisted|p1a: Miraidon\n|-damage|p1a: Miraidon|36\/100\n|-damage|p2a: Rillaboom|95\/100|[from] Recoil\n|-curestatus|p1b: Oranguru|slp|[msg]\n|move|p1b: Oranguru|Foul Play|p2b: Lunala\n|-supereffective|p2b: Lunala\n|-damage|p2b: Lunala|69\/100\n|\n|-heal|p2b: Lunala|75\/100|[from] item: Leftovers\n|upkeep\n|turn|7\n|inactive|ItsRayleigh_01 has 30 seconds left.\n|\n|t:|1739823740\n|move|p1a: Miraidon|Dragon Pulse|p2b: Lunala\n|-damage|p2b: Lunala|18\/100\n|move|p2b: Lunala|Moonblast|p1a: Miraidon\n|-supereffective|p1a: Miraidon\n|-damage|p1a: Miraidon|14\/100\n|move|p2a: Rillaboom|Wood Hammer|p1a: Miraidon\n|-resisted|p1a: Miraidon\n|-damage|p1a: Miraidon|0 fnt\n|faint|p1a: Miraidon\n|-damage|p2a: Rillaboom|90\/100|[from] Recoil\n|move|p1b: Oranguru|Instruct|p1: Miraidon|[notarget]\n|-fail|p1b: Oranguru\n|\n|-heal|p2b: Lunala|24\/100|[from] item: Leftovers\n|upkeep\n|\n|t:|1739823757\n|switch|p1a: Baxcalibur|Baxcalibur, L50, F|83\/100\n|turn|8\n|inactive|ItsRayleigh_01 has 30 seconds left.\n|inactive|ItsRayleigh_01 has 20 seconds left.\n|\n|t:|1739823792\n|move|p2b: Lunala|Moonblast|p1b: Oranguru\n|-damage|p1b: Oranguru|60\/100\n|-unboost|p1b: Oranguru|spa|1\n|move|p1a: Baxcalibur|Icicle Spear|p2b: Lunala\n|-damage|p2b: Lunala|12\/100\n|-damage|p2b: Lunala|2\/100\n|-damage|p2b: Lunala|0 fnt\n|faint|p2b: Lunala\n|-hitcount|p2: Lunala|3\n|move|p2a: Rillaboom|Wood Hammer|p1b: Oranguru\n|-damage|p1b: Oranguru|4\/100\n|-damage|p2a: Rillaboom|72\/100|[from] Recoil\n|move|p1b: Oranguru|Instruct|p1a: Baxcalibur\n|-singleturn|p1a: Baxcalibur|move: Instruct|[of] p1b: Oranguru\n|move|p1a: Baxcalibur|Icicle Spear|p2a: Rillaboom\n|-supereffective|p2a: Rillaboom\n|-damage|p2a: Rillaboom|46\/100\n|-supereffective|p2a: Rillaboom\n|-damage|p2a: Rillaboom|18\/100\n|-supereffective|p2a: Rillaboom\n|-damage|p2a: Rillaboom|0 fnt\n|faint|p2a: Rillaboom\n|-hitcount|p2: Rillaboom|3\n|\n|win|Lechonkbro\n|raw|Lechonkbro's rating: 1585 &rarr; <strong>1605<\/strong><br \/>(+20 for winning)\n|raw|ItsRayleigh_01's rating: 1580 &rarr; <strong>1560<\/strong><br \/>(-20 for losing)\n|l|\u2606ItsRayleigh_01\n|player|p2|\n|l|\u2606Lechonkbro\n|player|p1|\n","uploadtime":1739823994,"views":5,"formatid":"gen9vgc2025regg","rating":1560,"private":0,"password":null}