{"id":"gen9vgc2025regg-2302761701","format":"[Gen 9] VGC 2025 Reg G","players":["root2iris","zhz2021"],"log":"|j|\u2606root2iris\n|j|\u2606zhz2021\n|t:|1739834854\n|gametype|doubles\n|player|p1|root2iris|guitarist|1609\n|player|p2|zhz2021|marley|1616\n|teamsize|p1|6\n|teamsize|p2|6\n|gen|9\n|tier|[Gen 9] VGC 2025 Reg G\n|rated|\n|rule|Species Clause: Limit one of each Pok\u00e9mon\n|rule|Item Clause: Limit 1 of each item\n|clearpoke\n|poke|p1|Terapagos, L50, M|\n|poke|p1|Amoonguss, L50, M|\n|poke|p1|Incineroar, L50, F|\n|poke|p1|Urshifu-*, L50, M|\n|poke|p1|Flutter Mane, L50|\n|poke|p1|Ditto, L50|\n|poke|p2|Smeargle, L50, F|\n|poke|p2|Urshifu-*, L50, F|\n|poke|p2|Bruxish, L50, F|\n|poke|p2|Calyrex-Ice, L50|\n|poke|p2|Tsareena, L50, F|\n|poke|p2|Tornadus, L50, M|\n|teampreview|4\n|inactive|Battle timer is ON: inactive players will automatically lose when time's up. (requested by root2iris)\n|j| pmg9\n|inactive|root2iris has 60 seconds left.\n|\n|t:|1739834892\n|start\n|switch|p1a: sea-salt|Terapagos, L50, M|100\/100\n|switch|p1b: foolish girl|Flutter Mane, L50|100\/100\n|switch|p2a: Smeargle|Smeargle, L50, F|100\/100\n|switch|p2b: Bruxish|Bruxish, L50, F|100\/100\n|-activate|p1a: sea-salt|ability: Tera Shift\n|detailschange|p1a: sea-salt|Terapagos-Terastal, L50, M\n|-heal|p1a: sea-salt|100\/100|[silent]\n|-enditem|p1b: foolish girl|Booster Energy\n|-activate|p1b: foolish girl|ability: Protosynthesis|[fromitem]\n|-start|p1b: foolish girl|protosynthesisspe\n|turn|1\n|j| NanshanVGC\n|\n|t:|1739834908\n|move|p2a: Smeargle|Fake Out|p1a: sea-salt\n|-activate|p1a: sea-salt|ability: Tera Shell\n|-resisted|p1a: sea-salt\n|-damage|p1a: sea-salt|98\/100\n|move|p1b: foolish girl|Taunt|p2a: Smeargle\n|-start|p2a: Smeargle|move: Taunt\n|cant|p1a: sea-salt|flinch\n|move|p2b: Bruxish|Trick Room|p2b: Bruxish\n|-fieldstart|move: Trick Room|[of] p2b: Bruxish\n|\n|-heal|p1a: sea-salt|100\/100|[from] item: Leftovers\n|-ability|p2a: Smeargle|Moody|boost\n|-boost|p2a: Smeargle|atk|2\n|-unboost|p2a: Smeargle|spe|1\n|-enditem|p2a: Smeargle|Eject Pack\n|upkeep\n|\n|t:|1739834911\n|switch|p2a: Calyrex|Calyrex-Ice, L50|100\/100\n|-ability|p2a: Calyrex|As One\n|-ability|p2a: Calyrex|Unnerve\n|turn|2\n|inactive|root2iris has 30 seconds left.\n|\n|t:|1739834946\n|-terastallize|p2a: Calyrex|Fire\n|move|p2b: Bruxish|Super Fang|p1a: sea-salt\n|-damage|p1a: sea-salt|50\/100\n|move|p2a: Calyrex|Glacial Lance|p1b: foolish girl|[spread] p1a,p1b\n|-crit|p1a: sea-salt\n|-damage|p1a: sea-salt|0 fnt\n|-damage|p1b: foolish girl|7\/100\n|faint|p1a: sea-salt\n|-ability|p2a: Calyrex|Chilling Neigh|boost\n|-boost|p2a: Calyrex|atk|1\n|move|p1b: foolish girl|Moonblast|p2a: Calyrex\n|-resisted|p2a: Calyrex\n|-damage|p2a: Calyrex|85\/100\n|\n|upkeep\n|\n|t:|1739834951\n|switch|p1a: icky jobs|Incineroar, L50, F|100\/100\n|-ability|p1a: icky jobs|Intimidate|boost\n|-fail|p2a: Calyrex|unboost|[from] item: Clear Amulet|[of] p2a: Calyrex\n|-unboost|p2b: Bruxish|atk|1\n|turn|3\n|\n|t:|1739834976\n|move|p1a: icky jobs|Knock Off|p2a: Calyrex\n|-damage|p2a: Calyrex|62\/100\n|-enditem|p2a: Calyrex|Clear Amulet|[from] move: Knock Off|[of] p1a: icky jobs\n|move|p2b: Bruxish|Super Fang|p1a: icky jobs\n|-damage|p1a: icky jobs|51\/100\n|move|p2a: Calyrex|Glacial Lance|p1a: icky jobs|[spread] p1a,p1b\n|-resisted|p1a: icky jobs\n|-damage|p1a: icky jobs|17\/100\n|-damage|p1b: foolish girl|0 fnt\n|faint|p1b: foolish girl\n|-end|p1b: foolish girl|Protosynthesis|[silent]\n|-ability|p2a: Calyrex|Chilling Neigh|boost\n|-boost|p2a: Calyrex|atk|1\n|\n|upkeep\n|\n|t:|1739834984\n|switch|p1b: no. i|Ditto, L50|100\/100\n|-transform|p1b: no. i|p2a: Calyrex|[from] ability: Imposter\n|-ability|p1b: no. i|As One\n|-ability|p1b: no. i|Unnerve\n|-start|p1b: no. i|typechange|Psychic\/Ice|[silent]\n|turn|4\n|inactive|zhz2021 has 30 seconds left.\n|\n|t:|1739835017\n|move|p1a: icky jobs|Knock Off|p2b: Bruxish\n|-supereffective|p2b: Bruxish\n|-enditem|p2b: Bruxish|Focus Sash\n|-damage|p2b: Bruxish|1\/100\n|move|p2b: Bruxish|Liquidation|p1a: icky jobs\n|-supereffective|p1a: icky jobs\n|-damage|p1a: icky jobs|0 fnt\n|faint|p1a: icky jobs\n|move|p1b: no. i|High Horsepower|p2a: Calyrex\n|-supereffective|p2a: Calyrex\n|-damage|p2a: Calyrex|0 fnt\n|faint|p2a: Calyrex\n|-ability|p1b: no. i|Chilling Neigh|boost\n|-boost|p1b: no. i|atk|1\n|\n|upkeep\n|\n|t:|1739835025\n|switch|p2a: Smeargle|Smeargle, L50, F|100\/100\n|turn|5\n|\n|t:|1739835037\n|-terastallize|p1b: no. i|Ghost\n|move|p2a: Smeargle|Spore|p1b: no. i\n|-status|p1b: no. i|slp|[from] move: Spore\n|move|p2b: Bruxish|Super Fang|p1b: no. i\n|-immune|p1b: no. i\n|cant|p1b: no. i|slp\n|\n|-fieldend|move: Trick Room\n|-ability|p2a: Smeargle|Moody|boost\n|-boost|p2a: Smeargle|spd|2\n|-unboost|p2a: Smeargle|spa|1\n|upkeep\n|turn|6\n|\n|t:|1739835061\n|switch|p2a: Show Your Fske Out|Tsareena, L50, F|100\/100\n|-curestatus|p1b: no. i|slp|[msg]\n|move|p1b: no. i|Glacial Lance|p2b: Bruxish|[spread] p2a,p2b\n|-supereffective|p2a: Show Your Fske Out\n|-resisted|p2b: Bruxish\n|-damage|p2a: Show Your Fske Out|0 fnt\n|-damage|p2b: Bruxish|0 fnt\n|faint|p2a: Show Your Fske Out\n|faint|p2b: Bruxish\n|-ability|p1b: no. i|Chilling Neigh|boost\n|-boost|p1b: no. i|atk|2\n|\n|upkeep\n|-message|zhz2021 forfeited.\n|\n|win|root2iris\n|raw|root2iris's rating: 1609 &rarr; <strong>1628<\/strong><br \/>(+19 for winning)\n|raw|zhz2021's rating: 1599 &rarr; <strong>1580<\/strong><br \/>(-19 for losing)\n|l|\u2606zhz2021\n|player|p2|\n|l| pmg9\n|l|\u2606root2iris\n|player|p1|\n|l| NanshanVGC\n","uploadtime":1739835090,"views":43,"formatid":"gen9vgc2025regg","rating":1580,"private":0,"password":null}