{"id":"gen9vgc2025regg-2302663836","format":"[Gen 9] VGC 2025 Reg G","players":["jvessel07","Yung Trav"],"log":"|j|\u2606jvessel07\n|j|\u2606Yung Trav\n|t:|1739824247\n|gametype|doubles\n|player|p1|jvessel07|baker|1654\n|player|p2|Yung Trav|2|1788\n|teamsize|p1|6\n|teamsize|p2|6\n|gen|9\n|tier|[Gen 9] VGC 2025 Reg G\n|rated|\n|rule|Species Clause: Limit one of each Pok\u00e9mon\n|rule|Item Clause: Limit 1 of each item\n|clearpoke\n|poke|p1|Smeargle, L50, F|\n|poke|p1|Muk-Alola, L50, M|\n|poke|p1|Flamigo, L50, F|\n|poke|p1|Dondozo, L50, F|\n|poke|p1|Rillaboom, L50, M|\n|poke|p1|Lugia, L50|\n|poke|p2|Calyrex-Ice, L50|\n|poke|p2|Regidrago, L50|\n|poke|p2|Smeargle, L50, M|\n|poke|p2|Farigiraf, L50, M|\n|poke|p2|Urshifu-*, L50, M|\n|poke|p2|Ogerpon-Cornerstone, L50, F|\n|teampreview|4\n|inactive|Battle timer is ON: inactive players will automatically lose when time's up. (requested by Yung Trav)\n|\n|t:|1739824275\n|start\n|switch|p1a: Smeargle|Smeargle, L50, F|100\/100\n|switch|p1b: Muk|Muk-Alola, L50, M|100\/100\n|switch|p2a: Calyrex|Calyrex-Ice, L50|100\/100\n|switch|p2b: Smeargle|Smeargle, L50, M, shiny|100\/100\n|-ability|p2a: Calyrex|As One\n|-ability|p2a: Calyrex|Unnerve\n|turn|1\n|\n|t:|1739824290\n|move|p1b: Muk|Protect|p1b: Muk\n|-singleturn|p1b: Muk|Protect\n|move|p1a: Smeargle|Fake Out|p2a: Calyrex\n|-damage|p2a: Calyrex|97\/100\n|cant|p2a: Calyrex|flinch\n|move|p2b: Smeargle|Spore|p1b: Muk\n|-activate|p1b: Muk|move: Protect\n|\n|-ability|p1a: Smeargle|Moody|boost\n|-boost|p1a: Smeargle|spd|2\n|-unboost|p1a: Smeargle|atk|1\n|upkeep\n|turn|2\n|\n|t:|1739824312\n|-terastallize|p1b: Muk|Water\n|move|p1a: Smeargle|Spore|p2b: Smeargle\n|-status|p2b: Smeargle|slp|[from] move: Spore\n|move|p2a: Calyrex|Glacial Lance|p1b: Muk|[spread] p1a,p1b\n|-resisted|p1b: Muk\n|-enditem|p1a: Smeargle|Focus Sash\n|-damage|p1a: Smeargle|1\/100\n|-damage|p1b: Muk|73\/100\n|cant|p2b: Smeargle|slp\n|move|p1b: Muk|Minimize|p1b: Muk\n|-boost|p1b: Muk|evasion|2\n|\n|-heal|p1b: Muk|79\/100|[from] item: Leftovers\n|-ability|p1a: Smeargle|Moody|boost\n|-boost|p1a: Smeargle|atk|2\n|-unboost|p1a: Smeargle|spe|1\n|upkeep\n|turn|3\n|\n|t:|1739824336\n|move|p1a: Smeargle|Spore|p2a: Calyrex\n|-status|p2a: Calyrex|slp|[from] move: Spore\n|cant|p2a: Calyrex|slp\n|cant|p2b: Smeargle|slp\n|move|p1b: Muk|Minimize|p1b: Muk\n|-boost|p1b: Muk|evasion|2\n|\n|-heal|p1b: Muk|85\/100|[from] item: Leftovers\n|-ability|p1a: Smeargle|Moody|boost\n|-boost|p1a: Smeargle|spa|2\n|-unboost|p1a: Smeargle|atk|1\n|upkeep\n|turn|4\n|\n|t:|1739824354\n|move|p1a: Smeargle|Decorate|p1b: Muk\n|-boost|p1b: Muk|atk|2\n|-boost|p1b: Muk|spa|2\n|cant|p2a: Calyrex|slp\n|cant|p2b: Smeargle|slp\n|move|p1b: Muk|Minimize|p1b: Muk\n|-boost|p1b: Muk|evasion|2\n|\n|-heal|p1b: Muk|91\/100|[from] item: Leftovers\n|-ability|p1a: Smeargle|Moody|boost\n|-boost|p1a: Smeargle|spe|2\n|-unboost|p1a: Smeargle|atk|1\n|upkeep\n|turn|5\n|\n|t:|1739824374\n|-terastallize|p2a: Calyrex|Water\n|move|p1a: Smeargle|Decorate|p1b: Muk\n|-boost|p1b: Muk|atk|2\n|-boost|p1b: Muk|spa|2\n|cant|p2a: Calyrex|slp\n|-curestatus|p2b: Smeargle|slp|[msg]\n|move|p2b: Smeargle|Spore|p1b: Muk\n|-status|p1b: Muk|slp|[from] move: Spore\n|cant|p1b: Muk|slp\n|\n|-heal|p1b: Muk|97\/100 slp|[from] item: Leftovers\n|-ability|p1a: Smeargle|Moody|boost\n|-boost|p1a: Smeargle|spa|2\n|-unboost|p1a: Smeargle|spd|1\n|upkeep\n|turn|6\n|\n|t:|1739824396\n|switch|p2b: Ogerpon|Ogerpon-Cornerstone, L50, F|100\/100\n|move|p1a: Smeargle|Spore|p2b: Ogerpon\n|-immune|p2b: Ogerpon\n|-curestatus|p2a: Calyrex|slp|[msg]\n|move|p2a: Calyrex|Glacial Lance|p1a: Smeargle|[spread] p1a\n|-miss|p2a: Calyrex|p1b: Muk\n|-damage|p1a: Smeargle|0 fnt\n|faint|p1a: Smeargle\n|-ability|p1b: Muk|Moody|[from] ability: Power of Alchemy|[of] p1a: Smeargle\n|-ability|p2a: Calyrex|Chilling Neigh|boost\n|-boost|p2a: Calyrex|atk|1\n|-curestatus|p1b: Muk|slp|[msg]\n|move|p1b: Muk|Knock Off|p2a: Calyrex\n|-damage|p2a: Calyrex|27\/100\n|-enditem|p2a: Calyrex|Clear Amulet|[from] move: Knock Off|[of] p1b: Muk\n|\n|-heal|p1b: Muk|100\/100|[from] item: Leftovers\n|-ability|p1b: Muk|Moody|boost\n|-boost|p1b: Muk|spd|2\n|-unboost|p1b: Muk|atk|1\n|upkeep\n|\n|t:|1739824417\n|switch|p1a: Lugia|Lugia, L50|100\/100\n|turn|7\n|\n|t:|1739824426\n|move|p2b: Ogerpon|Taunt|p1a: Lugia\n|-start|p1a: Lugia|move: Taunt\n|cant|p1a: Lugia|move: Taunt|Psych Up\n|move|p2a: Calyrex|Glacial Lance|p1b: Muk|[spread] p1a,p1b\n|-supereffective|p1a: Lugia\n|-resisted|p1b: Muk\n|-damage|p1a: Lugia|51\/100\n|-damage|p1b: Muk|56\/100\n|move|p1b: Muk|Knock Off|p2a: Calyrex\n|-damage|p2a: Calyrex|0 fnt\n|faint|p2a: Calyrex\n|\n|-heal|p1b: Muk|63\/100|[from] item: Leftovers\n|-ability|p1b: Muk|Moody|boost\n|-boost|p1b: Muk|spe|2\n|-unboost|p1b: Muk|def|1\n|upkeep\n|\n|t:|1739824448\n|switch|p2a: Urshifu|Urshifu, L50, M|100\/100\n|turn|8\n|\n|t:|1739824458\n|move|p2a: Urshifu|Wicked Blow|p1a: Lugia\n|-supereffective|p1a: Lugia\n|-crit|p1a: Lugia\n|-damage|p1a: Lugia|0 fnt\n|faint|p1a: Lugia\n|move|p2b: Ogerpon|Power Whip|p1b: Muk|[miss]\n|-miss|p2b: Ogerpon|p1b: Muk\n|move|p1b: Muk|Knock Off|p2b: Ogerpon\n|-damage|p2b: Ogerpon|19\/100\n|\n|-heal|p1b: Muk|69\/100|[from] item: Leftovers\n|-ability|p1b: Muk|Moody|boost\n|-boost|p1b: Muk|spe|2\n|-unboost|p1b: Muk|atk|1\n|upkeep\n|\n|t:|1739824467\n|switch|p1a: Flamigo|Flamigo, L50, F|100\/100\n|-copyboost|p1a: Flamigo|p1b: Muk|[from] ability: Costar\n|-enditem|p1a: Flamigo|White Herb\n|-clearnegativeboost|p1a: Flamigo|[silent]\n|turn|9\n|\n|t:|1739824488\n|move|p1a: Flamigo|Acrobatics|p2a: Urshifu\n|-supereffective|p2a: Urshifu\n|-damage|p2a: Urshifu|0 fnt\n|faint|p2a: Urshifu\n|move|p1b: Muk|Knock Off|p2b: Ogerpon\n|-damage|p2b: Ogerpon|0 fnt\n|faint|p2b: Ogerpon\n|\n|-heal|p1b: Muk|75\/100|[from] item: Leftovers\n|-ability|p1b: Muk|Moody|boost\n|-boost|p1b: Muk|spd|2\n|-unboost|p1b: Muk|spe|1\n|upkeep\n|-message|Yung Trav forfeited.\n|\n|win|jvessel07\n|raw|jvessel07's rating: 1654 &rarr; <strong>1681<\/strong><br \/>(+27 for winning)\n|raw|Yung Trav's rating: 1788 &rarr; <strong>1761<\/strong><br \/>(-27 for losing)\n|l|\u2606Yung Trav\n|player|p2|\n|j|\u2606Yung Trav\n|player|p2|Yung Trav|2|\n|l|\u2606Yung Trav\n|player|p2|\n|l|\u2606jvessel07\n|player|p1|\n","uploadtime":1739824692,"views":18,"formatid":"gen9vgc2025regg","rating":1681,"private":0,"password":null}