{"id":"gen9vgc2025regg-2302549245","format":"[Gen 9] VGC 2025 Reg G","players":["xatseye","Cdogp"],"log":"|j|\u2606xatseye\n|j|\u2606Cdogp\n|t:|1739812215\n|gametype|doubles\n|player|p1|xatseye|unknown|1626\n|player|p2|Cdogp|wattson|1732\n|teamsize|p1|6\n|teamsize|p2|6\n|gen|9\n|tier|[Gen 9] VGC 2025 Reg G\n|rated|\n|rule|Species Clause: Limit one of each Pok\u00e9mon\n|rule|Item Clause: Limit 1 of each item\n|clearpoke\n|poke|p1|Miraidon, L50|\n|poke|p1|Incineroar, L50, M|\n|poke|p1|Oranguru, L50, M|\n|poke|p1|Clefairy, L50, M|\n|poke|p1|Iron Valiant, L50|\n|poke|p1|Baxcalibur, L50, M|\n|poke|p2|Terapagos, L50, M|\n|poke|p2|Smeargle, L50, M|\n|poke|p2|Ogerpon-Hearthflame, L50, F|\n|poke|p2|Tornadus, L50, M|\n|poke|p2|Ditto, L50|\n|poke|p2|Landorus, L50, M|\n|teampreview|4\n|inactive|Battle timer is ON: inactive players will automatically lose when time's up. (requested by xatseye)\n|inactive|xatseye has 60 seconds left.\n|l|\u2606Cdogp\n|inactive|Cdogp disconnected and has a minute to reconnect!\n|player|p2|\n|\n|t:|1739812251\n|start\n|switch|p1a: Baxcalibur|Baxcalibur, L50, M|100\/100\n|switch|p1b: Incineroar|Incineroar, L50, M|100\/100\n|switch|p2a: Terapagos|Terapagos, L50, M|100\/100\n|switch|p2b: Smeargle|Smeargle, L50, M|100\/100\n|-activate|p2a: Terapagos|ability: Tera Shift\n|detailschange|p2a: Terapagos|Terapagos-Terastal, L50, M\n|-heal|p2a: Terapagos|100\/100|[silent]\n|-ability|p1b: Incineroar|Intimidate|boost\n|-unboost|p2a: Terapagos|atk|1\n|-unboost|p2b: Smeargle|atk|1\n|turn|1\n|j|\u2606Cdogp\n|inactive|Cdogp reconnected and has 45 seconds left.\n|player|p2|Cdogp|wattson|\n|\n|t:|1739812271\n|move|p2b: Smeargle|Fake Out|p1a: Baxcalibur\n|-damage|p1a: Baxcalibur|97\/100\n|move|p1b: Incineroar|Fake Out|p2a: Terapagos\n|-activate|p2a: Terapagos|ability: Tera Shell\n|-resisted|p2a: Terapagos\n|-damage|p2a: Terapagos|96\/100\n|cant|p1a: Baxcalibur|flinch\n|cant|p2a: Terapagos|flinch\n|\n|-ability|p2b: Smeargle|Moody|boost\n|-boost|p2b: Smeargle|atk|2\n|-unboost|p2b: Smeargle|spd|1\n|upkeep\n|turn|2\n|\n|t:|1739812286\n|move|p1a: Baxcalibur|Icicle Spear|p2b: Smeargle\n|-damage|p2b: Smeargle|63\/100\n|-damage|p2b: Smeargle|30\/100\n|-damage|p2b: Smeargle|0 fnt\n|faint|p2b: Smeargle\n|-hitcount|p2: Smeargle|3\n|move|p2a: Terapagos|Tera Starstorm|p1b: Incineroar\n|-damage|p1b: Incineroar|29\/100\n|-enditem|p1b: Incineroar|Sitrus Berry|[eat]\n|-heal|p1b: Incineroar|54\/100|[from] item: Sitrus Berry\n|move|p1b: Incineroar|Parting Shot|p2a: Terapagos\n|-unboost|p2a: Terapagos|atk|1\n|-unboost|p2a: Terapagos|spa|1\n|\n|t:|1739812302\n|switch|p1b: Miraidon|Miraidon, L50|100\/100|[from] Parting Shot\n|-fieldstart|move: Electric Terrain|[from] ability: Hadron Engine|[of] p1b: Miraidon\n|-enditem|p1b: Miraidon|Electric Seed\n|-boost|p1b: Miraidon|def|1|[from] item: Electric Seed\n|\n|upkeep\n|\n|t:|1739812306\n|switch|p2b: Tornadus|Tornadus, L50, M|100\/100\n|turn|3\n|\n|t:|1739812320\n|-terastallize|p2a: Terapagos|Stellar\n|detailschange|p2a: Terapagos|Terapagos-Stellar, L50, M, tera:Stellar\n|-heal|p2a: Terapagos|97\/100|[silent]\n|-ability|p2a: Terapagos|Teraform Zero\n|-fieldend|move: Electric Terrain\n|move|p2b: Tornadus|Tailwind|p2b: Tornadus\n|-sidestart|p2: Cdogp|move: Tailwind\n|move|p2a: Terapagos|Tera Starstorm|p1a: Baxcalibur|[spread] p1a,p1b\n|-damage|p1a: Baxcalibur|50\/100\n|-damage|p1b: Miraidon|69\/100\n|move|p1b: Miraidon|Calm Mind|p1b: Miraidon\n|-boost|p1b: Miraidon|spa|1\n|-boost|p1b: Miraidon|spd|1\n|move|p1a: Baxcalibur|Icicle Spear|p2a: Terapagos\n|-damage|p2a: Terapagos|87\/100\n|-damage|p2a: Terapagos|78\/100\n|-damage|p2a: Terapagos|68\/100\n|-damage|p2a: Terapagos|59\/100\n|-damage|p2a: Terapagos|48\/100\n|-hitcount|p2a: Terapagos|5\n|\n|upkeep\n|turn|4\n|\n|t:|1739812343\n|move|p1a: Baxcalibur|Protect|p1a: Baxcalibur\n|-singleturn|p1a: Baxcalibur|Protect\n|move|p2a: Terapagos|Tera Starstorm|p1b: Miraidon|[spread] p1b\n|-activate|p1a: Baxcalibur|move: Protect\n|-damage|p1b: Miraidon|47\/100\n|move|p2b: Tornadus|Bleakwind Storm|p1b: Miraidon|[spread] \n|-activate|p1a: Baxcalibur|move: Protect\n|-miss|p2b: Tornadus|p1b: Miraidon\n|move|p1b: Miraidon|Parabolic Charge|p2a: Terapagos|[spread] p2a,p2b\n|-activate|p1a: Baxcalibur|move: Protect\n|-crit|p2a: Terapagos\n|-supereffective|p2b: Tornadus\n|-damage|p2a: Terapagos|9\/100\n|-heal|p1b: Miraidon|70\/100|[from] drain|[of] p2a: Terapagos\n|-damage|p2b: Tornadus|30\/100\n|-heal|p1b: Miraidon|100\/100|[from] drain|[of] p2b: Tornadus\n|\n|upkeep\n|turn|5\n|-message|Cdogp forfeited.\n|\n|win|xatseye\n|raw|xatseye's rating: 1626 &rarr; <strong>1652<\/strong><br \/>(+26 for winning)\n|raw|Cdogp's rating: 1732 &rarr; <strong>1706<\/strong><br \/>(-26 for losing)\n|l|\u2606Cdogp\n|player|p2|\n|l|\u2606xatseye\n|player|p1|\n","uploadtime":1739812569,"views":12,"formatid":"gen9vgc2025regg","rating":1652,"private":0,"password":null}