{"id":"gen9vgc2025regg-2302475566","format":"[Gen 9] VGC 2025 Reg G","players":["chin8","cobalt_poke"],"log":"|j|\u2606chin8\n|j|\u2606cobalt_poke\n|t:|1739803958\n|gametype|doubles\n|player|p1|chin8|gentleman-gen4dp|1621\n|player|p2|cobalt_poke|170|1690\n|teamsize|p1|6\n|teamsize|p2|6\n|gen|9\n|tier|[Gen 9] VGC 2025 Reg G\n|rated|\n|rule|Species Clause: Limit one of each Pok\u00e9mon\n|rule|Item Clause: Limit 1 of each item\n|clearpoke\n|poke|p1|Calyrex-Shadow, L50|\n|poke|p1|Incineroar, L50, M|\n|poke|p1|Rillaboom, L50, M|\n|poke|p1|Gastrodon-East, L50, M|\n|poke|p1|Hitmonchan, L50, M|\n|poke|p1|Tropius, L50, F|\n|poke|p2|Weezing-Galar, L50, M|\n|poke|p2|Calyrex-Shadow, L50|\n|poke|p2|Dondozo, L50, M|\n|poke|p2|Tatsugiri, L50, F|\n|poke|p2|Roaring Moon, L50|\n|poke|p2|Flutter Mane, L50|\n|teampreview|4\n|inactive|Battle timer is ON: inactive players will automatically lose when time's up. (requested by chin8)\n|\n|t:|1739803992\n|start\n|switch|p1a: Calyrex|Calyrex-Shadow, L50|100\/100\n|switch|p1b: Tropius|Tropius, L50, F|100\/100\n|switch|p2a: Weezing|Weezing-Galar, L50, M|100\/100\n|switch|p2b: Roaring Moon|Roaring Moon, L50|100\/100\n|-ability|p2a: Weezing|Neutralizing Gas\n|-ability|p1a: Calyrex|As One\n|-ability|p1a: Calyrex|Unnerve\n|turn|1\n|\n|t:|1739804001\n|-terastallize|p1a: Calyrex|Fairy\n|move|p1b: Tropius|Wide Guard|p1b: Tropius\n|-singleturn|p1b: Tropius|Wide Guard\n|move|p1a: Calyrex|Draining Kiss|p2b: Roaring Moon\n|-supereffective|p2b: Roaring Moon\n|-damage|p2b: Roaring Moon|9\/100\n|move|p2b: Roaring Moon|Knock Off|p1a: Calyrex\n|-resisted|p1a: Calyrex\n|-damage|p1a: Calyrex|72\/100\n|-enditem|p1a: Calyrex|Clear Amulet|[from] move: Knock Off|[of] p2b: Roaring Moon\n|move|p2a: Weezing|Toxic Spikes|p1a: Calyrex\n|-sidestart|p1: chin8|move: Toxic Spikes\n|\n|upkeep\n|turn|2\n|\n|t:|1739804020\n|move|p1a: Calyrex|Astral Barrage|p2a: Weezing|[spread] p2a,p2b\n|-resisted|p2b: Roaring Moon\n|-damage|p2a: Weezing|46\/100\n|-damage|p2b: Roaring Moon|0 fnt\n|faint|p2b: Roaring Moon\n|-end|p2b: Roaring Moon|Protosynthesis|[silent]\n|-ability|p1a: Calyrex|Grim Neigh|boost\n|-boost|p1a: Calyrex|spa|1\n|move|p2a: Weezing|Poison Gas|p1a: Calyrex|[spread] p1a,p1b\n|-status|p1a: Calyrex|psn\n|-status|p1b: Tropius|psn\n|move|p1b: Tropius|Leech Seed|p2a: Weezing\n|-start|p2a: Weezing|move: Leech Seed\n|\n|-damage|p2a: Weezing|34\/100|[from] Leech Seed|[of] p1b: Tropius\n|-damage|p1a: Calyrex|60\/100 psn|[from] psn\n|-damage|p1b: Tropius|88\/100 psn|[from] psn\n|upkeep\n|\n|t:|1739804032\n|switch|p2b: Dondozo|Dondozo, L50, M|100\/100\n|turn|3\n|\n|t:|1739804038\n|-end|p2a: Weezing|ability: Neutralizing Gas\n|switch|p2a: Tatsugiri|Tatsugiri, L50, F|100\/100\n|-activate|p2a: Tatsugiri|ability: Commander|[of] p2b: Dondozo\n|-boost|p2b: Dondozo|atk|2\n|-boost|p2b: Dondozo|spa|2\n|-boost|p2b: Dondozo|spe|2\n|-boost|p2b: Dondozo|def|2\n|-boost|p2b: Dondozo|spd|2\n|-terastallize|p2b: Dondozo|Grass\n|move|p1a: Calyrex|Astral Barrage|p2b: Dondozo|[spread] p2b\n|-miss|p1a: Calyrex|p2a: Tatsugiri\n|-damage|p2b: Dondozo|74\/100\n|move|p2b: Dondozo|Wave Crash|p1a: Calyrex\n|-damage|p1a: Calyrex|0 fnt\n|faint|p1a: Calyrex\n|-damage|p2b: Dondozo|59\/100|[from] Recoil\n|move|p1b: Tropius|Leech Seed|p2b: Dondozo\n|-immune|p2b: Dondozo\n|\n|-heal|p2b: Dondozo|65\/100|[from] item: Leftovers\n|-damage|p1b: Tropius|76\/100 psn|[from] psn\n|upkeep\n|\n|t:|1739804042\n|switch|p1a: Incineroar|Incineroar, L50, M|100\/100\n|-status|p1a: Incineroar|psn\n|-ability|p1a: Incineroar|Intimidate|boost\n|-unboost|p2a: Tatsugiri|atk|1\n|-unboost|p2b: Dondozo|atk|1\n|turn|4\n|\n|t:|1739804056\n|switch|p1a: Gastrodon|Gastrodon-East, L50, M, shiny|100\/100\n|-status|p1a: Gastrodon|psn\n|move|p2b: Dondozo|Wave Crash|p1a: Gastrodon\n|-ability|p1a: Gastrodon|Storm Drain|boost\n|-boost|p1a: Gastrodon|spa|1\n|move|p1b: Tropius|Substitute|p1b: Tropius\n|-start|p1b: Tropius|Substitute\n|-damage|p1b: Tropius|51\/100 psn\n|\n|-heal|p2b: Dondozo|72\/100|[from] item: Leftovers\n|-damage|p1b: Tropius|39\/100 psn|[from] psn\n|-damage|p1a: Gastrodon|88\/100 psn|[from] psn\n|upkeep\n|-enditem|p1b: Tropius|Sitrus Berry|[eat]\n|-heal|p1b: Tropius|64\/100 psn|[from] item: Sitrus Berry\n|turn|5\n|\n|t:|1739804063\n|move|p2b: Dondozo|Protect|p2b: Dondozo\n|-singleturn|p2b: Dondozo|Protect\n|move|p1b: Tropius|Hurricane|p2b: Dondozo\n|-activate|p2b: Dondozo|move: Protect\n|move|p1a: Gastrodon|Icy Wind|p2b: Dondozo|[spread] \n|-miss|p1a: Gastrodon|p2a: Tatsugiri\n|-activate|p2b: Dondozo|move: Protect\n|\n|-heal|p2b: Dondozo|78\/100|[from] item: Leftovers\n|-heal|p1a: Gastrodon|94\/100 psn|[from] item: Leftovers\n|-damage|p1b: Tropius|52\/100 psn|[from] psn\n|-damage|p1a: Gastrodon|82\/100 psn|[from] psn\n|upkeep\n|turn|6\n|\n|t:|1739804071\n|move|p2b: Dondozo|Earthquake|p1a: Gastrodon|[spread] p1a\n|-miss|p2b: Dondozo|p2a: Tatsugiri\n|-immune|p1b: Tropius\n|-damage|p1a: Gastrodon|47\/100 psn\n|move|p1b: Tropius|Hurricane|p2b: Dondozo\n|-supereffective|p2b: Dondozo\n|-damage|p2b: Dondozo|50\/100\n|-start|p2b: Dondozo|confusion\n|move|p1a: Gastrodon|Icy Wind|p2b: Dondozo|[spread] p2b\n|-miss|p1a: Gastrodon|p2a: Tatsugiri\n|-supereffective|p2b: Dondozo\n|-damage|p2b: Dondozo|41\/100\n|-unboost|p2b: Dondozo|spe|1\n|\n|-heal|p2b: Dondozo|48\/100|[from] item: Leftovers\n|-heal|p1a: Gastrodon|53\/100 psn|[from] item: Leftovers\n|-damage|p1b: Tropius|40\/100 psn|[from] psn\n|-damage|p1a: Gastrodon|41\/100 psn|[from] psn\n|-item|p1b: Tropius|Sitrus Berry|[from] ability: Harvest\n|upkeep\n|-enditem|p1b: Tropius|Sitrus Berry|[eat]\n|-heal|p1b: Tropius|65\/100 psn|[from] item: Sitrus Berry\n|turn|7\n|\n|t:|1739804079\n|-activate|p2b: Dondozo|confusion\n|-damage|p2b: Dondozo|41\/100|[from] confusion\n|move|p1b: Tropius|Hurricane|p2b: Dondozo\n|-supereffective|p2b: Dondozo\n|-damage|p2b: Dondozo|9\/100\n|move|p1a: Gastrodon|Recover|p1a: Gastrodon\n|-heal|p1a: Gastrodon|91\/100 psn\n|\n|-heal|p2b: Dondozo|15\/100|[from] item: Leftovers\n|-heal|p1a: Gastrodon|97\/100 psn|[from] item: Leftovers\n|-damage|p1b: Tropius|52\/100 psn|[from] psn\n|-damage|p1a: Gastrodon|84\/100 psn|[from] psn\n|upkeep\n|turn|8\n|\n|t:|1739804088\n|-activate|p2b: Dondozo|confusion\n|move|p2b: Dondozo|Protect|p2b: Dondozo\n|-singleturn|p2b: Dondozo|Protect\n|move|p1b: Tropius|Hurricane|p2b: Dondozo\n|-activate|p2b: Dondozo|move: Protect\n|move|p1a: Gastrodon|Icy Wind|p2b: Dondozo|[spread] \n|-miss|p1a: Gastrodon|p2a: Tatsugiri\n|-activate|p2b: Dondozo|move: Protect\n|\n|-heal|p2b: Dondozo|21\/100|[from] item: Leftovers\n|-heal|p1a: Gastrodon|90\/100 psn|[from] item: Leftovers\n|-damage|p1b: Tropius|40\/100 psn|[from] psn\n|-damage|p1a: Gastrodon|78\/100 psn|[from] psn\n|-item|p1b: Tropius|Sitrus Berry|[from] ability: Harvest\n|upkeep\n|-enditem|p1b: Tropius|Sitrus Berry|[eat]\n|-heal|p1b: Tropius|65\/100 psn|[from] item: Sitrus Berry\n|turn|9\n|\n|t:|1739804093\n|-activate|p2b: Dondozo|confusion\n|-damage|p2b: Dondozo|15\/100|[from] confusion\n|move|p1b: Tropius|Hurricane|p2b: Dondozo\n|-supereffective|p2b: Dondozo\n|-damage|p2b: Dondozo|0 fnt\n|faint|p2b: Dondozo\n|move|p1a: Gastrodon|Icy Wind|p2a: Tatsugiri\n|-damage|p2a: Tatsugiri|76\/100\n|-unboost|p2a: Tatsugiri|spe|1\n|\n|-heal|p1a: Gastrodon|84\/100 psn|[from] item: Leftovers\n|-damage|p1b: Tropius|53\/100 psn|[from] psn\n|-damage|p1a: Gastrodon|72\/100 psn|[from] psn\n|upkeep\n|\n|t:|1739804097\n|switch|p2b: Weezing|Weezing-Galar, L50, M|34\/100\n|-enditem|p2b: Weezing|Sitrus Berry|[eat]\n|-heal|p2b: Weezing|59\/100|[from] item: Sitrus Berry\n|-ability|p2b: Weezing|Neutralizing Gas\n|turn|10\n|\n|t:|1739804107\n|move|p2a: Tatsugiri|Muddy Water|p1a: Gastrodon|[spread] p1a,p1b\n|-resisted|p1b: Tropius\n|-crit|p1b: Tropius\n|-activate|p1b: Tropius|move: Substitute|[damage]\n|-damage|p1a: Gastrodon|45\/100 psn\n|move|p2b: Weezing|Strange Steam|p1b: Tropius\n|-end|p1b: Tropius|Substitute\n|move|p1b: Tropius|Leech Seed|p2a: Tatsugiri\n|-start|p2a: Tatsugiri|move: Leech Seed\n|move|p1a: Gastrodon|Earth Power|p2b: Weezing\n|-supereffective|p2b: Weezing\n|-damage|p2b: Weezing|0 fnt\n|faint|p2b: Weezing\n|-end|p2b: Weezing|ability: Neutralizing Gas\n|\n|-heal|p1a: Gastrodon|51\/100 psn|[from] item: Leftovers\n|-damage|p2a: Tatsugiri|64\/100|[from] Leech Seed|[of] p1b: Tropius\n|-heal|p1b: Tropius|61\/100 psn|[silent]\n|-damage|p1b: Tropius|49\/100 psn|[from] psn\n|-damage|p1a: Gastrodon|39\/100 psn|[from] psn\n|upkeep\n|turn|11\n|-message|cobalt_poke forfeited.\n|\n|win|chin8\n|raw|chin8's rating: 1621 &rarr; <strong>1645<\/strong><br \/>(+24 for winning)\n|raw|cobalt_poke's rating: 1690 &rarr; <strong>1666<\/strong><br \/>(-24 for losing)\n|l|\u2606cobalt_poke\n|player|p2|\n|l|\u2606chin8\n|player|p1|\n","uploadtime":1739804301,"views":10,"formatid":"gen9vgc2025regg","rating":1645,"private":0,"password":null}