{"id":"gen9vgc2025regg-2302896874","format":"[Gen 9] VGC 2025 Reg G","players":["ManuelvgDios","longhq"],"log":"|j|\u2606ManuelvgDios\n|j|\u203dlonghq\n|t:|1739852493\n|gametype|doubles\n|player|p1|ManuelvgDios|acetrainercouple|1535\n|player|p2|longhq|dawn|1594\n|teamsize|p1|6\n|teamsize|p2|6\n|gen|9\n|tier|[Gen 9] VGC 2025 Reg G\n|rated|\n|rule|Species Clause: Limit one of each Pok\u00e9mon\n|rule|Item Clause: Limit 1 of each item\n|clearpoke\n|poke|p1|Glimmora, L50, M|\n|poke|p1|Mienshao, L50, F|\n|poke|p1|Clefairy, L50, F|\n|poke|p1|Rillaboom, L50, M|\n|poke|p1|Incineroar, L50, F|\n|poke|p1|Giratina, L50|\n|poke|p2|Koraidon, L50|\n|poke|p2|Jumpluff, L50, M|\n|poke|p2|Iron Bundle, L50|\n|poke|p2|Volcarona, L50, M|\n|poke|p2|Flutter Mane, L50|\n|poke|p2|Ursaluna, L50, F|\n|teampreview|4\n|\n|t:|1739852574\n|start\n|switch|p1a: Pinky|Clefairy, L50, F|100\/100\n|switch|p1b: Hades|Giratina, L50|100\/100\n|switch|p2a: Flutter Mane|Flutter Mane, L50|100\/100\n|switch|p2b: Jumpluff|Jumpluff, L50, M|100\/100\n|-ability|p1b: Hades|Pressure\n|turn|1\n|\n|t:|1739852604\n|-terastallize|p1a: Pinky|Grass\n|move|p1a: Pinky|Follow Me|p1a: Pinky\n|-singleturn|p1a: Pinky|move: Follow Me\n|move|p2b: Jumpluff|Sleep Powder|p1a: Pinky\n|-immune|p1a: Pinky\n|move|p2a: Flutter Mane|Dazzling Gleam|p1b: Hades|[spread] p1a,p1b\n|-supereffective|p1b: Hades\n|-damage|p1a: Pinky|69\/100\n|-damage|p1b: Hades|62\/100\n|-damage|p2a: Flutter Mane|91\/100|[from] item: Life Orb\n|move|p1b: Hades|Calm Mind|p1b: Hades\n|-boost|p1b: Hades|spa|1\n|-boost|p1b: Hades|spd|1\n|\n|-heal|p1b: Hades|68\/100|[from] item: Leftovers\n|upkeep\n|turn|2\n|\n|t:|1739852633\n|switch|p2b: Koraidon|Koraidon, L50|100\/100\n|-weather|SunnyDay|[from] ability: Orichalcum Pulse|[of] p2b: Koraidon\n|-activate|p2a: Flutter Mane|ability: Protosynthesis\n|-start|p2a: Flutter Mane|protosynthesisspa\n|-activate|p2b: Koraidon|Orichalcum Pulse|[source]\n|-terastallize|p2a: Flutter Mane|Fairy\n|move|p1a: Pinky|Follow Me|p1a: Pinky\n|-singleturn|p1a: Pinky|move: Follow Me\n|move|p2a: Flutter Mane|Dazzling Gleam|p1a: Pinky|[spread] p1a,p1b\n|-supereffective|p1b: Hades\n|-damage|p1a: Pinky|12\/100\n|-damage|p1b: Hades|22\/100\n|-damage|p2a: Flutter Mane|82\/100|[from] item: Life Orb\n|move|p1b: Hades|Calm Mind|p1b: Hades\n|-boost|p1b: Hades|spa|1\n|-boost|p1b: Hades|spd|1\n|\n|-weather|SunnyDay|[upkeep]\n|-heal|p1b: Hades|28\/100|[from] item: Leftovers\n|upkeep\n|turn|3\n|\n|t:|1739852667\n|switch|p1a: Achlis|Glimmora, L50, M|100\/100\n|move|p1b: Hades|Protect|p1b: Hades\n|-singleturn|p1b: Hades|Protect\n|move|p2b: Koraidon|U-turn|p1a: Achlis\n|-resisted|p1a: Achlis\n|-damage|p1a: Achlis|73\/100\n|-activate|p1a: Achlis|ability: Toxic Debris\n|-sidestart|p2: longhq|move: Toxic Spikes\n|\n|t:|1739852684\n|switch|p2b: Jumpluff|Jumpluff, L50, M|100\/100|[from] U-turn\n|move|p2a: Flutter Mane|Dazzling Gleam|p1a: Achlis|[spread] p1a\n|-activate|p1b: Hades|move: Protect\n|-resisted|p1a: Achlis\n|-damage|p1a: Achlis|51\/100\n|-damage|p2a: Flutter Mane|72\/100|[from] item: Life Orb\n|\n|-weather|SunnyDay|[upkeep]\n|-heal|p1b: Hades|33\/100|[from] item: Leftovers\n|upkeep\n|turn|4\n|\n|t:|1739852707\n|move|p1b: Hades|Protect|p1b: Hades\n|-singleturn|p1b: Hades|Protect\n|move|p2b: Jumpluff|Tailwind|p2b: Jumpluff\n|-sidestart|p2: longhq|move: Tailwind\n|move|p2a: Flutter Mane|Moonblast|p1b: Hades\n|-activate|p1b: Hades|move: Protect\n|move|p1a: Achlis|Sludge Bomb|p2a: Flutter Mane\n|-supereffective|p2a: Flutter Mane\n|-damage|p2a: Flutter Mane|0 fnt\n|faint|p2a: Flutter Mane\n|-end|p2a: Flutter Mane|Protosynthesis|[silent]\n|\n|-weather|SunnyDay|[upkeep]\n|-heal|p1b: Hades|39\/100|[from] item: Leftovers\n|upkeep\n|\n|t:|1739852720\n|switch|p2a: Koraidon|Koraidon, L50|100\/100\n|-status|p2a: Koraidon|psn\n|-activate|p2a: Koraidon|ability: Orichalcum Pulse\n|turn|5\n|\n|t:|1739852746\n|move|p2b: Jumpluff|Sleep Powder|p1a: Achlis\n|-status|p1a: Achlis|slp|[from] move: Sleep Powder\n|move|p2a: Koraidon|Flare Blitz|p1b: Hades\n|-resisted|p1b: Hades\n|-damage|p1b: Hades|7\/100\n|-damage|p2a: Koraidon|85\/100 psn|[from] Recoil\n|move|p1b: Hades|Dragon Pulse|p2a: Koraidon\n|-supereffective|p2a: Koraidon\n|-damage|p2a: Koraidon|0 fnt\n|faint|p2a: Koraidon\n|cant|p1a: Achlis|slp\n|\n|-weather|SunnyDay|[upkeep]\n|-heal|p1b: Hades|13\/100|[from] item: Leftovers\n|upkeep\n|\n|t:|1739852757\n|switch|p2a: Iron Bundle|Iron Bundle, L50|100\/100\n|-status|p2a: Iron Bundle|psn\n|-enditem|p2a: Iron Bundle|Booster Energy\n|-activate|p2a: Iron Bundle|ability: Quark Drive|[fromitem]\n|-start|p2a: Iron Bundle|quarkdrivespe\n|turn|6\n|\n|t:|1739852768\n|switch|p1a: Donkey Kong|Rillaboom, L50, M|100\/100\n|-fieldstart|move: Grassy Terrain|[from] ability: Grassy Surge|[of] p1a: Donkey Kong\n|move|p1b: Hades|Protect|p1b: Hades\n|-singleturn|p1b: Hades|Protect\n|move|p2b: Jumpluff|Sleep Powder|p1b: Hades\n|-activate|p1b: Hades|move: Protect\n|move|p2a: Iron Bundle|Freeze-Dry|p1a: Donkey Kong\n|-supereffective|p1a: Donkey Kong\n|-damage|p1a: Donkey Kong|21\/100\n|\n|-weather|none\n|-heal|p1b: Hades|19\/100|[from] Grassy Terrain\n|-heal|p1b: Hades|25\/100|[from] item: Leftovers\n|-heal|p1a: Donkey Kong|27\/100|[from] Grassy Terrain\n|-damage|p2a: Iron Bundle|88\/100 psn|[from] psn\n|upkeep\n|turn|7\n|\n|t:|1739852803\n|switch|p1b: Pinky|Clefairy, L50, F, tera:Grass|12\/100\n|move|p2a: Iron Bundle|Protect|p2a: Iron Bundle\n|-singleturn|p2a: Iron Bundle|Protect\n|move|p1a: Donkey Kong|Fake Out|p2a: Iron Bundle\n|-activate|p2a: Iron Bundle|move: Protect\n|move|p2b: Jumpluff|Sleep Powder|p1b: Pinky\n|-immune|p1b: Pinky\n|\n|-heal|p2a: Iron Bundle|94\/100 psn|[from] Grassy Terrain\n|-heal|p1a: Donkey Kong|33\/100|[from] Grassy Terrain\n|-heal|p1b: Pinky|18\/100|[from] Grassy Terrain\n|-damage|p2a: Iron Bundle|82\/100 psn|[from] psn\n|-sideend|p2: longhq|move: Tailwind\n|upkeep\n|turn|8\n|\n|t:|1739852822\n|move|p1a: Donkey Kong|Grassy Glide|p2a: Iron Bundle\n|-supereffective|p2a: Iron Bundle\n|-damage|p2a: Iron Bundle|0 fnt\n|faint|p2a: Iron Bundle\n|-end|p2a: Iron Bundle|Quark Drive|[silent]\n|move|p2b: Jumpluff|Pollen Puff|p1a: Donkey Kong\n|-supereffective|p1a: Donkey Kong\n|-damage|p1a: Donkey Kong|10\/100\n|move|p1b: Pinky|Life Dew|p1b: Pinky|[spread] p1a,p1b\n|-heal|p1a: Donkey Kong|35\/100\n|-heal|p1b: Pinky|43\/100\n|\n|-heal|p1a: Donkey Kong|40\/100|[from] Grassy Terrain\n|-heal|p1b: Pinky|49\/100|[from] Grassy Terrain\n|upkeep\n|turn|9\n|-message|longhq forfeited.\n|\n|win|ManuelvgDios\n|raw|ManuelvgDios's rating: 1535 &rarr; <strong>1558<\/strong><br \/>(+23 for winning)\n|raw|longhq's rating: 1594 &rarr; <strong>1571<\/strong><br \/>(-23 for losing)\n|l|\u203dlonghq\n|player|p2|\n|l|\u2606ManuelvgDios\n|player|p1|\n","uploadtime":1739853038,"views":9,"formatid":"gen9vgc2025regg","rating":1558,"private":0,"password":null}