{"id":"gen9vgc2025regg-2302769787","format":"[Gen 9] VGC 2025 Reg G","players":["root2iris","nerd159"],"log":"|j|\u2606root2iris\n|j|\u2606nerd159\n|t:|1739835833\n|gametype|doubles\n|player|p1|root2iris|guitarist|1612\n|player|p2|nerd159|170|1626\n|teamsize|p1|6\n|teamsize|p2|6\n|gen|9\n|tier|[Gen 9] VGC 2025 Reg G\n|rated|\n|rule|Species Clause: Limit one of each Pok\u00e9mon\n|rule|Item Clause: Limit 1 of each item\n|clearpoke\n|poke|p1|Terapagos, L50, M|\n|poke|p1|Amoonguss, L50, F|\n|poke|p1|Incineroar, L50, F|\n|poke|p1|Urshifu-*, L50, M|\n|poke|p1|Flutter Mane, L50|\n|poke|p1|Ditto, L50|\n|poke|p2|Eternatus, L50|\n|poke|p2|Chien-Pao, L50|\n|poke|p2|Tinkaton, L50, F|\n|poke|p2|Kingambit, L50, M|\n|poke|p2|Farigiraf, L50, F|\n|poke|p2|Urshifu-*, L50, M|\n|teampreview|4\n|inactive|Battle timer is ON: inactive players will automatically lose when time's up. (requested by root2iris)\n|inactive|root2iris has 60 seconds left.\n|\n|t:|1739835868\n|start\n|switch|p1a: sea-salt|Terapagos, L50, M|100\/100\n|switch|p1b: TRANS RIGHTS|Amoonguss, L50, F, shiny|100\/100\n|switch|p2a: Eternatus|Eternatus, L50|100\/100\n|switch|p2b: Tinkaton|Tinkaton, L50, F|100\/100\n|-activate|p1a: sea-salt|ability: Tera Shift\n|detailschange|p1a: sea-salt|Terapagos-Terastal, L50, M\n|-heal|p1a: sea-salt|100\/100|[silent]\n|-ability|p2a: Eternatus|Pressure\n|-ability|p2b: Tinkaton|Mold Breaker\n|turn|1\n|\n|t:|1739835875\n|move|p2b: Tinkaton|Fake Out|p1b: TRANS RIGHTS\n|-damage|p1b: TRANS RIGHTS|93\/100\n|move|p2a: Eternatus|Sludge Wave|p1b: TRANS RIGHTS|[spread] p1a,p1b\n|-immune|p2b: Tinkaton\n|-activate|p1a: sea-salt|ability: Tera Shell\n|-resisted|p1a: sea-salt\n|-damage|p1a: sea-salt|71\/100\n|-damage|p1b: TRANS RIGHTS|37\/100\n|move|p1a: sea-salt|Calm Mind|p1a: sea-salt\n|-boost|p1a: sea-salt|spa|1\n|-boost|p1a: sea-salt|spd|1\n|move|p1b: TRANS RIGHTS|Spore|p2a: Eternatus\n|-status|p2a: Eternatus|slp|[from] move: Spore\n|\n|-heal|p1a: sea-salt|77\/100|[from] item: Leftovers\n|upkeep\n|turn|2\n|j| NerolVGC\n|inactive|root2iris has 30 seconds left.\n|inactive|root2iris has 20 seconds left.\n|inactive|root2iris has 15 seconds left.\n|inactive|root2iris has 10 seconds left.\n|\n|t:|1739835923\n|cant|p2a: Eternatus|slp\n|move|p1a: sea-salt|Calm Mind|p1a: sea-salt\n|-boost|p1a: sea-salt|spa|1\n|-boost|p1a: sea-salt|spd|1\n|move|p2b: Tinkaton|Gigaton Hammer|p1a: sea-salt\n|-damage|p1a: sea-salt|33\/100\n|move|p1b: TRANS RIGHTS|Pollen Puff|p1a: sea-salt\n|-heal|p1a: sea-salt|83\/100\n|\n|-heal|p1a: sea-salt|89\/100|[from] item: Leftovers\n|upkeep\n|turn|3\n|l|\u2606nerd159\n|inactive|nerd159 disconnected and has a minute to reconnect!\n|player|p2|\n|j|\u2606nerd159\n|inactive|nerd159 reconnected and has 40 seconds left.\n|player|p2|nerd159|170|\n|j| dragondrivevgc\n|inactive|nerd159 has 30 seconds left.\n|\n|t:|1739835950\n|move|p2b: Tinkaton|Helping Hand|p2a: Eternatus\n|-singleturn|p2a: Eternatus|Helping Hand|[of] p2b: Tinkaton\n|cant|p2a: Eternatus|slp\n|move|p1a: sea-salt|Ice Beam|p2a: Eternatus\n|-supereffective|p2a: Eternatus\n|-damage|p2a: Eternatus|14\/100 slp\n|move|p1b: TRANS RIGHTS|Pollen Puff|p1a: sea-salt\n|-heal|p1a: sea-salt|100\/100\n|\n|upkeep\n|turn|4\n|\n|t:|1739835972\n|-terastallize|p1a: sea-salt|Stellar\n|detailschange|p1a: sea-salt|Terapagos-Stellar, L50, M, tera:Stellar\n|-heal|p1a: sea-salt|100\/100|[silent]\n|move|p2b: Tinkaton|Feint|p1a: sea-salt\n|-crit|p1a: sea-salt\n|-damage|p1a: sea-salt|94\/100\n|cant|p2a: Eternatus|slp\n|move|p1a: sea-salt|Tera Starstorm|p2b: Tinkaton|[spread] p2a,p2b\n|-damage|p2a: Eternatus|0 fnt\n|-damage|p2b: Tinkaton|33\/100\n|faint|p2a: Eternatus\n|move|p1b: TRANS RIGHTS|Spore|p2b: Tinkaton\n|-status|p2b: Tinkaton|slp|[from] move: Spore\n|\n|-heal|p1a: sea-salt|99\/100|[from] item: Leftovers\n|upkeep\n|\n|t:|1739835992\n|switch|p2a: Chien-Pao|Chien-Pao, L50|100\/100\n|-ability|p2a: Chien-Pao|Sword of Ruin\n|turn|5\n|l|\u2606nerd159\n|inactive|nerd159 disconnected and has a minute to reconnect!\n|player|p2|\n|inactive|nerd159 has 30 seconds left.\n|inactive|nerd159 has 20 seconds left.\n|inactive|nerd159 has 15 seconds left.\n|inactive|nerd159 has 10 seconds left.\n|inactive|nerd159 has 5 seconds left.\n|-message|nerd159 lost due to inactivity.\n|\n|win|root2iris\n|raw|root2iris's rating: 1612 &rarr; <strong>1633<\/strong><br \/>(+21 for winning)\n|raw|nerd159's rating: 1626 &rarr; <strong>1605<\/strong><br \/>(-21 for losing)\n|j| shengning2\n|l|\u2606root2iris\n|player|p1|\n|l| dragondrivevgc\n|j|\u2606nerd159\n|player|p2|nerd159|170|\n|l|\u2606nerd159\n|player|p2|\n|j|\u2606nerd159\n|player|p2|nerd159|170|\n|l|\u2606nerd159\n|player|p2|\n|l| shengning2\n","uploadtime":1739836211,"views":9,"formatid":"gen9vgc2025regg","rating":1605,"private":0,"password":null}