{"id":"gen9vgc2025regg-2302902198","format":"[Gen 9] VGC 2025 Reg G","players":["Zakmancho","ok3rd"],"log":"|j|\u2606Zakmancho\n|j|\u2606ok3rd\n|t:|1739853330\n|gametype|doubles\n|player|p1|Zakmancho|170|1623\n|player|p2|ok3rd|lillie-z|1645\n|teamsize|p1|6\n|teamsize|p2|6\n|gen|9\n|tier|[Gen 9] VGC 2025 Reg G\n|rated|\n|rule|Species Clause: Limit one of each Pok\u00e9mon\n|rule|Item Clause: Limit 1 of each item\n|clearpoke\n|poke|p1|Koraidon, L50|\n|poke|p1|Chi-Yu, L50|\n|poke|p1|Flutter Mane, L50|\n|poke|p1|Ogerpon-Cornerstone, L50, F|\n|poke|p1|Raging Bolt, L50|\n|poke|p1|Whimsicott, L50, M|\n|poke|p2|Raging Bolt, L50|\n|poke|p2|Miraidon, L50|\n|poke|p2|Ogerpon-Hearthflame, L50, F|\n|poke|p2|Torkoal, L50, M|\n|poke|p2|Farigiraf, L50, M|\n|poke|p2|Ursaluna, L50, M|\n|teampreview|4\n|inactive|Battle timer is ON: inactive players will automatically lose when time's up. (requested by Zakmancho)\n|inactive|Zakmancho has 60 seconds left.\n|\n|t:|1739853360\n|start\n|switch|p1a: Ogerpon|Ogerpon-Cornerstone, L50, F|100\/100\n|switch|p1b: Flutter Mane|Flutter Mane, L50|100\/100\n|switch|p2a: Raging Bolt|Raging Bolt, L50|100\/100\n|switch|p2b: Miraidon|Miraidon, L50|100\/100\n|-fieldstart|move: Electric Terrain|[from] ability: Hadron Engine|[of] p2b: Miraidon\n|-enditem|p1b: Flutter Mane|Booster Energy\n|-activate|p1b: Flutter Mane|ability: Protosynthesis|[fromitem]\n|-start|p1b: Flutter Mane|protosynthesisspe\n|turn|1\n|\n|t:|1739853383\n|-terastallize|p2a: Raging Bolt|Electric\n|move|p1a: Ogerpon|Follow Me|p1a: Ogerpon\n|-singleturn|p1a: Ogerpon|move: Follow Me\n|move|p2a: Raging Bolt|Thunderclap||[still]\n|-fail|p2a: Raging Bolt\n|move|p1b: Flutter Mane|Moonblast|p2a: Raging Bolt\n|-damage|p2a: Raging Bolt|61\/100\n|move|p2b: Miraidon|Volt Switch|p1a: Ogerpon\n|-resisted|p1a: Ogerpon\n|-damage|p1a: Ogerpon|43\/100\n|\n|t:|1739853389\n|switch|p2b: Farigiraf|Farigiraf, L50, M|100\/100|[from] Volt Switch\n|-enditem|p2b: Farigiraf|Electric Seed\n|-boost|p2b: Farigiraf|def|1|[from] item: Electric Seed\n|\n|upkeep\n|turn|2\n|\n|t:|1739853406\n|move|p2a: Raging Bolt|Protect|p2a: Raging Bolt\n|-singleturn|p2a: Raging Bolt|Protect\n|move|p1b: Flutter Mane|Imprison|p1b: Flutter Mane\n|-start|p1b: Flutter Mane|move: Imprison\n|move|p1a: Ogerpon|Ivy Cudgel|p2a: Raging Bolt|[anim] Ivy Cudgel Rock\n|-activate|p2a: Raging Bolt|move: Protect\n|cant|p2b: Farigiraf|move: Imprison|Trick Room\n|\n|upkeep\n|turn|3\n|inactive|Zakmancho has 30 seconds left.\n|\n|t:|1739853433\n|-end|p1b: Flutter Mane|Protosynthesis|[silent]\n|switch|p1b: Koraidon|Koraidon, L50|100\/100\n|-weather|SunnyDay|[from] ability: Orichalcum Pulse|[of] p1b: Koraidon\n|-activate|p2a: Raging Bolt|ability: Protosynthesis\n|-start|p2a: Raging Bolt|protosynthesisspa\n|-activate|p1b: Koraidon|Orichalcum Pulse|[source]\n|move|p2b: Farigiraf|Helping Hand|p2a: Raging Bolt\n|-singleturn|p2a: Raging Bolt|Helping Hand|[of] p2b: Farigiraf\n|move|p2a: Raging Bolt|Thunderclap||[still]\n|-fail|p2a: Raging Bolt\n|move|p1a: Ogerpon|Ivy Cudgel|p2a: Raging Bolt|[anim] Ivy Cudgel Rock\n|-damage|p2a: Raging Bolt|3\/100\n|\n|-weather|SunnyDay|[upkeep]\n|upkeep\n|turn|4\n|j| mr pogostick\n|inactive|Zakmancho has 30 seconds left.\n|\n|t:|1739853459\n|-terastallize|p1b: Koraidon|Fire\n|move|p2b: Farigiraf|Helping Hand|p2a: Raging Bolt\n|-singleturn|p2a: Raging Bolt|Helping Hand|[of] p2b: Farigiraf\n|move|p1a: Ogerpon|Follow Me|p1a: Ogerpon\n|-singleturn|p1a: Ogerpon|move: Follow Me\n|move|p2a: Raging Bolt|Thunderclap||[still]\n|-fail|p2a: Raging Bolt\n|move|p1b: Koraidon|Flame Charge|p2a: Raging Bolt\n|-damage|p2a: Raging Bolt|0 fnt\n|-boost|p1b: Koraidon|spe|1\n|faint|p2a: Raging Bolt\n|-end|p2a: Raging Bolt|Protosynthesis|[silent]\n|\n|-weather|SunnyDay|[upkeep]\n|upkeep\n|\n|t:|1739853463\n|switch|p2a: Ursaluna|Ursaluna, L50, M|100\/100\n|turn|5\n|inactive|Zakmancho has 30 seconds left.\n|\n|t:|1739853490\n|move|p2a: Ursaluna|Protect|p2a: Ursaluna\n|-singleturn|p2a: Ursaluna|Protect\n|move|p1b: Koraidon|Flare Blitz|p2b: Farigiraf\n|-damage|p2b: Farigiraf|34\/100\n|-damage|p1b: Koraidon|72\/100|[from] Recoil\n|move|p1a: Ogerpon|Ivy Cudgel|p2b: Farigiraf|[anim] Ivy Cudgel Rock\n|-damage|p2b: Farigiraf|2\/100\n|move|p2b: Farigiraf|Trick Room|p2b: Farigiraf\n|-fieldstart|move: Trick Room|[of] p2b: Farigiraf\n|\n|-weather|SunnyDay|[upkeep]\n|-fieldend|move: Electric Terrain\n|-status|p2a: Ursaluna|brn|[from] item: Flame Orb\n|upkeep\n|turn|6\n|\n|t:|1739853520\n|move|p2b: Farigiraf|Helping Hand|p2a: Ursaluna\n|-singleturn|p2a: Ursaluna|Helping Hand|[of] p2b: Farigiraf\n|move|p1a: Ogerpon|Spiky Shield|p1a: Ogerpon\n|-singleturn|p1a: Ogerpon|move: Protect\n|move|p1b: Koraidon|Protect|p1b: Koraidon\n|-singleturn|p1b: Koraidon|Protect\n|move|p2a: Ursaluna|Earthquake|p1a: Ogerpon|[spread] p2b\n|-activate|p1a: Ogerpon|move: Protect\n|-activate|p1b: Koraidon|move: Protect\n|-damage|p2b: Farigiraf|0 fnt\n|faint|p2b: Farigiraf\n|\n|-weather|SunnyDay|[upkeep]\n|-damage|p2a: Ursaluna|95\/100 brn|[from] brn\n|upkeep\n|\n|t:|1739853521\n|switch|p2b: Miraidon|Miraidon, L50|100\/100\n|-fieldstart|move: Electric Terrain|[from] ability: Hadron Engine|[of] p2b: Miraidon\n|turn|7\n|j| fbatler\n|inactive|Zakmancho has 30 seconds left.\n|\n|t:|1739853549\n|move|p1a: Ogerpon|Spiky Shield|p1a: Ogerpon\n|-singleturn|p1a: Ogerpon|move: Protect\n|move|p1b: Koraidon|Protect||[still]\n|-fail|p1b: Koraidon\n|move|p2a: Ursaluna|Headlong Rush|p1a: Ogerpon\n|-activate|p1a: Ogerpon|move: Protect\n|-damage|p2a: Ursaluna|82\/100 brn|[from] Spiky Shield|[of] p1a: Ogerpon\n|move|p2b: Miraidon|Electro Drift|p1b: Koraidon\n|-damage|p1b: Koraidon|0 fnt\n|faint|p1b: Koraidon\n|\n|-weather|none\n|-damage|p2a: Ursaluna|76\/100 brn|[from] brn\n|upkeep\n|inactive|Zakmancho has 30 seconds left.\n|inactive|Zakmancho has 20 seconds left.\n|inactive|Zakmancho has 15 seconds left.\n|inactive|Zakmancho has 10 seconds left.\n|\n|t:|1739853597\n|switch|p1b: Raging Bolt|Raging Bolt, L50|100\/100\n|turn|8\n|\n|t:|1739853606\n|move|p1a: Ogerpon|Follow Me|p1a: Ogerpon\n|-singleturn|p1a: Ogerpon|move: Follow Me\n|move|p2a: Ursaluna|Earthquake|p1a: Ogerpon|[spread] p2b,p1a,p1b\n|-supereffective|p2b: Miraidon\n|-supereffective|p1b: Raging Bolt\n|-damage|p2b: Miraidon|0 fnt\n|-damage|p1a: Ogerpon|0 fnt\n|-damage|p1b: Raging Bolt|0 fnt\n|faint|p2b: Miraidon\n|faint|p1a: Ogerpon\n|faint|p1b: Raging Bolt\n|-end|p1b: Raging Bolt|Protosynthesis|[silent]\n|\n|-damage|p2a: Ursaluna|71\/100 brn|[from] brn\n|upkeep\n|\n|t:|1739853617\n|switch|p1b: Flutter Mane|Flutter Mane, L50|100\/100\n|turn|9\n|\n|t:|1739853621\n|move|p1b: Flutter Mane|Protect|p1b: Flutter Mane\n|-singleturn|p1b: Flutter Mane|Protect\n|move|p2a: Ursaluna|Earthquake|p1b: Flutter Mane\n|-activate|p1b: Flutter Mane|move: Protect\n|\n|-damage|p2a: Ursaluna|65\/100 brn|[from] brn\n|-fieldend|move: Trick Room\n|upkeep\n|turn|10\n|\n|t:|1739853628\n|move|p1b: Flutter Mane|Moonblast|p2a: Ursaluna\n|-damage|p2a: Ursaluna|20\/100 brn\n|move|p2a: Ursaluna|Earthquake|p1b: Flutter Mane\n|-damage|p1b: Flutter Mane|0 fnt\n|faint|p1b: Flutter Mane\n|-end|p1b: Flutter Mane|Protosynthesis|[silent]\n|\n|win|ok3rd\n|raw|Zakmancho's rating: 1623 &rarr; <strong>1604<\/strong><br \/>(-19 for losing)\n|raw|ok3rd's rating: 1645 &rarr; <strong>1664<\/strong><br \/>(+19 for winning)\n|l|\u2606Zakmancho\n|player|p1|\n|l| mr pogostick\n|l| fbatler\n","uploadtime":1739853739,"views":6,"formatid":"gen9vgc2025regg","rating":1604,"private":0,"password":null}