{"id":"gen9vgc2025regg-2302763782","format":"[Gen 9] VGC 2025 Reg G","players":["CharizardYVGC","stbai"],"log":"|j|\u2606CharizardYVGC\n|j|\u2606stbai\n|t:|1739835097\n|gametype|doubles\n|player|p1|CharizardYVGC|steven|1668\n|player|p2|stbai|janitor|1630\n|teamsize|p1|6\n|teamsize|p2|6\n|gen|9\n|tier|[Gen 9] VGC 2025 Reg G\n|rated|\n|rule|Species Clause: Limit one of each Pok\u00e9mon\n|rule|Item Clause: Limit 1 of each item\n|clearpoke\n|poke|p1|Miraidon, L50|\n|poke|p1|Incineroar, L50, M|\n|poke|p1|Urshifu-*, L50, F|\n|poke|p1|Flutter Mane, L50|\n|poke|p1|Ogerpon-Hearthflame, L50, F|\n|poke|p1|Farigiraf, L50, F|\n|poke|p2|Tatsugiri, L50, F|\n|poke|p2|Terapagos, L50, M|\n|poke|p2|Latios, L50, M|\n|poke|p2|Entei, L50|\n|poke|p2|Torterra, L50, F|\n|poke|p2|Dondozo, L50, M|\n|teampreview|4\n|inactive|Battle timer is ON: inactive players will automatically lose when time's up. (requested by stbai)\n|j| NanshanVGC\n|inactive|CharizardYVGC has 60 seconds left.\n|\n|t:|1739835130\n|start\n|switch|p1a: Flutter Mane|Flutter Mane, L50|100\/100\n|switch|p1b: Urshifu|Urshifu-Rapid-Strike, L50, F|100\/100\n|switch|p2a: hue|Entei, L50|100\/100\n|switch|p2b: wut|Torterra, L50, F|100\/100\n|-enditem|p1a: Flutter Mane|Booster Energy\n|-activate|p1a: Flutter Mane|ability: Protosynthesis|[fromitem]\n|-start|p1a: Flutter Mane|protosynthesisspe\n|turn|1\n|\n|t:|1739835154\n|-terastallize|p2a: hue|Normal\n|move|p1b: Urshifu|Protect|p1b: Urshifu\n|-singleturn|p1b: Urshifu|Protect\n|move|p1a: Flutter Mane|Icy Wind|p2a: hue|[spread] p2a,p2b\n|-supereffective|p2b: wut\n|-damage|p2a: hue|93\/100\n|-damage|p2b: wut|42\/100\n|-unboost|p2a: hue|spe|1\n|-unboost|p2b: wut|spe|1\n|move|p2a: hue|Sacred Fire|p1b: Urshifu\n|-activate|p1b: Urshifu|move: Protect\n|move|p2b: wut|Headlong Rush|p1a: Flutter Mane\n|-damage|p1a: Flutter Mane|18\/100\n|-unboost|p2b: wut|def|1\n|-unboost|p2b: wut|spd|1\n|\n|upkeep\n|turn|2\n|\n|t:|1739835177\n|switch|p2b: lol|Latios, L50, M|100\/100\n|move|p1a: Flutter Mane|Icy Wind|p2b: lol|[spread] p2a,p2b\n|-supereffective|p2b: lol\n|-damage|p2a: hue|85\/100\n|-damage|p2b: lol|81\/100\n|-unboost|p2a: hue|spe|1\n|move|p1b: Urshifu|Close Combat|p2a: hue\n|-supereffective|p2a: hue\n|-damage|p2a: hue|0 fnt\n|-unboost|p1b: Urshifu|def|1\n|-unboost|p1b: Urshifu|spd|1\n|faint|p2a: hue\n|\n|upkeep\n|\n|t:|1739835188\n|switch|p2a: wryyyy|Terapagos, L50, M|100\/100\n|-activate|p2a: wryyyy|ability: Tera Shift\n|detailschange|p2a: wryyyy|Terapagos-Terastal, L50, M\n|-heal|p2a: wryyyy|100\/100|[silent]\n|turn|3\n|\n|t:|1739835203\n|-terastallize|p1b: Urshifu|Stellar\n|move|p1a: Flutter Mane|Icy Wind|p2a: wryyyy|[spread] p2a,p2b\n|-activate|p2a: wryyyy|ability: Tera Shell\n|-resisted|p2a: wryyyy\n|-supereffective|p2b: lol\n|-damage|p2a: wryyyy|95\/100\n|-damage|p2b: lol|59\/100\n|-unboost|p2a: wryyyy|spe|1\n|move|p2b: lol|Tailwind|p2b: lol\n|-sidestart|p2: stbai|move: Tailwind\n|move|p2a: wryyyy|Tera Starstorm|p1b: Urshifu\n|-enditem|p1b: Urshifu|Focus Sash\n|-damage|p1b: Urshifu|1\/100\n|move|p1b: Urshifu|Close Combat|p2a: wryyyy\n|-supereffective|p2a: wryyyy\n|-damage|p2a: wryyyy|0 fnt\n|-unboost|p1b: Urshifu|def|1\n|-unboost|p1b: Urshifu|spd|1\n|faint|p2a: wryyyy\n|\n|upkeep\n|\n|t:|1739835219\n|switch|p2a: wut|Torterra, L50, F|42\/100\n|turn|4\n|j| pmg9\n|\n|t:|1739835238\n|move|p1a: Flutter Mane|Protect|p1a: Flutter Mane\n|-singleturn|p1a: Flutter Mane|Protect\n|move|p1b: Urshifu|Protect|p1b: Urshifu\n|-singleturn|p1b: Urshifu|Protect\n|move|p2b: lol|Luster Purge|p1a: Flutter Mane\n|-activate|p1a: Flutter Mane|move: Protect\n|move|p2a: wut|Wood Hammer|p1b: Urshifu\n|-activate|p1b: Urshifu|move: Protect\n|\n|upkeep\n|turn|5\n|j| hideonbusu\n|\n|t:|1739835254\n|-end|p1a: Flutter Mane|Protosynthesis|[silent]\n|switch|p1a: Incineroar|Incineroar, L50, M|100\/100\n|-ability|p1a: Incineroar|Intimidate|boost\n|-unboost|p2a: wut|atk|1\n|-unboost|p2b: lol|atk|1\n|move|p1b: Urshifu|Aqua Jet|p2a: wut\n|-damage|p2a: wut|14\/100\n|-damage|p1b: Urshifu|0 fnt|[from] item: Rocky Helmet|[of] p2a: wut\n|faint|p1b: Urshifu\n|move|p2b: lol|Luster Purge|p1a: Incineroar\n|-immune|p1a: Incineroar\n|move|p2a: wut|Wood Hammer|p1a: Incineroar\n|-resisted|p1a: Incineroar\n|-damage|p1a: Incineroar|88\/100\n|-damage|p2a: wut|9\/100|[from] Recoil\n|\n|upkeep\n|\n|t:|1739835272\n|switch|p1b: Flutter Mane|Flutter Mane, L50|18\/100\n|turn|6\n|l| hideonbusu\n|\n|t:|1739835278\n|move|p1b: Flutter Mane|Protect|p1b: Flutter Mane\n|-singleturn|p1b: Flutter Mane|Protect\n|move|p1a: Incineroar|Fake Out|p2a: wut\n|-damage|p2a: wut|0 fnt\n|-damage|p1a: Incineroar|71\/100|[from] item: Rocky Helmet|[of] p2a: wut\n|faint|p2a: wut\n|move|p2b: lol|Luster Purge|p1b: Flutter Mane\n|-activate|p1b: Flutter Mane|move: Protect\n|\n|-sideend|p2: stbai|move: Tailwind\n|upkeep\n|turn|7\n|-message|stbai forfeited.\n|\n|win|CharizardYVGC\n|raw|CharizardYVGC's rating: 1668 &rarr; <strong>1686<\/strong><br \/>(+18 for winning)\n|raw|stbai's rating: 1630 &rarr; <strong>1612<\/strong><br \/>(-18 for losing)\n|l|\u2606stbai\n|player|p2|\n|l| pmg9\n|l|\u2606CharizardYVGC\n|player|p1|\n|l| NanshanVGC\n","uploadtime":1739835531,"views":8,"formatid":"gen9vgc2025regg","rating":1612,"private":0,"password":null}