{"id":"gen9vgc2025regg-2302737753","format":"[Gen 9] VGC 2025 Reg G","players":["LaCourgetta","Javoguapo"],"log":"|j|\u2606LaCourgetta\n|j|\u2606Javoguapo\n|t:|1739832116\n|gametype|doubles\n|player|p1|LaCourgetta|swimmerf|1614\n|player|p2|Javoguapo|169|1555\n|teamsize|p1|6\n|teamsize|p2|6\n|gen|9\n|tier|[Gen 9] VGC 2025 Reg G\n|rated|\n|rule|Species Clause: Limit one of each Pok\u00e9mon\n|rule|Item Clause: Limit 1 of each item\n|clearpoke\n|poke|p1|Terapagos, L50, M|\n|poke|p1|Tornadus, L50, M|\n|poke|p1|Dondozo, L50, F|\n|poke|p1|Smeargle, L50, F|\n|poke|p1|Tatsugiri-Droopy, L50, M|\n|poke|p1|Ogerpon-Hearthflame, L50, F|\n|poke|p2|Kyogre, L50|\n|poke|p2|Archaludon, L50, M|\n|poke|p2|Grimmsnarl, L50, M|\n|poke|p2|Tornadus, L50, M|\n|poke|p2|Farigiraf, L50, M|\n|poke|p2|Chien-Pao, L50|\n|teampreview|4\n|inactive|Battle timer is ON: inactive players will automatically lose when time's up. (requested by LaCourgetta)\n|\n|t:|1739832151\n|start\n|switch|p1a: Terapagos|Terapagos, L50, M|100\/100\n|switch|p1b: Smeargle|Smeargle, L50, F|100\/100\n|switch|p2a: Grimmsnarl|Grimmsnarl, L50, M|100\/100\n|switch|p2b: Chien-Pao|Chien-Pao, L50|100\/100\n|-activate|p1a: Terapagos|ability: Tera Shift\n|detailschange|p1a: Terapagos|Terapagos-Terastal, L50, M\n|-heal|p1a: Terapagos|100\/100|[silent]\n|-ability|p2b: Chien-Pao|Sword of Ruin\n|turn|1\n|\n|t:|1739832168\n|move|p1b: Smeargle|Fake Out|p2a: Grimmsnarl\n|-damage|p2a: Grimmsnarl|94\/100\n|cant|p2a: Grimmsnarl|flinch\n|move|p2b: Chien-Pao|Sacred Sword|p1a: Terapagos\n|-activate|p1a: Terapagos|ability: Tera Shell\n|-resisted|p1a: Terapagos\n|-damage|p1a: Terapagos|85\/100\n|move|p1a: Terapagos|Tera Starstorm|p2a: Grimmsnarl\n|-crit|p2a: Grimmsnarl\n|-damage|p2a: Grimmsnarl|0 fnt\n|faint|p2a: Grimmsnarl\n|\n|-ability|p1b: Smeargle|Moody|boost\n|-boost|p1b: Smeargle|def|2\n|-unboost|p1b: Smeargle|spe|1\n|upkeep\n|\n|t:|1739832186\n|switch|p2a: Kyogre|Kyogre, L50|100\/100\n|-weather|RainDance|[from] ability: Drizzle|[of] p2a: Kyogre\n|turn|2\n|inactive|LaCourgetta has 30 seconds left.\n|inactive|LaCourgetta has 20 seconds left.\n|\n|t:|1739832221\n|switch|p1a: Dondozo|Dondozo, L50, F|100\/100\n|-terastallize|p1b: Smeargle|Grass\n|move|p2b: Chien-Pao|Sacred Sword|p1b: Smeargle\n|-damage|p1b: Smeargle|12\/100\n|move|p2a: Kyogre|Origin Pulse|p1a: Dondozo|[spread] p1a,p1b\n|-resisted|p1a: Dondozo\n|-resisted|p1b: Smeargle\n|-damage|p1a: Dondozo|72\/100\n|-damage|p1b: Smeargle|0 fnt\n|faint|p1b: Smeargle\n|\n|-weather|RainDance|[upkeep]\n|-heal|p1a: Dondozo|79\/100|[from] item: Leftovers\n|upkeep\n|\n|t:|1739832237\n|switch|p1b: Terapagos|Terapagos-Terastal, L50, M|85\/100\n|turn|3\n|\n|t:|1739832260\n|switch|p1b: Tatsugiri|Tatsugiri-Droopy, L50, M|100\/100\n|-activate|p1b: Tatsugiri|ability: Commander|[of] p1a: Dondozo\n|-boost|p1a: Dondozo|atk|2\n|-boost|p1a: Dondozo|spa|2\n|-boost|p1a: Dondozo|spe|2\n|-boost|p1a: Dondozo|def|2\n|-boost|p1a: Dondozo|spd|2\n|move|p2b: Chien-Pao|Protect|p2b: Chien-Pao\n|-singleturn|p2b: Chien-Pao|Protect\n|move|p2a: Kyogre|Thunder|p1a: Dondozo\n|-supereffective|p1a: Dondozo\n|-damage|p1a: Dondozo|47\/100\n|-status|p1a: Dondozo|par\n|move|p1a: Dondozo|Order Up|p2b: Chien-Pao\n|-activate|p2b: Chien-Pao|move: Protect\n|\n|-weather|RainDance|[upkeep]\n|-heal|p1a: Dondozo|54\/100 par|[from] item: Leftovers\n|upkeep\n|turn|4\n|\n|t:|1739832282\n|move|p1a: Dondozo|Protect|p1a: Dondozo\n|-singleturn|p1a: Dondozo|Protect\n|move|p2b: Chien-Pao|Sucker Punch||[still]\n|-fail|p2b: Chien-Pao\n|move|p2a: Kyogre|Thunder|p1a: Dondozo\n|-activate|p1a: Dondozo|move: Protect\n|\n|-weather|RainDance|[upkeep]\n|-heal|p1a: Dondozo|60\/100 par|[from] item: Leftovers\n|upkeep\n|turn|5\n|\n|t:|1739832292\n|move|p2b: Chien-Pao|Sucker Punch|p1a: Dondozo\n|-damage|p1a: Dondozo|47\/100 par\n|move|p2a: Kyogre|Thunder|p1a: Dondozo\n|-supereffective|p1a: Dondozo\n|-damage|p1a: Dondozo|16\/100 par\n|move|p1a: Dondozo|Order Up|p2b: Chien-Pao\n|-damage|p2b: Chien-Pao|50\/100\n|-boost|p1a: Dondozo|def|1\n|\n|-weather|RainDance|[upkeep]\n|-heal|p1a: Dondozo|22\/100 par|[from] item: Leftovers\n|upkeep\n|turn|6\n|\n|t:|1739832305\n|cant|p1a: Dondozo|par\n|move|p2b: Chien-Pao|Sucker Punch||[still]\n|-fail|p2b: Chien-Pao\n|move|p2a: Kyogre|Thunder|p1a: Dondozo\n|-supereffective|p1a: Dondozo\n|-damage|p1a: Dondozo|0 fnt\n|faint|p1a: Dondozo\n|\n|-weather|none\n|upkeep\n|\n|t:|1739832312\n|switch|p1a: Terapagos|Terapagos-Terastal, L50, M|85\/100\n|turn|7\n|\n|t:|1739832336\n|switch|p2a: Archaludon|Archaludon, L50, M|100\/100\n|move|p1b: Tatsugiri|Muddy Water|p2b: Chien-Pao|[spread] p2b\n|-miss|p1b: Tatsugiri|p2a: Archaludon\n|-damage|p2b: Chien-Pao|0 fnt\n|faint|p2b: Chien-Pao\n|move|p1a: Terapagos|Tera Starstorm|p2a: Archaludon\n|-resisted|p2a: Archaludon\n|-damage|p2a: Archaludon|75\/100\n|-ability|p2a: Archaludon|Stamina|boost\n|-boost|p2a: Archaludon|def|1\n|\n|upkeep\n|\n|t:|1739832344\n|switch|p2b: Kyogre|Kyogre, L50|100\/100\n|-weather|RainDance|[from] ability: Drizzle|[of] p2b: Kyogre\n|turn|8\n|\n|t:|1739832355\n|move|p1b: Tatsugiri|Muddy Water|p2b: Kyogre|[spread] p2b\n|-miss|p1b: Tatsugiri|p2a: Archaludon\n|-resisted|p2b: Kyogre\n|-damage|p2b: Kyogre|83\/100\n|move|p2b: Kyogre|Thunder|p1b: Tatsugiri\n|-damage|p1b: Tatsugiri|49\/100\n|-status|p1b: Tatsugiri|par\n|move|p1a: Terapagos|Tera Starstorm|p2b: Kyogre\n|-damage|p2b: Kyogre|27\/100\n|move|p2a: Archaludon|Body Press|p1a: Terapagos\n|-supereffective|p1a: Terapagos\n|-damage|p1a: Terapagos|29\/100\n|\n|-weather|RainDance|[upkeep]\n|upkeep\n|turn|9\n|\n|t:|1739832375\n|move|p2b: Kyogre|Thunder|p1b: Tatsugiri\n|-damage|p1b: Tatsugiri|0 fnt\n|faint|p1b: Tatsugiri\n|move|p1a: Terapagos|Tera Starstorm|p2b: Kyogre\n|-damage|p2b: Kyogre|0 fnt\n|faint|p2b: Kyogre\n|move|p2a: Archaludon|Electro Shot||[still]\n|-prepare|p2a: Archaludon|Electro Shot\n|-boost|p2a: Archaludon|spa|1\n|-anim|p2a: Archaludon|Electro Shot|p1a: Terapagos\n|-damage|p1a: Terapagos|0 fnt\n|faint|p1a: Terapagos\n|\n|win|Javoguapo\n|raw|LaCourgetta's rating: 1614 &rarr; <strong>1591<\/strong><br \/>(-23 for losing)\n|raw|Javoguapo's rating: 1555 &rarr; <strong>1578<\/strong><br \/>(+23 for winning)\n|l|\u2606LaCourgetta\n|player|p1|\n|l|\u2606Javoguapo\n|player|p2|\n","uploadtime":1739832540,"views":5,"formatid":"gen9vgc2025regg","rating":1578,"private":0,"password":null}