{"id":"gen9vgc2025regg-2302866232","format":"[Gen 9] VGC 2025 Reg G","players":["ssbutan","AnyaForger35"],"log":"|j|\u2606ssbutan\n|j|\u2606AnyaForger35\n|t:|1739848158\n|gametype|doubles\n|player|p1|ssbutan|camper|1617\n|player|p2|AnyaForger35|caitlin|1666\n|teamsize|p1|6\n|teamsize|p2|6\n|gen|9\n|tier|[Gen 9] VGC 2025 Reg G\n|rated|\n|rule|Species Clause: Limit one of each Pok\u00e9mon\n|rule|Item Clause: Limit 1 of each item\n|clearpoke\n|poke|p1|Calyrex-Ice, L50|\n|poke|p1|Cresselia, L50, F|\n|poke|p1|Rillaboom, L50, F|\n|poke|p1|Urshifu-*, L50, M|\n|poke|p1|Flutter Mane, L50|\n|poke|p1|Sandy Shocks, L50|\n|poke|p2|Ogerpon-Wellspring, L50, F|\n|poke|p2|Calyrex-Ice, L50|\n|poke|p2|Annihilape, L50, M|\n|poke|p2|Smeargle, L50, M|\n|poke|p2|Urshifu-*, L50, M|\n|poke|p2|Ursaluna-Bloodmoon, L50, M|\n|teampreview|4\n|inactive|Battle timer is ON: inactive players will automatically lose when time's up. (requested by ssbutan)\n|inactive|ssbutan has 60 seconds left.\n|j| Baguettezzz\n|\n|t:|1739848202\n|start\n|switch|p1a: Calyrex|Calyrex-Ice, L50|100\/100\n|switch|p1b: Flutter Mane|Flutter Mane, L50|100\/100\n|switch|p2a: Calyrex|Calyrex-Ice, L50|100\/100\n|switch|p2b: Annihilape|Annihilape, L50, M|100\/100\n|-ability|p2a: Calyrex|As One\n|-ability|p2a: Calyrex|Unnerve\n|-ability|p1a: Calyrex|As One\n|-ability|p1a: Calyrex|Unnerve\n|-enditem|p1b: Flutter Mane|Booster Energy\n|-activate|p1b: Flutter Mane|ability: Protosynthesis|[fromitem]\n|-start|p1b: Flutter Mane|protosynthesisspe\n|turn|1\n|inactive|ssbutan has 30 seconds left.\n|inactive|AnyaForger35 has 30 seconds left.\n|l| Baguettezzz\n|\n|t:|1739848235\n|-terastallize|p1b: Flutter Mane|Water\n|-terastallize|p2b: Annihilape|Steel\n|move|p1b: Flutter Mane|Dazzling Gleam|p2a: Calyrex|[spread] p2a,p2b\n|-crit|p2a: Calyrex\n|-resisted|p2b: Annihilape\n|-damage|p2a: Calyrex|73\/100\n|-damage|p2b: Annihilape|87\/100\n|move|p2b: Annihilape|Coaching|p2a: Calyrex\n|-boost|p2a: Calyrex|atk|1\n|-boost|p2a: Calyrex|def|1\n|move|p2a: Calyrex|Glacial Lance|p1b: Flutter Mane|[spread] p1a,p1b\n|-resisted|p1a: Calyrex\n|-resisted|p1b: Flutter Mane\n|-damage|p1a: Calyrex|81\/100\n|-damage|p1b: Flutter Mane|44\/100\n|move|p1a: Calyrex|Leech Seed|p2a: Calyrex|[miss]\n|-miss|p1a: Calyrex|p2a: Calyrex\n|\n|-heal|p1a: Calyrex|87\/100|[from] item: Leftovers\n|upkeep\n|turn|2\n|j| NanshanVGC\n|inactive|ssbutan has 30 seconds left.\n|\n|t:|1739848270\n|move|p1b: Flutter Mane|Pain Split|p2a: Calyrex\n|-sethp|p2a: Calyrex|52\/100|[from] move: Pain Split|[silent]\n|-sethp|p1b: Flutter Mane|73\/100|[from] move: Pain Split\n|move|p2b: Annihilape|Rage Fist|p1a: Calyrex\n|-supereffective|p1a: Calyrex\n|-damage|p1a: Calyrex|48\/100\n|move|p2a: Calyrex|Glacial Lance|p1a: Calyrex|[spread] p1a,p1b\n|-resisted|p1a: Calyrex\n|-resisted|p1b: Flutter Mane\n|-damage|p1a: Calyrex|27\/100\n|-damage|p1b: Flutter Mane|14\/100\n|move|p1a: Calyrex|Leech Seed|p2a: Calyrex\n|-start|p2a: Calyrex|move: Leech Seed\n|\n|-heal|p1a: Calyrex|32\/100|[from] item: Leftovers\n|-damage|p2a: Calyrex|40\/100|[from] Leech Seed|[of] p1a: Calyrex\n|-heal|p1a: Calyrex|44\/100|[silent]\n|upkeep\n|turn|3\n|j| 413XP\n|j| Baguettezzz\n|inactive|ssbutan has 30 seconds left.\n|inactive|AnyaForger35 has 30 seconds left.\n|l| Baguettezzz\n|\n|t:|1739848304\n|switch|p2a: Ogerpon|Ogerpon-Wellspring, L50, F|100\/100\n|move|p1a: Calyrex|Protect|p1a: Calyrex\n|-singleturn|p1a: Calyrex|Protect\n|move|p1b: Flutter Mane|Pain Split|p2b: Annihilape\n|-sethp|p2b: Annihilape|49\/100|[from] move: Pain Split|[silent]\n|-sethp|p1b: Flutter Mane|69\/100|[from] move: Pain Split\n|move|p2b: Annihilape|Rage Fist|p1b: Flutter Mane\n|-damage|p1b: Flutter Mane|9\/100\n|\n|-heal|p1a: Calyrex|50\/100|[from] item: Leftovers\n|upkeep\n|turn|4\n|j| Baguettezzz\n|inactive|AnyaForger35 has 30 seconds left.\n|inactive|AnyaForger35 has 20 seconds left.\n|\n|t:|1739848345\n|switch|p2b: Calyrex|Calyrex-Ice, L50|40\/100\n|-ability|p2b: Calyrex|As One\n|-ability|p2b: Calyrex|Unnerve\n|move|p1b: Flutter Mane|Pain Split|p2a: Ogerpon\n|-sethp|p2a: Ogerpon|53\/100|[from] move: Pain Split|[silent]\n|-sethp|p1b: Flutter Mane|68\/100|[from] move: Pain Split\n|move|p2a: Ogerpon|Encore|p1a: Calyrex\n|-start|p1a: Calyrex|Encore\n|move|p1a: Calyrex|Protect||[still]\n|-fail|p1a: Calyrex\n|\n|-heal|p1a: Calyrex|56\/100|[from] item: Leftovers\n|upkeep\n|turn|5\n|inactive|ssbutan has 30 seconds left.\n|inactive|AnyaForger35 has 30 seconds left.\n|inactive|AnyaForger35 has 20 seconds left.\n|\n|t:|1739848383\n|-end|p1b: Flutter Mane|Protosynthesis|[silent]\n|switch|p1b: Cresselia|Cresselia, L50, F|100\/100\n|switch|p1a: Urshifu|Urshifu-Rapid-Strike, L50, M|100\/100\n|-enditem|p2b: Calyrex|Sitrus Berry|[eat]\n|-heal|p2b: Calyrex|65\/100|[from] item: Sitrus Berry\n|move|p2a: Ogerpon|Ivy Cudgel|p1b: Cresselia|[anim] Ivy Cudgel Water\n|-damage|p1b: Cresselia|74\/100\n|move|p2b: Calyrex|Trick Room|p2b: Calyrex\n|-fieldstart|move: Trick Room|[of] p2b: Calyrex\n|\n|upkeep\n|turn|6\n|inactive|ssbutan has 30 seconds left.\n|inactive|AnyaForger35 has 30 seconds left.\n|inactive|ssbutan has 20 seconds left.\n|inactive|ssbutan has 15 seconds left.\n|\n|t:|1739848424\n|move|p2a: Ogerpon|Follow Me|p2a: Ogerpon\n|-singleturn|p2a: Ogerpon|move: Follow Me\n|move|p2b: Calyrex|Glacial Lance|p1b: Cresselia|[spread] p1a,p1b\n|-resisted|p1a: Urshifu\n|-damage|p1a: Urshifu|69\/100\n|-damage|p1b: Cresselia|38\/100\n|move|p1b: Cresselia|Lunar Blessing|p1b: Cresselia|[spread] p1a,p1b\n|-heal|p1a: Urshifu|94\/100\n|-heal|p1b: Cresselia|63\/100\n|move|p1a: Urshifu|U-turn|p2a: Ogerpon\n|-supereffective|p2a: Ogerpon\n|-damage|p2a: Ogerpon|0 fnt\n|faint|p2a: Ogerpon\n|\n|t:|1739848438\n|switch|p1a: Calyrex|Calyrex-Ice, L50|56\/100|[from] U-turn\n|-ability|p1a: Calyrex|As One\n|-ability|p1a: Calyrex|Unnerve\n|\n|-heal|p1a: Calyrex|62\/100|[from] item: Leftovers\n|upkeep\n|\n|t:|1739848443\n|switch|p2a: Urshifu|Urshifu, L50, M|100\/100\n|turn|7\n|j| Meatballs4Eyes\n|l| Meatballs4Eyes\n|inactive|ssbutan has 30 seconds left.\n|inactive|ssbutan has 20 seconds left.\n|inactive|ssbutan has 15 seconds left.\n|inactive|ssbutan has 10 seconds left.\n|inactive|ssbutan has 5 seconds left.\n|\n|t:|1739848495\n|switch|p1b: Urshifu|Urshifu-Rapid-Strike, L50, M|94\/100\n|move|p1a: Calyrex|Glacial Lance|p2b: Calyrex|[spread] p2a,p2b\n|-resisted|p2b: Calyrex\n|-damage|p2a: Urshifu|60\/100\n|-damage|p2b: Calyrex|50\/100\n|move|p2b: Calyrex|Glacial Lance|p1b: Urshifu|[spread] p1a,p1b\n|-resisted|p1a: Calyrex\n|-resisted|p1b: Urshifu\n|-damage|p1a: Calyrex|47\/100\n|-damage|p1b: Urshifu|62\/100\n|move|p2a: Urshifu|Wicked Blow|p1a: Calyrex\n|-supereffective|p1a: Calyrex\n|-crit|p1a: Calyrex\n|-damage|p1a: Calyrex|0 fnt\n|faint|p1a: Calyrex\n|\n|upkeep\n|\n|t:|1739848510\n|switch|p1a: Cresselia|Cresselia, L50, F|63\/100\n|turn|8\n|inactive|ssbutan has 30 seconds left.\n|l| Baguettezzz\n|inactive|ssbutan has 20 seconds left.\n|inactive|ssbutan has 15 seconds left.\n|inactive|ssbutan has 10 seconds left.\n|inactive|ssbutan has 5 seconds left.\n|\n|t:|1739848565\n|move|p1a: Cresselia|Ally Switch|p1a: Cresselia\n|swap|p1a: Cresselia|1|[from] move: Ally Switch\n|move|p2b: Calyrex|Glacial Lance|p1b: Cresselia|[spread] p1a,p1b\n|-resisted|p1a: Urshifu\n|-damage|p1a: Urshifu|30\/100\n|-damage|p1b: Cresselia|27\/100\n|move|p2a: Urshifu|Wicked Blow|p1b: Cresselia\n|-supereffective|p1b: Cresselia\n|-crit|p1b: Cresselia\n|-damage|p1b: Cresselia|0 fnt\n|faint|p1b: Cresselia\n|move|p1a: Urshifu|Surging Strikes|p2a: Urshifu\n|-crit|p2a: Urshifu\n|-damage|p2a: Urshifu|39\/100\n|-crit|p2a: Urshifu\n|-damage|p2a: Urshifu|21\/100\n|-crit|p2a: Urshifu\n|-damage|p2a: Urshifu|4\/100\n|-hitcount|p2a: Urshifu|3\n|\n|upkeep\n|\n|t:|1739848579\n|switch|p1b: Flutter Mane|Flutter Mane, L50, tera:Water|68\/100\n|turn|9\n|\n|t:|1739848586\n|move|p2b: Calyrex|Glacial Lance|p1b: Flutter Mane|[spread] p1a,p1b\n|-resisted|p1a: Urshifu\n|-resisted|p1b: Flutter Mane\n|-damage|p1a: Urshifu|1\/100\n|-damage|p1b: Flutter Mane|31\/100\n|move|p2a: Urshifu|Wicked Blow|p1b: Flutter Mane\n|-crit|p1b: Flutter Mane\n|-damage|p1b: Flutter Mane|0 fnt\n|faint|p1b: Flutter Mane\n|-end|p1b: Flutter Mane|Protosynthesis|[silent]\n|move|p1a: Urshifu|Surging Strikes|p2b: Calyrex\n|-crit|p2b: Calyrex\n|-damage|p2b: Calyrex|36\/100\n|-crit|p2b: Calyrex\n|-damage|p2b: Calyrex|25\/100\n|-crit|p2b: Calyrex\n|-damage|p2b: Calyrex|13\/100\n|-hitcount|p2b: Calyrex|3\n|\n|-fieldend|move: Trick Room\n|upkeep\n|turn|10\n|-message|ssbutan forfeited.\n|\n|win|AnyaForger35\n|raw|ssbutan's rating: 1617 &rarr; <strong>1600<\/strong><br \/>(-17 for losing)\n|raw|AnyaForger35's rating: 1666 &rarr; <strong>1683<\/strong><br \/>(+17 for winning)\n|l|\u2606ssbutan\n|player|p1|\n|l|\u2606AnyaForger35\n|player|p2|\n","uploadtime":1739848735,"views":10,"formatid":"gen9vgc2025regg","rating":1600,"private":0,"password":null}