{"id":"gen9vgc2025regg-2302328466","format":"[Gen 9] VGC 2025 Reg G","players":["jecheonjo","Jirachi BS"],"log":"|j|\u2606jecheonjo\n|j|\u2606Jirachi BS\n|t:|1739780827\n|gametype|doubles\n|player|p1|jecheonjo|steven|1614\n|player|p2|Jirachi BS|101|1639\n|teamsize|p1|6\n|teamsize|p2|6\n|gen|9\n|tier|[Gen 9] VGC 2025 Reg G\n|rated|\n|rule|Species Clause: Limit one of each Pok\u00e9mon\n|rule|Item Clause: Limit 1 of each item\n|clearpoke\n|poke|p1|Terapagos, L50, M|\n|poke|p1|Tornadus, L50, M|\n|poke|p1|Incineroar, L50, M|\n|poke|p1|Amoonguss, L50, F|\n|poke|p1|Flutter Mane, L50|\n|poke|p1|Urshifu-*, L50, F|\n|poke|p2|Zacian-*, L50|\n|poke|p2|Urshifu-*, L50, M|\n|poke|p2|Ogerpon-Hearthflame, L50, F|\n|poke|p2|Farigiraf, L50, F|\n|poke|p2|Tornadus, L50, M|\n|poke|p2|Araquanid, L50, F|\n|teampreview|4\n|\n|t:|1739780853\n|start\n|switch|p1a: Terapagos|Terapagos, L50, M|100\/100\n|switch|p1b: Incineroar|Incineroar, L50, M|100\/100\n|switch|p2a: Tornadus|Tornadus, L50, M|100\/100\n|switch|p2b: Zacian|Zacian-Crowned, L50|100\/100\n|-activate|p1a: Terapagos|ability: Tera Shift\n|detailschange|p1a: Terapagos|Terapagos-Terastal, L50, M\n|-heal|p1a: Terapagos|100\/100|[silent]\n|-ability|p2b: Zacian|Intrepid Sword|boost\n|-boost|p2b: Zacian|atk|1\n|-ability|p1b: Incineroar|Intimidate|boost\n|-unboost|p2a: Tornadus|atk|1\n|-unboost|p2b: Zacian|atk|1\n|turn|1\n|\n|t:|1739780873\n|move|p1b: Incineroar|Fake Out|p2b: Zacian\n|-resisted|p2b: Zacian\n|-damage|p2b: Zacian|96\/100\n|move|p2a: Tornadus|Tailwind|p2a: Tornadus\n|-sidestart|p2: Jirachi BS|move: Tailwind\n|cant|p2b: Zacian|flinch\n|move|p1a: Terapagos|Tera Starstorm|p2a: Tornadus\n|-damage|p2a: Tornadus|47\/100\n|\n|upkeep\n|turn|2\n|\n|t:|1739780897\n|move|p2a: Tornadus|Rain Dance|p2a: Tornadus\n|-weather|RainDance\n|move|p2b: Zacian|Behemoth Blade|p1a: Terapagos\n|-activate|p1a: Terapagos|ability: Tera Shell\n|-resisted|p1a: Terapagos\n|-damage|p1a: Terapagos|79\/100\n|move|p1a: Terapagos|Tera Starstorm|p2a: Tornadus\n|-damage|p2a: Tornadus|0 fnt\n|faint|p2a: Tornadus\n|move|p1b: Incineroar|Parting Shot|p2b: Zacian\n|-unboost|p2b: Zacian|atk|1\n|-unboost|p2b: Zacian|spa|1\n|\n|t:|1739780908\n|switch|p1b: Amoonguss|Amoonguss, L50, F|100\/100|[from] Parting Shot\n|\n|-weather|RainDance|[upkeep]\n|-heal|p1a: Terapagos|85\/100|[from] item: Leftovers\n|upkeep\n|\n|t:|1739780918\n|switch|p2a: Araquanid|Araquanid, L50, F|100\/100\n|turn|3\n|\n|t:|1739780935\n|switch|p2b: Ogerpon|Ogerpon-Hearthflame, L50, F|100\/100\n|-ability|p2b: Ogerpon|Mold Breaker\n|move|p1a: Terapagos|Protect|p1a: Terapagos\n|-singleturn|p1a: Terapagos|Protect\n|move|p2a: Araquanid|Liquidation|p1a: Terapagos\n|-activate|p1a: Terapagos|move: Protect\n|move|p1b: Amoonguss|Spore|p2a: Araquanid\n|-status|p2a: Araquanid|slp|[from] move: Spore\n|\n|-weather|RainDance|[upkeep]\n|-heal|p1a: Terapagos|92\/100|[from] item: Leftovers\n|upkeep\n|turn|4\n|\n|t:|1739780954\n|switch|p1b: Incineroar|Incineroar, L50, M|100\/100\n|-ability|p1b: Incineroar|Intimidate|boost\n|-unboost|p2a: Araquanid|atk|1\n|-unboost|p2b: Ogerpon|atk|1\n|move|p2b: Ogerpon|Wood Hammer|p1a: Terapagos\n|-damage|p1a: Terapagos|62\/100\n|-damage|p2b: Ogerpon|90\/100|[from] Recoil\n|move|p1a: Terapagos|Calm Mind|p1a: Terapagos\n|-boost|p1a: Terapagos|spa|1\n|-boost|p1a: Terapagos|spd|1\n|cant|p2a: Araquanid|slp\n|\n|-weather|RainDance|[upkeep]\n|-heal|p1a: Terapagos|68\/100|[from] item: Leftovers\n|-sideend|p2: Jirachi BS|move: Tailwind\n|upkeep\n|turn|5\n|\n|t:|1739780972\n|move|p2b: Ogerpon|Spiky Shield|p2b: Ogerpon\n|-singleturn|p2b: Ogerpon|move: Protect\n|move|p1a: Terapagos|Tera Starstorm|p2a: Araquanid\n|-damage|p2a: Araquanid|46\/100 slp\n|move|p1b: Incineroar|Parting Shot|p2b: Ogerpon\n|-activate|p2b: Ogerpon|move: Protect\n|-curestatus|p2a: Araquanid|slp|[msg]\n|move|p2a: Araquanid|Liquidation|p1b: Incineroar\n|-supereffective|p1b: Incineroar\n|-damage|p1b: Incineroar|23\/100\n|-damage|p2a: Araquanid|29\/100|[from] item: Rocky Helmet|[of] p1b: Incineroar\n|\n|-weather|RainDance|[upkeep]\n|-heal|p1a: Terapagos|74\/100|[from] item: Leftovers\n|upkeep\n|turn|6\n|\n|t:|1739780997\n|-terastallize|p1a: Terapagos|Stellar\n|detailschange|p1a: Terapagos|Terapagos-Stellar, L50, M, tera:Stellar\n|-heal|p1a: Terapagos|81\/100|[silent]\n|-ability|p1a: Terapagos|Teraform Zero\n|-weather|none\n|move|p2b: Ogerpon|Wood Hammer|p1b: Incineroar\n|-resisted|p1b: Incineroar\n|-damage|p1b: Incineroar|8\/100\n|-damage|p2b: Ogerpon|74\/100|[from] item: Rocky Helmet|[of] p1b: Incineroar\n|-damage|p2b: Ogerpon|68\/100|[from] Recoil\n|move|p1a: Terapagos|Tera Starstorm|p2a: Araquanid|[spread] p2a,p2b\n|-damage|p2a: Araquanid|0 fnt\n|-damage|p2b: Ogerpon|11\/100\n|faint|p2a: Araquanid\n|move|p1b: Incineroar|Parting Shot|p2b: Ogerpon\n|-unboost|p2b: Ogerpon|atk|1\n|-unboost|p2b: Ogerpon|spa|1\n|\n|t:|1739781010\n|switch|p1b: Amoonguss|Amoonguss, L50, F|100\/100|[from] Parting Shot\n|\n|-heal|p1a: Terapagos|87\/100|[from] item: Leftovers\n|upkeep\n|\n|t:|1739781015\n|switch|p2a: Zacian|Zacian-Crowned, L50|96\/100\n|turn|7\n|j| biei2012-2022\n|\n|t:|1739781033\n|-terastallize|p2b: Ogerpon|Fire\n|detailschange|p2b: Ogerpon|Ogerpon-Hearthflame-Tera, L50, F, tera:Fire\n|-ability|p2b: Ogerpon|Embody Aspect (Hearthflame)|boost\n|-boost|p2b: Ogerpon|atk|1\n|move|p1b: Amoonguss|Rage Powder|p1b: Amoonguss\n|-singleturn|p1b: Amoonguss|move: Rage Powder\n|move|p2a: Zacian|Behemoth Blade|p1b: Amoonguss\n|-damage|p1b: Amoonguss|58\/100\n|move|p2b: Ogerpon|Ivy Cudgel|p1b: Amoonguss|[anim] Ivy Cudgel Fire\n|-supereffective|p1b: Amoonguss\n|-damage|p1b: Amoonguss|0 fnt\n|faint|p1b: Amoonguss\n|move|p1a: Terapagos|Tera Starstorm|p2a: Zacian|[spread] p2a,p2b\n|-supereffective|p2b: Ogerpon\n|-damage|p2a: Zacian|52\/100\n|-damage|p2b: Ogerpon|0 fnt\n|faint|p2b: Ogerpon\n|\n|-heal|p1a: Terapagos|93\/100|[from] item: Leftovers\n|upkeep\n|l| biei2012-2022\n|\n|t:|1739781043\n|switch|p1b: Incineroar|Incineroar, L50, M|8\/100\n|-ability|p1b: Incineroar|Intimidate|boost\n|-unboost|p2a: Zacian|atk|1\n|turn|8\n|\n|t:|1739781049\n|move|p1b: Incineroar|Fake Out|p2a: Zacian\n|-resisted|p2a: Zacian\n|-damage|p2a: Zacian|47\/100\n|cant|p2a: Zacian|flinch\n|move|p1a: Terapagos|Calm Mind|p1a: Terapagos\n|-boost|p1a: Terapagos|spa|1\n|-boost|p1a: Terapagos|spd|1\n|\n|-heal|p1a: Terapagos|99\/100|[from] item: Leftovers\n|upkeep\n|turn|9\n|\n|t:|1739781057\n|move|p2a: Zacian|Behemoth Blade|p1a: Terapagos\n|-damage|p1a: Terapagos|79\/100\n|move|p1a: Terapagos|Tera Starstorm|p2a: Zacian\n|-damage|p2a: Zacian|0 fnt\n|faint|p2a: Zacian\n|\n|win|jecheonjo\n|raw|jecheonjo's rating: 1614 &rarr; <strong>1635<\/strong><br \/>(+21 for winning)\n|raw|Jirachi BS's rating: 1639 &rarr; <strong>1618<\/strong><br \/>(-21 for losing)\n|l|\u2606jecheonjo\n|player|p1|\n|l|\u2606Jirachi BS\n|player|p2|\n","uploadtime":1739781288,"views":12,"formatid":"gen9vgc2025regg","rating":1618,"private":0,"password":null}