{"id":"gen9vgc2025regg-2302368032","format":"[Gen 9] VGC 2025 Reg G","players":["popporion","webguy1974"],"log":"|j|\u2606popporion\n|j|\u2606webguy1974\n|t:|1739788125\n|gametype|doubles\n|player|p1|popporion|firebreather|1558\n|player|p2|webguy1974|170|1556\n|teamsize|p1|6\n|teamsize|p2|6\n|gen|9\n|tier|[Gen 9] VGC 2025 Reg G\n|rated|\n|rule|Species Clause: Limit one of each Pok\u00e9mon\n|rule|Item Clause: Limit 1 of each item\n|clearpoke\n|poke|p1|Ursaluna-Bloodmoon, L50, M|\n|poke|p1|Calyrex-Ice, L50|\n|poke|p1|Annihilape, L50, M|\n|poke|p1|Farigiraf, L50, M|\n|poke|p1|Ogerpon-Wellspring, L50, F|\n|poke|p1|Brute Bonnet, L50|\n|poke|p2|Calyrex-Shadow, L50|\n|poke|p2|Dondozo, L50, M|\n|poke|p2|Tatsugiri, L50, F|\n|poke|p2|Mienshao, L50, F|\n|poke|p2|Indeedee-F, L50, F|\n|poke|p2|Weezing-Galar, L50, M|\n|teampreview|4\n|inactive|Battle timer is ON: inactive players will automatically lose when time's up. (requested by webguy1974)\n|inactive|webguy1974 has 60 seconds left.\n|inactive|webguy1974 has 30 seconds left.\n|inactive|webguy1974 has 20 seconds left.\n|inactive|webguy1974 has 15 seconds left.\n|\n|t:|1739788208\n|start\n|switch|p1a: Annihilape|Annihilape, L50, M|100\/100\n|switch|p1b: Farigiraf|Farigiraf, L50, M|100\/100\n|switch|p2a: \u552f\u4e00\u8d85\u6a21|Calyrex-Shadow, L50|100\/100\n|switch|p2b: \u7a81\u88ad\u54d2\u54a9|Indeedee-F, L50, F|100\/100\n|-ability|p2a: \u552f\u4e00\u8d85\u6a21|As One\n|-ability|p2a: \u552f\u4e00\u8d85\u6a21|Unnerve\n|-fieldstart|move: Psychic Terrain|[from] ability: Psychic Surge|[of] p2b: \u7a81\u88ad\u54d2\u54a9\n|-enditem|p2b: \u7a81\u88ad\u54d2\u54a9|Psychic Seed\n|-boost|p2b: \u7a81\u88ad\u54d2\u54a9|spd|1|[from] item: Psychic Seed\n|turn|1\n|\n|t:|1739788230\n|move|p2b: \u7a81\u88ad\u54d2\u54a9|Helping Hand|p2a: \u552f\u4e00\u8d85\u6a21\n|-singleturn|p2a: \u552f\u4e00\u8d85\u6a21|Helping Hand|[of] p2b: \u7a81\u88ad\u54d2\u54a9\n|move|p1a: Annihilape|Final Gambit|p2b: \u7a81\u88ad\u54d2\u54a9\n|-damage|p2b: \u7a81\u88ad\u54d2\u54a9|0 fnt\n|faint|p1a: Annihilape\n|faint|p2b: \u7a81\u88ad\u54d2\u54a9\n|move|p2a: \u552f\u4e00\u8d85\u6a21|Expanding Force|p1b: Farigiraf\n|-resisted|p1b: Farigiraf\n|-damage|p1b: Farigiraf|18\/100\n|move|p1b: Farigiraf|Trick Room|p1b: Farigiraf\n|-fieldstart|move: Trick Room|[of] p1b: Farigiraf\n|\n|upkeep\n|\n|t:|1739788242\n|switch|p2b: \u4f60\u6ca1\u4e8b\u5427|Dondozo, L50, M, shiny|100\/100\n|switch|p1a: Calyrex|Calyrex-Ice, L50|100\/100\n|-ability|p1a: Calyrex|As One\n|-ability|p1a: Calyrex|Unnerve\n|turn|2\n|inactive|popporion has 30 seconds left.\n|inactive|webguy1974 has 30 seconds left.\n|inactive|webguy1974 has 20 seconds left.\n|\n|t:|1739788281\n|switch|p1a: Brute Bonnet|Brute Bonnet, L50|100\/100\n|switch|p2a: \u4f60\u6ca1\u4e8b\u5417|Tatsugiri, L50, F, shiny|100\/100\n|-activate|p2a: \u4f60\u6ca1\u4e8b\u5417|ability: Commander|[of] p2b: \u4f60\u6ca1\u4e8b\u5427\n|-boost|p2b: \u4f60\u6ca1\u4e8b\u5427|atk|2\n|-boost|p2b: \u4f60\u6ca1\u4e8b\u5427|spa|2\n|-boost|p2b: \u4f60\u6ca1\u4e8b\u5427|spe|2\n|-boost|p2b: \u4f60\u6ca1\u4e8b\u5427|def|2\n|-boost|p2b: \u4f60\u6ca1\u4e8b\u5427|spd|2\n|move|p1b: Farigiraf|Foul Play|p2a: \u4f60\u6ca1\u4e8b\u5417|[miss]\n|-miss|p1b: Farigiraf|p2a: \u4f60\u6ca1\u4e8b\u5417\n|move|p2b: \u4f60\u6ca1\u4e8b\u5427|Order Up|p1b: Farigiraf\n|-damage|p1b: Farigiraf|0 fnt\n|faint|p1b: Farigiraf\n|-boost|p2b: \u4f60\u6ca1\u4e8b\u5427|atk|1\n|\n|upkeep\n|\n|t:|1739788297\n|switch|p1b: Calyrex|Calyrex-Ice, L50|100\/100\n|-ability|p1b: Calyrex|As One\n|-ability|p1b: Calyrex|Unnerve\n|turn|3\n|\n|t:|1739788312\n|move|p1a: Brute Bonnet|Clear Smog|p2b: \u4f60\u6ca1\u4e8b\u5427\n|-damage|p2b: \u4f60\u6ca1\u4e8b\u5427|97\/100\n|-clearboost|p2b: \u4f60\u6ca1\u4e8b\u5427\n|move|p1b: Calyrex|Glacial Lance|p2b: \u4f60\u6ca1\u4e8b\u5427|[spread] p2b\n|-miss|p1b: Calyrex|p2a: \u4f60\u6ca1\u4e8b\u5417\n|-resisted|p2b: \u4f60\u6ca1\u4e8b\u5427\n|-damage|p2b: \u4f60\u6ca1\u4e8b\u5427|79\/100\n|move|p2b: \u4f60\u6ca1\u4e8b\u5427|Order Up|p1a: Brute Bonnet\n|-damage|p1a: Brute Bonnet|88\/100\n|-boost|p2b: \u4f60\u6ca1\u4e8b\u5427|atk|1\n|\n|-heal|p2b: \u4f60\u6ca1\u4e8b\u5427|85\/100|[from] item: Leftovers\n|upkeep\n|turn|4\n|inactive|webguy1974 has 30 seconds left.\n|inactive|webguy1974 has 20 seconds left.\n|inactive|webguy1974 has 15 seconds left.\n|inactive|webguy1974 has 10 seconds left.\n|\n|t:|1739788360\n|move|p1a: Brute Bonnet|Spore|p2b: \u4f60\u6ca1\u4e8b\u5427\n|-status|p2b: \u4f60\u6ca1\u4e8b\u5427|slp|[from] move: Spore\n|move|p1b: Calyrex|Glacial Lance|p2a: \u4f60\u6ca1\u4e8b\u5417|[spread] p2b\n|-miss|p1b: Calyrex|p2a: \u4f60\u6ca1\u4e8b\u5417\n|-resisted|p2b: \u4f60\u6ca1\u4e8b\u5427\n|-damage|p2b: \u4f60\u6ca1\u4e8b\u5427|65\/100 slp\n|cant|p2b: \u4f60\u6ca1\u4e8b\u5427|slp\n|\n|-heal|p2b: \u4f60\u6ca1\u4e8b\u5427|71\/100 slp|[from] item: Leftovers\n|upkeep\n|turn|5\n|\n|t:|1739788377\n|move|p1a: Brute Bonnet|Seed Bomb|p2b: \u4f60\u6ca1\u4e8b\u5427\n|-supereffective|p2b: \u4f60\u6ca1\u4e8b\u5427\n|-damage|p2b: \u4f60\u6ca1\u4e8b\u5427|30\/100 slp\n|move|p1b: Calyrex|Glacial Lance|p2b: \u4f60\u6ca1\u4e8b\u5427|[spread] p2b\n|-miss|p1b: Calyrex|p2a: \u4f60\u6ca1\u4e8b\u5417\n|-resisted|p2b: \u4f60\u6ca1\u4e8b\u5427\n|-damage|p2b: \u4f60\u6ca1\u4e8b\u5427|12\/100 slp\n|cant|p2b: \u4f60\u6ca1\u4e8b\u5427|slp\n|\n|-heal|p2b: \u4f60\u6ca1\u4e8b\u5427|18\/100 slp|[from] item: Leftovers\n|-fieldend|move: Trick Room\n|-fieldend|move: Psychic Terrain\n|upkeep\n|turn|6\n|\n|t:|1739788390\n|cant|p2b: \u4f60\u6ca1\u4e8b\u5427|slp\n|move|p2b: \u4f60\u6ca1\u4e8b\u5427|Sleep Talk|p2b: \u4f60\u6ca1\u4e8b\u5427\n|move|p2b: \u4f60\u6ca1\u4e8b\u5427|Rest||[from] move: Sleep Talk|[still]\n|-fail|p2b: \u4f60\u6ca1\u4e8b\u5427\n|move|p1a: Brute Bonnet|Seed Bomb|p2b: \u4f60\u6ca1\u4e8b\u5427\n|-supereffective|p2b: \u4f60\u6ca1\u4e8b\u5427\n|-damage|p2b: \u4f60\u6ca1\u4e8b\u5427|0 fnt\n|faint|p2b: \u4f60\u6ca1\u4e8b\u5427\n|move|p1b: Calyrex|Trick Room|p1b: Calyrex\n|-fieldstart|move: Trick Room|[of] p1b: Calyrex\n|\n|upkeep\n|\n|t:|1739788400\n|switch|p2b: \u552f\u4e00\u8d85\u6a21|Calyrex-Shadow, L50|100\/100\n|-ability|p2b: \u552f\u4e00\u8d85\u6a21|As One\n|-ability|p2b: \u552f\u4e00\u8d85\u6a21|Unnerve\n|turn|7\n|inactive|webguy1974 has 30 seconds left.\n|inactive|webguy1974 has 20 seconds left.\n|inactive|webguy1974 has 15 seconds left.\n|\n|t:|1739788443\n|-terastallize|p2a: \u4f60\u6ca1\u4e8b\u5417|Water\n|move|p1a: Brute Bonnet|Spore|p2b: \u552f\u4e00\u8d85\u6a21\n|-status|p2b: \u552f\u4e00\u8d85\u6a21|slp|[from] move: Spore\n|move|p1b: Calyrex|Glacial Lance|p2a: \u4f60\u6ca1\u4e8b\u5417|[spread] p2a,p2b\n|-resisted|p2a: \u4f60\u6ca1\u4e8b\u5417\n|-damage|p2a: \u4f60\u6ca1\u4e8b\u5417|44\/100\n|-damage|p2b: \u552f\u4e00\u8d85\u6a21|30\/100 slp\n|move|p2a: \u4f60\u6ca1\u4e8b\u5417|Muddy Water|p1a: Brute Bonnet|[spread] p1a,p1b\n|-resisted|p1a: Brute Bonnet\n|-damage|p1a: Brute Bonnet|68\/100\n|-damage|p1b: Calyrex|69\/100\n|cant|p2b: \u552f\u4e00\u8d85\u6a21|slp\n|\n|upkeep\n|turn|8\n|-message|webguy1974 forfeited.\n|\n|win|popporion\n|raw|popporion's rating: 1558 &rarr; <strong>1578<\/strong><br \/>(+20 for winning)\n|raw|webguy1974's rating: 1556 &rarr; <strong>1536<\/strong><br \/>(-20 for losing)\n|l|\u2606webguy1974\n|player|p2|\n|l|\u2606popporion\n|player|p1|\n","uploadtime":1739788467,"views":6,"formatid":"gen9vgc2025regg","rating":1536,"private":0,"password":null}