{"id":"gen9vgc2025regg-2302947154","format":"[Gen 9] VGC 2025 Reg G","players":["AsukaHikaru","Katiconyt"],"log":"|j|\u2606AsukaHikaru\n|j|\u2606Katiconyt\n|t:|1739861608\n|gametype|doubles\n|player|p1|AsukaHikaru|102|1513\n|player|p2|Katiconyt|colress|1559\n|teamsize|p1|6\n|teamsize|p2|6\n|gen|9\n|tier|[Gen 9] VGC 2025 Reg G\n|rated|\n|rule|Species Clause: Limit one of each Pok\u00e9mon\n|rule|Item Clause: Limit 1 of each item\n|clearpoke\n|poke|p1|Calyrex-Ice, L50|\n|poke|p1|Ogerpon-Hearthflame, L50, F|\n|poke|p1|Landorus, L50, M|\n|poke|p1|Grimmsnarl, L50, M|\n|poke|p1|Urshifu-*, L50, M|\n|poke|p1|Raging Bolt, L50|\n|poke|p2|Kyogre, L50|\n|poke|p2|Raichu, L50, F|\n|poke|p2|Urshifu-*, L50, F|\n|poke|p2|Tornadus, L50, M|\n|poke|p2|Landorus, L50, M|\n|poke|p2|Basculegion, L50, M|\n|teampreview|4\n|inactive|Battle timer is ON: inactive players will automatically lose when time's up. (requested by Katiconyt)\nKaticonyt has agreed to open team sheets.\n|inactive|AsukaHikaru has 60 seconds left.\n|inactive|Katiconyt has 60 seconds left.\n|\n|t:|1739861648\n|start\n|switch|p1a: Grimmsnarl|Grimmsnarl, L50, M|100\/100\n|switch|p1b: Calyrex|Calyrex-Ice, L50|100\/100\n|switch|p2a: Tornadus|Tornadus, L50, M|100\/100\n|switch|p2b: Kyogre|Kyogre, L50|100\/100\n|-ability|p1b: Calyrex|As One\n|-ability|p1b: Calyrex|Unnerve\n|-weather|RainDance|[from] ability: Drizzle|[of] p2b: Kyogre\n|turn|1\n|\n|t:|1739861661\n|move|p1b: Calyrex|Protect|p1b: Calyrex\n|-singleturn|p1b: Calyrex|Protect\n|move|p1a: Grimmsnarl|Light Screen|p1a: Grimmsnarl\n|-sidestart|p1: AsukaHikaru|move: Light Screen\n|move|p2a: Tornadus|Bleakwind Storm|p1b: Calyrex|[spread] p1a\n|-activate|p1b: Calyrex|move: Protect\n|-crit|p1a: Grimmsnarl\n|-damage|p1a: Grimmsnarl|44\/100\n|-unboost|p1a: Grimmsnarl|spe|1\n|move|p2b: Kyogre|Calm Mind|p2b: Kyogre\n|-boost|p2b: Kyogre|spa|1\n|-boost|p2b: Kyogre|spd|1\n|\n|-weather|RainDance|[upkeep]\n|upkeep\n|turn|2\n|\n|t:|1739861678\n|move|p1a: Grimmsnarl|Thunder Wave|p2b: Kyogre\n|-status|p2b: Kyogre|par\n|move|p2a: Tornadus|Bleakwind Storm|p1a: Grimmsnarl|[spread] p1a,p1b\n|-damage|p1a: Grimmsnarl|18\/100\n|-damage|p1b: Calyrex|83\/100\n|move|p1b: Calyrex|Glacial Lance|p2b: Kyogre|[spread] p2a,p2b\n|-supereffective|p2a: Tornadus\n|-resisted|p2b: Kyogre\n|-damage|p2a: Tornadus|0 fnt\n|-damage|p2b: Kyogre|76\/100 par\n|faint|p2a: Tornadus\n|-ability|p1b: Calyrex|Chilling Neigh|boost\n|-boost|p1b: Calyrex|atk|1\n|move|p2b: Kyogre|Origin Pulse|p1a: Grimmsnarl|[spread] p1a,p1b\n|-damage|p1a: Grimmsnarl|0 fnt\n|-damage|p1b: Calyrex|39\/100\n|faint|p1a: Grimmsnarl\n|\n|-weather|RainDance|[upkeep]\n|-heal|p2b: Kyogre|82\/100 par|[from] item: Leftovers\n|upkeep\n|\n|t:|1739861698\n|switch|p2a: Basculegion|Basculegion, L50, M|100\/100\n|switch|p1a: Ogerpon|Ogerpon-Hearthflame, L50, F|100\/100\n|-ability|p1a: Ogerpon|Mold Breaker\n|turn|3\n|\n|t:|1739861733\n|move|p2b: Kyogre|Protect|p2b: Kyogre\n|-singleturn|p2b: Kyogre|Protect\n|move|p2a: Basculegion|Wave Crash|p1a: Ogerpon\n|-damage|p1a: Ogerpon|0 fnt\n|faint|p1a: Ogerpon\n|-damage|p2a: Basculegion|70\/100|[from] Recoil\n|move|p1b: Calyrex|Glacial Lance|p2a: Basculegion|[spread] p2a\n|-activate|p2b: Kyogre|move: Protect\n|-resisted|p2a: Basculegion\n|-damage|p2a: Basculegion|22\/100\n|\n|-weather|RainDance|[upkeep]\n|-heal|p2b: Kyogre|87\/100 par|[from] item: Leftovers\n|upkeep\n|\n|t:|1739861745\n|switch|p1a: Raging Bolt|Raging Bolt, L50|100\/100\n|turn|4\n|\n|t:|1739861754\n|switch|p2a: Raichu|Raichu, L50, F|100\/100\n|move|p1b: Calyrex|Protect|p1b: Calyrex\n|-singleturn|p1b: Calyrex|Protect\n|move|p1a: Raging Bolt|Electroweb|p2b: Kyogre|[spread] p2b\n|-ability|p2a: Raichu|Lightning Rod|boost\n|-boost|p2a: Raichu|spa|1\n|-supereffective|p2b: Kyogre\n|-damage|p2b: Kyogre|67\/100 par\n|-unboost|p2b: Kyogre|spe|1\n|cant|p2b: Kyogre|par\n|\n|-weather|RainDance|[upkeep]\n|-heal|p2b: Kyogre|73\/100 par|[from] item: Leftovers\n|upkeep\n|turn|5\n|\n|t:|1739861773\n|move|p2a: Raichu|Fake Out|p1a: Raging Bolt\n|-damage|p1a: Raging Bolt|94\/100\n|cant|p1a: Raging Bolt|flinch\n|move|p1b: Calyrex|Glacial Lance|p2b: Kyogre|[spread] p2a,p2b\n|-resisted|p2b: Kyogre\n|-damage|p2a: Raichu|0 fnt\n|-damage|p2b: Kyogre|40\/100 par\n|faint|p2a: Raichu\n|-ability|p1b: Calyrex|Chilling Neigh|boost\n|-boost|p1b: Calyrex|atk|1\n|cant|p2b: Kyogre|par\n|\n|-weather|none\n|-heal|p2b: Kyogre|46\/100 par|[from] item: Leftovers\n|upkeep\n|\n|t:|1739861782\n|switch|p2a: Basculegion|Basculegion, L50, M|22\/100\n|turn|6\n|\n|t:|1739861789\n|move|p2b: Kyogre|Protect|p2b: Kyogre\n|-singleturn|p2b: Kyogre|Protect\n|move|p1a: Raging Bolt|Thunderclap|p2a: Basculegion\n|-supereffective|p2a: Basculegion\n|-damage|p2a: Basculegion|0 fnt\n|faint|p2a: Basculegion\n|move|p1b: Calyrex|Glacial Lance|p2b: Kyogre\n|-activate|p2b: Kyogre|move: Protect\n|\n|-heal|p2b: Kyogre|52\/100 par|[from] item: Leftovers\n|upkeep\n|turn|7\n|\n|t:|1739861799\n|-terastallize|p2b: Kyogre|Grass\n|move|p1a: Raging Bolt|Thunderbolt|p2b: Kyogre\n|-resisted|p2b: Kyogre\n|-damage|p2b: Kyogre|41\/100 par\n|move|p1b: Calyrex|Glacial Lance|p2b: Kyogre\n|-supereffective|p2b: Kyogre\n|-damage|p2b: Kyogre|0 fnt\n|faint|p2b: Kyogre\n|\n|win|AsukaHikaru\n|raw|AsukaHikaru's rating: 1513 &rarr; <strong>1536<\/strong><br \/>(+23 for winning)\n|raw|Katiconyt's rating: 1559 &rarr; <strong>1536<\/strong><br \/>(-23 for losing)\n|l|\u2606Katiconyt\n|player|p2|\n|l|\u2606AsukaHikaru\n|player|p1|\n","uploadtime":1739862064,"views":8,"formatid":"gen9vgc2025regg","rating":1536,"private":0,"password":null}