{"id":"gen9vgc2025regg-2302715259","format":"[Gen 9] VGC 2025 Reg G","players":["HiddenGrottoFE","RustyChair13"],"log":"|j|\u2606HiddenGrottoFE\n|j|\u2606RustyChair13\n|t:|1739829659\n|gametype|doubles\n|player|p1|HiddenGrottoFE|266|1597\n|player|p2|RustyChair13|scientist-gen4|1643\n|teamsize|p1|6\n|teamsize|p2|6\n|gen|9\n|tier|[Gen 9] VGC 2025 Reg G\n|rated|\n|rule|Species Clause: Limit one of each Pok\u00e9mon\n|rule|Item Clause: Limit 1 of each item\n|clearpoke\n|poke|p1|Eternatus, L50|\n|poke|p1|Incineroar, L50, M|\n|poke|p1|Urshifu-*, L50, M|\n|poke|p1|Whimsicott, L50, M|\n|poke|p1|Chi-Yu, L50|\n|poke|p1|Flutter Mane, L50|\n|poke|p2|Zamazenta-*, L50|\n|poke|p2|Chien-Pao, L50|\n|poke|p2|Chi-Yu, L50|\n|poke|p2|Raging Bolt, L50|\n|poke|p2|Flutter Mane, L50|\n|poke|p2|Amoonguss, L50, F|\n|teampreview|4\n|inactive|Battle timer is ON: inactive players will automatically lose when time's up. (requested by HiddenGrottoFE)\n|\n|t:|1739829714\n|start\n|switch|p1a: Urshifu|Urshifu-Rapid-Strike, L50, M|100\/100\n|switch|p1b: Flutter Mane|Flutter Mane, L50|100\/100\n|switch|p2a: Zamazenta|Zamazenta-Crowned, L50, shiny|100\/100\n|switch|p2b: Flutter Mane|Flutter Mane, L50, shiny|100\/100\n|-ability|p2a: Zamazenta|Dauntless Shield|boost\n|-boost|p2a: Zamazenta|def|1\n|-enditem|p1b: Flutter Mane|Booster Energy\n|-activate|p1b: Flutter Mane|ability: Protosynthesis|[fromitem]\n|-start|p1b: Flutter Mane|protosynthesisspe\n|-enditem|p2b: Flutter Mane|Booster Energy\n|-activate|p2b: Flutter Mane|ability: Protosynthesis|[fromitem]\n|-start|p2b: Flutter Mane|protosynthesisspe\n|turn|1\n|\n|t:|1739829729\n|move|p1b: Flutter Mane|Icy Wind|p2b: Flutter Mane|[spread] p2a,p2b\n|-resisted|p2a: Zamazenta\n|-crit|p2a: Zamazenta\n|-damage|p2a: Zamazenta|93\/100\n|-damage|p2b: Flutter Mane|86\/100\n|-unboost|p2a: Zamazenta|spe|1\n|-unboost|p2b: Flutter Mane|spe|1\n|move|p2b: Flutter Mane|Icy Wind|p1a: Urshifu|[spread] p1a,p1b\n|-resisted|p1a: Urshifu\n|-damage|p1a: Urshifu|90\/100\n|-damage|p1b: Flutter Mane|87\/100\n|-unboost|p1a: Urshifu|spe|1\n|-unboost|p1b: Flutter Mane|spe|1\n|move|p2a: Zamazenta|Heavy Slam|p1b: Flutter Mane\n|-supereffective|p1b: Flutter Mane\n|-damage|p1b: Flutter Mane|0 fnt\n|faint|p1b: Flutter Mane\n|-end|p1b: Flutter Mane|Protosynthesis|[silent]\n|move|p1a: Urshifu|Surging Strikes|p2a: Zamazenta\n|-crit|p2a: Zamazenta\n|-damage|p2a: Zamazenta|79\/100\n|-crit|p2a: Zamazenta\n|-damage|p2a: Zamazenta|64\/100\n|-crit|p2a: Zamazenta\n|-damage|p2a: Zamazenta|49\/100\n|-hitcount|p2a: Zamazenta|3\n|\n|upkeep\n|\n|t:|1739829740\n|switch|p1b: Eternatus|Eternatus, L50|100\/100\n|-ability|p1b: Eternatus|Pressure\n|turn|2\n|\n|t:|1739829758\n|-terastallize|p1a: Urshifu|Ghost\n|move|p2b: Flutter Mane|Taunt|p1b: Eternatus\n|-start|p1b: Eternatus|move: Taunt\n|move|p1b: Eternatus|Meteor Beam||[still]\n|-prepare|p1b: Eternatus|Meteor Beam\n|-boost|p1b: Eternatus|spa|1\n|-enditem|p1b: Eternatus|Power Herb\n|-anim|p1b: Eternatus|Meteor Beam|p2a: Zamazenta\n|-resisted|p2a: Zamazenta\n|-damage|p2a: Zamazenta|36\/100\n|move|p2a: Zamazenta|Body Press|p1a: Urshifu\n|-immune|p1a: Urshifu\n|move|p1a: Urshifu|Surging Strikes|p2b: Flutter Mane\n|-crit|p2b: Flutter Mane\n|-damage|p2b: Flutter Mane|51\/100\n|-crit|p2b: Flutter Mane\n|-damage|p2b: Flutter Mane|13\/100\n|-crit|p2b: Flutter Mane\n|-damage|p2b: Flutter Mane|0 fnt\n|faint|p2b: Flutter Mane\n|-end|p2b: Flutter Mane|Protosynthesis|[silent]\n|-hitcount|p2: Flutter Mane|3\n|\n|upkeep\n|\n|t:|1739829769\n|switch|p2b: Chien-Pao|Chien-Pao, L50|100\/100\n|-ability|p2b: Chien-Pao|Sword of Ruin\n|turn|3\n|\n|t:|1739829784\n|move|p2b: Chien-Pao|Throat Chop|p1a: Urshifu\n|-supereffective|p1a: Urshifu\n|-damage|p1a: Urshifu|0 fnt\n|faint|p1a: Urshifu\n|move|p1b: Eternatus|Dynamax Cannon|p2b: Chien-Pao\n|-enditem|p2b: Chien-Pao|Focus Sash\n|-damage|p2b: Chien-Pao|1\/100\n|move|p2a: Zamazenta|Body Press|p1b: Eternatus\n|-resisted|p1b: Eternatus\n|-damage|p1b: Eternatus|57\/100\n|\n|upkeep\n|\n|t:|1739829787\n|switch|p1a: Chi-Yu|Chi-Yu, L50|100\/100\n|-ability|p1a: Chi-Yu|Beads of Ruin\n|turn|4\n|\n|t:|1739829801\n|move|p2b: Chien-Pao|Protect|p2b: Chien-Pao\n|-singleturn|p2b: Chien-Pao|Protect\n|move|p2a: Zamazenta|Protect|p2a: Zamazenta\n|-singleturn|p2a: Zamazenta|Protect\n|move|p1b: Eternatus|Sludge Bomb|p2b: Chien-Pao\n|-activate|p2b: Chien-Pao|move: Protect\n|move|p1a: Chi-Yu|Heat Wave|p2a: Zamazenta|[spread] \n|-activate|p2a: Zamazenta|move: Protect\n|-activate|p2b: Chien-Pao|move: Protect\n|\n|-end|p1b: Eternatus|move: Taunt\n|upkeep\n|turn|5\n|\n|t:|1739829812\n|move|p1b: Eternatus|Protect|p1b: Eternatus\n|-singleturn|p1b: Eternatus|Protect\n|move|p2a: Zamazenta|Wide Guard|p2a: Zamazenta\n|-singleturn|p2a: Zamazenta|Wide Guard\n|move|p2b: Chien-Pao|Ice Spinner|p1b: Eternatus\n|-activate|p1b: Eternatus|move: Protect\n|move|p1a: Chi-Yu|Heat Wave|p2b: Chien-Pao|[spread] \n|-activate|p2a: Zamazenta|move: Wide Guard\n|-activate|p2b: Chien-Pao|move: Wide Guard\n|\n|upkeep\n|turn|6\n|\n|t:|1739829828\n|move|p2b: Chien-Pao|Ice Spinner|p1b: Eternatus\n|-supereffective|p1b: Eternatus\n|-damage|p1b: Eternatus|0 fnt\n|faint|p1b: Eternatus\n|move|p1a: Chi-Yu|Overheat|p2a: Zamazenta\n|-supereffective|p2a: Zamazenta\n|-damage|p2a: Zamazenta|0 fnt\n|-unboost|p1a: Chi-Yu|spa|2\n|faint|p2a: Zamazenta\n|\n|upkeep\n|\n|t:|1739829834\n|switch|p2a: Raging Bolt|Raging Bolt, L50|100\/100\n|turn|7\n|\n|t:|1739829845\n|move|p2b: Chien-Pao|Throat Chop|p1a: Chi-Yu\n|-resisted|p1a: Chi-Yu\n|-damage|p1a: Chi-Yu|56\/100\n|-start|p1a: Chi-Yu|Throat Chop|[silent]\n|move|p1a: Chi-Yu|Heat Wave|p2b: Chien-Pao|[spread] p2a\n|-miss|p1a: Chi-Yu|p2b: Chien-Pao\n|-resisted|p2a: Raging Bolt\n|-damage|p2a: Raging Bolt|89\/100\n|move|p2a: Raging Bolt|Thunderbolt|p1a: Chi-Yu\n|-damage|p1a: Chi-Yu|0 fnt\n|faint|p1a: Chi-Yu\n|\n|win|RustyChair13\n|raw|HiddenGrottoFE's rating: 1597 &rarr; <strong>1580<\/strong><br \/>(-17 for losing)\n|raw|RustyChair13's rating: 1643 &rarr; <strong>1660<\/strong><br \/>(+17 for winning)\n|l|\u2606HiddenGrottoFE\n|player|p1|\n|l|\u2606RustyChair13\n|player|p2|\n","uploadtime":1739830093,"views":5,"formatid":"gen9vgc2025regg","rating":1580,"private":0,"password":null}