{"id":"gen9vgc2025regg-2302117433","format":"[Gen 9] VGC 2025 Reg G","players":["GengarNight_07","jecheonjo"],"log":"|j|\u2606GengarNight_07\n|j|\u2606jecheonjo\n|t:|1739748724\n|gametype|doubles\n|player|p1|GengarNight_07|170|1600\n|player|p2|jecheonjo|steven|1791\n|teamsize|p1|6\n|teamsize|p2|6\n|gen|9\n|tier|[Gen 9] VGC 2025 Reg G\n|rated|\n|rule|Species Clause: Limit one of each Pok\u00e9mon\n|rule|Item Clause: Limit 1 of each item\n|clearpoke\n|poke|p1|Calyrex-Shadow, L50|\n|poke|p1|Ogerpon-Hearthflame, L50, F|\n|poke|p1|Rillaboom, L50, M|\n|poke|p1|Incineroar, L50, M|\n|poke|p1|Raging Bolt, L50|\n|poke|p1|Urshifu-*, L50, F|\n|poke|p2|Terapagos, L50, M|\n|poke|p2|Tornadus, L50, M|\n|poke|p2|Incineroar, L50, F|\n|poke|p2|Amoonguss, L50, M|\n|poke|p2|Flutter Mane, L50|\n|poke|p2|Urshifu-*, L50, M|\n|teampreview|4\n|\n|t:|1739748771\n|start\n|switch|p1a: Raging Bolt|Raging Bolt, L50|100\/100\n|switch|p1b: Ogerpon|Ogerpon-Hearthflame, L50, F|100\/100\n|switch|p2a: Terapagos|Terapagos, L50, M|100\/100\n|switch|p2b: Incineroar|Incineroar, L50, F|100\/100\n|-activate|p2a: Terapagos|ability: Tera Shift\n|detailschange|p2a: Terapagos|Terapagos-Terastal, L50, M\n|-heal|p2a: Terapagos|100\/100|[silent]\n|-ability|p1b: Ogerpon|Mold Breaker\n|-ability|p2b: Incineroar|Intimidate|boost\n|-unboost|p1a: Raging Bolt|atk|1\n|-unboost|p1b: Ogerpon|atk|1\n|-enditem|p1a: Raging Bolt|Booster Energy\n|-activate|p1a: Raging Bolt|ability: Protosynthesis|[fromitem]\n|-start|p1a: Raging Bolt|protosynthesisspa\n|turn|1\n|j| Baguettezzz\n|inactive|Battle timer is ON: inactive players will automatically lose when time's up. (requested by jecheonjo)\n|\n|t:|1739748815\n|move|p2b: Incineroar|Fake Out|p1b: Ogerpon\n|-crit|p1b: Ogerpon\n|-damage|p1b: Ogerpon|86\/100\n|cant|p1b: Ogerpon|flinch\n|move|p2a: Terapagos|Calm Mind|p2a: Terapagos\n|-boost|p2a: Terapagos|spa|1\n|-boost|p2a: Terapagos|spd|1\n|move|p1a: Raging Bolt|Electroweb|p2a: Terapagos|[spread] p2a,p2b\n|-activate|p2a: Terapagos|ability: Tera Shell\n|-resisted|p2a: Terapagos\n|-damage|p2a: Terapagos|92\/100\n|-damage|p2b: Incineroar|71\/100\n|-unboost|p2a: Terapagos|spe|1\n|-unboost|p2b: Incineroar|spe|1\n|\n|-heal|p2a: Terapagos|98\/100|[from] item: Leftovers\n|upkeep\n|turn|2\n|inactive|jecheonjo has 30 seconds left.\n|\n|t:|1739748846\n|-terastallize|p2a: Terapagos|Stellar\n|detailschange|p2a: Terapagos|Terapagos-Stellar, L50, M, tera:Stellar\n|-heal|p2a: Terapagos|99\/100|[silent]\n|move|p2b: Incineroar|Helping Hand|p2a: Terapagos\n|-singleturn|p2a: Terapagos|Helping Hand|[of] p2b: Incineroar\n|move|p1b: Ogerpon|Encore|p2a: Terapagos\n|-start|p2a: Terapagos|Encore\n|move|p1a: Raging Bolt|Thunderbolt|p2b: Incineroar\n|-damage|p2b: Incineroar|11\/100\n|move|p2a: Terapagos|Calm Mind|p2a: Terapagos\n|-boost|p2a: Terapagos|spa|1\n|-boost|p2a: Terapagos|spd|1\n|\n|-heal|p2a: Terapagos|100\/100|[from] item: Leftovers\n|upkeep\n|turn|3\n|j| Onryo of the Mob\n|\n|t:|1739748865\n|switch|p1b: Urshifu|Urshifu-Rapid-Strike, L50, F|100\/100\n|switch|p2b: Amoonguss|Amoonguss, L50, M|100\/100\n|move|p1a: Raging Bolt|Electroweb|p2a: Terapagos|[spread] p2a,p2b\n|-crit|p2a: Terapagos\n|-resisted|p2b: Amoonguss\n|-damage|p2a: Terapagos|75\/100\n|-damage|p2b: Amoonguss|88\/100\n|-unboost|p2a: Terapagos|spe|1\n|-unboost|p2b: Amoonguss|spe|1\n|move|p2a: Terapagos|Calm Mind|p2a: Terapagos\n|-boost|p2a: Terapagos|spa|1\n|-boost|p2a: Terapagos|spd|1\n|\n|-heal|p2a: Terapagos|81\/100|[from] item: Leftovers\n|upkeep\n|turn|4\n|\n|t:|1739748889\n|-end|p1a: Raging Bolt|Protosynthesis|[silent]\n|switch|p1a: Ogerpon|Ogerpon-Hearthflame, L50, F|86\/100\n|-ability|p1a: Ogerpon|Mold Breaker\n|switch|p2b: Incineroar|Incineroar, L50, F|11\/100\n|-ability|p2b: Incineroar|Intimidate|boost\n|-unboost|p1a: Ogerpon|atk|1\n|-unboost|p1b: Urshifu|atk|1\n|move|p1b: Urshifu|Surging Strikes|p2a: Terapagos\n|-crit|p2a: Terapagos\n|-damage|p2a: Terapagos|68\/100\n|-crit|p2a: Terapagos\n|-damage|p2a: Terapagos|55\/100\n|-crit|p2a: Terapagos\n|-damage|p2a: Terapagos|42\/100\n|-hitcount|p2a: Terapagos|3\n|move|p2a: Terapagos|Calm Mind|p2a: Terapagos\n|-boost|p2a: Terapagos|spa|1\n|-boost|p2a: Terapagos|spd|1\n|\n|-heal|p2a: Terapagos|48\/100|[from] item: Leftovers\n|-end|p2a: Terapagos|Encore\n|upkeep\n|turn|5\n|l| Onryo of the Mob\n|inactive|GengarNight_07 has 30 seconds left.\n|inactive|jecheonjo has 30 seconds left.\n|inactive|jecheonjo has 20 seconds left.\n|inactive|GengarNight_07 has 20 seconds left.\n|\n|t:|1739748929\n|-terastallize|p1b: Urshifu|Ghost\n|move|p2b: Incineroar|Fake Out|p1a: Ogerpon\n|-damage|p1a: Ogerpon|76\/100\n|cant|p1a: Ogerpon|flinch\n|move|p1b: Urshifu|Surging Strikes|p2a: Terapagos\n|-crit|p2a: Terapagos\n|-damage|p2a: Terapagos|35\/100\n|-crit|p2a: Terapagos\n|-damage|p2a: Terapagos|22\/100\n|-crit|p2a: Terapagos\n|-damage|p2a: Terapagos|8\/100\n|-hitcount|p2a: Terapagos|3\n|move|p2a: Terapagos|Tera Starstorm|p1b: Urshifu|[spread] p1a,p1b\n|-supereffective|p1b: Urshifu\n|-damage|p1a: Ogerpon|0 fnt\n|-damage|p1b: Urshifu|0 fnt\n|faint|p1a: Ogerpon\n|faint|p1b: Urshifu\n|\n|-heal|p2a: Terapagos|15\/100|[from] item: Leftovers\n|upkeep\n|\n|t:|1739748943\n|switch|p1a: Raging Bolt|Raging Bolt, L50|100\/100\n|switch|p1b: Incineroar|Incineroar, L50, M|100\/100\n|-ability|p1b: Incineroar|Intimidate|boost\n|-unboost|p2a: Terapagos|atk|1\n|-unboost|p2b: Incineroar|atk|1\n|turn|6\n|l| Baguettezzz\n|\n|t:|1739748962\n|switch|p2b: Amoonguss|Amoonguss, L50, M|100\/100\n|move|p2a: Terapagos|Protect|p2a: Terapagos\n|-singleturn|p2a: Terapagos|Protect\n|move|p1a: Raging Bolt|Electroweb|p2a: Terapagos|[spread] p2b\n|-activate|p2a: Terapagos|move: Protect\n|-resisted|p2b: Amoonguss\n|-damage|p2b: Amoonguss|91\/100\n|-unboost|p2b: Amoonguss|spe|1\n|move|p1b: Incineroar|Knock Off|p2a: Terapagos\n|-activate|p2a: Terapagos|move: Protect\n|\n|-heal|p2a: Terapagos|21\/100|[from] item: Leftovers\n|upkeep\n|turn|7\n|inactive|jecheonjo has 30 seconds left.\n|\n|t:|1739748993\n|move|p2b: Amoonguss|Rage Powder|p2b: Amoonguss\n|-singleturn|p2b: Amoonguss|move: Rage Powder\n|move|p1a: Raging Bolt|Electroweb|p2b: Amoonguss|[spread] p2a,p2b\n|-resisted|p2b: Amoonguss\n|-damage|p2a: Terapagos|16\/100\n|-damage|p2b: Amoonguss|80\/100\n|-unboost|p2a: Terapagos|spe|1\n|-unboost|p2b: Amoonguss|spe|1\n|move|p1b: Incineroar|Knock Off|p2a: Terapagos\n|-crit|p2a: Terapagos\n|-damage|p2a: Terapagos|0 fnt\n|-enditem|p2a: Terapagos|Leftovers|[from] move: Knock Off|[of] p1b: Incineroar\n|faint|p2a: Terapagos\n|\n|upkeep\n|\n|t:|1739749002\n|switch|p2a: Incineroar|Incineroar, L50, F|11\/100\n|-ability|p2a: Incineroar|Intimidate|boost\n|-unboost|p1a: Raging Bolt|atk|1\n|-unboost|p1b: Incineroar|atk|1\n|turn|8\n|\n|t:|1739749014\n|move|p2a: Incineroar|Fake Out|p1a: Raging Bolt\n|-damage|p1a: Raging Bolt|91\/100\n|cant|p1a: Raging Bolt|flinch\n|move|p1b: Incineroar|Taunt|p2b: Amoonguss\n|-start|p2b: Amoonguss|move: Taunt\n|-enditem|p2b: Amoonguss|Mental Herb\n|-end|p2b: Amoonguss|move: Taunt\n|move|p2b: Amoonguss|Spore|p1a: Raging Bolt\n|-status|p1a: Raging Bolt|slp|[from] move: Spore\n|\n|upkeep\n|turn|9\n|inactive|GengarNight_07 has 30 seconds left.\n|inactive|jecheonjo has 30 seconds left.\n|inactive|jecheonjo has 20 seconds left.\n|inactive|jecheonjo has 15 seconds left.\n|\n|t:|1739749055\n|switch|p2a: Tornadus|Tornadus, L50, M|100\/100\n|cant|p1a: Raging Bolt|slp\n|move|p1b: Incineroar|Knock Off|p2b: Amoonguss\n|-damage|p2b: Amoonguss|66\/100\n|move|p2b: Amoonguss|Pollen Puff|p1a: Raging Bolt\n|-damage|p1a: Raging Bolt|77\/100 slp\n|\n|upkeep\n|turn|10\n|inactive|GengarNight_07 has 30 seconds left.\n|inactive|GengarNight_07 has 20 seconds left.\n|\n|t:|1739749090\n|switch|p2b: Incineroar|Incineroar, L50, F|11\/100\n|-ability|p2b: Incineroar|Intimidate|boost\n|-unboost|p1a: Raging Bolt|atk|1\n|-unboost|p1b: Incineroar|atk|1\n|move|p2a: Tornadus|Bleakwind Storm|p1a: Raging Bolt|[spread] p1a,p1b\n|-resisted|p1a: Raging Bolt\n|-damage|p1a: Raging Bolt|63\/100 slp\n|-damage|p1b: Incineroar|66\/100\n|-curestatus|p1a: Raging Bolt|slp|[msg]\n|move|p1a: Raging Bolt|Electroweb|p2a: Tornadus|[spread] p2a,p2b\n|-supereffective|p2a: Tornadus\n|-damage|p2a: Tornadus|35\/100\n|-damage|p2b: Incineroar|0 fnt\n|-unboost|p2a: Tornadus|spe|1\n|faint|p2b: Incineroar\n|move|p1b: Incineroar|Taunt|p2a: Tornadus\n|-start|p2a: Tornadus|move: Taunt\n|\n|upkeep\n|\n|t:|1739749103\n|switch|p2b: Amoonguss|Amoonguss, L50, M|99\/100\n|turn|11\n|\n|t:|1739749113\n|move|p2a: Tornadus|Bleakwind Storm|p1a: Raging Bolt|[spread] p1a\n|-miss|p2a: Tornadus|p1b: Incineroar\n|-resisted|p1a: Raging Bolt\n|-damage|p1a: Raging Bolt|47\/100\n|move|p1a: Raging Bolt|Electroweb|p2a: Tornadus|[spread] p2a,p2b\n|-supereffective|p2a: Tornadus\n|-resisted|p2b: Amoonguss\n|-damage|p2a: Tornadus|0 fnt\n|-damage|p2b: Amoonguss|89\/100\n|-unboost|p2b: Amoonguss|spe|1\n|faint|p2a: Tornadus\n|move|p1b: Incineroar|Taunt|p2b: Amoonguss\n|-start|p2b: Amoonguss|move: Taunt\n|cant|p2b: Amoonguss|move: Taunt|Spore\n|\n|upkeep\n|turn|12\n|-message|jecheonjo forfeited.\n|\n|win|GengarNight_07\n|raw|GengarNight_07's rating: 1600 &rarr; <strong>1630<\/strong><br \/>(+30 for winning)\n|raw|jecheonjo's rating: 1791 &rarr; <strong>1761<\/strong><br \/>(-30 for losing)\n|l|\u2606jecheonjo\n|player|p2|\n|l|\u2606GengarNight_07\n|player|p1|\n","uploadtime":1739749280,"views":5,"formatid":"gen9vgc2025regg","rating":1630,"private":0,"password":null}