{"id":"gen9vgc2025regg-2302945601","format":"[Gen 9] VGC 2025 Reg G","players":["pig duck eater","je8"],"log":"|j|\u2606pig duck eater\n|j|\u2606je8\n|t:|1739861288\n|gametype|doubles\n|player|p1|pig duck eater|2|1630\n|player|p2|je8|101|1547\n|teamsize|p1|6\n|teamsize|p2|6\n|gen|9\n|tier|[Gen 9] VGC 2025 Reg G\n|rated|\n|rule|Species Clause: Limit one of each Pok\u00e9mon\n|rule|Item Clause: Limit 1 of each item\n|clearpoke\n|poke|p1|Koraidon, L50|\n|poke|p1|Iron Crown, L50|\n|poke|p1|Indeedee-F, L50, F|\n|poke|p1|Garganacl, L50, M|\n|poke|p1|Wo-Chien, L50|\n|poke|p1|Walking Wake, L50|\n|poke|p2|Kyogre, L50|\n|poke|p2|Tornadus, L50, M|\n|poke|p2|Farigiraf, L50, F|\n|poke|p2|Urshifu-*, L50, F|\n|poke|p2|Iron Bundle, L50|\n|poke|p2|Ninetales-Alola, L50, F|\n|teampreview|4\n|\n|t:|1739861427\n|start\n|switch|p1a: Walking Wake|Walking Wake, L50|100\/100\n|switch|p1b: Indeedee|Indeedee-F, L50, F|100\/100\n|switch|p2a: Kyogre|Kyogre, L50|100\/100\n|switch|p2b: Tornadus|Tornadus, L50, M|100\/100\n|-weather|RainDance|[from] ability: Drizzle|[of] p2a: Kyogre\n|-fieldstart|move: Psychic Terrain|[from] ability: Psychic Surge|[of] p1b: Indeedee\n|-enditem|p1b: Indeedee|Psychic Seed\n|-boost|p1b: Indeedee|spd|1|[from] item: Psychic Seed\n|turn|1\n|j| mr pogostick\n|\n|t:|1739861445\n|-terastallize|p1a: Walking Wake|Stellar\n|-terastallize|p2a: Kyogre|Water\n|move|p2b: Tornadus|Rain Dance||[still]\n|-fail|p2b: Tornadus\n|move|p1a: Walking Wake|Draco Meteor|p2a: Kyogre\n|-damage|p2a: Kyogre|28\/100\n|-unboost|p1a: Walking Wake|spa|2\n|move|p2a: Kyogre|Water Spout|p1a: Walking Wake|[spread] p1a,p1b\n|-resisted|p1a: Walking Wake\n|-damage|p1a: Walking Wake|85\/100\n|-damage|p1b: Indeedee|61\/100\n|move|p1b: Indeedee|Trick Room|p1b: Indeedee\n|-fieldstart|move: Trick Room|[of] p1b: Indeedee\n|\n|-weather|RainDance|[upkeep]\n|upkeep\n|turn|2\n|\n|t:|1739861467\n|move|p1b: Indeedee|Baton Pass|p1b: Indeedee\n|\n|t:|1739861468\n|switch|p1b: Wo-Chien|Wo-Chien, L50|100\/100|[from] Baton Pass\n|-ability|p1b: Wo-Chien|Tablets of Ruin\n|move|p2a: Kyogre|Water Spout|p1a: Walking Wake|[spread] p1a,p1b\n|-resisted|p1a: Walking Wake\n|-resisted|p1b: Wo-Chien\n|-damage|p1a: Walking Wake|69\/100\n|-damage|p1b: Wo-Chien|92\/100\n|move|p1a: Walking Wake|Weather Ball|p2b: Tornadus\n|-damage|p2b: Tornadus|33\/100\n|move|p2b: Tornadus|Bleakwind Storm|p1b: Wo-Chien|[spread] p1a,p1b\n|-supereffective|p1b: Wo-Chien\n|-damage|p1a: Walking Wake|27\/100\n|-damage|p1b: Wo-Chien|64\/100\n|-unboost|p1a: Walking Wake|spe|1\n|-unboost|p1b: Wo-Chien|spe|1\n|\n|-weather|RainDance|[upkeep]\n|upkeep\n|turn|3\n|\n|t:|1739861511\n|move|p1b: Wo-Chien|Foul Play|p2b: Tornadus\n|-damage|p2b: Tornadus|0 fnt\n|faint|p2b: Tornadus\n|move|p1a: Walking Wake|Draco Meteor|p2a: Kyogre\n|-damage|p2a: Kyogre|2\/100\n|-unboost|p1a: Walking Wake|spa|2\n|move|p2a: Kyogre|Water Spout|p1b: Wo-Chien|[spread] p1a,p1b\n|-resisted|p1a: Walking Wake\n|-resisted|p1b: Wo-Chien\n|-damage|p1a: Walking Wake|27\/100\n|-damage|p1b: Wo-Chien|63\/100\n|\n|-weather|RainDance|[upkeep]\n|upkeep\n|\n|t:|1739861520\n|switch|p2b: Urshifu|Urshifu-Rapid-Strike, L50, F|100\/100\n|turn|4\n|\n|t:|1739861541\n|-end|p1a: Walking Wake|Protosynthesis|[silent]\n|switch|p1a: Indeedee|Indeedee-F, L50, F|61\/100\n|move|p1b: Wo-Chien|Leaf Storm|p2b: Urshifu\n|-supereffective|p2b: Urshifu\n|-damage|p2b: Urshifu|0 fnt\n|-unboost|p1b: Wo-Chien|spa|2\n|faint|p2b: Urshifu\n|move|p2a: Kyogre|Water Spout|p1b: Wo-Chien|[spread] p1a,p1b\n|-resisted|p1b: Wo-Chien\n|-damage|p1a: Indeedee|59\/100\n|-damage|p1b: Wo-Chien|62\/100\n|\n|-weather|RainDance|[upkeep]\n|upkeep\n|\n|t:|1739861546\n|switch|p2b: Iron Bundle|Iron Bundle, L50|100\/100\n|-enditem|p2b: Iron Bundle|Booster Energy\n|-activate|p2b: Iron Bundle|ability: Quark Drive|[fromitem]\n|-start|p2b: Iron Bundle|quarkdrivespe\n|turn|5\n|j| fbatke\n|\n|t:|1739861557\n|move|p1b: Wo-Chien|Snarl|p2a: Kyogre|[spread] p2a,p2b\n|-damage|p2a: Kyogre|0 fnt\n|-damage|p2b: Iron Bundle|86\/100\n|-unboost|p2b: Iron Bundle|spa|1\n|faint|p2a: Kyogre\n|move|p1a: Indeedee|Dazzling Gleam|p2b: Iron Bundle\n|-damage|p2b: Iron Bundle|47\/100\n|move|p2b: Iron Bundle|Hydro Pump|p1a: Indeedee\n|-damage|p1a: Indeedee|7\/100\n|\n|-weather|none\n|-fieldend|move: Trick Room\n|-fieldend|move: Psychic Terrain\n|upkeep\n|turn|6\n|\n|t:|1739861570\n|move|p2b: Iron Bundle|Freeze-Dry|p1b: Wo-Chien\n|-supereffective|p1b: Wo-Chien\n|-damage|p1b: Wo-Chien|47\/100\n|move|p1b: Wo-Chien|Snarl|p2b: Iron Bundle\n|-damage|p2b: Iron Bundle|29\/100\n|-unboost|p2b: Iron Bundle|spa|1\n|move|p1a: Indeedee|Trick Room|p1a: Indeedee\n|-fieldstart|move: Trick Room|[of] p1a: Indeedee\n|\n|upkeep\n|turn|7\n|\n|t:|1739861578\n|move|p1b: Wo-Chien|Pollen Puff|p1a: Indeedee\n|-heal|p1a: Indeedee|57\/100\n|move|p1a: Indeedee|Dazzling Gleam|p2b: Iron Bundle\n|-damage|p2b: Iron Bundle|0 fnt\n|faint|p2b: Iron Bundle\n|-end|p2b: Iron Bundle|Quark Drive|[silent]\n|\n|win|pig duck eater\n|raw|pig duck eater's rating: 1630 &rarr; <strong>1645<\/strong><br \/>(+15 for winning)\n|raw|je8's rating: 1547 &rarr; <strong>1532<\/strong><br \/>(-15 for losing)\n|l|\u2606pig duck eater\n|player|p1|\n|l|\u2606je8\n|player|p2|\n|l| mr pogostick\n","uploadtime":1739861791,"views":6,"formatid":"gen9vgc2025regg","rating":1532,"private":0,"password":null}