{"id":"gen9vgc2025regg-2302209480","format":"[Gen 9] VGC 2025 Reg G","players":["Tpakl","Kaicyios"],"log":"|j|\u2606Tpakl\n|j|\u2606Kaicyios\n|t:|1739760619\n|gametype|doubles\n|player|p1|Tpakl|rosa|1578\n|player|p2|Kaicyios|giovanni|1684\n|teamsize|p1|6\n|teamsize|p2|6\n|gen|9\n|tier|[Gen 9] VGC 2025 Reg G\n|rated|\n|rule|Species Clause: Limit one of each Pok\u00e9mon\n|rule|Item Clause: Limit 1 of each item\n|clearpoke\n|poke|p1|Rayquaza, L50|\n|poke|p1|Urshifu-*, L50, M|\n|poke|p1|Iron Treads, L50|\n|poke|p1|Entei, L50|\n|poke|p1|Murkrow, L50, F|\n|poke|p1|Regieleki, L50|\n|poke|p2|Groudon, L50|\n|poke|p2|Tornadus, L50, M|\n|poke|p2|Flutter Mane, L50|\n|poke|p2|Chi-Yu, L50|\n|poke|p2|Raging Bolt, L50|\n|poke|p2|Incineroar, L50, M|\n|teampreview|4\n|j| bacardigin\n|inactive|Battle timer is ON: inactive players will automatically lose when time's up. (requested by Kaicyios)\n|\n|t:|1739760651\n|start\n|switch|p1a: Regieleki|Regieleki, L50|100\/100\n|switch|p1b: Entei|Entei, L50|100\/100\n|switch|p2a: Tornadus|Tornadus, L50, M|100\/100\n|switch|p2b: Flutter Mane|Flutter Mane, L50|100\/100\n|turn|1\n|inactive|Kaicyios has 30 seconds left.\n|\n|t:|1739760682\n|move|p2a: Tornadus|Tailwind|p2a: Tornadus\n|-sidestart|p2: Kaicyios|move: Tailwind\n|move|p2b: Flutter Mane|Power Gem|p1b: Entei\n|-supereffective|p1b: Entei\n|-damage|p1b: Entei|0 fnt\n|faint|p1b: Entei\n|move|p1a: Regieleki|Electroweb|p2b: Flutter Mane|[spread] p2a,p2b\n|-supereffective|p2a: Tornadus\n|-damage|p2a: Tornadus|25\/100\n|-damage|p2b: Flutter Mane|72\/100\n|-unboost|p2a: Tornadus|spe|1\n|-unboost|p2b: Flutter Mane|spe|1\n|\n|upkeep\n|\n|t:|1739760692\n|switch|p1b: Rayquaza|Rayquaza, L50|100\/100\n|-ability|p1b: Rayquaza|Air Lock\n|turn|2\n|\n|t:|1739760702\n|move|p1b: Rayquaza|Protect|p1b: Rayquaza\n|-singleturn|p1b: Rayquaza|Protect\n|move|p2a: Tornadus|Sunny Day|p2a: Tornadus\n|-weather|SunnyDay\n|move|p1a: Regieleki|Electroweb|p2b: Flutter Mane|[spread] p2a,p2b\n|-supereffective|p2a: Tornadus\n|-damage|p2a: Tornadus|0 fnt\n|-damage|p2b: Flutter Mane|44\/100\n|-unboost|p2b: Flutter Mane|spe|1\n|faint|p2a: Tornadus\n|move|p2b: Flutter Mane|Power Gem|p1b: Rayquaza\n|-activate|p1b: Rayquaza|move: Protect\n|\n|-weather|SunnyDay|[upkeep]\n|upkeep\n|\n|t:|1739760707\n|switch|p2a: Chi-Yu|Chi-Yu, L50|100\/100\n|-ability|p2a: Chi-Yu|Beads of Ruin\n|turn|3\n|\n|t:|1739760727\n|move|p1a: Regieleki|Protect|p1a: Regieleki\n|-singleturn|p1a: Regieleki|Protect\n|move|p1b: Rayquaza|Protect||[still]\n|-fail|p1b: Rayquaza\n|move|p2a: Chi-Yu|Overheat|p1a: Regieleki\n|-activate|p1a: Regieleki|move: Protect\n|move|p2b: Flutter Mane|Power Gem|p1b: Rayquaza\n|-supereffective|p1b: Rayquaza\n|-enditem|p1b: Rayquaza|Focus Sash\n|-damage|p1b: Rayquaza|1\/100\n|\n|-weather|SunnyDay|[upkeep]\n|upkeep\n|turn|4\n|\n|t:|1739760746\n|switch|p1a: Urshifu|Urshifu-Rapid-Strike, L50, M|100\/100\n|move|p1b: Rayquaza|Protect|p1b: Rayquaza\n|-singleturn|p1b: Rayquaza|Protect\n|move|p2a: Chi-Yu|Overheat|p1a: Urshifu\n|-resisted|p1a: Urshifu\n|-damage|p1a: Urshifu|27\/100\n|-unboost|p2a: Chi-Yu|spa|2\n|move|p2b: Flutter Mane|Power Gem|p1b: Rayquaza\n|-activate|p1b: Rayquaza|move: Protect\n|\n|-weather|SunnyDay|[upkeep]\n|-sideend|p2: Kaicyios|move: Tailwind\n|upkeep\n|turn|5\n|inactive|Tpakl has 30 seconds left.\n|inactive|Tpakl has 20 seconds left.\n|\n|t:|1739760784\n|move|p1b: Rayquaza|Extreme Speed|p2a: Chi-Yu\n|-damage|p2a: Chi-Yu|48\/100\n|move|p1a: Urshifu|Aqua Jet|p2a: Chi-Yu\n|-supereffective|p2a: Chi-Yu\n|-damage|p2a: Chi-Yu|0 fnt\n|faint|p2a: Chi-Yu\n|move|p2b: Flutter Mane|Power Gem|p1b: Rayquaza\n|-supereffective|p1b: Rayquaza\n|-damage|p1b: Rayquaza|0 fnt\n|faint|p1b: Rayquaza\n|-activate|p2b: Flutter Mane|ability: Protosynthesis\n|-start|p2b: Flutter Mane|protosynthesisspa\n|\n|-weather|SunnyDay|[upkeep]\n|upkeep\n|\n|t:|1739760799\n|switch|p1b: Regieleki|Regieleki, L50|100\/100\n|switch|p2a: Groudon|Groudon, L50|100\/100\n|turn|6\n|\n|t:|1739760823\n|-terastallize|p2b: Flutter Mane|Fairy\n|move|p1b: Regieleki|Protect|p1b: Regieleki\n|-singleturn|p1b: Regieleki|Protect\n|move|p1a: Urshifu|Detect|p1a: Urshifu\n|-singleturn|p1a: Urshifu|Protect\n|move|p2a: Groudon|Precipice Blades|p1b: Regieleki|[spread] \n|-activate|p1a: Urshifu|move: Protect\n|-activate|p1b: Regieleki|move: Protect\n|move|p2b: Flutter Mane|Power Gem|p1a: Urshifu\n|-activate|p1a: Urshifu|move: Protect\n|\n|-weather|none\n|-end|p2b: Flutter Mane|Protosynthesis\n|upkeep\n|turn|7\n|\n|t:|1739760844\n|-terastallize|p1b: Regieleki|Ice\n|move|p1b: Regieleki|Tera Blast|p2a: Groudon|[anim] Tera Blast Ice\n|-supereffective|p2a: Groudon\n|-damage|p2a: Groudon|55\/100\n|move|p1a: Urshifu|Surging Strikes|p2a: Groudon\n|-supereffective|p2a: Groudon\n|-crit|p2a: Groudon\n|-damage|p2a: Groudon|18\/100\n|-supereffective|p2a: Groudon\n|-crit|p2a: Groudon\n|-damage|p2a: Groudon|0 fnt\n|faint|p2a: Groudon\n|-hitcount|p2: Groudon|2\n|move|p2b: Flutter Mane|Power Gem|p1a: Urshifu\n|-resisted|p1a: Urshifu\n|-damage|p1a: Urshifu|0 fnt\n|faint|p1a: Urshifu\n|\n|upkeep\n|turn|8\n|\n|t:|1739760856\n|move|p1b: Regieleki|Thunderbolt|p2b: Flutter Mane\n|-damage|p2b: Flutter Mane|0 fnt\n|faint|p2b: Flutter Mane\n|-end|p2b: Flutter Mane|Protosynthesis|[silent]\n|\n|win|Tpakl\n|raw|Tpakl's rating: 1578 &rarr; <strong>1604<\/strong><br \/>(+26 for winning)\n|raw|Kaicyios's rating: 1684 &rarr; <strong>1658<\/strong><br \/>(-26 for losing)\n|l|\u2606Tpakl\n|player|p1|\n|l| bacardigin\n","uploadtime":1739761063,"views":5,"formatid":"gen9vgc2025regg","rating":1604,"private":0,"password":null}