{"id":"gen9vgc2025regg-2302830018","format":"[Gen 9] VGC 2025 Reg G","players":["xiaobengou123","Angelo Neres"],"log":"|j|\u2606xiaobengou123\n|j|\u2606Angelo Neres\n|t:|1739843448\n|gametype|doubles\n|player|p1|xiaobengou123|pokekid|1595\n|player|p2|Angelo Neres|265|1657\n|teamsize|p1|6\n|teamsize|p2|6\n|gen|9\n|tier|[Gen 9] VGC 2025 Reg G\n|rated|\n|rule|Species Clause: Limit one of each Pok\u00e9mon\n|rule|Item Clause: Limit 1 of each item\n|clearpoke\n|poke|p1|Calyrex-Ice, L50|\n|poke|p1|Raging Bolt, L50|\n|poke|p1|Flutter Mane, L50|\n|poke|p1|Urshifu-*, L50, M|\n|poke|p1|Ogerpon-Cornerstone, L50, F|\n|poke|p1|Amoonguss, L50, F|\n|poke|p2|Lunala, L50|\n|poke|p2|Lapras, L50, F|\n|poke|p2|Chi-Yu, L50|\n|poke|p2|Zapdos-Galar, L50|\n|poke|p2|Ogerpon-Cornerstone, L50, F|\n|poke|p2|Rhydon, L50, F|\n|teampreview|4\n|inactive|Battle timer is ON: inactive players will automatically lose when time's up. (requested by Angelo Neres)\n|inactive|Angelo Neres has 60 seconds left.\n|\n|t:|1739843493\n|start\n|switch|p1a: Flutter Mane|Flutter Mane, L50|100\/100\n|switch|p1b: Urshifu|Urshifu-Rapid-Strike, L50, M|100\/100\n|switch|p2a: Chi-Yu|Chi-Yu, L50|100\/100\n|switch|p2b: Ogerpon|Ogerpon-Cornerstone, L50, F|100\/100\n|-ability|p2a: Chi-Yu|Beads of Ruin\n|-enditem|p1a: Flutter Mane|Booster Energy\n|-activate|p1a: Flutter Mane|ability: Protosynthesis|[fromitem]\n|-start|p1a: Flutter Mane|protosynthesisspe\n|turn|1\n|inactive|xiaobengou123 has 30 seconds left.\n|inactive|Angelo Neres has 30 seconds left.\n|inactive|xiaobengou123 has 20 seconds left.\n|\n|t:|1739843533\n|move|p2b: Ogerpon|Follow Me|p2b: Ogerpon\n|-singleturn|p2b: Ogerpon|move: Follow Me\n|move|p1b: Urshifu|Aqua Jet|p2b: Ogerpon\n|-damage|p2b: Ogerpon|68\/100\n|move|p1a: Flutter Mane|Moonblast|p2b: Ogerpon\n|-damage|p2b: Ogerpon|0 fnt\n|faint|p2b: Ogerpon\n|move|p2a: Chi-Yu|Overheat|p1a: Flutter Mane\n|-damage|p1a: Flutter Mane|11\/100\n|-unboost|p2a: Chi-Yu|spa|2\n|\n|upkeep\n|\n|t:|1739843545\n|switch|p2b: Lunala|Lunala, L50, shiny|100\/100\n|turn|2\n|\n|t:|1739843569\n|-terastallize|p2b: Lunala|Fairy\n|move|p1a: Flutter Mane|Dazzling Gleam|p2a: Chi-Yu|[spread] p2a,p2b\n|-damage|p2a: Chi-Yu|70\/100\n|-damage|p2b: Lunala|89\/100\n|move|p2a: Chi-Yu|Overheat|p1b: Urshifu\n|-resisted|p1b: Urshifu\n|-damage|p1b: Urshifu|67\/100\n|-unboost|p2a: Chi-Yu|spa|2\n|move|p1b: Urshifu|Close Combat|p2a: Chi-Yu\n|-supereffective|p2a: Chi-Yu\n|-crit|p2a: Chi-Yu\n|-damage|p2a: Chi-Yu|0 fnt\n|-unboost|p1b: Urshifu|def|1\n|-unboost|p1b: Urshifu|spd|1\n|faint|p2a: Chi-Yu\n|move|p2b: Lunala|Trick Room|p2b: Lunala\n|-fieldstart|move: Trick Room|[of] p2b: Lunala\n|\n|-heal|p2b: Lunala|95\/100|[from] item: Leftovers\n|upkeep\n|\n|t:|1739843579\n|switch|p2a: Rhydon|Rhydon, L50, F, shiny|100\/100\n|turn|3\n|\n|t:|1739843590\n|-end|p1a: Flutter Mane|Protosynthesis|[silent]\n|switch|p1a: Amoonguss|Amoonguss, L50, F|100\/100\n|move|p1b: Urshifu|Detect|p1b: Urshifu\n|-singleturn|p1b: Urshifu|Protect\n|move|p2a: Rhydon|Swords Dance|p2a: Rhydon\n|-boost|p2a: Rhydon|atk|2\n|move|p2b: Lunala|Moonblast|p1b: Urshifu\n|-activate|p1b: Urshifu|move: Protect\n|\n|-heal|p2b: Lunala|100\/100|[from] item: Leftovers\n|upkeep\n|turn|4\n|\n|t:|1739843607\n|move|p1a: Amoonguss|Rage Powder|p1a: Amoonguss\n|-singleturn|p1a: Amoonguss|move: Rage Powder\n|move|p2a: Rhydon|Rock Slide|p1a: Amoonguss|[spread] p1a,p1b\n|-resisted|p1b: Urshifu\n|-damage|p1a: Amoonguss|60\/100\n|-damage|p1b: Urshifu|29\/100\n|move|p2b: Lunala|Moongeist Beam|p1a: Amoonguss\n|-crit|p1a: Amoonguss\n|-damage|p1a: Amoonguss|0 fnt\n|faint|p1a: Amoonguss\n|cant|p1b: Urshifu|flinch\n|\n|upkeep\n|\n|t:|1739843619\n|switch|p1a: Calyrex|Calyrex-Ice, L50|100\/100\n|-ability|p1a: Calyrex|As One\n|-ability|p1a: Calyrex|Unnerve\n|turn|5\n|\n|t:|1739843629\n|-terastallize|p1a: Calyrex|Fairy\n|move|p1b: Urshifu|Detect|p1b: Urshifu\n|-singleturn|p1b: Urshifu|Protect\n|move|p2b: Lunala|Wide Guard|p2b: Lunala\n|-singleturn|p2b: Lunala|Wide Guard\n|move|p2a: Rhydon|High Horsepower|p1b: Urshifu\n|-activate|p1b: Urshifu|move: Protect\n|move|p1a: Calyrex|Trick Room|p1a: Calyrex\n|-fieldend|move: Trick Room\n|\n|upkeep\n|turn|6\n|\n|t:|1739843643\n|move|p1b: Urshifu|Surging Strikes|p2a: Rhydon\n|-supereffective|p2a: Rhydon\n|-crit|p2a: Rhydon\n|-damage|p2a: Rhydon|55\/100\n|-supereffective|p2a: Rhydon\n|-crit|p2a: Rhydon\n|-damage|p2a: Rhydon|10\/100\n|-supereffective|p2a: Rhydon\n|-crit|p2a: Rhydon\n|-damage|p2a: Rhydon|0 fnt\n|faint|p2a: Rhydon\n|-hitcount|p2: Rhydon|3\n|move|p2b: Lunala|Moonblast|p1b: Urshifu\n|-supereffective|p1b: Urshifu\n|-damage|p1b: Urshifu|0 fnt\n|faint|p1b: Urshifu\n|move|p1a: Calyrex|Glacial Lance|p2b: Lunala\n|-damage|p2b: Lunala|62\/100\n|\n|-heal|p2b: Lunala|68\/100|[from] item: Leftovers\n|upkeep\n|\n|t:|1739843658\n|switch|p1b: Flutter Mane|Flutter Mane, L50|11\/100\n|turn|7\n|-message|Angelo Neres forfeited.\n|\n|win|xiaobengou123\n|raw|xiaobengou123's rating: 1595 &rarr; <strong>1619<\/strong><br \/>(+24 for winning)\n|raw|Angelo Neres's rating: 1657 &rarr; <strong>1633<\/strong><br \/>(-24 for losing)\n|l|\u2606Angelo Neres\n|player|p2|\n|l|\u2606xiaobengou123\n|player|p1|\n","uploadtime":1739843877,"views":11,"formatid":"gen9vgc2025regg","rating":1619,"private":0,"password":null}