{"id":"gen9vgc2025regg-2302575194","format":"[Gen 9] VGC 2025 Reg G","players":["Jirachi BS","peripon_poke"],"log":"|j|\u2606Jirachi BS\n|j|\u203dperipon_poke\n|t:|1739814958\n|gametype|doubles\n|player|p1|Jirachi BS|101|1578\n|player|p2|peripon_poke|swimmer-gen4dp|1568\n|teamsize|p1|6\n|teamsize|p2|6\n|gen|9\n|tier|[Gen 9] VGC 2025 Reg G\n|rated|\n|rule|Species Clause: Limit one of each Pok\u00e9mon\n|rule|Item Clause: Limit 1 of each item\n|clearpoke\n|poke|p1|Zacian-*, L50|\n|poke|p1|Urshifu-*, L50, F|\n|poke|p1|Ogerpon-Hearthflame, L50, F|\n|poke|p1|Farigiraf, L50, F|\n|poke|p1|Tornadus, L50, M|\n|poke|p1|Araquanid, L50, M|\n|poke|p2|Miraidon, L50|\n|poke|p2|Whimsicott, L50, F|\n|poke|p2|Dondozo, L50, M|\n|poke|p2|Tatsugiri, L50, F|\n|poke|p2|Iron Treads, L50|\n|poke|p2|Urshifu-*, L50, F|\n|teampreview|4\n|inactive|Battle timer is ON: inactive players will automatically lose when time's up. (requested by Jirachi BS)\n|j| pcord cypher\n|\n|t:|1739815016\n|start\n|switch|p1a: Zacian|Zacian-Crowned, L50|100\/100\n|switch|p1b: Tornadus|Tornadus, L50, M|100\/100\n|switch|p2a: Miraidon|Miraidon, L50|100\/100\n|switch|p2b: Iron Treads|Iron Treads, L50, shiny|100\/100\n|-ability|p1a: Zacian|Intrepid Sword|boost\n|-boost|p1a: Zacian|atk|1\n|-fieldstart|move: Electric Terrain|[from] ability: Hadron Engine|[of] p2a: Miraidon\n|-activate|p2b: Iron Treads|ability: Quark Drive\n|-start|p2b: Iron Treads|quarkdrivespe\n|turn|1\n|j| Rareasfukk\n|inactive|peripon_poke has 30 seconds left.\n|inactive|peripon_poke has 20 seconds left.\n|inactive|peripon_poke has 15 seconds left.\n|\n|t:|1739815059\n|-terastallize|p1a: Zacian|Ground\n|move|p1b: Tornadus|Tailwind|p1b: Tornadus\n|-sidestart|p1: Jirachi BS|move: Tailwind\n|move|p1a: Zacian|Tera Blast|p2a: Miraidon|[anim] Tera Blast Ground\n|-supereffective|p2a: Miraidon\n|-damage|p2a: Miraidon|0 fnt\n|faint|p2a: Miraidon\n|move|p2b: Iron Treads|High Horsepower|p1a: Zacian\n|-damage|p1a: Zacian|46\/100\n|-damage|p2b: Iron Treads|91\/100|[from] item: Life Orb\n|\n|upkeep\n|\n|t:|1739815075\n|switch|p2a: Dondozo|Dondozo, L50, M, shiny|100\/100\n|turn|2\n|\n|t:|1739815093\n|move|p1b: Tornadus|Rain Dance|p1b: Tornadus\n|-weather|RainDance\n|move|p1a: Zacian|Tera Blast|p2b: Iron Treads|[anim] Tera Blast Ground\n|-supereffective|p2b: Iron Treads\n|-damage|p2b: Iron Treads|0 fnt\n|faint|p2b: Iron Treads\n|-end|p2b: Iron Treads|Quark Drive|[silent]\n|move|p2a: Dondozo|Wave Crash|p1a: Zacian\n|-supereffective|p1a: Zacian\n|-damage|p1a: Zacian|0 fnt\n|faint|p1a: Zacian\n|-damage|p2a: Dondozo|89\/100|[from] Recoil\n|\n|-weather|RainDance|[upkeep]\n|-heal|p2a: Dondozo|95\/100|[from] item: Leftovers\n|upkeep\n|\n|t:|1739815108\n|switch|p1a: Urshifu|Urshifu-Rapid-Strike, L50, F|100\/100\n|switch|p2b: Tatsugiri|Tatsugiri, L50, F, shiny|100\/100\n|-activate|p2b: Tatsugiri|ability: Commander|[of] p2a: Dondozo\n|-boost|p2a: Dondozo|atk|2\n|-boost|p2a: Dondozo|spa|2\n|-boost|p2a: Dondozo|spe|2\n|-boost|p2a: Dondozo|def|2\n|-boost|p2a: Dondozo|spd|2\n|turn|3\n|inactive|peripon_poke has 30 seconds left.\n|\n|t:|1739815133\n|move|p1a: Urshifu|Surging Strikes|p2a: Dondozo\n|-resisted|p2a: Dondozo\n|-crit|p2a: Dondozo\n|-damage|p2a: Dondozo|83\/100\n|-resisted|p2a: Dondozo\n|-crit|p2a: Dondozo\n|-damage|p2a: Dondozo|72\/100\n|-resisted|p2a: Dondozo\n|-crit|p2a: Dondozo\n|-damage|p2a: Dondozo|62\/100\n|-hitcount|p2a: Dondozo|3\n|move|p1b: Tornadus|Bleakwind Storm|p2a: Dondozo|[spread] p2a\n|-miss|p1b: Tornadus|p2b: Tatsugiri\n|-damage|p2a: Dondozo|45\/100\n|move|p2a: Dondozo|Order Up|p1a: Urshifu\n|-damage|p1a: Urshifu|52\/100\n|-boost|p2a: Dondozo|atk|1\n|\n|-weather|RainDance|[upkeep]\n|-heal|p2a: Dondozo|51\/100|[from] item: Leftovers\n|upkeep\n|turn|4\n|inactive|peripon_poke has 30 seconds left.\n|\n|t:|1739815160\n|move|p1a: Urshifu|Surging Strikes|p2a: Dondozo\n|-resisted|p2a: Dondozo\n|-crit|p2a: Dondozo\n|-damage|p2a: Dondozo|40\/100\n|-resisted|p2a: Dondozo\n|-crit|p2a: Dondozo\n|-damage|p2a: Dondozo|30\/100\n|-resisted|p2a: Dondozo\n|-crit|p2a: Dondozo\n|-damage|p2a: Dondozo|18\/100\n|-hitcount|p2a: Dondozo|3\n|move|p1b: Tornadus|Bleakwind Storm|p2a: Dondozo|[spread] p2a\n|-miss|p1b: Tornadus|p2b: Tatsugiri\n|-damage|p2a: Dondozo|3\/100\n|move|p2a: Dondozo|Order Up|p1a: Urshifu\n|-damage|p1a: Urshifu|0 fnt\n|faint|p1a: Urshifu\n|-boost|p2a: Dondozo|atk|1\n|\n|-weather|RainDance|[upkeep]\n|-heal|p2a: Dondozo|9\/100|[from] item: Leftovers\n|-sideend|p1: Jirachi BS|move: Tailwind\n|upkeep\n|\n|t:|1739815172\n|switch|p1a: Ogerpon|Ogerpon-Hearthflame, L50, F|100\/100\n|-ability|p1a: Ogerpon|Mold Breaker\n|turn|5\n|\n|t:|1739815186\n|move|p2a: Dondozo|Protect|p2a: Dondozo\n|-singleturn|p2a: Dondozo|Protect\n|move|p1b: Tornadus|Tailwind|p1b: Tornadus\n|-sidestart|p1: Jirachi BS|move: Tailwind\n|move|p1a: Ogerpon|Wood Hammer|p2a: Dondozo\n|-activate|p2a: Dondozo|move: Protect\n|\n|-weather|RainDance|[upkeep]\n|-heal|p2a: Dondozo|16\/100|[from] item: Leftovers\n|-fieldend|move: Electric Terrain\n|upkeep\n|turn|6\n|inactive|peripon_poke has 30 seconds left.\n|\n|t:|1739815218\n|-terastallize|p2a: Dondozo|Fire\n|move|p1b: Tornadus|Bleakwind Storm|p2b: Tatsugiri|[spread] p2a\n|-miss|p1b: Tornadus|p2b: Tatsugiri\n|-damage|p2a: Dondozo|0 fnt\n|faint|p2a: Dondozo\n|move|p1a: Ogerpon|Wood Hammer|p2b: Tatsugiri\n|-damage|p2b: Tatsugiri|0 fnt\n|faint|p2b: Tatsugiri\n|-damage|p1a: Ogerpon|75\/100|[from] Recoil\n|\n|win|Jirachi BS\n|raw|Jirachi BS's rating: 1561 &rarr; <strong>1581<\/strong><br \/>(+20 for winning)\n|raw|peripon_poke's rating: 1568 &rarr; <strong>1548<\/strong><br \/>(-20 for losing)\n|l| Rareasfukk\n|c|\u2606Jirachi BS|gg\n","uploadtime":1739815356,"views":5,"formatid":"gen9vgc2025regg","rating":1548,"private":0,"password":null}