{"id":"gen9vgc2025regg-2302527263","format":"[Gen 9] VGC 2025 Reg G","players":["fuleya","chin8"],"log":"|j|\u2606fuleya\n|j|\u2606chin8\n|t:|1739809821\n|gametype|doubles\n|player|p1|fuleya|265|1635\n|player|p2|chin8|gentleman-gen4dp|1735\n|teamsize|p1|6\n|teamsize|p2|6\n|gen|9\n|tier|[Gen 9] VGC 2025 Reg G\n|rated|\n|rule|Species Clause: Limit one of each Pok\u00e9mon\n|rule|Item Clause: Limit 1 of each item\n|clearpoke\n|poke|p1|Tornadus, L50, M|\n|poke|p1|Calyrex-Shadow, L50|\n|poke|p1|Urshifu-*, L50, M|\n|poke|p1|Farigiraf, L50, M|\n|poke|p1|Clefairy, L50, F|\n|poke|p1|Ogerpon-Cornerstone, L50, F|\n|poke|p2|Calyrex-Shadow, L50|\n|poke|p2|Incineroar, L50, F|\n|poke|p2|Rillaboom, L50, F|\n|poke|p2|Gastrodon-East, L50, M|\n|poke|p2|Hitmonchan, L50, M|\n|poke|p2|Tropius, L50, M|\n|teampreview|4\n|inactive|Battle timer is ON: inactive players will automatically lose when time's up. (requested by chin8)\n|\n|t:|1739809836\n|start\n|switch|p1a: Calyrex|Calyrex-Shadow, L50|100\/100\n|switch|p1b: Clefairy|Clefairy, L50, F|100\/100\n|switch|p2a: Calyrex|Calyrex-Shadow, L50|100\/100\n|switch|p2b: Hitmonchan|Hitmonchan, L50, M|100\/100\n|-ability|p1a: Calyrex|As One\n|-ability|p1a: Calyrex|Unnerve\n|-ability|p2a: Calyrex|As One\n|-ability|p2a: Calyrex|Unnerve\n|turn|1\n|\n|t:|1739809848\n|-terastallize|p1a: Calyrex|Ghost\n|-terastallize|p2a: Calyrex|Fairy\n|move|p1b: Clefairy|Follow Me|p1b: Clefairy\n|-singleturn|p1b: Clefairy|move: Follow Me\n|move|p1a: Calyrex|Shadow Ball|p2a: Calyrex\n|-damage|p2a: Calyrex|10\/100\n|move|p2a: Calyrex|Calm Mind|p2a: Calyrex\n|-boost|p2a: Calyrex|spa|1\n|-boost|p2a: Calyrex|spd|1\n|move|p2b: Hitmonchan|Encore|p1b: Clefairy\n|-start|p1b: Clefairy|Encore\n|\n|upkeep\n|turn|2\n|\n|t:|1739809864\n|switch|p2a: Incineroar|Incineroar, L50, F|100\/100\n|-ability|p2a: Incineroar|Intimidate|boost\n|-unboost|p1a: Calyrex|atk|1\n|-unboost|p1b: Clefairy|atk|1\n|move|p1b: Clefairy|Follow Me|p1b: Clefairy\n|-singleturn|p1b: Clefairy|move: Follow Me\n|move|p1a: Calyrex|Shadow Ball|p2a: Incineroar\n|-resisted|p2a: Incineroar\n|-damage|p2a: Incineroar|61\/100\n|move|p2b: Hitmonchan|Taunt|p1b: Clefairy\n|-start|p1b: Clefairy|move: Taunt\n|\n|upkeep\n|turn|3\n|\n|t:|1739809882\n|switch|p1b: Tornadus|Tornadus, L50, M|100\/100\n|move|p1a: Calyrex|Shadow Ball|p2b: Hitmonchan\n|-enditem|p2b: Hitmonchan|Focus Sash\n|-damage|p2b: Hitmonchan|1\/100\n|move|p2b: Hitmonchan|Close Combat|p1b: Tornadus\n|-resisted|p1b: Tornadus\n|-damage|p1b: Tornadus|68\/100\n|-unboost|p2b: Hitmonchan|def|1\n|-unboost|p2b: Hitmonchan|spd|1\n|move|p2a: Incineroar|Knock Off|p1a: Calyrex\n|-supereffective|p1a: Calyrex\n|-damage|p1a: Calyrex|0 fnt\n|-enditem|p1a: Calyrex|Choice Specs|[from] move: Knock Off|[of] p2a: Incineroar\n|faint|p1a: Calyrex\n|\n|upkeep\n|\n|t:|1739809897\n|switch|p1a: Urshifu|Urshifu, L50, M|100\/100\n|turn|4\n|\n|t:|1739809904\n|move|p1b: Tornadus|Bleakwind Storm|p2b: Hitmonchan|[spread] p2a,p2b\n|-supereffective|p2b: Hitmonchan\n|-damage|p2a: Incineroar|37\/100\n|-damage|p2b: Hitmonchan|0 fnt\n|faint|p2b: Hitmonchan\n|move|p1a: Urshifu|Close Combat|p2a: Incineroar\n|-supereffective|p2a: Incineroar\n|-damage|p2a: Incineroar|0 fnt\n|-unboost|p1a: Urshifu|def|1\n|-unboost|p1a: Urshifu|spd|1\n|faint|p2a: Incineroar\n|\n|upkeep\n|\n|t:|1739809907\n|switch|p2b: Calyrex|Calyrex-Shadow, L50, tera:Fairy|10\/100\n|switch|p2a: Gastrodon|Gastrodon-East, L50, M, shiny|100\/100\n|-ability|p2b: Calyrex|As One\n|-ability|p2b: Calyrex|Unnerve\n|turn|5\n|-message|chin8 forfeited.\n|\n|win|fuleya\n|raw|fuleya's rating: 1635 &rarr; <strong>1661<\/strong><br \/>(+26 for winning)\n|raw|chin8's rating: 1735 &rarr; <strong>1709<\/strong><br \/>(-26 for losing)\n|l|\u2606chin8\n|player|p2|\n|l|\u2606fuleya\n|player|p1|\n","uploadtime":1739810182,"views":5,"formatid":"gen9vgc2025regg","rating":1661,"private":0,"password":null}