{"id":"gen9vgc2025regg-2302070531","format":"[Gen 9] VGC 2025 Reg G","players":["Spottedwoot","Hanou143"],"log":"|j|\u2606Spottedwoot\n|j|\u2606Hanou143\n|t:|1739743166\n|gametype|doubles\n|player|p1|Spottedwoot|265|1604\n|player|p2|Hanou143|169|1548\n|teamsize|p1|6\n|teamsize|p2|6\n|gen|9\n|tier|[Gen 9] VGC 2025 Reg G\n|rated|\n|rule|Species Clause: Limit one of each Pok\u00e9mon\n|rule|Item Clause: Limit 1 of each item\n|clearpoke\n|poke|p1|Zamazenta-*, L50|\n|poke|p1|Chien-Pao, L50|\n|poke|p1|Entei, L50|\n|poke|p1|Raging Bolt, L50|\n|poke|p1|Rillaboom, L50, M|\n|poke|p1|Farigiraf, L50, M|\n|poke|p2|Calyrex-Shadow, L50|\n|poke|p2|Jigglypuff, L50, M|\n|poke|p2|Pelipper, L50, M|\n|poke|p2|Rillaboom, L50, F|\n|poke|p2|Incineroar, L50, F|\n|poke|p2|Urshifu-*, L50, F|\n|teampreview|4\n|inactive|Battle timer is ON: inactive players will automatically lose when time's up. (requested by Hanou143)\n|\n|t:|1739743200\n|start\n|switch|p1a: Zamazenta|Zamazenta-Crowned, L50|100\/100\n|switch|p1b: Chien-Pao|Chien-Pao, L50|100\/100\n|switch|p2a: Urshifu|Urshifu-Rapid-Strike, L50, F|100\/100\n|switch|p2b: Pelipper|Pelipper, L50, M|100\/100\n|-ability|p1b: Chien-Pao|Sword of Ruin\n|-ability|p1a: Zamazenta|Dauntless Shield|boost\n|-boost|p1a: Zamazenta|def|1\n|-weather|RainDance|[from] ability: Drizzle|[of] p2b: Pelipper\n|turn|1\n|\n|t:|1739743213\n|-terastallize|p2a: Urshifu|Water\n|move|p2a: Urshifu|Surging Strikes|p1a: Zamazenta\n|-crit|p1a: Zamazenta\n|-damage|p1a: Zamazenta|62\/100\n|-crit|p1a: Zamazenta\n|-damage|p1a: Zamazenta|21\/100\n|-crit|p1a: Zamazenta\n|-damage|p1a: Zamazenta|0 fnt\n|faint|p1a: Zamazenta\n|-hitcount|p1: Zamazenta|3\n|move|p1b: Chien-Pao|Sacred Sword|p2a: Urshifu\n|-damage|p2a: Urshifu|62\/100\n|move|p2b: Pelipper|Tailwind|p2b: Pelipper\n|-sidestart|p2: Hanou143|move: Tailwind\n|\n|-weather|RainDance|[upkeep]\n|upkeep\n|\n|t:|1739743217\n|switch|p1a: Raging Bolt|Raging Bolt, L50|100\/100\n|-enditem|p1a: Raging Bolt|Booster Energy\n|-activate|p1a: Raging Bolt|ability: Protosynthesis|[fromitem]\n|-start|p1a: Raging Bolt|protosynthesisspa\n|turn|2\n|\n|t:|1739743241\n|switch|p2a: Jigglypuff|Jigglypuff, L50, M|100\/100\n|move|p1a: Raging Bolt|Thunderclap||[still]\n|-fail|p1a: Raging Bolt\n|move|p1b: Chien-Pao|Icicle Crash|p2b: Pelipper\n|-damage|p2b: Pelipper|52\/100\n|move|p2b: Pelipper|Hurricane|p1b: Chien-Pao\n|-damage|p1b: Chien-Pao|17\/100\n|\n|-weather|RainDance|[upkeep]\n|upkeep\n|turn|3\n|\n|t:|1739743262\n|switch|p1b: Rillaboom|Rillaboom, L50, M|100\/100\n|-fieldstart|move: Grassy Terrain|[from] ability: Grassy Surge|[of] p1b: Rillaboom\n|switch|p2b: Calyrex|Calyrex-Shadow, L50|100\/100\n|-ability|p2b: Calyrex|As One\n|-ability|p2b: Calyrex|Unnerve\n|move|p1a: Raging Bolt|Thunderbolt|p2b: Calyrex\n|-damage|p2b: Calyrex|52\/100\n|move|p2a: Jigglypuff|Alluring Voice|p1b: Rillaboom\n|-damage|p1b: Rillaboom|90\/100\n|\n|-weather|RainDance|[upkeep]\n|-heal|p2b: Calyrex|58\/100|[from] Grassy Terrain\n|-heal|p1b: Rillaboom|96\/100|[from] Grassy Terrain\n|upkeep\n|turn|4\n|\n|t:|1739743282\n|-terastallize|p1a: Raging Bolt|Electric\n|move|p1b: Rillaboom|Fake Out|p2a: Jigglypuff\n|-damage|p2a: Jigglypuff|88\/100\n|move|p2b: Calyrex|Calm Mind|p2b: Calyrex\n|-boost|p2b: Calyrex|spa|1\n|-boost|p2b: Calyrex|spd|1\n|move|p1a: Raging Bolt|Thunderbolt|p2b: Calyrex\n|-damage|p2b: Calyrex|16\/100\n|cant|p2a: Jigglypuff|flinch\n|\n|-weather|RainDance|[upkeep]\n|-heal|p2b: Calyrex|22\/100|[from] Grassy Terrain\n|-heal|p1b: Rillaboom|100\/100|[from] Grassy Terrain\n|-heal|p2a: Jigglypuff|94\/100|[from] Grassy Terrain\n|-sideend|p2: Hanou143|move: Tailwind\n|upkeep\n|turn|5\n|\n|t:|1739743301\n|move|p2b: Calyrex|Protect|p2b: Calyrex\n|-singleturn|p2b: Calyrex|Protect\n|move|p1b: Rillaboom|Grassy Glide|p2b: Calyrex\n|-activate|p2b: Calyrex|move: Protect\n|move|p1a: Raging Bolt|Thunderbolt|p2a: Jigglypuff\n|-damage|p2a: Jigglypuff|0 fnt\n|faint|p2a: Jigglypuff\n|\n|-weather|none\n|-heal|p2b: Calyrex|28\/100|[from] Grassy Terrain\n|upkeep\n|\n|t:|1739743313\n|switch|p2a: Pelipper|Pelipper, L50, M|52\/100\n|-weather|RainDance|[from] ability: Drizzle|[of] p2a: Pelipper\n|turn|6\n|\n|t:|1739743322\n|move|p1a: Raging Bolt|Thunderclap|p2b: Calyrex\n|-damage|p2b: Calyrex|0 fnt\n|faint|p2b: Calyrex\n|move|p1b: Rillaboom|Wood Hammer|p2a: Pelipper\n|-damage|p2a: Pelipper|0 fnt\n|faint|p2a: Pelipper\n|-damage|p1b: Rillaboom|87\/100|[from] Recoil\n|\n|-weather|RainDance|[upkeep]\n|-heal|p1b: Rillaboom|93\/100|[from] Grassy Terrain\n|upkeep\n|-message|Hanou143 forfeited.\n|\n|win|Spottedwoot\n|raw|Spottedwoot's rating: 1604 &rarr; <strong>1621<\/strong><br \/>(+17 for winning)\n|raw|Hanou143's rating: 1548 &rarr; <strong>1531<\/strong><br \/>(-17 for losing)\n|l|\u2606Hanou143\n|player|p2|\n","uploadtime":1739743342,"views":53,"formatid":"gen9vgc2025regg","rating":1531,"private":0,"password":null}