{"id":"gen9vgc2025regg-2302101796","format":"[Gen 9] VGC 2025 Reg G","players":["parrotboy","Spottedwoot"],"log":"|j|\u2606parrotboy\n|j|\u2606Spottedwoot\n|t:|1739746809\n|gametype|doubles\n|player|p1|parrotboy|hiker-gen4|1609\n|player|p2|Spottedwoot|265|1693\n|teamsize|p1|6\n|teamsize|p2|6\n|gen|9\n|tier|[Gen 9] VGC 2025 Reg G\n|rated|\n|rule|Species Clause: Limit one of each Pok\u00e9mon\n|rule|Item Clause: Limit 1 of each item\n|clearpoke\n|poke|p1|Zamazenta-*, L50|\n|poke|p1|Raichu, L50, F|\n|poke|p1|Gholdengo, L50|\n|poke|p1|Ogerpon-Wellspring, L50, F|\n|poke|p1|Politoed, L50, F|\n|poke|p1|Chien-Pao, L50|\n|poke|p2|Zamazenta-*, L50|\n|poke|p2|Chien-Pao, L50|\n|poke|p2|Entei, L50|\n|poke|p2|Raging Bolt, L50|\n|poke|p2|Rillaboom, L50, M|\n|poke|p2|Farigiraf, L50, F|\n|teampreview|4\n|inactive|Battle timer is ON: inactive players will automatically lose when time's up. (requested by parrotboy)\n|\n|t:|1739746843\n|start\n|switch|p1a: Zamazenta|Zamazenta-Crowned, L50|100\/100\n|switch|p1b: Gholdengo|Gholdengo, L50|100\/100\n|switch|p2a: Zamazenta|Zamazenta-Crowned, L50|100\/100\n|switch|p2b: Chien-Pao|Chien-Pao, L50|100\/100\n|-ability|p2b: Chien-Pao|Sword of Ruin\n|-ability|p2a: Zamazenta|Dauntless Shield|boost\n|-boost|p2a: Zamazenta|def|1\n|-ability|p1a: Zamazenta|Dauntless Shield|boost\n|-boost|p1a: Zamazenta|def|1\n|turn|1\n|\n|t:|1739746851\n|move|p2b: Chien-Pao|Sucker Punch||[still]\n|-fail|p2b: Chien-Pao\n|move|p2a: Zamazenta|Body Press|p1a: Zamazenta\n|-supereffective|p1a: Zamazenta\n|-damage|p1a: Zamazenta|37\/100\n|move|p1a: Zamazenta|Iron Defense|p1a: Zamazenta\n|-boost|p1a: Zamazenta|def|2\n|move|p1b: Gholdengo|Nasty Plot|p1b: Gholdengo\n|-boost|p1b: Gholdengo|spa|2\n|\n|upkeep\n|turn|2\n|\n|t:|1739746865\n|move|p1a: Zamazenta|Protect|p1a: Zamazenta\n|-singleturn|p1a: Zamazenta|Protect\n|move|p2b: Chien-Pao|Sucker Punch||[still]\n|-fail|p2b: Chien-Pao\n|move|p2a: Zamazenta|Body Press|p1a: Zamazenta\n|-activate|p1a: Zamazenta|move: Protect\n|move|p1b: Gholdengo|Nasty Plot|p1b: Gholdengo\n|-boost|p1b: Gholdengo|spa|2\n|\n|upkeep\n|turn|3\n|\n|t:|1739746883\n|-terastallize|p1b: Gholdengo|Normal\n|move|p2b: Chien-Pao|Sucker Punch|p1b: Gholdengo\n|-damage|p1b: Gholdengo|63\/100\n|move|p2a: Zamazenta|Body Press|p1a: Zamazenta\n|-supereffective|p1a: Zamazenta\n|-damage|p1a: Zamazenta|0 fnt\n|faint|p1a: Zamazenta\n|move|p1b: Gholdengo|Shadow Ball|p2a: Zamazenta\n|-damage|p2a: Zamazenta|27\/100\n|\n|-heal|p1b: Gholdengo|70\/100|[from] item: Leftovers\n|upkeep\n|\n|t:|1739746892\n|switch|p1a: Raichu|Raichu, L50, F|100\/100\n|turn|4\n|\n|t:|1739746898\n|move|p1a: Raichu|Fake Out|p2a: Zamazenta\n|-resisted|p2a: Zamazenta\n|-damage|p2a: Zamazenta|24\/100\n|move|p2b: Chien-Pao|Sacred Sword|p1b: Gholdengo\n|-supereffective|p1b: Gholdengo\n|-damage|p1b: Gholdengo|4\/100\n|cant|p2a: Zamazenta|flinch\n|move|p1b: Gholdengo|Make It Rain|p2a: Zamazenta|[spread] p2a,p2b\n|-resisted|p2a: Zamazenta\n|-supereffective|p2b: Chien-Pao\n|-damage|p2a: Zamazenta|0 fnt\n|-enditem|p2b: Chien-Pao|Focus Sash\n|-damage|p2b: Chien-Pao|1\/100\n|-unboost|p1b: Gholdengo|spa|1\n|faint|p2a: Zamazenta\n|\n|-heal|p1b: Gholdengo|10\/100|[from] item: Leftovers\n|upkeep\n|\n|t:|1739746901\n|switch|p2a: Entei|Entei, L50|100\/100\n|turn|5\n|\n|t:|1739746918\n|switch|p1b: Politoed|Politoed, L50, F|100\/100\n|-weather|RainDance|[from] ability: Drizzle|[of] p1b: Politoed\n|-terastallize|p2a: Entei|Normal\n|move|p2a: Entei|Extreme Speed|p1b: Politoed\n|-damage|p1b: Politoed|13\/100\n|move|p2b: Chien-Pao|Icicle Crash|p1a: Raichu\n|-damage|p1a: Raichu|11\/100\n|cant|p1a: Raichu|flinch\n|\n|-weather|RainDance|[upkeep]\n|upkeep\n|turn|6\n|-message|parrotboy forfeited.\n|\n|win|Spottedwoot\n|raw|parrotboy's rating: 1609 &rarr; <strong>1594<\/strong><br \/>(-15 for losing)\n|raw|Spottedwoot's rating: 1693 &rarr; <strong>1708<\/strong><br \/>(+15 for winning)\n|l|\u2606parrotboy\n|player|p1|\n|l|\u2606Spottedwoot\n|player|p2|\n","uploadtime":1739746934,"views":58,"formatid":"gen9vgc2025regg","rating":1594,"private":0,"password":null}