{"id":"gen9vgc2025regg-2302915457","format":"[Gen 9] VGC 2025 Reg G","players":["aoiharada","Zakmancho"],"log":"|j|\u2606aoiharada\n|j|\u2606Zakmancho\n|t:|1739855555\n|gametype|doubles\n|player|p1|aoiharada|169|1669\n|player|p2|Zakmancho|170|1608\n|teamsize|p1|6\n|teamsize|p2|6\n|gen|9\n|tier|[Gen 9] VGC 2025 Reg G\n|rated|\n|rule|Species Clause: Limit one of each Pok\u00e9mon\n|rule|Item Clause: Limit 1 of each item\n|clearpoke\n|poke|p1|Kyogre, L50|\n|poke|p1|Rillaboom, L50, F|\n|poke|p1|Incineroar, L50, F|\n|poke|p1|Amoonguss, L50, F|\n|poke|p1|Urshifu-*, L50, M|\n|poke|p1|Roaring Moon, L50|\n|poke|p2|Koraidon, L50|\n|poke|p2|Chi-Yu, L50|\n|poke|p2|Flutter Mane, L50|\n|poke|p2|Ogerpon-Cornerstone, L50, F|\n|poke|p2|Raging Bolt, L50|\n|poke|p2|Whimsicott, L50, M|\n|teampreview|4\n|inactive|Battle timer is ON: inactive players will automatically lose when time's up. (requested by Zakmancho)\n|inactive|aoiharada has 60 seconds left.\n|inactive|Zakmancho has 60 seconds left.\n|inactive|Zakmancho has 30 seconds left.\n|\n|t:|1739855620\n|start\n|switch|p1a: Kyogre|Kyogre, L50|100\/100\n|switch|p1b: Rillaboom|Rillaboom, L50, F|100\/100\n|switch|p2a: Whimsicott|Whimsicott, L50, M|100\/100\n|switch|p2b: Raging Bolt|Raging Bolt, L50|100\/100\n|-weather|RainDance|[from] ability: Drizzle|[of] p1a: Kyogre\n|-fieldstart|move: Grassy Terrain|[from] ability: Grassy Surge|[of] p1b: Rillaboom\n|turn|1\n|inactive|aoiharada has 30 seconds left.\n|\n|t:|1739855647\n|move|p1b: Rillaboom|Fake Out|p2b: Raging Bolt\n|-damage|p2b: Raging Bolt|92\/100\n|move|p2a: Whimsicott|Tailwind|p2a: Whimsicott\n|-sidestart|p2: Zakmancho|move: Tailwind\n|cant|p2b: Raging Bolt|flinch\n|move|p1a: Kyogre|Ice Beam|p2a: Whimsicott\n|-supereffective|p2a: Whimsicott\n|-enditem|p2a: Whimsicott|Focus Sash\n|-damage|p2a: Whimsicott|1\/100\n|\n|-weather|RainDance|[upkeep]\n|-heal|p2a: Whimsicott|7\/100|[from] Grassy Terrain\n|-heal|p2b: Raging Bolt|98\/100|[from] Grassy Terrain\n|upkeep\n|turn|2\n|inactive|Zakmancho has 30 seconds left.\n|\n|t:|1739855676\n|switch|p1a: Amoonguss|Amoonguss, L50, F|100\/100\n|move|p2a: Whimsicott|Encore|p1b: Rillaboom\n|-start|p1b: Rillaboom|Encore\n|move|p2b: Raging Bolt|Electroweb|p1b: Rillaboom|[spread] p1a,p1b\n|-resisted|p1a: Amoonguss\n|-resisted|p1b: Rillaboom\n|-damage|p1a: Amoonguss|91\/100\n|-damage|p1b: Rillaboom|95\/100\n|-unboost|p1a: Amoonguss|spe|1\n|-unboost|p1b: Rillaboom|spe|1\n|move|p1b: Rillaboom|Fake Out||[still]\n|-hint|Fake Out only works on your first turn out.\n|-fail|p1b: Rillaboom\n|\n|-weather|RainDance|[upkeep]\n|-heal|p2a: Whimsicott|13\/100|[from] Grassy Terrain\n|-heal|p2b: Raging Bolt|100\/100|[from] Grassy Terrain\n|-heal|p1b: Rillaboom|100\/100|[from] Grassy Terrain\n|-heal|p1a: Amoonguss|96\/100|[from] Grassy Terrain\n|upkeep\n|turn|3\n|\n|t:|1739855694\n|switch|p1b: Kyogre|Kyogre, L50|100\/100\n|move|p2a: Whimsicott|Endeavor|p1a: Amoonguss\n|-damage|p1a: Amoonguss|8\/100\n|-damage|p2a: Whimsicott|0 fnt|[from] item: Rocky Helmet|[of] p1a: Amoonguss\n|faint|p2a: Whimsicott\n|move|p2b: Raging Bolt|Electroweb|p1a: Amoonguss|[spread] p1a,p1b\n|-resisted|p1a: Amoonguss\n|-supereffective|p1b: Kyogre\n|-damage|p1a: Amoonguss|0 fnt\n|-damage|p1b: Kyogre|69\/100\n|-unboost|p1b: Kyogre|spe|1\n|faint|p1a: Amoonguss\n|\n|-weather|RainDance|[upkeep]\n|-heal|p1b: Kyogre|76\/100|[from] Grassy Terrain\n|-heal|p1b: Kyogre|82\/100|[from] item: Leftovers\n|upkeep\n|\n|t:|1739855708\n|switch|p2a: Koraidon|Koraidon, L50|100\/100\n|switch|p1a: Incineroar|Incineroar, L50, F|100\/100\n|-weather|SunnyDay|[from] ability: Orichalcum Pulse|[of] p2a: Koraidon\n|-activate|p2b: Raging Bolt|ability: Protosynthesis\n|-start|p2b: Raging Bolt|protosynthesisspa\n|-activate|p2a: Koraidon|Orichalcum Pulse|[source]\n|turn|4\n|\n|t:|1739855737\n|-terastallize|p2a: Koraidon|Fire\n|move|p1a: Incineroar|Fake Out|p2b: Raging Bolt\n|-damage|p2b: Raging Bolt|94\/100\n|move|p2a: Koraidon|Collision Course|p1a: Incineroar\n|-supereffective|p1a: Incineroar\n|-damage|p1a: Incineroar|0 fnt\n|faint|p1a: Incineroar\n|cant|p2b: Raging Bolt|flinch\n|move|p1b: Kyogre|Calm Mind|p1b: Kyogre\n|-boost|p1b: Kyogre|spa|1\n|-boost|p1b: Kyogre|spd|1\n|\n|-weather|SunnyDay|[upkeep]\n|-heal|p2b: Raging Bolt|99\/100|[from] Grassy Terrain\n|-heal|p1b: Kyogre|88\/100|[from] Grassy Terrain\n|-heal|p1b: Kyogre|94\/100|[from] item: Leftovers\n|-sideend|p2: Zakmancho|move: Tailwind\n|upkeep\n|\n|t:|1739855746\n|switch|p1a: Rillaboom|Rillaboom, L50, F|100\/100\n|turn|5\n|\n|t:|1739855765\n|move|p1a: Rillaboom|Fake Out|p2a: Koraidon\n|-damage|p2a: Koraidon|90\/100\n|move|p2a: Koraidon|Flare Blitz|p1a: Rillaboom\n|-supereffective|p1a: Rillaboom\n|-damage|p1a: Rillaboom|0 fnt\n|faint|p1a: Rillaboom\n|-damage|p2a: Koraidon|51\/100|[from] Recoil\n|move|p2b: Raging Bolt|Thunderbolt|p1b: Kyogre\n|-supereffective|p1b: Kyogre\n|-damage|p1b: Kyogre|37\/100\n|move|p1b: Kyogre|Calm Mind|p1b: Kyogre\n|-boost|p1b: Kyogre|spa|1\n|-boost|p1b: Kyogre|spd|1\n|\n|-weather|SunnyDay|[upkeep]\n|-heal|p2a: Koraidon|57\/100|[from] Grassy Terrain\n|-heal|p2b: Raging Bolt|100\/100|[from] Grassy Terrain\n|-heal|p1b: Kyogre|44\/100|[from] Grassy Terrain\n|-heal|p1b: Kyogre|50\/100|[from] item: Leftovers\n|-fieldend|move: Grassy Terrain\n|upkeep\n|turn|6\n|-message|aoiharada forfeited.\n|\n|win|Zakmancho\n|raw|aoiharada's rating: 1669 &rarr; <strong>1646<\/strong><br \/>(-23 for losing)\n|raw|Zakmancho's rating: 1608 &rarr; <strong>1631<\/strong><br \/>(+23 for winning)\n|l|\u2606aoiharada\n|player|p1|\n|l|\u2606Zakmancho\n|player|p2|\n","uploadtime":1739856047,"views":5,"formatid":"gen9vgc2025regg","rating":1631,"private":0,"password":null}