{"id":"gen9vgc2025regg-2302761476","format":"[Gen 9] VGC 2025 Reg G","players":["zhz2021","parrotboy"],"log":"|j|\u2606zhz2021\n|j|\u2606parrotboy\n|t:|1739834828\n|gametype|doubles\n|player|p1|zhz2021|marley|1616\n|player|p2|parrotboy|hiker-gen4|1672\n|teamsize|p1|6\n|teamsize|p2|6\n|gen|9\n|tier|[Gen 9] VGC 2025 Reg G\n|rated|\n|rule|Species Clause: Limit one of each Pok\u00e9mon\n|rule|Item Clause: Limit 1 of each item\n|clearpoke\n|poke|p1|Smeargle, L50, M|\n|poke|p1|Urshifu-*, L50, M|\n|poke|p1|Bruxish, L50, F|\n|poke|p1|Calyrex-Ice, L50|\n|poke|p1|Tsareena, L50, F|\n|poke|p1|Tornadus, L50, M|\n|poke|p2|Zacian-*, L50|\n|poke|p2|Iron Valiant, L50|\n|poke|p2|Raichu, L50, M|\n|poke|p2|Politoed, L50, M|\n|poke|p2|Landorus, L50, M|\n|poke|p2|Kingambit, L50, F|\n|teampreview|4\n|inactive|Battle timer is ON: inactive players will automatically lose when time's up. (requested by zhz2021)\n|\n|t:|1739834862\n|start\n|switch|p1a: Smeargle|Smeargle, L50, M|100\/100\n|switch|p1b: Bruxish|Bruxish, L50, F|100\/100\n|switch|p2a: Zacian|Zacian-Crowned, L50|100\/100\n|switch|p2b: Iron Valiant|Iron Valiant, L50|100\/100\n|-ability|p2a: Zacian|Intrepid Sword|boost\n|-boost|p2a: Zacian|atk|1\n|-enditem|p2b: Iron Valiant|Booster Energy\n|-activate|p2b: Iron Valiant|ability: Quark Drive|[fromitem]\n|-start|p2b: Iron Valiant|quarkdrivespe\n|turn|1\n|\n|t:|1739834885\n|move|p2a: Zacian|Protect|p2a: Zacian\n|-singleturn|p2a: Zacian|Protect\n|move|p1a: Smeargle|Fake Out|p2a: Zacian\n|-activate|p2a: Zacian|move: Protect\n|move|p2b: Iron Valiant|Coaching|p2a: Zacian\n|-boost|p2a: Zacian|atk|1\n|-boost|p2a: Zacian|def|1\n|move|p1b: Bruxish|Trick Room|p1b: Bruxish\n|-fieldstart|move: Trick Room|[of] p1b: Bruxish\n|\n|-ability|p1a: Smeargle|Moody|boost\n|-boost|p1a: Smeargle|spa|2\n|-unboost|p1a: Smeargle|spd|1\n|-enditem|p1a: Smeargle|Eject Pack\n|upkeep\n|j| NanshanVGC\n|\n|t:|1739834895\n|switch|p1a: Calyrex|Calyrex-Ice, L50|100\/100\n|-ability|p1a: Calyrex|As One\n|-ability|p1a: Calyrex|Unnerve\n|turn|2\n|\n|t:|1739834908\n|-terastallize|p1a: Calyrex|Fire\n|-terastallize|p2a: Zacian|Grass\n|move|p2b: Iron Valiant|Wide Guard|p2b: Iron Valiant\n|-singleturn|p2b: Iron Valiant|Wide Guard\n|move|p1b: Bruxish|Super Fang|p2a: Zacian\n|-damage|p2a: Zacian|51\/100\n|move|p1a: Calyrex|High Horsepower|p2a: Zacian\n|-resisted|p2a: Zacian\n|-damage|p2a: Zacian|39\/100\n|move|p2a: Zacian|Behemoth Blade|p1a: Calyrex\n|-resisted|p1a: Calyrex\n|-damage|p1a: Calyrex|58\/100\n|\n|upkeep\n|turn|3\n|inactive|parrotboy has 30 seconds left.\n|\n|t:|1739834935\n|move|p1a: Calyrex|Protect|p1a: Calyrex\n|-singleturn|p1a: Calyrex|Protect\n|move|p2a: Zacian|Protect|p2a: Zacian\n|-singleturn|p2a: Zacian|Protect\n|move|p1b: Bruxish|Psychic Fangs|p2b: Iron Valiant\n|-supereffective|p2b: Iron Valiant\n|-damage|p2b: Iron Valiant|11\/100\n|move|p2b: Iron Valiant|Coaching|p2a: Zacian\n|-boost|p2a: Zacian|atk|1\n|-boost|p2a: Zacian|def|1\n|\n|upkeep\n|turn|4\n|\n|t:|1739834949\n|move|p2b: Iron Valiant|Wide Guard|p2b: Iron Valiant\n|-singleturn|p2b: Iron Valiant|Wide Guard\n|move|p1b: Bruxish|Psychic Fangs|p2a: Zacian\n|-damage|p2a: Zacian|19\/100\n|move|p1a: Calyrex|High Horsepower|p2a: Zacian\n|-resisted|p2a: Zacian\n|-damage|p2a: Zacian|8\/100\n|move|p2a: Zacian|Behemoth Blade|p1a: Calyrex\n|-resisted|p1a: Calyrex\n|-damage|p1a: Calyrex|6\/100\n|\n|upkeep\n|turn|5\n|\n|t:|1739834973\n|switch|p1a: Smeargle|Smeargle, L50, M|100\/100\n|-end|p2b: Iron Valiant|Quark Drive|[silent]\n|switch|p2b: Kingambit|Kingambit, L50, F|100\/100\n|move|p2a: Zacian|Protect|p2a: Zacian\n|-singleturn|p2a: Zacian|Protect\n|move|p1b: Bruxish|Psychic Fangs|p2a: Zacian\n|-activate|p2a: Zacian|move: Protect\n|\n|-fieldend|move: Trick Room\n|-ability|p1a: Smeargle|Moody|boost\n|-boost|p1a: Smeargle|spd|2\n|-unboost|p1a: Smeargle|def|1\n|upkeep\n|turn|6\n|\n|t:|1739834997\n|move|p1a: Smeargle|Follow Me|p1a: Smeargle\n|-singleturn|p1a: Smeargle|move: Follow Me\n|move|p2a: Zacian|Tera Blast|p1a: Smeargle|[anim] Tera Blast Grass\n|-damage|p1a: Smeargle|0 fnt\n|faint|p1a: Smeargle\n|move|p1b: Bruxish|Psychic Fangs|p2a: Zacian\n|-damage|p2a: Zacian|0 fnt\n|faint|p2a: Zacian\n|move|p2b: Kingambit|Kowtow Cleave|p1b: Bruxish\n|-supereffective|p1b: Bruxish\n|-enditem|p1b: Bruxish|Focus Sash\n|-damage|p1b: Bruxish|1\/100\n|\n|upkeep\n|\n|t:|1739835011\n|switch|p2a: Landorus|Landorus, L50, M|100\/100\n|switch|p1a: Urshifu|Urshifu, L50, M|100\/100\n|turn|7\n|inactive|zhz2021 has 30 seconds left.\n|\n|t:|1739835036\n|move|p2a: Landorus|Sludge Bomb|p1b: Bruxish\n|-damage|p1b: Bruxish|0 fnt\n|faint|p1b: Bruxish\n|move|p1a: Urshifu|Close Combat|p2b: Kingambit\n|-supereffective|p2b: Kingambit\n|-crit|p2b: Kingambit\n|-damage|p2b: Kingambit|0 fnt\n|-unboost|p1a: Urshifu|def|1\n|-unboost|p1a: Urshifu|spd|1\n|faint|p2b: Kingambit\n|\n|upkeep\n|-message|zhz2021 forfeited.\n|\n|win|parrotboy\n|raw|zhz2021's rating: 1616 &rarr; <strong>1599<\/strong><br \/>(-17 for losing)\n|raw|parrotboy's rating: 1672 &rarr; <strong>1689<\/strong><br \/>(+17 for winning)\n|l|\u2606zhz2021\n|player|p1|\n|l|\u2606parrotboy\n|player|p2|\n|l| NanshanVGC\n","uploadtime":1739835259,"views":9,"formatid":"gen9vgc2025regg","rating":1599,"private":0,"password":null}