{"id":"gen9vgc2025regg-2302839491","format":"[Gen 9] VGC 2025 Reg G","players":["GubbsVGC","chappell murkroan"],"log":"|j|\u2606GubbsVGC\n|j|\u2606chappell murkroan\n|t:|1739844662\n|gametype|doubles\n|player|p1|GubbsVGC|266|1603\n|player|p2|chappell murkroan|caitlin|1679\n|teamsize|p1|6\n|teamsize|p2|6\n|gen|9\n|tier|[Gen 9] VGC 2025 Reg G\n|rated|\n|rule|Species Clause: Limit one of each Pok\u00e9mon\n|rule|Item Clause: Limit 1 of each item\n|clearpoke\n|poke|p1|Kyogre, L50|\n|poke|p1|Tsareena, L50, F|\n|poke|p1|Tornadus, L50, M|\n|poke|p1|Incineroar, L50, F|\n|poke|p1|Urshifu-*, L50, F|\n|poke|p1|Raging Bolt, L50|\n|poke|p2|Iron Moth, L50|\n|poke|p2|Iron Crown, L50|\n|poke|p2|Miraidon, L50|\n|poke|p2|Whimsicott, L50, M|\n|poke|p2|Urshifu-*, L50, M|\n|poke|p2|Kingambit, L50, M|\n|teampreview|4\n|inactive|Battle timer is ON: inactive players will automatically lose when time's up. (requested by chappell murkroan)\n|inactive|GubbsVGC has 60 seconds left.\n|\n|t:|1739844700\n|start\n|switch|p1a: Incineroar|Incineroar, L50, F|100\/100\n|switch|p1b: Urshifu|Urshifu, L50, F|100\/100\n|switch|p2a: Miraidon|Miraidon, L50|100\/100\n|switch|p2b: Whimsicott|Whimsicott, L50, M|100\/100\n|-fieldstart|move: Electric Terrain|[from] ability: Hadron Engine|[of] p2a: Miraidon\n|-ability|p1a: Incineroar|Intimidate|boost\n|-unboost|p2a: Miraidon|atk|1\n|-unboost|p2b: Whimsicott|atk|1\n|turn|1\n|\n|t:|1739844714\n|move|p1a: Incineroar|Fake Out|p2a: Miraidon\n|-damage|p2a: Miraidon|90\/100\n|move|p2a: Miraidon|Volt Switch|p1b: Urshifu\n|-enditem|p1b: Urshifu|Focus Sash\n|-damage|p1b: Urshifu|1\/100\n|\n|t:|1739844722\n|switch|p2a: Iron Moth|Iron Moth, L50|100\/100|[from] Volt Switch\n|-activate|p2a: Iron Moth|ability: Quark Drive\n|-start|p2a: Iron Moth|quarkdrivespe\n|move|p2b: Whimsicott|Moonblast|p1b: Urshifu\n|-supereffective|p1b: Urshifu\n|-damage|p1b: Urshifu|0 fnt\n|faint|p1b: Urshifu\n|\n|upkeep\n|\n|t:|1739844733\n|switch|p1b: Kyogre|Kyogre, L50|100\/100\n|-weather|RainDance|[from] ability: Drizzle|[of] p1b: Kyogre\n|turn|2\n|\n|t:|1739844750\n|move|p2b: Whimsicott|Protect|p2b: Whimsicott\n|-singleturn|p2b: Whimsicott|Protect\n|move|p2a: Iron Moth|Sludge Wave|p1b: Kyogre|[spread] p1a,p1b\n|-activate|p2b: Whimsicott|move: Protect\n|-damage|p1a: Incineroar|57\/100\n|-damage|p1b: Kyogre|59\/100\n|move|p1b: Kyogre|Origin Pulse|p2b: Whimsicott|[spread] p2a\n|-activate|p2b: Whimsicott|move: Protect\n|-supereffective|p2a: Iron Moth\n|-damage|p2a: Iron Moth|0 fnt\n|faint|p2a: Iron Moth\n|-end|p2a: Iron Moth|Quark Drive|[silent]\n|move|p1a: Incineroar|Parting Shot|p2b: Whimsicott\n|-activate|p2b: Whimsicott|move: Protect\n|\n|-weather|RainDance|[upkeep]\n|upkeep\n|\n|t:|1739844763\n|switch|p2a: Miraidon|Miraidon, L50|90\/100\n|-activate|p2a: Miraidon|ability: Hadron Engine\n|turn|3\n|\n|t:|1739844777\n|switch|p1b: Raging Bolt|Raging Bolt, L50|100\/100\n|-terastallize|p1a: Incineroar|Grass\n|move|p2a: Miraidon|Draco Meteor|p1b: Raging Bolt|[miss]\n|-miss|p2a: Miraidon|p1b: Raging Bolt\n|move|p2b: Whimsicott|Moonblast|p1b: Raging Bolt\n|-supereffective|p1b: Raging Bolt\n|-damage|p1b: Raging Bolt|32\/100\n|-unboost|p1b: Raging Bolt|spa|1\n|move|p1a: Incineroar|Knock Off|p2a: Miraidon\n|-damage|p2a: Miraidon|53\/100\n|-enditem|p2a: Miraidon|Covert Cloak|[from] move: Knock Off|[of] p1a: Incineroar\n|\n|-weather|RainDance|[upkeep]\n|upkeep\n|turn|4\n|\n|t:|1739844801\n|move|p2a: Miraidon|Draco Meteor|p1a: Incineroar\n|-damage|p1a: Incineroar|0 fnt\n|-unboost|p2a: Miraidon|spa|2\n|faint|p1a: Incineroar\n|move|p2b: Whimsicott|Moonblast|p1b: Raging Bolt\n|-supereffective|p1b: Raging Bolt\n|-damage|p1b: Raging Bolt|0 fnt\n|faint|p1b: Raging Bolt\n|-end|p1b: Raging Bolt|Protosynthesis|[silent]\n|\n|-weather|RainDance|[upkeep]\n|upkeep\n|\n|t:|1739844813\n|switch|p1b: Kyogre|Kyogre, L50|59\/100\n|turn|5\n|\n|t:|1739844817\n|move|p1b: Kyogre|Origin Pulse|p2b: Whimsicott|[spread] p2a,p2b\n|-resisted|p2a: Miraidon\n|-resisted|p2b: Whimsicott\n|-damage|p2a: Miraidon|18\/100\n|-damage|p2b: Whimsicott|42\/100\n|move|p2a: Miraidon|Volt Switch|p1b: Kyogre\n|-supereffective|p1b: Kyogre\n|-damage|p1b: Kyogre|7\/100\n|\n|t:|1739844824\n|switch|p2a: Iron Crown|Iron Crown, L50|100\/100|[from] Volt Switch\n|-activate|p2a: Iron Crown|ability: Quark Drive\n|-start|p2a: Iron Crown|quarkdrivespe\n|move|p2b: Whimsicott|Moonblast|p1b: Kyogre\n|-damage|p1b: Kyogre|0 fnt\n|faint|p1b: Kyogre\n|\n|win|chappell murkroan\n|raw|GubbsVGC's rating: 1603 &rarr; <strong>1587<\/strong><br \/>(-16 for losing)\n|raw|chappell murkroan's rating: 1679 &rarr; <strong>1695<\/strong><br \/>(+16 for winning)\n|l|\u2606chappell murkroan\n|player|p2|\n|l|\u2606GubbsVGC\n|player|p1|\n","uploadtime":1739844987,"views":9,"formatid":"gen9vgc2025regg","rating":1587,"private":0,"password":null}