{"id":"gen9vgc2025regg-2302869531","format":"[Gen 9] VGC 2025 Reg G","players":["longhq","ssbutan"],"log":"|j|\u203dlonghq\n|j|\u2606ssbutan\n|t:|1739848603\n|gametype|doubles\n|player|p1|longhq|dawn|1614\n|player|p2|ssbutan|camper|1600\n|teamsize|p1|6\n|teamsize|p2|6\n|gen|9\n|tier|[Gen 9] VGC 2025 Reg G\n|rated|\n|rule|Species Clause: Limit one of each Pok\u00e9mon\n|rule|Item Clause: Limit 1 of each item\n|clearpoke\n|poke|p1|Koraidon, L50|\n|poke|p1|Jumpluff, L50, F|\n|poke|p1|Iron Bundle, L50|\n|poke|p1|Volcarona, L50, F|\n|poke|p1|Flutter Mane, L50|\n|poke|p1|Ursaluna, L50, F|\n|poke|p2|Calyrex-Ice, L50|\n|poke|p2|Cresselia, L50, F|\n|poke|p2|Rillaboom, L50, F|\n|poke|p2|Urshifu-*, L50, M|\n|poke|p2|Flutter Mane, L50|\n|poke|p2|Sandy Shocks, L50|\n|teampreview|4\n|inactive|Battle timer is ON: inactive players will automatically lose when time's up. (requested by ssbutan)\n|inactive|longhq has 60 seconds left.\n|inactive|ssbutan has 60 seconds left.\n|j| Samevgcmons\n|j| NanshanVGC\n|inactive|longhq has 30 seconds left.\n|inactive|ssbutan has 30 seconds left.\n|inactive|longhq has 20 seconds left.\n|inactive|longhq has 15 seconds left.\n|inactive|longhq has 10 seconds left.\n|\n|t:|1739848687\n|start\n|switch|p1a: Iron Bundle|Iron Bundle, L50|100\/100\n|switch|p1b: Koraidon|Koraidon, L50|100\/100\n|switch|p2a: Flutter Mane|Flutter Mane, L50|100\/100\n|switch|p2b: Sandy Shocks|Sandy Shocks, L50|100\/100\n|-weather|SunnyDay|[from] ability: Orichalcum Pulse|[of] p1b: Koraidon\n|-activate|p2a: Flutter Mane|ability: Protosynthesis\n|-start|p2a: Flutter Mane|protosynthesisspe\n|-activate|p2b: Sandy Shocks|ability: Protosynthesis\n|-start|p2b: Sandy Shocks|protosynthesisspe\n|-activate|p1b: Koraidon|Orichalcum Pulse|[source]\n|-enditem|p1a: Iron Bundle|Booster Energy\n|-activate|p1a: Iron Bundle|ability: Quark Drive|[fromitem]\n|-start|p1a: Iron Bundle|quarkdrivespe\n|turn|1\n|inactive|longhq has 30 seconds left.\n|inactive|ssbutan has 30 seconds left.\n|inactive|ssbutan has 20 seconds left.\n|j| 413XP\n|inactive|longhq has 20 seconds left.\n|\n|t:|1739848729\n|-terastallize|p1b: Koraidon|Fire\n|move|p1a: Iron Bundle|Icy Wind|p2b: Sandy Shocks|[spread] p2a,p2b\n|-supereffective|p2b: Sandy Shocks\n|-damage|p2a: Flutter Mane|80\/100\n|-damage|p2b: Sandy Shocks|57\/100\n|-unboost|p2a: Flutter Mane|spe|1\n|move|p2b: Sandy Shocks|Thunderbolt|p1a: Iron Bundle\n|-supereffective|p1a: Iron Bundle\n|-damage|p1a: Iron Bundle|0 fnt\n|faint|p1a: Iron Bundle\n|-end|p1a: Iron Bundle|Quark Drive|[silent]\n|move|p1b: Koraidon|Flare Blitz|p2b: Sandy Shocks\n|-damage|p2b: Sandy Shocks|0 fnt\n|faint|p2b: Sandy Shocks\n|-end|p2b: Sandy Shocks|Protosynthesis|[silent]\n|-damage|p1b: Koraidon|80\/100|[from] Recoil\n|move|p2a: Flutter Mane|Dazzling Gleam|p1b: Koraidon\n|-resisted|p1b: Koraidon\n|-damage|p1b: Koraidon|62\/100\n|\n|-weather|SunnyDay|[upkeep]\n|upkeep\n|\n|t:|1739848752\n|switch|p1a: Volcarona|Volcarona, L50, F|100\/100\n|switch|p2b: Calyrex|Calyrex-Ice, L50|100\/100\n|-ability|p2b: Calyrex|As One\n|-ability|p2b: Calyrex|Unnerve\n|turn|2\n|inactive|ssbutan has 30 seconds left.\n|\n|t:|1739848782\n|-terastallize|p2b: Calyrex|Fairy\n|move|p1b: Koraidon|Flare Blitz|p2a: Flutter Mane\n|-damage|p2a: Flutter Mane|0 fnt\n|faint|p2a: Flutter Mane\n|-end|p2a: Flutter Mane|Protosynthesis|[silent]\n|-damage|p1b: Koraidon|41\/100|[from] Recoil\n|move|p1a: Volcarona|Quiver Dance|p1a: Volcarona\n|-boost|p1a: Volcarona|spa|1\n|-boost|p1a: Volcarona|spd|1\n|-boost|p1a: Volcarona|spe|1\n|move|p2b: Calyrex|Leech Seed|p1a: Volcarona\n|-start|p1a: Volcarona|move: Leech Seed\n|\n|-weather|SunnyDay|[upkeep]\n|-damage|p1a: Volcarona|88\/100|[from] Leech Seed|[of] p2b: Calyrex\n|upkeep\n|\n|t:|1739848797\n|switch|p2a: Cresselia|Cresselia, L50, F|100\/100\n|turn|3\n|\n|t:|1739848812\n|move|p1b: Koraidon|Flare Blitz|p2a: Cresselia\n|-damage|p2a: Cresselia|0 fnt\n|faint|p2a: Cresselia\n|-damage|p1b: Koraidon|0 fnt|[from] Recoil\n|faint|p1b: Koraidon\n|move|p1a: Volcarona|Heat Wave|p2b: Calyrex\n|-damage|p2b: Calyrex|34\/100\n|move|p2b: Calyrex|Glacial Lance|p1a: Volcarona\n|-resisted|p1a: Volcarona\n|-damage|p1a: Volcarona|60\/100\n|\n|-weather|SunnyDay|[upkeep]\n|-heal|p2b: Calyrex|40\/100|[from] item: Leftovers\n|-damage|p1a: Volcarona|47\/100|[from] Leech Seed|[of] p2b: Calyrex\n|-heal|p2b: Calyrex|51\/100|[silent]\n|upkeep\n|\n|t:|1739848816\n|switch|p1b: Ursaluna|Ursaluna, L50, F|100\/100\n|turn|4\n|l| Samevgcmons\n|inactive|ssbutan has 30 seconds left.\n|inactive|ssbutan has 20 seconds left.\n|\n|t:|1739848852\n|move|p2b: Calyrex|Protect|p2b: Calyrex\n|-singleturn|p2b: Calyrex|Protect\n|move|p1b: Ursaluna|Protect|p1b: Ursaluna\n|-singleturn|p1b: Ursaluna|Protect\n|move|p1a: Volcarona|Morning Sun|p1a: Volcarona\n|-heal|p1a: Volcarona|100\/100\n|\n|-weather|SunnyDay|[upkeep]\n|-heal|p2b: Calyrex|57\/100|[from] item: Leftovers\n|-damage|p1a: Volcarona|88\/100|[from] Leech Seed|[of] p2b: Calyrex\n|-heal|p2b: Calyrex|69\/100|[silent]\n|-status|p1b: Ursaluna|brn|[from] item: Flame Orb\n|upkeep\n|turn|5\n|\n|t:|1739848867\n|move|p1a: Volcarona|Heat Wave|p2b: Calyrex\n|-damage|p2b: Calyrex|0 fnt\n|faint|p2b: Calyrex\n|\n|win|longhq\n|raw|longhq's rating: 1614 &rarr; <strong>1633<\/strong><br \/>(+19 for winning)\n|raw|ssbutan's rating: 1600 &rarr; <strong>1581<\/strong><br \/>(-19 for losing)\n|l|\u203dlonghq\n|player|p1|\n|l|\u2606ssbutan\n|player|p2|\n","uploadtime":1739849013,"views":8,"formatid":"gen9vgc2025regg","rating":1581,"private":0,"password":null}