{"id":"gen9vgc2025regg-2302917728","format":"[Gen 9] VGC 2025 Reg G","players":["Terry kloak","Zakmancho"],"log":"|j|\u2606Terry kloak\n|j|\u2606Zakmancho\n|t:|1739855947\n|gametype|doubles\n|player|p1|Terry kloak|266|1558\n|player|p2|Zakmancho|170|1644\n|teamsize|p1|6\n|teamsize|p2|6\n|gen|9\n|tier|[Gen 9] VGC 2025 Reg G\n|rated|\n|rule|Species Clause: Limit one of each Pok\u00e9mon\n|rule|Item Clause: Limit 1 of each item\n|clearpoke\n|poke|p1|Zacian-*, L50|\n|poke|p1|Whimsicott, L50, M|\n|poke|p1|Milotic, L50, M|\n|poke|p1|Raging Bolt, L50|\n|poke|p1|Landorus, L50, M|\n|poke|p1|Incineroar, L50, F|\n|poke|p2|Koraidon, L50|\n|poke|p2|Chi-Yu, L50|\n|poke|p2|Flutter Mane, L50|\n|poke|p2|Ogerpon-Cornerstone, L50, F|\n|poke|p2|Raging Bolt, L50|\n|poke|p2|Whimsicott, L50, M|\n|teampreview|4\n|inactive|Battle timer is ON: inactive players will automatically lose when time's up. (requested by Zakmancho)\n|inactive|Terry kloak has 60 seconds left.\n|inactive|Zakmancho has 60 seconds left.\n|\n|t:|1739855983\n|start\n|switch|p1a: Zacian|Zacian-Crowned, L50|100\/100\n|switch|p1b: Whimsicott|Whimsicott, L50, M|100\/100\n|switch|p2a: Raging Bolt|Raging Bolt, L50|100\/100\n|switch|p2b: Ogerpon|Ogerpon-Cornerstone, L50, F|100\/100\n|-ability|p1a: Zacian|Intrepid Sword|boost\n|-boost|p1a: Zacian|atk|1\n|turn|1\n|\n|t:|1739855998\n|-terastallize|p2a: Raging Bolt|Fairy\n|move|p1a: Zacian|Protect|p1a: Zacian\n|-singleturn|p1a: Zacian|Protect\n|move|p1b: Whimsicott|Light Screen|p1b: Whimsicott\n|-sidestart|p1: Terry kloak|move: Light Screen\n|move|p2b: Ogerpon|Ivy Cudgel|p1b: Whimsicott|[anim] Ivy Cudgel Rock\n|-damage|p1b: Whimsicott|41\/100\n|move|p2a: Raging Bolt|Electroweb|p1a: Zacian|[spread] p1b\n|-activate|p1a: Zacian|move: Protect\n|-resisted|p1b: Whimsicott\n|-damage|p1b: Whimsicott|31\/100\n|\n|upkeep\n|turn|2\n|inactive|Zakmancho has 30 seconds left.\n|inactive|Zakmancho has 20 seconds left.\n|inactive|Zakmancho has 15 seconds left.\n|inactive|Zakmancho has 10 seconds left.\n|\n|t:|1739856046\n|-end|p2a: Raging Bolt|Protosynthesis|[silent]\n|switch|p2a: Chi-Yu|Chi-Yu, L50|100\/100\n|-ability|p2a: Chi-Yu|Beads of Ruin\n|move|p1b: Whimsicott|Tailwind|p1b: Whimsicott\n|-sidestart|p1: Terry kloak|move: Tailwind\n|move|p1a: Zacian|Behemoth Blade|p2a: Chi-Yu\n|-resisted|p2a: Chi-Yu\n|-damage|p2a: Chi-Yu|40\/100\n|move|p2b: Ogerpon|Ivy Cudgel|p1b: Whimsicott|[anim] Ivy Cudgel Rock\n|-damage|p1b: Whimsicott|0 fnt\n|faint|p1b: Whimsicott\n|\n|upkeep\n|\n|t:|1739856060\n|switch|p1b: Landorus|Landorus, L50, M|100\/100\n|turn|3\n|inactive|Zakmancho has 30 seconds left.\n|\n|t:|1739856085\n|move|p1a: Zacian|Protect|p1a: Zacian\n|-singleturn|p1a: Zacian|Protect\n|move|p2b: Ogerpon|Follow Me|p2b: Ogerpon\n|-singleturn|p2b: Ogerpon|move: Follow Me\n|move|p1b: Landorus|Sandsear Storm|p2b: Ogerpon|[spread] p2a\n|-miss|p1b: Landorus|p2b: Ogerpon\n|-supereffective|p2a: Chi-Yu\n|-damage|p2a: Chi-Yu|0 fnt\n|faint|p2a: Chi-Yu\n|\n|upkeep\n|\n|t:|1739856096\n|switch|p2a: Koraidon|Koraidon, L50|100\/100\n|-weather|SunnyDay|[from] ability: Orichalcum Pulse|[of] p2a: Koraidon\n|-activate|p2a: Koraidon|Orichalcum Pulse|[source]\n|turn|4\n|\n|t:|1739856108\n|-terastallize|p1a: Zacian|Water\n|move|p2a: Koraidon|Protect|p2a: Koraidon\n|-singleturn|p2a: Koraidon|Protect\n|move|p2b: Ogerpon|Spiky Shield|p2b: Ogerpon\n|-singleturn|p2b: Ogerpon|move: Protect\n|move|p1b: Landorus|Sandsear Storm|p2a: Koraidon|[spread] \n|-activate|p2a: Koraidon|move: Protect\n|-activate|p2b: Ogerpon|move: Protect\n|move|p1a: Zacian|Play Rough|p2a: Koraidon\n|-activate|p2a: Koraidon|move: Protect\n|\n|-weather|SunnyDay|[upkeep]\n|upkeep\n|turn|5\n|inactive|Zakmancho has 30 seconds left.\n|\n|t:|1739856139\n|move|p2b: Ogerpon|Follow Me|p2b: Ogerpon\n|-singleturn|p2b: Ogerpon|move: Follow Me\n|move|p1b: Landorus|Sandsear Storm|p2b: Ogerpon|[spread] p2a,p2b\n|-damage|p2a: Koraidon|51\/100\n|-damage|p2b: Ogerpon|40\/100\n|move|p1a: Zacian|Behemoth Blade|p2b: Ogerpon\n|-supereffective|p2b: Ogerpon\n|-damage|p2b: Ogerpon|0 fnt\n|faint|p2b: Ogerpon\n|move|p2a: Koraidon|Flame Charge|p1b: Landorus\n|-crit|p1b: Landorus\n|-damage|p1b: Landorus|38\/100\n|-boost|p2a: Koraidon|spe|1\n|\n|-weather|SunnyDay|[upkeep]\n|-sideend|p1: Terry kloak|move: Light Screen\n|-sideend|p1: Terry kloak|move: Tailwind\n|upkeep\n|\n|t:|1739856149\n|switch|p2b: Raging Bolt|Raging Bolt, L50, tera:Fairy|100\/100\n|-activate|p2b: Raging Bolt|ability: Protosynthesis\n|-start|p2b: Raging Bolt|protosynthesisspa\n|turn|6\n|\n|t:|1739856169\n|move|p1a: Zacian|Protect|p1a: Zacian\n|-singleturn|p1a: Zacian|Protect\n|move|p2b: Raging Bolt|Thunderclap||[still]\n|-fail|p2b: Raging Bolt\n|move|p2a: Koraidon|Collision Course|p1a: Zacian\n|-activate|p1a: Zacian|move: Protect\n|move|p1b: Landorus|Sandsear Storm|p2a: Koraidon|[spread] p2a,p2b\n|-damage|p2a: Koraidon|0 fnt\n|-damage|p2b: Raging Bolt|71\/100\n|faint|p2a: Koraidon\n|\n|-weather|SunnyDay|[upkeep]\n|upkeep\n|turn|7\n|\n|t:|1739856190\n|switch|p1b: Raging Bolt|Raging Bolt, L50|100\/100\n|-activate|p1b: Raging Bolt|ability: Protosynthesis\n|-start|p1b: Raging Bolt|protosynthesisspa\n|move|p2b: Raging Bolt|Thunderclap|p1a: Zacian\n|-supereffective|p1a: Zacian\n|-damage|p1a: Zacian|16\/100\n|move|p1a: Zacian|Behemoth Blade|p2b: Raging Bolt\n|-supereffective|p2b: Raging Bolt\n|-damage|p2b: Raging Bolt|0 fnt\n|faint|p2b: Raging Bolt\n|-end|p2b: Raging Bolt|Protosynthesis|[silent]\n|\n|win|Terry kloak\n|raw|Terry kloak's rating: 1558 &rarr; <strong>1583<\/strong><br \/>(+25 for winning)\n|raw|Zakmancho's rating: 1644 &rarr; <strong>1619<\/strong><br \/>(-25 for losing)\n|l|\u2606Zakmancho\n|player|p2|\n","uploadtime":1739856457,"views":6,"formatid":"gen9vgc2025regg","rating":1583,"private":0,"password":null}