{"id":"gen9vgc2025regg-2302042194","format":"[Gen 9] VGC 2025 Reg G","players":["SamP_64","Daleg"],"log":"|j|\u2606SamP_64\n|j|\u2606Daleg\n|t:|1739739982\n|gametype|doubles\n|player|p1|SamP_64|ethan|1599\n|player|p2|Daleg|1|1598\n|teamsize|p1|6\n|teamsize|p2|6\n|gen|9\n|tier|[Gen 9] VGC 2025 Reg G\n|rated|\n|rule|Species Clause: Limit one of each Pok\u00e9mon\n|rule|Item Clause: Limit 1 of each item\n|clearpoke\n|poke|p1|Incineroar, L50, M|\n|poke|p1|Rillaboom, L50, M|\n|poke|p1|Flutter Mane, L50|\n|poke|p1|Urshifu-*, L50, M|\n|poke|p1|Terapagos, L50, M|\n|poke|p1|Amoonguss, L50, M|\n|poke|p2|Zamazenta-*, L50|\n|poke|p2|Amoonguss, L50, M|\n|poke|p2|Chien-Pao, L50|\n|poke|p2|Flutter Mane, L50|\n|poke|p2|Rillaboom, L50, F|\n|poke|p2|Chi-Yu, L50|\n|teampreview|4\n|inactive|Battle timer is ON: inactive players will automatically lose when time's up. (requested by Daleg)\n|\n|t:|1739740019\n|start\n|switch|p1a: Incineroar|Incineroar, L50, M|100\/100\n|switch|p1b: Flutter Mane|Flutter Mane, L50|100\/100\n|switch|p2a: Chi-Yu|Chi-Yu, L50|100\/100\n|switch|p2b: Zamazenta|Zamazenta-Crowned, L50|100\/100\n|-ability|p2a: Chi-Yu|Beads of Ruin\n|-ability|p2b: Zamazenta|Dauntless Shield|boost\n|-boost|p2b: Zamazenta|def|1\n|-ability|p1a: Incineroar|Intimidate|boost\n|-unboost|p2a: Chi-Yu|atk|1\n|-unboost|p2b: Zamazenta|atk|1\n|-enditem|p1b: Flutter Mane|Booster Energy\n|-activate|p1b: Flutter Mane|ability: Protosynthesis|[fromitem]\n|-start|p1b: Flutter Mane|protosynthesisspe\n|turn|1\n|inactive|Daleg has 30 seconds left.\n|inactive|Daleg has 20 seconds left.\n|\n|t:|1739740059\n|switch|p2a: Amoonguss|Amoonguss, L50, M|100\/100\n|move|p1a: Incineroar|Fake Out|p2b: Zamazenta\n|-resisted|p2b: Zamazenta\n|-damage|p2b: Zamazenta|98\/100\n|move|p1b: Flutter Mane|Thunder Wave|p2a: Amoonguss\n|-status|p2a: Amoonguss|par\n|cant|p2b: Zamazenta|flinch\n|\n|upkeep\n|turn|2\n|\n|t:|1739740079\n|-terastallize|p1a: Incineroar|Ghost\n|move|p1b: Flutter Mane|Protect|p1b: Flutter Mane\n|-singleturn|p1b: Flutter Mane|Protect\n|move|p2b: Zamazenta|Iron Defense|p2b: Zamazenta\n|-boost|p2b: Zamazenta|def|2\n|move|p1a: Incineroar|Will-O-Wisp|p2b: Zamazenta\n|-status|p2b: Zamazenta|brn\n|move|p2a: Amoonguss|Spore|p1b: Flutter Mane\n|-activate|p1b: Flutter Mane|move: Protect\n|\n|-damage|p2b: Zamazenta|92\/100 brn|[from] brn\n|upkeep\n|turn|3\n|inactive|SamP_64 has 30 seconds left.\n|inactive|Daleg has 30 seconds left.\n|inactive|SamP_64 has 20 seconds left.\n|\n|t:|1739740118\n|move|p1b: Flutter Mane|Icy Wind|p2a: Amoonguss|[spread] p2a,p2b\n|-supereffective|p2a: Amoonguss\n|-resisted|p2b: Zamazenta\n|-damage|p2a: Amoonguss|78\/100 par\n|-damage|p2b: Zamazenta|88\/100 brn\n|-unboost|p2a: Amoonguss|spe|1\n|-unboost|p2b: Zamazenta|spe|1\n|move|p2b: Zamazenta|Iron Defense|p2b: Zamazenta\n|-boost|p2b: Zamazenta|def|2\n|move|p1a: Incineroar|Knock Off|p2a: Amoonguss\n|-damage|p2a: Amoonguss|50\/100 par\n|-damage|p1a: Incineroar|84\/100|[from] item: Rocky Helmet|[of] p2a: Amoonguss\n|-enditem|p2a: Amoonguss|Rocky Helmet|[from] move: Knock Off|[of] p1a: Incineroar\n|move|p2a: Amoonguss|Spore|p1b: Flutter Mane\n|-status|p1b: Flutter Mane|slp|[from] move: Spore\n|\n|-damage|p2b: Zamazenta|82\/100 brn|[from] brn\n|upkeep\n|turn|4\n|inactive|SamP_64 has 30 seconds left.\n|inactive|Daleg has 30 seconds left.\n|\n|t:|1739740148\n|switch|p2a: Chi-Yu|Chi-Yu, L50|100\/100\n|-ability|p2a: Chi-Yu|Beads of Ruin\n|cant|p1b: Flutter Mane|slp\n|move|p2b: Zamazenta|Body Press|p1b: Flutter Mane\n|-immune|p1b: Flutter Mane\n|move|p1a: Incineroar|Knock Off|p2a: Chi-Yu\n|-resisted|p2a: Chi-Yu\n|-damage|p2a: Chi-Yu|72\/100\n|-enditem|p2a: Chi-Yu|Choice Scarf|[from] move: Knock Off|[of] p1a: Incineroar\n|\n|-damage|p2b: Zamazenta|76\/100 brn|[from] brn\n|upkeep\n|turn|5\n|\n|t:|1739740166\n|switch|p1a: Terapagos|Terapagos, L50, M|100\/100\n|-activate|p1a: Terapagos|ability: Tera Shift\n|detailschange|p1a: Terapagos|Terapagos-Terastal, L50, M\n|-heal|p1a: Terapagos|100\/100|[silent]\n|cant|p1b: Flutter Mane|slp\n|move|p2a: Chi-Yu|Dark Pulse|p1a: Terapagos\n|-activate|p1a: Terapagos|ability: Tera Shell\n|-resisted|p1a: Terapagos\n|-damage|p1a: Terapagos|75\/100\n|move|p2b: Zamazenta|Body Press|p1a: Terapagos\n|-supereffective|p1a: Terapagos\n|-damage|p1a: Terapagos|0 fnt\n|faint|p1a: Terapagos\n|\n|-damage|p2b: Zamazenta|70\/100 brn|[from] brn\n|upkeep\n|\n|t:|1739740180\n|switch|p1a: Urshifu|Urshifu-Rapid-Strike, L50, M|100\/100\n|turn|6\n|\n|t:|1739740196\n|switch|p2a: Amoonguss|Amoonguss, L50, M|84\/100 par\n|-terastallize|p2b: Zamazenta|Grass\n|cant|p1b: Flutter Mane|slp\n|move|p1a: Urshifu|Surging Strikes|p2b: Zamazenta\n|-resisted|p2b: Zamazenta\n|-crit|p2b: Zamazenta\n|-damage|p2b: Zamazenta|62\/100 brn\n|-resisted|p2b: Zamazenta\n|-crit|p2b: Zamazenta\n|-damage|p2b: Zamazenta|55\/100 brn\n|-resisted|p2b: Zamazenta\n|-crit|p2b: Zamazenta\n|-damage|p2b: Zamazenta|48\/100 brn\n|-hitcount|p2b: Zamazenta|3\n|move|p2b: Zamazenta|Body Press|p1a: Urshifu\n|-damage|p1a: Urshifu|25\/100\n|\n|-damage|p2b: Zamazenta|42\/100 brn|[from] brn\n|upkeep\n|turn|7\n|inactive|SamP_64 has 30 seconds left.\n|inactive|Daleg has 30 seconds left.\n|inactive|Daleg has 20 seconds left.\n|inactive|Daleg has 15 seconds left.\n|inactive|Daleg has 10 seconds left.\n|\n|t:|1739740241\n|switch|p1a: Incineroar|Incineroar, L50, M, tera:Ghost|84\/100\n|-ability|p1a: Incineroar|Intimidate|boost\n|-unboost|p2a: Amoonguss|atk|1\n|-unboost|p2b: Zamazenta|atk|1\n|move|p2a: Amoonguss|Rage Powder|p2a: Amoonguss\n|-singleturn|p2a: Amoonguss|move: Rage Powder\n|-curestatus|p1b: Flutter Mane|slp|[msg]\n|move|p1b: Flutter Mane|Moonblast|p2a: Amoonguss\n|-resisted|p2a: Amoonguss\n|-damage|p2a: Amoonguss|64\/100 par\n|-unboost|p2a: Amoonguss|spa|1\n|move|p2b: Zamazenta|Behemoth Bash|p1b: Flutter Mane\n|-supereffective|p1b: Flutter Mane\n|-crit|p1b: Flutter Mane\n|-damage|p1b: Flutter Mane|6\/100\n|\n|-damage|p2b: Zamazenta|36\/100 brn|[from] brn\n|upkeep\n|turn|8\n|inactive|SamP_64 has 30 seconds left.\n|inactive|Daleg has 30 seconds left.\n|inactive|Daleg has 20 seconds left.\n|\n|t:|1739740276\n|move|p1a: Incineroar|Fake Out|p2a: Amoonguss\n|-damage|p2a: Amoonguss|56\/100 par\n|move|p1b: Flutter Mane|Moonblast|p2b: Zamazenta\n|-damage|p2b: Zamazenta|9\/100 brn\n|move|p2b: Zamazenta|Behemoth Bash|p1b: Flutter Mane\n|-supereffective|p1b: Flutter Mane\n|-damage|p1b: Flutter Mane|0 fnt\n|faint|p1b: Flutter Mane\n|-end|p1b: Flutter Mane|Protosynthesis|[silent]\n|cant|p2a: Amoonguss|flinch\n|\n|-damage|p2b: Zamazenta|3\/100 brn|[from] brn\n|upkeep\n|\n|t:|1739740289\n|switch|p1b: Urshifu|Urshifu-Rapid-Strike, L50, M|25\/100\n|turn|9\n|\n|t:|1739740303\n|move|p1b: Urshifu|Surging Strikes|p2b: Zamazenta\n|-resisted|p2b: Zamazenta\n|-crit|p2b: Zamazenta\n|-damage|p2b: Zamazenta|0 fnt\n|faint|p2b: Zamazenta\n|-hitcount|p2: Zamazenta|1\n|move|p1a: Incineroar|Knock Off|p2a: Amoonguss\n|-crit|p2a: Amoonguss\n|-damage|p2a: Amoonguss|26\/100 par\n|cant|p2a: Amoonguss|par\n|\n|upkeep\n|\n|t:|1739740309\n|switch|p2b: Rillaboom|Rillaboom, L50, F|100\/100\n|-fieldstart|move: Grassy Terrain|[from] ability: Grassy Surge|[of] p2b: Rillaboom\n|turn|10\n|\n|t:|1739740326\n|switch|p2a: Chi-Yu|Chi-Yu, L50|72\/100\n|-ability|p2a: Chi-Yu|Beads of Ruin\n|move|p1b: Urshifu|Protect|p1b: Urshifu\n|-singleturn|p1b: Urshifu|Protect\n|move|p2b: Rillaboom|Wood Hammer|p1a: Incineroar\n|-damage|p1a: Incineroar|20\/100\n|-damage|p2b: Rillaboom|80\/100|[from] Recoil\n|move|p1a: Incineroar|Will-O-Wisp|p2b: Rillaboom\n|-status|p2b: Rillaboom|brn\n|\n|-heal|p2a: Chi-Yu|78\/100|[from] Grassy Terrain\n|-heal|p1b: Urshifu|31\/100|[from] Grassy Terrain\n|-heal|p2b: Rillaboom|85\/100 brn|[from] Grassy Terrain\n|-heal|p1a: Incineroar|26\/100|[from] Grassy Terrain\n|-damage|p2b: Rillaboom|80\/100 brn|[from] brn\n|upkeep\n|turn|11\n|\n|t:|1739740348\n|switch|p2a: Amoonguss|Amoonguss, L50, M|59\/100 par\n|move|p1b: Urshifu|Aqua Jet|p2a: Amoonguss\n|-resisted|p2a: Amoonguss\n|-damage|p2a: Amoonguss|50\/100 par\n|move|p2b: Rillaboom|Wood Hammer|p1a: Incineroar\n|-damage|p1a: Incineroar|0 fnt\n|faint|p1a: Incineroar\n|-damage|p2b: Rillaboom|71\/100 brn|[from] Recoil\n|\n|-heal|p1b: Urshifu|37\/100|[from] Grassy Terrain\n|-heal|p2b: Rillaboom|77\/100 brn|[from] Grassy Terrain\n|-heal|p2a: Amoonguss|56\/100 par|[from] Grassy Terrain\n|-damage|p2b: Rillaboom|71\/100 brn|[from] brn\n|upkeep\n|turn|12\n|inactive|Daleg has 30 seconds left.\n|\n|t:|1739740374\n|move|p1b: Urshifu|Aqua Jet|p2a: Amoonguss\n|-resisted|p2a: Amoonguss\n|-damage|p2a: Amoonguss|48\/100 par\n|move|p2b: Rillaboom|Wood Hammer|p1b: Urshifu\n|-supereffective|p1b: Urshifu\n|-damage|p1b: Urshifu|0 fnt\n|faint|p1b: Urshifu\n|-damage|p2b: Rillaboom|61\/100 brn|[from] Recoil\n|\n|win|Daleg\n|raw|SamP_64's rating: 1599 &rarr; <strong>1579<\/strong><br \/>(-20 for losing)\n|raw|Daleg's rating: 1598 &rarr; <strong>1618<\/strong><br \/>(+20 for winning)\n|l|\u2606Daleg\n|player|p2|\n|l|\u2606SamP_64\n|player|p1|\n","uploadtime":1739740557,"views":5,"formatid":"gen9vgc2025regg","rating":1579,"private":0,"password":null}