{"id":"gen9vgc2025regg-2302490258","format":"[Gen 9] VGC 2025 Reg G","players":["BLiiNDProdiigy","chin8"],"log":"|j|\u2606BLiiNDProdiigy\n|j|\u2606chin8\n|t:|1739805661\n|gametype|doubles\n|player|p1|BLiiNDProdiigy|rocketgrunt|1550\n|player|p2|chin8|gentleman-gen4dp|1670\n|teamsize|p1|6\n|teamsize|p2|6\n|gen|9\n|tier|[Gen 9] VGC 2025 Reg G\n|rated|\n|rule|Species Clause: Limit one of each Pok\u00e9mon\n|rule|Item Clause: Limit 1 of each item\n|clearpoke\n|poke|p1|Terapagos, L50, M|\n|poke|p1|Incineroar, L50, F|\n|poke|p1|Rillaboom, L50, M|\n|poke|p1|Urshifu-*, L50, F|\n|poke|p1|Flutter Mane, L50|\n|poke|p1|Ogerpon-Hearthflame, L50, F|\n|poke|p2|Calyrex-Shadow, L50|\n|poke|p2|Incineroar, L50, M|\n|poke|p2|Rillaboom, L50, M|\n|poke|p2|Gastrodon-East, L50, M|\n|poke|p2|Hitmonchan, L50, M|\n|poke|p2|Tropius, L50, M|\n|teampreview|4\n|inactive|Battle timer is ON: inactive players will automatically lose when time's up. (requested by chin8)\n|\n|t:|1739805687\n|start\n|switch|p1a: Terapagos|Terapagos, L50, M|100\/100\n|switch|p1b: Flutter Mane|Flutter Mane, L50|100\/100\n|switch|p2a: Calyrex|Calyrex-Shadow, L50|100\/100\n|switch|p2b: Hitmonchan|Hitmonchan, L50, M|100\/100\n|-activate|p1a: Terapagos|ability: Tera Shift\n|detailschange|p1a: Terapagos|Terapagos-Terastal, L50, M\n|-heal|p1a: Terapagos|100\/100|[silent]\n|-ability|p2a: Calyrex|As One\n|-ability|p2a: Calyrex|Unnerve\n|-enditem|p1b: Flutter Mane|Booster Energy\n|-activate|p1b: Flutter Mane|ability: Protosynthesis|[fromitem]\n|-start|p1b: Flutter Mane|protosynthesisspe\n|turn|1\n|inactive|chin8 has 30 seconds left.\n|\n|t:|1739805716\n|-terastallize|p2a: Calyrex|Fairy\n|move|p2b: Hitmonchan|Fake Out|p1a: Terapagos\n|-activate|p1a: Terapagos|ability: Tera Shell\n|-resisted|p1a: Terapagos\n|-damage|p1a: Terapagos|96\/100\n|move|p1b: Flutter Mane|Thunder Wave|p2a: Calyrex|[miss]\n|-miss|p1b: Flutter Mane|p2a: Calyrex\n|move|p2a: Calyrex|Calm Mind|p2a: Calyrex\n|-boost|p2a: Calyrex|spa|1\n|-boost|p2a: Calyrex|spd|1\n|cant|p1a: Terapagos|flinch\n|\n|-heal|p1a: Terapagos|100\/100|[from] item: Leftovers\n|upkeep\n|turn|2\n|\n|t:|1739805731\n|move|p2a: Calyrex|Protect|p2a: Calyrex\n|-singleturn|p2a: Calyrex|Protect\n|move|p1a: Terapagos|Protect|p1a: Terapagos\n|-singleturn|p1a: Terapagos|Protect\n|move|p1b: Flutter Mane|Moonblast|p2b: Hitmonchan\n|-supereffective|p2b: Hitmonchan\n|-enditem|p2b: Hitmonchan|Focus Sash\n|-damage|p2b: Hitmonchan|1\/100\n|move|p2b: Hitmonchan|Taunt|p1b: Flutter Mane\n|-start|p1b: Flutter Mane|move: Taunt\n|\n|upkeep\n|turn|3\n|\n|t:|1739805740\n|move|p1b: Flutter Mane|Icy Wind|p2b: Hitmonchan|[spread] p2a,p2b\n|-damage|p2a: Calyrex|94\/100\n|-damage|p2b: Hitmonchan|0 fnt\n|faint|p2b: Hitmonchan\n|move|p2a: Calyrex|Astral Barrage|p1a: Terapagos|[spread] p1b\n|-immune|p1a: Terapagos\n|-supereffective|p1b: Flutter Mane\n|-damage|p1b: Flutter Mane|0 fnt\n|faint|p1b: Flutter Mane\n|-end|p1b: Flutter Mane|Protosynthesis|[silent]\n|-ability|p2a: Calyrex|Grim Neigh|boost\n|-boost|p2a: Calyrex|spa|1\n|move|p1a: Terapagos|Calm Mind|p1a: Terapagos\n|-boost|p1a: Terapagos|spa|1\n|-boost|p1a: Terapagos|spd|1\n|\n|upkeep\n|\n|t:|1739805749\n|switch|p1b: Rillaboom|Rillaboom, L50, M|100\/100\n|switch|p2b: Tropius|Tropius, L50, M|100\/100\n|-fieldstart|move: Grassy Terrain|[from] ability: Grassy Surge|[of] p1b: Rillaboom\n|turn|4\n|\n|t:|1739805760\n|move|p1b: Rillaboom|Fake Out|p2b: Tropius\n|-damage|p2b: Tropius|87\/100\n|move|p2a: Calyrex|Astral Barrage|p1a: Terapagos|[spread] p1b\n|-immune|p1a: Terapagos\n|-damage|p1b: Rillaboom|22\/100\n|move|p1a: Terapagos|Calm Mind|p1a: Terapagos\n|-boost|p1a: Terapagos|spa|1\n|-boost|p1a: Terapagos|spd|1\n|cant|p2b: Tropius|flinch\n|\n|-heal|p2a: Calyrex|99\/100|[from] Grassy Terrain\n|-heal|p1b: Rillaboom|28\/100|[from] Grassy Terrain\n|upkeep\n|turn|5\n|\n|t:|1739805772\n|switch|p1b: Incineroar|Incineroar, L50, F|100\/100\n|-ability|p1b: Incineroar|Intimidate|boost\n|-fail|p2a: Calyrex|unboost|[from] item: Clear Amulet|[of] p2a: Calyrex\n|-unboost|p2b: Tropius|atk|1\n|move|p2a: Calyrex|Astral Barrage|p1b: Incineroar|[spread] p1b\n|-immune|p1a: Terapagos\n|-resisted|p1b: Incineroar\n|-damage|p1b: Incineroar|56\/100\n|move|p1a: Terapagos|Substitute|p1a: Terapagos\n|-start|p1a: Terapagos|Substitute\n|-damage|p1a: Terapagos|76\/100\n|move|p2b: Tropius|Leech Seed||[still]\n|-fail|p2b: Tropius\n|\n|-heal|p2a: Calyrex|100\/100|[from] Grassy Terrain\n|-heal|p1a: Terapagos|82\/100|[from] Grassy Terrain\n|-heal|p1a: Terapagos|87\/100|[from] item: Leftovers\n|-heal|p1b: Incineroar|62\/100|[from] Grassy Terrain\n|upkeep\n|turn|6\n|\n|t:|1739805788\n|-terastallize|p1a: Terapagos|Stellar\n|detailschange|p1a: Terapagos|Terapagos-Stellar, L50, M, tera:Stellar\n|-heal|p1a: Terapagos|91\/100|[silent]\n|-ability|p1a: Terapagos|Teraform Zero\n|-fieldend|move: Grassy Terrain\n|move|p1b: Incineroar|Fake Out|p2b: Tropius\n|-damage|p2b: Tropius|76\/100\n|cant|p2b: Tropius|flinch\n|move|p2a: Calyrex|Draining Kiss|p1b: Incineroar\n|-damage|p1b: Incineroar|0 fnt\n|-damage|p2a: Calyrex|84\/100|[from] item: Rocky Helmet|[of] p1b: Incineroar\n|faint|p1b: Incineroar\n|-ability|p2a: Calyrex|Grim Neigh|boost\n|-boost|p2a: Calyrex|spa|1\n|move|p1a: Terapagos|Tera Starstorm|p2b: Tropius|[spread] p2a,p2b\n|-supereffective|p2a: Calyrex\n|-damage|p2a: Calyrex|0 fnt\n|-damage|p2b: Tropius|23\/100\n|-enditem|p2b: Tropius|Sitrus Berry|[eat]\n|-heal|p2b: Tropius|48\/100|[from] item: Sitrus Berry\n|faint|p2a: Calyrex\n|\n|-heal|p1a: Terapagos|97\/100|[from] item: Leftovers\n|upkeep\n|\n|t:|1739805799\n|switch|p2a: Incineroar|Incineroar, L50, M|100\/100\n|switch|p1b: Rillaboom|Rillaboom, L50, M|28\/100\n|-fieldstart|move: Grassy Terrain|[from] ability: Grassy Surge|[of] p1b: Rillaboom\n|-ability|p2a: Incineroar|Intimidate|boost\n|-immune|p1a: Terapagos\n|-unboost|p1b: Rillaboom|atk|1\n|turn|7\n|\n|t:|1739805817\n|move|p1b: Rillaboom|Fake Out|p2a: Incineroar\n|-damage|p2a: Incineroar|91\/100\n|move|p2b: Tropius|Wide Guard|p2b: Tropius\n|-singleturn|p2b: Tropius|Wide Guard\n|move|p1a: Terapagos|Tera Starstorm|p2a: Incineroar|[spread] \n|-activate|p2a: Incineroar|move: Wide Guard\n|-activate|p2b: Tropius|move: Wide Guard\n|cant|p2a: Incineroar|flinch\n|\n|-heal|p1b: Rillaboom|34\/100|[from] Grassy Terrain\n|-heal|p1a: Terapagos|100\/100|[from] Grassy Terrain\n|-heal|p2a: Incineroar|97\/100|[from] Grassy Terrain\n|upkeep\n|turn|8\n|\n|t:|1739805833\n|move|p2b: Tropius|Wide Guard|p2b: Tropius\n|-singleturn|p2b: Tropius|Wide Guard\n|move|p1b: Rillaboom|U-turn|p2b: Tropius\n|-damage|p2b: Tropius|33\/100\n|move|p1a: Terapagos|Calm Mind|p1a: Terapagos\n|-boost|p1a: Terapagos|spa|1\n|-boost|p1a: Terapagos|spd|1\n|move|p2a: Incineroar|Knock Off|p1b: Rillaboom\n|-damage|p1b: Rillaboom|0 fnt\n|-enditem|p1b: Rillaboom|Assault Vest|[from] move: Knock Off|[of] p2a: Incineroar\n|faint|p1b: Rillaboom\n|\n|-heal|p2a: Incineroar|100\/100|[from] Grassy Terrain\n|-item|p2b: Tropius|Sitrus Berry|[from] ability: Harvest\n|upkeep\n|-enditem|p2b: Tropius|Sitrus Berry|[eat]\n|-heal|p2b: Tropius|57\/100|[from] item: Sitrus Berry\n|turn|9\n|\n|t:|1739805844\n|move|p1a: Terapagos|Protect|p1a: Terapagos\n|-singleturn|p1a: Terapagos|Protect\n|move|p2b: Tropius|Wide Guard|p2b: Tropius\n|-singleturn|p2b: Tropius|Wide Guard\n|move|p2a: Incineroar|Knock Off|p1a: Terapagos\n|-activate|p1a: Terapagos|move: Protect\n|\n|upkeep\n|turn|10\n|\n|t:|1739805853\n|move|p2b: Tropius|Wide Guard|p2b: Tropius\n|-singleturn|p2b: Tropius|Wide Guard\n|move|p1a: Terapagos|Calm Mind|p1a: Terapagos\n|-boost|p1a: Terapagos|spa|1\n|-boost|p1a: Terapagos|spd|1\n|move|p2a: Incineroar|Knock Off|p1a: Terapagos\n|-end|p1a: Terapagos|Substitute\n|\n|-item|p2b: Tropius|Sitrus Berry|[from] ability: Harvest\n|upkeep\n|turn|11\n|\n|t:|1739805859\n|move|p1a: Terapagos|Protect|p1a: Terapagos\n|-singleturn|p1a: Terapagos|Protect\n|move|p2a: Incineroar|Knock Off|p1a: Terapagos\n|-activate|p1a: Terapagos|move: Protect\n|move|p2b: Tropius|Substitute|p2b: Tropius\n|-start|p2b: Tropius|Substitute\n|-damage|p2b: Tropius|33\/100\n|-enditem|p2b: Tropius|Sitrus Berry|[eat]\n|-heal|p2b: Tropius|57\/100|[from] item: Sitrus Berry\n|\n|-fieldend|move: Grassy Terrain\n|upkeep\n|turn|12\n|\n|t:|1739805870\n|move|p1a: Terapagos|Substitute|p1a: Terapagos\n|-start|p1a: Terapagos|Substitute\n|-damage|p1a: Terapagos|75\/100\n|move|p2a: Incineroar|Knock Off|p1a: Terapagos\n|-end|p1a: Terapagos|Substitute\n|move|p2b: Tropius|Leech Seed|p1a: Terapagos\n|-start|p1a: Terapagos|move: Leech Seed\n|\n|-heal|p1a: Terapagos|82\/100|[from] item: Leftovers\n|-damage|p1a: Terapagos|69\/100|[from] Leech Seed|[of] p2b: Tropius\n|-heal|p2b: Tropius|73\/100|[silent]\n|-item|p2b: Tropius|Sitrus Berry|[from] ability: Harvest\n|upkeep\n|turn|13\n|-message|BLiiNDProdiigy forfeited.\n|\n|win|chin8\n|raw|BLiiNDProdiigy's rating: 1550 &rarr; <strong>1537<\/strong><br \/>(-13 for losing)\n|raw|chin8's rating: 1670 &rarr; <strong>1683<\/strong><br \/>(+13 for winning)\n|l|\u2606BLiiNDProdiigy\n|player|p1|\n|l|\u2606chin8\n|player|p2|\n","uploadtime":1739806077,"views":5,"formatid":"gen9vgc2025regg","rating":1537,"private":0,"password":null}