{"id":"gen9vgc2025regg-2302882367","format":"[Gen 9] VGC 2025 Reg G","players":["stbai","superpowerpoke"],"log":"|j|\u2606stbai\n|j|\u2606superpowerpoke\n|t:|1739850376\n|gametype|doubles\n|player|p1|stbai|janitor|1631\n|player|p2|superpowerpoke|266|1660\n|teamsize|p1|6\n|teamsize|p2|6\n|gen|9\n|tier|[Gen 9] VGC 2025 Reg G\n|rated|\n|rule|Species Clause: Limit one of each Pok\u00e9mon\n|rule|Item Clause: Limit 1 of each item\n|clearpoke\n|poke|p1|Tatsugiri, L50, F|\n|poke|p1|Terapagos, L50, M|\n|poke|p1|Latios, L50, M|\n|poke|p1|Entei, L50|\n|poke|p1|Torterra, L50, F|\n|poke|p1|Dondozo, L50, M|\n|poke|p2|Lunala, L50|\n|poke|p2|Maushold-Four, L50|\n|poke|p2|Rillaboom, L50, M|\n|poke|p2|Pelipper, L50, M|\n|poke|p2|Urshifu-*, L50, M|\n|poke|p2|Landorus, L50, M|\n|teampreview|4\n|inactive|Battle timer is ON: inactive players will automatically lose when time's up. (requested by stbai)\n|inactive|superpowerpoke has 60 seconds left.\n|\n|t:|1739850432\n|start\n|switch|p1a: hue|Entei, L50|100\/100\n|switch|p1b: soup|Dondozo, L50, M|100\/100\n|switch|p2a: Lunala|Lunala, L50|100\/100\n|switch|p2b: Maushold|Maushold-Four, L50|100\/100\n|turn|1\n|\n|t:|1739850450\n|move|p2b: Maushold|Thunder Wave|p1b: soup\n|-status|p1b: soup|par\n|move|p1a: hue|Sacred Fire|p2a: Lunala\n|-damage|p2a: Lunala|84\/100\n|move|p2a: Lunala|Meteor Beam||[still]\n|-prepare|p2a: Lunala|Meteor Beam\n|-boost|p2a: Lunala|spa|1\n|-enditem|p2a: Lunala|Power Herb\n|-anim|p2a: Lunala|Meteor Beam|p1a: hue\n|-supereffective|p1a: hue\n|-damage|p1a: hue|0 fnt\n|faint|p1a: hue\n|move|p1b: soup|Substitute|p1b: soup\n|-start|p1b: soup|Substitute\n|-damage|p1b: soup|75\/100 par\n|\n|-heal|p1b: soup|82\/100 par|[from] item: Leftovers\n|upkeep\n|\n|t:|1739850454\n|switch|p1a: wryyyy|Terapagos, L50, M|100\/100\n|-activate|p1a: wryyyy|ability: Tera Shift\n|detailschange|p1a: wryyyy|Terapagos-Terastal, L50, M\n|-heal|p1a: wryyyy|100\/100|[silent]\n|turn|2\n|inactive|superpowerpoke has 30 seconds left.\n|\n|t:|1739850483\n|-terastallize|p1a: wryyyy|Stellar\n|detailschange|p1a: wryyyy|Terapagos-Stellar, L50, M, tera:Stellar\n|-heal|p1a: wryyyy|100\/100|[silent]\n|move|p1b: soup|Protect|p1b: soup\n|-singleturn|p1b: soup|Protect\n|move|p2b: Maushold|Super Fang|p1a: wryyyy\n|-damage|p1a: wryyyy|51\/100\n|move|p2a: Lunala|Moongeist Beam|p1b: soup\n|-activate|p1b: soup|move: Protect\n|move|p1a: wryyyy|Tera Starstorm|p2a: Lunala|[spread] p2a,p2b\n|-damage|p2a: Lunala|62\/100\n|-damage|p2b: Maushold|51\/100\n|\n|-heal|p1b: soup|88\/100 par|[from] item: Leftovers\n|upkeep\n|turn|3\n|inactive|superpowerpoke has 30 seconds left.\n|inactive|superpowerpoke has 20 seconds left.\n|inactive|superpowerpoke has 15 seconds left.\n|inactive|superpowerpoke has 10 seconds left.\n|\n|t:|1739850532\n|switch|p1a: brb|Tatsugiri, L50, F|100\/100\n|-activate|p1a: brb|ability: Commander|[of] p1b: soup\n|-boost|p1b: soup|atk|2\n|-boost|p1b: soup|spa|2\n|-boost|p1b: soup|spe|2\n|-boost|p1b: soup|def|2\n|-boost|p1b: soup|spd|2\n|move|p2b: Maushold|Taunt|p1b: soup\n|-start|p1b: soup|move: Taunt\n|move|p2a: Lunala|Moongeist Beam|p1b: soup\n|-end|p1b: soup|Substitute\n|move|p1b: soup|Order Up|p2b: Maushold\n|-damage|p2b: Maushold|7\/100\n|-boost|p1b: soup|atk|1\n|\n|-heal|p1b: soup|94\/100 par|[from] item: Leftovers\n|upkeep\n|turn|4\n|j| holyonion\n|\n|t:|1739850556\n|move|p2b: Maushold|Super Fang|p1b: soup\n|-damage|p1b: soup|47\/100 par\n|move|p2a: Lunala|Moongeist Beam|p1b: soup\n|-damage|p1b: soup|4\/100 par\n|move|p1b: soup|Earthquake|p2a: Lunala|[spread] p2a,p2b\n|-miss|p1b: soup|p1a: brb\n|-damage|p2a: Lunala|26\/100\n|-damage|p2b: Maushold|0 fnt\n|faint|p2b: Maushold\n|\n|-heal|p1b: soup|10\/100 par|[from] item: Leftovers\n|upkeep\n|\n|t:|1739850571\n|switch|p2b: Urshifu|Urshifu-Rapid-Strike, L50, M|100\/100\n|turn|5\n|\n|t:|1739850587\n|move|p2b: Urshifu|Surging Strikes|p1b: soup\n|-resisted|p1b: soup\n|-crit|p1b: soup\n|-damage|p1b: soup|3\/100 par\n|-resisted|p1b: soup\n|-crit|p1b: soup\n|-damage|p1b: soup|0 fnt\n|faint|p1b: soup\n|-hitcount|p1: soup|2\n|move|p2a: Lunala|Dazzling Gleam|p1a: brb\n|-supereffective|p1a: brb\n|-damage|p1a: brb|0 fnt\n|faint|p1a: brb\n|\n|upkeep\n|-message|stbai forfeited.\n|\n|win|superpowerpoke\n|raw|stbai's rating: 1604 &rarr; <strong>1587<\/strong><br \/>(-17 for losing)\n|raw|superpowerpoke's rating: 1660 &rarr; <strong>1677<\/strong><br \/>(+17 for winning)\n|l|\u2606stbai\n|player|p1|\n|l|\u2606superpowerpoke\n|player|p2|\n|l| holyonion\n","uploadtime":1739850818,"views":10,"formatid":"gen9vgc2025regg","rating":1587,"private":0,"password":null}