{"id":"gen9vgc2025regg-2302314999","format":"[Gen 9] VGC 2025 Reg G","players":["Spottedwoot","Tpakl"],"log":"|j|\u2606Spottedwoot\n|j|\u2606Tpakl\n|t:|1739778174\n|gametype|doubles\n|player|p1|Spottedwoot|266|1601\n|player|p2|Tpakl|rosa|1574\n|teamsize|p1|6\n|teamsize|p2|6\n|gen|9\n|tier|[Gen 9] VGC 2025 Reg G\n|rated|\n|rule|Species Clause: Limit one of each Pok\u00e9mon\n|rule|Item Clause: Limit 1 of each item\n|clearpoke\n|poke|p1|Zamazenta-*, L50|\n|poke|p1|Chien-Pao, L50|\n|poke|p1|Entei, L50|\n|poke|p1|Raging Bolt, L50|\n|poke|p1|Rillaboom, L50, M|\n|poke|p1|Farigiraf, L50, M|\n|poke|p2|Rayquaza, L50|\n|poke|p2|Urshifu-*, L50, F|\n|poke|p2|Iron Treads, L50|\n|poke|p2|Entei, L50|\n|poke|p2|Murkrow, L50, M|\n|poke|p2|Regieleki, L50|\n|teampreview|4\n|\n|t:|1739778200\n|start\n|switch|p1a: Chien-Pao|Chien-Pao, L50|100\/100\n|switch|p1b: Entei|Entei, L50|100\/100\n|switch|p2a: Entei|Entei, L50|100\/100\n|switch|p2b: Regieleki|Regieleki, L50|100\/100\n|-ability|p1a: Chien-Pao|Sword of Ruin\n|turn|1\n|\n|t:|1739778212\n|-terastallize|p1b: Entei|Normal\n|move|p2b: Regieleki|Protect|p2b: Regieleki\n|-singleturn|p2b: Regieleki|Protect\n|move|p1b: Entei|Extreme Speed|p2b: Regieleki\n|-activate|p2b: Regieleki|move: Protect\n|move|p1a: Chien-Pao|Sacred Sword|p2a: Entei\n|-damage|p2a: Entei|60\/100\n|move|p2a: Entei|Eruption|p1a: Chien-Pao|[spread] p1a,p1b\n|-supereffective|p1a: Chien-Pao\n|-enditem|p1a: Chien-Pao|Focus Sash\n|-damage|p1a: Chien-Pao|1\/100\n|-damage|p1b: Entei|50\/100\n|\n|upkeep\n|turn|2\n|\n|t:|1739778236\n|switch|p2b: Urshifu|Urshifu-Rapid-Strike, L50, F|100\/100\n|move|p1b: Entei|Extreme Speed|p2a: Entei\n|-damage|p2a: Entei|0 fnt\n|faint|p2a: Entei\n|-damage|p1b: Entei|40\/100|[from] item: Life Orb\n|move|p1a: Chien-Pao|Sucker Punch||[still]\n|-fail|p1a: Chien-Pao\n|\n|upkeep\n|\n|t:|1739778245\n|switch|p2a: Rayquaza|Rayquaza, L50|100\/100\n|-ability|p2a: Rayquaza|Air Lock\n|turn|3\n|j| falcon108\n|\n|t:|1739778255\n|-terastallize|p2a: Rayquaza|Stellar\n|move|p1a: Chien-Pao|Protect|p1a: Chien-Pao\n|-singleturn|p1a: Chien-Pao|Protect\n|move|p2a: Rayquaza|Extreme Speed|p1b: Entei\n|-damage|p1b: Entei|0 fnt\n|faint|p1b: Entei\n|move|p2b: Urshifu|Aqua Jet|p1a: Chien-Pao\n|-crit|p1a: Chien-Pao\n|-damage|p1a: Chien-Pao|0 fnt\n|faint|p1a: Chien-Pao\n|\n|upkeep\n|\n|t:|1739778261\n|switch|p1a: Zamazenta|Zamazenta-Crowned, L50|100\/100\n|switch|p1b: Raging Bolt|Raging Bolt, L50|100\/100\n|-ability|p1a: Zamazenta|Dauntless Shield|boost\n|-boost|p1a: Zamazenta|def|1\n|-enditem|p1b: Raging Bolt|Booster Energy\n|-activate|p1b: Raging Bolt|ability: Protosynthesis|[fromitem]\n|-start|p1b: Raging Bolt|protosynthesisspa\n|turn|4\n|\n|t:|1739778278\n|move|p2b: Urshifu|Detect|p2b: Urshifu\n|-singleturn|p2b: Urshifu|Protect\n|move|p1a: Zamazenta|Iron Defense|p1a: Zamazenta\n|-boost|p1a: Zamazenta|def|2\n|move|p2a: Rayquaza|Draco Meteor|p1b: Raging Bolt\n|-supereffective|p1b: Raging Bolt\n|-damage|p1b: Raging Bolt|0 fnt\n|-unboost|p2a: Rayquaza|spa|2\n|faint|p1b: Raging Bolt\n|-end|p1b: Raging Bolt|Protosynthesis|[silent]\n|\n|upkeep\n|turn|5\n|\n|t:|1739778295\n|move|p1a: Zamazenta|Body Press|p2b: Urshifu\n|-damage|p2b: Urshifu|0 fnt\n|faint|p2b: Urshifu\n|move|p2a: Rayquaza|Dragon Ascent|p1a: Zamazenta\n|-damage|p1a: Zamazenta|75\/100\n|-unboost|p2a: Rayquaza|def|1\n|-unboost|p2a: Rayquaza|spd|1\n|\n|upkeep\n|\n|t:|1739778298\n|switch|p2b: Regieleki|Regieleki, L50|100\/100\n|turn|6\n|\n|t:|1739778304\n|move|p2b: Regieleki|Protect|p2b: Regieleki\n|-singleturn|p2b: Regieleki|Protect\n|move|p1a: Zamazenta|Body Press|p2b: Regieleki\n|-activate|p2b: Regieleki|move: Protect\n|move|p2a: Rayquaza|Dragon Ascent|p1a: Zamazenta\n|-damage|p1a: Zamazenta|55\/100\n|-unboost|p2a: Rayquaza|def|1\n|-unboost|p2a: Rayquaza|spd|1\n|\n|upkeep\n|turn|7\n|\n|t:|1739778322\n|move|p2b: Regieleki|Thunderbolt|p1a: Zamazenta\n|-damage|p1a: Zamazenta|8\/100\n|move|p1a: Zamazenta|Body Press|p2b: Regieleki\n|-damage|p2b: Regieleki|0 fnt\n|faint|p2b: Regieleki\n|move|p2a: Rayquaza|Dragon Ascent|p1a: Zamazenta\n|-damage|p1a: Zamazenta|0 fnt\n|-unboost|p2a: Rayquaza|def|1\n|-unboost|p2a: Rayquaza|spd|1\n|faint|p1a: Zamazenta\n|\n|win|Tpakl\n|raw|Spottedwoot's rating: 1601 &rarr; <strong>1579<\/strong><br \/>(-22 for losing)\n|raw|Tpakl's rating: 1574 &rarr; <strong>1596<\/strong><br \/>(+22 for winning)\n","uploadtime":1739778325,"views":48,"formatid":"gen9vgc2025regg","rating":1579,"private":0,"password":null}