{"id":"gen9vgc2025regg-2302706578","format":"[Gen 9] VGC 2025 Reg G","players":["play3r35","Kaicyios"],"log":"|j|\u2606play3r35\n|j|\u2606Kaicyios\n|t:|1739828735\n|gametype|doubles\n|player|p1|play3r35|caitlin|1591\n|player|p2|Kaicyios|giovanni|1715\n|teamsize|p1|6\n|teamsize|p2|6\n|gen|9\n|tier|[Gen 9] VGC 2025 Reg G\n|rated|\n|rule|Species Clause: Limit one of each Pok\u00e9mon\n|rule|Item Clause: Limit 1 of each item\n|clearpoke\n|poke|p1|Terapagos, L50, M|\n|poke|p1|Amoonguss, L50, M|\n|poke|p1|Urshifu-*, L50, M|\n|poke|p1|Whimsicott, L50, F|\n|poke|p1|Chi-Yu, L50|\n|poke|p1|Munkidori, L50, M|\n|poke|p2|Groudon, L50|\n|poke|p2|Tornadus, L50, M|\n|poke|p2|Flutter Mane, L50|\n|poke|p2|Chi-Yu, L50|\n|poke|p2|Raging Bolt, L50|\n|poke|p2|Armarouge, L50, F|\n|teampreview|4\n|inactive|Battle timer is ON: inactive players will automatically lose when time's up. (requested by play3r35)\n|inactive|Kaicyios has 60 seconds left.\n|\n|t:|1739828767\n|start\n|switch|p1a: Terapagos|Terapagos, L50, M|100\/100\n|switch|p1b: Urshifu|Urshifu-Rapid-Strike, L50, M|100\/100\n|switch|p2a: Groudon|Groudon, L50|100\/100\n|switch|p2b: Chi-Yu|Chi-Yu, L50|100\/100\n|-activate|p1a: Terapagos|ability: Tera Shift\n|detailschange|p1a: Terapagos|Terapagos-Terastal, L50, M\n|-heal|p1a: Terapagos|100\/100|[silent]\n|-ability|p2b: Chi-Yu|Beads of Ruin\n|-weather|SunnyDay|[from] ability: Drought|[of] p2a: Groudon\n|turn|1\n|inactive|Kaicyios has 30 seconds left.\n|\n|t:|1739828800\n|-terastallize|p1a: Terapagos|Stellar\n|detailschange|p1a: Terapagos|Terapagos-Stellar, L50, M, tera:Stellar\n|-heal|p1a: Terapagos|100\/100|[silent]\n|-ability|p1a: Terapagos|Teraform Zero\n|-weather|none\n|move|p2b: Chi-Yu|Overheat|p1a: Terapagos\n|-damage|p1a: Terapagos|34\/100\n|-unboost|p2b: Chi-Yu|spa|2\n|move|p1a: Terapagos|Earth Power|p2b: Chi-Yu\n|-supereffective|p2b: Chi-Yu\n|-damage|p2b: Chi-Yu|0 fnt\n|faint|p2b: Chi-Yu\n|move|p1b: Urshifu|Surging Strikes|p2a: Groudon\n|-supereffective|p2a: Groudon\n|-crit|p2a: Groudon\n|-damage|p2a: Groudon|70\/100\n|-supereffective|p2a: Groudon\n|-crit|p2a: Groudon\n|-damage|p2a: Groudon|34\/100\n|-supereffective|p2a: Groudon\n|-crit|p2a: Groudon\n|-damage|p2a: Groudon|0 fnt\n|faint|p2a: Groudon\n|-hitcount|p2: Groudon|3\n|\n|upkeep\n|\n|t:|1739828823\n|switch|p2b: Armarouge|Armarouge, L50, F|100\/100\n|switch|p2a: Tornadus|Tornadus, L50, M|100\/100\n|turn|2\n|\n|t:|1739828846\n|-terastallize|p2b: Armarouge|Grass\n|move|p2a: Tornadus|Tailwind|p2a: Tornadus\n|-sidestart|p2: Kaicyios|move: Tailwind\n|move|p1a: Terapagos|Earth Power|p2b: Armarouge\n|-resisted|p2b: Armarouge\n|-damage|p2b: Armarouge|69\/100\n|move|p2b: Armarouge|Psychic|p1b: Urshifu\n|-supereffective|p1b: Urshifu\n|-damage|p1b: Urshifu|0 fnt\n|faint|p1b: Urshifu\n|\n|upkeep\n|\n|t:|1739828859\n|switch|p1b: Whimsicott|Whimsicott, L50, F|100\/100\n|turn|3\n|\n|t:|1739828867\n|switch|p1a: Chi-Yu|Chi-Yu, L50|100\/100\n|-ability|p1a: Chi-Yu|Beads of Ruin\n|move|p1b: Whimsicott|Encore|p2b: Armarouge\n|-start|p2b: Armarouge|Encore\n|move|p2a: Tornadus|Bleakwind Storm|p1b: Whimsicott|[spread] p1a\n|-miss|p2a: Tornadus|p1b: Whimsicott\n|-damage|p1a: Chi-Yu|56\/100\n|move|p2b: Armarouge|Psychic|p1a: Chi-Yu\n|-immune|p1a: Chi-Yu\n|\n|upkeep\n|turn|4\n|\n|t:|1739828887\n|move|p1b: Whimsicott|Tailwind|p1b: Whimsicott\n|-sidestart|p1: play3r35|move: Tailwind\n|move|p2a: Tornadus|Bleakwind Storm|p1a: Chi-Yu|[spread] p1a,p1b\n|-supereffective|p1b: Whimsicott\n|-damage|p1a: Chi-Yu|7\/100\n|-enditem|p1b: Whimsicott|Focus Sash\n|-damage|p1b: Whimsicott|1\/100\n|-unboost|p1b: Whimsicott|spe|1\n|move|p1a: Chi-Yu|Dark Pulse|p2b: Armarouge\n|-damage|p2b: Armarouge|2\/100\n|move|p2b: Armarouge|Psychic|p1b: Whimsicott\n|-damage|p1b: Whimsicott|0 fnt\n|faint|p1b: Whimsicott\n|\n|upkeep\n|\n|t:|1739828893\n|switch|p1b: Terapagos|Terapagos-Stellar, L50, M, tera:Stellar|34\/100\n|turn|5\n|inactive|Kaicyios has 30 seconds left.\n|\n|t:|1739828921\n|move|p2a: Tornadus|Bleakwind Storm|p1b: Terapagos|[spread] p1a,p1b\n|-damage|p1a: Chi-Yu|0 fnt\n|-damage|p1b: Terapagos|0 fnt\n|faint|p1a: Chi-Yu\n|faint|p1b: Terapagos\n|\n|win|Kaicyios\n|raw|play3r35's rating: 1591 &rarr; <strong>1578<\/strong><br \/>(-13 for losing)\n|raw|Kaicyios's rating: 1715 &rarr; <strong>1728<\/strong><br \/>(+13 for winning)\n|l|\u2606play3r35\n|player|p1|\n|l|\u2606Kaicyios\n|player|p2|\n","uploadtime":1739828927,"views":31,"formatid":"gen9vgc2025regg","rating":1578,"private":0,"password":null}