{"id":"gen9vgc2025regg-2302266129","format":"[Gen 9] VGC 2025 Reg G","players":["Sarfy","MarcoHan"],"log":"|j|\u2606Sarfy\n|j|\u2606MarcoHan\n|t:|1739768825\n|gametype|doubles\n|player|p1|Sarfy|adaman|1678\n|player|p2|MarcoHan|steven|1564\n|teamsize|p1|6\n|teamsize|p2|6\n|gen|9\n|tier|[Gen 9] VGC 2025 Reg G\n|rated|\n|rule|Species Clause: Limit one of each Pok\u00e9mon\n|rule|Item Clause: Limit 1 of each item\n|clearpoke\n|poke|p1|Zacian-*, L50|\n|poke|p1|Ditto, L50|\n|poke|p1|Gothitelle, L50, F|\n|poke|p1|Dragonite, L50, M|\n|poke|p1|Chien-Pao, L50|\n|poke|p1|Pelipper, L50, F|\n|poke|p2|Tyranitar, L50, M|\n|poke|p2|Calyrex-Ice, L50|\n|poke|p2|Urshifu-*, L50, M|\n|poke|p2|Incineroar, L50, F|\n|poke|p2|Amoonguss, L50, F|\n|poke|p2|Articuno-Galar, L50|\n|teampreview|4\n|inactive|Battle timer is ON: inactive players will automatically lose when time's up. (requested by MarcoHan)\n|inactive|Sarfy has 60 seconds left.\n|inactive|MarcoHan has 60 seconds left.\n|inactive|Sarfy has 30 seconds left.\n|inactive|Sarfy has 20 seconds left.\n|inactive|Sarfy has 15 seconds left.\n|inactive|Sarfy has 10 seconds left.\n|inactive|Sarfy has 5 seconds left.\n|\n|t:|1739768915\n|start\n|switch|p1a: Gothitelle|Gothitelle, L50, F|100\/100\n|switch|p1b: Dragonite|Dragonite, L50, M|100\/100\n|switch|p2a: Urshifu|Urshifu-Rapid-Strike, L50, M|100\/100\n|switch|p2b: Tyranitar|Tyranitar, L50, M, shiny|100\/100\n|-weather|Sandstorm|[from] ability: Sand Stream|[of] p2b: Tyranitar\n|turn|1\n|inactive|MarcoHan has 30 seconds left.\n|\n|t:|1739768940\n|move|p1a: Gothitelle|Fake Out|p2b: Tyranitar\n|-resisted|p2b: Tyranitar\n|-damage|p2b: Tyranitar|98\/100\n|move|p2a: Urshifu|U-turn|p1a: Gothitelle\n|-supereffective|p1a: Gothitelle\n|-damage|p1a: Gothitelle|50\/100\n|-damage|p2a: Urshifu|84\/100|[from] item: Rocky Helmet|[of] p1a: Gothitelle\n|\n|t:|1739768951\n|switch|p2a: Incineroar|Incineroar, L50, F|100\/100|[from] U-turn\n|-ability|p2a: Incineroar|Intimidate|boost\n|-unboost|p1a: Gothitelle|atk|1\n|-fail|p1b: Dragonite|unboost|Attack|[from] ability: Inner Focus|[of] p1b: Dragonite\n|move|p1b: Dragonite|Aerial Ace|p2a: Incineroar\n|-damage|p2a: Incineroar|55\/100\n|cant|p2b: Tyranitar|flinch\n|\n|-weather|Sandstorm|[upkeep]\n|-damage|p1b: Dragonite|94\/100|[from] Sandstorm\n|-damage|p1a: Gothitelle|43\/100|[from] Sandstorm\n|upkeep\n|turn|2\n|j| mr pogostick\n|inactive|MarcoHan has 30 seconds left.\n|\n|t:|1739768982\n|switch|p1b: Pelipper|Pelipper, L50, F|100\/100\n|-weather|RainDance|[from] ability: Drizzle|[of] p1b: Pelipper\n|move|p2b: Tyranitar|Rock Slide|p1b: Pelipper|[spread] p1b\n|-miss|p2b: Tyranitar|p1a: Gothitelle\n|-supereffective|p1b: Pelipper\n|-damage|p1b: Pelipper|10\/100\n|move|p1a: Gothitelle|Taunt|p2a: Incineroar\n|-start|p2a: Incineroar|move: Taunt\n|cant|p2a: Incineroar|move: Taunt|Parting Shot\n|\n|-weather|RainDance|[upkeep]\n|upkeep\n|turn|3\n|inactive|Sarfy has 30 seconds left.\n|inactive|MarcoHan has 30 seconds left.\n|inactive|Sarfy has 20 seconds left.\n|inactive|Sarfy has 15 seconds left.\n|\n|t:|1739769027\n|move|p1a: Gothitelle|Helping Hand|p1b: Pelipper\n|-singleturn|p1b: Pelipper|Helping Hand|[of] p1a: Gothitelle\n|move|p1b: Pelipper|Weather Ball|p2b: Tyranitar\n|-supereffective|p2b: Tyranitar\n|-damage|p2b: Tyranitar|0 fnt\n|faint|p2b: Tyranitar\n|move|p2a: Incineroar|Knock Off|p1a: Gothitelle\n|-supereffective|p1a: Gothitelle\n|-damage|p1a: Gothitelle|0 fnt\n|-damage|p2a: Incineroar|39\/100|[from] item: Rocky Helmet|[of] p1a: Gothitelle\n|-enditem|p1a: Gothitelle|Rocky Helmet|[from] move: Knock Off|[of] p2a: Incineroar\n|faint|p1a: Gothitelle\n|\n|-weather|RainDance|[upkeep]\n|upkeep\n|\n|t:|1739769044\n|switch|p2b: Urshifu|Urshifu-Rapid-Strike, L50, M|84\/100\n|switch|p1a: Zacian|Zacian-Crowned, L50|100\/100\n|-ability|p1a: Zacian|Intrepid Sword|boost\n|-boost|p1a: Zacian|atk|1\n|turn|4\n|inactive|Sarfy has 30 seconds left.\n|inactive|Sarfy has 20 seconds left.\n|\n|t:|1739769084\n|switch|p2a: Calyrex|Calyrex-Ice, L50|100\/100\n|-ability|p2a: Calyrex|As One\n|-ability|p2a: Calyrex|Unnerve\n|-terastallize|p2b: Urshifu|Water\n|-terastallize|p1a: Zacian|Stellar\n|move|p2b: Urshifu|Surging Strikes|p1a: Zacian\n|-crit|p1a: Zacian\n|-damage|p1a: Zacian|65\/100\n|-crit|p1a: Zacian\n|-damage|p1a: Zacian|23\/100\n|-crit|p1a: Zacian\n|-damage|p1a: Zacian|0 fnt\n|faint|p1a: Zacian\n|-hitcount|p1: Zacian|3\n|move|p1b: Pelipper|Hurricane|p2b: Urshifu\n|-damage|p2b: Urshifu|8\/100\n|\n|-weather|RainDance|[upkeep]\n|upkeep\n|\n|t:|1739769100\n|switch|p1a: Dragonite|Dragonite, L50, M|94\/100\n|turn|5\n|-message|Sarfy forfeited.\n|\n|win|MarcoHan\n|raw|Sarfy's rating: 1678 &rarr; <strong>1652<\/strong><br \/>(-26 for losing)\n|raw|MarcoHan's rating: 1564 &rarr; <strong>1590<\/strong><br \/>(+26 for winning)\n|l|\u2606Sarfy\n|player|p1|\n|l|\u2606MarcoHan\n|player|p2|\n|l| mr pogostick\n","uploadtime":1739769367,"views":9,"formatid":"gen9vgc2025regg","rating":1590,"private":0,"password":null}