{"id":"gen9vgc2025regg-2302135642","format":"[Gen 9] VGC 2025 Reg G","players":["pokehys4","jecheonjo"],"log":"|j|\u2606pokehys4\n|j|\u2606jecheonjo\n|t:|1739751068\n|gametype|doubles\n|player|p1|pokehys4|bruno|1578\n|player|p2|jecheonjo|steven|1658\n|teamsize|p1|6\n|teamsize|p2|6\n|gen|9\n|tier|[Gen 9] VGC 2025 Reg G\n|rated|\n|rule|Species Clause: Limit one of each Pok\u00e9mon\n|rule|Item Clause: Limit 1 of each item\n|clearpoke\n|poke|p1|Weezing-Galar, L50, M|\n|poke|p1|Iron Valiant, L50|\n|poke|p1|Calyrex-Shadow, L50|\n|poke|p1|Roaring Moon, L50|\n|poke|p1|Maushold, L50|\n|poke|p1|Okidogi, L50, M|\n|poke|p2|Terapagos, L50, M|\n|poke|p2|Tornadus, L50, M|\n|poke|p2|Incineroar, L50, F|\n|poke|p2|Amoonguss, L50, F|\n|poke|p2|Flutter Mane, L50|\n|poke|p2|Urshifu-*, L50, F|\n|teampreview|4\n|inactive|Battle timer is ON: inactive players will automatically lose when time's up. (requested by pokehys4)\n|\n|t:|1739751096\n|start\n|switch|p1a: Okidogi|Okidogi, L50, M|100\/100\n|switch|p1b: Roaring Moon|Roaring Moon, L50|100\/100\n|switch|p2a: Terapagos|Terapagos, L50, M|100\/100\n|switch|p2b: Amoonguss|Amoonguss, L50, F|100\/100\n|-activate|p2a: Terapagos|ability: Tera Shift\n|detailschange|p2a: Terapagos|Terapagos-Terastal, L50, M\n|-heal|p2a: Terapagos|100\/100|[silent]\n|-enditem|p1b: Roaring Moon|Booster Energy\n|-activate|p1b: Roaring Moon|ability: Protosynthesis|[fromitem]\n|-start|p1b: Roaring Moon|protosynthesisspe\n|turn|1\n|\n|t:|1739751118\n|move|p1b: Roaring Moon|Acrobatics|p2b: Amoonguss\n|-supereffective|p2b: Amoonguss\n|-damage|p2b: Amoonguss|44\/100\n|move|p2a: Terapagos|Calm Mind|p2a: Terapagos\n|-boost|p2a: Terapagos|spa|1\n|-boost|p2a: Terapagos|spd|1\n|move|p1a: Okidogi|Gunk Shot|p2b: Amoonguss\n|-damage|p2b: Amoonguss|0 fnt\n|faint|p2b: Amoonguss\n|\n|upkeep\n|\n|t:|1739751127\n|switch|p2b: Tornadus|Tornadus, L50, M|100\/100\n|turn|2\n|j| pmg9\n|\n|t:|1739751146\n|move|p1b: Roaring Moon|Tailwind|p1b: Roaring Moon\n|-sidestart|p1: pokehys4|move: Tailwind\n|move|p1a: Okidogi|Knock Off|p2a: Terapagos\n|-activate|p2a: Terapagos|ability: Tera Shell\n|-resisted|p2a: Terapagos\n|-damage|p2a: Terapagos|89\/100\n|-enditem|p2a: Terapagos|Leftovers|[from] move: Knock Off|[of] p1a: Okidogi\n|move|p2b: Tornadus|Bleakwind Storm|p1b: Roaring Moon|[spread] p1b\n|-miss|p2b: Tornadus|p1a: Okidogi\n|-damage|p1b: Roaring Moon|63\/100\n|move|p2a: Terapagos|Calm Mind|p2a: Terapagos\n|-boost|p2a: Terapagos|spa|1\n|-boost|p2a: Terapagos|spd|1\n|\n|upkeep\n|turn|3\n|inactive|pokehys4 has 30 seconds left.\n|inactive|pokehys4 has 20 seconds left.\n|\n|t:|1739751185\n|move|p2a: Terapagos|Protect|p2a: Terapagos\n|-singleturn|p2a: Terapagos|Protect\n|move|p1b: Roaring Moon|Knock Off|p2b: Tornadus\n|-damage|p2b: Tornadus|24\/100\n|-enditem|p2b: Tornadus|Focus Sash|[from] move: Knock Off|[of] p1b: Roaring Moon\n|move|p1a: Okidogi|Gunk Shot|p2b: Tornadus\n|-crit|p2b: Tornadus\n|-damage|p2b: Tornadus|0 fnt\n|faint|p2b: Tornadus\n|\n|upkeep\n|\n|t:|1739751193\n|switch|p2b: Incineroar|Incineroar, L50, F|100\/100\n|-ability|p2b: Incineroar|Intimidate|boost\n|-ability|p1a: Okidogi|Guard Dog|boost\n|-boost|p1a: Okidogi|atk|1\n|-unboost|p1b: Roaring Moon|atk|1\n|turn|4\n|j| wagie get in cagie\n|inactive|pokehys4 has 30 seconds left.\n|inactive|pokehys4 has 20 seconds left.\n|\n|t:|1739751230\n|move|p1a: Okidogi|Upper Hand|p2b: Incineroar\n|-supereffective|p2b: Incineroar\n|-damage|p2b: Incineroar|32\/100\n|-damage|p1a: Okidogi|84\/100|[from] item: Rocky Helmet|[of] p2b: Incineroar\n|cant|p2b: Incineroar|flinch\n|move|p1b: Roaring Moon|Knock Off|p2b: Incineroar\n|-resisted|p2b: Incineroar\n|-damage|p2b: Incineroar|20\/100\n|-damage|p1b: Roaring Moon|47\/100|[from] item: Rocky Helmet|[of] p2b: Incineroar\n|-enditem|p2b: Incineroar|Rocky Helmet|[from] move: Knock Off|[of] p1b: Roaring Moon\n|move|p2a: Terapagos|Tera Starstorm|p1a: Okidogi\n|-damage|p1a: Okidogi|14\/100\n|\n|upkeep\n|turn|5\n|inactive|jecheonjo has 30 seconds left.\n|\n|t:|1739751262\n|-terastallize|p1b: Roaring Moon|Flying\n|move|p2a: Terapagos|Protect|p2a: Terapagos\n|-singleturn|p2a: Terapagos|Protect\n|move|p1b: Roaring Moon|Acrobatics|p2b: Incineroar\n|-damage|p2b: Incineroar|0 fnt\n|faint|p2b: Incineroar\n|move|p1a: Okidogi|Drain Punch|p2a: Terapagos\n|-activate|p2a: Terapagos|move: Protect\n|\n|-sideend|p1: pokehys4|move: Tailwind\n|upkeep\n|turn|6\n|\n|t:|1739751272\n|-terastallize|p2a: Terapagos|Stellar\n|detailschange|p2a: Terapagos|Terapagos-Stellar, L50, M, tera:Stellar\n|-heal|p2a: Terapagos|92\/100|[silent]\n|move|p1b: Roaring Moon|Tailwind|p1b: Roaring Moon\n|-sidestart|p1: pokehys4|move: Tailwind\n|move|p1a: Okidogi|Drain Punch|p2a: Terapagos\n|-supereffective|p2a: Terapagos\n|-damage|p2a: Terapagos|28\/100\n|-heal|p1a: Okidogi|57\/100|[from] drain|[of] p2a: Terapagos\n|move|p2a: Terapagos|Tera Starstorm|p1a: Okidogi|[spread] p1a,p1b\n|-supereffective|p1b: Roaring Moon\n|-damage|p1a: Okidogi|10\/100\n|-damage|p1b: Roaring Moon|0 fnt\n|faint|p1b: Roaring Moon\n|-end|p1b: Roaring Moon|Protosynthesis|[silent]\n|\n|upkeep\n|-message|jecheonjo forfeited.\n|\n|win|pokehys4\n|raw|pokehys4's rating: 1578 &rarr; <strong>1603<\/strong><br \/>(+25 for winning)\n|raw|jecheonjo's rating: 1658 &rarr; <strong>1633<\/strong><br \/>(-25 for losing)\n|l|\u2606jecheonjo\n|player|p2|\n|l|\u2606pokehys4\n|player|p1|\n|l| pmg9\n|l| wagie get in cagie\n","uploadtime":1739751497,"views":8,"formatid":"gen9vgc2025regg","rating":1603,"private":0,"password":null}