{"id":"gen9vgc2025regg-2302050777","format":"[Gen 9] VGC 2025 Reg G","players":["Ducktile","CharizardYVGC"],"log":"|j|\u2606Ducktile\n|j|\u2606CharizardYVGC\n|t:|1739740924\n|gametype|doubles\n|player|p1|Ducktile|grimsley|1661\n|player|p2|CharizardYVGC|steven|1605\n|teamsize|p1|6\n|teamsize|p2|6\n|gen|9\n|tier|[Gen 9] VGC 2025 Reg G\n|rated|\n|rule|Species Clause: Limit one of each Pok\u00e9mon\n|rule|Item Clause: Limit 1 of each item\n|clearpoke\n|poke|p1|Tatsugiri, L50, M|\n|poke|p1|Chi-Yu, L50|\n|poke|p1|Dragonite, L50, F|\n|poke|p1|Dondozo, L50, M|\n|poke|p1|Gholdengo, L50|\n|poke|p1|Miraidon, L50|\n|poke|p2|Miraidon, L50|\n|poke|p2|Incineroar, L50, M|\n|poke|p2|Urshifu-*, L50, F|\n|poke|p2|Flutter Mane, L50|\n|poke|p2|Ogerpon-Hearthflame, L50, F|\n|poke|p2|Farigiraf, L50, F|\n|teampreview|4\n|inactive|Battle timer is ON: inactive players will automatically lose when time's up. (requested by CharizardYVGC)\n|\n|t:|1739740951\n|start\n|switch|p1a: Miraidon|Miraidon, L50|100\/100\n|switch|p1b: Chi-Yu|Chi-Yu, L50|100\/100\n|switch|p2a: Incineroar|Incineroar, L50, M|100\/100\n|switch|p2b: Miraidon|Miraidon, L50|100\/100\n|-fieldstart|move: Electric Terrain|[from] ability: Hadron Engine|[of] p2b: Miraidon\n|-activate|p1a: Miraidon|ability: Hadron Engine\n|-ability|p1b: Chi-Yu|Beads of Ruin\n|-ability|p2a: Incineroar|Intimidate|boost\n|-unboost|p1a: Miraidon|atk|1\n|-unboost|p1b: Chi-Yu|atk|1\n|turn|1\n|\n|t:|1739740973\n|move|p2a: Incineroar|Fake Out|p1a: Miraidon\n|-damage|p1a: Miraidon|91\/100\n|move|p2b: Miraidon|Volt Switch|p1b: Chi-Yu\n|-enditem|p1b: Chi-Yu|Focus Sash\n|-damage|p1b: Chi-Yu|1\/100\n|\n|t:|1739740983\n|switch|p2b: Flutter Mane|Flutter Mane, L50|100\/100|[from] Volt Switch\n|-enditem|p2b: Flutter Mane|Booster Energy\n|-activate|p2b: Flutter Mane|ability: Protosynthesis|[fromitem]\n|-start|p2b: Flutter Mane|protosynthesisspe\n|cant|p1a: Miraidon|flinch\n|move|p1b: Chi-Yu|Dark Pulse|p2b: Flutter Mane\n|-damage|p2b: Flutter Mane|41\/100\n|\n|upkeep\n|turn|2\n|\n|t:|1739740996\n|-terastallize|p1a: Miraidon|Fairy\n|move|p1b: Chi-Yu|Protect|p1b: Chi-Yu\n|-singleturn|p1b: Chi-Yu|Protect\n|move|p2b: Flutter Mane|Icy Wind|p1a: Miraidon|[spread] p1a\n|-activate|p1b: Chi-Yu|move: Protect\n|-damage|p1a: Miraidon|83\/100\n|-unboost|p1a: Miraidon|spe|1\n|move|p1a: Miraidon|Dazzling Gleam|p2a: Incineroar|[spread] p2a,p2b\n|-damage|p2a: Incineroar|57\/100\n|-damage|p2b: Flutter Mane|0 fnt\n|faint|p2b: Flutter Mane\n|-end|p2b: Flutter Mane|Protosynthesis|[silent]\n|move|p2a: Incineroar|Knock Off|p1a: Miraidon\n|-resisted|p1a: Miraidon\n|-damage|p1a: Miraidon|66\/100\n|-enditem|p1a: Miraidon|Assault Vest|[from] move: Knock Off|[of] p2a: Incineroar\n|\n|upkeep\n|\n|t:|1739741014\n|switch|p2b: Miraidon|Miraidon, L50|100\/100\n|-activate|p2b: Miraidon|ability: Hadron Engine\n|turn|3\n|inactive|Ducktile has 30 seconds left.\n|\n|t:|1739741040\n|move|p2b: Miraidon|Volt Switch|p1a: Miraidon\n|-damage|p1a: Miraidon|0 fnt\n|faint|p1a: Miraidon\n|\n|t:|1739741044\n|switch|p2b: Ogerpon|Ogerpon-Hearthflame, L50, F|100\/100|[from] Volt Switch\n|-ability|p2b: Ogerpon|Mold Breaker\n|move|p1b: Chi-Yu|Dark Pulse|p2b: Ogerpon\n|-damage|p2b: Ogerpon|42\/100\n|move|p2a: Incineroar|Knock Off|p1b: Chi-Yu\n|-resisted|p1b: Chi-Yu\n|-damage|p1b: Chi-Yu|0 fnt\n|faint|p1b: Chi-Yu\n|\n|upkeep\n|\n|t:|1739741052\n|switch|p1a: Dondozo|Dondozo, L50, M|100\/100\n|switch|p1b: Tatsugiri|Tatsugiri, L50, M|100\/100\n|-activate|p1b: Tatsugiri|ability: Commander|[of] p1a: Dondozo\n|-boost|p1a: Dondozo|atk|2\n|-boost|p1a: Dondozo|spa|2\n|-boost|p1a: Dondozo|spe|2\n|-boost|p1a: Dondozo|def|2\n|-boost|p1a: Dondozo|spd|2\n|turn|4\n|\n|t:|1739741073\n|-terastallize|p2a: Incineroar|Ghost\n|move|p2b: Ogerpon|Spiky Shield|p2b: Ogerpon\n|-singleturn|p2b: Ogerpon|move: Protect\n|move|p1a: Dondozo|Earthquake|p2b: Ogerpon|[spread] p2a\n|-miss|p1a: Dondozo|p1b: Tatsugiri\n|-activate|p2b: Ogerpon|move: Protect\n|-damage|p2a: Incineroar|22\/100\n|move|p2a: Incineroar|Will-O-Wisp|p1a: Dondozo\n|-status|p1a: Dondozo|brn\n|\n|-damage|p1a: Dondozo|94\/100 brn|[from] brn\n|upkeep\n|turn|5\n|\n|t:|1739741092\n|move|p1a: Dondozo|Earthquake|p2a: Incineroar|[spread] p2a,p2b\n|-miss|p1a: Dondozo|p1b: Tatsugiri\n|-damage|p2a: Incineroar|3\/100\n|-damage|p2b: Ogerpon|20\/100\n|move|p2b: Ogerpon|Power Whip|p1a: Dondozo\n|-supereffective|p1a: Dondozo\n|-damage|p1a: Dondozo|48\/100 brn\n|move|p2a: Incineroar|Parting Shot|p1a: Dondozo\n|-unboost|p1a: Dondozo|atk|1\n|-unboost|p1a: Dondozo|spa|1\n|\n|t:|1739741102\n|switch|p2a: Miraidon|Miraidon, L50|100\/100|[from] Parting Shot\n|-activate|p2a: Miraidon|ability: Hadron Engine\n|\n|-heal|p1a: Dondozo|54\/100 brn|[from] item: Leftovers\n|-damage|p1a: Dondozo|48\/100 brn|[from] brn\n|-fieldend|move: Electric Terrain\n|upkeep\n|turn|6\n|\n|t:|1739741116\n|move|p2b: Ogerpon|Spiky Shield|p2b: Ogerpon\n|-singleturn|p2b: Ogerpon|move: Protect\n|move|p2a: Miraidon|Dazzling Gleam|p1a: Dondozo|[spread] p1a\n|-miss|p2a: Miraidon|p1b: Tatsugiri\n|-damage|p1a: Dondozo|33\/100 brn\n|move|p1a: Dondozo|Earthquake|p2b: Ogerpon|[spread] p2a\n|-miss|p1a: Dondozo|p1b: Tatsugiri\n|-activate|p2b: Ogerpon|move: Protect\n|-supereffective|p2a: Miraidon\n|-damage|p2a: Miraidon|70\/100\n|\n|-heal|p1a: Dondozo|39\/100 brn|[from] item: Leftovers\n|-damage|p1a: Dondozo|33\/100 brn|[from] brn\n|upkeep\n|turn|7\n|\n|t:|1739741133\n|switch|p2a: Incineroar|Incineroar, L50, M, tera:Ghost|3\/100\n|-ability|p2a: Incineroar|Intimidate|boost\n|-unboost|p1a: Dondozo|atk|1\n|-unboost|p1b: Tatsugiri|atk|1\n|move|p1a: Dondozo|Earthquake|p2b: Ogerpon|[spread] p2a,p2b\n|-miss|p1a: Dondozo|p1b: Tatsugiri\n|-damage|p2a: Incineroar|0 fnt\n|-damage|p2b: Ogerpon|9\/100\n|faint|p2a: Incineroar\n|move|p2b: Ogerpon|Power Whip|p1a: Dondozo\n|-supereffective|p1a: Dondozo\n|-damage|p1a: Dondozo|0 fnt\n|faint|p1a: Dondozo\n|\n|upkeep\n|\n|t:|1739741147\n|switch|p2a: Miraidon|Miraidon, L50|70\/100\n|-fieldstart|move: Electric Terrain|[from] ability: Hadron Engine|[of] p2a: Miraidon\n|turn|8\n|\n|t:|1739741160\n|move|p2b: Ogerpon|Follow Me|p2b: Ogerpon\n|-singleturn|p2b: Ogerpon|move: Follow Me\n|move|p1b: Tatsugiri|Draco Meteor|p2b: Ogerpon\n|-damage|p2b: Ogerpon|0 fnt\n|-unboost|p1b: Tatsugiri|spa|2\n|faint|p2b: Ogerpon\n|move|p2a: Miraidon|Dazzling Gleam|p1b: Tatsugiri\n|-supereffective|p1b: Tatsugiri\n|-damage|p1b: Tatsugiri|0 fnt\n|faint|p1b: Tatsugiri\n|\n|win|CharizardYVGC\n|raw|Ducktile's rating: 1661 &rarr; <strong>1638<\/strong><br \/>(-23 for losing)\n|raw|CharizardYVGC's rating: 1605 &rarr; <strong>1628<\/strong><br \/>(+23 for winning)\n|l|\u2606CharizardYVGC\n|player|p2|\n|l|\u2606Ducktile\n|player|p1|\n","uploadtime":1739741388,"views":5,"formatid":"gen9vgc2025regg","rating":1628,"private":0,"password":null}