{"id":"gen9vgc2025regg-2302557828","format":"[Gen 9] VGC 2025 Reg G","players":["jvessel07","pcord cypher"],"log":"|j|\u2606jvessel07\n|j|\u2606pcord cypher\n|t:|1739813132\n|gametype|doubles\n|player|p1|jvessel07|baker|1605\n|player|p2|pcord cypher|266|1609\n|teamsize|p1|6\n|teamsize|p2|6\n|gen|9\n|tier|[Gen 9] VGC 2025 Reg G\n|rated|\n|rule|Species Clause: Limit one of each Pok\u00e9mon\n|rule|Item Clause: Limit 1 of each item\n|clearpoke\n|poke|p1|Smeargle, L50, M|\n|poke|p1|Muk-Alola, L50, F|\n|poke|p1|Flamigo, L50, M|\n|poke|p1|Dondozo, L50, M|\n|poke|p1|Giratina, L50|\n|poke|p1|Rillaboom, L50, F|\n|poke|p2|Kyogre, L50|\n|poke|p2|Chien-Pao, L50|\n|poke|p2|Tornadus, L50, M|\n|poke|p2|Tsareena, L50, F|\n|poke|p2|Dondozo, L50, F|\n|poke|p2|Tatsugiri-Droopy, L50, M|\n|teampreview|4\n|inactive|Battle timer is ON: inactive players will automatically lose when time's up. (requested by jvessel07)\n|inactive|pcord cypher has 60 seconds left.\n|\n|t:|1739813208\n|start\n|switch|p1a: Smeargle|Smeargle, L50, M|100\/100\n|switch|p1b: Muk|Muk-Alola, L50, F|100\/100\n|switch|p2a: Tsareena|Tsareena, L50, F|100\/100\n|switch|p2b: Chien-Pao|Chien-Pao, L50|100\/100\n|-ability|p2b: Chien-Pao|Sword of Ruin\n|turn|1\n|\n|t:|1739813218\n|switch|p2b: Dondozo|Dondozo, L50, F|100\/100\n|move|p1a: Smeargle|Fake Out||[still]\n|cant|p2a: Tsareena|ability: Queenly Majesty|Fake Out|[of] p1a: Smeargle\n|move|p2a: Tsareena|Taunt|p1a: Smeargle\n|-start|p1a: Smeargle|move: Taunt\n|move|p1b: Muk|Minimize|p1b: Muk\n|-boost|p1b: Muk|evasion|2\n|\n|-ability|p1a: Smeargle|Moody|boost\n|-boost|p1a: Smeargle|atk|2\n|-unboost|p1a: Smeargle|spd|1\n|upkeep\n|turn|2\n|inactive|pcord cypher has 30 seconds left.\n|inactive|pcord cypher has 20 seconds left.\n|\n|t:|1739813258\n|switch|p2a: Chien-Pao|Chien-Pao, L50|100\/100\n|-ability|p2a: Chien-Pao|Sword of Ruin\n|move|p1b: Muk|Protect|p1b: Muk\n|-singleturn|p1b: Muk|Protect\n|move|p1a: Smeargle|Explosion|p2b: Dondozo|[spread] p2a,p2b\n|-activate|p1b: Muk|move: Protect\n|-damage|p2a: Chien-Pao|42\/100\n|-damage|p2b: Dondozo|85\/100\n|faint|p1a: Smeargle\n|-ability|p1b: Muk|Moody|[from] ability: Power of Alchemy|[of] p1a: Smeargle\n|move|p2b: Dondozo|Wave Crash|p1b: Muk\n|-activate|p1b: Muk|move: Protect\n|\n|-heal|p2b: Dondozo|92\/100|[from] item: Leftovers\n|-ability|p1b: Muk|Moody|boost\n|-boost|p1b: Muk|spd|2\n|-unboost|p1b: Muk|spa|1\n|upkeep\n|\n|t:|1739813276\n|switch|p1a: Giratina|Giratina, L50|100\/100\n|-ability|p1a: Giratina|Pressure\n|turn|3\n|inactive|pcord cypher has 30 seconds left.\n|\n|t:|1739813301\n|move|p2b: Dondozo|Protect|p2b: Dondozo\n|-singleturn|p2b: Dondozo|Protect\n|move|p2a: Chien-Pao|Ice Spinner|p1a: Giratina\n|-supereffective|p1a: Giratina\n|-damage|p1a: Giratina|0 fnt\n|faint|p1a: Giratina\n|move|p1b: Muk|Minimize|p1b: Muk\n|-boost|p1b: Muk|evasion|2\n|\n|-heal|p2b: Dondozo|98\/100|[from] item: Leftovers\n|-ability|p1b: Muk|Moody|boost\n|-boost|p1b: Muk|spa|2\n|-unboost|p1b: Muk|atk|1\n|upkeep\n|inactive|jvessel07 has 30 seconds left.\n|\n|t:|1739813330\n|switch|p1a: Flamigo|Flamigo, L50, M|100\/100\n|-copyboost|p1a: Flamigo|p1b: Muk|[from] ability: Costar\n|-enditem|p1a: Flamigo|White Herb\n|-clearnegativeboost|p1a: Flamigo|[silent]\n|turn|4\n|\n|t:|1739813345\n|switch|p2a: Tatsugiri|Tatsugiri-Droopy, L50, M|100\/100\n|-activate|p2a: Tatsugiri|ability: Commander|[of] p2b: Dondozo\n|-boost|p2b: Dondozo|atk|2\n|-boost|p2b: Dondozo|spa|2\n|-boost|p2b: Dondozo|spe|2\n|-boost|p2b: Dondozo|def|2\n|-boost|p2b: Dondozo|spd|2\n|move|p1a: Flamigo|Swords Dance|p1a: Flamigo\n|-boost|p1a: Flamigo|atk|2\n|move|p2b: Dondozo|Order Up|p1a: Flamigo\n|-damage|p1a: Flamigo|52\/100\n|-boost|p2b: Dondozo|def|1\n|move|p1b: Muk|Toxic|p2b: Dondozo\n|-status|p2b: Dondozo|tox\n|\n|-heal|p2b: Dondozo|100\/100 tox|[from] item: Leftovers\n|-damage|p2b: Dondozo|94\/100 tox|[from] psn\n|-ability|p1b: Muk|Moody|boost\n|-boost|p1b: Muk|spa|2\n|-unboost|p1b: Muk|def|1\n|upkeep\n|turn|5\n|inactive|jvessel07 has 30 seconds left.\n|\n|t:|1739813372\n|move|p1a: Flamigo|Roost|p1a: Flamigo\n|-heal|p1a: Flamigo|100\/100\n|-singleturn|p1a: Flamigo|move: Roost\n|move|p2b: Dondozo|Body Press|p1b: Muk\n|-damage|p1b: Muk|32\/100\n|move|p1b: Muk|Knock Off|p2b: Dondozo\n|-damage|p2b: Dondozo|87\/100 tox\n|-enditem|p2b: Dondozo|Leftovers|[from] move: Knock Off|[of] p1b: Muk\n|\n|-heal|p1b: Muk|38\/100|[from] item: Leftovers\n|-damage|p2b: Dondozo|75\/100 tox|[from] psn\n|-ability|p1b: Muk|Moody|boost\n|-boost|p1b: Muk|spa|2\n|-unboost|p1b: Muk|atk|1\n|upkeep\n|turn|6\n|\n|t:|1739813390\n|move|p1a: Flamigo|Acrobatics|p2b: Dondozo\n|-damage|p2b: Dondozo|66\/100 tox\n|move|p2b: Dondozo|Wave Crash|p1b: Muk\n|-damage|p1b: Muk|0 fnt\n|faint|p1b: Muk\n|-damage|p2b: Dondozo|54\/100 tox|[from] Recoil\n|\n|-damage|p2b: Dondozo|35\/100 tox|[from] psn\n|upkeep\n|turn|7\n|\n|t:|1739813401\n|move|p1a: Flamigo|Swords Dance|p1a: Flamigo\n|-boost|p1a: Flamigo|atk|2\n|move|p2b: Dondozo|Wave Crash|p1a: Flamigo\n|-damage|p1a: Flamigo|0 fnt\n|faint|p1a: Flamigo\n|-damage|p2b: Dondozo|8\/100 tox|[from] Recoil\n|\n|win|pcord cypher\n|raw|jvessel07's rating: 1605 &rarr; <strong>1585<\/strong><br \/>(-20 for losing)\n|raw|pcord cypher's rating: 1609 &rarr; <strong>1629<\/strong><br \/>(+20 for winning)\n|c|\u2606pcord cypher|gg\n|l|\u2606jvessel07\n|player|p1|\n","uploadtime":1739813406,"views":12,"formatid":"gen9vgc2025regg","rating":1585,"private":0,"password":null}