{"id":"gen9vgc2025regg-2302312460","format":"[Gen 9] VGC 2025 Reg G","players":["Benjojos","pig duck eater"],"log":"|j|\u2606Benjojos\n|j|\u2606pig duck eater\n|t:|1739777681\n|gametype|doubles\n|player|p1|Benjojos|caitlin|1665\n|player|p2|pig duck eater|170|1573\n|teamsize|p1|6\n|teamsize|p2|6\n|gen|9\n|tier|[Gen 9] VGC 2025 Reg G\n|rated|\n|rule|Species Clause: Limit one of each Pok\u00e9mon\n|rule|Item Clause: Limit 1 of each item\n|clearpoke\n|poke|p1|Calyrex-Ice, L50|\n|poke|p1|Indeedee-F, L50, F|\n|poke|p1|Annihilape, L50, F|\n|poke|p1|Heatran, L50, M|\n|poke|p1|Sinistcha, L50|\n|poke|p1|Iron Valiant, L50|\n|poke|p2|Kyogre, L50|\n|poke|p2|Indeedee-F, L50, F|\n|poke|p2|Iron Crown, L50|\n|poke|p2|Garganacl, L50, M|\n|poke|p2|Weezing-Galar, L50, M|\n|poke|p2|Cyclizar, L50, M|\n|teampreview|4\n|inactive|Battle timer is ON: inactive players will automatically lose when time's up. (requested by Benjojos)\n|\n|t:|1739777718\n|start\n|switch|p1a: Calyrex|Calyrex-Ice, L50|100\/100\n|switch|p1b: Indeedee|Indeedee-F, L50, F|100\/100\n|switch|p2a: Iron Crown|Iron Crown, L50|100\/100\n|switch|p2b: Indeedee|Indeedee-F, L50, F|100\/100\n|-ability|p1a: Calyrex|As One\n|-ability|p1a: Calyrex|Unnerve\n|-fieldstart|move: Psychic Terrain|[from] ability: Psychic Surge|[of] p1b: Indeedee\n|-enditem|p1b: Indeedee|Psychic Seed\n|-boost|p1b: Indeedee|spd|1|[from] item: Psychic Seed\n|-enditem|p2a: Iron Crown|Booster Energy\n|-activate|p2a: Iron Crown|ability: Quark Drive|[fromitem]\n|-start|p2a: Iron Crown|quarkdrivespe\n|turn|1\n|\n|t:|1739777735\n|switch|p2b: Garganacl|Garganacl, L50, M|100\/100\n|-enditem|p2b: Garganacl|Psychic Seed\n|-boost|p2b: Garganacl|spd|1|[from] item: Psychic Seed\n|move|p2a: Iron Crown|Calm Mind|p2a: Iron Crown\n|-boost|p2a: Iron Crown|spa|1\n|-boost|p2a: Iron Crown|spd|1\n|move|p1a: Calyrex|Crunch|p2a: Iron Crown\n|-supereffective|p2a: Iron Crown\n|-damage|p2a: Iron Crown|27\/100\n|move|p1b: Indeedee|Trick Room|p1b: Indeedee\n|-fieldstart|move: Trick Room|[of] p1b: Indeedee\n|\n|upkeep\n|turn|2\n|\n|t:|1739777753\n|move|p2a: Iron Crown|Protect|p2a: Iron Crown\n|-singleturn|p2a: Iron Crown|Protect\n|move|p1b: Indeedee|Follow Me|p1b: Indeedee\n|-singleturn|p1b: Indeedee|move: Follow Me\n|move|p2b: Garganacl|Salt Cure|p1b: Indeedee\n|-damage|p1b: Indeedee|87\/100\n|-start|p1b: Indeedee|Salt Cure\n|move|p1a: Calyrex|Crunch|p2a: Iron Crown\n|-activate|p2a: Iron Crown|move: Protect\n|\n|-damage|p1b: Indeedee|75\/100|[from] Salt Cure\n|upkeep\n|turn|3\n|\n|t:|1739777776\n|-end|p2a: Iron Crown|Quark Drive|[silent]\n|switch|p2a: Indeedee|Indeedee-F, L50, F|100\/100\n|move|p1b: Indeedee|Follow Me|p1b: Indeedee\n|-singleturn|p1b: Indeedee|move: Follow Me\n|move|p2b: Garganacl|Salt Cure|p1b: Indeedee\n|-damage|p1b: Indeedee|60\/100\n|move|p1a: Calyrex|Crunch|p2a: Indeedee\n|-supereffective|p2a: Indeedee\n|-damage|p2a: Indeedee|28\/100\n|-damage|p1a: Calyrex|84\/100|[from] item: Rocky Helmet|[of] p2a: Indeedee\n|\n|-damage|p1b: Indeedee|48\/100|[from] Salt Cure\n|upkeep\n|turn|4\n|inactive|Benjojos has 30 seconds left.\n|\n|t:|1739777808\n|move|p1b: Indeedee|Follow Me|p1b: Indeedee\n|-singleturn|p1b: Indeedee|move: Follow Me\n|move|p2b: Garganacl|Salt Cure|p1b: Indeedee\n|-damage|p1b: Indeedee|36\/100\n|move|p2a: Indeedee|Psychic|p1b: Indeedee\n|-resisted|p1b: Indeedee\n|-damage|p1b: Indeedee|23\/100\n|move|p1a: Calyrex|Glacial Lance|p2a: Indeedee|[spread] p2a,p2b\n|-damage|p2a: Indeedee|0 fnt\n|-damage|p2b: Garganacl|67\/100\n|faint|p2a: Indeedee\n|-ability|p1a: Calyrex|Chilling Neigh|boost\n|-boost|p1a: Calyrex|atk|1\n|\n|-damage|p1b: Indeedee|10\/100|[from] Salt Cure\n|upkeep\n|\n|t:|1739777828\n|switch|p2a: Iron Crown|Iron Crown, L50|27\/100\n|turn|5\n|inactive|pig duck eater has 30 seconds left.\n|\n|t:|1739777855\n|move|p1b: Indeedee|Follow Me|p1b: Indeedee\n|-singleturn|p1b: Indeedee|move: Follow Me\n|move|p2b: Garganacl|Recover|p2b: Garganacl\n|-heal|p2b: Garganacl|100\/100\n|move|p1a: Calyrex|Seed Bomb|p2b: Garganacl\n|-supereffective|p2b: Garganacl\n|-damage|p2b: Garganacl|45\/100\n|move|p2a: Iron Crown|Tachyon Cutter|p1b: Indeedee\n|-damage|p1b: Indeedee|0 fnt\n|faint|p1b: Indeedee\n|-hitcount|p1: Indeedee|1\n|\n|-fieldend|move: Trick Room\n|-fieldend|move: Psychic Terrain\n|upkeep\n|\n|t:|1739777871\n|switch|p1b: Heatran|Heatran, L50, M|100\/100\n|turn|6\n|\n|t:|1739777895\n|-terastallize|p1a: Calyrex|Water\n|move|p2b: Garganacl|Protect|p2b: Garganacl\n|-singleturn|p2b: Garganacl|Protect\n|move|p2a: Iron Crown|Tachyon Cutter|p1a: Calyrex\n|-resisted|p1a: Calyrex\n|-damage|p1a: Calyrex|78\/100\n|-resisted|p1a: Calyrex\n|-damage|p1a: Calyrex|72\/100\n|-hitcount|p1a: Calyrex|2\n|move|p1b: Heatran|Magma Storm|p2a: Iron Crown\n|-supereffective|p2a: Iron Crown\n|-damage|p2a: Iron Crown|0 fnt\n|faint|p2a: Iron Crown\n|-end|p2a: Iron Crown|Quark Drive|[silent]\n|move|p1a: Calyrex|Seed Bomb|p2b: Garganacl\n|-activate|p2b: Garganacl|move: Protect\n|\n|upkeep\n|\n|t:|1739777898\n|switch|p2a: Kyogre|Kyogre, L50|100\/100\n|-weather|RainDance|[from] ability: Drizzle|[of] p2a: Kyogre\n|turn|7\n|inactive|pig duck eater has 30 seconds left.\n|\n|t:|1739777923\n|switch|p1b: Sinistcha|Sinistcha, L50|100\/100\n|-heal|p1a: Calyrex|97\/100|[from] ability: Hospitality|[of] p1b: Sinistcha\n|-terastallize|p2b: Garganacl|Poison\n|move|p2a: Kyogre|Water Spout|p1a: Calyrex|[spread] p1a,p1b\n|-resisted|p1a: Calyrex\n|-resisted|p1b: Sinistcha\n|-damage|p1a: Calyrex|76\/100\n|-damage|p1b: Sinistcha|48\/100\n|move|p1a: Calyrex|Seed Bomb|p2b: Garganacl\n|-resisted|p2b: Garganacl\n|-damage|p2b: Garganacl|31\/100\n|move|p2b: Garganacl|Salt Cure|p1a: Calyrex\n|-damage|p1a: Calyrex|67\/100\n|-start|p1a: Calyrex|Salt Cure\n|\n|-weather|RainDance|[upkeep]\n|-damage|p1a: Calyrex|43\/100|[from] Salt Cure\n|upkeep\n|turn|8\n|\n|t:|1739777945\n|switch|p1a: Heatran|Heatran, L50, M|100\/100\n|move|p1b: Sinistcha|Protect|p1b: Sinistcha\n|-singleturn|p1b: Sinistcha|Protect\n|move|p2a: Kyogre|Water Spout|p1b: Sinistcha|[spread] p1a\n|-activate|p1b: Sinistcha|move: Protect\n|-supereffective|p1a: Heatran\n|-damage|p1a: Heatran|0 fnt\n|faint|p1a: Heatran\n|move|p2b: Garganacl|Recover|p2b: Garganacl\n|-heal|p2b: Garganacl|82\/100\n|\n|-weather|RainDance|[upkeep]\n|upkeep\n|\n|t:|1739777956\n|switch|p1a: Calyrex|Calyrex-Ice, L50, tera:Water|43\/100\n|-ability|p1a: Calyrex|As One\n|-ability|p1a: Calyrex|Unnerve\n|turn|9\n|\n|t:|1739777961\n|move|p2a: Kyogre|Water Spout|p1b: Sinistcha|[spread] p1a,p1b\n|-resisted|p1a: Calyrex\n|-resisted|p1b: Sinistcha\n|-damage|p1a: Calyrex|19\/100\n|-damage|p1b: Sinistcha|0 fnt\n|faint|p1b: Sinistcha\n|move|p1a: Calyrex|Seed Bomb|p2a: Kyogre\n|-supereffective|p2a: Kyogre\n|-damage|p2a: Kyogre|32\/100\n|move|p2b: Garganacl|Salt Cure|p1a: Calyrex\n|-damage|p1a: Calyrex|11\/100\n|-start|p1a: Calyrex|Salt Cure\n|\n|-weather|RainDance|[upkeep]\n|-damage|p1a: Calyrex|0 fnt|[from] Salt Cure\n|faint|p1a: Calyrex\n|\n|win|pig duck eater\n|upkeep\n|raw|Benjojos's rating: 1665 &rarr; <strong>1640<\/strong><br \/>(-25 for losing)\n|raw|pig duck eater's rating: 1573 &rarr; <strong>1598<\/strong><br \/>(+25 for winning)\n|l|\u2606Benjojos\n|player|p1|\n|l|\u2606pig duck eater\n|player|p2|\n","uploadtime":1739778100,"views":7,"formatid":"gen9vgc2025regg","rating":1598,"private":0,"password":null}