{"id":"gen9vgc2025regg-2302583212","format":"[Gen 9] VGC 2025 Reg G","players":["mlm2016","Daleg"],"log":"|j|\u2606mlm2016\n|j|\u2606Daleg\n|t:|1739815821\n|gametype|doubles\n|player|p1|mlm2016|266|1626\n|player|p2|Daleg|102|1675\n|teamsize|p1|6\n|teamsize|p2|6\n|gen|9\n|tier|[Gen 9] VGC 2025 Reg G\n|rated|\n|rule|Species Clause: Limit one of each Pok\u00e9mon\n|rule|Item Clause: Limit 1 of each item\n|clearpoke\n|poke|p1|Miraidon, L50|\n|poke|p1|Urshifu-*, L50, M|\n|poke|p1|Iron Hands, L50|\n|poke|p1|Whimsicott, L50, M|\n|poke|p1|Farigiraf, L50, F|\n|poke|p1|Sneasler, L50, F|\n|poke|p2|Zamazenta-*, L50|\n|poke|p2|Amoonguss, L50, M|\n|poke|p2|Chien-Pao, L50|\n|poke|p2|Flutter Mane, L50|\n|poke|p2|Rillaboom, L50, F|\n|poke|p2|Dragonite, L50, F|\n|teampreview|4\n|inactive|Battle timer is ON: inactive players will automatically lose when time's up. (requested by mlm2016)\n|inactive|Daleg has 60 seconds left.\n|inactive|Daleg has 30 seconds left.\n|j| Baguettezzz\n|inactive|Daleg has 20 seconds left.\n|inactive|Daleg has 15 seconds left.\n|inactive|Daleg has 10 seconds left.\n|\n|t:|1739815905\n|start\n|switch|p1a: Miraidon|Miraidon, L50|100\/100\n|switch|p1b: Sneasler|Sneasler, L50, F|100\/100\n|switch|p2a: Zamazenta|Zamazenta-Crowned, L50|100\/100\n|switch|p2b: Chien-Pao|Chien-Pao, L50|100\/100\n|-fieldstart|move: Electric Terrain|[from] ability: Hadron Engine|[of] p1a: Miraidon\n|-enditem|p1b: Sneasler|Electric Seed\n|-boost|p1b: Sneasler|def|1|[from] item: Electric Seed\n|-ability|p2b: Chien-Pao|Sword of Ruin\n|-ability|p2a: Zamazenta|Dauntless Shield|boost\n|-boost|p2a: Zamazenta|def|1\n|turn|1\n|inactive|Daleg has 30 seconds left.\n|\n|t:|1739815931\n|switch|p2b: Rillaboom|Rillaboom, L50, F|100\/100\n|-fieldstart|move: Grassy Terrain|[from] ability: Grassy Surge|[of] p2b: Rillaboom\n|-terastallize|p2a: Zamazenta|Grass\n|move|p1b: Sneasler|Acid Spray|p2b: Rillaboom\n|-supereffective|p2b: Rillaboom\n|-damage|p2b: Rillaboom|91\/100\n|-unboost|p2b: Rillaboom|spd|2\n|move|p1a: Miraidon|Volt Switch|p2b: Rillaboom\n|-resisted|p2b: Rillaboom\n|-damage|p2b: Rillaboom|63\/100\n|\n|t:|1739815945\n|switch|p1a: Whimsicott|Whimsicott, L50, M|100\/100|[from] Volt Switch\n|move|p2a: Zamazenta|Behemoth Bash|p1b: Sneasler\n|-damage|p1b: Sneasler|56\/100\n|\n|-heal|p1b: Sneasler|62\/100|[from] Grassy Terrain\n|-heal|p2b: Rillaboom|68\/100|[from] Grassy Terrain\n|upkeep\n|turn|2\n|\n|t:|1739815965\n|switch|p1a: Farigiraf|Farigiraf, L50, F|100\/100\n|move|p2b: Rillaboom|Fake Out||[still]\n|cant|p1a: Farigiraf|ability: Armor Tail|Fake Out|[of] p2b: Rillaboom\n|move|p1b: Sneasler|Gunk Shot|p2a: Zamazenta\n|-supereffective|p2a: Zamazenta\n|-damage|p2a: Zamazenta|42\/100\n|-status|p2a: Zamazenta|psn\n|move|p2a: Zamazenta|Behemoth Bash|p1a: Farigiraf\n|-damage|p1a: Farigiraf|54\/100\n|\n|-heal|p1b: Sneasler|68\/100|[from] Grassy Terrain\n|-heal|p2a: Zamazenta|48\/100 psn|[from] Grassy Terrain\n|-heal|p2b: Rillaboom|74\/100|[from] Grassy Terrain\n|-heal|p1a: Farigiraf|61\/100|[from] Grassy Terrain\n|-damage|p2a: Zamazenta|36\/100 psn|[from] psn\n|upkeep\n|turn|3\n|inactive|Daleg has 30 seconds left.\n|\n|t:|1739815994\n|move|p1b: Sneasler|Gunk Shot|p2b: Rillaboom\n|-supereffective|p2b: Rillaboom\n|-damage|p2b: Rillaboom|0 fnt\n|faint|p2b: Rillaboom\n|move|p2a: Zamazenta|Body Press|p1a: Farigiraf\n|-damage|p1a: Farigiraf|0 fnt\n|faint|p1a: Farigiraf\n|\n|-heal|p1b: Sneasler|74\/100|[from] Grassy Terrain\n|-heal|p2a: Zamazenta|42\/100 psn|[from] Grassy Terrain\n|-damage|p2a: Zamazenta|30\/100 psn|[from] psn\n|upkeep\n|inactive|Daleg has 30 seconds left.\n|inactive|Daleg has 20 seconds left.\n|\n|t:|1739816032\n|switch|p2b: Chien-Pao|Chien-Pao, L50|100\/100\n|switch|p1a: Miraidon|Miraidon, L50|100\/100\n|-fieldstart|move: Electric Terrain|[from] ability: Hadron Engine|[of] p1a: Miraidon\n|-ability|p2b: Chien-Pao|Sword of Ruin\n|turn|4\n|l| Baguettezzz\n|j| 2rffwd\n|\n|t:|1739816053\n|move|p2b: Chien-Pao|Protect|p2b: Chien-Pao\n|-singleturn|p2b: Chien-Pao|Protect\n|move|p1b: Sneasler|Acid Spray|p2b: Chien-Pao\n|-activate|p2b: Chien-Pao|move: Protect\n|move|p1a: Miraidon|Volt Switch|p2b: Chien-Pao\n|-activate|p2b: Chien-Pao|move: Protect\n|move|p2a: Zamazenta|Body Press|p1a: Miraidon\n|-damage|p1a: Miraidon|35\/100\n|\n|-damage|p2a: Zamazenta|18\/100 psn|[from] psn\n|upkeep\n|turn|5\n|\n|t:|1739816076\n|-terastallize|p1a: Miraidon|Fairy\n|move|p2b: Chien-Pao|Sucker Punch|p1a: Miraidon\n|-resisted|p1a: Miraidon\n|-damage|p1a: Miraidon|14\/100\n|move|p1b: Sneasler|Acid Spray|p2b: Chien-Pao\n|-damage|p2b: Chien-Pao|90\/100\n|-unboost|p2b: Chien-Pao|spd|2\n|move|p1a: Miraidon|Volt Switch|p2b: Chien-Pao\n|-damage|p2b: Chien-Pao|0 fnt\n|faint|p2b: Chien-Pao\n|l| 2rffwd\n|\n|t:|1739816088\n|switch|p1a: Whimsicott|Whimsicott, L50, M|100\/100|[from] Volt Switch\n|move|p2a: Zamazenta|Behemoth Bash|p1b: Sneasler\n|-damage|p1b: Sneasler|27\/100\n|\n|-damage|p2a: Zamazenta|6\/100 psn|[from] psn\n|upkeep\n|\n|t:|1739816095\n|switch|p2b: Flutter Mane|Flutter Mane, L50|100\/100\n|turn|6\n|j| continuethesaga\n|\n|t:|1739816111\n|move|p1a: Whimsicott|Tailwind|p1a: Whimsicott\n|-sidestart|p1: mlm2016|move: Tailwind\n|move|p1b: Sneasler|Gunk Shot|p2b: Flutter Mane\n|-damage|p2b: Flutter Mane|4\/100\n|move|p2b: Flutter Mane|Dazzling Gleam|p1b: Sneasler|[spread] p1a,p1b\n|-damage|p1a: Whimsicott|50\/100\n|-damage|p1b: Sneasler|0 fnt\n|faint|p1b: Sneasler\n|move|p2a: Zamazenta|Behemoth Bash|p1a: Whimsicott\n|-supereffective|p1a: Whimsicott\n|-damage|p1a: Whimsicott|0 fnt\n|faint|p1a: Whimsicott\n|\n|-damage|p2a: Zamazenta|0 fnt|[from] psn\n|faint|p2a: Zamazenta\n|upkeep\n|\n|t:|1739816129\n|switch|p1b: Miraidon|Miraidon, L50, tera:Fairy|14\/100\n|-activate|p1b: Miraidon|ability: Hadron Engine\n|turn|7\n|\n|t:|1739816136\n|move|p1b: Miraidon|Electro Drift|p2b: Flutter Mane\n|-damage|p2b: Flutter Mane|0 fnt\n|faint|p2b: Flutter Mane\n|-end|p2b: Flutter Mane|Protosynthesis|[silent]\n|\n|win|mlm2016\n|raw|mlm2016's rating: 1626 &rarr; <strong>1649<\/strong><br \/>(+23 for winning)\n|raw|Daleg's rating: 1675 &rarr; <strong>1652<\/strong><br \/>(-23 for losing)\n|l|\u2606Daleg\n|player|p2|\n|l|\u2606mlm2016\n|player|p1|\n|l| continuethesaga\n","uploadtime":1739816331,"views":6,"formatid":"gen9vgc2025regg","rating":1649,"private":0,"password":null}