{"id":"gen9vgc2025regg-2302910197","format":"[Gen 9] VGC 2025 Reg G","players":["ok3rd","aoiharada"],"log":"|j|\u2606ok3rd\n|j|\u2606aoiharada\n|t:|1739854646\n|gametype|doubles\n|player|p1|ok3rd|lillie-z|1643\n|player|p2|aoiharada|169|1692\n|teamsize|p1|6\n|teamsize|p2|6\n|gen|9\n|tier|[Gen 9] VGC 2025 Reg G\n|rated|\n|rule|Species Clause: Limit one of each Pok\u00e9mon\n|rule|Item Clause: Limit 1 of each item\n|clearpoke\n|poke|p1|Raging Bolt, L50|\n|poke|p1|Miraidon, L50|\n|poke|p1|Ogerpon-Hearthflame, L50, F|\n|poke|p1|Torkoal, L50, M|\n|poke|p1|Farigiraf, L50, M|\n|poke|p1|Ursaluna, L50, M|\n|poke|p2|Kyogre, L50|\n|poke|p2|Rillaboom, L50, F|\n|poke|p2|Incineroar, L50, M|\n|poke|p2|Amoonguss, L50, F|\n|poke|p2|Urshifu-*, L50, M|\n|poke|p2|Roaring Moon, L50|\n|teampreview|4\n|inactive|Battle timer is ON: inactive players will automatically lose when time's up. (requested by ok3rd)\n|\n|t:|1739854668\n|start\n|switch|p1a: Miraidon|Miraidon, L50|100\/100\n|switch|p1b: Farigiraf|Farigiraf, L50, M|100\/100\n|switch|p2a: Rillaboom|Rillaboom, L50, F|100\/100\n|switch|p2b: Incineroar|Incineroar, L50, M|100\/100\n|-fieldstart|move: Electric Terrain|[from] ability: Hadron Engine|[of] p1a: Miraidon\n|-enditem|p1b: Farigiraf|Electric Seed\n|-boost|p1b: Farigiraf|def|1|[from] item: Electric Seed\n|-fieldstart|move: Grassy Terrain|[from] ability: Grassy Surge|[of] p2a: Rillaboom\n|turn|1\n|\n|t:|1739854682\n|switch|p2b: Amoonguss|Amoonguss, L50, F|100\/100\n|move|p1b: Farigiraf|Helping Hand|p1a: Miraidon\n|-singleturn|p1a: Miraidon|Helping Hand|[of] p1b: Farigiraf\n|move|p1a: Miraidon|Draco Meteor|p2a: Rillaboom\n|-damage|p2a: Rillaboom|18\/100\n|-unboost|p1a: Miraidon|spa|2\n|move|p2a: Rillaboom|U-turn|p1b: Farigiraf\n|-supereffective|p1b: Farigiraf\n|-damage|p1b: Farigiraf|78\/100\n|\n|t:|1739854693\n|switch|p2a: Kyogre|Kyogre, L50|100\/100|[from] U-turn\n|-weather|RainDance|[from] ability: Drizzle|[of] p2a: Kyogre\n|\n|-weather|RainDance|[upkeep]\n|-heal|p1b: Farigiraf|85\/100|[from] Grassy Terrain\n|upkeep\n|turn|2\n|inactive|aoiharada has 30 seconds left.\n|\n|t:|1739854721\n|switch|p2a: Rillaboom|Rillaboom, L50, F|18\/100\n|move|p1b: Farigiraf|Helping Hand|p1a: Miraidon\n|-singleturn|p1a: Miraidon|Helping Hand|[of] p1b: Farigiraf\n|move|p1a: Miraidon|Draco Meteor|p2a: Rillaboom\n|-damage|p2a: Rillaboom|0 fnt\n|-unboost|p1a: Miraidon|spa|2\n|faint|p2a: Rillaboom\n|move|p2b: Amoonguss|Pollen Puff|p2: Rillaboom|[notarget]\n|-fail|p2b: Amoonguss\n|\n|-weather|RainDance|[upkeep]\n|-heal|p1b: Farigiraf|91\/100|[from] Grassy Terrain\n|upkeep\n|\n|t:|1739854729\n|switch|p2a: Kyogre|Kyogre, L50|100\/100\n|turn|3\n|\n|t:|1739854738\n|move|p1b: Farigiraf|Helping Hand|p1a: Miraidon\n|-singleturn|p1a: Miraidon|Helping Hand|[of] p1b: Farigiraf\n|move|p1a: Miraidon|Draco Meteor|p2a: Kyogre\n|-damage|p2a: Kyogre|65\/100\n|-unboost|p1a: Miraidon|spa|2\n|move|p2a: Kyogre|Calm Mind|p2a: Kyogre\n|-boost|p2a: Kyogre|spa|1\n|-boost|p2a: Kyogre|spd|1\n|move|p2b: Amoonguss|Spore|p1a: Miraidon\n|-status|p1a: Miraidon|slp|[from] move: Spore\n|\n|-weather|RainDance|[upkeep]\n|-heal|p2a: Kyogre|71\/100|[from] Grassy Terrain\n|-heal|p2a: Kyogre|77\/100|[from] item: Leftovers\n|-heal|p1b: Farigiraf|97\/100|[from] Grassy Terrain\n|upkeep\n|turn|4\n|inactive|aoiharada has 30 seconds left.\n|inactive|aoiharada has 20 seconds left.\n|inactive|aoiharada has 15 seconds left.\n|inactive|aoiharada has 10 seconds left.\n|inactive|aoiharada has 5 seconds left.\n|\n|t:|1739854793\n|move|p2a: Kyogre|Protect|p2a: Kyogre\n|-singleturn|p2a: Kyogre|Protect\n|cant|p1a: Miraidon|slp\n|move|p1b: Farigiraf|Psychic Noise|p2b: Amoonguss\n|-supereffective|p2b: Amoonguss\n|-damage|p2b: Amoonguss|51\/100\n|-start|p2b: Amoonguss|move: Heal Block\n|move|p2b: Amoonguss|Clear Smog|p1b: Farigiraf\n|-damage|p1b: Farigiraf|84\/100\n|-clearboost|p1b: Farigiraf\n|\n|-weather|RainDance|[upkeep]\n|-heal|p2a: Kyogre|83\/100|[from] Grassy Terrain\n|-heal|p2a: Kyogre|90\/100|[from] item: Leftovers\n|-heal|p1b: Farigiraf|90\/100|[from] Grassy Terrain\n|upkeep\n|turn|5\n|inactive|aoiharada has 30 seconds left.\n|inactive|aoiharada has 20 seconds left.\n|inactive|aoiharada has 15 seconds left.\n|inactive|aoiharada has 10 seconds left.\n|inactive|aoiharada has 5 seconds left.\n|\n|t:|1739854848\n|move|p1b: Farigiraf|Helping Hand|p1a: Miraidon\n|-singleturn|p1a: Miraidon|Helping Hand|[of] p1b: Farigiraf\n|move|p2a: Kyogre|Protect||[still]\n|-fail|p2a: Kyogre\n|-curestatus|p1a: Miraidon|slp|[msg]\n|move|p1a: Miraidon|Draco Meteor|p2a: Kyogre\n|-crit|p2a: Kyogre\n|-damage|p2a: Kyogre|0 fnt\n|faint|p2a: Kyogre\n|move|p2b: Amoonguss|Clear Smog|p1b: Farigiraf\n|-damage|p1b: Farigiraf|76\/100\n|-clearboost|p1b: Farigiraf\n|\n|-weather|none\n|-heal|p1b: Farigiraf|82\/100|[from] Grassy Terrain\n|-end|p2b: Amoonguss|move: Heal Block\n|-fieldend|move: Grassy Terrain\n|upkeep\n|c|\u2606ok3rd|i am lucky\n|inactive|aoiharada has 30 seconds left.\n|inactive|aoiharada has 20 seconds left.\n|inactive|aoiharada has 15 seconds left.\n|inactive|aoiharada has 10 seconds left.\n|inactive|aoiharada has 5 seconds left.\n|\n|t:|1739854903\n|switch|p2a: Incineroar|Incineroar, L50, M|100\/100\n|turn|6\n|inactive|aoiharada has 30 seconds left.\n|inactive|aoiharada has 20 seconds left.\n|inactive|aoiharada has 15 seconds left.\n|inactive|aoiharada has 10 seconds left.\n|inactive|aoiharada has 5 seconds left.\n|\n|t:|1739854958\n|move|p2a: Incineroar|Fake Out||[still]\n|cant|p1b: Farigiraf|ability: Armor Tail|Fake Out|[of] p2a: Incineroar\n|move|p1a: Miraidon|Draco Meteor|p2b: Amoonguss\n|-damage|p2b: Amoonguss|27\/100\n|move|p1b: Farigiraf|Psychic Noise|p2b: Amoonguss\n|-supereffective|p2b: Amoonguss\n|-damage|p2b: Amoonguss|0 fnt\n|faint|p2b: Amoonguss\n|\n|upkeep\n|turn|7\n|inactive|aoiharada has 30 seconds left.\n|inactive|aoiharada has 20 seconds left.\n|inactive|aoiharada has 15 seconds left.\n|inactive|aoiharada has 10 seconds left.\n|inactive|aoiharada has 5 seconds left.\n|\n|t:|1739855013\n|switch|p1a: Torkoal|Torkoal, L50, M|100\/100\n|-weather|SunnyDay|[from] ability: Drought|[of] p1a: Torkoal\n|-item|p1a: Torkoal|Air Balloon\n|switch|p1b: Ursaluna|Ursaluna, L50, M|100\/100\n|move|p2a: Incineroar|Fake Out||[still]\n|-hint|Fake Out only works on your first turn out.\n|-fail|p2a: Incineroar\n|\n|-weather|SunnyDay|[upkeep]\n|-status|p1b: Ursaluna|brn|[from] item: Flame Orb\n|upkeep\n|turn|8\n|inactive|aoiharada has 30 seconds left.\n|inactive|aoiharada has 20 seconds left.\n|inactive|aoiharada has 15 seconds left.\n|inactive|aoiharada has 10 seconds left.\n|inactive|aoiharada has 5 seconds left.\n|\n|t:|1739855068\n|-terastallize|p1a: Torkoal|Fire\n|move|p1b: Ursaluna|Protect|p1b: Ursaluna\n|-singleturn|p1b: Ursaluna|Protect\n|move|p2a: Incineroar|Fake Out||[still]\n|-hint|Fake Out only works on your first turn out.\n|-fail|p2a: Incineroar\n|move|p1a: Torkoal|Overheat|p2a: Incineroar\n|-resisted|p2a: Incineroar\n|-damage|p2a: Incineroar|50\/100\n|-unboost|p1a: Torkoal|spa|2\n|\n|-weather|SunnyDay|[upkeep]\n|-damage|p1b: Ursaluna|95\/100 brn|[from] brn\n|upkeep\n|turn|9\n|inactive|aoiharada has 30 seconds left.\n|inactive|aoiharada has 20 seconds left.\n|inactive|aoiharada has 15 seconds left.\n|inactive|aoiharada has 10 seconds left.\n|j| DanceOrchestra\n|inactive|aoiharada has 5 seconds left.\n|-message|aoiharada lost due to inactivity.\n|\n|win|ok3rd\n|raw|ok3rd's rating: 1643 &rarr; <strong>1666<\/strong><br \/>(+23 for winning)\n|raw|aoiharada's rating: 1692 &rarr; <strong>1669<\/strong><br \/>(-23 for losing)\n|l|\u2606ok3rd\n|player|p1|\n|l|\u2606aoiharada\n|player|p2|\n","uploadtime":1739855362,"views":14,"formatid":"gen9vgc2025regg","rating":1666,"private":0,"password":null}