{"id":"gen9vgc2025regg-2302434666","format":"[Gen 9] VGC 2025 Reg G","players":["ComradeClownVGC","ok3rd"],"log":"|j|\u2606ComradeClownVGC\n|j|\u2606ok3rd\n|t:|1739798710\n|gametype|doubles\n|player|p1|ComradeClownVGC|harlequin|1601\n|player|p2|ok3rd|lillie-z|1698\n|teamsize|p1|6\n|teamsize|p2|6\n|gen|9\n|tier|[Gen 9] VGC 2025 Reg G\n|rated|\n|rule|Species Clause: Limit one of each Pok\u00e9mon\n|rule|Item Clause: Limit 1 of each item\n|clearpoke\n|poke|p1|Whimsicott, L50, M|\n|poke|p1|Okidogi, L50, M|\n|poke|p1|Flutter Mane, L50|\n|poke|p1|Arcanine-Hisui, L50, M|\n|poke|p1|Calyrex-Shadow, L50|\n|poke|p1|Chi-Yu, L50|\n|poke|p2|Raging Bolt, L50|\n|poke|p2|Miraidon, L50|\n|poke|p2|Ogerpon-Hearthflame, L50, F|\n|poke|p2|Torkoal, L50, M|\n|poke|p2|Farigiraf, L50, M|\n|poke|p2|Ursaluna, L50, M|\n|teampreview|4\n|inactive|Battle timer is ON: inactive players will automatically lose when time's up. (requested by ok3rd)\nComradeClownVGC has agreed to open team sheets.\n|\n|t:|1739798731\n|start\n|switch|p1a: Farter Man|Flutter Mane, L50|100\/100\n|switch|p1b: Honse|Calyrex-Shadow, L50|100\/100\n|switch|p2a: Raging Bolt|Raging Bolt, L50|100\/100\n|switch|p2b: Miraidon|Miraidon, L50|100\/100\n|-ability|p1b: Honse|As One\n|-ability|p1b: Honse|Unnerve\n|-fieldstart|move: Electric Terrain|[from] ability: Hadron Engine|[of] p2b: Miraidon\n|-enditem|p1a: Farter Man|Booster Energy\n|-activate|p1a: Farter Man|ability: Protosynthesis|[fromitem]\n|-start|p1a: Farter Man|protosynthesisspe\n|turn|1\n|\n|t:|1739798752\n|switch|p2b: Farigiraf|Farigiraf, L50, M|100\/100\n|-enditem|p2b: Farigiraf|Electric Seed\n|-boost|p2b: Farigiraf|def|1|[from] item: Electric Seed\n|-terastallize|p1b: Honse|Ghost\n|-terastallize|p2a: Raging Bolt|Electric\n|move|p2a: Raging Bolt|Thunderclap|p1b: Honse\n|-damage|p1b: Honse|6\/100\n|-damage|p2a: Raging Bolt|91\/100|[from] item: Life Orb\n|move|p1a: Farter Man|Icy Wind|p2b: Farigiraf|[spread] p2a,p2b\n|-damage|p2a: Raging Bolt|79\/100\n|-damage|p2b: Farigiraf|89\/100\n|-unboost|p2a: Raging Bolt|spe|1\n|-unboost|p2b: Farigiraf|spe|1\n|move|p1b: Honse|Astral Barrage|p2b: Farigiraf|[spread] p2a\n|-immune|p2b: Farigiraf\n|-damage|p2a: Raging Bolt|0 fnt\n|faint|p2a: Raging Bolt\n|-end|p2a: Raging Bolt|Protosynthesis|[silent]\n|-ability|p1b: Honse|Grim Neigh|boost\n|-boost|p1b: Honse|spa|1\n|-damage|p1b: Honse|0 fnt|[from] item: Life Orb\n|faint|p1b: Honse\n|\n|upkeep\n|\n|t:|1739798772\n|switch|p1b: Feesh|Chi-Yu, L50|100\/100\n|switch|p2a: Miraidon|Miraidon, L50|100\/100\n|-activate|p2a: Miraidon|ability: Hadron Engine\n|-ability|p1b: Feesh|Beads of Ruin\n|turn|2\n|\n|t:|1739798790\n|move|p1a: Farter Man|Moonblast|p2a: Miraidon\n|-supereffective|p2a: Miraidon\n|-damage|p2a: Miraidon|4\/100\n|move|p2a: Miraidon|Electro Drift|p1b: Feesh\n|-damage|p1b: Feesh|0 fnt\n|faint|p1b: Feesh\n|move|p2b: Farigiraf|Trick Room|p2b: Farigiraf\n|-fieldstart|move: Trick Room|[of] p2b: Farigiraf\n|\n|upkeep\n|\n|t:|1739798798\n|switch|p1b: StylishDoggy|Arcanine-Hisui, L50, M, shiny|100\/100\n|-ability|p1b: StylishDoggy|Intimidate|boost\n|-unboost|p2a: Miraidon|atk|1\n|-unboost|p2b: Farigiraf|atk|1\n|turn|3\n|\n|t:|1739798816\n|move|p2b: Farigiraf|Psychic Noise|p1a: Farter Man\n|-damage|p1a: Farter Man|75\/100\n|-start|p1a: Farter Man|move: Heal Block\n|move|p1b: StylishDoggy|Rock Slide|p2a: Miraidon|[spread] p2a,p2b\n|-damage|p2a: Miraidon|0 fnt\n|-damage|p2b: Farigiraf|66\/100\n|faint|p2a: Miraidon\n|move|p1a: Farter Man|Moonblast|p2b: Farigiraf\n|-damage|p2b: Farigiraf|27\/100\n|-unboost|p2b: Farigiraf|spa|1\n|\n|upkeep\n|\n|t:|1739798818\n|switch|p2a: Ursaluna|Ursaluna, L50, M|100\/100\n|turn|4\n|\n|t:|1739798832\n|move|p2a: Ursaluna|Protect|p2a: Ursaluna\n|-singleturn|p2a: Ursaluna|Protect\n|move|p2b: Farigiraf|Foul Play|p1b: StylishDoggy\n|-damage|p1b: StylishDoggy|64\/100\n|move|p1b: StylishDoggy|Rock Slide|p2a: Ursaluna|[spread] p2b\n|-activate|p2a: Ursaluna|move: Protect\n|-crit|p2b: Farigiraf\n|-damage|p2b: Farigiraf|0 fnt\n|faint|p2b: Farigiraf\n|move|p1a: Farter Man|Moonblast|p2a: Ursaluna\n|-activate|p2a: Ursaluna|move: Protect\n|\n|-end|p1a: Farter Man|move: Heal Block\n|-status|p2a: Ursaluna|brn|[from] item: Flame Orb\n|upkeep\n|turn|5\n|c|\u2606ok3rd|gg\n|\n|t:|1739798850\n|move|p2a: Ursaluna|Earthquake|p1a: Farter Man|[spread] p1a,p1b\n|-crit|p1a: Farter Man\n|-supereffective|p1b: StylishDoggy\n|-damage|p1a: Farter Man|0 fnt\n|-damage|p1b: StylishDoggy|0 fnt\n|faint|p1a: Farter Man\n|-end|p1a: Farter Man|Protosynthesis|[silent]\n|faint|p1b: StylishDoggy\n|\n|win|ok3rd\n|raw|ComradeClownVGC's rating: 1601 &rarr; <strong>1586<\/strong><br \/>(-15 for losing)\n|raw|ok3rd's rating: 1698 &rarr; <strong>1713<\/strong><br \/>(+15 for winning)\n|l|\u2606ok3rd\n|player|p2|\n","uploadtime":1739799106,"views":11,"formatid":"gen9vgc2025regg","rating":1586,"private":0,"password":null}