{"id":"gen9vgc2025regg-2302920312","format":"[Gen 9] VGC 2025 Reg G","players":["Cdogp","Zakmancho"],"log":"|j|\u2606Cdogp\n|j|\u2606Zakmancho\n|t:|1739856409\n|gametype|doubles\n|player|p1|Cdogp|wattson|1740\n|player|p2|Zakmancho|170|1642\n|teamsize|p1|6\n|teamsize|p2|6\n|gen|9\n|tier|[Gen 9] VGC 2025 Reg G\n|rated|\n|rule|Species Clause: Limit one of each Pok\u00e9mon\n|rule|Item Clause: Limit 1 of each item\n|clearpoke\n|poke|p1|Urshifu-*, L50, F|\n|poke|p1|Ursaluna, L50, F|\n|poke|p1|Miraidon, L50|\n|poke|p1|Iron Crown, L50|\n|poke|p1|Incineroar, L50, M|\n|poke|p1|Whimsicott, L50, F|\n|poke|p2|Koraidon, L50|\n|poke|p2|Chi-Yu, L50|\n|poke|p2|Flutter Mane, L50|\n|poke|p2|Ogerpon-Cornerstone, L50, F|\n|poke|p2|Raging Bolt, L50|\n|poke|p2|Whimsicott, L50, F|\n|teampreview|4\n|inactive|Battle timer is ON: inactive players will automatically lose when time's up. (requested by Zakmancho)\n|inactive|Cdogp has 60 seconds left.\n|inactive|Zakmancho has 60 seconds left.\n|\n|t:|1739856463\n|start\n|switch|p1a: Whimsicott|Whimsicott, L50, F|100\/100\n|switch|p1b: Miraidon|Miraidon, L50|100\/100\n|switch|p2a: Whimsicott|Whimsicott, L50, F|100\/100\n|switch|p2b: Flutter Mane|Flutter Mane, L50|100\/100\n|-fieldstart|move: Electric Terrain|[from] ability: Hadron Engine|[of] p1b: Miraidon\n|-enditem|p2b: Flutter Mane|Booster Energy\n|-activate|p2b: Flutter Mane|ability: Protosynthesis|[fromitem]\n|-start|p2b: Flutter Mane|protosynthesisspe\n|turn|1\n|\n|t:|1739856472\n|move|p2b: Flutter Mane|Protect|p2b: Flutter Mane\n|-singleturn|p2b: Flutter Mane|Protect\n|move|p2a: Whimsicott|Tailwind|p2a: Whimsicott\n|-sidestart|p2: Zakmancho|move: Tailwind\n|move|p1a: Whimsicott|Tailwind|p1a: Whimsicott\n|-sidestart|p1: Cdogp|move: Tailwind\n|move|p1b: Miraidon|Volt Switch|p2b: Flutter Mane\n|-activate|p2b: Flutter Mane|move: Protect\n|\n|upkeep\n|turn|2\n|\n|t:|1739856487\n|move|p1a: Whimsicott|Encore|p2b: Flutter Mane\n|-start|p2b: Flutter Mane|Encore\n|move|p2a: Whimsicott|Encore||[still]\n|-fail|p2a: Whimsicott\n|move|p2b: Flutter Mane|Protect||[still]\n|-fail|p2b: Flutter Mane\n|move|p1b: Miraidon|Volt Switch|p2b: Flutter Mane\n|-damage|p2b: Flutter Mane|7\/100\n|\n|t:|1739856508\n|switch|p1b: Iron Crown|Iron Crown, L50|100\/100|[from] Volt Switch\n|-activate|p1b: Iron Crown|ability: Quark Drive\n|-start|p1b: Iron Crown|quarkdrivespe\n|\n|upkeep\n|turn|3\n|\n|t:|1739856525\n|-end|p2b: Flutter Mane|Protosynthesis|[silent]\n|switch|p2b: Ogerpon|Ogerpon-Cornerstone, L50, F|100\/100\n|switch|p2a: Koraidon|Koraidon, L50|100\/100\n|-weather|SunnyDay|[from] ability: Orichalcum Pulse|[of] p2a: Koraidon\n|-activate|p2a: Koraidon|Orichalcum Pulse|[source]\n|move|p1b: Iron Crown|Tachyon Cutter|p2a: Koraidon\n|-damage|p2a: Koraidon|78\/100\n|-crit|p2a: Koraidon\n|-damage|p2a: Koraidon|44\/100\n|-hitcount|p2a: Koraidon|2\n|move|p1a: Whimsicott|Moonblast|p2b: Ogerpon\n|-damage|p2b: Ogerpon|60\/100\n|\n|-weather|SunnyDay|[upkeep]\n|upkeep\n|turn|4\n|\n|t:|1739856550\n|-terastallize|p2a: Koraidon|Fire\n|move|p2b: Ogerpon|Follow Me|p2b: Ogerpon\n|-singleturn|p2b: Ogerpon|move: Follow Me\n|move|p1b: Iron Crown|Tachyon Cutter|p2b: Ogerpon\n|-supereffective|p2b: Ogerpon\n|-damage|p2b: Ogerpon|0 fnt\n|faint|p2b: Ogerpon\n|-hitcount|p2: Ogerpon|1\n|move|p2a: Koraidon|Flame Charge|p1a: Whimsicott\n|-supereffective|p1a: Whimsicott\n|-enditem|p1a: Whimsicott|Focus Sash\n|-damage|p1a: Whimsicott|1\/100\n|-boost|p2a: Koraidon|spe|1\n|move|p1a: Whimsicott|Moonblast|p2a: Koraidon\n|-resisted|p2a: Koraidon\n|-damage|p2a: Koraidon|26\/100\n|\n|-weather|SunnyDay|[upkeep]\n|-sideend|p2: Zakmancho|move: Tailwind\n|-sideend|p1: Cdogp|move: Tailwind\n|upkeep\n|inactive|Zakmancho has 30 seconds left.\n|\n|t:|1739856576\n|switch|p2b: Flutter Mane|Flutter Mane, L50|7\/100\n|-activate|p2b: Flutter Mane|ability: Protosynthesis\n|-start|p2b: Flutter Mane|protosynthesisspe\n|turn|5\n|\n|t:|1739856588\n|move|p1a: Whimsicott|Tailwind|p1a: Whimsicott\n|-sidestart|p1: Cdogp|move: Tailwind\n|move|p1b: Iron Crown|Psychic Noise|p2a: Koraidon\n|-damage|p2a: Koraidon|0 fnt\n|faint|p2a: Koraidon\n|move|p2b: Flutter Mane|Moonblast|p1a: Whimsicott\n|-damage|p1a: Whimsicott|0 fnt\n|faint|p1a: Whimsicott\n|\n|-weather|SunnyDay|[upkeep]\n|-fieldend|move: Electric Terrain\n|-end|p1b: Iron Crown|Quark Drive\n|upkeep\n|\n|t:|1739856595\n|switch|p2a: Whimsicott|Whimsicott, L50, F|100\/100\n|switch|p1a: Urshifu|Urshifu-Rapid-Strike, L50, F|100\/100\n|turn|6\n|\n|t:|1739856612\n|move|p1a: Urshifu|Aqua Jet|p2b: Flutter Mane\n|-damage|p2b: Flutter Mane|0 fnt\n|faint|p2b: Flutter Mane\n|-end|p2b: Flutter Mane|Protosynthesis|[silent]\n|move|p2a: Whimsicott|Tailwind|p2a: Whimsicott\n|-sidestart|p2: Zakmancho|move: Tailwind\n|move|p1b: Iron Crown|Tachyon Cutter|p2a: Whimsicott\n|-supereffective|p2a: Whimsicott\n|-damage|p2a: Whimsicott|8\/100\n|-supereffective|p2a: Whimsicott\n|-damage|p2a: Whimsicott|0 fnt\n|faint|p2a: Whimsicott\n|-hitcount|p2: Whimsicott|2\n|\n|win|Cdogp\n|raw|Cdogp's rating: 1740 &rarr; <strong>1755<\/strong><br \/>(+15 for winning)\n|raw|Zakmancho's rating: 1642 &rarr; <strong>1627<\/strong><br \/>(-15 for losing)\n|l|\u2606Zakmancho\n|player|p2|\n|l|\u2606Cdogp\n|player|p1|\n","uploadtime":1739856867,"views":12,"formatid":"gen9vgc2025regg","rating":1627,"private":0,"password":null}