{"id":"gen9vgc2025regg-2302005023","format":"[Gen 9] VGC 2025 Reg G","players":["cela9","AndyGR_02"],"log":"|j|\u2606cela9\n|j|\u2606AndyGR_02\n|t:|1739735805\n|gametype|doubles\n|player|p1|cela9|1|1564\n|player|p2|AndyGR_02|volkner|1519\n|teamsize|p1|6\n|teamsize|p2|6\n|gen|9\n|tier|[Gen 9] VGC 2025 Reg G\n|rated|\n|rule|Species Clause: Limit one of each Pok\u00e9mon\n|rule|Item Clause: Limit 1 of each item\n|clearpoke\n|poke|p1|Calyrex-Shadow, L50|\n|poke|p1|Mienshao, L50, F|\n|poke|p1|Rillaboom, L50, F|\n|poke|p1|Chi-Yu, L50|\n|poke|p1|Flutter Mane, L50|\n|poke|p1|Ogerpon-Wellspring, L50, F|\n|poke|p2|Kyogre, L50|\n|poke|p2|Tornadus, L50, M|\n|poke|p2|Urshifu-*, L50, M|\n|poke|p2|Basculegion, L50, M|\n|poke|p2|Tsareena, L50, F|\n|poke|p2|Landorus, L50, M|\n|teampreview|4\n|\n|t:|1739735846\n|start\n|switch|p1a: Flutter Mane|Flutter Mane, L50|100\/100\n|switch|p1b: Ogerpon|Ogerpon-Wellspring, L50, F|100\/100\n|switch|p2a: Tornadus|Tornadus, L50, M, shiny|100\/100\n|switch|p2b: Basculegion|Basculegion, L50, M, shiny|100\/100\n|-enditem|p1a: Flutter Mane|Booster Energy\n|-activate|p1a: Flutter Mane|ability: Protosynthesis|[fromitem]\n|-start|p1a: Flutter Mane|protosynthesisspe\n|turn|1\n|j| kiabu233\n|\n|t:|1739735867\n|move|p2b: Basculegion|Protect|p2b: Basculegion\n|-singleturn|p2b: Basculegion|Protect\n|move|p2a: Tornadus|Taunt|p1b: Ogerpon\n|-start|p1b: Ogerpon|move: Taunt\n|move|p1a: Flutter Mane|Thunder Wave|p2b: Basculegion\n|-activate|p2b: Basculegion|move: Protect\n|move|p1b: Ogerpon|Ivy Cudgel|p2a: Tornadus|[anim] Ivy Cudgel Water\n|-damage|p2a: Tornadus|32\/100\n|\n|upkeep\n|turn|2\n|\n|t:|1739735888\n|-end|p1a: Flutter Mane|Protosynthesis|[silent]\n|switch|p1a: Rillaboom|Rillaboom, L50, F|100\/100\n|-fieldstart|move: Grassy Terrain|[from] ability: Grassy Surge|[of] p1a: Rillaboom\n|move|p2a: Tornadus|Tailwind|p2a: Tornadus\n|-sidestart|p2: AndyGR_02|move: Tailwind\n|move|p2b: Basculegion|Last Respects|p1a: Rillaboom\n|-damage|p1a: Rillaboom|60\/100\n|-damage|p2b: Basculegion|91\/100|[from] item: Life Orb\n|move|p1b: Ogerpon|Ivy Cudgel|p2a: Tornadus|[anim] Ivy Cudgel Water\n|-damage|p2a: Tornadus|0 fnt\n|faint|p2a: Tornadus\n|\n|-heal|p2b: Basculegion|97\/100|[from] Grassy Terrain\n|-heal|p1a: Rillaboom|66\/100|[from] Grassy Terrain\n|upkeep\n|inactive|Battle timer is ON: inactive players will automatically lose when time's up. (requested by cela9)\n|\n|t:|1739735904\n|switch|p2a: Landorus|Landorus, L50, M, shiny|100\/100\n|turn|3\n|j| 413XPlayz\n|inactive|AndyGR_02 has 30 seconds left.\n|\n|t:|1739735930\n|move|p1a: Rillaboom|Grassy Glide|p2b: Basculegion\n|-supereffective|p2b: Basculegion\n|-damage|p2b: Basculegion|16\/100\n|move|p2a: Landorus|Sludge Bomb|p1b: Ogerpon\n|-supereffective|p1b: Ogerpon\n|-damage|p1b: Ogerpon|16\/100\n|move|p2b: Basculegion|Last Respects|p1a: Rillaboom\n|-damage|p1a: Rillaboom|0 fnt\n|faint|p1a: Rillaboom\n|-damage|p2b: Basculegion|6\/100|[from] item: Life Orb\n|move|p1b: Ogerpon|Ivy Cudgel|p2a: Landorus|[anim] Ivy Cudgel Water\n|-supereffective|p2a: Landorus\n|-damage|p2a: Landorus|0 fnt\n|faint|p2a: Landorus\n|\n|-heal|p2b: Basculegion|12\/100|[from] Grassy Terrain\n|-heal|p1b: Ogerpon|22\/100|[from] Grassy Terrain\n|-end|p1b: Ogerpon|move: Taunt\n|upkeep\n|inactive|cela9 has 30 seconds left.\n|\n|t:|1739735962\n|switch|p2a: Kyogre|Kyogre, L50, shiny|100\/100\n|switch|p1a: Calyrex|Calyrex-Shadow, L50|100\/100\n|-ability|p1a: Calyrex|As One\n|-ability|p1a: Calyrex|Unnerve\n|-weather|RainDance|[from] ability: Drizzle|[of] p2a: Kyogre\n|turn|4\n|\n|t:|1739735984\n|move|p1a: Calyrex|Protect|p1a: Calyrex\n|-singleturn|p1a: Calyrex|Protect\n|move|p1b: Ogerpon|Spiky Shield|p1b: Ogerpon\n|-singleturn|p1b: Ogerpon|move: Protect\n|move|p2a: Kyogre|Water Spout|p1b: Ogerpon|[spread] \n|-activate|p1a: Calyrex|move: Protect\n|-activate|p1b: Ogerpon|move: Protect\n|move|p2b: Basculegion|Last Respects|p1b: Ogerpon\n|-activate|p1b: Ogerpon|move: Protect\n|\n|-weather|RainDance|[upkeep]\n|-heal|p2b: Basculegion|18\/100|[from] Grassy Terrain\n|-heal|p1b: Ogerpon|28\/100|[from] Grassy Terrain\n|upkeep\n|turn|5\n|inactive|cela9 has 30 seconds left.\n|inactive|cela9 has 20 seconds left.\n|\n|t:|1739736019\n|move|p1b: Ogerpon|Follow Me|p1b: Ogerpon\n|-singleturn|p1b: Ogerpon|move: Follow Me\n|move|p2a: Kyogre|Water Spout|p1b: Ogerpon|[spread] p1a\n|-heal|p1b: Ogerpon|52\/100|[from] ability: Water Absorb|[of] p2a: Kyogre\n|-crit|p1a: Calyrex\n|-damage|p1a: Calyrex|0 fnt\n|faint|p1a: Calyrex\n|move|p2b: Basculegion|Last Respects|p1b: Ogerpon\n|-damage|p1b: Ogerpon|0 fnt\n|faint|p1b: Ogerpon\n|-damage|p2b: Basculegion|9\/100|[from] item: Life Orb\n|\n|-weather|RainDance|[upkeep]\n|-heal|p2b: Basculegion|15\/100|[from] Grassy Terrain\n|-sideend|p2: AndyGR_02|move: Tailwind\n|upkeep\n|-message|cela9 forfeited.\n|\n|win|AndyGR_02\n|raw|cela9's rating: 1564 &rarr; <strong>1541<\/strong><br \/>(-23 for losing)\n|raw|AndyGR_02's rating: 1519 &rarr; <strong>1542<\/strong><br \/>(+23 for winning)\n|l|\u2606cela9\n|player|p1|\n|l|\u2606AndyGR_02\n|player|p2|\n|l| kiabu233\n","uploadtime":1739736220,"views":9,"formatid":"gen9vgc2025regg","rating":1541,"private":0,"password":null}