{"id":"gen9vgc2025regg-2302542613","format":"[Gen 9] VGC 2025 Reg G","players":["Yoshi Mafia","Boby maltezer"],"log":"|j|\u2606Yoshi Mafia\n|j|\u2606Boby maltezer\n|t:|1739811488\n|gametype|doubles\n|player|p1|Yoshi Mafia|170|1565\n|player|p2|Boby maltezer|169|1647\n|teamsize|p1|6\n|teamsize|p2|6\n|gen|9\n|tier|[Gen 9] VGC 2025 Reg G\n|rated|\n|rule|Species Clause: Limit one of each Pok\u00e9mon\n|rule|Item Clause: Limit 1 of each item\n|clearpoke\n|poke|p1|Calyrex-Shadow, L50|\n|poke|p1|Whimsicott, L50, M|\n|poke|p1|Ogerpon-Hearthflame, L50, F|\n|poke|p1|Urshifu-*, L50, M|\n|poke|p1|Indeedee, L50, M|\n|poke|p1|Raging Bolt, L50|\n|poke|p2|Zamazenta-*, L50|\n|poke|p2|Flutter Mane, L50|\n|poke|p2|Rillaboom, L50, F|\n|poke|p2|Latios, L50, M|\n|poke|p2|Tyranitar, L50, F|\n|poke|p2|Landorus, L50, M|\n|teampreview|4\n|inactive|Battle timer is ON: inactive players will automatically lose when time's up. (requested by Yoshi Mafia)\n|\n|t:|1739811537\n|start\n|switch|p1a: Calyrex|Calyrex-Shadow, L50|100\/100\n|switch|p1b: Whimsicott|Whimsicott, L50, M|100\/100\n|switch|p2a: Flutter Mane|Flutter Mane, L50|100\/100\n|switch|p2b: Tyranitar|Tyranitar, L50, F|100\/100\n|-ability|p1a: Calyrex|As One\n|-ability|p1a: Calyrex|Unnerve\n|-weather|Sandstorm|[from] ability: Sand Stream|[of] p2b: Tyranitar\n|-enditem|p2a: Flutter Mane|Booster Energy\n|-activate|p2a: Flutter Mane|ability: Protosynthesis|[fromitem]\n|-start|p2a: Flutter Mane|protosynthesisspe\n|turn|1\n|inactive|Boby maltezer has 30 seconds left.\n|inactive|Boby maltezer has 20 seconds left.\n|inactive|Boby maltezer has 15 seconds left.\n|\n|t:|1739811578\n|-terastallize|p2a: Flutter Mane|Grass\n|move|p1a: Calyrex|Protect|p1a: Calyrex\n|-singleturn|p1a: Calyrex|Protect\n|move|p1b: Whimsicott|Tailwind|p1b: Whimsicott\n|-sidestart|p1: Yoshi Mafia|move: Tailwind\n|move|p2a: Flutter Mane|Moonblast|p1b: Whimsicott\n|-damage|p1b: Whimsicott|47\/100\n|move|p2b: Tyranitar|Knock Off|p1a: Calyrex\n|-activate|p1a: Calyrex|move: Protect\n|\n|-weather|Sandstorm|[upkeep]\n|-damage|p1a: Calyrex|94\/100|[from] Sandstorm\n|-damage|p1b: Whimsicott|41\/100|[from] Sandstorm\n|-damage|p2a: Flutter Mane|95\/100|[from] Sandstorm\n|upkeep\n|turn|2\n|inactive|Boby maltezer has 30 seconds left.\n|\n|t:|1739811608\n|move|p1a: Calyrex|Astral Barrage|p2a: Flutter Mane|[spread] p2a,p2b\n|-resisted|p2b: Tyranitar\n|-damage|p2a: Flutter Mane|49\/100\n|-damage|p2b: Tyranitar|83\/100\n|move|p1b: Whimsicott|Moonblast|p2b: Tyranitar\n|-supereffective|p2b: Tyranitar\n|-damage|p2b: Tyranitar|49\/100\n|move|p2a: Flutter Mane|Thunder Wave|p1a: Calyrex\n|-status|p1a: Calyrex|par\n|move|p2b: Tyranitar|Rock Slide|p1b: Whimsicott|[spread] p1a\n|-miss|p2b: Tyranitar|p1b: Whimsicott\n|-damage|p1a: Calyrex|53\/100 par\n|\n|-weather|Sandstorm|[upkeep]\n|-damage|p1b: Whimsicott|36\/100|[from] Sandstorm\n|-damage|p2a: Flutter Mane|44\/100|[from] Sandstorm\n|-damage|p1a: Calyrex|47\/100 par|[from] Sandstorm\n|upkeep\n|turn|3\n|inactive|Boby maltezer has 30 seconds left.\n|\n|t:|1739811634\n|move|p1b: Whimsicott|Encore|p2a: Flutter Mane\n|-start|p2a: Flutter Mane|Encore\n|move|p2a: Flutter Mane|Thunder Wave|p1b: Whimsicott\n|-status|p1b: Whimsicott|par\n|move|p1a: Calyrex|Astral Barrage|p2a: Flutter Mane|[spread] p2a,p2b\n|-resisted|p2b: Tyranitar\n|-crit|p2b: Tyranitar\n|-damage|p2a: Flutter Mane|0 fnt\n|-damage|p2b: Tyranitar|20\/100\n|faint|p2a: Flutter Mane\n|-end|p2a: Flutter Mane|Protosynthesis|[silent]\n|-ability|p1a: Calyrex|Grim Neigh|boost\n|-boost|p1a: Calyrex|spa|1\n|move|p2b: Tyranitar|Rock Slide|p1b: Whimsicott|[spread] p1a,p1b\n|-damage|p1a: Calyrex|2\/100 par\n|-damage|p1b: Whimsicott|0 fnt\n|faint|p1b: Whimsicott\n|\n|-weather|Sandstorm|[upkeep]\n|-damage|p1a: Calyrex|0 fnt|[from] Sandstorm\n|faint|p1a: Calyrex\n|upkeep\n|\n|t:|1739811657\n|switch|p1a: Ogerpon|Ogerpon-Hearthflame, L50, F|100\/100\n|switch|p2a: Zamazenta|Zamazenta-Crowned, L50|100\/100\n|switch|p1b: Raging Bolt|Raging Bolt, L50|100\/100\n|-ability|p1a: Ogerpon|Mold Breaker\n|-ability|p2a: Zamazenta|Dauntless Shield|boost\n|-boost|p2a: Zamazenta|def|1\n|turn|4\n|\n|t:|1739811675\n|-terastallize|p1a: Ogerpon|Fire\n|detailschange|p1a: Ogerpon|Ogerpon-Hearthflame-Tera, L50, F, tera:Fire\n|-ability|p1a: Ogerpon|Embody Aspect (Hearthflame)|boost\n|-boost|p1a: Ogerpon|atk|1\n|move|p2a: Zamazenta|Protect|p2a: Zamazenta\n|-singleturn|p2a: Zamazenta|Protect\n|move|p2b: Tyranitar|Protect|p2b: Tyranitar\n|-singleturn|p2b: Tyranitar|Protect\n|move|p1a: Ogerpon|Ivy Cudgel|p2a: Zamazenta|[anim] Ivy Cudgel Fire\n|-activate|p2a: Zamazenta|move: Protect\n|move|p1b: Raging Bolt|Thunderbolt|p2b: Tyranitar\n|-activate|p2b: Tyranitar|move: Protect\n|\n|-weather|Sandstorm|[upkeep]\n|-damage|p1a: Ogerpon|95\/100|[from] Sandstorm\n|-damage|p1b: Raging Bolt|95\/100|[from] Sandstorm\n|-sideend|p1: Yoshi Mafia|move: Tailwind\n|upkeep\n|turn|5\n|inactive|Boby maltezer has 30 seconds left.\n|\n|t:|1739811703\n|move|p1b: Raging Bolt|Thunderclap|p2b: Tyranitar\n|-damage|p2b: Tyranitar|0 fnt\n|faint|p2b: Tyranitar\n|move|p2a: Zamazenta|Body Press|p1a: Ogerpon\n|-damage|p1a: Ogerpon|11\/100\n|move|p1a: Ogerpon|Ivy Cudgel|p2a: Zamazenta|[anim] Ivy Cudgel Fire\n|-supereffective|p2a: Zamazenta\n|-damage|p2a: Zamazenta|12\/100\n|\n|-weather|none\n|upkeep\n|\n|t:|1739811714\n|switch|p2b: Rillaboom|Rillaboom, L50, F|100\/100\n|-fieldstart|move: Grassy Terrain|[from] ability: Grassy Surge|[of] p2b: Rillaboom\n|turn|6\n|\n|t:|1739811725\n|move|p1a: Ogerpon|Spiky Shield|p1a: Ogerpon\n|-singleturn|p1a: Ogerpon|move: Protect\n|move|p2b: Rillaboom|Fake Out|p1b: Raging Bolt\n|-damage|p1b: Raging Bolt|82\/100\n|cant|p1b: Raging Bolt|flinch\n|move|p2a: Zamazenta|Body Press|p1b: Raging Bolt\n|-damage|p1b: Raging Bolt|21\/100\n|\n|-heal|p2a: Zamazenta|18\/100|[from] Grassy Terrain\n|-heal|p1a: Ogerpon|16\/100|[from] Grassy Terrain\n|-heal|p1b: Raging Bolt|27\/100|[from] Grassy Terrain\n|upkeep\n|turn|7\n|j| continuethesaga\n|\n|t:|1739811742\n|move|p2a: Zamazenta|Protect|p2a: Zamazenta\n|-singleturn|p2a: Zamazenta|Protect\n|move|p2b: Rillaboom|Grassy Glide|p1a: Ogerpon\n|-resisted|p1a: Ogerpon\n|-damage|p1a: Ogerpon|0 fnt\n|faint|p1a: Ogerpon\n|move|p1b: Raging Bolt|Thunderclap||[still]\n|-fail|p1b: Raging Bolt\n|\n|-heal|p2a: Zamazenta|24\/100|[from] Grassy Terrain\n|-heal|p1b: Raging Bolt|33\/100|[from] Grassy Terrain\n|upkeep\n|turn|8\n|-message|Yoshi Mafia forfeited.\n|\n|win|Boby maltezer\n|raw|Yoshi Mafia's rating: 1565 &rarr; <strong>1550<\/strong><br \/>(-15 for losing)\n|raw|Boby maltezer's rating: 1647 &rarr; <strong>1662<\/strong><br \/>(+15 for winning)\n|l|\u2606Yoshi Mafia\n|player|p1|\n|l| continuethesaga\n|l|\u2606Boby maltezer\n|player|p2|\n","uploadtime":1739812012,"views":5,"formatid":"gen9vgc2025regg","rating":1550,"private":0,"password":null}