{"id":"gen9vgc2025regg-2302600326","format":"[Gen 9] VGC 2025 Reg G","players":["DimensionalFool","Tindall64"],"log":"|j|\u203dDimensionalFool\n|j|\u2606Tindall64\n|t:|1739817630\n|gametype|doubles\n|player|p1|DimensionalFool|101|1609\n|player|p2|Tindall64|nancy|1512\n|teamsize|p1|6\n|teamsize|p2|6\n|gen|9\n|tier|[Gen 9] VGC 2025 Reg G\n|rated|\n|rule|Species Clause: Limit one of each Pok\u00e9mon\n|rule|Item Clause: Limit 1 of each item\n|clearpoke\n|poke|p1|Grimmsnarl, L50, M|\n|poke|p1|Landorus, L50, M|\n|poke|p1|Calyrex-Ice, L50|\n|poke|p1|Pelipper, L50, M|\n|poke|p1|Urshifu-*, L50, M|\n|poke|p1|Rillaboom, L50, M|\n|poke|p2|Miraidon, L50|\n|poke|p2|Chi-Yu, L50|\n|poke|p2|Tatsugiri-Droopy, L50, M|\n|poke|p2|Dondozo, L50, F|\n|poke|p2|Dragonite, L50, M|\n|poke|p2|Flutter Mane, L50|\n|teampreview|4\n|inactive|Battle timer is ON: inactive players will automatically lose when time's up. (requested by DimensionalFool)\n|inactive|DimensionalFool has 60 seconds left.\n|\n|t:|1739817675\n|start\n|switch|p1a: Pelipper|Pelipper, L50, M|100\/100\n|switch|p1b: Landorus|Landorus, L50, M|100\/100\n|switch|p2a: Stiyl|Chi-Yu, L50|100\/100\n|switch|p2b: Misaka|Miraidon, L50|100\/100\n|-ability|p2a: Stiyl|Beads of Ruin\n|-fieldstart|move: Electric Terrain|[from] ability: Hadron Engine|[of] p2b: Misaka\n|-weather|RainDance|[from] ability: Drizzle|[of] p1a: Pelipper\n|turn|1\n|inactive|DimensionalFool has 30 seconds left.\n|inactive|Tindall64 has 30 seconds left.\n|inactive|DimensionalFool has 20 seconds left.\n|inactive|Tindall64 has 20 seconds left.\n|inactive|Tindall64 has 15 seconds left.\n|inactive|Tindall64 has 10 seconds left.\n|\n|t:|1739817723\n|move|p1b: Landorus|Protect|p1b: Landorus\n|-singleturn|p1b: Landorus|Protect\n|move|p2a: Stiyl|Snarl|p1b: Landorus|[spread] p1a\n|-activate|p1b: Landorus|move: Protect\n|-damage|p1a: Pelipper|53\/100\n|-unboost|p1a: Pelipper|spa|1\n|move|p2b: Misaka|Draco Meteor|p1b: Landorus\n|-activate|p1b: Landorus|move: Protect\n|move|p1a: Pelipper|Tailwind|p1a: Pelipper\n|-sidestart|p1: DimensionalFool|move: Tailwind\n|\n|-weather|RainDance|[upkeep]\n|upkeep\n|turn|2\n|\n|t:|1739817744\n|-terastallize|p2b: Misaka|Fairy\n|move|p1b: Landorus|Sandsear Storm|p2b: Misaka|[spread] p2a,p2b\n|-supereffective|p2a: Stiyl\n|-damage|p2a: Stiyl|0 fnt\n|-damage|p2b: Misaka|53\/100\n|faint|p2a: Stiyl\n|move|p1a: Pelipper|Weather Ball|p2b: Misaka\n|-damage|p2b: Misaka|24\/100\n|move|p2b: Misaka|Draco Meteor|p1b: Landorus\n|-damage|p1b: Landorus|0 fnt\n|-unboost|p2b: Misaka|spa|2\n|faint|p1b: Landorus\n|\n|-weather|RainDance|[upkeep]\n|upkeep\n|\n|t:|1739817756\n|switch|p1b: Calyrex|Calyrex-Ice, L50|100\/100\n|switch|p2a: Index|Dondozo, L50, F, shiny|100\/100\n|-ability|p1b: Calyrex|As One\n|-ability|p1b: Calyrex|Unnerve\n|turn|3\n|\n|t:|1739817771\n|switch|p2b: Touma|Tatsugiri-Droopy, L50, M, shiny|100\/100\n|-activate|p2b: Touma|ability: Commander|[of] p2a: Index\n|-boost|p2a: Index|atk|2\n|-boost|p2a: Index|spa|2\n|-boost|p2a: Index|spe|2\n|-boost|p2a: Index|def|2\n|-boost|p2a: Index|spd|2\n|move|p1a: Pelipper|Hurricane|p2a: Index\n|-damage|p2a: Index|79\/100\n|move|p1b: Calyrex|Seed Bomb|p2a: Index\n|-supereffective|p2a: Index\n|-damage|p2a: Index|60\/100\n|move|p2a: Index|Order Up|p1a: Pelipper\n|-damage|p1a: Pelipper|6\/100\n|-boost|p2a: Index|def|1\n|\n|-weather|RainDance|[upkeep]\n|-heal|p2a: Index|66\/100|[from] item: Leftovers\n|upkeep\n|turn|4\n|\n|t:|1739817793\n|switch|p1a: Rillaboom|Rillaboom, L50, M|100\/100\n|-fieldstart|move: Grassy Terrain|[from] ability: Grassy Surge|[of] p1a: Rillaboom\n|move|p1b: Calyrex|Seed Bomb|p2a: Index\n|-supereffective|p2a: Index\n|-damage|p2a: Index|46\/100\n|move|p2a: Index|Order Up|p1a: Rillaboom\n|-damage|p1a: Rillaboom|61\/100\n|-boost|p2a: Index|def|1\n|\n|-weather|RainDance|[upkeep]\n|-heal|p1a: Rillaboom|67\/100|[from] Grassy Terrain\n|-heal|p2a: Index|52\/100|[from] Grassy Terrain\n|-heal|p2a: Index|58\/100|[from] item: Leftovers\n|-sideend|p1: DimensionalFool|move: Tailwind\n|upkeep\n|turn|5\n|\n|t:|1739817807\n|move|p2a: Index|Protect|p2a: Index\n|-singleturn|p2a: Index|Protect\n|move|p1a: Rillaboom|Drum Beating|p2a: Index\n|-activate|p2a: Index|move: Protect\n|move|p1b: Calyrex|Seed Bomb|p2a: Index\n|-activate|p2a: Index|move: Protect\n|\n|-weather|none\n|-heal|p2a: Index|65\/100|[from] Grassy Terrain\n|-heal|p2a: Index|71\/100|[from] item: Leftovers\n|-heal|p1a: Rillaboom|73\/100|[from] Grassy Terrain\n|upkeep\n|turn|6\n|\n|t:|1739817819\n|move|p2a: Index|Body Press|p1a: Rillaboom\n|-damage|p1a: Rillaboom|0 fnt\n|-damage|p2a: Index|54\/100|[from] item: Rocky Helmet|[of] p1a: Rillaboom\n|faint|p1a: Rillaboom\n|move|p1b: Calyrex|Seed Bomb|p2a: Index\n|-supereffective|p2a: Index\n|-damage|p2a: Index|39\/100\n|\n|-heal|p2a: Index|45\/100|[from] Grassy Terrain\n|-heal|p2a: Index|51\/100|[from] item: Leftovers\n|upkeep\n|\n|t:|1739817822\n|switch|p1a: Pelipper|Pelipper, L50, M|6\/100\n|-weather|RainDance|[from] ability: Drizzle|[of] p1a: Pelipper\n|turn|7\n|\n|t:|1739817836\n|move|p2a: Index|Order Up|p1a: Pelipper\n|-damage|p1a: Pelipper|0 fnt\n|faint|p1a: Pelipper\n|-boost|p2a: Index|def|1\n|move|p1b: Calyrex|Seed Bomb|p2a: Index\n|-supereffective|p2a: Index\n|-damage|p2a: Index|35\/100\n|\n|-weather|RainDance|[upkeep]\n|-heal|p2a: Index|41\/100|[from] Grassy Terrain\n|-heal|p2a: Index|47\/100|[from] item: Leftovers\n|upkeep\n|turn|8\n|-message|DimensionalFool forfeited.\n|\n|win|Tindall64\n|raw|DimensionalFool's rating: 1609 &rarr; <strong>1584<\/strong><br \/>(-25 for losing)\n|raw|Tindall64's rating: 1512 &rarr; <strong>1537<\/strong><br \/>(+25 for winning)\n|l|\u203dDimensionalFool\n|player|p1|\n","uploadtime":1739817858,"views":15,"formatid":"gen9vgc2025regg","rating":1537,"private":0,"password":null}