{"id":"gen9vgc2025regg-2302228948","format":"[Gen 9] VGC 2025 Reg G","players":["palamed","parrotboy"],"log":"|j|\u2606palamed\n|j|\u2606parrotboy\n|t:|1739763216\n|gametype|doubles\n|player|p1|palamed|101|1549\n|player|p2|parrotboy|hiker-gen4|1548\n|teamsize|p1|6\n|teamsize|p2|6\n|gen|9\n|tier|[Gen 9] VGC 2025 Reg G\n|rated|\n|rule|Species Clause: Limit one of each Pok\u00e9mon\n|rule|Item Clause: Limit 1 of each item\n|clearpoke\n|poke|p1|Kyogre, L50|\n|poke|p1|Grimmsnarl, L50, M|\n|poke|p1|Urshifu-*, L50, M|\n|poke|p1|Incineroar, L50, F|\n|poke|p1|Rillaboom, L50, M|\n|poke|p1|Raging Bolt, L50|\n|poke|p2|Zamazenta-*, L50|\n|poke|p2|Raichu, L50, M|\n|poke|p2|Gholdengo, L50|\n|poke|p2|Ogerpon-Wellspring, L50, F|\n|poke|p2|Politoed, L50, M|\n|poke|p2|Chien-Pao, L50|\n|teampreview|4\n|inactive|Battle timer is ON: inactive players will automatically lose when time's up. (requested by palamed)\n|\n|t:|1739763244\n|start\n|switch|p1a: Grimmsnarl|Grimmsnarl, L50, M|100\/100\n|switch|p1b: Incineroar|Incineroar, L50, F|100\/100\n|switch|p2a: Ogerpon|Ogerpon-Wellspring, L50, F|100\/100\n|switch|p2b: Zamazenta|Zamazenta-Crowned, L50|100\/100\n|-ability|p2b: Zamazenta|Dauntless Shield|boost\n|-boost|p2b: Zamazenta|def|1\n|-ability|p1b: Incineroar|Intimidate|boost\n|-unboost|p2a: Ogerpon|atk|1\n|-unboost|p2b: Zamazenta|atk|1\n|turn|1\n|\n|t:|1739763260\n|-terastallize|p1b: Incineroar|Ghost\n|move|p2b: Zamazenta|Protect|p2b: Zamazenta\n|-singleturn|p2b: Zamazenta|Protect\n|move|p1a: Grimmsnarl|Reflect|p1a: Grimmsnarl\n|-sidestart|p1: palamed|Reflect\n|move|p2a: Ogerpon|Taunt|p1a: Grimmsnarl\n|-start|p1a: Grimmsnarl|move: Taunt\n|move|p1b: Incineroar|Will-O-Wisp|p2b: Zamazenta\n|-activate|p2b: Zamazenta|move: Protect\n|\n|upkeep\n|turn|2\n|\n|t:|1739763273\n|move|p2b: Zamazenta|Iron Defense|p2b: Zamazenta\n|-boost|p2b: Zamazenta|def|2\n|move|p2a: Ogerpon|Taunt|p1b: Incineroar\n|-start|p1b: Incineroar|move: Taunt\n|cant|p1b: Incineroar|move: Taunt|Will-O-Wisp\n|move|p1a: Grimmsnarl|Spirit Break|p2a: Ogerpon\n|-damage|p2a: Ogerpon|70\/100\n|-unboost|p2a: Ogerpon|spa|1\n|\n|upkeep\n|turn|3\n|\n|t:|1739763289\n|switch|p1b: Raging Bolt|Raging Bolt, L50|100\/100\n|-enditem|p1b: Raging Bolt|Booster Energy\n|-activate|p1b: Raging Bolt|ability: Protosynthesis|[fromitem]\n|-start|p1b: Raging Bolt|protosynthesisspa\n|move|p2b: Zamazenta|Iron Defense|p2b: Zamazenta\n|-boost|p2b: Zamazenta|def|2\n|move|p2a: Ogerpon|Ivy Cudgel|p1b: Raging Bolt|[anim] Ivy Cudgel Water\n|-resisted|p1b: Raging Bolt\n|-damage|p1b: Raging Bolt|91\/100\n|move|p1a: Grimmsnarl|Spirit Break|p2a: Ogerpon\n|-damage|p2a: Ogerpon|43\/100\n|-unboost|p2a: Ogerpon|spa|1\n|\n|upkeep\n|turn|4\n|j| God of restricted\n|\n|t:|1739763313\n|switch|p2a: Raichu|Raichu, L50, M|100\/100\n|move|p1b: Raging Bolt|Protect|p1b: Raging Bolt\n|-singleturn|p1b: Raging Bolt|Protect\n|move|p2b: Zamazenta|Body Press|p1b: Raging Bolt\n|-activate|p1b: Raging Bolt|move: Protect\n|move|p1a: Grimmsnarl|Spirit Break|p2a: Raichu\n|-damage|p2a: Raichu|50\/100\n|-unboost|p2a: Raichu|spa|1\n|\n|-end|p1a: Grimmsnarl|move: Taunt\n|upkeep\n|turn|5\n|\n|t:|1739763335\n|-end|p1b: Raging Bolt|Protosynthesis|[silent]\n|switch|p1b: Incineroar|Incineroar, L50, F, tera:Ghost|100\/100\n|-ability|p1b: Incineroar|Intimidate|boost\n|-unboost|p2a: Raichu|atk|1\n|-unboost|p2b: Zamazenta|atk|1\n|move|p2a: Raichu|Endeavor|p1b: Incineroar\n|-immune|p1b: Incineroar\n|move|p2b: Zamazenta|Body Press|p1a: Grimmsnarl\n|-damage|p1a: Grimmsnarl|0 fnt\n|faint|p1a: Grimmsnarl\n|\n|upkeep\n|\n|t:|1739763348\n|switch|p1a: Urshifu|Urshifu-Rapid-Strike, L50, M|100\/100\n|turn|6\n|\n|t:|1739763356\n|-terastallize|p2b: Zamazenta|Grass\n|move|p2b: Zamazenta|Protect|p2b: Zamazenta\n|-singleturn|p2b: Zamazenta|Protect\n|move|p1a: Urshifu|U-turn|p2a: Raichu\n|-damage|p2a: Raichu|13\/100\n|\n|t:|1739763363\n|switch|p1a: Raging Bolt|Raging Bolt, L50|91\/100|[from] U-turn\n|move|p2a: Raichu|Volt Switch|p1a: Raging Bolt\n|-resisted|p1a: Raging Bolt\n|-damage|p1a: Raging Bolt|87\/100\n|\n|t:|1739763370\n|switch|p2a: Ogerpon|Ogerpon-Wellspring, L50, F|43\/100|[from] Volt Switch\n|move|p1b: Incineroar|Will-O-Wisp|p2b: Zamazenta\n|-activate|p2b: Zamazenta|move: Protect\n|\n|upkeep\n|turn|7\n|inactive|palamed has 30 seconds left.\n|\n|t:|1739763399\n|switch|p1b: Urshifu|Urshifu-Rapid-Strike, L50, M|100\/100\n|move|p2b: Zamazenta|Body Press|p1a: Raging Bolt\n|-damage|p1a: Raging Bolt|0 fnt\n|faint|p1a: Raging Bolt\n|-end|p1a: Raging Bolt|Protosynthesis|[silent]\n|move|p2a: Ogerpon|Taunt|p1b: Urshifu\n|-start|p1b: Urshifu|move: Taunt\n|\n|upkeep\n|\n|t:|1739763408\n|switch|p1a: Incineroar|Incineroar, L50, F, tera:Ghost|100\/100\n|-ability|p1a: Incineroar|Intimidate|boost\n|-unboost|p2a: Ogerpon|atk|1\n|-unboost|p2b: Zamazenta|atk|1\n|turn|8\n|\n|t:|1739763417\n|move|p1a: Incineroar|Fake Out|p2b: Zamazenta\n|-damage|p2b: Zamazenta|98\/100\n|move|p1b: Urshifu|U-turn|p2a: Ogerpon\n|-supereffective|p2a: Ogerpon\n|-damage|p2a: Ogerpon|0 fnt\n|faint|p2a: Ogerpon\n|cant|p2b: Zamazenta|flinch\n|\n|-sideend|p1: palamed|Reflect\n|upkeep\n|\n|t:|1739763423\n|switch|p2a: Chien-Pao|Chien-Pao, L50|100\/100\n|-ability|p2a: Chien-Pao|Sword of Ruin\n|turn|9\n|\n|t:|1739763434\n|move|p1b: Urshifu|U-turn|p2b: Zamazenta\n|-supereffective|p2b: Zamazenta\n|-damage|p2b: Zamazenta|86\/100\n|move|p2a: Chien-Pao|Throat Chop|p1a: Incineroar\n|-supereffective|p1a: Incineroar\n|-damage|p1a: Incineroar|22\/100\n|-start|p1a: Incineroar|Throat Chop|[silent]\n|move|p2b: Zamazenta|Body Press|p1b: Urshifu\n|-damage|p1b: Urshifu|0 fnt\n|faint|p1b: Urshifu\n|move|p1a: Incineroar|Will-O-Wisp|p2b: Zamazenta|[miss]\n|-miss|p1a: Incineroar|p2b: Zamazenta\n|\n|upkeep\n|turn|10\n|-message|palamed forfeited.\n|\n|win|parrotboy\n|raw|palamed's rating: 1549 &rarr; <strong>1529<\/strong><br \/>(-20 for losing)\n|raw|parrotboy's rating: 1548 &rarr; <strong>1568<\/strong><br \/>(+20 for winning)\n|l| God of restricted\n|l|\u2606palamed\n|player|p1|\n","uploadtime":1739763648,"views":11,"formatid":"gen9vgc2025regg","rating":1529,"private":0,"password":null}