{"id":"gen9vgc2025regg-2302282512","format":"[Gen 9] VGC 2025 Reg G","players":["speedduels","huyuplan"],"log":"|j|\u2606speedduels\n|j|\u2606huyuplan\n|t:|1739771728\n|gametype|doubles\n|player|p1|speedduels|2|1532\n|player|p2|huyuplan|lucas|1574\n|teamsize|p1|6\n|teamsize|p2|6\n|gen|9\n|tier|[Gen 9] VGC 2025 Reg G\n|rated|\n|rule|Species Clause: Limit one of each Pok\u00e9mon\n|rule|Item Clause: Limit 1 of each item\n|clearpoke\n|poke|p1|Calyrex-Shadow, L50|\n|poke|p1|Incineroar, L50, M|\n|poke|p1|Rillaboom, L50, F|\n|poke|p1|Urshifu-*, L50, M|\n|poke|p1|Grimmsnarl, L50, M|\n|poke|p1|Ogerpon-Hearthflame, L50, F|\n|poke|p2|Regidrago, L50|\n|poke|p2|Zacian-*, L50|\n|poke|p2|Farigiraf, L50, M|\n|poke|p2|Tornadus, L50, M|\n|poke|p2|Ditto, L50|\n|poke|p2|Dragonite, L50, M|\n|teampreview|4\n|j| Baguettezzz\n|inactive|Battle timer is ON: inactive players will automatically lose when time's up. (requested by speedduels)\n|inactive|huyuplan has 60 seconds left.\n|\n|t:|1739771801\n|start\n|switch|p1a: Calyrex|Calyrex-Shadow, L50|100\/100\n|switch|p1b: Grimmsnarl|Grimmsnarl, L50, M|100\/100\n|switch|p2a: Tornadus|Tornadus, L50, M|100\/100\n|switch|p2b: Zacian|Zacian-Crowned, L50|100\/100\n|-ability|p1a: Calyrex|As One\n|-ability|p1a: Calyrex|Unnerve\n|-ability|p2b: Zacian|Intrepid Sword|boost\n|-boost|p2b: Zacian|atk|1\n|turn|1\n|inactive|huyuplan has 30 seconds left.\n|\n|t:|1739771826\n|move|p2b: Zacian|Protect|p2b: Zacian\n|-singleturn|p2b: Zacian|Protect\n|move|p1a: Calyrex|Protect|p1a: Calyrex\n|-singleturn|p1a: Calyrex|Protect\n|move|p2a: Tornadus|Taunt|p1a: Calyrex\n|-activate|p1a: Calyrex|move: Protect\n|move|p1b: Grimmsnarl|Reflect|p1b: Grimmsnarl\n|-sidestart|p1: speedduels|Reflect\n|\n|upkeep\n|turn|2\n|\n|t:|1739771844\n|switch|p1b: Incineroar|Incineroar, L50, M|100\/100\n|-ability|p1b: Incineroar|Intimidate|boost\n|-unboost|p2a: Tornadus|atk|1\n|-unboost|p2b: Zacian|atk|1\n|move|p2a: Tornadus|Tailwind|p2a: Tornadus\n|-sidestart|p2: huyuplan|move: Tailwind\n|move|p2b: Zacian|Behemoth Blade|p1b: Incineroar\n|-resisted|p1b: Incineroar\n|-crit|p1b: Incineroar\n|-damage|p1b: Incineroar|69\/100\n|move|p1a: Calyrex|Astral Barrage|p2a: Tornadus|[spread] p2a,p2b\n|-damage|p2a: Tornadus|33\/100\n|-damage|p2b: Zacian|52\/100\n|\n|upkeep\n|turn|3\n|inactive|speedduels has 30 seconds left.\n|inactive|huyuplan has 30 seconds left.\n|\n|t:|1739771878\n|move|p2b: Zacian|Protect|p2b: Zacian\n|-singleturn|p2b: Zacian|Protect\n|move|p1b: Incineroar|Fake Out|p2b: Zacian\n|-activate|p2b: Zacian|move: Protect\n|move|p2a: Tornadus|Tailwind||[still]\n|-fail|p2a: Tornadus\n|move|p1a: Calyrex|Nasty Plot|p1a: Calyrex\n|-boost|p1a: Calyrex|spa|2\n|\n|upkeep\n|turn|4\n|inactive|huyuplan has 30 seconds left.\n|\n|t:|1739771904\n|move|p1a: Calyrex|Protect|p1a: Calyrex\n|-singleturn|p1a: Calyrex|Protect\n|move|p2b: Zacian|Sacred Sword|p1b: Incineroar\n|-supereffective|p1b: Incineroar\n|-damage|p1b: Incineroar|37\/100\n|move|p2a: Tornadus|Bleakwind Storm|p1b: Incineroar|[spread] p1b\n|-activate|p1a: Calyrex|move: Protect\n|-damage|p1b: Incineroar|2\/100\n|move|p1b: Incineroar|Parting Shot|p2b: Zacian\n|-unboost|p2b: Zacian|atk|1\n|-unboost|p2b: Zacian|spa|1\n|\n|t:|1739771919\n|switch|p1b: Ogerpon|Ogerpon-Hearthflame, L50, F|100\/100|[from] Parting Shot\n|-ability|p1b: Ogerpon|Mold Breaker\n|\n|upkeep\n|turn|5\n|inactive|huyuplan has 30 seconds left.\n|\n|t:|1739771951\n|move|p1b: Ogerpon|Spiky Shield|p1b: Ogerpon\n|-singleturn|p1b: Ogerpon|move: Protect\n|move|p2b: Zacian|Sacred Sword|p1b: Ogerpon\n|-activate|p1b: Ogerpon|move: Protect\n|-damage|p2b: Zacian|40\/100|[from] Spiky Shield|[of] p1b: Ogerpon\n|move|p2a: Tornadus|Bleakwind Storm|p1a: Calyrex|[spread] p1a\n|-activate|p1b: Ogerpon|move: Protect\n|-damage|p1a: Calyrex|67\/100\n|move|p1a: Calyrex|Astral Barrage|p2a: Tornadus|[spread] p2a,p2b\n|-damage|p2a: Tornadus|0 fnt\n|-damage|p2b: Zacian|0 fnt\n|faint|p2a: Tornadus\n|faint|p2b: Zacian\n|-ability|p1a: Calyrex|Grim Neigh|boost\n|-boost|p1a: Calyrex|spa|2\n|\n|-sideend|p2: huyuplan|move: Tailwind\n|upkeep\n|\n|t:|1739771971\n|switch|p2b: Ditto|Ditto, L50|100\/100\n|switch|p2a: Dragonite|Dragonite, L50, M|100\/100\n|-transform|p2b: Ditto|p1a: Calyrex|[from] ability: Imposter\n|-ability|p2b: Ditto|As One\n|-ability|p2b: Ditto|Unnerve\n|turn|6\n|inactive|speedduels has 30 seconds left.\n|inactive|huyuplan has 30 seconds left.\n|inactive|speedduels has 20 seconds left.\n|inactive|speedduels has 15 seconds left.\n|\n|t:|1739772012\n|move|p1a: Calyrex|Protect|p1a: Calyrex\n|-singleturn|p1a: Calyrex|Protect\n|move|p2a: Dragonite|Extreme Speed|p1a: Calyrex\n|-activate|p1a: Calyrex|move: Protect\n|move|p2b: Ditto|Astral Barrage|p1b: Ogerpon|[spread] p1b\n|-activate|p1a: Calyrex|move: Protect\n|-damage|p1b: Ogerpon|0 fnt\n|faint|p1b: Ogerpon\n|-ability|p2b: Ditto|Grim Neigh|boost\n|-boost|p2b: Ditto|spa|1\n|\n|upkeep\n|\n|t:|1739772018\n|switch|p1b: Grimmsnarl|Grimmsnarl, L50, M|100\/100\n|turn|7\n|inactive|huyuplan has 30 seconds left.\n|inactive|huyuplan has 20 seconds left.\n|inactive|huyuplan has 15 seconds left.\n|inactive|huyuplan has 10 seconds left.\n|inactive|huyuplan has 5 seconds left.\n|\n|t:|1739772069\n|-terastallize|p2a: Dragonite|Dark\n|move|p2a: Dragonite|Extreme Speed|p1b: Grimmsnarl\n|-damage|p1b: Grimmsnarl|82\/100\n|move|p1b: Grimmsnarl|Thunder Wave|p2b: Ditto\n|-status|p2b: Ditto|par\n|move|p1a: Calyrex|Astral Barrage|p2a: Dragonite|[spread] p2a,p2b\n|-resisted|p2a: Dragonite\n|-supereffective|p2b: Ditto\n|-damage|p2a: Dragonite|62\/100\n|-damage|p2b: Ditto|0 fnt\n|faint|p2b: Ditto\n|-ability|p1a: Calyrex|Grim Neigh|boost\n|-boost|p1a: Calyrex|spa|1\n|\n|upkeep\n|turn|8\n|j| continuethesaga\n|-message|huyuplan forfeited.\n|\n|win|speedduels\n|raw|speedduels's rating: 1532 &rarr; <strong>1554<\/strong><br \/>(+22 for winning)\n|raw|huyuplan's rating: 1574 &rarr; <strong>1552<\/strong><br \/>(-22 for losing)\n|l|\u2606huyuplan\n|player|p2|\n|l|\u2606speedduels\n|player|p1|\n","uploadtime":1739772278,"views":5,"formatid":"gen9vgc2025regg","rating":1552,"private":0,"password":null}