{"id":"gen9vgc2025regg-2302880922","format":"[Gen 9] VGC 2025 Reg G","players":["jecheonjo","Tempest Flute"],"log":"|j|\u2606jecheonjo\n|j|\u2606Tempest Flute\n|t:|1739850172\n|gametype|doubles\n|player|p1|jecheonjo|steven|1568\n|player|p2|Tempest Flute|policeman-gen4|1638\n|teamsize|p1|6\n|teamsize|p2|6\n|gen|9\n|tier|[Gen 9] VGC 2025 Reg G\n|rated|\n|rule|Species Clause: Limit one of each Pok\u00e9mon\n|rule|Item Clause: Limit 1 of each item\n|clearpoke\n|poke|p1|Necrozma-Dusk-Mane, L50|\n|poke|p1|Ursaluna, L50, M|\n|poke|p1|Amoonguss, L50, F|\n|poke|p1|Raging Bolt, L50|\n|poke|p1|Urshifu-*, L50, F|\n|poke|p1|Ogerpon-Cornerstone, L50, F|\n|poke|p2|Kyogre, L50|\n|poke|p2|Tornadus, L50, M|\n|poke|p2|Tsareena, L50, F|\n|poke|p2|Urshifu-*, L50, M|\n|poke|p2|Chien-Pao, L50|\n|poke|p2|Rillaboom, L50, M|\n|teampreview|4\n|inactive|Battle timer is ON: inactive players will automatically lose when time's up. (requested by Tempest Flute)\n|inactive|Tempest Flute has 60 seconds left.\n|\n|t:|1739850205\n|start\n|switch|p1a: Urshifu|Urshifu-Rapid-Strike, L50, F|100\/100\n|switch|p1b: Ogerpon|Ogerpon-Cornerstone, L50, F|100\/100\n|switch|p2a: Tsareena|Tsareena, L50, F, shiny|100\/100\n|switch|p2b: Kyogre|Kyogre, L50, shiny|100\/100\n|-weather|RainDance|[from] ability: Drizzle|[of] p2b: Kyogre\n|turn|1\n|inactive|jecheonjo has 30 seconds left.\n|\n|t:|1739850236\n|-terastallize|p2b: Kyogre|Grass\n|move|p1b: Ogerpon|Power Whip|p2b: Kyogre\n|-resisted|p2b: Kyogre\n|-damage|p2b: Kyogre|60\/100\n|move|p2b: Kyogre|Origin Pulse|p1a: Urshifu|[spread] p1a,p1b\n|-resisted|p1a: Urshifu\n|-damage|p1a: Urshifu|55\/100\n|-ability|p1b: Ogerpon|Sturdy\n|-damage|p1b: Ogerpon|1\/100\n|move|p1a: Urshifu|Close Combat|p2b: Kyogre\n|-damage|p2b: Kyogre|0 fnt\n|-unboost|p1a: Urshifu|def|1\n|-unboost|p1a: Urshifu|spd|1\n|faint|p2b: Kyogre\n|move|p2a: Tsareena|Triple Axel|p1b: Ogerpon\n|-supereffective|p1b: Ogerpon\n|-damage|p1b: Ogerpon|0 fnt\n|faint|p1b: Ogerpon\n|-hitcount|p1: Ogerpon|1\n|\n|-weather|RainDance|[upkeep]\n|upkeep\n|\n|t:|1739850261\n|switch|p1b: Raging Bolt|Raging Bolt, L50|100\/100\n|switch|p2b: Urshifu|Urshifu-Rapid-Strike, L50, M|100\/100\n|turn|2\n|\n|t:|1739850276\n|-terastallize|p1b: Raging Bolt|Fairy\n|move|p2b: Urshifu|Close Combat|p1b: Raging Bolt\n|-resisted|p1b: Raging Bolt\n|-damage|p1b: Raging Bolt|76\/100\n|-unboost|p2b: Urshifu|def|1\n|-unboost|p2b: Urshifu|spd|1\n|move|p1a: Urshifu|Close Combat|p2a: Tsareena\n|-damage|p2a: Tsareena|22\/100\n|-unboost|p1a: Urshifu|def|1\n|-unboost|p1a: Urshifu|spd|1\n|move|p2a: Tsareena|Triple Axel|p1b: Raging Bolt\n|-damage|p1b: Raging Bolt|71\/100\n|-damage|p1b: Raging Bolt|61\/100\n|-damage|p1b: Raging Bolt|45\/100\n|-hitcount|p1b: Raging Bolt|3\n|move|p1b: Raging Bolt|Electroweb|p2a: Tsareena|[spread] p2a,p2b\n|-resisted|p2a: Tsareena\n|-supereffective|p2b: Urshifu\n|-damage|p2a: Tsareena|8\/100\n|-damage|p2b: Urshifu|0 fnt\n|-unboost|p2a: Tsareena|spe|1\n|faint|p2b: Urshifu\n|\n|-weather|RainDance|[upkeep]\n|upkeep\n|\n|t:|1739850279\n|switch|p2b: Chien-Pao|Chien-Pao, L50|100\/100\n|-ability|p2b: Chien-Pao|Sword of Ruin\n|turn|3\n|inactive|jecheonjo has 30 seconds left.\n|\n|t:|1739850304\n|move|p2a: Tsareena|Helping Hand|p2b: Chien-Pao\n|-singleturn|p2b: Chien-Pao|Helping Hand|[of] p2a: Tsareena\n|move|p2b: Chien-Pao|Sucker Punch|p1a: Urshifu\n|-resisted|p1a: Urshifu\n|-damage|p1a: Urshifu|0 fnt\n|faint|p1a: Urshifu\n|move|p1b: Raging Bolt|Volt Switch|p2a: Tsareena\n|-resisted|p2a: Tsareena\n|-damage|p2a: Tsareena|0 fnt\n|faint|p2a: Tsareena\n|\n|t:|1739850309\n|-end|p1b: Raging Bolt|Protosynthesis|[silent]\n|switch|p1b: Necrozma|Necrozma-Dusk-Mane, L50|100\/100|[from] Volt Switch\n|\n|-weather|RainDance|[upkeep]\n|upkeep\n|\n|t:|1739850310\n|switch|p1a: Raging Bolt|Raging Bolt, L50, tera:Fairy|45\/100\n|turn|4\n|\n|t:|1739850317\n|move|p2b: Chien-Pao|Icicle Crash|p1a: Raging Bolt\n|-damage|p1a: Raging Bolt|0 fnt\n|faint|p1a: Raging Bolt\n|-end|p1a: Raging Bolt|Protosynthesis|[silent]\n|move|p1b: Necrozma|Sunsteel Strike|p2b: Chien-Pao\n|-supereffective|p2b: Chien-Pao\n|-enditem|p2b: Chien-Pao|Focus Sash\n|-damage|p2b: Chien-Pao|1\/100\n|\n|-weather|RainDance|[upkeep]\n|upkeep\n|turn|5\n|\n|t:|1739850321\n|move|p2b: Chien-Pao|Sucker Punch|p1b: Necrozma\n|-supereffective|p1b: Necrozma\n|-damage|p1b: Necrozma|52\/100\n|move|p1b: Necrozma|Sunsteel Strike|p2b: Chien-Pao\n|-supereffective|p2b: Chien-Pao\n|-damage|p2b: Chien-Pao|0 fnt\n|faint|p2b: Chien-Pao\n|\n|win|jecheonjo\n|raw|jecheonjo's rating: 1568 &rarr; <strong>1592<\/strong><br \/>(+24 for winning)\n|raw|Tempest Flute's rating: 1638 &rarr; <strong>1614<\/strong><br \/>(-24 for losing)\n|l|\u2606Tempest Flute\n|player|p2|\n|l|\u2606jecheonjo\n|player|p1|\n","uploadtime":1739850540,"views":5,"formatid":"gen9vgc2025regg","rating":1592,"private":0,"password":null}