{"id":"gen9vgc2025regg-2302164105","format":"[Gen 9] VGC 2025 Reg G","players":["501JFW","jecheonjo"],"log":"|j|\u203d501JFW\n|j|\u2606jecheonjo\n|t:|1739754695\n|gametype|doubles\n|player|p1|501JFW|170|1730\n|player|p2|jecheonjo|steven|1662\n|teamsize|p1|6\n|teamsize|p2|6\n|gen|9\n|tier|[Gen 9] VGC 2025 Reg G\n|rated|\n|rule|Species Clause: Limit one of each Pok\u00e9mon\n|rule|Item Clause: Limit 1 of each item\n|clearpoke\n|poke|p1|Calyrex-Ice, L50|\n|poke|p1|Urshifu-*, L50, M|\n|poke|p1|Pelipper, L50, F|\n|poke|p1|Amoonguss, L50, M|\n|poke|p1|Incineroar, L50, F|\n|poke|p1|Raging Bolt, L50|\n|poke|p2|Terapagos, L50, M|\n|poke|p2|Tornadus, L50, M|\n|poke|p2|Incineroar, L50, M|\n|poke|p2|Amoonguss, L50, F|\n|poke|p2|Flutter Mane, L50|\n|poke|p2|Urshifu-*, L50, F|\n|teampreview|4\n|inactive|Battle timer is ON: inactive players will automatically lose when time's up. (requested by 501JFW)\n|inactive|jecheonjo has 60 seconds left.\n|\n|t:|1739754731\n|start\n|switch|p1a: Raging Bolt|Raging Bolt, L50|100\/100\n|switch|p1b: Incineroar|Incineroar, L50, F, shiny|100\/100\n|switch|p2a: Terapagos|Terapagos, L50, M|100\/100\n|switch|p2b: Incineroar|Incineroar, L50, M|100\/100\n|-activate|p2a: Terapagos|ability: Tera Shift\n|detailschange|p2a: Terapagos|Terapagos-Terastal, L50, M\n|-heal|p2a: Terapagos|100\/100|[silent]\n|-ability|p1b: Incineroar|Intimidate|boost\n|-unboost|p2a: Terapagos|atk|1\n|-unboost|p2b: Incineroar|atk|1\n|-ability|p2b: Incineroar|Intimidate|boost\n|-unboost|p1a: Raging Bolt|atk|1\n|-unboost|p1b: Incineroar|atk|1\n|turn|1\n|\n|t:|1739754747\n|move|p2a: Terapagos|Protect|p2a: Terapagos\n|-singleturn|p2a: Terapagos|Protect\n|move|p1a: Raging Bolt|Volt Switch|p2a: Terapagos\n|-activate|p2a: Terapagos|move: Protect\n|move|p1b: Incineroar|Knock Off|p2a: Terapagos\n|-activate|p2a: Terapagos|move: Protect\n|move|p2b: Incineroar|Parting Shot|p1a: Raging Bolt\n|-unboost|p1a: Raging Bolt|atk|1\n|-unboost|p1a: Raging Bolt|spa|1\n|\n|t:|1739754756\n|switch|p2b: Amoonguss|Amoonguss, L50, F|100\/100|[from] Parting Shot\n|\n|upkeep\n|turn|2\n|\n|t:|1739754766\n|move|p2a: Terapagos|Substitute|p2a: Terapagos\n|-start|p2a: Terapagos|Substitute\n|-damage|p2a: Terapagos|75\/100\n|move|p1a: Raging Bolt|Snarl|p2b: Amoonguss|[spread] p2a,p2b\n|-damage|p2a: Terapagos|67\/100\n|-damage|p2b: Amoonguss|91\/100\n|-unboost|p2a: Terapagos|spa|1\n|-unboost|p2b: Amoonguss|spa|1\n|move|p1b: Incineroar|Taunt|p2b: Amoonguss\n|-start|p2b: Amoonguss|move: Taunt\n|-enditem|p2b: Amoonguss|Mental Herb\n|-end|p2b: Amoonguss|move: Taunt\n|move|p2b: Amoonguss|Spore|p1a: Raging Bolt\n|-status|p1a: Raging Bolt|slp|[from] move: Spore\n|\n|-heal|p2a: Terapagos|73\/100|[from] item: Leftovers\n|upkeep\n|turn|3\n|\n|t:|1739754789\n|switch|p2b: Urshifu|Urshifu-Rapid-Strike, L50, F|100\/100\n|move|p2a: Terapagos|Calm Mind|p2a: Terapagos\n|-boost|p2a: Terapagos|spa|1\n|-boost|p2a: Terapagos|spd|1\n|cant|p1a: Raging Bolt|slp\n|move|p1b: Incineroar|Taunt|p2b: Urshifu\n|-start|p2b: Urshifu|move: Taunt\n|\n|-heal|p2a: Terapagos|80\/100|[from] item: Leftovers\n|upkeep\n|turn|4\n|\n|t:|1739754806\n|move|p2b: Urshifu|Close Combat|p1a: Raging Bolt\n|-damage|p1a: Raging Bolt|49\/100 slp\n|-unboost|p2b: Urshifu|def|1\n|-unboost|p2b: Urshifu|spd|1\n|move|p2a: Terapagos|Calm Mind|p2a: Terapagos\n|-boost|p2a: Terapagos|spa|1\n|-boost|p2a: Terapagos|spd|1\n|cant|p1a: Raging Bolt|slp\n|move|p1b: Incineroar|Parting Shot|p2a: Terapagos\n|-unboost|p2a: Terapagos|atk|1\n|-unboost|p2a: Terapagos|spa|1\n|\n|t:|1739754812\n|switch|p1b: Calyrex|Calyrex-Ice, L50|100\/100|[from] Parting Shot\n|-ability|p1b: Calyrex|As One\n|-ability|p1b: Calyrex|Unnerve\n|\n|-heal|p2a: Terapagos|86\/100|[from] item: Leftovers\n|upkeep\n|turn|5\n|\n|t:|1739754835\n|switch|p2b: Incineroar|Incineroar, L50, M|100\/100\n|-ability|p2b: Incineroar|Intimidate|boost\n|-unboost|p1a: Raging Bolt|atk|1\n|-unboost|p1b: Calyrex|atk|1\n|cant|p1a: Raging Bolt|slp\n|move|p2a: Terapagos|Calm Mind|p2a: Terapagos\n|-boost|p2a: Terapagos|spa|1\n|-boost|p2a: Terapagos|spd|1\n|move|p1b: Calyrex|Glacial Lance|p2b: Incineroar|[spread] p2a,p2b\n|-end|p2a: Terapagos|Substitute\n|-resisted|p2b: Incineroar\n|-damage|p2b: Incineroar|84\/100\n|\n|-heal|p2a: Terapagos|92\/100|[from] item: Leftovers\n|upkeep\n|turn|6\n|l|\u203d501JFW\n|inactive|501JFW disconnected and has a minute to reconnect!\n|player|p1|\n|inactive|501JFW has 30 seconds left.\n|inactive|501JFW has 20 seconds left.\n|inactive|501JFW has 15 seconds left.\n|inactive|501JFW has 10 seconds left.\n|inactive|501JFW has 5 seconds left.\n|-message|501JFW lost due to inactivity.\n|\n|win|jecheonjo\n|raw|501JFW's rating: 1730 &rarr; <strong>1706<\/strong><br \/>(-24 for losing)\n|raw|jecheonjo's rating: 1662 &rarr; <strong>1686<\/strong><br \/>(+24 for winning)\n|l|\u2606jecheonjo\n|player|p2|\n","uploadtime":1739755076,"views":11,"formatid":"gen9vgc2025regg","rating":1686,"private":0,"password":null}