{"id":"gen9vgc2025regg-2302284398","format":"[Gen 9] VGC 2025 Reg G","players":["aoiharada","Spottedwoot"],"log":"|j|\u2606aoiharada\n|j|\u2606Spottedwoot\n|t:|1739772065\n|gametype|doubles\n|player|p1|aoiharada|266|1620\n|player|p2|Spottedwoot|266|1718\n|teamsize|p1|6\n|teamsize|p2|6\n|gen|9\n|tier|[Gen 9] VGC 2025 Reg G\n|rated|\n|rule|Species Clause: Limit one of each Pok\u00e9mon\n|rule|Item Clause: Limit 1 of each item\n|clearpoke\n|poke|p1|Weezing-Galar, L50, M|\n|poke|p1|Calyrex-Shadow, L50|\n|poke|p1|Dondozo, L50, M|\n|poke|p1|Tatsugiri, L50, F|\n|poke|p1|Incineroar, L50, F|\n|poke|p1|Roaring Moon, L50|\n|poke|p2|Zamazenta-*, L50|\n|poke|p2|Chien-Pao, L50|\n|poke|p2|Entei, L50|\n|poke|p2|Raging Bolt, L50|\n|poke|p2|Rillaboom, L50, M|\n|poke|p2|Farigiraf, L50, M|\n|teampreview|4\n|inactive|Battle timer is ON: inactive players will automatically lose when time's up. (requested by Spottedwoot)\n|\n|t:|1739772087\n|start\n|switch|p1a: Weezing|Weezing-Galar, L50, M|100\/100\n|switch|p1b: Incineroar|Incineroar, L50, F|100\/100\n|switch|p2a: Zamazenta|Zamazenta-Crowned, L50|100\/100\n|switch|p2b: Chien-Pao|Chien-Pao, L50|100\/100\n|-ability|p1a: Weezing|Neutralizing Gas\n|-block|p1b: Incineroar|item: Ability Shield\n|-ability|p1b: Incineroar|Intimidate|boost\n|-unboost|p2a: Zamazenta|atk|1\n|-unboost|p2b: Chien-Pao|atk|1\n|turn|1\n|\n|t:|1739772104\n|switch|p2b: Raging Bolt|Raging Bolt, L50|100\/100\n|move|p1b: Incineroar|Fake Out|p2a: Zamazenta\n|-resisted|p2a: Zamazenta\n|-damage|p2a: Zamazenta|97\/100\n|cant|p2a: Zamazenta|flinch\n|move|p1a: Weezing|Toxic Spikes|p2a: Zamazenta\n|-sidestart|p2: Spottedwoot|move: Toxic Spikes\n|\n|upkeep\n|turn|2\n|\n|t:|1739772121\n|-terastallize|p2b: Raging Bolt|Electric\n|move|p2a: Zamazenta|Iron Defense|p2a: Zamazenta\n|-boost|p2a: Zamazenta|def|2\n|move|p1b: Incineroar|Will-O-Wisp|p2a: Zamazenta|[miss]\n|-miss|p1b: Incineroar|p2a: Zamazenta\n|move|p2b: Raging Bolt|Thunderbolt|p1a: Weezing\n|-damage|p1a: Weezing|34\/100\n|-enditem|p1a: Weezing|Sitrus Berry|[eat]\n|-heal|p1a: Weezing|59\/100|[from] item: Sitrus Berry\n|move|p1a: Weezing|Poison Gas|p2b: Raging Bolt|[spread] p2b\n|-miss|p1a: Weezing|p2a: Zamazenta\n|-status|p2b: Raging Bolt|psn\n|\n|-damage|p2b: Raging Bolt|88\/100 psn|[from] psn\n|upkeep\n|turn|3\n|\n|t:|1739772146\n|move|p1a: Weezing|Protect|p1a: Weezing\n|-singleturn|p1a: Weezing|Protect\n|move|p2a: Zamazenta|Body Press|p1b: Incineroar\n|-supereffective|p1b: Incineroar\n|-damage|p1b: Incineroar|0 fnt\n|faint|p1b: Incineroar\n|move|p2b: Raging Bolt|Thunderbolt|p1a: Weezing\n|-activate|p1a: Weezing|move: Protect\n|\n|-damage|p2b: Raging Bolt|76\/100 psn|[from] psn\n|upkeep\n|\n|t:|1739772150\n|switch|p1b: Dondozo|Dondozo, L50, M|100\/100\n|turn|4\n|\n|t:|1739772171\n|move|p1b: Dondozo|Protect|p1b: Dondozo\n|-singleturn|p1b: Dondozo|Protect\n|move|p2b: Raging Bolt|Thunderclap||[still]\n|-fail|p2b: Raging Bolt\n|move|p2a: Zamazenta|Body Press|p1b: Dondozo\n|-activate|p1b: Dondozo|move: Protect\n|move|p1a: Weezing|Strange Steam|p2b: Raging Bolt\n|-damage|p2b: Raging Bolt|54\/100 psn\n|\n|-damage|p2b: Raging Bolt|42\/100 psn|[from] psn\n|upkeep\n|turn|5\n|\n|t:|1739772186\n|-end|p1a: Weezing|ability: Neutralizing Gas\n|-ability|p2a: Zamazenta|Dauntless Shield|boost\n|-boost|p2a: Zamazenta|def|1\n|switch|p1a: Tatsugiri|Tatsugiri, L50, F|100\/100\n|-enditem|p2b: Raging Bolt|Booster Energy\n|-activate|p2b: Raging Bolt|ability: Protosynthesis|[fromitem]\n|-start|p2b: Raging Bolt|protosynthesisspa\n|-activate|p1a: Tatsugiri|ability: Commander|[of] p1b: Dondozo\n|-boost|p1b: Dondozo|atk|2\n|-boost|p1b: Dondozo|spa|2\n|-boost|p1b: Dondozo|spe|2\n|-boost|p1b: Dondozo|def|2\n|-boost|p1b: Dondozo|spd|2\n|move|p2a: Zamazenta|Body Press|p1b: Dondozo\n|-damage|p1b: Dondozo|87\/100\n|move|p1b: Dondozo|Substitute|p1b: Dondozo\n|-start|p1b: Dondozo|Substitute\n|-damage|p1b: Dondozo|62\/100\n|move|p2b: Raging Bolt|Thunderbolt|p1b: Dondozo\n|-supereffective|p1b: Dondozo\n|-end|p1b: Dondozo|Substitute\n|\n|-heal|p1b: Dondozo|69\/100|[from] item: Leftovers\n|-damage|p2b: Raging Bolt|30\/100 psn|[from] psn\n|upkeep\n|turn|6\n|inactive|Spottedwoot has 30 seconds left.\n|\n|t:|1739772212\n|move|p1b: Dondozo|Protect|p1b: Dondozo\n|-singleturn|p1b: Dondozo|Protect\n|move|p2b: Raging Bolt|Protect|p2b: Raging Bolt\n|-singleturn|p2b: Raging Bolt|Protect\n|move|p2a: Zamazenta|Body Press|p1b: Dondozo\n|-activate|p1b: Dondozo|move: Protect\n|\n|-heal|p1b: Dondozo|75\/100|[from] item: Leftovers\n|-damage|p2b: Raging Bolt|18\/100 psn|[from] psn\n|upkeep\n|turn|7\n|\n|t:|1739772222\n|move|p2a: Zamazenta|Body Press|p1b: Dondozo\n|-damage|p1b: Dondozo|60\/100\n|move|p1b: Dondozo|Substitute|p1b: Dondozo\n|-start|p1b: Dondozo|Substitute\n|-damage|p1b: Dondozo|36\/100\n|move|p2b: Raging Bolt|Thunderbolt|p1b: Dondozo\n|-supereffective|p1b: Dondozo\n|-crit|p1b: Dondozo\n|-end|p1b: Dondozo|Substitute\n|\n|-heal|p1b: Dondozo|42\/100|[from] item: Leftovers\n|-damage|p2b: Raging Bolt|6\/100 psn|[from] psn\n|upkeep\n|turn|8\n|\n|t:|1739772233\n|move|p1b: Dondozo|Protect|p1b: Dondozo\n|-singleturn|p1b: Dondozo|Protect\n|move|p2a: Zamazenta|Body Press|p1b: Dondozo\n|-activate|p1b: Dondozo|move: Protect\n|move|p2b: Raging Bolt|Thunderbolt|p1b: Dondozo\n|-activate|p1b: Dondozo|move: Protect\n|\n|-heal|p1b: Dondozo|48\/100|[from] item: Leftovers\n|-damage|p2b: Raging Bolt|0 fnt|[from] psn\n|faint|p2b: Raging Bolt\n|-end|p2b: Raging Bolt|Protosynthesis|[silent]\n|upkeep\n|\n|t:|1739772238\n|switch|p2b: Rillaboom|Rillaboom, L50, M|100\/100\n|-status|p2b: Rillaboom|psn\n|-fieldstart|move: Grassy Terrain|[from] ability: Grassy Surge|[of] p2b: Rillaboom\n|turn|9\n|\n|t:|1739772254\n|move|p2a: Zamazenta|Body Press|p1b: Dondozo\n|-damage|p1b: Dondozo|34\/100\n|move|p1b: Dondozo|Substitute|p1b: Dondozo\n|-start|p1b: Dondozo|Substitute\n|-damage|p1b: Dondozo|9\/100\n|move|p2b: Rillaboom|Wood Hammer|p1b: Dondozo\n|-supereffective|p1b: Dondozo\n|-end|p1b: Dondozo|Substitute\n|-damage|p2b: Rillaboom|90\/100 psn|[from] Recoil|[of] p1b: Dondozo\n|\n|-heal|p2a: Zamazenta|100\/100|[from] Grassy Terrain\n|-heal|p1b: Dondozo|15\/100|[from] Grassy Terrain\n|-heal|p1b: Dondozo|21\/100|[from] item: Leftovers\n|-heal|p2b: Rillaboom|96\/100 psn|[from] Grassy Terrain\n|-damage|p2b: Rillaboom|84\/100 psn|[from] psn\n|upkeep\n|turn|10\n|\n|t:|1739772262\n|move|p1b: Dondozo|Protect|p1b: Dondozo\n|-singleturn|p1b: Dondozo|Protect\n|move|p2a: Zamazenta|Body Press|p1b: Dondozo\n|-activate|p1b: Dondozo|move: Protect\n|move|p2b: Rillaboom|Wood Hammer|p1b: Dondozo\n|-activate|p1b: Dondozo|move: Protect\n|\n|-heal|p1b: Dondozo|27\/100|[from] Grassy Terrain\n|-heal|p1b: Dondozo|34\/100|[from] item: Leftovers\n|-heal|p2b: Rillaboom|90\/100 psn|[from] Grassy Terrain\n|-damage|p2b: Rillaboom|78\/100 psn|[from] psn\n|upkeep\n|turn|11\n|\n|t:|1739772275\n|-terastallize|p1b: Dondozo|Grass\n|move|p2b: Rillaboom|Grassy Glide|p1b: Dondozo\n|-resisted|p1b: Dondozo\n|-damage|p1b: Dondozo|28\/100\n|move|p2a: Zamazenta|Body Press|p1b: Dondozo\n|-damage|p1b: Dondozo|15\/100\n|move|p1b: Dondozo|Earthquake|p2b: Rillaboom|[spread] p2a,p2b\n|-miss|p1b: Dondozo|p1a: Tatsugiri\n|-supereffective|p2a: Zamazenta\n|-resisted|p2b: Rillaboom\n|-damage|p2a: Zamazenta|73\/100\n|-damage|p2b: Rillaboom|68\/100 psn\n|\n|-heal|p2a: Zamazenta|79\/100|[from] Grassy Terrain\n|-heal|p1b: Dondozo|21\/100|[from] Grassy Terrain\n|-heal|p1b: Dondozo|27\/100|[from] item: Leftovers\n|-heal|p2b: Rillaboom|74\/100 psn|[from] Grassy Terrain\n|-damage|p2b: Rillaboom|62\/100 psn|[from] psn\n|upkeep\n|turn|12\n|\n|t:|1739772294\n|move|p2a: Zamazenta|Body Press|p1b: Dondozo\n|-damage|p1b: Dondozo|13\/100\n|move|p1b: Dondozo|Wave Crash|p2a: Zamazenta\n|-damage|p2a: Zamazenta|16\/100\n|-damage|p1b: Dondozo|0 fnt|[from] Recoil\n|faint|p1b: Dondozo\n|move|p2b: Rillaboom|U-turn|p1a: Tatsugiri\n|-damage|p1a: Tatsugiri|57\/100\n|\n|t:|1739772298\n|switch|p2b: Chien-Pao|Chien-Pao, L50|100\/100|[from] U-turn\n|-status|p2b: Chien-Pao|psn\n|-ability|p2b: Chien-Pao|Sword of Ruin\n|\n|-heal|p2a: Zamazenta|22\/100|[from] Grassy Terrain\n|-heal|p1a: Tatsugiri|63\/100|[from] Grassy Terrain\n|-damage|p2b: Chien-Pao|88\/100 psn|[from] psn\n|upkeep\n|\n|t:|1739772302\n|switch|p1b: Weezing|Weezing-Galar, L50, M|59\/100\n|-ability|p1b: Weezing|Neutralizing Gas\n|turn|13\n|-message|aoiharada forfeited.\n|\n|win|Spottedwoot\n|raw|aoiharada's rating: 1620 &rarr; <strong>1605<\/strong><br \/>(-15 for losing)\n|raw|Spottedwoot's rating: 1718 &rarr; <strong>1733<\/strong><br \/>(+15 for winning)\n|l|\u2606aoiharada\n|player|p1|\n|l|\u2606Spottedwoot\n|player|p2|\n","uploadtime":1739772324,"views":74,"formatid":"gen9vgc2025regg","rating":1605,"private":0,"password":null}