{"id":"gen9vgc2025regg-2302322892","format":"[Gen 9] VGC 2025 Reg G","players":["burbnator10000","aoiharada"],"log":"|j|\u2606burbnator10000\n|j|\u2606aoiharada\n|t:|1739779743\n|gametype|doubles\n|player|p1|burbnator10000|nancy|1560\n|player|p2|aoiharada|266|1646\n|teamsize|p1|6\n|teamsize|p2|6\n|gen|9\n|tier|[Gen 9] VGC 2025 Reg G\n|rated|\n|rule|Species Clause: Limit one of each Pok\u00e9mon\n|rule|Item Clause: Limit 1 of each item\n|clearpoke\n|poke|p1|Palkia, L50|\n|poke|p1|Urshifu-*, L50, F|\n|poke|p1|Pelipper, L50, M|\n|poke|p1|Farigiraf, L50, F|\n|poke|p1|Ursaluna, L50, F|\n|poke|p1|Toxicroak, L50, F|\n|poke|p2|Weezing-Galar, L50, F|\n|poke|p2|Calyrex-Shadow, L50|\n|poke|p2|Dondozo, L50, M|\n|poke|p2|Tatsugiri, L50, F|\n|poke|p2|Incineroar, L50, M|\n|poke|p2|Roaring Moon, L50|\n|teampreview|4\n|inactive|Battle timer is ON: inactive players will automatically lose when time's up. (requested by burbnator10000)\n|inactive|burbnator10000 has 60 seconds left.\n|inactive|aoiharada has 60 seconds left.\n|\n|t:|1739779789\n|start\n|switch|p1a: Palkia|Palkia, L50|100\/100\n|switch|p1b: Toxicroak|Toxicroak, L50, F|100\/100\n|switch|p2a: Weezing|Weezing-Galar, L50, F|100\/100\n|switch|p2b: Roaring Moon|Roaring Moon, L50|100\/100\n|-ability|p2a: Weezing|Neutralizing Gas\n|turn|1\n|\n|t:|1739779813\n|-terastallize|p2b: Roaring Moon|Fairy\n|move|p1b: Toxicroak|Fake Out|p2b: Roaring Moon\n|-damage|p2b: Roaring Moon|84\/100\n|cant|p2b: Roaring Moon|flinch\n|move|p2a: Weezing|Toxic Spikes|p1a: Palkia\n|-sidestart|p1: burbnator10000|move: Toxic Spikes\n|move|p1a: Palkia|Trick Room|p1a: Palkia\n|-fieldstart|move: Trick Room|[of] p1a: Palkia\n|\n|upkeep\n|turn|2\n|inactive|burbnator10000 has 30 seconds left.\n|inactive|aoiharada has 30 seconds left.\n|\n|t:|1739779843\n|switch|p1b: Pelipper|Pelipper, L50, M|100\/100\n|move|p1a: Palkia|Protect|p1a: Palkia\n|-singleturn|p1a: Palkia|Protect\n|move|p2a: Weezing|Strange Steam|p1b: Pelipper\n|-damage|p1b: Pelipper|59\/100\n|move|p2b: Roaring Moon|Tera Blast|p1a: Palkia|[anim] Tera Blast Fairy\n|-activate|p1a: Palkia|move: Protect\n|\n|upkeep\n|turn|3\n|\n|t:|1739779867\n|switch|p1a: Toxicroak|Toxicroak, L50, F|100\/100\n|-sideend|p1: burbnator10000|move: Toxic Spikes|[of] p1a: Toxicroak\n|move|p1b: Pelipper|Wide Guard|p1b: Pelipper\n|-singleturn|p1b: Pelipper|Wide Guard\n|move|p2a: Weezing|Strange Steam|p1b: Pelipper\n|-damage|p1b: Pelipper|21\/100\n|move|p2b: Roaring Moon|Tera Blast|p1a: Toxicroak|[anim] Tera Blast Fairy\n|-damage|p1a: Toxicroak|34\/100\n|\n|upkeep\n|turn|4\n|\n|t:|1739779882\n|switch|p1b: Palkia|Palkia, L50|100\/100\n|move|p2a: Weezing|Strange Steam|p1a: Toxicroak\n|-damage|p1a: Toxicroak|10\/100\n|move|p1a: Toxicroak|Gunk Shot|p2b: Roaring Moon\n|-supereffective|p2b: Roaring Moon\n|-damage|p2b: Roaring Moon|0 fnt\n|faint|p2b: Roaring Moon\n|-end|p2b: Roaring Moon|Protosynthesis|[silent]\n|\n|upkeep\n|\n|t:|1739779892\n|switch|p2b: Dondozo|Dondozo, L50, M|100\/100\n|turn|5\n|\n|t:|1739779904\n|move|p2b: Dondozo|Substitute|p2b: Dondozo\n|-start|p2b: Dondozo|Substitute\n|-damage|p2b: Dondozo|76\/100\n|move|p2a: Weezing|Strange Steam|p1a: Toxicroak\n|-damage|p1a: Toxicroak|0 fnt\n|faint|p1a: Toxicroak\n|move|p1b: Palkia|Surf|p2a: Weezing|[spread] p2a,p2b\n|-resisted|p2b: Dondozo\n|-end|p2b: Dondozo|Substitute\n|-damage|p2a: Weezing|50\/100\n|-enditem|p2a: Weezing|Sitrus Berry|[eat]\n|-heal|p2a: Weezing|75\/100|[from] item: Sitrus Berry\n|\n|-heal|p2b: Dondozo|82\/100|[from] item: Leftovers\n|-fieldend|move: Trick Room\n|upkeep\n|\n|t:|1739779915\n|switch|p1a: Urshifu|Urshifu-Rapid-Strike, L50, F|100\/100\n|turn|6\n|\n|t:|1739779927\n|move|p2b: Dondozo|Protect|p2b: Dondozo\n|-singleturn|p2b: Dondozo|Protect\n|move|p1a: Urshifu|Detect|p1a: Urshifu\n|-singleturn|p1a: Urshifu|Protect\n|move|p1b: Palkia|Surf|p2a: Weezing|[spread] p2a\n|-activate|p1a: Urshifu|move: Protect\n|-activate|p2b: Dondozo|move: Protect\n|-damage|p2a: Weezing|24\/100\n|move|p2a: Weezing|Poison Gas|p1b: Palkia|[spread] p1b\n|-activate|p1a: Urshifu|move: Protect\n|-status|p1b: Palkia|psn\n|\n|-heal|p2b: Dondozo|88\/100|[from] item: Leftovers\n|-damage|p1b: Palkia|88\/100 psn|[from] psn\n|upkeep\n|turn|7\n|\n|t:|1739779948\n|-end|p2a: Weezing|ability: Neutralizing Gas\n|switch|p2a: Tatsugiri|Tatsugiri, L50, F|100\/100\n|-activate|p2a: Tatsugiri|ability: Commander|[of] p2b: Dondozo\n|-boost|p2b: Dondozo|atk|2\n|-boost|p2b: Dondozo|spa|2\n|-boost|p2b: Dondozo|spe|2\n|-boost|p2b: Dondozo|def|2\n|-boost|p2b: Dondozo|spd|2\n|-terastallize|p1a: Urshifu|Water\n|move|p1a: Urshifu|Aqua Jet|p2a: Tatsugiri|[miss]\n|-miss|p1a: Urshifu|p2a: Tatsugiri\n|move|p2b: Dondozo|Earthquake|p1b: Palkia|[spread] p1a,p1b\n|-miss|p2b: Dondozo|p2a: Tatsugiri\n|-damage|p1a: Urshifu|62\/100\n|-damage|p1b: Palkia|49\/100 psn\n|move|p1b: Palkia|Trick Room|p1b: Palkia\n|-fieldstart|move: Trick Room|[of] p1b: Palkia\n|\n|-heal|p2b: Dondozo|94\/100|[from] item: Leftovers\n|-damage|p1b: Palkia|37\/100 psn|[from] psn\n|upkeep\n|turn|8\n|\n|t:|1739779971\n|switch|p1b: Pelipper|Pelipper, L50, M|21\/100\n|-weather|RainDance|[from] ability: Drizzle|[of] p1b: Pelipper\n|move|p1a: Urshifu|Surging Strikes|p2b: Dondozo\n|-resisted|p2b: Dondozo\n|-crit|p2b: Dondozo\n|-damage|p2b: Dondozo|81\/100\n|-resisted|p2b: Dondozo\n|-crit|p2b: Dondozo\n|-damage|p2b: Dondozo|69\/100\n|-resisted|p2b: Dondozo\n|-crit|p2b: Dondozo\n|-damage|p2b: Dondozo|57\/100\n|-hitcount|p2b: Dondozo|3\n|move|p2b: Dondozo|Wave Crash|p1a: Urshifu\n|-resisted|p1a: Urshifu\n|-damage|p1a: Urshifu|0 fnt\n|faint|p1a: Urshifu\n|-damage|p2b: Dondozo|41\/100|[from] Recoil\n|\n|-weather|RainDance|[upkeep]\n|-heal|p2b: Dondozo|47\/100|[from] item: Leftovers\n|upkeep\n|\n|t:|1739779985\n|switch|p1a: Palkia|Palkia, L50|37\/100 psn\n|turn|9\n|\n|t:|1739779990\n|move|p2b: Dondozo|Protect|p2b: Dondozo\n|-singleturn|p2b: Dondozo|Protect\n|move|p1b: Pelipper|Hurricane|p2b: Dondozo\n|-activate|p2b: Dondozo|move: Protect\n|move|p1a: Palkia|Spacial Rend|p2b: Dondozo\n|-activate|p2b: Dondozo|move: Protect\n|\n|-weather|RainDance|[upkeep]\n|-heal|p2b: Dondozo|53\/100|[from] item: Leftovers\n|-damage|p1a: Palkia|24\/100 psn|[from] psn\n|upkeep\n|turn|10\n|\n|t:|1739779999\n|move|p1b: Pelipper|Hurricane|p2b: Dondozo\n|-damage|p2b: Dondozo|26\/100\n|move|p1a: Palkia|Spacial Rend|p2b: Dondozo\n|-damage|p2b: Dondozo|0 fnt\n|faint|p2b: Dondozo\n|\n|-weather|RainDance|[upkeep]\n|-damage|p1a: Palkia|12\/100 psn|[from] psn\n|upkeep\n|\n|t:|1739780005\n|switch|p2b: Weezing|Weezing-Galar, L50, F|24\/100\n|-ability|p2b: Weezing|Neutralizing Gas\n|turn|11\n|\n|t:|1739780011\n|move|p2b: Weezing|Protect|p2b: Weezing\n|-singleturn|p2b: Weezing|Protect\n|move|p2a: Tatsugiri|Protect|p2a: Tatsugiri\n|-singleturn|p2a: Tatsugiri|Protect\n|move|p1b: Pelipper|Weather Ball|p2b: Weezing\n|-activate|p2b: Weezing|move: Protect\n|move|p1a: Palkia|Spacial Rend|p2a: Tatsugiri\n|-activate|p2a: Tatsugiri|move: Protect\n|\n|-weather|RainDance|[upkeep]\n|-damage|p1a: Palkia|0 fnt|[from] psn\n|faint|p1a: Palkia\n|-fieldend|move: Trick Room\n|upkeep\n|turn|12\n|-message|burbnator10000 forfeited.\n|\n|win|aoiharada\n|raw|burbnator10000's rating: 1560 &rarr; <strong>1545<\/strong><br \/>(-15 for losing)\n|raw|aoiharada's rating: 1646 &rarr; <strong>1661<\/strong><br \/>(+15 for winning)\n|l|\u2606burbnator10000\n|player|p1|\n|l|\u2606aoiharada\n|player|p2|\n","uploadtime":1739780179,"views":11,"formatid":"gen9vgc2025regg","rating":1545,"private":0,"password":null}