{"id":"gen9vgc2025regg-2302922447","format":"[Gen 9] VGC 2025 Reg G","players":["Crazy Daisy Doo","Zakmancho"],"log":"|j|\u2606Crazy Daisy Doo\n|j|\u2606Zakmancho\n|t:|1739856800\n|gametype|doubles\n|player|p1|Crazy Daisy Doo|red|1557\n|player|p2|Zakmancho|170|1615\n|teamsize|p1|6\n|teamsize|p2|6\n|gen|9\n|tier|[Gen 9] VGC 2025 Reg G\n|rated|\n|rule|Species Clause: Limit one of each Pok\u00e9mon\n|rule|Item Clause: Limit 1 of each item\n|clearpoke\n|poke|p1|Calyrex-Shadow, L50|\n|poke|p1|Whimsicott, L50, M|\n|poke|p1|Regidrago, L50|\n|poke|p1|Urshifu-*, L50, F|\n|poke|p1|Ogerpon-Hearthflame, L50, F|\n|poke|p1|Indeedee-F, L50, F|\n|poke|p2|Koraidon, L50|\n|poke|p2|Chi-Yu, L50|\n|poke|p2|Flutter Mane, L50|\n|poke|p2|Ogerpon-Cornerstone, L50, F|\n|poke|p2|Raging Bolt, L50|\n|poke|p2|Whimsicott, L50, F|\n|teampreview|4\n|inactive|Battle timer is ON: inactive players will automatically lose when time's up. (requested by Zakmancho)\n|j| NanshanVGC\n|\n|t:|1739856826\n|start\n|switch|p1a: Urshifu|Urshifu-Rapid-Strike, L50, F|100\/100\n|switch|p1b: Whimsicott|Whimsicott, L50, M|100\/100\n|switch|p2a: Whimsicott|Whimsicott, L50, F|100\/100\n|switch|p2b: Chi-Yu|Chi-Yu, L50|100\/100\n|-ability|p2b: Chi-Yu|Beads of Ruin\n|turn|1\n|\n|t:|1739856840\n|switch|p2b: Koraidon|Koraidon, L50|100\/100\n|-weather|SunnyDay|[from] ability: Orichalcum Pulse|[of] p2b: Koraidon\n|-activate|p2b: Koraidon|Orichalcum Pulse|[source]\n|move|p1b: Whimsicott|Tailwind|p1b: Whimsicott\n|-sidestart|p1: Crazy Daisy Doo|move: Tailwind\n|move|p1a: Urshifu|Close Combat|p2b: Koraidon\n|-damage|p2b: Koraidon|42\/100\n|-unboost|p1a: Urshifu|def|1\n|-unboost|p1a: Urshifu|spd|1\n|move|p2a: Whimsicott|Moonblast|p1a: Urshifu\n|-supereffective|p1a: Urshifu\n|-damage|p1a: Urshifu|0 fnt\n|faint|p1a: Urshifu\n|\n|-weather|SunnyDay|[upkeep]\n|upkeep\n|\n|t:|1739856851\n|switch|p1a: Calyrex|Calyrex-Shadow, L50|100\/100\n|-ability|p1a: Calyrex|As One\n|-ability|p1a: Calyrex|Unnerve\n|turn|2\n|\n|t:|1739856871\n|switch|p2b: Chi-Yu|Chi-Yu, L50|100\/100\n|-ability|p2b: Chi-Yu|Beads of Ruin\n|move|p1b: Whimsicott|Encore|p2a: Whimsicott\n|-start|p2a: Whimsicott|Encore\n|move|p2a: Whimsicott|Moonblast|p1a: Calyrex\n|-damage|p1a: Calyrex|57\/100\n|-unboost|p1a: Calyrex|spa|1\n|move|p1a: Calyrex|Astral Barrage|p2b: Chi-Yu|[spread] p2a,p2b\n|-resisted|p2b: Chi-Yu\n|-damage|p2a: Whimsicott|1\/100\n|-damage|p2b: Chi-Yu|75\/100\n|-damage|p1a: Calyrex|47\/100|[from] item: Life Orb\n|\n|-weather|SunnyDay|[upkeep]\n|upkeep\n|turn|3\n|inactive|Crazy Daisy Doo has 30 seconds left.\n|inactive|Zakmancho has 30 seconds left.\n|\n|t:|1739856899\n|switch|p1a: Ogerpon|Ogerpon-Hearthflame, L50, F|100\/100\n|-ability|p1a: Ogerpon|Mold Breaker\n|-terastallize|p1b: Whimsicott|Fire\n|move|p1b: Whimsicott|Moonblast|p2b: Chi-Yu\n|-damage|p2b: Chi-Yu|47\/100\n|-unboost|p2b: Chi-Yu|spa|1\n|move|p2b: Chi-Yu|Heat Wave|p1b: Whimsicott|[spread] p1a,p1b\n|-resisted|p1b: Whimsicott\n|-damage|p1a: Ogerpon|56\/100\n|-damage|p1b: Whimsicott|72\/100\n|move|p2a: Whimsicott|Moonblast|p1a: Ogerpon\n|-resisted|p1a: Ogerpon\n|-damage|p1a: Ogerpon|33\/100\n|\n|-weather|SunnyDay|[upkeep]\n|upkeep\n|turn|4\n|\n|t:|1739856924\n|move|p1b: Whimsicott|Moonblast|p2a: Whimsicott\n|-damage|p2a: Whimsicott|0 fnt\n|faint|p2a: Whimsicott\n|move|p1a: Ogerpon|Ivy Cudgel|p2b: Chi-Yu|[anim] Ivy Cudgel Fire\n|-resisted|p2b: Chi-Yu\n|-damage|p2b: Chi-Yu|0 fnt\n|faint|p2b: Chi-Yu\n|\n|-weather|SunnyDay|[upkeep]\n|-sideend|p1: Crazy Daisy Doo|move: Tailwind\n|upkeep\n|\n|t:|1739856930\n|switch|p2a: Flutter Mane|Flutter Mane, L50|100\/100\n|switch|p2b: Koraidon|Koraidon, L50|42\/100\n|-activate|p2b: Koraidon|ability: Orichalcum Pulse\n|-activate|p2a: Flutter Mane|ability: Protosynthesis\n|-start|p2a: Flutter Mane|protosynthesisspe\n|turn|5\n|\n|t:|1739856954\n|-terastallize|p2a: Flutter Mane|Water\n|move|p1b: Whimsicott|Tailwind|p1b: Whimsicott\n|-sidestart|p1: Crazy Daisy Doo|move: Tailwind\n|move|p1a: Ogerpon|Ivy Cudgel|p2a: Flutter Mane|[anim] Ivy Cudgel Fire\n|-resisted|p2a: Flutter Mane\n|-damage|p2a: Flutter Mane|36\/100\n|move|p2b: Koraidon|Collision Course|p1b: Whimsicott\n|-damage|p1b: Whimsicott|0 fnt\n|faint|p1b: Whimsicott\n|move|p2a: Flutter Mane|Trick Room|p2a: Flutter Mane\n|-fieldstart|move: Trick Room|[of] p2a: Flutter Mane\n|\n|-weather|none\n|-end|p2a: Flutter Mane|Protosynthesis\n|upkeep\n|-enditem|p2a: Flutter Mane|Booster Energy\n|-activate|p2a: Flutter Mane|ability: Protosynthesis|[fromitem]\n|-start|p2a: Flutter Mane|protosynthesisspe\n|\n|t:|1739856960\n|switch|p1b: Calyrex|Calyrex-Shadow, L50|47\/100\n|-ability|p1b: Calyrex|As One\n|-ability|p1b: Calyrex|Unnerve\n|turn|6\n|inactive|Zakmancho has 30 seconds left.\n|inactive|Zakmancho has 20 seconds left.\n|inactive|Zakmancho has 15 seconds left.\n|\n|t:|1739857003\n|move|p2a: Flutter Mane|Protect|p2a: Flutter Mane\n|-singleturn|p2a: Flutter Mane|Protect\n|move|p1a: Ogerpon|Follow Me|p1a: Ogerpon\n|-singleturn|p1a: Ogerpon|move: Follow Me\n|move|p2b: Koraidon|Collision Course|p1a: Ogerpon\n|-damage|p1a: Ogerpon|0 fnt\n|faint|p1a: Ogerpon\n|move|p1b: Calyrex|Astral Barrage|p2b: Koraidon|[spread] p2b\n|-activate|p2a: Flutter Mane|move: Protect\n|-damage|p2b: Koraidon|0 fnt\n|faint|p2b: Koraidon\n|-ability|p1b: Calyrex|Grim Neigh|boost\n|-boost|p1b: Calyrex|spa|1\n|-damage|p1b: Calyrex|38\/100|[from] item: Life Orb\n|\n|upkeep\n|turn|7\n|\n|t:|1739857016\n|move|p1b: Calyrex|Protect|p1b: Calyrex\n|-singleturn|p1b: Calyrex|Protect\n|move|p2a: Flutter Mane|Moonblast|p1b: Calyrex\n|-activate|p1b: Calyrex|move: Protect\n|\n|upkeep\n|turn|8\n|\n|t:|1739857026\n|move|p2a: Flutter Mane|Moonblast|p1b: Calyrex\n|-damage|p1b: Calyrex|0 fnt\n|faint|p1b: Calyrex\n|\n|win|Zakmancho\n|raw|Crazy Daisy Doo's rating: 1557 &rarr; <strong>1540<\/strong><br \/>(-17 for losing)\n|raw|Zakmancho's rating: 1615 &rarr; <strong>1632<\/strong><br \/>(+17 for winning)\n|l|\u2606Zakmancho\n|player|p2|\n|l|\u2606Crazy Daisy Doo\n|player|p1|\n|l| NanshanVGC\n","uploadtime":1739857277,"views":5,"formatid":"gen9vgc2025regg","rating":1540,"private":0,"password":null}