{"id":"gen9vgc2025regg-2302549731","format":"[Gen 9] VGC 2025 Reg G","players":["searows","Luca8"],"log":"|j|\u2606searows\n|j|\u2606Luca8\n|t:|1739812266\n|gametype|doubles\n|player|p1|searows|miku-water|1629\n|player|p2|Luca8|flint|1660\n|teamsize|p1|6\n|teamsize|p2|6\n|gen|9\n|tier|[Gen 9] VGC 2025 Reg G\n|rated|\n|rule|Species Clause: Limit one of each Pok\u00e9mon\n|rule|Item Clause: Limit 1 of each item\n|clearpoke\n|poke|p1|Calyrex-Shadow, L50|\n|poke|p1|Raging Bolt, L50|\n|poke|p1|Urshifu-*, L50, F|\n|poke|p1|Clefairy, L50, F|\n|poke|p1|Smeargle, L50, F|\n|poke|p1|Tornadus, L50, M|\n|poke|p2|Calyrex-Shadow, L50|\n|poke|p2|Indeedee, L50, M|\n|poke|p2|Dragonite, L50, M|\n|poke|p2|Chi-Yu, L50|\n|poke|p2|Sylveon, L50, M|\n|poke|p2|Iron Leaves, L50|\n|teampreview|4\nsearows has agreed to open team sheets.\n|inactive|Battle timer is ON: inactive players will automatically lose when time's up. (requested by searows)\n|\n|t:|1739812291\n|start\n|switch|p1a: Calyrex|Calyrex-Shadow, L50|100\/100\n|switch|p1b: Tornadus|Tornadus, L50, M|100\/100\n|switch|p2a: Dragonite|Dragonite, L50, M|100\/100\n|switch|p2b: Sylveon|Sylveon, L50, M|100\/100\n|-ability|p1a: Calyrex|As One\n|-ability|p1a: Calyrex|Unnerve\n|turn|1\n|\n|t:|1739812311\n|move|p1a: Calyrex|Protect|p1a: Calyrex\n|-singleturn|p1a: Calyrex|Protect\n|move|p1b: Tornadus|Bleakwind Storm|p2b: Sylveon|[spread] p2a\n|-miss|p1b: Tornadus|p2b: Sylveon\n|-damage|p2a: Dragonite|85\/100\n|move|p2a: Dragonite|Tailwind|p2a: Dragonite\n|-sidestart|p2: Luca8|move: Tailwind\n|move|p2b: Sylveon|Hyper Voice|p1a: Calyrex|[spread] p1b\n|-activate|p1a: Calyrex|move: Protect\n|-damage|p1b: Tornadus|46\/100\n|-damage|p2b: Sylveon|91\/100|[from] item: Life Orb\n|\n|upkeep\n|turn|2\n|\n|t:|1739812330\n|move|p1b: Tornadus|Tailwind|p1b: Tornadus\n|-sidestart|p1: searows|move: Tailwind\n|move|p1a: Calyrex|Astral Barrage|p2a: Dragonite|[spread] p2a,p2b\n|-damage|p2a: Dragonite|28\/100\n|-damage|p2b: Sylveon|41\/100\n|-damage|p1a: Calyrex|91\/100|[from] item: Life Orb\n|move|p2a: Dragonite|Dragon Claw|p1a: Calyrex\n|-damage|p1a: Calyrex|45\/100\n|move|p2b: Sylveon|Hyper Voice|p1a: Calyrex|[spread] p1a,p1b\n|-damage|p1a: Calyrex|2\/100\n|-damage|p1b: Tornadus|0 fnt\n|faint|p1b: Tornadus\n|-damage|p2b: Sylveon|31\/100|[from] item: Life Orb\n|\n|upkeep\n|j| keltr1ck\n|\n|t:|1739812347\n|switch|p1b: Urshifu|Urshifu-Rapid-Strike, L50, F|100\/100\n|turn|3\n|\n|t:|1739812356\n|move|p2a: Dragonite|Extreme Speed|p1b: Urshifu\n|-damage|p1b: Urshifu|69\/100\n|move|p2b: Sylveon|Quick Attack|p1a: Calyrex\n|-damage|p1a: Calyrex|0 fnt\n|faint|p1a: Calyrex\n|-damage|p2b: Sylveon|21\/100|[from] item: Life Orb\n|move|p1b: Urshifu|Surging Strikes|p2b: Sylveon\n|-crit|p2b: Sylveon\n|-damage|p2b: Sylveon|0 fnt\n|faint|p2b: Sylveon\n|-hitcount|p2: Sylveon|1\n|\n|upkeep\n|\n|t:|1739812371\n|switch|p1a: Smeargle|Smeargle, L50, F|100\/100\n|switch|p2b: Calyrex|Calyrex-Shadow, L50|100\/100\n|-ability|p2b: Calyrex|As One\n|-ability|p2b: Calyrex|Unnerve\n|turn|4\n|\n|t:|1739812386\n|-terastallize|p2b: Calyrex|Water\n|-terastallize|p1b: Urshifu|Ghost\n|move|p1a: Smeargle|Wide Guard|p1a: Smeargle\n|-singleturn|p1a: Smeargle|Wide Guard\n|move|p2a: Dragonite|Extreme Speed|p1a: Smeargle\n|-damage|p1a: Smeargle|43\/100\n|move|p2b: Calyrex|Expanding Force|p1a: Smeargle\n|-damage|p1a: Smeargle|0 fnt\n|faint|p1a: Smeargle\n|-ability|p2b: Calyrex|Grim Neigh|boost\n|-boost|p2b: Calyrex|spa|1\n|move|p1b: Urshifu|Surging Strikes|p2b: Calyrex\n|-resisted|p2b: Calyrex\n|-crit|p2b: Calyrex\n|-damage|p2b: Calyrex|82\/100\n|-resisted|p2b: Calyrex\n|-crit|p2b: Calyrex\n|-damage|p2b: Calyrex|63\/100\n|-resisted|p2b: Calyrex\n|-crit|p2b: Calyrex\n|-damage|p2b: Calyrex|43\/100\n|-hitcount|p2b: Calyrex|3\n|\n|-sideend|p2: Luca8|move: Tailwind\n|upkeep\n|turn|5\n|inactive|Luca8 has 30 seconds left.\n|\n|t:|1739812412\n|move|p1b: Urshifu|Surging Strikes|p2b: Calyrex\n|-resisted|p2b: Calyrex\n|-crit|p2b: Calyrex\n|-damage|p2b: Calyrex|22\/100\n|-resisted|p2b: Calyrex\n|-crit|p2b: Calyrex\n|-damage|p2b: Calyrex|0 fnt\n|faint|p2b: Calyrex\n|-hitcount|p2: Calyrex|2\n|move|p2a: Dragonite|Dragon Claw|p1b: Urshifu\n|-damage|p1b: Urshifu|24\/100\n|\n|-sideend|p1: searows|move: Tailwind\n|upkeep\n|\n|t:|1739812425\n|switch|p2b: Chi-Yu|Chi-Yu, L50|100\/100\n|-ability|p2b: Chi-Yu|Beads of Ruin\n|turn|6\n|\n|t:|1739812434\n|move|p2b: Chi-Yu|Snarl|p1b: Urshifu\n|-supereffective|p1b: Urshifu\n|-damage|p1b: Urshifu|0 fnt\n|faint|p1b: Urshifu\n|\n|win|Luca8\n|raw|searows's rating: 1629 &rarr; <strong>1611<\/strong><br \/>(-18 for losing)\n|raw|Luca8's rating: 1660 &rarr; <strong>1678<\/strong><br \/>(+18 for winning)\n|l|\u2606searows\n|player|p1|\n|l| keltr1ck\n","uploadtime":1739812709,"views":6,"formatid":"gen9vgc2025regg","rating":1611,"private":0,"password":null}