{"id":"gen9vgc2025regg-2302559644","format":"[Gen 9] VGC 2025 Reg G","players":["VGCPancakes","Ducktile"],"log":"|j|\u2606VGCPancakes\n|j|\u2606Ducktile\n|t:|1739813327\n|gametype|doubles\n|player|p1|VGCPancakes|dawn-gen4pt|1535\n|player|p2|Ducktile|grimsley|1644\n|teamsize|p1|6\n|teamsize|p2|6\n|gen|9\n|tier|[Gen 9] VGC 2025 Reg G\n|rated|\n|rule|Species Clause: Limit one of each Pok\u00e9mon\n|rule|Item Clause: Limit 1 of each item\n|clearpoke\n|poke|p1|Koraidon, L50|\n|poke|p1|Raging Bolt, L50|\n|poke|p1|Flutter Mane, L50|\n|poke|p1|Chien-Pao, L50|\n|poke|p1|Incineroar, L50, M|\n|poke|p1|Riolu, L50, F|\n|poke|p2|Tatsugiri, L50, M|\n|poke|p2|Chi-Yu, L50|\n|poke|p2|Dragonite, L50, M|\n|poke|p2|Dondozo, L50, F|\n|poke|p2|Gholdengo, L50|\n|poke|p2|Miraidon, L50|\n|teampreview|4\nVGCPancakes has agreed to open team sheets.\nDucktile has agreed to open team sheets.\n|showteam|p1|Koraidon||ClearAmulet|OrichalcumPulse|Protect,FlameCharge,FlareBlitz,DrainPunch||||||50|,,,,,Fire]Raging Bolt||AssaultVest|Protosynthesis|Thunderclap,Thunderbolt,DracoMeteor,Snarl||||||50|,,,,,Fairy]Flutter Mane||ChoiceSpecs|Protosynthesis|Moonblast,ShadowBall,PowerGem,IcyWind||||||50|,,,,,Fairy]Chien-Pao||FocusSash|SwordofRuin|Protect,IceSpinner,ThroatChop,SacredSword||||||50|,,,,,Ghost]Incineroar||SitrusBerry|Intimidate|FakeOut,KnockOff,WillOWisp,PartingShot|||M|||50|,,,,,Grass]Riolu||Eviolite|Prankster|Coaching,Copycat,SunnyDay,QuickGuard|||F|||50|,,,,,Ghost\n|showteam|p2|Tatsugiri||ChoiceScarf|Commander|MuddyWater,IcyWind,DracoMeteor,SleepTalk|||M|||50|,,,,,Normal]Chi-Yu||FocusSash|BeadsofRuin|HeatWave,Protect,DarkPulse,Overheat||||||50|,,,,,Ghost]Dragonite||ChoiceBand|Multiscale|IronHead,AerialAce,ExtremeSpeed,Outrage|||M|||50|,,,,,Normal]Dondozo||Leftovers|Unaware|OrderUp,Protect,WaveCrash,Earthquake|||F|||50|,,,,,Grass]Gholdengo||ChoiceSpecs|GoodasGold|ShadowBall,Trick,MakeItRain,Thunderbolt||||||50|,,,,,Steel]Miraidon||AssaultVest|HadronEngine|VoltSwitch,DracoMeteor,ElectroDrift,DazzlingGleam||||||50|,,,,,Fairy\n|\n|t:|1739813353\n|start\n|switch|p1a: Chien-Pao|Chien-Pao, L50|100\/100\n|switch|p1b: Incineroar|Incineroar, L50, M|100\/100\n|switch|p2a: Chi-Yu|Chi-Yu, L50|100\/100\n|switch|p2b: Miraidon|Miraidon, L50|100\/100\n|-ability|p1a: Chien-Pao|Sword of Ruin\n|-fieldstart|move: Electric Terrain|[from] ability: Hadron Engine|[of] p2b: Miraidon\n|-ability|p2a: Chi-Yu|Beads of Ruin\n|-ability|p1b: Incineroar|Intimidate|boost\n|-unboost|p2a: Chi-Yu|atk|1\n|-unboost|p2b: Miraidon|atk|1\n|turn|1\n|\n|t:|1739813375\n|move|p2a: Chi-Yu|Protect|p2a: Chi-Yu\n|-singleturn|p2a: Chi-Yu|Protect\n|move|p1b: Incineroar|Fake Out|p2b: Miraidon\n|-damage|p2b: Miraidon|88\/100\n|move|p1a: Chien-Pao|Ice Spinner|p2b: Miraidon\n|-supereffective|p2b: Miraidon\n|-damage|p2b: Miraidon|0 fnt\n|-fieldend|move: Electric Terrain\n|faint|p2b: Miraidon\n|\n|upkeep\n|\n|t:|1739813383\n|switch|p2b: Dondozo|Dondozo, L50, F|100\/100\n|turn|2\n|\n|t:|1739813391\n|move|p1a: Chien-Pao|Protect|p1a: Chien-Pao\n|-singleturn|p1a: Chien-Pao|Protect\n|move|p2b: Dondozo|Protect|p2b: Dondozo\n|-singleturn|p2b: Dondozo|Protect\n|move|p2a: Chi-Yu|Heat Wave|p1a: Chien-Pao|[spread] p1b\n|-activate|p1a: Chien-Pao|move: Protect\n|-resisted|p1b: Incineroar\n|-damage|p1b: Incineroar|80\/100\n|move|p1b: Incineroar|Will-O-Wisp|p2b: Dondozo\n|-activate|p2b: Dondozo|move: Protect\n|\n|upkeep\n|turn|3\n|\n|t:|1739813400\n|switch|p1a: Koraidon|Koraidon, L50|100\/100\n|-weather|SunnyDay|[from] ability: Orichalcum Pulse|[of] p1a: Koraidon\n|-activate|p1a: Koraidon|Orichalcum Pulse|[source]\n|switch|p2b: Tatsugiri|Tatsugiri, L50, M|100\/100\n|move|p2a: Chi-Yu|Heat Wave|p1b: Incineroar|[spread] p1a,p1b\n|-resisted|p1a: Koraidon\n|-resisted|p1b: Incineroar\n|-damage|p1a: Koraidon|64\/100\n|-damage|p1b: Incineroar|44\/100\n|-enditem|p1b: Incineroar|Sitrus Berry|[eat]\n|-heal|p1b: Incineroar|69\/100|[from] item: Sitrus Berry\n|move|p1b: Incineroar|Will-O-Wisp|p2b: Tatsugiri|[miss]\n|-miss|p1b: Incineroar|p2b: Tatsugiri\n|\n|-weather|SunnyDay|[upkeep]\n|upkeep\n|turn|4\n|\n|t:|1739813437\n|-terastallize|p1a: Koraidon|Fire\n|move|p2a: Chi-Yu|Protect|p2a: Chi-Yu\n|-singleturn|p2a: Chi-Yu|Protect\n|move|p2b: Tatsugiri|Draco Meteor|p1a: Koraidon\n|-damage|p1a: Koraidon|0 fnt\n|-unboost|p2b: Tatsugiri|spa|2\n|faint|p1a: Koraidon\n|move|p1b: Incineroar|Parting Shot|p2a: Chi-Yu\n|-activate|p2a: Chi-Yu|move: Protect\n|\n|-weather|SunnyDay|[upkeep]\n|upkeep\n|\n|t:|1739813444\n|switch|p1a: Raging Bolt|Raging Bolt, L50|100\/100\n|-activate|p1a: Raging Bolt|ability: Protosynthesis\n|-start|p1a: Raging Bolt|protosynthesisspa\n|turn|5\n|\n|t:|1739813457\n|switch|p2a: Dondozo|Dondozo, L50, F|100\/100\n|-activate|p2b: Tatsugiri|ability: Commander|[of] p2a: Dondozo\n|-boost|p2a: Dondozo|atk|2\n|-boost|p2a: Dondozo|spa|2\n|-boost|p2a: Dondozo|spe|2\n|-boost|p2a: Dondozo|def|2\n|-boost|p2a: Dondozo|spd|2\n|move|p1a: Raging Bolt|Thunderbolt|p2a: Dondozo\n|-supereffective|p2a: Dondozo\n|-damage|p2a: Dondozo|34\/100\n|move|p1b: Incineroar|Knock Off|p2a: Dondozo\n|-damage|p2a: Dondozo|20\/100\n|-enditem|p2a: Dondozo|Leftovers|[from] move: Knock Off|[of] p1b: Incineroar\n|\n|-weather|SunnyDay|[upkeep]\n|upkeep\n|turn|6\n|\n|t:|1739813476\n|move|p2a: Dondozo|Protect|p2a: Dondozo\n|-singleturn|p2a: Dondozo|Protect\n|move|p1a: Raging Bolt|Thunderclap||[still]\n|-fail|p1a: Raging Bolt\n|move|p1b: Incineroar|Parting Shot|p2a: Dondozo\n|-activate|p2a: Dondozo|move: Protect\n|\n|-weather|SunnyDay|[upkeep]\n|upkeep\n|turn|7\n|\n|t:|1739813489\n|-terastallize|p2a: Dondozo|Grass\n|move|p1a: Raging Bolt|Thunderclap|p2a: Dondozo\n|-resisted|p2a: Dondozo\n|-damage|p2a: Dondozo|8\/100\n|move|p2a: Dondozo|Earthquake|p1a: Raging Bolt|[spread] p1a,p1b\n|-miss|p2a: Dondozo|p2b: Tatsugiri\n|-supereffective|p1a: Raging Bolt\n|-supereffective|p1b: Incineroar\n|-damage|p1a: Raging Bolt|25\/100\n|-damage|p1b: Incineroar|0 fnt\n|faint|p1b: Incineroar\n|\n|-weather|none\n|-end|p1a: Raging Bolt|Protosynthesis\n|upkeep\n|\n|t:|1739813493\n|switch|p1b: Chien-Pao|Chien-Pao, L50|100\/100\n|-ability|p1b: Chien-Pao|Sword of Ruin\n|turn|8\n|\n|t:|1739813514\n|move|p2a: Dondozo|Protect|p2a: Dondozo\n|-singleturn|p2a: Dondozo|Protect\n|move|p1a: Raging Bolt|Thunderclap||[still]\n|-fail|p1a: Raging Bolt\n|move|p1b: Chien-Pao|Ice Spinner|p2a: Dondozo\n|-activate|p2a: Dondozo|move: Protect\n|\n|upkeep\n|turn|9\n|\n|t:|1739813531\n|move|p1b: Chien-Pao|Ice Spinner|p2a: Dondozo\n|-supereffective|p2a: Dondozo\n|-damage|p2a: Dondozo|0 fnt\n|faint|p2a: Dondozo\n|move|p1a: Raging Bolt|Thunderbolt|p2b: Tatsugiri\n|-damage|p2b: Tatsugiri|32\/100\n|\n|upkeep\n|\n|t:|1739813533\n|switch|p2a: Chi-Yu|Chi-Yu, L50|100\/100\n|-ability|p2a: Chi-Yu|Beads of Ruin\n|turn|10\n|\n|t:|1739813543\n|move|p1b: Chien-Pao|Protect|p1b: Chien-Pao\n|-singleturn|p1b: Chien-Pao|Protect\n|move|p2b: Tatsugiri|Draco Meteor|p1b: Chien-Pao\n|-activate|p1b: Chien-Pao|move: Protect\n|move|p2a: Chi-Yu|Heat Wave|p1a: Raging Bolt|[spread] \n|-activate|p1b: Chien-Pao|move: Protect\n|-miss|p2a: Chi-Yu|p1a: Raging Bolt\n|move|p1a: Raging Bolt|Snarl|p2a: Chi-Yu|[spread] p2a,p2b\n|-resisted|p2a: Chi-Yu\n|-damage|p2a: Chi-Yu|91\/100\n|-damage|p2b: Tatsugiri|6\/100\n|-unboost|p2a: Chi-Yu|spa|1\n|-unboost|p2b: Tatsugiri|spa|1\n|\n|upkeep\n|turn|11\n|\n|t:|1739813560\n|move|p1a: Raging Bolt|Thunderclap|p2b: Tatsugiri\n|-damage|p2b: Tatsugiri|0 fnt\n|faint|p2b: Tatsugiri\n|move|p1b: Chien-Pao|Sacred Sword|p2a: Chi-Yu\n|-supereffective|p2a: Chi-Yu\n|-damage|p2a: Chi-Yu|0 fnt\n|faint|p2a: Chi-Yu\n|\n|win|VGCPancakes\n|raw|VGCPancakes's rating: 1535 &rarr; <strong>1561<\/strong><br \/>(+26 for winning)\n|raw|Ducktile's rating: 1644 &rarr; <strong>1618<\/strong><br \/>(-26 for losing)\n|l|\u2606Ducktile\n|player|p2|\n|l|\u2606VGCPancakes\n|player|p1|\n|j|\u2606VGCPancakes\n|player|p1|VGCPancakes|dawn-gen4pt|\n|l|\u2606VGCPancakes\n|player|p1|\n","uploadtime":1739813823,"views":5,"formatid":"gen9vgc2025regg","rating":1561,"private":0,"password":null}