{"id":"gen9vgc2025regg-2302900070","format":"[Gen 9] VGC 2025 Reg G","players":["ok3rd","root2iris"],"log":"|j|\u2606ok3rd\n|j|\u2606root2iris\n|t:|1739852987\n|gametype|doubles\n|player|p1|ok3rd|lillie-z|1624\n|player|p2|root2iris|guitarist|1648\n|teamsize|p1|6\n|teamsize|p2|6\n|gen|9\n|tier|[Gen 9] VGC 2025 Reg G\n|rated|\n|rule|Species Clause: Limit one of each Pok\u00e9mon\n|rule|Item Clause: Limit 1 of each item\n|clearpoke\n|poke|p1|Raging Bolt, L50|\n|poke|p1|Miraidon, L50|\n|poke|p1|Ogerpon-Hearthflame, L50, F|\n|poke|p1|Torkoal, L50, F|\n|poke|p1|Farigiraf, L50, M|\n|poke|p1|Ursaluna, L50, M|\n|poke|p2|Terapagos, L50, M|\n|poke|p2|Amoonguss, L50, M|\n|poke|p2|Incineroar, L50, M|\n|poke|p2|Urshifu-*, L50, M|\n|poke|p2|Flutter Mane, L50|\n|poke|p2|Ditto, L50|\n|teampreview|4\n|inactive|Battle timer is ON: inactive players will automatically lose when time's up. (requested by root2iris)\n|\n|t:|1739853015\n|start\n|switch|p1a: Miraidon|Miraidon, L50|100\/100\n|switch|p1b: Ogerpon|Ogerpon-Hearthflame, L50, F|100\/100\n|switch|p2a: sea-salt|Terapagos, L50, M|100\/100\n|switch|p2b: TRANS RIGHTS|Amoonguss, L50, M, shiny|100\/100\n|-activate|p2a: sea-salt|ability: Tera Shift\n|detailschange|p2a: sea-salt|Terapagos-Terastal, L50, M\n|-heal|p2a: sea-salt|100\/100|[silent]\n|-fieldstart|move: Electric Terrain|[from] ability: Hadron Engine|[of] p1a: Miraidon\n|-ability|p1b: Ogerpon|Mold Breaker\n|turn|1\n|inactive|root2iris has 30 seconds left.\n|\n|t:|1739853048\n|-terastallize|p2a: sea-salt|Stellar\n|detailschange|p2a: sea-salt|Terapagos-Stellar, L50, M, tera:Stellar\n|-heal|p2a: sea-salt|100\/100|[silent]\n|-ability|p2a: sea-salt|Teraform Zero\n|-fieldend|move: Electric Terrain\n|move|p2b: TRANS RIGHTS|Rage Powder|p2b: TRANS RIGHTS\n|-singleturn|p2b: TRANS RIGHTS|move: Rage Powder\n|move|p1a: Miraidon|Dazzling Gleam|p2b: TRANS RIGHTS|[spread] p2a,p2b\n|-resisted|p2b: TRANS RIGHTS\n|-damage|p2a: sea-salt|79\/100\n|-damage|p2b: TRANS RIGHTS|89\/100\n|move|p1b: Ogerpon|Ivy Cudgel|p2a: sea-salt|[anim] Ivy Cudgel Fire\n|-damage|p2a: sea-salt|38\/100\n|move|p2a: sea-salt|Calm Mind|p2a: sea-salt\n|-boost|p2a: sea-salt|spa|1\n|-boost|p2a: sea-salt|spd|1\n|\n|-heal|p2a: sea-salt|44\/100|[from] item: Leftovers\n|upkeep\n|turn|2\n|inactive|ok3rd has 30 seconds left.\n|inactive|ok3rd has 20 seconds left.\n|inactive|ok3rd has 15 seconds left.\n|inactive|ok3rd has 10 seconds left.\n|\n|t:|1739853096\n|switch|p1a: Farigiraf|Farigiraf, L50, M|100\/100\n|switch|p2b: icky jobs|Incineroar, L50, M|100\/100\n|-ability|p2b: icky jobs|Intimidate|boost\n|-unboost|p1a: Farigiraf|atk|1\n|-unboost|p1b: Ogerpon|atk|1\n|move|p2a: sea-salt|Protect|p2a: sea-salt\n|-singleturn|p2a: sea-salt|Protect\n|move|p1b: Ogerpon|Taunt|p2b: icky jobs\n|-start|p2b: icky jobs|move: Taunt\n|\n|-heal|p2a: sea-salt|50\/100|[from] item: Leftovers\n|upkeep\n|turn|3\n|inactive|ok3rd has 30 seconds left.\n|\n|t:|1739853122\n|switch|p1a: Miraidon|Miraidon, L50|100\/100\n|-fieldstart|move: Electric Terrain|[from] ability: Hadron Engine|[of] p1a: Miraidon\n|switch|p2b: TRANS RIGHTS|Amoonguss, L50, M, shiny|100\/100\n|-terastallize|p1b: Ogerpon|Fire\n|detailschange|p1b: Ogerpon|Ogerpon-Hearthflame-Tera, L50, F, tera:Fire\n|-ability|p1b: Ogerpon|Embody Aspect (Hearthflame)|boost\n|-boost|p1b: Ogerpon|atk|1\n|move|p1b: Ogerpon|Ivy Cudgel|p2a: sea-salt|[anim] Ivy Cudgel Fire\n|-crit|p2a: sea-salt\n|-damage|p2a: sea-salt|0 fnt\n|faint|p2a: sea-salt\n|\n|upkeep\n|inactive|root2iris has 30 seconds left.\n|\n|t:|1739853150\n|switch|p2a: icky jobs|Incineroar, L50, M|100\/100\n|-ability|p2a: icky jobs|Intimidate|boost\n|-unboost|p1a: Miraidon|atk|1\n|-unboost|p1b: Ogerpon|atk|1\n|turn|4\n|\n|t:|1739853163\n|switch|p1b: Farigiraf|Farigiraf, L50, M|100\/100\n|-enditem|p1b: Farigiraf|Electric Seed\n|-boost|p1b: Farigiraf|def|1|[from] item: Electric Seed\n|switch|p2b: no. i|Ditto, L50|100\/100\n|-transform|p2b: no. i|p1a: Miraidon|[from] ability: Imposter\n|-activate|p2b: no. i|ability: Hadron Engine\n|move|p2a: icky jobs|Fake Out||[still]\n|cant|p1b: Farigiraf|ability: Armor Tail|Fake Out|[of] p2a: icky jobs\n|move|p1a: Miraidon|Draco Meteor|p2b: no. i\n|-supereffective|p2b: no. i\n|-enditem|p2b: no. i|Focus Sash\n|-damage|p2b: no. i|1\/100\n|-unboost|p1a: Miraidon|spa|2\n|\n|upkeep\n|turn|5\n|inactive|ok3rd has 30 seconds left.\n|inactive|root2iris has 30 seconds left.\n|\n|t:|1739853196\n|move|p1a: Miraidon|Draco Meteor|p2b: no. i\n|-supereffective|p2b: no. i\n|-damage|p2b: no. i|0 fnt\n|-unboost|p1a: Miraidon|spa|2\n|faint|p2b: no. i\n|move|p1b: Farigiraf|Psychic Noise|p2a: icky jobs\n|-immune|p2a: icky jobs\n|move|p2a: icky jobs|Knock Off|p1b: Farigiraf\n|-supereffective|p1b: Farigiraf\n|-damage|p1b: Farigiraf|71\/100\n|\n|upkeep\n|-message|root2iris forfeited.\n|\n|win|ok3rd\n|raw|ok3rd's rating: 1624 &rarr; <strong>1645<\/strong><br \/>(+21 for winning)\n|raw|root2iris's rating: 1648 &rarr; <strong>1627<\/strong><br \/>(-21 for losing)\n|l|\u2606root2iris\n|player|p2|\n","uploadtime":1739853211,"views":8,"formatid":"gen9vgc2025regg","rating":1627,"private":0,"password":null}