{"id":"gen9vgc2025regg-2302921904","format":"[Gen 9] VGC 2025 Reg G","players":["kanucks25","oscarbolt"],"log":"|j|\u2606kanucks25\n|j|\u2606oscarbolt\n|t:|1739856700\n|gametype|doubles\n|player|p1|kanucks25|101|1565\n|player|p2|oscarbolt|169|1509\n|teamsize|p1|6\n|teamsize|p2|6\n|gen|9\n|tier|[Gen 9] VGC 2025 Reg G\n|rated|\n|rule|Species Clause: Limit one of each Pok\u00e9mon\n|rule|Item Clause: Limit 1 of each item\n|clearpoke\n|poke|p1|Calyrex-Shadow, L50|\n|poke|p1|Indeedee-F, L50, F|\n|poke|p1|Ogerpon-Wellspring, L50, F|\n|poke|p1|Urshifu-*, L50, F|\n|poke|p1|Iron Hands, L50|\n|poke|p1|Iron Jugulis, L50|\n|poke|p2|Groudon, L50|\n|poke|p2|Flutter Mane, L50|\n|poke|p2|Grimmsnarl, L50, M|\n|poke|p2|Entei, L50|\n|poke|p2|Raging Bolt, L50|\n|poke|p2|Moltres, L50|\n|teampreview|4\n|inactive|Battle timer is ON: inactive players will automatically lose when time's up. (requested by kanucks25)\n|\n|t:|1739856749\n|start\n|switch|p1a: Calyrex|Calyrex-Shadow, L50|100\/100\n|switch|p1b: Indeedee|Indeedee-F, L50, F|100\/100\n|switch|p2a: Grimmsnarl|Grimmsnarl, L50, M|100\/100\n|switch|p2b: Entei|Entei, L50|100\/100\n|-ability|p1a: Calyrex|As One\n|-ability|p1a: Calyrex|Unnerve\n|-fieldstart|move: Psychic Terrain|[from] ability: Psychic Surge|[of] p1b: Indeedee\n|turn|1\n|inactive|kanucks25 has 30 seconds left.\n|\n|t:|1739856783\n|move|p1b: Indeedee|Follow Me|p1b: Indeedee\n|-singleturn|p1b: Indeedee|move: Follow Me\n|move|p2a: Grimmsnarl|Light Screen|p2a: Grimmsnarl\n|-sidestart|p2: oscarbolt|move: Light Screen\n|move|p1a: Calyrex|Expanding Force|p2a: Grimmsnarl|[spread] p2b\n|-immune|p2a: Grimmsnarl\n|-damage|p2b: Entei|60\/100\n|-damage|p1a: Calyrex|91\/100|[from] item: Life Orb\n|move|p2b: Entei|Snarl|p1b: Indeedee|[spread] p1a,p1b\n|-supereffective|p1a: Calyrex\n|-supereffective|p1b: Indeedee\n|-damage|p1a: Calyrex|62\/100\n|-damage|p1b: Indeedee|85\/100\n|-unboost|p1a: Calyrex|spa|1\n|-unboost|p1b: Indeedee|spa|1\n|\n|upkeep\n|turn|2\n|\n|t:|1739856799\n|switch|p1a: Iron Hands|Iron Hands, L50|100\/100\n|move|p2b: Entei|Sacred Fire|p1a: Iron Hands\n|-damage|p1a: Iron Hands|64\/100\n|move|p1b: Indeedee|Alluring Voice|p2a: Grimmsnarl\n|-supereffective|p2a: Grimmsnarl\n|-damage|p2a: Grimmsnarl|87\/100\n|move|p2a: Grimmsnarl|Spirit Break|p1a: Iron Hands\n|-supereffective|p1a: Iron Hands\n|-damage|p1a: Iron Hands|25\/100\n|-unboost|p1a: Iron Hands|spa|1\n|\n|upkeep\n|turn|3\n|j| NanshanVGC\n|\n|t:|1739856820\n|move|p1b: Indeedee|Follow Me|p1b: Indeedee\n|-singleturn|p1b: Indeedee|move: Follow Me\n|move|p2a: Grimmsnarl|Reflect|p2a: Grimmsnarl\n|-sidestart|p2: oscarbolt|Reflect\n|move|p2b: Entei|Sacred Fire|p1b: Indeedee\n|-damage|p1b: Indeedee|37\/100\n|-status|p1b: Indeedee|brn\n|move|p1a: Iron Hands|Drain Punch|p2a: Grimmsnarl\n|-damage|p2a: Grimmsnarl|49\/100\n|-heal|p1a: Iron Hands|40\/100|[from] drain|[of] p2a: Grimmsnarl\n|\n|-damage|p1b: Indeedee|31\/100 brn|[from] brn\n|upkeep\n|turn|4\n|\n|t:|1739856840\n|move|p1b: Indeedee|Follow Me|p1b: Indeedee\n|-singleturn|p1b: Indeedee|move: Follow Me\n|move|p2b: Entei|Sacred Fire|p1b: Indeedee\n|-damage|p1b: Indeedee|0 fnt\n|faint|p1b: Indeedee\n|move|p2a: Grimmsnarl|Spirit Break|p1a: Iron Hands\n|-supereffective|p1a: Iron Hands\n|-damage|p1a: Iron Hands|1\/100\n|-unboost|p1a: Iron Hands|spa|1\n|move|p1a: Iron Hands|Brick Break|p2a: Grimmsnarl\n|-sideend|p2: oscarbolt|Reflect\n|-sideend|p2: oscarbolt|move: Light Screen\n|-damage|p2a: Grimmsnarl|0 fnt\n|faint|p2a: Grimmsnarl\n|\n|upkeep\n|\n|t:|1739856855\n|switch|p1b: Calyrex|Calyrex-Shadow, L50|62\/100\n|switch|p2a: Groudon|Groudon, L50|100\/100\n|-ability|p1b: Calyrex|As One\n|-ability|p1b: Calyrex|Unnerve\n|-weather|SunnyDay|[from] ability: Drought|[of] p2a: Groudon\n|turn|5\n|\n|t:|1739856866\n|-end|p1a: Iron Hands|Quark Drive|[silent]\n|switch|p1a: Urshifu|Urshifu, L50, F|100\/100\n|move|p1b: Calyrex|Expanding Force|p2a: Groudon|[spread] p2a,p2b\n|-damage|p2a: Groudon|14\/100\n|-damage|p2b: Entei|0 fnt\n|faint|p2b: Entei\n|-ability|p1b: Calyrex|Grim Neigh|boost\n|-boost|p1b: Calyrex|spa|1\n|-damage|p1b: Calyrex|52\/100|[from] item: Life Orb\n|move|p2a: Groudon|Precipice Blades|p1b: Calyrex|[spread] p1a,p1b\n|-damage|p1a: Urshifu|47\/100\n|-damage|p1b: Calyrex|0 fnt\n|-enditem|p2a: Groudon|Sitrus Berry|[eat]\n|-heal|p2a: Groudon|39\/100|[from] item: Sitrus Berry\n|faint|p1b: Calyrex\n|\n|-weather|SunnyDay|[upkeep]\n|-fieldend|move: Psychic Terrain\n|upkeep\n|\n|t:|1739856884\n|switch|p1b: Iron Hands|Iron Hands, L50|1\/100\n|switch|p2b: Raging Bolt|Raging Bolt, L50|100\/100\n|-activate|p2b: Raging Bolt|ability: Protosynthesis\n|-start|p2b: Raging Bolt|protosynthesisspa\n|turn|6\n|\n|t:|1739856891\n|move|p1b: Iron Hands|Fake Out|p2b: Raging Bolt\n|-damage|p2b: Raging Bolt|88\/100\n|move|p1a: Urshifu|Wicked Blow|p2a: Groudon\n|-crit|p2a: Groudon\n|-damage|p2a: Groudon|0 fnt\n|faint|p2a: Groudon\n|cant|p2b: Raging Bolt|flinch\n|\n|-weather|SunnyDay|[upkeep]\n|upkeep\n|turn|7\n|\n|t:|1739856904\n|move|p2b: Raging Bolt|Thunderclap|p1a: Urshifu\n|-damage|p1a: Urshifu|0 fnt\n|faint|p1a: Urshifu\n|move|p1b: Iron Hands|Drain Punch|p2b: Raging Bolt\n|-damage|p2b: Raging Bolt|52\/100\n|-heal|p1b: Iron Hands|17\/100|[from] drain|[of] p2b: Raging Bolt\n|\n|-weather|SunnyDay|[upkeep]\n|upkeep\n|turn|8\n|\n|t:|1739856915\n|move|p2b: Raging Bolt|Dragon Pulse|p1b: Iron Hands\n|-damage|p1b: Iron Hands|0 fnt\n|faint|p1b: Iron Hands\n|-end|p1b: Iron Hands|Quark Drive|[silent]\n|\n|win|oscarbolt\n|raw|kanucks25's rating: 1565 &rarr; <strong>1542<\/strong><br \/>(-23 for losing)\n|raw|oscarbolt's rating: 1509 &rarr; <strong>1532<\/strong><br \/>(+23 for winning)\n|l|\u2606kanucks25\n|player|p1|\n|l|\u2606oscarbolt\n|player|p2|\n|l| NanshanVGC\n","uploadtime":1739857140,"views":5,"formatid":"gen9vgc2025regg","rating":1532,"private":0,"password":null}