{"id":"gen9vgc2025regg-2302246213","format":"[Gen 9] VGC 2025 Reg G","players":["Kaicyios","Kunikamaze"],"log":"|j|\u2606Kaicyios\n|j|\u2606Kunikamaze\n|t:|1739765709\n|gametype|doubles\n|player|p1|Kaicyios|giovanni|1658\n|player|p2|Kunikamaze|2|1717\n|teamsize|p1|6\n|teamsize|p2|6\n|gen|9\n|tier|[Gen 9] VGC 2025 Reg G\n|rated|\n|rule|Species Clause: Limit one of each Pok\u00e9mon\n|rule|Item Clause: Limit 1 of each item\n|clearpoke\n|poke|p1|Groudon, L50|\n|poke|p1|Tornadus, L50, M|\n|poke|p1|Flutter Mane, L50|\n|poke|p1|Chi-Yu, L50|\n|poke|p1|Raging Bolt, L50|\n|poke|p1|Armarouge, L50, F|\n|poke|p2|Iron Hands, L50|\n|poke|p2|Smeargle, L50, F|\n|poke|p2|Volcarona, L50, M|\n|poke|p2|Terapagos, L50, M|\n|poke|p2|Scream Tail, L50|\n|poke|p2|Tornadus, L50, M|\n|teampreview|4\n|j| 801344244a\n|j| NanshanVGC\n|inactive|Battle timer is ON: inactive players will automatically lose when time's up. (requested by Kaicyios)\n|j| Therazer456\n|\n|t:|1739765769\n|start\n|switch|p1a: Tornadus|Tornadus, L50, M|100\/100\n|switch|p1b: Groudon|Groudon, L50|100\/100\n|switch|p2a: Tornadus|Tornadus, L50, M|100\/100\n|switch|p2b: Volcarona|Volcarona, L50, M|100\/100\n|-weather|SunnyDay|[from] ability: Drought|[of] p1b: Groudon\n|turn|1\n|l| NanshanVGC\n|\n|t:|1739765783\n|move|p2a: Tornadus|Tailwind|p2a: Tornadus\n|-sidestart|p2: Kunikamaze|move: Tailwind\n|move|p2b: Volcarona|Overheat|p1a: Tornadus\n|-enditem|p1a: Tornadus|Focus Sash\n|-damage|p1a: Tornadus|1\/100\n|-unboost|p2b: Volcarona|spa|2\n|move|p1a: Tornadus|Bleakwind Storm|p2b: Volcarona|[spread] p2a\n|-miss|p1a: Tornadus|p2b: Volcarona\n|-crit|p2a: Tornadus\n|-damage|p2a: Tornadus|37\/100\n|move|p1b: Groudon|Rock Slide|p2a: Tornadus|[spread] p2a,p2b\n|-supereffective|p2a: Tornadus\n|-supereffective|p2b: Volcarona\n|-damage|p2a: Tornadus|0 fnt\n|-damage|p2b: Volcarona|7\/100\n|faint|p2a: Tornadus\n|\n|-weather|SunnyDay|[upkeep]\n|upkeep\n|\n|t:|1739765802\n|switch|p2a: Scream Tail|Scream Tail, L50|100\/100\n|-activate|p2a: Scream Tail|ability: Protosynthesis\n|-start|p2a: Scream Tail|protosynthesisspe\n|turn|2\n|\n|t:|1739765820\n|move|p1a: Tornadus|Tailwind|p1a: Tornadus\n|-sidestart|p1: Kaicyios|move: Tailwind\n|move|p2a: Scream Tail|Dazzling Gleam|p1a: Tornadus|[spread] p1a,p1b\n|-damage|p1a: Tornadus|0 fnt\n|-damage|p1b: Groudon|91\/100\n|faint|p1a: Tornadus\n|move|p2b: Volcarona|Will-O-Wisp|p1b: Groudon\n|-status|p1b: Groudon|brn\n|move|p1b: Groudon|Precipice Blades|p2a: Scream Tail|[spread] p2a,p2b\n|-damage|p2a: Scream Tail|80\/100\n|-damage|p2b: Volcarona|0 fnt\n|faint|p2b: Volcarona\n|\n|-weather|SunnyDay|[upkeep]\n|-damage|p1b: Groudon|85\/100 brn|[from] brn\n|upkeep\n|\n|t:|1739765839\n|switch|p1a: Chi-Yu|Chi-Yu, L50|100\/100\n|switch|p2b: Terapagos|Terapagos, L50, M|100\/100\n|-activate|p2b: Terapagos|ability: Tera Shift\n|detailschange|p2b: Terapagos|Terapagos-Terastal, L50, M\n|-heal|p2b: Terapagos|100\/100|[silent]\n|-ability|p1a: Chi-Yu|Beads of Ruin\n|turn|3\n|\n|t:|1739765857\n|-terastallize|p1a: Chi-Yu|Fire\n|-terastallize|p2b: Terapagos|Stellar\n|detailschange|p2b: Terapagos|Terapagos-Stellar, L50, M, tera:Stellar\n|-heal|p2b: Terapagos|100\/100|[silent]\n|-ability|p2b: Terapagos|Teraform Zero\n|-weather|none\n|-end|p2a: Scream Tail|Protosynthesis\n|-enditem|p2a: Scream Tail|Booster Energy\n|-activate|p2a: Scream Tail|ability: Protosynthesis|[fromitem]\n|-start|p2a: Scream Tail|protosynthesisspe\n|move|p2a: Scream Tail|Dazzling Gleam|p1b: Groudon|[spread] p1a,p1b\n|-resisted|p1a: Chi-Yu\n|-damage|p1a: Chi-Yu|92\/100\n|-damage|p1b: Groudon|72\/100 brn\n|move|p1a: Chi-Yu|Overheat|p2b: Terapagos\n|-damage|p2b: Terapagos|8\/100\n|-unboost|p1a: Chi-Yu|spa|2\n|move|p2b: Terapagos|Tera Starstorm|p1a: Chi-Yu|[spread] p1a,p1b\n|-supereffective|p1a: Chi-Yu\n|-damage|p1a: Chi-Yu|0 fnt\n|-damage|p1b: Groudon|23\/100 brn\n|faint|p1a: Chi-Yu\n|move|p1b: Groudon|Precipice Blades|p2a: Scream Tail|[spread] p2a,p2b\n|-crit|p2a: Scream Tail\n|-damage|p2a: Scream Tail|50\/100\n|-damage|p2b: Terapagos|0 fnt\n|faint|p2b: Terapagos\n|\n|-damage|p1b: Groudon|17\/100 brn|[from] brn\n|upkeep\n|inactive|Kaicyios has 30 seconds left.\n|\n|t:|1739765885\n|switch|p1a: Flutter Mane|Flutter Mane, L50|100\/100\n|turn|4\n|\n|t:|1739765897\n|move|p2a: Scream Tail|Protect|p2a: Scream Tail\n|-singleturn|p2a: Scream Tail|Protect\n|move|p1a: Flutter Mane|Moonblast|p2a: Scream Tail\n|-activate|p2a: Scream Tail|move: Protect\n|move|p1b: Groudon|High Horsepower|p2a: Scream Tail\n|-activate|p2a: Scream Tail|move: Protect\n|\n|-damage|p1b: Groudon|11\/100 brn|[from] brn\n|-sideend|p2: Kunikamaze|move: Tailwind\n|upkeep\n|turn|5\n|\n|t:|1739765912\n|move|p1a: Flutter Mane|Moonblast|p2a: Scream Tail\n|-damage|p2a: Scream Tail|0 fnt\n|faint|p2a: Scream Tail\n|-end|p2a: Scream Tail|Protosynthesis|[silent]\n|\n|win|Kaicyios\n|raw|Kaicyios's rating: 1658 &rarr; <strong>1681<\/strong><br \/>(+23 for winning)\n|raw|Kunikamaze's rating: 1717 &rarr; <strong>1694<\/strong><br \/>(-23 for losing)\n|l|\u2606Kunikamaze\n|player|p2|\n|l|\u2606Kaicyios\n|player|p1|\n","uploadtime":1739765918,"views":33,"formatid":"gen9vgc2025regg","rating":1681,"private":0,"password":null}