{"id":"gen9vgc2025regg-2302714774","format":"[Gen 9] VGC 2025 Reg G","players":["Luca8","play3r35"],"log":"|j|\u2606Luca8\n|j|\u2606play3r35\n|t:|1739829606\n|gametype|doubles\n|player|p1|Luca8|flint|1700\n|player|p2|play3r35|caitlin|1620\n|teamsize|p1|6\n|teamsize|p2|6\n|gen|9\n|tier|[Gen 9] VGC 2025 Reg G\n|rated|\n|rule|Species Clause: Limit one of each Pok\u00e9mon\n|rule|Item Clause: Limit 1 of each item\n|clearpoke\n|poke|p1|Calyrex-Shadow, L50|\n|poke|p1|Indeedee, L50, M|\n|poke|p1|Dragonite, L50, F|\n|poke|p1|Chi-Yu, L50|\n|poke|p1|Sylveon, L50, M|\n|poke|p1|Iron Leaves, L50|\n|poke|p2|Terapagos, L50, M|\n|poke|p2|Amoonguss, L50, M|\n|poke|p2|Urshifu-*, L50, F|\n|poke|p2|Whimsicott, L50, F|\n|poke|p2|Chi-Yu, L50|\n|poke|p2|Munkidori, L50, M|\n|teampreview|4\n|inactive|Battle timer is ON: inactive players will automatically lose when time's up. (requested by play3r35)\n|\n|t:|1739829632\n|start\n|switch|p1a: Chi-Yu|Chi-Yu, L50|100\/100\n|switch|p1b: Indeedee|Indeedee, L50, M|100\/100\n|switch|p2a: Chi-Yu|Chi-Yu, L50|100\/100\n|switch|p2b: Munkidori|Munkidori, L50, M|100\/100\n|-ability|p1a: Chi-Yu|Beads of Ruin\n|-item|p1a: Chi-Yu|Choice Scarf|[from] ability: Frisk|[of] p2b: Munkidori\n|-item|p1b: Indeedee|Choice Specs|[from] ability: Frisk|[of] p2b: Munkidori\n|-ability|p2a: Chi-Yu|Beads of Ruin\n|-fieldstart|move: Psychic Terrain|[from] ability: Psychic Surge|[of] p1b: Indeedee\n|turn|1\n|inactive|Luca8 has 30 seconds left.\n|inactive|play3r35 has 30 seconds left.\n|inactive|Luca8 has 20 seconds left.\n|inactive|Luca8 has 15 seconds left.\n|inactive|play3r35 has 20 seconds left.\n|inactive|Luca8 has 10 seconds left.\n|inactive|play3r35 has 15 seconds left.\n|\n|t:|1739829681\n|move|p1a: Chi-Yu|Heat Wave|p2a: Chi-Yu|[spread] p2a,p2b\n|-resisted|p2a: Chi-Yu\n|-damage|p2a: Chi-Yu|77\/100\n|-damage|p2b: Munkidori|58\/100\n|-status|p2b: Munkidori|brn\n|move|p2b: Munkidori|Sludge Bomb|p1a: Chi-Yu\n|-damage|p1a: Chi-Yu|48\/100\n|move|p2a: Chi-Yu|Dark Pulse|p1b: Indeedee\n|-supereffective|p1b: Indeedee\n|-damage|p1b: Indeedee|0 fnt\n|faint|p1b: Indeedee\n|\n|-damage|p2b: Munkidori|52\/100 brn|[from] brn\n|upkeep\n|\n|t:|1739829700\n|switch|p1b: Dragonite|Dragonite, L50, F|100\/100\n|turn|2\n|\n|t:|1739829712\n|move|p1a: Chi-Yu|Heat Wave|p2b: Munkidori|[spread] p2a,p2b\n|-resisted|p2a: Chi-Yu\n|-damage|p2a: Chi-Yu|52\/100\n|-damage|p2b: Munkidori|5\/100 brn\n|move|p2b: Munkidori|Acid Spray|p1b: Dragonite\n|-damage|p1b: Dragonite|87\/100\n|-unboost|p1b: Dragonite|spd|2\n|move|p2a: Chi-Yu|Heat Wave|p1a: Chi-Yu|[spread] p1a,p1b\n|-resisted|p1a: Chi-Yu\n|-crit|p1a: Chi-Yu\n|-resisted|p1b: Dragonite\n|-damage|p1a: Chi-Yu|13\/100\n|-damage|p1b: Dragonite|36\/100\n|move|p1b: Dragonite|Rock Slide|p2b: Munkidori|[spread] p2a,p2b\n|-supereffective|p2a: Chi-Yu\n|-damage|p2a: Chi-Yu|0 fnt\n|-damage|p2b: Munkidori|0 fnt\n|faint|p2a: Chi-Yu\n|faint|p2b: Munkidori\n|\n|upkeep\n|\n|t:|1739829724\n|switch|p2b: Terapagos|Terapagos, L50, M|100\/100\n|switch|p2a: Whimsicott|Whimsicott, L50, F|100\/100\n|-activate|p2b: Terapagos|ability: Tera Shift\n|detailschange|p2b: Terapagos|Terapagos-Terastal, L50, M\n|-heal|p2b: Terapagos|100\/100|[silent]\n|turn|3\n|inactive|Luca8 has 30 seconds left.\n|\n|t:|1739829751\n|-terastallize|p2b: Terapagos|Stellar\n|detailschange|p2b: Terapagos|Terapagos-Stellar, L50, M, tera:Stellar\n|-heal|p2b: Terapagos|100\/100|[silent]\n|-ability|p2b: Terapagos|Teraform Zero\n|-fieldend|move: Psychic Terrain\n|move|p1b: Dragonite|Extreme Speed|p2a: Whimsicott\n|-damage|p2a: Whimsicott|56\/100\n|move|p2a: Whimsicott|Tailwind|p2a: Whimsicott\n|-sidestart|p2: play3r35|move: Tailwind\n|move|p2b: Terapagos|Tera Starstorm|p1b: Dragonite|[spread] p1a,p1b\n|-damage|p1a: Chi-Yu|0 fnt\n|-damage|p1b: Dragonite|0 fnt\n|faint|p1a: Chi-Yu\n|faint|p1b: Dragonite\n|\n|upkeep\n|\n|t:|1739829768\n|switch|p1b: Calyrex|Calyrex-Shadow, L50|100\/100\n|-ability|p1b: Calyrex|As One\n|-ability|p1b: Calyrex|Unnerve\n|turn|4\n|\n|t:|1739829787\n|move|p2a: Whimsicott|Protect|p2a: Whimsicott\n|-singleturn|p2a: Whimsicott|Protect\n|move|p2b: Terapagos|Tera Starstorm|p1b: Calyrex\n|-damage|p1b: Calyrex|22\/100\n|move|p1b: Calyrex|Astral Barrage|p2b: Terapagos|[spread] \n|-activate|p2a: Whimsicott|move: Protect\n|-immune|p2b: Terapagos\n|\n|upkeep\n|turn|5\n|-message|Luca8 forfeited.\n|\n|win|play3r35\n|raw|Luca8's rating: 1700 &rarr; <strong>1675<\/strong><br \/>(-25 for losing)\n|raw|play3r35's rating: 1620 &rarr; <strong>1645<\/strong><br \/>(+25 for winning)\n|l|\u2606Luca8\n|player|p1|\n|l|\u2606play3r35\n|player|p2|\n","uploadtime":1739829957,"views":12,"formatid":"gen9vgc2025regg","rating":1645,"private":0,"password":null}