{"id":"gen9vgc2025regg-2302321080","format":"[Gen 9] VGC 2025 Reg G","players":["jecheonjo","aoiharada"],"log":"|j|\u2606jecheonjo\n|j|\u2606aoiharada\n|t:|1739779385\n|gametype|doubles\n|player|p1|jecheonjo|steven|1628\n|player|p2|aoiharada|266|1626\n|teamsize|p1|6\n|teamsize|p2|6\n|gen|9\n|tier|[Gen 9] VGC 2025 Reg G\n|rated|\n|rule|Species Clause: Limit one of each Pok\u00e9mon\n|rule|Item Clause: Limit 1 of each item\n|clearpoke\n|poke|p1|Terapagos, L50, M|\n|poke|p1|Tornadus, L50, M|\n|poke|p1|Incineroar, L50, M|\n|poke|p1|Amoonguss, L50, F|\n|poke|p1|Flutter Mane, L50|\n|poke|p1|Urshifu-*, L50, M|\n|poke|p2|Weezing-Galar, L50, F|\n|poke|p2|Calyrex-Shadow, L50|\n|poke|p2|Dondozo, L50, F|\n|poke|p2|Tatsugiri, L50, F|\n|poke|p2|Incineroar, L50, M|\n|poke|p2|Roaring Moon, L50|\n|teampreview|4\n|\n|t:|1739779408\n|start\n|switch|p1a: Terapagos|Terapagos, L50, M|100\/100\n|switch|p1b: Incineroar|Incineroar, L50, M|100\/100\n|switch|p2a: Roaring Moon|Roaring Moon, L50|100\/100\n|switch|p2b: Weezing|Weezing-Galar, L50, F|100\/100\n|-activate|p1a: Terapagos|ability: Tera Shift\n|detailschange|p1a: Terapagos|Terapagos-Terastal, L50, M\n|-heal|p1a: Terapagos|100\/100|[silent]\n|-ability|p2b: Weezing|Neutralizing Gas\n|turn|1\n|\n|t:|1739779422\n|move|p1b: Incineroar|Fake Out|p2a: Roaring Moon\n|-crit|p2a: Roaring Moon\n|-damage|p2a: Roaring Moon|79\/100\n|cant|p2a: Roaring Moon|flinch\n|move|p1a: Terapagos|Substitute|p1a: Terapagos\n|-start|p1a: Terapagos|Substitute\n|-damage|p1a: Terapagos|75\/100\n|move|p2b: Weezing|Toxic Spikes|p1a: Terapagos\n|-sidestart|p1: jecheonjo|move: Toxic Spikes\n|\n|-heal|p1a: Terapagos|82\/100|[from] item: Leftovers\n|upkeep\n|turn|2\n|j| godgggamer\n|\n|t:|1739779447\n|move|p2b: Weezing|Protect|p2b: Weezing\n|-singleturn|p2b: Weezing|Protect\n|move|p2a: Roaring Moon|Earthquake|p1b: Incineroar|[spread] p1a,p1b\n|-activate|p2b: Weezing|move: Protect\n|-activate|p1a: Terapagos|move: Substitute|[damage]\n|-supereffective|p1b: Incineroar\n|-damage|p1b: Incineroar|60\/100\n|move|p1a: Terapagos|Tera Starstorm|p2b: Weezing\n|-activate|p2b: Weezing|move: Protect\n|move|p1b: Incineroar|Knock Off|p2b: Weezing\n|-activate|p2b: Weezing|move: Protect\n|\n|-heal|p1a: Terapagos|88\/100|[from] item: Leftovers\n|upkeep\n|turn|3\n|\n|t:|1739779470\n|switch|p1b: Amoonguss|Amoonguss, L50, F|100\/100\n|-sideend|p1: jecheonjo|move: Toxic Spikes|[of] p1b: Amoonguss\n|move|p1a: Terapagos|Protect|p1a: Terapagos\n|-singleturn|p1a: Terapagos|Protect\n|move|p2a: Roaring Moon|Knock Off|p1a: Terapagos\n|-activate|p1a: Terapagos|move: Protect\n|move|p2b: Weezing|Poison Gas|p1b: Amoonguss|[spread] \n|-activate|p1a: Terapagos|move: Protect\n|-immune|p1b: Amoonguss\n|\n|-heal|p1a: Terapagos|94\/100|[from] item: Leftovers\n|upkeep\n|turn|4\n|l| godgggamer\n|j| godgggamer\n|l| godgggamer\n|j| godgggamer\n|\n|t:|1739779510\n|move|p1b: Amoonguss|Protect|p1b: Amoonguss\n|-singleturn|p1b: Amoonguss|Protect\n|move|p2a: Roaring Moon|Knock Off|p1b: Amoonguss\n|-activate|p1b: Amoonguss|move: Protect\n|move|p1a: Terapagos|Tera Starstorm|p2a: Roaring Moon\n|-damage|p2a: Roaring Moon|44\/100\n|move|p2b: Weezing|Toxic Spikes|p1b: Amoonguss\n|-sidestart|p1: jecheonjo|move: Toxic Spikes\n|\n|-heal|p1a: Terapagos|100\/100|[from] item: Leftovers\n|upkeep\n|turn|5\n|\n|t:|1739779530\n|move|p2b: Weezing|Protect|p2b: Weezing\n|-singleturn|p2b: Weezing|Protect\n|move|p2a: Roaring Moon|Knock Off|p1b: Amoonguss\n|-crit|p1b: Amoonguss\n|-damage|p1b: Amoonguss|40\/100\n|-enditem|p1b: Amoonguss|Mental Herb|[from] move: Knock Off|[of] p2a: Roaring Moon\n|move|p1a: Terapagos|Substitute|p1a: Terapagos\n|-fail|p1a: Terapagos|move: Substitute\n|move|p1b: Amoonguss|Spore|p2a: Roaring Moon\n|-status|p2a: Roaring Moon|slp|[from] move: Spore\n|\n|upkeep\n|turn|6\n|\n|t:|1739779547\n|cant|p2a: Roaring Moon|slp\n|move|p1a: Terapagos|Tera Starstorm|p2a: Roaring Moon\n|-damage|p2a: Roaring Moon|13\/100 slp\n|move|p2b: Weezing|Strange Steam|p1b: Amoonguss\n|-resisted|p1b: Amoonguss\n|-damage|p1b: Amoonguss|26\/100\n|move|p1b: Amoonguss|Spore|p2b: Weezing\n|-status|p2b: Weezing|slp|[from] move: Spore\n|\n|upkeep\n|turn|7\n|\n|t:|1739779562\n|switch|p1b: Incineroar|Incineroar, L50, M|60\/100\n|-status|p1b: Incineroar|psn\n|-curestatus|p2a: Roaring Moon|slp|[msg]\n|move|p2a: Roaring Moon|Knock Off|p1a: Terapagos\n|-end|p1a: Terapagos|Substitute\n|move|p1a: Terapagos|Tera Starstorm|p2a: Roaring Moon\n|-damage|p2a: Roaring Moon|0 fnt\n|faint|p2a: Roaring Moon\n|-end|p2a: Roaring Moon|Protosynthesis|[silent]\n|cant|p2b: Weezing|slp\n|\n|-damage|p1b: Incineroar|48\/100 psn|[from] psn\n|upkeep\n|\n|t:|1739779575\n|switch|p2a: Dondozo|Dondozo, L50, F|100\/100\n|turn|8\n|\n|t:|1739779590\n|switch|p1b: Amoonguss|Amoonguss, L50, F|26\/100\n|-sideend|p1: jecheonjo|move: Toxic Spikes|[of] p1b: Amoonguss\n|move|p2a: Dondozo|Protect|p2a: Dondozo\n|-singleturn|p2a: Dondozo|Protect\n|move|p1a: Terapagos|Substitute|p1a: Terapagos\n|-start|p1a: Terapagos|Substitute\n|-damage|p1a: Terapagos|75\/100\n|cant|p2b: Weezing|slp\n|\n|-heal|p1a: Terapagos|82\/100|[from] item: Leftovers\n|upkeep\n|turn|9\n|\n|t:|1739779605\n|switch|p1b: Incineroar|Incineroar, L50, M|48\/100 psn\n|move|p1a: Terapagos|Tera Starstorm|p2a: Dondozo\n|-damage|p2a: Dondozo|55\/100\n|cant|p2b: Weezing|slp\n|move|p2a: Dondozo|Substitute|p2a: Dondozo\n|-start|p2a: Dondozo|Substitute\n|-damage|p2a: Dondozo|30\/100\n|\n|-heal|p1a: Terapagos|88\/100|[from] item: Leftovers\n|-heal|p2a: Dondozo|36\/100|[from] item: Leftovers\n|-damage|p1b: Incineroar|35\/100 psn|[from] psn\n|upkeep\n|turn|10\n|j| mimilollp\n|\n|t:|1739779621\n|move|p1b: Incineroar|Helping Hand|p1a: Terapagos\n|-singleturn|p1a: Terapagos|Helping Hand|[of] p1b: Incineroar\n|move|p2a: Dondozo|Protect|p2a: Dondozo\n|-singleturn|p2a: Dondozo|Protect\n|move|p1a: Terapagos|Tera Starstorm|p2a: Dondozo\n|-activate|p2a: Dondozo|move: Protect\n|-curestatus|p2b: Weezing|slp|[msg]\n|move|p2b: Weezing|Strange Steam|p1b: Incineroar\n|-damage|p1b: Incineroar|11\/100 psn\n|-start|p1b: Incineroar|confusion\n|\n|-heal|p1a: Terapagos|94\/100|[from] item: Leftovers\n|-heal|p2a: Dondozo|42\/100|[from] item: Leftovers\n|-damage|p1b: Incineroar|0 fnt|[from] psn\n|faint|p1b: Incineroar\n|upkeep\n|\n|t:|1739779632\n|switch|p1b: Flutter Mane|Flutter Mane, L50|100\/100\n|turn|11\n|\n|t:|1739779648\n|-end|p1b: Flutter Mane|Protosynthesis|[silent]\n|switch|p1b: Amoonguss|Amoonguss, L50, F|26\/100\n|-end|p2b: Weezing|ability: Neutralizing Gas\n|switch|p2b: Tatsugiri|Tatsugiri, L50, F|100\/100\n|-activate|p2b: Tatsugiri|ability: Commander|[of] p2a: Dondozo\n|-boost|p2a: Dondozo|atk|2\n|-boost|p2a: Dondozo|spa|2\n|-boost|p2a: Dondozo|spe|2\n|-boost|p2a: Dondozo|def|2\n|-boost|p2a: Dondozo|spd|2\n|move|p2a: Dondozo|Wave Crash|p1b: Amoonguss\n|-resisted|p1b: Amoonguss\n|-damage|p1b: Amoonguss|0 fnt\n|faint|p1b: Amoonguss\n|-damage|p2a: Dondozo|35\/100|[from] Recoil\n|move|p1a: Terapagos|Tera Starstorm|p2a: Dondozo\n|-crit|p2a: Dondozo\n|-end|p2a: Dondozo|Substitute\n|\n|-heal|p2a: Dondozo|41\/100|[from] item: Leftovers\n|-heal|p1a: Terapagos|100\/100|[from] item: Leftovers\n|upkeep\n|\n|t:|1739779664\n|switch|p1b: Flutter Mane|Flutter Mane, L50|100\/100\n|turn|12\n|\n|t:|1739779675\n|-terastallize|p1b: Flutter Mane|Fairy\n|move|p1b: Flutter Mane|Moonblast|p2a: Dondozo\n|-damage|p2a: Dondozo|0 fnt\n|faint|p2a: Dondozo\n|move|p1a: Terapagos|Calm Mind|p1a: Terapagos\n|-boost|p1a: Terapagos|spa|1\n|-boost|p1a: Terapagos|spd|1\n|\n|upkeep\n|\n|t:|1739779682\n|switch|p2a: Weezing|Weezing-Galar, L50, F|100\/100\n|-ability|p2a: Weezing|Neutralizing Gas\n|turn|13\n|\n|t:|1739779693\n|move|p2b: Tatsugiri|Protect|p2b: Tatsugiri\n|-singleturn|p2b: Tatsugiri|Protect\n|move|p1b: Flutter Mane|Moonblast|p2b: Tatsugiri\n|-activate|p2b: Tatsugiri|move: Protect\n|move|p1a: Terapagos|Tera Starstorm|p2a: Weezing\n|-damage|p2a: Weezing|32\/100\n|-enditem|p2a: Weezing|Sitrus Berry|[eat]\n|-heal|p2a: Weezing|57\/100|[from] item: Sitrus Berry\n|move|p2a: Weezing|Poison Gas||[still]|[spread] p1a,p1b\n|-fail|p2a: Weezing\n|-status|p1b: Flutter Mane|psn\n|\n|-damage|p1b: Flutter Mane|88\/100 psn|[from] psn\n|upkeep\n|turn|14\n|\n|t:|1739779710\n|move|p1b: Flutter Mane|Moonblast|p2b: Tatsugiri\n|-supereffective|p2b: Tatsugiri\n|-enditem|p2b: Tatsugiri|Focus Sash\n|-damage|p2b: Tatsugiri|1\/100\n|move|p2b: Tatsugiri|Muddy Water|p1b: Flutter Mane|[spread] p1a,p1b\n|-activate|p1a: Terapagos|move: Substitute|[damage]\n|-damage|p1b: Flutter Mane|56\/100 psn\n|move|p1a: Terapagos|Calm Mind|p1a: Terapagos\n|-boost|p1a: Terapagos|spa|1\n|-boost|p1a: Terapagos|spd|1\n|move|p2a: Weezing|Strange Steam|p1b: Flutter Mane\n|-damage|p1b: Flutter Mane|33\/100 psn\n|\n|-damage|p1b: Flutter Mane|20\/100 psn|[from] psn\n|upkeep\n|turn|15\n|-message|jecheonjo forfeited.\n|\n|win|aoiharada\n|raw|jecheonjo's rating: 1628 &rarr; <strong>1608<\/strong><br \/>(-20 for losing)\n|raw|aoiharada's rating: 1626 &rarr; <strong>1646<\/strong><br \/>(+20 for winning)\n|l|\u2606jecheonjo\n|player|p1|\n|l|\u2606aoiharada\n|player|p2|\n|l| godgggamer\n|l| mimilollp\n","uploadtime":1739779902,"views":11,"formatid":"gen9vgc2025regg","rating":1608,"private":0,"password":null}