{"id":"gen9vgc2025regg-2302482739","format":"[Gen 9] VGC 2025 Reg G","players":["mrcleggjr","Bougie Oatmeal"],"log":"|j|\u2606mrcleggjr\n|j|\u2606Bougie Oatmeal\n|t:|1739804791\n|gametype|doubles\n|player|p1|mrcleggjr|170|1572\n|player|p2|Bougie Oatmeal|rowan|1546\n|teamsize|p1|6\n|teamsize|p2|6\n|gen|9\n|tier|[Gen 9] VGC 2025 Reg G\n|rated|\n|rule|Species Clause: Limit one of each Pok\u00e9mon\n|rule|Item Clause: Limit 1 of each item\n|clearpoke\n|poke|p1|Kyogre, L50|\n|poke|p1|Wo-Chien, L50|\n|poke|p1|Urshifu-*, L50, F|\n|poke|p1|Incineroar, L50, F|\n|poke|p1|Iron Jugulis, L50|\n|poke|p1|Grimmsnarl, L50, M|\n|poke|p2|Calyrex-Shadow, L50|\n|poke|p2|Indeedee-F, L50, F|\n|poke|p2|Ogerpon-Hearthflame, L50, F|\n|poke|p2|Iron Jugulis, L50|\n|poke|p2|Iron Hands, L50|\n|poke|p2|Urshifu-*, L50, F|\n|teampreview|4\n|inactive|Battle timer is ON: inactive players will automatically lose when time's up. (requested by Bougie Oatmeal)\n|\n|t:|1739804809\n|start\n|switch|p1a: Iron Jugulis|Iron Jugulis, L50|100\/100\n|switch|p1b: Grimmsnarl|Grimmsnarl, L50, M|100\/100\n|switch|p2a: Proshokza|Iron Hands, L50|100\/100\n|switch|p2b: Hallothreen|Iron Jugulis, L50|100\/100\n|-enditem|p1a: Iron Jugulis|Booster Energy\n|-activate|p1a: Iron Jugulis|ability: Quark Drive|[fromitem]\n|-start|p1a: Iron Jugulis|quarkdrivespe\n|-enditem|p2b: Hallothreen|Booster Energy\n|-activate|p2b: Hallothreen|ability: Quark Drive|[fromitem]\n|-start|p2b: Hallothreen|quarkdrivespe\n|turn|1\n|\n|t:|1739804827\n|move|p1a: Iron Jugulis|Protect|p1a: Iron Jugulis\n|-singleturn|p1a: Iron Jugulis|Protect\n|move|p1b: Grimmsnarl|Reflect|p1b: Grimmsnarl\n|-sidestart|p1: mrcleggjr|Reflect\n|move|p2b: Hallothreen|Snarl|p1a: Iron Jugulis|[spread] \n|-activate|p1a: Iron Jugulis|move: Protect\n|-miss|p2b: Hallothreen|p1b: Grimmsnarl\n|move|p2a: Proshokza|Heavy Slam|p1b: Grimmsnarl\n|-supereffective|p1b: Grimmsnarl\n|-damage|p1b: Grimmsnarl|44\/100\n|\n|upkeep\n|turn|2\n|\n|t:|1739804847\n|move|p1b: Grimmsnarl|Light Screen|p1b: Grimmsnarl\n|-sidestart|p1: mrcleggjr|move: Light Screen\n|move|p1a: Iron Jugulis|Snarl|p2a: Proshokza|[spread] p2a,p2b\n|-resisted|p2a: Proshokza\n|-resisted|p2b: Hallothreen\n|-damage|p2a: Proshokza|96\/100\n|-damage|p2b: Hallothreen|93\/100\n|-unboost|p2a: Proshokza|spa|1\n|-unboost|p2b: Hallothreen|spa|1\n|move|p2b: Hallothreen|Snarl|p1b: Grimmsnarl|[spread] p1a,p1b\n|-resisted|p1a: Iron Jugulis\n|-resisted|p1b: Grimmsnarl\n|-damage|p1a: Iron Jugulis|97\/100\n|-damage|p1b: Grimmsnarl|43\/100\n|-unboost|p1a: Iron Jugulis|spa|1\n|-unboost|p1b: Grimmsnarl|spa|1\n|move|p2a: Proshokza|Heavy Slam|p1b: Grimmsnarl\n|-supereffective|p1b: Grimmsnarl\n|-damage|p1b: Grimmsnarl|0 fnt\n|faint|p1b: Grimmsnarl\n|\n|upkeep\n|\n|t:|1739804865\n|switch|p1b: Kyogre|Kyogre, L50, shiny|100\/100\n|-weather|RainDance|[from] ability: Drizzle|[of] p1b: Kyogre\n|turn|3\n|\n|t:|1739804871\n|-terastallize|p2a: Proshokza|Grass\n|move|p1a: Iron Jugulis|Tailwind|p1a: Iron Jugulis\n|-sidestart|p1: mrcleggjr|move: Tailwind\n|move|p2b: Hallothreen|Snarl|p1b: Kyogre|[spread] p1a,p1b\n|-resisted|p1a: Iron Jugulis\n|-damage|p1a: Iron Jugulis|93\/100\n|-damage|p1b: Kyogre|97\/100\n|-unboost|p1a: Iron Jugulis|spa|1\n|-unboost|p1b: Kyogre|spa|1\n|move|p1b: Kyogre|Water Spout|p2b: Hallothreen|[spread] p2a,p2b\n|-resisted|p2a: Proshokza\n|-damage|p2a: Proshokza|79\/100\n|-damage|p2b: Hallothreen|33\/100\n|move|p2a: Proshokza|Wild Charge|p1b: Kyogre\n|-supereffective|p1b: Kyogre\n|-damage|p1b: Kyogre|46\/100\n|-damage|p2a: Proshokza|69\/100|[from] Recoil\n|\n|-weather|RainDance|[upkeep]\n|upkeep\n|turn|4\n|inactive|Bougie Oatmeal has 30 seconds left.\n|inactive|Bougie Oatmeal has 20 seconds left.\n|inactive|Bougie Oatmeal has 15 seconds left.\n|\n|t:|1739804912\n|switch|p1b: Wo-Chien|Wo-Chien, L50|100\/100\n|-ability|p1b: Wo-Chien|Tablets of Ruin\n|move|p1a: Iron Jugulis|Hurricane|p2a: Proshokza\n|-supereffective|p2a: Proshokza\n|-damage|p2a: Proshokza|43\/100\n|move|p2b: Hallothreen|Tailwind|p2b: Hallothreen\n|-sidestart|p2: Bougie Oatmeal|move: Tailwind\n|move|p2a: Proshokza|Wild Charge|p1a: Iron Jugulis\n|-supereffective|p1a: Iron Jugulis\n|-damage|p1a: Iron Jugulis|48\/100\n|-damage|p2a: Proshokza|35\/100|[from] Recoil\n|\n|-weather|RainDance|[upkeep]\n|upkeep\n|turn|5\n|inactive|mrcleggjr has 30 seconds left.\n|inactive|Bougie Oatmeal has 30 seconds left.\n|\n|t:|1739804947\n|-end|p2b: Hallothreen|Quark Drive|[silent]\n|switch|p2b: Laotzulowei|Urshifu-Rapid-Strike, L50, F|100\/100\n|move|p1a: Iron Jugulis|Snarl|p2a: Proshokza|[spread] p2a,p2b\n|-resisted|p2b: Laotzulowei\n|-damage|p2a: Proshokza|30\/100\n|-damage|p2b: Laotzulowei|95\/100\n|-unboost|p2a: Proshokza|spa|1\n|-unboost|p2b: Laotzulowei|spa|1\n|move|p1b: Wo-Chien|Foul Play|p2a: Proshokza\n|-damage|p2a: Proshokza|2\/100\n|move|p2a: Proshokza|Wild Charge|p1a: Iron Jugulis\n|-supereffective|p1a: Iron Jugulis\n|-damage|p1a: Iron Jugulis|8\/100\n|-damage|p2a: Proshokza|0 fnt|[from] Recoil\n|faint|p2a: Proshokza\n|-end|p2a: Proshokza|Quark Drive|[silent]\n|\n|-weather|RainDance|[upkeep]\n|upkeep\n|\n|t:|1739804960\n|switch|p2a: Arizona|Ogerpon-Hearthflame, L50, F|100\/100\n|-ability|p2a: Arizona|Mold Breaker\n|turn|6\n|\n|t:|1739804980\n|-end|p1a: Iron Jugulis|Quark Drive|[silent]\n|switch|p1a: Kyogre|Kyogre, L50, shiny|46\/100\n|move|p2a: Arizona|Spiky Shield|p2a: Arizona\n|-singleturn|p2a: Arizona|move: Protect\n|move|p2b: Laotzulowei|U-turn|p1a: Kyogre\n|-damage|p1a: Kyogre|36\/100\n|\n|t:|1739804989\n|switch|p2b: Hallothreen|Iron Jugulis, L50|33\/100|[from] U-turn\n|move|p1b: Wo-Chien|Pollen Puff|p1a: Kyogre\n|-heal|p1a: Kyogre|86\/100\n|\n|-weather|RainDance|[upkeep]\n|-sideend|p1: mrcleggjr|move: Tailwind\n|upkeep\n|turn|7\n|\n|t:|1739805014\n|-terastallize|p1a: Kyogre|Grass\n|move|p2a: Arizona|Horn Leech|p1a: Kyogre\n|-resisted|p1a: Kyogre\n|-damage|p1a: Kyogre|78\/100\n|move|p2b: Hallothreen|Snarl|p1a: Kyogre|[spread] p1a,p1b\n|-resisted|p1b: Wo-Chien\n|-damage|p1a: Kyogre|73\/100\n|-damage|p1b: Wo-Chien|96\/100\n|-unboost|p1a: Kyogre|spa|1\n|-unboost|p1b: Wo-Chien|spa|1\n|move|p1b: Wo-Chien|Pollen Puff|p1a: Kyogre\n|-heal|p1a: Kyogre|100\/100\n|move|p1a: Kyogre|Water Spout|p2a: Arizona|[spread] p2a,p2b\n|-damage|p2a: Arizona|39\/100\n|-damage|p2b: Hallothreen|0 fnt\n|faint|p2b: Hallothreen\n|-end|p2b: Hallothreen|Quark Drive|[silent]\n|\n|-weather|none\n|-heal|p1b: Wo-Chien|100\/100|[from] item: Leftovers\n|-sideend|p2: Bougie Oatmeal|move: Tailwind\n|upkeep\n|\n|t:|1739805016\n|switch|p2b: Laotzulowei|Urshifu-Rapid-Strike, L50, F|95\/100\n|turn|8\n|\n|t:|1739805041\n|switch|p1a: Iron Jugulis|Iron Jugulis, L50|8\/100\n|move|p2b: Laotzulowei|U-turn|p1b: Wo-Chien\n|-supereffective|p1b: Wo-Chien\n|-damage|p1b: Wo-Chien|57\/100\n|move|p2a: Arizona|Ivy Cudgel|p1b: Wo-Chien|[anim] Ivy Cudgel Fire\n|-supereffective|p1b: Wo-Chien\n|-damage|p1b: Wo-Chien|18\/100\n|move|p1b: Wo-Chien|Foul Play|p2a: Arizona\n|-damage|p2a: Arizona|0 fnt\n|faint|p2a: Arizona\n|\n|-heal|p1b: Wo-Chien|24\/100|[from] item: Leftovers\n|-sideend|p1: mrcleggjr|Reflect\n|upkeep\n|turn|9\n|\n|t:|1739805058\n|move|p2b: Laotzulowei|U-turn|p1a: Iron Jugulis\n|-damage|p1a: Iron Jugulis|0 fnt\n|faint|p1a: Iron Jugulis\n|-end|p1a: Iron Jugulis|Quark Drive|[silent]\n|move|p1b: Wo-Chien|Leech Seed|p2b: Laotzulowei\n|-start|p2b: Laotzulowei|move: Leech Seed\n|\n|-heal|p1b: Wo-Chien|30\/100|[from] item: Leftovers\n|-damage|p2b: Laotzulowei|83\/100|[from] Leech Seed|[of] p1b: Wo-Chien\n|-heal|p1b: Wo-Chien|42\/100|[silent]\n|-sideend|p1: mrcleggjr|move: Light Screen\n|upkeep\n|-message|Bougie Oatmeal forfeited.\n|\n|win|mrcleggjr\n|raw|mrcleggjr's rating: 1572 &rarr; <strong>1591<\/strong><br \/>(+19 for winning)\n|raw|Bougie Oatmeal's rating: 1546 &rarr; <strong>1527<\/strong><br \/>(-19 for losing)\n|l|\u2606Bougie Oatmeal\n|player|p2|\n|l|\u2606mrcleggjr\n|player|p1|\n","uploadtime":1739805258,"views":5,"formatid":"gen9vgc2025regg","rating":1527,"private":0,"password":null}