{"id":"gen9vgc2025regg-2302008842","format":"[Gen 9] VGC 2025 Reg G","players":["PigsPrep","Podsmalls51"],"log":"|j|\u2606PigsPrep\n|j|\u2606Podsmalls51\n|t:|1739736229\n|gametype|doubles\n|player|p1|PigsPrep|lian|1557\n|player|p2|Podsmalls51|gentleman-gen4|1613\n|teamsize|p1|6\n|teamsize|p2|6\n|gen|9\n|tier|[Gen 9] VGC 2025 Reg G\n|rated|\n|rule|Species Clause: Limit one of each Pok\u00e9mon\n|rule|Item Clause: Limit 1 of each item\n|clearpoke\n|poke|p1|Kyogre, L50|\n|poke|p1|Tornadus, L50, M|\n|poke|p1|Dondozo, L50, M|\n|poke|p1|Tatsugiri, L50, M|\n|poke|p1|Smeargle, L50, M|\n|poke|p1|Gholdengo, L50|\n|poke|p2|Zacian-*, L50|\n|poke|p2|Grimmsnarl, L50, M|\n|poke|p2|Flutter Mane, L50|\n|poke|p2|Chi-Yu, L50|\n|poke|p2|Ogerpon-Wellspring, L50, F|\n|poke|p2|Regidrago, L50|\n|teampreview|4\n|inactive|Battle timer is ON: inactive players will automatically lose when time's up. (requested by PigsPrep)\n|inactive|Podsmalls51 has 60 seconds left.\n|\n|t:|1739736265\n|start\n|switch|p1a: Kyogre|Kyogre, L50|100\/100\n|switch|p1b: Smeargle|Smeargle, L50, M|100\/100\n|switch|p2a: Zacian|Zacian-Crowned, L50|100\/100\n|switch|p2b: Grimmsnarl|Grimmsnarl, L50, M|100\/100\n|-ability|p2a: Zacian|Intrepid Sword|boost\n|-boost|p2a: Zacian|atk|1\n|-weather|RainDance|[from] ability: Drizzle|[of] p1a: Kyogre\n|turn|1\n|\n|t:|1739736279\n|move|p2b: Grimmsnarl|Thunder Wave|p1a: Kyogre\n|-status|p1a: Kyogre|par\n|move|p2a: Zacian|Play Rough|p1a: Kyogre\n|-damage|p1a: Kyogre|33\/100 par\n|move|p1b: Smeargle|Decorate|p1a: Kyogre\n|-boost|p1a: Kyogre|atk|2\n|-boost|p1a: Kyogre|spa|2\n|move|p1a: Kyogre|Origin Pulse|p2b: Grimmsnarl|[spread] p2a,p2b\n|-damage|p2a: Zacian|0 fnt\n|-damage|p2b: Grimmsnarl|0 fnt\n|faint|p2a: Zacian\n|faint|p2b: Grimmsnarl\n|\n|-weather|RainDance|[upkeep]\n|-ability|p1b: Smeargle|Moody|boost\n|-boost|p1b: Smeargle|def|2\n|-unboost|p1b: Smeargle|spd|1\n|upkeep\n|\n|t:|1739736290\n|switch|p2a: Chi-Yu|Chi-Yu, L50|100\/100\n|switch|p2b: Ogerpon|Ogerpon-Wellspring, L50, F|100\/100\n|-ability|p2a: Chi-Yu|Beads of Ruin\n|turn|2\n|\n|t:|1739736304\n|move|p2a: Chi-Yu|Dark Pulse|p1b: Smeargle\n|-enditem|p1b: Smeargle|Focus Sash\n|-damage|p1b: Smeargle|1\/100\n|move|p2b: Ogerpon|Horn Leech|p1a: Kyogre\n|-supereffective|p1a: Kyogre\n|-damage|p1a: Kyogre|0 fnt\n|faint|p1a: Kyogre\n|move|p1b: Smeargle|Spore|p2a: Chi-Yu\n|-status|p2a: Chi-Yu|slp|[from] move: Spore\n|\n|-weather|RainDance|[upkeep]\n|-ability|p1b: Smeargle|Moody|boost\n|-boost|p1b: Smeargle|def|2\n|-unboost|p1b: Smeargle|spa|1\n|upkeep\n|\n|t:|1739736308\n|switch|p1a: Dondozo|Dondozo, L50, M|100\/100\n|turn|3\n|\n|t:|1739736322\n|-terastallize|p1a: Dondozo|Dragon\n|cant|p2a: Chi-Yu|slp\n|move|p2b: Ogerpon|Horn Leech|p1a: Dondozo\n|-resisted|p1a: Dondozo\n|-damage|p1a: Dondozo|88\/100\n|move|p1b: Smeargle|Decorate|p1a: Dondozo\n|-boost|p1a: Dondozo|atk|2\n|-boost|p1a: Dondozo|spa|2\n|move|p1a: Dondozo|Order Up|p2a: Chi-Yu\n|-damage|p2a: Chi-Yu|15\/100 slp\n|\n|-weather|RainDance|[upkeep]\n|-heal|p1a: Dondozo|95\/100|[from] item: Leftovers\n|-ability|p1b: Smeargle|Moody|boost\n|-boost|p1b: Smeargle|spd|2\n|-unboost|p1b: Smeargle|atk|1\n|upkeep\n|turn|4\n|\n|t:|1739736337\n|switch|p1b: Tatsugiri|Tatsugiri, L50, M|100\/100\n|-activate|p1b: Tatsugiri|ability: Commander|[of] p1a: Dondozo\n|-boost|p1a: Dondozo|atk|2\n|-boost|p1a: Dondozo|spa|2\n|-boost|p1a: Dondozo|spe|2\n|-boost|p1a: Dondozo|def|2\n|-boost|p1a: Dondozo|spd|2\n|-terastallize|p2b: Ogerpon|Water\n|detailschange|p2b: Ogerpon|Ogerpon-Wellspring-Tera, L50, F, tera:Water\n|-ability|p2b: Ogerpon|Embody Aspect (Wellspring)|boost\n|-boost|p2b: Ogerpon|spd|1\n|-curestatus|p2a: Chi-Yu|slp|[msg]\n|move|p2a: Chi-Yu|Heat Wave|p1b: Tatsugiri|[spread] p1a\n|-miss|p2a: Chi-Yu|p1b: Tatsugiri\n|-resisted|p1a: Dondozo\n|-damage|p1a: Dondozo|89\/100\n|move|p1a: Dondozo|Order Up|p2a: Chi-Yu\n|-damage|p2a: Chi-Yu|0 fnt\n|faint|p2a: Chi-Yu\n|-boost|p1a: Dondozo|atk|1\n|move|p2b: Ogerpon|Ivy Cudgel|p1a: Dondozo|[anim] Ivy Cudgel Water\n|-resisted|p1a: Dondozo\n|-crit|p1a: Dondozo\n|-damage|p1a: Dondozo|33\/100\n|\n|-weather|RainDance|[upkeep]\n|-heal|p1a: Dondozo|40\/100|[from] item: Leftovers\n|upkeep\n|turn|5\n|\n|t:|1739736360\n|move|p1a: Dondozo|Protect|p1a: Dondozo\n|-singleturn|p1a: Dondozo|Protect\n|move|p2b: Ogerpon|Ivy Cudgel|p1a: Dondozo|[anim] Ivy Cudgel Water\n|-activate|p1a: Dondozo|move: Protect\n|\n|-weather|none\n|-heal|p1a: Dondozo|46\/100|[from] item: Leftovers\n|upkeep\n|turn|6\n|\n|t:|1739736365\n|move|p2b: Ogerpon|Spiky Shield|p2b: Ogerpon\n|-singleturn|p2b: Ogerpon|move: Protect\n|move|p1a: Dondozo|Order Up|p2b: Ogerpon\n|-activate|p2b: Ogerpon|move: Protect\n|\n|-heal|p1a: Dondozo|52\/100|[from] item: Leftovers\n|upkeep\n|turn|7\n|\n|t:|1739736370\n|move|p1a: Dondozo|Order Up|p2b: Ogerpon\n|-damage|p2b: Ogerpon|0 fnt\n|faint|p2b: Ogerpon\n|\n|win|PigsPrep\n|raw|PigsPrep's rating: 1557 &rarr; <strong>1580<\/strong><br \/>(+23 for winning)\n|raw|Podsmalls51's rating: 1613 &rarr; <strong>1590<\/strong><br \/>(-23 for losing)\n|l|\u2606Podsmalls51\n|player|p2|\n|l|\u2606PigsPrep\n|player|p1|\n","uploadtime":1739736634,"views":5,"formatid":"gen9vgc2025regg","rating":1580,"private":0,"password":null}