{"id":"gen9vgc2025regg-2302318558","format":"[Gen 9] VGC 2025 Reg G","players":["mavstest4","Spottedwoot"],"log":"|j|\u2606mavstest4\n|j|\u2606Spottedwoot\n|t:|1739778869\n|gametype|doubles\n|player|p1|mavstest4|265|1568\n|player|p2|Spottedwoot|266|1600\n|teamsize|p1|6\n|teamsize|p2|6\n|gen|9\n|tier|[Gen 9] VGC 2025 Reg G\n|rated|\n|rule|Species Clause: Limit one of each Pok\u00e9mon\n|rule|Item Clause: Limit 1 of each item\n|clearpoke\n|poke|p1|Tornadus, L50, M|\n|poke|p1|Farigiraf, L50, M|\n|poke|p1|Regieleki, L50|\n|poke|p1|Urshifu-*, L50, M|\n|poke|p1|Kyogre, L50|\n|poke|p1|Landorus, L50, M|\n|poke|p2|Zamazenta-*, L50|\n|poke|p2|Chien-Pao, L50|\n|poke|p2|Entei, L50|\n|poke|p2|Raging Bolt, L50|\n|poke|p2|Rillaboom, L50, M|\n|poke|p2|Farigiraf, L50, M|\n|teampreview|4\n|j| falcon108\n|\n|t:|1739778891\n|start\n|switch|p1a: Regieleki|Regieleki, L50|100\/100\n|switch|p1b: Kyogre|Kyogre, L50|100\/100\n|switch|p2a: Chien-Pao|Chien-Pao, L50|100\/100\n|switch|p2b: Raging Bolt|Raging Bolt, L50|100\/100\n|-ability|p2a: Chien-Pao|Sword of Ruin\n|-weather|RainDance|[from] ability: Drizzle|[of] p1b: Kyogre\n|-enditem|p2b: Raging Bolt|Booster Energy\n|-activate|p2b: Raging Bolt|ability: Protosynthesis|[fromitem]\n|-start|p2b: Raging Bolt|protosynthesisspa\n|turn|1\n|\n|t:|1739778910\n|move|p2a: Chien-Pao|Protect|p2a: Chien-Pao\n|-singleturn|p2a: Chien-Pao|Protect\n|move|p1a: Regieleki|Electroweb|p2a: Chien-Pao|[spread] p2b\n|-activate|p2a: Chien-Pao|move: Protect\n|-resisted|p2b: Raging Bolt\n|-damage|p2b: Raging Bolt|94\/100\n|-unboost|p2b: Raging Bolt|spe|1\n|move|p1b: Kyogre|Water Spout|p2a: Chien-Pao|[spread] p2b\n|-activate|p2a: Chien-Pao|move: Protect\n|-resisted|p2b: Raging Bolt\n|-damage|p2b: Raging Bolt|36\/100\n|move|p2b: Raging Bolt|Thunderbolt|p1b: Kyogre\n|-supereffective|p1b: Kyogre\n|-damage|p1b: Kyogre|2\/100\n|\n|-weather|RainDance|[upkeep]\n|upkeep\n|turn|2\n|\n|t:|1739778928\n|switch|p2a: Rillaboom|Rillaboom, L50, M|100\/100\n|-fieldstart|move: Grassy Terrain|[from] ability: Grassy Surge|[of] p2a: Rillaboom\n|move|p1a: Regieleki|Protect|p1a: Regieleki\n|-singleturn|p1a: Regieleki|Protect\n|move|p1b: Kyogre|Water Spout|p2b: Raging Bolt|[spread] p2a,p2b\n|-resisted|p2a: Rillaboom\n|-resisted|p2b: Raging Bolt\n|-damage|p2a: Rillaboom|99\/100\n|-damage|p2b: Raging Bolt|35\/100\n|move|p2b: Raging Bolt|Dragon Pulse|p1a: Regieleki\n|-activate|p1a: Regieleki|move: Protect\n|\n|-weather|RainDance|[upkeep]\n|-heal|p1b: Kyogre|8\/100|[from] Grassy Terrain\n|-heal|p2a: Rillaboom|100\/100|[from] Grassy Terrain\n|-heal|p2b: Raging Bolt|41\/100|[from] Grassy Terrain\n|upkeep\n|turn|3\n|j| ngng\n|l| ngng\n|\n|t:|1739778947\n|switch|p1b: Farigiraf|Farigiraf, L50, M|100\/100\n|-terastallize|p1a: Regieleki|Fairy\n|move|p1a: Regieleki|Tera Blast|p2b: Raging Bolt|[anim] Tera Blast Fairy\n|-supereffective|p2b: Raging Bolt\n|-damage|p2b: Raging Bolt|0 fnt\n|faint|p2b: Raging Bolt\n|-end|p2b: Raging Bolt|Protosynthesis|[silent]\n|move|p2a: Rillaboom|Wood Hammer|p1a: Regieleki\n|-damage|p1a: Regieleki|0 fnt\n|faint|p1a: Regieleki\n|-damage|p2a: Rillaboom|76\/100|[from] Recoil\n|\n|-weather|RainDance|[upkeep]\n|-heal|p2a: Rillaboom|82\/100|[from] Grassy Terrain\n|upkeep\n|\n|t:|1739778962\n|switch|p1a: Landorus|Landorus, L50, M|100\/100\n|switch|p2b: Zamazenta|Zamazenta-Crowned, L50|100\/100\n|-ability|p2b: Zamazenta|Dauntless Shield|boost\n|-boost|p2b: Zamazenta|def|1\n|turn|4\n|\n|t:|1739778972\n|-terastallize|p2b: Zamazenta|Dragon\n|move|p2b: Zamazenta|Heavy Slam|p1a: Landorus\n|-damage|p1a: Landorus|53\/100\n|move|p1a: Landorus|Sludge Bomb|p2a: Rillaboom\n|-supereffective|p2a: Rillaboom\n|-damage|p2a: Rillaboom|13\/100\n|move|p2a: Rillaboom|Wood Hammer|p1a: Landorus\n|-damage|p1a: Landorus|0 fnt\n|faint|p1a: Landorus\n|-damage|p2a: Rillaboom|0 fnt|[from] Recoil\n|faint|p2a: Rillaboom\n|move|p1b: Farigiraf|Trick Room|p1b: Farigiraf\n|-fieldstart|move: Trick Room|[of] p1b: Farigiraf\n|\n|-weather|RainDance|[upkeep]\n|upkeep\n|\n|t:|1739778981\n|switch|p2a: Chien-Pao|Chien-Pao, L50|100\/100\n|switch|p1a: Kyogre|Kyogre, L50|8\/100\n|-ability|p2a: Chien-Pao|Sword of Ruin\n|turn|5\n|\n|t:|1739779000\n|move|p1b: Farigiraf|Helping Hand|p1a: Kyogre\n|-singleturn|p1a: Kyogre|Helping Hand|[of] p1b: Farigiraf\n|move|p2a: Chien-Pao|Protect|p2a: Chien-Pao\n|-singleturn|p2a: Chien-Pao|Protect\n|move|p1a: Kyogre|Ice Beam|p2b: Zamazenta\n|-supereffective|p2b: Zamazenta\n|-damage|p2b: Zamazenta|0 fnt\n|faint|p2b: Zamazenta\n|\n|-weather|none\n|-heal|p1a: Kyogre|14\/100|[from] Grassy Terrain\n|upkeep\n|turn|6\n|\n|t:|1739779016\n|move|p1b: Farigiraf|Dazzling Gleam|p2a: Chien-Pao\n|-supereffective|p2a: Chien-Pao\n|-damage|p2a: Chien-Pao|32\/100\n|move|p1a: Kyogre|Ice Beam|p2a: Chien-Pao\n|-resisted|p2a: Chien-Pao\n|-damage|p2a: Chien-Pao|0 fnt\n|faint|p2a: Chien-Pao\n|\n|win|mavstest4\n|raw|mavstest4's rating: 1568 &rarr; <strong>1590<\/strong><br \/>(+22 for winning)\n|raw|Spottedwoot's rating: 1600 &rarr; <strong>1578<\/strong><br \/>(-22 for losing)\n","uploadtime":1739779020,"views":48,"formatid":"gen9vgc2025regg","rating":1578,"private":0,"password":null}