{"id":"gen9vgc2025regg-2302475950","format":"[Gen 9] VGC 2025 Reg G","players":["SendMuj","ragionBolte"],"log":"|j|\u2606SendMuj\n|j|\u2606ragionBolte\n|t:|1739804003\n|gametype|doubles\n|player|p1|SendMuj|pokemonranger-gen4|1586\n|player|p2|ragionBolte|102|1573\n|teamsize|p1|6\n|teamsize|p2|6\n|gen|9\n|tier|[Gen 9] VGC 2025 Reg G\n|rated|\n|rule|Species Clause: Limit one of each Pok\u00e9mon\n|rule|Item Clause: Limit 1 of each item\n|clearpoke\n|poke|p1|Kyogre, L50|\n|poke|p1|Whimsicott, L50, F|\n|poke|p1|Ogerpon-Hearthflame, L50, F|\n|poke|p1|Rillaboom, L50, F|\n|poke|p1|Incineroar, L50, M|\n|poke|p1|Landorus, L50, M|\n|poke|p2|Calyrex-Ice, L50|\n|poke|p2|Urshifu-*, L50, M|\n|poke|p2|Incineroar, L50, F|\n|poke|p2|Raging Bolt, L50|\n|poke|p2|Maushold, L50|\n|poke|p2|Sinistcha, L50|\n|teampreview|4\n|inactive|Battle timer is ON: inactive players will automatically lose when time's up. (requested by SendMuj)\n|inactive|ragionBolte has 60 seconds left.\n|\n|t:|1739804036\n|start\n|switch|p1a: Kyogre|Kyogre, L50|100\/100\n|switch|p1b: Ogerpon|Ogerpon-Hearthflame, L50, F|100\/100\n|switch|p2a: Urshifu|Urshifu-Rapid-Strike, L50, M|100\/100\n|switch|p2b: Raging Bolt|Raging Bolt, L50|100\/100\n|-ability|p1b: Ogerpon|Mold Breaker\n|-weather|RainDance|[from] ability: Drizzle|[of] p1a: Kyogre\n|turn|1\n|inactive|ragionBolte has 30 seconds left.\n|\n|t:|1739804066\n|switch|p1a: Landorus|Landorus, L50, M|100\/100\n|move|p2a: Urshifu|U-turn|p1a: Landorus\n|-resisted|p1a: Landorus\n|-damage|p1a: Landorus|85\/100\n|\n|t:|1739804070\n|switch|p2a: Incineroar|Incineroar, L50, F|100\/100|[from] U-turn\n|-ability|p2a: Incineroar|Intimidate|boost\n|-unboost|p1a: Landorus|atk|1\n|-unboost|p1b: Ogerpon|atk|1\n|move|p1b: Ogerpon|Horn Leech|p2a: Incineroar\n|-resisted|p2a: Incineroar\n|-damage|p2a: Incineroar|86\/100\n|move|p2b: Raging Bolt|Snarl|p1b: Ogerpon|[spread] p1a,p1b\n|-damage|p1a: Landorus|66\/100\n|-damage|p1b: Ogerpon|83\/100\n|-unboost|p1a: Landorus|spa|1\n|-unboost|p1b: Ogerpon|spa|1\n|\n|-weather|RainDance|[upkeep]\n|upkeep\n|turn|2\n|\n|t:|1739804094\n|move|p1a: Landorus|Protect|p1a: Landorus\n|-singleturn|p1a: Landorus|Protect\n|move|p2a: Incineroar|Fake Out|p1a: Landorus\n|-activate|p1a: Landorus|move: Protect\n|move|p1b: Ogerpon|Taunt|p2a: Incineroar\n|-start|p2a: Incineroar|move: Taunt\n|move|p2b: Raging Bolt|Thunderbolt|p1b: Ogerpon\n|-resisted|p1b: Ogerpon\n|-damage|p1b: Ogerpon|54\/100\n|\n|-weather|RainDance|[upkeep]\n|upkeep\n|turn|3\n|j| laslfg81\n|l| laslfg81\n|inactive|ragionBolte has 30 seconds left.\n|\n|t:|1739804120\n|switch|p1b: Whimsicott|Whimsicott, L50, F|100\/100\n|move|p1a: Landorus|Sandsear Storm|p2a: Incineroar|[spread] p2a,p2b\n|-supereffective|p2a: Incineroar\n|-supereffective|p2b: Raging Bolt\n|-damage|p2a: Incineroar|26\/100\n|-damage|p2b: Raging Bolt|55\/100\n|move|p2b: Raging Bolt|Snarl|p1a: Landorus|[spread] p1a,p1b\n|-resisted|p1b: Whimsicott\n|-damage|p1a: Landorus|49\/100\n|-damage|p1b: Whimsicott|88\/100\n|-unboost|p1a: Landorus|spa|1\n|-unboost|p1b: Whimsicott|spa|1\n|move|p2a: Incineroar|Knock Off|p1a: Landorus\n|-damage|p1a: Landorus|2\/100\n|-enditem|p1a: Landorus|Life Orb|[from] move: Knock Off|[of] p2a: Incineroar\n|\n|-weather|RainDance|[upkeep]\n|upkeep\n|turn|4\n|\n|t:|1739804140\n|move|p1b: Whimsicott|Tailwind|p1b: Whimsicott\n|-sidestart|p1: SendMuj|move: Tailwind\n|move|p1a: Landorus|Sandsear Storm|p2b: Raging Bolt|[spread] p2a,p2b\n|-supereffective|p2a: Incineroar\n|-crit|p2a: Incineroar\n|-supereffective|p2b: Raging Bolt\n|-damage|p2a: Incineroar|0 fnt\n|-damage|p2b: Raging Bolt|29\/100\n|faint|p2a: Incineroar\n|move|p2b: Raging Bolt|Snarl|p1b: Whimsicott|[spread] p1a,p1b\n|-resisted|p1b: Whimsicott\n|-damage|p1a: Landorus|0 fnt\n|-damage|p1b: Whimsicott|75\/100\n|-unboost|p1b: Whimsicott|spa|1\n|faint|p1a: Landorus\n|\n|-weather|RainDance|[upkeep]\n|upkeep\n|\n|t:|1739804155\n|switch|p1a: Kyogre|Kyogre, L50|100\/100\n|switch|p2a: Calyrex|Calyrex-Ice, L50|100\/100\n|-ability|p2a: Calyrex|As One\n|-ability|p2a: Calyrex|Unnerve\n|turn|5\n|\n|t:|1739804173\n|-terastallize|p1a: Kyogre|Water\n|-terastallize|p2a: Calyrex|Water\n|move|p1b: Whimsicott|Helping Hand|p1a: Kyogre\n|-singleturn|p1a: Kyogre|Helping Hand|[of] p1b: Whimsicott\n|move|p2b: Raging Bolt|Thunderclap|p1a: Kyogre\n|-supereffective|p1a: Kyogre\n|-damage|p1a: Kyogre|48\/100\n|move|p1a: Kyogre|Water Spout|p2a: Calyrex|[spread] p2a,p2b\n|-resisted|p2a: Calyrex\n|-resisted|p2b: Raging Bolt\n|-damage|p2a: Calyrex|48\/100\n|-damage|p2b: Raging Bolt|0 fnt\n|faint|p2b: Raging Bolt\n|-end|p2b: Raging Bolt|Protosynthesis|[silent]\n|move|p2a: Calyrex|Glacial Lance|p1a: Kyogre|[spread] p1a,p1b\n|-resisted|p1a: Kyogre\n|-supereffective|p1b: Whimsicott\n|-damage|p1a: Kyogre|18\/100\n|-damage|p1b: Whimsicott|0 fnt\n|faint|p1b: Whimsicott\n|-ability|p2a: Calyrex|Chilling Neigh|boost\n|-boost|p2a: Calyrex|atk|1\n|\n|-weather|none\n|upkeep\n|\n|t:|1739804191\n|switch|p1b: Ogerpon|Ogerpon-Hearthflame, L50, F|54\/100\n|switch|p2b: Urshifu|Urshifu-Rapid-Strike, L50, M|100\/100\n|-ability|p1b: Ogerpon|Mold Breaker\n|turn|6\n|\n|t:|1739804206\n|move|p1b: Ogerpon|Horn Leech|p2a: Calyrex\n|-supereffective|p2a: Calyrex\n|-crit|p2a: Calyrex\n|-damage|p2a: Calyrex|0 fnt\n|-heal|p1b: Ogerpon|86\/100|[from] drain|[of] p2a: Calyrex\n|faint|p2a: Calyrex\n|move|p1a: Kyogre|Water Spout|p2b: Urshifu\n|-resisted|p2b: Urshifu\n|-damage|p2b: Urshifu|74\/100\n|move|p2b: Urshifu|Surging Strikes|p1b: Ogerpon\n|-crit|p1b: Ogerpon\n|-damage|p1b: Ogerpon|56\/100\n|-crit|p1b: Ogerpon\n|-damage|p1b: Ogerpon|24\/100\n|-crit|p1b: Ogerpon\n|-damage|p1b: Ogerpon|0 fnt\n|faint|p1b: Ogerpon\n|-hitcount|p1: Ogerpon|3\n|\n|upkeep\n|turn|7\n|\n|t:|1739804221\n|move|p1a: Kyogre|Water Spout|p2b: Urshifu\n|-resisted|p2b: Urshifu\n|-damage|p2b: Urshifu|47\/100\n|move|p2b: Urshifu|Surging Strikes|p1a: Kyogre\n|-resisted|p1a: Kyogre\n|-crit|p1a: Kyogre\n|-damage|p1a: Kyogre|6\/100\n|-resisted|p1a: Kyogre\n|-crit|p1a: Kyogre\n|-damage|p1a: Kyogre|0 fnt\n|faint|p1a: Kyogre\n|-hitcount|p1: Kyogre|2\n|\n|win|ragionBolte\n|raw|SendMuj's rating: 1586 &rarr; <strong>1565<\/strong><br \/>(-21 for losing)\n|raw|ragionBolte's rating: 1573 &rarr; <strong>1594<\/strong><br \/>(+21 for winning)\n|l|\u2606SendMuj\n|player|p1|\n|l|\u2606ragionBolte\n|player|p2|\n","uploadtime":1739804438,"views":5,"formatid":"gen9vgc2025regg","rating":1565,"private":0,"password":null}