{"id":"gen9vgc2025regg-2302323811","format":"[Gen 9] VGC 2025 Reg G","players":["Jirachi BS","jecheonjo"],"log":"|j|\u2606Jirachi BS\n|j|\u2606jecheonjo\n|t:|1739779920\n|gametype|doubles\n|player|p1|Jirachi BS|101|1603\n|player|p2|jecheonjo|steven|1623\n|teamsize|p1|6\n|teamsize|p2|6\n|gen|9\n|tier|[Gen 9] VGC 2025 Reg G\n|rated|\n|rule|Species Clause: Limit one of each Pok\u00e9mon\n|rule|Item Clause: Limit 1 of each item\n|clearpoke\n|poke|p1|Zacian-*, L50|\n|poke|p1|Urshifu-*, L50, M|\n|poke|p1|Ogerpon-Hearthflame, L50, F|\n|poke|p1|Farigiraf, L50, F|\n|poke|p1|Tornadus, L50, M|\n|poke|p1|Araquanid, L50, F|\n|poke|p2|Terapagos, L50, M|\n|poke|p2|Tornadus, L50, M|\n|poke|p2|Incineroar, L50, F|\n|poke|p2|Amoonguss, L50, F|\n|poke|p2|Flutter Mane, L50|\n|poke|p2|Urshifu-*, L50, F|\n|teampreview|4\n|j| godgggamer\n|c| godgggamer|Hi\n|c| godgggamer|\ud83d\udc4b\n|c|\u2606Jirachi BS|hi?\n|\n|t:|1739779972\n|start\n|switch|p1a: Zacian|Zacian-Crowned, L50|100\/100\n|switch|p1b: Tornadus|Tornadus, L50, M|100\/100\n|switch|p2a: Terapagos|Terapagos, L50, M|100\/100\n|switch|p2b: Incineroar|Incineroar, L50, F|100\/100\n|-activate|p2a: Terapagos|ability: Tera Shift\n|detailschange|p2a: Terapagos|Terapagos-Terastal, L50, M\n|-heal|p2a: Terapagos|100\/100|[silent]\n|-ability|p1a: Zacian|Intrepid Sword|boost\n|-boost|p1a: Zacian|atk|1\n|-ability|p2b: Incineroar|Intimidate|boost\n|-unboost|p1a: Zacian|atk|1\n|-unboost|p1b: Tornadus|atk|1\n|turn|1\n|\n|t:|1739779993\n|switch|p1a: Araquanid|Araquanid, L50, F|100\/100\n|move|p1b: Tornadus|Tailwind|p1b: Tornadus\n|-sidestart|p1: Jirachi BS|move: Tailwind\n|move|p2a: Terapagos|Calm Mind|p2a: Terapagos\n|-boost|p2a: Terapagos|spa|1\n|-boost|p2a: Terapagos|spd|1\n|move|p2b: Incineroar|Parting Shot|p1b: Tornadus\n|-unboost|p1b: Tornadus|atk|1\n|-unboost|p1b: Tornadus|spa|1\n|\n|t:|1739780005\n|switch|p2b: Amoonguss|Amoonguss, L50, F|100\/100|[from] Parting Shot\n|\n|upkeep\n|turn|2\n|\n|t:|1739780017\n|move|p2b: Amoonguss|Protect|p2b: Amoonguss\n|-singleturn|p2b: Amoonguss|Protect\n|move|p1b: Tornadus|Bleakwind Storm|p2b: Amoonguss|[spread] p2a\n|-activate|p2b: Amoonguss|move: Protect\n|-activate|p2a: Terapagos|ability: Tera Shell\n|-resisted|p2a: Terapagos\n|-damage|p2a: Terapagos|94\/100\n|move|p2a: Terapagos|Tera Starstorm|p1a: Araquanid\n|-damage|p1a: Araquanid|38\/100\n|move|p1a: Araquanid|Liquidation|p2a: Terapagos\n|-damage|p2a: Terapagos|48\/100\n|\n|-heal|p2a: Terapagos|55\/100|[from] item: Leftovers\n|upkeep\n|turn|3\n|\n|t:|1739780053\n|move|p1a: Araquanid|Wide Guard|p1a: Araquanid\n|-singleturn|p1a: Araquanid|Wide Guard\n|move|p1b: Tornadus|Bleakwind Storm|p2a: Terapagos|[spread] p2a,p2b\n|-supereffective|p2b: Amoonguss\n|-damage|p2a: Terapagos|41\/100\n|-damage|p2b: Amoonguss|54\/100\n|move|p2a: Terapagos|Tera Starstorm|p1a: Araquanid\n|-damage|p1a: Araquanid|0 fnt\n|faint|p1a: Araquanid\n|move|p2b: Amoonguss|Spore|p1b: Tornadus\n|-status|p1b: Tornadus|slp|[from] move: Spore\n|\n|-heal|p2a: Terapagos|47\/100|[from] item: Leftovers\n|upkeep\n|\n|t:|1739780065\n|switch|p1a: Zacian|Zacian-Crowned, L50|100\/100\n|turn|4\n|\n|t:|1739780073\n|-terastallize|p2a: Terapagos|Stellar\n|detailschange|p2a: Terapagos|Terapagos-Stellar, L50, M, tera:Stellar\n|-heal|p2a: Terapagos|60\/100|[silent]\n|move|p2b: Amoonguss|Rage Powder|p2b: Amoonguss\n|-singleturn|p2b: Amoonguss|move: Rage Powder\n|move|p1a: Zacian|Behemoth Blade|p2b: Amoonguss\n|-damage|p2b: Amoonguss|16\/100\n|cant|p1b: Tornadus|slp\n|move|p2a: Terapagos|Tera Starstorm|p1a: Zacian|[spread] p1a,p1b\n|-damage|p1a: Zacian|53\/100\n|-damage|p1b: Tornadus|36\/100 slp\n|\n|-heal|p2a: Terapagos|67\/100|[from] item: Leftovers\n|-sideend|p1: Jirachi BS|move: Tailwind\n|upkeep\n|turn|5\n|\n|t:|1739780085\n|move|p1a: Zacian|Protect|p1a: Zacian\n|-singleturn|p1a: Zacian|Protect\n|move|p2b: Amoonguss|Rage Powder|p2b: Amoonguss\n|-singleturn|p2b: Amoonguss|move: Rage Powder\n|-curestatus|p1b: Tornadus|slp|[msg]\n|move|p1b: Tornadus|Bleakwind Storm|p2a: Terapagos|[spread] p2a,p2b\n|-supereffective|p2b: Amoonguss\n|-damage|p2a: Terapagos|56\/100\n|-damage|p2b: Amoonguss|0 fnt\n|faint|p2b: Amoonguss\n|move|p2a: Terapagos|Tera Starstorm|p1a: Zacian|[spread] p1b\n|-activate|p1a: Zacian|move: Protect\n|-damage|p1b: Tornadus|0 fnt\n|faint|p1b: Tornadus\n|\n|-heal|p2a: Terapagos|62\/100|[from] item: Leftovers\n|upkeep\n|\n|t:|1739780091\n|switch|p1b: Urshifu|Urshifu-Rapid-Strike, L50, M|100\/100\n|switch|p2b: Incineroar|Incineroar, L50, F|100\/100\n|-ability|p2b: Incineroar|Intimidate|boost\n|-unboost|p1a: Zacian|atk|1\n|-unboost|p1b: Urshifu|atk|1\n|turn|6\n|\n|t:|1739780108\n|move|p2b: Incineroar|Fake Out|p1a: Zacian\n|-resisted|p1a: Zacian\n|-damage|p1a: Zacian|49\/100\n|move|p1b: Urshifu|Surging Strikes|p2a: Terapagos\n|-crit|p2a: Terapagos\n|-damage|p2a: Terapagos|50\/100\n|-crit|p2a: Terapagos\n|-damage|p2a: Terapagos|37\/100\n|-crit|p2a: Terapagos\n|-damage|p2a: Terapagos|24\/100\n|-hitcount|p2a: Terapagos|3\n|cant|p1a: Zacian|flinch\n|move|p2a: Terapagos|Tera Starstorm|p1a: Zacian|[spread] p1a,p1b\n|-damage|p1a: Zacian|0 fnt\n|-damage|p1b: Urshifu|25\/100\n|faint|p1a: Zacian\n|\n|-heal|p2a: Terapagos|30\/100|[from] item: Leftovers\n|upkeep\n|turn|7\n|\n|t:|1739780122\n|move|p1b: Urshifu|Surging Strikes|p2a: Terapagos\n|-crit|p2a: Terapagos\n|-damage|p2a: Terapagos|18\/100\n|-crit|p2a: Terapagos\n|-damage|p2a: Terapagos|6\/100\n|-crit|p2a: Terapagos\n|-damage|p2a: Terapagos|0 fnt\n|faint|p2a: Terapagos\n|-hitcount|p2: Terapagos|3\n|move|p2b: Incineroar|Knock Off|p1b: Urshifu\n|-resisted|p1b: Urshifu\n|-damage|p1b: Urshifu|6\/100\n|-enditem|p1b: Urshifu|Choice Scarf|[from] move: Knock Off|[of] p2b: Incineroar\n|\n|upkeep\n|\n|t:|1739780124\n|switch|p2a: Tornadus|Tornadus, L50, M|100\/100\n|turn|8\n|\n|t:|1739780131\n|-terastallize|p1b: Urshifu|Water\n|move|p2a: Tornadus|Bleakwind Storm|p1b: Urshifu\n|-damage|p1b: Urshifu|0 fnt\n|faint|p1b: Urshifu\n|\n|win|jecheonjo\n|raw|Jirachi BS's rating: 1603 &rarr; <strong>1584<\/strong><br \/>(-19 for losing)\n|raw|jecheonjo's rating: 1623 &rarr; <strong>1642<\/strong><br \/>(+19 for winning)\n|l|\u2606jecheonjo\n|player|p2|\n|l|\u2606Jirachi BS\n|player|p1|\n","uploadtime":1739780318,"views":5,"formatid":"gen9vgc2025regg","rating":1584,"private":0,"password":null}