{"id":"gen9vgc2025regg-2302298145","format":"[Gen 9] VGC 2025 Reg G","players":["eggplanetVGC","AsukaHikaru"],"log":"|j|\u2606eggplanetVGC\n|j|\u2606AsukaHikaru\n|t:|1739774760\n|gametype|doubles\n|player|p1|eggplanetVGC|miku-flying|1583\n|player|p2|AsukaHikaru|102|1566\n|teamsize|p1|6\n|teamsize|p2|6\n|gen|9\n|tier|[Gen 9] VGC 2025 Reg G\n|rated|\n|rule|Species Clause: Limit one of each Pok\u00e9mon\n|rule|Item Clause: Limit 1 of each item\n|clearpoke\n|poke|p1|Calyrex-Ice, L50|\n|poke|p1|Roaring Moon, L50|\n|poke|p1|Amoonguss, L50, M|\n|poke|p1|Urshifu-*, L50, M|\n|poke|p1|Landorus, L50, M|\n|poke|p1|Ogerpon-Hearthflame, L50, F|\n|poke|p2|Calyrex-Ice, L50|\n|poke|p2|Ogerpon-Hearthflame, L50, F|\n|poke|p2|Landorus, L50, M|\n|poke|p2|Grimmsnarl, L50, M|\n|poke|p2|Urshifu-*, L50, M|\n|poke|p2|Raging Bolt, L50|\n|teampreview|4\n|inactive|Battle timer is ON: inactive players will automatically lose when time's up. (requested by eggplanetVGC)\n|\n|t:|1739774790\n|start\n|switch|p1a: Urshifu|Urshifu-Rapid-Strike, L50, M|100\/100\n|switch|p1b: Landorus|Landorus, L50, M|100\/100\n|switch|p2a: Grimmsnarl|Grimmsnarl, L50, M|100\/100\n|switch|p2b: Calyrex|Calyrex-Ice, L50|100\/100\n|-ability|p2b: Calyrex|As One\n|-ability|p2b: Calyrex|Unnerve\n|turn|1\n|\n|t:|1739774811\n|-terastallize|p1b: Landorus|Water\n|move|p2a: Grimmsnarl|Light Screen|p2a: Grimmsnarl\n|-sidestart|p2: AsukaHikaru|move: Light Screen\n|move|p1b: Landorus|Earth Power|p2a: Grimmsnarl\n|-damage|p2a: Grimmsnarl|57\/100\n|move|p1a: Urshifu|Surging Strikes|p2a: Grimmsnarl\n|-crit|p2a: Grimmsnarl\n|-damage|p2a: Grimmsnarl|31\/100\n|-crit|p2a: Grimmsnarl\n|-damage|p2a: Grimmsnarl|4\/100\n|-crit|p2a: Grimmsnarl\n|-damage|p2a: Grimmsnarl|0 fnt\n|faint|p2a: Grimmsnarl\n|-hitcount|p2: Grimmsnarl|3\n|move|p2b: Calyrex|Glacial Lance|p1a: Urshifu|[spread] p1a,p1b\n|-resisted|p1a: Urshifu\n|-resisted|p1b: Landorus\n|-damage|p1a: Urshifu|77\/100\n|-damage|p1b: Landorus|68\/100\n|\n|upkeep\n|\n|t:|1739774829\n|switch|p2a: Ogerpon|Ogerpon-Hearthflame, L50, F|100\/100\n|-ability|p2a: Ogerpon|Mold Breaker\n|turn|2\n|\n|t:|1739774842\n|move|p1b: Landorus|Protect|p1b: Landorus\n|-singleturn|p1b: Landorus|Protect\n|move|p2a: Ogerpon|Horn Leech|p1b: Landorus\n|-activate|p1b: Landorus|move: Protect\n|move|p1a: Urshifu|Surging Strikes|p2a: Ogerpon\n|-crit|p2a: Ogerpon\n|-damage|p2a: Ogerpon|78\/100\n|-crit|p2a: Ogerpon\n|-damage|p2a: Ogerpon|54\/100\n|-crit|p2a: Ogerpon\n|-damage|p2a: Ogerpon|32\/100\n|-hitcount|p2a: Ogerpon|3\n|move|p2b: Calyrex|Glacial Lance|p1b: Landorus|[spread] p1a\n|-activate|p1b: Landorus|move: Protect\n|-resisted|p1a: Urshifu\n|-damage|p1a: Urshifu|52\/100\n|\n|upkeep\n|turn|3\n|\n|t:|1739774860\n|switch|p2a: Urshifu|Urshifu-Rapid-Strike, L50, M|100\/100\n|move|p1b: Landorus|Earth Power|p2a: Urshifu\n|-damage|p2a: Urshifu|38\/100\n|move|p1a: Urshifu|Surging Strikes|p2b: Calyrex\n|-crit|p2b: Calyrex\n|-damage|p2b: Calyrex|85\/100\n|-crit|p2b: Calyrex\n|-damage|p2b: Calyrex|68\/100\n|-crit|p2b: Calyrex\n|-damage|p2b: Calyrex|51\/100\n|-hitcount|p2b: Calyrex|3\n|move|p2b: Calyrex|Glacial Lance|p1a: Urshifu|[spread] p1a,p1b\n|-resisted|p1a: Urshifu\n|-resisted|p1b: Landorus\n|-damage|p1a: Urshifu|25\/100\n|-damage|p1b: Landorus|38\/100\n|\n|upkeep\n|turn|4\n|j| dragondrivevgc\n|\n|t:|1739774877\n|move|p1b: Landorus|Earth Power|p2b: Calyrex\n|-damage|p2b: Calyrex|20\/100\n|move|p2a: Urshifu|Surging Strikes|p1a: Urshifu\n|-resisted|p1a: Urshifu\n|-crit|p1a: Urshifu\n|-damage|p1a: Urshifu|15\/100\n|-resisted|p1a: Urshifu\n|-crit|p1a: Urshifu\n|-damage|p1a: Urshifu|4\/100\n|-resisted|p1a: Urshifu\n|-crit|p1a: Urshifu\n|-damage|p1a: Urshifu|0 fnt\n|faint|p1a: Urshifu\n|-hitcount|p1: Urshifu|3\n|move|p2b: Calyrex|Glacial Lance|p1b: Landorus\n|-resisted|p1b: Landorus\n|-damage|p1b: Landorus|0 fnt\n|faint|p1b: Landorus\n|-ability|p2b: Calyrex|Chilling Neigh|boost\n|-boost|p2b: Calyrex|atk|1\n|\n|upkeep\n|\n|t:|1739774883\n|switch|p1b: Calyrex|Calyrex-Ice, L50|100\/100\n|switch|p1a: Ogerpon|Ogerpon-Hearthflame, L50, F|100\/100\n|-ability|p1b: Calyrex|As One\n|-ability|p1b: Calyrex|Unnerve\n|-ability|p1a: Ogerpon|Mold Breaker\n|turn|5\n|j| Salvato1902V\n|inactive|AsukaHikaru has 30 seconds left.\n|\n|t:|1739774915\n|move|p2a: Urshifu|Detect|p2a: Urshifu\n|-singleturn|p2a: Urshifu|Protect\n|move|p1a: Ogerpon|Wood Hammer|p2b: Calyrex\n|-damage|p2b: Calyrex|0 fnt\n|faint|p2b: Calyrex\n|-damage|p1a: Ogerpon|93\/100|[from] Recoil\n|move|p1b: Calyrex|High Horsepower|p2a: Urshifu\n|-activate|p2a: Urshifu|move: Protect\n|\n|upkeep\n|\n|t:|1739774925\n|switch|p2b: Ogerpon|Ogerpon-Hearthflame, L50, F|32\/100\n|-ability|p2b: Ogerpon|Mold Breaker\n|turn|6\n|\n|t:|1739774934\n|-terastallize|p2a: Urshifu|Water\n|move|p1a: Ogerpon|Follow Me|p1a: Ogerpon\n|-singleturn|p1a: Ogerpon|move: Follow Me\n|move|p2b: Ogerpon|Follow Me|p2b: Ogerpon\n|-singleturn|p2b: Ogerpon|move: Follow Me\n|move|p2a: Urshifu|Surging Strikes|p1a: Ogerpon\n|-crit|p1a: Ogerpon\n|-damage|p1a: Ogerpon|61\/100\n|-crit|p1a: Ogerpon\n|-damage|p1a: Ogerpon|23\/100\n|-crit|p1a: Ogerpon\n|-damage|p1a: Ogerpon|0 fnt\n|faint|p1a: Ogerpon\n|-hitcount|p1: Ogerpon|3\n|move|p1b: Calyrex|Glacial Lance|p2a: Urshifu|[spread] p2a,p2b\n|-resisted|p2a: Urshifu\n|-damage|p2a: Urshifu|11\/100\n|-damage|p2b: Ogerpon|0 fnt\n|faint|p2b: Ogerpon\n|-ability|p1b: Calyrex|Chilling Neigh|boost\n|-boost|p1b: Calyrex|atk|1\n|\n|upkeep\n|turn|7\n|\n|t:|1739774951\n|move|p2a: Urshifu|Surging Strikes|p1b: Calyrex\n|-crit|p1b: Calyrex\n|-damage|p1b: Calyrex|81\/100\n|-crit|p1b: Calyrex\n|-damage|p1b: Calyrex|60\/100\n|-crit|p1b: Calyrex\n|-damage|p1b: Calyrex|37\/100\n|-hitcount|p1b: Calyrex|3\n|move|p1b: Calyrex|Glacial Lance|p2a: Urshifu\n|-resisted|p2a: Urshifu\n|-damage|p2a: Urshifu|0 fnt\n|faint|p2a: Urshifu\n|\n|win|eggplanetVGC\n|raw|eggplanetVGC's rating: 1583 &rarr; <strong>1602<\/strong><br \/>(+19 for winning)\n|raw|AsukaHikaru's rating: 1566 &rarr; <strong>1547<\/strong><br \/>(-19 for losing)\n|l|\u2606AsukaHikaru\n|player|p2|\n|l|\u2606eggplanetVGC\n|player|p1|\n|l| Salvato1902V\n","uploadtime":1739775189,"views":14,"formatid":"gen9vgc2025regg","rating":1547,"private":0,"password":null}