{"id":"gen9vgc2025regg-2302560065","format":"[Gen 9] VGC 2025 Reg G","players":["BLiiNDProdiigy","cela9"],"log":"|j|\u2606BLiiNDProdiigy\n|j|\u2606cela9\n|t:|1739813368\n|gametype|doubles\n|player|p1|BLiiNDProdiigy|rocketgrunt|1604\n|player|p2|cela9|265|1529\n|teamsize|p1|6\n|teamsize|p2|6\n|gen|9\n|tier|[Gen 9] VGC 2025 Reg G\n|rated|\n|rule|Species Clause: Limit one of each Pok\u00e9mon\n|rule|Item Clause: Limit 1 of each item\n|clearpoke\n|poke|p1|Terapagos, L50, M|\n|poke|p1|Incineroar, L50, F|\n|poke|p1|Rillaboom, L50, M|\n|poke|p1|Urshifu-*, L50, M|\n|poke|p1|Flutter Mane, L50|\n|poke|p1|Ogerpon-Hearthflame, L50, F|\n|poke|p2|Calyrex-Shadow, L50|\n|poke|p2|Mienshao, L50, F|\n|poke|p2|Rillaboom, L50, F|\n|poke|p2|Chi-Yu, L50|\n|poke|p2|Flutter Mane, L50|\n|poke|p2|Suicune, L50|\n|teampreview|4\n|inactive|Battle timer is ON: inactive players will automatically lose when time's up. (requested by cela9)\n|\n|t:|1739813385\n|start\n|switch|p1a: Terapagos|Terapagos, L50, M|100\/100\n|switch|p1b: Incineroar|Incineroar, L50, F|100\/100\n|switch|p2a: Suicune|Suicune, L50|100\/100\n|switch|p2b: Flutter Mane|Flutter Mane, L50|100\/100\n|-activate|p1a: Terapagos|ability: Tera Shift\n|detailschange|p1a: Terapagos|Terapagos-Terastal, L50, M\n|-heal|p1a: Terapagos|100\/100|[silent]\n|-ability|p1b: Incineroar|Intimidate|boost\n|-fail|p2a: Suicune|unboost|Attack|[from] ability: Inner Focus|[of] p2a: Suicune\n|-unboost|p2b: Flutter Mane|atk|1\n|-enditem|p2b: Flutter Mane|Booster Energy\n|-activate|p2b: Flutter Mane|ability: Protosynthesis|[fromitem]\n|-start|p2b: Flutter Mane|protosynthesisspe\n|turn|1\n|\n|t:|1739813395\n|move|p2b: Flutter Mane|Icy Wind|p1a: Terapagos|[spread] p1b\n|-miss|p2b: Flutter Mane|p1a: Terapagos\n|-resisted|p1b: Incineroar\n|-damage|p1b: Incineroar|96\/100\n|-unboost|p1b: Incineroar|spe|1\n|move|p1a: Terapagos|Calm Mind|p1a: Terapagos\n|-boost|p1a: Terapagos|spa|1\n|-boost|p1a: Terapagos|spd|1\n|move|p1b: Incineroar|Parting Shot|p2b: Flutter Mane\n|-unboost|p2b: Flutter Mane|atk|1\n|-unboost|p2b: Flutter Mane|spa|1\n|\n|t:|1739813406\n|switch|p1b: Ogerpon|Ogerpon-Hearthflame, L50, F|100\/100|[from] Parting Shot\n|-ability|p1b: Ogerpon|Mold Breaker\n|move|p2a: Suicune|Roar|p1a: Terapagos\n|drag|p1a: Flutter Mane|Flutter Mane, L50|100\/100\n|-enditem|p1a: Flutter Mane|Booster Energy\n|-activate|p1a: Flutter Mane|ability: Protosynthesis|[fromitem]\n|-start|p1a: Flutter Mane|protosynthesisspe\n|\n|upkeep\n|turn|2\n|\n|t:|1739813420\n|move|p1a: Flutter Mane|Protect|p1a: Flutter Mane\n|-singleturn|p1a: Flutter Mane|Protect\n|move|p2b: Flutter Mane|Thunder Wave|p1b: Ogerpon\n|-status|p1b: Ogerpon|par\n|move|p2a: Suicune|Tailwind|p2a: Suicune\n|-sidestart|p2: cela9|move: Tailwind\n|move|p1b: Ogerpon|Ivy Cudgel|p2b: Flutter Mane|[anim] Ivy Cudgel Fire\n|-damage|p2b: Flutter Mane|20\/100\n|\n|upkeep\n|turn|3\n|\n|t:|1739813432\n|move|p1b: Ogerpon|Follow Me|p1b: Ogerpon\n|-singleturn|p1b: Ogerpon|move: Follow Me\n|move|p2b: Flutter Mane|Thunder Wave|p1b: Ogerpon\n|-fail|p1b: Ogerpon|par\n|move|p1a: Flutter Mane|Moonblast|p2b: Flutter Mane\n|-damage|p2b: Flutter Mane|0 fnt\n|faint|p2b: Flutter Mane\n|-end|p2b: Flutter Mane|Protosynthesis|[silent]\n|move|p2a: Suicune|Icy Wind|p1a: Flutter Mane|[spread] p1a,p1b\n|-damage|p1a: Flutter Mane|92\/100\n|-damage|p1b: Ogerpon|92\/100 par\n|-unboost|p1a: Flutter Mane|spe|1\n|-unboost|p1b: Ogerpon|spe|1\n|\n|upkeep\n|\n|t:|1739813441\n|switch|p2b: Calyrex|Calyrex-Shadow, L50|100\/100\n|-ability|p2b: Calyrex|As One\n|-ability|p2b: Calyrex|Unnerve\n|turn|4\n|\n|t:|1739813447\n|-end|p1a: Flutter Mane|Protosynthesis|[silent]\n|switch|p1a: Incineroar|Incineroar, L50, F|96\/100\n|-ability|p1a: Incineroar|Intimidate|boost\n|-fail|p2a: Suicune|unboost|Attack|[from] ability: Inner Focus|[of] p2a: Suicune\n|-fail|p2b: Calyrex|unboost|[from] item: Clear Amulet|[of] p2b: Calyrex\n|-terastallize|p2b: Calyrex|Fairy\n|move|p2b: Calyrex|Astral Barrage|p1b: Ogerpon|[spread] p1a,p1b\n|-resisted|p1a: Incineroar\n|-damage|p1a: Incineroar|73\/100\n|-damage|p1b: Ogerpon|44\/100 par\n|move|p2a: Suicune|Scald|p1b: Ogerpon\n|-damage|p1b: Ogerpon|18\/100 par\n|move|p1b: Ogerpon|Wood Hammer|p2a: Suicune\n|-supereffective|p2a: Suicune\n|-damage|p2a: Suicune|8\/100\n|-damage|p1b: Ogerpon|0 fnt|[from] Recoil\n|faint|p1b: Ogerpon\n|\n|upkeep\n|\n|t:|1739813450\n|switch|p1b: Terapagos|Terapagos-Terastal, L50, M|100\/100\n|turn|5\n|\n|t:|1739813464\n|move|p2b: Calyrex|Calm Mind|p2b: Calyrex\n|-boost|p2b: Calyrex|spa|1\n|-boost|p2b: Calyrex|spd|1\n|move|p2a: Suicune|Scald|p1a: Incineroar\n|-supereffective|p1a: Incineroar\n|-damage|p1a: Incineroar|24\/100\n|move|p1b: Terapagos|Calm Mind|p1b: Terapagos\n|-boost|p1b: Terapagos|spa|1\n|-boost|p1b: Terapagos|spd|1\n|move|p1a: Incineroar|Knock Off|p2a: Suicune\n|-damage|p2a: Suicune|0 fnt\n|-enditem|p2a: Suicune|Safety Goggles|[from] move: Knock Off|[of] p1a: Incineroar\n|faint|p2a: Suicune\n|\n|-sideend|p2: cela9|move: Tailwind\n|upkeep\n|\n|t:|1739813471\n|switch|p2a: Mienshao|Mienshao, L50, F|100\/100\n|turn|6\n|\n|t:|1739813489\n|move|p1b: Terapagos|Protect|p1b: Terapagos\n|-singleturn|p1b: Terapagos|Protect\n|move|p2a: Mienshao|Fake Out|p1b: Terapagos\n|-activate|p1b: Terapagos|move: Protect\n|move|p2b: Calyrex|Draining Kiss|p1a: Incineroar\n|-damage|p1a: Incineroar|0 fnt\n|-damage|p2b: Calyrex|84\/100|[from] item: Rocky Helmet|[of] p1a: Incineroar\n|faint|p1a: Incineroar\n|-ability|p2b: Calyrex|Grim Neigh|boost\n|-boost|p2b: Calyrex|spa|1\n|\n|upkeep\n|\n|t:|1739813490\n|switch|p1a: Flutter Mane|Flutter Mane, L50|92\/100\n|turn|7\n|\n|t:|1739813502\n|-terastallize|p1a: Flutter Mane|Fairy\n|move|p2a: Mienshao|Wide Guard|p2a: Mienshao\n|-singleturn|p2a: Mienshao|Wide Guard\n|move|p2b: Calyrex|Astral Barrage|p1b: Terapagos|[spread] p1a\n|-immune|p1b: Terapagos\n|-damage|p1a: Flutter Mane|1\/100\n|move|p1a: Flutter Mane|Thunder Wave|p2b: Calyrex\n|-status|p2b: Calyrex|par\n|move|p1b: Terapagos|Tera Starstorm|p2b: Calyrex\n|-damage|p2b: Calyrex|28\/100 par\n|\n|upkeep\n|turn|8\n|\n|t:|1739813519\n|move|p2b: Calyrex|Protect|p2b: Calyrex\n|-singleturn|p2b: Calyrex|Protect\n|move|p2a: Mienshao|Feint|p1a: Flutter Mane\n|-damage|p1a: Flutter Mane|0 fnt\n|faint|p1a: Flutter Mane\n|-end|p1a: Flutter Mane|Protosynthesis|[silent]\n|move|p1b: Terapagos|Tera Starstorm|p2b: Calyrex\n|-activate|p2b: Calyrex|move: Protect\n|\n|upkeep\n|turn|9\n|\n|t:|1739813530\n|move|p2a: Mienshao|Close Combat|p1b: Terapagos\n|-activate|p1b: Terapagos|ability: Tera Shell\n|-resisted|p1b: Terapagos\n|-damage|p1b: Terapagos|75\/100\n|-unboost|p2a: Mienshao|def|1\n|-unboost|p2a: Mienshao|spd|1\n|move|p1b: Terapagos|Tera Starstorm|p2b: Calyrex\n|-damage|p2b: Calyrex|0 fnt\n|faint|p2b: Calyrex\n|\n|-heal|p1b: Terapagos|81\/100|[from] item: Leftovers\n|upkeep\n|turn|10\n|\n|t:|1739813534\n|move|p1b: Terapagos|Protect|p1b: Terapagos\n|-singleturn|p1b: Terapagos|Protect\n|move|p2a: Mienshao|Close Combat|p1b: Terapagos\n|-activate|p1b: Terapagos|move: Protect\n|\n|-heal|p1b: Terapagos|87\/100|[from] item: Leftovers\n|upkeep\n|turn|11\n|\n|t:|1739813539\n|move|p2a: Mienshao|Close Combat|p1b: Terapagos\n|-supereffective|p1b: Terapagos\n|-damage|p1b: Terapagos|0 fnt\n|-unboost|p2a: Mienshao|def|1\n|-unboost|p2a: Mienshao|spd|1\n|faint|p1b: Terapagos\n|\n|win|cela9\n|raw|BLiiNDProdiigy's rating: 1604 &rarr; <strong>1580<\/strong><br \/>(-24 for losing)\n|raw|cela9's rating: 1529 &rarr; <strong>1553<\/strong><br \/>(+24 for winning)\n|l|\u2606BLiiNDProdiigy\n|player|p1|\n|l|\u2606cela9\n|player|p2|\n","uploadtime":1739813684,"views":8,"formatid":"gen9vgc2025regg","rating":1553,"private":0,"password":null}