{"id":"gen9vgc2025regg-2303165177","format":"[Gen 9] VGC 2025 Reg G","players":["GreaterBalrogCat","Lechonkbro"],"log":"|j|\u2606GreaterBalrogCat\n|j|\u2606Lechonkbro\n|t:|1739894012\n|gametype|doubles\n|player|p1|GreaterBalrogCat|sabrina|1555\n|player|p2|Lechonkbro|ghetsis-gen5bw|1610\n|teamsize|p1|6\n|teamsize|p2|6\n|gen|9\n|tier|[Gen 9] VGC 2025 Reg G\n|rated|\n|rule|Species Clause: Limit one of each Pok\u00e9mon\n|rule|Item Clause: Limit 1 of each item\n|clearpoke\n|poke|p1|Calyrex-Shadow, L50|\n|poke|p1|Smeargle, L50, M|\n|poke|p1|Tornadus, L50, M|\n|poke|p1|Incineroar, L50, M|\n|poke|p1|Iron Bundle, L50|\n|poke|p1|Rillaboom, L50, F|\n|poke|p2|Miraidon, L50|\n|poke|p2|Incineroar, L50, F|\n|poke|p2|Oranguru, L50, M|\n|poke|p2|Clefairy, L50, M|\n|poke|p2|Baxcalibur, L50, M|\n|poke|p2|Whimsicott, L50, F|\n|teampreview|4\n|inactive|Battle timer is ON: inactive players will automatically lose when time's up. (requested by Lechonkbro)\n|inactive|GreaterBalrogCat has 60 seconds left.\n|\n|t:|1739894054\n|start\n|switch|p1a: Tornadus|Tornadus, L50, M|100\/100\n|switch|p1b: Rillaboom|Rillaboom, L50, F|100\/100\n|switch|p2a: Miraidon|Miraidon, L50|100\/100\n|switch|p2b: Oranguru|Oranguru, L50, M|100\/100\n|-fieldstart|move: Electric Terrain|[from] ability: Hadron Engine|[of] p2a: Miraidon\n|-enditem|p2a: Miraidon|Electric Seed\n|-boost|p2a: Miraidon|def|1|[from] item: Electric Seed\n|-activate|p2b: Oranguru|ability: Symbiosis|Covert Cloak|[of] p2a: Miraidon\n|-fieldstart|move: Grassy Terrain|[from] ability: Grassy Surge|[of] p1b: Rillaboom\n|turn|1\n|inactive|GreaterBalrogCat has 30 seconds left.\n|\n|t:|1739894087\n|-terastallize|p1a: Tornadus|Ground\n|move|p2a: Miraidon|Calm Mind|p2a: Miraidon\n|-boost|p2a: Miraidon|spa|1\n|-boost|p2a: Miraidon|spd|1\n|move|p1a: Tornadus|Bleakwind Storm|p2a: Miraidon|[spread] p2a,p2b\n|-resisted|p2a: Miraidon\n|-crit|p2b: Oranguru\n|-damage|p2a: Miraidon|90\/100\n|-damage|p2b: Oranguru|52\/100\n|move|p1b: Rillaboom|Wood Hammer|p2a: Miraidon\n|-resisted|p2a: Miraidon\n|-damage|p2a: Miraidon|65\/100\n|-damage|p1b: Rillaboom|92\/100|[from] Recoil\n|move|p2b: Oranguru|Instruct|p2a: Miraidon\n|-singleturn|p2a: Miraidon|move: Instruct|[of] p2b: Oranguru\n|move|p2a: Miraidon|Calm Mind|p2a: Miraidon\n|-boost|p2a: Miraidon|spa|1\n|-boost|p2a: Miraidon|spd|1\n|\n|-heal|p2a: Miraidon|71\/100|[from] Grassy Terrain\n|-heal|p1b: Rillaboom|98\/100|[from] Grassy Terrain\n|-heal|p2b: Oranguru|58\/100|[from] Grassy Terrain\n|upkeep\n|turn|2\n|j| paradoxguardiola\n|inactive|GreaterBalrogCat has 30 seconds left.\n|inactive|Lechonkbro has 30 seconds left.\n|\n|t:|1739894115\n|move|p1a: Tornadus|Taunt|p2a: Miraidon\n|-start|p2a: Miraidon|move: Taunt\n|move|p2a: Miraidon|Dragon Pulse|p1a: Tornadus\n|-damage|p1a: Tornadus|0 fnt\n|faint|p1a: Tornadus\n|move|p1b: Rillaboom|U-turn|p2b: Oranguru\n|-supereffective|p2b: Oranguru\n|-damage|p2b: Oranguru|13\/100\n|\n|t:|1739894130\n|switch|p1b: Iron Bundle|Iron Bundle, L50|100\/100|[from] U-turn\n|-enditem|p1b: Iron Bundle|Booster Energy\n|-activate|p1b: Iron Bundle|ability: Quark Drive|[fromitem]\n|-start|p1b: Iron Bundle|quarkdrivespe\n|move|p2b: Oranguru|Instruct|p2a: Miraidon\n|-singleturn|p2a: Miraidon|move: Instruct|[of] p2b: Oranguru\n|move|p2a: Miraidon|Dragon Pulse|p1b: Iron Bundle\n|-damage|p1b: Iron Bundle|0 fnt\n|faint|p1b: Iron Bundle\n|-end|p1b: Iron Bundle|Quark Drive|[silent]\n|\n|-heal|p2a: Miraidon|77\/100|[from] Grassy Terrain\n|-heal|p2b: Oranguru|19\/100|[from] Grassy Terrain\n|upkeep\n|\n|t:|1739894143\n|switch|p1b: Rillaboom|Rillaboom, L50, F|98\/100\n|switch|p1a: Calyrex|Calyrex-Shadow, L50|100\/100\n|-ability|p1a: Calyrex|As One\n|-ability|p1a: Calyrex|Unnerve\n|turn|3\n|j| Easy180\n|\n|t:|1739894166\n|move|p1b: Rillaboom|Fake Out|p2a: Miraidon\n|-damage|p2a: Miraidon|68\/100\n|move|p1a: Calyrex|Nasty Plot|p1a: Calyrex\n|-boost|p1a: Calyrex|spa|2\n|move|p2a: Miraidon|Parabolic Charge|p1b: Rillaboom|[spread] p2b,p1a,p1b\n|-resisted|p1b: Rillaboom\n|-damage|p2b: Oranguru|0 fnt\n|-heal|p2a: Miraidon|77\/100|[from] drain|[of] p2b: Oranguru\n|-damage|p1a: Calyrex|47\/100\n|-heal|p2a: Miraidon|100\/100|[from] drain|[of] p1a: Calyrex\n|-damage|p1b: Rillaboom|78\/100\n|faint|p2b: Oranguru\n|\n|-heal|p1a: Calyrex|53\/100|[from] Grassy Terrain\n|-heal|p1b: Rillaboom|84\/100|[from] Grassy Terrain\n|upkeep\n|\n|t:|1739894186\n|switch|p2b: Whimsicott|Whimsicott, L50, F|100\/100\n|turn|4\n|\n|t:|1739894206\n|move|p2b: Whimsicott|Protect|p2b: Whimsicott\n|-singleturn|p2b: Whimsicott|Protect\n|move|p1a: Calyrex|Astral Barrage|p2a: Miraidon|[spread] p2a\n|-activate|p2b: Whimsicott|move: Protect\n|-damage|p2a: Miraidon|54\/100\n|move|p2a: Miraidon|Parabolic Charge|p1a: Calyrex|[spread] p1a,p1b\n|-activate|p2b: Whimsicott|move: Protect\n|-resisted|p1b: Rillaboom\n|-damage|p1a: Calyrex|6\/100\n|-heal|p2a: Miraidon|74\/100|[from] drain|[of] p1a: Calyrex\n|-damage|p1b: Rillaboom|65\/100\n|-heal|p2a: Miraidon|84\/100|[from] drain|[of] p1b: Rillaboom\n|move|p1b: Rillaboom|High Horsepower|p2a: Miraidon\n|-supereffective|p2a: Miraidon\n|-damage|p2a: Miraidon|43\/100\n|\n|-heal|p1a: Calyrex|12\/100|[from] Grassy Terrain\n|-heal|p2a: Miraidon|49\/100|[from] Grassy Terrain\n|-heal|p1b: Rillaboom|70\/100|[from] Grassy Terrain\n|-end|p2a: Miraidon|move: Taunt\n|upkeep\n|turn|5\n|l| Easy180\n|j| Easy180\n|inactive|Lechonkbro has 30 seconds left.\n|\n|t:|1739894233\n|move|p2b: Whimsicott|Tailwind|p2b: Whimsicott\n|-sidestart|p2: Lechonkbro|move: Tailwind\n|move|p2a: Miraidon|Parabolic Charge|p1b: Rillaboom|[spread] p2b,p1a,p1b\n|-resisted|p2b: Whimsicott\n|-resisted|p1b: Rillaboom\n|-damage|p2b: Whimsicott|63\/100\n|-heal|p2a: Miraidon|62\/100|[from] drain|[of] p2b: Whimsicott\n|-damage|p1a: Calyrex|0 fnt\n|-heal|p2a: Miraidon|67\/100|[from] drain|[of] p1a: Calyrex\n|-damage|p1b: Rillaboom|52\/100\n|-heal|p2a: Miraidon|77\/100|[from] drain|[of] p1b: Rillaboom\n|faint|p1a: Calyrex\n|move|p1b: Rillaboom|High Horsepower|p2b: Whimsicott\n|-resisted|p2b: Whimsicott\n|-damage|p2b: Whimsicott|38\/100\n|\n|-heal|p2b: Whimsicott|43\/100|[from] Grassy Terrain\n|-heal|p2a: Miraidon|83\/100|[from] Grassy Terrain\n|-heal|p1b: Rillaboom|58\/100|[from] Grassy Terrain\n|-fieldend|move: Grassy Terrain\n|upkeep\n|turn|6\n|-message|GreaterBalrogCat forfeited.\n|\n|win|Lechonkbro\n|raw|GreaterBalrogCat's rating: 1555 &rarr; <strong>1538<\/strong><br \/>(-17 for losing)\n|raw|Lechonkbro's rating: 1610 &rarr; <strong>1627<\/strong><br \/>(+17 for winning)\n|l|\u2606GreaterBalrogCat\n|player|p1|\n|l|\u2606Lechonkbro\n|player|p2|\n|l| paradoxguardiola\n|l| Easy180\n","uploadtime":1739894413,"views":5,"formatid":"gen9vgc2025regg","rating":1538,"private":0,"password":null}