{"id":"gen9vgc2025regg-2303709272","format":"[Gen 9] VGC 2025 Reg G","players":["sturbyy","snipedrone"],"log":"|j|\u2606sturbyy\n|j|\u2606snipedrone\n|t:|1739964765\n|gametype|doubles\n|player|p1|sturbyy|265|1552\n|player|p2|snipedrone|265|1620\n|teamsize|p1|6\n|teamsize|p2|6\n|gen|9\n|tier|[Gen 9] VGC 2025 Reg G\n|rated|\n|rule|Species Clause: Limit one of each Pok\u00e9mon\n|rule|Item Clause: Limit 1 of each item\n|clearpoke\n|poke|p1|Calyrex-Ice, L50|\n|poke|p1|Incineroar, L50, F|\n|poke|p1|Urshifu-*, L50, F|\n|poke|p1|Raging Bolt, L50|\n|poke|p1|Landorus, L50, M|\n|poke|p1|Pelipper, L50, M|\n|poke|p2|Groudon, L50|\n|poke|p2|Jumpluff, L50, M|\n|poke|p2|Flutter Mane, L50|\n|poke|p2|Raging Bolt, L50|\n|poke|p2|Urshifu-*, L50, M|\n|poke|p2|Whimsicott, L50, M|\n|teampreview|4\n|\n|t:|1739964794\n|start\n|switch|p1a: Calyrex|Calyrex-Ice, L50|100\/100\n|switch|p1b: Incineroar|Incineroar, L50, F, shiny|100\/100\n|switch|p2a: Groudon|Groudon, L50, shiny|100\/100\n|switch|p2b: Jumpluff|Jumpluff, L50, M, shiny|100\/100\n|-ability|p1a: Calyrex|As One\n|-ability|p1a: Calyrex|Unnerve\n|-weather|SunnyDay|[from] ability: Drought|[of] p2a: Groudon\n|-ability|p1b: Incineroar|Intimidate|boost\n|-unboost|p2a: Groudon|atk|1\n|-unboost|p2b: Jumpluff|atk|1\n|turn|1\n|\n|t:|1739964812\n|switch|p1b: Pelipper|Pelipper, L50, M|100\/100\n|-weather|RainDance|[from] ability: Drizzle|[of] p1b: Pelipper\n|-terastallize|p2a: Groudon|Fire\n|move|p1a: Calyrex|Protect|p1a: Calyrex\n|-singleturn|p1a: Calyrex|Protect\n|move|p2b: Jumpluff|Sleep Powder|p1a: Calyrex\n|-activate|p1a: Calyrex|move: Protect\n|move|p2a: Groudon|Eruption|p1b: Pelipper|[spread] p1b\n|-activate|p1a: Calyrex|move: Protect\n|-resisted|p1b: Pelipper\n|-damage|p1b: Pelipper|77\/100\n|\n|-weather|RainDance|[upkeep]\n|upkeep\n|turn|2\n|\n|t:|1739964835\n|switch|p2a: Raging Bolt|Raging Bolt, L50|100\/100\n|switch|p1a: Incineroar|Incineroar, L50, F, shiny|100\/100\n|-ability|p1a: Incineroar|Intimidate|boost\n|-unboost|p2a: Raging Bolt|atk|1\n|-unboost|p2b: Jumpluff|atk|1\n|move|p2b: Jumpluff|Sleep Powder|p1a: Incineroar\n|-activate|p1a: Incineroar|item: Safety Goggles|Sleep Powder\n|move|p1b: Pelipper|Hurricane|p2b: Jumpluff\n|-supereffective|p2b: Jumpluff\n|-damage|p2b: Jumpluff|20\/100\n|\n|-weather|RainDance|[upkeep]\n|upkeep\n|turn|3\n|\n|t:|1739964855\n|move|p1b: Pelipper|Protect|p1b: Pelipper\n|-singleturn|p1b: Pelipper|Protect\n|move|p2b: Jumpluff|Tailwind|p2b: Jumpluff\n|-sidestart|p2: snipedrone|move: Tailwind\n|move|p2a: Raging Bolt|Draco Meteor|p1b: Pelipper\n|-activate|p1b: Pelipper|move: Protect\n|move|p1a: Incineroar|Knock Off|p2b: Jumpluff\n|-damage|p2b: Jumpluff|0 fnt\n|-enditem|p2b: Jumpluff|Covert Cloak|[from] move: Knock Off|[of] p1a: Incineroar\n|faint|p2b: Jumpluff\n|\n|-weather|RainDance|[upkeep]\n|upkeep\n|j| Kal0stest\n|\n|t:|1739964873\n|switch|p2b: Groudon|Groudon, L50, shiny, tera:Fire|100\/100\n|-weather|SunnyDay|[from] ability: Drought|[of] p2b: Groudon\n|-activate|p2a: Raging Bolt|ability: Protosynthesis\n|-start|p2a: Raging Bolt|protosynthesisspa\n|turn|4\n|\n|t:|1739964893\n|switch|p1b: Urshifu|Urshifu-Rapid-Strike, L50, F|100\/100\n|move|p2a: Raging Bolt|Thunderbolt|p1a: Incineroar\n|-damage|p1a: Incineroar|23\/100\n|-damage|p2a: Raging Bolt|91\/100|[from] item: Life Orb\n|move|p2b: Groudon|Eruption|p1a: Incineroar|[spread] p1a,p1b\n|-resisted|p1a: Incineroar\n|-resisted|p1b: Urshifu\n|-damage|p1a: Incineroar|0 fnt\n|-damage|p1b: Urshifu|14\/100\n|faint|p1a: Incineroar\n|\n|-weather|SunnyDay|[upkeep]\n|upkeep\n|\n|t:|1739964907\n|switch|p1a: Calyrex|Calyrex-Ice, L50|100\/100\n|-ability|p1a: Calyrex|As One\n|-ability|p1a: Calyrex|Unnerve\n|turn|5\n|\n|t:|1739964921\n|move|p1b: Urshifu|Protect|p1b: Urshifu\n|-singleturn|p1b: Urshifu|Protect\n|move|p2a: Raging Bolt|Thunderbolt|p1a: Calyrex\n|-damage|p1a: Calyrex|42\/100\n|-damage|p2a: Raging Bolt|81\/100|[from] item: Life Orb\n|move|p2b: Groudon|Eruption|p1a: Calyrex|[spread] p1a\n|-activate|p1b: Urshifu|move: Protect\n|-supereffective|p1a: Calyrex\n|-damage|p1a: Calyrex|0 fnt\n|faint|p1a: Calyrex\n|\n|-weather|SunnyDay|[upkeep]\n|upkeep\n|-message|sturbyy forfeited.\n|\n|win|snipedrone\n|raw|sturbyy's rating: 1552 &rarr; <strong>1536<\/strong><br \/>(-16 for losing)\n|raw|snipedrone's rating: 1620 &rarr; <strong>1636<\/strong><br \/>(+16 for winning)\n|l|\u2606sturbyy\n|player|p1|\n|l|\u2606snipedrone\n|player|p2|\n|l| Kal0stest\n","uploadtime":1739965202,"views":5,"formatid":"gen9vgc2025regg","rating":1536,"private":0,"password":null}