{"id":"gen9vgc2025regg-2303055102","format":"[Gen 9] VGC 2025 Reg G","players":["pentagonSG","Mildly Displeased"],"log":"|j|\u2606pentagonSG\n|j|\u2606Mildly Displeased\n|t:|1739880856\n|gametype|doubles\n|player|p1|pentagonSG|102|1633\n|player|p2|Mildly Displeased|lillie|1549\n|teamsize|p1|6\n|teamsize|p2|6\n|gen|9\n|tier|[Gen 9] VGC 2025 Reg G\n|rated|\n|rule|Species Clause: Limit one of each Pok\u00e9mon\n|rule|Item Clause: Limit 1 of each item\n|clearpoke\n|poke|p1|Volcarona, L50, M|\n|poke|p1|Miraidon, L50|\n|poke|p1|Grimmsnarl, L50, M|\n|poke|p1|Okidogi, L50, M|\n|poke|p1|Iron Hands, L50|\n|poke|p1|Dusclops, L50, F|\n|poke|p2|Primarina, L50, M|\n|poke|p2|Talonflame, L50, F|\n|poke|p2|Zamazenta-*, L50|\n|poke|p2|Rillaboom, L50, M|\n|poke|p2|Chien-Pao, L50|\n|poke|p2|Ting-Lu, L50|\n|teampreview|4\n|inactive|Battle timer is ON: inactive players will automatically lose when time's up. (requested by Mildly Displeased)\n|j| bluestraggler01\n|inactive|Mildly Displeased has 60 seconds left.\n|\n|t:|1739880887\n|start\n|switch|p1a: Miraidon|Miraidon, L50|100\/100\n|switch|p1b: Grimmsnarl|Grimmsnarl, L50, M|100\/100\n|switch|p2a: Phoenix|Talonflame, L50, F, shiny|100\/100\n|switch|p2b: Knotweed|Rillaboom, L50, M, shiny|100\/100\n|-fieldstart|move: Electric Terrain|[from] ability: Hadron Engine|[of] p1a: Miraidon\n|-fieldstart|move: Grassy Terrain|[from] ability: Grassy Surge|[of] p2b: Knotweed\n|turn|1\n|\n|t:|1739880903\n|move|p2b: Knotweed|Fake Out|p1a: Miraidon\n|-crit|p1a: Miraidon\n|-damage|p1a: Miraidon|68\/100\n|-damage|p2b: Knotweed|91\/100|[from] item: Life Orb\n|move|p2a: Phoenix|Tailwind|p2a: Phoenix\n|-sidestart|p2: Mildly Displeased|move: Tailwind\n|move|p1b: Grimmsnarl|Reflect|p1b: Grimmsnarl\n|-sidestart|p1: pentagonSG|Reflect\n|cant|p1a: Miraidon|flinch\n|\n|-heal|p2b: Knotweed|97\/100|[from] Grassy Terrain\n|-heal|p1a: Miraidon|74\/100|[from] Grassy Terrain\n|upkeep\n|turn|2\n|\n|t:|1739880921\n|move|p1b: Grimmsnarl|Thunder Wave|p2b: Knotweed\n|-status|p2b: Knotweed|par\n|move|p2a: Phoenix|Taunt|p1b: Grimmsnarl\n|-start|p1b: Grimmsnarl|move: Taunt\n|move|p1a: Miraidon|Volt Switch|p2a: Phoenix\n|-supereffective|p2a: Phoenix\n|-damage|p2a: Phoenix|0 fnt\n|faint|p2a: Phoenix\n|\n|t:|1739880932\n|switch|p1a: Volcarona|Volcarona, L50, M|100\/100|[from] Volt Switch\n|move|p2b: Knotweed|High Horsepower|p1a: Volcarona\n|-crit|p1a: Volcarona\n|-damage|p1a: Volcarona|8\/100\n|-damage|p2b: Knotweed|87\/100 par|[from] item: Life Orb\n|\n|-heal|p1a: Volcarona|14\/100|[from] Grassy Terrain\n|-heal|p2b: Knotweed|93\/100 par|[from] Grassy Terrain\n|upkeep\n|\n|t:|1739880940\n|switch|p2a: Pippin|Zamazenta-Crowned, L50|100\/100\n|-ability|p2a: Pippin|Dauntless Shield|boost\n|-boost|p2a: Pippin|def|1\n|turn|3\n|\n|t:|1739880956\n|switch|p1b: Miraidon|Miraidon, L50|74\/100\n|-fieldstart|move: Electric Terrain|[from] ability: Hadron Engine|[of] p1b: Miraidon\n|-enditem|p1a: Volcarona|Electric Seed\n|-boost|p1a: Volcarona|def|1|[from] item: Electric Seed\n|move|p1a: Volcarona|Protect|p1a: Volcarona\n|-singleturn|p1a: Volcarona|Protect\n|move|p2a: Pippin|Heavy Slam|p1b: Miraidon\n|-resisted|p1b: Miraidon\n|-damage|p1b: Miraidon|62\/100\n|move|p2b: Knotweed|High Horsepower|p1a: Volcarona\n|-activate|p1a: Volcarona|move: Protect\n|\n|upkeep\n|turn|4\n|inactive|pentagonSG has 30 seconds left.\n|\n|t:|1739880984\n|move|p2a: Pippin|Body Press|p1b: Miraidon\n|-damage|p1b: Miraidon|17\/100\n|move|p1b: Miraidon|Electro Drift|p2a: Pippin\n|-damage|p2a: Pippin|3\/100\n|move|p1a: Volcarona|Heat Wave|p2a: Pippin|[spread] p2a,p2b\n|-supereffective|p2a: Pippin\n|-supereffective|p2b: Knotweed\n|-damage|p2a: Pippin|0 fnt\n|-damage|p2b: Knotweed|3\/100 par\n|faint|p2a: Pippin\n|move|p2b: Knotweed|High Horsepower|p1b: Miraidon\n|-supereffective|p1b: Miraidon\n|-damage|p1b: Miraidon|0 fnt\n|faint|p1b: Miraidon\n|-damage|p2b: Knotweed|0 fnt|[from] item: Life Orb\n|faint|p2b: Knotweed\n|\n|-sideend|p2: Mildly Displeased|move: Tailwind\n|upkeep\n|\n|t:|1739881004\n|switch|p1b: Grimmsnarl|Grimmsnarl, L50, M|100\/100\n|switch|p2b: Bowl Cut|Ting-Lu, L50|100\/100\n|-ability|p2b: Bowl Cut|Vessel of Ruin\n|turn|5\n|\n|t:|1739881025\n|-terastallize|p1a: Volcarona|Grass\n|-terastallize|p2b: Bowl Cut|Poison\n|move|p1a: Volcarona|Giga Drain|p2b: Bowl Cut\n|-resisted|p2b: Bowl Cut\n|-damage|p2b: Bowl Cut|94\/100\n|-heal|p1a: Volcarona|18\/100|[from] drain|[of] p2b: Bowl Cut\n|move|p1b: Grimmsnarl|Spirit Break|p2b: Bowl Cut\n|-resisted|p2b: Bowl Cut\n|-damage|p2b: Bowl Cut|85\/100\n|-unboost|p2b: Bowl Cut|spa|1\n|move|p2b: Bowl Cut|Ruination|p1b: Grimmsnarl\n|-damage|p1b: Grimmsnarl|50\/100\n|\n|upkeep\n|turn|6\n|\n|t:|1739881046\n|move|p1b: Grimmsnarl|Thunder Wave|p2b: Bowl Cut\n|-status|p2b: Bowl Cut|par\n|move|p1a: Volcarona|Heat Wave|p2b: Bowl Cut\n|-damage|p2b: Bowl Cut|69\/100 par\n|move|p2b: Bowl Cut|Heavy Slam|p1b: Grimmsnarl\n|-supereffective|p1b: Grimmsnarl\n|-damage|p1b: Grimmsnarl|0 fnt\n|faint|p1b: Grimmsnarl\n|\n|upkeep\n|\n|t:|1739881057\n|switch|p1b: Okidogi|Okidogi, L50, M|100\/100\n|turn|7\n|\n|t:|1739881068\n|move|p1a: Volcarona|Quiver Dance|p1a: Volcarona\n|-boost|p1a: Volcarona|spa|1\n|-boost|p1a: Volcarona|spd|1\n|-boost|p1a: Volcarona|spe|1\n|move|p1b: Okidogi|Knock Off|p2b: Bowl Cut\n|-damage|p2b: Bowl Cut|50\/100 par\n|-enditem|p2b: Bowl Cut|Assault Vest|[from] move: Knock Off|[of] p1b: Okidogi\n|move|p2b: Bowl Cut|Ruination|p1b: Okidogi|[miss]\n|-miss|p2b: Bowl Cut|p1b: Okidogi\n|\n|-fieldend|move: Electric Terrain\n|upkeep\n|turn|8\n|\n|t:|1739881084\n|move|p1a: Volcarona|Heat Wave|p2b: Bowl Cut\n|-damage|p2b: Bowl Cut|16\/100 par\n|move|p1b: Okidogi|Psychic Fangs|p2b: Bowl Cut\n|-supereffective|p2b: Bowl Cut\n|-damage|p2b: Bowl Cut|0 fnt\n|faint|p2b: Bowl Cut\n|\n|win|pentagonSG\n|raw|pentagonSG's rating: 1633 &rarr; <strong>1648<\/strong><br \/>(+15 for winning)\n|raw|Mildly Displeased's rating: 1549 &rarr; <strong>1534<\/strong><br \/>(-15 for losing)\n|l|\u2606Mildly Displeased\n|player|p2|\n|l|\u2606pentagonSG\n|player|p1|\n","uploadtime":1739881267,"views":5,"formatid":"gen9vgc2025regg","rating":1534,"private":0,"password":null}