{"id":"gen9vgc2025regg-2303910286","format":"[Gen 9] VGC 2025 Reg G","players":["SamP_64","413XP"],"log":"|j|\u2606SamP_64\n|j|\u2606413XP\n|t:|1739987998\n|gametype|doubles\n|player|p1|SamP_64|cyrus|1738\n|player|p2|413XP|266|1601\n|teamsize|p1|6\n|teamsize|p2|6\n|gen|9\n|tier|[Gen 9] VGC 2025 Reg G\n|rated|\n|rule|Species Clause: Limit one of each Pok\u00e9mon\n|rule|Item Clause: Limit 1 of each item\n|clearpoke\n|poke|p1|Incineroar, L50, M|\n|poke|p1|Rillaboom, L50, F|\n|poke|p1|Flutter Mane, L50|\n|poke|p1|Urshifu-*, L50, M|\n|poke|p1|Terapagos, L50, M|\n|poke|p1|Amoonguss, L50, M|\n|poke|p2|Miraidon, L50|\n|poke|p2|Farigiraf, L50, M|\n|poke|p2|Torkoal, L50, M|\n|poke|p2|Ursaluna, L50, F|\n|poke|p2|Chi-Yu, L50|\n|poke|p2|Raging Bolt, L50|\n|teampreview|4\n|inactive|Battle timer is ON: inactive players will automatically lose when time's up. (requested by SamP_64)\n|inactive|413XP has 60 seconds left.\n|\n|t:|1739988040\n|start\n|switch|p1a: Rillaboom|Rillaboom, L50, F|100\/100\n|switch|p1b: Terapagos|Terapagos, L50, M|100\/100\n|switch|p2a: Farigiraf|Farigiraf, L50, M|100\/100\n|switch|p2b: Miraidon|Miraidon, L50|100\/100\n|-activate|p1b: Terapagos|ability: Tera Shift\n|detailschange|p1b: Terapagos|Terapagos-Terastal, L50, M\n|-heal|p1b: Terapagos|100\/100|[silent]\n|-fieldstart|move: Electric Terrain|[from] ability: Hadron Engine|[of] p2b: Miraidon\n|-enditem|p2a: Farigiraf|Electric Seed\n|-boost|p2a: Farigiraf|def|1|[from] item: Electric Seed\n|-fieldstart|move: Grassy Terrain|[from] ability: Grassy Surge|[of] p1a: Rillaboom\n|turn|1\n|\n|t:|1739988064\n|move|p2b: Miraidon|Volt Switch|p1a: Rillaboom\n|-resisted|p1a: Rillaboom\n|-damage|p1a: Rillaboom|80\/100\n|\n|t:|1739988067\n|switch|p2b: Chi-Yu|Chi-Yu, L50|100\/100|[from] Volt Switch\n|-ability|p2b: Chi-Yu|Beads of Ruin\n|move|p1b: Terapagos|Substitute|p1b: Terapagos\n|-start|p1b: Terapagos|Substitute\n|-damage|p1b: Terapagos|75\/100\n|move|p1a: Rillaboom|U-turn|p2a: Farigiraf\n|-supereffective|p2a: Farigiraf\n|-damage|p2a: Farigiraf|73\/100\n|\n|t:|1739988077\n|switch|p1a: Flutter Mane|Flutter Mane, L50|100\/100|[from] U-turn\n|-enditem|p1a: Flutter Mane|Booster Energy\n|-activate|p1a: Flutter Mane|ability: Protosynthesis|[fromitem]\n|-start|p1a: Flutter Mane|protosynthesisspe\n|move|p2a: Farigiraf|Psychic Noise|p1b: Terapagos\n|-damage|p1b: Terapagos|43\/100\n|-start|p1b: Terapagos|move: Heal Block\n|\n|-heal|p2a: Farigiraf|79\/100|[from] Grassy Terrain\n|upkeep\n|turn|2\n|\n|t:|1739988093\n|move|p1a: Flutter Mane|Thunder Wave|p2b: Chi-Yu\n|-status|p2b: Chi-Yu|par\n|move|p2b: Chi-Yu|Snarl|p1a: Flutter Mane|[spread] p1a,p1b\n|-damage|p1a: Flutter Mane|71\/100\n|-damage|p1b: Terapagos|16\/100\n|-unboost|p1a: Flutter Mane|spa|1\n|-unboost|p1b: Terapagos|spa|1\n|move|p1b: Terapagos|Tera Starstorm|p2a: Farigiraf\n|-damage|p2a: Farigiraf|30\/100\n|move|p2a: Farigiraf|Psychic Noise|p1b: Terapagos\n|-damage|p1b: Terapagos|0 fnt\n|faint|p1b: Terapagos\n|\n|-heal|p1a: Flutter Mane|77\/100|[from] Grassy Terrain\n|-heal|p2a: Farigiraf|36\/100|[from] Grassy Terrain\n|upkeep\n|inactive|SamP_64 has 30 seconds left.\n|\n|t:|1739988120\n|switch|p1b: Incineroar|Incineroar, L50, M|100\/100\n|-ability|p1b: Incineroar|Intimidate|boost\n|-unboost|p2a: Farigiraf|atk|1\n|-unboost|p2b: Chi-Yu|atk|1\n|turn|3\n|inactive|413XP has 30 seconds left.\n|\n|t:|1739988154\n|switch|p2b: Raging Bolt|Raging Bolt, L50|100\/100\n|move|p1a: Flutter Mane|Moonblast|p2b: Raging Bolt\n|-supereffective|p2b: Raging Bolt\n|-damage|p2b: Raging Bolt|43\/100\n|move|p1b: Incineroar|Knock Off|p2a: Farigiraf\n|-supereffective|p2a: Farigiraf\n|-damage|p2a: Farigiraf|9\/100\n|move|p2a: Farigiraf|Psychic Noise|p1a: Flutter Mane\n|-damage|p1a: Flutter Mane|50\/100\n|-start|p1a: Flutter Mane|move: Heal Block\n|\n|-heal|p2b: Raging Bolt|49\/100|[from] Grassy Terrain\n|-heal|p2a: Farigiraf|15\/100|[from] Grassy Terrain\n|upkeep\n|turn|4\n|inactive|413XP has 30 seconds left.\n|j| revplog\n|\n|t:|1739988187\n|switch|p2a: Chi-Yu|Chi-Yu, L50|100\/100 par\n|-ability|p2a: Chi-Yu|Beads of Ruin\n|-terastallize|p2b: Raging Bolt|Electric\n|move|p1a: Flutter Mane|Protect|p1a: Flutter Mane\n|-singleturn|p1a: Flutter Mane|Protect\n|move|p2b: Raging Bolt|Rising Voltage|p1a: Flutter Mane\n|-activate|p1a: Flutter Mane|move: Protect\n|move|p1b: Incineroar|Knock Off|p2b: Raging Bolt\n|-damage|p2b: Raging Bolt|14\/100\n|-enditem|p2b: Raging Bolt|Life Orb|[from] move: Knock Off|[of] p1b: Incineroar\n|\n|-heal|p2b: Raging Bolt|20\/100|[from] Grassy Terrain\n|-end|p1a: Flutter Mane|move: Heal Block\n|upkeep\n|turn|5\n|inactive|SamP_64 has 30 seconds left.\n|\n|t:|1739988213\n|-end|p2b: Raging Bolt|Protosynthesis|[silent]\n|switch|p2b: Farigiraf|Farigiraf, L50, M|15\/100\n|move|p1a: Flutter Mane|Moonblast|p2b: Farigiraf\n|-crit|p2b: Farigiraf\n|-damage|p2b: Farigiraf|0 fnt\n|faint|p2b: Farigiraf\n|cant|p2a: Chi-Yu|par\n|move|p1b: Incineroar|Parting Shot|p2a: Chi-Yu\n|-unboost|p2a: Chi-Yu|atk|1\n|-unboost|p2a: Chi-Yu|spa|1\n|l| revplog\n|\n|t:|1739988223\n|switch|p1b: Rillaboom|Rillaboom, L50, F|80\/100|[from] Parting Shot\n|\n|-heal|p1a: Flutter Mane|56\/100|[from] Grassy Terrain\n|-heal|p1b: Rillaboom|86\/100|[from] Grassy Terrain\n|-fieldend|move: Grassy Terrain\n|upkeep\n|\n|t:|1739988225\n|switch|p2b: Miraidon|Miraidon, L50|100\/100\n|-fieldstart|move: Electric Terrain|[from] ability: Hadron Engine|[of] p2b: Miraidon\n|turn|6\n|inactive|SamP_64 has 30 seconds left.\n|\n|t:|1739988252\n|-terastallize|p1a: Flutter Mane|Fairy\n|move|p1b: Rillaboom|Fake Out|p2b: Miraidon\n|-damage|p2b: Miraidon|86\/100\n|move|p1a: Flutter Mane|Moonblast|p2b: Miraidon\n|-supereffective|p2b: Miraidon\n|-damage|p2b: Miraidon|0 fnt\n|faint|p2b: Miraidon\n|cant|p2a: Chi-Yu|par\n|\n|upkeep\n|\n|t:|1739988257\n|switch|p2b: Raging Bolt|Raging Bolt, L50, tera:Electric|20\/100\n|turn|7\n|\n|t:|1739988271\n|move|p1a: Flutter Mane|Icy Wind|p2b: Raging Bolt|[spread] p2a,p2b\n|-resisted|p2a: Chi-Yu\n|-damage|p2a: Chi-Yu|95\/100 par\n|-damage|p2b: Raging Bolt|9\/100\n|-unboost|p2a: Chi-Yu|spe|1\n|-unboost|p2b: Raging Bolt|spe|1\n|move|p1b: Rillaboom|U-turn|p2b: Raging Bolt\n|-damage|p2b: Raging Bolt|0 fnt\n|faint|p2b: Raging Bolt\n|-end|p2b: Raging Bolt|Protosynthesis|[silent]\n|-message|413XP forfeited.\n|\n|win|SamP_64\n|raw|SamP_64's rating: 1738 &rarr; <strong>1750<\/strong><br \/>(+12 for winning)\n|raw|413XP's rating: 1601 &rarr; <strong>1589<\/strong><br \/>(-12 for losing)\n","uploadtime":1739988280,"views":13,"formatid":"gen9vgc2025regg","rating":1589,"private":0,"password":null}