{"id":"gen9vgc2025regg-2303369665","format":"[Gen 9] VGC 2025 Reg G","players":["BLiiNDProdiigy","aveorni"],"log":"|j|\u2606BLiiNDProdiigy\n|j|\u2606aveorni\n|t:|1739914217\n|gametype|doubles\n|player|p1|BLiiNDProdiigy|rocketgrunt|1595\n|player|p2|aveorni|ghetsis|1629\n|teamsize|p1|6\n|teamsize|p2|6\n|gen|9\n|tier|[Gen 9] VGC 2025 Reg G\n|rated|\n|rule|Species Clause: Limit one of each Pok\u00e9mon\n|rule|Item Clause: Limit 1 of each item\n|clearpoke\n|poke|p1|Terapagos, L50, M|\n|poke|p1|Incineroar, L50, M|\n|poke|p1|Rillaboom, L50, M|\n|poke|p1|Urshifu-*, L50, F|\n|poke|p1|Flutter Mane, L50|\n|poke|p1|Ogerpon-Hearthflame, L50, F|\n|poke|p2|Ting-Lu, L50|\n|poke|p2|Calyrex-Shadow, L50|\n|poke|p2|Dondozo, L50, M|\n|poke|p2|Weezing-Galar, L50, M|\n|poke|p2|Indeedee-F, L50, F|\n|poke|p2|Tatsugiri-Droopy, L50, F|\n|teampreview|4\n|inactive|Battle timer is ON: inactive players will automatically lose when time's up. (requested by aveorni)\n|\n|t:|1739914230\n|start\n|switch|p1a: Terapagos|Terapagos, L50, M|100\/100\n|switch|p1b: Incineroar|Incineroar, L50, M|100\/100\n|switch|p2a: horse|Calyrex-Shadow, L50|100\/100\n|switch|p2b: fartn\u00b4t|Indeedee-F, L50, F|100\/100\n|-activate|p1a: Terapagos|ability: Tera Shift\n|detailschange|p1a: Terapagos|Terapagos-Terastal, L50, M\n|-heal|p1a: Terapagos|100\/100|[silent]\n|-ability|p2a: horse|As One\n|-ability|p2a: horse|Unnerve\n|-fieldstart|move: Psychic Terrain|[from] ability: Psychic Surge|[of] p2b: fartn\u00b4t\n|-ability|p1b: Incineroar|Intimidate|boost\n|-unboost|p2a: horse|atk|1\n|-unboost|p2b: fartn\u00b4t|atk|1\n|turn|1\n|\n|t:|1739914247\n|move|p2b: fartn\u00b4t|Follow Me|p2b: fartn\u00b4t\n|-singleturn|p2b: fartn\u00b4t|move: Follow Me\n|move|p2a: horse|Calm Mind|p2a: horse\n|-boost|p2a: horse|spa|1\n|-boost|p2a: horse|spd|1\n|move|p1a: Terapagos|Substitute|p1a: Terapagos\n|-start|p1a: Terapagos|Substitute\n|-damage|p1a: Terapagos|76\/100\n|move|p1b: Incineroar|Knock Off|p2b: fartn\u00b4t\n|-supereffective|p2b: fartn\u00b4t\n|-crit|p2b: fartn\u00b4t\n|-damage|p2b: fartn\u00b4t|0 fnt\n|-damage|p1b: Incineroar|84\/100|[from] item: Rocky Helmet|[of] p2b: fartn\u00b4t\n|-enditem|p2b: fartn\u00b4t|Rocky Helmet|[from] move: Knock Off|[of] p1b: Incineroar\n|faint|p2b: fartn\u00b4t\n|\n|-heal|p1a: Terapagos|82\/100|[from] item: Leftovers\n|upkeep\n|\n|t:|1739914268\n|switch|p2b: cow with bowl|Ting-Lu, L50|100\/100\n|-ability|p2b: cow with bowl|Vessel of Ruin\n|turn|2\n|\n|t:|1739914275\n|move|p2a: horse|Protect|p2a: horse\n|-singleturn|p2a: horse|Protect\n|move|p1a: Terapagos|Protect|p1a: Terapagos\n|-singleturn|p1a: Terapagos|Protect\n|move|p1b: Incineroar|Will-O-Wisp|p2b: cow with bowl|[miss]\n|-miss|p1b: Incineroar|p2b: cow with bowl\n|move|p2b: cow with bowl|Body Press|p1a: Terapagos\n|-activate|p1a: Terapagos|move: Protect\n|\n|-heal|p1a: Terapagos|87\/100|[from] item: Leftovers\n|upkeep\n|turn|3\n|\n|t:|1739914292\n|-terastallize|p2a: horse|Dark\n|move|p2a: horse|Calm Mind|p2a: horse\n|-boost|p2a: horse|spa|1\n|-boost|p2a: horse|spd|1\n|move|p1a: Terapagos|Calm Mind|p1a: Terapagos\n|-boost|p1a: Terapagos|spa|1\n|-boost|p1a: Terapagos|spd|1\n|move|p1b: Incineroar|Will-O-Wisp|p2b: cow with bowl\n|-status|p2b: cow with bowl|brn\n|move|p2b: cow with bowl|Body Press|p1b: Incineroar\n|-supereffective|p1b: Incineroar\n|-damage|p1b: Incineroar|64\/100\n|-damage|p2b: cow with bowl|84\/100 brn|[from] item: Rocky Helmet|[of] p1b: Incineroar\n|\n|-heal|p1a: Terapagos|93\/100|[from] item: Leftovers\n|-damage|p2b: cow with bowl|78\/100 brn|[from] brn\n|upkeep\n|turn|4\n|\n|t:|1739914310\n|move|p2a: horse|Calm Mind|p2a: horse\n|-boost|p2a: horse|spa|1\n|-boost|p2a: horse|spd|1\n|move|p1a: Terapagos|Calm Mind|p1a: Terapagos\n|-boost|p1a: Terapagos|spa|1\n|-boost|p1a: Terapagos|spd|1\n|move|p1b: Incineroar|Parting Shot|p2b: cow with bowl\n|-unboost|p2b: cow with bowl|atk|1\n|-unboost|p2b: cow with bowl|spa|1\n|\n|t:|1739914312\n|switch|p1b: Rillaboom|Rillaboom, L50, M|100\/100|[from] Parting Shot\n|-fieldstart|move: Grassy Terrain|[from] ability: Grassy Surge|[of] p1b: Rillaboom\n|move|p2b: cow with bowl|Body Press|p1a: Terapagos\n|-supereffective|p1a: Terapagos\n|-activate|p1a: Terapagos|move: Substitute|[damage]\n|\n|-heal|p1a: Terapagos|99\/100|[from] Grassy Terrain\n|-heal|p1a: Terapagos|100\/100|[from] item: Leftovers\n|-heal|p2b: cow with bowl|84\/100 brn|[from] Grassy Terrain\n|-damage|p2b: cow with bowl|78\/100 brn|[from] brn\n|upkeep\n|turn|5\n|j| Jaaahsh\n|j| kiabu233\n|\n|t:|1739914330\n|-terastallize|p1a: Terapagos|Stellar\n|detailschange|p1a: Terapagos|Terapagos-Stellar, L50, M, tera:Stellar\n|-heal|p1a: Terapagos|100\/100|[silent]\n|-ability|p1a: Terapagos|Teraform Zero\n|-fieldend|move: Grassy Terrain\n|move|p2a: horse|Draining Kiss|p1a: Terapagos\n|-end|p1a: Terapagos|Substitute\n|-damage|p2a: horse|91\/100|[from] item: Life Orb\n|move|p1b: Rillaboom|U-turn|p2b: cow with bowl\n|-supereffective|p2b: cow with bowl\n|-damage|p2b: cow with bowl|55\/100 brn\n|l| kiabu233\n|\n|t:|1739914340\n|switch|p1b: Flutter Mane|Flutter Mane, L50|100\/100|[from] U-turn\n|-enditem|p1b: Flutter Mane|Booster Energy\n|-activate|p1b: Flutter Mane|ability: Protosynthesis|[fromitem]\n|-start|p1b: Flutter Mane|protosynthesisspe\n|move|p1a: Terapagos|Tera Starstorm|p2b: cow with bowl|[spread] p2a,p2b\n|-supereffective|p2a: horse\n|-damage|p2a: horse|43\/100\n|-damage|p2b: cow with bowl|16\/100 brn\n|move|p2b: cow with bowl|Fissure|p1a: Terapagos|[miss]\n|-miss|p2b: cow with bowl|p1a: Terapagos\n|\n|-damage|p2b: cow with bowl|10\/100 brn|[from] brn\n|upkeep\n|turn|6\n|\n|t:|1739914355\n|switch|p2b: fart|Weezing-Galar, L50, M|100\/100\n|-ability|p2b: fart|Neutralizing Gas\n|move|p2a: horse|Draining Kiss|p1b: Flutter Mane\n|-damage|p1b: Flutter Mane|40\/100\n|-heal|p2a: horse|84\/100|[from] drain|[of] p1b: Flutter Mane\n|-damage|p2a: horse|74\/100|[from] item: Life Orb\n|move|p1b: Flutter Mane|Thunder Wave|p2a: horse\n|-status|p2a: horse|par\n|move|p1a: Terapagos|Tera Starstorm|p2b: fart|[spread] p2a,p2b\n|-supereffective|p2a: horse\n|-damage|p2a: horse|14\/100 par\n|-damage|p2b: fart|0 fnt\n|faint|p2b: fart\n|-end|p2b: fart|ability: Neutralizing Gas\n|\n|upkeep\n|-message|aveorni forfeited.\n|\n|win|BLiiNDProdiigy\n|raw|BLiiNDProdiigy's rating: 1595 &rarr; <strong>1617<\/strong><br \/>(+22 for winning)\n|raw|aveorni's rating: 1629 &rarr; <strong>1607<\/strong><br \/>(-22 for losing)\n|l|\u2606aveorni\n|player|p2|\n|l|\u2606BLiiNDProdiigy\n|player|p1|\n|l| Jaaahsh\n","uploadtime":1739914633,"views":5,"formatid":"gen9vgc2025regg","rating":1607,"private":0,"password":null}