{"id":"gen9vgc2025regg-2303365023","format":"[Gen 9] VGC 2025 Reg G","players":["aveorni","Daleg"],"log":"|j|\u2606aveorni\n|j|\u2606Daleg\n|t:|1739913730\n|gametype|doubles\n|player|p1|aveorni|ghetsis|1651\n|player|p2|Daleg|266|1769\n|teamsize|p1|6\n|teamsize|p2|6\n|gen|9\n|tier|[Gen 9] VGC 2025 Reg G\n|rated|\n|rule|Species Clause: Limit one of each Pok\u00e9mon\n|rule|Item Clause: Limit 1 of each item\n|clearpoke\n|poke|p1|Ting-Lu, L50|\n|poke|p1|Calyrex-Shadow, L50|\n|poke|p1|Dondozo, L50, M|\n|poke|p1|Weezing-Galar, L50, M|\n|poke|p1|Indeedee-F, L50, F|\n|poke|p1|Tatsugiri-Droopy, L50, F|\n|poke|p2|Zamazenta-*, L50|\n|poke|p2|Amoonguss, L50, M|\n|poke|p2|Chien-Pao, L50|\n|poke|p2|Flutter Mane, L50|\n|poke|p2|Rillaboom, L50, F|\n|poke|p2|Dragonite, L50, F|\n|teampreview|4\n|inactive|Battle timer is ON: inactive players will automatically lose when time's up. (requested by aveorni)\n|\n|t:|1739913757\n|start\n|switch|p1a: horse|Calyrex-Shadow, L50|100\/100\n|switch|p1b: I eat sushi|Dondozo, L50, M, shiny|100\/100\n|switch|p2a: Chien-Pao|Chien-Pao, L50|100\/100\n|switch|p2b: Zamazenta|Zamazenta-Crowned, L50|100\/100\n|-ability|p1a: horse|As One\n|-ability|p1a: horse|Unnerve\n|-ability|p2a: Chien-Pao|Sword of Ruin\n|-ability|p2b: Zamazenta|Dauntless Shield|boost\n|-boost|p2b: Zamazenta|def|1\n|turn|1\n|inactive|Daleg has 30 seconds left.\n|\n|t:|1739913790\n|move|p1a: horse|Calm Mind|p1a: horse\n|-boost|p1a: horse|spa|1\n|-boost|p1a: horse|spd|1\n|move|p2a: Chien-Pao|Icicle Crash|p1a: horse\n|-damage|p1a: horse|30\/100\n|move|p2b: Zamazenta|Behemoth Bash|p1a: horse\n|-damage|p1a: horse|0 fnt\n|faint|p1a: horse\n|move|p1b: I eat sushi|Yawn|p2b: Zamazenta\n|-start|p2b: Zamazenta|move: Yawn|[of] p1b: I eat sushi\n|\n|upkeep\n|\n|t:|1739913800\n|switch|p1a: fart|Weezing-Galar, L50, M|100\/100\n|-ability|p1a: fart|Neutralizing Gas\n|turn|2\n|\n|t:|1739913811\n|switch|p2b: Amoonguss|Amoonguss, L50, M|100\/100\n|move|p2a: Chien-Pao|Icicle Crash|p1a: fart\n|-damage|p1a: fart|60\/100\n|move|p1a: fart|Dazzling Gleam|p2b: Amoonguss|[spread] p2a,p2b\n|-supereffective|p2a: Chien-Pao\n|-resisted|p2b: Amoonguss\n|-damage|p2a: Chien-Pao|14\/100\n|-damage|p2b: Amoonguss|89\/100\n|move|p1b: I eat sushi|Yawn|p2b: Amoonguss\n|-start|p2b: Amoonguss|move: Yawn|[of] p1b: I eat sushi\n|\n|upkeep\n|turn|3\n|inactive|Daleg has 30 seconds left.\n|\n|t:|1739913836\n|move|p2a: Chien-Pao|Protect|p2a: Chien-Pao\n|-singleturn|p2a: Chien-Pao|Protect\n|move|p1a: fart|Taunt|p2b: Amoonguss\n|-start|p2b: Amoonguss|move: Taunt\n|move|p1b: I eat sushi|Order Up|p2a: Chien-Pao\n|-activate|p2a: Chien-Pao|move: Protect\n|cant|p2b: Amoonguss|move: Taunt|Spore\n|\n|-end|p2b: Amoonguss|move: Yawn|[silent]\n|-status|p2b: Amoonguss|slp\n|upkeep\n|turn|4\n|j| kiabu233\n|\n|t:|1739913856\n|switch|p2a: Zamazenta|Zamazenta-Crowned, L50|100\/100\n|move|p1a: fart|Dazzling Gleam|p2b: Amoonguss|[spread] p2a,p2b\n|-resisted|p2b: Amoonguss\n|-damage|p2a: Zamazenta|84\/100\n|-damage|p2b: Amoonguss|77\/100 slp\n|move|p1b: I eat sushi|Order Up|p2b: Amoonguss\n|-damage|p2b: Amoonguss|63\/100 slp\n|cant|p2b: Amoonguss|slp\n|\n|upkeep\n|turn|5\n|\n|t:|1739913875\n|move|p2a: Zamazenta|Behemoth Bash|p1a: fart\n|-supereffective|p1a: fart\n|-damage|p1a: fart|0 fnt\n|faint|p1a: fart\n|-end|p1a: fart|ability: Neutralizing Gas\n|move|p1b: I eat sushi|Order Up|p2b: Amoonguss\n|-damage|p2b: Amoonguss|49\/100 slp\n|-curestatus|p2b: Amoonguss|slp|[msg]\n|move|p2b: Amoonguss|Pollen Puff|p2a: Zamazenta\n|-heal|p2a: Zamazenta|100\/100\n|\n|-end|p2b: Amoonguss|move: Taunt\n|upkeep\n|\n|t:|1739913878\n|switch|p1a: sushi|Tatsugiri-Droopy, L50, F, shiny|100\/100\n|-activate|p1a: sushi|ability: Commander|[of] p1b: I eat sushi\n|-boost|p1b: I eat sushi|atk|2\n|-boost|p1b: I eat sushi|spa|2\n|-boost|p1b: I eat sushi|spe|2\n|-boost|p1b: I eat sushi|def|2\n|-boost|p1b: I eat sushi|spd|2\n|turn|6\n|j| tetsuokaga\n|j| AlteredOne\n|inactive|Daleg has 30 seconds left.\n|\n|t:|1739913904\n|switch|p2b: Flutter Mane|Flutter Mane, L50|100\/100\n|-terastallize|p1b: I eat sushi|Grass\n|move|p2a: Zamazenta|Wide Guard|p2a: Zamazenta\n|-singleturn|p2a: Zamazenta|Wide Guard\n|move|p1b: I eat sushi|Order Up|p2a: Zamazenta\n|-resisted|p2a: Zamazenta\n|-damage|p2a: Zamazenta|89\/100\n|-boost|p1b: I eat sushi|def|1\n|\n|upkeep\n|turn|7\n|-message|aveorni forfeited.\n|\n|win|Daleg\n|raw|aveorni's rating: 1651 &rarr; <strong>1638<\/strong><br \/>(-13 for losing)\n|raw|Daleg's rating: 1769 &rarr; <strong>1782<\/strong><br \/>(+13 for winning)\n|l|\u2606aveorni\n|player|p1|\n|l|\u2606Daleg\n|player|p2|\n|l| tetsuokaga\n|l| kiabu233\n|l| AlteredOne\n","uploadtime":1739914078,"views":7,"formatid":"gen9vgc2025regg","rating":1638,"private":0,"password":null}