{"id":"gen9vgc2025regg-2303172341","format":"[Gen 9] VGC 2025 Reg G","players":["Lechonkbro","Dimonutive"],"log":"|j|\u2606Lechonkbro\n|j|\u2606Dimonutive\n|t:|1739894757\n|gametype|doubles\n|player|p1|Lechonkbro|ghetsis-gen5bw|1609\n|player|p2|Dimonutive|li|1551\n|teamsize|p1|6\n|teamsize|p2|6\n|gen|9\n|tier|[Gen 9] VGC 2025 Reg G\n|rated|\n|rule|Species Clause: Limit one of each Pok\u00e9mon\n|rule|Item Clause: Limit 1 of each item\n|clearpoke\n|poke|p1|Miraidon, L50|\n|poke|p1|Incineroar, L50, F|\n|poke|p1|Oranguru, L50, F|\n|poke|p1|Clefairy, L50, M|\n|poke|p1|Baxcalibur, L50, F|\n|poke|p1|Whimsicott, L50, M|\n|poke|p2|Terapagos, L50, M|\n|poke|p2|Grimmsnarl, L50, M|\n|poke|p2|Sinistcha, L50|\n|poke|p2|Cresselia, L50, F|\n|poke|p2|Okidogi, L50, M|\n|poke|p2|Landorus-Therian, L50, M|\n|teampreview|4\n|inactive|Battle timer is ON: inactive players will automatically lose when time's up. (requested by Lechonkbro)\n|c|\u2606Dimonutive|woah cool team\n|inactive|Lechonkbro has 60 seconds left.\n|\n|t:|1739894801\n|start\n|switch|p1a: Miraidon|Miraidon, L50|100\/100\n|switch|p1b: Oranguru|Oranguru, L50, F|100\/100\n|switch|p2a: Grimmsnarl|Grimmsnarl, L50, M|100\/100\n|switch|p2b: Okidogi|Okidogi, L50, M|100\/100\n|-fieldstart|move: Electric Terrain|[from] ability: Hadron Engine|[of] p1a: Miraidon\n|-enditem|p1a: Miraidon|Electric Seed\n|-boost|p1a: Miraidon|def|1|[from] item: Electric Seed\n|-activate|p1b: Oranguru|ability: Symbiosis|Covert Cloak|[of] p1a: Miraidon\n|turn|1\n|\n|t:|1739894817\n|move|p2a: Grimmsnarl|Fake Out|p1a: Miraidon\n|-damage|p1a: Miraidon|94\/100\n|move|p1a: Miraidon|Calm Mind|p1a: Miraidon\n|-boost|p1a: Miraidon|spa|1\n|-boost|p1a: Miraidon|spd|1\n|move|p2b: Okidogi|Knock Off|p1b: Oranguru\n|-supereffective|p1b: Oranguru\n|-damage|p1b: Oranguru|59\/100\n|move|p1b: Oranguru|Instruct|p1a: Miraidon\n|-singleturn|p1a: Miraidon|move: Instruct|[of] p1b: Oranguru\n|move|p1a: Miraidon|Calm Mind|p1a: Miraidon\n|-boost|p1a: Miraidon|spa|1\n|-boost|p1a: Miraidon|spd|1\n|\n|upkeep\n|turn|2\n|c|\u2606Dimonutive|hey now covert cloak is cheating\n|c|\u2606Dimonutive|didn't they tell you the rules?\n|inactive|Dimonutive has 30 seconds left.\n|inactive|Dimonutive has 20 seconds left.\n|inactive|Dimonutive has 15 seconds left.\n|\n|t:|1739894858\n|-terastallize|p2b: Okidogi|Dragon\n|move|p2a: Grimmsnarl|Parting Shot|p1a: Miraidon\n|-unboost|p1a: Miraidon|atk|1\n|-unboost|p1a: Miraidon|spa|1\n|\n|t:|1739894865\n|switch|p2a: Terapagos|Terapagos, L50, M|100\/100|[from] Parting Shot\n|-activate|p2a: Terapagos|ability: Tera Shift\n|detailschange|p2a: Terapagos|Terapagos-Terastal, L50, M\n|-heal|p2a: Terapagos|100\/100|[silent]\n|move|p1a: Miraidon|Calm Mind|p1a: Miraidon\n|-boost|p1a: Miraidon|spa|1\n|-boost|p1a: Miraidon|spd|1\n|move|p2b: Okidogi|High Horsepower|p1a: Miraidon\n|-supereffective|p1a: Miraidon\n|-damage|p1a: Miraidon|58\/100\n|move|p1b: Oranguru|Instruct|p1a: Miraidon\n|-singleturn|p1a: Miraidon|move: Instruct|[of] p1b: Oranguru\n|move|p1a: Miraidon|Calm Mind|p1a: Miraidon\n|-boost|p1a: Miraidon|spa|1\n|-boost|p1a: Miraidon|spd|1\n|\n|upkeep\n|turn|3\n|inactive|Lechonkbro has 30 seconds left.\n|inactive|Dimonutive has 30 seconds left.\n|\n|t:|1739894900\n|move|p1a: Miraidon|Protect|p1a: Miraidon\n|-singleturn|p1a: Miraidon|Protect\n|move|p2b: Okidogi|Gunk Shot|p1a: Miraidon\n|-activate|p1a: Miraidon|move: Protect\n|move|p2a: Terapagos|Tera Starstorm|p1a: Miraidon\n|-activate|p1a: Miraidon|move: Protect\n|move|p1b: Oranguru|Foul Play|p2b: Okidogi\n|-damage|p2b: Okidogi|73\/100\n|\n|upkeep\n|turn|4\n|\n|t:|1739894918\n|move|p1a: Miraidon|Dragon Pulse|p2b: Okidogi\n|-supereffective|p2b: Okidogi\n|-damage|p2b: Okidogi|0 fnt\n|faint|p2b: Okidogi\n|move|p2a: Terapagos|Tera Starstorm|p1a: Miraidon\n|-damage|p1a: Miraidon|44\/100\n|move|p1b: Oranguru|Instruct|p1a: Miraidon\n|-singleturn|p1a: Miraidon|move: Instruct|[of] p1b: Oranguru\n|move|p1a: Miraidon|Dragon Pulse|p2a: Terapagos\n|-activate|p2a: Terapagos|ability: Tera Shell\n|-resisted|p2a: Terapagos\n|-crit|p2a: Terapagos\n|-damage|p2a: Terapagos|4\/100\n|\n|upkeep\n|\n|t:|1739894921\n|switch|p2b: Sinistcha|Sinistcha, L50|100\/100\n|-heal|p2a: Terapagos|29\/100|[from] ability: Hospitality|[of] p2b: Sinistcha\n|turn|5\n|c|\u2606Dimonutive|okay buddy you win this time\n|c|\u2606Dimonutive|ggwp\n|-message|Dimonutive forfeited.\n|\n|win|Lechonkbro\n|raw|Lechonkbro's rating: 1609 &rarr; <strong>1626<\/strong><br \/>(+17 for winning)\n|raw|Dimonutive's rating: 1551 &rarr; <strong>1534<\/strong><br \/>(-17 for losing)\n|l|\u2606Dimonutive\n|player|p2|\n|l|\u2606Lechonkbro\n|player|p1|\n","uploadtime":1739895113,"views":5,"formatid":"gen9vgc2025regg","rating":1534,"private":0,"password":null}