{"id":"gen9vgc2025regg-2303450380","format":"[Gen 9] VGC 2025 Reg G","players":["Iamsliverfish","Tempest brute"],"log":"|j|\u2606Iamsliverfish\n|j|\u2606Tempest brute\n|t:|1739923272\n|gametype|doubles\n|player|p1|Iamsliverfish|rood|1622\n|player|p2|Tempest brute|1|1545\n|teamsize|p1|6\n|teamsize|p2|4\n|gen|9\n|tier|[Gen 9] VGC 2025 Reg G\n|rated|\n|rule|Species Clause: Limit one of each Pok\u00e9mon\n|rule|Item Clause: Limit 1 of each item\n|clearpoke\n|poke|p1|Calyrex-Shadow, L50|\n|poke|p1|Ursaluna, L50, F|\n|poke|p1|Indeedee-F, L50, F|\n|poke|p1|Ogerpon-Wellspring, L50, F|\n|poke|p1|Tornadus, L50, M|\n|poke|p1|Chi-Yu, L50|\n|poke|p2|Terapagos, L50, M|\n|poke|p2|Iron Leaves, L50|\n|poke|p2|Iron Hands, L50|\n|poke|p2|Moltres, L50|\n|teampreview|4\n|j| tetsuokaga\n|\n|t:|1739923309\n|start\n|switch|p1a: Tornadus|Tornadus, L50, M|100\/100\n|switch|p1b: Chi-Yu|Chi-Yu, L50|100\/100\n|switch|p2a: Terapagos|Terapagos, L50, M|100\/100\n|switch|p2b: Iron Hands|Iron Hands, L50|100\/100\n|-activate|p2a: Terapagos|ability: Tera Shift\n|detailschange|p2a: Terapagos|Terapagos-Terastal, L50, M\n|-heal|p2a: Terapagos|100\/100|[silent]\n|-ability|p1b: Chi-Yu|Beads of Ruin\n|turn|1\n|j| falcon108\n|\n|t:|1739923330\n|-terastallize|p2a: Terapagos|Stellar\n|detailschange|p2a: Terapagos|Terapagos-Stellar, L50, M, tera:Stellar\n|-heal|p2a: Terapagos|100\/100|[silent]\n|move|p2b: Iron Hands|Fake Out|p1b: Chi-Yu\n|-damage|p1b: Chi-Yu|75\/100\n|move|p1a: Tornadus|Taunt|p2a: Terapagos\n|-start|p2a: Terapagos|move: Taunt\n|cant|p1b: Chi-Yu|flinch\n|move|p2a: Terapagos|Tera Starstorm|p1a: Tornadus|[spread] p1a,p1b\n|-damage|p1a: Tornadus|50\/100\n|-damage|p1b: Chi-Yu|39\/100\n|\n|upkeep\n|turn|2\n|\n|t:|1739923353\n|-end|p2b: Iron Hands|Quark Drive|[silent]\n|switch|p2b: Iron Leaves|Iron Leaves, L50|100\/100\n|-enditem|p2b: Iron Leaves|Booster Energy\n|-activate|p2b: Iron Leaves|ability: Quark Drive|[fromitem]\n|-start|p2b: Iron Leaves|quarkdrivespe\n|move|p1a: Tornadus|Tailwind|p1a: Tornadus\n|-sidestart|p1: Iamsliverfish|move: Tailwind\n|move|p1b: Chi-Yu|Snarl|p2a: Terapagos|[spread] p2a,p2b\n|-supereffective|p2b: Iron Leaves\n|-damage|p2a: Terapagos|83\/100\n|-damage|p2b: Iron Leaves|47\/100\n|-unboost|p2a: Terapagos|spa|1\n|-unboost|p2b: Iron Leaves|spa|1\n|move|p2a: Terapagos|Tera Starstorm|p1b: Chi-Yu|[spread] p1a,p1b\n|-damage|p1a: Tornadus|25\/100\n|-damage|p1b: Chi-Yu|1\/100\n|\n|-heal|p2a: Terapagos|89\/100|[from] item: Leftovers\n|upkeep\n|turn|3\n|j| Easy180\n|\n|t:|1739923395\n|switch|p2a: Iron Hands|Iron Hands, L50|100\/100\n|move|p1b: Chi-Yu|Snarl|p2b: Iron Leaves|[spread] p2a,p2b\n|-resisted|p2a: Iron Hands\n|-supereffective|p2b: Iron Leaves\n|-damage|p2a: Iron Hands|94\/100\n|-damage|p2b: Iron Leaves|0 fnt\n|-unboost|p2a: Iron Hands|spa|1\n|faint|p2b: Iron Leaves\n|-end|p2b: Iron Leaves|Quark Drive|[silent]\n|move|p1a: Tornadus|Bleakwind Storm|p2a: Iron Hands|[miss]\n|-miss|p1a: Tornadus|p2a: Iron Hands\n|\n|upkeep\n|\n|t:|1739923401\n|switch|p2b: Terapagos|Terapagos-Stellar, L50, M, tera:Stellar|89\/100\n|turn|4\n|\n|t:|1739923405\n|move|p2b: Terapagos|Protect|p2b: Terapagos\n|-singleturn|p2b: Terapagos|Protect\n|move|p1a: Tornadus|Taunt|p2b: Terapagos\n|-activate|p2b: Terapagos|move: Protect\n|move|p1b: Chi-Yu|Snarl|p2b: Terapagos|[spread] p2a\n|-activate|p2b: Terapagos|move: Protect\n|-resisted|p2a: Iron Hands\n|-damage|p2a: Iron Hands|87\/100\n|-unboost|p2a: Iron Hands|spa|1\n|move|p2a: Iron Hands|Wild Charge|p1b: Chi-Yu\n|-damage|p1b: Chi-Yu|0 fnt\n|faint|p1b: Chi-Yu\n|-damage|p2a: Iron Hands|86\/100|[from] Recoil\n|\n|-heal|p2b: Terapagos|95\/100|[from] item: Leftovers\n|upkeep\n|\n|t:|1739923407\n|switch|p1b: Calyrex|Calyrex-Shadow, L50|100\/100\n|-ability|p1b: Calyrex|As One\n|-ability|p1b: Calyrex|Unnerve\n|turn|5\n|\n|t:|1739923417\n|move|p1b: Calyrex|Protect|p1b: Calyrex\n|-singleturn|p1b: Calyrex|Protect\n|move|p1a: Tornadus|Bleakwind Storm|p2b: Terapagos|[spread] p2a\n|-miss|p1a: Tornadus|p2b: Terapagos\n|-damage|p2a: Iron Hands|68\/100\n|-unboost|p2a: Iron Hands|spe|1\n|move|p2b: Terapagos|Tera Starstorm|p1b: Calyrex|[spread] p1a\n|-activate|p1b: Calyrex|move: Protect\n|-damage|p1a: Tornadus|0 fnt\n|faint|p1a: Tornadus\n|move|p2a: Iron Hands|Wild Charge|p1b: Calyrex\n|-activate|p1b: Calyrex|move: Protect\n|\n|-heal|p2b: Terapagos|100\/100|[from] item: Leftovers\n|-sideend|p1: Iamsliverfish|move: Tailwind\n|upkeep\n|\n|t:|1739923419\n|switch|p1a: Indeedee|Indeedee-F, L50, F|100\/100\n|-fieldstart|move: Psychic Terrain|[from] ability: Psychic Surge|[of] p1a: Indeedee\n|turn|6\n|\n|t:|1739923424\n|-end|p2a: Iron Hands|Quark Drive|[silent]\n|switch|p2a: Moltres|Moltres, L50|100\/100\n|move|p1a: Indeedee|Helping Hand|p1b: Calyrex\n|-singleturn|p1b: Calyrex|Helping Hand|[of] p1a: Indeedee\n|move|p1b: Calyrex|Expanding Force|p2a: Moltres|[spread] p2a,p2b\n|-damage|p2a: Moltres|0 fnt\n|-damage|p2b: Terapagos|23\/100\n|faint|p2a: Moltres\n|-ability|p1b: Calyrex|Grim Neigh|boost\n|-boost|p1b: Calyrex|spa|1\n|-damage|p1b: Calyrex|91\/100|[from] item: Life Orb\n|move|p2b: Terapagos|Tera Starstorm|p1b: Calyrex|[spread] p1a,p1b\n|-damage|p1a: Indeedee|74\/100\n|-damage|p1b: Calyrex|61\/100\n|\n|-heal|p2b: Terapagos|29\/100|[from] item: Leftovers\n|upkeep\n|-message|Tempest brute forfeited.\n|\n|win|Iamsliverfish\n|raw|Iamsliverfish's rating: 1650 &rarr; <strong>1664<\/strong><br \/>(+14 for winning)\n|raw|Tempest brute's rating: 1545 &rarr; <strong>1531<\/strong><br \/>(-14 for losing)\n|l|\u2606Tempest brute\n|player|p2|\n|l|\u2606Iamsliverfish\n|player|p1|\n|l| tetsuokaga\n|l| falcon108\n|l| Easy180\n","uploadtime":1739923634,"views":5,"formatid":"gen9vgc2025regg","rating":1531,"private":0,"password":null}