{"id":"gen9vgc2025regg-2303351772","format":"[Gen 9] VGC 2025 Reg G","players":["GubbsVGC","jonen"],"log":"|j|\u2606GubbsVGC\n|j|\u2606jonen\n|t:|1739912384\n|gametype|doubles\n|player|p1|GubbsVGC|266|1653\n|player|p2|jonen|ruinmaniac|1624\n|teamsize|p1|6\n|teamsize|p2|6\n|gen|9\n|tier|[Gen 9] VGC 2025 Reg G\n|rated|\n|rule|Species Clause: Limit one of each Pok\u00e9mon\n|rule|Item Clause: Limit 1 of each item\n|clearpoke\n|poke|p1|Kyogre, L50|\n|poke|p1|Tsareena, L50, F|\n|poke|p1|Tornadus, L50, M|\n|poke|p1|Incineroar, L50, F|\n|poke|p1|Urshifu-*, L50, F|\n|poke|p1|Iron Hands, L50|\n|poke|p2|Miraidon, L50|\n|poke|p2|Dondozo, L50, M|\n|poke|p2|Tatsugiri, L50, M|\n|poke|p2|Dragonite, L50, F|\n|poke|p2|Chi-Yu, L50|\n|poke|p2|Gholdengo, L50|\n|teampreview|4\n|inactive|Battle timer is ON: inactive players will automatically lose when time's up. (requested by jonen)\n|inactive|GubbsVGC has 60 seconds left.\n|inactive|jonen has 60 seconds left.\n|inactive|GubbsVGC has 30 seconds left.\n|j| kiabu233\n|inactive|GubbsVGC has 20 seconds left.\n|inactive|GubbsVGC has 15 seconds left.\n|inactive|GubbsVGC has 10 seconds left.\n|inactive|GubbsVGC has 5 seconds left.\n|\n|t:|1739912470\n|start\n|switch|p1a: Iron Hands|Iron Hands, L50|100\/100\n|switch|p1b: Kyogre|Kyogre, L50|100\/100\n|switch|p2a: Gholdengo|Gholdengo, L50|100\/100\n|switch|p2b: Miraidon|Miraidon, L50|100\/100\n|-weather|RainDance|[from] ability: Drizzle|[of] p1b: Kyogre\n|-fieldstart|move: Electric Terrain|[from] ability: Hadron Engine|[of] p2b: Miraidon\n|-activate|p1a: Iron Hands|ability: Quark Drive\n|-start|p1a: Iron Hands|quarkdriveatk\n|turn|1\n|inactive|jonen has 30 seconds left.\n|inactive|jonen has 20 seconds left.\n|inactive|jonen has 15 seconds left.\n|\n|t:|1739912512\n|switch|p2b: Dondozo|Dondozo, L50, M|100\/100\n|move|p1a: Iron Hands|Fake Out|p2b: Dondozo\n|-damage|p2b: Dondozo|87\/100\n|move|p1b: Kyogre|Water Spout|p2b: Dondozo|[spread] p2a,p2b\n|-resisted|p2b: Dondozo\n|-damage|p2a: Gholdengo|11\/100\n|-damage|p2b: Dondozo|40\/100\n|move|p2a: Gholdengo|Trick|p1a: Iron Hands\n|-activate|p2a: Gholdengo|move: Trick|[of] p1a: Iron Hands\n|-item|p1a: Iron Hands|Choice Specs|[from] move: Trick\n|-item|p2a: Gholdengo|Assault Vest|[from] move: Trick\n|\n|-weather|RainDance|[upkeep]\n|-heal|p2b: Dondozo|47\/100|[from] item: Leftovers\n|upkeep\n|turn|2\n|inactive|GubbsVGC has 30 seconds left.\n|c|\u2606jonen|specs hands goes crazy trust\n|inactive|GubbsVGC has 20 seconds left.\n|\n|t:|1739912551\n|switch|p2a: Tatsugiri|Tatsugiri, L50, M|100\/100\n|-activate|p2a: Tatsugiri|ability: Commander|[of] p2b: Dondozo\n|-boost|p2b: Dondozo|atk|2\n|-boost|p2b: Dondozo|spa|2\n|-boost|p2b: Dondozo|spe|2\n|-boost|p2b: Dondozo|def|2\n|-boost|p2b: Dondozo|spd|2\n|move|p1b: Kyogre|Water Spout|p2a: Tatsugiri|[spread] p2b\n|-miss|p1b: Kyogre|p2a: Tatsugiri\n|-resisted|p2b: Dondozo\n|-damage|p2b: Dondozo|22\/100\n|move|p2b: Dondozo|Earthquake|p1a: Iron Hands|[spread] p1a,p1b\n|-miss|p2b: Dondozo|p2a: Tatsugiri\n|-supereffective|p1a: Iron Hands\n|-damage|p1a: Iron Hands|41\/100\n|-damage|p1b: Kyogre|48\/100\n|move|p1a: Iron Hands|Wild Charge|p2b: Dondozo\n|-supereffective|p2b: Dondozo\n|-damage|p2b: Dondozo|0 fnt\n|faint|p2b: Dondozo\n|-damage|p1a: Iron Hands|36\/100|[from] Recoil\n|\n|-weather|RainDance|[upkeep]\n|upkeep\n|j| AlteredOne\n|\n|t:|1739912570\n|switch|p2b: Miraidon|Miraidon, L50|100\/100\n|-activate|p2b: Miraidon|ability: Hadron Engine\n|turn|3\n|inactive|GubbsVGC has 30 seconds left.\n|\n|t:|1739912602\n|move|p1b: Kyogre|Water Spout|p2a: Tatsugiri|[spread] p2a,p2b\n|-resisted|p2a: Tatsugiri\n|-resisted|p2b: Miraidon\n|-damage|p2a: Tatsugiri|86\/100\n|-damage|p2b: Miraidon|89\/100\n|move|p2a: Tatsugiri|Muddy Water|p1a: Iron Hands|[spread] p1b\n|-miss|p2a: Tatsugiri|p1a: Iron Hands\n|-resisted|p1b: Kyogre\n|-damage|p1b: Kyogre|29\/100\n|-unboost|p1b: Kyogre|accuracy|1\n|move|p2b: Miraidon|Dazzling Gleam|p1b: Kyogre|[spread] p1a,p1b\n|-supereffective|p1a: Iron Hands\n|-damage|p1a: Iron Hands|0 fnt\n|-damage|p1b: Kyogre|9\/100\n|faint|p1a: Iron Hands\n|-end|p1a: Iron Hands|Quark Drive|[silent]\n|\n|-weather|RainDance|[upkeep]\n|upkeep\n|l| AlteredOne\n|\n|t:|1739912627\n|switch|p1a: Incineroar|Incineroar, L50, F|100\/100\n|-ability|p1a: Incineroar|Intimidate|boost\n|-unboost|p2a: Tatsugiri|atk|1\n|-unboost|p2b: Miraidon|atk|1\n|turn|4\n|\n|t:|1739912640\n|move|p1a: Incineroar|Fake Out|p2b: Miraidon\n|-damage|p2b: Miraidon|80\/100\n|move|p1b: Kyogre|Water Spout|p2b: Miraidon|[spread] p2a,p2b\n|-resisted|p2a: Tatsugiri\n|-resisted|p2b: Miraidon\n|-damage|p2a: Tatsugiri|83\/100\n|-damage|p2b: Miraidon|78\/100\n|move|p2a: Tatsugiri|Muddy Water|p1b: Kyogre|[spread] p1a,p1b\n|-supereffective|p1a: Incineroar\n|-resisted|p1b: Kyogre\n|-damage|p1a: Incineroar|26\/100\n|-damage|p1b: Kyogre|0 fnt\n|-unboost|p1a: Incineroar|accuracy|1\n|faint|p1b: Kyogre\n|cant|p2b: Miraidon|flinch\n|\n|-weather|RainDance|[upkeep]\n|upkeep\n|\n|t:|1739912655\n|switch|p1b: Urshifu|Urshifu, L50, F|100\/100\n|turn|5\n|\n|t:|1739912665\n|-terastallize|p2b: Miraidon|Fairy\n|-terastallize|p1b: Urshifu|Dark\n|move|p1b: Urshifu|Sucker Punch|p2b: Miraidon\n|-resisted|p2b: Miraidon\n|-damage|p2b: Miraidon|52\/100\n|move|p2a: Tatsugiri|Muddy Water|p1a: Incineroar|[spread] p1a,p1b\n|-supereffective|p1a: Incineroar\n|-damage|p1a: Incineroar|0 fnt\n|-damage|p1b: Urshifu|31\/100\n|faint|p1a: Incineroar\n|move|p2b: Miraidon|Dazzling Gleam|p1b: Urshifu\n|-supereffective|p1b: Urshifu\n|-damage|p1b: Urshifu|0 fnt\n|faint|p1b: Urshifu\n|\n|win|jonen\n|raw|GubbsVGC's rating: 1653 &rarr; <strong>1631<\/strong><br \/>(-22 for losing)\n|raw|jonen's rating: 1624 &rarr; <strong>1646<\/strong><br \/>(+22 for winning)\n|l|\u2606jonen\n|player|p2|\n|l|\u2606GubbsVGC\n|player|p1|\n|l| kiabu233\n","uploadtime":1739912832,"views":14,"formatid":"gen9vgc2025regg","rating":1631,"private":0,"password":null}