{"id":"gen9vgc2025regg-2303966091","format":"[Gen 9] VGC 2025 Reg G","players":["uwumbreon09","cricetodalpendolo"],"log":"|j|\u2606uwumbreon09\n|j|\u2606cricetodalpendolo\n|t:|1739993445\n|gametype|doubles\n|player|p1|uwumbreon09|blue|1547\n|player|p2|cricetodalpendolo|101|1576\n|teamsize|p1|6\n|teamsize|p2|6\n|gen|9\n|tier|[Gen 9] VGC 2025 Reg G\n|rated|\n|rule|Species Clause: Limit one of each Pok\u00e9mon\n|rule|Item Clause: Limit 1 of each item\n|clearpoke\n|poke|p1|Calyrex-Shadow, L50|\n|poke|p1|Rillaboom, L50, F|\n|poke|p1|Clefairy, L50, F|\n|poke|p1|Volcarona, L50, F|\n|poke|p1|Dondozo, L50, M|\n|poke|p1|Tatsugiri, L50, F|\n|poke|p2|Miraidon, L50|\n|poke|p2|Grimmsnarl, L50, M|\n|poke|p2|Iron Hands, L50|\n|poke|p2|Volcarona, L50, F|\n|poke|p2|Umbreon, L50, F|\n|poke|p2|Ogerpon-Hearthflame, L50, F|\n|teampreview|4\n|\n|t:|1739993471\n|start\n|switch|p1a: Calyrex|Calyrex-Shadow, L50|100\/100\n|switch|p1b: Rillaboom|Rillaboom, L50, F|100\/100\n|switch|p2a: Umbreon|Umbreon, L50, F|100\/100\n|switch|p2b: Grimmsnarl|Grimmsnarl, L50, M|100\/100\n|-ability|p1a: Calyrex|As One\n|-ability|p1a: Calyrex|Unnerve\n|-fieldstart|move: Grassy Terrain|[from] ability: Grassy Surge|[of] p1b: Rillaboom\n|-enditem|p1a: Calyrex|Grassy Seed\n|-boost|p1a: Calyrex|def|1|[from] item: Grassy Seed\n|turn|1\n|\n|t:|1739993501\n|-terastallize|p1a: Calyrex|Fairy\n|move|p2b: Grimmsnarl|Light Screen|p2b: Grimmsnarl\n|-sidestart|p2: cricetodalpendolo|move: Light Screen\n|move|p1a: Calyrex|Calm Mind|p1a: Calyrex\n|-boost|p1a: Calyrex|spa|1\n|-boost|p1a: Calyrex|spd|1\n|move|p1b: Rillaboom|Wood Hammer|p2b: Grimmsnarl\n|-crit|p2b: Grimmsnarl\n|-damage|p2b: Grimmsnarl|0 fnt\n|faint|p2b: Grimmsnarl\n|-damage|p1b: Rillaboom|69\/100|[from] Recoil\n|move|p2a: Umbreon|Snarl|p1b: Rillaboom|[spread] p1a,p1b\n|-resisted|p1a: Calyrex\n|-crit|p1b: Rillaboom\n|-damage|p1a: Calyrex|98\/100\n|-damage|p1b: Rillaboom|59\/100\n|-unboost|p1a: Calyrex|spa|1\n|-unboost|p1b: Rillaboom|spa|1\n|\n|-heal|p1a: Calyrex|100\/100|[from] Grassy Terrain\n|-heal|p1b: Rillaboom|65\/100|[from] Grassy Terrain\n|upkeep\n|inactive|Battle timer is ON: inactive players will automatically lose when time's up. (requested by uwumbreon09)\n|\n|t:|1739993538\n|switch|p2b: Ogerpon|Ogerpon-Hearthflame, L50, F|100\/100\n|-ability|p2b: Ogerpon|Mold Breaker\n|turn|2\n|inactive|uwumbreon09 has 30 seconds left.\n|\n|t:|1739993571\n|switch|p1b: Clefairy|Clefairy, L50, F|100\/100\n|move|p1a: Calyrex|Calm Mind|p1a: Calyrex\n|-boost|p1a: Calyrex|spa|1\n|-boost|p1a: Calyrex|spd|1\n|move|p2b: Ogerpon|Ivy Cudgel|p1b: Clefairy|[anim] Ivy Cudgel Fire\n|-damage|p1b: Clefairy|50\/100\n|move|p2a: Umbreon|Roar|p1a: Calyrex\n|drag|p1a: Rillaboom|Rillaboom, L50, F|65\/100\n|\n|-heal|p1a: Rillaboom|71\/100|[from] Grassy Terrain\n|-heal|p1b: Clefairy|57\/100|[from] Grassy Terrain\n|upkeep\n|turn|3\n|inactive|uwumbreon09 has 30 seconds left.\n|inactive|uwumbreon09 has 20 seconds left.\n|inactive|uwumbreon09 has 15 seconds left.\n|\n|t:|1739993611\n|move|p1b: Clefairy|Follow Me|p1b: Clefairy\n|-singleturn|p1b: Clefairy|move: Follow Me\n|move|p2b: Ogerpon|Ivy Cudgel|p1b: Clefairy|[anim] Ivy Cudgel Fire\n|-damage|p1b: Clefairy|8\/100\n|move|p1a: Rillaboom|Wood Hammer|p2a: Umbreon\n|-damage|p2a: Umbreon|48\/100\n|-enditem|p2a: Umbreon|Sitrus Berry|[eat]\n|-heal|p2a: Umbreon|73\/100|[from] item: Sitrus Berry\n|-damage|p1a: Rillaboom|54\/100|[from] Recoil\n|move|p2a: Umbreon|Taunt|p1b: Clefairy\n|-start|p1b: Clefairy|move: Taunt\n|\n|-heal|p1a: Rillaboom|60\/100|[from] Grassy Terrain\n|-heal|p2a: Umbreon|79\/100|[from] Grassy Terrain\n|-heal|p1b: Clefairy|15\/100|[from] Grassy Terrain\n|upkeep\n|turn|4\n|inactive|uwumbreon09 has 30 seconds left.\n|\n|t:|1739993642\n|switch|p1a: Volcarona|Volcarona, L50, F|100\/100\n|switch|p1b: Calyrex|Calyrex-Shadow, L50, tera:Fairy|100\/100\n|-ability|p1b: Calyrex|As One\n|-ability|p1b: Calyrex|Unnerve\n|move|p2b: Ogerpon|Ivy Cudgel|p1a: Volcarona|[anim] Ivy Cudgel Fire\n|-damage|p1a: Volcarona|31\/100\n|move|p2a: Umbreon|Snarl|p1b: Calyrex|[spread] p1a,p1b\n|-resisted|p1b: Calyrex\n|-damage|p1a: Volcarona|22\/100\n|-damage|p1b: Calyrex|97\/100\n|-unboost|p1a: Volcarona|spa|1\n|-unboost|p1b: Calyrex|spa|1\n|\n|-heal|p1b: Calyrex|100\/100|[from] Grassy Terrain\n|-heal|p1a: Volcarona|28\/100|[from] Grassy Terrain\n|-heal|p2a: Umbreon|85\/100|[from] Grassy Terrain\n|upkeep\n|turn|5\n|inactive|uwumbreon09 has 30 seconds left.\n|inactive|cricetodalpendolo has 30 seconds left.\n|inactive|uwumbreon09 has 20 seconds left.\n|inactive|cricetodalpendolo has 20 seconds left.\n|inactive|uwumbreon09 has 15 seconds left.\n|inactive|cricetodalpendolo has 15 seconds left.\n|inactive|cricetodalpendolo has 10 seconds left.\n|\n|t:|1739993691\n|move|p1a: Volcarona|Rage Powder|p1a: Volcarona\n|-singleturn|p1a: Volcarona|move: Rage Powder\n|move|p1b: Calyrex|Draining Kiss|p2a: Umbreon\n|-supereffective|p2a: Umbreon\n|-crit|p2a: Umbreon\n|-damage|p2a: Umbreon|25\/100\n|move|p2b: Ogerpon|Ivy Cudgel|p1a: Volcarona|[anim] Ivy Cudgel Fire\n|-damage|p1a: Volcarona|0 fnt\n|faint|p1a: Volcarona\n|move|p2a: Umbreon|Snarl|p1b: Calyrex\n|-resisted|p1b: Calyrex\n|-damage|p1b: Calyrex|95\/100\n|-unboost|p1b: Calyrex|spa|1\n|\n|-heal|p1b: Calyrex|100\/100|[from] Grassy Terrain\n|-heal|p2a: Umbreon|31\/100|[from] Grassy Terrain\n|-fieldend|move: Grassy Terrain\n|upkeep\n|\n|t:|1739993708\n|switch|p1a: Rillaboom|Rillaboom, L50, F|60\/100\n|-fieldstart|move: Grassy Terrain|[from] ability: Grassy Surge|[of] p1a: Rillaboom\n|turn|6\n|inactive|cricetodalpendolo has 30 seconds left.\n|\n|t:|1739993735\n|move|p1a: Rillaboom|Fake Out|p2b: Ogerpon\n|-damage|p2b: Ogerpon|87\/100\n|move|p1b: Calyrex|Draining Kiss|p2a: Umbreon\n|-supereffective|p2a: Umbreon\n|-damage|p2a: Umbreon|19\/100\n|cant|p2b: Ogerpon|flinch\n|move|p2a: Umbreon|Snarl|p1b: Calyrex|[spread] p1b\n|-miss|p2a: Umbreon|p1a: Rillaboom\n|-resisted|p1b: Calyrex\n|-damage|p1b: Calyrex|97\/100\n|-unboost|p1b: Calyrex|spa|1\n|\n|-heal|p1b: Calyrex|100\/100|[from] Grassy Terrain\n|-heal|p2b: Ogerpon|92\/100|[from] Grassy Terrain\n|-heal|p1a: Rillaboom|66\/100|[from] Grassy Terrain\n|-heal|p2a: Umbreon|25\/100|[from] Grassy Terrain\n|upkeep\n|turn|7\n|\n|t:|1739993755\n|switch|p1b: Clefairy|Clefairy, L50, F|15\/100\n|move|p1a: Rillaboom|Grassy Glide|p2a: Umbreon\n|-damage|p2a: Umbreon|2\/100\n|move|p2b: Ogerpon|Ivy Cudgel|p1a: Rillaboom|[anim] Ivy Cudgel Fire\n|-supereffective|p1a: Rillaboom\n|-damage|p1a: Rillaboom|0 fnt\n|faint|p1a: Rillaboom\n|move|p2a: Umbreon|Snarl|p1b: Clefairy\n|-resisted|p1b: Clefairy\n|-damage|p1b: Clefairy|10\/100\n|-unboost|p1b: Clefairy|spa|1\n|\n|-heal|p2b: Ogerpon|98\/100|[from] Grassy Terrain\n|-heal|p2a: Umbreon|8\/100|[from] Grassy Terrain\n|-heal|p1b: Clefairy|16\/100|[from] Grassy Terrain\n|upkeep\n|\n|t:|1739993763\n|switch|p1a: Calyrex|Calyrex-Shadow, L50, tera:Fairy|100\/100\n|-ability|p1a: Calyrex|As One\n|-ability|p1a: Calyrex|Unnerve\n|turn|8\n|\n|t:|1739993786\n|move|p1b: Clefairy|Protect|p1b: Clefairy\n|-singleturn|p1b: Clefairy|Protect\n|move|p1a: Calyrex|Astral Barrage|p2b: Ogerpon|[spread] p2a,p2b\n|-resisted|p2a: Umbreon\n|-damage|p2a: Umbreon|0 fnt\n|-damage|p2b: Ogerpon|65\/100\n|faint|p2a: Umbreon\n|-ability|p1a: Calyrex|Grim Neigh|boost\n|-boost|p1a: Calyrex|spa|1\n|move|p2b: Ogerpon|Horn Leech|p1b: Clefairy\n|-activate|p1b: Clefairy|move: Protect\n|\n|-heal|p2b: Ogerpon|71\/100|[from] Grassy Terrain\n|-heal|p1b: Clefairy|22\/100|[from] Grassy Terrain\n|-sideend|p2: cricetodalpendolo|move: Light Screen\n|upkeep\n|\n|t:|1739993792\n|switch|p2a: Miraidon|Miraidon, L50|100\/100\n|-fieldstart|move: Electric Terrain|[from] ability: Hadron Engine|[of] p2a: Miraidon\n|turn|9\n|\n|t:|1739993810\n|-terastallize|p2a: Miraidon|Fairy\n|move|p1b: Clefairy|Helping Hand|p1a: Calyrex\n|-singleturn|p1a: Calyrex|Helping Hand|[of] p1b: Clefairy\n|move|p1a: Calyrex|Astral Barrage|p2a: Miraidon|[spread] p2a,p2b\n|-damage|p2a: Miraidon|4\/100\n|-damage|p2b: Ogerpon|0 fnt\n|faint|p2b: Ogerpon\n|-ability|p1a: Calyrex|Grim Neigh|boost\n|-boost|p1a: Calyrex|spa|1\n|move|p2a: Miraidon|Dazzling Gleam|p1a: Calyrex|[spread] p1a,p1b\n|-damage|p1a: Calyrex|55\/100\n|-damage|p1b: Clefairy|0 fnt\n|faint|p1b: Clefairy\n|\n|upkeep\n|turn|10\n|\n|t:|1739993821\n|move|p1a: Calyrex|Astral Barrage|p2a: Miraidon\n|-damage|p2a: Miraidon|0 fnt\n|faint|p2a: Miraidon\n|\n|win|uwumbreon09\n|raw|uwumbreon09's rating: 1547 &rarr; <strong>1569<\/strong><br \/>(+22 for winning)\n|raw|cricetodalpendolo's rating: 1576 &rarr; <strong>1554<\/strong><br \/>(-22 for losing)\n|l|\u2606cricetodalpendolo\n|player|p2|\n|l|\u2606uwumbreon09\n|player|p1|\n","uploadtime":1739994041,"views":18,"formatid":"gen9vgc2025regg","rating":1554,"private":0,"password":null}