{"id":"gen9vgc2025regg-2303284632","format":"[Gen 9] VGC 2025 Reg G","players":["Yung Trav","Sheevp"],"log":"|j|\u203dYung Trav\n|j|\u2606Sheevp\n|t:|1739905645\n|gametype|doubles\n|player|p1|Yung Trav|2|1628\n|player|p2|Sheevp|102|1574\n|teamsize|p1|6\n|teamsize|p2|6\n|gen|9\n|tier|[Gen 9] VGC 2025 Reg G\n|rated|\n|rule|Species Clause: Limit one of each Pok\u00e9mon\n|rule|Item Clause: Limit 1 of each item\n|clearpoke\n|poke|p1|Calyrex-Ice, L50|\n|poke|p1|Regidrago, L50|\n|poke|p1|Smeargle, L50, M|\n|poke|p1|Farigiraf, L50, M|\n|poke|p1|Urshifu-*, L50, M|\n|poke|p1|Ogerpon-Cornerstone, L50, F|\n|poke|p2|Volcarona, L50, M|\n|poke|p2|Rillaboom, L50, F|\n|poke|p2|Overqwil, L50, F|\n|poke|p2|Landorus, L50, M|\n|poke|p2|Kyogre, L50|\n|poke|p2|Roaring Moon, L50|\n|teampreview|4\n|inactive|Battle timer is ON: inactive players will automatically lose when time's up. (requested by Yung Trav)\n|j| Samevgcmons\n|j| 413XP\n|\n|t:|1739905672\n|start\n|switch|p1a: Calyrex|Calyrex-Ice, L50|100\/100\n|switch|p1b: Urshifu|Urshifu, L50, M|100\/100\n|switch|p2a: Spitter|Overqwil, L50, F|100\/100\n|switch|p2b: Ripjaws|Kyogre, L50|100\/100\n|-ability|p1a: Calyrex|As One\n|-ability|p1a: Calyrex|Unnerve\n|-weather|RainDance|[from] ability: Drizzle|[of] p2b: Ripjaws\n|turn|1\n|inactive|Yung Trav has 30 seconds left.\n|inactive|Sheevp has 30 seconds left.\n|inactive|Sheevp has 20 seconds left.\n|inactive|Sheevp has 15 seconds left.\n|\n|t:|1739905712\n|-terastallize|p1a: Calyrex|Water\n|move|p2a: Spitter|Poison Jab|p1b: Urshifu\n|-damage|p1b: Urshifu|47\/100\n|-damage|p2a: Spitter|91\/100|[from] item: Life Orb\n|move|p1b: Urshifu|Wicked Blow|p2b: Ripjaws\n|-crit|p2b: Ripjaws\n|-damage|p2b: Ripjaws|35\/100\n|move|p2b: Ripjaws|Origin Pulse|p1a: Calyrex|[spread] p1a,p1b\n|-resisted|p1a: Calyrex\n|-damage|p1a: Calyrex|61\/100\n|-damage|p1b: Urshifu|0 fnt\n|faint|p1b: Urshifu\n|move|p1a: Calyrex|Trick Room|p1a: Calyrex\n|-fieldstart|move: Trick Room|[of] p1a: Calyrex\n|\n|-weather|RainDance|[upkeep]\n|upkeep\n|\n|t:|1739905731\n|switch|p1b: Regidrago|Regidrago, L50, shiny|100\/100\n|turn|2\n|\n|t:|1739905746\n|move|p2a: Spitter|Protect|p2a: Spitter\n|-singleturn|p2a: Spitter|Protect\n|move|p1b: Regidrago|Dragon Energy|p2b: Ripjaws|[spread] p2b\n|-activate|p2a: Spitter|move: Protect\n|-damage|p2b: Ripjaws|0 fnt\n|faint|p2b: Ripjaws\n|move|p1a: Calyrex|Glacial Lance|p2a: Spitter\n|-activate|p2a: Spitter|move: Protect\n|\n|-weather|RainDance|[upkeep]\n|upkeep\n|\n|t:|1739905754\n|switch|p2b: Wildvine|Rillaboom, L50, F|100\/100\n|-fieldstart|move: Grassy Terrain|[from] ability: Grassy Surge|[of] p2b: Wildvine\n|turn|3\n|inactive|Yung Trav has 30 seconds left.\n|\n|t:|1739905786\n|-terastallize|p2b: Wildvine|Fire\n|move|p2b: Wildvine|Fake Out|p1b: Regidrago\n|-damage|p1b: Regidrago|91\/100\n|cant|p1b: Regidrago|flinch\n|move|p1a: Calyrex|Glacial Lance|p2a: Spitter|[spread] p2a,p2b\n|-resisted|p2b: Wildvine\n|-damage|p2a: Spitter|18\/100\n|-damage|p2b: Wildvine|73\/100\n|move|p2a: Spitter|Poison Jab|p1a: Calyrex\n|-damage|p1a: Calyrex|26\/100\n|-status|p1a: Calyrex|psn\n|-damage|p2a: Spitter|8\/100|[from] item: Life Orb\n|\n|-weather|RainDance|[upkeep]\n|-heal|p1b: Regidrago|97\/100|[from] Grassy Terrain\n|-heal|p1a: Calyrex|32\/100 psn|[from] Grassy Terrain\n|-heal|p2b: Wildvine|79\/100|[from] Grassy Terrain\n|-heal|p2a: Spitter|14\/100|[from] Grassy Terrain\n|-damage|p1a: Calyrex|20\/100 psn|[from] psn\n|upkeep\n|turn|4\n|inactive|Yung Trav has 30 seconds left.\n|\n|t:|1739905819\n|move|p2a: Spitter|Protect|p2a: Spitter\n|-singleturn|p2a: Spitter|Protect\n|move|p2b: Wildvine|Grassy Glide|p1a: Calyrex\n|-supereffective|p1a: Calyrex\n|-damage|p1a: Calyrex|0 fnt\n|faint|p1a: Calyrex\n|move|p1b: Regidrago|Dragon Energy|p2b: Wildvine|[spread] p2b\n|-activate|p2a: Spitter|move: Protect\n|-damage|p2b: Wildvine|29\/100\n|\n|-weather|RainDance|[upkeep]\n|-heal|p1b: Regidrago|100\/100|[from] Grassy Terrain\n|-heal|p2b: Wildvine|34\/100|[from] Grassy Terrain\n|-heal|p2a: Spitter|20\/100|[from] Grassy Terrain\n|upkeep\n|\n|t:|1739905841\n|switch|p1a: Smeargle|Smeargle, L50, M, shiny|100\/100\n|turn|5\n|\n|t:|1739905848\n|switch|p2a: Swampfire|Volcarona, L50, M|100\/100\n|move|p2b: Wildvine|Grassy Glide|p1a: Smeargle\n|-damage|p1a: Smeargle|49\/100\n|move|p1b: Regidrago|Dragon Energy|p2a: Swampfire|[spread] p2a,p2b\n|-damage|p2a: Swampfire|29\/100\n|-damage|p2b: Wildvine|0 fnt\n|faint|p2b: Wildvine\n|move|p1a: Smeargle|Decorate|p1b: Regidrago\n|-boost|p1b: Regidrago|atk|2\n|-boost|p1b: Regidrago|spa|2\n|\n|-weather|none\n|-heal|p1a: Smeargle|55\/100|[from] Grassy Terrain\n|-heal|p2a: Swampfire|35\/100|[from] Grassy Terrain\n|-fieldend|move: Trick Room\n|upkeep\n|\n|t:|1739905860\n|switch|p2b: Spitter|Overqwil, L50, F|20\/100\n|turn|6\n|\n|t:|1739905869\n|move|p1a: Smeargle|Follow Me|p1a: Smeargle\n|-singleturn|p1a: Smeargle|move: Follow Me\n|move|p2a: Swampfire|Bug Buzz|p1a: Smeargle\n|-damage|p1a: Smeargle|0 fnt\n|faint|p1a: Smeargle\n|move|p2b: Spitter|Poison Jab|p1b: Regidrago\n|-damage|p1b: Regidrago|58\/100\n|-damage|p2b: Spitter|10\/100|[from] item: Life Orb\n|move|p1b: Regidrago|Dragon Energy|p2b: Spitter|[spread] p2a,p2b\n|-damage|p2a: Swampfire|0 fnt\n|-damage|p2b: Spitter|0 fnt\n|faint|p2a: Swampfire\n|faint|p2b: Spitter\n|\n|win|Yung Trav\n|raw|Yung Trav's rating: 1628 &rarr; <strong>1645<\/strong><br \/>(+17 for winning)\n|raw|Sheevp's rating: 1574 &rarr; <strong>1557<\/strong><br \/>(-17 for losing)\n|l| Samevgcmons\n|l|\u2606Sheevp\n|player|p2|\n|l|\u203dYung Trav\n|player|p1|\n","uploadtime":1739906049,"views":19,"formatid":"gen9vgc2025regg","rating":1557,"private":0,"password":null}