{"id":"gen9vgc2025regg-2303342133","format":"[Gen 9] VGC 2025 Reg G","players":["Dimonutive","kriemhildgretchen1"],"log":"|j|\u2606Dimonutive\n|j|\u2606kriemhildgretchen1\n|t:|1739911400\n|gametype|doubles\n|player|p1|Dimonutive|li|1549\n|player|p2|kriemhildgretchen1|marley|1540\n|teamsize|p1|6\n|teamsize|p2|6\n|gen|9\n|tier|[Gen 9] VGC 2025 Reg G\n|rated|\n|rule|Species Clause: Limit one of each Pok\u00e9mon\n|rule|Item Clause: Limit 1 of each item\n|clearpoke\n|poke|p1|Terapagos, L50, M|\n|poke|p1|Grimmsnarl, L50, M|\n|poke|p1|Sinistcha, L50|\n|poke|p1|Cresselia, L50, F|\n|poke|p1|Okidogi, L50, M|\n|poke|p1|Landorus-Therian, L50, M|\n|poke|p2|Terapagos, L50, M|\n|poke|p2|Amoonguss, L50, F|\n|poke|p2|Incineroar, L50, F|\n|poke|p2|Flutter Mane, L50|\n|poke|p2|Raging Bolt, L50|\n|poke|p2|Farigiraf, L50, F|\n|teampreview|4\n|inactive|Battle timer is ON: inactive players will automatically lose when time's up. (requested by kriemhildgretchen1)\n|c|\u2606Dimonutive|ooh cool team!\n|c|\u2606kriemhildgretchen1|:D\n|j| 413XP\n|inactive|kriemhildgretchen1 has 60 seconds left.\n|inactive|Dimonutive has 60 seconds left.\n|\n|t:|1739911441\n|start\n|switch|p1a: Cresselia|Cresselia, L50, F|100\/100\n|switch|p1b: Okidogi|Okidogi, L50, M|100\/100\n|switch|p2a: Terapagos|Terapagos, L50, M|100\/100\n|switch|p2b: Flutter Mane|Flutter Mane, L50|100\/100\n|-activate|p2a: Terapagos|ability: Tera Shift\n|detailschange|p2a: Terapagos|Terapagos-Terastal, L50, M\n|-heal|p2a: Terapagos|100\/100|[silent]\n|-enditem|p2b: Flutter Mane|Booster Energy\n|-activate|p2b: Flutter Mane|ability: Protosynthesis|[fromitem]\n|-start|p2b: Flutter Mane|protosynthesisspe\n|turn|1\n|\n|t:|1739911452\n|move|p2b: Flutter Mane|Taunt|p1a: Cresselia\n|-start|p1a: Cresselia|move: Taunt\n|move|p1a: Cresselia|Moonblast|p2a: Terapagos\n|-activate|p2a: Terapagos|ability: Tera Shell\n|-resisted|p2a: Terapagos\n|-damage|p2a: Terapagos|93\/100\n|move|p1b: Okidogi|Gunk Shot|p2b: Flutter Mane|[miss]\n|-miss|p1b: Okidogi|p2b: Flutter Mane\n|move|p2a: Terapagos|Calm Mind|p2a: Terapagos\n|-boost|p2a: Terapagos|spa|1\n|-boost|p2a: Terapagos|spd|1\n|\n|-heal|p2a: Terapagos|99\/100|[from] item: Leftovers\n|upkeep\n|turn|2\n|\n|t:|1739911471\n|move|p2a: Terapagos|Protect|p2a: Terapagos\n|-singleturn|p2a: Terapagos|Protect\n|move|p2b: Flutter Mane|Thunder Wave|p1b: Okidogi\n|-status|p1b: Okidogi|par\n|move|p1a: Cresselia|Moonblast|p2b: Flutter Mane\n|-damage|p2b: Flutter Mane|86\/100\n|move|p1b: Okidogi|Drain Punch|p2a: Terapagos\n|-activate|p2a: Terapagos|move: Protect\n|\n|-heal|p2a: Terapagos|100\/100|[from] item: Leftovers\n|upkeep\n|turn|3\n|\n|t:|1739911491\n|-end|p2b: Flutter Mane|Protosynthesis|[silent]\n|switch|p2b: Amoonguss|Amoonguss, L50, F|100\/100\n|move|p1a: Cresselia|Moonblast|p2a: Terapagos\n|-activate|p2a: Terapagos|ability: Tera Shell\n|-resisted|p2a: Terapagos\n|-damage|p2a: Terapagos|96\/100\n|-unboost|p2a: Terapagos|spa|1\n|move|p2a: Terapagos|Calm Mind|p2a: Terapagos\n|-boost|p2a: Terapagos|spa|1\n|-boost|p2a: Terapagos|spd|1\n|move|p1b: Okidogi|Drain Punch|p2a: Terapagos\n|-supereffective|p2a: Terapagos\n|-damage|p2a: Terapagos|42\/100\n|\n|-heal|p2a: Terapagos|48\/100|[from] item: Leftovers\n|-end|p1a: Cresselia|move: Taunt\n|upkeep\n|turn|4\n|\n|t:|1739911506\n|move|p2b: Amoonguss|Rage Powder|p2b: Amoonguss\n|-singleturn|p2b: Amoonguss|move: Rage Powder\n|move|p1a: Cresselia|Lunar Blessing|p1a: Cresselia|[spread] p1a,p1b\n|-curestatus|p1b: Okidogi|par|[msg]\n|move|p1b: Okidogi|Gunk Shot|p2b: Amoonguss\n|-damage|p2b: Amoonguss|52\/100\n|move|p2a: Terapagos|Calm Mind|p2a: Terapagos\n|-boost|p2a: Terapagos|spa|1\n|-boost|p2a: Terapagos|spd|1\n|\n|-heal|p2a: Terapagos|54\/100|[from] item: Leftovers\n|upkeep\n|turn|5\n|\n|t:|1739911524\n|-terastallize|p2a: Terapagos|Stellar\n|detailschange|p2a: Terapagos|Terapagos-Stellar, L50, M, tera:Stellar\n|-heal|p2a: Terapagos|66\/100|[silent]\n|move|p1a: Cresselia|Helping Hand|p1b: Okidogi\n|-singleturn|p1b: Okidogi|Helping Hand|[of] p1a: Cresselia\n|move|p1b: Okidogi|Gunk Shot|p2a: Terapagos\n|-damage|p2a: Terapagos|16\/100\n|-status|p2a: Terapagos|psn\n|move|p2a: Terapagos|Earth Power|p1b: Okidogi\n|-supereffective|p1b: Okidogi\n|-damage|p1b: Okidogi|14\/100\n|move|p2b: Amoonguss|Pollen Puff|p2a: Terapagos\n|-heal|p2a: Terapagos|65\/100 psn\n|\n|-heal|p2a: Terapagos|72\/100 psn|[from] item: Leftovers\n|-damage|p2a: Terapagos|59\/100 psn|[from] psn\n|upkeep\n|turn|6\n|inactive|Dimonutive has 30 seconds left.\n|inactive|Dimonutive has 20 seconds left.\n|inactive|Dimonutive has 15 seconds left.\n|\n|t:|1739911568\n|move|p1a: Cresselia|Lunar Blessing|p1a: Cresselia|[spread] p1a,p1b\n|-heal|p1b: Okidogi|39\/100\n|move|p1b: Okidogi|Drain Punch|p2a: Terapagos\n|-supereffective|p2a: Terapagos\n|-damage|p2a: Terapagos|22\/100 psn\n|-heal|p1b: Okidogi|64\/100|[from] drain|[of] p2a: Terapagos\n|move|p2a: Terapagos|Tera Starstorm|p1a: Cresselia|[spread] p1a,p1b\n|-damage|p1a: Cresselia|61\/100\n|-damage|p1b: Okidogi|20\/100\n|move|p2b: Amoonguss|Pollen Puff|p2a: Terapagos\n|-heal|p2a: Terapagos|72\/100 psn\n|\n|-heal|p2a: Terapagos|78\/100 psn|[from] item: Leftovers\n|-damage|p2a: Terapagos|65\/100 psn|[from] psn\n|upkeep\n|turn|7\n|\n|t:|1739911583\n|move|p1a: Cresselia|Helping Hand|p1b: Okidogi\n|-singleturn|p1b: Okidogi|Helping Hand|[of] p1a: Cresselia\n|move|p2a: Terapagos|Protect|p2a: Terapagos\n|-singleturn|p2a: Terapagos|Protect\n|move|p1b: Okidogi|Gunk Shot|p2b: Amoonguss\n|-damage|p2b: Amoonguss|0 fnt\n|faint|p2b: Amoonguss\n|\n|-heal|p2a: Terapagos|72\/100 psn|[from] item: Leftovers\n|-damage|p2a: Terapagos|59\/100 psn|[from] psn\n|upkeep\n|\n|t:|1739911587\n|switch|p2b: Flutter Mane|Flutter Mane, L50|86\/100\n|turn|8\n|\n|t:|1739911597\n|move|p1a: Cresselia|Ally Switch|p1a: Cresselia\n|swap|p1a: Cresselia|1|[from] move: Ally Switch\n|move|p2b: Flutter Mane|Icy Wind|p1b: Cresselia|[spread] p1a,p1b\n|-damage|p1a: Okidogi|12\/100\n|-damage|p1b: Cresselia|54\/100\n|-unboost|p1a: Okidogi|spe|1\n|-unboost|p1b: Cresselia|spe|1\n|move|p2a: Terapagos|Tera Starstorm|p1a: Okidogi|[spread] p1a,p1b\n|-damage|p1a: Okidogi|0 fnt\n|-damage|p1b: Cresselia|15\/100\n|faint|p1a: Okidogi\n|\n|-heal|p2a: Terapagos|65\/100 psn|[from] item: Leftovers\n|-damage|p2a: Terapagos|53\/100 psn|[from] psn\n|upkeep\n|\n|t:|1739911607\n|switch|p1a: Terapagos|Terapagos, L50, M|100\/100\n|-activate|p1a: Terapagos|ability: Tera Shift\n|detailschange|p1a: Terapagos|Terapagos-Terastal, L50, M\n|-heal|p1a: Terapagos|100\/100|[silent]\n|turn|9\n|\n|t:|1739911619\n|-terastallize|p1a: Terapagos|Stellar\n|detailschange|p1a: Terapagos|Terapagos-Stellar, L50, M, tera:Stellar\n|-heal|p1a: Terapagos|100\/100|[silent]\n|move|p1b: Cresselia|Helping Hand|p1a: Terapagos\n|-singleturn|p1a: Terapagos|Helping Hand|[of] p1b: Cresselia\n|move|p2a: Terapagos|Protect|p2a: Terapagos\n|-singleturn|p2a: Terapagos|Protect\n|move|p2b: Flutter Mane|Moonblast|p1a: Terapagos\n|-damage|p1a: Terapagos|71\/100\n|move|p1a: Terapagos|Tera Starstorm|p2b: Flutter Mane|[spread] p2b\n|-activate|p2a: Terapagos|move: Protect\n|-damage|p2b: Flutter Mane|39\/100\n|\n|-heal|p2a: Terapagos|59\/100 psn|[from] item: Leftovers\n|-damage|p2a: Terapagos|47\/100 psn|[from] psn\n|upkeep\n|turn|10\n|\n|t:|1739911638\n|move|p1b: Cresselia|Helping Hand|p1a: Terapagos\n|-singleturn|p1a: Terapagos|Helping Hand|[of] p1b: Cresselia\n|move|p2b: Flutter Mane|Icy Wind|p1a: Terapagos|[spread] p1a,p1b\n|-damage|p1a: Terapagos|63\/100\n|-damage|p1b: Cresselia|8\/100\n|-unboost|p1b: Cresselia|spe|1\n|move|p1a: Terapagos|Tera Starstorm|p2a: Terapagos|[spread] p2a,p2b\n|-supereffective|p2a: Terapagos\n|-damage|p2a: Terapagos|20\/100 psn\n|-damage|p2b: Flutter Mane|0 fnt\n|faint|p2b: Flutter Mane\n|-end|p2b: Flutter Mane|Protosynthesis|[silent]\n|move|p2a: Terapagos|Tera Starstorm|p1a: Terapagos|[spread] p1a,p1b\n|-supereffective|p1a: Terapagos\n|-damage|p1a: Terapagos|0 fnt\n|-damage|p1b: Cresselia|0 fnt\n|faint|p1a: Terapagos\n|faint|p1b: Cresselia\n|\n|-heal|p2a: Terapagos|27\/100 psn|[from] item: Leftovers\n|-damage|p2a: Terapagos|14\/100 psn|[from] psn\n|upkeep\n|\n|t:|1739911650\n|switch|p2b: Incineroar|Incineroar, L50, F|100\/100\n|switch|p1b: Landorus|Landorus-Therian, L50, M|100\/100\n|-ability|p1b: Landorus|Intimidate|boost\n|-unboost|p2a: Terapagos|atk|1\n|-unboost|p2b: Incineroar|atk|1\n|-ability|p2b: Incineroar|Intimidate|boost\n|-unboost|p1b: Landorus|atk|1\n|turn|11\n|\n|t:|1739911655\n|move|p2b: Incineroar|Fake Out|p1b: Landorus\n|-damage|p1b: Landorus|93\/100\n|cant|p1b: Landorus|flinch\n|move|p2a: Terapagos|Tera Starstorm|p1b: Landorus\n|-damage|p1b: Landorus|0 fnt\n|faint|p1b: Landorus\n|\n|win|kriemhildgretchen1\n|raw|Dimonutive's rating: 1549 &rarr; <strong>1528<\/strong><br \/>(-21 for losing)\n|raw|kriemhildgretchen1's rating: 1540 &rarr; <strong>1561<\/strong><br \/>(+21 for winning)\n|c|\u2606kriemhildgretchen1|gg\n|c|\u2606Dimonutive|gg!\n","uploadtime":1739911665,"views":19,"formatid":"gen9vgc2025regg","rating":1528,"private":0,"password":null}