{"id":"gen9vgc2025regg-2303350457","format":"[Gen 9] VGC 2025 Reg G","players":["elvegis1","Dimonutive"],"log":"|j|\u2606elvegis1\n|j|\u2606Dimonutive\n|t:|1739912248\n|gametype|doubles\n|player|p1|elvegis1|lucas|1614\n|player|p2|Dimonutive|li|1598\n|teamsize|p1|6\n|teamsize|p2|6\n|gen|9\n|tier|[Gen 9] VGC 2025 Reg G\n|rated|\n|rule|Species Clause: Limit one of each Pok\u00e9mon\n|rule|Item Clause: Limit 1 of each item\n|clearpoke\n|poke|p1|Calyrex-Shadow, L50|\n|poke|p1|Urshifu-*, L50, M|\n|poke|p1|Whimsicott, L50, F|\n|poke|p1|Incineroar, L50, F|\n|poke|p1|Ditto, L50|\n|poke|p1|Raging Bolt, L50|\n|poke|p2|Terapagos, L50, M|\n|poke|p2|Grimmsnarl, L50, M|\n|poke|p2|Sinistcha, L50|\n|poke|p2|Cresselia, L50, F|\n|poke|p2|Okidogi, L50, M|\n|poke|p2|Landorus-Therian, L50, M|\n|teampreview|4\n|inactive|Battle timer is ON: inactive players will automatically lose when time's up. (requested by elvegis1)\n|inactive|elvegis1 has 60 seconds left.\n|inactive|Dimonutive has 60 seconds left.\n|\n|t:|1739912310\n|start\n|switch|p1a: Urshifu|Urshifu-Rapid-Strike, L50, M|100\/100\n|switch|p1b: Calyrex|Calyrex-Shadow, L50|100\/100\n|switch|p2a: Terapagos|Terapagos, L50, M|100\/100\n|switch|p2b: Grimmsnarl|Grimmsnarl, L50, M|100\/100\n|-activate|p2a: Terapagos|ability: Tera Shift\n|detailschange|p2a: Terapagos|Terapagos-Terastal, L50, M\n|-heal|p2a: Terapagos|100\/100|[silent]\n|-ability|p1b: Calyrex|As One\n|-ability|p1b: Calyrex|Unnerve\n|turn|1\n|inactive|elvegis1 has 30 seconds left.\n|inactive|elvegis1 has 20 seconds left.\n|inactive|elvegis1 has 15 seconds left.\n|inactive|elvegis1 has 10 seconds left.\n|inactive|elvegis1 has 5 seconds left.\n|\n|t:|1739912361\n|switch|p1b: Incineroar|Incineroar, L50, F|100\/100\n|-ability|p1b: Incineroar|Intimidate|boost\n|-unboost|p2a: Terapagos|atk|1\n|-unboost|p2b: Grimmsnarl|atk|1\n|move|p2a: Terapagos|Protect|p2a: Terapagos\n|-singleturn|p2a: Terapagos|Protect\n|move|p1a: Urshifu|Taunt|p2a: Terapagos\n|-activate|p2a: Terapagos|move: Protect\n|move|p2b: Grimmsnarl|Foul Play|p1b: Incineroar\n|-resisted|p1b: Incineroar\n|-damage|p1b: Incineroar|88\/100\n|\n|upkeep\n|turn|2\n|inactive|elvegis1 has 30 seconds left.\n|\n|t:|1739912394\n|-terastallize|p2a: Terapagos|Stellar\n|detailschange|p2a: Terapagos|Terapagos-Stellar, L50, M, tera:Stellar\n|-heal|p2a: Terapagos|100\/100|[silent]\n|move|p2b: Grimmsnarl|Reflect|p2b: Grimmsnarl\n|-sidestart|p2: Dimonutive|Reflect\n|move|p1a: Urshifu|Taunt|p2b: Grimmsnarl\n|-start|p2b: Grimmsnarl|move: Taunt\n|move|p2a: Terapagos|Tera Starstorm|p1b: Incineroar|[spread] p1a,p1b\n|-damage|p1a: Urshifu|49\/100\n|-damage|p1b: Incineroar|55\/100\n|move|p1b: Incineroar|Knock Off|p2a: Terapagos\n|-damage|p2a: Terapagos|87\/100\n|-enditem|p2a: Terapagos|Covert Cloak|[from] move: Knock Off|[of] p1b: Incineroar\n|\n|upkeep\n|turn|3\n|\n|t:|1739912417\n|switch|p2b: Landorus|Landorus-Therian, L50, M|100\/100\n|-ability|p2b: Landorus|Intimidate|boost\n|-unboost|p1a: Urshifu|atk|1\n|-unboost|p1b: Incineroar|atk|1\n|move|p1a: Urshifu|Detect|p1a: Urshifu\n|-singleturn|p1a: Urshifu|Protect\n|move|p2a: Terapagos|Tera Starstorm|p1a: Urshifu|[spread] p1b\n|-activate|p1a: Urshifu|move: Protect\n|-damage|p1b: Incineroar|23\/100\n|move|p1b: Incineroar|Parting Shot|p2a: Terapagos\n|-unboost|p2a: Terapagos|atk|1\n|-unboost|p2a: Terapagos|spa|1\n|\n|t:|1739912430\n|switch|p1b: Calyrex|Calyrex-Shadow, L50|100\/100|[from] Parting Shot\n|-ability|p1b: Calyrex|As One\n|-ability|p1b: Calyrex|Unnerve\n|\n|upkeep\n|turn|4\n|\n|t:|1739912446\n|switch|p1a: Incineroar|Incineroar, L50, F|23\/100\n|-ability|p1a: Incineroar|Intimidate|boost\n|-unboost|p2a: Terapagos|atk|1\n|-unboost|p2b: Landorus|atk|1\n|move|p2b: Landorus|Rock Tomb|p1a: Incineroar\n|-supereffective|p1a: Incineroar\n|-damage|p1a: Incineroar|0 fnt\n|faint|p1a: Incineroar\n|move|p1b: Calyrex|Nasty Plot|p1b: Calyrex\n|-boost|p1b: Calyrex|spa|2\n|move|p2a: Terapagos|Tera Starstorm|p1b: Calyrex\n|-damage|p1b: Calyrex|73\/100\n|\n|upkeep\n|\n|t:|1739912466\n|switch|p1a: Urshifu|Urshifu-Rapid-Strike, L50, M|49\/100\n|turn|5\n|\n|t:|1739912475\n|switch|p2b: Sinistcha|Sinistcha, L50|100\/100\n|-heal|p2a: Terapagos|100\/100|[from] ability: Hospitality|[of] p2b: Sinistcha\n|move|p1a: Urshifu|Detect|p1a: Urshifu\n|-singleturn|p1a: Urshifu|Protect\n|move|p1b: Calyrex|Astral Barrage|p2b: Sinistcha|[spread] p2b\n|-immune|p2a: Terapagos\n|-supereffective|p2b: Sinistcha\n|-damage|p2b: Sinistcha|0 fnt\n|faint|p2b: Sinistcha\n|-ability|p1b: Calyrex|Grim Neigh|boost\n|-boost|p1b: Calyrex|spa|1\n|move|p2a: Terapagos|Tera Starstorm|p1a: Urshifu|[spread] p1b\n|-activate|p1a: Urshifu|move: Protect\n|-damage|p1b: Calyrex|50\/100\n|\n|upkeep\n|\n|t:|1739912484\n|switch|p2b: Landorus|Landorus-Therian, L50, M|100\/100\n|-ability|p2b: Landorus|Intimidate|boost\n|-unboost|p1a: Urshifu|atk|1\n|-unboost|p1b: Calyrex|atk|1\n|turn|6\n|\n|t:|1739912495\n|switch|p1a: Ditto|Ditto, L50|100\/100\n|-transform|p1a: Ditto|p2b: Landorus|[from] ability: Imposter\n|-ability|p1a: Ditto|Intimidate|boost\n|-unboost|p2a: Terapagos|atk|1\n|-unboost|p2b: Landorus|atk|1\n|move|p2b: Landorus|Rock Tomb|p1a: Ditto\n|-damage|p1a: Ditto|84\/100\n|-unboost|p1a: Ditto|spe|1\n|move|p1b: Calyrex|Astral Barrage|p2b: Landorus|[spread] p2b\n|-immune|p2a: Terapagos\n|-crit|p2b: Landorus\n|-damage|p2b: Landorus|0 fnt\n|faint|p2b: Landorus\n|-ability|p1b: Calyrex|Grim Neigh|boost\n|-boost|p1b: Calyrex|spa|1\n|move|p2a: Terapagos|Tera Starstorm|p1b: Calyrex|[spread] p1a,p1b\n|-damage|p1a: Ditto|50\/100\n|-damage|p1b: Calyrex|29\/100\n|\n|-sideend|p2: Dimonutive|Reflect\n|upkeep\n|\n|t:|1739912497\n|switch|p2b: Grimmsnarl|Grimmsnarl, L50, M|100\/100\n|turn|7\n|\n|t:|1739912520\n|move|p1b: Calyrex|Protect|p1b: Calyrex\n|-singleturn|p1b: Calyrex|Protect\n|move|p2b: Grimmsnarl|Fake Out|p1a: Ditto\n|-damage|p1a: Ditto|36\/100\n|move|p2a: Terapagos|Calm Mind|p2a: Terapagos\n|-boost|p2a: Terapagos|spa|1\n|-boost|p2a: Terapagos|spd|1\n|cant|p1a: Ditto|flinch\n|\n|upkeep\n|turn|8\n|\n|t:|1739912544\n|move|p2b: Grimmsnarl|Reflect|p2b: Grimmsnarl\n|-sidestart|p2: Dimonutive|Reflect\n|move|p1b: Calyrex|Astral Barrage|p2a: Terapagos|[spread] p2b\n|-immune|p2a: Terapagos\n|-resisted|p2b: Grimmsnarl\n|-damage|p2b: Grimmsnarl|4\/100\n|move|p2a: Terapagos|Tera Starstorm|p1b: Calyrex|[spread] p1a,p1b\n|-damage|p1a: Ditto|0 fnt\n|-damage|p1b: Calyrex|0 fnt\n|faint|p1a: Ditto\n|faint|p1b: Calyrex\n|\n|upkeep\n|\n|t:|1739912554\n|switch|p1b: Urshifu|Urshifu-Rapid-Strike, L50, M|49\/100\n|turn|9\n|\n|t:|1739912560\n|move|p2b: Grimmsnarl|Parting Shot|p1b: Urshifu\n|-unboost|p1b: Urshifu|atk|1\n|-unboost|p1b: Urshifu|spa|1\n|move|p1b: Urshifu|Surging Strikes|p2a: Terapagos\n|-crit|p2a: Terapagos\n|-damage|p2a: Terapagos|87\/100\n|-crit|p2a: Terapagos\n|-damage|p2a: Terapagos|71\/100\n|-crit|p2a: Terapagos\n|-damage|p2a: Terapagos|57\/100\n|-hitcount|p2a: Terapagos|3\n|move|p2a: Terapagos|Tera Starstorm|p1b: Urshifu\n|-damage|p1b: Urshifu|0 fnt\n|faint|p1b: Urshifu\n|\n|win|Dimonutive\n|raw|elvegis1's rating: 1614 &rarr; <strong>1593<\/strong><br \/>(-21 for losing)\n|raw|Dimonutive's rating: 1598 &rarr; <strong>1619<\/strong><br \/>(+21 for winning)\n|l|\u2606elvegis1\n|player|p1|\n|l|\u2606Dimonutive\n|player|p2|\n","uploadtime":1739912587,"views":20,"formatid":"gen9vgc2025regg","rating":1593,"private":0,"password":null}