{"id":"gen9vgc2025regg-2303188472","format":"[Gen 9] VGC 2025 Reg G","players":["someplayer1","Dearp"],"log":"|j|\u2606someplayer1\n|j|\u2606Dearp\n|t:|1739896357\n|gametype|doubles\n|player|p1|someplayer1|169|1558\n|player|p2|Dearp|richboy|1678\n|teamsize|p1|6\n|teamsize|p2|6\n|gen|9\n|tier|[Gen 9] VGC 2025 Reg G\n|rated|\n|rule|Species Clause: Limit one of each Pok\u00e9mon\n|rule|Item Clause: Limit 1 of each item\n|clearpoke\n|poke|p1|Terapagos, L50, M|\n|poke|p1|Farigiraf, L50, M|\n|poke|p1|Grimmsnarl, L50, M|\n|poke|p1|Rillaboom, L50, F|\n|poke|p1|Chien-Pao, L50|\n|poke|p1|Volcarona, L50, M|\n|poke|p2|Calyrex-Ice, L50|\n|poke|p2|Indeedee-F, L50, F|\n|poke|p2|Annihilape, L50, M|\n|poke|p2|Heatran, L50, F|\n|poke|p2|Sinistcha, L50|\n|poke|p2|Iron Valiant, L50|\n|teampreview|4\n|inactive|Battle timer is ON: inactive players will automatically lose when time's up. (requested by Dearp)\n|inactive|someplayer1 has 60 seconds left.\n|\n|t:|1739896388\n|start\n|switch|p1a: Terapagos|Terapagos, L50, M|100\/100\n|switch|p1b: Grimmsnarl|Grimmsnarl, L50, M|100\/100\n|switch|p2a: Calyrex|Calyrex-Ice, L50|100\/100\n|switch|p2b: Annihilape|Annihilape, L50, M|100\/100\n|-activate|p1a: Terapagos|ability: Tera Shift\n|detailschange|p1a: Terapagos|Terapagos-Terastal, L50, M\n|-heal|p1a: Terapagos|100\/100|[silent]\n|-ability|p2a: Calyrex|As One\n|-ability|p2a: Calyrex|Unnerve\n|turn|1\n|inactive|someplayer1 has 30 seconds left.\n|\n|t:|1739896420\n|move|p1a: Terapagos|Protect|p1a: Terapagos\n|-singleturn|p1a: Terapagos|Protect\n|move|p1b: Grimmsnarl|Reflect|p1b: Grimmsnarl\n|-sidestart|p1: someplayer1|Reflect\n|move|p2b: Annihilape|Close Combat|p1b: Grimmsnarl\n|-damage|p1b: Grimmsnarl|59\/100\n|-unboost|p2b: Annihilape|def|1\n|-unboost|p2b: Annihilape|spd|1\n|move|p2a: Calyrex|Glacial Lance|p1b: Grimmsnarl|[spread] p1b\n|-activate|p1a: Terapagos|move: Protect\n|-damage|p1b: Grimmsnarl|21\/100\n|\n|upkeep\n|turn|2\n|\n|t:|1739896438\n|move|p1b: Grimmsnarl|Thunder Wave|p2b: Annihilape\n|-status|p2b: Annihilape|par\n|move|p1a: Terapagos|Calm Mind|p1a: Terapagos\n|-boost|p1a: Terapagos|spa|1\n|-boost|p1a: Terapagos|spd|1\n|move|p2a: Calyrex|Glacial Lance|p1a: Terapagos|[spread] p1a,p1b\n|-activate|p1a: Terapagos|ability: Tera Shell\n|-resisted|p1a: Terapagos\n|-damage|p1a: Terapagos|85\/100\n|-damage|p1b: Grimmsnarl|0 fnt\n|faint|p1b: Grimmsnarl\n|-ability|p2a: Calyrex|Chilling Neigh|boost\n|-boost|p2a: Calyrex|atk|1\n|cant|p2b: Annihilape|par\n|\n|-heal|p1a: Terapagos|91\/100|[from] item: Leftovers\n|upkeep\n|\n|t:|1739896454\n|switch|p1b: Farigiraf|Farigiraf, L50, M|100\/100\n|turn|3\n|j| woshiliangzai\n|\n|t:|1739896467\n|-terastallize|p2a: Calyrex|Water\n|move|p1a: Terapagos|Calm Mind|p1a: Terapagos\n|-boost|p1a: Terapagos|spa|1\n|-boost|p1a: Terapagos|spd|1\n|move|p2a: Calyrex|Glacial Lance|p1b: Farigiraf|[spread] p1a,p1b\n|-damage|p1a: Terapagos|42\/100\n|-damage|p1b: Farigiraf|46\/100\n|move|p1b: Farigiraf|Foul Play|p2a: Calyrex\n|-crit|p2a: Calyrex\n|-damage|p2a: Calyrex|47\/100\n|move|p2b: Annihilape|Close Combat|p1a: Terapagos\n|-supereffective|p1a: Terapagos\n|-damage|p1a: Terapagos|0 fnt\n|-unboost|p2b: Annihilape|def|1\n|-unboost|p2b: Annihilape|spd|1\n|faint|p1a: Terapagos\n|\n|upkeep\n|\n|t:|1739896483\n|switch|p1a: Volcarona|Volcarona, L50, M|100\/100\n|turn|4\n|\n|t:|1739896491\n|switch|p2b: Sinistcha|Sinistcha, L50|100\/100\n|-heal|p2a: Calyrex|72\/100|[from] ability: Hospitality|[of] p2b: Sinistcha\n|move|p1a: Volcarona|Tailwind|p1a: Volcarona\n|-sidestart|p1: someplayer1|move: Tailwind\n|move|p1b: Farigiraf|Foul Play|p2a: Calyrex\n|-damage|p2a: Calyrex|36\/100\n|move|p2a: Calyrex|High Horsepower|p1b: Farigiraf\n|-damage|p1b: Farigiraf|10\/100\n|\n|upkeep\n|turn|5\n|inactive|someplayer1 has 30 seconds left.\n|\n|t:|1739896519\n|switch|p2a: Heatran|Heatran, L50, F|100\/100\n|move|p2b: Sinistcha|Protect|p2b: Sinistcha\n|-singleturn|p2b: Sinistcha|Protect\n|move|p1a: Volcarona|Heat Wave|p2a: Heatran|[spread] \n|-activate|p2b: Sinistcha|move: Protect\n|-start|p2a: Heatran|ability: Flash Fire\n|move|p1b: Farigiraf|Foul Play|p2a: Heatran\n|-damage|p2a: Heatran|83\/100\n|\n|upkeep\n|turn|6\n|-message|someplayer1 forfeited.\n|\n|win|Dearp\n|raw|someplayer1's rating: 1558 &rarr; <strong>1545<\/strong><br \/>(-13 for losing)\n|raw|Dearp's rating: 1678 &rarr; <strong>1691<\/strong><br \/>(+13 for winning)\n|l|\u2606someplayer1\n|player|p1|\n|l|\u2606Dearp\n|player|p2|\n|l| woshiliangzai\n","uploadtime":1739896797,"views":7,"formatid":"gen9vgc2025regg","rating":1545,"private":0,"password":null}