{"id":"gen9vgc2025regg-2303097301","format":"[Gen 9] VGC 2025 Reg G","players":["dumbest twink","Indigo Crisp"],"log":"|j|\u2606dumbest twink\n|j|\u2606Indigo Crisp\n|t:|1739886555\n|gametype|doubles\n|player|p1|dumbest twink|grimsley-masters|1596\n|player|p2|Indigo Crisp|maid|1565\n|teamsize|p1|6\n|teamsize|p2|6\n|gen|9\n|tier|[Gen 9] VGC 2025 Reg G\n|rated|\n|rule|Species Clause: Limit one of each Pok\u00e9mon\n|rule|Item Clause: Limit 1 of each item\n|clearpoke\n|poke|p1|Calyrex-Shadow, L50|\n|poke|p1|Urshifu-*, L50, F|\n|poke|p1|Indeedee-F, L50, F|\n|poke|p1|Ogerpon-Hearthflame, L50, F|\n|poke|p1|Whimsicott, L50, F|\n|poke|p1|Flutter Mane, L50|\n|poke|p2|Zamazenta-*, L50|\n|poke|p2|Iron Valiant, L50|\n|poke|p2|Chien-Pao, L50|\n|poke|p2|Amoonguss, L50, M|\n|poke|p2|Urshifu-*, L50, M|\n|poke|p2|Entei, L50|\n|teampreview|4\n|inactive|Battle timer is ON: inactive players will automatically lose when time's up. (requested by dumbest twink)\n|inactive|Indigo Crisp has 60 seconds left.\n|inactive|dumbest twink has 60 seconds left.\n|inactive|Indigo Crisp has 30 seconds left.\n|\n|t:|1739886618\n|start\n|switch|p1a: Urshifu|Urshifu-Rapid-Strike, L50, F|100\/100\n|switch|p1b: Whimsicott|Whimsicott, L50, F|100\/100\n|switch|p2a: Chien-Pao|Chien-Pao, L50|100\/100\n|switch|p2b: Entei|Entei, L50|100\/100\n|-ability|p2a: Chien-Pao|Sword of Ruin\n|turn|1\n|\n|t:|1739886636\n|-terastallize|p2b: Entei|Normal\n|move|p2b: Entei|Extreme Speed|p1b: Whimsicott\n|-damage|p1b: Whimsicott|0 fnt\n|faint|p1b: Whimsicott\n|move|p2a: Chien-Pao|Sucker Punch|p1a: Urshifu\n|-resisted|p1a: Urshifu\n|-damage|p1a: Urshifu|77\/100\n|move|p1a: Urshifu|Surging Strikes|p2a: Chien-Pao\n|-crit|p2a: Chien-Pao\n|-damage|p2a: Chien-Pao|71\/100\n|-crit|p2a: Chien-Pao\n|-damage|p2a: Chien-Pao|42\/100\n|-crit|p2a: Chien-Pao\n|-damage|p2a: Chien-Pao|13\/100\n|-hitcount|p2a: Chien-Pao|3\n|\n|upkeep\n|\n|t:|1739886642\n|switch|p1b: Calyrex|Calyrex-Shadow, L50|100\/100\n|-ability|p1b: Calyrex|As One\n|-ability|p1b: Calyrex|Unnerve\n|turn|2\n|j| bluestraggler01\n|\n|t:|1739886666\n|move|p2b: Entei|Extreme Speed|p1a: Urshifu\n|-damage|p1a: Urshifu|0 fnt\n|faint|p1a: Urshifu\n|move|p2a: Chien-Pao|Sucker Punch||[still]\n|-fail|p2a: Chien-Pao\n|move|p1b: Calyrex|Nasty Plot|p1b: Calyrex\n|-boost|p1b: Calyrex|spa|2\n|\n|upkeep\n|\n|t:|1739886669\n|switch|p1a: Ogerpon|Ogerpon-Hearthflame, L50, F|100\/100\n|-ability|p1a: Ogerpon|Mold Breaker\n|turn|3\n|\n|t:|1739886693\n|move|p1a: Ogerpon|Spiky Shield|p1a: Ogerpon\n|-singleturn|p1a: Ogerpon|move: Protect\n|move|p2b: Entei|Extreme Speed|p1a: Ogerpon\n|-activate|p1a: Ogerpon|move: Protect\n|-damage|p2b: Entei|88\/100|[from] Spiky Shield|[of] p1a: Ogerpon\n|move|p2a: Chien-Pao|Sucker Punch|p1b: Calyrex\n|-supereffective|p1b: Calyrex\n|-enditem|p1b: Calyrex|Focus Sash\n|-damage|p1b: Calyrex|1\/100\n|move|p1b: Calyrex|Astral Barrage|p2a: Chien-Pao|[spread] p2a\n|-immune|p2b: Entei\n|-resisted|p2a: Chien-Pao\n|-damage|p2a: Chien-Pao|0 fnt\n|faint|p2a: Chien-Pao\n|-ability|p1b: Calyrex|Grim Neigh|boost\n|-boost|p1b: Calyrex|spa|1\n|\n|upkeep\n|j| God of restricted\n|\n|t:|1739886718\n|switch|p2a: Zamazenta|Zamazenta-Crowned, L50|100\/100\n|-ability|p2a: Zamazenta|Dauntless Shield|boost\n|-boost|p2a: Zamazenta|def|1\n|turn|4\n|\n|t:|1739886744\n|move|p2b: Entei|Extreme Speed|p1a: Ogerpon\n|-damage|p1a: Ogerpon|33\/100\n|move|p1b: Calyrex|Expanding Force|p2a: Zamazenta\n|-damage|p2a: Zamazenta|8\/100\n|move|p2a: Zamazenta|Body Press|p1a: Ogerpon\n|-damage|p1a: Ogerpon|0 fnt\n|faint|p1a: Ogerpon\n|\n|upkeep\n|turn|5\n|\n|t:|1739886753\n|move|p2b: Entei|Extreme Speed|p1b: Calyrex\n|-immune|p1b: Calyrex\n|move|p1b: Calyrex|Expanding Force|p2a: Zamazenta\n|-damage|p2a: Zamazenta|0 fnt\n|faint|p2a: Zamazenta\n|-ability|p1b: Calyrex|Grim Neigh|boost\n|-boost|p1b: Calyrex|spa|1\n|\n|upkeep\n|\n|t:|1739886755\n|switch|p2a: Urshifu|Urshifu, L50, M|100\/100\n|turn|6\n|\n|t:|1739886770\n|move|p2b: Entei|Extreme Speed|p1b: Calyrex\n|-immune|p1b: Calyrex\n|move|p2a: Urshifu|Sucker Punch||[still]\n|-fail|p2a: Urshifu\n|move|p1b: Calyrex|Nasty Plot|p1b: Calyrex\n|-boost|p1b: Calyrex|spa|2\n|\n|upkeep\n|turn|7\n|\n|t:|1739886778\n|move|p2b: Entei|Extreme Speed|p1b: Calyrex\n|-immune|p1b: Calyrex\n|move|p2a: Urshifu|Sucker Punch||[still]\n|-fail|p2a: Urshifu\n|move|p1b: Calyrex|Nasty Plot|p1b: Calyrex\n|-boost|p1b: Calyrex|spa|0\n|\n|upkeep\n|turn|8\n|\n|t:|1739886782\n|move|p1b: Calyrex|Protect|p1b: Calyrex\n|-singleturn|p1b: Calyrex|Protect\n|move|p2b: Entei|Extreme Speed|p1b: Calyrex\n|-activate|p1b: Calyrex|move: Protect\n|move|p2a: Urshifu|Sucker Punch||[still]\n|-fail|p2a: Urshifu\n|\n|upkeep\n|turn|9\n|\n|t:|1739886789\n|move|p2a: Urshifu|Sucker Punch||[still]\n|-fail|p2a: Urshifu\n|move|p1b: Calyrex|Nasty Plot|p1b: Calyrex\n|-boost|p1b: Calyrex|spa|0\n|-activate|p2b: Entei|move: Struggle\n|move|p2b: Entei|Struggle|p1b: Calyrex\n|-damage|p1b: Calyrex|0 fnt\n|faint|p1b: Calyrex\n|-damage|p2b: Entei|63\/100|[from] recoil\n|\n|win|Indigo Crisp\n|raw|dumbest twink's rating: 1596 &rarr; <strong>1574<\/strong><br \/>(-22 for losing)\n|raw|Indigo Crisp's rating: 1565 &rarr; <strong>1587<\/strong><br \/>(+22 for winning)\n|l|\u2606dumbest twink\n|player|p1|\n|l| God of restricted\n|l|\u2606Indigo Crisp\n|player|p2|\n","uploadtime":1739886982,"views":5,"formatid":"gen9vgc2025regg","rating":1574,"private":0,"password":null}