{"id":"gen9vgc2025regg-2303749794","format":"[Gen 9] VGC 2025 Reg G","players":["Vianex","ashzera"],"log":"|j|\u2606Vianex\n|j|\u2606ashzera\n|t:|1739970858\n|gametype|doubles\n|player|p1|Vianex|pokemaniac|1569\n|player|p2|ashzera|2|1528\n|teamsize|p1|6\n|teamsize|p2|6\n|gen|9\n|tier|[Gen 9] VGC 2025 Reg G\n|rated|\n|rule|Species Clause: Limit one of each Pok\u00e9mon\n|rule|Item Clause: Limit 1 of each item\n|clearpoke\n|poke|p1|Kyogre, L50|\n|poke|p1|Tornadus, L50, M|\n|poke|p1|Flutter Mane, L50|\n|poke|p1|Raichu, L50, M|\n|poke|p1|Dondozo, L50, F|\n|poke|p1|Tatsugiri, L50, M|\n|poke|p2|Calyrex-Ice, L50|\n|poke|p2|Torkoal, L50, M|\n|poke|p2|Urshifu-*, L50, M|\n|poke|p2|Amoonguss, L50, M|\n|poke|p2|Rillaboom, L50, F|\n|poke|p2|Incineroar, L50, F|\n|teampreview|4\n|inactive|Battle timer is ON: inactive players will automatically lose when time's up. (requested by ashzera)\n|j| paradoxguardiola\n|inactive|ashzera has 60 seconds left.\n|\n|t:|1739970901\n|start\n|switch|p1a: Tornadus|Tornadus, L50, M|100\/100\n|switch|p1b: Flutter Mane|Flutter Mane, L50|100\/100\n|switch|p2a: Amoonguss|Amoonguss, L50, M|100\/100\n|switch|p2b: Calyrex|Calyrex-Ice, L50|100\/100\n|-ability|p2b: Calyrex|As One\n|-ability|p2b: Calyrex|Unnerve\n|-enditem|p1b: Flutter Mane|Booster Energy\n|-activate|p1b: Flutter Mane|ability: Protosynthesis|[fromitem]\n|-start|p1b: Flutter Mane|protosynthesisspe\n|turn|1\n|l|\u2606Vianex\n|inactive|Vianex disconnected and has a minute to reconnect!\n|player|p1|\n|inactive|Vianex has 30 seconds left.\n|inactive|Vianex has 20 seconds left.\n|inactive|Vianex has 15 seconds left.\n|j|\u2606Vianex\n|inactive|Vianex reconnected and has 15 seconds left.\n|player|p1|Vianex|pokemaniac|\n|inactive|Vianex has 10 seconds left.\n|\n|t:|1739970950\n|-terastallize|p2b: Calyrex|Normal\n|move|p1b: Flutter Mane|Taunt|p2b: Calyrex\n|-start|p2b: Calyrex|move: Taunt\n|move|p1a: Tornadus|Bleakwind Storm|p2a: Amoonguss|[spread] p2a,p2b\n|-supereffective|p2a: Amoonguss\n|-damage|p2a: Amoonguss|37\/100\n|-damage|p2b: Calyrex|80\/100\n|move|p2b: Calyrex|Glacial Lance|p1b: Flutter Mane|[spread] p1a,p1b\n|-supereffective|p1a: Tornadus\n|-damage|p1a: Tornadus|0 fnt\n|-damage|p1b: Flutter Mane|4\/100\n|faint|p1a: Tornadus\n|-ability|p2b: Calyrex|Chilling Neigh|boost\n|-boost|p2b: Calyrex|atk|1\n|move|p2a: Amoonguss|Spore|p1b: Flutter Mane\n|-status|p1b: Flutter Mane|slp|[from] move: Spore\n|\n|upkeep\n|\n|t:|1739970958\n|switch|p1a: Dondozo|Dondozo, L50, F|100\/100\n|turn|2\n|\n|t:|1739970969\n|-end|p1b: Flutter Mane|Protosynthesis|[silent]\n|switch|p1b: Tatsugiri|Tatsugiri, L50, M|100\/100\n|-activate|p1b: Tatsugiri|ability: Commander|[of] p1a: Dondozo\n|-boost|p1a: Dondozo|atk|2\n|-boost|p1a: Dondozo|spa|2\n|-boost|p1a: Dondozo|spe|2\n|-boost|p1a: Dondozo|def|2\n|-boost|p1a: Dondozo|spd|2\n|move|p1a: Dondozo|Order Up|p2a: Amoonguss\n|-damage|p2a: Amoonguss|0 fnt\n|faint|p2a: Amoonguss\n|-boost|p1a: Dondozo|atk|1\n|move|p2b: Calyrex|Glacial Lance|p1b: Tatsugiri|[spread] p1a\n|-miss|p2b: Calyrex|p1b: Tatsugiri\n|-resisted|p1a: Dondozo\n|-damage|p1a: Dondozo|92\/100\n|\n|-heal|p1a: Dondozo|98\/100|[from] item: Leftovers\n|upkeep\n|\n|t:|1739970972\n|switch|p2a: Urshifu|Urshifu, L50, M|100\/100\n|turn|3\n|\n|t:|1739970988\n|switch|p2b: Rillaboom|Rillaboom, L50, F, shiny|100\/100\n|-fieldstart|move: Grassy Terrain|[from] ability: Grassy Surge|[of] p2b: Rillaboom\n|move|p1a: Dondozo|Waterfall|p2a: Urshifu\n|-damage|p2a: Urshifu|30\/100\n|move|p2a: Urshifu|Wicked Blow|p1a: Dondozo\n|-crit|p1a: Dondozo\n|-damage|p1a: Dondozo|36\/100\n|\n|-heal|p1a: Dondozo|42\/100|[from] Grassy Terrain\n|-heal|p1a: Dondozo|49\/100|[from] item: Leftovers\n|-heal|p2a: Urshifu|36\/100|[from] Grassy Terrain\n|upkeep\n|turn|4\n|\n|t:|1739971001\n|move|p2b: Rillaboom|Fake Out|p1a: Dondozo\n|-damage|p1a: Dondozo|45\/100\n|cant|p1a: Dondozo|flinch\n|move|p2a: Urshifu|Wicked Blow|p1a: Dondozo\n|-crit|p1a: Dondozo\n|-damage|p1a: Dondozo|0 fnt\n|faint|p1a: Dondozo\n|\n|-heal|p2a: Urshifu|42\/100|[from] Grassy Terrain\n|upkeep\n|\n|t:|1739971003\n|switch|p1a: Flutter Mane|Flutter Mane, L50|4\/100 slp\n|turn|5\n|-message|Vianex forfeited.\n|\n|win|ashzera\n|raw|Vianex's rating: 1569 &rarr; <strong>1547<\/strong><br \/>(-22 for losing)\n|raw|ashzera's rating: 1528 &rarr; <strong>1550<\/strong><br \/>(+22 for winning)\n|l|\u2606Vianex\n|player|p1|\n|l|\u2606ashzera\n|player|p2|\n|l| paradoxguardiola\n","uploadtime":1739971235,"views":5,"formatid":"gen9vgc2025regg","rating":1547,"private":0,"password":null}