{"id":"gen9vgc2025regg-2303458612","format":"[Gen 9] VGC 2025 Reg G","players":["Tempest brute","Iamsliverfish"],"log":"|j|\u2606Tempest brute\n|j|\u2606Iamsliverfish\n|t:|1739924293\n|gametype|doubles\n|player|p1|Tempest brute|1|1576\n|player|p2|Iamsliverfish|rood|1647\n|teamsize|p1|4\n|teamsize|p2|6\n|gen|9\n|tier|[Gen 9] VGC 2025 Reg G\n|rated|\n|rule|Species Clause: Limit one of each Pok\u00e9mon\n|rule|Item Clause: Limit 1 of each item\n|clearpoke\n|poke|p1|Terapagos, L50, M|\n|poke|p1|Iron Leaves, L50|\n|poke|p1|Iron Hands, L50|\n|poke|p1|Moltres, L50|\n|poke|p2|Calyrex-Shadow, L50|\n|poke|p2|Ursaluna, L50, M|\n|poke|p2|Indeedee-F, L50, F|\n|poke|p2|Ogerpon-Wellspring, L50, F|\n|poke|p2|Tornadus, L50, M|\n|poke|p2|Chi-Yu, L50|\n|teampreview|4\n|\n|t:|1739924319\n|start\n|switch|p1a: Terapagos|Terapagos, L50, M|100\/100\n|switch|p1b: Iron Hands|Iron Hands, L50|100\/100\n|switch|p2a: Tornadus|Tornadus, L50, M|100\/100\n|switch|p2b: Chi-Yu|Chi-Yu, L50|100\/100\n|-activate|p1a: Terapagos|ability: Tera Shift\n|detailschange|p1a: Terapagos|Terapagos-Terastal, L50, M\n|-heal|p1a: Terapagos|100\/100|[silent]\n|-ability|p2b: Chi-Yu|Beads of Ruin\n|turn|1\n|\n|t:|1739924336\n|move|p1b: Iron Hands|Fake Out|p2b: Chi-Yu\n|-crit|p2b: Chi-Yu\n|-damage|p2b: Chi-Yu|68\/100\n|cant|p2b: Chi-Yu|flinch\n|move|p2a: Tornadus|Bleakwind Storm|p1b: Iron Hands|[spread] p1b\n|-miss|p2a: Tornadus|p1a: Terapagos\n|-damage|p1b: Iron Hands|76\/100\n|-unboost|p1b: Iron Hands|spe|1\n|move|p1a: Terapagos|Body Press|p2b: Chi-Yu\n|-supereffective|p2b: Chi-Yu\n|-damage|p2b: Chi-Yu|0 fnt\n|faint|p2b: Chi-Yu\n|\n|upkeep\n|j| LouBear\n|\n|t:|1739924340\n|switch|p2b: Calyrex|Calyrex-Shadow, L50|100\/100\n|-ability|p2b: Calyrex|As One\n|-ability|p2b: Calyrex|Unnerve\n|turn|2\n|\n|t:|1739924347\n|move|p2a: Tornadus|Taunt|p1a: Terapagos\n|-start|p1a: Terapagos|move: Taunt\n|move|p2b: Calyrex|Expanding Force|p1b: Iron Hands\n|-supereffective|p1b: Iron Hands\n|-damage|p1b: Iron Hands|10\/100\n|-damage|p2b: Calyrex|91\/100|[from] item: Life Orb\n|cant|p1a: Terapagos|move: Taunt|Toxic\n|move|p1b: Iron Hands|Wild Charge|p2b: Calyrex\n|-damage|p2b: Calyrex|32\/100\n|-damage|p1b: Iron Hands|0 fnt|[from] Recoil\n|faint|p1b: Iron Hands\n|-end|p1b: Iron Hands|Quark Drive|[silent]\n|\n|upkeep\n|\n|t:|1739924351\n|switch|p1b: Iron Leaves|Iron Leaves, L50|100\/100\n|-enditem|p1b: Iron Leaves|Booster Energy\n|-activate|p1b: Iron Leaves|ability: Quark Drive|[fromitem]\n|-start|p1b: Iron Leaves|quarkdrivespe\n|turn|3\n|\n|t:|1739924359\n|-terastallize|p1a: Terapagos|Stellar\n|detailschange|p1a: Terapagos|Terapagos-Stellar, L50, M, tera:Stellar\n|-heal|p1a: Terapagos|100\/100|[silent]\n|move|p2b: Calyrex|Protect|p2b: Calyrex\n|-singleturn|p2b: Calyrex|Protect\n|move|p1b: Iron Leaves|Coaching|p1a: Terapagos\n|-boost|p1a: Terapagos|atk|1\n|-boost|p1a: Terapagos|def|1\n|move|p2a: Tornadus|Bleakwind Storm|p1a: Terapagos|[spread] p1a\n|-miss|p2a: Tornadus|p1b: Iron Leaves\n|-damage|p1a: Terapagos|79\/100\n|move|p1a: Terapagos|Tera Starstorm|p2b: Calyrex|[spread] p2a\n|-activate|p2b: Calyrex|move: Protect\n|-damage|p2a: Tornadus|61\/100\n|\n|-heal|p1a: Terapagos|85\/100|[from] item: Leftovers\n|upkeep\n|turn|4\n|\n|t:|1739924367\n|switch|p2b: Indeedee|Indeedee-F, L50, F|100\/100\n|-fieldstart|move: Psychic Terrain|[from] ability: Psychic Surge|[of] p2b: Indeedee\n|move|p1b: Iron Leaves|Leaf Blade|p2b: Indeedee\n|-damage|p2b: Indeedee|64\/100\n|move|p2a: Tornadus|Bleakwind Storm|p1b: Iron Leaves|[spread] p1a,p1b\n|-supereffective|p1b: Iron Leaves\n|-damage|p1a: Terapagos|62\/100\n|-damage|p1b: Iron Leaves|36\/100\n|move|p1a: Terapagos|Tera Starstorm|p2b: Indeedee|[spread] p2a,p2b\n|-damage|p2a: Tornadus|21\/100\n|-damage|p2b: Indeedee|29\/100\n|\n|-heal|p1a: Terapagos|68\/100|[from] item: Leftovers\n|-end|p1a: Terapagos|move: Taunt\n|upkeep\n|turn|5\n|l| LouBear\n|j| wizzpower 2\n|\n|t:|1739924401\n|move|p2b: Indeedee|Follow Me|p2b: Indeedee\n|-singleturn|p2b: Indeedee|move: Follow Me\n|move|p1b: Iron Leaves|Coaching|p1a: Terapagos\n|-boost|p1a: Terapagos|atk|1\n|-boost|p1a: Terapagos|def|1\n|move|p2a: Tornadus|Bleakwind Storm|p1a: Terapagos|[spread] p1a,p1b\n|-supereffective|p1b: Iron Leaves\n|-damage|p1a: Terapagos|46\/100\n|-damage|p1b: Iron Leaves|0 fnt\n|faint|p1b: Iron Leaves\n|-end|p1b: Iron Leaves|Quark Drive|[silent]\n|move|p1a: Terapagos|Toxic|p2b: Indeedee\n|-status|p2b: Indeedee|tox\n|\n|-heal|p1a: Terapagos|52\/100|[from] item: Leftovers\n|-damage|p2b: Indeedee|23\/100 tox|[from] psn\n|upkeep\n|\n|t:|1739924404\n|switch|p1b: Moltres|Moltres, L50|100\/100\n|turn|6\n|\n|t:|1739924437\n|move|p2a: Tornadus|Tailwind|p2a: Tornadus\n|-sidestart|p2: Iamsliverfish|move: Tailwind\n|move|p2b: Indeedee|Alluring Voice|p1b: Moltres\n|-resisted|p1b: Moltres\n|-damage|p1b: Moltres|92\/100\n|move|p1b: Moltres|Roost|p1b: Moltres\n|-heal|p1b: Moltres|100\/100\n|-singleturn|p1b: Moltres|move: Roost\n|move|p1a: Terapagos|Toxic|p2a: Tornadus|[miss]\n|-miss|p1a: Terapagos|p2a: Tornadus\n|\n|-heal|p1a: Terapagos|58\/100|[from] item: Leftovers\n|-damage|p2b: Indeedee|11\/100 tox|[from] psn\n|upkeep\n|turn|7\n|\n|t:|1739924444\n|move|p2b: Indeedee|Helping Hand|p2a: Tornadus\n|-singleturn|p2a: Tornadus|Helping Hand|[of] p2b: Indeedee\n|move|p2a: Tornadus|Bleakwind Storm|p1a: Terapagos|[spread] p1a,p1b\n|-damage|p1a: Terapagos|23\/100\n|-damage|p1b: Moltres|52\/100\n|move|p1b: Moltres|Roost|p1b: Moltres\n|-heal|p1b: Moltres|100\/100\n|-singleturn|p1b: Moltres|move: Roost\n|move|p1a: Terapagos|Tera Starstorm|p2b: Indeedee|[spread] p2a,p2b\n|-damage|p2a: Tornadus|0 fnt\n|-damage|p2b: Indeedee|0 fnt\n|faint|p2a: Tornadus\n|faint|p2b: Indeedee\n|\n|-heal|p1a: Terapagos|29\/100|[from] item: Leftovers\n|upkeep\n|\n|t:|1739924450\n|switch|p2b: Calyrex|Calyrex-Shadow, L50|32\/100\n|-ability|p2b: Calyrex|As One\n|-ability|p2b: Calyrex|Unnerve\n|turn|8\n|\n|t:|1739924454\n|move|p1a: Terapagos|Protect|p1a: Terapagos\n|-singleturn|p1a: Terapagos|Protect\n|move|p2b: Calyrex|Expanding Force|p1a: Terapagos|[spread] p1b\n|-activate|p1a: Terapagos|move: Protect\n|-damage|p1b: Moltres|17\/100\n|-damage|p2b: Calyrex|23\/100|[from] item: Life Orb\n|move|p1b: Moltres|Flamethrower|p2b: Calyrex\n|-damage|p2b: Calyrex|0 fnt\n|faint|p2b: Calyrex\n|\n|win|Tempest brute\n|raw|Tempest brute's rating: 1576 &rarr; <strong>1601<\/strong><br \/>(+25 for winning)\n|raw|Iamsliverfish's rating: 1668 &rarr; <strong>1643<\/strong><br \/>(-25 for losing)\n|l|\u2606Iamsliverfish\n|player|p2|\n","uploadtime":1739924604,"views":7,"formatid":"gen9vgc2025regg","rating":1601,"private":0,"password":null}