{"id":"gen9vgc2025regg-2303964387","format":"[Gen 9] VGC 2025 Reg G","players":["Teraparkor 6","dogggybears"],"log":"|j|\u2606Teraparkor 6\n|j|\u2606dogggybears\n|t:|1739993274\n|gametype|doubles\n|player|p1|Teraparkor 6|101|1632\n|player|p2|dogggybears|brycenman|1622\n|teamsize|p1|6\n|teamsize|p2|6\n|gen|9\n|tier|[Gen 9] VGC 2025 Reg G\n|rated|\n|rule|Species Clause: Limit one of each Pok\u00e9mon\n|rule|Item Clause: Limit 1 of each item\n|clearpoke\n|poke|p1|Calyrex-Shadow, L50|\n|poke|p1|Raging Bolt, L50|\n|poke|p1|Urshifu-*, L50, F|\n|poke|p1|Chi-Yu, L50|\n|poke|p1|Ogerpon-Cornerstone, L50, F|\n|poke|p1|Clefairy, L50, F|\n|poke|p2|Tornadus, L50, M|\n|poke|p2|Urshifu-*, L50, M|\n|poke|p2|Ogerpon-Hearthflame, L50, F|\n|poke|p2|Farigiraf, L50, F|\n|poke|p2|Regidrago, L50|\n|poke|p2|Zacian-*, L50|\n|teampreview|4\n|inactive|Battle timer is ON: inactive players will automatically lose when time's up. (requested by Teraparkor 6)\n|\n|t:|1739993304\n|start\n|switch|p1a: Raging Bolt|Raging Bolt, L50|100\/100\n|switch|p1b: Clefairy|Clefairy, L50, F|100\/100\n|switch|p2a: Tornadus|Tornadus, L50, M|100\/100\n|switch|p2b: Zacian|Zacian-Crowned, L50|100\/100\n|-ability|p2b: Zacian|Intrepid Sword|boost\n|-boost|p2b: Zacian|atk|1\n|turn|1\n|inactive|dogggybears has 30 seconds left.\n|\n|t:|1739993334\n|switch|p2a: Farigiraf|Farigiraf, L50, F|100\/100\n|-terastallize|p2b: Zacian|Ground\n|-terastallize|p1a: Raging Bolt|Electric\n|move|p1b: Clefairy|Follow Me|p1b: Clefairy\n|-singleturn|p1b: Clefairy|move: Follow Me\n|move|p2b: Zacian|Tera Blast|p1b: Clefairy|[anim] Tera Blast Ground\n|-damage|p1b: Clefairy|47\/100\n|move|p1a: Raging Bolt|Electroweb|p2a: Farigiraf|[spread] p2a\n|-immune|p2b: Zacian\n|-damage|p2a: Farigiraf|71\/100\n|-unboost|p2a: Farigiraf|spe|1\n|\n|upkeep\n|turn|2\n|\n|t:|1739993358\n|switch|p2a: Tornadus|Tornadus, L50, M|100\/100\n|move|p1b: Clefairy|Follow Me|p1b: Clefairy\n|-singleturn|p1b: Clefairy|move: Follow Me\n|move|p2b: Zacian|Tera Blast|p1b: Clefairy|[anim] Tera Blast Ground\n|-damage|p1b: Clefairy|0 fnt\n|faint|p1b: Clefairy\n|move|p1a: Raging Bolt|Thunderbolt|p2a: Tornadus\n|-supereffective|p2a: Tornadus\n|-damage|p2a: Tornadus|0 fnt\n|faint|p2a: Tornadus\n|\n|upkeep\n|\n|t:|1739993366\n|switch|p2a: Farigiraf|Farigiraf, L50, F|71\/100\n|switch|p1b: Calyrex|Calyrex-Shadow, L50|100\/100\n|-ability|p1b: Calyrex|As One\n|-ability|p1b: Calyrex|Unnerve\n|turn|3\n|\n|t:|1739993372\n|move|p1b: Calyrex|Astral Barrage|p2a: Farigiraf|[spread] p2b\n|-immune|p2a: Farigiraf\n|-damage|p2b: Zacian|56\/100\n|move|p2b: Zacian|Tera Blast|p1a: Raging Bolt|[anim] Tera Blast Ground\n|-supereffective|p1a: Raging Bolt\n|-damage|p1a: Raging Bolt|2\/100\n|move|p1a: Raging Bolt|Thunderbolt|p2a: Farigiraf\n|-damage|p2a: Farigiraf|16\/100\n|move|p2a: Farigiraf|Foul Play|p1b: Calyrex\n|-supereffective|p1b: Calyrex\n|-damage|p1b: Calyrex|38\/100\n|\n|upkeep\n|turn|4\n|\n|t:|1739993395\n|move|p1b: Calyrex|Protect|p1b: Calyrex\n|-singleturn|p1b: Calyrex|Protect\n|move|p2b: Zacian|Protect|p2b: Zacian\n|-singleturn|p2b: Zacian|Protect\n|move|p1a: Raging Bolt|Thunderbolt|p2a: Farigiraf\n|-damage|p2a: Farigiraf|0 fnt\n|faint|p2a: Farigiraf\n|\n|upkeep\n|\n|t:|1739993402\n|switch|p2a: Urshifu|Urshifu-Rapid-Strike, L50, M|100\/100\n|turn|5\n|\n|t:|1739993410\n|move|p2a: Urshifu|Aqua Jet|p1b: Calyrex\n|-damage|p1b: Calyrex|2\/100\n|move|p1a: Raging Bolt|Thunderclap||[still]\n|-fail|p1a: Raging Bolt\n|move|p1b: Calyrex|Astral Barrage|p2a: Urshifu|[spread] p2a,p2b\n|-damage|p2a: Urshifu|25\/100\n|-damage|p2b: Zacian|12\/100\n|move|p2b: Zacian|Tera Blast|p1a: Raging Bolt|[anim] Tera Blast Ground\n|-supereffective|p1a: Raging Bolt\n|-damage|p1a: Raging Bolt|0 fnt\n|faint|p1a: Raging Bolt\n|-end|p1a: Raging Bolt|Protosynthesis|[silent]\n|\n|upkeep\n|\n|t:|1739993413\n|switch|p1a: Chi-Yu|Chi-Yu, L50|100\/100\n|-ability|p1a: Chi-Yu|Beads of Ruin\n|turn|6\n|\n|t:|1739993418\n|move|p2a: Urshifu|Aqua Jet|p1b: Calyrex\n|-damage|p1b: Calyrex|0 fnt\n|faint|p1b: Calyrex\n|move|p1a: Chi-Yu|Heat Wave|p2b: Zacian|[spread] p2a,p2b\n|-resisted|p2a: Urshifu\n|-damage|p2a: Urshifu|0 fnt\n|-damage|p2b: Zacian|0 fnt\n|faint|p2a: Urshifu\n|faint|p2b: Zacian\n|\n|win|Teraparkor 6\n|raw|Teraparkor 6's rating: 1632 &rarr; <strong>1651<\/strong><br \/>(+19 for winning)\n|raw|dogggybears's rating: 1622 &rarr; <strong>1603<\/strong><br \/>(-19 for losing)\n|l|\u2606Teraparkor 6\n|player|p1|\n|l|\u2606dogggybears\n|player|p2|\n","uploadtime":1739993622,"views":5,"formatid":"gen9vgc2025regg","rating":1603,"private":0,"password":null}