{"id":"gen9vgc2025regg-2303962450","format":"[Gen 9] VGC 2025 Reg G","players":["shihevtr1","dogggybears"],"log":"|j|\u2606shihevtr1\n|j|\u2606dogggybears\n|t:|1739993083\n|gametype|doubles\n|player|p1|shihevtr1|lucas|1531\n|player|p2|dogggybears|brycenman|1648\n|teamsize|p1|6\n|teamsize|p2|6\n|gen|9\n|tier|[Gen 9] VGC 2025 Reg G\n|rated|\n|rule|Species Clause: Limit one of each Pok\u00e9mon\n|rule|Item Clause: Limit 1 of each item\n|clearpoke\n|poke|p1|Kyogre, L50|\n|poke|p1|Wo-Chien, L50|\n|poke|p1|Cresselia, L50, F|\n|poke|p1|Archaludon, L50, M|\n|poke|p1|Incineroar, L50, M|\n|poke|p1|Whimsicott, L50, M|\n|poke|p2|Tornadus, L50, M|\n|poke|p2|Urshifu-*, L50, F|\n|poke|p2|Ogerpon-Hearthflame, L50, F|\n|poke|p2|Farigiraf, L50, M|\n|poke|p2|Regidrago, L50|\n|poke|p2|Zacian-*, L50|\n|teampreview|4\n|inactive|Battle timer is ON: inactive players will automatically lose when time's up. (requested by dogggybears)\n|\n|t:|1739993112\n|start\n|switch|p1a: Incineroar|Incineroar, L50, M|100\/100\n|switch|p1b: Cresselia|Cresselia, L50, F|100\/100\n|switch|p2a: Tornadus|Tornadus, L50, M|100\/100\n|switch|p2b: Urshifu|Urshifu-Rapid-Strike, L50, F|100\/100\n|-ability|p1a: Incineroar|Intimidate|boost\n|-unboost|p2a: Tornadus|atk|1\n|-unboost|p2b: Urshifu|atk|1\n|turn|1\n|\n|t:|1739993126\n|-terastallize|p1b: Cresselia|Dark\n|move|p1a: Incineroar|Fake Out|p2b: Urshifu\n|-damage|p2b: Urshifu|89\/100\n|move|p2a: Tornadus|Taunt|p1b: Cresselia\n|-hint|Since gen 7, Dark is immune to Prankster moves.\n|-immune|p1b: Cresselia\n|cant|p2b: Urshifu|flinch\n|move|p1b: Cresselia|Trick Room|p1b: Cresselia\n|-fieldstart|move: Trick Room|[of] p1b: Cresselia\n|\n|upkeep\n|turn|2\n|\n|t:|1739993139\n|switch|p2b: Zacian|Zacian-Crowned, L50|100\/100\n|-ability|p2b: Zacian|Intrepid Sword|boost\n|-boost|p2b: Zacian|atk|1\n|move|p1b: Cresselia|Psychic|p2b: Zacian\n|-resisted|p2b: Zacian\n|-damage|p2b: Zacian|89\/100\n|move|p1a: Incineroar|Knock Off|p2a: Tornadus\n|-damage|p2a: Tornadus|50\/100\n|-enditem|p2a: Tornadus|Covert Cloak|[from] move: Knock Off|[of] p1a: Incineroar\n|move|p2a: Tornadus|Bleakwind Storm|p1a: Incineroar|[spread] p1a,p1b\n|-damage|p1a: Incineroar|67\/100\n|-damage|p1b: Cresselia|80\/100\n|-unboost|p1b: Cresselia|spe|1\n|\n|upkeep\n|turn|3\n|j| jaderson211\n|\n|t:|1739993163\n|switch|p1b: Kyogre|Kyogre, L50|100\/100\n|-weather|RainDance|[from] ability: Drizzle|[of] p1b: Kyogre\n|switch|p2a: Ogerpon|Ogerpon-Hearthflame, L50, F|100\/100\n|-ability|p2a: Ogerpon|Mold Breaker\n|move|p1a: Incineroar|Will-O-Wisp|p2b: Zacian|[miss]\n|-miss|p1a: Incineroar|p2b: Zacian\n|move|p2b: Zacian|Play Rough|p1a: Incineroar\n|-damage|p1a: Incineroar|8\/100\n|-unboost|p1a: Incineroar|atk|1\n|-damage|p2b: Zacian|73\/100|[from] item: Rocky Helmet|[of] p1a: Incineroar\n|\n|-weather|RainDance|[upkeep]\n|upkeep\n|turn|4\n|\n|t:|1739993188\n|switch|p2b: Urshifu|Urshifu-Rapid-Strike, L50, F|89\/100\n|move|p1a: Incineroar|Parting Shot|p2b: Urshifu\n|-unboost|p2b: Urshifu|atk|1\n|-unboost|p2b: Urshifu|spa|1\n|\n|t:|1739993194\n|switch|p1a: Archaludon|Archaludon, L50, M|100\/100|[from] Parting Shot\n|move|p1b: Kyogre|Water Spout|p2b: Urshifu|[spread] p2a,p2b\n|-resisted|p2b: Urshifu\n|-crit|p2b: Urshifu\n|-damage|p2a: Ogerpon|0 fnt\n|-damage|p2b: Urshifu|0 fnt\n|faint|p2a: Ogerpon\n|faint|p2b: Urshifu\n|\n|-weather|RainDance|[upkeep]\n|upkeep\n|\n|t:|1739993202\n|switch|p2a: Tornadus|Tornadus, L50, M|50\/100\n|switch|p2b: Zacian|Zacian-Crowned, L50|73\/100\n|turn|5\n|\n|t:|1739993208\n|move|p1a: Archaludon|Electro Shot||[still]\n|-prepare|p1a: Archaludon|Electro Shot\n|-boost|p1a: Archaludon|spa|1\n|-anim|p1a: Archaludon|Electro Shot|p2b: Zacian\n|-damage|p2b: Zacian|23\/100\n|move|p1b: Kyogre|Water Spout|p2b: Zacian|[spread] p2a,p2b\n|-damage|p2a: Tornadus|0 fnt\n|-damage|p2b: Zacian|0 fnt\n|faint|p2a: Tornadus\n|faint|p2b: Zacian\n|\n|win|shihevtr1\n|raw|shihevtr1's rating: 1531 &rarr; <strong>1557<\/strong><br \/>(+26 for winning)\n|raw|dogggybears's rating: 1648 &rarr; <strong>1622<\/strong><br \/>(-26 for losing)\n|l|\u2606shihevtr1\n|player|p1|\n|l| jaderson211\n|l|\u2606dogggybears\n|player|p2|\n","uploadtime":1739993483,"views":5,"formatid":"gen9vgc2025regg","rating":1557,"private":0,"password":null}