{"id":"gen9vgc2025regg-2303822111","format":"[Gen 9] VGC 2025 Reg G","players":["Blueaquajet5","caZISA"],"log":"|j|\u2606Blueaquajet5\n|j|\u2606caZISA\n|t:|1739979232\n|gametype|doubles\n|player|p1|Blueaquajet5|170|1659\n|player|p2|caZISA|red|1689\n|teamsize|p1|6\n|teamsize|p2|6\n|gen|9\n|tier|[Gen 9] VGC 2025 Reg G\n|rated|\n|rule|Species Clause: Limit one of each Pok\u00e9mon\n|rule|Item Clause: Limit 1 of each item\n|clearpoke\n|poke|p1|Calyrex-Shadow, L50|\n|poke|p1|Raging Bolt, L50|\n|poke|p1|Clefairy, L50, M|\n|poke|p1|Urshifu-*, L50, F|\n|poke|p1|Incineroar, L50, M|\n|poke|p1|Rillaboom, L50, F|\n|poke|p2|Calyrex-Ice, L50|\n|poke|p2|Urshifu-*, L50, M|\n|poke|p2|Raging Bolt, L50|\n|poke|p2|Rillaboom, L50, M|\n|poke|p2|Torkoal, L50, F|\n|poke|p2|Smeargle, L50, M|\n|teampreview|4\n|j| hideonbusu\n|inactive|Battle timer is ON: inactive players will automatically lose when time's up. (requested by Blueaquajet5)\n|\n|t:|1739979257\n|start\n|switch|p1a: Incineroar|Incineroar, L50, M|100\/100\n|switch|p1b: Clefairy|Clefairy, L50, M|100\/100\n|switch|p2a: Smeargle|Smeargle, L50, M|100\/100\n|switch|p2b: Calyrex|Calyrex-Ice, L50|100\/100\n|-ability|p2b: Calyrex|As One\n|-ability|p2b: Calyrex|Unnerve\n|-ability|p1a: Incineroar|Intimidate|boost\n|-unboost|p2a: Smeargle|atk|1\n|-fail|p2b: Calyrex|unboost|[from] item: Clear Amulet|[of] p2b: Calyrex\n|turn|1\n|inactive|Blueaquajet5 has 30 seconds left.\n|inactive|caZISA has 30 seconds left.\n|j| lyqvgc\n|\n|t:|1739979290\n|-terastallize|p2b: Calyrex|Fire\n|move|p1b: Clefairy|Protect|p1b: Clefairy\n|-singleturn|p1b: Clefairy|Protect\n|move|p2a: Smeargle|Fake Out|p1a: Incineroar\n|-damage|p1a: Incineroar|98\/100\n|cant|p1a: Incineroar|flinch\n|move|p2b: Calyrex|High Horsepower|p1a: Incineroar\n|-supereffective|p1a: Incineroar\n|-damage|p1a: Incineroar|41\/100\n|\n|-ability|p2a: Smeargle|Moody|boost\n|-boost|p2a: Smeargle|spd|2\n|-unboost|p2a: Smeargle|spa|1\n|upkeep\n|turn|2\n|inactive|Blueaquajet5 has 30 seconds left.\n|\n|t:|1739979324\n|move|p2b: Calyrex|Protect|p2b: Calyrex\n|-singleturn|p2b: Calyrex|Protect\n|move|p2a: Smeargle|Spore|p1b: Clefairy\n|-status|p1b: Clefairy|slp|[from] move: Spore\n|move|p1a: Incineroar|Knock Off|p2b: Calyrex\n|-activate|p2b: Calyrex|move: Protect\n|cant|p1b: Clefairy|slp\n|\n|-ability|p2a: Smeargle|Moody|boost\n|-boost|p2a: Smeargle|spd|2\n|-unboost|p2a: Smeargle|atk|1\n|upkeep\n|turn|3\n|\n|t:|1739979341\n|move|p2a: Smeargle|Follow Me|p2a: Smeargle\n|-singleturn|p2a: Smeargle|move: Follow Me\n|move|p1a: Incineroar|Knock Off|p2a: Smeargle\n|-damage|p2a: Smeargle|24\/100\n|-enditem|p2a: Smeargle|Focus Sash|[from] move: Knock Off|[of] p1a: Incineroar\n|cant|p1b: Clefairy|slp\n|move|p2b: Calyrex|Trick Room|p2b: Calyrex\n|-fieldstart|move: Trick Room|[of] p2b: Calyrex\n|\n|-ability|p2a: Smeargle|Moody|boost\n|-boost|p2a: Smeargle|atk|2\n|-unboost|p2a: Smeargle|spe|1\n|upkeep\n|turn|4\n|\n|t:|1739979352\n|move|p2a: Smeargle|Follow Me|p2a: Smeargle\n|-singleturn|p2a: Smeargle|move: Follow Me\n|-curestatus|p1b: Clefairy|slp|[msg]\n|move|p1b: Clefairy|Encore|p2a: Smeargle\n|-start|p2a: Smeargle|Encore\n|move|p2b: Calyrex|High Horsepower|p1a: Incineroar\n|-supereffective|p1a: Incineroar\n|-damage|p1a: Incineroar|0 fnt\n|faint|p1a: Incineroar\n|-ability|p2b: Calyrex|Chilling Neigh|boost\n|-boost|p2b: Calyrex|atk|1\n|\n|-ability|p2a: Smeargle|Moody|boost\n|-boost|p2a: Smeargle|spa|2\n|-unboost|p2a: Smeargle|atk|1\n|upkeep\n|\n|t:|1739979360\n|switch|p1a: Calyrex|Calyrex-Shadow, L50|100\/100\n|-ability|p1a: Calyrex|As One\n|-ability|p1a: Calyrex|Unnerve\n|turn|5\n|\n|t:|1739979377\n|move|p1b: Clefairy|Protect|p1b: Clefairy\n|-singleturn|p1b: Clefairy|Protect\n|move|p1a: Calyrex|Protect|p1a: Calyrex\n|-singleturn|p1a: Calyrex|Protect\n|move|p2a: Smeargle|Follow Me|p2a: Smeargle\n|-singleturn|p2a: Smeargle|move: Follow Me\n|move|p2b: Calyrex|Glacial Lance|p1b: Clefairy|[spread] \n|-activate|p1a: Calyrex|move: Protect\n|-activate|p1b: Clefairy|move: Protect\n|\n|-ability|p2a: Smeargle|Moody|boost\n|-boost|p2a: Smeargle|atk|2\n|-unboost|p2a: Smeargle|spe|1\n|upkeep\n|turn|6\n|\n|t:|1739979400\n|move|p1b: Clefairy|Helping Hand|p1a: Calyrex\n|-singleturn|p1a: Calyrex|Helping Hand|[of] p1b: Clefairy\n|move|p2a: Smeargle|Follow Me|p2a: Smeargle\n|-singleturn|p2a: Smeargle|move: Follow Me\n|move|p2b: Calyrex|Glacial Lance|p1a: Calyrex|[spread] p1a,p1b\n|-damage|p1a: Calyrex|28\/100\n|-damage|p1b: Clefairy|36\/100\n|move|p1a: Calyrex|Astral Barrage|p2a: Smeargle|[spread] p2b\n|-immune|p2a: Smeargle\n|-damage|p2b: Calyrex|42\/100\n|\n|-ability|p2a: Smeargle|Moody|boost\n|-boost|p2a: Smeargle|spd|2\n|-unboost|p2a: Smeargle|spa|1\n|upkeep\n|turn|7\n|\n|t:|1739979413\n|switch|p2a: Raging Bolt|Raging Bolt, L50|100\/100\n|move|p1b: Clefairy|Protect|p1b: Clefairy\n|-singleturn|p1b: Clefairy|Protect\n|move|p1a: Calyrex|Protect|p1a: Calyrex\n|-singleturn|p1a: Calyrex|Protect\n|move|p2b: Calyrex|Glacial Lance|p1b: Clefairy|[spread] \n|-activate|p1a: Calyrex|move: Protect\n|-activate|p1b: Clefairy|move: Protect\n|\n|-fieldend|move: Trick Room\n|upkeep\n|turn|8\n|\n|t:|1739979432\n|move|p1b: Clefairy|Helping Hand|p1a: Calyrex\n|-singleturn|p1a: Calyrex|Helping Hand|[of] p1b: Clefairy\n|move|p2b: Calyrex|Protect|p2b: Calyrex\n|-singleturn|p2b: Calyrex|Protect\n|move|p1a: Calyrex|Astral Barrage|p2b: Calyrex|[spread] p2a\n|-activate|p2b: Calyrex|move: Protect\n|-damage|p2a: Raging Bolt|57\/100\n|move|p2a: Raging Bolt|Snarl|p1b: Clefairy|[spread] p1a,p1b\n|-supereffective|p1a: Calyrex\n|-resisted|p1b: Clefairy\n|-damage|p1a: Calyrex|0 fnt\n|-damage|p1b: Clefairy|29\/100\n|-unboost|p1b: Clefairy|spa|1\n|faint|p1a: Calyrex\n|\n|upkeep\n|\n|t:|1739979437\n|switch|p1a: Raging Bolt|Raging Bolt, L50|100\/100\n|turn|9\n|inactive|Blueaquajet5 has 30 seconds left.\n|\n|t:|1739979463\n|switch|p2b: Smeargle|Smeargle, L50, M|24\/100\n|-terastallize|p1a: Raging Bolt|Electric\n|move|p1a: Raging Bolt|Electroweb|p2b: Smeargle|[spread] p2a,p2b\n|-resisted|p2a: Raging Bolt\n|-damage|p2a: Raging Bolt|53\/100\n|-damage|p2b: Smeargle|0 fnt\n|-unboost|p2a: Raging Bolt|spe|1\n|faint|p2b: Smeargle\n|move|p2a: Raging Bolt|Snarl|p1b: Clefairy|[spread] p1a\n|-miss|p2a: Raging Bolt|p1b: Clefairy\n|-damage|p1a: Raging Bolt|94\/100\n|-unboost|p1a: Raging Bolt|spa|1\n|move|p1b: Clefairy|Encore|p2a: Raging Bolt\n|-start|p2a: Raging Bolt|Encore\n|\n|upkeep\n|\n|t:|1739979477\n|switch|p2b: Calyrex|Calyrex-Ice, L50, tera:Fire|42\/100\n|-ability|p2b: Calyrex|As One\n|-ability|p2b: Calyrex|Unnerve\n|turn|10\n|\n|t:|1739979492\n|move|p1b: Clefairy|Protect|p1b: Clefairy\n|-singleturn|p1b: Clefairy|Protect\n|move|p1a: Raging Bolt|Electroweb|p2b: Calyrex|[spread] p2a,p2b\n|-resisted|p2a: Raging Bolt\n|-damage|p2a: Raging Bolt|50\/100\n|-damage|p2b: Calyrex|27\/100\n|-unboost|p2a: Raging Bolt|spe|1\n|move|p2a: Raging Bolt|Snarl|p1a: Raging Bolt|[spread] p1a\n|-activate|p1b: Clefairy|move: Protect\n|-damage|p1a: Raging Bolt|87\/100\n|-unboost|p1a: Raging Bolt|spa|1\n|move|p2b: Calyrex|Trick Room|p2b: Calyrex\n|-fieldstart|move: Trick Room|[of] p2b: Calyrex\n|\n|upkeep\n|turn|11\n|\n|t:|1739979513\n|-end|p2a: Raging Bolt|Protosynthesis|[silent]\n|switch|p2a: Torkoal|Torkoal, L50, F|100\/100\n|-weather|SunnyDay|[from] ability: Drought|[of] p2a: Torkoal\n|-activate|p1a: Raging Bolt|ability: Protosynthesis\n|-start|p1a: Raging Bolt|protosynthesisspe\n|move|p1b: Clefairy|Encore|p2b: Calyrex\n|-start|p2b: Calyrex|Encore\n|move|p2b: Calyrex|Trick Room|p2b: Calyrex\n|-fieldend|move: Trick Room\n|move|p1a: Raging Bolt|Thunderbolt|p2b: Calyrex\n|-damage|p2b: Calyrex|6\/100\n|\n|-weather|SunnyDay|[upkeep]\n|upkeep\n|turn|12\n|\n|t:|1739979533\n|switch|p2b: Raging Bolt|Raging Bolt, L50|50\/100\n|-activate|p2b: Raging Bolt|ability: Protosynthesis\n|-start|p2b: Raging Bolt|protosynthesisspa\n|move|p1b: Clefairy|Helping Hand|p1a: Raging Bolt\n|-singleturn|p1a: Raging Bolt|Helping Hand|[of] p1b: Clefairy\n|move|p2a: Torkoal|Protect|p2a: Torkoal\n|-singleturn|p2a: Torkoal|Protect\n|move|p1a: Raging Bolt|Electroweb|p2b: Raging Bolt|[spread] p2b\n|-activate|p2a: Torkoal|move: Protect\n|-resisted|p2b: Raging Bolt\n|-damage|p2b: Raging Bolt|47\/100\n|-unboost|p2b: Raging Bolt|spe|1\n|\n|-weather|SunnyDay|[upkeep]\n|upkeep\n|turn|13\n|\n|t:|1739979555\n|switch|p2a: Calyrex|Calyrex-Ice, L50, tera:Fire|6\/100\n|-ability|p2a: Calyrex|As One\n|-ability|p2a: Calyrex|Unnerve\n|move|p1a: Raging Bolt|Electroweb|p2a: Calyrex|[spread] p2a,p2b\n|-resisted|p2b: Raging Bolt\n|-damage|p2a: Calyrex|0 fnt\n|-damage|p2b: Raging Bolt|45\/100\n|-unboost|p2b: Raging Bolt|spe|1\n|faint|p2a: Calyrex\n|move|p2b: Raging Bolt|Thunderbolt|p1b: Clefairy\n|-damage|p1b: Clefairy|0 fnt\n|faint|p1b: Clefairy\n|\n|-weather|SunnyDay|[upkeep]\n|upkeep\n|\n|t:|1739979563\n|switch|p2a: Torkoal|Torkoal, L50, F|100\/100\n|turn|14\n|\n|t:|1739979576\n|move|p1a: Raging Bolt|Thunderbolt|p2a: Torkoal\n|-damage|p2a: Torkoal|58\/100\n|move|p2b: Raging Bolt|Dragon Pulse|p1a: Raging Bolt\n|-damage|p1a: Raging Bolt|52\/100\n|move|p2a: Torkoal|Eruption|p1a: Raging Bolt\n|-damage|p1a: Raging Bolt|15\/100\n|\n|-weather|SunnyDay|[upkeep]\n|upkeep\n|turn|15\n|j| Reverie Jr.\n|\n|t:|1739979586\n|move|p1a: Raging Bolt|Draco Meteor|p2a: Torkoal\n|-damage|p2a: Torkoal|10\/100\n|-unboost|p1a: Raging Bolt|spa|2\n|move|p2b: Raging Bolt|Dragon Pulse|p1a: Raging Bolt\n|-damage|p1a: Raging Bolt|0 fnt\n|faint|p1a: Raging Bolt\n|-end|p1a: Raging Bolt|Protosynthesis|[silent]\n|\n|win|caZISA\n|raw|Blueaquajet5's rating: 1659 &rarr; <strong>1641<\/strong><br \/>(-18 for losing)\n|raw|caZISA's rating: 1689 &rarr; <strong>1707<\/strong><br \/>(+18 for winning)\n|l|\u2606caZISA\n|player|p2|\n|l|\u2606Blueaquajet5\n|player|p1|\n|l| lyqvgc\n","uploadtime":1739979797,"views":5,"formatid":"gen9vgc2025regg","rating":1641,"private":0,"password":null}