{"id":"gen9vgc2025regg-2303354506","format":"[Gen 9] VGC 2025 Reg G","players":["Dimonutive","Daleg"],"log":"|j|\u2606Dimonutive\n|j|\u2606Daleg\n|t:|1739912662\n|gametype|doubles\n|player|p1|Dimonutive|li|1619\n|player|p2|Daleg|266|1767\n|teamsize|p1|6\n|teamsize|p2|6\n|gen|9\n|tier|[Gen 9] VGC 2025 Reg G\n|rated|\n|rule|Species Clause: Limit one of each Pok\u00e9mon\n|rule|Item Clause: Limit 1 of each item\n|clearpoke\n|poke|p1|Terapagos, L50, M|\n|poke|p1|Grimmsnarl, L50, M|\n|poke|p1|Sinistcha, L50|\n|poke|p1|Cresselia, L50, F|\n|poke|p1|Okidogi, L50, M|\n|poke|p1|Landorus-Therian, L50, M|\n|poke|p2|Zamazenta-*, L50|\n|poke|p2|Amoonguss, L50, M|\n|poke|p2|Chien-Pao, L50|\n|poke|p2|Flutter Mane, L50|\n|poke|p2|Rillaboom, L50, M|\n|poke|p2|Dragonite, L50, F|\n|teampreview|4\n|inactive|Battle timer is ON: inactive players will automatically lose when time's up. (requested by Dimonutive)\n|inactive|Daleg has 60 seconds left.\n|\n|t:|1739912707\n|start\n|switch|p1a: Okidogi|Okidogi, L50, M|100\/100\n|switch|p1b: Landorus|Landorus-Therian, L50, M|100\/100\n|switch|p2a: Flutter Mane|Flutter Mane, L50|100\/100\n|switch|p2b: Zamazenta|Zamazenta-Crowned, L50|100\/100\n|-ability|p1b: Landorus|Intimidate|boost\n|-unboost|p2a: Flutter Mane|atk|1\n|-unboost|p2b: Zamazenta|atk|1\n|-ability|p2b: Zamazenta|Dauntless Shield|boost\n|-boost|p2b: Zamazenta|def|1\n|turn|1\n|j| the geodude\n|inactive|Dimonutive has 30 seconds left.\n|inactive|Daleg has 30 seconds left.\n|inactive|Dimonutive has 20 seconds left.\n|inactive|Dimonutive has 15 seconds left.\n|inactive|Dimonutive has 10 seconds left.\n|inactive|Dimonutive has 5 seconds left.\n|\n|t:|1739912762\n|-end|p2a: Flutter Mane|Protosynthesis|[silent]\n|switch|p2a: Amoonguss|Amoonguss, L50, M|100\/100\n|move|p1b: Landorus|Stomping Tantrum|p2b: Zamazenta\n|-supereffective|p2b: Zamazenta\n|-damage|p2b: Zamazenta|66\/100\n|move|p2b: Zamazenta|Iron Defense|p2b: Zamazenta\n|-boost|p2b: Zamazenta|def|2\n|move|p1a: Okidogi|Gunk Shot|p2a: Amoonguss\n|-damage|p2a: Amoonguss|59\/100\n|\n|upkeep\n|turn|2\n|c|\u2606Dimonutive|oh oops\n|inactive|Dimonutive has 30 seconds left.\n|inactive|Daleg has 30 seconds left.\n|inactive|Dimonutive has 20 seconds left.\n|inactive|Daleg has 20 seconds left.\n|inactive|Daleg has 15 seconds left.\n|\n|t:|1739912806\n|move|p1b: Landorus|Stomping Tantrum|p2a: Amoonguss\n|-damage|p2a: Amoonguss|30\/100\n|-damage|p1b: Landorus|84\/100|[from] item: Rocky Helmet|[of] p2a: Amoonguss\n|move|p2b: Zamazenta|Body Press|p1b: Landorus\n|-resisted|p1b: Landorus\n|-damage|p1b: Landorus|34\/100\n|move|p1a: Okidogi|Gunk Shot|p2a: Amoonguss\n|-damage|p2a: Amoonguss|0 fnt\n|faint|p2a: Amoonguss\n|\n|upkeep\n|\n|t:|1739912819\n|switch|p2a: Chien-Pao|Chien-Pao, L50|100\/100\n|-ability|p2a: Chien-Pao|Sword of Ruin\n|turn|3\n|\n|t:|1739912840\n|move|p1b: Landorus|Stomping Tantrum|p2a: Chien-Pao\n|-damage|p2a: Chien-Pao|44\/100\n|move|p2a: Chien-Pao|Icicle Crash|p1a: Okidogi\n|-damage|p1a: Okidogi|47\/100\n|move|p2b: Zamazenta|Body Press|p1b: Landorus\n|-resisted|p1b: Landorus\n|-damage|p1b: Landorus|0 fnt\n|faint|p1b: Landorus\n|move|p1a: Okidogi|Drain Punch|p2a: Chien-Pao\n|-supereffective|p2a: Chien-Pao\n|-damage|p2a: Chien-Pao|0 fnt\n|-heal|p1a: Okidogi|65\/100|[from] drain|[of] p2a: Chien-Pao\n|faint|p2a: Chien-Pao\n|\n|upkeep\n|l| the geodude\n|\n|t:|1739912853\n|switch|p2a: Flutter Mane|Flutter Mane, L50|100\/100\n|switch|p1b: Cresselia|Cresselia, L50, F|100\/100\n|turn|4\n|\n|t:|1739912878\n|-terastallize|p1b: Cresselia|Fairy\n|move|p2a: Flutter Mane|Moonblast|p1a: Okidogi\n|-damage|p1a: Okidogi|19\/100\n|move|p2b: Zamazenta|Body Press|p1a: Okidogi\n|-resisted|p1a: Okidogi\n|-damage|p1a: Okidogi|0 fnt\n|faint|p1a: Okidogi\n|move|p1b: Cresselia|Lunar Blessing||[still]\n|-fail|p1b: Cresselia\n|\n|upkeep\n|\n|t:|1739912888\n|switch|p1a: Terapagos|Terapagos, L50, M|100\/100\n|-activate|p1a: Terapagos|ability: Tera Shift\n|detailschange|p1a: Terapagos|Terapagos-Terastal, L50, M\n|-heal|p1a: Terapagos|100\/100|[silent]\n|turn|5\n|-message|Dimonutive forfeited.\n|\n|win|Daleg\n|raw|Dimonutive's rating: 1619 &rarr; <strong>1607<\/strong><br \/>(-12 for losing)\n|raw|Daleg's rating: 1767 &rarr; <strong>1779<\/strong><br \/>(+12 for winning)\n|l|\u2606Daleg\n|player|p2|\n|l|\u2606Dimonutive\n|player|p1|\n","uploadtime":1739912900,"views":18,"formatid":"gen9vgc2025regg","rating":1607,"private":0,"password":null}