{"id":"gen9vgc2025regg-2303467493","format":"[Gen 9] VGC 2025 Reg G","players":["falcon108","Imicrowavecookies"],"log":"|j|\u2606falcon108\n|j|\u2606Imicrowavecookies\n|t:|1739925425\n|gametype|doubles\n|player|p1|falcon108|266|1614\n|player|p2|Imicrowavecookies|lucas|1664\n|teamsize|p1|6\n|teamsize|p2|6\n|gen|9\n|tier|[Gen 9] VGC 2025 Reg G\n|rated|\n|rule|Species Clause: Limit one of each Pok\u00e9mon\n|rule|Item Clause: Limit 1 of each item\n|clearpoke\n|poke|p1|Kyogre, L50|\n|poke|p1|Tornadus, L50, M|\n|poke|p1|Tsareena, L50, F|\n|poke|p1|Electabuzz, L50, M|\n|poke|p1|Archaludon, L50, M|\n|poke|p1|Rillaboom, L50, F|\n|poke|p2|Chien-Pao, L50|\n|poke|p2|Iron Hands, L50|\n|poke|p2|Calyrex-Shadow, L50|\n|poke|p2|Clefairy, L50, F|\n|poke|p2|Urshifu-*, L50, M|\n|poke|p2|Serperior, L50, F|\n|teampreview|4\n|inactive|Battle timer is ON: inactive players will automatically lose when time's up. (requested by falcon108)\n|\n|t:|1739925446\n|start\n|switch|p1a: Tornadus|Tornadus, L50, M|100\/100\n|switch|p1b: Archaludon|Archaludon, L50, M|100\/100\n|switch|p2a: Calyrex|Calyrex-Shadow, L50|100\/100\n|switch|p2b: Clefairy|Clefairy, L50, F|100\/100\n|-ability|p2a: Calyrex|As One\n|-ability|p2a: Calyrex|Unnerve\n|turn|1\n|\n|t:|1739925458\n|move|p2b: Clefairy|Helping Hand|p2a: Calyrex\n|-singleturn|p2a: Calyrex|Helping Hand|[of] p2b: Clefairy\n|move|p2a: Calyrex|Astral Barrage|p1a: Tornadus|[spread] p1a,p1b\n|-enditem|p1a: Tornadus|Focus Sash\n|-damage|p1a: Tornadus|1\/100\n|-ability|p1b: Archaludon|Sturdy\n|-damage|p1b: Archaludon|1\/100\n|-damage|p2a: Calyrex|91\/100|[from] item: Life Orb\n|move|p1a: Tornadus|Bleakwind Storm|p2b: Clefairy|[spread] p2a,p2b\n|-damage|p2a: Calyrex|65\/100\n|-damage|p2b: Clefairy|63\/100\n|-unboost|p2b: Clefairy|spe|1\n|move|p1b: Archaludon|Flash Cannon|p2b: Clefairy\n|-supereffective|p2b: Clefairy\n|-damage|p2b: Clefairy|0 fnt\n|faint|p2b: Clefairy\n|\n|upkeep\n|\n|t:|1739925474\n|switch|p2b: Chien-Pao|Chien-Pao, L50|100\/100\n|-ability|p2b: Chien-Pao|Sword of Ruin\n|turn|2\n|\n|t:|1739925479\n|move|p2b: Chien-Pao|Sucker Punch|p1b: Archaludon\n|-damage|p1b: Archaludon|0 fnt\n|faint|p1b: Archaludon\n|move|p1a: Tornadus|Tailwind|p1a: Tornadus\n|-sidestart|p1: falcon108|move: Tailwind\n|move|p2a: Calyrex|Astral Barrage|p1a: Tornadus\n|-damage|p1a: Tornadus|0 fnt\n|faint|p1a: Tornadus\n|-ability|p2a: Calyrex|Grim Neigh|boost\n|-boost|p2a: Calyrex|spa|1\n|-damage|p2a: Calyrex|56\/100|[from] item: Life Orb\n|\n|upkeep\n|\n|t:|1739925482\n|switch|p1a: Kyogre|Kyogre, L50|100\/100\n|switch|p1b: Electabuzz|Electabuzz, L50, M|100\/100\n|-weather|RainDance|[from] ability: Drizzle|[of] p1a: Kyogre\n|turn|3\n|\n|t:|1739925498\n|switch|p2b: Iron Hands|Iron Hands, L50|100\/100\n|move|p2a: Calyrex|Protect|p2a: Calyrex\n|-singleturn|p2a: Calyrex|Protect\n|move|p1b: Electabuzz|Feint|p2b: Iron Hands\n|-damage|p2b: Iron Hands|96\/100\n|move|p1a: Kyogre|Water Spout|p2b: Iron Hands|[spread] p2b\n|-activate|p2a: Calyrex|move: Protect\n|-damage|p2b: Iron Hands|41\/100\n|\n|-weather|RainDance|[upkeep]\n|upkeep\n|turn|4\n|j| Therazer456\n|\n|t:|1739925514\n|-terastallize|p2a: Calyrex|Water\n|move|p2b: Iron Hands|Fake Out|p1a: Kyogre\n|-damage|p1a: Kyogre|83\/100\n|cant|p1a: Kyogre|flinch\n|move|p1b: Electabuzz|Thunder|p2a: Calyrex\n|-supereffective|p2a: Calyrex\n|-damage|p2a: Calyrex|0 fnt\n|faint|p2a: Calyrex\n|\n|-weather|RainDance|[upkeep]\n|upkeep\n|\n|t:|1739925528\n|switch|p2a: Chien-Pao|Chien-Pao, L50|100\/100\n|-ability|p2a: Chien-Pao|Sword of Ruin\n|turn|5\n|\n|t:|1739925548\n|-terastallize|p1a: Kyogre|Water\n|move|p1b: Electabuzz|Follow Me|p1b: Electabuzz\n|-singleturn|p1b: Electabuzz|move: Follow Me\n|move|p2a: Chien-Pao|Sucker Punch||[still]\n|-fail|p2a: Chien-Pao\n|move|p1a: Kyogre|Water Spout|p2b: Iron Hands|[spread] p2a,p2b\n|-enditem|p2a: Chien-Pao|Focus Sash\n|-damage|p2a: Chien-Pao|1\/100\n|-damage|p2b: Iron Hands|0 fnt\n|faint|p2b: Iron Hands\n|-end|p2b: Iron Hands|Quark Drive|[silent]\n|\n|-weather|RainDance|[upkeep]\n|-sideend|p1: falcon108|move: Tailwind\n|upkeep\n|turn|6\n|-message|Imicrowavecookies forfeited.\n|\n|win|falcon108\n|raw|falcon108's rating: 1614 &rarr; <strong>1637<\/strong><br \/>(+23 for winning)\n|raw|Imicrowavecookies's rating: 1664 &rarr; <strong>1641<\/strong><br \/>(-23 for losing)\n|l|\u2606Imicrowavecookies\n|player|p2|\n|l| Therazer456\n","uploadtime":1739925559,"views":18,"formatid":"gen9vgc2025regg","rating":1637,"private":0,"password":null}