{"id":"gen9vgc2025regg-2303705021","format":"[Gen 9] VGC 2025 Reg G","players":["satelite99","sibylla_system"],"log":"|j|\u2606satelite99\n|j|\u2606sibylla_system\n|t:|1739964034\n|gametype|doubles\n|player|p1|satelite99|wallace|1744\n|player|p2|sibylla_system|101|1666\n|teamsize|p1|6\n|teamsize|p2|6\n|gen|9\n|tier|[Gen 9] VGC 2025 Reg G\n|rated|\n|rule|Species Clause: Limit one of each Pok\u00e9mon\n|rule|Item Clause: Limit 1 of each item\n|clearpoke\n|poke|p1|Zamazenta-*, L50|\n|poke|p1|Tornadus, L50, M|\n|poke|p1|Chien-Pao, L50|\n|poke|p1|Raging Bolt, L50|\n|poke|p1|Urshifu-*, L50, M|\n|poke|p1|Gholdengo, L50|\n|poke|p2|Terapagos, L50, M|\n|poke|p2|Incineroar, L50, F|\n|poke|p2|Flutter Mane, L50|\n|poke|p2|Whimsicott, L50, F|\n|poke|p2|Urshifu-*, L50, M|\n|poke|p2|Raging Bolt, L50|\n|teampreview|4\nsatelite99 rejected open team sheets.\n|inactive|Battle timer is ON: inactive players will automatically lose when time's up. (requested by satelite99)\n|inactive|satelite99 has 60 seconds left.\n|\n|t:|1739964071\n|start\n|switch|p1a: Zamazenta|Zamazenta-Crowned, L50|100\/100\n|switch|p1b: Tornadus|Tornadus, L50, M|100\/100\n|switch|p2a: Incineroar|Incineroar, L50, F|100\/100\n|switch|p2b: Urshifu|Urshifu-Rapid-Strike, L50, M|100\/100\n|-ability|p1a: Zamazenta|Dauntless Shield|boost\n|-boost|p1a: Zamazenta|def|1\n|-ability|p2a: Incineroar|Intimidate|boost\n|-unboost|p1a: Zamazenta|atk|1\n|-unboost|p1b: Tornadus|atk|1\n|turn|1\n|inactive|satelite99 has 30 seconds left.\n|inactive|sibylla_system has 30 seconds left.\n|inactive|satelite99 has 20 seconds left.\n|\n|t:|1739964106\n|-terastallize|p1a: Zamazenta|Dragon\n|move|p2a: Incineroar|Fake Out|p1a: Zamazenta\n|-damage|p1a: Zamazenta|96\/100\n|cant|p1a: Zamazenta|flinch\n|move|p1b: Tornadus|Bleakwind Storm|p2a: Incineroar|[spread] p2a\n|-miss|p1b: Tornadus|p2b: Urshifu\n|-damage|p2a: Incineroar|64\/100\n|-unboost|p2a: Incineroar|spe|1\n|move|p2b: Urshifu|Close Combat|p1a: Zamazenta\n|-crit|p1a: Zamazenta\n|-damage|p1a: Zamazenta|38\/100\n|-unboost|p2b: Urshifu|def|1\n|-unboost|p2b: Urshifu|spd|1\n|\n|upkeep\n|turn|2\n|inactive|satelite99 has 30 seconds left.\n|inactive|sibylla_system has 30 seconds left.\n|inactive|sibylla_system has 20 seconds left.\n|inactive|sibylla_system has 15 seconds left.\n|\n|t:|1739964149\n|switch|p2b: Flutter Mane|Flutter Mane, L50|100\/100\n|-enditem|p2b: Flutter Mane|Booster Energy\n|-activate|p2b: Flutter Mane|ability: Protosynthesis|[fromitem]\n|-start|p2b: Flutter Mane|protosynthesisspe\n|-terastallize|p2a: Incineroar|Poison\n|move|p1a: Zamazenta|Body Press|p2b: Flutter Mane\n|-immune|p2b: Flutter Mane\n|move|p1b: Tornadus|Bleakwind Storm|p2a: Incineroar|[spread] p2a\n|-miss|p1b: Tornadus|p2b: Flutter Mane\n|-damage|p2a: Incineroar|29\/100\n|move|p2a: Incineroar|Parting Shot|p1b: Tornadus\n|-unboost|p1b: Tornadus|atk|1\n|-unboost|p1b: Tornadus|spa|1\n|\n|t:|1739964167\n|switch|p2a: Terapagos|Terapagos, L50, M|100\/100|[from] Parting Shot\n|-activate|p2a: Terapagos|ability: Tera Shift\n|detailschange|p2a: Terapagos|Terapagos-Terastal, L50, M\n|-heal|p2a: Terapagos|100\/100|[silent]\n|\n|upkeep\n|turn|3\n|\n|t:|1739964182\n|move|p1b: Tornadus|Tailwind|p1b: Tornadus\n|-sidestart|p1: satelite99|move: Tailwind\n|move|p1a: Zamazenta|Behemoth Bash|p2b: Flutter Mane\n|-supereffective|p2b: Flutter Mane\n|-damage|p2b: Flutter Mane|24\/100\n|move|p2b: Flutter Mane|Moonblast|p1a: Zamazenta\n|-supereffective|p1a: Zamazenta\n|-damage|p1a: Zamazenta|0 fnt\n|faint|p1a: Zamazenta\n|move|p2a: Terapagos|Tera Starstorm|p1b: Tornadus\n|-damage|p1b: Tornadus|2\/100\n|\n|upkeep\n|inactive|satelite99 has 30 seconds left.\n|inactive|satelite99 has 20 seconds left.\n|\n|t:|1739964218\n|switch|p1a: Chien-Pao|Chien-Pao, L50|100\/100\n|-ability|p1a: Chien-Pao|Sword of Ruin\n|turn|4\n|\n|t:|1739964232\n|move|p1a: Chien-Pao|Protect|p1a: Chien-Pao\n|-singleturn|p1a: Chien-Pao|Protect\n|move|p2b: Flutter Mane|Icy Wind|p1a: Chien-Pao|[spread] p1b\n|-activate|p1a: Chien-Pao|move: Protect\n|-supereffective|p1b: Tornadus\n|-damage|p1b: Tornadus|0 fnt\n|faint|p1b: Tornadus\n|move|p2a: Terapagos|Tera Starstorm|p1a: Chien-Pao\n|-activate|p1a: Chien-Pao|move: Protect\n|\n|upkeep\n|\n|t:|1739964237\n|switch|p1b: Urshifu|Urshifu-Rapid-Strike, L50, M|100\/100\n|turn|5\n|j| NanshanVGC\n|inactive|satelite99 has 30 seconds left.\n|inactive|satelite99 has 20 seconds left.\n|inactive|satelite99 has 15 seconds left.\n|inactive|satelite99 has 10 seconds left.\n|\n|t:|1739964284\n|switch|p2a: Incineroar|Incineroar, L50, F, tera:Poison|29\/100\n|-ability|p2a: Incineroar|Intimidate|boost\n|-unboost|p1a: Chien-Pao|atk|1\n|-unboost|p1b: Urshifu|atk|1\n|move|p1b: Urshifu|Close Combat|p2a: Incineroar\n|-resisted|p2a: Incineroar\n|-damage|p2a: Incineroar|6\/100\n|-unboost|p1b: Urshifu|def|1\n|-unboost|p1b: Urshifu|spd|1\n|-damage|p1b: Urshifu|84\/100|[from] item: Rocky Helmet|[of] p2a: Incineroar\n|move|p1a: Chien-Pao|Crunch|p2b: Flutter Mane\n|-damage|p2b: Flutter Mane|0 fnt\n|faint|p2b: Flutter Mane\n|-end|p2b: Flutter Mane|Protosynthesis|[silent]\n|\n|upkeep\n|\n|t:|1739964307\n|switch|p2b: Urshifu|Urshifu-Rapid-Strike, L50, M|100\/100\n|turn|6\n|inactive|satelite99 has 30 seconds left.\n|inactive|satelite99 has 20 seconds left.\n|\n|t:|1739964346\n|move|p2a: Incineroar|Fake Out|p1a: Chien-Pao\n|-damage|p1a: Chien-Pao|86\/100\n|move|p1b: Urshifu|Close Combat|p2b: Urshifu\n|-damage|p2b: Urshifu|50\/100\n|-unboost|p1b: Urshifu|def|1\n|-unboost|p1b: Urshifu|spd|1\n|cant|p1a: Chien-Pao|flinch\n|move|p2b: Urshifu|Close Combat|p1b: Urshifu\n|-damage|p1b: Urshifu|0 fnt\n|-unboost|p2b: Urshifu|def|1\n|-unboost|p2b: Urshifu|spd|1\n|faint|p1b: Urshifu\n|\n|-sideend|p1: satelite99|move: Tailwind\n|upkeep\n|turn|7\n|-message|satelite99 forfeited.\n|\n|win|sibylla_system\n|raw|satelite99's rating: 1744 &rarr; <strong>1720<\/strong><br \/>(-24 for losing)\n|raw|sibylla_system's rating: 1666 &rarr; <strong>1690<\/strong><br \/>(+24 for winning)\n|l| NanshanVGC\n|l|\u2606satelite99\n|player|p1|\n","uploadtime":1739964508,"views":13,"formatid":"gen9vgc2025regg","rating":1690,"private":0,"password":null}