{"id":"gen9vgc2025regg-2303589562","format":"[Gen 9] VGC 2025 Reg G","players":["Todo CCT","pig duck eater"],"log":"|j|\u2606Todo CCT\n|j|\u2606pig duck eater\n|t:|1739942553\n|gametype|doubles\n|player|p1|Todo CCT|rocketgrunt|1554\n|player|p2|pig duck eater|169|1657\n|teamsize|p1|6\n|teamsize|p2|6\n|gen|9\n|tier|[Gen 9] VGC 2025 Reg G\n|rated|\n|rule|Species Clause: Limit one of each Pok\u00e9mon\n|rule|Item Clause: Limit 1 of each item\n|clearpoke\n|poke|p1|Calyrex-Ice, L50|\n|poke|p1|Hatterene, L50, F|\n|poke|p1|Indeedee-F, L50, F|\n|poke|p1|Gallade, L50, M|\n|poke|p1|Ursaluna, L50, M|\n|poke|p1|Urshifu-*, L50, F|\n|poke|p2|Miraidon, L50|\n|poke|p2|Incineroar, L50, F|\n|poke|p2|Iron Boulder, L50|\n|poke|p2|Iron Hands, L50|\n|poke|p2|Ninetales-Alola, L50, M|\n|poke|p2|Gothitelle, L50, M|\n|teampreview|4\n|j| Rabbihorn\n|j| hideonbusu\n|l| hideonbusu\n|\n|t:|1739942661\n|start\n|switch|p1a: Indeedee|Indeedee-F, L50, F|100\/100\n|switch|p1b: Hatterene|Hatterene, L50, F|100\/100\n|switch|p2a: Gothitelle|Gothitelle, L50, M|100\/100\n|switch|p2b: Ninetales|Ninetales-Alola, L50, M|100\/100\n|-weather|Snow|[from] ability: Snow Warning|[of] p2b: Ninetales\n|-fieldstart|move: Psychic Terrain|[from] ability: Psychic Surge|[of] p1a: Indeedee\n|-enditem|p1a: Indeedee|Psychic Seed\n|-boost|p1a: Indeedee|spd|1|[from] item: Psychic Seed\n|turn|1\n|l| Rabbihorn\n|\n|t:|1739942677\n|move|p1a: Indeedee|Helping Hand|p1b: Hatterene\n|-singleturn|p1b: Hatterene|Helping Hand|[of] p1a: Indeedee\n|move|p2b: Ninetales|Aurora Veil|p2b: Ninetales\n|-sidestart|p2: pig duck eater|move: Aurora Veil\n|move|p2a: Gothitelle|Taunt|p1a: Indeedee\n|-start|p1a: Indeedee|move: Taunt\n|move|p1b: Hatterene|Dazzling Gleam|p2a: Gothitelle|[spread] p2a,p2b\n|-damage|p2a: Gothitelle|61\/100\n|-damage|p2b: Ninetales|57\/100\n|-damage|p1b: Hatterene|91\/100|[from] item: Life Orb\n|\n|-weather|Snow|[upkeep]\n|upkeep\n|turn|2\n|\n|t:|1739942717\n|switch|p2b: Miraidon|Miraidon, L50|100\/100\n|-fieldstart|move: Electric Terrain|[from] ability: Hadron Engine|[of] p2b: Miraidon\n|-enditem|p2a: Gothitelle|Electric Seed\n|-boost|p2a: Gothitelle|def|1|[from] item: Electric Seed\n|move|p2a: Gothitelle|Foul Play|p1b: Hatterene\n|-damage|p1b: Hatterene|69\/100\n|move|p1a: Indeedee|Psychic|p2b: Miraidon\n|-damage|p2b: Miraidon|81\/100\n|move|p1b: Hatterene|Trick Room|p1b: Hatterene\n|-fieldstart|move: Trick Room|[of] p1b: Hatterene\n|\n|-weather|Snow|[upkeep]\n|upkeep\n|turn|3\n|j| God of restricted\n|\n|t:|1739942728\n|switch|p2b: Iron Hands|Iron Hands, L50|100\/100\n|-activate|p2b: Iron Hands|ability: Quark Drive\n|-start|p2b: Iron Hands|quarkdriveatk\n|move|p1b: Hatterene|Dazzling Gleam|p2a: Gothitelle|[spread] p2a,p2b\n|-supereffective|p2b: Iron Hands\n|-damage|p2a: Gothitelle|32\/100\n|-damage|p2b: Iron Hands|69\/100\n|-damage|p1b: Hatterene|60\/100|[from] item: Life Orb\n|move|p1a: Indeedee|Psychic|p2b: Iron Hands\n|-supereffective|p2b: Iron Hands\n|-damage|p2b: Iron Hands|46\/100\n|move|p2a: Gothitelle|Foul Play|p1b: Hatterene\n|-damage|p1b: Hatterene|39\/100\n|\n|-weather|Snow|[upkeep]\n|upkeep\n|turn|4\n|\n|t:|1739942747\n|-terastallize|p2b: Iron Hands|Water\n|move|p1b: Hatterene|Dazzling Gleam|p2a: Gothitelle|[spread] p2a,p2b\n|-damage|p2a: Gothitelle|3\/100\n|-damage|p2b: Iron Hands|29\/100\n|-damage|p1b: Hatterene|29\/100|[from] item: Life Orb\n|move|p2b: Iron Hands|Heavy Slam|p1b: Hatterene\n|-supereffective|p1b: Hatterene\n|-damage|p1b: Hatterene|0 fnt\n|faint|p1b: Hatterene\n|move|p1a: Indeedee|Psychic|p2b: Iron Hands\n|-damage|p2b: Iron Hands|17\/100\n|move|p2a: Gothitelle|Foul Play|p1a: Indeedee\n|-supereffective|p1a: Indeedee\n|-damage|p1a: Indeedee|70\/100\n|\n|-weather|Snow|[upkeep]\n|-end|p1a: Indeedee|move: Taunt\n|upkeep\n|\n|t:|1739942761\n|switch|p1b: Calyrex|Calyrex-Ice, L50|100\/100\n|-ability|p1b: Calyrex|As One\n|-ability|p1b: Calyrex|Unnerve\n|turn|5\n|\n|t:|1739942771\n|switch|p2a: Ninetales|Ninetales-Alola, L50, M|57\/100\n|move|p1a: Indeedee|Helping Hand|p1b: Calyrex\n|-singleturn|p1b: Calyrex|Helping Hand|[of] p1a: Indeedee\n|move|p1b: Calyrex|Glacial Lance|p2b: Iron Hands|[spread] p2a,p2b\n|-resisted|p2a: Ninetales\n|-resisted|p2b: Iron Hands\n|-damage|p2a: Ninetales|32\/100\n|-damage|p2b: Iron Hands|0 fnt\n|faint|p2b: Iron Hands\n|-end|p2b: Iron Hands|Quark Drive|[silent]\n|-ability|p1b: Calyrex|Chilling Neigh|boost\n|-boost|p1b: Calyrex|atk|1\n|\n|-weather|none\n|upkeep\n|\n|t:|1739942781\n|switch|p2b: Gothitelle|Gothitelle, L50, M|3\/100\n|turn|6\n|\n|t:|1739942797\n|move|p1a: Indeedee|Helping Hand|p1b: Calyrex\n|-singleturn|p1b: Calyrex|Helping Hand|[of] p1a: Indeedee\n|move|p2b: Gothitelle|Fake Out|p1b: Calyrex\n|-damage|p1b: Calyrex|97\/100\n|cant|p1b: Calyrex|flinch\n|move|p2a: Ninetales|Disable|p1b: Calyrex\n|-start|p1b: Calyrex|Disable|Glacial Lance\n|\n|-fieldend|move: Trick Room\n|-fieldend|move: Electric Terrain\n|upkeep\n|turn|7\n|\n|t:|1739942808\n|move|p1a: Indeedee|Follow Me|p1a: Indeedee\n|-singleturn|p1a: Indeedee|move: Follow Me\n|move|p2a: Ninetales|Encore|p1a: Indeedee\n|-start|p1a: Indeedee|Encore\n|move|p2b: Gothitelle|Taunt|p1a: Indeedee\n|-start|p1a: Indeedee|move: Taunt\n|move|p1b: Calyrex|Trick Room|p1b: Calyrex\n|-fieldstart|move: Trick Room|[of] p1b: Calyrex\n|\n|upkeep\n|turn|8\n|-message|pig duck eater forfeited.\n|\n|win|Todo CCT\n|raw|Todo CCT's rating: 1554 &rarr; <strong>1580<\/strong><br \/>(+26 for winning)\n|raw|pig duck eater's rating: 1657 &rarr; <strong>1631<\/strong><br \/>(-26 for losing)\n|l|\u2606pig duck eater\n|player|p2|\n|l|\u2606Todo CCT\n|player|p1|\n|l| God of restricted\n|j|\u2606Todo CCT\n|player|p1|Todo CCT|rocketgrunt|\n|l|\u2606Todo CCT\n|player|p1|\n","uploadtime":1739943033,"views":5,"formatid":"gen9vgc2025regg","rating":1580,"private":0,"password":null}