{"id":"gen9vgc2025regg-2303471052","format":"[Gen 9] VGC 2025 Reg G","players":["tubnationtv","falcon108"],"log":"|j|\u2606tubnationtv\n|j|\u2606falcon108\n|t:|1739925887\n|gametype|doubles\n|player|p1|tubnationtv|cameraman|1580\n|player|p2|falcon108|266|1637\n|teamsize|p1|6\n|teamsize|p2|6\n|gen|9\n|tier|[Gen 9] VGC 2025 Reg G\n|rated|\n|rule|Species Clause: Limit one of each Pok\u00e9mon\n|rule|Item Clause: Limit 1 of each item\n|clearpoke\n|poke|p1|Groudon, L50|\n|poke|p1|Jumpluff, L50, F|\n|poke|p1|Flutter Mane, L50|\n|poke|p1|Urshifu-*, L50, M|\n|poke|p1|Raging Bolt, L50|\n|poke|p1|Ogerpon-Hearthflame, L50, F|\n|poke|p2|Kyogre, L50|\n|poke|p2|Tornadus, L50, M|\n|poke|p2|Tsareena, L50, F|\n|poke|p2|Electabuzz, L50, M|\n|poke|p2|Archaludon, L50, F|\n|poke|p2|Rillaboom, L50, F|\n|teampreview|4\n|inactive|Battle timer is ON: inactive players will automatically lose when time's up. (requested by falcon108)\n|inactive|tubnationtv has 60 seconds left.\n|inactive|falcon108 has 60 seconds left.\n|inactive|tubnationtv has 30 seconds left.\n|inactive|falcon108 has 30 seconds left.\n|inactive|tubnationtv has 20 seconds left.\n|\n|t:|1739925960\n|start\n|switch|p1a: Urshifu|Urshifu, L50, M|100\/100\n|switch|p1b: Raging Bolt|Raging Bolt, L50|100\/100\n|switch|p2a: Archaludon|Archaludon, L50, F|100\/100\n|switch|p2b: Tornadus|Tornadus, L50, M|100\/100\n|turn|1\n|inactive|tubnationtv has 30 seconds left.\n|\n|t:|1739925986\n|move|p2b: Tornadus|Bleakwind Storm|p1b: Raging Bolt|[spread] p1a\n|-miss|p2b: Tornadus|p1b: Raging Bolt\n|-supereffective|p1a: Urshifu\n|-enditem|p1a: Urshifu|Focus Sash\n|-damage|p1a: Urshifu|1\/100\n|-unboost|p1a: Urshifu|spe|1\n|move|p2a: Archaludon|Draco Meteor|p1b: Raging Bolt\n|-supereffective|p1b: Raging Bolt\n|-damage|p1b: Raging Bolt|9\/100\n|-unboost|p2a: Archaludon|spa|2\n|move|p1b: Raging Bolt|Electroweb|p2a: Archaludon|[spread] p2a,p2b\n|-resisted|p2a: Archaludon\n|-supereffective|p2b: Tornadus\n|-damage|p2a: Archaludon|82\/100\n|-damage|p2b: Tornadus|37\/100\n|-unboost|p2a: Archaludon|spe|1\n|-unboost|p2b: Tornadus|spe|1\n|move|p1a: Urshifu|Wicked Blow|p2a: Archaludon\n|-crit|p2a: Archaludon\n|-damage|p2a: Archaludon|26\/100\n|\n|upkeep\n|turn|2\n|\n|t:|1739926010\n|move|p2b: Tornadus|Tailwind|p2b: Tornadus\n|-sidestart|p2: falcon108|move: Tailwind\n|move|p1a: Urshifu|Sucker Punch|p2a: Archaludon\n|-damage|p2a: Archaludon|0 fnt\n|faint|p2a: Archaludon\n|move|p1b: Raging Bolt|Volt Switch|p2b: Tornadus\n|-supereffective|p2b: Tornadus\n|-damage|p2b: Tornadus|0 fnt\n|faint|p2b: Tornadus\n|\n|t:|1739926017\n|-end|p1b: Raging Bolt|Protosynthesis|[silent]\n|switch|p1b: Jumpluff|Jumpluff, L50, F|100\/100|[from] Volt Switch\n|\n|upkeep\n|\n|t:|1739926020\n|switch|p2b: Kyogre|Kyogre, L50|100\/100\n|switch|p2a: Tsareena|Tsareena, L50, F|100\/100\n|-weather|RainDance|[from] ability: Drizzle|[of] p2b: Kyogre\n|turn|3\n|inactive|tubnationtv has 30 seconds left.\n|inactive|tubnationtv has 20 seconds left.\n|j| DonShitDozo\n|inactive|tubnationtv has 15 seconds left.\n|inactive|tubnationtv has 10 seconds left.\n|\n|t:|1739926068\n|switch|p1a: Groudon|Groudon, L50|100\/100\n|-weather|SunnyDay|[from] ability: Drought|[of] p1a: Groudon\n|-terastallize|p2a: Tsareena|Ice\n|move|p2b: Kyogre|Water Spout|p1b: Jumpluff|[spread] p1a,p1b\n|-supereffective|p1a: Groudon\n|-resisted|p1b: Jumpluff\n|-damage|p1a: Groudon|27\/100\n|-damage|p1b: Jumpluff|84\/100\n|move|p1b: Jumpluff|Sleep Powder|p2b: Kyogre\n|-status|p2b: Kyogre|slp|[from] move: Sleep Powder\n|move|p2a: Tsareena|Triple Axel|p1b: Jumpluff\n|-supereffective|p1b: Jumpluff\n|-crit|p1b: Jumpluff\n|-damage|p1b: Jumpluff|3\/100\n|-supereffective|p1b: Jumpluff\n|-damage|p1b: Jumpluff|0 fnt\n|faint|p1b: Jumpluff\n|-hitcount|p1: Jumpluff|2\n|\n|-weather|SunnyDay|[upkeep]\n|upkeep\n|j| zzz1994000\n|l| zzz1994000\n|\n|t:|1739926088\n|switch|p1b: Urshifu|Urshifu, L50, M|1\/100\n|turn|4\n|inactive|tubnationtv has 30 seconds left.\n|inactive|tubnationtv has 20 seconds left.\n|inactive|tubnationtv has 15 seconds left.\n|\n|t:|1739926139\n|move|p1b: Urshifu|Detect|p1b: Urshifu\n|-singleturn|p1b: Urshifu|Protect\n|cant|p2b: Kyogre|slp\n|move|p2a: Tsareena|Triple Axel|p1b: Urshifu\n|-activate|p1b: Urshifu|move: Protect\n|move|p1a: Groudon|Precipice Blades|p2a: Tsareena|[spread] p2a,p2b\n|-damage|p2a: Tsareena|53\/100\n|-damage|p2b: Kyogre|51\/100 slp\n|\n|-weather|SunnyDay|[upkeep]\n|upkeep\n|turn|5\n|\n|t:|1739926159\n|move|p1b: Urshifu|Detect|p1b: Urshifu\n|-singleturn|p1b: Urshifu|Protect\n|-curestatus|p2b: Kyogre|slp|[msg]\n|move|p2b: Kyogre|Water Spout|p1a: Groudon|[spread] p1a\n|-activate|p1b: Urshifu|move: Protect\n|-supereffective|p1a: Groudon\n|-damage|p1a: Groudon|0 fnt\n|faint|p1a: Groudon\n|move|p2a: Tsareena|Triple Axel|p1b: Urshifu\n|-activate|p1b: Urshifu|move: Protect\n|\n|-weather|SunnyDay|[upkeep]\n|-sideend|p2: falcon108|move: Tailwind\n|upkeep\n|\n|t:|1739926167\n|switch|p1a: Raging Bolt|Raging Bolt, L50|9\/100\n|-activate|p1a: Raging Bolt|ability: Protosynthesis\n|-start|p1a: Raging Bolt|protosynthesisspa\n|turn|6\n|c|\u2606falcon108|Gg\n|\n|t:|1739926173\n|move|p1b: Urshifu|Sucker Punch||[still]\n|cant|p2a: Tsareena|ability: Queenly Majesty|Sucker Punch|[of] p1b: Urshifu\n|move|p2b: Kyogre|Water Spout|p1b: Urshifu|[spread] p1a,p1b\n|-resisted|p1a: Raging Bolt\n|-damage|p1a: Raging Bolt|4\/100\n|-damage|p1b: Urshifu|0 fnt\n|faint|p1b: Urshifu\n|move|p2a: Tsareena|Triple Axel|p1a: Raging Bolt\n|-supereffective|p1a: Raging Bolt\n|-damage|p1a: Raging Bolt|0 fnt\n|faint|p1a: Raging Bolt\n|-end|p1a: Raging Bolt|Protosynthesis|[silent]\n|-hitcount|p1: Raging Bolt|1\n|\n|win|falcon108\n|raw|tubnationtv's rating: 1580 &rarr; <strong>1563<\/strong><br \/>(-17 for losing)\n|raw|falcon108's rating: 1637 &rarr; <strong>1654<\/strong><br \/>(+17 for winning)\n","uploadtime":1739926179,"views":18,"formatid":"gen9vgc2025regg","rating":1563,"private":0,"password":null}