{"id":"gen9vgc2025regg-2303591075","format":"[Gen 9] VGC 2025 Reg G","players":["pig duck eater","ComradeClownVGC"],"log":"|j|\u2606pig duck eater\n|j|\u2606ComradeClownVGC\n|t:|1739942826\n|gametype|doubles\n|player|p1|pig duck eater|169|1631\n|player|p2|ComradeClownVGC|harlequin|1616\n|teamsize|p1|6\n|teamsize|p2|6\n|gen|9\n|tier|[Gen 9] VGC 2025 Reg G\n|rated|\n|rule|Species Clause: Limit one of each Pok\u00e9mon\n|rule|Item Clause: Limit 1 of each item\n|clearpoke\n|poke|p1|Miraidon, L50|\n|poke|p1|Incineroar, L50, M|\n|poke|p1|Iron Boulder, L50|\n|poke|p1|Iron Hands, L50|\n|poke|p1|Ninetales-Alola, L50, F|\n|poke|p1|Gothitelle, L50, F|\n|poke|p2|Whimsicott, L50, M|\n|poke|p2|Okidogi, L50, M|\n|poke|p2|Arcanine-Hisui, L50, M|\n|poke|p2|Flutter Mane, L50|\n|poke|p2|Calyrex-Shadow, L50|\n|poke|p2|Chi-Yu, L50|\n|teampreview|4\n|inactive|Battle timer is ON: inactive players will automatically lose when time's up. (requested by ComradeClownVGC)\nComradeClownVGC has agreed to open team sheets.\n|inactive|pig duck eater has 60 seconds left.\n|j| God of restricted\n|j| Therazer456\n|inactive|pig duck eater has 30 seconds left.\n|inactive|pig duck eater has 20 seconds left.\n|inactive|pig duck eater has 15 seconds left.\n|inactive|pig duck eater has 10 seconds left.\n|inactive|pig duck eater has 5 seconds left.\n|\n|t:|1739942929\n|start\n|switch|p1a: Miraidon|Miraidon, L50|100\/100\n|switch|p1b: Incineroar|Incineroar, L50, M|100\/100\n|switch|p2a: Caulipower|Whimsicott, L50, M|100\/100\n|switch|p2b: Dogi Style|Okidogi, L50, M|100\/100\n|-fieldstart|move: Electric Terrain|[from] ability: Hadron Engine|[of] p1a: Miraidon\n|-ability|p1b: Incineroar|Intimidate|boost\n|-unboost|p2a: Caulipower|atk|1\n|-ability|p2b: Dogi Style|Guard Dog|boost\n|-boost|p2b: Dogi Style|atk|1\n|turn|1\n|\n|t:|1739942948\n|switch|p1b: Iron Hands|Iron Hands, L50|100\/100\n|-activate|p1b: Iron Hands|ability: Quark Drive\n|-start|p1b: Iron Hands|quarkdriveatk\n|move|p2a: Caulipower|Tailwind|p2a: Caulipower\n|-sidestart|p2: ComradeClownVGC|move: Tailwind\n|move|p1a: Miraidon|Volt Switch|p2b: Dogi Style\n|-damage|p2b: Dogi Style|48\/100\n|\n|t:|1739942956\n|switch|p1a: Iron Boulder|Iron Boulder, L50|100\/100|[from] Volt Switch\n|-activate|p1a: Iron Boulder|ability: Quark Drive\n|-start|p1a: Iron Boulder|quarkdrivespe\n|move|p2b: Dogi Style|Drain Punch|p1b: Iron Hands\n|-damage|p1b: Iron Hands|56\/100\n|-heal|p2b: Dogi Style|77\/100|[from] drain|[of] p1b: Iron Hands\n|\n|upkeep\n|turn|2\n|\n|t:|1739942971\n|-terastallize|p2b: Dogi Style|Dark\n|move|p1b: Iron Hands|Fake Out|p2b: Dogi Style\n|-damage|p2b: Dogi Style|59\/100\n|move|p2a: Caulipower|Moonblast|p1b: Iron Hands\n|-supereffective|p1b: Iron Hands\n|-damage|p1b: Iron Hands|17\/100\n|move|p1a: Iron Boulder|Swords Dance|p1a: Iron Boulder\n|-boost|p1a: Iron Boulder|atk|2\n|cant|p2b: Dogi Style|flinch\n|\n|upkeep\n|turn|3\n|inactive|pig duck eater has 30 seconds left.\n|\n|t:|1739943005\n|move|p1a: Iron Boulder|Protect|p1a: Iron Boulder\n|-singleturn|p1a: Iron Boulder|Protect\n|move|p2a: Caulipower|Encore|p1a: Iron Boulder\n|-activate|p1a: Iron Boulder|move: Protect\n|move|p2b: Dogi Style|Drain Punch|p1b: Iron Hands\n|-damage|p1b: Iron Hands|0 fnt\n|-heal|p2b: Dogi Style|70\/100|[from] drain|[of] p1b: Iron Hands\n|faint|p1b: Iron Hands\n|-end|p1b: Iron Hands|Quark Drive|[silent]\n|\n|upkeep\n|\n|t:|1739943016\n|switch|p1b: Miraidon|Miraidon, L50|100\/100\n|-activate|p1b: Miraidon|ability: Hadron Engine\n|turn|4\n|\n|t:|1739943025\n|-terastallize|p1a: Iron Boulder|Dark\n|move|p2a: Caulipower|Encore|p1a: Iron Boulder\n|-hint|Since gen 7, Dark is immune to Prankster moves.\n|-immune|p1a: Iron Boulder\n|move|p1b: Miraidon|Electro Drift|p2b: Dogi Style\n|-damage|p2b: Dogi Style|3\/100\n|move|p1a: Iron Boulder|Mighty Cleave|p2a: Caulipower\n|-enditem|p2a: Caulipower|Focus Sash\n|-damage|p2a: Caulipower|1\/100\n|move|p2b: Dogi Style|Drain Punch|p1b: Miraidon\n|-crit|p1b: Miraidon\n|-damage|p1b: Miraidon|0 fnt\n|-heal|p2b: Dogi Style|55\/100|[from] drain|[of] p1b: Miraidon\n|faint|p1b: Miraidon\n|\n|-sideend|p2: ComradeClownVGC|move: Tailwind\n|upkeep\n|\n|t:|1739943041\n|switch|p1b: Incineroar|Incineroar, L50, M|100\/100\n|-ability|p1b: Incineroar|Intimidate|boost\n|-unboost|p2a: Caulipower|atk|1\n|-ability|p2b: Dogi Style|Guard Dog|boost\n|-boost|p2b: Dogi Style|atk|1\n|turn|5\n|\n|t:|1739943050\n|move|p2b: Dogi Style|Upper Hand|p1b: Incineroar\n|-supereffective|p1b: Incineroar\n|-damage|p1b: Incineroar|0 fnt\n|faint|p1b: Incineroar\n|move|p2a: Caulipower|Tailwind|p2a: Caulipower\n|-sidestart|p2: ComradeClownVGC|move: Tailwind\n|move|p1a: Iron Boulder|Mighty Cleave|p2b: Dogi Style\n|-damage|p2b: Dogi Style|0 fnt\n|faint|p2b: Dogi Style\n|\n|-fieldend|move: Electric Terrain\n|-end|p1a: Iron Boulder|Quark Drive\n|upkeep\n|-message|pig duck eater forfeited.\n|\n|win|ComradeClownVGC\n|raw|pig duck eater's rating: 1631 &rarr; <strong>1610<\/strong><br \/>(-21 for losing)\n|raw|ComradeClownVGC's rating: 1616 &rarr; <strong>1637<\/strong><br \/>(+21 for winning)\n|l|\u2606pig duck eater\n|player|p1|\n|l| God of restricted\n|l| Therazer456\n|c|\u2606ComradeClownVGC|gg\n|l|\u2606ComradeClownVGC\n|player|p2|\n","uploadtime":1739943313,"views":5,"formatid":"gen9vgc2025regg","rating":1610,"private":0,"password":null}