{"id":"gen9vgc2025regg-2303702416","format":"[Gen 9] VGC 2025 Reg G","players":["sibylla_system","Mega Zap2"],"log":"|j|\u2606sibylla_system\n|j|\u2606Mega Zap2\n|t:|1739963590\n|gametype|doubles\n|player|p1|sibylla_system|101|1652\n|player|p2|Mega Zap2|ninjaboy|1553\n|teamsize|p1|6\n|teamsize|p2|6\n|gen|9\n|tier|[Gen 9] VGC 2025 Reg G\n|rated|\n|rule|Species Clause: Limit one of each Pok\u00e9mon\n|rule|Item Clause: Limit 1 of each item\n|clearpoke\n|poke|p1|Terapagos, L50, M|\n|poke|p1|Incineroar, L50, F|\n|poke|p1|Flutter Mane, L50|\n|poke|p1|Whimsicott, L50, F|\n|poke|p1|Urshifu-*, L50, M|\n|poke|p1|Raging Bolt, L50|\n|poke|p2|Chien-Pao, L50|\n|poke|p2|Amoonguss, L50, F|\n|poke|p2|Kyogre, L50|\n|poke|p2|Dragonite, L50, M|\n|poke|p2|Archaludon, L50, M|\n|poke|p2|Urshifu-*, L50, F|\n|teampreview|4\n|inactive|Battle timer is ON: inactive players will automatically lose when time's up. (requested by Mega Zap2)\nMega Zap2 has agreed to open team sheets.\n|j| NanshanVGC\n|inactive|sibylla_system has 60 seconds left.\n|\n|t:|1739963639\n|start\n|switch|p1a: Terapagos|Terapagos, L50, M|100\/100\n|switch|p1b: Flutter Mane|Flutter Mane, L50|100\/100\n|switch|p2a: Kyogre|Kyogre, L50|100\/100\n|switch|p2b: Archaludon|Archaludon, L50, M|100\/100\n|-activate|p1a: Terapagos|ability: Tera Shift\n|detailschange|p1a: Terapagos|Terapagos-Terastal, L50, M\n|-heal|p1a: Terapagos|100\/100|[silent]\n|-weather|RainDance|[from] ability: Drizzle|[of] p2a: Kyogre\n|-enditem|p1b: Flutter Mane|Booster Energy\n|-activate|p1b: Flutter Mane|ability: Protosynthesis|[fromitem]\n|-start|p1b: Flutter Mane|protosynthesisspe\n|turn|1\n|inactive|sibylla_system has 30 seconds left.\n|inactive|sibylla_system has 20 seconds left.\n|\n|t:|1739963677\n|-terastallize|p1a: Terapagos|Stellar\n|detailschange|p1a: Terapagos|Terapagos-Stellar, L50, M, tera:Stellar\n|-heal|p1a: Terapagos|100\/100|[silent]\n|-ability|p1a: Terapagos|Teraform Zero\n|-weather|none\n|move|p1b: Flutter Mane|Icy Wind|p2b: Archaludon|[spread] p2a,p2b\n|-resisted|p2a: Kyogre\n|-damage|p2a: Kyogre|95\/100\n|-damage|p2b: Archaludon|92\/100\n|-unboost|p2a: Kyogre|spe|1\n|-unboost|p2b: Archaludon|spe|1\n|-ability|p2b: Archaludon|Stamina|boost\n|-boost|p2b: Archaludon|def|1\n|move|p1a: Terapagos|Tera Starstorm|p2b: Archaludon|[spread] p2a,p2b\n|-crit|p2b: Archaludon\n|-damage|p2a: Kyogre|45\/100\n|-damage|p2b: Archaludon|29\/100\n|-ability|p2b: Archaludon|Stamina|boost\n|-boost|p2b: Archaludon|def|1\n|move|p2a: Kyogre|Origin Pulse|p1a: Terapagos|[spread] p1b\n|-miss|p2a: Kyogre|p1a: Terapagos\n|-damage|p1b: Flutter Mane|51\/100\n|move|p2b: Archaludon|Body Press|p1a: Terapagos\n|-supereffective|p1a: Terapagos\n|-damage|p1a: Terapagos|35\/100\n|\n|upkeep\n|turn|2\n|inactive|sibylla_system has 30 seconds left.\n|inactive|Mega Zap2 has 30 seconds left.\n|inactive|Mega Zap2 has 20 seconds left.\n|inactive|Mega Zap2 has 15 seconds left.\n|inactive|Mega Zap2 has 10 seconds left.\n|inactive|Mega Zap2 has 5 seconds left.\n|\n|t:|1739963728\n|move|p1b: Flutter Mane|Moonblast|p2a: Kyogre\n|-damage|p2a: Kyogre|12\/100\n|-unboost|p2a: Kyogre|spa|1\n|move|p1a: Terapagos|Tera Starstorm|p2b: Archaludon|[spread] p2a,p2b\n|-damage|p2a: Kyogre|0 fnt\n|-damage|p2b: Archaludon|0 fnt\n|faint|p2a: Kyogre\n|faint|p2b: Archaludon\n|\n|upkeep\n|\n|t:|1739963734\n|switch|p2a: Chien-Pao|Chien-Pao, L50|100\/100\n|switch|p2b: Urshifu|Urshifu-Rapid-Strike, L50, F|100\/100\n|-ability|p2a: Chien-Pao|Sword of Ruin\n|turn|3\n|\n|t:|1739963751\n|move|p2a: Chien-Pao|Sucker Punch||[still]\n|-fail|p2a: Chien-Pao\n|move|p1b: Flutter Mane|Thunder Wave|p2a: Chien-Pao\n|-status|p2a: Chien-Pao|par\n|move|p2b: Urshifu|Close Combat|p1a: Terapagos\n|-supereffective|p1a: Terapagos\n|-damage|p1a: Terapagos|0 fnt\n|-unboost|p2b: Urshifu|def|1\n|-unboost|p2b: Urshifu|spd|1\n|faint|p1a: Terapagos\n|\n|upkeep\n|\n|t:|1739963762\n|switch|p1a: Urshifu|Urshifu-Rapid-Strike, L50, M|100\/100\n|turn|4\n|inactive|sibylla_system has 30 seconds left.\n|\n|t:|1739963797\n|move|p2a: Chien-Pao|Sucker Punch|p1b: Flutter Mane\n|-damage|p1b: Flutter Mane|0 fnt\n|faint|p1b: Flutter Mane\n|-end|p1b: Flutter Mane|Protosynthesis|[silent]\n|move|p2b: Urshifu|Close Combat|p1a: Urshifu\n|-damage|p1a: Urshifu|18\/100\n|-unboost|p2b: Urshifu|def|1\n|-unboost|p2b: Urshifu|spd|1\n|move|p1a: Urshifu|Surging Strikes|p2a: Chien-Pao\n|-crit|p2a: Chien-Pao\n|-damage|p2a: Chien-Pao|68\/100 par\n|-crit|p2a: Chien-Pao\n|-damage|p2a: Chien-Pao|37\/100 par\n|-crit|p2a: Chien-Pao\n|-damage|p2a: Chien-Pao|3\/100 par\n|-hitcount|p2a: Chien-Pao|3\n|\n|upkeep\n|\n|t:|1739963810\n|switch|p1b: Raging Bolt|Raging Bolt, L50|100\/100\n|turn|5\n|\n|t:|1739963835\n|-terastallize|p2b: Urshifu|Grass\n|move|p1a: Urshifu|Aqua Jet|p2a: Chien-Pao\n|-damage|p2a: Chien-Pao|0 fnt\n|faint|p2a: Chien-Pao\n|move|p2b: Urshifu|Close Combat|p1b: Raging Bolt\n|-damage|p1b: Raging Bolt|43\/100\n|-unboost|p2b: Urshifu|def|1\n|-unboost|p2b: Urshifu|spd|1\n|move|p1b: Raging Bolt|Electroweb|p2b: Urshifu\n|-resisted|p2b: Urshifu\n|-damage|p2b: Urshifu|41\/100\n|-unboost|p2b: Urshifu|spe|1\n|\n|upkeep\n|turn|6\n|-message|Mega Zap2 forfeited.\n|\n|win|sibylla_system\n|raw|sibylla_system's rating: 1652 &rarr; <strong>1666<\/strong><br \/>(+14 for winning)\n|raw|Mega Zap2's rating: 1553 &rarr; <strong>1539<\/strong><br \/>(-14 for losing)\n|l|\u2606Mega Zap2\n|player|p2|\n|l|\u2606sibylla_system\n|player|p1|\n","uploadtime":1739964092,"views":6,"formatid":"gen9vgc2025regg","rating":1539,"private":0,"password":null}