{"id":"gen9vgc2025regg-2303791578","format":"[Gen 9] VGC 2025 Reg G","players":["maodawang","aveorni"],"log":"|j|\u2606maodawang\n|j|\u2606aveorni\n|t:|1739975970\n|gametype|doubles\n|player|p1|maodawang|rosa|1548\n|player|p2|aveorni|ghetsis|1591\n|teamsize|p1|6\n|teamsize|p2|6\n|gen|9\n|tier|[Gen 9] VGC 2025 Reg G\n|rated|\n|rule|Species Clause: Limit one of each Pok\u00e9mon\n|rule|Item Clause: Limit 1 of each item\n|clearpoke\n|poke|p1|Urshifu-*, L50, M|\n|poke|p1|Ogerpon-Hearthflame, L50, F|\n|poke|p1|Vikavolt, L50, F|\n|poke|p1|Landorus, L50, M|\n|poke|p1|Calyrex-Ice, L50|\n|poke|p1|Scream Tail, L50|\n|poke|p2|Ting-Lu, L50|\n|poke|p2|Calyrex-Shadow, L50|\n|poke|p2|Dondozo, L50, M|\n|poke|p2|Weezing-Galar, L50, M|\n|poke|p2|Maushold-Four, L50|\n|poke|p2|Tatsugiri-Droopy, L50, F|\n|teampreview|4\n|inactive|Battle timer is ON: inactive players will automatically lose when time's up. (requested by aveorni)\n|inactive|maodawang also wants the timer to be on.\n|inactive|maodawang has 60 seconds left.\n|\n|t:|1739976003\n|start\n|switch|p1a: Landorus|Landorus, L50, M|100\/100\n|switch|p1b: Calyrex|Calyrex-Ice, L50|100\/100\n|switch|p2a: horse|Calyrex-Shadow, L50|100\/100\n|switch|p2b: Maushold|Maushold-Four, L50|100\/100\n|-ability|p2a: horse|As One\n|-ability|p2a: horse|Unnerve\n|-ability|p1b: Calyrex|As One\n|-ability|p1b: Calyrex|Unnerve\n|turn|1\n|j| hideonbusu\n|\n|t:|1739976022\n|-terastallize|p1b: Calyrex|Fairy\n|move|p2a: horse|Astral Barrage|p1b: Calyrex|[spread] p1a,p1b\n|-damage|p1a: Landorus|14\/100\n|-damage|p1b: Calyrex|48\/100\n|-damage|p2a: horse|91\/100|[from] item: Life Orb\n|move|p2b: Maushold|Population Bomb|p1b: Calyrex\n|-damage|p1b: Calyrex|43\/100\n|-damage|p1b: Calyrex|39\/100\n|-damage|p1b: Calyrex|35\/100\n|-damage|p1b: Calyrex|30\/100\n|-damage|p1b: Calyrex|26\/100\n|-damage|p1b: Calyrex|22\/100\n|-damage|p1b: Calyrex|17\/100\n|-damage|p1b: Calyrex|13\/100\n|-damage|p1b: Calyrex|10\/100\n|-damage|p1b: Calyrex|6\/100\n|-hitcount|p1b: Calyrex|10\n|move|p1a: Landorus|Sandsear Storm|p2b: Maushold|[spread] p2a\n|-miss|p1a: Landorus|p2b: Maushold\n|-damage|p2a: horse|53\/100\n|move|p1b: Calyrex|Glacial Lance|p2a: horse|[spread] p2a,p2b\n|-damage|p2a: horse|6\/100\n|-damage|p2b: Maushold|23\/100\n|\n|upkeep\n|turn|2\n|inactive|maodawang has 30 seconds left.\n|inactive|aveorni has 30 seconds left.\n|j| b2k99\n|\n|t:|1739976054\n|move|p2b: Maushold|Feint|p1a: Landorus\n|-damage|p1a: Landorus|5\/100\n|move|p2a: horse|Astral Barrage|p1b: Calyrex|[spread] p1a,p1b\n|-damage|p1a: Landorus|0 fnt\n|-damage|p1b: Calyrex|0 fnt\n|faint|p1a: Landorus\n|faint|p1b: Calyrex\n|-ability|p2a: horse|Grim Neigh|boost\n|-boost|p2a: horse|spa|2\n|-damage|p2a: horse|0 fnt|[from] item: Life Orb\n|faint|p2a: horse\n|\n|upkeep\n|\n|t:|1739976065\n|switch|p2a: I eat sushi|Dondozo, L50, M, shiny|100\/100\n|switch|p1a: Vikavolt|Vikavolt, L50, F|100\/100\n|switch|p1b: Scream Tail|Scream Tail, L50|100\/100\n|-enditem|p1b: Scream Tail|Booster Energy\n|-activate|p1b: Scream Tail|ability: Protosynthesis|[fromitem]\n|-start|p1b: Scream Tail|protosynthesisspe\n|turn|3\n|\n|t:|1739976079\n|move|p1b: Scream Tail|Play Rough|p2b: Maushold|[miss]\n|-miss|p1b: Scream Tail|p2b: Maushold\n|move|p2b: Maushold|Population Bomb|p1b: Scream Tail\n|-damage|p1b: Scream Tail|94\/100\n|-damage|p1b: Scream Tail|88\/100\n|-crit|p1b: Scream Tail\n|-damage|p1b: Scream Tail|77\/100\n|-damage|p1b: Scream Tail|70\/100\n|-damage|p1b: Scream Tail|63\/100\n|-damage|p1b: Scream Tail|56\/100\n|-damage|p1b: Scream Tail|49\/100\n|-damage|p1b: Scream Tail|43\/100\n|-damage|p1b: Scream Tail|37\/100\n|-damage|p1b: Scream Tail|31\/100\n|-hitcount|p1b: Scream Tail|10\n|move|p2a: I eat sushi|Yawn|p1b: Scream Tail\n|-start|p1b: Scream Tail|move: Yawn|[of] p2a: I eat sushi\n|move|p1a: Vikavolt|Thunderbolt|p2a: I eat sushi\n|-supereffective|p2a: I eat sushi\n|-damage|p2a: I eat sushi|46\/100\n|\n|-heal|p2a: I eat sushi|53\/100|[from] item: Leftovers\n|upkeep\n|turn|4\n|l| b2k99\n|inactive|maodawang has 30 seconds left.\n|\n|t:|1739976105\n|move|p2b: Maushold|Protect|p2b: Maushold\n|-singleturn|p2b: Maushold|Protect\n|move|p2a: I eat sushi|Protect|p2a: I eat sushi\n|-singleturn|p2a: I eat sushi|Protect\n|move|p1b: Scream Tail|Play Rough|p2b: Maushold\n|-activate|p2b: Maushold|move: Protect\n|move|p1a: Vikavolt|Thunderbolt|p2a: I eat sushi\n|-activate|p2a: I eat sushi|move: Protect\n|\n|-heal|p2a: I eat sushi|59\/100|[from] item: Leftovers\n|-end|p1b: Scream Tail|move: Yawn|[silent]\n|-status|p1b: Scream Tail|slp\n|upkeep\n|turn|5\n|\n|t:|1739976123\n|-terastallize|p2a: I eat sushi|Grass\n|cant|p1b: Scream Tail|slp\n|move|p2b: Maushold|Population Bomb|p1b: Scream Tail\n|-damage|p1b: Scream Tail|25\/100 slp\n|-damage|p1b: Scream Tail|18\/100 slp\n|-damage|p1b: Scream Tail|11\/100 slp\n|-damage|p1b: Scream Tail|4\/100 slp\n|-crit|p1b: Scream Tail\n|-damage|p1b: Scream Tail|0 fnt\n|faint|p1b: Scream Tail\n|-end|p1b: Scream Tail|Protosynthesis|[silent]\n|-hitcount|p1: Scream Tail|5\n|move|p2a: I eat sushi|Yawn|p1a: Vikavolt\n|-start|p1a: Vikavolt|move: Yawn|[of] p2a: I eat sushi\n|move|p1a: Vikavolt|Thunderbolt|p2b: Maushold\n|-damage|p2b: Maushold|0 fnt\n|faint|p2b: Maushold\n|\n|-heal|p2a: I eat sushi|65\/100|[from] item: Leftovers\n|upkeep\n|\n|t:|1739976137\n|switch|p2b: sushi|Tatsugiri-Droopy, L50, F, shiny|100\/100\n|-activate|p2b: sushi|ability: Commander|[of] p2a: I eat sushi\n|-boost|p2a: I eat sushi|atk|2\n|-boost|p2a: I eat sushi|spa|2\n|-boost|p2a: I eat sushi|spe|2\n|-boost|p2a: I eat sushi|def|2\n|-boost|p2a: I eat sushi|spd|2\n|turn|6\n|\n|t:|1739976149\n|move|p2a: I eat sushi|Protect|p2a: I eat sushi\n|-singleturn|p2a: I eat sushi|Protect\n|move|p1a: Vikavolt|Struggle Bug|p2a: I eat sushi|[spread] \n|-miss|p1a: Vikavolt|p2b: sushi\n|-activate|p2a: I eat sushi|move: Protect\n|\n|-heal|p2a: I eat sushi|71\/100|[from] item: Leftovers\n|-end|p1a: Vikavolt|move: Yawn|[silent]\n|-status|p1a: Vikavolt|slp\n|upkeep\n|turn|7\n|\n|t:|1739976157\n|move|p2a: I eat sushi|Order Up|p1a: Vikavolt\n|-damage|p1a: Vikavolt|61\/100 slp\n|-boost|p2a: I eat sushi|def|1\n|cant|p1a: Vikavolt|slp\n|\n|-heal|p2a: I eat sushi|78\/100|[from] item: Leftovers\n|upkeep\n|turn|8\n|-message|maodawang forfeited.\n|\n|win|aveorni\n|raw|maodawang's rating: 1548 &rarr; <strong>1530<\/strong><br \/>(-18 for losing)\n|raw|aveorni's rating: 1591 &rarr; <strong>1609<\/strong><br \/>(+18 for winning)\n|l|\u2606maodawang\n|player|p1|\n|l|\u2606aveorni\n|player|p2|\n|l| hideonbusu\n","uploadtime":1739976399,"views":6,"formatid":"gen9vgc2025regg","rating":1530,"private":0,"password":null}