{"id":"gen9vgc2025regg-2303533728","format":"[Gen 9] VGC 2025 Reg G","players":["wibe guarb","falcon108"],"log":"|j|\u2606wibe guarb\n|j|\u2606falcon108\n|t:|1739934029\n|gametype|doubles\n|player|p1|wibe guarb|ninjaboy|1654\n|player|p2|falcon108|266|1567\n|teamsize|p1|6\n|teamsize|p2|6\n|gen|9\n|tier|[Gen 9] VGC 2025 Reg G\n|rated|\n|rule|Species Clause: Limit one of each Pok\u00e9mon\n|rule|Item Clause: Limit 1 of each item\n|clearpoke\n|poke|p1|Calyrex-Ice, L50|\n|poke|p1|Kingambit, L50, F|\n|poke|p1|Tinkaton, L50, F|\n|poke|p1|Sinistcha-Masterpiece, L50|\n|poke|p1|Pelipper, L50, M|\n|poke|p1|Landorus, L50, M|\n|poke|p2|Kyogre, L50|\n|poke|p2|Tornadus, L50, M|\n|poke|p2|Tsareena, L50, F|\n|poke|p2|Electabuzz, L50, F|\n|poke|p2|Archaludon, L50, F|\n|poke|p2|Rillaboom, L50, F|\n|teampreview|4\n|inactive|Battle timer is ON: inactive players will automatically lose when time's up. (requested by falcon108)\n|\n|t:|1739934059\n|start\n|switch|p1a: Tinkaton|Tinkaton, L50, F|100\/100\n|switch|p1b: Sinistcha|Sinistcha-Masterpiece, L50|100\/100\n|switch|p2a: Kyogre|Kyogre, L50|100\/100\n|switch|p2b: Rillaboom|Rillaboom, L50, F|100\/100\n|-weather|RainDance|[from] ability: Drizzle|[of] p2a: Kyogre\n|-ability|p1a: Tinkaton|Mold Breaker\n|-fieldstart|move: Grassy Terrain|[from] ability: Grassy Surge|[of] p2b: Rillaboom\n|turn|1\n|\n|t:|1739934071\n|move|p1a: Tinkaton|Fake Out|p2a: Kyogre\n|-damage|p2a: Kyogre|91\/100\n|cant|p2a: Kyogre|flinch\n|move|p2b: Rillaboom|U-turn|p1b: Sinistcha\n|-damage|p1b: Sinistcha|84\/100\n|-damage|p2b: Rillaboom|84\/100|[from] item: Rocky Helmet|[of] p1b: Sinistcha\n|\n|t:|1739934075\n|switch|p2b: Electabuzz|Electabuzz, L50, F|100\/100|[from] U-turn\n|move|p1b: Sinistcha|Trick Room|p1b: Sinistcha\n|-fieldstart|move: Trick Room|[of] p1b: Sinistcha\n|\n|-weather|RainDance|[upkeep]\n|-heal|p1b: Sinistcha|90\/100|[from] Grassy Terrain\n|-heal|p2a: Kyogre|96\/100|[from] Grassy Terrain\n|upkeep\n|turn|2\n|\n|t:|1739934096\n|switch|p2a: Rillaboom|Rillaboom, L50, F|84\/100\n|move|p1b: Sinistcha|Matcha Gotcha|p2a: Rillaboom|[spread] p2a,p2b\n|-resisted|p2a: Rillaboom\n|-damage|p2a: Rillaboom|72\/100\n|-heal|p1b: Sinistcha|97\/100|[from] drain|[of] p2a: Rillaboom\n|-damage|p2b: Electabuzz|76\/100\n|-heal|p1b: Sinistcha|100\/100|[from] drain|[of] p2b: Electabuzz\n|move|p2b: Electabuzz|Thunder|p1a: Tinkaton\n|-damage|p1a: Tinkaton|74\/100\n|move|p1a: Tinkaton|Gigaton Hammer|p2a: Rillaboom\n|-damage|p2a: Rillaboom|19\/100\n|\n|-weather|RainDance|[upkeep]\n|-heal|p2a: Rillaboom|26\/100|[from] Grassy Terrain\n|-heal|p2b: Electabuzz|82\/100|[from] Grassy Terrain\n|-heal|p1a: Tinkaton|81\/100|[from] Grassy Terrain\n|upkeep\n|turn|3\n|\n|t:|1739934117\n|switch|p1a: Calyrex|Calyrex-Ice, L50|100\/100\n|-ability|p1a: Calyrex|As One\n|-ability|p1a: Calyrex|Unnerve\n|move|p1b: Sinistcha|Matcha Gotcha|p2b: Electabuzz|[spread] p2b\n|-miss|p1b: Sinistcha|p2a: Rillaboom\n|-crit|p2b: Electabuzz\n|-damage|p2b: Electabuzz|47\/100\n|move|p2a: Rillaboom|U-turn|p1a: Calyrex\n|-supereffective|p1a: Calyrex\n|-damage|p1a: Calyrex|70\/100\n|j| perk1\n|l| perk1\n|\n|t:|1739934136\n|switch|p2a: Kyogre|Kyogre, L50|96\/100|[from] U-turn\n|move|p2b: Electabuzz|Thunder|p1a: Calyrex\n|-damage|p1a: Calyrex|42\/100\n|-status|p1a: Calyrex|par\n|\n|-weather|RainDance|[upkeep]\n|-heal|p1a: Calyrex|48\/100 par|[from] Grassy Terrain\n|-heal|p2b: Electabuzz|53\/100|[from] Grassy Terrain\n|-heal|p2a: Kyogre|100\/100|[from] Grassy Terrain\n|upkeep\n|turn|4\n|\n|t:|1739934145\n|-terastallize|p2a: Kyogre|Water\n|move|p2b: Electabuzz|Protect|p2b: Electabuzz\n|-singleturn|p2b: Electabuzz|Protect\n|move|p1a: Calyrex|Glacial Lance|p2a: Kyogre|[spread] p2a\n|-activate|p2b: Electabuzz|move: Protect\n|-resisted|p2a: Kyogre\n|-damage|p2a: Kyogre|64\/100\n|move|p1b: Sinistcha|Matcha Gotcha|p2a: Kyogre|[spread] p2a\n|-activate|p2b: Electabuzz|move: Protect\n|-supereffective|p2a: Kyogre\n|-damage|p2a: Kyogre|12\/100\n|move|p2a: Kyogre|Tera Blast|p1a: Calyrex|[anim] Tera Blast Water\n|-damage|p1a: Calyrex|0 fnt\n|faint|p1a: Calyrex\n|\n|-weather|RainDance|[upkeep]\n|-heal|p2b: Electabuzz|59\/100|[from] Grassy Terrain\n|-heal|p2a: Kyogre|18\/100|[from] Grassy Terrain\n|upkeep\n|\n|t:|1739934167\n|switch|p1a: Tinkaton|Tinkaton, L50, F|81\/100\n|-ability|p1a: Tinkaton|Mold Breaker\n|turn|5\n|\n|t:|1739934178\n|switch|p2a: Rillaboom|Rillaboom, L50, F|26\/100\n|move|p2b: Electabuzz|Follow Me|p2b: Electabuzz\n|-singleturn|p2b: Electabuzz|move: Follow Me\n|move|p1a: Tinkaton|Feint|p2b: Electabuzz\n|-damage|p2b: Electabuzz|53\/100\n|move|p1b: Sinistcha|Matcha Gotcha|p2a: Rillaboom|[spread] p2a,p2b\n|-resisted|p2a: Rillaboom\n|-damage|p2a: Rillaboom|13\/100\n|-damage|p2b: Electabuzz|30\/100\n|-status|p2a: Rillaboom|brn\n|\n|-weather|none\n|-heal|p2a: Rillaboom|19\/100 brn|[from] Grassy Terrain\n|-heal|p2b: Electabuzz|35\/100|[from] Grassy Terrain\n|-heal|p1a: Tinkaton|87\/100|[from] Grassy Terrain\n|-damage|p2a: Rillaboom|13\/100 brn|[from] brn\n|-fieldend|move: Trick Room\n|-fieldend|move: Grassy Terrain\n|upkeep\n|turn|6\n|\n|t:|1739934199\n|switch|p2b: Tsareena|Tsareena, L50, F|100\/100\n|move|p1a: Tinkaton|Play Rough|p2b: Tsareena|[miss]\n|-miss|p1a: Tinkaton|p2b: Tsareena\n|move|p2a: Rillaboom|U-turn|p1a: Tinkaton\n|-resisted|p1a: Tinkaton\n|-damage|p1a: Tinkaton|84\/100\n|\n|t:|1739934202\n|switch|p2a: Electabuzz|Electabuzz, L50, F|35\/100|[from] U-turn\n|move|p1b: Sinistcha|Trick Room|p1b: Sinistcha\n|-fieldstart|move: Trick Room|[of] p1b: Sinistcha\n|\n|upkeep\n|turn|7\n|\n|t:|1739934216\n|move|p2a: Electabuzz|Protect|p2a: Electabuzz\n|-singleturn|p2a: Electabuzz|Protect\n|move|p1b: Sinistcha|Matcha Gotcha|p2b: Tsareena|[spread] \n|-activate|p2a: Electabuzz|move: Protect\n|-miss|p1b: Sinistcha|p2b: Tsareena\n|move|p2b: Tsareena|Triple Axel|p1b: Sinistcha\n|-supereffective|p1b: Sinistcha\n|-damage|p1b: Sinistcha|90\/100\n|-damage|p2b: Tsareena|84\/100|[from] item: Rocky Helmet|[of] p1b: Sinistcha\n|-supereffective|p1b: Sinistcha\n|-damage|p1b: Sinistcha|70\/100\n|-damage|p2b: Tsareena|68\/100|[from] item: Rocky Helmet|[of] p1b: Sinistcha\n|-supereffective|p1b: Sinistcha\n|-damage|p1b: Sinistcha|41\/100\n|-damage|p2b: Tsareena|52\/100|[from] item: Rocky Helmet|[of] p1b: Sinistcha\n|-hitcount|p1b: Sinistcha|3\n|move|p1a: Tinkaton|Gigaton Hammer|p2b: Tsareena\n|-damage|p2b: Tsareena|0 fnt\n|faint|p2b: Tsareena\n|\n|upkeep\n|-message|falcon108 forfeited.\n|\n|win|wibe guarb\n|raw|wibe guarb's rating: 1654 &rarr; <strong>1669<\/strong><br \/>(+15 for winning)\n|raw|falcon108's rating: 1567 &rarr; <strong>1552<\/strong><br \/>(-15 for losing)\n|l|\u2606falcon108\n|player|p2|\n|l|\u2606wibe guarb\n|player|p1|\n","uploadtime":1739934250,"views":22,"formatid":"gen9vgc2025regg","rating":1552,"private":0,"password":null}