{"id":"gen9vgc2025regg-2303787202","format":"[Gen 9] VGC 2025 Reg G","players":["anulmk","maodawang"],"log":"|j|\u2606anulmk\n|j|\u2606maodawang\n|t:|1739975473\n|gametype|doubles\n|player|p1|anulmk|cynthia|1578\n|player|p2|maodawang|rosa|1544\n|teamsize|p1|6\n|teamsize|p2|6\n|gen|9\n|tier|[Gen 9] VGC 2025 Reg G\n|rated|\n|rule|Species Clause: Limit one of each Pok\u00e9mon\n|rule|Item Clause: Limit 1 of each item\n|clearpoke\n|poke|p1|Farigiraf, L50, F|\n|poke|p1|Pelipper, L50, F|\n|poke|p1|Urshifu-*, L50, F|\n|poke|p1|Amoonguss, L50, F|\n|poke|p1|Calyrex-Ice, L50|\n|poke|p1|Chien-Pao, L50|\n|poke|p2|Urshifu-*, L50, M|\n|poke|p2|Ogerpon-Hearthflame, L50, F|\n|poke|p2|Vikavolt, L50, F|\n|poke|p2|Landorus, L50, M|\n|poke|p2|Calyrex-Ice, L50|\n|poke|p2|Scream Tail, L50|\n|teampreview|4\n|inactive|Battle timer is ON: inactive players will automatically lose when time's up. (requested by maodawang)\n|inactive|maodawang has 60 seconds left.\n|\n|t:|1739975522\n|start\n|switch|p1a: Calyrex|Calyrex-Ice, L50|100\/100\n|switch|p1b: Urshifu|Urshifu-Rapid-Strike, L50, F|100\/100\n|switch|p2a: Landorus|Landorus, L50, M|100\/100\n|switch|p2b: Ogerpon|Ogerpon-Hearthflame, L50, F|100\/100\n|-ability|p1a: Calyrex|As One\n|-ability|p1a: Calyrex|Unnerve\n|-ability|p2b: Ogerpon|Mold Breaker\n|turn|1\n|inactive|anulmk has 30 seconds left.\n|\n|t:|1739975552\n|switch|p1a: Pelipper|Pelipper, L50, F, shiny|100\/100\n|-weather|RainDance|[from] ability: Drizzle|[of] p1a: Pelipper\n|-terastallize|p2a: Landorus|Water\n|move|p1b: Urshifu|Surging Strikes|p2b: Ogerpon\n|-crit|p2b: Ogerpon\n|-damage|p2b: Ogerpon|69\/100\n|-crit|p2b: Ogerpon\n|-damage|p2b: Ogerpon|40\/100\n|-crit|p2b: Ogerpon\n|-damage|p2b: Ogerpon|7\/100\n|-hitcount|p2b: Ogerpon|3\n|move|p2b: Ogerpon|Ivy Cudgel|p1a: Pelipper|[anim] Ivy Cudgel Fire\n|-resisted|p1a: Pelipper\n|-damage|p1a: Pelipper|84\/100\n|move|p2a: Landorus|Sandsear Storm|p1a: Pelipper|[spread] p1b\n|-immune|p1a: Pelipper\n|-damage|p1b: Urshifu|20\/100\n|\n|-weather|RainDance|[upkeep]\n|upkeep\n|turn|2\n|inactive|anulmk has 30 seconds left.\n|inactive|maodawang has 30 seconds left.\n|\n|t:|1739975580\n|switch|p2b: Scream Tail|Scream Tail, L50|100\/100\n|-enditem|p2b: Scream Tail|Booster Energy\n|-activate|p2b: Scream Tail|ability: Protosynthesis|[fromitem]\n|-start|p2b: Scream Tail|protosynthesisspe\n|move|p1a: Pelipper|Wide Guard|p1a: Pelipper\n|-singleturn|p1a: Pelipper|Wide Guard\n|move|p1b: Urshifu|Surging Strikes|p2b: Scream Tail\n|-crit|p2b: Scream Tail\n|-damage|p2b: Scream Tail|69\/100\n|-crit|p2b: Scream Tail\n|-damage|p2b: Scream Tail|42\/100\n|-crit|p2b: Scream Tail\n|-damage|p2b: Scream Tail|14\/100\n|-hitcount|p2b: Scream Tail|3\n|move|p2a: Landorus|Earth Power|p1b: Urshifu\n|-damage|p1b: Urshifu|0 fnt\n|faint|p1b: Urshifu\n|\n|-weather|RainDance|[upkeep]\n|upkeep\n|\n|t:|1739975598\n|switch|p1b: Calyrex|Calyrex-Ice, L50|100\/100\n|-ability|p1b: Calyrex|As One\n|-ability|p1b: Calyrex|Unnerve\n|turn|3\n|\n|t:|1739975616\n|move|p2b: Scream Tail|Encore|p1a: Pelipper\n|-start|p1a: Pelipper|Encore\n|move|p2a: Landorus|Earth Power|p1b: Calyrex\n|-damage|p1b: Calyrex|62\/100\n|move|p1a: Pelipper|Wide Guard|p1a: Pelipper\n|-singleturn|p1a: Pelipper|Wide Guard\n|move|p1b: Calyrex|Glacial Lance|p2b: Scream Tail|[spread] p2a,p2b\n|-resisted|p2a: Landorus\n|-damage|p2a: Landorus|56\/100\n|-damage|p2b: Scream Tail|0 fnt\n|faint|p2b: Scream Tail\n|-end|p2b: Scream Tail|Protosynthesis|[silent]\n|-ability|p1b: Calyrex|Chilling Neigh|boost\n|-boost|p1b: Calyrex|atk|1\n|\n|-weather|RainDance|[upkeep]\n|upkeep\n|\n|t:|1739975630\n|switch|p2b: Calyrex|Calyrex-Ice, L50|100\/100\n|-ability|p2b: Calyrex|As One\n|-ability|p2b: Calyrex|Unnerve\n|turn|4\n|\n|t:|1739975639\n|-terastallize|p1b: Calyrex|Grass\n|move|p2a: Landorus|Protect|p2a: Landorus\n|-singleturn|p2a: Landorus|Protect\n|move|p1a: Pelipper|Wide Guard|p1a: Pelipper\n|-singleturn|p1a: Pelipper|Wide Guard\n|move|p2b: Calyrex|High Horsepower|p1b: Calyrex\n|-resisted|p1b: Calyrex\n|-damage|p1b: Calyrex|52\/100\n|move|p1b: Calyrex|Glacial Lance|p2b: Calyrex|[spread] p2b\n|-activate|p2a: Landorus|move: Protect\n|-resisted|p2b: Calyrex\n|-damage|p2b: Calyrex|66\/100\n|\n|-weather|RainDance|[upkeep]\n|upkeep\n|turn|5\n|\n|t:|1739975657\n|move|p1a: Pelipper|Wide Guard|p1a: Pelipper\n|-singleturn|p1a: Pelipper|Wide Guard\n|move|p2a: Landorus|Sludge Bomb|p1b: Calyrex\n|-supereffective|p1b: Calyrex\n|-damage|p1b: Calyrex|6\/100\n|move|p2b: Calyrex|High Horsepower|p1b: Calyrex\n|-resisted|p1b: Calyrex\n|-damage|p1b: Calyrex|0 fnt\n|faint|p1b: Calyrex\n|-ability|p2b: Calyrex|Chilling Neigh|boost\n|-boost|p2b: Calyrex|atk|1\n|\n|-weather|none\n|-end|p1a: Pelipper|Encore\n|upkeep\n|\n|t:|1739975669\n|switch|p1b: Amoonguss|Amoonguss, L50, F, shiny|100\/100\n|turn|6\n|\n|t:|1739975689\n|move|p2b: Calyrex|Protect|p2b: Calyrex\n|-singleturn|p2b: Calyrex|Protect\n|move|p2a: Landorus|Earth Power|p1b: Amoonguss\n|-damage|p1b: Amoonguss|55\/100\n|move|p1a: Pelipper|Hurricane|p2b: Calyrex\n|-activate|p2b: Calyrex|move: Protect\n|move|p1b: Amoonguss|Spore|p2b: Calyrex\n|-activate|p2b: Calyrex|move: Protect\n|\n|upkeep\n|turn|7\n|\n|t:|1739975713\n|move|p2a: Landorus|Earth Power|p1b: Amoonguss\n|-damage|p1b: Amoonguss|2\/100\n|move|p1a: Pelipper|Hurricane|p2b: Calyrex|[miss]\n|-miss|p1a: Pelipper|p2b: Calyrex\n|move|p2b: Calyrex|Glacial Lance|p1a: Pelipper|[spread] p1a,p1b\n|-supereffective|p1b: Amoonguss\n|-damage|p1a: Pelipper|0 fnt\n|-damage|p1b: Amoonguss|0 fnt\n|faint|p1a: Pelipper\n|faint|p1b: Amoonguss\n|\n|win|maodawang\n|raw|anulmk's rating: 1578 &rarr; <strong>1556<\/strong><br \/>(-22 for losing)\n|raw|maodawang's rating: 1544 &rarr; <strong>1566<\/strong><br \/>(+22 for winning)\n|l|\u2606anulmk\n|player|p1|\n|l|\u2606maodawang\n|player|p2|\n","uploadtime":1739975855,"views":5,"formatid":"gen9vgc2025regg","rating":1556,"private":0,"password":null}