{"id":"gen9vgc2025regg-2303139582","format":"[Gen 9] VGC 2025 Reg G","players":["RustyChair13","ok3rd"],"log":"|j|\u2606RustyChair13\n|j|\u2606ok3rd\n|t:|1739891355\n|gametype|doubles\n|player|p1|RustyChair13|scientist-gen4|1657\n|player|p2|ok3rd|lillie-z|1639\n|teamsize|p1|6\n|teamsize|p2|6\n|gen|9\n|tier|[Gen 9] VGC 2025 Reg G\n|rated|\n|rule|Species Clause: Limit one of each Pok\u00e9mon\n|rule|Item Clause: Limit 1 of each item\n|clearpoke\n|poke|p1|Zamazenta-*, L50|\n|poke|p1|Chien-Pao, L50|\n|poke|p1|Chi-Yu, L50|\n|poke|p1|Raging Bolt, L50|\n|poke|p1|Flutter Mane, L50|\n|poke|p1|Amoonguss, L50, M|\n|poke|p2|Raging Bolt, L50|\n|poke|p2|Miraidon, L50|\n|poke|p2|Ogerpon-Hearthflame, L50, F|\n|poke|p2|Torkoal, L50, M|\n|poke|p2|Farigiraf, L50, F|\n|poke|p2|Ursaluna, L50, M|\n|teampreview|4\n|inactive|Battle timer is ON: inactive players will automatically lose when time's up. (requested by ok3rd)\n|\n|t:|1739891385\n|start\n|switch|p1a: Chien-Pao|Chien-Pao, L50|100\/100\n|switch|p1b: Flutter Mane|Flutter Mane, L50, shiny|100\/100\n|switch|p2a: Raging Bolt|Raging Bolt, L50|100\/100\n|switch|p2b: Miraidon|Miraidon, L50|100\/100\n|-fieldstart|move: Electric Terrain|[from] ability: Hadron Engine|[of] p2b: Miraidon\n|-ability|p1a: Chien-Pao|Sword of Ruin\n|-enditem|p1b: Flutter Mane|Booster Energy\n|-activate|p1b: Flutter Mane|ability: Protosynthesis|[fromitem]\n|-start|p1b: Flutter Mane|protosynthesisspe\n|turn|1\n|\n|t:|1739891397\n|-terastallize|p2a: Raging Bolt|Electric\n|move|p2a: Raging Bolt|Thunderclap|p1b: Flutter Mane\n|-crit|p1b: Flutter Mane\n|-damage|p1b: Flutter Mane|0 fnt\n|faint|p1b: Flutter Mane\n|-end|p1b: Flutter Mane|Protosynthesis|[silent]\n|-damage|p2a: Raging Bolt|91\/100|[from] item: Life Orb\n|move|p1a: Chien-Pao|Ice Spinner|p2a: Raging Bolt\n|-damage|p2a: Raging Bolt|43\/100\n|-fieldend|move: Electric Terrain\n|move|p2b: Miraidon|Volt Switch|p1a: Chien-Pao\n|-damage|p1a: Chien-Pao|17\/100\n|\n|t:|1739891413\n|switch|p2b: Ogerpon|Ogerpon-Hearthflame, L50, F|100\/100|[from] Volt Switch\n|-ability|p2b: Ogerpon|Mold Breaker\n|\n|upkeep\n|\n|t:|1739891425\n|switch|p1b: Zamazenta|Zamazenta-Crowned, L50, shiny|100\/100\n|-ability|p1b: Zamazenta|Dauntless Shield|boost\n|-boost|p1b: Zamazenta|def|1\n|turn|2\n|\n|t:|1739891442\n|-terastallize|p1b: Zamazenta|Dragon\n|move|p2a: Raging Bolt|Protect|p2a: Raging Bolt\n|-singleturn|p2a: Raging Bolt|Protect\n|move|p1a: Chien-Pao|Sucker Punch||[still]\n|-fail|p1a: Chien-Pao\n|move|p2b: Ogerpon|Taunt|p1b: Zamazenta\n|-start|p1b: Zamazenta|move: Taunt\n|move|p1b: Zamazenta|Body Press|p2b: Ogerpon\n|-damage|p2b: Ogerpon|0 fnt\n|faint|p2b: Ogerpon\n|\n|upkeep\n|\n|t:|1739891449\n|switch|p2b: Miraidon|Miraidon, L50|100\/100\n|-fieldstart|move: Electric Terrain|[from] ability: Hadron Engine|[of] p2b: Miraidon\n|turn|3\n|j| pmg9\n|inactive|ok3rd has 30 seconds left.\n|\n|t:|1739891474\n|move|p1a: Chien-Pao|Protect|p1a: Chien-Pao\n|-singleturn|p1a: Chien-Pao|Protect\n|move|p2a: Raging Bolt|Protect||[still]\n|-fail|p2a: Raging Bolt\n|move|p2b: Miraidon|Dazzling Gleam|p1b: Zamazenta|[spread] p1b\n|-activate|p1a: Chien-Pao|move: Protect\n|-supereffective|p1b: Zamazenta\n|-crit|p1b: Zamazenta\n|-damage|p1b: Zamazenta|8\/100\n|move|p1b: Zamazenta|Body Press|p2a: Raging Bolt\n|-damage|p2a: Raging Bolt|0 fnt\n|faint|p2a: Raging Bolt\n|-end|p2a: Raging Bolt|Protosynthesis|[silent]\n|\n|upkeep\n|\n|t:|1739891480\n|switch|p2a: Torkoal|Torkoal, L50, M|100\/100\n|-weather|SunnyDay|[from] ability: Drought|[of] p2a: Torkoal\n|-item|p2a: Torkoal|Air Balloon\n|turn|4\n|\n|t:|1739891493\n|move|p2a: Torkoal|Helping Hand|p2b: Miraidon\n|-singleturn|p2b: Miraidon|Helping Hand|[of] p2a: Torkoal\n|move|p2b: Miraidon|Dazzling Gleam|p1a: Chien-Pao|[spread] p1a,p1b\n|-supereffective|p1a: Chien-Pao\n|-supereffective|p1b: Zamazenta\n|-damage|p1a: Chien-Pao|0 fnt\n|-damage|p1b: Zamazenta|0 fnt\n|faint|p1a: Chien-Pao\n|faint|p1b: Zamazenta\n|\n|-weather|SunnyDay|[upkeep]\n|upkeep\n|l| pmg9\n|j| pmg9\n|\n|t:|1739891501\n|switch|p1b: Amoonguss|Amoonguss, L50, M|100\/100\n|turn|5\n|l| pmg9\n|c|\u2606ok3rd|\uff1f\n|\n|t:|1739891515\n|move|p1b: Amoonguss|Protect|p1b: Amoonguss\n|-singleturn|p1b: Amoonguss|Protect\n|move|p2b: Miraidon|Dazzling Gleam|p1b: Amoonguss\n|-activate|p1b: Amoonguss|move: Protect\n|move|p2a: Torkoal|Eruption|p1b: Amoonguss\n|-activate|p1b: Amoonguss|move: Protect\n|\n|-weather|SunnyDay|[upkeep]\n|upkeep\n|turn|6\n|\n|t:|1739891520\n|move|p2b: Miraidon|Dazzling Gleam|p1b: Amoonguss\n|-resisted|p1b: Amoonguss\n|-damage|p1b: Amoonguss|75\/100\n|move|p1b: Amoonguss|Spore|p2a: Torkoal\n|-status|p2a: Torkoal|slp|[from] move: Spore\n|cant|p2a: Torkoal|slp\n|\n|-weather|SunnyDay|[upkeep]\n|upkeep\n|turn|7\n|\n|t:|1739891528\n|move|p2b: Miraidon|Dazzling Gleam|p1b: Amoonguss\n|-resisted|p1b: Amoonguss\n|-damage|p1b: Amoonguss|52\/100\n|move|p1b: Amoonguss|Sludge Bomb|p2a: Torkoal\n|-damage|p2a: Torkoal|65\/100 slp\n|-enditem|p2a: Torkoal|Air Balloon\n|cant|p2a: Torkoal|slp\n|\n|-weather|SunnyDay|[upkeep]\n|-fieldend|move: Electric Terrain\n|upkeep\n|turn|8\n|j| pmg9\n|\n|t:|1739891537\n|move|p2b: Miraidon|Dazzling Gleam|p1b: Amoonguss\n|-resisted|p1b: Amoonguss\n|-damage|p1b: Amoonguss|33\/100\n|move|p1b: Amoonguss|Sludge Bomb|p2a: Torkoal\n|-damage|p2a: Torkoal|25\/100 slp\n|cant|p2a: Torkoal|slp\n|\n|-weather|none\n|upkeep\n|turn|9\n|l| pmg9\n|\n|t:|1739891546\n|move|p1b: Amoonguss|Protect|p1b: Amoonguss\n|-singleturn|p1b: Amoonguss|Protect\n|move|p2b: Miraidon|Dazzling Gleam|p1b: Amoonguss\n|-activate|p1b: Amoonguss|move: Protect\n|-curestatus|p2a: Torkoal|slp|[msg]\n|move|p2a: Torkoal|Overheat|p1b: Amoonguss\n|-activate|p1b: Amoonguss|move: Protect\n|\n|upkeep\n|turn|10\n|\n|t:|1739891551\n|move|p2b: Miraidon|Dazzling Gleam|p1b: Amoonguss\n|-resisted|p1b: Amoonguss\n|-damage|p1b: Amoonguss|16\/100\n|move|p1b: Amoonguss|Sludge Bomb|p2a: Torkoal\n|-damage|p2a: Torkoal|0 fnt\n|faint|p2a: Torkoal\n|\n|upkeep\n|turn|11\n|\n|t:|1739891557\n|move|p2b: Miraidon|Dazzling Gleam|p1b: Amoonguss\n|-resisted|p1b: Amoonguss\n|-damage|p1b: Amoonguss|0 fnt\n|faint|p1b: Amoonguss\n|\n|win|ok3rd\n|raw|RustyChair13's rating: 1657 &rarr; <strong>1636<\/strong><br \/>(-21 for losing)\n|raw|ok3rd's rating: 1639 &rarr; <strong>1660<\/strong><br \/>(+21 for winning)\n|l|\u2606RustyChair13\n|player|p1|\n|l|\u2606ok3rd\n|player|p2|\n","uploadtime":1739891748,"views":17,"formatid":"gen9vgc2025regg","rating":1636,"private":0,"password":null}