{"id":"gen9vgc2025regg-2303589198","format":"[Gen 9] VGC 2025 Reg G","players":["Areestoo","ManuelvgDios"],"log":"|j|\u2606Areestoo\n|j|\u2606ManuelvgDios\n|t:|1739942484\n|gametype|doubles\n|player|p1|Areestoo|170|1583\n|player|p2|ManuelvgDios|acetrainercouple|1549\n|teamsize|p1|6\n|teamsize|p2|6\n|gen|9\n|tier|[Gen 9] VGC 2025 Reg G\n|rated|\n|rule|Species Clause: Limit one of each Pok\u00e9mon\n|rule|Item Clause: Limit 1 of each item\n|clearpoke\n|poke|p1|Urshifu-*, L50, F|\n|poke|p1|Calyrex-Ice, L50|\n|poke|p1|Smeargle, L50, F|\n|poke|p1|Ogerpon-Hearthflame, L50, F|\n|poke|p1|Indeedee-F, L50, F|\n|poke|p1|Ursaluna-Bloodmoon, L50, M|\n|poke|p2|Glimmora, L50, F|\n|poke|p2|Mienshao, L50, M|\n|poke|p2|Clefairy, L50, F|\n|poke|p2|Rillaboom, L50, M|\n|poke|p2|Incineroar, L50, F|\n|poke|p2|Giratina, L50|\n|teampreview|4\n|inactive|Battle timer is ON: inactive players will automatically lose when time's up. (requested by Areestoo)\n|inactive|Areestoo has 60 seconds left.\n|j| God of restricted\nAreestoo has agreed to open team sheets.\n|l| God of restricted\n|\n|t:|1739942541\n|start\n|switch|p1a: Calyrex|Calyrex-Ice, L50|100\/100\n|switch|p1b: Smeargle|Smeargle, L50, F|100\/100\n|switch|p2a: \u6210\u9f8d|Mienshao, L50, M|100\/100\n|switch|p2b: Hades|Giratina, L50|100\/100\n|-ability|p1a: Calyrex|As One\n|-ability|p1a: Calyrex|Unnerve\n|-ability|p2b: Hades|Pressure\n|turn|1\n|inactive|Areestoo has 30 seconds left.\n|inactive|ManuelvgDios has 30 seconds left.\n|\n|t:|1739942573\n|-terastallize|p2b: Hades|Fairy\n|move|p2a: \u6210\u9f8d|Taunt|p1b: Smeargle\n|-start|p1b: Smeargle|move: Taunt\n|move|p2b: Hades|Calm Mind|p2b: Hades\n|-boost|p2b: Hades|spa|1\n|-boost|p2b: Hades|spd|1\n|cant|p1b: Smeargle|move: Taunt|Spore\n|move|p1a: Calyrex|Trick Room|p1a: Calyrex\n|-fieldstart|move: Trick Room|[of] p1a: Calyrex\n|\n|upkeep\n|turn|2\n|inactive|Areestoo has 30 seconds left.\n|\n|t:|1739942599\n|switch|p1b: Indeedee|Indeedee-F, L50, F|100\/100\n|-fieldstart|move: Psychic Terrain|[from] ability: Psychic Surge|[of] p1b: Indeedee\n|-enditem|p1b: Indeedee|Psychic Seed\n|-boost|p1b: Indeedee|spd|1|[from] item: Psychic Seed\n|move|p2a: \u6210\u9f8d|Wide Guard|p2a: \u6210\u9f8d\n|-singleturn|p2a: \u6210\u9f8d|Wide Guard\n|move|p1a: Calyrex|High Horsepower|p2a: \u6210\u9f8d\n|-damage|p2a: \u6210\u9f8d|16\/100\n|move|p2b: Hades|Calm Mind|p2b: Hades\n|-boost|p2b: Hades|spa|1\n|-boost|p2b: Hades|spd|1\n|\n|upkeep\n|turn|3\n|\n|t:|1739942623\n|switch|p2a: Pinky|Clefairy, L50, F|100\/100\n|move|p1b: Indeedee|Follow Me|p1b: Indeedee\n|-singleturn|p1b: Indeedee|move: Follow Me\n|move|p1a: Calyrex|High Horsepower|p2a: Pinky\n|-damage|p2a: Pinky|56\/100\n|move|p2b: Hades|Calm Mind|p2b: Hades\n|-boost|p2b: Hades|spa|1\n|-boost|p2b: Hades|spd|1\n|\n|upkeep\n|turn|4\n|j| hideonbusu\n|l| hideonbusu\n|\n|t:|1739942647\n|switch|p1b: Smeargle|Smeargle, L50, F|100\/100\n|-terastallize|p1a: Calyrex|Water\n|move|p2a: Pinky|Protect|p2a: Pinky\n|-singleturn|p2a: Pinky|Protect\n|move|p1a: Calyrex|Glacial Lance|p2b: Hades|[spread] p2b\n|-activate|p2a: Pinky|move: Protect\n|-damage|p2b: Hades|78\/100\n|move|p2b: Hades|Dragon Pulse|p1a: Calyrex\n|-damage|p1a: Calyrex|48\/100\n|\n|-heal|p2b: Hades|84\/100|[from] item: Leftovers\n|upkeep\n|turn|5\n|inactive|Areestoo has 30 seconds left.\n|inactive|ManuelvgDios has 30 seconds left.\n|inactive|Areestoo has 20 seconds left.\n|inactive|ManuelvgDios has 20 seconds left.\n|inactive|Areestoo has 15 seconds left.\n|inactive|Areestoo has 10 seconds left.\n|\n|t:|1739942695\n|switch|p2a: Lucifer|Incineroar, L50, F|100\/100\n|-ability|p2a: Lucifer|Intimidate|boost\n|-fail|p1a: Calyrex|unboost|[from] item: Clear Amulet|[of] p1a: Calyrex\n|-fail|p1b: Smeargle|unboost|Attack|[from] ability: Own Tempo|[of] p1b: Smeargle\n|move|p1a: Calyrex|Protect|p1a: Calyrex\n|-singleturn|p1a: Calyrex|Protect\n|move|p2b: Hades|Protect|p2b: Hades\n|-singleturn|p2b: Hades|Protect\n|move|p1b: Smeargle|Spore|p2a: Lucifer\n|-activate|p2a: Lucifer|item: Safety Goggles|Spore\n|\n|-heal|p2b: Hades|90\/100|[from] item: Leftovers\n|-fieldend|move: Trick Room\n|upkeep\n|turn|6\n|inactive|Areestoo has 30 seconds left.\n|inactive|Areestoo has 20 seconds left.\n|inactive|Areestoo has 15 seconds left.\n|\n|t:|1739942736\n|move|p2a: Lucifer|Fake Out|p1b: Smeargle\n|-activate|p1b: Smeargle|move: Psychic Terrain\n|move|p1b: Smeargle|Follow Me|p1b: Smeargle\n|-singleturn|p1b: Smeargle|move: Follow Me\n|move|p2b: Hades|Dragon Pulse|p1b: Smeargle\n|-crit|p1b: Smeargle\n|-enditem|p1b: Smeargle|Focus Sash\n|-damage|p1b: Smeargle|1\/100\n|move|p1a: Calyrex|Trick Room|p1a: Calyrex\n|-fieldstart|move: Trick Room|[of] p1a: Calyrex\n|\n|-heal|p2b: Hades|95\/100|[from] item: Leftovers\n|-fieldend|move: Psychic Terrain\n|upkeep\n|turn|7\n|inactive|Areestoo has 30 seconds left.\n|inactive|ManuelvgDios has 30 seconds left.\n|inactive|ManuelvgDios has 20 seconds left.\n|inactive|ManuelvgDios has 15 seconds left.\n|inactive|ManuelvgDios has 10 seconds left.\n|\n|t:|1739942786\n|move|p2b: Hades|Protect|p2b: Hades\n|-singleturn|p2b: Hades|Protect\n|move|p1b: Smeargle|Decorate|p1a: Calyrex\n|-boost|p1a: Calyrex|atk|2\n|-boost|p1a: Calyrex|spa|2\n|move|p1a: Calyrex|High Horsepower|p2a: Lucifer\n|-supereffective|p2a: Lucifer\n|-damage|p2a: Lucifer|0 fnt\n|faint|p2a: Lucifer\n|-ability|p1a: Calyrex|Chilling Neigh|boost\n|-boost|p1a: Calyrex|atk|1\n|\n|-heal|p2b: Hades|100\/100|[from] item: Leftovers\n|upkeep\n|inactive|ManuelvgDios has 30 seconds left.\n|inactive|ManuelvgDios has 20 seconds left.\n|\n|t:|1739942825\n|switch|p2a: Pinky|Clefairy, L50, F|56\/100\n|turn|8\n|\n|t:|1739942842\n|move|p2a: Pinky|Follow Me|p2a: Pinky\n|-singleturn|p2a: Pinky|move: Follow Me\n|move|p1b: Smeargle|Follow Me|p1b: Smeargle\n|-singleturn|p1b: Smeargle|move: Follow Me\n|move|p1a: Calyrex|Glacial Lance|p2a: Pinky|[spread] p2a,p2b\n|-damage|p2a: Pinky|0 fnt\n|-damage|p2b: Hades|43\/100\n|faint|p2a: Pinky\n|-ability|p1a: Calyrex|Chilling Neigh|boost\n|-boost|p1a: Calyrex|atk|1\n|move|p2b: Hades|Dragon Pulse|p1b: Smeargle\n|-damage|p1b: Smeargle|0 fnt\n|faint|p1b: Smeargle\n|\n|-heal|p2b: Hades|49\/100|[from] item: Leftovers\n|upkeep\n|\n|t:|1739942860\n|switch|p2a: \u6210\u9f8d|Mienshao, L50, M|16\/100\n|switch|p1b: Indeedee|Indeedee-F, L50, F|100\/100\n|-fieldstart|move: Psychic Terrain|[from] ability: Psychic Surge|[of] p1b: Indeedee\n|turn|9\n|\n|t:|1739942874\n|move|p2a: \u6210\u9f8d|Wide Guard|p2a: \u6210\u9f8d\n|-singleturn|p2a: \u6210\u9f8d|Wide Guard\n|move|p1a: Calyrex|High Horsepower|p2a: \u6210\u9f8d\n|-damage|p2a: \u6210\u9f8d|0 fnt\n|faint|p2a: \u6210\u9f8d\n|-ability|p1a: Calyrex|Chilling Neigh|boost\n|-boost|p1a: Calyrex|atk|1\n|move|p1b: Indeedee|Heal Pulse|p1a: Calyrex\n|-heal|p1a: Calyrex|99\/100\n|move|p2b: Hades|Dragon Pulse|p1a: Calyrex\n|-damage|p1a: Calyrex|44\/100\n|\n|-heal|p2b: Hades|55\/100|[from] item: Leftovers\n|upkeep\n|turn|10\n|inactive|ManuelvgDios has 30 seconds left.\n|\n|t:|1739942903\n|move|p1a: Calyrex|Glacial Lance|p2b: Hades\n|-damage|p2b: Hades|0 fnt\n|faint|p2b: Hades\n|\n|win|Areestoo\n|raw|Areestoo's rating: 1583 &rarr; <strong>1601<\/strong><br \/>(+18 for winning)\n|raw|ManuelvgDios's rating: 1549 &rarr; <strong>1531<\/strong><br \/>(-18 for losing)\n|l|\u2606ManuelvgDios\n|player|p2|\n","uploadtime":1739943172,"views":5,"formatid":"gen9vgc2025regg","rating":1531,"private":0,"password":null}