{"id":"gen9vgc2025regg-2303559393","format":"[Gen 9] VGC 2025 Reg G","players":["kanucks25","Tyrone woods"],"log":"|j|\u2606kanucks25\n|j|\u2606Tyrone woods\n|t:|1739937629\n|gametype|doubles\n|player|p1|kanucks25|101|1696\n|player|p2|Tyrone woods|169|1766\n|teamsize|p1|6\n|teamsize|p2|6\n|gen|9\n|tier|[Gen 9] VGC 2025 Reg G\n|rated|\n|rule|Species Clause: Limit one of each Pok\u00e9mon\n|rule|Item Clause: Limit 1 of each item\n|clearpoke\n|poke|p1|Calyrex-Shadow, L50|\n|poke|p1|Indeedee-F, L50, F|\n|poke|p1|Ogerpon-Wellspring, L50, F|\n|poke|p1|Urshifu-*, L50, M|\n|poke|p1|Pelipper, L50, F|\n|poke|p1|Iron Hands, L50|\n|poke|p2|Calyrex-Shadow, L50|\n|poke|p2|Urshifu-*, L50, F|\n|poke|p2|Rillaboom, L50, F|\n|poke|p2|Incineroar, L50, M|\n|poke|p2|Amoonguss, L50, F|\n|poke|p2|Tornadus, L50, M|\n|teampreview|4\n|inactive|Battle timer is ON: inactive players will automatically lose when time's up. (requested by kanucks25)\n|inactive|kanucks25 has 60 seconds left.\n|inactive|Tyrone woods has 60 seconds left.\n|\n|t:|1739937684\n|start\n|switch|p1a: Ogerpon|Ogerpon-Wellspring, L50, F|100\/100\n|switch|p1b: Calyrex|Calyrex-Shadow, L50|100\/100\n|switch|p2a: Urshifu|Urshifu-Rapid-Strike, L50, F|100\/100\n|switch|p2b: Incineroar|Incineroar, L50, M|100\/100\n|-ability|p1b: Calyrex|As One\n|-ability|p1b: Calyrex|Unnerve\n|-ability|p2b: Incineroar|Intimidate|boost\n|-unboost|p1a: Ogerpon|atk|1\n|-unboost|p1b: Calyrex|atk|1\n|turn|1\n|inactive|kanucks25 has 30 seconds left.\n|inactive|Tyrone woods has 30 seconds left.\n|inactive|Tyrone woods has 20 seconds left.\n|\n|t:|1739937721\n|switch|p1b: Iron Hands|Iron Hands, L50|100\/100\n|move|p1a: Ogerpon|Spiky Shield|p1a: Ogerpon\n|-singleturn|p1a: Ogerpon|move: Protect\n|move|p2a: Urshifu|Close Combat|p1a: Ogerpon\n|-damage|p1a: Ogerpon|27\/100\n|-unboost|p2a: Urshifu|def|1\n|-unboost|p2a: Urshifu|spd|1\n|move|p2b: Incineroar|Knock Off|p1b: Iron Hands\n|-resisted|p1b: Iron Hands\n|-damage|p1b: Iron Hands|89\/100\n|-enditem|p1b: Iron Hands|Assault Vest|[from] move: Knock Off|[of] p2b: Incineroar\n|\n|upkeep\n|turn|2\n|inactive|Tyrone woods has 30 seconds left.\n|inactive|kanucks25 has 30 seconds left.\n|inactive|Tyrone woods has 20 seconds left.\n|\n|t:|1739937758\n|move|p2a: Urshifu|Close Combat|p1a: Ogerpon\n|-damage|p1a: Ogerpon|0 fnt\n|-unboost|p2a: Urshifu|def|1\n|-unboost|p2a: Urshifu|spd|1\n|faint|p1a: Ogerpon\n|move|p2b: Incineroar|Parting Shot|p1b: Iron Hands\n|-unboost|p1b: Iron Hands|atk|1\n|-unboost|p1b: Iron Hands|spa|1\n|\n|t:|1739937768\n|switch|p2b: Calyrex|Calyrex-Shadow, L50|100\/100|[from] Parting Shot\n|-ability|p2b: Calyrex|As One\n|-ability|p2b: Calyrex|Unnerve\n|move|p1b: Iron Hands|Wild Charge|p2a: Urshifu\n|-supereffective|p2a: Urshifu\n|-enditem|p2a: Urshifu|Focus Sash\n|-damage|p2a: Urshifu|1\/100\n|-damage|p1b: Iron Hands|72\/100|[from] Recoil\n|\n|upkeep\n|\n|t:|1739937778\n|switch|p1a: Urshifu|Urshifu, L50, M|100\/100\n|turn|3\n|j| Rooks2024\n|inactive|Tyrone woods has 30 seconds left.\n|inactive|kanucks25 has 30 seconds left.\n|inactive|Tyrone woods has 20 seconds left.\n|inactive|Tyrone woods has 15 seconds left.\n|\n|t:|1739937822\n|switch|p2b: Incineroar|Incineroar, L50, M|100\/100\n|-ability|p2b: Incineroar|Intimidate|boost\n|-unboost|p1a: Urshifu|atk|1\n|-unboost|p1b: Iron Hands|atk|1\n|-terastallize|p1a: Urshifu|Poison\n|move|p2a: Urshifu|Close Combat|p1a: Urshifu\n|-resisted|p1a: Urshifu\n|-damage|p1a: Urshifu|68\/100\n|-unboost|p2a: Urshifu|def|1\n|-unboost|p2a: Urshifu|spd|1\n|move|p1a: Urshifu|Poison Jab|p2b: Incineroar\n|-damage|p2b: Incineroar|61\/100\n|-damage|p1a: Urshifu|51\/100|[from] item: Rocky Helmet|[of] p2b: Incineroar\n|move|p1b: Iron Hands|Wild Charge|p2b: Incineroar\n|-damage|p2b: Incineroar|42\/100\n|-damage|p1b: Iron Hands|56\/100|[from] item: Rocky Helmet|[of] p2b: Incineroar\n|-damage|p1b: Iron Hands|52\/100|[from] Recoil\n|\n|upkeep\n|turn|4\n|inactive|kanucks25 has 30 seconds left.\n|inactive|Tyrone woods has 30 seconds left.\n|inactive|Tyrone woods has 20 seconds left.\n|inactive|kanucks25 has 20 seconds left.\n|inactive|Tyrone woods has 15 seconds left.\n|inactive|kanucks25 has 15 seconds left.\n|inactive|Tyrone woods has 10 seconds left.\n|\n|t:|1739937870\n|-end|p1b: Iron Hands|Quark Drive|[silent]\n|switch|p1b: Calyrex|Calyrex-Shadow, L50|100\/100\n|-ability|p1b: Calyrex|As One\n|-ability|p1b: Calyrex|Unnerve\n|move|p2a: Urshifu|Surging Strikes|p1b: Calyrex\n|-crit|p1b: Calyrex\n|-damage|p1b: Calyrex|76\/100\n|-crit|p1b: Calyrex\n|-damage|p1b: Calyrex|49\/100\n|-crit|p1b: Calyrex\n|-damage|p1b: Calyrex|23\/100\n|-hitcount|p1b: Calyrex|3\n|move|p1a: Urshifu|Poison Jab|p2b: Incineroar\n|-damage|p2b: Incineroar|5\/100\n|-status|p2b: Incineroar|psn\n|-damage|p1a: Urshifu|35\/100|[from] item: Rocky Helmet|[of] p2b: Incineroar\n|move|p2b: Incineroar|Parting Shot|p1b: Calyrex\n|-unboost|p1b: Calyrex|atk|1\n|-unboost|p1b: Calyrex|spa|1\n|\n|t:|1739937889\n|switch|p2b: Calyrex|Calyrex-Shadow, L50|100\/100|[from] Parting Shot\n|-ability|p2b: Calyrex|As One\n|-ability|p2b: Calyrex|Unnerve\n|\n|upkeep\n|turn|5\n|\n|t:|1739937904\n|switch|p1a: Iron Hands|Iron Hands, L50|52\/100\n|-terastallize|p2b: Calyrex|Normal\n|move|p2b: Calyrex|Astral Barrage|p1b: Calyrex|[spread] p1a,p1b\n|-supereffective|p1b: Calyrex\n|-damage|p1a: Iron Hands|0 fnt\n|-damage|p1b: Calyrex|0 fnt\n|faint|p1a: Iron Hands\n|-end|p1a: Iron Hands|Quark Drive|[silent]\n|faint|p1b: Calyrex\n|-ability|p2b: Calyrex|Grim Neigh|boost\n|-boost|p2b: Calyrex|spa|2\n|move|p2a: Urshifu|Surging Strikes|p1: Iron Hands|[notarget]\n|-fail|p2a: Urshifu\n|\n|upkeep\n|-message|kanucks25 forfeited.\n|\n|win|Tyrone woods\n|raw|kanucks25's rating: 1696 &rarr; <strong>1680<\/strong><br \/>(-16 for losing)\n|raw|Tyrone woods's rating: 1766 &rarr; <strong>1782<\/strong><br \/>(+16 for winning)\n|l|\u2606kanucks25\n|player|p1|\n|l|\u2606Tyrone woods\n|player|p2|\n","uploadtime":1739938141,"views":12,"formatid":"gen9vgc2025regg","rating":1680,"private":0,"password":null}