{"id":"gen9vgc2025regg-2303698328","format":"[Gen 9] VGC 2025 Reg G","players":["shikico","roykeenkennedy"],"log":"|j|\u2606shikico\n|j|\u2606roykeenkennedy\n|t:|1739962887\n|gametype|doubles\n|player|p1|shikico|101|1586\n|player|p2|roykeenkennedy|alder|1592\n|teamsize|p1|6\n|teamsize|p2|6\n|gen|9\n|tier|[Gen 9] VGC 2025 Reg G\n|rated|\n|rule|Species Clause: Limit one of each Pok\u00e9mon\n|rule|Item Clause: Limit 1 of each item\n|clearpoke\n|poke|p1|Terapagos, L50, M|\n|poke|p1|Primarina, L50, F|\n|poke|p1|Amoonguss, L50, F|\n|poke|p1|Gothitelle, L50, F|\n|poke|p1|Incineroar, L50, F|\n|poke|p1|Raging Bolt, L50|\n|poke|p2|Raging Bolt, L50|\n|poke|p2|Incineroar, L50, F|\n|poke|p2|Ogerpon-Cornerstone, L50, F|\n|poke|p2|Annihilape, L50, F|\n|poke|p2|Calyrex-Ice, L50|\n|poke|p2|Amoonguss, L50, M|\n|teampreview|4\n|inactive|Battle timer is ON: inactive players will automatically lose when time's up. (requested by shikico)\n|j| huangz45\n|inactive|shikico has 60 seconds left.\n|j| NanshanVGC\n|inactive|shikico has 30 seconds left.\n|inactive|shikico has 20 seconds left.\n|inactive|shikico has 15 seconds left.\n|inactive|shikico has 10 seconds left.\n|inactive|shikico has 5 seconds left.\n|inactive|roykeenkennedy has 60 seconds left.\n|\n|t:|1739962975\n|start\n|switch|p1a: Terapagos|Terapagos, L50, M|100\/100\n|switch|p1b: Primarina|Primarina, L50, F|100\/100\n|switch|p2a: Raging Bolt|Raging Bolt, L50|100\/100\n|switch|p2b: Incineroar|Incineroar, L50, F|100\/100\n|-activate|p1a: Terapagos|ability: Tera Shift\n|detailschange|p1a: Terapagos|Terapagos-Terastal, L50, M\n|-heal|p1a: Terapagos|100\/100|[silent]\n|-ability|p2b: Incineroar|Intimidate|boost\n|-unboost|p1a: Terapagos|atk|1\n|-unboost|p1b: Primarina|atk|1\n|turn|1\n|\n|t:|1739962991\n|move|p1b: Primarina|Protect|p1b: Primarina\n|-singleturn|p1b: Primarina|Protect\n|move|p1a: Terapagos|Calm Mind|p1a: Terapagos\n|-boost|p1a: Terapagos|spa|1\n|-boost|p1a: Terapagos|spd|1\n|move|p2a: Raging Bolt|Thunderbolt|p1b: Primarina\n|-activate|p1b: Primarina|move: Protect\n|move|p2b: Incineroar|Knock Off|p1a: Terapagos\n|-activate|p1a: Terapagos|ability: Tera Shell\n|-resisted|p1a: Terapagos\n|-damage|p1a: Terapagos|85\/100\n|-enditem|p1a: Terapagos|Covert Cloak|[from] move: Knock Off|[of] p2b: Incineroar\n|\n|upkeep\n|turn|2\n|inactive|shikico has 30 seconds left.\n|inactive|shikico has 20 seconds left.\n|\n|t:|1739963030\n|switch|p1b: Incineroar|Incineroar, L50, F|100\/100\n|-ability|p1b: Incineroar|Intimidate|boost\n|-unboost|p2a: Raging Bolt|atk|1\n|-unboost|p2b: Incineroar|atk|1\n|-terastallize|p1a: Terapagos|Stellar\n|detailschange|p1a: Terapagos|Terapagos-Stellar, L50, M, tera:Stellar\n|-heal|p1a: Terapagos|89\/100|[silent]\n|move|p1a: Terapagos|Earth Power|p2b: Incineroar\n|-supereffective|p2b: Incineroar\n|-damage|p2b: Incineroar|1\/100\n|move|p2a: Raging Bolt|Snarl|p1b: Incineroar|[spread] p1a,p1b\n|-crit|p1a: Terapagos\n|-resisted|p1b: Incineroar\n|-damage|p1a: Terapagos|73\/100\n|-damage|p1b: Incineroar|94\/100\n|-unboost|p1a: Terapagos|spa|1\n|-unboost|p1b: Incineroar|spa|1\n|move|p2b: Incineroar|Parting Shot|p1a: Terapagos\n|-unboost|p1a: Terapagos|atk|1\n|-unboost|p1a: Terapagos|spa|1\n|\n|t:|1739963052\n|switch|p2b: Calyrex|Calyrex-Ice, L50|100\/100|[from] Parting Shot\n|-ability|p2b: Calyrex|As One\n|-ability|p2b: Calyrex|Unnerve\n|\n|upkeep\n|turn|3\n|inactive|shikico has 30 seconds left.\n|inactive|shikico has 20 seconds left.\n|inactive|shikico has 15 seconds left.\n|\n|t:|1739963093\n|switch|p1a: Primarina|Primarina, L50, F|100\/100\n|move|p2a: Raging Bolt|Thunderbolt|p1b: Incineroar\n|-damage|p1b: Incineroar|52\/100\n|move|p1b: Incineroar|Parting Shot|p2a: Raging Bolt\n|-unboost|p2a: Raging Bolt|atk|1\n|-unboost|p2a: Raging Bolt|spa|1\n|\n|t:|1739963106\n|switch|p1b: Gothitelle|Gothitelle, L50, F|100\/100|[from] Parting Shot\n|move|p2b: Calyrex|High Horsepower|p1b: Gothitelle\n|-damage|p1b: Gothitelle|65\/100\n|\n|upkeep\n|turn|4\n|\n|t:|1739963125\n|-terastallize|p2a: Raging Bolt|Electric\n|move|p1b: Gothitelle|Fake Out|p2b: Calyrex\n|-damage|p2b: Calyrex|97\/100\n|move|p2a: Raging Bolt|Thunderbolt|p1a: Primarina\n|-supereffective|p1a: Primarina\n|-damage|p1a: Primarina|32\/100\n|-status|p1a: Primarina|par\n|cant|p2b: Calyrex|flinch\n|cant|p1a: Primarina|par\n|\n|-heal|p1a: Primarina|38\/100 par|[from] item: Leftovers\n|upkeep\n|turn|5\n|-message|shikico forfeited.\n|\n|win|roykeenkennedy\n|raw|shikico's rating: 1586 &rarr; <strong>1566<\/strong><br \/>(-20 for losing)\n|raw|roykeenkennedy's rating: 1592 &rarr; <strong>1612<\/strong><br \/>(+20 for winning)\n|l|\u2606shikico\n|player|p1|\n|l|\u2606roykeenkennedy\n|player|p2|\n","uploadtime":1739963399,"views":8,"formatid":"gen9vgc2025regg","rating":1566,"private":0,"password":null}