{"id":"gen9vgc2025regg-2303743639","format":"[Gen 9] VGC 2025 Reg G","players":["ok3rd","SamP_64"],"log":"|j|\u2606ok3rd\n|j|\u2606SamP_64\n|t:|1739970012\n|gametype|doubles\n|player|p1|ok3rd|lillie-z|1619\n|player|p2|SamP_64|cyrus|1827\n|teamsize|p1|6\n|teamsize|p2|6\n|gen|9\n|tier|[Gen 9] VGC 2025 Reg G\n|rated|\n|rule|Species Clause: Limit one of each Pok\u00e9mon\n|rule|Item Clause: Limit 1 of each item\n|clearpoke\n|poke|p1|Raging Bolt, L50|\n|poke|p1|Miraidon, L50|\n|poke|p1|Ogerpon-Hearthflame, L50, F|\n|poke|p1|Torkoal, L50, F|\n|poke|p1|Farigiraf, L50, M|\n|poke|p1|Ursaluna, L50, M|\n|poke|p2|Incineroar, L50, F|\n|poke|p2|Rillaboom, L50, M|\n|poke|p2|Flutter Mane, L50|\n|poke|p2|Urshifu-*, L50, F|\n|poke|p2|Terapagos, L50, M|\n|poke|p2|Amoonguss, L50, M|\n|teampreview|4\n|inactive|Battle timer is ON: inactive players will automatically lose when time's up. (requested by SamP_64)\n|inactive|SamP_64 has 60 seconds left.\n|\n|t:|1739970069\n|start\n|switch|p1a: Ogerpon|Ogerpon-Hearthflame, L50, F|100\/100\n|switch|p1b: Farigiraf|Farigiraf, L50, M|100\/100\n|switch|p2a: Rillaboom|Rillaboom, L50, M|100\/100\n|switch|p2b: Terapagos|Terapagos, L50, M|100\/100\n|-activate|p2b: Terapagos|ability: Tera Shift\n|detailschange|p2b: Terapagos|Terapagos-Terastal, L50, M\n|-heal|p2b: Terapagos|100\/100|[silent]\n|-ability|p1a: Ogerpon|Mold Breaker\n|-fieldstart|move: Grassy Terrain|[from] ability: Grassy Surge|[of] p2a: Rillaboom\n|turn|1\n|\n|t:|1739970086\n|switch|p2a: Incineroar|Incineroar, L50, F|100\/100\n|-ability|p2a: Incineroar|Intimidate|boost\n|-unboost|p1a: Ogerpon|atk|1\n|-unboost|p1b: Farigiraf|atk|1\n|move|p1a: Ogerpon|Taunt|p2b: Terapagos\n|-start|p2b: Terapagos|move: Taunt\n|cant|p2b: Terapagos|move: Taunt|Calm Mind\n|move|p1b: Farigiraf|Trick Room|p1b: Farigiraf\n|-fieldstart|move: Trick Room|[of] p1b: Farigiraf\n|\n|upkeep\n|turn|2\n|\n|t:|1739970106\n|move|p1b: Farigiraf|Psychic Noise|p2b: Terapagos\n|-activate|p2b: Terapagos|ability: Tera Shell\n|-resisted|p2b: Terapagos\n|-damage|p2b: Terapagos|89\/100\n|-start|p2b: Terapagos|move: Heal Block\n|move|p2a: Incineroar|Knock Off|p1b: Farigiraf\n|-supereffective|p1b: Farigiraf\n|-damage|p1b: Farigiraf|39\/100\n|-enditem|p1b: Farigiraf|Electric Seed|[from] move: Knock Off|[of] p2a: Incineroar\n|move|p2b: Terapagos|Tera Starstorm|p1b: Farigiraf\n|-damage|p1b: Farigiraf|0 fnt\n|faint|p1b: Farigiraf\n|move|p1a: Ogerpon|Ivy Cudgel|p2b: Terapagos|[anim] Ivy Cudgel Fire\n|-damage|p2b: Terapagos|59\/100\n|\n|upkeep\n|\n|t:|1739970118\n|switch|p1b: Ursaluna|Ursaluna, L50, M|100\/100\n|turn|3\n|inactive|ok3rd has 30 seconds left.\n|\n|t:|1739970144\n|move|p1b: Ursaluna|Protect|p1b: Ursaluna\n|-singleturn|p1b: Ursaluna|Protect\n|move|p2a: Incineroar|Parting Shot|p1a: Ogerpon\n|-unboost|p1a: Ogerpon|atk|1\n|-unboost|p1a: Ogerpon|spa|1\n|\n|t:|1739970151\n|switch|p2a: Rillaboom|Rillaboom, L50, M|100\/100|[from] Parting Shot\n|move|p2b: Terapagos|Tera Starstorm|p1a: Ogerpon\n|-damage|p1a: Ogerpon|34\/100\n|move|p1a: Ogerpon|Ivy Cudgel|p2a: Rillaboom|[anim] Ivy Cudgel Fire\n|-supereffective|p2a: Rillaboom\n|-damage|p2a: Rillaboom|50\/100\n|\n|-heal|p2a: Rillaboom|56\/100|[from] Grassy Terrain\n|-heal|p1a: Ogerpon|40\/100|[from] Grassy Terrain\n|-end|p2b: Terapagos|move: Taunt\n|-end|p2b: Terapagos|move: Heal Block\n|-status|p1b: Ursaluna|brn|[from] item: Flame Orb\n|upkeep\n|turn|4\n|j| faceless_knigght\n|inactive|SamP_64 has 30 seconds left.\n|\n|t:|1739970180\n|switch|p1a: Torkoal|Torkoal, L50, F|100\/100\n|-weather|SunnyDay|[from] ability: Drought|[of] p1a: Torkoal\n|-item|p1a: Torkoal|Air Balloon\n|-terastallize|p1b: Ursaluna|Ghost\n|move|p2a: Rillaboom|Fake Out|p1b: Ursaluna\n|-immune|p1b: Ursaluna\n|move|p1b: Ursaluna|Facade|p2b: Terapagos\n|-damage|p2b: Terapagos|0 fnt\n|faint|p2b: Terapagos\n|\n|-weather|SunnyDay|[upkeep]\n|-heal|p2a: Rillaboom|62\/100|[from] Grassy Terrain\n|-damage|p1b: Ursaluna|95\/100 brn|[from] brn\n|upkeep\n|\n|t:|1739970194\n|switch|p2b: Incineroar|Incineroar, L50, F|100\/100\n|-ability|p2b: Incineroar|Intimidate|boost\n|-unboost|p1a: Torkoal|atk|1\n|-unboost|p1b: Ursaluna|atk|1\n|turn|5\n|inactive|ok3rd has 30 seconds left.\n|\n|t:|1739970220\n|-terastallize|p2b: Incineroar|Ghost\n|move|p2b: Incineroar|Fake Out|p1a: Torkoal\n|-damage|p1a: Torkoal|92\/100\n|-enditem|p1a: Torkoal|Air Balloon\n|cant|p1a: Torkoal|flinch\n|move|p1b: Ursaluna|Headlong Rush|p2b: Incineroar\n|-damage|p2b: Incineroar|35\/100\n|-unboost|p1b: Ursaluna|def|1\n|-unboost|p1b: Ursaluna|spd|1\n|-damage|p1b: Ursaluna|78\/100 brn|[from] item: Rocky Helmet|[of] p2b: Incineroar\n|move|p2a: Rillaboom|Wood Hammer|p1b: Ursaluna\n|-damage|p1b: Ursaluna|0 fnt\n|faint|p1b: Ursaluna\n|-damage|p2a: Rillaboom|32\/100|[from] Recoil\n|\n|-weather|SunnyDay|[upkeep]\n|-heal|p1a: Torkoal|98\/100|[from] Grassy Terrain\n|-heal|p2b: Incineroar|41\/100|[from] Grassy Terrain\n|-heal|p2a: Rillaboom|38\/100|[from] Grassy Terrain\n|-fieldend|move: Trick Room\n|-fieldend|move: Grassy Terrain\n|upkeep\n|\n|t:|1739970223\n|switch|p1b: Ogerpon|Ogerpon-Hearthflame, L50, F|40\/100\n|-ability|p1b: Ogerpon|Mold Breaker\n|turn|6\n|inactive|SamP_64 has 30 seconds left.\n|inactive|SamP_64 has 20 seconds left.\n|inactive|SamP_64 has 15 seconds left.\n|inactive|SamP_64 has 10 seconds left.\n|\n|t:|1739970271\n|move|p1b: Ogerpon|Ivy Cudgel|p2b: Incineroar|[anim] Ivy Cudgel Fire\n|-damage|p2b: Incineroar|0 fnt\n|faint|p2b: Incineroar\n|move|p2a: Rillaboom|U-turn|p1a: Torkoal\n|-resisted|p1a: Torkoal\n|-damage|p1a: Torkoal|89\/100\n|\n|t:|1739970277\n|switch|p2a: Flutter Mane|Flutter Mane, L50|100\/100|[from] U-turn\n|-activate|p2a: Flutter Mane|ability: Protosynthesis\n|-start|p2a: Flutter Mane|protosynthesisspe\n|move|p1a: Torkoal|Overheat|p2a: Flutter Mane\n|-damage|p2a: Flutter Mane|19\/100\n|-unboost|p1a: Torkoal|spa|2\n|\n|-weather|SunnyDay|[upkeep]\n|upkeep\n|\n|t:|1739970279\n|switch|p2b: Rillaboom|Rillaboom, L50, M|38\/100\n|-fieldstart|move: Grassy Terrain|[from] ability: Grassy Surge|[of] p2b: Rillaboom\n|turn|7\n|inactive|SamP_64 has 30 seconds left.\n|inactive|SamP_64 has 20 seconds left.\n|inactive|SamP_64 has 15 seconds left.\n|\n|t:|1739970322\n|move|p2b: Rillaboom|Fake Out|p1a: Torkoal\n|-damage|p1a: Torkoal|77\/100\n|move|p2a: Flutter Mane|Moonblast|p1a: Torkoal\n|-resisted|p1a: Torkoal\n|-damage|p1a: Torkoal|47\/100\n|-unboost|p1a: Torkoal|spa|1\n|move|p1b: Ogerpon|Ivy Cudgel|p2a: Flutter Mane|[anim] Ivy Cudgel Fire\n|-damage|p2a: Flutter Mane|0 fnt\n|faint|p2a: Flutter Mane\n|-end|p2a: Flutter Mane|Protosynthesis|[silent]\n|cant|p1a: Torkoal|flinch\n|\n|-weather|SunnyDay|[upkeep]\n|-heal|p1b: Ogerpon|46\/100|[from] Grassy Terrain\n|-heal|p2b: Rillaboom|44\/100|[from] Grassy Terrain\n|-heal|p1a: Torkoal|53\/100|[from] Grassy Terrain\n|upkeep\n|turn|8\n|\n|t:|1739970332\n|move|p1b: Ogerpon|Ivy Cudgel|p2b: Rillaboom|[anim] Ivy Cudgel Fire\n|-supereffective|p2b: Rillaboom\n|-crit|p2b: Rillaboom\n|-damage|p2b: Rillaboom|0 fnt\n|faint|p2b: Rillaboom\n|\n|win|ok3rd\n|raw|ok3rd's rating: 1619 &rarr; <strong>1650<\/strong><br \/>(+31 for winning)\n|raw|SamP_64's rating: 1827 &rarr; <strong>1796<\/strong><br \/>(-31 for losing)\n|l|\u2606SamP_64\n|player|p2|\n|l|\u2606ok3rd\n|player|p1|\n|j|\u2606ok3rd\n|player|p1|ok3rd|lillie-z|\n|l|\u2606ok3rd\n|player|p1|\n|l| faceless_knigght\n","uploadtime":1739970354,"views":9,"formatid":"gen9vgc2025regg","rating":1650,"private":0,"password":null}