{"id":"gen9vgc2025regg-2303173850","format":"[Gen 9] VGC 2025 Reg G","players":["twinleafturtle","fuwamoko"],"log":"|j|\u2606twinleafturtle\n|j|\u2606fuwamoko\n|t:|1739894910\n|gametype|doubles\n|player|p1|twinleafturtle|lucas|1516\n|player|p2|fuwamoko|169|1581\n|teamsize|p1|6\n|teamsize|p2|6\n|gen|9\n|tier|[Gen 9] VGC 2025 Reg G\n|rated|\n|rule|Species Clause: Limit one of each Pok\u00e9mon\n|rule|Item Clause: Limit 1 of each item\n|clearpoke\n|poke|p1|Terapagos, L50, M|\n|poke|p1|Heatran, L50, F|\n|poke|p1|Scream Tail, L50|\n|poke|p1|Rillaboom, L50, M|\n|poke|p1|Incineroar, L50, M|\n|poke|p1|Ogerpon-Cornerstone, L50, F|\n|poke|p2|Calyrex-Ice, L50|\n|poke|p2|Farigiraf, L50, M|\n|poke|p2|Clefairy, L50, M|\n|poke|p2|Amoonguss, L50, M|\n|poke|p2|Dondozo, L50, F|\n|poke|p2|Tatsugiri, L50, M|\n|teampreview|4\n|\n|t:|1739894936\n|start\n|switch|p1a: Terapagos|Terapagos, L50, M|100\/100\n|switch|p1b: Incineroar|Incineroar, L50, M|100\/100\n|switch|p2a: Farigiraf|Farigiraf, L50, M|100\/100\n|switch|p2b: Clefairy|Clefairy, L50, M|100\/100\n|-activate|p1a: Terapagos|ability: Tera Shift\n|detailschange|p1a: Terapagos|Terapagos-Terastal, L50, M\n|-heal|p1a: Terapagos|100\/100|[silent]\n|-ability|p1b: Incineroar|Intimidate|boost\n|-unboost|p2a: Farigiraf|atk|1\n|-unboost|p2b: Clefairy|atk|1\n|turn|1\n|\n|t:|1739894960\n|move|p2b: Clefairy|Follow Me|p2b: Clefairy\n|-singleturn|p2b: Clefairy|move: Follow Me\n|move|p1a: Terapagos|Calm Mind|p1a: Terapagos\n|-boost|p1a: Terapagos|spa|1\n|-boost|p1a: Terapagos|spd|1\n|move|p1b: Incineroar|Knock Off|p2b: Clefairy\n|-resisted|p2b: Clefairy\n|-damage|p2b: Clefairy|79\/100\n|-enditem|p2b: Clefairy|Focus Sash|[from] move: Knock Off|[of] p1b: Incineroar\n|move|p2a: Farigiraf|Trick Room|p2a: Farigiraf\n|-fieldstart|move: Trick Room|[of] p2a: Farigiraf\n|\n|upkeep\n|turn|2\n|\n|t:|1739894996\n|move|p2b: Clefairy|Encore|p1a: Terapagos\n|-start|p1a: Terapagos|Encore\n|move|p2a: Farigiraf|Thief|p1a: Terapagos\n|-activate|p1a: Terapagos|ability: Tera Shell\n|-resisted|p1a: Terapagos\n|-damage|p1a: Terapagos|97\/100\n|move|p1b: Incineroar|Will-O-Wisp|p1a: Terapagos\n|-status|p1a: Terapagos|brn\n|move|p1a: Terapagos|Calm Mind|p1a: Terapagos\n|-boost|p1a: Terapagos|spa|1\n|-boost|p1a: Terapagos|spd|1\n|\n|-heal|p1a: Terapagos|100\/100 brn|[from] item: Leftovers\n|-damage|p1a: Terapagos|94\/100 brn|[from] brn\n|upkeep\n|turn|3\n|c|\u2606twinleafturtle|lmao what the fuck\n|\n|t:|1739895019\n|switch|p1a: Rillaboom|Rillaboom, L50, M|100\/100\n|-fieldstart|move: Grassy Terrain|[from] ability: Grassy Surge|[of] p1a: Rillaboom\n|move|p2a: Farigiraf|Protect|p2a: Farigiraf\n|-singleturn|p2a: Farigiraf|Protect\n|move|p2b: Clefairy|Misty Explosion|p1a: Rillaboom|[spread] p1a,p1b\n|-activate|p2a: Farigiraf|move: Protect\n|-crit|p1a: Rillaboom\n|-damage|p1a: Rillaboom|81\/100\n|-damage|p1b: Incineroar|84\/100\n|faint|p2b: Clefairy\n|move|p1b: Incineroar|Knock Off|p2a: Farigiraf\n|-activate|p2a: Farigiraf|move: Protect\n|\n|-heal|p1b: Incineroar|90\/100|[from] Grassy Terrain\n|-heal|p1a: Rillaboom|87\/100|[from] Grassy Terrain\n|upkeep\n|\n|t:|1739895034\n|switch|p2b: Calyrex|Calyrex-Ice, L50|100\/100\n|-ability|p2b: Calyrex|As One\n|-ability|p2b: Calyrex|Unnerve\n|turn|4\n|\n|t:|1739895063\n|-terastallize|p2b: Calyrex|Fire\n|move|p2a: Farigiraf|Bulldoze|p1b: Incineroar|[spread] p2b,p1a,p1b\n|-supereffective|p2b: Calyrex\n|-resisted|p1a: Rillaboom\n|-supereffective|p1b: Incineroar\n|-damage|p2b: Calyrex|97\/100\n|-damage|p1a: Rillaboom|86\/100\n|-damage|p1b: Incineroar|85\/100\n|-unboost|p2b: Calyrex|spe|1\n|-unboost|p1a: Rillaboom|spe|1\n|-unboost|p1b: Incineroar|spe|1\n|-enditem|p2b: Calyrex|Weakness Policy\n|-boost|p2b: Calyrex|atk|2|[from] item: Weakness Policy\n|-boost|p2b: Calyrex|spa|2|[from] item: Weakness Policy\n|move|p2b: Calyrex|Glacial Lance|p1b: Incineroar|[spread] p1a,p1b\n|-supereffective|p1a: Rillaboom\n|-resisted|p1b: Incineroar\n|-damage|p1a: Rillaboom|0 fnt\n|-damage|p1b: Incineroar|38\/100\n|faint|p1a: Rillaboom\n|-ability|p2b: Calyrex|Chilling Neigh|boost\n|-boost|p2b: Calyrex|atk|1\n|move|p1b: Incineroar|Will-O-Wisp|p2b: Calyrex\n|-immune|p2b: Calyrex\n|\n|-heal|p2b: Calyrex|100\/100|[from] Grassy Terrain\n|-heal|p1b: Incineroar|44\/100|[from] Grassy Terrain\n|upkeep\n|\n|t:|1739895069\n|switch|p1a: Terapagos|Terapagos-Terastal, L50, M|94\/100 brn\n|turn|5\n|\n|t:|1739895100\n|-terastallize|p1a: Terapagos|Stellar\n|detailschange|p1a: Terapagos|Terapagos-Stellar, L50, M, tera:Stellar\n|-heal|p1a: Terapagos|96\/100 brn|[silent]\n|-ability|p1a: Terapagos|Teraform Zero\n|-fieldend|move: Grassy Terrain\n|move|p2b: Calyrex|Glacial Lance|p1b: Incineroar|[spread] p1a,p1b\n|-resisted|p1b: Incineroar\n|-crit|p1b: Incineroar\n|-damage|p1a: Terapagos|23\/100 brn\n|-damage|p1b: Incineroar|0 fnt\n|faint|p1b: Incineroar\n|-ability|p2b: Calyrex|Chilling Neigh|boost\n|-boost|p2b: Calyrex|atk|1\n|move|p2a: Farigiraf|Thief|p1a: Terapagos\n|-damage|p1a: Terapagos|19\/100 brn\n|move|p1a: Terapagos|Tera Starstorm|p2b: Calyrex|[spread] p2a,p2b\n|-supereffective|p2b: Calyrex\n|-damage|p2a: Farigiraf|77\/100\n|-damage|p2b: Calyrex|53\/100\n|\n|-heal|p1a: Terapagos|25\/100 brn|[from] item: Leftovers\n|-damage|p1a: Terapagos|19\/100 brn|[from] brn\n|-fieldend|move: Trick Room\n|upkeep\n|\n|t:|1739895108\n|switch|p1b: Scream Tail|Scream Tail, L50|100\/100\n|-enditem|p1b: Scream Tail|Booster Energy\n|-activate|p1b: Scream Tail|ability: Protosynthesis|[fromitem]\n|-start|p1b: Scream Tail|protosynthesisspe\n|turn|6\n|\n|t:|1739895126\n|move|p2b: Calyrex|Protect|p2b: Calyrex\n|-singleturn|p2b: Calyrex|Protect\n|move|p1b: Scream Tail|Encore|p2a: Farigiraf\n|-start|p2a: Farigiraf|Encore\n|move|p1a: Terapagos|Calm Mind|p1a: Terapagos\n|-boost|p1a: Terapagos|spa|1\n|-boost|p1a: Terapagos|spd|1\n|move|p2a: Farigiraf|Thief|p1b: Scream Tail\n|-damage|p1b: Scream Tail|94\/100\n|\n|-heal|p1a: Terapagos|25\/100 brn|[from] item: Leftovers\n|-damage|p1a: Terapagos|19\/100 brn|[from] brn\n|upkeep\n|turn|7\n|-message|fuwamoko forfeited.\n|\n|win|twinleafturtle\n|raw|twinleafturtle's rating: 1516 &rarr; <strong>1540<\/strong><br \/>(+24 for winning)\n|raw|fuwamoko's rating: 1581 &rarr; <strong>1557<\/strong><br \/>(-24 for losing)\n|l|\u2606fuwamoko\n|player|p2|\n|l|\u2606twinleafturtle\n|player|p1|\n","uploadtime":1739895160,"views":29,"formatid":"gen9vgc2025regg","rating":1540,"private":0,"password":null}