{"id":"gen9vgc2025regg-2303873132","format":"[Gen 9] VGC 2025 Reg G","players":["PigsPrep","413XP"],"log":"|j|\u2606PigsPrep\n|j|\u2606413XP\n|t:|1739984344\n|gametype|doubles\n|player|p1|PigsPrep|lian|1601\n|player|p2|413XP|266|1569\n|teamsize|p1|6\n|teamsize|p2|6\n|gen|9\n|tier|[Gen 9] VGC 2025 Reg G\n|rated|\n|rule|Species Clause: Limit one of each Pok\u00e9mon\n|rule|Item Clause: Limit 1 of each item\n|clearpoke\n|poke|p1|Kyogre, L50|\n|poke|p1|Tornadus, L50, M|\n|poke|p1|Dondozo, L50, M|\n|poke|p1|Tatsugiri, L50, M|\n|poke|p1|Magmar, L50, M|\n|poke|p1|Gholdengo, L50|\n|poke|p2|Kyogre, L50|\n|poke|p2|Tornadus, L50, M|\n|poke|p2|Tatsugiri-Droopy, L50, M|\n|poke|p2|Tsareena, L50, F|\n|poke|p2|Dondozo, L50, M|\n|poke|p2|Chien-Pao, L50|\n|teampreview|4\n|inactive|Battle timer is ON: inactive players will automatically lose when time's up. (requested by PigsPrep)\n|\n|t:|1739984366\n|start\n|switch|p1a: Kyogre|Kyogre, L50|100\/100\n|switch|p1b: Tornadus|Tornadus, L50, M|100\/100\n|switch|p2a: Tornadus|Tornadus, L50, M|100\/100\n|switch|p2b: Kyogre|Kyogre, L50|100\/100\n|-weather|RainDance|[from] ability: Drizzle|[of] p2b: Kyogre\n|turn|1\n|\n|t:|1739984376\n|-terastallize|p2b: Kyogre|Water\n|move|p2a: Tornadus|Tailwind|p2a: Tornadus\n|-sidestart|p2: 413XP|move: Tailwind\n|move|p1b: Tornadus|Tailwind|p1b: Tornadus\n|-sidestart|p1: PigsPrep|move: Tailwind\n|move|p2b: Kyogre|Water Spout|p1b: Tornadus|[spread] p1a,p1b\n|-resisted|p1a: Kyogre\n|-damage|p1a: Kyogre|61\/100\n|-damage|p1b: Tornadus|0 fnt\n|faint|p1b: Tornadus\n|move|p1a: Kyogre|Origin Pulse|p2a: Tornadus|[spread] p2b\n|-miss|p1a: Kyogre|p2a: Tornadus\n|-resisted|p2b: Kyogre\n|-damage|p2b: Kyogre|73\/100\n|\n|-weather|RainDance|[upkeep]\n|upkeep\n|\n|t:|1739984392\n|switch|p1b: Dondozo|Dondozo, L50, M|100\/100\n|turn|2\n|\n|t:|1739984396\n|move|p1b: Dondozo|Protect|p1b: Dondozo\n|-singleturn|p1b: Dondozo|Protect\n|move|p2a: Tornadus|Scary Face|p1a: Kyogre\n|-unboost|p1a: Kyogre|spe|2\n|move|p2b: Kyogre|Water Spout|p1a: Kyogre|[spread] p1a\n|-activate|p1b: Dondozo|move: Protect\n|-resisted|p1a: Kyogre\n|-damage|p1a: Kyogre|29\/100\n|move|p1a: Kyogre|Origin Pulse|p2a: Tornadus|[spread] p2a,p2b\n|-resisted|p2b: Kyogre\n|-damage|p2a: Tornadus|6\/100\n|-damage|p2b: Kyogre|44\/100\n|\n|-weather|RainDance|[upkeep]\n|upkeep\n|turn|3\n|\n|t:|1739984410\n|switch|p2a: Tatsugiri|Tatsugiri-Droopy, L50, M|100\/100\n|switch|p2b: Dondozo|Dondozo, L50, M|100\/100\n|-activate|p2a: Tatsugiri|ability: Commander|[of] p2b: Dondozo\n|-boost|p2b: Dondozo|atk|2\n|-boost|p2b: Dondozo|spa|2\n|-boost|p2b: Dondozo|spe|2\n|-boost|p2b: Dondozo|def|2\n|-boost|p2b: Dondozo|spd|2\n|switch|p1a: Tatsugiri|Tatsugiri, L50, M|100\/100\n|-activate|p1a: Tatsugiri|ability: Commander|[of] p1b: Dondozo\n|-boost|p1b: Dondozo|atk|2\n|-boost|p1b: Dondozo|spa|2\n|-boost|p1b: Dondozo|spe|2\n|-boost|p1b: Dondozo|def|2\n|-boost|p1b: Dondozo|spd|2\n|move|p1b: Dondozo|Order Up|p2a: Tatsugiri|[miss]\n|-miss|p1b: Dondozo|p2a: Tatsugiri\n|\n|-weather|RainDance|[upkeep]\n|upkeep\n|turn|4\n|\n|t:|1739984423\n|move|p1b: Dondozo|Fissure|p2b: Dondozo|[miss]\n|-miss|p1b: Dondozo|p2b: Dondozo\n|move|p2b: Dondozo|Order Up|p1b: Dondozo\n|-damage|p1b: Dondozo|90\/100\n|-boost|p2b: Dondozo|def|1\n|\n|-weather|RainDance|[upkeep]\n|-heal|p1b: Dondozo|96\/100|[from] item: Leftovers\n|-sideend|p2: 413XP|move: Tailwind\n|-sideend|p1: PigsPrep|move: Tailwind\n|upkeep\n|turn|5\n|\n|t:|1739984429\n|move|p2b: Dondozo|Protect|p2b: Dondozo\n|-singleturn|p2b: Dondozo|Protect\n|move|p1b: Dondozo|Order Up|p2b: Dondozo\n|-activate|p2b: Dondozo|move: Protect\n|\n|-weather|none\n|-heal|p1b: Dondozo|100\/100|[from] item: Leftovers\n|upkeep\n|turn|6\n|\n|t:|1739984435\n|move|p2b: Dondozo|Protect|p2b: Dondozo\n|-singleturn|p2b: Dondozo|Protect\n|move|p1b: Dondozo|Fissure|p2b: Dondozo\n|-activate|p2b: Dondozo|move: Protect\n|\n|upkeep\n|turn|7\n|\n|t:|1739984438\n|move|p1b: Dondozo|Fissure|p2b: Dondozo\n|-damage|p2b: Dondozo|0 fnt\n|faint|p2b: Dondozo\n|-ohko\n|\n|upkeep\n|\n|t:|1739984442\n|switch|p2b: Kyogre|Kyogre, L50, tera:Water|44\/100\n|-weather|RainDance|[from] ability: Drizzle|[of] p2b: Kyogre\n|turn|8\n|\n|t:|1739984450\n|move|p2a: Tatsugiri|Icy Wind|p1a: Tatsugiri|[spread] p1b\n|-miss|p2a: Tatsugiri|p1a: Tatsugiri\n|-resisted|p1b: Dondozo\n|-damage|p1b: Dondozo|97\/100\n|-unboost|p1b: Dondozo|spe|1\n|move|p2b: Kyogre|Origin Pulse|p1b: Dondozo|[spread] p1b\n|-miss|p2b: Kyogre|p1a: Tatsugiri\n|-resisted|p1b: Dondozo\n|-damage|p1b: Dondozo|62\/100\n|move|p1b: Dondozo|Order Up|p2a: Tatsugiri\n|-supereffective|p2a: Tatsugiri\n|-damage|p2a: Tatsugiri|0 fnt\n|faint|p2a: Tatsugiri\n|-boost|p1b: Dondozo|atk|1\n|\n|-weather|RainDance|[upkeep]\n|-heal|p1b: Dondozo|68\/100|[from] item: Leftovers\n|upkeep\n|\n|t:|1739984452\n|switch|p2a: Tornadus|Tornadus, L50, M|6\/100\n|turn|9\n|\n|t:|1739984455\n|move|p2a: Tornadus|Hurricane|p1b: Dondozo\n|-damage|p1b: Dondozo|42\/100\n|-start|p1b: Dondozo|confusion\n|move|p2b: Kyogre|Origin Pulse|p1b: Dondozo|[spread] p1b\n|-miss|p2b: Kyogre|p1a: Tatsugiri\n|-resisted|p1b: Dondozo\n|-damage|p1b: Dondozo|5\/100\n|-activate|p1b: Dondozo|confusion\n|-damage|p1b: Dondozo|0 fnt|[from] confusion\n|faint|p1b: Dondozo\n|\n|-weather|RainDance|[upkeep]\n|upkeep\n|\n|t:|1739984461\n|switch|p1b: Kyogre|Kyogre, L50|29\/100\n|turn|10\n|\n|t:|1739984470\n|move|p2a: Tornadus|Tailwind|p2a: Tornadus\n|-sidestart|p2: 413XP|move: Tailwind\n|move|p2b: Kyogre|Origin Pulse|p1a: Tatsugiri|[spread] p1a,p1b\n|-resisted|p1a: Tatsugiri\n|-resisted|p1b: Kyogre\n|-damage|p1a: Tatsugiri|55\/100\n|-damage|p1b: Kyogre|0 fnt\n|faint|p1b: Kyogre\n|move|p1a: Tatsugiri|Muddy Water|p2a: Tornadus|[spread] p2a,p2b\n|-resisted|p2b: Kyogre\n|-damage|p2a: Tornadus|0 fnt\n|-damage|p2b: Kyogre|25\/100\n|faint|p2a: Tornadus\n|\n|-weather|RainDance|[upkeep]\n|upkeep\n|turn|11\n|\n|t:|1739984480\n|-terastallize|p1a: Tatsugiri|Stellar\n|move|p2b: Kyogre|Origin Pulse|p1a: Tatsugiri|[miss]\n|-miss|p2b: Kyogre|p1a: Tatsugiri\n|move|p1a: Tatsugiri|Dragon Pulse|p2b: Kyogre\n|-damage|p2b: Kyogre|0 fnt\n|faint|p2b: Kyogre\n|\n|win|PigsPrep\n|raw|PigsPrep's rating: 1601 &rarr; <strong>1619<\/strong><br \/>(+18 for winning)\n|raw|413XP's rating: 1569 &rarr; <strong>1551<\/strong><br \/>(-18 for losing)\n|l|\u2606PigsPrep\n|player|p1|\n|l|\u2606413XP\n|player|p2|\n|j|\u2606413XP\n|player|p2|413XP|266|\n","uploadtime":1739984525,"views":5,"formatid":"gen9vgc2025regg","rating":1551,"private":0,"password":null}