{"id":"gen9vgc2025regg-2303197032","format":"[Gen 9] VGC 2025 Reg G","players":["Dimonutive","huyuplan"],"log":"|j|\u2606Dimonutive\n|j|\u2606huyuplan\n|t:|1739897188\n|gametype|doubles\n|player|p1|Dimonutive|li|1558\n|player|p2|huyuplan|lucas|1595\n|teamsize|p1|6\n|teamsize|p2|6\n|gen|9\n|tier|[Gen 9] VGC 2025 Reg G\n|rated|\n|rule|Species Clause: Limit one of each Pok\u00e9mon\n|rule|Item Clause: Limit 1 of each item\n|clearpoke\n|poke|p1|Terapagos, L50, M|\n|poke|p1|Grimmsnarl, L50, M|\n|poke|p1|Sinistcha, L50|\n|poke|p1|Cresselia, L50, F|\n|poke|p1|Okidogi, L50, M|\n|poke|p1|Landorus-Therian, L50, M|\n|poke|p2|Regidrago, L50|\n|poke|p2|Zacian-*, L50|\n|poke|p2|Farigiraf, L50, M|\n|poke|p2|Tornadus, L50, M|\n|poke|p2|Ditto, L50|\n|poke|p2|Grimmsnarl, L50, M|\n|teampreview|4\n|c|\u2606Dimonutive|woah cool team!\n|inactive|Battle timer is ON: inactive players will automatically lose when time's up. (requested by Dimonutive)\n|inactive|huyuplan has 60 seconds left.\n|\n|t:|1739897257\n|start\n|switch|p1a: Terapagos|Terapagos, L50, M|100\/100\n|switch|p1b: Grimmsnarl|Grimmsnarl, L50, M|100\/100\n|switch|p2a: Tornadus|Tornadus, L50, M|100\/100\n|switch|p2b: Zacian|Zacian-Crowned, L50|100\/100\n|-activate|p1a: Terapagos|ability: Tera Shift\n|detailschange|p1a: Terapagos|Terapagos-Terastal, L50, M\n|-heal|p1a: Terapagos|100\/100|[silent]\n|-ability|p2b: Zacian|Intrepid Sword|boost\n|-boost|p2b: Zacian|atk|1\n|turn|1\n|\n|t:|1739897273\n|move|p1b: Grimmsnarl|Fake Out|p2b: Zacian\n|-resisted|p2b: Zacian\n|-damage|p2b: Zacian|95\/100\n|cant|p2b: Zacian|flinch\n|move|p2a: Tornadus|Bleakwind Storm|p1a: Terapagos|[spread] \n|-miss|p2a: Tornadus|p1a: Terapagos\n|-miss|p2a: Tornadus|p1b: Grimmsnarl\n|move|p1a: Terapagos|Calm Mind|p1a: Terapagos\n|-boost|p1a: Terapagos|spa|1\n|-boost|p1a: Terapagos|spd|1\n|\n|upkeep\n|turn|2\n|\n|t:|1739897288\n|move|p2a: Tornadus|Taunt|p1a: Terapagos\n|-start|p1a: Terapagos|move: Taunt\n|move|p1b: Grimmsnarl|Parting Shot|p2b: Zacian\n|-unboost|p2b: Zacian|atk|1\n|-unboost|p2b: Zacian|spa|1\n|\n|t:|1739897294\n|switch|p1b: Landorus|Landorus-Therian, L50, M|100\/100|[from] Parting Shot\n|-ability|p1b: Landorus|Intimidate|boost\n|-unboost|p2a: Tornadus|atk|1\n|-unboost|p2b: Zacian|atk|1\n|move|p2b: Zacian|Behemoth Blade|p1b: Landorus\n|-damage|p1b: Landorus|62\/100\n|move|p1a: Terapagos|Tera Starstorm|p2a: Tornadus\n|-damage|p2a: Tornadus|2\/100\n|\n|upkeep\n|turn|3\n|inactive|Dimonutive has 30 seconds left.\n|inactive|huyuplan has 30 seconds left.\n|\n|t:|1739897327\n|switch|p2b: Farigiraf|Farigiraf, L50, M|100\/100\n|move|p1b: Landorus|Stomping Tantrum|p2b: Farigiraf\n|-damage|p2b: Farigiraf|57\/100\n|move|p2a: Tornadus|Bleakwind Storm|p1b: Landorus|[spread] p1a,p1b\n|-activate|p1a: Terapagos|ability: Tera Shell\n|-resisted|p1a: Terapagos\n|-damage|p1a: Terapagos|90\/100\n|-damage|p1b: Landorus|15\/100\n|move|p1a: Terapagos|Tera Starstorm|p2a: Tornadus\n|-damage|p2a: Tornadus|0 fnt\n|faint|p2a: Tornadus\n|\n|upkeep\n|c|\u2606Dimonutive|no my tera shell!\n|inactive|huyuplan has 30 seconds left.\n|\n|t:|1739897352\n|switch|p2a: Zacian|Zacian-Crowned, L50|95\/100\n|turn|4\n|\n|t:|1739897364\n|switch|p1b: Sinistcha|Sinistcha, L50|100\/100\n|-heal|p1a: Terapagos|100\/100|[from] ability: Hospitality|[of] p1b: Sinistcha\n|move|p2a: Zacian|Sacred Sword|p1a: Terapagos\n|-activate|p1a: Terapagos|ability: Tera Shell\n|-resisted|p1a: Terapagos\n|-damage|p1a: Terapagos|88\/100\n|move|p1a: Terapagos|Flamethrower|p2a: Zacian\n|-supereffective|p2a: Zacian\n|-crit|p2a: Zacian\n|-damage|p2a: Zacian|0 fnt\n|faint|p2a: Zacian\n|move|p2b: Farigiraf|Hyper Voice|p1b: Sinistcha|[spread] p1a\n|-immune|p1b: Sinistcha\n|-damage|p1a: Terapagos|69\/100\n|\n|-end|p1a: Terapagos|move: Taunt\n|upkeep\n|\n|t:|1739897383\n|switch|p2a: Regidrago|Regidrago, L50|100\/100\n|turn|5\n|\n|t:|1739897392\n|switch|p1b: Grimmsnarl|Grimmsnarl, L50, M|100\/100\n|-terastallize|p2a: Regidrago|Dragon\n|move|p2b: Farigiraf|Helping Hand|p2a: Regidrago\n|-singleturn|p2a: Regidrago|Helping Hand|[of] p2b: Farigiraf\n|move|p1a: Terapagos|Protect|p1a: Terapagos\n|-singleturn|p1a: Terapagos|Protect\n|move|p2a: Regidrago|Dragon Energy|p1b: Grimmsnarl|[spread] \n|-activate|p1a: Terapagos|move: Protect\n|-immune|p1b: Grimmsnarl\n|\n|upkeep\n|turn|6\n|\n|t:|1739897414\n|switch|p1b: Sinistcha|Sinistcha, L50|100\/100\n|-heal|p1a: Terapagos|94\/100|[from] ability: Hospitality|[of] p1b: Sinistcha\n|-terastallize|p1a: Terapagos|Stellar\n|detailschange|p1a: Terapagos|Terapagos-Stellar, L50, M, tera:Stellar\n|-heal|p1a: Terapagos|96\/100|[silent]\n|move|p2b: Farigiraf|Helping Hand|p2a: Regidrago\n|-singleturn|p2a: Regidrago|Helping Hand|[of] p2b: Farigiraf\n|move|p2a: Regidrago|Dragon Energy|p1a: Terapagos|[spread] p1a,p1b\n|-damage|p1a: Terapagos|7\/100\n|-damage|p1b: Sinistcha|0 fnt\n|faint|p1b: Sinistcha\n|move|p1a: Terapagos|Tera Starstorm|p2a: Regidrago|[spread] p2a,p2b\n|-supereffective|p2a: Regidrago\n|-damage|p2a: Regidrago|0 fnt\n|-damage|p2b: Farigiraf|0 fnt\n|faint|p2a: Regidrago\n|faint|p2b: Farigiraf\n|\n|win|Dimonutive\n|raw|Dimonutive's rating: 1558 &rarr; <strong>1580<\/strong><br \/>(+22 for winning)\n|raw|huyuplan's rating: 1595 &rarr; <strong>1573<\/strong><br \/>(-22 for losing)\n|c|\u2606Dimonutive|ggwp\n|l|\u2606huyuplan\n|player|p2|\n","uploadtime":1739897431,"views":6,"formatid":"gen9vgc2025regg","rating":1573,"private":0,"password":null}