{"id":"gen9vgc2025regg-2303259025","format":"[Gen 9] VGC 2025 Reg G","players":["DrRadicalWHY","xatseye"],"log":"|j|\u203dDrRadicalWHY\n|j|\u2606xatseye\n|t:|1739903206\n|gametype|doubles\n|player|p1|DrRadicalWHY|rocketgrunt|1603\n|player|p2|xatseye|unknown|1718\n|teamsize|p1|6\n|teamsize|p2|6\n|gen|9\n|tier|[Gen 9] VGC 2025 Reg G\n|rated|\n|rule|Species Clause: Limit one of each Pok\u00e9mon\n|rule|Item Clause: Limit 1 of each item\n|clearpoke\n|poke|p1|Landorus, L50, M|\n|poke|p1|Sylveon, L50, M|\n|poke|p1|Kyogre, L50|\n|poke|p1|Regieleki, L50|\n|poke|p1|Indeedee-F, L50, F|\n|poke|p1|Tornadus, L50, M|\n|poke|p2|Miraidon, L50|\n|poke|p2|Incineroar, L50, F|\n|poke|p2|Oranguru, L50, F|\n|poke|p2|Clefairy, L50, M|\n|poke|p2|Baxcalibur, L50, M|\n|poke|p2|Whimsicott, L50, F|\n|teampreview|4\n|inactive|Battle timer is ON: inactive players will automatically lose when time's up. (requested by xatseye)\n|inactive|xatseye has 60 seconds left.\n|\n|t:|1739903264\n|start\n|switch|p1a: Sylveon|Sylveon, L50, M|100\/100\n|switch|p1b: Indeedee|Indeedee-F, L50, F|100\/100\n|switch|p2a: Baxcalibur|Baxcalibur, L50, M|100\/100\n|switch|p2b: Whimsicott|Whimsicott, L50, F|100\/100\n|-fieldstart|move: Psychic Terrain|[from] ability: Psychic Surge|[of] p1b: Indeedee\n|-enditem|p1b: Indeedee|Psychic Seed\n|-boost|p1b: Indeedee|spd|1|[from] item: Psychic Seed\n|turn|1\n|inactive|DrRadicalWHY has 30 seconds left.\n|inactive|xatseye has 30 seconds left.\n|\n|t:|1739903296\n|-terastallize|p2a: Baxcalibur|Poison\n|move|p1b: Indeedee|Follow Me|p1b: Indeedee\n|-singleturn|p1b: Indeedee|move: Follow Me\n|move|p2b: Whimsicott|Moonblast|p1b: Indeedee\n|-damage|p1b: Indeedee|80\/100\n|move|p2a: Baxcalibur|Icicle Spear|p1b: Indeedee\n|-damage|p1b: Indeedee|62\/100\n|-damage|p1b: Indeedee|43\/100\n|-damage|p1b: Indeedee|24\/100\n|-damage|p1b: Indeedee|7\/100\n|-hitcount|p1b: Indeedee|4\n|move|p1a: Sylveon|Hyper Voice|p2b: Whimsicott|[spread] p2a,p2b\n|-resisted|p2a: Baxcalibur\n|-damage|p2a: Baxcalibur|68\/100\n|-damage|p2b: Whimsicott|2\/100\n|\n|upkeep\n|turn|2\n|inactive|xatseye has 30 seconds left.\n|\n|t:|1739903324\n|move|p2b: Whimsicott|Protect|p2b: Whimsicott\n|-singleturn|p2b: Whimsicott|Protect\n|move|p2a: Baxcalibur|Icicle Spear|p1b: Indeedee\n|-damage|p1b: Indeedee|0 fnt\n|faint|p1b: Indeedee\n|-hitcount|p1: Indeedee|1\n|move|p1a: Sylveon|Hyper Voice|p2b: Whimsicott|[spread] p2a\n|-activate|p2b: Whimsicott|move: Protect\n|-resisted|p2a: Baxcalibur\n|-damage|p2a: Baxcalibur|34\/100\n|\n|upkeep\n|\n|t:|1739903331\n|switch|p1b: Kyogre|Kyogre, L50|100\/100\n|-weather|RainDance|[from] ability: Drizzle|[of] p1b: Kyogre\n|turn|3\n|\n|t:|1739903343\n|move|p2b: Whimsicott|Tailwind|p2b: Whimsicott\n|-sidestart|p2: xatseye|move: Tailwind\n|move|p2a: Baxcalibur|Icicle Spear|p1a: Sylveon\n|-damage|p1a: Sylveon|82\/100\n|-damage|p1a: Sylveon|64\/100\n|-damage|p1a: Sylveon|46\/100\n|-damage|p1a: Sylveon|29\/100\n|-damage|p1a: Sylveon|11\/100\n|-hitcount|p1a: Sylveon|5\n|move|p1b: Kyogre|Water Spout|p2b: Whimsicott|[spread] p2a,p2b\n|-resisted|p2b: Whimsicott\n|-damage|p2a: Baxcalibur|0 fnt\n|-damage|p2b: Whimsicott|0 fnt\n|faint|p2a: Baxcalibur\n|faint|p2b: Whimsicott\n|move|p1a: Sylveon|Hyper Voice|p2: Baxcalibur|[notarget]\n|-fail|p1a: Sylveon\n|\n|-weather|RainDance|[upkeep]\n|upkeep\n|\n|t:|1739903358\n|switch|p2b: Incineroar|Incineroar, L50, F|100\/100\n|switch|p2a: Miraidon|Miraidon, L50|100\/100\n|-fieldstart|move: Electric Terrain|[from] ability: Hadron Engine|[of] p2a: Miraidon\n|-enditem|p2a: Miraidon|Electric Seed\n|-boost|p2a: Miraidon|def|1|[from] item: Electric Seed\n|-ability|p2b: Incineroar|Intimidate|boost\n|-unboost|p1a: Sylveon|atk|1\n|-unboost|p1b: Kyogre|atk|1\n|turn|4\n|\n|t:|1739903376\n|switch|p1b: Landorus|Landorus, L50, M|100\/100\n|move|p2a: Miraidon|Parabolic Charge|p1a: Sylveon|[spread] p2b,p1a\n|-immune|p1b: Landorus\n|-damage|p2b: Incineroar|65\/100\n|-damage|p1a: Sylveon|0 fnt\n|faint|p1a: Sylveon\n|move|p2b: Incineroar|Knock Off|p1b: Landorus\n|-damage|p1b: Landorus|55\/100\n|-enditem|p1b: Landorus|Life Orb|[from] move: Knock Off|[of] p2b: Incineroar\n|\n|-weather|RainDance|[upkeep]\n|upkeep\n|\n|t:|1739903385\n|switch|p1a: Kyogre|Kyogre, L50|100\/100\n|turn|5\n|\n|t:|1739903394\n|move|p2a: Miraidon|Dragon Pulse|p1b: Landorus\n|-damage|p1b: Landorus|0 fnt\n|faint|p1b: Landorus\n|move|p2b: Incineroar|Knock Off|p1a: Kyogre\n|-damage|p1a: Kyogre|55\/100\n|-enditem|p1a: Kyogre|Assault Vest|[from] move: Knock Off|[of] p2b: Incineroar\n|move|p1a: Kyogre|Ice Beam|p2a: Miraidon\n|-supereffective|p2a: Miraidon\n|-damage|p2a: Miraidon|42\/100\n|\n|-weather|RainDance|[upkeep]\n|upkeep\n|turn|6\n|\n|t:|1739903412\n|-terastallize|p1a: Kyogre|Water\n|move|p2a: Miraidon|Protect|p2a: Miraidon\n|-singleturn|p2a: Miraidon|Protect\n|move|p2b: Incineroar|Parting Shot|p1a: Kyogre\n|-unboost|p1a: Kyogre|atk|1\n|-unboost|p1a: Kyogre|spa|1\n|move|p1a: Kyogre|Origin Pulse|p2a: Miraidon|[spread] p2b\n|-activate|p2a: Miraidon|move: Protect\n|-supereffective|p2b: Incineroar\n|-damage|p2b: Incineroar|0 fnt\n|faint|p2b: Incineroar\n|\n|-weather|RainDance|[upkeep]\n|-sideend|p2: xatseye|move: Tailwind\n|upkeep\n|turn|7\n|\n|t:|1739903424\n|move|p2a: Miraidon|Parabolic Charge|p1a: Kyogre\n|-supereffective|p1a: Kyogre\n|-damage|p1a: Kyogre|0 fnt\n|-heal|p2a: Miraidon|66\/100|[from] drain|[of] p1a: Kyogre\n|faint|p1a: Kyogre\n|\n|win|xatseye\n|raw|DrRadicalWHY's rating: 1603 &rarr; <strong>1589<\/strong><br \/>(-14 for losing)\n|raw|xatseye's rating: 1718 &rarr; <strong>1732<\/strong><br \/>(+14 for winning)\n|l|\u2606xatseye\n|player|p2|\n|l|\u203dDrRadicalWHY\n|player|p1|\n","uploadtime":1739903694,"views":8,"formatid":"gen9vgc2025regg","rating":1589,"private":0,"password":null}