{"id":"gen9vgc2025regg-2303819796","format":"[Gen 9] VGC 2025 Reg G","players":["wallabit g","dv146"],"log":"|j|\u2606wallabit g\n|j|\u203ddv146\n|t:|1739978992\n|gametype|doubles\n|player|p1|wallabit g|dawn-gen4pt|1530\n|player|p2|dv146|2|1642\n|teamsize|p1|6\n|teamsize|p2|6\n|gen|9\n|tier|[Gen 9] VGC 2025 Reg G\n|rated|\n|rule|Species Clause: Limit one of each Pok\u00e9mon\n|rule|Item Clause: Limit 1 of each item\n|clearpoke\n|poke|p1|Calyrex-Shadow, L50|\n|poke|p1|Ogerpon-Hearthflame, L50, F|\n|poke|p1|Urshifu-*, L50, M|\n|poke|p1|Indeedee-F, L50, F|\n|poke|p1|Mienshao, L50, M|\n|poke|p1|Rillaboom, L50, F|\n|poke|p2|Terapagos, L50, M|\n|poke|p2|Incineroar, L50, F|\n|poke|p2|Comfey, L50, F|\n|poke|p2|Sinistcha-Masterpiece, L50|\n|poke|p2|Electabuzz, L50, M|\n|poke|p2|Rillaboom, L50, M|\n|teampreview|4\n|\n|t:|1739979027\n|start\n|switch|p1a: Mienshao|Mienshao, L50, M|100\/100\n|switch|p1b: Calyrex|Calyrex-Shadow, L50|100\/100\n|switch|p2a: Terapagos|Terapagos, L50, M|100\/100\n|switch|p2b: Comfey|Comfey, L50, F|100\/100\n|-activate|p2a: Terapagos|ability: Tera Shift\n|detailschange|p2a: Terapagos|Terapagos-Terastal, L50, M\n|-heal|p2a: Terapagos|100\/100|[silent]\n|-ability|p1b: Calyrex|As One\n|-ability|p1b: Calyrex|Unnerve\n|turn|1\n|inactive|Battle timer is ON: inactive players will automatically lose when time's up. (requested by dv146)\n|\n|t:|1739979045\n|switch|p1a: Indeedee|Indeedee-F, L50, F|100\/100\n|-fieldstart|move: Psychic Terrain|[from] ability: Psychic Surge|[of] p1a: Indeedee\n|move|p2b: Comfey|Draining Kiss|p1a: Indeedee\n|-activate|p1a: Indeedee|move: Psychic Terrain\n|move|p1b: Calyrex|Expanding Force|p2b: Comfey|[spread] p2a,p2b\n|-activate|p2a: Terapagos|ability: Tera Shell\n|-resisted|p2a: Terapagos\n|-damage|p2a: Terapagos|57\/100\n|-damage|p2b: Comfey|9\/100\n|-damage|p1b: Calyrex|91\/100|[from] item: Life Orb\n|move|p2a: Terapagos|Tera Starstorm|p1a: Indeedee\n|-damage|p1a: Indeedee|47\/100\n|\n|upkeep\n|turn|2\n|inactive|wallabit g has 30 seconds left.\n|inactive|wallabit g has 20 seconds left.\n|\n|t:|1739979081\n|switch|p1a: Ogerpon|Ogerpon-Hearthflame, L50, F|100\/100\n|-ability|p1a: Ogerpon|Mold Breaker\n|move|p2b: Comfey|Floral Healing|p2a: Terapagos\n|-heal|p2a: Terapagos|100\/100\n|move|p1b: Calyrex|Expanding Force|p2b: Comfey|[spread] p2a,p2b\n|-activate|p2a: Terapagos|ability: Tera Shell\n|-resisted|p2a: Terapagos\n|-damage|p2a: Terapagos|60\/100\n|-damage|p2b: Comfey|0 fnt\n|faint|p2b: Comfey\n|-ability|p1b: Calyrex|Grim Neigh|boost\n|-boost|p1b: Calyrex|spa|1\n|-damage|p1b: Calyrex|81\/100|[from] item: Life Orb\n|move|p2a: Terapagos|Calm Mind|p2a: Terapagos\n|-boost|p2a: Terapagos|spa|1\n|-boost|p2a: Terapagos|spd|1\n|\n|upkeep\n|\n|t:|1739979099\n|switch|p2b: Incineroar|Incineroar, L50, F|100\/100\n|-ability|p2b: Incineroar|Intimidate|boost\n|-unboost|p1a: Ogerpon|atk|1\n|-unboost|p1b: Calyrex|atk|1\n|turn|3\n|\n|t:|1739979122\n|-terastallize|p2a: Terapagos|Stellar\n|detailschange|p2a: Terapagos|Terapagos-Stellar, L50, M, tera:Stellar\n|-heal|p2a: Terapagos|70\/100|[silent]\n|-ability|p2a: Terapagos|Teraform Zero\n|-fieldend|move: Psychic Terrain\n|move|p1b: Calyrex|Protect|p1b: Calyrex\n|-singleturn|p1b: Calyrex|Protect\n|move|p2b: Incineroar|Fake Out|p1a: Ogerpon\n|-damage|p1a: Ogerpon|87\/100\n|cant|p1a: Ogerpon|flinch\n|move|p2a: Terapagos|Tera Starstorm|p1b: Calyrex|[spread] p1a\n|-activate|p1b: Calyrex|move: Protect\n|-damage|p1a: Ogerpon|23\/100\n|\n|upkeep\n|turn|4\n|inactive|dv146 has 30 seconds left.\n|\n|t:|1739979148\n|switch|p1b: Indeedee|Indeedee-F, L50, F|47\/100\n|-fieldstart|move: Psychic Terrain|[from] ability: Psychic Surge|[of] p1b: Indeedee\n|move|p2a: Terapagos|Protect|p2a: Terapagos\n|-singleturn|p2a: Terapagos|Protect\n|move|p1a: Ogerpon|Ivy Cudgel|p2a: Terapagos|[anim] Ivy Cudgel Fire\n|-activate|p2a: Terapagos|move: Protect\n|move|p2b: Incineroar|Knock Off|p1b: Indeedee\n|-supereffective|p1b: Indeedee\n|-damage|p1b: Indeedee|0 fnt\n|-damage|p2b: Incineroar|84\/100|[from] item: Rocky Helmet|[of] p1b: Indeedee\n|-enditem|p1b: Indeedee|Rocky Helmet|[from] move: Knock Off|[of] p2b: Incineroar\n|faint|p1b: Indeedee\n|\n|upkeep\n|\n|t:|1739979162\n|switch|p1b: Mienshao|Mienshao, L50, M|100\/100\n|turn|5\n|\n|t:|1739979170\n|move|p1b: Mienshao|Close Combat|p2a: Terapagos\n|-supereffective|p2a: Terapagos\n|-damage|p2a: Terapagos|0 fnt\n|-unboost|p1b: Mienshao|def|1\n|-unboost|p1b: Mienshao|spd|1\n|faint|p2a: Terapagos\n|move|p1a: Ogerpon|Ivy Cudgel|p2b: Incineroar|[anim] Ivy Cudgel Fire\n|-resisted|p2b: Incineroar\n|-damage|p2b: Incineroar|68\/100\n|move|p2b: Incineroar|Flare Blitz|p1b: Mienshao\n|-enditem|p1b: Mienshao|Focus Sash\n|-damage|p1b: Mienshao|1\/100\n|-damage|p2b: Incineroar|45\/100|[from] Recoil\n|\n|upkeep\n|\n|t:|1739979184\n|switch|p2a: Electabuzz|Electabuzz, L50, M|100\/100\n|turn|6\n|j| IceIceCrazy\n|inactive|wallabit g has 30 seconds left.\n|inactive|wallabit g has 20 seconds left.\n|\n|t:|1739979220\n|move|p2a: Electabuzz|Follow Me|p2a: Electabuzz\n|-singleturn|p2a: Electabuzz|move: Follow Me\n|move|p1b: Mienshao|Taunt|p2a: Electabuzz\n|-start|p2a: Electabuzz|move: Taunt\n|move|p1a: Ogerpon|Ivy Cudgel|p2a: Electabuzz|[anim] Ivy Cudgel Fire\n|-crit|p2a: Electabuzz\n|-damage|p2a: Electabuzz|32\/100\n|move|p2b: Incineroar|Knock Off|p1a: Ogerpon\n|-damage|p1a: Ogerpon|0 fnt\n|faint|p1a: Ogerpon\n|\n|upkeep\n|\n|t:|1739979223\n|switch|p1a: Calyrex|Calyrex-Shadow, L50|81\/100\n|-ability|p1a: Calyrex|As One\n|-ability|p1a: Calyrex|Unnerve\n|turn|7\n|j| hideonbusu\n|\n|t:|1739979239\n|-terastallize|p1a: Calyrex|Fairy\n|move|p1a: Calyrex|Astral Barrage|p2a: Electabuzz|[spread] p2a,p2b\n|-resisted|p2b: Incineroar\n|-damage|p2a: Electabuzz|0 fnt\n|-damage|p2b: Incineroar|8\/100\n|faint|p2a: Electabuzz\n|-ability|p1a: Calyrex|Grim Neigh|boost\n|-boost|p1a: Calyrex|spa|1\n|-damage|p1a: Calyrex|72\/100|[from] item: Life Orb\n|move|p1b: Mienshao|Close Combat|p2b: Incineroar\n|-supereffective|p2b: Incineroar\n|-damage|p2b: Incineroar|0 fnt\n|-unboost|p1b: Mienshao|def|1\n|-unboost|p1b: Mienshao|spd|1\n|faint|p2b: Incineroar\n|\n|win|wallabit g\n|raw|wallabit g's rating: 1530 &rarr; <strong>1556<\/strong><br \/>(+26 for winning)\n|raw|dv146's rating: 1642 &rarr; <strong>1616<\/strong><br \/>(-26 for losing)\n|l|\u203ddv146\n|player|p2|\n","uploadtime":1739979389,"views":12,"formatid":"gen9vgc2025regg","rating":1556,"private":0,"password":null}