{"id":"gen9vgc2025regg-2303987195","format":"[Gen 9] VGC 2025 Reg G","players":["wallabit g","ggttmmhh"],"log":"|j|\u2606wallabit g\n|j|\u2606ggttmmhh\n|t:|1739995533\n|gametype|doubles\n|player|p1|wallabit g|dawn-gen4pt|1694\n|player|p2|ggttmmhh|1|1586\n|teamsize|p1|6\n|teamsize|p2|6\n|gen|9\n|tier|[Gen 9] VGC 2025 Reg G\n|rated|\n|rule|Species Clause: Limit one of each Pok\u00e9mon\n|rule|Item Clause: Limit 1 of each item\n|clearpoke\n|poke|p1|Calyrex-Shadow, L50|\n|poke|p1|Ogerpon-Hearthflame, L50, F|\n|poke|p1|Urshifu-*, L50, M|\n|poke|p1|Indeedee-F, L50, F|\n|poke|p1|Mienshao, L50, F|\n|poke|p1|Iron Bundle, L50|\n|poke|p2|Groudon, L50|\n|poke|p2|Ogerpon-Hearthflame, L50, F|\n|poke|p2|Raging Bolt, L50|\n|poke|p2|Jumpluff, L50, M|\n|poke|p2|Urshifu-*, L50, M|\n|poke|p2|Chien-Pao, L50|\n|teampreview|4\n|inactive|Battle timer is ON: inactive players will automatically lose when time's up. (requested by wallabit g)\n|inactive|wallabit g has 60 seconds left.\n|inactive|ggttmmhh has 60 seconds left.\n|\n|t:|1739995581\n|start\n|switch|p1a: Indeedee|Indeedee-F, L50, F|100\/100\n|switch|p1b: Calyrex|Calyrex-Shadow, L50|100\/100\n|switch|p2a: Jumpluff|Jumpluff, L50, M, shiny|100\/100\n|switch|p2b: Urshifu|Urshifu, L50, M|100\/100\n|-ability|p1b: Calyrex|As One\n|-ability|p1b: Calyrex|Unnerve\n|-fieldstart|move: Psychic Terrain|[from] ability: Psychic Surge|[of] p1a: Indeedee\n|turn|1\n|inactive|ggttmmhh has 30 seconds left.\n|\n|t:|1739995609\n|-terastallize|p2a: Jumpluff|Dark\n|-terastallize|p1a: Indeedee|Water\n|move|p1a: Indeedee|Follow Me|p1a: Indeedee\n|-singleturn|p1a: Indeedee|move: Follow Me\n|move|p1b: Calyrex|Astral Barrage|p2b: Urshifu|[spread] p2a,p2b\n|-resisted|p2a: Jumpluff\n|-resisted|p2b: Urshifu\n|-damage|p2a: Jumpluff|60\/100\n|-damage|p2b: Urshifu|43\/100\n|-damage|p1b: Calyrex|91\/100|[from] item: Life Orb\n|move|p2a: Jumpluff|Tailwind|p2a: Jumpluff\n|-sidestart|p2: ggttmmhh|move: Tailwind\n|move|p2b: Urshifu|Wicked Blow|p1a: Indeedee\n|-crit|p1a: Indeedee\n|-damage|p1a: Indeedee|3\/100\n|-damage|p2b: Urshifu|26\/100|[from] item: Rocky Helmet|[of] p1a: Indeedee\n|\n|upkeep\n|turn|2\n|inactive|wallabit g has 30 seconds left.\n|inactive|ggttmmhh has 30 seconds left.\n|\n|t:|1739995640\n|switch|p1b: Mienshao|Mienshao, L50, F|100\/100\n|move|p2a: Jumpluff|Sleep Powder|p1b: Mienshao\n|-status|p1b: Mienshao|slp|[from] move: Sleep Powder\n|move|p2b: Urshifu|Wicked Blow|p1a: Indeedee\n|-crit|p1a: Indeedee\n|-damage|p1a: Indeedee|0 fnt\n|-damage|p2b: Urshifu|10\/100|[from] item: Rocky Helmet|[of] p1a: Indeedee\n|faint|p1a: Indeedee\n|\n|upkeep\n|\n|t:|1739995650\n|switch|p1a: Ogerpon|Ogerpon-Hearthflame, L50, F|100\/100\n|-ability|p1a: Ogerpon|Mold Breaker\n|turn|3\n|\n|t:|1739995663\n|switch|p2a: Chien-Pao|Chien-Pao, L50|100\/100\n|-ability|p2a: Chien-Pao|Sword of Ruin\n|move|p2b: Urshifu|Wicked Blow|p1a: Ogerpon\n|-crit|p1a: Ogerpon\n|-damage|p1a: Ogerpon|0 fnt\n|faint|p1a: Ogerpon\n|cant|p1b: Mienshao|slp\n|\n|upkeep\n|\n|t:|1739995669\n|switch|p1a: Calyrex|Calyrex-Shadow, L50|91\/100\n|-ability|p1a: Calyrex|As One\n|-ability|p1a: Calyrex|Unnerve\n|turn|4\n|\n|t:|1739995682\n|move|p2a: Chien-Pao|Ice Spinner|p1a: Calyrex\n|-crit|p1a: Calyrex\n|-damage|p1a: Calyrex|0 fnt\n|-fieldend|move: Psychic Terrain\n|faint|p1a: Calyrex\n|move|p2b: Urshifu|Wicked Blow|p1b: Mienshao\n|-resisted|p1b: Mienshao\n|-crit|p1b: Mienshao\n|-enditem|p1b: Mienshao|Focus Sash\n|-damage|p1b: Mienshao|1\/100 slp\n|-curestatus|p1b: Mienshao|slp|[msg]\n|move|p1b: Mienshao|Close Combat|p2a: Chien-Pao\n|-supereffective|p2a: Chien-Pao\n|-enditem|p2a: Chien-Pao|Focus Sash\n|-damage|p2a: Chien-Pao|1\/100\n|-unboost|p1b: Mienshao|def|1\n|-unboost|p1b: Mienshao|spd|1\n|\n|-sideend|p2: ggttmmhh|move: Tailwind\n|upkeep\n|turn|5\n|j| futonkagebunshin\n|\n|t:|1739995695\n|move|p2a: Chien-Pao|Ice Spinner|p1b: Mienshao\n|-damage|p1b: Mienshao|0 fnt\n|faint|p1b: Mienshao\n|\n|win|ggttmmhh\n|raw|wallabit g's rating: 1694 &rarr; <strong>1668<\/strong><br \/>(-26 for losing)\n|raw|ggttmmhh's rating: 1586 &rarr; <strong>1612<\/strong><br \/>(+26 for winning)\n|l|\u2606ggttmmhh\n|player|p2|\n|l|\u2606wallabit g\n|player|p1|\n","uploadtime":1739995855,"views":6,"formatid":"gen9vgc2025regg","rating":1612,"private":0,"password":null}