{"id":"gen9vgc2025regg-2303361749","format":"[Gen 9] VGC 2025 Reg G","players":["AndyGR_02","elvegis1"],"log":"|j|\u2606AndyGR_02\n|j|\u2606elvegis1\n|t:|1739913392\n|gametype|doubles\n|player|p1|AndyGR_02|volkner|1557\n|player|p2|elvegis1|lucas|1613\n|teamsize|p1|6\n|teamsize|p2|6\n|gen|9\n|tier|[Gen 9] VGC 2025 Reg G\n|rated|\n|rule|Species Clause: Limit one of each Pok\u00e9mon\n|rule|Item Clause: Limit 1 of each item\n|clearpoke\n|poke|p1|Kyogre, L50|\n|poke|p1|Ludicolo, L50, M|\n|poke|p1|Whimsicott, L50, F|\n|poke|p1|Tsareena, L50, F|\n|poke|p1|Incineroar, L50, M|\n|poke|p1|Chien-Pao, L50|\n|poke|p2|Calyrex-Shadow, L50|\n|poke|p2|Urshifu-*, L50, F|\n|poke|p2|Whimsicott, L50, F|\n|poke|p2|Incineroar, L50, F|\n|poke|p2|Ditto, L50|\n|poke|p2|Raging Bolt, L50|\n|teampreview|4\n|inactive|Battle timer is ON: inactive players will automatically lose when time's up. (requested by elvegis1)\n|\n|t:|1739913415\n|start\n|switch|p1a: Tsareena|Tsareena, L50, F, shiny|100\/100\n|switch|p1b: Whimsicott|Whimsicott, L50, F, shiny|100\/100\n|switch|p2a: Whimsicott|Whimsicott, L50, F|100\/100\n|switch|p2b: Calyrex|Calyrex-Shadow, L50|100\/100\n|-ability|p2b: Calyrex|As One\n|-ability|p2b: Calyrex|Unnerve\n|turn|1\n|\n|t:|1739913427\n|move|p1b: Whimsicott|Tailwind|p1b: Whimsicott\n|-sidestart|p1: AndyGR_02|move: Tailwind\n|move|p2a: Whimsicott|Tailwind|p2a: Whimsicott\n|-sidestart|p2: elvegis1|move: Tailwind\n|move|p2b: Calyrex|Astral Barrage|p1b: Whimsicott|[spread] p1a,p1b\n|-damage|p1a: Tsareena|26\/100\n|-damage|p1b: Whimsicott|22\/100\n|move|p1a: Tsareena|Triple Axel|p2a: Whimsicott\n|-supereffective|p2a: Whimsicott\n|-damage|p2a: Whimsicott|85\/100\n|-supereffective|p2a: Whimsicott\n|-damage|p2a: Whimsicott|53\/100\n|-supereffective|p2a: Whimsicott\n|-crit|p2a: Whimsicott\n|-damage|p2a: Whimsicott|0 fnt\n|faint|p2a: Whimsicott\n|-hitcount|p2: Whimsicott|3\n|\n|upkeep\n|j| kiabu233\n|\n|t:|1739913446\n|switch|p2a: Urshifu|Urshifu-Rapid-Strike, L50, F|100\/100\n|turn|2\n|\n|t:|1739913466\n|move|p1a: Tsareena|Protect|p1a: Tsareena\n|-singleturn|p1a: Tsareena|Protect\n|move|p2b: Calyrex|Astral Barrage|p1a: Tsareena|[spread] p1b\n|-activate|p1a: Tsareena|move: Protect\n|-damage|p1b: Whimsicott|0 fnt\n|faint|p1b: Whimsicott\n|-ability|p2b: Calyrex|Grim Neigh|boost\n|-boost|p2b: Calyrex|spa|1\n|move|p2a: Urshifu|Surging Strikes|p1a: Tsareena\n|-resisted|p1a: Tsareena\n|-crit|p1a: Tsareena\n|-damage|p1a: Tsareena|13\/100\n|-resisted|p1a: Tsareena\n|-crit|p1a: Tsareena\n|-damage|p1a: Tsareena|0 fnt\n|faint|p1a: Tsareena\n|-hitcount|p1: Tsareena|2\n|\n|upkeep\n|\n|t:|1739913474\n|switch|p1b: Ludicolo|Ludicolo, L50, M, shiny|100\/100\n|switch|p1a: Kyogre|Kyogre, L50, shiny|100\/100\n|-weather|RainDance|[from] ability: Drizzle|[of] p1a: Kyogre\n|turn|3\n|\n|t:|1739913484\n|-terastallize|p1a: Kyogre|Water\n|move|p2b: Calyrex|Protect|p2b: Calyrex\n|-singleturn|p2b: Calyrex|Protect\n|move|p2a: Urshifu|Detect|p2a: Urshifu\n|-singleturn|p2a: Urshifu|Protect\n|move|p1b: Ludicolo|Muddy Water|p2b: Calyrex|[spread] \n|-activate|p2a: Urshifu|move: Protect\n|-activate|p2b: Calyrex|move: Protect\n|move|p1a: Kyogre|Water Spout|p2a: Urshifu|[spread] \n|-activate|p2a: Urshifu|move: Protect\n|-activate|p2b: Calyrex|move: Protect\n|\n|-weather|RainDance|[upkeep]\n|upkeep\n|turn|4\n|\n|t:|1739913500\n|switch|p2a: Ditto|Ditto, L50|100\/100\n|-transform|p2a: Ditto|p1b: Ludicolo|[from] ability: Imposter\n|-terastallize|p2b: Calyrex|Water\n|move|p1b: Ludicolo|Encore|p2b: Calyrex\n|-start|p2b: Calyrex|Encore\n|move|p1a: Kyogre|Water Spout|p2a: Ditto|[spread] p2a,p2b\n|-resisted|p2a: Ditto\n|-resisted|p2b: Calyrex\n|-damage|p2a: Ditto|65\/100\n|-damage|p2b: Calyrex|39\/100\n|move|p2b: Calyrex|Protect||[still]\n|-fail|p2b: Calyrex\n|\n|-weather|RainDance|[upkeep]\n|-sideend|p2: elvegis1|move: Tailwind\n|-sideend|p1: AndyGR_02|move: Tailwind\n|upkeep\n|turn|5\n|\n|t:|1739913521\n|move|p2b: Calyrex|Protect|p2b: Calyrex\n|-singleturn|p2b: Calyrex|Protect\n|move|p2a: Ditto|Encore||[still]\n|-fail|p2a: Ditto\n|move|p1b: Ludicolo|Energy Ball|p2a: Ditto\n|-damage|p2a: Ditto|1\/100\n|-damage|p1b: Ludicolo|91\/100|[from] item: Life Orb\n|move|p1a: Kyogre|Water Spout|p2b: Calyrex|[spread] p2a\n|-activate|p2b: Calyrex|move: Protect\n|-resisted|p2a: Ditto\n|-damage|p2a: Ditto|0 fnt\n|faint|p2a: Ditto\n|\n|-weather|RainDance|[upkeep]\n|upkeep\n|\n|t:|1739913528\n|switch|p2a: Urshifu|Urshifu-Rapid-Strike, L50, F|100\/100\n|turn|6\n|\n|t:|1739913534\n|move|p2b: Calyrex|Protect||[still]\n|-fail|p2b: Calyrex\n|move|p1b: Ludicolo|Energy Ball|p2b: Calyrex\n|-supereffective|p2b: Calyrex\n|-damage|p2b: Calyrex|0 fnt\n|faint|p2b: Calyrex\n|-damage|p1b: Ludicolo|81\/100|[from] item: Life Orb\n|move|p1a: Kyogre|Water Spout|p2a: Urshifu\n|-resisted|p2a: Urshifu\n|-damage|p2a: Urshifu|0 fnt\n|faint|p2a: Urshifu\n|\n|win|AndyGR_02\n|raw|AndyGR_02's rating: 1557 &rarr; <strong>1580<\/strong><br \/>(+23 for winning)\n|raw|elvegis1's rating: 1613 &rarr; <strong>1590<\/strong><br \/>(-23 for losing)\n|l|\u2606elvegis1\n|player|p2|\n|l|\u2606AndyGR_02\n|player|p1|\n|l| kiabu233\n","uploadtime":1739913801,"views":7,"formatid":"gen9vgc2025regg","rating":1580,"private":0,"password":null}