{"id":"gen9vgc2025regg-2303440703","format":"[Gen 9] VGC 2025 Reg G","players":["dnut1","ssbutan"],"log":"|j|\u2606dnut1\n|j|\u2606ssbutan\n|t:|1739922099\n|gametype|doubles\n|player|p1|dnut1|2|1564\n|player|p2|ssbutan|camper|1621\n|teamsize|p1|6\n|teamsize|p2|6\n|gen|9\n|tier|[Gen 9] VGC 2025 Reg G\n|rated|\n|rule|Species Clause: Limit one of each Pok\u00e9mon\n|rule|Item Clause: Limit 1 of each item\n|clearpoke\n|poke|p1|Miraidon, L50|\n|poke|p1|Ursaluna-Bloodmoon, L50, M|\n|poke|p1|Farigiraf, L50, F|\n|poke|p1|Iron Hands, L50|\n|poke|p1|Sneasler, L50, F|\n|poke|p1|Whimsicott, L50, F|\n|poke|p2|Calyrex-Ice, L50|\n|poke|p2|Cresselia, L50, F|\n|poke|p2|Rillaboom, L50, M|\n|poke|p2|Urshifu-*, L50, F|\n|poke|p2|Flutter Mane, L50|\n|poke|p2|Walking Wake, L50|\n|teampreview|4\n|inactive|Battle timer is ON: inactive players will automatically lose when time's up. (requested by ssbutan)\n|inactive|ssbutan has 60 seconds left.\n|inactive|ssbutan has 30 seconds left.\n|inactive|ssbutan has 20 seconds left.\n|j| Easy180\n|inactive|ssbutan has 15 seconds left.\n|inactive|ssbutan has 10 seconds left.\n|inactive|ssbutan has 5 seconds left.\n|\n|t:|1739922189\n|start\n|switch|p1a: Miraidon|Miraidon, L50|100\/100\n|switch|p1b: Sneasler|Sneasler, L50, F|100\/100\n|switch|p2a: Calyrex|Calyrex-Ice, L50|100\/100\n|switch|p2b: Rillaboom|Rillaboom, L50, M|100\/100\n|-ability|p2a: Calyrex|As One\n|-ability|p2a: Calyrex|Unnerve\n|-fieldstart|move: Electric Terrain|[from] ability: Hadron Engine|[of] p1a: Miraidon\n|-enditem|p1b: Sneasler|Electric Seed\n|-boost|p1b: Sneasler|def|1|[from] item: Electric Seed\n|-fieldstart|move: Grassy Terrain|[from] ability: Grassy Surge|[of] p2b: Rillaboom\n|turn|1\n|inactive|dnut1 has 30 seconds left.\n|\n|t:|1739922219\n|move|p2b: Rillaboom|Fake Out|p1a: Miraidon\n|-damage|p1a: Miraidon|89\/100\n|move|p1b: Sneasler|Dire Claw|p2b: Rillaboom\n|-supereffective|p2b: Rillaboom\n|-damage|p2b: Rillaboom|34\/100\n|cant|p1a: Miraidon|flinch\n|move|p2a: Calyrex|Leech Seed|p1b: Sneasler\n|-start|p1b: Sneasler|move: Leech Seed\n|\n|-heal|p1a: Miraidon|96\/100|[from] Grassy Terrain\n|-heal|p2b: Rillaboom|39\/100|[from] Grassy Terrain\n|-damage|p1b: Sneasler|88\/100|[from] Leech Seed|[of] p2a: Calyrex\n|upkeep\n|turn|2\n|inactive|dnut1 has 30 seconds left.\n|\n|t:|1739922246\n|switch|p1b: Farigiraf|Farigiraf, L50, F|100\/100\n|switch|p2b: Cresselia|Cresselia, L50, F|100\/100\n|move|p1a: Miraidon|Volt Switch|p2a: Calyrex\n|-damage|p2a: Calyrex|56\/100\n|\n|t:|1739922255\n|switch|p1a: Iron Hands|Iron Hands, L50|100\/100|[from] Volt Switch\n|move|p2a: Calyrex|Glacial Lance|p1b: Farigiraf|[spread] p1a,p1b\n|-damage|p1a: Iron Hands|69\/100\n|-damage|p1b: Farigiraf|65\/100\n|\n|-heal|p1b: Farigiraf|71\/100|[from] Grassy Terrain\n|-heal|p2a: Calyrex|61\/100|[from] Grassy Terrain\n|-heal|p2a: Calyrex|67\/100|[from] item: Leftovers\n|-heal|p1a: Iron Hands|75\/100|[from] Grassy Terrain\n|upkeep\n|turn|3\n|inactive|ssbutan has 30 seconds left.\n|inactive|dnut1 has 30 seconds left.\n|inactive|ssbutan has 20 seconds left.\n|inactive|ssbutan has 15 seconds left.\n|j| FairyOfDoom\n|inactive|dnut1 has 20 seconds left.\n|inactive|dnut1 has 15 seconds left.\n|\n|t:|1739922305\n|move|p2b: Cresselia|Lunar Blessing|p2b: Cresselia|[spread] p2a,p2b\n|-heal|p2a: Calyrex|92\/100\n|move|p1b: Farigiraf|Psychic Noise|p2b: Cresselia\n|-resisted|p2b: Cresselia\n|-damage|p2b: Cresselia|91\/100\n|-start|p2b: Cresselia|move: Heal Block\n|move|p2a: Calyrex|Leech Seed|p1a: Iron Hands\n|-start|p1a: Iron Hands|move: Leech Seed\n|move|p1a: Iron Hands|Drain Punch|p2a: Calyrex\n|-damage|p2a: Calyrex|73\/100\n|-heal|p1a: Iron Hands|83\/100|[from] drain|[of] p2a: Calyrex\n|\n|-heal|p1b: Farigiraf|77\/100|[from] Grassy Terrain\n|-heal|p2a: Calyrex|79\/100|[from] Grassy Terrain\n|-heal|p2a: Calyrex|85\/100|[from] item: Leftovers\n|-heal|p1a: Iron Hands|89\/100|[from] Grassy Terrain\n|-damage|p1a: Iron Hands|77\/100|[from] Leech Seed|[of] p2a: Calyrex\n|-heal|p2a: Calyrex|99\/100|[silent]\n|upkeep\n|turn|4\n|\n|t:|1739922328\n|-end|p1a: Iron Hands|Quark Drive|[silent]\n|switch|p1a: Sneasler|Sneasler, L50, F|88\/100\n|-terastallize|p1b: Farigiraf|Water\n|move|p2b: Cresselia|Psychic|p1a: Sneasler\n|-supereffective|p1a: Sneasler\n|-damage|p1a: Sneasler|0 fnt\n|faint|p1a: Sneasler\n|move|p1b: Farigiraf|Psychic Noise|p2a: Calyrex\n|-resisted|p2a: Calyrex\n|-damage|p2a: Calyrex|88\/100\n|-start|p2a: Calyrex|move: Heal Block\n|move|p2a: Calyrex|Glacial Lance|p1b: Farigiraf\n|-resisted|p1b: Farigiraf\n|-damage|p1b: Farigiraf|49\/100\n|\n|-heal|p1b: Farigiraf|55\/100|[from] Grassy Terrain\n|-end|p2b: Cresselia|move: Heal Block\n|upkeep\n|\n|t:|1739922343\n|switch|p1a: Miraidon|Miraidon, L50|96\/100\n|-fieldstart|move: Electric Terrain|[from] ability: Hadron Engine|[of] p1a: Miraidon\n|turn|5\n|\n|t:|1739922361\n|switch|p2b: Rillaboom|Rillaboom, L50, M|39\/100\n|-fieldstart|move: Grassy Terrain|[from] ability: Grassy Surge|[of] p2b: Rillaboom\n|-terastallize|p2a: Calyrex|Fairy\n|move|p1b: Farigiraf|Helping Hand|p1a: Miraidon\n|-singleturn|p1a: Miraidon|Helping Hand|[of] p1b: Farigiraf\n|move|p1a: Miraidon|Volt Switch|p2b: Rillaboom\n|-resisted|p2b: Rillaboom\n|-damage|p2b: Rillaboom|10\/100\n|\n|t:|1739922372\n|switch|p1a: Iron Hands|Iron Hands, L50|77\/100|[from] Volt Switch\n|move|p2a: Calyrex|Leech Seed|p1a: Iron Hands\n|-start|p1a: Iron Hands|move: Leech Seed\n|\n|-heal|p2b: Rillaboom|16\/100|[from] Grassy Terrain\n|-heal|p1b: Farigiraf|61\/100|[from] Grassy Terrain\n|-heal|p1a: Iron Hands|83\/100|[from] Grassy Terrain\n|-damage|p1a: Iron Hands|71\/100|[from] Leech Seed|[of] p2a: Calyrex\n|-end|p2a: Calyrex|move: Heal Block\n|upkeep\n|turn|6\n|\n|t:|1739922392\n|switch|p2b: Cresselia|Cresselia, L50, F|91\/100\n|switch|p1b: Miraidon|Miraidon, L50|96\/100\n|-fieldstart|move: Electric Terrain|[from] ability: Hadron Engine|[of] p1b: Miraidon\n|-activate|p1a: Iron Hands|ability: Quark Drive\n|-start|p1a: Iron Hands|quarkdriveatk\n|move|p2a: Calyrex|Glacial Lance|p1b: Miraidon|[spread] p1a,p1b\n|-supereffective|p1b: Miraidon\n|-damage|p1a: Iron Hands|36\/100\n|-damage|p1b: Miraidon|5\/100\n|move|p1a: Iron Hands|Drain Punch|p2b: Cresselia\n|-resisted|p2b: Cresselia\n|-damage|p2b: Cresselia|76\/100\n|-heal|p1a: Iron Hands|43\/100|[from] drain|[of] p2b: Cresselia\n|\n|-heal|p2a: Calyrex|94\/100|[from] item: Leftovers\n|-damage|p1a: Iron Hands|31\/100|[from] Leech Seed|[of] p2a: Calyrex\n|-heal|p2a: Calyrex|100\/100|[silent]\n|upkeep\n|turn|7\n|-message|dnut1 forfeited.\n|\n|win|ssbutan\n|raw|dnut1's rating: 1564 &rarr; <strong>1547<\/strong><br \/>(-17 for losing)\n|raw|ssbutan's rating: 1621 &rarr; <strong>1638<\/strong><br \/>(+17 for winning)\n|l|\u2606dnut1\n|player|p1|\n","uploadtime":1739922408,"views":6,"formatid":"gen9vgc2025regg","rating":1547,"private":0,"password":null}