{"id":"gen9vgc2025regg-2303784565","format":"[Gen 9] VGC 2025 Reg G","players":["Yung Trav","zhz2021"],"log":"|j|\u2606Yung Trav\n|j|\u2606zhz2021\n|t:|1739975165\n|gametype|doubles\n|player|p1|Yung Trav|170|1601\n|player|p2|zhz2021|marley|1604\n|teamsize|p1|6\n|teamsize|p2|6\n|gen|9\n|tier|[Gen 9] VGC 2025 Reg G\n|rated|\n|rule|Species Clause: Limit one of each Pok\u00e9mon\n|rule|Item Clause: Limit 1 of each item\n|clearpoke\n|poke|p1|Calyrex-Ice, L50|\n|poke|p1|Regidrago, L50|\n|poke|p1|Smeargle, L50, M|\n|poke|p1|Farigiraf, L50, M|\n|poke|p1|Urshifu-*, L50, M|\n|poke|p1|Ogerpon-Cornerstone, L50, F|\n|poke|p2|Urshifu-*, L50, M|\n|poke|p2|Bruxish, L50, M|\n|poke|p2|Smeargle, L50, M|\n|poke|p2|Calyrex-Ice, L50|\n|poke|p2|Tornadus, L50, M|\n|poke|p2|Weezing-Galar, L50, M|\n|teampreview|4\n|inactive|Battle timer is ON: inactive players will automatically lose when time's up. (requested by Yung Trav)\n|\n|t:|1739975187\n|start\n|switch|p1a: Calyrex|Calyrex-Ice, L50|100\/100\n|switch|p1b: Smeargle|Smeargle, L50, M, shiny|100\/100\n|switch|p2a: Tornadus|Tornadus, L50, M|100\/100\n|switch|p2b: Calyrex|Calyrex-Ice, L50|100\/100\n|-ability|p2b: Calyrex|As One\n|-ability|p2b: Calyrex|Unnerve\n|-ability|p1a: Calyrex|As One\n|-ability|p1a: Calyrex|Unnerve\n|turn|1\n|\n|t:|1739975212\n|move|p1b: Smeargle|Fake Out|p2b: Calyrex\n|-damage|p2b: Calyrex|97\/100\n|move|p2a: Tornadus|Taunt|p1b: Smeargle\n|-start|p1b: Smeargle|move: Taunt\n|cant|p2b: Calyrex|flinch\n|move|p1a: Calyrex|Glacial Lance|p2a: Tornadus|[spread] p2a,p2b\n|-supereffective|p2a: Tornadus\n|-resisted|p2b: Calyrex\n|-damage|p2a: Tornadus|0 fnt\n|-damage|p2b: Calyrex|76\/100\n|faint|p2a: Tornadus\n|-ability|p1a: Calyrex|Chilling Neigh|boost\n|-boost|p1a: Calyrex|atk|1\n|\n|upkeep\n|\n|t:|1739975226\n|switch|p2a: Urshifu|Urshifu, L50, M|100\/100\n|turn|2\n|\n|t:|1739975239\n|switch|p1b: Urshifu|Urshifu, L50, M|100\/100\n|-terastallize|p1a: Calyrex|Water\n|move|p2a: Urshifu|Wicked Blow|p1a: Calyrex\n|-crit|p1a: Calyrex\n|-damage|p1a: Calyrex|44\/100\n|move|p2b: Calyrex|Imprison|p2b: Calyrex\n|-start|p2b: Calyrex|move: Imprison\n|cant|p1a: Calyrex|move: Imprison|Glacial Lance\n|\n|upkeep\n|turn|3\n|inactive|Yung Trav has 30 seconds left.\n|\n|t:|1739975272\n|switch|p1a: Smeargle|Smeargle, L50, M, shiny|100\/100\n|-terastallize|p2b: Calyrex|Fire\n|move|p1b: Urshifu|Close Combat|p2a: Urshifu\n|-supereffective|p2a: Urshifu\n|-damage|p2a: Urshifu|0 fnt\n|-unboost|p1b: Urshifu|def|1\n|-unboost|p1b: Urshifu|spd|1\n|faint|p2a: Urshifu\n|move|p2b: Calyrex|Glacial Lance|p1a: Smeargle|[spread] p1a,p1b\n|-damage|p1a: Smeargle|17\/100\n|-damage|p1b: Urshifu|3\/100\n|\n|upkeep\n|\n|t:|1739975284\n|switch|p2a: Weezing|Weezing-Galar, L50, M|100\/100\n|-fieldstart|move: Misty Terrain|[from] ability: Misty Surge|[of] p2a: Weezing\n|turn|4\n|j| Kiir21\n|inactive|Yung Trav has 30 seconds left.\n|inactive|Yung Trav has 20 seconds left.\n|\n|t:|1739975322\n|move|p1a: Smeargle|Fake Out|p2b: Calyrex\n|-damage|p2b: Calyrex|72\/100\n|move|p1b: Urshifu|Close Combat|p2a: Weezing\n|-resisted|p2a: Weezing\n|-damage|p2a: Weezing|85\/100\n|-unboost|p1b: Urshifu|def|1\n|-unboost|p1b: Urshifu|spd|1\n|cant|p2b: Calyrex|flinch\n|move|p2a: Weezing|Clear Smog|p1b: Urshifu\n|-damage|p1b: Urshifu|0 fnt\n|-clearboost|p1b: Urshifu\n|faint|p1b: Urshifu\n|-damage|p2a: Weezing|75\/100|[from] item: Life Orb\n|\n|upkeep\n|\n|t:|1739975339\n|switch|p1b: Ogerpon|Ogerpon-Cornerstone, L50, F|100\/100\n|turn|5\n|\n|t:|1739975360\n|move|p2b: Calyrex|Protect|p2b: Calyrex\n|-singleturn|p2b: Calyrex|Protect\n|move|p1b: Ogerpon|Ivy Cudgel|p2b: Calyrex|[anim] Ivy Cudgel Rock\n|-activate|p2b: Calyrex|move: Protect\n|move|p1a: Smeargle|Decorate|p1b: Ogerpon\n|-boost|p1b: Ogerpon|atk|2\n|-boost|p1b: Ogerpon|spa|2\n|move|p2a: Weezing|Fire Blast|p1b: Ogerpon\n|-damage|p1b: Ogerpon|55\/100\n|-damage|p2a: Weezing|66\/100|[from] item: Life Orb\n|\n|upkeep\n|turn|6\n|\n|t:|1739975381\n|move|p2b: Calyrex|Protect|p2b: Calyrex\n|-singleturn|p2b: Calyrex|Protect\n|move|p1a: Smeargle|Follow Me|p1a: Smeargle\n|-singleturn|p1a: Smeargle|move: Follow Me\n|move|p1b: Ogerpon|Ivy Cudgel|p2b: Calyrex|[anim] Ivy Cudgel Rock\n|-activate|p2b: Calyrex|move: Protect\n|move|p2a: Weezing|Strange Steam|p1a: Smeargle\n|-damage|p1a: Smeargle|0 fnt\n|faint|p1a: Smeargle\n|-damage|p2a: Weezing|56\/100|[from] item: Life Orb\n|\n|upkeep\n|\n|t:|1739975393\n|switch|p1a: Calyrex|Calyrex-Ice, L50, tera:Water|44\/100\n|-ability|p1a: Calyrex|As One\n|-ability|p1a: Calyrex|Unnerve\n|turn|7\n|\n|t:|1739975407\n|move|p1b: Ogerpon|Ivy Cudgel|p2b: Calyrex|[anim] Ivy Cudgel Rock\n|-supereffective|p2b: Calyrex\n|-damage|p2b: Calyrex|0 fnt\n|faint|p2b: Calyrex\n|move|p2a: Weezing|Strange Steam|p1a: Calyrex\n|-crit|p1a: Calyrex\n|-damage|p1a: Calyrex|0 fnt\n|faint|p1a: Calyrex\n|-damage|p2a: Weezing|47\/100|[from] item: Life Orb\n|\n|upkeep\n|turn|8\n|l| Kiir21\n|\n|t:|1739975418\n|move|p1b: Ogerpon|Ivy Cudgel|p2a: Weezing|[anim] Ivy Cudgel Rock\n|-crit|p2a: Weezing\n|-damage|p2a: Weezing|0 fnt\n|faint|p2a: Weezing\n|\n|win|Yung Trav\n|raw|Yung Trav's rating: 1601 &rarr; <strong>1620<\/strong><br \/>(+19 for winning)\n|raw|zhz2021's rating: 1584 &rarr; <strong>1565<\/strong><br \/>(-19 for losing)\n|l|\u2606Yung Trav\n|player|p1|\n|l|\u2606zhz2021\n|player|p2|\n","uploadtime":1739975584,"views":14,"formatid":"gen9vgc2025regg","rating":1565,"private":0,"password":null}