{"id":"gen9vgc2025regg-2303106901","format":"[Gen 9] VGC 2025 Reg G","players":["Iamsliverfish","vanthoci"],"log":"|j|\u2606Iamsliverfish\n|j|\u2606vanthoci\n|t:|1739887711\n|gametype|doubles\n|player|p1|Iamsliverfish|rood|1621\n|player|p2|vanthoci|265|1548\n|teamsize|p1|6\n|teamsize|p2|6\n|gen|9\n|tier|[Gen 9] VGC 2025 Reg G\n|rated|\n|rule|Species Clause: Limit one of each Pok\u00e9mon\n|rule|Item Clause: Limit 1 of each item\n|clearpoke\n|poke|p1|Calyrex-Shadow, L50|\n|poke|p1|Ursaluna, L50, M|\n|poke|p1|Indeedee-F, L50, F|\n|poke|p1|Ogerpon-Wellspring, L50, F|\n|poke|p1|Tornadus, L50, M|\n|poke|p1|Chi-Yu, L50|\n|poke|p2|Terapagos, L50, M|\n|poke|p2|Ogerpon-Hearthflame, L50, F|\n|poke|p2|Dondozo, L50, F|\n|poke|p2|Tornadus, L50, M|\n|poke|p2|Smeargle, L50, F|\n|poke|p2|Tatsugiri-Droopy, L50, F|\n|teampreview|4\n|\n|t:|1739887727\n|start\n|switch|p1a: Tornadus|Tornadus, L50, M|100\/100\n|switch|p1b: Chi-Yu|Chi-Yu, L50|100\/100\n|switch|p2a: Terapagos|Terapagos, L50, M|100\/100\n|switch|p2b: Smeargle|Smeargle, L50, F|100\/100\n|-activate|p2a: Terapagos|ability: Tera Shift\n|detailschange|p2a: Terapagos|Terapagos-Terastal, L50, M\n|-heal|p2a: Terapagos|100\/100|[silent]\n|-ability|p1b: Chi-Yu|Beads of Ruin\n|turn|1\n|\n|t:|1739887742\n|move|p1b: Chi-Yu|Snarl|p2b: Smeargle|[spread] p2a,p2b\n|-activate|p2a: Terapagos|ability: Tera Shell\n|-resisted|p2a: Terapagos\n|-damage|p2a: Terapagos|86\/100\n|-damage|p2b: Smeargle|29\/100\n|-unboost|p2a: Terapagos|spa|1\n|-unboost|p2b: Smeargle|spa|1\n|move|p1a: Tornadus|Bleakwind Storm|p2b: Smeargle|[spread] p2a,p2b\n|-damage|p2a: Terapagos|40\/100\n|-damage|p2b: Smeargle|0 fnt\n|faint|p2b: Smeargle\n|move|p2a: Terapagos|Tera Starstorm|p1a: Tornadus\n|-damage|p1a: Tornadus|3\/100\n|\n|upkeep\n|j| Easy180\n|\n|t:|1739887755\n|switch|p2b: Dondozo|Dondozo, L50, F|100\/100\n|turn|2\n|\n|t:|1739887771\n|switch|p2a: Tatsugiri|Tatsugiri-Droopy, L50, F|100\/100\n|-activate|p2a: Tatsugiri|ability: Commander|[of] p2b: Dondozo\n|-boost|p2b: Dondozo|atk|2\n|-boost|p2b: Dondozo|spa|2\n|-boost|p2b: Dondozo|spe|2\n|-boost|p2b: Dondozo|def|2\n|-boost|p2b: Dondozo|spd|2\n|move|p1b: Chi-Yu|Snarl|p2a: Tatsugiri|[spread] p2b\n|-miss|p1b: Chi-Yu|p2a: Tatsugiri\n|-damage|p2b: Dondozo|85\/100\n|-unboost|p2b: Dondozo|spa|1\n|move|p1a: Tornadus|Bleakwind Storm|p2b: Dondozo|[spread] p2b\n|-miss|p1a: Tornadus|p2a: Tatsugiri\n|-damage|p2b: Dondozo|61\/100\n|move|p2b: Dondozo|Order Up|p1a: Tornadus\n|-damage|p1a: Tornadus|0 fnt\n|faint|p1a: Tornadus\n|-boost|p2b: Dondozo|def|1\n|\n|-heal|p2b: Dondozo|67\/100|[from] item: Leftovers\n|upkeep\n|\n|t:|1739887779\n|switch|p1a: Ogerpon|Ogerpon-Wellspring, L50, F|100\/100\n|turn|3\n|\n|t:|1739887789\n|switch|p1b: Calyrex|Calyrex-Shadow, L50|100\/100\n|-ability|p1b: Calyrex|As One\n|-ability|p1b: Calyrex|Unnerve\n|move|p2b: Dondozo|Protect|p2b: Dondozo\n|-singleturn|p2b: Dondozo|Protect\n|move|p1a: Ogerpon|Horn Leech|p2b: Dondozo\n|-activate|p2b: Dondozo|move: Protect\n|\n|-heal|p2b: Dondozo|73\/100|[from] item: Leftovers\n|upkeep\n|turn|4\n|\n|t:|1739887816\n|-terastallize|p2b: Dondozo|Fairy\n|move|p1b: Calyrex|Protect|p1b: Calyrex\n|-singleturn|p1b: Calyrex|Protect\n|move|p1a: Ogerpon|Horn Leech|p2b: Dondozo\n|-damage|p2b: Dondozo|64\/100\n|move|p2b: Dondozo|Order Up|p1a: Ogerpon\n|-damage|p1a: Ogerpon|58\/100\n|-boost|p2b: Dondozo|def|1\n|\n|-heal|p2b: Dondozo|70\/100|[from] item: Leftovers\n|upkeep\n|turn|5\n|j| Jfabricio23\n|\n|t:|1739887831\n|move|p1b: Calyrex|Astral Barrage|p2b: Dondozo|[spread] p2b\n|-miss|p1b: Calyrex|p2a: Tatsugiri\n|-damage|p2b: Dondozo|36\/100\n|-damage|p1b: Calyrex|91\/100|[from] item: Life Orb\n|move|p1a: Ogerpon|Ivy Cudgel|p2b: Dondozo|[anim] Ivy Cudgel Water\n|-damage|p2b: Dondozo|26\/100\n|move|p2b: Dondozo|Body Press|p1a: Ogerpon\n|-damage|p1a: Ogerpon|0 fnt\n|faint|p1a: Ogerpon\n|\n|-heal|p2b: Dondozo|32\/100|[from] item: Leftovers\n|upkeep\n|\n|t:|1739887833\n|switch|p1a: Chi-Yu|Chi-Yu, L50|100\/100\n|-ability|p1a: Chi-Yu|Beads of Ruin\n|turn|6\n|\n|t:|1739887859\n|move|p1a: Chi-Yu|Heat Wave|p2a: Tatsugiri|[spread] p2b\n|-miss|p1a: Chi-Yu|p2a: Tatsugiri\n|-damage|p2b: Dondozo|6\/100\n|move|p1b: Calyrex|Astral Barrage|p2a: Tatsugiri|[spread] p2b\n|-miss|p1b: Calyrex|p2a: Tatsugiri\n|-damage|p2b: Dondozo|0 fnt\n|faint|p2b: Dondozo\n|-ability|p1b: Calyrex|Grim Neigh|boost\n|-boost|p1b: Calyrex|spa|1\n|-damage|p1b: Calyrex|81\/100|[from] item: Life Orb\n|\n|upkeep\n|\n|t:|1739887869\n|switch|p2b: Terapagos|Terapagos-Terastal, L50, M|40\/100\n|turn|7\n|\n|t:|1739887886\n|move|p1a: Chi-Yu|Heat Wave|p2a: Tatsugiri|[spread] p2a,p2b\n|-resisted|p2a: Tatsugiri\n|-damage|p2a: Tatsugiri|86\/100\n|-damage|p2b: Terapagos|0 fnt\n|faint|p2b: Terapagos\n|move|p1b: Calyrex|Expanding Force|p2a: Tatsugiri\n|-crit|p2a: Tatsugiri\n|-damage|p2a: Tatsugiri|0 fnt\n|faint|p2a: Tatsugiri\n|-damage|p1b: Calyrex|71\/100|[from] item: Life Orb\n|\n|win|Iamsliverfish\n|raw|Iamsliverfish's rating: 1575 &rarr; <strong>1593<\/strong><br \/>(+18 for winning)\n|raw|vanthoci's rating: 1548 &rarr; <strong>1530<\/strong><br \/>(-18 for losing)\n|l|\u2606vanthoci\n|player|p2|\n|l| Jfabricio23\n|l|\u2606Iamsliverfish\n|player|p1|\n","uploadtime":1739888103,"views":5,"formatid":"gen9vgc2025regg","rating":1530,"private":0,"password":null}