{"id":"gen9vgc2025regg-2303808724","format":"[Gen 9] VGC 2025 Reg G","players":["pokemonmastern2009","ekalsow"],"log":"|j|\u2606pokemonmastern2009\n|j|\u2606ekalsow\n|t:|1739977825\n|gametype|doubles\n|player|p1|pokemonmastern2009|170|1568\n|player|p2|ekalsow|gambler|1634\n|teamsize|p1|6\n|teamsize|p2|6\n|gen|9\n|tier|[Gen 9] VGC 2025 Reg G\n|rated|\n|rule|Species Clause: Limit one of each Pok\u00e9mon\n|rule|Item Clause: Limit 1 of each item\n|clearpoke\n|poke|p1|Farigiraf, L50, M|\n|poke|p1|Calyrex-Ice, L50|\n|poke|p1|Torkoal, L50, M|\n|poke|p1|Regidrago, L50|\n|poke|p1|Smeargle, L50, M|\n|poke|p1|Amoonguss, L50, M|\n|poke|p2|Zacian-*, L50|\n|poke|p2|Regidrago, L50|\n|poke|p2|Tornadus, L50, M|\n|poke|p2|Urshifu-*, L50, F|\n|poke|p2|Incineroar, L50, F|\n|poke|p2|Gholdengo, L50|\n|teampreview|4\n|j| Reverie Jr.\n|\n|t:|1739977849\n|start\n|switch|p1a: Smeargle|Smeargle, L50, M, shiny|100\/100\n|switch|p1b: Calyrex|Calyrex-Ice, L50|100\/100\n|switch|p2a: Gholdengo|Gholdengo, L50|100\/100\n|switch|p2b: Regidrago|Regidrago, L50|100\/100\n|-ability|p1b: Calyrex|As One\n|-ability|p1b: Calyrex|Unnerve\n|turn|1\n|\n|t:|1739977874\n|-terastallize|p2b: Regidrago|Ghost\n|-terastallize|p1b: Calyrex|Fire\n|move|p1a: Smeargle|Wide Guard|p1a: Smeargle\n|-singleturn|p1a: Smeargle|Wide Guard\n|move|p2a: Gholdengo|Make It Rain|p1a: Smeargle|[spread] \n|-activate|p1a: Smeargle|move: Wide Guard\n|-activate|p1b: Calyrex|move: Wide Guard\n|move|p2b: Regidrago|Dragon Energy|p1a: Smeargle|[spread] \n|-activate|p1a: Smeargle|move: Wide Guard\n|-activate|p1b: Calyrex|move: Wide Guard\n|move|p1b: Calyrex|Trick Room|p1b: Calyrex\n|-fieldstart|move: Trick Room|[of] p1b: Calyrex\n|\n|upkeep\n|turn|2\n|l| Reverie Jr.\n|j| IceIceCrazy\n|\n|t:|1739977902\n|move|p2b: Regidrago|Protect|p2b: Regidrago\n|-singleturn|p2b: Regidrago|Protect\n|move|p2a: Gholdengo|Protect|p2a: Gholdengo\n|-singleturn|p2a: Gholdengo|Protect\n|move|p1a: Smeargle|Decorate|p1b: Calyrex\n|-boost|p1b: Calyrex|atk|2\n|-boost|p1b: Calyrex|spa|2\n|move|p1b: Calyrex|Glacial Lance|p2b: Regidrago|[spread] \n|-activate|p2a: Gholdengo|move: Protect\n|-activate|p2b: Regidrago|move: Protect\n|\n|upkeep\n|turn|3\n|c|\u2606pokemonmastern2009|Yo\n|\n|t:|1739977919\n|move|p1a: Smeargle|Spore|p2b: Regidrago\n|-status|p2b: Regidrago|slp|[from] move: Spore\n|move|p1b: Calyrex|High Horsepower|p2a: Gholdengo|[miss]\n|-miss|p1b: Calyrex|p2a: Gholdengo\n|cant|p2b: Regidrago|slp\n|move|p2a: Gholdengo|Shadow Ball|p1b: Calyrex\n|-damage|p1b: Calyrex|69\/100\n|\n|upkeep\n|turn|4\n|c|\u2606pokemonmastern2009|Iceice crazy who r u\n|\n|t:|1739977946\n|move|p1a: Smeargle|Decorate|p1b: Calyrex\n|-boost|p1b: Calyrex|atk|2\n|-boost|p1b: Calyrex|spa|2\n|move|p1b: Calyrex|Glacial Lance|p2a: Gholdengo|[spread] p2a,p2b\n|-resisted|p2a: Gholdengo\n|-damage|p2a: Gholdengo|0 fnt\n|-damage|p2b: Regidrago|0 fnt\n|faint|p2a: Gholdengo\n|faint|p2b: Regidrago\n|-ability|p1b: Calyrex|Chilling Neigh|boost\n|-boost|p1b: Calyrex|atk|2\n|\n|upkeep\n|\n|t:|1739977948\n|switch|p2b: Urshifu|Urshifu-Rapid-Strike, L50, F|100\/100\n|switch|p2a: Zacian|Zacian-Crowned, L50|100\/100\n|-ability|p2a: Zacian|Intrepid Sword|boost\n|-boost|p2a: Zacian|atk|1\n|turn|5\n|\n|t:|1739977977\n|move|p1a: Smeargle|Spore|p2b: Urshifu\n|-status|p2b: Urshifu|slp|[from] move: Spore\n|move|p1b: Calyrex|Glacial Lance|p2a: Zacian|[spread] p2a,p2b\n|-resisted|p2a: Zacian\n|-resisted|p2b: Urshifu\n|-damage|p2a: Zacian|0 fnt\n|-damage|p2b: Urshifu|0 fnt\n|faint|p2a: Zacian\n|faint|p2b: Urshifu\n|\n|win|pokemonmastern2009\n|raw|pokemonmastern2009's rating: 1568 &rarr; <strong>1592<\/strong><br \/>(+24 for winning)\n|raw|ekalsow's rating: 1634 &rarr; <strong>1610<\/strong><br \/>(-24 for losing)\n|l|\u2606ekalsow\n|player|p2|\n|l|\u2606pokemonmastern2009\n|player|p1|\n","uploadtime":1739978166,"views":5,"formatid":"gen9vgc2025regg","rating":1592,"private":0,"password":null}