{"id":"gen9vgc2025regg-2303487071","format":"[Gen 9] VGC 2025 Reg G","players":["kuanyou","smolkk"],"log":"|j|\u2606kuanyou\n|j|\u2606smolkk\n|t:|1739927937\n|gametype|doubles\n|player|p1|kuanyou|265|1543\n|player|p2|smolkk|n|1569\n|teamsize|p1|6\n|teamsize|p2|6\n|gen|9\n|tier|[Gen 9] VGC 2025 Reg G\n|rated|\n|rule|Species Clause: Limit one of each Pok\u00e9mon\n|rule|Item Clause: Limit 1 of each item\n|clearpoke\n|poke|p1|Calyrex-Shadow, L50|\n|poke|p1|Weezing-Galar, L50, M|\n|poke|p1|Dondozo, L50, M|\n|poke|p1|Tatsugiri-Droopy, L50, F|\n|poke|p1|Urshifu-*, L50, F|\n|poke|p1|Indeedee-F, L50, F|\n|poke|p2|Calyrex-Shadow, L50|\n|poke|p2|Landorus, L50, M|\n|poke|p2|Urshifu-*, L50, M|\n|poke|p2|Rillaboom, L50, M|\n|poke|p2|Incineroar, L50, M|\n|poke|p2|Farigiraf, L50, F|\n|teampreview|4\n|inactive|Battle timer is ON: inactive players will automatically lose when time's up. (requested by smolkk)\n|j| orcat\n|inactive|smolkk has 60 seconds left.\n|\n|t:|1739927974\n|start\n|switch|p1a: Weezing|Weezing-Galar, L50, M|100\/100\n|switch|p1b: Urshifu|Urshifu-Rapid-Strike, L50, F|100\/100\n|switch|p2a: Calyrex|Calyrex-Shadow, L50|100\/100\n|switch|p2b: Rillaboom|Rillaboom, L50, M|100\/100\n|-ability|p1a: Weezing|Neutralizing Gas\n|-ability|p2a: Calyrex|As One\n|-ability|p2a: Calyrex|Unnerve\n|turn|1\n|inactive|kuanyou has 30 seconds left.\n|\n|t:|1739928002\n|move|p2b: Rillaboom|Fake Out|p1b: Urshifu\n|-damage|p1b: Urshifu|87\/100\n|cant|p1b: Urshifu|flinch\n|move|p2a: Calyrex|Psychic|p1a: Weezing\n|-supereffective|p1a: Weezing\n|-damage|p1a: Weezing|0 fnt\n|faint|p1a: Weezing\n|-end|p1a: Weezing|ability: Neutralizing Gas\n|-fieldstart|move: Grassy Terrain|[from] ability: Grassy Surge|[of] p2b: Rillaboom\n|-ability|p2a: Calyrex|Grim Neigh|boost\n|-boost|p2a: Calyrex|spa|1\n|\n|-heal|p1b: Urshifu|93\/100|[from] Grassy Terrain\n|upkeep\n|\n|t:|1739928016\n|switch|p1a: Dondozo|Dondozo, L50, M|100\/100\n|turn|2\n|\n|t:|1739928028\n|switch|p1b: Tatsugiri|Tatsugiri-Droopy, L50, F, shiny|100\/100\n|-activate|p1b: Tatsugiri|ability: Commander|[of] p1a: Dondozo\n|-boost|p1a: Dondozo|atk|2\n|-boost|p1a: Dondozo|spa|2\n|-boost|p1a: Dondozo|spe|2\n|-boost|p1a: Dondozo|def|2\n|-boost|p1a: Dondozo|spd|2\n|-terastallize|p2a: Calyrex|Water\n|-terastallize|p1a: Dondozo|Grass\n|move|p2a: Calyrex|Astral Barrage|p1b: Tatsugiri|[spread] p1a\n|-miss|p2a: Calyrex|p1b: Tatsugiri\n|-damage|p1a: Dondozo|79\/100\n|move|p1a: Dondozo|Order Up|p2b: Rillaboom\n|-damage|p2b: Rillaboom|63\/100\n|-boost|p1a: Dondozo|def|1\n|move|p2b: Rillaboom|Wood Hammer|p1a: Dondozo\n|-resisted|p1a: Dondozo\n|-damage|p1a: Dondozo|71\/100\n|-damage|p2b: Rillaboom|60\/100|[from] Recoil\n|\n|-heal|p1a: Dondozo|77\/100|[from] Grassy Terrain\n|-heal|p1a: Dondozo|83\/100|[from] item: Leftovers\n|-heal|p2b: Rillaboom|66\/100|[from] Grassy Terrain\n|upkeep\n|turn|3\n|j| EllAkuro\n|inactive|kuanyou has 30 seconds left.\n|inactive|smolkk has 30 seconds left.\n|\n|t:|1739928055\n|move|p1a: Dondozo|Protect|p1a: Dondozo\n|-singleturn|p1a: Dondozo|Protect\n|move|p2a: Calyrex|Psychic|p1a: Dondozo\n|-activate|p1a: Dondozo|move: Protect\n|move|p2b: Rillaboom|U-turn|p1a: Dondozo\n|-activate|p1a: Dondozo|move: Protect\n|\n|-heal|p1a: Dondozo|90\/100|[from] Grassy Terrain\n|-heal|p1a: Dondozo|96\/100|[from] item: Leftovers\n|-heal|p2b: Rillaboom|71\/100|[from] Grassy Terrain\n|upkeep\n|turn|4\n|\n|t:|1739928070\n|move|p2a: Calyrex|Psychic|p1a: Dondozo\n|-damage|p1a: Dondozo|76\/100\n|move|p1a: Dondozo|Order Up|p2a: Calyrex\n|-damage|p2a: Calyrex|57\/100\n|-boost|p1a: Dondozo|def|1\n|move|p2b: Rillaboom|U-turn|p1a: Dondozo\n|-supereffective|p1a: Dondozo\n|-damage|p1a: Dondozo|67\/100\n|\n|t:|1739928078\n|switch|p2b: Incineroar|Incineroar, L50, M|100\/100|[from] U-turn\n|-ability|p2b: Incineroar|Intimidate|boost\n|-unboost|p1a: Dondozo|atk|1\n|-unboost|p1b: Tatsugiri|atk|1\n|\n|-heal|p2a: Calyrex|64\/100|[from] Grassy Terrain\n|-heal|p1a: Dondozo|73\/100|[from] Grassy Terrain\n|-heal|p1a: Dondozo|79\/100|[from] item: Leftovers\n|upkeep\n|turn|5\n|\n|t:|1739928085\n|move|p1a: Dondozo|Protect|p1a: Dondozo\n|-singleturn|p1a: Dondozo|Protect\n|move|p2b: Incineroar|Fake Out|p1a: Dondozo\n|-activate|p1a: Dondozo|move: Protect\n|move|p2a: Calyrex|Nasty Plot|p2a: Calyrex\n|-boost|p2a: Calyrex|spa|2\n|\n|-heal|p2a: Calyrex|70\/100|[from] Grassy Terrain\n|-heal|p1a: Dondozo|85\/100|[from] Grassy Terrain\n|-heal|p1a: Dondozo|92\/100|[from] item: Leftovers\n|-fieldend|move: Grassy Terrain\n|upkeep\n|turn|6\n|\n|t:|1739928093\n|move|p2a: Calyrex|Protect|p2a: Calyrex\n|-singleturn|p2a: Calyrex|Protect\n|move|p1a: Dondozo|Body Press|p2a: Calyrex\n|-activate|p2a: Calyrex|move: Protect\n|move|p2b: Incineroar|Parting Shot|p1a: Dondozo\n|-unboost|p1a: Dondozo|atk|1\n|-unboost|p1a: Dondozo|spa|1\n|\n|t:|1739928098\n|switch|p2b: Rillaboom|Rillaboom, L50, M|71\/100|[from] Parting Shot\n|-fieldstart|move: Grassy Terrain|[from] ability: Grassy Surge|[of] p2b: Rillaboom\n|\n|-heal|p2a: Calyrex|76\/100|[from] Grassy Terrain\n|-heal|p1a: Dondozo|98\/100|[from] Grassy Terrain\n|-heal|p1a: Dondozo|100\/100|[from] item: Leftovers\n|-heal|p2b: Rillaboom|77\/100|[from] Grassy Terrain\n|upkeep\n|turn|7\n|\n|t:|1739928106\n|move|p2b: Rillaboom|Fake Out|p1a: Dondozo\n|-damage|p1a: Dondozo|98\/100\n|move|p2a: Calyrex|Nasty Plot|p2a: Calyrex\n|-boost|p2a: Calyrex|spa|2\n|cant|p1a: Dondozo|flinch\n|\n|-heal|p2a: Calyrex|82\/100|[from] Grassy Terrain\n|-heal|p1a: Dondozo|100\/100|[from] Grassy Terrain\n|-heal|p2b: Rillaboom|83\/100|[from] Grassy Terrain\n|upkeep\n|turn|8\n|\n|t:|1739928123\n|switch|p2b: Incineroar|Incineroar, L50, M|100\/100\n|-ability|p2b: Incineroar|Intimidate|boost\n|-unboost|p1a: Dondozo|atk|1\n|-unboost|p1b: Tatsugiri|atk|1\n|move|p2a: Calyrex|Psychic|p1a: Dondozo\n|-damage|p1a: Dondozo|79\/100\n|move|p1a: Dondozo|Order Up|p2a: Calyrex\n|-damage|p2a: Calyrex|69\/100\n|-boost|p1a: Dondozo|def|1\n|\n|-heal|p2a: Calyrex|75\/100|[from] Grassy Terrain\n|-heal|p1a: Dondozo|85\/100|[from] Grassy Terrain\n|-heal|p1a: Dondozo|91\/100|[from] item: Leftovers\n|upkeep\n|turn|9\n|\n|t:|1739928139\n|move|p1a: Dondozo|Protect|p1a: Dondozo\n|-singleturn|p1a: Dondozo|Protect\n|move|p2a: Calyrex|Psychic|p1a: Dondozo\n|-activate|p1a: Dondozo|move: Protect\n|move|p2b: Incineroar|Parting Shot|p1a: Dondozo\n|-activate|p1a: Dondozo|move: Protect\n|\n|-heal|p2a: Calyrex|81\/100|[from] Grassy Terrain\n|-heal|p1a: Dondozo|98\/100|[from] Grassy Terrain\n|-heal|p1a: Dondozo|100\/100|[from] item: Leftovers\n|upkeep\n|turn|10\n|\n|t:|1739928149\n|move|p2a: Calyrex|Psychic|p1a: Dondozo\n|-damage|p1a: Dondozo|81\/100\n|move|p1a: Dondozo|Body Press|p2b: Incineroar\n|-supereffective|p2b: Incineroar\n|-damage|p2b: Incineroar|0 fnt\n|faint|p2b: Incineroar\n|\n|-heal|p2a: Calyrex|88\/100|[from] Grassy Terrain\n|-heal|p1a: Dondozo|88\/100|[from] Grassy Terrain\n|-heal|p1a: Dondozo|94\/100|[from] item: Leftovers\n|-fieldend|move: Grassy Terrain\n|upkeep\n|\n|t:|1739928155\n|switch|p2b: Rillaboom|Rillaboom, L50, M|83\/100\n|-fieldstart|move: Grassy Terrain|[from] ability: Grassy Surge|[of] p2b: Rillaboom\n|turn|11\n|\n|t:|1739928172\n|move|p1a: Dondozo|Protect|p1a: Dondozo\n|-singleturn|p1a: Dondozo|Protect\n|move|p2b: Rillaboom|Fake Out|p1a: Dondozo\n|-activate|p1a: Dondozo|move: Protect\n|move|p2a: Calyrex|Nasty Plot|p2a: Calyrex\n|-boost|p2a: Calyrex|spa|1\n|\n|-heal|p2a: Calyrex|94\/100|[from] Grassy Terrain\n|-heal|p1a: Dondozo|99\/100|[from] Grassy Terrain\n|-heal|p1a: Dondozo|100\/100|[from] item: Leftovers\n|-heal|p2b: Rillaboom|89\/100|[from] Grassy Terrain\n|upkeep\n|turn|12\n|\n|t:|1739928184\n|move|p2a: Calyrex|Psychic|p1a: Dondozo\n|-damage|p1a: Dondozo|80\/100\n|move|p1a: Dondozo|Body Press|p2a: Calyrex\n|-damage|p2a: Calyrex|0 fnt\n|faint|p2a: Calyrex\n|move|p2b: Rillaboom|U-turn|p1a: Dondozo\n|-supereffective|p1a: Dondozo\n|-damage|p1a: Dondozo|73\/100\n|\n|t:|1739928193\n|switch|p2b: Farigiraf|Farigiraf, L50, F|100\/100|[from] U-turn\n|\n|-heal|p1a: Dondozo|79\/100|[from] Grassy Terrain\n|-heal|p1a: Dondozo|85\/100|[from] item: Leftovers\n|upkeep\n|\n|t:|1739928194\n|switch|p2a: Rillaboom|Rillaboom, L50, M|89\/100\n|turn|13\n|\n|t:|1739928206\n|move|p2a: Rillaboom|Fake Out|p1a: Dondozo\n|-damage|p1a: Dondozo|83\/100\n|cant|p1a: Dondozo|flinch\n|move|p2b: Farigiraf|Trick Room|p2b: Farigiraf\n|-fieldstart|move: Trick Room|[of] p2b: Farigiraf\n|\n|-heal|p2a: Rillaboom|95\/100|[from] Grassy Terrain\n|-heal|p1a: Dondozo|89\/100|[from] Grassy Terrain\n|-heal|p1a: Dondozo|95\/100|[from] item: Leftovers\n|upkeep\n|turn|14\n|\n|t:|1739928219\n|move|p2b: Farigiraf|Hyper Voice|p1a: Dondozo|[spread] p1a\n|-miss|p2b: Farigiraf|p1b: Tatsugiri\n|-damage|p1a: Dondozo|81\/100\n|-enditem|p2b: Farigiraf|Throat Spray\n|-boost|p2b: Farigiraf|spa|1|[from] item: Throat Spray\n|move|p2a: Rillaboom|U-turn|p1a: Dondozo\n|-supereffective|p1a: Dondozo\n|-damage|p1a: Dondozo|74\/100\n|move|p1a: Dondozo|Body Press|p2a: Rillaboom\n|-damage|p2a: Rillaboom|9\/100\n|\n|-heal|p2a: Rillaboom|15\/100|[from] Grassy Terrain\n|-heal|p1a: Dondozo|80\/100|[from] Grassy Terrain\n|-heal|p1a: Dondozo|86\/100|[from] item: Leftovers\n|upkeep\n|turn|15\n|\n|t:|1739928226\n|move|p2b: Farigiraf|Psychic|p1a: Dondozo\n|-damage|p1a: Dondozo|68\/100\n|-unboost|p1a: Dondozo|spd|1\n|move|p2a: Rillaboom|U-turn|p1a: Dondozo\n|-supereffective|p1a: Dondozo\n|-damage|p1a: Dondozo|61\/100\n|move|p1a: Dondozo|Body Press|p2a: Rillaboom\n|-crit|p2a: Rillaboom\n|-damage|p2a: Rillaboom|0 fnt\n|faint|p2a: Rillaboom\n|\n|-heal|p1a: Dondozo|67\/100|[from] Grassy Terrain\n|-heal|p1a: Dondozo|73\/100|[from] item: Leftovers\n|-fieldend|move: Grassy Terrain\n|upkeep\n|turn|16\n|inactive|kuanyou has 30 seconds left.\n|\n|t:|1739928254\n|move|p2b: Farigiraf|Psychic|p1a: Dondozo\n|-damage|p1a: Dondozo|51\/100\n|move|p1a: Dondozo|Body Press|p2b: Farigiraf\n|-damage|p2b: Farigiraf|8\/100\n|\n|-heal|p1a: Dondozo|57\/100|[from] item: Leftovers\n|upkeep\n|turn|17\n|-message|smolkk forfeited.\n|\n|win|kuanyou\n|raw|kuanyou's rating: 1543 &rarr; <strong>1564<\/strong><br \/>(+21 for winning)\n|raw|smolkk's rating: 1569 &rarr; <strong>1548<\/strong><br \/>(-21 for losing)\n|l| orcat\n|l|\u2606kuanyou\n|player|p1|\n|l| EllAkuro\n","uploadtime":1739928467,"views":5,"formatid":"gen9vgc2025regg","rating":1548,"private":0,"password":null}