{"id":"gen9vgc2025regg-2303416630","format":"[Gen 9] VGC 2025 Reg G","players":["AndyGR_02","xxxPlayer5xxx"],"log":"|j|\u2606AndyGR_02\n|j|\u2606xxxPlayer5xxx\n|t:|1739919275\n|gametype|doubles\n|player|p1|AndyGR_02|volkner|1610\n|player|p2|xxxPlayer5xxx|102|1567\n|teamsize|p1|6\n|teamsize|p2|6\n|gen|9\n|tier|[Gen 9] VGC 2025 Reg G\n|rated|\n|rule|Species Clause: Limit one of each Pok\u00e9mon\n|rule|Item Clause: Limit 1 of each item\n|clearpoke\n|poke|p1|Kyogre, L50|\n|poke|p1|Ludicolo, L50, M|\n|poke|p1|Whimsicott, L50, F|\n|poke|p1|Tsareena, L50, F|\n|poke|p1|Incineroar, L50, M|\n|poke|p1|Chien-Pao, L50|\n|poke|p2|Ho-Oh, L50|\n|poke|p2|Tornadus, L50, M|\n|poke|p2|Raging Bolt, L50|\n|poke|p2|Amoonguss, L50, M|\n|poke|p2|Annihilape, L50, F|\n|poke|p2|Volcarona, L50, M|\n|teampreview|4\n|inactive|Battle timer is ON: inactive players will automatically lose when time's up. (requested by xxxPlayer5xxx)\n|inactive|xxxPlayer5xxx has 60 seconds left.\n|\n|t:|1739919308\n|start\n|switch|p1a: Kyogre|Kyogre, L50, shiny|100\/100\n|switch|p1b: Whimsicott|Whimsicott, L50, F, shiny|100\/100\n|switch|p2a: Raging Bolt|Raging Bolt, L50|100\/100\n|switch|p2b: Tornadus|Tornadus, L50, M|100\/100\n|-weather|RainDance|[from] ability: Drizzle|[of] p1a: Kyogre\n|turn|1\n|\n|t:|1739919318\n|switch|p1a: Tsareena|Tsareena, L50, F, shiny|100\/100\n|move|p1b: Whimsicott|Tailwind|p1b: Whimsicott\n|-sidestart|p1: AndyGR_02|move: Tailwind\n|move|p2b: Tornadus|Sunny Day|p2b: Tornadus\n|-weather|SunnyDay\n|-activate|p2a: Raging Bolt|ability: Protosynthesis\n|-start|p2a: Raging Bolt|protosynthesisspa\n|move|p2a: Raging Bolt|Thunderbolt|p1a: Tsareena\n|-resisted|p1a: Tsareena\n|-damage|p1a: Tsareena|66\/100\n|\n|-weather|SunnyDay|[upkeep]\n|upkeep\n|turn|2\n|inactive|xxxPlayer5xxx has 30 seconds left.\n|inactive|xxxPlayer5xxx has 20 seconds left.\n|inactive|xxxPlayer5xxx has 15 seconds left.\n|inactive|xxxPlayer5xxx has 10 seconds left.\n|inactive|xxxPlayer5xxx has 5 seconds left.\n|\n|t:|1739919371\n|move|p1b: Whimsicott|Encore|p2b: Tornadus\n|-start|p2b: Tornadus|Encore\n|move|p2b: Tornadus|Sunny Day||[still]\n|-fail|p2b: Tornadus\n|move|p1a: Tsareena|Triple Axel|p2a: Raging Bolt\n|-supereffective|p2a: Raging Bolt\n|-damage|p2a: Raging Bolt|89\/100\n|-supereffective|p2a: Raging Bolt\n|-damage|p2a: Raging Bolt|65\/100\n|-supereffective|p2a: Raging Bolt\n|-damage|p2a: Raging Bolt|30\/100\n|-hitcount|p2a: Raging Bolt|3\n|move|p2a: Raging Bolt|Draco Meteor|p1a: Tsareena|[miss]\n|-miss|p2a: Raging Bolt|p1a: Tsareena\n|\n|-weather|SunnyDay|[upkeep]\n|upkeep\n|turn|3\n|\n|t:|1739919395\n|switch|p1b: Kyogre|Kyogre, L50, shiny|100\/100\n|-weather|RainDance|[from] ability: Drizzle|[of] p1b: Kyogre\n|-end|p2a: Raging Bolt|Protosynthesis\n|-end|p2a: Raging Bolt|Protosynthesis|[silent]\n|switch|p2a: Annihilape|Annihilape, L50, F|100\/100\n|move|p2b: Tornadus|Sunny Day|p2b: Tornadus\n|-weather|SunnyDay\n|move|p1a: Tsareena|Triple Axel|p2a: Annihilape\n|-damage|p2a: Annihilape|94\/100\n|-damage|p2a: Annihilape|80\/100\n|-damage|p2a: Annihilape|58\/100\n|-hitcount|p2a: Annihilape|3\n|\n|-weather|SunnyDay|[upkeep]\n|upkeep\n|turn|4\n|inactive|AndyGR_02 has 30 seconds left.\n|inactive|xxxPlayer5xxx has 30 seconds left.\n|inactive|xxxPlayer5xxx has 20 seconds left.\n|\n|t:|1739919435\n|-terastallize|p1b: Kyogre|Water\n|move|p1a: Tsareena|Helping Hand|p1b: Kyogre\n|-singleturn|p1b: Kyogre|Helping Hand|[of] p1a: Tsareena\n|move|p2b: Tornadus|Sunny Day||[still]\n|-fail|p2b: Tornadus\n|move|p1b: Kyogre|Water Spout|p2a: Annihilape|[spread] p2a,p2b\n|-damage|p2a: Annihilape|0 fnt\n|-damage|p2b: Tornadus|11\/100\n|faint|p2a: Annihilape\n|\n|-weather|SunnyDay|[upkeep]\n|-end|p2b: Tornadus|Encore\n|-sideend|p1: AndyGR_02|move: Tailwind\n|upkeep\n|\n|t:|1739919446\n|switch|p2a: Raging Bolt|Raging Bolt, L50|30\/100\n|-activate|p2a: Raging Bolt|ability: Protosynthesis\n|-start|p2a: Raging Bolt|protosynthesisspa\n|turn|5\n|\n|t:|1739919461\n|switch|p1b: Whimsicott|Whimsicott, L50, F, shiny|100\/100\n|-terastallize|p2a: Raging Bolt|Electric\n|move|p2b: Tornadus|Tailwind|p2b: Tornadus\n|-sidestart|p2: xxxPlayer5xxx|move: Tailwind\n|move|p2a: Raging Bolt|Thunderbolt|p1b: Whimsicott\n|-resisted|p1b: Whimsicott\n|-damage|p1b: Whimsicott|36\/100\n|move|p1a: Tsareena|Triple Axel|p2b: Tornadus\n|-supereffective|p2b: Tornadus\n|-damage|p2b: Tornadus|0 fnt\n|faint|p2b: Tornadus\n|-hitcount|p2: Tornadus|1\n|\n|-weather|SunnyDay|[upkeep]\n|upkeep\n|\n|t:|1739919463\n|switch|p2b: Ho-Oh|Ho-Oh, L50|100\/100\n|turn|6\n|\n|t:|1739919477\n|move|p1a: Tsareena|Protect|p1a: Tsareena\n|-singleturn|p1a: Tsareena|Protect\n|move|p1b: Whimsicott|Fake Tears|p2b: Ho-Oh\n|-unboost|p2b: Ho-Oh|spd|2\n|move|p2b: Ho-Oh|Brave Bird|p1a: Tsareena\n|-activate|p1a: Tsareena|move: Protect\n|move|p2a: Raging Bolt|Thunderbolt|p1b: Whimsicott\n|-resisted|p1b: Whimsicott\n|-damage|p1b: Whimsicott|0 fnt\n|faint|p1b: Whimsicott\n|\n|-weather|SunnyDay|[upkeep]\n|upkeep\n|\n|t:|1739919487\n|switch|p1b: Kyogre|Kyogre, L50, shiny, tera:Water|100\/100\n|-weather|RainDance|[from] ability: Drizzle|[of] p1b: Kyogre\n|-end|p2a: Raging Bolt|Protosynthesis\n|turn|7\n|\n|t:|1739919494\n|move|p1a: Tsareena|Helping Hand|p1b: Kyogre\n|-singleturn|p1b: Kyogre|Helping Hand|[of] p1a: Tsareena\n|move|p2b: Ho-Oh|Brave Bird|p1a: Tsareena\n|-supereffective|p1a: Tsareena\n|-damage|p1a: Tsareena|0 fnt\n|faint|p1a: Tsareena\n|-damage|p2b: Ho-Oh|83\/100|[from] Recoil\n|move|p1b: Kyogre|Water Spout|p2b: Ho-Oh|[spread] p2a,p2b\n|-supereffective|p2b: Ho-Oh\n|-damage|p2a: Raging Bolt|0 fnt\n|-damage|p2b: Ho-Oh|0 fnt\n|faint|p2a: Raging Bolt\n|-end|p2a: Raging Bolt|Protosynthesis|[silent]\n|faint|p2b: Ho-Oh\n|\n|win|AndyGR_02\n|raw|AndyGR_02's rating: 1610 &rarr; <strong>1628<\/strong><br \/>(+18 for winning)\n|raw|xxxPlayer5xxx's rating: 1567 &rarr; <strong>1549<\/strong><br \/>(-18 for losing)\n|l|\u2606xxxPlayer5xxx\n|player|p2|\n|l|\u2606AndyGR_02\n|player|p1|\n","uploadtime":1739919756,"views":5,"formatid":"gen9vgc2025regg","rating":1549,"private":0,"password":null}