{"id":"gen9vgc2025regg-2303493947","format":"[Gen 9] VGC 2025 Reg G","players":["kanucks25","2190175p"],"log":"|j|\u2606kanucks25\n|j|\u26062190175p\n|t:|1739928819\n|gametype|doubles\n|player|p1|kanucks25|101|1653\n|player|p2|2190175p|courtney|1686\n|teamsize|p1|6\n|teamsize|p2|6\n|gen|9\n|tier|[Gen 9] VGC 2025 Reg G\n|rated|\n|rule|Species Clause: Limit one of each Pok\u00e9mon\n|rule|Item Clause: Limit 1 of each item\n|clearpoke\n|poke|p1|Calyrex-Shadow, L50|\n|poke|p1|Indeedee-F, L50, F|\n|poke|p1|Ogerpon-Wellspring, L50, F|\n|poke|p1|Urshifu-*, L50, F|\n|poke|p1|Pelipper, L50, F|\n|poke|p1|Iron Hands, L50|\n|poke|p2|Calyrex-Ice, L50|\n|poke|p2|Torkoal, L50, F|\n|poke|p2|Urshifu-*, L50, F|\n|poke|p2|Indeedee-F, L50, F|\n|poke|p2|Raging Bolt, L50|\n|poke|p2|Flutter Mane, L50|\n|teampreview|4\n|inactive|Battle timer is ON: inactive players will automatically lose when time's up. (requested by 2190175p)\n|\n|t:|1739928857\n|start\n|switch|p1a: Ogerpon|Ogerpon-Wellspring, L50, F|100\/100\n|switch|p1b: Calyrex|Calyrex-Shadow, L50|100\/100\n|switch|p2a: Calyrex|Calyrex-Ice, L50|100\/100\n|switch|p2b: Indeedee|Indeedee-F, L50, F|100\/100\n|-ability|p1b: Calyrex|As One\n|-ability|p1b: Calyrex|Unnerve\n|-ability|p2a: Calyrex|As One\n|-ability|p2a: Calyrex|Unnerve\n|-fieldstart|move: Psychic Terrain|[from] ability: Psychic Surge|[of] p2b: Indeedee\n|turn|1\n|\n|t:|1739928876\n|-terastallize|p2a: Calyrex|Grass\n|move|p2b: Indeedee|Follow Me|p2b: Indeedee\n|-singleturn|p2b: Indeedee|move: Follow Me\n|move|p1b: Calyrex|Expanding Force|p2b: Indeedee|[spread] p2a,p2b\n|-resisted|p2b: Indeedee\n|-damage|p2a: Calyrex|40\/100\n|-damage|p2b: Indeedee|59\/100\n|-damage|p1b: Calyrex|91\/100|[from] item: Life Orb\n|move|p1a: Ogerpon|Taunt|p2b: Indeedee\n|-start|p2b: Indeedee|move: Taunt\n|move|p2a: Calyrex|Trick Room|p2a: Calyrex\n|-fieldstart|move: Trick Room|[of] p2a: Calyrex\n|\n|upkeep\n|turn|2\n|inactive|kanucks25 has 30 seconds left.\n|inactive|kanucks25 has 20 seconds left.\n|\n|t:|1739928915\n|move|p1a: Ogerpon|Spiky Shield|p1a: Ogerpon\n|-singleturn|p1a: Ogerpon|move: Protect\n|move|p2a: Calyrex|Glacial Lance|p1a: Ogerpon|[spread] p1b\n|-activate|p1a: Ogerpon|move: Protect\n|-damage|p1b: Calyrex|17\/100\n|move|p2b: Indeedee|Psychic|p1a: Ogerpon\n|-activate|p1a: Ogerpon|move: Protect\n|move|p1b: Calyrex|Expanding Force|p2a: Calyrex|[spread] p2a,p2b\n|-resisted|p2b: Indeedee\n|-damage|p2a: Calyrex|0 fnt\n|-damage|p2b: Indeedee|15\/100\n|faint|p2a: Calyrex\n|-ability|p1b: Calyrex|Grim Neigh|boost\n|-boost|p1b: Calyrex|spa|1\n|-damage|p1b: Calyrex|7\/100|[from] item: Life Orb\n|\n|upkeep\n|\n|t:|1739928927\n|switch|p2a: Raging Bolt|Raging Bolt, L50|100\/100\n|turn|3\n|j| IceIceCrazy\n|inactive|kanucks25 has 30 seconds left.\n|\n|t:|1739928955\n|move|p1a: Ogerpon|Follow Me|p1a: Ogerpon\n|-singleturn|p1a: Ogerpon|move: Follow Me\n|move|p2a: Raging Bolt|Thunderbolt|p1a: Ogerpon\n|-damage|p1a: Ogerpon|52\/100\n|move|p2b: Indeedee|Psychic|p1a: Ogerpon\n|-damage|p1a: Ogerpon|11\/100\n|move|p1b: Calyrex|Expanding Force|p2a: Raging Bolt|[spread] p2a,p2b\n|-resisted|p2b: Indeedee\n|-damage|p2a: Raging Bolt|25\/100\n|-damage|p2b: Indeedee|0 fnt\n|faint|p2b: Indeedee\n|-ability|p1b: Calyrex|Grim Neigh|boost\n|-boost|p1b: Calyrex|spa|1\n|-damage|p1b: Calyrex|0 fnt|[from] item: Life Orb\n|faint|p1b: Calyrex\n|\n|upkeep\n|inactive|kanucks25 has 30 seconds left.\n|\n|t:|1739928982\n|switch|p2b: Torkoal|Torkoal, L50, F|100\/100\n|switch|p1b: Urshifu|Urshifu, L50, F|100\/100\n|-weather|SunnyDay|[from] ability: Drought|[of] p2b: Torkoal\n|-activate|p2a: Raging Bolt|ability: Protosynthesis\n|-start|p2a: Raging Bolt|protosynthesisspa\n|turn|4\n|inactive|2190175p has 30 seconds left.\n|\n|t:|1739929007\n|switch|p1b: Pelipper|Pelipper, L50, F|100\/100\n|-weather|RainDance|[from] ability: Drizzle|[of] p1b: Pelipper\n|-end|p2a: Raging Bolt|Protosynthesis\n|move|p1a: Ogerpon|Spiky Shield|p1a: Ogerpon\n|-singleturn|p1a: Ogerpon|move: Protect\n|move|p2b: Torkoal|Heat Wave|p1a: Ogerpon|[spread] p1b\n|-activate|p1a: Ogerpon|move: Protect\n|-resisted|p1b: Pelipper\n|-damage|p1b: Pelipper|82\/100\n|move|p2a: Raging Bolt|Draco Meteor|p1b: Pelipper\n|-damage|p1b: Pelipper|0 fnt\n|-unboost|p2a: Raging Bolt|spa|2\n|faint|p1b: Pelipper\n|\n|-weather|RainDance|[upkeep]\n|upkeep\n|\n|t:|1739929022\n|switch|p1b: Urshifu|Urshifu, L50, F|100\/100\n|turn|5\n|\n|t:|1739929037\n|move|p1a: Ogerpon|Follow Me|p1a: Ogerpon\n|-singleturn|p1a: Ogerpon|move: Follow Me\n|move|p2b: Torkoal|Heat Wave|p1b: Urshifu|[spread] p1b\n|-miss|p2b: Torkoal|p1a: Ogerpon\n|-damage|p1b: Urshifu|73\/100\n|move|p2a: Raging Bolt|Draco Meteor|p1a: Ogerpon\n|-crit|p1a: Ogerpon\n|-damage|p1a: Ogerpon|0 fnt\n|-unboost|p2a: Raging Bolt|spa|2\n|faint|p1a: Ogerpon\n|move|p1b: Urshifu|Wicked Blow|p2a: Raging Bolt\n|-crit|p2a: Raging Bolt\n|-damage|p2a: Raging Bolt|0 fnt\n|faint|p2a: Raging Bolt\n|-end|p2a: Raging Bolt|Protosynthesis|[silent]\n|\n|-weather|RainDance|[upkeep]\n|-fieldend|move: Trick Room\n|-fieldend|move: Psychic Terrain\n|upkeep\n|turn|6\n|-message|2190175p forfeited.\n|\n|win|kanucks25\n|raw|kanucks25's rating: 1653 &rarr; <strong>1675<\/strong><br \/>(+22 for winning)\n|raw|2190175p's rating: 1686 &rarr; <strong>1664<\/strong><br \/>(-22 for losing)\n|l|\u26062190175p\n|player|p2|\n|l|\u2606kanucks25\n|player|p1|\n|l| IceIceCrazy\n","uploadtime":1739929296,"views":13,"formatid":"gen9vgc2025regg","rating":1664,"private":0,"password":null}