{"id":"gen9vgc2025regg-2303932349","format":"[Gen 9] VGC 2025 Reg G","players":["gholdandgohome","PigsPrep"],"log":"|j|\u2606gholdandgohome\n|j|\u2606PigsPrep\n|t:|1739990138\n|gametype|doubles\n|player|p1|gholdandgohome|1|1714\n|player|p2|PigsPrep|lian|1646\n|teamsize|p1|6\n|teamsize|p2|6\n|gen|9\n|tier|[Gen 9] VGC 2025 Reg G\n|rated|\n|rule|Species Clause: Limit one of each Pok\u00e9mon\n|rule|Item Clause: Limit 1 of each item\n|clearpoke\n|poke|p1|Chien-Pao, L50|\n|poke|p1|Miraidon, L50|\n|poke|p1|Whimsicott, L50, F|\n|poke|p1|Entei, L50|\n|poke|p1|Iron Hands, L50|\n|poke|p1|Iron Treads, L50|\n|poke|p2|Kyogre, L50|\n|poke|p2|Tornadus, L50, M|\n|poke|p2|Dondozo, L50, M|\n|poke|p2|Tatsugiri, L50, M|\n|poke|p2|Magmar, L50, M|\n|poke|p2|Gholdengo, L50|\n|teampreview|4\n|inactive|Battle timer is ON: inactive players will automatically lose when time's up. (requested by PigsPrep)\n|\n|t:|1739990155\n|start\n|switch|p1a: Whimsicott|Whimsicott, L50, F|100\/100\n|switch|p1b: Miraidon|Miraidon, L50|100\/100\n|switch|p2a: Kyogre|Kyogre, L50|100\/100\n|switch|p2b: Gholdengo|Gholdengo, L50|100\/100\n|-fieldstart|move: Electric Terrain|[from] ability: Hadron Engine|[of] p1b: Miraidon\n|-weather|RainDance|[from] ability: Drizzle|[of] p2a: Kyogre\n|turn|1\n|\n|t:|1739990165\n|move|p1a: Whimsicott|Tailwind|p1a: Whimsicott\n|-sidestart|p1: gholdandgohome|move: Tailwind\n|move|p1b: Miraidon|Volt Switch|p2b: Gholdengo\n|-damage|p2b: Gholdengo|0 fnt\n|faint|p2b: Gholdengo\n|\n|t:|1739990172\n|switch|p1b: Iron Hands|Iron Hands, L50|100\/100|[from] Volt Switch\n|-enditem|p1b: Iron Hands|Electric Seed\n|-boost|p1b: Iron Hands|def|1|[from] item: Electric Seed\n|-activate|p1b: Iron Hands|ability: Quark Drive\n|-start|p1b: Iron Hands|quarkdrivedef\n|move|p2a: Kyogre|Origin Pulse|p1b: Iron Hands|[spread] p1a,p1b\n|-resisted|p1a: Whimsicott\n|-damage|p1a: Whimsicott|60\/100\n|-damage|p1b: Iron Hands|52\/100\n|\n|-weather|RainDance|[upkeep]\n|upkeep\n|\n|t:|1739990181\n|switch|p2b: Dondozo|Dondozo, L50, M|100\/100\n|turn|2\n|\n|t:|1739990190\n|move|p2b: Dondozo|Protect|p2b: Dondozo\n|-singleturn|p2b: Dondozo|Protect\n|move|p1a: Whimsicott|Light Screen|p1a: Whimsicott\n|-sidestart|p1: gholdandgohome|move: Light Screen\n|move|p1b: Iron Hands|Thunder Punch|p2b: Dondozo\n|-activate|p2b: Dondozo|move: Protect\n|move|p2a: Kyogre|Origin Pulse|p1a: Whimsicott|[spread] p1a,p1b\n|-resisted|p1a: Whimsicott\n|-damage|p1a: Whimsicott|32\/100\n|-damage|p1b: Iron Hands|19\/100\n|\n|-weather|RainDance|[upkeep]\n|upkeep\n|turn|3\n|\n|t:|1739990207\n|-terastallize|p2b: Dondozo|Dragon\n|move|p1a: Whimsicott|Encore|p2b: Dondozo\n|-start|p2b: Dondozo|Encore\n|move|p1b: Iron Hands|Thunder Punch|p2a: Kyogre\n|-supereffective|p2a: Kyogre\n|-damage|p2a: Kyogre|19\/100\n|move|p2a: Kyogre|Ice Beam|p1a: Whimsicott\n|-supereffective|p1a: Whimsicott\n|-damage|p1a: Whimsicott|0 fnt\n|faint|p1a: Whimsicott\n|move|p2b: Dondozo|Protect||[still]\n|-fail|p2b: Dondozo\n|\n|-weather|RainDance|[upkeep]\n|upkeep\n|\n|t:|1739990220\n|switch|p1a: Miraidon|Miraidon, L50|100\/100\n|-activate|p1a: Miraidon|ability: Hadron Engine\n|turn|4\n|\n|t:|1739990228\n|-end|p1b: Iron Hands|Quark Drive|[silent]\n|switch|p1b: Chien-Pao|Chien-Pao, L50|100\/100\n|-ability|p1b: Chien-Pao|Sword of Ruin\n|switch|p2b: Tatsugiri|Tatsugiri, L50, M|100\/100\n|-terastallize|p1a: Miraidon|Fairy\n|move|p1a: Miraidon|Dazzling Gleam|p2b: Tatsugiri|[spread] p2a,p2b\n|-supereffective|p2b: Tatsugiri\n|-crit|p2b: Tatsugiri\n|-damage|p2a: Kyogre|0 fnt\n|-enditem|p2b: Tatsugiri|Focus Sash\n|-damage|p2b: Tatsugiri|1\/100\n|faint|p2a: Kyogre\n|\n|-weather|RainDance|[upkeep]\n|-sideend|p1: gholdandgohome|move: Tailwind\n|upkeep\n|\n|t:|1739990238\n|switch|p2a: Dondozo|Dondozo, L50, M, tera:Dragon|100\/100\n|-activate|p2b: Tatsugiri|ability: Commander|[of] p2a: Dondozo\n|-boost|p2a: Dondozo|atk|2\n|-boost|p2a: Dondozo|spa|2\n|-boost|p2a: Dondozo|spe|2\n|-boost|p2a: Dondozo|def|2\n|-boost|p2a: Dondozo|spd|2\n|turn|5\n|\n|t:|1739990244\n|move|p1b: Chien-Pao|Icicle Crash|p2a: Dondozo\n|-supereffective|p2a: Dondozo\n|-damage|p2a: Dondozo|68\/100\n|move|p1a: Miraidon|Dazzling Gleam|p2b: Tatsugiri|[spread] p2a\n|-miss|p1a: Miraidon|p2b: Tatsugiri\n|-supereffective|p2a: Dondozo\n|-damage|p2a: Dondozo|0 fnt\n|faint|p2a: Dondozo\n|\n|-weather|none\n|-fieldend|move: Electric Terrain\n|upkeep\n|turn|6\n|-message|PigsPrep forfeited.\n|\n|win|gholdandgohome\n|raw|gholdandgohome's rating: 1714 &rarr; <strong>1730<\/strong><br \/>(+16 for winning)\n|raw|PigsPrep's rating: 1646 &rarr; <strong>1630<\/strong><br \/>(-16 for losing)\n|l|\u2606PigsPrep\n|player|p2|\n|l|\u2606gholdandgohome\n|player|p1|\n","uploadtime":1739990415,"views":5,"formatid":"gen9vgc2025regg","rating":1630,"private":0,"password":null}