{"id":"gen9vgc2025regg-2303051157","format":"[Gen 9] VGC 2025 Reg G","players":["pentagonSG","Iamsliverfish"],"log":"|j|\u2606pentagonSG\n|j|\u2606Iamsliverfish\n|t:|1739880249\n|gametype|doubles\n|player|p1|pentagonSG|102|1633\n|player|p2|Iamsliverfish|rood|1683\n|teamsize|p1|6\n|teamsize|p2|6\n|gen|9\n|tier|[Gen 9] VGC 2025 Reg G\n|rated|\n|rule|Species Clause: Limit one of each Pok\u00e9mon\n|rule|Item Clause: Limit 1 of each item\n|clearpoke\n|poke|p1|Volcarona, L50, F|\n|poke|p1|Miraidon, L50|\n|poke|p1|Grimmsnarl, L50, M|\n|poke|p1|Okidogi, L50, M|\n|poke|p1|Iron Hands, L50|\n|poke|p1|Dusclops, L50, M|\n|poke|p2|Calyrex-Shadow, L50|\n|poke|p2|Ursaluna, L50, M|\n|poke|p2|Indeedee-F, L50, F|\n|poke|p2|Ogerpon-Wellspring, L50, F|\n|poke|p2|Tornadus, L50, M|\n|poke|p2|Chi-Yu, L50|\n|teampreview|4\n|\n|t:|1739880304\n|start\n|switch|p1a: Miraidon|Miraidon, L50|100\/100\n|switch|p1b: Okidogi|Okidogi, L50, M|100\/100\n|switch|p2a: Chi-Yu|Chi-Yu, L50|100\/100\n|switch|p2b: Calyrex|Calyrex-Shadow, L50|100\/100\n|-ability|p2b: Calyrex|As One\n|-ability|p2b: Calyrex|Unnerve\n|-ability|p2a: Chi-Yu|Beads of Ruin\n|-fieldstart|move: Electric Terrain|[from] ability: Hadron Engine|[of] p1a: Miraidon\n|turn|1\n|\n|t:|1739880327\n|-terastallize|p2b: Calyrex|Ground\n|-terastallize|p1b: Okidogi|Dark\n|move|p2a: Chi-Yu|Heat Wave|p1b: Okidogi|[spread] p1a,p1b\n|-resisted|p1a: Miraidon\n|-damage|p1a: Miraidon|79\/100\n|-damage|p1b: Okidogi|68\/100\n|move|p2b: Calyrex|Tera Blast|p1a: Miraidon|[anim] Tera Blast Ground\n|-supereffective|p1a: Miraidon\n|-damage|p1a: Miraidon|0 fnt\n|faint|p1a: Miraidon\n|-ability|p2b: Calyrex|Grim Neigh|boost\n|-boost|p2b: Calyrex|spa|1\n|-damage|p2b: Calyrex|91\/100|[from] item: Life Orb\n|move|p1b: Okidogi|Knock Off|p2b: Calyrex\n|-damage|p2b: Calyrex|23\/100\n|-enditem|p2b: Calyrex|Life Orb|[from] move: Knock Off|[of] p1b: Okidogi\n|\n|upkeep\n|\n|t:|1739880346\n|switch|p1a: Grimmsnarl|Grimmsnarl, L50, M|100\/100\n|turn|2\n|j| bluestraggler01\n|inactive|Battle timer is ON: inactive players will automatically lose when time's up. (requested by pentagonSG)\n|inactive|Iamsliverfish has 60 seconds left.\n|inactiveoff|Battle timer is now OFF.\n|l|\u2606pentagonSG\n|player|p1|\n|j|\u2606pentagonSG\n|player|p1|pentagonSG|102|\n|\n|t:|1739880466\n|move|p2b: Calyrex|Protect|p2b: Calyrex\n|-singleturn|p2b: Calyrex|Protect\n|move|p2a: Chi-Yu|Heat Wave|p1b: Okidogi|[spread] p1a,p1b\n|-damage|p1a: Grimmsnarl|62\/100\n|-damage|p1b: Okidogi|35\/100\n|move|p1b: Okidogi|Drain Punch|p2a: Chi-Yu\n|-supereffective|p2a: Chi-Yu\n|-damage|p2a: Chi-Yu|0 fnt\n|-heal|p1b: Okidogi|69\/100|[from] drain|[of] p2a: Chi-Yu\n|faint|p2a: Chi-Yu\n|move|p1a: Grimmsnarl|Spirit Break|p2b: Calyrex\n|-activate|p2b: Calyrex|move: Protect\n|\n|upkeep\n|j| woshiliangzai\n|\n|t:|1739880469\n|switch|p2a: Indeedee|Indeedee-F, L50, F|100\/100\n|-fieldstart|move: Psychic Terrain|[from] ability: Psychic Surge|[of] p2a: Indeedee\n|turn|3\n|\n|t:|1739880489\n|move|p2a: Indeedee|Follow Me|p2a: Indeedee\n|-singleturn|p2a: Indeedee|move: Follow Me\n|move|p1a: Grimmsnarl|Light Screen|p1a: Grimmsnarl\n|-sidestart|p1: pentagonSG|move: Light Screen\n|move|p2b: Calyrex|Astral Barrage|p1a: Grimmsnarl|[spread] p1a,p1b\n|-resisted|p1a: Grimmsnarl\n|-resisted|p1b: Okidogi\n|-damage|p1a: Grimmsnarl|40\/100\n|-damage|p1b: Okidogi|49\/100\n|move|p1b: Okidogi|Knock Off|p2a: Indeedee\n|-supereffective|p2a: Indeedee\n|-damage|p2a: Indeedee|0 fnt\n|-enditem|p2a: Indeedee|Safety Goggles|[from] move: Knock Off|[of] p1b: Okidogi\n|faint|p2a: Indeedee\n|\n|upkeep\n|\n|t:|1739880492\n|switch|p2a: Ursaluna|Ursaluna, L50, M|100\/100\n|turn|4\n|\n|t:|1739880511\n|move|p2b: Calyrex|Protect|p2b: Calyrex\n|-singleturn|p2b: Calyrex|Protect\n|move|p1b: Okidogi|Drain Punch|p2a: Ursaluna\n|-supereffective|p2a: Ursaluna\n|-damage|p2a: Ursaluna|40\/100\n|-heal|p1b: Okidogi|83\/100|[from] drain|[of] p2a: Ursaluna\n|move|p1a: Grimmsnarl|Spirit Break|p2b: Calyrex\n|-activate|p2b: Calyrex|move: Protect\n|move|p2a: Ursaluna|Headlong Rush|p1b: Okidogi\n|-damage|p1b: Okidogi|26\/100\n|-unboost|p2a: Ursaluna|def|1\n|-unboost|p2a: Ursaluna|spd|1\n|\n|-status|p2a: Ursaluna|brn|[from] item: Flame Orb\n|upkeep\n|turn|5\n|\n|t:|1739880538\n|move|p2b: Calyrex|Astral Barrage|p1a: Grimmsnarl|[spread] p1a,p1b\n|-resisted|p1a: Grimmsnarl\n|-resisted|p1b: Okidogi\n|-damage|p1a: Grimmsnarl|17\/100\n|-damage|p1b: Okidogi|7\/100\n|move|p1b: Okidogi|Drain Punch|p2b: Calyrex\n|-damage|p2b: Calyrex|0 fnt\n|-heal|p1b: Okidogi|17\/100|[from] drain|[of] p2b: Calyrex\n|faint|p2b: Calyrex\n|move|p1a: Grimmsnarl|Spirit Break|p2a: Ursaluna\n|-damage|p2a: Ursaluna|9\/100 brn\n|-unboost|p2a: Ursaluna|spa|1\n|move|p2a: Ursaluna|Facade|p1a: Grimmsnarl\n|-damage|p1a: Grimmsnarl|0 fnt\n|faint|p1a: Grimmsnarl\n|\n|-damage|p2a: Ursaluna|3\/100 brn|[from] brn\n|upkeep\n|\n|t:|1739880558\n|switch|p1a: Volcarona|Volcarona, L50, F|100\/100\n|turn|6\n|-message|Iamsliverfish forfeited.\n|\n|win|pentagonSG\n|raw|pentagonSG's rating: 1633 &rarr; <strong>1655<\/strong><br \/>(+22 for winning)\n|raw|Iamsliverfish's rating: 1671 &rarr; <strong>1649<\/strong><br \/>(-22 for losing)\n|l|\u2606Iamsliverfish\n|player|p2|\n|l|\u2606pentagonSG\n|player|p1|\n|l| woshiliangzai\n","uploadtime":1739880854,"views":7,"formatid":"gen9vgc2025regg","rating":1649,"private":0,"password":null}