{"id":"gen9vgc2025regg-2303098977","format":"[Gen 9] VGC 2025 Reg G","players":["Vianex","Iamsliverfish"],"log":"|j|\u2606Vianex\n|j|\u2606Iamsliverfish\n|t:|1739886760\n|gametype|doubles\n|player|p1|Vianex|pokemaniac|1672\n|player|p2|Iamsliverfish|rood|1611\n|teamsize|p1|6\n|teamsize|p2|6\n|gen|9\n|tier|[Gen 9] VGC 2025 Reg G\n|rated|\n|rule|Species Clause: Limit one of each Pok\u00e9mon\n|rule|Item Clause: Limit 1 of each item\n|clearpoke\n|poke|p1|Indeedee-F, L50, F|\n|poke|p1|Ogerpon-Hearthflame, L50, F|\n|poke|p1|Gallade, L50, M|\n|poke|p1|Groudon, L50|\n|poke|p1|Flutter Mane, L50|\n|poke|p1|Tornadus, L50, M|\n|poke|p2|Calyrex-Shadow, L50|\n|poke|p2|Ursaluna, L50, M|\n|poke|p2|Indeedee-F, L50, F|\n|poke|p2|Ogerpon-Wellspring, L50, F|\n|poke|p2|Tornadus, L50, M|\n|poke|p2|Chi-Yu, L50|\n|teampreview|4\n|j| God of restricted\n|\n|t:|1739886826\n|start\n|switch|p1a: Flutter Mane|Flutter Mane, L50|100\/100\n|switch|p1b: Ogerpon|Ogerpon-Hearthflame, L50, F|100\/100\n|switch|p2a: Tornadus|Tornadus, L50, M|100\/100\n|switch|p2b: Ogerpon|Ogerpon-Wellspring, L50, F|100\/100\n|-ability|p1b: Ogerpon|Mold Breaker\n|turn|1\n|\n|t:|1739886849\n|move|p2b: Ogerpon|Spiky Shield|p2b: Ogerpon\n|-singleturn|p2b: Ogerpon|move: Protect\n|move|p1a: Flutter Mane|Icy Wind|p2a: Tornadus|[spread] p2a\n|-activate|p2b: Ogerpon|move: Protect\n|-supereffective|p2a: Tornadus\n|-damage|p2a: Tornadus|60\/100\n|-unboost|p2a: Tornadus|spe|1\n|move|p1b: Ogerpon|Horn Leech|p2b: Ogerpon\n|-activate|p2b: Ogerpon|move: Protect\n|-damage|p1b: Ogerpon|88\/100|[from] Spiky Shield|[of] p2b: Ogerpon\n|move|p2a: Tornadus|Bleakwind Storm|p1b: Ogerpon|[spread] p1a,p1b\n|-supereffective|p1b: Ogerpon\n|-damage|p1a: Flutter Mane|59\/100\n|-damage|p1b: Ogerpon|2\/100\n|\n|upkeep\n|turn|2\n|j| bluestraggler01\n|\n|t:|1739886889\n|move|p1a: Flutter Mane|Protect|p1a: Flutter Mane\n|-singleturn|p1a: Flutter Mane|Protect\n|move|p2a: Tornadus|Tailwind|p2a: Tornadus\n|-sidestart|p2: Iamsliverfish|move: Tailwind\n|move|p2b: Ogerpon|Horn Leech|p1a: Flutter Mane\n|-activate|p1a: Flutter Mane|move: Protect\n|move|p1b: Ogerpon|Ivy Cudgel|p2a: Tornadus|[anim] Ivy Cudgel Fire\n|-damage|p2a: Tornadus|0 fnt\n|faint|p2a: Tornadus\n|\n|upkeep\n|\n|t:|1739886893\n|switch|p2a: Calyrex|Calyrex-Shadow, L50|100\/100\n|-ability|p2a: Calyrex|As One\n|-ability|p2a: Calyrex|Unnerve\n|turn|3\n|\n|t:|1739886915\n|move|p2a: Calyrex|Astral Barrage|p1a: Flutter Mane|[spread] p1a,p1b\n|-supereffective|p1a: Flutter Mane\n|-damage|p1a: Flutter Mane|0 fnt\n|-damage|p1b: Ogerpon|0 fnt\n|faint|p1a: Flutter Mane\n|-end|p1a: Flutter Mane|Protosynthesis|[silent]\n|faint|p1b: Ogerpon\n|-ability|p2a: Calyrex|Grim Neigh|boost\n|-boost|p2a: Calyrex|spa|2\n|-damage|p2a: Calyrex|91\/100|[from] item: Life Orb\n|move|p2b: Ogerpon|Horn Leech|p1: Flutter Mane|[notarget]\n|-fail|p2b: Ogerpon\n|\n|upkeep\n|\n|t:|1739886917\n|switch|p1a: Groudon|Groudon, L50|100\/100\n|switch|p1b: Gallade|Gallade, L50, M|100\/100\n|-weather|SunnyDay|[from] ability: Drought|[of] p1a: Groudon\n|turn|4\n|\n|t:|1739886947\n|-terastallize|p2a: Calyrex|Ground\n|-terastallize|p1a: Groudon|Fire\n|move|p1b: Gallade|Wide Guard|p1b: Gallade\n|-singleturn|p1b: Gallade|Wide Guard\n|move|p2a: Calyrex|Tera Blast|p1b: Gallade|[anim] Tera Blast Ground\n|-damage|p1b: Gallade|0 fnt\n|faint|p1b: Gallade\n|-ability|p2a: Calyrex|Grim Neigh|boost\n|-boost|p2a: Calyrex|spa|1\n|-damage|p2a: Calyrex|81\/100|[from] item: Life Orb\n|move|p2b: Ogerpon|Horn Leech|p1a: Groudon\n|-resisted|p1a: Groudon\n|-damage|p1a: Groudon|87\/100\n|move|p1a: Groudon|Heat Crash|p2a: Calyrex\n|-damage|p2a: Calyrex|0 fnt\n|faint|p2a: Calyrex\n|\n|-weather|SunnyDay|[upkeep]\n|upkeep\n|\n|t:|1739886950\n|switch|p2a: Indeedee|Indeedee-F, L50, F|100\/100\n|-fieldstart|move: Psychic Terrain|[from] ability: Psychic Surge|[of] p2a: Indeedee\n|turn|5\n|\n|t:|1739886964\n|move|p2a: Indeedee|Follow Me|p2a: Indeedee\n|-singleturn|p2a: Indeedee|move: Follow Me\n|move|p2b: Ogerpon|Ivy Cudgel|p1a: Groudon|[anim] Ivy Cudgel Water\n|-supereffective|p1a: Groudon\n|-damage|p1a: Groudon|49\/100\n|move|p1a: Groudon|Precipice Blades|p2b: Ogerpon|[spread] p2a,p2b\n|-resisted|p2b: Ogerpon\n|-damage|p2a: Indeedee|54\/100\n|-damage|p2b: Ogerpon|72\/100\n|\n|-weather|SunnyDay|[upkeep]\n|-sideend|p2: Iamsliverfish|move: Tailwind\n|upkeep\n|turn|6\n|l| God of restricted\n|\n|t:|1739886983\n|move|p2a: Indeedee|Helping Hand|p2b: Ogerpon\n|-singleturn|p2b: Ogerpon|Helping Hand|[of] p2a: Indeedee\n|move|p2b: Ogerpon|Ivy Cudgel|p1a: Groudon|[anim] Ivy Cudgel Water\n|-supereffective|p1a: Groudon\n|-damage|p1a: Groudon|0 fnt\n|faint|p1a: Groudon\n|\n|win|Iamsliverfish\n|raw|Vianex's rating: 1672 &rarr; <strong>1649<\/strong><br \/>(-23 for losing)\n|raw|Iamsliverfish's rating: 1625 &rarr; <strong>1648<\/strong><br \/>(+23 for winning)\n|l|\u2606Vianex\n|player|p1|\n|l|\u2606Iamsliverfish\n|player|p2|\n","uploadtime":1739887123,"views":8,"formatid":"gen9vgc2025regg","rating":1648,"private":0,"password":null}