{"id":"gen9vgc2025regg-2303372759","format":"[Gen 9] VGC 2025 Reg G","players":["roykeenkennedy","Daleg"],"log":"|j|\u2606roykeenkennedy\n|j|\u2606Daleg\n|t:|1739914534\n|gametype|doubles\n|player|p1|roykeenkennedy|alder|1636\n|player|p2|Daleg|266|1793\n|teamsize|p1|6\n|teamsize|p2|6\n|gen|9\n|tier|[Gen 9] VGC 2025 Reg G\n|rated|\n|rule|Species Clause: Limit one of each Pok\u00e9mon\n|rule|Item Clause: Limit 1 of each item\n|clearpoke\n|poke|p1|Raging Bolt, L50|\n|poke|p1|Incineroar, L50, M|\n|poke|p1|Ogerpon-Cornerstone, L50, F|\n|poke|p1|Annihilape, L50, F|\n|poke|p1|Calyrex-Ice, L50|\n|poke|p1|Amoonguss, L50, F|\n|poke|p2|Zamazenta-*, L50|\n|poke|p2|Amoonguss, L50, F|\n|poke|p2|Chien-Pao, L50|\n|poke|p2|Flutter Mane, L50|\n|poke|p2|Rillaboom, L50, F|\n|poke|p2|Dragonite, L50, F|\n|teampreview|4\n|j| tetsuokaga\n|\n|t:|1739914570\n|start\n|switch|p1a: Calyrex|Calyrex-Ice, L50|100\/100\n|switch|p1b: Annihilape|Annihilape, L50, F|100\/100\n|switch|p2a: Chien-Pao|Chien-Pao, L50|100\/100\n|switch|p2b: Zamazenta|Zamazenta-Crowned, L50|100\/100\n|-ability|p1a: Calyrex|As One\n|-ability|p1a: Calyrex|Unnerve\n|-ability|p2a: Chien-Pao|Sword of Ruin\n|-ability|p2b: Zamazenta|Dauntless Shield|boost\n|-boost|p2b: Zamazenta|def|1\n|turn|1\n|\n|t:|1739914599\n|switch|p2a: Amoonguss|Amoonguss, L50, F|100\/100\n|move|p1a: Calyrex|Protect|p1a: Calyrex\n|-singleturn|p1a: Calyrex|Protect\n|move|p1b: Annihilape|Coaching|p1a: Calyrex\n|-boost|p1a: Calyrex|atk|1\n|-boost|p1a: Calyrex|def|1\n|move|p2b: Zamazenta|Iron Defense|p2b: Zamazenta\n|-boost|p2b: Zamazenta|def|2\n|\n|upkeep\n|turn|2\n|j| EllAkuro\n|\n|t:|1739914621\n|move|p2b: Zamazenta|Wide Guard|p2b: Zamazenta\n|-singleturn|p2b: Zamazenta|Wide Guard\n|move|p1b: Annihilape|Coaching|p1a: Calyrex\n|-boost|p1a: Calyrex|atk|1\n|-boost|p1a: Calyrex|def|1\n|move|p1a: Calyrex|Glacial Lance|p2b: Zamazenta|[spread] \n|-activate|p2a: Amoonguss|move: Wide Guard\n|-activate|p2b: Zamazenta|move: Wide Guard\n|move|p2a: Amoonguss|Spore|p1a: Calyrex\n|-status|p1a: Calyrex|slp|[from] move: Spore\n|\n|upkeep\n|turn|3\n|\n|t:|1739914647\n|switch|p1b: Incineroar|Incineroar, L50, M|100\/100\n|-ability|p1b: Incineroar|Intimidate|boost\n|-unboost|p2a: Amoonguss|atk|1\n|-unboost|p2b: Zamazenta|atk|1\n|move|p2b: Zamazenta|Iron Defense|p2b: Zamazenta\n|-boost|p2b: Zamazenta|def|2\n|cant|p1a: Calyrex|slp\n|move|p2a: Amoonguss|Clear Smog|p1a: Calyrex\n|-damage|p1a: Calyrex|89\/100 slp\n|-clearboost|p1a: Calyrex\n|\n|upkeep\n|turn|4\n|\n|t:|1739914671\n|switch|p1a: Annihilape|Annihilape, L50, F|100\/100\n|switch|p2a: Rillaboom|Rillaboom, L50, F|100\/100\n|-fieldstart|move: Grassy Terrain|[from] ability: Grassy Surge|[of] p2a: Rillaboom\n|-terastallize|p1b: Incineroar|Ghost\n|move|p2b: Zamazenta|Body Press|p1a: Annihilape\n|-immune|p1a: Annihilape\n|move|p1b: Incineroar|Will-O-Wisp|p2b: Zamazenta|[miss]\n|-miss|p1b: Incineroar|p2b: Zamazenta\n|\n|upkeep\n|turn|5\n|\n|t:|1739914696\n|switch|p1a: Calyrex|Calyrex-Ice, L50|89\/100 slp\n|-ability|p1a: Calyrex|As One\n|-ability|p1a: Calyrex|Unnerve\n|move|p2b: Zamazenta|Behemoth Bash|p1a: Calyrex\n|-supereffective|p1a: Calyrex\n|-damage|p1a: Calyrex|53\/100 slp\n|move|p2a: Rillaboom|Wood Hammer|p1a: Calyrex\n|-damage|p1a: Calyrex|6\/100 slp\n|-damage|p2a: Rillaboom|85\/100|[from] Recoil\n|move|p1b: Incineroar|Will-O-Wisp|p2b: Zamazenta\n|-status|p2b: Zamazenta|brn\n|\n|-heal|p2a: Rillaboom|91\/100|[from] Grassy Terrain\n|-heal|p1a: Calyrex|12\/100 slp|[from] Grassy Terrain\n|-damage|p2b: Zamazenta|94\/100 brn|[from] brn\n|upkeep\n|turn|6\n|\n|t:|1739914728\n|switch|p1a: Amoonguss|Amoonguss, L50, F|100\/100\n|move|p2b: Zamazenta|Behemoth Bash|p1a: Amoonguss\n|-damage|p1a: Amoonguss|91\/100\n|move|p2a: Rillaboom|Wood Hammer|p1b: Incineroar\n|-crit|p1b: Incineroar\n|-damage|p1b: Incineroar|0 fnt\n|faint|p1b: Incineroar\n|-damage|p2a: Rillaboom|58\/100|[from] Recoil\n|\n|-heal|p2b: Zamazenta|100\/100 brn|[from] Grassy Terrain\n|-heal|p2a: Rillaboom|64\/100|[from] Grassy Terrain\n|-heal|p1a: Amoonguss|97\/100|[from] Grassy Terrain\n|-damage|p2b: Zamazenta|94\/100 brn|[from] brn\n|upkeep\n|c|\u2606roykeenkennedy|Dude\n|c|\u2606roykeenkennedy|Miss\n|c|\u2606roykeenkennedy|Crit\n|\n|t:|1739914750\n|switch|p1b: Annihilape|Annihilape, L50, F|100\/100\n|turn|7\n|j| Hikawari\n|\n|t:|1739914765\n|-terastallize|p2b: Zamazenta|Grass\n|move|p1b: Annihilape|Rage Fist|p2a: Rillaboom\n|-damage|p2a: Rillaboom|43\/100\n|move|p2b: Zamazenta|Body Press|p1a: Amoonguss\n|-resisted|p1a: Amoonguss\n|-damage|p1a: Amoonguss|70\/100\n|move|p2a: Rillaboom|Wood Hammer|p1b: Annihilape\n|-damage|p1b: Annihilape|10\/100\n|-damage|p2a: Rillaboom|12\/100|[from] Recoil\n|move|p1a: Amoonguss|Pollen Puff|p1b: Annihilape\n|-heal|p1b: Annihilape|60\/100\n|\n|-heal|p1b: Annihilape|66\/100|[from] Grassy Terrain\n|-heal|p2b: Zamazenta|100\/100 brn|[from] Grassy Terrain\n|-heal|p2a: Rillaboom|18\/100|[from] Grassy Terrain\n|-heal|p1a: Amoonguss|75\/100|[from] Grassy Terrain\n|-damage|p2b: Zamazenta|94\/100 brn|[from] brn\n|upkeep\n|turn|8\n|\n|t:|1739914799\n|switch|p2a: Amoonguss|Amoonguss, L50, F|100\/100\n|move|p1b: Annihilape|Rage Fist|p2a: Amoonguss\n|-damage|p2a: Amoonguss|71\/100\n|-damage|p1b: Annihilape|49\/100|[from] item: Rocky Helmet|[of] p2a: Amoonguss\n|move|p2b: Zamazenta|Iron Defense|p2b: Zamazenta\n|-boost|p2b: Zamazenta|def|1\n|move|p1a: Amoonguss|Clear Smog|p2b: Zamazenta\n|-supereffective|p2b: Zamazenta\n|-damage|p2b: Zamazenta|73\/100 brn\n|-clearboost|p2b: Zamazenta\n|\n|-heal|p1b: Annihilape|55\/100|[from] Grassy Terrain\n|-heal|p2b: Zamazenta|79\/100 brn|[from] Grassy Terrain\n|-heal|p2a: Amoonguss|77\/100|[from] Grassy Terrain\n|-heal|p1a: Amoonguss|81\/100|[from] Grassy Terrain\n|-damage|p2b: Zamazenta|73\/100 brn|[from] brn\n|-fieldend|move: Grassy Terrain\n|upkeep\n|turn|9\n|inactive|Battle timer is ON: inactive players will automatically lose when time's up. (requested by Daleg)\n|\n|t:|1739914833\n|switch|p1b: Calyrex|Calyrex-Ice, L50|12\/100 slp\n|-ability|p1b: Calyrex|As One\n|-ability|p1b: Calyrex|Unnerve\n|switch|p2b: Rillaboom|Rillaboom, L50, F|18\/100\n|-fieldstart|move: Grassy Terrain|[from] ability: Grassy Surge|[of] p2b: Rillaboom\n|move|p2a: Amoonguss|Rage Powder|p2a: Amoonguss\n|-singleturn|p2a: Amoonguss|move: Rage Powder\n|move|p1a: Amoonguss|Pollen Puff|p1b: Calyrex\n|-heal|p1b: Calyrex|62\/100 slp\n|\n|-heal|p2b: Rillaboom|24\/100|[from] Grassy Terrain\n|-heal|p1b: Calyrex|68\/100 slp|[from] Grassy Terrain\n|-heal|p2a: Amoonguss|83\/100|[from] Grassy Terrain\n|-heal|p1a: Amoonguss|87\/100|[from] Grassy Terrain\n|upkeep\n|turn|10\n|inactive|Daleg has 30 seconds left.\n|inactive|Daleg has 20 seconds left.\n|inactive|Daleg has 15 seconds left.\n|inactive|roykeenkennedy has 30 seconds left.\n|inactive|Daleg has 10 seconds left.\n|inactive|Daleg has 5 seconds left.\n|\n|t:|1739914884\n|move|p2b: Rillaboom|Grassy Glide|p1b: Calyrex\n|-damage|p1b: Calyrex|44\/100 slp\n|cant|p1b: Calyrex|slp\n|move|p2a: Amoonguss|Pollen Puff|p2b: Rillaboom\n|-heal|p2b: Rillaboom|74\/100\n|move|p1a: Amoonguss|Pollen Puff|p1b: Calyrex\n|-heal|p1b: Calyrex|94\/100 slp\n|\n|-heal|p2b: Rillaboom|80\/100|[from] Grassy Terrain\n|-heal|p1b: Calyrex|99\/100 slp|[from] Grassy Terrain\n|-heal|p2a: Amoonguss|89\/100|[from] Grassy Terrain\n|-heal|p1a: Amoonguss|93\/100|[from] Grassy Terrain\n|upkeep\n|turn|11\n|inactive|Daleg has 30 seconds left.\n|inactive|Daleg has 20 seconds left.\n|inactive|Daleg has 15 seconds left.\n|inactive|Daleg has 10 seconds left.\n|\n|t:|1739914930\n|switch|p2a: Zamazenta|Zamazenta-Crowned, L50, tera:Grass|73\/100 brn\n|move|p2b: Rillaboom|Wood Hammer|p1b: Calyrex\n|-damage|p1b: Calyrex|45\/100 slp\n|-damage|p2b: Rillaboom|62\/100|[from] Recoil\n|-curestatus|p1b: Calyrex|slp|[msg]\n|move|p1b: Calyrex|Glacial Lance|p2b: Rillaboom|[spread] p2a,p2b\n|-supereffective|p2a: Zamazenta\n|-supereffective|p2b: Rillaboom\n|-damage|p2a: Zamazenta|4\/100 brn\n|-damage|p2b: Rillaboom|0 fnt\n|faint|p2b: Rillaboom\n|-ability|p1b: Calyrex|Chilling Neigh|boost\n|-boost|p1b: Calyrex|atk|1\n|move|p1a: Amoonguss|Pollen Puff|p1b: Calyrex\n|-heal|p1b: Calyrex|95\/100\n|\n|-heal|p2a: Zamazenta|10\/100 brn|[from] Grassy Terrain\n|-heal|p1b: Calyrex|100\/100|[from] Grassy Terrain\n|-heal|p1a: Amoonguss|99\/100|[from] Grassy Terrain\n|-damage|p2a: Zamazenta|4\/100 brn|[from] brn\n|upkeep\n|inactive|Daleg has 30 seconds left.\n|\n|t:|1739914962\n|switch|p2b: Chien-Pao|Chien-Pao, L50|100\/100\n|-ability|p2b: Chien-Pao|Sword of Ruin\n|turn|12\n|inactive|Daleg has 30 seconds left.\n|inactive|Daleg has 20 seconds left.\n|inactive|Daleg has 15 seconds left.\n|\n|t:|1739915005\n|move|p2a: Zamazenta|Wide Guard|p2a: Zamazenta\n|-singleturn|p2a: Zamazenta|Wide Guard\n|move|p2b: Chien-Pao|Icicle Crash|p1a: Amoonguss\n|-supereffective|p1a: Amoonguss\n|-damage|p1a: Amoonguss|4\/100\n|move|p1b: Calyrex|High Horsepower|p2b: Chien-Pao\n|-damage|p2b: Chien-Pao|7\/100\n|move|p1a: Amoonguss|Pollen Puff|p2b: Chien-Pao\n|-supereffective|p2b: Chien-Pao\n|-damage|p2b: Chien-Pao|0 fnt\n|faint|p2b: Chien-Pao\n|\n|-heal|p2a: Zamazenta|10\/100 brn|[from] Grassy Terrain\n|-heal|p1a: Amoonguss|10\/100|[from] Grassy Terrain\n|-damage|p2a: Zamazenta|4\/100 brn|[from] brn\n|upkeep\n|\n|t:|1739915020\n|switch|p2b: Amoonguss|Amoonguss, L50, F|100\/100\n|turn|13\n|\n|t:|1739915038\n|switch|p1a: Annihilape|Annihilape, L50, F|55\/100\n|move|p2b: Amoonguss|Rage Powder|p2b: Amoonguss\n|-singleturn|p2b: Amoonguss|move: Rage Powder\n|move|p2a: Zamazenta|Behemoth Bash|p1b: Calyrex\n|-supereffective|p1b: Calyrex\n|-damage|p1b: Calyrex|77\/100\n|move|p1b: Calyrex|Glacial Lance|p2a: Zamazenta|[spread] p2a,p2b\n|-supereffective|p2a: Zamazenta\n|-supereffective|p2b: Amoonguss\n|-crit|p2b: Amoonguss\n|-damage|p2a: Zamazenta|0 fnt\n|-damage|p2b: Amoonguss|0 fnt\n|faint|p2a: Zamazenta\n|faint|p2b: Amoonguss\n|\n|win|roykeenkennedy\n|raw|roykeenkennedy's rating: 1636 &rarr; <strong>1664<\/strong><br \/>(+28 for winning)\n|raw|Daleg's rating: 1793 &rarr; <strong>1765<\/strong><br \/>(-28 for losing)\n|l|\u2606Daleg\n|player|p2|\n|l| Hikawari\n|l|\u2606roykeenkennedy\n|player|p1|\n|l| tetsuokaga\n|l| EllAkuro\n","uploadtime":1739915060,"views":14,"formatid":"gen9vgc2025regg","rating":1664,"private":0,"password":null}