{"id":"gen9vgc2025regg-2303995869","format":"[Gen 9] VGC 2025 Reg G","players":["perk1","413XP"],"log":"|j|\u2606perk1\n|j|\u2606413XP\n|t:|1739996438\n|gametype|doubles\n|player|p1|perk1|102|1517\n|player|p2|413XP|266|1609\n|teamsize|p1|6\n|teamsize|p2|6\n|gen|9\n|tier|[Gen 9] VGC 2025 Reg G\n|rated|\n|rule|Species Clause: Limit one of each Pok\u00e9mon\n|rule|Item Clause: Limit 1 of each item\n|clearpoke\n|poke|p1|Miraidon, L50|\n|poke|p1|Cresselia, L50, F|\n|poke|p1|Ursaluna, L50, M|\n|poke|p1|Iron Jugulis, L50|\n|poke|p1|Urshifu-*, L50, M|\n|poke|p1|Ogerpon-Hearthflame, L50, F|\n|poke|p2|Miraidon, L50|\n|poke|p2|Farigiraf, L50, M|\n|poke|p2|Torkoal, L50, F|\n|poke|p2|Ursaluna, L50, M|\n|poke|p2|Chi-Yu, L50|\n|poke|p2|Raging Bolt, L50|\n|teampreview|4\n|j| IceIceCrazy\n|inactive|Battle timer is ON: inactive players will automatically lose when time's up. (requested by 413XP)\n|\n|t:|1739996482\n|start\n|switch|p1a: Miraidon|Miraidon, L50|100\/100\n|switch|p1b: Iron Jugulis|Iron Jugulis, L50|100\/100\n|switch|p2a: Farigiraf|Farigiraf, L50, M|100\/100\n|switch|p2b: Miraidon|Miraidon, L50|100\/100\n|-fieldstart|move: Electric Terrain|[from] ability: Hadron Engine|[of] p1a: Miraidon\n|-activate|p1b: Iron Jugulis|ability: Quark Drive\n|-start|p1b: Iron Jugulis|quarkdrivespe\n|-enditem|p2a: Farigiraf|Electric Seed\n|-boost|p2a: Farigiraf|def|1|[from] item: Electric Seed\n|-activate|p2b: Miraidon|ability: Hadron Engine\n|turn|1\n|\n|t:|1739996505\n|-terastallize|p2a: Farigiraf|Ground\n|move|p1a: Miraidon|Volt Switch|p2a: Farigiraf\n|-immune|p2a: Farigiraf\n|move|p1b: Iron Jugulis|Dark Pulse|p2a: Farigiraf\n|-damage|p2a: Farigiraf|64\/100\n|move|p2b: Miraidon|Volt Switch|p1a: Miraidon\n|-resisted|p1a: Miraidon\n|-damage|p1a: Miraidon|78\/100\n|\n|t:|1739996515\n|switch|p2b: Torkoal|Torkoal, L50, F|100\/100|[from] Volt Switch\n|-weather|SunnyDay|[from] ability: Drought|[of] p2b: Torkoal\n|-item|p2b: Torkoal|Air Balloon\n|move|p2a: Farigiraf|Trick Room|p2a: Farigiraf\n|-fieldstart|move: Trick Room|[of] p2a: Farigiraf\n|\n|-weather|SunnyDay|[upkeep]\n|upkeep\n|turn|2\n|inactive|413XP has 30 seconds left.\n|\n|t:|1739996546\n|move|p1b: Iron Jugulis|Protect|p1b: Iron Jugulis\n|-singleturn|p1b: Iron Jugulis|Protect\n|move|p2b: Torkoal|Eruption|p1a: Miraidon|[spread] p1a\n|-activate|p1b: Iron Jugulis|move: Protect\n|-resisted|p1a: Miraidon\n|-damage|p1a: Miraidon|45\/100\n|move|p2a: Farigiraf|Psychic Noise|p1a: Miraidon\n|-damage|p1a: Miraidon|18\/100\n|-start|p1a: Miraidon|move: Heal Block\n|move|p1a: Miraidon|Volt Switch|p2b: Torkoal\n|-damage|p2b: Torkoal|10\/100\n|-enditem|p2b: Torkoal|Air Balloon\n|\n|t:|1739996562\n|switch|p1a: Ursaluna|Ursaluna, L50, M|100\/100|[from] Volt Switch\n|\n|-weather|SunnyDay|[upkeep]\n|-status|p1a: Ursaluna|brn|[from] item: Flame Orb\n|upkeep\n|turn|3\n|\n|t:|1739996578\n|move|p2b: Torkoal|Overheat|p1b: Iron Jugulis|[miss]\n|-miss|p2b: Torkoal|p1b: Iron Jugulis\n|move|p1a: Ursaluna|Earthquake|p2a: Farigiraf|[spread] p2a,p2b\n|-immune|p1b: Iron Jugulis\n|-supereffective|p2b: Torkoal\n|-damage|p2a: Farigiraf|35\/100\n|-damage|p2b: Torkoal|0 fnt\n|faint|p2b: Torkoal\n|move|p1b: Iron Jugulis|Meteor Beam||[still]\n|-prepare|p1b: Iron Jugulis|Meteor Beam\n|-boost|p1b: Iron Jugulis|spa|1\n|-enditem|p1b: Iron Jugulis|Power Herb\n|-anim|p1b: Iron Jugulis|Meteor Beam|p2a: Farigiraf\n|-resisted|p2a: Farigiraf\n|-damage|p2a: Farigiraf|6\/100\n|move|p2a: Farigiraf|Trick Room|p2a: Farigiraf\n|-fieldend|move: Trick Room\n|\n|-weather|SunnyDay|[upkeep]\n|-damage|p1a: Ursaluna|95\/100 brn|[from] brn\n|upkeep\n|\n|t:|1739996592\n|switch|p2b: Miraidon|Miraidon, L50|100\/100\n|-activate|p2b: Miraidon|ability: Hadron Engine\n|turn|4\n|\n|t:|1739996615\n|-terastallize|p1b: Iron Jugulis|Ghost\n|move|p2a: Farigiraf|Helping Hand|p2b: Miraidon\n|-singleturn|p2b: Miraidon|Helping Hand|[of] p2a: Farigiraf\n|move|p1b: Iron Jugulis|Dark Pulse|p2b: Miraidon\n|-damage|p2b: Miraidon|49\/100\n|move|p2b: Miraidon|Draco Meteor|p1a: Ursaluna\n|-damage|p1a: Ursaluna|0 fnt\n|-unboost|p2b: Miraidon|spa|2\n|faint|p1a: Ursaluna\n|\n|-weather|SunnyDay|[upkeep]\n|upkeep\n|\n|t:|1739996628\n|switch|p1a: Miraidon|Miraidon, L50|18\/100\n|-activate|p1a: Miraidon|ability: Hadron Engine\n|turn|5\n|\n|t:|1739996639\n|move|p1a: Miraidon|Dazzling Gleam|p2a: Farigiraf|[spread] p2a,p2b\n|-supereffective|p2b: Miraidon\n|-damage|p2a: Farigiraf|0 fnt\n|-damage|p2b: Miraidon|0 fnt\n|faint|p2a: Farigiraf\n|faint|p2b: Miraidon\n|move|p1b: Iron Jugulis|Air Cutter|p2: Farigiraf|[notarget]\n|-fail|p1b: Iron Jugulis\n|\n|-weather|none\n|-fieldend|move: Electric Terrain\n|-end|p1b: Iron Jugulis|Quark Drive\n|upkeep\n|\n|t:|1739996640\n|switch|p2b: Raging Bolt|Raging Bolt, L50|100\/100\n|turn|6\n|l| IceIceCrazy\n|j| futonkagebunshin\n|\n|t:|1739996657\n|switch|p1a: Ogerpon|Ogerpon-Hearthflame, L50, F|100\/100\n|-ability|p1a: Ogerpon|Mold Breaker\n|move|p2b: Raging Bolt|Protect|p2b: Raging Bolt\n|-singleturn|p2b: Raging Bolt|Protect\n|move|p1b: Iron Jugulis|Dark Pulse|p2b: Raging Bolt\n|-activate|p2b: Raging Bolt|move: Protect\n|\n|upkeep\n|turn|7\n|\n|t:|1739996672\n|move|p1b: Iron Jugulis|Dark Pulse|p2b: Raging Bolt\n|-damage|p2b: Raging Bolt|43\/100\n|move|p1a: Ogerpon|Ivy Cudgel|p2b: Raging Bolt|[anim] Ivy Cudgel Fire\n|-resisted|p2b: Raging Bolt\n|-damage|p2b: Raging Bolt|17\/100\n|move|p2b: Raging Bolt|Rising Voltage|p1b: Iron Jugulis\n|-damage|p1b: Iron Jugulis|39\/100\n|-damage|p2b: Raging Bolt|7\/100|[from] item: Life Orb\n|\n|upkeep\n|turn|8\n|-message|413XP forfeited.\n|\n|win|perk1\n|raw|perk1's rating: 1517 &rarr; <strong>1542<\/strong><br \/>(+25 for winning)\n|raw|413XP's rating: 1609 &rarr; <strong>1584<\/strong><br \/>(-25 for losing)\n|l|\u2606413XP\n|player|p2|\n|l|\u2606perk1\n|player|p1|\n","uploadtime":1739996833,"views":7,"formatid":"gen9vgc2025regg","rating":1542,"private":0,"password":null}