{"id":"gen9vgc2025regg-2303368411","format":"[Gen 9] VGC 2025 Reg G","players":["Kaicyios","SamP_64"],"log":"|j|\u2606Kaicyios\n|j|\u2606SamP_64\n|t:|1739914080\n|gametype|doubles\n|player|p1|Kaicyios|giovanni|1733\n|player|p2|SamP_64|cyrus|1706\n|teamsize|p1|6\n|teamsize|p2|6\n|gen|9\n|tier|[Gen 9] VGC 2025 Reg G\n|rated|\n|rule|Species Clause: Limit one of each Pok\u00e9mon\n|rule|Item Clause: Limit 1 of each item\n|clearpoke\n|poke|p1|Groudon, L50|\n|poke|p1|Flutter Mane, L50|\n|poke|p1|Chi-Yu, L50|\n|poke|p1|Raging Bolt, L50|\n|poke|p1|Whimsicott, L50, F|\n|poke|p1|Armarouge, L50, M|\n|poke|p2|Incineroar, L50, F|\n|poke|p2|Rillaboom, L50, M|\n|poke|p2|Flutter Mane, L50|\n|poke|p2|Urshifu-*, L50, M|\n|poke|p2|Terapagos, L50, M|\n|poke|p2|Amoonguss, L50, M|\n|teampreview|4\n|inactive|Battle timer is ON: inactive players will automatically lose when time's up. (requested by SamP_64)\n|inactive|Kaicyios has 60 seconds left.\n|j| AlteredOne\n|\n|t:|1739914137\n|start\n|switch|p1a: Whimsicott|Whimsicott, L50, F|100\/100\n|switch|p1b: Groudon|Groudon, L50|100\/100\n|switch|p2a: Terapagos|Terapagos, L50, M|100\/100\n|switch|p2b: Flutter Mane|Flutter Mane, L50|100\/100\n|-activate|p2a: Terapagos|ability: Tera Shift\n|detailschange|p2a: Terapagos|Terapagos-Terastal, L50, M\n|-heal|p2a: Terapagos|100\/100|[silent]\n|-weather|SunnyDay|[from] ability: Drought|[of] p1b: Groudon\n|-activate|p2b: Flutter Mane|ability: Protosynthesis\n|-start|p2b: Flutter Mane|protosynthesisspe\n|turn|1\n|inactive|SamP_64 has 30 seconds left.\n|inactive|Kaicyios has 30 seconds left.\n|\n|t:|1739914172\n|move|p1a: Whimsicott|Tailwind|p1a: Whimsicott\n|-sidestart|p1: Kaicyios|move: Tailwind\n|move|p2b: Flutter Mane|Moonblast|p1a: Whimsicott\n|-damage|p1a: Whimsicott|57\/100\n|move|p1b: Groudon|Precipice Blades|p2b: Flutter Mane|[spread] p2a,p2b\n|-activate|p2a: Terapagos|ability: Tera Shell\n|-resisted|p2a: Terapagos\n|-damage|p2a: Terapagos|77\/100\n|-damage|p2b: Flutter Mane|21\/100\n|move|p2a: Terapagos|Tera Starstorm|p1a: Whimsicott\n|-damage|p1a: Whimsicott|3\/100\n|\n|-weather|SunnyDay|[upkeep]\n|-heal|p2a: Terapagos|83\/100|[from] item: Leftovers\n|upkeep\n|turn|2\n|inactive|Kaicyios has 30 seconds left.\n|inactive|SamP_64 has 30 seconds left.\n|inactive|Kaicyios has 20 seconds left.\n|inactive|SamP_64 has 20 seconds left.\n|inactive|Kaicyios has 15 seconds left.\n|inactive|SamP_64 has 15 seconds left.\n|inactive|Kaicyios has 10 seconds left.\n|inactive|SamP_64 has 10 seconds left.\n|\n|t:|1739914221\n|switch|p1a: Flutter Mane|Flutter Mane, L50|100\/100\n|-activate|p1a: Flutter Mane|ability: Protosynthesis\n|-start|p1a: Flutter Mane|protosynthesisspa\n|move|p2b: Flutter Mane|Icy Wind|p1b: Groudon|[spread] p1a,p1b\n|-supereffective|p1b: Groudon\n|-damage|p1a: Flutter Mane|89\/100\n|-damage|p1b: Groudon|84\/100\n|-unboost|p1a: Flutter Mane|spe|1\n|-unboost|p1b: Groudon|spe|1\n|move|p1b: Groudon|Precipice Blades|p2b: Flutter Mane|[spread] p2a,p2b\n|-damage|p2a: Terapagos|39\/100\n|-damage|p2b: Flutter Mane|0 fnt\n|faint|p2b: Flutter Mane\n|-end|p2b: Flutter Mane|Protosynthesis|[silent]\n|move|p2a: Terapagos|Tera Starstorm|p1b: Groudon\n|-damage|p1b: Groudon|49\/100\n|\n|-weather|SunnyDay|[upkeep]\n|-heal|p2a: Terapagos|44\/100|[from] item: Leftovers\n|upkeep\n|inactive|SamP_64 has 30 seconds left.\n|\n|t:|1739914252\n|switch|p2b: Urshifu|Urshifu-Rapid-Strike, L50, M|100\/100\n|turn|3\n|inactive|SamP_64 has 30 seconds left.\n|inactive|Kaicyios has 30 seconds left.\n|\n|t:|1739914290\n|switch|p2b: Incineroar|Incineroar, L50, F|100\/100\n|-ability|p2b: Incineroar|Intimidate|boost\n|-unboost|p1a: Flutter Mane|atk|1\n|-unboost|p1b: Groudon|atk|1\n|-terastallize|p2a: Terapagos|Stellar\n|detailschange|p2a: Terapagos|Terapagos-Stellar, L50, M, tera:Stellar\n|-heal|p2a: Terapagos|59\/100|[silent]\n|-ability|p2a: Terapagos|Teraform Zero\n|-weather|none\n|-end|p1a: Flutter Mane|Protosynthesis\n|move|p1a: Flutter Mane|Dazzling Gleam|p2a: Terapagos|[spread] p2a,p2b\n|-damage|p2a: Terapagos|27\/100\n|-damage|p2b: Incineroar|66\/100\n|-damage|p1a: Flutter Mane|79\/100|[from] item: Life Orb\n|move|p1b: Groudon|Precipice Blades|p2a: Terapagos|[spread] \n|-miss|p1b: Groudon|p2a: Terapagos\n|-miss|p1b: Groudon|p2b: Incineroar\n|move|p2a: Terapagos|Tera Starstorm|p1a: Flutter Mane|[spread] p1a,p1b\n|-damage|p1a: Flutter Mane|45\/100\n|-damage|p1b: Groudon|25\/100\n|\n|-heal|p2a: Terapagos|33\/100|[from] item: Leftovers\n|upkeep\n|turn|4\n|inactive|Kaicyios has 30 seconds left.\n|inactive|SamP_64 has 30 seconds left.\n|l| AlteredOne\n|inactive|Kaicyios has 20 seconds left.\n|j| kiabu233\n|\n|t:|1739914330\n|-terastallize|p1a: Flutter Mane|Fairy\n|move|p2b: Incineroar|Fake Out|p1b: Groudon\n|-damage|p1b: Groudon|18\/100\n|move|p1a: Flutter Mane|Moonblast|p2a: Terapagos\n|-damage|p2a: Terapagos|0 fnt\n|faint|p2a: Terapagos\n|-damage|p1a: Flutter Mane|35\/100|[from] item: Life Orb\n|cant|p1b: Groudon|flinch\n|\n|-sideend|p1: Kaicyios|move: Tailwind\n|upkeep\n|j| tetsuokaga\n|\n|t:|1739914339\n|switch|p2a: Urshifu|Urshifu-Rapid-Strike, L50, M|100\/100\n|turn|5\n|\n|t:|1739914353\n|move|p2a: Urshifu|Surging Strikes|p1a: Flutter Mane\n|-crit|p1a: Flutter Mane\n|-damage|p1a: Flutter Mane|0 fnt\n|faint|p1a: Flutter Mane\n|-end|p1a: Flutter Mane|Protosynthesis|[silent]\n|-hitcount|p1: Flutter Mane|1\n|move|p2b: Incineroar|Knock Off|p1b: Groudon\n|-damage|p1b: Groudon|0 fnt\n|-enditem|p1b: Groudon|Assault Vest|[from] move: Knock Off|[of] p2b: Incineroar\n|faint|p1b: Groudon\n|\n|upkeep\n|\n|t:|1739914369\n|switch|p1a: Whimsicott|Whimsicott, L50, F|3\/100\n|switch|p1b: Chi-Yu|Chi-Yu, L50|100\/100\n|-ability|p1b: Chi-Yu|Beads of Ruin\n|turn|6\n|inactive|Kaicyios has 30 seconds left.\n|\n|t:|1739914396\n|move|p2a: Urshifu|Aqua Jet|p1a: Whimsicott\n|-resisted|p1a: Whimsicott\n|-damage|p1a: Whimsicott|0 fnt\n|faint|p1a: Whimsicott\n|move|p1b: Chi-Yu|Overheat|p2a: Urshifu\n|-resisted|p2a: Urshifu\n|-enditem|p2a: Urshifu|Focus Sash\n|-damage|p2a: Urshifu|1\/100\n|-unboost|p1b: Chi-Yu|spa|2\n|move|p2b: Incineroar|Knock Off|p1b: Chi-Yu\n|-resisted|p1b: Chi-Yu\n|-damage|p1b: Chi-Yu|78\/100\n|-enditem|p1b: Chi-Yu|Choice Specs|[from] move: Knock Off|[of] p2b: Incineroar\n|\n|upkeep\n|turn|7\n|\n|t:|1739914418\n|move|p2a: Urshifu|Aqua Jet|p1b: Chi-Yu\n|-supereffective|p1b: Chi-Yu\n|-damage|p1b: Chi-Yu|18\/100\n|move|p1b: Chi-Yu|Overheat|p2a: Urshifu\n|-resisted|p2a: Urshifu\n|-damage|p2a: Urshifu|0 fnt\n|-unboost|p1b: Chi-Yu|spa|2\n|faint|p2a: Urshifu\n|move|p2b: Incineroar|Knock Off|p1b: Chi-Yu\n|-resisted|p1b: Chi-Yu\n|-damage|p1b: Chi-Yu|2\/100\n|\n|upkeep\n|turn|8\n|\n|t:|1739914429\n|move|p1b: Chi-Yu|Overheat|p2b: Incineroar\n|-resisted|p2b: Incineroar\n|-damage|p2b: Incineroar|52\/100\n|-unboost|p1b: Chi-Yu|spa|2\n|move|p2b: Incineroar|Knock Off|p1b: Chi-Yu\n|-resisted|p1b: Chi-Yu\n|-damage|p1b: Chi-Yu|0 fnt\n|faint|p1b: Chi-Yu\n|\n|win|SamP_64\n|raw|Kaicyios's rating: 1733 &rarr; <strong>1711<\/strong><br \/>(-22 for losing)\n|raw|SamP_64's rating: 1706 &rarr; <strong>1728<\/strong><br \/>(+22 for winning)\n|l|\u2606Kaicyios\n|player|p1|\n|l| tetsuokaga\n|l| kiabu233\n|l|\u2606SamP_64\n|player|p2|\n","uploadtime":1739914633,"views":35,"formatid":"gen9vgc2025regg","rating":1711,"private":0,"password":null}