{"id":"gen9vgc2025regg-2303996862","format":"[Gen 9] VGC 2025 Reg G","players":["Teraparkor 6","testy accounty 2"],"log":"|j|\u2606Teraparkor 6\n|j|\u2606testy accounty 2\n|t:|1739996542\n|gametype|doubles\n|player|p1|Teraparkor 6|101|1649\n|player|p2|testy accounty 2|170|1760\n|teamsize|p1|6\n|teamsize|p2|6\n|gen|9\n|tier|[Gen 9] VGC 2025 Reg G\n|rated|\n|rule|Species Clause: Limit one of each Pok\u00e9mon\n|rule|Item Clause: Limit 1 of each item\n|clearpoke\n|poke|p1|Calyrex-Shadow, L50|\n|poke|p1|Raging Bolt, L50|\n|poke|p1|Urshifu-*, L50, M|\n|poke|p1|Chi-Yu, L50|\n|poke|p1|Clefairy, L50, M|\n|poke|p1|Rillaboom, L50, F|\n|poke|p2|Kyogre, L50|\n|poke|p2|Incineroar, L50, M|\n|poke|p2|Urshifu-*, L50, M|\n|poke|p2|Rillaboom, L50, M|\n|poke|p2|Amoonguss, L50, M|\n|poke|p2|Roaring Moon, L50|\n|teampreview|4\n|inactive|Battle timer is ON: inactive players will automatically lose when time's up. (requested by Teraparkor 6)\ntesty accounty 2 has agreed to open team sheets.\n|inactive|testy accounty 2 has 60 seconds left.\n|\n|t:|1739996595\n|start\n|switch|p1a: Urshifu|Urshifu, L50, M|100\/100\n|switch|p1b: Rillaboom|Rillaboom, L50, F|100\/100\n|switch|p2a: Kyogre|Kyogre, L50|100\/100\n|switch|p2b: Kenny|Rillaboom, L50, M|100\/100\n|-weather|RainDance|[from] ability: Drizzle|[of] p2a: Kyogre\n|-fieldstart|move: Grassy Terrain|[from] ability: Grassy Surge|[of] p1b: Rillaboom\n|turn|1\n|inactive|testy accounty 2 has 30 seconds left.\n|inactive|testy accounty 2 has 20 seconds left.\n|inactive|testy accounty 2 has 15 seconds left.\n|\n|t:|1739996640\n|-terastallize|p1a: Urshifu|Stellar\n|move|p1b: Rillaboom|Fake Out|p2b: Kenny\n|-damage|p2b: Kenny|86\/100\n|cant|p2b: Kenny|flinch\n|move|p1a: Urshifu|Wicked Blow|p2a: Kyogre\n|-crit|p2a: Kyogre\n|-damage|p2a: Kyogre|10\/100\n|move|p2a: Kyogre|Origin Pulse|p1a: Urshifu|[spread] p1b\n|-miss|p2a: Kyogre|p1a: Urshifu\n|-resisted|p1b: Rillaboom\n|-damage|p1b: Rillaboom|53\/100\n|\n|-weather|RainDance|[upkeep]\n|-heal|p2a: Kyogre|16\/100|[from] Grassy Terrain\n|-heal|p2a: Kyogre|22\/100|[from] item: Leftovers\n|-heal|p1b: Rillaboom|59\/100|[from] Grassy Terrain\n|-heal|p2b: Kenny|92\/100|[from] Grassy Terrain\n|upkeep\n|turn|2\n|j| futonkagebunshin\n|inactive|testy accounty 2 has 30 seconds left.\n|inactive|testy accounty 2 has 20 seconds left.\n|inactive|testy accounty 2 has 15 seconds left.\n|\n|t:|1739996683\n|switch|p2a: Ian|Incineroar, L50, M|100\/100\n|-ability|p2a: Ian|Intimidate|boost\n|-unboost|p1a: Urshifu|atk|1\n|-unboost|p1b: Rillaboom|atk|1\n|move|p2b: Kenny|Grassy Glide|p1a: Urshifu\n|-damage|p1a: Urshifu|63\/100\n|move|p1a: Urshifu|Close Combat|p2b: Kenny\n|-damage|p2b: Kenny|28\/100\n|-unboost|p1a: Urshifu|def|1\n|-unboost|p1a: Urshifu|spd|1\n|move|p1b: Rillaboom|Wood Hammer|p2a: Ian\n|-resisted|p2a: Ian\n|-damage|p2a: Ian|69\/100\n|-damage|p1b: Rillaboom|47\/100|[from] Recoil\n|\n|-weather|RainDance|[upkeep]\n|-heal|p1a: Urshifu|68\/100|[from] Grassy Terrain\n|-heal|p1b: Rillaboom|52\/100|[from] Grassy Terrain\n|-heal|p2b: Kenny|34\/100|[from] Grassy Terrain\n|-heal|p2a: Ian|75\/100|[from] Grassy Terrain\n|upkeep\n|turn|3\n|inactive|testy accounty 2 has 30 seconds left.\n|inactive|testy accounty 2 has 20 seconds left.\n|\n|t:|1739996722\n|switch|p1a: Clefairy|Clefairy, L50, M|100\/100\n|move|p1b: Rillaboom|Protect|p1b: Rillaboom\n|-singleturn|p1b: Rillaboom|Protect\n|move|p2a: Ian|Fake Out|p1b: Rillaboom\n|-activate|p1b: Rillaboom|move: Protect\n|move|p2b: Kenny|Grassy Glide|p1a: Clefairy\n|-damage|p1a: Clefairy|69\/100\n|\n|-weather|RainDance|[upkeep]\n|-heal|p1b: Rillaboom|58\/100|[from] Grassy Terrain\n|-heal|p2b: Kenny|40\/100|[from] Grassy Terrain\n|-heal|p2a: Ian|81\/100|[from] Grassy Terrain\n|-heal|p1a: Clefairy|76\/100|[from] Grassy Terrain\n|upkeep\n|turn|4\n|inactive|testy accounty 2 has 30 seconds left.\n|inactive|testy accounty 2 has 20 seconds left.\n|\n|t:|1739996758\n|switch|p2b: Kyogre|Kyogre, L50|22\/100\n|move|p1a: Clefairy|Protect|p1a: Clefairy\n|-singleturn|p1a: Clefairy|Protect\n|move|p1b: Rillaboom|Wood Hammer|p2b: Kyogre\n|-supereffective|p2b: Kyogre\n|-damage|p2b: Kyogre|0 fnt\n|faint|p2b: Kyogre\n|-damage|p1b: Rillaboom|50\/100|[from] Recoil\n|move|p2a: Ian|Knock Off|p1a: Clefairy\n|-activate|p1a: Clefairy|move: Protect\n|\n|-weather|RainDance|[upkeep]\n|-heal|p1b: Rillaboom|56\/100|[from] Grassy Terrain\n|-heal|p2a: Ian|87\/100|[from] Grassy Terrain\n|-heal|p1a: Clefairy|82\/100|[from] Grassy Terrain\n|upkeep\n|\n|t:|1739996767\n|switch|p2b: MOOON|Roaring Moon, L50|100\/100\n|-enditem|p2b: MOOON|Booster Energy\n|-activate|p2b: MOOON|ability: Protosynthesis|[fromitem]\n|-start|p2b: MOOON|protosynthesisspe\n|turn|5\n|inactive|Teraparkor 6 has 30 seconds left.\n|inactive|testy accounty 2 has 30 seconds left.\n|\n|t:|1739996798\n|-terastallize|p2b: MOOON|Flying\n|move|p1a: Clefairy|Protect|p1a: Clefairy\n|-singleturn|p1a: Clefairy|Protect\n|move|p2b: MOOON|Acrobatics|p1b: Rillaboom\n|-supereffective|p1b: Rillaboom\n|-damage|p1b: Rillaboom|0 fnt\n|faint|p1b: Rillaboom\n|move|p2a: Ian|Knock Off|p1a: Clefairy\n|-activate|p1a: Clefairy|move: Protect\n|\n|-weather|none\n|-heal|p2a: Ian|93\/100|[from] Grassy Terrain\n|-heal|p1a: Clefairy|88\/100|[from] Grassy Terrain\n|-fieldend|move: Grassy Terrain\n|upkeep\n|\n|t:|1739996812\n|switch|p1b: Calyrex|Calyrex-Shadow, L50|100\/100\n|-ability|p1b: Calyrex|As One\n|-ability|p1b: Calyrex|Unnerve\n|turn|6\n|\n|t:|1739996822\n|move|p2b: MOOON|Protect|p2b: MOOON\n|-singleturn|p2b: MOOON|Protect\n|move|p1a: Clefairy|Follow Me|p1a: Clefairy\n|-singleturn|p1a: Clefairy|move: Follow Me\n|move|p1b: Calyrex|Nasty Plot|p1b: Calyrex\n|-boost|p1b: Calyrex|spa|2\n|move|p2a: Ian|Knock Off|p1a: Clefairy\n|-resisted|p1a: Clefairy\n|-damage|p1a: Clefairy|72\/100\n|-enditem|p1a: Clefairy|Eviolite|[from] move: Knock Off|[of] p2a: Ian\n|\n|upkeep\n|turn|7\n|inactive|testy accounty 2 has 30 seconds left.\n|inactive|testy accounty 2 has 20 seconds left.\n|l| futonkagebunshin\n|\n|t:|1739996859\n|move|p1a: Clefairy|Follow Me|p1a: Clefairy\n|-singleturn|p1a: Clefairy|move: Follow Me\n|move|p2b: MOOON|Acrobatics|p1a: Clefairy\n|-damage|p1a: Clefairy|0 fnt\n|faint|p1a: Clefairy\n|move|p1b: Calyrex|Astral Barrage|p2a: Ian|[spread] p2a,p2b\n|-resisted|p2a: Ian\n|-damage|p2a: Ian|54\/100\n|-damage|p2b: MOOON|6\/100\n|move|p2a: Ian|Knock Off|p1b: Calyrex\n|-supereffective|p1b: Calyrex\n|-damage|p1b: Calyrex|0 fnt\n|-enditem|p1b: Calyrex|Covert Cloak|[from] move: Knock Off|[of] p2a: Ian\n|faint|p1b: Calyrex\n|\n|upkeep\n|\n|t:|1739996870\n|switch|p1b: Urshifu|Urshifu, L50, M, tera:Stellar|68\/100\n|turn|8\n|\n|t:|1739996891\n|move|p1b: Urshifu|Protect|p1b: Urshifu\n|-singleturn|p1b: Urshifu|Protect\n|move|p2b: MOOON|Tailwind|p2b: MOOON\n|-sidestart|p2: testy accounty 2|move: Tailwind\n|move|p2a: Ian|Will-O-Wisp|p1b: Urshifu\n|-activate|p1b: Urshifu|move: Protect\n|\n|upkeep\n|turn|9\n|\n|t:|1739996911\n|move|p1b: Urshifu|Sucker Punch|p2b: MOOON\n|-damage|p2b: MOOON|0 fnt\n|faint|p2b: MOOON\n|-end|p2b: MOOON|Protosynthesis|[silent]\n|move|p2a: Ian|Will-O-Wisp|p1b: Urshifu\n|-status|p1b: Urshifu|brn\n|\n|-damage|p1b: Urshifu|63\/100 brn|[from] brn\n|upkeep\n|\n|t:|1739996922\n|switch|p2b: Kenny|Rillaboom, L50, M|40\/100\n|-fieldstart|move: Grassy Terrain|[from] ability: Grassy Surge|[of] p2b: Kenny\n|turn|10\n|\n|t:|1739996931\n|move|p2b: Kenny|Fake Out|p1b: Urshifu\n|-damage|p1b: Urshifu|47\/100 brn\n|move|p2a: Ian|Knock Off|p1b: Urshifu\n|-resisted|p1b: Urshifu\n|-damage|p1b: Urshifu|37\/100 brn\n|-enditem|p1b: Urshifu|Focus Sash|[from] move: Knock Off|[of] p2a: Ian\n|cant|p1b: Urshifu|flinch\n|\n|-heal|p2b: Kenny|46\/100|[from] Grassy Terrain\n|-heal|p2a: Ian|60\/100|[from] Grassy Terrain\n|-heal|p1b: Urshifu|43\/100 brn|[from] Grassy Terrain\n|-damage|p1b: Urshifu|37\/100 brn|[from] brn\n|upkeep\n|turn|11\n|\n|t:|1739996955\n|move|p1b: Urshifu|Protect|p1b: Urshifu\n|-singleturn|p1b: Urshifu|Protect\n|move|p2b: Kenny|Grassy Glide|p1b: Urshifu\n|-activate|p1b: Urshifu|move: Protect\n|move|p2a: Ian|Knock Off|p1b: Urshifu\n|-activate|p1b: Urshifu|move: Protect\n|\n|-heal|p2b: Kenny|53\/100|[from] Grassy Terrain\n|-heal|p2a: Ian|66\/100|[from] Grassy Terrain\n|-heal|p1b: Urshifu|43\/100 brn|[from] Grassy Terrain\n|-damage|p1b: Urshifu|37\/100 brn|[from] brn\n|-sideend|p2: testy accounty 2|move: Tailwind\n|upkeep\n|turn|12\n|\n|t:|1739996964\n|move|p1b: Urshifu|Close Combat|p2b: Kenny\n|-damage|p2b: Kenny|17\/100\n|-unboost|p1b: Urshifu|def|1\n|-unboost|p1b: Urshifu|spd|1\n|move|p2b: Kenny|Wood Hammer|p1b: Urshifu\n|-damage|p1b: Urshifu|0 fnt\n|faint|p1b: Urshifu\n|-damage|p2b: Kenny|6\/100|[from] Recoil\n|\n|win|testy accounty 2\n|raw|Teraparkor 6's rating: 1649 &rarr; <strong>1635<\/strong><br \/>(-14 for losing)\n|raw|testy accounty 2's rating: 1760 &rarr; <strong>1774<\/strong><br \/>(+14 for winning)\n|l|\u2606Teraparkor 6\n|player|p1|\n","uploadtime":1739996976,"views":30,"formatid":"gen9vgc2025regg","rating":1635,"private":0,"password":null}