{"id":"gen9vgc2025regg-2303927525","format":"[Gen 9] VGC 2025 Reg G","players":["zero_the_enforcer","kfjtdhynd"],"log":"|j|\u203dzero_the_enforcer\n|j|\u2606kfjtdhynd\n|t:|1739989679\n|gametype|doubles\n|player|p1|zero_the_enforcer|266|1628\n|player|p2|kfjtdhynd|266|1588\n|teamsize|p1|6\n|teamsize|p2|6\n|gen|9\n|tier|[Gen 9] VGC 2025 Reg G\n|rated|\n|rule|Species Clause: Limit one of each Pok\u00e9mon\n|rule|Item Clause: Limit 1 of each item\n|clearpoke\n|poke|p1|Miraidon, L50|\n|poke|p1|Whimsicott, L50, M|\n|poke|p1|Urshifu-*, L50, M|\n|poke|p1|Chi-Yu, L50|\n|poke|p1|Ditto, L50|\n|poke|p1|Dragonite, L50, M|\n|poke|p2|Lunala, L50|\n|poke|p2|Rillaboom, L50, M|\n|poke|p2|Urshifu-*, L50, M|\n|poke|p2|Ursaluna, L50, M|\n|poke|p2|Incineroar, L50, M|\n|poke|p2|Amoonguss, L50, M|\n|teampreview|4\nkfjtdhynd rejected open team sheets.\n|\n|t:|1739989720\n|start\n|switch|p1a: Miraidon|Miraidon, L50|100\/100\n|switch|p1b: Chi-Yu|Chi-Yu, L50|100\/100\n|switch|p2a: Incineroar|Incineroar, L50, M|100\/100\n|switch|p2b: Lunala|Lunala, L50|100\/100\n|-ability|p1b: Chi-Yu|Beads of Ruin\n|-fieldstart|move: Electric Terrain|[from] ability: Hadron Engine|[of] p1a: Miraidon\n|-ability|p2a: Incineroar|Intimidate|boost\n|-unboost|p1a: Miraidon|atk|1\n|-unboost|p1b: Chi-Yu|atk|1\n|turn|1\n|j| EllAkuro\n|\n|t:|1739989742\n|-terastallize|p1a: Miraidon|Ghost\n|move|p2a: Incineroar|Fake Out|p1b: Chi-Yu\n|-damage|p1b: Chi-Yu|80\/100\n|cant|p1b: Chi-Yu|flinch\n|move|p1a: Miraidon|Electro Drift|p2b: Lunala\n|-damage|p2b: Lunala|38\/100\n|move|p2b: Lunala|Trick Room|p2b: Lunala\n|-fieldstart|move: Trick Room|[of] p2b: Lunala\n|\n|upkeep\n|turn|2\n|\n|t:|1739989757\n|move|p2a: Incineroar|Knock Off|p1a: Miraidon\n|-supereffective|p1a: Miraidon\n|-damage|p1a: Miraidon|30\/100\n|-enditem|p1a: Miraidon|Choice Specs|[from] move: Knock Off|[of] p2a: Incineroar\n|move|p2b: Lunala|Meteor Beam||[still]\n|-prepare|p2b: Lunala|Meteor Beam\n|-boost|p2b: Lunala|spa|1\n|-enditem|p2b: Lunala|Power Herb\n|-anim|p2b: Lunala|Meteor Beam|p1b: Chi-Yu\n|-supereffective|p1b: Chi-Yu\n|-damage|p1b: Chi-Yu|0 fnt\n|faint|p1b: Chi-Yu\n|move|p1a: Miraidon|Electro Drift|p2b: Lunala\n|-damage|p2b: Lunala|0 fnt\n|faint|p2b: Lunala\n|\n|upkeep\n|\n|t:|1739989773\n|switch|p2b: Ursaluna|Ursaluna, L50, M|100\/100\n|switch|p1b: Urshifu|Urshifu-Rapid-Strike, L50, M|100\/100\n|turn|3\n|\n|t:|1739989782\n|-terastallize|p2b: Ursaluna|Ghost\n|move|p2b: Ursaluna|Facade|p1b: Urshifu\n|-damage|p1b: Urshifu|61\/100\n|move|p2a: Incineroar|Knock Off|p1a: Miraidon\n|-supereffective|p1a: Miraidon\n|-damage|p1a: Miraidon|0 fnt\n|faint|p1a: Miraidon\n|move|p1b: Urshifu|Surging Strikes|p2b: Ursaluna\n|-crit|p2b: Ursaluna\n|-damage|p2b: Ursaluna|86\/100\n|-crit|p2b: Ursaluna\n|-damage|p2b: Ursaluna|69\/100\n|-crit|p2b: Ursaluna\n|-damage|p2b: Ursaluna|54\/100\n|-hitcount|p2b: Ursaluna|3\n|\n|-status|p2b: Ursaluna|brn|[from] item: Flame Orb\n|upkeep\n|\n|t:|1739989795\n|switch|p1a: Dragonite|Dragonite, L50, M|100\/100\n|turn|4\n|\n|t:|1739989805\n|move|p2b: Ursaluna|Facade|p1b: Urshifu\n|-damage|p1b: Urshifu|0 fnt\n|faint|p1b: Urshifu\n|move|p2a: Incineroar|Knock Off|p1a: Dragonite\n|-damage|p1a: Dragonite|58\/100\n|-enditem|p1a: Dragonite|Choice Band|[from] move: Knock Off|[of] p2a: Incineroar\n|move|p1a: Dragonite|Outrage|p2b: Ursaluna\n|-damage|p2b: Ursaluna|8\/100 brn\n|\n|-damage|p2b: Ursaluna|2\/100 brn|[from] brn\n|upkeep\n|turn|5\n|\n|t:|1739989818\n|move|p2b: Ursaluna|Facade|p1a: Dragonite\n|-damage|p1a: Dragonite|0 fnt\n|faint|p1a: Dragonite\n|\n|win|kfjtdhynd\n|raw|zero_the_enforcer's rating: 1628 &rarr; <strong>1606<\/strong><br \/>(-22 for losing)\n|raw|kfjtdhynd's rating: 1588 &rarr; <strong>1610<\/strong><br \/>(+22 for winning)\n|l|\u2606kfjtdhynd\n|player|p2|\n","uploadtime":1739989824,"views":19,"formatid":"gen9vgc2025regg","rating":1606,"private":0,"password":null}