{"id":"gen9vgc2025regg-2303215864","format":"[Gen 9] VGC 2025 Reg G","players":["prof_tiberius","kojimuranishi"],"log":"|j|\u2606prof_tiberius\n|j|\u2606kojimuranishi\n|t:|1739899025\n|gametype|doubles\n|player|p1|prof_tiberius|colress|1601\n|player|p2|kojimuranishi|265|1853\n|teamsize|p1|6\n|teamsize|p2|6\n|gen|9\n|tier|[Gen 9] VGC 2025 Reg G\n|rated|\n|rule|Species Clause: Limit one of each Pok\u00e9mon\n|rule|Item Clause: Limit 1 of each item\n|clearpoke\n|poke|p1|Miraidon, L50|\n|poke|p1|Urshifu-*, L50, F|\n|poke|p1|Farigiraf, L50, F|\n|poke|p1|Incineroar, L50, M|\n|poke|p1|Tornadus, L50, M|\n|poke|p1|Ogerpon-Cornerstone, L50, F|\n|poke|p2|Whimsicott, L50, M|\n|poke|p2|Calyrex-Ice, L50|\n|poke|p2|Urshifu-*, L50, M|\n|poke|p2|Chi-Yu, L50|\n|poke|p2|Raging Bolt, L50|\n|poke|p2|Landorus, L50, M|\n|teampreview|4\n|inactive|Battle timer is ON: inactive players will automatically lose when time's up. (requested by kojimuranishi)\n|inactive|prof_tiberius has 60 seconds left.\n|\n|t:|1739899064\n|start\n|switch|p1a: Urshifu|Urshifu-Rapid-Strike, L50, F|100\/100\n|switch|p1b: Miraidon|Miraidon, L50|100\/100\n|switch|p2a: Whimsicott|Whimsicott, L50, M|100\/100\n|switch|p2b: Landorus|Landorus, L50, M|100\/100\n|-fieldstart|move: Electric Terrain|[from] ability: Hadron Engine|[of] p1b: Miraidon\n|turn|1\n|inactive|prof_tiberius has 30 seconds left.\n|\n|t:|1739899090\n|-terastallize|p1b: Miraidon|Fairy\n|move|p2a: Whimsicott|Tailwind|p2a: Whimsicott\n|-sidestart|p2: kojimuranishi|move: Tailwind\n|move|p2b: Landorus|Sandsear Storm|p1b: Miraidon|[spread] p1a\n|-miss|p2b: Landorus|p1b: Miraidon\n|-damage|p1a: Urshifu|7\/100\n|move|p1a: Urshifu|Surging Strikes|p2b: Landorus\n|-supereffective|p2b: Landorus\n|-crit|p2b: Landorus\n|-damage|p2b: Landorus|45\/100\n|-supereffective|p2b: Landorus\n|-crit|p2b: Landorus\n|-damage|p2b: Landorus|0 fnt\n|faint|p2b: Landorus\n|-hitcount|p2: Landorus|2\n|move|p1b: Miraidon|Volt Switch|p2a: Whimsicott\n|-resisted|p2a: Whimsicott\n|-damage|p2a: Whimsicott|48\/100\n|\n|t:|1739899109\n|switch|p1b: Incineroar|Incineroar, L50, M|100\/100|[from] Volt Switch\n|-ability|p1b: Incineroar|Intimidate|boost\n|-unboost|p2a: Whimsicott|atk|1\n|\n|upkeep\n|\n|t:|1739899118\n|switch|p2b: Raging Bolt|Raging Bolt, L50|100\/100\n|-enditem|p2b: Raging Bolt|Booster Energy\n|-activate|p2b: Raging Bolt|ability: Protosynthesis|[fromitem]\n|-start|p2b: Raging Bolt|protosynthesisspa\n|turn|2\n|\n|t:|1739899134\n|switch|p1a: Miraidon|Miraidon, L50, tera:Fairy|100\/100\n|-activate|p1a: Miraidon|ability: Hadron Engine\n|move|p2a: Whimsicott|Moonblast|p1a: Miraidon\n|-damage|p1a: Miraidon|80\/100\n|-unboost|p1a: Miraidon|spa|1\n|move|p2b: Raging Bolt|Thunderbolt|p1a: Miraidon\n|-crit|p1a: Miraidon\n|-damage|p1a: Miraidon|0 fnt\n|faint|p1a: Miraidon\n|move|p1b: Incineroar|Parting Shot|p2b: Raging Bolt\n|-unboost|p2b: Raging Bolt|atk|1\n|-unboost|p2b: Raging Bolt|spa|1\n|\n|t:|1739899149\n|switch|p1b: Farigiraf|Farigiraf, L50, F|100\/100|[from] Parting Shot\n|-enditem|p1b: Farigiraf|Electric Seed\n|-boost|p1b: Farigiraf|def|1|[from] item: Electric Seed\n|\n|upkeep\n|\n|t:|1739899155\n|switch|p1a: Incineroar|Incineroar, L50, M|100\/100\n|-ability|p1a: Incineroar|Intimidate|boost\n|-unboost|p2a: Whimsicott|atk|1\n|-unboost|p2b: Raging Bolt|atk|1\n|turn|3\n|inactive|kojimuranishi has 30 seconds left.\n|inactive|kojimuranishi has 20 seconds left.\n|\n|t:|1739899191\n|move|p1a: Incineroar|Fake Out|p2b: Raging Bolt\n|-damage|p2b: Raging Bolt|92\/100\n|cant|p2b: Raging Bolt|flinch\n|move|p2a: Whimsicott|Trick Room|p2a: Whimsicott\n|-fieldstart|move: Trick Room|[of] p2a: Whimsicott\n|move|p1b: Farigiraf|Trick Room|p1b: Farigiraf\n|-fieldend|move: Trick Room\n|\n|upkeep\n|turn|4\n|\n|t:|1739899207\n|-terastallize|p2b: Raging Bolt|Electric\n|move|p2a: Whimsicott|Endeavor|p1b: Farigiraf\n|-damage|p1b: Farigiraf|29\/100\n|move|p2b: Raging Bolt|Thunderbolt|p1b: Farigiraf\n|-damage|p1b: Farigiraf|0 fnt\n|faint|p1b: Farigiraf\n|move|p1a: Incineroar|Parting Shot|p2b: Raging Bolt\n|-unboost|p2b: Raging Bolt|atk|1\n|-unboost|p2b: Raging Bolt|spa|1\n|\n|t:|1739899217\n|switch|p1a: Urshifu|Urshifu-Rapid-Strike, L50, F|7\/100|[from] Parting Shot\n|\n|-sideend|p2: kojimuranishi|move: Tailwind\n|upkeep\n|\n|t:|1739899221\n|switch|p1b: Incineroar|Incineroar, L50, M|100\/100\n|-ability|p1b: Incineroar|Intimidate|boost\n|-unboost|p2a: Whimsicott|atk|1\n|-unboost|p2b: Raging Bolt|atk|1\n|turn|5\n|\n|t:|1739899234\n|move|p1b: Incineroar|Fake Out|p2b: Raging Bolt\n|-damage|p2b: Raging Bolt|82\/100\n|move|p2a: Whimsicott|Tailwind|p2a: Whimsicott\n|-sidestart|p2: kojimuranishi|move: Tailwind\n|cant|p2b: Raging Bolt|flinch\n|move|p1a: Urshifu|Surging Strikes|p2b: Raging Bolt\n|-crit|p2b: Raging Bolt\n|-damage|p2b: Raging Bolt|62\/100\n|-crit|p2b: Raging Bolt\n|-damage|p2b: Raging Bolt|43\/100\n|-crit|p2b: Raging Bolt\n|-damage|p2b: Raging Bolt|25\/100\n|-hitcount|p2b: Raging Bolt|3\n|\n|-fieldend|move: Electric Terrain\n|upkeep\n|turn|6\n|\n|t:|1739899254\n|move|p2a: Whimsicott|Endeavor|p1b: Incineroar\n|-damage|p1b: Incineroar|32\/100\n|-damage|p2a: Whimsicott|31\/100|[from] item: Rocky Helmet|[of] p1b: Incineroar\n|move|p2b: Raging Bolt|Thunderbolt|p1b: Incineroar\n|-damage|p1b: Incineroar|0 fnt\n|faint|p1b: Incineroar\n|move|p1a: Urshifu|Surging Strikes|p2b: Raging Bolt\n|-crit|p2b: Raging Bolt\n|-damage|p2b: Raging Bolt|4\/100\n|-crit|p2b: Raging Bolt\n|-damage|p2b: Raging Bolt|0 fnt\n|faint|p2b: Raging Bolt\n|-end|p2b: Raging Bolt|Protosynthesis|[silent]\n|-hitcount|p2: Raging Bolt|2\n|\n|upkeep\n|\n|t:|1739899268\n|switch|p2b: Calyrex|Calyrex-Ice, L50|100\/100\n|-ability|p2b: Calyrex|As One\n|-ability|p2b: Calyrex|Unnerve\n|turn|7\n|\n|t:|1739899275\n|move|p2a: Whimsicott|Moonblast|p1a: Urshifu\n|-supereffective|p1a: Urshifu\n|-damage|p1a: Urshifu|0 fnt\n|faint|p1a: Urshifu\n|\n|win|kojimuranishi\n|raw|prof_tiberius's rating: 1601 &rarr; <strong>1593<\/strong><br \/>(-8 for losing)\n|raw|kojimuranishi's rating: 1853 &rarr; <strong>1861<\/strong><br \/>(+8 for winning)\n","uploadtime":1739899279,"views":72,"formatid":"gen9vgc2025regg","rating":1593,"private":0,"password":null}