{"id":"gen9vgc2025regg-2303414327","format":"[Gen 9] VGC 2025 Reg G","players":["ApoVGC","chin8"],"log":"|j|\u2606ApoVGC\n|j|\u2606chin8\n|t:|1739919021\n|gametype|doubles\n|player|p1|ApoVGC|169|1642\n|player|p2|chin8|gentleman-gen4dp|1633\n|teamsize|p1|6\n|teamsize|p2|6\n|gen|9\n|tier|[Gen 9] VGC 2025 Reg G\n|rated|\n|rule|Species Clause: Limit one of each Pok\u00e9mon\n|rule|Item Clause: Limit 1 of each item\n|clearpoke\n|poke|p1|Calyrex-Shadow, L50|\n|poke|p1|Amoonguss, L50, M|\n|poke|p1|Tornadus, L50, M|\n|poke|p1|Indeedee-F, L50, F|\n|poke|p1|Urshifu-*, L50, M|\n|poke|p1|Chi-Yu, L50|\n|poke|p2|Calyrex-Shadow, L50|\n|poke|p2|Incineroar, L50, M|\n|poke|p2|Rillaboom, L50, M|\n|poke|p2|Gastrodon-East, L50, M|\n|poke|p2|Hitmonchan, L50, M|\n|poke|p2|Tropius, L50, F|\n|teampreview|4\n|inactive|Battle timer is ON: inactive players will automatically lose when time's up. (requested by ApoVGC)\n|j| 2-2-2 Ape\n|\n|t:|1739919046\n|start\n|switch|p1a: Tornadus|Tornadus, L50, M|100\/100\n|switch|p1b: Calyrex|Calyrex-Shadow, L50|100\/100\n|switch|p2a: Calyrex|Calyrex-Shadow, L50|100\/100\n|switch|p2b: Incineroar|Incineroar, L50, M|100\/100\n|-ability|p1b: Calyrex|As One\n|-ability|p1b: Calyrex|Unnerve\n|-ability|p2a: Calyrex|As One\n|-ability|p2a: Calyrex|Unnerve\n|-ability|p2b: Incineroar|Intimidate|boost\n|-unboost|p1a: Tornadus|atk|1\n|-unboost|p1b: Calyrex|atk|1\n|turn|1\n|l| 2-2-2 Ape\n|\n|t:|1739919061\n|switch|p2a: Tropius|Tropius, L50, F|100\/100\n|switch|p1a: Indeedee|Indeedee-F, L50, F|100\/100\n|-fieldstart|move: Psychic Terrain|[from] ability: Psychic Surge|[of] p1a: Indeedee\n|-enditem|p1a: Indeedee|Psychic Seed\n|-boost|p1a: Indeedee|spd|1|[from] item: Psychic Seed\n|move|p1b: Calyrex|Protect|p1b: Calyrex\n|-singleturn|p1b: Calyrex|Protect\n|move|p2b: Incineroar|Knock Off|p1b: Calyrex\n|-activate|p1b: Calyrex|move: Protect\n|\n|upkeep\n|turn|2\n|\n|t:|1739919079\n|switch|p2a: Rillaboom|Rillaboom, L50, M|100\/100\n|-fieldstart|move: Grassy Terrain|[from] ability: Grassy Surge|[of] p2a: Rillaboom\n|move|p1a: Indeedee|Follow Me|p1a: Indeedee\n|-singleturn|p1a: Indeedee|move: Follow Me\n|move|p1b: Calyrex|Astral Barrage|p2a: Rillaboom|[spread] p2a,p2b\n|-resisted|p2b: Incineroar\n|-damage|p2a: Rillaboom|52\/100\n|-damage|p2b: Incineroar|73\/100\n|-damage|p1b: Calyrex|91\/100|[from] item: Life Orb\n|move|p2b: Incineroar|Parting Shot|p1a: Indeedee\n|-unboost|p1a: Indeedee|atk|1\n|-unboost|p1a: Indeedee|spa|1\n|\n|t:|1739919090\n|switch|p2b: Calyrex|Calyrex-Shadow, L50|100\/100|[from] Parting Shot\n|-ability|p2b: Calyrex|As One\n|-ability|p2b: Calyrex|Unnerve\n|\n|-heal|p1b: Calyrex|96\/100|[from] Grassy Terrain\n|-heal|p2a: Rillaboom|58\/100|[from] Grassy Terrain\n|upkeep\n|turn|3\n|\n|t:|1739919100\n|switch|p1a: Tornadus|Tornadus, L50, M|100\/100\n|-terastallize|p2b: Calyrex|Fairy\n|move|p1b: Calyrex|Protect|p1b: Calyrex\n|-singleturn|p1b: Calyrex|Protect\n|move|p2b: Calyrex|Calm Mind|p2b: Calyrex\n|-boost|p2b: Calyrex|spa|1\n|-boost|p2b: Calyrex|spd|1\n|move|p2a: Rillaboom|U-turn|p1a: Tornadus\n|-resisted|p1a: Tornadus\n|-damage|p1a: Tornadus|89\/100\n|\n|t:|1739919105\n|switch|p2a: Incineroar|Incineroar, L50, M|73\/100|[from] U-turn\n|-ability|p2a: Incineroar|Intimidate|boost\n|-unboost|p1a: Tornadus|atk|1\n|-unboost|p1b: Calyrex|atk|1\n|\n|-heal|p1b: Calyrex|100\/100|[from] Grassy Terrain\n|-heal|p2a: Incineroar|79\/100|[from] Grassy Terrain\n|upkeep\n|turn|4\n|\n|t:|1739919125\n|-terastallize|p1b: Calyrex|Fairy\n|move|p2b: Calyrex|Protect|p2b: Calyrex\n|-singleturn|p2b: Calyrex|Protect\n|move|p1a: Tornadus|Tailwind|p1a: Tornadus\n|-sidestart|p1: ApoVGC|move: Tailwind\n|move|p1b: Calyrex|Draining Kiss|p2a: Incineroar\n|-damage|p2a: Incineroar|38\/100\n|-damage|p1b: Calyrex|91\/100|[from] item: Life Orb\n|move|p2a: Incineroar|Parting Shot|p1b: Calyrex\n|-unboost|p1b: Calyrex|atk|1\n|-unboost|p1b: Calyrex|spa|1\n|\n|t:|1739919130\n|switch|p2a: Tropius|Tropius, L50, F|100\/100|[from] Parting Shot\n|\n|-heal|p1b: Calyrex|96\/100|[from] Grassy Terrain\n|upkeep\n|turn|5\n|\n|t:|1739919146\n|switch|p1b: Indeedee|Indeedee-F, L50, F|100\/100\n|-fieldstart|move: Psychic Terrain|[from] ability: Psychic Surge|[of] p1b: Indeedee\n|move|p1a: Tornadus|Bleakwind Storm|p2b: Calyrex|[spread] p2a,p2b\n|-supereffective|p2a: Tropius\n|-damage|p2a: Tropius|56\/100\n|-damage|p2b: Calyrex|79\/100\n|move|p2b: Calyrex|Astral Barrage|p1b: Indeedee|[spread] p1a\n|-immune|p1b: Indeedee\n|-damage|p1a: Tornadus|7\/100\n|move|p2a: Tropius|Substitute|p2a: Tropius\n|-start|p2a: Tropius|Substitute\n|-damage|p2a: Tropius|31\/100\n|-enditem|p2a: Tropius|Sitrus Berry|[eat]\n|-heal|p2a: Tropius|56\/100|[from] item: Sitrus Berry\n|\n|-item|p2a: Tropius|Sitrus Berry|[from] ability: Harvest\n|upkeep\n|turn|6\n|\n|t:|1739919162\n|move|p1a: Tornadus|Protect|p1a: Tornadus\n|-singleturn|p1a: Tornadus|Protect\n|move|p1b: Indeedee|Psyshock|p2b: Calyrex\n|-damage|p2b: Calyrex|44\/100\n|move|p2b: Calyrex|Draining Kiss|p1b: Indeedee\n|-damage|p1b: Indeedee|51\/100\n|-heal|p2b: Calyrex|78\/100|[from] drain|[of] p1b: Indeedee\n|move|p2a: Tropius|Leech Seed|p1b: Indeedee\n|-start|p1b: Indeedee|move: Leech Seed\n|\n|-damage|p1b: Indeedee|39\/100|[from] Leech Seed|[of] p2a: Tropius\n|-heal|p2a: Tropius|67\/100|[silent]\n|upkeep\n|turn|7\n|\n|t:|1739919180\n|move|p1a: Tornadus|Bleakwind Storm|p2b: Calyrex|[spread] p2b\n|-miss|p1a: Tornadus|p2a: Tropius\n|-damage|p2b: Calyrex|59\/100\n|move|p1b: Indeedee|Psyshock|p2b: Calyrex\n|-damage|p2b: Calyrex|22\/100\n|move|p2b: Calyrex|Draining Kiss|p1a: Tornadus\n|-damage|p1a: Tornadus|0 fnt\n|-heal|p2b: Calyrex|27\/100|[from] drain|[of] p1a: Tornadus\n|faint|p1a: Tornadus\n|-ability|p2b: Calyrex|Grim Neigh|boost\n|-boost|p2b: Calyrex|spa|1\n|move|p2a: Tropius|Substitute|p2a: Tropius\n|-fail|p2a: Tropius|move: Substitute\n|\n|-damage|p1b: Indeedee|26\/100|[from] Leech Seed|[of] p2a: Tropius\n|-heal|p2a: Tropius|77\/100|[silent]\n|-sideend|p1: ApoVGC|move: Tailwind\n|upkeep\n|\n|t:|1739919189\n|switch|p1a: Chi-Yu|Chi-Yu, L50|100\/100\n|-ability|p1a: Chi-Yu|Beads of Ruin\n|turn|8\n|\n|t:|1739919197\n|move|p1b: Indeedee|Helping Hand|p1a: Chi-Yu\n|-singleturn|p1a: Chi-Yu|Helping Hand|[of] p1b: Indeedee\n|move|p2b: Calyrex|Protect|p2b: Calyrex\n|-singleturn|p2b: Calyrex|Protect\n|move|p1a: Chi-Yu|Heat Wave|p2b: Calyrex|[spread] p2a\n|-activate|p2b: Calyrex|move: Protect\n|-supereffective|p2a: Tropius\n|-end|p2a: Tropius|Substitute\n|move|p2a: Tropius|Leech Seed|p1a: Chi-Yu\n|-start|p1a: Chi-Yu|move: Leech Seed\n|\n|-damage|p1a: Chi-Yu|88\/100|[from] Leech Seed|[of] p2a: Tropius\n|-heal|p2a: Tropius|85\/100|[silent]\n|-damage|p1b: Indeedee|14\/100|[from] Leech Seed|[of] p2a: Tropius\n|-heal|p2a: Tropius|96\/100|[silent]\n|upkeep\n|turn|9\n|\n|t:|1739919208\n|move|p1b: Indeedee|Helping Hand|p1a: Chi-Yu\n|-singleturn|p1a: Chi-Yu|Helping Hand|[of] p1b: Indeedee\n|move|p2a: Tropius|Wide Guard|p2a: Tropius\n|-singleturn|p2a: Tropius|Wide Guard\n|move|p1a: Chi-Yu|Heat Wave|p2a: Tropius|[spread] \n|-activate|p2a: Tropius|move: Wide Guard\n|-activate|p2b: Calyrex|move: Wide Guard\n|move|p2b: Calyrex|Draining Kiss|p1a: Chi-Yu\n|-damage|p1a: Chi-Yu|4\/100\n|-heal|p2b: Calyrex|70\/100|[from] drain|[of] p1a: Chi-Yu\n|\n|-damage|p1a: Chi-Yu|0 fnt|[from] Leech Seed|[of] p2a: Tropius\n|-heal|p2a: Tropius|98\/100|[silent]\n|faint|p1a: Chi-Yu\n|-damage|p1b: Indeedee|2\/100|[from] Leech Seed|[of] p2a: Tropius\n|-heal|p2a: Tropius|100\/100|[silent]\n|-fieldend|move: Psychic Terrain\n|upkeep\n|\n|t:|1739919221\n|switch|p1a: Calyrex|Calyrex-Shadow, L50, tera:Fairy|96\/100\n|-ability|p1a: Calyrex|As One\n|-ability|p1a: Calyrex|Unnerve\n|turn|10\n|\n|t:|1739919232\n|move|p1b: Indeedee|Helping Hand|p1a: Calyrex\n|-singleturn|p1a: Calyrex|Helping Hand|[of] p1b: Indeedee\n|move|p2a: Tropius|Wide Guard|p2a: Tropius\n|-singleturn|p2a: Tropius|Wide Guard\n|move|p1a: Calyrex|Draining Kiss|p2b: Calyrex\n|-damage|p2b: Calyrex|28\/100\n|-heal|p1a: Calyrex|100\/100|[from] drain|[of] p2b: Calyrex\n|-damage|p1a: Calyrex|91\/100|[from] item: Life Orb\n|move|p2b: Calyrex|Astral Barrage|p1b: Indeedee|[spread] p1a\n|-immune|p1b: Indeedee\n|-damage|p1a: Calyrex|0 fnt\n|faint|p1a: Calyrex\n|-ability|p2b: Calyrex|Grim Neigh|boost\n|-boost|p2b: Calyrex|spa|1\n|\n|-damage|p1b: Indeedee|0 fnt|[from] Leech Seed|[of] p2a: Tropius\n|faint|p1b: Indeedee\n|\n|win|chin8\n|upkeep\n|raw|ApoVGC's rating: 1642 &rarr; <strong>1621<\/strong><br \/>(-21 for losing)\n|raw|chin8's rating: 1633 &rarr; <strong>1654<\/strong><br \/>(+21 for winning)\n|l|\u2606ApoVGC\n|player|p1|\n|l|\u2606chin8\n|player|p2|\n","uploadtime":1739919479,"views":5,"formatid":"gen9vgc2025regg","rating":1621,"private":0,"password":null}