{"id":"gen9vgc2025regg-2303312445","format":"[Gen 9] VGC 2025 Reg G","players":["BLiiNDProdiigy","xatseye"],"log":"|j|\u2606BLiiNDProdiigy\n|j|\u2606xatseye\n|t:|1739908385\n|gametype|doubles\n|player|p1|BLiiNDProdiigy|rocketgrunt|1614\n|player|p2|xatseye|unknown|1641\n|teamsize|p1|6\n|teamsize|p2|6\n|gen|9\n|tier|[Gen 9] VGC 2025 Reg G\n|rated|\n|rule|Species Clause: Limit one of each Pok\u00e9mon\n|rule|Item Clause: Limit 1 of each item\n|clearpoke\n|poke|p1|Terapagos, L50, M|\n|poke|p1|Incineroar, L50, F|\n|poke|p1|Rillaboom, L50, F|\n|poke|p1|Urshifu-*, L50, M|\n|poke|p1|Flutter Mane, L50|\n|poke|p1|Ogerpon-Hearthflame, L50, F|\n|poke|p2|Miraidon, L50|\n|poke|p2|Incineroar, L50, M|\n|poke|p2|Oranguru, L50, M|\n|poke|p2|Clefairy, L50, F|\n|poke|p2|Baxcalibur, L50, F|\n|poke|p2|Whimsicott, L50, M|\n|teampreview|4\n|inactive|Battle timer is ON: inactive players will automatically lose when time's up. (requested by xatseye)\n|\n|t:|1739908413\n|start\n|switch|p1a: Terapagos|Terapagos, L50, M|100\/100\n|switch|p1b: Rillaboom|Rillaboom, L50, F|100\/100\n|switch|p2a: Miraidon|Miraidon, L50|100\/100\n|switch|p2b: Oranguru|Oranguru, L50, M|100\/100\n|-activate|p1a: Terapagos|ability: Tera Shift\n|detailschange|p1a: Terapagos|Terapagos-Terastal, L50, M\n|-heal|p1a: Terapagos|100\/100|[silent]\n|-fieldstart|move: Electric Terrain|[from] ability: Hadron Engine|[of] p2a: Miraidon\n|-enditem|p2a: Miraidon|Electric Seed\n|-boost|p2a: Miraidon|def|1|[from] item: Electric Seed\n|-activate|p2b: Oranguru|ability: Symbiosis|Covert Cloak|[of] p2a: Miraidon\n|-fieldstart|move: Grassy Terrain|[from] ability: Grassy Surge|[of] p1b: Rillaboom\n|turn|1\n|\n|t:|1739908431\n|move|p2a: Miraidon|Calm Mind|p2a: Miraidon\n|-boost|p2a: Miraidon|spa|1\n|-boost|p2a: Miraidon|spd|1\n|move|p1b: Rillaboom|U-turn|p2b: Oranguru\n|-supereffective|p2b: Oranguru\n|-damage|p2b: Oranguru|57\/100\n|\n|t:|1739908436\n|switch|p1b: Flutter Mane|Flutter Mane, L50|100\/100|[from] U-turn\n|-enditem|p1b: Flutter Mane|Booster Energy\n|-activate|p1b: Flutter Mane|ability: Protosynthesis|[fromitem]\n|-start|p1b: Flutter Mane|protosynthesisspe\n|move|p1a: Terapagos|Calm Mind|p1a: Terapagos\n|-boost|p1a: Terapagos|spa|1\n|-boost|p1a: Terapagos|spd|1\n|move|p2b: Oranguru|Instruct|p2a: Miraidon\n|-singleturn|p2a: Miraidon|move: Instruct|[of] p2b: Oranguru\n|move|p2a: Miraidon|Calm Mind|p2a: Miraidon\n|-boost|p2a: Miraidon|spa|1\n|-boost|p2a: Miraidon|spd|1\n|\n|-heal|p2b: Oranguru|63\/100|[from] Grassy Terrain\n|upkeep\n|turn|2\n|inactive|xatseye has 30 seconds left.\n|inactive|xatseye has 20 seconds left.\n|\n|t:|1739908471\n|switch|p2b: Whimsicott|Whimsicott, L50, M|100\/100\n|move|p2a: Miraidon|Protect|p2a: Miraidon\n|-singleturn|p2a: Miraidon|Protect\n|move|p1b: Flutter Mane|Icy Wind|p2b: Whimsicott|[spread] p2b\n|-activate|p2a: Miraidon|move: Protect\n|-supereffective|p2b: Whimsicott\n|-damage|p2b: Whimsicott|60\/100\n|-unboost|p2b: Whimsicott|spe|1\n|move|p1a: Terapagos|Calm Mind|p1a: Terapagos\n|-boost|p1a: Terapagos|spa|1\n|-boost|p1a: Terapagos|spd|1\n|\n|-heal|p2b: Whimsicott|66\/100|[from] Grassy Terrain\n|upkeep\n|turn|3\n|j| Rareasfukk\n|\n|t:|1739908486\n|-end|p1b: Flutter Mane|Protosynthesis|[silent]\n|switch|p1b: Ogerpon|Ogerpon-Hearthflame, L50, F|100\/100\n|-ability|p1b: Ogerpon|Mold Breaker\n|move|p1a: Terapagos|Protect|p1a: Terapagos\n|-singleturn|p1a: Terapagos|Protect\n|move|p2b: Whimsicott|Encore|p1a: Terapagos\n|-activate|p1a: Terapagos|move: Protect\n|move|p2a: Miraidon|Calm Mind|p2a: Miraidon\n|-boost|p2a: Miraidon|spa|1\n|-boost|p2a: Miraidon|spd|1\n|\n|-heal|p2b: Whimsicott|72\/100|[from] Grassy Terrain\n|upkeep\n|turn|4\n|\n|t:|1739908501\n|switch|p2b: Oranguru|Oranguru, L50, M|63\/100\n|-terastallize|p1a: Terapagos|Stellar\n|detailschange|p1a: Terapagos|Terapagos-Stellar, L50, M, tera:Stellar\n|-heal|p1a: Terapagos|100\/100|[silent]\n|-ability|p1a: Terapagos|Teraform Zero\n|-fieldend|move: Grassy Terrain\n|move|p1b: Ogerpon|Follow Me|p1b: Ogerpon\n|-singleturn|p1b: Ogerpon|move: Follow Me\n|move|p2a: Miraidon|Calm Mind|p2a: Miraidon\n|-boost|p2a: Miraidon|spa|1\n|-boost|p2a: Miraidon|spd|1\n|move|p1a: Terapagos|Tera Starstorm|p2a: Miraidon|[spread] p2a,p2b\n|-damage|p2a: Miraidon|82\/100\n|-damage|p2b: Oranguru|11\/100\n|\n|upkeep\n|turn|5\n|\n|t:|1739908525\n|move|p1b: Ogerpon|Spiky Shield|p1b: Ogerpon\n|-singleturn|p1b: Ogerpon|move: Protect\n|move|p2a: Miraidon|Parabolic Charge|p1a: Terapagos|[spread] p2b,p1a\n|-activate|p1b: Ogerpon|move: Protect\n|-damage|p2b: Oranguru|0 fnt\n|-heal|p2a: Miraidon|87\/100|[from] drain|[of] p2b: Oranguru\n|-damage|p1a: Terapagos|76\/100\n|-heal|p2a: Miraidon|100\/100|[from] drain|[of] p1a: Terapagos\n|faint|p2b: Oranguru\n|move|p1a: Terapagos|Tera Starstorm|p2a: Miraidon\n|-damage|p2a: Miraidon|72\/100\n|\n|-heal|p1a: Terapagos|82\/100|[from] item: Leftovers\n|upkeep\n|\n|t:|1739908539\n|switch|p2b: Whimsicott|Whimsicott, L50, M|72\/100\n|turn|6\n|\n|t:|1739908552\n|move|p2b: Whimsicott|Protect|p2b: Whimsicott\n|-singleturn|p2b: Whimsicott|Protect\n|move|p1b: Ogerpon|Follow Me|p1b: Ogerpon\n|-singleturn|p1b: Ogerpon|move: Follow Me\n|move|p2a: Miraidon|Parabolic Charge|p1a: Terapagos|[spread] p1a,p1b\n|-activate|p2b: Whimsicott|move: Protect\n|-resisted|p1b: Ogerpon\n|-damage|p1a: Terapagos|61\/100\n|-heal|p2a: Miraidon|86\/100|[from] drain|[of] p1a: Terapagos\n|-damage|p1b: Ogerpon|63\/100\n|-heal|p2a: Miraidon|100\/100|[from] drain|[of] p1b: Ogerpon\n|move|p1a: Terapagos|Tera Starstorm|p2b: Whimsicott|[spread] p2a\n|-activate|p2b: Whimsicott|move: Protect\n|-damage|p2a: Miraidon|79\/100\n|\n|-heal|p1a: Terapagos|67\/100|[from] item: Leftovers\n|upkeep\n|turn|7\n|\n|t:|1739908576\n|move|p1b: Ogerpon|Follow Me|p1b: Ogerpon\n|-singleturn|p1b: Ogerpon|move: Follow Me\n|move|p2b: Whimsicott|Encore|p1b: Ogerpon\n|-start|p1b: Ogerpon|Encore\n|move|p2a: Miraidon|Calm Mind|p2a: Miraidon\n|-boost|p2a: Miraidon|spa|1\n|-boost|p2a: Miraidon|spd|1\n|move|p1a: Terapagos|Tera Starstorm|p2a: Miraidon|[spread] p2a,p2b\n|-damage|p2a: Miraidon|63\/100\n|-damage|p2b: Whimsicott|0 fnt\n|faint|p2b: Whimsicott\n|\n|-heal|p1a: Terapagos|73\/100|[from] item: Leftovers\n|upkeep\n|\n|t:|1739908587\n|switch|p2b: Baxcalibur|Baxcalibur, L50, F|100\/100\n|turn|8\n|\n|t:|1739908601\n|switch|p1b: Rillaboom|Rillaboom, L50, F|100\/100\n|-fieldstart|move: Grassy Terrain|[from] ability: Grassy Surge|[of] p1b: Rillaboom\n|move|p1a: Terapagos|Protect|p1a: Terapagos\n|-singleturn|p1a: Terapagos|Protect\n|move|p2a: Miraidon|Dragon Pulse|p1b: Rillaboom\n|-damage|p1b: Rillaboom|0 fnt\n|faint|p1b: Rillaboom\n|move|p2b: Baxcalibur|Icicle Spear|p1a: Terapagos\n|-activate|p1a: Terapagos|move: Protect\n|\n|-heal|p2a: Miraidon|69\/100|[from] Grassy Terrain\n|-heal|p1a: Terapagos|79\/100|[from] Grassy Terrain\n|-heal|p1a: Terapagos|86\/100|[from] item: Leftovers\n|upkeep\n|\n|t:|1739908603\n|switch|p1b: Ogerpon|Ogerpon-Hearthflame, L50, F|63\/100\n|-ability|p1b: Ogerpon|Mold Breaker\n|turn|9\n|\n|t:|1739908622\n|move|p2b: Baxcalibur|Protect|p2b: Baxcalibur\n|-singleturn|p2b: Baxcalibur|Protect\n|move|p2a: Miraidon|Parabolic Charge|p1b: Ogerpon|[spread] p1a,p1b\n|-activate|p2b: Baxcalibur|move: Protect\n|-resisted|p1b: Ogerpon\n|-damage|p1a: Terapagos|58\/100\n|-heal|p2a: Miraidon|87\/100|[from] drain|[of] p1a: Terapagos\n|-damage|p1b: Ogerpon|17\/100\n|-heal|p2a: Miraidon|100\/100|[from] drain|[of] p1b: Ogerpon\n|move|p1b: Ogerpon|Ivy Cudgel|p2b: Baxcalibur|[anim] Ivy Cudgel Fire\n|-activate|p2b: Baxcalibur|move: Protect\n|move|p1a: Terapagos|Calm Mind|p1a: Terapagos\n|-boost|p1a: Terapagos|spa|1\n|-boost|p1a: Terapagos|spd|1\n|\n|-heal|p1b: Ogerpon|23\/100|[from] Grassy Terrain\n|-heal|p1a: Terapagos|64\/100|[from] Grassy Terrain\n|-heal|p1a: Terapagos|70\/100|[from] item: Leftovers\n|upkeep\n|turn|10\n|\n|t:|1739908647\n|move|p1b: Ogerpon|Spiky Shield|p1b: Ogerpon\n|-singleturn|p1b: Ogerpon|move: Protect\n|move|p1a: Terapagos|Protect|p1a: Terapagos\n|-singleturn|p1a: Terapagos|Protect\n|move|p2a: Miraidon|Dragon Pulse|p1b: Ogerpon\n|-activate|p1b: Ogerpon|move: Protect\n|move|p2b: Baxcalibur|Icicle Spear|p1a: Terapagos\n|-activate|p1a: Terapagos|move: Protect\n|\n|-heal|p1b: Ogerpon|29\/100|[from] Grassy Terrain\n|-heal|p1a: Terapagos|76\/100|[from] Grassy Terrain\n|-heal|p1a: Terapagos|83\/100|[from] item: Leftovers\n|upkeep\n|turn|11\n|\n|t:|1739908666\n|switch|p1b: Flutter Mane|Flutter Mane, L50|100\/100\n|move|p2b: Baxcalibur|Protect|p2b: Baxcalibur\n|-singleturn|p2b: Baxcalibur|Protect\n|move|p2a: Miraidon|Parabolic Charge|p1b: Flutter Mane|[spread] p1a,p1b\n|-activate|p2b: Baxcalibur|move: Protect\n|-damage|p1a: Terapagos|60\/100\n|-damage|p1b: Flutter Mane|25\/100\n|move|p1a: Terapagos|Calm Mind|p1a: Terapagos\n|-boost|p1a: Terapagos|spa|1\n|-boost|p1a: Terapagos|spd|1\n|\n|-heal|p1b: Flutter Mane|32\/100|[from] Grassy Terrain\n|-heal|p1a: Terapagos|67\/100|[from] Grassy Terrain\n|-heal|p1a: Terapagos|73\/100|[from] item: Leftovers\n|upkeep\n|turn|12\n|inactive|xatseye has 30 seconds left.\n|\n|t:|1739908691\n|move|p1b: Flutter Mane|Protect|p1b: Flutter Mane\n|-singleturn|p1b: Flutter Mane|Protect\n|move|p1a: Terapagos|Protect|p1a: Terapagos\n|-singleturn|p1a: Terapagos|Protect\n|move|p2b: Baxcalibur|Ice Shard|p1b: Flutter Mane\n|-activate|p1b: Flutter Mane|move: Protect\n|move|p2a: Miraidon|Calm Mind|p2a: Miraidon\n|-boost|p2a: Miraidon|spa|1\n|-boost|p2a: Miraidon|spd|1\n|\n|-heal|p1b: Flutter Mane|38\/100|[from] Grassy Terrain\n|-heal|p1a: Terapagos|79\/100|[from] Grassy Terrain\n|-heal|p1a: Terapagos|85\/100|[from] item: Leftovers\n|-fieldend|move: Grassy Terrain\n|upkeep\n|turn|13\n|\n|t:|1739908712\n|move|p2b: Baxcalibur|Protect|p2b: Baxcalibur\n|-singleturn|p2b: Baxcalibur|Protect\n|move|p1b: Flutter Mane|Moonblast|p2b: Baxcalibur\n|-activate|p2b: Baxcalibur|move: Protect\n|move|p2a: Miraidon|Parabolic Charge|p1b: Flutter Mane|[spread] p1a,p1b\n|-activate|p2b: Baxcalibur|move: Protect\n|-damage|p1a: Terapagos|63\/100\n|-damage|p1b: Flutter Mane|0 fnt\n|faint|p1b: Flutter Mane\n|-end|p1b: Flutter Mane|Protosynthesis|[silent]\n|move|p1a: Terapagos|Calm Mind|p1a: Terapagos\n|-boost|p1a: Terapagos|spa|1\n|-boost|p1a: Terapagos|spd|1\n|\n|-heal|p1a: Terapagos|69\/100|[from] item: Leftovers\n|upkeep\n|\n|t:|1739908713\n|switch|p1b: Ogerpon|Ogerpon-Hearthflame, L50, F|29\/100\n|-ability|p1b: Ogerpon|Mold Breaker\n|turn|14\n|inactive|xatseye has 30 seconds left.\n|inactive|xatseye has 20 seconds left.\n|inactive|xatseye has 15 seconds left.\n|inactive|xatseye has 10 seconds left.\n|\n|t:|1739908760\n|move|p1b: Ogerpon|Spiky Shield|p1b: Ogerpon\n|-singleturn|p1b: Ogerpon|move: Protect\n|move|p2a: Miraidon|Dragon Pulse|p1b: Ogerpon\n|-activate|p1b: Ogerpon|move: Protect\n|move|p2b: Baxcalibur|Icicle Spear|p1a: Terapagos\n|-damage|p1a: Terapagos|60\/100\n|-damage|p1a: Terapagos|50\/100\n|-damage|p1a: Terapagos|42\/100\n|-damage|p1a: Terapagos|34\/100\n|-damage|p1a: Terapagos|25\/100\n|-hitcount|p1a: Terapagos|5\n|move|p1a: Terapagos|Tera Starstorm|p2b: Baxcalibur|[spread] p2a,p2b\n|-damage|p2a: Miraidon|74\/100\n|-damage|p2b: Baxcalibur|0 fnt\n|faint|p2b: Baxcalibur\n|\n|-heal|p1a: Terapagos|32\/100|[from] item: Leftovers\n|upkeep\n|turn|15\n|l| Rareasfukk\n|\n|t:|1739908780\n|move|p1b: Ogerpon|Follow Me|p1b: Ogerpon\n|-singleturn|p1b: Ogerpon|move: Follow Me\n|move|p2a: Miraidon|Parabolic Charge|p1a: Terapagos|[spread] p1a,p1b\n|-resisted|p1b: Ogerpon\n|-damage|p1a: Terapagos|12\/100\n|-heal|p2a: Miraidon|87\/100|[from] drain|[of] p1a: Terapagos\n|-damage|p1b: Ogerpon|0 fnt\n|-heal|p2a: Miraidon|99\/100|[from] drain|[of] p1b: Ogerpon\n|faint|p1b: Ogerpon\n|move|p1a: Terapagos|Calm Mind|p1a: Terapagos\n|-boost|p1a: Terapagos|spa|1\n|-boost|p1a: Terapagos|spd|1\n|\n|-heal|p1a: Terapagos|18\/100|[from] item: Leftovers\n|upkeep\n|turn|16\n|\n|t:|1739908798\n|-terastallize|p2a: Miraidon|Electric\n|move|p1a: Terapagos|Protect|p1a: Terapagos\n|-singleturn|p1a: Terapagos|Protect\n|move|p2a: Miraidon|Parabolic Charge|p1a: Terapagos\n|-activate|p1a: Terapagos|move: Protect\n|\n|-heal|p1a: Terapagos|24\/100|[from] item: Leftovers\n|upkeep\n|turn|17\n|\n|t:|1739908814\n|move|p2a: Miraidon|Parabolic Charge|p1a: Terapagos\n|-damage|p1a: Terapagos|0 fnt\n|-heal|p2a: Miraidon|100\/100|[from] drain|[of] p1a: Terapagos\n|faint|p1a: Terapagos\n|\n|win|xatseye\n|raw|BLiiNDProdiigy's rating: 1614 &rarr; <strong>1596<\/strong><br \/>(-18 for losing)\n|raw|xatseye's rating: 1641 &rarr; <strong>1659<\/strong><br \/>(+18 for winning)\n|l|\u2606BLiiNDProdiigy\n|player|p1|\n|l|\u2606xatseye\n|player|p2|\n","uploadtime":1739908957,"views":8,"formatid":"gen9vgc2025regg","rating":1596,"private":0,"password":null}