{"id":"gen9vgc2025regg-2303667851","format":"[Gen 9] VGC 2025 Reg G","players":["VJ2511","roykeenkennedy"],"log":"|j|\u2606VJ2511\n|j|\u2606roykeenkennedy\n|t:|1739957543\n|gametype|doubles\n|player|p1|VJ2511|red-masters2|1551\n|player|p2|roykeenkennedy|alder|1610\n|teamsize|p1|6\n|teamsize|p2|6\n|gen|9\n|tier|[Gen 9] VGC 2025 Reg G\n|rated|\n|rule|Species Clause: Limit one of each Pok\u00e9mon\n|rule|Item Clause: Limit 1 of each item\n|clearpoke\n|poke|p1|Iron Hands, L50|\n|poke|p1|Grimmsnarl, L50, M|\n|poke|p1|Urshifu-*, L50, M|\n|poke|p1|Terapagos, L50, M|\n|poke|p1|Flutter Mane, L50|\n|poke|p1|Chi-Yu, L50|\n|poke|p2|Raging Bolt, L50|\n|poke|p2|Incineroar, L50, F|\n|poke|p2|Ogerpon-Cornerstone, L50, F|\n|poke|p2|Annihilape, L50, M|\n|poke|p2|Calyrex-Ice, L50|\n|poke|p2|Amoonguss, L50, F|\n|teampreview|4\n|inactive|Battle timer is ON: inactive players will automatically lose when time's up. (requested by VJ2511)\n|\n|t:|1739957560\n|start\n|switch|p1a: Terapagos|Terapagos, L50, M|100\/100\n|switch|p1b: Grimmsnarl|Grimmsnarl, L50, M|100\/100\n|switch|p2a: Raging Bolt|Raging Bolt, L50|100\/100\n|switch|p2b: Incineroar|Incineroar, L50, F|100\/100\n|-activate|p1a: Terapagos|ability: Tera Shift\n|detailschange|p1a: Terapagos|Terapagos-Terastal, L50, M\n|-heal|p1a: Terapagos|100\/100|[silent]\n|-ability|p2b: Incineroar|Intimidate|boost\n|-unboost|p1a: Terapagos|atk|1\n|-unboost|p1b: Grimmsnarl|atk|1\n|turn|1\n|\n|t:|1739957577\n|move|p1b: Grimmsnarl|Light Screen|p1b: Grimmsnarl\n|-sidestart|p1: VJ2511|move: Light Screen\n|move|p1a: Terapagos|Tera Starstorm|p2a: Raging Bolt\n|-damage|p2a: Raging Bolt|55\/100\n|move|p2a: Raging Bolt|Snarl|p1b: Grimmsnarl|[spread] p1a,p1b\n|-activate|p1a: Terapagos|ability: Tera Shell\n|-resisted|p1a: Terapagos\n|-resisted|p1b: Grimmsnarl\n|-damage|p1a: Terapagos|96\/100\n|-damage|p1b: Grimmsnarl|99\/100\n|-unboost|p1a: Terapagos|spa|1\n|-unboost|p1b: Grimmsnarl|spa|1\n|move|p2b: Incineroar|Knock Off|p1a: Terapagos\n|-damage|p1a: Terapagos|60\/100\n|-enditem|p1a: Terapagos|Choice Specs|[from] move: Knock Off|[of] p2b: Incineroar\n|\n|upkeep\n|turn|2\n|inactive|VJ2511 has 30 seconds left.\n|\n|t:|1739957604\n|move|p1a: Terapagos|Earth Power|p2a: Raging Bolt\n|-supereffective|p2a: Raging Bolt\n|-damage|p2a: Raging Bolt|35\/100\n|move|p2a: Raging Bolt|Snarl|p1a: Terapagos|[spread] p1a,p1b\n|-resisted|p1b: Grimmsnarl\n|-damage|p1a: Terapagos|50\/100\n|-damage|p1b: Grimmsnarl|97\/100\n|-unboost|p1a: Terapagos|spa|1\n|-unboost|p1b: Grimmsnarl|spa|1\n|move|p1b: Grimmsnarl|Foul Play|p2a: Raging Bolt\n|-damage|p2a: Raging Bolt|17\/100\n|move|p2b: Incineroar|Will-O-Wisp|p1b: Grimmsnarl\n|-status|p1b: Grimmsnarl|brn\n|\n|-damage|p1b: Grimmsnarl|91\/100 brn|[from] brn\n|upkeep\n|turn|3\n|inactive|roykeenkennedy has 30 seconds left.\n|\n|t:|1739957629\n|move|p1b: Grimmsnarl|Reflect|p1b: Grimmsnarl\n|-sidestart|p1: VJ2511|Reflect\n|move|p1a: Terapagos|Earth Power|p2a: Raging Bolt\n|-supereffective|p2a: Raging Bolt\n|-damage|p2a: Raging Bolt|2\/100\n|move|p2a: Raging Bolt|Thunderbolt|p1b: Grimmsnarl\n|-damage|p1b: Grimmsnarl|60\/100 brn\n|move|p2b: Incineroar|Parting Shot|p1a: Terapagos\n|-unboost|p1a: Terapagos|atk|1\n|-unboost|p1a: Terapagos|spa|1\n|\n|t:|1739957640\n|switch|p2b: Calyrex|Calyrex-Ice, L50|100\/100|[from] Parting Shot\n|-ability|p2b: Calyrex|As One\n|-ability|p2b: Calyrex|Unnerve\n|\n|-damage|p1b: Grimmsnarl|54\/100 brn|[from] brn\n|upkeep\n|turn|4\n|\n|t:|1739957654\n|-end|p2a: Raging Bolt|Protosynthesis|[silent]\n|switch|p2a: Amoonguss|Amoonguss, L50, F|100\/100\n|-terastallize|p2b: Calyrex|Water\n|move|p1a: Terapagos|Tera Starstorm|p2b: Calyrex\n|-damage|p2b: Calyrex|85\/100\n|move|p1b: Grimmsnarl|Foul Play|p2b: Calyrex\n|-damage|p2b: Calyrex|66\/100\n|move|p2b: Calyrex|Trick Room|p2b: Calyrex\n|-fieldstart|move: Trick Room|[of] p2b: Calyrex\n|\n|-damage|p1b: Grimmsnarl|49\/100 brn|[from] brn\n|upkeep\n|turn|5\n|\n|t:|1739957672\n|move|p1b: Grimmsnarl|Thunder Wave|p2a: Amoonguss\n|-status|p2a: Amoonguss|par\n|cant|p2a: Amoonguss|par\n|move|p2b: Calyrex|Glacial Lance|p1b: Grimmsnarl|[spread] p1a,p1b\n|-damage|p1a: Terapagos|15\/100\n|-damage|p1b: Grimmsnarl|7\/100 brn\n|move|p1a: Terapagos|Tera Starstorm|p2b: Calyrex\n|-damage|p2b: Calyrex|52\/100\n|\n|-damage|p1b: Grimmsnarl|1\/100 brn|[from] brn\n|upkeep\n|turn|6\n|\n|t:|1739957687\n|cant|p2a: Amoonguss|par\n|move|p2b: Calyrex|Glacial Lance|p1b: Grimmsnarl|[spread] p1a,p1b\n|-damage|p1a: Terapagos|0 fnt\n|-damage|p1b: Grimmsnarl|0 fnt\n|faint|p1a: Terapagos\n|faint|p1b: Grimmsnarl\n|-ability|p2b: Calyrex|Chilling Neigh|boost\n|-boost|p2b: Calyrex|atk|2\n|\n|upkeep\n|\n|t:|1739957692\n|switch|p1b: Chi-Yu|Chi-Yu, L50|100\/100\n|switch|p1a: Flutter Mane|Flutter Mane, L50|100\/100\n|-ability|p1b: Chi-Yu|Beads of Ruin\n|-enditem|p1a: Flutter Mane|Booster Energy\n|-activate|p1a: Flutter Mane|ability: Protosynthesis|[fromitem]\n|-start|p1a: Flutter Mane|protosynthesisspe\n|turn|7\n|\n|t:|1739957709\n|move|p1a: Flutter Mane|Protect|p1a: Flutter Mane\n|-singleturn|p1a: Flutter Mane|Protect\n|cant|p2a: Amoonguss|par\n|move|p2b: Calyrex|Glacial Lance|p1b: Chi-Yu|[spread] p1b\n|-activate|p1a: Flutter Mane|move: Protect\n|-resisted|p1b: Chi-Yu\n|-damage|p1b: Chi-Yu|30\/100\n|move|p1b: Chi-Yu|Overheat|p2a: Amoonguss\n|-supereffective|p2a: Amoonguss\n|-damage|p2a: Amoonguss|0 fnt\n|-unboost|p1b: Chi-Yu|spa|2\n|faint|p2a: Amoonguss\n|\n|upkeep\n|\n|t:|1739957724\n|switch|p2a: Raging Bolt|Raging Bolt, L50|2\/100\n|turn|8\n|\n|t:|1739957732\n|move|p1b: Chi-Yu|Protect|p1b: Chi-Yu\n|-singleturn|p1b: Chi-Yu|Protect\n|move|p1a: Flutter Mane|Protect||[still]\n|-fail|p1a: Flutter Mane\n|move|p2b: Calyrex|Glacial Lance|p1a: Flutter Mane|[spread] p1a\n|-activate|p1b: Chi-Yu|move: Protect\n|-damage|p1a: Flutter Mane|0 fnt\n|faint|p1a: Flutter Mane\n|-end|p1a: Flutter Mane|Protosynthesis|[silent]\n|-ability|p2b: Calyrex|Chilling Neigh|boost\n|-boost|p2b: Calyrex|atk|1\n|move|p2a: Raging Bolt|Thunderbolt|p1b: Chi-Yu\n|-activate|p1b: Chi-Yu|move: Protect\n|\n|-sideend|p1: VJ2511|move: Light Screen\n|-fieldend|move: Trick Room\n|upkeep\n|turn|9\n|\n|t:|1739957750\n|move|p2a: Raging Bolt|Thunderclap|p1b: Chi-Yu\n|-damage|p1b: Chi-Yu|0 fnt\n|faint|p1b: Chi-Yu\n|\n|win|roykeenkennedy\n|raw|VJ2511's rating: 1551 &rarr; <strong>1534<\/strong><br \/>(-17 for losing)\n|raw|roykeenkennedy's rating: 1610 &rarr; <strong>1627<\/strong><br \/>(+17 for winning)\n|l|\u2606VJ2511\n|player|p1|\n|l|\u2606roykeenkennedy\n|player|p2|\n","uploadtime":1739957992,"views":4,"formatid":"gen9vgc2025regg","rating":1534,"private":0,"password":null}