{"id":"gen9vgc2025regg-2303049670","format":"[Gen 9] VGC 2025 Reg G","players":["Iamsliverfish","fuleya"],"log":"|j|\u2606Iamsliverfish\n|j|\u2606fuleya\n|t:|1739880010\n|gametype|doubles\n|player|p1|Iamsliverfish|rood|1680\n|player|p2|fuleya|102|1658\n|teamsize|p1|6\n|teamsize|p2|6\n|gen|9\n|tier|[Gen 9] VGC 2025 Reg G\n|rated|\n|rule|Species Clause: Limit one of each Pok\u00e9mon\n|rule|Item Clause: Limit 1 of each item\n|clearpoke\n|poke|p1|Calyrex-Shadow, L50|\n|poke|p1|Ursaluna, L50, M|\n|poke|p1|Indeedee-F, L50, F|\n|poke|p1|Ogerpon-Wellspring, L50, F|\n|poke|p1|Tornadus, L50, M|\n|poke|p1|Chi-Yu, L50|\n|poke|p2|Calyrex-Ice, L50|\n|poke|p2|Landorus, L50, M|\n|poke|p2|Amoonguss, L50, M|\n|poke|p2|Urshifu-*, L50, F|\n|poke|p2|Roaring Moon, L50|\n|poke|p2|Ogerpon-Hearthflame, L50, F|\n|teampreview|4\n|inactive|Battle timer is ON: inactive players will automatically lose when time's up. (requested by fuleya)\n|\n|t:|1739880043\n|start\n|switch|p1a: Tornadus|Tornadus, L50, M|100\/100\n|switch|p1b: Chi-Yu|Chi-Yu, L50|100\/100\n|switch|p2a: Roaring Moon|Roaring Moon, L50|100\/100\n|switch|p2b: Landorus|Landorus, L50, M|100\/100\n|-ability|p1b: Chi-Yu|Beads of Ruin\n|-enditem|p2a: Roaring Moon|Booster Energy\n|-activate|p2a: Roaring Moon|ability: Protosynthesis|[fromitem]\n|-start|p2a: Roaring Moon|protosynthesisspe\n|turn|1\n|\n|t:|1739880058\n|switch|p1b: Indeedee|Indeedee-F, L50, F|100\/100\n|-fieldstart|move: Psychic Terrain|[from] ability: Psychic Surge|[of] p1b: Indeedee\n|move|p2a: Roaring Moon|Tailwind|p2a: Roaring Moon\n|-sidestart|p2: fuleya|move: Tailwind\n|move|p2b: Landorus|Earth Power|p1b: Indeedee\n|-damage|p1b: Indeedee|29\/100\n|move|p1a: Tornadus|Bleakwind Storm|p2a: Roaring Moon|[spread] p2a,p2b\n|-damage|p2a: Roaring Moon|67\/100\n|-damage|p2b: Landorus|57\/100\n|-unboost|p2a: Roaring Moon|spe|1\n|-unboost|p2b: Landorus|spe|1\n|\n|upkeep\n|turn|2\n|inactive|fuleya has 30 seconds left.\n|\n|t:|1739880087\n|move|p1b: Indeedee|Follow Me|p1b: Indeedee\n|-singleturn|p1b: Indeedee|move: Follow Me\n|move|p2a: Roaring Moon|Acrobatics|p1b: Indeedee\n|-damage|p1b: Indeedee|0 fnt\n|faint|p1b: Indeedee\n|move|p2b: Landorus|Earth Power|p1a: Tornadus\n|-immune|p1a: Tornadus\n|move|p1a: Tornadus|Bleakwind Storm|p2a: Roaring Moon|[spread] p2a,p2b\n|-damage|p2a: Roaring Moon|35\/100\n|-damage|p2b: Landorus|15\/100\n|-unboost|p2b: Landorus|spe|1\n|\n|upkeep\n|j| woshiliangzai\n|\n|t:|1739880106\n|switch|p1b: Calyrex|Calyrex-Shadow, L50|100\/100\n|-ability|p1b: Calyrex|As One\n|-ability|p1b: Calyrex|Unnerve\n|turn|3\n|\n|t:|1739880127\n|move|p1a: Tornadus|Tailwind|p1a: Tornadus\n|-sidestart|p1: Iamsliverfish|move: Tailwind\n|move|p1b: Calyrex|Astral Barrage|p2a: Roaring Moon|[spread] p2a,p2b\n|-resisted|p2a: Roaring Moon\n|-damage|p2a: Roaring Moon|2\/100\n|-damage|p2b: Landorus|0 fnt\n|faint|p2b: Landorus\n|-ability|p1b: Calyrex|Grim Neigh|boost\n|-boost|p1b: Calyrex|spa|1\n|-damage|p1b: Calyrex|91\/100|[from] item: Life Orb\n|move|p2a: Roaring Moon|Knock Off|p1b: Calyrex\n|-supereffective|p1b: Calyrex\n|-damage|p1b: Calyrex|0 fnt\n|-enditem|p1b: Calyrex|Life Orb|[from] move: Knock Off|[of] p2a: Roaring Moon\n|faint|p1b: Calyrex\n|\n|upkeep\n|\n|t:|1739880140\n|switch|p1b: Chi-Yu|Chi-Yu, L50|100\/100\n|switch|p2b: Calyrex|Calyrex-Ice, L50|100\/100\n|-ability|p2b: Calyrex|As One\n|-ability|p2b: Calyrex|Unnerve\n|-ability|p1b: Chi-Yu|Beads of Ruin\n|turn|4\n|\n|t:|1739880153\n|-terastallize|p1a: Tornadus|Steel\n|-terastallize|p2b: Calyrex|Fairy\n|move|p1b: Chi-Yu|Heat Wave|p2a: Roaring Moon|[spread] p2a,p2b\n|-resisted|p2a: Roaring Moon\n|-damage|p2a: Roaring Moon|0 fnt\n|-damage|p2b: Calyrex|68\/100\n|faint|p2a: Roaring Moon\n|-end|p2a: Roaring Moon|Protosynthesis|[silent]\n|move|p1a: Tornadus|Bleakwind Storm|p2b: Calyrex|[miss]\n|-miss|p1a: Tornadus|p2b: Calyrex\n|move|p2b: Calyrex|Trick Room|p2b: Calyrex\n|-fieldstart|move: Trick Room|[of] p2b: Calyrex\n|\n|-sideend|p2: fuleya|move: Tailwind\n|upkeep\n|\n|t:|1739880164\n|switch|p2a: Amoonguss|Amoonguss, L50, M|100\/100\n|turn|5\n|\n|t:|1739880183\n|move|p2a: Amoonguss|Spore|p1b: Chi-Yu\n|-status|p1b: Chi-Yu|slp|[from] move: Spore\n|move|p2b: Calyrex|High Horsepower|p1a: Tornadus\n|-supereffective|p1a: Tornadus\n|-damage|p1a: Tornadus|5\/100\n|move|p1a: Tornadus|Bleakwind Storm|p2a: Amoonguss|[spread] p2b\n|-miss|p1a: Tornadus|p2a: Amoonguss\n|-damage|p2b: Calyrex|36\/100\n|cant|p1b: Chi-Yu|slp\n|\n|-fieldend|move: Psychic Terrain\n|upkeep\n|turn|6\n|\n|t:|1739880204\n|move|p1a: Tornadus|Taunt|p2a: Amoonguss\n|-start|p2a: Amoonguss|move: Taunt\n|move|p2a: Amoonguss|Pollen Puff|p2b: Calyrex\n|-heal|p2b: Calyrex|86\/100\n|move|p2b: Calyrex|High Horsepower|p1b: Chi-Yu\n|-supereffective|p1b: Chi-Yu\n|-damage|p1b: Chi-Yu|0 fnt\n|faint|p1b: Chi-Yu\n|-ability|p2b: Calyrex|Chilling Neigh|boost\n|-boost|p2b: Calyrex|atk|1\n|\n|-sideend|p1: Iamsliverfish|move: Tailwind\n|upkeep\n|turn|7\n|-message|Iamsliverfish forfeited.\n|\n|win|fuleya\n|raw|Iamsliverfish's rating: 1706 &rarr; <strong>1683<\/strong><br \/>(-23 for losing)\n|raw|fuleya's rating: 1658 &rarr; <strong>1681<\/strong><br \/>(+23 for winning)\n|l|\u2606Iamsliverfish\n|player|p1|\n|l|\u2606fuleya\n|player|p2|\n","uploadtime":1739880439,"views":9,"formatid":"gen9vgc2025regg","rating":1681,"private":0,"password":null}