{"id":"gen9vgc2025regg-2303348956","format":"[Gen 9] VGC 2025 Reg G","players":["MattManectric","gustavonmoreno"],"log":"|j|\u2606MattManectric\n|j|\u2606gustavonmoreno\n|t:|1739912090\n|gametype|doubles\n|player|p1|MattManectric|265|1685\n|player|p2|gustavonmoreno|hiker-gen4|1588\n|teamsize|p1|6\n|teamsize|p2|6\n|gen|9\n|tier|[Gen 9] VGC 2025 Reg G\n|rated|\n|rule|Species Clause: Limit one of each Pok\u00e9mon\n|rule|Item Clause: Limit 1 of each item\n|clearpoke\n|poke|p1|Amoonguss, L50, F|\n|poke|p1|Calyrex-Ice, L50|\n|poke|p1|Urshifu-*, L50, M|\n|poke|p1|Ogerpon-Hearthflame, L50, F|\n|poke|p1|Landorus, L50, M|\n|poke|p1|Roaring Moon, L50|\n|poke|p2|Calyrex-Shadow, L50|\n|poke|p2|Weezing-Galar, L50, M|\n|poke|p2|Dondozo, L50, M|\n|poke|p2|Tatsugiri-Droopy, L50, M|\n|poke|p2|Urshifu-*, L50, M|\n|poke|p2|Indeedee-F, L50, F|\n|teampreview|4\n|\n|t:|1739912116\n|start\n|switch|p1a: Landorus|Landorus, L50, M|100\/100\n|switch|p1b: Roaring Moon|Roaring Moon, L50|100\/100\n|switch|p2a: Weezing|Weezing-Galar, L50, M|100\/100\n|switch|p2b: Calyrex|Calyrex-Shadow, L50|100\/100\n|-ability|p2a: Weezing|Neutralizing Gas\n|-ability|p2b: Calyrex|As One\n|-ability|p2b: Calyrex|Unnerve\n|turn|1\n|j| kiabu233\n|\n|t:|1739912147\n|move|p2b: Calyrex|Astral Barrage|p1a: Landorus|[spread] p1a,p1b\n|-resisted|p1b: Roaring Moon\n|-damage|p1a: Landorus|16\/100\n|-damage|p1b: Roaring Moon|69\/100\n|-damage|p2b: Calyrex|91\/100|[from] item: Life Orb\n|move|p1b: Roaring Moon|Tailwind|p1b: Roaring Moon\n|-sidestart|p1: MattManectric|move: Tailwind\n|move|p1a: Landorus|Sandsear Storm|p2b: Calyrex|[spread] p2a,p2b\n|-supereffective|p2a: Weezing\n|-damage|p2a: Weezing|0 fnt\n|-damage|p2b: Calyrex|43\/100\n|-status|p2b: Calyrex|brn\n|faint|p2a: Weezing\n|-end|p2a: Weezing|ability: Neutralizing Gas\n|-enditem|p1b: Roaring Moon|Booster Energy\n|-activate|p1b: Roaring Moon|ability: Protosynthesis|[fromitem]\n|-start|p1b: Roaring Moon|protosynthesisspe\n|-damage|p1a: Landorus|7\/100|[from] item: Life Orb\n|\n|-damage|p2b: Calyrex|37\/100 brn|[from] brn\n|upkeep\n|j| wartortcorp\n|\n|t:|1739912166\n|switch|p2a: Dondozo|Dondozo, L50, M, shiny|100\/100\n|turn|2\n|\n|t:|1739912177\n|switch|p2b: Tatsugiri|Tatsugiri-Droopy, L50, M, shiny|100\/100\n|-activate|p2b: Tatsugiri|ability: Commander|[of] p2a: Dondozo\n|-boost|p2a: Dondozo|atk|2\n|-boost|p2a: Dondozo|spa|2\n|-boost|p2a: Dondozo|spe|2\n|-boost|p2a: Dondozo|def|2\n|-boost|p2a: Dondozo|spd|2\n|move|p1b: Roaring Moon|Knock Off|p2a: Dondozo\n|-crit|p2a: Dondozo\n|-damage|p2a: Dondozo|63\/100\n|-enditem|p2a: Dondozo|Leftovers|[from] move: Knock Off|[of] p1b: Roaring Moon\n|move|p1a: Landorus|Earth Power|p2b: Tatsugiri|[miss]\n|-miss|p1a: Landorus|p2b: Tatsugiri\n|move|p2a: Dondozo|Order Up|p1b: Roaring Moon\n|-supereffective|p1b: Roaring Moon\n|-damage|p1b: Roaring Moon|0 fnt\n|faint|p1b: Roaring Moon\n|-end|p1b: Roaring Moon|Protosynthesis|[silent]\n|-boost|p2a: Dondozo|def|1\n|\n|upkeep\n|l| wartortcorp\n|\n|t:|1739912183\n|switch|p1b: Urshifu|Urshifu-Rapid-Strike, L50, M|100\/100\n|turn|3\n|\n|t:|1739912205\n|-terastallize|p1b: Urshifu|Water\n|move|p1a: Landorus|Earth Power|p2a: Dondozo\n|-damage|p2a: Dondozo|32\/100\n|move|p1b: Urshifu|Surging Strikes|p2a: Dondozo\n|-resisted|p2a: Dondozo\n|-crit|p2a: Dondozo\n|-damage|p2a: Dondozo|23\/100\n|-resisted|p2a: Dondozo\n|-crit|p2a: Dondozo\n|-damage|p2a: Dondozo|13\/100\n|-resisted|p2a: Dondozo\n|-crit|p2a: Dondozo\n|-damage|p2a: Dondozo|3\/100\n|-hitcount|p2a: Dondozo|3\n|move|p2a: Dondozo|Body Press|p1b: Urshifu\n|-damage|p1b: Urshifu|44\/100\n|\n|upkeep\n|turn|4\n|\n|t:|1739912255\n|switch|p1a: Ogerpon|Ogerpon-Hearthflame, L50, F|100\/100\n|-ability|p1a: Ogerpon|Mold Breaker\n|move|p2a: Dondozo|Protect|p2a: Dondozo\n|-singleturn|p2a: Dondozo|Protect\n|move|p1b: Urshifu|Surging Strikes|p2a: Dondozo\n|-resisted|p2a: Dondozo\n|-crit|p2a: Dondozo\n|-damage|p2a: Dondozo|0 fnt\n|faint|p2a: Dondozo\n|-hitcount|p2: Dondozo|1\n|\n|-sideend|p1: MattManectric|move: Tailwind\n|upkeep\n|\n|t:|1739912270\n|switch|p2a: Calyrex|Calyrex-Shadow, L50|37\/100 brn\n|-ability|p2a: Calyrex|As One\n|-ability|p2a: Calyrex|Unnerve\n|turn|5\n|\n|t:|1739912278\n|move|p2b: Tatsugiri|Helping Hand|p2a: Calyrex\n|-singleturn|p2a: Calyrex|Helping Hand|[of] p2b: Tatsugiri\n|move|p1a: Ogerpon|Spiky Shield|p1a: Ogerpon\n|-singleturn|p1a: Ogerpon|move: Protect\n|move|p1b: Urshifu|Detect|p1b: Urshifu\n|-singleturn|p1b: Urshifu|Protect\n|move|p2a: Calyrex|Astral Barrage|p1a: Ogerpon|[spread] \n|-activate|p1a: Ogerpon|move: Protect\n|-activate|p1b: Urshifu|move: Protect\n|\n|-damage|p2a: Calyrex|31\/100 brn|[from] brn\n|upkeep\n|turn|6\n|\n|t:|1739912300\n|move|p2b: Tatsugiri|Helping Hand|p2a: Calyrex\n|-singleturn|p2a: Calyrex|Helping Hand|[of] p2b: Tatsugiri\n|move|p2a: Calyrex|Astral Barrage|p1b: Urshifu|[spread] p1a,p1b\n|-damage|p1a: Ogerpon|0 fnt\n|-damage|p1b: Urshifu|0 fnt\n|faint|p1a: Ogerpon\n|faint|p1b: Urshifu\n|-ability|p2a: Calyrex|Grim Neigh|boost\n|-boost|p2a: Calyrex|spa|2\n|-damage|p2a: Calyrex|21\/100 brn|[from] item: Life Orb\n|\n|-damage|p2a: Calyrex|15\/100 brn|[from] brn\n|upkeep\n|-message|MattManectric forfeited.\n|\n|win|gustavonmoreno\n|raw|MattManectric's rating: 1685 &rarr; <strong>1660<\/strong><br \/>(-25 for losing)\n|raw|gustavonmoreno's rating: 1588 &rarr; <strong>1613<\/strong><br \/>(+25 for winning)\n|l|\u2606MattManectric\n|player|p1|\n|l| kiabu233\n","uploadtime":1739912321,"views":21,"formatid":"gen9vgc2025regg","rating":1613,"private":0,"password":null}