{"id":"gen9vgc2025regg-2303805200","format":"[Gen 9] VGC 2025 Reg G","players":["pokemonmastern2009","2190175p"],"log":"|j|\u2606pokemonmastern2009\n|j|\u26062190175p\n|t:|1739977444\n|gametype|doubles\n|player|p1|pokemonmastern2009|170|1568\n|player|p2|2190175p|courtney|1696\n|teamsize|p1|6\n|teamsize|p2|6\n|gen|9\n|tier|[Gen 9] VGC 2025 Reg G\n|rated|\n|rule|Species Clause: Limit one of each Pok\u00e9mon\n|rule|Item Clause: Limit 1 of each item\n|clearpoke\n|poke|p1|Farigiraf, L50, M|\n|poke|p1|Calyrex-Ice, L50|\n|poke|p1|Torkoal, L50, M|\n|poke|p1|Regidrago, L50|\n|poke|p1|Smeargle, L50, M|\n|poke|p1|Amoonguss, L50, F|\n|poke|p2|Calyrex-Ice, L50|\n|poke|p2|Torkoal, L50, M|\n|poke|p2|Urshifu-*, L50, M|\n|poke|p2|Indeedee-F, L50, F|\n|poke|p2|Raging Bolt, L50|\n|poke|p2|Flutter Mane, L50|\n|teampreview|4\n|j| Reverie Jr.\n|inactive|Battle timer is ON: inactive players will automatically lose when time's up. (requested by 2190175p)\n|\n|t:|1739977483\n|start\n|switch|p1a: Smeargle|Smeargle, L50, M, shiny|100\/100\n|switch|p1b: Calyrex|Calyrex-Ice, L50|100\/100\n|switch|p2a: Urshifu|Urshifu, L50, M|100\/100\n|switch|p2b: Flutter Mane|Flutter Mane, L50|100\/100\n|-ability|p1b: Calyrex|As One\n|-ability|p1b: Calyrex|Unnerve\n|-enditem|p2b: Flutter Mane|Booster Energy\n|-activate|p2b: Flutter Mane|ability: Protosynthesis|[fromitem]\n|-start|p2b: Flutter Mane|protosynthesisspe\n|turn|1\n|\n|t:|1739977502\n|move|p1a: Smeargle|Follow Me|p1a: Smeargle\n|-singleturn|p1a: Smeargle|move: Follow Me\n|move|p2b: Flutter Mane|Taunt|p1a: Smeargle\n|-start|p1a: Smeargle|move: Taunt\n|move|p2a: Urshifu|Wicked Blow|p1a: Smeargle\n|-crit|p1a: Smeargle\n|-enditem|p1a: Smeargle|Focus Sash\n|-damage|p1a: Smeargle|1\/100\n|move|p1b: Calyrex|Trick Room|p1b: Calyrex\n|-fieldstart|move: Trick Room|[of] p1b: Calyrex\n|\n|upkeep\n|turn|2\n|c|\u2606pokemonmastern2009|Reverie who r u\n|\n|t:|1739977517\n|switch|p1a: Regidrago|Regidrago, L50|100\/100\n|switch|p2a: Calyrex|Calyrex-Ice, L50|100\/100\n|-ability|p2a: Calyrex|As One\n|-ability|p2a: Calyrex|Unnerve\n|-end|p2b: Flutter Mane|Protosynthesis|[silent]\n|switch|p2b: Torkoal|Torkoal, L50, M|100\/100\n|-weather|SunnyDay|[from] ability: Drought|[of] p2b: Torkoal\n|-terastallize|p1b: Calyrex|Fire\n|move|p1b: Calyrex|Glacial Lance|p2a: Calyrex|[spread] p2a,p2b\n|-resisted|p2a: Calyrex\n|-resisted|p2b: Torkoal\n|-damage|p2a: Calyrex|82\/100\n|-damage|p2b: Torkoal|77\/100\n|\n|-weather|SunnyDay|[upkeep]\n|upkeep\n|turn|3\n|j| CerebralGenesis\n|inactive|2190175p has 30 seconds left.\n|\n|t:|1739977547\n|move|p2b: Torkoal|Heat Wave|p1a: Regidrago|[spread] p1a,p1b\n|-resisted|p1a: Regidrago\n|-resisted|p1b: Calyrex\n|-damage|p1a: Regidrago|70\/100\n|-damage|p1b: Calyrex|76\/100\n|move|p2a: Calyrex|Imprison|p2a: Calyrex\n|-start|p2a: Calyrex|move: Imprison\n|cant|p1b: Calyrex|move: Imprison|High Horsepower\n|move|p1a: Regidrago|Earth Power|p2b: Torkoal\n|-supereffective|p2b: Torkoal\n|-damage|p2b: Torkoal|0 fnt\n|faint|p2b: Torkoal\n|\n|-weather|SunnyDay|[upkeep]\n|upkeep\n|\n|t:|1739977556\n|switch|p2b: Urshifu|Urshifu, L50, M|100\/100\n|turn|4\n|j| hideonbusu\n|\n|t:|1739977570\n|switch|p1a: Torkoal|Torkoal, L50, M, shiny|100\/100\n|move|p1b: Calyrex|Protect|p1b: Calyrex\n|-singleturn|p1b: Calyrex|Protect\n|move|p2a: Calyrex|Glacial Lance|p1b: Calyrex|[spread] p1a\n|-activate|p1b: Calyrex|move: Protect\n|-resisted|p1a: Torkoal\n|-damage|p1a: Torkoal|76\/100\n|move|p2b: Urshifu|Wicked Blow|p1b: Calyrex\n|-crit|p1b: Calyrex\n|-damage|p1b: Calyrex|15\/100\n|\n|-weather|SunnyDay|[upkeep]\n|upkeep\n|turn|5\n|\n|t:|1739977585\n|-terastallize|p2b: Urshifu|Dark\n|move|p1b: Calyrex|Protect|p1b: Calyrex\n|-singleturn|p1b: Calyrex|Protect\n|move|p1a: Torkoal|Eruption|p2b: Urshifu|[spread] p2a,p2b\n|-supereffective|p2a: Calyrex\n|-damage|p2a: Calyrex|0 fnt\n|-damage|p2b: Urshifu|6\/100\n|faint|p2a: Calyrex\n|move|p2b: Urshifu|Wicked Blow|p1a: Torkoal\n|-crit|p1a: Torkoal\n|-damage|p1a: Torkoal|0 fnt\n|faint|p1a: Torkoal\n|\n|-weather|SunnyDay|[upkeep]\n|-fieldend|move: Trick Room\n|upkeep\n|inactive|pokemonmastern2009 has 30 seconds left.\n|\n|t:|1739977612\n|switch|p2a: Flutter Mane|Flutter Mane, L50|100\/100\n|switch|p1a: Smeargle|Smeargle, L50, M, shiny|1\/100\n|-activate|p2a: Flutter Mane|ability: Protosynthesis\n|-start|p2a: Flutter Mane|protosynthesisspe\n|turn|6\n|\n|t:|1739977631\n|move|p1a: Smeargle|Follow Me|p1a: Smeargle\n|-singleturn|p1a: Smeargle|move: Follow Me\n|move|p2a: Flutter Mane|Shadow Ball|p1a: Smeargle\n|-immune|p1a: Smeargle\n|move|p2b: Urshifu|Wicked Blow|p1a: Smeargle\n|-crit|p1a: Smeargle\n|-damage|p1a: Smeargle|0 fnt\n|faint|p1a: Smeargle\n|move|p1b: Calyrex|Trick Room|p1b: Calyrex\n|-fieldstart|move: Trick Room|[of] p1b: Calyrex\n|\n|-weather|none\n|-end|p2a: Flutter Mane|Protosynthesis\n|upkeep\n|\n|t:|1739977633\n|switch|p1a: Regidrago|Regidrago, L50|70\/100\n|turn|7\n|\n|t:|1739977648\n|move|p1b: Calyrex|Glacial Lance|p2b: Urshifu|[spread] p2a,p2b\n|-damage|p2a: Flutter Mane|0 fnt\n|-damage|p2b: Urshifu|0 fnt\n|faint|p2a: Flutter Mane\n|-end|p2a: Flutter Mane|Protosynthesis|[silent]\n|faint|p2b: Urshifu\n|\n|win|pokemonmastern2009\n|raw|pokemonmastern2009's rating: 1568 &rarr; <strong>1595<\/strong><br \/>(+27 for winning)\n|raw|2190175p's rating: 1696 &rarr; <strong>1669<\/strong><br \/>(-27 for losing)\n|l|\u26062190175p\n|player|p2|\n|l|\u2606pokemonmastern2009\n|player|p1|\n|l| CerebralGenesis\n|l| hideonbusu\n|l| Reverie Jr.\n","uploadtime":1739977894,"views":5,"formatid":"gen9vgc2025regg","rating":1595,"private":0,"password":null}