{"id":"gen9vgc2025regg-2303213846","format":"[Gen 9] VGC 2025 Reg G","players":["prof_tiberius","monoma"],"log":"|j|\u2606prof_tiberius\n|j|\u2606monoma\n|t:|1739898832\n|gametype|doubles\n|player|p1|prof_tiberius|colress|1581\n|player|p2|monoma|2|1577\n|teamsize|p1|6\n|teamsize|p2|6\n|gen|9\n|tier|[Gen 9] VGC 2025 Reg G\n|rated|\n|rule|Species Clause: Limit one of each Pok\u00e9mon\n|rule|Item Clause: Limit 1 of each item\n|clearpoke\n|poke|p1|Miraidon, L50|\n|poke|p1|Urshifu-*, L50, F|\n|poke|p1|Farigiraf, L50, M|\n|poke|p1|Incineroar, L50, F|\n|poke|p1|Tornadus, L50, M|\n|poke|p1|Ogerpon-Cornerstone, L50, F|\n|poke|p2|Miraidon, L50|\n|poke|p2|Iron Bundle, L50|\n|poke|p2|Kingambit, L50, F|\n|poke|p2|Dragonite, L50, M|\n|poke|p2|Urshifu-*, L50, M|\n|poke|p2|Incineroar, L50, F|\n|teampreview|4\n|inactive|Battle timer is ON: inactive players will automatically lose when time's up. (requested by prof_tiberius)\n|\n|t:|1739898868\n|start\n|switch|p1a: Miraidon|Miraidon, L50|100\/100\n|switch|p1b: Urshifu|Urshifu-Rapid-Strike, L50, F|100\/100\n|switch|p2a: Miraidon|Miraidon, L50|100\/100\n|switch|p2b: Incineroar|Incineroar, L50, F|100\/100\n|-fieldstart|move: Electric Terrain|[from] ability: Hadron Engine|[of] p2a: Miraidon\n|-activate|p1a: Miraidon|ability: Hadron Engine\n|-ability|p2b: Incineroar|Intimidate|boost\n|-unboost|p1a: Miraidon|atk|1\n|-unboost|p1b: Urshifu|atk|1\n|turn|1\n|\n|t:|1739898887\n|-terastallize|p2a: Miraidon|Fairy\n|-terastallize|p1a: Miraidon|Fairy\n|move|p2b: Incineroar|Fake Out|p1a: Miraidon\n|-damage|p1a: Miraidon|93\/100\n|move|p1b: Urshifu|Surging Strikes|p2b: Incineroar\n|-supereffective|p2b: Incineroar\n|-crit|p2b: Incineroar\n|-damage|p2b: Incineroar|68\/100\n|-supereffective|p2b: Incineroar\n|-crit|p2b: Incineroar\n|-damage|p2b: Incineroar|37\/100\n|-supereffective|p2b: Incineroar\n|-crit|p2b: Incineroar\n|-damage|p2b: Incineroar|1\/100\n|-hitcount|p2b: Incineroar|3\n|move|p2a: Miraidon|Dazzling Gleam|p1b: Urshifu|[spread] p1a,p1b\n|-supereffective|p1b: Urshifu\n|-crit|p1b: Urshifu\n|-damage|p1a: Miraidon|61\/100\n|-damage|p1b: Urshifu|0 fnt\n|faint|p1b: Urshifu\n|cant|p1a: Miraidon|flinch\n|\n|upkeep\n|\n|t:|1739898907\n|switch|p1b: Farigiraf|Farigiraf, L50, M|100\/100\n|-enditem|p1b: Farigiraf|Electric Seed\n|-boost|p1b: Farigiraf|def|1|[from] item: Electric Seed\n|turn|2\n|\n|t:|1739898919\n|move|p2a: Miraidon|Dazzling Gleam|p1b: Farigiraf|[spread] p1a,p1b\n|-damage|p1a: Miraidon|27\/100\n|-damage|p1b: Farigiraf|44\/100\n|move|p1a: Miraidon|Dazzling Gleam|p2b: Incineroar|[spread] p2a,p2b\n|-damage|p2a: Miraidon|66\/100\n|-damage|p2b: Incineroar|0 fnt\n|faint|p2b: Incineroar\n|move|p1b: Farigiraf|Trick Room|p1b: Farigiraf\n|-fieldstart|move: Trick Room|[of] p1b: Farigiraf\n|\n|upkeep\n|\n|t:|1739898934\n|switch|p2b: Iron Bundle|Iron Bundle, L50|100\/100\n|-activate|p2b: Iron Bundle|ability: Quark Drive\n|-start|p2b: Iron Bundle|quarkdrivespe\n|turn|3\n|\n|t:|1739898956\n|move|p1b: Farigiraf|Psychic|p2b: Iron Bundle\n|-damage|p2b: Iron Bundle|30\/100\n|-unboost|p2b: Iron Bundle|spd|1\n|move|p1a: Miraidon|Electro Drift|p2b: Iron Bundle\n|-supereffective|p2b: Iron Bundle\n|-damage|p2b: Iron Bundle|0 fnt\n|faint|p2b: Iron Bundle\n|-end|p2b: Iron Bundle|Quark Drive|[silent]\n|move|p2a: Miraidon|Dazzling Gleam|p1a: Miraidon|[spread] p1a,p1b\n|-damage|p1a: Miraidon|0 fnt\n|-damage|p1b: Farigiraf|0 fnt\n|faint|p1a: Miraidon\n|faint|p1b: Farigiraf\n|\n|upkeep\n|\n|t:|1739898971\n|switch|p1b: Ogerpon|Ogerpon-Cornerstone, L50, F|100\/100\n|switch|p2b: Dragonite|Dragonite, L50, M|100\/100\n|turn|4\n|\n|t:|1739898981\n|move|p2b: Dragonite|Scale Shot|p1b: Ogerpon\n|-damage|p1b: Ogerpon|79\/100\n|-damage|p1b: Ogerpon|59\/100\n|-damage|p1b: Ogerpon|37\/100\n|-damage|p1b: Ogerpon|18\/100\n|-hitcount|p1b: Ogerpon|4\n|-unboost|p2b: Dragonite|def|1\n|-boost|p2b: Dragonite|spe|1\n|move|p1b: Ogerpon|Ivy Cudgel|p2a: Miraidon|[anim] Ivy Cudgel Rock\n|-crit|p2a: Miraidon\n|-damage|p2a: Miraidon|0 fnt\n|faint|p2a: Miraidon\n|\n|upkeep\n|turn|5\n|\n|t:|1739898996\n|move|p1b: Ogerpon|Ivy Cudgel|p2b: Dragonite|[anim] Ivy Cudgel Rock\n|-supereffective|p2b: Dragonite\n|-damage|p2b: Dragonite|0 fnt\n|faint|p2b: Dragonite\n|\n|win|prof_tiberius\n|raw|prof_tiberius's rating: 1581 &rarr; <strong>1601<\/strong><br \/>(+20 for winning)\n|raw|monoma's rating: 1577 &rarr; <strong>1557<\/strong><br \/>(-20 for losing)\n|l|\u2606monoma\n|player|p2|\n|l|\u2606prof_tiberius\n|player|p1|\n","uploadtime":1739899003,"views":9,"formatid":"gen9vgc2025regg","rating":1557,"private":0,"password":null}