{"id":"gen9vgc2025regg-2303986581","format":"[Gen 9] VGC 2025 Reg G","players":["shef603","chin8"],"log":"|j|\u2606shef603\n|j|\u2606chin8\n|t:|1739995464\n|gametype|doubles\n|player|p1|shef603|steven|1557\n|player|p2|chin8|gentleman-gen4dp|1704\n|teamsize|p1|6\n|teamsize|p2|6\n|gen|9\n|tier|[Gen 9] VGC 2025 Reg G\n|rated|\n|rule|Species Clause: Limit one of each Pok\u00e9mon\n|rule|Item Clause: Limit 1 of each item\n|clearpoke\n|poke|p1|Koraidon, L50|\n|poke|p1|Flutter Mane, L50|\n|poke|p1|Entei, L50|\n|poke|p1|Raging Bolt, L50|\n|poke|p1|Umbreon, L50, M|\n|poke|p1|Ogerpon-Cornerstone, L50, F|\n|poke|p2|Calyrex-Shadow, L50|\n|poke|p2|Incineroar, L50, F|\n|poke|p2|Rillaboom, L50, M|\n|poke|p2|Gastrodon-East, L50, M|\n|poke|p2|Hitmonchan, L50, M|\n|poke|p2|Tropius, L50, M|\n|teampreview|4\n|inactive|Battle timer is ON: inactive players will automatically lose when time's up. (requested by chin8)\n|j| futonkagebunshin\n|inactive|shef603 has 60 seconds left.\n|j| 413XP\n|j| keltr1ck\n|\n|t:|1739995530\n|start\n|switch|p1a: Umbreon|Umbreon, L50, M, shiny|100\/100\n|switch|p1b: Ogerpon|Ogerpon-Cornerstone, L50, F|100\/100\n|switch|p2a: Calyrex|Calyrex-Shadow, L50|100\/100\n|switch|p2b: Incineroar|Incineroar, L50, F|100\/100\n|-ability|p2a: Calyrex|As One\n|-ability|p2a: Calyrex|Unnerve\n|-ability|p2b: Incineroar|Intimidate|boost\n|-fail|p1a: Umbreon|unboost|Attack|[from] ability: Inner Focus|[of] p1a: Umbreon\n|-unboost|p1b: Ogerpon|atk|1\n|turn|1\n|inactive|chin8 has 30 seconds left.\n|inactive|chin8 has 20 seconds left.\n|\n|t:|1739995569\n|switch|p2b: Hitmonchan|Hitmonchan, L50, M|100\/100\n|move|p1b: Ogerpon|Spiky Shield|p1b: Ogerpon\n|-singleturn|p1b: Ogerpon|move: Protect\n|move|p2a: Calyrex|Calm Mind|p2a: Calyrex\n|-boost|p2a: Calyrex|spa|1\n|-boost|p2a: Calyrex|spd|1\n|move|p1a: Umbreon|Yawn|p2a: Calyrex\n|-start|p2a: Calyrex|move: Yawn|[of] p1a: Umbreon\n|\n|upkeep\n|turn|2\n|inactive|shef603 has 30 seconds left.\n|inactive|shef603 has 20 seconds left.\n|inactive|shef603 has 15 seconds left.\n|\n|t:|1739995613\n|switch|p2a: Incineroar|Incineroar, L50, F|100\/100\n|-ability|p2a: Incineroar|Intimidate|boost\n|-fail|p1a: Umbreon|unboost|Attack|[from] ability: Inner Focus|[of] p1a: Umbreon\n|-unboost|p1b: Ogerpon|atk|1\n|move|p1b: Ogerpon|Power Whip|p2b: Hitmonchan|[miss]\n|-miss|p1b: Ogerpon|p2b: Hitmonchan\n|move|p2b: Hitmonchan|Close Combat|p1a: Umbreon\n|-supereffective|p1a: Umbreon\n|-damage|p1a: Umbreon|31\/100\n|-unboost|p2b: Hitmonchan|def|1\n|-unboost|p2b: Hitmonchan|spd|1\n|move|p1a: Umbreon|Moonlight|p1a: Umbreon\n|-heal|p1a: Umbreon|81\/100\n|\n|upkeep\n|turn|3\n|inactive|shef603 has 30 seconds left.\n|inactive|shef603 has 20 seconds left.\n|\n|t:|1739995649\n|switch|p1b: Koraidon|Koraidon, L50|100\/100\n|-weather|SunnyDay|[from] ability: Orichalcum Pulse|[of] p1b: Koraidon\n|-activate|p1b: Koraidon|Orichalcum Pulse|[source]\n|move|p2b: Hitmonchan|Close Combat|p1a: Umbreon\n|-supereffective|p1a: Umbreon\n|-damage|p1a: Umbreon|9\/100\n|-unboost|p2b: Hitmonchan|def|1\n|-unboost|p2b: Hitmonchan|spd|1\n|move|p1a: Umbreon|Yawn|p2b: Hitmonchan\n|-start|p2b: Hitmonchan|move: Yawn|[of] p1a: Umbreon\n|move|p2a: Incineroar|Knock Off|p1a: Umbreon\n|-resisted|p1a: Umbreon\n|-damage|p1a: Umbreon|0 fnt\n|-enditem|p1a: Umbreon|Safety Goggles|[from] move: Knock Off|[of] p2a: Incineroar\n|faint|p1a: Umbreon\n|\n|-weather|SunnyDay|[upkeep]\n|upkeep\n|\n|t:|1739995668\n|switch|p1a: Ogerpon|Ogerpon-Cornerstone, L50, F|100\/100\n|turn|4\n|\n|t:|1739995692\n|switch|p2b: Calyrex|Calyrex-Shadow, L50|100\/100\n|-ability|p2b: Calyrex|As One\n|-ability|p2b: Calyrex|Unnerve\n|switch|p2a: Rillaboom|Rillaboom, L50, M|100\/100\n|-fieldstart|move: Grassy Terrain|[from] ability: Grassy Surge|[of] p2a: Rillaboom\n|move|p1b: Koraidon|Scale Shot|p2b: Calyrex\n|-damage|p2b: Calyrex|79\/100\n|-damage|p2b: Calyrex|58\/100\n|-damage|p2b: Calyrex|37\/100\n|-crit|p2b: Calyrex\n|-damage|p2b: Calyrex|6\/100\n|-hitcount|p2b: Calyrex|4\n|-unboost|p1b: Koraidon|def|1\n|-boost|p1b: Koraidon|spe|1\n|move|p1a: Ogerpon|Ivy Cudgel|p2a: Rillaboom|[anim] Ivy Cudgel Rock\n|-damage|p2a: Rillaboom|42\/100\n|\n|-weather|SunnyDay|[upkeep]\n|-heal|p2b: Calyrex|12\/100|[from] Grassy Terrain\n|-heal|p2a: Rillaboom|48\/100|[from] Grassy Terrain\n|upkeep\n|turn|5\n|inactive|shef603 has 30 seconds left.\n|\n|t:|1739995717\n|switch|p2a: Incineroar|Incineroar, L50, F|100\/100\n|-ability|p2a: Incineroar|Intimidate|boost\n|-unboost|p1a: Ogerpon|atk|1\n|-unboost|p1b: Koraidon|atk|1\n|move|p1b: Koraidon|Protect|p1b: Koraidon\n|-singleturn|p1b: Koraidon|Protect\n|move|p1a: Ogerpon|Spiky Shield|p1a: Ogerpon\n|-singleturn|p1a: Ogerpon|move: Protect\n|move|p2b: Calyrex|Calm Mind|p2b: Calyrex\n|-boost|p2b: Calyrex|spa|1\n|-boost|p2b: Calyrex|spd|1\n|\n|-weather|SunnyDay|[upkeep]\n|-heal|p2b: Calyrex|18\/100|[from] Grassy Terrain\n|upkeep\n|turn|6\n|\n|t:|1739995738\n|-terastallize|p2b: Calyrex|Fairy\n|move|p2a: Incineroar|Fake Out|p1b: Koraidon\n|-damage|p1b: Koraidon|86\/100\n|cant|p1b: Koraidon|flinch\n|move|p2b: Calyrex|Draining Kiss|p1b: Koraidon\n|-supereffective|p1b: Koraidon\n|-damage|p1b: Koraidon|0 fnt\n|-heal|p2b: Calyrex|83\/100|[from] drain|[of] p1b: Koraidon\n|faint|p1b: Koraidon\n|-ability|p2b: Calyrex|Grim Neigh|boost\n|-boost|p2b: Calyrex|spa|1\n|move|p1a: Ogerpon|Ivy Cudgel|p2b: Calyrex|[anim] Ivy Cudgel Rock\n|-damage|p2b: Calyrex|43\/100\n|\n|-weather|SunnyDay|[upkeep]\n|-heal|p2b: Calyrex|49\/100|[from] Grassy Terrain\n|upkeep\n|\n|t:|1739995756\n|switch|p1b: Entei|Entei, L50|100\/100\n|turn|7\n|\n|t:|1739995766\n|-terastallize|p1b: Entei|Normal\n|move|p2b: Calyrex|Protect|p2b: Calyrex\n|-singleturn|p2b: Calyrex|Protect\n|move|p1b: Entei|Extreme Speed|p2b: Calyrex\n|-activate|p2b: Calyrex|move: Protect\n|move|p1a: Ogerpon|Ivy Cudgel|p2a: Incineroar|[anim] Ivy Cudgel Rock\n|-supereffective|p2a: Incineroar\n|-damage|p2a: Incineroar|22\/100\n|-enditem|p2a: Incineroar|Aguav Berry|[eat]\n|-heal|p2a: Incineroar|55\/100|[from] item: Aguav Berry\n|move|p2a: Incineroar|Parting Shot|p1b: Entei\n|-unboost|p1b: Entei|atk|1\n|-unboost|p1b: Entei|spa|1\n|\n|t:|1739995780\n|switch|p2a: Hitmonchan|Hitmonchan, L50, M|100\/100|[from] Parting Shot\n|\n|-weather|none\n|-heal|p2b: Calyrex|55\/100|[from] Grassy Terrain\n|upkeep\n|turn|8\n|\n|t:|1739995790\n|move|p1b: Entei|Extreme Speed|p2b: Calyrex\n|-damage|p2b: Calyrex|16\/100\n|move|p2b: Calyrex|Draining Kiss|p1b: Entei\n|-damage|p1b: Entei|25\/100\n|-heal|p2b: Calyrex|74\/100|[from] drain|[of] p1b: Entei\n|move|p1a: Ogerpon|Ivy Cudgel|p2b: Calyrex|[anim] Ivy Cudgel Rock\n|-damage|p2b: Calyrex|34\/100\n|move|p2a: Hitmonchan|Close Combat|p1b: Entei\n|-supereffective|p1b: Entei\n|-damage|p1b: Entei|0 fnt\n|-unboost|p2a: Hitmonchan|def|1\n|-unboost|p2a: Hitmonchan|spd|1\n|faint|p1b: Entei\n|\n|-heal|p2b: Calyrex|40\/100|[from] Grassy Terrain\n|-fieldend|move: Grassy Terrain\n|upkeep\n|turn|9\n|-message|shef603 forfeited.\n|\n|win|chin8\n|raw|shef603's rating: 1557 &rarr; <strong>1545<\/strong><br \/>(-12 for losing)\n|raw|chin8's rating: 1704 &rarr; <strong>1716<\/strong><br \/>(+12 for winning)\n|l|\u2606shef603\n|player|p1|\n|l|\u2606chin8\n|player|p2|\n|l| keltr1ck\n","uploadtime":1739995995,"views":5,"formatid":"gen9vgc2025regg","rating":1545,"private":0,"password":null}