{"id":"gen9vgc2025regg-2303784255","format":"[Gen 9] VGC 2025 Reg G","players":["aveorni","zhz2021"],"log":"|j|\u2606aveorni\n|j|\u2606zhz2021\n|t:|1739975129\n|gametype|doubles\n|player|p1|aveorni|ghetsis|1597\n|player|p2|zhz2021|marley|1604\n|teamsize|p1|6\n|teamsize|p2|6\n|gen|9\n|tier|[Gen 9] VGC 2025 Reg G\n|rated|\n|rule|Species Clause: Limit one of each Pok\u00e9mon\n|rule|Item Clause: Limit 1 of each item\n|clearpoke\n|poke|p1|Ting-Lu, L50|\n|poke|p1|Calyrex-Shadow, L50|\n|poke|p1|Dondozo, L50, M|\n|poke|p1|Weezing-Galar, L50, M|\n|poke|p1|Indeedee-F, L50, F|\n|poke|p1|Tatsugiri-Droopy, L50, F|\n|poke|p2|Urshifu-*, L50, M|\n|poke|p2|Bruxish, L50, M|\n|poke|p2|Smeargle, L50, F|\n|poke|p2|Calyrex-Ice, L50|\n|poke|p2|Tornadus, L50, M|\n|poke|p2|Weezing-Galar, L50, F|\n|teampreview|4\n|inactive|Battle timer is ON: inactive players will automatically lose when time's up. (requested by aveorni)\n|j| 2-2-2 Ape\n|inactive|aveorni has 60 seconds left.\n|l| 2-2-2 Ape\n|\n|t:|1739975171\n|start\n|switch|p1a: horse|Calyrex-Shadow, L50|100\/100\n|switch|p1b: sushi|Tatsugiri-Droopy, L50, F, shiny|100\/100\n|switch|p2a: Smeargle|Smeargle, L50, F, shiny|100\/100\n|switch|p2b: Bruxish|Bruxish, L50, M, shiny|100\/100\n|-ability|p1a: horse|As One\n|-ability|p1a: horse|Unnerve\n|turn|1\n|inactive|zhz2021 has 30 seconds left.\n|\n|t:|1739975196\n|-terastallize|p2b: Bruxish|Normal\n|move|p1a: horse|Expanding Force|p2a: Smeargle\n|-damage|p2a: Smeargle|0 fnt\n|faint|p2a: Smeargle\n|-ability|p1a: horse|Grim Neigh|boost\n|-boost|p1a: horse|spa|1\n|-damage|p1a: horse|91\/100|[from] item: Life Orb\n|move|p1b: sushi|Draco Meteor|p2b: Bruxish\n|-damage|p2b: Bruxish|16\/100\n|-unboost|p1b: sushi|spa|2\n|-enditem|p1b: sushi|Eject Pack\n|\n|t:|1739975206\n|switch|p1b: I eat sushi|Dondozo, L50, M, shiny|100\/100\n|move|p2b: Bruxish|Trick Room|p2b: Bruxish\n|-fieldstart|move: Trick Room|[of] p2b: Bruxish\n|\n|upkeep\n|\n|t:|1739975215\n|switch|p2a: Urshifu|Urshifu, L50, M|100\/100\n|turn|2\n|\n|t:|1739975239\n|move|p1b: I eat sushi|Body Press|p2a: Urshifu\n|-supereffective|p2a: Urshifu\n|-damage|p2a: Urshifu|57\/100\n|move|p2b: Bruxish|Super Fang|p1b: I eat sushi\n|-damage|p1b: I eat sushi|50\/100\n|move|p2a: Urshifu|Wicked Blow|p1b: I eat sushi\n|-crit|p1b: I eat sushi\n|-damage|p1b: I eat sushi|0 fnt\n|faint|p1b: I eat sushi\n|move|p1a: horse|Astral Barrage|p2b: Bruxish|[spread] p2a\n|-immune|p2b: Bruxish\n|-resisted|p2a: Urshifu\n|-damage|p2a: Urshifu|0 fnt\n|faint|p2a: Urshifu\n|-ability|p1a: horse|Grim Neigh|boost\n|-boost|p1a: horse|spa|1\n|-damage|p1a: horse|81\/100|[from] item: Life Orb\n|\n|upkeep\n|\n|t:|1739975254\n|switch|p1b: cow with bowl|Ting-Lu, L50|100\/100\n|switch|p2a: Calyrex|Calyrex-Ice, L50|100\/100\n|-ability|p2a: Calyrex|As One\n|-ability|p2a: Calyrex|Unnerve\n|-ability|p1b: cow with bowl|Vessel of Ruin\n|turn|3\n|\n|t:|1739975273\n|-terastallize|p1b: cow with bowl|Poison\n|move|p1a: horse|Protect|p1a: horse\n|-singleturn|p1a: horse|Protect\n|move|p1b: cow with bowl|Sand Tomb|p2b: Bruxish\n|-damage|p2b: Bruxish|0 fnt\n|faint|p2b: Bruxish\n|move|p2a: Calyrex|Glacial Lance|p1b: cow with bowl|[spread] p1b\n|-activate|p1a: horse|move: Protect\n|-damage|p1b: cow with bowl|68\/100\n|\n|upkeep\n|turn|4\n|\n|t:|1739975294\n|switch|p1a: sushi|Tatsugiri-Droopy, L50, F, shiny|100\/100\n|move|p1b: cow with bowl|Fissure|p2a: Calyrex|[miss]\n|-miss|p1b: cow with bowl|p2a: Calyrex\n|move|p2a: Calyrex|Glacial Lance|p1b: cow with bowl|[spread] p1a,p1b\n|-damage|p1a: sushi|16\/100\n|-damage|p1b: cow with bowl|36\/100\n|\n|upkeep\n|turn|5\n|\n|t:|1739975305\n|move|p1a: sushi|Protect|p1a: sushi\n|-singleturn|p1a: sushi|Protect\n|move|p1b: cow with bowl|Fissure|p2a: Calyrex|[miss]\n|-miss|p1b: cow with bowl|p2a: Calyrex\n|move|p2a: Calyrex|Glacial Lance|p1b: cow with bowl|[spread] p1b\n|-activate|p1a: sushi|move: Protect\n|-damage|p1b: cow with bowl|6\/100\n|\n|-fieldend|move: Trick Room\n|upkeep\n|turn|6\n|\n|t:|1739975317\n|move|p1a: sushi|Taunt|p2a: Calyrex\n|-start|p2a: Calyrex|move: Taunt\n|move|p2a: Calyrex|Glacial Lance|p1a: sushi|[spread] p1a,p1b\n|-damage|p1a: sushi|0 fnt\n|-damage|p1b: cow with bowl|0 fnt\n|faint|p1a: sushi\n|faint|p1b: cow with bowl\n|-ability|p2a: Calyrex|Chilling Neigh|boost\n|-boost|p2a: Calyrex|atk|2\n|\n|upkeep\n|\n|t:|1739975322\n|switch|p1a: horse|Calyrex-Shadow, L50|81\/100\n|-ability|p1a: horse|As One\n|-ability|p1a: horse|Unnerve\n|turn|7\n|\n|t:|1739975326\n|move|p1a: horse|Astral Barrage|p2a: Calyrex\n|-supereffective|p2a: Calyrex\n|-damage|p2a: Calyrex|0 fnt\n|faint|p2a: Calyrex\n|-damage|p1a: horse|72\/100|[from] item: Life Orb\n|\n|win|aveorni\n|raw|aveorni's rating: 1597 &rarr; <strong>1617<\/strong><br \/>(+20 for winning)\n|raw|zhz2021's rating: 1604 &rarr; <strong>1584<\/strong><br \/>(-20 for losing)\n|l|\u2606zhz2021\n|player|p2|\n|c|\u2606aveorni|gg\n|l|\u2606aveorni\n|player|p1|\n","uploadtime":1739975584,"views":6,"formatid":"gen9vgc2025regg","rating":1584,"private":0,"password":null}