{"id":"gen9vgc2025regg-2303834242","format":"[Gen 9] VGC 2025 Reg G","players":["ApoVGC","Angelo Neres"],"log":"|j|\u2606ApoVGC\n|j|\u2606Angelo Neres\n|t:|1739980469\n|gametype|doubles\n|player|p1|ApoVGC|169|1641\n|player|p2|Angelo Neres|170|1551\n|teamsize|p1|6\n|teamsize|p2|6\n|gen|9\n|tier|[Gen 9] VGC 2025 Reg G\n|rated|\n|rule|Species Clause: Limit one of each Pok\u00e9mon\n|rule|Item Clause: Limit 1 of each item\n|clearpoke\n|poke|p1|Calyrex-Shadow, L50|\n|poke|p1|Amoonguss, L50, F|\n|poke|p1|Tornadus, L50, M|\n|poke|p1|Indeedee-F, L50, F|\n|poke|p1|Urshifu-*, L50, M|\n|poke|p1|Chi-Yu, L50|\n|poke|p2|Groudon, L50|\n|poke|p2|Moltres-Galar, L50|\n|poke|p2|Scream Tail, L50|\n|poke|p2|Grimmsnarl, L50, M|\n|poke|p2|Cobalion, L50|\n|poke|p2|Smeargle, L50, M|\n|teampreview|4\n|inactive|Battle timer is ON: inactive players will automatically lose when time's up. (requested by Angelo Neres)\n|\n|t:|1739980498\n|start\n|switch|p1a: Amoonguss|Amoonguss, L50, F, shiny|100\/100\n|switch|p1b: Chi-Yu|Chi-Yu, L50|100\/100\n|switch|p2a: Scream Tail|Scream Tail, L50, shiny|100\/100\n|switch|p2b: Grimmsnarl|Grimmsnarl, L50, M, shiny|100\/100\n|-ability|p1b: Chi-Yu|Beads of Ruin\n|turn|1\n|\n|t:|1739980513\n|move|p2b: Grimmsnarl|Light Screen|p2b: Grimmsnarl\n|-sidestart|p2: Angelo Neres|move: Light Screen\n|move|p1b: Chi-Yu|Heat Wave|p2a: Scream Tail|[spread] p2a,p2b\n|-damage|p2a: Scream Tail|74\/100\n|-damage|p2b: Grimmsnarl|67\/100\n|move|p2a: Scream Tail|Thunder Wave|p1b: Chi-Yu\n|-status|p1b: Chi-Yu|par\n|move|p1a: Amoonguss|Sludge Bomb|p2b: Grimmsnarl\n|-supereffective|p2b: Grimmsnarl\n|-damage|p2b: Grimmsnarl|23\/100\n|\n|upkeep\n|turn|2\n|inactive|Angelo Neres has 30 seconds left.\n|\n|t:|1739980539\n|switch|p2b: Moltres|Moltres-Galar, L50, shiny|100\/100\n|move|p2a: Scream Tail|Encore|p1a: Amoonguss\n|-start|p1a: Amoonguss|Encore\n|move|p1b: Chi-Yu|Heat Wave|p2b: Moltres|[spread] p2b\n|-miss|p1b: Chi-Yu|p2a: Scream Tail\n|-damage|p2b: Moltres|73\/100\n|move|p1a: Amoonguss|Sludge Bomb|p2b: Moltres\n|-damage|p2b: Moltres|55\/100\n|\n|upkeep\n|turn|3\n|j| Eggy068\n|j| lyqvgc\n|inactive|ApoVGC has 30 seconds left.\n|inactive|Angelo Neres has 30 seconds left.\n|\n|t:|1739980573\n|switch|p1a: Urshifu|Urshifu-Rapid-Strike, L50, M|100\/100\n|move|p2a: Scream Tail|Disable|p1b: Chi-Yu\n|-start|p1b: Chi-Yu|Disable|Heat Wave\n|cant|p1b: Chi-Yu|Disable|Heat Wave\n|move|p2b: Moltres|Air Slash|p1a: Urshifu\n|-supereffective|p1a: Urshifu\n|-enditem|p1a: Urshifu|Focus Sash\n|-damage|p1a: Urshifu|1\/100\n|\n|upkeep\n|turn|4\n|\n|t:|1739980587\n|switch|p1b: Amoonguss|Amoonguss, L50, F, shiny|100\/100\n|move|p2a: Scream Tail|Ice Beam|p1a: Urshifu\n|-resisted|p1a: Urshifu\n|-damage|p1a: Urshifu|0 fnt\n|faint|p1a: Urshifu\n|move|p2b: Moltres|Tailwind|p2b: Moltres\n|-sidestart|p2: Angelo Neres|move: Tailwind\n|\n|upkeep\n|\n|t:|1739980599\n|switch|p1a: Chi-Yu|Chi-Yu, L50|100\/100 par\n|-ability|p1a: Chi-Yu|Beads of Ruin\n|turn|5\n|\n|t:|1739980616\n|-terastallize|p1b: Amoonguss|Water\n|move|p1b: Amoonguss|Rage Powder|p1b: Amoonguss\n|-singleturn|p1b: Amoonguss|move: Rage Powder\n|move|p2a: Scream Tail|Thunder Wave|p1b: Amoonguss\n|-status|p1b: Amoonguss|par\n|move|p2b: Moltres|Air Slash|p1b: Amoonguss\n|-damage|p1b: Amoonguss|57\/100 par\n|move|p1a: Chi-Yu|Overheat|p2b: Moltres\n|-damage|p2b: Moltres|6\/100\n|-unboost|p1a: Chi-Yu|spa|2\n|-ability|p2b: Moltres|Berserk|boost\n|-boost|p2b: Moltres|spa|1\n|-enditem|p2b: Moltres|Sitrus Berry|[eat]\n|-heal|p2b: Moltres|31\/100|[from] item: Sitrus Berry\n|\n|-sideend|p2: Angelo Neres|move: Light Screen\n|upkeep\n|turn|6\n|l| Eggy068\n|\n|t:|1739980639\n|move|p2b: Moltres|Protect|p2b: Moltres\n|-singleturn|p2b: Moltres|Protect\n|move|p1b: Amoonguss|Rage Powder|p1b: Amoonguss\n|-singleturn|p1b: Amoonguss|move: Rage Powder\n|move|p2a: Scream Tail|Disable|p1b: Amoonguss\n|-start|p1b: Amoonguss|Disable|Rage Powder\n|move|p1a: Chi-Yu|Overheat|p2b: Moltres\n|-activate|p2b: Moltres|move: Protect\n|\n|upkeep\n|turn|7\n|\n|t:|1739980653\n|move|p2a: Scream Tail|Encore|p1b: Amoonguss\n|-start|p1b: Amoonguss|Encore\n|move|p2b: Moltres|Fiery Wrath|p1b: Amoonguss|[spread] p1a,p1b\n|-resisted|p1a: Chi-Yu\n|-damage|p1a: Chi-Yu|73\/100 par\n|-damage|p1b: Amoonguss|2\/100 par\n|move|p1a: Chi-Yu|Overheat|p2b: Moltres|[miss]\n|-miss|p1a: Chi-Yu|p2b: Moltres\n|cant|p1b: Amoonguss|flinch\n|\n|-sideend|p2: Angelo Neres|move: Tailwind\n|upkeep\n|turn|8\n|\n|t:|1739980666\n|move|p2a: Scream Tail|Disable|p1a: Chi-Yu\n|-start|p1a: Chi-Yu|Disable|Overheat\n|cant|p1a: Chi-Yu|Disable|Overheat\n|move|p2b: Moltres|Tailwind|p2b: Moltres\n|-sidestart|p2: Angelo Neres|move: Tailwind\n|-activate|p1b: Amoonguss|move: Struggle\n|move|p1b: Amoonguss|Struggle|p2a: Scream Tail\n|-damage|p2a: Scream Tail|67\/100\n|-damage|p1b: Amoonguss|0 fnt|[from] recoil\n|faint|p1b: Amoonguss\n|\n|upkeep\n|\n|t:|1739980670\n|switch|p1b: Calyrex|Calyrex-Shadow, L50|100\/100\n|-ability|p1b: Calyrex|As One\n|-ability|p1b: Calyrex|Unnerve\n|turn|9\n|j| Neutralist\n|\n|t:|1739980684\n|move|p1b: Calyrex|Protect|p1b: Calyrex\n|-singleturn|p1b: Calyrex|Protect\n|move|p2a: Scream Tail|Ice Beam|p1b: Calyrex\n|-activate|p1b: Calyrex|move: Protect\n|move|p2b: Moltres|Fiery Wrath|p1a: Chi-Yu|[spread] p1a\n|-activate|p1b: Calyrex|move: Protect\n|-resisted|p1a: Chi-Yu\n|-damage|p1a: Chi-Yu|47\/100 par\n|cant|p1a: Chi-Yu|flinch\n|\n|upkeep\n|turn|10\n|inactive|ApoVGC has 30 seconds left.\n|\n|t:|1739980714\n|move|p1b: Calyrex|Protect||[still]\n|-fail|p1b: Calyrex\n|move|p2a: Scream Tail|Encore|p1b: Calyrex\n|-start|p1b: Calyrex|Encore\n|move|p2b: Moltres|Fiery Wrath|p1a: Chi-Yu|[spread] p1a,p1b\n|-resisted|p1a: Chi-Yu\n|-supereffective|p1b: Calyrex\n|-damage|p1a: Chi-Yu|18\/100 par\n|-damage|p1b: Calyrex|0 fnt\n|faint|p1b: Calyrex\n|-activate|p1a: Chi-Yu|move: Struggle\n|move|p1a: Chi-Yu|Struggle|p2b: Moltres\n|-crit|p2b: Moltres\n|-damage|p2b: Moltres|19\/100\n|-damage|p1a: Chi-Yu|0 fnt|[from] recoil\n|faint|p1a: Chi-Yu\n|\n|win|Angelo Neres\n|raw|ApoVGC's rating: 1641 &rarr; <strong>1616<\/strong><br \/>(-25 for losing)\n|raw|Angelo Neres's rating: 1551 &rarr; <strong>1576<\/strong><br \/>(+25 for winning)\n|l|\u2606ApoVGC\n|player|p1|\n|l| lyqvgc\n|l|\u2606Angelo Neres\n|player|p2|\n","uploadtime":1739980884,"views":10,"formatid":"gen9vgc2025regg","rating":1576,"private":0,"password":null}