{"id":"gen9vgc2025regg-2303310590","format":"[Gen 9] VGC 2025 Reg G","players":["xxxPlayer5xxx","elvegis1"],"log":"|j|\u2606xxxPlayer5xxx\n|j|\u2606elvegis1\n|t:|1739908203\n|gametype|doubles\n|player|p1|xxxPlayer5xxx|102|1569\n|player|p2|elvegis1|lucas|1684\n|teamsize|p1|6\n|teamsize|p2|6\n|gen|9\n|tier|[Gen 9] VGC 2025 Reg G\n|rated|\n|rule|Species Clause: Limit one of each Pok\u00e9mon\n|rule|Item Clause: Limit 1 of each item\n|clearpoke\n|poke|p1|Ho-Oh, L50|\n|poke|p1|Tornadus, L50, M|\n|poke|p1|Raging Bolt, L50|\n|poke|p1|Amoonguss, L50, F|\n|poke|p1|Annihilape, L50, M|\n|poke|p1|Volcarona, L50, M|\n|poke|p2|Calyrex-Shadow, L50|\n|poke|p2|Urshifu-*, L50, M|\n|poke|p2|Whimsicott, L50, M|\n|poke|p2|Incineroar, L50, M|\n|poke|p2|Ditto, L50|\n|poke|p2|Raging Bolt, L50|\n|teampreview|4\n|inactive|Battle timer is ON: inactive players will automatically lose when time's up. (requested by xxxPlayer5xxx)\n|inactive|xxxPlayer5xxx has 60 seconds left.\n|\n|t:|1739908244\n|start\n|switch|p1a: Volcarona|Volcarona, L50, M|100\/100\n|switch|p1b: Tornadus|Tornadus, L50, M|100\/100\n|switch|p2a: Urshifu|Urshifu-Rapid-Strike, L50, M|100\/100\n|switch|p2b: Whimsicott|Whimsicott, L50, M|100\/100\n|turn|1\n|\n|t:|1739908268\n|switch|p2b: Raging Bolt|Raging Bolt, L50|100\/100\n|switch|p1b: Amoonguss|Amoonguss, L50, F|100\/100\n|-terastallize|p1a: Volcarona|Grass\n|move|p2a: Urshifu|Detect|p2a: Urshifu\n|-singleturn|p2a: Urshifu|Protect\n|move|p1a: Volcarona|Quiver Dance|p1a: Volcarona\n|-boost|p1a: Volcarona|spa|1\n|-boost|p1a: Volcarona|spd|1\n|-boost|p1a: Volcarona|spe|1\n|\n|upkeep\n|turn|2\n|j| Rareasfukk\n|\n|t:|1739908286\n|move|p1a: Volcarona|Quiver Dance|p1a: Volcarona\n|-boost|p1a: Volcarona|spa|1\n|-boost|p1a: Volcarona|spd|1\n|-boost|p1a: Volcarona|spe|1\n|move|p2a: Urshifu|Taunt|p1b: Amoonguss\n|-start|p1b: Amoonguss|move: Taunt\n|move|p2b: Raging Bolt|Electroweb|p1b: Amoonguss|[spread] p1a,p1b\n|-resisted|p1a: Volcarona\n|-resisted|p1b: Amoonguss\n|-damage|p1a: Volcarona|95\/100\n|-damage|p1b: Amoonguss|91\/100\n|-unboost|p1a: Volcarona|spe|1\n|-unboost|p1b: Amoonguss|spe|1\n|cant|p1b: Amoonguss|move: Taunt|Spore\n|\n|-heal|p1a: Volcarona|100\/100|[from] item: Leftovers\n|upkeep\n|turn|3\n|\n|t:|1739908304\n|switch|p2a: Whimsicott|Whimsicott, L50, M|100\/100\n|move|p1a: Volcarona|Giga Drain|p2a: Whimsicott\n|-resisted|p2a: Whimsicott\n|-damage|p2a: Whimsicott|57\/100\n|move|p2b: Raging Bolt|Electroweb|p1a: Volcarona|[spread] p1a,p1b\n|-resisted|p1a: Volcarona\n|-resisted|p1b: Amoonguss\n|-damage|p1a: Volcarona|95\/100\n|-damage|p1b: Amoonguss|83\/100\n|-unboost|p1a: Volcarona|spe|1\n|-unboost|p1b: Amoonguss|spe|1\n|move|p1b: Amoonguss|Pollen Puff|p2a: Whimsicott\n|-damage|p2a: Whimsicott|33\/100\n|\n|-heal|p1a: Volcarona|100\/100|[from] item: Leftovers\n|upkeep\n|turn|4\n|\n|t:|1739908326\n|move|p2a: Whimsicott|Fake Tears|p1a: Volcarona\n|-unboost|p1a: Volcarona|spd|2\n|move|p1a: Volcarona|Heat Wave|p2a: Whimsicott|[spread] p2a,p2b\n|-supereffective|p2a: Whimsicott\n|-resisted|p2b: Raging Bolt\n|-damage|p2a: Whimsicott|0 fnt\n|-damage|p2b: Raging Bolt|80\/100\n|faint|p2a: Whimsicott\n|move|p2b: Raging Bolt|Electroweb|p1a: Volcarona|[spread] p1a,p1b\n|-resisted|p1a: Volcarona\n|-resisted|p1b: Amoonguss\n|-damage|p1a: Volcarona|89\/100\n|-damage|p1b: Amoonguss|73\/100\n|-unboost|p1a: Volcarona|spe|1\n|-unboost|p1b: Amoonguss|spe|1\n|move|p1b: Amoonguss|Pollen Puff|p2b: Raging Bolt\n|-damage|p2b: Raging Bolt|69\/100\n|\n|-heal|p1a: Volcarona|95\/100|[from] item: Leftovers\n|-end|p1b: Amoonguss|move: Taunt\n|upkeep\n|\n|t:|1739908341\n|switch|p2a: Calyrex|Calyrex-Shadow, L50|100\/100\n|-ability|p2a: Calyrex|As One\n|-ability|p2a: Calyrex|Unnerve\n|turn|5\n|\n|t:|1739908350\n|move|p2a: Calyrex|Astral Barrage|p1b: Amoonguss|[spread] p1a,p1b\n|-damage|p1a: Volcarona|33\/100\n|-damage|p1b: Amoonguss|14\/100\n|move|p2b: Raging Bolt|Thunderbolt|p1b: Amoonguss\n|-resisted|p1b: Amoonguss\n|-damage|p1b: Amoonguss|0 fnt\n|faint|p1b: Amoonguss\n|move|p1a: Volcarona|Quiver Dance|p1a: Volcarona\n|-boost|p1a: Volcarona|spa|1\n|-boost|p1a: Volcarona|spd|1\n|-boost|p1a: Volcarona|spe|1\n|\n|-heal|p1a: Volcarona|40\/100|[from] item: Leftovers\n|upkeep\n|\n|t:|1739908359\n|switch|p1b: Tornadus|Tornadus, L50, M|100\/100\n|turn|6\n|\n|t:|1739908381\n|-terastallize|p2a: Calyrex|Water\n|move|p1b: Tornadus|Tailwind|p1b: Tornadus\n|-sidestart|p1: xxxPlayer5xxx|move: Tailwind\n|move|p1a: Volcarona|Giga Drain|p2a: Calyrex\n|-supereffective|p2a: Calyrex\n|-damage|p2a: Calyrex|0 fnt\n|-heal|p1a: Volcarona|97\/100|[from] drain|[of] p2a: Calyrex\n|faint|p2a: Calyrex\n|move|p2b: Raging Bolt|Thunderbolt|p1b: Tornadus\n|-supereffective|p1b: Tornadus\n|-enditem|p1b: Tornadus|Focus Sash\n|-damage|p1b: Tornadus|1\/100\n|\n|-heal|p1a: Volcarona|100\/100|[from] item: Leftovers\n|upkeep\n|\n|t:|1739908391\n|switch|p2a: Urshifu|Urshifu-Rapid-Strike, L50, M|100\/100\n|turn|7\n|\n|t:|1739908399\n|move|p2a: Urshifu|Detect|p2a: Urshifu\n|-singleturn|p2a: Urshifu|Protect\n|move|p1b: Tornadus|Bleakwind Storm|p2a: Urshifu|[spread] \n|-activate|p2a: Urshifu|move: Protect\n|-miss|p1b: Tornadus|p2b: Raging Bolt\n|move|p1a: Volcarona|Giga Drain|p2a: Urshifu\n|-activate|p2a: Urshifu|move: Protect\n|move|p2b: Raging Bolt|Electroweb|p1b: Tornadus|[spread] p1a,p1b\n|-resisted|p1a: Volcarona\n|-supereffective|p1b: Tornadus\n|-damage|p1a: Volcarona|94\/100\n|-damage|p1b: Tornadus|0 fnt\n|-unboost|p1a: Volcarona|spe|1\n|faint|p1b: Tornadus\n|\n|-heal|p1a: Volcarona|99\/100|[from] item: Leftovers\n|upkeep\n|\n|t:|1739908401\n|switch|p1b: Ho-Oh|Ho-Oh, L50|100\/100\n|turn|8\n|\n|t:|1739908419\n|move|p2a: Urshifu|Detect||[still]\n|-fail|p2a: Urshifu\n|move|p1b: Ho-Oh|Brave Bird|p2a: Urshifu\n|-supereffective|p2a: Urshifu\n|-damage|p2a: Urshifu|0 fnt\n|faint|p2a: Urshifu\n|-damage|p1b: Ho-Oh|70\/100|[from] Recoil\n|move|p1a: Volcarona|Giga Drain|p2b: Raging Bolt\n|-resisted|p2b: Raging Bolt\n|-damage|p2b: Raging Bolt|43\/100\n|-heal|p1a: Volcarona|100\/100|[from] drain|[of] p2b: Raging Bolt\n|move|p2b: Raging Bolt|Electroweb|p1b: Ho-Oh|[spread] p1a,p1b\n|-resisted|p1a: Volcarona\n|-supereffective|p1b: Ho-Oh\n|-damage|p1a: Volcarona|93\/100\n|-damage|p1b: Ho-Oh|40\/100\n|-unboost|p1a: Volcarona|spe|1\n|-unboost|p1b: Ho-Oh|spe|1\n|\n|-heal|p1a: Volcarona|99\/100|[from] item: Leftovers\n|upkeep\n|turn|9\n|\n|t:|1739908425\n|move|p1b: Ho-Oh|Brave Bird|p2b: Raging Bolt\n|-resisted|p2b: Raging Bolt\n|-damage|p2b: Raging Bolt|0 fnt\n|faint|p2b: Raging Bolt\n|-end|p2b: Raging Bolt|Protosynthesis|[silent]\n|-damage|p1b: Ho-Oh|26\/100|[from] Recoil\n|\n|win|xxxPlayer5xxx\n|raw|xxxPlayer5xxx's rating: 1569 &rarr; <strong>1595<\/strong><br \/>(+26 for winning)\n|raw|elvegis1's rating: 1684 &rarr; <strong>1658<\/strong><br \/>(-26 for losing)\n|l|\u2606elvegis1\n|player|p2|\n|l| Rareasfukk\n|l|\u2606xxxPlayer5xxx\n|player|p1|\n","uploadtime":1739908680,"views":5,"formatid":"gen9vgc2025regg","rating":1595,"private":0,"password":null}