{"id":"gen9vgc2025regg-2303139297","format":"[Gen 9] VGC 2025 Reg G","players":["shihevper1","Luca8"],"log":"|j|\u2606shihevper1\n|j|\u2606Luca8\n|t:|1739891326\n|gametype|doubles\n|player|p1|shihevper1|lucas|1594\n|player|p2|Luca8|flint|1633\n|teamsize|p1|6\n|teamsize|p2|6\n|gen|9\n|tier|[Gen 9] VGC 2025 Reg G\n|rated|\n|rule|Species Clause: Limit one of each Pok\u00e9mon\n|rule|Item Clause: Limit 1 of each item\n|clearpoke\n|poke|p1|Calyrex-Ice, L50|\n|poke|p1|Annihilape, L50, M|\n|poke|p1|Smeargle, L50, F|\n|poke|p1|Urshifu-*, L50, F|\n|poke|p1|Ogerpon-Wellspring, L50, F|\n|poke|p1|Ursaluna-Bloodmoon, L50, M|\n|poke|p2|Farigiraf, L50, F|\n|poke|p2|Urshifu-*, L50, M|\n|poke|p2|Clefairy, L50, M|\n|poke|p2|Calyrex-Ice, L50|\n|poke|p2|Ogerpon-Wellspring, L50, F|\n|poke|p2|Raging Bolt, L50|\n|teampreview|4\n|inactive|Battle timer is ON: inactive players will automatically lose when time's up. (requested by Luca8)\n|\n|t:|1739891373\n|start\n|switch|p1a: Calyrex|Calyrex-Ice, L50|100\/100\n|switch|p1b: Annihilape|Annihilape, L50, M|100\/100\n|switch|p2a: Urshifu|Urshifu-Rapid-Strike, L50, M|100\/100\n|switch|p2b: Ogerpon|Ogerpon-Wellspring, L50, F|100\/100\n|-ability|p1a: Calyrex|As One\n|-ability|p1a: Calyrex|Unnerve\n|turn|1\n|inactive|shihevper1 has 30 seconds left.\n|\n|t:|1739891408\n|-terastallize|p1a: Calyrex|Water\n|move|p1b: Annihilape|Coaching|p1a: Calyrex\n|-boost|p1a: Calyrex|atk|1\n|-boost|p1a: Calyrex|def|1\n|move|p2b: Ogerpon|Horn Leech|p1a: Calyrex\n|-supereffective|p1a: Calyrex\n|-damage|p1a: Calyrex|59\/100\n|move|p2a: Urshifu|Surging Strikes|p1a: Calyrex\n|-resisted|p1a: Calyrex\n|-crit|p1a: Calyrex\n|-damage|p1a: Calyrex|52\/100\n|-resisted|p1a: Calyrex\n|-crit|p1a: Calyrex\n|-damage|p1a: Calyrex|46\/100\n|-enditem|p1a: Calyrex|Sitrus Berry|[eat]\n|-heal|p1a: Calyrex|70\/100|[from] item: Sitrus Berry\n|-resisted|p1a: Calyrex\n|-crit|p1a: Calyrex\n|-damage|p1a: Calyrex|64\/100\n|-hitcount|p1a: Calyrex|3\n|move|p1a: Calyrex|Glacial Lance|p2b: Ogerpon|[spread] p2a,p2b\n|-resisted|p2a: Urshifu\n|-damage|p2a: Urshifu|63\/100\n|-damage|p2b: Ogerpon|2\/100\n|\n|upkeep\n|turn|2\n|inactive|shihevper1 has 30 seconds left.\n|inactive|Luca8 has 30 seconds left.\n|inactive|shihevper1 has 20 seconds left.\n|inactive|Luca8 has 20 seconds left.\n|\n|t:|1739891444\n|-terastallize|p2a: Urshifu|Water\n|move|p1a: Calyrex|Protect|p1a: Calyrex\n|-singleturn|p1a: Calyrex|Protect\n|move|p1b: Annihilape|Final Gambit|p2a: Urshifu\n|-damage|p2a: Urshifu|0 fnt\n|faint|p1b: Annihilape\n|faint|p2a: Urshifu\n|move|p2b: Ogerpon|Horn Leech|p1a: Calyrex\n|-activate|p1a: Calyrex|move: Protect\n|\n|upkeep\n|\n|t:|1739891463\n|switch|p1b: Ogerpon|Ogerpon-Wellspring, L50, F|100\/100\n|switch|p2a: Calyrex|Calyrex-Ice, L50|100\/100\n|-ability|p2a: Calyrex|As One\n|-ability|p2a: Calyrex|Unnerve\n|turn|3\n|\n|t:|1739891488\n|move|p1b: Ogerpon|Follow Me|p1b: Ogerpon\n|-singleturn|p1b: Ogerpon|move: Follow Me\n|move|p2b: Ogerpon|Horn Leech|p1b: Ogerpon\n|-damage|p1b: Ogerpon|50\/100\n|-heal|p2b: Ogerpon|27\/100|[from] drain|[of] p1b: Ogerpon\n|move|p1a: Calyrex|Glacial Lance|p2b: Ogerpon|[spread] p2a,p2b\n|-resisted|p2a: Calyrex\n|-damage|p2a: Calyrex|77\/100\n|-damage|p2b: Ogerpon|0 fnt\n|faint|p2b: Ogerpon\n|-ability|p1a: Calyrex|Chilling Neigh|boost\n|-boost|p1a: Calyrex|atk|1\n|move|p2a: Calyrex|Glacial Lance|p1b: Ogerpon|[spread] p1a,p1b\n|-resisted|p1a: Calyrex\n|-damage|p1a: Calyrex|54\/100\n|-damage|p1b: Ogerpon|0 fnt\n|faint|p1b: Ogerpon\n|-ability|p2a: Calyrex|Chilling Neigh|boost\n|-boost|p2a: Calyrex|atk|1\n|\n|upkeep\n|\n|t:|1739891507\n|switch|p1b: Urshifu|Urshifu, L50, F|100\/100\n|switch|p2b: Clefairy|Clefairy, L50, M|100\/100\n|turn|4\n|\n|t:|1739891522\n|move|p2b: Clefairy|Follow Me|p2b: Clefairy\n|-singleturn|p2b: Clefairy|move: Follow Me\n|move|p1b: Urshifu|Wicked Blow|p2b: Clefairy\n|-resisted|p2b: Clefairy\n|-crit|p2b: Clefairy\n|-damage|p2b: Clefairy|46\/100\n|move|p1a: Calyrex|Glacial Lance|p2b: Clefairy|[spread] p2a,p2b\n|-resisted|p2a: Calyrex\n|-damage|p2a: Calyrex|49\/100\n|-damage|p2b: Clefairy|0 fnt\n|faint|p2b: Clefairy\n|-ability|p1a: Calyrex|Chilling Neigh|boost\n|-boost|p1a: Calyrex|atk|1\n|move|p2a: Calyrex|Trick Room|p2a: Calyrex\n|-fieldstart|move: Trick Room|[of] p2a: Calyrex\n|\n|upkeep\n|turn|5\n|j| pmg9\n|\n|t:|1739891541\n|move|p2a: Calyrex|Bullet Seed|p1a: Calyrex\n|-supereffective|p1a: Calyrex\n|-damage|p1a: Calyrex|40\/100\n|-supereffective|p1a: Calyrex\n|-damage|p1a: Calyrex|27\/100\n|-supereffective|p1a: Calyrex\n|-damage|p1a: Calyrex|13\/100\n|-hitcount|p1a: Calyrex|3\n|move|p1a: Calyrex|Glacial Lance|p2a: Calyrex\n|-resisted|p2a: Calyrex\n|-damage|p2a: Calyrex|0 fnt\n|faint|p2a: Calyrex\n|\n|win|shihevper1\n|raw|shihevper1's rating: 1594 &rarr; <strong>1616<\/strong><br \/>(+22 for winning)\n|raw|Luca8's rating: 1633 &rarr; <strong>1611<\/strong><br \/>(-22 for losing)\n|l|\u2606Luca8\n|player|p2|\n|l| pmg9\n|l|\u2606shihevper1\n|player|p1|\n","uploadtime":1739891748,"views":5,"formatid":"gen9vgc2025regg","rating":1611,"private":0,"password":null}