{"id":"gen9vgc2025regg-2303985037","format":"[Gen 9] VGC 2025 Reg G","players":["wallabit g","Team715"],"log":"|j|\u2606wallabit g\n|j|\u2606Team715\n|t:|1739995306\n|gametype|doubles\n|player|p1|wallabit g|dawn-gen4pt|1676\n|player|p2|Team715|palmer|1643\n|teamsize|p1|6\n|teamsize|p2|6\n|gen|9\n|tier|[Gen 9] VGC 2025 Reg G\n|rated|\n|rule|Species Clause: Limit one of each Pok\u00e9mon\n|rule|Item Clause: Limit 1 of each item\n|clearpoke\n|poke|p1|Calyrex-Shadow, L50|\n|poke|p1|Ogerpon-Hearthflame, L50, F|\n|poke|p1|Urshifu-*, L50, M|\n|poke|p1|Indeedee-F, L50, F|\n|poke|p1|Mienshao, L50, M|\n|poke|p1|Iron Bundle, L50|\n|poke|p2|Calyrex-Shadow, L50|\n|poke|p2|Rillaboom, L50, M|\n|poke|p2|Incineroar, L50, M|\n|poke|p2|Urshifu-*, L50, M|\n|poke|p2|Raging Bolt, L50|\n|poke|p2|Ogerpon-Cornerstone, L50, F|\n|teampreview|4\n|inactive|Battle timer is ON: inactive players will automatically lose when time's up. (requested by wallabit g)\n|\n|t:|1739995331\n|start\n|switch|p1a: Mienshao|Mienshao, L50, M|100\/100\n|switch|p1b: Calyrex|Calyrex-Shadow, L50|100\/100\n|switch|p2a: Incineroar|Incineroar, L50, M, shiny|100\/100\n|switch|p2b: Urshifu|Urshifu, L50, M|100\/100\n|-ability|p1b: Calyrex|As One\n|-ability|p1b: Calyrex|Unnerve\n|-ability|p2a: Incineroar|Intimidate|boost\n|-fail|p1a: Mienshao|unboost|Attack|[from] ability: Inner Focus|[of] p1a: Mienshao\n|-unboost|p1b: Calyrex|atk|1\n|turn|1\n|inactive|wallabit g has 30 seconds left.\n|inactive|Team715 has 30 seconds left.\n|\n|t:|1739995359\n|switch|p1b: Urshifu|Urshifu-Rapid-Strike, L50, M|100\/100\n|move|p2b: Urshifu|Detect|p2b: Urshifu\n|-singleturn|p2b: Urshifu|Protect\n|move|p1a: Mienshao|Close Combat|p2a: Incineroar\n|-supereffective|p2a: Incineroar\n|-crit|p2a: Incineroar\n|-damage|p2a: Incineroar|0 fnt\n|-unboost|p1a: Mienshao|def|1\n|-unboost|p1a: Mienshao|spd|1\n|faint|p2a: Incineroar\n|\n|upkeep\n|\n|t:|1739995370\n|switch|p2a: Calyrex|Calyrex-Shadow, L50|100\/100\n|-ability|p2a: Calyrex|As One\n|-ability|p2a: Calyrex|Unnerve\n|turn|2\n|j| keltr1ck\n|inactive|Team715 has 30 seconds left.\n|\n|t:|1739995396\n|-terastallize|p1b: Urshifu|Water\n|move|p1b: Urshifu|Surging Strikes|p2a: Calyrex\n|-crit|p2a: Calyrex\n|-damage|p2a: Calyrex|74\/100\n|-crit|p2a: Calyrex\n|-damage|p2a: Calyrex|48\/100\n|-crit|p2a: Calyrex\n|-damage|p2a: Calyrex|18\/100\n|-hitcount|p2a: Calyrex|3\n|move|p2a: Calyrex|Psychic|p1b: Urshifu\n|-damage|p1b: Urshifu|28\/100\n|move|p1a: Mienshao|Close Combat|p2b: Urshifu\n|-supereffective|p2b: Urshifu\n|-enditem|p2b: Urshifu|Focus Sash\n|-damage|p2b: Urshifu|1\/100\n|-unboost|p1a: Mienshao|def|1\n|-unboost|p1a: Mienshao|spd|1\n|move|p2b: Urshifu|Close Combat|p1a: Mienshao\n|-enditem|p1a: Mienshao|Focus Sash\n|-damage|p1a: Mienshao|1\/100\n|-unboost|p2b: Urshifu|def|1\n|-unboost|p2b: Urshifu|spd|1\n|\n|upkeep\n|turn|3\n|inactive|Team715 has 30 seconds left.\n|\n|t:|1739995429\n|switch|p1a: Indeedee|Indeedee-F, L50, F|100\/100\n|-fieldstart|move: Psychic Terrain|[from] ability: Psychic Surge|[of] p1a: Indeedee\n|move|p2a: Calyrex|Protect|p2a: Calyrex\n|-singleturn|p2a: Calyrex|Protect\n|move|p2b: Urshifu|Sucker Punch|p1b: Urshifu\n|-activate|p1b: Urshifu|move: Psychic Terrain\n|move|p1b: Urshifu|Surging Strikes|p2a: Calyrex\n|-crit|p2a: Calyrex\n|-damage|p2a: Calyrex|0 fnt\n|faint|p2a: Calyrex\n|-hitcount|p2: Calyrex|1\n|\n|upkeep\n|\n|t:|1739995439\n|switch|p2a: Rillaboom|Rillaboom, L50, M, shiny|100\/100\n|-fieldstart|move: Grassy Terrain|[from] ability: Grassy Surge|[of] p2a: Rillaboom\n|turn|4\n|\n|t:|1739995463\n|switch|p1a: Mienshao|Mienshao, L50, M|1\/100\n|move|p2a: Rillaboom|Fake Out|p1a: Mienshao\n|-damage|p1a: Mienshao|0 fnt\n|faint|p1a: Mienshao\n|move|p1b: Urshifu|Surging Strikes|p2b: Urshifu\n|-crit|p2b: Urshifu\n|-damage|p2b: Urshifu|0 fnt\n|faint|p2b: Urshifu\n|-hitcount|p2: Urshifu|1\n|\n|-heal|p1b: Urshifu|34\/100|[from] Grassy Terrain\n|upkeep\n|\n|t:|1739995472\n|switch|p1a: Indeedee|Indeedee-F, L50, F|100\/100\n|-fieldstart|move: Psychic Terrain|[from] ability: Psychic Surge|[of] p1a: Indeedee\n|turn|5\n|j| futonkagebunshin\n|-message|Team715 forfeited.\n|\n|win|wallabit g\n|raw|wallabit g's rating: 1676 &rarr; <strong>1694<\/strong><br \/>(+18 for winning)\n|raw|Team715's rating: 1643 &rarr; <strong>1625<\/strong><br \/>(-18 for losing)\n|l|\u2606Team715\n|player|p2|\n|l|\u2606wallabit g\n|player|p1|\n","uploadtime":1739995715,"views":9,"formatid":"gen9vgc2025regg","rating":1625,"private":0,"password":null}