{"id":"gen9vgc2025regg-2303108572","format":"[Gen 9] VGC 2025 Reg G","players":["cobalt_poke","Hikawari"],"log":"|j|\u2606cobalt_poke\n|j|\u2606Hikawari\n|t:|1739887911\n|gametype|doubles\n|player|p1|cobalt_poke|101|1625\n|player|p2|Hikawari|102|1640\n|teamsize|p1|6\n|teamsize|p2|6\n|gen|9\n|tier|[Gen 9] VGC 2025 Reg G\n|rated|\n|rule|Species Clause: Limit one of each Pok\u00e9mon\n|rule|Item Clause: Limit 1 of each item\n|clearpoke\n|poke|p1|Rillaboom, L50, F|\n|poke|p1|Amoonguss, L50, F|\n|poke|p1|Incineroar, L50, F|\n|poke|p1|Kyogre, L50|\n|poke|p1|Urshifu-*, L50, F|\n|poke|p1|Roaring Moon, L50|\n|poke|p2|Zamazenta-*, L50|\n|poke|p2|Chi-Yu, L50|\n|poke|p2|Rillaboom, L50, M|\n|poke|p2|Flutter Mane, L50|\n|poke|p2|Chien-Pao, L50|\n|poke|p2|Amoonguss, L50, M|\n|teampreview|4\n|inactive|Battle timer is ON: inactive players will automatically lose when time's up. (requested by Hikawari)\n|\n|t:|1739887944\n|start\n|switch|p1a: Kyogre|Kyogre, L50|100\/100\n|switch|p1b: Incineroar|Incineroar, L50, F|100\/100\n|switch|p2a: Zamazenta|Zamazenta-Crowned, L50|100\/100\n|switch|p2b: Chien-Pao|Chien-Pao, L50|100\/100\n|-ability|p2b: Chien-Pao|Sword of Ruin\n|-ability|p2a: Zamazenta|Dauntless Shield|boost\n|-boost|p2a: Zamazenta|def|1\n|-ability|p1b: Incineroar|Intimidate|boost\n|-unboost|p2a: Zamazenta|atk|1\n|-unboost|p2b: Chien-Pao|atk|1\n|-weather|RainDance|[from] ability: Drizzle|[of] p1a: Kyogre\n|turn|1\n|j| Jfabricio23\n|\n|t:|1739887955\n|-terastallize|p2a: Zamazenta|Dragon\n|move|p1b: Incineroar|Fake Out|p2a: Zamazenta\n|-damage|p2a: Zamazenta|95\/100\n|move|p2b: Chien-Pao|Throat Chop|p1b: Incineroar\n|-resisted|p1b: Incineroar\n|-damage|p1b: Incineroar|83\/100\n|-start|p1b: Incineroar|Throat Chop|[silent]\n|cant|p2a: Zamazenta|flinch\n|move|p1a: Kyogre|Calm Mind|p1a: Kyogre\n|-boost|p1a: Kyogre|spa|1\n|-boost|p1a: Kyogre|spd|1\n|\n|-weather|RainDance|[upkeep]\n|upkeep\n|turn|2\n|\n|t:|1739887966\n|switch|p1b: Amoonguss|Amoonguss, L50, F|100\/100\n|move|p2b: Chien-Pao|Throat Chop|p1a: Kyogre\n|-damage|p1a: Kyogre|73\/100\n|-start|p1a: Kyogre|Throat Chop|[silent]\n|move|p2a: Zamazenta|Body Press|p1a: Kyogre\n|-damage|p1a: Kyogre|9\/100\n|move|p1a: Kyogre|Ice Beam|p2a: Zamazenta\n|-supereffective|p2a: Zamazenta\n|-damage|p2a: Zamazenta|22\/100\n|\n|-weather|RainDance|[upkeep]\n|-heal|p1a: Kyogre|15\/100|[from] item: Leftovers\n|upkeep\n|turn|3\n|\n|t:|1739887981\n|move|p2a: Zamazenta|Protect|p2a: Zamazenta\n|-singleturn|p2a: Zamazenta|Protect\n|move|p1b: Amoonguss|Rage Powder|p1b: Amoonguss\n|-singleturn|p1b: Amoonguss|move: Rage Powder\n|move|p2b: Chien-Pao|Icicle Crash|p1b: Amoonguss\n|-supereffective|p1b: Amoonguss\n|-damage|p1b: Amoonguss|38\/100\n|move|p1a: Kyogre|Origin Pulse|p2a: Zamazenta|[spread] p2b\n|-activate|p2a: Zamazenta|move: Protect\n|-enditem|p2b: Chien-Pao|Focus Sash\n|-damage|p2b: Chien-Pao|1\/100\n|\n|-weather|RainDance|[upkeep]\n|-heal|p1a: Kyogre|21\/100|[from] item: Leftovers\n|-end|p1a: Kyogre|Throat Chop|[silent]\n|upkeep\n|turn|4\n|\n|t:|1739888000\n|switch|p1b: Rillaboom|Rillaboom, L50, F|100\/100\n|-fieldstart|move: Grassy Terrain|[from] ability: Grassy Surge|[of] p1b: Rillaboom\n|move|p1a: Kyogre|Protect|p1a: Kyogre\n|-singleturn|p1a: Kyogre|Protect\n|move|p2b: Chien-Pao|Icicle Crash|p1b: Rillaboom\n|-supereffective|p1b: Rillaboom\n|-damage|p1b: Rillaboom|27\/100\n|move|p2a: Zamazenta|Body Press|p1a: Kyogre\n|-activate|p1a: Kyogre|move: Protect\n|\n|-weather|RainDance|[upkeep]\n|-heal|p2b: Chien-Pao|7\/100|[from] Grassy Terrain\n|-heal|p2a: Zamazenta|28\/100|[from] Grassy Terrain\n|-heal|p1a: Kyogre|27\/100|[from] Grassy Terrain\n|-heal|p1a: Kyogre|34\/100|[from] item: Leftovers\n|-heal|p1b: Rillaboom|33\/100|[from] Grassy Terrain\n|upkeep\n|turn|5\n|j| Skiameseul\n|j| Easy180\n|\n|t:|1739888016\n|switch|p1b: Incineroar|Incineroar, L50, F|83\/100\n|-ability|p1b: Incineroar|Intimidate|boost\n|-unboost|p2a: Zamazenta|atk|1\n|-unboost|p2b: Chien-Pao|atk|1\n|move|p2a: Zamazenta|Wide Guard|p2a: Zamazenta\n|-singleturn|p2a: Zamazenta|Wide Guard\n|move|p2b: Chien-Pao|Icicle Crash|p1b: Incineroar\n|-resisted|p1b: Incineroar\n|-damage|p1b: Incineroar|67\/100\n|move|p1a: Kyogre|Origin Pulse|p2a: Zamazenta|[spread] \n|-activate|p2a: Zamazenta|move: Wide Guard\n|-activate|p2b: Chien-Pao|move: Wide Guard\n|\n|-weather|none\n|-heal|p2b: Chien-Pao|13\/100|[from] Grassy Terrain\n|-heal|p2a: Zamazenta|35\/100|[from] Grassy Terrain\n|-heal|p1b: Incineroar|73\/100|[from] Grassy Terrain\n|-heal|p1a: Kyogre|40\/100|[from] Grassy Terrain\n|-heal|p1a: Kyogre|46\/100|[from] item: Leftovers\n|upkeep\n|turn|6\n|inactive|cobalt_poke has 30 seconds left.\n|\n|t:|1739888041\n|move|p1b: Incineroar|Fake Out|p2a: Zamazenta\n|-damage|p2a: Zamazenta|29\/100\n|move|p2b: Chien-Pao|Throat Chop|p1a: Kyogre\n|-damage|p1a: Kyogre|24\/100\n|-start|p1a: Kyogre|Throat Chop|[silent]\n|cant|p2a: Zamazenta|flinch\n|move|p1a: Kyogre|Ice Beam|p2a: Zamazenta\n|-supereffective|p2a: Zamazenta\n|-damage|p2a: Zamazenta|0 fnt\n|faint|p2a: Zamazenta\n|\n|-heal|p2b: Chien-Pao|19\/100|[from] Grassy Terrain\n|-heal|p1b: Incineroar|79\/100|[from] Grassy Terrain\n|-heal|p1a: Kyogre|30\/100|[from] Grassy Terrain\n|-heal|p1a: Kyogre|36\/100|[from] item: Leftovers\n|upkeep\n|\n|t:|1739888049\n|switch|p2a: Amoonguss|Amoonguss, L50, M|100\/100\n|turn|7\n|\n|t:|1739888060\n|move|p2b: Chien-Pao|Icicle Crash|p1b: Incineroar\n|-resisted|p1b: Incineroar\n|-damage|p1b: Incineroar|64\/100\n|move|p1b: Incineroar|Knock Off|p2a: Amoonguss\n|-damage|p2a: Amoonguss|64\/100\n|-damage|p1b: Incineroar|48\/100|[from] item: Rocky Helmet|[of] p2a: Amoonguss\n|-enditem|p2a: Amoonguss|Rocky Helmet|[from] move: Knock Off|[of] p1b: Incineroar\n|move|p1a: Kyogre|Ice Beam|p2a: Amoonguss\n|-supereffective|p2a: Amoonguss\n|-damage|p2a: Amoonguss|0 fnt\n|faint|p2a: Amoonguss\n|\n|-heal|p2b: Chien-Pao|24\/100|[from] Grassy Terrain\n|-heal|p1b: Incineroar|54\/100|[from] Grassy Terrain\n|-heal|p1a: Kyogre|42\/100|[from] Grassy Terrain\n|-heal|p1a: Kyogre|49\/100|[from] item: Leftovers\n|-end|p1a: Kyogre|Throat Chop|[silent]\n|upkeep\n|\n|t:|1739888063\n|switch|p2a: Flutter Mane|Flutter Mane, L50|100\/100\n|-enditem|p2a: Flutter Mane|Booster Energy\n|-activate|p2a: Flutter Mane|ability: Protosynthesis|[fromitem]\n|-start|p2a: Flutter Mane|protosynthesisspe\n|turn|8\n|inactive|cobalt_poke has 30 seconds left.\n|\n|t:|1739888090\n|switch|p1b: Amoonguss|Amoonguss, L50, F|71\/100\n|move|p1a: Kyogre|Protect|p1a: Kyogre\n|-singleturn|p1a: Kyogre|Protect\n|move|p2a: Flutter Mane|Moonblast|p1a: Kyogre\n|-activate|p1a: Kyogre|move: Protect\n|move|p2b: Chien-Pao|Throat Chop|p1a: Kyogre\n|-activate|p1a: Kyogre|move: Protect\n|\n|-heal|p2b: Chien-Pao|30\/100|[from] Grassy Terrain\n|-heal|p1a: Kyogre|55\/100|[from] Grassy Terrain\n|-heal|p1a: Kyogre|61\/100|[from] item: Leftovers\n|-heal|p1b: Amoonguss|77\/100|[from] Grassy Terrain\n|-fieldend|move: Grassy Terrain\n|upkeep\n|turn|9\n|-message|Hikawari forfeited.\n|\n|win|cobalt_poke\n|raw|cobalt_poke's rating: 1625 &rarr; <strong>1646<\/strong><br \/>(+21 for winning)\n|raw|Hikawari's rating: 1640 &rarr; <strong>1619<\/strong><br \/>(-21 for losing)\n|l|\u2606Hikawari\n|player|p2|\n|l|\u2606cobalt_poke\n|player|p1|\n|l| Skiameseul\n|l| Jfabricio23\n","uploadtime":1739888244,"views":5,"formatid":"gen9vgc2025regg","rating":1619,"private":0,"password":null}