{"id":"gen9vgc2025regg-2303753947","format":"[Gen 9] VGC 2025 Reg G","players":["ryanplaytv","kuanyou"],"log":"|j|\u2606ryanplaytv\n|j|\u2606kuanyou\n|t:|1739971418\n|gametype|doubles\n|player|p1|ryanplaytv|hiker-gen4|1579\n|player|p2|kuanyou|169|1570\n|teamsize|p1|6\n|teamsize|p2|6\n|gen|9\n|tier|[Gen 9] VGC 2025 Reg G\n|rated|\n|rule|Species Clause: Limit one of each Pok\u00e9mon\n|rule|Item Clause: Limit 1 of each item\n|clearpoke\n|poke|p1|Miraidon, L50|\n|poke|p1|Dondozo, L50, M|\n|poke|p1|Tatsugiri, L50, F|\n|poke|p1|Dragonite, L50, M|\n|poke|p1|Gholdengo, L50|\n|poke|p1|Chi-Yu, L50|\n|poke|p2|Weezing-Galar, L50, M|\n|poke|p2|Calyrex-Shadow, L50|\n|poke|p2|Tatsugiri-Droopy, L50, F|\n|poke|p2|Dondozo, L50, M|\n|poke|p2|Urshifu-*, L50, F|\n|poke|p2|Indeedee-F, L50, F|\n|teampreview|4\n|j| Arvidgstar\n|\n|t:|1739971453\n|start\n|switch|p1a: Miraidon|Miraidon, L50|100\/100\n|switch|p1b: Dragonite|Dragonite, L50, M|100\/100\n|switch|p2a: Urshifu|Urshifu-Rapid-Strike, L50, F|100\/100\n|switch|p2b: Indeedee|Indeedee-F, L50, F|100\/100\n|-fieldstart|move: Electric Terrain|[from] ability: Hadron Engine|[of] p1a: Miraidon\n|-fieldstart|move: Psychic Terrain|[from] ability: Psychic Surge|[of] p2b: Indeedee\n|turn|1\n|\n|t:|1739971514\n|switch|p1a: Dondozo|Dondozo, L50, M|100\/100\n|move|p2b: Indeedee|Follow Me|p2b: Indeedee\n|-singleturn|p2b: Indeedee|move: Follow Me\n|move|p2a: Urshifu|Close Combat|p1a: Dondozo\n|-damage|p1a: Dondozo|59\/100\n|-unboost|p2a: Urshifu|def|1\n|-unboost|p2a: Urshifu|spd|1\n|move|p1b: Dragonite|Aerial Ace|p2b: Indeedee\n|-damage|p2b: Indeedee|49\/100\n|\n|-heal|p1a: Dondozo|65\/100|[from] item: Leftovers\n|upkeep\n|turn|2\n|j| huangz45\n|\n|t:|1739971545\n|move|p2a: Urshifu|Close Combat|p1a: Dondozo\n|-damage|p1a: Dondozo|23\/100\n|-unboost|p2a: Urshifu|def|1\n|-unboost|p2a: Urshifu|spd|1\n|move|p2b: Indeedee|Psyshock|p1a: Dondozo\n|-damage|p1a: Dondozo|0 fnt\n|faint|p1a: Dondozo\n|move|p1b: Dragonite|Aerial Ace|p2a: Urshifu\n|-supereffective|p2a: Urshifu\n|-damage|p2a: Urshifu|0 fnt\n|faint|p2a: Urshifu\n|\n|upkeep\n|\n|t:|1739971559\n|switch|p2a: Dondozo|Dondozo, L50, M|100\/100\n|switch|p1a: Miraidon|Miraidon, L50|100\/100\n|-fieldstart|move: Electric Terrain|[from] ability: Hadron Engine|[of] p1a: Miraidon\n|turn|3\n|\n|t:|1739971592\n|switch|p2b: Tatsugiri|Tatsugiri-Droopy, L50, F, shiny|100\/100\n|-activate|p2b: Tatsugiri|ability: Commander|[of] p2a: Dondozo\n|-boost|p2a: Dondozo|atk|2\n|-boost|p2a: Dondozo|spa|2\n|-boost|p2a: Dondozo|spe|2\n|-boost|p2a: Dondozo|def|2\n|-boost|p2a: Dondozo|spd|2\n|-terastallize|p1a: Miraidon|Fairy\n|-terastallize|p2a: Dondozo|Grass\n|move|p1a: Miraidon|Electro Drift|p2a: Dondozo\n|-resisted|p2a: Dondozo\n|-damage|p2a: Dondozo|79\/100\n|move|p2a: Dondozo|Order Up|p1b: Dragonite\n|-supereffective|p1b: Dragonite\n|-damage|p1b: Dragonite|66\/100\n|-boost|p2a: Dondozo|def|1\n|move|p1b: Dragonite|Aerial Ace|p2b: Tatsugiri|[miss]\n|-miss|p1b: Dragonite|p2b: Tatsugiri\n|\n|-heal|p2a: Dondozo|85\/100|[from] item: Leftovers\n|upkeep\n|turn|4\n|\n|t:|1739971624\n|switch|p1b: Tatsugiri|Tatsugiri, L50, F|100\/100\n|move|p1a: Miraidon|Draco Meteor|p2a: Dondozo|[miss]\n|-miss|p1a: Miraidon|p2a: Dondozo\n|move|p2a: Dondozo|Order Up|p1b: Tatsugiri\n|-supereffective|p1b: Tatsugiri\n|-damage|p1b: Tatsugiri|0 fnt\n|faint|p1b: Tatsugiri\n|-boost|p2a: Dondozo|def|1\n|\n|-heal|p2a: Dondozo|92\/100|[from] item: Leftovers\n|upkeep\n|\n|t:|1739971632\n|switch|p1b: Dragonite|Dragonite, L50, M|66\/100\n|turn|5\n|\n|t:|1739971638\n|move|p2a: Dondozo|Protect|p2a: Dondozo\n|-singleturn|p2a: Dondozo|Protect\n|move|p1b: Dragonite|Extreme Speed|p2a: Dondozo\n|-activate|p2a: Dondozo|move: Protect\n|move|p1a: Miraidon|Draco Meteor|p2a: Dondozo\n|-activate|p2a: Dondozo|move: Protect\n|\n|-heal|p2a: Dondozo|98\/100|[from] item: Leftovers\n|upkeep\n|turn|6\n|\n|t:|1739971650\n|move|p1b: Dragonite|Extreme Speed|p2a: Dondozo\n|-damage|p2a: Dondozo|90\/100\n|move|p1a: Miraidon|Draco Meteor|p2a: Dondozo\n|-damage|p2a: Dondozo|53\/100\n|-unboost|p1a: Miraidon|spa|2\n|move|p2a: Dondozo|Wave Crash|p1a: Miraidon\n|-damage|p1a: Miraidon|23\/100\n|-damage|p2a: Dondozo|32\/100|[from] Recoil\n|\n|-heal|p2a: Dondozo|38\/100|[from] item: Leftovers\n|upkeep\n|turn|7\n|\n|t:|1739971662\n|move|p2a: Dondozo|Protect|p2a: Dondozo\n|-singleturn|p2a: Dondozo|Protect\n|move|p1b: Dragonite|Extreme Speed|p2a: Dondozo\n|-activate|p2a: Dondozo|move: Protect\n|move|p1a: Miraidon|Draco Meteor|p2a: Dondozo\n|-activate|p2a: Dondozo|move: Protect\n|\n|-heal|p2a: Dondozo|45\/100|[from] item: Leftovers\n|-fieldend|move: Electric Terrain\n|upkeep\n|turn|8\n|\n|t:|1739971683\n|move|p1b: Dragonite|Extreme Speed|p2a: Dondozo\n|-damage|p2a: Dondozo|36\/100\n|move|p1a: Miraidon|Draco Meteor|p2a: Dondozo\n|-damage|p2a: Dondozo|7\/100\n|-unboost|p1a: Miraidon|spa|2\n|move|p2a: Dondozo|Wave Crash|p1a: Miraidon\n|-damage|p1a: Miraidon|0 fnt\n|faint|p1a: Miraidon\n|-damage|p2a: Dondozo|1\/100|[from] Recoil\n|\n|-heal|p2a: Dondozo|8\/100|[from] item: Leftovers\n|upkeep\n|turn|9\n|inactive|Battle timer is ON: inactive players will automatically lose when time's up. (requested by kuanyou)\n|\n|t:|1739971695\n|move|p2a: Dondozo|Protect|p2a: Dondozo\n|-singleturn|p2a: Dondozo|Protect\n|move|p1b: Dragonite|Extreme Speed|p2a: Dondozo\n|-activate|p2a: Dondozo|move: Protect\n|\n|-heal|p2a: Dondozo|14\/100|[from] item: Leftovers\n|upkeep\n|turn|10\n|\n|t:|1739971704\n|move|p1b: Dragonite|Extreme Speed|p2a: Dondozo\n|-damage|p2a: Dondozo|5\/100\n|move|p2a: Dondozo|Order Up|p1b: Dragonite\n|-supereffective|p1b: Dragonite\n|-damage|p1b: Dragonite|0 fnt\n|faint|p1b: Dragonite\n|\n|win|kuanyou\n|raw|ryanplaytv's rating: 1579 &rarr; <strong>1558<\/strong><br \/>(-21 for losing)\n|raw|kuanyou's rating: 1570 &rarr; <strong>1591<\/strong><br \/>(+21 for winning)\n|l| huangz45\n|l|\u2606ryanplaytv\n|player|p1|\n|l| Arvidgstar\n|l|\u2606kuanyou\n|player|p2|\n|j| Arvidgstar\n|l| Arvidgstar\n","uploadtime":1739971914,"views":5,"formatid":"gen9vgc2025regg","rating":1558,"private":0,"password":null}