{"id":"gen9vgc2025regg-2303409751","format":"[Gen 9] VGC 2025 Reg G","players":["shef603","chin8"],"log":"|j|\u2606shef603\n|j|\u2606chin8\n|t:|1739918513\n|gametype|doubles\n|player|p1|shef603|steven|1568\n|player|p2|chin8|gentleman-gen4dp|1658\n|teamsize|p1|6\n|teamsize|p2|6\n|gen|9\n|tier|[Gen 9] VGC 2025 Reg G\n|rated|\n|rule|Species Clause: Limit one of each Pok\u00e9mon\n|rule|Item Clause: Limit 1 of each item\n|clearpoke\n|poke|p1|Koraidon, L50|\n|poke|p1|Flutter Mane, L50|\n|poke|p1|Entei, L50|\n|poke|p1|Raging Bolt, L50|\n|poke|p1|Umbreon, L50, M|\n|poke|p1|Ogerpon-Cornerstone, L50, F|\n|poke|p2|Calyrex-Shadow, L50|\n|poke|p2|Incineroar, L50, F|\n|poke|p2|Rillaboom, L50, F|\n|poke|p2|Gastrodon-East, L50, M|\n|poke|p2|Hitmonchan, L50, M|\n|poke|p2|Tropius, L50, F|\n|teampreview|4\n|inactive|Battle timer is ON: inactive players will automatically lose when time's up. (requested by chin8)\n|inactive|shef603 has 60 seconds left.\n|j| tetsuokaga\n|\n|t:|1739918581\n|start\n|switch|p1a: Umbreon|Umbreon, L50, M, shiny|100\/100\n|switch|p1b: Flutter Mane|Flutter Mane, L50|100\/100\n|switch|p2a: Calyrex|Calyrex-Shadow, L50|100\/100\n|switch|p2b: Incineroar|Incineroar, L50, F|100\/100\n|-ability|p2a: Calyrex|As One\n|-ability|p2a: Calyrex|Unnerve\n|-ability|p2b: Incineroar|Intimidate|boost\n|-fail|p1a: Umbreon|unboost|Attack|[from] ability: Inner Focus|[of] p1a: Umbreon\n|-unboost|p1b: Flutter Mane|atk|1\n|turn|1\n|\n|t:|1739918605\n|-terastallize|p2a: Calyrex|Fairy\n|move|p2a: Calyrex|Calm Mind|p2a: Calyrex\n|-boost|p2a: Calyrex|spa|1\n|-boost|p2a: Calyrex|spd|1\n|move|p1b: Flutter Mane|Icy Wind|p2a: Calyrex|[spread] p2a,p2b\n|-crit|p2a: Calyrex\n|-resisted|p2b: Incineroar\n|-damage|p2a: Calyrex|81\/100\n|-damage|p2b: Incineroar|94\/100\n|-unboost|p2b: Incineroar|spe|1\n|move|p1a: Umbreon|Yawn|p2a: Calyrex\n|-start|p2a: Calyrex|move: Yawn|[of] p1a: Umbreon\n|move|p2b: Incineroar|Knock Off|p1b: Flutter Mane\n|-damage|p1b: Flutter Mane|4\/100\n|-enditem|p1b: Flutter Mane|Focus Sash|[from] move: Knock Off|[of] p2b: Incineroar\n|\n|upkeep\n|turn|2\n|inactive|shef603 has 30 seconds left.\n|inactive|shef603 has 20 seconds left.\n|inactive|shef603 has 15 seconds left.\n|inactive|shef603 has 10 seconds left.\n|inactive|shef603 has 5 seconds left.\n|\n|t:|1739918660\n|switch|p2a: Rillaboom|Rillaboom, L50, F|100\/100\n|-fieldstart|move: Grassy Terrain|[from] ability: Grassy Surge|[of] p2a: Rillaboom\n|move|p1b: Flutter Mane|Dazzling Gleam|p2a: Rillaboom|[spread] p2a,p2b\n|-damage|p2a: Rillaboom|78\/100\n|-damage|p2b: Incineroar|70\/100\n|move|p1a: Umbreon|Foul Play|p2b: Incineroar\n|-resisted|p2b: Incineroar\n|-damage|p2b: Incineroar|50\/100\n|move|p2b: Incineroar|Parting Shot|p1a: Umbreon\n|-unboost|p1a: Umbreon|atk|1\n|-unboost|p1a: Umbreon|spa|1\n|\n|t:|1739918667\n|switch|p2b: Calyrex|Calyrex-Shadow, L50, tera:Fairy|81\/100|[from] Parting Shot\n|-ability|p2b: Calyrex|As One\n|-ability|p2b: Calyrex|Unnerve\n|\n|-heal|p2b: Calyrex|87\/100|[from] Grassy Terrain\n|-heal|p1b: Flutter Mane|10\/100|[from] Grassy Terrain\n|-heal|p2a: Rillaboom|84\/100|[from] Grassy Terrain\n|upkeep\n|turn|3\n|\n|t:|1739918691\n|move|p1b: Flutter Mane|Protect|p1b: Flutter Mane\n|-singleturn|p1b: Flutter Mane|Protect\n|move|p2b: Calyrex|Draining Kiss|p1a: Umbreon\n|-supereffective|p1a: Umbreon\n|-damage|p1a: Umbreon|55\/100\n|-heal|p2b: Calyrex|100\/100|[from] drain|[of] p1a: Umbreon\n|move|p2a: Rillaboom|Wood Hammer|p1a: Umbreon\n|-damage|p1a: Umbreon|4\/100\n|-damage|p2a: Rillaboom|68\/100|[from] Recoil\n|move|p1a: Umbreon|Yawn|p2b: Calyrex\n|-start|p2b: Calyrex|move: Yawn|[of] p1a: Umbreon\n|\n|-heal|p1b: Flutter Mane|16\/100|[from] Grassy Terrain\n|-heal|p2a: Rillaboom|73\/100|[from] Grassy Terrain\n|-heal|p1a: Umbreon|10\/100|[from] Grassy Terrain\n|upkeep\n|turn|4\n|inactive|shef603 has 30 seconds left.\n|\n|t:|1739918718\n|switch|p2b: Incineroar|Incineroar, L50, F|50\/100\n|-ability|p2b: Incineroar|Intimidate|boost\n|-fail|p1a: Umbreon|unboost|Attack|[from] ability: Inner Focus|[of] p1a: Umbreon\n|-unboost|p1b: Flutter Mane|atk|1\n|-end|p1b: Flutter Mane|Protosynthesis|[silent]\n|switch|p1b: Koraidon|Koraidon, L50|100\/100\n|-weather|SunnyDay|[from] ability: Orichalcum Pulse|[of] p1b: Koraidon\n|-activate|p1b: Koraidon|Orichalcum Pulse|[source]\n|switch|p1a: Entei|Entei, L50|100\/100\n|move|p2a: Rillaboom|U-turn|p1a: Entei\n|-resisted|p1a: Entei\n|-damage|p1a: Entei|88\/100\n|\n|t:|1739918733\n|switch|p2a: Calyrex|Calyrex-Shadow, L50, tera:Fairy|100\/100|[from] U-turn\n|-ability|p2a: Calyrex|As One\n|-ability|p2a: Calyrex|Unnerve\n|\n|-weather|SunnyDay|[upkeep]\n|-heal|p1a: Entei|94\/100|[from] Grassy Terrain\n|-heal|p2b: Incineroar|55\/100|[from] Grassy Terrain\n|upkeep\n|turn|5\n|\n|t:|1739918750\n|-terastallize|p1a: Entei|Normal\n|move|p2a: Calyrex|Protect|p2a: Calyrex\n|-singleturn|p2a: Calyrex|Protect\n|move|p1b: Koraidon|Protect|p1b: Koraidon\n|-singleturn|p1b: Koraidon|Protect\n|move|p1a: Entei|Extreme Speed|p2a: Calyrex\n|-activate|p2a: Calyrex|move: Protect\n|move|p2b: Incineroar|Knock Off|p1a: Entei\n|-damage|p1a: Entei|48\/100\n|-enditem|p1a: Entei|Choice Band|[from] move: Knock Off|[of] p2b: Incineroar\n|\n|-weather|SunnyDay|[upkeep]\n|-heal|p1a: Entei|54\/100|[from] Grassy Terrain\n|-heal|p2b: Incineroar|61\/100|[from] Grassy Terrain\n|upkeep\n|turn|6\n|\n|t:|1739918769\n|move|p1a: Entei|Extreme Speed|p2a: Calyrex\n|-damage|p2a: Calyrex|62\/100\n|move|p2a: Calyrex|Draining Kiss|p1b: Koraidon\n|-supereffective|p1b: Koraidon\n|-damage|p1b: Koraidon|0 fnt\n|-heal|p2a: Calyrex|100\/100|[from] drain|[of] p1b: Koraidon\n|faint|p1b: Koraidon\n|-ability|p2a: Calyrex|Grim Neigh|boost\n|-boost|p2a: Calyrex|spa|1\n|move|p2b: Incineroar|Will-O-Wisp|p1a: Entei\n|-status|p1a: Entei|brn\n|\n|-weather|SunnyDay|[upkeep]\n|-heal|p1a: Entei|60\/100 brn|[from] Grassy Terrain\n|-heal|p2b: Incineroar|67\/100|[from] Grassy Terrain\n|-damage|p1a: Entei|54\/100 brn|[from] brn\n|-fieldend|move: Grassy Terrain\n|upkeep\n|-message|shef603 forfeited.\n|\n|win|chin8\n|raw|shef603's rating: 1568 &rarr; <strong>1553<\/strong><br \/>(-15 for losing)\n|raw|chin8's rating: 1658 &rarr; <strong>1673<\/strong><br \/>(+15 for winning)\n|l|\u2606shef603\n|player|p1|\n|l|\u2606chin8\n|player|p2|\n|l| tetsuokaga\n","uploadtime":1739918925,"views":5,"formatid":"gen9vgc2025regg","rating":1553,"private":0,"password":null}