{"id":"gen9vgc2025regg-2303125924","format":"[Gen 9] VGC 2025 Reg G","players":["PokemonmasterN2009","vanthoci"],"log":"|j|\u2606PokemonmasterN2009\n|j|\u2606vanthoci\n|t:|1739889890\n|gametype|doubles\n|player|p1|PokemonmasterN2009|steven|1524\n|player|p2|vanthoci|265|1585\n|teamsize|p1|6\n|teamsize|p2|6\n|gen|9\n|tier|[Gen 9] VGC 2025 Reg G\n|rated|\n|rule|Species Clause: Limit one of each Pok\u00e9mon\n|rule|Item Clause: Limit 1 of each item\n|clearpoke\n|poke|p1|Farigiraf, L50, M|\n|poke|p1|Calyrex-Ice, L50|\n|poke|p1|Torkoal, L50, M|\n|poke|p1|Regidrago, L50|\n|poke|p1|Smeargle, L50, M|\n|poke|p1|Amoonguss, L50, F|\n|poke|p2|Terapagos, L50, M|\n|poke|p2|Ogerpon-Hearthflame, L50, F|\n|poke|p2|Dondozo, L50, M|\n|poke|p2|Tornadus, L50, M|\n|poke|p2|Smeargle, L50, M|\n|poke|p2|Tatsugiri-Droopy, L50, F|\n|teampreview|4\n|inactive|Battle timer is ON: inactive players will automatically lose when time's up. (requested by PokemonmasterN2009)\nPokemonmasterN2009 has agreed to open team sheets.\n|inactive|vanthoci has 60 seconds left.\n|\n|t:|1739889933\n|start\n|switch|p1a: Smeargle|Smeargle, L50, M, shiny|100\/100\n|switch|p1b: Calyrex|Calyrex-Ice, L50|100\/100\n|switch|p2a: Terapagos|Terapagos, L50, M|100\/100\n|switch|p2b: Dondozo|Dondozo, L50, M|100\/100\n|-activate|p2a: Terapagos|ability: Tera Shift\n|detailschange|p2a: Terapagos|Terapagos-Terastal, L50, M\n|-heal|p2a: Terapagos|100\/100|[silent]\n|-ability|p1b: Calyrex|As One\n|-ability|p1b: Calyrex|Unnerve\n|turn|1\n|\n|t:|1739889947\n|move|p2a: Terapagos|Tera Starstorm|p1b: Calyrex\n|-damage|p1b: Calyrex|37\/100\n|move|p1a: Smeargle|Spore|p2b: Dondozo\n|-status|p2b: Dondozo|slp|[from] move: Spore\n|cant|p2b: Dondozo|slp\n|move|p1b: Calyrex|Trick Room|p1b: Calyrex\n|-fieldstart|move: Trick Room|[of] p1b: Calyrex\n|\n|upkeep\n|turn|2\n|\n|t:|1739889960\n|-terastallize|p2a: Terapagos|Stellar\n|detailschange|p2a: Terapagos|Terapagos-Stellar, L50, M, tera:Stellar\n|-heal|p2a: Terapagos|100\/100|[silent]\n|cant|p2b: Dondozo|slp\n|move|p1a: Smeargle|Spore|p2a: Terapagos\n|-status|p2a: Terapagos|slp|[from] move: Spore\n|move|p1b: Calyrex|Glacial Lance|p2a: Terapagos|[spread] p2a,p2b\n|-resisted|p2b: Dondozo\n|-damage|p2a: Terapagos|61\/100 slp\n|-damage|p2b: Dondozo|87\/100 slp\n|cant|p2a: Terapagos|slp\n|\n|-heal|p2b: Dondozo|93\/100 slp|[from] item: Leftovers\n|upkeep\n|turn|3\n|\n|t:|1739889982\n|switch|p2a: Tatsugiri|Tatsugiri-Droopy, L50, F|100\/100\n|-activate|p2a: Tatsugiri|ability: Commander|[of] p2b: Dondozo\n|-boost|p2b: Dondozo|atk|2\n|-boost|p2b: Dondozo|spa|2\n|-boost|p2b: Dondozo|spe|2\n|-boost|p2b: Dondozo|def|2\n|-boost|p2b: Dondozo|spd|2\n|move|p1a: Smeargle|Decorate|p1b: Calyrex\n|-boost|p1b: Calyrex|atk|2\n|-boost|p1b: Calyrex|spa|2\n|move|p1b: Calyrex|Glacial Lance|p2a: Tatsugiri|[spread] p2b\n|-miss|p1b: Calyrex|p2a: Tatsugiri\n|-resisted|p2b: Dondozo\n|-damage|p2b: Dondozo|87\/100 slp\n|-curestatus|p2b: Dondozo|slp|[msg]\n|move|p2b: Dondozo|Body Press|p1b: Calyrex\n|-damage|p1b: Calyrex|0 fnt\n|faint|p1b: Calyrex\n|\n|-heal|p2b: Dondozo|93\/100|[from] item: Leftovers\n|upkeep\n|\n|t:|1739889986\n|switch|p1b: Amoonguss|Amoonguss, L50, F|100\/100\n|turn|4\n|\n|t:|1739890007\n|switch|p1a: Regidrago|Regidrago, L50|100\/100\n|move|p2b: Dondozo|Protect|p2b: Dondozo\n|-singleturn|p2b: Dondozo|Protect\n|move|p1b: Amoonguss|Clear Smog|p2b: Dondozo\n|-activate|p2b: Dondozo|move: Protect\n|\n|-heal|p2b: Dondozo|99\/100|[from] item: Leftovers\n|upkeep\n|turn|5\n|\n|t:|1739890017\n|move|p1b: Amoonguss|Clear Smog|p2b: Dondozo\n|-damage|p2b: Dondozo|91\/100\n|-clearboost|p2b: Dondozo\n|move|p2b: Dondozo|Substitute|p2b: Dondozo\n|-start|p2b: Dondozo|Substitute\n|-damage|p2b: Dondozo|67\/100\n|move|p1a: Regidrago|Dragon Energy|p2a: Tatsugiri|[spread] p2b\n|-miss|p1a: Regidrago|p2a: Tatsugiri\n|-end|p2b: Dondozo|Substitute\n|\n|-heal|p2b: Dondozo|73\/100|[from] item: Leftovers\n|-fieldend|move: Trick Room\n|upkeep\n|turn|6\n|\n|t:|1739890035\n|move|p1a: Regidrago|Dragon Energy|p2b: Dondozo|[spread] p2b\n|-miss|p1a: Regidrago|p2a: Tatsugiri\n|-damage|p2b: Dondozo|0 fnt\n|faint|p2b: Dondozo\n|move|p1b: Amoonguss|Spore|p2a: Tatsugiri\n|-status|p2a: Tatsugiri|slp|[from] move: Spore\n|\n|upkeep\n|\n|t:|1739890044\n|switch|p2b: Smeargle|Smeargle, L50, M|100\/100\n|turn|7\n|\n|t:|1739890061\n|move|p1b: Amoonguss|Rage Powder|p1b: Amoonguss\n|-singleturn|p1b: Amoonguss|move: Rage Powder\n|cant|p2a: Tatsugiri|slp\n|move|p2a: Tatsugiri|Sleep Talk|p2a: Tatsugiri\n|move|p2a: Tatsugiri|Draco Meteor|p1b: Amoonguss|[from] move: Sleep Talk\n|-damage|p1b: Amoonguss|44\/100\n|-unboost|p2a: Tatsugiri|spa|2\n|move|p2b: Smeargle|Spore|p1b: Amoonguss\n|-immune|p1b: Amoonguss\n|move|p1a: Regidrago|Dragon Energy|p2b: Smeargle|[spread] p2a,p2b\n|-supereffective|p2a: Tatsugiri\n|-damage|p2a: Tatsugiri|0 fnt\n|-enditem|p2b: Smeargle|Focus Sash\n|-damage|p2b: Smeargle|1\/100\n|faint|p2a: Tatsugiri\n|\n|-ability|p2b: Smeargle|Moody|boost\n|-boost|p2b: Smeargle|spe|2\n|-unboost|p2b: Smeargle|spa|1\n|upkeep\n|\n|t:|1739890075\n|switch|p2a: Terapagos|Terapagos-Stellar, L50, M, tera:Stellar|61\/100 slp\n|turn|8\n|-message|vanthoci forfeited.\n|\n|win|PokemonmasterN2009\n|raw|PokemonmasterN2009's rating: 1524 &rarr; <strong>1547<\/strong><br \/>(+23 for winning)\n|raw|vanthoci's rating: 1585 &rarr; <strong>1562<\/strong><br \/>(-23 for losing)\n|l|\u2606vanthoci\n|player|p2|\n|l|\u2606PokemonmasterN2009\n|player|p1|\n","uploadtime":1739890346,"views":5,"formatid":"gen9vgc2025regg","rating":1547,"private":0,"password":null}