{"id":"gen9vgc2025regg-2303824392","format":"[Gen 9] VGC 2025 Reg G","players":["jasonrfry3","hoeheng"],"log":"|j|\u2606jasonrfry3\n|j|\u2606hoeheng\n|t:|1739979464\n|gametype|doubles\n|player|p1|jasonrfry3|170|1549\n|player|p2|hoeheng|hilda|1597\n|teamsize|p1|6\n|teamsize|p2|6\n|gen|9\n|tier|[Gen 9] VGC 2025 Reg G\n|rated|\n|rule|Species Clause: Limit one of each Pok\u00e9mon\n|rule|Item Clause: Limit 1 of each item\n|clearpoke\n|poke|p1|Mimikyu, L50, M|\n|poke|p1|Enamorus-Therian, L50, F|\n|poke|p1|Okidogi, L50, M|\n|poke|p1|Calyrex-Ice, L50|\n|poke|p1|Ogerpon-Cornerstone, L50, F|\n|poke|p1|Whimsicott, L50, F|\n|poke|p2|Giratina-Origin, L50|\n|poke|p2|Ting-Lu, L50|\n|poke|p2|Dondozo, L50, F|\n|poke|p2|Raging Bolt, L50|\n|poke|p2|Chien-Pao, L50|\n|poke|p2|Ogerpon-Hearthflame, L50, F|\n|teampreview|4\n|\n|t:|1739979492\n|start\n|switch|p1a: Mimikyu|Mimikyu, L50, M, shiny|100\/100\n|switch|p1b: Whimsicott|Whimsicott, L50, F|100\/100\n|switch|p2a: Giratina|Giratina-Origin, L50|100\/100\n|switch|p2b: Dondozo|Dondozo, L50, F|100\/100\n|turn|1\n|\n|t:|1739979517\n|move|p1b: Whimsicott|Misty Terrain|p1b: Whimsicott\n|-fieldstart|move: Misty Terrain\n|move|p2a: Giratina|Poltergeist|p1b: Whimsicott\n|-activate|p1b: Whimsicott|move: Poltergeist|Focus Sash\n|-damage|p1b: Whimsicott|8\/100\n|move|p2b: Dondozo|Yawn|p1a: Mimikyu\n|-start|p1a: Mimikyu|move: Yawn|[of] p2b: Dondozo\n|move|p1a: Mimikyu|Trick Room|p1a: Mimikyu\n|-fieldstart|move: Trick Room|[of] p1a: Mimikyu\n|\n|upkeep\n|turn|2\n|\n|t:|1739979550\n|move|p2a: Giratina|Shadow Sneak|p1b: Whimsicott\n|-damage|p1b: Whimsicott|0 fnt\n|faint|p1b: Whimsicott\n|move|p2b: Dondozo|Wave Crash|p1a: Mimikyu\n|-activate|p1a: Mimikyu|ability: Disguise\n|-damage|p1a: Mimikyu|100\/100\n|detailschange|p1a: Mimikyu|Mimikyu-Busted, L50, M, shiny\n|-damage|p1a: Mimikyu|88\/100|[from] pokemon: Mimikyu-Busted\n|move|p1a: Mimikyu|Curse|p2a: Giratina\n|-start|p2a: Giratina|Curse|[of] p1a: Mimikyu\n|-damage|p1a: Mimikyu|38\/100\n|\n|-damage|p2a: Giratina|76\/100|[from] Curse\n|-end|p1a: Mimikyu|move: Yawn|[silent]\n|-activate|p1a: Mimikyu|move: Misty Terrain\n|upkeep\n|\n|t:|1739979556\n|switch|p1b: Calyrex|Calyrex-Ice, L50|100\/100\n|-ability|p1b: Calyrex|As One\n|-ability|p1b: Calyrex|Unnerve\n|turn|3\n|\n|t:|1739979571\n|-terastallize|p2a: Giratina|Fire\n|move|p1b: Calyrex|Glacial Lance|p2a: Giratina|[spread] p2a,p2b\n|-resisted|p2a: Giratina\n|-resisted|p2b: Dondozo\n|-damage|p2a: Giratina|53\/100\n|-damage|p2b: Dondozo|85\/100\n|move|p2b: Dondozo|Wave Crash|p1a: Mimikyu\n|-damage|p1a: Mimikyu|0 fnt\n|faint|p1a: Mimikyu\n|-damage|p2b: Dondozo|77\/100|[from] Recoil\n|move|p2a: Giratina|Poltergeist|p1b: Calyrex\n|-activate|p1b: Calyrex|move: Poltergeist|Clear Amulet\n|-supereffective|p1b: Calyrex\n|-damage|p1b: Calyrex|8\/100\n|\n|-heal|p2b: Dondozo|83\/100|[from] item: Leftovers\n|-damage|p2a: Giratina|28\/100|[from] Curse\n|upkeep\n|\n|t:|1739979573\n|switch|p1a: Enamorus|Enamorus-Therian, L50, F|100\/100\n|turn|4\n|\n|t:|1739979592\n|switch|p2a: \ub85c\ud0a4\ub85c\ud0a4\ub178|Ting-Lu, L50|100\/100\n|-ability|p2a: \ub85c\ud0a4\ub85c\ud0a4\ub178|Vessel of Ruin\n|-terastallize|p1a: Enamorus|Fairy\n|move|p1b: Calyrex|Protect|p1b: Calyrex\n|-singleturn|p1b: Calyrex|Protect\n|move|p1a: Enamorus|Dazzling Gleam|p2b: Dondozo|[spread] p2a,p2b\n|-supereffective|p2a: \ub85c\ud0a4\ub85c\ud0a4\ub178\n|-damage|p2a: \ub85c\ud0a4\ub85c\ud0a4\ub178|41\/100\n|-damage|p2b: Dondozo|45\/100\n|-damage|p1a: Enamorus|91\/100|[from] item: Life Orb\n|move|p2b: Dondozo|Wave Crash|p1b: Calyrex\n|-activate|p1b: Calyrex|move: Protect\n|\n|-heal|p2b: Dondozo|51\/100|[from] item: Leftovers\n|upkeep\n|turn|5\n|j| lyqvgc\n|\n|t:|1739979612\n|move|p2a: \ub85c\ud0a4\ub85c\ud0a4\ub178|Protect|p2a: \ub85c\ud0a4\ub85c\ud0a4\ub178\n|-singleturn|p2a: \ub85c\ud0a4\ub85c\ud0a4\ub178|Protect\n|move|p1a: Enamorus|Moonblast|p2b: Dondozo\n|-damage|p2b: Dondozo|0 fnt\n|faint|p2b: Dondozo\n|-damage|p1a: Enamorus|81\/100|[from] item: Life Orb\n|move|p1b: Calyrex|Glacial Lance|p2a: \ub85c\ud0a4\ub85c\ud0a4\ub178\n|-activate|p2a: \ub85c\ud0a4\ub85c\ud0a4\ub178|move: Protect\n|\n|-fieldend|move: Trick Room\n|-fieldend|Misty Terrain\n|upkeep\n|j| D-Wrecks\n|\n|t:|1739979618\n|switch|p2b: Giratina|Giratina-Origin, L50, tera:Fire|28\/100\n|turn|6\n|\n|t:|1739979637\n|move|p1b: Calyrex|Protect|p1b: Calyrex\n|-singleturn|p1b: Calyrex|Protect\n|move|p2b: Giratina|Poltergeist|p1a: Enamorus\n|-activate|p1a: Enamorus|move: Poltergeist|Life Orb\n|-damage|p1a: Enamorus|14\/100\n|move|p2a: \ub85c\ud0a4\ub85c\ud0a4\ub178|Sand Tomb|p1a: Enamorus\n|-damage|p1a: Enamorus|0 fnt\n|faint|p1a: Enamorus\n|\n|upkeep\n|turn|7\n|-message|jasonrfry3 forfeited.\n|\n|win|hoeheng\n|raw|jasonrfry3's rating: 1549 &rarr; <strong>1532<\/strong><br \/>(-17 for losing)\n|raw|hoeheng's rating: 1597 &rarr; <strong>1614<\/strong><br \/>(+17 for winning)\n|l|\u2606jasonrfry3\n|player|p1|\n|l|\u2606hoeheng\n|player|p2|\n|l| D-Wrecks\n","uploadtime":1739979797,"views":8,"formatid":"gen9vgc2025regg","rating":1532,"private":0,"password":null}