{"id":"gen9vgc2025regg-2303541759","format":"[Gen 9] VGC 2025 Reg G","players":["Todo CCT","5SeasBakery"],"log":"|j|\u2606Todo CCT\n|j|\u26065SeasBakery\n|t:|1739935109\n|gametype|doubles\n|player|p1|Todo CCT|rocketgrunt|1502\n|player|p2|5SeasBakery|101|1605\n|teamsize|p1|6\n|teamsize|p2|6\n|gen|9\n|tier|[Gen 9] VGC 2025 Reg G\n|rated|\n|rule|Species Clause: Limit one of each Pok\u00e9mon\n|rule|Item Clause: Limit 1 of each item\n|clearpoke\n|poke|p1|Calyrex-Ice, L50|\n|poke|p1|Hatterene, L50, F|\n|poke|p1|Indeedee-F, L50, F|\n|poke|p1|Gallade, L50, M|\n|poke|p1|Ursaluna, L50, F|\n|poke|p1|Urshifu-*, L50, F|\n|poke|p2|Calyrex-Ice, L50|\n|poke|p2|Pelipper, L50, F|\n|poke|p2|Amoonguss, L50, M|\n|poke|p2|Landorus, L50, M|\n|poke|p2|Thundurus, L50, M|\n|poke|p2|Urshifu-*, L50, F|\n|teampreview|4\n|inactive|Battle timer is ON: inactive players will automatically lose when time's up. (requested by 5SeasBakery)\n|\n|t:|1739935143\n|start\n|switch|p1a: Indeedee|Indeedee-F, L50, F|100\/100\n|switch|p1b: Gallade|Gallade, L50, M|100\/100\n|switch|p2a: Calyrex|Calyrex-Ice, L50|100\/100\n|switch|p2b: Amoonguss|Amoonguss, L50, M|100\/100\n|-ability|p2a: Calyrex|As One\n|-ability|p2a: Calyrex|Unnerve\n|-fieldstart|move: Psychic Terrain|[from] ability: Psychic Surge|[of] p1a: Indeedee\n|-enditem|p1a: Indeedee|Psychic Seed\n|-boost|p1a: Indeedee|spd|1|[from] item: Psychic Seed\n|turn|1\n|\n|t:|1739935156\n|-terastallize|p2b: Amoonguss|Water\n|move|p1a: Indeedee|Follow Me|p1a: Indeedee\n|-singleturn|p1a: Indeedee|move: Follow Me\n|move|p2b: Amoonguss|Spore|p1a: Indeedee\n|-status|p1a: Indeedee|slp|[from] move: Spore\n|move|p1b: Gallade|Trick Room|p1b: Gallade\n|-fieldstart|move: Trick Room|[of] p1b: Gallade\n|move|p2a: Calyrex|Trick Room|p2a: Calyrex\n|-fieldend|move: Trick Room\n|\n|upkeep\n|turn|2\n|\n|t:|1739935174\n|cant|p1a: Indeedee|slp\n|move|p1b: Gallade|Psycho Cut|p2b: Amoonguss\n|-damage|p2b: Amoonguss|46\/100\n|move|p2a: Calyrex|Glacial Lance|p1a: Indeedee|[spread] p1a,p1b\n|-crit|p1b: Gallade\n|-damage|p1a: Indeedee|24\/100 slp\n|-damage|p1b: Gallade|0 fnt\n|faint|p1b: Gallade\n|-ability|p2a: Calyrex|Chilling Neigh|boost\n|-boost|p2a: Calyrex|atk|1\n|move|p2b: Amoonguss|Spore|p1a: Indeedee\n|-fail|p1a: Indeedee|slp\n|\n|upkeep\n|\n|t:|1739935183\n|switch|p1b: Ursaluna|Ursaluna, L50, F|100\/100\n|turn|3\n|\n|t:|1739935195\n|-curestatus|p1a: Indeedee|slp|[msg]\n|move|p1a: Indeedee|Helping Hand|p1b: Ursaluna\n|-singleturn|p1b: Ursaluna|Helping Hand|[of] p1a: Indeedee\n|move|p2a: Calyrex|Protect|p2a: Calyrex\n|-singleturn|p2a: Calyrex|Protect\n|move|p1b: Ursaluna|Protect|p1b: Ursaluna\n|-singleturn|p1b: Ursaluna|Protect\n|move|p2b: Amoonguss|Spore|p1b: Ursaluna\n|-activate|p1b: Ursaluna|move: Protect\n|\n|-status|p1b: Ursaluna|brn|[from] item: Flame Orb\n|upkeep\n|turn|4\n|\n|t:|1739935209\n|switch|p1a: Calyrex|Calyrex-Ice, L50|100\/100\n|-ability|p1a: Calyrex|As One\n|-ability|p1a: Calyrex|Unnerve\n|switch|p2b: Pelipper|Pelipper, L50, F|100\/100\n|-weather|RainDance|[from] ability: Drizzle|[of] p2b: Pelipper\n|-terastallize|p1b: Ursaluna|Normal\n|move|p1b: Ursaluna|Facade|p2a: Calyrex\n|-damage|p2a: Calyrex|4\/100\n|move|p2a: Calyrex|Trick Room|p2a: Calyrex\n|-fieldstart|move: Trick Room|[of] p2a: Calyrex\n|\n|-weather|RainDance|[upkeep]\n|-damage|p1b: Ursaluna|95\/100 brn|[from] brn\n|upkeep\n|turn|5\n|j| hideonbusu\n|\n|t:|1739935226\n|move|p1b: Ursaluna|Facade|p2b: Pelipper\n|-damage|p2b: Pelipper|0 fnt\n|faint|p2b: Pelipper\n|move|p2a: Calyrex|Glacial Lance|p1a: Calyrex|[spread] p1a,p1b\n|-resisted|p1a: Calyrex\n|-damage|p1a: Calyrex|75\/100\n|-damage|p1b: Ursaluna|30\/100 brn\n|move|p1a: Calyrex|High Horsepower|p2a: Calyrex\n|-damage|p2a: Calyrex|0 fnt\n|faint|p2a: Calyrex\n|-ability|p1a: Calyrex|Chilling Neigh|boost\n|-boost|p1a: Calyrex|atk|1\n|\n|-weather|RainDance|[upkeep]\n|-damage|p1b: Ursaluna|24\/100 brn|[from] brn\n|-fieldend|move: Psychic Terrain\n|upkeep\n|\n|t:|1739935232\n|switch|p2a: Amoonguss|Amoonguss, L50, M, tera:Water|79\/100\n|switch|p2b: Urshifu|Urshifu, L50, F|100\/100\n|turn|6\n|\n|t:|1739935253\n|move|p1a: Calyrex|Protect|p1a: Calyrex\n|-singleturn|p1a: Calyrex|Protect\n|move|p2a: Amoonguss|Spore|p1a: Calyrex\n|-activate|p1a: Calyrex|move: Protect\n|move|p1b: Ursaluna|Facade|p2b: Urshifu\n|-damage|p2b: Urshifu|0 fnt\n|faint|p2b: Urshifu\n|\n|-weather|RainDance|[upkeep]\n|-damage|p1b: Ursaluna|18\/100 brn|[from] brn\n|upkeep\n|turn|7\n|-message|5SeasBakery forfeited.\n|\n|win|Todo CCT\n|raw|Todo CCT's rating: 1502 &rarr; <strong>1528<\/strong><br \/>(+26 for winning)\n|raw|5SeasBakery's rating: 1605 &rarr; <strong>1579<\/strong><br \/>(-26 for losing)\n|l|\u26065SeasBakery\n|player|p2|\n","uploadtime":1739935268,"views":8,"formatid":"gen9vgc2025regg","rating":1528,"private":0,"password":null}