{"id":"gen9vgc2025regg-2303152611","format":"[Gen 9] VGC 2025 Reg G","players":["21625q","shihevper1"],"log":"|j|\u260621625q\n|j|\u2606shihevper1\n|t:|1739892743\n|gametype|doubles\n|player|p1|21625q|courtney|1707\n|player|p2|shihevper1|lucas|1697\n|teamsize|p1|6\n|teamsize|p2|6\n|gen|9\n|tier|[Gen 9] VGC 2025 Reg G\n|rated|\n|rule|Species Clause: Limit one of each Pok\u00e9mon\n|rule|Item Clause: Limit 1 of each item\n|clearpoke\n|poke|p1|Tatsugiri, L50, F|\n|poke|p1|Chi-Yu, L50|\n|poke|p1|Dragonite, L50, F|\n|poke|p1|Dondozo, L50, M|\n|poke|p1|Gholdengo, L50|\n|poke|p1|Miraidon, L50|\n|poke|p2|Calyrex-Ice, L50|\n|poke|p2|Annihilape, L50, F|\n|poke|p2|Smeargle, L50, M|\n|poke|p2|Urshifu-*, L50, F|\n|poke|p2|Ogerpon-Wellspring, L50, F|\n|poke|p2|Ursaluna-Bloodmoon, L50, M|\n|teampreview|4\n|j| Easy180\n|\n|t:|1739892799\n|start\n|switch|p1a: Chi-Yu|Chi-Yu, L50|100\/100\n|switch|p1b: Gholdengo|Gholdengo, L50|100\/100\n|switch|p2a: Calyrex|Calyrex-Ice, L50|100\/100\n|switch|p2b: Smeargle|Smeargle, L50, M|100\/100\n|-ability|p2a: Calyrex|As One\n|-ability|p2a: Calyrex|Unnerve\n|-ability|p1a: Chi-Yu|Beads of Ruin\n|turn|1\n|\n|t:|1739892842\n|-terastallize|p1a: Chi-Yu|Ghost\n|-terastallize|p2a: Calyrex|Water\n|move|p2b: Smeargle|Wide Guard|p2b: Smeargle\n|-singleturn|p2b: Smeargle|Wide Guard\n|move|p1a: Chi-Yu|Heat Wave|p2b: Smeargle|[spread] \n|-activate|p2a: Calyrex|move: Wide Guard\n|-activate|p2b: Smeargle|move: Wide Guard\n|move|p1b: Gholdengo|Make It Rain|p2a: Calyrex|[spread] \n|-activate|p2a: Calyrex|move: Wide Guard\n|-activate|p2b: Smeargle|move: Wide Guard\n|move|p2a: Calyrex|High Horsepower|p1a: Chi-Yu\n|-damage|p1a: Chi-Yu|37\/100\n|\n|upkeep\n|turn|2\n|\n|t:|1739892868\n|move|p2b: Smeargle|Wide Guard|p2b: Smeargle\n|-singleturn|p2b: Smeargle|Wide Guard\n|move|p1a: Chi-Yu|Dark Pulse|p2b: Smeargle\n|-enditem|p2b: Smeargle|Focus Sash\n|-damage|p2b: Smeargle|1\/100\n|move|p1b: Gholdengo|Make It Rain|p2a: Calyrex|[spread] \n|-activate|p2a: Calyrex|move: Wide Guard\n|-activate|p2b: Smeargle|move: Wide Guard\n|move|p2a: Calyrex|Trick Room|p2a: Calyrex\n|-fieldstart|move: Trick Room|[of] p2a: Calyrex\n|\n|upkeep\n|turn|3\n|inactive|Battle timer is ON: inactive players will automatically lose when time's up. (requested by 21625q)\n|\n|t:|1739892885\n|switch|p1b: Dondozo|Dondozo, L50, M|100\/100\n|switch|p1a: Tatsugiri|Tatsugiri, L50, F|100\/100\n|-activate|p1a: Tatsugiri|ability: Commander|[of] p1b: Dondozo\n|-boost|p1b: Dondozo|atk|2\n|-boost|p1b: Dondozo|spa|2\n|-boost|p1b: Dondozo|spe|2\n|-boost|p1b: Dondozo|def|2\n|-boost|p1b: Dondozo|spd|2\n|move|p2b: Smeargle|Wide Guard|p2b: Smeargle\n|-singleturn|p2b: Smeargle|Wide Guard\n|move|p2a: Calyrex|Glacial Lance|p1b: Dondozo|[spread] p1b\n|-miss|p2a: Calyrex|p1a: Tatsugiri\n|-resisted|p1b: Dondozo\n|-damage|p1b: Dondozo|91\/100\n|\n|-heal|p1b: Dondozo|97\/100|[from] item: Leftovers\n|upkeep\n|turn|4\n|\n|t:|1739892895\n|switch|p2a: Urshifu|Urshifu, L50, F|100\/100\n|move|p2b: Smeargle|Spore|p1b: Dondozo\n|-status|p1b: Dondozo|slp|[from] move: Spore\n|cant|p1b: Dondozo|slp\n|\n|-heal|p1b: Dondozo|100\/100 slp|[from] item: Leftovers\n|upkeep\n|turn|5\n|\n|t:|1739892902\n|move|p2b: Smeargle|Decorate|p2a: Urshifu\n|-boost|p2a: Urshifu|atk|2\n|-boost|p2a: Urshifu|spa|2\n|move|p2a: Urshifu|Wicked Blow|p1b: Dondozo\n|-crit|p1b: Dondozo\n|-damage|p1b: Dondozo|38\/100 slp\n|cant|p1b: Dondozo|slp\n|\n|-heal|p1b: Dondozo|44\/100 slp|[from] item: Leftovers\n|upkeep\n|turn|6\n|\n|t:|1739892918\n|switch|p2b: Calyrex|Calyrex-Ice, L50, tera:Water|100\/100\n|-ability|p2b: Calyrex|As One\n|-ability|p2b: Calyrex|Unnerve\n|move|p2a: Urshifu|Wicked Blow|p1b: Dondozo\n|-crit|p1b: Dondozo\n|-damage|p1b: Dondozo|0 fnt\n|faint|p1b: Dondozo\n|\n|-fieldend|move: Trick Room\n|upkeep\n|\n|t:|1739892928\n|switch|p1b: Gholdengo|Gholdengo, L50|100\/100\n|turn|7\n|inactive|21625q has 30 seconds left.\n|inactive|21625q has 20 seconds left.\n|inactive|21625q has 15 seconds left.\n|\n|t:|1739892972\n|move|p2b: Calyrex|Protect|p2b: Calyrex\n|-singleturn|p2b: Calyrex|Protect\n|move|p1a: Tatsugiri|Draco Meteor|p2a: Urshifu\n|-damage|p2a: Urshifu|33\/100\n|-unboost|p1a: Tatsugiri|spa|2\n|move|p1b: Gholdengo|Trick|p2b: Calyrex\n|-activate|p2b: Calyrex|move: Protect\n|move|p2a: Urshifu|Wicked Blow|p1b: Gholdengo\n|-supereffective|p1b: Gholdengo\n|-crit|p1b: Gholdengo\n|-damage|p1b: Gholdengo|0 fnt\n|faint|p1b: Gholdengo\n|\n|upkeep\n|\n|t:|1739892978\n|switch|p1b: Chi-Yu|Chi-Yu, L50, tera:Ghost|37\/100\n|-ability|p1b: Chi-Yu|Beads of Ruin\n|turn|8\n|inactive|shihevper1 has 30 seconds left.\n|\n|t:|1739893006\n|switch|p2a: Smeargle|Smeargle, L50, M|1\/100\n|switch|p2b: Ursaluna|Ursaluna-Bloodmoon, L50, M|100\/100\n|move|p1a: Tatsugiri|Draco Meteor|p2a: Smeargle\n|-damage|p2a: Smeargle|0 fnt\n|-unboost|p1a: Tatsugiri|spa|2\n|faint|p2a: Smeargle\n|move|p1b: Chi-Yu|Dark Pulse|p2b: Ursaluna\n|-damage|p2b: Ursaluna|31\/100\n|\n|upkeep\n|\n|t:|1739893009\n|switch|p2a: Calyrex|Calyrex-Ice, L50, tera:Water|100\/100\n|-ability|p2a: Calyrex|As One\n|-ability|p2a: Calyrex|Unnerve\n|turn|9\n|\n|t:|1739893020\n|move|p2a: Calyrex|Protect|p2a: Calyrex\n|-singleturn|p2a: Calyrex|Protect\n|move|p1a: Tatsugiri|Draco Meteor|p2b: Ursaluna\n|-damage|p2b: Ursaluna|2\/100\n|-unboost|p1a: Tatsugiri|spa|2\n|move|p1b: Chi-Yu|Dark Pulse|p2a: Calyrex\n|-activate|p2a: Calyrex|move: Protect\n|move|p2b: Ursaluna|Blood Moon|p1a: Tatsugiri\n|-damage|p1a: Tatsugiri|0 fnt\n|faint|p1a: Tatsugiri\n|-damage|p2b: Ursaluna|0 fnt|[from] item: Life Orb\n|faint|p2b: Ursaluna\n|\n|upkeep\n|\n|t:|1739893027\n|switch|p2b: Urshifu|Urshifu, L50, F|33\/100\n|turn|10\n|-message|21625q forfeited.\n|\n|win|shihevper1\n|raw|21625q's rating: 1707 &rarr; <strong>1686<\/strong><br \/>(-21 for losing)\n|raw|shihevper1's rating: 1697 &rarr; <strong>1718<\/strong><br \/>(+21 for winning)\n|l|\u260621625q\n|player|p1|\n|l|\u2606shihevper1\n|player|p2|\n","uploadtime":1739893290,"views":10,"formatid":"gen9vgc2025regg","rating":1686,"private":0,"password":null}