{"id":"gen9vgc2025regg-2303455776","format":"[Gen 9] VGC 2025 Reg G","players":["falcon108","Iamsliverfish"],"log":"|j|\u2606falcon108\n|j|\u2606Iamsliverfish\n|t:|1739923942\n|gametype|doubles\n|player|p1|falcon108|266|1628\n|player|p2|Iamsliverfish|rood|1651\n|teamsize|p1|6\n|teamsize|p2|6\n|gen|9\n|tier|[Gen 9] VGC 2025 Reg G\n|rated|\n|rule|Species Clause: Limit one of each Pok\u00e9mon\n|rule|Item Clause: Limit 1 of each item\n|clearpoke\n|poke|p1|Kyogre, L50|\n|poke|p1|Tornadus, L50, M|\n|poke|p1|Tsareena, L50, F|\n|poke|p1|Electabuzz, L50, F|\n|poke|p1|Archaludon, L50, M|\n|poke|p1|Rillaboom, L50, F|\n|poke|p2|Calyrex-Shadow, L50|\n|poke|p2|Ursaluna, L50, M|\n|poke|p2|Indeedee-F, L50, F|\n|poke|p2|Ogerpon-Wellspring, L50, F|\n|poke|p2|Tornadus, L50, M|\n|poke|p2|Chi-Yu, L50|\n|teampreview|4\n|inactive|Battle timer is ON: inactive players will automatically lose when time's up. (requested by falcon108)\n|j| Samevgcmons\n|inactive|falcon108 has 60 seconds left.\n|\n|t:|1739923978\n|start\n|switch|p1a: Tornadus|Tornadus, L50, M|100\/100\n|switch|p1b: Kyogre|Kyogre, L50|100\/100\n|switch|p2a: Tornadus|Tornadus, L50, M|100\/100\n|switch|p2b: Calyrex|Calyrex-Shadow, L50|100\/100\n|-ability|p2b: Calyrex|As One\n|-ability|p2b: Calyrex|Unnerve\n|-weather|RainDance|[from] ability: Drizzle|[of] p1b: Kyogre\n|turn|1\n|inactive|Iamsliverfish has 30 seconds left.\n|inactive|Iamsliverfish has 20 seconds left.\n|inactive|Iamsliverfish has 15 seconds left.\n|inactive|Iamsliverfish has 10 seconds left.\n|inactive|Iamsliverfish has 5 seconds left.\n|\n|t:|1739924030\n|switch|p2b: Ogerpon|Ogerpon-Wellspring, L50, F|100\/100\n|-terastallize|p1b: Kyogre|Water\n|move|p1a: Tornadus|Tailwind|p1a: Tornadus\n|-sidestart|p1: falcon108|move: Tailwind\n|move|p2a: Tornadus|Tailwind|p2a: Tornadus\n|-sidestart|p2: Iamsliverfish|move: Tailwind\n|move|p1b: Kyogre|Water Spout|p2a: Tornadus|[spread] p2a\n|-immune|p2b: Ogerpon|[from] ability: Water Absorb\n|-damage|p2a: Tornadus|0 fnt\n|faint|p2a: Tornadus\n|\n|-weather|RainDance|[upkeep]\n|upkeep\n|\n|t:|1739924035\n|switch|p2a: Calyrex|Calyrex-Shadow, L50|100\/100\n|-ability|p2a: Calyrex|As One\n|-ability|p2a: Calyrex|Unnerve\n|turn|2\n|\n|t:|1739924042\n|switch|p1b: Electabuzz|Electabuzz, L50, F|100\/100\n|move|p2a: Calyrex|Protect|p2a: Calyrex\n|-singleturn|p2a: Calyrex|Protect\n|move|p1a: Tornadus|Bleakwind Storm|p2b: Ogerpon|[spread] p2b\n|-activate|p2a: Calyrex|move: Protect\n|-supereffective|p2b: Ogerpon\n|-damage|p2b: Ogerpon|22\/100\n|move|p2b: Ogerpon|Horn Leech|p1b: Electabuzz\n|-damage|p1b: Electabuzz|66\/100\n|-heal|p2b: Ogerpon|39\/100|[from] drain|[of] p1b: Electabuzz\n|\n|-weather|RainDance|[upkeep]\n|upkeep\n|turn|3\n|\n|t:|1739924048\n|switch|p2b: Indeedee|Indeedee-F, L50, F|100\/100\n|-fieldstart|move: Psychic Terrain|[from] ability: Psychic Surge|[of] p2b: Indeedee\n|move|p1b: Electabuzz|Feint|p2b: Indeedee\n|-activate|p2b: Indeedee|move: Psychic Terrain\n|move|p2a: Calyrex|Expanding Force|p1a: Tornadus|[spread] p1a,p1b\n|-enditem|p1a: Tornadus|Focus Sash\n|-damage|p1a: Tornadus|1\/100\n|-damage|p1b: Electabuzz|0 fnt\n|faint|p1b: Electabuzz\n|-ability|p2a: Calyrex|Grim Neigh|boost\n|-boost|p2a: Calyrex|spa|1\n|-damage|p2a: Calyrex|91\/100|[from] item: Life Orb\n|move|p1a: Tornadus|Bleakwind Storm|p2a: Calyrex|[spread] p2a,p2b\n|-damage|p2a: Calyrex|54\/100\n|-damage|p2b: Indeedee|67\/100\n|-unboost|p2b: Indeedee|spe|1\n|\n|-weather|RainDance|[upkeep]\n|upkeep\n|\n|t:|1739924053\n|switch|p1b: Kyogre|Kyogre, L50, tera:Water|100\/100\n|turn|4\n|inactive|Iamsliverfish has 30 seconds left.\n|inactive|Iamsliverfish has 20 seconds left.\n|\n|t:|1739924089\n|move|p2a: Calyrex|Protect|p2a: Calyrex\n|-singleturn|p2a: Calyrex|Protect\n|move|p1b: Kyogre|Water Spout|p2b: Indeedee|[spread] p2b\n|-activate|p2a: Calyrex|move: Protect\n|-damage|p2b: Indeedee|0 fnt\n|faint|p2b: Indeedee\n|move|p1a: Tornadus|Bleakwind Storm|p2a: Calyrex\n|-activate|p2a: Calyrex|move: Protect\n|\n|-weather|RainDance|[upkeep]\n|-sideend|p1: falcon108|move: Tailwind\n|-sideend|p2: Iamsliverfish|move: Tailwind\n|upkeep\n|\n|t:|1739924091\n|switch|p2b: Ogerpon|Ogerpon-Wellspring, L50, F|39\/100\n|turn|5\n|\n|t:|1739924096\n|move|p2a: Calyrex|Protect||[still]\n|-fail|p2a: Calyrex\n|move|p1b: Kyogre|Water Spout|p2a: Calyrex|[spread] p2a\n|-heal|p2b: Ogerpon|63\/100|[from] ability: Water Absorb|[of] p1b: Kyogre\n|-damage|p2a: Calyrex|0 fnt\n|faint|p2a: Calyrex\n|move|p1a: Tornadus|Bleakwind Storm|p2b: Ogerpon\n|-supereffective|p2b: Ogerpon\n|-damage|p2b: Ogerpon|0 fnt\n|faint|p2b: Ogerpon\n|\n|win|falcon108\n|raw|falcon108's rating: 1628 &rarr; <strong>1650<\/strong><br \/>(+22 for winning)\n|raw|Iamsliverfish's rating: 1669 &rarr; <strong>1647<\/strong><br \/>(-22 for losing)\n|l|\u2606Iamsliverfish\n|player|p2|\n|l| Samevgcmons\n","uploadtime":1739924327,"views":8,"formatid":"gen9vgc2025regg","rating":1647,"private":0,"password":null}