{"id":"gen9vgc2025regg-2303610384","format":"[Gen 9] VGC 2025 Reg G","players":["ComradeClownVGC","ApoVGC"],"log":"|j|\u2606ComradeClownVGC\n|j|\u2606ApoVGC\n|t:|1739946522\n|gametype|doubles\n|player|p1|ComradeClownVGC|harlequin|1632\n|player|p2|ApoVGC|101|1646\n|teamsize|p1|6\n|teamsize|p2|6\n|gen|9\n|tier|[Gen 9] VGC 2025 Reg G\n|rated|\n|rule|Species Clause: Limit one of each Pok\u00e9mon\n|rule|Item Clause: Limit 1 of each item\n|clearpoke\n|poke|p1|Whimsicott, L50, M|\n|poke|p1|Okidogi, L50, M|\n|poke|p1|Arcanine-Hisui, L50, M|\n|poke|p1|Flutter Mane, L50|\n|poke|p1|Calyrex-Shadow, L50|\n|poke|p1|Chi-Yu, L50|\n|poke|p2|Calyrex-Shadow, L50|\n|poke|p2|Amoonguss, L50, F|\n|poke|p2|Tornadus, L50, M|\n|poke|p2|Indeedee-F, L50, F|\n|poke|p2|Urshifu-*, L50, M|\n|poke|p2|Chi-Yu, L50|\n|teampreview|4\n|inactive|Battle timer is ON: inactive players will automatically lose when time's up. (requested by ApoVGC)\n|\n|t:|1739946547\n|start\n|switch|p1a: Caulipower|Whimsicott, L50, M|100\/100\n|switch|p1b: Dogi Style|Okidogi, L50, M|100\/100\n|switch|p2a: Urshifu|Urshifu-Rapid-Strike, L50, M|100\/100\n|switch|p2b: Tornadus|Tornadus, L50, M|100\/100\n|turn|1\n|\n|t:|1739946566\n|-terastallize|p2a: Urshifu|Stellar\n|move|p1a: Caulipower|Tailwind|p1a: Caulipower\n|-sidestart|p1: ComradeClownVGC|move: Tailwind\n|move|p2b: Tornadus|Rain Dance|p2b: Tornadus\n|-weather|RainDance\n|move|p1b: Dogi Style|Drain Punch|p2a: Urshifu\n|-damage|p2a: Urshifu|54\/100\n|move|p2a: Urshifu|Surging Strikes|p1b: Dogi Style\n|-crit|p1b: Dogi Style\n|-damage|p1b: Dogi Style|62\/100\n|-crit|p1b: Dogi Style\n|-damage|p1b: Dogi Style|26\/100\n|-crit|p1b: Dogi Style\n|-damage|p1b: Dogi Style|0 fnt\n|faint|p1b: Dogi Style\n|-hitcount|p1: Dogi Style|3\n|\n|-weather|RainDance|[upkeep]\n|upkeep\n|\n|t:|1739946578\n|switch|p1b: Calyrex|Calyrex-Shadow, L50|100\/100\n|-ability|p1b: Calyrex|As One\n|-ability|p1b: Calyrex|Unnerve\n|turn|2\n|\n|t:|1739946598\n|switch|p2b: Indeedee|Indeedee-F, L50, F|100\/100\n|-fieldstart|move: Psychic Terrain|[from] ability: Psychic Surge|[of] p2b: Indeedee\n|-enditem|p2b: Indeedee|Psychic Seed\n|-boost|p2b: Indeedee|spd|1|[from] item: Psychic Seed\n|move|p1a: Caulipower|Encore|p2b: Indeedee\n|-activate|p2b: Indeedee|move: Psychic Terrain\n|move|p2a: Urshifu|Aqua Jet|p1b: Calyrex\n|-activate|p1b: Calyrex|move: Psychic Terrain\n|move|p1b: Calyrex|Astral Barrage|p2b: Indeedee|[spread] p2a\n|-immune|p2b: Indeedee\n|-damage|p2a: Urshifu|0 fnt\n|faint|p2a: Urshifu\n|-ability|p1b: Calyrex|Grim Neigh|boost\n|-boost|p1b: Calyrex|spa|1\n|-damage|p1b: Calyrex|91\/100|[from] item: Life Orb\n|\n|-weather|RainDance|[upkeep]\n|upkeep\n|\n|t:|1739946609\n|switch|p2a: Tornadus|Tornadus, L50, M|100\/100\n|turn|3\n|\n|t:|1739946619\n|move|p1a: Caulipower|Helping Hand|p1b: Calyrex\n|-singleturn|p1b: Calyrex|Helping Hand|[of] p1a: Caulipower\n|move|p2a: Tornadus|Tailwind|p2a: Tornadus\n|-sidestart|p2: ApoVGC|move: Tailwind\n|move|p1b: Calyrex|Pollen Puff|p2b: Indeedee\n|-supereffective|p2b: Indeedee\n|-damage|p2b: Indeedee|0 fnt\n|faint|p2b: Indeedee\n|-ability|p1b: Calyrex|Grim Neigh|boost\n|-boost|p1b: Calyrex|spa|1\n|-damage|p1b: Calyrex|81\/100|[from] item: Life Orb\n|\n|-weather|RainDance|[upkeep]\n|upkeep\n|\n|t:|1739946628\n|switch|p2b: Calyrex|Calyrex-Shadow, L50|100\/100\n|-ability|p2b: Calyrex|As One\n|-ability|p2b: Calyrex|Unnerve\n|turn|4\n|\n|t:|1739946640\n|-terastallize|p1b: Calyrex|Ghost\n|move|p2b: Calyrex|Protect|p2b: Calyrex\n|-singleturn|p2b: Calyrex|Protect\n|move|p1b: Calyrex|Astral Barrage|p2b: Calyrex|[spread] p2a\n|-activate|p2b: Calyrex|move: Protect\n|-damage|p2a: Tornadus|0 fnt\n|faint|p2a: Tornadus\n|-ability|p1b: Calyrex|Grim Neigh|boost\n|-boost|p1b: Calyrex|spa|1\n|-damage|p1b: Calyrex|71\/100|[from] item: Life Orb\n|move|p1a: Caulipower|Moonblast|p2b: Calyrex\n|-activate|p2b: Calyrex|move: Protect\n|\n|-weather|RainDance|[upkeep]\n|-sideend|p1: ComradeClownVGC|move: Tailwind\n|upkeep\n|turn|5\n|\n|t:|1739946659\n|move|p1a: Caulipower|Tailwind|p1a: Caulipower\n|-sidestart|p1: ComradeClownVGC|move: Tailwind\n|move|p2b: Calyrex|Astral Barrage|p1b: Calyrex|[spread] p1a,p1b\n|-supereffective|p1b: Calyrex\n|-enditem|p1a: Caulipower|Focus Sash\n|-damage|p1a: Caulipower|1\/100\n|-damage|p1b: Calyrex|0 fnt\n|faint|p1b: Calyrex\n|-ability|p2b: Calyrex|Grim Neigh|boost\n|-boost|p2b: Calyrex|spa|1\n|-damage|p2b: Calyrex|91\/100|[from] item: Life Orb\n|\n|-weather|none\n|upkeep\n|\n|t:|1739946669\n|switch|p1b: StylishDoggy|Arcanine-Hisui, L50, M, shiny|100\/100\n|-ability|p1b: StylishDoggy|Intimidate|boost\n|-unboost|p2b: Calyrex|atk|1\n|turn|6\n|\n|t:|1739946677\n|move|p1a: Caulipower|Helping Hand|p1b: StylishDoggy\n|-singleturn|p1b: StylishDoggy|Helping Hand|[of] p1a: Caulipower\n|move|p2b: Calyrex|Expanding Force|p1a: Caulipower|[spread] p1a,p1b\n|-damage|p1a: Caulipower|0 fnt\n|-damage|p1b: StylishDoggy|0 fnt\n|faint|p1a: Caulipower\n|faint|p1b: StylishDoggy\n|-damage|p2b: Calyrex|81\/100|[from] item: Life Orb\n|\n|win|ApoVGC\n|raw|ComradeClownVGC's rating: 1632 &rarr; <strong>1613<\/strong><br \/>(-19 for losing)\n|raw|ApoVGC's rating: 1646 &rarr; <strong>1665<\/strong><br \/>(+19 for winning)\n|l|\u2606ApoVGC\n|player|p2|\n","uploadtime":1739946698,"views":21,"formatid":"gen9vgc2025regg","rating":1613,"private":0,"password":null}