{"id":"gen9vgc2025regg-2303666754","format":"[Gen 9] VGC 2025 Reg G","players":["huyuplan","Chysial"],"log":"|j|\u2606huyuplan\n|j|\u2606Chysial\n|t:|1739957346\n|gametype|doubles\n|player|p1|huyuplan|lucas|1619\n|player|p2|Chysial|iris-gen5bw2|1540\n|teamsize|p1|6\n|teamsize|p2|6\n|gen|9\n|tier|[Gen 9] VGC 2025 Reg G\n|rated|\n|rule|Species Clause: Limit one of each Pok\u00e9mon\n|rule|Item Clause: Limit 1 of each item\n|clearpoke\n|poke|p1|Regidrago, L50|\n|poke|p1|Zacian-*, L50|\n|poke|p1|Farigiraf, L50, M|\n|poke|p1|Tornadus, L50, M|\n|poke|p1|Ditto, L50|\n|poke|p1|Chien-Pao, L50|\n|poke|p2|Terapagos, L50, M|\n|poke|p2|Tatsugiri-Droopy, L50, F|\n|poke|p2|Smeargle, L50, M|\n|poke|p2|Ogerpon-Hearthflame, L50, F|\n|poke|p2|Tornadus, L50, M|\n|poke|p2|Dondozo, L50, F|\n|teampreview|4\n|\n|t:|1739957395\n|start\n|switch|p1a: Tornadus|Tornadus, L50, M|100\/100\n|switch|p1b: Chien-Pao|Chien-Pao, L50|100\/100\n|switch|p2a: Smeargle|Smeargle, L50, M|100\/100\n|switch|p2b: Terapagos|Terapagos, L50, M|100\/100\n|-activate|p2b: Terapagos|ability: Tera Shift\n|detailschange|p2b: Terapagos|Terapagos-Terastal, L50, M\n|-heal|p2b: Terapagos|100\/100|[silent]\n|-ability|p1b: Chien-Pao|Sword of Ruin\n|turn|1\n|\n|t:|1739957435\n|-terastallize|p1b: Chien-Pao|Ghost\n|move|p2a: Smeargle|Fake Out|p1b: Chien-Pao\n|-immune|p1b: Chien-Pao\n|move|p1a: Tornadus|Taunt|p2a: Smeargle\n|-start|p2a: Smeargle|move: Taunt\n|move|p1b: Chien-Pao|Icicle Crash|p2b: Terapagos\n|-activate|p2b: Terapagos|ability: Tera Shell\n|-resisted|p2b: Terapagos\n|-damage|p2b: Terapagos|76\/100\n|move|p2b: Terapagos|Tera Starstorm|p1a: Tornadus\n|-damage|p1a: Tornadus|0 fnt\n|faint|p1a: Tornadus\n|\n|-ability|p2a: Smeargle|Moody|boost\n|-boost|p2a: Smeargle|atk|2\n|-unboost|p2a: Smeargle|def|1\n|upkeep\n|\n|t:|1739957461\n|switch|p1a: Zacian|Zacian-Crowned, L50|100\/100\n|-ability|p1a: Zacian|Intrepid Sword|boost\n|-boost|p1a: Zacian|atk|1\n|turn|2\n|\n|t:|1739957479\n|switch|p2a: Ogerpon|Ogerpon-Hearthflame, L50, F|100\/100\n|-ability|p2a: Ogerpon|Mold Breaker\n|switch|p2b: Tornadus|Tornadus, L50, M, shiny|100\/100\n|move|p1a: Zacian|Sacred Sword|p2b: Tornadus\n|-resisted|p2b: Tornadus\n|-damage|p2b: Tornadus|58\/100\n|move|p1b: Chien-Pao|Icicle Crash|p2a: Ogerpon\n|-damage|p2a: Ogerpon|35\/100\n|\n|upkeep\n|turn|3\n|j| waert8\n|\n|t:|1739957515\n|move|p1a: Zacian|Protect|p1a: Zacian\n|-singleturn|p1a: Zacian|Protect\n|move|p2a: Ogerpon|Spiky Shield|p2a: Ogerpon\n|-singleturn|p2a: Ogerpon|move: Protect\n|move|p2b: Tornadus|Tailwind|p2b: Tornadus\n|-sidestart|p2: Chysial|move: Tailwind\n|move|p1b: Chien-Pao|Icicle Crash|p2a: Ogerpon\n|-activate|p2a: Ogerpon|move: Protect\n|\n|upkeep\n|turn|4\n|\n|t:|1739957533\n|move|p1b: Chien-Pao|Sucker Punch|p2a: Ogerpon\n|-damage|p2a: Ogerpon|0 fnt\n|faint|p2a: Ogerpon\n|move|p2b: Tornadus|Bleakwind Storm|p1a: Zacian|[spread] p1a,p1b\n|-resisted|p1a: Zacian\n|-damage|p1a: Zacian|85\/100\n|-damage|p1b: Chien-Pao|42\/100\n|-unboost|p1b: Chien-Pao|spe|1\n|move|p1a: Zacian|Behemoth Blade|p2b: Tornadus\n|-damage|p2b: Tornadus|0 fnt\n|faint|p2b: Tornadus\n|\n|upkeep\n|\n|t:|1739957544\n|switch|p2a: Terapagos|Terapagos-Terastal, L50, M|76\/100\n|switch|p2b: Smeargle|Smeargle, L50, M|100\/100\n|turn|5\n|\n|t:|1739957567\n|-terastallize|p2a: Terapagos|Stellar\n|detailschange|p2a: Terapagos|Terapagos-Stellar, L50, M, tera:Stellar\n|-heal|p2a: Terapagos|83\/100|[silent]\n|move|p1a: Zacian|Protect|p1a: Zacian\n|-singleturn|p1a: Zacian|Protect\n|move|p1b: Chien-Pao|Sucker Punch|p2a: Terapagos\n|-damage|p2a: Terapagos|53\/100\n|move|p2b: Smeargle|Decorate|p2a: Terapagos\n|-boost|p2a: Terapagos|atk|2\n|-boost|p2a: Terapagos|spa|2\n|move|p2a: Terapagos|Tera Starstorm|p1a: Zacian|[spread] p1b\n|-activate|p1a: Zacian|move: Protect\n|-supereffective|p1b: Chien-Pao\n|-damage|p1b: Chien-Pao|0 fnt\n|faint|p1b: Chien-Pao\n|\n|-ability|p2b: Smeargle|Moody|boost\n|-boost|p2b: Smeargle|atk|2\n|-unboost|p2b: Smeargle|spd|1\n|upkeep\n|\n|t:|1739957588\n|switch|p1b: Regidrago|Regidrago, L50|100\/100\n|turn|6\n|\n|t:|1739957595\n|move|p1a: Zacian|Protect||[still]\n|-fail|p1a: Zacian\n|move|p1b: Regidrago|Protect|p1b: Regidrago\n|-singleturn|p1b: Regidrago|Protect\n|move|p2b: Smeargle|Decorate|p2a: Terapagos\n|-boost|p2a: Terapagos|atk|2\n|-boost|p2a: Terapagos|spa|2\n|move|p2a: Terapagos|Tera Starstorm|p1a: Zacian|[spread] p1a\n|-activate|p1b: Regidrago|move: Protect\n|-damage|p1a: Zacian|0 fnt\n|faint|p1a: Zacian\n|\n|-sideend|p2: Chysial|move: Tailwind\n|-ability|p2b: Smeargle|Moody|boost\n|-boost|p2b: Smeargle|spa|2\n|-unboost|p2b: Smeargle|spe|1\n|upkeep\n|turn|7\n|j| Hachibam\n|\n|t:|1739957614\n|move|p2a: Terapagos|Tera Starstorm|p1b: Regidrago\n|-damage|p1b: Regidrago|0 fnt\n|faint|p1b: Regidrago\n|\n|win|Chysial\n|raw|huyuplan's rating: 1619 &rarr; <strong>1595<\/strong><br \/>(-24 for losing)\n|raw|Chysial's rating: 1540 &rarr; <strong>1564<\/strong><br \/>(+24 for winning)\n|l| waert8\n|l| Hachibam\n|l|\u2606huyuplan\n|player|p1|\n|l|\u2606Chysial\n|player|p2|\n","uploadtime":1739957853,"views":5,"formatid":"gen9vgc2025regg","rating":1564,"private":0,"password":null}