{"id":"gen9vgc2025regg-2303180409","format":"[Gen 9] VGC 2025 Reg G","players":["Dimonutive","ginopollo"],"log":"|j|\u2606Dimonutive\n|j|\u2606ginopollo\n|t:|1739895565\n|gametype|doubles\n|player|p1|Dimonutive|li|1524\n|player|p2|ginopollo|1|1550\n|teamsize|p1|6\n|teamsize|p2|6\n|gen|9\n|tier|[Gen 9] VGC 2025 Reg G\n|rated|\n|rule|Species Clause: Limit one of each Pok\u00e9mon\n|rule|Item Clause: Limit 1 of each item\n|clearpoke\n|poke|p1|Terapagos, L50, M|\n|poke|p1|Grimmsnarl, L50, M|\n|poke|p1|Sinistcha, L50|\n|poke|p1|Cresselia, L50, F|\n|poke|p1|Okidogi, L50, M|\n|poke|p1|Landorus-Therian, L50, M|\n|poke|p2|Raging Bolt, L50|\n|poke|p2|Urshifu-*, L50, F|\n|poke|p2|Calyrex-Ice, L50|\n|poke|p2|Incineroar, L50, M|\n|poke|p2|Amoonguss, L50, F|\n|poke|p2|Landorus, L50, M|\n|teampreview|4\n|j| Easy180\n|j| donteatfiber\nginopollo has agreed to open team sheets.\n|inactive|Battle timer is ON: inactive players will automatically lose when time's up. (requested by Dimonutive)\n|j| Eggy068\n|c|\u2606Dimonutive|welcome villagers\n|inactive|ginopollo has 60 seconds left.\n|inactive|ginopollo has 30 seconds left.\n|inactive|ginopollo has 20 seconds left.\n|inactive|ginopollo has 15 seconds left.\n|inactive|ginopollo has 10 seconds left.\n|inactive|ginopollo has 5 seconds left.\n|\n|t:|1739895666\n|start\n|switch|p1a: Terapagos|Terapagos, L50, M|100\/100\n|switch|p1b: Grimmsnarl|Grimmsnarl, L50, M|100\/100\n|switch|p2a: Calyrex|Calyrex-Ice, L50|100\/100\n|switch|p2b: Raging Bolt|Raging Bolt, L50|100\/100\n|-activate|p1a: Terapagos|ability: Tera Shift\n|detailschange|p1a: Terapagos|Terapagos-Terastal, L50, M\n|-heal|p1a: Terapagos|100\/100|[silent]\n|-ability|p2a: Calyrex|As One\n|-ability|p2a: Calyrex|Unnerve\n|turn|1\n|inactive|ginopollo has 30 seconds left.\n|l| donteatfiber\n|inactive|ginopollo has 20 seconds left.\n|\n|t:|1739895704\n|move|p1b: Grimmsnarl|Fake Out|p2a: Calyrex\n|-damage|p2a: Calyrex|94\/100\n|move|p1a: Terapagos|Calm Mind|p1a: Terapagos\n|-boost|p1a: Terapagos|spa|1\n|-boost|p1a: Terapagos|spd|1\n|move|p2b: Raging Bolt|Thunderbolt|p1b: Grimmsnarl\n|-damage|p1b: Grimmsnarl|57\/100\n|cant|p2a: Calyrex|flinch\n|\n|upkeep\n|turn|2\n|\n|t:|1739895715\n|-terastallize|p1a: Terapagos|Stellar\n|detailschange|p1a: Terapagos|Terapagos-Stellar, L50, M, tera:Stellar\n|-heal|p1a: Terapagos|100\/100|[silent]\n|move|p1a: Terapagos|Tera Starstorm|p2b: Raging Bolt|[spread] p2a,p2b\n|-damage|p2a: Calyrex|57\/100\n|-damage|p2b: Raging Bolt|73\/100\n|move|p2b: Raging Bolt|Snarl|p1a: Terapagos|[spread] p1a,p1b\n|-resisted|p1b: Grimmsnarl\n|-damage|p1a: Terapagos|94\/100\n|-damage|p1b: Grimmsnarl|54\/100\n|-unboost|p1b: Grimmsnarl|spa|1\n|move|p1b: Grimmsnarl|Foul Play|p2a: Calyrex\n|-supereffective|p2a: Calyrex\n|-damage|p2a: Calyrex|0 fnt\n|faint|p2a: Calyrex\n|\n|upkeep\n|\n|t:|1739895731\n|switch|p2a: Amoonguss|Amoonguss, L50, F|100\/100\n|turn|3\n|\n|t:|1739895748\n|move|p1b: Grimmsnarl|Parting Shot|p2b: Raging Bolt\n|-unboost|p2b: Raging Bolt|atk|1\n|-unboost|p2b: Raging Bolt|spa|1\n|\n|t:|1739895751\n|switch|p1b: Cresselia|Cresselia, L50, F|100\/100|[from] Parting Shot\n|move|p1a: Terapagos|Calm Mind|p1a: Terapagos\n|-boost|p1a: Terapagos|spa|1\n|-boost|p1a: Terapagos|spd|1\n|move|p2b: Raging Bolt|Thunderbolt|p1b: Cresselia\n|-damage|p1b: Cresselia|80\/100\n|move|p2a: Amoonguss|Spore|p1a: Terapagos\n|-status|p1a: Terapagos|slp|[from] move: Spore\n|\n|upkeep\n|turn|4\n|\n|t:|1739895765\n|-end|p2b: Raging Bolt|Protosynthesis|[silent]\n|switch|p2b: Urshifu|Urshifu-Rapid-Strike, L50, F|100\/100\n|-terastallize|p2a: Amoonguss|Water\n|move|p1b: Cresselia|Lunar Blessing|p1b: Cresselia|[spread] p1a,p1b\n|-heal|p1a: Terapagos|100\/100 slp\n|-curestatus|p1a: Terapagos|slp|[msg]\n|-heal|p1b: Cresselia|100\/100\n|move|p1a: Terapagos|Flamethrower|p2a: Amoonguss\n|-resisted|p2a: Amoonguss\n|-damage|p2a: Amoonguss|68\/100\n|move|p2a: Amoonguss|Spore|p1b: Cresselia\n|-activate|p1b: Cresselia|item: Safety Goggles|Spore\n|\n|upkeep\n|turn|5\n|inactive|ginopollo has 30 seconds left.\n|inactive|ginopollo has 20 seconds left.\n|inactive|ginopollo has 15 seconds left.\n|inactive|ginopollo has 10 seconds left.\n|\n|t:|1739895812\n|move|p2b: Urshifu|Detect|p2b: Urshifu\n|-singleturn|p2b: Urshifu|Protect\n|move|p2a: Amoonguss|Protect|p2a: Amoonguss\n|-singleturn|p2a: Amoonguss|Protect\n|move|p1b: Cresselia|Ally Switch|p1b: Cresselia\n|swap|p1b: Cresselia|0|[from] move: Ally Switch\n|move|p1b: Terapagos|Tera Starstorm|p2b: Urshifu|[spread] \n|-activate|p2a: Amoonguss|move: Protect\n|-activate|p2b: Urshifu|move: Protect\n|\n|upkeep\n|turn|6\n|\n|t:|1739895836\n|move|p2b: Urshifu|Close Combat|p1b: Terapagos\n|-supereffective|p1b: Terapagos\n|-damage|p1b: Terapagos|23\/100\n|-unboost|p2b: Urshifu|def|1\n|-unboost|p2b: Urshifu|spd|1\n|move|p1a: Cresselia|Moonblast|p2b: Urshifu\n|-supereffective|p2b: Urshifu\n|-damage|p2b: Urshifu|24\/100\n|move|p1b: Terapagos|Tera Starstorm|p2b: Urshifu|[spread] p2a,p2b\n|-supereffective|p2a: Amoonguss\n|-damage|p2a: Amoonguss|0 fnt\n|-damage|p2b: Urshifu|0 fnt\n|faint|p2a: Amoonguss\n|faint|p2b: Urshifu\n|\n|upkeep\n|\n|t:|1739895847\n|switch|p2b: Raging Bolt|Raging Bolt, L50|73\/100\n|turn|7\n|l| Easy180\n|\n|t:|1739895853\n|move|p1b: Terapagos|Protect|p1b: Terapagos\n|-singleturn|p1b: Terapagos|Protect\n|move|p1a: Cresselia|Lunar Blessing|p1a: Cresselia|[spread] p1a,p1b\n|-heal|p1b: Terapagos|48\/100\n|move|p2b: Raging Bolt|Thunderbolt|p1a: Cresselia\n|-damage|p1a: Cresselia|73\/100\n|\n|upkeep\n|turn|8\n|l| Eggy068\n|j| Easy180\n|\n|t:|1739895864\n|move|p1a: Cresselia|Lunar Blessing|p1a: Cresselia|[spread] p1a,p1b\n|-heal|p1a: Cresselia|98\/100\n|-heal|p1b: Terapagos|73\/100\n|move|p1b: Terapagos|Tera Starstorm|p2b: Raging Bolt\n|-damage|p2b: Raging Bolt|28\/100\n|move|p2b: Raging Bolt|Thunderbolt|p1b: Terapagos\n|-damage|p1b: Terapagos|57\/100\n|\n|upkeep\n|turn|9\n|\n|t:|1739895872\n|move|p1a: Cresselia|Lunar Blessing|p1a: Cresselia|[spread] p1a,p1b\n|-heal|p1a: Cresselia|100\/100\n|-heal|p1b: Terapagos|82\/100\n|move|p1b: Terapagos|Tera Starstorm|p2b: Raging Bolt\n|-damage|p2b: Raging Bolt|0 fnt\n|faint|p2b: Raging Bolt\n|-end|p2b: Raging Bolt|Protosynthesis|[silent]\n|\n|win|Dimonutive\n|raw|Dimonutive's rating: 1524 &rarr; <strong>1545<\/strong><br \/>(+21 for winning)\n|raw|ginopollo's rating: 1550 &rarr; <strong>1529<\/strong><br \/>(-21 for losing)\n|l|\u2606Dimonutive\n|player|p1|\n|l|\u2606ginopollo\n|player|p2|\n","uploadtime":1739895877,"views":18,"formatid":"gen9vgc2025regg","rating":1529,"private":0,"password":null}