{"id":"gen9vgc2025regg-2303538976","format":"[Gen 9] VGC 2025 Reg G","players":["Kaicyios","evilest twink"],"log":"|j|\u2606Kaicyios\n|j|\u2606evilest twink\n|t:|1739934733\n|gametype|doubles\n|player|p1|Kaicyios|170|1550\n|player|p2|evilest twink|grimsley-masters|1630\n|teamsize|p1|6\n|teamsize|p2|6\n|gen|9\n|tier|[Gen 9] VGC 2025 Reg G\n|rated|\n|rule|Species Clause: Limit one of each Pok\u00e9mon\n|rule|Item Clause: Limit 1 of each item\n|clearpoke\n|poke|p1|Groudon, L50|\n|poke|p1|Chi-Yu, L50|\n|poke|p1|Raging Bolt, L50|\n|poke|p1|Whimsicott, L50, F|\n|poke|p1|Armarouge, L50, M|\n|poke|p1|Indeedee-F, L50, F|\n|poke|p2|Calyrex-Shadow, L50|\n|poke|p2|Urshifu-*, L50, F|\n|poke|p2|Indeedee-F, L50, F|\n|poke|p2|Ogerpon-Hearthflame, L50, F|\n|poke|p2|Whimsicott, L50, F|\n|poke|p2|Regidrago, L50|\n|teampreview|4\n|inactive|Battle timer is ON: inactive players will automatically lose when time's up. (requested by evilest twink)\n|j| Eggy068\n|inactive|Kaicyios has 60 seconds left.\n|\n|t:|1739934771\n|start\n|switch|p1a: Indeedee|Indeedee-F, L50, F|100\/100\n|switch|p1b: Groudon|Groudon, L50|100\/100\n|switch|p2a: Ogerpon|Ogerpon-Hearthflame, L50, F|100\/100\n|switch|p2b: Whimsicott|Whimsicott, L50, F|100\/100\n|-ability|p2a: Ogerpon|Mold Breaker\n|-weather|SunnyDay|[from] ability: Drought|[of] p1b: Groudon\n|-fieldstart|move: Psychic Terrain|[from] ability: Psychic Surge|[of] p1a: Indeedee\n|-enditem|p1a: Indeedee|Psychic Seed\n|-boost|p1a: Indeedee|spd|1|[from] item: Psychic Seed\n|turn|1\n|inactive|Kaicyios has 30 seconds left.\n|inactive|evilest twink has 30 seconds left.\n|\n|t:|1739934804\n|-terastallize|p1b: Groudon|Fire\n|move|p2b: Whimsicott|Tailwind|p2b: Whimsicott\n|-sidestart|p2: evilest twink|move: Tailwind\n|move|p2a: Ogerpon|Ivy Cudgel|p1b: Groudon|[anim] Ivy Cudgel Fire\n|-resisted|p1b: Groudon\n|-crit|p1b: Groudon\n|-damage|p1b: Groudon|55\/100\n|move|p1b: Groudon|Precipice Blades|p2a: Ogerpon|[spread] p2a,p2b\n|-resisted|p2b: Whimsicott\n|-damage|p2a: Ogerpon|33\/100\n|-damage|p2b: Whimsicott|63\/100\n|move|p1a: Indeedee|Trick Room|p1a: Indeedee\n|-fieldstart|move: Trick Room|[of] p1a: Indeedee\n|\n|-weather|SunnyDay|[upkeep]\n|upkeep\n|turn|2\n|\n|t:|1739934821\n|move|p2a: Ogerpon|Spiky Shield|p2a: Ogerpon\n|-singleturn|p2a: Ogerpon|move: Protect\n|move|p1a: Indeedee|Psychic|p2a: Ogerpon\n|-activate|p2a: Ogerpon|move: Protect\n|move|p1b: Groudon|Heat Crash|p2b: Whimsicott\n|-supereffective|p2b: Whimsicott\n|-damage|p2b: Whimsicott|0 fnt\n|faint|p2b: Whimsicott\n|\n|-weather|SunnyDay|[upkeep]\n|upkeep\n|\n|t:|1739934829\n|switch|p2b: Calyrex|Calyrex-Shadow, L50|100\/100\n|-ability|p2b: Calyrex|As One\n|-ability|p2b: Calyrex|Unnerve\n|turn|3\n|\n|t:|1739934837\n|switch|p2a: Urshifu|Urshifu-Rapid-Strike, L50, F|100\/100\n|move|p1a: Indeedee|Helping Hand|p1b: Groudon\n|-singleturn|p1b: Groudon|Helping Hand|[of] p1a: Indeedee\n|move|p2b: Calyrex|Protect|p2b: Calyrex\n|-singleturn|p2b: Calyrex|Protect\n|move|p1b: Groudon|Precipice Blades|p2b: Calyrex|[spread] \n|-activate|p2b: Calyrex|move: Protect\n|-miss|p1b: Groudon|p2a: Urshifu\n|\n|-weather|SunnyDay|[upkeep]\n|upkeep\n|turn|4\n|\n|t:|1739934860\n|move|p1a: Indeedee|Psychic|p2a: Urshifu\n|-supereffective|p2a: Urshifu\n|-damage|p2a: Urshifu|0 fnt\n|faint|p2a: Urshifu\n|move|p1b: Groudon|Precipice Blades|p2b: Calyrex\n|-enditem|p2b: Calyrex|Focus Sash\n|-damage|p2b: Calyrex|1\/100\n|move|p2b: Calyrex|Expanding Force|p1b: Groudon|[spread] p1a,p1b\n|-resisted|p1a: Indeedee\n|-damage|p1a: Indeedee|79\/100\n|-damage|p1b: Groudon|5\/100\n|\n|-weather|SunnyDay|[upkeep]\n|-sideend|p2: evilest twink|move: Tailwind\n|upkeep\n|\n|t:|1739934870\n|switch|p2a: Ogerpon|Ogerpon-Hearthflame, L50, F|33\/100\n|-ability|p2a: Ogerpon|Mold Breaker\n|turn|5\n|inactive|Kaicyios has 30 seconds left.\n|\n|t:|1739934896\n|switch|p1a: Armarouge|Armarouge, L50, M|100\/100\n|-enditem|p1a: Armarouge|Room Service\n|-unboost|p1a: Armarouge|spe|1|[from] item: Room Service\n|move|p2a: Ogerpon|Spiky Shield|p2a: Ogerpon\n|-singleturn|p2a: Ogerpon|move: Protect\n|move|p2b: Calyrex|Protect|p2b: Calyrex\n|-singleturn|p2b: Calyrex|Protect\n|move|p1b: Groudon|Precipice Blades|p2b: Calyrex|[spread] \n|-activate|p2a: Ogerpon|move: Protect\n|-activate|p2b: Calyrex|move: Protect\n|\n|-weather|none\n|-fieldend|move: Trick Room\n|-fieldend|move: Psychic Terrain\n|upkeep\n|turn|6\n|inactive|Kaicyios has 30 seconds left.\n|inactive|Kaicyios has 20 seconds left.\n|inactive|Kaicyios has 15 seconds left.\n|inactive|Kaicyios has 10 seconds left.\n|\n|t:|1739934941\n|move|p1a: Armarouge|Wide Guard|p1a: Armarouge\n|-singleturn|p1a: Armarouge|Wide Guard\n|move|p2b: Calyrex|Astral Barrage|p1a: Armarouge|[spread] \n|-activate|p1a: Armarouge|move: Wide Guard\n|-activate|p1b: Groudon|move: Wide Guard\n|move|p2a: Ogerpon|Ivy Cudgel|p1b: Groudon|[anim] Ivy Cudgel Fire\n|-resisted|p1b: Groudon\n|-crit|p1b: Groudon\n|-damage|p1b: Groudon|0 fnt\n|faint|p1b: Groudon\n|\n|upkeep\n|\n|t:|1739934955\n|switch|p1b: Indeedee|Indeedee-F, L50, F|79\/100\n|-fieldstart|move: Psychic Terrain|[from] ability: Psychic Surge|[of] p1b: Indeedee\n|turn|7\n|\n|t:|1739934966\n|-terastallize|p2a: Ogerpon|Fire\n|detailschange|p2a: Ogerpon|Ogerpon-Hearthflame-Tera, L50, F, tera:Fire\n|-ability|p2a: Ogerpon|Embody Aspect (Hearthflame)|boost\n|-boost|p2a: Ogerpon|atk|1\n|move|p1a: Armarouge|Wide Guard|p1a: Armarouge\n|-singleturn|p1a: Armarouge|Wide Guard\n|move|p2b: Calyrex|Astral Barrage|p1a: Armarouge|[spread] \n|-activate|p1a: Armarouge|move: Wide Guard\n|-activate|p1b: Indeedee|move: Wide Guard\n|move|p2a: Ogerpon|Ivy Cudgel|p1b: Indeedee|[anim] Ivy Cudgel Fire\n|-damage|p1b: Indeedee|0 fnt\n|faint|p1b: Indeedee\n|\n|upkeep\n|\n|t:|1739934982\n|switch|p1b: Chi-Yu|Chi-Yu, L50|100\/100\n|-ability|p1b: Chi-Yu|Beads of Ruin\n|turn|8\n|\n|t:|1739934991\n|move|p1a: Armarouge|Wide Guard|p1a: Armarouge\n|-singleturn|p1a: Armarouge|Wide Guard\n|move|p2b: Calyrex|Astral Barrage|p1a: Armarouge|[spread] \n|-activate|p1a: Armarouge|move: Wide Guard\n|-activate|p1b: Chi-Yu|move: Wide Guard\n|move|p2a: Ogerpon|Ivy Cudgel|p1b: Chi-Yu|[anim] Ivy Cudgel Fire\n|-resisted|p1b: Chi-Yu\n|-damage|p1b: Chi-Yu|23\/100\n|move|p1b: Chi-Yu|Heat Wave|p2a: Ogerpon|[spread] p2a,p2b\n|-resisted|p2a: Ogerpon\n|-damage|p2a: Ogerpon|0 fnt\n|-damage|p2b: Calyrex|0 fnt\n|faint|p2a: Ogerpon\n|faint|p2b: Calyrex\n|\n|win|Kaicyios\n|raw|Kaicyios's rating: 1550 &rarr; <strong>1575<\/strong><br \/>(+25 for winning)\n|raw|evilest twink's rating: 1630 &rarr; <strong>1605<\/strong><br \/>(-25 for losing)\n","uploadtime":1739935016,"views":18,"formatid":"gen9vgc2025regg","rating":1575,"private":0,"password":null}