{"id":"gen9vgc2025regg-2303786033","format":"[Gen 9] VGC 2025 Reg G","players":["aveorni","WolfMane"],"log":"|j|\u2606aveorni\n|j|\u2606WolfMane\n|t:|1739975339\n|gametype|doubles\n|player|p1|aveorni|ghetsis|1617\n|player|p2|WolfMane|265|1507\n|teamsize|p1|6\n|teamsize|p2|6\n|gen|9\n|tier|[Gen 9] VGC 2025 Reg G\n|rated|\n|rule|Species Clause: Limit one of each Pok\u00e9mon\n|rule|Item Clause: Limit 1 of each item\n|clearpoke\n|poke|p1|Ting-Lu, L50|\n|poke|p1|Calyrex-Shadow, L50|\n|poke|p1|Dondozo, L50, M|\n|poke|p1|Weezing-Galar, L50, M|\n|poke|p1|Indeedee-F, L50, F|\n|poke|p1|Tatsugiri-Droopy, L50, F|\n|poke|p2|Terapagos, L50, M|\n|poke|p2|Urshifu-*, L50, F|\n|poke|p2|Ogerpon-Hearthflame, L50, F|\n|poke|p2|Flutter Mane, L50|\n|poke|p2|Amoonguss, L50, F|\n|poke|p2|Iron Hands, L50|\n|teampreview|4\n|inactive|Battle timer is ON: inactive players will automatically lose when time's up. (requested by aveorni)\n|c|\u2606aveorni|glhf\n|inactive|WolfMane has 60 seconds left.\naveorni has agreed to open team sheets.\n|\n|t:|1739975378\n|start\n|switch|p1a: horse|Calyrex-Shadow, L50|100\/100\n|switch|p1b: fartn\u00b4t|Indeedee-F, L50, F|100\/100\n|switch|p2a: Flutter Mane|Flutter Mane, L50|100\/100\n|switch|p2b: Terapagos|Terapagos, L50, M|100\/100\n|-activate|p2b: Terapagos|ability: Tera Shift\n|detailschange|p2b: Terapagos|Terapagos-Terastal, L50, M\n|-heal|p2b: Terapagos|100\/100|[silent]\n|-ability|p1a: horse|As One\n|-ability|p1a: horse|Unnerve\n|-fieldstart|move: Psychic Terrain|[from] ability: Psychic Surge|[of] p1b: fartn\u00b4t\n|-enditem|p2a: Flutter Mane|Booster Energy\n|-activate|p2a: Flutter Mane|ability: Protosynthesis|[fromitem]\n|-start|p2a: Flutter Mane|protosynthesisspe\n|turn|1\n|j| alegamer2004\n|inactive|WolfMane has 30 seconds left.\n|\n|t:|1739975404\n|switch|p1b: fart|Weezing-Galar, L50, M|100\/100\n|-ability|p1b: fart|Neutralizing Gas\n|-terastallize|p2b: Terapagos|Stellar\n|detailschange|p2b: Terapagos|Terapagos-Stellar, L50, M, tera:Stellar\n|-heal|p2b: Terapagos|100\/100|[silent]\n|move|p1a: horse|Expanding Force|p2a: Flutter Mane|[spread] p2a,p2b\n|-damage|p2a: Flutter Mane|13\/100\n|-damage|p2b: Terapagos|41\/100\n|-damage|p1a: horse|91\/100|[from] item: Life Orb\n|move|p2a: Flutter Mane|Taunt|p1b: fart\n|-start|p1b: fart|move: Taunt\n|move|p2b: Terapagos|Meteor Beam||[still]\n|-prepare|p2b: Terapagos|Meteor Beam\n|-boost|p2b: Terapagos|spa|1\n|-enditem|p2b: Terapagos|Power Herb\n|-anim|p2b: Terapagos|Meteor Beam|p1a: horse\n|-damage|p1a: horse|10\/100\n|\n|upkeep\n|turn|2\n|inactive|WolfMane has 30 seconds left.\n|\n|t:|1739975439\n|-end|p2a: Flutter Mane|Protosynthesis|[silent]\n|switch|p2a: Urshifu|Urshifu-Rapid-Strike, L50, F|100\/100\n|move|p2b: Terapagos|Protect|p2b: Terapagos\n|-singleturn|p2b: Terapagos|Protect\n|move|p1a: horse|Expanding Force|p2b: Terapagos|[spread] p2a\n|-activate|p2b: Terapagos|move: Protect\n|-supereffective|p2a: Urshifu\n|-enditem|p2a: Urshifu|Focus Sash\n|-damage|p2a: Urshifu|1\/100\n|-damage|p1a: horse|0 fnt|[from] item: Life Orb\n|faint|p1a: horse\n|move|p1b: fart|Dazzling Gleam|p2b: Terapagos|[spread] p2a\n|-activate|p2b: Terapagos|move: Protect\n|-supereffective|p2a: Urshifu\n|-damage|p2a: Urshifu|0 fnt\n|faint|p2a: Urshifu\n|\n|upkeep\n|\n|t:|1739975457\n|switch|p1a: cow with bowl|Ting-Lu, L50|100\/100\n|switch|p2a: Flutter Mane|Flutter Mane, L50|13\/100\n|turn|3\n|\n|t:|1739975466\n|move|p1a: cow with bowl|Protect|p1a: cow with bowl\n|-singleturn|p1a: cow with bowl|Protect\n|move|p2a: Flutter Mane|Moonblast|p1a: cow with bowl\n|-activate|p1a: cow with bowl|move: Protect\n|move|p2b: Terapagos|Tera Starstorm|p1b: fart|[spread] p1b\n|-activate|p1a: cow with bowl|move: Protect\n|-damage|p1b: fart|12\/100\n|move|p1b: fart|Dazzling Gleam|p2b: Terapagos|[spread] p2a,p2b\n|-damage|p2a: Flutter Mane|0 fnt\n|-damage|p2b: Terapagos|24\/100\n|faint|p2a: Flutter Mane\n|-end|p2a: Flutter Mane|Protosynthesis|[silent]\n|\n|-end|p1b: fart|move: Taunt\n|upkeep\n|\n|t:|1739975482\n|switch|p2a: Ogerpon|Ogerpon-Hearthflame, L50, F|100\/100\n|turn|4\n|\n|t:|1739975501\n|move|p1b: fart|Protect|p1b: fart\n|-singleturn|p1b: fart|Protect\n|move|p2a: Ogerpon|Wood Hammer|p1a: cow with bowl\n|-supereffective|p1a: cow with bowl\n|-damage|p1a: cow with bowl|32\/100\n|-damage|p2a: Ogerpon|69\/100|[from] Recoil\n|move|p2b: Terapagos|Tera Starstorm|p1a: cow with bowl|[spread] p1a\n|-activate|p1b: fart|move: Protect\n|-damage|p1a: cow with bowl|0 fnt\n|faint|p1a: cow with bowl\n|\n|upkeep\n|\n|t:|1739975510\n|switch|p1a: fartn\u00b4t|Indeedee-F, L50, F|100\/100\n|turn|5\n|\n|t:|1739975521\n|move|p2a: Ogerpon|Wood Hammer|p1a: fartn\u00b4t\n|-damage|p1a: fartn\u00b4t|36\/100\n|-damage|p2a: Ogerpon|52\/100|[from] item: Rocky Helmet|[of] p1a: fartn\u00b4t\n|-damage|p2a: Ogerpon|32\/100|[from] Recoil\n|move|p2b: Terapagos|Tera Starstorm|p1a: fartn\u00b4t|[spread] p1a,p1b\n|-damage|p1a: fartn\u00b4t|0 fnt\n|-damage|p1b: fart|0 fnt\n|faint|p1a: fartn\u00b4t\n|faint|p1b: fart\n|-end|p1b: fart|ability: Neutralizing Gas\n|-ability|p2a: Ogerpon|Mold Breaker\n|\n|win|WolfMane\n|raw|aveorni's rating: 1617 &rarr; <strong>1591<\/strong><br \/>(-26 for losing)\n|raw|WolfMane's rating: 1507 &rarr; <strong>1533<\/strong><br \/>(+26 for winning)\n|l|\u2606aveorni\n|player|p1|\n|l|\u2606WolfMane\n|player|p2|\n|l| alegamer2004\n","uploadtime":1739975720,"views":5,"formatid":"gen9vgc2025regg","rating":1533,"private":0,"password":null}