{"id":"gen9vgc2025regg-2303912919","format":"[Gen 9] VGC 2025 Reg G","players":["wallabit g","gholdandgohome"],"log":"|j|\u2606wallabit g\n|j|\u2606gholdandgohome\n|t:|1739988256\n|gametype|doubles\n|player|p1|wallabit g|dawn-gen4pt|1605\n|player|p2|gholdandgohome|1|1680\n|teamsize|p1|6\n|teamsize|p2|6\n|gen|9\n|tier|[Gen 9] VGC 2025 Reg G\n|rated|\n|rule|Species Clause: Limit one of each Pok\u00e9mon\n|rule|Item Clause: Limit 1 of each item\n|clearpoke\n|poke|p1|Calyrex-Shadow, L50|\n|poke|p1|Ogerpon-Hearthflame, L50, F|\n|poke|p1|Urshifu-*, L50, F|\n|poke|p1|Indeedee-F, L50, F|\n|poke|p1|Mienshao, L50, M|\n|poke|p1|Rillaboom, L50, F|\n|poke|p2|Chien-Pao, L50|\n|poke|p2|Miraidon, L50|\n|poke|p2|Whimsicott, L50, M|\n|poke|p2|Entei, L50|\n|poke|p2|Iron Hands, L50|\n|poke|p2|Iron Treads, L50|\n|teampreview|4\n|inactive|Battle timer is ON: inactive players will automatically lose when time's up. (requested by gholdandgohome)\n|inactive|wallabit g also wants the timer to be on.\n|\n|t:|1739988290\n|start\n|switch|p1a: Indeedee|Indeedee-F, L50, F|100\/100\n|switch|p1b: Calyrex|Calyrex-Shadow, L50|100\/100\n|switch|p2a: Chien-Pao|Chien-Pao, L50|100\/100\n|switch|p2b: Entei|Entei, L50|100\/100\n|-ability|p1b: Calyrex|As One\n|-ability|p1b: Calyrex|Unnerve\n|-ability|p2a: Chien-Pao|Sword of Ruin\n|-fieldstart|move: Psychic Terrain|[from] ability: Psychic Surge|[of] p1a: Indeedee\n|turn|1\n|\n|t:|1739988300\n|-terastallize|p1a: Indeedee|Water\n|move|p1a: Indeedee|Follow Me|p1a: Indeedee\n|-singleturn|p1a: Indeedee|move: Follow Me\n|move|p2a: Chien-Pao|Icicle Crash|p1a: Indeedee\n|-resisted|p1a: Indeedee\n|-damage|p1a: Indeedee|74\/100\n|move|p1b: Calyrex|Nasty Plot|p1b: Calyrex\n|-boost|p1b: Calyrex|spa|2\n|move|p2b: Entei|Sacred Fire|p1a: Indeedee\n|-resisted|p1a: Indeedee\n|-damage|p1a: Indeedee|22\/100\n|\n|upkeep\n|turn|2\n|\n|t:|1739988321\n|-terastallize|p2b: Entei|Normal\n|move|p1a: Indeedee|Follow Me|p1a: Indeedee\n|-singleturn|p1a: Indeedee|move: Follow Me\n|move|p2a: Chien-Pao|Icicle Crash|p1a: Indeedee\n|-resisted|p1a: Indeedee\n|-damage|p1a: Indeedee|0 fnt\n|faint|p1a: Indeedee\n|move|p1b: Calyrex|Astral Barrage|p2b: Entei|[spread] p2a\n|-immune|p2b: Entei\n|-resisted|p2a: Chien-Pao\n|-enditem|p2a: Chien-Pao|Focus Sash\n|-damage|p2a: Chien-Pao|1\/100\n|-damage|p1b: Calyrex|91\/100|[from] item: Life Orb\n|move|p2b: Entei|Sacred Fire|p1b: Calyrex\n|-damage|p1b: Calyrex|0 fnt\n|faint|p1b: Calyrex\n|\n|upkeep\n|\n|t:|1739988333\n|switch|p1b: Urshifu|Urshifu-Rapid-Strike, L50, F|100\/100\n|switch|p1a: Ogerpon|Ogerpon-Hearthflame, L50, F|100\/100\n|-ability|p1a: Ogerpon|Mold Breaker\n|turn|3\n|\n|t:|1739988353\n|move|p1a: Ogerpon|Spiky Shield|p1a: Ogerpon\n|-singleturn|p1a: Ogerpon|move: Protect\n|move|p1b: Urshifu|Close Combat|p2b: Entei\n|-supereffective|p2b: Entei\n|-crit|p2b: Entei\n|-damage|p2b: Entei|0 fnt\n|-unboost|p1b: Urshifu|def|1\n|-unboost|p1b: Urshifu|spd|1\n|faint|p2b: Entei\n|move|p2a: Chien-Pao|Icicle Crash|p1a: Ogerpon\n|-activate|p1a: Ogerpon|move: Protect\n|\n|upkeep\n|\n|t:|1739988362\n|switch|p2b: Miraidon|Miraidon, L50|100\/100\n|-fieldstart|move: Electric Terrain|[from] ability: Hadron Engine|[of] p2b: Miraidon\n|turn|4\n|\n|t:|1739988374\n|switch|p2a: Whimsicott|Whimsicott, L50, M|100\/100\n|move|p1b: Urshifu|Close Combat|p2b: Miraidon\n|-damage|p2b: Miraidon|33\/100\n|-unboost|p1b: Urshifu|def|1\n|-unboost|p1b: Urshifu|spd|1\n|move|p2b: Miraidon|Dragon Pulse|p1a: Ogerpon\n|-damage|p1a: Ogerpon|3\/100\n|move|p1a: Ogerpon|Ivy Cudgel|p2b: Miraidon|[anim] Ivy Cudgel Fire\n|-resisted|p2b: Miraidon\n|-damage|p2b: Miraidon|4\/100\n|\n|upkeep\n|turn|5\n|\n|t:|1739988394\n|move|p1b: Urshifu|Close Combat|p2b: Miraidon\n|-damage|p2b: Miraidon|0 fnt\n|-unboost|p1b: Urshifu|def|1\n|-unboost|p1b: Urshifu|spd|1\n|faint|p2b: Miraidon\n|move|p2a: Whimsicott|Moonblast|p1a: Ogerpon\n|-resisted|p1a: Ogerpon\n|-damage|p1a: Ogerpon|0 fnt\n|faint|p1a: Ogerpon\n|\n|upkeep\n|\n|t:|1739988396\n|switch|p2b: Chien-Pao|Chien-Pao, L50|1\/100\n|-ability|p2b: Chien-Pao|Sword of Ruin\n|turn|6\n|\n|t:|1739988402\n|move|p2b: Chien-Pao|Sucker Punch|p1b: Urshifu\n|-resisted|p1b: Urshifu\n|-damage|p1b: Urshifu|40\/100\n|move|p1b: Urshifu|Close Combat|p2b: Chien-Pao\n|-supereffective|p2b: Chien-Pao\n|-damage|p2b: Chien-Pao|0 fnt\n|-unboost|p1b: Urshifu|def|1\n|-unboost|p1b: Urshifu|spd|1\n|faint|p2b: Chien-Pao\n|move|p2a: Whimsicott|Moonblast|p1b: Urshifu\n|-supereffective|p1b: Urshifu\n|-damage|p1b: Urshifu|0 fnt\n|faint|p1b: Urshifu\n|\n|win|gholdandgohome\n|raw|wallabit g's rating: 1605 &rarr; <strong>1589<\/strong><br \/>(-16 for losing)\n|raw|gholdandgohome's rating: 1680 &rarr; <strong>1696<\/strong><br \/>(+16 for winning)\n|l|\u2606wallabit g\n|player|p1|\n|j|\u2606wallabit g\n|player|p1|wallabit g|dawn-gen4pt|\n|l|\u2606gholdandgohome\n|player|p2|\n|l|\u2606wallabit g\n|player|p1|\n","uploadtime":1739988603,"views":5,"formatid":"gen9vgc2025regg","rating":1589,"private":0,"password":null}