{"id":"gen9vgc2025regg-2303817263","format":"[Gen 9] VGC 2025 Reg G","players":["Yung Trav","Dearp"],"log":"|j|\u2606Yung Trav\n|j|\u2606Dearp\n|t:|1739978728\n|gametype|doubles\n|player|p1|Yung Trav|170|1685\n|player|p2|Dearp|richboy|1768\n|teamsize|p1|6\n|teamsize|p2|6\n|gen|9\n|tier|[Gen 9] VGC 2025 Reg G\n|rated|\n|rule|Species Clause: Limit one of each Pok\u00e9mon\n|rule|Item Clause: Limit 1 of each item\n|clearpoke\n|poke|p1|Calyrex-Ice, L50|\n|poke|p1|Regidrago, L50|\n|poke|p1|Smeargle, L50, M|\n|poke|p1|Farigiraf, L50, M|\n|poke|p1|Urshifu-*, L50, M|\n|poke|p1|Ogerpon-Cornerstone, L50, F|\n|poke|p2|Calyrex-Ice, L50|\n|poke|p2|Indeedee-F, L50, F|\n|poke|p2|Annihilape, L50, F|\n|poke|p2|Heatran, L50, M|\n|poke|p2|Sinistcha, L50|\n|poke|p2|Iron Valiant, L50|\n|teampreview|4\n|inactive|Battle timer is ON: inactive players will automatically lose when time's up. (requested by Dearp)\n|inactive|Yung Trav also wants the timer to be on.\n|\n|t:|1739978755\n|start\n|switch|p1a: Calyrex|Calyrex-Ice, L50|100\/100\n|switch|p1b: Smeargle|Smeargle, L50, M, shiny|100\/100\n|switch|p2a: Calyrex|Calyrex-Ice, L50|100\/100\n|switch|p2b: Annihilape|Annihilape, L50, F|100\/100\n|-ability|p2a: Calyrex|As One\n|-ability|p2a: Calyrex|Unnerve\n|-ability|p1a: Calyrex|As One\n|-ability|p1a: Calyrex|Unnerve\n|turn|1\n|j| lyqvgc\n|\n|t:|1739978773\n|move|p1a: Calyrex|Protect|p1a: Calyrex\n|-singleturn|p1a: Calyrex|Protect\n|move|p2b: Annihilape|Taunt|p1b: Smeargle\n|-start|p1b: Smeargle|move: Taunt\n|move|p2a: Calyrex|Crunch|p1a: Calyrex\n|-activate|p1a: Calyrex|move: Protect\n|cant|p1b: Smeargle|move: Taunt|Spore\n|\n|upkeep\n|turn|2\n|\n|t:|1739978789\n|switch|p1b: Urshifu|Urshifu, L50, M|100\/100\n|-terastallize|p1a: Calyrex|Water\n|move|p2b: Annihilape|Coaching|p2a: Calyrex\n|-boost|p2a: Calyrex|atk|1\n|-boost|p2a: Calyrex|def|1\n|move|p2a: Calyrex|Crunch|p1a: Calyrex\n|-damage|p1a: Calyrex|71\/100\n|move|p1a: Calyrex|Glacial Lance|p2a: Calyrex|[spread] p2a,p2b\n|-resisted|p2a: Calyrex\n|-damage|p2a: Calyrex|88\/100\n|-damage|p2b: Annihilape|31\/100\n|\n|upkeep\n|turn|3\n|j| ChilledLotusA\n|\n|t:|1739978810\n|-terastallize|p2a: Calyrex|Water\n|move|p1b: Urshifu|Coaching|p1a: Calyrex\n|-boost|p1a: Calyrex|atk|1\n|-boost|p1a: Calyrex|def|1\n|move|p2b: Annihilape|Close Combat|p1b: Urshifu\n|-supereffective|p1b: Urshifu\n|-damage|p1b: Urshifu|0 fnt\n|-unboost|p2b: Annihilape|def|1\n|-unboost|p2b: Annihilape|spd|1\n|faint|p1b: Urshifu\n|move|p2a: Calyrex|Glacial Lance|p1a: Calyrex\n|-resisted|p1a: Calyrex\n|-damage|p1a: Calyrex|49\/100\n|move|p1a: Calyrex|Glacial Lance|p2b: Annihilape|[spread] p2a,p2b\n|-resisted|p2a: Calyrex\n|-damage|p2a: Calyrex|69\/100\n|-damage|p2b: Annihilape|0 fnt\n|faint|p2b: Annihilape\n|-ability|p1a: Calyrex|Chilling Neigh|boost\n|-boost|p1a: Calyrex|atk|1\n|\n|upkeep\n|inactive|Yung Trav has 30 seconds left.\n|\n|t:|1739978836\n|switch|p2b: Sinistcha|Sinistcha, L50|100\/100\n|switch|p1b: Smeargle|Smeargle, L50, M, shiny|100\/100\n|-heal|p2a: Calyrex|94\/100|[from] ability: Hospitality|[of] p2b: Sinistcha\n|turn|4\n|\n|t:|1739978852\n|switch|p2b: Heatran|Heatran, L50, M|100\/100\n|move|p1b: Smeargle|Fake Out|p2a: Calyrex\n|-damage|p2a: Calyrex|92\/100\n|cant|p2a: Calyrex|flinch\n|move|p1a: Calyrex|Glacial Lance|p2a: Calyrex|[spread] p2a,p2b\n|-resisted|p2a: Calyrex\n|-resisted|p2b: Heatran\n|-crit|p2b: Heatran\n|-damage|p2a: Calyrex|67\/100\n|-damage|p2b: Heatran|66\/100\n|\n|upkeep\n|turn|5\n|\n|t:|1739978875\n|move|p2a: Calyrex|Glacial Lance|p1b: Smeargle|[spread] p1a,p1b\n|-resisted|p1a: Calyrex\n|-crit|p1a: Calyrex\n|-damage|p1a: Calyrex|10\/100\n|-enditem|p1b: Smeargle|Focus Sash\n|-damage|p1b: Smeargle|1\/100\n|move|p2b: Heatran|Magma Storm|p1b: Smeargle|[miss]\n|-miss|p2b: Heatran|p1b: Smeargle\n|move|p1a: Calyrex|High Horsepower|p2b: Heatran|[miss]\n|-miss|p1a: Calyrex|p2b: Heatran\n|move|p1b: Smeargle|Spore|p2a: Calyrex\n|-status|p2a: Calyrex|slp|[from] move: Spore\n|\n|upkeep\n|turn|6\n|\n|t:|1739978895\n|move|p2b: Heatran|Protect|p2b: Heatran\n|-singleturn|p2b: Heatran|Protect\n|move|p1b: Smeargle|Follow Me|p1b: Smeargle\n|-singleturn|p1b: Smeargle|move: Follow Me\n|cant|p2a: Calyrex|slp\n|move|p1a: Calyrex|High Horsepower|p2b: Heatran\n|-activate|p2b: Heatran|move: Protect\n|\n|upkeep\n|turn|7\n|\n|t:|1739978909\n|move|p1b: Smeargle|Follow Me|p1b: Smeargle\n|-singleturn|p1b: Smeargle|move: Follow Me\n|-curestatus|p2a: Calyrex|slp|[msg]\n|move|p2a: Calyrex|Glacial Lance|p1a: Calyrex|[spread] p1a,p1b\n|-resisted|p1a: Calyrex\n|-damage|p1a: Calyrex|0 fnt\n|-damage|p1b: Smeargle|0 fnt\n|faint|p1a: Calyrex\n|faint|p1b: Smeargle\n|-ability|p2a: Calyrex|Chilling Neigh|boost\n|-boost|p2a: Calyrex|atk|2\n|move|p2b: Heatran|Heavy Slam|p1: Calyrex|[notarget]\n|-fail|p2b: Heatran\n|\n|upkeep\n|-message|Yung Trav forfeited.\n|\n|win|Dearp\n|raw|Yung Trav's rating: 1685 &rarr; <strong>1670<\/strong><br \/>(-15 for losing)\n|raw|Dearp's rating: 1768 &rarr; <strong>1783<\/strong><br \/>(+15 for winning)\n|l|\u2606Yung Trav\n|player|p1|\n|l|\u2606Dearp\n|player|p2|\n|l| ChilledLotusA\n|l| lyqvgc\n","uploadtime":1739978918,"views":8,"formatid":"gen9vgc2025regg","rating":1670,"private":0,"password":null}