{"id":"gen9vgc2025regg-2303001981","format":"[Gen 9] VGC 2025 Reg G","players":["Areestoo","satelite99"],"log":"|j|\u2606Areestoo\n|j|\u2606satelite99\n|t:|1739871999\n|gametype|doubles\n|player|p1|Areestoo|170|1575\n|player|p2|satelite99|wallace|1692\n|teamsize|p1|6\n|teamsize|p2|6\n|gen|9\n|tier|[Gen 9] VGC 2025 Reg G\n|rated|\n|rule|Species Clause: Limit one of each Pok\u00e9mon\n|rule|Item Clause: Limit 1 of each item\n|clearpoke\n|poke|p1|Necrozma-Dawn-Wings, L50|\n|poke|p1|Indeedee-F, L50, F|\n|poke|p1|Ursaluna, L50, F|\n|poke|p1|Gallade, L50, M|\n|poke|p1|Torkoal, L50, F|\n|poke|p1|Lilligant-Hisui, L50, F|\n|poke|p2|Zamazenta-*, L50|\n|poke|p2|Tornadus, L50, M|\n|poke|p2|Chien-Pao, L50|\n|poke|p2|Raging Bolt, L50|\n|poke|p2|Urshifu-*, L50, M|\n|poke|p2|Gholdengo, L50|\n|teampreview|4\n|inactive|Battle timer is ON: inactive players will automatically lose when time's up. (requested by Areestoo)\nsatelite99 rejected open team sheets.\n|inactive|satelite99 has 60 seconds left.\n|\n|t:|1739872044\n|start\n|switch|p1a: Indeedee|Indeedee-F, L50, F|100\/100\n|switch|p1b: Necrozma|Necrozma-Dawn-Wings, L50|100\/100\n|switch|p2a: Tornadus|Tornadus, L50, M|100\/100\n|switch|p2b: Urshifu|Urshifu-Rapid-Strike, L50, M|100\/100\n|-fieldstart|move: Psychic Terrain|[from] ability: Psychic Surge|[of] p1a: Indeedee\n|-enditem|p1a: Indeedee|Psychic Seed\n|-boost|p1a: Indeedee|spd|1|[from] item: Psychic Seed\n|turn|1\n|inactive|satelite99 has 30 seconds left.\n|inactive|satelite99 has 20 seconds left.\n|\n|t:|1739872082\n|move|p2a: Tornadus|Rain Dance|p2a: Tornadus\n|-weather|RainDance\n|move|p2b: Urshifu|Surging Strikes|p1a: Indeedee\n|-crit|p1a: Indeedee\n|-damage|p1a: Indeedee|69\/100\n|-crit|p1a: Indeedee\n|-damage|p1a: Indeedee|37\/100\n|-crit|p1a: Indeedee\n|-damage|p1a: Indeedee|5\/100\n|-hitcount|p1a: Indeedee|3\n|move|p1b: Necrozma|Meteor Beam||[still]\n|-prepare|p1b: Necrozma|Meteor Beam\n|-boost|p1b: Necrozma|spa|1\n|-enditem|p1b: Necrozma|Power Herb\n|-anim|p1b: Necrozma|Meteor Beam|p2a: Tornadus\n|-supereffective|p2a: Tornadus\n|-damage|p2a: Tornadus|0 fnt\n|faint|p2a: Tornadus\n|move|p1a: Indeedee|Trick Room|p1a: Indeedee\n|-fieldstart|move: Trick Room|[of] p1a: Indeedee\n|\n|-weather|RainDance|[upkeep]\n|upkeep\n|\n|t:|1739872098\n|switch|p2a: Zamazenta|Zamazenta-Crowned, L50|100\/100\n|-ability|p2a: Zamazenta|Dauntless Shield|boost\n|-boost|p2a: Zamazenta|def|1\n|turn|2\n|\n|t:|1739872119\n|switch|p1a: Ursaluna|Ursaluna, L50, F|100\/100\n|move|p1b: Necrozma|Moongeist Beam|p2b: Urshifu\n|-damage|p2b: Urshifu|0 fnt\n|faint|p2b: Urshifu\n|move|p2a: Zamazenta|Behemoth Bash|p1a: Ursaluna\n|-crit|p1a: Ursaluna\n|-damage|p1a: Ursaluna|59\/100\n|\n|-weather|RainDance|[upkeep]\n|-status|p1a: Ursaluna|brn|[from] item: Flame Orb\n|upkeep\n|\n|t:|1739872128\n|switch|p2b: Chien-Pao|Chien-Pao, L50|100\/100\n|-ability|p2b: Chien-Pao|Sword of Ruin\n|turn|3\n|\n|t:|1739872145\n|move|p1a: Ursaluna|Protect|p1a: Ursaluna\n|-singleturn|p1a: Ursaluna|Protect\n|move|p2a: Zamazenta|Protect|p2a: Zamazenta\n|-singleturn|p2a: Zamazenta|Protect\n|move|p2b: Chien-Pao|Protect|p2b: Chien-Pao\n|-singleturn|p2b: Chien-Pao|Protect\n|move|p1b: Necrozma|Moongeist Beam|p2b: Chien-Pao\n|-activate|p2b: Chien-Pao|move: Protect\n|\n|-weather|RainDance|[upkeep]\n|-damage|p1a: Ursaluna|53\/100 brn|[from] brn\n|upkeep\n|turn|4\n|inactive|satelite99 has 30 seconds left.\n|inactive|satelite99 has 20 seconds left.\n|inactive|satelite99 has 15 seconds left.\n|\n|t:|1739872188\n|move|p1a: Ursaluna|Headlong Rush|p2a: Zamazenta\n|-supereffective|p2a: Zamazenta\n|-crit|p2a: Zamazenta\n|-damage|p2a: Zamazenta|0 fnt\n|-unboost|p1a: Ursaluna|def|1\n|-unboost|p1a: Ursaluna|spd|1\n|faint|p2a: Zamazenta\n|move|p1b: Necrozma|Moongeist Beam|p2b: Chien-Pao\n|-resisted|p2b: Chien-Pao\n|-damage|p2b: Chien-Pao|19\/100\n|move|p2b: Chien-Pao|Crunch|p1b: Necrozma\n|-supereffective|p1b: Necrozma\n|-damage|p1b: Necrozma|0 fnt\n|faint|p1b: Necrozma\n|\n|-weather|RainDance|[upkeep]\n|-damage|p1a: Ursaluna|47\/100 brn|[from] brn\n|upkeep\n|\n|t:|1739872206\n|switch|p1b: Gallade|Gallade, L50, M|100\/100\n|turn|5\n|-message|satelite99 forfeited.\n|\n|win|Areestoo\n|raw|Areestoo's rating: 1575 &rarr; <strong>1601<\/strong><br \/>(+26 for winning)\n|raw|satelite99's rating: 1692 &rarr; <strong>1666<\/strong><br \/>(-26 for losing)\n|l|\u2606satelite99\n|player|p2|\n|l|\u2606Areestoo\n|player|p1|\n","uploadtime":1739872417,"views":9,"formatid":"gen9vgc2025regg","rating":1601,"private":0,"password":null}