{"id":"gen9vgc2025regg-2303219625","format":"[Gen 9] VGC 2025 Reg G","players":["Hanou143","monoma"],"log":"|j|\u2606Hanou143\n|j|\u2606monoma\n|t:|1739899383\n|gametype|doubles\n|player|p1|Hanou143|170|1550\n|player|p2|monoma|2|1553\n|teamsize|p1|6\n|teamsize|p2|6\n|gen|9\n|tier|[Gen 9] VGC 2025 Reg G\n|rated|\n|rule|Species Clause: Limit one of each Pok\u00e9mon\n|rule|Item Clause: Limit 1 of each item\n|clearpoke\n|poke|p1|Calyrex-Shadow, L50|\n|poke|p1|Jigglypuff, L50, M|\n|poke|p1|Pelipper, L50, F|\n|poke|p1|Rillaboom, L50, M|\n|poke|p1|Incineroar, L50, F|\n|poke|p1|Urshifu-*, L50, M|\n|poke|p2|Miraidon, L50|\n|poke|p2|Iron Bundle, L50|\n|poke|p2|Kingambit, L50, M|\n|poke|p2|Dragonite, L50, F|\n|poke|p2|Urshifu-*, L50, F|\n|poke|p2|Incineroar, L50, M|\n|teampreview|4\n|\n|t:|1739899397\n|start\n|switch|p1a: Calyrex|Calyrex-Shadow, L50|100\/100\n|switch|p1b: Rillaboom|Rillaboom, L50, M|100\/100\n|switch|p2a: Miraidon|Miraidon, L50|100\/100\n|switch|p2b: Incineroar|Incineroar, L50, M|100\/100\n|-ability|p1a: Calyrex|As One\n|-ability|p1a: Calyrex|Unnerve\n|-fieldstart|move: Electric Terrain|[from] ability: Hadron Engine|[of] p2a: Miraidon\n|-fieldstart|move: Grassy Terrain|[from] ability: Grassy Surge|[of] p1b: Rillaboom\n|-ability|p2b: Incineroar|Intimidate|boost\n|-unboost|p1a: Calyrex|atk|1\n|-unboost|p1b: Rillaboom|atk|1\n|turn|1\n|inactive|Battle timer is ON: inactive players will automatically lose when time's up. (requested by Hanou143)\n|\n|t:|1739899416\n|-terastallize|p1a: Calyrex|Grass\n|move|p1b: Rillaboom|Fake Out|p2a: Miraidon\n|-damage|p2a: Miraidon|91\/100\n|cant|p2a: Miraidon|flinch\n|move|p1a: Calyrex|Calm Mind|p1a: Calyrex\n|-boost|p1a: Calyrex|spa|1\n|-boost|p1a: Calyrex|spd|1\n|move|p2b: Incineroar|Knock Off|p1a: Calyrex\n|-damage|p1a: Calyrex|74\/100\n|-enditem|p1a: Calyrex|Covert Cloak|[from] move: Knock Off|[of] p2b: Incineroar\n|\n|-heal|p2a: Miraidon|97\/100|[from] Grassy Terrain\n|-heal|p1a: Calyrex|80\/100|[from] Grassy Terrain\n|upkeep\n|turn|2\n|inactive|Hanou143 has 30 seconds left.\n|inactive|Hanou143 has 20 seconds left.\n|inactive|Hanou143 has 15 seconds left.\n|inactive|Hanou143 has 10 seconds left.\n|inactive|monoma has 30 seconds left.\n|\n|t:|1739899463\n|move|p2a: Miraidon|Draco Meteor|p1a: Calyrex\n|-damage|p1a: Calyrex|18\/100\n|-unboost|p2a: Miraidon|spa|2\n|move|p1a: Calyrex|Astral Barrage|p2a: Miraidon|[spread] p2a,p2b\n|-resisted|p2b: Incineroar\n|-damage|p2a: Miraidon|41\/100\n|-damage|p2b: Incineroar|67\/100\n|move|p1b: Rillaboom|U-turn|p2a: Miraidon\n|-damage|p2a: Miraidon|26\/100\n|\n|t:|1739899477\n|switch|p1b: Incineroar|Incineroar, L50, F|100\/100|[from] U-turn\n|-ability|p1b: Incineroar|Intimidate|boost\n|-unboost|p2a: Miraidon|atk|1\n|-unboost|p2b: Incineroar|atk|1\n|move|p2b: Incineroar|U-turn|p1a: Calyrex\n|-supereffective|p1a: Calyrex\n|-damage|p1a: Calyrex|1\/100\n|\n|t:|1739899490\n|switch|p2b: Iron Bundle|Iron Bundle, L50|100\/100|[from] U-turn\n|\n|-heal|p2a: Miraidon|32\/100|[from] Grassy Terrain\n|-heal|p1a: Calyrex|7\/100|[from] Grassy Terrain\n|upkeep\n|turn|3\n|inactive|monoma has 30 seconds left.\n|\n|t:|1739899516\n|switch|p2a: Incineroar|Incineroar, L50, M|67\/100\n|-ability|p2a: Incineroar|Intimidate|boost\n|-unboost|p1a: Calyrex|atk|1\n|-unboost|p1b: Incineroar|atk|1\n|switch|p1a: Jigglypuff|Jigglypuff, L50, M|100\/100\n|move|p2b: Iron Bundle|Protect|p2b: Iron Bundle\n|-singleturn|p2b: Iron Bundle|Protect\n|move|p1b: Incineroar|Parting Shot|p2b: Iron Bundle\n|-activate|p2b: Iron Bundle|move: Protect\n|\n|-heal|p2a: Incineroar|73\/100|[from] Grassy Terrain\n|upkeep\n|turn|4\n|inactive|monoma has 30 seconds left.\n|\n|t:|1739899545\n|move|p2b: Iron Bundle|Freeze-Dry|p1a: Jigglypuff\n|-damage|p1a: Jigglypuff|66\/100\n|move|p2a: Incineroar|U-turn|p1b: Incineroar\n|-damage|p1b: Incineroar|84\/100\n|\n|t:|1739899551\n|switch|p2a: Dragonite|Dragonite, L50, F|100\/100|[from] U-turn\n|move|p1b: Incineroar|Parting Shot|p2b: Iron Bundle\n|-unboost|p2b: Iron Bundle|atk|1\n|-unboost|p2b: Iron Bundle|spa|1\n|\n|t:|1739899558\n|switch|p1b: Calyrex|Calyrex-Shadow, L50, tera:Grass|7\/100|[from] Parting Shot\n|-ability|p1b: Calyrex|As One\n|-ability|p1b: Calyrex|Unnerve\n|move|p1a: Jigglypuff|Heal Pulse|p1b: Calyrex\n|-heal|p1b: Calyrex|57\/100\n|\n|-heal|p1b: Calyrex|63\/100|[from] Grassy Terrain\n|-heal|p1a: Jigglypuff|72\/100|[from] Grassy Terrain\n|upkeep\n|turn|5\n|inactive|monoma has 30 seconds left.\n|\n|t:|1739899586\n|-terastallize|p2b: Iron Bundle|Normal\n|move|p2b: Iron Bundle|Icy Wind|p1a: Jigglypuff|[spread] p1a,p1b\n|-supereffective|p1b: Calyrex\n|-damage|p1a: Jigglypuff|59\/100\n|-damage|p1b: Calyrex|45\/100\n|-unboost|p1a: Jigglypuff|spe|1\n|-unboost|p1b: Calyrex|spe|1\n|move|p2a: Dragonite|Fire Punch|p1b: Calyrex\n|-supereffective|p1b: Calyrex\n|-damage|p1b: Calyrex|12\/100\n|move|p1b: Calyrex|Giga Drain|p2b: Iron Bundle\n|-enditem|p2b: Iron Bundle|Focus Sash\n|-damage|p2b: Iron Bundle|1\/100\n|-heal|p1b: Calyrex|43\/100|[from] drain|[of] p2b: Iron Bundle\n|move|p1a: Jigglypuff|Heal Pulse|p1b: Calyrex\n|-heal|p1b: Calyrex|94\/100\n|\n|-heal|p2b: Iron Bundle|7\/100|[from] Grassy Terrain\n|-heal|p1b: Calyrex|99\/100|[from] Grassy Terrain\n|-heal|p1a: Jigglypuff|65\/100|[from] Grassy Terrain\n|-fieldend|move: Grassy Terrain\n|upkeep\n|turn|6\n|inactive|Hanou143 has 30 seconds left.\n|inactive|monoma has 30 seconds left.\n|inactive|monoma has 20 seconds left.\n|\n|t:|1739899624\n|move|p2b: Iron Bundle|Freeze-Dry|p1b: Calyrex\n|-supereffective|p1b: Calyrex\n|-damage|p1b: Calyrex|67\/100\n|-status|p1b: Calyrex|frz\n|move|p2a: Dragonite|Fire Punch|p1b: Calyrex\n|-supereffective|p1b: Calyrex\n|-damage|p1b: Calyrex|38\/100 frz\n|-curestatus|p1b: Calyrex|frz|[msg]\n|move|p1b: Calyrex|Astral Barrage|p2a: Dragonite|[spread] p2a\n|-immune|p2b: Iron Bundle\n|-damage|p2a: Dragonite|77\/100\n|move|p1a: Jigglypuff|Alluring Voice|p2a: Dragonite\n|-supereffective|p2a: Dragonite\n|-damage|p2a: Dragonite|41\/100\n|\n|upkeep\n|turn|7\n|\n|t:|1739899649\n|switch|p1b: Incineroar|Incineroar, L50, F|84\/100\n|-ability|p1b: Incineroar|Intimidate|boost\n|-unboost|p2a: Dragonite|atk|1\n|-unboost|p2b: Iron Bundle|atk|1\n|move|p2b: Iron Bundle|Encore|p1a: Jigglypuff\n|-start|p1a: Jigglypuff|Encore\n|move|p2a: Dragonite|Scale Shot|p1b: Incineroar\n|-damage|p1b: Incineroar|75\/100\n|-damage|p1b: Incineroar|67\/100\n|-damage|p1b: Incineroar|59\/100\n|-damage|p1b: Incineroar|51\/100\n|-hitcount|p1b: Incineroar|4\n|-unboost|p2a: Dragonite|def|1\n|-boost|p2a: Dragonite|spe|1\n|move|p1a: Jigglypuff|Alluring Voice|p2b: Iron Bundle\n|-damage|p2b: Iron Bundle|0 fnt\n|faint|p2b: Iron Bundle\n|-end|p2b: Iron Bundle|Quark Drive|[silent]\n|\n|upkeep\n|\n|t:|1739899669\n|switch|p2b: Incineroar|Incineroar, L50, M|73\/100\n|-ability|p2b: Incineroar|Intimidate|boost\n|-unboost|p1a: Jigglypuff|atk|1\n|-unboost|p1b: Incineroar|atk|1\n|turn|8\n|\n|t:|1739899687\n|move|p2b: Incineroar|Fake Out|p1b: Incineroar\n|-damage|p1b: Incineroar|43\/100\n|-enditem|p1b: Incineroar|Sitrus Berry|[eat]\n|-heal|p1b: Incineroar|67\/100|[from] item: Sitrus Berry\n|cant|p1b: Incineroar|flinch\n|move|p2a: Dragonite|Scale Shot|p1b: Incineroar\n|-damage|p1b: Incineroar|58\/100\n|-damage|p1b: Incineroar|48\/100\n|-damage|p1b: Incineroar|40\/100\n|-damage|p1b: Incineroar|32\/100\n|-damage|p1b: Incineroar|23\/100\n|-hitcount|p1b: Incineroar|5\n|-unboost|p2a: Dragonite|def|1\n|-boost|p2a: Dragonite|spe|1\n|move|p1a: Jigglypuff|Alluring Voice|p2a: Dragonite\n|-supereffective|p2a: Dragonite\n|-damage|p2a: Dragonite|11\/100\n|-start|p2a: Dragonite|confusion\n|\n|upkeep\n|turn|9\n|inactive|monoma has 30 seconds left.\n|\n|t:|1739899713\n|switch|p1b: Rillaboom|Rillaboom, L50, M|100\/100\n|-fieldstart|move: Grassy Terrain|[from] ability: Grassy Surge|[of] p1b: Rillaboom\n|-activate|p2a: Dragonite|confusion\n|move|p2a: Dragonite|Scale Shot|p1b: Rillaboom\n|-damage|p1b: Rillaboom|91\/100\n|-damage|p1b: Rillaboom|82\/100\n|-damage|p1b: Rillaboom|75\/100\n|-damage|p1b: Rillaboom|67\/100\n|-hitcount|p1b: Rillaboom|4\n|-unboost|p2a: Dragonite|def|1\n|-boost|p2a: Dragonite|spe|1\n|move|p2b: Incineroar|U-turn|p1a: Jigglypuff\n|-resisted|p1a: Jigglypuff\n|-damage|p1a: Jigglypuff|56\/100\n|\n|t:|1739899728\n|switch|p2b: Miraidon|Miraidon, L50|32\/100|[from] U-turn\n|-fieldstart|move: Electric Terrain|[from] ability: Hadron Engine|[of] p2b: Miraidon\n|move|p1a: Jigglypuff|Alluring Voice|p2a: Dragonite\n|-supereffective|p2a: Dragonite\n|-damage|p2a: Dragonite|0 fnt\n|faint|p2a: Dragonite\n|\n|-end|p1a: Jigglypuff|Encore\n|upkeep\n|\n|t:|1739899739\n|switch|p2a: Incineroar|Incineroar, L50, M|73\/100\n|-ability|p2a: Incineroar|Intimidate|boost\n|-unboost|p1a: Jigglypuff|atk|1\n|-unboost|p1b: Rillaboom|atk|1\n|turn|10\n|\n|t:|1739899754\n|switch|p1a: Incineroar|Incineroar, L50, F|23\/100\n|-ability|p1a: Incineroar|Intimidate|boost\n|-unboost|p2a: Incineroar|atk|1\n|-unboost|p2b: Miraidon|atk|1\n|move|p1b: Rillaboom|Fake Out|p2b: Miraidon\n|-damage|p2b: Miraidon|23\/100\n|move|p2a: Incineroar|Fake Out|p1a: Incineroar\n|-damage|p1a: Incineroar|15\/100\n|cant|p2b: Miraidon|flinch\n|\n|upkeep\n|turn|11\n|-message|monoma forfeited.\n|\n|win|Hanou143\n|raw|Hanou143's rating: 1550 &rarr; <strong>1570<\/strong><br \/>(+20 for winning)\n|raw|monoma's rating: 1553 &rarr; <strong>1533<\/strong><br \/>(-20 for losing)\n|l|\u2606monoma\n|player|p2|\n|l|\u2606Hanou143\n|player|p1|\n","uploadtime":1739899954,"views":5,"formatid":"gen9vgc2025regg","rating":1533,"private":0,"password":null}