{"id":"gen9vgc2025regg-2303988620","format":"[Gen 9] VGC 2025 Reg G","players":["wallabit g","stozo"],"log":"|j|\u2606wallabit g\n|j|\u2606stozo\n|t:|1739995680\n|gametype|doubles\n|player|p1|wallabit g|dawn-gen4pt|1694\n|player|p2|stozo|jupiter|1579\n|teamsize|p1|6\n|teamsize|p2|6\n|gen|9\n|tier|[Gen 9] VGC 2025 Reg G\n|rated|\n|rule|Species Clause: Limit one of each Pok\u00e9mon\n|rule|Item Clause: Limit 1 of each item\n|clearpoke\n|poke|p1|Calyrex-Shadow, L50|\n|poke|p1|Ogerpon-Hearthflame, L50, F|\n|poke|p1|Urshifu-*, L50, F|\n|poke|p1|Indeedee-F, L50, F|\n|poke|p1|Mienshao, L50, F|\n|poke|p1|Iron Bundle, L50|\n|poke|p2|Calyrex-Ice, L50|\n|poke|p2|Amoonguss, L50, M|\n|poke|p2|Landorus, L50, M|\n|poke|p2|Roaring Moon, L50|\n|poke|p2|Ogerpon-Cornerstone, L50, F|\n|poke|p2|Urshifu-*, L50, M|\n|teampreview|4\n|j| futonkagebunshin\n|inactive|Battle timer is ON: inactive players will automatically lose when time's up. (requested by wallabit g)\n|\n|t:|1739995744\n|start\n|switch|p1a: Iron Bundle|Iron Bundle, L50|100\/100\n|switch|p1b: Calyrex|Calyrex-Shadow, L50|100\/100\n|switch|p2a: Roaring Moon|Roaring Moon, L50|100\/100\n|switch|p2b: Urshifu|Urshifu-Rapid-Strike, L50, M|100\/100\n|-ability|p1b: Calyrex|As One\n|-ability|p1b: Calyrex|Unnerve\n|-enditem|p1a: Iron Bundle|Booster Energy\n|-activate|p1a: Iron Bundle|ability: Quark Drive|[fromitem]\n|-start|p1a: Iron Bundle|quarkdrivespe\n|-enditem|p2a: Roaring Moon|Booster Energy\n|-activate|p2a: Roaring Moon|ability: Protosynthesis|[fromitem]\n|-start|p2a: Roaring Moon|protosynthesisspe\n|turn|1\n|\n|t:|1739995771\n|move|p1a: Iron Bundle|Icy Wind|p2a: Roaring Moon|[spread] p2a,p2b\n|-supereffective|p2a: Roaring Moon\n|-resisted|p2b: Urshifu\n|-damage|p2a: Roaring Moon|70\/100\n|-damage|p2b: Urshifu|89\/100\n|-unboost|p2a: Roaring Moon|spe|1\n|-unboost|p2b: Urshifu|spe|1\n|move|p1b: Calyrex|Astral Barrage|p2a: Roaring Moon|[spread] p2a,p2b\n|-resisted|p2a: Roaring Moon\n|-damage|p2a: Roaring Moon|35\/100\n|-damage|p2b: Urshifu|0 fnt\n|faint|p2b: Urshifu\n|-ability|p1b: Calyrex|Grim Neigh|boost\n|-boost|p1b: Calyrex|spa|1\n|-damage|p1b: Calyrex|91\/100|[from] item: Life Orb\n|move|p2a: Roaring Moon|Knock Off|p1b: Calyrex\n|-supereffective|p1b: Calyrex\n|-damage|p1b: Calyrex|0 fnt\n|-enditem|p1b: Calyrex|Life Orb|[from] move: Knock Off|[of] p2a: Roaring Moon\n|faint|p1b: Calyrex\n|\n|upkeep\n|\n|t:|1739995788\n|switch|p1b: Urshifu|Urshifu-Rapid-Strike, L50, F|100\/100\n|switch|p2b: Calyrex|Calyrex-Ice, L50|100\/100\n|-ability|p2b: Calyrex|As One\n|-ability|p2b: Calyrex|Unnerve\n|turn|2\n|\n|t:|1739995799\n|-terastallize|p1b: Urshifu|Water\n|move|p1a: Iron Bundle|Freeze-Dry|p2a: Roaring Moon\n|-supereffective|p2a: Roaring Moon\n|-damage|p2a: Roaring Moon|0 fnt\n|faint|p2a: Roaring Moon\n|-end|p2a: Roaring Moon|Protosynthesis|[silent]\n|move|p1b: Urshifu|Surging Strikes|p2b: Calyrex\n|-crit|p2b: Calyrex\n|-damage|p2b: Calyrex|81\/100\n|-crit|p2b: Calyrex\n|-damage|p2b: Calyrex|63\/100\n|-crit|p2b: Calyrex\n|-damage|p2b: Calyrex|43\/100\n|-hitcount|p2b: Calyrex|3\n|move|p2b: Calyrex|Trick Room|p2b: Calyrex\n|-fieldstart|move: Trick Room|[of] p2b: Calyrex\n|\n|upkeep\n|\n|t:|1739995802\n|switch|p2a: Ogerpon|Ogerpon-Cornerstone, L50, F|100\/100\n|turn|3\n|\n|t:|1739995818\n|switch|p1b: Indeedee|Indeedee-F, L50, F|100\/100\n|-fieldstart|move: Psychic Terrain|[from] ability: Psychic Surge|[of] p1b: Indeedee\n|move|p2b: Calyrex|Glacial Lance|p1a: Iron Bundle|[spread] p1a,p1b\n|-resisted|p1a: Iron Bundle\n|-damage|p1a: Iron Bundle|86\/100\n|-damage|p1b: Indeedee|51\/100\n|move|p2a: Ogerpon|Horn Leech|p1b: Indeedee\n|-damage|p1b: Indeedee|4\/100\n|-damage|p2a: Ogerpon|84\/100|[from] item: Rocky Helmet|[of] p1b: Indeedee\n|move|p1a: Iron Bundle|Freeze-Dry|p2a: Ogerpon\n|-supereffective|p2a: Ogerpon\n|-damage|p2a: Ogerpon|18\/100\n|\n|upkeep\n|turn|4\n|\n|t:|1739995842\n|switch|p1b: Urshifu|Urshifu-Rapid-Strike, L50, F, tera:Water|100\/100\n|move|p1a: Iron Bundle|Protect|p1a: Iron Bundle\n|-singleturn|p1a: Iron Bundle|Protect\n|move|p2b: Calyrex|Glacial Lance|p1b: Urshifu|[spread] p1b\n|-activate|p1a: Iron Bundle|move: Protect\n|-resisted|p1b: Urshifu\n|-damage|p1b: Urshifu|72\/100\n|move|p2a: Ogerpon|Horn Leech|p1b: Urshifu\n|-supereffective|p1b: Urshifu\n|-damage|p1b: Urshifu|0 fnt\n|-heal|p2a: Ogerpon|59\/100|[from] drain|[of] p1b: Urshifu\n|faint|p1b: Urshifu\n|\n|upkeep\n|\n|t:|1739995844\n|switch|p1b: Indeedee|Indeedee-F, L50, F|4\/100\n|turn|5\n|-message|wallabit g forfeited.\n|\n|win|stozo\n|raw|wallabit g's rating: 1668 &rarr; <strong>1643<\/strong><br \/>(-25 for losing)\n|raw|stozo's rating: 1579 &rarr; <strong>1604<\/strong><br \/>(+25 for winning)\n|l|\u2606wallabit g\n|player|p1|\n","uploadtime":1739995995,"views":5,"formatid":"gen9vgc2025regg","rating":1604,"private":0,"password":null}