{"id":"gen9vgc2025regg-2303706897","format":"[Gen 9] VGC 2025 Reg G","players":["Glory Of Pokemon","ComradeClownVGC"],"log":"|j|\u2606Glory Of Pokemon\n|j|\u2606ComradeClownVGC\n|t:|1739964355\n|gametype|doubles\n|player|p1|Glory Of Pokemon|beauty|1552\n|player|p2|ComradeClownVGC|harlequin|1599\n|teamsize|p1|6\n|teamsize|p2|6\n|gen|9\n|tier|[Gen 9] VGC 2025 Reg G\n|rated|\n|rule|Species Clause: Limit one of each Pok\u00e9mon\n|rule|Item Clause: Limit 1 of each item\n|clearpoke\n|poke|p1|Muk-Alola, L50, M|\n|poke|p1|Smeargle, L50, M|\n|poke|p1|Dondozo, L50, M|\n|poke|p1|Tatsugiri, L50, F|\n|poke|p1|Flamigo, L50, M|\n|poke|p1|Calyrex-Shadow, L50|\n|poke|p2|Whimsicott, L50, F|\n|poke|p2|Okidogi, L50, M|\n|poke|p2|Flutter Mane, L50|\n|poke|p2|Arcanine-Hisui, L50, F|\n|poke|p2|Calyrex-Shadow, L50|\n|poke|p2|Chi-Yu, L50|\n|teampreview|4\nComradeClownVGC has agreed to open team sheets.\n|inactive|Battle timer is ON: inactive players will automatically lose when time's up. (requested by ComradeClownVGC)\n|j| NanshanVGC\n|l| NanshanVGC\n|\n|t:|1739964392\n|start\n|switch|p1a: Smeargle|Smeargle, L50, M|100\/100\n|switch|p1b: Muk|Muk-Alola, L50, M|100\/100\n|switch|p2a: Caulipower|Whimsicott, L50, F|100\/100\n|switch|p2b: Honse|Calyrex-Shadow, L50|100\/100\n|-ability|p2b: Honse|As One\n|-ability|p2b: Honse|Unnerve\n|turn|1\n|inactive|Glory Of Pokemon has 30 seconds left.\n|\n|t:|1739964422\n|switch|p2b: StylishDoggy|Arcanine-Hisui, L50, F, shiny|100\/100\n|-ability|p2b: StylishDoggy|Intimidate|boost\n|-unboost|p1a: Smeargle|atk|1\n|-unboost|p1b: Muk|atk|1\n|move|p2a: Caulipower|Moonblast|p1a: Smeargle\n|-damage|p1a: Smeargle|26\/100\n|-unboost|p1a: Smeargle|spa|1\n|move|p1a: Smeargle|Spore|p2b: StylishDoggy\n|-status|p2b: StylishDoggy|slp|[from] move: Spore\n|move|p1b: Muk|Minimize|p1b: Muk\n|-boost|p1b: Muk|evasion|2\n|\n|-ability|p1a: Smeargle|Moody|boost\n|-boost|p1a: Smeargle|spe|2\n|-unboost|p1a: Smeargle|spd|1\n|upkeep\n|turn|2\n|\n|t:|1739964445\n|move|p1a: Smeargle|Follow Me|p1a: Smeargle\n|-singleturn|p1a: Smeargle|move: Follow Me\n|move|p2a: Caulipower|Encore|p1a: Smeargle\n|-start|p1a: Smeargle|Encore\n|cant|p2b: StylishDoggy|slp\n|move|p1b: Muk|Minimize|p1b: Muk\n|-boost|p1b: Muk|evasion|2\n|\n|-ability|p1a: Smeargle|Moody|boost\n|-boost|p1a: Smeargle|spe|2\n|-unboost|p1a: Smeargle|spd|1\n|upkeep\n|turn|3\n|\n|t:|1739964460\n|move|p1a: Smeargle|Follow Me|p1a: Smeargle\n|-singleturn|p1a: Smeargle|move: Follow Me\n|move|p2a: Caulipower|Moonblast|p1a: Smeargle\n|-crit|p1a: Smeargle\n|-damage|p1a: Smeargle|0 fnt\n|faint|p1a: Smeargle\n|-ability|p1b: Muk|Moody|[from] ability: Power of Alchemy|[of] p1a: Smeargle\n|cant|p2b: StylishDoggy|slp\n|move|p1b: Muk|Minimize|p1b: Muk\n|-boost|p1b: Muk|evasion|2\n|\n|-ability|p1b: Muk|Moody|boost\n|-boost|p1b: Muk|atk|2\n|-unboost|p1b: Muk|def|1\n|upkeep\n|\n|t:|1739964481\n|switch|p1a: Flamigo|Flamigo, L50, M|100\/100\n|-copyboost|p1a: Flamigo|p1b: Muk|[from] ability: Costar\n|-enditem|p1a: Flamigo|White Herb\n|-clearnegativeboost|p1a: Flamigo|[silent]\n|turn|4\n|\n|t:|1739964492\n|move|p2a: Caulipower|Moonblast|p1a: Flamigo|[miss]\n|-miss|p2a: Caulipower|p1a: Flamigo\n|cant|p2b: StylishDoggy|slp\n|move|p1a: Flamigo|Acrobatics|p2a: Caulipower\n|-supereffective|p2a: Caulipower\n|-enditem|p2a: Caulipower|Focus Sash\n|-damage|p2a: Caulipower|1\/100\n|move|p1b: Muk|Knock Off|p2b: StylishDoggy\n|-damage|p2b: StylishDoggy|32\/100 slp\n|-enditem|p2b: StylishDoggy|Choice Band|[from] move: Knock Off|[of] p1b: Muk\n|\n|-ability|p1b: Muk|Moody|boost\n|-boost|p1b: Muk|spd|2\n|-unboost|p1b: Muk|def|1\n|upkeep\n|turn|5\n|\n|t:|1739964514\n|move|p2a: Caulipower|Moonblast|p1a: Flamigo\n|-supereffective|p1a: Flamigo\n|-damage|p1a: Flamigo|0 fnt\n|faint|p1a: Flamigo\n|-curestatus|p2b: StylishDoggy|slp|[msg]\n|move|p2b: StylishDoggy|Flare Blitz|p1b: Muk|[miss]\n|-miss|p2b: StylishDoggy|p1b: Muk\n|move|p1b: Muk|Knock Off|p2b: StylishDoggy\n|-damage|p2b: StylishDoggy|0 fnt\n|faint|p2b: StylishDoggy\n|\n|-ability|p1b: Muk|Moody|boost\n|-boost|p1b: Muk|spa|2\n|-unboost|p1b: Muk|def|1\n|upkeep\n|\n|t:|1739964531\n|switch|p1a: Calyrex|Calyrex-Shadow, L50|100\/100\n|switch|p2b: Dogi Style|Okidogi, L50, M|100\/100\n|-ability|p1a: Calyrex|As One\n|-ability|p1a: Calyrex|Unnerve\n|turn|6\n|inactive|Glory Of Pokemon has 30 seconds left.\n|\n|t:|1739964560\n|-terastallize|p2b: Dogi Style|Dark\n|move|p1a: Calyrex|Protect|p1a: Calyrex\n|-singleturn|p1a: Calyrex|Protect\n|move|p2a: Caulipower|Tailwind|p2a: Caulipower\n|-sidestart|p2: ComradeClownVGC|move: Tailwind\n|move|p2b: Dogi Style|Knock Off|p1a: Calyrex\n|-activate|p1a: Calyrex|move: Protect\n|move|p1b: Muk|Knock Off|p2a: Caulipower\n|-resisted|p2a: Caulipower\n|-damage|p2a: Caulipower|0 fnt\n|faint|p2a: Caulipower\n|\n|-ability|p1b: Muk|Moody|boost\n|-boost|p1b: Muk|spa|2\n|-unboost|p1b: Muk|def|1\n|upkeep\n|\n|t:|1739964563\n|switch|p2a: Honse|Calyrex-Shadow, L50|100\/100\n|-ability|p2a: Honse|As One\n|-ability|p2a: Honse|Unnerve\n|turn|7\n|inactive|Glory Of Pokemon has 30 seconds left.\n|inactive|Glory Of Pokemon has 20 seconds left.\n|inactive|Glory Of Pokemon has 15 seconds left.\n|\n|t:|1739964604\n|-terastallize|p1a: Calyrex|Fairy\n|move|p2a: Honse|Astral Barrage|p1b: Muk|[spread] p1a,p1b\n|-resisted|p1b: Muk\n|-damage|p1a: Calyrex|36\/100\n|-damage|p1b: Muk|84\/100\n|-damage|p2a: Honse|91\/100|[from] item: Life Orb\n|move|p2b: Dogi Style|Drain Punch|p1a: Calyrex\n|-resisted|p1a: Calyrex\n|-damage|p1a: Calyrex|13\/100\n|move|p1a: Calyrex|Psych Up|p1b: Muk\n|-copyboost|p1a: Calyrex|p1b: Muk|[from] move: Psych Up\n|move|p1b: Muk|Poison Gas|p2b: Dogi Style|[spread] p2a,p2b\n|-status|p2a: Honse|psn\n|-status|p2b: Dogi Style|psn\n|\n|-heal|p1b: Muk|90\/100|[from] item: Leftovers\n|-damage|p2a: Honse|79\/100 psn|[from] psn\n|-damage|p2b: Dogi Style|88\/100 psn|[from] psn\n|-ability|p1b: Muk|Moody|boost\n|-boost|p1b: Muk|spe|2\n|-unboost|p1b: Muk|def|1\n|upkeep\n|turn|8\n|inactive|Glory Of Pokemon has 30 seconds left.\n|\n|t:|1739964631\n|move|p2a: Honse|Astral Barrage|p1a: Calyrex|[spread] p1a\n|-miss|p2a: Honse|p1b: Muk\n|-damage|p1a: Calyrex|0 fnt\n|faint|p1a: Calyrex\n|-ability|p2a: Honse|Grim Neigh|boost\n|-boost|p2a: Honse|spa|1\n|-damage|p2a: Honse|69\/100 psn|[from] item: Life Orb\n|move|p2b: Dogi Style|Drain Punch|p1b: Muk|[miss]\n|-miss|p2b: Dogi Style|p1b: Muk\n|move|p1b: Muk|Knock Off|p2a: Honse\n|-supereffective|p2a: Honse\n|-damage|p2a: Honse|0 fnt\n|-enditem|p2a: Honse|Life Orb|[from] move: Knock Off|[of] p1b: Muk\n|faint|p2a: Honse\n|\n|-heal|p1b: Muk|96\/100|[from] item: Leftovers\n|-damage|p2b: Dogi Style|76\/100 psn|[from] psn\n|-ability|p1b: Muk|Moody|boost\n|-boost|p1b: Muk|def|2\n|-unboost|p1b: Muk|atk|1\n|upkeep\n|turn|9\n|inactive|Glory Of Pokemon has 30 seconds left.\n|\n|t:|1739964660\n|move|p1b: Muk|Protect|p1b: Muk\n|-singleturn|p1b: Muk|Protect\n|move|p2b: Dogi Style|Drain Punch|p1b: Muk\n|-activate|p1b: Muk|move: Protect\n|\n|-heal|p1b: Muk|100\/100|[from] item: Leftovers\n|-damage|p2b: Dogi Style|64\/100 psn|[from] psn\n|-sideend|p2: ComradeClownVGC|move: Tailwind\n|-ability|p1b: Muk|Moody|boost\n|-boost|p1b: Muk|spe|2\n|-unboost|p1b: Muk|spa|1\n|upkeep\n|turn|10\n|\n|t:|1739964667\n|move|p1b: Muk|Knock Off|p2b: Dogi Style\n|-resisted|p2b: Dogi Style\n|-damage|p2b: Dogi Style|48\/100 psn\n|-enditem|p2b: Dogi Style|Assault Vest|[from] move: Knock Off|[of] p1b: Muk\n|move|p2b: Dogi Style|Drain Punch|p1b: Muk\n|-damage|p1b: Muk|16\/100\n|-heal|p2b: Dogi Style|100\/100 psn|[from] drain|[of] p1b: Muk\n|\n|-heal|p1b: Muk|22\/100|[from] item: Leftovers\n|-damage|p2b: Dogi Style|88\/100 psn|[from] psn\n|-ability|p1b: Muk|Moody|boost\n|-boost|p1b: Muk|def|2\n|-unboost|p1b: Muk|spe|1\n|upkeep\n|turn|11\n|\n|t:|1739964678\n|move|p1b: Muk|Protect|p1b: Muk\n|-singleturn|p1b: Muk|Protect\n|move|p2b: Dogi Style|Drain Punch|p1b: Muk\n|-activate|p1b: Muk|move: Protect\n|\n|-heal|p1b: Muk|28\/100|[from] item: Leftovers\n|-damage|p2b: Dogi Style|76\/100 psn|[from] psn\n|-ability|p1b: Muk|Moody|boost\n|-boost|p1b: Muk|def|2\n|-unboost|p1b: Muk|spe|1\n|upkeep\n|turn|12\n|\n|t:|1739964686\n|move|p1b: Muk|Knock Off|p2b: Dogi Style\n|-resisted|p2b: Dogi Style\n|-damage|p2b: Dogi Style|65\/100 psn\n|move|p2b: Dogi Style|Drain Punch|p1b: Muk|[miss]\n|-miss|p2b: Dogi Style|p1b: Muk\n|\n|-heal|p1b: Muk|34\/100|[from] item: Leftovers\n|-damage|p2b: Dogi Style|53\/100 psn|[from] psn\n|-ability|p1b: Muk|Moody|boost\n|-boost|p1b: Muk|spd|2\n|-unboost|p1b: Muk|spe|1\n|upkeep\n|turn|13\n|\n|t:|1739964692\n|move|p1b: Muk|Protect|p1b: Muk\n|-singleturn|p1b: Muk|Protect\n|move|p2b: Dogi Style|Drain Punch|p1b: Muk\n|-activate|p1b: Muk|move: Protect\n|\n|-heal|p1b: Muk|40\/100|[from] item: Leftovers\n|-damage|p2b: Dogi Style|41\/100 psn|[from] psn\n|-ability|p1b: Muk|Moody|boost\n|-boost|p1b: Muk|atk|2\n|-unboost|p1b: Muk|def|1\n|upkeep\n|turn|14\n|\n|t:|1739964706\n|move|p2b: Dogi Style|Drain Punch|p1b: Muk|[miss]\n|-miss|p2b: Dogi Style|p1b: Muk\n|move|p1b: Muk|Knock Off|p2b: Dogi Style\n|-resisted|p2b: Dogi Style\n|-damage|p2b: Dogi Style|19\/100 psn\n|\n|-heal|p1b: Muk|46\/100|[from] item: Leftovers\n|-damage|p2b: Dogi Style|7\/100 psn|[from] psn\n|-ability|p1b: Muk|Moody|boost\n|-boost|p1b: Muk|spe|2\n|-unboost|p1b: Muk|def|1\n|upkeep\n|turn|15\n|\n|t:|1739964716\n|move|p1b: Muk|Protect|p1b: Muk\n|-singleturn|p1b: Muk|Protect\n|move|p2b: Dogi Style|Drain Punch|p1b: Muk\n|-activate|p1b: Muk|move: Protect\n|\n|-heal|p1b: Muk|52\/100|[from] item: Leftovers\n|-damage|p2b: Dogi Style|0 fnt|[from] psn\n|faint|p2b: Dogi Style\n|\n|win|Glory Of Pokemon\n|upkeep\n|raw|Glory Of Pokemon's rating: 1552 &rarr; <strong>1575<\/strong><br \/>(+23 for winning)\n|raw|ComradeClownVGC's rating: 1599 &rarr; <strong>1576<\/strong><br \/>(-23 for losing)\n","uploadtime":1739964731,"views":53,"formatid":"gen9vgc2025regg","rating":1575,"private":0,"password":null}