{"id":"gen9vgc2025regg-2303750601","format":"[Gen 9] VGC 2025 Reg G","players":["lyqvgc","ok3rd"],"log":"|j|\u2606lyqvgc\n|j|\u2606ok3rd\n|t:|1739970969\n|gametype|doubles\n|player|p1|lyqvgc|swimmerf|1616\n|player|p2|ok3rd|lillie-z|1714\n|teamsize|p1|6\n|teamsize|p2|6\n|gen|9\n|tier|[Gen 9] VGC 2025 Reg G\n|rated|\n|rule|Species Clause: Limit one of each Pok\u00e9mon\n|rule|Item Clause: Limit 1 of each item\n|clearpoke\n|poke|p1|Miraidon, L50|\n|poke|p1|Farigiraf, L50, F|\n|poke|p1|Raging Bolt, L50|\n|poke|p1|Torkoal, L50, M|\n|poke|p1|Ursaluna, L50, F|\n|poke|p1|Whimsicott, L50, M|\n|poke|p2|Raging Bolt, L50|\n|poke|p2|Miraidon, L50|\n|poke|p2|Ogerpon-Hearthflame, L50, F|\n|poke|p2|Torkoal, L50, F|\n|poke|p2|Farigiraf, L50, F|\n|poke|p2|Ursaluna, L50, F|\n|teampreview|4\n|c|\u2606ok3rd|\uff1f\uff1f\uff1f\uff1f\n|c|\u2606ok3rd|5 same pokemon\n|j| Arvidgstar\n|c|\u2606ok3rd|Do you know Bolt + Miraidon so strong ?\n|inactive|Battle timer is ON: inactive players will automatically lose when time's up. (requested by ok3rd)\n|c|\u2606lyqvgc|what\n|j| chenjiannian\n|j| paradoxguardiola\n|inactive|lyqvgc has 60 seconds left.\n|\n|t:|1739971077\n|start\n|switch|p1a: Miraidon|Miraidon, L50|100\/100\n|switch|p1b: Whimsicott|Whimsicott, L50, M|100\/100\n|switch|p2a: Miraidon|Miraidon, L50|100\/100\n|switch|p2b: Farigiraf|Farigiraf, L50, F|100\/100\n|-fieldstart|move: Electric Terrain|[from] ability: Hadron Engine|[of] p2a: Miraidon\n|-enditem|p2b: Farigiraf|Electric Seed\n|-boost|p2b: Farigiraf|def|1|[from] item: Electric Seed\n|-activate|p1a: Miraidon|ability: Hadron Engine\n|turn|1\n|inactive|lyqvgc has 30 seconds left.\n|\n|t:|1739971106\n|-terastallize|p1a: Miraidon|Fairy\n|-terastallize|p2b: Farigiraf|Ground\n|move|p2b: Farigiraf|Helping Hand|p2a: Miraidon\n|-singleturn|p2a: Miraidon|Helping Hand|[of] p2b: Farigiraf\n|move|p1b: Whimsicott|Tailwind|p1b: Whimsicott\n|-sidestart|p1: lyqvgc|move: Tailwind\n|move|p1a: Miraidon|Electro Drift|p2b: Farigiraf\n|-immune|p2b: Farigiraf\n|move|p2a: Miraidon|Electro Drift|p1a: Miraidon\n|-damage|p1a: Miraidon|0 fnt\n|faint|p1a: Miraidon\n|\n|upkeep\n|c|\u2606lyqvgc|oh\n|inactive|lyqvgc has 30 seconds left.\n|c|\u2606ok3rd|this is a gamble\n|inactive|lyqvgc has 20 seconds left.\n|inactive|lyqvgc has 15 seconds left.\n|inactive|lyqvgc has 10 seconds left.\n|inactive|lyqvgc has 5 seconds left.\n|\n|t:|1739971157\n|switch|p1a: Ursaluna|Ursaluna, L50, F|100\/100\n|turn|2\n|c|\u2606ok3rd|I predict ur skills, maybe you want to use light screen + tera fairy\n|inactive|lyqvgc has 30 seconds left.\n|inactive|lyqvgc has 20 seconds left.\n|inactive|lyqvgc has 15 seconds left.\n|\n|t:|1739971202\n|move|p2a: Miraidon|Electro Drift|p1b: Whimsicott\n|-resisted|p1b: Whimsicott\n|-enditem|p1b: Whimsicott|Focus Sash\n|-damage|p1b: Whimsicott|1\/100\n|move|p1a: Ursaluna|Headlong Rush|p2a: Miraidon\n|-supereffective|p2a: Miraidon\n|-damage|p2a: Miraidon|0 fnt\n|-unboost|p1a: Ursaluna|def|1\n|-unboost|p1a: Ursaluna|spd|1\n|faint|p2a: Miraidon\n|move|p1b: Whimsicott|Trick Room|p1b: Whimsicott\n|-fieldstart|move: Trick Room|[of] p1b: Whimsicott\n|move|p2b: Farigiraf|Trick Room|p2b: Farigiraf\n|-fieldend|move: Trick Room\n|\n|-status|p1a: Ursaluna|brn|[from] item: Flame Orb\n|upkeep\n|\n|t:|1739971215\n|switch|p2a: Raging Bolt|Raging Bolt, L50|100\/100\n|turn|3\n|inactive|lyqvgc has 30 seconds left.\n|inactive|lyqvgc has 20 seconds left.\n|inactive|lyqvgc has 15 seconds left.\n|\n|t:|1739971259\n|move|p2a: Raging Bolt|Thunderclap|p1b: Whimsicott\n|-resisted|p1b: Whimsicott\n|-damage|p1b: Whimsicott|0 fnt\n|faint|p1b: Whimsicott\n|-damage|p2a: Raging Bolt|91\/100|[from] item: Life Orb\n|move|p1a: Ursaluna|Facade|p2b: Farigiraf\n|-damage|p2b: Farigiraf|37\/100\n|move|p2b: Farigiraf|Trick Room|p2b: Farigiraf\n|-fieldstart|move: Trick Room|[of] p2b: Farigiraf\n|\n|-damage|p1a: Ursaluna|94\/100 brn|[from] brn\n|upkeep\n|\n|t:|1739971271\n|switch|p1b: Raging Bolt|Raging Bolt, L50|100\/100\n|turn|4\n|\n|t:|1739971290\n|move|p2b: Farigiraf|Helping Hand|p2a: Raging Bolt\n|-singleturn|p2a: Raging Bolt|Helping Hand|[of] p2b: Farigiraf\n|move|p1a: Ursaluna|Protect|p1a: Ursaluna\n|-singleturn|p1a: Ursaluna|Protect\n|move|p1b: Raging Bolt|Protect|p1b: Raging Bolt\n|-singleturn|p1b: Raging Bolt|Protect\n|move|p2a: Raging Bolt|Draco Meteor|p1b: Raging Bolt\n|-activate|p1b: Raging Bolt|move: Protect\n|\n|-damage|p1a: Ursaluna|88\/100 brn|[from] brn\n|-sideend|p1: lyqvgc|move: Tailwind\n|upkeep\n|turn|5\n|inactive|lyqvgc has 30 seconds left.\n|inactive|lyqvgc has 20 seconds left.\n|inactive|ok3rd has 30 seconds left.\n|inactive|ok3rd has 20 seconds left.\n|inactive|ok3rd has 15 seconds left.\n|\n|t:|1739971340\n|switch|p2b: Torkoal|Torkoal, L50, F|100\/100\n|-weather|SunnyDay|[from] ability: Drought|[of] p2b: Torkoal\n|-activate|p2a: Raging Bolt|ability: Protosynthesis\n|-start|p2a: Raging Bolt|protosynthesisspa\n|-activate|p1b: Raging Bolt|ability: Protosynthesis\n|-start|p1b: Raging Bolt|protosynthesisspa\n|-item|p2b: Torkoal|Air Balloon\n|move|p2a: Raging Bolt|Protect|p2a: Raging Bolt\n|-singleturn|p2a: Raging Bolt|Protect\n|move|p1a: Ursaluna|Facade|p2a: Raging Bolt\n|-activate|p2a: Raging Bolt|move: Protect\n|move|p1b: Raging Bolt|Draco Meteor|p2b: Torkoal\n|-crit|p2b: Torkoal\n|-damage|p2b: Torkoal|0 fnt\n|-unboost|p1b: Raging Bolt|spa|2\n|-enditem|p2b: Torkoal|Air Balloon\n|faint|p2b: Torkoal\n|-damage|p1b: Raging Bolt|90\/100|[from] item: Life Orb\n|\n|-weather|SunnyDay|[upkeep]\n|-damage|p1a: Ursaluna|82\/100 brn|[from] brn\n|-fieldend|move: Electric Terrain\n|upkeep\n|\n|t:|1739971342\n|switch|p2b: Farigiraf|Farigiraf, L50, F, tera:Ground|37\/100\n|turn|6\n|inactive|lyqvgc has 30 seconds left.\n|\n|t:|1739971370\n|move|p2a: Raging Bolt|Protect|p2a: Raging Bolt\n|-singleturn|p2a: Raging Bolt|Protect\n|move|p1a: Ursaluna|Headlong Rush|p2a: Raging Bolt\n|-activate|p2a: Raging Bolt|move: Protect\n|move|p1b: Raging Bolt|Draco Meteor|p2b: Farigiraf\n|-damage|p2b: Farigiraf|0 fnt\n|-unboost|p1b: Raging Bolt|spa|2\n|faint|p2b: Farigiraf\n|-damage|p1b: Raging Bolt|80\/100|[from] item: Life Orb\n|\n|-weather|SunnyDay|[upkeep]\n|-damage|p1a: Ursaluna|75\/100 brn|[from] brn\n|upkeep\n|turn|7\n|\n|t:|1739971387\n|move|p2a: Raging Bolt|Protect||[still]\n|-fail|p2a: Raging Bolt\n|move|p1a: Ursaluna|Headlong Rush|p2a: Raging Bolt\n|-supereffective|p2a: Raging Bolt\n|-damage|p2a: Raging Bolt|0 fnt\n|-unboost|p1a: Ursaluna|def|1\n|-unboost|p1a: Ursaluna|spd|1\n|faint|p2a: Raging Bolt\n|-end|p2a: Raging Bolt|Protosynthesis|[silent]\n|\n|win|lyqvgc\n|raw|lyqvgc's rating: 1616 &rarr; <strong>1641<\/strong><br \/>(+25 for winning)\n|raw|ok3rd's rating: 1714 &rarr; <strong>1689<\/strong><br \/>(-25 for losing)\n|c|\u2606ok3rd|gg\n|l| paradoxguardiola\n|c|\u2606lyqvgc|good game\n|l| Arvidgstar\n|c|\u2606ok3rd|ur torkaol item is ?\n|c|\u2606ok3rd|balloon ?\n|c|\u2606lyqvgc|my English no good\n|c|\u2606lyqvgc|haha\n|c|\u2606ok3rd|ok, how you know this team ?\n|c|\u2606ok3rd|I mean  I know who create this team\n|c|\u2606lyqvgc|look a game\n|c|\u2606ok3rd|oh\n|c|\u2606lyqvgc|and i think it\n|c|\u2606ok3rd|this team good \uff1f\n|c|\u2606lyqvgc|no balloon\n|c|\u2606lyqvgc|it is charcoal\n|c|\u2606ok3rd|oh, I think balloon is a better choice, your ursa use earthquake can't hit torcoal\n|c|\u2606ok3rd|ok\uff0c you want to huge damage\n|c|\u2606ok3rd|have a nice day\n|c|\u2606ok3rd|bye-bye\n|c|\u2606lyqvgc|but it alawys no usful\n|c|\u2606lyqvgc|okok\n|c|\u2606ok3rd|you can test balloon\n|c|\u2606lyqvgc|have a nice day\n|l|\u2606ok3rd\n|player|p2|\n|l| chenjiannian\n|l|\u2606lyqvgc\n|player|p1|\n|j|\u2606lyqvgc\n|player|p1|lyqvgc|swimmerf|\n","uploadtime":1739971395,"views":31,"formatid":"gen9vgc2025regg","rating":1641,"private":0,"password":null}