{"id":"gen9vgc2025regg-2303855402","format":"[Gen 9] VGC 2025 Reg G","players":["PM77Switch","Yung Trav"],"log":"|j|\u2606PM77Switch\n|j|\u2606Yung Trav\n|t:|1739982585\n|gametype|doubles\n|player|p1|PM77Switch|1|1516\n|player|p2|Yung Trav|170|1649\n|teamsize|p1|6\n|teamsize|p2|6\n|gen|9\n|tier|[Gen 9] VGC 2025 Reg G\n|rated|\n|rule|Species Clause: Limit one of each Pok\u00e9mon\n|rule|Item Clause: Limit 1 of each item\n|clearpoke\n|poke|p1|Miraidon, L50|\n|poke|p1|Whimsicott, L50, F|\n|poke|p1|Chi-Yu, L50|\n|poke|p1|Farigiraf, L50, F|\n|poke|p1|Urshifu-*, L50, M|\n|poke|p1|Iron Bundle, L50|\n|poke|p2|Calyrex-Ice, L50|\n|poke|p2|Regidrago, L50|\n|poke|p2|Smeargle, L50, M|\n|poke|p2|Farigiraf, L50, M|\n|poke|p2|Urshifu-*, L50, M|\n|poke|p2|Ogerpon-Cornerstone, L50, F|\n|teampreview|4\n|inactive|Battle timer is ON: inactive players will automatically lose when time's up. (requested by Yung Trav)\n|inactive|PM77Switch also wants the timer to be on.\n|\n|t:|1739982615\n|start\n|switch|p1a: Iron Bundle|Iron Bundle, L50|100\/100\n|switch|p1b: Miraidon|Miraidon, L50|100\/100\n|switch|p2a: Calyrex|Calyrex-Ice, L50|100\/100\n|switch|p2b: Ogerpon|Ogerpon-Cornerstone, L50, F|100\/100\n|-ability|p2a: Calyrex|As One\n|-ability|p2a: Calyrex|Unnerve\n|-fieldstart|move: Electric Terrain|[from] ability: Hadron Engine|[of] p1b: Miraidon\n|-activate|p1a: Iron Bundle|ability: Quark Drive\n|-start|p1a: Iron Bundle|quarkdrivespe\n|turn|1\n|\n|t:|1739982639\n|move|p2b: Ogerpon|Follow Me|p2b: Ogerpon\n|-singleturn|p2b: Ogerpon|move: Follow Me\n|move|p1a: Iron Bundle|Icy Wind|p2b: Ogerpon|[spread] p2a,p2b\n|-resisted|p2a: Calyrex\n|-supereffective|p2b: Ogerpon\n|-damage|p2a: Calyrex|93\/100\n|-damage|p2b: Ogerpon|49\/100\n|-unboost|p2b: Ogerpon|spe|1\n|move|p1b: Miraidon|Volt Switch|p2b: Ogerpon\n|-resisted|p2b: Ogerpon\n|-damage|p2b: Ogerpon|0 fnt\n|faint|p2b: Ogerpon\n|\n|t:|1739982648\n|switch|p1b: Farigiraf|Farigiraf, L50, F|100\/100|[from] Volt Switch\n|-enditem|p1b: Farigiraf|Electric Seed\n|-boost|p1b: Farigiraf|def|1|[from] item: Electric Seed\n|move|p2a: Calyrex|Trick Room|p2a: Calyrex\n|-fieldstart|move: Trick Room|[of] p2a: Calyrex\n|\n|upkeep\n|\n|t:|1739982665\n|switch|p2b: Regidrago|Regidrago, L50, shiny|100\/100\n|turn|2\n|inactive|PM77Switch has 30 seconds left.\n|inactive|PM77Switch has 20 seconds left.\n|\n|t:|1739982700\n|-terastallize|p2a: Calyrex|Water\n|move|p1a: Iron Bundle|Protect|p1a: Iron Bundle\n|-singleturn|p1a: Iron Bundle|Protect\n|move|p2b: Regidrago|Dragon Energy|p1a: Iron Bundle|[spread] p1b\n|-activate|p1a: Iron Bundle|move: Protect\n|-damage|p1b: Farigiraf|27\/100\n|move|p2a: Calyrex|Glacial Lance|p1a: Iron Bundle|[spread] p1b\n|-activate|p1a: Iron Bundle|move: Protect\n|-damage|p1b: Farigiraf|0 fnt\n|faint|p1b: Farigiraf\n|-ability|p2a: Calyrex|Chilling Neigh|boost\n|-boost|p2a: Calyrex|atk|1\n|\n|upkeep\n|\n|t:|1739982718\n|switch|p1b: Miraidon|Miraidon, L50|100\/100\n|-activate|p1b: Miraidon|ability: Hadron Engine\n|turn|3\n|inactive|PM77Switch has 30 seconds left.\n|\n|t:|1739982743\n|-terastallize|p1b: Miraidon|Fairy\n|move|p2b: Regidrago|Tera Blast|p1b: Miraidon\n|-damage|p1b: Miraidon|78\/100\n|move|p2a: Calyrex|Glacial Lance|p1b: Miraidon|[spread] p1a,p1b\n|-resisted|p1a: Iron Bundle\n|-damage|p1a: Iron Bundle|73\/100\n|-damage|p1b: Miraidon|0 fnt\n|faint|p1b: Miraidon\n|-ability|p2a: Calyrex|Chilling Neigh|boost\n|-boost|p2a: Calyrex|atk|1\n|move|p1a: Iron Bundle|Freeze-Dry|p2a: Calyrex\n|-supereffective|p2a: Calyrex\n|-damage|p2a: Calyrex|42\/100\n|\n|upkeep\n|\n|t:|1739982755\n|switch|p1b: Chi-Yu|Chi-Yu, L50|100\/100\n|-ability|p1b: Chi-Yu|Beads of Ruin\n|turn|4\n|\n|t:|1739982764\n|move|p1b: Chi-Yu|Protect|p1b: Chi-Yu\n|-singleturn|p1b: Chi-Yu|Protect\n|move|p1a: Iron Bundle|Protect|p1a: Iron Bundle\n|-singleturn|p1a: Iron Bundle|Protect\n|move|p2b: Regidrago|Dragon Energy|p1a: Iron Bundle|[spread] \n|-activate|p1a: Iron Bundle|move: Protect\n|-activate|p1b: Chi-Yu|move: Protect\n|move|p2a: Calyrex|Glacial Lance|p1b: Chi-Yu|[spread] \n|-activate|p1a: Iron Bundle|move: Protect\n|-activate|p1b: Chi-Yu|move: Protect\n|\n|upkeep\n|turn|5\n|\n|t:|1739982778\n|move|p1b: Chi-Yu|Protect|p1b: Chi-Yu\n|-singleturn|p1b: Chi-Yu|Protect\n|move|p1a: Iron Bundle|Protect|p1a: Iron Bundle\n|-singleturn|p1a: Iron Bundle|Protect\n|move|p2b: Regidrago|Dragon Energy|p1a: Iron Bundle|[spread] \n|-activate|p1a: Iron Bundle|move: Protect\n|-activate|p1b: Chi-Yu|move: Protect\n|move|p2a: Calyrex|Glacial Lance|p1b: Chi-Yu|[spread] \n|-activate|p1a: Iron Bundle|move: Protect\n|-activate|p1b: Chi-Yu|move: Protect\n|\n|-fieldend|move: Trick Room\n|-fieldend|move: Electric Terrain\n|-end|p1a: Iron Bundle|Quark Drive\n|upkeep\n|turn|6\n|\n|t:|1739982802\n|move|p2a: Calyrex|Protect|p2a: Calyrex\n|-singleturn|p2a: Calyrex|Protect\n|move|p1a: Iron Bundle|Freeze-Dry|p2a: Calyrex\n|-activate|p2a: Calyrex|move: Protect\n|move|p1b: Chi-Yu|Dark Pulse|p2b: Regidrago\n|-damage|p2b: Regidrago|46\/100\n|move|p2b: Regidrago|Draco Meteor|p1b: Chi-Yu\n|-damage|p1b: Chi-Yu|11\/100\n|-unboost|p2b: Regidrago|spa|2\n|\n|upkeep\n|turn|7\n|\n|t:|1739982822\n|move|p2a: Calyrex|Protect||[still]\n|-fail|p2a: Calyrex\n|move|p1a: Iron Bundle|Freeze-Dry|p2a: Calyrex\n|-supereffective|p2a: Calyrex\n|-damage|p2a: Calyrex|0 fnt\n|faint|p2a: Calyrex\n|move|p1b: Chi-Yu|Dark Pulse|p2b: Regidrago\n|-damage|p2b: Regidrago|0 fnt\n|faint|p2b: Regidrago\n|\n|upkeep\n|-message|Yung Trav forfeited.\n|\n|win|PM77Switch\n|raw|PM77Switch's rating: 1516 &rarr; <strong>1543<\/strong><br \/>(+27 for winning)\n|raw|Yung Trav's rating: 1649 &rarr; <strong>1622<\/strong><br \/>(-27 for losing)\n|l|\u2606Yung Trav\n|player|p2|\n|j|\u2606Yung Trav\n|player|p2|Yung Trav|170|\n|l|\u2606PM77Switch\n|player|p1|\n|l|\u2606Yung Trav\n|player|p2|\n","uploadtime":1739983059,"views":5,"formatid":"gen9vgc2025regg","rating":1543,"private":0,"password":null}