{"id":"gen9vgc2025regg-2303680957","format":"[Gen 9] VGC 2025 Reg G","players":["cobalt_poke","lyqvgc"],"log":"|j|\u2606cobalt_poke\n|j|\u2606lyqvgc\n|t:|1739959861\n|gametype|doubles\n|player|p1|cobalt_poke|265|1630\n|player|p2|lyqvgc|swimmerf|1559\n|teamsize|p1|6\n|teamsize|p2|6\n|gen|9\n|tier|[Gen 9] VGC 2025 Reg G\n|rated|\n|rule|Species Clause: Limit one of each Pok\u00e9mon\n|rule|Item Clause: Limit 1 of each item\n|clearpoke\n|poke|p1|Rillaboom, L50, F|\n|poke|p1|Amoonguss, L50, M|\n|poke|p1|Incineroar, L50, M|\n|poke|p1|Kyogre, L50|\n|poke|p1|Urshifu-*, L50, M|\n|poke|p1|Roaring Moon, L50|\n|poke|p2|Miraidon, L50|\n|poke|p2|Farigiraf, L50, F|\n|poke|p2|Raging Bolt, L50|\n|poke|p2|Torkoal, L50, M|\n|poke|p2|Ursaluna, L50, M|\n|poke|p2|Whimsicott, L50, M|\n|teampreview|4\n|\n|t:|1739959924\n|start\n|switch|p1a: Kyogre|Kyogre, L50|100\/100\n|switch|p1b: Rillaboom|Rillaboom, L50, F|100\/100\n|switch|p2a: Miraidon|Miraidon, L50|100\/100\n|switch|p2b: Whimsicott|Whimsicott, L50, M|100\/100\n|-fieldstart|move: Electric Terrain|[from] ability: Hadron Engine|[of] p2a: Miraidon\n|-weather|RainDance|[from] ability: Drizzle|[of] p1a: Kyogre\n|-fieldstart|move: Grassy Terrain|[from] ability: Grassy Surge|[of] p1b: Rillaboom\n|turn|1\n|\n|t:|1739959958\n|switch|p2a: Ursaluna|Ursaluna, L50, M|100\/100\n|switch|p1a: Amoonguss|Amoonguss, L50, M|100\/100\n|move|p1b: Rillaboom|U-turn|p2a: Ursaluna\n|-damage|p2a: Ursaluna|86\/100\n|\n|t:|1739959966\n|switch|p1b: Incineroar|Incineroar, L50, M|100\/100|[from] U-turn\n|-ability|p1b: Incineroar|Intimidate|boost\n|-unboost|p2a: Ursaluna|atk|1\n|-unboost|p2b: Whimsicott|atk|1\n|move|p2b: Whimsicott|Trick Room|p2b: Whimsicott\n|-fieldstart|move: Trick Room|[of] p2b: Whimsicott\n|\n|-weather|RainDance|[upkeep]\n|-heal|p2a: Ursaluna|92\/100|[from] Grassy Terrain\n|-status|p2a: Ursaluna|brn|[from] item: Flame Orb\n|upkeep\n|turn|2\n|j| uppercut vgc\n|l| uppercut vgc\n|\n|t:|1739960021\n|move|p1a: Amoonguss|Rage Powder|p1a: Amoonguss\n|-singleturn|p1a: Amoonguss|move: Rage Powder\n|move|p2a: Ursaluna|Facade|p1a: Amoonguss\n|-damage|p1a: Amoonguss|39\/100\n|-damage|p2a: Ursaluna|75\/100 brn|[from] item: Rocky Helmet|[of] p1a: Amoonguss\n|move|p1b: Incineroar|Parting Shot|p2a: Ursaluna\n|-unboost|p2a: Ursaluna|atk|1\n|-unboost|p2a: Ursaluna|spa|1\n|\n|t:|1739960032\n|switch|p1b: Kyogre|Kyogre, L50|100\/100|[from] Parting Shot\n|move|p2b: Whimsicott|Moonblast|p1b: Kyogre\n|-damage|p1b: Kyogre|73\/100\n|\n|-weather|RainDance|[upkeep]\n|-heal|p1a: Amoonguss|45\/100|[from] Grassy Terrain\n|-heal|p2a: Ursaluna|82\/100 brn|[from] Grassy Terrain\n|-heal|p1b: Kyogre|79\/100|[from] Grassy Terrain\n|-heal|p1b: Kyogre|85\/100|[from] item: Leftovers\n|-damage|p2a: Ursaluna|75\/100 brn|[from] brn\n|upkeep\n|turn|3\n|\n|t:|1739960058\n|switch|p1a: Incineroar|Incineroar, L50, M|100\/100\n|-ability|p1a: Incineroar|Intimidate|boost\n|-unboost|p2a: Ursaluna|atk|1\n|-unboost|p2b: Whimsicott|atk|1\n|switch|p2a: Raging Bolt|Raging Bolt, L50|100\/100\n|move|p1b: Kyogre|Ice Beam|p2b: Whimsicott\n|-supereffective|p2b: Whimsicott\n|-damage|p2b: Whimsicott|2\/100\n|move|p2b: Whimsicott|Moonblast|p1b: Kyogre\n|-damage|p1b: Kyogre|59\/100\n|-unboost|p1b: Kyogre|spa|1\n|\n|-weather|RainDance|[upkeep]\n|-heal|p1b: Kyogre|65\/100|[from] Grassy Terrain\n|-heal|p1b: Kyogre|71\/100|[from] item: Leftovers\n|-heal|p2b: Whimsicott|8\/100|[from] Grassy Terrain\n|upkeep\n|turn|4\n|l|\u2606lyqvgc\n|player|p2|\n|inactive|Battle timer is ON: inactive players will automatically lose when time's up. (requested by cobalt_poke)\n|j|\u2606lyqvgc\n|inactive|lyqvgc reconnected and has 90 seconds left.\n|player|p2|lyqvgc|swimmerf|\n|\n|t:|1739960130\n|switch|p1b: Rillaboom|Rillaboom, L50, F|100\/100\n|switch|p2b: Ursaluna|Ursaluna, L50, M|75\/100 brn\n|move|p2a: Raging Bolt|Protect|p2a: Raging Bolt\n|-singleturn|p2a: Raging Bolt|Protect\n|move|p1a: Incineroar|Fake Out|p2b: Ursaluna\n|-damage|p2b: Ursaluna|68\/100 brn\n|\n|-weather|RainDance|[upkeep]\n|-heal|p2b: Ursaluna|74\/100 brn|[from] Grassy Terrain\n|-damage|p2b: Ursaluna|68\/100 brn|[from] brn\n|upkeep\n|turn|5\n|inactive|cobalt_poke has 30 seconds left.\n|inactive|lyqvgc has 30 seconds left.\n|inactive|lyqvgc has 20 seconds left.\n|inactive|lyqvgc has 15 seconds left.\n|inactive|lyqvgc has 10 seconds left.\n|inactive|lyqvgc has 5 seconds left.\n|\n|t:|1739960181\n|-end|p2a: Raging Bolt|Protosynthesis|[silent]\n|switch|p2a: Whimsicott|Whimsicott, L50, M|8\/100\n|move|p1a: Incineroar|Fake Out||[still]\n|-hint|Fake Out only works on your first turn out.\n|-fail|p1a: Incineroar\n|move|p2b: Ursaluna|Facade|p1a: Incineroar\n|-damage|p1a: Incineroar|0 fnt\n|faint|p1a: Incineroar\n|move|p1b: Rillaboom|U-turn|p2a: Whimsicott\n|-damage|p2a: Whimsicott|0 fnt\n|faint|p2a: Whimsicott\n|\n|t:|1739960191\n|switch|p1b: Amoonguss|Amoonguss, L50, M|78\/100|[from] U-turn\n|\n|-weather|none\n|-heal|p1b: Amoonguss|84\/100|[from] Grassy Terrain\n|-heal|p2b: Ursaluna|74\/100 brn|[from] Grassy Terrain\n|-damage|p2b: Ursaluna|68\/100 brn|[from] brn\n|-fieldend|move: Trick Room\n|-fieldend|move: Grassy Terrain\n|upkeep\n|\n|t:|1739960205\n|switch|p2a: Miraidon|Miraidon, L50|100\/100\n|switch|p1a: Kyogre|Kyogre, L50|71\/100\n|-fieldstart|move: Electric Terrain|[from] ability: Hadron Engine|[of] p2a: Miraidon\n|-weather|RainDance|[from] ability: Drizzle|[of] p1a: Kyogre\n|turn|6\n|\n|t:|1739960227\n|-terastallize|p1a: Kyogre|Grass\n|-terastallize|p2b: Ursaluna|Grass\n|move|p2a: Miraidon|Draco Meteor|p1b: Amoonguss\n|-damage|p1b: Amoonguss|0 fnt\n|-unboost|p2a: Miraidon|spa|2\n|faint|p1b: Amoonguss\n|move|p1a: Kyogre|Origin Pulse|p2a: Miraidon|[spread] p2a,p2b\n|-resisted|p2a: Miraidon\n|-resisted|p2b: Ursaluna\n|-damage|p2a: Miraidon|72\/100\n|-damage|p2b: Ursaluna|42\/100 brn\n|move|p2b: Ursaluna|Facade|p1a: Kyogre\n|-damage|p1a: Kyogre|0 fnt\n|faint|p1a: Kyogre\n|\n|-weather|RainDance|[upkeep]\n|-damage|p2b: Ursaluna|35\/100 brn|[from] brn\n|upkeep\n|-message|cobalt_poke forfeited.\n|\n|win|lyqvgc\n|raw|cobalt_poke's rating: 1630 &rarr; <strong>1606<\/strong><br \/>(-24 for losing)\n|raw|lyqvgc's rating: 1559 &rarr; <strong>1583<\/strong><br \/>(+24 for winning)\n|l|\u2606cobalt_poke\n|player|p1|\n|l|\u2606lyqvgc\n|player|p2|\n","uploadtime":1739960487,"views":5,"formatid":"gen9vgc2025regg","rating":1583,"private":0,"password":null}