{"id":"gen9vgc2025regg-2303300218","format":"[Gen 9] VGC 2025 Reg G","players":["OUWW stealthrock","xxxPlayer5xxx"],"log":"|j|\u2606OUWW stealthrock\n|j|\u2606xxxPlayer5xxx\n|t:|1739907175\n|gametype|doubles\n|player|p1|OUWW stealthrock|266|1620\n|player|p2|xxxPlayer5xxx|102|1560\n|teamsize|p1|6\n|teamsize|p2|6\n|gen|9\n|tier|[Gen 9] VGC 2025 Reg G\n|rated|\n|rule|Species Clause: Limit one of each Pok\u00e9mon\n|rule|Item Clause: Limit 1 of each item\n|clearpoke\n|poke|p1|Miraidon, L50|\n|poke|p1|Ursaluna, L50, M|\n|poke|p1|Farigiraf, L50, F|\n|poke|p1|Incineroar, L50, M|\n|poke|p1|Wo-Chien, L50|\n|poke|p1|Iron Bundle, L50|\n|poke|p2|Ho-Oh, L50|\n|poke|p2|Tornadus, L50, M|\n|poke|p2|Raging Bolt, L50|\n|poke|p2|Amoonguss, L50, M|\n|poke|p2|Annihilape, L50, M|\n|poke|p2|Volcarona, L50, F|\n|teampreview|4\n|inactive|Battle timer is ON: inactive players will automatically lose when time's up. (requested by OUWW stealthrock)\n|inactive|OUWW stealthrock has 60 seconds left.\n|j| Rareasfukk\n|inactive|xxxPlayer5xxx has 60 seconds left.\n|\n|t:|1739907231\n|start\n|switch|p1a: Miraidon|Miraidon, L50|100\/100\n|switch|p1b: Iron Bundle|Iron Bundle, L50|100\/100\n|switch|p2a: Ho-Oh|Ho-Oh, L50|100\/100\n|switch|p2b: Annihilape|Annihilape, L50, M|100\/100\n|-fieldstart|move: Electric Terrain|[from] ability: Hadron Engine|[of] p1a: Miraidon\n|-activate|p1b: Iron Bundle|ability: Quark Drive\n|-start|p1b: Iron Bundle|quarkdrivespe\n|turn|1\n|j| MillerH33\n|\n|t:|1739907252\n|switch|p2a: Tornadus|Tornadus, L50, M|100\/100\n|move|p1b: Iron Bundle|Ice Beam|p2b: Annihilape\n|-damage|p2b: Annihilape|61\/100\n|move|p2b: Annihilape|Rage Fist|p1a: Miraidon\n|-damage|p1a: Miraidon|61\/100\n|move|p1a: Miraidon|Calm Mind|p1a: Miraidon\n|-boost|p1a: Miraidon|spa|1\n|-boost|p1a: Miraidon|spd|1\n|\n|upkeep\n|turn|2\n|\n|t:|1739907273\n|-end|p1b: Iron Bundle|Quark Drive|[silent]\n|switch|p1b: Wo-Chien|Wo-Chien, L50|100\/100\n|-ability|p1b: Wo-Chien|Tablets of Ruin\n|move|p2a: Tornadus|Protect|p2a: Tornadus\n|-singleturn|p2a: Tornadus|Protect\n|move|p2b: Annihilape|Rage Fist|p1a: Miraidon\n|-damage|p1a: Miraidon|32\/100\n|move|p1a: Miraidon|Parabolic Charge|p2a: Tornadus|[spread] p1b,p2b\n|-activate|p2a: Tornadus|move: Protect\n|-resisted|p1b: Wo-Chien\n|-damage|p1b: Wo-Chien|85\/100\n|-heal|p1a: Miraidon|40\/100|[from] drain|[of] p1b: Wo-Chien\n|-damage|p2b: Annihilape|6\/100\n|-heal|p1a: Miraidon|70\/100|[from] drain|[of] p2b: Annihilape\n|\n|upkeep\n|turn|3\n|\n|t:|1739907290\n|move|p2b: Annihilape|Rage Fist|p1a: Miraidon\n|-damage|p1a: Miraidon|20\/100\n|move|p1a: Miraidon|Parabolic Charge|p2a: Tornadus|[spread] p1b,p2a,p2b\n|-resisted|p1b: Wo-Chien\n|-supereffective|p2a: Tornadus\n|-damage|p1b: Wo-Chien|71\/100\n|-heal|p1a: Miraidon|28\/100|[from] drain|[of] p1b: Wo-Chien\n|-enditem|p2a: Tornadus|Focus Sash\n|-damage|p2a: Tornadus|1\/100\n|-heal|p1a: Miraidon|68\/100|[from] drain|[of] p2a: Tornadus\n|-damage|p2b: Annihilape|0 fnt\n|-heal|p1a: Miraidon|72\/100|[from] drain|[of] p2b: Annihilape\n|faint|p2b: Annihilape\n|move|p2a: Tornadus|Bleakwind Storm|p1b: Wo-Chien|[spread] p1a\n|-miss|p2a: Tornadus|p1b: Wo-Chien\n|-resisted|p1a: Miraidon\n|-crit|p1a: Miraidon\n|-damage|p1a: Miraidon|48\/100\n|move|p1b: Wo-Chien|Pollen Puff|p1a: Miraidon\n|-heal|p1a: Miraidon|98\/100\n|\n|upkeep\n|\n|t:|1739907294\n|switch|p2b: Ho-Oh|Ho-Oh, L50|100\/100\n|turn|4\n|\n|t:|1739907310\n|-terastallize|p2b: Ho-Oh|Ground\n|move|p1a: Miraidon|Protect|p1a: Miraidon\n|-singleturn|p1a: Miraidon|Protect\n|move|p2a: Tornadus|Tailwind|p2a: Tornadus\n|-sidestart|p2: xxxPlayer5xxx|move: Tailwind\n|move|p2b: Ho-Oh|Earthquake|p1b: Wo-Chien|[spread] p1b\n|-activate|p1a: Miraidon|move: Protect\n|-immune|p2a: Tornadus\n|-resisted|p1b: Wo-Chien\n|-damage|p1b: Wo-Chien|53\/100\n|move|p1b: Wo-Chien|Knock Off|p2b: Ho-Oh\n|-damage|p2b: Ho-Oh|77\/100\n|-enditem|p2b: Ho-Oh|Choice Band|[from] move: Knock Off|[of] p1b: Wo-Chien\n|\n|upkeep\n|turn|5\n|inactive|OUWW stealthrock has 30 seconds left.\n|\n|t:|1739907338\n|move|p2a: Tornadus|Bleakwind Storm|p1a: Miraidon|[spread] p1a,p1b\n|-resisted|p1a: Miraidon\n|-supereffective|p1b: Wo-Chien\n|-damage|p1a: Miraidon|87\/100\n|-damage|p1b: Wo-Chien|19\/100\n|-unboost|p1b: Wo-Chien|spe|1\n|move|p2b: Ho-Oh|Tera Blast|p1a: Miraidon|[anim] Tera Blast Ground\n|-supereffective|p1a: Miraidon\n|-damage|p1a: Miraidon|17\/100\n|move|p1a: Miraidon|Dragon Pulse|p2b: Ho-Oh\n|-damage|p2b: Ho-Oh|27\/100\n|move|p1b: Wo-Chien|Giga Drain|p2b: Ho-Oh\n|-supereffective|p2b: Ho-Oh\n|-damage|p2b: Ho-Oh|0 fnt\n|-heal|p1b: Wo-Chien|33\/100|[from] drain|[of] p2b: Ho-Oh\n|faint|p2b: Ho-Oh\n|\n|-fieldend|move: Electric Terrain\n|upkeep\n|\n|t:|1739907341\n|switch|p2b: Volcarona|Volcarona, L50, F|100\/100\n|turn|6\n|\n|t:|1739907365\n|move|p2a: Tornadus|Bleakwind Storm|p1b: Wo-Chien|[spread] p1a,p1b\n|-resisted|p1a: Miraidon\n|-supereffective|p1b: Wo-Chien\n|-damage|p1a: Miraidon|7\/100\n|-damage|p1b: Wo-Chien|0 fnt\n|faint|p1b: Wo-Chien\n|move|p2b: Volcarona|Heat Wave|p1a: Miraidon\n|-resisted|p1a: Miraidon\n|-damage|p1a: Miraidon|0 fnt\n|faint|p1a: Miraidon\n|\n|upkeep\n|\n|t:|1739907372\n|switch|p1a: Iron Bundle|Iron Bundle, L50|100\/100\n|switch|p1b: Incineroar|Incineroar, L50, M|100\/100\n|-ability|p1b: Incineroar|Intimidate|boost\n|-unboost|p2a: Tornadus|atk|1\n|-unboost|p2b: Volcarona|atk|1\n|turn|7\n|\n|t:|1739907395\n|move|p2a: Tornadus|Protect|p2a: Tornadus\n|-singleturn|p2a: Tornadus|Protect\n|move|p2b: Volcarona|Protect|p2b: Volcarona\n|-singleturn|p2b: Volcarona|Protect\n|move|p1b: Incineroar|Fake Out|p2b: Volcarona\n|-activate|p2b: Volcarona|move: Protect\n|move|p1a: Iron Bundle|Icy Wind|p2a: Tornadus|[spread] \n|-activate|p2a: Tornadus|move: Protect\n|-activate|p2b: Volcarona|move: Protect\n|\n|-sideend|p2: xxxPlayer5xxx|move: Tailwind\n|upkeep\n|turn|8\n|\n|t:|1739907405\n|move|p2a: Tornadus|Tailwind|p2a: Tornadus\n|-sidestart|p2: xxxPlayer5xxx|move: Tailwind\n|move|p2b: Volcarona|Quiver Dance|p2b: Volcarona\n|-boost|p2b: Volcarona|spa|1\n|-boost|p2b: Volcarona|spd|1\n|-boost|p2b: Volcarona|spe|1\n|move|p1a: Iron Bundle|Icy Wind|p2a: Tornadus|[spread] p2a,p2b\n|-supereffective|p2a: Tornadus\n|-resisted|p2b: Volcarona\n|-damage|p2a: Tornadus|0 fnt\n|-damage|p2b: Volcarona|94\/100\n|-unboost|p2b: Volcarona|spe|1\n|faint|p2a: Tornadus\n|move|p1b: Incineroar|Knock Off|p2b: Volcarona\n|-damage|p2b: Volcarona|49\/100\n|-enditem|p2b: Volcarona|Leftovers|[from] move: Knock Off|[of] p1b: Incineroar\n|\n|upkeep\n|turn|9\n|\n|t:|1739907422\n|move|p1a: Iron Bundle|Protect|p1a: Iron Bundle\n|-singleturn|p1a: Iron Bundle|Protect\n|move|p2b: Volcarona|Giga Drain|p1a: Iron Bundle\n|-activate|p1a: Iron Bundle|move: Protect\n|move|p1b: Incineroar|Flare Blitz|p2b: Volcarona\n|-damage|p2b: Volcarona|0 fnt\n|faint|p2b: Volcarona\n|-damage|p1b: Incineroar|87\/100|[from] Recoil\n|\n|win|OUWW stealthrock\n|raw|OUWW stealthrock's rating: 1620 &rarr; <strong>1637<\/strong><br \/>(+17 for winning)\n|raw|xxxPlayer5xxx's rating: 1560 &rarr; <strong>1543<\/strong><br \/>(-17 for losing)\n|l|\u2606xxxPlayer5xxx\n|player|p2|\n|l| Rareasfukk\n","uploadtime":1739907572,"views":5,"formatid":"gen9vgc2025regg","rating":1543,"private":0,"password":null}