{"id":"gen9vgc2025regg-2303187505","format":"[Gen 9] VGC 2025 Reg G","players":["ginopollo","firepatriley"],"log":"|j|\u2606ginopollo\n|j|\u2606firepatriley\n|t:|1739896263\n|gametype|doubles\n|player|p1|ginopollo|1|1556\n|player|p2|firepatriley|102|1544\n|teamsize|p1|6\n|teamsize|p2|6\n|gen|9\n|tier|[Gen 9] VGC 2025 Reg G\n|rated|\n|rule|Species Clause: Limit one of each Pok\u00e9mon\n|rule|Item Clause: Limit 1 of each item\n|clearpoke\n|poke|p1|Raging Bolt, L50|\n|poke|p1|Urshifu-*, L50, F|\n|poke|p1|Calyrex-Ice, L50|\n|poke|p1|Incineroar, L50, F|\n|poke|p1|Amoonguss, L50, F|\n|poke|p1|Landorus, L50, M|\n|poke|p2|Lunala, L50|\n|poke|p2|Rillaboom, L50, M|\n|poke|p2|Urshifu-*, L50, F|\n|poke|p2|Ursaluna, L50, F|\n|poke|p2|Incineroar, L50, F|\n|poke|p2|Amoonguss, L50, M|\n|teampreview|4\n|\n|t:|1739896303\n|start\n|switch|p1a: Incineroar|Incineroar, L50, F|100\/100\n|switch|p1b: Raging Bolt|Raging Bolt, L50|100\/100\n|switch|p2a: Urshifu|Urshifu-Rapid-Strike, L50, F|100\/100\n|switch|p2b: Lunala|Lunala, L50|100\/100\n|-ability|p1a: Incineroar|Intimidate|boost\n|-unboost|p2a: Urshifu|atk|1\n|-unboost|p2b: Lunala|atk|1\n|turn|1\n|\n|t:|1739896331\n|switch|p2a: Ursaluna|Ursaluna, L50, F|100\/100\n|-terastallize|p2b: Lunala|Fairy\n|-terastallize|p1a: Incineroar|Ghost\n|move|p2b: Lunala|Meteor Beam||[still]\n|-prepare|p2b: Lunala|Meteor Beam\n|-boost|p2b: Lunala|spa|1\n|-enditem|p2b: Lunala|Power Herb\n|-anim|p2b: Lunala|Meteor Beam|p1a: Incineroar\n|-damage|p1a: Incineroar|41\/100\n|move|p1b: Raging Bolt|Snarl|p2a: Ursaluna|[spread] p2a,p2b\n|-resisted|p2b: Lunala\n|-damage|p2a: Ursaluna|87\/100\n|-damage|p2b: Lunala|98\/100\n|-unboost|p2a: Ursaluna|spa|1\n|-unboost|p2b: Lunala|spa|1\n|move|p1a: Incineroar|Knock Off|p2b: Lunala\n|-resisted|p2b: Lunala\n|-damage|p2b: Lunala|88\/100\n|\n|-status|p2a: Ursaluna|brn|[from] item: Flame Orb\n|upkeep\n|turn|2\n|\n|t:|1739896378\n|switch|p1a: Landorus|Landorus, L50, M|100\/100\n|switch|p2a: Incineroar|Incineroar, L50, F|100\/100\n|-ability|p2a: Incineroar|Intimidate|boost\n|-unboost|p1a: Landorus|atk|1\n|-unboost|p1b: Raging Bolt|atk|1\n|move|p2b: Lunala|Moonblast|p1b: Raging Bolt\n|-supereffective|p1b: Raging Bolt\n|-damage|p1b: Raging Bolt|45\/100\n|-unboost|p1b: Raging Bolt|spa|1\n|move|p1b: Raging Bolt|Draco Meteor|p2a: Incineroar\n|-damage|p2a: Incineroar|60\/100\n|-unboost|p1b: Raging Bolt|spa|2\n|\n|upkeep\n|turn|3\n|\n|t:|1739896414\n|-end|p1b: Raging Bolt|Protosynthesis|[silent]\n|switch|p1b: Incineroar|Incineroar, L50, F, tera:Ghost|41\/100\n|-ability|p1b: Incineroar|Intimidate|boost\n|-unboost|p2a: Incineroar|atk|1\n|-unboost|p2b: Lunala|atk|1\n|move|p1a: Landorus|Protect|p1a: Landorus\n|-singleturn|p1a: Landorus|Protect\n|move|p2a: Incineroar|Fake Out|p1a: Landorus\n|-activate|p1a: Landorus|move: Protect\n|move|p2b: Lunala|Moonblast|p1b: Incineroar\n|-damage|p1b: Incineroar|0 fnt\n|faint|p1b: Incineroar\n|\n|upkeep\n|\n|t:|1739896429\n|switch|p1b: Calyrex|Calyrex-Ice, L50|100\/100\n|-ability|p1b: Calyrex|As One\n|-ability|p1b: Calyrex|Unnerve\n|turn|4\n|\n|t:|1739896462\n|switch|p2a: Ursaluna|Ursaluna, L50, F|87\/100 brn\n|move|p2b: Lunala|Protect|p2b: Lunala\n|-singleturn|p2b: Lunala|Protect\n|move|p1a: Landorus|Sludge Bomb|p2b: Lunala\n|-activate|p2b: Lunala|move: Protect\n|move|p1b: Calyrex|Glacial Lance|p2b: Lunala|[spread] p2a\n|-activate|p2b: Lunala|move: Protect\n|-supereffective|p2a: Ursaluna\n|-damage|p2a: Ursaluna|5\/100 brn\n|\n|-damage|p2a: Ursaluna|0 fnt|[from] brn\n|faint|p2a: Ursaluna\n|upkeep\n|\n|t:|1739896474\n|switch|p2a: Urshifu|Urshifu-Rapid-Strike, L50, F|100\/100\n|turn|5\n|\n|t:|1739896489\n|switch|p2b: Incineroar|Incineroar, L50, F|60\/100\n|-ability|p2b: Incineroar|Intimidate|boost\n|-unboost|p1a: Landorus|atk|1\n|-fail|p1b: Calyrex|unboost|[from] item: Clear Amulet|[of] p1b: Calyrex\n|move|p2a: Urshifu|Surging Strikes|p1a: Landorus\n|-supereffective|p1a: Landorus\n|-crit|p1a: Landorus\n|-damage|p1a: Landorus|57\/100\n|-supereffective|p1a: Landorus\n|-crit|p1a: Landorus\n|-damage|p1a: Landorus|8\/100\n|-supereffective|p1a: Landorus\n|-crit|p1a: Landorus\n|-damage|p1a: Landorus|0 fnt\n|faint|p1a: Landorus\n|-hitcount|p1: Landorus|3\n|move|p1b: Calyrex|Glacial Lance|p2b: Incineroar|[spread] p2a,p2b\n|-resisted|p2a: Urshifu\n|-resisted|p2b: Incineroar\n|-damage|p2a: Urshifu|74\/100\n|-damage|p2b: Incineroar|34\/100\n|\n|upkeep\n|\n|t:|1739896504\n|switch|p1a: Raging Bolt|Raging Bolt, L50|45\/100\n|turn|6\n|\n|t:|1739896517\n|move|p2b: Incineroar|Fake Out|p1a: Raging Bolt\n|-damage|p1a: Raging Bolt|35\/100\n|cant|p1a: Raging Bolt|flinch\n|move|p2a: Urshifu|Close Combat|p1a: Raging Bolt\n|-damage|p1a: Raging Bolt|0 fnt\n|-unboost|p2a: Urshifu|def|1\n|-unboost|p2a: Urshifu|spd|1\n|faint|p1a: Raging Bolt\n|-end|p1a: Raging Bolt|Protosynthesis|[silent]\n|move|p1b: Calyrex|Trick Room|p1b: Calyrex\n|-fieldstart|move: Trick Room|[of] p1b: Calyrex\n|\n|upkeep\n|turn|7\n|\n|t:|1739896536\n|switch|p2a: Lunala|Lunala, L50, tera:Fairy|88\/100\n|move|p1b: Calyrex|Glacial Lance|p2a: Lunala|[spread] p2a,p2b\n|-resisted|p2b: Incineroar\n|-damage|p2a: Lunala|43\/100\n|-damage|p2b: Incineroar|10\/100\n|move|p2b: Incineroar|Knock Off|p1b: Calyrex\n|-supereffective|p1b: Calyrex\n|-damage|p1b: Calyrex|51\/100\n|-enditem|p1b: Calyrex|Clear Amulet|[from] move: Knock Off|[of] p2b: Incineroar\n|\n|upkeep\n|turn|8\n|\n|t:|1739896572\n|switch|p2b: Urshifu|Urshifu-Rapid-Strike, L50, F|74\/100\n|move|p1b: Calyrex|Glacial Lance|p2a: Lunala|[spread] p2a,p2b\n|-resisted|p2b: Urshifu\n|-damage|p2a: Lunala|0 fnt\n|-damage|p2b: Urshifu|47\/100\n|faint|p2a: Lunala\n|-ability|p1b: Calyrex|Chilling Neigh|boost\n|-boost|p1b: Calyrex|atk|1\n|\n|upkeep\n|\n|t:|1739896576\n|switch|p2a: Incineroar|Incineroar, L50, F|10\/100\n|-ability|p2a: Incineroar|Intimidate|boost\n|-unboost|p1b: Calyrex|atk|1\n|turn|9\n|\n|t:|1739896584\n|move|p2a: Incineroar|Fake Out|p1b: Calyrex\n|-damage|p1b: Calyrex|44\/100\n|cant|p1b: Calyrex|flinch\n|move|p2b: Urshifu|Surging Strikes|p1b: Calyrex\n|-crit|p1b: Calyrex\n|-damage|p1b: Calyrex|32\/100\n|-crit|p1b: Calyrex\n|-damage|p1b: Calyrex|20\/100\n|-crit|p1b: Calyrex\n|-damage|p1b: Calyrex|7\/100\n|-hitcount|p1b: Calyrex|3\n|\n|upkeep\n|turn|10\n|\n|t:|1739896589\n|move|p2b: Urshifu|Protect|p2b: Urshifu\n|-singleturn|p2b: Urshifu|Protect\n|move|p1b: Calyrex|Glacial Lance|p2a: Incineroar|[spread] p2a\n|-activate|p2b: Urshifu|move: Protect\n|-resisted|p2a: Incineroar\n|-damage|p2a: Incineroar|0 fnt\n|faint|p2a: Incineroar\n|-ability|p1b: Calyrex|Chilling Neigh|boost\n|-boost|p1b: Calyrex|atk|1\n|\n|-fieldend|move: Trick Room\n|upkeep\n|turn|11\n|\n|t:|1739896601\n|move|p2b: Urshifu|Surging Strikes|p1b: Calyrex\n|-crit|p1b: Calyrex\n|-damage|p1b: Calyrex|0 fnt\n|faint|p1b: Calyrex\n|-hitcount|p1: Calyrex|1\n|\n|win|firepatriley\n|raw|ginopollo's rating: 1556 &rarr; <strong>1535<\/strong><br \/>(-21 for losing)\n|raw|firepatriley's rating: 1544 &rarr; <strong>1565<\/strong><br \/>(+21 for winning)\n","uploadtime":1739896604,"views":22,"formatid":"gen9vgc2025regg","rating":1535,"private":0,"password":null}