{"id":"gen9vgc2025regg-2303147491","format":"[Gen 9] VGC 2025 Reg G","players":["GenghisHakan","firepatriley"],"log":"|j|\u2606GenghisHakan\n|j|\u2606firepatriley\n|t:|1739892203\n|gametype|doubles\n|player|p1|GenghisHakan|chuck|1573\n|player|p2|firepatriley|102|1518\n|teamsize|p1|6\n|teamsize|p2|6\n|gen|9\n|tier|[Gen 9] VGC 2025 Reg G\n|rated|\n|rule|Species Clause: Limit one of each Pok\u00e9mon\n|rule|Item Clause: Limit 1 of each item\n|clearpoke\n|poke|p1|Koraidon, L50|\n|poke|p1|Flutter Mane, L50|\n|poke|p1|Entei, L50|\n|poke|p1|Raging Bolt, L50|\n|poke|p1|Umbreon, L50, M|\n|poke|p1|Ogerpon-Cornerstone, L50, F|\n|poke|p2|Lunala, L50|\n|poke|p2|Rillaboom, L50, M|\n|poke|p2|Urshifu-*, L50, M|\n|poke|p2|Ursaluna, L50, F|\n|poke|p2|Incineroar, L50, M|\n|poke|p2|Amoonguss, L50, F|\n|teampreview|4\n|inactive|Battle timer is ON: inactive players will automatically lose when time's up. (requested by GenghisHakan)\n|inactive|GenghisHakan has 60 seconds left.\nfirepatriley rejected open team sheets.\n|\n|t:|1739892245\n|start\n|switch|p1a: Entei|Entei, L50, shiny|100\/100\n|switch|p1b: Flutter Mane|Flutter Mane, L50, shiny|100\/100\n|switch|p2a: Amoonguss|Amoonguss, L50, F|100\/100\n|switch|p2b: Lunala|Lunala, L50|100\/100\n|turn|1\n|\n|t:|1739892263\n|-terastallize|p2a: Amoonguss|Water\n|move|p2a: Amoonguss|Rage Powder|p2a: Amoonguss\n|-singleturn|p2a: Amoonguss|move: Rage Powder\n|move|p1b: Flutter Mane|Dazzling Gleam|p2b: Lunala|[spread] p2a,p2b\n|-damage|p2a: Amoonguss|70\/100\n|-damage|p2b: Lunala|89\/100\n|move|p1a: Entei|Sacred Fire|p2a: Amoonguss\n|-resisted|p2a: Amoonguss\n|-damage|p2a: Amoonguss|40\/100\n|-status|p2a: Amoonguss|brn\n|move|p2b: Lunala|Trick Room|p2b: Lunala\n|-fieldstart|move: Trick Room|[of] p2b: Lunala\n|\n|-damage|p2a: Amoonguss|34\/100 brn|[from] brn\n|upkeep\n|turn|2\n|\n|t:|1739892286\n|switch|p2a: Ursaluna|Ursaluna, L50, F|100\/100\n|switch|p1a: Umbreon|Umbreon, L50, M, shiny|100\/100\n|move|p2b: Lunala|Meteor Beam||[still]\n|-prepare|p2b: Lunala|Meteor Beam\n|-boost|p2b: Lunala|spa|1\n|-enditem|p2b: Lunala|Power Herb\n|-anim|p2b: Lunala|Meteor Beam|p1a: Umbreon\n|-damage|p1a: Umbreon|56\/100\n|move|p1b: Flutter Mane|Dazzling Gleam|p2a: Ursaluna|[spread] p2a,p2b\n|-damage|p2a: Ursaluna|71\/100\n|-damage|p2b: Lunala|68\/100\n|\n|-status|p2a: Ursaluna|brn|[from] item: Flame Orb\n|upkeep\n|turn|3\n|\n|t:|1739892302\n|move|p1a: Umbreon|Protect|p1a: Umbreon\n|-singleturn|p1a: Umbreon|Protect\n|move|p1b: Flutter Mane|Protect|p1b: Flutter Mane\n|-singleturn|p1b: Flutter Mane|Protect\n|move|p2a: Ursaluna|Facade|p1a: Umbreon\n|-activate|p1a: Umbreon|move: Protect\n|move|p2b: Lunala|Moonblast|p1b: Flutter Mane\n|-activate|p1b: Flutter Mane|move: Protect\n|\n|-damage|p2a: Ursaluna|65\/100 brn|[from] brn\n|upkeep\n|turn|4\n|\n|t:|1739892325\n|move|p2a: Ursaluna|Facade|p1a: Umbreon\n|-damage|p1a: Umbreon|0 fnt\n|faint|p1a: Umbreon\n|move|p2b: Lunala|Moonblast|p1b: Flutter Mane\n|-damage|p1b: Flutter Mane|43\/100\n|move|p1b: Flutter Mane|Dazzling Gleam|p2b: Lunala|[spread] p2a,p2b\n|-damage|p2a: Ursaluna|37\/100 brn\n|-damage|p2b: Lunala|48\/100\n|\n|-damage|p2a: Ursaluna|31\/100 brn|[from] brn\n|upkeep\n|\n|t:|1739892348\n|switch|p1a: Koraidon|Koraidon, L50|100\/100\n|-weather|SunnyDay|[from] ability: Orichalcum Pulse|[of] p1a: Koraidon\n|-activate|p1b: Flutter Mane|ability: Protosynthesis\n|-start|p1b: Flutter Mane|protosynthesisspe\n|-activate|p1a: Koraidon|Orichalcum Pulse|[source]\n|turn|5\n|inactive|firepatriley has 30 seconds left.\n|\n|t:|1739892374\n|switch|p2a: Incineroar|Incineroar, L50, M|100\/100\n|-ability|p2a: Incineroar|Intimidate|boost\n|-unboost|p1a: Koraidon|atk|1\n|-unboost|p1b: Flutter Mane|atk|1\n|move|p1a: Koraidon|Protect|p1a: Koraidon\n|-singleturn|p1a: Koraidon|Protect\n|move|p1b: Flutter Mane|Protect|p1b: Flutter Mane\n|-singleturn|p1b: Flutter Mane|Protect\n|move|p2b: Lunala|Moonblast|p1b: Flutter Mane\n|-activate|p1b: Flutter Mane|move: Protect\n|\n|-weather|SunnyDay|[upkeep]\n|-fieldend|move: Trick Room\n|upkeep\n|turn|6\n|\n|t:|1739892394\n|switch|p1a: Entei|Entei, L50, shiny|100\/100\n|-terastallize|p1b: Flutter Mane|Fairy\n|move|p2a: Incineroar|Fake Out|p1a: Entei\n|-damage|p1a: Entei|89\/100\n|move|p1b: Flutter Mane|Moonblast|p2b: Lunala\n|-damage|p2b: Lunala|1\/100\n|move|p2b: Lunala|Trick Room|p2b: Lunala\n|-fieldstart|move: Trick Room|[of] p2b: Lunala\n|\n|-weather|SunnyDay|[upkeep]\n|upkeep\n|turn|7\n|c|\u2606GenghisHakan|damn lol\n|inactive|GenghisHakan has 30 seconds left.\n|\n|t:|1739892427\n|move|p2a: Incineroar|Knock Off|p1a: Entei\n|-damage|p1a: Entei|45\/100\n|-enditem|p1a: Entei|Choice Band|[from] move: Knock Off|[of] p2a: Incineroar\n|move|p2b: Lunala|Moonblast|p1b: Flutter Mane\n|-damage|p1b: Flutter Mane|0 fnt\n|faint|p1b: Flutter Mane\n|-end|p1b: Flutter Mane|Protosynthesis|[silent]\n|move|p1a: Entei|Stomping Tantrum|p2a: Incineroar\n|-supereffective|p2a: Incineroar\n|-crit|p2a: Incineroar\n|-damage|p2a: Incineroar|33\/100\n|\n|-weather|SunnyDay|[upkeep]\n|upkeep\n|\n|t:|1739892438\n|switch|p1b: Koraidon|Koraidon, L50|100\/100\n|-activate|p1b: Koraidon|ability: Orichalcum Pulse\n|turn|8\n|\n|t:|1739892447\n|move|p1b: Koraidon|Protect|p1b: Koraidon\n|-singleturn|p1b: Koraidon|Protect\n|move|p2a: Incineroar|Knock Off|p1a: Entei\n|-damage|p1a: Entei|16\/100\n|move|p2b: Lunala|Moonblast|p1a: Entei\n|-resisted|p1a: Entei\n|-damage|p1a: Entei|0 fnt\n|faint|p1a: Entei\n|\n|-weather|SunnyDay|[upkeep]\n|upkeep\n|turn|9\n|c|\u2606firepatriley|gg\n|c|\u2606firepatriley|tough loss\n|c|\u2606GenghisHakan|gg\n|c|\u2606GenghisHakan|wp\n|\n|t:|1739892464\n|move|p2a: Incineroar|Knock Off|p1b: Koraidon\n|-resisted|p1b: Koraidon\n|-damage|p1b: Koraidon|82\/100\n|-enditem|p1b: Koraidon|Loaded Dice|[from] move: Knock Off|[of] p2a: Incineroar\n|move|p2b: Lunala|Moonblast|p1b: Koraidon\n|-supereffective|p1b: Koraidon\n|-damage|p1b: Koraidon|0 fnt\n|faint|p1b: Koraidon\n|\n|win|firepatriley\n|raw|GenghisHakan's rating: 1573 &rarr; <strong>1550<\/strong><br \/>(-23 for losing)\n|raw|firepatriley's rating: 1518 &rarr; <strong>1541<\/strong><br \/>(+23 for winning)\n|l|\u2606GenghisHakan\n|player|p1|\n|l|\u2606firepatriley\n|player|p2|\n","uploadtime":1739892729,"views":5,"formatid":"gen9vgc2025regg","rating":1541,"private":0,"password":null}