{"id":"gen9vgc2025regg-2303359455","format":"[Gen 9] VGC 2025 Reg G","players":["notpickleVGC","elvegis1"],"log":"|j|\u2606notpickleVGC\n|j|\u2606elvegis1\n|t:|1739913159\n|gametype|doubles\n|player|p1|notpickleVGC|scott|1601\n|player|p2|elvegis1|lucas|1592\n|teamsize|p1|6\n|teamsize|p2|6\n|gen|9\n|tier|[Gen 9] VGC 2025 Reg G\n|rated|\n|rule|Species Clause: Limit one of each Pok\u00e9mon\n|rule|Item Clause: Limit 1 of each item\n|clearpoke\n|poke|p1|Zacian-*, L50|\n|poke|p1|Regidrago, L50|\n|poke|p1|Ogerpon-Cornerstone, L50, F|\n|poke|p1|Tornadus, L50, M|\n|poke|p1|Urshifu-*, L50, F|\n|poke|p1|Ditto, L50|\n|poke|p2|Calyrex-Shadow, L50|\n|poke|p2|Urshifu-*, L50, M|\n|poke|p2|Whimsicott, L50, F|\n|poke|p2|Incineroar, L50, M|\n|poke|p2|Ditto, L50|\n|poke|p2|Raging Bolt, L50|\n|teampreview|4\nnotpickleVGC has agreed to open team sheets.\n|inactive|Battle timer is ON: inactive players will automatically lose when time's up. (requested by notpickleVGC)\n|\n|t:|1739913179\n|start\n|switch|p1a: Fairy Inspector|Regidrago, L50|100\/100\n|switch|p1b: Tornadus|Tornadus, L50, M|100\/100\n|switch|p2a: Whimsicott|Whimsicott, L50, F|100\/100\n|switch|p2b: Raging Bolt|Raging Bolt, L50|100\/100\n|turn|1\n|\n|t:|1739913190\n|-terastallize|p2b: Raging Bolt|Fairy\n|move|p1a: Fairy Inspector|Protect|p1a: Fairy Inspector\n|-singleturn|p1a: Fairy Inspector|Protect\n|move|p2a: Whimsicott|Tailwind|p2a: Whimsicott\n|-sidestart|p2: elvegis1|move: Tailwind\n|move|p1b: Tornadus|Tailwind|p1b: Tornadus\n|-sidestart|p1: notpickleVGC|move: Tailwind\n|move|p2b: Raging Bolt|Electroweb|p1a: Fairy Inspector|[spread] p1b\n|-activate|p1a: Fairy Inspector|move: Protect\n|-supereffective|p1b: Tornadus\n|-damage|p1b: Tornadus|54\/100\n|\n|upkeep\n|turn|2\n|\n|t:|1739913211\n|move|p2a: Whimsicott|Encore|p1a: Fairy Inspector\n|-start|p1a: Fairy Inspector|Encore\n|move|p1b: Tornadus|Bleakwind Storm|p2b: Raging Bolt|[spread] p2a,p2b\n|-supereffective|p2a: Whimsicott\n|-damage|p2a: Whimsicott|6\/100\n|-damage|p2b: Raging Bolt|80\/100\n|-unboost|p2b: Raging Bolt|spe|1\n|move|p1a: Fairy Inspector|Protect||[still]\n|-fail|p1a: Fairy Inspector\n|move|p2b: Raging Bolt|Thunderbolt|p1b: Tornadus\n|-supereffective|p1b: Tornadus\n|-damage|p1b: Tornadus|0 fnt\n|faint|p1b: Tornadus\n|\n|upkeep\n|\n|t:|1739913214\n|switch|p1b: Fairy Eater|Zacian-Crowned, L50|100\/100\n|-ability|p1b: Fairy Eater|Intrepid Sword|boost\n|-boost|p1b: Fairy Eater|atk|1\n|turn|3\n|\n|t:|1739913234\n|-end|p2b: Raging Bolt|Protosynthesis|[silent]\n|switch|p2b: Incineroar|Incineroar, L50, M|100\/100\n|-ability|p2b: Incineroar|Intimidate|boost\n|-unboost|p1a: Fairy Inspector|atk|1\n|-unboost|p1b: Fairy Eater|atk|1\n|move|p1a: Fairy Inspector|Protect|p1a: Fairy Inspector\n|-singleturn|p1a: Fairy Inspector|Protect\n|move|p2a: Whimsicott|Fake Tears|p1b: Fairy Eater\n|-unboost|p1b: Fairy Eater|spd|2\n|move|p1b: Fairy Eater|Behemoth Blade|p2b: Incineroar\n|-resisted|p2b: Incineroar\n|-crit|p2b: Incineroar\n|-damage|p2b: Incineroar|71\/100\n|\n|upkeep\n|turn|4\n|\n|t:|1739913255\n|move|p1a: Fairy Inspector|Protect||[still]\n|-fail|p1a: Fairy Inspector\n|move|p2b: Incineroar|Fake Out|p1b: Fairy Eater\n|-resisted|p1b: Fairy Eater\n|-damage|p1b: Fairy Eater|96\/100\n|cant|p1b: Fairy Eater|flinch\n|move|p2a: Whimsicott|Moonblast|p1a: Fairy Inspector\n|-supereffective|p1a: Fairy Inspector\n|-damage|p1a: Fairy Inspector|45\/100\n|\n|-end|p1a: Fairy Inspector|Encore\n|-sideend|p1: notpickleVGC|move: Tailwind\n|-sideend|p2: elvegis1|move: Tailwind\n|upkeep\n|turn|5\n|\n|t:|1739913272\n|move|p2a: Whimsicott|Tailwind|p2a: Whimsicott\n|-sidestart|p2: elvegis1|move: Tailwind\n|move|p1b: Fairy Eater|Behemoth Blade|p2a: Whimsicott\n|-supereffective|p2a: Whimsicott\n|-damage|p2a: Whimsicott|0 fnt\n|faint|p2a: Whimsicott\n|move|p2b: Incineroar|Parting Shot|p1b: Fairy Eater\n|-unboost|p1b: Fairy Eater|atk|1\n|-unboost|p1b: Fairy Eater|spa|1\n|\n|t:|1739913281\n|switch|p2b: Raging Bolt|Raging Bolt, L50, tera:Fairy|80\/100|[from] Parting Shot\n|move|p1a: Fairy Inspector|Draco Meteor|p2b: Raging Bolt\n|-immune|p2b: Raging Bolt\n|\n|upkeep\n|\n|t:|1739913286\n|switch|p2a: Calyrex|Calyrex-Shadow, L50|100\/100\n|-ability|p2a: Calyrex|As One\n|-ability|p2a: Calyrex|Unnerve\n|turn|6\n|\n|t:|1739913296\n|move|p2a: Calyrex|Astral Barrage|p1b: Fairy Eater|[spread] p1a,p1b\n|-damage|p1a: Fairy Inspector|0 fnt\n|-damage|p1b: Fairy Eater|3\/100\n|faint|p1a: Fairy Inspector\n|-ability|p2a: Calyrex|Grim Neigh|boost\n|-boost|p2a: Calyrex|spa|1\n|move|p2b: Raging Bolt|Thunderbolt|p1b: Fairy Eater\n|-damage|p1b: Fairy Eater|0 fnt\n|faint|p1b: Fairy Eater\n|\n|upkeep\n|\n|t:|1739913300\n|switch|p1b: Ditto|Ditto, L50|100\/100\n|-transform|p1b: Ditto|p2a: Calyrex|[from] ability: Imposter\n|-ability|p1b: Ditto|As One\n|-ability|p1b: Ditto|Unnerve\n|turn|7\n|\n|t:|1739913311\n|-terastallize|p1b: Ditto|Ghost\n|move|p2b: Raging Bolt|Thunderclap|p1b: Ditto\n|-damage|p1b: Ditto|54\/100\n|move|p2a: Calyrex|Astral Barrage|p1b: Ditto\n|-supereffective|p1b: Ditto\n|-damage|p1b: Ditto|0 fnt\n|faint|p1b: Ditto\n|\n|win|elvegis1\n|raw|notpickleVGC's rating: 1601 &rarr; <strong>1580<\/strong><br \/>(-21 for losing)\n|raw|elvegis1's rating: 1592 &rarr; <strong>1613<\/strong><br \/>(+21 for winning)\n|l|\u2606notpickleVGC\n|player|p1|\n|l|\u2606elvegis1\n|player|p2|\n","uploadtime":1739913524,"views":5,"formatid":"gen9vgc2025regg","rating":1580,"private":0,"password":null}