{"id":"gen9vgc2025regg-2303258665","format":"[Gen 9] VGC 2025 Reg G","players":["Dimonutive","Lkizzz"],"log":"|j|\u2606Dimonutive\n|j|\u2606Lkizzz\n|t:|1739903173\n|gametype|doubles\n|player|p1|Dimonutive|li|1567\n|player|p2|Lkizzz|swimmer-gen4dp|1599\n|teamsize|p1|6\n|teamsize|p2|6\n|gen|9\n|tier|[Gen 9] VGC 2025 Reg G\n|rated|\n|rule|Species Clause: Limit one of each Pok\u00e9mon\n|rule|Item Clause: Limit 1 of each item\n|clearpoke\n|poke|p1|Terapagos, L50, M|\n|poke|p1|Grimmsnarl, L50, M|\n|poke|p1|Sinistcha, L50|\n|poke|p1|Cresselia, L50, F|\n|poke|p1|Okidogi, L50, M|\n|poke|p1|Landorus-Therian, L50, M|\n|poke|p2|Zamazenta-*, L50|\n|poke|p2|Chien-Pao, L50|\n|poke|p2|Raging Bolt, L50|\n|poke|p2|Flutter Mane, L50|\n|poke|p2|Chi-Yu, L50|\n|poke|p2|Amoonguss, L50, F|\n|teampreview|4\n|inactive|Battle timer is ON: inactive players will automatically lose when time's up. (requested by Dimonutive)\n|\n|t:|1739903203\n|start\n|switch|p1a: Okidogi|Okidogi, L50, M|100\/100\n|switch|p1b: Landorus|Landorus-Therian, L50, M|100\/100\n|switch|p2a: Zamazenta|Zamazenta-Crowned, L50|100\/100\n|switch|p2b: Chien-Pao|Chien-Pao, L50|100\/100\n|-ability|p1b: Landorus|Intimidate|boost\n|-unboost|p2a: Zamazenta|atk|1\n|-unboost|p2b: Chien-Pao|atk|1\n|-ability|p2b: Chien-Pao|Sword of Ruin\n|-ability|p2a: Zamazenta|Dauntless Shield|boost\n|-boost|p2a: Zamazenta|def|1\n|turn|1\n|\n|t:|1739903219\n|move|p2b: Chien-Pao|Protect|p2b: Chien-Pao\n|-singleturn|p2b: Chien-Pao|Protect\n|move|p2a: Zamazenta|Protect|p2a: Zamazenta\n|-singleturn|p2a: Zamazenta|Protect\n|move|p1b: Landorus|U-turn|p2b: Chien-Pao\n|-activate|p2b: Chien-Pao|move: Protect\n|move|p1a: Okidogi|Drain Punch|p2a: Zamazenta\n|-activate|p2a: Zamazenta|move: Protect\n|\n|upkeep\n|turn|2\n|\n|t:|1739903233\n|-terastallize|p2a: Zamazenta|Dragon\n|move|p1b: Landorus|U-turn|p2b: Chien-Pao\n|-supereffective|p2b: Chien-Pao\n|-damage|p2b: Chien-Pao|24\/100\n|\n|t:|1739903238\n|switch|p1b: Cresselia|Cresselia, L50, F|100\/100|[from] U-turn\n|move|p2b: Chien-Pao|Ice Spinner|p1b: Cresselia\n|-damage|p1b: Cresselia|76\/100\n|move|p2a: Zamazenta|Body Press|p1a: Okidogi\n|-resisted|p1a: Okidogi\n|-damage|p1a: Okidogi|65\/100\n|move|p1a: Okidogi|Knock Off|p2b: Chien-Pao\n|-resisted|p2b: Chien-Pao\n|-damage|p2b: Chien-Pao|2\/100\n|-enditem|p2b: Chien-Pao|Focus Sash|[from] move: Knock Off|[of] p1a: Okidogi\n|\n|upkeep\n|turn|3\n|\n|t:|1739903256\n|-terastallize|p1b: Cresselia|Fairy\n|move|p2b: Chien-Pao|Throat Chop|p1b: Cresselia\n|-resisted|p1b: Cresselia\n|-damage|p1b: Cresselia|65\/100\n|-start|p1b: Cresselia|Throat Chop|[silent]\n|move|p2a: Zamazenta|Body Press|p1b: Cresselia\n|-resisted|p1b: Cresselia\n|-damage|p1b: Cresselia|34\/100\n|move|p1b: Cresselia|Lunar Blessing|p1b: Cresselia|[spread] p1a,p1b\n|-heal|p1a: Okidogi|90\/100\n|-heal|p1b: Cresselia|60\/100\n|move|p1a: Okidogi|Drain Punch|p2b: Chien-Pao\n|-supereffective|p2b: Chien-Pao\n|-damage|p2b: Chien-Pao|0 fnt\n|-heal|p1a: Okidogi|90\/100|[from] drain|[of] p2b: Chien-Pao\n|faint|p2b: Chien-Pao\n|\n|upkeep\n|\n|t:|1739903273\n|switch|p2b: Amoonguss|Amoonguss, L50, F|100\/100\n|turn|4\n|\n|t:|1739903290\n|move|p1b: Cresselia|Ally Switch|p1b: Cresselia\n|swap|p1b: Cresselia|0|[from] move: Ally Switch\n|move|p2a: Zamazenta|Behemoth Bash|p1b: Okidogi\n|-damage|p1b: Okidogi|69\/100\n|move|p1b: Okidogi|Gunk Shot|p2a: Zamazenta\n|-damage|p2a: Zamazenta|79\/100\n|move|p2b: Amoonguss|Pollen Puff|p2a: Zamazenta\n|-heal|p2a: Zamazenta|100\/100\n|\n|-end|p1a: Cresselia|Throat Chop|[silent]\n|upkeep\n|turn|5\n|\n|t:|1739903307\n|switch|p1b: Landorus|Landorus-Therian, L50, M|100\/100\n|-ability|p1b: Landorus|Intimidate|boost\n|-unboost|p2a: Zamazenta|atk|1\n|-unboost|p2b: Amoonguss|atk|1\n|move|p2b: Amoonguss|Protect|p2b: Amoonguss\n|-singleturn|p2b: Amoonguss|Protect\n|move|p2a: Zamazenta|Behemoth Bash|p1a: Cresselia\n|-supereffective|p1a: Cresselia\n|-damage|p1a: Cresselia|32\/100\n|move|p1a: Cresselia|Lunar Blessing|p1a: Cresselia|[spread] p1a,p1b\n|-heal|p1a: Cresselia|57\/100\n|\n|upkeep\n|turn|6\n|inactive|Dimonutive has 30 seconds left.\n|inactive|Lkizzz has 30 seconds left.\n|\n|t:|1739903333\n|move|p1b: Landorus|Earthquake|p2b: Amoonguss|[spread] p2a,p2b\n|-immune|p1a: Cresselia|[from] ability: Levitate\n|-damage|p2a: Zamazenta|85\/100\n|-damage|p2b: Amoonguss|65\/100\n|move|p2a: Zamazenta|Behemoth Bash|p1a: Cresselia\n|-supereffective|p1a: Cresselia\n|-damage|p1a: Cresselia|30\/100\n|move|p1a: Cresselia|Lunar Blessing|p1a: Cresselia|[spread] p1a,p1b\n|-heal|p1a: Cresselia|55\/100\n|move|p2b: Amoonguss|Pollen Puff|p1a: Cresselia\n|-resisted|p1a: Cresselia\n|-damage|p1a: Cresselia|50\/100\n|\n|upkeep\n|turn|7\n|\n|t:|1739903356\n|switch|p1b: Okidogi|Okidogi, L50, M|69\/100\n|move|p2a: Zamazenta|Behemoth Bash|p1a: Cresselia\n|-supereffective|p1a: Cresselia\n|-damage|p1a: Cresselia|23\/100\n|move|p1a: Cresselia|Lunar Blessing|p1a: Cresselia|[spread] p1a,p1b\n|-heal|p1a: Cresselia|49\/100\n|-heal|p1b: Okidogi|94\/100\n|move|p2b: Amoonguss|Spore|p1b: Okidogi\n|-status|p1b: Okidogi|slp|[from] move: Spore\n|\n|upkeep\n|turn|8\n|\n|t:|1739903375\n|switch|p2b: Chi-Yu|Chi-Yu, L50|100\/100\n|-ability|p2b: Chi-Yu|Beads of Ruin\n|move|p2a: Zamazenta|Behemoth Bash|p1a: Cresselia\n|-supereffective|p1a: Cresselia\n|-damage|p1a: Cresselia|19\/100\n|move|p1a: Cresselia|Lunar Blessing|p1a: Cresselia|[spread] p1a,p1b\n|-heal|p1a: Cresselia|45\/100\n|-heal|p1b: Okidogi|100\/100 slp\n|-curestatus|p1b: Okidogi|slp|[msg]\n|move|p1b: Okidogi|Gunk Shot|p2b: Chi-Yu\n|-damage|p2b: Chi-Yu|23\/100\n|\n|upkeep\n|turn|9\n|\n|t:|1739903398\n|switch|p1a: Landorus|Landorus-Therian, L50, M|100\/100\n|-ability|p1a: Landorus|Intimidate|boost\n|-unboost|p2a: Zamazenta|atk|1\n|-unboost|p2b: Chi-Yu|atk|1\n|move|p2b: Chi-Yu|Heat Wave|p1a: Landorus|[spread] p1a,p1b\n|-damage|p1a: Landorus|33\/100\n|-damage|p1b: Okidogi|67\/100\n|-status|p1a: Landorus|brn\n|move|p2a: Zamazenta|Behemoth Bash|p1b: Okidogi\n|-damage|p1b: Okidogi|53\/100\n|move|p1b: Okidogi|Drain Punch|p2b: Chi-Yu\n|-supereffective|p2b: Chi-Yu\n|-damage|p2b: Chi-Yu|0 fnt\n|-heal|p1b: Okidogi|61\/100|[from] drain|[of] p2b: Chi-Yu\n|faint|p2b: Chi-Yu\n|\n|-damage|p1a: Landorus|27\/100 brn|[from] brn\n|upkeep\n|\n|t:|1739903411\n|switch|p2b: Amoonguss|Amoonguss, L50, F|98\/100\n|turn|10\n|inactive|Lkizzz has 30 seconds left.\n|\n|t:|1739903437\n|move|p1a: Landorus|U-turn|p2a: Zamazenta\n|-damage|p2a: Zamazenta|80\/100\n|\n|t:|1739903442\n|switch|p1a: Terapagos|Terapagos, L50, M|100\/100|[from] U-turn\n|-activate|p1a: Terapagos|ability: Tera Shift\n|detailschange|p1a: Terapagos|Terapagos-Terastal, L50, M\n|-heal|p1a: Terapagos|100\/100|[silent]\n|move|p2a: Zamazenta|Behemoth Bash|p1b: Okidogi\n|-damage|p1b: Okidogi|48\/100\n|move|p1b: Okidogi|Gunk Shot|p2b: Amoonguss|[miss]\n|-miss|p1b: Okidogi|p2b: Amoonguss\n|move|p2b: Amoonguss|Spore|p1b: Okidogi\n|-status|p1b: Okidogi|slp|[from] move: Spore\n|\n|upkeep\n|turn|11\n|\n|t:|1739903465\n|switch|p1b: Cresselia|Cresselia, L50, F, tera:Fairy|45\/100\n|move|p2a: Zamazenta|Body Press|p1a: Terapagos\n|-activate|p1a: Terapagos|ability: Tera Shell\n|-resisted|p1a: Terapagos\n|-damage|p1a: Terapagos|74\/100\n|move|p1a: Terapagos|Flamethrower|p2b: Amoonguss\n|-supereffective|p2b: Amoonguss\n|-crit|p2b: Amoonguss\n|-damage|p2b: Amoonguss|33\/100\n|move|p2b: Amoonguss|Spore|p1a: Terapagos\n|-status|p1a: Terapagos|slp|[from] move: Spore\n|\n|upkeep\n|turn|12\n|\n|t:|1739903485\n|switch|p1a: Landorus|Landorus-Therian, L50, M|27\/100 brn\n|-ability|p1a: Landorus|Intimidate|boost\n|-unboost|p2a: Zamazenta|atk|1\n|-unboost|p2b: Amoonguss|atk|1\n|move|p2b: Amoonguss|Protect|p2b: Amoonguss\n|-singleturn|p2b: Amoonguss|Protect\n|move|p2a: Zamazenta|Body Press|p1a: Landorus\n|-resisted|p1a: Landorus\n|-damage|p1a: Landorus|0 fnt\n|faint|p1a: Landorus\n|move|p1b: Cresselia|Lunar Blessing|p1b: Cresselia\n|-heal|p1b: Cresselia|70\/100\n|\n|upkeep\n|\n|t:|1739903496\n|switch|p1a: Okidogi|Okidogi, L50, M|48\/100 slp\n|turn|13\n|\n|t:|1739903509\n|move|p2a: Zamazenta|Body Press|p1a: Okidogi\n|-resisted|p1a: Okidogi\n|-damage|p1a: Okidogi|20\/100 slp\n|move|p1b: Cresselia|Lunar Blessing|p1b: Cresselia|[spread] p1a,p1b\n|-heal|p1a: Okidogi|45\/100 slp\n|-curestatus|p1a: Okidogi|slp|[msg]\n|-heal|p1b: Cresselia|95\/100\n|move|p1a: Okidogi|Gunk Shot|p2b: Amoonguss\n|-damage|p2b: Amoonguss|0 fnt\n|faint|p2b: Amoonguss\n|\n|upkeep\n|turn|14\n|inactive|Lkizzz has 30 seconds left.\n|\n|t:|1739903543\n|move|p2a: Zamazenta|Body Press|p1a: Okidogi\n|-resisted|p1a: Okidogi\n|-damage|p1a: Okidogi|14\/100\n|move|p1b: Cresselia|Moonblast|p2a: Zamazenta\n|-supereffective|p2a: Zamazenta\n|-damage|p2a: Zamazenta|43\/100\n|move|p1a: Okidogi|Drain Punch|p2a: Zamazenta\n|-damage|p2a: Zamazenta|27\/100\n|-heal|p1a: Okidogi|22\/100|[from] drain|[of] p2a: Zamazenta\n|\n|upkeep\n|turn|15\n|\n|t:|1739903555\n|move|p2a: Zamazenta|Body Press|p1a: Okidogi\n|-resisted|p1a: Okidogi\n|-damage|p1a: Okidogi|0 fnt\n|faint|p1a: Okidogi\n|move|p1b: Cresselia|Moonblast|p2a: Zamazenta\n|-supereffective|p2a: Zamazenta\n|-damage|p2a: Zamazenta|0 fnt\n|faint|p2a: Zamazenta\n|\n|win|Dimonutive\n|raw|Dimonutive's rating: 1567 &rarr; <strong>1589<\/strong><br \/>(+22 for winning)\n|raw|Lkizzz's rating: 1599 &rarr; <strong>1577<\/strong><br \/>(-22 for losing)\n|l|\u2606Lkizzz\n|player|p2|\n|l|\u2606Dimonutive\n|player|p1|\n","uploadtime":1739903561,"views":12,"formatid":"gen9vgc2025regg","rating":1577,"private":0,"password":null}