{"id":"gen9vgc2025regg-2303922807","format":"[Gen 9] VGC 2025 Reg G","players":["413XP","khe7marak"],"log":"|j|\u2606413XP\n|j|\u2606khe7marak\n|t:|1739989224\n|gametype|doubles\n|player|p1|413XP|266|1575\n|player|p2|khe7marak|1|1551\n|teamsize|p1|6\n|teamsize|p2|6\n|gen|9\n|tier|[Gen 9] VGC 2025 Reg G\n|rated|\n|rule|Species Clause: Limit one of each Pok\u00e9mon\n|rule|Item Clause: Limit 1 of each item\n|clearpoke\n|poke|p1|Miraidon, L50|\n|poke|p1|Farigiraf, L50, M|\n|poke|p1|Torkoal, L50, M|\n|poke|p1|Ursaluna, L50, F|\n|poke|p1|Chi-Yu, L50|\n|poke|p1|Raging Bolt, L50|\n|poke|p2|Terapagos, L50, M|\n|poke|p2|Incineroar, L50, M|\n|poke|p2|Amoonguss, L50, F|\n|poke|p2|Urshifu-*, L50, M|\n|poke|p2|Chien-Pao, L50|\n|poke|p2|Tornadus, L50, M|\n|teampreview|4\n|\n|t:|1739989275\n|start\n|switch|p1a: Miraidon|Miraidon, L50|100\/100\n|switch|p1b: Farigiraf|Farigiraf, L50, M|100\/100\n|switch|p2a: Urshifu|Urshifu-Rapid-Strike, L50, M|100\/100\n|switch|p2b: Chien-Pao|Chien-Pao, L50|100\/100\n|-ability|p2b: Chien-Pao|Sword of Ruin\n|-fieldstart|move: Electric Terrain|[from] ability: Hadron Engine|[of] p1a: Miraidon\n|-enditem|p1b: Farigiraf|Electric Seed\n|-boost|p1b: Farigiraf|def|1|[from] item: Electric Seed\n|turn|1\n|inactive|Battle timer is ON: inactive players will automatically lose when time's up. (requested by 413XP)\n|\n|t:|1739989304\n|switch|p2a: Amoonguss|Amoonguss, L50, F|100\/100\n|move|p1a: Miraidon|Volt Switch|p2b: Chien-Pao\n|-crit|p2b: Chien-Pao\n|-enditem|p2b: Chien-Pao|Focus Sash\n|-damage|p2b: Chien-Pao|1\/100\n|\n|t:|1739989312\n|switch|p1a: Chi-Yu|Chi-Yu, L50|100\/100|[from] Volt Switch\n|-ability|p1a: Chi-Yu|Beads of Ruin\n|move|p2b: Chien-Pao|Icicle Crash|p1a: Chi-Yu\n|-resisted|p1a: Chi-Yu\n|-damage|p1a: Chi-Yu|55\/100\n|move|p1b: Farigiraf|Psychic Noise|p2a: Amoonguss\n|-supereffective|p2a: Amoonguss\n|-damage|p2a: Amoonguss|35\/100\n|-start|p2a: Amoonguss|move: Heal Block\n|\n|upkeep\n|turn|2\n|\n|t:|1739989337\n|switch|p1b: Raging Bolt|Raging Bolt, L50|100\/100\n|move|p2a: Amoonguss|Protect|p2a: Amoonguss\n|-singleturn|p2a: Amoonguss|Protect\n|move|p1a: Chi-Yu|Heat Wave|p2a: Amoonguss|[spread] p2b\n|-activate|p2a: Amoonguss|move: Protect\n|-supereffective|p2b: Chien-Pao\n|-damage|p2b: Chien-Pao|0 fnt\n|faint|p2b: Chien-Pao\n|\n|-end|p2a: Amoonguss|move: Heal Block\n|upkeep\n|\n|t:|1739989350\n|switch|p2b: Urshifu|Urshifu-Rapid-Strike, L50, M|100\/100\n|turn|3\n|\n|t:|1739989370\n|move|p2a: Amoonguss|Rage Powder|p2a: Amoonguss\n|-singleturn|p2a: Amoonguss|move: Rage Powder\n|move|p1a: Chi-Yu|Heat Wave|p2a: Amoonguss|[spread] p2a,p2b\n|-supereffective|p2a: Amoonguss\n|-resisted|p2b: Urshifu\n|-damage|p2a: Amoonguss|0 fnt\n|-damage|p2b: Urshifu|68\/100\n|faint|p2a: Amoonguss\n|move|p2b: Urshifu|Surging Strikes|p1a: Chi-Yu\n|-supereffective|p1a: Chi-Yu\n|-crit|p1a: Chi-Yu\n|-damage|p1a: Chi-Yu|0 fnt\n|faint|p1a: Chi-Yu\n|-hitcount|p1: Chi-Yu|1\n|move|p1b: Raging Bolt|Rising Voltage|p2b: Urshifu\n|-hint|Rising Voltage's BP doubled on grounded target.\n|-supereffective|p2b: Urshifu\n|-damage|p2b: Urshifu|0 fnt\n|faint|p2b: Urshifu\n|-damage|p1b: Raging Bolt|91\/100|[from] item: Life Orb\n|\n|upkeep\n|\n|t:|1739989379\n|switch|p1a: Farigiraf|Farigiraf, L50, M|100\/100\n|switch|p2b: Terapagos|Terapagos, L50, M|100\/100\n|-activate|p2b: Terapagos|ability: Tera Shift\n|detailschange|p2b: Terapagos|Terapagos-Terastal, L50, M\n|-heal|p2b: Terapagos|100\/100|[silent]\n|turn|4\n|\n|t:|1739989402\n|move|p2b: Terapagos|Protect|p2b: Terapagos\n|-singleturn|p2b: Terapagos|Protect\n|move|p1b: Raging Bolt|Rising Voltage|p2b: Terapagos\n|-activate|p2b: Terapagos|move: Protect\n|move|p1a: Farigiraf|Psychic Noise|p2b: Terapagos\n|-activate|p2b: Terapagos|move: Protect\n|\n|upkeep\n|turn|5\n|\n|t:|1739989415\n|move|p1b: Raging Bolt|Rising Voltage|p2b: Terapagos\n|-hint|Rising Voltage's BP doubled on grounded target.\n|-activate|p2b: Terapagos|ability: Tera Shell\n|-resisted|p2b: Terapagos\n|-damage|p2b: Terapagos|41\/100\n|-damage|p1b: Raging Bolt|81\/100|[from] item: Life Orb\n|move|p2b: Terapagos|Earth Power|p1b: Raging Bolt\n|-supereffective|p1b: Raging Bolt\n|-damage|p1b: Raging Bolt|32\/100\n|move|p1a: Farigiraf|Psychic Noise|p2b: Terapagos\n|-damage|p2b: Terapagos|17\/100\n|\n|-fieldend|move: Electric Terrain\n|upkeep\n|turn|6\n|\n|t:|1739989423\n|-terastallize|p2b: Terapagos|Stellar\n|detailschange|p2b: Terapagos|Terapagos-Stellar, L50, M, tera:Stellar\n|-heal|p2b: Terapagos|37\/100|[silent]\n|move|p1b: Raging Bolt|Rising Voltage|p2b: Terapagos\n|-damage|p2b: Terapagos|5\/100\n|-damage|p1b: Raging Bolt|22\/100|[from] item: Life Orb\n|move|p2b: Terapagos|Tera Starstorm|p1b: Raging Bolt|[spread] p1a,p1b\n|-damage|p1a: Farigiraf|66\/100\n|-damage|p1b: Raging Bolt|0 fnt\n|faint|p1b: Raging Bolt\n|-end|p1b: Raging Bolt|Protosynthesis|[silent]\n|move|p1a: Farigiraf|Psychic Noise|p2b: Terapagos\n|-damage|p2b: Terapagos|0 fnt\n|faint|p2b: Terapagos\n|\n|win|413XP\n|raw|413XP's rating: 1575 &rarr; <strong>1594<\/strong><br \/>(+19 for winning)\n|raw|khe7marak's rating: 1551 &rarr; <strong>1532<\/strong><br \/>(-19 for losing)\n|c|\u2606413XP|gg\n|l|\u2606khe7marak\n|player|p2|\n","uploadtime":1739989428,"views":12,"formatid":"gen9vgc2025regg","rating":1532,"private":0,"password":null}