{"id":"gen9vgc2025regg-2303360000","format":"[Gen 9] VGC 2025 Reg G","players":["HiddenGrottoFE","ashzera"],"log":"|j|\u2606HiddenGrottoFE\n|j|\u2606ashzera\n|t:|1739913216\n|gametype|doubles\n|player|p1|HiddenGrottoFE|265|1504\n|player|p2|ashzera|266|1627\n|teamsize|p1|6\n|teamsize|p2|6\n|gen|9\n|tier|[Gen 9] VGC 2025 Reg G\n|rated|\n|rule|Species Clause: Limit one of each Pok\u00e9mon\n|rule|Item Clause: Limit 1 of each item\n|clearpoke\n|poke|p1|Calyrex-Ice, L50|\n|poke|p1|Incineroar, L50, M|\n|poke|p1|Mimikyu, L50, M|\n|poke|p1|Urshifu-*, L50, F|\n|poke|p1|Raging Bolt, L50|\n|poke|p1|Grimmsnarl, L50, M|\n|poke|p2|Calyrex-Ice, L50|\n|poke|p2|Torkoal, L50, F|\n|poke|p2|Urshifu-*, L50, M|\n|poke|p2|Amoonguss, L50, M|\n|poke|p2|Rillaboom, L50, F|\n|poke|p2|Incineroar, L50, F|\n|teampreview|4\n|inactive|Battle timer is ON: inactive players will automatically lose when time's up. (requested by ashzera)\n|inactive|HiddenGrottoFE has 60 seconds left.\n|\n|t:|1739913254\n|start\n|switch|p1a: Mimikyu|Mimikyu, L50, M|100\/100\n|switch|p1b: Raging Bolt|Raging Bolt, L50|100\/100\n|switch|p2a: Incineroar|Incineroar, L50, F|100\/100\n|switch|p2b: Amoonguss|Amoonguss, L50, M|100\/100\n|-ability|p2a: Incineroar|Intimidate|boost\n|-unboost|p1a: Mimikyu|atk|1\n|-unboost|p1b: Raging Bolt|atk|1\n|turn|1\n|\n|t:|1739913263\n|move|p1a: Mimikyu|Taunt|p2b: Amoonguss\n|-start|p2b: Amoonguss|move: Taunt\n|move|p1b: Raging Bolt|Dragon Pulse|p2a: Incineroar\n|-damage|p2a: Incineroar|55\/100\n|move|p2a: Incineroar|Knock Off|p1a: Mimikyu\n|-activate|p1a: Mimikyu|ability: Disguise\n|-damage|p1a: Mimikyu|100\/100\n|-enditem|p1a: Mimikyu|Mental Herb|[from] move: Knock Off|[of] p2a: Incineroar\n|detailschange|p1a: Mimikyu|Mimikyu-Busted, L50, M\n|-damage|p1a: Mimikyu|88\/100|[from] pokemon: Mimikyu-Busted\n|cant|p2b: Amoonguss|move: Taunt|Spore\n|\n|upkeep\n|turn|2\n|\n|t:|1739913277\n|move|p1a: Mimikyu|Play Rough|p2a: Incineroar\n|-damage|p2a: Incineroar|36\/100\n|move|p1b: Raging Bolt|Volt Switch|p2a: Incineroar\n|-damage|p2a: Incineroar|0 fnt\n|faint|p2a: Incineroar\n|\n|t:|1739913283\n|-end|p1b: Raging Bolt|Protosynthesis|[silent]\n|switch|p1b: Incineroar|Incineroar, L50, M|100\/100|[from] Volt Switch\n|-ability|p1b: Incineroar|Intimidate|boost\n|-unboost|p2b: Amoonguss|atk|1\n|move|p2b: Amoonguss|Sludge Bomb|p1a: Mimikyu\n|-damage|p1a: Mimikyu|57\/100\n|\n|upkeep\n|\n|t:|1739913296\n|switch|p2a: Calyrex|Calyrex-Ice, L50|100\/100\n|-ability|p2a: Calyrex|As One\n|-ability|p2a: Calyrex|Unnerve\n|turn|3\n|\n|t:|1739913306\n|move|p2a: Calyrex|Protect|p2a: Calyrex\n|-singleturn|p2a: Calyrex|Protect\n|move|p1a: Mimikyu|Taunt|p2a: Calyrex\n|-activate|p2a: Calyrex|move: Protect\n|move|p1b: Incineroar|Will-O-Wisp|p2b: Amoonguss\n|-status|p2b: Amoonguss|brn\n|move|p2b: Amoonguss|Sludge Bomb|p1a: Mimikyu\n|-damage|p1a: Mimikyu|28\/100\n|\n|-damage|p2b: Amoonguss|95\/100 brn|[from] brn\n|-end|p2b: Amoonguss|move: Taunt\n|upkeep\n|turn|4\n|\n|t:|1739913317\n|move|p2b: Amoonguss|Rage Powder|p2b: Amoonguss\n|-singleturn|p2b: Amoonguss|move: Rage Powder\n|move|p1a: Mimikyu|Taunt|p2b: Amoonguss\n|-start|p2b: Amoonguss|move: Taunt\n|move|p1b: Incineroar|Will-O-Wisp|p2a: Calyrex\n|-status|p2a: Calyrex|brn\n|move|p2a: Calyrex|Glacial Lance|p1b: Incineroar|[spread] p1a,p1b\n|-resisted|p1b: Incineroar\n|-damage|p1a: Mimikyu|0 fnt\n|-damage|p1b: Incineroar|88\/100\n|faint|p1a: Mimikyu\n|-ability|p2a: Calyrex|Chilling Neigh|boost\n|-boost|p2a: Calyrex|atk|1\n|\n|-damage|p2a: Calyrex|95\/100 brn|[from] brn\n|-damage|p2b: Amoonguss|89\/100 brn|[from] brn\n|upkeep\n|\n|t:|1739913330\n|switch|p1a: Calyrex|Calyrex-Ice, L50|100\/100\n|-ability|p1a: Calyrex|As One\n|-ability|p1a: Calyrex|Unnerve\n|turn|5\n|\n|t:|1739913337\n|-terastallize|p2b: Amoonguss|Water\n|move|p2a: Calyrex|Protect|p2a: Calyrex\n|-singleturn|p2a: Calyrex|Protect\n|move|p1b: Incineroar|Knock Off|p2a: Calyrex\n|-activate|p2a: Calyrex|move: Protect\n|move|p1a: Calyrex|Glacial Lance|p2b: Amoonguss|[spread] p2b\n|-activate|p2a: Calyrex|move: Protect\n|-resisted|p2b: Amoonguss\n|-damage|p2b: Amoonguss|64\/100 brn\n|move|p2b: Amoonguss|Sludge Bomb|p1a: Calyrex\n|-damage|p1a: Calyrex|72\/100\n|\n|-damage|p2a: Calyrex|89\/100 brn|[from] brn\n|-damage|p2b: Amoonguss|58\/100 brn|[from] brn\n|upkeep\n|turn|6\n|\n|t:|1739913361\n|move|p1b: Incineroar|Knock Off|p2a: Calyrex\n|-supereffective|p2a: Calyrex\n|-damage|p2a: Calyrex|47\/100 brn\n|-enditem|p2a: Calyrex|Clear Amulet|[from] move: Knock Off|[of] p1b: Incineroar\n|move|p1a: Calyrex|Glacial Lance|p2b: Amoonguss|[spread] p2a,p2b\n|-resisted|p2a: Calyrex\n|-resisted|p2b: Amoonguss\n|-damage|p2a: Calyrex|34\/100 brn\n|-damage|p2b: Amoonguss|29\/100 brn\n|move|p2a: Calyrex|High Horsepower|p1b: Incineroar\n|-supereffective|p1b: Incineroar\n|-damage|p1b: Incineroar|35\/100\n|move|p2b: Amoonguss|Sludge Bomb|p1b: Incineroar\n|-damage|p1b: Incineroar|10\/100\n|\n|-damage|p2a: Calyrex|28\/100 brn|[from] brn\n|-damage|p2b: Amoonguss|24\/100 brn|[from] brn\n|upkeep\n|turn|7\n|\n|t:|1739913377\n|switch|p2b: Urshifu|Urshifu, L50, M|100\/100\n|move|p2a: Calyrex|Protect|p2a: Calyrex\n|-singleturn|p2a: Calyrex|Protect\n|move|p1b: Incineroar|Knock Off|p2a: Calyrex\n|-activate|p2a: Calyrex|move: Protect\n|move|p1a: Calyrex|Glacial Lance|p2a: Calyrex|[spread] p2b\n|-activate|p2a: Calyrex|move: Protect\n|-damage|p2b: Urshifu|52\/100\n|\n|-damage|p2a: Calyrex|22\/100 brn|[from] brn\n|upkeep\n|turn|8\n|\n|t:|1739913402\n|-terastallize|p1a: Calyrex|Grass\n|move|p2b: Urshifu|Close Combat|p1b: Incineroar\n|-supereffective|p1b: Incineroar\n|-damage|p1b: Incineroar|0 fnt\n|-unboost|p2b: Urshifu|def|1\n|-unboost|p2b: Urshifu|spd|1\n|faint|p1b: Incineroar\n|move|p2a: Calyrex|Glacial Lance|p1a: Calyrex\n|-supereffective|p1a: Calyrex\n|-damage|p1a: Calyrex|23\/100\n|move|p1a: Calyrex|Glacial Lance|p2a: Calyrex|[spread] p2a,p2b\n|-resisted|p2a: Calyrex\n|-crit|p2b: Urshifu\n|-damage|p2a: Calyrex|9\/100 brn\n|-damage|p2b: Urshifu|0 fnt\n|faint|p2b: Urshifu\n|-ability|p1a: Calyrex|Chilling Neigh|boost\n|-boost|p1a: Calyrex|atk|1\n|\n|-damage|p2a: Calyrex|3\/100 brn|[from] brn\n|upkeep\n|\n|t:|1739913427\n|switch|p2b: Amoonguss|Amoonguss, L50, M, tera:Water|57\/100 brn\n|switch|p1b: Raging Bolt|Raging Bolt, L50|100\/100\n|turn|9\n|\n|t:|1739913433\n|move|p2a: Calyrex|Protect|p2a: Calyrex\n|-singleturn|p2a: Calyrex|Protect\n|move|p1b: Raging Bolt|Snarl|p2b: Amoonguss|[spread] p2b\n|-activate|p2a: Calyrex|move: Protect\n|-damage|p2b: Amoonguss|41\/100 brn\n|-unboost|p2b: Amoonguss|spa|1\n|move|p1a: Calyrex|Glacial Lance|p2b: Amoonguss|[spread] p2b\n|-activate|p2a: Calyrex|move: Protect\n|-resisted|p2b: Amoonguss\n|-damage|p2b: Amoonguss|1\/100 brn\n|move|p2b: Amoonguss|Spore|p1b: Raging Bolt\n|-status|p1b: Raging Bolt|slp|[from] move: Spore\n|\n|-damage|p2a: Calyrex|0 fnt|[from] brn\n|faint|p2a: Calyrex\n|-damage|p2b: Amoonguss|0 fnt|[from] brn\n|faint|p2b: Amoonguss\n|\n|win|HiddenGrottoFE\n|upkeep\n|raw|HiddenGrottoFE's rating: 1504 &rarr; <strong>1531<\/strong><br \/>(+27 for winning)\n|raw|ashzera's rating: 1627 &rarr; <strong>1600<\/strong><br \/>(-27 for losing)\n|l|\u2606ashzera\n|player|p2|\n","uploadtime":1739913663,"views":6,"formatid":"gen9vgc2025regg","rating":1531,"private":0,"password":null}