{"id":"gen9vgc2025regg-2303493792","format":"[Gen 9] VGC 2025 Reg G","players":["stbai","Yung Trav"],"log":"|j|\u2606stbai\n|j|\u2606Yung Trav\n|t:|1739928800\n|gametype|doubles\n|player|p1|stbai|janitor|1593\n|player|p2|Yung Trav|265|1591\n|teamsize|p1|6\n|teamsize|p2|6\n|gen|9\n|tier|[Gen 9] VGC 2025 Reg G\n|rated|\n|rule|Species Clause: Limit one of each Pok\u00e9mon\n|rule|Item Clause: Limit 1 of each item\n|clearpoke\n|poke|p1|Tatsugiri-Droopy, L50, F|\n|poke|p1|Terapagos, L50, M|\n|poke|p1|Weezing-Galar, L50, M|\n|poke|p1|Latios, L50, M|\n|poke|p1|Entei, L50|\n|poke|p1|Dondozo, L50, M|\n|poke|p2|Calyrex-Ice, L50|\n|poke|p2|Regidrago, L50|\n|poke|p2|Smeargle, L50, M|\n|poke|p2|Farigiraf, L50, M|\n|poke|p2|Urshifu-*, L50, M|\n|poke|p2|Ogerpon-Cornerstone, L50, F|\n|teampreview|4\n|inactive|Battle timer is ON: inactive players will automatically lose when time's up. (requested by Yung Trav)\n|inactive|stbai also wants the timer to be on.\n|\n|t:|1739928817\n|start\n|switch|p1a: Weezing|Weezing-Galar, L50, M|100\/100\n|switch|p1b: Dondozo|Dondozo, L50, M|100\/100\n|switch|p2a: Calyrex|Calyrex-Ice, L50|100\/100\n|switch|p2b: Smeargle|Smeargle, L50, M, shiny|100\/100\n|-ability|p1a: Weezing|Neutralizing Gas\n|-ability|p2a: Calyrex|As One\n|-ability|p2a: Calyrex|Unnerve\n|turn|1\n|inactive|Yung Trav has 30 seconds left.\n|\n|t:|1739928843\n|move|p1a: Weezing|Poison Gas|p2a: Calyrex|[spread] p2a\n|-miss|p1a: Weezing|p2b: Smeargle\n|-status|p2a: Calyrex|psn\n|move|p1b: Dondozo|Substitute|p1b: Dondozo\n|-start|p1b: Dondozo|Substitute\n|-damage|p1b: Dondozo|75\/100\n|move|p2b: Smeargle|Spore||[still]\n|-fail|p2b: Smeargle\n|move|p2a: Calyrex|Trick Room|p2a: Calyrex\n|-fieldstart|move: Trick Room|[of] p2a: Calyrex\n|\n|-heal|p1b: Dondozo|82\/100|[from] item: Leftovers\n|-damage|p2a: Calyrex|88\/100 psn|[from] psn\n|upkeep\n|turn|2\n|inactive|Yung Trav has 30 seconds left.\n|\n|t:|1739928868\n|-end|p1a: Weezing|ability: Neutralizing Gas\n|switch|p1a: Tatsugiri|Tatsugiri-Droopy, L50, F, shiny|100\/100\n|-activate|p1a: Tatsugiri|ability: Commander|[of] p1b: Dondozo\n|-boost|p1b: Dondozo|atk|2\n|-boost|p1b: Dondozo|spa|2\n|-boost|p1b: Dondozo|spe|2\n|-boost|p1b: Dondozo|def|2\n|-boost|p1b: Dondozo|spd|2\n|move|p2b: Smeargle|Decorate|p2a: Calyrex\n|-boost|p2a: Calyrex|atk|2\n|-boost|p2a: Calyrex|spa|2\n|move|p2a: Calyrex|Glacial Lance|p1b: Dondozo|[spread] p1b\n|-miss|p2a: Calyrex|p1a: Tatsugiri\n|-resisted|p1b: Dondozo\n|-activate|p1b: Dondozo|move: Substitute|[damage]\n|move|p1b: Dondozo|Order Up|p2b: Smeargle\n|-damage|p2b: Smeargle|50\/100\n|-boost|p1b: Dondozo|def|1\n|\n|-heal|p1b: Dondozo|88\/100|[from] item: Leftovers\n|-damage|p2a: Calyrex|76\/100 psn|[from] psn\n|upkeep\n|turn|3\n|inactive|Yung Trav has 30 seconds left.\n|inactive|Yung Trav has 20 seconds left.\n|inactive|Yung Trav has 15 seconds left.\n|\n|t:|1739928909\n|switch|p2b: Regidrago|Regidrago, L50, shiny|100\/100\n|move|p2a: Calyrex|High Horsepower|p1b: Dondozo\n|-activate|p1b: Dondozo|move: Substitute|[damage]\n|move|p1b: Dondozo|Order Up|p2b: Regidrago\n|-supereffective|p2b: Regidrago\n|-damage|p2b: Regidrago|42\/100\n|-boost|p1b: Dondozo|def|1\n|\n|-heal|p1b: Dondozo|94\/100|[from] item: Leftovers\n|-damage|p2a: Calyrex|63\/100 psn|[from] psn\n|upkeep\n|turn|4\n|\n|t:|1739928929\n|move|p2b: Regidrago|Protect|p2b: Regidrago\n|-singleturn|p2b: Regidrago|Protect\n|move|p2a: Calyrex|High Horsepower|p1b: Dondozo\n|-end|p1b: Dondozo|Substitute\n|move|p1b: Dondozo|Substitute|p1b: Dondozo\n|-start|p1b: Dondozo|Substitute\n|-damage|p1b: Dondozo|69\/100\n|\n|-heal|p1b: Dondozo|75\/100|[from] item: Leftovers\n|-damage|p2a: Calyrex|51\/100 psn|[from] psn\n|upkeep\n|turn|5\n|\n|t:|1739928954\n|move|p1b: Dondozo|Protect|p1b: Dondozo\n|-singleturn|p1b: Dondozo|Protect\n|move|p2b: Regidrago|Draco Meteor|p1b: Dondozo\n|-activate|p1b: Dondozo|move: Protect\n|move|p2a: Calyrex|High Horsepower|p1b: Dondozo\n|-activate|p1b: Dondozo|move: Protect\n|\n|-heal|p1b: Dondozo|81\/100|[from] item: Leftovers\n|-damage|p2a: Calyrex|39\/100 psn|[from] psn\n|-fieldend|move: Trick Room\n|upkeep\n|turn|6\n|\n|t:|1739928972\n|switch|p2b: Smeargle|Smeargle, L50, M, shiny|50\/100\n|move|p2a: Calyrex|Protect|p2a: Calyrex\n|-singleturn|p2a: Calyrex|Protect\n|move|p1b: Dondozo|Order Up|p2b: Smeargle\n|-damage|p2b: Smeargle|0 fnt\n|faint|p2b: Smeargle\n|-boost|p1b: Dondozo|def|1\n|\n|-heal|p1b: Dondozo|87\/100|[from] item: Leftovers\n|-damage|p2a: Calyrex|26\/100 psn|[from] psn\n|upkeep\n|\n|t:|1739928986\n|switch|p2b: Urshifu|Urshifu, L50, M|100\/100\n|turn|7\n|\n|t:|1739929007\n|move|p2b: Urshifu|Wicked Blow|p1b: Dondozo\n|-crit|p1b: Dondozo\n|-end|p1b: Dondozo|Substitute\n|move|p1b: Dondozo|Body Press|p2b: Urshifu\n|-supereffective|p2b: Urshifu\n|-damage|p2b: Urshifu|0 fnt\n|faint|p2b: Urshifu\n|move|p2a: Calyrex|High Horsepower|p1b: Dondozo\n|-damage|p1b: Dondozo|80\/100\n|\n|-heal|p1b: Dondozo|86\/100|[from] item: Leftovers\n|-damage|p2a: Calyrex|14\/100 psn|[from] psn\n|upkeep\n|-message|Yung Trav forfeited.\n|\n|win|stbai\n|raw|stbai's rating: 1593 &rarr; <strong>1613<\/strong><br \/>(+20 for winning)\n|raw|Yung Trav's rating: 1591 &rarr; <strong>1571<\/strong><br \/>(-20 for losing)\n|l|\u2606Yung Trav\n|player|p2|\n|l|\u2606stbai\n|player|p1|\n","uploadtime":1739929296,"views":15,"formatid":"gen9vgc2025regg","rating":1571,"private":0,"password":null}