{"id":"gen9vgc2025regg-2303318349","format":"[Gen 9] VGC 2025 Reg G","players":["Gi1796","Spottedwoot"],"log":"|j|\u2606Gi1796\n|j|\u2606Spottedwoot\n|t:|1739908982\n|gametype|doubles\n|player|p1|Gi1796|veteran|1560\n|player|p2|Spottedwoot|101|1628\n|teamsize|p1|6\n|teamsize|p2|6\n|gen|9\n|tier|[Gen 9] VGC 2025 Reg G\n|rated|\n|rule|Species Clause: Limit one of each Pok\u00e9mon\n|rule|Item Clause: Limit 1 of each item\n|clearpoke\n|poke|p1|Calyrex-Shadow, L50|\n|poke|p1|Ogerpon-Cornerstone, L50, F|\n|poke|p1|Indeedee-F, L50, F|\n|poke|p1|Urshifu-*, L50, F|\n|poke|p1|Chi-Yu, L50|\n|poke|p1|Whimsicott, L50, M|\n|poke|p2|Zamazenta-*, L50|\n|poke|p2|Chien-Pao, L50|\n|poke|p2|Entei, L50|\n|poke|p2|Raging Bolt, L50|\n|poke|p2|Rillaboom, L50, F|\n|poke|p2|Farigiraf, L50, F|\n|teampreview|4\nGi1796 has agreed to open team sheets.\n|inactive|Battle timer is ON: inactive players will automatically lose when time's up. (requested by Gi1796)\n|inactive|Gi1796 has 60 seconds left.\n|\n|t:|1739909021\n|start\n|switch|p1a: Chi-Yu|Chi-Yu, L50|100\/100\n|switch|p1b: Whimsicott|Whimsicott, L50, M|100\/100\n|switch|p2a: Zamazenta|Zamazenta-Crowned, L50|100\/100\n|switch|p2b: Chien-Pao|Chien-Pao, L50|100\/100\n|-ability|p2b: Chien-Pao|Sword of Ruin\n|-ability|p2a: Zamazenta|Dauntless Shield|boost\n|-boost|p2a: Zamazenta|def|1\n|-ability|p1a: Chi-Yu|Beads of Ruin\n|turn|1\n|\n|t:|1739909029\n|move|p2a: Zamazenta|Wide Guard|p2a: Zamazenta\n|-singleturn|p2a: Zamazenta|Wide Guard\n|move|p1b: Whimsicott|Tailwind|p1b: Whimsicott\n|-sidestart|p1: Gi1796|move: Tailwind\n|move|p1a: Chi-Yu|Heat Wave|p2a: Zamazenta|[spread] \n|-activate|p2a: Zamazenta|move: Wide Guard\n|-activate|p2b: Chien-Pao|move: Wide Guard\n|move|p2b: Chien-Pao|Sacred Sword|p1a: Chi-Yu\n|-supereffective|p1a: Chi-Yu\n|-crit|p1a: Chi-Yu\n|-damage|p1a: Chi-Yu|0 fnt\n|faint|p1a: Chi-Yu\n|\n|upkeep\n|\n|t:|1739909039\n|switch|p1a: Urshifu|Urshifu-Rapid-Strike, L50, F|100\/100\n|turn|2\n|\n|t:|1739909046\n|switch|p2b: Raging Bolt|Raging Bolt, L50|100\/100\n|-enditem|p2b: Raging Bolt|Booster Energy\n|-activate|p2b: Raging Bolt|ability: Protosynthesis|[fromitem]\n|-start|p2b: Raging Bolt|protosynthesisspa\n|move|p1b: Whimsicott|Encore|p2a: Zamazenta\n|-start|p2a: Zamazenta|Encore\n|move|p1a: Urshifu|Surging Strikes|p2b: Raging Bolt\n|-resisted|p2b: Raging Bolt\n|-crit|p2b: Raging Bolt\n|-damage|p2b: Raging Bolt|89\/100\n|-resisted|p2b: Raging Bolt\n|-crit|p2b: Raging Bolt\n|-damage|p2b: Raging Bolt|78\/100\n|-resisted|p2b: Raging Bolt\n|-crit|p2b: Raging Bolt\n|-damage|p2b: Raging Bolt|69\/100\n|-hitcount|p2b: Raging Bolt|3\n|move|p2a: Zamazenta|Wide Guard||[still]\n|-fail|p2a: Zamazenta\n|\n|upkeep\n|turn|3\n|\n|t:|1739909067\n|switch|p2a: Chien-Pao|Chien-Pao, L50|100\/100\n|-ability|p2a: Chien-Pao|Sword of Ruin\n|move|p2b: Raging Bolt|Thunderclap|p1a: Urshifu\n|-supereffective|p1a: Urshifu\n|-damage|p1a: Urshifu|0 fnt\n|faint|p1a: Urshifu\n|move|p1b: Whimsicott|Moonblast|p2b: Raging Bolt\n|-supereffective|p2b: Raging Bolt\n|-damage|p2b: Raging Bolt|9\/100\n|\n|upkeep\n|\n|t:|1739909077\n|switch|p1a: Calyrex|Calyrex-Shadow, L50|100\/100\n|-ability|p1a: Calyrex|As One\n|-ability|p1a: Calyrex|Unnerve\n|turn|4\n|inactive|Spottedwoot has 30 seconds left.\n|\n|t:|1739909110\n|-terastallize|p1a: Calyrex|Fairy\n|-terastallize|p2b: Raging Bolt|Electric\n|move|p2b: Raging Bolt|Thunderclap|p1a: Calyrex\n|-damage|p1a: Calyrex|29\/100\n|move|p1a: Calyrex|Astral Barrage|p2a: Chien-Pao|[spread] p2a,p2b\n|-resisted|p2a: Chien-Pao\n|-damage|p2a: Chien-Pao|40\/100\n|-damage|p2b: Raging Bolt|0 fnt\n|faint|p2b: Raging Bolt\n|-end|p2b: Raging Bolt|Protosynthesis|[silent]\n|-ability|p1a: Calyrex|Grim Neigh|boost\n|-boost|p1a: Calyrex|spa|1\n|-damage|p1a: Calyrex|19\/100|[from] item: Life Orb\n|move|p1b: Whimsicott|Moonblast|p2a: Chien-Pao\n|-supereffective|p2a: Chien-Pao\n|-crit|p2a: Chien-Pao\n|-damage|p2a: Chien-Pao|0 fnt\n|faint|p2a: Chien-Pao\n|\n|-sideend|p1: Gi1796|move: Tailwind\n|upkeep\n|\n|t:|1739909117\n|switch|p2a: Zamazenta|Zamazenta-Crowned, L50|100\/100\n|switch|p2b: Entei|Entei, L50|100\/100\n|turn|5\n|inactive|Gi1796 has 30 seconds left.\n|inactive|Gi1796 has 20 seconds left.\n|inactive|Gi1796 has 15 seconds left.\n|inactive|Gi1796 has 10 seconds left.\n|inactive|Gi1796 has 5 seconds left.\n|\n|t:|1739909169\n|move|p1a: Calyrex|Protect|p1a: Calyrex\n|-singleturn|p1a: Calyrex|Protect\n|move|p2b: Entei|Extreme Speed|p1a: Calyrex\n|-activate|p1a: Calyrex|move: Protect\n|move|p2a: Zamazenta|Heavy Slam|p1b: Whimsicott\n|-supereffective|p1b: Whimsicott\n|-enditem|p1b: Whimsicott|Focus Sash\n|-damage|p1b: Whimsicott|1\/100\n|move|p1b: Whimsicott|Moonblast|p2a: Zamazenta\n|-damage|p2a: Zamazenta|75\/100\n|-unboost|p2a: Zamazenta|spa|1\n|\n|upkeep\n|turn|6\n|\n|t:|1739909185\n|move|p2b: Entei|Extreme Speed|p1a: Calyrex\n|-damage|p1a: Calyrex|0 fnt\n|faint|p1a: Calyrex\n|-damage|p2b: Entei|91\/100|[from] item: Life Orb\n|move|p2a: Zamazenta|Heavy Slam|p1b: Whimsicott\n|-supereffective|p1b: Whimsicott\n|-damage|p1b: Whimsicott|0 fnt\n|faint|p1b: Whimsicott\n|\n|win|Spottedwoot\n|raw|Gi1796's rating: 1560 &rarr; <strong>1544<\/strong><br \/>(-16 for losing)\n|raw|Spottedwoot's rating: 1628 &rarr; <strong>1644<\/strong><br \/>(+16 for winning)\n","uploadtime":1739909188,"views":29,"formatid":"gen9vgc2025regg","rating":1544,"private":0,"password":null}