{"id":"gen9vgc2025regg-2303438962","format":"[Gen 9] VGC 2025 Reg G","players":["zhz2021","Iamsliverfish"],"log":"|j|\u2606zhz2021\n|j|\u2606Iamsliverfish\n|t:|1739921883\n|gametype|doubles\n|player|p1|zhz2021|marley|1672\n|player|p2|Iamsliverfish|rood|1669\n|teamsize|p1|6\n|teamsize|p2|6\n|gen|9\n|tier|[Gen 9] VGC 2025 Reg G\n|rated|\n|rule|Species Clause: Limit one of each Pok\u00e9mon\n|rule|Item Clause: Limit 1 of each item\n|clearpoke\n|poke|p1|Smeargle, L50, M|\n|poke|p1|Urshifu-*, L50, M|\n|poke|p1|Bruxish, L50, F|\n|poke|p1|Calyrex-Ice, L50|\n|poke|p1|Tornadus, L50, M|\n|poke|p1|Weezing-Galar, L50, M|\n|poke|p2|Calyrex-Shadow, L50|\n|poke|p2|Ursaluna, L50, F|\n|poke|p2|Indeedee-F, L50, F|\n|poke|p2|Ogerpon-Wellspring, L50, F|\n|poke|p2|Tornadus, L50, M|\n|poke|p2|Chi-Yu, L50|\n|teampreview|4\n|inactive|Battle timer is ON: inactive players will automatically lose when time's up. (requested by zhz2021)\n|\n|t:|1739921921\n|start\n|switch|p1a: Smeargle|Smeargle, L50, M|100\/100\n|switch|p1b: Bruxish|Bruxish, L50, F|100\/100\n|switch|p2a: Tornadus|Tornadus, L50, M|100\/100\n|switch|p2b: Chi-Yu|Chi-Yu, L50|100\/100\n|-ability|p2b: Chi-Yu|Beads of Ruin\n|turn|1\n|\n|t:|1739921939\n|switch|p2b: Ursaluna|Ursaluna, L50, F|100\/100\n|move|p1a: Smeargle|Fake Out|p2b: Ursaluna\n|-crit|p2b: Ursaluna\n|-damage|p2b: Ursaluna|95\/100\n|move|p2a: Tornadus|Taunt||[still]\n|cant|p1b: Bruxish|ability: Dazzling|Taunt|[of] p2a: Tornadus\n|move|p1b: Bruxish|Trick Room|p1b: Bruxish\n|-fieldstart|move: Trick Room|[of] p1b: Bruxish\n|\n|-status|p2b: Ursaluna|brn|[from] item: Flame Orb\n|-ability|p1a: Smeargle|Moody|boost\n|-boost|p1a: Smeargle|spa|2\n|-unboost|p1a: Smeargle|spd|1\n|-enditem|p1a: Smeargle|Eject Pack\n|upkeep\n|\n|t:|1739921946\n|switch|p1a: Urshifu|Urshifu, L50, M|100\/100\n|turn|2\n|j| BionicFox\n|\n|t:|1739921961\n|-terastallize|p2b: Ursaluna|Water\n|-terastallize|p1a: Urshifu|Ghost\n|move|p2b: Ursaluna|Facade|p1a: Urshifu\n|-immune|p1a: Urshifu\n|move|p1b: Bruxish|Liquidation|p2b: Ursaluna\n|-resisted|p2b: Ursaluna\n|-crit|p2b: Ursaluna\n|-damage|p2b: Ursaluna|72\/100 brn\n|move|p1a: Urshifu|Wicked Blow|p2b: Ursaluna\n|-crit|p2b: Ursaluna\n|-damage|p2b: Ursaluna|7\/100 brn\n|move|p2a: Tornadus|Bleakwind Storm|p1b: Bruxish|[spread] p1a,p1b\n|-damage|p1a: Urshifu|55\/100\n|-damage|p1b: Bruxish|48\/100\n|\n|-damage|p2b: Ursaluna|1\/100 brn|[from] brn\n|upkeep\n|turn|3\n|\n|t:|1739921982\n|switch|p2b: Chi-Yu|Chi-Yu, L50|100\/100\n|-ability|p2b: Chi-Yu|Beads of Ruin\n|move|p1b: Bruxish|Super Fang|p2a: Tornadus\n|-damage|p2a: Tornadus|51\/100\n|move|p1a: Urshifu|Wicked Blow|p2a: Tornadus\n|-crit|p2a: Tornadus\n|-damage|p2a: Tornadus|0 fnt\n|faint|p2a: Tornadus\n|\n|upkeep\n|\n|t:|1739921985\n|switch|p2a: Ursaluna|Ursaluna, L50, F, tera:Water|1\/100 brn\n|turn|4\n|\n|t:|1739922003\n|move|p2a: Ursaluna|Facade|p1b: Bruxish\n|-damage|p1b: Bruxish|0 fnt\n|faint|p1b: Bruxish\n|move|p1a: Urshifu|Wicked Blow|p2b: Chi-Yu\n|-resisted|p2b: Chi-Yu\n|-crit|p2b: Chi-Yu\n|-damage|p2b: Chi-Yu|19\/100\n|move|p2b: Chi-Yu|Heat Wave|p1a: Urshifu\n|-damage|p1a: Urshifu|0 fnt\n|faint|p1a: Urshifu\n|\n|-damage|p2a: Ursaluna|0 fnt|[from] brn\n|faint|p2a: Ursaluna\n|upkeep\n|\n|t:|1739922015\n|switch|p2a: Calyrex|Calyrex-Shadow, L50|100\/100\n|switch|p1b: Calyrex|Calyrex-Ice, L50|100\/100\n|switch|p1a: Smeargle|Smeargle, L50, M|100\/100\n|-ability|p1b: Calyrex|As One\n|-ability|p1b: Calyrex|Unnerve\n|-ability|p2a: Calyrex|As One\n|-ability|p2a: Calyrex|Unnerve\n|turn|5\n|\n|t:|1739922029\n|move|p1a: Smeargle|Decorate|p1b: Calyrex\n|-boost|p1b: Calyrex|atk|2\n|-boost|p1b: Calyrex|spa|2\n|move|p1b: Calyrex|Glacial Lance|p2a: Calyrex|[spread] p2a,p2b\n|-resisted|p2b: Chi-Yu\n|-damage|p2a: Calyrex|0 fnt\n|-damage|p2b: Chi-Yu|0 fnt\n|faint|p2a: Calyrex\n|faint|p2b: Chi-Yu\n|\n|win|zhz2021\n|raw|zhz2021's rating: 1672 &rarr; <strong>1690<\/strong><br \/>(+18 for winning)\n|raw|Iamsliverfish's rating: 1641 &rarr; <strong>1623<\/strong><br \/>(-18 for losing)\n|l|\u2606Iamsliverfish\n|player|p2|\n|l| BionicFox\n|l|\u2606zhz2021\n|player|p1|\n","uploadtime":1739922249,"views":5,"formatid":"gen9vgc2025regg","rating":1623,"private":0,"password":null}