{"id":"gen9vgc2025regg-2303940066","format":"[Gen 9] VGC 2025 Reg G","players":["Yung Trav","Teraparkor 6"],"log":"|j|\u203dYung Trav\n|j|\u2606Teraparkor 6\n|t:|1739990877\n|gametype|doubles\n|player|p1|Yung Trav|169|1665\n|player|p2|Teraparkor 6|101|1651\n|teamsize|p1|6\n|teamsize|p2|6\n|gen|9\n|tier|[Gen 9] VGC 2025 Reg G\n|rated|\n|rule|Species Clause: Limit one of each Pok\u00e9mon\n|rule|Item Clause: Limit 1 of each item\n|clearpoke\n|poke|p1|Calyrex-Ice, L50|\n|poke|p1|Regidrago, L50|\n|poke|p1|Smeargle, L50, M|\n|poke|p1|Farigiraf, L50, M|\n|poke|p1|Urshifu-*, L50, M|\n|poke|p1|Ogerpon-Cornerstone, L50, F|\n|poke|p2|Calyrex-Shadow, L50|\n|poke|p2|Raging Bolt, L50|\n|poke|p2|Urshifu-*, L50, F|\n|poke|p2|Chi-Yu, L50|\n|poke|p2|Ogerpon-Cornerstone, L50, F|\n|poke|p2|Weezing-Galar, L50, M|\n|teampreview|4\n|inactive|Battle timer is ON: inactive players will automatically lose when time's up. (requested by Teraparkor 6)\n|inactive|Yung Trav also wants the timer to be on.\n|\n|t:|1739990903\n|start\n|switch|p1a: Calyrex|Calyrex-Ice, L50|100\/100\n|switch|p1b: Ogerpon|Ogerpon-Cornerstone, L50, F|100\/100\n|switch|p2a: Chi-Yu|Chi-Yu, L50|100\/100\n|switch|p2b: Calyrex|Calyrex-Shadow, L50|100\/100\n|-ability|p2b: Calyrex|As One\n|-ability|p2b: Calyrex|Unnerve\n|-ability|p1a: Calyrex|As One\n|-ability|p1a: Calyrex|Unnerve\n|-ability|p2a: Chi-Yu|Beads of Ruin\n|turn|1\n|\n|t:|1739990928\n|-terastallize|p1a: Calyrex|Water\n|move|p1b: Ogerpon|Follow Me|p1b: Ogerpon\n|-singleturn|p1b: Ogerpon|move: Follow Me\n|move|p2a: Chi-Yu|Heat Wave|p1b: Ogerpon|[spread] p1a,p1b\n|-resisted|p1a: Calyrex\n|-damage|p1a: Calyrex|82\/100\n|-damage|p1b: Ogerpon|39\/100\n|-status|p1b: Ogerpon|brn\n|move|p2b: Calyrex|Astral Barrage|p1a: Calyrex|[spread] p1a,p1b\n|-crit|p1b: Ogerpon\n|-damage|p1a: Calyrex|36\/100\n|-damage|p1b: Ogerpon|0 fnt\n|faint|p1b: Ogerpon\n|-ability|p2b: Calyrex|Grim Neigh|boost\n|-boost|p2b: Calyrex|spa|1\n|move|p1a: Calyrex|Trick Room|p1a: Calyrex\n|-fieldstart|move: Trick Room|[of] p1a: Calyrex\n|\n|upkeep\n|\n|t:|1739990950\n|switch|p1b: Smeargle|Smeargle, L50, M, shiny|100\/100\n|turn|2\n|j| tetsuokaga\n|\n|t:|1739990965\n|move|p1b: Smeargle|Decorate|p1a: Calyrex\n|-boost|p1a: Calyrex|atk|2\n|-boost|p1a: Calyrex|spa|2\n|move|p1a: Calyrex|Glacial Lance|p2b: Calyrex|[spread] p2a,p2b\n|-resisted|p2a: Chi-Yu\n|-damage|p2a: Chi-Yu|0 fnt\n|-damage|p2b: Calyrex|0 fnt\n|faint|p2a: Chi-Yu\n|faint|p2b: Calyrex\n|-ability|p1a: Calyrex|Chilling Neigh|boost\n|-boost|p1a: Calyrex|atk|2\n|\n|upkeep\n|\n|t:|1739990968\n|switch|p2a: Ogerpon|Ogerpon-Cornerstone, L50, F|100\/100\n|switch|p2b: Urshifu|Urshifu, L50, F|100\/100\n|turn|3\n|\n|t:|1739990987\n|move|p1b: Smeargle|Follow Me|p1b: Smeargle\n|-singleturn|p1b: Smeargle|move: Follow Me\n|move|p1a: Calyrex|Glacial Lance|p2b: Urshifu|[spread] p2a,p2b\n|-supereffective|p2a: Ogerpon\n|-ability|p2a: Ogerpon|Sturdy\n|-damage|p2a: Ogerpon|1\/100\n|-enditem|p2b: Urshifu|Focus Sash\n|-damage|p2b: Urshifu|1\/100\n|move|p2b: Urshifu|Wicked Blow|p1b: Smeargle\n|-crit|p1b: Smeargle\n|-damage|p1b: Smeargle|7\/100\n|move|p2a: Ogerpon|Power Whip|p1b: Smeargle\n|-damage|p1b: Smeargle|0 fnt\n|faint|p1b: Smeargle\n|\n|upkeep\n|\n|t:|1739991003\n|switch|p1b: Regidrago|Regidrago, L50, shiny|100\/100\n|turn|4\n|inactive|Teraparkor 6 has 30 seconds left.\n|\n|t:|1739991029\n|-terastallize|p2b: Urshifu|Stellar\n|move|p2a: Ogerpon|Spiky Shield|p2a: Ogerpon\n|-singleturn|p2a: Ogerpon|move: Protect\n|move|p2b: Urshifu|Sucker Punch|p1a: Calyrex\n|-damage|p1a: Calyrex|2\/100\n|move|p1b: Regidrago|Dragon Energy|p2b: Urshifu|[spread] p2b\n|-activate|p2a: Ogerpon|move: Protect\n|-damage|p2b: Urshifu|0 fnt\n|faint|p2b: Urshifu\n|move|p1a: Calyrex|Glacial Lance|p2a: Ogerpon\n|-activate|p2a: Ogerpon|move: Protect\n|\n|upkeep\n|turn|5\n|l| tetsuokaga\n|\n|t:|1739991045\n|move|p1b: Regidrago|Dragon Energy|p2a: Ogerpon\n|-damage|p2a: Ogerpon|0 fnt\n|faint|p2a: Ogerpon\n|\n|win|Yung Trav\n|raw|Yung Trav's rating: 1665 &rarr; <strong>1684<\/strong><br \/>(+19 for winning)\n|raw|Teraparkor 6's rating: 1651 &rarr; <strong>1632<\/strong><br \/>(-19 for losing)\n|l|\u203dYung Trav\n|player|p1|\n|l|\u2606Teraparkor 6\n|player|p2|\n","uploadtime":1739991251,"views":8,"formatid":"gen9vgc2025regg","rating":1632,"private":0,"password":null}