{"id":"gen9vgc2025regg-2303978725","format":"[Gen 9] VGC 2025 Reg G","players":["chin8","Teraparkor 6"],"log":"|j|\u2606chin8\n|j|\u2606Teraparkor 6\n|t:|1739994672\n|gametype|doubles\n|player|p1|chin8|gentleman-gen4dp|1664\n|player|p2|Teraparkor 6|101|1691\n|teamsize|p1|6\n|teamsize|p2|6\n|gen|9\n|tier|[Gen 9] VGC 2025 Reg G\n|rated|\n|rule|Species Clause: Limit one of each Pok\u00e9mon\n|rule|Item Clause: Limit 1 of each item\n|clearpoke\n|poke|p1|Calyrex-Shadow, L50|\n|poke|p1|Incineroar, L50, F|\n|poke|p1|Rillaboom, L50, F|\n|poke|p1|Gastrodon-East, L50, M|\n|poke|p1|Hitmonchan, L50, M|\n|poke|p1|Tropius, L50, M|\n|poke|p2|Calyrex-Shadow, L50|\n|poke|p2|Raging Bolt, L50|\n|poke|p2|Urshifu-*, L50, M|\n|poke|p2|Chi-Yu, L50|\n|poke|p2|Ogerpon-Cornerstone, L50, F|\n|poke|p2|Clefairy, L50, M|\n|teampreview|4\n|inactive|Battle timer is ON: inactive players will automatically lose when time's up. (requested by Teraparkor 6)\n|\n|t:|1739994693\n|start\n|switch|p1a: Calyrex|Calyrex-Shadow, L50|100\/100\n|switch|p1b: Hitmonchan|Hitmonchan, L50, M|100\/100\n|switch|p2a: Chi-Yu|Chi-Yu, L50|100\/100\n|switch|p2b: Calyrex|Calyrex-Shadow, L50|100\/100\n|-ability|p2b: Calyrex|As One\n|-ability|p2b: Calyrex|Unnerve\n|-ability|p1a: Calyrex|As One\n|-ability|p1a: Calyrex|Unnerve\n|-ability|p2a: Chi-Yu|Beads of Ruin\n|turn|1\n|\n|t:|1739994712\n|switch|p1b: Incineroar|Incineroar, L50, F|100\/100\n|-ability|p1b: Incineroar|Intimidate|boost\n|-unboost|p2a: Chi-Yu|atk|1\n|-unboost|p2b: Calyrex|atk|1\n|-terastallize|p2a: Chi-Yu|Ghost\n|move|p2b: Calyrex|Protect|p2b: Calyrex\n|-singleturn|p2b: Calyrex|Protect\n|move|p1a: Calyrex|Protect|p1a: Calyrex\n|-singleturn|p1a: Calyrex|Protect\n|move|p2a: Chi-Yu|Snarl|p1b: Incineroar|[spread] p1b\n|-activate|p1a: Calyrex|move: Protect\n|-resisted|p1b: Incineroar\n|-damage|p1b: Incineroar|87\/100\n|-unboost|p1b: Incineroar|spa|1\n|\n|upkeep\n|turn|2\n|\n|t:|1739994727\n|switch|p2b: Clefairy|Clefairy, L50, M|100\/100\n|switch|p1a: Rillaboom|Rillaboom, L50, F|100\/100\n|-fieldstart|move: Grassy Terrain|[from] ability: Grassy Surge|[of] p1a: Rillaboom\n|move|p2a: Chi-Yu|Snarl|p1b: Incineroar|[spread] p1a,p1b\n|-resisted|p1b: Incineroar\n|-damage|p1a: Rillaboom|77\/100\n|-damage|p1b: Incineroar|73\/100\n|-unboost|p1a: Rillaboom|spa|1\n|-unboost|p1b: Incineroar|spa|1\n|move|p1b: Incineroar|Knock Off|p2b: Clefairy\n|-resisted|p2b: Clefairy\n|-damage|p2b: Clefairy|84\/100\n|-enditem|p2b: Clefairy|Eviolite|[from] move: Knock Off|[of] p1b: Incineroar\n|\n|-heal|p1a: Rillaboom|83\/100|[from] Grassy Terrain\n|-heal|p1b: Incineroar|79\/100|[from] Grassy Terrain\n|-heal|p2b: Clefairy|90\/100|[from] Grassy Terrain\n|upkeep\n|turn|3\n|\n|t:|1739994745\n|switch|p2a: Urshifu|Urshifu, L50, M|100\/100\n|move|p2b: Clefairy|Protect|p2b: Clefairy\n|-singleturn|p2b: Clefairy|Protect\n|move|p1a: Rillaboom|Wood Hammer|p2b: Clefairy\n|-activate|p2b: Clefairy|move: Protect\n|move|p1b: Incineroar|Parting Shot|p2a: Urshifu\n|-unboost|p2a: Urshifu|atk|1\n|-unboost|p2a: Urshifu|spa|1\n|\n|t:|1739994753\n|switch|p1b: Calyrex|Calyrex-Shadow, L50|100\/100|[from] Parting Shot\n|-ability|p1b: Calyrex|As One\n|-ability|p1b: Calyrex|Unnerve\n|\n|-heal|p1a: Rillaboom|89\/100|[from] Grassy Terrain\n|-heal|p2b: Clefairy|96\/100|[from] Grassy Terrain\n|upkeep\n|turn|4\n|\n|t:|1739994759\n|switch|p1a: Incineroar|Incineroar, L50, F|79\/100\n|-ability|p1a: Incineroar|Intimidate|boost\n|-unboost|p2a: Urshifu|atk|1\n|-unboost|p2b: Clefairy|atk|1\n|-terastallize|p1b: Calyrex|Fairy\n|move|p2b: Clefairy|Helping Hand|p2a: Urshifu\n|-singleturn|p2a: Urshifu|Helping Hand|[of] p2b: Clefairy\n|move|p1b: Calyrex|Calm Mind|p1b: Calyrex\n|-boost|p1b: Calyrex|spa|1\n|-boost|p1b: Calyrex|spd|1\n|move|p2a: Urshifu|Wicked Blow|p1a: Incineroar\n|-resisted|p1a: Incineroar\n|-crit|p1a: Incineroar\n|-damage|p1a: Incineroar|32\/100\n|\n|-heal|p1a: Incineroar|38\/100|[from] Grassy Terrain\n|-heal|p2b: Clefairy|100\/100|[from] Grassy Terrain\n|upkeep\n|turn|5\n|\n|t:|1739994775\n|switch|p1a: Rillaboom|Rillaboom, L50, F|89\/100\n|move|p2a: Urshifu|Protect|p2a: Urshifu\n|-singleturn|p2a: Urshifu|Protect\n|move|p2b: Clefairy|Protect|p2b: Clefairy\n|-singleturn|p2b: Clefairy|Protect\n|move|p1b: Calyrex|Calm Mind|p1b: Calyrex\n|-boost|p1b: Calyrex|spa|1\n|-boost|p1b: Calyrex|spd|1\n|\n|-heal|p1a: Rillaboom|95\/100|[from] Grassy Terrain\n|upkeep\n|turn|6\n|\n|t:|1739994785\n|move|p2b: Clefairy|Helping Hand|p2a: Urshifu\n|-singleturn|p2a: Urshifu|Helping Hand|[of] p2b: Clefairy\n|move|p1a: Rillaboom|Fake Out|p2a: Urshifu\n|-damage|p2a: Urshifu|89\/100\n|move|p1b: Calyrex|Astral Barrage|p2a: Urshifu|[spread] p2a,p2b\n|-resisted|p2a: Urshifu\n|-damage|p2a: Urshifu|30\/100\n|-damage|p2b: Clefairy|0 fnt\n|faint|p2b: Clefairy\n|-ability|p1b: Calyrex|Grim Neigh|boost\n|-boost|p1b: Calyrex|spa|1\n|cant|p2a: Urshifu|flinch\n|\n|-heal|p2a: Urshifu|36\/100|[from] Grassy Terrain\n|-heal|p1a: Rillaboom|100\/100|[from] Grassy Terrain\n|-fieldend|move: Grassy Terrain\n|upkeep\n|\n|t:|1739994793\n|switch|p2b: Chi-Yu|Chi-Yu, L50, tera:Ghost|100\/100\n|-ability|p2b: Chi-Yu|Beads of Ruin\n|turn|7\n|\n|t:|1739994801\n|move|p2b: Chi-Yu|Heat Wave|p1a: Rillaboom|[spread] p1a\n|-miss|p2b: Chi-Yu|p1b: Calyrex\n|-supereffective|p1a: Rillaboom\n|-damage|p1a: Rillaboom|25\/100\n|-status|p1a: Rillaboom|brn\n|move|p1b: Calyrex|Astral Barrage|p2a: Urshifu|[spread] p2a,p2b\n|-resisted|p2a: Urshifu\n|-supereffective|p2b: Chi-Yu\n|-damage|p2a: Urshifu|0 fnt\n|-damage|p2b: Chi-Yu|0 fnt\n|faint|p2a: Urshifu\n|faint|p2b: Chi-Yu\n|-ability|p1b: Calyrex|Grim Neigh|boost\n|-boost|p1b: Calyrex|spa|2\n|move|p1a: Rillaboom|U-turn|p2: Urshifu|[notarget]\n|-fail|p1a: Rillaboom\n|\n|-damage|p1a: Rillaboom|19\/100 brn|[from] brn\n|upkeep\n|\n|t:|1739994807\n|switch|p2b: Calyrex|Calyrex-Shadow, L50|100\/100\n|-ability|p2b: Calyrex|As One\n|-ability|p2b: Calyrex|Unnerve\n|turn|8\n|\n|t:|1739994811\n|move|p2b: Calyrex|Psyshock|p1b: Calyrex\n|-damage|p1b: Calyrex|56\/100\n|move|p1b: Calyrex|Astral Barrage|p2b: Calyrex\n|-supereffective|p2b: Calyrex\n|-damage|p2b: Calyrex|0 fnt\n|faint|p2b: Calyrex\n|\n|win|chin8\n|raw|chin8's rating: 1664 &rarr; <strong>1686<\/strong><br \/>(+22 for winning)\n|raw|Teraparkor 6's rating: 1691 &rarr; <strong>1669<\/strong><br \/>(-22 for losing)\n|l|\u2606Teraparkor 6\n|player|p2|\n|l|\u2606chin8\n|player|p1|\n","uploadtime":1739995017,"views":11,"formatid":"gen9vgc2025regg","rating":1669,"private":0,"password":null}