{"id":"gen9vgc2025regg-2303390836","format":"[Gen 9] VGC 2025 Reg G","players":["aveorni","TheBrain05"],"log":"|j|\u2606aveorni\n|j|\u2606TheBrain05\n|t:|1739916465\n|gametype|doubles\n|player|p1|aveorni|ghetsis|1565\n|player|p2|TheBrain05|1|1534\n|teamsize|p1|6\n|teamsize|p2|6\n|gen|9\n|tier|[Gen 9] VGC 2025 Reg G\n|rated|\n|rule|Species Clause: Limit one of each Pok\u00e9mon\n|rule|Item Clause: Limit 1 of each item\n|clearpoke\n|poke|p1|Ting-Lu, L50|\n|poke|p1|Calyrex-Shadow, L50|\n|poke|p1|Dondozo, L50, M|\n|poke|p1|Weezing-Galar, L50, M|\n|poke|p1|Indeedee-F, L50, F|\n|poke|p1|Tatsugiri-Droopy, L50, F|\n|poke|p2|Zamazenta-*, L50|\n|poke|p2|Ting-Lu, L50|\n|poke|p2|Chien-Pao, L50|\n|poke|p2|Chi-Yu, L50|\n|poke|p2|Iron Valiant, L50|\n|poke|p2|Amoonguss, L50, F|\n|teampreview|4\n|inactive|Battle timer is ON: inactive players will automatically lose when time's up. (requested by aveorni)\n|\n|t:|1739916488\n|start\n|switch|p1a: I eat sushi|Dondozo, L50, M, shiny|100\/100\n|switch|p1b: cow with bowl|Ting-Lu, L50|100\/100\n|switch|p2a: Ting-Lu|Ting-Lu, L50|100\/100\n|switch|p2b: Iron Valiant|Iron Valiant, L50|100\/100\n|-ability|p2a: Ting-Lu|Vessel of Ruin\n|-ability|p1b: cow with bowl|Vessel of Ruin\n|-enditem|p2b: Iron Valiant|Booster Energy\n|-activate|p2b: Iron Valiant|ability: Quark Drive|[fromitem]\n|-start|p2b: Iron Valiant|quarkdrivespe\n|turn|1\n|\n|t:|1739916498\n|move|p2b: Iron Valiant|Taunt|p1a: I eat sushi\n|-start|p1a: I eat sushi|move: Taunt\n|move|p2a: Ting-Lu|Sand Tomb|p1a: I eat sushi\n|-damage|p1a: I eat sushi|93\/100\n|-activate|p1a: I eat sushi|move: Sand Tomb|[of] p2a: Ting-Lu\n|move|p1b: cow with bowl|Sand Tomb|p2a: Ting-Lu\n|-damage|p2a: Ting-Lu|93\/100\n|-activate|p2a: Ting-Lu|move: Sand Tomb|[of] p1b: cow with bowl\n|cant|p1a: I eat sushi|move: Taunt|Yawn\n|\n|-heal|p2a: Ting-Lu|99\/100|[from] item: Leftovers\n|-heal|p1a: I eat sushi|99\/100|[from] item: Leftovers\n|-damage|p2a: Ting-Lu|87\/100|[from] move: Sand Tomb|[partiallytrapped]\n|-damage|p1a: I eat sushi|86\/100|[from] move: Sand Tomb|[partiallytrapped]\n|upkeep\n|turn|2\n|inactive|TheBrain05 has 30 seconds left.\n|\n|t:|1739916528\n|-terastallize|p2a: Ting-Lu|Poison\n|move|p2b: Iron Valiant|Coaching|p2a: Ting-Lu\n|-boost|p2a: Ting-Lu|atk|1\n|-boost|p2a: Ting-Lu|def|1\n|move|p2a: Ting-Lu|Sand Tomb|p1b: cow with bowl|[miss]\n|-miss|p2a: Ting-Lu|p1b: cow with bowl\n|move|p1b: cow with bowl|Sand Tomb|p2b: Iron Valiant|[miss]\n|-miss|p1b: cow with bowl|p2b: Iron Valiant\n|move|p1a: I eat sushi|Body Press|p2a: Ting-Lu\n|-resisted|p2a: Ting-Lu\n|-crit|p2a: Ting-Lu\n|-damage|p2a: Ting-Lu|79\/100\n|\n|-heal|p2a: Ting-Lu|85\/100|[from] item: Leftovers\n|-heal|p1a: I eat sushi|93\/100|[from] item: Leftovers\n|-damage|p2a: Ting-Lu|72\/100|[from] move: Sand Tomb|[partiallytrapped]\n|-damage|p1a: I eat sushi|80\/100|[from] move: Sand Tomb|[partiallytrapped]\n|upkeep\n|turn|3\n|\n|t:|1739916546\n|move|p2b: Iron Valiant|Moonblast|p1a: I eat sushi\n|-damage|p1a: I eat sushi|55\/100\n|move|p2a: Ting-Lu|Sand Tomb|p1b: cow with bowl\n|-damage|p1b: cow with bowl|90\/100\n|-activate|p1b: cow with bowl|move: Sand Tomb|[of] p2a: Ting-Lu\n|move|p1b: cow with bowl|Fissure|p2a: Ting-Lu|[miss]\n|-miss|p1b: cow with bowl|p2a: Ting-Lu\n|move|p1a: I eat sushi|Body Press|p2a: Ting-Lu\n|-resisted|p2a: Ting-Lu\n|-damage|p2a: Ting-Lu|67\/100\n|\n|-heal|p2a: Ting-Lu|73\/100|[from] item: Leftovers\n|-heal|p1a: I eat sushi|61\/100|[from] item: Leftovers\n|-damage|p2a: Ting-Lu|61\/100|[from] move: Sand Tomb|[partiallytrapped]\n|-damage|p1b: cow with bowl|78\/100|[from] move: Sand Tomb|[partiallytrapped]\n|-damage|p1a: I eat sushi|49\/100|[from] move: Sand Tomb|[partiallytrapped]\n|-end|p1a: I eat sushi|move: Taunt\n|upkeep\n|turn|4\n|\n|t:|1739916565\n|move|p2a: Ting-Lu|Protect|p2a: Ting-Lu\n|-singleturn|p2a: Ting-Lu|Protect\n|move|p1a: I eat sushi|Protect|p1a: I eat sushi\n|-singleturn|p1a: I eat sushi|Protect\n|move|p2b: Iron Valiant|Coaching|p2a: Ting-Lu\n|-boost|p2a: Ting-Lu|atk|1\n|-boost|p2a: Ting-Lu|def|1\n|move|p1b: cow with bowl|Fissure|p2a: Ting-Lu\n|-activate|p2a: Ting-Lu|move: Protect\n|\n|-heal|p2a: Ting-Lu|67\/100|[from] item: Leftovers\n|-heal|p1a: I eat sushi|55\/100|[from] item: Leftovers\n|-damage|p2a: Ting-Lu|54\/100|[from] move: Sand Tomb|[partiallytrapped]\n|-damage|p1b: cow with bowl|65\/100|[from] move: Sand Tomb|[partiallytrapped]\n|-damage|p1a: I eat sushi|43\/100|[from] move: Sand Tomb|[partiallytrapped]\n|upkeep\n|turn|5\n|\n|t:|1739916579\n|move|p2b: Iron Valiant|Moonblast|p1a: I eat sushi\n|-damage|p1a: I eat sushi|18\/100\n|move|p2a: Ting-Lu|Body Press|p1b: cow with bowl\n|-supereffective|p1b: cow with bowl\n|-damage|p1b: cow with bowl|14\/100\n|move|p1b: cow with bowl|Fissure|p2a: Ting-Lu|[miss]\n|-miss|p1b: cow with bowl|p2a: Ting-Lu\n|move|p1a: I eat sushi|Yawn|p2a: Ting-Lu\n|-start|p2a: Ting-Lu|move: Yawn|[of] p1a: I eat sushi\n|\n|-heal|p2a: Ting-Lu|61\/100|[from] item: Leftovers\n|-heal|p1a: I eat sushi|25\/100|[from] item: Leftovers\n|-damage|p2a: Ting-Lu|48\/100|[from] move: Sand Tomb|[partiallytrapped]\n|-damage|p1b: cow with bowl|2\/100|[from] move: Sand Tomb|[partiallytrapped]\n|-end|p1a: I eat sushi|Sand Tomb|[partiallytrapped]\n|upkeep\n|turn|6\n|\n|t:|1739916601\n|switch|p1a: horse|Calyrex-Shadow, L50|100\/100\n|-ability|p1a: horse|As One\n|-ability|p1a: horse|Unnerve\n|move|p2a: Ting-Lu|Protect|p2a: Ting-Lu\n|-singleturn|p2a: Ting-Lu|Protect\n|move|p2b: Iron Valiant|Moonblast|p1a: horse\n|-damage|p1a: horse|66\/100\n|move|p1b: cow with bowl|Fissure|p2a: Ting-Lu\n|-activate|p2a: Ting-Lu|move: Protect\n|\n|-heal|p2a: Ting-Lu|54\/100|[from] item: Leftovers\n|-end|p2a: Ting-Lu|Sand Tomb|[partiallytrapped]\n|-damage|p1b: cow with bowl|0 fnt|[from] move: Sand Tomb|[partiallytrapped]\n|faint|p1b: cow with bowl\n|-end|p2a: Ting-Lu|move: Yawn|[silent]\n|-status|p2a: Ting-Lu|slp\n|upkeep\n|\n|t:|1739916611\n|switch|p1b: fartn\u00b4t|Indeedee-F, L50, F|100\/100\n|-fieldstart|move: Psychic Terrain|[from] ability: Psychic Surge|[of] p1b: fartn\u00b4t\n|turn|7\n|\n|t:|1739916625\n|move|p1b: fartn\u00b4t|Helping Hand|p1a: horse\n|-singleturn|p1a: horse|Helping Hand|[of] p1b: fartn\u00b4t\n|move|p2b: Iron Valiant|Wide Guard|p2b: Iron Valiant\n|-singleturn|p2b: Iron Valiant|Wide Guard\n|move|p1a: horse|Draining Kiss|p2b: Iron Valiant\n|-supereffective|p2b: Iron Valiant\n|-damage|p2b: Iron Valiant|0 fnt\n|-heal|p1a: horse|100\/100|[from] drain|[of] p2b: Iron Valiant\n|faint|p2b: Iron Valiant\n|-end|p2b: Iron Valiant|Quark Drive|[silent]\n|-ability|p1a: horse|Grim Neigh|boost\n|-boost|p1a: horse|spa|1\n|-damage|p1a: horse|91\/100|[from] item: Life Orb\n|cant|p2a: Ting-Lu|slp\n|\n|-heal|p2a: Ting-Lu|61\/100 slp|[from] item: Leftovers\n|upkeep\n|\n|t:|1739916635\n|switch|p2b: Chi-Yu|Chi-Yu, L50|100\/100\n|-ability|p2b: Chi-Yu|Beads of Ruin\n|turn|8\n|\n|t:|1739916645\n|-terastallize|p1a: horse|Dark\n|move|p1b: fartn\u00b4t|Helping Hand|p1a: horse\n|-singleturn|p1a: horse|Helping Hand|[of] p1b: fartn\u00b4t\n|move|p2b: Chi-Yu|Snarl|p1a: horse|[spread] p1a,p1b\n|-resisted|p1a: horse\n|-supereffective|p1b: fartn\u00b4t\n|-damage|p1a: horse|79\/100\n|-damage|p1b: fartn\u00b4t|56\/100\n|-unboost|p1a: horse|spa|1\n|-unboost|p1b: fartn\u00b4t|spa|1\n|move|p1a: horse|Astral Barrage|p2a: Ting-Lu|[spread] p2a,p2b\n|-resisted|p2b: Chi-Yu\n|-damage|p2a: Ting-Lu|0 fnt\n|-damage|p2b: Chi-Yu|50\/100\n|faint|p2a: Ting-Lu\n|-ability|p1a: horse|Grim Neigh|boost\n|-boost|p1a: horse|spa|1\n|-damage|p1a: horse|69\/100|[from] item: Life Orb\n|\n|upkeep\n|\n|t:|1739916657\n|switch|p2a: Zamazenta|Zamazenta-Crowned, L50|100\/100\n|-ability|p2a: Zamazenta|Dauntless Shield|boost\n|-boost|p2a: Zamazenta|def|1\n|turn|9\n|\n|t:|1739916664\n|move|p1b: fartn\u00b4t|Helping Hand|p1a: horse\n|-singleturn|p1a: horse|Helping Hand|[of] p1b: fartn\u00b4t\n|move|p2b: Chi-Yu|Snarl|p1a: horse|[spread] p1a,p1b\n|-resisted|p1a: horse\n|-supereffective|p1b: fartn\u00b4t\n|-damage|p1a: horse|53\/100\n|-damage|p1b: fartn\u00b4t|4\/100\n|-unboost|p1a: horse|spa|1\n|-unboost|p1b: fartn\u00b4t|spa|1\n|move|p1a: horse|Draining Kiss|p2b: Chi-Yu\n|-damage|p2b: Chi-Yu|7\/100\n|-heal|p1a: horse|77\/100|[from] drain|[of] p2b: Chi-Yu\n|-damage|p1a: horse|68\/100|[from] item: Life Orb\n|move|p2a: Zamazenta|Body Press|p1a: horse\n|-supereffective|p1a: horse\n|-damage|p1a: horse|0 fnt\n|faint|p1a: horse\n|\n|upkeep\n|\n|t:|1739916668\n|switch|p1a: I eat sushi|Dondozo, L50, M, shiny|25\/100\n|turn|10\n|-message|aveorni forfeited.\n|\n|win|TheBrain05\n|raw|aveorni's rating: 1565 &rarr; <strong>1543<\/strong><br \/>(-22 for losing)\n|raw|TheBrain05's rating: 1534 &rarr; <strong>1556<\/strong><br \/>(+22 for winning)\n|l|\u2606aveorni\n|player|p1|\n|l|\u2606TheBrain05\n|player|p2|\n","uploadtime":1739916848,"views":5,"formatid":"gen9vgc2025regg","rating":1543,"private":0,"password":null}