{"id":"gen9vgc2025regg-2303182429","format":"[Gen 9] VGC 2025 Reg G","players":["Kaicyios","RustyChair13"],"log":"|j|\u2606Kaicyios\n|j|\u2606RustyChair13\n|t:|1739895768\n|gametype|doubles\n|player|p1|Kaicyios|giovanni|1697\n|player|p2|RustyChair13|scientist-gen4|1713\n|teamsize|p1|6\n|teamsize|p2|6\n|gen|9\n|tier|[Gen 9] VGC 2025 Reg G\n|rated|\n|rule|Species Clause: Limit one of each Pok\u00e9mon\n|rule|Item Clause: Limit 1 of each item\n|clearpoke\n|poke|p1|Groudon, L50|\n|poke|p1|Flutter Mane, L50|\n|poke|p1|Chi-Yu, L50|\n|poke|p1|Raging Bolt, L50|\n|poke|p1|Whimsicott, L50, F|\n|poke|p1|Armarouge, L50, F|\n|poke|p2|Zamazenta-*, L50|\n|poke|p2|Chien-Pao, L50|\n|poke|p2|Chi-Yu, L50|\n|poke|p2|Raging Bolt, L50|\n|poke|p2|Flutter Mane, L50|\n|poke|p2|Amoonguss, L50, F|\n|teampreview|4\n|j| dannyboy2000\n|l| dannyboy2000\n|\n|t:|1739895808\n|start\n|switch|p1a: Whimsicott|Whimsicott, L50, F|100\/100\n|switch|p1b: Groudon|Groudon, L50|100\/100\n|switch|p2a: Flutter Mane|Flutter Mane, L50, shiny|100\/100\n|switch|p2b: Chien-Pao|Chien-Pao, L50|100\/100\n|-ability|p2b: Chien-Pao|Sword of Ruin\n|-weather|SunnyDay|[from] ability: Drought|[of] p1b: Groudon\n|-activate|p2a: Flutter Mane|ability: Protosynthesis\n|-start|p2a: Flutter Mane|protosynthesisspe\n|turn|1\n|\n|t:|1739895842\n|-terastallize|p1b: Groudon|Fire\n|move|p2b: Chien-Pao|Protect|p2b: Chien-Pao\n|-singleturn|p2b: Chien-Pao|Protect\n|move|p2a: Flutter Mane|Taunt|p1a: Whimsicott\n|-start|p1a: Whimsicott|move: Taunt\n|move|p1b: Groudon|Precipice Blades|p2a: Flutter Mane|[spread] p2a\n|-activate|p2b: Chien-Pao|move: Protect\n|-damage|p2a: Flutter Mane|0 fnt\n|faint|p2a: Flutter Mane\n|-end|p2a: Flutter Mane|Protosynthesis|[silent]\n|cant|p1a: Whimsicott|move: Taunt|Trick Room\n|\n|-weather|SunnyDay|[upkeep]\n|upkeep\n|j| Easy180\n|\n|t:|1739895857\n|switch|p2a: Zamazenta|Zamazenta-Crowned, L50, shiny|100\/100\n|-ability|p2a: Zamazenta|Dauntless Shield|boost\n|-boost|p2a: Zamazenta|def|1\n|turn|2\n|\n|t:|1739895868\n|switch|p1a: Armarouge|Armarouge, L50, F|100\/100\n|move|p2b: Chien-Pao|Throat Chop|p1b: Groudon\n|-damage|p1b: Groudon|68\/100\n|-start|p1b: Groudon|Throat Chop|[silent]\n|move|p2a: Zamazenta|Body Press|p1b: Groudon\n|-damage|p1b: Groudon|6\/100\n|move|p1b: Groudon|Heat Crash|p2b: Chien-Pao\n|-supereffective|p2b: Chien-Pao\n|-enditem|p2b: Chien-Pao|Focus Sash\n|-damage|p2b: Chien-Pao|1\/100\n|\n|-weather|SunnyDay|[upkeep]\n|upkeep\n|turn|3\n|inactive|Battle timer is ON: inactive players will automatically lose when time's up. (requested by RustyChair13)\n|\n|t:|1739895903\n|switch|p1a: Whimsicott|Whimsicott, L50, F|100\/100\n|-terastallize|p2a: Zamazenta|Dragon\n|move|p2b: Chien-Pao|Protect|p2b: Chien-Pao\n|-singleturn|p2b: Chien-Pao|Protect\n|move|p2a: Zamazenta|Heavy Slam|p1b: Groudon\n|-resisted|p1b: Groudon\n|-damage|p1b: Groudon|0 fnt\n|faint|p1b: Groudon\n|\n|-weather|SunnyDay|[upkeep]\n|upkeep\n|\n|t:|1739895924\n|switch|p1b: Chi-Yu|Chi-Yu, L50|100\/100\n|-ability|p1b: Chi-Yu|Beads of Ruin\n|turn|4\n|\n|t:|1739895947\n|switch|p2b: Chi-Yu|Chi-Yu, L50|100\/100\n|-ability|p2b: Chi-Yu|Beads of Ruin\n|move|p1a: Whimsicott|Tailwind|p1a: Whimsicott\n|-sidestart|p1: Kaicyios|move: Tailwind\n|move|p1b: Chi-Yu|Heat Wave|p2a: Zamazenta|[spread] p2a,p2b\n|-resisted|p2a: Zamazenta\n|-resisted|p2b: Chi-Yu\n|-damage|p2a: Zamazenta|50\/100\n|-damage|p2b: Chi-Yu|49\/100\n|move|p2a: Zamazenta|Heavy Slam|p1a: Whimsicott\n|-supereffective|p1a: Whimsicott\n|-enditem|p1a: Whimsicott|Focus Sash\n|-damage|p1a: Whimsicott|1\/100\n|\n|-weather|SunnyDay|[upkeep]\n|upkeep\n|turn|5\n|inactive|Kaicyios has 30 seconds left.\n|inactive|Kaicyios has 20 seconds left.\n|\n|t:|1739895983\n|move|p2a: Zamazenta|Wide Guard|p2a: Zamazenta\n|-singleturn|p2a: Zamazenta|Wide Guard\n|move|p1a: Whimsicott|Encore|p2a: Zamazenta\n|-start|p2a: Zamazenta|Encore\n|move|p1b: Chi-Yu|Heat Wave|p2b: Chi-Yu|[spread] \n|-activate|p2a: Zamazenta|move: Wide Guard\n|-activate|p2b: Chi-Yu|move: Wide Guard\n|move|p2b: Chi-Yu|Snarl|p1a: Whimsicott|[spread] p1a,p1b\n|-resisted|p1a: Whimsicott\n|-resisted|p1b: Chi-Yu\n|-damage|p1a: Whimsicott|0 fnt\n|-damage|p1b: Chi-Yu|89\/100\n|-unboost|p1b: Chi-Yu|spa|1\n|faint|p1a: Whimsicott\n|\n|-weather|none\n|upkeep\n|\n|t:|1739895985\n|switch|p1a: Armarouge|Armarouge, L50, F|100\/100\n|turn|6\n|j| woshiliangzai\n|\n|t:|1739895998\n|move|p2a: Zamazenta|Wide Guard|p2a: Zamazenta\n|-singleturn|p2a: Zamazenta|Wide Guard\n|move|p1b: Chi-Yu|Heat Wave|p2a: Zamazenta|[spread] \n|-activate|p2a: Zamazenta|move: Wide Guard\n|-activate|p2b: Chi-Yu|move: Wide Guard\n|move|p2b: Chi-Yu|Snarl|p1a: Armarouge|[spread] \n|-miss|p2b: Chi-Yu|p1a: Armarouge\n|-miss|p2b: Chi-Yu|p1b: Chi-Yu\n|move|p1a: Armarouge|Armor Cannon|p2a: Zamazenta\n|-resisted|p2a: Zamazenta\n|-damage|p2a: Zamazenta|20\/100\n|-unboost|p1a: Armarouge|def|1\n|-unboost|p1a: Armarouge|spd|1\n|\n|upkeep\n|turn|7\n|inactive|Kaicyios has 30 seconds left.\n|\n|t:|1739896024\n|move|p2a: Zamazenta|Wide Guard|p2a: Zamazenta\n|-singleturn|p2a: Zamazenta|Wide Guard\n|move|p1b: Chi-Yu|Heat Wave|p2a: Zamazenta|[spread] \n|-activate|p2a: Zamazenta|move: Wide Guard\n|-activate|p2b: Chi-Yu|move: Wide Guard\n|move|p2b: Chi-Yu|Snarl|p1a: Armarouge|[spread] p1a,p1b\n|-supereffective|p1a: Armarouge\n|-resisted|p1b: Chi-Yu\n|-damage|p1a: Armarouge|0 fnt\n|-damage|p1b: Chi-Yu|78\/100\n|-unboost|p1b: Chi-Yu|spa|1\n|faint|p1a: Armarouge\n|\n|-sideend|p1: Kaicyios|move: Tailwind\n|upkeep\n|turn|8\n|\n|t:|1739896033\n|switch|p2b: Chien-Pao|Chien-Pao, L50|1\/100\n|-ability|p2b: Chien-Pao|Sword of Ruin\n|move|p2a: Zamazenta|Wide Guard|p2a: Zamazenta\n|-singleturn|p2a: Zamazenta|Wide Guard\n|move|p1b: Chi-Yu|Heat Wave|p2a: Zamazenta|[spread] \n|-activate|p2a: Zamazenta|move: Wide Guard\n|-activate|p2b: Chien-Pao|move: Wide Guard\n|\n|-end|p2a: Zamazenta|Encore\n|upkeep\n|turn|9\n|-message|Kaicyios forfeited.\n|\n|win|RustyChair13\n|raw|Kaicyios's rating: 1697 &rarr; <strong>1678<\/strong><br \/>(-19 for losing)\n|raw|RustyChair13's rating: 1713 &rarr; <strong>1732<\/strong><br \/>(+19 for winning)\n|l|\u2606Kaicyios\n|player|p1|\n|l| woshiliangzai\n|l|\u2606RustyChair13\n|player|p2|\n|l| Easy180\n","uploadtime":1739896236,"views":19,"formatid":"gen9vgc2025regg","rating":1678,"private":0,"password":null}