{"id":"gen9vgc2025regg-2303351462","format":"[Gen 9] VGC 2025 Reg G","players":["Hikawari","Daleg"],"log":"|j|\u2606Hikawari\n|j|\u2606Daleg\n|t:|1739912353\n|gametype|doubles\n|player|p1|Hikawari|169|1654\n|player|p2|Daleg|266|1752\n|teamsize|p1|6\n|teamsize|p2|6\n|gen|9\n|tier|[Gen 9] VGC 2025 Reg G\n|rated|\n|rule|Species Clause: Limit one of each Pok\u00e9mon\n|rule|Item Clause: Limit 1 of each item\n|clearpoke\n|poke|p1|Zamazenta-*, L50|\n|poke|p1|Chi-Yu, L50|\n|poke|p1|Rillaboom, L50, F|\n|poke|p1|Flutter Mane, L50|\n|poke|p1|Chien-Pao, L50|\n|poke|p1|Amoonguss, L50, M|\n|poke|p2|Zamazenta-*, L50|\n|poke|p2|Amoonguss, L50, M|\n|poke|p2|Chien-Pao, L50|\n|poke|p2|Flutter Mane, L50|\n|poke|p2|Rillaboom, L50, F|\n|poke|p2|Dragonite, L50, M|\n|teampreview|4\n|inactive|Battle timer is ON: inactive players will automatically lose when time's up. (requested by Hikawari)\n|j| the geodude\n|inactive|Daleg has 60 seconds left.\nHikawari has agreed to open team sheets.\n|\n|t:|1739912398\n|start\n|switch|p1a: Zamazenta|Zamazenta-Crowned, L50|100\/100\n|switch|p1b: Chi-Yu|Chi-Yu, L50|100\/100\n|switch|p2a: Flutter Mane|Flutter Mane, L50|100\/100\n|switch|p2b: Zamazenta|Zamazenta-Crowned, L50|100\/100\n|-ability|p1b: Chi-Yu|Beads of Ruin\n|-ability|p2b: Zamazenta|Dauntless Shield|boost\n|-boost|p2b: Zamazenta|def|1\n|-ability|p1a: Zamazenta|Dauntless Shield|boost\n|-boost|p1a: Zamazenta|def|1\n|turn|1\n|inactive|Daleg has 30 seconds left.\n|inactive|Daleg has 20 seconds left.\n|inactive|Daleg has 15 seconds left.\n|inactive|Daleg has 10 seconds left.\n|inactive|Hikawari has 30 seconds left.\n|inactive|Daleg has 5 seconds left.\n|j| kiabu233\n|\n|t:|1739912451\n|switch|p2b: Dragonite|Dragonite, L50, M|100\/100\n|-terastallize|p2a: Flutter Mane|Fire\n|-terastallize|p1a: Zamazenta|Dragon\n|move|p1b: Chi-Yu|Overheat|p2b: Dragonite\n|-resisted|p2b: Dragonite\n|-damage|p2b: Dragonite|59\/100\n|-unboost|p1b: Chi-Yu|spa|2\n|move|p2a: Flutter Mane|Moonblast|p1a: Zamazenta\n|-supereffective|p1a: Zamazenta\n|-damage|p1a: Zamazenta|0 fnt\n|faint|p1a: Zamazenta\n|\n|upkeep\n|\n|t:|1739912462\n|switch|p1a: Flutter Mane|Flutter Mane, L50|100\/100\n|-enditem|p1a: Flutter Mane|Booster Energy\n|-activate|p1a: Flutter Mane|ability: Protosynthesis|[fromitem]\n|-start|p1a: Flutter Mane|protosynthesisspe\n|turn|2\n|inactive|Daleg has 30 seconds left.\n|\n|t:|1739912494\n|switch|p1b: Amoonguss|Amoonguss, L50, M|100\/100\n|switch|p2b: Amoonguss|Amoonguss, L50, M|100\/100\n|move|p1a: Flutter Mane|Icy Wind|p2b: Amoonguss|[spread] p2a,p2b\n|-resisted|p2a: Flutter Mane\n|-supereffective|p2b: Amoonguss\n|-damage|p2a: Flutter Mane|95\/100\n|-damage|p2b: Amoonguss|76\/100\n|-unboost|p2a: Flutter Mane|spe|1\n|-unboost|p2b: Amoonguss|spe|1\n|move|p2a: Flutter Mane|Moonblast|p1a: Flutter Mane\n|-damage|p1a: Flutter Mane|35\/100\n|\n|upkeep\n|turn|3\n|\n|t:|1739912516\n|move|p1a: Flutter Mane|Protect|p1a: Flutter Mane\n|-singleturn|p1a: Flutter Mane|Protect\n|move|p2a: Flutter Mane|Moonblast|p1a: Flutter Mane\n|-activate|p1a: Flutter Mane|move: Protect\n|move|p1b: Amoonguss|Spore|p2a: Flutter Mane\n|-status|p2a: Flutter Mane|slp|[from] move: Spore\n|move|p2b: Amoonguss|Spore|p1a: Flutter Mane\n|-activate|p1a: Flutter Mane|move: Protect\n|\n|upkeep\n|turn|4\n|\n|t:|1739912529\n|-end|p1a: Flutter Mane|Protosynthesis|[silent]\n|switch|p1a: Chi-Yu|Chi-Yu, L50|100\/100\n|-ability|p1a: Chi-Yu|Beads of Ruin\n|cant|p2a: Flutter Mane|slp\n|move|p1b: Amoonguss|Sludge Bomb|p2b: Amoonguss\n|-damage|p2b: Amoonguss|42\/100\n|move|p2b: Amoonguss|Spore|p1a: Chi-Yu\n|-status|p1a: Chi-Yu|slp|[from] move: Spore\n|\n|upkeep\n|turn|5\n|\n|t:|1739912548\n|switch|p2b: Zamazenta|Zamazenta-Crowned, L50|100\/100\n|cant|p1a: Chi-Yu|slp\n|-curestatus|p2a: Flutter Mane|slp|[msg]\n|move|p2a: Flutter Mane|Moonblast|p1a: Chi-Yu\n|-damage|p1a: Chi-Yu|36\/100 slp\n|-unboost|p1a: Chi-Yu|spa|1\n|move|p1b: Amoonguss|Sludge Bomb|p2a: Flutter Mane\n|-damage|p2a: Flutter Mane|64\/100\n|-status|p2a: Flutter Mane|psn\n|\n|-damage|p2a: Flutter Mane|52\/100 psn|[from] psn\n|upkeep\n|turn|6\n|j| AlteredOne\n|l| AlteredOne\n|\n|t:|1739912567\n|switch|p1a: Flutter Mane|Flutter Mane, L50|35\/100\n|switch|p2b: Amoonguss|Amoonguss, L50, M|75\/100\n|move|p1b: Amoonguss|Rage Powder|p1b: Amoonguss\n|-singleturn|p1b: Amoonguss|move: Rage Powder\n|move|p2a: Flutter Mane|Moonblast|p1b: Amoonguss\n|-resisted|p1b: Amoonguss\n|-damage|p1b: Amoonguss|67\/100\n|-unboost|p1b: Amoonguss|spa|1\n|\n|-damage|p2a: Flutter Mane|40\/100 psn|[from] psn\n|upkeep\n|turn|7\n|\n|t:|1739912590\n|-end|p1a: Flutter Mane|Protosynthesis|[silent]\n|switch|p1a: Chi-Yu|Chi-Yu, L50|36\/100 slp\n|-ability|p1a: Chi-Yu|Beads of Ruin\n|move|p1b: Amoonguss|Rage Powder|p1b: Amoonguss\n|-singleturn|p1b: Amoonguss|move: Rage Powder\n|move|p2a: Flutter Mane|Moonblast|p1b: Amoonguss\n|-resisted|p1b: Amoonguss\n|-damage|p1b: Amoonguss|27\/100\n|move|p2b: Amoonguss|Spore|p1a: Chi-Yu\n|-fail|p1a: Chi-Yu|slp\n|\n|-damage|p2a: Flutter Mane|28\/100 psn|[from] psn\n|upkeep\n|turn|8\n|\n|t:|1739912603\n|move|p1b: Amoonguss|Rage Powder|p1b: Amoonguss\n|-singleturn|p1b: Amoonguss|move: Rage Powder\n|cant|p1a: Chi-Yu|slp\n|move|p2a: Flutter Mane|Moonblast|p1b: Amoonguss\n|-resisted|p1b: Amoonguss\n|-damage|p1b: Amoonguss|0 fnt\n|faint|p1b: Amoonguss\n|move|p2b: Amoonguss|Spore|p1a: Chi-Yu\n|-fail|p1a: Chi-Yu|slp\n|\n|-damage|p2a: Flutter Mane|16\/100 psn|[from] psn\n|upkeep\n|\n|t:|1739912607\n|switch|p1b: Flutter Mane|Flutter Mane, L50|35\/100\n|turn|9\n|\n|t:|1739912629\n|cant|p1a: Chi-Yu|slp\n|move|p1b: Flutter Mane|Shadow Ball|p2b: Amoonguss\n|-damage|p2b: Amoonguss|31\/100\n|move|p2a: Flutter Mane|Moonblast|p1b: Flutter Mane\n|-damage|p1b: Flutter Mane|0 fnt\n|faint|p1b: Flutter Mane\n|-end|p1b: Flutter Mane|Protosynthesis|[silent]\n|move|p2b: Amoonguss|Spore|p1a: Chi-Yu\n|-fail|p1a: Chi-Yu|slp\n|\n|-damage|p2a: Flutter Mane|4\/100 psn|[from] psn\n|upkeep\n|turn|10\n|-message|Hikawari forfeited.\n|\n|win|Daleg\n|raw|Hikawari's rating: 1654 &rarr; <strong>1639<\/strong><br \/>(-15 for losing)\n|raw|Daleg's rating: 1752 &rarr; <strong>1767<\/strong><br \/>(+15 for winning)\n|l|\u2606Hikawari\n|player|p1|\n|l|\u2606Daleg\n|player|p2|\n|l| kiabu233\n|l| the geodude\n","uploadtime":1739912832,"views":5,"formatid":"gen9vgc2025regg","rating":1639,"private":0,"password":null}