{"id":"gen9vgc2025regg-2303447665","format":"[Gen 9] VGC 2025 Reg G","players":["Sarfy","PigsPrep"],"log":"|j|\u2606Sarfy\n|j|\u2606PigsPrep\n|t:|1739922942\n|gametype|doubles\n|player|p1|Sarfy|adaman|1560\n|player|p2|PigsPrep|lian|1544\n|teamsize|p1|6\n|teamsize|p2|6\n|gen|9\n|tier|[Gen 9] VGC 2025 Reg G\n|rated|\n|rule|Species Clause: Limit one of each Pok\u00e9mon\n|rule|Item Clause: Limit 1 of each item\n|clearpoke\n|poke|p1|Zacian-*, L50|\n|poke|p1|Ditto, L50|\n|poke|p1|Gothitelle, L50, F|\n|poke|p1|Dragonite, L50, M|\n|poke|p1|Chien-Pao, L50|\n|poke|p1|Pelipper, L50, F|\n|poke|p2|Kyogre, L50|\n|poke|p2|Tornadus, L50, M|\n|poke|p2|Dondozo, L50, M|\n|poke|p2|Tatsugiri, L50, M|\n|poke|p2|Magmar, L50, M|\n|poke|p2|Gholdengo, L50|\n|teampreview|4\n|inactive|Battle timer is ON: inactive players will automatically lose when time's up. (requested by PigsPrep)\n|inactive|Sarfy has 60 seconds left.\n|inactive|PigsPrep has 60 seconds left.\n|inactive|Sarfy has 30 seconds left.\n|inactive|Sarfy has 20 seconds left.\n|inactive|Sarfy has 15 seconds left.\n|inactive|Sarfy has 10 seconds left.\n|\n|t:|1739923026\n|start\n|switch|p1a: Dragonite|Dragonite, L50, M|100\/100\n|switch|p1b: Chien-Pao|Chien-Pao, L50|100\/100\n|switch|p2a: Magmar|Magmar, L50, M|100\/100\n|switch|p2b: Gholdengo|Gholdengo, L50|100\/100\n|-ability|p1b: Chien-Pao|Sword of Ruin\n|turn|1\n|\n|t:|1739923046\n|-terastallize|p2b: Gholdengo|Steel\n|move|p1b: Chien-Pao|Protect|p1b: Chien-Pao\n|-singleturn|p1b: Chien-Pao|Protect\n|move|p2b: Gholdengo|Make It Rain|p1b: Chien-Pao|[spread] p1a\n|-activate|p1b: Chien-Pao|move: Protect\n|-damage|p1a: Dragonite|12\/100\n|-unboost|p2b: Gholdengo|spa|1\n|move|p2a: Magmar|Acid Spray|p1a: Dragonite\n|-damage|p1a: Dragonite|3\/100\n|-unboost|p1a: Dragonite|spd|2\n|move|p1a: Dragonite|Stone Edge|p2a: Magmar\n|-supereffective|p2a: Magmar\n|-damage|p2a: Magmar|0 fnt\n|faint|p2a: Magmar\n|\n|upkeep\n|\n|t:|1739923058\n|switch|p2a: Dondozo|Dondozo, L50, M|100\/100\n|turn|2\n|inactive|Sarfy has 30 seconds left.\n|\n|t:|1739923093\n|switch|p1a: Zacian|Zacian-Crowned, L50|100\/100\n|-ability|p1a: Zacian|Intrepid Sword|boost\n|-boost|p1a: Zacian|atk|1\n|move|p2a: Dondozo|Protect|p2a: Dondozo\n|-singleturn|p2a: Dondozo|Protect\n|move|p1b: Chien-Pao|Sacred Sword|p2a: Dondozo\n|-activate|p2a: Dondozo|move: Protect\n|move|p2b: Gholdengo|Make It Rain|p1a: Zacian|[spread] p1a,p1b\n|-supereffective|p1b: Chien-Pao\n|-damage|p1a: Zacian|33\/100\n|-enditem|p1b: Chien-Pao|Focus Sash\n|-damage|p1b: Chien-Pao|1\/100\n|-unboost|p2b: Gholdengo|spa|1\n|\n|upkeep\n|turn|3\n|inactive|PigsPrep has 30 seconds left.\n|\n|t:|1739923124\n|switch|p2b: Tatsugiri|Tatsugiri, L50, M|100\/100\n|-activate|p2b: Tatsugiri|ability: Commander|[of] p2a: Dondozo\n|-boost|p2a: Dondozo|atk|2\n|-boost|p2a: Dondozo|spa|2\n|-boost|p2a: Dondozo|spe|2\n|-boost|p2a: Dondozo|def|2\n|-boost|p2a: Dondozo|spd|2\n|-terastallize|p1a: Zacian|Stellar\n|move|p1a: Zacian|Sacred Sword|p2a: Dondozo\n|-damage|p2a: Dondozo|68\/100\n|move|p1b: Chien-Pao|Sacred Sword|p2a: Dondozo\n|-damage|p2a: Dondozo|47\/100\n|move|p2a: Dondozo|Order Up|p1b: Chien-Pao\n|-damage|p1b: Chien-Pao|0 fnt\n|faint|p1b: Chien-Pao\n|-boost|p2a: Dondozo|atk|1\n|\n|-heal|p2a: Dondozo|53\/100|[from] item: Leftovers\n|upkeep\n|\n|t:|1739923135\n|switch|p1b: Gothitelle|Gothitelle, L50, F|100\/100\n|turn|4\n|\n|t:|1739923145\n|move|p2a: Dondozo|Protect|p2a: Dondozo\n|-singleturn|p2a: Dondozo|Protect\n|move|p1b: Gothitelle|Fake Out|p2a: Dondozo\n|-activate|p2a: Dondozo|move: Protect\n|move|p1a: Zacian|Sacred Sword|p2a: Dondozo\n|-activate|p2a: Dondozo|move: Protect\n|\n|-heal|p2a: Dondozo|59\/100|[from] item: Leftovers\n|upkeep\n|turn|5\n|\n|t:|1739923153\n|move|p1b: Gothitelle|Helping Hand|p1a: Zacian\n|-singleturn|p1a: Zacian|Helping Hand|[of] p1b: Gothitelle\n|move|p1a: Zacian|Sacred Sword|p2a: Dondozo\n|-damage|p2a: Dondozo|33\/100\n|move|p2a: Dondozo|Wave Crash|p1a: Zacian\n|-damage|p1a: Zacian|0 fnt\n|faint|p1a: Zacian\n|-damage|p2a: Dondozo|25\/100|[from] Recoil\n|\n|-heal|p2a: Dondozo|31\/100|[from] item: Leftovers\n|upkeep\n|-message|Sarfy forfeited.\n|\n|win|PigsPrep\n|raw|Sarfy's rating: 1560 &rarr; <strong>1539<\/strong><br \/>(-21 for losing)\n|raw|PigsPrep's rating: 1544 &rarr; <strong>1565<\/strong><br \/>(+21 for winning)\n|l|\u2606Sarfy\n|player|p1|\n|l|\u2606PigsPrep\n|player|p2|\n","uploadtime":1739923357,"views":5,"formatid":"gen9vgc2025regg","rating":1539,"private":0,"password":null}