{"id":"gen9vgc2025regg-2303264701","format":"[Gen 9] VGC 2025 Reg G","players":["firepatriley","Cellpab1"],"log":"|j|\u2606firepatriley\n|j|\u2606Cellpab1\n|t:|1739903742\n|gametype|doubles\n|player|p1|firepatriley|102|1632\n|player|p2|Cellpab1|101|1697\n|teamsize|p1|6\n|teamsize|p2|6\n|gen|9\n|tier|[Gen 9] VGC 2025 Reg G\n|rated|\n|rule|Species Clause: Limit one of each Pok\u00e9mon\n|rule|Item Clause: Limit 1 of each item\n|clearpoke\n|poke|p1|Lunala, L50|\n|poke|p1|Rillaboom, L50, F|\n|poke|p1|Urshifu-*, L50, M|\n|poke|p1|Ursaluna, L50, F|\n|poke|p1|Incineroar, L50, M|\n|poke|p1|Amoonguss, L50, M|\n|poke|p2|Raging Bolt, L50|\n|poke|p2|Urshifu-*, L50, F|\n|poke|p2|Calyrex-Ice, L50|\n|poke|p2|Landorus, L50, M|\n|poke|p2|Brute Bonnet, L50|\n|poke|p2|Ogerpon-Hearthflame, L50, F|\n|teampreview|4\n|inactive|Battle timer is ON: inactive players will automatically lose when time's up. (requested by firepatriley)\nfirepatriley rejected open team sheets.\n|inactive|Cellpab1 has 60 seconds left.\n|\n|t:|1739903810\n|start\n|switch|p1a: Urshifu|Urshifu-Rapid-Strike, L50, M|100\/100\n|switch|p1b: Lunala|Lunala, L50|100\/100\n|switch|p2a: Brute Bonnet|Brute Bonnet, L50|100\/100\n|switch|p2b: Calyrex|Calyrex-Ice, L50|100\/100\n|-ability|p2b: Calyrex|As One\n|-ability|p2b: Calyrex|Unnerve\n|turn|1\n|inactive|Cellpab1 has 30 seconds left.\n|\n|t:|1739903843\n|-terastallize|p2b: Calyrex|Fairy\n|move|p1a: Urshifu|Taunt|p2a: Brute Bonnet\n|-start|p2a: Brute Bonnet|move: Taunt\n|move|p1b: Lunala|Meteor Beam||[still]\n|-prepare|p1b: Lunala|Meteor Beam\n|-boost|p1b: Lunala|spa|1\n|-enditem|p1b: Lunala|Power Herb\n|-anim|p1b: Lunala|Meteor Beam|p2b: Calyrex\n|-damage|p2b: Calyrex|58\/100\n|cant|p2a: Brute Bonnet|move: Taunt|Spore\n|move|p2b: Calyrex|Glacial Lance|p1b: Lunala|[spread] p1a,p1b\n|-resisted|p1a: Urshifu\n|-damage|p1a: Urshifu|71\/100\n|-damage|p1b: Lunala|79\/100\n|\n|upkeep\n|turn|2\n|inactive|Cellpab1 has 30 seconds left.\n|inactive|firepatriley has 30 seconds left.\n|inactive|Cellpab1 has 20 seconds left.\n|inactive|Cellpab1 has 15 seconds left.\n|inactive|Cellpab1 has 10 seconds left.\n|inactive|Cellpab1 has 5 seconds left.\n|\n|t:|1739903894\n|-terastallize|p1b: Lunala|Fairy\n|move|p1a: Urshifu|Surging Strikes|p2b: Calyrex\n|-crit|p2b: Calyrex\n|-damage|p2b: Calyrex|45\/100\n|-crit|p2b: Calyrex\n|-damage|p2b: Calyrex|33\/100\n|-crit|p2b: Calyrex\n|-damage|p2b: Calyrex|19\/100\n|-hitcount|p2b: Calyrex|3\n|move|p1b: Lunala|Moonblast|p2a: Brute Bonnet\n|-supereffective|p2a: Brute Bonnet\n|-damage|p2a: Brute Bonnet|0 fnt\n|faint|p2a: Brute Bonnet\n|-end|p2a: Brute Bonnet|Protosynthesis|[silent]\n|move|p2b: Calyrex|Glacial Lance|p1b: Lunala|[spread] p1a,p1b\n|-resisted|p1a: Urshifu\n|-damage|p1a: Urshifu|42\/100\n|-damage|p1b: Lunala|35\/100\n|\n|upkeep\n|inactive|Cellpab1 has 30 seconds left.\n|inactive|Cellpab1 has 20 seconds left.\n|inactive|Cellpab1 has 15 seconds left.\n|inactive|Cellpab1 has 10 seconds left.\n|\n|t:|1739903944\n|switch|p2a: Urshifu|Urshifu-Rapid-Strike, L50, F|100\/100\n|turn|3\n|\n|t:|1739903960\n|switch|p1b: Rillaboom|Rillaboom, L50, F|100\/100\n|-fieldstart|move: Grassy Terrain|[from] ability: Grassy Surge|[of] p1b: Rillaboom\n|move|p1a: Urshifu|Surging Strikes|p2b: Calyrex\n|-crit|p2b: Calyrex\n|-damage|p2b: Calyrex|7\/100\n|-crit|p2b: Calyrex\n|-damage|p2b: Calyrex|0 fnt\n|faint|p2b: Calyrex\n|-hitcount|p2: Calyrex|2\n|move|p2a: Urshifu|Surging Strikes|p1b: Rillaboom\n|-resisted|p1b: Rillaboom\n|-crit|p1b: Rillaboom\n|-damage|p1b: Rillaboom|91\/100\n|-resisted|p1b: Rillaboom\n|-crit|p1b: Rillaboom\n|-damage|p1b: Rillaboom|82\/100\n|-resisted|p1b: Rillaboom\n|-crit|p1b: Rillaboom\n|-damage|p1b: Rillaboom|72\/100\n|-hitcount|p1b: Rillaboom|3\n|\n|-heal|p1a: Urshifu|48\/100|[from] Grassy Terrain\n|-heal|p1b: Rillaboom|78\/100|[from] Grassy Terrain\n|upkeep\n|\n|t:|1739903970\n|switch|p2b: Ogerpon|Ogerpon-Hearthflame, L50, F|100\/100\n|-ability|p2b: Ogerpon|Mold Breaker\n|turn|4\n|inactive|Cellpab1 has 30 seconds left.\n|inactive|firepatriley has 30 seconds left.\n|inactive|firepatriley has 20 seconds left.\n|\n|t:|1739904013\n|move|p2b: Ogerpon|Spiky Shield|p2b: Ogerpon\n|-singleturn|p2b: Ogerpon|move: Protect\n|move|p1b: Rillaboom|Fake Out|p2b: Ogerpon\n|-activate|p2b: Ogerpon|move: Protect\n|-damage|p1b: Rillaboom|66\/100|[from] Spiky Shield|[of] p2b: Ogerpon\n|move|p1a: Urshifu|Close Combat|p2a: Urshifu\n|-crit|p2a: Urshifu\n|-damage|p2a: Urshifu|8\/100\n|-unboost|p1a: Urshifu|def|1\n|-unboost|p1a: Urshifu|spd|1\n|move|p2a: Urshifu|Close Combat|p1a: Urshifu\n|-damage|p1a: Urshifu|0 fnt\n|-unboost|p2a: Urshifu|def|1\n|-unboost|p2a: Urshifu|spd|1\n|faint|p1a: Urshifu\n|\n|-heal|p2a: Urshifu|15\/100|[from] Grassy Terrain\n|-heal|p1b: Rillaboom|72\/100|[from] Grassy Terrain\n|upkeep\n|\n|t:|1739904028\n|switch|p1a: Incineroar|Incineroar, L50, M|100\/100\n|-ability|p1a: Incineroar|Intimidate|boost\n|-unboost|p2a: Urshifu|atk|1\n|-unboost|p2b: Ogerpon|atk|1\n|turn|5\n|\n|t:|1739904047\n|move|p2a: Urshifu|Detect|p2a: Urshifu\n|-singleturn|p2a: Urshifu|Protect\n|move|p1a: Incineroar|Fake Out|p2a: Urshifu\n|-activate|p2a: Urshifu|move: Protect\n|move|p2b: Ogerpon|Ivy Cudgel|p1b: Rillaboom|[anim] Ivy Cudgel Fire\n|-supereffective|p1b: Rillaboom\n|-damage|p1b: Rillaboom|19\/100\n|move|p1b: Rillaboom|U-turn|p2b: Ogerpon\n|-damage|p2b: Ogerpon|77\/100\n|\n|t:|1739904050\n|switch|p1b: Lunala|Lunala, L50, tera:Fairy|35\/100|[from] U-turn\n|\n|-heal|p2b: Ogerpon|83\/100|[from] Grassy Terrain\n|-heal|p2a: Urshifu|21\/100|[from] Grassy Terrain\n|-heal|p1b: Lunala|41\/100|[from] Grassy Terrain\n|upkeep\n|turn|6\n|inactive|firepatriley has 30 seconds left.\n|inactive|Cellpab1 has 30 seconds left.\n|inactive|firepatriley has 20 seconds left.\n|inactive|firepatriley has 15 seconds left.\n|\n|t:|1739904093\n|switch|p1a: Rillaboom|Rillaboom, L50, F|19\/100\n|move|p1b: Lunala|Protect|p1b: Lunala\n|-singleturn|p1b: Lunala|Protect\n|move|p2b: Ogerpon|Ivy Cudgel|p1b: Lunala|[anim] Ivy Cudgel Fire\n|-activate|p1b: Lunala|move: Protect\n|move|p2a: Urshifu|Surging Strikes|p1a: Rillaboom\n|-resisted|p1a: Rillaboom\n|-crit|p1a: Rillaboom\n|-damage|p1a: Rillaboom|10\/100\n|-resisted|p1a: Rillaboom\n|-crit|p1a: Rillaboom\n|-damage|p1a: Rillaboom|0 fnt\n|faint|p1a: Rillaboom\n|-hitcount|p1: Rillaboom|2\n|\n|-heal|p2b: Ogerpon|89\/100|[from] Grassy Terrain\n|-heal|p2a: Urshifu|27\/100|[from] Grassy Terrain\n|-heal|p1b: Lunala|47\/100|[from] Grassy Terrain\n|upkeep\n|\n|t:|1739904096\n|switch|p1a: Incineroar|Incineroar, L50, M|100\/100\n|-ability|p1a: Incineroar|Intimidate|boost\n|-unboost|p2a: Urshifu|atk|1\n|-unboost|p2b: Ogerpon|atk|1\n|turn|7\n|inactive|Cellpab1 has 30 seconds left.\n|\n|t:|1739904123\n|move|p1a: Incineroar|Fake Out|p2a: Urshifu\n|-damage|p2a: Urshifu|10\/100\n|move|p2b: Ogerpon|Ivy Cudgel|p1b: Lunala|[anim] Ivy Cudgel Fire\n|-damage|p1b: Lunala|29\/100\n|cant|p2a: Urshifu|flinch\n|move|p1b: Lunala|Trick Room|p1b: Lunala\n|-fieldstart|move: Trick Room|[of] p1b: Lunala\n|\n|-heal|p1b: Lunala|35\/100|[from] Grassy Terrain\n|-heal|p2a: Urshifu|16\/100|[from] Grassy Terrain\n|-heal|p2b: Ogerpon|95\/100|[from] Grassy Terrain\n|-fieldend|move: Grassy Terrain\n|upkeep\n|turn|8\n|inactive|firepatriley has 30 seconds left.\n|inactive|Cellpab1 has 30 seconds left.\n|\n|t:|1739904158\n|move|p2b: Ogerpon|Follow Me|p2b: Ogerpon\n|-singleturn|p2b: Ogerpon|move: Follow Me\n|move|p1a: Incineroar|Flare Blitz|p2b: Ogerpon\n|-damage|p2b: Ogerpon|36\/100\n|-damage|p1a: Incineroar|83\/100|[from] Recoil\n|move|p1b: Lunala|Moonblast|p2b: Ogerpon\n|-resisted|p2b: Ogerpon\n|-damage|p2b: Ogerpon|10\/100\n|-unboost|p2b: Ogerpon|spa|1\n|move|p2a: Urshifu|Surging Strikes|p1b: Lunala\n|-crit|p1b: Lunala\n|-damage|p1b: Lunala|18\/100\n|-crit|p1b: Lunala\n|-damage|p1b: Lunala|2\/100\n|-crit|p1b: Lunala\n|-damage|p1b: Lunala|0 fnt\n|faint|p1b: Lunala\n|-hitcount|p1: Lunala|3\n|\n|upkeep\n|turn|9\n|inactive|Cellpab1 has 30 seconds left.\n|\n|t:|1739904186\n|move|p2b: Ogerpon|Follow Me|p2b: Ogerpon\n|-singleturn|p2b: Ogerpon|move: Follow Me\n|move|p1a: Incineroar|Knock Off|p2b: Ogerpon\n|-damage|p2b: Ogerpon|0 fnt\n|faint|p2b: Ogerpon\n|move|p2a: Urshifu|Surging Strikes|p1a: Incineroar\n|-supereffective|p1a: Incineroar\n|-crit|p1a: Incineroar\n|-damage|p1a: Incineroar|44\/100\n|-supereffective|p1a: Incineroar\n|-crit|p1a: Incineroar\n|-damage|p1a: Incineroar|5\/100\n|-supereffective|p1a: Incineroar\n|-crit|p1a: Incineroar\n|-damage|p1a: Incineroar|0 fnt\n|faint|p1a: Incineroar\n|-hitcount|p1: Incineroar|3\n|\n|win|Cellpab1\n|raw|firepatriley's rating: 1632 &rarr; <strong>1616<\/strong><br \/>(-16 for losing)\n|raw|Cellpab1's rating: 1697 &rarr; <strong>1713<\/strong><br \/>(+16 for winning)\n|l|\u2606firepatriley\n|player|p1|\n|l|\u2606Cellpab1\n|player|p2|\n","uploadtime":1739904387,"views":5,"formatid":"gen9vgc2025regg","rating":1616,"private":0,"password":null}