{"id":"gen9vgc2025regg-2303801122","format":"[Gen 9] VGC 2025 Reg G","players":["maodawang","ekalsow"],"log":"|j|\u2606maodawang\n|j|\u2606ekalsow\n|t:|1739976998\n|gametype|doubles\n|player|p1|maodawang|rosa|1547\n|player|p2|ekalsow|gambler|1618\n|teamsize|p1|6\n|teamsize|p2|6\n|gen|9\n|tier|[Gen 9] VGC 2025 Reg G\n|rated|\n|rule|Species Clause: Limit one of each Pok\u00e9mon\n|rule|Item Clause: Limit 1 of each item\n|clearpoke\n|poke|p1|Urshifu-*, L50, F|\n|poke|p1|Ogerpon-Hearthflame, L50, F|\n|poke|p1|Vikavolt, L50, M|\n|poke|p1|Landorus, L50, M|\n|poke|p1|Calyrex-Ice, L50|\n|poke|p1|Incineroar, L50, M|\n|poke|p2|Zacian-*, L50|\n|poke|p2|Regidrago, L50|\n|poke|p2|Tornadus, L50, M|\n|poke|p2|Urshifu-*, L50, F|\n|poke|p2|Incineroar, L50, F|\n|poke|p2|Gholdengo, L50|\n|teampreview|4\n|inactive|Battle timer is ON: inactive players will automatically lose when time's up. (requested by maodawang)\n|inactive|ekalsow has 60 seconds left.\n|\n|t:|1739977058\n|start\n|switch|p1a: Calyrex|Calyrex-Ice, L50|100\/100\n|switch|p1b: Incineroar|Incineroar, L50, M|100\/100\n|switch|p2a: Regidrago|Regidrago, L50|100\/100\n|switch|p2b: Tornadus|Tornadus, L50, M|100\/100\n|-ability|p1a: Calyrex|As One\n|-ability|p1a: Calyrex|Unnerve\n|-ability|p1b: Incineroar|Intimidate|boost\n|-unboost|p2a: Regidrago|atk|1\n|-unboost|p2b: Tornadus|atk|1\n|turn|1\n|\n|t:|1739977078\n|-terastallize|p2a: Regidrago|Ghost\n|move|p1b: Incineroar|Fake Out|p2a: Regidrago\n|-immune|p2a: Regidrago\n|move|p2b: Tornadus|Bleakwind Storm|p1b: Incineroar|[spread] p1a,p1b\n|-damage|p1a: Calyrex|74\/100\n|-damage|p1b: Incineroar|66\/100\n|move|p2a: Regidrago|Dragon Energy|p1b: Incineroar|[spread] p1a,p1b\n|-damage|p1a: Calyrex|6\/100\n|-damage|p1b: Incineroar|0 fnt\n|faint|p1b: Incineroar\n|-damage|p2a: Regidrago|91\/100|[from] item: Life Orb\n|move|p1a: Calyrex|Glacial Lance|p2b: Tornadus|[spread] p2a,p2b\n|-supereffective|p2b: Tornadus\n|-damage|p2a: Regidrago|32\/100\n|-damage|p2b: Tornadus|0 fnt\n|faint|p2b: Tornadus\n|-ability|p1a: Calyrex|Chilling Neigh|boost\n|-boost|p1a: Calyrex|atk|1\n|\n|upkeep\n|\n|t:|1739977095\n|switch|p2b: Zacian|Zacian-Crowned, L50|100\/100\n|switch|p1b: Ogerpon|Ogerpon-Hearthflame, L50, F|100\/100\n|-ability|p2b: Zacian|Intrepid Sword|boost\n|-boost|p2b: Zacian|atk|1\n|-ability|p1b: Ogerpon|Mold Breaker\n|turn|2\n|\n|t:|1739977116\n|move|p1a: Calyrex|Protect|p1a: Calyrex\n|-singleturn|p1a: Calyrex|Protect\n|move|p2b: Zacian|Behemoth Blade|p1a: Calyrex\n|-activate|p1a: Calyrex|move: Protect\n|move|p1b: Ogerpon|Ivy Cudgel|p2a: Regidrago|[anim] Ivy Cudgel Fire\n|-damage|p2a: Regidrago|0 fnt\n|faint|p2a: Regidrago\n|\n|upkeep\n|\n|t:|1739977118\n|switch|p2a: Urshifu|Urshifu-Rapid-Strike, L50, F|100\/100\n|turn|3\n|\n|t:|1739977129\n|move|p1b: Ogerpon|Follow Me|p1b: Ogerpon\n|-singleturn|p1b: Ogerpon|move: Follow Me\n|move|p2b: Zacian|Behemoth Blade|p1b: Ogerpon\n|-resisted|p1b: Ogerpon\n|-damage|p1b: Ogerpon|60\/100\n|move|p2a: Urshifu|Surging Strikes|p1b: Ogerpon\n|-crit|p1b: Ogerpon\n|-damage|p1b: Ogerpon|34\/100\n|-crit|p1b: Ogerpon\n|-damage|p1b: Ogerpon|10\/100\n|-crit|p1b: Ogerpon\n|-damage|p1b: Ogerpon|0 fnt\n|faint|p1b: Ogerpon\n|-hitcount|p1: Ogerpon|3\n|move|p1a: Calyrex|Trick Room|p1a: Calyrex\n|-fieldstart|move: Trick Room|[of] p1a: Calyrex\n|\n|upkeep\n|\n|t:|1739977142\n|switch|p1b: Vikavolt|Vikavolt, L50, M|100\/100\n|turn|4\n|\n|t:|1739977158\n|move|p2a: Urshifu|Protect|p2a: Urshifu\n|-singleturn|p2a: Urshifu|Protect\n|move|p2b: Zacian|Protect|p2b: Zacian\n|-singleturn|p2b: Zacian|Protect\n|move|p1b: Vikavolt|Thunderbolt|p2a: Urshifu\n|-activate|p2a: Urshifu|move: Protect\n|move|p1a: Calyrex|High Horsepower|p2b: Zacian\n|-activate|p2b: Zacian|move: Protect\n|\n|upkeep\n|turn|5\n|\n|t:|1739977171\n|move|p2a: Urshifu|Aqua Jet|p1a: Calyrex\n|-damage|p1a: Calyrex|0 fnt\n|faint|p1a: Calyrex\n|move|p1b: Vikavolt|Thunderbolt|p2a: Urshifu\n|-supereffective|p2a: Urshifu\n|-damage|p2a: Urshifu|0 fnt\n|faint|p2a: Urshifu\n|move|p2b: Zacian|Play Rough|p1b: Vikavolt\n|-damage|p1b: Vikavolt|11\/100\n|\n|upkeep\n|turn|6\n|\n|t:|1739977182\n|move|p2b: Zacian|Protect|p2b: Zacian\n|-singleturn|p2b: Zacian|Protect\n|move|p1b: Vikavolt|Thunderbolt|p2b: Zacian\n|-activate|p2b: Zacian|move: Protect\n|\n|upkeep\n|turn|7\n|\n|t:|1739977188\n|move|p1b: Vikavolt|Thunderbolt|p2b: Zacian\n|-damage|p2b: Zacian|60\/100\n|move|p2b: Zacian|Behemoth Blade|p1b: Vikavolt\n|-resisted|p1b: Vikavolt\n|-damage|p1b: Vikavolt|0 fnt\n|faint|p1b: Vikavolt\n|\n|win|ekalsow\n|raw|maodawang's rating: 1547 &rarr; <strong>1531<\/strong><br \/>(-16 for losing)\n|raw|ekalsow's rating: 1618 &rarr; <strong>1634<\/strong><br \/>(+16 for winning)\n|l|\u2606ekalsow\n|player|p2|\n|l|\u2606maodawang\n|player|p1|\n","uploadtime":1739977351,"views":5,"formatid":"gen9vgc2025regg","rating":1531,"private":0,"password":null}