{"id":"gen9vgc2025regg-2303850769","format":"[Gen 9] VGC 2025 Reg G","players":["ApoVGC","AsukaHikaru"],"log":"|j|\u2606ApoVGC\n|j|\u2606AsukaHikaru\n|t:|1739982129\n|gametype|doubles\n|player|p1|ApoVGC|169|1636\n|player|p2|AsukaHikaru|266|1560\n|teamsize|p1|6\n|teamsize|p2|6\n|gen|9\n|tier|[Gen 9] VGC 2025 Reg G\n|rated|\n|rule|Species Clause: Limit one of each Pok\u00e9mon\n|rule|Item Clause: Limit 1 of each item\n|clearpoke\n|poke|p1|Calyrex-Shadow, L50|\n|poke|p1|Amoonguss, L50, M|\n|poke|p1|Tornadus, L50, M|\n|poke|p1|Indeedee-F, L50, F|\n|poke|p1|Urshifu-*, L50, M|\n|poke|p1|Chi-Yu, L50|\n|poke|p2|Calyrex-Ice, L50|\n|poke|p2|Landorus, L50, M|\n|poke|p2|Urshifu-*, L50, M|\n|poke|p2|Roaring Moon, L50|\n|poke|p2|Ogerpon-Hearthflame, L50, F|\n|poke|p2|Sinistcha, L50|\n|teampreview|4\n|inactive|Battle timer is ON: inactive players will automatically lose when time's up. (requested by ApoVGC)\n|\n|t:|1739982155\n|start\n|switch|p1a: Calyrex|Calyrex-Shadow, L50|100\/100\n|switch|p1b: Amoonguss|Amoonguss, L50, M, shiny|100\/100\n|switch|p2a: Calyrex|Calyrex-Ice, L50|100\/100\n|switch|p2b: Roaring Moon|Roaring Moon, L50|100\/100\n|-ability|p1a: Calyrex|As One\n|-ability|p1a: Calyrex|Unnerve\n|-ability|p2a: Calyrex|As One\n|-ability|p2a: Calyrex|Unnerve\n|-enditem|p2b: Roaring Moon|Booster Energy\n|-activate|p2b: Roaring Moon|ability: Protosynthesis|[fromitem]\n|-start|p2b: Roaring Moon|protosynthesisspe\n|turn|1\n|inactive|AsukaHikaru has 30 seconds left.\n|\n|t:|1739982183\n|-terastallize|p1b: Amoonguss|Water\n|move|p2b: Roaring Moon|Protect|p2b: Roaring Moon\n|-singleturn|p2b: Roaring Moon|Protect\n|move|p1a: Calyrex|Protect|p1a: Calyrex\n|-singleturn|p1a: Calyrex|Protect\n|move|p2a: Calyrex|Protect|p2a: Calyrex\n|-singleturn|p2a: Calyrex|Protect\n|move|p1b: Amoonguss|Spore|p2a: Calyrex\n|-activate|p2a: Calyrex|move: Protect\n|\n|upkeep\n|turn|2\n|\n|t:|1739982195\n|-terastallize|p2a: Calyrex|Fairy\n|move|p1b: Amoonguss|Rage Powder|p1b: Amoonguss\n|-singleturn|p1b: Amoonguss|move: Rage Powder\n|move|p2b: Roaring Moon|Tailwind|p2b: Roaring Moon\n|-sidestart|p2: AsukaHikaru|move: Tailwind\n|move|p1a: Calyrex|Astral Barrage|p2b: Roaring Moon|[spread] p2a,p2b\n|-resisted|p2b: Roaring Moon\n|-damage|p2a: Calyrex|50\/100\n|-damage|p2b: Roaring Moon|71\/100\n|-damage|p1a: Calyrex|91\/100|[from] item: Life Orb\n|move|p2a: Calyrex|Glacial Lance|p1a: Calyrex|[spread] p1a,p1b\n|-resisted|p1b: Amoonguss\n|-damage|p1a: Calyrex|15\/100\n|-damage|p1b: Amoonguss|76\/100\n|\n|upkeep\n|turn|3\n|inactive|ApoVGC has 30 seconds left.\n|inactive|ApoVGC has 20 seconds left.\n|inactive|ApoVGC has 15 seconds left.\n|\n|t:|1739982235\n|move|p2a: Calyrex|Protect|p2a: Calyrex\n|-singleturn|p2a: Calyrex|Protect\n|move|p1b: Amoonguss|Rage Powder|p1b: Amoonguss\n|-singleturn|p1b: Amoonguss|move: Rage Powder\n|move|p2b: Roaring Moon|Acrobatics|p1b: Amoonguss\n|-damage|p1b: Amoonguss|48\/100\n|-damage|p2b: Roaring Moon|55\/100|[from] item: Rocky Helmet|[of] p1b: Amoonguss\n|move|p1a: Calyrex|Astral Barrage|p2a: Calyrex|[spread] p2b\n|-activate|p2a: Calyrex|move: Protect\n|-resisted|p2b: Roaring Moon\n|-damage|p2b: Roaring Moon|26\/100\n|-damage|p1a: Calyrex|6\/100|[from] item: Life Orb\n|\n|upkeep\n|turn|4\n|j| Easy180\n|inactive|AsukaHikaru has 30 seconds left.\n|\n|t:|1739982264\n|move|p2b: Roaring Moon|Protect|p2b: Roaring Moon\n|-singleturn|p2b: Roaring Moon|Protect\n|move|p1b: Amoonguss|Rage Powder|p1b: Amoonguss\n|-singleturn|p1b: Amoonguss|move: Rage Powder\n|move|p1a: Calyrex|Astral Barrage|p2a: Calyrex|[spread] p2a\n|-activate|p2b: Roaring Moon|move: Protect\n|-damage|p2a: Calyrex|0 fnt\n|faint|p2a: Calyrex\n|-ability|p1a: Calyrex|Grim Neigh|boost\n|-boost|p1a: Calyrex|spa|1\n|-damage|p1a: Calyrex|0 fnt|[from] item: Life Orb\n|faint|p1a: Calyrex\n|\n|upkeep\n|\n|t:|1739982280\n|switch|p1a: Chi-Yu|Chi-Yu, L50|100\/100\n|switch|p2a: Landorus|Landorus, L50, M|100\/100\n|-ability|p1a: Chi-Yu|Beads of Ruin\n|turn|5\n|inactive|AsukaHikaru has 30 seconds left.\n|\n|t:|1739982308\n|switch|p1a: Indeedee|Indeedee-F, L50, F|100\/100\n|-fieldstart|move: Psychic Terrain|[from] ability: Psychic Surge|[of] p1a: Indeedee\n|-enditem|p1a: Indeedee|Psychic Seed\n|-boost|p1a: Indeedee|spd|1|[from] item: Psychic Seed\n|move|p2b: Roaring Moon|Knock Off|p1a: Indeedee\n|-supereffective|p1a: Indeedee\n|-damage|p1a: Indeedee|43\/100\n|move|p2a: Landorus|Sandsear Storm|p1a: Indeedee|[spread] p1a,p1b\n|-damage|p1a: Indeedee|4\/100\n|-damage|p1b: Amoonguss|0 fnt\n|faint|p1b: Amoonguss\n|\n|-sideend|p2: AsukaHikaru|move: Tailwind\n|upkeep\n|\n|t:|1739982319\n|switch|p1b: Chi-Yu|Chi-Yu, L50|100\/100\n|-ability|p1b: Chi-Yu|Beads of Ruin\n|turn|6\n|\n|t:|1739982330\n|move|p2b: Roaring Moon|Tailwind|p2b: Roaring Moon\n|-sidestart|p2: AsukaHikaru|move: Tailwind\n|move|p2a: Landorus|Earth Power|p1a: Indeedee\n|-crit|p1a: Indeedee\n|-damage|p1a: Indeedee|0 fnt\n|faint|p1a: Indeedee\n|move|p1b: Chi-Yu|Heat Wave|p2b: Roaring Moon|[spread] p2a,p2b\n|-resisted|p2b: Roaring Moon\n|-damage|p2a: Landorus|45\/100\n|-damage|p2b: Roaring Moon|0 fnt\n|-status|p2a: Landorus|brn\n|faint|p2b: Roaring Moon\n|-end|p2b: Roaring Moon|Protosynthesis|[silent]\n|\n|-damage|p2a: Landorus|39\/100 brn|[from] brn\n|upkeep\n|\n|t:|1739982337\n|switch|p2b: Urshifu|Urshifu-Rapid-Strike, L50, M|100\/100\n|turn|7\n|-message|ApoVGC forfeited.\n|\n|win|AsukaHikaru\n|raw|ApoVGC's rating: 1636 &rarr; <strong>1612<\/strong><br \/>(-24 for losing)\n|raw|AsukaHikaru's rating: 1560 &rarr; <strong>1584<\/strong><br \/>(+24 for winning)\n|l|\u2606ApoVGC\n|player|p1|\n|l|\u2606AsukaHikaru\n|player|p2|\n","uploadtime":1739982516,"views":5,"formatid":"gen9vgc2025regg","rating":1584,"private":0,"password":null}