{"id":"gen9vgc2025regg-2303530089","format":"[Gen 9] VGC 2025 Reg G","players":["Kaicyios","Growth_my_word"],"log":"|j|\u2606Kaicyios\n|j|\u2606Growth_my_word\n|t:|1739933529\n|gametype|doubles\n|player|p1|Kaicyios|170|1556\n|player|p2|Growth_my_word|lady-gen4|1642\n|teamsize|p1|6\n|teamsize|p2|6\n|gen|9\n|tier|[Gen 9] VGC 2025 Reg G\n|rated|\n|rule|Species Clause: Limit one of each Pok\u00e9mon\n|rule|Item Clause: Limit 1 of each item\n|clearpoke\n|poke|p1|Groudon, L50|\n|poke|p1|Chi-Yu, L50|\n|poke|p1|Raging Bolt, L50|\n|poke|p1|Whimsicott, L50, F|\n|poke|p1|Armarouge, L50, F|\n|poke|p1|Indeedee-F, L50, F|\n|poke|p2|Miraidon, L50|\n|poke|p2|Dragonite, L50, F|\n|poke|p2|Dondozo, L50, M|\n|poke|p2|Tatsugiri, L50, F|\n|poke|p2|Gholdengo, L50|\n|poke|p2|Chi-Yu, L50|\n|teampreview|4\n|\n|t:|1739933568\n|start\n|switch|p1a: Indeedee|Indeedee-F, L50, F|100\/100\n|switch|p1b: Groudon|Groudon, L50|100\/100\n|switch|p2a: Dondozo|Dondozo, L50, M|100\/100\n|switch|p2b: Chi-Yu|Chi-Yu, L50|100\/100\n|-ability|p2b: Chi-Yu|Beads of Ruin\n|-weather|SunnyDay|[from] ability: Drought|[of] p1b: Groudon\n|-fieldstart|move: Psychic Terrain|[from] ability: Psychic Surge|[of] p1a: Indeedee\n|-enditem|p1a: Indeedee|Psychic Seed\n|-boost|p1a: Indeedee|spd|1|[from] item: Psychic Seed\n|turn|1\n|\n|t:|1739933590\n|switch|p2b: Tatsugiri|Tatsugiri, L50, F|100\/100\n|-activate|p2b: Tatsugiri|ability: Commander|[of] p2a: Dondozo\n|-boost|p2a: Dondozo|atk|2\n|-boost|p2a: Dondozo|spa|2\n|-boost|p2a: Dondozo|spe|2\n|-boost|p2a: Dondozo|def|2\n|-boost|p2a: Dondozo|spd|2\n|switch|p1b: Armarouge|Armarouge, L50, F|100\/100\n|move|p2a: Dondozo|Order Up|p1b: Armarouge\n|-damage|p1b: Armarouge|56\/100\n|-boost|p2a: Dondozo|atk|1\n|move|p1a: Indeedee|Trick Room|p1a: Indeedee\n|-fieldstart|move: Trick Room|[of] p1a: Indeedee\n|-enditem|p1b: Armarouge|Room Service\n|-unboost|p1b: Armarouge|spe|1|[from] item: Room Service\n|\n|-weather|SunnyDay|[upkeep]\n|upkeep\n|turn|2\n|\n|t:|1739933624\n|-terastallize|p1b: Armarouge|Psychic\n|move|p1a: Indeedee|Follow Me|p1a: Indeedee\n|-singleturn|p1a: Indeedee|move: Follow Me\n|move|p1b: Armarouge|Clear Smog|p2a: Dondozo\n|-damage|p2a: Dondozo|92\/100\n|-clearboost|p2a: Dondozo\n|move|p2a: Dondozo|Earthquake|p1b: Armarouge|[spread] p1a,p1b\n|-miss|p2a: Dondozo|p2b: Tatsugiri\n|-damage|p1a: Indeedee|79\/100\n|-damage|p1b: Armarouge|36\/100\n|\n|-weather|SunnyDay|[upkeep]\n|-heal|p2a: Dondozo|98\/100|[from] item: Leftovers\n|upkeep\n|turn|3\n|\n|t:|1739933645\n|move|p1a: Indeedee|Helping Hand|p1b: Armarouge\n|-singleturn|p1b: Armarouge|Helping Hand|[of] p1a: Indeedee\n|move|p2a: Dondozo|Protect|p2a: Dondozo\n|-singleturn|p2a: Dondozo|Protect\n|move|p1b: Armarouge|Expanding Force|p2b: Tatsugiri|[spread] \n|-miss|p1b: Armarouge|p2b: Tatsugiri\n|-activate|p2a: Dondozo|move: Protect\n|\n|-weather|SunnyDay|[upkeep]\n|-heal|p2a: Dondozo|100\/100|[from] item: Leftovers\n|upkeep\n|turn|4\n|\n|t:|1739933660\n|move|p1a: Indeedee|Helping Hand|p1b: Armarouge\n|-singleturn|p1b: Armarouge|Helping Hand|[of] p1a: Indeedee\n|move|p1b: Armarouge|Expanding Force|p2a: Dondozo|[spread] p2a\n|-miss|p1b: Armarouge|p2b: Tatsugiri\n|-damage|p2a: Dondozo|0 fnt\n|faint|p2a: Dondozo\n|\n|-weather|SunnyDay|[upkeep]\n|upkeep\n|\n|t:|1739933667\n|switch|p2a: Chi-Yu|Chi-Yu, L50|100\/100\n|-ability|p2a: Chi-Yu|Beads of Ruin\n|turn|5\n|\n|t:|1739933693\n|switch|p1b: Groudon|Groudon, L50|100\/100\n|switch|p1a: Raging Bolt|Raging Bolt, L50|100\/100\n|-activate|p1a: Raging Bolt|ability: Protosynthesis\n|-start|p1a: Raging Bolt|protosynthesisspa\n|move|p2a: Chi-Yu|Dark Pulse|p1a: Raging Bolt\n|-damage|p1a: Raging Bolt|42\/100\n|move|p2b: Tatsugiri|Muddy Water|p1b: Groudon|[spread] p1b\n|-miss|p2b: Tatsugiri|p1a: Raging Bolt\n|-supereffective|p1b: Groudon\n|-damage|p1b: Groudon|76\/100\n|\n|-weather|none\n|-end|p1a: Raging Bolt|Protosynthesis\n|-fieldend|move: Trick Room\n|-fieldend|move: Psychic Terrain\n|upkeep\n|turn|6\n|\n|t:|1739933723\n|move|p1a: Raging Bolt|Thunderclap|p2a: Chi-Yu\n|-damage|p2a: Chi-Yu|43\/100\n|move|p2b: Tatsugiri|Muddy Water|p1b: Groudon|[spread] p1a\n|-miss|p2b: Tatsugiri|p1b: Groudon\n|-resisted|p1a: Raging Bolt\n|-damage|p1a: Raging Bolt|26\/100\n|move|p2a: Chi-Yu|Heat Wave|p1b: Groudon|[spread] p1a\n|-miss|p2a: Chi-Yu|p1b: Groudon\n|-resisted|p1a: Raging Bolt\n|-damage|p1a: Raging Bolt|0 fnt\n|faint|p1a: Raging Bolt\n|-end|p1a: Raging Bolt|Protosynthesis|[silent]\n|move|p1b: Groudon|Precipice Blades|p2b: Tatsugiri|[spread] p2a,p2b\n|-supereffective|p2a: Chi-Yu\n|-damage|p2a: Chi-Yu|0 fnt\n|-damage|p2b: Tatsugiri|27\/100\n|faint|p2a: Chi-Yu\n|\n|upkeep\n|-message|Growth_my_word forfeited.\n|\n|win|Kaicyios\n|raw|Kaicyios's rating: 1556 &rarr; <strong>1581<\/strong><br \/>(+25 for winning)\n|raw|Growth_my_word's rating: 1642 &rarr; <strong>1617<\/strong><br \/>(-25 for losing)\n|l|\u2606Growth_my_word\n|player|p2|\n","uploadtime":1739933749,"views":5,"formatid":"gen9vgc2025regg","rating":1581,"private":0,"password":null}