{"id":"gen9vgc2025regg-2303119587","format":"[Gen 9] VGC 2025 Reg G","players":["kojimuranishi","The Slimmest Jesus"],"log":"|j|\u2606kojimuranishi\n|j|\u2606The Slimmest Jesus\n|t:|1739889185\n|gametype|doubles\n|player|p1|kojimuranishi|170|1745\n|player|p2|The Slimmest Jesus|1|1646\n|teamsize|p1|6\n|teamsize|p2|6\n|gen|9\n|tier|[Gen 9] VGC 2025 Reg G\n|rated|\n|rule|Species Clause: Limit one of each Pok\u00e9mon\n|rule|Item Clause: Limit 1 of each item\n|clearpoke\n|poke|p1|Whimsicott, L50, M|\n|poke|p1|Calyrex-Ice, L50|\n|poke|p1|Urshifu-*, L50, F|\n|poke|p1|Chi-Yu, L50|\n|poke|p1|Raging Bolt, L50|\n|poke|p1|Landorus, L50, M|\n|poke|p2|Indeedee-F, L50, F|\n|poke|p2|Ursaluna-Bloodmoon, L50, M|\n|poke|p2|Torkoal, L50, F|\n|poke|p2|Gallade, L50, M|\n|poke|p2|Calyrex-Ice, L50|\n|poke|p2|Lilligant-Hisui, L50, F|\n|teampreview|4\n|inactive|Battle timer is ON: inactive players will automatically lose when time's up. (requested by The Slimmest Jesus)\n|\n|t:|1739889218\n|start\n|switch|p1a: Whimsicott|Whimsicott, L50, M|100\/100\n|switch|p1b: Chi-Yu|Chi-Yu, L50|100\/100\n|switch|p2a: Calyrex|Calyrex-Ice, L50|100\/100\n|switch|p2b: Lilligant|Lilligant-Hisui, L50, F|100\/100\n|-ability|p2a: Calyrex|As One\n|-ability|p2a: Calyrex|Unnerve\n|-ability|p1b: Chi-Yu|Beads of Ruin\n|turn|1\n|inactive|The Slimmest Jesus has 30 seconds left.\n|inactive|The Slimmest Jesus has 20 seconds left.\n|inactive|The Slimmest Jesus has 15 seconds left.\n|\n|t:|1739889258\n|move|p2a: Calyrex|Protect|p2a: Calyrex\n|-singleturn|p2a: Calyrex|Protect\n|move|p2b: Lilligant|Coaching|p2a: Calyrex\n|-boost|p2a: Calyrex|atk|1\n|-boost|p2a: Calyrex|def|1\n|move|p1a: Whimsicott|Moonblast|p2b: Lilligant\n|-supereffective|p2b: Lilligant\n|-enditem|p2b: Lilligant|Focus Sash\n|-damage|p2b: Lilligant|1\/100\n|-unboost|p2b: Lilligant|spa|1\n|move|p1b: Chi-Yu|Heat Wave|p2b: Lilligant|[spread] p2b\n|-activate|p2a: Calyrex|move: Protect\n|-supereffective|p2b: Lilligant\n|-damage|p2b: Lilligant|0 fnt\n|faint|p2b: Lilligant\n|\n|upkeep\n|inactive|The Slimmest Jesus has 30 seconds left.\n|\n|t:|1739889288\n|switch|p2b: Ursaluna|Ursaluna-Bloodmoon, L50, M|100\/100\n|turn|2\n|\n|t:|1739889295\n|switch|p2b: Indeedee|Indeedee-F, L50, F|100\/100\n|-fieldstart|move: Psychic Terrain|[from] ability: Psychic Surge|[of] p2b: Indeedee\n|-terastallize|p2a: Calyrex|Normal\n|move|p1a: Whimsicott|Moonblast|p2b: Indeedee\n|-damage|p2b: Indeedee|53\/100\n|move|p1b: Chi-Yu|Heat Wave|p2b: Indeedee|[spread] p2a,p2b\n|-damage|p2a: Calyrex|45\/100\n|-damage|p2b: Indeedee|0 fnt\n|faint|p2b: Indeedee\n|move|p2a: Calyrex|Trick Room|p2a: Calyrex\n|-fieldstart|move: Trick Room|[of] p2a: Calyrex\n|\n|upkeep\n|\n|t:|1739889308\n|switch|p2b: Ursaluna|Ursaluna-Bloodmoon, L50, M|100\/100\n|turn|3\n|\n|t:|1739889320\n|move|p2a: Calyrex|Glacial Lance|p1b: Chi-Yu|[spread] p1a,p1b\n|-supereffective|p1a: Whimsicott\n|-resisted|p1b: Chi-Yu\n|-enditem|p1a: Whimsicott|Focus Sash\n|-damage|p1a: Whimsicott|1\/100\n|-damage|p1b: Chi-Yu|23\/100\n|move|p2b: Ursaluna|Hyper Voice|p1b: Chi-Yu|[spread] p1a,p1b\n|-damage|p1a: Whimsicott|0 fnt\n|-damage|p1b: Chi-Yu|0 fnt\n|faint|p1a: Whimsicott\n|faint|p1b: Chi-Yu\n|\n|upkeep\n|\n|t:|1739889331\n|switch|p1b: Calyrex|Calyrex-Ice, L50|100\/100\n|switch|p1a: Raging Bolt|Raging Bolt, L50|100\/100\n|-ability|p1b: Calyrex|As One\n|-ability|p1b: Calyrex|Unnerve\n|-enditem|p1a: Raging Bolt|Booster Energy\n|-activate|p1a: Raging Bolt|ability: Protosynthesis|[fromitem]\n|-start|p1a: Raging Bolt|protosynthesisspa\n|turn|4\n|\n|t:|1739889354\n|-terastallize|p1a: Raging Bolt|Electric\n|move|p2a: Calyrex|Close Combat|p1b: Calyrex\n|-damage|p1b: Calyrex|38\/100\n|-unboost|p2a: Calyrex|def|1\n|-unboost|p2a: Calyrex|spd|1\n|move|p2b: Ursaluna|Blood Moon|p1b: Calyrex\n|-damage|p1b: Calyrex|0 fnt\n|faint|p1b: Calyrex\n|move|p1a: Raging Bolt|Thunderbolt|p2a: Calyrex\n|-damage|p2a: Calyrex|0 fnt\n|faint|p2a: Calyrex\n|\n|upkeep\n|turn|5\n|j| faceless_knigght\n|\n|t:|1739889370\n|move|p1a: Raging Bolt|Protect|p1a: Raging Bolt\n|-singleturn|p1a: Raging Bolt|Protect\n|move|p2b: Ursaluna|Earth Power|p1a: Raging Bolt\n|-activate|p1a: Raging Bolt|move: Protect\n|\n|upkeep\n|turn|6\n|\n|t:|1739889377\n|move|p2b: Ursaluna|Earth Power|p1a: Raging Bolt\n|-supereffective|p1a: Raging Bolt\n|-damage|p1a: Raging Bolt|0 fnt\n|faint|p1a: Raging Bolt\n|-end|p1a: Raging Bolt|Protosynthesis|[silent]\n|\n|win|The Slimmest Jesus\n|raw|kojimuranishi's rating: 1745 &rarr; <strong>1719<\/strong><br \/>(-26 for losing)\n|raw|The Slimmest Jesus's rating: 1646 &rarr; <strong>1672<\/strong><br \/>(+26 for winning)\n|l|\u2606kojimuranishi\n|player|p1|\n|l|\u2606The Slimmest Jesus\n|player|p2|\n|j|\u2606The Slimmest Jesus\n|player|p2|The Slimmest Jesus|1|\n|l| faceless_knigght\n|l|\u2606The Slimmest Jesus\n|player|p2|\n","uploadtime":1739889645,"views":37,"formatid":"gen9vgc2025regg","rating":1672,"private":0,"password":null}