{"id":"gen9vgc2025regg-2303729061","format":"[Gen 9] VGC 2025 Reg G","players":["alllzz","Sincubii"],"log":"|j|\u2606alllzz\n|j|\u2606Sincubii\n|t:|1739967907\n|gametype|doubles\n|player|p1|alllzz|1|1570\n|player|p2|Sincubii|266|1564\n|teamsize|p1|6\n|teamsize|p2|6\n|gen|9\n|tier|[Gen 9] VGC 2025 Reg G\n|rated|\n|rule|Species Clause: Limit one of each Pok\u00e9mon\n|rule|Item Clause: Limit 1 of each item\n|clearpoke\n|poke|p1|Regigigas, L50|\n|poke|p1|Weezing-Galar, L50, F|\n|poke|p1|Calyrex-Shadow, L50|\n|poke|p1|Indeedee-F, L50, F|\n|poke|p1|Mienshao, L50, M|\n|poke|p1|Ogerpon-Hearthflame, L50, F|\n|poke|p2|Regigigas, L50|\n|poke|p2|Calyrex-Shadow, L50|\n|poke|p2|Chi-Yu, L50|\n|poke|p2|Urshifu-*, L50, F|\n|poke|p2|Whimsicott, L50, M|\n|poke|p2|Koffing, L50, M|\n|teampreview|4\n|inactive|Battle timer is ON: inactive players will automatically lose when time's up. (requested by Sincubii)\n|\n|t:|1739967937\n|start\n|switch|p1a: Regigigas|Regigigas, L50, shiny|100\/100\n|switch|p1b: Weezing|Weezing-Galar, L50, F|100\/100\n|switch|p2a: Chi-Yu|Chi-Yu, L50|100\/100\n|switch|p2b: Calyrex|Calyrex-Shadow, L50|100\/100\n|-ability|p1b: Weezing|Neutralizing Gas\n|-ability|p2b: Calyrex|As One\n|-ability|p2b: Calyrex|Unnerve\n|-item|p1b: Weezing|Air Balloon\n|turn|1\n|j| NanshanVGC\n|inactive|alllzz has 30 seconds left.\n|inactive|Sincubii has 30 seconds left.\n|\n|t:|1739967966\n|switch|p2b: Regigigas|Regigigas, L50|100\/100\n|move|p1b: Weezing|Protect|p1b: Weezing\n|-singleturn|p1b: Weezing|Protect\n|move|p2a: Chi-Yu|Overheat|p1b: Weezing\n|-activate|p1b: Weezing|move: Protect\n|move|p1a: Regigigas|High Horsepower|p2a: Chi-Yu\n|-supereffective|p2a: Chi-Yu\n|-damage|p2a: Chi-Yu|0 fnt\n|faint|p2a: Chi-Yu\n|\n|upkeep\n|\n|t:|1739967976\n|switch|p2a: Urshifu|Urshifu-Rapid-Strike, L50, F|100\/100\n|turn|2\n|j| Reverie Jr.\n|\n|t:|1739967999\n|move|p1a: Regigigas|High Horsepower|p2a: Urshifu\n|-damage|p2a: Urshifu|39\/100\n|move|p2a: Urshifu|Close Combat|p1a: Regigigas\n|-supereffective|p1a: Regigigas\n|-damage|p1a: Regigigas|0 fnt\n|-unboost|p2a: Urshifu|def|1\n|-unboost|p2a: Urshifu|spd|1\n|faint|p1a: Regigigas\n|-end|p1a: Regigigas|Slow Start|[silent]\n|move|p2b: Regigigas|Body Slam|p1b: Weezing\n|-damage|p1b: Weezing|64\/100\n|-status|p1b: Weezing|par\n|-enditem|p1b: Weezing|Air Balloon\n|move|p1b: Weezing|Will-O-Wisp|p2b: Regigigas\n|-status|p2b: Regigigas|brn\n|\n|-damage|p2b: Regigigas|94\/100 brn|[from] brn\n|upkeep\n|\n|t:|1739968009\n|switch|p1a: Calyrex|Calyrex-Shadow, L50|100\/100\n|-ability|p1a: Calyrex|As One\n|-ability|p1a: Calyrex|Unnerve\n|turn|3\n|\n|t:|1739968023\n|-end|p1b: Weezing|ability: Neutralizing Gas\n|-start|p2b: Regigigas|ability: Slow Start\n|switch|p1b: Indeedee|Indeedee-F, L50, F|100\/100\n|-fieldstart|move: Psychic Terrain|[from] ability: Psychic Surge|[of] p1b: Indeedee\n|-terastallize|p1a: Calyrex|Fighting\n|move|p1a: Calyrex|Expanding Force|p2b: Regigigas|[spread] p2a,p2b\n|-supereffective|p2a: Urshifu\n|-damage|p2a: Urshifu|0 fnt\n|-damage|p2b: Regigigas|41\/100 brn\n|faint|p2a: Urshifu\n|-ability|p1a: Calyrex|Grim Neigh|boost\n|-boost|p1a: Calyrex|spa|1\n|move|p2b: Regigigas|Knock Off|p1a: Calyrex\n|-resisted|p1a: Calyrex\n|-damage|p1a: Calyrex|96\/100\n|-enditem|p1a: Calyrex|Focus Sash|[from] move: Knock Off|[of] p2b: Regigigas\n|\n|-damage|p2b: Regigigas|35\/100 brn|[from] brn\n|upkeep\n|\n|t:|1739968038\n|switch|p2a: Calyrex|Calyrex-Shadow, L50|100\/100\n|-ability|p2a: Calyrex|As One\n|-ability|p2a: Calyrex|Unnerve\n|turn|4\n|\n|t:|1739968046\n|-terastallize|p2a: Calyrex|Fairy\n|move|p1a: Calyrex|Protect|p1a: Calyrex\n|-singleturn|p1a: Calyrex|Protect\n|move|p2b: Regigigas|Wide Guard|p2b: Regigigas\n|-singleturn|p2b: Regigigas|Wide Guard\n|move|p2a: Calyrex|Calm Mind|p2a: Calyrex\n|-boost|p2a: Calyrex|spa|1\n|-boost|p2a: Calyrex|spd|1\n|move|p1b: Indeedee|Dazzling Gleam|p2b: Regigigas|[spread] \n|-activate|p2a: Calyrex|move: Wide Guard\n|-activate|p2b: Regigigas|move: Wide Guard\n|\n|-damage|p2b: Regigigas|29\/100 brn|[from] brn\n|upkeep\n|turn|5\n|\n|t:|1739968064\n|move|p2b: Regigigas|Wide Guard|p2b: Regigigas\n|-singleturn|p2b: Regigigas|Wide Guard\n|move|p1b: Indeedee|Follow Me|p1b: Indeedee\n|-singleturn|p1b: Indeedee|move: Follow Me\n|move|p1a: Calyrex|Tera Blast|p2b: Regigigas|[anim] Tera Blast Fighting\n|-supereffective|p2b: Regigigas\n|-damage|p2b: Regigigas|0 fnt\n|faint|p2b: Regigigas\n|-end|p2b: Regigigas|Slow Start|[silent]\n|-ability|p1a: Calyrex|Grim Neigh|boost\n|-boost|p1a: Calyrex|spa|1\n|move|p2a: Calyrex|Draining Kiss|p1b: Indeedee\n|-damage|p1b: Indeedee|64\/100\n|\n|upkeep\n|turn|6\n|l| Reverie Jr.\n|\n|t:|1739968087\n|move|p1b: Indeedee|Follow Me|p1b: Indeedee\n|-singleturn|p1b: Indeedee|move: Follow Me\n|move|p1a: Calyrex|Expanding Force|p2a: Calyrex\n|-damage|p2a: Calyrex|0 fnt\n|faint|p2a: Calyrex\n|\n|win|alllzz\n|raw|alllzz's rating: 1570 &rarr; <strong>1590<\/strong><br \/>(+20 for winning)\n|raw|Sincubii's rating: 1564 &rarr; <strong>1544<\/strong><br \/>(-20 for losing)\n|l|\u2606Sincubii\n|player|p2|\n|l|\u2606alllzz\n|player|p1|\n|l| NanshanVGC\n","uploadtime":1739968255,"views":6,"formatid":"gen9vgc2025regg","rating":1544,"private":0,"password":null}