{"id":"gen9vgc2025regg-2303714398","format":"[Gen 9] VGC 2025 Reg G","players":["megraxVGC","onedaymob"],"log":"|j|\u2606megraxVGC\n|j|\u2606onedaymob\n|t:|1739965599\n|gametype|doubles\n|player|p1|megraxVGC|steven|1571\n|player|p2|onedaymob|102|1555\n|teamsize|p1|6\n|teamsize|p2|6\n|gen|9\n|tier|[Gen 9] VGC 2025 Reg G\n|rated|\n|rule|Species Clause: Limit one of each Pok\u00e9mon\n|rule|Item Clause: Limit 1 of each item\n|clearpoke\n|poke|p1|Calyrex-Shadow, L50|\n|poke|p1|Urshifu-*, L50, M|\n|poke|p1|Tornadus, L50, M|\n|poke|p1|Iron Hands, L50|\n|poke|p1|Farigiraf, L50, F|\n|poke|p1|Landorus, L50, M|\n|poke|p2|Calyrex-Shadow, L50|\n|poke|p2|Urshifu-*, L50, M|\n|poke|p2|Indeedee-F, L50, F|\n|poke|p2|Chi-Yu, L50|\n|poke|p2|Ogerpon-Cornerstone, L50, F|\n|poke|p2|Tornadus, L50, M|\n|teampreview|4\n|inactive|Battle timer is ON: inactive players will automatically lose when time's up. (requested by onedaymob)\n|inactive|megraxVGC also wants the timer to be on.\n|inactive|onedaymob has 60 seconds left.\n|\n|t:|1739965636\n|start\n|switch|p1a: Tornadus|Tornadus, L50, M|100\/100\n|switch|p1b: Calyrex|Calyrex-Shadow, L50|100\/100\n|switch|p2a: Chi-Yu|Chi-Yu, L50|100\/100\n|switch|p2b: Urshifu|Urshifu-Rapid-Strike, L50, M|100\/100\n|-ability|p1b: Calyrex|As One\n|-ability|p1b: Calyrex|Unnerve\n|-ability|p2a: Chi-Yu|Beads of Ruin\n|turn|1\n|inactive|onedaymob has 30 seconds left.\n|inactive|onedaymob has 20 seconds left.\n|\n|t:|1739965673\n|switch|p2b: Indeedee|Indeedee-F, L50, F|100\/100\n|-fieldstart|move: Psychic Terrain|[from] ability: Psychic Surge|[of] p2b: Indeedee\n|-terastallize|p1b: Calyrex|Dragon\n|move|p1a: Tornadus|Tailwind|p1a: Tornadus\n|-sidestart|p1: megraxVGC|move: Tailwind\n|move|p1b: Calyrex|Astral Barrage|p2a: Chi-Yu|[spread] p2a\n|-immune|p2b: Indeedee\n|-resisted|p2a: Chi-Yu\n|-damage|p2a: Chi-Yu|66\/100\n|move|p2a: Chi-Yu|Snarl|p1a: Tornadus|[spread] p1a,p1b\n|-damage|p1a: Tornadus|61\/100\n|-damage|p1b: Calyrex|65\/100\n|\n|upkeep\n|turn|2\n|\n|t:|1739965696\n|move|p1b: Calyrex|Psychic|p2b: Indeedee\n|-resisted|p2b: Indeedee\n|-damage|p2b: Indeedee|51\/100\n|move|p1a: Tornadus|Bleakwind Storm|p2a: Chi-Yu|[spread] p2a,p2b\n|-damage|p2a: Chi-Yu|24\/100\n|-damage|p2b: Indeedee|0 fnt\n|faint|p2b: Indeedee\n|move|p2a: Chi-Yu|Snarl|p1b: Calyrex|[spread] p1a,p1b\n|-damage|p1a: Tornadus|25\/100\n|-damage|p1b: Calyrex|32\/100\n|\n|upkeep\n|\n|t:|1739965707\n|switch|p2b: Urshifu|Urshifu-Rapid-Strike, L50, M|100\/100\n|turn|3\n|\n|t:|1739965713\n|move|p2b: Urshifu|Detect|p2b: Urshifu\n|-singleturn|p2b: Urshifu|Protect\n|move|p1b: Calyrex|Astral Barrage|p2a: Chi-Yu|[spread] p2a\n|-activate|p2b: Urshifu|move: Protect\n|-resisted|p2a: Chi-Yu\n|-damage|p2a: Chi-Yu|0 fnt\n|faint|p2a: Chi-Yu\n|-ability|p1b: Calyrex|Grim Neigh|boost\n|-boost|p1b: Calyrex|spa|1\n|move|p1a: Tornadus|Bleakwind Storm|p2b: Urshifu\n|-activate|p2b: Urshifu|move: Protect\n|\n|upkeep\n|\n|t:|1739965725\n|switch|p2a: Calyrex|Calyrex-Shadow, L50|100\/100\n|-ability|p2a: Calyrex|As One\n|-ability|p2a: Calyrex|Unnerve\n|turn|4\n|\n|t:|1739965735\n|-terastallize|p2a: Calyrex|Fairy\n|move|p2b: Urshifu|Aqua Jet|p1a: Tornadus\n|-hint|Psychic Terrain doesn't affect Pok\u00e9mon immune to Ground.\n|-damage|p1a: Tornadus|0 fnt\n|faint|p1a: Tornadus\n|move|p1b: Calyrex|Astral Barrage|p2b: Urshifu|[spread] p2a,p2b\n|-damage|p2a: Calyrex|10\/100\n|-enditem|p2b: Urshifu|Focus Sash\n|-damage|p2b: Urshifu|1\/100\n|move|p2a: Calyrex|Draining Kiss|p1b: Calyrex\n|-supereffective|p1b: Calyrex\n|-damage|p1b: Calyrex|0 fnt\n|-heal|p2a: Calyrex|33\/100|[from] drain|[of] p1b: Calyrex\n|faint|p1b: Calyrex\n|-ability|p2a: Calyrex|Grim Neigh|boost\n|-boost|p2a: Calyrex|spa|1\n|\n|-sideend|p1: megraxVGC|move: Tailwind\n|upkeep\n|\n|t:|1739965747\n|switch|p1b: Iron Hands|Iron Hands, L50|100\/100\n|switch|p1a: Urshifu|Urshifu-Rapid-Strike, L50, M|100\/100\n|turn|5\n|\n|t:|1739965769\n|move|p1a: Urshifu|Detect|p1a: Urshifu\n|-singleturn|p1a: Urshifu|Protect\n|move|p2a: Calyrex|Draining Kiss|p1a: Urshifu\n|-activate|p1a: Urshifu|move: Protect\n|move|p2b: Urshifu|Surging Strikes|p1a: Urshifu\n|-resisted|p1a: Urshifu\n|-crit|p1a: Urshifu\n|-damage|p1a: Urshifu|90\/100\n|-resisted|p1a: Urshifu\n|-crit|p1a: Urshifu\n|-damage|p1a: Urshifu|79\/100\n|-resisted|p1a: Urshifu\n|-crit|p1a: Urshifu\n|-damage|p1a: Urshifu|67\/100\n|-hitcount|p1a: Urshifu|3\n|move|p1b: Iron Hands|Heavy Slam|p2a: Calyrex\n|-supereffective|p2a: Calyrex\n|-damage|p2a: Calyrex|0 fnt\n|faint|p2a: Calyrex\n|\n|-fieldend|move: Psychic Terrain\n|upkeep\n|turn|6\n|-message|onedaymob forfeited.\n|\n|win|megraxVGC\n|raw|megraxVGC's rating: 1571 &rarr; <strong>1590<\/strong><br \/>(+19 for winning)\n|raw|onedaymob's rating: 1555 &rarr; <strong>1536<\/strong><br \/>(-19 for losing)\n|l|\u2606onedaymob\n|player|p2|\n|l|\u2606megraxVGC\n|player|p1|\n","uploadtime":1739966033,"views":5,"formatid":"gen9vgc2025regg","rating":1536,"private":0,"password":null}