{"id":"gen9vgc2025regg-2303156846","format":"[Gen 9] VGC 2025 Reg G","players":["gatoexplotando","ApoVGC"],"log":"|j|\u2606gatoexplotando\n|j|\u2606ApoVGC\n|t:|1739893174\n|gametype|doubles\n|player|p1|gatoexplotando|lady-gen4|1631\n|player|p2|ApoVGC|170|1755\n|teamsize|p1|6\n|teamsize|p2|6\n|gen|9\n|tier|[Gen 9] VGC 2025 Reg G\n|rated|\n|rule|Species Clause: Limit one of each Pok\u00e9mon\n|rule|Item Clause: Limit 1 of each item\n|clearpoke\n|poke|p1|Calyrex-Shadow, L50|\n|poke|p1|Chi-Yu, L50|\n|poke|p1|Tornadus, L50, M|\n|poke|p1|Mienshao, L50, F|\n|poke|p1|Rillaboom, L50, M|\n|poke|p1|Ogerpon-Cornerstone, L50, F|\n|poke|p2|Calyrex-Shadow, L50|\n|poke|p2|Amoonguss, L50, F|\n|poke|p2|Tornadus, L50, M|\n|poke|p2|Indeedee-F, L50, F|\n|poke|p2|Urshifu-*, L50, F|\n|poke|p2|Chi-Yu, L50|\n|teampreview|4\n|inactive|Battle timer is ON: inactive players will automatically lose when time's up. (requested by gatoexplotando)\n|\n|t:|1739893199\n|start\n|switch|p1a: Juan|Calyrex-Shadow, L50|100\/100\n|switch|p1b: Wulaosu|Mienshao, L50, F|100\/100\n|switch|p2a: Chi-Yu|Chi-Yu, L50|100\/100\n|switch|p2b: Tornadus|Tornadus, L50, M|100\/100\n|-ability|p1a: Juan|As One\n|-ability|p1a: Juan|Unnerve\n|-ability|p2a: Chi-Yu|Beads of Ruin\n|turn|1\n|\n|t:|1739893218\n|switch|p2b: Indeedee|Indeedee-F, L50, F|100\/100\n|-fieldstart|move: Psychic Terrain|[from] ability: Psychic Surge|[of] p2b: Indeedee\n|-enditem|p2b: Indeedee|Psychic Seed\n|-boost|p2b: Indeedee|spd|1|[from] item: Psychic Seed\n|-terastallize|p1a: Juan|Dark\n|move|p1b: Wulaosu|Fake Out|p2a: Chi-Yu\n|-activate|p2a: Chi-Yu|move: Psychic Terrain\n|move|p2a: Chi-Yu|Overheat|p1a: Juan|[miss]\n|-miss|p2a: Chi-Yu|p1a: Juan\n|move|p1a: Juan|Astral Barrage|p2b: Indeedee|[spread] p2a\n|-immune|p2b: Indeedee\n|-resisted|p2a: Chi-Yu\n|-damage|p2a: Chi-Yu|61\/100\n|-damage|p1a: Juan|91\/100|[from] item: Life Orb\n|\n|upkeep\n|turn|2\n|\n|t:|1739893243\n|move|p1a: Juan|Protect|p1a: Juan\n|-singleturn|p1a: Juan|Protect\n|move|p2b: Indeedee|Follow Me|p2b: Indeedee\n|-singleturn|p2b: Indeedee|move: Follow Me\n|move|p2a: Chi-Yu|Overheat|p1a: Juan\n|-activate|p1a: Juan|move: Protect\n|move|p1b: Wulaosu|Close Combat|p2b: Indeedee\n|-damage|p2b: Indeedee|42\/100\n|-unboost|p1b: Wulaosu|def|1\n|-unboost|p1b: Wulaosu|spd|1\n|\n|upkeep\n|turn|3\n|\n|t:|1739893254\n|switch|p2a: Calyrex|Calyrex-Shadow, L50|100\/100\n|-ability|p2a: Calyrex|As One\n|-ability|p2a: Calyrex|Unnerve\n|switch|p1a: Le Poisson|Chi-Yu, L50|100\/100\n|-ability|p1a: Le Poisson|Beads of Ruin\n|move|p1b: Wulaosu|Close Combat|p2a: Calyrex\n|-immune|p2a: Calyrex\n|move|p2b: Indeedee|Psyshock|p1b: Wulaosu\n|-supereffective|p1b: Wulaosu\n|-enditem|p1b: Wulaosu|Focus Sash\n|-damage|p1b: Wulaosu|1\/100\n|\n|upkeep\n|turn|4\n|inactive|ApoVGC has 30 seconds left.\n|\n|t:|1739893280\n|-terastallize|p2a: Calyrex|Fairy\n|move|p2b: Indeedee|Helping Hand|p2a: Calyrex\n|-singleturn|p2a: Calyrex|Helping Hand|[of] p2b: Indeedee\n|move|p1b: Wulaosu|Wide Guard|p1b: Wulaosu\n|-singleturn|p1b: Wulaosu|Wide Guard\n|move|p2a: Calyrex|Draining Kiss|p1a: Le Poisson\n|-crit|p1a: Le Poisson\n|-damage|p1a: Le Poisson|8\/100\n|-damage|p2a: Calyrex|91\/100|[from] item: Life Orb\n|move|p1a: Le Poisson|Snarl|p2a: Calyrex|[spread] p2a,p2b\n|-resisted|p2a: Calyrex\n|-supereffective|p2b: Indeedee\n|-damage|p2a: Calyrex|75\/100\n|-damage|p2b: Indeedee|5\/100\n|-unboost|p2a: Calyrex|spa|1\n|-unboost|p2b: Indeedee|spa|1\n|\n|upkeep\n|turn|5\n|inactive|gatoexplotando has 30 seconds left.\n|inactive|ApoVGC has 30 seconds left.\n|inactive|gatoexplotando has 20 seconds left.\n|inactive|gatoexplotando has 15 seconds left.\n|inactive|ApoVGC has 20 seconds left.\n|\n|t:|1739893322\n|move|p1b: Wulaosu|Wide Guard|p1b: Wulaosu\n|-singleturn|p1b: Wulaosu|Wide Guard\n|move|p2b: Indeedee|Follow Me|p2b: Indeedee\n|-singleturn|p2b: Indeedee|move: Follow Me\n|move|p2a: Calyrex|Astral Barrage|p1b: Wulaosu|[spread] \n|-activate|p1a: Le Poisson|move: Wide Guard\n|-activate|p1b: Wulaosu|move: Wide Guard\n|move|p1a: Le Poisson|Snarl|p2b: Indeedee|[spread] p2a\n|-miss|p1a: Le Poisson|p2b: Indeedee\n|-resisted|p2a: Calyrex\n|-damage|p2a: Calyrex|60\/100\n|-unboost|p2a: Calyrex|spa|1\n|\n|-fieldend|move: Psychic Terrain\n|upkeep\n|turn|6\n|\n|t:|1739893340\n|switch|p2b: Chi-Yu|Chi-Yu, L50|61\/100\n|-ability|p2b: Chi-Yu|Beads of Ruin\n|move|p1b: Wulaosu|Feint|p2b: Chi-Yu\n|-crit|p2b: Chi-Yu\n|-damage|p2b: Chi-Yu|34\/100\n|move|p2a: Calyrex|Draining Kiss|p1a: Le Poisson\n|-damage|p1a: Le Poisson|0 fnt\n|-heal|p2a: Calyrex|64\/100|[from] drain|[of] p1a: Le Poisson\n|faint|p1a: Le Poisson\n|-ability|p2a: Calyrex|Grim Neigh|boost\n|-boost|p2a: Calyrex|spa|1\n|-damage|p2a: Calyrex|55\/100|[from] item: Life Orb\n|\n|upkeep\n|\n|t:|1739893353\n|switch|p1a: Ishowspeed|Tornadus, L50, M|100\/100\n|turn|7\n|\n|t:|1739893377\n|switch|p2a: Indeedee|Indeedee-F, L50, F|5\/100\n|-fieldstart|move: Psychic Terrain|[from] ability: Psychic Surge|[of] p2a: Indeedee\n|move|p1a: Ishowspeed|Protect|p1a: Ishowspeed\n|-singleturn|p1a: Ishowspeed|Protect\n|move|p1b: Wulaosu|Feint|p2b: Chi-Yu\n|-activate|p2b: Chi-Yu|move: Psychic Terrain\n|move|p2b: Chi-Yu|Heat Wave|p1a: Ishowspeed|[spread] p1b\n|-activate|p1a: Ishowspeed|move: Protect\n|-damage|p1b: Wulaosu|0 fnt\n|faint|p1b: Wulaosu\n|\n|upkeep\n|\n|t:|1739893387\n|switch|p1b: Juan|Calyrex-Shadow, L50, tera:Dark|91\/100\n|-ability|p1b: Juan|As One\n|-ability|p1b: Juan|Unnerve\n|turn|8\n|\n|t:|1739893398\n|move|p2b: Chi-Yu|Heat Wave|p1a: Ishowspeed|[spread] p1a\n|-miss|p2b: Chi-Yu|p1b: Juan\n|-damage|p1a: Ishowspeed|40\/100\n|move|p1b: Juan|Astral Barrage|p2b: Chi-Yu|[spread] p2b\n|-immune|p2a: Indeedee\n|-resisted|p2b: Chi-Yu\n|-damage|p2b: Chi-Yu|0 fnt\n|faint|p2b: Chi-Yu\n|-ability|p1b: Juan|Grim Neigh|boost\n|-boost|p1b: Juan|spa|1\n|-damage|p1b: Juan|82\/100|[from] item: Life Orb\n|move|p1a: Ishowspeed|Bleakwind Storm|p2a: Indeedee\n|-damage|p2a: Indeedee|0 fnt\n|faint|p2a: Indeedee\n|\n|upkeep\n|\n|t:|1739893408\n|switch|p2b: Tornadus|Tornadus, L50, M|100\/100\n|switch|p2a: Calyrex|Calyrex-Shadow, L50, tera:Fairy|55\/100\n|-ability|p2a: Calyrex|As One\n|-ability|p2a: Calyrex|Unnerve\n|turn|9\n|\n|t:|1739893426\n|move|p1a: Ishowspeed|Tailwind|p1a: Ishowspeed\n|-sidestart|p1: gatoexplotando|move: Tailwind\n|move|p2b: Tornadus|Tailwind|p2b: Tornadus\n|-sidestart|p2: ApoVGC|move: Tailwind\n|move|p1b: Juan|Astral Barrage|p2a: Calyrex|[spread] p2a,p2b\n|-damage|p2a: Calyrex|0 fnt\n|-damage|p2b: Tornadus|0 fnt\n|faint|p2a: Calyrex\n|faint|p2b: Tornadus\n|-damage|p1b: Juan|72\/100|[from] item: Life Orb\n|\n|win|gatoexplotando\n|raw|gatoexplotando's rating: 1631 &rarr; <strong>1658<\/strong><br \/>(+27 for winning)\n|raw|ApoVGC's rating: 1755 &rarr; <strong>1728<\/strong><br \/>(-27 for losing)\n|l|\u2606gatoexplotando\n|player|p1|\n|l|\u2606ApoVGC\n|player|p2|\n","uploadtime":1739893571,"views":7,"formatid":"gen9vgc2025regg","rating":1658,"private":0,"password":null}