{"id":"gen9vgc2025regg-2303130248","format":"[Gen 9] VGC 2025 Reg G","players":["searows","dumbest twink"],"log":"|j|\u2606searows\n|j|\u2606dumbest twink\n|t:|1739890350\n|gametype|doubles\n|player|p1|searows|miku-water|1504\n|player|p2|dumbest twink|grimsley-masters|1585\n|teamsize|p1|6\n|teamsize|p2|6\n|gen|9\n|tier|[Gen 9] VGC 2025 Reg G\n|rated|\n|rule|Species Clause: Limit one of each Pok\u00e9mon\n|rule|Item Clause: Limit 1 of each item\n|clearpoke\n|poke|p1|Miraidon, L50|\n|poke|p1|Whimsicott, L50, M|\n|poke|p1|Farigiraf, L50, M|\n|poke|p1|Iron Hands, L50|\n|poke|p1|Urshifu-*, L50, M|\n|poke|p1|Ogerpon-Hearthflame, L50, F|\n|poke|p2|Calyrex-Shadow, L50|\n|poke|p2|Urshifu-*, L50, M|\n|poke|p2|Indeedee-F, L50, F|\n|poke|p2|Ogerpon-Hearthflame, L50, F|\n|poke|p2|Whimsicott, L50, F|\n|poke|p2|Chi-Yu, L50|\n|teampreview|4\n|inactive|Battle timer is ON: inactive players will automatically lose when time's up. (requested by dumbest twink)\nsearows has agreed to open team sheets.\ndumbest twink has agreed to open team sheets.\n|showteam|p1|Miraidon||ChoiceSpecs|HadronEngine|ElectroDrift,DracoMeteor,VoltSwitch,DazzlingGleam||||||50|,,,,,Fairy]Whimsicott||CovertCloak|Prankster|Moonblast,Tailwind,Encore,LightScreen|||M|||50|,,,,,Dark]Farigiraf||ElectricSeed|ArmorTail|Psychic,FoulPlay,HelpingHand,TrickRoom|||M|||50|,,,,,Dark]Iron Hands||AssaultVest|QuarkDrive|DrainPunch,HeavySlam,LowKick,FakeOut||||||50|,,,,,Bug]Urshifu-Rapid-Strike||FocusSash|UnseenFist|SurgingStrikes,CloseCombat,AquaJet,Detect|||M|||50|,,,,,Stellar]Ogerpon-Hearthflame||HearthflameMask|MoldBreaker|IvyCudgel,WoodHammer,FollowMe,SpikyShield|||F|||50|,,,,,Fire\n|showteam|p2|Calyrex-Shadow||FocusSash|AsOneSpectrier|AstralBarrage,Protect,ExpandingForce,TeraBlast||||||50|,,,,,Fighting]Urshifu-Rapid-Strike||ChoiceScarf|UnseenFist|SurgingStrikes,AquaJet,CloseCombat,Uturn|||M|||50|,,,,,Water]Indeedee-F||RockyHelmet|PsychicSurge|FollowMe,HelpingHand,Imprison,TrickRoom|||F|||50|,,,,,Fairy]Ogerpon-Hearthflame||HearthflameMask|MoldBreaker|WoodHammer,SpikyShield,FollowMe,IvyCudgel|||F|||50|,,,,,Fire]Whimsicott||CovertCloak|Prankster|Tailwind,Moonblast,Encore,LightScreen|||F|||50|,,,,,Dark]Chi-Yu||ChoiceSpecs|BeadsofRuin|HeatWave,Overheat,DarkPulse,Snarl||||||50|,,,,,Fire\n|inactive|searows has 30 seconds left.\n|inactive|dumbest twink has 30 seconds left.\n|inactive|searows has 20 seconds left.\n|inactive|searows has 15 seconds left.\n|inactive|searows has 10 seconds left.\n|inactive|searows has 5 seconds left.\n|\n|t:|1739890408\n|start\n|switch|p1a: Miraidon|Miraidon, L50|100\/100\n|switch|p1b: Whimsicott|Whimsicott, L50, M|100\/100\n|switch|p2a: Urshifu|Urshifu-Rapid-Strike, L50, M|100\/100\n|switch|p2b: Whimsicott|Whimsicott, L50, F|100\/100\n|-fieldstart|move: Electric Terrain|[from] ability: Hadron Engine|[of] p1a: Miraidon\n|turn|1\n|inactive|searows has 30 seconds left.\n|\n|t:|1739890440\n|move|p2b: Whimsicott|Tailwind|p2b: Whimsicott\n|-sidestart|p2: dumbest twink|move: Tailwind\n|move|p1b: Whimsicott|Tailwind|p1b: Whimsicott\n|-sidestart|p1: searows|move: Tailwind\n|move|p2a: Urshifu|Close Combat|p1a: Miraidon\n|-damage|p1a: Miraidon|39\/100\n|-unboost|p2a: Urshifu|def|1\n|-unboost|p2a: Urshifu|spd|1\n|move|p1a: Miraidon|Volt Switch|p2a: Urshifu\n|-supereffective|p2a: Urshifu\n|-damage|p2a: Urshifu|0 fnt\n|faint|p2a: Urshifu\n|\n|t:|1739890459\n|switch|p1a: Iron Hands|Iron Hands, L50|100\/100|[from] Volt Switch\n|-activate|p1a: Iron Hands|ability: Quark Drive\n|-start|p1a: Iron Hands|quarkdriveatk\n|\n|upkeep\n|\n|t:|1739890463\n|switch|p2a: Calyrex|Calyrex-Shadow, L50|100\/100\n|-ability|p2a: Calyrex|As One\n|-ability|p2a: Calyrex|Unnerve\n|turn|2\n|\n|t:|1739890474\n|-end|p1a: Iron Hands|Quark Drive|[silent]\n|switch|p1a: Farigiraf|Farigiraf, L50, M|100\/100\n|-enditem|p1a: Farigiraf|Electric Seed\n|-boost|p1a: Farigiraf|def|1|[from] item: Electric Seed\n|-terastallize|p1b: Whimsicott|Dark\n|move|p2b: Whimsicott|Encore||[still]\n|cant|p1a: Farigiraf|ability: Armor Tail|Encore|[of] p2b: Whimsicott\n|move|p1b: Whimsicott|Light Screen|p1b: Whimsicott\n|-sidestart|p1: searows|move: Light Screen\n|move|p2a: Calyrex|Astral Barrage|p1b: Whimsicott|[spread] p1b\n|-immune|p1a: Farigiraf\n|-resisted|p1b: Whimsicott\n|-damage|p1b: Whimsicott|78\/100\n|\n|upkeep\n|turn|3\n|\n|t:|1739890498\n|move|p2a: Calyrex|Protect|p2a: Calyrex\n|-singleturn|p2a: Calyrex|Protect\n|move|p1b: Whimsicott|Encore|p2a: Calyrex\n|-activate|p2a: Calyrex|move: Protect\n|move|p2b: Whimsicott|Moonblast|p1b: Whimsicott\n|-supereffective|p1b: Whimsicott\n|-damage|p1b: Whimsicott|42\/100\n|move|p1a: Farigiraf|Foul Play|p2a: Calyrex\n|-activate|p2a: Calyrex|move: Protect\n|\n|upkeep\n|turn|4\n|\n|t:|1739890518\n|switch|p2b: Indeedee|Indeedee-F, L50, F|100\/100\n|-fieldstart|move: Psychic Terrain|[from] ability: Psychic Surge|[of] p2b: Indeedee\n|-terastallize|p2a: Calyrex|Fighting\n|move|p2a: Calyrex|Tera Blast|p1b: Whimsicott|[anim] Tera Blast Fighting\n|-supereffective|p1b: Whimsicott\n|-damage|p1b: Whimsicott|0 fnt\n|faint|p1b: Whimsicott\n|-ability|p2a: Calyrex|Grim Neigh|boost\n|-boost|p2a: Calyrex|spa|1\n|move|p1a: Farigiraf|Foul Play|p2a: Calyrex\n|-resisted|p2a: Calyrex\n|-damage|p2a: Calyrex|90\/100\n|\n|-sideend|p1: searows|move: Tailwind\n|-sideend|p2: dumbest twink|move: Tailwind\n|upkeep\n|\n|t:|1739890537\n|switch|p1b: Miraidon|Miraidon, L50|39\/100\n|-fieldstart|move: Electric Terrain|[from] ability: Hadron Engine|[of] p1b: Miraidon\n|turn|5\n|inactive|dumbest twink has 30 seconds left.\n|\n|t:|1739890570\n|move|p2b: Indeedee|Helping Hand|p2a: Calyrex\n|-singleturn|p2a: Calyrex|Helping Hand|[of] p2b: Indeedee\n|move|p2a: Calyrex|Expanding Force|p1b: Miraidon\n|-damage|p1b: Miraidon|0 fnt\n|faint|p1b: Miraidon\n|-ability|p2a: Calyrex|Grim Neigh|boost\n|-boost|p2a: Calyrex|spa|1\n|move|p1a: Farigiraf|Trick Room|p1a: Farigiraf\n|-fieldstart|move: Trick Room|[of] p1a: Farigiraf\n|\n|upkeep\n|\n|t:|1739890577\n|switch|p1b: Iron Hands|Iron Hands, L50|100\/100\n|-activate|p1b: Iron Hands|ability: Quark Drive\n|-start|p1b: Iron Hands|quarkdriveatk\n|turn|6\n|\n|t:|1739890602\n|move|p1a: Farigiraf|Helping Hand|p1b: Iron Hands\n|-singleturn|p1b: Iron Hands|Helping Hand|[of] p1a: Farigiraf\n|move|p2b: Indeedee|Follow Me|p2b: Indeedee\n|-singleturn|p2b: Indeedee|move: Follow Me\n|move|p1b: Iron Hands|Heavy Slam|p2b: Indeedee\n|-damage|p2b: Indeedee|19\/100\n|-damage|p1b: Iron Hands|84\/100|[from] item: Rocky Helmet|[of] p2b: Indeedee\n|move|p2a: Calyrex|Expanding Force|p1b: Iron Hands\n|-supereffective|p1b: Iron Hands\n|-damage|p1b: Iron Hands|13\/100\n|\n|-sideend|p1: searows|move: Light Screen\n|upkeep\n|turn|7\n|\n|t:|1739890624\n|move|p2a: Calyrex|Protect|p2a: Calyrex\n|-singleturn|p2a: Calyrex|Protect\n|move|p1b: Iron Hands|Drain Punch|p2b: Indeedee\n|-damage|p2b: Indeedee|0 fnt\n|-heal|p1b: Iron Hands|21\/100|[from] drain|[of] p2b: Indeedee\n|-damage|p1b: Iron Hands|4\/100|[from] item: Rocky Helmet|[of] p2b: Indeedee\n|faint|p2b: Indeedee\n|move|p1a: Farigiraf|Psychic|p2a: Calyrex\n|-activate|p2a: Calyrex|move: Protect\n|\n|upkeep\n|\n|t:|1739890628\n|switch|p2b: Whimsicott|Whimsicott, L50, F|100\/100\n|turn|8\n|\n|t:|1739890645\n|move|p1b: Iron Hands|Drain Punch|p2a: Calyrex\n|-damage|p2a: Calyrex|20\/100\n|-heal|p1b: Iron Hands|31\/100|[from] drain|[of] p2a: Calyrex\n|move|p1a: Farigiraf|Psychic|p2a: Calyrex\n|-supereffective|p2a: Calyrex\n|-damage|p2a: Calyrex|0 fnt\n|faint|p2a: Calyrex\n|move|p2b: Whimsicott|Moonblast|p1b: Iron Hands\n|-supereffective|p1b: Iron Hands\n|-damage|p1b: Iron Hands|5\/100\n|\n|upkeep\n|turn|9\n|-message|dumbest twink forfeited.\n|\n|win|searows\n|raw|searows's rating: 1504 &rarr; <strong>1529<\/strong><br \/>(+25 for winning)\n|raw|dumbest twink's rating: 1585 &rarr; <strong>1560<\/strong><br \/>(-25 for losing)\n|l|\u2606dumbest twink\n|player|p2|\n","uploadtime":1739890657,"views":10,"formatid":"gen9vgc2025regg","rating":1529,"private":0,"password":null}