{"id":"gen9vgc2025regg-2303846829","format":"[Gen 9] VGC 2025 Reg G","players":["ApoVGC","kojimuranishi"],"log":"|j|\u2606ApoVGC\n|j|\u2606kojimuranishi\n|t:|1739981745\n|gametype|doubles\n|player|p1|ApoVGC|169|1669\n|player|p2|kojimuranishi|265|1938\n|teamsize|p1|6\n|teamsize|p2|6\n|gen|9\n|tier|[Gen 9] VGC 2025 Reg G\n|rated|\n|rule|Species Clause: Limit one of each Pok\u00e9mon\n|rule|Item Clause: Limit 1 of each item\n|clearpoke\n|poke|p1|Calyrex-Shadow, L50|\n|poke|p1|Amoonguss, L50, F|\n|poke|p1|Tornadus, L50, M|\n|poke|p1|Indeedee-F, L50, F|\n|poke|p1|Urshifu-*, L50, F|\n|poke|p1|Chi-Yu, L50|\n|poke|p2|Whimsicott, L50, F|\n|poke|p2|Calyrex-Ice, L50|\n|poke|p2|Urshifu-*, L50, M|\n|poke|p2|Chi-Yu, L50|\n|poke|p2|Raging Bolt, L50|\n|poke|p2|Landorus, L50, M|\n|teampreview|4\n|inactive|Battle timer is ON: inactive players will automatically lose when time's up. (requested by ApoVGC)\n|inactive|kojimuranishi has 60 seconds left.\n|\n|t:|1739981797\n|start\n|switch|p1a: Amoonguss|Amoonguss, L50, F, shiny|100\/100\n|switch|p1b: Calyrex|Calyrex-Shadow, L50|100\/100\n|switch|p2a: Whimsicott|Whimsicott, L50, F|100\/100\n|switch|p2b: Chi-Yu|Chi-Yu, L50|100\/100\n|-ability|p1b: Calyrex|As One\n|-ability|p1b: Calyrex|Unnerve\n|-ability|p2b: Chi-Yu|Beads of Ruin\n|turn|1\n|\n|t:|1739981817\n|-terastallize|p1a: Amoonguss|Water\n|move|p1b: Calyrex|Protect|p1b: Calyrex\n|-singleturn|p1b: Calyrex|Protect\n|move|p2a: Whimsicott|Endeavor|p1a: Amoonguss\n|-damage|p1a: Amoonguss|62\/100\n|-damage|p2a: Whimsicott|84\/100|[from] item: Rocky Helmet|[of] p1a: Amoonguss\n|move|p2b: Chi-Yu|Heat Wave|p1a: Amoonguss|[spread] p1a\n|-activate|p1b: Calyrex|move: Protect\n|-resisted|p1a: Amoonguss\n|-damage|p1a: Amoonguss|22\/100\n|move|p1a: Amoonguss|Spore|p2b: Chi-Yu\n|-status|p2b: Chi-Yu|slp|[from] move: Spore\n|\n|upkeep\n|turn|2\n|\n|t:|1739981835\n|switch|p1a: Indeedee|Indeedee-F, L50, F|100\/100\n|-fieldstart|move: Psychic Terrain|[from] ability: Psychic Surge|[of] p1a: Indeedee\n|-enditem|p1a: Indeedee|Psychic Seed\n|-boost|p1a: Indeedee|spd|1|[from] item: Psychic Seed\n|move|p2a: Whimsicott|Tailwind|p2a: Whimsicott\n|-sidestart|p2: kojimuranishi|move: Tailwind\n|cant|p2b: Chi-Yu|slp\n|move|p1b: Calyrex|Astral Barrage|p2b: Chi-Yu|[spread] p2a,p2b\n|-resisted|p2b: Chi-Yu\n|-damage|p2a: Whimsicott|0 fnt\n|-damage|p2b: Chi-Yu|59\/100 slp\n|faint|p2a: Whimsicott\n|-ability|p1b: Calyrex|Grim Neigh|boost\n|-boost|p1b: Calyrex|spa|1\n|-damage|p1b: Calyrex|91\/100|[from] item: Life Orb\n|\n|upkeep\n|\n|t:|1739981853\n|switch|p2a: Calyrex|Calyrex-Ice, L50|100\/100\n|-ability|p2a: Calyrex|As One\n|-ability|p2a: Calyrex|Unnerve\n|turn|3\n|\n|t:|1739981864\n|-terastallize|p2a: Calyrex|Ice\n|move|p1a: Indeedee|Helping Hand|p1b: Calyrex\n|-singleturn|p1b: Calyrex|Helping Hand|[of] p1a: Indeedee\n|cant|p2b: Chi-Yu|slp\n|move|p2a: Calyrex|Glacial Lance|p1b: Calyrex|[spread] p1a,p1b\n|-damage|p1a: Indeedee|0 fnt\n|-damage|p1b: Calyrex|0 fnt\n|faint|p1a: Indeedee\n|faint|p1b: Calyrex\n|-ability|p2a: Calyrex|Chilling Neigh|boost\n|-boost|p2a: Calyrex|atk|2\n|\n|upkeep\n|j| Neutralist\n|\n|t:|1739981877\n|switch|p1b: Amoonguss|Amoonguss, L50, F, shiny, tera:Water|56\/100\n|switch|p1a: Chi-Yu|Chi-Yu, L50|100\/100\n|-ability|p1a: Chi-Yu|Beads of Ruin\n|turn|4\n|\n|t:|1739981889\n|-curestatus|p2b: Chi-Yu|slp|[msg]\n|move|p2b: Chi-Yu|Heat Wave|p1b: Amoonguss|[spread] p1a,p1b\n|-resisted|p1a: Chi-Yu\n|-resisted|p1b: Amoonguss\n|-damage|p1a: Chi-Yu|61\/100\n|-damage|p1b: Amoonguss|20\/100\n|move|p1a: Chi-Yu|Heat Wave|p2b: Chi-Yu|[spread] p2a,p2b\n|-supereffective|p2a: Calyrex\n|-crit|p2a: Calyrex\n|-resisted|p2b: Chi-Yu\n|-damage|p2a: Calyrex|0 fnt\n|-damage|p2b: Chi-Yu|33\/100\n|faint|p2a: Calyrex\n|move|p1b: Amoonguss|Spore|p2b: Chi-Yu\n|-status|p2b: Chi-Yu|slp|[from] move: Spore\n|\n|upkeep\n|\n|t:|1739981903\n|switch|p2a: Landorus|Landorus, L50, M|100\/100\n|turn|5\n|\n|t:|1739981911\n|move|p2a: Landorus|Sandsear Storm|p1a: Chi-Yu|[spread] p1a,p1b\n|-supereffective|p1a: Chi-Yu\n|-damage|p1a: Chi-Yu|0 fnt\n|-damage|p1b: Amoonguss|0 fnt\n|faint|p1a: Chi-Yu\n|faint|p1b: Amoonguss\n|\n|win|kojimuranishi\n|raw|ApoVGC's rating: 1669 &rarr; <strong>1662<\/strong><br \/>(-7 for losing)\n|raw|kojimuranishi's rating: 1938 &rarr; <strong>1945<\/strong><br \/>(+7 for winning)\n|l|\u2606ApoVGC\n|player|p1|\n|l|\u2606kojimuranishi\n|player|p2|\n|l| Neutralist\n","uploadtime":1739982108,"views":82,"formatid":"gen9vgc2025regg","rating":1662,"private":0,"password":null}