{"id":"gen9vgc2025regg-2303182790","format":"[Gen 9] VGC 2025 Reg G","players":["TheAccountant2020","twinleafturtle"],"log":"|j|\u2606TheAccountant2020\n|j|\u2606twinleafturtle\n|t:|1739895803\n|gametype|doubles\n|player|p1|TheAccountant2020|2|1577\n|player|p2|twinleafturtle|lucas|1538\n|teamsize|p1|6\n|teamsize|p2|6\n|gen|9\n|tier|[Gen 9] VGC 2025 Reg G\n|rated|\n|rule|Species Clause: Limit one of each Pok\u00e9mon\n|rule|Item Clause: Limit 1 of each item\n|clearpoke\n|poke|p1|Miraidon, L50|\n|poke|p1|Iron Hands, L50|\n|poke|p1|Ogerpon-Hearthflame, L50, F|\n|poke|p1|Whimsicott, L50, F|\n|poke|p1|Farigiraf, L50, F|\n|poke|p1|Urshifu-*, L50, M|\n|poke|p2|Terapagos, L50, M|\n|poke|p2|Heatran, L50, F|\n|poke|p2|Scream Tail, L50|\n|poke|p2|Rillaboom, L50, F|\n|poke|p2|Incineroar, L50, M|\n|poke|p2|Ogerpon-Cornerstone, L50, F|\n|teampreview|4\n|inactive|Battle timer is ON: inactive players will automatically lose when time's up. (requested by TheAccountant2020)\n|j| donteatfiber\n|inactive|TheAccountant2020 has 60 seconds left.\n|\n|t:|1739895850\n|start\n|switch|p1a: Whimsicott|Whimsicott, L50, F|100\/100\n|switch|p1b: Miraidon|Miraidon, L50|100\/100\n|switch|p2a: Heatran|Heatran, L50, F|100\/100\n|switch|p2b: Rillaboom|Rillaboom, L50, F|100\/100\n|-fieldstart|move: Electric Terrain|[from] ability: Hadron Engine|[of] p1b: Miraidon\n|-fieldstart|move: Grassy Terrain|[from] ability: Grassy Surge|[of] p2b: Rillaboom\n|turn|1\n|j| Easy180\n|\n|t:|1739895868\n|move|p1a: Whimsicott|Protect|p1a: Whimsicott\n|-singleturn|p1a: Whimsicott|Protect\n|move|p1b: Miraidon|Volt Switch|p2a: Heatran\n|-damage|p2a: Heatran|49\/100\n|\n|t:|1739895876\n|switch|p1b: Ogerpon|Ogerpon-Hearthflame, L50, F|100\/100|[from] Volt Switch\n|-ability|p1b: Ogerpon|Mold Breaker\n|move|p2b: Rillaboom|U-turn|p1a: Whimsicott\n|-activate|p1a: Whimsicott|move: Protect\n|move|p2a: Heatran|Magma Storm|p1b: Ogerpon\n|-damage|p1b: Ogerpon|51\/100\n|-activate|p1b: Ogerpon|move: Magma Storm|[of] p2a: Heatran\n|\n|-heal|p1b: Ogerpon|57\/100|[from] Grassy Terrain\n|-heal|p2a: Heatran|55\/100|[from] Grassy Terrain\n|-damage|p1b: Ogerpon|45\/100|[from] move: Magma Storm|[partiallytrapped]\n|upkeep\n|turn|2\n|\n|t:|1739895901\n|switch|p2b: Scream Tail|Scream Tail, L50|100\/100\n|-enditem|p2b: Scream Tail|Booster Energy\n|-activate|p2b: Scream Tail|ability: Protosynthesis|[fromitem]\n|-start|p2b: Scream Tail|protosynthesisspe\n|move|p1b: Ogerpon|Follow Me|p1b: Ogerpon\n|-singleturn|p1b: Ogerpon|move: Follow Me\n|move|p1a: Whimsicott|Moonblast|p2b: Scream Tail\n|-damage|p2b: Scream Tail|77\/100\n|-unboost|p2b: Scream Tail|spa|1\n|move|p2a: Heatran|Magma Storm|p1b: Ogerpon\n|-damage|p1b: Ogerpon|0 fnt\n|faint|p1b: Ogerpon\n|\n|-heal|p2b: Scream Tail|83\/100|[from] Grassy Terrain\n|-heal|p2a: Heatran|61\/100|[from] Grassy Terrain\n|upkeep\n|\n|t:|1739895918\n|switch|p1b: Urshifu|Urshifu-Rapid-Strike, L50, M|100\/100\n|turn|3\n|\n|t:|1739895941\n|switch|p2a: Rillaboom|Rillaboom, L50, F|100\/100\n|move|p1a: Whimsicott|Tailwind|p1a: Whimsicott\n|-sidestart|p1: TheAccountant2020|move: Tailwind\n|move|p1b: Urshifu|Surging Strikes|p2a: Rillaboom\n|-resisted|p2a: Rillaboom\n|-crit|p2a: Rillaboom\n|-damage|p2a: Rillaboom|89\/100\n|-resisted|p2a: Rillaboom\n|-crit|p2a: Rillaboom\n|-damage|p2a: Rillaboom|79\/100\n|-resisted|p2a: Rillaboom\n|-crit|p2a: Rillaboom\n|-damage|p2a: Rillaboom|68\/100\n|-hitcount|p2a: Rillaboom|3\n|move|p2b: Scream Tail|Encore|p1a: Whimsicott\n|-start|p1a: Whimsicott|Encore\n|\n|-heal|p2b: Scream Tail|89\/100|[from] Grassy Terrain\n|-heal|p2a: Rillaboom|74\/100|[from] Grassy Terrain\n|upkeep\n|turn|4\n|inactive|TheAccountant2020 has 30 seconds left.\n|\n|t:|1739895971\n|switch|p1a: Miraidon|Miraidon, L50|100\/100\n|-fieldstart|move: Electric Terrain|[from] ability: Hadron Engine|[of] p1a: Miraidon\n|move|p1b: Urshifu|Taunt|p2b: Scream Tail\n|-start|p2b: Scream Tail|move: Taunt\n|move|p2b: Scream Tail|Dazzling Gleam|p1b: Urshifu|[spread] p1a,p1b\n|-supereffective|p1a: Miraidon\n|-supereffective|p1b: Urshifu\n|-damage|p1a: Miraidon|84\/100\n|-damage|p1b: Urshifu|74\/100\n|move|p2a: Rillaboom|U-turn|p1a: Miraidon\n|-damage|p1a: Miraidon|62\/100\n|inactive|twinleafturtle has 30 seconds left.\n|\n|t:|1739896000\n|switch|p2a: Heatran|Heatran, L50, F|61\/100|[from] U-turn\n|\n|upkeep\n|turn|5\n|inactive|TheAccountant2020 has 30 seconds left.\n|\n|t:|1739896032\n|move|p1a: Miraidon|Volt Switch|p2a: Heatran\n|-damage|p2a: Heatran|0 fnt\n|faint|p2a: Heatran\n|\n|t:|1739896036\n|switch|p1a: Whimsicott|Whimsicott, L50, F|100\/100|[from] Volt Switch\n|move|p1b: Urshifu|Surging Strikes|p2b: Scream Tail\n|-crit|p2b: Scream Tail\n|-damage|p2b: Scream Tail|69\/100\n|-crit|p2b: Scream Tail\n|-damage|p2b: Scream Tail|51\/100\n|-crit|p2b: Scream Tail\n|-damage|p2b: Scream Tail|33\/100\n|-hitcount|p2b: Scream Tail|3\n|move|p2b: Scream Tail|Dazzling Gleam|p1b: Urshifu|[spread] p1a,p1b\n|-supereffective|p1b: Urshifu\n|-damage|p1a: Whimsicott|84\/100\n|-damage|p1b: Urshifu|46\/100\n|\n|upkeep\n|\n|t:|1739896041\n|switch|p2a: Rillaboom|Rillaboom, L50, F|74\/100\n|-fieldstart|move: Grassy Terrain|[from] ability: Grassy Surge|[of] p2a: Rillaboom\n|turn|6\n|\n|t:|1739896069\n|move|p1a: Whimsicott|Protect|p1a: Whimsicott\n|-singleturn|p1a: Whimsicott|Protect\n|move|p1b: Urshifu|Detect|p1b: Urshifu\n|-singleturn|p1b: Urshifu|Protect\n|move|p2b: Scream Tail|Dazzling Gleam|p1a: Whimsicott|[spread] \n|-activate|p1a: Whimsicott|move: Protect\n|-activate|p1b: Urshifu|move: Protect\n|move|p2a: Rillaboom|U-turn|p1b: Urshifu\n|-activate|p1b: Urshifu|move: Protect\n|\n|-heal|p1a: Whimsicott|90\/100|[from] Grassy Terrain\n|-heal|p1b: Urshifu|52\/100|[from] Grassy Terrain\n|-heal|p2b: Scream Tail|39\/100|[from] Grassy Terrain\n|-heal|p2a: Rillaboom|80\/100|[from] Grassy Terrain\n|-end|p2b: Scream Tail|move: Taunt\n|-sideend|p1: TheAccountant2020|move: Tailwind\n|upkeep\n|turn|7\n|\n|t:|1739896091\n|switch|p1b: Miraidon|Miraidon, L50|62\/100\n|-fieldstart|move: Electric Terrain|[from] ability: Hadron Engine|[of] p1b: Miraidon\n|move|p1a: Whimsicott|Tailwind|p1a: Whimsicott\n|-sidestart|p1: TheAccountant2020|move: Tailwind\n|move|p2b: Scream Tail|Dazzling Gleam|p1a: Whimsicott|[spread] p1a,p1b\n|-supereffective|p1b: Miraidon\n|-damage|p1a: Whimsicott|74\/100\n|-damage|p1b: Miraidon|46\/100\n|move|p2a: Rillaboom|Grassy Glide|p1b: Miraidon\n|-resisted|p1b: Miraidon\n|-damage|p1b: Miraidon|32\/100\n|\n|upkeep\n|turn|8\n|\n|t:|1739896112\n|move|p2b: Scream Tail|Protect|p2b: Scream Tail\n|-singleturn|p2b: Scream Tail|Protect\n|move|p1a: Whimsicott|Moonblast|p2a: Rillaboom\n|-damage|p2a: Rillaboom|56\/100\n|move|p1b: Miraidon|Volt Switch|p2b: Scream Tail\n|-activate|p2b: Scream Tail|move: Protect\n|move|p2a: Rillaboom|U-turn|p1b: Miraidon\n|-damage|p1b: Miraidon|9\/100\n|\n|t:|1739896118\n|switch|p2a: Terapagos|Terapagos, L50, M|100\/100|[from] U-turn\n|-activate|p2a: Terapagos|ability: Tera Shift\n|detailschange|p2a: Terapagos|Terapagos-Terastal, L50, M\n|-heal|p2a: Terapagos|100\/100|[silent]\n|\n|upkeep\n|turn|9\n|\n|t:|1739896130\n|-terastallize|p2a: Terapagos|Stellar\n|detailschange|p2a: Terapagos|Terapagos-Stellar, L50, M, tera:Stellar\n|-heal|p2a: Terapagos|100\/100|[silent]\n|-ability|p2a: Terapagos|Teraform Zero\n|-fieldend|move: Electric Terrain\n|move|p1a: Whimsicott|Moonblast|p2a: Terapagos\n|-damage|p2a: Terapagos|76\/100\n|move|p1b: Miraidon|Volt Switch|p2b: Scream Tail\n|-damage|p2b: Scream Tail|0 fnt\n|faint|p2b: Scream Tail\n|-end|p2b: Scream Tail|Protosynthesis|[silent]\n|\n|t:|1739896141\n|switch|p1b: Urshifu|Urshifu-Rapid-Strike, L50, M|52\/100|[from] Volt Switch\n|move|p2a: Terapagos|Tera Starstorm|p1b: Urshifu|[spread] p1a,p1b\n|-damage|p1a: Whimsicott|17\/100\n|-damage|p1b: Urshifu|10\/100\n|\n|-heal|p2a: Terapagos|82\/100|[from] item: Leftovers\n|upkeep\n|\n|t:|1739896143\n|switch|p2b: Rillaboom|Rillaboom, L50, F|56\/100\n|-fieldstart|move: Grassy Terrain|[from] ability: Grassy Surge|[of] p2b: Rillaboom\n|turn|10\n|\n|t:|1739896160\n|move|p1a: Whimsicott|Protect|p1a: Whimsicott\n|-singleturn|p1a: Whimsicott|Protect\n|move|p1b: Urshifu|Detect|p1b: Urshifu\n|-singleturn|p1b: Urshifu|Protect\n|move|p2b: Rillaboom|Grassy Glide|p1b: Urshifu\n|-activate|p1b: Urshifu|move: Protect\n|move|p2a: Terapagos|Tera Starstorm|p1a: Whimsicott|[spread] \n|-activate|p1a: Whimsicott|move: Protect\n|-activate|p1b: Urshifu|move: Protect\n|\n|-heal|p1a: Whimsicott|23\/100|[from] Grassy Terrain\n|-heal|p1b: Urshifu|17\/100|[from] Grassy Terrain\n|-heal|p2a: Terapagos|88\/100|[from] Grassy Terrain\n|-heal|p2a: Terapagos|94\/100|[from] item: Leftovers\n|-heal|p2b: Rillaboom|62\/100|[from] Grassy Terrain\n|-sideend|p1: TheAccountant2020|move: Tailwind\n|upkeep\n|turn|11\n|l| Easy180\n|j| Easy180\n|inactive|TheAccountant2020 has 30 seconds left.\n|inactive|TheAccountant2020 has 20 seconds left.\n|inactive|TheAccountant2020 has 15 seconds left.\n|\n|t:|1739896204\n|move|p2b: Rillaboom|Grassy Glide|p1b: Urshifu\n|-supereffective|p1b: Urshifu\n|-crit|p1b: Urshifu\n|-damage|p1b: Urshifu|0 fnt\n|faint|p1b: Urshifu\n|move|p1a: Whimsicott|Moonblast|p2a: Terapagos\n|-damage|p2a: Terapagos|71\/100\n|-unboost|p2a: Terapagos|spa|1\n|move|p2a: Terapagos|Tera Starstorm|p1a: Whimsicott\n|-damage|p1a: Whimsicott|0 fnt\n|faint|p1a: Whimsicott\n|\n|-heal|p2a: Terapagos|77\/100|[from] Grassy Terrain\n|-heal|p2a: Terapagos|83\/100|[from] item: Leftovers\n|-heal|p2b: Rillaboom|68\/100|[from] Grassy Terrain\n|upkeep\n|c|\u2606TheAccountant2020|gg\n|\n|t:|1739896210\n|switch|p1b: Miraidon|Miraidon, L50|9\/100\n|-fieldstart|move: Electric Terrain|[from] ability: Hadron Engine|[of] p1b: Miraidon\n|turn|12\n|c|\u2606twinleafturtle|gg\n|\n|t:|1739896216\n|-terastallize|p1b: Miraidon|Fairy\n|move|p1b: Miraidon|Dazzling Gleam|p2b: Rillaboom|[spread] p2a,p2b\n|-crit|p2a: Terapagos\n|-damage|p2a: Terapagos|12\/100\n|-damage|p2b: Rillaboom|19\/100\n|move|p2a: Terapagos|Tera Starstorm|p1b: Miraidon\n|-supereffective|p1b: Miraidon\n|-damage|p1b: Miraidon|0 fnt\n|faint|p1b: Miraidon\n|\n|win|twinleafturtle\n|raw|TheAccountant2020's rating: 1577 &rarr; <strong>1555<\/strong><br \/>(-22 for losing)\n|raw|twinleafturtle's rating: 1538 &rarr; <strong>1560<\/strong><br \/>(+22 for winning)\n|l|\u2606TheAccountant2020\n|player|p1|\n|l|\u2606twinleafturtle\n|player|p2|\n|l| donteatfiber\n","uploadtime":1739896376,"views":9,"formatid":"gen9vgc2025regg","rating":1555,"private":0,"password":null}