{"id":"gen9vgc2025regg-2303900663","format":"[Gen 9] VGC 2025 Reg G","players":["wallabit g","Doc_MrMega"],"log":"|j|\u2606wallabit g\n|j|\u2606Doc_MrMega\n|t:|1739987049\n|gametype|doubles\n|player|p1|wallabit g|dawn-gen4pt|1636\n|player|p2|Doc_MrMega|lucas|1693\n|teamsize|p1|6\n|teamsize|p2|6\n|gen|9\n|tier|[Gen 9] VGC 2025 Reg G\n|rated|\n|rule|Species Clause: Limit one of each Pok\u00e9mon\n|rule|Item Clause: Limit 1 of each item\n|clearpoke\n|poke|p1|Calyrex-Shadow, L50|\n|poke|p1|Ogerpon-Hearthflame, L50, F|\n|poke|p1|Urshifu-*, L50, F|\n|poke|p1|Indeedee-F, L50, F|\n|poke|p1|Mienshao, L50, F|\n|poke|p1|Rillaboom, L50, M|\n|poke|p2|Calyrex-Ice, L50|\n|poke|p2|Landorus, L50, M|\n|poke|p2|Amoonguss, L50, F|\n|poke|p2|Urshifu-*, L50, M|\n|poke|p2|Roaring Moon, L50|\n|poke|p2|Ogerpon-Hearthflame, L50, F|\n|teampreview|4\n|inactive|Battle timer is ON: inactive players will automatically lose when time's up. (requested by wallabit g)\n|inactive|Doc_MrMega also wants the timer to be on.\n|\n|t:|1739987064\n|start\n|switch|p1a: Mienshao|Mienshao, L50, F|100\/100\n|switch|p1b: Calyrex|Calyrex-Shadow, L50|100\/100\n|switch|p2a: Calyrex|Calyrex-Ice, L50|100\/100\n|switch|p2b: Amoonguss|Amoonguss, L50, F|100\/100\n|-ability|p1b: Calyrex|As One\n|-ability|p1b: Calyrex|Unnerve\n|-ability|p2a: Calyrex|As One\n|-ability|p2a: Calyrex|Unnerve\n|turn|1\n|inactive|Doc_MrMega has 30 seconds left.\n|\n|t:|1739987096\n|-terastallize|p2a: Calyrex|Fairy\n|move|p1b: Calyrex|Astral Barrage|p2a: Calyrex|[spread] p2a,p2b\n|-damage|p2a: Calyrex|49\/100\n|-damage|p2b: Amoonguss|35\/100\n|-damage|p1b: Calyrex|91\/100|[from] item: Life Orb\n|move|p1a: Mienshao|Taunt|p2b: Amoonguss\n|-start|p2b: Amoonguss|move: Taunt\n|cant|p2b: Amoonguss|move: Taunt|Spore\n|move|p2a: Calyrex|Trick Room|p2a: Calyrex\n|-fieldstart|move: Trick Room|[of] p2a: Calyrex\n|\n|upkeep\n|turn|2\n|\n|t:|1739987116\n|move|p1a: Mienshao|Wide Guard|p1a: Mienshao\n|-singleturn|p1a: Mienshao|Wide Guard\n|move|p2b: Amoonguss|Pollen Puff|p2a: Calyrex\n|-heal|p2a: Calyrex|99\/100\n|move|p2a: Calyrex|High Horsepower|p1b: Calyrex\n|-damage|p1b: Calyrex|46\/100\n|move|p1b: Calyrex|Astral Barrage|p2a: Calyrex|[spread] p2a,p2b\n|-damage|p2a: Calyrex|44\/100\n|-damage|p2b: Amoonguss|0 fnt\n|faint|p2b: Amoonguss\n|-ability|p1b: Calyrex|Grim Neigh|boost\n|-boost|p1b: Calyrex|spa|1\n|-damage|p1b: Calyrex|36\/100|[from] item: Life Orb\n|\n|upkeep\n|\n|t:|1739987120\n|switch|p2b: Urshifu|Urshifu-Rapid-Strike, L50, M|100\/100\n|turn|3\n|\n|t:|1739987137\n|switch|p1b: Indeedee|Indeedee-F, L50, F|100\/100\n|-fieldstart|move: Psychic Terrain|[from] ability: Psychic Surge|[of] p1b: Indeedee\n|move|p2a: Calyrex|High Horsepower|p1b: Indeedee\n|-damage|p1b: Indeedee|63\/100\n|-damage|p2a: Calyrex|28\/100|[from] item: Rocky Helmet|[of] p1b: Indeedee\n|move|p2b: Urshifu|Surging Strikes|p1a: Mienshao\n|-crit|p1a: Mienshao\n|-damage|p1a: Mienshao|54\/100\n|-crit|p1a: Mienshao\n|-damage|p1a: Mienshao|10\/100\n|-crit|p1a: Mienshao\n|-damage|p1a: Mienshao|0 fnt\n|faint|p1a: Mienshao\n|-hitcount|p1: Mienshao|3\n|\n|upkeep\n|\n|t:|1739987153\n|switch|p1a: Ogerpon|Ogerpon-Hearthflame, L50, F|100\/100\n|-ability|p1a: Ogerpon|Mold Breaker\n|turn|4\n|\n|t:|1739987166\n|-terastallize|p1b: Indeedee|Water\n|move|p2b: Urshifu|Detect|p2b: Urshifu\n|-singleturn|p2b: Urshifu|Protect\n|move|p1b: Indeedee|Follow Me|p1b: Indeedee\n|-singleturn|p1b: Indeedee|move: Follow Me\n|move|p2a: Calyrex|Glacial Lance|p1a: Ogerpon|[spread] p1a,p1b\n|-resisted|p1b: Indeedee\n|-damage|p1a: Ogerpon|38\/100\n|-damage|p1b: Indeedee|35\/100\n|move|p1a: Ogerpon|Horn Leech|p2b: Urshifu\n|-activate|p2b: Urshifu|move: Protect\n|\n|upkeep\n|turn|5\n|inactive|wallabit g has 30 seconds left.\n|\n|t:|1739987196\n|move|p2a: Calyrex|Glacial Lance|p1b: Indeedee|[spread] p1a,p1b\n|-resisted|p1b: Indeedee\n|-damage|p1a: Ogerpon|0 fnt\n|-damage|p1b: Indeedee|9\/100\n|faint|p1a: Ogerpon\n|-ability|p2a: Calyrex|Chilling Neigh|boost\n|-boost|p2a: Calyrex|atk|1\n|move|p1b: Indeedee|Psychic|p2a: Calyrex\n|-damage|p2a: Calyrex|0 fnt\n|faint|p2a: Calyrex\n|move|p2b: Urshifu|Close Combat|p1b: Indeedee\n|-damage|p1b: Indeedee|0 fnt\n|-unboost|p2b: Urshifu|def|1\n|-unboost|p2b: Urshifu|spd|1\n|-damage|p2b: Urshifu|84\/100|[from] item: Rocky Helmet|[of] p1b: Indeedee\n|faint|p1b: Indeedee\n|\n|-fieldend|move: Trick Room\n|upkeep\n|\n|t:|1739987201\n|switch|p1b: Calyrex|Calyrex-Shadow, L50|36\/100\n|switch|p2a: Roaring Moon|Roaring Moon, L50|100\/100\n|-ability|p1b: Calyrex|As One\n|-ability|p1b: Calyrex|Unnerve\n|-enditem|p2a: Roaring Moon|Booster Energy\n|-activate|p2a: Roaring Moon|ability: Protosynthesis|[fromitem]\n|-start|p2a: Roaring Moon|protosynthesisspe\n|turn|6\n|\n|t:|1739987204\n|move|p2a: Roaring Moon|Knock Off|p1b: Calyrex\n|-supereffective|p1b: Calyrex\n|-damage|p1b: Calyrex|0 fnt\n|-enditem|p1b: Calyrex|Life Orb|[from] move: Knock Off|[of] p2a: Roaring Moon\n|faint|p1b: Calyrex\n|\n|win|Doc_MrMega\n|raw|wallabit g's rating: 1636 &rarr; <strong>1619<\/strong><br \/>(-17 for losing)\n|raw|Doc_MrMega's rating: 1693 &rarr; <strong>1710<\/strong><br \/>(+17 for winning)\n|l|\u2606Doc_MrMega\n|player|p2|\n","uploadtime":1739987347,"views":10,"formatid":"gen9vgc2025regg","rating":1619,"private":0,"password":null}