{"id":"gen9vgc2025regg-2303592470","format":"[Gen 9] VGC 2025 Reg G","players":["ComradeClownVGC","aoiharada"],"log":"|j|\u2606ComradeClownVGC\n|j|\u2606aoiharada\n|t:|1739943082\n|gametype|doubles\n|player|p1|ComradeClownVGC|harlequin|1637\n|player|p2|aoiharada|265|1690\n|teamsize|p1|6\n|teamsize|p2|6\n|gen|9\n|tier|[Gen 9] VGC 2025 Reg G\n|rated|\n|rule|Species Clause: Limit one of each Pok\u00e9mon\n|rule|Item Clause: Limit 1 of each item\n|clearpoke\n|poke|p1|Whimsicott, L50, M|\n|poke|p1|Okidogi, L50, M|\n|poke|p1|Arcanine-Hisui, L50, F|\n|poke|p1|Flutter Mane, L50|\n|poke|p1|Calyrex-Shadow, L50|\n|poke|p1|Chi-Yu, L50|\n|poke|p2|Kyogre, L50|\n|poke|p2|Rillaboom, L50, M|\n|poke|p2|Incineroar, L50, F|\n|poke|p2|Amoonguss, L50, F|\n|poke|p2|Urshifu-*, L50, M|\n|poke|p2|Raging Bolt, L50|\n|teampreview|4\n|inactive|Battle timer is ON: inactive players will automatically lose when time's up. (requested by ComradeClownVGC)\nComradeClownVGC has agreed to open team sheets.\n|c|\u2606ComradeClownVGC|glhf\n|\n|t:|1739943110\n|start\n|switch|p1a: Dogi Style|Okidogi, L50, M|100\/100\n|switch|p1b: Caulipower|Whimsicott, L50, M|100\/100\n|switch|p2a: Kyogre|Kyogre, L50|100\/100\n|switch|p2b: Urshifu|Urshifu-Rapid-Strike, L50, M|100\/100\n|-weather|RainDance|[from] ability: Drizzle|[of] p2a: Kyogre\n|turn|1\n|\n|t:|1739943120\n|move|p1b: Caulipower|Tailwind|p1b: Caulipower\n|-sidestart|p1: ComradeClownVGC|move: Tailwind\n|move|p1a: Dogi Style|Gunk Shot|p2a: Kyogre\n|-damage|p2a: Kyogre|53\/100\n|move|p2b: Urshifu|Surging Strikes|p1a: Dogi Style\n|-crit|p1a: Dogi Style\n|-damage|p1a: Dogi Style|70\/100\n|-crit|p1a: Dogi Style\n|-damage|p1a: Dogi Style|40\/100\n|-crit|p1a: Dogi Style\n|-damage|p1a: Dogi Style|10\/100\n|-hitcount|p1a: Dogi Style|3\n|move|p2a: Kyogre|Ice Beam|p1b: Caulipower\n|-supereffective|p1b: Caulipower\n|-enditem|p1b: Caulipower|Focus Sash\n|-damage|p1b: Caulipower|1\/100\n|-status|p1b: Caulipower|frz\n|\n|-weather|RainDance|[upkeep]\n|-heal|p2a: Kyogre|60\/100|[from] item: Leftovers\n|upkeep\n|turn|2\n|j| God of restricted\n|\n|t:|1739943139\n|move|p2b: Urshifu|Aqua Jet|p1a: Dogi Style\n|-damage|p1a: Dogi Style|0 fnt\n|faint|p1a: Dogi Style\n|cant|p1b: Caulipower|frz\n|move|p2a: Kyogre|Ice Beam|p1b: Caulipower\n|-supereffective|p1b: Caulipower\n|-damage|p1b: Caulipower|0 fnt\n|faint|p1b: Caulipower\n|\n|-weather|RainDance|[upkeep]\n|-heal|p2a: Kyogre|66\/100|[from] item: Leftovers\n|upkeep\n|\n|t:|1739943145\n|switch|p1b: Farter Man|Flutter Mane, L50|100\/100\n|switch|p1a: Calyrex|Calyrex-Shadow, L50|100\/100\n|-ability|p1a: Calyrex|As One\n|-ability|p1a: Calyrex|Unnerve\n|-enditem|p1b: Farter Man|Booster Energy\n|-activate|p1b: Farter Man|ability: Protosynthesis|[fromitem]\n|-start|p1b: Farter Man|protosynthesisspe\n|turn|3\n|\n|t:|1739943161\n|switch|p2b: Rillaboom|Rillaboom, L50, M|100\/100\n|-fieldstart|move: Grassy Terrain|[from] ability: Grassy Surge|[of] p2b: Rillaboom\n|-terastallize|p1a: Calyrex|Ghost\n|move|p2a: Kyogre|Protect|p2a: Kyogre\n|-singleturn|p2a: Kyogre|Protect\n|move|p1b: Farter Man|Icy Wind|p2b: Rillaboom|[spread] \n|-activate|p2a: Kyogre|move: Protect\n|-miss|p1b: Farter Man|p2b: Rillaboom\n|move|p1a: Calyrex|Astral Barrage|p2a: Kyogre|[spread] p2b\n|-activate|p2a: Kyogre|move: Protect\n|-crit|p2b: Rillaboom\n|-damage|p2b: Rillaboom|25\/100\n|-damage|p1a: Calyrex|91\/100|[from] item: Life Orb\n|\n|-weather|RainDance|[upkeep]\n|-heal|p1a: Calyrex|96\/100|[from] Grassy Terrain\n|-heal|p2a: Kyogre|72\/100|[from] Grassy Terrain\n|-heal|p2a: Kyogre|78\/100|[from] item: Leftovers\n|-heal|p2b: Rillaboom|31\/100|[from] Grassy Terrain\n|upkeep\n|turn|4\n|\n|t:|1739943183\n|move|p2b: Rillaboom|Grassy Glide|p1a: Calyrex\n|-damage|p1a: Calyrex|57\/100\n|move|p1b: Farter Man|Icy Wind|p2b: Rillaboom|[spread] p2a,p2b\n|-resisted|p2a: Kyogre\n|-supereffective|p2b: Rillaboom\n|-crit|p2b: Rillaboom\n|-damage|p2a: Kyogre|74\/100\n|-damage|p2b: Rillaboom|9\/100\n|-unboost|p2a: Kyogre|spe|1\n|-unboost|p2b: Rillaboom|spe|1\n|move|p1a: Calyrex|Astral Barrage|p2a: Kyogre|[spread] p2a,p2b\n|-damage|p2a: Kyogre|5\/100\n|-damage|p2b: Rillaboom|0 fnt\n|faint|p2b: Rillaboom\n|-ability|p1a: Calyrex|Grim Neigh|boost\n|-boost|p1a: Calyrex|spa|1\n|-damage|p1a: Calyrex|47\/100|[from] item: Life Orb\n|move|p2a: Kyogre|Origin Pulse|p1b: Farter Man|[spread] p1a,p1b\n|-damage|p1a: Calyrex|0 fnt\n|-damage|p1b: Farter Man|44\/100\n|faint|p1a: Calyrex\n|\n|-weather|RainDance|[upkeep]\n|-heal|p1b: Farter Man|50\/100|[from] Grassy Terrain\n|-heal|p2a: Kyogre|11\/100|[from] Grassy Terrain\n|-heal|p2a: Kyogre|18\/100|[from] item: Leftovers\n|-sideend|p1: ComradeClownVGC|move: Tailwind\n|upkeep\n|j| Rooks2024\n|\n|t:|1739943194\n|switch|p2b: Urshifu|Urshifu-Rapid-Strike, L50, M|100\/100\n|turn|5\n|-message|ComradeClownVGC forfeited.\n|\n|win|aoiharada\n|raw|ComradeClownVGC's rating: 1637 &rarr; <strong>1620<\/strong><br \/>(-17 for losing)\n|raw|aoiharada's rating: 1690 &rarr; <strong>1707<\/strong><br \/>(+17 for winning)\n|l|\u2606ComradeClownVGC\n|player|p1|\n|l| God of restricted\n|l|\u2606aoiharada\n|player|p2|\n","uploadtime":1739943453,"views":5,"formatid":"gen9vgc2025regg","rating":1620,"private":0,"password":null}