{"id":"gen9vgc2025regg-2303332521","format":"[Gen 9] VGC 2025 Reg G","players":["xxxPlayer5xxx","Dimonutive"],"log":"|j|\u2606xxxPlayer5xxx\n|j|\u2606Dimonutive\n|t:|1739910422\n|gametype|doubles\n|player|p1|xxxPlayer5xxx|102|1617\n|player|p2|Dimonutive|li|1564\n|teamsize|p1|6\n|teamsize|p2|6\n|gen|9\n|tier|[Gen 9] VGC 2025 Reg G\n|rated|\n|rule|Species Clause: Limit one of each Pok\u00e9mon\n|rule|Item Clause: Limit 1 of each item\n|clearpoke\n|poke|p1|Ho-Oh, L50|\n|poke|p1|Tornadus, L50, M|\n|poke|p1|Raging Bolt, L50|\n|poke|p1|Amoonguss, L50, M|\n|poke|p1|Annihilape, L50, M|\n|poke|p1|Volcarona, L50, M|\n|poke|p2|Terapagos, L50, M|\n|poke|p2|Grimmsnarl, L50, M|\n|poke|p2|Sinistcha, L50|\n|poke|p2|Cresselia, L50, F|\n|poke|p2|Okidogi, L50, M|\n|poke|p2|Landorus-Therian, L50, M|\n|teampreview|4\n|inactive|Battle timer is ON: inactive players will automatically lose when time's up. (requested by Dimonutive)\n|c|\u2606Dimonutive|cool team!\n|inactive|xxxPlayer5xxx has 60 seconds left.\n|inactive|Dimonutive has 60 seconds left.\n|\n|t:|1739910471\n|start\n|switch|p1a: Ho-Oh|Ho-Oh, L50|100\/100\n|switch|p1b: Annihilape|Annihilape, L50, M|100\/100\n|switch|p2a: Cresselia|Cresselia, L50, F|100\/100\n|switch|p2b: Terapagos|Terapagos, L50, M|100\/100\n|-activate|p2b: Terapagos|ability: Tera Shift\n|detailschange|p2b: Terapagos|Terapagos-Terastal, L50, M\n|-heal|p2b: Terapagos|100\/100|[silent]\n|turn|1\n|inactive|xxxPlayer5xxx has 30 seconds left.\n|\n|t:|1739910503\n|move|p2b: Terapagos|Protect|p2b: Terapagos\n|-singleturn|p2b: Terapagos|Protect\n|move|p1b: Annihilape|Coaching|p1a: Ho-Oh\n|-boost|p1a: Ho-Oh|atk|1\n|-boost|p1a: Ho-Oh|def|1\n|move|p1a: Ho-Oh|Sacred Fire|p2a: Cresselia\n|-damage|p2a: Cresselia|13\/100\n|move|p2a: Cresselia|Moonblast|p1b: Annihilape\n|-supereffective|p1b: Annihilape\n|-damage|p1b: Annihilape|66\/100\n|-unboost|p1b: Annihilape|spa|1\n|-ability|p1b: Annihilape|Defiant|boost\n|-boost|p1b: Annihilape|atk|2\n|\n|upkeep\n|turn|2\n|\n|t:|1739910518\n|switch|p2a: Landorus|Landorus-Therian, L50, M|100\/100\n|-ability|p2a: Landorus|Intimidate|boost\n|-unboost|p1a: Ho-Oh|atk|1\n|-unboost|p1b: Annihilape|atk|1\n|-ability|p1b: Annihilape|Defiant|boost\n|-boost|p1b: Annihilape|atk|2\n|move|p1b: Annihilape|Coaching|p1a: Ho-Oh\n|-boost|p1a: Ho-Oh|atk|1\n|-boost|p1a: Ho-Oh|def|1\n|move|p1a: Ho-Oh|Sacred Fire|p2a: Landorus\n|-damage|p2a: Landorus|0 fnt\n|faint|p2a: Landorus\n|move|p2b: Terapagos|Calm Mind|p2b: Terapagos\n|-boost|p2b: Terapagos|spa|1\n|-boost|p2b: Terapagos|spd|1\n|\n|upkeep\n|\n|t:|1739910524\n|switch|p2a: Grimmsnarl|Grimmsnarl, L50, M|100\/100\n|turn|3\n|\n|t:|1739910536\n|move|p2a: Grimmsnarl|Fake Out|p1a: Ho-Oh\n|-damage|p1a: Ho-Oh|95\/100\n|move|p1b: Annihilape|Coaching|p1a: Ho-Oh\n|-boost|p1a: Ho-Oh|atk|1\n|-boost|p1a: Ho-Oh|def|1\n|cant|p1a: Ho-Oh|flinch\n|move|p2b: Terapagos|Calm Mind|p2b: Terapagos\n|-boost|p2b: Terapagos|spa|1\n|-boost|p2b: Terapagos|spd|1\n|\n|upkeep\n|turn|4\n|\n|t:|1739910548\n|move|p2a: Grimmsnarl|Reflect|p2a: Grimmsnarl\n|-sidestart|p2: Dimonutive|Reflect\n|move|p1b: Annihilape|Coaching|p1a: Ho-Oh\n|-boost|p1a: Ho-Oh|atk|1\n|-boost|p1a: Ho-Oh|def|1\n|move|p1a: Ho-Oh|Sacred Fire|p2b: Terapagos\n|-activate|p2b: Terapagos|ability: Tera Shell\n|-resisted|p2b: Terapagos\n|-damage|p2b: Terapagos|52\/100\n|move|p2b: Terapagos|Tera Starstorm|p1a: Ho-Oh\n|-damage|p1a: Ho-Oh|32\/100\n|\n|upkeep\n|turn|5\n|\n|t:|1739910571\n|switch|p1b: Amoonguss|Amoonguss, L50, M|100\/100\n|move|p2b: Terapagos|Protect|p2b: Terapagos\n|-singleturn|p2b: Terapagos|Protect\n|move|p2a: Grimmsnarl|Parting Shot|p1b: Amoonguss\n|-unboost|p1b: Amoonguss|atk|1\n|-unboost|p1b: Amoonguss|spa|1\n|\n|t:|1739910574\n|switch|p2a: Cresselia|Cresselia, L50, F|13\/100|[from] Parting Shot\n|move|p1a: Ho-Oh|Sacred Fire|p2b: Terapagos\n|-activate|p2b: Terapagos|move: Protect\n|\n|upkeep\n|turn|6\n|\n|t:|1739910584\n|-terastallize|p2b: Terapagos|Stellar\n|detailschange|p2b: Terapagos|Terapagos-Stellar, L50, M, tera:Stellar\n|-heal|p2b: Terapagos|64\/100|[silent]\n|move|p2a: Cresselia|Ally Switch|p2a: Cresselia\n|swap|p2a: Cresselia|1|[from] move: Ally Switch\n|move|p1a: Ho-Oh|Sacred Fire|p2b: Cresselia\n|-damage|p2b: Cresselia|0 fnt\n|faint|p2b: Cresselia\n|move|p2a: Terapagos|Tera Starstorm|p1b: Amoonguss|[spread] p1a,p1b\n|-damage|p1a: Ho-Oh|0 fnt\n|-damage|p1b: Amoonguss|44\/100\n|faint|p1a: Ho-Oh\n|move|p1b: Amoonguss|Pollen Puff|p1: Ho-Oh|[notarget]\n|-fail|p1b: Amoonguss\n|\n|upkeep\n|\n|t:|1739910594\n|switch|p1a: Annihilape|Annihilape, L50, M|66\/100\n|switch|p2b: Grimmsnarl|Grimmsnarl, L50, M|100\/100\n|turn|7\n|\n|t:|1739910603\n|move|p2a: Terapagos|Protect|p2a: Terapagos\n|-singleturn|p2a: Terapagos|Protect\n|move|p1a: Annihilape|Close Combat|p2a: Terapagos\n|-activate|p2a: Terapagos|move: Protect\n|move|p2b: Grimmsnarl|Foul Play|p1a: Annihilape\n|-damage|p1a: Annihilape|25\/100\n|move|p1b: Amoonguss|Clear Smog|p2a: Terapagos\n|-activate|p2a: Terapagos|move: Protect\n|\n|upkeep\n|turn|8\n|\n|t:|1739910622\n|move|p1b: Amoonguss|Rage Powder|p1b: Amoonguss\n|-singleturn|p1b: Amoonguss|move: Rage Powder\n|move|p1a: Annihilape|Close Combat|p2a: Terapagos\n|-supereffective|p2a: Terapagos\n|-damage|p2a: Terapagos|28\/100\n|-unboost|p1a: Annihilape|def|1\n|-unboost|p1a: Annihilape|spd|1\n|move|p2a: Terapagos|Tera Starstorm|p1b: Amoonguss|[spread] p1a,p1b\n|-damage|p1a: Annihilape|0 fnt\n|-damage|p1b: Amoonguss|0 fnt\n|faint|p1a: Annihilape\n|faint|p1b: Amoonguss\n|move|p2b: Grimmsnarl|Foul Play|p1: Annihilape|[notarget]\n|-fail|p2b: Grimmsnarl\n|\n|-sideend|p2: Dimonutive|Reflect\n|upkeep\n|-message|xxxPlayer5xxx forfeited.\n|\n|win|Dimonutive\n|raw|xxxPlayer5xxx's rating: 1617 &rarr; <strong>1594<\/strong><br \/>(-23 for losing)\n|raw|Dimonutive's rating: 1564 &rarr; <strong>1587<\/strong><br \/>(+23 for winning)\n|l|\u2606xxxPlayer5xxx\n|player|p1|\n","uploadtime":1739910632,"views":13,"formatid":"gen9vgc2025regg","rating":1587,"private":0,"password":null}