{"id":"gen9vgc2025regg-2303786996","format":"[Gen 9] VGC 2025 Reg G","players":["Has_Perry","Yung Trav"],"log":"|j|\u2606Has_Perry\n|j|\u2606Yung Trav\n|t:|1739975449\n|gametype|doubles\n|player|p1|Has_Perry|veteran|1581\n|player|p2|Yung Trav|170|1620\n|teamsize|p1|6\n|teamsize|p2|6\n|gen|9\n|tier|[Gen 9] VGC 2025 Reg G\n|rated|\n|rule|Species Clause: Limit one of each Pok\u00e9mon\n|rule|Item Clause: Limit 1 of each item\n|clearpoke\n|poke|p1|Giratina, L50|\n|poke|p1|Grimmsnarl, L50, M|\n|poke|p1|Incineroar, L50, M|\n|poke|p1|Rillaboom, L50, M|\n|poke|p1|Urshifu-*, L50, M|\n|poke|p1|Glimmora, L50, F|\n|poke|p2|Calyrex-Ice, L50|\n|poke|p2|Regidrago, L50|\n|poke|p2|Smeargle, L50, M|\n|poke|p2|Farigiraf, L50, M|\n|poke|p2|Urshifu-*, L50, M|\n|poke|p2|Ogerpon-Cornerstone, L50, F|\n|teampreview|4\n|inactive|Battle timer is ON: inactive players will automatically lose when time's up. (requested by Yung Trav)\n|\n|t:|1739975474\n|start\n|switch|p1a: Arkenstone|Glimmora, L50, F|100\/100\n|switch|p1b: Grimmsnarl|Grimmsnarl, L50, M, shiny|100\/100\n|switch|p2a: Calyrex|Calyrex-Ice, L50|100\/100\n|switch|p2b: Smeargle|Smeargle, L50, M, shiny|100\/100\n|-ability|p2a: Calyrex|As One\n|-ability|p2a: Calyrex|Unnerve\n|turn|1\n|\n|t:|1739975490\n|-terastallize|p2a: Calyrex|Water\n|move|p2b: Smeargle|Fake Out|p1b: Grimmsnarl\n|-damage|p1b: Grimmsnarl|96\/100\n|cant|p1b: Grimmsnarl|flinch\n|move|p1a: Arkenstone|Meteor Beam||[still]\n|-prepare|p1a: Arkenstone|Meteor Beam\n|-boost|p1a: Arkenstone|spa|1\n|-enditem|p1a: Arkenstone|Power Herb\n|-anim|p1a: Arkenstone|Meteor Beam|p2a: Calyrex\n|-damage|p2a: Calyrex|50\/100\n|move|p2a: Calyrex|Trick Room|p2a: Calyrex\n|-fieldstart|move: Trick Room|[of] p2a: Calyrex\n|\n|upkeep\n|turn|2\n|\n|t:|1739975509\n|move|p1a: Arkenstone|Spiky Shield|p1a: Arkenstone\n|-singleturn|p1a: Arkenstone|move: Protect\n|move|p1b: Grimmsnarl|Reflect|p1b: Grimmsnarl\n|-sidestart|p1: Has_Perry|Reflect\n|move|p2b: Smeargle|Decorate|p2a: Calyrex\n|-boost|p2a: Calyrex|atk|2\n|-boost|p2a: Calyrex|spa|2\n|move|p2a: Calyrex|Glacial Lance|p1b: Grimmsnarl|[spread] p1b\n|-activate|p1a: Arkenstone|move: Protect\n|-damage|p1b: Grimmsnarl|10\/100\n|\n|upkeep\n|turn|3\n|\n|t:|1739975528\n|move|p1b: Grimmsnarl|Thunder Wave|p2a: Calyrex\n|-status|p2a: Calyrex|par\n|move|p2a: Calyrex|Glacial Lance|p1b: Grimmsnarl|[spread] p1a,p1b\n|-damage|p1a: Arkenstone|21\/100\n|-damage|p1b: Grimmsnarl|0 fnt\n|-activate|p1a: Arkenstone|ability: Toxic Debris\n|-sidestart|p2: Yung Trav|move: Toxic Spikes\n|faint|p1b: Grimmsnarl\n|-ability|p2a: Calyrex|Chilling Neigh|boost\n|-boost|p2a: Calyrex|atk|1\n|move|p2b: Smeargle|Decorate|p2a: Calyrex\n|-boost|p2a: Calyrex|atk|2\n|-boost|p2a: Calyrex|spa|2\n|move|p1a: Arkenstone|Sludge Bomb|p2a: Calyrex\n|-damage|p2a: Calyrex|8\/100 par\n|\n|upkeep\n|\n|t:|1739975544\n|switch|p1b: Incycoso|Incineroar, L50, M|100\/100\n|-ability|p1b: Incycoso|Intimidate|boost\n|-fail|p2a: Calyrex|unboost|[from] item: Clear Amulet|[of] p2a: Calyrex\n|-fail|p2b: Smeargle|unboost|Attack|[from] ability: Own Tempo|[of] p2b: Smeargle\n|turn|4\n|\n|t:|1739975556\n|switch|p2b: Farigiraf|Farigiraf, L50, M, shiny|100\/100\n|-status|p2b: Farigiraf|psn\n|move|p2a: Calyrex|High Horsepower|p1b: Incycoso\n|-supereffective|p1b: Incycoso\n|-damage|p1b: Incycoso|0 fnt\n|faint|p1b: Incycoso\n|-ability|p2a: Calyrex|Chilling Neigh|boost\n|-boost|p2a: Calyrex|atk|1\n|move|p1a: Arkenstone|Power Gem|p2b: Farigiraf\n|-damage|p2b: Farigiraf|51\/100 psn\n|\n|-damage|p2b: Farigiraf|39\/100 psn|[from] psn\n|upkeep\n|\n|t:|1739975569\n|switch|p1b: GiratinacoiPiedini|Giratina, L50|100\/100\n|-ability|p1b: GiratinacoiPiedini|Pressure\n|turn|5\n|\n|t:|1739975577\n|move|p1b: GiratinacoiPiedini|Protect|p1b: GiratinacoiPiedini\n|-singleturn|p1b: GiratinacoiPiedini|Protect\n|move|p1a: Arkenstone|Spiky Shield|p1a: Arkenstone\n|-singleturn|p1a: Arkenstone|move: Protect\n|move|p2a: Calyrex|Trick Room|p2a: Calyrex\n|-fieldend|move: Trick Room\n|move|p2b: Farigiraf|Trick Room|p2b: Farigiraf\n|-fieldstart|move: Trick Room|[of] p2b: Farigiraf\n|\n|-damage|p2b: Farigiraf|26\/100 psn|[from] psn\n|upkeep\n|turn|6\n|\n|t:|1739975597\n|-terastallize|p1b: GiratinacoiPiedini|Fairy\n|move|p2b: Farigiraf|Helping Hand|p2a: Calyrex\n|-singleturn|p2a: Calyrex|Helping Hand|[of] p2b: Farigiraf\n|move|p2a: Calyrex|Glacial Lance|p1b: GiratinacoiPiedini|[spread] p1a,p1b\n|-damage|p1a: Arkenstone|0 fnt\n|-damage|p1b: GiratinacoiPiedini|0 fnt\n|-activate|p1a: Arkenstone|ability: Toxic Debris\n|-sidestart|p2: Yung Trav|move: Toxic Spikes\n|faint|p1a: Arkenstone\n|faint|p1b: GiratinacoiPiedini\n|\n|win|Yung Trav\n|raw|Has_Perry's rating: 1581 &rarr; <strong>1563<\/strong><br \/>(-18 for losing)\n|raw|Yung Trav's rating: 1620 &rarr; <strong>1638<\/strong><br \/>(+18 for winning)\n|l|\u2606Has_Perry\n|player|p1|\n|l|\u2606Yung Trav\n|player|p2|\n","uploadtime":1739975856,"views":15,"formatid":"gen9vgc2025regg","rating":1563,"private":0,"password":null}