{"id":"gen9vgc2025regg-2303748243","format":"[Gen 9] VGC 2025 Reg G","players":["pentagonSG","ok3rd"],"log":"|j|\u2606pentagonSG\n|j|\u2606ok3rd\n|t:|1739970652\n|gametype|doubles\n|player|p1|pentagonSG|170|1639\n|player|p2|ok3rd|lillie-z|1697\n|teamsize|p1|6\n|teamsize|p2|6\n|gen|9\n|tier|[Gen 9] VGC 2025 Reg G\n|rated|\n|rule|Species Clause: Limit one of each Pok\u00e9mon\n|rule|Item Clause: Limit 1 of each item\n|clearpoke\n|poke|p1|Volcarona, L50, F|\n|poke|p1|Miraidon, L50|\n|poke|p1|Grimmsnarl, L50, M|\n|poke|p1|Okidogi, L50, M|\n|poke|p1|Iron Hands, L50|\n|poke|p1|Dusclops, L50, M|\n|poke|p2|Raging Bolt, L50|\n|poke|p2|Miraidon, L50|\n|poke|p2|Ogerpon-Hearthflame, L50, F|\n|poke|p2|Torkoal, L50, M|\n|poke|p2|Farigiraf, L50, F|\n|poke|p2|Ursaluna, L50, F|\n|teampreview|4\n|inactive|Battle timer is ON: inactive players will automatically lose when time's up. (requested by ok3rd)\n|inactive|ok3rd has 60 seconds left.\n|\n|t:|1739970701\n|start\n|switch|p1a: Miraidon|Miraidon, L50|100\/100\n|switch|p1b: Grimmsnarl|Grimmsnarl, L50, M|100\/100\n|switch|p2a: Miraidon|Miraidon, L50|100\/100\n|switch|p2b: Farigiraf|Farigiraf, L50, F|100\/100\n|-fieldstart|move: Electric Terrain|[from] ability: Hadron Engine|[of] p2a: Miraidon\n|-enditem|p2b: Farigiraf|Electric Seed\n|-boost|p2b: Farigiraf|def|1|[from] item: Electric Seed\n|-activate|p1a: Miraidon|ability: Hadron Engine\n|turn|1\n|\n|t:|1739970722\n|move|p2b: Farigiraf|Helping Hand|p2a: Miraidon\n|-singleturn|p2a: Miraidon|Helping Hand|[of] p2b: Farigiraf\n|move|p1b: Grimmsnarl|Light Screen|p1b: Grimmsnarl\n|-sidestart|p1: pentagonSG|move: Light Screen\n|move|p2a: Miraidon|Electro Drift|p1a: Miraidon\n|-resisted|p1a: Miraidon\n|-damage|p1a: Miraidon|70\/100\n|move|p1a: Miraidon|Volt Switch|p2b: Farigiraf\n|-damage|p2b: Farigiraf|13\/100\n|\n|t:|1739970734\n|switch|p1a: Volcarona|Volcarona, L50, F|100\/100|[from] Volt Switch\n|-enditem|p1a: Volcarona|Electric Seed\n|-boost|p1a: Volcarona|def|1|[from] item: Electric Seed\n|\n|upkeep\n|turn|2\n|\n|t:|1739970745\n|-terastallize|p1a: Volcarona|Grass\n|move|p2b: Farigiraf|Helping Hand|p2a: Miraidon\n|-singleturn|p2a: Miraidon|Helping Hand|[of] p2b: Farigiraf\n|move|p2a: Miraidon|Electro Drift|p1a: Volcarona\n|-resisted|p1a: Volcarona\n|-crit|p1a: Volcarona\n|-damage|p1a: Volcarona|0 fnt\n|faint|p1a: Volcarona\n|move|p1b: Grimmsnarl|Spirit Break|p2b: Farigiraf\n|-damage|p2b: Farigiraf|0 fnt\n|faint|p2b: Farigiraf\n|\n|upkeep\n|\n|t:|1739970764\n|switch|p1a: Iron Hands|Iron Hands, L50|100\/100\n|switch|p2b: Raging Bolt|Raging Bolt, L50|100\/100\n|-activate|p1a: Iron Hands|ability: Quark Drive\n|-start|p1a: Iron Hands|quarkdriveatk\n|turn|3\n|inactive|ok3rd has 30 seconds left.\n|inactive|ok3rd has 20 seconds left.\n|\n|t:|1739970799\n|switch|p2a: Ursaluna|Ursaluna, L50, F|100\/100\n|move|p2b: Raging Bolt|Rising Voltage|p1b: Grimmsnarl\n|-hint|Rising Voltage's BP doubled on grounded target.\n|-damage|p1b: Grimmsnarl|25\/100\n|-damage|p2b: Raging Bolt|91\/100|[from] item: Life Orb\n|move|p1b: Grimmsnarl|Spirit Break|p2b: Raging Bolt\n|-supereffective|p2b: Raging Bolt\n|-damage|p2b: Raging Bolt|40\/100\n|-unboost|p2b: Raging Bolt|spa|1\n|move|p1a: Iron Hands|Drain Punch|p2b: Raging Bolt\n|-damage|p2b: Raging Bolt|0 fnt\n|faint|p2b: Raging Bolt\n|-end|p2b: Raging Bolt|Protosynthesis|[silent]\n|\n|-status|p2a: Ursaluna|brn|[from] item: Flame Orb\n|upkeep\n|\n|t:|1739970802\n|switch|p2b: Miraidon|Miraidon, L50|100\/100\n|-activate|p2b: Miraidon|ability: Hadron Engine\n|turn|4\n|j| 2-2-2 Ape\n|\n|t:|1739970826\n|-terastallize|p2a: Ursaluna|Ghost\n|move|p1a: Iron Hands|Detect|p1a: Iron Hands\n|-singleturn|p1a: Iron Hands|Protect\n|move|p1b: Grimmsnarl|Reflect|p1b: Grimmsnarl\n|-sidestart|p1: pentagonSG|Reflect\n|move|p2b: Miraidon|Electro Drift|p1b: Grimmsnarl\n|-damage|p1b: Grimmsnarl|0 fnt\n|faint|p1b: Grimmsnarl\n|move|p2a: Ursaluna|Headlong Rush|p1a: Iron Hands\n|-activate|p1a: Iron Hands|move: Protect\n|\n|-damage|p2a: Ursaluna|95\/100 brn|[from] brn\n|upkeep\n|l| 2-2-2 Ape\n|\n|t:|1739970841\n|switch|p1b: Miraidon|Miraidon, L50|70\/100\n|-activate|p1b: Miraidon|ability: Hadron Engine\n|turn|5\n|\n|t:|1739970851\n|move|p2b: Miraidon|Electro Drift|p1b: Miraidon\n|-resisted|p1b: Miraidon\n|-damage|p1b: Miraidon|50\/100\n|move|p1b: Miraidon|Dazzling Gleam|p2b: Miraidon|[spread] p2a,p2b\n|-supereffective|p2b: Miraidon\n|-damage|p2a: Ursaluna|59\/100 brn\n|-damage|p2b: Miraidon|19\/100\n|move|p1a: Iron Hands|Drain Punch|p2b: Miraidon\n|-damage|p2b: Miraidon|0 fnt\n|faint|p2b: Miraidon\n|move|p2a: Ursaluna|Earthquake|p1a: Iron Hands|[spread] p1a,p1b\n|-supereffective|p1a: Iron Hands\n|-supereffective|p1b: Miraidon\n|-damage|p1a: Iron Hands|41\/100\n|-damage|p1b: Miraidon|0 fnt\n|faint|p1b: Miraidon\n|\n|-damage|p2a: Ursaluna|53\/100 brn|[from] brn\n|-fieldend|move: Electric Terrain\n|-end|p1a: Iron Hands|Quark Drive\n|upkeep\n|turn|6\n|j| paradoxguardiola\n|\n|t:|1739970871\n|move|p1a: Iron Hands|Detect|p1a: Iron Hands\n|-singleturn|p1a: Iron Hands|Protect\n|move|p2a: Ursaluna|Headlong Rush|p1a: Iron Hands\n|-activate|p1a: Iron Hands|move: Protect\n|\n|-damage|p2a: Ursaluna|47\/100 brn|[from] brn\n|upkeep\n|turn|7\n|\n|t:|1739970879\n|move|p1a: Iron Hands|Rock Slide|p2a: Ursaluna\n|-damage|p2a: Ursaluna|24\/100 brn\n|move|p2a: Ursaluna|Headlong Rush|p1a: Iron Hands\n|-supereffective|p1a: Iron Hands\n|-damage|p1a: Iron Hands|0 fnt\n|-unboost|p2a: Ursaluna|def|1\n|-unboost|p2a: Ursaluna|spd|1\n|faint|p1a: Iron Hands\n|-end|p1a: Iron Hands|Quark Drive|[silent]\n|\n|win|ok3rd\n|raw|pentagonSG's rating: 1639 &rarr; <strong>1622<\/strong><br \/>(-17 for losing)\n|raw|ok3rd's rating: 1697 &rarr; <strong>1714<\/strong><br \/>(+17 for winning)\n|l|\u2606pentagonSG\n|player|p1|\n|l|\u2606ok3rd\n|player|p2|\n|l| paradoxguardiola\n","uploadtime":1739971099,"views":5,"formatid":"gen9vgc2025regg","rating":1622,"private":0,"password":null}