{"id":"gen9vgc2025regg-2303317390","format":"[Gen 9] VGC 2025 Reg G","players":["RICHARDHAVOC","Daleg"],"log":"|j|\u2606RICHARDHAVOC\n|j|\u2606Daleg\n|t:|1739908883\n|gametype|doubles\n|player|p1|RICHARDHAVOC|brycen|1607\n|player|p2|Daleg|266|1701\n|teamsize|p1|6\n|teamsize|p2|6\n|gen|9\n|tier|[Gen 9] VGC 2025 Reg G\n|rated|\n|rule|Species Clause: Limit one of each Pok\u00e9mon\n|rule|Item Clause: Limit 1 of each item\n|clearpoke\n|poke|p1|Zamazenta-*, L50|\n|poke|p1|Chien-Pao, L50|\n|poke|p1|Flutter Mane, L50|\n|poke|p1|Volcarona, L50, M|\n|poke|p1|Grimmsnarl, L50, M|\n|poke|p1|Rillaboom, L50, M|\n|poke|p2|Zamazenta-*, L50|\n|poke|p2|Amoonguss, L50, M|\n|poke|p2|Chien-Pao, L50|\n|poke|p2|Flutter Mane, L50|\n|poke|p2|Rillaboom, L50, F|\n|poke|p2|Dragonite, L50, M|\n|teampreview|4\n|j| 1nicc5\n|\n|t:|1739908990\n|start\n|switch|p1a: Volcarona|Volcarona, L50, M, shiny|100\/100\n|switch|p1b: Grimmsnarl|Grimmsnarl, L50, M, shiny|100\/100\n|switch|p2a: Dragonite|Dragonite, L50, M|100\/100\n|switch|p2b: Flutter Mane|Flutter Mane, L50|100\/100\n|turn|1\n|inactive|Battle timer is ON: inactive players will automatically lose when time's up. (requested by Daleg)\n|\n|t:|1739909006\n|move|p1a: Volcarona|Protect|p1a: Volcarona\n|-singleturn|p1a: Volcarona|Protect\n|move|p1b: Grimmsnarl|Reflect|p1b: Grimmsnarl\n|-sidestart|p1: RICHARDHAVOC|Reflect\n|move|p2b: Flutter Mane|Moonblast|p1b: Grimmsnarl\n|-supereffective|p1b: Grimmsnarl\n|-damage|p1b: Grimmsnarl|0 fnt\n|faint|p1b: Grimmsnarl\n|move|p2a: Dragonite|Stone Edge|p1a: Volcarona\n|-activate|p1a: Volcarona|move: Protect\n|\n|upkeep\n|\n|t:|1739909015\n|switch|p1b: Zamazenta|Zamazenta-Crowned, L50, shiny|100\/100\n|-ability|p1b: Zamazenta|Dauntless Shield|boost\n|-boost|p1b: Zamazenta|def|1\n|turn|2\n|\n|t:|1739909023\n|-terastallize|p2b: Flutter Mane|Fire\n|-terastallize|p1a: Volcarona|Grass\n|move|p2b: Flutter Mane|Moonblast|p1b: Zamazenta\n|-damage|p1b: Zamazenta|47\/100\n|move|p1b: Zamazenta|Behemoth Bash|p2b: Flutter Mane\n|-resisted|p2b: Flutter Mane\n|-damage|p2b: Flutter Mane|71\/100\n|move|p1a: Volcarona|Quiver Dance|p1a: Volcarona\n|-boost|p1a: Volcarona|spa|1\n|-boost|p1a: Volcarona|spd|1\n|-boost|p1a: Volcarona|spe|1\n|move|p2a: Dragonite|Stone Edge|p1a: Volcarona\n|-damage|p1a: Volcarona|65\/100\n|\n|upkeep\n|turn|3\n|inactive|Daleg has 30 seconds left.\n|\n|t:|1739909058\n|move|p1b: Zamazenta|Protect|p1b: Zamazenta\n|-singleturn|p1b: Zamazenta|Protect\n|move|p1a: Volcarona|Quiver Dance|p1a: Volcarona\n|-boost|p1a: Volcarona|spa|1\n|-boost|p1a: Volcarona|spd|1\n|-boost|p1a: Volcarona|spe|1\n|move|p2b: Flutter Mane|Moonblast|p1b: Zamazenta\n|-activate|p1b: Zamazenta|move: Protect\n|move|p2a: Dragonite|Stone Edge|p1a: Volcarona\n|-damage|p1a: Volcarona|31\/100\n|-enditem|p1a: Volcarona|Sitrus Berry|[eat]\n|-heal|p1a: Volcarona|55\/100|[from] item: Sitrus Berry\n|\n|upkeep\n|turn|4\n|\n|t:|1739909074\n|move|p1a: Volcarona|Giga Drain|p2b: Flutter Mane\n|-resisted|p2b: Flutter Mane\n|-damage|p2b: Flutter Mane|37\/100\n|-heal|p1a: Volcarona|69\/100|[from] drain|[of] p2b: Flutter Mane\n|move|p2b: Flutter Mane|Moonblast|p1b: Zamazenta\n|-damage|p1b: Zamazenta|0 fnt\n|faint|p1b: Zamazenta\n|move|p2a: Dragonite|Stone Edge|p1a: Volcarona\n|-damage|p1a: Volcarona|35\/100\n|\n|upkeep\n|\n|t:|1739909081\n|switch|p1b: Chien-Pao|Chien-Pao, L50|100\/100\n|-ability|p1b: Chien-Pao|Sword of Ruin\n|turn|5\n|inactive|RICHARDHAVOC has 30 seconds left.\n|inactive|Daleg has 30 seconds left.\n|inactive|Daleg has 20 seconds left.\n|\n|t:|1739909118\n|switch|p2a: Zamazenta|Zamazenta-Crowned, L50|100\/100\n|-ability|p2a: Zamazenta|Dauntless Shield|boost\n|-boost|p2a: Zamazenta|def|1\n|move|p1a: Volcarona|Giga Drain|p2b: Flutter Mane\n|-resisted|p2b: Flutter Mane\n|-damage|p2b: Flutter Mane|9\/100\n|-heal|p1a: Volcarona|47\/100|[from] drain|[of] p2b: Flutter Mane\n|move|p1b: Chien-Pao|Icicle Crash|p2a: Zamazenta\n|-resisted|p2a: Zamazenta\n|-crit|p2a: Zamazenta\n|-damage|p2a: Zamazenta|76\/100\n|move|p2b: Flutter Mane|Moonblast|p1b: Chien-Pao\n|-supereffective|p1b: Chien-Pao\n|-enditem|p1b: Chien-Pao|Focus Sash\n|-damage|p1b: Chien-Pao|1\/100\n|-unboost|p1b: Chien-Pao|spa|1\n|\n|upkeep\n|turn|6\n|inactive|Daleg has 30 seconds left.\n|inactive|Daleg has 20 seconds left.\n|inactive|Daleg has 15 seconds left.\n|\n|t:|1739909159\n|switch|p2a: Dragonite|Dragonite, L50, M|100\/100\n|move|p1a: Volcarona|Fiery Dance|p2a: Dragonite\n|-resisted|p2a: Dragonite\n|-damage|p2a: Dragonite|66\/100\n|move|p1b: Chien-Pao|Icicle Crash|p2b: Flutter Mane\n|-resisted|p2b: Flutter Mane\n|-damage|p2b: Flutter Mane|0 fnt\n|faint|p2b: Flutter Mane\n|-end|p2b: Flutter Mane|Protosynthesis|[silent]\n|\n|upkeep\n|\n|t:|1739909184\n|switch|p2b: Amoonguss|Amoonguss, L50, M|100\/100\n|turn|7\n|inactive|Daleg has 30 seconds left.\n|\n|t:|1739909212\n|move|p2a: Dragonite|Extreme Speed|p1b: Chien-Pao\n|-damage|p1b: Chien-Pao|0 fnt\n|faint|p1b: Chien-Pao\n|move|p1a: Volcarona|Fiery Dance|p2b: Amoonguss\n|-supereffective|p2b: Amoonguss\n|-damage|p2b: Amoonguss|0 fnt\n|-boost|p1a: Volcarona|spa|1\n|faint|p2b: Amoonguss\n|\n|upkeep\n|\n|t:|1739909218\n|switch|p2b: Zamazenta|Zamazenta-Crowned, L50|76\/100\n|turn|8\n|inactive|RICHARDHAVOC has 30 seconds left.\n|\n|t:|1739909244\n|move|p2a: Dragonite|Extreme Speed|p1a: Volcarona\n|-damage|p1a: Volcarona|17\/100\n|move|p1a: Volcarona|Fiery Dance|p2b: Zamazenta\n|-supereffective|p2b: Zamazenta\n|-damage|p2b: Zamazenta|0 fnt\n|-boost|p1a: Volcarona|spa|1\n|faint|p2b: Zamazenta\n|\n|-sideend|p1: RICHARDHAVOC|Reflect\n|upkeep\n|turn|9\n|\n|t:|1739909256\n|move|p2a: Dragonite|Extreme Speed|p1a: Volcarona\n|-damage|p1a: Volcarona|0 fnt\n|faint|p1a: Volcarona\n|\n|win|Daleg\n|raw|RICHARDHAVOC's rating: 1607 &rarr; <strong>1592<\/strong><br \/>(-15 for losing)\n|raw|Daleg's rating: 1701 &rarr; <strong>1716<\/strong><br \/>(+15 for winning)\n|l| 1nicc5\n|l|\u2606RICHARDHAVOC\n|player|p1|\n|l|\u2606Daleg\n|player|p2|\n","uploadtime":1739909511,"views":5,"formatid":"gen9vgc2025regg","rating":1592,"private":0,"password":null}