{"id":"gen9vgc2025regg-2303584696","format":"[Gen 9] VGC 2025 Reg G","players":["sibylla_system","zhz2021"],"log":"|j|\u2606sibylla_system\n|j|\u2606zhz2021\n|t:|1739941685\n|gametype|doubles\n|player|p1|sibylla_system|101|1572\n|player|p2|zhz2021|marley|1633\n|teamsize|p1|6\n|teamsize|p2|6\n|gen|9\n|tier|[Gen 9] VGC 2025 Reg G\n|rated|\n|rule|Species Clause: Limit one of each Pok\u00e9mon\n|rule|Item Clause: Limit 1 of each item\n|clearpoke\n|poke|p1|Calyrex-Ice, L50|\n|poke|p1|Raging Bolt, L50|\n|poke|p1|Landorus, L50, M|\n|poke|p1|Urshifu-*, L50, M|\n|poke|p1|Incineroar, L50, F|\n|poke|p1|Amoonguss, L50, M|\n|poke|p2|Smeargle, L50, M|\n|poke|p2|Urshifu-*, L50, F|\n|poke|p2|Bruxish, L50, F|\n|poke|p2|Calyrex-Ice, L50|\n|poke|p2|Tornadus, L50, M|\n|poke|p2|Weezing-Galar, L50, M|\n|teampreview|4\n|\n|t:|1739941723\n|start\n|switch|p1a: Amoonguss|Amoonguss, L50, M|100\/100\n|switch|p1b: Urshifu|Urshifu-Rapid-Strike, L50, M|100\/100\n|switch|p2a: Tornadus|Tornadus, L50, M|100\/100\n|switch|p2b: Calyrex|Calyrex-Ice, L50|100\/100\n|-ability|p2b: Calyrex|As One\n|-ability|p2b: Calyrex|Unnerve\n|turn|1\n|\n|t:|1739941743\n|switch|p2b: Weezing|Weezing-Galar, L50, M|100\/100\n|-fieldstart|move: Misty Terrain|[from] ability: Misty Surge|[of] p2b: Weezing\n|-terastallize|p1a: Amoonguss|Normal\n|move|p2a: Tornadus|Bleakwind Storm|p1b: Urshifu|[spread] p1a,p1b\n|-supereffective|p1b: Urshifu\n|-damage|p1a: Amoonguss|72\/100\n|-damage|p1b: Urshifu|0 fnt\n|faint|p1b: Urshifu\n|move|p1a: Amoonguss|Spore|p2b: Weezing\n|-activate|p2b: Weezing|move: Misty Terrain\n|\n|upkeep\n|\n|t:|1739941756\n|switch|p1b: Calyrex|Calyrex-Ice, L50|100\/100\n|-ability|p1b: Calyrex|As One\n|-ability|p1b: Calyrex|Unnerve\n|turn|2\n|j| Rabbihorn\n|\n|t:|1739941779\n|move|p1b: Calyrex|Protect|p1b: Calyrex\n|-singleturn|p1b: Calyrex|Protect\n|move|p2a: Tornadus|Bleakwind Storm|p1b: Calyrex|[spread] p1a\n|-activate|p1b: Calyrex|move: Protect\n|-damage|p1a: Amoonguss|44\/100\n|-unboost|p1a: Amoonguss|spe|1\n|move|p2b: Weezing|Strange Steam|p1a: Amoonguss\n|-damage|p1a: Amoonguss|13\/100\n|-damage|p2b: Weezing|91\/100|[from] item: Life Orb\n|move|p1a: Amoonguss|Spore|p2a: Tornadus\n|-status|p2a: Tornadus|slp|[from] move: Spore\n|\n|upkeep\n|turn|3\n|\n|t:|1739941804\n|switch|p1a: Incineroar|Incineroar, L50, F|100\/100\n|-ability|p1a: Incineroar|Intimidate|boost\n|-unboost|p2a: Tornadus|atk|1\n|-unboost|p2b: Weezing|atk|1\n|cant|p2a: Tornadus|slp\n|move|p1b: Calyrex|Glacial Lance|p2a: Tornadus|[spread] p2a,p2b\n|-supereffective|p2a: Tornadus\n|-damage|p2a: Tornadus|0 fnt\n|-damage|p2b: Weezing|34\/100\n|faint|p2a: Tornadus\n|-ability|p1b: Calyrex|Chilling Neigh|boost\n|-boost|p1b: Calyrex|atk|1\n|move|p2b: Weezing|Fire Blast|p1b: Calyrex\n|-supereffective|p1b: Calyrex\n|-damage|p1b: Calyrex|40\/100\n|-damage|p2b: Weezing|25\/100|[from] item: Life Orb\n|\n|upkeep\n|\n|t:|1739941811\n|switch|p2a: Calyrex|Calyrex-Ice, L50|100\/100\n|-ability|p2a: Calyrex|As One\n|-ability|p2a: Calyrex|Unnerve\n|turn|4\n|\n|t:|1739941830\n|move|p1a: Incineroar|Fake Out|p2a: Calyrex\n|-damage|p2a: Calyrex|93\/100\n|cant|p2a: Calyrex|flinch\n|move|p1b: Calyrex|Glacial Lance|p2a: Calyrex|[spread] p2a,p2b\n|-resisted|p2a: Calyrex\n|-damage|p2a: Calyrex|64\/100\n|-damage|p2b: Weezing|0 fnt\n|faint|p2b: Weezing\n|-ability|p1b: Calyrex|Chilling Neigh|boost\n|-boost|p1b: Calyrex|atk|1\n|\n|upkeep\n|\n|t:|1739941833\n|switch|p2b: Urshifu|Urshifu, L50, F|100\/100\n|turn|5\n|\n|t:|1739941856\n|-terastallize|p2a: Calyrex|Fire\n|move|p2b: Urshifu|Close Combat|p1a: Incineroar\n|-supereffective|p1a: Incineroar\n|-damage|p1a: Incineroar|0 fnt\n|-unboost|p2b: Urshifu|def|1\n|-unboost|p2b: Urshifu|spd|1\n|-damage|p2b: Urshifu|84\/100|[from] item: Rocky Helmet|[of] p1a: Incineroar\n|faint|p1a: Incineroar\n|move|p2a: Calyrex|Imprison|p2a: Calyrex\n|-start|p2a: Calyrex|move: Imprison\n|cant|p1b: Calyrex|move: Imprison|Glacial Lance\n|\n|-fieldend|Misty Terrain\n|upkeep\n|-message|sibylla_system forfeited.\n|\n|win|zhz2021\n|raw|sibylla_system's rating: 1572 &rarr; <strong>1556<\/strong><br \/>(-16 for losing)\n|raw|zhz2021's rating: 1646 &rarr; <strong>1662<\/strong><br \/>(+16 for winning)\n|l|\u2606zhz2021\n|player|p2|\n","uploadtime":1739941870,"views":5,"formatid":"gen9vgc2025regg","rating":1556,"private":0,"password":null}