{"id":"gen9vgc2025regg-2303440161","format":"[Gen 9] VGC 2025 Reg G","players":["Imicrowavecookies","Jetshavel"],"log":"|j|\u2606Imicrowavecookies\n|j|\u2606Jetshavel\n|t:|1739922034\n|gametype|doubles\n|player|p1|Imicrowavecookies|lucas|1626\n|player|p2|Jetshavel|2|1590\n|teamsize|p1|6\n|teamsize|p2|6\n|gen|9\n|tier|[Gen 9] VGC 2025 Reg G\n|rated|\n|rule|Species Clause: Limit one of each Pok\u00e9mon\n|rule|Item Clause: Limit 1 of each item\n|clearpoke\n|poke|p1|Urshifu-*, L50, M|\n|poke|p1|Iron Moth, L50|\n|poke|p1|Zacian-*, L50|\n|poke|p1|Rillaboom, L50, M|\n|poke|p1|Ogerpon-Cornerstone, L50, F|\n|poke|p1|Farigiraf, L50, M|\n|poke|p2|Calyrex-Ice, L50|\n|poke|p2|Landorus, L50, M|\n|poke|p2|Amoonguss, L50, M|\n|poke|p2|Urshifu-*, L50, F|\n|poke|p2|Roaring Moon, L50|\n|poke|p2|Ogerpon-Hearthflame, L50, F|\n|teampreview|4\n|inactive|Battle timer is ON: inactive players will automatically lose when time's up. (requested by Imicrowavecookies)\n|inactive|Imicrowavecookies has 60 seconds left.\n|inactive|Jetshavel has 60 seconds left.\n|\n|t:|1739922080\n|start\n|switch|p1a: Ogerpon|Ogerpon-Cornerstone, L50, F|100\/100\n|switch|p1b: Zacian|Zacian-Crowned, L50|100\/100\n|switch|p2a: Urshifu|Urshifu-Rapid-Strike, L50, F|100\/100\n|switch|p2b: Ogerpon|Ogerpon-Hearthflame, L50, F|100\/100\n|-ability|p1b: Zacian|Intrepid Sword|boost\n|-boost|p1b: Zacian|atk|1\n|-ability|p2b: Ogerpon|Mold Breaker\n|turn|1\n|\n|t:|1739922106\n|move|p1b: Zacian|Protect|p1b: Zacian\n|-singleturn|p1b: Zacian|Protect\n|move|p2b: Ogerpon|Follow Me|p2b: Ogerpon\n|-singleturn|p2b: Ogerpon|move: Follow Me\n|move|p1a: Ogerpon|Ivy Cudgel|p2b: Ogerpon|[anim] Ivy Cudgel Rock\n|-supereffective|p2b: Ogerpon\n|-crit|p2b: Ogerpon\n|-damage|p2b: Ogerpon|0 fnt\n|faint|p2b: Ogerpon\n|move|p2a: Urshifu|Surging Strikes|p1a: Ogerpon\n|-crit|p1a: Ogerpon\n|-damage|p1a: Ogerpon|73\/100\n|-crit|p1a: Ogerpon\n|-damage|p1a: Ogerpon|45\/100\n|-crit|p1a: Ogerpon\n|-damage|p1a: Ogerpon|17\/100\n|-hitcount|p1a: Ogerpon|3\n|\n|upkeep\n|\n|t:|1739922115\n|switch|p2b: Roaring Moon|Roaring Moon, L50|100\/100\n|-enditem|p2b: Roaring Moon|Booster Energy\n|-activate|p2b: Roaring Moon|ability: Protosynthesis|[fromitem]\n|-start|p2b: Roaring Moon|protosynthesisspe\n|turn|2\n|inactive|Imicrowavecookies has 30 seconds left.\n|\n|t:|1739922148\n|-terastallize|p2a: Urshifu|Water\n|move|p2b: Roaring Moon|Knock Off|p1a: Ogerpon\n|-damage|p1a: Ogerpon|0 fnt\n|faint|p1a: Ogerpon\n|move|p1b: Zacian|Sacred Sword|p2a: Urshifu\n|-damage|p2a: Urshifu|58\/100\n|move|p2a: Urshifu|Surging Strikes|p1b: Zacian\n|-crit|p1b: Zacian\n|-damage|p1b: Zacian|72\/100\n|-crit|p1b: Zacian\n|-damage|p1b: Zacian|40\/100\n|-crit|p1b: Zacian\n|-damage|p1b: Zacian|9\/100\n|-hitcount|p1b: Zacian|3\n|\n|upkeep\n|\n|t:|1739922157\n|switch|p1a: Iron Moth|Iron Moth, L50|100\/100\n|-enditem|p1a: Iron Moth|Booster Energy\n|-activate|p1a: Iron Moth|ability: Quark Drive|[fromitem]\n|-start|p1a: Iron Moth|quarkdrivespe\n|turn|3\n|j| Easy180\n|inactive|Jetshavel has 30 seconds left.\n|inactive|Imicrowavecookies has 30 seconds left.\n|\n|t:|1739922191\n|-terastallize|p1a: Iron Moth|Fairy\n|move|p2b: Roaring Moon|Knock Off|p1b: Zacian\n|-resisted|p1b: Zacian\n|-damage|p1b: Zacian|0 fnt\n|faint|p1b: Zacian\n|move|p1a: Iron Moth|Dazzling Gleam|p2b: Roaring Moon|[spread] p2a,p2b\n|-supereffective|p2b: Roaring Moon\n|-crit|p2b: Roaring Moon\n|-damage|p2a: Urshifu|17\/100\n|-damage|p2b: Roaring Moon|0 fnt\n|faint|p2b: Roaring Moon\n|-end|p2b: Roaring Moon|Protosynthesis|[silent]\n|move|p2a: Urshifu|Surging Strikes|p1a: Iron Moth\n|-crit|p1a: Iron Moth\n|-damage|p1a: Iron Moth|58\/100\n|-crit|p1a: Iron Moth\n|-damage|p1a: Iron Moth|10\/100\n|-crit|p1a: Iron Moth\n|-damage|p1a: Iron Moth|0 fnt\n|faint|p1a: Iron Moth\n|-end|p1a: Iron Moth|Quark Drive|[silent]\n|-hitcount|p1: Iron Moth|3\n|\n|upkeep\n|\n|t:|1739922199\n|switch|p1b: Urshifu|Urshifu, L50, M|100\/100\n|switch|p2b: Calyrex|Calyrex-Ice, L50|100\/100\n|-ability|p2b: Calyrex|As One\n|-ability|p2b: Calyrex|Unnerve\n|turn|4\n|\n|t:|1739922207\n|move|p1b: Urshifu|Sucker Punch|p2a: Urshifu\n|-damage|p2a: Urshifu|0 fnt\n|faint|p2a: Urshifu\n|move|p2b: Calyrex|Glacial Lance|p1b: Urshifu\n|-damage|p1b: Urshifu|31\/100\n|\n|upkeep\n|turn|5\n|\n|t:|1739922211\n|move|p1b: Urshifu|Wicked Blow|p2b: Calyrex\n|-supereffective|p2b: Calyrex\n|-crit|p2b: Calyrex\n|-damage|p2b: Calyrex|22\/100\n|move|p2b: Calyrex|Glacial Lance|p1b: Urshifu\n|-damage|p1b: Urshifu|0 fnt\n|faint|p1b: Urshifu\n|\n|win|Jetshavel\n|raw|Imicrowavecookies's rating: 1626 &rarr; <strong>1604<\/strong><br \/>(-22 for losing)\n|raw|Jetshavel's rating: 1590 &rarr; <strong>1612<\/strong><br \/>(+22 for winning)\n|l|\u2606Imicrowavecookies\n|player|p1|\n|l|\u2606Jetshavel\n|player|p2|\n","uploadtime":1739922388,"views":7,"formatid":"gen9vgc2025regg","rating":1604,"private":0,"password":null}