{"id":"gen9vgc2025regg-2303106029","format":"[Gen 9] VGC 2025 Reg G","players":["ryanplaytv","Himmafridge"],"log":"|j|\u2606ryanplaytv\n|j|\u2606Himmafridge\n|t:|1739887610\n|gametype|doubles\n|player|p1|ryanplaytv|hiker-gen4|1590\n|player|p2|Himmafridge|steven|1509\n|teamsize|p1|6\n|teamsize|p2|6\n|gen|9\n|tier|[Gen 9] VGC 2025 Reg G\n|rated|\n|rule|Species Clause: Limit one of each Pok\u00e9mon\n|rule|Item Clause: Limit 1 of each item\n|clearpoke\n|poke|p1|Miraidon, L50|\n|poke|p1|Dondozo, L50, M|\n|poke|p1|Tatsugiri, L50, F|\n|poke|p1|Dragonite, L50, M|\n|poke|p1|Gholdengo, L50|\n|poke|p1|Chi-Yu, L50|\n|poke|p2|Iron Hands, L50|\n|poke|p2|Miraidon, L50|\n|poke|p2|Whimsicott, L50, F|\n|poke|p2|Farigiraf, L50, M|\n|poke|p2|Urshifu-*, L50, F|\n|poke|p2|Ogerpon-Hearthflame, L50, F|\n|teampreview|4\nHimmafridge has agreed to open team sheets.\n|\n|t:|1739887667\n|start\n|switch|p1a: Gholdengo|Gholdengo, L50|100\/100\n|switch|p1b: Dondozo|Dondozo, L50, M|100\/100\n|switch|p2a: Whimsicott|Whimsicott, L50, F, shiny|100\/100\n|switch|p2b: Miraidon|Miraidon, L50|100\/100\n|-fieldstart|move: Electric Terrain|[from] ability: Hadron Engine|[of] p2b: Miraidon\n|turn|1\n|j| Reverie Jr.\n|\n|t:|1739887682\n|-terastallize|p1a: Gholdengo|Ground\n|move|p1b: Dondozo|Protect|p1b: Dondozo\n|-singleturn|p1b: Dondozo|Protect\n|move|p2a: Whimsicott|Light Screen|p2a: Whimsicott\n|-sidestart|p2: Himmafridge|move: Light Screen\n|move|p2b: Miraidon|Volt Switch|p1b: Dondozo\n|-activate|p1b: Dondozo|move: Protect\n|move|p1a: Gholdengo|Tera Blast|p2b: Miraidon|[anim] Tera Blast Ground\n|-supereffective|p2b: Miraidon\n|-damage|p2b: Miraidon|34\/100\n|\n|upkeep\n|turn|2\n|\n|t:|1739887706\n|switch|p1a: Tatsugiri|Tatsugiri, L50, F|100\/100\n|-activate|p1a: Tatsugiri|ability: Commander|[of] p1b: Dondozo\n|-boost|p1b: Dondozo|atk|2\n|-boost|p1b: Dondozo|spa|2\n|-boost|p1b: Dondozo|spe|2\n|-boost|p1b: Dondozo|def|2\n|-boost|p1b: Dondozo|spd|2\n|move|p2a: Whimsicott|Tailwind|p2a: Whimsicott\n|-sidestart|p2: Himmafridge|move: Tailwind\n|move|p2b: Miraidon|Volt Switch|p1b: Dondozo\n|-supereffective|p1b: Dondozo\n|-damage|p1b: Dondozo|1\/100\n|\n|t:|1739887717\n|switch|p2b: Iron Hands|Iron Hands, L50|100\/100|[from] Volt Switch\n|-activate|p2b: Iron Hands|ability: Quark Drive\n|-start|p2b: Iron Hands|quarkdriveatk\n|move|p1b: Dondozo|Earthquake|p2b: Iron Hands|[spread] p2a,p2b\n|-miss|p1b: Dondozo|p1a: Tatsugiri\n|-resisted|p2a: Whimsicott\n|-supereffective|p2b: Iron Hands\n|-damage|p2a: Whimsicott|75\/100\n|-damage|p2b: Iron Hands|43\/100\n|\n|-heal|p1b: Dondozo|8\/100|[from] item: Leftovers\n|upkeep\n|turn|3\n|\n|t:|1739887729\n|move|p1b: Dondozo|Protect|p1b: Dondozo\n|-singleturn|p1b: Dondozo|Protect\n|move|p2b: Iron Hands|Fake Out|p1b: Dondozo\n|-activate|p1b: Dondozo|move: Protect\n|move|p2a: Whimsicott|Moonblast|p1b: Dondozo\n|-activate|p1b: Dondozo|move: Protect\n|\n|-heal|p1b: Dondozo|14\/100|[from] item: Leftovers\n|upkeep\n|turn|4\n|\n|t:|1739887737\n|-end|p2b: Iron Hands|Quark Drive|[silent]\n|switch|p2b: Urshifu|Urshifu, L50, F|100\/100\n|move|p1b: Dondozo|Protect||[still]\n|-fail|p1b: Dondozo\n|move|p2a: Whimsicott|Encore|p1b: Dondozo\n|-start|p1b: Dondozo|Encore\n|\n|-heal|p1b: Dondozo|20\/100|[from] item: Leftovers\n|upkeep\n|turn|5\n|\n|t:|1739887746\n|move|p2b: Urshifu|Detect|p2b: Urshifu\n|-singleturn|p2b: Urshifu|Protect\n|move|p1b: Dondozo|Protect|p1b: Dondozo\n|-singleturn|p1b: Dondozo|Protect\n|move|p2a: Whimsicott|Moonblast|p1b: Dondozo\n|-activate|p1b: Dondozo|move: Protect\n|\n|-heal|p1b: Dondozo|26\/100|[from] item: Leftovers\n|-sideend|p2: Himmafridge|move: Light Screen\n|-sideend|p2: Himmafridge|move: Tailwind\n|-fieldend|move: Electric Terrain\n|upkeep\n|turn|6\n|j| Easy180\n|\n|t:|1739887755\n|move|p1b: Dondozo|Protect||[still]\n|-fail|p1b: Dondozo\n|move|p2a: Whimsicott|Tailwind|p2a: Whimsicott\n|-sidestart|p2: Himmafridge|move: Tailwind\n|move|p2b: Urshifu|Wicked Blow|p1b: Dondozo\n|-crit|p1b: Dondozo\n|-damage|p1b: Dondozo|0 fnt\n|faint|p1b: Dondozo\n|\n|upkeep\n|c|\u2606Himmafridge|oh shit im washed\n|\n|t:|1739887768\n|switch|p1b: Chi-Yu|Chi-Yu, L50|100\/100\n|-ability|p1b: Chi-Yu|Beads of Ruin\n|turn|7\n|c|\u2606Himmafridge|thoughtless button presses :(\n|\n|t:|1739887810\n|switch|p1b: Gholdengo|Gholdengo, L50, tera:Ground|100\/100\n|move|p2a: Whimsicott|Moonblast|p1a: Tatsugiri\n|-supereffective|p1a: Tatsugiri\n|-damage|p1a: Tatsugiri|36\/100\n|move|p2b: Urshifu|Close Combat|p1b: Gholdengo\n|-damage|p1b: Gholdengo|33\/100\n|-unboost|p2b: Urshifu|def|1\n|-unboost|p2b: Urshifu|spd|1\n|move|p1a: Tatsugiri|Muddy Water|p2b: Urshifu|[spread] p2a,p2b\n|-resisted|p2a: Whimsicott\n|-damage|p2a: Whimsicott|60\/100\n|-damage|p2b: Urshifu|30\/100\n|\n|upkeep\n|turn|8\n|\n|t:|1739887835\n|switch|p1b: Chi-Yu|Chi-Yu, L50|100\/100\n|-ability|p1b: Chi-Yu|Beads of Ruin\n|move|p2a: Whimsicott|Moonblast|p1a: Tatsugiri\n|-supereffective|p1a: Tatsugiri\n|-damage|p1a: Tatsugiri|0 fnt\n|faint|p1a: Tatsugiri\n|move|p2b: Urshifu|Close Combat|p1b: Chi-Yu\n|-supereffective|p1b: Chi-Yu\n|-enditem|p1b: Chi-Yu|Focus Sash\n|-damage|p1b: Chi-Yu|1\/100\n|-unboost|p2b: Urshifu|def|1\n|-unboost|p2b: Urshifu|spd|1\n|\n|upkeep\n|\n|t:|1739887845\n|switch|p1a: Gholdengo|Gholdengo, L50, tera:Ground|33\/100\n|turn|9\n|\n|t:|1739887853\n|move|p1b: Chi-Yu|Protect|p1b: Chi-Yu\n|-singleturn|p1b: Chi-Yu|Protect\n|move|p2a: Whimsicott|Moonblast|p1b: Chi-Yu\n|-activate|p1b: Chi-Yu|move: Protect\n|move|p2b: Urshifu|Wicked Blow|p1a: Gholdengo\n|-crit|p1a: Gholdengo\n|-damage|p1a: Gholdengo|0 fnt\n|faint|p1a: Gholdengo\n|\n|-sideend|p2: Himmafridge|move: Tailwind\n|upkeep\n|turn|10\n|\n|t:|1739887861\n|move|p2a: Whimsicott|Tailwind|p2a: Whimsicott\n|-sidestart|p2: Himmafridge|move: Tailwind\n|move|p2b: Urshifu|Wicked Blow|p1b: Chi-Yu\n|-resisted|p1b: Chi-Yu\n|-crit|p1b: Chi-Yu\n|-damage|p1b: Chi-Yu|0 fnt\n|faint|p1b: Chi-Yu\n|\n|win|Himmafridge\n|raw|ryanplaytv's rating: 1590 &rarr; <strong>1565<\/strong><br \/>(-25 for losing)\n|raw|Himmafridge's rating: 1509 &rarr; <strong>1534<\/strong><br \/>(+25 for winning)\n|l|\u2606ryanplaytv\n|player|p1|\n|l|\u2606Himmafridge\n|player|p2|\n|l| Easy180\n","uploadtime":1739888103,"views":5,"formatid":"gen9vgc2025regg","rating":1534,"private":0,"password":null}