{"id":"gen9vgc2025regg-2303059893","format":"[Gen 9] VGC 2025 Reg G","players":["Elnabo","Iamsliverfish"],"log":"|j|\u2606Elnabo\n|j|\u2606Iamsliverfish\n|t:|1739881571\n|gametype|doubles\n|player|p1|Elnabo|265|1593\n|player|p2|Iamsliverfish|rood|1584\n|teamsize|p1|6\n|teamsize|p2|6\n|gen|9\n|tier|[Gen 9] VGC 2025 Reg G\n|rated|\n|rule|Species Clause: Limit one of each Pok\u00e9mon\n|rule|Item Clause: Limit 1 of each item\n|clearpoke\n|poke|p1|Incineroar, L50, M|\n|poke|p1|Rillaboom, L50, F|\n|poke|p1|Calyrex-Ice, L50|\n|poke|p1|Urshifu-*, L50, M|\n|poke|p1|Pelipper, L50, F|\n|poke|p1|Raging Bolt, L50|\n|poke|p2|Calyrex-Shadow, L50|\n|poke|p2|Maushold, L50|\n|poke|p2|Amoonguss, L50, F|\n|poke|p2|Urshifu-*, L50, M|\n|poke|p2|Incineroar, L50, M|\n|poke|p2|Tornadus, L50, M|\n|teampreview|4\n|inactive|Battle timer is ON: inactive players will automatically lose when time's up. (requested by Elnabo)\n|inactive|Elnabo has 60 seconds left.\n|\n|t:|1739881609\n|start\n|switch|p1a: Incineroar|Incineroar, L50, M, shiny|100\/100\n|switch|p1b: Calyrex|Calyrex-Ice, L50|100\/100\n|switch|p2a: Maushold|Maushold, L50|100\/100\n|switch|p2b: Calyrex|Calyrex-Shadow, L50|100\/100\n|-ability|p2b: Calyrex|As One\n|-ability|p2b: Calyrex|Unnerve\n|-ability|p1b: Calyrex|As One\n|-ability|p1b: Calyrex|Unnerve\n|-ability|p1a: Incineroar|Intimidate|boost\n|-unboost|p2a: Maushold|atk|1\n|-unboost|p2b: Calyrex|atk|1\n|turn|1\n|inactive|Iamsliverfish has 30 seconds left.\n|inactive|Iamsliverfish has 20 seconds left.\n|inactive|Iamsliverfish has 15 seconds left.\n|inactive|Iamsliverfish has 10 seconds left.\n|inactive|Iamsliverfish has 5 seconds left.\n|\n|t:|1739881664\n|-terastallize|p1b: Calyrex|Water\n|move|p1a: Incineroar|Fake Out|p2a: Maushold\n|-damage|p2a: Maushold|83\/100\n|cant|p2a: Maushold|flinch\n|move|p2b: Calyrex|Astral Barrage|p1a: Incineroar|[spread] p1a,p1b\n|-resisted|p1a: Incineroar\n|-damage|p1a: Incineroar|70\/100\n|-damage|p1b: Calyrex|55\/100\n|-damage|p2b: Calyrex|91\/100|[from] item: Life Orb\n|move|p1b: Calyrex|Glacial Lance|p2a: Maushold|[spread] p2a,p2b\n|-damage|p2a: Maushold|1\/100\n|-damage|p2b: Calyrex|41\/100\n|\n|upkeep\n|turn|2\n|inactive|Elnabo has 30 seconds left.\n|inactive|Elnabo has 20 seconds left.\n|\n|t:|1739881702\n|switch|p1b: Rillaboom|Rillaboom, L50, F, shiny|100\/100\n|-fieldstart|move: Grassy Terrain|[from] ability: Grassy Surge|[of] p1b: Rillaboom\n|move|p2a: Maushold|Feint|p1b: Rillaboom\n|-damage|p1b: Rillaboom|92\/100\n|move|p2b: Calyrex|Astral Barrage|p1a: Incineroar|[spread] p1a,p1b\n|-resisted|p1a: Incineroar\n|-damage|p1a: Incineroar|38\/100\n|-damage|p1b: Rillaboom|44\/100\n|-damage|p2b: Calyrex|31\/100|[from] item: Life Orb\n|move|p1a: Incineroar|Knock Off|p2b: Calyrex\n|-supereffective|p2b: Calyrex\n|-damage|p2b: Calyrex|0 fnt\n|-enditem|p2b: Calyrex|Life Orb|[from] move: Knock Off|[of] p1a: Incineroar\n|faint|p2b: Calyrex\n|\n|-heal|p2a: Maushold|7\/100|[from] Grassy Terrain\n|-heal|p1b: Rillaboom|50\/100|[from] Grassy Terrain\n|-heal|p1a: Incineroar|44\/100|[from] Grassy Terrain\n|upkeep\n|\n|t:|1739881719\n|switch|p2b: Urshifu|Urshifu-Rapid-Strike, L50, M|100\/100\n|turn|3\n|inactive|Elnabo has 30 seconds left.\n|inactive|Elnabo has 20 seconds left.\n|\n|t:|1739881759\n|switch|p2a: Amoonguss|Amoonguss, L50, F|100\/100\n|move|p1b: Rillaboom|Fake Out|p2a: Amoonguss\n|-damage|p2a: Amoonguss|90\/100\n|-damage|p1b: Rillaboom|34\/100|[from] item: Rocky Helmet|[of] p2a: Amoonguss\n|move|p2b: Urshifu|Close Combat|p1b: Rillaboom\n|-damage|p1b: Rillaboom|0 fnt\n|-unboost|p2b: Urshifu|def|1\n|-unboost|p2b: Urshifu|spd|1\n|faint|p1b: Rillaboom\n|move|p1a: Incineroar|Parting Shot|p2b: Urshifu\n|-unboost|p2b: Urshifu|atk|1\n|-unboost|p2b: Urshifu|spa|1\n|\n|t:|1739881774\n|switch|p1a: Calyrex|Calyrex-Ice, L50, tera:Water|55\/100|[from] Parting Shot\n|-ability|p1a: Calyrex|As One\n|-ability|p1a: Calyrex|Unnerve\n|\n|-heal|p1a: Calyrex|61\/100|[from] Grassy Terrain\n|-heal|p2a: Amoonguss|96\/100|[from] Grassy Terrain\n|upkeep\n|j| Easy180\n|\n|t:|1739881796\n|switch|p1b: Incineroar|Incineroar, L50, M, shiny|44\/100\n|-ability|p1b: Incineroar|Intimidate|boost\n|-unboost|p2a: Amoonguss|atk|1\n|-unboost|p2b: Urshifu|atk|1\n|turn|4\n|\n|t:|1739881819\n|-terastallize|p2a: Amoonguss|Water\n|move|p1b: Incineroar|Fake Out|p2b: Urshifu\n|-damage|p2b: Urshifu|80\/100\n|cant|p2b: Urshifu|flinch\n|move|p1a: Calyrex|Glacial Lance|p2b: Urshifu|[spread] p2a,p2b\n|-resisted|p2a: Amoonguss\n|-resisted|p2b: Urshifu\n|-damage|p2a: Amoonguss|75\/100\n|-damage|p2b: Urshifu|36\/100\n|move|p2a: Amoonguss|Spore|p1a: Calyrex\n|-status|p1a: Calyrex|slp|[from] move: Spore\n|\n|-heal|p2b: Urshifu|42\/100|[from] Grassy Terrain\n|-heal|p1b: Incineroar|50\/100|[from] Grassy Terrain\n|-heal|p1a: Calyrex|67\/100 slp|[from] Grassy Terrain\n|-heal|p2a: Amoonguss|81\/100|[from] Grassy Terrain\n|upkeep\n|turn|5\n|inactive|Elnabo has 30 seconds left.\n|\n|t:|1739881853\n|cant|p1a: Calyrex|slp\n|move|p2b: Urshifu|Surging Strikes|p1b: Incineroar\n|-supereffective|p1b: Incineroar\n|-crit|p1b: Incineroar\n|-damage|p1b: Incineroar|13\/100\n|-supereffective|p1b: Incineroar\n|-crit|p1b: Incineroar\n|-damage|p1b: Incineroar|0 fnt\n|faint|p1b: Incineroar\n|-hitcount|p1: Incineroar|2\n|move|p2a: Amoonguss|Pollen Puff|p2b: Urshifu\n|-heal|p2b: Urshifu|92\/100\n|\n|-heal|p2b: Urshifu|98\/100|[from] Grassy Terrain\n|-heal|p1a: Calyrex|72\/100 slp|[from] Grassy Terrain\n|-heal|p2a: Amoonguss|86\/100|[from] Grassy Terrain\n|upkeep\n|\n|t:|1739881870\n|switch|p1b: Urshifu|Urshifu-Rapid-Strike, L50, M|100\/100\n|turn|6\n|\n|t:|1739881888\n|switch|p2b: Maushold|Maushold, L50|7\/100\n|move|p1b: Urshifu|Close Combat|p2b: Maushold\n|-supereffective|p2b: Maushold\n|-damage|p2b: Maushold|0 fnt\n|-unboost|p1b: Urshifu|def|1\n|-unboost|p1b: Urshifu|spd|1\n|faint|p2b: Maushold\n|cant|p1a: Calyrex|slp\n|move|p2a: Amoonguss|Spore|p1b: Urshifu\n|-status|p1b: Urshifu|slp|[from] move: Spore\n|\n|-heal|p1a: Calyrex|78\/100 slp|[from] Grassy Terrain\n|-heal|p2a: Amoonguss|92\/100|[from] Grassy Terrain\n|-fieldend|move: Grassy Terrain\n|upkeep\n|\n|t:|1739881891\n|switch|p2b: Urshifu|Urshifu-Rapid-Strike, L50, M|98\/100\n|turn|7\n|inactive|Elnabo has 30 seconds left.\n|\n|t:|1739881917\n|cant|p1b: Urshifu|slp\n|move|p2b: Urshifu|Close Combat|p1a: Calyrex\n|-damage|p1a: Calyrex|36\/100 slp\n|-unboost|p2b: Urshifu|def|1\n|-unboost|p2b: Urshifu|spd|1\n|-curestatus|p1a: Calyrex|slp|[msg]\n|move|p1a: Calyrex|Glacial Lance|p2b: Urshifu|[spread] p2a,p2b\n|-resisted|p2a: Amoonguss\n|-resisted|p2b: Urshifu\n|-damage|p2a: Amoonguss|73\/100\n|-damage|p2b: Urshifu|56\/100\n|move|p2a: Amoonguss|Spore|p1a: Calyrex\n|-status|p1a: Calyrex|slp|[from] move: Spore\n|\n|upkeep\n|turn|8\n|\n|t:|1739881941\n|move|p2a: Amoonguss|Rage Powder|p2a: Amoonguss\n|-singleturn|p2a: Amoonguss|move: Rage Powder\n|-curestatus|p1b: Urshifu|slp|[msg]\n|move|p1b: Urshifu|Close Combat|p2a: Amoonguss\n|-damage|p2a: Amoonguss|20\/100\n|-unboost|p1b: Urshifu|def|1\n|-unboost|p1b: Urshifu|spd|1\n|-damage|p1b: Urshifu|84\/100|[from] item: Rocky Helmet|[of] p2a: Amoonguss\n|move|p2b: Urshifu|Close Combat|p1a: Calyrex\n|-crit|p1a: Calyrex\n|-damage|p1a: Calyrex|0 fnt\n|-unboost|p2b: Urshifu|def|1\n|-unboost|p2b: Urshifu|spd|1\n|faint|p1a: Calyrex\n|\n|upkeep\n|turn|9\n|\n|t:|1739881965\n|move|p2a: Amoonguss|Rage Powder|p2a: Amoonguss\n|-singleturn|p2a: Amoonguss|move: Rage Powder\n|move|p1b: Urshifu|Close Combat|p2a: Amoonguss\n|-damage|p2a: Amoonguss|0 fnt\n|-unboost|p1b: Urshifu|def|1\n|-unboost|p1b: Urshifu|spd|1\n|-damage|p1b: Urshifu|68\/100|[from] item: Rocky Helmet|[of] p2a: Amoonguss\n|faint|p2a: Amoonguss\n|move|p2b: Urshifu|Close Combat|p1b: Urshifu\n|-damage|p1b: Urshifu|0 fnt\n|-unboost|p2b: Urshifu|def|1\n|-unboost|p2b: Urshifu|spd|1\n|faint|p1b: Urshifu\n|\n|win|Iamsliverfish\n|raw|Elnabo's rating: 1593 &rarr; <strong>1574<\/strong><br \/>(-19 for losing)\n|raw|Iamsliverfish's rating: 1619 &rarr; <strong>1638<\/strong><br \/>(+19 for winning)\n|l|\u2606Iamsliverfish\n|player|p2|\n","uploadtime":1739882234,"views":6,"formatid":"gen9vgc2025regg","rating":1574,"private":0,"password":null}