{"id":"gen9vgc2025regg-2303159453","format":"[Gen 9] VGC 2025 Reg G","players":["gatoexplotando","BLiiNDProdiigy"],"log":"|j|\u2606gatoexplotando\n|j|\u2606BLiiNDProdiigy\n|t:|1739893434\n|gametype|doubles\n|player|p1|gatoexplotando|lady-gen4|1658\n|player|p2|BLiiNDProdiigy|rocketgrunt|1582\n|teamsize|p1|6\n|teamsize|p2|6\n|gen|9\n|tier|[Gen 9] VGC 2025 Reg G\n|rated|\n|rule|Species Clause: Limit one of each Pok\u00e9mon\n|rule|Item Clause: Limit 1 of each item\n|clearpoke\n|poke|p1|Calyrex-Shadow, L50|\n|poke|p1|Chi-Yu, L50|\n|poke|p1|Tornadus, L50, M|\n|poke|p1|Mienshao, L50, M|\n|poke|p1|Rillaboom, L50, F|\n|poke|p1|Ogerpon-Cornerstone, L50, F|\n|poke|p2|Terapagos, L50, M|\n|poke|p2|Incineroar, L50, M|\n|poke|p2|Rillaboom, L50, M|\n|poke|p2|Urshifu-*, L50, M|\n|poke|p2|Flutter Mane, L50|\n|poke|p2|Ogerpon-Hearthflame, L50, F|\n|teampreview|4\n|inactive|Battle timer is ON: inactive players will automatically lose when time's up. (requested by gatoexplotando)\n|inactive|BLiiNDProdiigy has 60 seconds left.\n|\n|t:|1739893467\n|start\n|switch|p1a: Wulaosu|Mienshao, L50, M|100\/100\n|switch|p1b: Juan|Calyrex-Shadow, L50|100\/100\n|switch|p2a: Terapagos|Terapagos, L50, M|100\/100\n|switch|p2b: Rillaboom|Rillaboom, L50, M|100\/100\n|-activate|p2a: Terapagos|ability: Tera Shift\n|detailschange|p2a: Terapagos|Terapagos-Terastal, L50, M\n|-heal|p2a: Terapagos|100\/100|[silent]\n|-ability|p1b: Juan|As One\n|-ability|p1b: Juan|Unnerve\n|-fieldstart|move: Grassy Terrain|[from] ability: Grassy Surge|[of] p2b: Rillaboom\n|turn|1\n|\n|t:|1739893490\n|move|p1a: Wulaosu|Fake Out|p2b: Rillaboom\n|-damage|p2b: Rillaboom|88\/100\n|move|p1b: Juan|Psychic|p2a: Terapagos\n|-activate|p2a: Terapagos|ability: Tera Shell\n|-resisted|p2a: Terapagos\n|-damage|p2a: Terapagos|72\/100\n|-damage|p1b: Juan|91\/100|[from] item: Life Orb\n|cant|p2b: Rillaboom|flinch\n|move|p2a: Terapagos|Substitute|p2a: Terapagos\n|-start|p2a: Terapagos|Substitute\n|-damage|p2a: Terapagos|47\/100\n|\n|-heal|p1b: Juan|97\/100|[from] Grassy Terrain\n|-heal|p2b: Rillaboom|94\/100|[from] Grassy Terrain\n|-heal|p2a: Terapagos|53\/100|[from] Grassy Terrain\n|-heal|p2a: Terapagos|59\/100|[from] item: Leftovers\n|upkeep\n|turn|2\n|\n|t:|1739893508\n|switch|p1b: Le Poisson|Chi-Yu, L50|100\/100\n|-ability|p1b: Le Poisson|Beads of Ruin\n|move|p2a: Terapagos|Protect|p2a: Terapagos\n|-singleturn|p2a: Terapagos|Protect\n|move|p1a: Wulaosu|Close Combat|p2a: Terapagos\n|-activate|p2a: Terapagos|move: Protect\n|move|p2b: Rillaboom|U-turn|p1a: Wulaosu\n|-resisted|p1a: Wulaosu\n|-damage|p1a: Wulaosu|79\/100\n|\n|t:|1739893524\n|switch|p2b: Flutter Mane|Flutter Mane, L50|100\/100|[from] U-turn\n|-enditem|p2b: Flutter Mane|Booster Energy\n|-activate|p2b: Flutter Mane|ability: Protosynthesis|[fromitem]\n|-start|p2b: Flutter Mane|protosynthesisspe\n|\n|-heal|p1a: Wulaosu|85\/100|[from] Grassy Terrain\n|-heal|p2a: Terapagos|64\/100|[from] Grassy Terrain\n|-heal|p2a: Terapagos|70\/100|[from] item: Leftovers\n|upkeep\n|turn|3\n|inactive|gatoexplotando has 30 seconds left.\n|\n|t:|1739893552\n|switch|p1a: pon?|Ogerpon-Cornerstone, L50, F|100\/100\n|-terastallize|p2a: Terapagos|Stellar\n|detailschange|p2a: Terapagos|Terapagos-Stellar, L50, M, tera:Stellar\n|-heal|p2a: Terapagos|78\/100|[silent]\n|-ability|p2a: Terapagos|Teraform Zero\n|-fieldend|move: Grassy Terrain\n|move|p2b: Flutter Mane|Moonblast|p1a: pon?\n|-damage|p1a: pon?|30\/100\n|move|p1b: Le Poisson|Taunt|p2a: Terapagos\n|-start|p2a: Terapagos|move: Taunt\n|move|p2a: Terapagos|Tera Starstorm|p1a: pon?|[spread] p1a,p1b\n|-damage|p1a: pon?|0 fnt\n|-damage|p1b: Le Poisson|63\/100\n|faint|p1a: pon?\n|\n|-heal|p2a: Terapagos|84\/100|[from] item: Leftovers\n|upkeep\n|\n|t:|1739893572\n|switch|p1a: Juan|Calyrex-Shadow, L50|97\/100\n|-ability|p1a: Juan|As One\n|-ability|p1a: Juan|Unnerve\n|turn|4\n|\n|t:|1739893578\n|move|p2b: Flutter Mane|Protect|p2b: Flutter Mane\n|-singleturn|p2b: Flutter Mane|Protect\n|move|p1a: Juan|Protect|p1a: Juan\n|-singleturn|p1a: Juan|Protect\n|move|p1b: Le Poisson|Heat Wave|p2b: Flutter Mane|[spread] p2a\n|-activate|p2b: Flutter Mane|move: Protect\n|-crit|p2a: Terapagos\n|-end|p2a: Terapagos|Substitute\n|move|p2a: Terapagos|Tera Starstorm|p1b: Le Poisson|[spread] p1b\n|-activate|p1a: Juan|move: Protect\n|-damage|p1b: Le Poisson|25\/100\n|\n|-heal|p2a: Terapagos|90\/100|[from] item: Leftovers\n|upkeep\n|turn|5\n|inactive|gatoexplotando has 30 seconds left.\n|\n|t:|1739893608\n|move|p2b: Flutter Mane|Thunder Wave|p1a: Juan\n|-status|p1a: Juan|par\n|move|p1b: Le Poisson|Overheat|p2a: Terapagos\n|-damage|p2a: Terapagos|27\/100\n|-unboost|p1b: Le Poisson|spa|2\n|move|p2a: Terapagos|Tera Starstorm|p1b: Le Poisson|[spread] p1a,p1b\n|-damage|p1a: Juan|44\/100 par\n|-damage|p1b: Le Poisson|0 fnt\n|faint|p1b: Le Poisson\n|move|p1a: Juan|Astral Barrage|p2b: Flutter Mane|[spread] p2b\n|-immune|p2a: Terapagos\n|-supereffective|p2b: Flutter Mane\n|-damage|p2b: Flutter Mane|0 fnt\n|faint|p2b: Flutter Mane\n|-end|p2b: Flutter Mane|Protosynthesis|[silent]\n|-ability|p1a: Juan|Grim Neigh|boost\n|-boost|p1a: Juan|spa|1\n|-damage|p1a: Juan|35\/100 par|[from] item: Life Orb\n|\n|-heal|p2a: Terapagos|33\/100|[from] item: Leftovers\n|-end|p2a: Terapagos|move: Taunt\n|upkeep\n|inactive|BLiiNDProdiigy has 30 seconds left.\n|\n|t:|1739893639\n|switch|p2b: Rillaboom|Rillaboom, L50, M|94\/100\n|switch|p1b: Wulaosu|Mienshao, L50, M|85\/100\n|-fieldstart|move: Grassy Terrain|[from] ability: Grassy Surge|[of] p2b: Rillaboom\n|turn|6\n|inactive|gatoexplotando has 30 seconds left.\n|inactive|gatoexplotando has 20 seconds left.\n|inactive|gatoexplotando has 15 seconds left.\n|inactive|gatoexplotando has 10 seconds left.\n|inactive|gatoexplotando has 5 seconds left.\n|\n|t:|1739893691\n|move|p1a: Juan|Protect|p1a: Juan\n|-singleturn|p1a: Juan|Protect\n|move|p1b: Wulaosu|Close Combat|p2b: Rillaboom\n|-damage|p2b: Rillaboom|39\/100\n|-unboost|p1b: Wulaosu|def|1\n|-unboost|p1b: Wulaosu|spd|1\n|move|p2b: Rillaboom|Wood Hammer|p1b: Wulaosu\n|-damage|p1b: Wulaosu|0 fnt\n|faint|p1b: Wulaosu\n|-damage|p2b: Rillaboom|20\/100|[from] Recoil\n|move|p2a: Terapagos|Tera Starstorm|p1a: Juan\n|-activate|p1a: Juan|move: Protect\n|\n|-heal|p2b: Rillaboom|26\/100|[from] Grassy Terrain\n|-heal|p2a: Terapagos|39\/100|[from] Grassy Terrain\n|-heal|p2a: Terapagos|45\/100|[from] item: Leftovers\n|-heal|p1a: Juan|41\/100 par|[from] Grassy Terrain\n|upkeep\n|turn|7\n|\n|t:|1739893701\n|move|p2b: Rillaboom|Wood Hammer|p1a: Juan\n|-damage|p1a: Juan|0 fnt\n|faint|p1a: Juan\n|-damage|p2b: Rillaboom|14\/100|[from] Recoil\n|\n|win|BLiiNDProdiigy\n|raw|gatoexplotando's rating: 1658 &rarr; <strong>1634<\/strong><br \/>(-24 for losing)\n|raw|BLiiNDProdiigy's rating: 1582 &rarr; <strong>1606<\/strong><br \/>(+24 for winning)\n|l|\u2606gatoexplotando\n|player|p1|\n|l|\u2606BLiiNDProdiigy\n|player|p2|\n","uploadtime":1739893851,"views":9,"formatid":"gen9vgc2025regg","rating":1606,"private":0,"password":null}