{"id":"gen9vgc2025regg-2303058870","format":"[Gen 9] VGC 2025 Reg G","players":["Lightoz","jecheonjo"],"log":"|j|\u2606Lightoz\n|j|\u2606jecheonjo\n|t:|1739881421\n|gametype|doubles\n|player|p1|Lightoz|blue-gen2|1593\n|player|p2|jecheonjo|steven|1533\n|teamsize|p1|6\n|teamsize|p2|6\n|gen|9\n|tier|[Gen 9] VGC 2025 Reg G\n|rated|\n|rule|Species Clause: Limit one of each Pok\u00e9mon\n|rule|Item Clause: Limit 1 of each item\n|clearpoke\n|poke|p1|Chi-Yu, L50|\n|poke|p1|Calyrex-Ice, L50|\n|poke|p1|Flutter Mane, L50|\n|poke|p1|Urshifu-*, L50, M|\n|poke|p1|Amoonguss, L50, M|\n|poke|p1|Ogerpon-Cornerstone, L50, F|\n|poke|p2|Necrozma-Dusk-Mane, L50|\n|poke|p2|Ursaluna-Bloodmoon, L50, M|\n|poke|p2|Torkoal, L50, M|\n|poke|p2|Amoonguss, L50, M|\n|poke|p2|Urshifu-*, L50, F|\n|poke|p2|Raging Bolt, L50|\n|teampreview|4\n|j| Kal0stest\n|inactive|Battle timer is ON: inactive players will automatically lose when time's up. (requested by Lightoz)\n|\n|t:|1739881478\n|start\n|switch|p1a: Urshifu|Urshifu-Rapid-Strike, L50, M|100\/100\n|switch|p1b: Ogerpon|Ogerpon-Cornerstone, L50, F|100\/100\n|switch|p2a: Necrozma|Necrozma-Dusk-Mane, L50, shiny|100\/100\n|switch|p2b: Urshifu|Urshifu, L50, F|100\/100\n|turn|1\n|\n|t:|1739881497\n|switch|p2b: Amoonguss|Amoonguss, L50, M|100\/100\n|move|p1b: Ogerpon|Power Whip|p2a: Necrozma\n|-resisted|p2a: Necrozma\n|-damage|p2a: Necrozma|73\/100\n|move|p1a: Urshifu|Surging Strikes|p2a: Necrozma\n|-crit|p2a: Necrozma\n|-damage|p2a: Necrozma|55\/100\n|-crit|p2a: Necrozma\n|-damage|p2a: Necrozma|37\/100\n|-crit|p2a: Necrozma\n|-damage|p2a: Necrozma|20\/100\n|-hitcount|p2a: Necrozma|3\n|move|p2a: Necrozma|Trick Room|p2a: Necrozma\n|-fieldstart|move: Trick Room|[of] p2a: Necrozma\n|\n|upkeep\n|turn|2\n|inactive|jecheonjo has 30 seconds left.\n|inactive|jecheonjo has 20 seconds left.\n|inactive|jecheonjo has 15 seconds left.\n|\n|t:|1739881539\n|switch|p1a: Amoonguss|Amoonguss, L50, M, shiny|100\/100\n|move|p2b: Amoonguss|Pollen Puff|p2a: Necrozma\n|-heal|p2a: Necrozma|70\/100\n|move|p2a: Necrozma|Photon Geyser|p1b: Ogerpon\n|-damage|p1b: Ogerpon|20\/100\n|move|p1b: Ogerpon|Ivy Cudgel|p2b: Amoonguss|[anim] Ivy Cudgel Rock\n|-crit|p2b: Amoonguss\n|-damage|p2b: Amoonguss|1\/100\n|\n|upkeep\n|turn|3\n|\n|t:|1739881562\n|move|p2a: Necrozma|Protect|p2a: Necrozma\n|-singleturn|p2a: Necrozma|Protect\n|move|p1b: Ogerpon|Follow Me|p1b: Ogerpon\n|-singleturn|p1b: Ogerpon|move: Follow Me\n|move|p1a: Amoonguss|Spore|p2a: Necrozma\n|-activate|p2a: Necrozma|move: Protect\n|move|p2b: Amoonguss|Pollen Puff|p1b: Ogerpon\n|-supereffective|p1b: Ogerpon\n|-damage|p1b: Ogerpon|0 fnt\n|faint|p1b: Ogerpon\n|\n|upkeep\n|\n|t:|1739881565\n|switch|p1b: Calyrex|Calyrex-Ice, L50|100\/100\n|-ability|p1b: Calyrex|As One\n|-ability|p1b: Calyrex|Unnerve\n|turn|4\n|\n|t:|1739881584\n|move|p1a: Amoonguss|Spore|p2a: Necrozma\n|-status|p2a: Necrozma|slp|[from] move: Spore\n|move|p2b: Amoonguss|Spore|p1b: Calyrex\n|-status|p1b: Calyrex|slp|[from] move: Spore\n|cant|p1b: Calyrex|slp\n|cant|p2a: Necrozma|slp\n|\n|upkeep\n|turn|5\n|\n|t:|1739881601\n|switch|p1a: Urshifu|Urshifu-Rapid-Strike, L50, M|100\/100\n|switch|p2b: Torkoal|Torkoal, L50, M|100\/100\n|-weather|SunnyDay|[from] ability: Drought|[of] p2b: Torkoal\n|cant|p1b: Calyrex|slp\n|cant|p2a: Necrozma|slp\n|\n|-weather|SunnyDay|[upkeep]\n|-fieldend|move: Trick Room\n|upkeep\n|turn|6\n|\n|t:|1739881620\n|-terastallize|p1b: Calyrex|Water\n|move|p1a: Urshifu|Close Combat|p2b: Torkoal\n|-damage|p2b: Torkoal|51\/100\n|-unboost|p1a: Urshifu|def|1\n|-unboost|p1a: Urshifu|spd|1\n|cant|p2a: Necrozma|slp\n|cant|p1b: Calyrex|slp\n|move|p2b: Torkoal|Heat Wave|p1a: Urshifu|[spread] p1a,p1b\n|-resisted|p1a: Urshifu\n|-resisted|p1b: Calyrex\n|-damage|p1a: Urshifu|52\/100\n|-damage|p1b: Calyrex|85\/100 slp\n|-status|p1a: Urshifu|brn\n|\n|-weather|SunnyDay|[upkeep]\n|-damage|p1a: Urshifu|45\/100 brn|[from] brn\n|upkeep\n|turn|7\n|\n|t:|1739881637\n|move|p1a: Urshifu|Close Combat|p2a: Necrozma\n|-damage|p2a: Necrozma|49\/100 slp\n|-unboost|p1a: Urshifu|def|1\n|-unboost|p1a: Urshifu|spd|1\n|-curestatus|p2a: Necrozma|slp|[msg]\n|move|p2a: Necrozma|Photon Geyser|p1b: Calyrex\n|-damage|p1b: Calyrex|46\/100 slp\n|-curestatus|p1b: Calyrex|slp|[msg]\n|move|p1b: Calyrex|High Horsepower|p2a: Necrozma\n|-supereffective|p2a: Necrozma\n|-damage|p2a: Necrozma|3\/100\n|move|p2b: Torkoal|Heat Wave|p1b: Calyrex|[spread] p1a,p1b\n|-resisted|p1a: Urshifu\n|-resisted|p1b: Calyrex\n|-damage|p1a: Urshifu|0 fnt\n|-damage|p1b: Calyrex|31\/100\n|faint|p1a: Urshifu\n|\n|-weather|SunnyDay|[upkeep]\n|upkeep\n|-message|Lightoz forfeited.\n|\n|win|jecheonjo\n|raw|Lightoz's rating: 1593 &rarr; <strong>1570<\/strong><br \/>(-23 for losing)\n|raw|jecheonjo's rating: 1533 &rarr; <strong>1556<\/strong><br \/>(+23 for winning)\n|l|\u2606Lightoz\n|player|p1|\n|l|\u2606jecheonjo\n|player|p2|\n|l| Kal0stest\n","uploadtime":1739881819,"views":5,"formatid":"gen9vgc2025regg","rating":1556,"private":0,"password":null}