{"id":"gen9vgc2025regg-2303303025","format":"[Gen 9] VGC 2025 Reg G","players":["jvessel07","Spottedwoot"],"log":"|j|\u2606jvessel07\n|j|\u2606Spottedwoot\n|t:|1739907455\n|gametype|doubles\n|player|p1|jvessel07|baker|1563\n|player|p2|Spottedwoot|101|1657\n|teamsize|p1|6\n|teamsize|p2|6\n|gen|9\n|tier|[Gen 9] VGC 2025 Reg G\n|rated|\n|rule|Species Clause: Limit one of each Pok\u00e9mon\n|rule|Item Clause: Limit 1 of each item\n|clearpoke\n|poke|p1|Smeargle, L50, F|\n|poke|p1|Muk-Alola, L50, M|\n|poke|p1|Flamigo, L50, F|\n|poke|p1|Dondozo, L50, F|\n|poke|p1|Grafaiai, L50, F|\n|poke|p1|Calyrex-Shadow, L50|\n|poke|p2|Zamazenta-*, L50|\n|poke|p2|Chien-Pao, L50|\n|poke|p2|Entei, L50|\n|poke|p2|Raging Bolt, L50|\n|poke|p2|Rillaboom, L50, F|\n|poke|p2|Farigiraf, L50, M|\n|teampreview|4\n|inactive|Battle timer is ON: inactive players will automatically lose when time's up. (requested by jvessel07)\n|\n|t:|1739907506\n|start\n|switch|p1a: Smeargle|Smeargle, L50, F|100\/100\n|switch|p1b: Muk|Muk-Alola, L50, M|100\/100\n|switch|p2a: Zamazenta|Zamazenta-Crowned, L50|100\/100\n|switch|p2b: Chien-Pao|Chien-Pao, L50|100\/100\n|-ability|p2b: Chien-Pao|Sword of Ruin\n|-ability|p2a: Zamazenta|Dauntless Shield|boost\n|-boost|p2a: Zamazenta|def|1\n|turn|1\n|\n|t:|1739907524\n|move|p1a: Smeargle|Fake Out|p2b: Chien-Pao\n|-damage|p2b: Chien-Pao|93\/100\n|cant|p2b: Chien-Pao|flinch\n|move|p2a: Zamazenta|Body Press|p1a: Smeargle\n|-supereffective|p1a: Smeargle\n|-enditem|p1a: Smeargle|Focus Sash\n|-damage|p1a: Smeargle|1\/100\n|move|p1b: Muk|Minimize|p1b: Muk\n|-boost|p1b: Muk|evasion|2\n|\n|-ability|p1a: Smeargle|Moody|boost\n|-boost|p1a: Smeargle|def|2\n|-unboost|p1a: Smeargle|atk|1\n|upkeep\n|turn|2\n|\n|t:|1739907541\n|move|p1a: Smeargle|Follow Me|p1a: Smeargle\n|-singleturn|p1a: Smeargle|move: Follow Me\n|move|p2b: Chien-Pao|Sacred Sword|p1a: Smeargle\n|-supereffective|p1a: Smeargle\n|-damage|p1a: Smeargle|0 fnt\n|faint|p1a: Smeargle\n|-ability|p1b: Muk|Moody|[from] ability: Power of Alchemy|[of] p1a: Smeargle\n|move|p2a: Zamazenta|Iron Defense|p2a: Zamazenta\n|-boost|p2a: Zamazenta|def|2\n|move|p1b: Muk|Minimize|p1b: Muk\n|-boost|p1b: Muk|evasion|2\n|\n|-ability|p1b: Muk|Moody|boost\n|-boost|p1b: Muk|spa|2\n|-unboost|p1b: Muk|atk|1\n|upkeep\n|\n|t:|1739907556\n|switch|p1a: Calyrex|Calyrex-Shadow, L50|100\/100\n|-ability|p1a: Calyrex|As One\n|-ability|p1a: Calyrex|Unnerve\n|turn|3\n|\n|t:|1739907569\n|move|p1a: Calyrex|Astral Barrage|p2a: Zamazenta|[spread] p2a,p2b\n|-resisted|p2b: Chien-Pao\n|-damage|p2a: Zamazenta|44\/100\n|-damage|p2b: Chien-Pao|33\/100\n|-damage|p1a: Calyrex|91\/100|[from] item: Life Orb\n|move|p2b: Chien-Pao|Icicle Crash|p1a: Calyrex\n|-damage|p1a: Calyrex|20\/100\n|move|p2a: Zamazenta|Heavy Slam|p1a: Calyrex\n|-damage|p1a: Calyrex|0 fnt\n|faint|p1a: Calyrex\n|move|p1b: Muk|Minimize|p1b: Muk\n|-boost|p1b: Muk|evasion|2\n|\n|-ability|p1b: Muk|Moody|boost\n|-boost|p1b: Muk|spa|2\n|-unboost|p1b: Muk|spd|1\n|upkeep\n|\n|t:|1739907582\n|switch|p1a: Flamigo|Flamigo, L50, F|100\/100\n|-copyboost|p1a: Flamigo|p1b: Muk|[from] ability: Costar\n|-enditem|p1a: Flamigo|White Herb\n|-clearnegativeboost|p1a: Flamigo|[silent]\n|turn|4\n|\n|t:|1739907597\n|move|p2b: Chien-Pao|Icicle Crash|p1a: Flamigo|[miss]\n|-miss|p2b: Chien-Pao|p1a: Flamigo\n|move|p2a: Zamazenta|Heavy Slam|p1a: Flamigo|[miss]\n|-miss|p2a: Zamazenta|p1a: Flamigo\n|move|p1a: Flamigo|Acrobatics|p2b: Chien-Pao\n|-damage|p2b: Chien-Pao|0 fnt\n|faint|p2b: Chien-Pao\n|move|p1b: Muk|Knock Off|p2a: Zamazenta\n|-resisted|p2a: Zamazenta\n|-damage|p2a: Zamazenta|43\/100\n|\n|-ability|p1b: Muk|Moody|boost\n|-boost|p1b: Muk|spa|2\n|-unboost|p1b: Muk|atk|1\n|upkeep\n|\n|t:|1739907601\n|switch|p2b: Entei|Entei, L50|100\/100\n|turn|5\n|\n|t:|1739907618\n|move|p2a: Zamazenta|Heavy Slam|p1a: Flamigo|[miss]\n|-miss|p2a: Zamazenta|p1a: Flamigo\n|move|p1a: Flamigo|Close Combat|p2a: Zamazenta\n|-supereffective|p2a: Zamazenta\n|-damage|p2a: Zamazenta|18\/100\n|-unboost|p1a: Flamigo|def|1\n|-unboost|p1a: Flamigo|spd|1\n|move|p2b: Entei|Sacred Fire|p1a: Flamigo|[miss]\n|-miss|p2b: Entei|p1a: Flamigo\n|move|p1b: Muk|Toxic|p2b: Entei\n|-status|p2b: Entei|tox\n|\n|-damage|p2b: Entei|95\/100 tox|[from] psn\n|-ability|p1b: Muk|Moody|boost\n|-boost|p1b: Muk|spe|2\n|-unboost|p1b: Muk|spa|1\n|upkeep\n|turn|6\n|\n|t:|1739907639\n|move|p2a: Zamazenta|Heavy Slam|p1a: Flamigo|[miss]\n|-miss|p2a: Zamazenta|p1a: Flamigo\n|move|p1a: Flamigo|Close Combat|p2a: Zamazenta\n|-supereffective|p2a: Zamazenta\n|-damage|p2a: Zamazenta|0 fnt\n|-unboost|p1a: Flamigo|def|1\n|-unboost|p1a: Flamigo|spd|1\n|faint|p2a: Zamazenta\n|move|p2b: Entei|Sacred Fire|p1a: Flamigo|[miss]\n|-miss|p2b: Entei|p1a: Flamigo\n|move|p1b: Muk|Knock Off|p2b: Entei\n|-damage|p2b: Entei|77\/100 tox\n|-enditem|p2b: Entei|Life Orb|[from] move: Knock Off|[of] p1b: Muk\n|\n|-damage|p2b: Entei|66\/100 tox|[from] psn\n|-ability|p1b: Muk|Moody|boost\n|-boost|p1b: Muk|spa|1\n|-unboost|p1b: Muk|def|1\n|upkeep\n|\n|t:|1739907651\n|switch|p2a: Raging Bolt|Raging Bolt, L50|100\/100\n|-enditem|p2a: Raging Bolt|Booster Energy\n|-activate|p2a: Raging Bolt|ability: Protosynthesis|[fromitem]\n|-start|p2a: Raging Bolt|protosynthesisspa\n|turn|7\n|inactive|jvessel07 has 30 seconds left.\n|inactive|jvessel07 has 20 seconds left.\n|inactive|jvessel07 has 15 seconds left.\n|inactive|jvessel07 has 10 seconds left.\n|\n|t:|1739907699\n|-terastallize|p2a: Raging Bolt|Electric\n|move|p1a: Flamigo|Close Combat|p2b: Entei\n|-damage|p2b: Entei|14\/100 tox\n|-unboost|p1a: Flamigo|def|1\n|-unboost|p1a: Flamigo|spd|1\n|move|p2b: Entei|Sacred Fire|p1a: Flamigo|[miss]\n|-miss|p2b: Entei|p1a: Flamigo\n|move|p1b: Muk|Knock Off|p2a: Raging Bolt\n|-damage|p2a: Raging Bolt|91\/100\n|move|p2a: Raging Bolt|Thunderbolt|p1b: Muk|[miss]\n|-miss|p2a: Raging Bolt|p1b: Muk\n|\n|-damage|p2b: Entei|0 fnt|[from] psn\n|faint|p2b: Entei\n|-ability|p1b: Muk|Moody|boost\n|-boost|p1b: Muk|def|2\n|-unboost|p1b: Muk|spa|1\n|upkeep\n|turn|8\n|\n|t:|1739907717\n|move|p1a: Flamigo|Close Combat|p2a: Raging Bolt\n|-damage|p2a: Raging Bolt|51\/100\n|-unboost|p1a: Flamigo|def|1\n|-unboost|p1a: Flamigo|spd|1\n|move|p1b: Muk|Toxic|p2a: Raging Bolt\n|-status|p2a: Raging Bolt|tox\n|move|p2a: Raging Bolt|Thunderbolt|p1a: Flamigo|[miss]\n|-miss|p2a: Raging Bolt|p1a: Flamigo\n|\n|-damage|p2a: Raging Bolt|45\/100 tox|[from] psn\n|-ability|p1b: Muk|Moody|boost\n|-boost|p1b: Muk|atk|2\n|-unboost|p1b: Muk|spe|1\n|upkeep\n|turn|9\n|\n|t:|1739907731\n|move|p2a: Raging Bolt|Thunderclap|p1a: Flamigo|[miss]\n|-miss|p2a: Raging Bolt|p1a: Flamigo\n|move|p1a: Flamigo|Close Combat|p2a: Raging Bolt\n|-damage|p2a: Raging Bolt|4\/100 tox\n|-unboost|p1a: Flamigo|def|1\n|-unboost|p1a: Flamigo|spd|1\n|move|p1b: Muk|Knock Off|p2a: Raging Bolt\n|-damage|p2a: Raging Bolt|0 fnt\n|faint|p2a: Raging Bolt\n|-end|p2a: Raging Bolt|Protosynthesis|[silent]\n|\n|win|jvessel07\n|raw|jvessel07's rating: 1563 &rarr; <strong>1588<\/strong><br \/>(+25 for winning)\n|raw|Spottedwoot's rating: 1657 &rarr; <strong>1632<\/strong><br \/>(-25 for losing)\n|l|\u2606Spottedwoot\n|player|p2|\n|l|\u2606jvessel07\n|player|p1|\n","uploadtime":1739907734,"views":31,"formatid":"gen9vgc2025regg","rating":1588,"private":0,"password":null}