{"id":"gen9vgc2025regg-2303361099","format":"[Gen 9] VGC 2025 Reg G","players":["dnut1","notpickleVGC"],"log":"|j|\u2606dnut1\n|j|\u2606notpickleVGC\n|t:|1739913327\n|gametype|doubles\n|player|p1|dnut1|scientist|1601\n|player|p2|notpickleVGC|scott|1580\n|teamsize|p1|6\n|teamsize|p2|6\n|gen|9\n|tier|[Gen 9] VGC 2025 Reg G\n|rated|\n|rule|Species Clause: Limit one of each Pok\u00e9mon\n|rule|Item Clause: Limit 1 of each item\n|clearpoke\n|poke|p1|Miraidon, L50|\n|poke|p1|Ursaluna-Bloodmoon, L50, M|\n|poke|p1|Farigiraf, L50, M|\n|poke|p1|Iron Hands, L50|\n|poke|p1|Sneasler, L50, F|\n|poke|p1|Whimsicott, L50, F|\n|poke|p2|Zacian-*, L50|\n|poke|p2|Regidrago, L50|\n|poke|p2|Ogerpon-Cornerstone, L50, F|\n|poke|p2|Tornadus, L50, M|\n|poke|p2|Urshifu-*, L50, M|\n|poke|p2|Ditto, L50|\n|teampreview|4\nnotpickleVGC has agreed to open team sheets.\n|j| Jaaahsh\n|inactive|Battle timer is ON: inactive players will automatically lose when time's up. (requested by notpickleVGC)\n|\n|t:|1739913372\n|start\n|switch|p1a: Miraidon|Miraidon, L50|100\/100\n|switch|p1b: Sneasler|Sneasler, L50, F|100\/100\n|switch|p2a: Fairy Inspector|Regidrago, L50|100\/100\n|switch|p2b: Tornadus|Tornadus, L50, M|100\/100\n|-fieldstart|move: Electric Terrain|[from] ability: Hadron Engine|[of] p1a: Miraidon\n|-enditem|p1b: Sneasler|Electric Seed\n|-boost|p1b: Sneasler|def|1|[from] item: Electric Seed\n|turn|1\n|\n|t:|1739913397\n|move|p2b: Tornadus|Protect|p2b: Tornadus\n|-singleturn|p2b: Tornadus|Protect\n|move|p2a: Fairy Inspector|Protect|p2a: Fairy Inspector\n|-singleturn|p2a: Fairy Inspector|Protect\n|move|p1b: Sneasler|Dire Claw|p2a: Fairy Inspector\n|-activate|p2a: Fairy Inspector|move: Protect\n|move|p1a: Miraidon|Volt Switch|p2b: Tornadus\n|-activate|p2b: Tornadus|move: Protect\n|\n|upkeep\n|turn|2\n|\n|t:|1739913417\n|switch|p1a: Whimsicott|Whimsicott, L50, F|100\/100\n|move|p2b: Tornadus|Tailwind|p2b: Tornadus\n|-sidestart|p2: notpickleVGC|move: Tailwind\n|move|p1b: Sneasler|Dire Claw|p2a: Fairy Inspector\n|-damage|p2a: Fairy Inspector|54\/100\n|-status|p2a: Fairy Inspector|psn\n|move|p2a: Fairy Inspector|Draco Meteor|p1a: Whimsicott\n|-immune|p1a: Whimsicott\n|\n|-damage|p2a: Fairy Inspector|42\/100 psn|[from] psn\n|upkeep\n|turn|3\n|\n|t:|1739913437\n|move|p1a: Whimsicott|Encore|p2b: Tornadus\n|-start|p2b: Tornadus|Encore\n|move|p1b: Sneasler|Close Combat|p2a: Fairy Inspector\n|-damage|p2a: Fairy Inspector|0 fnt\n|-unboost|p1b: Sneasler|def|1\n|-unboost|p1b: Sneasler|spd|1\n|faint|p2a: Fairy Inspector\n|move|p2b: Tornadus|Tailwind||[still]\n|-fail|p2b: Tornadus\n|\n|upkeep\n|\n|t:|1739913445\n|switch|p2a: Fairy Eater|Zacian-Crowned, L50|100\/100\n|-ability|p2a: Fairy Eater|Intrepid Sword|boost\n|-boost|p2a: Fairy Eater|atk|1\n|turn|4\n|\n|t:|1739913454\n|switch|p2b: Urshifu|Urshifu-Rapid-Strike, L50, M|100\/100\n|move|p1a: Whimsicott|Tailwind|p1a: Whimsicott\n|-sidestart|p1: dnut1|move: Tailwind\n|move|p1b: Sneasler|Close Combat|p2a: Fairy Eater\n|-damage|p2a: Fairy Eater|50\/100\n|-unboost|p1b: Sneasler|def|1\n|-unboost|p1b: Sneasler|spd|1\n|move|p2a: Fairy Eater|Behemoth Blade|p1a: Whimsicott\n|-supereffective|p1a: Whimsicott\n|-damage|p1a: Whimsicott|0 fnt\n|faint|p1a: Whimsicott\n|\n|upkeep\n|\n|t:|1739913467\n|switch|p1a: Iron Hands|Iron Hands, L50|100\/100\n|-activate|p1a: Iron Hands|ability: Quark Drive\n|-start|p1a: Iron Hands|quarkdriveatk\n|turn|5\n|\n|t:|1739913484\n|move|p2a: Fairy Eater|Protect|p2a: Fairy Eater\n|-singleturn|p2a: Fairy Eater|Protect\n|move|p1a: Iron Hands|Fake Out|p2b: Urshifu\n|-damage|p2b: Urshifu|80\/100\n|move|p1b: Sneasler|Coaching|p1a: Iron Hands\n|-boost|p1a: Iron Hands|atk|1\n|-boost|p1a: Iron Hands|def|1\n|cant|p2b: Urshifu|flinch\n|\n|-sideend|p2: notpickleVGC|move: Tailwind\n|-fieldend|move: Electric Terrain\n|-end|p1a: Iron Hands|Quark Drive\n|upkeep\n|turn|6\n|\n|t:|1739913502\n|switch|p1b: Miraidon|Miraidon, L50|100\/100\n|-fieldstart|move: Electric Terrain|[from] ability: Hadron Engine|[of] p1b: Miraidon\n|-activate|p1a: Iron Hands|ability: Quark Drive\n|-start|p1a: Iron Hands|quarkdriveatk\n|switch|p2a: Tornadus|Tornadus, L50, M|100\/100\n|move|p2b: Urshifu|Surging Strikes|p1a: Iron Hands\n|-crit|p1a: Iron Hands\n|-damage|p1a: Iron Hands|78\/100\n|-crit|p1a: Iron Hands\n|-damage|p1a: Iron Hands|57\/100\n|-crit|p1a: Iron Hands\n|-damage|p1a: Iron Hands|34\/100\n|-hitcount|p1a: Iron Hands|3\n|move|p1a: Iron Hands|Drain Punch|p2a: Tornadus\n|-resisted|p2a: Tornadus\n|-damage|p2a: Tornadus|60\/100\n|-heal|p1a: Iron Hands|50\/100|[from] drain|[of] p2a: Tornadus\n|\n|upkeep\n|turn|7\n|inactive|dnut1 has 30 seconds left.\n|inactive|dnut1 has 20 seconds left.\n|\n|t:|1739913540\n|-terastallize|p2b: Urshifu|Grass\n|move|p2a: Tornadus|Tailwind|p2a: Tornadus\n|-sidestart|p2: notpickleVGC|move: Tailwind\n|move|p1b: Miraidon|Volt Switch|p2b: Urshifu\n|-resisted|p2b: Urshifu\n|-damage|p2b: Urshifu|14\/100\n|\n|t:|1739913547\n|switch|p1b: Sneasler|Sneasler, L50, F|100\/100|[from] Volt Switch\n|move|p2b: Urshifu|Surging Strikes|p1a: Iron Hands\n|-crit|p1a: Iron Hands\n|-damage|p1a: Iron Hands|28\/100\n|-crit|p1a: Iron Hands\n|-damage|p1a: Iron Hands|6\/100\n|-crit|p1a: Iron Hands\n|-damage|p1a: Iron Hands|0 fnt\n|faint|p1a: Iron Hands\n|-end|p1a: Iron Hands|Quark Drive|[silent]\n|-hitcount|p1: Iron Hands|3\n|\n|-sideend|p1: dnut1|move: Tailwind\n|upkeep\n|\n|t:|1739913549\n|switch|p1a: Miraidon|Miraidon, L50|100\/100\n|-activate|p1a: Miraidon|ability: Hadron Engine\n|turn|8\n|inactive|dnut1 has 30 seconds left.\n|\n|t:|1739913576\n|move|p1b: Sneasler|Fake Out|p2b: Urshifu\n|-damage|p2b: Urshifu|0 fnt\n|faint|p2b: Urshifu\n|move|p2a: Tornadus|Bleakwind Storm|p1a: Miraidon|[spread] p1a,p1b\n|-resisted|p1a: Miraidon\n|-supereffective|p1b: Sneasler\n|-damage|p1a: Miraidon|84\/100\n|-damage|p1b: Sneasler|3\/100\n|-unboost|p1a: Miraidon|spe|1\n|-unboost|p1b: Sneasler|spe|1\n|move|p1a: Miraidon|Electro Drift|p2a: Tornadus\n|-supereffective|p2a: Tornadus\n|-damage|p2a: Tornadus|0 fnt\n|faint|p2a: Tornadus\n|\n|upkeep\n|\n|t:|1739913582\n|switch|p2b: Fairy Eater|Zacian-Crowned, L50|50\/100\n|turn|9\n|\n|t:|1739913590\n|-terastallize|p1b: Sneasler|Stellar\n|move|p2b: Fairy Eater|Play Rough|p1a: Miraidon|[miss]\n|-miss|p2b: Fairy Eater|p1a: Miraidon\n|move|p1a: Miraidon|Electro Drift|p2b: Fairy Eater\n|-damage|p2b: Fairy Eater|0 fnt\n|faint|p2b: Fairy Eater\n|\n|win|dnut1\n|raw|dnut1's rating: 1601 &rarr; <strong>1620<\/strong><br \/>(+19 for winning)\n|raw|notpickleVGC's rating: 1580 &rarr; <strong>1561<\/strong><br \/>(-19 for losing)\n|j| illuminakiwii\n|l|\u2606notpickleVGC\n|player|p2|\n|l| Jaaahsh\n|l|\u2606dnut1\n|player|p1|\n|l| illuminakiwii\n","uploadtime":1739913801,"views":5,"formatid":"gen9vgc2025regg","rating":1561,"private":0,"password":null}