{"id":"gen9vgc2025regg-2303416466","format":"[Gen 9] VGC 2025 Reg G","players":["chin8","MegaBaumTV"],"log":"|j|\u2606chin8\n|j|\u2606MegaBaumTV\n|t:|1739919257\n|gametype|doubles\n|player|p1|chin8|gentleman-gen4dp|1654\n|player|p2|MegaBaumTV|dawn|1672\n|teamsize|p1|6\n|teamsize|p2|6\n|gen|9\n|tier|[Gen 9] VGC 2025 Reg G\n|rated|\n|rule|Species Clause: Limit one of each Pok\u00e9mon\n|rule|Item Clause: Limit 1 of each item\n|clearpoke\n|poke|p1|Calyrex-Shadow, L50|\n|poke|p1|Incineroar, L50, M|\n|poke|p1|Rillaboom, L50, F|\n|poke|p1|Gastrodon-East, L50, M|\n|poke|p1|Hitmonchan, L50, M|\n|poke|p1|Tropius, L50, F|\n|poke|p2|Incineroar, L50, M|\n|poke|p2|Rillaboom, L50, F|\n|poke|p2|Calyrex-Ice, L50|\n|poke|p2|Urshifu-*, L50, M|\n|poke|p2|Pelipper, L50, M|\n|poke|p2|Raging Bolt, L50|\n|teampreview|4\n|\n|t:|1739919285\n|start\n|switch|p1a: Incineroar|Incineroar, L50, M|100\/100\n|switch|p1b: Calyrex|Calyrex-Shadow, L50|100\/100\n|switch|p2a: Calyrex|Calyrex-Ice, L50|100\/100\n|switch|p2b: Pelipper|Pelipper, L50, M, shiny|100\/100\n|-ability|p1b: Calyrex|As One\n|-ability|p1b: Calyrex|Unnerve\n|-ability|p2a: Calyrex|As One\n|-ability|p2a: Calyrex|Unnerve\n|-weather|RainDance|[from] ability: Drizzle|[of] p2b: Pelipper\n|-ability|p1a: Incineroar|Intimidate|boost\n|-fail|p2a: Calyrex|unboost|[from] item: Clear Amulet|[of] p2a: Calyrex\n|-unboost|p2b: Pelipper|atk|1\n|turn|1\n|\n|t:|1739919319\n|switch|p1b: Gastrodon|Gastrodon-East, L50, M, shiny|100\/100\n|-terastallize|p2b: Pelipper|Ghost\n|move|p2b: Pelipper|Wide Guard|p2b: Pelipper\n|-singleturn|p2b: Pelipper|Wide Guard\n|move|p1a: Incineroar|Will-O-Wisp|p2a: Calyrex\n|-status|p2a: Calyrex|brn\n|move|p2a: Calyrex|Trick Room|p2a: Calyrex\n|-fieldstart|move: Trick Room|[of] p2a: Calyrex\n|\n|-weather|RainDance|[upkeep]\n|-damage|p2a: Calyrex|95\/100 brn|[from] brn\n|upkeep\n|turn|2\n|\n|t:|1739919339\n|move|p1b: Gastrodon|Earth Power|p2b: Pelipper\n|-damage|p2b: Pelipper|46\/100\n|move|p2a: Calyrex|High Horsepower|p1a: Incineroar\n|-supereffective|p1a: Incineroar\n|-damage|p1a: Incineroar|64\/100\n|move|p1a: Incineroar|Knock Off|p2b: Pelipper\n|-supereffective|p2b: Pelipper\n|-damage|p2b: Pelipper|0 fnt\n|-enditem|p2b: Pelipper|Focus Sash|[from] move: Knock Off|[of] p1a: Incineroar\n|faint|p2b: Pelipper\n|\n|-weather|RainDance|[upkeep]\n|-damage|p2a: Calyrex|89\/100 brn|[from] brn\n|upkeep\n|\n|t:|1739919350\n|switch|p2b: Raging Bolt|Raging Bolt, L50|100\/100\n|-enditem|p2b: Raging Bolt|Booster Energy\n|-activate|p2b: Raging Bolt|ability: Protosynthesis|[fromitem]\n|-start|p2b: Raging Bolt|protosynthesisspa\n|turn|3\n|\n|t:|1739919360\n|move|p1b: Gastrodon|Protect|p1b: Gastrodon\n|-singleturn|p1b: Gastrodon|Protect\n|move|p2a: Calyrex|Glacial Lance|p1a: Incineroar|[spread] p1a\n|-activate|p1b: Gastrodon|move: Protect\n|-resisted|p1a: Incineroar\n|-damage|p1a: Incineroar|50\/100\n|move|p1a: Incineroar|Parting Shot|p2b: Raging Bolt\n|-unboost|p2b: Raging Bolt|atk|1\n|-unboost|p2b: Raging Bolt|spa|1\n|\n|t:|1739919369\n|switch|p1a: Tropius|Tropius, L50, F|100\/100|[from] Parting Shot\n|move|p2b: Raging Bolt|Draco Meteor|p1b: Gastrodon\n|-activate|p1b: Gastrodon|move: Protect\n|\n|-weather|RainDance|[upkeep]\n|-damage|p2a: Calyrex|83\/100 brn|[from] brn\n|upkeep\n|turn|4\n|\n|t:|1739919382\n|-end|p2b: Raging Bolt|Protosynthesis|[silent]\n|switch|p2b: Rillaboom|Rillaboom, L50, F, shiny|100\/100\n|-fieldstart|move: Grassy Terrain|[from] ability: Grassy Surge|[of] p2b: Rillaboom\n|move|p1a: Tropius|Wide Guard|p1a: Tropius\n|-singleturn|p1a: Tropius|Wide Guard\n|move|p1b: Gastrodon|Earth Power|p2b: Rillaboom\n|-resisted|p2b: Rillaboom\n|-damage|p2b: Rillaboom|89\/100\n|move|p2a: Calyrex|Glacial Lance|p1b: Gastrodon|[spread] \n|-activate|p1a: Tropius|move: Wide Guard\n|-activate|p1b: Gastrodon|move: Wide Guard\n|\n|-weather|RainDance|[upkeep]\n|-heal|p2a: Calyrex|89\/100 brn|[from] Grassy Terrain\n|-heal|p2b: Rillaboom|95\/100|[from] Grassy Terrain\n|-damage|p2a: Calyrex|83\/100 brn|[from] brn\n|upkeep\n|turn|5\n|\n|t:|1739919399\n|switch|p1a: Incineroar|Incineroar, L50, M|50\/100\n|-ability|p1a: Incineroar|Intimidate|boost\n|-fail|p2a: Calyrex|unboost|[from] item: Clear Amulet|[of] p2a: Calyrex\n|-unboost|p2b: Rillaboom|atk|1\n|move|p1b: Gastrodon|Protect|p1b: Gastrodon\n|-singleturn|p1b: Gastrodon|Protect\n|move|p2a: Calyrex|Glacial Lance|p1a: Incineroar|[spread] p1a\n|-activate|p1b: Gastrodon|move: Protect\n|-resisted|p1a: Incineroar\n|-damage|p1a: Incineroar|38\/100\n|move|p2b: Rillaboom|U-turn|p1a: Incineroar\n|-damage|p1a: Incineroar|24\/100\n|\n|t:|1739919411\n|switch|p2b: Raging Bolt|Raging Bolt, L50|100\/100|[from] U-turn\n|\n|-weather|none\n|-heal|p2a: Calyrex|89\/100 brn|[from] Grassy Terrain\n|-heal|p1a: Incineroar|30\/100|[from] Grassy Terrain\n|-damage|p2a: Calyrex|83\/100 brn|[from] brn\n|-fieldend|move: Trick Room\n|upkeep\n|turn|6\n|inactive|Battle timer is ON: inactive players will automatically lose when time's up. (requested by chin8)\n|\n|t:|1739919436\n|move|p2b: Raging Bolt|Draco Meteor|p1b: Gastrodon|[miss]\n|-miss|p2b: Raging Bolt|p1b: Gastrodon\n|move|p1a: Incineroar|Will-O-Wisp|p2b: Raging Bolt\n|-status|p2b: Raging Bolt|brn\n|move|p2a: Calyrex|High Horsepower|p1a: Incineroar\n|-supereffective|p1a: Incineroar\n|-damage|p1a: Incineroar|0 fnt\n|faint|p1a: Incineroar\n|-ability|p2a: Calyrex|Chilling Neigh|boost\n|-boost|p2a: Calyrex|atk|1\n|move|p1b: Gastrodon|Earth Power|p2b: Raging Bolt\n|-supereffective|p2b: Raging Bolt\n|-damage|p2b: Raging Bolt|52\/100 brn\n|\n|-heal|p2b: Raging Bolt|59\/100 brn|[from] Grassy Terrain\n|-heal|p2a: Calyrex|89\/100 brn|[from] Grassy Terrain\n|-damage|p2b: Raging Bolt|52\/100 brn|[from] brn\n|-damage|p2a: Calyrex|83\/100 brn|[from] brn\n|upkeep\n|\n|t:|1739919442\n|switch|p1a: Calyrex|Calyrex-Shadow, L50|100\/100\n|-ability|p1a: Calyrex|As One\n|-ability|p1a: Calyrex|Unnerve\n|turn|7\n|inactive|MegaBaumTV has 30 seconds left.\n|\n|t:|1739919470\n|move|p2b: Raging Bolt|Thunderclap|p1a: Calyrex\n|-damage|p1a: Calyrex|60\/100\n|move|p1a: Calyrex|Astral Barrage|p2b: Raging Bolt|[spread] p2a,p2b\n|-supereffective|p2a: Calyrex\n|-damage|p2a: Calyrex|15\/100 brn\n|-damage|p2b: Raging Bolt|5\/100 brn\n|move|p2a: Calyrex|Glacial Lance|p1a: Calyrex|[spread] p1a,p1b\n|-damage|p1a: Calyrex|15\/100\n|-damage|p1b: Gastrodon|56\/100\n|move|p1b: Gastrodon|Earth Power|p2a: Calyrex\n|-damage|p2a: Calyrex|0 fnt\n|faint|p2a: Calyrex\n|\n|-heal|p1a: Calyrex|21\/100|[from] Grassy Terrain\n|-heal|p2b: Raging Bolt|11\/100 brn|[from] Grassy Terrain\n|-heal|p1b: Gastrodon|62\/100|[from] Grassy Terrain\n|-heal|p1b: Gastrodon|67\/100|[from] item: Leftovers\n|-damage|p2b: Raging Bolt|5\/100 brn|[from] brn\n|upkeep\n|\n|t:|1739919488\n|switch|p2a: Rillaboom|Rillaboom, L50, F, shiny|95\/100\n|turn|8\n|\n|t:|1739919498\n|move|p1a: Calyrex|Protect|p1a: Calyrex\n|-singleturn|p1a: Calyrex|Protect\n|move|p1b: Gastrodon|Protect|p1b: Gastrodon\n|-singleturn|p1b: Gastrodon|Protect\n|move|p2b: Raging Bolt|Thunderclap||[still]\n|-fail|p2b: Raging Bolt\n|move|p2a: Rillaboom|Wood Hammer|p1b: Gastrodon\n|-activate|p1b: Gastrodon|move: Protect\n|\n|-heal|p1a: Calyrex|27\/100|[from] Grassy Terrain\n|-heal|p2a: Rillaboom|100\/100|[from] Grassy Terrain\n|-heal|p2b: Raging Bolt|11\/100 brn|[from] Grassy Terrain\n|-heal|p1b: Gastrodon|73\/100|[from] Grassy Terrain\n|-heal|p1b: Gastrodon|79\/100|[from] item: Leftovers\n|-damage|p2b: Raging Bolt|5\/100 brn|[from] brn\n|-fieldend|move: Grassy Terrain\n|upkeep\n|turn|9\n|\n|t:|1739919519\n|switch|p1a: Tropius|Tropius, L50, F|100\/100\n|move|p2a: Rillaboom|Wood Hammer|p1b: Gastrodon\n|-supereffective|p1b: Gastrodon\n|-damage|p1b: Gastrodon|0 fnt\n|faint|p1b: Gastrodon\n|-damage|p2a: Rillaboom|73\/100|[from] Recoil\n|move|p2b: Raging Bolt|Draco Meteor|p1a: Tropius\n|-damage|p1a: Tropius|51\/100\n|-unboost|p2b: Raging Bolt|spa|2\n|\n|-damage|p2b: Raging Bolt|0 fnt|[from] brn\n|faint|p2b: Raging Bolt\n|-end|p2b: Raging Bolt|Protosynthesis|[silent]\n|upkeep\n|\n|t:|1739919525\n|switch|p1b: Calyrex|Calyrex-Shadow, L50|27\/100\n|-ability|p1b: Calyrex|As One\n|-ability|p1b: Calyrex|Unnerve\n|turn|10\n|\n|t:|1739919538\n|move|p1b: Calyrex|Protect|p1b: Calyrex\n|-singleturn|p1b: Calyrex|Protect\n|move|p2a: Rillaboom|Wood Hammer|p1b: Calyrex\n|-activate|p1b: Calyrex|move: Protect\n|move|p1a: Tropius|Hurricane|p2a: Rillaboom|[miss]\n|-miss|p1a: Tropius|p2a: Rillaboom\n|\n|upkeep\n|turn|11\n|-message|MegaBaumTV forfeited.\n|\n|win|chin8\n|raw|chin8's rating: 1654 &rarr; <strong>1675<\/strong><br \/>(+21 for winning)\n|raw|MegaBaumTV's rating: 1672 &rarr; <strong>1651<\/strong><br \/>(-21 for losing)\n|l|\u2606MegaBaumTV\n|player|p2|\n|l|\u2606chin8\n|player|p1|\n","uploadtime":1739919756,"views":7,"formatid":"gen9vgc2025regg","rating":1651,"private":0,"password":null}