{"id":"gen9vgc2025regg-2303624731","format":"[Gen 9] VGC 2025 Reg G","players":["bidoofutopia","test7301"],"log":"|j|\u2606bidoofutopia\n|j|\u2606test7301\n|t:|1739949410\n|gametype|doubles\n|player|p1|bidoofutopia|artist|1716\n|player|p2|test7301|102|1636\n|teamsize|p1|6\n|teamsize|p2|6\n|gen|9\n|tier|[Gen 9] VGC 2025 Reg G\n|rated|\n|rule|Species Clause: Limit one of each Pok\u00e9mon\n|rule|Item Clause: Limit 1 of each item\n|clearpoke\n|poke|p1|Urshifu-*, L50, M|\n|poke|p1|Farigiraf, L50, F|\n|poke|p1|Grimmsnarl, L50, M|\n|poke|p1|Iron Hands, L50|\n|poke|p1|Miraidon, L50|\n|poke|p1|Ogerpon-Hearthflame, L50, F|\n|poke|p2|Kyogre, L50|\n|poke|p2|Urshifu-*, L50, M|\n|poke|p2|Rillaboom, L50, F|\n|poke|p2|Landorus, L50, M|\n|poke|p2|Tornadus, L50, M|\n|poke|p2|Raging Bolt, L50|\n|teampreview|4\n|inactive|Battle timer is ON: inactive players will automatically lose when time's up. (requested by bidoofutopia)\n|inactive|test7301 has 60 seconds left.\n|\n|t:|1739949450\n|start\n|switch|p1a: Grimmsnarl|Grimmsnarl, L50, M|100\/100\n|switch|p1b: Iron Hands|Iron Hands, L50|100\/100\n|switch|p2a: Kyogre|Kyogre, L50|100\/100\n|switch|p2b: Landorus|Landorus, L50, M|100\/100\n|-weather|RainDance|[from] ability: Drizzle|[of] p2a: Kyogre\n|turn|1\n|j| Rabbihorn\n|inactive|bidoofutopia has 30 seconds left.\n|inactive|bidoofutopia has 20 seconds left.\n|inactive|bidoofutopia has 15 seconds left.\n|\n|t:|1739949493\n|move|p1b: Iron Hands|Fake Out|p2b: Landorus\n|-damage|p2b: Landorus|82\/100\n|move|p1a: Grimmsnarl|Light Screen|p1a: Grimmsnarl\n|-sidestart|p1: bidoofutopia|move: Light Screen\n|move|p2a: Kyogre|Water Spout|p1a: Grimmsnarl|[spread] p1a,p1b\n|-damage|p1a: Grimmsnarl|40\/100\n|-damage|p1b: Iron Hands|67\/100\n|cant|p2b: Landorus|flinch\n|\n|-weather|RainDance|[upkeep]\n|upkeep\n|turn|2\n|j| huangz45\n|inactive|bidoofutopia has 30 seconds left.\n|inactive|test7301 has 30 seconds left.\n|\n|t:|1739949521\n|switch|p2a: Rillaboom|Rillaboom, L50, F|100\/100\n|-fieldstart|move: Grassy Terrain|[from] ability: Grassy Surge|[of] p2a: Rillaboom\n|-terastallize|p1b: Iron Hands|Grass\n|move|p2b: Landorus|Sandsear Storm|p1a: Grimmsnarl|[spread] p1a,p1b\n|-resisted|p1b: Iron Hands\n|-damage|p1a: Grimmsnarl|3\/100\n|-damage|p1b: Iron Hands|57\/100\n|move|p1a: Grimmsnarl|Spirit Break|p2b: Landorus\n|-damage|p2b: Landorus|46\/100\n|-unboost|p2b: Landorus|spa|1\n|move|p1b: Iron Hands|Low Kick|p2a: Rillaboom\n|-damage|p2a: Rillaboom|54\/100\n|\n|-weather|RainDance|[upkeep]\n|-heal|p2a: Rillaboom|59\/100|[from] Grassy Terrain\n|-heal|p1a: Grimmsnarl|9\/100|[from] Grassy Terrain\n|-heal|p1b: Iron Hands|63\/100|[from] Grassy Terrain\n|upkeep\n|turn|3\n|inactive|test7301 has 30 seconds left.\n|\n|t:|1739949549\n|move|p1a: Grimmsnarl|Reflect|p1a: Grimmsnarl\n|-sidestart|p1: bidoofutopia|Reflect\n|move|p2b: Landorus|Sludge Bomb|p1b: Iron Hands\n|-supereffective|p1b: Iron Hands\n|-damage|p1b: Iron Hands|42\/100\n|move|p2a: Rillaboom|U-turn|p1a: Grimmsnarl\n|-crit|p1a: Grimmsnarl\n|-damage|p1a: Grimmsnarl|0 fnt\n|faint|p1a: Grimmsnarl\n|\n|t:|1739949554\n|switch|p2a: Raging Bolt|Raging Bolt, L50|100\/100|[from] U-turn\n|-enditem|p2a: Raging Bolt|Booster Energy\n|-activate|p2a: Raging Bolt|ability: Protosynthesis|[fromitem]\n|-start|p2a: Raging Bolt|protosynthesisspa\n|move|p1b: Iron Hands|Drain Punch|p2a: Raging Bolt\n|-damage|p2a: Raging Bolt|63\/100\n|-heal|p1b: Iron Hands|61\/100|[from] drain|[of] p2a: Raging Bolt\n|\n|-weather|RainDance|[upkeep]\n|-heal|p2a: Raging Bolt|69\/100|[from] Grassy Terrain\n|-heal|p1b: Iron Hands|67\/100|[from] Grassy Terrain\n|upkeep\n|\n|t:|1739949569\n|switch|p1a: Miraidon|Miraidon, L50|100\/100\n|-fieldstart|move: Electric Terrain|[from] ability: Hadron Engine|[of] p1a: Miraidon\n|-activate|p1b: Iron Hands|ability: Quark Drive\n|-start|p1b: Iron Hands|quarkdriveatk\n|turn|4\n|\n|t:|1739949590\n|move|p2b: Landorus|Protect|p2b: Landorus\n|-singleturn|p2b: Landorus|Protect\n|move|p2a: Raging Bolt|Protect|p2a: Raging Bolt\n|-singleturn|p2a: Raging Bolt|Protect\n|move|p1a: Miraidon|Dazzling Gleam|p2a: Raging Bolt|[spread] \n|-activate|p2a: Raging Bolt|move: Protect\n|-activate|p2b: Landorus|move: Protect\n|move|p1b: Iron Hands|Low Kick|p2a: Raging Bolt\n|-activate|p2a: Raging Bolt|move: Protect\n|\n|-weather|RainDance|[upkeep]\n|upkeep\n|turn|5\n|\n|t:|1739949614\n|switch|p2b: Rillaboom|Rillaboom, L50, F|59\/100\n|-fieldstart|move: Grassy Terrain|[from] ability: Grassy Surge|[of] p2b: Rillaboom\n|-end|p1b: Iron Hands|Quark Drive\n|-terastallize|p2a: Raging Bolt|Electric\n|move|p1a: Miraidon|Dazzling Gleam|p2a: Raging Bolt|[spread] p2a,p2b\n|-crit|p2b: Rillaboom\n|-damage|p2a: Raging Bolt|38\/100\n|-damage|p2b: Rillaboom|25\/100\n|move|p2a: Raging Bolt|Draco Meteor|p1a: Miraidon\n|-supereffective|p1a: Miraidon\n|-damage|p1a: Miraidon|0 fnt\n|-unboost|p2a: Raging Bolt|spa|2\n|faint|p1a: Miraidon\n|move|p1b: Iron Hands|Wild Charge|p2a: Raging Bolt\n|-resisted|p2a: Raging Bolt\n|-damage|p2a: Raging Bolt|16\/100\n|-damage|p1b: Iron Hands|62\/100|[from] Recoil\n|\n|-weather|none\n|-heal|p2b: Rillaboom|31\/100|[from] Grassy Terrain\n|-heal|p2a: Raging Bolt|22\/100|[from] Grassy Terrain\n|-heal|p1b: Iron Hands|68\/100|[from] Grassy Terrain\n|upkeep\n|\n|t:|1739949625\n|switch|p1a: Urshifu|Urshifu-Rapid-Strike, L50, M|100\/100\n|turn|6\n|\n|t:|1739949646\n|move|p1a: Urshifu|Aqua Jet|p2a: Raging Bolt\n|-damage|p2a: Raging Bolt|0 fnt\n|faint|p2a: Raging Bolt\n|-end|p2a: Raging Bolt|Protosynthesis|[silent]\n|move|p2b: Rillaboom|Grassy Glide|p1a: Urshifu\n|-supereffective|p1a: Urshifu\n|-damage|p1a: Urshifu|53\/100\n|move|p1b: Iron Hands|Drain Punch|p2b: Rillaboom\n|-damage|p2b: Rillaboom|0 fnt\n|-heal|p1b: Iron Hands|81\/100|[from] drain|[of] p2b: Rillaboom\n|faint|p2b: Rillaboom\n|\n|-heal|p1a: Urshifu|59\/100|[from] Grassy Terrain\n|-heal|p1b: Iron Hands|87\/100|[from] Grassy Terrain\n|upkeep\n|\n|t:|1739949652\n|switch|p2b: Kyogre|Kyogre, L50|100\/100\n|switch|p2a: Landorus|Landorus, L50, M|46\/100\n|-weather|RainDance|[from] ability: Drizzle|[of] p2b: Kyogre\n|turn|7\n|\n|t:|1739949669\n|move|p1a: Urshifu|Aqua Jet|p2a: Landorus\n|-supereffective|p2a: Landorus\n|-damage|p2a: Landorus|0 fnt\n|faint|p2a: Landorus\n|move|p2b: Kyogre|Thunder|p1a: Urshifu\n|-supereffective|p1a: Urshifu\n|-damage|p1a: Urshifu|0 fnt\n|faint|p1a: Urshifu\n|move|p1b: Iron Hands|Wild Charge|p2b: Kyogre\n|-supereffective|p2b: Kyogre\n|-damage|p2b: Kyogre|0 fnt\n|faint|p2b: Kyogre\n|-damage|p1b: Iron Hands|69\/100|[from] Recoil\n|\n|win|bidoofutopia\n|raw|bidoofutopia's rating: 1716 &rarr; <strong>1731<\/strong><br \/>(+15 for winning)\n|raw|test7301's rating: 1636 &rarr; <strong>1621<\/strong><br \/>(-15 for losing)\n|l|\u2606test7301\n|player|p2|\n|l|\u2606bidoofutopia\n|player|p1|\n","uploadtime":1739949684,"views":5,"formatid":"gen9vgc2025regg","rating":1621,"private":0,"password":null}