{"id":"gen9vgc2025regg-2303910831","format":"[Gen 9] VGC 2025 Reg G","players":["firepatriley","Doc_MrMega"],"log":"|j|\u2606firepatriley\n|j|\u2606Doc_MrMega\n|t:|1739988051\n|gametype|doubles\n|player|p1|firepatriley|265|1664\n|player|p2|Doc_MrMega|lucas|1751\n|teamsize|p1|6\n|teamsize|p2|6\n|gen|9\n|tier|[Gen 9] VGC 2025 Reg G\n|rated|\n|rule|Species Clause: Limit one of each Pok\u00e9mon\n|rule|Item Clause: Limit 1 of each item\n|clearpoke\n|poke|p1|Lunala, L50|\n|poke|p1|Rillaboom, L50, M|\n|poke|p1|Urshifu-*, L50, M|\n|poke|p1|Ursaluna, L50, M|\n|poke|p1|Incineroar, L50, F|\n|poke|p1|Amoonguss, L50, M|\n|poke|p2|Calyrex-Ice, L50|\n|poke|p2|Landorus, L50, M|\n|poke|p2|Amoonguss, L50, F|\n|poke|p2|Urshifu-*, L50, F|\n|poke|p2|Roaring Moon, L50|\n|poke|p2|Ogerpon-Hearthflame, L50, F|\n|teampreview|4\n|inactive|Battle timer is ON: inactive players will automatically lose when time's up. (requested by Doc_MrMega)\n|\n|t:|1739988078\n|start\n|switch|p1a: Urshifu|Urshifu-Rapid-Strike, L50, M|100\/100\n|switch|p1b: Lunala|Lunala, L50|100\/100\n|switch|p2a: Urshifu|Urshifu-Rapid-Strike, L50, F|100\/100\n|switch|p2b: Calyrex|Calyrex-Ice, L50|100\/100\n|-ability|p2b: Calyrex|As One\n|-ability|p2b: Calyrex|Unnerve\n|turn|1\n|inactive|firepatriley has 30 seconds left.\n|\n|t:|1739988111\n|move|p1a: Urshifu|Close Combat|p2b: Calyrex\n|-damage|p2b: Calyrex|60\/100\n|-unboost|p1a: Urshifu|def|1\n|-unboost|p1a: Urshifu|spd|1\n|move|p2a: Urshifu|Surging Strikes|p1b: Lunala\n|-crit|p1b: Lunala\n|-damage|p1b: Lunala|90\/100\n|-crit|p1b: Lunala\n|-damage|p1b: Lunala|71\/100\n|-crit|p1b: Lunala\n|-damage|p1b: Lunala|51\/100\n|-hitcount|p1b: Lunala|3\n|move|p1b: Lunala|Meteor Beam||[still]\n|-prepare|p1b: Lunala|Meteor Beam\n|-boost|p1b: Lunala|spa|1\n|-enditem|p1b: Lunala|Power Herb\n|-anim|p1b: Lunala|Meteor Beam|p2b: Calyrex\n|-supereffective|p2b: Calyrex\n|-damage|p2b: Calyrex|0 fnt\n|faint|p2b: Calyrex\n|\n|upkeep\n|\n|t:|1739988123\n|switch|p2b: Roaring Moon|Roaring Moon, L50|100\/100\n|-enditem|p2b: Roaring Moon|Booster Energy\n|-activate|p2b: Roaring Moon|ability: Protosynthesis|[fromitem]\n|-start|p2b: Roaring Moon|protosynthesisspe\n|turn|2\n|\n|t:|1739988136\n|switch|p1b: Rillaboom|Rillaboom, L50, M|100\/100\n|-fieldstart|move: Grassy Terrain|[from] ability: Grassy Surge|[of] p1b: Rillaboom\n|move|p2b: Roaring Moon|Acrobatics|p1a: Urshifu\n|-supereffective|p1a: Urshifu\n|-enditem|p1a: Urshifu|Focus Sash\n|-damage|p1a: Urshifu|1\/100\n|move|p1a: Urshifu|Close Combat|p2b: Roaring Moon\n|-supereffective|p2b: Roaring Moon\n|-damage|p2b: Roaring Moon|0 fnt\n|-unboost|p1a: Urshifu|def|1\n|-unboost|p1a: Urshifu|spd|1\n|faint|p2b: Roaring Moon\n|-end|p2b: Roaring Moon|Protosynthesis|[silent]\n|move|p2a: Urshifu|Surging Strikes|p1b: Rillaboom\n|-resisted|p1b: Rillaboom\n|-crit|p1b: Rillaboom\n|-damage|p1b: Rillaboom|90\/100\n|-resisted|p1b: Rillaboom\n|-crit|p1b: Rillaboom\n|-damage|p1b: Rillaboom|80\/100\n|-resisted|p1b: Rillaboom\n|-crit|p1b: Rillaboom\n|-damage|p1b: Rillaboom|70\/100\n|-hitcount|p1b: Rillaboom|3\n|\n|-heal|p1a: Urshifu|7\/100|[from] Grassy Terrain\n|-heal|p1b: Rillaboom|76\/100|[from] Grassy Terrain\n|upkeep\n|\n|t:|1739988143\n|switch|p2b: Landorus|Landorus, L50, M|100\/100\n|turn|3\n|inactive|firepatriley has 30 seconds left.\n|inactive|firepatriley has 20 seconds left.\n|inactive|firepatriley has 15 seconds left.\n|j| revplog\n|\n|t:|1739988186\n|-terastallize|p2b: Landorus|Water\n|move|p1b: Rillaboom|Fake Out|p2a: Urshifu\n|-damage|p2a: Urshifu|88\/100\n|move|p1a: Urshifu|Surging Strikes|p2b: Landorus\n|-resisted|p2b: Landorus\n|-crit|p2b: Landorus\n|-damage|p2b: Landorus|90\/100\n|-resisted|p2b: Landorus\n|-crit|p2b: Landorus\n|-damage|p2b: Landorus|79\/100\n|-resisted|p2b: Landorus\n|-crit|p2b: Landorus\n|-damage|p2b: Landorus|69\/100\n|-hitcount|p2b: Landorus|3\n|move|p2b: Landorus|Sludge Bomb|p1b: Rillaboom\n|-supereffective|p1b: Rillaboom\n|-damage|p1b: Rillaboom|0 fnt\n|faint|p1b: Rillaboom\n|cant|p2a: Urshifu|flinch\n|\n|-heal|p1a: Urshifu|13\/100|[from] Grassy Terrain\n|-heal|p2b: Landorus|75\/100|[from] Grassy Terrain\n|-heal|p2a: Urshifu|94\/100|[from] Grassy Terrain\n|upkeep\n|\n|t:|1739988202\n|switch|p1b: Incineroar|Incineroar, L50, F|100\/100\n|-ability|p1b: Incineroar|Intimidate|boost\n|-unboost|p2a: Urshifu|atk|1\n|-unboost|p2b: Landorus|atk|1\n|turn|4\n|\n|t:|1739988216\n|-terastallize|p1a: Urshifu|Stellar\n|move|p1b: Incineroar|Fake Out|p2a: Urshifu\n|-damage|p2a: Urshifu|83\/100\n|move|p1a: Urshifu|Close Combat|p2b: Landorus\n|-damage|p2b: Landorus|0 fnt\n|-unboost|p1a: Urshifu|def|1\n|-unboost|p1a: Urshifu|spd|1\n|faint|p2b: Landorus\n|cant|p2a: Urshifu|flinch\n|\n|-heal|p1a: Urshifu|19\/100|[from] Grassy Terrain\n|-heal|p2a: Urshifu|89\/100|[from] Grassy Terrain\n|upkeep\n|turn|5\n|l| revplog\n|\n|t:|1739988240\n|switch|p1a: Lunala|Lunala, L50|51\/100\n|move|p2a: Urshifu|Surging Strikes|p1a: Lunala\n|-crit|p1a: Lunala\n|-damage|p1a: Lunala|30\/100\n|-crit|p1a: Lunala\n|-damage|p1a: Lunala|9\/100\n|-crit|p1a: Lunala\n|-damage|p1a: Lunala|0 fnt\n|faint|p1a: Lunala\n|-hitcount|p1: Lunala|3\n|move|p1b: Incineroar|Knock Off|p2a: Urshifu\n|-resisted|p2a: Urshifu\n|-crit|p2a: Urshifu\n|-damage|p2a: Urshifu|63\/100\n|-enditem|p2a: Urshifu|Mystic Water|[from] move: Knock Off|[of] p1b: Incineroar\n|\n|-heal|p2a: Urshifu|69\/100|[from] Grassy Terrain\n|upkeep\n|\n|t:|1739988245\n|switch|p1a: Urshifu|Urshifu-Rapid-Strike, L50, M, tera:Stellar|19\/100\n|turn|6\n|\n|t:|1739988252\n|move|p1a: Urshifu|Close Combat|p2a: Urshifu\n|-damage|p2a: Urshifu|12\/100\n|-unboost|p1a: Urshifu|def|1\n|-unboost|p1a: Urshifu|spd|1\n|move|p2a: Urshifu|Surging Strikes|p1a: Urshifu\n|-resisted|p1a: Urshifu\n|-crit|p1a: Urshifu\n|-damage|p1a: Urshifu|3\/100\n|-resisted|p1a: Urshifu\n|-crit|p1a: Urshifu\n|-damage|p1a: Urshifu|0 fnt\n|faint|p1a: Urshifu\n|-hitcount|p1: Urshifu|2\n|move|p1b: Incineroar|Flare Blitz|p2a: Urshifu\n|-resisted|p2a: Urshifu\n|-damage|p2a: Urshifu|0 fnt\n|faint|p2a: Urshifu\n|-damage|p1b: Incineroar|97\/100|[from] Recoil\n|\n|win|firepatriley\n|raw|firepatriley's rating: 1664 &rarr; <strong>1689<\/strong><br \/>(+25 for winning)\n|raw|Doc_MrMega's rating: 1751 &rarr; <strong>1726<\/strong><br \/>(-25 for losing)\n|c|\u2606firepatriley|gg\n|l|\u2606firepatriley\n|player|p1|\n|l|\u2606Doc_MrMega\n|player|p2|\n","uploadtime":1739988463,"views":10,"formatid":"gen9vgc2025regg","rating":1689,"private":0,"password":null}