{"id":"gen9vgc2025regg-2303756321","format":"[Gen 9] VGC 2025 Reg G","players":["Snakewu","faric"],"log":"|j|\u2606Snakewu\n|j|\u203dfaric\n|t:|1739971726\n|gametype|doubles\n|player|p1|Snakewu|170|1516\n|player|p2|faric|169|1551\n|teamsize|p1|6\n|teamsize|p2|6\n|gen|9\n|tier|[Gen 9] VGC 2025 Reg G\n|rated|\n|rule|Species Clause: Limit one of each Pok\u00e9mon\n|rule|Item Clause: Limit 1 of each item\n|clearpoke\n|poke|p1|Koraidon, L50|\n|poke|p1|Flutter Mane, L50|\n|poke|p1|Entei, L50|\n|poke|p1|Raging Bolt, L50|\n|poke|p1|Umbreon, L50, F|\n|poke|p1|Ogerpon-Cornerstone, L50, F|\n|poke|p2|Calyrex-Ice, L50|\n|poke|p2|Indeedee-F, L50, F|\n|poke|p2|Annihilape, L50, F|\n|poke|p2|Heatran, L50, F|\n|poke|p2|Sinistcha, L50|\n|poke|p2|Iron Valiant, L50|\n|teampreview|4\n|inactive|Battle timer is ON: inactive players will automatically lose when time's up. (requested by faric)\n|inactive|Snakewu has 60 seconds left.\n|\n|t:|1739971776\n|start\n|switch|p1a: Entei|Entei, L50, shiny|100\/100\n|switch|p1b: Umbreon|Umbreon, L50, F, shiny|100\/100\n|switch|p2a: Calyrex|Calyrex-Ice, L50|100\/100\n|switch|p2b: Annihilape|Annihilape, L50, F|100\/100\n|-ability|p2a: Calyrex|As One\n|-ability|p2a: Calyrex|Unnerve\n|turn|1\n|inactive|faric has 30 seconds left.\n|inactive|Snakewu has 30 seconds left.\n|\n|t:|1739971814\n|switch|p2a: Indeedee|Indeedee-F, L50, F|100\/100\n|-fieldstart|move: Psychic Terrain|[from] ability: Psychic Surge|[of] p2a: Indeedee\n|-enditem|p2a: Indeedee|Psychic Seed\n|-boost|p2a: Indeedee|spd|1|[from] item: Psychic Seed\n|move|p2b: Annihilape|Taunt|p1b: Umbreon\n|-start|p1b: Umbreon|move: Taunt\n|move|p1a: Entei|Sacred Fire|p2b: Annihilape\n|-damage|p2b: Annihilape|16\/100\n|-status|p2b: Annihilape|brn\n|cant|p1b: Umbreon|move: Taunt|Yawn\n|\n|-damage|p2b: Annihilape|10\/100 brn|[from] brn\n|upkeep\n|turn|2\n|j| Arvidgstar\n|inactive|Snakewu has 30 seconds left.\n|inactive|faric has 30 seconds left.\n|inactive|Snakewu has 20 seconds left.\n|inactive|Snakewu has 15 seconds left.\n|inactive|Snakewu has 10 seconds left.\n|\n|t:|1739971861\n|switch|p1a: Raging Bolt|Raging Bolt, L50|100\/100\n|move|p2b: Annihilape|Close Combat|p1b: Umbreon\n|-supereffective|p1b: Umbreon\n|-crit|p1b: Umbreon\n|-damage|p1b: Umbreon|43\/100\n|-unboost|p2b: Annihilape|def|1\n|-unboost|p2b: Annihilape|spd|1\n|move|p1b: Umbreon|Foul Play|p2b: Annihilape\n|-crit|p2b: Annihilape\n|-damage|p2b: Annihilape|0 fnt\n|faint|p2b: Annihilape\n|move|p2a: Indeedee|Trick Room|p2a: Indeedee\n|-fieldstart|move: Trick Room|[of] p2a: Indeedee\n|\n|upkeep\n|\n|t:|1739971872\n|switch|p2b: Calyrex|Calyrex-Ice, L50|100\/100\n|-ability|p2b: Calyrex|As One\n|-ability|p2b: Calyrex|Unnerve\n|turn|3\n|\n|t:|1739971893\n|-terastallize|p1a: Raging Bolt|Fairy\n|move|p2a: Indeedee|Follow Me|p2a: Indeedee\n|-singleturn|p2a: Indeedee|move: Follow Me\n|move|p2b: Calyrex|Glacial Lance|p1a: Raging Bolt|[spread] p1a,p1b\n|-damage|p1a: Raging Bolt|50\/100\n|-damage|p1b: Umbreon|5\/100\n|move|p1b: Umbreon|Foul Play|p2a: Indeedee\n|-supereffective|p2a: Indeedee\n|-damage|p2a: Indeedee|69\/100\n|move|p1a: Raging Bolt|Thunderbolt|p2a: Indeedee\n|-damage|p2a: Indeedee|33\/100\n|\n|-end|p1b: Umbreon|move: Taunt\n|upkeep\n|turn|4\n|inactive|Snakewu has 30 seconds left.\n|inactive|Snakewu has 20 seconds left.\n|inactive|Snakewu has 15 seconds left.\n|\n|t:|1739971934\n|switch|p1b: Entei|Entei, L50, shiny|100\/100\n|move|p2a: Indeedee|Follow Me|p2a: Indeedee\n|-singleturn|p2a: Indeedee|move: Follow Me\n|move|p2b: Calyrex|Glacial Lance|p1b: Entei|[spread] p1a,p1b\n|-resisted|p1b: Entei\n|-damage|p1a: Raging Bolt|5\/100\n|-damage|p1b: Entei|72\/100\n|move|p1a: Raging Bolt|Thunderbolt|p2a: Indeedee\n|-damage|p2a: Indeedee|1\/100\n|\n|upkeep\n|turn|5\n|inactive|Snakewu has 30 seconds left.\n|\n|t:|1739971959\n|move|p2a: Indeedee|Follow Me|p2a: Indeedee\n|-singleturn|p2a: Indeedee|move: Follow Me\n|move|p2b: Calyrex|High Horsepower|p1b: Entei\n|-supereffective|p1b: Entei\n|-damage|p1b: Entei|0 fnt\n|faint|p1b: Entei\n|-ability|p2b: Calyrex|Chilling Neigh|boost\n|-boost|p2b: Calyrex|atk|1\n|move|p1a: Raging Bolt|Volt Switch|p2a: Indeedee\n|-damage|p2a: Indeedee|0 fnt\n|faint|p2a: Indeedee\n|\n|t:|1739971971\n|-end|p1a: Raging Bolt|Protosynthesis|[silent]\n|switch|p1a: Koraidon|Koraidon, L50|100\/100|[from] Volt Switch\n|-weather|SunnyDay|[from] ability: Orichalcum Pulse|[of] p1a: Koraidon\n|-activate|p1a: Koraidon|Orichalcum Pulse|[source]\n|\n|-weather|SunnyDay|[upkeep]\n|-fieldend|move: Psychic Terrain\n|upkeep\n|j| faceless_knigght\n|\n|t:|1739971984\n|switch|p2a: Sinistcha|Sinistcha, L50|100\/100\n|switch|p1b: Raging Bolt|Raging Bolt, L50, tera:Fairy|5\/100\n|-activate|p1b: Raging Bolt|ability: Protosynthesis\n|-start|p1b: Raging Bolt|protosynthesisspa\n|turn|6\n|\n|t:|1739971998\n|-terastallize|p2b: Calyrex|Water\n|move|p1a: Koraidon|Protect|p1a: Koraidon\n|-singleturn|p1a: Koraidon|Protect\n|move|p2a: Sinistcha|Rage Powder|p2a: Sinistcha\n|-singleturn|p2a: Sinistcha|move: Rage Powder\n|move|p1b: Raging Bolt|Thunderclap||[still]\n|-fail|p1b: Raging Bolt\n|move|p2b: Calyrex|Glacial Lance|p1b: Raging Bolt|[spread] p1b\n|-activate|p1a: Koraidon|move: Protect\n|-damage|p1b: Raging Bolt|0 fnt\n|faint|p1b: Raging Bolt\n|-end|p1b: Raging Bolt|Protosynthesis|[silent]\n|-ability|p2b: Calyrex|Chilling Neigh|boost\n|-boost|p2b: Calyrex|atk|1\n|\n|-weather|SunnyDay|[upkeep]\n|-fieldend|move: Trick Room\n|upkeep\n|\n|t:|1739972012\n|switch|p1b: Umbreon|Umbreon, L50, F, shiny|5\/100\n|turn|7\n|inactive|Snakewu has 30 seconds left.\n|\n|t:|1739972040\n|move|p1a: Koraidon|Flare Blitz|p2b: Calyrex\n|-resisted|p2b: Calyrex\n|-crit|p2b: Calyrex\n|-damage|p2b: Calyrex|58\/100\n|-damage|p1a: Koraidon|85\/100|[from] Recoil\n|move|p1b: Umbreon|Foul Play|p2b: Calyrex\n|-damage|p2b: Calyrex|0 fnt\n|faint|p2b: Calyrex\n|move|p2a: Sinistcha|Trick Room|p2a: Sinistcha\n|-fieldstart|move: Trick Room|[of] p2a: Sinistcha\n|\n|-weather|SunnyDay|[upkeep]\n|upkeep\n|turn|8\n|j| tetsuokaga\n|\n|t:|1739972056\n|move|p1b: Umbreon|Moonlight|p1b: Umbreon\n|-heal|p1b: Umbreon|72\/100\n|move|p2a: Sinistcha|Matcha Gotcha|p1a: Koraidon|[spread] p1a,p1b\n|-resisted|p1a: Koraidon\n|-damage|p1a: Koraidon|74\/100\n|-damage|p1b: Umbreon|57\/100\n|-status|p1b: Umbreon|brn\n|move|p1a: Koraidon|Flare Blitz|p2a: Sinistcha\n|-supereffective|p2a: Sinistcha\n|-damage|p2a: Sinistcha|0 fnt\n|-damage|p1a: Koraidon|58\/100|[from] item: Rocky Helmet|[of] p2a: Sinistcha\n|faint|p2a: Sinistcha\n|-damage|p1a: Koraidon|27\/100|[from] Recoil\n|\n|win|Snakewu\n|raw|Snakewu's rating: 1516 &rarr; <strong>1538<\/strong><br \/>(+22 for winning)\n|raw|faric's rating: 1551 &rarr; <strong>1529<\/strong><br \/>(-22 for losing)\n|l| tetsuokaga\n|l|\u203dfaric\n|player|p2|\n|l| Arvidgstar\n|l|\u2606Snakewu\n|player|p1|\n|l| faceless_knigght\n","uploadtime":1739972322,"views":5,"formatid":"gen9vgc2025regg","rating":1529,"private":0,"password":null}