{"id":"gen9vgc2025regg-2303139404","format":"[Gen 9] VGC 2025 Reg G","players":["GreaterBalrogCat","KDR-Alt-711"],"log":"|j|\u2606GreaterBalrogCat\n|j|\u2606KDR-Alt-711\n|t:|1739891336\n|gametype|doubles\n|player|p1|GreaterBalrogCat|sabrina|1599\n|player|p2|KDR-Alt-711|2|1691\n|teamsize|p1|6\n|teamsize|p2|6\n|gen|9\n|tier|[Gen 9] VGC 2025 Reg G\n|rated|\n|rule|Species Clause: Limit one of each Pok\u00e9mon\n|rule|Item Clause: Limit 1 of each item\n|clearpoke\n|poke|p1|Calyrex-Shadow, L50|\n|poke|p1|Smeargle, L50, M|\n|poke|p1|Tornadus, L50, M|\n|poke|p1|Incineroar, L50, M|\n|poke|p1|Iron Bundle, L50|\n|poke|p1|Rillaboom, L50, M|\n|poke|p2|Whimsicott, L50, F|\n|poke|p2|Entei, L50|\n|poke|p2|Flutter Mane, L50|\n|poke|p2|Groudon, L50|\n|poke|p2|Raging Bolt, L50|\n|poke|p2|Chi-Yu, L50|\n|teampreview|4\n|\n|t:|1739891363\n|start\n|switch|p1a: Incineroar|Incineroar, L50, M|100\/100\n|switch|p1b: Iron Bundle|Iron Bundle, L50|100\/100\n|switch|p2a: Raging Bolt|Raging Bolt, L50|100\/100\n|switch|p2b: Chi-Yu|Chi-Yu, L50|100\/100\n|-ability|p2b: Chi-Yu|Beads of Ruin\n|-ability|p1a: Incineroar|Intimidate|boost\n|-unboost|p2a: Raging Bolt|atk|1\n|-unboost|p2b: Chi-Yu|atk|1\n|-enditem|p1b: Iron Bundle|Booster Energy\n|-activate|p1b: Iron Bundle|ability: Quark Drive|[fromitem]\n|-start|p1b: Iron Bundle|quarkdrivespe\n|turn|1\n|inactive|Battle timer is ON: inactive players will automatically lose when time's up. (requested by KDR-Alt-711)\n|\n|t:|1739891389\n|switch|p2b: Flutter Mane|Flutter Mane, L50, shiny|100\/100\n|move|p1b: Iron Bundle|Protect|p1b: Iron Bundle\n|-singleturn|p1b: Iron Bundle|Protect\n|move|p2a: Raging Bolt|Electroweb|p1b: Iron Bundle|[spread] p1a\n|-activate|p1b: Iron Bundle|move: Protect\n|-damage|p1a: Incineroar|81\/100\n|-unboost|p1a: Incineroar|spe|1\n|move|p1a: Incineroar|Knock Off|p2a: Raging Bolt\n|-damage|p2a: Raging Bolt|60\/100\n|-enditem|p2a: Raging Bolt|Assault Vest|[from] move: Knock Off|[of] p1a: Incineroar\n|\n|upkeep\n|turn|2\n|inactive|GreaterBalrogCat has 30 seconds left.\n|inactive|KDR-Alt-711 has 30 seconds left.\n|\n|t:|1739891418\n|-end|p2b: Flutter Mane|Protosynthesis|[silent]\n|switch|p2b: Groudon|Groudon, L50, shiny|100\/100\n|-weather|SunnyDay|[from] ability: Drought|[of] p2b: Groudon\n|-activate|p2a: Raging Bolt|ability: Protosynthesis\n|-start|p2a: Raging Bolt|protosynthesisspa\n|move|p2a: Raging Bolt|Thunderclap|p1b: Iron Bundle\n|-supereffective|p1b: Iron Bundle\n|-damage|p1b: Iron Bundle|0 fnt\n|faint|p1b: Iron Bundle\n|-end|p1b: Iron Bundle|Quark Drive|[silent]\n|move|p1a: Incineroar|Parting Shot|p2b: Groudon\n|-fail|p2b: Groudon|unboost|[from] item: Clear Amulet|[of] p2b: Groudon\n|\n|-weather|SunnyDay|[upkeep]\n|upkeep\n|\n|t:|1739891431\n|switch|p1b: Tornadus|Tornadus, L50, M|100\/100\n|turn|3\n|\n|t:|1739891445\n|switch|p2b: Chi-Yu|Chi-Yu, L50|100\/100\n|-ability|p2b: Chi-Yu|Beads of Ruin\n|move|p1b: Tornadus|Rain Dance|p1b: Tornadus\n|-weather|RainDance\n|-end|p2a: Raging Bolt|Protosynthesis\n|move|p2a: Raging Bolt|Electroweb|p1b: Tornadus|[spread] p1a,p1b\n|-supereffective|p1b: Tornadus\n|-damage|p1a: Incineroar|54\/100\n|-damage|p1b: Tornadus|33\/100\n|-unboost|p1a: Incineroar|spe|1\n|move|p1a: Incineroar|Knock Off|p2b: Chi-Yu\n|-resisted|p2b: Chi-Yu\n|-damage|p2b: Chi-Yu|59\/100\n|-enditem|p2b: Chi-Yu|Choice Scarf|[from] move: Knock Off|[of] p1a: Incineroar\n|\n|-weather|RainDance|[upkeep]\n|upkeep\n|turn|4\n|\n|t:|1739891467\n|switch|p2b: Groudon|Groudon, L50, shiny|100\/100\n|-weather|SunnyDay|[from] ability: Drought|[of] p2b: Groudon\n|-activate|p2a: Raging Bolt|ability: Protosynthesis\n|-start|p2a: Raging Bolt|protosynthesisspa\n|move|p1b: Tornadus|Tailwind|p1b: Tornadus\n|-sidestart|p1: GreaterBalrogCat|move: Tailwind\n|move|p2a: Raging Bolt|Electroweb|p1a: Incineroar|[spread] p1a,p1b\n|-supereffective|p1b: Tornadus\n|-damage|p1a: Incineroar|27\/100\n|-damage|p1b: Tornadus|0 fnt\n|-unboost|p1a: Incineroar|spe|1\n|-enditem|p1a: Incineroar|Sitrus Berry|[eat]\n|-heal|p1a: Incineroar|52\/100|[from] item: Sitrus Berry\n|faint|p1b: Tornadus\n|move|p1a: Incineroar|Parting Shot|p2a: Raging Bolt\n|-unboost|p2a: Raging Bolt|atk|1\n|-unboost|p2a: Raging Bolt|spa|1\n|\n|t:|1739891482\n|switch|p1a: Calyrex|Calyrex-Shadow, L50|100\/100|[from] Parting Shot\n|-ability|p1a: Calyrex|As One\n|-ability|p1a: Calyrex|Unnerve\n|\n|-weather|SunnyDay|[upkeep]\n|upkeep\n|\n|t:|1739891488\n|switch|p1b: Incineroar|Incineroar, L50, M|52\/100\n|-ability|p1b: Incineroar|Intimidate|boost\n|-unboost|p2a: Raging Bolt|atk|1\n|-fail|p2b: Groudon|unboost|[from] item: Clear Amulet|[of] p2b: Groudon\n|turn|5\n|\n|t:|1739891499\n|move|p1b: Incineroar|Fake Out|p2b: Groudon\n|-damage|p2b: Groudon|92\/100\n|move|p1a: Calyrex|Nasty Plot|p1a: Calyrex\n|-boost|p1a: Calyrex|spa|2\n|cant|p2b: Groudon|flinch\n|move|p2a: Raging Bolt|Thunderbolt|p1a: Calyrex\n|-damage|p1a: Calyrex|61\/100\n|\n|-weather|SunnyDay|[upkeep]\n|upkeep\n|turn|6\n|j| pmg9\n|\n|t:|1739891515\n|-terastallize|p2a: Raging Bolt|Electric\n|move|p2b: Groudon|Helping Hand|p2a: Raging Bolt\n|-singleturn|p2a: Raging Bolt|Helping Hand|[of] p2b: Groudon\n|move|p2a: Raging Bolt|Thunderclap|p1a: Calyrex\n|-damage|p1a: Calyrex|0 fnt\n|faint|p1a: Calyrex\n|move|p1b: Incineroar|Knock Off|p2b: Groudon\n|-damage|p2b: Groudon|61\/100\n|-enditem|p2b: Groudon|Clear Amulet|[from] move: Knock Off|[of] p1b: Incineroar\n|\n|-weather|SunnyDay|[upkeep]\n|upkeep\n|turn|7\n|-message|GreaterBalrogCat forfeited.\n|\n|win|KDR-Alt-711\n|raw|GreaterBalrogCat's rating: 1599 &rarr; <strong>1584<\/strong><br \/>(-15 for losing)\n|raw|KDR-Alt-711's rating: 1691 &rarr; <strong>1706<\/strong><br \/>(+15 for winning)\n|l|\u2606GreaterBalrogCat\n|player|p1|\n|l| pmg9\n|l|\u2606KDR-Alt-711\n|player|p2|\n","uploadtime":1739891748,"views":14,"formatid":"gen9vgc2025regg","rating":1584,"private":0,"password":null}