{"id":"gen9vgc2025regg-2303333777","format":"[Gen 9] VGC 2025 Reg G","players":["MattManectric","dnut1"],"log":"|j|\u2606MattManectric\n|j|\u2606dnut1\n|t:|1739910550\n|gametype|doubles\n|player|p1|MattManectric|265|1680\n|player|p2|dnut1|scientist|1617\n|teamsize|p1|6\n|teamsize|p2|6\n|gen|9\n|tier|[Gen 9] VGC 2025 Reg G\n|rated|\n|rule|Species Clause: Limit one of each Pok\u00e9mon\n|rule|Item Clause: Limit 1 of each item\n|clearpoke\n|poke|p1|Amoonguss, L50, F|\n|poke|p1|Calyrex-Ice, L50|\n|poke|p1|Urshifu-*, L50, M|\n|poke|p1|Ogerpon-Hearthflame, L50, F|\n|poke|p1|Landorus, L50, M|\n|poke|p1|Roaring Moon, L50|\n|poke|p2|Miraidon, L50|\n|poke|p2|Ursaluna-Bloodmoon, L50, M|\n|poke|p2|Farigiraf, L50, M|\n|poke|p2|Iron Hands, L50|\n|poke|p2|Sneasler, L50, M|\n|poke|p2|Whimsicott, L50, F|\n|teampreview|4\n|\n|t:|1739910579\n|start\n|switch|p1a: Calyrex|Calyrex-Ice, L50|100\/100\n|switch|p1b: Amoonguss|Amoonguss, L50, F|100\/100\n|switch|p2a: Miraidon|Miraidon, L50|100\/100\n|switch|p2b: Sneasler|Sneasler, L50, M|100\/100\n|-ability|p1a: Calyrex|As One\n|-ability|p1a: Calyrex|Unnerve\n|-fieldstart|move: Electric Terrain|[from] ability: Hadron Engine|[of] p2a: Miraidon\n|-enditem|p2b: Sneasler|Electric Seed\n|-boost|p2b: Sneasler|def|1|[from] item: Electric Seed\n|turn|1\n|inactive|Battle timer is ON: inactive players will automatically lose when time's up. (requested by dnut1)\n|\n|t:|1739910597\n|move|p1a: Calyrex|Protect|p1a: Calyrex\n|-singleturn|p1a: Calyrex|Protect\n|move|p1b: Amoonguss|Protect|p1b: Amoonguss\n|-singleturn|p1b: Amoonguss|Protect\n|move|p2b: Sneasler|Fake Out|p1a: Calyrex\n|-activate|p1a: Calyrex|move: Protect\n|move|p2a: Miraidon|Volt Switch|p1b: Amoonguss\n|-activate|p1b: Amoonguss|move: Protect\n|\n|upkeep\n|turn|2\n|\n|t:|1739910621\n|move|p1b: Amoonguss|Rage Powder|p1b: Amoonguss\n|-singleturn|p1b: Amoonguss|move: Rage Powder\n|move|p2b: Sneasler|Dire Claw|p1b: Amoonguss\n|-damage|p1b: Amoonguss|62\/100\n|move|p2a: Miraidon|Volt Switch|p1b: Amoonguss\n|-resisted|p1b: Amoonguss\n|-damage|p1b: Amoonguss|20\/100\n|\n|t:|1739910628\n|switch|p2a: Iron Hands|Iron Hands, L50|100\/100|[from] Volt Switch\n|-activate|p2a: Iron Hands|ability: Quark Drive\n|-start|p2a: Iron Hands|quarkdriveatk\n|move|p1a: Calyrex|Glacial Lance|p2a: Iron Hands|[spread] p2a,p2b\n|-damage|p2a: Iron Hands|60\/100\n|-damage|p2b: Sneasler|43\/100\n|\n|upkeep\n|turn|3\n|\n|t:|1739910649\n|move|p1a: Calyrex|Protect|p1a: Calyrex\n|-singleturn|p1a: Calyrex|Protect\n|move|p1b: Amoonguss|Protect|p1b: Amoonguss\n|-singleturn|p1b: Amoonguss|Protect\n|move|p2b: Sneasler|Coaching|p2a: Iron Hands\n|-boost|p2a: Iron Hands|atk|1\n|-boost|p2a: Iron Hands|def|1\n|move|p2a: Iron Hands|Drain Punch|p1a: Calyrex\n|-activate|p1a: Calyrex|move: Protect\n|\n|upkeep\n|turn|4\n|\n|t:|1739910670\n|-terastallize|p1a: Calyrex|Fairy\n|move|p1b: Amoonguss|Rage Powder|p1b: Amoonguss\n|-singleturn|p1b: Amoonguss|move: Rage Powder\n|move|p2b: Sneasler|Coaching|p2a: Iron Hands\n|-boost|p2a: Iron Hands|atk|1\n|-boost|p2a: Iron Hands|def|1\n|move|p1a: Calyrex|Glacial Lance|p2a: Iron Hands|[spread] p2a,p2b\n|-damage|p2a: Iron Hands|40\/100\n|-damage|p2b: Sneasler|0 fnt\n|faint|p2b: Sneasler\n|-ability|p1a: Calyrex|Chilling Neigh|boost\n|-boost|p1a: Calyrex|atk|1\n|move|p2a: Iron Hands|Drain Punch|p1b: Amoonguss\n|-resisted|p1b: Amoonguss\n|-damage|p1b: Amoonguss|0 fnt\n|-heal|p2a: Iron Hands|49\/100|[from] drain|[of] p1b: Amoonguss\n|faint|p1b: Amoonguss\n|\n|upkeep\n|\n|t:|1739910682\n|switch|p2b: Miraidon|Miraidon, L50|100\/100\n|switch|p1b: Landorus|Landorus, L50, M|100\/100\n|-activate|p2b: Miraidon|ability: Hadron Engine\n|turn|5\n|\n|t:|1739910707\n|-terastallize|p2a: Iron Hands|Bug\n|move|p1b: Landorus|Protect|p1b: Landorus\n|-singleturn|p1b: Landorus|Protect\n|move|p1a: Calyrex|Protect|p1a: Calyrex\n|-singleturn|p1a: Calyrex|Protect\n|move|p2b: Miraidon|Draco Meteor|p1b: Landorus\n|-activate|p1b: Landorus|move: Protect\n|move|p2a: Iron Hands|Heavy Slam|p1a: Calyrex\n|-activate|p1a: Calyrex|move: Protect\n|\n|-fieldend|move: Electric Terrain\n|-end|p2a: Iron Hands|Quark Drive\n|upkeep\n|turn|6\n|\n|t:|1739910719\n|move|p2b: Miraidon|Draco Meteor|p1b: Landorus\n|-damage|p1b: Landorus|0 fnt\n|-unboost|p2b: Miraidon|spa|2\n|faint|p1b: Landorus\n|move|p1a: Calyrex|Glacial Lance|p2a: Iron Hands|[spread] p2a,p2b\n|-supereffective|p2b: Miraidon\n|-damage|p2a: Iron Hands|21\/100\n|-damage|p2b: Miraidon|0 fnt\n|faint|p2b: Miraidon\n|-ability|p1a: Calyrex|Chilling Neigh|boost\n|-boost|p1a: Calyrex|atk|1\n|move|p2a: Iron Hands|Drain Punch|p1a: Calyrex\n|-resisted|p1a: Calyrex\n|-damage|p1a: Calyrex|75\/100\n|-heal|p2a: Iron Hands|31\/100|[from] drain|[of] p1a: Calyrex\n|\n|upkeep\n|\n|t:|1739910727\n|switch|p2b: Ursaluna|Ursaluna-Bloodmoon, L50, M|100\/100\n|switch|p1b: Ogerpon|Ogerpon-Hearthflame, L50, F|100\/100\n|-ability|p1b: Ogerpon|Mold Breaker\n|turn|7\n|-message|dnut1 forfeited.\n|\n|win|MattManectric\n|raw|MattManectric's rating: 1680 &rarr; <strong>1696<\/strong><br \/>(+16 for winning)\n|raw|dnut1's rating: 1617 &rarr; <strong>1601<\/strong><br \/>(-16 for losing)\n|l|\u2606dnut1\n|player|p2|\n|l|\u2606MattManectric\n|player|p1|\n","uploadtime":1739910896,"views":8,"formatid":"gen9vgc2025regg","rating":1601,"private":0,"password":null}