{"id":"gen9vgc2025regg-2303306133","format":"[Gen 9] VGC 2025 Reg G","players":["GAPDHA","jvessel07"],"log":"|j|\u2606GAPDHA\n|j|\u2606jvessel07\n|t:|1739907761\n|gametype|doubles\n|player|p1|GAPDHA|ruinmaniac|1557\n|player|p2|jvessel07|baker|1588\n|teamsize|p1|6\n|teamsize|p2|6\n|gen|9\n|tier|[Gen 9] VGC 2025 Reg G\n|rated|\n|rule|Species Clause: Limit one of each Pok\u00e9mon\n|rule|Item Clause: Limit 1 of each item\n|clearpoke\n|poke|p1|Kyogre, L50|\n|poke|p1|Landorus, L50, M|\n|poke|p1|Urshifu-*, L50, F|\n|poke|p1|Roaring Moon, L50|\n|poke|p1|Ogerpon-Cornerstone, L50, F|\n|poke|p1|Bruxish, L50, F|\n|poke|p2|Smeargle, L50, F|\n|poke|p2|Muk-Alola, L50, M|\n|poke|p2|Flamigo, L50, F|\n|poke|p2|Dondozo, L50, M|\n|poke|p2|Grafaiai, L50, M|\n|poke|p2|Calyrex-Shadow, L50|\n|teampreview|4\nGAPDHA has agreed to open team sheets.\n|\n|t:|1739907797\n|start\n|switch|p1a: Kyogre|Kyogre, L50|100\/100\n|switch|p1b: Urshifu|Urshifu-Rapid-Strike, L50, F|100\/100\n|switch|p2a: Smeargle|Smeargle, L50, F|100\/100\n|switch|p2b: Muk|Muk-Alola, L50, M|100\/100\n|-weather|RainDance|[from] ability: Drizzle|[of] p1a: Kyogre\n|turn|1\n|\n|t:|1739907831\n|-terastallize|p2b: Muk|Water\n|move|p1b: Urshifu|Surging Strikes|p2a: Smeargle\n|-crit|p2a: Smeargle\n|-damage|p2a: Smeargle|17\/100\n|-crit|p2a: Smeargle\n|-damage|p2a: Smeargle|0 fnt\n|faint|p2a: Smeargle\n|-ability|p2b: Muk|Moody|[from] ability: Power of Alchemy|[of] p2a: Smeargle\n|-hitcount|p2: Smeargle|2\n|move|p1a: Kyogre|Water Spout|p2b: Muk\n|-resisted|p2b: Muk\n|-damage|p2b: Muk|49\/100\n|move|p2b: Muk|Minimize|p2b: Muk\n|-boost|p2b: Muk|evasion|2\n|\n|-weather|RainDance|[upkeep]\n|-heal|p2b: Muk|55\/100|[from] item: Leftovers\n|-ability|p2b: Muk|Moody|boost\n|-boost|p2b: Muk|spe|2\n|-unboost|p2b: Muk|spd|1\n|upkeep\n|\n|t:|1739907846\n|switch|p2a: Flamigo|Flamigo, L50, F|100\/100\n|-copyboost|p2a: Flamigo|p2b: Muk|[from] ability: Costar\n|-enditem|p2a: Flamigo|White Herb\n|-clearnegativeboost|p2a: Flamigo|[silent]\n|turn|2\n|\n|t:|1739907861\n|-terastallize|p1b: Urshifu|Water\n|move|p2a: Flamigo|Acrobatics|p1b: Urshifu\n|-crit|p1b: Urshifu\n|-damage|p1b: Urshifu|38\/100\n|move|p1b: Urshifu|Surging Strikes|p2a: Flamigo\n|-crit|p2a: Flamigo\n|-damage|p2a: Flamigo|49\/100\n|-crit|p2a: Flamigo\n|-damage|p2a: Flamigo|0 fnt\n|faint|p2a: Flamigo\n|-hitcount|p2: Flamigo|2\n|move|p1a: Kyogre|Ice Beam|p2b: Muk|[miss]\n|-miss|p1a: Kyogre|p2b: Muk\n|move|p2b: Muk|Disable|p1a: Kyogre\n|-start|p1a: Kyogre|Disable|Ice Beam\n|\n|-weather|RainDance|[upkeep]\n|-heal|p2b: Muk|62\/100|[from] item: Leftovers\n|-ability|p2b: Muk|Moody|boost\n|-boost|p2b: Muk|spd|2\n|-unboost|p2b: Muk|spe|1\n|upkeep\n|\n|t:|1739907879\n|switch|p2a: Calyrex|Calyrex-Shadow, L50|100\/100\n|-ability|p2a: Calyrex|As One\n|-ability|p2a: Calyrex|Unnerve\n|turn|3\n|\n|t:|1739907886\n|move|p1b: Urshifu|Surging Strikes|p2a: Calyrex\n|-crit|p2a: Calyrex\n|-damage|p2a: Calyrex|46\/100\n|-crit|p2a: Calyrex\n|-damage|p2a: Calyrex|0 fnt\n|faint|p2a: Calyrex\n|-hitcount|p2: Calyrex|2\n|move|p1a: Kyogre|Water Spout|p2b: Muk\n|-resisted|p2b: Muk\n|-damage|p2b: Muk|29\/100\n|move|p2b: Muk|Minimize|p2b: Muk\n|-boost|p2b: Muk|evasion|2\n|\n|-weather|RainDance|[upkeep]\n|-heal|p2b: Muk|36\/100|[from] item: Leftovers\n|-ability|p2b: Muk|Moody|boost\n|-boost|p2b: Muk|atk|2\n|-unboost|p2b: Muk|def|1\n|upkeep\n|turn|4\n|\n|t:|1739907906\n|switch|p1a: Landorus|Landorus, L50, M|100\/100\n|move|p1b: Urshifu|Surging Strikes|p2b: Muk|[miss]\n|-miss|p1b: Urshifu|p2b: Muk\n|move|p2b: Muk|Knock Off|p1a: Landorus\n|-damage|p1a: Landorus|29\/100\n|-enditem|p1a: Landorus|Life Orb|[from] move: Knock Off|[of] p2b: Muk\n|\n|-weather|RainDance|[upkeep]\n|-heal|p2b: Muk|42\/100|[from] item: Leftovers\n|-ability|p2b: Muk|Moody|boost\n|-boost|p2b: Muk|spe|2\n|-unboost|p2b: Muk|def|1\n|upkeep\n|turn|5\n|\n|t:|1739907919\n|move|p1b: Urshifu|Surging Strikes|p2b: Muk\n|-resisted|p2b: Muk\n|-crit|p2b: Muk\n|-damage|p2b: Muk|0 fnt\n|faint|p2b: Muk\n|-hitcount|p2: Muk|1\n|\n|win|GAPDHA\n|raw|GAPDHA's rating: 1557 &rarr; <strong>1579<\/strong><br \/>(+22 for winning)\n|raw|jvessel07's rating: 1588 &rarr; <strong>1566<\/strong><br \/>(-22 for losing)\n|l|\u2606jvessel07\n|player|p2|\n|l|\u2606GAPDHA\n|player|p1|\n","uploadtime":1739908126,"views":5,"formatid":"gen9vgc2025regg","rating":1566,"private":0,"password":null}