{"id":"gen9vgc2025regg-2303786346","format":"[Gen 9] VGC 2025 Reg G","players":["leozdezolomillo","huyuplan"],"log":"|j|\u2606leozdezolomillo\n|j|\u2606huyuplan\n|t:|1739975378\n|gametype|doubles\n|player|p1|leozdezolomillo|red|1543\n|player|p2|huyuplan|lucas|1655\n|teamsize|p1|6\n|teamsize|p2|6\n|gen|9\n|tier|[Gen 9] VGC 2025 Reg G\n|rated|\n|rule|Species Clause: Limit one of each Pok\u00e9mon\n|rule|Item Clause: Limit 1 of each item\n|clearpoke\n|poke|p1|Miraidon, L50|\n|poke|p1|Iron Hands, L50|\n|poke|p1|Whimsicott, L50, F|\n|poke|p1|Farigiraf, L50, F|\n|poke|p1|Urshifu-*, L50, M|\n|poke|p1|Ogerpon-Hearthflame, L50, F|\n|poke|p2|Regidrago, L50|\n|poke|p2|Zacian-*, L50|\n|poke|p2|Farigiraf, L50, M|\n|poke|p2|Tornadus, L50, M|\n|poke|p2|Ditto, L50|\n|poke|p2|Chien-Pao, L50|\n|teampreview|4\n|inactive|Battle timer is ON: inactive players will automatically lose when time's up. (requested by leozdezolomillo)\n|j| hideonbusu\n|l| hideonbusu\n|\n|t:|1739975416\n|start\n|switch|p1a: Whimsicott|Whimsicott, L50, F, shiny|100\/100\n|switch|p1b: Miraidon|Miraidon, L50|100\/100\n|switch|p2a: Zacian|Zacian-Crowned, L50|100\/100\n|switch|p2b: Tornadus|Tornadus, L50, M|100\/100\n|-ability|p2a: Zacian|Intrepid Sword|boost\n|-boost|p2a: Zacian|atk|1\n|-fieldstart|move: Electric Terrain|[from] ability: Hadron Engine|[of] p1b: Miraidon\n|turn|1\n|inactive|huyuplan has 30 seconds left.\n|\n|t:|1739975445\n|move|p1a: Whimsicott|Tailwind|p1a: Whimsicott\n|-sidestart|p1: leozdezolomillo|move: Tailwind\n|move|p2b: Tornadus|Tailwind|p2b: Tornadus\n|-sidestart|p2: huyuplan|move: Tailwind\n|move|p2a: Zacian|Play Rough|p1b: Miraidon\n|-supereffective|p1b: Miraidon\n|-damage|p1b: Miraidon|0 fnt\n|faint|p1b: Miraidon\n|\n|upkeep\n|\n|t:|1739975461\n|switch|p1b: Ogerpon|Ogerpon-Hearthflame, L50, F|100\/100\n|-ability|p1b: Ogerpon|Mold Breaker\n|turn|2\n|inactive|huyuplan has 30 seconds left.\n|\n|t:|1739975495\n|switch|p2a: Farigiraf|Farigiraf, L50, M|100\/100\n|-terastallize|p1b: Ogerpon|Fire\n|detailschange|p1b: Ogerpon|Ogerpon-Hearthflame-Tera, L50, F, tera:Fire\n|-ability|p1b: Ogerpon|Embody Aspect (Hearthflame)|boost\n|-boost|p1b: Ogerpon|atk|1\n|move|p1a: Whimsicott|Encore||[still]\n|cant|p2a: Farigiraf|ability: Armor Tail|Encore|[of] p1a: Whimsicott\n|move|p2b: Tornadus|Rain Dance|p2b: Tornadus\n|-weather|RainDance\n|move|p1b: Ogerpon|Ivy Cudgel|p2a: Farigiraf|[anim] Ivy Cudgel Fire\n|-damage|p2a: Farigiraf|42\/100\n|\n|-weather|RainDance|[upkeep]\n|upkeep\n|turn|3\n|inactive|leozdezolomillo has 30 seconds left.\n|inactive|huyuplan has 30 seconds left.\n|\n|t:|1739975523\n|switch|p1a: Iron Hands|Iron Hands, L50|100\/100\n|-activate|p1a: Iron Hands|ability: Quark Drive\n|-start|p1a: Iron Hands|quarkdriveatk\n|move|p1b: Ogerpon|Ivy Cudgel|p2a: Farigiraf|[anim] Ivy Cudgel Fire\n|-damage|p2a: Farigiraf|0 fnt\n|faint|p2a: Farigiraf\n|move|p2b: Tornadus|Bleakwind Storm|p1a: Iron Hands|[spread] p1a,p1b\n|-damage|p1a: Iron Hands|79\/100\n|-damage|p1b: Ogerpon|53\/100\n|\n|-weather|RainDance|[upkeep]\n|upkeep\n|inactive|huyuplan has 30 seconds left.\n|\n|t:|1739975553\n|switch|p2a: Regidrago|Regidrago, L50|100\/100\n|turn|4\n|inactive|huyuplan has 30 seconds left.\n|\n|t:|1739975580\n|-terastallize|p2a: Regidrago|Dragon\n|move|p1a: Iron Hands|Fake Out|p2a: Regidrago\n|-damage|p2a: Regidrago|78\/100\n|move|p1b: Ogerpon|Ivy Cudgel|p2b: Tornadus|[anim] Ivy Cudgel Fire\n|-damage|p2b: Tornadus|26\/100\n|move|p2b: Tornadus|Bleakwind Storm|p1a: Iron Hands|[spread] p1a,p1b\n|-damage|p1a: Iron Hands|57\/100\n|-damage|p1b: Ogerpon|13\/100\n|cant|p2a: Regidrago|flinch\n|\n|-weather|RainDance|[upkeep]\n|-sideend|p2: huyuplan|move: Tailwind\n|-sideend|p1: leozdezolomillo|move: Tailwind\n|upkeep\n|turn|5\n|inactive|leozdezolomillo has 30 seconds left.\n|inactive|huyuplan has 30 seconds left.\n|\n|t:|1739975612\n|move|p1b: Ogerpon|Spiky Shield|p1b: Ogerpon\n|-singleturn|p1b: Ogerpon|move: Protect\n|move|p2b: Tornadus|Tailwind|p2b: Tornadus\n|-sidestart|p2: huyuplan|move: Tailwind\n|move|p2a: Regidrago|Dragon Energy|p1b: Ogerpon|[spread] p1a\n|-activate|p1b: Ogerpon|move: Protect\n|-damage|p1a: Iron Hands|5\/100\n|move|p1a: Iron Hands|Wild Charge|p2b: Tornadus\n|-supereffective|p2b: Tornadus\n|-damage|p2b: Tornadus|0 fnt\n|faint|p2b: Tornadus\n|-damage|p1a: Iron Hands|0 fnt|[from] Recoil\n|faint|p1a: Iron Hands\n|-end|p1a: Iron Hands|Quark Drive|[silent]\n|\n|-weather|RainDance|[upkeep]\n|-fieldend|move: Electric Terrain\n|upkeep\n|\n|t:|1739975629\n|switch|p2b: Zacian|Zacian-Crowned, L50|100\/100\n|switch|p1a: Whimsicott|Whimsicott, L50, F, shiny|100\/100\n|turn|6\n|inactive|huyuplan has 30 seconds left.\n|\n|t:|1739975658\n|move|p1a: Whimsicott|Tailwind|p1a: Whimsicott\n|-sidestart|p1: leozdezolomillo|move: Tailwind\n|move|p2b: Zacian|Behemoth Blade|p1b: Ogerpon\n|-resisted|p1b: Ogerpon\n|-damage|p1b: Ogerpon|0 fnt\n|faint|p1b: Ogerpon\n|move|p2a: Regidrago|Dragon Energy|p1a: Whimsicott\n|-immune|p1a: Whimsicott\n|\n|-weather|none\n|upkeep\n|turn|7\n|\n|t:|1739975673\n|move|p2a: Regidrago|Protect|p2a: Regidrago\n|-singleturn|p2a: Regidrago|Protect\n|move|p2b: Zacian|Behemoth Blade|p1a: Whimsicott\n|-supereffective|p1a: Whimsicott\n|-damage|p1a: Whimsicott|0 fnt\n|faint|p1a: Whimsicott\n|\n|win|huyuplan\n|raw|leozdezolomillo's rating: 1543 &rarr; <strong>1529<\/strong><br \/>(-14 for losing)\n|raw|huyuplan's rating: 1655 &rarr; <strong>1669<\/strong><br \/>(+14 for winning)\n|l|\u2606leozdezolomillo\n|player|p1|\n|l|\u2606huyuplan\n|player|p2|\n","uploadtime":1739975856,"views":7,"formatid":"gen9vgc2025regg","rating":1529,"private":0,"password":null}