{"id":"gen9vgc2025regg-2303353626","format":"[Gen 9] VGC 2025 Reg G","players":["elvegis1","AndyGR_02"],"log":"|j|\u2606elvegis1\n|j|\u2606AndyGR_02\n|t:|1739912571\n|gametype|doubles\n|player|p1|elvegis1|lucas|1593\n|player|p2|AndyGR_02|volkner|1563\n|teamsize|p1|6\n|teamsize|p2|6\n|gen|9\n|tier|[Gen 9] VGC 2025 Reg G\n|rated|\n|rule|Species Clause: Limit one of each Pok\u00e9mon\n|rule|Item Clause: Limit 1 of each item\n|clearpoke\n|poke|p1|Calyrex-Shadow, L50|\n|poke|p1|Urshifu-*, L50, F|\n|poke|p1|Whimsicott, L50, F|\n|poke|p1|Incineroar, L50, F|\n|poke|p1|Ditto, L50|\n|poke|p1|Raging Bolt, L50|\n|poke|p2|Kyogre, L50|\n|poke|p2|Ludicolo, L50, M|\n|poke|p2|Whimsicott, L50, F|\n|poke|p2|Tsareena, L50, F|\n|poke|p2|Incineroar, L50, M|\n|poke|p2|Chien-Pao, L50|\n|teampreview|4\n|inactive|Battle timer is ON: inactive players will automatically lose when time's up. (requested by elvegis1)\n|\n|t:|1739912621\n|start\n|switch|p1a: Whimsicott|Whimsicott, L50, F|100\/100\n|switch|p1b: Raging Bolt|Raging Bolt, L50|100\/100\n|switch|p2a: Tsareena|Tsareena, L50, F, shiny|100\/100\n|switch|p2b: Kyogre|Kyogre, L50, shiny|100\/100\n|-weather|RainDance|[from] ability: Drizzle|[of] p2b: Kyogre\n|turn|1\n|inactive|elvegis1 has 30 seconds left.\n|inactive|AndyGR_02 has 30 seconds left.\n|\n|t:|1739912652\n|move|p1a: Whimsicott|Tailwind|p1a: Whimsicott\n|-sidestart|p1: elvegis1|move: Tailwind\n|move|p2b: Kyogre|Ice Beam|p1b: Raging Bolt\n|-supereffective|p1b: Raging Bolt\n|-damage|p1b: Raging Bolt|64\/100\n|move|p1b: Raging Bolt|Thunderbolt|p2a: Tsareena\n|-resisted|p2a: Tsareena\n|-damage|p2a: Tsareena|72\/100\n|-status|p2a: Tsareena|par\n|move|p2a: Tsareena|Triple Axel|p1a: Whimsicott\n|-supereffective|p1a: Whimsicott\n|-damage|p1a: Whimsicott|83\/100\n|-supereffective|p1a: Whimsicott\n|-damage|p1a: Whimsicott|50\/100\n|-supereffective|p1a: Whimsicott\n|-damage|p1a: Whimsicott|3\/100\n|-hitcount|p1a: Whimsicott|3\n|\n|-weather|RainDance|[upkeep]\n|upkeep\n|turn|2\n|inactive|elvegis1 has 30 seconds left.\n|\n|t:|1739912685\n|switch|p1a: Ditto|Ditto, L50|100\/100\n|-transform|p1a: Ditto|p2b: Kyogre|[from] ability: Imposter\n|move|p2b: Kyogre|Ice Beam|p1a: Ditto\n|-resisted|p1a: Ditto\n|-damage|p1a: Ditto|86\/100\n|move|p1b: Raging Bolt|Electroweb|p2b: Kyogre|[spread] p2a,p2b\n|-resisted|p2a: Tsareena\n|-supereffective|p2b: Kyogre\n|-damage|p2a: Tsareena|60\/100 par\n|-damage|p2b: Kyogre|65\/100\n|-unboost|p2a: Tsareena|spe|1\n|-unboost|p2b: Kyogre|spe|1\n|move|p2a: Tsareena|Triple Axel|p1b: Raging Bolt\n|-supereffective|p1b: Raging Bolt\n|-damage|p1b: Raging Bolt|52\/100\n|-supereffective|p1b: Raging Bolt\n|-damage|p1b: Raging Bolt|28\/100\n|-supereffective|p1b: Raging Bolt\n|-crit|p1b: Raging Bolt\n|-damage|p1b: Raging Bolt|0 fnt\n|faint|p1b: Raging Bolt\n|-end|p1b: Raging Bolt|Protosynthesis|[silent]\n|-hitcount|p1: Raging Bolt|3\n|\n|-weather|RainDance|[upkeep]\n|upkeep\n|\n|t:|1739912703\n|switch|p1b: Calyrex|Calyrex-Shadow, L50|100\/100\n|-ability|p1b: Calyrex|As One\n|-ability|p1b: Calyrex|Unnerve\n|turn|3\n|\n|t:|1739912721\n|switch|p2b: Ludicolo|Ludicolo, L50, M, shiny|100\/100\n|move|p2a: Tsareena|Protect|p2a: Tsareena\n|-singleturn|p2a: Tsareena|Protect\n|move|p1b: Calyrex|Astral Barrage|p2b: Ludicolo|[spread] p2b\n|-activate|p2a: Tsareena|move: Protect\n|-damage|p2b: Ludicolo|23\/100\n|move|p1a: Ditto|Water Spout|p2a: Tsareena|[spread] p2b\n|-activate|p2a: Tsareena|move: Protect\n|-resisted|p2b: Ludicolo\n|-damage|p2b: Ludicolo|0 fnt\n|faint|p2b: Ludicolo\n|\n|-weather|RainDance|[upkeep]\n|upkeep\n|\n|t:|1739912735\n|switch|p2b: Chien-Pao|Chien-Pao, L50|100\/100\n|-ability|p2b: Chien-Pao|Sword of Ruin\n|turn|4\n|j| kiabu233\n|\n|t:|1739912750\n|-terastallize|p1b: Calyrex|Water\n|move|p2b: Chien-Pao|Protect|p2b: Chien-Pao\n|-singleturn|p2b: Chien-Pao|Protect\n|move|p1b: Calyrex|Astral Barrage|p2b: Chien-Pao|[spread] p2a\n|-activate|p2b: Chien-Pao|move: Protect\n|-damage|p2a: Tsareena|0 fnt\n|faint|p2a: Tsareena\n|-ability|p1b: Calyrex|Grim Neigh|boost\n|-boost|p1b: Calyrex|spa|1\n|move|p1a: Ditto|Water Spout|p2b: Chien-Pao\n|-activate|p2b: Chien-Pao|move: Protect\n|\n|-weather|RainDance|[upkeep]\n|-sideend|p1: elvegis1|move: Tailwind\n|upkeep\n|\n|t:|1739912760\n|switch|p2a: Kyogre|Kyogre, L50, shiny|65\/100\n|turn|5\n|\n|t:|1739912771\n|-terastallize|p2a: Kyogre|Water\n|move|p1b: Calyrex|Protect|p1b: Calyrex\n|-singleturn|p1b: Calyrex|Protect\n|move|p2b: Chien-Pao|Sucker Punch||[still]\n|-fail|p2b: Chien-Pao\n|move|p2a: Kyogre|Water Spout|p1b: Calyrex|[spread] p1a\n|-activate|p1b: Calyrex|move: Protect\n|-resisted|p1a: Ditto\n|-damage|p1a: Ditto|51\/100\n|move|p1a: Ditto|Thunder|p2b: Chien-Pao\n|-damage|p2b: Chien-Pao|32\/100\n|\n|-weather|none\n|upkeep\n|turn|6\n|inactive|elvegis1 has 30 seconds left.\n|inactive|elvegis1 has 20 seconds left.\n|inactive|elvegis1 has 15 seconds left.\n|inactive|elvegis1 has 10 seconds left.\n|\n|t:|1739912818\n|move|p2b: Chien-Pao|Sucker Punch|p1a: Ditto\n|-damage|p1a: Ditto|0 fnt\n|faint|p1a: Ditto\n|move|p2a: Kyogre|Water Spout|p1b: Calyrex\n|-resisted|p1b: Calyrex\n|-crit|p1b: Calyrex\n|-damage|p1b: Calyrex|51\/100\n|move|p1b: Calyrex|Nasty Plot|p1b: Calyrex\n|-boost|p1b: Calyrex|spa|2\n|\n|upkeep\n|\n|t:|1739912820\n|switch|p1a: Whimsicott|Whimsicott, L50, F|3\/100\n|turn|7\n|\n|t:|1739912835\n|move|p2b: Chien-Pao|Sucker Punch|p1b: Calyrex\n|-damage|p1b: Calyrex|9\/100\n|move|p1a: Whimsicott|Tailwind|p1a: Whimsicott\n|-sidestart|p1: elvegis1|move: Tailwind\n|move|p1b: Calyrex|Astral Barrage|p2a: Kyogre|[spread] p2a,p2b\n|-resisted|p2b: Chien-Pao\n|-damage|p2a: Kyogre|0 fnt\n|-damage|p2b: Chien-Pao|0 fnt\n|faint|p2a: Kyogre\n|faint|p2b: Chien-Pao\n|\n|win|elvegis1\n|raw|elvegis1's rating: 1593 &rarr; <strong>1611<\/strong><br \/>(+18 for winning)\n|raw|AndyGR_02's rating: 1563 &rarr; <strong>1545<\/strong><br \/>(-18 for losing)\n|l|\u2606AndyGR_02\n|player|p2|\n|l|\u2606elvegis1\n|player|p1|\n|l| kiabu233\n","uploadtime":1739913109,"views":5,"formatid":"gen9vgc2025regg","rating":1545,"private":0,"password":null}