{"id":"gen9vgc2025regg-2303596751","format":"[Gen 9] VGC 2025 Reg G","players":["oofperson420","WHOTFISRYANPOWNEY"],"log":"|j|\u2606oofperson420\n|j|\u2606WHOTFISRYANPOWNEY\n|t:|1739943873\n|gametype|doubles\n|player|p1|oofperson420|medium|1603\n|player|p2|WHOTFISRYANPOWNEY|pokemonranger-gen4|1522\n|teamsize|p1|6\n|teamsize|p2|6\n|gen|9\n|tier|[Gen 9] VGC 2025 Reg G\n|rated|\n|rule|Species Clause: Limit one of each Pok\u00e9mon\n|rule|Item Clause: Limit 1 of each item\n|clearpoke\n|poke|p1|Calyrex-Ice, L50|\n|poke|p1|Raging Bolt, L50|\n|poke|p1|Urshifu-*, L50, F|\n|poke|p1|Amoonguss, L50, M|\n|poke|p1|Landorus, L50, M|\n|poke|p1|Pelipper, L50, F|\n|poke|p2|Urshifu-*, L50, F|\n|poke|p2|Calyrex-Ice, L50|\n|poke|p2|Smeargle, L50, M|\n|poke|p2|Ogerpon-Hearthflame, L50, F|\n|poke|p2|Indeedee-F, L50, F|\n|poke|p2|Ursaluna-Bloodmoon, L50, M|\n|teampreview|4\n|inactive|Battle timer is ON: inactive players will automatically lose when time's up. (requested by oofperson420)\n|inactive|oofperson420 has 60 seconds left.\n|inactive|WHOTFISRYANPOWNEY has 60 seconds left.\n|\n|t:|1739943919\n|start\n|switch|p1a: Pelipper|Pelipper, L50, F, shiny|100\/100\n|switch|p1b: Amoonguss|Amoonguss, L50, M|100\/100\n|switch|p2a: Smeargle|Smeargle, L50, M|100\/100\n|switch|p2b: Calyrex|Calyrex-Ice, L50|100\/100\n|-ability|p2b: Calyrex|As One\n|-ability|p2b: Calyrex|Unnerve\n|-weather|RainDance|[from] ability: Drizzle|[of] p1a: Pelipper\n|turn|1\n|\n|t:|1739943934\n|-terastallize|p1a: Pelipper|Grass\n|move|p2b: Calyrex|Protect|p2b: Calyrex\n|-singleturn|p2b: Calyrex|Protect\n|move|p1a: Pelipper|Wide Guard|p1a: Pelipper\n|-singleturn|p1a: Pelipper|Wide Guard\n|move|p2a: Smeargle|Spore|p1a: Pelipper\n|-immune|p1a: Pelipper\n|move|p1b: Amoonguss|Spore|p2a: Smeargle\n|-status|p2a: Smeargle|slp|[from] move: Spore\n|\n|-weather|RainDance|[upkeep]\n|upkeep\n|turn|2\n|inactive|oofperson420 has 30 seconds left.\n|\n|t:|1739943961\n|switch|p1a: Urshifu|Urshifu-Rapid-Strike, L50, F|100\/100\n|switch|p2b: Ogerpon|Ogerpon-Hearthflame, L50, F|100\/100\n|-ability|p2b: Ogerpon|Mold Breaker\n|cant|p2a: Smeargle|slp\n|move|p1b: Amoonguss|Spore|p2b: Ogerpon\n|-immune|p2b: Ogerpon\n|\n|-weather|RainDance|[upkeep]\n|upkeep\n|turn|3\n|inactive|oofperson420 has 30 seconds left.\n|inactive|WHOTFISRYANPOWNEY has 30 seconds left.\n|inactive|oofperson420 has 20 seconds left.\n|\n|t:|1739943998\n|-terastallize|p2a: Smeargle|Grass\n|move|p1b: Amoonguss|Rage Powder|p1b: Amoonguss\n|-singleturn|p1b: Amoonguss|move: Rage Powder\n|move|p1a: Urshifu|Surging Strikes|p2b: Ogerpon\n|-crit|p2b: Ogerpon\n|-damage|p2b: Ogerpon|76\/100\n|-crit|p2b: Ogerpon\n|-damage|p2b: Ogerpon|49\/100\n|-crit|p2b: Ogerpon\n|-damage|p2b: Ogerpon|24\/100\n|-hitcount|p2b: Ogerpon|3\n|move|p2b: Ogerpon|Horn Leech|p1a: Urshifu\n|-supereffective|p1a: Urshifu\n|-damage|p1a: Urshifu|21\/100\n|-heal|p2b: Ogerpon|62\/100|[from] drain|[of] p1a: Urshifu\n|cant|p2a: Smeargle|slp\n|\n|-weather|RainDance|[upkeep]\n|upkeep\n|turn|4\n|inactive|WHOTFISRYANPOWNEY has 30 seconds left.\n|\n|t:|1739944024\n|-curestatus|p2a: Smeargle|slp|[msg]\n|move|p2a: Smeargle|Follow Me|p2a: Smeargle\n|-singleturn|p2a: Smeargle|move: Follow Me\n|move|p1a: Urshifu|Surging Strikes|p2a: Smeargle\n|-resisted|p2a: Smeargle\n|-crit|p2a: Smeargle\n|-damage|p2a: Smeargle|80\/100\n|-resisted|p2a: Smeargle\n|-crit|p2a: Smeargle\n|-damage|p2a: Smeargle|55\/100\n|-resisted|p2a: Smeargle\n|-crit|p2a: Smeargle\n|-damage|p2a: Smeargle|34\/100\n|-hitcount|p2a: Smeargle|3\n|move|p2b: Ogerpon|Horn Leech|p1a: Urshifu\n|-supereffective|p1a: Urshifu\n|-damage|p1a: Urshifu|0 fnt\n|-heal|p2b: Ogerpon|72\/100|[from] drain|[of] p1a: Urshifu\n|faint|p1a: Urshifu\n|move|p1b: Amoonguss|Pollen Puff|p2a: Smeargle\n|-supereffective|p2a: Smeargle\n|-damage|p2a: Smeargle|0 fnt\n|faint|p2a: Smeargle\n|\n|-weather|RainDance|[upkeep]\n|upkeep\n|inactive|WHOTFISRYANPOWNEY has 30 seconds left.\n|\n|t:|1739944053\n|switch|p1a: Calyrex|Calyrex-Ice, L50|100\/100\n|switch|p2a: Calyrex|Calyrex-Ice, L50|100\/100\n|-ability|p2a: Calyrex|As One\n|-ability|p2a: Calyrex|Unnerve\n|-ability|p1a: Calyrex|As One\n|-ability|p1a: Calyrex|Unnerve\n|turn|5\n|\n|t:|1739944069\n|move|p2b: Ogerpon|Ivy Cudgel|p1a: Calyrex|[anim] Ivy Cudgel Fire\n|-supereffective|p1a: Calyrex\n|-damage|p1a: Calyrex|71\/100\n|move|p1a: Calyrex|Glacial Lance|p2a: Calyrex|[spread] p2a,p2b\n|-resisted|p2a: Calyrex\n|-damage|p2a: Calyrex|81\/100\n|-damage|p2b: Ogerpon|25\/100\n|move|p1b: Amoonguss|Spore|p2a: Calyrex\n|-status|p2a: Calyrex|slp|[from] move: Spore\n|cant|p2a: Calyrex|slp\n|\n|-weather|none\n|upkeep\n|turn|6\n|inactive|oofperson420 has 30 seconds left.\n|\n|t:|1739944097\n|switch|p1b: Pelipper|Pelipper, L50, F, shiny, tera:Grass|100\/100\n|-weather|RainDance|[from] ability: Drizzle|[of] p1b: Pelipper\n|move|p2b: Ogerpon|Ivy Cudgel|p1a: Calyrex|[anim] Ivy Cudgel Fire\n|-supereffective|p1a: Calyrex\n|-damage|p1a: Calyrex|44\/100\n|-curestatus|p2a: Calyrex|slp|[msg]\n|move|p2a: Calyrex|Glacial Lance|p1a: Calyrex|[spread] p1a,p1b\n|-resisted|p1a: Calyrex\n|-supereffective|p1b: Pelipper\n|-damage|p1a: Calyrex|27\/100\n|-damage|p1b: Pelipper|0 fnt\n|faint|p1b: Pelipper\n|-ability|p2a: Calyrex|Chilling Neigh|boost\n|-boost|p2a: Calyrex|atk|1\n|move|p1a: Calyrex|Glacial Lance|p2b: Ogerpon|[spread] p2a,p2b\n|-resisted|p2a: Calyrex\n|-damage|p2a: Calyrex|63\/100\n|-damage|p2b: Ogerpon|0 fnt\n|faint|p2b: Ogerpon\n|-ability|p1a: Calyrex|Chilling Neigh|boost\n|-boost|p1a: Calyrex|atk|1\n|\n|-weather|RainDance|[upkeep]\n|upkeep\n|\n|t:|1739944112\n|switch|p2b: Urshifu|Urshifu, L50, F|100\/100\n|switch|p1b: Amoonguss|Amoonguss, L50, M|100\/100\n|turn|7\n|\n|t:|1739944132\n|move|p1b: Amoonguss|Rage Powder|p1b: Amoonguss\n|-singleturn|p1b: Amoonguss|move: Rage Powder\n|move|p2b: Urshifu|Wicked Blow|p1b: Amoonguss\n|-crit|p1b: Amoonguss\n|-damage|p1b: Amoonguss|21\/100\n|-damage|p2b: Urshifu|84\/100|[from] item: Rocky Helmet|[of] p1b: Amoonguss\n|move|p2a: Calyrex|Glacial Lance|p1b: Amoonguss|[spread] p1a,p1b\n|-resisted|p1a: Calyrex\n|-supereffective|p1b: Amoonguss\n|-damage|p1a: Calyrex|0 fnt\n|-damage|p1b: Amoonguss|0 fnt\n|faint|p1a: Calyrex\n|faint|p1b: Amoonguss\n|\n|win|WHOTFISRYANPOWNEY\n|raw|oofperson420's rating: 1603 &rarr; <strong>1578<\/strong><br \/>(-25 for losing)\n|raw|WHOTFISRYANPOWNEY's rating: 1522 &rarr; <strong>1547<\/strong><br \/>(+25 for winning)\n|l|\u2606oofperson420\n|player|p1|\n|l|\u2606WHOTFISRYANPOWNEY\n|player|p2|\n","uploadtime":1739944306,"views":6,"formatid":"gen9vgc2025regg","rating":1547,"private":0,"password":null}