{"id":"gen9vgc2025regg-2303136435","format":"[Gen 9] VGC 2025 Reg G","players":["GreaterBalrogCat","Luca8"],"log":"|j|\u2606GreaterBalrogCat\n|j|\u2606Luca8\n|t:|1739891016\n|gametype|doubles\n|player|p1|GreaterBalrogCat|whitney|1619\n|player|p2|Luca8|flint|1613\n|teamsize|p1|6\n|teamsize|p2|6\n|gen|9\n|tier|[Gen 9] VGC 2025 Reg G\n|rated|\n|rule|Species Clause: Limit one of each Pok\u00e9mon\n|rule|Item Clause: Limit 1 of each item\n|clearpoke\n|poke|p1|Calyrex-Shadow, L50|\n|poke|p1|Smeargle, L50, F|\n|poke|p1|Tornadus, L50, M|\n|poke|p1|Incineroar, L50, M|\n|poke|p1|Iron Bundle, L50|\n|poke|p1|Rillaboom, L50, F|\n|poke|p2|Farigiraf, L50, M|\n|poke|p2|Urshifu-*, L50, M|\n|poke|p2|Clefairy, L50, M|\n|poke|p2|Calyrex-Ice, L50|\n|poke|p2|Ogerpon-Wellspring, L50, F|\n|poke|p2|Raging Bolt, L50|\n|teampreview|4\n|\n|t:|1739891061\n|start\n|switch|p1a: Calyrex|Calyrex-Shadow, L50|100\/100\n|switch|p1b: Incineroar|Incineroar, L50, M|100\/100\n|switch|p2a: Farigiraf|Farigiraf, L50, M|100\/100\n|switch|p2b: Calyrex|Calyrex-Ice, L50|100\/100\n|-ability|p1a: Calyrex|As One\n|-ability|p1a: Calyrex|Unnerve\n|-ability|p2b: Calyrex|As One\n|-ability|p2b: Calyrex|Unnerve\n|-ability|p1b: Incineroar|Intimidate|boost\n|-unboost|p2a: Farigiraf|atk|1\n|-unboost|p2b: Calyrex|atk|1\n|turn|1\n|\n|t:|1739891097\n|-terastallize|p2b: Calyrex|Fire\n|move|p1a: Calyrex|Protect|p1a: Calyrex\n|-singleturn|p1a: Calyrex|Protect\n|move|p1b: Incineroar|Will-O-Wisp|p2b: Calyrex\n|-immune|p2b: Calyrex\n|move|p2b: Calyrex|Glacial Lance|p1a: Calyrex|[spread] p1b\n|-activate|p1a: Calyrex|move: Protect\n|-resisted|p1b: Incineroar\n|-damage|p1b: Incineroar|84\/100\n|move|p2a: Farigiraf|Trick Room|p2a: Farigiraf\n|-fieldstart|move: Trick Room|[of] p2a: Farigiraf\n|\n|upkeep\n|turn|2\n|\n|t:|1739891121\n|switch|p1a: Smeargle|Smeargle, L50, F|100\/100\n|move|p2a: Farigiraf|Bulldoze|p1b: Incineroar|[spread] p2b,p1a,p1b\n|-supereffective|p2b: Calyrex\n|-crit|p1a: Smeargle\n|-supereffective|p1b: Incineroar\n|-damage|p2b: Calyrex|95\/100\n|-damage|p1a: Smeargle|70\/100\n|-damage|p1b: Incineroar|73\/100\n|-unboost|p2b: Calyrex|spe|1\n|-unboost|p1a: Smeargle|spe|1\n|-unboost|p1b: Incineroar|spe|1\n|-enditem|p2b: Calyrex|Weakness Policy\n|-boost|p2b: Calyrex|atk|2|[from] item: Weakness Policy\n|-boost|p2b: Calyrex|spa|2|[from] item: Weakness Policy\n|move|p2b: Calyrex|Glacial Lance|p1b: Incineroar|[spread] p1a,p1b\n|-resisted|p1b: Incineroar\n|-damage|p1a: Smeargle|0 fnt\n|-damage|p1b: Incineroar|39\/100\n|faint|p1a: Smeargle\n|-ability|p2b: Calyrex|Chilling Neigh|boost\n|-boost|p2b: Calyrex|atk|1\n|move|p1b: Incineroar|Parting Shot|p2b: Calyrex\n|-unboost|p2b: Calyrex|atk|1\n|-unboost|p2b: Calyrex|spa|1\n|\n|t:|1739891148\n|switch|p1b: Iron Bundle|Iron Bundle, L50|100\/100|[from] Parting Shot\n|-enditem|p1b: Iron Bundle|Booster Energy\n|-activate|p1b: Iron Bundle|ability: Quark Drive|[fromitem]\n|-start|p1b: Iron Bundle|quarkdrivespe\n|\n|upkeep\n|\n|t:|1739891153\n|switch|p1a: Incineroar|Incineroar, L50, M|39\/100\n|-ability|p1a: Incineroar|Intimidate|boost\n|-unboost|p2a: Farigiraf|atk|1\n|-unboost|p2b: Calyrex|atk|1\n|turn|3\n|j| faceless_knigght\n|\n|t:|1739891227\n|move|p2a: Farigiraf|Ally Switch|p2a: Farigiraf\n|swap|p2a: Farigiraf|1|[from] move: Ally Switch\n|move|p2a: Calyrex|High Horsepower|p1a: Incineroar\n|-supereffective|p1a: Incineroar\n|-damage|p1a: Incineroar|0 fnt\n|faint|p1a: Incineroar\n|-ability|p2a: Calyrex|Chilling Neigh|boost\n|-boost|p2a: Calyrex|atk|1\n|move|p1b: Iron Bundle|Encore|p2b: Farigiraf\n|-start|p2b: Farigiraf|Encore\n|-enditem|p2b: Farigiraf|Mental Herb\n|-end|p2b: Farigiraf|Encore\n|\n|upkeep\n|\n|t:|1739891238\n|switch|p1a: Calyrex|Calyrex-Shadow, L50|100\/100\n|-ability|p1a: Calyrex|As One\n|-ability|p1a: Calyrex|Unnerve\n|turn|4\n|\n|t:|1739891253\n|move|p2a: Calyrex|Glacial Lance|p1a: Calyrex|[spread] p1a,p1b\n|-resisted|p1b: Iron Bundle\n|-damage|p1a: Calyrex|3\/100\n|-damage|p1b: Iron Bundle|78\/100\n|move|p2b: Farigiraf|Foul Play|p1b: Iron Bundle\n|-damage|p1b: Iron Bundle|61\/100\n|move|p1a: Calyrex|Nasty Plot|p1a: Calyrex\n|-boost|p1a: Calyrex|spa|2\n|move|p1b: Iron Bundle|Blizzard|p2a: Calyrex|[spread] \n|-miss|p1b: Iron Bundle|p2a: Calyrex\n|-miss|p1b: Iron Bundle|p2b: Farigiraf\n|\n|upkeep\n|turn|5\n|\n|t:|1739891278\n|move|p1a: Calyrex|Protect|p1a: Calyrex\n|-singleturn|p1a: Calyrex|Protect\n|move|p2a: Calyrex|Bullet Seed|p1b: Iron Bundle\n|-supereffective|p1b: Iron Bundle\n|-damage|p1b: Iron Bundle|23\/100\n|-supereffective|p1b: Iron Bundle\n|-damage|p1b: Iron Bundle|0 fnt\n|faint|p1b: Iron Bundle\n|-end|p1b: Iron Bundle|Quark Drive|[silent]\n|-ability|p2a: Calyrex|Chilling Neigh|boost\n|-boost|p2a: Calyrex|atk|1\n|-hitcount|p1: Iron Bundle|2\n|move|p2b: Farigiraf|Foul Play|p1a: Calyrex\n|-activate|p1a: Calyrex|move: Protect\n|\n|-fieldend|move: Trick Room\n|upkeep\n|turn|6\n|j| pmg9\n|\n|t:|1739891295\n|move|p1a: Calyrex|Pollen Puff|p2b: Farigiraf\n|-supereffective|p2b: Farigiraf\n|-damage|p2b: Farigiraf|0 fnt\n|faint|p2b: Farigiraf\n|-ability|p1a: Calyrex|Grim Neigh|boost\n|-boost|p1a: Calyrex|spa|1\n|move|p2a: Calyrex|Glacial Lance|p1a: Calyrex\n|-damage|p1a: Calyrex|0 fnt\n|faint|p1a: Calyrex\n|\n|win|Luca8\n|raw|GreaterBalrogCat's rating: 1619 &rarr; <strong>1599<\/strong><br \/>(-20 for losing)\n|raw|Luca8's rating: 1613 &rarr; <strong>1633<\/strong><br \/>(+20 for winning)\n|l| pmg9\n|l|\u2606GreaterBalrogCat\n|player|p1|\n|l|\u2606Luca8\n|player|p2|\n|l| faceless_knigght\n","uploadtime":1739891467,"views":8,"formatid":"gen9vgc2025regg","rating":1599,"private":0,"password":null}