{"id":"gen9vgc2025regg-2303141976","format":"[Gen 9] VGC 2025 Reg G","players":["ok3rd","ApoVGC"],"log":"|j|\u2606ok3rd\n|j|\u2606ApoVGC\n|t:|1739891611\n|gametype|doubles\n|player|p1|ok3rd|lillie-z|1660\n|player|p2|ApoVGC|170|1734\n|teamsize|p1|6\n|teamsize|p2|6\n|gen|9\n|tier|[Gen 9] VGC 2025 Reg G\n|rated|\n|rule|Species Clause: Limit one of each Pok\u00e9mon\n|rule|Item Clause: Limit 1 of each item\n|clearpoke\n|poke|p1|Raging Bolt, L50|\n|poke|p1|Miraidon, L50|\n|poke|p1|Ogerpon-Hearthflame, L50, F|\n|poke|p1|Torkoal, L50, F|\n|poke|p1|Farigiraf, L50, F|\n|poke|p1|Ursaluna, L50, M|\n|poke|p2|Calyrex-Shadow, L50|\n|poke|p2|Amoonguss, L50, F|\n|poke|p2|Tornadus, L50, M|\n|poke|p2|Indeedee-F, L50, F|\n|poke|p2|Urshifu-*, L50, F|\n|poke|p2|Chi-Yu, L50|\n|teampreview|4\n|inactive|Battle timer is ON: inactive players will automatically lose when time's up. (requested by ok3rd)\n|\n|t:|1739891642\n|start\n|switch|p1a: Miraidon|Miraidon, L50|100\/100\n|switch|p1b: Farigiraf|Farigiraf, L50, F|100\/100\n|switch|p2a: Chi-Yu|Chi-Yu, L50|100\/100\n|switch|p2b: Calyrex|Calyrex-Shadow, L50|100\/100\n|-ability|p2b: Calyrex|As One\n|-ability|p2b: Calyrex|Unnerve\n|-ability|p2a: Chi-Yu|Beads of Ruin\n|-fieldstart|move: Electric Terrain|[from] ability: Hadron Engine|[of] p1a: Miraidon\n|-enditem|p1b: Farigiraf|Electric Seed\n|-boost|p1b: Farigiraf|def|1|[from] item: Electric Seed\n|turn|1\n|\n|t:|1739891654\n|switch|p2b: Indeedee|Indeedee-F, L50, F|100\/100\n|-fieldstart|move: Psychic Terrain|[from] ability: Psychic Surge|[of] p2b: Indeedee\n|-enditem|p2b: Indeedee|Psychic Seed\n|-boost|p2b: Indeedee|spd|1|[from] item: Psychic Seed\n|-terastallize|p2a: Chi-Yu|Ground\n|-terastallize|p1b: Farigiraf|Ground\n|move|p2a: Chi-Yu|Tera Blast|p1a: Miraidon|[anim] Tera Blast Ground\n|-supereffective|p1a: Miraidon\n|-damage|p1a: Miraidon|0 fnt\n|faint|p1a: Miraidon\n|move|p1b: Farigiraf|Trick Room|p1b: Farigiraf\n|-fieldstart|move: Trick Room|[of] p1b: Farigiraf\n|\n|upkeep\n|\n|t:|1739891673\n|switch|p1a: Torkoal|Torkoal, L50, F|100\/100\n|-weather|SunnyDay|[from] ability: Drought|[of] p1a: Torkoal\n|-item|p1a: Torkoal|Air Balloon\n|turn|2\n|\n|t:|1739891686\n|switch|p2a: Calyrex|Calyrex-Shadow, L50|100\/100\n|-ability|p2a: Calyrex|As One\n|-ability|p2a: Calyrex|Unnerve\n|move|p1b: Farigiraf|Helping Hand|p1a: Torkoal\n|-singleturn|p1a: Torkoal|Helping Hand|[of] p1b: Farigiraf\n|move|p1a: Torkoal|Eruption|p2b: Indeedee|[spread] p2a,p2b\n|-damage|p2a: Calyrex|0 fnt\n|-damage|p2b: Indeedee|30\/100\n|faint|p2a: Calyrex\n|move|p2b: Indeedee|Trick Room|p2b: Indeedee\n|-fieldend|move: Trick Room\n|\n|-weather|SunnyDay|[upkeep]\n|upkeep\n|\n|t:|1739891706\n|switch|p2a: Chi-Yu|Chi-Yu, L50, tera:Ground|100\/100\n|-ability|p2a: Chi-Yu|Beads of Ruin\n|turn|3\n|\n|t:|1739891721\n|move|p2b: Indeedee|Helping Hand|p2a: Chi-Yu\n|-singleturn|p2a: Chi-Yu|Helping Hand|[of] p2b: Indeedee\n|move|p2a: Chi-Yu|Heat Wave|p1b: Farigiraf|[spread] p1a,p1b\n|-resisted|p1a: Torkoal\n|-damage|p1a: Torkoal|13\/100\n|-damage|p1b: Farigiraf|0 fnt\n|-enditem|p1a: Torkoal|Air Balloon\n|faint|p1b: Farigiraf\n|move|p1a: Torkoal|Overheat|p2a: Chi-Yu\n|-damage|p2a: Chi-Yu|4\/100\n|-unboost|p1a: Torkoal|spa|2\n|\n|-weather|SunnyDay|[upkeep]\n|upkeep\n|\n|t:|1739891723\n|switch|p1b: Ursaluna|Ursaluna, L50, M|100\/100\n|turn|4\n|\n|t:|1739891740\n|move|p2a: Chi-Yu|Heat Wave|p1b: Ursaluna|[spread] p1b\n|-miss|p2a: Chi-Yu|p1a: Torkoal\n|-damage|p1b: Ursaluna|27\/100\n|move|p2b: Indeedee|Psyshock|p1b: Ursaluna\n|-damage|p1b: Ursaluna|3\/100\n|move|p1b: Ursaluna|Earthquake|p2a: Chi-Yu|[spread] p1a,p2a,p2b\n|-supereffective|p1a: Torkoal\n|-damage|p1a: Torkoal|0 fnt\n|-damage|p2a: Chi-Yu|0 fnt\n|-damage|p2b: Indeedee|0 fnt\n|faint|p1a: Torkoal\n|faint|p2a: Chi-Yu\n|faint|p2b: Indeedee\n|\n|-weather|SunnyDay|[upkeep]\n|-status|p1b: Ursaluna|brn|[from] item: Flame Orb\n|upkeep\n|\n|t:|1739891752\n|switch|p2a: Tornadus|Tornadus, L50, M|100\/100\n|turn|5\n|\n|t:|1739891756\n|move|p2a: Tornadus|Protect|p2a: Tornadus\n|-singleturn|p2a: Tornadus|Protect\n|move|p1b: Ursaluna|Facade|p2a: Tornadus\n|-activate|p2a: Tornadus|move: Protect\n|\n|-weather|SunnyDay|[upkeep]\n|-damage|p1b: Ursaluna|0 fnt|[from] brn\n|faint|p1b: Ursaluna\n|\n|win|ApoVGC\n|upkeep\n|raw|ok3rd's rating: 1660 &rarr; <strong>1644<\/strong><br \/>(-16 for losing)\n|raw|ApoVGC's rating: 1734 &rarr; <strong>1750<\/strong><br \/>(+16 for winning)\n|l|\u2606ok3rd\n|player|p1|\n|l|\u2606ApoVGC\n|player|p2|\n","uploadtime":1739892028,"views":20,"formatid":"gen9vgc2025regg","rating":1644,"private":0,"password":null}