{"id":"gen9vgc2025regg-2303122882","format":"[Gen 9] VGC 2025 Reg G","players":["xiaobengou123","Lechonkbro"],"log":"|j|\u2606xiaobengou123\n|j|\u2606Lechonkbro\n|t:|1739889556\n|gametype|doubles\n|player|p1|xiaobengou123|pokekid|1634\n|player|p2|Lechonkbro|ghetsis-gen5bw|1630\n|teamsize|p1|6\n|teamsize|p2|6\n|gen|9\n|tier|[Gen 9] VGC 2025 Reg G\n|rated|\n|rule|Species Clause: Limit one of each Pok\u00e9mon\n|rule|Item Clause: Limit 1 of each item\n|clearpoke\n|poke|p1|Calyrex-Ice, L50|\n|poke|p1|Raging Bolt, L50|\n|poke|p1|Flutter Mane, L50|\n|poke|p1|Urshifu-*, L50, F|\n|poke|p1|Ogerpon-Cornerstone, L50, F|\n|poke|p1|Amoonguss, L50, F|\n|poke|p2|Miraidon, L50|\n|poke|p2|Incineroar, L50, F|\n|poke|p2|Oranguru, L50, M|\n|poke|p2|Clefairy, L50, F|\n|poke|p2|Baxcalibur, L50, F|\n|poke|p2|Whimsicott, L50, F|\n|teampreview|4\n|inactive|Battle timer is ON: inactive players will automatically lose when time's up. (requested by Lechonkbro)\n|\n|t:|1739889588\n|start\n|switch|p1a: Flutter Mane|Flutter Mane, L50|100\/100\n|switch|p1b: Ogerpon|Ogerpon-Cornerstone, L50, F|100\/100\n|switch|p2a: Baxcalibur|Baxcalibur, L50, F|100\/100\n|switch|p2b: Oranguru|Oranguru, L50, M|100\/100\n|-enditem|p1a: Flutter Mane|Booster Energy\n|-activate|p1a: Flutter Mane|ability: Protosynthesis|[fromitem]\n|-start|p1a: Flutter Mane|protosynthesisspe\n|turn|1\n|\n|t:|1739889604\n|-terastallize|p2a: Baxcalibur|Poison\n|move|p1a: Flutter Mane|Moonblast|p2a: Baxcalibur\n|-resisted|p2a: Baxcalibur\n|-damage|p2a: Baxcalibur|76\/100\n|-unboost|p2a: Baxcalibur|spa|1\n|move|p1b: Ogerpon|Ivy Cudgel|p2a: Baxcalibur|[anim] Ivy Cudgel Rock\n|-damage|p2a: Baxcalibur|20\/100\n|move|p2a: Baxcalibur|Icicle Spear|p1a: Flutter Mane\n|-damage|p1a: Flutter Mane|81\/100\n|-damage|p1a: Flutter Mane|60\/100\n|-damage|p1a: Flutter Mane|41\/100\n|-damage|p1a: Flutter Mane|22\/100\n|-hitcount|p1a: Flutter Mane|4\n|move|p2b: Oranguru|Instruct|p2a: Baxcalibur\n|-singleturn|p2a: Baxcalibur|move: Instruct|[of] p2b: Oranguru\n|move|p2a: Baxcalibur|Icicle Spear|p1a: Flutter Mane\n|-damage|p1a: Flutter Mane|0 fnt\n|faint|p1a: Flutter Mane\n|-end|p1a: Flutter Mane|Protosynthesis|[silent]\n|-hitcount|p1: Flutter Mane|1\n|\n|upkeep\n|\n|t:|1739889625\n|switch|p1a: Calyrex|Calyrex-Ice, L50|100\/100\n|-ability|p1a: Calyrex|As One\n|-ability|p1a: Calyrex|Unnerve\n|turn|2\n|j| woshiliangzai\n|\n|t:|1739889634\n|switch|p2a: Incineroar|Incineroar, L50, F|100\/100\n|-ability|p2a: Incineroar|Intimidate|boost\n|-unboost|p1a: Calyrex|atk|1\n|-unboost|p1b: Ogerpon|atk|1\n|move|p1b: Ogerpon|Ivy Cudgel|p2a: Incineroar|[anim] Ivy Cudgel Rock\n|-supereffective|p2a: Incineroar\n|-damage|p2a: Incineroar|41\/100\n|move|p1a: Calyrex|Glacial Lance|p2a: Incineroar|[spread] p2a,p2b\n|-resisted|p2a: Incineroar\n|-damage|p2a: Incineroar|23\/100\n|-damage|p2b: Oranguru|61\/100\n|move|p2b: Oranguru|Foul Play|p1a: Calyrex\n|-supereffective|p1a: Calyrex\n|-damage|p1a: Calyrex|67\/100\n|\n|upkeep\n|turn|3\n|inactive|Lechonkbro has 30 seconds left.\n|\n|t:|1739889659\n|switch|p1a: Amoonguss|Amoonguss, L50, F|100\/100\n|-enditem|p2a: Incineroar|Sitrus Berry|[eat]\n|-heal|p2a: Incineroar|48\/100|[from] item: Sitrus Berry\n|-activate|p2b: Oranguru|ability: Symbiosis|Covert Cloak|[of] p2a: Incineroar\n|move|p2a: Incineroar|Fake Out|p1a: Amoonguss\n|-damage|p1a: Amoonguss|92\/100\n|-damage|p2a: Incineroar|31\/100|[from] item: Rocky Helmet|[of] p1a: Amoonguss\n|move|p1b: Ogerpon|Ivy Cudgel|p2a: Incineroar|[anim] Ivy Cudgel Rock\n|-supereffective|p2a: Incineroar\n|-damage|p2a: Incineroar|0 fnt\n|faint|p2a: Incineroar\n|move|p2b: Oranguru|Foul Play|p1a: Amoonguss\n|-damage|p1a: Amoonguss|81\/100\n|-damage|p2b: Oranguru|45\/100|[from] item: Rocky Helmet|[of] p1a: Amoonguss\n|\n|upkeep\n|\n|t:|1739889678\n|switch|p2a: Miraidon|Miraidon, L50|100\/100\n|-fieldstart|move: Electric Terrain|[from] ability: Hadron Engine|[of] p2a: Miraidon\n|-enditem|p2a: Miraidon|Electric Seed\n|-boost|p2a: Miraidon|def|1|[from] item: Electric Seed\n|turn|4\n|\n|t:|1739889686\n|move|p1b: Ogerpon|Follow Me|p1b: Ogerpon\n|-singleturn|p1b: Ogerpon|move: Follow Me\n|move|p2a: Miraidon|Calm Mind|p2a: Miraidon\n|-boost|p2a: Miraidon|spa|1\n|-boost|p2a: Miraidon|spd|1\n|move|p2b: Oranguru|Instruct|p1b: Ogerpon\n|-singleturn|p1b: Ogerpon|move: Instruct|[of] p2b: Oranguru\n|move|p1b: Ogerpon|Follow Me||[still]\n|-fail|p1b: Ogerpon\n|move|p1a: Amoonguss|Clear Smog|p2a: Miraidon\n|-damage|p2a: Miraidon|93\/100\n|-clearboost|p2a: Miraidon\n|\n|upkeep\n|turn|5\n|inactive|Lechonkbro has 30 seconds left.\n|\n|t:|1739889714\n|switch|p1b: Calyrex|Calyrex-Ice, L50|67\/100\n|-ability|p1b: Calyrex|As One\n|-ability|p1b: Calyrex|Unnerve\n|move|p2a: Miraidon|Calm Mind|p2a: Miraidon\n|-boost|p2a: Miraidon|spa|1\n|-boost|p2a: Miraidon|spd|1\n|move|p2b: Oranguru|Foul Play|p1b: Calyrex\n|-supereffective|p1b: Calyrex\n|-damage|p1b: Calyrex|12\/100\n|move|p1a: Amoonguss|Pollen Puff|p1b: Calyrex\n|-heal|p1b: Calyrex|62\/100\n|\n|upkeep\n|turn|6\n|inactive|xiaobengou123 has 30 seconds left.\n|inactive|Lechonkbro has 30 seconds left.\n|inactive|Lechonkbro has 20 seconds left.\n|\n|t:|1739889749\n|move|p1a: Amoonguss|Rage Powder|p1a: Amoonguss\n|-singleturn|p1a: Amoonguss|move: Rage Powder\n|move|p2a: Miraidon|Calm Mind|p2a: Miraidon\n|-boost|p2a: Miraidon|spa|1\n|-boost|p2a: Miraidon|spd|1\n|move|p2b: Oranguru|Encore|p1a: Amoonguss\n|-start|p1a: Amoonguss|Encore\n|move|p1b: Calyrex|Trick Room|p1b: Calyrex\n|-fieldstart|move: Trick Room|[of] p1b: Calyrex\n|\n|upkeep\n|turn|7\n|inactive|xiaobengou123 has 30 seconds left.\n|\n|t:|1739889774\n|switch|p1a: Ogerpon|Ogerpon-Cornerstone, L50, F|100\/100\n|move|p2a: Miraidon|Protect|p2a: Miraidon\n|-singleturn|p2a: Miraidon|Protect\n|move|p1b: Calyrex|Glacial Lance|p2b: Oranguru|[spread] p2b\n|-activate|p2a: Miraidon|move: Protect\n|-damage|p2b: Oranguru|0 fnt\n|faint|p2b: Oranguru\n|-ability|p1b: Calyrex|Chilling Neigh|boost\n|-boost|p1b: Calyrex|atk|1\n|\n|upkeep\n|-message|Lechonkbro forfeited.\n|\n|win|xiaobengou123\n|raw|xiaobengou123's rating: 1634 &rarr; <strong>1654<\/strong><br \/>(+20 for winning)\n|raw|Lechonkbro's rating: 1630 &rarr; <strong>1610<\/strong><br \/>(-20 for losing)\n|l|\u2606Lechonkbro\n|player|p2|\n|l|\u2606xiaobengou123\n|player|p1|\n|l| woshiliangzai\n","uploadtime":1739889925,"views":10,"formatid":"gen9vgc2025regg","rating":1610,"private":0,"password":null}