{"id":"gen9vgc2025regg-2303214924","format":"[Gen 9] VGC 2025 Reg G","players":["jvessel07","Zakmancho"],"log":"|j|\u2606jvessel07\n|j|\u2606Zakmancho\n|t:|1739898941\n|gametype|doubles\n|player|p1|jvessel07|baker|1599\n|player|p2|Zakmancho|101|1521\n|teamsize|p1|6\n|teamsize|p2|6\n|gen|9\n|tier|[Gen 9] VGC 2025 Reg G\n|rated|\n|rule|Species Clause: Limit one of each Pok\u00e9mon\n|rule|Item Clause: Limit 1 of each item\n|clearpoke\n|poke|p1|Smeargle, L50, F|\n|poke|p1|Muk-Alola, L50, M|\n|poke|p1|Flamigo, L50, F|\n|poke|p1|Dondozo, L50, M|\n|poke|p1|Grafaiai, L50, M|\n|poke|p1|Calyrex-Shadow, L50|\n|poke|p2|Koraidon, L50|\n|poke|p2|Chi-Yu, L50|\n|poke|p2|Flutter Mane, L50|\n|poke|p2|Ogerpon-Cornerstone, L50, F|\n|poke|p2|Raging Bolt, L50|\n|poke|p2|Whimsicott, L50, F|\n|teampreview|4\n|inactive|Battle timer is ON: inactive players will automatically lose when time's up. (requested by Zakmancho)\n|\n|t:|1739898967\n|start\n|switch|p1a: Smeargle|Smeargle, L50, F|100\/100\n|switch|p1b: Muk|Muk-Alola, L50, M|100\/100\n|switch|p2a: Chi-Yu|Chi-Yu, L50|100\/100\n|switch|p2b: Raging Bolt|Raging Bolt, L50|100\/100\n|-ability|p2a: Chi-Yu|Beads of Ruin\n|turn|1\n|\n|t:|1739898989\n|move|p1a: Smeargle|Fake Out|p2a: Chi-Yu\n|-damage|p2a: Chi-Yu|94\/100\n|cant|p2a: Chi-Yu|flinch\n|move|p2b: Raging Bolt|Electroweb|p1a: Smeargle|[spread] p1a,p1b\n|-damage|p1a: Smeargle|45\/100\n|-damage|p1b: Muk|81\/100\n|-unboost|p1a: Smeargle|spe|1\n|-unboost|p1b: Muk|spe|1\n|move|p1b: Muk|Minimize|p1b: Muk\n|-boost|p1b: Muk|evasion|2\n|\n|-heal|p1b: Muk|87\/100|[from] item: Leftovers\n|-ability|p1a: Smeargle|Moody|boost\n|-boost|p1a: Smeargle|spe|2\n|-unboost|p1a: Smeargle|def|1\n|upkeep\n|turn|2\n|\n|t:|1739899011\n|move|p2a: Chi-Yu|Heat Wave|p1b: Muk|[spread] p1a,p1b\n|-damage|p1a: Smeargle|0 fnt\n|-damage|p1b: Muk|51\/100\n|faint|p1a: Smeargle\n|-ability|p1b: Muk|Moody|[from] ability: Power of Alchemy|[of] p1a: Smeargle\n|move|p2b: Raging Bolt|Electroweb|p1b: Muk\n|-damage|p1b: Muk|27\/100\n|-unboost|p1b: Muk|spe|1\n|move|p1b: Muk|Minimize|p1b: Muk\n|-boost|p1b: Muk|evasion|2\n|\n|-heal|p1b: Muk|33\/100|[from] item: Leftovers\n|-ability|p1b: Muk|Moody|boost\n|-boost|p1b: Muk|spa|2\n|-unboost|p1b: Muk|atk|1\n|upkeep\n|\n|t:|1739899025\n|switch|p1a: Calyrex|Calyrex-Shadow, L50|100\/100\n|-ability|p1a: Calyrex|As One\n|-ability|p1a: Calyrex|Unnerve\n|turn|3\n|\n|t:|1739899032\n|move|p1b: Muk|Protect|p1b: Muk\n|-singleturn|p1b: Muk|Protect\n|move|p2a: Chi-Yu|Heat Wave|p1a: Calyrex|[spread] p1a\n|-activate|p1b: Muk|move: Protect\n|-damage|p1a: Calyrex|47\/100\n|move|p1a: Calyrex|Psych Up|p1b: Muk\n|-copyboost|p1a: Calyrex|p1b: Muk|[from] move: Psych Up\n|move|p2b: Raging Bolt|Electroweb|p1a: Calyrex|[spread] p1a\n|-activate|p1b: Muk|move: Protect\n|-crit|p1a: Calyrex\n|-damage|p1a: Calyrex|0 fnt\n|faint|p1a: Calyrex\n|\n|-heal|p1b: Muk|39\/100|[from] item: Leftovers\n|-ability|p1b: Muk|Moody|boost\n|-boost|p1b: Muk|spe|2\n|-unboost|p1b: Muk|atk|1\n|upkeep\n|c|\u2606jvessel07|xddd\n|\n|t:|1739899046\n|switch|p1a: Flamigo|Flamigo, L50, F|100\/100\n|-copyboost|p1a: Flamigo|p1b: Muk|[from] ability: Costar\n|-enditem|p1a: Flamigo|White Herb\n|-clearnegativeboost|p1a: Flamigo|[silent]\n|turn|4\n|\n|t:|1739899061\n|move|p2a: Chi-Yu|Heat Wave|p1a: Flamigo|[spread] p1b\n|-miss|p2a: Chi-Yu|p1a: Flamigo\n|-damage|p1b: Muk|3\/100\n|move|p1a: Flamigo|Close Combat|p2a: Chi-Yu\n|-supereffective|p2a: Chi-Yu\n|-damage|p2a: Chi-Yu|0 fnt\n|-unboost|p1a: Flamigo|def|1\n|-unboost|p1a: Flamigo|spd|1\n|faint|p2a: Chi-Yu\n|move|p2b: Raging Bolt|Electroweb|p1b: Muk|[spread] p1a\n|-miss|p2b: Raging Bolt|p1b: Muk\n|-supereffective|p1a: Flamigo\n|-damage|p1a: Flamigo|20\/100\n|-unboost|p1a: Flamigo|spe|1\n|move|p1b: Muk|Knock Off|p2b: Raging Bolt\n|-damage|p2b: Raging Bolt|87\/100\n|-enditem|p2b: Raging Bolt|Assault Vest|[from] move: Knock Off|[of] p1b: Muk\n|\n|-heal|p1b: Muk|10\/100|[from] item: Leftovers\n|-ability|p1b: Muk|Moody|boost\n|-boost|p1b: Muk|def|2\n|-unboost|p1b: Muk|atk|1\n|upkeep\n|\n|t:|1739899080\n|switch|p2a: Ogerpon|Ogerpon-Cornerstone, L50, F|100\/100\n|turn|5\n|\n|t:|1739899090\n|move|p2a: Ogerpon|Spiky Shield|p2a: Ogerpon\n|-singleturn|p2a: Ogerpon|move: Protect\n|move|p1b: Muk|Protect|p1b: Muk\n|-singleturn|p1b: Muk|Protect\n|move|p1a: Flamigo|Roost|p1a: Flamigo\n|-heal|p1a: Flamigo|70\/100\n|-singleturn|p1a: Flamigo|move: Roost\n|move|p2b: Raging Bolt|Electroweb|p1a: Flamigo|[spread] \n|-activate|p1b: Muk|move: Protect\n|-miss|p2b: Raging Bolt|p1a: Flamigo\n|\n|-heal|p1b: Muk|16\/100|[from] item: Leftovers\n|-ability|p1b: Muk|Moody|boost\n|-boost|p1b: Muk|spe|2\n|-unboost|p1b: Muk|atk|1\n|upkeep\n|turn|6\n|\n|t:|1739899109\n|move|p2a: Ogerpon|Ivy Cudgel|p1b: Muk|[anim] Ivy Cudgel Rock\n|-damage|p1b: Muk|0 fnt\n|faint|p1b: Muk\n|move|p1a: Flamigo|Acrobatics|p2a: Ogerpon\n|-damage|p2a: Ogerpon|40\/100\n|move|p2b: Raging Bolt|Electroweb|p1a: Flamigo\n|-supereffective|p1a: Flamigo\n|-damage|p1a: Flamigo|0 fnt\n|faint|p1a: Flamigo\n|\n|win|Zakmancho\n|raw|jvessel07's rating: 1599 &rarr; <strong>1575<\/strong><br \/>(-24 for losing)\n|raw|Zakmancho's rating: 1521 &rarr; <strong>1545<\/strong><br \/>(+24 for winning)\n|l|\u2606jvessel07\n|player|p1|\n|l|\u2606Zakmancho\n|player|p2|\n","uploadtime":1739899262,"views":5,"formatid":"gen9vgc2025regg","rating":1545,"private":0,"password":null}