{"id":"gen9vgc2025regg-2303585337","format":"[Gen 9] VGC 2025 Reg G","players":["aoiharada","Zeropoke7310"],"log":"|j|\u2606aoiharada\n|j|\u2606Zeropoke7310\n|t:|1739941797\n|gametype|doubles\n|player|p1|aoiharada|265|1656\n|player|p2|Zeropoke7310|steven|1555\n|teamsize|p1|6\n|teamsize|p2|6\n|gen|9\n|tier|[Gen 9] VGC 2025 Reg G\n|rated|\n|rule|Species Clause: Limit one of each Pok\u00e9mon\n|rule|Item Clause: Limit 1 of each item\n|clearpoke\n|poke|p1|Kyogre, L50|\n|poke|p1|Rillaboom, L50, M|\n|poke|p1|Incineroar, L50, M|\n|poke|p1|Amoonguss, L50, M|\n|poke|p1|Urshifu-*, L50, M|\n|poke|p1|Raging Bolt, L50|\n|poke|p2|Calyrex-Ice, L50|\n|poke|p2|Incineroar, L50, M|\n|poke|p2|Urshifu-*, L50, F|\n|poke|p2|Amoonguss, L50, M|\n|poke|p2|Pelipper, L50, F|\n|poke|p2|Raging Bolt, L50|\n|teampreview|4\n|\n|t:|1739941861\n|start\n|switch|p1a: Raging Bolt|Raging Bolt, L50|100\/100\n|switch|p1b: Kyogre|Kyogre, L50|100\/100\n|switch|p2a: Raging Bolt|Raging Bolt, L50|100\/100\n|switch|p2b: Incineroar|Incineroar, L50, M, shiny|100\/100\n|-weather|RainDance|[from] ability: Drizzle|[of] p1b: Kyogre\n|-ability|p2b: Incineroar|Intimidate|boost\n|-unboost|p1a: Raging Bolt|atk|1\n|-unboost|p1b: Kyogre|atk|1\n|turn|1\n|\n|t:|1739941904\n|move|p2b: Incineroar|Fake Out|p1a: Raging Bolt\n|-damage|p1a: Raging Bolt|91\/100\n|move|p1b: Kyogre|Calm Mind|p1b: Kyogre\n|-boost|p1b: Kyogre|spa|1\n|-boost|p1b: Kyogre|spd|1\n|move|p2a: Raging Bolt|Volt Switch|p1b: Kyogre\n|-supereffective|p1b: Kyogre\n|-damage|p1b: Kyogre|63\/100\n|inactive|Battle timer is ON: inactive players will automatically lose when time's up. (requested by aoiharada)\n|\n|t:|1739941915\n|-end|p2a: Raging Bolt|Protosynthesis|[silent]\n|switch|p2a: Amoonguss|Amoonguss, L50, M, shiny|100\/100|[from] Volt Switch\n|cant|p1a: Raging Bolt|flinch\n|\n|-weather|RainDance|[upkeep]\n|-heal|p1b: Kyogre|69\/100|[from] item: Leftovers\n|upkeep\n|turn|2\n|\n|t:|1739941926\n|-end|p1a: Raging Bolt|Protosynthesis|[silent]\n|switch|p1a: Incineroar|Incineroar, L50, M|100\/100\n|-ability|p1a: Incineroar|Intimidate|boost\n|-unboost|p2a: Amoonguss|atk|1\n|-unboost|p2b: Incineroar|atk|1\n|switch|p2b: Raging Bolt|Raging Bolt, L50|100\/100\n|move|p1b: Kyogre|Protect|p1b: Kyogre\n|-singleturn|p1b: Kyogre|Protect\n|move|p2a: Amoonguss|Spore|p1b: Kyogre\n|-activate|p1b: Kyogre|move: Protect\n|\n|-weather|RainDance|[upkeep]\n|-heal|p1b: Kyogre|76\/100|[from] item: Leftovers\n|upkeep\n|turn|3\n|\n|t:|1739941948\n|move|p1a: Incineroar|Taunt|p2a: Amoonguss\n|-start|p2a: Amoonguss|move: Taunt\n|-enditem|p2a: Amoonguss|Mental Herb\n|-end|p2a: Amoonguss|move: Taunt\n|move|p1b: Kyogre|Calm Mind|p1b: Kyogre\n|-boost|p1b: Kyogre|spa|1\n|-boost|p1b: Kyogre|spd|1\n|move|p2b: Raging Bolt|Snarl|p1b: Kyogre|[spread] p1a,p1b\n|-resisted|p1a: Incineroar\n|-damage|p1a: Incineroar|93\/100\n|-damage|p1b: Kyogre|70\/100\n|-unboost|p1a: Incineroar|spa|1\n|-unboost|p1b: Kyogre|spa|1\n|move|p2a: Amoonguss|Clear Smog|p1b: Kyogre\n|-damage|p1b: Kyogre|64\/100\n|-clearboost|p1b: Kyogre\n|\n|-weather|RainDance|[upkeep]\n|-heal|p1b: Kyogre|70\/100|[from] item: Leftovers\n|upkeep\n|turn|4\n|\n|t:|1739941971\n|move|p1b: Kyogre|Protect|p1b: Kyogre\n|-singleturn|p1b: Kyogre|Protect\n|move|p1a: Incineroar|Knock Off|p2b: Raging Bolt\n|-damage|p2b: Raging Bolt|75\/100\n|-enditem|p2b: Raging Bolt|Assault Vest|[from] move: Knock Off|[of] p1a: Incineroar\n|move|p2b: Raging Bolt|Draco Meteor|p1a: Incineroar\n|-damage|p1a: Incineroar|28\/100\n|-unboost|p2b: Raging Bolt|spa|2\n|move|p2a: Amoonguss|Spore|p1b: Kyogre\n|-activate|p1b: Kyogre|move: Protect\n|\n|-weather|RainDance|[upkeep]\n|-heal|p1b: Kyogre|76\/100|[from] item: Leftovers\n|upkeep\n|turn|5\n|j| Samevgcmons\n|j| God of restricted\n|inactive|aoiharada has 30 seconds left.\n|\n|t:|1739942002\n|move|p1a: Incineroar|Parting Shot|p2b: Raging Bolt\n|-unboost|p2b: Raging Bolt|atk|1\n|-unboost|p2b: Raging Bolt|spa|1\n|\n|t:|1739942011\n|switch|p1a: Raging Bolt|Raging Bolt, L50|91\/100|[from] Parting Shot\n|move|p1b: Kyogre|Ice Beam|p2a: Amoonguss\n|-supereffective|p2a: Amoonguss\n|-damage|p2a: Amoonguss|45\/100\n|move|p2b: Raging Bolt|Volt Switch|p1a: Raging Bolt\n|-resisted|p1a: Raging Bolt\n|-damage|p1a: Raging Bolt|88\/100\n|\n|t:|1739942022\n|-end|p2b: Raging Bolt|Protosynthesis|[silent]\n|switch|p2b: Calyrex|Calyrex-Ice, L50|100\/100|[from] Volt Switch\n|-ability|p2b: Calyrex|As One\n|-ability|p2b: Calyrex|Unnerve\n|move|p2a: Amoonguss|Spore|p1b: Kyogre\n|-status|p1b: Kyogre|slp|[from] move: Spore\n|\n|-weather|none\n|-heal|p1b: Kyogre|82\/100 slp|[from] item: Leftovers\n|upkeep\n|turn|6\n|l| Samevgcmons\n|j| khe7marak\n|inactive|Zeropoke7310 has 30 seconds left.\n|\n|t:|1739942055\n|switch|p2a: Incineroar|Incineroar, L50, M, shiny|100\/100\n|-ability|p2a: Incineroar|Intimidate|boost\n|-unboost|p1a: Raging Bolt|atk|1\n|-unboost|p1b: Kyogre|atk|1\n|cant|p1b: Kyogre|slp\n|move|p1a: Raging Bolt|Volt Switch|p2b: Calyrex\n|-damage|p2b: Calyrex|69\/100\n|\n|t:|1739942064\n|-end|p1a: Raging Bolt|Protosynthesis|[silent]\n|switch|p1a: Incineroar|Incineroar, L50, M|28\/100|[from] Volt Switch\n|-ability|p1a: Incineroar|Intimidate|boost\n|-unboost|p2a: Incineroar|atk|1\n|-unboost|p2b: Calyrex|atk|1\n|move|p2b: Calyrex|Glacial Lance|p1a: Incineroar|[spread] p1a,p1b\n|-resisted|p1a: Incineroar\n|-resisted|p1b: Kyogre\n|-damage|p1a: Incineroar|8\/100\n|-damage|p1b: Kyogre|67\/100 slp\n|\n|-heal|p1b: Kyogre|74\/100 slp|[from] item: Leftovers\n|upkeep\n|turn|7\n|\n|t:|1739942083\n|move|p1a: Incineroar|Fake Out|p2a: Incineroar\n|-damage|p2a: Incineroar|93\/100\n|-damage|p1a: Incineroar|0 fnt|[from] item: Rocky Helmet|[of] p2a: Incineroar\n|faint|p1a: Incineroar\n|-curestatus|p1b: Kyogre|slp|[msg]\n|move|p1b: Kyogre|Calm Mind|p1b: Kyogre\n|-boost|p1b: Kyogre|spa|1\n|-boost|p1b: Kyogre|spd|1\n|cant|p2a: Incineroar|flinch\n|move|p2b: Calyrex|Glacial Lance|p1b: Kyogre\n|-resisted|p1b: Kyogre\n|-damage|p1b: Kyogre|53\/100\n|\n|-heal|p1b: Kyogre|59\/100|[from] item: Leftovers\n|upkeep\n|j| Rabbihorn\n|\n|t:|1739942095\n|switch|p1a: Raging Bolt|Raging Bolt, L50|88\/100\n|turn|8\n|\n|t:|1739942119\n|switch|p2b: Raging Bolt|Raging Bolt, L50|75\/100\n|move|p1b: Kyogre|Origin Pulse|p2a: Incineroar|[spread] p2a,p2b\n|-supereffective|p2a: Incineroar\n|-resisted|p2b: Raging Bolt\n|-damage|p2a: Incineroar|0 fnt\n|-damage|p2b: Raging Bolt|50\/100\n|faint|p2a: Incineroar\n|move|p1a: Raging Bolt|Thunderbolt|p2b: Raging Bolt\n|-resisted|p2b: Raging Bolt\n|-damage|p2b: Raging Bolt|38\/100\n|\n|-heal|p1b: Kyogre|65\/100|[from] item: Leftovers\n|upkeep\n|\n|t:|1739942132\n|switch|p2a: Calyrex|Calyrex-Ice, L50|69\/100\n|-ability|p2a: Calyrex|As One\n|-ability|p2a: Calyrex|Unnerve\n|turn|9\n|\n|t:|1739942150\n|-terastallize|p2a: Calyrex|Fairy\n|move|p2b: Raging Bolt|Thunderclap|p1b: Kyogre\n|-supereffective|p1b: Kyogre\n|-damage|p1b: Kyogre|28\/100\n|move|p1b: Kyogre|Origin Pulse|p2a: Calyrex|[spread] p2a,p2b\n|-resisted|p2b: Raging Bolt\n|-damage|p2a: Calyrex|25\/100\n|-damage|p2b: Raging Bolt|12\/100\n|move|p1a: Raging Bolt|Thunderbolt|p2a: Calyrex\n|-damage|p2a: Calyrex|0 fnt\n|faint|p2a: Calyrex\n|\n|-heal|p1b: Kyogre|34\/100|[from] item: Leftovers\n|upkeep\n|\n|t:|1739942165\n|switch|p2a: Amoonguss|Amoonguss, L50, M, shiny|78\/100\n|turn|10\n|\n|t:|1739942179\n|-terastallize|p1b: Kyogre|Grass\n|move|p1b: Kyogre|Ice Beam|p2b: Raging Bolt\n|-supereffective|p2b: Raging Bolt\n|-damage|p2b: Raging Bolt|0 fnt\n|faint|p2b: Raging Bolt\n|-end|p2b: Raging Bolt|Protosynthesis|[silent]\n|move|p1a: Raging Bolt|Volt Switch|p2a: Amoonguss\n|-resisted|p2a: Amoonguss\n|-damage|p2a: Amoonguss|57\/100\n|l| God of restricted\n|\n|t:|1739942188\n|-end|p1a: Raging Bolt|Protosynthesis|[silent]\n|switch|p1a: Rillaboom|Rillaboom, L50, M|100\/100|[from] Volt Switch\n|-fieldstart|move: Grassy Terrain|[from] ability: Grassy Surge|[of] p1a: Rillaboom\n|move|p2a: Amoonguss|Spore|p1a: Rillaboom\n|-immune|p1a: Rillaboom\n|\n|-heal|p1b: Kyogre|40\/100|[from] Grassy Terrain\n|-heal|p1b: Kyogre|47\/100|[from] item: Leftovers\n|-heal|p2a: Amoonguss|63\/100|[from] Grassy Terrain\n|upkeep\n|turn|11\n|-message|Zeropoke7310 forfeited.\n|\n|win|aoiharada\n|raw|aoiharada's rating: 1656 &rarr; <strong>1670<\/strong><br \/>(+14 for winning)\n|raw|Zeropoke7310's rating: 1555 &rarr; <strong>1541<\/strong><br \/>(-14 for losing)\n|l|\u2606Zeropoke7310\n|player|p2|\n|l|\u2606aoiharada\n|player|p1|\n|j| God of restricted\n|l| God of restricted\n|l| khe7marak\n","uploadtime":1739942216,"views":5,"formatid":"gen9vgc2025regg","rating":1541,"private":0,"password":null}