{"id":"gen9vgc2025regg-2303322322","format":"[Gen 9] VGC 2025 Reg G","players":["BLiiNDProdiigy","ggttmmhh"],"log":"|j|\u2606BLiiNDProdiigy\n|j|\u2606ggttmmhh\n|t:|1739909384\n|gametype|doubles\n|player|p1|BLiiNDProdiigy|rocketgrunt|1576\n|player|p2|ggttmmhh|1|1536\n|teamsize|p1|6\n|teamsize|p2|6\n|gen|9\n|tier|[Gen 9] VGC 2025 Reg G\n|rated|\n|rule|Species Clause: Limit one of each Pok\u00e9mon\n|rule|Item Clause: Limit 1 of each item\n|clearpoke\n|poke|p1|Terapagos, L50, M|\n|poke|p1|Incineroar, L50, F|\n|poke|p1|Rillaboom, L50, M|\n|poke|p1|Urshifu-*, L50, M|\n|poke|p1|Flutter Mane, L50|\n|poke|p1|Ogerpon-Hearthflame, L50, F|\n|poke|p2|Groudon, L50|\n|poke|p2|Ogerpon-Hearthflame, L50, F|\n|poke|p2|Raging Bolt, L50|\n|poke|p2|Jumpluff, L50, F|\n|poke|p2|Urshifu-*, L50, M|\n|poke|p2|Chien-Pao, L50|\n|teampreview|4\n|inactive|Battle timer is ON: inactive players will automatically lose when time's up. (requested by BLiiNDProdiigy)\n|\n|t:|1739909433\n|start\n|switch|p1a: Terapagos|Terapagos, L50, M|100\/100\n|switch|p1b: Flutter Mane|Flutter Mane, L50|100\/100\n|switch|p2a: Jumpluff|Jumpluff, L50, F, shiny|100\/100\n|switch|p2b: Ogerpon|Ogerpon-Hearthflame, L50, F|100\/100\n|-activate|p1a: Terapagos|ability: Tera Shift\n|detailschange|p1a: Terapagos|Terapagos-Terastal, L50, M\n|-heal|p1a: Terapagos|100\/100|[silent]\n|-ability|p2b: Ogerpon|Mold Breaker\n|-enditem|p1b: Flutter Mane|Booster Energy\n|-activate|p1b: Flutter Mane|ability: Protosynthesis|[fromitem]\n|-start|p1b: Flutter Mane|protosynthesisspe\n|turn|1\n|\n|t:|1739909448\n|switch|p1a: Incineroar|Incineroar, L50, F|100\/100\n|-ability|p1a: Incineroar|Intimidate|boost\n|-unboost|p2a: Jumpluff|atk|1\n|-unboost|p2b: Ogerpon|atk|1\n|move|p1b: Flutter Mane|Thunder Wave|p2a: Jumpluff\n|-status|p2a: Jumpluff|par\n|move|p2b: Ogerpon|Ivy Cudgel|p1b: Flutter Mane|[anim] Ivy Cudgel Fire\n|-damage|p1b: Flutter Mane|44\/100\n|cant|p2a: Jumpluff|par\n|\n|upkeep\n|turn|2\n|\n|t:|1739909465\n|switch|p2b: Groudon|Groudon, L50|100\/100\n|-weather|SunnyDay|[from] ability: Drought|[of] p2b: Groudon\n|move|p1b: Flutter Mane|Protect|p1b: Flutter Mane\n|-singleturn|p1b: Flutter Mane|Protect\n|cant|p2a: Jumpluff|par\n|move|p1a: Incineroar|Knock Off|p2a: Jumpluff\n|-damage|p2a: Jumpluff|54\/100 par\n|-enditem|p2a: Jumpluff|Covert Cloak|[from] move: Knock Off|[of] p1a: Incineroar\n|\n|-weather|SunnyDay|[upkeep]\n|upkeep\n|turn|3\n|inactive|ggttmmhh has 30 seconds left.\n|inactive|ggttmmhh has 20 seconds left.\n|inactive|ggttmmhh has 15 seconds left.\n|\n|t:|1739909509\n|switch|p2a: Ogerpon|Ogerpon-Hearthflame, L50, F|100\/100\n|-ability|p2a: Ogerpon|Mold Breaker\n|move|p1b: Flutter Mane|Icy Wind|p2a: Ogerpon|[spread] p2a,p2b\n|-supereffective|p2b: Groudon\n|-crit|p2b: Groudon\n|-damage|p2a: Ogerpon|85\/100\n|-damage|p2b: Groudon|61\/100\n|-unboost|p2a: Ogerpon|spe|1\n|move|p2b: Groudon|Precipice Blades|p1b: Flutter Mane|[spread] p1a,p1b\n|-supereffective|p1a: Incineroar\n|-damage|p1a: Incineroar|11\/100\n|-damage|p1b: Flutter Mane|0 fnt\n|faint|p1b: Flutter Mane\n|-end|p1b: Flutter Mane|Protosynthesis|[silent]\n|move|p1a: Incineroar|Will-O-Wisp|p2b: Groudon\n|-status|p2b: Groudon|brn\n|\n|-weather|SunnyDay|[upkeep]\n|-damage|p2b: Groudon|55\/100 brn|[from] brn\n|upkeep\n|\n|t:|1739909520\n|switch|p1b: Terapagos|Terapagos-Terastal, L50, M|100\/100\n|turn|4\n|inactive|ggttmmhh has 30 seconds left.\n|inactive|ggttmmhh has 20 seconds left.\n|\n|t:|1739909560\n|switch|p2b: Urshifu|Urshifu, L50, M|100\/100\n|switch|p1a: Ogerpon|Ogerpon-Hearthflame, L50, F|100\/100\n|-ability|p1a: Ogerpon|Mold Breaker\n|-terastallize|p1b: Terapagos|Stellar\n|detailschange|p1b: Terapagos|Terapagos-Stellar, L50, M, tera:Stellar\n|-heal|p1b: Terapagos|100\/100|[silent]\n|-ability|p1b: Terapagos|Teraform Zero\n|-weather|none\n|move|p2a: Ogerpon|Spiky Shield|p2a: Ogerpon\n|-singleturn|p2a: Ogerpon|move: Protect\n|move|p1b: Terapagos|Tera Starstorm|p2b: Urshifu|[spread] p2b\n|-activate|p2a: Ogerpon|move: Protect\n|-damage|p2b: Urshifu|38\/100\n|\n|upkeep\n|turn|5\n|inactive|ggttmmhh has 30 seconds left.\n|inactive|ggttmmhh has 20 seconds left.\n|inactive|ggttmmhh has 15 seconds left.\n|\n|t:|1739909604\n|switch|p2a: Groudon|Groudon, L50|55\/100 brn\n|-weather|SunnyDay|[from] ability: Drought|[of] p2a: Groudon\n|move|p1a: Ogerpon|Follow Me|p1a: Ogerpon\n|-singleturn|p1a: Ogerpon|move: Follow Me\n|move|p2b: Urshifu|Close Combat|p1a: Ogerpon\n|-damage|p1a: Ogerpon|0 fnt\n|-unboost|p2b: Urshifu|def|1\n|-unboost|p2b: Urshifu|spd|1\n|faint|p1a: Ogerpon\n|move|p1b: Terapagos|Tera Starstorm|p2b: Urshifu|[spread] p2a,p2b\n|-damage|p2a: Groudon|16\/100 brn\n|-damage|p2b: Urshifu|0 fnt\n|faint|p2b: Urshifu\n|\n|-weather|SunnyDay|[upkeep]\n|-damage|p2a: Groudon|10\/100 brn|[from] brn\n|upkeep\n|\n|t:|1739909621\n|switch|p1a: Incineroar|Incineroar, L50, F|11\/100\n|switch|p2b: Jumpluff|Jumpluff, L50, F, shiny|54\/100 par\n|-ability|p1a: Incineroar|Intimidate|boost\n|-fail|p2a: Groudon|unboost|[from] item: Clear Amulet|[of] p2a: Groudon\n|-unboost|p2b: Jumpluff|atk|1\n|turn|6\n|\n|t:|1739909644\n|switch|p2b: Ogerpon|Ogerpon-Hearthflame, L50, F|85\/100\n|-ability|p2b: Ogerpon|Mold Breaker\n|move|p2a: Groudon|Protect|p2a: Groudon\n|-singleturn|p2a: Groudon|Protect\n|move|p1a: Incineroar|Fake Out|p2b: Ogerpon\n|-damage|p2b: Ogerpon|71\/100\n|move|p1b: Terapagos|Substitute|p1b: Terapagos\n|-start|p1b: Terapagos|Substitute\n|-damage|p1b: Terapagos|75\/100\n|\n|-weather|SunnyDay|[upkeep]\n|-heal|p1b: Terapagos|82\/100|[from] item: Leftovers\n|-damage|p2a: Groudon|4\/100 brn|[from] brn\n|upkeep\n|turn|7\n|inactive|ggttmmhh has 30 seconds left.\n|\n|t:|1739909674\n|move|p2b: Ogerpon|Ivy Cudgel|p1b: Terapagos|[anim] Ivy Cudgel Fire\n|-end|p1b: Terapagos|Substitute\n|move|p2a: Groudon|Precipice Blades|p1b: Terapagos|[spread] \n|-miss|p2a: Groudon|p1a: Incineroar\n|-miss|p2a: Groudon|p1b: Terapagos\n|move|p1b: Terapagos|Tera Starstorm|p2b: Ogerpon|[spread] p2a,p2b\n|-damage|p2a: Groudon|0 fnt\n|-damage|p2b: Ogerpon|26\/100\n|faint|p2a: Groudon\n|move|p1a: Incineroar|Parting Shot|p2b: Ogerpon\n|-unboost|p2b: Ogerpon|atk|1\n|-unboost|p2b: Ogerpon|spa|1\n|\n|-weather|SunnyDay|[upkeep]\n|-heal|p1b: Terapagos|88\/100|[from] item: Leftovers\n|upkeep\n|\n|t:|1739909680\n|switch|p2a: Jumpluff|Jumpluff, L50, F, shiny|54\/100 par\n|turn|8\n|inactive|ggttmmhh has 30 seconds left.\n|\n|t:|1739909714\n|move|p2b: Ogerpon|Ivy Cudgel|p1a: Incineroar|[anim] Ivy Cudgel Fire\n|-resisted|p1a: Incineroar\n|-crit|p1a: Incineroar\n|-damage|p1a: Incineroar|0 fnt\n|faint|p1a: Incineroar\n|move|p2a: Jumpluff|Sleep Powder|p1b: Terapagos\n|-status|p1b: Terapagos|slp|[from] move: Sleep Powder\n|cant|p1b: Terapagos|slp\n|\n|-weather|SunnyDay|[upkeep]\n|-heal|p1b: Terapagos|94\/100 slp|[from] item: Leftovers\n|upkeep\n|turn|9\n|\n|t:|1739909736\n|-terastallize|p2b: Ogerpon|Fire\n|detailschange|p2b: Ogerpon|Ogerpon-Hearthflame-Tera, L50, F, tera:Fire\n|-ability|p2b: Ogerpon|Embody Aspect (Hearthflame)|boost\n|-boost|p2b: Ogerpon|atk|1\n|cant|p1b: Terapagos|slp\n|move|p2b: Ogerpon|Ivy Cudgel|p1b: Terapagos|[anim] Ivy Cudgel Fire\n|-damage|p1b: Terapagos|30\/100 slp\n|move|p2a: Jumpluff|Tailwind|p2a: Jumpluff\n|-sidestart|p2: ggttmmhh|move: Tailwind\n|\n|-weather|none\n|-heal|p1b: Terapagos|36\/100 slp|[from] item: Leftovers\n|upkeep\n|turn|10\n|\n|t:|1739909756\n|move|p2b: Ogerpon|Ivy Cudgel|p1b: Terapagos|[anim] Ivy Cudgel Fire\n|-damage|p1b: Terapagos|0 fnt\n|faint|p1b: Terapagos\n|\n|win|ggttmmhh\n|raw|BLiiNDProdiigy's rating: 1576 &rarr; <strong>1554<\/strong><br \/>(-22 for losing)\n|raw|ggttmmhh's rating: 1536 &rarr; <strong>1558<\/strong><br \/>(+22 for winning)\n|l|\u2606BLiiNDProdiigy\n|player|p1|\n|l|\u2606ggttmmhh\n|player|p2|\n","uploadtime":1739909926,"views":6,"formatid":"gen9vgc2025regg","rating":1554,"private":0,"password":null}