{"id":"gen9vgc2025regg-2303265328","format":"[Gen 9] VGC 2025 Reg G","players":["Lkizzz","Lacourgetta"],"log":"|j|\u2606Lkizzz\n|j|\u2606Lacourgetta\n|t:|1739903799\n|gametype|doubles\n|player|p1|Lkizzz|swimmer-gen4dp|1567\n|player|p2|Lacourgetta|2|1558\n|teamsize|p1|6\n|teamsize|p2|6\n|gen|9\n|tier|[Gen 9] VGC 2025 Reg G\n|rated|\n|rule|Species Clause: Limit one of each Pok\u00e9mon\n|rule|Item Clause: Limit 1 of each item\n|clearpoke\n|poke|p1|Zamazenta-*, L50|\n|poke|p1|Chien-Pao, L50|\n|poke|p1|Raging Bolt, L50|\n|poke|p1|Flutter Mane, L50|\n|poke|p1|Chi-Yu, L50|\n|poke|p1|Amoonguss, L50, M|\n|poke|p2|Terapagos, L50, M|\n|poke|p2|Tornadus, L50, M|\n|poke|p2|Dondozo, L50, M|\n|poke|p2|Smeargle, L50, F|\n|poke|p2|Tatsugiri-Droopy, L50, F|\n|poke|p2|Ogerpon-Hearthflame, L50, F|\n|teampreview|4\n|inactive|Battle timer is ON: inactive players will automatically lose when time's up. (requested by Lacourgetta)\n|inactive|Lkizzz has 60 seconds left.\n|inactive|Lacourgetta has 60 seconds left.\n|\n|t:|1739903860\n|start\n|switch|p1a: Zamazenta|Zamazenta-Crowned, L50|100\/100\n|switch|p1b: Chi-Yu|Chi-Yu, L50|100\/100\n|switch|p2a: Dondozo|Dondozo, L50, M|100\/100\n|switch|p2b: Ogerpon|Ogerpon-Hearthflame, L50, F|100\/100\n|-ability|p1b: Chi-Yu|Beads of Ruin\n|-ability|p1a: Zamazenta|Dauntless Shield|boost\n|-boost|p1a: Zamazenta|def|1\n|-ability|p2b: Ogerpon|Mold Breaker\n|turn|1\n|inactive|Lacourgetta has 30 seconds left.\n|inactive|Lacourgetta has 20 seconds left.\n|\n|t:|1739903897\n|switch|p1b: Raging Bolt|Raging Bolt, L50|100\/100\n|move|p2b: Ogerpon|Spiky Shield|p2b: Ogerpon\n|-singleturn|p2b: Ogerpon|move: Protect\n|move|p1a: Zamazenta|Body Press|p2b: Ogerpon\n|-activate|p2b: Ogerpon|move: Protect\n|-damage|p1a: Zamazenta|88\/100|[from] Spiky Shield|[of] p2b: Ogerpon\n|move|p2a: Dondozo|Body Press|p1b: Raging Bolt\n|-damage|p1b: Raging Bolt|81\/100\n|\n|upkeep\n|turn|2\n|inactive|Lacourgetta has 30 seconds left.\n|\n|t:|1739903930\n|switch|p2b: Tatsugiri|Tatsugiri-Droopy, L50, F|100\/100\n|-activate|p2b: Tatsugiri|ability: Commander|[of] p2a: Dondozo\n|-boost|p2a: Dondozo|atk|2\n|-boost|p2a: Dondozo|spa|2\n|-boost|p2a: Dondozo|spe|2\n|-boost|p2a: Dondozo|def|2\n|-boost|p2a: Dondozo|spd|2\n|-terastallize|p1b: Raging Bolt|Fairy\n|-terastallize|p2a: Dondozo|Fairy\n|move|p1a: Zamazenta|Body Press|p2a: Dondozo\n|-resisted|p2a: Dondozo\n|-damage|p2a: Dondozo|94\/100\n|move|p2a: Dondozo|Order Up|p1b: Raging Bolt\n|-immune|p1b: Raging Bolt\n|move|p1b: Raging Bolt|Thunderbolt|p2a: Dondozo\n|-damage|p2a: Dondozo|75\/100\n|\n|-heal|p2a: Dondozo|81\/100|[from] item: Leftovers\n|upkeep\n|turn|3\n|inactive|Lkizzz has 30 seconds left.\n|\n|t:|1739903956\n|move|p1a: Zamazenta|Behemoth Bash|p2a: Dondozo\n|-supereffective|p2a: Dondozo\n|-damage|p2a: Dondozo|55\/100\n|move|p2a: Dondozo|Body Press|p1a: Zamazenta\n|-supereffective|p1a: Zamazenta\n|-crit|p1a: Zamazenta\n|-damage|p1a: Zamazenta|16\/100\n|move|p1b: Raging Bolt|Thunderbolt|p2a: Dondozo\n|-damage|p2a: Dondozo|35\/100\n|\n|-heal|p2a: Dondozo|42\/100|[from] item: Leftovers\n|upkeep\n|turn|4\n|\n|t:|1739903974\n|move|p2a: Dondozo|Protect|p2a: Dondozo\n|-singleturn|p2a: Dondozo|Protect\n|move|p1a: Zamazenta|Behemoth Bash|p2a: Dondozo\n|-activate|p2a: Dondozo|move: Protect\n|move|p1b: Raging Bolt|Thunderbolt|p2a: Dondozo\n|-activate|p2a: Dondozo|move: Protect\n|\n|-heal|p2a: Dondozo|48\/100|[from] item: Leftovers\n|upkeep\n|turn|5\n|\n|t:|1739903991\n|move|p1a: Zamazenta|Behemoth Bash|p2a: Dondozo\n|-supereffective|p2a: Dondozo\n|-damage|p2a: Dondozo|24\/100\n|move|p2a: Dondozo|Order Up|p1a: Zamazenta\n|-resisted|p1a: Zamazenta\n|-damage|p1a: Zamazenta|5\/100\n|-boost|p2a: Dondozo|def|1\n|move|p1b: Raging Bolt|Thunderbolt|p2a: Dondozo\n|-damage|p2a: Dondozo|6\/100\n|-status|p2a: Dondozo|par\n|\n|-heal|p2a: Dondozo|12\/100 par|[from] item: Leftovers\n|upkeep\n|turn|6\n|\n|t:|1739904007\n|move|p2a: Dondozo|Protect|p2a: Dondozo\n|-singleturn|p2a: Dondozo|Protect\n|move|p1a: Zamazenta|Behemoth Bash|p2a: Dondozo\n|-activate|p2a: Dondozo|move: Protect\n|move|p1b: Raging Bolt|Draco Meteor|p2b: Tatsugiri|[miss]\n|-miss|p1b: Raging Bolt|p2b: Tatsugiri\n|\n|-heal|p2a: Dondozo|18\/100 par|[from] item: Leftovers\n|upkeep\n|turn|7\n|\n|t:|1739904014\n|move|p1a: Zamazenta|Behemoth Bash|p2a: Dondozo\n|-supereffective|p2a: Dondozo\n|-damage|p2a: Dondozo|0 fnt\n|faint|p2a: Dondozo\n|move|p1b: Raging Bolt|Draco Meteor|p2b: Tatsugiri\n|-supereffective|p2b: Tatsugiri\n|-damage|p2b: Tatsugiri|0 fnt\n|-unboost|p1b: Raging Bolt|spa|2\n|faint|p2b: Tatsugiri\n|\n|upkeep\n|\n|t:|1739904022\n|switch|p2b: Terapagos|Terapagos, L50, M|100\/100\n|switch|p2a: Ogerpon|Ogerpon-Hearthflame, L50, F|100\/100\n|-activate|p2b: Terapagos|ability: Tera Shift\n|detailschange|p2b: Terapagos|Terapagos-Terastal, L50, M\n|-heal|p2b: Terapagos|100\/100|[silent]\n|-ability|p2a: Ogerpon|Mold Breaker\n|turn|8\n|inactive|Lacourgetta has 30 seconds left.\n|inactive|Lacourgetta has 20 seconds left.\n|inactive|Lacourgetta has 15 seconds left.\n|\n|t:|1739904063\n|move|p1a: Zamazenta|Body Press|p2b: Terapagos\n|-activate|p2b: Terapagos|ability: Tera Shell\n|-resisted|p2b: Terapagos\n|-damage|p2b: Terapagos|73\/100\n|move|p2a: Ogerpon|Ivy Cudgel|p1a: Zamazenta|[anim] Ivy Cudgel Fire\n|-supereffective|p1a: Zamazenta\n|-damage|p1a: Zamazenta|0 fnt\n|faint|p1a: Zamazenta\n|move|p2b: Terapagos|Tera Starstorm|p1b: Raging Bolt\n|-damage|p1b: Raging Bolt|30\/100\n|move|p1b: Raging Bolt|Snarl|p2a: Ogerpon|[spread] p2a,p2b\n|-crit|p2a: Ogerpon\n|-damage|p2a: Ogerpon|78\/100\n|-damage|p2b: Terapagos|66\/100\n|-unboost|p2a: Ogerpon|spa|1\n|-unboost|p2b: Terapagos|spa|1\n|\n|upkeep\n|inactive|Lkizzz has 30 seconds left.\n|\n|t:|1739904089\n|switch|p1a: Chi-Yu|Chi-Yu, L50|100\/100\n|-ability|p1a: Chi-Yu|Beads of Ruin\n|turn|9\n|inactive|Lacourgetta has 30 seconds left.\n|\n|t:|1739904115\n|move|p2a: Ogerpon|Spiky Shield|p2a: Ogerpon\n|-singleturn|p2a: Ogerpon|move: Protect\n|move|p1a: Chi-Yu|Heat Wave|p2a: Ogerpon|[spread] p2b\n|-activate|p2a: Ogerpon|move: Protect\n|-damage|p2b: Terapagos|24\/100\n|move|p2b: Terapagos|Tera Starstorm|p1a: Chi-Yu\n|-damage|p1a: Chi-Yu|33\/100\n|move|p1b: Raging Bolt|Draco Meteor|p2a: Ogerpon\n|-activate|p2a: Ogerpon|move: Protect\n|\n|upkeep\n|turn|10\n|inactive|Lacourgetta has 30 seconds left.\n|\n|t:|1739904141\n|move|p2a: Ogerpon|Follow Me|p2a: Ogerpon\n|-singleturn|p2a: Ogerpon|move: Follow Me\n|move|p1a: Chi-Yu|Heat Wave|p2b: Terapagos|[spread] p2a,p2b\n|-damage|p2a: Ogerpon|33\/100\n|-damage|p2b: Terapagos|0 fnt\n|faint|p2b: Terapagos\n|move|p1b: Raging Bolt|Draco Meteor|p2a: Ogerpon\n|-damage|p2a: Ogerpon|0 fnt\n|-unboost|p1b: Raging Bolt|spa|2\n|faint|p2a: Ogerpon\n|\n|win|Lkizzz\n|raw|Lkizzz's rating: 1567 &rarr; <strong>1586<\/strong><br \/>(+19 for winning)\n|raw|Lacourgetta's rating: 1558 &rarr; <strong>1539<\/strong><br \/>(-19 for losing)\n|l|\u2606Lkizzz\n|player|p1|\n|l|\u2606Lacourgetta\n|player|p2|\n","uploadtime":1739904387,"views":5,"formatid":"gen9vgc2025regg","rating":1539,"private":0,"password":null}