{"id":"gen9vgc2025regg-2303322064","format":"[Gen 9] VGC 2025 Reg G","players":["xxxPlayer5xxx","Spottedwoot"],"log":"|j|\u2606xxxPlayer5xxx\n|j|\u2606Spottedwoot\n|t:|1739909359\n|gametype|doubles\n|player|p1|xxxPlayer5xxx|102|1646\n|player|p2|Spottedwoot|101|1655\n|teamsize|p1|6\n|teamsize|p2|6\n|gen|9\n|tier|[Gen 9] VGC 2025 Reg G\n|rated|\n|rule|Species Clause: Limit one of each Pok\u00e9mon\n|rule|Item Clause: Limit 1 of each item\n|clearpoke\n|poke|p1|Ho-Oh, L50|\n|poke|p1|Tornadus, L50, M|\n|poke|p1|Raging Bolt, L50|\n|poke|p1|Amoonguss, L50, M|\n|poke|p1|Annihilape, L50, M|\n|poke|p1|Volcarona, L50, F|\n|poke|p2|Zamazenta-*, L50|\n|poke|p2|Chien-Pao, L50|\n|poke|p2|Entei, L50|\n|poke|p2|Raging Bolt, L50|\n|poke|p2|Rillaboom, L50, M|\n|poke|p2|Farigiraf, L50, M|\n|teampreview|4\n|inactive|Battle timer is ON: inactive players will automatically lose when time's up. (requested by xxxPlayer5xxx)\n|inactive|xxxPlayer5xxx has 60 seconds left.\n|inactive|Spottedwoot has 60 seconds left.\n|inactive|Spottedwoot has 30 seconds left.\n|inactive|Spottedwoot has 20 seconds left.\n|inactive|Spottedwoot has 15 seconds left.\n|inactive|Spottedwoot has 10 seconds left.\n|inactive|Spottedwoot has 5 seconds left.\n|\n|t:|1739909451\n|start\n|switch|p1a: Volcarona|Volcarona, L50, F|100\/100\n|switch|p1b: Amoonguss|Amoonguss, L50, M|100\/100\n|switch|p2a: Zamazenta|Zamazenta-Crowned, L50|100\/100\n|switch|p2b: Chien-Pao|Chien-Pao, L50|100\/100\n|-ability|p2b: Chien-Pao|Sword of Ruin\n|-ability|p2a: Zamazenta|Dauntless Shield|boost\n|-boost|p2a: Zamazenta|def|1\n|turn|1\n|inactive|xxxPlayer5xxx has 30 seconds left.\n|\n|t:|1739909484\n|-terastallize|p2b: Chien-Pao|Stellar\n|move|p2a: Zamazenta|Wide Guard|p2a: Zamazenta\n|-singleturn|p2a: Zamazenta|Wide Guard\n|move|p2b: Chien-Pao|Icicle Crash|p1b: Amoonguss\n|-supereffective|p1b: Amoonguss\n|-damage|p1b: Amoonguss|0 fnt\n|faint|p1b: Amoonguss\n|move|p1a: Volcarona|Quiver Dance|p1a: Volcarona\n|-boost|p1a: Volcarona|spa|1\n|-boost|p1a: Volcarona|spd|1\n|-boost|p1a: Volcarona|spe|1\n|\n|upkeep\n|\n|t:|1739909493\n|switch|p1b: Ho-Oh|Ho-Oh, L50|100\/100\n|turn|2\n|\n|t:|1739909508\n|move|p1a: Volcarona|Heat Wave|p2b: Chien-Pao|[spread] p2a,p2b\n|-supereffective|p2a: Zamazenta\n|-supereffective|p2b: Chien-Pao\n|-damage|p2a: Zamazenta|28\/100\n|-enditem|p2b: Chien-Pao|Focus Sash\n|-damage|p2b: Chien-Pao|1\/100\n|move|p2b: Chien-Pao|Icicle Crash|p1b: Ho-Oh\n|-damage|p1b: Ho-Oh|52\/100\n|move|p2a: Zamazenta|Iron Defense|p2a: Zamazenta\n|-boost|p2a: Zamazenta|def|2\n|cant|p1b: Ho-Oh|flinch\n|\n|upkeep\n|turn|3\n|\n|t:|1739909524\n|move|p2a: Zamazenta|Wide Guard|p2a: Zamazenta\n|-singleturn|p2a: Zamazenta|Wide Guard\n|move|p2b: Chien-Pao|Sucker Punch|p1b: Ho-Oh\n|-damage|p1b: Ho-Oh|0 fnt\n|faint|p1b: Ho-Oh\n|move|p1a: Volcarona|Heat Wave|p2a: Zamazenta|[spread] \n|-activate|p2a: Zamazenta|move: Wide Guard\n|-activate|p2b: Chien-Pao|move: Wide Guard\n|\n|upkeep\n|\n|t:|1739909526\n|switch|p1b: Annihilape|Annihilape, L50, M|100\/100\n|turn|4\n|\n|t:|1739909545\n|move|p2a: Zamazenta|Wide Guard|p2a: Zamazenta\n|-singleturn|p2a: Zamazenta|Wide Guard\n|move|p2b: Chien-Pao|Sucker Punch|p1a: Volcarona\n|-damage|p1a: Volcarona|52\/100\n|move|p1b: Annihilape|Close Combat|p2a: Zamazenta\n|-supereffective|p2a: Zamazenta\n|-damage|p2a: Zamazenta|0 fnt\n|-unboost|p1b: Annihilape|def|1\n|-unboost|p1b: Annihilape|spd|1\n|faint|p2a: Zamazenta\n|move|p1a: Volcarona|Heat Wave|p2b: Chien-Pao\n|-activate|p2b: Chien-Pao|move: Wide Guard\n|\n|-heal|p1a: Volcarona|58\/100|[from] item: Leftovers\n|upkeep\n|\n|t:|1739909557\n|switch|p2a: Entei|Entei, L50|100\/100\n|turn|5\n|\n|t:|1739909582\n|move|p2a: Entei|Extreme Speed|p1a: Volcarona\n|-damage|p1a: Volcarona|0 fnt\n|faint|p1a: Volcarona\n|-damage|p2a: Entei|91\/100|[from] item: Life Orb\n|move|p2b: Chien-Pao|Sucker Punch|p1b: Annihilape\n|-damage|p1b: Annihilape|32\/100\n|move|p1b: Annihilape|Close Combat|p2b: Chien-Pao\n|-supereffective|p2b: Chien-Pao\n|-damage|p2b: Chien-Pao|0 fnt\n|-unboost|p1b: Annihilape|def|1\n|-unboost|p1b: Annihilape|spd|1\n|faint|p2b: Chien-Pao\n|\n|upkeep\n|\n|t:|1739909585\n|switch|p2b: Raging Bolt|Raging Bolt, L50|100\/100\n|-enditem|p2b: Raging Bolt|Booster Energy\n|-activate|p2b: Raging Bolt|ability: Protosynthesis|[fromitem]\n|-start|p2b: Raging Bolt|protosynthesisspa\n|turn|6\n|\n|t:|1739909593\n|move|p1b: Annihilape|Close Combat|p2b: Raging Bolt\n|-damage|p2b: Raging Bolt|60\/100\n|-unboost|p1b: Annihilape|def|1\n|-unboost|p1b: Annihilape|spd|1\n|move|p2a: Entei|Crunch|p1b: Annihilape\n|-damage|p1b: Annihilape|0 fnt\n|faint|p1b: Annihilape\n|-damage|p2a: Entei|81\/100|[from] item: Life Orb\n|\n|win|Spottedwoot\n|raw|xxxPlayer5xxx's rating: 1646 &rarr; <strong>1627<\/strong><br \/>(-19 for losing)\n|raw|Spottedwoot's rating: 1655 &rarr; <strong>1674<\/strong><br \/>(+19 for winning)\n|l|\u2606xxxPlayer5xxx\n|player|p1|\n","uploadtime":1739909596,"views":34,"formatid":"gen9vgc2025regg","rating":1627,"private":0,"password":null}