{"id":"gen9vgc2025regg-2303961651","format":"[Gen 9] VGC 2025 Reg G","players":["elvegis1","zero_the_enforcer"],"log":"|j|\u2606elvegis1\n|j|\u203dzero_the_enforcer\n|t:|1739993003\n|gametype|doubles\n|player|p1|elvegis1|lucas|1577\n|player|p2|zero_the_enforcer|266|1664\n|teamsize|p1|6\n|teamsize|p2|6\n|gen|9\n|tier|[Gen 9] VGC 2025 Reg G\n|rated|\n|rule|Species Clause: Limit one of each Pok\u00e9mon\n|rule|Item Clause: Limit 1 of each item\n|clearpoke\n|poke|p1|Calyrex-Shadow, L50|\n|poke|p1|Urshifu-*, L50, M|\n|poke|p1|Whimsicott, L50, M|\n|poke|p1|Incineroar, L50, F|\n|poke|p1|Ditto, L50|\n|poke|p1|Raging Bolt, L50|\n|poke|p2|Miraidon, L50|\n|poke|p2|Whimsicott, L50, M|\n|poke|p2|Urshifu-*, L50, F|\n|poke|p2|Chi-Yu, L50|\n|poke|p2|Ditto, L50|\n|poke|p2|Dragonite, L50, F|\n|teampreview|4\n|inactive|Battle timer is ON: inactive players will automatically lose when time's up. (requested by elvegis1)\n|inactive|zero_the_enforcer has 60 seconds left.\n|j| tetsuokaga\n|j| keltr1ck\n|inactive|zero_the_enforcer has 30 seconds left.\n|\n|t:|1739993072\n|start\n|switch|p1a: Whimsicott|Whimsicott, L50, M|100\/100\n|switch|p1b: Calyrex|Calyrex-Shadow, L50|100\/100\n|switch|p2a: Miraidon|Miraidon, L50|100\/100\n|switch|p2b: Urshifu|Urshifu-Rapid-Strike, L50, F|100\/100\n|-ability|p1b: Calyrex|As One\n|-ability|p1b: Calyrex|Unnerve\n|-fieldstart|move: Electric Terrain|[from] ability: Hadron Engine|[of] p2a: Miraidon\n|turn|1\n|\n|t:|1739993087\n|move|p1a: Whimsicott|Tailwind|p1a: Whimsicott\n|-sidestart|p1: elvegis1|move: Tailwind\n|move|p1b: Calyrex|Astral Barrage|p2b: Urshifu|[spread] p2a,p2b\n|-damage|p2a: Miraidon|56\/100\n|-damage|p2b: Urshifu|50\/100\n|move|p2a: Miraidon|Volt Switch|p1b: Calyrex\n|-damage|p1b: Calyrex|21\/100\n|\n|t:|1739993096\n|switch|p2a: Ditto|Ditto, L50|100\/100|[from] Volt Switch\n|-transform|p2a: Ditto|p1b: Calyrex|[from] ability: Imposter\n|-ability|p2a: Ditto|As One\n|-ability|p2a: Ditto|Unnerve\n|-enditem|p2a: Ditto|Electric Seed\n|-boost|p2a: Ditto|def|1|[from] item: Electric Seed\n|move|p2b: Urshifu|Surging Strikes|p1b: Calyrex\n|-crit|p1b: Calyrex\n|-damage|p1b: Calyrex|0 fnt\n|faint|p1b: Calyrex\n|-hitcount|p1: Calyrex|1\n|\n|upkeep\n|\n|t:|1739993110\n|switch|p1b: Raging Bolt|Raging Bolt, L50|100\/100\n|turn|2\n|\n|t:|1739993123\n|-terastallize|p2b: Urshifu|Grass\n|move|p1a: Whimsicott|Fake Tears|p2a: Ditto\n|-unboost|p2a: Ditto|spd|2\n|move|p1b: Raging Bolt|Thunderbolt|p2a: Ditto\n|-damage|p2a: Ditto|0 fnt\n|faint|p2a: Ditto\n|move|p2b: Urshifu|Ice Spinner|p1b: Raging Bolt\n|-supereffective|p1b: Raging Bolt\n|-damage|p1b: Raging Bolt|51\/100\n|-fieldend|move: Electric Terrain\n|\n|upkeep\n|\n|t:|1739993142\n|switch|p2a: Whimsicott|Whimsicott, L50, M|100\/100\n|turn|3\n|inactive|elvegis1 has 30 seconds left.\n|inactive|elvegis1 has 20 seconds left.\n|inactive|elvegis1 has 15 seconds left.\n|\n|t:|1739993186\n|-terastallize|p1b: Raging Bolt|Fairy\n|move|p1a: Whimsicott|Moonblast|p2b: Urshifu\n|-damage|p2b: Urshifu|27\/100\n|move|p1b: Raging Bolt|Electroweb|p2a: Whimsicott|[spread] p2a,p2b\n|-resisted|p2a: Whimsicott\n|-resisted|p2b: Urshifu\n|-damage|p2a: Whimsicott|81\/100\n|-damage|p2b: Urshifu|17\/100\n|-unboost|p2a: Whimsicott|spe|1\n|-unboost|p2b: Urshifu|spe|1\n|move|p2a: Whimsicott|Moonblast|p1b: Raging Bolt\n|-damage|p1b: Raging Bolt|30\/100\n|move|p2b: Urshifu|Ice Spinner|p1a: Whimsicott\n|-supereffective|p1a: Whimsicott\n|-damage|p1a: Whimsicott|22\/100\n|\n|upkeep\n|turn|4\n|inactive|zero_the_enforcer has 30 seconds left.\n|inactive|elvegis1 has 30 seconds left.\n|inactive|zero_the_enforcer has 20 seconds left.\n|inactive|zero_the_enforcer has 15 seconds left.\n|\n|t:|1739993228\n|move|p2a: Whimsicott|Tailwind|p2a: Whimsicott\n|-sidestart|p2: zero_the_enforcer|move: Tailwind\n|move|p2b: Urshifu|Aqua Jet|p1a: Whimsicott\n|-resisted|p1a: Whimsicott\n|-damage|p1a: Whimsicott|9\/100\n|move|p1a: Whimsicott|Moonblast|p2b: Urshifu\n|-crit|p2b: Urshifu\n|-damage|p2b: Urshifu|0 fnt\n|faint|p2b: Urshifu\n|move|p1b: Raging Bolt|Thunderbolt|p2a: Whimsicott\n|-resisted|p2a: Whimsicott\n|-damage|p2a: Whimsicott|37\/100\n|-status|p2a: Whimsicott|par\n|\n|-sideend|p1: elvegis1|move: Tailwind\n|upkeep\n|\n|t:|1739993238\n|switch|p2b: Miraidon|Miraidon, L50|56\/100\n|-fieldstart|move: Electric Terrain|[from] ability: Hadron Engine|[of] p2b: Miraidon\n|turn|5\n|\n|t:|1739993260\n|move|p1a: Whimsicott|Tailwind|p1a: Whimsicott\n|-sidestart|p1: elvegis1|move: Tailwind\n|move|p1b: Raging Bolt|Thunderclap||[still]\n|-fail|p1b: Raging Bolt\n|cant|p2a: Whimsicott|par\n|move|p2b: Miraidon|Dazzling Gleam|p1b: Raging Bolt|[spread] p1a,p1b\n|-damage|p1a: Whimsicott|0 fnt\n|-damage|p1b: Raging Bolt|7\/100\n|faint|p1a: Whimsicott\n|\n|upkeep\n|\n|t:|1739993268\n|switch|p1a: Ditto|Ditto, L50|100\/100\n|-transform|p1a: Ditto|p2b: Miraidon|[from] ability: Imposter\n|-activate|p1a: Ditto|ability: Hadron Engine\n|turn|6\n|\n|t:|1739993284\n|move|p1b: Raging Bolt|Thunderclap|p2b: Miraidon\n|-resisted|p2b: Miraidon\n|-damage|p2b: Miraidon|48\/100\n|move|p1a: Ditto|Dazzling Gleam|p2b: Miraidon|[spread] p2a,p2b\n|-crit|p2a: Whimsicott\n|-supereffective|p2b: Miraidon\n|-damage|p2a: Whimsicott|0 fnt\n|-damage|p2b: Miraidon|9\/100\n|faint|p2a: Whimsicott\n|move|p2b: Miraidon|Dazzling Gleam|p1b: Raging Bolt|[spread] p1a,p1b\n|-supereffective|p1a: Ditto\n|-damage|p1a: Ditto|27\/100\n|-damage|p1b: Raging Bolt|0 fnt\n|faint|p1b: Raging Bolt\n|-end|p1b: Raging Bolt|Protosynthesis|[silent]\n|\n|upkeep\n|turn|7\n|\n|t:|1739993295\n|move|p1a: Ditto|Electro Drift|p2b: Miraidon\n|-resisted|p2b: Miraidon\n|-damage|p2b: Miraidon|0 fnt\n|faint|p2b: Miraidon\n|\n|win|elvegis1\n|raw|elvegis1's rating: 1577 &rarr; <strong>1602<\/strong><br \/>(+25 for winning)\n|raw|zero_the_enforcer's rating: 1664 &rarr; <strong>1639<\/strong><br \/>(-25 for losing)\n|l| tetsuokaga\n|l|\u203dzero_the_enforcer\n|player|p2|\n|l|\u2606elvegis1\n|player|p1|\n|l| keltr1ck\n","uploadtime":1739993300,"views":8,"formatid":"gen9vgc2025regg","rating":1602,"private":0,"password":null}