{"id":"gen9vgc2025regg-2303111144","format":"[Gen 9] VGC 2025 Reg G","players":["AndyGR_02","Iamsliverfish"],"log":"|j|\u2606AndyGR_02\n|j|\u2606Iamsliverfish\n|t:|1739888218\n|gametype|doubles\n|player|p1|AndyGR_02|volkner|1650\n|player|p2|Iamsliverfish|rood|1617\n|teamsize|p1|6\n|teamsize|p2|6\n|gen|9\n|tier|[Gen 9] VGC 2025 Reg G\n|rated|\n|rule|Species Clause: Limit one of each Pok\u00e9mon\n|rule|Item Clause: Limit 1 of each item\n|clearpoke\n|poke|p1|Kyurem-White, L50|\n|poke|p1|Urshifu-*, L50, M|\n|poke|p1|Tornadus, L50, M|\n|poke|p1|Ogerpon-Wellspring, L50, F|\n|poke|p1|Ninetales-Alola, L50, F|\n|poke|p1|Primarina, L50, F|\n|poke|p2|Calyrex-Shadow, L50|\n|poke|p2|Ursaluna, L50, F|\n|poke|p2|Indeedee-F, L50, F|\n|poke|p2|Ogerpon-Wellspring, L50, F|\n|poke|p2|Tornadus, L50, M|\n|poke|p2|Chi-Yu, L50|\n|teampreview|4\n|j| God of restricted\n|j| Jfabricio23\n|j| Skiameseul\n|\n|t:|1739888268\n|start\n|switch|p1a: Primarina|Primarina, L50, F, shiny|100\/100\n|switch|p1b: Tornadus|Tornadus, L50, M, shiny|100\/100\n|switch|p2a: Tornadus|Tornadus, L50, M|100\/100\n|switch|p2b: Chi-Yu|Chi-Yu, L50|100\/100\n|-ability|p2b: Chi-Yu|Beads of Ruin\n|turn|1\n|\n|t:|1739888276\n|move|p1b: Tornadus|Taunt|p2a: Tornadus\n|-start|p2a: Tornadus|move: Taunt\n|-enditem|p2a: Tornadus|Mental Herb\n|-end|p2a: Tornadus|move: Taunt\n|move|p2b: Chi-Yu|Snarl|p1b: Tornadus|[spread] p1a,p1b\n|-resisted|p1a: Primarina\n|-crit|p1a: Primarina\n|-damage|p1a: Primarina|81\/100\n|-damage|p1b: Tornadus|73\/100\n|-unboost|p1a: Primarina|spa|1\n|move|p2a: Tornadus|Bleakwind Storm|p1a: Primarina|[spread] \n|-miss|p2a: Tornadus|p1a: Primarina\n|-miss|p2a: Tornadus|p1b: Tornadus\n|move|p1a: Primarina|Calm Mind|p1a: Primarina\n|-boost|p1a: Primarina|spa|1\n|-boost|p1a: Primarina|spd|1\n|\n|-heal|p1a: Primarina|87\/100|[from] item: Leftovers\n|upkeep\n|turn|2\n|\n|t:|1739888304\n|move|p1b: Tornadus|Tailwind|p1b: Tornadus\n|-sidestart|p1: AndyGR_02|move: Tailwind\n|move|p2b: Chi-Yu|Snarl|p1a: Primarina|[spread] p1a,p1b\n|-resisted|p1a: Primarina\n|-crit|p1a: Primarina\n|-damage|p1a: Primarina|69\/100\n|-damage|p1b: Tornadus|43\/100\n|-unboost|p1a: Primarina|spa|1\n|move|p1a: Primarina|Hyper Voice|p2b: Chi-Yu|[spread] p2a,p2b\n|-supereffective|p2b: Chi-Yu\n|-damage|p2a: Tornadus|65\/100\n|-damage|p2b: Chi-Yu|49\/100\n|move|p2a: Tornadus|Bleakwind Storm|p1b: Tornadus|[spread] p1a,p1b\n|-damage|p1a: Primarina|42\/100\n|-damage|p1b: Tornadus|0 fnt\n|faint|p1b: Tornadus\n|\n|-heal|p1a: Primarina|48\/100|[from] item: Leftovers\n|upkeep\n|\n|t:|1739888316\n|switch|p1b: Urshifu|Urshifu, L50, M|100\/100\n|turn|3\n|\n|t:|1739888332\n|switch|p2b: Indeedee|Indeedee-F, L50, F|100\/100\n|-fieldstart|move: Psychic Terrain|[from] ability: Psychic Surge|[of] p2b: Indeedee\n|switch|p1a: Kyurem|Kyurem-White, L50, shiny|100\/100\n|-ability|p1a: Kyurem|Turboblaze\n|move|p2a: Tornadus|Tailwind|p2a: Tornadus\n|-sidestart|p2: Iamsliverfish|move: Tailwind\n|move|p1b: Urshifu|Wicked Blow|p2a: Tornadus\n|-crit|p2a: Tornadus\n|-damage|p2a: Tornadus|0 fnt\n|faint|p2a: Tornadus\n|\n|upkeep\n|\n|t:|1739888337\n|switch|p2a: Chi-Yu|Chi-Yu, L50|49\/100\n|-ability|p2a: Chi-Yu|Beads of Ruin\n|turn|4\n|\n|t:|1739888358\n|move|p2b: Indeedee|Helping Hand|p2a: Chi-Yu\n|-singleturn|p2a: Chi-Yu|Helping Hand|[of] p2b: Indeedee\n|move|p1b: Urshifu|Detect|p1b: Urshifu\n|-singleturn|p1b: Urshifu|Protect\n|move|p2a: Chi-Yu|Heat Wave|p1b: Urshifu|[spread] p1a\n|-activate|p1b: Urshifu|move: Protect\n|-damage|p1a: Kyurem|58\/100\n|move|p1a: Kyurem|Icy Wind|p2b: Indeedee|[spread] p2a,p2b\n|-resisted|p2a: Chi-Yu\n|-damage|p2a: Chi-Yu|33\/100\n|-damage|p2b: Indeedee|66\/100\n|-unboost|p2a: Chi-Yu|spe|1\n|-unboost|p2b: Indeedee|spe|1\n|\n|upkeep\n|turn|5\n|\n|t:|1739888383\n|move|p2b: Indeedee|Helping Hand|p2a: Chi-Yu\n|-singleturn|p2a: Chi-Yu|Helping Hand|[of] p2b: Indeedee\n|move|p2a: Chi-Yu|Heat Wave|p1a: Kyurem|[spread] p1a,p1b\n|-damage|p1a: Kyurem|10\/100\n|-enditem|p1b: Urshifu|Focus Sash\n|-damage|p1b: Urshifu|1\/100\n|move|p1a: Kyurem|Earth Power|p2a: Chi-Yu\n|-supereffective|p2a: Chi-Yu\n|-damage|p2a: Chi-Yu|0 fnt\n|faint|p2a: Chi-Yu\n|move|p1b: Urshifu|Wicked Blow|p2b: Indeedee\n|-supereffective|p2b: Indeedee\n|-crit|p2b: Indeedee\n|-damage|p2b: Indeedee|0 fnt\n|faint|p2b: Indeedee\n|\n|-sideend|p1: AndyGR_02|move: Tailwind\n|upkeep\n|\n|t:|1739888387\n|switch|p2b: Calyrex|Calyrex-Shadow, L50|100\/100\n|-ability|p2b: Calyrex|As One\n|-ability|p2b: Calyrex|Unnerve\n|turn|6\n|\n|t:|1739888399\n|move|p1b: Urshifu|Sucker Punch|p2b: Calyrex\n|-activate|p2b: Calyrex|move: Psychic Terrain\n|move|p2b: Calyrex|Astral Barrage|p1a: Kyurem|[spread] p1a,p1b\n|-resisted|p1b: Urshifu\n|-damage|p1a: Kyurem|0 fnt\n|-damage|p1b: Urshifu|0 fnt\n|faint|p1a: Kyurem\n|faint|p1b: Urshifu\n|-ability|p2b: Calyrex|Grim Neigh|boost\n|-boost|p2b: Calyrex|spa|2\n|-damage|p2b: Calyrex|91\/100|[from] item: Life Orb\n|\n|-sideend|p2: Iamsliverfish|move: Tailwind\n|upkeep\n|\n|t:|1739888406\n|switch|p1b: Primarina|Primarina, L50, F, shiny|48\/100\n|turn|7\n|l| God of restricted\n|\n|t:|1739888419\n|-terastallize|p2b: Calyrex|Ground\n|move|p2b: Calyrex|Tera Blast|p1b: Primarina|[anim] Tera Blast Ground\n|-damage|p1b: Primarina|0 fnt\n|faint|p1b: Primarina\n|-damage|p2b: Calyrex|81\/100|[from] item: Life Orb\n|\n|win|Iamsliverfish\n|raw|AndyGR_02's rating: 1650 &rarr; <strong>1629<\/strong><br \/>(-21 for losing)\n|raw|Iamsliverfish's rating: 1641 &rarr; <strong>1662<\/strong><br \/>(+21 for winning)\n|l|\u2606AndyGR_02\n|player|p1|\n|l| Skiameseul\n|l|\u2606Iamsliverfish\n|player|p2|\n","uploadtime":1739888664,"views":25,"formatid":"gen9vgc2025regg","rating":1629,"private":0,"password":null}