{"id":"gen9vgc2025regg-2303113267","format":"[Gen 9] VGC 2025 Reg G","players":["Himmafridge","xiaobengou123"],"log":"|j|\u2606Himmafridge\n|j|\u2606xiaobengou123\n|t:|1739888463\n|gametype|doubles\n|player|p1|Himmafridge|steven|1557\n|player|p2|xiaobengou123|pokekid|1646\n|teamsize|p1|6\n|teamsize|p2|6\n|gen|9\n|tier|[Gen 9] VGC 2025 Reg G\n|rated|\n|rule|Species Clause: Limit one of each Pok\u00e9mon\n|rule|Item Clause: Limit 1 of each item\n|clearpoke\n|poke|p1|Iron Hands, L50|\n|poke|p1|Miraidon, L50|\n|poke|p1|Whimsicott, L50, M|\n|poke|p1|Farigiraf, L50, M|\n|poke|p1|Urshifu-*, L50, M|\n|poke|p1|Ogerpon-Hearthflame, L50, F|\n|poke|p2|Calyrex-Ice, L50|\n|poke|p2|Raging Bolt, L50|\n|poke|p2|Flutter Mane, L50|\n|poke|p2|Urshifu-*, L50, F|\n|poke|p2|Ogerpon-Cornerstone, L50, F|\n|poke|p2|Amoonguss, L50, F|\n|teampreview|4\nHimmafridge has agreed to open team sheets.\n|inactive|Battle timer is ON: inactive players will automatically lose when time's up. (requested by Himmafridge)\n|\n|t:|1739888491\n|start\n|switch|p1a: Farigiraf|Farigiraf, L50, M|100\/100\n|switch|p1b: Miraidon|Miraidon, L50|100\/100\n|switch|p2a: Raging Bolt|Raging Bolt, L50|100\/100\n|switch|p2b: Urshifu|Urshifu-Rapid-Strike, L50, F|100\/100\n|-fieldstart|move: Electric Terrain|[from] ability: Hadron Engine|[of] p1b: Miraidon\n|-enditem|p1a: Farigiraf|Electric Seed\n|-boost|p1a: Farigiraf|def|1|[from] item: Electric Seed\n|turn|1\n|j| Jfabricio23\n|inactive|Himmafridge has 30 seconds left.\n|inactive|Himmafridge has 20 seconds left.\n|inactive|Himmafridge has 15 seconds left.\n|inactive|Himmafridge has 10 seconds left.\n|\n|t:|1739888539\n|-terastallize|p2a: Raging Bolt|Electric\n|move|p1b: Miraidon|Volt Switch|p2a: Raging Bolt\n|-resisted|p2a: Raging Bolt\n|-damage|p2a: Raging Bolt|68\/100\n|\n|t:|1739888544\n|switch|p1b: Iron Hands|Iron Hands, L50|100\/100|[from] Volt Switch\n|-activate|p1b: Iron Hands|ability: Quark Drive\n|-start|p1b: Iron Hands|quarkdriveatk\n|move|p2b: Urshifu|Close Combat|p1b: Iron Hands\n|-damage|p1b: Iron Hands|57\/100\n|-unboost|p2b: Urshifu|def|1\n|-unboost|p2b: Urshifu|spd|1\n|move|p2a: Raging Bolt|Thunderbolt|p1b: Iron Hands\n|-resisted|p1b: Iron Hands\n|-damage|p1b: Iron Hands|31\/100\n|move|p1a: Farigiraf|Psychic|p2a: Raging Bolt\n|-damage|p2a: Raging Bolt|48\/100\n|\n|upkeep\n|turn|2\n|j| Skiameseul\n|inactive|Himmafridge has 30 seconds left.\n|inactive|xiaobengou123 has 30 seconds left.\n|j| God of restricted\n|l| Skiameseul\n|inactive|Himmafridge has 20 seconds left.\n|inactive|Himmafridge has 15 seconds left.\n|inactive|Himmafridge has 10 seconds left.\n|inactive|Himmafridge has 5 seconds left.\n|\n|t:|1739888595\n|switch|p1a: Miraidon|Miraidon, L50|100\/100\n|-activate|p1a: Miraidon|ability: Hadron Engine\n|move|p1b: Iron Hands|Fake Out|p2b: Urshifu\n|-crit|p2b: Urshifu\n|-damage|p2b: Urshifu|54\/100\n|cant|p2b: Urshifu|flinch\n|move|p2a: Raging Bolt|Thunderbolt|p1a: Miraidon\n|-resisted|p1a: Miraidon\n|-damage|p1a: Miraidon|82\/100\n|\n|upkeep\n|turn|3\n|inactive|Himmafridge has 30 seconds left.\n|\n|t:|1739888623\n|switch|p2b: Amoonguss|Amoonguss, L50, F|100\/100\n|-end|p1b: Iron Hands|Quark Drive|[silent]\n|switch|p1b: Farigiraf|Farigiraf, L50, M|100\/100\n|-terastallize|p1a: Miraidon|Fairy\n|move|p1a: Miraidon|Dazzling Gleam|p2a: Raging Bolt|[spread] p2a,p2b\n|-resisted|p2b: Amoonguss\n|-damage|p2a: Raging Bolt|9\/100\n|-damage|p2b: Amoonguss|68\/100\n|move|p2a: Raging Bolt|Draco Meteor|p1a: Miraidon\n|-immune|p1a: Miraidon\n|\n|upkeep\n|turn|4\n|inactive|xiaobengou123 has 30 seconds left.\n|inactive|xiaobengou123 has 20 seconds left.\n|inactive|xiaobengou123 has 15 seconds left.\n|inactive|xiaobengou123 has 10 seconds left.\n|inactive|xiaobengou123 has 5 seconds left.\n|\n|t:|1739888676\n|switch|p2b: Urshifu|Urshifu-Rapid-Strike, L50, F|54\/100\n|move|p1a: Miraidon|Dazzling Gleam|p2a: Raging Bolt|[spread] p2a,p2b\n|-supereffective|p2b: Urshifu\n|-damage|p2a: Raging Bolt|0 fnt\n|-damage|p2b: Urshifu|0 fnt\n|faint|p2a: Raging Bolt\n|-end|p2a: Raging Bolt|Protosynthesis|[silent]\n|faint|p2b: Urshifu\n|move|p1b: Farigiraf|Psychic|p2: Raging Bolt|[notarget]\n|-fail|p1b: Farigiraf\n|\n|upkeep\n|\n|t:|1739888685\n|switch|p2b: Amoonguss|Amoonguss, L50, F|100\/100\n|switch|p2a: Calyrex|Calyrex-Ice, L50|100\/100\n|-ability|p2a: Calyrex|As One\n|-ability|p2a: Calyrex|Unnerve\n|turn|5\n|\n|t:|1739888704\n|move|p1a: Miraidon|Dazzling Gleam|p2a: Calyrex|[spread] p2a,p2b\n|-resisted|p2b: Amoonguss\n|-damage|p2a: Calyrex|47\/100\n|-damage|p2b: Amoonguss|70\/100\n|move|p1b: Farigiraf|Psychic|p2b: Amoonguss\n|-supereffective|p2b: Amoonguss\n|-damage|p2b: Amoonguss|7\/100\n|move|p2b: Amoonguss|Pollen Puff|p2a: Calyrex\n|-heal|p2a: Calyrex|97\/100\n|move|p2a: Calyrex|Trick Room|p2a: Calyrex\n|-fieldstart|move: Trick Room|[of] p2a: Calyrex\n|\n|-fieldend|move: Electric Terrain\n|upkeep\n|turn|6\n|\n|t:|1739888728\n|move|p2b: Amoonguss|Spore|p1b: Farigiraf\n|-status|p1b: Farigiraf|slp|[from] move: Spore\n|cant|p1b: Farigiraf|slp\n|move|p2a: Calyrex|Glacial Lance|p1a: Miraidon|[spread] p1a,p1b\n|-damage|p1a: Miraidon|9\/100\n|-damage|p1b: Farigiraf|48\/100 slp\n|move|p1a: Miraidon|Dazzling Gleam|p2a: Calyrex|[spread] p2a,p2b\n|-resisted|p2b: Amoonguss\n|-damage|p2a: Calyrex|62\/100\n|-damage|p2b: Amoonguss|0 fnt\n|faint|p2b: Amoonguss\n|\n|upkeep\n|turn|7\n|\n|t:|1739888745\n|cant|p1b: Farigiraf|slp\n|move|p2a: Calyrex|Glacial Lance|p1b: Farigiraf|[spread] p1a,p1b\n|-damage|p1a: Miraidon|0 fnt\n|-damage|p1b: Farigiraf|0 fnt\n|faint|p1a: Miraidon\n|faint|p1b: Farigiraf\n|-ability|p2a: Calyrex|Chilling Neigh|boost\n|-boost|p2a: Calyrex|atk|2\n|\n|upkeep\n|\n|t:|1739888747\n|switch|p1b: Urshifu|Urshifu, L50, M|100\/100\n|switch|p1a: Iron Hands|Iron Hands, L50|31\/100\n|turn|8\n|\n|t:|1739888756\n|move|p1a: Iron Hands|Fake Out|p2a: Calyrex\n|-damage|p2a: Calyrex|51\/100\n|cant|p2a: Calyrex|flinch\n|move|p1b: Urshifu|Wicked Blow|p2a: Calyrex\n|-supereffective|p2a: Calyrex\n|-crit|p2a: Calyrex\n|-damage|p2a: Calyrex|0 fnt\n|faint|p2a: Calyrex\n|\n|win|Himmafridge\n|raw|Himmafridge's rating: 1557 &rarr; <strong>1582<\/strong><br \/>(+25 for winning)\n|raw|xiaobengou123's rating: 1646 &rarr; <strong>1621<\/strong><br \/>(-25 for losing)\n|c|\u2606Himmafridge|gg\n|c|\u2606xiaobengou123|gg\n|l|\u2606xiaobengou123\n|player|p2|\n|l| Jfabricio23\n|l| God of restricted\n|l|\u2606Himmafridge\n|player|p1|\n","uploadtime":1739888944,"views":5,"formatid":"gen9vgc2025regg","rating":1582,"private":0,"password":null}