{"id":"gen9vgc2025regg-2303109399","format":"[Gen 9] VGC 2025 Reg G","players":["Himmafridge","ryanplaytv"],"log":"|j|\u2606Himmafridge\n|j|\u2606ryanplaytv\n|t:|1739888004\n|gametype|doubles\n|player|p1|Himmafridge|steven|1548\n|player|p2|ryanplaytv|hiker-gen4|1583\n|teamsize|p1|6\n|teamsize|p2|6\n|gen|9\n|tier|[Gen 9] VGC 2025 Reg G\n|rated|\n|rule|Species Clause: Limit one of each Pok\u00e9mon\n|rule|Item Clause: Limit 1 of each item\n|clearpoke\n|poke|p1|Iron Hands, L50|\n|poke|p1|Miraidon, L50|\n|poke|p1|Whimsicott, L50, M|\n|poke|p1|Farigiraf, L50, M|\n|poke|p1|Urshifu-*, L50, M|\n|poke|p1|Ogerpon-Hearthflame, L50, F|\n|poke|p2|Miraidon, L50|\n|poke|p2|Dondozo, L50, M|\n|poke|p2|Tatsugiri, L50, F|\n|poke|p2|Dragonite, L50, M|\n|poke|p2|Gholdengo, L50|\n|poke|p2|Chi-Yu, L50|\n|teampreview|4\nHimmafridge has agreed to open team sheets.\n|j| Reverie Jr.\n|\n|t:|1739888066\n|start\n|switch|p1a: Miraidon|Miraidon, L50|100\/100\n|switch|p1b: Whimsicott|Whimsicott, L50, M, shiny|100\/100\n|switch|p2a: Gholdengo|Gholdengo, L50|100\/100\n|switch|p2b: Dondozo|Dondozo, L50, M|100\/100\n|-fieldstart|move: Electric Terrain|[from] ability: Hadron Engine|[of] p1a: Miraidon\n|turn|1\n|\n|t:|1739888107\n|switch|p2a: Tatsugiri|Tatsugiri, L50, F|100\/100\n|-activate|p2a: Tatsugiri|ability: Commander|[of] p2b: Dondozo\n|-boost|p2b: Dondozo|atk|2\n|-boost|p2b: Dondozo|spa|2\n|-boost|p2b: Dondozo|spe|2\n|-boost|p2b: Dondozo|def|2\n|-boost|p2b: Dondozo|spd|2\n|-terastallize|p1b: Whimsicott|Fire\n|-terastallize|p2b: Dondozo|Steel\n|move|p1b: Whimsicott|Light Screen|p1b: Whimsicott\n|-sidestart|p1: Himmafridge|move: Light Screen\n|move|p1a: Miraidon|Volt Switch|p2b: Dondozo\n|-damage|p2b: Dondozo|47\/100\n|j| Jfabricio23\n|\n|t:|1739888117\n|switch|p1a: Ogerpon|Ogerpon-Hearthflame, L50, F|100\/100|[from] Volt Switch\n|-ability|p1a: Ogerpon|Mold Breaker\n|move|p2b: Dondozo|Order Up|p1a: Ogerpon\n|-damage|p1a: Ogerpon|53\/100\n|-boost|p2b: Dondozo|atk|1\n|\n|-heal|p2b: Dondozo|53\/100|[from] item: Leftovers\n|upkeep\n|turn|2\n|\n|t:|1739888132\n|move|p1a: Ogerpon|Spiky Shield|p1a: Ogerpon\n|-singleturn|p1a: Ogerpon|move: Protect\n|move|p1b: Whimsicott|Encore|p2b: Dondozo\n|-start|p2b: Dondozo|Encore\n|move|p2b: Dondozo|Order Up|p1b: Whimsicott\n|-damage|p1b: Whimsicott|28\/100\n|-boost|p2b: Dondozo|atk|1\n|\n|-heal|p2b: Dondozo|59\/100|[from] item: Leftovers\n|upkeep\n|turn|3\n|\n|t:|1739888149\n|move|p1b: Whimsicott|Tailwind|p1b: Whimsicott\n|-sidestart|p1: Himmafridge|move: Tailwind\n|move|p1a: Ogerpon|Ivy Cudgel|p2b: Dondozo|[anim] Ivy Cudgel Fire\n|-supereffective|p2b: Dondozo\n|-damage|p2b: Dondozo|20\/100\n|move|p2b: Dondozo|Order Up|p1a: Ogerpon\n|-damage|p1a: Ogerpon|0 fnt\n|faint|p1a: Ogerpon\n|-boost|p2b: Dondozo|atk|1\n|\n|-heal|p2b: Dondozo|26\/100|[from] item: Leftovers\n|upkeep\n|\n|t:|1739888157\n|switch|p1a: Urshifu|Urshifu, L50, M|100\/100\n|turn|4\n|j| Skiameseul\n|\n|t:|1739888160\n|switch|p1b: Miraidon|Miraidon, L50|100\/100\n|-activate|p1b: Miraidon|ability: Hadron Engine\n|move|p1a: Urshifu|Wicked Blow|p2b: Dondozo\n|-crit|p2b: Dondozo\n|-damage|p2b: Dondozo|0 fnt\n|faint|p2b: Dondozo\n|\n|upkeep\n|\n|t:|1739888176\n|switch|p2b: Dragonite|Dragonite, L50, M|100\/100\n|turn|5\n|\n|t:|1739888192\n|move|p2b: Dragonite|Extreme Speed|p1a: Urshifu\n|-damage|p1a: Urshifu|55\/100\n|move|p1b: Miraidon|Dazzling Gleam|p2b: Dragonite|[spread] p2a,p2b\n|-supereffective|p2a: Tatsugiri\n|-supereffective|p2b: Dragonite\n|-damage|p2a: Tatsugiri|0 fnt\n|-damage|p2b: Dragonite|55\/100\n|faint|p2a: Tatsugiri\n|move|p1a: Urshifu|Wicked Blow|p2b: Dragonite\n|-crit|p2b: Dragonite\n|-damage|p2b: Dragonite|0 fnt\n|faint|p2b: Dragonite\n|\n|-sideend|p1: Himmafridge|move: Light Screen\n|-fieldend|move: Electric Terrain\n|upkeep\n|\n|t:|1739888199\n|switch|p2b: Gholdengo|Gholdengo, L50|100\/100\n|turn|6\n|j| BionicFox\n|\n|t:|1739888218\n|move|p1b: Miraidon|Dazzling Gleam|p2b: Gholdengo\n|-resisted|p2b: Gholdengo\n|-damage|p2b: Gholdengo|77\/100\n|move|p1a: Urshifu|Wicked Blow|p2b: Gholdengo\n|-supereffective|p2b: Gholdengo\n|-crit|p2b: Gholdengo\n|-damage|p2b: Gholdengo|0 fnt\n|faint|p2b: Gholdengo\n|\n|win|Himmafridge\n|raw|Himmafridge's rating: 1548 &rarr; <strong>1570<\/strong><br \/>(+22 for winning)\n|raw|ryanplaytv's rating: 1583 &rarr; <strong>1561<\/strong><br \/>(-22 for losing)\n|l|\u2606ryanplaytv\n|player|p2|\n|l| Skiameseul\n|l|\u2606Himmafridge\n|player|p1|\n|l| Jfabricio23\n|l| Reverie Jr.\n|l| BionicFox\n","uploadtime":1739888384,"views":14,"formatid":"gen9vgc2025regg","rating":1561,"private":0,"password":null}