{"id":"gen9vgc2025regg-2303905026","format":"[Gen 9] VGC 2025 Reg G","players":["Zakmancho","BigSalta"],"log":"|j|\u2606Zakmancho\n|j|\u2606BigSalta\n|t:|1739987476\n|gametype|doubles\n|player|p1|Zakmancho|1|1648\n|player|p2|BigSalta|2|1580\n|teamsize|p1|6\n|teamsize|p2|6\n|gen|9\n|tier|[Gen 9] VGC 2025 Reg G\n|rated|\n|rule|Species Clause: Limit one of each Pok\u00e9mon\n|rule|Item Clause: Limit 1 of each item\n|clearpoke\n|poke|p1|Koraidon, L50|\n|poke|p1|Chi-Yu, L50|\n|poke|p1|Flutter Mane, L50|\n|poke|p1|Ogerpon-Cornerstone, L50, F|\n|poke|p1|Raging Bolt, L50|\n|poke|p1|Whimsicott, L50, F|\n|poke|p2|Giratina, L50|\n|poke|p2|Ninetales-Alola, L50, F|\n|poke|p2|Weezing, L50, M|\n|poke|p2|Umbreon, L50, M|\n|poke|p2|Incineroar, L50, F|\n|poke|p2|Urshifu-*, L50, M|\n|teampreview|4\n|inactive|Battle timer is ON: inactive players will automatically lose when time's up. (requested by Zakmancho)\n|inactive|BigSalta has 60 seconds left.\n|j| Alniltaka\n|\n|t:|1739987533\n|start\n|switch|p1a: Ogerpon|Ogerpon-Cornerstone, L50, F|100\/100\n|switch|p1b: Chi-Yu|Chi-Yu, L50|100\/100\n|switch|p2a: Ninetales|Ninetales-Alola, L50, F|100\/100\n|switch|p2b: Incineroar|Incineroar, L50, F|100\/100\n|-ability|p1b: Chi-Yu|Beads of Ruin\n|-weather|Snow|[from] ability: Snow Warning|[of] p2a: Ninetales\n|-ability|p2b: Incineroar|Intimidate|boost\n|-unboost|p1a: Ogerpon|atk|1\n|-unboost|p1b: Chi-Yu|atk|1\n|turn|1\n|inactive|BigSalta has 30 seconds left.\n|\n|t:|1739987564\n|-terastallize|p1b: Chi-Yu|Ghost\n|move|p2a: Ninetales|Protect|p2a: Ninetales\n|-singleturn|p2a: Ninetales|Protect\n|move|p1b: Chi-Yu|Heat Wave|p2b: Incineroar|[spread] p2b\n|-activate|p2a: Ninetales|move: Protect\n|-resisted|p2b: Incineroar\n|-damage|p2b: Incineroar|84\/100\n|move|p1a: Ogerpon|Ivy Cudgel|p2a: Ninetales|[anim] Ivy Cudgel Rock\n|-activate|p2a: Ninetales|move: Protect\n|move|p2b: Incineroar|Knock Off|p1b: Chi-Yu\n|-supereffective|p1b: Chi-Yu\n|-damage|p1b: Chi-Yu|0 fnt\n|-enditem|p1b: Chi-Yu|Choice Scarf|[from] move: Knock Off|[of] p2b: Incineroar\n|faint|p1b: Chi-Yu\n|\n|-weather|Snow|[upkeep]\n|upkeep\n|\n|t:|1739987570\n|switch|p1b: Koraidon|Koraidon, L50|100\/100\n|-weather|SunnyDay|[from] ability: Orichalcum Pulse|[of] p1b: Koraidon\n|-activate|p1b: Koraidon|Orichalcum Pulse|[source]\n|turn|2\n|inactive|BigSalta has 30 seconds left.\n|inactive|BigSalta has 20 seconds left.\n|inactive|BigSalta has 15 seconds left.\n|inactive|BigSalta has 10 seconds left.\n|\n|t:|1739987620\n|switch|p2a: Giratina|Giratina, L50|100\/100\n|-ability|p2a: Giratina|Pressure\n|move|p1b: Koraidon|Collision Course|p2b: Incineroar\n|-supereffective|p2b: Incineroar\n|-damage|p2b: Incineroar|0 fnt\n|faint|p2b: Incineroar\n|move|p1a: Ogerpon|Ivy Cudgel|p2a: Giratina|[anim] Ivy Cudgel Rock\n|-crit|p2a: Giratina\n|-damage|p2a: Giratina|53\/100\n|\n|-weather|SunnyDay|[upkeep]\n|-heal|p2a: Giratina|59\/100|[from] item: Leftovers\n|upkeep\n|\n|t:|1739987630\n|switch|p2b: Ninetales|Ninetales-Alola, L50, F|100\/100\n|-weather|Snow|[from] ability: Snow Warning|[of] p2b: Ninetales\n|turn|3\n|\n|t:|1739987652\n|move|p2b: Ninetales|Protect|p2b: Ninetales\n|-singleturn|p2b: Ninetales|Protect\n|move|p1b: Koraidon|Flare Blitz|p2b: Ninetales\n|-activate|p2b: Ninetales|move: Protect\n|move|p1a: Ogerpon|Ivy Cudgel|p2b: Ninetales|[anim] Ivy Cudgel Rock\n|-activate|p2b: Ninetales|move: Protect\n|move|p2a: Giratina|Dragon Pulse|p1b: Koraidon\n|-supereffective|p1b: Koraidon\n|-damage|p1b: Koraidon|22\/100\n|\n|-weather|Snow|[upkeep]\n|-heal|p2a: Giratina|65\/100|[from] item: Leftovers\n|upkeep\n|turn|4\n|inactive|BigSalta has 30 seconds left.\n|\n|t:|1739987677\n|switch|p1b: Flutter Mane|Flutter Mane, L50|100\/100\n|-enditem|p1b: Flutter Mane|Booster Energy\n|-activate|p1b: Flutter Mane|ability: Protosynthesis|[fromitem]\n|-start|p1b: Flutter Mane|protosynthesisspe\n|-terastallize|p2b: Ninetales|Water\n|move|p1a: Ogerpon|Ivy Cudgel|p2b: Ninetales|[anim] Ivy Cudgel Rock\n|-damage|p2b: Ninetales|49\/100\n|move|p2b: Ninetales|Blizzard|p1a: Ogerpon|[spread] p1a,p1b\n|-supereffective|p1a: Ogerpon\n|-damage|p1a: Ogerpon|46\/100\n|-damage|p1b: Flutter Mane|76\/100\n|move|p2a: Giratina|Dragon Pulse|p1a: Ogerpon\n|-damage|p1a: Ogerpon|3\/100\n|\n|-weather|Snow|[upkeep]\n|-heal|p2a: Giratina|71\/100|[from] item: Leftovers\n|upkeep\n|turn|5\n|inactive|BigSalta has 30 seconds left.\n|inactive|BigSalta has 20 seconds left.\n|inactive|BigSalta has 15 seconds left.\n|\n|t:|1739987718\n|move|p1b: Flutter Mane|Moonblast|p2a: Giratina\n|-supereffective|p2a: Giratina\n|-damage|p2a: Giratina|15\/100\n|move|p1a: Ogerpon|Horn Leech|p2b: Ninetales\n|-supereffective|p2b: Ninetales\n|-damage|p2b: Ninetales|0 fnt\n|-heal|p1a: Ogerpon|31\/100|[from] drain|[of] p2b: Ninetales\n|faint|p2b: Ninetales\n|move|p2a: Giratina|Hex|p1b: Flutter Mane\n|-supereffective|p1b: Flutter Mane\n|-damage|p1b: Flutter Mane|21\/100\n|\n|-weather|Snow|[upkeep]\n|-heal|p2a: Giratina|21\/100|[from] item: Leftovers\n|upkeep\n|-message|BigSalta forfeited.\n|\n|win|Zakmancho\n|raw|Zakmancho's rating: 1648 &rarr; <strong>1664<\/strong><br \/>(+16 for winning)\n|raw|BigSalta's rating: 1580 &rarr; <strong>1564<\/strong><br \/>(-16 for losing)\n|l|\u2606BigSalta\n|player|p2|\n|l|\u2606Zakmancho\n|player|p1|\n|l| Alniltaka\n","uploadtime":1739987905,"views":5,"formatid":"gen9vgc2025regg","rating":1564,"private":0,"password":null}