{"id":"gen9vgc2025regg-2303935045","format":"[Gen 9] VGC 2025 Reg G","players":["VGC Pops","WHOTFISRYANPOWNEY"],"log":"|j|\u2606VGC Pops\n|j|\u2606WHOTFISRYANPOWNEY\n|t:|1739990394\n|gametype|doubles\n|player|p1|VGC Pops|2|1506\n|player|p2|WHOTFISRYANPOWNEY|pokemonranger-gen4|1550\n|teamsize|p1|6\n|teamsize|p2|6\n|gen|9\n|tier|[Gen 9] VGC 2025 Reg G\n|rated|\n|rule|Species Clause: Limit one of each Pok\u00e9mon\n|rule|Item Clause: Limit 1 of each item\n|clearpoke\n|poke|p1|Miraidon, L50|\n|poke|p1|Whimsicott, L50, F|\n|poke|p1|Sneasler, L50, M|\n|poke|p1|Oranguru, L50, M|\n|poke|p1|Bronzong, L50|\n|poke|p1|Ursaluna, L50, M|\n|poke|p2|Urshifu-*, L50, F|\n|poke|p2|Calyrex-Ice, L50|\n|poke|p2|Smeargle, L50, F|\n|poke|p2|Ogerpon-Hearthflame, L50, F|\n|poke|p2|Indeedee-F, L50, F|\n|poke|p2|Ursaluna-Bloodmoon, L50, M|\n|teampreview|4\n|\n|t:|1739990478\n|start\n|switch|p1a: Miraidon|Miraidon, L50|100\/100\n|switch|p1b: Sneasler|Sneasler, L50, M|100\/100\n|switch|p2a: Smeargle|Smeargle, L50, F|100\/100\n|switch|p2b: Calyrex|Calyrex-Ice, L50|100\/100\n|-ability|p2b: Calyrex|As One\n|-ability|p2b: Calyrex|Unnerve\n|-fieldstart|move: Electric Terrain|[from] ability: Hadron Engine|[of] p1a: Miraidon\n|-enditem|p1b: Sneasler|Electric Seed\n|-boost|p1b: Sneasler|def|1|[from] item: Electric Seed\n|turn|1\n|inactive|Battle timer is ON: inactive players will automatically lose when time's up. (requested by WHOTFISRYANPOWNEY)\n|\n|t:|1739990517\n|move|p1b: Sneasler|Fake Out|p2b: Calyrex\n|-damage|p2b: Calyrex|90\/100\n|move|p2a: Smeargle|Fake Out|p1a: Miraidon\n|-damage|p1a: Miraidon|95\/100\n|cant|p1a: Miraidon|flinch\n|cant|p2b: Calyrex|flinch\n|\n|upkeep\n|turn|2\n|inactive|VGC Pops has 30 seconds left.\n|inactive|WHOTFISRYANPOWNEY has 30 seconds left.\n|\n|t:|1739990547\n|switch|p2b: Indeedee|Indeedee-F, L50, F|100\/100\n|-fieldstart|move: Psychic Terrain|[from] ability: Psychic Surge|[of] p2b: Indeedee\n|-enditem|p2b: Indeedee|Psychic Seed\n|-boost|p2b: Indeedee|spd|1|[from] item: Psychic Seed\n|-terastallize|p1a: Miraidon|Electric\n|move|p1b: Sneasler|Throat Chop|p2a: Smeargle\n|-damage|p2a: Smeargle|56\/100\n|-start|p2a: Smeargle|Throat Chop|[silent]\n|move|p1a: Miraidon|Discharge|p2b: Indeedee|[spread] p1b,p2a,p2b\n|-damage|p1b: Sneasler|11\/100\n|-damage|p2a: Smeargle|0 fnt\n|-damage|p2b: Indeedee|58\/100\n|-status|p2b: Indeedee|par\n|faint|p2a: Smeargle\n|\n|upkeep\n|\n|t:|1739990561\n|switch|p2a: Calyrex|Calyrex-Ice, L50|90\/100\n|-ability|p2a: Calyrex|As One\n|-ability|p2a: Calyrex|Unnerve\n|turn|3\n|\n|t:|1739990583\n|move|p2b: Indeedee|Follow Me|p2b: Indeedee\n|-singleturn|p2b: Indeedee|move: Follow Me\n|move|p1b: Sneasler|Close Combat|p2b: Indeedee\n|-crit|p2b: Indeedee\n|-damage|p2b: Indeedee|0 fnt\n|-unboost|p1b: Sneasler|def|1\n|-unboost|p1b: Sneasler|spd|1\n|faint|p2b: Indeedee\n|move|p1a: Miraidon|Discharge|p2a: Calyrex|[spread] p1b,p2a\n|-damage|p1b: Sneasler|0 fnt\n|-damage|p2a: Calyrex|42\/100\n|-status|p2a: Calyrex|par\n|faint|p1b: Sneasler\n|cant|p2a: Calyrex|par\n|\n|upkeep\n|\n|t:|1739990603\n|switch|p1b: Ursaluna|Ursaluna, L50, M|100\/100\n|switch|p2b: Ursaluna|Ursaluna-Bloodmoon, L50, M|100\/100\n|turn|4\n|\n|t:|1739990615\n|switch|p1a: Bronzong|Bronzong, L50|100\/100\n|move|p1b: Ursaluna|Protect|p1b: Ursaluna\n|-singleturn|p1b: Ursaluna|Protect\n|move|p2a: Calyrex|Protect|p2a: Calyrex\n|-singleturn|p2a: Calyrex|Protect\n|move|p2b: Ursaluna|Earth Power|p1a: Bronzong\n|-immune|p1a: Bronzong|[from] ability: Levitate\n|\n|-status|p1b: Ursaluna|brn|[from] item: Flame Orb\n|upkeep\n|turn|5\n|\n|t:|1739990638\n|move|p1a: Bronzong|Helping Hand|p1b: Ursaluna\n|-singleturn|p1b: Ursaluna|Helping Hand|[of] p1a: Bronzong\n|move|p2b: Ursaluna|Blood Moon|p1a: Bronzong\n|-resisted|p1a: Bronzong\n|-damage|p1a: Bronzong|50\/100\n|-damage|p2b: Ursaluna|91\/100|[from] item: Life Orb\n|move|p1b: Ursaluna|Earthquake|p2b: Ursaluna|[spread] p2a,p2b\n|-immune|p1a: Bronzong|[from] ability: Levitate\n|-damage|p2a: Calyrex|0 fnt\n|-damage|p2b: Ursaluna|17\/100\n|-enditem|p1a: Bronzong|Sitrus Berry|[eat]\n|-heal|p1a: Bronzong|75\/100|[from] item: Sitrus Berry\n|faint|p2a: Calyrex\n|\n|-damage|p1b: Ursaluna|95\/100 brn|[from] brn\n|upkeep\n|turn|6\n|-message|WHOTFISRYANPOWNEY forfeited.\n|\n|win|VGC Pops\n|raw|VGC Pops's rating: 1506 &rarr; <strong>1529<\/strong><br \/>(+23 for winning)\n|raw|WHOTFISRYANPOWNEY's rating: 1550 &rarr; <strong>1527<\/strong><br \/>(-23 for losing)\n|l|\u2606WHOTFISRYANPOWNEY\n|player|p2|\n|l|\u2606VGC Pops\n|player|p1|\n","uploadtime":1739990833,"views":8,"formatid":"gen9vgc2025regg","rating":1527,"private":0,"password":null}