{"id":"gen9vgc2025regg-2303966208","format":"[Gen 9] VGC 2025 Reg G","players":["pokehys4","dogggybears"],"log":"|j|\u2606pokehys4\n|j|\u2606dogggybears\n|t:|1739993456\n|gametype|doubles\n|player|p1|pokehys4|bruno|1698\n|player|p2|dogggybears|brycenman|1603\n|teamsize|p1|6\n|teamsize|p2|6\n|gen|9\n|tier|[Gen 9] VGC 2025 Reg G\n|rated|\n|rule|Species Clause: Limit one of each Pok\u00e9mon\n|rule|Item Clause: Limit 1 of each item\n|clearpoke\n|poke|p1|Weezing-Galar, L50, M|\n|poke|p1|Iron Valiant, L50|\n|poke|p1|Calyrex-Shadow, L50|\n|poke|p1|Roaring Moon, L50|\n|poke|p1|Maushold, L50|\n|poke|p1|Okidogi, L50, M|\n|poke|p2|Tornadus, L50, M|\n|poke|p2|Urshifu-*, L50, F|\n|poke|p2|Ogerpon-Hearthflame, L50, F|\n|poke|p2|Farigiraf, L50, F|\n|poke|p2|Regidrago, L50|\n|poke|p2|Zacian-*, L50|\n|teampreview|4\n|inactive|Battle timer is ON: inactive players will automatically lose when time's up. (requested by pokehys4)\n|inactive|pokehys4 has 60 seconds left.\n|inactive|dogggybears has 60 seconds left.\n|\n|t:|1739993508\n|start\n|switch|p1a: Maushold|Maushold, L50|100\/100\n|switch|p1b: Calyrex|Calyrex-Shadow, L50|100\/100\n|switch|p2a: Tornadus|Tornadus, L50, M|100\/100\n|switch|p2b: Zacian|Zacian-Crowned, L50|100\/100\n|-ability|p1b: Calyrex|As One\n|-ability|p1b: Calyrex|Unnerve\n|-ability|p2b: Zacian|Intrepid Sword|boost\n|-boost|p2b: Zacian|atk|1\n|turn|1\n|inactive|pokehys4 has 30 seconds left.\n|\n|t:|1739993541\n|switch|p1a: Weezing|Weezing-Galar, L50, M|100\/100\n|-ability|p1a: Weezing|Neutralizing Gas\n|-terastallize|p1b: Calyrex|Ghost\n|-terastallize|p2a: Tornadus|Dark\n|move|p2b: Zacian|Protect|p2b: Zacian\n|-singleturn|p2b: Zacian|Protect\n|move|p1b: Calyrex|Astral Barrage|p2a: Tornadus|[spread] p2a\n|-activate|p2b: Zacian|move: Protect\n|-resisted|p2a: Tornadus\n|-damage|p2a: Tornadus|33\/100\n|move|p2a: Tornadus|Taunt|p1a: Weezing\n|-start|p1a: Weezing|move: Taunt\n|\n|upkeep\n|turn|2\n|inactive|pokehys4 has 30 seconds left.\n|inactive|pokehys4 has 20 seconds left.\n|inactive|pokehys4 has 15 seconds left.\n|\n|t:|1739993582\n|switch|p2a: Farigiraf|Farigiraf, L50, F|100\/100\n|move|p1b: Calyrex|Astral Barrage|p2a: Farigiraf|[spread] p2b\n|-immune|p2a: Farigiraf\n|-damage|p2b: Zacian|9\/100\n|move|p2b: Zacian|Behemoth Blade|p1b: Calyrex\n|-damage|p1b: Calyrex|6\/100\n|move|p1a: Weezing|Sludge Bomb|p2a: Farigiraf\n|-damage|p2a: Farigiraf|74\/100\n|\n|upkeep\n|turn|3\n|inactive|pokehys4 has 30 seconds left.\n|inactive|pokehys4 has 20 seconds left.\n|\n|t:|1739993619\n|switch|p1b: Okidogi|Okidogi, L50, M|100\/100\n|-end|p1a: Weezing|ability: Neutralizing Gas\n|switch|p1a: Maushold|Maushold, L50|100\/100\n|move|p2b: Zacian|Behemoth Blade|p1a: Maushold\n|-damage|p1a: Maushold|26\/100\n|move|p2a: Farigiraf|Foul Play|p1b: Okidogi\n|-resisted|p1b: Okidogi\n|-damage|p1b: Okidogi|91\/100\n|\n|upkeep\n|turn|4\n|\n|t:|1739993638\n|move|p1a: Maushold|Helping Hand|p1b: Okidogi\n|-singleturn|p1b: Okidogi|Helping Hand|[of] p1a: Maushold\n|move|p2b: Zacian|Protect|p2b: Zacian\n|-singleturn|p2b: Zacian|Protect\n|move|p1b: Okidogi|Knock Off|p2a: Farigiraf\n|-supereffective|p2a: Farigiraf\n|-damage|p2a: Farigiraf|4\/100\n|-enditem|p2a: Farigiraf|Safety Goggles|[from] move: Knock Off|[of] p1b: Okidogi\n|move|p2a: Farigiraf|Psychic Noise|p1b: Okidogi\n|-supereffective|p1b: Okidogi\n|-damage|p1b: Okidogi|36\/100\n|-start|p1b: Okidogi|move: Heal Block\n|\n|upkeep\n|turn|5\n|inactive|pokehys4 has 30 seconds left.\n|inactive|dogggybears has 30 seconds left.\n|\n|t:|1739993667\n|move|p1a: Maushold|Follow Me|p1a: Maushold\n|-singleturn|p1a: Maushold|move: Follow Me\n|move|p2b: Zacian|Behemoth Blade|p1a: Maushold\n|-damage|p1a: Maushold|0 fnt\n|faint|p1a: Maushold\n|move|p1b: Okidogi|Knock Off|p2a: Farigiraf\n|-supereffective|p2a: Farigiraf\n|-damage|p2a: Farigiraf|0 fnt\n|faint|p2a: Farigiraf\n|\n|-end|p1b: Okidogi|move: Heal Block\n|upkeep\n|\n|t:|1739993678\n|switch|p1a: Calyrex|Calyrex-Shadow, L50, tera:Ghost|6\/100\n|switch|p2a: Urshifu|Urshifu-Rapid-Strike, L50, F|100\/100\n|-ability|p1a: Calyrex|As One\n|-ability|p1a: Calyrex|Unnerve\n|turn|6\n|\n|t:|1739993688\n|move|p1b: Okidogi|Upper Hand|p2a: Urshifu\n|-damage|p2a: Urshifu|68\/100\n|cant|p2a: Urshifu|flinch\n|move|p1a: Calyrex|Astral Barrage|p2a: Urshifu|[spread] p2a,p2b\n|-damage|p2a: Urshifu|0 fnt\n|-damage|p2b: Zacian|0 fnt\n|faint|p2a: Urshifu\n|faint|p2b: Zacian\n|-ability|p1a: Calyrex|Grim Neigh|boost\n|-boost|p1a: Calyrex|spa|2\n|\n|upkeep\n|-message|dogggybears forfeited.\n|\n|win|pokehys4\n|raw|pokehys4's rating: 1698 &rarr; <strong>1713<\/strong><br \/>(+15 for winning)\n|raw|dogggybears's rating: 1603 &rarr; <strong>1588<\/strong><br \/>(-15 for losing)\n|l|\u2606pokehys4\n|player|p1|\n|l|\u2606dogggybears\n|player|p2|\n","uploadtime":1739993901,"views":8,"formatid":"gen9vgc2025regg","rating":1588,"private":0,"password":null}