{"id":"gen9vgc2025regg-2303939430","format":"[Gen 9] VGC 2025 Reg G","players":["gholdandgohome","wallabit g"],"log":"|j|\u2606gholdandgohome\n|j|\u2606wallabit g\n|t:|1739990815\n|gametype|doubles\n|player|p1|gholdandgohome|1|1711\n|player|p2|wallabit g|dawn-gen4pt|1614\n|teamsize|p1|6\n|teamsize|p2|6\n|gen|9\n|tier|[Gen 9] VGC 2025 Reg G\n|rated|\n|rule|Species Clause: Limit one of each Pok\u00e9mon\n|rule|Item Clause: Limit 1 of each item\n|clearpoke\n|poke|p1|Chien-Pao, L50|\n|poke|p1|Miraidon, L50|\n|poke|p1|Whimsicott, L50, M|\n|poke|p1|Entei, L50|\n|poke|p1|Iron Hands, L50|\n|poke|p1|Iron Treads, L50|\n|poke|p2|Calyrex-Shadow, L50|\n|poke|p2|Ogerpon-Hearthflame, L50, F|\n|poke|p2|Urshifu-*, L50, M|\n|poke|p2|Indeedee-F, L50, F|\n|poke|p2|Mienshao, L50, F|\n|poke|p2|Rillaboom, L50, F|\n|teampreview|4\n|inactive|Battle timer is ON: inactive players will automatically lose when time's up. (requested by gholdandgohome)\n|\n|t:|1739990836\n|start\n|switch|p1a: Entei|Entei, L50|100\/100\n|switch|p1b: Chien-Pao|Chien-Pao, L50|100\/100\n|switch|p2a: Urshifu|Urshifu-Rapid-Strike, L50, M|100\/100\n|switch|p2b: Ogerpon|Ogerpon-Hearthflame, L50, F|100\/100\n|-ability|p1b: Chien-Pao|Sword of Ruin\n|-ability|p2b: Ogerpon|Mold Breaker\n|turn|1\n|j| Yingineer\n|j| BLiiNDProdiigy\n|inactive|wallabit g has 30 seconds left.\n|inactive|wallabit g has 20 seconds left.\n|\n|t:|1739990872\n|-terastallize|p2a: Urshifu|Water\n|-terastallize|p1a: Entei|Normal\n|move|p1a: Entei|Extreme Speed|p2a: Urshifu\n|-damage|p2a: Urshifu|21\/100\n|move|p1b: Chien-Pao|Sucker Punch|p2a: Urshifu\n|-damage|p2a: Urshifu|0 fnt\n|faint|p2a: Urshifu\n|move|p2b: Ogerpon|Ivy Cudgel|p1a: Entei|[anim] Ivy Cudgel Fire\n|-damage|p1a: Entei|26\/100\n|\n|upkeep\n|\n|t:|1739990892\n|switch|p2a: Indeedee|Indeedee-F, L50, F|100\/100\n|-fieldstart|move: Psychic Terrain|[from] ability: Psychic Surge|[of] p2a: Indeedee\n|turn|2\n|\n|t:|1739990904\n|switch|p1a: Miraidon|Miraidon, L50|100\/100\n|-fieldstart|move: Electric Terrain|[from] ability: Hadron Engine|[of] p1a: Miraidon\n|move|p2b: Ogerpon|Spiky Shield|p2b: Ogerpon\n|-singleturn|p2b: Ogerpon|move: Protect\n|move|p1b: Chien-Pao|Icicle Crash|p2a: Indeedee\n|-damage|p2a: Indeedee|48\/100\n|move|p2a: Indeedee|Psychic|p1a: Miraidon\n|-damage|p1a: Miraidon|73\/100\n|\n|upkeep\n|turn|3\n|\n|t:|1739990922\n|switch|p1b: Whimsicott|Whimsicott, L50, M|100\/100\n|move|p2a: Indeedee|Follow Me|p2a: Indeedee\n|-singleturn|p2a: Indeedee|move: Follow Me\n|move|p1a: Miraidon|Volt Switch|p2a: Indeedee\n|-damage|p2a: Indeedee|0 fnt\n|faint|p2a: Indeedee\n|\n|t:|1739990927\n|switch|p1a: Chien-Pao|Chien-Pao, L50|100\/100|[from] Volt Switch\n|-ability|p1a: Chien-Pao|Sword of Ruin\n|move|p2b: Ogerpon|Ivy Cudgel|p1b: Whimsicott|[anim] Ivy Cudgel Fire\n|-supereffective|p1b: Whimsicott\n|-damage|p1b: Whimsicott|0 fnt\n|faint|p1b: Whimsicott\n|\n|upkeep\n|\n|t:|1739990936\n|switch|p1b: Miraidon|Miraidon, L50|73\/100\n|switch|p2a: Calyrex|Calyrex-Shadow, L50|100\/100\n|-ability|p2a: Calyrex|As One\n|-ability|p2a: Calyrex|Unnerve\n|-activate|p1b: Miraidon|ability: Hadron Engine\n|turn|4\n|\n|t:|1739990952\n|move|p2b: Ogerpon|Follow Me|p2b: Ogerpon\n|-singleturn|p2b: Ogerpon|move: Follow Me\n|move|p1a: Chien-Pao|Icicle Crash|p2b: Ogerpon\n|-damage|p2b: Ogerpon|42\/100\n|move|p2a: Calyrex|Astral Barrage|p1b: Miraidon|[spread] p1a,p1b\n|-resisted|p1a: Chien-Pao\n|-damage|p1a: Chien-Pao|33\/100\n|-damage|p1b: Miraidon|3\/100\n|-damage|p2a: Calyrex|91\/100|[from] item: Life Orb\n|move|p1b: Miraidon|Dazzling Gleam|p2a: Calyrex|[spread] p2a,p2b\n|-resisted|p2b: Ogerpon\n|-damage|p2a: Calyrex|47\/100\n|-damage|p2b: Ogerpon|19\/100\n|\n|upkeep\n|turn|5\n|inactive|gholdandgohome has 30 seconds left.\n|inactive|wallabit g has 30 seconds left.\n|inactive|gholdandgohome has 20 seconds left.\n|inactive|wallabit g has 20 seconds left.\n|inactive|gholdandgohome has 15 seconds left.\n|inactive|wallabit g has 15 seconds left.\n|inactive|gholdandgohome has 10 seconds left.\n|inactive|wallabit g has 10 seconds left.\n|\n|t:|1739990999\n|move|p1a: Chien-Pao|Protect|p1a: Chien-Pao\n|-singleturn|p1a: Chien-Pao|Protect\n|move|p2a: Calyrex|Protect|p2a: Calyrex\n|-singleturn|p2a: Calyrex|Protect\n|move|p2b: Ogerpon|Spiky Shield|p2b: Ogerpon\n|-singleturn|p2b: Ogerpon|move: Protect\n|move|p1b: Miraidon|Dazzling Gleam|p2b: Ogerpon|[spread] \n|-activate|p2a: Calyrex|move: Protect\n|-activate|p2b: Ogerpon|move: Protect\n|\n|upkeep\n|turn|6\n|\n|t:|1739991011\n|switch|p1a: Entei|Entei, L50, tera:Normal|26\/100\n|move|p2b: Ogerpon|Follow Me|p2b: Ogerpon\n|-singleturn|p2b: Ogerpon|move: Follow Me\n|move|p2a: Calyrex|Astral Barrage|p1b: Miraidon|[spread] p1b\n|-immune|p1a: Entei\n|-damage|p1b: Miraidon|0 fnt\n|faint|p1b: Miraidon\n|-ability|p2a: Calyrex|Grim Neigh|boost\n|-boost|p2a: Calyrex|spa|1\n|-damage|p2a: Calyrex|38\/100|[from] item: Life Orb\n|\n|-fieldend|move: Electric Terrain\n|upkeep\n|\n|t:|1739991013\n|switch|p1b: Chien-Pao|Chien-Pao, L50|33\/100\n|-ability|p1b: Chien-Pao|Sword of Ruin\n|turn|7\n|\n|t:|1739991027\n|move|p2b: Ogerpon|Spiky Shield|p2b: Ogerpon\n|-singleturn|p2b: Ogerpon|move: Protect\n|move|p1a: Entei|Extreme Speed|p2b: Ogerpon\n|-activate|p2b: Ogerpon|move: Protect\n|-damage|p1a: Entei|13\/100|[from] Spiky Shield|[of] p2b: Ogerpon\n|move|p1b: Chien-Pao|Icicle Crash|p2a: Calyrex\n|-damage|p2a: Calyrex|0 fnt\n|faint|p2a: Calyrex\n|\n|upkeep\n|turn|8\n|-message|wallabit g forfeited.\n|\n|win|gholdandgohome\n|raw|gholdandgohome's rating: 1711 &rarr; <strong>1726<\/strong><br \/>(+15 for winning)\n|raw|wallabit g's rating: 1614 &rarr; <strong>1599<\/strong><br \/>(-15 for losing)\n|l|\u2606wallabit g\n|player|p2|\n|j|\u2606wallabit g\n|player|p2|wallabit g|dawn-gen4pt|\n|l| BLiiNDProdiigy\n|l|\u2606gholdandgohome\n|player|p1|\n","uploadtime":1739991251,"views":6,"formatid":"gen9vgc2025regg","rating":1599,"private":0,"password":null}