{"id":"gen9vgc2025regg-2303356702","format":"[Gen 9] VGC 2025 Reg G","players":["jonen","elvegis1"],"log":"|j|\u2606jonen\n|j|\u2606elvegis1\n|t:|1739912882\n|gametype|doubles\n|player|p1|jonen|ruinmaniac|1622\n|player|p2|elvegis1|lucas|1611\n|teamsize|p1|6\n|teamsize|p2|6\n|gen|9\n|tier|[Gen 9] VGC 2025 Reg G\n|rated|\n|rule|Species Clause: Limit one of each Pok\u00e9mon\n|rule|Item Clause: Limit 1 of each item\n|clearpoke\n|poke|p1|Miraidon, L50|\n|poke|p1|Dondozo, L50, M|\n|poke|p1|Tatsugiri, L50, M|\n|poke|p1|Dragonite, L50, F|\n|poke|p1|Chi-Yu, L50|\n|poke|p1|Gholdengo, L50|\n|poke|p2|Calyrex-Shadow, L50|\n|poke|p2|Urshifu-*, L50, M|\n|poke|p2|Whimsicott, L50, F|\n|poke|p2|Incineroar, L50, M|\n|poke|p2|Ditto, L50|\n|poke|p2|Raging Bolt, L50|\n|teampreview|4\n|inactive|Battle timer is ON: inactive players will automatically lose when time's up. (requested by jonen)\n|inactive|jonen has 60 seconds left.\n|\n|t:|1739912921\n|start\n|switch|p1a: Chi-Yu|Chi-Yu, L50|100\/100\n|switch|p1b: Gholdengo|Gholdengo, L50|100\/100\n|switch|p2a: Incineroar|Incineroar, L50, M|100\/100\n|switch|p2b: Raging Bolt|Raging Bolt, L50|100\/100\n|-ability|p1a: Chi-Yu|Beads of Ruin\n|-ability|p2a: Incineroar|Intimidate|boost\n|-unboost|p1a: Chi-Yu|atk|1\n|-unboost|p1b: Gholdengo|atk|1\n|turn|1\n|inactive|elvegis1 has 30 seconds left.\n|\n|t:|1739912951\n|move|p1a: Chi-Yu|Protect|p1a: Chi-Yu\n|-singleturn|p1a: Chi-Yu|Protect\n|move|p1b: Gholdengo|Power Gem|p2a: Incineroar\n|-supereffective|p2a: Incineroar\n|-damage|p2a: Incineroar|1\/100\n|move|p2b: Raging Bolt|Electroweb|p1b: Gholdengo|[spread] p1b\n|-activate|p1a: Chi-Yu|move: Protect\n|-damage|p1b: Gholdengo|70\/100\n|-unboost|p1b: Gholdengo|spe|1\n|move|p2a: Incineroar|Knock Off|p1b: Gholdengo\n|-supereffective|p1b: Gholdengo\n|-damage|p1b: Gholdengo|0 fnt\n|-enditem|p1b: Gholdengo|Choice Specs|[from] move: Knock Off|[of] p2a: Incineroar\n|faint|p1b: Gholdengo\n|\n|upkeep\n|\n|t:|1739912964\n|switch|p1b: Miraidon|Miraidon, L50|100\/100\n|-fieldstart|move: Electric Terrain|[from] ability: Hadron Engine|[of] p1b: Miraidon\n|turn|2\n|\n|t:|1739912976\n|-terastallize|p2b: Raging Bolt|Fairy\n|move|p1b: Miraidon|Dazzling Gleam|p2b: Raging Bolt|[spread] p2a,p2b\n|-damage|p2a: Incineroar|0 fnt\n|-damage|p2b: Raging Bolt|77\/100\n|faint|p2a: Incineroar\n|move|p1a: Chi-Yu|Overheat|p2b: Raging Bolt\n|-damage|p2b: Raging Bolt|23\/100\n|-unboost|p1a: Chi-Yu|spa|2\n|move|p2b: Raging Bolt|Electroweb|p1a: Chi-Yu|[spread] p1a,p1b\n|-resisted|p1b: Miraidon\n|-damage|p1a: Chi-Yu|64\/100\n|-damage|p1b: Miraidon|95\/100\n|-unboost|p1a: Chi-Yu|spe|1\n|-unboost|p1b: Miraidon|spe|1\n|\n|upkeep\n|\n|t:|1739912996\n|switch|p2a: Ditto|Ditto, L50|100\/100\n|-transform|p2a: Ditto|p1b: Miraidon|[from] ability: Imposter\n|-activate|p2a: Ditto|ability: Hadron Engine\n|turn|3\n|j| Harry 555\n|inactive|elvegis1 has 30 seconds left.\n|\n|t:|1739913029\n|switch|p1a: Dragonite|Dragonite, L50, F|100\/100\n|move|p1b: Miraidon|Dazzling Gleam|p2b: Raging Bolt|[spread] p2a,p2b\n|-supereffective|p2a: Ditto\n|-damage|p2a: Ditto|44\/100\n|-damage|p2b: Raging Bolt|5\/100\n|move|p2a: Ditto|Dazzling Gleam|p1a: Dragonite|[spread] p1a,p1b\n|-supereffective|p1a: Dragonite\n|-supereffective|p1b: Miraidon\n|-damage|p1a: Dragonite|74\/100\n|-damage|p1b: Miraidon|62\/100\n|move|p2b: Raging Bolt|Thunderbolt|p1b: Miraidon\n|-resisted|p1b: Miraidon\n|-damage|p1b: Miraidon|53\/100\n|\n|upkeep\n|turn|4\n|j| kiabu233\n|inactive|jonen has 30 seconds left.\n|\n|t:|1739913061\n|move|p1a: Dragonite|Extreme Speed|p2a: Ditto\n|-damage|p2a: Ditto|0 fnt\n|faint|p2a: Ditto\n|move|p2b: Raging Bolt|Thunderclap|p1b: Miraidon\n|-resisted|p1b: Miraidon\n|-damage|p1b: Miraidon|47\/100\n|move|p1b: Miraidon|Dazzling Gleam|p2b: Raging Bolt\n|-damage|p2b: Raging Bolt|0 fnt\n|faint|p2b: Raging Bolt\n|-end|p2b: Raging Bolt|Protosynthesis|[silent]\n|\n|upkeep\n|\n|t:|1739913068\n|switch|p2b: Calyrex|Calyrex-Shadow, L50|100\/100\n|-ability|p2b: Calyrex|As One\n|-ability|p2b: Calyrex|Unnerve\n|turn|5\n|inactive|jonen has 30 seconds left.\n|\n|t:|1739913095\n|move|p1a: Dragonite|Extreme Speed|p2b: Calyrex\n|-immune|p2b: Calyrex\n|move|p2b: Calyrex|Astral Barrage|p1b: Miraidon|[spread] p1a,p1b\n|-damage|p1a: Dragonite|14\/100\n|-damage|p1b: Miraidon|13\/100\n|move|p1b: Miraidon|Electro Drift|p2b: Calyrex\n|-damage|p2b: Calyrex|15\/100\n|\n|upkeep\n|turn|6\n|\n|t:|1739913117\n|switch|p1a: Chi-Yu|Chi-Yu, L50|64\/100\n|-ability|p1a: Chi-Yu|Beads of Ruin\n|move|p2b: Calyrex|Astral Barrage|p1a: Chi-Yu|[spread] p1a,p1b\n|-resisted|p1a: Chi-Yu\n|-damage|p1a: Chi-Yu|25\/100\n|-damage|p1b: Miraidon|0 fnt\n|faint|p1b: Miraidon\n|-ability|p2b: Calyrex|Grim Neigh|boost\n|-boost|p2b: Calyrex|spa|1\n|\n|-fieldend|move: Electric Terrain\n|upkeep\n|\n|t:|1739913125\n|switch|p1b: Dragonite|Dragonite, L50, F|14\/100\n|turn|7\n|\n|t:|1739913130\n|-terastallize|p1b: Dragonite|Normal\n|move|p2b: Calyrex|Astral Barrage|p1b: Dragonite|[spread] p1a\n|-immune|p1b: Dragonite\n|-resisted|p1a: Chi-Yu\n|-damage|p1a: Chi-Yu|0 fnt\n|faint|p1a: Chi-Yu\n|-ability|p2b: Calyrex|Grim Neigh|boost\n|-boost|p2b: Calyrex|spa|1\n|move|p1b: Dragonite|Aerial Ace|p2b: Calyrex\n|-damage|p2b: Calyrex|0 fnt\n|faint|p2b: Calyrex\n|\n|win|jonen\n|raw|jonen's rating: 1622 &rarr; <strong>1641<\/strong><br \/>(+19 for winning)\n|raw|elvegis1's rating: 1611 &rarr; <strong>1592<\/strong><br \/>(-19 for losing)\n|l|\u2606jonen\n|player|p1|\n|l|\u2606elvegis1\n|player|p2|\n|l| kiabu233\n","uploadtime":1739913386,"views":5,"formatid":"gen9vgc2025regg","rating":1592,"private":0,"password":null}