{"id":"gen9vgc2025regg-2303727230","format":"[Gen 9] VGC 2025 Reg G","players":["ashzera","Glory Of Pokemon"],"log":"|j|\u2606ashzera\n|j|\u2606Glory Of Pokemon\n|t:|1739967628\n|gametype|doubles\n|player|p1|ashzera|2|1578\n|player|p2|Glory Of Pokemon|beauty|1535\n|teamsize|p1|6\n|teamsize|p2|6\n|gen|9\n|tier|[Gen 9] VGC 2025 Reg G\n|rated|\n|rule|Species Clause: Limit one of each Pok\u00e9mon\n|rule|Item Clause: Limit 1 of each item\n|clearpoke\n|poke|p1|Calyrex-Ice, L50|\n|poke|p1|Torkoal, L50, M|\n|poke|p1|Urshifu-*, L50, F|\n|poke|p1|Amoonguss, L50, F|\n|poke|p1|Rillaboom, L50, M|\n|poke|p1|Incineroar, L50, F|\n|poke|p2|Muk-Alola, L50, F|\n|poke|p2|Smeargle, L50, F|\n|poke|p2|Dondozo, L50, M|\n|poke|p2|Tatsugiri, L50, F|\n|poke|p2|Flamigo, L50, F|\n|poke|p2|Calyrex-Shadow, L50|\n|teampreview|4\n|inactive|Battle timer is ON: inactive players will automatically lose when time's up. (requested by ashzera)\n|j| Neutralist\n|\n|t:|1739967647\n|start\n|switch|p1a: Amoonguss|Amoonguss, L50, F|100\/100\n|switch|p1b: Calyrex|Calyrex-Ice, L50|100\/100\n|switch|p2a: Smeargle|Smeargle, L50, F|100\/100\n|switch|p2b: Muk|Muk-Alola, L50, F|100\/100\n|-ability|p1b: Calyrex|As One\n|-ability|p1b: Calyrex|Unnerve\n|turn|1\n|inactive|Glory Of Pokemon has 30 seconds left.\n|\n|t:|1739967676\n|move|p2a: Smeargle|Fake Out|p1a: Amoonguss\n|-damage|p1a: Amoonguss|95\/100\n|-damage|p2a: Smeargle|84\/100|[from] item: Rocky Helmet|[of] p1a: Amoonguss\n|move|p2b: Muk|Minimize|p2b: Muk\n|-boost|p2b: Muk|evasion|2\n|move|p1b: Calyrex|Glacial Lance|p2b: Muk|[spread] p2a\n|-miss|p1b: Calyrex|p2b: Muk\n|-damage|p2a: Smeargle|0 fnt\n|faint|p2a: Smeargle\n|-ability|p2b: Muk|Moody|[from] ability: Power of Alchemy|[of] p2a: Smeargle\n|-ability|p1b: Calyrex|Chilling Neigh|boost\n|-boost|p1b: Calyrex|atk|1\n|cant|p1a: Amoonguss|flinch\n|\n|-ability|p2b: Muk|Moody|boost\n|-boost|p2b: Muk|def|2\n|-unboost|p2b: Muk|spa|1\n|upkeep\n|\n|t:|1739967696\n|switch|p2a: Flamigo|Flamigo, L50, F|100\/100\n|-copyboost|p2a: Flamigo|p2b: Muk|[from] ability: Costar\n|-enditem|p2a: Flamigo|White Herb\n|-clearnegativeboost|p2a: Flamigo|[silent]\n|turn|2\n|\n|t:|1739967703\n|move|p1a: Amoonguss|Rage Powder|p1a: Amoonguss\n|-singleturn|p1a: Amoonguss|move: Rage Powder\n|move|p2a: Flamigo|Acrobatics|p1a: Amoonguss\n|-supereffective|p1a: Amoonguss\n|-damage|p1a: Amoonguss|0 fnt\n|-damage|p2a: Flamigo|84\/100|[from] item: Rocky Helmet|[of] p1a: Amoonguss\n|faint|p1a: Amoonguss\n|move|p2b: Muk|Minimize|p2b: Muk\n|-boost|p2b: Muk|evasion|2\n|move|p1b: Calyrex|Glacial Lance|p2b: Muk|[spread] p2a,p2b\n|-supereffective|p2a: Flamigo\n|-damage|p2a: Flamigo|0 fnt\n|-damage|p2b: Muk|72\/100\n|faint|p2a: Flamigo\n|-ability|p1b: Calyrex|Chilling Neigh|boost\n|-boost|p1b: Calyrex|atk|1\n|\n|-heal|p2b: Muk|78\/100|[from] item: Leftovers\n|-ability|p2b: Muk|Moody|boost\n|-boost|p2b: Muk|atk|2\n|-unboost|p2b: Muk|spa|1\n|upkeep\n|\n|t:|1739967717\n|switch|p2a: Calyrex|Calyrex-Shadow, L50|100\/100\n|switch|p1a: Incineroar|Incineroar, L50, F|100\/100\n|-ability|p2a: Calyrex|As One\n|-ability|p2a: Calyrex|Unnerve\n|-ability|p1a: Incineroar|Intimidate|boost\n|-unboost|p2a: Calyrex|atk|1\n|-unboost|p2b: Muk|atk|1\n|turn|3\n|\n|t:|1739967725\n|-terastallize|p1b: Calyrex|Normal\n|move|p2a: Calyrex|Protect|p2a: Calyrex\n|-singleturn|p2a: Calyrex|Protect\n|move|p1a: Incineroar|Knock Off|p2b: Muk|[miss]\n|-miss|p1a: Incineroar|p2b: Muk\n|move|p2b: Muk|Minimize|p2b: Muk\n|-boost|p2b: Muk|evasion|2\n|move|p1b: Calyrex|Glacial Lance|p2a: Calyrex|[spread] \n|-activate|p2a: Calyrex|move: Protect\n|-miss|p1b: Calyrex|p2b: Muk\n|\n|-heal|p2b: Muk|84\/100|[from] item: Leftovers\n|-ability|p2b: Muk|Moody|boost\n|-boost|p2b: Muk|spe|2\n|-unboost|p2b: Muk|spa|1\n|upkeep\n|turn|4\n|\n|t:|1739967746\n|move|p2a: Calyrex|Psych Up|p2b: Muk\n|-copyboost|p2a: Calyrex|p2b: Muk|[from] move: Psych Up\n|move|p2b: Muk|Poison Gas|p1a: Incineroar|[spread] p1a,p1b\n|-status|p1a: Incineroar|psn\n|-status|p1b: Calyrex|psn\n|move|p1a: Incineroar|Knock Off|p2b: Muk|[miss]\n|-miss|p1a: Incineroar|p2b: Muk\n|move|p1b: Calyrex|Glacial Lance|p2a: Calyrex|[spread] \n|-miss|p1b: Calyrex|p2a: Calyrex\n|-miss|p1b: Calyrex|p2b: Muk\n|\n|-heal|p2b: Muk|91\/100|[from] item: Leftovers\n|-damage|p1a: Incineroar|88\/100 psn|[from] psn\n|-damage|p1b: Calyrex|88\/100 psn|[from] psn\n|-ability|p2b: Muk|Moody|boost\n|-boost|p2b: Muk|spd|2\n|-unboost|p2b: Muk|spa|1\n|upkeep\n|turn|5\n|inactive|Glory Of Pokemon has 30 seconds left.\n|\n|t:|1739967778\n|-terastallize|p2a: Calyrex|Fairy\n|move|p2a: Calyrex|Draining Kiss|p1a: Incineroar\n|-damage|p1a: Incineroar|76\/100 psn\n|move|p2b: Muk|Knock Off|p1a: Incineroar\n|-resisted|p1a: Incineroar\n|-crit|p1a: Incineroar\n|-damage|p1a: Incineroar|37\/100 psn\n|-enditem|p1a: Incineroar|Safety Goggles|[from] move: Knock Off|[of] p2b: Muk\n|move|p1a: Incineroar|Knock Off|p2a: Calyrex\n|-resisted|p2a: Calyrex\n|-damage|p2a: Calyrex|86\/100\n|-enditem|p2a: Calyrex|Bright Powder|[from] move: Knock Off|[of] p1a: Incineroar\n|move|p1b: Calyrex|Trick Room|p1b: Calyrex\n|-fieldstart|move: Trick Room|[of] p1b: Calyrex\n|\n|-heal|p2b: Muk|97\/100|[from] item: Leftovers\n|-damage|p1b: Calyrex|76\/100 psn|[from] psn\n|-damage|p1a: Incineroar|25\/100 psn|[from] psn\n|-ability|p2b: Muk|Moody|boost\n|-boost|p2b: Muk|spa|2\n|-unboost|p2b: Muk|atk|1\n|upkeep\n|turn|6\n|j| NanshanVGC\n|\n|t:|1739967796\n|move|p2b: Muk|Protect|p2b: Muk\n|-singleturn|p2b: Muk|Protect\n|move|p1b: Calyrex|Glacial Lance|p2a: Calyrex|[spread] \n|-activate|p2b: Muk|move: Protect\n|-miss|p1b: Calyrex|p2a: Calyrex\n|move|p1a: Incineroar|Knock Off|p2b: Muk\n|-activate|p2b: Muk|move: Protect\n|move|p2a: Calyrex|Draining Kiss|p1a: Incineroar\n|-damage|p1a: Incineroar|13\/100 psn\n|-heal|p2a: Calyrex|95\/100|[from] drain|[of] p1a: Incineroar\n|\n|-heal|p2b: Muk|100\/100|[from] item: Leftovers\n|-damage|p1b: Calyrex|64\/100 psn|[from] psn\n|-damage|p1a: Incineroar|0 fnt|[from] psn\n|faint|p1a: Incineroar\n|-ability|p2b: Muk|Moody|boost\n|-boost|p2b: Muk|spa|2\n|-unboost|p2b: Muk|spe|1\n|upkeep\n|\n|t:|1739967800\n|switch|p1a: Urshifu|Urshifu, L50, F|100\/100\n|turn|7\n|\n|t:|1739967825\n|move|p1b: Calyrex|Glacial Lance|p2b: Muk|[spread] \n|-miss|p1b: Calyrex|p2a: Calyrex\n|-miss|p1b: Calyrex|p2b: Muk\n|move|p2b: Muk|Poison Gas|p1b: Calyrex|[spread] p1a,p1b\n|-status|p1a: Urshifu|psn\n|-fail|p1b: Calyrex|psn\n|move|p1a: Urshifu|Poison Jab|p2a: Calyrex|[miss]\n|-miss|p1a: Urshifu|p2a: Calyrex\n|move|p2a: Calyrex|Psych Up|p2b: Muk\n|-copyboost|p2a: Calyrex|p2b: Muk|[from] move: Psych Up\n|\n|-damage|p1b: Calyrex|52\/100 psn|[from] psn\n|-damage|p1a: Urshifu|88\/100 psn|[from] psn\n|-ability|p2b: Muk|Moody|boost\n|-boost|p2b: Muk|spe|2\n|-unboost|p2b: Muk|spa|1\n|upkeep\n|turn|8\n|-message|ashzera forfeited.\n|\n|win|Glory Of Pokemon\n|raw|ashzera's rating: 1578 &rarr; <strong>1556<\/strong><br \/>(-22 for losing)\n|raw|Glory Of Pokemon's rating: 1535 &rarr; <strong>1557<\/strong><br \/>(+22 for winning)\n|j| faceless_knigght\n|l|\u2606ashzera\n|player|p1|\n|l| faceless_knigght\n|l|\u2606Glory Of Pokemon\n|player|p2|\n","uploadtime":1739967977,"views":5,"formatid":"gen9vgc2025regg","rating":1556,"private":0,"password":null}