{"id":"gen9vgc2025regg-2303372078","format":"[Gen 9] VGC 2025 Reg G","players":["aveorni","Kaicyios"],"log":"|j|\u2606aveorni\n|j|\u2606Kaicyios\n|t:|1739914463\n|gametype|doubles\n|player|p1|aveorni|ghetsis|1626\n|player|p2|Kaicyios|giovanni|1711\n|teamsize|p1|6\n|teamsize|p2|6\n|gen|9\n|tier|[Gen 9] VGC 2025 Reg G\n|rated|\n|rule|Species Clause: Limit one of each Pok\u00e9mon\n|rule|Item Clause: Limit 1 of each item\n|clearpoke\n|poke|p1|Ting-Lu, L50|\n|poke|p1|Calyrex-Shadow, L50|\n|poke|p1|Dondozo, L50, M|\n|poke|p1|Weezing-Galar, L50, M|\n|poke|p1|Indeedee-F, L50, F|\n|poke|p1|Tatsugiri-Droopy, L50, F|\n|poke|p2|Groudon, L50|\n|poke|p2|Flutter Mane, L50|\n|poke|p2|Chi-Yu, L50|\n|poke|p2|Raging Bolt, L50|\n|poke|p2|Whimsicott, L50, M|\n|poke|p2|Armarouge, L50, F|\n|teampreview|4\n|inactive|Battle timer is ON: inactive players will automatically lose when time's up. (requested by aveorni)\n|inactive|Kaicyios has 60 seconds left.\n|\n|t:|1739914499\n|start\n|switch|p1a: cow with bowl|Ting-Lu, L50|100\/100\n|switch|p1b: I eat sushi|Dondozo, L50, M, shiny|100\/100\n|switch|p2a: Groudon|Groudon, L50|100\/100\n|switch|p2b: Chi-Yu|Chi-Yu, L50|100\/100\n|-ability|p2b: Chi-Yu|Beads of Ruin\n|-weather|SunnyDay|[from] ability: Drought|[of] p2a: Groudon\n|-ability|p1a: cow with bowl|Vessel of Ruin\n|turn|1\n|\n|t:|1739914523\n|-terastallize|p2b: Chi-Yu|Fire\n|move|p2b: Chi-Yu|Heat Wave|p1b: I eat sushi|[spread] p1a,p1b\n|-resisted|p1b: I eat sushi\n|-damage|p1a: cow with bowl|17\/100\n|-damage|p1b: I eat sushi|57\/100\n|move|p2a: Groudon|Precipice Blades|p1a: cow with bowl|[spread] p1a\n|-miss|p2a: Groudon|p1b: I eat sushi\n|-damage|p1a: cow with bowl|0 fnt\n|faint|p1a: cow with bowl\n|move|p1b: I eat sushi|Yawn|p2b: Chi-Yu\n|-start|p2b: Chi-Yu|move: Yawn|[of] p1b: I eat sushi\n|\n|-weather|SunnyDay|[upkeep]\n|-heal|p1b: I eat sushi|63\/100|[from] item: Leftovers\n|upkeep\n|\n|t:|1739914533\n|switch|p1a: horse|Calyrex-Shadow, L50|100\/100\n|-ability|p1a: horse|As One\n|-ability|p1a: horse|Unnerve\n|turn|2\n|\n|t:|1739914552\n|switch|p2b: Raging Bolt|Raging Bolt, L50|100\/100\n|-activate|p2b: Raging Bolt|ability: Protosynthesis\n|-start|p2b: Raging Bolt|protosynthesisspa\n|move|p1a: horse|Astral Barrage|p2a: Groudon|[spread] p2a,p2b\n|-damage|p2a: Groudon|53\/100\n|-damage|p2b: Raging Bolt|36\/100\n|-damage|p1a: horse|91\/100|[from] item: Life Orb\n|move|p2a: Groudon|Precipice Blades|p1b: I eat sushi|[spread] p1a,p1b\n|-damage|p1a: horse|16\/100\n|-damage|p1b: I eat sushi|30\/100\n|move|p1b: I eat sushi|Yawn|p2a: Groudon\n|-start|p2a: Groudon|move: Yawn|[of] p1b: I eat sushi\n|\n|-weather|SunnyDay|[upkeep]\n|-heal|p1b: I eat sushi|37\/100|[from] item: Leftovers\n|upkeep\n|turn|3\n|inactive|aveorni has 30 seconds left.\n|inactive|Kaicyios has 30 seconds left.\n|inactive|Kaicyios has 20 seconds left.\n|inactive|Kaicyios has 15 seconds left.\n|\n|t:|1739914592\n|switch|p2a: Chi-Yu|Chi-Yu, L50, tera:Fire|100\/100\n|-ability|p2a: Chi-Yu|Beads of Ruin\n|move|p2b: Raging Bolt|Thunderclap||[still]\n|-fail|p2b: Raging Bolt\n|move|p1a: horse|Calm Mind|p1a: horse\n|-boost|p1a: horse|spa|1\n|-boost|p1a: horse|spd|1\n|move|p1b: I eat sushi|Order Up|p2b: Raging Bolt\n|-supereffective|p2b: Raging Bolt\n|-damage|p2b: Raging Bolt|0 fnt\n|faint|p2b: Raging Bolt\n|-end|p2b: Raging Bolt|Protosynthesis|[silent]\n|\n|-weather|SunnyDay|[upkeep]\n|-heal|p1b: I eat sushi|43\/100|[from] item: Leftovers\n|upkeep\n|\n|t:|1739914605\n|switch|p2b: Armarouge|Armarouge, L50, F|100\/100\n|turn|4\n|\n|t:|1739914623\n|move|p1a: horse|Protect|p1a: horse\n|-singleturn|p1a: horse|Protect\n|move|p1b: I eat sushi|Protect|p1b: I eat sushi\n|-singleturn|p1b: I eat sushi|Protect\n|move|p2b: Armarouge|Wide Guard|p2b: Armarouge\n|-singleturn|p2b: Armarouge|Wide Guard\n|move|p2a: Chi-Yu|Heat Wave|p1b: I eat sushi|[spread] \n|-activate|p1a: horse|move: Protect\n|-activate|p1b: I eat sushi|move: Protect\n|\n|-weather|SunnyDay|[upkeep]\n|-heal|p1b: I eat sushi|49\/100|[from] item: Leftovers\n|upkeep\n|turn|5\n|inactive|aveorni has 30 seconds left.\n|\n|t:|1739914651\n|switch|p1a: sushi|Tatsugiri-Droopy, L50, F, shiny|100\/100\n|-activate|p1a: sushi|ability: Commander|[of] p1b: I eat sushi\n|-boost|p1b: I eat sushi|atk|2\n|-boost|p1b: I eat sushi|spa|2\n|-boost|p1b: I eat sushi|spe|2\n|-boost|p1b: I eat sushi|def|2\n|-boost|p1b: I eat sushi|spd|2\n|move|p2b: Armarouge|Wide Guard|p2b: Armarouge\n|-singleturn|p2b: Armarouge|Wide Guard\n|move|p2a: Chi-Yu|Heat Wave|p1b: I eat sushi|[spread] p1b\n|-miss|p2a: Chi-Yu|p1a: sushi\n|-resisted|p1b: I eat sushi\n|-damage|p1b: I eat sushi|18\/100\n|move|p1b: I eat sushi|Order Up|p2a: Chi-Yu\n|-crit|p2a: Chi-Yu\n|-damage|p2a: Chi-Yu|28\/100\n|-boost|p1b: I eat sushi|def|1\n|\n|-weather|none\n|-heal|p1b: I eat sushi|25\/100|[from] item: Leftovers\n|upkeep\n|turn|6\n|inactive|Kaicyios has 30 seconds left.\n|inactive|Kaicyios has 20 seconds left.\n|inactive|Kaicyios has 15 seconds left.\n|\n|t:|1739914694\n|move|p1b: I eat sushi|Protect|p1b: I eat sushi\n|-singleturn|p1b: I eat sushi|Protect\n|move|p2a: Chi-Yu|Heat Wave|p1b: I eat sushi|[spread] \n|-miss|p2a: Chi-Yu|p1a: sushi\n|-activate|p1b: I eat sushi|move: Protect\n|move|p2b: Armarouge|Clear Smog|p1b: I eat sushi\n|-activate|p1b: I eat sushi|move: Protect\n|\n|-heal|p1b: I eat sushi|31\/100|[from] item: Leftovers\n|upkeep\n|turn|7\n|-message|aveorni forfeited.\n|\n|win|Kaicyios\n|raw|aveorni's rating: 1626 &rarr; <strong>1611<\/strong><br \/>(-15 for losing)\n|raw|Kaicyios's rating: 1711 &rarr; <strong>1726<\/strong><br \/>(+15 for winning)\n|l|\u2606aveorni\n|player|p1|\n|l|\u2606Kaicyios\n|player|p2|\n","uploadtime":1739914713,"views":8,"formatid":"gen9vgc2025regg","rating":1611,"private":0,"password":null}