{"id":"gen9vgc2025regg-2303309911","format":"[Gen 9] VGC 2025 Reg G","players":["YSE-Mill","Spottedwoot"],"log":"|j|\u2606YSE-Mill\n|j|\u2606Spottedwoot\n|t:|1739908136\n|gametype|doubles\n|player|p1|YSE-Mill|n|1555\n|player|p2|Spottedwoot|101|1629\n|teamsize|p1|6\n|teamsize|p2|6\n|gen|9\n|tier|[Gen 9] VGC 2025 Reg G\n|rated|\n|rule|Species Clause: Limit one of each Pok\u00e9mon\n|rule|Item Clause: Limit 1 of each item\n|clearpoke\n|poke|p1|Lunala, L50|\n|poke|p1|Rillaboom, L50, M|\n|poke|p1|Incineroar, L50, M|\n|poke|p1|Urshifu-*, L50, M|\n|poke|p1|Amoonguss, L50, F|\n|poke|p1|Tornadus, L50, M|\n|poke|p2|Zamazenta-*, L50|\n|poke|p2|Chien-Pao, L50|\n|poke|p2|Entei, L50|\n|poke|p2|Raging Bolt, L50|\n|poke|p2|Rillaboom, L50, F|\n|poke|p2|Farigiraf, L50, F|\n|teampreview|4\n|\n|t:|1739908175\n|start\n|switch|p1a: Lunala|Lunala, L50, shiny|100\/100\n|switch|p1b: Incineroar|Incineroar, L50, M, shiny|100\/100\n|switch|p2a: Chien-Pao|Chien-Pao, L50|100\/100\n|switch|p2b: Entei|Entei, L50|100\/100\n|-ability|p2a: Chien-Pao|Sword of Ruin\n|-ability|p1b: Incineroar|Intimidate|boost\n|-unboost|p2a: Chien-Pao|atk|1\n|-fail|p2b: Entei|unboost|Attack|[from] ability: Inner Focus|[of] p2b: Entei\n|turn|1\n|\n|t:|1739908188\n|-terastallize|p1a: Lunala|Fairy\n|move|p2a: Chien-Pao|Protect|p2a: Chien-Pao\n|-singleturn|p2a: Chien-Pao|Protect\n|move|p1b: Incineroar|Fake Out|p2a: Chien-Pao\n|-activate|p2a: Chien-Pao|move: Protect\n|move|p2b: Entei|Crunch|p1a: Lunala\n|-resisted|p1a: Lunala\n|-damage|p1a: Lunala|91\/100\n|-damage|p2b: Entei|91\/100|[from] item: Life Orb\n|move|p1a: Lunala|Calm Mind|p1a: Lunala\n|-boost|p1a: Lunala|spa|1\n|-boost|p1a: Lunala|spd|1\n|\n|upkeep\n|turn|2\n|\n|t:|1739908198\n|move|p2a: Chien-Pao|Icicle Crash|p1a: Lunala\n|-damage|p1a: Lunala|63\/100\n|move|p2b: Entei|Sacred Fire|p1a: Lunala\n|-damage|p1a: Lunala|0 fnt\n|faint|p1a: Lunala\n|-damage|p2b: Entei|81\/100|[from] item: Life Orb\n|move|p1b: Incineroar|Knock Off|p2a: Chien-Pao\n|-resisted|p2a: Chien-Pao\n|-damage|p2a: Chien-Pao|75\/100\n|-enditem|p2a: Chien-Pao|Focus Sash|[from] move: Knock Off|[of] p1b: Incineroar\n|\n|upkeep\n|\n|t:|1739908204\n|switch|p1a: Urshifu|Urshifu-Rapid-Strike, L50, M|100\/100\n|turn|3\n|\n|t:|1739908215\n|switch|p2b: Raging Bolt|Raging Bolt, L50|100\/100\n|-enditem|p2b: Raging Bolt|Booster Energy\n|-activate|p2b: Raging Bolt|ability: Protosynthesis|[fromitem]\n|-start|p2b: Raging Bolt|protosynthesisspa\n|move|p1a: Urshifu|Surging Strikes|p2b: Raging Bolt\n|-resisted|p2b: Raging Bolt\n|-crit|p2b: Raging Bolt\n|-damage|p2b: Raging Bolt|88\/100\n|-resisted|p2b: Raging Bolt\n|-crit|p2b: Raging Bolt\n|-damage|p2b: Raging Bolt|74\/100\n|-resisted|p2b: Raging Bolt\n|-crit|p2b: Raging Bolt\n|-damage|p2b: Raging Bolt|61\/100\n|-hitcount|p2b: Raging Bolt|3\n|move|p2a: Chien-Pao|Sacred Sword|p1a: Urshifu\n|-damage|p1a: Urshifu|75\/100\n|move|p1b: Incineroar|Flare Blitz|p2a: Chien-Pao\n|-supereffective|p2a: Chien-Pao\n|-damage|p2a: Chien-Pao|0 fnt\n|faint|p2a: Chien-Pao\n|-damage|p1b: Incineroar|82\/100|[from] Recoil\n|\n|upkeep\n|\n|t:|1739908222\n|switch|p2a: Zamazenta|Zamazenta-Crowned, L50|100\/100\n|-ability|p2a: Zamazenta|Dauntless Shield|boost\n|-boost|p2a: Zamazenta|def|1\n|turn|4\n|\n|t:|1739908228\n|switch|p1a: Amoonguss|Amoonguss, L50, F|100\/100\n|move|p2b: Raging Bolt|Thunderclap||[still]\n|-fail|p2b: Raging Bolt\n|move|p2a: Zamazenta|Body Press|p1b: Incineroar\n|-supereffective|p1b: Incineroar\n|-damage|p1b: Incineroar|0 fnt\n|faint|p1b: Incineroar\n|\n|upkeep\n|\n|t:|1739908229\n|switch|p1b: Urshifu|Urshifu-Rapid-Strike, L50, M|75\/100\n|turn|5\n|\n|t:|1739908240\n|move|p1a: Amoonguss|Rage Powder|p1a: Amoonguss\n|-singleturn|p1a: Amoonguss|move: Rage Powder\n|move|p1b: Urshifu|Surging Strikes|p2a: Zamazenta\n|-crit|p2a: Zamazenta\n|-damage|p2a: Zamazenta|87\/100\n|-crit|p2a: Zamazenta\n|-damage|p2a: Zamazenta|73\/100\n|-crit|p2a: Zamazenta\n|-damage|p2a: Zamazenta|57\/100\n|-hitcount|p2a: Zamazenta|3\n|move|p2a: Zamazenta|Heavy Slam|p1a: Amoonguss\n|-damage|p1a: Amoonguss|66\/100\n|-damage|p2a: Zamazenta|41\/100|[from] item: Rocky Helmet|[of] p1a: Amoonguss\n|move|p2b: Raging Bolt|Dragon Pulse|p1a: Amoonguss\n|-damage|p1a: Amoonguss|4\/100\n|\n|upkeep\n|turn|6\n|\n|t:|1739908249\n|-terastallize|p2a: Zamazenta|Dragon\n|move|p1a: Amoonguss|Rage Powder|p1a: Amoonguss\n|-singleturn|p1a: Amoonguss|move: Rage Powder\n|move|p1b: Urshifu|Surging Strikes|p2b: Raging Bolt\n|-resisted|p2b: Raging Bolt\n|-crit|p2b: Raging Bolt\n|-damage|p2b: Raging Bolt|52\/100\n|-resisted|p2b: Raging Bolt\n|-crit|p2b: Raging Bolt\n|-damage|p2b: Raging Bolt|44\/100\n|-resisted|p2b: Raging Bolt\n|-crit|p2b: Raging Bolt\n|-damage|p2b: Raging Bolt|35\/100\n|-hitcount|p2b: Raging Bolt|3\n|move|p2a: Zamazenta|Heavy Slam|p1a: Amoonguss\n|-damage|p1a: Amoonguss|0 fnt\n|-damage|p2a: Zamazenta|24\/100|[from] item: Rocky Helmet|[of] p1a: Amoonguss\n|faint|p1a: Amoonguss\n|move|p2b: Raging Bolt|Thunderbolt|p1b: Urshifu\n|-supereffective|p1b: Urshifu\n|-damage|p1b: Urshifu|0 fnt\n|faint|p1b: Urshifu\n|\n|win|Spottedwoot\n|raw|YSE-Mill's rating: 1555 &rarr; <strong>1539<\/strong><br \/>(-16 for losing)\n|raw|Spottedwoot's rating: 1629 &rarr; <strong>1645<\/strong><br \/>(+16 for winning)\n|l|\u2606YSE-Mill\n|player|p1|\n","uploadtime":1739908266,"views":29,"formatid":"gen9vgc2025regg","rating":1539,"private":0,"password":null}