{"id":"gen9vgc2025regg-2303165420","format":"[Gen 9] VGC 2025 Reg G","players":["firepatriley","AndyGR_02"],"log":"|j|\u2606firepatriley\n|j|\u2606AndyGR_02\n|t:|1739894038\n|gametype|doubles\n|player|p1|firepatriley|102|1581\n|player|p2|AndyGR_02|volkner|1611\n|teamsize|p1|6\n|teamsize|p2|6\n|gen|9\n|tier|[Gen 9] VGC 2025 Reg G\n|rated|\n|rule|Species Clause: Limit one of each Pok\u00e9mon\n|rule|Item Clause: Limit 1 of each item\n|clearpoke\n|poke|p1|Lunala, L50|\n|poke|p1|Rillaboom, L50, M|\n|poke|p1|Urshifu-*, L50, F|\n|poke|p1|Ursaluna, L50, M|\n|poke|p1|Incineroar, L50, F|\n|poke|p1|Amoonguss, L50, F|\n|poke|p2|Kyurem-White, L50|\n|poke|p2|Urshifu-*, L50, M|\n|poke|p2|Tornadus, L50, M|\n|poke|p2|Ogerpon-Wellspring, L50, F|\n|poke|p2|Ninetales-Alola, L50, F|\n|poke|p2|Primarina, L50, F|\n|teampreview|4\nfirepatriley rejected open team sheets.\n|\n|t:|1739894085\n|start\n|switch|p1a: Lunala|Lunala, L50|100\/100\n|switch|p1b: Incineroar|Incineroar, L50, F|100\/100\n|switch|p2a: Ninetales|Ninetales-Alola, L50, F, shiny|100\/100\n|switch|p2b: Urshifu|Urshifu, L50, M|100\/100\n|-weather|Snow|[from] ability: Snow Warning|[of] p2a: Ninetales\n|-ability|p1b: Incineroar|Intimidate|boost\n|-unboost|p2a: Ninetales|atk|1\n|-unboost|p2b: Urshifu|atk|1\n|turn|1\n|j| paradoxguardiola\n|\n|t:|1739894102\n|-terastallize|p1a: Lunala|Fairy\n|move|p2b: Urshifu|Detect|p2b: Urshifu\n|-singleturn|p2b: Urshifu|Protect\n|move|p1b: Incineroar|Fake Out|p2a: Ninetales\n|-damage|p2a: Ninetales|90\/100\n|cant|p2a: Ninetales|flinch\n|move|p1a: Lunala|Trick Room|p1a: Lunala\n|-fieldstart|move: Trick Room|[of] p1a: Lunala\n|\n|-weather|Snow|[upkeep]\n|upkeep\n|turn|2\n|\n|t:|1739894127\n|move|p1b: Incineroar|Flare Blitz|p2a: Ninetales\n|-supereffective|p2a: Ninetales\n|-damage|p2a: Ninetales|0 fnt\n|faint|p2a: Ninetales\n|-damage|p1b: Incineroar|75\/100|[from] Recoil\n|move|p1a: Lunala|Moonblast|p2b: Urshifu\n|-supereffective|p2b: Urshifu\n|-enditem|p2b: Urshifu|Focus Sash\n|-damage|p2b: Urshifu|1\/100\n|move|p2b: Urshifu|Close Combat|p1b: Incineroar\n|-supereffective|p1b: Incineroar\n|-damage|p1b: Incineroar|0 fnt\n|-unboost|p2b: Urshifu|def|1\n|-unboost|p2b: Urshifu|spd|1\n|faint|p1b: Incineroar\n|\n|-weather|Snow|[upkeep]\n|upkeep\n|\n|t:|1739894143\n|switch|p1b: Ursaluna|Ursaluna, L50, M|100\/100\n|switch|p2a: Kyurem|Kyurem-White, L50, shiny|100\/100\n|-ability|p2a: Kyurem|Turboblaze\n|turn|3\n|j| Easy180\n|\n|t:|1739894159\n|-terastallize|p2a: Kyurem|Fairy\n|move|p2b: Urshifu|Sucker Punch|p1b: Ursaluna\n|-damage|p1b: Ursaluna|82\/100\n|move|p1b: Ursaluna|Facade|p2b: Urshifu\n|-damage|p2b: Urshifu|0 fnt\n|faint|p2b: Urshifu\n|move|p1a: Lunala|Meteor Beam||[still]\n|-prepare|p1a: Lunala|Meteor Beam\n|-boost|p1a: Lunala|spa|1\n|-enditem|p1a: Lunala|Power Herb\n|-anim|p1a: Lunala|Meteor Beam|p2a: Kyurem\n|-damage|p2a: Kyurem|65\/100\n|move|p2a: Kyurem|Blizzard|p1b: Ursaluna|[spread] p1a,p1b\n|-supereffective|p1b: Ursaluna\n|-damage|p1a: Lunala|84\/100\n|-damage|p1b: Ursaluna|0 fnt\n|faint|p1b: Ursaluna\n|\n|-weather|Snow|[upkeep]\n|upkeep\n|\n|t:|1739894173\n|switch|p1b: Urshifu|Urshifu-Rapid-Strike, L50, F|100\/100\n|switch|p2b: Primarina|Primarina, L50, F, shiny|100\/100\n|turn|4\n|j| faceless_knigght\n|\n|t:|1739894190\n|move|p2b: Primarina|Moonblast|p1b: Urshifu\n|-supereffective|p1b: Urshifu\n|-enditem|p1b: Urshifu|Focus Sash\n|-damage|p1b: Urshifu|1\/100\n|-unboost|p1b: Urshifu|spa|1\n|move|p1a: Lunala|Moonblast|p2a: Kyurem\n|-damage|p2a: Kyurem|20\/100\n|-unboost|p2a: Kyurem|spa|1\n|move|p1b: Urshifu|Surging Strikes|p2a: Kyurem\n|-crit|p2a: Kyurem\n|-damage|p2a: Kyurem|0 fnt\n|faint|p2a: Kyurem\n|-hitcount|p2: Kyurem|1\n|\n|-weather|Snow|[upkeep]\n|upkeep\n|turn|5\n|\n|t:|1739894213\n|move|p1b: Urshifu|Protect|p1b: Urshifu\n|-singleturn|p1b: Urshifu|Protect\n|move|p2b: Primarina|Hyper Voice|p1b: Urshifu|[spread] p1a\n|-activate|p1b: Urshifu|move: Protect\n|-damage|p1a: Lunala|63\/100\n|move|p1a: Lunala|Moonblast|p2b: Primarina\n|-damage|p2b: Primarina|36\/100\n|-unboost|p2b: Primarina|spa|1\n|\n|-weather|none\n|-heal|p2b: Primarina|42\/100|[from] item: Leftovers\n|-fieldend|move: Trick Room\n|upkeep\n|turn|6\n|\n|t:|1739894220\n|move|p1b: Urshifu|Surging Strikes|p2b: Primarina\n|-resisted|p2b: Primarina\n|-crit|p2b: Primarina\n|-damage|p2b: Primarina|31\/100\n|-resisted|p2b: Primarina\n|-crit|p2b: Primarina\n|-damage|p2b: Primarina|20\/100\n|-resisted|p2b: Primarina\n|-crit|p2b: Primarina\n|-damage|p2b: Primarina|10\/100\n|-hitcount|p2b: Primarina|3\n|move|p1a: Lunala|Moonblast|p2b: Primarina\n|-damage|p2b: Primarina|0 fnt\n|faint|p2b: Primarina\n|\n|win|firepatriley\n|raw|firepatriley's rating: 1581 &rarr; <strong>1603<\/strong><br \/>(+22 for winning)\n|raw|AndyGR_02's rating: 1611 &rarr; <strong>1589<\/strong><br \/>(-22 for losing)\n|l|\u2606AndyGR_02\n|player|p2|\n|l|\u2606firepatriley\n|player|p1|\n|l| Easy180\n","uploadtime":1739894412,"views":6,"formatid":"gen9vgc2025regg","rating":1589,"private":0,"password":null}