{"id":"gen9vgc2025regg-2303281146","format":"[Gen 9] VGC 2025 Reg G","players":["SamP_64","BLiiNDProdiigy"],"log":"|j|\u2606SamP_64\n|j|\u2606BLiiNDProdiigy\n|t:|1739905309\n|gametype|doubles\n|player|p1|SamP_64|cyrus|1691\n|player|p2|BLiiNDProdiigy|rocketgrunt|1621\n|teamsize|p1|6\n|teamsize|p2|6\n|gen|9\n|tier|[Gen 9] VGC 2025 Reg G\n|rated|\n|rule|Species Clause: Limit one of each Pok\u00e9mon\n|rule|Item Clause: Limit 1 of each item\n|clearpoke\n|poke|p1|Incineroar, L50, F|\n|poke|p1|Rillaboom, L50, M|\n|poke|p1|Flutter Mane, L50|\n|poke|p1|Urshifu-*, L50, F|\n|poke|p1|Terapagos, L50, M|\n|poke|p1|Amoonguss, L50, M|\n|poke|p2|Terapagos, L50, M|\n|poke|p2|Incineroar, L50, M|\n|poke|p2|Rillaboom, L50, M|\n|poke|p2|Urshifu-*, L50, F|\n|poke|p2|Flutter Mane, L50|\n|poke|p2|Ogerpon-Hearthflame, L50, F|\n|teampreview|4\n|inactive|Battle timer is ON: inactive players will automatically lose when time's up. (requested by SamP_64)\n|inactive|SamP_64 has 60 seconds left.\n|\n|t:|1739905342\n|start\n|switch|p1a: Terapagos|Terapagos, L50, M|100\/100\n|switch|p1b: Incineroar|Incineroar, L50, F|100\/100\n|switch|p2a: Rillaboom|Rillaboom, L50, M|100\/100\n|switch|p2b: Ogerpon|Ogerpon-Hearthflame, L50, F|100\/100\n|-activate|p1a: Terapagos|ability: Tera Shift\n|detailschange|p1a: Terapagos|Terapagos-Terastal, L50, M\n|-heal|p1a: Terapagos|100\/100|[silent]\n|-ability|p2b: Ogerpon|Mold Breaker\n|-fieldstart|move: Grassy Terrain|[from] ability: Grassy Surge|[of] p2a: Rillaboom\n|-ability|p1b: Incineroar|Intimidate|boost\n|-unboost|p2a: Rillaboom|atk|1\n|-unboost|p2b: Ogerpon|atk|1\n|turn|1\n|\n|t:|1739905353\n|move|p2a: Rillaboom|Fake Out|p1b: Incineroar\n|-damage|p1b: Incineroar|92\/100\n|-damage|p2a: Rillaboom|84\/100|[from] item: Rocky Helmet|[of] p1b: Incineroar\n|cant|p1b: Incineroar|flinch\n|move|p2b: Ogerpon|Ivy Cudgel|p1a: Terapagos|[anim] Ivy Cudgel Fire\n|-damage|p1a: Terapagos|69\/100\n|move|p1a: Terapagos|Calm Mind|p1a: Terapagos\n|-boost|p1a: Terapagos|spa|1\n|-boost|p1a: Terapagos|spd|1\n|\n|-heal|p1a: Terapagos|74\/100|[from] Grassy Terrain\n|-heal|p1a: Terapagos|80\/100|[from] item: Leftovers\n|-heal|p2a: Rillaboom|90\/100|[from] Grassy Terrain\n|-heal|p1b: Incineroar|98\/100|[from] Grassy Terrain\n|upkeep\n|turn|2\n|j| Rareasfukk\n|inactive|SamP_64 has 30 seconds left.\n|\n|t:|1739905378\n|switch|p2b: Incineroar|Incineroar, L50, M|100\/100\n|-ability|p2b: Incineroar|Intimidate|boost\n|-unboost|p1a: Terapagos|atk|1\n|-unboost|p1b: Incineroar|atk|1\n|move|p1a: Terapagos|Protect|p1a: Terapagos\n|-singleturn|p1a: Terapagos|Protect\n|move|p2a: Rillaboom|U-turn|p1b: Incineroar\n|-damage|p1b: Incineroar|82\/100\n|-damage|p2a: Rillaboom|74\/100|[from] item: Rocky Helmet|[of] p1b: Incineroar\n|\n|t:|1739905384\n|switch|p2a: Ogerpon|Ogerpon-Hearthflame, L50, F|100\/100|[from] U-turn\n|-ability|p2a: Ogerpon|Mold Breaker\n|move|p1b: Incineroar|Will-O-Wisp|p2a: Ogerpon|[miss]\n|-miss|p1b: Incineroar|p2a: Ogerpon\n|\n|-heal|p1a: Terapagos|86\/100|[from] Grassy Terrain\n|-heal|p1a: Terapagos|92\/100|[from] item: Leftovers\n|-heal|p1b: Incineroar|88\/100|[from] Grassy Terrain\n|upkeep\n|turn|3\n|\n|t:|1739905408\n|-terastallize|p2a: Ogerpon|Fire\n|detailschange|p2a: Ogerpon|Ogerpon-Hearthflame-Tera, L50, F, tera:Fire\n|-ability|p2a: Ogerpon|Embody Aspect (Hearthflame)|boost\n|-boost|p2a: Ogerpon|atk|1\n|-terastallize|p1a: Terapagos|Stellar\n|detailschange|p1a: Terapagos|Terapagos-Stellar, L50, M, tera:Stellar\n|-heal|p1a: Terapagos|94\/100|[silent]\n|-ability|p1a: Terapagos|Teraform Zero\n|-fieldend|move: Grassy Terrain\n|move|p2a: Ogerpon|Ivy Cudgel|p1a: Terapagos|[anim] Ivy Cudgel Fire\n|-damage|p1a: Terapagos|25\/100\n|move|p1a: Terapagos|Tera Starstorm|p2a: Ogerpon|[spread] p2a,p2b\n|-supereffective|p2a: Ogerpon\n|-damage|p2a: Ogerpon|0 fnt\n|-damage|p2b: Incineroar|52\/100\n|faint|p2a: Ogerpon\n|move|p2b: Incineroar|Knock Off|p1a: Terapagos\n|-damage|p1a: Terapagos|0 fnt\n|-enditem|p1a: Terapagos|Leftovers|[from] move: Knock Off|[of] p2b: Incineroar\n|faint|p1a: Terapagos\n|move|p1b: Incineroar|Parting Shot|p2b: Incineroar\n|-unboost|p2b: Incineroar|atk|1\n|-unboost|p2b: Incineroar|spa|1\n|\n|t:|1739905431\n|switch|p1b: Urshifu|Urshifu-Rapid-Strike, L50, F|100\/100|[from] Parting Shot\n|\n|upkeep\n|\n|t:|1739905437\n|switch|p2a: Terapagos|Terapagos, L50, M|100\/100\n|switch|p1a: Incineroar|Incineroar, L50, F|88\/100\n|-activate|p2a: Terapagos|ability: Tera Shift\n|detailschange|p2a: Terapagos|Terapagos-Terastal, L50, M\n|-heal|p2a: Terapagos|100\/100|[silent]\n|-ability|p1a: Incineroar|Intimidate|boost\n|-unboost|p2a: Terapagos|atk|1\n|-unboost|p2b: Incineroar|atk|1\n|turn|4\n|inactive|SamP_64 has 30 seconds left.\n|\n|t:|1739905463\n|move|p1a: Incineroar|Fake Out|p2a: Terapagos\n|-activate|p2a: Terapagos|ability: Tera Shell\n|-resisted|p2a: Terapagos\n|-damage|p2a: Terapagos|96\/100\n|move|p1b: Urshifu|Close Combat|p2a: Terapagos\n|-supereffective|p2a: Terapagos\n|-crit|p2a: Terapagos\n|-damage|p2a: Terapagos|0 fnt\n|-unboost|p1b: Urshifu|def|1\n|-unboost|p1b: Urshifu|spd|1\n|faint|p2a: Terapagos\n|move|p2b: Incineroar|Will-O-Wisp|p1b: Urshifu\n|-status|p1b: Urshifu|brn\n|\n|-damage|p1b: Urshifu|94\/100 brn|[from] brn\n|upkeep\n|\n|t:|1739905470\n|switch|p2a: Rillaboom|Rillaboom, L50, M|74\/100\n|-fieldstart|move: Grassy Terrain|[from] ability: Grassy Surge|[of] p2a: Rillaboom\n|turn|5\n|c|\u2606BLiiNDProdiigy|Crit feels so bad\n|inactive|BLiiNDProdiigy has 30 seconds left.\n|\n|t:|1739905500\n|move|p1b: Urshifu|Protect|p1b: Urshifu\n|-singleturn|p1b: Urshifu|Protect\n|move|p2a: Rillaboom|Fake Out|p1a: Incineroar\n|-damage|p1a: Incineroar|76\/100\n|-damage|p2a: Rillaboom|57\/100|[from] item: Rocky Helmet|[of] p1a: Incineroar\n|move|p2b: Incineroar|Will-O-Wisp|p1b: Urshifu\n|-activate|p1b: Urshifu|move: Protect\n|cant|p1a: Incineroar|flinch\n|\n|-heal|p1b: Urshifu|100\/100 brn|[from] Grassy Terrain\n|-heal|p2a: Rillaboom|63\/100|[from] Grassy Terrain\n|-heal|p2b: Incineroar|58\/100|[from] Grassy Terrain\n|-heal|p1a: Incineroar|82\/100|[from] Grassy Terrain\n|-damage|p1b: Urshifu|94\/100 brn|[from] brn\n|upkeep\n|turn|6\n|inactive|SamP_64 has 30 seconds left.\n|\n|t:|1739905526\n|move|p1b: Urshifu|Aqua Jet|p2b: Incineroar\n|-supereffective|p2b: Incineroar\n|-damage|p2b: Incineroar|41\/100\n|-damage|p1b: Urshifu|78\/100 brn|[from] item: Rocky Helmet|[of] p2b: Incineroar\n|move|p2a: Rillaboom|Grassy Glide|p1b: Urshifu\n|-supereffective|p1b: Urshifu\n|-damage|p1b: Urshifu|0 fnt\n|faint|p1b: Urshifu\n|move|p2b: Incineroar|Parting Shot|p1a: Incineroar\n|-unboost|p1a: Incineroar|atk|1\n|-unboost|p1a: Incineroar|spa|1\n|move|p1a: Incineroar|Will-O-Wisp|p2a: Rillaboom\n|-status|p2a: Rillaboom|brn\n|\n|-heal|p2a: Rillaboom|69\/100 brn|[from] Grassy Terrain\n|-heal|p2b: Incineroar|47\/100|[from] Grassy Terrain\n|-heal|p1a: Incineroar|88\/100|[from] Grassy Terrain\n|-damage|p2a: Rillaboom|63\/100 brn|[from] brn\n|upkeep\n|\n|t:|1739905547\n|switch|p1b: Amoonguss|Amoonguss, L50, M|100\/100\n|turn|7\n|-message|BLiiNDProdiigy forfeited.\n|\n|win|SamP_64\n|raw|SamP_64's rating: 1691 &rarr; <strong>1707<\/strong><br \/>(+16 for winning)\n|raw|BLiiNDProdiigy's rating: 1621 &rarr; <strong>1605<\/strong><br \/>(-16 for losing)\n|l|\u2606BLiiNDProdiigy\n|player|p2|\n|l|\u2606SamP_64\n|player|p1|\n|l| Rareasfukk\n","uploadtime":1739905771,"views":5,"formatid":"gen9vgc2025regg","rating":1605,"private":0,"password":null}