{"id":"gen9vgc2025regg-2303207597","format":"[Gen 9] VGC 2025 Reg G","players":["chrisl94","kojimuranishi"],"log":"|j|\u2606chrisl94\n|j|\u2606kojimuranishi\n|t:|1739898221\n|gametype|doubles\n|player|p1|chrisl94|101|1547\n|player|p2|kojimuranishi|265|1832\n|teamsize|p1|6\n|teamsize|p2|6\n|gen|9\n|tier|[Gen 9] VGC 2025 Reg G\n|rated|\n|rule|Species Clause: Limit one of each Pok\u00e9mon\n|rule|Item Clause: Limit 1 of each item\n|clearpoke\n|poke|p1|Koraidon, L50|\n|poke|p1|Flutter Mane, L50|\n|poke|p1|Raging Bolt, L50|\n|poke|p1|Frosmoth, L50, F|\n|poke|p1|Incineroar, L50, F|\n|poke|p1|Ting-Lu, L50|\n|poke|p2|Whimsicott, L50, F|\n|poke|p2|Calyrex-Ice, L50|\n|poke|p2|Urshifu-*, L50, F|\n|poke|p2|Chi-Yu, L50|\n|poke|p2|Raging Bolt, L50|\n|poke|p2|Landorus, L50, M|\n|teampreview|4\n|inactive|Battle timer is ON: inactive players will automatically lose when time's up. (requested by kojimuranishi)\n|\n|t:|1739898249\n|start\n|switch|p1a: Incineroar|Incineroar, L50, F|100\/100\n|switch|p1b: Flutter Mane|Flutter Mane, L50|100\/100\n|switch|p2a: Whimsicott|Whimsicott, L50, F|100\/100\n|switch|p2b: Calyrex|Calyrex-Ice, L50|100\/100\n|-ability|p2b: Calyrex|As One\n|-ability|p2b: Calyrex|Unnerve\n|-ability|p1a: Incineroar|Intimidate|boost\n|-unboost|p2a: Whimsicott|atk|1\n|-unboost|p2b: Calyrex|atk|1\n|turn|1\n|\n|t:|1739898271\n|move|p1b: Flutter Mane|Shadow Ball|p2b: Calyrex\n|-supereffective|p2b: Calyrex\n|-damage|p2b: Calyrex|6\/100\n|-unboost|p2b: Calyrex|spd|1\n|-damage|p1b: Flutter Mane|91\/100|[from] item: Life Orb\n|move|p2b: Calyrex|Glacial Lance|p1a: Incineroar|[spread] p1a,p1b\n|-resisted|p1a: Incineroar\n|-damage|p1a: Incineroar|75\/100\n|-damage|p1b: Flutter Mane|0 fnt\n|faint|p1b: Flutter Mane\n|-end|p1b: Flutter Mane|Protosynthesis|[silent]\n|-ability|p2b: Calyrex|Chilling Neigh|boost\n|-boost|p2b: Calyrex|atk|1\n|move|p1a: Incineroar|Knock Off|p2b: Calyrex\n|-supereffective|p2b: Calyrex\n|-damage|p2b: Calyrex|0 fnt\n|-enditem|p2b: Calyrex|Choice Band|[from] move: Knock Off|[of] p1a: Incineroar\n|faint|p2b: Calyrex\n|move|p2a: Whimsicott|Trick Room|p2a: Whimsicott\n|-fieldstart|move: Trick Room|[of] p2a: Whimsicott\n|\n|upkeep\n|\n|t:|1739898290\n|switch|p2b: Landorus|Landorus, L50, M|100\/100\n|switch|p1b: Ting-Lu|Ting-Lu, L50|100\/100\n|-ability|p1b: Ting-Lu|Vessel of Ruin\n|turn|2\n|j| wegovrooooom\n|inactive|chrisl94 has 30 seconds left.\n|inactive|chrisl94 has 20 seconds left.\n|inactive|chrisl94 has 15 seconds left.\n|inactive|chrisl94 has 10 seconds left.\n|inactive|chrisl94 has 5 seconds left.\n|\n|t:|1739898343\n|-terastallize|p1a: Incineroar|Ghost\n|move|p1b: Ting-Lu|Snarl|p2b: Landorus|[spread] p2a,p2b\n|-resisted|p2a: Whimsicott\n|-damage|p2a: Whimsicott|93\/100\n|-damage|p2b: Landorus|89\/100\n|-unboost|p2a: Whimsicott|spa|1\n|-unboost|p2b: Landorus|spa|1\n|move|p1a: Incineroar|Flare Blitz|p2a: Whimsicott\n|-supereffective|p2a: Whimsicott\n|-damage|p2a: Whimsicott|0 fnt\n|faint|p2a: Whimsicott\n|-damage|p1a: Incineroar|54\/100|[from] Recoil\n|move|p2b: Landorus|Sandsear Storm|p1b: Ting-Lu|[spread] p1a,p1b\n|-damage|p1a: Incineroar|26\/100\n|-damage|p1b: Ting-Lu|84\/100\n|-enditem|p1a: Incineroar|Sitrus Berry|[eat]\n|-heal|p1a: Incineroar|50\/100|[from] item: Sitrus Berry\n|\n|upkeep\n|\n|t:|1739898360\n|switch|p2a: Raging Bolt|Raging Bolt, L50|100\/100\n|-enditem|p2a: Raging Bolt|Booster Energy\n|-activate|p2a: Raging Bolt|ability: Protosynthesis|[fromitem]\n|-start|p2a: Raging Bolt|protosynthesisspa\n|turn|3\n|\n|t:|1739898373\n|move|p1b: Ting-Lu|Snarl|p2a: Raging Bolt|[spread] p2a,p2b\n|-damage|p2a: Raging Bolt|93\/100\n|-damage|p2b: Landorus|76\/100\n|-unboost|p2a: Raging Bolt|spa|1\n|-unboost|p2b: Landorus|spa|1\n|move|p1a: Incineroar|Knock Off|p2b: Landorus\n|-damage|p2b: Landorus|31\/100\n|-enditem|p2b: Landorus|Life Orb|[from] move: Knock Off|[of] p1a: Incineroar\n|move|p2a: Raging Bolt|Thunderbolt|p1a: Incineroar\n|-damage|p1a: Incineroar|17\/100\n|move|p2b: Landorus|Sandsear Storm|p1b: Ting-Lu|[spread] p1b\n|-miss|p2b: Landorus|p1a: Incineroar\n|-damage|p1b: Ting-Lu|74\/100\n|\n|upkeep\n|turn|4\n|\n|t:|1739898395\n|move|p2a: Raging Bolt|Thunderclap|p1a: Incineroar\n|-damage|p1a: Incineroar|0 fnt\n|faint|p1a: Incineroar\n|move|p1b: Ting-Lu|Stomping Tantrum|p2a: Raging Bolt\n|-supereffective|p2a: Raging Bolt\n|-damage|p2a: Raging Bolt|37\/100\n|move|p2b: Landorus|Sandsear Storm|p1b: Ting-Lu|[miss]\n|-miss|p2b: Landorus|p1b: Ting-Lu\n|\n|upkeep\n|j| AlemVgc\n|\n|t:|1739898404\n|switch|p1a: Koraidon|Koraidon, L50|100\/100\n|-weather|SunnyDay|[from] ability: Orichalcum Pulse|[of] p1a: Koraidon\n|-activate|p1a: Koraidon|Orichalcum Pulse|[source]\n|turn|5\n|\n|t:|1739898414\n|move|p1b: Ting-Lu|Stomping Tantrum|p2a: Raging Bolt\n|-supereffective|p2a: Raging Bolt\n|-damage|p2a: Raging Bolt|0 fnt\n|faint|p2a: Raging Bolt\n|-end|p2a: Raging Bolt|Protosynthesis|[silent]\n|move|p2b: Landorus|Sandsear Storm|p1b: Ting-Lu|[spread] p1b\n|-miss|p2b: Landorus|p1a: Koraidon\n|-damage|p1b: Ting-Lu|65\/100\n|move|p1a: Koraidon|Flare Blitz|p2b: Landorus\n|-damage|p2b: Landorus|0 fnt\n|faint|p2b: Landorus\n|-damage|p1a: Koraidon|91\/100|[from] Recoil\n|\n|win|chrisl94\n|raw|chrisl94's rating: 1547 &rarr; <strong>1581<\/strong><br \/>(+34 for winning)\n|raw|kojimuranishi's rating: 1832 &rarr; <strong>1798<\/strong><br \/>(-34 for losing)\n|l|\u2606kojimuranishi\n|player|p2|\n|l| wegovrooooom\n|l| AlemVgc\n","uploadtime":1739898569,"views":57,"formatid":"gen9vgc2025regg","rating":1581,"private":0,"password":null}