{"id":"gen9vgc2025regg-2303357063","format":"[Gen 9] VGC 2025 Reg G","players":["Dimonutive","kriemhildgretchen1"],"log":"|j|\u2606Dimonutive\n|j|\u2606kriemhildgretchen1\n|t:|1739912917\n|gametype|doubles\n|player|p1|Dimonutive|li|1607\n|player|p2|kriemhildgretchen1|marley|1606\n|teamsize|p1|6\n|teamsize|p2|6\n|gen|9\n|tier|[Gen 9] VGC 2025 Reg G\n|rated|\n|rule|Species Clause: Limit one of each Pok\u00e9mon\n|rule|Item Clause: Limit 1 of each item\n|clearpoke\n|poke|p1|Terapagos, L50, M|\n|poke|p1|Grimmsnarl, L50, M|\n|poke|p1|Sinistcha, L50|\n|poke|p1|Cresselia, L50, F|\n|poke|p1|Okidogi, L50, M|\n|poke|p1|Landorus-Therian, L50, M|\n|poke|p2|Terapagos, L50, M|\n|poke|p2|Amoonguss, L50, M|\n|poke|p2|Incineroar, L50, F|\n|poke|p2|Flutter Mane, L50|\n|poke|p2|Raging Bolt, L50|\n|poke|p2|Farigiraf, L50, M|\n|teampreview|4\n|inactive|Battle timer is ON: inactive players will automatically lose when time's up. (requested by kriemhildgretchen1)\n|c|\u2606kriemhildgretchen1|oh hi again\n|c|\u2606Dimonutive|fancy meeting you again\n|inactive|Dimonutive has 60 seconds left.\n|inactive|kriemhildgretchen1 has 60 seconds left.\n|\n|t:|1739912952\n|start\n|switch|p1a: Cresselia|Cresselia, L50, F|100\/100\n|switch|p1b: Okidogi|Okidogi, L50, M|100\/100\n|switch|p2a: Terapagos|Terapagos, L50, M|100\/100\n|switch|p2b: Amoonguss|Amoonguss, L50, M|100\/100\n|-activate|p2a: Terapagos|ability: Tera Shift\n|detailschange|p2a: Terapagos|Terapagos-Terastal, L50, M\n|-heal|p2a: Terapagos|100\/100|[silent]\n|turn|1\n|\n|t:|1739912962\n|move|p1a: Cresselia|Helping Hand|p1b: Okidogi\n|-singleturn|p1b: Okidogi|Helping Hand|[of] p1a: Cresselia\n|move|p1b: Okidogi|Gunk Shot|p2b: Amoonguss\n|-damage|p2b: Amoonguss|34\/100\n|move|p2a: Terapagos|Calm Mind|p2a: Terapagos\n|-boost|p2a: Terapagos|spa|1\n|-boost|p2a: Terapagos|spd|1\n|move|p2b: Amoonguss|Spore|p1a: Cresselia\n|-activate|p1a: Cresselia|item: Safety Goggles|Spore\n|\n|upkeep\n|turn|2\n|\n|t:|1739912979\n|move|p2b: Amoonguss|Protect|p2b: Amoonguss\n|-singleturn|p2b: Amoonguss|Protect\n|move|p1a: Cresselia|Moonblast|p2a: Terapagos\n|-activate|p2a: Terapagos|ability: Tera Shell\n|-resisted|p2a: Terapagos\n|-damage|p2a: Terapagos|95\/100\n|move|p1b: Okidogi|Drain Punch|p2a: Terapagos\n|-supereffective|p2a: Terapagos\n|-damage|p2a: Terapagos|41\/100\n|move|p2a: Terapagos|Calm Mind|p2a: Terapagos\n|-boost|p2a: Terapagos|spa|1\n|-boost|p2a: Terapagos|spd|1\n|\n|-heal|p2a: Terapagos|47\/100|[from] item: Leftovers\n|upkeep\n|turn|3\n|inactive|Dimonutive has 30 seconds left.\n|\n|t:|1739913009\n|switch|p1a: Landorus|Landorus-Therian, L50, M|100\/100\n|-ability|p1a: Landorus|Intimidate|boost\n|-unboost|p2a: Terapagos|atk|1\n|-unboost|p2b: Amoonguss|atk|1\n|switch|p2b: Flutter Mane|Flutter Mane, L50|100\/100\n|-enditem|p2b: Flutter Mane|Booster Energy\n|-activate|p2b: Flutter Mane|ability: Protosynthesis|[fromitem]\n|-start|p2b: Flutter Mane|protosynthesisspe\n|move|p2a: Terapagos|Protect|p2a: Terapagos\n|-singleturn|p2a: Terapagos|Protect\n|move|p1b: Okidogi|Gunk Shot|p2b: Flutter Mane|[miss]\n|-miss|p1b: Okidogi|p2b: Flutter Mane\n|\n|-heal|p2a: Terapagos|54\/100|[from] item: Leftovers\n|upkeep\n|turn|4\n|j| Harry 555\n|inactive|Dimonutive has 30 seconds left.\n|\n|t:|1739913039\n|-terastallize|p2a: Terapagos|Stellar\n|detailschange|p2a: Terapagos|Terapagos-Stellar, L50, M, tera:Stellar\n|-heal|p2a: Terapagos|65\/100|[silent]\n|move|p2b: Flutter Mane|Icy Wind|p1b: Okidogi|[spread] p1a,p1b\n|-supereffective|p1a: Landorus\n|-damage|p1a: Landorus|39\/100\n|-damage|p1b: Okidogi|92\/100\n|-unboost|p1a: Landorus|spe|1\n|-unboost|p1b: Okidogi|spe|1\n|move|p1a: Landorus|Stomping Tantrum|p2a: Terapagos\n|-damage|p2a: Terapagos|43\/100\n|move|p2a: Terapagos|Tera Starstorm|p1a: Landorus|[spread] p1a,p1b\n|-damage|p1a: Landorus|0 fnt\n|-damage|p1b: Okidogi|45\/100\n|faint|p1a: Landorus\n|move|p1b: Okidogi|Drain Punch|p2a: Terapagos\n|-supereffective|p2a: Terapagos\n|-damage|p2a: Terapagos|1\/100\n|-heal|p1b: Okidogi|73\/100|[from] drain|[of] p2a: Terapagos\n|\n|-heal|p2a: Terapagos|7\/100|[from] item: Leftovers\n|upkeep\n|\n|t:|1739913049\n|switch|p1a: Cresselia|Cresselia, L50, F|100\/100\n|turn|5\n|j| kiabu233\n|\n|t:|1739913057\n|move|p2a: Terapagos|Protect|p2a: Terapagos\n|-singleturn|p2a: Terapagos|Protect\n|move|p2b: Flutter Mane|Taunt|p1a: Cresselia\n|-start|p1a: Cresselia|move: Taunt\n|cant|p1a: Cresselia|move: Taunt|Lunar Blessing\n|move|p1b: Okidogi|Gunk Shot|p2b: Flutter Mane\n|-damage|p2b: Flutter Mane|17\/100\n|\n|-heal|p2a: Terapagos|13\/100|[from] item: Leftovers\n|upkeep\n|turn|6\n|\n|t:|1739913066\n|move|p2b: Flutter Mane|Moonblast|p1b: Okidogi\n|-damage|p1b: Okidogi|44\/100\n|move|p1a: Cresselia|Moonblast|p2b: Flutter Mane\n|-damage|p2b: Flutter Mane|3\/100\n|move|p2a: Terapagos|Earth Power|p1b: Okidogi\n|-supereffective|p1b: Okidogi\n|-damage|p1b: Okidogi|0 fnt\n|faint|p1b: Okidogi\n|\n|-heal|p2a: Terapagos|20\/100|[from] item: Leftovers\n|upkeep\n|\n|t:|1739913070\n|switch|p1b: Terapagos|Terapagos, L50, M|100\/100\n|-activate|p1b: Terapagos|ability: Tera Shift\n|detailschange|p1b: Terapagos|Terapagos-Terastal, L50, M\n|-heal|p1b: Terapagos|100\/100|[silent]\n|turn|7\n|\n|t:|1739913088\n|-terastallize|p1b: Terapagos|Stellar\n|detailschange|p1b: Terapagos|Terapagos-Stellar, L50, M, tera:Stellar\n|-heal|p1b: Terapagos|100\/100|[silent]\n|move|p2b: Flutter Mane|Thunder Wave|p1b: Terapagos\n|-status|p1b: Terapagos|par\n|move|p1a: Cresselia|Moonblast|p2b: Flutter Mane\n|-damage|p2b: Flutter Mane|0 fnt\n|faint|p2b: Flutter Mane\n|-end|p2b: Flutter Mane|Protosynthesis|[silent]\n|move|p2a: Terapagos|Tera Starstorm|p1b: Terapagos|[spread] p1a,p1b\n|-supereffective|p1b: Terapagos\n|-damage|p1a: Cresselia|61\/100\n|-damage|p1b: Terapagos|20\/100 par\n|move|p1b: Terapagos|Tera Starstorm|p2a: Terapagos\n|-supereffective|p2a: Terapagos\n|-damage|p2a: Terapagos|0 fnt\n|faint|p2a: Terapagos\n|\n|-end|p1a: Cresselia|move: Taunt\n|upkeep\n|\n|t:|1739913100\n|switch|p2b: Amoonguss|Amoonguss, L50, M|68\/100\n|switch|p2a: Incineroar|Incineroar, L50, F|100\/100\n|-ability|p2a: Incineroar|Intimidate|boost\n|-unboost|p1a: Cresselia|atk|1\n|-unboost|p1b: Terapagos|atk|1\n|turn|8\n|\n|t:|1739913109\n|move|p1b: Terapagos|Protect|p1b: Terapagos\n|-singleturn|p1b: Terapagos|Protect\n|move|p1a: Cresselia|Lunar Blessing|p1a: Cresselia|[spread] p1a,p1b\n|-heal|p1a: Cresselia|86\/100\n|-heal|p1b: Terapagos|45\/100 par\n|-curestatus|p1b: Terapagos|par|[msg]\n|move|p2a: Incineroar|Knock Off|p1b: Terapagos\n|-activate|p1b: Terapagos|move: Protect\n|move|p2b: Amoonguss|Pollen Puff|p1a: Cresselia\n|-supereffective|p1a: Cresselia\n|-damage|p1a: Cresselia|63\/100\n|\n|upkeep\n|turn|9\n|\n|t:|1739913119\n|move|p1a: Cresselia|Lunar Blessing|p1a: Cresselia|[spread] p1a,p1b\n|-heal|p1a: Cresselia|89\/100\n|-heal|p1b: Terapagos|69\/100\n|move|p1b: Terapagos|Calm Mind|p1b: Terapagos\n|-boost|p1b: Terapagos|spa|1\n|-boost|p1b: Terapagos|spd|1\n|move|p2a: Incineroar|Knock Off|p1a: Cresselia\n|-supereffective|p1a: Cresselia\n|-damage|p1a: Cresselia|35\/100\n|-enditem|p1a: Cresselia|Safety Goggles|[from] move: Knock Off|[of] p2a: Incineroar\n|move|p2b: Amoonguss|Pollen Puff|p1a: Cresselia\n|-supereffective|p1a: Cresselia\n|-damage|p1a: Cresselia|14\/100\n|\n|upkeep\n|turn|10\n|\n|t:|1739913130\n|move|p1a: Cresselia|Helping Hand|p1b: Terapagos\n|-singleturn|p1b: Terapagos|Helping Hand|[of] p1a: Cresselia\n|move|p1b: Terapagos|Flamethrower|p2b: Amoonguss\n|-supereffective|p2b: Amoonguss\n|-damage|p2b: Amoonguss|0 fnt\n|faint|p2b: Amoonguss\n|move|p2a: Incineroar|Knock Off|p1a: Cresselia\n|-supereffective|p1a: Cresselia\n|-damage|p1a: Cresselia|0 fnt\n|faint|p1a: Cresselia\n|\n|upkeep\n|turn|11\n|\n|t:|1739913137\n|move|p1b: Terapagos|Tera Starstorm|p2a: Incineroar\n|-damage|p2a: Incineroar|34\/100\n|move|p2a: Incineroar|Knock Off|p1b: Terapagos\n|-damage|p1b: Terapagos|49\/100\n|-enditem|p1b: Terapagos|Covert Cloak|[from] move: Knock Off|[of] p2a: Incineroar\n|\n|upkeep\n|turn|12\n|\n|t:|1739913141\n|move|p1b: Terapagos|Tera Starstorm|p2a: Incineroar\n|-damage|p2a: Incineroar|0 fnt\n|faint|p2a: Incineroar\n|\n|win|Dimonutive\n|raw|Dimonutive's rating: 1607 &rarr; <strong>1627<\/strong><br \/>(+20 for winning)\n|raw|kriemhildgretchen1's rating: 1606 &rarr; <strong>1586<\/strong><br \/>(-20 for losing)\n|c|\u2606Dimonutive|gg!\n|c|\u2606kriemhildgretchen1|ooooo\n|c|\u2606kriemhildgretchen1|ggs\n|l|\u2606Dimonutive\n|player|p1|\n|l|\u2606kriemhildgretchen1\n|player|p2|\n|l| kiabu233\n","uploadtime":1739913146,"views":17,"formatid":"gen9vgc2025regg","rating":1586,"private":0,"password":null}