{"id":"gen9vgc2025regg-2303962774","format":"[Gen 9] VGC 2025 Reg G","players":["AndyGR_02","gholdandgohome"],"log":"|j|\u2606AndyGR_02\n|j|\u2606gholdandgohome\n|t:|1739993117\n|gametype|doubles\n|player|p1|AndyGR_02|volkner|1584\n|player|p2|gholdandgohome|1|1726\n|teamsize|p1|6\n|teamsize|p2|6\n|gen|9\n|tier|[Gen 9] VGC 2025 Reg G\n|rated|\n|rule|Species Clause: Limit one of each Pok\u00e9mon\n|rule|Item Clause: Limit 1 of each item\n|clearpoke\n|poke|p1|Calyrex-Shadow, L50|\n|poke|p1|Chesnaught, L50, M|\n|poke|p1|Whimsicott, L50, F|\n|poke|p1|Ogerpon-Cornerstone, L50, F|\n|poke|p1|Urshifu-*, L50, M|\n|poke|p1|Incineroar, L50, M|\n|poke|p2|Chien-Pao, L50|\n|poke|p2|Miraidon, L50|\n|poke|p2|Whimsicott, L50, M|\n|poke|p2|Entei, L50|\n|poke|p2|Iron Hands, L50|\n|poke|p2|Iron Treads, L50|\n|teampreview|4\n|inactive|Battle timer is ON: inactive players will automatically lose when time's up. (requested by gholdandgohome)\n|inactive|AndyGR_02 has 60 seconds left.\n|\n|t:|1739993173\n|start\n|switch|p1a: Incineroar|Incineroar, L50, M, shiny|100\/100\n|switch|p1b: Urshifu|Urshifu-Rapid-Strike, L50, M|100\/100\n|switch|p2a: Entei|Entei, L50|100\/100\n|switch|p2b: Chien-Pao|Chien-Pao, L50|100\/100\n|-ability|p2b: Chien-Pao|Sword of Ruin\n|-ability|p1a: Incineroar|Intimidate|boost\n|-fail|p2a: Entei|unboost|Attack|[from] ability: Inner Focus|[of] p2a: Entei\n|-unboost|p2b: Chien-Pao|atk|1\n|turn|1\n|\n|t:|1739993198\n|-terastallize|p2a: Entei|Normal\n|move|p2a: Entei|Extreme Speed|p1b: Urshifu\n|-damage|p1b: Urshifu|16\/100\n|move|p2b: Chien-Pao|Sucker Punch|p1b: Urshifu\n|-resisted|p1b: Urshifu\n|-damage|p1b: Urshifu|1\/100\n|move|p1b: Urshifu|Surging Strikes|p2b: Chien-Pao\n|-crit|p2b: Chien-Pao\n|-damage|p2b: Chien-Pao|70\/100\n|-crit|p2b: Chien-Pao\n|-damage|p2b: Chien-Pao|39\/100\n|-crit|p2b: Chien-Pao\n|-damage|p2b: Chien-Pao|9\/100\n|-hitcount|p2b: Chien-Pao|3\n|move|p1a: Incineroar|Knock Off|p2a: Entei\n|-damage|p2a: Entei|51\/100\n|-enditem|p2a: Entei|Choice Band|[from] move: Knock Off|[of] p1a: Incineroar\n|\n|upkeep\n|turn|2\n|inactive|AndyGR_02 has 30 seconds left.\n|inactive|gholdandgohome has 30 seconds left.\n|inactive|gholdandgohome has 20 seconds left.\n|\n|t:|1739993237\n|move|p1b: Urshifu|Detect|p1b: Urshifu\n|-singleturn|p1b: Urshifu|Protect\n|move|p2b: Chien-Pao|Sacred Sword|p1a: Incineroar\n|-supereffective|p1a: Incineroar\n|-damage|p1a: Incineroar|62\/100\n|-damage|p2b: Chien-Pao|0 fnt|[from] item: Rocky Helmet|[of] p1a: Incineroar\n|faint|p2b: Chien-Pao\n|move|p2a: Entei|Stomping Tantrum|p1a: Incineroar\n|-supereffective|p1a: Incineroar\n|-damage|p1a: Incineroar|26\/100\n|-damage|p2a: Entei|35\/100|[from] item: Rocky Helmet|[of] p1a: Incineroar\n|move|p1a: Incineroar|Parting Shot|p2a: Entei\n|-unboost|p2a: Entei|atk|1\n|-unboost|p2a: Entei|spa|1\n|\n|t:|1739993257\n|switch|p1a: Calyrex|Calyrex-Shadow, L50|100\/100|[from] Parting Shot\n|-ability|p1a: Calyrex|As One\n|-ability|p1a: Calyrex|Unnerve\n|\n|upkeep\n|j| Kaicyios\n|\n|t:|1739993266\n|switch|p2b: Whimsicott|Whimsicott, L50, M|100\/100\n|turn|3\n|inactive|AndyGR_02 has 30 seconds left.\n|inactive|AndyGR_02 has 20 seconds left.\n|\n|t:|1739993303\n|switch|p1b: Incineroar|Incineroar, L50, M, shiny|26\/100\n|-ability|p1b: Incineroar|Intimidate|boost\n|-fail|p2a: Entei|unboost|Attack|[from] ability: Inner Focus|[of] p2a: Entei\n|-unboost|p2b: Whimsicott|atk|1\n|move|p2b: Whimsicott|Light Screen|p2b: Whimsicott\n|-sidestart|p2: gholdandgohome|move: Light Screen\n|move|p1a: Calyrex|Astral Barrage|p2a: Entei|[spread] p2b\n|-immune|p2a: Entei\n|-damage|p2b: Whimsicott|53\/100\n|move|p2a: Entei|Flare Blitz|p1a: Calyrex\n|-damage|p1a: Calyrex|61\/100\n|-damage|p2a: Entei|22\/100|[from] Recoil\n|\n|upkeep\n|turn|4\n|inactive|AndyGR_02 has 30 seconds left.\n|\n|t:|1739993331\n|switch|p1a: Chesnaught|Chesnaught, L50, M, shiny|100\/100\n|move|p2b: Whimsicott|Tailwind|p2b: Whimsicott\n|-sidestart|p2: gholdandgohome|move: Tailwind\n|move|p2a: Entei|Stomping Tantrum|p1b: Incineroar\n|-supereffective|p1b: Incineroar\n|-damage|p1b: Incineroar|0 fnt\n|-damage|p2a: Entei|5\/100|[from] item: Rocky Helmet|[of] p1b: Incineroar\n|faint|p1b: Incineroar\n|\n|upkeep\n|\n|t:|1739993340\n|switch|p1b: Urshifu|Urshifu-Rapid-Strike, L50, M|1\/100\n|turn|5\n|\n|t:|1739993354\n|move|p2a: Entei|Extreme Speed|p1a: Chesnaught\n|-damage|p1a: Chesnaught|82\/100\n|move|p1a: Chesnaught|Feint|p2a: Entei\n|-damage|p2a: Entei|0 fnt\n|faint|p2a: Entei\n|move|p2b: Whimsicott|Moonblast|p1a: Chesnaught\n|-supereffective|p1a: Chesnaught\n|-damage|p1a: Chesnaught|21\/100\n|move|p1b: Urshifu|Surging Strikes|p2b: Whimsicott\n|-resisted|p2b: Whimsicott\n|-crit|p2b: Whimsicott\n|-damage|p2b: Whimsicott|40\/100\n|-resisted|p2b: Whimsicott\n|-crit|p2b: Whimsicott\n|-damage|p2b: Whimsicott|27\/100\n|-resisted|p2b: Whimsicott\n|-crit|p2b: Whimsicott\n|-damage|p2b: Whimsicott|13\/100\n|-hitcount|p2b: Whimsicott|3\n|\n|-heal|p1a: Chesnaught|28\/100|[from] item: Leftovers\n|upkeep\n|\n|t:|1739993356\n|switch|p2a: Miraidon|Miraidon, L50|100\/100\n|-fieldstart|move: Electric Terrain|[from] ability: Hadron Engine|[of] p2a: Miraidon\n|turn|6\n|\n|t:|1739993378\n|move|p1a: Chesnaught|Wide Guard|p1a: Chesnaught\n|-singleturn|p1a: Chesnaught|Wide Guard\n|move|p2b: Whimsicott|Encore|p1b: Urshifu\n|-start|p1b: Urshifu|Encore\n|move|p1b: Urshifu|Surging Strikes|p2a: Miraidon\n|-resisted|p2a: Miraidon\n|-crit|p2a: Miraidon\n|-damage|p2a: Miraidon|88\/100\n|-resisted|p2a: Miraidon\n|-crit|p2a: Miraidon\n|-damage|p2a: Miraidon|77\/100\n|-resisted|p2a: Miraidon\n|-crit|p2a: Miraidon\n|-damage|p2a: Miraidon|65\/100\n|-hitcount|p2a: Miraidon|3\n|move|p2a: Miraidon|Dazzling Gleam|p1b: Urshifu|[spread] \n|-activate|p1a: Chesnaught|move: Wide Guard\n|-activate|p1b: Urshifu|move: Wide Guard\n|\n|-heal|p1a: Chesnaught|34\/100|[from] item: Leftovers\n|upkeep\n|turn|7\n|inactive|AndyGR_02 has 30 seconds left.\n|\n|t:|1739993409\n|-terastallize|p1a: Chesnaught|Water\n|move|p1a: Chesnaught|Wide Guard|p1a: Chesnaught\n|-singleturn|p1a: Chesnaught|Wide Guard\n|move|p2a: Miraidon|Dazzling Gleam|p1a: Chesnaught|[spread] \n|-activate|p1a: Chesnaught|move: Wide Guard\n|-activate|p1b: Urshifu|move: Wide Guard\n|move|p2b: Whimsicott|Moonblast|p1a: Chesnaught\n|-damage|p1a: Chesnaught|5\/100\n|move|p1b: Urshifu|Surging Strikes|p2b: Whimsicott\n|-resisted|p2b: Whimsicott\n|-crit|p2b: Whimsicott\n|-damage|p2b: Whimsicott|0 fnt\n|faint|p2b: Whimsicott\n|-hitcount|p2: Whimsicott|1\n|\n|-heal|p1a: Chesnaught|11\/100|[from] item: Leftovers\n|-sideend|p2: gholdandgohome|move: Light Screen\n|-sideend|p2: gholdandgohome|move: Tailwind\n|upkeep\n|turn|8\n|-message|gholdandgohome forfeited.\n|\n|win|AndyGR_02\n|raw|AndyGR_02's rating: 1584 &rarr; <strong>1612<\/strong><br \/>(+28 for winning)\n|raw|gholdandgohome's rating: 1726 &rarr; <strong>1698<\/strong><br \/>(-28 for losing)\n|l|\u2606gholdandgohome\n|player|p2|\n|l|\u2606AndyGR_02\n|player|p1|\n|l| Kaicyios\n","uploadtime":1739993622,"views":7,"formatid":"gen9vgc2025regg","rating":1612,"private":0,"password":null}