{"id":"gen9vgc2025regg-2303292568","format":"[Gen 9] VGC 2025 Reg G","players":["SamP_64","OUWW stealthrock"],"log":"|j|\u2606SamP_64\n|j|\u2606OUWW stealthrock\n|t:|1739906415\n|gametype|doubles\n|player|p1|SamP_64|cyrus|1698\n|player|p2|OUWW stealthrock|266|1582\n|teamsize|p1|6\n|teamsize|p2|6\n|gen|9\n|tier|[Gen 9] VGC 2025 Reg G\n|rated|\n|rule|Species Clause: Limit one of each Pok\u00e9mon\n|rule|Item Clause: Limit 1 of each item\n|clearpoke\n|poke|p1|Incineroar, L50, M|\n|poke|p1|Rillaboom, L50, F|\n|poke|p1|Flutter Mane, L50|\n|poke|p1|Urshifu-*, L50, F|\n|poke|p1|Terapagos, L50, M|\n|poke|p1|Amoonguss, L50, M|\n|poke|p2|Miraidon, L50|\n|poke|p2|Ursaluna, L50, F|\n|poke|p2|Farigiraf, L50, F|\n|poke|p2|Incineroar, L50, M|\n|poke|p2|Wo-Chien, L50|\n|poke|p2|Iron Bundle, L50|\n|teampreview|4\n|inactive|Battle timer is ON: inactive players will automatically lose when time's up. (requested by OUWW stealthrock)\n|inactive|SamP_64 also wants the timer to be on.\n|inactive|SamP_64 has 60 seconds left.\n|inactive|OUWW stealthrock has 60 seconds left.\n|\n|t:|1739906458\n|start\n|switch|p1a: Rillaboom|Rillaboom, L50, F|100\/100\n|switch|p1b: Terapagos|Terapagos, L50, M|100\/100\n|switch|p2a: Miraidon|Miraidon, L50|100\/100\n|switch|p2b: Iron Bundle|Iron Bundle, L50|100\/100\n|-activate|p1b: Terapagos|ability: Tera Shift\n|detailschange|p1b: Terapagos|Terapagos-Terastal, L50, M\n|-heal|p1b: Terapagos|100\/100|[silent]\n|-fieldstart|move: Electric Terrain|[from] ability: Hadron Engine|[of] p2a: Miraidon\n|-activate|p2b: Iron Bundle|ability: Quark Drive\n|-start|p2b: Iron Bundle|quarkdrivespe\n|-fieldstart|move: Grassy Terrain|[from] ability: Grassy Surge|[of] p1a: Rillaboom\n|-end|p2b: Iron Bundle|Quark Drive\n|turn|1\n|\n|t:|1739906479\n|move|p1a: Rillaboom|Fake Out|p2a: Miraidon\n|-damage|p2a: Miraidon|88\/100\n|move|p2b: Iron Bundle|Ice Beam|p1a: Rillaboom\n|-supereffective|p1a: Rillaboom\n|-damage|p1a: Rillaboom|30\/100\n|move|p2a: Miraidon|Calm Mind|p2a: Miraidon\n|-boost|p2a: Miraidon|spa|1\n|-boost|p2a: Miraidon|spd|1\n|move|p1b: Terapagos|Calm Mind|p1b: Terapagos\n|-boost|p1b: Terapagos|spa|1\n|-boost|p1b: Terapagos|spd|1\n|\n|-heal|p2a: Miraidon|94\/100|[from] Grassy Terrain\n|-heal|p1a: Rillaboom|36\/100|[from] Grassy Terrain\n|upkeep\n|turn|2\n|j| Rareasfukk\n|inactive|SamP_64 has 30 seconds left.\n|\n|t:|1739906511\n|switch|p1a: Incineroar|Incineroar, L50, M|100\/100\n|-ability|p1a: Incineroar|Intimidate|boost\n|-unboost|p2a: Miraidon|atk|1\n|-unboost|p2b: Iron Bundle|atk|1\n|move|p2b: Iron Bundle|Icy Wind|p1a: Incineroar|[spread] p1a,p1b\n|-resisted|p1a: Incineroar\n|-activate|p1b: Terapagos|ability: Tera Shell\n|-resisted|p1b: Terapagos\n|-damage|p1a: Incineroar|93\/100\n|-damage|p1b: Terapagos|95\/100\n|-unboost|p1a: Incineroar|spe|1\n|-unboost|p1b: Terapagos|spe|1\n|move|p2a: Miraidon|Calm Mind|p2a: Miraidon\n|-boost|p2a: Miraidon|spa|1\n|-boost|p2a: Miraidon|spd|1\n|move|p1b: Terapagos|Calm Mind|p1b: Terapagos\n|-boost|p1b: Terapagos|spa|1\n|-boost|p1b: Terapagos|spd|1\n|\n|-heal|p2a: Miraidon|99\/100|[from] Grassy Terrain\n|-heal|p1b: Terapagos|100\/100|[from] Grassy Terrain\n|-heal|p1a: Incineroar|99\/100|[from] Grassy Terrain\n|upkeep\n|turn|3\n|\n|t:|1739906533\n|-end|p2b: Iron Bundle|Quark Drive|[silent]\n|switch|p2b: Wo-Chien|Wo-Chien, L50|100\/100\n|-ability|p2b: Wo-Chien|Tablets of Ruin\n|move|p2a: Miraidon|Dragon Pulse|p1b: Terapagos\n|-activate|p1b: Terapagos|ability: Tera Shell\n|-resisted|p1b: Terapagos\n|-damage|p1b: Terapagos|82\/100\n|move|p1b: Terapagos|Tera Starstorm|p2b: Wo-Chien\n|-damage|p2b: Wo-Chien|48\/100\n|move|p1a: Incineroar|Knock Off|p2a: Miraidon\n|-damage|p2a: Miraidon|74\/100\n|-enditem|p2a: Miraidon|Covert Cloak|[from] move: Knock Off|[of] p1a: Incineroar\n|\n|-heal|p2a: Miraidon|79\/100|[from] Grassy Terrain\n|-heal|p2b: Wo-Chien|55\/100|[from] Grassy Terrain\n|-heal|p1b: Terapagos|87\/100|[from] Grassy Terrain\n|-heal|p1b: Terapagos|93\/100|[from] item: Leftovers\n|-heal|p1a: Incineroar|100\/100|[from] Grassy Terrain\n|upkeep\n|turn|4\n|inactive|SamP_64 has 30 seconds left.\n|\n|t:|1739906560\n|switch|p1b: Rillaboom|Rillaboom, L50, F|36\/100\n|move|p2a: Miraidon|Calm Mind|p2a: Miraidon\n|-boost|p2a: Miraidon|spa|1\n|-boost|p2a: Miraidon|spd|1\n|move|p2b: Wo-Chien|Knock Off|p1b: Rillaboom\n|-crit|p1b: Rillaboom\n|-damage|p1b: Rillaboom|0 fnt\n|-enditem|p1b: Rillaboom|Assault Vest|[from] move: Knock Off|[of] p2b: Wo-Chien\n|faint|p1b: Rillaboom\n|move|p1a: Incineroar|Parting Shot|p2a: Miraidon\n|-unboost|p2a: Miraidon|atk|1\n|-unboost|p2a: Miraidon|spa|1\n|\n|t:|1739906573\n|switch|p1a: Flutter Mane|Flutter Mane, L50|100\/100|[from] Parting Shot\n|-enditem|p1a: Flutter Mane|Booster Energy\n|-activate|p1a: Flutter Mane|ability: Protosynthesis|[fromitem]\n|-start|p1a: Flutter Mane|protosynthesisspe\n|\n|-heal|p2a: Miraidon|85\/100|[from] Grassy Terrain\n|-heal|p2b: Wo-Chien|61\/100|[from] Grassy Terrain\n|upkeep\n|\n|t:|1739906583\n|switch|p1b: Terapagos|Terapagos-Terastal, L50, M|93\/100\n|turn|5\n|\n|t:|1739906601\n|move|p1a: Flutter Mane|Icy Wind|p2a: Miraidon|[spread] p2a,p2b\n|-supereffective|p2a: Miraidon\n|-supereffective|p2b: Wo-Chien\n|-damage|p2a: Miraidon|76\/100\n|-damage|p2b: Wo-Chien|49\/100\n|-unboost|p2a: Miraidon|spe|1\n|-unboost|p2b: Wo-Chien|spe|1\n|move|p2a: Miraidon|Parabolic Charge|p1b: Terapagos|[spread] p2b,p1a,p1b\n|-resisted|p2b: Wo-Chien\n|-damage|p2b: Wo-Chien|38\/100\n|-heal|p2a: Miraidon|82\/100|[from] drain|[of] p2b: Wo-Chien\n|-damage|p1a: Flutter Mane|55\/100\n|-heal|p2a: Miraidon|99\/100|[from] drain|[of] p1a: Flutter Mane\n|-damage|p1b: Terapagos|53\/100\n|-heal|p2a: Miraidon|100\/100|[from] drain|[of] p1b: Terapagos\n|move|p1b: Terapagos|Calm Mind|p1b: Terapagos\n|-boost|p1b: Terapagos|spa|1\n|-boost|p1b: Terapagos|spd|1\n|move|p2b: Wo-Chien|Knock Off|p1a: Flutter Mane\n|-damage|p1a: Flutter Mane|28\/100\n|\n|-heal|p1a: Flutter Mane|34\/100|[from] Grassy Terrain\n|-heal|p1b: Terapagos|59\/100|[from] Grassy Terrain\n|-heal|p1b: Terapagos|65\/100|[from] item: Leftovers\n|-heal|p2b: Wo-Chien|44\/100|[from] Grassy Terrain\n|-fieldend|move: Grassy Terrain\n|upkeep\n|turn|6\n|inactive|SamP_64 has 30 seconds left.\n|\n|t:|1739906627\n|move|p1a: Flutter Mane|Icy Wind|p2b: Wo-Chien|[spread] p2a,p2b\n|-supereffective|p2a: Miraidon\n|-supereffective|p2b: Wo-Chien\n|-damage|p2a: Miraidon|91\/100\n|-damage|p2b: Wo-Chien|31\/100\n|-unboost|p2a: Miraidon|spe|1\n|-unboost|p2b: Wo-Chien|spe|1\n|move|p1b: Terapagos|Tera Starstorm|p2b: Wo-Chien\n|-damage|p2b: Wo-Chien|0 fnt\n|faint|p2b: Wo-Chien\n|move|p2a: Miraidon|Calm Mind|p2a: Miraidon\n|-boost|p2a: Miraidon|spa|1\n|-boost|p2a: Miraidon|spd|1\n|\n|-heal|p1b: Terapagos|71\/100|[from] item: Leftovers\n|upkeep\n|\n|t:|1739906637\n|switch|p2b: Incineroar|Incineroar, L50, M|100\/100\n|-ability|p2b: Incineroar|Intimidate|boost\n|-unboost|p1a: Flutter Mane|atk|1\n|-unboost|p1b: Terapagos|atk|1\n|turn|7\n|\n|t:|1739906654\n|move|p1a: Flutter Mane|Moonblast|p2a: Miraidon\n|-supereffective|p2a: Miraidon\n|-damage|p2a: Miraidon|66\/100\n|move|p1b: Terapagos|Calm Mind|p1b: Terapagos\n|-boost|p1b: Terapagos|spa|1\n|-boost|p1b: Terapagos|spd|1\n|move|p2a: Miraidon|Calm Mind|p2a: Miraidon\n|-boost|p2a: Miraidon|spa|1\n|-boost|p2a: Miraidon|spd|1\n|move|p2b: Incineroar|Flare Blitz|p1a: Flutter Mane\n|-damage|p1a: Flutter Mane|0 fnt\n|faint|p1a: Flutter Mane\n|-end|p1a: Flutter Mane|Protosynthesis|[silent]\n|-damage|p2b: Incineroar|93\/100|[from] Recoil\n|\n|-heal|p1b: Terapagos|76\/100|[from] item: Leftovers\n|upkeep\n|\n|t:|1739906665\n|switch|p1a: Incineroar|Incineroar, L50, M|100\/100\n|-ability|p1a: Incineroar|Intimidate|boost\n|-unboost|p2a: Miraidon|atk|1\n|-unboost|p2b: Incineroar|atk|1\n|turn|8\n|\n|t:|1739906672\n|move|p2a: Miraidon|Protect|p2a: Miraidon\n|-singleturn|p2a: Miraidon|Protect\n|move|p1a: Incineroar|Fake Out|p2a: Miraidon\n|-activate|p2a: Miraidon|move: Protect\n|move|p1b: Terapagos|Calm Mind|p1b: Terapagos\n|-boost|p1b: Terapagos|spa|1\n|-boost|p1b: Terapagos|spd|1\n|move|p2b: Incineroar|Parting Shot|p1b: Terapagos\n|-unboost|p1b: Terapagos|atk|1\n|-unboost|p1b: Terapagos|spa|1\n|\n|t:|1739906680\n|switch|p2b: Iron Bundle|Iron Bundle, L50|100\/100|[from] Parting Shot\n|\n|-heal|p1b: Terapagos|82\/100|[from] item: Leftovers\n|upkeep\n|turn|9\n|\n|t:|1739906696\n|-terastallize|p1b: Terapagos|Stellar\n|detailschange|p1b: Terapagos|Terapagos-Stellar, L50, M, tera:Stellar\n|-heal|p1b: Terapagos|87\/100|[silent]\n|move|p2b: Iron Bundle|Icy Wind|p1a: Incineroar|[spread] p1a,p1b\n|-resisted|p1a: Incineroar\n|-damage|p1a: Incineroar|93\/100\n|-damage|p1b: Terapagos|81\/100\n|-unboost|p1a: Incineroar|spe|1\n|-unboost|p1b: Terapagos|spe|1\n|move|p2a: Miraidon|Dragon Pulse|p1b: Terapagos\n|-damage|p1b: Terapagos|47\/100\n|move|p1b: Terapagos|Tera Starstorm|p2b: Iron Bundle|[spread] p2a,p2b\n|-damage|p2a: Miraidon|46\/100\n|-enditem|p2b: Iron Bundle|Focus Sash\n|-damage|p2b: Iron Bundle|1\/100\n|move|p1a: Incineroar|Knock Off|p2a: Miraidon\n|-damage|p2a: Miraidon|20\/100\n|\n|-heal|p1b: Terapagos|53\/100|[from] item: Leftovers\n|upkeep\n|turn|10\n|inactive|SamP_64 has 30 seconds left.\n|\n|t:|1739906727\n|move|p2b: Iron Bundle|Protect|p2b: Iron Bundle\n|-singleturn|p2b: Iron Bundle|Protect\n|move|p2a: Miraidon|Parabolic Charge|p1b: Terapagos|[spread] p1a,p1b\n|-activate|p2b: Iron Bundle|move: Protect\n|-damage|p1a: Incineroar|44\/100\n|-heal|p2a: Miraidon|47\/100|[from] drain|[of] p1a: Incineroar\n|-damage|p1b: Terapagos|34\/100\n|-heal|p2a: Miraidon|60\/100|[from] drain|[of] p1b: Terapagos\n|move|p1b: Terapagos|Tera Starstorm|p2a: Miraidon|[spread] p2a\n|-activate|p2b: Iron Bundle|move: Protect\n|-damage|p2a: Miraidon|42\/100\n|move|p1a: Incineroar|Knock Off|p2b: Iron Bundle\n|-activate|p2b: Iron Bundle|move: Protect\n|\n|-heal|p1b: Terapagos|40\/100|[from] item: Leftovers\n|upkeep\n|turn|11\n|\n|t:|1739906746\n|move|p2b: Iron Bundle|Icy Wind|p1a: Incineroar|[spread] p1a,p1b\n|-resisted|p1a: Incineroar\n|-damage|p1a: Incineroar|35\/100\n|-damage|p1b: Terapagos|34\/100\n|-unboost|p1a: Incineroar|spe|1\n|-unboost|p1b: Terapagos|spe|1\n|move|p2a: Miraidon|Parabolic Charge|p1b: Terapagos|[spread] p2b,p1a,p1b\n|-supereffective|p2b: Iron Bundle\n|-damage|p2b: Iron Bundle|0 fnt\n|-heal|p2a: Miraidon|42\/100|[from] drain|[of] p2b: Iron Bundle\n|-damage|p1a: Incineroar|0 fnt\n|-heal|p2a: Miraidon|60\/100|[from] drain|[of] p1a: Incineroar\n|-damage|p1b: Terapagos|16\/100\n|-heal|p2a: Miraidon|73\/100|[from] drain|[of] p1b: Terapagos\n|faint|p2b: Iron Bundle\n|-end|p2b: Iron Bundle|Quark Drive|[silent]\n|faint|p1a: Incineroar\n|move|p1b: Terapagos|Tera Starstorm|p2a: Miraidon\n|-damage|p2a: Miraidon|47\/100\n|\n|-heal|p1b: Terapagos|22\/100|[from] item: Leftovers\n|upkeep\n|\n|t:|1739906749\n|switch|p2b: Incineroar|Incineroar, L50, M|93\/100\n|-ability|p2b: Incineroar|Intimidate|boost\n|-unboost|p1b: Terapagos|atk|1\n|turn|12\n|l| Rareasfukk\n|\n|t:|1739906765\n|move|p1b: Terapagos|Protect|p1b: Terapagos\n|-singleturn|p1b: Terapagos|Protect\n|move|p2b: Incineroar|Fake Out|p1b: Terapagos\n|-activate|p1b: Terapagos|move: Protect\n|move|p2a: Miraidon|Dragon Pulse|p1b: Terapagos\n|-activate|p1b: Terapagos|move: Protect\n|\n|-heal|p1b: Terapagos|28\/100|[from] item: Leftovers\n|upkeep\n|turn|13\n|\n|t:|1739906777\n|move|p2a: Miraidon|Dragon Pulse|p1b: Terapagos\n|-damage|p1b: Terapagos|0 fnt\n|faint|p1b: Terapagos\n|\n|win|OUWW stealthrock\n|raw|SamP_64's rating: 1698 &rarr; <strong>1672<\/strong><br \/>(-26 for losing)\n|raw|OUWW stealthrock's rating: 1582 &rarr; <strong>1608<\/strong><br \/>(+26 for winning)\n|l|\u2606SamP_64\n|player|p1|\n|l|\u2606OUWW stealthrock\n|player|p2|\n","uploadtime":1739907018,"views":10,"formatid":"gen9vgc2025regg","rating":1608,"private":0,"password":null}