{"id":"gen9vgc2025regg-2303267859","format":"[Gen 9] VGC 2025 Reg G","players":["Zakmancho","gustavonmoreno"],"log":"|j|\u2606Zakmancho\n|j|\u2606gustavonmoreno\n|t:|1739904039\n|gametype|doubles\n|player|p1|Zakmancho|101|1610\n|player|p2|gustavonmoreno|hiker-gen4|1522\n|teamsize|p1|6\n|teamsize|p2|6\n|gen|9\n|tier|[Gen 9] VGC 2025 Reg G\n|rated|\n|rule|Species Clause: Limit one of each Pok\u00e9mon\n|rule|Item Clause: Limit 1 of each item\n|clearpoke\n|poke|p1|Koraidon, L50|\n|poke|p1|Chi-Yu, L50|\n|poke|p1|Flutter Mane, L50|\n|poke|p1|Ogerpon-Cornerstone, L50, F|\n|poke|p1|Raging Bolt, L50|\n|poke|p1|Whimsicott, L50, F|\n|poke|p2|Calyrex-Shadow, L50|\n|poke|p2|Weezing-Galar, L50, F|\n|poke|p2|Dondozo, L50, M|\n|poke|p2|Tatsugiri-Droopy, L50, F|\n|poke|p2|Urshifu-*, L50, M|\n|poke|p2|Indeedee-F, L50, F|\n|teampreview|4\n|inactive|Battle timer is ON: inactive players will automatically lose when time's up. (requested by Zakmancho)\n|inactive|Zakmancho has 60 seconds left.\n|inactive|gustavonmoreno has 60 seconds left.\n|\n|t:|1739904077\n|start\n|switch|p1a: Whimsicott|Whimsicott, L50, F|100\/100\n|switch|p1b: Chi-Yu|Chi-Yu, L50|100\/100\n|switch|p2a: Weezing|Weezing-Galar, L50, F|100\/100\n|switch|p2b: Calyrex|Calyrex-Shadow, L50|100\/100\n|-ability|p2a: Weezing|Neutralizing Gas\n|-ability|p2b: Calyrex|As One\n|-ability|p2b: Calyrex|Unnerve\n|turn|1\n|\n|t:|1739904089\n|move|p2b: Calyrex|Protect|p2b: Calyrex\n|-singleturn|p2b: Calyrex|Protect\n|move|p1b: Chi-Yu|Snarl|p2a: Weezing|[spread] p2a\n|-activate|p2b: Calyrex|move: Protect\n|-resisted|p2a: Weezing\n|-damage|p2a: Weezing|88\/100\n|-unboost|p2a: Weezing|spa|1\n|move|p1a: Whimsicott|Tailwind|p1a: Whimsicott\n|-sidestart|p1: Zakmancho|move: Tailwind\n|move|p2a: Weezing|Poison Gas|p1a: Whimsicott|[spread] p1a,p1b\n|-status|p1a: Whimsicott|psn\n|-status|p1b: Chi-Yu|psn\n|\n|-damage|p1b: Chi-Yu|88\/100 psn|[from] psn\n|-damage|p1a: Whimsicott|89\/100 psn|[from] psn\n|upkeep\n|turn|2\n|\n|t:|1739904112\n|-terastallize|p2b: Calyrex|Normal\n|move|p1b: Chi-Yu|Snarl|p2a: Weezing|[spread] p2a,p2b\n|-resisted|p2a: Weezing\n|-damage|p2a: Weezing|76\/100\n|-damage|p2b: Calyrex|80\/100\n|-unboost|p2a: Weezing|spa|1\n|-unboost|p2b: Calyrex|spa|1\n|move|p1a: Whimsicott|Encore|p2b: Calyrex\n|-start|p2b: Calyrex|Encore\n|move|p2b: Calyrex|Protect|p2b: Calyrex\n|-singleturn|p2b: Calyrex|Protect\n|move|p2a: Weezing|Toxic Spikes|p1b: Chi-Yu\n|-sidestart|p1: Zakmancho|move: Toxic Spikes\n|\n|-damage|p1b: Chi-Yu|76\/100 psn|[from] psn\n|-damage|p1a: Whimsicott|77\/100 psn|[from] psn\n|upkeep\n|turn|3\n|\n|t:|1739904134\n|switch|p2b: Dondozo|Dondozo, L50, M, shiny|100\/100\n|move|p1b: Chi-Yu|Snarl|p2a: Weezing|[spread] p2a,p2b\n|-resisted|p2a: Weezing\n|-crit|p2b: Dondozo\n|-damage|p2a: Weezing|64\/100\n|-damage|p2b: Dondozo|73\/100\n|-unboost|p2a: Weezing|spa|1\n|-unboost|p2b: Dondozo|spa|1\n|move|p1a: Whimsicott|Moonblast|p2b: Dondozo\n|-damage|p2b: Dondozo|46\/100\n|move|p2a: Weezing|Dazzling Gleam|p1a: Whimsicott|[spread] p1a,p1b\n|-damage|p1a: Whimsicott|63\/100 psn\n|-damage|p1b: Chi-Yu|69\/100 psn\n|\n|-heal|p2b: Dondozo|52\/100|[from] item: Leftovers\n|-damage|p1b: Chi-Yu|57\/100 psn|[from] psn\n|-damage|p1a: Whimsicott|52\/100 psn|[from] psn\n|upkeep\n|turn|4\n|inactive|gustavonmoreno has 30 seconds left.\n|\n|t:|1739904160\n|-end|p2a: Weezing|ability: Neutralizing Gas\n|-ability|p1b: Chi-Yu|Beads of Ruin\n|switch|p2a: Tatsugiri|Tatsugiri-Droopy, L50, F, shiny|100\/100\n|-activate|p2a: Tatsugiri|ability: Commander|[of] p2b: Dondozo\n|-boost|p2b: Dondozo|atk|2\n|-boost|p2b: Dondozo|spa|2\n|-boost|p2b: Dondozo|spe|2\n|-boost|p2b: Dondozo|def|2\n|-boost|p2b: Dondozo|spd|2\n|move|p1b: Chi-Yu|Snarl|p2a: Tatsugiri|[spread] p2b\n|-miss|p1b: Chi-Yu|p2a: Tatsugiri\n|-damage|p2b: Dondozo|39\/100\n|-unboost|p2b: Dondozo|spa|1\n|move|p1a: Whimsicott|Moonblast|p2b: Dondozo\n|-damage|p2b: Dondozo|19\/100\n|-unboost|p2b: Dondozo|spa|1\n|move|p2b: Dondozo|Earthquake|p1a: Whimsicott|[spread] p1a,p1b\n|-miss|p2b: Dondozo|p2a: Tatsugiri\n|-resisted|p1a: Whimsicott\n|-supereffective|p1b: Chi-Yu\n|-damage|p1a: Whimsicott|25\/100 psn\n|-damage|p1b: Chi-Yu|0 fnt\n|faint|p1b: Chi-Yu\n|\n|-heal|p2b: Dondozo|25\/100|[from] item: Leftovers\n|-damage|p1a: Whimsicott|13\/100 psn|[from] psn\n|-sideend|p1: Zakmancho|move: Tailwind\n|upkeep\n|inactive|Zakmancho has 30 seconds left.\n|\n|t:|1739904190\n|switch|p1b: Koraidon|Koraidon, L50|100\/100\n|-status|p1b: Koraidon|psn\n|-weather|SunnyDay|[from] ability: Orichalcum Pulse|[of] p1b: Koraidon\n|-activate|p1b: Koraidon|Orichalcum Pulse|[source]\n|turn|5\n|\n|t:|1739904200\n|move|p1a: Whimsicott|Tailwind|p1a: Whimsicott\n|-sidestart|p1: Zakmancho|move: Tailwind\n|move|p1b: Koraidon|Collision Course|p2b: Dondozo\n|-damage|p2b: Dondozo|5\/100\n|move|p2b: Dondozo|Earthquake|p1b: Koraidon|[spread] p1a,p1b\n|-miss|p2b: Dondozo|p2a: Tatsugiri\n|-resisted|p1a: Whimsicott\n|-damage|p1a: Whimsicott|0 fnt\n|-damage|p1b: Koraidon|71\/100 psn\n|faint|p1a: Whimsicott\n|\n|-weather|SunnyDay|[upkeep]\n|-heal|p2b: Dondozo|11\/100|[from] item: Leftovers\n|-damage|p1b: Koraidon|59\/100 psn|[from] psn\n|upkeep\n|j| wegovrooooom\n|\n|t:|1739904207\n|switch|p1a: Raging Bolt|Raging Bolt, L50|100\/100\n|-status|p1a: Raging Bolt|psn\n|-activate|p1a: Raging Bolt|ability: Protosynthesis\n|-start|p1a: Raging Bolt|protosynthesisspa\n|turn|6\n|\n|t:|1739904219\n|move|p2b: Dondozo|Protect|p2b: Dondozo\n|-singleturn|p2b: Dondozo|Protect\n|move|p1b: Koraidon|Collision Course|p2b: Dondozo\n|-activate|p2b: Dondozo|move: Protect\n|move|p1a: Raging Bolt|Thunderbolt|p2b: Dondozo\n|-activate|p2b: Dondozo|move: Protect\n|\n|-weather|SunnyDay|[upkeep]\n|-heal|p2b: Dondozo|18\/100|[from] item: Leftovers\n|-damage|p1b: Koraidon|47\/100 psn|[from] psn\n|-damage|p1a: Raging Bolt|88\/100 psn|[from] psn\n|upkeep\n|turn|7\n|\n|t:|1739904235\n|move|p1b: Koraidon|Collision Course|p2b: Dondozo\n|-damage|p2b: Dondozo|0 fnt\n|faint|p2b: Dondozo\n|move|p1a: Raging Bolt|Draco Meteor|p2a: Tatsugiri\n|-supereffective|p2a: Tatsugiri\n|-enditem|p2a: Tatsugiri|Focus Sash\n|-damage|p2a: Tatsugiri|1\/100\n|-unboost|p1a: Raging Bolt|spa|2\n|\n|-weather|SunnyDay|[upkeep]\n|-damage|p1b: Koraidon|35\/100 psn|[from] psn\n|-damage|p1a: Raging Bolt|76\/100 psn|[from] psn\n|upkeep\n|\n|t:|1739904246\n|switch|p2b: Calyrex|Calyrex-Shadow, L50, tera:Normal|80\/100\n|-ability|p2b: Calyrex|As One\n|-ability|p2b: Calyrex|Unnerve\n|turn|8\n|j| SeaXxX\n|inactive|Zakmancho has 30 seconds left.\n|\n|t:|1739904273\n|move|p2b: Calyrex|Protect|p2b: Calyrex\n|-singleturn|p2b: Calyrex|Protect\n|move|p2a: Tatsugiri|Protect|p2a: Tatsugiri\n|-singleturn|p2a: Tatsugiri|Protect\n|move|p1b: Koraidon|Flame Charge|p2a: Tatsugiri\n|-activate|p2a: Tatsugiri|move: Protect\n|move|p1a: Raging Bolt|Thunderbolt|p2b: Calyrex\n|-activate|p2b: Calyrex|move: Protect\n|\n|-weather|SunnyDay|[upkeep]\n|-damage|p1b: Koraidon|23\/100 psn|[from] psn\n|-damage|p1a: Raging Bolt|64\/100 psn|[from] psn\n|-sideend|p1: Zakmancho|move: Tailwind\n|upkeep\n|turn|9\n|\n|t:|1739904294\n|-terastallize|p1a: Raging Bolt|Fairy\n|move|p1a: Raging Bolt|Thunderclap|p2b: Calyrex\n|-damage|p2b: Calyrex|54\/100\n|move|p2b: Calyrex|Astral Barrage|p1a: Raging Bolt|[spread] p1a,p1b\n|-damage|p1a: Raging Bolt|26\/100 psn\n|-damage|p1b: Koraidon|0 fnt\n|faint|p1b: Koraidon\n|-ability|p2b: Calyrex|Grim Neigh|boost\n|-boost|p2b: Calyrex|spa|1\n|-damage|p2b: Calyrex|44\/100|[from] item: Life Orb\n|move|p2a: Tatsugiri|Muddy Water|p1a: Raging Bolt\n|-damage|p1a: Raging Bolt|14\/100 psn\n|\n|-weather|none\n|-end|p1a: Raging Bolt|Protosynthesis\n|-damage|p1a: Raging Bolt|2\/100 psn|[from] psn\n|upkeep\n|turn|10\n|-message|Zakmancho forfeited.\n|\n|win|gustavonmoreno\n|raw|Zakmancho's rating: 1610 &rarr; <strong>1585<\/strong><br \/>(-25 for losing)\n|raw|gustavonmoreno's rating: 1522 &rarr; <strong>1547<\/strong><br \/>(+25 for winning)\n|l|\u2606Zakmancho\n|player|p1|\n|l| wegovrooooom\n|l|\u2606gustavonmoreno\n|player|p2|\n|l| SeaXxX\n","uploadtime":1739904525,"views":11,"formatid":"gen9vgc2025regg","rating":1547,"private":0,"password":null}