{"id":"gen9vgc2025regg-2303516817","format":"[Gen 9] VGC 2025 Reg G","players":["avaddovyt","Tempest brute"],"log":"|j|\u2606avaddovyt\n|j|\u2606Tempest brute\n|t:|1739931771\n|gametype|doubles\n|player|p1|avaddovyt|102|1561\n|player|p2|Tempest brute|1|1551\n|teamsize|p1|6\n|teamsize|p2|6\n|gen|9\n|tier|[Gen 9] VGC 2025 Reg G\n|rated|\n|rule|Species Clause: Limit one of each Pok\u00e9mon\n|rule|Item Clause: Limit 1 of each item\n|clearpoke\n|poke|p1|Miraidon, L50|\n|poke|p1|Whimsicott, L50, F|\n|poke|p1|Urshifu-*, L50, F|\n|poke|p1|Ogerpon-Hearthflame, L50, F|\n|poke|p1|Iron Hands, L50|\n|poke|p1|Farigiraf, L50, M|\n|poke|p2|Terapagos, L50, M|\n|poke|p2|Iron Leaves, L50|\n|poke|p2|Iron Hands, L50|\n|poke|p2|Moltres, L50|\n|poke|p2|Roaring Moon, L50|\n|poke|p2|Magikarp, L50, F|\n|teampreview|4\n|c|\u2606avaddovyt|..... Do I even wanna know?\n|\n|t:|1739931821\n|start\n|switch|p1a: Whimsicott|Whimsicott, L50, F|100\/100\n|switch|p1b: Urshifu|Urshifu-Rapid-Strike, L50, F|100\/100\n|switch|p2a: Iron Leaves|Iron Leaves, L50|100\/100\n|switch|p2b: Iron Hands|Iron Hands, L50|100\/100\n|-enditem|p2a: Iron Leaves|Booster Energy\n|-activate|p2a: Iron Leaves|ability: Quark Drive|[fromitem]\n|-start|p2a: Iron Leaves|quarkdrivespe\n|turn|1\n|\n|t:|1739931842\n|move|p1b: Urshifu|Detect|p1b: Urshifu\n|-singleturn|p1b: Urshifu|Protect\n|move|p1a: Whimsicott|Light Screen|p1a: Whimsicott\n|-sidestart|p1: avaddovyt|move: Light Screen\n|move|p2a: Iron Leaves|Psyblade|p1b: Urshifu\n|-activate|p1b: Urshifu|move: Protect\n|move|p2b: Iron Hands|Low Kick|p1b: Urshifu\n|-activate|p1b: Urshifu|move: Protect\n|\n|upkeep\n|turn|2\n|\n|t:|1739931860\n|move|p1a: Whimsicott|Tailwind|p1a: Whimsicott\n|-sidestart|p1: avaddovyt|move: Tailwind\n|move|p1b: Urshifu|Surging Strikes|p2b: Iron Hands\n|-crit|p2b: Iron Hands\n|-damage|p2b: Iron Hands|85\/100\n|-crit|p2b: Iron Hands\n|-damage|p2b: Iron Hands|68\/100\n|-crit|p2b: Iron Hands\n|-damage|p2b: Iron Hands|52\/100\n|-hitcount|p2b: Iron Hands|3\n|move|p2a: Iron Leaves|Leaf Blade|p1b: Urshifu\n|-supereffective|p1b: Urshifu\n|-damage|p1b: Urshifu|37\/100\n|move|p2b: Iron Hands|Wild Charge|p1b: Urshifu\n|-supereffective|p1b: Urshifu\n|-damage|p1b: Urshifu|0 fnt\n|faint|p1b: Urshifu\n|-damage|p2b: Iron Hands|45\/100|[from] Recoil\n|\n|upkeep\n|\n|t:|1739931883\n|switch|p1b: Iron Hands|Iron Hands, L50|100\/100\n|turn|3\n|\n|t:|1739931905\n|-end|p2b: Iron Hands|Quark Drive|[silent]\n|switch|p2b: Terapagos|Terapagos, L50, M|100\/100\n|-activate|p2b: Terapagos|ability: Tera Shift\n|detailschange|p2b: Terapagos|Terapagos-Terastal, L50, M\n|-heal|p2b: Terapagos|100\/100|[silent]\n|move|p1b: Iron Hands|Fake Out|p2b: Terapagos\n|-activate|p2b: Terapagos|ability: Tera Shell\n|-resisted|p2b: Terapagos\n|-crit|p2b: Terapagos\n|-damage|p2b: Terapagos|92\/100\n|move|p1a: Whimsicott|Encore|p2a: Iron Leaves\n|-start|p2a: Iron Leaves|Encore\n|move|p2a: Iron Leaves|Leaf Blade|p1b: Iron Hands\n|-damage|p1b: Iron Hands|76\/100\n|\n|-heal|p2b: Terapagos|98\/100|[from] item: Leftovers\n|upkeep\n|turn|4\n|\n|t:|1739931929\n|switch|p2b: Moltres|Moltres, L50|100\/100\n|move|p1a: Whimsicott|Moonblast|p2a: Iron Leaves\n|-damage|p2a: Iron Leaves|77\/100\n|move|p2a: Iron Leaves|Leaf Blade|p1b: Iron Hands\n|-damage|p1b: Iron Hands|47\/100\n|move|p1b: Iron Hands|Drain Punch|p2b: Moltres\n|-resisted|p2b: Moltres\n|-damage|p2b: Moltres|83\/100\n|-heal|p1b: Iron Hands|54\/100|[from] drain|[of] p2b: Moltres\n|-status|p1b: Iron Hands|brn|[from] ability: Flame Body|[of] p2b: Moltres\n|\n|-damage|p1b: Iron Hands|49\/100 brn|[from] brn\n|upkeep\n|turn|5\n|\n|t:|1739931986\n|move|p1a: Whimsicott|Moonblast|p2a: Iron Leaves\n|-damage|p2a: Iron Leaves|55\/100\n|move|p2a: Iron Leaves|Leaf Blade|p1a: Whimsicott\n|-resisted|p1a: Whimsicott\n|-crit|p1a: Whimsicott\n|-damage|p1a: Whimsicott|62\/100\n|move|p2b: Moltres|Flamethrower|p1a: Whimsicott\n|-supereffective|p1a: Whimsicott\n|-damage|p1a: Whimsicott|3\/100\n|move|p1b: Iron Hands|Heavy Slam|p2a: Iron Leaves\n|-damage|p2a: Iron Leaves|42\/100\n|\n|-damage|p1b: Iron Hands|43\/100 brn|[from] brn\n|-end|p2a: Iron Leaves|Encore\n|-sideend|p1: avaddovyt|move: Light Screen\n|-sideend|p1: avaddovyt|move: Tailwind\n|upkeep\n|turn|6\n|\n|t:|1739932011\n|move|p1a: Whimsicott|Tailwind|p1a: Whimsicott\n|-sidestart|p1: avaddovyt|move: Tailwind\n|move|p2a: Iron Leaves|Psyblade|p1b: Iron Hands\n|-supereffective|p1b: Iron Hands\n|-damage|p1b: Iron Hands|0 fnt\n|faint|p1b: Iron Hands\n|-end|p1b: Iron Hands|Quark Drive|[silent]\n|move|p2b: Moltres|Flamethrower|p1a: Whimsicott\n|-supereffective|p1a: Whimsicott\n|-damage|p1a: Whimsicott|0 fnt\n|faint|p1a: Whimsicott\n|\n|upkeep\n|\n|t:|1739932017\n|switch|p1a: Miraidon|Miraidon, L50|100\/100\n|-fieldstart|move: Electric Terrain|[from] ability: Hadron Engine|[of] p1a: Miraidon\n|turn|7\n|\n|t:|1739932063\n|-terastallize|p1a: Miraidon|Fairy\n|move|p2a: Iron Leaves|Protect|p2a: Iron Leaves\n|-singleturn|p2a: Iron Leaves|Protect\n|move|p1a: Miraidon|Dazzling Gleam|p2a: Iron Leaves|[spread] p2b\n|-activate|p2a: Iron Leaves|move: Protect\n|-resisted|p2b: Moltres\n|-damage|p2b: Moltres|50\/100\n|move|p2b: Moltres|Will-O-Wisp|p1a: Miraidon\n|-status|p1a: Miraidon|brn\n|\n|-damage|p1a: Miraidon|94\/100 brn|[from] brn\n|upkeep\n|turn|8\n|\n|t:|1739932072\n|move|p1a: Miraidon|Dazzling Gleam|p2b: Moltres|[spread] p2a,p2b\n|-resisted|p2b: Moltres\n|-damage|p2a: Iron Leaves|0 fnt\n|-damage|p2b: Moltres|16\/100\n|faint|p2a: Iron Leaves\n|-end|p2a: Iron Leaves|Quark Drive|[silent]\n|move|p2b: Moltres|Roost|p2b: Moltres\n|-heal|p2b: Moltres|66\/100\n|-singleturn|p2b: Moltres|move: Roost\n|\n|-damage|p1a: Miraidon|88\/100 brn|[from] brn\n|upkeep\n|inactive|Battle timer is ON: inactive players will automatically lose when time's up. (requested by avaddovyt)\n|\n|t:|1739932094\n|switch|p2a: Terapagos|Terapagos-Terastal, L50, M|98\/100\n|turn|9\n|\n|t:|1739932101\n|-terastallize|p2a: Terapagos|Stellar\n|detailschange|p2a: Terapagos|Terapagos-Stellar, L50, M, tera:Stellar\n|-heal|p2a: Terapagos|99\/100|[silent]\n|-ability|p2a: Terapagos|Teraform Zero\n|-fieldend|move: Electric Terrain\n|move|p1a: Miraidon|Dazzling Gleam|p2b: Moltres|[spread] p2a,p2b\n|-resisted|p2b: Moltres\n|-damage|p2a: Terapagos|67\/100\n|-damage|p2b: Moltres|41\/100\n|move|p2b: Moltres|Roost|p2b: Moltres\n|-heal|p2b: Moltres|92\/100\n|-singleturn|p2b: Moltres|move: Roost\n|move|p2a: Terapagos|Tera Starstorm|p1a: Miraidon\n|-supereffective|p1a: Miraidon\n|-damage|p1a: Miraidon|13\/100 brn\n|\n|-heal|p2a: Terapagos|73\/100|[from] item: Leftovers\n|-damage|p1a: Miraidon|7\/100 brn|[from] brn\n|-sideend|p1: avaddovyt|move: Tailwind\n|upkeep\n|turn|10\n|-message|avaddovyt forfeited.\n|\n|win|Tempest brute\n|raw|avaddovyt's rating: 1561 &rarr; <strong>1539<\/strong><br \/>(-22 for losing)\n|raw|Tempest brute's rating: 1526 &rarr; <strong>1548<\/strong><br \/>(+22 for winning)\n|l|\u2606avaddovyt\n|player|p1|\n","uploadtime":1739932120,"views":48,"formatid":"gen9vgc2025regg","rating":1539,"private":0,"password":null}