{"id":"gen9vgc2025regg-2303363084","format":"[Gen 9] VGC 2025 Reg G","players":["Dimonutive","SamP_64"],"log":"|j|\u2606Dimonutive\n|j|\u2606SamP_64\n|t:|1739913529\n|gametype|doubles\n|player|p1|Dimonutive|li|1673\n|player|p2|SamP_64|cyrus|1729\n|teamsize|p1|6\n|teamsize|p2|6\n|gen|9\n|tier|[Gen 9] VGC 2025 Reg G\n|rated|\n|rule|Species Clause: Limit one of each Pok\u00e9mon\n|rule|Item Clause: Limit 1 of each item\n|clearpoke\n|poke|p1|Terapagos, L50, M|\n|poke|p1|Grimmsnarl, L50, M|\n|poke|p1|Sinistcha, L50|\n|poke|p1|Cresselia, L50, F|\n|poke|p1|Okidogi, L50, M|\n|poke|p1|Landorus-Therian, L50, M|\n|poke|p2|Incineroar, L50, M|\n|poke|p2|Rillaboom, L50, F|\n|poke|p2|Flutter Mane, L50|\n|poke|p2|Urshifu-*, L50, F|\n|poke|p2|Terapagos, L50, M|\n|poke|p2|Amoonguss, L50, M|\n|teampreview|4\n|inactive|Battle timer is ON: inactive players will automatically lose when time's up. (requested by SamP_64)\n|inactive|Dimonutive has 60 seconds left.\n|\n|t:|1739913568\n|start\n|switch|p1a: Cresselia|Cresselia, L50, F|100\/100\n|switch|p1b: Okidogi|Okidogi, L50, M|100\/100\n|switch|p2a: Terapagos|Terapagos, L50, M|100\/100\n|switch|p2b: Amoonguss|Amoonguss, L50, M|100\/100\n|-activate|p2a: Terapagos|ability: Tera Shift\n|detailschange|p2a: Terapagos|Terapagos-Terastal, L50, M\n|-heal|p2a: Terapagos|100\/100|[silent]\n|turn|1\n|\n|t:|1739913582\n|move|p1a: Cresselia|Helping Hand|p1b: Okidogi\n|-singleturn|p1b: Okidogi|Helping Hand|[of] p1a: Cresselia\n|move|p2a: Terapagos|Protect|p2a: Terapagos\n|-singleturn|p2a: Terapagos|Protect\n|move|p1b: Okidogi|Gunk Shot|p2b: Amoonguss\n|-damage|p2b: Amoonguss|27\/100\n|-enditem|p2b: Amoonguss|Sitrus Berry|[eat]\n|-heal|p2b: Amoonguss|52\/100|[from] item: Sitrus Berry\n|move|p2b: Amoonguss|Spore|p1b: Okidogi\n|-status|p1b: Okidogi|slp|[from] move: Spore\n|\n|upkeep\n|turn|2\n|inactive|SamP_64 has 30 seconds left.\n|j| AlteredOne\n|inactive|SamP_64 has 20 seconds left.\n|\n|t:|1739913618\n|move|p2a: Terapagos|Calm Mind|p2a: Terapagos\n|-boost|p2a: Terapagos|spa|1\n|-boost|p2a: Terapagos|spd|1\n|move|p1a: Cresselia|Lunar Blessing|p1a: Cresselia|[spread] p1a,p1b\n|-curestatus|p1b: Okidogi|slp|[msg]\n|move|p1b: Okidogi|Drain Punch|p2a: Terapagos\n|-activate|p2a: Terapagos|ability: Tera Shell\n|-resisted|p2a: Terapagos\n|-damage|p2a: Terapagos|85\/100\n|move|p2b: Amoonguss|Spore|p1a: Cresselia\n|-activate|p1a: Cresselia|item: Safety Goggles|Spore\n|\n|-heal|p2a: Terapagos|91\/100|[from] item: Leftovers\n|upkeep\n|turn|3\n|j| kiabu233\n|inactive|SamP_64 has 30 seconds left.\n|\n|t:|1739913648\n|move|p2b: Amoonguss|Rage Powder|p2b: Amoonguss\n|-singleturn|p2b: Amoonguss|move: Rage Powder\n|move|p2a: Terapagos|Substitute|p2a: Terapagos\n|-start|p2a: Terapagos|Substitute\n|-damage|p2a: Terapagos|66\/100\n|move|p1a: Cresselia|Moonblast|p2a: Terapagos\n|-activate|p2a: Terapagos|move: Substitute|[damage]\n|move|p1b: Okidogi|Gunk Shot|p2b: Amoonguss\n|-damage|p2b: Amoonguss|6\/100\n|\n|-heal|p2a: Terapagos|72\/100|[from] item: Leftovers\n|upkeep\n|turn|4\n|inactive|SamP_64 has 30 seconds left.\n|inactive|SamP_64 has 20 seconds left.\n|inactive|SamP_64 has 15 seconds left.\n|j| tetsuokaga\n|inactive|SamP_64 has 10 seconds left.\n|inactive|SamP_64 has 5 seconds left.\n|\n|t:|1739913701\n|switch|p2b: Incineroar|Incineroar, L50, M|100\/100\n|-ability|p2b: Incineroar|Intimidate|boost\n|-unboost|p1a: Cresselia|atk|1\n|-ability|p1b: Okidogi|Guard Dog|boost\n|-boost|p1b: Okidogi|atk|1\n|-terastallize|p2a: Terapagos|Stellar\n|detailschange|p2a: Terapagos|Terapagos-Stellar, L50, M, tera:Stellar\n|-heal|p2a: Terapagos|79\/100|[silent]\n|move|p2a: Terapagos|Tera Starstorm|p1a: Cresselia|[spread] p1a,p1b\n|-damage|p1a: Cresselia|69\/100\n|-damage|p1b: Okidogi|62\/100\n|move|p1a: Cresselia|Moonblast|p2b: Incineroar\n|-damage|p2b: Incineroar|88\/100\n|move|p1b: Okidogi|Drain Punch|p2a: Terapagos\n|-supereffective|p2a: Terapagos\n|-end|p2a: Terapagos|Substitute\n|-heal|p1b: Okidogi|69\/100|[from] drain|[of] p2a: Terapagos\n|\n|-heal|p2a: Terapagos|85\/100|[from] item: Leftovers\n|upkeep\n|turn|5\n|inactive|Dimonutive has 30 seconds left.\n|\n|t:|1739913732\n|move|p2b: Incineroar|Fake Out|p1b: Okidogi\n|-damage|p1b: Okidogi|60\/100\n|move|p2a: Terapagos|Calm Mind|p2a: Terapagos\n|-boost|p2a: Terapagos|spa|1\n|-boost|p2a: Terapagos|spd|1\n|move|p1a: Cresselia|Lunar Blessing|p1a: Cresselia|[spread] p1a,p1b\n|-heal|p1a: Cresselia|94\/100\n|-heal|p1b: Okidogi|85\/100\n|cant|p1b: Okidogi|flinch\n|\n|-heal|p2a: Terapagos|92\/100|[from] item: Leftovers\n|upkeep\n|turn|6\n|\n|t:|1739913753\n|switch|p2b: Amoonguss|Amoonguss, L50, M|40\/100\n|move|p2a: Terapagos|Protect|p2a: Terapagos\n|-singleturn|p2a: Terapagos|Protect\n|move|p1a: Cresselia|Moonblast|p2b: Amoonguss\n|-resisted|p2b: Amoonguss\n|-damage|p2b: Amoonguss|31\/100\n|move|p1b: Okidogi|Drain Punch|p2b: Amoonguss\n|-resisted|p2b: Amoonguss\n|-crit|p2b: Amoonguss\n|-damage|p2b: Amoonguss|0 fnt\n|-heal|p1b: Okidogi|100\/100|[from] drain|[of] p2b: Amoonguss\n|faint|p2b: Amoonguss\n|\n|-heal|p2a: Terapagos|98\/100|[from] item: Leftovers\n|upkeep\n|\n|t:|1739913773\n|switch|p2b: Urshifu|Urshifu-Rapid-Strike, L50, F|100\/100\n|turn|7\n|\n|t:|1739913781\n|move|p1a: Cresselia|Ally Switch|p1a: Cresselia\n|swap|p1a: Cresselia|1|[from] move: Ally Switch\n|move|p2b: Urshifu|Surging Strikes|p1b: Cresselia\n|-crit|p1b: Cresselia\n|-damage|p1b: Cresselia|81\/100\n|-crit|p1b: Cresselia\n|-damage|p1b: Cresselia|67\/100\n|-crit|p1b: Cresselia\n|-damage|p1b: Cresselia|53\/100\n|-hitcount|p1b: Cresselia|3\n|move|p2a: Terapagos|Tera Starstorm|p1a: Okidogi|[spread] p1a,p1b\n|-damage|p1a: Okidogi|53\/100\n|-damage|p1b: Cresselia|7\/100\n|move|p1a: Okidogi|Drain Punch|p2a: Terapagos\n|-supereffective|p2a: Terapagos\n|-damage|p2a: Terapagos|30\/100\n|-heal|p1a: Okidogi|98\/100|[from] drain|[of] p2a: Terapagos\n|\n|-heal|p2a: Terapagos|36\/100|[from] item: Leftovers\n|upkeep\n|turn|8\n|inactive|SamP_64 has 30 seconds left.\n|inactive|Dimonutive has 30 seconds left.\n|\n|t:|1739913813\n|move|p2b: Urshifu|Surging Strikes|p1a: Okidogi\n|-crit|p1a: Okidogi\n|-damage|p1a: Okidogi|82\/100\n|-crit|p1a: Okidogi\n|-damage|p1a: Okidogi|66\/100\n|-crit|p1a: Okidogi\n|-damage|p1a: Okidogi|49\/100\n|-hitcount|p1a: Okidogi|3\n|move|p2a: Terapagos|Tera Starstorm|p1b: Cresselia|[spread] p1a,p1b\n|-damage|p1a: Okidogi|3\/100\n|-damage|p1b: Cresselia|0 fnt\n|faint|p1b: Cresselia\n|move|p1a: Okidogi|Drain Punch|p2a: Terapagos\n|-supereffective|p2a: Terapagos\n|-damage|p2a: Terapagos|0 fnt\n|-heal|p1a: Okidogi|27\/100|[from] drain|[of] p2a: Terapagos\n|faint|p2a: Terapagos\n|\n|upkeep\n|\n|t:|1739913822\n|switch|p1b: Sinistcha|Sinistcha, L50|100\/100\n|switch|p2a: Incineroar|Incineroar, L50, M|88\/100\n|-ability|p2a: Incineroar|Intimidate|boost\n|-ability|p1a: Okidogi|Guard Dog|boost\n|-boost|p1a: Okidogi|atk|1\n|-unboost|p1b: Sinistcha|atk|1\n|-heal|p1a: Okidogi|52\/100|[from] ability: Hospitality|[of] p1b: Sinistcha\n|turn|9\n|-message|SamP_64 forfeited.\n|\n|win|Dimonutive\n|raw|Dimonutive's rating: 1673 &rarr; <strong>1696<\/strong><br \/>(+23 for winning)\n|raw|SamP_64's rating: 1729 &rarr; <strong>1706<\/strong><br \/>(-23 for losing)\n|l|\u2606SamP_64\n|player|p2|\n|l| tetsuokaga\n|l| kiabu233\n|l| AlteredOne\n|l|\u2606Dimonutive\n|player|p1|\n","uploadtime":1739913838,"views":29,"formatid":"gen9vgc2025regg","rating":1696,"private":0,"password":null}