{"id":"gen9vgc2025regg-2303199680","format":"[Gen 9] VGC 2025 Reg G","players":["wartortcorp","Kaicyios"],"log":"|j|\u2606wartortcorp\n|j|\u2606Kaicyios\n|t:|1739897441\n|gametype|doubles\n|player|p1|wartortcorp|101|1543\n|player|p2|Kaicyios|giovanni|1684\n|teamsize|p1|6\n|teamsize|p2|6\n|gen|9\n|tier|[Gen 9] VGC 2025 Reg G\n|rated|\n|rule|Species Clause: Limit one of each Pok\u00e9mon\n|rule|Item Clause: Limit 1 of each item\n|clearpoke\n|poke|p1|Sandslash, L50, M|\n|poke|p1|Tyranitar, L50, F|\n|poke|p1|Calyrex-Shadow, L50|\n|poke|p1|Amoonguss, L50, M|\n|poke|p1|Raging Bolt, L50|\n|poke|p1|Suicune, L50|\n|poke|p2|Groudon, L50|\n|poke|p2|Flutter Mane, L50|\n|poke|p2|Chi-Yu, L50|\n|poke|p2|Raging Bolt, L50|\n|poke|p2|Whimsicott, L50, F|\n|poke|p2|Armarouge, L50, M|\n|teampreview|4\n|inactive|Battle timer is ON: inactive players will automatically lose when time's up. (requested by wartortcorp)\n|\n|t:|1739897505\n|start\n|switch|p1a: Sandslash|Sandslash, L50, M|100\/100\n|switch|p1b: Calyrex|Calyrex-Shadow, L50|100\/100\n|switch|p2a: Whimsicott|Whimsicott, L50, F|100\/100\n|switch|p2b: Groudon|Groudon, L50|100\/100\n|-ability|p1b: Calyrex|As One\n|-ability|p1b: Calyrex|Unnerve\n|-weather|SunnyDay|[from] ability: Drought|[of] p2b: Groudon\n|turn|1\n|inactive|wartortcorp has 30 seconds left.\n|\n|t:|1739897533\n|switch|p1a: Amoonguss|Amoonguss, L50, M|100\/100\n|move|p2a: Whimsicott|Tailwind|p2a: Whimsicott\n|-sidestart|p2: Kaicyios|move: Tailwind\n|move|p2b: Groudon|Precipice Blades|p1b: Calyrex|[spread] p1a,p1b\n|-damage|p1a: Amoonguss|53\/100\n|-damage|p1b: Calyrex|38\/100\n|move|p1b: Calyrex|Astral Barrage|p2b: Groudon|[spread] p2a,p2b\n|-damage|p2a: Whimsicott|34\/100\n|-damage|p2b: Groudon|60\/100\n|\n|-weather|SunnyDay|[upkeep]\n|upkeep\n|turn|2\n|inactive|wartortcorp has 30 seconds left.\n|inactive|Kaicyios has 30 seconds left.\n|\n|t:|1739897569\n|move|p2a: Whimsicott|Dazzling Gleam|p1a: Amoonguss|[spread] p1a,p1b\n|-resisted|p1a: Amoonguss\n|-damage|p1a: Amoonguss|46\/100\n|-damage|p1b: Calyrex|24\/100\n|move|p2b: Groudon|Precipice Blades|p1b: Calyrex|[spread] p1a,p1b\n|-damage|p1a: Amoonguss|0 fnt\n|-damage|p1b: Calyrex|0 fnt\n|faint|p1a: Amoonguss\n|faint|p1b: Calyrex\n|\n|-weather|SunnyDay|[upkeep]\n|upkeep\n|\n|t:|1739897576\n|switch|p1b: Sandslash|Sandslash, L50, M|100\/100\n|switch|p1a: Tyranitar|Tyranitar, L50, F|100\/100\n|-weather|Sandstorm|[from] ability: Sand Stream|[of] p1a: Tyranitar\n|turn|3\n|\n|t:|1739897594\n|-terastallize|p1a: Tyranitar|Fairy\n|move|p2a: Whimsicott|Dazzling Gleam|p1a: Tyranitar|[spread] p1a,p1b\n|-damage|p1a: Tyranitar|90\/100\n|-damage|p1b: Sandslash|70\/100\n|move|p1b: Sandslash|High Horsepower|p2b: Groudon\n|-damage|p2b: Groudon|28\/100\n|move|p2b: Groudon|Precipice Blades|p1a: Tyranitar|[spread] p1a,p1b\n|-damage|p1a: Tyranitar|38\/100\n|-damage|p1b: Sandslash|4\/100\n|move|p1a: Tyranitar|Rock Slide|p2a: Whimsicott|[spread] p2a,p2b\n|-resisted|p2b: Groudon\n|-damage|p2a: Whimsicott|0 fnt\n|-damage|p2b: Groudon|18\/100\n|faint|p2a: Whimsicott\n|\n|-weather|Sandstorm|[upkeep]\n|-damage|p1a: Tyranitar|32\/100|[from] Sandstorm\n|upkeep\n|\n|t:|1739897615\n|switch|p2a: Flutter Mane|Flutter Mane, L50|100\/100\n|turn|4\n|\n|t:|1739897630\n|-terastallize|p2a: Flutter Mane|Fairy\n|move|p1b: Sandslash|Protect|p1b: Sandslash\n|-singleturn|p1b: Sandslash|Protect\n|move|p2a: Flutter Mane|Dazzling Gleam|p1b: Sandslash|[spread] p1a\n|-activate|p1b: Sandslash|move: Protect\n|-damage|p1a: Tyranitar|0 fnt\n|faint|p1a: Tyranitar\n|-damage|p2a: Flutter Mane|91\/100|[from] item: Life Orb\n|move|p2b: Groudon|Precipice Blades|p1b: Sandslash\n|-activate|p1b: Sandslash|move: Protect\n|\n|-weather|Sandstorm|[upkeep]\n|-damage|p2a: Flutter Mane|84\/100|[from] Sandstorm\n|-sideend|p2: Kaicyios|move: Tailwind\n|upkeep\n|turn|5\n|\n|t:|1739897645\n|move|p1b: Sandslash|High Horsepower|p2a: Flutter Mane\n|-damage|p2a: Flutter Mane|10\/100\n|move|p2a: Flutter Mane|Moonblast|p1b: Sandslash\n|-damage|p1b: Sandslash|0 fnt\n|faint|p1b: Sandslash\n|-damage|p2a: Flutter Mane|0 fnt|[from] item: Life Orb\n|faint|p2a: Flutter Mane\n|-end|p2a: Flutter Mane|Protosynthesis|[silent]\n|\n|win|Kaicyios\n|raw|wartortcorp's rating: 1543 &rarr; <strong>1531<\/strong><br \/>(-12 for losing)\n|raw|Kaicyios's rating: 1684 &rarr; <strong>1696<\/strong><br \/>(+12 for winning)\n","uploadtime":1739897656,"views":13,"formatid":"gen9vgc2025regg","rating":1531,"private":0,"password":null}