{"id":"gen9vgc2025regg-2303156707","format":"[Gen 9] VGC 2025 Reg G","players":["zhz2021","Luca8"],"log":"|j|\u2606zhz2021\n|j|\u2606Luca8\n|t:|1739893159\n|gametype|doubles\n|player|p1|zhz2021|marley|1597\n|player|p2|Luca8|flint|1627\n|teamsize|p1|6\n|teamsize|p2|6\n|gen|9\n|tier|[Gen 9] VGC 2025 Reg G\n|rated|\n|rule|Species Clause: Limit one of each Pok\u00e9mon\n|rule|Item Clause: Limit 1 of each item\n|clearpoke\n|poke|p1|Urshifu-*, L50, F|\n|poke|p1|Bruxish, L50, M|\n|poke|p1|Smeargle, L50, F|\n|poke|p1|Calyrex-Ice, L50|\n|poke|p1|Tornadus, L50, M|\n|poke|p1|Weezing-Galar, L50, M|\n|poke|p2|Farigiraf, L50, F|\n|poke|p2|Urshifu-*, L50, F|\n|poke|p2|Clefairy, L50, F|\n|poke|p2|Calyrex-Ice, L50|\n|poke|p2|Ogerpon-Wellspring, L50, F|\n|poke|p2|Raging Bolt, L50|\n|teampreview|4\n|\n|t:|1739893187\n|start\n|switch|p1a: Smeargle|Smeargle, L50, F, shiny|100\/100\n|switch|p1b: Bruxish|Bruxish, L50, M, shiny|100\/100\n|switch|p2a: Urshifu|Urshifu-Rapid-Strike, L50, F|100\/100\n|switch|p2b: Ogerpon|Ogerpon-Wellspring, L50, F|100\/100\n|turn|1\n|inactive|Battle timer is ON: inactive players will automatically lose when time's up. (requested by zhz2021)\n|\n|t:|1739893218\n|move|p1a: Smeargle|Fake Out|p2a: Urshifu\n|-damage|p2a: Urshifu|96\/100\n|move|p2b: Ogerpon|U-turn|p1b: Bruxish\n|-supereffective|p1b: Bruxish\n|-damage|p1b: Bruxish|11\/100\n|\n|t:|1739893224\n|switch|p2b: Raging Bolt|Raging Bolt, L50|100\/100|[from] U-turn\n|-enditem|p2b: Raging Bolt|Booster Energy\n|-activate|p2b: Raging Bolt|ability: Protosynthesis|[fromitem]\n|-start|p2b: Raging Bolt|protosynthesisspa\n|cant|p2a: Urshifu|flinch\n|move|p1b: Bruxish|Trick Room|p1b: Bruxish\n|-fieldstart|move: Trick Room|[of] p1b: Bruxish\n|-enditem|p2a: Urshifu|Room Service\n|-unboost|p2a: Urshifu|spe|1|[from] item: Room Service\n|\n|-ability|p1a: Smeargle|Moody|boost\n|-boost|p1a: Smeargle|spd|2\n|-unboost|p1a: Smeargle|spa|1\n|-enditem|p1a: Smeargle|Eject Pack\n|upkeep\n|inactive|zhz2021 has 30 seconds left.\n|\n|t:|1739893249\n|switch|p1a: Calyrex|Calyrex-Ice, L50|100\/100\n|-ability|p1a: Calyrex|As One\n|-ability|p1a: Calyrex|Unnerve\n|turn|2\n|\n|t:|1739893273\n|move|p2a: Urshifu|Surging Strikes|p1a: Calyrex\n|-crit|p1a: Calyrex\n|-damage|p1a: Calyrex|85\/100\n|-crit|p1a: Calyrex\n|-damage|p1a: Calyrex|70\/100\n|-crit|p1a: Calyrex\n|-damage|p1a: Calyrex|56\/100\n|-hitcount|p1a: Calyrex|3\n|move|p1b: Bruxish|Super Fang|p2b: Raging Bolt|[miss]\n|-miss|p1b: Bruxish|p2b: Raging Bolt\n|move|p1a: Calyrex|Glacial Lance|p2b: Raging Bolt|[spread] p2a,p2b\n|-resisted|p2a: Urshifu\n|-supereffective|p2b: Raging Bolt\n|-damage|p2a: Urshifu|72\/100\n|-damage|p2b: Raging Bolt|2\/100\n|move|p2b: Raging Bolt|Electroweb|p1b: Bruxish|[spread] p1b\n|-miss|p2b: Raging Bolt|p1a: Calyrex\n|-supereffective|p1b: Bruxish\n|-crit|p1b: Bruxish\n|-damage|p1b: Bruxish|0 fnt\n|faint|p1b: Bruxish\n|\n|upkeep\n|\n|t:|1739893287\n|switch|p1b: Smeargle|Smeargle, L50, F, shiny|100\/100\n|turn|3\n|inactive|Luca8 has 30 seconds left.\n|\n|t:|1739893312\n|-end|p2b: Raging Bolt|Protosynthesis|[silent]\n|switch|p2b: Calyrex|Calyrex-Ice, L50|100\/100\n|-ability|p2b: Calyrex|As One\n|-ability|p2b: Calyrex|Unnerve\n|-terastallize|p2a: Urshifu|Water\n|move|p1b: Smeargle|Follow Me|p1b: Smeargle\n|-singleturn|p1b: Smeargle|move: Follow Me\n|move|p2a: Urshifu|Surging Strikes|p1b: Smeargle\n|-crit|p1b: Smeargle\n|-damage|p1b: Smeargle|55\/100\n|-crit|p1b: Smeargle\n|-damage|p1b: Smeargle|13\/100\n|-crit|p1b: Smeargle\n|-damage|p1b: Smeargle|0 fnt\n|faint|p1b: Smeargle\n|-hitcount|p1: Smeargle|3\n|move|p1a: Calyrex|Glacial Lance|p2a: Urshifu|[spread] p2a,p2b\n|-resisted|p2a: Urshifu\n|-resisted|p2b: Calyrex\n|-damage|p2a: Urshifu|47\/100\n|-damage|p2b: Calyrex|82\/100\n|\n|upkeep\n|\n|t:|1739893316\n|switch|p1b: Urshifu|Urshifu, L50, F|100\/100\n|turn|4\n|\n|t:|1739893343\n|move|p1b: Urshifu|Sucker Punch|p2a: Urshifu\n|-damage|p2a: Urshifu|0 fnt\n|faint|p2a: Urshifu\n|move|p2b: Calyrex|Glacial Lance|p1a: Calyrex|[spread] p1a,p1b\n|-resisted|p1a: Calyrex\n|-damage|p1a: Calyrex|40\/100\n|-damage|p1b: Urshifu|56\/100\n|move|p1a: Calyrex|Imprison|p1a: Calyrex\n|-start|p1a: Calyrex|move: Imprison\n|\n|upkeep\n|inactive|Luca8 has 30 seconds left.\n|inactive|Luca8 has 20 seconds left.\n|\n|t:|1739893381\n|switch|p2a: Ogerpon|Ogerpon-Wellspring, L50, F|100\/100\n|turn|5\n|inactive|zhz2021 has 30 seconds left.\n|inactive|zhz2021 has 20 seconds left.\n|inactive|zhz2021 has 15 seconds left.\n|\n|t:|1739893424\n|move|p1b: Urshifu|Sucker Punch|p2a: Ogerpon\n|-damage|p2a: Ogerpon|40\/100\n|move|p2b: Calyrex|Bullet Seed|p1b: Urshifu\n|-damage|p1b: Urshifu|47\/100\n|-damage|p1b: Urshifu|39\/100\n|-hitcount|p1b: Urshifu|2\n|move|p1a: Calyrex|Glacial Lance|p2a: Ogerpon|[spread] p2a,p2b\n|-resisted|p2b: Calyrex\n|-damage|p2a: Ogerpon|0 fnt\n|-damage|p2b: Calyrex|64\/100\n|faint|p2a: Ogerpon\n|-ability|p1a: Calyrex|Chilling Neigh|boost\n|-boost|p1a: Calyrex|atk|1\n|\n|-fieldend|move: Trick Room\n|upkeep\n|\n|t:|1739893439\n|switch|p2a: Raging Bolt|Raging Bolt, L50|2\/100\n|turn|6\n|\n|t:|1739893449\n|-terastallize|p1a: Calyrex|Fire\n|move|p1b: Urshifu|Sucker Punch|p2a: Raging Bolt\n|-damage|p2a: Raging Bolt|0 fnt\n|faint|p2a: Raging Bolt\n|-end|p2a: Raging Bolt|Protosynthesis|[silent]\n|move|p1a: Calyrex|Glacial Lance|p2b: Calyrex\n|-resisted|p2b: Calyrex\n|-damage|p2b: Calyrex|29\/100\n|move|p2b: Calyrex|Bullet Seed|p1b: Urshifu\n|-damage|p1b: Urshifu|29\/100\n|-damage|p1b: Urshifu|21\/100\n|-damage|p1b: Urshifu|13\/100\n|-hitcount|p1b: Urshifu|3\n|\n|upkeep\n|turn|7\n|-message|Luca8 forfeited.\n|\n|win|zhz2021\n|raw|zhz2021's rating: 1616 &rarr; <strong>1637<\/strong><br \/>(+21 for winning)\n|raw|Luca8's rating: 1627 &rarr; <strong>1606<\/strong><br \/>(-21 for losing)\n|l|\u2606Luca8\n|player|p2|\n|l|\u2606zhz2021\n|player|p1|\n","uploadtime":1739893711,"views":5,"formatid":"gen9vgc2025regg","rating":1606,"private":0,"password":null}