{"id":"gen9vgc2025regg-2303808265","format":"[Gen 9] VGC 2025 Reg G","players":["ApoVGC","huyuplan"],"log":"|j|\u2606ApoVGC\n|j|\u2606huyuplan\n|t:|1739977775\n|gametype|doubles\n|player|p1|ApoVGC|169|1678\n|player|p2|huyuplan|lucas|1623\n|teamsize|p1|6\n|teamsize|p2|6\n|gen|9\n|tier|[Gen 9] VGC 2025 Reg G\n|rated|\n|rule|Species Clause: Limit one of each Pok\u00e9mon\n|rule|Item Clause: Limit 1 of each item\n|clearpoke\n|poke|p1|Calyrex-Shadow, L50|\n|poke|p1|Amoonguss, L50, F|\n|poke|p1|Tornadus, L50, M|\n|poke|p1|Indeedee-F, L50, F|\n|poke|p1|Urshifu-*, L50, M|\n|poke|p1|Chi-Yu, L50|\n|poke|p2|Regidrago, L50|\n|poke|p2|Zacian-*, L50|\n|poke|p2|Farigiraf, L50, M|\n|poke|p2|Tornadus, L50, M|\n|poke|p2|Ditto, L50|\n|poke|p2|Chien-Pao, L50|\n|teampreview|4\n|inactive|Battle timer is ON: inactive players will automatically lose when time's up. (requested by ApoVGC)\n|\n|t:|1739977804\n|start\n|switch|p1a: Chi-Yu|Chi-Yu, L50|100\/100\n|switch|p1b: Tornadus|Tornadus, L50, M|100\/100\n|switch|p2a: Tornadus|Tornadus, L50, M|100\/100\n|switch|p2b: Zacian|Zacian-Crowned, L50|100\/100\n|-ability|p1a: Chi-Yu|Beads of Ruin\n|-ability|p2b: Zacian|Intrepid Sword|boost\n|-boost|p2b: Zacian|atk|1\n|turn|1\n|\n|t:|1739977825\n|move|p2a: Tornadus|Rain Dance|p2a: Tornadus\n|-weather|RainDance\n|move|p1b: Tornadus|Tailwind|p1b: Tornadus\n|-sidestart|p1: ApoVGC|move: Tailwind\n|move|p1a: Chi-Yu|Heat Wave|p2b: Zacian|[spread] p2a,p2b\n|-crit|p2a: Tornadus\n|-supereffective|p2b: Zacian\n|-damage|p2a: Tornadus|49\/100\n|-damage|p2b: Zacian|49\/100\n|move|p2b: Zacian|Sacred Sword|p1a: Chi-Yu\n|-supereffective|p1a: Chi-Yu\n|-damage|p1a: Chi-Yu|0 fnt\n|faint|p1a: Chi-Yu\n|\n|-weather|RainDance|[upkeep]\n|upkeep\n|\n|t:|1739977830\n|switch|p1a: Calyrex|Calyrex-Shadow, L50|100\/100\n|-ability|p1a: Calyrex|As One\n|-ability|p1a: Calyrex|Unnerve\n|turn|2\n|inactive|huyuplan has 30 seconds left.\n|inactive|huyuplan has 20 seconds left.\n|inactive|huyuplan has 15 seconds left.\n|\n|t:|1739977873\n|switch|p1b: Indeedee|Indeedee-F, L50, F|100\/100\n|-fieldstart|move: Psychic Terrain|[from] ability: Psychic Surge|[of] p1b: Indeedee\n|-enditem|p1b: Indeedee|Psychic Seed\n|-boost|p1b: Indeedee|spd|1|[from] item: Psychic Seed\n|move|p1a: Calyrex|Protect|p1a: Calyrex\n|-singleturn|p1a: Calyrex|Protect\n|move|p2a: Tornadus|Tailwind|p2a: Tornadus\n|-sidestart|p2: huyuplan|move: Tailwind\n|move|p2b: Zacian|Behemoth Blade|p1a: Calyrex\n|-activate|p1a: Calyrex|move: Protect\n|\n|-weather|RainDance|[upkeep]\n|upkeep\n|turn|3\n|j| IceIceCrazy\n|inactive|huyuplan has 30 seconds left.\n|inactive|huyuplan has 20 seconds left.\n|\n|t:|1739977910\n|switch|p2a: Farigiraf|Farigiraf, L50, M|100\/100\n|move|p1b: Indeedee|Helping Hand|p1a: Calyrex\n|-singleturn|p1a: Calyrex|Helping Hand|[of] p1b: Indeedee\n|move|p1a: Calyrex|Expanding Force|p2a: Farigiraf|[spread] p2a,p2b\n|-resisted|p2a: Farigiraf\n|-resisted|p2b: Zacian\n|-damage|p2a: Farigiraf|28\/100\n|-damage|p2b: Zacian|0 fnt\n|faint|p2b: Zacian\n|-ability|p1a: Calyrex|Grim Neigh|boost\n|-boost|p1a: Calyrex|spa|1\n|-damage|p1a: Calyrex|91\/100|[from] item: Life Orb\n|\n|-weather|RainDance|[upkeep]\n|upkeep\n|\n|t:|1739977926\n|switch|p2b: Ditto|Ditto, L50|100\/100\n|-transform|p2b: Ditto|p1a: Calyrex|[from] ability: Imposter\n|-ability|p2b: Ditto|As One\n|-ability|p2b: Ditto|Unnerve\n|turn|4\n|inactive|huyuplan has 30 seconds left.\n|inactive|huyuplan has 20 seconds left.\n|inactive|huyuplan has 15 seconds left.\n|\n|t:|1739977968\n|move|p2a: Farigiraf|Helping Hand|p2b: Ditto\n|-singleturn|p2b: Ditto|Helping Hand|[of] p2a: Farigiraf\n|move|p1a: Calyrex|Protect|p1a: Calyrex\n|-singleturn|p1a: Calyrex|Protect\n|move|p2b: Ditto|Expanding Force|p1a: Calyrex|[spread] p1b\n|-activate|p1a: Calyrex|move: Protect\n|-resisted|p1b: Indeedee\n|-damage|p1b: Indeedee|44\/100\n|move|p1b: Indeedee|Trick Room|p1b: Indeedee\n|-fieldstart|move: Trick Room|[of] p1b: Indeedee\n|\n|-weather|RainDance|[upkeep]\n|-sideend|p1: ApoVGC|move: Tailwind\n|upkeep\n|turn|5\n|j| CerebralGenesis\n|inactive|huyuplan has 30 seconds left.\n|inactive|huyuplan has 20 seconds left.\n|inactive|huyuplan has 15 seconds left.\n|inactive|huyuplan has 10 seconds left.\n|inactive|huyuplan has 5 seconds left.\n|\n|t:|1739978023\n|move|p1b: Indeedee|Helping Hand|p1a: Calyrex\n|-singleturn|p1a: Calyrex|Helping Hand|[of] p1b: Indeedee\n|move|p2a: Farigiraf|Ally Switch|p2a: Farigiraf\n|swap|p2a: Farigiraf|1|[from] move: Ally Switch\n|move|p1a: Calyrex|Expanding Force|p2a: Ditto|[spread] p2a,p2b\n|-resisted|p2a: Ditto\n|-resisted|p2b: Farigiraf\n|-damage|p2a: Ditto|0 fnt\n|-damage|p2b: Farigiraf|0 fnt\n|faint|p2a: Ditto\n|faint|p2b: Farigiraf\n|-ability|p1a: Calyrex|Grim Neigh|boost\n|-boost|p1a: Calyrex|spa|2\n|-damage|p1a: Calyrex|81\/100|[from] item: Life Orb\n|\n|-weather|none\n|-sideend|p2: huyuplan|move: Tailwind\n|upkeep\n|j| ChilledLotusA\n|\n|t:|1739978038\n|switch|p2b: Tornadus|Tornadus, L50, M|49\/100\n|turn|6\n|-message|huyuplan forfeited.\n|\n|win|ApoVGC\n|raw|ApoVGC's rating: 1678 &rarr; <strong>1695<\/strong><br \/>(+17 for winning)\n|raw|huyuplan's rating: 1623 &rarr; <strong>1606<\/strong><br \/>(-17 for losing)\n|l|\u2606huyuplan\n|player|p2|\n|l|\u2606ApoVGC\n|player|p1|\n|l| IceIceCrazy\n","uploadtime":1739978302,"views":7,"formatid":"gen9vgc2025regg","rating":1606,"private":0,"password":null}