{"id":"gen9vgc2025regg-2303724890","format":"[Gen 9] VGC 2025 Reg G","players":["Glory Of Pokemon","maddokyoma"],"log":"|j|\u2606Glory Of Pokemon\n|j|\u2606maddokyoma\n|t:|1739967270\n|gametype|doubles\n|player|p1|Glory Of Pokemon|beauty|1510\n|player|p2|maddokyoma|volo|1594\n|teamsize|p1|6\n|teamsize|p2|6\n|gen|9\n|tier|[Gen 9] VGC 2025 Reg G\n|rated|\n|rule|Species Clause: Limit one of each Pok\u00e9mon\n|rule|Item Clause: Limit 1 of each item\n|clearpoke\n|poke|p1|Muk-Alola, L50, F|\n|poke|p1|Smeargle, L50, M|\n|poke|p1|Dondozo, L50, M|\n|poke|p1|Tatsugiri, L50, F|\n|poke|p1|Flamigo, L50, M|\n|poke|p1|Calyrex-Shadow, L50|\n|poke|p2|Dialga-Origin, L50|\n|poke|p2|Enamorus-Therian, L50, F|\n|poke|p2|Ursaluna, L50, F|\n|poke|p2|Sinistcha, L50|\n|poke|p2|Armarouge, L50, M|\n|poke|p2|Indeedee-F, L50, F|\n|teampreview|4\n|inactive|Battle timer is ON: inactive players will automatically lose when time's up. (requested by maddokyoma)\n|inactive|maddokyoma has 60 seconds left.\n|\n|t:|1739967343\n|start\n|switch|p1a: Smeargle|Smeargle, L50, M|100\/100\n|switch|p1b: Muk|Muk-Alola, L50, F|100\/100\n|switch|p2a: Dialga|Dialga-Origin, L50, shiny|100\/100\n|switch|p2b: Indeedee|Indeedee-F, L50, F|100\/100\n|-fieldstart|move: Psychic Terrain|[from] ability: Psychic Surge|[of] p2b: Indeedee\n|turn|1\n|inactive|maddokyoma has 30 seconds left.\n|\n|t:|1739967376\n|move|p1a: Smeargle|Spore|p2a: Dialga\n|-status|p2a: Dialga|slp|[from] move: Spore\n|cant|p2a: Dialga|slp\n|move|p1b: Muk|Minimize|p1b: Muk\n|-boost|p1b: Muk|evasion|2\n|move|p2b: Indeedee|Trick Room|p2b: Indeedee\n|-fieldstart|move: Trick Room|[of] p2b: Indeedee\n|\n|-ability|p1a: Smeargle|Moody|boost\n|-boost|p1a: Smeargle|def|2\n|-unboost|p1a: Smeargle|atk|1\n|upkeep\n|turn|2\n|inactive|maddokyoma has 30 seconds left.\n|\n|t:|1739967408\n|move|p1b: Muk|Minimize|p1b: Muk\n|-boost|p1b: Muk|evasion|2\n|move|p2b: Indeedee|Psychic|p1a: Smeargle\n|-damage|p1a: Smeargle|26\/100\n|cant|p2a: Dialga|slp\n|move|p1a: Smeargle|Spore|p2b: Indeedee\n|-status|p2b: Indeedee|slp|[from] move: Spore\n|\n|-ability|p1a: Smeargle|Moody|boost\n|-boost|p1a: Smeargle|spd|2\n|-unboost|p1a: Smeargle|def|1\n|upkeep\n|turn|3\n|\n|t:|1739967425\n|switch|p2b: Ursaluna|Ursaluna, L50, F|100\/100\n|move|p1a: Smeargle|Follow Me|p1a: Smeargle\n|-singleturn|p1a: Smeargle|move: Follow Me\n|move|p1b: Muk|Minimize|p1b: Muk\n|-boost|p1b: Muk|evasion|2\n|-curestatus|p2a: Dialga|slp|[msg]\n|move|p2a: Dialga|Flash Cannon|p1a: Smeargle\n|-damage|p1a: Smeargle|0 fnt\n|faint|p1a: Smeargle\n|-ability|p1b: Muk|Moody|[from] ability: Power of Alchemy|[of] p1a: Smeargle\n|\n|-status|p2b: Ursaluna|brn|[from] item: Flame Orb\n|-ability|p1b: Muk|Moody|boost\n|-boost|p1b: Muk|def|2\n|-unboost|p1b: Muk|spa|1\n|upkeep\n|\n|t:|1739967433\n|switch|p1a: Flamigo|Flamigo, L50, M|100\/100\n|-copyboost|p1a: Flamigo|p1b: Muk|[from] ability: Costar\n|-enditem|p1a: Flamigo|White Herb\n|-clearnegativeboost|p1a: Flamigo|[silent]\n|turn|4\n|\n|t:|1739967454\n|move|p1b: Muk|Protect|p1b: Muk\n|-singleturn|p1b: Muk|Protect\n|move|p2b: Ursaluna|Facade|p1a: Flamigo|[miss]\n|-miss|p2b: Ursaluna|p1a: Flamigo\n|move|p2a: Dialga|Flash Cannon|p1a: Flamigo\n|-damage|p1a: Flamigo|6\/100\n|move|p1a: Flamigo|Close Combat|p2a: Dialga\n|-supereffective|p2a: Dialga\n|-damage|p2a: Dialga|12\/100\n|-unboost|p1a: Flamigo|def|1\n|-unboost|p1a: Flamigo|spd|1\n|\n|-damage|p2b: Ursaluna|95\/100 brn|[from] brn\n|-ability|p1b: Muk|Moody|boost\n|-boost|p1b: Muk|def|2\n|-unboost|p1b: Muk|spe|1\n|upkeep\n|turn|5\n|inactive|maddokyoma has 30 seconds left.\n|\n|t:|1739967488\n|move|p1b: Muk|Knock Off|p2a: Dialga\n|-damage|p2a: Dialga|0 fnt\n|faint|p2a: Dialga\n|move|p2b: Ursaluna|Headlong Rush|p1b: Muk\n|-supereffective|p1b: Muk\n|-damage|p1b: Muk|50\/100\n|-unboost|p2b: Ursaluna|def|1\n|-unboost|p2b: Ursaluna|spd|1\n|move|p1a: Flamigo|Close Combat|p2b: Ursaluna\n|-supereffective|p2b: Ursaluna\n|-damage|p2b: Ursaluna|0 fnt\n|-unboost|p1a: Flamigo|def|1\n|-unboost|p1a: Flamigo|spd|1\n|faint|p2b: Ursaluna\n|\n|-heal|p1b: Muk|56\/100|[from] item: Leftovers\n|-fieldend|move: Trick Room\n|-fieldend|move: Psychic Terrain\n|-ability|p1b: Muk|Moody|boost\n|-boost|p1b: Muk|spa|2\n|-unboost|p1b: Muk|def|1\n|upkeep\n|\n|t:|1739967498\n|switch|p2a: Indeedee|Indeedee-F, L50, F|100\/100 slp\n|switch|p2b: Enamorus|Enamorus-Therian, L50, F|100\/100\n|-fieldstart|move: Psychic Terrain|[from] ability: Psychic Surge|[of] p2a: Indeedee\n|turn|6\n|inactive|Glory Of Pokemon has 30 seconds left.\n|\n|t:|1739967529\n|move|p1a: Flamigo|Acrobatics|p2b: Enamorus\n|-damage|p2b: Enamorus|48\/100\n|move|p1b: Muk|Poison Gas||[still]|[spread] p2a,p2b\n|-fail|p1b: Muk\n|-status|p2b: Enamorus|psn\n|move|p2b: Enamorus|Dazzling Gleam|p1b: Muk|[spread] \n|-miss|p2b: Enamorus|p1a: Flamigo\n|-miss|p2b: Enamorus|p1b: Muk\n|cant|p2a: Indeedee|slp\n|\n|-heal|p1b: Muk|62\/100|[from] item: Leftovers\n|-damage|p2b: Enamorus|36\/100 psn|[from] psn\n|-ability|p1b: Muk|Moody|boost\n|-boost|p1b: Muk|def|2\n|-unboost|p1b: Muk|atk|1\n|upkeep\n|turn|7\n|\n|t:|1739967545\n|move|p2b: Enamorus|Protect|p2b: Enamorus\n|-singleturn|p2b: Enamorus|Protect\n|move|p1a: Flamigo|Wide Guard|p1a: Flamigo\n|-singleturn|p1a: Flamigo|Wide Guard\n|move|p1b: Muk|Knock Off|p2a: Indeedee\n|-supereffective|p2a: Indeedee\n|-damage|p2a: Indeedee|56\/100 slp\n|-enditem|p2a: Indeedee|Leftovers|[from] move: Knock Off|[of] p1b: Muk\n|-curestatus|p2a: Indeedee|slp|[msg]\n|move|p2a: Indeedee|Trick Room|p2a: Indeedee\n|-fieldstart|move: Trick Room|[of] p2a: Indeedee\n|\n|-heal|p1b: Muk|68\/100|[from] item: Leftovers\n|-damage|p2b: Enamorus|23\/100 psn|[from] psn\n|-ability|p1b: Muk|Moody|boost\n|-boost|p1b: Muk|spd|2\n|-unboost|p1b: Muk|spe|1\n|upkeep\n|turn|8\n|\n|t:|1739967561\n|-terastallize|p2b: Enamorus|Flying\n|move|p1a: Flamigo|Wide Guard|p1a: Flamigo\n|-singleturn|p1a: Flamigo|Wide Guard\n|move|p1b: Muk|Poison Gas|p2a: Indeedee|[spread] p2a,p2b\n|-status|p2a: Indeedee|psn\n|-fail|p2b: Enamorus|psn\n|move|p2b: Enamorus|Tera Blast|p1b: Muk|[anim] Tera Blast Flying|[miss]\n|-miss|p2b: Enamorus|p1b: Muk\n|move|p2a: Indeedee|Psychic|p1a: Flamigo\n|-supereffective|p1a: Flamigo\n|-damage|p1a: Flamigo|0 fnt\n|faint|p1a: Flamigo\n|\n|-heal|p1b: Muk|74\/100|[from] item: Leftovers\n|-damage|p2b: Enamorus|11\/100 psn|[from] psn\n|-damage|p2a: Indeedee|44\/100 psn|[from] psn\n|-ability|p1b: Muk|Moody|boost\n|-boost|p1b: Muk|spe|2\n|-unboost|p1b: Muk|def|1\n|upkeep\n|\n|t:|1739967582\n|switch|p1a: Calyrex|Calyrex-Shadow, L50|100\/100\n|-ability|p1a: Calyrex|As One\n|-ability|p1a: Calyrex|Unnerve\n|turn|9\n|\n|t:|1739967589\n|move|p2a: Indeedee|Helping Hand|p2b: Enamorus\n|-singleturn|p2b: Enamorus|Helping Hand|[of] p2a: Indeedee\n|move|p1b: Muk|Protect|p1b: Muk\n|-singleturn|p1b: Muk|Protect\n|move|p1a: Calyrex|Protect|p1a: Calyrex\n|-singleturn|p1a: Calyrex|Protect\n|move|p2b: Enamorus|Dazzling Gleam|p1b: Muk|[spread] \n|-activate|p1a: Calyrex|move: Protect\n|-activate|p1b: Muk|move: Protect\n|\n|-heal|p1b: Muk|80\/100|[from] item: Leftovers\n|-damage|p2b: Enamorus|0 fnt|[from] psn\n|faint|p2b: Enamorus\n|-damage|p2a: Indeedee|32\/100 psn|[from] psn\n|-ability|p1b: Muk|Moody|boost\n|-boost|p1b: Muk|spd|2\n|-unboost|p1b: Muk|spa|1\n|upkeep\n|turn|10\n|-message|maddokyoma forfeited.\n|\n|win|Glory Of Pokemon\n|raw|Glory Of Pokemon's rating: 1510 &rarr; <strong>1535<\/strong><br \/>(+25 for winning)\n|raw|maddokyoma's rating: 1594 &rarr; <strong>1569<\/strong><br \/>(-25 for losing)\n|l|\u2606maddokyoma\n|player|p2|\n|l|\u2606Glory Of Pokemon\n|player|p1|\n","uploadtime":1739967839,"views":5,"formatid":"gen9vgc2025regg","rating":1535,"private":0,"password":null}