{"id":"gen9vgc2025regg-2303165005","format":"[Gen 9] VGC 2025 Reg G","players":["Kaicyios","dumbest twink"],"log":"|j|\u2606Kaicyios\n|j|\u2606dumbest twink\n|t:|1739893995\n|gametype|doubles\n|player|p1|Kaicyios|giovanni|1730\n|player|p2|dumbest twink|grimsley-masters|1626\n|teamsize|p1|6\n|teamsize|p2|6\n|gen|9\n|tier|[Gen 9] VGC 2025 Reg G\n|rated|\n|rule|Species Clause: Limit one of each Pok\u00e9mon\n|rule|Item Clause: Limit 1 of each item\n|clearpoke\n|poke|p1|Groudon, L50|\n|poke|p1|Flutter Mane, L50|\n|poke|p1|Chi-Yu, L50|\n|poke|p1|Raging Bolt, L50|\n|poke|p1|Whimsicott, L50, F|\n|poke|p1|Armarouge, L50, M|\n|poke|p2|Calyrex-Shadow, L50|\n|poke|p2|Urshifu-*, L50, M|\n|poke|p2|Indeedee-F, L50, F|\n|poke|p2|Flutter Mane, L50|\n|poke|p2|Whimsicott, L50, F|\n|poke|p2|Chi-Yu, L50|\n|teampreview|4\n|inactive|Battle timer is ON: inactive players will automatically lose when time's up. (requested by dumbest twink)\n|inactive|Kaicyios has 60 seconds left.\n|\n|t:|1739894035\n|start\n|switch|p1a: Whimsicott|Whimsicott, L50, F|100\/100\n|switch|p1b: Groudon|Groudon, L50|100\/100\n|switch|p2a: Urshifu|Urshifu-Rapid-Strike, L50, M|100\/100\n|switch|p2b: Whimsicott|Whimsicott, L50, F|100\/100\n|-weather|SunnyDay|[from] ability: Drought|[of] p1b: Groudon\n|turn|1\n|inactive|Kaicyios has 30 seconds left.\n|\n|t:|1739894060\n|move|p2b: Whimsicott|Tailwind|p2b: Whimsicott\n|-sidestart|p2: dumbest twink|move: Tailwind\n|move|p2a: Urshifu|Close Combat|p1b: Groudon\n|-damage|p1b: Groudon|56\/100\n|-unboost|p2a: Urshifu|def|1\n|-unboost|p2a: Urshifu|spd|1\n|move|p1b: Groudon|Precipice Blades|p2a: Urshifu|[spread] p2a\n|-miss|p1b: Groudon|p2b: Whimsicott\n|-damage|p2a: Urshifu|20\/100\n|move|p1a: Whimsicott|Trick Room|p1a: Whimsicott\n|-fieldstart|move: Trick Room|[of] p1a: Whimsicott\n|\n|-weather|SunnyDay|[upkeep]\n|upkeep\n|turn|2\n|inactive|Kaicyios has 30 seconds left.\n|\n|t:|1739894089\n|switch|p1a: Armarouge|Armarouge, L50, M|100\/100\n|-enditem|p1a: Armarouge|Room Service\n|-unboost|p1a: Armarouge|spe|1|[from] item: Room Service\n|move|p2b: Whimsicott|Encore||[still]\n|-fail|p2b: Whimsicott\n|move|p1b: Groudon|Precipice Blades|p2a: Urshifu|[spread] p2a,p2b\n|-resisted|p2b: Whimsicott\n|-damage|p2a: Urshifu|0 fnt\n|-damage|p2b: Whimsicott|65\/100\n|faint|p2a: Urshifu\n|\n|-weather|SunnyDay|[upkeep]\n|upkeep\n|j| paradoxguardiola\n|\n|t:|1739894099\n|switch|p2a: Calyrex|Calyrex-Shadow, L50|100\/100\n|-ability|p2a: Calyrex|As One\n|-ability|p2a: Calyrex|Unnerve\n|turn|3\n|\n|t:|1739894116\n|move|p2a: Calyrex|Protect|p2a: Calyrex\n|-singleturn|p2a: Calyrex|Protect\n|move|p2b: Whimsicott|Light Screen|p2b: Whimsicott\n|-sidestart|p2: dumbest twink|move: Light Screen\n|move|p1a: Armarouge|Armor Cannon|p2a: Calyrex\n|-activate|p2a: Calyrex|move: Protect\n|move|p1b: Groudon|Heat Crash|p2b: Whimsicott\n|-supereffective|p2b: Whimsicott\n|-damage|p2b: Whimsicott|0 fnt\n|faint|p2b: Whimsicott\n|\n|-weather|SunnyDay|[upkeep]\n|upkeep\n|\n|t:|1739894126\n|switch|p2b: Chi-Yu|Chi-Yu, L50|100\/100\n|-ability|p2b: Chi-Yu|Beads of Ruin\n|turn|4\n|\n|t:|1739894136\n|move|p1a: Armarouge|Armor Cannon|p2a: Calyrex\n|-damage|p2a: Calyrex|3\/100\n|-unboost|p1a: Armarouge|def|1\n|-unboost|p1a: Armarouge|spd|1\n|move|p1b: Groudon|High Horsepower|p2b: Chi-Yu\n|-supereffective|p2b: Chi-Yu\n|-damage|p2b: Chi-Yu|0 fnt\n|faint|p2b: Chi-Yu\n|move|p2a: Calyrex|Astral Barrage|p1b: Groudon|[spread] p1a,p1b\n|-supereffective|p1a: Armarouge\n|-damage|p1a: Armarouge|0 fnt\n|-damage|p1b: Groudon|18\/100\n|faint|p1a: Armarouge\n|-ability|p2a: Calyrex|Grim Neigh|boost\n|-boost|p2a: Calyrex|spa|1\n|\n|-weather|SunnyDay|[upkeep]\n|-sideend|p2: dumbest twink|move: Tailwind\n|upkeep\n|j| Easy180\n|\n|t:|1739894154\n|switch|p1a: Whimsicott|Whimsicott, L50, F|100\/100\n|turn|5\n|\n|t:|1739894169\n|move|p2a: Calyrex|Protect|p2a: Calyrex\n|-singleturn|p2a: Calyrex|Protect\n|move|p1b: Groudon|Heat Crash|p2a: Calyrex\n|-activate|p2a: Calyrex|move: Protect\n|move|p1a: Whimsicott|Dazzling Gleam|p2a: Calyrex\n|-activate|p2a: Calyrex|move: Protect\n|\n|-weather|none\n|-fieldend|move: Trick Room\n|upkeep\n|turn|6\n|\n|t:|1739894174\n|move|p1a: Whimsicott|Tailwind|p1a: Whimsicott\n|-sidestart|p1: Kaicyios|move: Tailwind\n|move|p1b: Groudon|Heat Crash|p2a: Calyrex\n|-damage|p2a: Calyrex|0 fnt\n|faint|p2a: Calyrex\n|\n|win|Kaicyios\n|raw|Kaicyios's rating: 1730 &rarr; <strong>1744<\/strong><br \/>(+14 for winning)\n|raw|dumbest twink's rating: 1626 &rarr; <strong>1612<\/strong><br \/>(-14 for losing)\n|l|\u2606dumbest twink\n|player|p2|\n|l|\u2606Kaicyios\n|player|p1|\n|l| paradoxguardiola\n","uploadtime":1739894181,"views":8,"formatid":"gen9vgc2025regg","rating":1612,"private":0,"password":null}