{"id":"gen9vgc2025regg-2303971134","format":"[Gen 9] VGC 2025 Reg G","players":["pokehys4","Lkizzz"],"log":"|j|\u2606pokehys4\n|j|\u2606Lkizzz\n|t:|1739993941\n|gametype|doubles\n|player|p1|pokehys4|bruno|1713\n|player|p2|Lkizzz|swimmer-gen4dp|1627\n|teamsize|p1|6\n|teamsize|p2|6\n|gen|9\n|tier|[Gen 9] VGC 2025 Reg G\n|rated|\n|rule|Species Clause: Limit one of each Pok\u00e9mon\n|rule|Item Clause: Limit 1 of each item\n|clearpoke\n|poke|p1|Weezing-Galar, L50, M|\n|poke|p1|Iron Valiant, L50|\n|poke|p1|Calyrex-Shadow, L50|\n|poke|p1|Roaring Moon, L50|\n|poke|p1|Maushold, L50|\n|poke|p1|Okidogi, L50, M|\n|poke|p2|Zamazenta-*, L50|\n|poke|p2|Chien-Pao, L50|\n|poke|p2|Raging Bolt, L50|\n|poke|p2|Flutter Mane, L50|\n|poke|p2|Chi-Yu, L50|\n|poke|p2|Amoonguss, L50, M|\n|teampreview|4\n|inactive|Battle timer is ON: inactive players will automatically lose when time's up. (requested by pokehys4)\n|j| TcChains\n|inactive|Lkizzz has 60 seconds left.\n|\n|t:|1739993984\n|start\n|switch|p1a: Okidogi|Okidogi, L50, M|100\/100\n|switch|p1b: Iron Valiant|Iron Valiant, L50|100\/100\n|switch|p2a: Zamazenta|Zamazenta-Crowned, L50|100\/100\n|switch|p2b: Chien-Pao|Chien-Pao, L50|100\/100\n|-ability|p2b: Chien-Pao|Sword of Ruin\n|-ability|p2a: Zamazenta|Dauntless Shield|boost\n|-boost|p2a: Zamazenta|def|1\n|turn|1\n|\n|t:|1739993997\n|move|p2b: Chien-Pao|Protect|p2b: Chien-Pao\n|-singleturn|p2b: Chien-Pao|Protect\n|move|p1b: Iron Valiant|Coaching|p1a: Okidogi\n|-boost|p1a: Okidogi|atk|1\n|-boost|p1a: Okidogi|def|1\n|move|p2a: Zamazenta|Behemoth Bash|p1b: Iron Valiant\n|-supereffective|p1b: Iron Valiant\n|-enditem|p1b: Iron Valiant|Focus Sash\n|-damage|p1b: Iron Valiant|1\/100\n|move|p1a: Okidogi|Drain Punch|p2b: Chien-Pao\n|-activate|p2b: Chien-Pao|move: Protect\n|\n|upkeep\n|turn|2\n|inactive|Lkizzz has 30 seconds left.\n|inactive|Lkizzz has 20 seconds left.\n|inactive|Lkizzz has 15 seconds left.\n|inactive|Lkizzz has 10 seconds left.\n|\n|t:|1739994044\n|switch|p2b: Raging Bolt|Raging Bolt, L50|100\/100\n|move|p1b: Iron Valiant|Protect|p1b: Iron Valiant\n|-singleturn|p1b: Iron Valiant|Protect\n|move|p2a: Zamazenta|Behemoth Bash|p1a: Okidogi\n|-crit|p1a: Okidogi\n|-damage|p1a: Okidogi|56\/100\n|move|p1a: Okidogi|Drain Punch|p2a: Zamazenta\n|-supereffective|p2a: Zamazenta\n|-damage|p2a: Zamazenta|57\/100\n|-heal|p1a: Okidogi|76\/100|[from] drain|[of] p2a: Zamazenta\n|\n|upkeep\n|turn|3\n|inactive|Lkizzz has 30 seconds left.\n|\n|t:|1739994079\n|-terastallize|p2b: Raging Bolt|Fairy\n|move|p1b: Iron Valiant|Coaching|p1a: Okidogi\n|-boost|p1a: Okidogi|atk|1\n|-boost|p1a: Okidogi|def|1\n|move|p2a: Zamazenta|Behemoth Bash|p1b: Iron Valiant\n|-supereffective|p1b: Iron Valiant\n|-damage|p1b: Iron Valiant|0 fnt\n|faint|p1b: Iron Valiant\n|-end|p1b: Iron Valiant|Quark Drive|[silent]\n|move|p1a: Okidogi|Drain Punch|p2b: Raging Bolt\n|-resisted|p2b: Raging Bolt\n|-damage|p2b: Raging Bolt|72\/100\n|-heal|p1a: Okidogi|91\/100|[from] drain|[of] p2b: Raging Bolt\n|move|p2b: Raging Bolt|Draco Meteor|p1a: Okidogi\n|-damage|p1a: Okidogi|40\/100\n|-unboost|p2b: Raging Bolt|spa|2\n|\n|upkeep\n|\n|t:|1739994089\n|switch|p1b: Calyrex|Calyrex-Shadow, L50|100\/100\n|-ability|p1b: Calyrex|As One\n|-ability|p1b: Calyrex|Unnerve\n|turn|4\n|inactive|pokehys4 has 30 seconds left.\n|\n|t:|1739994117\n|-terastallize|p1b: Calyrex|Ghost\n|move|p2b: Raging Bolt|Thunderclap|p1a: Okidogi\n|-damage|p1a: Okidogi|26\/100\n|move|p1b: Calyrex|Shadow Ball|p2b: Raging Bolt\n|-damage|p2b: Raging Bolt|12\/100\n|move|p2a: Zamazenta|Behemoth Bash|p1a: Okidogi\n|-damage|p1a: Okidogi|10\/100\n|move|p1a: Okidogi|Drain Punch|p2a: Zamazenta\n|-supereffective|p2a: Zamazenta\n|-damage|p2a: Zamazenta|3\/100\n|-heal|p1a: Okidogi|35\/100|[from] drain|[of] p2a: Zamazenta\n|\n|upkeep\n|turn|5\n|inactive|pokehys4 has 30 seconds left.\n|j| futonkagebunshin\n|inactive|pokehys4 has 20 seconds left.\n|\n|t:|1739994154\n|switch|p1b: Maushold|Maushold, L50|100\/100\n|-end|p2b: Raging Bolt|Protosynthesis|[silent]\n|switch|p2b: Chi-Yu|Chi-Yu, L50|100\/100\n|-ability|p2b: Chi-Yu|Beads of Ruin\n|move|p2a: Zamazenta|Protect|p2a: Zamazenta\n|-singleturn|p2a: Zamazenta|Protect\n|move|p1a: Okidogi|Drain Punch|p2b: Chi-Yu\n|-supereffective|p2b: Chi-Yu\n|-damage|p2b: Chi-Yu|0 fnt\n|-heal|p1a: Okidogi|71\/100|[from] drain|[of] p2b: Chi-Yu\n|faint|p2b: Chi-Yu\n|\n|upkeep\n|\n|t:|1739994174\n|switch|p2b: Raging Bolt|Raging Bolt, L50, tera:Fairy|12\/100\n|turn|6\n|\n|t:|1739994183\n|move|p1b: Maushold|Feint|p2a: Zamazenta\n|-resisted|p2a: Zamazenta\n|-damage|p2a: Zamazenta|1\/100\n|move|p2b: Raging Bolt|Thunderclap|p1a: Okidogi\n|-damage|p1a: Okidogi|51\/100\n|move|p2a: Zamazenta|Body Press|p1b: Maushold\n|-supereffective|p1b: Maushold\n|-crit|p1b: Maushold\n|-damage|p1b: Maushold|0 fnt\n|faint|p1b: Maushold\n|move|p1a: Okidogi|Drain Punch|p2b: Raging Bolt\n|-resisted|p2b: Raging Bolt\n|-crit|p2b: Raging Bolt\n|-damage|p2b: Raging Bolt|0 fnt\n|-heal|p1a: Okidogi|57\/100|[from] drain|[of] p2b: Raging Bolt\n|faint|p2b: Raging Bolt\n|-end|p2b: Raging Bolt|Protosynthesis|[silent]\n|\n|upkeep\n|\n|t:|1739994194\n|switch|p1b: Calyrex|Calyrex-Shadow, L50, tera:Ghost|100\/100\n|switch|p2b: Chien-Pao|Chien-Pao, L50|100\/100\n|-ability|p1b: Calyrex|As One\n|-ability|p1b: Calyrex|Unnerve\n|-ability|p2b: Chien-Pao|Sword of Ruin\n|turn|7\n|\n|t:|1739994205\n|move|p2b: Chien-Pao|Protect|p2b: Chien-Pao\n|-singleturn|p2b: Chien-Pao|Protect\n|move|p1a: Okidogi|Upper Hand||[still]\n|-fail|p1a: Okidogi\n|move|p1b: Calyrex|Shadow Ball|p2a: Zamazenta\n|-damage|p2a: Zamazenta|0 fnt\n|faint|p2a: Zamazenta\n|-ability|p1b: Calyrex|Grim Neigh|boost\n|-boost|p1b: Calyrex|spa|1\n|\n|upkeep\n|turn|8\n|\n|t:|1739994216\n|move|p1b: Calyrex|Shadow Ball|p2b: Chien-Pao\n|-resisted|p2b: Chien-Pao\n|-enditem|p2b: Chien-Pao|Focus Sash\n|-damage|p2b: Chien-Pao|1\/100\n|-unboost|p2b: Chien-Pao|spd|1\n|move|p2b: Chien-Pao|Throat Chop|p1b: Calyrex\n|-supereffective|p1b: Calyrex\n|-damage|p1b: Calyrex|0 fnt\n|faint|p1b: Calyrex\n|move|p1a: Okidogi|Drain Punch|p2b: Chien-Pao\n|-supereffective|p2b: Chien-Pao\n|-damage|p2b: Chien-Pao|0 fnt\n|-heal|p1a: Okidogi|58\/100|[from] drain|[of] p2b: Chien-Pao\n|faint|p2b: Chien-Pao\n|\n|win|pokehys4\n|raw|pokehys4's rating: 1713 &rarr; <strong>1728<\/strong><br \/>(+15 for winning)\n|raw|Lkizzz's rating: 1627 &rarr; <strong>1612<\/strong><br \/>(-15 for losing)\n|l|\u2606Lkizzz\n|player|p2|\n|l|\u2606pokehys4\n|player|p1|\n|l| TcChains\n","uploadtime":1739994459,"views":5,"formatid":"gen9vgc2025regg","rating":1612,"private":0,"password":null}