{"id":"gen9vgc2025regg-2303788637","format":"[Gen 9] VGC 2025 Reg G","players":["zhz2021","jasonrfry3"],"log":"|j|\u2606zhz2021\n|j|\u2606jasonrfry3\n|t:|1739975637\n|gametype|doubles\n|player|p1|zhz2021|marley|1583\n|player|p2|jasonrfry3|170|1505\n|teamsize|p1|6\n|teamsize|p2|6\n|gen|9\n|tier|[Gen 9] VGC 2025 Reg G\n|rated|\n|rule|Species Clause: Limit one of each Pok\u00e9mon\n|rule|Item Clause: Limit 1 of each item\n|clearpoke\n|poke|p1|Urshifu-*, L50, M|\n|poke|p1|Bruxish, L50, F|\n|poke|p1|Smeargle, L50, M|\n|poke|p1|Calyrex-Ice, L50|\n|poke|p1|Tornadus, L50, M|\n|poke|p1|Weezing-Galar, L50, F|\n|poke|p2|Mimikyu, L50, F|\n|poke|p2|Enamorus-Therian, L50, F|\n|poke|p2|Okidogi, L50, M|\n|poke|p2|Calyrex-Ice, L50|\n|poke|p2|Ogerpon-Cornerstone, L50, F|\n|poke|p2|Whimsicott, L50, M|\n|teampreview|4\n|inactive|Battle timer is ON: inactive players will automatically lose when time's up. (requested by jasonrfry3)\n|inactive|zhz2021 has 60 seconds left.\n|\n|t:|1739975708\n|start\n|switch|p1a: Calyrex|Calyrex-Ice, L50|100\/100\n|switch|p1b: Smeargle|Smeargle, L50, M, shiny|100\/100\n|switch|p2a: Mimikyu|Mimikyu, L50, F, shiny|100\/100\n|switch|p2b: Ogerpon|Ogerpon-Cornerstone, L50, F|100\/100\n|-ability|p1a: Calyrex|As One\n|-ability|p1a: Calyrex|Unnerve\n|turn|1\n|\n|t:|1739975717\n|move|p1b: Smeargle|Fake Out|p2b: Ogerpon\n|-resisted|p2b: Ogerpon\n|-damage|p2b: Ogerpon|97\/100\n|cant|p2b: Ogerpon|flinch\n|move|p2a: Mimikyu|Will-O-Wisp|p1a: Calyrex\n|-status|p1a: Calyrex|brn\n|move|p1a: Calyrex|Imprison|p1a: Calyrex\n|-start|p1a: Calyrex|move: Imprison\n|\n|-damage|p1a: Calyrex|94\/100 brn|[from] brn\n|-ability|p1b: Smeargle|Moody|boost\n|-boost|p1b: Smeargle|spe|2\n|-unboost|p1b: Smeargle|spa|1\n|-enditem|p1b: Smeargle|Eject Pack\n|upkeep\n|\n|t:|1739975727\n|switch|p1b: Urshifu|Urshifu, L50, M|100\/100\n|turn|2\n|\n|t:|1739975735\n|-terastallize|p1b: Urshifu|Ghost\n|move|p1a: Calyrex|Protect|p1a: Calyrex\n|-singleturn|p1a: Calyrex|Protect\n|move|p2b: Ogerpon|Ivy Cudgel|p1a: Calyrex|[anim] Ivy Cudgel Rock\n|-activate|p1a: Calyrex|move: Protect\n|move|p2a: Mimikyu|Will-O-Wisp|p1b: Urshifu\n|-status|p1b: Urshifu|brn\n|move|p1b: Urshifu|Close Combat|p2b: Ogerpon\n|-supereffective|p2b: Ogerpon\n|-damage|p2b: Ogerpon|0 fnt\n|-unboost|p1b: Urshifu|def|1\n|-unboost|p1b: Urshifu|spd|1\n|faint|p2b: Ogerpon\n|\n|-damage|p1b: Urshifu|95\/100 brn|[from] brn\n|-damage|p1a: Calyrex|88\/100 brn|[from] brn\n|upkeep\n|\n|t:|1739975742\n|switch|p2b: Enamorus|Enamorus-Therian, L50, F|100\/100\n|turn|3\n|\n|t:|1739975749\n|switch|p1b: Tornadus|Tornadus, L50, M|100\/100\n|-terastallize|p2b: Enamorus|Fairy\n|move|p2a: Mimikyu|Curse|p1a: Calyrex\n|-start|p1a: Calyrex|Curse|[of] p2a: Mimikyu\n|-damage|p2a: Mimikyu|50\/100\n|move|p1a: Calyrex|Glacial Lance|p2b: Enamorus|[spread] p2a,p2b\n|-activate|p2a: Mimikyu|ability: Disguise\n|-damage|p2a: Mimikyu|50\/100\n|-damage|p2b: Enamorus|74\/100\n|detailschange|p2a: Mimikyu|Mimikyu-Busted, L50, F, shiny\n|-damage|p2a: Mimikyu|38\/100|[from] pokemon: Mimikyu-Busted\n|move|p2b: Enamorus|Dazzling Gleam|p1a: Calyrex|[spread] p1a,p1b\n|-damage|p1a: Calyrex|42\/100 brn\n|-damage|p1b: Tornadus|20\/100\n|-damage|p2b: Enamorus|64\/100|[from] item: Life Orb\n|\n|-damage|p1a: Calyrex|36\/100 brn|[from] brn\n|-damage|p1a: Calyrex|11\/100 brn|[from] Curse\n|upkeep\n|turn|4\n|inactive|jasonrfry3 has 30 seconds left.\n|\n|t:|1739975778\n|move|p1b: Tornadus|Tailwind|p1b: Tornadus\n|-sidestart|p1: zhz2021|move: Tailwind\n|move|p1a: Calyrex|Glacial Lance|p2a: Mimikyu|[spread] p2a,p2b\n|-damage|p2a: Mimikyu|0 fnt\n|-damage|p2b: Enamorus|36\/100\n|faint|p2a: Mimikyu\n|-ability|p1a: Calyrex|Chilling Neigh|boost\n|-boost|p1a: Calyrex|atk|1\n|move|p2b: Enamorus|Dazzling Gleam|p1a: Calyrex|[spread] p1a,p1b\n|-damage|p1a: Calyrex|0 fnt\n|-damage|p1b: Tornadus|0 fnt\n|faint|p1a: Calyrex\n|faint|p1b: Tornadus\n|-damage|p2b: Enamorus|26\/100|[from] item: Life Orb\n|\n|upkeep\n|\n|t:|1739975783\n|switch|p1b: Smeargle|Smeargle, L50, M, shiny|100\/100\n|switch|p2a: Calyrex|Calyrex-Ice, L50|100\/100\n|switch|p1a: Urshifu|Urshifu, L50, M, tera:Ghost|95\/100 brn\n|-ability|p2a: Calyrex|As One\n|-ability|p2a: Calyrex|Unnerve\n|turn|5\n|\n|t:|1739975804\n|move|p1a: Urshifu|Wicked Blow|p2a: Calyrex\n|-supereffective|p2a: Calyrex\n|-crit|p2a: Calyrex\n|-damage|p2a: Calyrex|43\/100\n|move|p1b: Smeargle|Spore|p2b: Enamorus\n|-immune|p2b: Enamorus|[from] ability: Overcoat\n|move|p2a: Calyrex|Glacial Lance|p1b: Smeargle|[spread] p1a,p1b\n|-damage|p1a: Urshifu|43\/100 brn\n|-damage|p1b: Smeargle|10\/100\n|move|p2b: Enamorus|Moonblast|p1a: Urshifu\n|-damage|p1a: Urshifu|0 fnt\n|faint|p1a: Urshifu\n|-damage|p2b: Enamorus|16\/100|[from] item: Life Orb\n|\n|-ability|p1b: Smeargle|Moody|boost\n|-boost|p1b: Smeargle|def|2\n|-unboost|p1b: Smeargle|spe|1\n|upkeep\n|turn|6\n|-message|zhz2021 forfeited.\n|\n|win|jasonrfry3\n|raw|zhz2021's rating: 1560 &rarr; <strong>1537<\/strong><br \/>(-23 for losing)\n|raw|jasonrfry3's rating: 1505 &rarr; <strong>1528<\/strong><br \/>(+23 for winning)\n|l|\u2606zhz2021\n|player|p1|\n|l|\u2606jasonrfry3\n|player|p2|\n","uploadtime":1739975818,"views":5,"formatid":"gen9vgc2025regg","rating":1528,"private":0,"password":null}