{"id":"gen9vgc2025regg-2303512356","format":"[Gen 9] VGC 2025 Reg G","players":["helio list","Hanou143"],"log":"|j|\u2606helio list\n|j|\u2606Hanou143\n|t:|1739931175\n|gametype|doubles\n|player|p1|helio list|pokemonbreederf|1552\n|player|p2|Hanou143|170|1566\n|teamsize|p1|6\n|teamsize|p2|6\n|gen|9\n|tier|[Gen 9] VGC 2025 Reg G\n|rated|\n|rule|Species Clause: Limit one of each Pok\u00e9mon\n|rule|Item Clause: Limit 1 of each item\n|clearpoke\n|poke|p1|Calyrex-Shadow, L50|\n|poke|p1|Clefairy, L50, M|\n|poke|p1|Rillaboom, L50, F|\n|poke|p1|Urshifu-*, L50, F|\n|poke|p1|Tornadus, L50, M|\n|poke|p1|Chi-Yu, L50|\n|poke|p2|Calyrex-Shadow, L50|\n|poke|p2|Jigglypuff, L50, M|\n|poke|p2|Pelipper, L50, F|\n|poke|p2|Rillaboom, L50, M|\n|poke|p2|Incineroar, L50, F|\n|poke|p2|Urshifu-*, L50, M|\n|teampreview|4\n|inactive|Battle timer is ON: inactive players will automatically lose when time's up. (requested by helio list)\n|inactive|Hanou143 has 60 seconds left.\n|\n|t:|1739931213\n|start\n|switch|p1a: Tornadus|Tornadus, L50, M|100\/100\n|switch|p1b: Chi-Yu|Chi-Yu, L50|100\/100\n|switch|p2a: Calyrex|Calyrex-Shadow, L50|100\/100\n|switch|p2b: Incineroar|Incineroar, L50, F|100\/100\n|-ability|p2a: Calyrex|As One\n|-ability|p2a: Calyrex|Unnerve\n|-ability|p1b: Chi-Yu|Beads of Ruin\n|-ability|p2b: Incineroar|Intimidate|boost\n|-unboost|p1a: Tornadus|atk|1\n|-unboost|p1b: Chi-Yu|atk|1\n|turn|1\n|j| IceIceCrazy\n|inactive|Hanou143 has 30 seconds left.\n|inactive|Hanou143 has 20 seconds left.\n|j| gutyhbat\n|inactive|Hanou143 has 15 seconds left.\n|\n|t:|1739931253\n|move|p2a: Calyrex|Protect|p2a: Calyrex\n|-singleturn|p2a: Calyrex|Protect\n|move|p1a: Tornadus|Tailwind|p1a: Tornadus\n|-sidestart|p1: helio list|move: Tailwind\n|move|p1b: Chi-Yu|Snarl|p2a: Calyrex|[spread] p2b\n|-activate|p2a: Calyrex|move: Protect\n|-resisted|p2b: Incineroar\n|-damage|p2b: Incineroar|84\/100\n|-unboost|p2b: Incineroar|spa|1\n|move|p2b: Incineroar|Knock Off|p1b: Chi-Yu\n|-resisted|p1b: Chi-Yu\n|-damage|p1b: Chi-Yu|70\/100\n|-enditem|p1b: Chi-Yu|Choice Specs|[from] move: Knock Off|[of] p2b: Incineroar\n|\n|upkeep\n|turn|2\n|inactive|Hanou143 has 30 seconds left.\n|\n|t:|1739931282\n|-terastallize|p2a: Calyrex|Grass\n|move|p1a: Tornadus|Bleakwind Storm|p2a: Calyrex|[spread] p2a\n|-miss|p1a: Tornadus|p2b: Incineroar\n|-supereffective|p2a: Calyrex\n|-damage|p2a: Calyrex|22\/100\n|move|p1b: Chi-Yu|Snarl|p2b: Incineroar|[spread] p2a,p2b\n|-resisted|p2b: Incineroar\n|-damage|p2a: Calyrex|0 fnt\n|-damage|p2b: Incineroar|72\/100\n|-unboost|p2b: Incineroar|spa|1\n|faint|p2a: Calyrex\n|move|p2b: Incineroar|Flare Blitz|p1a: Tornadus\n|-damage|p1a: Tornadus|8\/100\n|-damage|p2b: Incineroar|44\/100|[from] Recoil\n|-enditem|p2b: Incineroar|Sitrus Berry|[eat]\n|-heal|p2b: Incineroar|68\/100|[from] item: Sitrus Berry\n|\n|upkeep\n|\n|t:|1739931291\n|switch|p2a: Jigglypuff|Jigglypuff, L50, M|100\/100\n|turn|3\n|inactive|Hanou143 has 30 seconds left.\n|\n|t:|1739931318\n|move|p1a: Tornadus|Bleakwind Storm|p2b: Incineroar|[spread] p2a,p2b\n|-damage|p2a: Jigglypuff|52\/100\n|-damage|p2b: Incineroar|38\/100\n|move|p1b: Chi-Yu|Heat Wave|p2a: Jigglypuff|[spread] p2a,p2b\n|-resisted|p2b: Incineroar\n|-damage|p2a: Jigglypuff|4\/100\n|-damage|p2b: Incineroar|22\/100\n|move|p2b: Incineroar|Knock Off|p1a: Tornadus\n|-damage|p1a: Tornadus|0 fnt\n|-enditem|p1a: Tornadus|Covert Cloak|[from] move: Knock Off|[of] p2b: Incineroar\n|faint|p1a: Tornadus\n|move|p2a: Jigglypuff|Sing|p1b: Chi-Yu\n|-status|p1b: Chi-Yu|slp|[from] move: Sing\n|\n|upkeep\n|\n|t:|1739931327\n|switch|p1a: Calyrex|Calyrex-Shadow, L50|100\/100\n|-ability|p1a: Calyrex|As One\n|-ability|p1a: Calyrex|Unnerve\n|turn|4\n|\n|t:|1739931341\n|-terastallize|p1a: Calyrex|Dark\n|move|p1a: Calyrex|Astral Barrage|p2a: Jigglypuff|[spread] p2b\n|-immune|p2a: Jigglypuff\n|-resisted|p2b: Incineroar\n|-damage|p2b: Incineroar|0 fnt\n|faint|p2b: Incineroar\n|-ability|p1a: Calyrex|Grim Neigh|boost\n|-boost|p1a: Calyrex|spa|1\n|-damage|p1a: Calyrex|91\/100|[from] item: Life Orb\n|cant|p1b: Chi-Yu|slp\n|move|p2a: Jigglypuff|Sing|p1a: Calyrex\n|-status|p1a: Calyrex|slp|[from] move: Sing\n|\n|-sideend|p1: helio list|move: Tailwind\n|upkeep\n|\n|t:|1739931355\n|switch|p2b: Pelipper|Pelipper, L50, F|100\/100\n|-weather|RainDance|[from] ability: Drizzle|[of] p2b: Pelipper\n|turn|5\n|\n|t:|1739931367\n|cant|p1a: Calyrex|slp\n|cant|p1b: Chi-Yu|slp\n|move|p2b: Pelipper|Water Pulse|p1b: Chi-Yu\n|-supereffective|p1b: Chi-Yu\n|-damage|p1b: Chi-Yu|0 fnt\n|faint|p1b: Chi-Yu\n|move|p2a: Jigglypuff|Alluring Voice|p1a: Calyrex\n|-supereffective|p1a: Calyrex\n|-damage|p1a: Calyrex|60\/100 slp\n|\n|-weather|RainDance|[upkeep]\n|upkeep\n|\n|t:|1739931371\n|switch|p1b: Rillaboom|Rillaboom, L50, F|100\/100\n|-fieldstart|move: Grassy Terrain|[from] ability: Grassy Surge|[of] p1b: Rillaboom\n|turn|6\n|\n|t:|1739931387\n|move|p2a: Jigglypuff|Protect|p2a: Jigglypuff\n|-singleturn|p2a: Jigglypuff|Protect\n|move|p1b: Rillaboom|Grassy Glide|p2a: Jigglypuff\n|-activate|p2a: Jigglypuff|move: Protect\n|cant|p1a: Calyrex|slp\n|move|p2b: Pelipper|Hurricane|p1b: Rillaboom\n|-supereffective|p1b: Rillaboom\n|-damage|p1b: Rillaboom|35\/100\n|\n|-weather|RainDance|[upkeep]\n|-heal|p1a: Calyrex|66\/100 slp|[from] Grassy Terrain\n|-heal|p1b: Rillaboom|41\/100|[from] Grassy Terrain\n|-heal|p2a: Jigglypuff|10\/100|[from] Grassy Terrain\n|upkeep\n|turn|7\n|inactive|Hanou143 has 30 seconds left.\n|\n|t:|1739931421\n|move|p2a: Jigglypuff|Protect||[still]\n|-fail|p2a: Jigglypuff\n|move|p1b: Rillaboom|Grassy Glide|p2a: Jigglypuff\n|-damage|p2a: Jigglypuff|0 fnt\n|faint|p2a: Jigglypuff\n|-curestatus|p1a: Calyrex|slp|[msg]\n|move|p1a: Calyrex|Psychic|p2b: Pelipper\n|-crit|p2b: Pelipper\n|-enditem|p2b: Pelipper|Focus Sash\n|-damage|p2b: Pelipper|1\/100\n|-damage|p1a: Calyrex|56\/100|[from] item: Life Orb\n|move|p2b: Pelipper|Hurricane|p1b: Rillaboom\n|-supereffective|p1b: Rillaboom\n|-damage|p1b: Rillaboom|0 fnt\n|faint|p1b: Rillaboom\n|\n|-weather|RainDance|[upkeep]\n|-heal|p1a: Calyrex|63\/100|[from] Grassy Terrain\n|upkeep\n|turn|8\n|-message|Hanou143 forfeited.\n|\n|win|helio list\n|raw|helio list's rating: 1552 &rarr; <strong>1573<\/strong><br \/>(+21 for winning)\n|raw|Hanou143's rating: 1566 &rarr; <strong>1545<\/strong><br \/>(-21 for losing)\n|l|\u2606Hanou143\n|player|p2|\n|l|\u2606helio list\n|player|p1|\n|l| IceIceCrazy\n|l| gutyhbat\n","uploadtime":1739931644,"views":7,"formatid":"gen9vgc2025regg","rating":1545,"private":0,"password":null}