{"id":"gen9vgc2025regg-2303036565","format":"[Gen 9] VGC 2025 Reg G","players":["pig duck eater","Iamsliverfish"],"log":"|j|\u2606pig duck eater\n|j|\u2606Iamsliverfish\n|t:|1739877903\n|gametype|doubles\n|player|p1|pig duck eater|2|1680\n|player|p2|Iamsliverfish|rood|1774\n|teamsize|p1|6\n|teamsize|p2|6\n|gen|9\n|tier|[Gen 9] VGC 2025 Reg G\n|rated|\n|rule|Species Clause: Limit one of each Pok\u00e9mon\n|rule|Item Clause: Limit 1 of each item\n|clearpoke\n|poke|p1|Koraidon, L50|\n|poke|p1|Gholdengo, L50|\n|poke|p1|Indeedee-F, L50, F|\n|poke|p1|Cyclizar, L50, F|\n|poke|p1|Wo-Chien, L50|\n|poke|p1|Walking Wake, L50|\n|poke|p2|Calyrex-Shadow, L50|\n|poke|p2|Ursaluna, L50, F|\n|poke|p2|Indeedee-F, L50, F|\n|poke|p2|Ogerpon-Wellspring, L50, F|\n|poke|p2|Tornadus, L50, M|\n|poke|p2|Chi-Yu, L50|\n|teampreview|4\n|j| woshiliangzai\n|inactive|Battle timer is ON: inactive players will automatically lose when time's up. (requested by Iamsliverfish)\n|inactive|pig duck eater has 60 seconds left.\n|\n|t:|1739878083\n|start\n|switch|p1a: Koraidon|Koraidon, L50|100\/100\n|switch|p1b: Walking Wake|Walking Wake, L50|100\/100\n|switch|p2a: Tornadus|Tornadus, L50, M|100\/100\n|switch|p2b: Ogerpon|Ogerpon-Wellspring, L50, F|100\/100\n|-weather|SunnyDay|[from] ability: Orichalcum Pulse|[of] p1a: Koraidon\n|-activate|p1b: Walking Wake|ability: Protosynthesis\n|-start|p1b: Walking Wake|protosynthesisspe\n|-activate|p1a: Koraidon|Orichalcum Pulse|[source]\n|turn|1\n|\n|t:|1739878106\n|move|p2b: Ogerpon|Follow Me|p2b: Ogerpon\n|-singleturn|p2b: Ogerpon|move: Follow Me\n|move|p2a: Tornadus|Rain Dance|p2a: Tornadus\n|-weather|RainDance\n|-end|p1b: Walking Wake|Protosynthesis\n|move|p1a: Koraidon|U-turn|p2b: Ogerpon\n|-supereffective|p2b: Ogerpon\n|-damage|p2b: Ogerpon|39\/100\n|\n|t:|1739878119\n|switch|p1a: Indeedee|Indeedee-F, L50, F|100\/100|[from] U-turn\n|-fieldstart|move: Psychic Terrain|[from] ability: Psychic Surge|[of] p1a: Indeedee\n|-enditem|p1a: Indeedee|Psychic Seed\n|-boost|p1a: Indeedee|spd|1|[from] item: Psychic Seed\n|move|p1b: Walking Wake|Draco Meteor|p2b: Ogerpon\n|-damage|p2b: Ogerpon|0 fnt\n|-unboost|p1b: Walking Wake|spa|2\n|faint|p2b: Ogerpon\n|\n|-weather|RainDance|[upkeep]\n|upkeep\n|\n|t:|1739878141\n|switch|p2b: Calyrex|Calyrex-Shadow, L50|100\/100\n|-ability|p2b: Calyrex|As One\n|-ability|p2b: Calyrex|Unnerve\n|turn|2\n|\n|t:|1739878156\n|move|p2b: Calyrex|Expanding Force|p1a: Indeedee|[spread] p1a,p1b\n|-resisted|p1a: Indeedee\n|-damage|p1a: Indeedee|69\/100\n|-enditem|p1b: Walking Wake|Focus Sash\n|-damage|p1b: Walking Wake|1\/100\n|-damage|p2b: Calyrex|91\/100|[from] item: Life Orb\n|move|p1b: Walking Wake|Snarl|p2b: Calyrex|[spread] p2a,p2b\n|-supereffective|p2b: Calyrex\n|-damage|p2a: Tornadus|91\/100\n|-damage|p2b: Calyrex|63\/100\n|-unboost|p2a: Tornadus|spa|1\n|-unboost|p2b: Calyrex|spa|1\n|move|p2a: Tornadus|Bleakwind Storm|p1b: Walking Wake|[spread] p1a,p1b\n|-damage|p1a: Indeedee|54\/100\n|-damage|p1b: Walking Wake|0 fnt\n|-unboost|p1a: Indeedee|spe|1\n|faint|p1b: Walking Wake\n|-end|p1b: Walking Wake|Protosynthesis|[silent]\n|move|p1a: Indeedee|Trick Room|p1a: Indeedee\n|-fieldstart|move: Trick Room|[of] p1a: Indeedee\n|\n|-weather|RainDance|[upkeep]\n|upkeep\n|\n|t:|1739878169\n|switch|p1b: Wo-Chien|Wo-Chien, L50|100\/100\n|-ability|p1b: Wo-Chien|Tablets of Ruin\n|turn|3\n|inactive|Iamsliverfish has 30 seconds left.\n|\n|t:|1739878195\n|switch|p2b: Chi-Yu|Chi-Yu, L50|100\/100\n|-ability|p2b: Chi-Yu|Beads of Ruin\n|move|p1a: Indeedee|Dazzling Gleam|p2b: Chi-Yu|[spread] p2a,p2b\n|-damage|p2a: Tornadus|70\/100\n|-damage|p2b: Chi-Yu|86\/100\n|move|p1b: Wo-Chien|Foul Play|p2b: Chi-Yu\n|-resisted|p2b: Chi-Yu\n|-damage|p2b: Chi-Yu|69\/100\n|move|p2a: Tornadus|Bleakwind Storm|p1a: Indeedee|[spread] p1a,p1b\n|-supereffective|p1b: Wo-Chien\n|-damage|p1a: Indeedee|33\/100\n|-damage|p1b: Wo-Chien|53\/100\n|-unboost|p1a: Indeedee|spe|1\n|-unboost|p1b: Wo-Chien|spe|1\n|\n|-weather|RainDance|[upkeep]\n|-heal|p1b: Wo-Chien|59\/100|[from] item: Leftovers\n|upkeep\n|turn|4\n|inactive|pig duck eater has 30 seconds left.\n|inactive|pig duck eater has 20 seconds left.\n|inactive|pig duck eater has 15 seconds left.\n|\n|t:|1739878240\n|-terastallize|p1a: Indeedee|Dragon\n|move|p1a: Indeedee|Dazzling Gleam|p2b: Chi-Yu|[spread] p2a,p2b\n|-damage|p2a: Tornadus|50\/100\n|-damage|p2b: Chi-Yu|55\/100\n|move|p1b: Wo-Chien|Pollen Puff|p1a: Indeedee\n|-heal|p1a: Indeedee|82\/100\n|move|p2a: Tornadus|Bleakwind Storm|p1a: Indeedee|[spread] p1a,p1b\n|-supereffective|p1b: Wo-Chien\n|-damage|p1a: Indeedee|60\/100\n|-damage|p1b: Wo-Chien|11\/100\n|-unboost|p1a: Indeedee|spe|1\n|move|p2b: Chi-Yu|Heat Wave|p1b: Wo-Chien|[spread] p1a\n|-miss|p2b: Chi-Yu|p1b: Wo-Chien\n|-resisted|p1a: Indeedee\n|-damage|p1a: Indeedee|52\/100\n|\n|-weather|RainDance|[upkeep]\n|-heal|p1b: Wo-Chien|17\/100|[from] item: Leftovers\n|upkeep\n|turn|5\n|\n|t:|1739878261\n|-terastallize|p2a: Tornadus|Steel\n|move|p1a: Indeedee|Dazzling Gleam|p2b: Chi-Yu|[spread] p2a,p2b\n|-resisted|p2a: Tornadus\n|-damage|p2a: Tornadus|40\/100\n|-damage|p2b: Chi-Yu|39\/100\n|move|p1b: Wo-Chien|Foul Play|p2a: Tornadus\n|-damage|p2a: Tornadus|5\/100\n|move|p2a: Tornadus|Bleakwind Storm|p1a: Indeedee|[spread] p1a,p1b\n|-supereffective|p1b: Wo-Chien\n|-damage|p1a: Indeedee|33\/100\n|-damage|p1b: Wo-Chien|0 fnt\n|faint|p1b: Wo-Chien\n|move|p2b: Chi-Yu|Heat Wave|p1a: Indeedee|[miss]\n|-miss|p2b: Chi-Yu|p1a: Indeedee\n|\n|-weather|none\n|-fieldend|move: Psychic Terrain\n|upkeep\n|\n|t:|1739878265\n|switch|p1b: Koraidon|Koraidon, L50|100\/100\n|-weather|SunnyDay|[from] ability: Orichalcum Pulse|[of] p1b: Koraidon\n|-activate|p1b: Koraidon|Orichalcum Pulse|[source]\n|turn|6\n|inactive|Iamsliverfish has 30 seconds left.\n|inactive|Iamsliverfish has 20 seconds left.\n|\n|t:|1739878302\n|switch|p2a: Calyrex|Calyrex-Shadow, L50|63\/100\n|-ability|p2a: Calyrex|As One\n|-ability|p2a: Calyrex|Unnerve\n|move|p1a: Indeedee|Dazzling Gleam|p2b: Chi-Yu|[spread] p2a,p2b\n|-damage|p2a: Calyrex|47\/100\n|-damage|p2b: Chi-Yu|23\/100\n|move|p2b: Chi-Yu|Heat Wave|p1a: Indeedee|[spread] p1b\n|-miss|p2b: Chi-Yu|p1a: Indeedee\n|-resisted|p1b: Koraidon\n|-damage|p1b: Koraidon|59\/100\n|-status|p1b: Koraidon|brn\n|move|p1b: Koraidon|Flare Blitz|p2b: Chi-Yu\n|-resisted|p2b: Chi-Yu\n|-damage|p2b: Chi-Yu|0 fnt\n|faint|p2b: Chi-Yu\n|-damage|p1b: Koraidon|53\/100 brn|[from] Recoil\n|\n|-weather|SunnyDay|[upkeep]\n|-damage|p1b: Koraidon|47\/100 brn|[from] brn\n|-fieldend|move: Trick Room\n|upkeep\n|\n|t:|1739878304\n|switch|p2b: Tornadus|Tornadus, L50, M, tera:Steel|5\/100\n|turn|7\n|-message|pig duck eater forfeited.\n|\n|win|Iamsliverfish\n|raw|pig duck eater's rating: 1680 &rarr; <strong>1667<\/strong><br \/>(-13 for losing)\n|raw|Iamsliverfish's rating: 1805 &rarr; <strong>1818<\/strong><br \/>(+13 for winning)\n|l|\u2606pig duck eater\n|player|p1|\n|l|\u2606Iamsliverfish\n|player|p2|\n","uploadtime":1739878504,"views":9,"formatid":"gen9vgc2025regg","rating":1667,"private":0,"password":null}