{"id":"gen9vgc2025regg-2303111843","format":"[Gen 9] VGC 2025 Reg G","players":["shihevper1","Luca8"],"log":"|j|\u2606shihevper1\n|j|\u2606Luca8\n|t:|1739888301\n|gametype|doubles\n|player|p1|shihevper1|lucas|1513\n|player|p2|Luca8|flint|1623\n|teamsize|p1|6\n|teamsize|p2|6\n|gen|9\n|tier|[Gen 9] VGC 2025 Reg G\n|rated|\n|rule|Species Clause: Limit one of each Pok\u00e9mon\n|rule|Item Clause: Limit 1 of each item\n|clearpoke\n|poke|p1|Kyogre, L50|\n|poke|p1|Roaring Moon, L50|\n|poke|p1|Landorus, L50, M|\n|poke|p1|Bruxish, L50, F|\n|poke|p1|Indeedee-F, L50, F|\n|poke|p1|Scizor, L50, F|\n|poke|p2|Farigiraf, L50, F|\n|poke|p2|Urshifu-*, L50, F|\n|poke|p2|Clefairy, L50, F|\n|poke|p2|Calyrex-Ice, L50|\n|poke|p2|Ogerpon-Wellspring, L50, F|\n|poke|p2|Raging Bolt, L50|\n|teampreview|4\n|\n|t:|1739888358\n|start\n|switch|p1a: Kyogre|Kyogre, L50|100\/100\n|switch|p1b: Bruxish|Bruxish, L50, F|100\/100\n|switch|p2a: Raging Bolt|Raging Bolt, L50|100\/100\n|switch|p2b: Ogerpon|Ogerpon-Wellspring, L50, F|100\/100\n|-weather|RainDance|[from] ability: Drizzle|[of] p1a: Kyogre\n|-enditem|p2a: Raging Bolt|Booster Energy\n|-activate|p2a: Raging Bolt|ability: Protosynthesis|[fromitem]\n|-start|p2a: Raging Bolt|protosynthesisspa\n|turn|1\n|\n|t:|1739888393\n|switch|p1a: Scizor|Scizor, L50, F|100\/100\n|move|p1b: Bruxish|Super Fang|p2b: Ogerpon\n|-damage|p2b: Ogerpon|51\/100\n|move|p2b: Ogerpon|Horn Leech|p1a: Scizor\n|-resisted|p1a: Scizor\n|-damage|p1a: Scizor|89\/100\n|-heal|p2b: Ogerpon|56\/100|[from] drain|[of] p1a: Scizor\n|move|p2a: Raging Bolt|Draco Meteor|p1a: Scizor|[miss]\n|-miss|p2a: Raging Bolt|p1a: Scizor\n|\n|-weather|RainDance|[upkeep]\n|upkeep\n|turn|2\n|\n|t:|1739888412\n|move|p1b: Bruxish|Super Fang|p2a: Raging Bolt\n|-damage|p2a: Raging Bolt|51\/100\n|move|p2b: Ogerpon|Horn Leech|p1b: Bruxish\n|-supereffective|p1b: Bruxish\n|-enditem|p1b: Bruxish|Focus Sash\n|-damage|p1b: Bruxish|1\/100\n|-heal|p2b: Ogerpon|95\/100|[from] drain|[of] p1b: Bruxish\n|move|p2a: Raging Bolt|Thunder Wave|p1a: Scizor\n|-status|p1a: Scizor|par\n|move|p1a: Scizor|U-turn|p2a: Raging Bolt\n|-damage|p2a: Raging Bolt|5\/100\n|j| God of restricted\n|\n|t:|1739888433\n|switch|p1a: Kyogre|Kyogre, L50|100\/100|[from] U-turn\n|\n|-weather|RainDance|[upkeep]\n|upkeep\n|turn|3\n|\n|t:|1739888446\n|move|p2a: Raging Bolt|Protect|p2a: Raging Bolt\n|-singleturn|p2a: Raging Bolt|Protect\n|move|p1b: Bruxish|Psychic Fangs|p2b: Ogerpon\n|-damage|p2b: Ogerpon|48\/100\n|move|p1a: Kyogre|Thunder|p2b: Ogerpon\n|-damage|p2b: Ogerpon|0 fnt\n|faint|p2b: Ogerpon\n|\n|-weather|RainDance|[upkeep]\n|upkeep\n|j| Skiameseul\n|l| Skiameseul\n|\n|t:|1739888459\n|switch|p2b: Calyrex|Calyrex-Ice, L50|100\/100\n|-ability|p2b: Calyrex|As One\n|-ability|p2b: Calyrex|Unnerve\n|turn|4\n|\n|t:|1739888497\n|switch|p1a: Scizor|Scizor, L50, F|89\/100 par\n|move|p1b: Bruxish|Taunt|p2b: Calyrex\n|-start|p2b: Calyrex|move: Taunt\n|move|p2a: Raging Bolt|Draco Meteor|p1b: Bruxish|[miss]\n|-miss|p2a: Raging Bolt|p1b: Bruxish\n|cant|p2b: Calyrex|move: Taunt|Trick Room\n|\n|-weather|RainDance|[upkeep]\n|upkeep\n|turn|5\n|\n|t:|1739888523\n|-end|p2a: Raging Bolt|Protosynthesis|[silent]\n|switch|p2a: Clefairy|Clefairy, L50, F|100\/100\n|move|p1b: Bruxish|Super Fang|p2b: Calyrex\n|-damage|p2b: Calyrex|51\/100\n|move|p2b: Calyrex|Glacial Lance|p1a: Scizor|[spread] p1a,p1b\n|-resisted|p1a: Scizor\n|-resisted|p1b: Bruxish\n|-damage|p1a: Scizor|64\/100 par\n|-damage|p1b: Bruxish|0 fnt\n|faint|p1b: Bruxish\n|-ability|p2b: Calyrex|Chilling Neigh|boost\n|-boost|p2b: Calyrex|atk|1\n|cant|p1a: Scizor|par\n|\n|-weather|none\n|upkeep\n|\n|t:|1739888532\n|switch|p1b: Kyogre|Kyogre, L50|100\/100\n|-weather|RainDance|[from] ability: Drizzle|[of] p1b: Kyogre\n|turn|6\n|\n|t:|1739888551\n|-terastallize|p1b: Kyogre|Water\n|move|p1a: Scizor|Bullet Punch|p2b: Calyrex\n|-supereffective|p2b: Calyrex\n|-damage|p2b: Calyrex|7\/100\n|-enditem|p2b: Calyrex|Weakness Policy\n|-boost|p2b: Calyrex|atk|2|[from] item: Weakness Policy\n|-boost|p2b: Calyrex|spa|2|[from] item: Weakness Policy\n|move|p1b: Kyogre|Water Spout|p2b: Calyrex|[spread] p2a,p2b\n|-damage|p2a: Clefairy|0 fnt\n|-damage|p2b: Calyrex|0 fnt\n|faint|p2a: Clefairy\n|faint|p2b: Calyrex\n|\n|-weather|RainDance|[upkeep]\n|upkeep\n|-message|Luca8 forfeited.\n|\n|win|shihevper1\n|raw|shihevper1's rating: 1513 &rarr; <strong>1539<\/strong><br \/>(+26 for winning)\n|raw|Luca8's rating: 1623 &rarr; <strong>1597<\/strong><br \/>(-26 for losing)\n|l|\u2606Luca8\n|player|p2|\n|l| God of restricted\n|l|\u2606shihevper1\n|player|p1|\n","uploadtime":1739888804,"views":5,"formatid":"gen9vgc2025regg","rating":1539,"private":0,"password":null}