{"id":"gen9vgc2025regg-2303693143","format":"[Gen 9] VGC 2025 Reg G","players":["roykeenkennedy","sibylla_system"],"log":"|j|\u2606roykeenkennedy\n|j|\u2606sibylla_system\n|t:|1739961992\n|gametype|doubles\n|player|p1|roykeenkennedy|alder|1633\n|player|p2|sibylla_system|101|1632\n|teamsize|p1|6\n|teamsize|p2|6\n|gen|9\n|tier|[Gen 9] VGC 2025 Reg G\n|rated|\n|rule|Species Clause: Limit one of each Pok\u00e9mon\n|rule|Item Clause: Limit 1 of each item\n|clearpoke\n|poke|p1|Raging Bolt, L50|\n|poke|p1|Incineroar, L50, F|\n|poke|p1|Ogerpon-Cornerstone, L50, F|\n|poke|p1|Annihilape, L50, F|\n|poke|p1|Calyrex-Ice, L50|\n|poke|p1|Amoonguss, L50, M|\n|poke|p2|Terapagos, L50, M|\n|poke|p2|Incineroar, L50, F|\n|poke|p2|Flutter Mane, L50|\n|poke|p2|Whimsicott, L50, F|\n|poke|p2|Urshifu-*, L50, M|\n|poke|p2|Raging Bolt, L50|\n|teampreview|4\n|j| Reverie Jr.\n|j| mr pogostick\n|\n|t:|1739962021\n|start\n|switch|p1a: Raging Bolt|Raging Bolt, L50|100\/100\n|switch|p1b: Incineroar|Incineroar, L50, F|100\/100\n|switch|p2a: Terapagos|Terapagos, L50, M|100\/100\n|switch|p2b: Flutter Mane|Flutter Mane, L50|100\/100\n|-activate|p2a: Terapagos|ability: Tera Shift\n|detailschange|p2a: Terapagos|Terapagos-Terastal, L50, M\n|-heal|p2a: Terapagos|100\/100|[silent]\n|-ability|p1b: Incineroar|Intimidate|boost\n|-unboost|p2a: Terapagos|atk|1\n|-unboost|p2b: Flutter Mane|atk|1\n|-enditem|p2b: Flutter Mane|Booster Energy\n|-activate|p2b: Flutter Mane|ability: Protosynthesis|[fromitem]\n|-start|p2b: Flutter Mane|protosynthesisspe\n|turn|1\n|\n|t:|1739962038\n|move|p2b: Flutter Mane|Moonblast|p1a: Raging Bolt\n|-supereffective|p1a: Raging Bolt\n|-damage|p1a: Raging Bolt|59\/100\n|-unboost|p1a: Raging Bolt|spa|1\n|move|p2a: Terapagos|Tera Starstorm|p1a: Raging Bolt\n|-damage|p1a: Raging Bolt|11\/100\n|move|p1a: Raging Bolt|Snarl|p2b: Flutter Mane|[spread] p2a,p2b\n|-activate|p2a: Terapagos|ability: Tera Shell\n|-resisted|p2a: Terapagos\n|-damage|p2a: Terapagos|96\/100\n|-damage|p2b: Flutter Mane|91\/100\n|-unboost|p2a: Terapagos|spa|1\n|-unboost|p2b: Flutter Mane|spa|1\n|move|p1b: Incineroar|Knock Off|p2a: Terapagos\n|-damage|p2a: Terapagos|55\/100\n|-enditem|p2a: Terapagos|Choice Specs|[from] move: Knock Off|[of] p1b: Incineroar\n|\n|upkeep\n|turn|2\n|\n|t:|1739962072\n|move|p1a: Raging Bolt|Thunderclap|p2b: Flutter Mane\n|-damage|p2b: Flutter Mane|67\/100\n|move|p2b: Flutter Mane|Moonblast|p1a: Raging Bolt\n|-supereffective|p1a: Raging Bolt\n|-damage|p1a: Raging Bolt|0 fnt\n|faint|p1a: Raging Bolt\n|-end|p1a: Raging Bolt|Protosynthesis|[silent]\n|move|p2a: Terapagos|Tera Starstorm|p1b: Incineroar\n|-damage|p1b: Incineroar|66\/100\n|move|p1b: Incineroar|Parting Shot|p2a: Terapagos\n|-unboost|p2a: Terapagos|atk|1\n|-unboost|p2a: Terapagos|spa|1\n|\n|t:|1739962087\n|switch|p1b: Amoonguss|Amoonguss, L50, M|100\/100|[from] Parting Shot\n|\n|upkeep\n|\n|t:|1739962096\n|switch|p1a: Calyrex|Calyrex-Ice, L50|100\/100\n|-ability|p1a: Calyrex|As One\n|-ability|p1a: Calyrex|Unnerve\n|turn|3\n|\n|t:|1739962120\n|switch|p1b: Incineroar|Incineroar, L50, F|66\/100\n|-ability|p1b: Incineroar|Intimidate|boost\n|-unboost|p2a: Terapagos|atk|1\n|-unboost|p2b: Flutter Mane|atk|1\n|move|p2b: Flutter Mane|Thunder Wave|p1a: Calyrex\n|-status|p1a: Calyrex|par\n|move|p2a: Terapagos|Tera Starstorm|p1b: Incineroar\n|-damage|p1b: Incineroar|43\/100\n|move|p1a: Calyrex|Trick Room|p1a: Calyrex\n|-fieldstart|move: Trick Room|[of] p1a: Calyrex\n|\n|upkeep\n|turn|4\n|\n|t:|1739962146\n|switch|p2a: Incineroar|Incineroar, L50, F|100\/100\n|-ability|p2a: Incineroar|Intimidate|boost\n|-fail|p1a: Calyrex|unboost|[from] item: Clear Amulet|[of] p1a: Calyrex\n|-unboost|p1b: Incineroar|atk|1\n|-end|p2b: Flutter Mane|Protosynthesis|[silent]\n|switch|p2b: Urshifu|Urshifu-Rapid-Strike, L50, M|100\/100\n|move|p1a: Calyrex|Glacial Lance|p2a: Incineroar|[spread] p2a,p2b\n|-resisted|p2a: Incineroar\n|-resisted|p2b: Urshifu\n|-damage|p2a: Incineroar|80\/100\n|-damage|p2b: Urshifu|76\/100\n|move|p1b: Incineroar|Will-O-Wisp|p2a: Incineroar\n|-immune|p2a: Incineroar\n|\n|upkeep\n|turn|5\n|\n|t:|1739962178\n|-terastallize|p1a: Calyrex|Water\n|cant|p1a: Calyrex|par\n|move|p1b: Incineroar|Will-O-Wisp|p2b: Urshifu|[miss]\n|-miss|p1b: Incineroar|p2b: Urshifu\n|move|p2a: Incineroar|Taunt|p1b: Incineroar\n|-start|p1b: Incineroar|move: Taunt\n|move|p2b: Urshifu|Surging Strikes|p1a: Calyrex\n|-resisted|p1a: Calyrex\n|-crit|p1a: Calyrex\n|-damage|p1a: Calyrex|94\/100 par\n|-resisted|p1a: Calyrex\n|-crit|p1a: Calyrex\n|-damage|p1a: Calyrex|86\/100 par\n|-resisted|p1a: Calyrex\n|-crit|p1a: Calyrex\n|-damage|p1a: Calyrex|80\/100 par\n|-hitcount|p1a: Calyrex|3\n|\n|upkeep\n|turn|6\n|c|\u2606roykeenkennedy|Lol\n|c|\u2606roykeenkennedy|Just lol\n|\n|t:|1739962228\n|switch|p1b: Amoonguss|Amoonguss, L50, M|100\/100\n|move|p1a: Calyrex|High Horsepower|p2a: Incineroar\n|-supereffective|p2a: Incineroar\n|-damage|p2a: Incineroar|17\/100\n|-damage|p1a: Calyrex|64\/100 par|[from] item: Rocky Helmet|[of] p2a: Incineroar\n|move|p2a: Incineroar|Knock Off|p1a: Calyrex\n|-damage|p1a: Calyrex|42\/100 par\n|-enditem|p1a: Calyrex|Clear Amulet|[from] move: Knock Off|[of] p2a: Incineroar\n|move|p2b: Urshifu|Close Combat|p1a: Calyrex\n|-damage|p1a: Calyrex|6\/100 par\n|-unboost|p2b: Urshifu|def|1\n|-unboost|p2b: Urshifu|spd|1\n|\n|upkeep\n|turn|7\n|\n|t:|1739962269\n|move|p1b: Amoonguss|Spore|p2a: Incineroar\n|-status|p2a: Incineroar|slp|[from] move: Spore\n|cant|p1a: Calyrex|par\n|cant|p2a: Incineroar|slp\n|move|p2b: Urshifu|Close Combat|p1a: Calyrex\n|-damage|p1a: Calyrex|0 fnt\n|-unboost|p2b: Urshifu|def|1\n|-unboost|p2b: Urshifu|spd|1\n|faint|p1a: Calyrex\n|\n|-fieldend|move: Trick Room\n|upkeep\n|c|\u2606roykeenkennedy|T.T\n|\n|t:|1739962286\n|switch|p1a: Incineroar|Incineroar, L50, F|43\/100\n|-ability|p1a: Incineroar|Intimidate|boost\n|-unboost|p2a: Incineroar|atk|1\n|-unboost|p2b: Urshifu|atk|1\n|turn|8\n|l| Reverie Jr.\n|c|\u2606sibylla_system|\uff1b\uff1b\n|l| mr pogostick\n|\n|t:|1739962309\n|switch|p2b: Flutter Mane|Flutter Mane, L50|67\/100\n|move|p1b: Amoonguss|Rage Powder|p1b: Amoonguss\n|-singleturn|p1b: Amoonguss|move: Rage Powder\n|cant|p2a: Incineroar|slp\n|move|p1a: Incineroar|Will-O-Wisp|p2b: Flutter Mane|[miss]\n|-miss|p1a: Incineroar|p2b: Flutter Mane\n|\n|upkeep\n|turn|9\n|\n|t:|1739962324\n|move|p2b: Flutter Mane|Moonblast|p1a: Incineroar\n|-damage|p1a: Incineroar|5\/100\n|cant|p2a: Incineroar|slp\n|move|p1a: Incineroar|Knock Off|p2b: Flutter Mane\n|-damage|p2b: Flutter Mane|30\/100\n|move|p1b: Amoonguss|Pollen Puff|p1a: Incineroar\n|-heal|p1a: Incineroar|55\/100\n|\n|upkeep\n|turn|10\n|\n|t:|1739962350\n|move|p2b: Flutter Mane|Moonblast|p1a: Incineroar\n|-damage|p1a: Incineroar|18\/100\n|-unboost|p1a: Incineroar|spa|1\n|-curestatus|p2a: Incineroar|slp|[msg]\n|move|p2a: Incineroar|Knock Off|p1a: Incineroar\n|-resisted|p1a: Incineroar\n|-damage|p1a: Incineroar|7\/100\n|-enditem|p1a: Incineroar|Safety Goggles|[from] move: Knock Off|[of] p2a: Incineroar\n|move|p1a: Incineroar|Knock Off|p2b: Flutter Mane\n|-damage|p2b: Flutter Mane|0 fnt\n|faint|p2b: Flutter Mane\n|-end|p2b: Flutter Mane|Protosynthesis|[silent]\n|move|p1b: Amoonguss|Pollen Puff|p1a: Incineroar\n|-heal|p1a: Incineroar|57\/100\n|\n|upkeep\n|\n|t:|1739962380\n|switch|p2b: Terapagos|Terapagos-Terastal, L50, M|55\/100\n|turn|11\n|\n|t:|1739962389\n|-terastallize|p2b: Terapagos|Stellar\n|detailschange|p2b: Terapagos|Terapagos-Stellar, L50, M, tera:Stellar\n|-heal|p2b: Terapagos|67\/100|[silent]\n|move|p2b: Terapagos|Tera Starstorm|p1b: Amoonguss|[spread] p1a,p1b\n|-damage|p1a: Incineroar|24\/100\n|-damage|p1b: Amoonguss|59\/100\n|move|p2a: Incineroar|Taunt|p1b: Amoonguss\n|-start|p1b: Amoonguss|move: Taunt\n|move|p1a: Incineroar|Knock Off|p2b: Terapagos\n|-damage|p2b: Terapagos|48\/100\n|cant|p1b: Amoonguss|move: Taunt|Spore\n|\n|upkeep\n|turn|12\n|\n|t:|1739962407\n|move|p2b: Terapagos|Tera Starstorm|p1b: Amoonguss|[spread] p1a,p1b\n|-damage|p1a: Incineroar|0 fnt\n|-damage|p1b: Amoonguss|20\/100\n|faint|p1a: Incineroar\n|move|p2a: Incineroar|Knock Off|p1b: Amoonguss\n|-damage|p1b: Amoonguss|0 fnt\n|-enditem|p1b: Amoonguss|Covert Cloak|[from] move: Knock Off|[of] p2a: Incineroar\n|faint|p1b: Amoonguss\n|\n|win|sibylla_system\n|raw|roykeenkennedy's rating: 1633 &rarr; <strong>1613<\/strong><br \/>(-20 for losing)\n|raw|sibylla_system's rating: 1632 &rarr; <strong>1652<\/strong><br \/>(+20 for winning)\n|l|\u2606roykeenkennedy\n|player|p1|\n|l|\u2606sibylla_system\n|player|p2|\n","uploadtime":1739962567,"views":5,"formatid":"gen9vgc2025regg","rating":1613,"private":0,"password":null}