{"id":"gen9vgc2025regg-2303129631","format":"[Gen 9] VGC 2025 Reg G","players":["Luca8","woshiliangzai"],"log":"|j|\u2606Luca8\n|j|\u2606woshiliangzai\n|t:|1739890285\n|gametype|doubles\n|player|p1|Luca8|flint|1576\n|player|p2|woshiliangzai|170|1588\n|teamsize|p1|6\n|teamsize|p2|6\n|gen|9\n|tier|[Gen 9] VGC 2025 Reg G\n|rated|\n|rule|Species Clause: Limit one of each Pok\u00e9mon\n|rule|Item Clause: Limit 1 of each item\n|clearpoke\n|poke|p1|Farigiraf, L50, M|\n|poke|p1|Urshifu-*, L50, F|\n|poke|p1|Clefairy, L50, M|\n|poke|p1|Calyrex-Ice, L50|\n|poke|p1|Ogerpon-Wellspring, L50, F|\n|poke|p1|Raging Bolt, L50|\n|poke|p2|Kyogre, L50|\n|poke|p2|Archaludon, L50, F|\n|poke|p2|Dragonite, L50, M|\n|poke|p2|Amoonguss, L50, M|\n|poke|p2|Chien-Pao, L50|\n|poke|p2|Urshifu-*, L50, M|\n|teampreview|4\n|inactive|Battle timer is ON: inactive players will automatically lose when time's up. (requested by woshiliangzai)\n|inactive|woshiliangzai has 60 seconds left.\n|\n|t:|1739890345\n|start\n|switch|p1a: Raging Bolt|Raging Bolt, L50|100\/100\n|switch|p1b: Ogerpon|Ogerpon-Wellspring, L50, F|100\/100\n|switch|p2a: Kyogre|Kyogre, L50|100\/100\n|switch|p2b: Chien-Pao|Chien-Pao, L50|100\/100\n|-ability|p2b: Chien-Pao|Sword of Ruin\n|-weather|RainDance|[from] ability: Drizzle|[of] p2a: Kyogre\n|-enditem|p1a: Raging Bolt|Booster Energy\n|-activate|p1a: Raging Bolt|ability: Protosynthesis|[fromitem]\n|-start|p1a: Raging Bolt|protosynthesisspa\n|turn|1\n|inactive|Luca8 has 30 seconds left.\n|inactive|woshiliangzai has 30 seconds left.\n|\n|t:|1739890382\n|-terastallize|p2a: Kyogre|Grass\n|move|p1a: Raging Bolt|Thunderclap|p2a: Kyogre\n|-resisted|p2a: Kyogre\n|-damage|p2a: Kyogre|82\/100\n|move|p2b: Chien-Pao|Throat Chop|p1a: Raging Bolt\n|-damage|p1a: Raging Bolt|54\/100\n|-start|p1a: Raging Bolt|Throat Chop|[silent]\n|move|p2a: Kyogre|Water Spout|p1a: Raging Bolt|[spread] p1a\n|-immune|p1b: Ogerpon|[from] ability: Water Absorb\n|-resisted|p1a: Raging Bolt\n|-damage|p1a: Raging Bolt|20\/100\n|move|p1b: Ogerpon|Ivy Cudgel|p2b: Chien-Pao|[anim] Ivy Cudgel Water\n|-enditem|p2b: Chien-Pao|Focus Sash\n|-damage|p2b: Chien-Pao|1\/100\n|\n|-weather|RainDance|[upkeep]\n|upkeep\n|turn|2\n|\n|t:|1739890407\n|switch|p2b: Archaludon|Archaludon, L50, F|100\/100\n|move|p1a: Raging Bolt|Thunderclap||[still]\n|-fail|p1a: Raging Bolt\n|move|p2a: Kyogre|Origin Pulse|p1b: Ogerpon|[spread] p1a\n|-immune|p1b: Ogerpon|[from] ability: Water Absorb\n|-resisted|p1a: Raging Bolt\n|-damage|p1a: Raging Bolt|0 fnt\n|faint|p1a: Raging Bolt\n|-end|p1a: Raging Bolt|Protosynthesis|[silent]\n|move|p1b: Ogerpon|Ivy Cudgel|p2b: Archaludon|[anim] Ivy Cudgel Water\n|-resisted|p2b: Archaludon\n|-damage|p2b: Archaludon|64\/100\n|-ability|p2b: Archaludon|Stamina|boost\n|-boost|p2b: Archaludon|def|1\n|\n|-weather|RainDance|[upkeep]\n|upkeep\n|\n|t:|1739890428\n|switch|p1a: Calyrex|Calyrex-Ice, L50|100\/100\n|-ability|p1a: Calyrex|As One\n|-ability|p1a: Calyrex|Unnerve\n|turn|3\n|inactive|Luca8 has 30 seconds left.\n|inactive|woshiliangzai has 30 seconds left.\n|\n|t:|1739890458\n|move|p2a: Kyogre|Water Spout|p1a: Calyrex|[spread] p1a\n|-immune|p1b: Ogerpon|[from] ability: Water Absorb\n|-damage|p1a: Calyrex|47\/100\n|move|p1b: Ogerpon|Ivy Cudgel|p2b: Archaludon|[anim] Ivy Cudgel Water\n|-resisted|p2b: Archaludon\n|-damage|p2b: Archaludon|41\/100\n|-ability|p2b: Archaludon|Stamina|boost\n|-boost|p2b: Archaludon|def|1\n|move|p2b: Archaludon|Electro Shot||[still]\n|-prepare|p2b: Archaludon|Electro Shot\n|-boost|p2b: Archaludon|spa|1\n|-anim|p2b: Archaludon|Electro Shot|p1a: Calyrex\n|-damage|p1a: Calyrex|12\/100\n|move|p1a: Calyrex|Trick Room|p1a: Calyrex\n|-fieldstart|move: Trick Room|[of] p1a: Calyrex\n|\n|-weather|RainDance|[upkeep]\n|upkeep\n|turn|4\n|inactive|Luca8 has 30 seconds left.\n|inactive|woshiliangzai has 30 seconds left.\n|inactive|woshiliangzai has 20 seconds left.\n|inactive|woshiliangzai has 15 seconds left.\n|\n|t:|1739890500\n|switch|p2a: Urshifu|Urshifu-Rapid-Strike, L50, M|100\/100\n|move|p1b: Ogerpon|Follow Me|p1b: Ogerpon\n|-singleturn|p1b: Ogerpon|move: Follow Me\n|move|p1a: Calyrex|Glacial Lance|p2a: Urshifu|[spread] p2a,p2b\n|-resisted|p2a: Urshifu\n|-damage|p2a: Urshifu|76\/100\n|-damage|p2b: Archaludon|22\/100\n|-ability|p2b: Archaludon|Stamina|boost\n|-boost|p2b: Archaludon|def|1\n|move|p2b: Archaludon|Body Press|p1b: Ogerpon\n|-damage|p1b: Ogerpon|40\/100\n|\n|-weather|RainDance|[upkeep]\n|upkeep\n|turn|5\n|inactive|woshiliangzai has 30 seconds left.\n|\n|t:|1739890528\n|move|p1b: Ogerpon|Follow Me|p1b: Ogerpon\n|-singleturn|p1b: Ogerpon|move: Follow Me\n|move|p2a: Urshifu|Aqua Jet|p1b: Ogerpon\n|-heal|p1b: Ogerpon|65\/100|[from] ability: Water Absorb|[of] p2a: Urshifu\n|move|p1a: Calyrex|High Horsepower|p2b: Archaludon\n|-supereffective|p2b: Archaludon\n|-damage|p2b: Archaludon|0 fnt\n|faint|p2b: Archaludon\n|-ability|p1a: Calyrex|Chilling Neigh|boost\n|-boost|p1a: Calyrex|atk|1\n|\n|-weather|none\n|upkeep\n|\n|t:|1739890548\n|switch|p2b: Kyogre|Kyogre, L50, tera:Grass|82\/100\n|-weather|RainDance|[from] ability: Drizzle|[of] p2b: Kyogre\n|turn|6\n|\n|t:|1739890559\n|switch|p2a: Chien-Pao|Chien-Pao, L50|1\/100\n|-ability|p2a: Chien-Pao|Sword of Ruin\n|move|p2b: Kyogre|Protect|p2b: Kyogre\n|-singleturn|p2b: Kyogre|Protect\n|move|p1a: Calyrex|Glacial Lance|p2b: Kyogre|[spread] p2a\n|-activate|p2b: Kyogre|move: Protect\n|-resisted|p2a: Chien-Pao\n|-crit|p2a: Chien-Pao\n|-damage|p2a: Chien-Pao|0 fnt\n|faint|p2a: Chien-Pao\n|-ability|p1a: Calyrex|Chilling Neigh|boost\n|-boost|p1a: Calyrex|atk|1\n|move|p1b: Ogerpon|Horn Leech|p2b: Kyogre\n|-activate|p2b: Kyogre|move: Protect\n|\n|-weather|RainDance|[upkeep]\n|upkeep\n|\n|t:|1739890567\n|switch|p2a: Urshifu|Urshifu-Rapid-Strike, L50, M|76\/100\n|turn|7\n|\n|t:|1739890582\n|move|p2b: Kyogre|Protect||[still]\n|-fail|p2b: Kyogre\n|move|p1b: Ogerpon|Follow Me|p1b: Ogerpon\n|-singleturn|p1b: Ogerpon|move: Follow Me\n|move|p1a: Calyrex|Glacial Lance|p2a: Urshifu|[spread] p2a,p2b\n|-resisted|p2a: Urshifu\n|-supereffective|p2b: Kyogre\n|-damage|p2a: Urshifu|26\/100\n|-damage|p2b: Kyogre|0 fnt\n|faint|p2b: Kyogre\n|-ability|p1a: Calyrex|Chilling Neigh|boost\n|-boost|p1a: Calyrex|atk|1\n|move|p2a: Urshifu|Close Combat|p1b: Ogerpon\n|-damage|p1b: Ogerpon|0 fnt\n|-unboost|p2a: Urshifu|def|1\n|-unboost|p2a: Urshifu|spd|1\n|faint|p1b: Ogerpon\n|\n|-weather|RainDance|[upkeep]\n|-fieldend|move: Trick Room\n|upkeep\n|\n|t:|1739890601\n|switch|p1b: Clefairy|Clefairy, L50, M|100\/100\n|turn|8\n|\n|t:|1739890610\n|-terastallize|p1b: Clefairy|Grass\n|move|p1b: Clefairy|Follow Me|p1b: Clefairy\n|-singleturn|p1b: Clefairy|move: Follow Me\n|move|p2a: Urshifu|Close Combat|p1b: Clefairy\n|-damage|p1b: Clefairy|20\/100\n|-unboost|p2a: Urshifu|def|1\n|-unboost|p2a: Urshifu|spd|1\n|move|p1a: Calyrex|Bullet Seed|p2a: Urshifu\n|-supereffective|p2a: Urshifu\n|-damage|p2a: Urshifu|0 fnt\n|faint|p2a: Urshifu\n|-hitcount|p2: Urshifu|1\n|\n|win|Luca8\n|raw|Luca8's rating: 1576 &rarr; <strong>1597<\/strong><br \/>(+21 for winning)\n|raw|woshiliangzai's rating: 1588 &rarr; <strong>1567<\/strong><br \/>(-21 for losing)\n|l|\u2606woshiliangzai\n|player|p2|\n|l|\u2606Luca8\n|player|p1|\n","uploadtime":1739890767,"views":5,"formatid":"gen9vgc2025regg","rating":1567,"private":0,"password":null}