{"id":"gen9vgc2025regg-2303334947","format":"[Gen 9] VGC 2025 Reg G","players":["nico20001997","Dimonutive"],"log":"|j|\u2606nico20001997\n|j|\u2606Dimonutive\n|t:|1739910670\n|gametype|doubles\n|player|p1|nico20001997|1|1505\n|player|p2|Dimonutive|li|1587\n|teamsize|p1|6\n|teamsize|p2|6\n|gen|9\n|tier|[Gen 9] VGC 2025 Reg G\n|rated|\n|rule|Species Clause: Limit one of each Pok\u00e9mon\n|rule|Item Clause: Limit 1 of each item\n|clearpoke\n|poke|p1|Grimmsnarl, L50, M|\n|poke|p1|Miraidon, L50|\n|poke|p1|Incineroar, L50, F|\n|poke|p1|Sinistcha, L50|\n|poke|p1|Urshifu-*, L50, M|\n|poke|p1|Landorus, L50, M|\n|poke|p2|Terapagos, L50, M|\n|poke|p2|Grimmsnarl, L50, M|\n|poke|p2|Sinistcha, L50|\n|poke|p2|Cresselia, L50, F|\n|poke|p2|Okidogi, L50, M|\n|poke|p2|Landorus-Therian, L50, M|\n|teampreview|4\n|inactive|Battle timer is ON: inactive players will automatically lose when time's up. (requested by Dimonutive)\n|\n|t:|1739910686\n|start\n|switch|p1a: Miraidon|Miraidon, L50|100\/100\n|switch|p1b: Grimmsnarl|Grimmsnarl, L50, M|100\/100\n|switch|p2a: Terapagos|Terapagos, L50, M|100\/100\n|switch|p2b: Grimmsnarl|Grimmsnarl, L50, M|100\/100\n|-activate|p2a: Terapagos|ability: Tera Shift\n|detailschange|p2a: Terapagos|Terapagos-Terastal, L50, M\n|-heal|p2a: Terapagos|100\/100|[silent]\n|-fieldstart|move: Electric Terrain|[from] ability: Hadron Engine|[of] p1a: Miraidon\n|-enditem|p1a: Miraidon|Electric Seed\n|-boost|p1a: Miraidon|def|1|[from] item: Electric Seed\n|turn|1\n|\n|t:|1739910704\n|move|p2b: Grimmsnarl|Fake Out|p1a: Miraidon\n|-damage|p1a: Miraidon|94\/100\n|move|p1b: Grimmsnarl|Thunder Wave|p2a: Terapagos\n|-status|p2a: Terapagos|par\n|cant|p1a: Miraidon|flinch\n|move|p2a: Terapagos|Calm Mind|p2a: Terapagos\n|-boost|p2a: Terapagos|spa|1\n|-boost|p2a: Terapagos|spd|1\n|\n|upkeep\n|turn|2\n|\n|t:|1739910717\n|switch|p2b: Landorus|Landorus-Therian, L50, M|100\/100\n|-ability|p2b: Landorus|Intimidate|boost\n|-unboost|p1a: Miraidon|atk|1\n|-unboost|p1b: Grimmsnarl|atk|1\n|move|p2a: Terapagos|Protect|p2a: Terapagos\n|-singleturn|p2a: Terapagos|Protect\n|move|p1b: Grimmsnarl|Reflect|p1b: Grimmsnarl\n|-sidestart|p1: nico20001997|Reflect\n|move|p1a: Miraidon|Calm Mind|p1a: Miraidon\n|-boost|p1a: Miraidon|spa|1\n|-boost|p1a: Miraidon|spd|1\n|\n|upkeep\n|turn|3\n|\n|t:|1739910735\n|-terastallize|p1a: Miraidon|Fairy\n|-terastallize|p2a: Terapagos|Stellar\n|detailschange|p2a: Terapagos|Terapagos-Stellar, L50, M, tera:Stellar\n|-heal|p2a: Terapagos|100\/100 par|[silent]\n|-ability|p2a: Terapagos|Teraform Zero\n|-fieldend|move: Electric Terrain\n|move|p2b: Landorus|Stomping Tantrum|p1a: Miraidon\n|-damage|p1a: Miraidon|78\/100\n|move|p1a: Miraidon|Dragon Pulse|p2b: Landorus\n|-damage|p2b: Landorus|27\/100\n|move|p1b: Grimmsnarl|Foul Play|p2b: Landorus\n|-damage|p2b: Landorus|0 fnt\n|faint|p2b: Landorus\n|cant|p2a: Terapagos|par\n|\n|upkeep\n|\n|t:|1739910751\n|switch|p2b: Sinistcha|Sinistcha, L50|100\/100\n|turn|4\n|\n|t:|1739910758\n|move|p1b: Grimmsnarl|Light Screen|p1b: Grimmsnarl\n|-sidestart|p1: nico20001997|move: Light Screen\n|move|p1a: Miraidon|Calm Mind|p1a: Miraidon\n|-boost|p1a: Miraidon|spa|1\n|-boost|p1a: Miraidon|spd|1\n|move|p2a: Terapagos|Calm Mind|p2a: Terapagos\n|-boost|p2a: Terapagos|spa|1\n|-boost|p2a: Terapagos|spd|1\n|move|p2b: Sinistcha|Trick Room|p2b: Sinistcha\n|-fieldstart|move: Trick Room|[of] p2b: Sinistcha\n|\n|upkeep\n|turn|5\n|\n|t:|1739910779\n|move|p2a: Terapagos|Calm Mind|p2a: Terapagos\n|-boost|p2a: Terapagos|spa|1\n|-boost|p2a: Terapagos|spd|1\n|move|p1b: Grimmsnarl|Foul Play|p2b: Sinistcha\n|-supereffective|p2b: Sinistcha\n|-damage|p2b: Sinistcha|73\/100\n|-enditem|p2b: Sinistcha|Eject Button\n|\n|t:|1739910783\n|switch|p2b: Grimmsnarl|Grimmsnarl, L50, M|100\/100\n|move|p1a: Miraidon|Calm Mind|p1a: Miraidon\n|-boost|p1a: Miraidon|spa|1\n|-boost|p1a: Miraidon|spd|1\n|\n|upkeep\n|turn|6\n|\n|t:|1739910803\n|move|p2b: Grimmsnarl|Fake Out|p1a: Miraidon\n|-damage|p1a: Miraidon|74\/100\n|cant|p2a: Terapagos|par\n|move|p1b: Grimmsnarl|Foul Play|p2a: Terapagos\n|-damage|p2a: Terapagos|86\/100 par\n|cant|p1a: Miraidon|flinch\n|\n|upkeep\n|turn|7\n|\n|t:|1739910813\n|move|p2b: Grimmsnarl|Parting Shot|p1a: Miraidon\n|-unboost|p1a: Miraidon|atk|1\n|-unboost|p1a: Miraidon|spa|1\n|\n|t:|1739910815\n|switch|p2b: Sinistcha|Sinistcha, L50|73\/100|[from] Parting Shot\n|-heal|p2a: Terapagos|100\/100 par|[from] ability: Hospitality|[of] p2b: Sinistcha\n|move|p2a: Terapagos|Tera Starstorm|p1a: Miraidon|[spread] p1a,p1b\n|-supereffective|p1a: Miraidon\n|-damage|p1a: Miraidon|38\/100\n|-damage|p1b: Grimmsnarl|46\/100\n|move|p1b: Grimmsnarl|Foul Play|p2a: Terapagos\n|-damage|p2a: Terapagos|85\/100 par\n|move|p1a: Miraidon|Calm Mind|p1a: Miraidon\n|-boost|p1a: Miraidon|spa|1\n|-boost|p1a: Miraidon|spd|1\n|\n|upkeep\n|turn|8\n|\n|t:|1739910833\n|move|p1a: Miraidon|Protect|p1a: Miraidon\n|-singleturn|p1a: Miraidon|Protect\n|move|p1b: Grimmsnarl|Thunder Wave|p2b: Sinistcha\n|-status|p2b: Sinistcha|par\n|cant|p2b: Sinistcha|par\n|cant|p2a: Terapagos|par\n|\n|-fieldend|move: Trick Room\n|upkeep\n|turn|9\n|\n|t:|1739910853\n|switch|p1b: Sinistcha|Sinistcha, L50|100\/100\n|-heal|p1a: Miraidon|63\/100|[from] ability: Hospitality|[of] p1b: Sinistcha\n|move|p1a: Miraidon|Parabolic Charge|p2b: Sinistcha|[spread] p1b,p2a,p2b\n|-resisted|p1b: Sinistcha\n|-resisted|p2b: Sinistcha\n|-damage|p1b: Sinistcha|79\/100\n|-heal|p1a: Miraidon|72\/100|[from] drain|[of] p1b: Sinistcha\n|-damage|p2a: Terapagos|72\/100 par\n|-heal|p1a: Miraidon|81\/100|[from] drain|[of] p2a: Terapagos\n|-damage|p2b: Sinistcha|47\/100 par\n|-heal|p1a: Miraidon|92\/100|[from] drain|[of] p2b: Sinistcha\n|cant|p2a: Terapagos|par\n|move|p2b: Sinistcha|Trick Room|p2b: Sinistcha\n|-fieldstart|move: Trick Room|[of] p2b: Sinistcha\n|\n|-sideend|p1: nico20001997|Reflect\n|upkeep\n|turn|10\n|\n|t:|1739910877\n|cant|p2b: Sinistcha|par\n|move|p2a: Terapagos|Flamethrower|p1b: Sinistcha\n|-supereffective|p1b: Sinistcha\n|-damage|p1b: Sinistcha|0 fnt\n|faint|p1b: Sinistcha\n|move|p1a: Miraidon|Calm Mind|p1a: Miraidon\n|-boost|p1a: Miraidon|spa|1\n|-boost|p1a: Miraidon|spd|1\n|\n|upkeep\n|\n|t:|1739910890\n|switch|p1b: Grimmsnarl|Grimmsnarl, L50, M|46\/100\n|turn|11\n|\n|t:|1739910899\n|cant|p2b: Sinistcha|par\n|move|p2a: Terapagos|Tera Starstorm|p1b: Grimmsnarl|[spread] p1a,p1b\n|-supereffective|p1a: Miraidon\n|-damage|p1a: Miraidon|66\/100\n|-damage|p1b: Grimmsnarl|0 fnt\n|faint|p1b: Grimmsnarl\n|move|p1a: Miraidon|Calm Mind|p1a: Miraidon\n|-boost|p1a: Miraidon|spa|1\n|-boost|p1a: Miraidon|spd|1\n|\n|-sideend|p1: nico20001997|move: Light Screen\n|upkeep\n|\n|t:|1739910910\n|switch|p1b: Landorus|Landorus, L50, M|100\/100\n|turn|12\n|\n|t:|1739910918\n|move|p1b: Landorus|Protect|p1b: Landorus\n|-singleturn|p1b: Landorus|Protect\n|move|p2b: Sinistcha|Matcha Gotcha|p1b: Landorus|[spread] p1a\n|-activate|p1b: Landorus|move: Protect\n|-damage|p1a: Miraidon|61\/100\n|-heal|p2b: Sinistcha|50\/100 par|[from] drain|[of] p1a: Miraidon\n|cant|p2a: Terapagos|par\n|move|p1a: Miraidon|Parabolic Charge|p2a: Terapagos|[spread] p2a,p2b\n|-activate|p1b: Landorus|move: Protect\n|-crit|p2a: Terapagos\n|-resisted|p2b: Sinistcha\n|-damage|p2a: Terapagos|4\/100 par\n|-heal|p1a: Miraidon|100\/100|[from] drain|[of] p2a: Terapagos\n|-damage|p2b: Sinistcha|16\/100 par\n|\n|upkeep\n|turn|13\n|c|\u2606Dimonutive|I can crit once right?\n|c|\u2606Dimonutive|if there is an acreus\n|\n|t:|1739910936\n|move|p1a: Miraidon|Protect|p1a: Miraidon\n|-singleturn|p1a: Miraidon|Protect\n|cant|p2b: Sinistcha|par\n|move|p2a: Terapagos|Tera Starstorm|p1b: Landorus|[spread] p1b\n|-activate|p1a: Miraidon|move: Protect\n|-damage|p1b: Landorus|0 fnt\n|faint|p1b: Landorus\n|\n|-fieldend|move: Trick Room\n|upkeep\n|turn|14\n|\n|t:|1739910949\n|move|p2a: Terapagos|Protect|p2a: Terapagos\n|-singleturn|p2a: Terapagos|Protect\n|move|p1a: Miraidon|Parabolic Charge|p2a: Terapagos|[spread] p2b\n|-activate|p2a: Terapagos|move: Protect\n|-resisted|p2b: Sinistcha\n|-damage|p2b: Sinistcha|0 fnt\n|faint|p2b: Sinistcha\n|\n|upkeep\n|\n|t:|1739910951\n|switch|p2b: Grimmsnarl|Grimmsnarl, L50, M|100\/100\n|turn|15\n|\n|t:|1739910955\n|move|p2b: Grimmsnarl|Fake Out|p1a: Miraidon\n|-damage|p1a: Miraidon|94\/100\n|cant|p1a: Miraidon|flinch\n|move|p2a: Terapagos|Tera Starstorm|p1a: Miraidon\n|-supereffective|p1a: Miraidon\n|-damage|p1a: Miraidon|45\/100\n|\n|upkeep\n|turn|16\n|\n|t:|1739910959\n|move|p1a: Miraidon|Parabolic Charge|p2b: Grimmsnarl|[spread] p2a,p2b\n|-damage|p2a: Terapagos|0 fnt\n|-heal|p1a: Miraidon|47\/100|[from] drain|[of] p2a: Terapagos\n|-damage|p2b: Grimmsnarl|35\/100\n|-heal|p1a: Miraidon|79\/100|[from] drain|[of] p2b: Grimmsnarl\n|faint|p2a: Terapagos\n|move|p2b: Grimmsnarl|Foul Play|p1a: Miraidon\n|-resisted|p1a: Miraidon\n|-damage|p1a: Miraidon|75\/100\n|\n|upkeep\n|turn|17\n|\n|t:|1739910965\n|move|p2b: Grimmsnarl|Fake Out||[still]\n|-hint|Fake Out only works on your first turn out.\n|-fail|p2b: Grimmsnarl\n|move|p1a: Miraidon|Parabolic Charge|p2b: Grimmsnarl\n|-damage|p2b: Grimmsnarl|0 fnt\n|-heal|p1a: Miraidon|92\/100|[from] drain|[of] p2b: Grimmsnarl\n|faint|p2b: Grimmsnarl\n|\n|win|nico20001997\n|raw|nico20001997's rating: 1505 &rarr; <strong>1530<\/strong><br \/>(+25 for winning)\n|raw|Dimonutive's rating: 1587 &rarr; <strong>1562<\/strong><br \/>(-25 for losing)\n|c|\u2606Dimonutive|gg\n","uploadtime":1739910970,"views":5,"formatid":"gen9vgc2025regg","rating":1530,"private":0,"password":null}