{"id":"gen9vgc2025regg-2303042039","format":"[Gen 9] VGC 2025 Reg G","players":["stbai","superpowerpoke"],"log":"|j|\u2606stbai\n|j|\u2606superpowerpoke\n|t:|1739878803\n|gametype|doubles\n|player|p1|stbai|janitor|1544\n|player|p2|superpowerpoke|1|1590\n|teamsize|p1|6\n|teamsize|p2|6\n|gen|9\n|tier|[Gen 9] VGC 2025 Reg G\n|rated|\n|rule|Species Clause: Limit one of each Pok\u00e9mon\n|rule|Item Clause: Limit 1 of each item\n|clearpoke\n|poke|p1|Tatsugiri-Droopy, L50, F|\n|poke|p1|Terapagos, L50, M|\n|poke|p1|Weezing-Galar, L50, M|\n|poke|p1|Latios, L50, M|\n|poke|p1|Entei, L50|\n|poke|p1|Dondozo, L50, M|\n|poke|p2|Lunala, L50|\n|poke|p2|Maushold-Four, L50|\n|poke|p2|Rillaboom, L50, M|\n|poke|p2|Pelipper, L50, F|\n|poke|p2|Urshifu-*, L50, M|\n|poke|p2|Landorus, L50, M|\n|teampreview|4\n|inactive|Battle timer is ON: inactive players will automatically lose when time's up. (requested by stbai)\n|\n|t:|1739878827\n|start\n|switch|p1a: Weezing|Weezing-Galar, L50, M|100\/100\n|switch|p1b: Entei|Entei, L50|100\/100\n|switch|p2a: Lunala|Lunala, L50|100\/100\n|switch|p2b: Maushold|Maushold-Four, L50|100\/100\n|-ability|p1a: Weezing|Neutralizing Gas\n|turn|1\n|inactive|stbai has 30 seconds left.\n|\n|t:|1739878853\n|move|p2b: Maushold|Taunt|p1a: Weezing\n|-start|p1a: Weezing|move: Taunt\n|move|p1b: Entei|Sacred Fire|p2b: Maushold\n|-damage|p2b: Maushold|44\/100\n|-status|p2b: Maushold|brn\n|move|p2a: Lunala|Meteor Beam||[still]\n|-prepare|p2a: Lunala|Meteor Beam\n|-boost|p2a: Lunala|spa|1\n|-enditem|p2a: Lunala|Power Herb\n|-anim|p2a: Lunala|Meteor Beam|p1b: Entei\n|-supereffective|p1b: Entei\n|-damage|p1b: Entei|9\/100\n|cant|p1a: Weezing|move: Taunt|Poison Gas\n|\n|-damage|p2b: Maushold|38\/100 brn|[from] brn\n|upkeep\n|turn|2\n|\n|t:|1739878874\n|move|p2b: Maushold|Super Fang|p1a: Weezing\n|-damage|p1a: Weezing|50\/100\n|move|p1b: Entei|Bulldoze|p2a: Lunala|[spread] p1a,p2a,p2b\n|-supereffective|p1a: Weezing\n|-damage|p1a: Weezing|28\/100\n|-damage|p2a: Lunala|88\/100\n|-damage|p2b: Maushold|21\/100 brn\n|-unboost|p1a: Weezing|spe|1\n|-unboost|p2a: Lunala|spe|1\n|-unboost|p2b: Maushold|spe|1\n|move|p2a: Lunala|Dazzling Gleam|p1b: Entei|[spread] p1a,p1b\n|-resisted|p1a: Weezing\n|-resisted|p1b: Entei\n|-damage|p1a: Weezing|5\/100\n|-damage|p1b: Entei|0 fnt\n|faint|p1b: Entei\n|move|p1a: Weezing|Strange Steam|p2a: Lunala\n|-damage|p2a: Lunala|66\/100\n|-start|p2a: Lunala|confusion\n|\n|-heal|p1a: Weezing|11\/100|[from] item: Black Sludge\n|-damage|p2b: Maushold|15\/100 brn|[from] brn\n|upkeep\n|\n|t:|1739878884\n|switch|p1b: Terapagos|Terapagos, L50, M|100\/100\n|-activate|p1b: Terapagos|ability: Tera Shift\n|detailschange|p1b: Terapagos|Terapagos-Terastal, L50, M\n|-heal|p1b: Terapagos|100\/100|[silent]\n|turn|3\n|inactive|superpowerpoke has 30 seconds left.\n|\n|t:|1739878912\n|move|p2b: Maushold|Helping Hand|p2a: Lunala\n|-singleturn|p2a: Lunala|Helping Hand|[of] p2b: Maushold\n|move|p1b: Terapagos|Calm Mind|p1b: Terapagos\n|-boost|p1b: Terapagos|spa|1\n|-boost|p1b: Terapagos|spd|1\n|-activate|p2a: Lunala|confusion\n|move|p2a: Lunala|Dazzling Gleam|p1a: Weezing|[spread] p1a,p1b\n|-resisted|p1a: Weezing\n|-damage|p1a: Weezing|0 fnt\n|-damage|p1b: Terapagos|72\/100\n|faint|p1a: Weezing\n|-end|p1a: Weezing|ability: Neutralizing Gas\n|\n|-damage|p2b: Maushold|9\/100 brn|[from] brn\n|upkeep\n|\n|t:|1739878920\n|switch|p1a: Latios|Latios, L50, M|100\/100\n|turn|4\n|\n|t:|1739878940\n|move|p2b: Maushold|Helping Hand|p2a: Lunala\n|-singleturn|p2a: Lunala|Helping Hand|[of] p2b: Maushold\n|move|p1a: Latios|Luster Purge|p2b: Maushold\n|-damage|p2b: Maushold|0 fnt\n|faint|p2b: Maushold\n|move|p1b: Terapagos|Dark Pulse|p2a: Lunala\n|-supereffective|p2a: Lunala\n|-damage|p2a: Lunala|0 fnt\n|faint|p2a: Lunala\n|\n|upkeep\n|\n|t:|1739878952\n|switch|p2b: Landorus|Landorus, L50, M|100\/100\n|switch|p2a: Urshifu|Urshifu-Rapid-Strike, L50, M|100\/100\n|turn|5\n|\n|t:|1739878968\n|-terastallize|p1b: Terapagos|Stellar\n|detailschange|p1b: Terapagos|Terapagos-Stellar, L50, M, tera:Stellar\n|-heal|p1b: Terapagos|79\/100|[silent]\n|move|p2b: Landorus|Sludge Bomb|p1a: Latios\n|-damage|p1a: Latios|67\/100\n|move|p1a: Latios|Tailwind|p1a: Latios\n|-sidestart|p1: stbai|move: Tailwind\n|move|p1b: Terapagos|Tera Starstorm|p2a: Urshifu|[spread] p2a,p2b\n|-damage|p2a: Urshifu|4\/100\n|-damage|p2b: Landorus|28\/100\n|move|p2a: Urshifu|Close Combat|p1b: Terapagos\n|-supereffective|p1b: Terapagos\n|-damage|p1b: Terapagos|0 fnt\n|-unboost|p2a: Urshifu|def|1\n|-unboost|p2a: Urshifu|spd|1\n|faint|p1b: Terapagos\n|\n|upkeep\n|turn|6\n|inactive|superpowerpoke has 30 seconds left.\n|\n|t:|1739879002\n|-terastallize|p2a: Urshifu|Stellar\n|move|p2a: Urshifu|Aqua Jet|p1a: Latios\n|-resisted|p1a: Latios\n|-damage|p1a: Latios|50\/100\n|move|p1a: Latios|Luster Purge|p2b: Landorus\n|-damage|p2b: Landorus|0 fnt\n|faint|p2b: Landorus\n|\n|upkeep\n|turn|7\n|-message|superpowerpoke forfeited.\n|\n|win|stbai\n|raw|stbai's rating: 1544 &rarr; <strong>1567<\/strong><br \/>(+23 for winning)\n|raw|superpowerpoke's rating: 1590 &rarr; <strong>1567<\/strong><br \/>(-23 for losing)\n|l|\u2606superpowerpoke\n|player|p2|\n|l|\u2606stbai\n|player|p1|\n","uploadtime":1739879198,"views":8,"formatid":"gen9vgc2025regg","rating":1567,"private":0,"password":null}