{"id":"gen9vgc2025regg-2303036852","format":"[Gen 9] VGC 2025 Reg G","players":["suc vat vk","superpowerpoke"],"log":"|j|\u2606suc vat vk\n|j|\u2606superpowerpoke\n|t:|1739877951\n|gametype|doubles\n|player|p1|suc vat vk|kimonogirl|1510\n|player|p2|superpowerpoke|1|1636\n|teamsize|p1|6\n|teamsize|p2|6\n|gen|9\n|tier|[Gen 9] VGC 2025 Reg G\n|rated|\n|rule|Species Clause: Limit one of each Pok\u00e9mon\n|rule|Item Clause: Limit 1 of each item\n|clearpoke\n|poke|p1|Calyrex-Ice, L50|\n|poke|p1|Ogerpon-Cornerstone, L50, F|\n|poke|p1|Incineroar, L50, M|\n|poke|p1|Amoonguss, L50, M|\n|poke|p1|Iron Valiant, L50|\n|poke|p1|Urshifu-*, L50, M|\n|poke|p2|Lunala, L50|\n|poke|p2|Maushold-Four, L50|\n|poke|p2|Rillaboom, L50, M|\n|poke|p2|Pelipper, L50, F|\n|poke|p2|Urshifu-*, L50, M|\n|poke|p2|Landorus, L50, M|\n|teampreview|4\n|\n|t:|1739878004\n|start\n|switch|p1a: Iron Valiant|Iron Valiant, L50, shiny|100\/100\n|switch|p1b: Calyrex|Calyrex-Ice, L50|100\/100\n|switch|p2a: Lunala|Lunala, L50|100\/100\n|switch|p2b: Maushold|Maushold-Four, L50|100\/100\n|-ability|p1b: Calyrex|As One\n|-ability|p1b: Calyrex|Unnerve\n|-enditem|p1a: Iron Valiant|Booster Energy\n|-activate|p1a: Iron Valiant|ability: Quark Drive|[fromitem]\n|-start|p1a: Iron Valiant|quarkdrivespe\n|turn|1\n|\n|t:|1739878017\n|move|p2b: Maushold|Helping Hand|p2a: Lunala\n|-singleturn|p2a: Lunala|Helping Hand|[of] p2b: Maushold\n|move|p1b: Calyrex|Protect|p1b: Calyrex\n|-singleturn|p1b: Calyrex|Protect\n|move|p1a: Iron Valiant|Coaching|p1b: Calyrex\n|-boost|p1b: Calyrex|atk|1\n|-boost|p1b: Calyrex|def|1\n|move|p2a: Lunala|Meteor Beam||[still]\n|-prepare|p2a: Lunala|Meteor Beam\n|-boost|p2a: Lunala|spa|1\n|-enditem|p2a: Lunala|Power Herb\n|-anim|p2a: Lunala|Meteor Beam|p1b: Calyrex\n|-activate|p1b: Calyrex|move: Protect\n|\n|upkeep\n|turn|2\n|inactive|Battle timer is ON: inactive players will automatically lose when time's up. (requested by suc vat vk)\n|\n|t:|1739878043\n|move|p1a: Iron Valiant|Encore|p2a: Lunala\n|-start|p2a: Lunala|Encore\n|move|p2b: Maushold|Super Fang|p1b: Calyrex\n|-damage|p1b: Calyrex|51\/100\n|move|p2a: Lunala|Meteor Beam||[still]\n|-prepare|p2a: Lunala|Meteor Beam\n|-boost|p2a: Lunala|spa|1\n|move|p1b: Calyrex|Glacial Lance|p2b: Maushold|[spread] p2a,p2b\n|-damage|p2a: Lunala|71\/100\n|-damage|p2b: Maushold|3\/100\n|\n|upkeep\n|turn|3\n|\n|t:|1739878058\n|move|p1b: Calyrex|Protect|p1b: Calyrex\n|-singleturn|p1b: Calyrex|Protect\n|move|p1a: Iron Valiant|Coaching|p1b: Calyrex\n|-boost|p1b: Calyrex|atk|1\n|-boost|p1b: Calyrex|def|1\n|move|p2b: Maushold|Thunder Wave|p1a: Iron Valiant\n|-status|p1a: Iron Valiant|par\n|move|p2a: Lunala|Meteor Beam|p1b: Calyrex|[from] lockedmove\n|-activate|p1b: Calyrex|move: Protect\n|\n|upkeep\n|turn|4\n|\n|t:|1739878083\n|move|p2b: Maushold|Super Fang|p1b: Calyrex\n|-damage|p1b: Calyrex|26\/100\n|move|p1a: Iron Valiant|Moonblast|p2a: Lunala\n|-damage|p2a: Lunala|52\/100\n|move|p2a: Lunala|Meteor Beam||[still]\n|-prepare|p2a: Lunala|Meteor Beam\n|-boost|p2a: Lunala|spa|1\n|move|p1b: Calyrex|Trick Room|p1b: Calyrex\n|-fieldstart|move: Trick Room|[of] p1b: Calyrex\n|\n|-end|p2a: Lunala|Encore\n|upkeep\n|turn|5\n|-message|superpowerpoke forfeited.\n|\n|win|suc vat vk\n|raw|suc vat vk's rating: 1537 &rarr; <strong>1563<\/strong><br \/>(+26 for winning)\n|raw|superpowerpoke's rating: 1636 &rarr; <strong>1610<\/strong><br \/>(-26 for losing)\n|l|\u2606superpowerpoke\n|player|p2|\n|l|\u2606suc vat vk\n|player|p1|\n","uploadtime":1739878360,"views":5,"formatid":"gen9vgc2025regg","rating":1563,"private":0,"password":null}