{"id":"gen9vgc2025regg-2303254066","format":"[Gen 9] VGC 2025 Reg G","players":["Lkizzz","Indigo Crisp"],"log":"|j|\u2606Lkizzz\n|j|\u2606Indigo Crisp\n|t:|1739902725\n|gametype|doubles\n|player|p1|Lkizzz|swimmer-gen4dp|1607\n|player|p2|Indigo Crisp|maid|1583\n|teamsize|p1|6\n|teamsize|p2|6\n|gen|9\n|tier|[Gen 9] VGC 2025 Reg G\n|rated|\n|rule|Species Clause: Limit one of each Pok\u00e9mon\n|rule|Item Clause: Limit 1 of each item\n|clearpoke\n|poke|p1|Zamazenta-*, L50|\n|poke|p1|Chien-Pao, L50|\n|poke|p1|Raging Bolt, L50|\n|poke|p1|Flutter Mane, L50|\n|poke|p1|Chi-Yu, L50|\n|poke|p1|Amoonguss, L50, F|\n|poke|p2|Zamazenta-*, L50|\n|poke|p2|Iron Valiant, L50|\n|poke|p2|Chien-Pao, L50|\n|poke|p2|Amoonguss, L50, F|\n|poke|p2|Urshifu-*, L50, M|\n|poke|p2|Entei, L50|\n|teampreview|4\n|c|\u2606Indigo Crisp|ah the mirror\n|c|\u2606Indigo Crisp|it seems I lose automatically\n|j| kojimuranishi\n|\n|t:|1739902769\n|start\n|switch|p1a: Flutter Mane|Flutter Mane, L50|100\/100\n|switch|p1b: Chi-Yu|Chi-Yu, L50|100\/100\n|switch|p2a: Entei|Entei, L50|100\/100\n|switch|p2b: Zamazenta|Zamazenta-Crowned, L50|100\/100\n|-ability|p1b: Chi-Yu|Beads of Ruin\n|-ability|p2b: Zamazenta|Dauntless Shield|boost\n|-boost|p2b: Zamazenta|def|1\n|-enditem|p1a: Flutter Mane|Booster Energy\n|-activate|p1a: Flutter Mane|ability: Protosynthesis|[fromitem]\n|-start|p1a: Flutter Mane|protosynthesisspe\n|turn|1\n|\n|t:|1739902790\n|-terastallize|p1b: Chi-Yu|Ghost\n|move|p1a: Flutter Mane|Thunder Wave|p2a: Entei\n|-status|p2a: Entei|par\n|move|p1b: Chi-Yu|Overheat|p2b: Zamazenta\n|-supereffective|p2b: Zamazenta\n|-damage|p2b: Zamazenta|0 fnt\n|-unboost|p1b: Chi-Yu|spa|2\n|faint|p2b: Zamazenta\n|move|p2a: Entei|Sacred Fire|p1a: Flutter Mane\n|-damage|p1a: Flutter Mane|0 fnt\n|faint|p1a: Flutter Mane\n|-end|p1a: Flutter Mane|Protosynthesis|[silent]\n|\n|upkeep\n|\n|t:|1739902806\n|switch|p1a: Raging Bolt|Raging Bolt, L50|100\/100\n|switch|p2b: Iron Valiant|Iron Valiant, L50|100\/100\n|-enditem|p2b: Iron Valiant|Booster Energy\n|-activate|p2b: Iron Valiant|ability: Quark Drive|[fromitem]\n|-start|p2b: Iron Valiant|quarkdrivespe\n|turn|2\n|\n|t:|1739902825\n|move|p1a: Raging Bolt|Thunderclap|p2b: Iron Valiant\n|-damage|p2b: Iron Valiant|23\/100\n|move|p2b: Iron Valiant|Spirit Break|p1a: Raging Bolt\n|-supereffective|p1a: Raging Bolt\n|-damage|p1a: Raging Bolt|43\/100\n|-unboost|p1a: Raging Bolt|spa|1\n|move|p1b: Chi-Yu|Overheat|p2b: Iron Valiant\n|-damage|p2b: Iron Valiant|0 fnt\n|-unboost|p1b: Chi-Yu|spa|2\n|faint|p2b: Iron Valiant\n|-end|p2b: Iron Valiant|Quark Drive|[silent]\n|move|p2a: Entei|Sacred Fire|p1b: Chi-Yu\n|-damage|p1b: Chi-Yu|0 fnt\n|faint|p1b: Chi-Yu\n|\n|upkeep\n|\n|t:|1739902840\n|switch|p2b: Amoonguss|Amoonguss, L50, F|100\/100\n|switch|p1b: Zamazenta|Zamazenta-Crowned, L50|100\/100\n|-ability|p1b: Zamazenta|Dauntless Shield|boost\n|-boost|p1b: Zamazenta|def|1\n|turn|3\n|\n|t:|1739902859\n|move|p2b: Amoonguss|Rage Powder|p2b: Amoonguss\n|-singleturn|p2b: Amoonguss|move: Rage Powder\n|move|p1b: Zamazenta|Behemoth Bash|p2b: Amoonguss\n|-damage|p2b: Amoonguss|72\/100\n|-damage|p1b: Zamazenta|84\/100|[from] item: Rocky Helmet|[of] p2b: Amoonguss\n|move|p1a: Raging Bolt|Draco Meteor|p2b: Amoonguss|[miss]\n|-miss|p1a: Raging Bolt|p2b: Amoonguss\n|move|p2a: Entei|Sacred Fire|p1b: Zamazenta\n|-supereffective|p1b: Zamazenta\n|-damage|p1b: Zamazenta|20\/100\n|\n|upkeep\n|turn|4\n|\n|t:|1739902882\n|move|p1b: Zamazenta|Protect|p1b: Zamazenta\n|-singleturn|p1b: Zamazenta|Protect\n|move|p2b: Amoonguss|Rage Powder|p2b: Amoonguss\n|-singleturn|p2b: Amoonguss|move: Rage Powder\n|move|p1a: Raging Bolt|Draco Meteor|p2b: Amoonguss\n|-crit|p2b: Amoonguss\n|-damage|p2b: Amoonguss|0 fnt\n|-unboost|p1a: Raging Bolt|spa|2\n|faint|p2b: Amoonguss\n|move|p2a: Entei|Sacred Fire|p1a: Raging Bolt\n|-resisted|p1a: Raging Bolt\n|-damage|p1a: Raging Bolt|12\/100\n|\n|upkeep\n|turn|5\n|\n|t:|1739902904\n|move|p1b: Zamazenta|Body Press|p2a: Entei\n|-damage|p2a: Entei|21\/100 par\n|move|p1a: Raging Bolt|Draco Meteor|p2a: Entei\n|-crit|p2a: Entei\n|-damage|p2a: Entei|0 fnt\n|-unboost|p1a: Raging Bolt|spa|2\n|faint|p2a: Entei\n|\n|win|Lkizzz\n|raw|Lkizzz's rating: 1607 &rarr; <strong>1626<\/strong><br \/>(+19 for winning)\n|raw|Indigo Crisp's rating: 1583 &rarr; <strong>1564<\/strong><br \/>(-19 for losing)\n|l|\u2606Indigo Crisp\n|player|p2|\n|l|\u2606Lkizzz\n|player|p1|\n|l| kojimuranishi\n","uploadtime":1739903140,"views":5,"formatid":"gen9vgc2025regg","rating":1564,"private":0,"password":null}