{"id":"gen9vgc2025regg-2303408087","format":"[Gen 9] VGC 2025 Reg G","players":["falcon108","shef603"],"log":"|j|\u2606falcon108\n|j|\u2606shef603\n|t:|1739918326\n|gametype|doubles\n|player|p1|falcon108|266|1563\n|player|p2|shef603|steven|1589\n|teamsize|p1|6\n|teamsize|p2|6\n|gen|9\n|tier|[Gen 9] VGC 2025 Reg G\n|rated|\n|rule|Species Clause: Limit one of each Pok\u00e9mon\n|rule|Item Clause: Limit 1 of each item\n|clearpoke\n|poke|p1|Kyogre, L50|\n|poke|p1|Tornadus, L50, M|\n|poke|p1|Tsareena, L50, F|\n|poke|p1|Electabuzz, L50, F|\n|poke|p1|Archaludon, L50, M|\n|poke|p1|Rillaboom, L50, M|\n|poke|p2|Koraidon, L50|\n|poke|p2|Flutter Mane, L50|\n|poke|p2|Entei, L50|\n|poke|p2|Raging Bolt, L50|\n|poke|p2|Umbreon, L50, F|\n|poke|p2|Ogerpon-Cornerstone, L50, F|\n|teampreview|4\n|inactive|Battle timer is ON: inactive players will automatically lose when time's up. (requested by falcon108)\n|l|\u2606falcon108\n|inactive|falcon108 disconnected and has a minute to reconnect!\n|player|p1|\n|j|\u2606falcon108\n|inactive|falcon108 reconnected and has 80 seconds left.\n|player|p1|falcon108|266|\n|inactive|shef603 has 60 seconds left.\n|\n|t:|1739918358\n|start\n|switch|p1a: Tornadus|Tornadus, L50, M|100\/100\n|switch|p1b: Archaludon|Archaludon, L50, M|100\/100\n|switch|p2a: Raging Bolt|Raging Bolt, L50|100\/100\n|switch|p2b: Ogerpon|Ogerpon-Cornerstone, L50, F|100\/100\n|turn|1\n|\n|t:|1739918370\n|move|p1a: Tornadus|Protect|p1a: Tornadus\n|-singleturn|p1a: Tornadus|Protect\n|move|p2b: Ogerpon|Spiky Shield|p2b: Ogerpon\n|-singleturn|p2b: Ogerpon|move: Protect\n|move|p1b: Archaludon|Draco Meteor|p2a: Raging Bolt\n|-supereffective|p2a: Raging Bolt\n|-damage|p2a: Raging Bolt|12\/100\n|-unboost|p1b: Archaludon|spa|2\n|move|p2a: Raging Bolt|Thunderbolt|p1a: Tornadus\n|-activate|p1a: Tornadus|move: Protect\n|\n|upkeep\n|turn|2\n|inactive|shef603 has 30 seconds left.\n|\n|t:|1739918399\n|move|p2b: Ogerpon|Follow Me|p2b: Ogerpon\n|-singleturn|p2b: Ogerpon|move: Follow Me\n|move|p1a: Tornadus|Bleakwind Storm|p2b: Ogerpon|[spread] p2a,p2b\n|-resisted|p2a: Raging Bolt\n|-damage|p2a: Raging Bolt|1\/100\n|-damage|p2b: Ogerpon|54\/100\n|move|p1b: Archaludon|Flash Cannon|p2b: Ogerpon\n|-supereffective|p2b: Ogerpon\n|-damage|p2b: Ogerpon|2\/100\n|move|p2a: Raging Bolt|Thunderbolt|p1a: Tornadus\n|-supereffective|p1a: Tornadus\n|-enditem|p1a: Tornadus|Focus Sash\n|-damage|p1a: Tornadus|1\/100\n|\n|upkeep\n|turn|3\n|inactive|shef603 has 30 seconds left.\n|\n|t:|1739918426\n|move|p2b: Ogerpon|Spiky Shield|p2b: Ogerpon\n|-singleturn|p2b: Ogerpon|move: Protect\n|move|p1a: Tornadus|Tailwind|p1a: Tornadus\n|-sidestart|p1: falcon108|move: Tailwind\n|move|p2a: Raging Bolt|Thunderclap||[still]\n|-fail|p2a: Raging Bolt\n|move|p1b: Archaludon|Electro Shot||[still]\n|-prepare|p1b: Archaludon|Electro Shot\n|-boost|p1b: Archaludon|spa|1\n|-enditem|p1b: Archaludon|Power Herb\n|-anim|p1b: Archaludon|Electro Shot|p2a: Raging Bolt\n|-resisted|p2a: Raging Bolt\n|-damage|p2a: Raging Bolt|0 fnt\n|faint|p2a: Raging Bolt\n|-end|p2a: Raging Bolt|Protosynthesis|[silent]\n|\n|upkeep\n|inactive|shef603 has 30 seconds left.\n|\n|t:|1739918457\n|switch|p2a: Entei|Entei, L50|100\/100\n|turn|4\n|\n|t:|1739918480\n|switch|p2b: Koraidon|Koraidon, L50|100\/100\n|-weather|SunnyDay|[from] ability: Orichalcum Pulse|[of] p2b: Koraidon\n|-activate|p2b: Koraidon|Orichalcum Pulse|[source]\n|move|p1a: Tornadus|Protect|p1a: Tornadus\n|-singleturn|p1a: Tornadus|Protect\n|move|p2a: Entei|Extreme Speed|p1a: Tornadus\n|-activate|p1a: Tornadus|move: Protect\n|move|p1b: Archaludon|Flash Cannon|p2b: Koraidon\n|-damage|p2b: Koraidon|70\/100\n|\n|-weather|SunnyDay|[upkeep]\n|upkeep\n|turn|5\n|\n|t:|1739918498\n|-terastallize|p1a: Tornadus|Ghost\n|move|p2a: Entei|Extreme Speed|p1a: Tornadus\n|-immune|p1a: Tornadus\n|move|p1a: Tornadus|Rain Dance|p1a: Tornadus\n|-weather|RainDance\n|move|p1b: Archaludon|Draco Meteor|p2b: Koraidon\n|-supereffective|p2b: Koraidon\n|-damage|p2b: Koraidon|0 fnt\n|-unboost|p1b: Archaludon|spa|2\n|faint|p2b: Koraidon\n|\n|-weather|RainDance|[upkeep]\n|upkeep\n|-message|shef603 forfeited.\n|\n|win|falcon108\n|raw|falcon108's rating: 1563 &rarr; <strong>1584<\/strong><br \/>(+21 for winning)\n|raw|shef603's rating: 1589 &rarr; <strong>1568<\/strong><br \/>(-21 for losing)\n|l|\u2606shef603\n|player|p2|\n","uploadtime":1739918648,"views":6,"formatid":"gen9vgc2025regg","rating":1568,"private":0,"password":null}