{"id":"gen9vgc2025regg-2303258877","format":"[Gen 9] VGC 2025 Reg G","players":["cela9","OUWW stealthrock"],"log":"|j|\u2606cela9\n|j|\u2606OUWW stealthrock\n|t:|1739903193\n|gametype|doubles\n|player|p1|cela9|170|1547\n|player|p2|OUWW stealthrock|266|1551\n|teamsize|p1|6\n|teamsize|p2|6\n|gen|9\n|tier|[Gen 9] VGC 2025 Reg G\n|rated|\n|rule|Species Clause: Limit one of each Pok\u00e9mon\n|rule|Item Clause: Limit 1 of each item\n|clearpoke\n|poke|p1|Calyrex-Shadow, L50|\n|poke|p1|Mienshao, L50, F|\n|poke|p1|Rillaboom, L50, M|\n|poke|p1|Chi-Yu, L50|\n|poke|p1|Flutter Mane, L50|\n|poke|p1|Regieleki, L50|\n|poke|p2|Miraidon, L50|\n|poke|p2|Ursaluna, L50, M|\n|poke|p2|Farigiraf, L50, F|\n|poke|p2|Incineroar, L50, F|\n|poke|p2|Wo-Chien, L50|\n|poke|p2|Iron Bundle, L50|\n|teampreview|4\n|inactive|Battle timer is ON: inactive players will automatically lose when time's up. (requested by OUWW stealthrock)\n|inactive|cela9 has 60 seconds left.\n|inactive|OUWW stealthrock has 60 seconds left.\n|\n|t:|1739903245\n|start\n|switch|p1a: Flutter Mane|Flutter Mane, L50|100\/100\n|switch|p1b: Chi-Yu|Chi-Yu, L50|100\/100\n|switch|p2a: Miraidon|Miraidon, L50|100\/100\n|switch|p2b: Iron Bundle|Iron Bundle, L50|100\/100\n|-ability|p1b: Chi-Yu|Beads of Ruin\n|-fieldstart|move: Electric Terrain|[from] ability: Hadron Engine|[of] p2a: Miraidon\n|-activate|p2b: Iron Bundle|ability: Quark Drive\n|-start|p2b: Iron Bundle|quarkdrivespe\n|-enditem|p1a: Flutter Mane|Booster Energy\n|-activate|p1a: Flutter Mane|ability: Protosynthesis|[fromitem]\n|-start|p1a: Flutter Mane|protosynthesisspe\n|turn|1\n|inactive|OUWW stealthrock has 30 seconds left.\n|inactive|OUWW stealthrock has 20 seconds left.\n|inactive|OUWW stealthrock has 15 seconds left.\n|inactive|OUWW stealthrock has 10 seconds left.\n|\n|t:|1739903295\n|switch|p1b: Rillaboom|Rillaboom, L50, M|100\/100\n|-fieldstart|move: Grassy Terrain|[from] ability: Grassy Surge|[of] p1b: Rillaboom\n|-end|p2b: Iron Bundle|Quark Drive\n|-terastallize|p2a: Miraidon|Electric\n|move|p1a: Flutter Mane|Icy Wind|p2a: Miraidon|[spread] p2a,p2b\n|-resisted|p2b: Iron Bundle\n|-damage|p2a: Miraidon|91\/100\n|-damage|p2b: Iron Bundle|94\/100\n|-unboost|p2b: Iron Bundle|spe|1\n|move|p2a: Miraidon|Calm Mind|p2a: Miraidon\n|-boost|p2a: Miraidon|spa|1\n|-boost|p2a: Miraidon|spd|1\n|move|p2b: Iron Bundle|Icy Wind|p1a: Flutter Mane|[spread] p1a,p1b\n|-supereffective|p1b: Rillaboom\n|-damage|p1a: Flutter Mane|79\/100\n|-damage|p1b: Rillaboom|69\/100\n|-unboost|p1a: Flutter Mane|spe|1\n|-unboost|p1b: Rillaboom|spe|1\n|\n|-heal|p2a: Miraidon|97\/100|[from] Grassy Terrain\n|-heal|p1a: Flutter Mane|85\/100|[from] Grassy Terrain\n|-heal|p2b: Iron Bundle|100\/100|[from] Grassy Terrain\n|-heal|p1b: Rillaboom|75\/100|[from] Grassy Terrain\n|upkeep\n|turn|2\n|inactive|cela9 has 30 seconds left.\n|\n|t:|1739903321\n|-end|p2b: Iron Bundle|Quark Drive|[silent]\n|switch|p2b: Incineroar|Incineroar, L50, F|100\/100\n|-ability|p2b: Incineroar|Intimidate|boost\n|-unboost|p1a: Flutter Mane|atk|1\n|-unboost|p1b: Rillaboom|atk|1\n|move|p1b: Rillaboom|Grassy Glide|p2b: Incineroar\n|-resisted|p2b: Incineroar\n|-damage|p2b: Incineroar|90\/100\n|move|p2a: Miraidon|Calm Mind|p2a: Miraidon\n|-boost|p2a: Miraidon|spa|1\n|-boost|p2a: Miraidon|spd|1\n|move|p1a: Flutter Mane|Moonblast|p2b: Incineroar\n|-damage|p2b: Incineroar|53\/100\n|\n|-heal|p2a: Miraidon|100\/100|[from] Grassy Terrain\n|-heal|p1a: Flutter Mane|91\/100|[from] Grassy Terrain\n|-heal|p1b: Rillaboom|81\/100|[from] Grassy Terrain\n|-heal|p2b: Incineroar|59\/100|[from] Grassy Terrain\n|upkeep\n|turn|3\n|inactive|OUWW stealthrock has 30 seconds left.\n|inactive|OUWW stealthrock has 20 seconds left.\n|inactive|OUWW stealthrock has 15 seconds left.\n|inactive|OUWW stealthrock has 10 seconds left.\n|\n|t:|1739903370\n|switch|p1b: Chi-Yu|Chi-Yu, L50|100\/100\n|-ability|p1b: Chi-Yu|Beads of Ruin\n|move|p2a: Miraidon|Dragon Pulse|p1b: Chi-Yu\n|-damage|p1b: Chi-Yu|1\/100\n|move|p1a: Flutter Mane|Taunt|p2a: Miraidon\n|-start|p2a: Miraidon|move: Taunt\n|move|p2b: Incineroar|Parting Shot|p1b: Chi-Yu\n|-unboost|p1b: Chi-Yu|atk|1\n|-unboost|p1b: Chi-Yu|spa|1\n|\n|t:|1739903384\n|switch|p2b: Iron Bundle|Iron Bundle, L50|100\/100|[from] Parting Shot\n|\n|-heal|p1b: Chi-Yu|7\/100|[from] Grassy Terrain\n|-heal|p1a: Flutter Mane|97\/100|[from] Grassy Terrain\n|upkeep\n|turn|4\n|\n|t:|1739903405\n|move|p2b: Iron Bundle|Protect|p2b: Iron Bundle\n|-singleturn|p2b: Iron Bundle|Protect\n|move|p1b: Chi-Yu|Dark Pulse|p2b: Iron Bundle\n|-activate|p2b: Iron Bundle|move: Protect\n|move|p2a: Miraidon|Parabolic Charge|p1a: Flutter Mane|[spread] p1a,p1b\n|-activate|p2b: Iron Bundle|move: Protect\n|-damage|p1a: Flutter Mane|16\/100\n|-damage|p1b: Chi-Yu|0 fnt\n|faint|p1b: Chi-Yu\n|move|p1a: Flutter Mane|Moonblast|p2b: Iron Bundle\n|-activate|p2b: Iron Bundle|move: Protect\n|\n|-heal|p1a: Flutter Mane|22\/100|[from] Grassy Terrain\n|upkeep\n|\n|t:|1739903414\n|switch|p1b: Calyrex|Calyrex-Shadow, L50|100\/100\n|-ability|p1b: Calyrex|As One\n|-ability|p1b: Calyrex|Unnerve\n|turn|5\n|\n|t:|1739903422\n|-end|p2b: Iron Bundle|Quark Drive|[silent]\n|switch|p2b: Wo-Chien|Wo-Chien, L50|100\/100\n|-ability|p2b: Wo-Chien|Tablets of Ruin\n|-terastallize|p1b: Calyrex|Fairy\n|move|p1b: Calyrex|Calm Mind|p1b: Calyrex\n|-boost|p1b: Calyrex|spa|1\n|-boost|p1b: Calyrex|spd|1\n|move|p2a: Miraidon|Parabolic Charge|p1b: Calyrex|[spread] p2b,p1a,p1b\n|-resisted|p2b: Wo-Chien\n|-damage|p2b: Wo-Chien|84\/100\n|-damage|p1a: Flutter Mane|0 fnt\n|-damage|p1b: Calyrex|62\/100\n|faint|p1a: Flutter Mane\n|-end|p1a: Flutter Mane|Protosynthesis|[silent]\n|\n|-heal|p1b: Calyrex|68\/100|[from] Grassy Terrain\n|-heal|p2b: Wo-Chien|91\/100|[from] Grassy Terrain\n|-fieldend|move: Grassy Terrain\n|upkeep\n|\n|t:|1739903426\n|switch|p1a: Rillaboom|Rillaboom, L50, M|81\/100\n|-fieldstart|move: Grassy Terrain|[from] ability: Grassy Surge|[of] p1a: Rillaboom\n|turn|6\n|\n|t:|1739903443\n|move|p1b: Calyrex|Calm Mind|p1b: Calyrex\n|-boost|p1b: Calyrex|spa|1\n|-boost|p1b: Calyrex|spd|1\n|move|p2a: Miraidon|Parabolic Charge|p1a: Rillaboom|[spread] p2b,p1a,p1b\n|-resisted|p2b: Wo-Chien\n|-resisted|p1a: Rillaboom\n|-damage|p2b: Wo-Chien|75\/100\n|-damage|p1a: Rillaboom|57\/100\n|-damage|p1b: Calyrex|40\/100\n|move|p1a: Rillaboom|U-turn|p2b: Wo-Chien\n|-supereffective|p2b: Wo-Chien\n|-damage|p2b: Wo-Chien|27\/100\n|move|p2b: Wo-Chien|Knock Off|p1b: Calyrex\n|-resisted|p1b: Calyrex\n|-damage|p1b: Calyrex|28\/100\n|-enditem|p1b: Calyrex|Clear Amulet|[from] move: Knock Off|[of] p2b: Wo-Chien\n|\n|-heal|p1b: Calyrex|33\/100|[from] Grassy Terrain\n|-heal|p1a: Rillaboom|63\/100|[from] Grassy Terrain\n|-heal|p2b: Wo-Chien|33\/100|[from] Grassy Terrain\n|-end|p2a: Miraidon|move: Taunt\n|upkeep\n|turn|7\n|inactive|cela9 has 30 seconds left.\n|inactive|OUWW stealthrock has 30 seconds left.\n|\n|t:|1739903471\n|move|p1b: Calyrex|Draining Kiss|p2b: Wo-Chien\n|-supereffective|p2b: Wo-Chien\n|-damage|p2b: Wo-Chien|0 fnt\n|-heal|p1b: Calyrex|58\/100|[from] drain|[of] p2b: Wo-Chien\n|faint|p2b: Wo-Chien\n|-ability|p1b: Calyrex|Grim Neigh|boost\n|-boost|p1b: Calyrex|spa|1\n|move|p2a: Miraidon|Calm Mind|p2a: Miraidon\n|-boost|p2a: Miraidon|spa|1\n|-boost|p2a: Miraidon|spd|1\n|move|p1a: Rillaboom|Wood Hammer|p2a: Miraidon\n|-damage|p2a: Miraidon|21\/100\n|-damage|p1a: Rillaboom|37\/100|[from] Recoil\n|\n|-heal|p1b: Calyrex|64\/100|[from] Grassy Terrain\n|-heal|p2a: Miraidon|27\/100|[from] Grassy Terrain\n|-heal|p1a: Rillaboom|43\/100|[from] Grassy Terrain\n|upkeep\n|\n|t:|1739903486\n|switch|p2b: Incineroar|Incineroar, L50, F|59\/100\n|-ability|p2b: Incineroar|Intimidate|boost\n|-unboost|p1a: Rillaboom|atk|1\n|-unboost|p1b: Calyrex|atk|1\n|turn|8\n|\n|t:|1739903510\n|move|p2b: Incineroar|Fake Out|p1b: Calyrex\n|-damage|p1b: Calyrex|54\/100\n|move|p1a: Rillaboom|Grassy Glide|p2a: Miraidon\n|-damage|p2a: Miraidon|3\/100\n|cant|p1b: Calyrex|flinch\n|move|p2a: Miraidon|Parabolic Charge|p1a: Rillaboom|[spread] p2b,p1a,p1b\n|-resisted|p1a: Rillaboom\n|-damage|p2b: Incineroar|0 fnt\n|-heal|p2a: Miraidon|34\/100|[from] drain|[of] p2b: Incineroar\n|-damage|p1a: Rillaboom|14\/100\n|-heal|p2a: Miraidon|48\/100|[from] drain|[of] p1a: Rillaboom\n|-damage|p1b: Calyrex|15\/100\n|-heal|p2a: Miraidon|67\/100|[from] drain|[of] p1b: Calyrex\n|faint|p2b: Incineroar\n|\n|-heal|p1b: Calyrex|21\/100|[from] Grassy Terrain\n|-heal|p2a: Miraidon|73\/100|[from] Grassy Terrain\n|-heal|p1a: Rillaboom|21\/100|[from] Grassy Terrain\n|upkeep\n|\n|t:|1739903532\n|switch|p2b: Iron Bundle|Iron Bundle, L50|100\/100\n|turn|9\n|\n|t:|1739903543\n|move|p1b: Calyrex|Protect|p1b: Calyrex\n|-singleturn|p1b: Calyrex|Protect\n|move|p2b: Iron Bundle|Protect|p2b: Iron Bundle\n|-singleturn|p2b: Iron Bundle|Protect\n|move|p1a: Rillaboom|Grassy Glide|p2a: Miraidon\n|-damage|p2a: Miraidon|51\/100\n|move|p2a: Miraidon|Parabolic Charge|p1b: Calyrex|[spread] p1a\n|-activate|p2b: Iron Bundle|move: Protect\n|-activate|p1b: Calyrex|move: Protect\n|-resisted|p1a: Rillaboom\n|-damage|p1a: Rillaboom|0 fnt\n|-heal|p2a: Miraidon|62\/100|[from] drain|[of] p1a: Rillaboom\n|faint|p1a: Rillaboom\n|\n|-heal|p1b: Calyrex|27\/100|[from] Grassy Terrain\n|-heal|p2a: Miraidon|67\/100|[from] Grassy Terrain\n|upkeep\n|turn|10\n|\n|t:|1739903555\n|move|p1b: Calyrex|Draining Kiss|p2b: Iron Bundle\n|-enditem|p2b: Iron Bundle|Focus Sash\n|-damage|p2b: Iron Bundle|1\/100\n|-heal|p1b: Calyrex|79\/100|[from] drain|[of] p2b: Iron Bundle\n|move|p2b: Iron Bundle|Icy Wind|p1b: Calyrex\n|-damage|p1b: Calyrex|65\/100\n|-unboost|p1b: Calyrex|spe|1\n|move|p2a: Miraidon|Calm Mind|p2a: Miraidon\n|-boost|p2a: Miraidon|spa|1\n|-boost|p2a: Miraidon|spd|1\n|\n|-heal|p2b: Iron Bundle|7\/100|[from] Grassy Terrain\n|-heal|p2a: Miraidon|73\/100|[from] Grassy Terrain\n|-heal|p1b: Calyrex|71\/100|[from] Grassy Terrain\n|-fieldend|move: Grassy Terrain\n|upkeep\n|turn|11\n|inactive|OUWW stealthrock has 30 seconds left.\n|\n|t:|1739903583\n|move|p2b: Iron Bundle|Protect|p2b: Iron Bundle\n|-singleturn|p2b: Iron Bundle|Protect\n|move|p2a: Miraidon|Calm Mind|p2a: Miraidon\n|-boost|p2a: Miraidon|spa|1\n|-boost|p2a: Miraidon|spd|1\n|move|p1b: Calyrex|Astral Barrage|p2b: Iron Bundle|[spread] p2a\n|-activate|p2b: Iron Bundle|move: Protect\n|-damage|p2a: Miraidon|44\/100\n|\n|upkeep\n|turn|12\n|\n|t:|1739903599\n|move|p2b: Iron Bundle|Ice Beam|p1b: Calyrex\n|-damage|p1b: Calyrex|49\/100\n|move|p2a: Miraidon|Parabolic Charge|p1b: Calyrex|[spread] p2b,p1b\n|-supereffective|p2b: Iron Bundle\n|-damage|p2b: Iron Bundle|0 fnt\n|-heal|p2a: Miraidon|47\/100|[from] drain|[of] p2b: Iron Bundle\n|-damage|p1b: Calyrex|0 fnt\n|-heal|p2a: Miraidon|71\/100|[from] drain|[of] p1b: Calyrex\n|faint|p2b: Iron Bundle\n|-end|p2b: Iron Bundle|Quark Drive|[silent]\n|faint|p1b: Calyrex\n|\n|win|OUWW stealthrock\n|raw|cela9's rating: 1547 &rarr; <strong>1527<\/strong><br \/>(-20 for losing)\n|raw|OUWW stealthrock's rating: 1551 &rarr; <strong>1571<\/strong><br \/>(+20 for winning)\n|l|\u2606cela9\n|player|p1|\n","uploadtime":1739903833,"views":5,"formatid":"gen9vgc2025regg","rating":1527,"private":0,"password":null}