{"id":"gen9vgc2025regg-2303307761","format":"[Gen 9] VGC 2025 Reg G","players":["jvessel07","Daleg"],"log":"|j|\u2606jvessel07\n|j|\u2606Daleg\n|t:|1739907926\n|gametype|doubles\n|player|p1|jvessel07|baker|1566\n|player|p2|Daleg|266|1701\n|teamsize|p1|6\n|teamsize|p2|6\n|gen|9\n|tier|[Gen 9] VGC 2025 Reg G\n|rated|\n|rule|Species Clause: Limit one of each Pok\u00e9mon\n|rule|Item Clause: Limit 1 of each item\n|clearpoke\n|poke|p1|Smeargle, L50, F|\n|poke|p1|Muk-Alola, L50, M|\n|poke|p1|Flamigo, L50, M|\n|poke|p1|Dondozo, L50, M|\n|poke|p1|Grafaiai, L50, F|\n|poke|p1|Calyrex-Shadow, L50|\n|poke|p2|Zamazenta-*, L50|\n|poke|p2|Amoonguss, L50, F|\n|poke|p2|Chien-Pao, L50|\n|poke|p2|Flutter Mane, L50|\n|poke|p2|Rillaboom, L50, F|\n|poke|p2|Dragonite, L50, M|\n|teampreview|4\n|j| Rareasfukk\n|\n|t:|1739907980\n|start\n|switch|p1a: Smeargle|Smeargle, L50, F|100\/100\n|switch|p1b: Muk|Muk-Alola, L50, M|100\/100\n|switch|p2a: Chien-Pao|Chien-Pao, L50|100\/100\n|switch|p2b: Zamazenta|Zamazenta-Crowned, L50|100\/100\n|-ability|p2a: Chien-Pao|Sword of Ruin\n|-ability|p2b: Zamazenta|Dauntless Shield|boost\n|-boost|p2b: Zamazenta|def|1\n|turn|1\n|inactive|Battle timer is ON: inactive players will automatically lose when time's up. (requested by Daleg)\n|inactive|Daleg has 60 seconds left.\n|\n|t:|1739908023\n|move|p1a: Smeargle|Fake Out|p2a: Chien-Pao\n|-damage|p2a: Chien-Pao|93\/100\n|cant|p2a: Chien-Pao|flinch\n|move|p2b: Zamazenta|Body Press|p1b: Muk\n|-damage|p1b: Muk|20\/100\n|move|p1b: Muk|Minimize|p1b: Muk\n|-boost|p1b: Muk|evasion|2\n|\n|-heal|p1b: Muk|27\/100|[from] item: Leftovers\n|-ability|p1a: Smeargle|Moody|boost\n|-boost|p1a: Smeargle|spe|2\n|-unboost|p1a: Smeargle|def|1\n|upkeep\n|turn|2\n|inactive|jvessel07 has 30 seconds left.\n|inactive|Daleg has 30 seconds left.\n|inactive|jvessel07 has 20 seconds left.\n|inactive|jvessel07 has 15 seconds left.\n|\n|t:|1739908068\n|switch|p2a: Amoonguss|Amoonguss, L50, F|100\/100\n|-terastallize|p2b: Zamazenta|Grass\n|move|p1a: Smeargle|Spore|p2b: Zamazenta\n|-immune|p2b: Zamazenta\n|move|p2b: Zamazenta|Body Press|p1a: Smeargle\n|-supereffective|p1a: Smeargle\n|-enditem|p1a: Smeargle|Focus Sash\n|-damage|p1a: Smeargle|1\/100\n|move|p1b: Muk|Minimize|p1b: Muk\n|-boost|p1b: Muk|evasion|2\n|\n|-heal|p1b: Muk|33\/100|[from] item: Leftovers\n|-ability|p1a: Smeargle|Moody|boost\n|-boost|p1a: Smeargle|def|2\n|-unboost|p1a: Smeargle|spe|1\n|upkeep\n|turn|3\n|\n|t:|1739908092\n|move|p1a: Smeargle|Decorate|p1b: Muk\n|-boost|p1b: Muk|atk|2\n|-boost|p1b: Muk|spa|2\n|move|p2b: Zamazenta|Behemoth Bash|p1a: Smeargle\n|-damage|p1a: Smeargle|0 fnt\n|faint|p1a: Smeargle\n|-ability|p1b: Muk|Moody|[from] ability: Power of Alchemy|[of] p1a: Smeargle\n|move|p1b: Muk|Minimize|p1b: Muk\n|-boost|p1b: Muk|evasion|2\n|move|p2a: Amoonguss|Clear Smog|p1b: Muk\n|-resisted|p1b: Muk\n|-damage|p1b: Muk|27\/100\n|-clearboost|p1b: Muk\n|\n|-heal|p1b: Muk|33\/100|[from] item: Leftovers\n|-ability|p1b: Muk|Moody|boost\n|-boost|p1b: Muk|atk|2\n|-unboost|p1b: Muk|def|1\n|upkeep\n|inactive|jvessel07 has 30 seconds left.\n|\n|t:|1739908125\n|switch|p1a: Calyrex|Calyrex-Shadow, L50|100\/100\n|-ability|p1a: Calyrex|As One\n|-ability|p1a: Calyrex|Unnerve\n|turn|4\n|\n|t:|1739908141\n|switch|p2a: Chien-Pao|Chien-Pao, L50|93\/100\n|-ability|p2a: Chien-Pao|Sword of Ruin\n|move|p1a: Calyrex|Astral Barrage|p2a: Chien-Pao|[spread] p2a,p2b\n|-resisted|p2a: Chien-Pao\n|-damage|p2a: Chien-Pao|35\/100\n|-damage|p2b: Zamazenta|53\/100\n|-damage|p1a: Calyrex|91\/100|[from] item: Life Orb\n|move|p2b: Zamazenta|Body Press|p1b: Muk\n|-damage|p1b: Muk|0 fnt\n|faint|p1b: Muk\n|\n|upkeep\n|\n|t:|1739908154\n|switch|p1b: Flamigo|Flamigo, L50, M|100\/100\n|-copyboost|p1b: Flamigo|p1a: Calyrex|[from] ability: Costar\n|turn|5\n|inactive|Daleg has 30 seconds left.\n|inactive|Daleg has 20 seconds left.\n|\n|t:|1739908189\n|-terastallize|p1a: Calyrex|Dark\n|move|p2b: Zamazenta|Wide Guard|p2b: Zamazenta\n|-singleturn|p2b: Zamazenta|Wide Guard\n|move|p1a: Calyrex|Astral Barrage|p2b: Zamazenta|[spread] \n|-activate|p2a: Chien-Pao|move: Wide Guard\n|-activate|p2b: Zamazenta|move: Wide Guard\n|move|p2a: Chien-Pao|Throat Chop|p1a: Calyrex\n|-resisted|p1a: Calyrex\n|-damage|p1a: Calyrex|53\/100\n|-start|p1a: Calyrex|Throat Chop|[silent]\n|move|p1b: Flamigo|Acrobatics|p2b: Zamazenta\n|-supereffective|p2b: Zamazenta\n|-crit|p2b: Zamazenta\n|-damage|p2b: Zamazenta|4\/100\n|\n|upkeep\n|turn|6\n|inactive|jvessel07 has 30 seconds left.\n|inactive|Daleg has 30 seconds left.\n|\n|t:|1739908222\n|move|p2b: Zamazenta|Wide Guard|p2b: Zamazenta\n|-singleturn|p2b: Zamazenta|Wide Guard\n|move|p1a: Calyrex|Substitute|p1a: Calyrex\n|-start|p1a: Calyrex|Substitute\n|-damage|p1a: Calyrex|29\/100\n|move|p2a: Chien-Pao|Icicle Crash|p1b: Flamigo\n|-supereffective|p1b: Flamigo\n|-damage|p1b: Flamigo|0 fnt\n|faint|p1b: Flamigo\n|\n|-end|p1a: Calyrex|Throat Chop|[silent]\n|upkeep\n|turn|7\n|inactive|Daleg has 30 seconds left.\n|\n|t:|1739908247\n|move|p1a: Calyrex|Psychic|p2b: Zamazenta\n|-damage|p2b: Zamazenta|0 fnt\n|faint|p2b: Zamazenta\n|-ability|p1a: Calyrex|Grim Neigh|boost\n|-boost|p1a: Calyrex|spa|1\n|-damage|p1a: Calyrex|19\/100|[from] item: Life Orb\n|move|p2a: Chien-Pao|Icicle Crash|p1a: Calyrex|[miss]\n|-miss|p2a: Chien-Pao|p1a: Calyrex\n|\n|upkeep\n|\n|t:|1739908259\n|switch|p2b: Dragonite|Dragonite, L50, M|100\/100\n|turn|8\n|\n|t:|1739908267\n|move|p2b: Dragonite|Extreme Speed|p1a: Calyrex\n|-end|p1a: Calyrex|Substitute\n|move|p2a: Chien-Pao|Sucker Punch|p1a: Calyrex\n|-resisted|p1a: Calyrex\n|-damage|p1a: Calyrex|0 fnt\n|faint|p1a: Calyrex\n|\n|win|Daleg\n|raw|jvessel07's rating: 1566 &rarr; <strong>1553<\/strong><br \/>(-13 for losing)\n|raw|Daleg's rating: 1701 &rarr; <strong>1714<\/strong><br \/>(+13 for winning)\n|l| Rareasfukk\n|l|\u2606Daleg\n|player|p2|\n|l|\u2606jvessel07\n|player|p1|\n","uploadtime":1739908403,"views":6,"formatid":"gen9vgc2025regg","rating":1553,"private":0,"password":null}