{"id":"gen9vgc2025regg-2303336049","format":"[Gen 9] VGC 2025 Reg G","players":["jonen","MattManectric"],"log":"|j|\u2606jonen\n|j|\u2606MattManectric\n|t:|1739910781\n|gametype|doubles\n|player|p1|jonen|ruinmaniac|1596\n|player|p2|MattManectric|265|1696\n|teamsize|p1|6\n|teamsize|p2|6\n|gen|9\n|tier|[Gen 9] VGC 2025 Reg G\n|rated|\n|rule|Species Clause: Limit one of each Pok\u00e9mon\n|rule|Item Clause: Limit 1 of each item\n|clearpoke\n|poke|p1|Miraidon, L50|\n|poke|p1|Dondozo, L50, M|\n|poke|p1|Tatsugiri, L50, M|\n|poke|p1|Dragonite, L50, F|\n|poke|p1|Chi-Yu, L50|\n|poke|p1|Gholdengo, L50|\n|poke|p2|Amoonguss, L50, F|\n|poke|p2|Calyrex-Ice, L50|\n|poke|p2|Urshifu-*, L50, M|\n|poke|p2|Ogerpon-Hearthflame, L50, F|\n|poke|p2|Landorus, L50, M|\n|poke|p2|Roaring Moon, L50|\n|teampreview|4\n|inactive|Battle timer is ON: inactive players will automatically lose when time's up. (requested by jonen)\n|inactive|MattManectric has 60 seconds left.\n|\n|t:|1739910814\n|start\n|switch|p1a: Dondozo|Dondozo, L50, M|100\/100\n|switch|p1b: Gholdengo|Gholdengo, L50|100\/100\n|switch|p2a: Urshifu|Urshifu-Rapid-Strike, L50, M|100\/100\n|switch|p2b: Roaring Moon|Roaring Moon, L50|100\/100\n|-enditem|p2b: Roaring Moon|Booster Energy\n|-activate|p2b: Roaring Moon|ability: Protosynthesis|[fromitem]\n|-start|p2b: Roaring Moon|protosynthesisspe\n|turn|1\n|inactive|jonen has 30 seconds left.\n|inactive|jonen has 20 seconds left.\n|inactive|jonen has 15 seconds left.\n|\n|t:|1739910856\n|switch|p1b: Tatsugiri|Tatsugiri, L50, M|100\/100\n|-activate|p1b: Tatsugiri|ability: Commander|[of] p1a: Dondozo\n|-boost|p1a: Dondozo|atk|2\n|-boost|p1a: Dondozo|spa|2\n|-boost|p1a: Dondozo|spe|2\n|-boost|p1a: Dondozo|def|2\n|-boost|p1a: Dondozo|spd|2\n|move|p2b: Roaring Moon|Knock Off|p1a: Dondozo\n|-crit|p1a: Dondozo\n|-damage|p1a: Dondozo|55\/100\n|-enditem|p1a: Dondozo|Leftovers|[from] move: Knock Off|[of] p2b: Roaring Moon\n|move|p1a: Dondozo|Order Up|p2b: Roaring Moon\n|-supereffective|p2b: Roaring Moon\n|-damage|p2b: Roaring Moon|7\/100\n|-boost|p1a: Dondozo|atk|1\n|move|p2a: Urshifu|Surging Strikes|p1a: Dondozo\n|-resisted|p1a: Dondozo\n|-crit|p1a: Dondozo\n|-damage|p1a: Dondozo|46\/100\n|-resisted|p1a: Dondozo\n|-crit|p1a: Dondozo\n|-damage|p1a: Dondozo|37\/100\n|-resisted|p1a: Dondozo\n|-crit|p1a: Dondozo\n|-damage|p1a: Dondozo|28\/100\n|-hitcount|p1a: Dondozo|3\n|\n|upkeep\n|turn|2\n|inactive|MattManectric has 30 seconds left.\n|inactive|MattManectric has 20 seconds left.\n|\n|t:|1739910894\n|move|p2b: Roaring Moon|Acrobatics|p1a: Dondozo\n|-damage|p1a: Dondozo|16\/100\n|move|p1a: Dondozo|Earthquake|p2a: Urshifu|[spread] p2a,p2b\n|-miss|p1a: Dondozo|p1b: Tatsugiri\n|-damage|p2a: Urshifu|54\/100\n|-damage|p2b: Roaring Moon|0 fnt\n|faint|p2b: Roaring Moon\n|-end|p2b: Roaring Moon|Protosynthesis|[silent]\n|move|p2a: Urshifu|Surging Strikes|p1a: Dondozo\n|-resisted|p1a: Dondozo\n|-crit|p1a: Dondozo\n|-damage|p1a: Dondozo|8\/100\n|-resisted|p1a: Dondozo\n|-crit|p1a: Dondozo\n|-damage|p1a: Dondozo|0 fnt\n|faint|p1a: Dondozo\n|-hitcount|p1: Dondozo|2\n|\n|upkeep\n|\n|t:|1739910908\n|switch|p2b: Ogerpon|Ogerpon-Hearthflame, L50, F|100\/100\n|switch|p1a: Gholdengo|Gholdengo, L50|100\/100\n|-ability|p2b: Ogerpon|Mold Breaker\n|turn|3\n|\n|t:|1739910929\n|move|p1b: Tatsugiri|Icy Wind|p2b: Ogerpon|[spread] p2a\n|-miss|p1b: Tatsugiri|p2b: Ogerpon\n|-resisted|p2a: Urshifu\n|-damage|p2a: Urshifu|46\/100\n|-unboost|p2a: Urshifu|spe|1\n|move|p2b: Ogerpon|Horn Leech|p1b: Tatsugiri\n|-damage|p1b: Tatsugiri|52\/100\n|move|p1a: Gholdengo|Power Gem|p2b: Ogerpon\n|-supereffective|p2b: Ogerpon\n|-damage|p2b: Ogerpon|19\/100\n|move|p2a: Urshifu|Close Combat|p1b: Tatsugiri\n|-damage|p1b: Tatsugiri|0 fnt\n|-unboost|p2a: Urshifu|def|1\n|-unboost|p2a: Urshifu|spd|1\n|faint|p1b: Tatsugiri\n|\n|upkeep\n|\n|t:|1739910942\n|switch|p1b: Chi-Yu|Chi-Yu, L50|100\/100\n|-ability|p1b: Chi-Yu|Beads of Ruin\n|turn|4\n|\n|t:|1739910962\n|move|p2b: Ogerpon|Spiky Shield|p2b: Ogerpon\n|-singleturn|p2b: Ogerpon|move: Protect\n|move|p1b: Chi-Yu|Dark Pulse|p2b: Ogerpon\n|-activate|p2b: Ogerpon|move: Protect\n|move|p1a: Gholdengo|Power Gem|p2a: Urshifu\n|-resisted|p2a: Urshifu\n|-damage|p2a: Urshifu|0 fnt\n|faint|p2a: Urshifu\n|\n|upkeep\n|\n|t:|1739910969\n|switch|p2a: Landorus|Landorus, L50, M|100\/100\n|turn|5\n|inactive|jonen has 30 seconds left.\n|inactive|MattManectric has 30 seconds left.\n|\n|t:|1739910997\n|-terastallize|p2a: Landorus|Water\n|-terastallize|p1a: Gholdengo|Normal\n|move|p1b: Chi-Yu|Protect|p1b: Chi-Yu\n|-singleturn|p1b: Chi-Yu|Protect\n|move|p2b: Ogerpon|Follow Me|p2b: Ogerpon\n|-singleturn|p2b: Ogerpon|move: Follow Me\n|move|p2a: Landorus|Earth Power|p1b: Chi-Yu\n|-activate|p1b: Chi-Yu|move: Protect\n|move|p1a: Gholdengo|Power Gem|p2b: Ogerpon\n|-supereffective|p2b: Ogerpon\n|-damage|p2b: Ogerpon|0 fnt\n|faint|p2b: Ogerpon\n|\n|upkeep\n|turn|6\n|\n|t:|1739911016\n|move|p1b: Chi-Yu|Dark Pulse|p2a: Landorus\n|-damage|p2a: Landorus|29\/100\n|cant|p2a: Landorus|flinch\n|move|p1a: Gholdengo|Power Gem|p2a: Landorus\n|-damage|p2a: Landorus|0 fnt\n|faint|p2a: Landorus\n|\n|win|jonen\n|raw|jonen's rating: 1596 &rarr; <strong>1622<\/strong><br \/>(+26 for winning)\n|raw|MattManectric's rating: 1696 &rarr; <strong>1670<\/strong><br \/>(-26 for losing)\n|l|\u2606MattManectric\n|player|p2|\n|l|\u2606jonen\n|player|p1|\n","uploadtime":1739911173,"views":6,"formatid":"gen9vgc2025regg","rating":1622,"private":0,"password":null}