{"id":"gen9vgc2025regg-2303332546","format":"[Gen 9] VGC 2025 Reg G","players":["xatseye","Daleg"],"log":"|j|\u2606xatseye\n|j|\u2606Daleg\n|t:|1739910425\n|gametype|doubles\n|player|p1|xatseye|unknown|1659\n|player|p2|Daleg|266|1749\n|teamsize|p1|6\n|teamsize|p2|6\n|gen|9\n|tier|[Gen 9] VGC 2025 Reg G\n|rated|\n|rule|Species Clause: Limit one of each Pok\u00e9mon\n|rule|Item Clause: Limit 1 of each item\n|clearpoke\n|poke|p1|Miraidon, L50|\n|poke|p1|Incineroar, L50, F|\n|poke|p1|Oranguru, L50, F|\n|poke|p1|Clefairy, L50, F|\n|poke|p1|Baxcalibur, L50, M|\n|poke|p1|Whimsicott, L50, F|\n|poke|p2|Zamazenta-*, L50|\n|poke|p2|Amoonguss, L50, M|\n|poke|p2|Chien-Pao, L50|\n|poke|p2|Flutter Mane, L50|\n|poke|p2|Rillaboom, L50, M|\n|poke|p2|Dragonite, L50, M|\n|teampreview|4\n|inactive|Battle timer is ON: inactive players will automatically lose when time's up. (requested by xatseye)\n|inactive|xatseye has 60 seconds left.\n|\n|t:|1739910459\n|start\n|switch|p1a: Miraidon|Miraidon, L50|100\/100\n|switch|p1b: Oranguru|Oranguru, L50, F|100\/100\n|switch|p2a: Zamazenta|Zamazenta-Crowned, L50|100\/100\n|switch|p2b: Chien-Pao|Chien-Pao, L50|100\/100\n|-ability|p2b: Chien-Pao|Sword of Ruin\n|-ability|p2a: Zamazenta|Dauntless Shield|boost\n|-boost|p2a: Zamazenta|def|1\n|-fieldstart|move: Electric Terrain|[from] ability: Hadron Engine|[of] p1a: Miraidon\n|-enditem|p1a: Miraidon|Electric Seed\n|-boost|p1a: Miraidon|def|1|[from] item: Electric Seed\n|-activate|p1b: Oranguru|ability: Symbiosis|Covert Cloak|[of] p1a: Miraidon\n|turn|1\n|inactive|Daleg has 30 seconds left.\n|inactive|Daleg has 20 seconds left.\n|inactive|Daleg has 15 seconds left.\n|inactive|Daleg has 10 seconds left.\n|inactive|Daleg has 5 seconds left.\n|\n|t:|1739910514\n|-terastallize|p1a: Miraidon|Electric\n|move|p2b: Chien-Pao|Icicle Crash|p1a: Miraidon\n|-damage|p1a: Miraidon|65\/100\n|move|p2a: Zamazenta|Iron Defense|p2a: Zamazenta\n|-boost|p2a: Zamazenta|def|2\n|move|p1a: Miraidon|Parabolic Charge|p2b: Chien-Pao|[spread] p1b,p2a,p2b\n|-damage|p1b: Oranguru|59\/100\n|-heal|p1a: Miraidon|85\/100|[from] drain|[of] p1b: Oranguru\n|-damage|p2a: Zamazenta|63\/100\n|-heal|p1a: Miraidon|100\/100|[from] drain|[of] p2a: Zamazenta\n|-damage|p2b: Chien-Pao|14\/100\n|move|p1b: Oranguru|Instruct|p1a: Miraidon\n|-singleturn|p1a: Miraidon|move: Instruct|[of] p1b: Oranguru\n|move|p1a: Miraidon|Parabolic Charge|p2a: Zamazenta|[spread] p1b,p2a,p2b\n|-damage|p1b: Oranguru|18\/100\n|-damage|p2a: Zamazenta|23\/100\n|-damage|p2b: Chien-Pao|0 fnt\n|faint|p2b: Chien-Pao\n|\n|upkeep\n|inactive|Daleg has 30 seconds left.\n|\n|t:|1739910542\n|switch|p2b: Rillaboom|Rillaboom, L50, M|100\/100\n|-fieldstart|move: Grassy Terrain|[from] ability: Grassy Surge|[of] p2b: Rillaboom\n|turn|2\n|\n|t:|1739910570\n|move|p1a: Miraidon|Protect|p1a: Miraidon\n|-singleturn|p1a: Miraidon|Protect\n|move|p2b: Rillaboom|Fake Out|p1a: Miraidon\n|-activate|p1a: Miraidon|move: Protect\n|move|p2a: Zamazenta|Body Press|p1b: Oranguru\n|-damage|p1b: Oranguru|0 fnt\n|faint|p1b: Oranguru\n|\n|-heal|p2a: Zamazenta|29\/100|[from] Grassy Terrain\n|upkeep\n|\n|t:|1739910581\n|switch|p1b: Incineroar|Incineroar, L50, F|100\/100\n|-ability|p1b: Incineroar|Intimidate|boost\n|-unboost|p2a: Zamazenta|atk|1\n|-unboost|p2b: Rillaboom|atk|1\n|turn|3\n|\n|t:|1739910590\n|switch|p2b: Dragonite|Dragonite, L50, M|100\/100\n|move|p2a: Zamazenta|Wide Guard|p2a: Zamazenta\n|-singleturn|p2a: Zamazenta|Wide Guard\n|move|p1b: Incineroar|Fake Out|p2a: Zamazenta\n|-resisted|p2a: Zamazenta\n|-damage|p2a: Zamazenta|27\/100\n|move|p1a: Miraidon|Calm Mind|p1a: Miraidon\n|-boost|p1a: Miraidon|spa|1\n|-boost|p1a: Miraidon|spd|1\n|\n|-heal|p2a: Zamazenta|33\/100|[from] Grassy Terrain\n|upkeep\n|turn|4\n|inactive|Daleg has 30 seconds left.\n|\n|t:|1739910622\n|switch|p1b: Whimsicott|Whimsicott, L50, F|100\/100\n|-terastallize|p2a: Zamazenta|Grass\n|move|p2a: Zamazenta|Body Press|p1b: Whimsicott\n|-resisted|p1b: Whimsicott\n|-damage|p1b: Whimsicott|29\/100\n|move|p1a: Miraidon|Dragon Pulse|p2a: Zamazenta\n|-damage|p2a: Zamazenta|0 fnt\n|faint|p2a: Zamazenta\n|move|p2b: Dragonite|Outrage|p1a: Miraidon\n|-damage|p1a: Miraidon|45\/100\n|\n|-heal|p1a: Miraidon|51\/100|[from] Grassy Terrain\n|-heal|p1b: Whimsicott|35\/100|[from] Grassy Terrain\n|upkeep\n|\n|t:|1739910639\n|switch|p2a: Rillaboom|Rillaboom, L50, M|100\/100\n|turn|5\n|\n|t:|1739910652\n|move|p1b: Whimsicott|Protect|p1b: Whimsicott\n|-singleturn|p1b: Whimsicott|Protect\n|move|p1a: Miraidon|Parabolic Charge|p2b: Dragonite|[spread] p2a,p2b\n|-activate|p1b: Whimsicott|move: Protect\n|-resisted|p2a: Rillaboom\n|-damage|p2a: Rillaboom|83\/100\n|-heal|p1a: Miraidon|60\/100|[from] drain|[of] p2a: Rillaboom\n|-damage|p2b: Dragonite|55\/100\n|-heal|p1a: Miraidon|82\/100|[from] drain|[of] p2b: Dragonite\n|move|p2a: Rillaboom|High Horsepower|p1b: Whimsicott\n|-activate|p1b: Whimsicott|move: Protect\n|move|p2b: Dragonite|Outrage|p1a: Miraidon|[from] lockedmove\n|-damage|p1a: Miraidon|21\/100\n|-start|p2b: Dragonite|confusion|[fatigue]\n|\n|-heal|p1a: Miraidon|27\/100|[from] Grassy Terrain\n|-heal|p1b: Whimsicott|41\/100|[from] Grassy Terrain\n|-heal|p2a: Rillaboom|89\/100|[from] Grassy Terrain\n|upkeep\n|turn|6\n|inactive|Daleg has 30 seconds left.\n|inactive|Daleg has 20 seconds left.\n|inactive|Daleg has 15 seconds left.\n|inactive|Daleg has 10 seconds left.\n|inactive|Daleg has 5 seconds left.\n|\n|t:|1739910702\n|switch|p1b: Incineroar|Incineroar, L50, F|100\/100\n|-ability|p1b: Incineroar|Intimidate|boost\n|-unboost|p2a: Rillaboom|atk|1\n|-fail|p2b: Dragonite|unboost|Attack|[from] ability: Inner Focus|[of] p2b: Dragonite\n|move|p2a: Rillaboom|Grassy Glide|p1a: Miraidon\n|-damage|p1a: Miraidon|12\/100\n|move|p1a: Miraidon|Dragon Pulse|p2b: Dragonite\n|-supereffective|p2b: Dragonite\n|-damage|p2b: Dragonite|0 fnt\n|faint|p2b: Dragonite\n|\n|-heal|p1a: Miraidon|18\/100|[from] Grassy Terrain\n|-heal|p2a: Rillaboom|95\/100|[from] Grassy Terrain\n|-fieldend|move: Grassy Terrain\n|upkeep\n|turn|7\n|\n|t:|1739910720\n|move|p1a: Miraidon|Dragon Pulse|p2a: Rillaboom\n|-damage|p2a: Rillaboom|50\/100\n|move|p2a: Rillaboom|High Horsepower|p1a: Miraidon\n|-supereffective|p1a: Miraidon\n|-damage|p1a: Miraidon|0 fnt\n|faint|p1a: Miraidon\n|move|p1b: Incineroar|Flare Blitz|p2a: Rillaboom\n|-supereffective|p2a: Rillaboom\n|-damage|p2a: Rillaboom|0 fnt\n|faint|p2a: Rillaboom\n|-damage|p1b: Incineroar|84\/100|[from] Recoil\n|\n|win|xatseye\n|raw|xatseye's rating: 1659 &rarr; <strong>1684<\/strong><br \/>(+25 for winning)\n|raw|Daleg's rating: 1749 &rarr; <strong>1724<\/strong><br \/>(-25 for losing)\n|l|\u2606xatseye\n|player|p1|\n|l|\u2606Daleg\n|player|p2|\n","uploadtime":1739910896,"views":5,"formatid":"gen9vgc2025regg","rating":1684,"private":0,"password":null}