{"id":"gen9vgc2025regg-2303288065","format":"[Gen 9] VGC 2025 Reg G","players":["testing_chue","xatseye"],"log":"|j|\u2606testing_chue\n|j|\u2606xatseye\n|t:|1739905977\n|gametype|doubles\n|player|p1|testing_chue|doctor|1576\n|player|p2|xatseye|unknown|1680\n|teamsize|p1|6\n|teamsize|p2|6\n|gen|9\n|tier|[Gen 9] VGC 2025 Reg G\n|rated|\n|rule|Species Clause: Limit one of each Pok\u00e9mon\n|rule|Item Clause: Limit 1 of each item\n|clearpoke\n|poke|p1|Calyrex-Ice, L50|\n|poke|p1|Alcremie-Lemon-Cream, L50, F|\n|poke|p1|Ursaluna-Bloodmoon, L50, M|\n|poke|p1|Indeedee-F, L50, F|\n|poke|p1|Urshifu-*, L50, F|\n|poke|p1|Conkeldurr, L50, M|\n|poke|p2|Miraidon, L50|\n|poke|p2|Incineroar, L50, M|\n|poke|p2|Oranguru, L50, F|\n|poke|p2|Clefairy, L50, F|\n|poke|p2|Baxcalibur, L50, F|\n|poke|p2|Whimsicott, L50, M|\n|teampreview|4\n|inactive|Battle timer is ON: inactive players will automatically lose when time's up. (requested by xatseye)\n|\n|t:|1739905995\n|start\n|switch|p1a: Indeedee|Indeedee-F, L50, F|100\/100\n|switch|p1b: Calyrex|Calyrex-Ice, L50|100\/100\n|switch|p2a: Miraidon|Miraidon, L50|100\/100\n|switch|p2b: Oranguru|Oranguru, L50, F|100\/100\n|-ability|p1b: Calyrex|As One\n|-ability|p1b: Calyrex|Unnerve\n|-fieldstart|move: Electric Terrain|[from] ability: Hadron Engine|[of] p2a: Miraidon\n|-enditem|p2a: Miraidon|Electric Seed\n|-boost|p2a: Miraidon|def|1|[from] item: Electric Seed\n|-activate|p2b: Oranguru|ability: Symbiosis|Covert Cloak|[of] p2a: Miraidon\n|-fieldstart|move: Psychic Terrain|[from] ability: Psychic Surge|[of] p1a: Indeedee\n|turn|1\n|\n|t:|1739906014\n|-terastallize|p2a: Miraidon|Electric\n|move|p1a: Indeedee|Follow Me|p1a: Indeedee\n|-singleturn|p1a: Indeedee|move: Follow Me\n|move|p2a: Miraidon|Calm Mind|p2a: Miraidon\n|-boost|p2a: Miraidon|spa|1\n|-boost|p2a: Miraidon|spd|1\n|move|p2b: Oranguru|Instruct|p1a: Indeedee\n|-singleturn|p1a: Indeedee|move: Instruct|[of] p2b: Oranguru\n|move|p1a: Indeedee|Follow Me||[still]\n|-fail|p1a: Indeedee\n|move|p1b: Calyrex|Glacial Lance|p2a: Miraidon|[spread] p2a,p2b\n|-damage|p2a: Miraidon|66\/100\n|-damage|p2b: Oranguru|49\/100\n|\n|upkeep\n|turn|2\n|\n|t:|1739906032\n|move|p1a: Indeedee|Follow Me|p1a: Indeedee\n|-singleturn|p1a: Indeedee|move: Follow Me\n|move|p2a: Miraidon|Calm Mind|p2a: Miraidon\n|-boost|p2a: Miraidon|spa|1\n|-boost|p2a: Miraidon|spd|1\n|move|p2b: Oranguru|Foul Play|p1a: Indeedee\n|-supereffective|p1a: Indeedee\n|-damage|p1a: Indeedee|82\/100\n|-enditem|p1a: Indeedee|Eject Button\n|\n|t:|1739906036\n|switch|p1a: Alcremie|Alcremie-Lemon-Cream, L50, F|100\/100\n|move|p1b: Calyrex|Trick Room|p1b: Calyrex\n|-fieldstart|move: Trick Room|[of] p1b: Calyrex\n|\n|upkeep\n|turn|3\n|\n|t:|1739906049\n|switch|p2b: Incineroar|Incineroar, L50, M|100\/100\n|-ability|p2b: Incineroar|Intimidate|boost\n|-unboost|p1a: Alcremie|atk|1\n|-fail|p1b: Calyrex|unboost|[from] item: Clear Amulet|[of] p1b: Calyrex\n|move|p1a: Alcremie|Decorate|p1b: Calyrex\n|-boost|p1b: Calyrex|atk|2\n|-boost|p1b: Calyrex|spa|2\n|move|p1b: Calyrex|Glacial Lance|p2a: Miraidon|[spread] p2a,p2b\n|-resisted|p2b: Incineroar\n|-damage|p2a: Miraidon|2\/100\n|-damage|p2b: Incineroar|52\/100\n|move|p2a: Miraidon|Parabolic Charge|p1a: Alcremie|[spread] p2b,p1a,p1b\n|-crit|p1a: Alcremie\n|-damage|p2b: Incineroar|0 fnt\n|-heal|p2a: Miraidon|28\/100|[from] drain|[of] p2b: Incineroar\n|-damage|p1a: Alcremie|23\/100\n|-heal|p2a: Miraidon|61\/100|[from] drain|[of] p1a: Alcremie\n|-damage|p1b: Calyrex|54\/100\n|-heal|p2a: Miraidon|85\/100|[from] drain|[of] p1b: Calyrex\n|faint|p2b: Incineroar\n|\n|upkeep\n|j| Rareasfukk\n|\n|t:|1739906070\n|switch|p2b: Clefairy|Clefairy, L50, F|100\/100\n|turn|4\n|\n|t:|1739906086\n|move|p1a: Alcremie|Helping Hand|p1b: Calyrex\n|-singleturn|p1b: Calyrex|Helping Hand|[of] p1a: Alcremie\n|move|p2b: Clefairy|After You|p2a: Miraidon\n|-activate|p2a: Miraidon|move: After You\n|move|p2a: Miraidon|Parabolic Charge|p1b: Calyrex|[spread] p2b,p1a,p1b\n|-damage|p2b: Clefairy|62\/100\n|-heal|p2a: Miraidon|100\/100|[from] drain|[of] p2b: Clefairy\n|-damage|p1a: Alcremie|0 fnt\n|-damage|p1b: Calyrex|8\/100\n|faint|p1a: Alcremie\n|move|p1b: Calyrex|Glacial Lance|p2a: Miraidon|[spread] p2a,p2b\n|-damage|p2a: Miraidon|23\/100\n|-damage|p2b: Clefairy|0 fnt\n|faint|p2b: Clefairy\n|-ability|p1b: Calyrex|Chilling Neigh|boost\n|-boost|p1b: Calyrex|atk|1\n|\n|upkeep\n|\n|t:|1739906100\n|switch|p2b: Oranguru|Oranguru, L50, F|49\/100\n|switch|p1a: Ursaluna|Ursaluna-Bloodmoon, L50, M|100\/100\n|turn|5\n|\n|t:|1739906110\n|move|p2a: Miraidon|Protect|p2a: Miraidon\n|-singleturn|p2a: Miraidon|Protect\n|move|p1a: Ursaluna|Blood Moon|p2a: Miraidon\n|-activate|p2a: Miraidon|move: Protect\n|move|p1b: Calyrex|Glacial Lance|p2b: Oranguru|[spread] p2b\n|-activate|p2a: Miraidon|move: Protect\n|-damage|p2b: Oranguru|0 fnt\n|faint|p2b: Oranguru\n|-ability|p1b: Calyrex|Chilling Neigh|boost\n|-boost|p1b: Calyrex|atk|1\n|\n|-fieldend|move: Psychic Terrain\n|upkeep\n|turn|6\n|-message|xatseye forfeited.\n|\n|win|testing_chue\n|raw|testing_chue's rating: 1576 &rarr; <strong>1602<\/strong><br \/>(+26 for winning)\n|raw|xatseye's rating: 1680 &rarr; <strong>1654<\/strong><br \/>(-26 for losing)\n|l|\u2606xatseye\n|player|p2|\n|l| Rareasfukk\n|j| Rareasfukk\n|l| Rareasfukk\n","uploadtime":1739906326,"views":5,"formatid":"gen9vgc2025regg","rating":1602,"private":0,"password":null}