{"id":"gen9vgc2025regg-2303914454","format":"[Gen 9] VGC 2025 Reg G","players":["wallabit g","khe7marak"],"log":"|j|\u2606wallabit g\n|j|\u2606khe7marak\n|t:|1739988407\n|gametype|doubles\n|player|p1|wallabit g|dawn-gen4pt|1589\n|player|p2|khe7marak|1|1547\n|teamsize|p1|6\n|teamsize|p2|6\n|gen|9\n|tier|[Gen 9] VGC 2025 Reg G\n|rated|\n|rule|Species Clause: Limit one of each Pok\u00e9mon\n|rule|Item Clause: Limit 1 of each item\n|clearpoke\n|poke|p1|Calyrex-Shadow, L50|\n|poke|p1|Ogerpon-Hearthflame, L50, F|\n|poke|p1|Urshifu-*, L50, F|\n|poke|p1|Indeedee-F, L50, F|\n|poke|p1|Mienshao, L50, F|\n|poke|p1|Rillaboom, L50, M|\n|poke|p2|Terapagos, L50, M|\n|poke|p2|Incineroar, L50, F|\n|poke|p2|Amoonguss, L50, F|\n|poke|p2|Urshifu-*, L50, M|\n|poke|p2|Chien-Pao, L50|\n|poke|p2|Tornadus, L50, M|\n|teampreview|4\n|inactive|Battle timer is ON: inactive players will automatically lose when time's up. (requested by khe7marak)\n|inactive|khe7marak has 60 seconds left.\n|\n|t:|1739988441\n|start\n|switch|p1a: Mienshao|Mienshao, L50, F|100\/100\n|switch|p1b: Calyrex|Calyrex-Shadow, L50|100\/100\n|switch|p2a: Terapagos|Terapagos, L50, M|100\/100\n|switch|p2b: Amoonguss|Amoonguss, L50, F|100\/100\n|-activate|p2a: Terapagos|ability: Tera Shift\n|detailschange|p2a: Terapagos|Terapagos-Terastal, L50, M\n|-heal|p2a: Terapagos|100\/100|[silent]\n|-ability|p1b: Calyrex|As One\n|-ability|p1b: Calyrex|Unnerve\n|turn|1\n|\n|t:|1739988465\n|move|p2a: Terapagos|Protect|p2a: Terapagos\n|-singleturn|p2a: Terapagos|Protect\n|move|p1b: Calyrex|Nasty Plot|p1b: Calyrex\n|-boost|p1b: Calyrex|spa|2\n|move|p1a: Mienshao|Taunt|p2b: Amoonguss\n|-start|p2b: Amoonguss|move: Taunt\n|cant|p2b: Amoonguss|move: Taunt|Spore\n|\n|upkeep\n|turn|2\n|\n|t:|1739988489\n|switch|p2b: Incineroar|Incineroar, L50, F|100\/100\n|-ability|p2b: Incineroar|Intimidate|boost\n|-fail|p1a: Mienshao|unboost|Attack|[from] ability: Inner Focus|[of] p1a: Mienshao\n|-unboost|p1b: Calyrex|atk|1\n|move|p1b: Calyrex|Expanding Force|p2a: Terapagos\n|-activate|p2a: Terapagos|ability: Tera Shell\n|-resisted|p2a: Terapagos\n|-damage|p2a: Terapagos|44\/100\n|-damage|p1b: Calyrex|91\/100|[from] item: Life Orb\n|move|p1a: Mienshao|Close Combat|p2a: Terapagos\n|-supereffective|p2a: Terapagos\n|-damage|p2a: Terapagos|0 fnt\n|-unboost|p1a: Mienshao|def|1\n|-unboost|p1a: Mienshao|spd|1\n|faint|p2a: Terapagos\n|\n|upkeep\n|\n|t:|1739988502\n|switch|p2a: Chien-Pao|Chien-Pao, L50|100\/100\n|-ability|p2a: Chien-Pao|Sword of Ruin\n|turn|3\n|\n|t:|1739988515\n|move|p1b: Calyrex|Protect|p1b: Calyrex\n|-singleturn|p1b: Calyrex|Protect\n|move|p2b: Incineroar|Fake Out|p1a: Mienshao\n|-damage|p1a: Mienshao|60\/100\n|move|p2a: Chien-Pao|Icicle Crash|p1a: Mienshao\n|-damage|p1a: Mienshao|0 fnt\n|faint|p1a: Mienshao\n|\n|upkeep\n|\n|t:|1739988520\n|switch|p1a: Urshifu|Urshifu-Rapid-Strike, L50, F|100\/100\n|turn|4\n|j| Baguettezzz\n|inactive|khe7marak has 30 seconds left.\n|inactive|khe7marak has 20 seconds left.\n|inactive|khe7marak has 15 seconds left.\n|inactive|khe7marak has 10 seconds left.\n|\n|t:|1739988568\n|switch|p2b: Amoonguss|Amoonguss, L50, F|100\/100\n|-terastallize|p1a: Urshifu|Water\n|move|p2a: Chien-Pao|Protect|p2a: Chien-Pao\n|-singleturn|p2a: Chien-Pao|Protect\n|move|p1a: Urshifu|Surging Strikes|p2a: Chien-Pao\n|-crit|p2a: Chien-Pao\n|-damage|p2a: Chien-Pao|58\/100\n|-crit|p2a: Chien-Pao\n|-damage|p2a: Chien-Pao|11\/100\n|-crit|p2a: Chien-Pao\n|-damage|p2a: Chien-Pao|0 fnt\n|faint|p2a: Chien-Pao\n|-hitcount|p2: Chien-Pao|3\n|move|p1b: Calyrex|Astral Barrage|p2b: Amoonguss\n|-damage|p2b: Amoonguss|0 fnt\n|faint|p2b: Amoonguss\n|-ability|p1b: Calyrex|Grim Neigh|boost\n|-boost|p1b: Calyrex|spa|1\n|-damage|p1b: Calyrex|81\/100|[from] item: Life Orb\n|\n|upkeep\n|l| Baguettezzz\n|\n|t:|1739988584\n|switch|p2b: Incineroar|Incineroar, L50, F|100\/100\n|-ability|p2b: Incineroar|Intimidate|boost\n|-unboost|p1a: Urshifu|atk|1\n|-unboost|p1b: Calyrex|atk|1\n|turn|5\n|-message|khe7marak forfeited.\n|\n|win|wallabit g\n|raw|wallabit g's rating: 1589 &rarr; <strong>1607<\/strong><br \/>(+18 for winning)\n|raw|khe7marak's rating: 1547 &rarr; <strong>1529<\/strong><br \/>(-18 for losing)\n|l|\u2606khe7marak\n|player|p2|\n|l|\u2606wallabit g\n|player|p1|\n|j| Baguettezzz\n|l| Baguettezzz\n","uploadtime":1739988742,"views":5,"formatid":"gen9vgc2025regg","rating":1529,"private":0,"password":null}