{"id":"gen9vgc2025regg-2303849605","format":"[Gen 9] VGC 2025 Reg G","players":["Dearpy","UnluckyTogekissZ"],"log":"|j|\u2606Dearpy\n|j|\u2606UnluckyTogekissZ\n|t:|1739982017\n|gametype|doubles\n|player|p1|Dearpy|battlegirl|1549\n|player|p2|UnluckyTogekissZ|102|1531\n|teamsize|p1|6\n|teamsize|p2|6\n|gen|9\n|tier|[Gen 9] VGC 2025 Reg G\n|rated|\n|rule|Species Clause: Limit one of each Pok\u00e9mon\n|rule|Item Clause: Limit 1 of each item\n|clearpoke\n|poke|p1|Eternatus, L50|\n|poke|p1|Urshifu-*, L50, M|\n|poke|p1|Tinkaton, L50, F|\n|poke|p1|Rillaboom, L50, M|\n|poke|p1|Chien-Pao, L50|\n|poke|p1|Heatran, L50, F|\n|poke|p2|Calyrex-Shadow, L50|\n|poke|p2|Raging Bolt, L50|\n|poke|p2|Clefairy, L50, M|\n|poke|p2|Urshifu-*, L50, F|\n|poke|p2|Incineroar, L50, F|\n|poke|p2|Rillaboom, L50, F|\n|teampreview|4\n|\n|t:|1739982065\n|start\n|switch|p1a: Eternatus|Eternatus, L50|100\/100\n|switch|p1b: Tinkaton|Tinkaton, L50, F|100\/100\n|switch|p2a: Calyrex|Calyrex-Shadow, L50|100\/100\n|switch|p2b: Incineroar|Incineroar, L50, F|100\/100\n|-ability|p2a: Calyrex|As One\n|-ability|p2a: Calyrex|Unnerve\n|-ability|p1a: Eternatus|Pressure\n|-ability|p1b: Tinkaton|Mold Breaker\n|-ability|p2b: Incineroar|Intimidate|boost\n|-unboost|p1a: Eternatus|atk|1\n|-unboost|p1b: Tinkaton|atk|1\n|turn|1\n|\n|t:|1739982124\n|-terastallize|p1a: Eternatus|Dark\n|move|p1b: Tinkaton|Fake Out|p2b: Incineroar\n|-damage|p2b: Incineroar|96\/100\n|cant|p2b: Incineroar|flinch\n|move|p2a: Calyrex|Calm Mind|p2a: Calyrex\n|-boost|p2a: Calyrex|spa|1\n|-boost|p2a: Calyrex|spd|1\n|move|p1a: Eternatus|Sludge Wave|p2a: Calyrex|[spread] p2a,p2b\n|-immune|p1b: Tinkaton\n|-resisted|p2a: Calyrex\n|-damage|p2a: Calyrex|82\/100\n|-damage|p2b: Incineroar|50\/100\n|\n|upkeep\n|turn|2\n|\n|t:|1739982165\n|switch|p2b: Urshifu|Urshifu-Rapid-Strike, L50, F|100\/100\n|move|p1b: Tinkaton|Helping Hand|p1a: Eternatus\n|-singleturn|p1a: Eternatus|Helping Hand|[of] p1b: Tinkaton\n|move|p2a: Calyrex|Astral Barrage|p1a: Eternatus|[spread] p1a,p1b\n|-resisted|p1a: Eternatus\n|-damage|p1a: Eternatus|64\/100\n|-damage|p1b: Tinkaton|39\/100\n|move|p1a: Eternatus|Sludge Wave|p2b: Urshifu|[spread] p2a,p2b\n|-immune|p1b: Tinkaton\n|-resisted|p2a: Calyrex\n|-damage|p2a: Calyrex|52\/100\n|-enditem|p2b: Urshifu|Focus Sash\n|-damage|p2b: Urshifu|1\/100\n|\n|upkeep\n|turn|3\n|j| Neutralist\n|\n|t:|1739982196\n|switch|p2b: Clefairy|Clefairy, L50, M, shiny|100\/100\n|move|p2a: Calyrex|Draining Kiss|p1a: Eternatus\n|-supereffective|p1a: Eternatus\n|-damage|p1a: Eternatus|7\/100\n|-heal|p2a: Calyrex|98\/100|[from] drain|[of] p1a: Eternatus\n|move|p1a: Eternatus|Sludge Wave|p2a: Calyrex|[spread] p2a,p2b\n|-immune|p1b: Tinkaton\n|-resisted|p2a: Calyrex\n|-supereffective|p2b: Clefairy\n|-damage|p2a: Calyrex|84\/100\n|-damage|p2b: Clefairy|0 fnt\n|faint|p2b: Clefairy\n|move|p1b: Tinkaton|Encore|p2a: Calyrex\n|-start|p2a: Calyrex|Encore\n|\n|upkeep\n|\n|t:|1739982214\n|switch|p2b: Urshifu|Urshifu-Rapid-Strike, L50, F|1\/100\n|turn|4\n|\n|t:|1739982228\n|switch|p1a: Rillaboom|Rillaboom, L50, M|100\/100\n|-fieldstart|move: Grassy Terrain|[from] ability: Grassy Surge|[of] p1a: Rillaboom\n|switch|p2b: Incineroar|Incineroar, L50, F|50\/100\n|-ability|p2b: Incineroar|Intimidate|boost\n|-unboost|p1a: Rillaboom|atk|1\n|-unboost|p1b: Tinkaton|atk|1\n|move|p2a: Calyrex|Draining Kiss|p1a: Rillaboom\n|-damage|p1a: Rillaboom|83\/100\n|-heal|p2a: Calyrex|98\/100|[from] drain|[of] p1a: Rillaboom\n|move|p1b: Tinkaton|Gigaton Hammer|p2a: Calyrex\n|-damage|p2a: Calyrex|75\/100\n|\n|-heal|p2a: Calyrex|81\/100|[from] Grassy Terrain\n|-heal|p1b: Tinkaton|45\/100|[from] Grassy Terrain\n|-heal|p1a: Rillaboom|89\/100|[from] Grassy Terrain\n|-heal|p2b: Incineroar|56\/100|[from] Grassy Terrain\n|upkeep\n|turn|5\n|\n|t:|1739982250\n|switch|p1b: Chien-Pao|Chien-Pao, L50|100\/100\n|-ability|p1b: Chien-Pao|Sword of Ruin\n|switch|p2b: Urshifu|Urshifu-Rapid-Strike, L50, F|1\/100\n|move|p2a: Calyrex|Draining Kiss|p1a: Rillaboom\n|-damage|p1a: Rillaboom|70\/100\n|-heal|p2a: Calyrex|95\/100|[from] drain|[of] p1a: Rillaboom\n|move|p1a: Rillaboom|Wood Hammer|p2a: Calyrex\n|-damage|p2a: Calyrex|34\/100\n|-damage|p1a: Rillaboom|50\/100|[from] Recoil\n|\n|-heal|p2a: Calyrex|40\/100|[from] Grassy Terrain\n|-heal|p2b: Urshifu|7\/100|[from] Grassy Terrain\n|-heal|p1a: Rillaboom|56\/100|[from] Grassy Terrain\n|upkeep\n|turn|6\n|j| Easy180\n|\n|t:|1739982265\n|switch|p2b: Incineroar|Incineroar, L50, F|56\/100\n|-ability|p2b: Incineroar|Intimidate|boost\n|-unboost|p1a: Rillaboom|atk|1\n|-unboost|p1b: Chien-Pao|atk|1\n|-terastallize|p2a: Calyrex|Fairy\n|move|p1b: Chien-Pao|Sucker Punch|p2a: Calyrex\n|-resisted|p2a: Calyrex\n|-damage|p2a: Calyrex|25\/100\n|move|p1a: Rillaboom|Grassy Glide|p2b: Incineroar\n|-resisted|p2b: Incineroar\n|-damage|p2b: Incineroar|45\/100\n|move|p2a: Calyrex|Draining Kiss|p1b: Chien-Pao\n|-supereffective|p1b: Chien-Pao\n|-enditem|p1b: Chien-Pao|Focus Sash\n|-damage|p1b: Chien-Pao|1\/100\n|-heal|p2a: Calyrex|83\/100|[from] drain|[of] p1b: Chien-Pao\n|\n|-heal|p1b: Chien-Pao|7\/100|[from] Grassy Terrain\n|-heal|p2a: Calyrex|89\/100|[from] Grassy Terrain\n|-heal|p1a: Rillaboom|62\/100|[from] Grassy Terrain\n|-heal|p2b: Incineroar|51\/100|[from] Grassy Terrain\n|-end|p2a: Calyrex|Encore\n|upkeep\n|turn|7\n|-message|Dearpy forfeited.\n|\n|win|UnluckyTogekissZ\n|raw|Dearpy's rating: 1549 &rarr; <strong>1528<\/strong><br \/>(-21 for losing)\n|raw|UnluckyTogekissZ's rating: 1531 &rarr; <strong>1552<\/strong><br \/>(+21 for winning)\n|l|\u2606Dearpy\n|player|p1|\n|l|\u2606UnluckyTogekissZ\n|player|p2|\n","uploadtime":1739982516,"views":5,"formatid":"gen9vgc2025regg","rating":1528,"private":0,"password":null}