{"id":"gen9vgc2025regg-2304511467","format":"[Gen 9] VGC 2025 Reg G","players":["Snow14124869","Kaicyios"],"log":"|j|\u2606Snow14124869\n|j|\u2606Kaicyios\n|t:|1740069046\n|gametype|doubles\n|player|p1|Snow14124869|hilbert|1575\n|player|p2|Kaicyios|giovanni|1690\n|teamsize|p1|6\n|teamsize|p2|6\n|gen|9\n|tier|[Gen 9] VGC 2025 Reg G\n|rated|\n|rule|Species Clause: Limit one of each Pok\u00e9mon\n|rule|Item Clause: Limit 1 of each item\n|clearpoke\n|poke|p1|Calyrex-Shadow, L50|\n|poke|p1|Raging Bolt, L50|\n|poke|p1|Urshifu-*, L50, M|\n|poke|p1|Grimmsnarl, L50, M|\n|poke|p1|Incineroar, L50, F|\n|poke|p1|Clefairy, L50, F|\n|poke|p2|Calyrex-Ice, L50|\n|poke|p2|Whimsicott, L50, M|\n|poke|p2|Chi-Yu, L50|\n|poke|p2|Landorus, L50, M|\n|poke|p2|Urshifu-*, L50, F|\n|poke|p2|Raging Bolt, L50|\n|teampreview|4\n|\n|t:|1740069083\n|start\n|switch|p1a: Calyrex|Calyrex-Shadow, L50|100\/100\n|switch|p1b: Grimmsnarl|Grimmsnarl, L50, M|100\/100\n|switch|p2a: Whimsicott|Whimsicott, L50, M|100\/100\n|switch|p2b: Chi-Yu|Chi-Yu, L50|100\/100\n|-ability|p1a: Calyrex|As One\n|-ability|p1a: Calyrex|Unnerve\n|-ability|p2b: Chi-Yu|Beads of Ruin\n|turn|1\n|\n|t:|1740069104\n|-terastallize|p1a: Calyrex|Fairy\n|move|p1b: Grimmsnarl|Light Screen|p1b: Grimmsnarl\n|-sidestart|p1: Snow14124869|move: Light Screen\n|move|p1a: Calyrex|Calm Mind|p1a: Calyrex\n|-boost|p1a: Calyrex|spa|1\n|-boost|p1a: Calyrex|spd|1\n|move|p2b: Chi-Yu|Heat Wave|p1a: Calyrex|[spread] p1a,p1b\n|-damage|p1a: Calyrex|66\/100\n|-damage|p1b: Grimmsnarl|48\/100\n|move|p2a: Whimsicott|Trick Room|p2a: Whimsicott\n|-fieldstart|move: Trick Room|[of] p2a: Whimsicott\n|\n|upkeep\n|turn|2\n|\n|t:|1740069128\n|switch|p1b: Clefairy|Clefairy, L50, F|100\/100\n|move|p1a: Calyrex|Protect|p1a: Calyrex\n|-singleturn|p1a: Calyrex|Protect\n|move|p2b: Chi-Yu|Heat Wave|p1b: Clefairy|[spread] p1b\n|-activate|p1a: Calyrex|move: Protect\n|-damage|p1b: Clefairy|53\/100\n|move|p2a: Whimsicott|Moonblast|p1a: Calyrex\n|-activate|p1a: Calyrex|move: Protect\n|\n|upkeep\n|turn|3\n|\n|t:|1740069160\n|move|p1b: Clefairy|Life Dew|p1b: Clefairy|[spread] p1a,p1b\n|-heal|p1a: Calyrex|91\/100\n|-heal|p1b: Clefairy|78\/100\n|move|p2b: Chi-Yu|Heat Wave|p1b: Clefairy|[spread] p1a,p1b\n|-crit|p1b: Clefairy\n|-damage|p1a: Calyrex|67\/100\n|-damage|p1b: Clefairy|0 fnt\n|faint|p1b: Clefairy\n|move|p1a: Calyrex|Draining Kiss|p2b: Chi-Yu\n|-damage|p2b: Chi-Yu|48\/100\n|-heal|p1a: Calyrex|97\/100|[from] drain|[of] p2b: Chi-Yu\n|move|p2a: Whimsicott|Moonblast|p1a: Calyrex\n|-damage|p1a: Calyrex|80\/100\n|\n|upkeep\n|\n|t:|1740069177\n|switch|p1b: Incineroar|Incineroar, L50, F|100\/100\n|-ability|p1b: Incineroar|Intimidate|boost\n|-unboost|p2a: Whimsicott|atk|1\n|-unboost|p2b: Chi-Yu|atk|1\n|turn|4\n|\n|t:|1740069188\n|switch|p2a: Landorus|Landorus, L50, M|100\/100\n|move|p1b: Incineroar|Fake Out|p2b: Chi-Yu\n|-damage|p2b: Chi-Yu|32\/100\n|cant|p2b: Chi-Yu|flinch\n|move|p1a: Calyrex|Astral Barrage|p2a: Landorus|[spread] p2a,p2b\n|-resisted|p2b: Chi-Yu\n|-damage|p2a: Landorus|0 fnt\n|-damage|p2b: Chi-Yu|0 fnt\n|faint|p2a: Landorus\n|faint|p2b: Chi-Yu\n|-ability|p1a: Calyrex|Grim Neigh|boost\n|-boost|p1a: Calyrex|spa|2\n|\n|upkeep\n|\n|t:|1740069205\n|switch|p2b: Whimsicott|Whimsicott, L50, M|100\/100\n|switch|p2a: Calyrex|Calyrex-Ice, L50|100\/100\n|-ability|p2a: Calyrex|As One\n|-ability|p2a: Calyrex|Unnerve\n|turn|5\n|\n|t:|1740069224\n|-terastallize|p2a: Calyrex|Ice\n|move|p1b: Incineroar|Knock Off|p2a: Calyrex\n|-damage|p2a: Calyrex|75\/100\n|-enditem|p2a: Calyrex|Choice Band|[from] move: Knock Off|[of] p1b: Incineroar\n|move|p2a: Calyrex|Glacial Lance|p1a: Calyrex|[spread] p1a,p1b\n|-resisted|p1b: Incineroar\n|-damage|p1a: Calyrex|17\/100\n|-damage|p1b: Incineroar|74\/100\n|move|p1a: Calyrex|Astral Barrage|p2a: Calyrex|[spread] p2a,p2b\n|-crit|p2b: Whimsicott\n|-damage|p2a: Calyrex|0 fnt\n|-enditem|p2b: Whimsicott|Focus Sash\n|-damage|p2b: Whimsicott|1\/100\n|faint|p2a: Calyrex\n|-ability|p1a: Calyrex|Grim Neigh|boost\n|-boost|p1a: Calyrex|spa|1\n|move|p2b: Whimsicott|Moonblast|p1b: Incineroar\n|-damage|p1b: Incineroar|52\/100\n|-unboost|p1b: Incineroar|spa|1\n|\n|-fieldend|move: Trick Room\n|upkeep\n|turn|6\n|-message|Kaicyios forfeited.\n|\n|win|Snow14124869\n|raw|Snow14124869's rating: 1575 &rarr; <strong>1601<\/strong><br \/>(+26 for winning)\n|raw|Kaicyios's rating: 1690 &rarr; <strong>1664<\/strong><br \/>(-26 for losing)\n|l|\u2606Kaicyios\n|player|p2|\n|l|\u2606Snow14124869\n|player|p1|\n","uploadtime":1740069489,"views":5,"formatid":"gen9vgc2025regg","rating":1601,"private":0,"password":null}