{"id":"gen9vgc2025regg-2304995840","format":"[Gen 9] VGC 2025 Reg G","players":["LowPass","Doc_MrMega"],"log":"|j|\u2606LowPass\n|j|\u2606Doc_MrMega\n|t:|1740133471\n|gametype|doubles\n|player|p1|LowPass|1|1570\n|player|p2|Doc_MrMega|lucas|1599\n|teamsize|p1|6\n|teamsize|p2|6\n|gen|9\n|tier|[Gen 9] VGC 2025 Reg G\n|rated|\n|rule|Species Clause: Limit one of each Pok\u00e9mon\n|rule|Item Clause: Limit 1 of each item\n|clearpoke\n|poke|p1|Lugia, L50|\n|poke|p1|Sableye, L50, F|\n|poke|p1|Wo-Chien, L50|\n|poke|p1|Heatran, L50, F|\n|poke|p1|Landorus-Therian, L50, M|\n|poke|p1|Toxapex, L50, M|\n|poke|p2|Calyrex-Ice, L50|\n|poke|p2|Landorus, L50, M|\n|poke|p2|Amoonguss, L50, F|\n|poke|p2|Urshifu-*, L50, F|\n|poke|p2|Roaring Moon, L50|\n|poke|p2|Ogerpon-Hearthflame, L50, F|\n|teampreview|4\n|inactive|Battle timer is ON: inactive players will automatically lose when time's up. (requested by Doc_MrMega)\n|j| Rabbithorn01\n|\n|t:|1740133495\n|start\n|switch|p1a: Wo-Chien|Wo-Chien, L50|100\/100\n|switch|p1b: Toxapex|Toxapex, L50, M|100\/100\n|switch|p2a: Calyrex|Calyrex-Ice, L50|100\/100\n|switch|p2b: Amoonguss|Amoonguss, L50, F|100\/100\n|-ability|p2a: Calyrex|As One\n|-ability|p2a: Calyrex|Unnerve\n|-ability|p1a: Wo-Chien|Tablets of Ruin\n|turn|1\n|\n|t:|1740133517\n|-terastallize|p1b: Toxapex|Grass\n|move|p1b: Toxapex|Wide Guard|p1b: Toxapex\n|-singleturn|p1b: Toxapex|Wide Guard\n|move|p2a: Calyrex|High Horsepower|p1b: Toxapex\n|-resisted|p1b: Toxapex\n|-damage|p1b: Toxapex|90\/100\n|-damage|p2a: Calyrex|84\/100|[from] item: Rocky Helmet|[of] p1b: Toxapex\n|move|p1a: Wo-Chien|Foul Play|p2a: Calyrex\n|-supereffective|p2a: Calyrex\n|-damage|p2a: Calyrex|12\/100\n|move|p2b: Amoonguss|Spore|p1b: Toxapex\n|-immune|p1b: Toxapex\n|\n|upkeep\n|turn|2\n|j| ltesthg\n|\n|t:|1740133539\n|switch|p2a: Ogerpon|Ogerpon-Hearthflame, L50, F|100\/100\n|-ability|p2a: Ogerpon|Mold Breaker\n|move|p1b: Toxapex|Wide Guard|p1b: Toxapex\n|-singleturn|p1b: Toxapex|Wide Guard\n|move|p1a: Wo-Chien|Knock Off|p2a: Ogerpon\n|-damage|p2a: Ogerpon|84\/100\n|move|p2b: Amoonguss|Pollen Puff|p1a: Wo-Chien\n|-supereffective|p1a: Wo-Chien\n|-damage|p1a: Wo-Chien|71\/100\n|\n|upkeep\n|turn|3\n|inactive|LowPass has 30 seconds left.\n|inactive|Doc_MrMega has 30 seconds left.\n|\n|t:|1740133574\n|switch|p1b: Landorus|Landorus-Therian, L50, M|100\/100\n|-ability|p1b: Landorus|Intimidate|boost\n|-unboost|p2a: Ogerpon|atk|1\n|-unboost|p2b: Amoonguss|atk|1\n|-terastallize|p2a: Ogerpon|Fire\n|detailschange|p2a: Ogerpon|Ogerpon-Hearthflame-Tera, L50, F, tera:Fire\n|-ability|p2a: Ogerpon|Embody Aspect (Hearthflame)|boost\n|-boost|p2a: Ogerpon|atk|1\n|move|p2a: Ogerpon|Ivy Cudgel|p1a: Wo-Chien|[anim] Ivy Cudgel Fire\n|-supereffective|p1a: Wo-Chien\n|-damage|p1a: Wo-Chien|0 fnt\n|faint|p1a: Wo-Chien\n|move|p2b: Amoonguss|Pollen Puff|p2a: Ogerpon\n|-heal|p2a: Ogerpon|100\/100\n|\n|upkeep\n|\n|t:|1740133598\n|switch|p1a: Lugia|Lugia, L50|100\/100\n|turn|4\n|\n|t:|1740133607\n|move|p2a: Ogerpon|Ivy Cudgel|p1a: Lugia|[anim] Ivy Cudgel Fire\n|-damage|p1a: Lugia|82\/100\n|move|p1a: Lugia|Aeroblast|p2b: Amoonguss\n|-supereffective|p2b: Amoonguss\n|-damage|p2b: Amoonguss|35\/100\n|move|p1b: Landorus|Earthquake|p2b: Amoonguss|[spread] p2a,p2b\n|-immune|p1a: Lugia\n|-supereffective|p2a: Ogerpon\n|-damage|p2a: Ogerpon|0 fnt\n|-damage|p2b: Amoonguss|0 fnt\n|faint|p2a: Ogerpon\n|faint|p2b: Amoonguss\n|\n|-heal|p1a: Lugia|88\/100|[from] item: Leftovers\n|upkeep\n|\n|t:|1740133618\n|switch|p2a: Urshifu|Urshifu-Rapid-Strike, L50, F|100\/100\n|switch|p2b: Calyrex|Calyrex-Ice, L50|12\/100\n|-ability|p2b: Calyrex|As One\n|-ability|p2b: Calyrex|Unnerve\n|turn|5\n|\n|t:|1740133638\n|switch|p1b: Toxapex|Toxapex, L50, M, tera:Grass|100\/100\n|move|p1a: Lugia|Aeroblast|p2b: Calyrex\n|-crit|p2b: Calyrex\n|-damage|p2b: Calyrex|0 fnt\n|faint|p2b: Calyrex\n|move|p2a: Urshifu|Surging Strikes|p1b: Toxapex\n|-resisted|p1b: Toxapex\n|-crit|p1b: Toxapex\n|-damage|p1b: Toxapex|92\/100\n|-damage|p2a: Urshifu|84\/100|[from] item: Rocky Helmet|[of] p1b: Toxapex\n|-resisted|p1b: Toxapex\n|-crit|p1b: Toxapex\n|-damage|p1b: Toxapex|83\/100\n|-damage|p2a: Urshifu|68\/100|[from] item: Rocky Helmet|[of] p1b: Toxapex\n|-resisted|p1b: Toxapex\n|-crit|p1b: Toxapex\n|-damage|p1b: Toxapex|74\/100\n|-damage|p2a: Urshifu|51\/100|[from] item: Rocky Helmet|[of] p1b: Toxapex\n|-hitcount|p1b: Toxapex|3\n|\n|-heal|p1a: Lugia|94\/100|[from] item: Leftovers\n|upkeep\n|turn|6\n|-message|Doc_MrMega forfeited.\n|\n|win|LowPass\n|raw|LowPass's rating: 1570 &rarr; <strong>1592<\/strong><br \/>(+22 for winning)\n|raw|Doc_MrMega's rating: 1599 &rarr; <strong>1577<\/strong><br \/>(-22 for losing)\n|l|\u2606Doc_MrMega\n|player|p2|\n|l|\u2606LowPass\n|player|p1|\n|l| ltesthg\n","uploadtime":1740133652,"views":8,"formatid":"gen9vgc2025regg","rating":1577,"private":0,"password":null}