{"id":"gen9vgc2025regg-2304722137","format":"[Gen 9] VGC 2025 Reg G","players":["navinsachump","ryanplaytv"],"log":"|j|\u2606navinsachump\n|j|\u2606ryanplaytv\n|t:|1740090570\n|gametype|doubles\n|player|p1|navinsachump|170|1689\n|player|p2|ryanplaytv|hiker-gen4|1604\n|teamsize|p1|6\n|teamsize|p2|6\n|gen|9\n|tier|[Gen 9] VGC 2025 Reg G\n|rated|\n|rule|Species Clause: Limit one of each Pok\u00e9mon\n|rule|Item Clause: Limit 1 of each item\n|clearpoke\n|poke|p1|Whimsicott, L50, F|\n|poke|p1|Ogerpon-Cornerstone, L50, F|\n|poke|p1|Incineroar, L50, F|\n|poke|p1|Miraidon, L50|\n|poke|p1|Ursaluna-Bloodmoon, L50, M|\n|poke|p1|Farigiraf, L50, M|\n|poke|p2|Miraidon, L50|\n|poke|p2|Dondozo, L50, M|\n|poke|p2|Tatsugiri, L50, F|\n|poke|p2|Dragonite, L50, F|\n|poke|p2|Gholdengo, L50|\n|poke|p2|Chi-Yu, L50|\n|teampreview|4\n|j| randoftw\n|inactive|Battle timer is ON: inactive players will automatically lose when time's up. (requested by navinsachump)\n|\n|t:|1740090598\n|start\n|switch|p1a: Miraidon|Miraidon, L50|100\/100\n|switch|p1b: Whimsicott|Whimsicott, L50, F|100\/100\n|switch|p2a: Gholdengo|Gholdengo, L50|100\/100\n|switch|p2b: Chi-Yu|Chi-Yu, L50|100\/100\n|-fieldstart|move: Electric Terrain|[from] ability: Hadron Engine|[of] p1a: Miraidon\n|-ability|p2b: Chi-Yu|Beads of Ruin\n|turn|1\n|\n|t:|1740090611\n|-terastallize|p1a: Miraidon|Electric\n|-terastallize|p2a: Gholdengo|Ground\n|move|p2b: Chi-Yu|Protect|p2b: Chi-Yu\n|-singleturn|p2b: Chi-Yu|Protect\n|move|p1b: Whimsicott|Tailwind|p1b: Whimsicott\n|-sidestart|p1: navinsachump|move: Tailwind\n|move|p1a: Miraidon|Discharge|p2a: Gholdengo|[spread] p1b\n|-activate|p2b: Chi-Yu|move: Protect\n|-immune|p2a: Gholdengo\n|-resisted|p1b: Whimsicott\n|-enditem|p1b: Whimsicott|Focus Sash\n|-damage|p1b: Whimsicott|1\/100\n|move|p2a: Gholdengo|Tera Blast|p1a: Miraidon|[anim] Tera Blast Ground\n|-supereffective|p1a: Miraidon\n|-damage|p1a: Miraidon|0 fnt\n|faint|p1a: Miraidon\n|\n|upkeep\n|\n|t:|1740090622\n|switch|p1a: Ursaluna|Ursaluna-Bloodmoon, L50, M|100\/100\n|turn|2\n|inactive|navinsachump has 30 seconds left.\n|\n|t:|1740090648\n|switch|p2b: Dragonite|Dragonite, L50, F|100\/100\n|move|p1b: Whimsicott|Moonblast|p2a: Gholdengo\n|-damage|p2a: Gholdengo|66\/100\n|-unboost|p2a: Gholdengo|spa|1\n|move|p1a: Ursaluna|Earth Power|p2b: Dragonite\n|-immune|p2b: Dragonite\n|move|p2a: Gholdengo|Tera Blast|p1b: Whimsicott|[anim] Tera Blast Ground\n|-resisted|p1b: Whimsicott\n|-damage|p1b: Whimsicott|0 fnt\n|faint|p1b: Whimsicott\n|\n|upkeep\n|\n|t:|1740090653\n|switch|p1b: Ogerpon|Ogerpon-Cornerstone, L50, F|100\/100\n|turn|3\n|\n|t:|1740090666\n|move|p2b: Dragonite|Extreme Speed|p1b: Ogerpon\n|-resisted|p1b: Ogerpon\n|-damage|p1b: Ogerpon|71\/100\n|move|p1b: Ogerpon|Ivy Cudgel|p2b: Dragonite|[anim] Ivy Cudgel Rock\n|-supereffective|p2b: Dragonite\n|-damage|p2b: Dragonite|43\/100\n|move|p1a: Ursaluna|Hyper Voice|p2a: Gholdengo|[spread] p2a,p2b\n|-damage|p2a: Gholdengo|21\/100\n|-damage|p2b: Dragonite|5\/100\n|-damage|p1a: Ursaluna|91\/100|[from] item: Life Orb\n|move|p2a: Gholdengo|Tera Blast|p1b: Ogerpon|[anim] Tera Blast Ground\n|-damage|p1b: Ogerpon|25\/100\n|\n|upkeep\n|turn|4\n|\n|t:|1740090680\n|move|p1b: Ogerpon|Spiky Shield|p1b: Ogerpon\n|-singleturn|p1b: Ogerpon|move: Protect\n|move|p2b: Dragonite|Extreme Speed|p1a: Ursaluna\n|-damage|p1a: Ursaluna|52\/100\n|move|p1a: Ursaluna|Hyper Voice|p2a: Gholdengo|[spread] p2a,p2b\n|-crit|p2a: Gholdengo\n|-damage|p2a: Gholdengo|0 fnt\n|-damage|p2b: Dragonite|0 fnt\n|faint|p2a: Gholdengo\n|faint|p2b: Dragonite\n|-damage|p1a: Ursaluna|42\/100|[from] item: Life Orb\n|\n|-sideend|p1: navinsachump|move: Tailwind\n|upkeep\n|\n|t:|1740090688\n|switch|p2a: Miraidon|Miraidon, L50|100\/100\n|switch|p2b: Chi-Yu|Chi-Yu, L50|100\/100\n|-activate|p2a: Miraidon|ability: Hadron Engine\n|-ability|p2b: Chi-Yu|Beads of Ruin\n|turn|5\n|\n|t:|1740090696\n|move|p1b: Ogerpon|Spiky Shield||[still]\n|-fail|p1b: Ogerpon\n|move|p2a: Miraidon|Dazzling Gleam|p1a: Ursaluna|[spread] p1a,p1b\n|-damage|p1a: Ursaluna|0 fnt\n|-damage|p1b: Ogerpon|0 fnt\n|faint|p1a: Ursaluna\n|faint|p1b: Ogerpon\n|\n|win|ryanplaytv\n|raw|navinsachump's rating: 1689 &rarr; <strong>1664<\/strong><br \/>(-25 for losing)\n|raw|ryanplaytv's rating: 1604 &rarr; <strong>1629<\/strong><br \/>(+25 for winning)\n|l|\u2606navinsachump\n|player|p1|\n|l|\u2606ryanplaytv\n|player|p2|\n","uploadtime":1740090878,"views":5,"formatid":"gen9vgc2025regg","rating":1629,"private":0,"password":null}