{"id":"gen9vgc2025regg-2304495821","format":"[Gen 9] VGC 2025 Reg G","players":["vanthoci","pig duck eater"],"log":"|j|\u2606vanthoci\n|j|\u2606pig duck eater\n|t:|1740067465\n|gametype|doubles\n|player|p1|vanthoci|turo-ai|1596\n|player|p2|pig duck eater|101|1615\n|teamsize|p1|6\n|teamsize|p2|6\n|gen|9\n|tier|[Gen 9] VGC 2025 Reg G\n|rated|\n|rule|Species Clause: Limit one of each Pok\u00e9mon\n|rule|Item Clause: Limit 1 of each item\n|clearpoke\n|poke|p1|Terapagos, L50, M|\n|poke|p1|Ogerpon-Hearthflame, L50, F|\n|poke|p1|Dondozo, L50, M|\n|poke|p1|Tornadus, L50, M|\n|poke|p1|Smeargle, L50, F|\n|poke|p1|Tatsugiri-Droopy, L50, M|\n|poke|p2|Wyrdeer, L50, M|\n|poke|p2|Weezing-Galar, L50, M|\n|poke|p2|Kyogre, L50|\n|poke|p2|Indeedee-F, L50, F|\n|poke|p2|Reuniclus, L50, M|\n|poke|p2|Baxcalibur, L50, F|\n|teampreview|4\n|j| wegovrooooom\n|l| wegovrooooom\n|\n|t:|1740067521\n|start\n|switch|p1a: Terapagos|Terapagos, L50, M|100\/100\n|switch|p1b: Smeargle|Smeargle, L50, F|100\/100\n|switch|p2a: Baxcalibur|Baxcalibur, L50, F|100\/100\n|switch|p2b: Indeedee|Indeedee-F, L50, F|100\/100\n|-activate|p1a: Terapagos|ability: Tera Shift\n|detailschange|p1a: Terapagos|Terapagos-Terastal, L50, M\n|-heal|p1a: Terapagos|100\/100|[silent]\n|-fieldstart|move: Psychic Terrain|[from] ability: Psychic Surge|[of] p2b: Indeedee\n|turn|1\n|\n|t:|1740067550\n|switch|p2b: Weezing|Weezing-Galar, L50, M|100\/100\n|-ability|p2b: Weezing|Neutralizing Gas\n|-terastallize|p1a: Terapagos|Stellar\n|detailschange|p1a: Terapagos|Terapagos-Stellar, L50, M, tera:Stellar\n|-heal|p1a: Terapagos|100\/100|[silent]\n|move|p1b: Smeargle|Fake Out|p2b: Weezing\n|-activate|p2b: Weezing|move: Psychic Terrain\n|move|p2a: Baxcalibur|Scale Shot|p1b: Smeargle\n|-damage|p1b: Smeargle|75\/100\n|-damage|p1b: Smeargle|49\/100\n|-damage|p1b: Smeargle|23\/100\n|-damage|p1b: Smeargle|0 fnt\n|faint|p1b: Smeargle\n|-hitcount|p1: Smeargle|4\n|-unboost|p2a: Baxcalibur|def|1\n|-boost|p2a: Baxcalibur|spe|1\n|move|p1a: Terapagos|Tera Starstorm|p2b: Weezing|[spread] p2a,p2b\n|-damage|p2a: Baxcalibur|37\/100\n|-damage|p2b: Weezing|51\/100\n|\n|upkeep\n|\n|t:|1740067566\n|switch|p1b: Dondozo|Dondozo, L50, M|100\/100\n|turn|2\n|\n|t:|1740067613\n|-end|p2b: Weezing|ability: Neutralizing Gas\n|switch|p2b: Kyogre|Kyogre, L50|100\/100\n|-weather|RainDance|[from] ability: Drizzle|[of] p2b: Kyogre\n|move|p2a: Baxcalibur|Icicle Spear|p1a: Terapagos\n|-damage|p1a: Terapagos|92\/100\n|-crit|p1a: Terapagos\n|-damage|p1a: Terapagos|77\/100\n|-damage|p1a: Terapagos|66\/100\n|-damage|p1a: Terapagos|57\/100\n|-hitcount|p1a: Terapagos|4\n|move|p1a: Terapagos|Tera Starstorm|p2a: Baxcalibur|[spread] p2a,p2b\n|-crit|p2a: Baxcalibur\n|-damage|p2a: Baxcalibur|0 fnt\n|-damage|p2b: Kyogre|50\/100\n|faint|p2a: Baxcalibur\n|move|p1b: Dondozo|Substitute|p1b: Dondozo\n|-start|p1b: Dondozo|Substitute\n|-damage|p1b: Dondozo|76\/100\n|\n|-weather|RainDance|[upkeep]\n|-heal|p1b: Dondozo|82\/100|[from] item: Leftovers\n|upkeep\n|j| wegovrooooom\n|\n|t:|1740067625\n|switch|p2a: Weezing|Weezing-Galar, L50, M|51\/100\n|-ability|p2a: Weezing|Neutralizing Gas\n|turn|3\n|\n|t:|1740067638\n|-terastallize|p2b: Kyogre|Water\n|move|p2b: Kyogre|Origin Pulse|p1a: Terapagos|[spread] p1a,p1b\n|-resisted|p1b: Dondozo\n|-end|p1b: Dondozo|Substitute\n|-damage|p1a: Terapagos|0 fnt\n|faint|p1a: Terapagos\n|move|p2a: Weezing|Gunk Shot|p1b: Dondozo\n|-damage|p1b: Dondozo|62\/100\n|-status|p1b: Dondozo|psn\n|move|p1b: Dondozo|Body Press|p2b: Kyogre\n|-damage|p2b: Kyogre|18\/100\n|\n|-weather|RainDance|[upkeep]\n|-heal|p1b: Dondozo|68\/100 psn|[from] item: Leftovers\n|-damage|p1b: Dondozo|56\/100 psn|[from] psn\n|upkeep\n|\n|t:|1740067648\n|switch|p1a: Tatsugiri|Tatsugiri-Droopy, L50, M|100\/100\n|turn|4\n|\n|t:|1740067680\n|move|p1b: Dondozo|Protect|p1b: Dondozo\n|-singleturn|p1b: Dondozo|Protect\n|move|p2b: Kyogre|Origin Pulse|p1b: Dondozo|[spread] p1a\n|-activate|p1b: Dondozo|move: Protect\n|-resisted|p1a: Tatsugiri\n|-damage|p1a: Tatsugiri|72\/100\n|move|p1a: Tatsugiri|Muddy Water|p2a: Weezing|[spread] p2a,p2b\n|-resisted|p2b: Kyogre\n|-damage|p2a: Weezing|7\/100\n|-damage|p2b: Kyogre|0 fnt\n|faint|p2b: Kyogre\n|move|p2a: Weezing|Play Rough|p1a: Tatsugiri\n|-supereffective|p1a: Tatsugiri\n|-damage|p1a: Tatsugiri|0 fnt\n|faint|p1a: Tatsugiri\n|\n|-weather|RainDance|[upkeep]\n|-heal|p1b: Dondozo|62\/100 psn|[from] item: Leftovers\n|-damage|p1b: Dondozo|50\/100 psn|[from] psn\n|upkeep\n|\n|t:|1740067691\n|switch|p2b: Indeedee|Indeedee-F, L50, F|100\/100\n|turn|5\n|\n|t:|1740067697\n|move|p2a: Weezing|Play Rough|p1b: Dondozo\n|-damage|p1b: Dondozo|35\/100 psn\n|move|p2b: Indeedee|Psychic|p1b: Dondozo\n|-damage|p1b: Dondozo|0 fnt\n|faint|p1b: Dondozo\n|\n|win|pig duck eater\n|raw|vanthoci's rating: 1596 &rarr; <strong>1577<\/strong><br \/>(-19 for losing)\n|raw|pig duck eater's rating: 1615 &rarr; <strong>1634<\/strong><br \/>(+19 for winning)\n|l|\u2606vanthoci\n|player|p1|\n|l| wegovrooooom\n|l|\u2606pig duck eater\n|player|p2|\n","uploadtime":1740067923,"views":11,"formatid":"gen9vgc2025regg","rating":1577,"private":0,"password":null}