{"id":"gen9vgc2025regg-2304479461","format":"[Gen 9] VGC 2025 Reg G","players":["llefface","necrozma000"],"log":"|j|\u2606llefface\n|j|\u2606necrozma000\n|t:|1740065802\n|gametype|doubles\n|player|p1|llefface|lana-masters|1680\n|player|p2|necrozma000|lillie-z|1677\n|teamsize|p1|6\n|teamsize|p2|6\n|gen|9\n|tier|[Gen 9] VGC 2025 Reg G\n|rated|\n|rule|Species Clause: Limit one of each Pok\u00e9mon\n|rule|Item Clause: Limit 1 of each item\n|clearpoke\n|poke|p1|Miraidon, L50|\n|poke|p1|Whimsicott, L50, M|\n|poke|p1|Entei, L50|\n|poke|p1|Farigiraf, L50, F|\n|poke|p1|Urshifu-*, L50, M|\n|poke|p1|Iron Hands, L50|\n|poke|p2|Eternatus, L50|\n|poke|p2|Chi-Yu, L50|\n|poke|p2|Rillaboom, L50, F|\n|poke|p2|Urshifu-*, L50, F|\n|poke|p2|Raichu, L50, M|\n|poke|p2|Flutter Mane, L50|\n|teampreview|4\n|inactive|Battle timer is ON: inactive players will automatically lose when time's up. (requested by necrozma000)\n|c|\u2606llefface|glhf!\n|\n|t:|1740065823\n|start\n|switch|p1a: Miraidon|Miraidon, L50|100\/100\n|switch|p1b: Farigiraf|Farigiraf, L50, F|100\/100\n|switch|p2a: Eternatus|Eternatus, L50|100\/100\n|switch|p2b: Raichu|Raichu, L50, M|100\/100\n|-fieldstart|move: Electric Terrain|[from] ability: Hadron Engine|[of] p1a: Miraidon\n|-enditem|p1b: Farigiraf|Electric Seed\n|-boost|p1b: Farigiraf|def|1|[from] item: Electric Seed\n|-ability|p2a: Eternatus|Pressure\n|turn|1\n|\n|t:|1740065841\n|-terastallize|p2a: Eternatus|Fairy\n|move|p1a: Miraidon|Draco Meteor|p2a: Eternatus\n|-immune|p2a: Eternatus\n|move|p2a: Eternatus|Sludge Bomb|p1a: Miraidon\n|-damage|p1a: Miraidon|56\/100\n|move|p2b: Raichu|Electroweb|p1b: Farigiraf|[spread] p1a,p1b\n|-resisted|p1a: Miraidon\n|-damage|p1a: Miraidon|52\/100\n|-damage|p1b: Farigiraf|83\/100\n|-unboost|p1a: Miraidon|spe|1\n|-unboost|p1b: Farigiraf|spe|1\n|move|p1b: Farigiraf|Trick Room|p1b: Farigiraf\n|-fieldstart|move: Trick Room|[of] p1b: Farigiraf\n|\n|upkeep\n|turn|2\n|inactive|necrozma000 has 30 seconds left.\n|j| Therazer456\n|inactive|necrozma000 has 20 seconds left.\n|inactive|necrozma000 has 15 seconds left.\n|\n|t:|1740065886\n|move|p1b: Farigiraf|Psychic|p2b: Raichu\n|-damage|p2b: Raichu|71\/100\n|move|p1a: Miraidon|Draco Meteor|p2b: Raichu\n|-damage|p2b: Raichu|0 fnt\n|-unboost|p1a: Miraidon|spa|2\n|faint|p2b: Raichu\n|move|p2a: Eternatus|Meteor Beam||[still]\n|-prepare|p2a: Eternatus|Meteor Beam\n|-boost|p2a: Eternatus|spa|1\n|-enditem|p2a: Eternatus|Power Herb\n|-anim|p2a: Eternatus|Meteor Beam|p1b: Farigiraf\n|-damage|p1b: Farigiraf|7\/100\n|\n|upkeep\n|\n|t:|1740065899\n|switch|p2b: Rillaboom|Rillaboom, L50, F|100\/100\n|-fieldstart|move: Grassy Terrain|[from] ability: Grassy Surge|[of] p2b: Rillaboom\n|turn|3\n|\n|t:|1740065913\n|switch|p1a: Iron Hands|Iron Hands, L50|100\/100\n|move|p1b: Farigiraf|Psychic|p2a: Eternatus\n|-damage|p2a: Eternatus|68\/100\n|move|p2b: Rillaboom|Wood Hammer|p1a: Iron Hands\n|-damage|p1a: Iron Hands|3\/100\n|-damage|p2b: Rillaboom|58\/100|[from] Recoil\n|move|p2a: Eternatus|Sludge Bomb|p1a: Iron Hands\n|-damage|p1a: Iron Hands|0 fnt\n|faint|p1a: Iron Hands\n|-end|p1a: Iron Hands|Quark Drive|[silent]\n|\n|-heal|p1b: Farigiraf|13\/100|[from] Grassy Terrain\n|-heal|p2b: Rillaboom|64\/100|[from] Grassy Terrain\n|-heal|p2a: Eternatus|74\/100|[from] Grassy Terrain\n|upkeep\n|\n|t:|1740065928\n|switch|p1a: Entei|Entei, L50|100\/100\n|turn|4\n|\n|t:|1740065945\n|move|p1b: Farigiraf|Helping Hand|p1a: Entei\n|-singleturn|p1a: Entei|Helping Hand|[of] p1b: Farigiraf\n|move|p2b: Rillaboom|Wood Hammer|p1b: Farigiraf\n|-damage|p1b: Farigiraf|0 fnt\n|faint|p1b: Farigiraf\n|-damage|p2b: Rillaboom|59\/100|[from] Recoil\n|move|p1a: Entei|Sacred Fire|p2a: Eternatus\n|-damage|p2a: Eternatus|0 fnt\n|faint|p2a: Eternatus\n|-damage|p1a: Entei|91\/100|[from] item: Life Orb\n|\n|-heal|p2b: Rillaboom|65\/100|[from] Grassy Terrain\n|-heal|p1a: Entei|97\/100|[from] Grassy Terrain\n|upkeep\n|\n|t:|1740065955\n|switch|p1b: Miraidon|Miraidon, L50|52\/100\n|switch|p2a: Flutter Mane|Flutter Mane, L50|100\/100\n|-fieldstart|move: Electric Terrain|[from] ability: Hadron Engine|[of] p1b: Miraidon\n|-enditem|p2a: Flutter Mane|Booster Energy\n|-activate|p2a: Flutter Mane|ability: Protosynthesis|[fromitem]\n|-start|p2a: Flutter Mane|protosynthesisspe\n|turn|5\n|\n|t:|1740065976\n|move|p2b: Rillaboom|Wood Hammer|p1b: Miraidon\n|-resisted|p1b: Miraidon\n|-damage|p1b: Miraidon|2\/100\n|-damage|p2b: Rillaboom|49\/100|[from] Recoil\n|move|p1a: Entei|Sacred Fire|p2b: Rillaboom\n|-supereffective|p2b: Rillaboom\n|-damage|p2b: Rillaboom|0 fnt\n|faint|p2b: Rillaboom\n|-damage|p1a: Entei|87\/100|[from] item: Life Orb\n|move|p1b: Miraidon|Electro Drift|p2a: Flutter Mane\n|-damage|p2a: Flutter Mane|0 fnt\n|faint|p2a: Flutter Mane\n|-end|p2a: Flutter Mane|Protosynthesis|[silent]\n|\n|win|llefface\n|raw|llefface's rating: 1680 &rarr; <strong>1700<\/strong><br \/>(+20 for winning)\n|raw|necrozma000's rating: 1677 &rarr; <strong>1657<\/strong><br \/>(-20 for losing)\n|l|\u2606necrozma000\n|player|p2|\n|c|\u2606llefface|gg\n|l| Therazer456\n","uploadtime":1740066213,"views":9,"formatid":"gen9vgc2025regg","rating":1657,"private":0,"password":null}