{"id":"gen9vgc2025regg-2304539730","format":"[Gen 9] VGC 2025 Reg G","players":["xatseye","pig duck eater"],"log":"|j|\u2606xatseye\n|j|\u2606pig duck eater\n|t:|1740071809\n|gametype|doubles\n|player|p1|xatseye|unknown|1662\n|player|p2|pig duck eater|101|1690\n|teamsize|p1|6\n|teamsize|p2|6\n|gen|9\n|tier|[Gen 9] VGC 2025 Reg G\n|rated|\n|rule|Species Clause: Limit one of each Pok\u00e9mon\n|rule|Item Clause: Limit 1 of each item\n|clearpoke\n|poke|p1|Miraidon, L50|\n|poke|p1|Incineroar, L50, M|\n|poke|p1|Oranguru, L50, F|\n|poke|p1|Clefairy, L50, M|\n|poke|p1|Baxcalibur, L50, F|\n|poke|p1|Whimsicott, L50, F|\n|poke|p2|Wyrdeer, L50, F|\n|poke|p2|Weezing-Galar, L50, M|\n|poke|p2|Kyogre, L50|\n|poke|p2|Indeedee-F, L50, F|\n|poke|p2|Reuniclus, L50, F|\n|poke|p2|Baxcalibur, L50, F|\n|teampreview|4\n|inactive|Battle timer is ON: inactive players will automatically lose when time's up. (requested by xatseye)\n|inactive|xatseye has 60 seconds left.\n|inactive|pig duck eater has 60 seconds left.\n|inactive|pig duck eater has 30 seconds left.\n|inactive|pig duck eater has 20 seconds left.\n|inactive|pig duck eater has 15 seconds left.\n|inactive|pig duck eater has 10 seconds left.\n|inactive|pig duck eater has 5 seconds left.\n|\n|t:|1740071897\n|start\n|switch|p1a: Miraidon|Miraidon, L50|100\/100\n|switch|p1b: Oranguru|Oranguru, L50, F|100\/100\n|switch|p2a: Indeedee|Indeedee-F, L50, F|100\/100\n|switch|p2b: Kyogre|Kyogre, L50|100\/100\n|-weather|RainDance|[from] ability: Drizzle|[of] p2b: Kyogre\n|-fieldstart|move: Electric Terrain|[from] ability: Hadron Engine|[of] p1a: Miraidon\n|-enditem|p1a: Miraidon|Electric Seed\n|-boost|p1a: Miraidon|def|1|[from] item: Electric Seed\n|-activate|p1b: Oranguru|ability: Symbiosis|Covert Cloak|[of] p1a: Miraidon\n|-fieldstart|move: Psychic Terrain|[from] ability: Psychic Surge|[of] p2a: Indeedee\n|turn|1\n|\n|t:|1740071915\n|-terastallize|p2b: Kyogre|Water\n|move|p2a: Indeedee|Helping Hand|p2b: Kyogre\n|-singleturn|p2b: Kyogre|Helping Hand|[of] p2a: Indeedee\n|move|p2b: Kyogre|Water Spout|p1b: Oranguru|[spread] p1a,p1b\n|-resisted|p1a: Miraidon\n|-damage|p1a: Miraidon|29\/100\n|-damage|p1b: Oranguru|0 fnt\n|faint|p1b: Oranguru\n|move|p1a: Miraidon|Parabolic Charge|p2a: Indeedee|[spread] p2a,p2b\n|-supereffective|p2b: Kyogre\n|-damage|p2a: Indeedee|78\/100\n|-heal|p1a: Miraidon|39\/100|[from] drain|[of] p2a: Indeedee\n|-damage|p2b: Kyogre|65\/100\n|-heal|p1a: Miraidon|55\/100|[from] drain|[of] p2b: Kyogre\n|\n|-weather|RainDance|[upkeep]\n|upkeep\n|j| keltr1ck\n|\n|t:|1740071930\n|switch|p1b: Baxcalibur|Baxcalibur, L50, F|100\/100\n|turn|2\n|\n|t:|1740071948\n|switch|p2b: Wyrdeer|Wyrdeer, L50, F|100\/100\n|-ability|p2b: Wyrdeer|Intimidate|boost\n|-unboost|p1a: Miraidon|atk|1\n|-unboost|p1b: Baxcalibur|atk|1\n|move|p1a: Miraidon|Calm Mind|p1a: Miraidon\n|-boost|p1a: Miraidon|spa|1\n|-boost|p1a: Miraidon|spd|1\n|move|p1b: Baxcalibur|Icicle Spear|p2a: Indeedee\n|-damage|p2a: Indeedee|68\/100\n|-damage|p2a: Indeedee|57\/100\n|-damage|p2a: Indeedee|47\/100\n|-damage|p2a: Indeedee|37\/100\n|-damage|p2a: Indeedee|26\/100\n|-hitcount|p2a: Indeedee|5\n|move|p2a: Indeedee|Trick Room|p2a: Indeedee\n|-fieldstart|move: Trick Room|[of] p2a: Indeedee\n|-enditem|p2b: Wyrdeer|Room Service\n|-unboost|p2b: Wyrdeer|spe|1|[from] item: Room Service\n|\n|-weather|RainDance|[upkeep]\n|upkeep\n|turn|3\n|inactive|xatseye has 30 seconds left.\n|\n|t:|1740071976\n|switch|p2a: Weezing|Weezing-Galar, L50, M|100\/100\n|-ability|p2a: Weezing|Neutralizing Gas\n|switch|p1b: Clefairy|Clefairy, L50, M|100\/100\n|move|p1a: Miraidon|Protect|p1a: Miraidon\n|-singleturn|p1a: Miraidon|Protect\n|move|p2b: Wyrdeer|Gravity|p2b: Wyrdeer\n|-fieldstart|move: Gravity\n|\n|-weather|RainDance|[upkeep]\n|upkeep\n|turn|4\n|inactive|xatseye has 30 seconds left.\n|inactive|pig duck eater has 30 seconds left.\n|inactive|xatseye has 20 seconds left.\n|inactive|xatseye has 15 seconds left.\n|\n|t:|1740072022\n|move|p1b: Clefairy|Heal Pulse|p1a: Miraidon\n|-heal|p1a: Miraidon|100\/100\n|move|p2b: Wyrdeer|Hypnosis|p1a: Miraidon\n|-status|p1a: Miraidon|slp|[from] move: Hypnosis\n|move|p2a: Weezing|Gunk Shot|p1b: Clefairy\n|-supereffective|p1b: Clefairy\n|-damage|p1b: Clefairy|22\/100\n|cant|p1a: Miraidon|slp\n|\n|-weather|RainDance|[upkeep]\n|upkeep\n|turn|5\n|\n|t:|1740072039\n|move|p1b: Clefairy|Protect|p1b: Clefairy\n|-singleturn|p1b: Clefairy|Protect\n|move|p2b: Wyrdeer|Expanding Force|p1b: Clefairy|[spread] p1a\n|-activate|p1b: Clefairy|move: Protect\n|-damage|p1a: Miraidon|79\/100 slp\n|move|p2a: Weezing|Clear Smog|p1a: Miraidon\n|-damage|p1a: Miraidon|72\/100 slp\n|-clearboost|p1a: Miraidon\n|-curestatus|p1a: Miraidon|slp|[msg]\n|move|p1a: Miraidon|Calm Mind|p1a: Miraidon\n|-boost|p1a: Miraidon|spa|1\n|-boost|p1a: Miraidon|spd|1\n|\n|-weather|none\n|-fieldend|move: Psychic Terrain\n|upkeep\n|turn|6\n|inactive|xatseye has 30 seconds left.\n|inactive|pig duck eater has 30 seconds left.\n|\n|t:|1740072073\n|move|p1b: Clefairy|After You|p1a: Miraidon\n|-activate|p1a: Miraidon|move: After You\n|move|p1a: Miraidon|Parabolic Charge|p2a: Weezing|[spread] p1b,p2a,p2b\n|-damage|p1b: Clefairy|0 fnt\n|-heal|p1a: Miraidon|81\/100|[from] drain|[of] p1b: Clefairy\n|-damage|p2a: Weezing|71\/100\n|-heal|p1a: Miraidon|94\/100|[from] drain|[of] p2a: Weezing\n|-damage|p2b: Wyrdeer|69\/100\n|-heal|p1a: Miraidon|100\/100|[from] drain|[of] p2b: Wyrdeer\n|faint|p1b: Clefairy\n|move|p2b: Wyrdeer|Expanding Force|p1a: Miraidon\n|-damage|p1a: Miraidon|85\/100\n|move|p2a: Weezing|Clear Smog|p1a: Miraidon\n|-damage|p1a: Miraidon|78\/100\n|-clearboost|p1a: Miraidon\n|\n|-fieldend|move: Trick Room\n|upkeep\n|\n|t:|1740072089\n|switch|p1b: Baxcalibur|Baxcalibur, L50, F|100\/100\n|turn|7\n|\n|t:|1740072100\n|-end|p2a: Weezing|ability: Neutralizing Gas\n|-fieldstart|move: Electric Terrain|[from] ability: Hadron Engine|[of] p1a: Miraidon\n|-ability|p2b: Wyrdeer|Intimidate|boost\n|-unboost|p1a: Miraidon|atk|1\n|-unboost|p1b: Baxcalibur|atk|1\n|switch|p2a: Indeedee|Indeedee-F, L50, F|26\/100\n|-fieldstart|move: Psychic Terrain|[from] ability: Psychic Surge|[of] p2a: Indeedee\n|move|p1a: Miraidon|Calm Mind|p1a: Miraidon\n|-boost|p1a: Miraidon|spa|1\n|-boost|p1a: Miraidon|spd|1\n|move|p1b: Baxcalibur|Icicle Spear|p2b: Wyrdeer\n|-damage|p2b: Wyrdeer|58\/100\n|-damage|p2b: Wyrdeer|49\/100\n|-damage|p2b: Wyrdeer|38\/100\n|-damage|p2b: Wyrdeer|28\/100\n|-hitcount|p2b: Wyrdeer|4\n|move|p2b: Wyrdeer|Hypnosis|p1a: Miraidon\n|-status|p1a: Miraidon|slp|[from] move: Hypnosis\n|\n|-fieldend|move: Gravity\n|upkeep\n|turn|8\n|inactive|xatseye has 30 seconds left.\n|inactive|pig duck eater has 30 seconds left.\n|\n|t:|1740072132\n|move|p2a: Indeedee|Follow Me|p2a: Indeedee\n|-singleturn|p2a: Indeedee|move: Follow Me\n|cant|p1a: Miraidon|slp\n|move|p1b: Baxcalibur|Icicle Spear|p2a: Indeedee\n|-damage|p2a: Indeedee|16\/100\n|-damage|p2a: Indeedee|6\/100\n|-damage|p2a: Indeedee|0 fnt\n|faint|p2a: Indeedee\n|-hitcount|p2: Indeedee|3\n|move|p2b: Wyrdeer|Trick Room|p2b: Wyrdeer\n|-fieldstart|move: Trick Room|[of] p2b: Wyrdeer\n|\n|upkeep\n|\n|t:|1740072136\n|switch|p2a: Weezing|Weezing-Galar, L50, M|71\/100\n|-ability|p2a: Weezing|Neutralizing Gas\n|turn|9\n|\n|t:|1740072155\n|move|p1b: Baxcalibur|Protect|p1b: Baxcalibur\n|-singleturn|p1b: Baxcalibur|Protect\n|move|p2b: Wyrdeer|Gravity|p2b: Wyrdeer\n|-fieldstart|move: Gravity\n|move|p2a: Weezing|Play Rough|p1a: Miraidon\n|-supereffective|p1a: Miraidon\n|-damage|p1a: Miraidon|26\/100 slp\n|cant|p1a: Miraidon|slp\n|\n|upkeep\n|turn|10\n|\n|t:|1740072179\n|-terastallize|p1a: Miraidon|Electric\n|move|p2b: Wyrdeer|Hypnosis|p1b: Baxcalibur\n|-status|p1b: Baxcalibur|slp|[from] move: Hypnosis\n|move|p2a: Weezing|Play Rough|p1a: Miraidon\n|-damage|p1a: Miraidon|2\/100 slp\n|cant|p1b: Baxcalibur|slp\n|-curestatus|p1a: Miraidon|slp|[msg]\n|move|p1a: Miraidon|Parabolic Charge|p2a: Weezing|[spread] p1b,p2a,p2b\n|-resisted|p1b: Baxcalibur\n|-damage|p1b: Baxcalibur|74\/100 slp\n|-heal|p1a: Miraidon|14\/100|[from] drain|[of] p1b: Baxcalibur\n|-damage|p2a: Weezing|34\/100\n|-heal|p1a: Miraidon|30\/100|[from] drain|[of] p2a: Weezing\n|-damage|p2b: Wyrdeer|0 fnt\n|-heal|p1a: Miraidon|45\/100|[from] drain|[of] p2b: Wyrdeer\n|faint|p2b: Wyrdeer\n|\n|upkeep\n|\n|t:|1740072194\n|switch|p2b: Kyogre|Kyogre, L50, tera:Water|65\/100\n|turn|11\n|\n|t:|1740072205\n|move|p2a: Weezing|Gunk Shot|p1a: Miraidon\n|-damage|p1a: Miraidon|13\/100\n|cant|p1b: Baxcalibur|slp\n|move|p1a: Miraidon|Parabolic Charge|p2b: Kyogre|[spread] p1b,p2a,p2b\n|-resisted|p1b: Baxcalibur\n|-supereffective|p2b: Kyogre\n|-damage|p1b: Baxcalibur|48\/100 slp\n|-heal|p1a: Miraidon|26\/100|[from] drain|[of] p1b: Baxcalibur\n|-damage|p2a: Weezing|0 fnt\n|-heal|p1a: Miraidon|40\/100|[from] drain|[of] p2a: Weezing\n|-damage|p2b: Kyogre|0 fnt\n|-heal|p1a: Miraidon|69\/100|[from] drain|[of] p2b: Kyogre\n|faint|p2a: Weezing\n|-end|p2a: Weezing|ability: Neutralizing Gas\n|-fieldstart|move: Electric Terrain|[from] ability: Hadron Engine|[of] p1a: Miraidon\n|-weather|RainDance|[from] ability: Drizzle|[of] p2b: Kyogre\n|faint|p2b: Kyogre\n|\n|win|xatseye\n|raw|xatseye's rating: 1662 &rarr; <strong>1682<\/strong><br \/>(+20 for winning)\n|raw|pig duck eater's rating: 1665 &rarr; <strong>1645<\/strong><br \/>(-20 for losing)\n|l|\u2606pig duck eater\n|player|p2|\n|l|\u2606xatseye\n|player|p1|\n","uploadtime":1740072437,"views":7,"formatid":"gen9vgc2025regg","rating":1645,"private":0,"password":null}