{"id":"gen9vgc2025regg-2304299957","format":"[Gen 9] VGC 2025 Reg G","players":["falcon108","llefface"],"log":"|j|\u2606falcon108\n|j|\u2606llefface\n|t:|1740039071\n|gametype|doubles\n|player|p1|falcon108|170|1693\n|player|p2|llefface|lana-masters|1716\n|teamsize|p1|6\n|teamsize|p2|6\n|gen|9\n|tier|[Gen 9] VGC 2025 Reg G\n|rated|\n|rule|Species Clause: Limit one of each Pok\u00e9mon\n|rule|Item Clause: Limit 1 of each item\n|clearpoke\n|poke|p1|Kyogre, L50|\n|poke|p1|Tornadus, L50, M|\n|poke|p1|Tsareena, L50, F|\n|poke|p1|Electabuzz, L50, F|\n|poke|p1|Archaludon, L50, F|\n|poke|p1|Rillaboom, L50, M|\n|poke|p2|Miraidon, L50|\n|poke|p2|Whimsicott, L50, M|\n|poke|p2|Entei, L50|\n|poke|p2|Farigiraf, L50, F|\n|poke|p2|Ogerpon-Wellspring, L50, F|\n|poke|p2|Iron Hands, L50|\n|teampreview|4\n|inactive|Battle timer is ON: inactive players will automatically lose when time's up. (requested by falcon108)\n|c|\u2606llefface|glhf!\n|inactive|falcon108 has 60 seconds left.\n|inactive|llefface has 60 seconds left.\n|\n|t:|1740039121\n|start\n|switch|p1a: Tornadus|Tornadus, L50, M|100\/100\n|switch|p1b: Archaludon|Archaludon, L50, F|100\/100\n|switch|p2a: Miraidon|Miraidon, L50|100\/100\n|switch|p2b: Whimsicott|Whimsicott, L50, M|100\/100\n|-fieldstart|move: Electric Terrain|[from] ability: Hadron Engine|[of] p2a: Miraidon\n|turn|1\n|inactive|llefface has 30 seconds left.\n|\n|t:|1740039158\n|-terastallize|p2a: Miraidon|Fairy\n|move|p1a: Tornadus|Protect|p1a: Tornadus\n|-singleturn|p1a: Tornadus|Protect\n|move|p2b: Whimsicott|Tailwind|p2b: Whimsicott\n|-sidestart|p2: llefface|move: Tailwind\n|move|p2a: Miraidon|Dazzling Gleam|p1b: Archaludon|[spread] p1b\n|-activate|p1a: Tornadus|move: Protect\n|-ability|p1b: Archaludon|Sturdy\n|-damage|p1b: Archaludon|1\/100\n|move|p1b: Archaludon|Draco Meteor|p2a: Miraidon\n|-immune|p2a: Miraidon\n|\n|upkeep\n|turn|2\n|\n|t:|1740039174\n|switch|p1a: Electabuzz|Electabuzz, L50, F|100\/100\n|move|p2b: Whimsicott|Encore||[still]\n|-fail|p2b: Whimsicott\n|move|p2a: Miraidon|Dazzling Gleam|p1b: Archaludon|[spread] p1a,p1b\n|-damage|p1a: Electabuzz|52\/100\n|-damage|p1b: Archaludon|0 fnt\n|faint|p1b: Archaludon\n|\n|upkeep\n|j| mr pogostick\n|\n|t:|1740039179\n|switch|p1b: Kyogre|Kyogre, L50|100\/100\n|-weather|RainDance|[from] ability: Drizzle|[of] p1b: Kyogre\n|turn|3\n|\n|t:|1740039189\n|switch|p2a: Ogerpon|Ogerpon-Wellspring, L50, F|100\/100\n|-terastallize|p1b: Kyogre|Water\n|move|p1a: Electabuzz|Follow Me|p1a: Electabuzz\n|-singleturn|p1a: Electabuzz|move: Follow Me\n|move|p2b: Whimsicott|Taunt|p1a: Electabuzz\n|-start|p1a: Electabuzz|move: Taunt\n|move|p1b: Kyogre|Tera Blast|p2a: Ogerpon|[anim] Tera Blast Water\n|-immune|p2a: Ogerpon|[from] ability: Water Absorb\n|\n|-weather|RainDance|[upkeep]\n|upkeep\n|turn|4\n|\n|t:|1740039202\n|switch|p1b: Tornadus|Tornadus, L50, M|100\/100\n|move|p2b: Whimsicott|Taunt|p1b: Tornadus\n|-start|p1b: Tornadus|move: Taunt\n|move|p2a: Ogerpon|Wood Hammer|p1b: Tornadus\n|-resisted|p1b: Tornadus\n|-damage|p1b: Tornadus|53\/100\n|-damage|p2a: Ogerpon|87\/100|[from] Recoil\n|move|p1a: Electabuzz|Thunder|p2a: Ogerpon\n|-damage|p2a: Ogerpon|36\/100\n|\n|-weather|RainDance|[upkeep]\n|-sideend|p2: llefface|move: Tailwind\n|upkeep\n|turn|5\n|\n|t:|1740039231\n|switch|p1a: Kyogre|Kyogre, L50, tera:Water|100\/100\n|move|p2b: Whimsicott|Tailwind|p2b: Whimsicott\n|-sidestart|p2: llefface|move: Tailwind\n|move|p2a: Ogerpon|Ivy Cudgel|p1b: Tornadus|[anim] Ivy Cudgel Water\n|-damage|p1b: Tornadus|0 fnt\n|faint|p1b: Tornadus\n|\n|-weather|RainDance|[upkeep]\n|-fieldend|move: Electric Terrain\n|upkeep\n|-message|falcon108 forfeited.\n|\n|win|llefface\n|raw|falcon108's rating: 1693 &rarr; <strong>1674<\/strong><br \/>(-19 for losing)\n|raw|llefface's rating: 1716 &rarr; <strong>1735<\/strong><br \/>(+19 for winning)\n|l|\u2606falcon108\n|player|p1|\n|l|\u2606llefface\n|player|p2|\n|l| mr pogostick\n","uploadtime":1740039480,"views":10,"formatid":"gen9vgc2025regg","rating":1674,"private":0,"password":null}