{"id":"gen9vgc2025regg-2304307311","format":"[Gen 9] VGC 2025 Reg G","players":["nolemonnomelon","ApoVGC"],"log":"|j|\u2606nolemonnomelon\n|j|\u2606ApoVGC\n|t:|1740040474\n|gametype|doubles\n|player|p1|nolemonnomelon|hilda|1602\n|player|p2|ApoVGC|102|1637\n|teamsize|p1|6\n|teamsize|p2|6\n|gen|9\n|tier|[Gen 9] VGC 2025 Reg G\n|rated|\n|rule|Species Clause: Limit one of each Pok\u00e9mon\n|rule|Item Clause: Limit 1 of each item\n|clearpoke\n|poke|p1|Rayquaza, L50|\n|poke|p1|Chien-Pao, L50|\n|poke|p1|Farigiraf, L50, M|\n|poke|p1|Roaring Moon, L50|\n|poke|p1|Raichu, L50, F|\n|poke|p1|Heatran, L50, M|\n|poke|p2|Calyrex-Shadow, L50|\n|poke|p2|Amoonguss, L50, M|\n|poke|p2|Tornadus, L50, M|\n|poke|p2|Indeedee-F, L50, F|\n|poke|p2|Urshifu-*, L50, M|\n|poke|p2|Chi-Yu, L50|\n|teampreview|4\n|c|\u2606nolemonnomelon|oh no\n|inactive|Battle timer is ON: inactive players will automatically lose when time's up. (requested by ApoVGC)\n|c|\u2606nolemonnomelon|this is the wrong team\n|c|\u2606nolemonnomelon|oh no\n|\n|t:|1740040507\n|start\n|switch|p1a: Chien-Pao|Chien-Pao, L50|100\/100\n|switch|p1b: Roaring Moon|Roaring Moon, L50|100\/100\n|switch|p2a: Calyrex|Calyrex-Shadow, L50|100\/100\n|switch|p2b: Amoonguss|Amoonguss, L50, M, shiny|100\/100\n|-ability|p2a: Calyrex|As One\n|-ability|p2a: Calyrex|Unnerve\n|-ability|p1a: Chien-Pao|Sword of Ruin\n|-enditem|p1b: Roaring Moon|Booster Energy\n|-activate|p1b: Roaring Moon|ability: Protosynthesis|[fromitem]\n|-start|p1b: Roaring Moon|protosynthesisspe\n|turn|1\n|\n|t:|1740040525\n|-terastallize|p2b: Amoonguss|Water\n|move|p1b: Roaring Moon|Protect|p1b: Roaring Moon\n|-singleturn|p1b: Roaring Moon|Protect\n|move|p2b: Amoonguss|Rage Powder|p2b: Amoonguss\n|-singleturn|p2b: Amoonguss|move: Rage Powder\n|move|p2a: Calyrex|Draining Kiss|p1a: Chien-Pao\n|-supereffective|p1a: Chien-Pao\n|-damage|p1a: Chien-Pao|10\/100\n|-damage|p2a: Calyrex|91\/100|[from] item: Life Orb\n|move|p1a: Chien-Pao|Icicle Crash|p2b: Amoonguss\n|-resisted|p2b: Amoonguss\n|-damage|p2b: Amoonguss|78\/100\n|\n|upkeep\n|turn|2\n|inactive|nolemonnomelon has 30 seconds left.\n|\n|t:|1740040553\n|switch|p1a: Farigiraf|Farigiraf, L50, M|100\/100\n|-terastallize|p1b: Roaring Moon|Flying\n|move|p2b: Amoonguss|Rage Powder|p2b: Amoonguss\n|-singleturn|p2b: Amoonguss|move: Rage Powder\n|move|p1b: Roaring Moon|Tailwind|p1b: Roaring Moon\n|-sidestart|p1: nolemonnomelon|move: Tailwind\n|move|p2a: Calyrex|Draining Kiss|p1b: Roaring Moon\n|-damage|p1b: Roaring Moon|76\/100\n|-heal|p2a: Calyrex|100\/100|[from] drain|[of] p1b: Roaring Moon\n|-damage|p2a: Calyrex|91\/100|[from] item: Life Orb\n|\n|upkeep\n|turn|3\n|\n|t:|1740040568\n|move|p1a: Farigiraf|Helping Hand|p1b: Roaring Moon\n|-singleturn|p1b: Roaring Moon|Helping Hand|[of] p1a: Farigiraf\n|move|p2a: Calyrex|Protect|p2a: Calyrex\n|-singleturn|p2a: Calyrex|Protect\n|move|p1b: Roaring Moon|Knock Off|p2a: Calyrex\n|-activate|p2a: Calyrex|move: Protect\n|move|p2b: Amoonguss|Spore|p1b: Roaring Moon\n|-status|p1b: Roaring Moon|slp|[from] move: Spore\n|\n|upkeep\n|turn|4\n|\n|t:|1740040589\n|switch|p2b: Indeedee|Indeedee-F, L50, F|100\/100\n|-fieldstart|move: Psychic Terrain|[from] ability: Psychic Surge|[of] p2b: Indeedee\n|-enditem|p2b: Indeedee|Psychic Seed\n|-boost|p2b: Indeedee|spd|1|[from] item: Psychic Seed\n|cant|p1b: Roaring Moon|slp\n|move|p2a: Calyrex|Expanding Force|p1b: Roaring Moon|[spread] p1a,p1b\n|-resisted|p1a: Farigiraf\n|-damage|p1a: Farigiraf|49\/100\n|-damage|p1b: Roaring Moon|0 fnt\n|faint|p1b: Roaring Moon\n|-end|p1b: Roaring Moon|Protosynthesis|[silent]\n|-ability|p2a: Calyrex|Grim Neigh|boost\n|-boost|p2a: Calyrex|spa|1\n|-damage|p2a: Calyrex|81\/100|[from] item: Life Orb\n|move|p1a: Farigiraf|Psychic|p2b: Indeedee\n|-resisted|p2b: Indeedee\n|-damage|p2b: Indeedee|88\/100\n|\n|upkeep\n|\n|t:|1740040596\n|switch|p1b: Rayquaza|Rayquaza, L50|100\/100\n|-ability|p1b: Rayquaza|Air Lock\n|turn|5\n|\n|t:|1740040607\n|move|p2b: Indeedee|Follow Me|p2b: Indeedee\n|-singleturn|p2b: Indeedee|move: Follow Me\n|move|p1b: Rayquaza|Crunch|p2b: Indeedee\n|-supereffective|p2b: Indeedee\n|-damage|p2b: Indeedee|0 fnt\n|faint|p2b: Indeedee\n|move|p2a: Calyrex|Expanding Force|p1a: Farigiraf|[spread] p1a,p1b\n|-resisted|p1a: Farigiraf\n|-damage|p1a: Farigiraf|0 fnt\n|-damage|p1b: Rayquaza|0 fnt\n|faint|p1a: Farigiraf\n|faint|p1b: Rayquaza\n|-ability|p2a: Calyrex|Grim Neigh|boost\n|-boost|p2a: Calyrex|spa|2\n|-damage|p2a: Calyrex|71\/100|[from] item: Life Orb\n|\n|-sideend|p1: nolemonnomelon|move: Tailwind\n|upkeep\n|\n|t:|1740040616\n|switch|p1b: Chien-Pao|Chien-Pao, L50|10\/100\n|switch|p2b: Amoonguss|Amoonguss, L50, M, shiny, tera:Water|100\/100\n|-ability|p1b: Chien-Pao|Sword of Ruin\n|turn|6\n|c|\u2606nolemonnomelon|gg\n|c|\u2606nolemonnomelon|lol\n|-message|nolemonnomelon forfeited.\n|\n|win|ApoVGC\n|raw|nolemonnomelon's rating: 1602 &rarr; <strong>1584<\/strong><br \/>(-18 for losing)\n|raw|ApoVGC's rating: 1637 &rarr; <strong>1655<\/strong><br \/>(+18 for winning)\n|l|\u2606nolemonnomelon\n|player|p1|\n|l|\u2606ApoVGC\n|player|p2|\n","uploadtime":1740040858,"views":6,"formatid":"gen9vgc2025regg","rating":1584,"private":0,"password":null}