{"id":"gen9vgc2025regg-2304244887","format":"[Gen 9] VGC 2025 Reg G","players":["Peytongen9vgc","avaddovyt"],"log":"|j|\u2606Peytongen9vgc\n|j|\u2606avaddovyt\n|t:|1740028173\n|gametype|doubles\n|player|p1|Peytongen9vgc|red|1570\n|player|p2|avaddovyt|102|1544\n|teamsize|p1|6\n|teamsize|p2|6\n|gen|9\n|tier|[Gen 9] VGC 2025 Reg G\n|rated|\n|rule|Species Clause: Limit one of each Pok\u00e9mon\n|rule|Item Clause: Limit 1 of each item\n|clearpoke\n|poke|p1|Calyrex-Shadow, L50|\n|poke|p1|Raging Bolt, L50|\n|poke|p1|Rillaboom, L50, M|\n|poke|p1|Incineroar, L50, M|\n|poke|p1|Urshifu-*, L50, M|\n|poke|p1|Farigiraf, L50, M|\n|poke|p2|Miraidon, L50|\n|poke|p2|Whimsicott, L50, F|\n|poke|p2|Urshifu-*, L50, M|\n|poke|p2|Ogerpon-Hearthflame, L50, F|\n|poke|p2|Iron Hands, L50|\n|poke|p2|Farigiraf, L50, F|\n|teampreview|4\n|inactive|Battle timer is ON: inactive players will automatically lose when time's up. (requested by Peytongen9vgc)\n|inactive|avaddovyt has 60 seconds left.\n|\n|t:|1740028223\n|start\n|switch|p1a: Calyrex|Calyrex-Shadow, L50|100\/100\n|switch|p1b: Incineroar|Incineroar, L50, M|100\/100\n|switch|p2a: Whimsicott|Whimsicott, L50, F|100\/100\n|switch|p2b: Urshifu|Urshifu-Rapid-Strike, L50, M|100\/100\n|-ability|p1a: Calyrex|As One\n|-ability|p1a: Calyrex|Unnerve\n|-ability|p1b: Incineroar|Intimidate|boost\n|-unboost|p2a: Whimsicott|atk|1\n|-unboost|p2b: Urshifu|atk|1\n|turn|1\n|\n|t:|1740028240\n|switch|p1a: Rillaboom|Rillaboom, L50, M|100\/100\n|-fieldstart|move: Grassy Terrain|[from] ability: Grassy Surge|[of] p1a: Rillaboom\n|move|p2b: Urshifu|Detect|p2b: Urshifu\n|-singleturn|p2b: Urshifu|Protect\n|move|p2a: Whimsicott|Tailwind|p2a: Whimsicott\n|-sidestart|p2: avaddovyt|move: Tailwind\n|move|p1b: Incineroar|Parting Shot|p2a: Whimsicott\n|-unboost|p2a: Whimsicott|atk|1\n|-unboost|p2a: Whimsicott|spa|1\n|\n|t:|1740028252\n|switch|p1b: Calyrex|Calyrex-Shadow, L50|100\/100|[from] Parting Shot\n|-ability|p1b: Calyrex|As One\n|-ability|p1b: Calyrex|Unnerve\n|\n|upkeep\n|turn|2\n|\n|t:|1740028266\n|switch|p2a: Farigiraf|Farigiraf, L50, F|100\/100\n|-terastallize|p2b: Urshifu|Water\n|move|p1a: Rillaboom|Fake Out||[still]\n|cant|p2a: Farigiraf|ability: Armor Tail|Fake Out|[of] p1a: Rillaboom\n|move|p2b: Urshifu|Surging Strikes|p1b: Calyrex\n|-crit|p1b: Calyrex\n|-damage|p1b: Calyrex|64\/100\n|-crit|p1b: Calyrex\n|-damage|p1b: Calyrex|27\/100\n|-crit|p1b: Calyrex\n|-damage|p1b: Calyrex|0 fnt\n|faint|p1b: Calyrex\n|-hitcount|p1: Calyrex|3\n|\n|upkeep\n|\n|t:|1740028274\n|switch|p1b: Raging Bolt|Raging Bolt, L50|100\/100\n|-enditem|p1b: Raging Bolt|Booster Energy\n|-activate|p1b: Raging Bolt|ability: Protosynthesis|[fromitem]\n|-start|p1b: Raging Bolt|protosynthesisspa\n|turn|3\n|\n|t:|1740028287\n|switch|p2b: Whimsicott|Whimsicott, L50, F|100\/100\n|move|p2a: Farigiraf|Psychic Noise|p1b: Raging Bolt\n|-damage|p1b: Raging Bolt|78\/100\n|-start|p1b: Raging Bolt|move: Heal Block\n|move|p1a: Rillaboom|U-turn|p2a: Farigiraf\n|-supereffective|p2a: Farigiraf\n|-damage|p2a: Farigiraf|61\/100\n|\n|t:|1740028300\n|switch|p1a: Incineroar|Incineroar, L50, M|100\/100|[from] U-turn\n|-ability|p1a: Incineroar|Intimidate|boost\n|-unboost|p2a: Farigiraf|atk|1\n|-unboost|p2b: Whimsicott|atk|1\n|move|p1b: Raging Bolt|Thunderbolt|p2a: Farigiraf\n|-damage|p2a: Farigiraf|9\/100\n|\n|-heal|p2a: Farigiraf|15\/100|[from] Grassy Terrain\n|upkeep\n|turn|4\n|inactive|avaddovyt has 30 seconds left.\n|\n|t:|1740028328\n|move|p1b: Raging Bolt|Protect|p1b: Raging Bolt\n|-singleturn|p1b: Raging Bolt|Protect\n|move|p2b: Whimsicott|Light Screen|p2b: Whimsicott\n|-sidestart|p2: avaddovyt|move: Light Screen\n|move|p2a: Farigiraf|Psychic Noise|p1b: Raging Bolt\n|-activate|p1b: Raging Bolt|move: Protect\n|move|p1a: Incineroar|Knock Off|p2a: Farigiraf\n|-supereffective|p2a: Farigiraf\n|-damage|p2a: Farigiraf|0 fnt\n|-enditem|p2a: Farigiraf|Electric Seed|[from] move: Knock Off|[of] p1a: Incineroar\n|faint|p2a: Farigiraf\n|\n|-end|p1b: Raging Bolt|move: Heal Block\n|-sideend|p2: avaddovyt|move: Tailwind\n|upkeep\n|\n|t:|1740028341\n|switch|p2a: Urshifu|Urshifu-Rapid-Strike, L50, M, tera:Water|100\/100\n|turn|5\n|\n|t:|1740028362\n|move|p2b: Whimsicott|Moonblast|p1b: Raging Bolt\n|-supereffective|p1b: Raging Bolt\n|-damage|p1b: Raging Bolt|30\/100\n|move|p2a: Urshifu|Close Combat|p1b: Raging Bolt\n|-damage|p1b: Raging Bolt|0 fnt\n|-unboost|p2a: Urshifu|def|1\n|-unboost|p2a: Urshifu|spd|1\n|faint|p1b: Raging Bolt\n|-end|p1b: Raging Bolt|Protosynthesis|[silent]\n|move|p1a: Incineroar|Parting Shot|p2b: Whimsicott\n|-unboost|p2b: Whimsicott|atk|1\n|-unboost|p2b: Whimsicott|spa|1\n|-message|Peytongen9vgc forfeited.\n|\n|win|avaddovyt\n|raw|Peytongen9vgc's rating: 1570 &rarr; <strong>1549<\/strong><br \/>(-21 for losing)\n|raw|avaddovyt's rating: 1544 &rarr; <strong>1565<\/strong><br \/>(+21 for winning)\n|l|\u2606Peytongen9vgc\n|player|p1|\n","uploadtime":1740028560,"views":5,"formatid":"gen9vgc2025regg","rating":1549,"private":0,"password":null}