{"id":"gen9vgc2025regg-2304765831","format":"[Gen 9] VGC 2025 Reg G","players":["Hikawari","ragionBolte"],"log":"|j|\u2606Hikawari\n|j|\u2606ragionBolte\n|t:|1740095856\n|gametype|doubles\n|player|p1|Hikawari|1|1664\n|player|p2|ragionBolte|102|1563\n|teamsize|p1|6\n|teamsize|p2|6\n|gen|9\n|tier|[Gen 9] VGC 2025 Reg G\n|rated|\n|rule|Species Clause: Limit one of each Pok\u00e9mon\n|rule|Item Clause: Limit 1 of each item\n|clearpoke\n|poke|p1|Zamazenta-*, L50|\n|poke|p1|Chi-Yu, L50|\n|poke|p1|Rillaboom, L50, F|\n|poke|p1|Flutter Mane, L50|\n|poke|p1|Chien-Pao, L50|\n|poke|p1|Amoonguss, L50, F|\n|poke|p2|Urshifu-*, L50, F|\n|poke|p2|Calyrex-Ice, L50|\n|poke|p2|Incineroar, L50, M|\n|poke|p2|Ogerpon-Hearthflame, L50, F|\n|poke|p2|Meowscarada, L50, M|\n|poke|p2|Cresselia, L50, F|\n|teampreview|4\n|inactive|Battle timer is ON: inactive players will automatically lose when time's up. (requested by ragionBolte)\n|\n|t:|1740095880\n|start\n|switch|p1a: Zamazenta|Zamazenta-Crowned, L50|100\/100\n|switch|p1b: Chi-Yu|Chi-Yu, L50|100\/100\n|switch|p2a: Cresselia|Cresselia, L50, F|100\/100\n|switch|p2b: Urshifu|Urshifu-Rapid-Strike, L50, F|100\/100\n|-ability|p1b: Chi-Yu|Beads of Ruin\n|-ability|p1a: Zamazenta|Dauntless Shield|boost\n|-boost|p1a: Zamazenta|def|1\n|turn|1\n|\n|t:|1740095902\n|switch|p1b: Amoonguss|Amoonguss, L50, F|100\/100\n|-terastallize|p1a: Zamazenta|Dragon\n|move|p2b: Urshifu|Surging Strikes|p1b: Amoonguss\n|-resisted|p1b: Amoonguss\n|-crit|p1b: Amoonguss\n|-damage|p1b: Amoonguss|92\/100\n|-damage|p2b: Urshifu|84\/100|[from] item: Rocky Helmet|[of] p1b: Amoonguss\n|-resisted|p1b: Amoonguss\n|-crit|p1b: Amoonguss\n|-damage|p1b: Amoonguss|84\/100\n|-damage|p2b: Urshifu|67\/100|[from] item: Rocky Helmet|[of] p1b: Amoonguss\n|-resisted|p1b: Amoonguss\n|-crit|p1b: Amoonguss\n|-damage|p1b: Amoonguss|76\/100\n|-damage|p2b: Urshifu|51\/100|[from] item: Rocky Helmet|[of] p1b: Amoonguss\n|-hitcount|p1b: Amoonguss|3\n|move|p1a: Zamazenta|Heavy Slam|p2a: Cresselia\n|-damage|p2a: Cresselia|75\/100\n|move|p2a: Cresselia|Calm Mind|p2a: Cresselia\n|-boost|p2a: Cresselia|spa|1\n|-boost|p2a: Cresselia|spd|1\n|\n|-heal|p2a: Cresselia|81\/100|[from] item: Leftovers\n|upkeep\n|turn|2\n|inactive|ragionBolte has 30 seconds left.\n|\n|t:|1740095935\n|move|p2b: Urshifu|Surging Strikes|p1b: Amoonguss\n|-resisted|p1b: Amoonguss\n|-crit|p1b: Amoonguss\n|-damage|p1b: Amoonguss|67\/100\n|-damage|p2b: Urshifu|34\/100|[from] item: Rocky Helmet|[of] p1b: Amoonguss\n|-resisted|p1b: Amoonguss\n|-crit|p1b: Amoonguss\n|-damage|p1b: Amoonguss|59\/100\n|-damage|p2b: Urshifu|18\/100|[from] item: Rocky Helmet|[of] p1b: Amoonguss\n|-resisted|p1b: Amoonguss\n|-crit|p1b: Amoonguss\n|-damage|p1b: Amoonguss|50\/100\n|-damage|p2b: Urshifu|1\/100|[from] item: Rocky Helmet|[of] p1b: Amoonguss\n|-hitcount|p1b: Amoonguss|3\n|move|p1a: Zamazenta|Body Press|p2b: Urshifu\n|-damage|p2b: Urshifu|0 fnt\n|faint|p2b: Urshifu\n|move|p2a: Cresselia|Stored Power|p1b: Amoonguss\n|-supereffective|p1b: Amoonguss\n|-damage|p1b: Amoonguss|3\/100\n|move|p1b: Amoonguss|Spore|p2a: Cresselia\n|-status|p2a: Cresselia|slp|[from] move: Spore\n|\n|-heal|p2a: Cresselia|87\/100 slp|[from] item: Leftovers\n|upkeep\n|\n|t:|1740095955\n|switch|p2b: Calyrex|Calyrex-Ice, L50|100\/100\n|-ability|p2b: Calyrex|As One\n|-ability|p2b: Calyrex|Unnerve\n|turn|3\n|\n|t:|1740095963\n|switch|p1b: Chien-Pao|Chien-Pao, L50|100\/100\n|-ability|p1b: Chien-Pao|Sword of Ruin\n|move|p1a: Zamazenta|Body Press|p2b: Calyrex\n|-damage|p2b: Calyrex|39\/100\n|cant|p2a: Cresselia|slp\n|move|p2b: Calyrex|Glacial Lance|p1b: Chien-Pao|[spread] p1a,p1b\n|-supereffective|p1a: Zamazenta\n|-resisted|p1b: Chien-Pao\n|-damage|p1a: Zamazenta|44\/100\n|-damage|p1b: Chien-Pao|59\/100\n|\n|-heal|p2a: Cresselia|93\/100 slp|[from] item: Leftovers\n|upkeep\n|turn|4\n|\n|t:|1740095982\n|-terastallize|p2a: Cresselia|Fire\n|move|p1b: Chien-Pao|Throat Chop|p2a: Cresselia\n|-damage|p2a: Cresselia|59\/100 slp\n|-start|p2a: Cresselia|Throat Chop|[silent]\n|move|p1a: Zamazenta|Body Press|p2b: Calyrex\n|-damage|p2b: Calyrex|0 fnt\n|faint|p2b: Calyrex\n|cant|p2a: Cresselia|slp\n|\n|-heal|p2a: Cresselia|66\/100 slp|[from] item: Leftovers\n|upkeep\n|\n|t:|1740095991\n|switch|p2b: Meowscarada|Meowscarada, L50, M|100\/100\n|turn|5\n|\n|t:|1740096005\n|move|p1b: Chien-Pao|Throat Chop|p2a: Cresselia\n|-damage|p2a: Cresselia|35\/100 slp\n|move|p2b: Meowscarada|Flower Trick|p1b: Chien-Pao\n|-crit|p1b: Chien-Pao\n|-damage|p1b: Chien-Pao|0 fnt\n|faint|p1b: Chien-Pao\n|move|p1a: Zamazenta|Body Press|p2a: Cresselia\n|-damage|p2a: Cresselia|0 fnt\n|faint|p2a: Cresselia\n|\n|upkeep\n|\n|t:|1740096010\n|switch|p1b: Chi-Yu|Chi-Yu, L50|100\/100\n|-ability|p1b: Chi-Yu|Beads of Ruin\n|turn|6\n|-message|ragionBolte forfeited.\n|\n|win|Hikawari\n|raw|Hikawari's rating: 1664 &rarr; <strong>1678<\/strong><br \/>(+14 for winning)\n|raw|ragionBolte's rating: 1563 &rarr; <strong>1549<\/strong><br \/>(-14 for losing)\n|l|\u2606ragionBolte\n|player|p2|\n|l|\u2606Hikawari\n|player|p1|\n","uploadtime":1740096269,"views":7,"formatid":"gen9vgc2025regg","rating":1549,"private":0,"password":null}