{"id":"gen9vgc2025regg-2304365978","format":"[Gen 9] VGC 2025 Reg G","players":["Snow14124869","pentagonSG"],"log":"|j|\u2606Snow14124869\n|j|\u2606pentagonSG\n|t:|1740051195\n|gametype|doubles\n|player|p1|Snow14124869|hilbert|1580\n|player|p2|pentagonSG|265|1574\n|teamsize|p1|6\n|teamsize|p2|6\n|gen|9\n|tier|[Gen 9] VGC 2025 Reg G\n|rated|\n|rule|Species Clause: Limit one of each Pok\u00e9mon\n|rule|Item Clause: Limit 1 of each item\n|clearpoke\n|poke|p1|Calyrex-Shadow, L50|\n|poke|p1|Rillaboom, L50, M|\n|poke|p1|Incineroar, L50, F|\n|poke|p1|Urshifu-*, L50, F|\n|poke|p1|Tornadus, L50, M|\n|poke|p1|Landorus, L50, M|\n|poke|p2|Volcarona, L50, F|\n|poke|p2|Miraidon, L50|\n|poke|p2|Grimmsnarl, L50, M|\n|poke|p2|Okidogi, L50, M|\n|poke|p2|Iron Hands, L50|\n|poke|p2|Farigiraf, L50, F|\n|teampreview|4\n|\n|t:|1740051224\n|start\n|switch|p1a: Landorus|Landorus, L50, M|100\/100\n|switch|p1b: Rillaboom|Rillaboom, L50, M|100\/100\n|switch|p2a: Miraidon|Miraidon, L50|100\/100\n|switch|p2b: Grimmsnarl|Grimmsnarl, L50, M|100\/100\n|-fieldstart|move: Electric Terrain|[from] ability: Hadron Engine|[of] p2a: Miraidon\n|-fieldstart|move: Grassy Terrain|[from] ability: Grassy Surge|[of] p1b: Rillaboom\n|turn|1\n|j| 801344244a\n|\n|t:|1740051257\n|move|p1a: Landorus|Protect|p1a: Landorus\n|-singleturn|p1a: Landorus|Protect\n|move|p2b: Grimmsnarl|Reflect|p2b: Grimmsnarl\n|-sidestart|p2: pentagonSG|Reflect\n|move|p2a: Miraidon|Draco Meteor|p1a: Landorus\n|-activate|p1a: Landorus|move: Protect\n|move|p1b: Rillaboom|U-turn|p2b: Grimmsnarl\n|-damage|p2b: Grimmsnarl|82\/100\n|\n|t:|1740051270\n|switch|p1b: Incineroar|Incineroar, L50, F|100\/100|[from] U-turn\n|-ability|p1b: Incineroar|Intimidate|boost\n|-unboost|p2a: Miraidon|atk|1\n|-unboost|p2b: Grimmsnarl|atk|1\n|\n|-heal|p2b: Grimmsnarl|88\/100|[from] Grassy Terrain\n|upkeep\n|turn|2\n|\n|t:|1740051285\n|move|p1b: Incineroar|Fake Out|p2a: Miraidon\n|-damage|p2a: Miraidon|93\/100\n|move|p2b: Grimmsnarl|Light Screen|p2b: Grimmsnarl\n|-sidestart|p2: pentagonSG|move: Light Screen\n|cant|p2a: Miraidon|flinch\n|move|p1a: Landorus|Earth Power|p2a: Miraidon\n|-supereffective|p2a: Miraidon\n|-crit|p2a: Miraidon\n|-damage|p2a: Miraidon|0 fnt\n|faint|p2a: Miraidon\n|-damage|p1a: Landorus|91\/100|[from] item: Life Orb\n|\n|-heal|p2b: Grimmsnarl|94\/100|[from] Grassy Terrain\n|upkeep\n|\n|t:|1740051300\n|switch|p2a: Volcarona|Volcarona, L50, F|100\/100\n|turn|3\n|\n|t:|1740051333\n|-terastallize|p2a: Volcarona|Grass\n|move|p1a: Landorus|Sludge Bomb|p2b: Grimmsnarl\n|-supereffective|p2b: Grimmsnarl\n|-damage|p2b: Grimmsnarl|53\/100\n|-damage|p1a: Landorus|81\/100|[from] item: Life Orb\n|move|p2a: Volcarona|Quiver Dance|p2a: Volcarona\n|-boost|p2a: Volcarona|spa|1\n|-boost|p2a: Volcarona|spd|1\n|-boost|p2a: Volcarona|spe|1\n|move|p1b: Incineroar|Taunt|p2a: Volcarona\n|-start|p2a: Volcarona|move: Taunt\n|move|p2b: Grimmsnarl|Spirit Break|p1a: Landorus\n|-damage|p1a: Landorus|58\/100\n|-unboost|p1a: Landorus|spa|1\n|\n|-heal|p2b: Grimmsnarl|59\/100|[from] Grassy Terrain\n|upkeep\n|turn|4\n|\n|t:|1740051360\n|switch|p2b: Okidogi|Okidogi, L50, M|100\/100\n|move|p2a: Volcarona|Giga Drain|p1a: Landorus\n|-damage|p1a: Landorus|0 fnt\n|faint|p1a: Landorus\n|move|p1b: Incineroar|Taunt|p2b: Okidogi\n|-start|p2b: Okidogi|move: Taunt\n|\n|upkeep\n|\n|t:|1740051370\n|switch|p1a: Calyrex|Calyrex-Shadow, L50|100\/100\n|-ability|p1a: Calyrex|As One\n|-ability|p1a: Calyrex|Unnerve\n|turn|5\n|\n|t:|1740051389\n|move|p1a: Calyrex|Protect|p1a: Calyrex\n|-singleturn|p1a: Calyrex|Protect\n|move|p2a: Volcarona|Giga Drain|p1a: Calyrex\n|-activate|p1a: Calyrex|move: Protect\n|move|p2b: Okidogi|Drain Punch|p1b: Incineroar\n|-supereffective|p1b: Incineroar\n|-damage|p1b: Incineroar|35\/100\n|move|p1b: Incineroar|Parting Shot|p2a: Volcarona\n|-unboost|p2a: Volcarona|atk|1\n|-unboost|p2a: Volcarona|spa|1\n|\n|t:|1740051400\n|switch|p1b: Rillaboom|Rillaboom, L50, M|100\/100|[from] Parting Shot\n|\n|-fieldend|move: Grassy Terrain\n|upkeep\n|turn|6\n|\n|t:|1740051413\n|switch|p2b: Grimmsnarl|Grimmsnarl, L50, M|59\/100\n|move|p1b: Rillaboom|Fake Out|p2b: Grimmsnarl\n|-damage|p2b: Grimmsnarl|49\/100\n|move|p2a: Volcarona|Heat Wave|p1b: Rillaboom|[spread] p1a,p1b\n|-supereffective|p1b: Rillaboom\n|-damage|p1a: Calyrex|69\/100\n|-damage|p1b: Rillaboom|54\/100\n|move|p1a: Calyrex|Nasty Plot|p1a: Calyrex\n|-boost|p1a: Calyrex|spa|2\n|\n|-end|p2a: Volcarona|move: Taunt\n|upkeep\n|turn|7\n|\n|t:|1740051429\n|move|p1a: Calyrex|Protect|p1a: Calyrex\n|-singleturn|p1a: Calyrex|Protect\n|move|p2b: Grimmsnarl|Thunder Wave|p1a: Calyrex\n|-activate|p1a: Calyrex|move: Protect\n|move|p2a: Volcarona|Quiver Dance|p2a: Volcarona\n|-boost|p2a: Volcarona|spa|1\n|-boost|p2a: Volcarona|spd|1\n|-boost|p2a: Volcarona|spe|1\n|move|p1b: Rillaboom|U-turn|p2a: Volcarona\n|-supereffective|p2a: Volcarona\n|-damage|p2a: Volcarona|64\/100\n|-status|p1b: Rillaboom|brn|[from] ability: Flame Body|[of] p2a: Volcarona\n|\n|t:|1740051442\n|switch|p1b: Incineroar|Incineroar, L50, F|35\/100|[from] U-turn\n|-ability|p1b: Incineroar|Intimidate|boost\n|-unboost|p2a: Volcarona|atk|1\n|-unboost|p2b: Grimmsnarl|atk|1\n|\n|upkeep\n|turn|8\n|\n|t:|1740051461\n|move|p2b: Grimmsnarl|Thunder Wave|p1a: Calyrex\n|-status|p1a: Calyrex|par\n|move|p2a: Volcarona|Giga Drain|p1a: Calyrex\n|-damage|p1a: Calyrex|18\/100 par\n|-heal|p2a: Volcarona|92\/100|[from] drain|[of] p1a: Calyrex\n|move|p1a: Calyrex|Astral Barrage|p2b: Grimmsnarl|[spread] p2a,p2b\n|-resisted|p2b: Grimmsnarl\n|-damage|p2a: Volcarona|58\/100\n|-damage|p2b: Grimmsnarl|18\/100\n|move|p1b: Incineroar|Parting Shot|p2a: Volcarona\n|-unboost|p2a: Volcarona|atk|1\n|-unboost|p2a: Volcarona|spa|1\n|\n|t:|1740051464\n|switch|p1b: Rillaboom|Rillaboom, L50, M|54\/100 brn|[from] Parting Shot\n|-fieldstart|move: Grassy Terrain|[from] ability: Grassy Surge|[of] p1b: Rillaboom\n|\n|-heal|p2a: Volcarona|63\/100|[from] Grassy Terrain\n|-heal|p1b: Rillaboom|60\/100 brn|[from] Grassy Terrain\n|-heal|p1a: Calyrex|23\/100 par|[from] Grassy Terrain\n|-heal|p2b: Grimmsnarl|24\/100|[from] Grassy Terrain\n|-damage|p1b: Rillaboom|54\/100 brn|[from] brn\n|-sideend|p2: pentagonSG|Reflect\n|upkeep\n|turn|9\n|inactive|Battle timer is ON: inactive players will automatically lose when time's up. (requested by pentagonSG)\n|inactive|Snow14124869 has 60 seconds left.\n|j| faceless_knigght\n|inactive|Snow14124869 has 30 seconds left.\n|inactive|Snow14124869 has 20 seconds left.\n|inactive|Snow14124869 has 15 seconds left.\n|inactive|Snow14124869 has 10 seconds left.\n|inactive|Snow14124869 has 5 seconds left.\n|\n|t:|1740051654\n|move|p2a: Volcarona|Protect|p2a: Volcarona\n|-singleturn|p2a: Volcarona|Protect\n|move|p2b: Grimmsnarl|Reflect|p2b: Grimmsnarl\n|-sidestart|p2: pentagonSG|Reflect\n|move|p1b: Rillaboom|Wood Hammer|p2b: Grimmsnarl\n|-damage|p2b: Grimmsnarl|0 fnt\n|faint|p2b: Grimmsnarl\n|-damage|p1b: Rillaboom|46\/100 brn|[from] Recoil\n|move|p1a: Calyrex|Astral Barrage|p2a: Volcarona\n|-activate|p2a: Volcarona|move: Protect\n|\n|-heal|p2a: Volcarona|69\/100|[from] Grassy Terrain\n|-heal|p1b: Rillaboom|52\/100 brn|[from] Grassy Terrain\n|-heal|p1a: Calyrex|29\/100 par|[from] Grassy Terrain\n|-damage|p1b: Rillaboom|46\/100 brn|[from] brn\n|-sideend|p2: pentagonSG|move: Light Screen\n|upkeep\n|\n|t:|1740051673\n|switch|p2b: Okidogi|Okidogi, L50, M|100\/100\n|turn|10\n|inactive|Snow14124869 has 30 seconds left.\n|inactive|Snow14124869 has 20 seconds left.\n|inactive|Snow14124869 has 15 seconds left.\n|inactive|Snow14124869 has 10 seconds left.\n|inactive|Snow14124869 has 5 seconds left.\n|\n|t:|1740051728\n|move|p2a: Volcarona|Giga Drain|p1a: Calyrex\n|-damage|p1a: Calyrex|0 fnt\n|-heal|p2a: Volcarona|85\/100|[from] drain|[of] p1a: Calyrex\n|faint|p1a: Calyrex\n|move|p2b: Okidogi|Drain Punch|p1b: Rillaboom\n|-damage|p1b: Rillaboom|8\/100 brn\n|move|p1b: Rillaboom|Wood Hammer|p2a: Volcarona\n|-resisted|p2a: Volcarona\n|-damage|p2a: Volcarona|68\/100\n|-damage|p1b: Rillaboom|3\/100 brn|[from] Recoil\n|\n|-heal|p2a: Volcarona|74\/100|[from] Grassy Terrain\n|-heal|p1b: Rillaboom|9\/100 brn|[from] Grassy Terrain\n|-damage|p1b: Rillaboom|3\/100 brn|[from] brn\n|upkeep\n|inactive|Snow14124869 has 30 seconds left.\n|inactive|Snow14124869 has 20 seconds left.\n|inactive|Snow14124869 has 15 seconds left.\n|inactive|Snow14124869 has 10 seconds left.\n|l| 801344244a\n|inactive|Snow14124869 has 5 seconds left.\n|\n|t:|1740051783\n|switch|p1a: Incineroar|Incineroar, L50, F|35\/100\n|-ability|p1a: Incineroar|Intimidate|boost\n|-unboost|p2a: Volcarona|atk|1\n|-ability|p2b: Okidogi|Guard Dog|boost\n|-boost|p2b: Okidogi|atk|1\n|turn|11\n|inactive|Snow14124869 has 30 seconds left.\n|inactive|Snow14124869 has 20 seconds left.\n|inactive|Snow14124869 has 15 seconds left.\n|inactive|Snow14124869 has 10 seconds left.\n|inactive|Snow14124869 has 5 seconds left.\n|\n|t:|1740051838\n|move|p2a: Volcarona|Heat Wave|p1b: Rillaboom|[spread] p1a,p1b\n|-resisted|p1a: Incineroar\n|-supereffective|p1b: Rillaboom\n|-damage|p1a: Incineroar|22\/100\n|-damage|p1b: Rillaboom|0 fnt\n|faint|p1b: Rillaboom\n|move|p2b: Okidogi|Drain Punch|p1a: Incineroar\n|-supereffective|p1a: Incineroar\n|-damage|p1a: Incineroar|0 fnt\n|faint|p1a: Incineroar\n|\n|win|pentagonSG\n|raw|Snow14124869's rating: 1560 &rarr; <strong>1541<\/strong><br \/>(-19 for losing)\n|raw|pentagonSG's rating: 1574 &rarr; <strong>1593<\/strong><br \/>(+19 for winning)\n|l|\u2606pentagonSG\n|player|p2|\n|l| faceless_knigght\n|l|\u2606Snow14124869\n|player|p1|\n","uploadtime":1740052005,"views":5,"formatid":"gen9vgc2025regg","rating":1541,"private":0,"password":null}