{"id":"gen9vgc2025regg-2304304907","format":"[Gen 9] VGC 2025 Reg G","players":["necrozma000","georgebraun"],"log":"|j|\u2606necrozma000\n|j|\u2606georgebraun\n|t:|1740040007\n|gametype|doubles\n|player|p1|necrozma000|266|1566\n|player|p2|georgebraun|170|1607\n|teamsize|p1|6\n|teamsize|p2|6\n|gen|9\n|tier|[Gen 9] VGC 2025 Reg G\n|rated|\n|rule|Species Clause: Limit one of each Pok\u00e9mon\n|rule|Item Clause: Limit 1 of each item\n|clearpoke\n|poke|p1|Dondozo, L50, M|\n|poke|p1|Tatsugiri, L50, F|\n|poke|p1|Regigigas, L50|\n|poke|p1|Calyrex-Shadow, L50|\n|poke|p1|Indeedee-F, L50, F|\n|poke|p1|Pelipper, L50, F|\n|poke|p2|Hitmontop, L50, M|\n|poke|p2|Ho-Oh, L50|\n|poke|p2|Murkrow, L50, M|\n|poke|p2|Flutter Mane, L50|\n|poke|p2|Ogerpon-Wellspring, L50, F|\n|poke|p2|Urshifu-*, L50, F|\n|teampreview|4\n|inactive|Battle timer is ON: inactive players will automatically lose when time's up. (requested by necrozma000)\n|\n|t:|1740040037\n|start\n|switch|p1a: Regigigas|Regigigas, L50|100\/100\n|switch|p1b: Calyrex|Calyrex-Shadow, L50|100\/100\n|switch|p2a: Murkrow|Murkrow, L50, M|100\/100\n|switch|p2b: Ho-Oh|Ho-Oh, L50|100\/100\n|-ability|p1b: Calyrex|As One\n|-ability|p1b: Calyrex|Unnerve\n|-start|p1a: Regigigas|ability: Slow Start\n|turn|1\n|inactive|necrozma000 has 30 seconds left.\n|\n|t:|1740040063\n|move|p2b: Ho-Oh|Protect|p2b: Ho-Oh\n|-singleturn|p2b: Ho-Oh|Protect\n|move|p2a: Murkrow|Thunder Wave|p1b: Calyrex\n|-status|p1b: Calyrex|par\n|move|p1b: Calyrex|Encore|p2a: Murkrow\n|-start|p2a: Murkrow|Encore\n|move|p1a: Regigigas|Thunder Wave|p2b: Ho-Oh\n|-activate|p2b: Ho-Oh|move: Protect\n|\n|-status|p1a: Regigigas|brn|[from] item: Flame Orb\n|upkeep\n|turn|2\n|inactive|georgebraun has 30 seconds left.\n|\n|t:|1740040089\n|-terastallize|p2b: Ho-Oh|Ground\n|move|p2a: Murkrow|Thunder Wave|p1b: Calyrex\n|-fail|p1b: Calyrex|par\n|move|p2b: Ho-Oh|Earthquake|p1b: Calyrex|[spread] p1a,p1b\n|-immune|p2a: Murkrow\n|-damage|p1a: Regigigas|74\/100 brn\n|-damage|p1b: Calyrex|47\/100 par\n|move|p1b: Calyrex|Astral Barrage|p2b: Ho-Oh|[spread] p2a,p2b\n|-resisted|p2a: Murkrow\n|-damage|p2a: Murkrow|69\/100\n|-damage|p2b: Ho-Oh|64\/100\n|move|p1a: Regigigas|Facade|p2a: Murkrow\n|-damage|p2a: Murkrow|24\/100\n|\n|-damage|p1a: Regigigas|68\/100 brn|[from] brn\n|upkeep\n|turn|3\n|\n|t:|1740040111\n|switch|p2a: Flutter Mane|Flutter Mane, L50|100\/100\n|move|p1a: Regigigas|Wide Guard|p1a: Regigigas\n|-singleturn|p1a: Regigigas|Wide Guard\n|move|p2b: Ho-Oh|Sacred Fire|p1b: Calyrex\n|-damage|p1b: Calyrex|0 fnt\n|faint|p1b: Calyrex\n|\n|-damage|p1a: Regigigas|62\/100 brn|[from] brn\n|upkeep\n|\n|t:|1740040120\n|switch|p1b: Dondozo|Dondozo, L50, M|100\/100\n|turn|4\n|\n|t:|1740040136\n|move|p1b: Dondozo|Protect|p1b: Dondozo\n|-singleturn|p1b: Dondozo|Protect\n|move|p2a: Flutter Mane|Moonblast|p1a: Regigigas\n|-damage|p1a: Regigigas|20\/100 brn\n|move|p2b: Ho-Oh|Sacred Fire|p1a: Regigigas\n|-damage|p1a: Regigigas|0 fnt\n|faint|p1a: Regigigas\n|-end|p1a: Regigigas|Slow Start|[silent]\n|\n|upkeep\n|\n|t:|1740040143\n|switch|p1a: Tatsugiri|Tatsugiri, L50, F|100\/100\n|-activate|p1a: Tatsugiri|ability: Commander|[of] p1b: Dondozo\n|-boost|p1b: Dondozo|atk|2\n|-boost|p1b: Dondozo|spa|2\n|-boost|p1b: Dondozo|spe|2\n|-boost|p1b: Dondozo|def|2\n|-boost|p1b: Dondozo|spd|2\n|turn|5\n|\n|t:|1740040160\n|move|p2a: Flutter Mane|Moonblast|p1b: Dondozo\n|-damage|p1b: Dondozo|71\/100\n|move|p1b: Dondozo|Earthquake|p2a: Flutter Mane|[spread] p2a,p2b\n|-miss|p1b: Dondozo|p1a: Tatsugiri\n|-enditem|p2a: Flutter Mane|Focus Sash\n|-damage|p2a: Flutter Mane|1\/100\n|-damage|p2b: Ho-Oh|22\/100\n|move|p2b: Ho-Oh|Sacred Fire|p1b: Dondozo\n|-resisted|p1b: Dondozo\n|-damage|p1b: Dondozo|60\/100\n|\n|upkeep\n|turn|6\n|\n|t:|1740040175\n|switch|p2b: Murkrow|Murkrow, L50, M|24\/100\n|move|p2a: Flutter Mane|Moonblast|p1b: Dondozo\n|-damage|p1b: Dondozo|28\/100\n|move|p1b: Dondozo|Earthquake|p2a: Flutter Mane|[spread] p2a\n|-miss|p1b: Dondozo|p1a: Tatsugiri\n|-immune|p2b: Murkrow\n|-damage|p2a: Flutter Mane|0 fnt\n|faint|p2a: Flutter Mane\n|-end|p2a: Flutter Mane|Protosynthesis|[silent]\n|\n|upkeep\n|\n|t:|1740040183\n|switch|p2a: Urshifu|Urshifu, L50, F|100\/100\n|turn|7\n|-message|necrozma000 forfeited.\n|\n|win|georgebraun\n|raw|necrozma000's rating: 1566 &rarr; <strong>1548<\/strong><br \/>(-18 for losing)\n|raw|georgebraun's rating: 1607 &rarr; <strong>1625<\/strong><br \/>(+18 for winning)\n|l|\u2606necrozma000\n|player|p1|\n|l|\u2606georgebraun\n|player|p2|\n","uploadtime":1740040444,"views":8,"formatid":"gen9vgc2025regg","rating":1548,"private":0,"password":null}