{"id":"gen9vgc2025regg-2304603345","format":"[Gen 9] VGC 2025 Reg G","players":["Diestoise","Slackermaru"],"log":"|j|\u2606Diestoise\n|j|\u2606Slackermaru\n|t:|1740078121\n|gametype|doubles\n|player|p1|Diestoise|blue|1565\n|player|p2|Slackermaru|workerice|1579\n|teamsize|p1|6\n|teamsize|p2|6\n|gen|9\n|tier|[Gen 9] VGC 2025 Reg G\n|rated|\n|rule|Species Clause: Limit one of each Pok\u00e9mon\n|rule|Item Clause: Limit 1 of each item\n|clearpoke\n|poke|p1|Koraidon, L50|\n|poke|p1|Raging Bolt, L50|\n|poke|p1|Entei, L50|\n|poke|p1|Flutter Mane, L50|\n|poke|p1|Venusaur, L50, M|\n|poke|p1|Ditto, L50|\n|poke|p2|Calyrex-Ice, L50|\n|poke|p2|Raging Bolt, L50|\n|poke|p2|Urshifu-*, L50, F|\n|poke|p2|Amoonguss, L50, M|\n|poke|p2|Flutter Mane, L50|\n|poke|p2|Chi-Yu, L50|\n|teampreview|4\n|\n|t:|1740078181\n|start\n|switch|p1a: Venusaur|Venusaur, L50, M, shiny|100\/100\n|switch|p1b: Koraidon|Koraidon, L50|100\/100\n|switch|p2a: Calyrex|Calyrex-Ice, L50|100\/100\n|switch|p2b: Amoonguss|Amoonguss, L50, M, shiny|100\/100\n|-ability|p2a: Calyrex|As One\n|-ability|p2a: Calyrex|Unnerve\n|-weather|SunnyDay|[from] ability: Orichalcum Pulse|[of] p1b: Koraidon\n|-activate|p1b: Koraidon|Orichalcum Pulse|[source]\n|turn|1\n|\n|t:|1740078208\n|-terastallize|p1b: Koraidon|Fire\n|-terastallize|p2b: Amoonguss|Water\n|move|p2a: Calyrex|Protect|p2a: Calyrex\n|-singleturn|p2a: Calyrex|Protect\n|move|p1a: Venusaur|Sludge Bomb|p2b: Amoonguss\n|-damage|p2b: Amoonguss|75\/100\n|-status|p2b: Amoonguss|psn\n|move|p1b: Koraidon|Flare Blitz|p2b: Amoonguss\n|-resisted|p2b: Amoonguss\n|-damage|p2b: Amoonguss|23\/100 psn\n|-damage|p1b: Koraidon|84\/100|[from] item: Rocky Helmet|[of] p2b: Amoonguss\n|-damage|p1b: Koraidon|62\/100|[from] Recoil\n|move|p2b: Amoonguss|Spore|p1b: Koraidon\n|-status|p1b: Koraidon|slp|[from] move: Spore\n|\n|-weather|SunnyDay|[upkeep]\n|-damage|p2b: Amoonguss|11\/100 psn|[from] psn\n|upkeep\n|turn|2\n|\n|t:|1740078239\n|move|p1a: Venusaur|Sleep Powder|p2a: Calyrex\n|-status|p2a: Calyrex|slp|[from] move: Sleep Powder\n|cant|p1b: Koraidon|slp\n|cant|p2a: Calyrex|slp\n|move|p2b: Amoonguss|Pollen Puff|p1a: Venusaur\n|-crit|p1a: Venusaur\n|-damage|p1a: Venusaur|77\/100\n|\n|-weather|SunnyDay|[upkeep]\n|-damage|p2b: Amoonguss|0 fnt|[from] psn\n|faint|p2b: Amoonguss\n|upkeep\n|\n|t:|1740078251\n|switch|p2b: Raging Bolt|Raging Bolt, L50|100\/100\n|-activate|p2b: Raging Bolt|ability: Protosynthesis\n|-start|p2b: Raging Bolt|protosynthesisspa\n|turn|3\n|\n|t:|1740078262\n|move|p2b: Raging Bolt|Thunderclap|p1b: Koraidon\n|-damage|p1b: Koraidon|11\/100 slp\n|move|p1a: Venusaur|Sleep Powder|p2b: Raging Bolt|[miss]\n|-miss|p1a: Venusaur|p2b: Raging Bolt\n|cant|p1b: Koraidon|slp\n|-curestatus|p2a: Calyrex|slp|[msg]\n|move|p2a: Calyrex|Glacial Lance|p1a: Venusaur|[spread] p1a,p1b\n|-supereffective|p1a: Venusaur\n|-resisted|p1b: Koraidon\n|-damage|p1a: Venusaur|0 fnt\n|-damage|p1b: Koraidon|0 fnt\n|faint|p1a: Venusaur\n|faint|p1b: Koraidon\n|-ability|p2a: Calyrex|Chilling Neigh|boost\n|-boost|p2a: Calyrex|atk|2\n|\n|-weather|SunnyDay|[upkeep]\n|upkeep\n|\n|t:|1740078272\n|switch|p1b: Ditto|Ditto, L50|100\/100\n|switch|p1a: Entei|Entei, L50|100\/100\n|-transform|p1b: Ditto|p2a: Calyrex|[from] ability: Imposter\n|-ability|p1b: Ditto|As One\n|-ability|p1b: Ditto|Unnerve\n|turn|4\n|\n|t:|1740078293\n|move|p2a: Calyrex|Protect|p2a: Calyrex\n|-singleturn|p2a: Calyrex|Protect\n|move|p1b: Ditto|Protect|p1b: Ditto\n|-singleturn|p1b: Ditto|Protect\n|move|p1a: Entei|Sacred Fire|p2a: Calyrex\n|-activate|p2a: Calyrex|move: Protect\n|move|p2b: Raging Bolt|Draco Meteor|p1a: Entei\n|-damage|p1a: Entei|38\/100\n|-unboost|p2b: Raging Bolt|spa|2\n|\n|-weather|SunnyDay|[upkeep]\n|upkeep\n|turn|5\n|\n|t:|1740078321\n|move|p1a: Entei|Sacred Fire|p2a: Calyrex\n|-supereffective|p2a: Calyrex\n|-damage|p2a: Calyrex|0 fnt\n|faint|p2a: Calyrex\n|move|p2b: Raging Bolt|Electroweb|p1a: Entei|[spread] p1a,p1b\n|-damage|p1a: Entei|28\/100\n|-damage|p1b: Ditto|88\/100\n|-unboost|p1a: Entei|spe|1\n|-unboost|p1b: Ditto|spe|1\n|move|p1b: Ditto|Glacial Lance|p2b: Raging Bolt\n|-supereffective|p2b: Raging Bolt\n|-damage|p2b: Raging Bolt|0 fnt\n|faint|p2b: Raging Bolt\n|-end|p2b: Raging Bolt|Protosynthesis|[silent]\n|-ability|p1b: Ditto|Chilling Neigh|boost\n|-boost|p1b: Ditto|atk|1\n|\n|-weather|none\n|upkeep\n|\n|t:|1740078336\n|switch|p2b: Chi-Yu|Chi-Yu, L50|100\/100\n|-ability|p2b: Chi-Yu|Beads of Ruin\n|turn|6\n|\n|t:|1740078349\n|move|p2b: Chi-Yu|Overheat|p1b: Ditto\n|-supereffective|p1b: Ditto\n|-damage|p1b: Ditto|0 fnt\n|-unboost|p2b: Chi-Yu|spa|2\n|faint|p1b: Ditto\n|move|p1a: Entei|Stomping Tantrum|p2b: Chi-Yu\n|-supereffective|p2b: Chi-Yu\n|-damage|p2b: Chi-Yu|13\/100\n|\n|upkeep\n|turn|7\n|\n|t:|1740078359\n|move|p1a: Entei|Extreme Speed|p2b: Chi-Yu\n|-damage|p2b: Chi-Yu|0 fnt\n|faint|p2b: Chi-Yu\n|\n|win|Diestoise\n|raw|Diestoise's rating: 1565 &rarr; <strong>1586<\/strong><br \/>(+21 for winning)\n|raw|Slackermaru's rating: 1579 &rarr; <strong>1558<\/strong><br \/>(-21 for losing)\n|l|\u2606Slackermaru\n|player|p2|\n|l|\u2606Diestoise\n|player|p1|\n","uploadtime":1740078516,"views":7,"formatid":"gen9vgc2025regg","rating":1558,"private":0,"password":null}