{"id":"gen9vgc2025regg-2304992994","format":"[Gen 9] VGC 2025 Reg G","players":["pokequimico","Doc_MrMega"],"log":"|j|\u2606pokequimico\n|j|\u2606Doc_MrMega\n|t:|1740132959\n|gametype|doubles\n|player|p1|pokequimico|lucas|1598\n|player|p2|Doc_MrMega|lucas|1601\n|teamsize|p1|6\n|teamsize|p2|6\n|gen|9\n|tier|[Gen 9] VGC 2025 Reg G\n|rated|\n|rule|Species Clause: Limit one of each Pok\u00e9mon\n|rule|Item Clause: Limit 1 of each item\n|clearpoke\n|poke|p1|Grimmsnarl, L50, M|\n|poke|p1|Landorus, L50, M|\n|poke|p1|Calyrex-Ice, L50|\n|poke|p1|Urshifu-*, L50, F|\n|poke|p1|Ogerpon-Hearthflame, L50, F|\n|poke|p1|Raging Bolt, L50|\n|poke|p2|Calyrex-Ice, L50|\n|poke|p2|Landorus, L50, M|\n|poke|p2|Amoonguss, L50, M|\n|poke|p2|Urshifu-*, L50, M|\n|poke|p2|Roaring Moon, L50|\n|poke|p2|Ogerpon-Hearthflame, L50, F|\n|teampreview|4\n|inactive|Battle timer is ON: inactive players will automatically lose when time's up. (requested by Doc_MrMega)\n|inactive|pokequimico has 60 seconds left.\n|\n|t:|1740133009\n|start\n|switch|p1a: Grimmsnarl|Grimmsnarl, L50, M|100\/100\n|switch|p1b: Urshifu|Urshifu-Rapid-Strike, L50, F|100\/100\n|switch|p2a: Urshifu|Urshifu-Rapid-Strike, L50, M|100\/100\n|switch|p2b: Ogerpon|Ogerpon-Hearthflame, L50, F|100\/100\n|-ability|p2b: Ogerpon|Mold Breaker\n|turn|1\n|\n|t:|1740133027\n|-terastallize|p2a: Urshifu|Water\n|move|p1b: Urshifu|Detect|p1b: Urshifu\n|-singleturn|p1b: Urshifu|Protect\n|move|p2b: Ogerpon|Horn Leech|p1b: Urshifu\n|-activate|p1b: Urshifu|move: Protect\n|move|p2a: Urshifu|Surging Strikes|p1a: Grimmsnarl\n|-crit|p1a: Grimmsnarl\n|-damage|p1a: Grimmsnarl|69\/100\n|-crit|p1a: Grimmsnarl\n|-damage|p1a: Grimmsnarl|36\/100\n|-crit|p1a: Grimmsnarl\n|-damage|p1a: Grimmsnarl|4\/100\n|-hitcount|p1a: Grimmsnarl|3\n|move|p1a: Grimmsnarl|Foul Play|p2b: Ogerpon\n|-damage|p2b: Ogerpon|73\/100\n|\n|upkeep\n|turn|2\n|\n|t:|1740133051\n|move|p1a: Grimmsnarl|Thunder Wave|p2b: Ogerpon\n|-status|p2b: Ogerpon|par\n|move|p1b: Urshifu|Surging Strikes|p2b: Ogerpon\n|-crit|p2b: Ogerpon\n|-damage|p2b: Ogerpon|53\/100 par\n|-crit|p2b: Ogerpon\n|-damage|p2b: Ogerpon|33\/100 par\n|-crit|p2b: Ogerpon\n|-damage|p2b: Ogerpon|11\/100 par\n|-hitcount|p2b: Ogerpon|3\n|move|p2a: Urshifu|Taunt|p1a: Grimmsnarl\n|-start|p1a: Grimmsnarl|move: Taunt\n|cant|p2b: Ogerpon|par\n|\n|upkeep\n|turn|3\n|inactive|pokequimico has 30 seconds left.\n|\n|t:|1740133078\n|move|p1b: Urshifu|Surging Strikes|p2b: Ogerpon\n|-crit|p2b: Ogerpon\n|-damage|p2b: Ogerpon|0 fnt\n|faint|p2b: Ogerpon\n|-hitcount|p2: Ogerpon|1\n|move|p2a: Urshifu|Surging Strikes|p1b: Urshifu\n|-resisted|p1b: Urshifu\n|-crit|p1b: Urshifu\n|-damage|p1b: Urshifu|85\/100\n|-resisted|p1b: Urshifu\n|-crit|p1b: Urshifu\n|-damage|p1b: Urshifu|68\/100\n|-resisted|p1b: Urshifu\n|-crit|p1b: Urshifu\n|-damage|p1b: Urshifu|52\/100\n|-hitcount|p1b: Urshifu|3\n|move|p1a: Grimmsnarl|Foul Play|p2a: Urshifu\n|-damage|p2a: Urshifu|56\/100\n|\n|upkeep\n|\n|t:|1740133090\n|switch|p2b: Calyrex|Calyrex-Ice, L50|100\/100\n|-ability|p2b: Calyrex|As One\n|-ability|p2b: Calyrex|Unnerve\n|turn|4\n|\n|t:|1740133103\n|switch|p1a: Calyrex|Calyrex-Ice, L50|100\/100\n|-ability|p1a: Calyrex|As One\n|-ability|p1a: Calyrex|Unnerve\n|move|p1b: Urshifu|Close Combat|p2a: Urshifu\n|-damage|p2a: Urshifu|1\/100\n|-unboost|p1b: Urshifu|def|1\n|-unboost|p1b: Urshifu|spd|1\n|move|p2a: Urshifu|Surging Strikes|p1b: Urshifu\n|-resisted|p1b: Urshifu\n|-crit|p1b: Urshifu\n|-damage|p1b: Urshifu|30\/100\n|-resisted|p1b: Urshifu\n|-crit|p1b: Urshifu\n|-damage|p1b: Urshifu|6\/100\n|-resisted|p1b: Urshifu\n|-crit|p1b: Urshifu\n|-damage|p1b: Urshifu|0 fnt\n|faint|p1b: Urshifu\n|-hitcount|p1: Urshifu|3\n|move|p2b: Calyrex|Glacial Lance|p1a: Calyrex\n|-resisted|p1a: Calyrex\n|-damage|p1a: Calyrex|78\/100\n|\n|upkeep\n|j| Rabbithorn01\n|\n|t:|1740133118\n|switch|p1b: Ogerpon|Ogerpon-Hearthflame, L50, F|100\/100\n|-ability|p1b: Ogerpon|Mold Breaker\n|turn|5\n|inactive|Doc_MrMega has 30 seconds left.\n|inactive|Doc_MrMega has 20 seconds left.\n|inactive|Doc_MrMega has 15 seconds left.\n|inactive|Doc_MrMega has 10 seconds left.\n|\n|t:|1740133164\n|move|p1b: Ogerpon|Ivy Cudgel|p2a: Urshifu|[anim] Ivy Cudgel Fire\n|-resisted|p2a: Urshifu\n|-damage|p2a: Urshifu|0 fnt\n|faint|p2a: Urshifu\n|move|p1a: Calyrex|Glacial Lance|p2b: Calyrex\n|-resisted|p2b: Calyrex\n|-damage|p2b: Calyrex|76\/100\n|move|p2b: Calyrex|Glacial Lance|p1a: Calyrex|[spread] p1a,p1b\n|-resisted|p1a: Calyrex\n|-damage|p1a: Calyrex|61\/100\n|-damage|p1b: Ogerpon|40\/100\n|\n|upkeep\n|\n|t:|1740133171\n|switch|p2a: Roaring Moon|Roaring Moon, L50|100\/100\n|-enditem|p2a: Roaring Moon|Booster Energy\n|-activate|p2a: Roaring Moon|ability: Protosynthesis|[fromitem]\n|-start|p2a: Roaring Moon|protosynthesisspe\n|turn|6\n|\n|t:|1740133191\n|-terastallize|p1a: Calyrex|Fairy\n|move|p1b: Ogerpon|Spiky Shield|p1b: Ogerpon\n|-singleturn|p1b: Ogerpon|move: Protect\n|move|p2a: Roaring Moon|Tailwind|p2a: Roaring Moon\n|-sidestart|p2: Doc_MrMega|move: Tailwind\n|move|p2b: Calyrex|Glacial Lance|p1a: Calyrex|[spread] p1a\n|-activate|p1b: Ogerpon|move: Protect\n|-damage|p1a: Calyrex|25\/100\n|move|p1a: Calyrex|Glacial Lance|p2a: Roaring Moon|[spread] p2a,p2b\n|-supereffective|p2a: Roaring Moon\n|-resisted|p2b: Calyrex\n|-damage|p2a: Roaring Moon|0 fnt\n|-damage|p2b: Calyrex|59\/100\n|faint|p2a: Roaring Moon\n|-end|p2a: Roaring Moon|Protosynthesis|[silent]\n|-ability|p1a: Calyrex|Chilling Neigh|boost\n|-boost|p1a: Calyrex|atk|1\n|\n|upkeep\n|turn|7\n|inactive|pokequimico has 30 seconds left.\n|inactive|pokequimico has 20 seconds left.\n|inactive|pokequimico has 15 seconds left.\n|inactive|pokequimico has 10 seconds left.\n|\n|t:|1740133240\n|move|p1a: Calyrex|Protect|p1a: Calyrex\n|-singleturn|p1a: Calyrex|Protect\n|move|p2b: Calyrex|Glacial Lance|p1b: Ogerpon|[spread] p1b\n|-activate|p1a: Calyrex|move: Protect\n|-damage|p1b: Ogerpon|0 fnt\n|faint|p1b: Ogerpon\n|-ability|p2b: Calyrex|Chilling Neigh|boost\n|-boost|p2b: Calyrex|atk|1\n|\n|upkeep\n|\n|t:|1740133245\n|switch|p1b: Grimmsnarl|Grimmsnarl, L50, M|4\/100\n|turn|8\n|\n|t:|1740133252\n|move|p1b: Grimmsnarl|Reflect|p1b: Grimmsnarl\n|-sidestart|p1: pokequimico|Reflect\n|move|p2b: Calyrex|Glacial Lance|p1a: Calyrex|[spread] p1a,p1b\n|-damage|p1a: Calyrex|0 fnt\n|-damage|p1b: Grimmsnarl|0 fnt\n|faint|p1a: Calyrex\n|faint|p1b: Grimmsnarl\n|\n|win|Doc_MrMega\n|raw|pokequimico's rating: 1598 &rarr; <strong>1578<\/strong><br \/>(-20 for losing)\n|raw|Doc_MrMega's rating: 1601 &rarr; <strong>1621<\/strong><br \/>(+20 for winning)\n|l|\u2606Doc_MrMega\n|player|p2|\n|l|\u2606pokequimico\n|player|p1|\n","uploadtime":1740133329,"views":11,"formatid":"gen9vgc2025regg","rating":1578,"private":0,"password":null}