{"id":"gen9vgc2025regg-2304960501","format":"[Gen 9] VGC 2025 Reg G","players":["Doc_MrMega","stephopotato"],"log":"|j|\u2606Doc_MrMega\n|j|\u2606stephopotato\n|t:|1740126809\n|gametype|doubles\n|player|p1|Doc_MrMega|lucas|1704\n|player|p2|stephopotato|rosa|1587\n|teamsize|p1|6\n|teamsize|p2|6\n|gen|9\n|tier|[Gen 9] VGC 2025 Reg G\n|rated|\n|rule|Species Clause: Limit one of each Pok\u00e9mon\n|rule|Item Clause: Limit 1 of each item\n|clearpoke\n|poke|p1|Calyrex-Ice, L50|\n|poke|p1|Landorus, L50, M|\n|poke|p1|Amoonguss, L50, F|\n|poke|p1|Urshifu-*, L50, F|\n|poke|p1|Roaring Moon, L50|\n|poke|p1|Ogerpon-Hearthflame, L50, F|\n|poke|p2|Eternatus, L50|\n|poke|p2|Grimmsnarl, L50, M|\n|poke|p2|Bastiodon, L50, M|\n|poke|p2|Ogerpon-Hearthflame, L50, F|\n|poke|p2|Rillaboom, L50, F|\n|poke|p2|Articuno-Galar, L50|\n|teampreview|4\n|inactive|Battle timer is ON: inactive players will automatically lose when time's up. (requested by Doc_MrMega)\n|inactive|stephopotato has 60 seconds left.\n|\n|t:|1740126847\n|start\n|switch|p1a: Calyrex|Calyrex-Ice, L50|100\/100\n|switch|p1b: Landorus|Landorus, L50, M|100\/100\n|switch|p2a: Rillaboom|Rillaboom, L50, F|100\/100\n|switch|p2b: Bastiodon|Bastiodon, L50, M|100\/100\n|-ability|p1a: Calyrex|As One\n|-ability|p1a: Calyrex|Unnerve\n|-fieldstart|move: Grassy Terrain|[from] ability: Grassy Surge|[of] p2a: Rillaboom\n|turn|1\n|inactive|stephopotato has 30 seconds left.\n|j| yuyuvcg\n|inactive|stephopotato has 20 seconds left.\n|\n|t:|1740126883\n|-terastallize|p2b: Bastiodon|Ghost\n|move|p2a: Rillaboom|Fake Out|p1a: Calyrex\n|-damage|p1a: Calyrex|92\/100\n|move|p1b: Landorus|Sludge Bomb|p2a: Rillaboom\n|-supereffective|p2a: Rillaboom\n|-damage|p2a: Rillaboom|0 fnt\n|faint|p2a: Rillaboom\n|cant|p1a: Calyrex|flinch\n|move|p2b: Bastiodon|Iron Defense|p2b: Bastiodon\n|-boost|p2b: Bastiodon|def|2\n|\n|-heal|p1a: Calyrex|98\/100|[from] Grassy Terrain\n|upkeep\n|\n|t:|1740126894\n|switch|p2a: Ogerpon|Ogerpon-Hearthflame, L50, F|100\/100\n|-ability|p2a: Ogerpon|Mold Breaker\n|turn|2\n|\n|t:|1740126907\n|-terastallize|p1a: Calyrex|Fairy\n|move|p2a: Ogerpon|Spiky Shield|p2a: Ogerpon\n|-singleturn|p2a: Ogerpon|move: Protect\n|move|p1b: Landorus|Earth Power|p2b: Bastiodon\n|-damage|p2b: Bastiodon|49\/100\n|move|p1a: Calyrex|Glacial Lance|p2a: Ogerpon|[spread] p2b\n|-activate|p2a: Ogerpon|move: Protect\n|-damage|p2b: Bastiodon|31\/100\n|move|p2b: Bastiodon|Body Press|p1b: Landorus\n|-resisted|p1b: Landorus\n|-damage|p1b: Landorus|68\/100\n|\n|-heal|p1a: Calyrex|100\/100|[from] Grassy Terrain\n|-heal|p2b: Bastiodon|37\/100|[from] Grassy Terrain\n|-heal|p2b: Bastiodon|43\/100|[from] item: Leftovers\n|upkeep\n|turn|3\n|\n|t:|1740126924\n|move|p2b: Bastiodon|Wide Guard|p2b: Bastiodon\n|-singleturn|p2b: Bastiodon|Wide Guard\n|move|p2a: Ogerpon|Grassy Glide|p1b: Landorus\n|-damage|p1b: Landorus|19\/100\n|move|p1b: Landorus|Sandsear Storm|p2b: Bastiodon|[spread] \n|-activate|p2a: Ogerpon|move: Wide Guard\n|-activate|p2b: Bastiodon|move: Wide Guard\n|move|p1a: Calyrex|Glacial Lance|p2a: Ogerpon|[spread] \n|-activate|p2a: Ogerpon|move: Wide Guard\n|-activate|p2b: Bastiodon|move: Wide Guard\n|\n|-heal|p2b: Bastiodon|49\/100|[from] Grassy Terrain\n|-heal|p2b: Bastiodon|55\/100|[from] item: Leftovers\n|upkeep\n|turn|4\n|\n|t:|1740126941\n|switch|p1b: Roaring Moon|Roaring Moon, L50|100\/100\n|-enditem|p1b: Roaring Moon|Booster Energy\n|-activate|p1b: Roaring Moon|ability: Protosynthesis|[fromitem]\n|-start|p1b: Roaring Moon|protosynthesisspe\n|move|p2b: Bastiodon|Wide Guard|p2b: Bastiodon\n|-singleturn|p2b: Bastiodon|Wide Guard\n|move|p2a: Ogerpon|Grassy Glide|p1b: Roaring Moon\n|-resisted|p1b: Roaring Moon\n|-damage|p1b: Roaring Moon|77\/100\n|move|p1a: Calyrex|Glacial Lance|p2b: Bastiodon|[spread] \n|-activate|p2a: Ogerpon|move: Wide Guard\n|-activate|p2b: Bastiodon|move: Wide Guard\n|\n|-heal|p1b: Roaring Moon|83\/100|[from] Grassy Terrain\n|-heal|p2b: Bastiodon|61\/100|[from] Grassy Terrain\n|-heal|p2b: Bastiodon|67\/100|[from] item: Leftovers\n|upkeep\n|turn|5\n|\n|t:|1740126957\n|move|p1b: Roaring Moon|Protect|p1b: Roaring Moon\n|-singleturn|p1b: Roaring Moon|Protect\n|move|p2b: Bastiodon|Wide Guard|p2b: Bastiodon\n|-singleturn|p2b: Bastiodon|Wide Guard\n|move|p2a: Ogerpon|Ivy Cudgel|p1a: Calyrex|[anim] Ivy Cudgel Fire\n|-damage|p1a: Calyrex|57\/100\n|move|p1a: Calyrex|Glacial Lance|p2b: Bastiodon|[spread] \n|-activate|p2a: Ogerpon|move: Wide Guard\n|-activate|p2b: Bastiodon|move: Wide Guard\n|\n|-heal|p1b: Roaring Moon|89\/100|[from] Grassy Terrain\n|-heal|p1a: Calyrex|63\/100|[from] Grassy Terrain\n|-heal|p2b: Bastiodon|73\/100|[from] Grassy Terrain\n|-heal|p2b: Bastiodon|79\/100|[from] item: Leftovers\n|-fieldend|move: Grassy Terrain\n|upkeep\n|turn|6\n|inactive|stephopotato has 30 seconds left.\n|\n|t:|1740126986\n|move|p2b: Bastiodon|Wide Guard|p2b: Bastiodon\n|-singleturn|p2b: Bastiodon|Wide Guard\n|move|p1b: Roaring Moon|Tailwind|p1b: Roaring Moon\n|-sidestart|p1: Doc_MrMega|move: Tailwind\n|move|p1a: Calyrex|Glacial Lance|p2a: Ogerpon|[spread] \n|-activate|p2a: Ogerpon|move: Wide Guard\n|-activate|p2b: Bastiodon|move: Wide Guard\n|move|p2a: Ogerpon|Ivy Cudgel|p1a: Calyrex|[anim] Ivy Cudgel Fire\n|-damage|p1a: Calyrex|25\/100\n|\n|-heal|p2b: Bastiodon|85\/100|[from] item: Leftovers\n|upkeep\n|turn|7\n|j| kiabu233\n|\n|t:|1740127006\n|move|p2b: Bastiodon|Wide Guard|p2b: Bastiodon\n|-singleturn|p2b: Bastiodon|Wide Guard\n|move|p1b: Roaring Moon|Acrobatics|p2a: Ogerpon\n|-supereffective|p2a: Ogerpon\n|-damage|p2a: Ogerpon|9\/100\n|move|p1a: Calyrex|High Horsepower|p2a: Ogerpon\n|-damage|p2a: Ogerpon|0 fnt\n|faint|p2a: Ogerpon\n|-ability|p1a: Calyrex|Chilling Neigh|boost\n|-boost|p1a: Calyrex|atk|1\n|\n|-heal|p2b: Bastiodon|91\/100|[from] item: Leftovers\n|upkeep\n|\n|t:|1740127014\n|switch|p2a: Eternatus|Eternatus, L50|100\/100\n|-ability|p2a: Eternatus|Pressure\n|turn|8\n|\n|t:|1740127022\n|move|p2b: Bastiodon|Wide Guard|p2b: Bastiodon\n|-singleturn|p2b: Bastiodon|Wide Guard\n|move|p1b: Roaring Moon|Knock Off|p2b: Bastiodon\n|-supereffective|p2b: Bastiodon\n|-damage|p2b: Bastiodon|59\/100\n|-enditem|p2b: Bastiodon|Leftovers|[from] move: Knock Off|[of] p1b: Roaring Moon\n|move|p1a: Calyrex|Glacial Lance|p2b: Bastiodon|[spread] \n|-activate|p2a: Eternatus|move: Wide Guard\n|-activate|p2b: Bastiodon|move: Wide Guard\n|move|p2a: Eternatus|Dynamax Cannon|p1b: Roaring Moon\n|-supereffective|p1b: Roaring Moon\n|-damage|p1b: Roaring Moon|0 fnt\n|faint|p1b: Roaring Moon\n|-end|p1b: Roaring Moon|Protosynthesis|[silent]\n|\n|upkeep\n|\n|t:|1740127031\n|switch|p1b: Urshifu|Urshifu-Rapid-Strike, L50, F|100\/100\n|turn|9\n|\n|t:|1740127040\n|move|p2b: Bastiodon|Wide Guard|p2b: Bastiodon\n|-singleturn|p2b: Bastiodon|Wide Guard\n|move|p1b: Urshifu|Surging Strikes|p2b: Bastiodon\n|-crit|p2b: Bastiodon\n|-damage|p2b: Bastiodon|42\/100\n|-crit|p2b: Bastiodon\n|-damage|p2b: Bastiodon|26\/100\n|-crit|p2b: Bastiodon\n|-damage|p2b: Bastiodon|9\/100\n|-hitcount|p2b: Bastiodon|3\n|move|p1a: Calyrex|Glacial Lance|p2a: Eternatus|[spread] \n|-activate|p2a: Eternatus|move: Wide Guard\n|-activate|p2b: Bastiodon|move: Wide Guard\n|move|p2a: Eternatus|Sludge Bomb|p1a: Calyrex\n|-supereffective|p1a: Calyrex\n|-damage|p1a: Calyrex|0 fnt\n|faint|p1a: Calyrex\n|\n|-sideend|p1: Doc_MrMega|move: Tailwind\n|upkeep\n|\n|t:|1740127042\n|switch|p1a: Landorus|Landorus, L50, M|19\/100\n|turn|10\n|\n|t:|1740127066\n|move|p1a: Landorus|Protect|p1a: Landorus\n|-singleturn|p1a: Landorus|Protect\n|move|p2a: Eternatus|Dynamax Cannon|p1a: Landorus\n|-activate|p1a: Landorus|move: Protect\n|move|p1b: Urshifu|Surging Strikes|p2b: Bastiodon\n|-crit|p2b: Bastiodon\n|-damage|p2b: Bastiodon|0 fnt\n|faint|p2b: Bastiodon\n|-hitcount|p2: Bastiodon|1\n|\n|upkeep\n|turn|11\n|\n|t:|1740127073\n|move|p1a: Landorus|Protect|p1a: Landorus\n|-singleturn|p1a: Landorus|Protect\n|move|p2a: Eternatus|Dynamax Cannon|p1a: Landorus\n|-activate|p1a: Landorus|move: Protect\n|move|p1b: Urshifu|Surging Strikes|p2a: Eternatus\n|-resisted|p2a: Eternatus\n|-crit|p2a: Eternatus\n|-damage|p2a: Eternatus|91\/100\n|-damage|p1b: Urshifu|84\/100|[from] item: Rocky Helmet|[of] p2a: Eternatus\n|-resisted|p2a: Eternatus\n|-crit|p2a: Eternatus\n|-damage|p2a: Eternatus|82\/100\n|-damage|p1b: Urshifu|68\/100|[from] item: Rocky Helmet|[of] p2a: Eternatus\n|-resisted|p2a: Eternatus\n|-crit|p2a: Eternatus\n|-damage|p2a: Eternatus|73\/100\n|-damage|p1b: Urshifu|51\/100|[from] item: Rocky Helmet|[of] p2a: Eternatus\n|-hitcount|p2a: Eternatus|3\n|\n|upkeep\n|turn|12\n|\n|t:|1740127088\n|move|p1a: Landorus|Protect||[still]\n|-fail|p1a: Landorus\n|move|p2a: Eternatus|Dynamax Cannon|p1a: Landorus\n|-damage|p1a: Landorus|0 fnt\n|faint|p1a: Landorus\n|move|p1b: Urshifu|Close Combat|p2a: Eternatus\n|-resisted|p2a: Eternatus\n|-damage|p2a: Eternatus|53\/100\n|-unboost|p1b: Urshifu|def|1\n|-unboost|p1b: Urshifu|spd|1\n|-damage|p1b: Urshifu|35\/100|[from] item: Rocky Helmet|[of] p2a: Eternatus\n|\n|upkeep\n|turn|13\n|\n|t:|1740127095\n|move|p2a: Eternatus|Recover|p2a: Eternatus\n|-heal|p2a: Eternatus|100\/100\n|move|p1b: Urshifu|Surging Strikes|p2a: Eternatus\n|-resisted|p2a: Eternatus\n|-crit|p2a: Eternatus\n|-damage|p2a: Eternatus|92\/100\n|-damage|p1b: Urshifu|18\/100|[from] item: Rocky Helmet|[of] p2a: Eternatus\n|-resisted|p2a: Eternatus\n|-crit|p2a: Eternatus\n|-damage|p2a: Eternatus|84\/100\n|-damage|p1b: Urshifu|2\/100|[from] item: Rocky Helmet|[of] p2a: Eternatus\n|-resisted|p2a: Eternatus\n|-crit|p2a: Eternatus\n|-damage|p2a: Eternatus|76\/100\n|-damage|p1b: Urshifu|0 fnt|[from] item: Rocky Helmet|[of] p2a: Eternatus\n|faint|p1b: Urshifu\n|\n|win|stephopotato\n|-hitcount|p2a: Eternatus|3\n|raw|Doc_MrMega's rating: 1704 &rarr; <strong>1678<\/strong><br \/>(-26 for losing)\n|raw|stephopotato's rating: 1587 &rarr; <strong>1613<\/strong><br \/>(+26 for winning)\n|l|\u2606Doc_MrMega\n|player|p1|\n|l|\u2606stephopotato\n|player|p2|\n|l| kiabu233\n","uploadtime":1740127242,"views":17,"formatid":"gen9vgc2025regg","rating":1613,"private":0,"password":null}