{"id":"gen9vgc2025regg-2304084963","format":"[Gen 9] VGC 2025 Reg G","players":["AndyGR_02","tomineko"],"log":"|j|\u2606AndyGR_02\n|j|\u2606tomineko\n|t:|1740006229\n|gametype|doubles\n|player|p1|AndyGR_02|volkner|1569\n|player|p2|tomineko|lass-gen4dp|1555\n|teamsize|p1|6\n|teamsize|p2|6\n|gen|9\n|tier|[Gen 9] VGC 2025 Reg G\n|rated|\n|rule|Species Clause: Limit one of each Pok\u00e9mon\n|rule|Item Clause: Limit 1 of each item\n|clearpoke\n|poke|p1|Calyrex-Shadow, L50|\n|poke|p1|Chesnaught, L50, M|\n|poke|p1|Whimsicott, L50, F|\n|poke|p1|Ogerpon-Cornerstone, L50, F|\n|poke|p1|Urshifu-*, L50, M|\n|poke|p1|Incineroar, L50, M|\n|poke|p2|Miraidon, L50|\n|poke|p2|Whimsicott, L50, M|\n|poke|p2|Farigiraf, L50, M|\n|poke|p2|Iron Hands, L50|\n|poke|p2|Urshifu-*, L50, M|\n|poke|p2|Chi-Yu, L50|\n|teampreview|4\n|inactive|Battle timer is ON: inactive players will automatically lose when time's up. (requested by tomineko)\n|\n|t:|1740006257\n|start\n|switch|p1a: Calyrex|Calyrex-Shadow, L50|100\/100\n|switch|p1b: Whimsicott|Whimsicott, L50, F, shiny|100\/100\n|switch|p2a: Whimsicott|Whimsicott, L50, M|100\/100\n|switch|p2b: Chi-Yu|Chi-Yu, L50|100\/100\n|-ability|p1a: Calyrex|As One\n|-ability|p1a: Calyrex|Unnerve\n|-ability|p2b: Chi-Yu|Beads of Ruin\n|turn|1\n|\n|t:|1740006278\n|move|p1b: Whimsicott|Tailwind|p1b: Whimsicott\n|-sidestart|p1: AndyGR_02|move: Tailwind\n|move|p2a: Whimsicott|Light Screen|p2a: Whimsicott\n|-sidestart|p2: tomineko|move: Light Screen\n|move|p1a: Calyrex|Astral Barrage|p2a: Whimsicott|[spread] p2a,p2b\n|-resisted|p2b: Chi-Yu\n|-damage|p2a: Whimsicott|34\/100\n|-damage|p2b: Chi-Yu|79\/100\n|move|p2b: Chi-Yu|Heat Wave|p1a: Calyrex|[spread] p1a,p1b\n|-supereffective|p1b: Whimsicott\n|-damage|p1a: Calyrex|39\/100\n|-damage|p1b: Whimsicott|0 fnt\n|-status|p1a: Calyrex|brn\n|faint|p1b: Whimsicott\n|\n|-damage|p1a: Calyrex|33\/100 brn|[from] brn\n|upkeep\n|\n|t:|1740006290\n|switch|p1b: Chesnaught|Chesnaught, L50, M, shiny|100\/100\n|turn|2\n|\n|t:|1740006299\n|move|p1b: Chesnaught|Wide Guard|p1b: Chesnaught\n|-singleturn|p1b: Chesnaught|Wide Guard\n|move|p2a: Whimsicott|Tailwind|p2a: Whimsicott\n|-sidestart|p2: tomineko|move: Tailwind\n|move|p1a: Calyrex|Astral Barrage|p2a: Whimsicott|[spread] p2a,p2b\n|-resisted|p2b: Chi-Yu\n|-damage|p2a: Whimsicott|0 fnt\n|-damage|p2b: Chi-Yu|58\/100\n|faint|p2a: Whimsicott\n|-ability|p1a: Calyrex|Grim Neigh|boost\n|-boost|p1a: Calyrex|spa|1\n|move|p2b: Chi-Yu|Heat Wave|p1b: Chesnaught|[spread] \n|-activate|p1a: Calyrex|move: Wide Guard\n|-activate|p1b: Chesnaught|move: Wide Guard\n|\n|-damage|p1a: Calyrex|27\/100 brn|[from] brn\n|upkeep\n|\n|t:|1740006315\n|switch|p2a: Farigiraf|Farigiraf, L50, M|100\/100\n|turn|3\n|\n|t:|1740006335\n|move|p1a: Calyrex|Astral Barrage|p2b: Chi-Yu|[spread] p2b\n|-immune|p2a: Farigiraf\n|-resisted|p2b: Chi-Yu\n|-damage|p2b: Chi-Yu|27\/100\n|move|p2b: Chi-Yu|Heat Wave|p1a: Calyrex|[spread] p1a,p1b\n|-supereffective|p1b: Chesnaught\n|-damage|p1a: Calyrex|0 fnt\n|-damage|p1b: Chesnaught|0 fnt\n|faint|p1a: Calyrex\n|faint|p1b: Chesnaught\n|move|p2a: Farigiraf|Foul Play|p1: Calyrex|[notarget]\n|-fail|p2a: Farigiraf\n|\n|upkeep\n|\n|t:|1740006339\n|switch|p1b: Incineroar|Incineroar, L50, M, shiny|100\/100\n|-ability|p1b: Incineroar|Intimidate|boost\n|-unboost|p2a: Farigiraf|atk|1\n|-unboost|p2b: Chi-Yu|atk|1\n|turn|4\n|\n|t:|1740006359\n|move|p2a: Farigiraf|Helping Hand|p2b: Chi-Yu\n|-singleturn|p2b: Chi-Yu|Helping Hand|[of] p2a: Farigiraf\n|move|p2b: Chi-Yu|Heat Wave|p1b: Incineroar\n|-resisted|p1b: Incineroar\n|-damage|p1b: Incineroar|29\/100\n|move|p1b: Incineroar|Knock Off|p2a: Farigiraf\n|-supereffective|p2a: Farigiraf\n|-damage|p2a: Farigiraf|37\/100\n|-enditem|p2a: Farigiraf|Electric Seed|[from] move: Knock Off|[of] p1b: Incineroar\n|\n|-sideend|p1: AndyGR_02|move: Tailwind\n|upkeep\n|turn|5\n|l|\u2606AndyGR_02\n|inactive|AndyGR_02 disconnected and has a minute to reconnect!\n|player|p1|\n|j| futonkagebunshin\n|inactive|AndyGR_02 has 30 seconds left.\n|inactive|AndyGR_02 has 20 seconds left.\n|inactive|AndyGR_02 has 15 seconds left.\n|inactive|AndyGR_02 has 10 seconds left.\n|inactive|AndyGR_02 has 5 seconds left.\n|-message|AndyGR_02 lost due to inactivity.\n|\n|win|tomineko\n|raw|AndyGR_02's rating: 1569 &rarr; <strong>1548<\/strong><br \/>(-21 for losing)\n|raw|tomineko's rating: 1555 &rarr; <strong>1576<\/strong><br \/>(+21 for winning)\n|l|\u2606tomineko\n|player|p2|\n","uploadtime":1740006614,"views":13,"formatid":"gen9vgc2025regg","rating":1548,"private":0,"password":null}