{"id":"gen9vgc2025regg-2304358794","format":"[Gen 9] VGC 2025 Reg G","players":["PokemonmasterN2009","ninfyman"],"log":"|j|\u2606PokemonmasterN2009\n|j|\u2606ninfyman\n|t:|1740049979\n|gametype|doubles\n|player|p1|PokemonmasterN2009|steven|1626\n|player|p2|ninfyman|skyla|1526\n|teamsize|p1|6\n|teamsize|p2|6\n|gen|9\n|tier|[Gen 9] VGC 2025 Reg G\n|rated|\n|rule|Species Clause: Limit one of each Pok\u00e9mon\n|rule|Item Clause: Limit 1 of each item\n|clearpoke\n|poke|p1|Farigiraf, L50, M|\n|poke|p1|Calyrex-Ice, L50|\n|poke|p1|Torkoal, L50, M|\n|poke|p1|Regidrago, L50|\n|poke|p1|Smeargle, L50, M|\n|poke|p1|Amoonguss, L50, F|\n|poke|p2|Calyrex-Shadow, L50|\n|poke|p2|Iron Hands, L50|\n|poke|p2|Maushold, L50|\n|poke|p2|Indeedee-F, L50, F|\n|poke|p2|Tornadus, L50, M|\n|poke|p2|Tsareena, L50, F|\n|teampreview|4\n|\n|t:|1740050032\n|start\n|switch|p1a: Mr. Snoopy|Smeargle, L50, M, shiny|100\/100\n|switch|p1b: Mr. Rider|Calyrex-Ice, L50|100\/100\n|switch|p2a: Calyrex|Calyrex-Shadow, L50|100\/100\n|switch|p2b: Iron Hands|Iron Hands, L50|100\/100\n|-ability|p2a: Calyrex|As One\n|-ability|p2a: Calyrex|Unnerve\n|-ability|p1b: Mr. Rider|As One\n|-ability|p1b: Mr. Rider|Unnerve\n|turn|1\n|j| EllAkuro\n|\n|t:|1740050058\n|-terastallize|p1b: Mr. Rider|Fire\n|move|p2a: Calyrex|Taunt|p1a: Mr. Snoopy\n|-start|p1a: Mr. Snoopy|move: Taunt\n|cant|p1a: Mr. Snoopy|move: Taunt|Spore\n|move|p2b: Iron Hands|Belly Drum|p2b: Iron Hands\n|-damage|p2b: Iron Hands|50\/100\n|-setboost|p2b: Iron Hands|atk|6|[from] move: Belly Drum\n|move|p1b: Mr. Rider|Trick Room|p1b: Mr. Rider\n|-fieldstart|move: Trick Room|[of] p1b: Mr. Rider\n|\n|upkeep\n|turn|2\n|\n|t:|1740050076\n|switch|p1a: Mr. Not-Effarig|Farigiraf, L50, M|100\/100\n|move|p2b: Iron Hands|Rock Slide|p1b: Mr. Rider|[spread] p1a,p1b\n|-supereffective|p1b: Mr. Rider\n|-damage|p1a: Mr. Not-Effarig|6\/100\n|-damage|p1b: Mr. Rider|0 fnt\n|-enditem|p2b: Iron Hands|Sitrus Berry|[eat]\n|-heal|p2b: Iron Hands|75\/100|[from] item: Sitrus Berry\n|faint|p1b: Mr. Rider\n|move|p2a: Calyrex|Trick Room|p2a: Calyrex\n|-fieldend|move: Trick Room\n|\n|upkeep\n|\n|t:|1740050088\n|switch|p1b: Mr. Snoopy|Smeargle, L50, M, shiny|100\/100\n|turn|3\n|\n|t:|1740050095\n|switch|p2a: Indeedee|Indeedee-F, L50, F|100\/100\n|-fieldstart|move: Psychic Terrain|[from] ability: Psychic Surge|[of] p2a: Indeedee\n|move|p1b: Mr. Snoopy|Wide Guard|p1b: Mr. Snoopy\n|-singleturn|p1b: Mr. Snoopy|Wide Guard\n|move|p2b: Iron Hands|Rock Slide|p1b: Mr. Snoopy|[spread] \n|-activate|p1a: Mr. Not-Effarig|move: Wide Guard\n|-activate|p1b: Mr. Snoopy|move: Wide Guard\n|move|p1a: Mr. Not-Effarig|Trick Room|p1a: Mr. Not-Effarig\n|-fieldstart|move: Trick Room|[of] p1a: Mr. Not-Effarig\n|\n|upkeep\n|turn|4\n|\n|t:|1740050126\n|-terastallize|p2b: Iron Hands|Dark\n|move|p1a: Mr. Not-Effarig|Protect|p1a: Mr. Not-Effarig\n|-singleturn|p1a: Mr. Not-Effarig|Protect\n|move|p2b: Iron Hands|Drain Punch|p1b: Mr. Snoopy\n|-supereffective|p1b: Mr. Snoopy\n|-enditem|p1b: Mr. Snoopy|Focus Sash\n|-damage|p1b: Mr. Snoopy|1\/100\n|-heal|p2b: Iron Hands|100\/100|[from] drain|[of] p1b: Mr. Snoopy\n|move|p1b: Mr. Snoopy|Spore|p2b: Iron Hands\n|-status|p2b: Iron Hands|slp|[from] move: Spore\n|move|p2a: Indeedee|Trick Room|p2a: Indeedee\n|-fieldend|move: Trick Room\n|\n|upkeep\n|turn|5\n|\n|t:|1740050144\n|move|p1b: Mr. Snoopy|Follow Me|p1b: Mr. Snoopy\n|-singleturn|p1b: Mr. Snoopy|move: Follow Me\n|move|p2a: Indeedee|Psychic|p1b: Mr. Snoopy\n|-damage|p1b: Mr. Snoopy|0 fnt\n|faint|p1b: Mr. Snoopy\n|cant|p2b: Iron Hands|slp\n|move|p1a: Mr. Not-Effarig|Trick Room|p1a: Mr. Not-Effarig\n|-fieldstart|move: Trick Room|[of] p1a: Mr. Not-Effarig\n|\n|upkeep\n|\n|t:|1740050147\n|switch|p1b: Mr. t u r t l e|Torkoal, L50, M, shiny|100\/100\n|-weather|SunnyDay|[from] ability: Drought|[of] p1b: Mr. t u r t l e\n|turn|6\n|\n|t:|1740050168\n|switch|p2a: Maushold|Maushold, L50|100\/100\n|move|p1b: Mr. t u r t l e|Eruption|p2a: Maushold|[spread] p2a,p2b\n|-damage|p2a: Maushold|0 fnt\n|-damage|p2b: Iron Hands|39\/100 slp\n|faint|p2a: Maushold\n|cant|p2b: Iron Hands|slp\n|move|p1a: Mr. Not-Effarig|Hyper Voice|p2b: Iron Hands\n|-damage|p2b: Iron Hands|0 fnt\n|faint|p2b: Iron Hands\n|-end|p2b: Iron Hands|Quark Drive|[silent]\n|-enditem|p1a: Mr. Not-Effarig|Throat Spray\n|-boost|p1a: Mr. Not-Effarig|spa|1|[from] item: Throat Spray\n|\n|-weather|SunnyDay|[upkeep]\n|upkeep\n|\n|t:|1740050185\n|switch|p2b: Calyrex|Calyrex-Shadow, L50|100\/100\n|switch|p2a: Indeedee|Indeedee-F, L50, F|100\/100\n|-ability|p2b: Calyrex|As One\n|-ability|p2b: Calyrex|Unnerve\n|turn|7\n|j| preciouslove\n|\n|t:|1740050205\n|move|p1b: Mr. t u r t l e|Eruption|p2b: Calyrex|[spread] p2a,p2b\n|-damage|p2a: Indeedee|14\/100\n|-damage|p2b: Calyrex|38\/100\n|move|p1a: Mr. Not-Effarig|Psychic Noise|p2b: Calyrex\n|-resisted|p2b: Calyrex\n|-damage|p2b: Calyrex|9\/100\n|-start|p2b: Calyrex|move: Heal Block\n|move|p2a: Indeedee|Psychic|p1a: Mr. Not-Effarig\n|-resisted|p1a: Mr. Not-Effarig\n|-damage|p1a: Mr. Not-Effarig|0 fnt\n|faint|p1a: Mr. Not-Effarig\n|move|p2b: Calyrex|Trick Room|p2b: Calyrex\n|-fieldend|move: Trick Room\n|\n|-weather|SunnyDay|[upkeep]\n|-fieldend|move: Psychic Terrain\n|upkeep\n|turn|8\n|\n|t:|1740050230\n|move|p2a: Indeedee|Helping Hand|p2b: Calyrex\n|-singleturn|p2b: Calyrex|Helping Hand|[of] p2a: Indeedee\n|move|p2b: Calyrex|Astral Barrage|p1b: Mr. t u r t l e\n|-damage|p1b: Mr. t u r t l e|0 fnt\n|faint|p1b: Mr. t u r t l e\n|\n|win|ninfyman\n|raw|PokemonmasterN2009's rating: 1626 &rarr; <strong>1600<\/strong><br \/>(-26 for losing)\n|raw|ninfyman's rating: 1526 &rarr; <strong>1552<\/strong><br \/>(+26 for winning)\n|l| preciouslove\n|l| EllAkuro\n|l|\u2606ninfyman\n|player|p2|\n|l|\u2606PokemonmasterN2009\n|player|p1|\n","uploadtime":1740050474,"views":5,"formatid":"gen9vgc2025regg","rating":1552,"private":0,"password":null}