{"id":"gen9vgc2025regg-2304477126","format":"[Gen 9] VGC 2025 Reg G","players":["chaddiestchad","VGC Pops"],"log":"|j|\u2606chaddiestchad\n|j|\u2606VGC Pops\n|t:|1740065568\n|gametype|doubles\n|player|p1|chaddiestchad|supernerd|1539\n|player|p2|VGC Pops|102|1547\n|teamsize|p1|6\n|teamsize|p2|6\n|gen|9\n|tier|[Gen 9] VGC 2025 Reg G\n|rated|\n|rule|Species Clause: Limit one of each Pok\u00e9mon\n|rule|Item Clause: Limit 1 of each item\n|clearpoke\n|poke|p1|Calyrex-Shadow, L50|\n|poke|p1|Weezing-Galar, L50, M|\n|poke|p1|Dondozo, L50, F|\n|poke|p1|Tatsugiri-Droopy, L50, M|\n|poke|p1|Indeedee-F, L50, F|\n|poke|p1|Urshifu-*, L50, F|\n|poke|p2|Miraidon, L50|\n|poke|p2|Whimsicott, L50, F|\n|poke|p2|Sneasler, L50, M|\n|poke|p2|Oranguru, L50, F|\n|poke|p2|Bronzong, L50|\n|poke|p2|Ursaluna, L50, M|\n|teampreview|4\n|inactive|Battle timer is ON: inactive players will automatically lose when time's up. (requested by chaddiestchad)\n|inactive|chaddiestchad has 60 seconds left.\n|inactive|VGC Pops has 60 seconds left.\n|inactive|VGC Pops has 30 seconds left.\n|inactive|VGC Pops has 20 seconds left.\n|inactive|VGC Pops has 15 seconds left.\n|inactive|VGC Pops has 10 seconds left.\n|\n|t:|1740065651\n|start\n|switch|p1a: Calyrex|Calyrex-Shadow, L50|100\/100\n|switch|p1b: Indeedee|Indeedee-F, L50, F|100\/100\n|switch|p2a: Oranguru|Oranguru, L50, F|100\/100\n|switch|p2b: Miraidon|Miraidon, L50|100\/100\n|-ability|p1a: Calyrex|As One\n|-ability|p1a: Calyrex|Unnerve\n|-fieldstart|move: Electric Terrain|[from] ability: Hadron Engine|[of] p2b: Miraidon\n|-fieldstart|move: Psychic Terrain|[from] ability: Psychic Surge|[of] p1b: Indeedee\n|turn|1\n|\n|t:|1740065674\n|move|p1b: Indeedee|Helping Hand|p1a: Calyrex\n|-singleturn|p1a: Calyrex|Helping Hand|[of] p1b: Indeedee\n|move|p1a: Calyrex|Expanding Force|p2b: Miraidon|[spread] p2a,p2b\n|-resisted|p2a: Oranguru\n|-damage|p2a: Oranguru|44\/100\n|-damage|p2b: Miraidon|0 fnt\n|faint|p2b: Miraidon\n|-ability|p1a: Calyrex|Grim Neigh|boost\n|-boost|p1a: Calyrex|spa|1\n|-damage|p1a: Calyrex|91\/100|[from] item: Life Orb\n|move|p2a: Oranguru|Trick Room|p2a: Oranguru\n|-fieldstart|move: Trick Room|[of] p2a: Oranguru\n|\n|upkeep\n|\n|t:|1740065685\n|switch|p2b: Ursaluna|Ursaluna, L50, M|100\/100\n|turn|2\n|\n|t:|1740065697\n|switch|p2a: Sneasler|Sneasler, L50, M|100\/100\n|move|p2b: Ursaluna|Protect|p2b: Ursaluna\n|-singleturn|p2b: Ursaluna|Protect\n|move|p1b: Indeedee|Follow Me|p1b: Indeedee\n|-singleturn|p1b: Indeedee|move: Follow Me\n|move|p1a: Calyrex|Expanding Force|p2a: Sneasler|[spread] p2a\n|-activate|p2b: Ursaluna|move: Protect\n|-supereffective|p2a: Sneasler\n|-damage|p2a: Sneasler|0 fnt\n|faint|p2a: Sneasler\n|-ability|p1a: Calyrex|Grim Neigh|boost\n|-boost|p1a: Calyrex|spa|1\n|-damage|p1a: Calyrex|81\/100|[from] item: Life Orb\n|\n|-status|p2b: Ursaluna|brn|[from] item: Flame Orb\n|upkeep\n|\n|t:|1740065706\n|switch|p2a: Oranguru|Oranguru, L50, F|44\/100\n|turn|3\n|\n|t:|1740065718\n|switch|p1b: Tatsugiri|Tatsugiri-Droopy, L50, M|100\/100\n|switch|p1a: Dondozo|Dondozo, L50, F|100\/100\n|-activate|p1b: Tatsugiri|ability: Commander|[of] p1a: Dondozo\n|-boost|p1a: Dondozo|atk|2\n|-boost|p1a: Dondozo|spa|2\n|-boost|p1a: Dondozo|spe|2\n|-boost|p1a: Dondozo|def|2\n|-boost|p1a: Dondozo|spd|2\n|move|p2b: Ursaluna|Earthquake|p1b: Tatsugiri|[spread] p1a\n|-miss|p2b: Ursaluna|p1b: Tatsugiri\n|-activate|p2a: Oranguru|ability: Telepathy\n|-damage|p1a: Dondozo|82\/100\n|move|p2a: Oranguru|Instruct|p2b: Ursaluna\n|-singleturn|p2b: Ursaluna|move: Instruct|[of] p2a: Oranguru\n|move|p2b: Ursaluna|Earthquake|p1b: Tatsugiri|[spread] p1a\n|-miss|p2b: Ursaluna|p1b: Tatsugiri\n|-activate|p2a: Oranguru|ability: Telepathy\n|-damage|p1a: Dondozo|63\/100\n|\n|-heal|p1a: Dondozo|70\/100|[from] item: Leftovers\n|-damage|p2b: Ursaluna|95\/100 brn|[from] brn\n|upkeep\n|turn|4\n|inactive|chaddiestchad has 30 seconds left.\n|inactive|VGC Pops has 30 seconds left.\n|\n|t:|1740065753\n|move|p2b: Ursaluna|Facade|p1a: Dondozo\n|-damage|p1a: Dondozo|37\/100\n|move|p2a: Oranguru|Instruct|p2b: Ursaluna\n|-singleturn|p2b: Ursaluna|move: Instruct|[of] p2a: Oranguru\n|move|p2b: Ursaluna|Facade|p1a: Dondozo\n|-damage|p1a: Dondozo|4\/100\n|move|p1a: Dondozo|Wave Crash|p2a: Oranguru\n|-damage|p2a: Oranguru|0 fnt\n|faint|p2a: Oranguru\n|-damage|p1a: Dondozo|0 fnt|[from] Recoil\n|faint|p1a: Dondozo\n|\n|-damage|p2b: Ursaluna|89\/100 brn|[from] brn\n|upkeep\n|\n|t:|1740065771\n|switch|p1a: Calyrex|Calyrex-Shadow, L50|81\/100\n|-ability|p1a: Calyrex|As One\n|-ability|p1a: Calyrex|Unnerve\n|turn|5\n|\n|t:|1740065786\n|-terastallize|p2b: Ursaluna|Steel\n|move|p1b: Tatsugiri|Protect|p1b: Tatsugiri\n|-singleturn|p1b: Tatsugiri|Protect\n|move|p1a: Calyrex|Protect|p1a: Calyrex\n|-singleturn|p1a: Calyrex|Protect\n|move|p2b: Ursaluna|Earthquake|p1a: Calyrex|[spread] \n|-activate|p1a: Calyrex|move: Protect\n|-activate|p1b: Tatsugiri|move: Protect\n|\n|-damage|p2b: Ursaluna|83\/100 brn|[from] brn\n|-fieldend|move: Trick Room\n|-fieldend|move: Psychic Terrain\n|upkeep\n|turn|6\n|\n|t:|1740065801\n|move|p1b: Tatsugiri|Helping Hand|p1a: Calyrex\n|-singleturn|p1a: Calyrex|Helping Hand|[of] p1b: Tatsugiri\n|move|p1a: Calyrex|Astral Barrage|p2b: Ursaluna\n|-damage|p2b: Ursaluna|0 fnt\n|faint|p2b: Ursaluna\n|-damage|p1a: Calyrex|72\/100|[from] item: Life Orb\n|\n|win|chaddiestchad\n|raw|chaddiestchad's rating: 1539 &rarr; <strong>1559<\/strong><br \/>(+20 for winning)\n|raw|VGC Pops's rating: 1547 &rarr; <strong>1527<\/strong><br \/>(-20 for losing)\n|l|\u2606chaddiestchad\n|player|p1|\n|l|\u2606VGC Pops\n|player|p2|\n","uploadtime":1740066071,"views":5,"formatid":"gen9vgc2025regg","rating":1527,"private":0,"password":null}