{"id":"gen9vgc2025regg-2304278002","format":"[Gen 9] VGC 2025 Reg G","players":["caZISA","RICHARDHAVOC"],"log":"|j|\u2606caZISA\n|j|\u2606RICHARDHAVOC\n|t:|1740034536\n|gametype|doubles\n|player|p1|caZISA|red|1669\n|player|p2|RICHARDHAVOC|brycen|1612\n|teamsize|p1|6\n|teamsize|p2|6\n|gen|9\n|tier|[Gen 9] VGC 2025 Reg G\n|rated|\n|rule|Species Clause: Limit one of each Pok\u00e9mon\n|rule|Item Clause: Limit 1 of each item\n|clearpoke\n|poke|p1|Miraidon, L50|\n|poke|p1|Urshifu-*, L50, F|\n|poke|p1|Iron Hands, L50|\n|poke|p1|Whimsicott, L50, F|\n|poke|p1|Volcarona, L50, F|\n|poke|p1|Farigiraf, L50, F|\n|poke|p2|Zamazenta-*, L50|\n|poke|p2|Volcarona, L50, F|\n|poke|p2|Tyranitar, L50, M|\n|poke|p2|Flutter Mane, L50|\n|poke|p2|Rillaboom, L50, M|\n|poke|p2|Glastrier, L50|\n|teampreview|4\n|inactive|Battle timer is ON: inactive players will automatically lose when time's up. (requested by caZISA)\n|\n|t:|1740034567\n|start\n|switch|p1a: Miraidon|Miraidon, L50|100\/100\n|switch|p1b: Volcarona|Volcarona, L50, F|100\/100\n|switch|p2a: Tyranitar|Tyranitar, L50, M, shiny|100\/100\n|switch|p2b: Rillaboom|Rillaboom, L50, M, shiny|100\/100\n|-fieldstart|move: Electric Terrain|[from] ability: Hadron Engine|[of] p1a: Miraidon\n|-weather|Sandstorm|[from] ability: Sand Stream|[of] p2a: Tyranitar\n|-fieldstart|move: Grassy Terrain|[from] ability: Grassy Surge|[of] p2b: Rillaboom\n|turn|1\n|\n|t:|1740034588\n|switch|p1b: Iron Hands|Iron Hands, L50|100\/100\n|move|p1a: Miraidon|Volt Switch|p2a: Tyranitar\n|-damage|p2a: Tyranitar|63\/100\n|\n|t:|1740034595\n|switch|p1a: Whimsicott|Whimsicott, L50, F|100\/100|[from] Volt Switch\n|move|p2a: Tyranitar|Rock Slide|p1a: Whimsicott|[spread] p1b\n|-miss|p2a: Tyranitar|p1a: Whimsicott\n|-resisted|p1b: Iron Hands\n|-damage|p1b: Iron Hands|90\/100\n|move|p2b: Rillaboom|U-turn|p1a: Whimsicott\n|-damage|p1a: Whimsicott|64\/100\n|\n|t:|1740034613\n|switch|p2b: Zamazenta|Zamazenta-Crowned, L50, shiny|100\/100|[from] U-turn\n|-ability|p2b: Zamazenta|Dauntless Shield|boost\n|-boost|p2b: Zamazenta|def|1\n|\n|-weather|Sandstorm|[upkeep]\n|-damage|p1a: Whimsicott|59\/100|[from] Sandstorm\n|-damage|p1b: Iron Hands|84\/100|[from] Sandstorm\n|-heal|p1a: Whimsicott|64\/100|[from] Grassy Terrain\n|-heal|p2a: Tyranitar|69\/100|[from] Grassy Terrain\n|-heal|p1b: Iron Hands|90\/100|[from] Grassy Terrain\n|upkeep\n|turn|2\n|\n|t:|1740034625\n|move|p1a: Whimsicott|Tailwind|p1a: Whimsicott\n|-sidestart|p1: caZISA|move: Tailwind\n|move|p1b: Iron Hands|Drain Punch|p2a: Tyranitar\n|-supereffective|p2a: Tyranitar\n|-damage|p2a: Tyranitar|0 fnt\n|-heal|p1b: Iron Hands|100\/100|[from] drain|[of] p2a: Tyranitar\n|faint|p2a: Tyranitar\n|move|p2b: Zamazenta|Behemoth Bash|p1a: Whimsicott\n|-supereffective|p1a: Whimsicott\n|-damage|p1a: Whimsicott|0 fnt\n|faint|p1a: Whimsicott\n|\n|-weather|Sandstorm|[upkeep]\n|-damage|p1b: Iron Hands|94\/100|[from] Sandstorm\n|-heal|p1b: Iron Hands|100\/100|[from] Grassy Terrain\n|upkeep\n|\n|t:|1740034638\n|switch|p1a: Volcarona|Volcarona, L50, F|100\/100\n|switch|p2a: Rillaboom|Rillaboom, L50, M, shiny|100\/100\n|turn|3\n|\n|t:|1740034648\n|move|p2a: Rillaboom|Fake Out|p1a: Volcarona\n|-damage|p1a: Volcarona|89\/100\n|-damage|p2a: Rillaboom|84\/100|[from] item: Rocky Helmet|[of] p1a: Volcarona\n|cant|p1a: Volcarona|flinch\n|move|p1b: Iron Hands|Low Kick|p2b: Zamazenta\n|-supereffective|p2b: Zamazenta\n|-damage|p2b: Zamazenta|40\/100\n|move|p2b: Zamazenta|Body Press|p1b: Iron Hands\n|-damage|p1b: Iron Hands|47\/100\n|\n|-weather|Sandstorm|[upkeep]\n|-damage|p1a: Volcarona|82\/100|[from] Sandstorm\n|-damage|p1b: Iron Hands|41\/100|[from] Sandstorm\n|-damage|p2a: Rillaboom|78\/100|[from] Sandstorm\n|-heal|p1a: Volcarona|89\/100|[from] Grassy Terrain\n|-heal|p1b: Iron Hands|47\/100|[from] Grassy Terrain\n|-heal|p2b: Zamazenta|46\/100|[from] Grassy Terrain\n|-heal|p2a: Rillaboom|84\/100|[from] Grassy Terrain\n|upkeep\n|turn|4\n|\n|t:|1740034663\n|switch|p1a: Miraidon|Miraidon, L50|100\/100\n|-fieldstart|move: Electric Terrain|[from] ability: Hadron Engine|[of] p1a: Miraidon\n|-activate|p1b: Iron Hands|ability: Quark Drive\n|-start|p1b: Iron Hands|quarkdriveatk\n|move|p2b: Zamazenta|Protect|p2b: Zamazenta\n|-singleturn|p2b: Zamazenta|Protect\n|move|p1b: Iron Hands|Low Kick|p2b: Zamazenta\n|-activate|p2b: Zamazenta|move: Protect\n|move|p2a: Rillaboom|U-turn|p1b: Iron Hands\n|-resisted|p1b: Iron Hands\n|-damage|p1b: Iron Hands|40\/100\n|\n|t:|1740034667\n|switch|p2a: Flutter Mane|Flutter Mane, L50, shiny|100\/100|[from] U-turn\n|-enditem|p2a: Flutter Mane|Booster Energy\n|-activate|p2a: Flutter Mane|ability: Protosynthesis|[fromitem]\n|-start|p2a: Flutter Mane|protosynthesisspe\n|\n|-weather|Sandstorm|[upkeep]\n|-damage|p1a: Miraidon|94\/100|[from] Sandstorm\n|-damage|p2a: Flutter Mane|95\/100|[from] Sandstorm\n|-damage|p1b: Iron Hands|34\/100|[from] Sandstorm\n|upkeep\n|turn|5\n|inactive|RICHARDHAVOC has 30 seconds left.\n|\n|t:|1740034698\n|-terastallize|p1a: Miraidon|Fairy\n|-terastallize|p2b: Zamazenta|Dragon\n|move|p2a: Flutter Mane|Protect|p2a: Flutter Mane\n|-singleturn|p2a: Flutter Mane|Protect\n|move|p1a: Miraidon|Electro Drift|p2b: Zamazenta\n|-resisted|p2b: Zamazenta\n|-damage|p2b: Zamazenta|0 fnt\n|faint|p2b: Zamazenta\n|move|p1b: Iron Hands|Wild Charge|p2a: Flutter Mane\n|-activate|p2a: Flutter Mane|move: Protect\n|\n|-weather|none\n|-sideend|p1: caZISA|move: Tailwind\n|upkeep\n|\n|t:|1740034702\n|switch|p2b: Rillaboom|Rillaboom, L50, M, shiny|84\/100\n|-fieldstart|move: Grassy Terrain|[from] ability: Grassy Surge|[of] p2b: Rillaboom\n|-end|p1b: Iron Hands|Quark Drive\n|turn|6\n|inactive|RICHARDHAVOC has 30 seconds left.\n|\n|t:|1740034733\n|switch|p1a: Volcarona|Volcarona, L50, F|89\/100\n|move|p2a: Flutter Mane|Moonblast|p1a: Volcarona\n|-resisted|p1a: Volcarona\n|-damage|p1a: Volcarona|69\/100\n|move|p2b: Rillaboom|Wood Hammer|p1b: Iron Hands\n|-damage|p1b: Iron Hands|0 fnt\n|faint|p1b: Iron Hands\n|-end|p1b: Iron Hands|Quark Drive|[silent]\n|-damage|p2b: Rillaboom|72\/100|[from] Recoil\n|\n|-heal|p2a: Flutter Mane|100\/100|[from] Grassy Terrain\n|-heal|p1a: Volcarona|75\/100|[from] Grassy Terrain\n|-heal|p2b: Rillaboom|77\/100|[from] Grassy Terrain\n|upkeep\n|\n|t:|1740034740\n|switch|p1b: Miraidon|Miraidon, L50, tera:Fairy|94\/100\n|-fieldstart|move: Electric Terrain|[from] ability: Hadron Engine|[of] p1b: Miraidon\n|turn|7\n|\n|t:|1740034755\n|move|p1a: Volcarona|Rage Powder|p1a: Volcarona\n|-singleturn|p1a: Volcarona|move: Rage Powder\n|move|p2a: Flutter Mane|Shadow Ball|p1a: Volcarona\n|-damage|p1a: Volcarona|44\/100\n|-unboost|p1a: Volcarona|spd|1\n|move|p1b: Miraidon|Electro Drift|p2a: Flutter Mane\n|-damage|p2a: Flutter Mane|0 fnt\n|faint|p2a: Flutter Mane\n|-end|p2a: Flutter Mane|Protosynthesis|[silent]\n|move|p2b: Rillaboom|Wood Hammer|p1b: Miraidon\n|-damage|p1b: Miraidon|38\/100\n|-damage|p2b: Rillaboom|61\/100|[from] Recoil\n|\n|upkeep\n|turn|8\n|\n|t:|1740034768\n|move|p1b: Miraidon|Electro Drift|p2b: Rillaboom\n|-resisted|p2b: Rillaboom\n|-damage|p2b: Rillaboom|18\/100\n|move|p1a: Volcarona|Flamethrower|p2b: Rillaboom\n|-supereffective|p2b: Rillaboom\n|-damage|p2b: Rillaboom|0 fnt\n|faint|p2b: Rillaboom\n|\n|win|caZISA\n|raw|caZISA's rating: 1669 &rarr; <strong>1686<\/strong><br \/>(+17 for winning)\n|raw|RICHARDHAVOC's rating: 1612 &rarr; <strong>1595<\/strong><br \/>(-17 for losing)\n|l|\u2606caZISA\n|player|p1|\n|l|\u2606RICHARDHAVOC\n|player|p2|\n","uploadtime":1740034904,"views":5,"formatid":"gen9vgc2025regg","rating":1595,"private":0,"password":null}