{"id":"gen9vgc2025regg-2304492982","format":"[Gen 9] VGC 2025 Reg G","players":["elvegis1","Lowpass"],"log":"|j|\u2606elvegis1\n|j|\u2606Lowpass\n|t:|1740067167\n|gametype|doubles\n|player|p1|elvegis1|lucas|1625\n|player|p2|Lowpass|169|1587\n|teamsize|p1|6\n|teamsize|p2|6\n|gen|9\n|tier|[Gen 9] VGC 2025 Reg G\n|rated|\n|rule|Species Clause: Limit one of each Pok\u00e9mon\n|rule|Item Clause: Limit 1 of each item\n|clearpoke\n|poke|p1|Calyrex-Shadow, L50|\n|poke|p1|Urshifu-*, L50, F|\n|poke|p1|Whimsicott, L50, F|\n|poke|p1|Incineroar, L50, M|\n|poke|p1|Ditto, L50|\n|poke|p1|Raging Bolt, L50|\n|poke|p2|Lugia, L50|\n|poke|p2|Sableye, L50, M|\n|poke|p2|Wo-Chien, L50|\n|poke|p2|Heatran, L50, F|\n|poke|p2|Landorus-Therian, L50, M|\n|poke|p2|Toxapex, L50, F|\n|teampreview|4\n|j| pmg9\n|inactive|Battle timer is ON: inactive players will automatically lose when time's up. (requested by Lowpass)\n|inactive|elvegis1 has 60 seconds left.\n|l| pmg9\n|inactive|elvegis1 has 30 seconds left.\n|inactive|elvegis1 has 20 seconds left.\n|\n|t:|1740067258\n|start\n|switch|p1a: Incineroar|Incineroar, L50, M|100\/100\n|switch|p1b: Calyrex|Calyrex-Shadow, L50|100\/100\n|switch|p2a: Heatran|Heatran, L50, F|100\/100\n|switch|p2b: Wo-Chien|Wo-Chien, L50|100\/100\n|-ability|p1b: Calyrex|As One\n|-ability|p1b: Calyrex|Unnerve\n|-ability|p1a: Incineroar|Intimidate|boost\n|-unboost|p2a: Heatran|atk|1\n|-unboost|p2b: Wo-Chien|atk|1\n|-ability|p2b: Wo-Chien|Tablets of Ruin\n|turn|1\n|inactive|Lowpass has 30 seconds left.\n|inactive|Lowpass has 20 seconds left.\n|\n|t:|1740067295\n|-terastallize|p1b: Calyrex|Water\n|move|p2a: Heatran|Protect|p2a: Heatran\n|-singleturn|p2a: Heatran|Protect\n|move|p1a: Incineroar|Fake Out|p2b: Wo-Chien\n|-damage|p2b: Wo-Chien|94\/100\n|move|p1b: Calyrex|Tera Blast|p2a: Heatran|[anim] Tera Blast Water\n|-activate|p2a: Heatran|move: Protect\n|cant|p2b: Wo-Chien|flinch\n|\n|upkeep\n|turn|2\n|\n|t:|1740067310\n|switch|p2a: Toxapex|Toxapex, L50, F|100\/100\n|move|p1b: Calyrex|Protect|p1b: Calyrex\n|-singleturn|p1b: Calyrex|Protect\n|move|p1a: Incineroar|Flare Blitz|p2b: Wo-Chien\n|-supereffective|p2b: Wo-Chien\n|-damage|p2b: Wo-Chien|38\/100\n|-damage|p1a: Incineroar|83\/100|[from] Recoil\n|move|p2b: Wo-Chien|Knock Off|p1b: Calyrex\n|-activate|p1b: Calyrex|move: Protect\n|\n|upkeep\n|turn|3\n|\n|t:|1740067327\n|switch|p2b: Lugia|Lugia, L50|100\/100\n|move|p1b: Calyrex|Astral Barrage|p2b: Lugia|[spread] p2a,p2b\n|-supereffective|p2b: Lugia\n|-damage|p2a: Toxapex|52\/100\n|-damage|p2b: Lugia|66\/100\n|move|p1a: Incineroar|Flare Blitz|p2b: Lugia\n|-damage|p2b: Lugia|38\/100\n|-damage|p1a: Incineroar|73\/100|[from] Recoil\n|move|p2a: Toxapex|Toxic|p1a: Incineroar\n|-status|p1a: Incineroar|tox\n|\n|-heal|p2b: Lugia|44\/100|[from] item: Leftovers\n|-damage|p1a: Incineroar|67\/100 tox|[from] psn\n|upkeep\n|turn|4\n|inactive|Lowpass has 30 seconds left.\n|\n|t:|1740067354\n|move|p1b: Calyrex|Protect|p1b: Calyrex\n|-singleturn|p1b: Calyrex|Protect\n|move|p2a: Toxapex|Wide Guard|p2a: Toxapex\n|-singleturn|p2a: Toxapex|Wide Guard\n|move|p2b: Lugia|Calm Mind|p2b: Lugia\n|-boost|p2b: Lugia|spa|1\n|-boost|p2b: Lugia|spd|1\n|move|p1a: Incineroar|Parting Shot|p2b: Lugia\n|-unboost|p2b: Lugia|atk|1\n|-unboost|p2b: Lugia|spa|1\n|\n|t:|1740067366\n|switch|p1a: Ditto|Ditto, L50|100\/100|[from] Parting Shot\n|-transform|p1a: Ditto|p2b: Lugia|[from] ability: Imposter\n|\n|-heal|p2b: Lugia|50\/100|[from] item: Leftovers\n|upkeep\n|turn|5\n|inactive|Lowpass has 30 seconds left.\n|inactive|Lowpass has 20 seconds left.\n|inactive|Lowpass has 15 seconds left.\n|inactive|Lowpass has 10 seconds left.\n|inactive|Lowpass has 5 seconds left.\n|\n|t:|1740067418\n|move|p2a: Toxapex|Wide Guard|p2a: Toxapex\n|-singleturn|p2a: Toxapex|Wide Guard\n|move|p1b: Calyrex|Nasty Plot|p1b: Calyrex\n|-boost|p1b: Calyrex|spa|2\n|move|p2b: Lugia|Recover|p2b: Lugia\n|-heal|p2b: Lugia|100\/100\n|move|p1a: Ditto|Earth Power|p2a: Toxapex\n|-supereffective|p2a: Toxapex\n|-damage|p2a: Toxapex|19\/100\n|\n|upkeep\n|turn|6\n|\n|t:|1740067435\n|move|p1b: Calyrex|Tera Blast|p2a: Toxapex|[anim] Tera Blast Water\n|-resisted|p2a: Toxapex\n|-damage|p2a: Toxapex|0 fnt\n|faint|p2a: Toxapex\n|-ability|p1b: Calyrex|Grim Neigh|boost\n|-boost|p1b: Calyrex|spa|1\n|move|p2b: Lugia|Aeroblast|p1b: Calyrex\n|-damage|p1b: Calyrex|68\/100\n|move|p1a: Ditto|Aeroblast|p2b: Lugia\n|-damage|p2b: Lugia|93\/100\n|\n|-heal|p2b: Lugia|99\/100|[from] item: Leftovers\n|upkeep\n|inactive|Lowpass has 30 seconds left.\n|inactive|Lowpass has 20 seconds left.\n|inactive|Lowpass has 15 seconds left.\n|-message|Lowpass forfeited.\n|\n|win|elvegis1\n|raw|elvegis1's rating: 1625 &rarr; <strong>1643<\/strong><br \/>(+18 for winning)\n|raw|Lowpass's rating: 1587 &rarr; <strong>1569<\/strong><br \/>(-18 for losing)\n|l|\u2606elvegis1\n|player|p1|\n|l|\u2606Lowpass\n|player|p2|\n","uploadtime":1740067638,"views":8,"formatid":"gen9vgc2025regg","rating":1569,"private":0,"password":null}