{"id":"gen9vgc2025regg-2304779370","format":"[Gen 9] VGC 2025 Reg G","players":["Hikawari","Terry kloak"],"log":"|j|\u2606Hikawari\n|j|\u2606Terry kloak\n|t:|1740097627\n|gametype|doubles\n|player|p1|Hikawari|1|1621\n|player|p2|Terry kloak|2|1567\n|teamsize|p1|6\n|teamsize|p2|6\n|gen|9\n|tier|[Gen 9] VGC 2025 Reg G\n|rated|\n|rule|Species Clause: Limit one of each Pok\u00e9mon\n|rule|Item Clause: Limit 1 of each item\n|clearpoke\n|poke|p1|Zamazenta-*, L50|\n|poke|p1|Chi-Yu, L50|\n|poke|p1|Rillaboom, L50, F|\n|poke|p1|Flutter Mane, L50|\n|poke|p1|Chien-Pao, L50|\n|poke|p1|Amoonguss, L50, F|\n|poke|p2|Zacian-*, L50|\n|poke|p2|Whimsicott, L50, F|\n|poke|p2|Milotic, L50, F|\n|poke|p2|Raging Bolt, L50|\n|poke|p2|Landorus, L50, M|\n|poke|p2|Incineroar, L50, M|\n|teampreview|4\n|inactive|Battle timer is ON: inactive players will automatically lose when time's up. (requested by Hikawari)\nTerry kloak has agreed to open team sheets.\n|inactive|Terry kloak has 60 seconds left.\n|\n|t:|1740097664\n|start\n|switch|p1a: Zamazenta|Zamazenta-Crowned, L50|100\/100\n|switch|p1b: Chi-Yu|Chi-Yu, L50|100\/100\n|switch|p2a: Landorus|Landorus, L50, M|100\/100\n|switch|p2b: Incineroar|Incineroar, L50, M|100\/100\n|-ability|p1b: Chi-Yu|Beads of Ruin\n|-ability|p1a: Zamazenta|Dauntless Shield|boost\n|-boost|p1a: Zamazenta|def|1\n|-ability|p2b: Incineroar|Intimidate|boost\n|-unboost|p1a: Zamazenta|atk|1\n|-unboost|p1b: Chi-Yu|atk|1\n|turn|1\n|\n|t:|1740097682\n|move|p1a: Zamazenta|Protect|p1a: Zamazenta\n|-singleturn|p1a: Zamazenta|Protect\n|move|p2b: Incineroar|Fake Out|p1a: Zamazenta\n|-activate|p1a: Zamazenta|move: Protect\n|move|p2a: Landorus|Earth Power|p1b: Chi-Yu\n|-supereffective|p1b: Chi-Yu\n|-damage|p1b: Chi-Yu|0 fnt\n|faint|p1b: Chi-Yu\n|\n|upkeep\n|\n|t:|1740097690\n|switch|p1b: Chien-Pao|Chien-Pao, L50|100\/100\n|-ability|p1b: Chien-Pao|Sword of Ruin\n|turn|2\n|\n|t:|1740097705\n|switch|p2a: Milotic|Milotic, L50, F|100\/100\n|-terastallize|p1a: Zamazenta|Dragon\n|-terastallize|p2b: Incineroar|Ghost\n|move|p1b: Chien-Pao|Icicle Crash|p2a: Milotic\n|-resisted|p2a: Milotic\n|-damage|p2a: Milotic|71\/100\n|move|p1a: Zamazenta|Body Press|p2b: Incineroar\n|-immune|p2b: Incineroar\n|move|p2b: Incineroar|Parting Shot|p1b: Chien-Pao\n|-unboost|p1b: Chien-Pao|atk|1\n|-unboost|p1b: Chien-Pao|spa|1\n|\n|t:|1740097719\n|switch|p2b: Landorus|Landorus, L50, M|100\/100|[from] Parting Shot\n|\n|-heal|p2a: Milotic|78\/100|[from] item: Leftovers\n|upkeep\n|turn|3\n|\n|t:|1740097726\n|switch|p2b: Incineroar|Incineroar, L50, M, tera:Ghost|100\/100\n|-ability|p2b: Incineroar|Intimidate|boost\n|-unboost|p1a: Zamazenta|atk|1\n|-unboost|p1b: Chien-Pao|atk|1\n|move|p1b: Chien-Pao|Icicle Crash|p2b: Incineroar\n|-damage|p2b: Incineroar|70\/100\n|move|p1a: Zamazenta|Body Press|p2a: Milotic\n|-damage|p2a: Milotic|0 fnt\n|faint|p2a: Milotic\n|\n|upkeep\n|\n|t:|1740097738\n|switch|p2a: Zacian|Zacian-Crowned, L50|100\/100\n|-ability|p2a: Zacian|Intrepid Sword|boost\n|-boost|p2a: Zacian|atk|1\n|turn|4\n|\n|t:|1740097755\n|switch|p1b: Amoonguss|Amoonguss, L50, F|100\/100\n|move|p1a: Zamazenta|Protect|p1a: Zamazenta\n|-singleturn|p1a: Zamazenta|Protect\n|move|p2b: Incineroar|Fake Out|p1a: Zamazenta\n|-activate|p1a: Zamazenta|move: Protect\n|move|p2a: Zacian|Behemoth Blade|p1b: Amoonguss\n|-damage|p1b: Amoonguss|43\/100\n|-damage|p2a: Zacian|84\/100|[from] item: Rocky Helmet|[of] p1b: Amoonguss\n|\n|upkeep\n|turn|5\n|\n|t:|1740097772\n|move|p2a: Zacian|Protect|p2a: Zacian\n|-singleturn|p2a: Zacian|Protect\n|move|p1b: Amoonguss|Protect|p1b: Amoonguss\n|-singleturn|p1b: Amoonguss|Protect\n|move|p1a: Zamazenta|Body Press|p2a: Zacian\n|-activate|p2a: Zacian|move: Protect\n|move|p2b: Incineroar|Flare Blitz|p1b: Amoonguss\n|-activate|p1b: Amoonguss|move: Protect\n|\n|upkeep\n|turn|6\n|\n|t:|1740097790\n|switch|p2a: Landorus|Landorus, L50, M|100\/100\n|move|p1b: Amoonguss|Rage Powder|p1b: Amoonguss\n|-singleturn|p1b: Amoonguss|move: Rage Powder\n|move|p1a: Zamazenta|Body Press|p2a: Landorus\n|-resisted|p2a: Landorus\n|-damage|p2a: Landorus|58\/100\n|move|p2b: Incineroar|Flare Blitz|p1b: Amoonguss\n|-supereffective|p1b: Amoonguss\n|-damage|p1b: Amoonguss|0 fnt\n|-damage|p2b: Incineroar|53\/100|[from] item: Rocky Helmet|[of] p1b: Amoonguss\n|faint|p1b: Amoonguss\n|-damage|p2b: Incineroar|37\/100|[from] Recoil\n|\n|upkeep\n|\n|t:|1740097797\n|switch|p1b: Chien-Pao|Chien-Pao, L50|100\/100\n|-ability|p1b: Chien-Pao|Sword of Ruin\n|turn|7\n|inactive|Hikawari has 30 seconds left.\n|\n|t:|1740097823\n|move|p2a: Landorus|U-turn|p1b: Chien-Pao\n|-supereffective|p1b: Chien-Pao\n|-damage|p1b: Chien-Pao|50\/100\n|\n|t:|1740097828\n|switch|p2a: Zacian|Zacian-Crowned, L50|84\/100|[from] U-turn\n|move|p1b: Chien-Pao|Throat Chop|p2b: Incineroar\n|-supereffective|p2b: Incineroar\n|-crit|p2b: Incineroar\n|-damage|p2b: Incineroar|0 fnt\n|faint|p2b: Incineroar\n|move|p1a: Zamazenta|Body Press|p2a: Zacian\n|-damage|p2a: Zacian|4\/100\n|\n|upkeep\n|\n|t:|1740097837\n|switch|p2b: Landorus|Landorus, L50, M|58\/100\n|turn|8\n|\n|t:|1740097843\n|move|p2a: Zacian|Protect|p2a: Zacian\n|-singleturn|p2a: Zacian|Protect\n|move|p1b: Chien-Pao|Protect|p1b: Chien-Pao\n|-singleturn|p1b: Chien-Pao|Protect\n|move|p1a: Zamazenta|Protect|p1a: Zamazenta\n|-singleturn|p1a: Zamazenta|Protect\n|move|p2b: Landorus|Sandsear Storm|p1b: Chien-Pao|[spread] \n|-activate|p1a: Zamazenta|move: Protect\n|-activate|p1b: Chien-Pao|move: Protect\n|\n|upkeep\n|turn|9\n|\n|t:|1740097855\n|move|p2a: Zacian|Protect||[still]\n|-fail|p2a: Zacian\n|move|p1a: Zamazenta|Wide Guard|p1a: Zamazenta\n|-singleturn|p1a: Zamazenta|Wide Guard\n|move|p1b: Chien-Pao|Sucker Punch||[still]\n|-fail|p1b: Chien-Pao\n|move|p2b: Landorus|Sandsear Storm|p1a: Zamazenta|[spread] \n|-activate|p1a: Zamazenta|move: Wide Guard\n|-activate|p1b: Chien-Pao|move: Wide Guard\n|\n|upkeep\n|turn|10\n|\n|t:|1740097872\n|move|p1a: Zamazenta|Wide Guard|p1a: Zamazenta\n|-singleturn|p1a: Zamazenta|Wide Guard\n|move|p1b: Chien-Pao|Sucker Punch||[still]\n|-fail|p1b: Chien-Pao\n|move|p2b: Landorus|Sandsear Storm|p1a: Zamazenta|[spread] \n|-activate|p1a: Zamazenta|move: Wide Guard\n|-activate|p1b: Chien-Pao|move: Wide Guard\n|move|p2a: Zacian|Swords Dance|p2a: Zacian\n|-boost|p2a: Zacian|atk|2\n|\n|upkeep\n|turn|11\n|\n|t:|1740097887\n|move|p1a: Zamazenta|Wide Guard|p1a: Zamazenta\n|-singleturn|p1a: Zamazenta|Wide Guard\n|move|p1b: Chien-Pao|Sucker Punch|p2a: Zacian\n|-resisted|p2a: Zacian\n|-damage|p2a: Zacian|0 fnt\n|faint|p2a: Zacian\n|move|p2b: Landorus|Sandsear Storm|p1b: Chien-Pao|[spread] \n|-activate|p1a: Zamazenta|move: Wide Guard\n|-activate|p1b: Chien-Pao|move: Wide Guard\n|\n|upkeep\n|turn|12\n|-message|Terry kloak forfeited.\n|\n|win|Hikawari\n|raw|Hikawari's rating: 1621 &rarr; <strong>1638<\/strong><br \/>(+17 for winning)\n|raw|Terry kloak's rating: 1567 &rarr; <strong>1550<\/strong><br \/>(-17 for losing)\n|l|\u2606Terry kloak\n|player|p2|\n|l|\u2606Hikawari\n|player|p1|\n","uploadtime":1740098067,"views":5,"formatid":"gen9vgc2025regg","rating":1550,"private":0,"password":null}