{"id":"gen9vgc2025regg-2304554696","format":"[Gen 9] VGC 2025 Reg G","players":["xatseye","helio list"],"log":"|j|\u2606xatseye\n|j|\u2606helio list\n|t:|1740073290\n|gametype|doubles\n|player|p1|xatseye|unknown|1700\n|player|p2|helio list|pokemonbreederf|1756\n|teamsize|p1|6\n|teamsize|p2|6\n|gen|9\n|tier|[Gen 9] VGC 2025 Reg G\n|rated|\n|rule|Species Clause: Limit one of each Pok\u00e9mon\n|rule|Item Clause: Limit 1 of each item\n|clearpoke\n|poke|p1|Miraidon, L50|\n|poke|p1|Incineroar, L50, M|\n|poke|p1|Oranguru, L50, F|\n|poke|p1|Clefairy, L50, M|\n|poke|p1|Baxcalibur, L50, F|\n|poke|p1|Whimsicott, L50, M|\n|poke|p2|Calyrex-Shadow, L50|\n|poke|p2|Clefairy, L50, M|\n|poke|p2|Rillaboom, L50, M|\n|poke|p2|Urshifu-*, L50, F|\n|poke|p2|Tornadus, L50, M|\n|poke|p2|Chi-Yu, L50|\n|teampreview|4\n|inactive|Battle timer is ON: inactive players will automatically lose when time's up. (requested by helio list)\n|inactive|xatseye also wants the timer to be on.\n|inactive|helio list has 60 seconds left.\n|\n|t:|1740073326\n|start\n|switch|p1a: Miraidon|Miraidon, L50|100\/100\n|switch|p1b: Oranguru|Oranguru, L50, F|100\/100\n|switch|p2a: Calyrex|Calyrex-Shadow, L50|100\/100\n|switch|p2b: Rillaboom|Rillaboom, L50, M|100\/100\n|-ability|p2a: Calyrex|As One\n|-ability|p2a: Calyrex|Unnerve\n|-fieldstart|move: Electric Terrain|[from] ability: Hadron Engine|[of] p1a: Miraidon\n|-enditem|p1a: Miraidon|Electric Seed\n|-boost|p1a: Miraidon|def|1|[from] item: Electric Seed\n|-activate|p1b: Oranguru|ability: Symbiosis|Covert Cloak|[of] p1a: Miraidon\n|-fieldstart|move: Grassy Terrain|[from] ability: Grassy Surge|[of] p2b: Rillaboom\n|turn|1\n|\n|t:|1740073346\n|-terastallize|p2a: Calyrex|Dark\n|move|p2b: Rillaboom|Fake Out|p1a: Miraidon\n|-damage|p1a: Miraidon|94\/100\n|move|p2a: Calyrex|Nasty Plot|p2a: Calyrex\n|-boost|p2a: Calyrex|spa|2\n|move|p1a: Miraidon|Calm Mind|p1a: Miraidon\n|-boost|p1a: Miraidon|spa|1\n|-boost|p1a: Miraidon|spd|1\n|move|p1b: Oranguru|Instruct|p1a: Miraidon\n|-singleturn|p1a: Miraidon|move: Instruct|[of] p1b: Oranguru\n|move|p1a: Miraidon|Calm Mind|p1a: Miraidon\n|-boost|p1a: Miraidon|spa|1\n|-boost|p1a: Miraidon|spd|1\n|\n|-heal|p1a: Miraidon|99\/100|[from] Grassy Terrain\n|upkeep\n|turn|2\n|\n|t:|1740073367\n|move|p2a: Calyrex|Protect|p2a: Calyrex\n|-singleturn|p2a: Calyrex|Protect\n|move|p1a: Miraidon|Parabolic Charge|p2b: Rillaboom|[spread] p1b,p2b\n|-activate|p2a: Calyrex|move: Protect\n|-resisted|p2b: Rillaboom\n|-damage|p1b: Oranguru|65\/100\n|-heal|p1a: Miraidon|100\/100|[from] drain|[of] p1b: Oranguru\n|-damage|p2b: Rillaboom|86\/100\n|move|p2b: Rillaboom|U-turn|p1b: Oranguru\n|-supereffective|p1b: Oranguru\n|-damage|p1b: Oranguru|26\/100\n|\n|t:|1740073379\n|switch|p2b: Clefairy|Clefairy, L50, M|100\/100|[from] U-turn\n|move|p1b: Oranguru|Instruct|p1a: Miraidon\n|-singleturn|p1a: Miraidon|move: Instruct|[of] p1b: Oranguru\n|move|p1a: Miraidon|Parabolic Charge|p2a: Calyrex|[spread] p1b,p2b\n|-activate|p2a: Calyrex|move: Protect\n|-crit|p1b: Oranguru\n|-damage|p1b: Oranguru|0 fnt\n|-damage|p2b: Clefairy|59\/100\n|faint|p1b: Oranguru\n|\n|-heal|p2b: Clefairy|65\/100|[from] Grassy Terrain\n|upkeep\n|j| 413XP\n|\n|t:|1740073391\n|switch|p1b: Incineroar|Incineroar, L50, M|100\/100\n|-ability|p1b: Incineroar|Intimidate|boost\n|-unboost|p2a: Calyrex|atk|1\n|-unboost|p2b: Clefairy|atk|1\n|turn|3\n|\n|t:|1740073402\n|move|p2a: Calyrex|Protect||[still]\n|-fail|p2a: Calyrex\n|move|p2b: Clefairy|Protect|p2b: Clefairy\n|-singleturn|p2b: Clefairy|Protect\n|move|p1b: Incineroar|Fake Out|p2a: Calyrex\n|-damage|p2a: Calyrex|92\/100\n|move|p1a: Miraidon|Calm Mind|p1a: Miraidon\n|-boost|p1a: Miraidon|spa|1\n|-boost|p1a: Miraidon|spd|1\n|\n|-heal|p2a: Calyrex|98\/100|[from] Grassy Terrain\n|-heal|p2b: Clefairy|72\/100|[from] Grassy Terrain\n|upkeep\n|turn|4\n|inactive|xatseye has 30 seconds left.\n|\n|t:|1740073430\n|move|p2b: Clefairy|Helping Hand|p2a: Calyrex\n|-singleturn|p2a: Calyrex|Helping Hand|[of] p2b: Clefairy\n|move|p2a: Calyrex|Astral Barrage|p1b: Incineroar|[spread] p1a,p1b\n|-resisted|p1b: Incineroar\n|-damage|p1a: Miraidon|36\/100\n|-damage|p1b: Incineroar|15\/100\n|-damage|p2a: Calyrex|89\/100|[from] item: Life Orb\n|move|p1a: Miraidon|Parabolic Charge|p2b: Clefairy|[spread] p1b,p2a,p2b\n|-damage|p1b: Incineroar|0 fnt\n|-heal|p1a: Miraidon|44\/100|[from] drain|[of] p1b: Incineroar\n|-damage|p2a: Calyrex|42\/100\n|-heal|p1a: Miraidon|65\/100|[from] drain|[of] p2a: Calyrex\n|-damage|p2b: Clefairy|18\/100\n|-heal|p1a: Miraidon|88\/100|[from] drain|[of] p2b: Clefairy\n|faint|p1b: Incineroar\n|\n|-heal|p2a: Calyrex|49\/100|[from] Grassy Terrain\n|-heal|p1a: Miraidon|94\/100|[from] Grassy Terrain\n|-heal|p2b: Clefairy|24\/100|[from] Grassy Terrain\n|upkeep\n|\n|t:|1740073449\n|switch|p1b: Whimsicott|Whimsicott, L50, M|100\/100\n|turn|5\n|\n|t:|1740073459\n|move|p2b: Clefairy|Helping Hand|p2a: Calyrex\n|-singleturn|p2a: Calyrex|Helping Hand|[of] p2b: Clefairy\n|move|p1b: Whimsicott|Tailwind|p1b: Whimsicott\n|-sidestart|p1: xatseye|move: Tailwind\n|move|p1a: Miraidon|Calm Mind|p1a: Miraidon\n|-boost|p1a: Miraidon|spa|1\n|-boost|p1a: Miraidon|spd|1\n|move|p2a: Calyrex|Astral Barrage|p1b: Whimsicott|[spread] p1a,p1b\n|-crit|p1a: Miraidon\n|-damage|p1a: Miraidon|0 fnt\n|-enditem|p1b: Whimsicott|Focus Sash\n|-damage|p1b: Whimsicott|1\/100\n|faint|p1a: Miraidon\n|-ability|p2a: Calyrex|Grim Neigh|boost\n|-boost|p2a: Calyrex|spa|1\n|-damage|p2a: Calyrex|39\/100|[from] item: Life Orb\n|\n|-heal|p1b: Whimsicott|7\/100|[from] Grassy Terrain\n|-heal|p2a: Calyrex|45\/100|[from] Grassy Terrain\n|-heal|p2b: Clefairy|31\/100|[from] Grassy Terrain\n|-fieldend|move: Grassy Terrain\n|upkeep\n|turn|6\n|-message|xatseye forfeited.\n|\n|win|helio list\n|raw|xatseye's rating: 1700 &rarr; <strong>1683<\/strong><br \/>(-17 for losing)\n|raw|helio list's rating: 1756 &rarr; <strong>1773<\/strong><br \/>(+17 for winning)\n|l|\u2606xatseye\n|player|p1|\n|l|\u2606helio list\n|player|p2|\n","uploadtime":1740073680,"views":9,"formatid":"gen9vgc2025regg","rating":1683,"private":0,"password":null}