{"id":"gen9vgc2025regg-2304729277","format":"[Gen 9] VGC 2025 Reg G","players":["PictoChatVGC","blapzzz"],"log":"|j|\u2606PictoChatVGC\n|j|\u2606blapzzz\n|t:|1740091382\n|gametype|doubles\n|player|p1|PictoChatVGC|skier|1523\n|player|p2|blapzzz|erika|1548\n|teamsize|p1|6\n|teamsize|p2|6\n|gen|9\n|tier|[Gen 9] VGC 2025 Reg G\n|rated|\n|rule|Species Clause: Limit one of each Pok\u00e9mon\n|rule|Item Clause: Limit 1 of each item\n|clearpoke\n|poke|p1|Calyrex-Ice, L50|\n|poke|p1|Landorus, L50, M|\n|poke|p1|Ogerpon-Cornerstone, L50, F|\n|poke|p1|Pelipper, L50, F|\n|poke|p1|Raging Bolt, L50|\n|poke|p1|Urshifu-*, L50, F|\n|poke|p2|Farigiraf, L50, M|\n|poke|p2|Regieleki, L50|\n|poke|p2|Landorus, L50, M|\n|poke|p2|Ogerpon-Cornerstone, L50, F|\n|poke|p2|Urshifu-*, L50, M|\n|poke|p2|Calyrex-Ice, L50|\n|teampreview|4\n|\n|t:|1740091437\n|start\n|switch|p1a: Landorus|Landorus, L50, M|100\/100\n|switch|p1b: Ogerpon|Ogerpon-Cornerstone, L50, F|100\/100\n|switch|p2a: Regieleki|Regieleki, L50|100\/100\n|switch|p2b: Calyrex|Calyrex-Ice, L50|100\/100\n|-ability|p2b: Calyrex|As One\n|-ability|p2b: Calyrex|Unnerve\n|turn|1\n|\n|t:|1740091468\n|-terastallize|p2b: Calyrex|Water\n|move|p1b: Ogerpon|Spiky Shield|p1b: Ogerpon\n|-singleturn|p1b: Ogerpon|move: Protect\n|move|p2a: Regieleki|Electroweb|p1b: Ogerpon|[spread] \n|-activate|p1b: Ogerpon|move: Protect\n|-immune|p1a: Landorus\n|move|p1a: Landorus|Sandsear Storm|p2b: Calyrex|[spread] p2b\n|-miss|p1a: Landorus|p2a: Regieleki\n|-damage|p2b: Calyrex|63\/100\n|move|p2b: Calyrex|Glacial Lance|p1a: Landorus|[spread] p1a\n|-activate|p1b: Ogerpon|move: Protect\n|-supereffective|p1a: Landorus\n|-damage|p1a: Landorus|0 fnt\n|faint|p1a: Landorus\n|-ability|p2b: Calyrex|Chilling Neigh|boost\n|-boost|p2b: Calyrex|atk|1\n|\n|upkeep\n|\n|t:|1740091485\n|switch|p1a: Urshifu|Urshifu, L50, F|100\/100\n|turn|2\n|j| surgevgc\n|\n|t:|1740091558\n|move|p2a: Regieleki|Electroweb|p1a: Urshifu|[spread] p1a,p1b\n|-resisted|p1b: Ogerpon\n|-damage|p1a: Urshifu|64\/100\n|-damage|p1b: Ogerpon|85\/100\n|-unboost|p1a: Urshifu|spe|1\n|-unboost|p1b: Ogerpon|spe|1\n|move|p1b: Ogerpon|Wood Hammer|p2b: Calyrex\n|-supereffective|p2b: Calyrex\n|-damage|p2b: Calyrex|0 fnt\n|faint|p2b: Calyrex\n|-damage|p1b: Ogerpon|59\/100|[from] Recoil\n|move|p1a: Urshifu|Wicked Blow|p2a: Regieleki\n|-crit|p2a: Regieleki\n|-enditem|p2a: Regieleki|Focus Sash\n|-damage|p2a: Regieleki|1\/100\n|\n|upkeep\n|l| surgevgc\n|\n|t:|1740091577\n|switch|p2b: Ogerpon|Ogerpon-Cornerstone, L50, F|100\/100\n|turn|3\n|\n|t:|1740091631\n|switch|p2b: Farigiraf|Farigiraf, L50, M|100\/100\n|move|p1a: Urshifu|Sucker Punch||[still]\n|cant|p2b: Farigiraf|ability: Armor Tail|Sucker Punch|[of] p1a: Urshifu\n|move|p2a: Regieleki|Thunderbolt|p1a: Urshifu\n|-damage|p1a: Urshifu|0 fnt\n|faint|p1a: Urshifu\n|move|p1b: Ogerpon|Ivy Cudgel|p2b: Farigiraf|[anim] Ivy Cudgel Rock\n|-damage|p2b: Farigiraf|41\/100\n|\n|upkeep\n|\n|t:|1740091641\n|switch|p1a: Calyrex|Calyrex-Ice, L50|100\/100\n|-ability|p1a: Calyrex|As One\n|-ability|p1a: Calyrex|Unnerve\n|turn|4\n|\n|t:|1740091705\n|move|p1b: Ogerpon|Spiky Shield|p1b: Ogerpon\n|-singleturn|p1b: Ogerpon|move: Protect\n|move|p2a: Regieleki|Electroweb|p1b: Ogerpon|[spread] p1a\n|-activate|p1b: Ogerpon|move: Protect\n|-damage|p1a: Calyrex|83\/100\n|move|p2b: Farigiraf|Psychic|p1b: Ogerpon\n|-activate|p1b: Ogerpon|move: Protect\n|move|p1a: Calyrex|Glacial Lance|p2a: Regieleki|[spread] p2a,p2b\n|-damage|p2a: Regieleki|0 fnt\n|-damage|p2b: Farigiraf|0 fnt\n|faint|p2a: Regieleki\n|faint|p2b: Farigiraf\n|-ability|p1a: Calyrex|Chilling Neigh|boost\n|-boost|p1a: Calyrex|atk|2\n|\n|upkeep\n|\n|t:|1740091730\n|switch|p2b: Ogerpon|Ogerpon-Cornerstone, L50, F|100\/100\n|turn|5\n|\n|t:|1740091738\n|move|p1b: Ogerpon|Follow Me|p1b: Ogerpon\n|-singleturn|p1b: Ogerpon|move: Follow Me\n|move|p2b: Ogerpon|Power Whip|p1b: Ogerpon|[miss]\n|-miss|p2b: Ogerpon|p1b: Ogerpon\n|move|p1a: Calyrex|Glacial Lance|p2b: Ogerpon\n|-supereffective|p2b: Ogerpon\n|-ability|p2b: Ogerpon|Sturdy\n|-damage|p2b: Ogerpon|1\/100\n|\n|upkeep\n|turn|6\n|\n|t:|1740091759\n|move|p1b: Ogerpon|Follow Me|p1b: Ogerpon\n|-singleturn|p1b: Ogerpon|move: Follow Me\n|move|p2b: Ogerpon|Ivy Cudgel|p1b: Ogerpon|[anim] Ivy Cudgel Rock\n|-damage|p1b: Ogerpon|0 fnt\n|faint|p1b: Ogerpon\n|move|p1a: Calyrex|Glacial Lance|p2b: Ogerpon\n|-supereffective|p2b: Ogerpon\n|-damage|p2b: Ogerpon|0 fnt\n|faint|p2b: Ogerpon\n|\n|win|PictoChatVGC\n|raw|PictoChatVGC's rating: 1523 &rarr; <strong>1544<\/strong><br \/>(+21 for winning)\n|raw|blapzzz's rating: 1548 &rarr; <strong>1527<\/strong><br \/>(-21 for losing)\n","uploadtime":1740091773,"views":13,"formatid":"gen9vgc2025regg","rating":1527,"private":0,"password":null}