{"id":"gen9vgc2025regg-2304057832","format":"[Gen 9] VGC 2025 Reg G","players":["Daleg","Iamsliverfish"],"log":"|j|\u2606Daleg\n|j|\u2606Iamsliverfish\n|t:|1740003082\n|gametype|doubles\n|player|p1|Daleg|170|1772\n|player|p2|Iamsliverfish|rood|1754\n|teamsize|p1|6\n|teamsize|p2|6\n|gen|9\n|tier|[Gen 9] VGC 2025 Reg G\n|rated|\n|rule|Species Clause: Limit one of each Pok\u00e9mon\n|rule|Item Clause: Limit 1 of each item\n|clearpoke\n|poke|p1|Zamazenta-*, L50|\n|poke|p1|Amoonguss, L50, M|\n|poke|p1|Chien-Pao, L50|\n|poke|p1|Flutter Mane, L50|\n|poke|p1|Rillaboom, L50, M|\n|poke|p1|Dragonite, L50, F|\n|poke|p2|Calyrex-Shadow, L50|\n|poke|p2|Ursaluna, L50, F|\n|poke|p2|Indeedee-F, L50, F|\n|poke|p2|Ogerpon-Wellspring, L50, F|\n|poke|p2|Tornadus, L50, M|\n|poke|p2|Chi-Yu, L50|\n|teampreview|4\n|\n|t:|1740003110\n|start\n|switch|p1a: Chien-Pao|Chien-Pao, L50|100\/100\n|switch|p1b: Zamazenta|Zamazenta-Crowned, L50|100\/100\n|switch|p2a: Tornadus|Tornadus, L50, M|100\/100\n|switch|p2b: Chi-Yu|Chi-Yu, L50|100\/100\n|-ability|p2b: Chi-Yu|Beads of Ruin\n|-ability|p1a: Chien-Pao|Sword of Ruin\n|-ability|p1b: Zamazenta|Dauntless Shield|boost\n|-boost|p1b: Zamazenta|def|1\n|turn|1\n|\n|t:|1740003148\n|switch|p1b: Dragonite|Dragonite, L50, F|100\/100\n|move|p1a: Chien-Pao|Protect|p1a: Chien-Pao\n|-singleturn|p1a: Chien-Pao|Protect\n|move|p2a: Tornadus|Taunt|p1b: Dragonite\n|-start|p1b: Dragonite|move: Taunt\n|move|p2b: Chi-Yu|Heat Wave|p1b: Dragonite|[spread] p1b\n|-activate|p1a: Chien-Pao|move: Protect\n|-resisted|p1b: Dragonite\n|-damage|p1b: Dragonite|76\/100\n|\n|upkeep\n|turn|2\n|inactive|Battle timer is ON: inactive players will automatically lose when time's up. (requested by Daleg)\n|\n|t:|1740003169\n|switch|p2a: Indeedee|Indeedee-F, L50, F|100\/100\n|-fieldstart|move: Psychic Terrain|[from] ability: Psychic Surge|[of] p2a: Indeedee\n|move|p1b: Dragonite|Extreme Speed|p2b: Chi-Yu\n|-activate|p2b: Chi-Yu|move: Psychic Terrain\n|move|p2b: Chi-Yu|Heat Wave|p1a: Chien-Pao|[spread] p1a,p1b\n|-supereffective|p1a: Chien-Pao\n|-resisted|p1b: Dragonite\n|-enditem|p1a: Chien-Pao|Focus Sash\n|-damage|p1a: Chien-Pao|1\/100\n|-damage|p1b: Dragonite|53\/100\n|move|p1a: Chien-Pao|Icicle Crash|p2a: Indeedee\n|-damage|p2a: Indeedee|44\/100\n|\n|upkeep\n|turn|3\n|\n|t:|1740003194\n|switch|p1b: Rillaboom|Rillaboom, L50, M|100\/100\n|-fieldstart|move: Grassy Terrain|[from] ability: Grassy Surge|[of] p1b: Rillaboom\n|move|p1a: Chien-Pao|Protect|p1a: Chien-Pao\n|-singleturn|p1a: Chien-Pao|Protect\n|move|p2b: Chi-Yu|Heat Wave|p1b: Rillaboom|[spread] p1b\n|-activate|p1a: Chien-Pao|move: Protect\n|-supereffective|p1b: Rillaboom\n|-damage|p1b: Rillaboom|25\/100\n|move|p2a: Indeedee|Alluring Voice|p1b: Rillaboom\n|-damage|p1b: Rillaboom|8\/100\n|\n|-heal|p1a: Chien-Pao|7\/100|[from] Grassy Terrain\n|-heal|p1b: Rillaboom|14\/100|[from] Grassy Terrain\n|-heal|p2a: Indeedee|50\/100|[from] Grassy Terrain\n|upkeep\n|turn|4\n|inactive|Daleg has 30 seconds left.\n|\n|t:|1740003220\n|switch|p2b: Tornadus|Tornadus, L50, M|100\/100\n|move|p1b: Rillaboom|Fake Out|p2b: Tornadus\n|-damage|p2b: Tornadus|79\/100\n|move|p1a: Chien-Pao|Throat Chop|p2a: Indeedee\n|-supereffective|p2a: Indeedee\n|-crit|p2a: Indeedee\n|-damage|p2a: Indeedee|0 fnt\n|faint|p2a: Indeedee\n|\n|-heal|p1a: Chien-Pao|13\/100|[from] Grassy Terrain\n|-heal|p1b: Rillaboom|19\/100|[from] Grassy Terrain\n|upkeep\n|\n|t:|1740003222\n|switch|p2a: Chi-Yu|Chi-Yu, L50|100\/100\n|-ability|p2a: Chi-Yu|Beads of Ruin\n|turn|5\n|inactive|Daleg has 30 seconds left.\n|inactive|Daleg has 20 seconds left.\n|inactive|Daleg has 15 seconds left.\n|\n|t:|1740003264\n|switch|p1b: Dragonite|Dragonite, L50, F|53\/100\n|move|p1a: Chien-Pao|Protect|p1a: Chien-Pao\n|-singleturn|p1a: Chien-Pao|Protect\n|move|p2b: Tornadus|Tailwind|p2b: Tornadus\n|-sidestart|p2: Iamsliverfish|move: Tailwind\n|move|p2a: Chi-Yu|Heat Wave|p1a: Chien-Pao|[spread] \n|-activate|p1a: Chien-Pao|move: Protect\n|-miss|p2a: Chi-Yu|p1b: Dragonite\n|\n|-heal|p1a: Chien-Pao|19\/100|[from] Grassy Terrain\n|upkeep\n|turn|6\n|inactive|Daleg has 30 seconds left.\n|\n|t:|1740003297\n|-terastallize|p2a: Chi-Yu|Ghost\n|-terastallize|p1b: Dragonite|Normal\n|move|p1b: Dragonite|Extreme Speed|p2b: Tornadus\n|-damage|p2b: Tornadus|0 fnt\n|faint|p2b: Tornadus\n|move|p1a: Chien-Pao|Sucker Punch|p2a: Chi-Yu\n|-supereffective|p2a: Chi-Yu\n|-damage|p2a: Chi-Yu|0 fnt\n|faint|p2a: Chi-Yu\n|\n|-heal|p1a: Chien-Pao|24\/100|[from] Grassy Terrain\n|-heal|p1b: Dragonite|59\/100|[from] Grassy Terrain\n|upkeep\n|-message|Iamsliverfish forfeited.\n|\n|win|Daleg\n|raw|Daleg's rating: 1772 &rarr; <strong>1792<\/strong><br \/>(+20 for winning)\n|raw|Iamsliverfish's rating: 1768 &rarr; <strong>1748<\/strong><br \/>(-20 for losing)\n|l|\u2606Iamsliverfish\n|player|p2|\n|c|\u2606Daleg|Called it\n|l|\u2606Daleg\n|player|p1|\n","uploadtime":1740003481,"views":27,"formatid":"gen9vgc2025regg","rating":1748,"private":0,"password":null}