{"id":"gen9vgc2025regg-2304086783","format":"[Gen 9] VGC 2025 Reg G","players":["lamequteck","WHOTFISRYANPOWNEY"],"log":"|j|\u2606lamequteck\n|j|\u2606WHOTFISRYANPOWNEY\n|t:|1740006447\n|gametype|doubles\n|player|p1|lamequteck|2|1615\n|player|p2|WHOTFISRYANPOWNEY|pokemonranger-gen4|1565\n|teamsize|p1|6\n|teamsize|p2|6\n|gen|9\n|tier|[Gen 9] VGC 2025 Reg G\n|rated|\n|rule|Species Clause: Limit one of each Pok\u00e9mon\n|rule|Item Clause: Limit 1 of each item\n|clearpoke\n|poke|p1|Calyrex-Shadow, L50|\n|poke|p1|Urshifu-*, L50, M|\n|poke|p1|Incineroar, L50, M|\n|poke|p1|Rillaboom, L50, F|\n|poke|p1|Amoonguss, L50, M|\n|poke|p1|Raging Bolt, L50|\n|poke|p2|Urshifu-*, L50, M|\n|poke|p2|Calyrex-Ice, L50|\n|poke|p2|Smeargle, L50, F|\n|poke|p2|Ogerpon-Hearthflame, L50, F|\n|poke|p2|Indeedee-F, L50, F|\n|poke|p2|Ursaluna-Bloodmoon, L50, M|\n|teampreview|4\nlamequteck has agreed to open team sheets.\n|inactive|Battle timer is ON: inactive players will automatically lose when time's up. (requested by lamequteck)\nWHOTFISRYANPOWNEY rejected open team sheets.\n|inactive|lamequteck has 60 seconds left.\n|inactive|lamequteck has 30 seconds left.\n|inactive|lamequteck has 20 seconds left.\n|\n|t:|1740006525\n|start\n|switch|p1a: Urshifu|Urshifu-Rapid-Strike, L50, M|100\/100\n|switch|p1b: Amoonguss|Amoonguss, L50, M|100\/100\n|switch|p2a: Smeargle|Smeargle, L50, F|100\/100\n|switch|p2b: Calyrex|Calyrex-Ice, L50|100\/100\n|-ability|p2b: Calyrex|As One\n|-ability|p2b: Calyrex|Unnerve\n|turn|1\n|\n|t:|1740006542\n|-terastallize|p2b: Calyrex|Water\n|-terastallize|p1b: Amoonguss|Water\n|move|p1b: Amoonguss|Rage Powder|p1b: Amoonguss\n|-singleturn|p1b: Amoonguss|move: Rage Powder\n|move|p1a: Urshifu|Surging Strikes|p2a: Smeargle\n|-crit|p2a: Smeargle\n|-damage|p2a: Smeargle|68\/100\n|-crit|p2a: Smeargle\n|-damage|p2a: Smeargle|36\/100\n|-crit|p2a: Smeargle\n|-damage|p2a: Smeargle|6\/100\n|-hitcount|p2a: Smeargle|3\n|move|p2b: Calyrex|Glacial Lance|p1b: Amoonguss|[spread] p1a,p1b\n|-resisted|p1a: Urshifu\n|-resisted|p1b: Amoonguss\n|-damage|p1a: Urshifu|70\/100\n|-damage|p1b: Amoonguss|74\/100\n|move|p2a: Smeargle|Decorate|p1b: Amoonguss\n|-boost|p1b: Amoonguss|atk|2\n|-boost|p1b: Amoonguss|spa|2\n|\n|upkeep\n|turn|2\n|inactive|WHOTFISRYANPOWNEY has 30 seconds left.\n|inactive|WHOTFISRYANPOWNEY has 20 seconds left.\n|inactive|WHOTFISRYANPOWNEY has 15 seconds left.\n|inactive|WHOTFISRYANPOWNEY has 10 seconds left.\n|\n|t:|1740006590\n|move|p1a: Urshifu|Aqua Jet|p2a: Smeargle\n|-damage|p2a: Smeargle|0 fnt\n|faint|p2a: Smeargle\n|move|p2b: Calyrex|Glacial Lance|p1a: Urshifu|[spread] p1a,p1b\n|-resisted|p1a: Urshifu\n|-resisted|p1b: Amoonguss\n|-damage|p1a: Urshifu|41\/100\n|-damage|p1b: Amoonguss|47\/100\n|move|p1b: Amoonguss|Spore|p2b: Calyrex\n|-status|p2b: Calyrex|slp|[from] move: Spore\n|\n|upkeep\n|\n|t:|1740006600\n|switch|p2a: Indeedee|Indeedee-F, L50, F|100\/100\n|-fieldstart|move: Psychic Terrain|[from] ability: Psychic Surge|[of] p2a: Indeedee\n|-enditem|p2a: Indeedee|Psychic Seed\n|-boost|p2a: Indeedee|spd|1|[from] item: Psychic Seed\n|turn|3\n|\n|t:|1740006615\n|move|p1b: Amoonguss|Rage Powder|p1b: Amoonguss\n|-singleturn|p1b: Amoonguss|move: Rage Powder\n|move|p1a: Urshifu|Surging Strikes|p2a: Indeedee\n|-crit|p2a: Indeedee\n|-damage|p2a: Indeedee|80\/100\n|-crit|p2a: Indeedee\n|-damage|p2a: Indeedee|56\/100\n|-crit|p2a: Indeedee\n|-damage|p2a: Indeedee|34\/100\n|-hitcount|p2a: Indeedee|3\n|move|p2a: Indeedee|Heal Pulse|p1b: Amoonguss\n|-heal|p1b: Amoonguss|97\/100\n|cant|p2b: Calyrex|slp\n|\n|upkeep\n|turn|4\n|\n|t:|1740006638\n|move|p2a: Indeedee|Follow Me|p2a: Indeedee\n|-singleturn|p2a: Indeedee|move: Follow Me\n|move|p1a: Urshifu|Surging Strikes|p2a: Indeedee\n|-crit|p2a: Indeedee\n|-damage|p2a: Indeedee|12\/100\n|-crit|p2a: Indeedee\n|-damage|p2a: Indeedee|0 fnt\n|faint|p2a: Indeedee\n|-hitcount|p2: Indeedee|2\n|cant|p2b: Calyrex|slp\n|move|p1b: Amoonguss|Spore|p2b: Calyrex\n|-fail|p2b: Calyrex|slp\n|\n|upkeep\n|\n|t:|1740006648\n|switch|p2a: Ursaluna|Ursaluna-Bloodmoon, L50, M|100\/100\n|turn|5\n|\n|t:|1740006658\n|move|p1a: Urshifu|Surging Strikes|p2a: Ursaluna\n|-supereffective|p2a: Ursaluna\n|-crit|p2a: Ursaluna\n|-damage|p2a: Ursaluna|69\/100\n|-supereffective|p2a: Ursaluna\n|-crit|p2a: Ursaluna\n|-damage|p2a: Ursaluna|38\/100\n|-supereffective|p2a: Ursaluna\n|-crit|p2a: Ursaluna\n|-damage|p2a: Ursaluna|6\/100\n|-hitcount|p2a: Ursaluna|3\n|cant|p2b: Calyrex|slp\n|move|p2a: Ursaluna|Hyper Voice|p1a: Urshifu|[spread] p1a,p1b\n|-crit|p1b: Amoonguss\n|-damage|p1a: Urshifu|0 fnt\n|-damage|p1b: Amoonguss|36\/100\n|faint|p1a: Urshifu\n|-damage|p2a: Ursaluna|0 fnt|[from] item: Life Orb\n|faint|p2a: Ursaluna\n|move|p1b: Amoonguss|Spore|p2b: Calyrex\n|-fail|p2b: Calyrex|slp\n|\n|upkeep\n|\n|t:|1740006675\n|switch|p1a: Incineroar|Incineroar, L50, M|100\/100\n|-ability|p1a: Incineroar|Intimidate|boost\n|-fail|p2b: Calyrex|unboost|[from] item: Clear Amulet|[of] p2b: Calyrex\n|turn|6\n|\n|t:|1740006690\n|-curestatus|p2b: Calyrex|slp|[msg]\n|move|p2b: Calyrex|Protect|p2b: Calyrex\n|-singleturn|p2b: Calyrex|Protect\n|move|p1a: Incineroar|Fake Out|p2b: Calyrex\n|-activate|p2b: Calyrex|move: Psychic Terrain\n|move|p1b: Amoonguss|Spore|p2b: Calyrex\n|-activate|p2b: Calyrex|move: Protect\n|\n|upkeep\n|turn|7\n|\n|t:|1740006699\n|move|p1a: Incineroar|Knock Off|p2b: Calyrex\n|-damage|p2b: Calyrex|78\/100\n|-enditem|p2b: Calyrex|Clear Amulet|[from] move: Knock Off|[of] p1a: Incineroar\n|move|p2b: Calyrex|High Horsepower|p1b: Amoonguss\n|-damage|p1b: Amoonguss|0 fnt\n|faint|p1b: Amoonguss\n|-ability|p2b: Calyrex|Chilling Neigh|boost\n|-boost|p2b: Calyrex|atk|1\n|\n|-fieldend|move: Psychic Terrain\n|upkeep\n|\n|t:|1740006708\n|switch|p1b: Calyrex|Calyrex-Shadow, L50|100\/100\n|-ability|p1b: Calyrex|As One\n|-ability|p1b: Calyrex|Unnerve\n|turn|8\n|\n|t:|1740006722\n|move|p1b: Calyrex|Protect|p1b: Calyrex\n|-singleturn|p1b: Calyrex|Protect\n|move|p1a: Incineroar|Parting Shot|p2b: Calyrex\n|-unboost|p2b: Calyrex|atk|1\n|-unboost|p2b: Calyrex|spa|1\n|move|p2b: Calyrex|Glacial Lance|p1a: Incineroar|[spread] p1a\n|-activate|p1b: Calyrex|move: Protect\n|-resisted|p1a: Incineroar\n|-damage|p1a: Incineroar|73\/100\n|\n|upkeep\n|turn|9\n|-message|WHOTFISRYANPOWNEY forfeited.\n|\n|win|lamequteck\n|raw|lamequteck's rating: 1615 &rarr; <strong>1632<\/strong><br \/>(+17 for winning)\n|raw|WHOTFISRYANPOWNEY's rating: 1565 &rarr; <strong>1548<\/strong><br \/>(-17 for losing)\n|l|\u2606WHOTFISRYANPOWNEY\n|player|p2|\n","uploadtime":1740006898,"views":5,"formatid":"gen9vgc2025regg","rating":1548,"private":0,"password":null}