{"id":"gen9vgc2025regg-2304073269","format":"[Gen 9] VGC 2025 Reg G","players":["dhiaruga101","Pkmn master Di"],"log":"|j|\u2606dhiaruga101\n|j|\u2606Pkmn master Di\n|t:|1740004873\n|gametype|doubles\n|player|p1|dhiaruga101|cynthia-gen4|1515\n|player|p2|Pkmn master Di|265|1573\n|teamsize|p1|6\n|teamsize|p2|6\n|gen|9\n|tier|[Gen 9] VGC 2025 Reg G\n|rated|\n|rule|Species Clause: Limit one of each Pok\u00e9mon\n|rule|Item Clause: Limit 1 of each item\n|clearpoke\n|poke|p1|Miraidon, L50|\n|poke|p1|Farigiraf, L50, M|\n|poke|p1|Iron Hands, L50|\n|poke|p1|Ogerpon-Hearthflame, L50, F|\n|poke|p1|Whimsicott, L50, M|\n|poke|p1|Urshifu-*, L50, M|\n|poke|p2|Zamazenta-*, L50|\n|poke|p2|Ting-Lu, L50|\n|poke|p2|Incineroar, L50, M|\n|poke|p2|Rillaboom, L50, F|\n|poke|p2|Rhydon, L50, M|\n|poke|p2|Comfey, L50, M|\n|teampreview|4\n|inactive|Battle timer is ON: inactive players will automatically lose when time's up. (requested by Pkmn master Di)\nPkmn master Di rejected open team sheets.\n|j| lemonalt\n|inactive|dhiaruga101 has 60 seconds left.\n|inactive|Pkmn master Di has 60 seconds left.\n|\n|t:|1740004926\n|start\n|switch|p1a: Farigiraf|Farigiraf, L50, M, shiny|100\/100\n|switch|p1b: Miraidon|Miraidon, L50|100\/100\n|switch|p2a: Comfey|Comfey, L50, M|100\/100\n|switch|p2b: Ting-Lu|Ting-Lu, L50|100\/100\n|-fieldstart|move: Electric Terrain|[from] ability: Hadron Engine|[of] p1b: Miraidon\n|-enditem|p1a: Farigiraf|Electric Seed\n|-boost|p1a: Farigiraf|def|1|[from] item: Electric Seed\n|-ability|p2b: Ting-Lu|Vessel of Ruin\n|turn|1\n|\n|t:|1740004949\n|switch|p2a: Rhydon|Rhydon, L50, M|100\/100\n|-terastallize|p1b: Miraidon|Fairy\n|move|p1a: Farigiraf|Helping Hand|p1b: Miraidon\n|-singleturn|p1b: Miraidon|Helping Hand|[of] p1a: Farigiraf\n|move|p1b: Miraidon|Dazzling Gleam|p2b: Ting-Lu|[spread] p2a,p2b\n|-supereffective|p2b: Ting-Lu\n|-damage|p2a: Rhydon|26\/100\n|-damage|p2b: Ting-Lu|11\/100\n|move|p2b: Ting-Lu|Snarl|p1b: Miraidon|[spread] p1b\n|-miss|p2b: Ting-Lu|p1a: Farigiraf\n|-resisted|p1b: Miraidon\n|-damage|p1b: Miraidon|97\/100\n|-unboost|p1b: Miraidon|spa|1\n|\n|-heal|p2b: Ting-Lu|17\/100|[from] item: Leftovers\n|upkeep\n|turn|2\n|\n|t:|1740004969\n|switch|p2a: Comfey|Comfey, L50, M|100\/100\n|move|p2b: Ting-Lu|Protect|p2b: Ting-Lu\n|-singleturn|p2b: Ting-Lu|Protect\n|move|p1b: Miraidon|Dazzling Gleam|p2a: Comfey|[spread] p2a\n|-activate|p2b: Ting-Lu|move: Protect\n|-damage|p2a: Comfey|71\/100\n|move|p1a: Farigiraf|Psychic|p2a: Comfey\n|-damage|p2a: Comfey|48\/100\n|\n|-heal|p2b: Ting-Lu|23\/100|[from] item: Leftovers\n|upkeep\n|turn|3\n|\n|t:|1740004983\n|move|p1a: Farigiraf|Helping Hand|p1b: Miraidon\n|-singleturn|p1b: Miraidon|Helping Hand|[of] p1a: Farigiraf\n|move|p2a: Comfey|Floral Healing|p2b: Ting-Lu\n|-heal|p2b: Ting-Lu|73\/100\n|move|p1b: Miraidon|Dazzling Gleam|p2a: Comfey|[spread] p2a,p2b\n|-supereffective|p2b: Ting-Lu\n|-damage|p2a: Comfey|8\/100\n|-damage|p2b: Ting-Lu|14\/100\n|move|p2b: Ting-Lu|Snarl|p1b: Miraidon|[spread] p1a,p1b\n|-supereffective|p1a: Farigiraf\n|-resisted|p1b: Miraidon\n|-damage|p1a: Farigiraf|85\/100\n|-damage|p1b: Miraidon|93\/100\n|-unboost|p1a: Farigiraf|spa|1\n|-unboost|p1b: Miraidon|spa|1\n|\n|-heal|p2b: Ting-Lu|20\/100|[from] item: Leftovers\n|upkeep\n|turn|4\n|\n|t:|1740004999\n|switch|p1b: Ogerpon|Ogerpon-Hearthflame, L50, F|100\/100\n|-ability|p1b: Ogerpon|Mold Breaker\n|move|p2b: Ting-Lu|Protect|p2b: Ting-Lu\n|-singleturn|p2b: Ting-Lu|Protect\n|move|p2a: Comfey|Synthesis|p2a: Comfey\n|-heal|p2a: Comfey|58\/100\n|move|p1a: Farigiraf|Psychic|p2a: Comfey\n|-damage|p2a: Comfey|44\/100\n|\n|-heal|p2b: Ting-Lu|26\/100|[from] item: Leftovers\n|upkeep\n|turn|5\n|\n|t:|1740005019\n|move|p1a: Farigiraf|Helping Hand|p1b: Ogerpon\n|-singleturn|p1b: Ogerpon|Helping Hand|[of] p1a: Farigiraf\n|move|p2a: Comfey|Floral Healing|p2b: Ting-Lu\n|-heal|p2b: Ting-Lu|76\/100\n|move|p1b: Ogerpon|Ivy Cudgel|p2b: Ting-Lu|[anim] Ivy Cudgel Fire\n|-damage|p2b: Ting-Lu|34\/100\n|move|p2b: Ting-Lu|Ruination|p1b: Ogerpon\n|-damage|p1b: Ogerpon|51\/100\n|\n|-heal|p2b: Ting-Lu|41\/100|[from] item: Leftovers\n|-fieldend|move: Electric Terrain\n|upkeep\n|turn|6\n|\n|t:|1740005041\n|move|p1a: Farigiraf|Helping Hand|p1b: Ogerpon\n|-singleturn|p1b: Ogerpon|Helping Hand|[of] p1a: Farigiraf\n|move|p2a: Comfey|Floral Healing|p2b: Ting-Lu\n|-heal|p2b: Ting-Lu|91\/100\n|move|p1b: Ogerpon|Ivy Cudgel|p2a: Comfey|[anim] Ivy Cudgel Fire\n|-damage|p2a: Comfey|0 fnt\n|faint|p2a: Comfey\n|move|p2b: Ting-Lu|Snarl|p1a: Farigiraf|[spread] p1a,p1b\n|-supereffective|p1a: Farigiraf\n|-damage|p1a: Farigiraf|68\/100\n|-damage|p1b: Ogerpon|41\/100\n|-unboost|p1a: Farigiraf|spa|1\n|-unboost|p1b: Ogerpon|spa|1\n|\n|-heal|p2b: Ting-Lu|97\/100|[from] item: Leftovers\n|upkeep\n|\n|t:|1740005055\n|switch|p2a: Zamazenta|Zamazenta-Crowned, L50|100\/100\n|-ability|p2a: Zamazenta|Dauntless Shield|boost\n|-boost|p2a: Zamazenta|def|1\n|turn|7\n|\n|t:|1740005069\n|-terastallize|p2a: Zamazenta|Water\n|move|p1b: Ogerpon|Spiky Shield|p1b: Ogerpon\n|-singleturn|p1b: Ogerpon|move: Protect\n|move|p2a: Zamazenta|Iron Defense|p2a: Zamazenta\n|-boost|p2a: Zamazenta|def|2\n|move|p1a: Farigiraf|Psychic|p2a: Zamazenta\n|-damage|p2a: Zamazenta|91\/100\n|move|p2b: Ting-Lu|Snarl|p1b: Ogerpon|[spread] p1a\n|-activate|p1b: Ogerpon|move: Protect\n|-supereffective|p1a: Farigiraf\n|-damage|p1a: Farigiraf|52\/100\n|-unboost|p1a: Farigiraf|spa|1\n|\n|-heal|p2b: Ting-Lu|100\/100|[from] item: Leftovers\n|upkeep\n|turn|8\n|\n|t:|1740005091\n|move|p2a: Zamazenta|Body Press|p1b: Ogerpon\n|-damage|p1b: Ogerpon|0 fnt\n|faint|p1b: Ogerpon\n|move|p1a: Farigiraf|Psychic|p2a: Zamazenta\n|-damage|p2a: Zamazenta|83\/100\n|move|p2b: Ting-Lu|Stomping Tantrum|p1a: Farigiraf\n|-damage|p1a: Farigiraf|38\/100\n|\n|upkeep\n|\n|t:|1740005095\n|switch|p1b: Miraidon|Miraidon, L50, tera:Fairy|93\/100\n|-fieldstart|move: Electric Terrain|[from] ability: Hadron Engine|[of] p1b: Miraidon\n|turn|9\n|\n|t:|1740005107\n|switch|p2b: Rhydon|Rhydon, L50, M|26\/100\n|move|p1a: Farigiraf|Helping Hand|p1b: Miraidon\n|-singleturn|p1b: Miraidon|Helping Hand|[of] p1a: Farigiraf\n|move|p1b: Miraidon|Dazzling Gleam|p2a: Zamazenta|[spread] p2a,p2b\n|-damage|p2a: Zamazenta|16\/100\n|-damage|p2b: Rhydon|0 fnt\n|faint|p2b: Rhydon\n|move|p2a: Zamazenta|Behemoth Bash|p1b: Miraidon\n|-supereffective|p1b: Miraidon\n|-damage|p1b: Miraidon|10\/100\n|\n|upkeep\n|\n|t:|1740005118\n|switch|p2b: Ting-Lu|Ting-Lu, L50|100\/100\n|-ability|p2b: Ting-Lu|Vessel of Ruin\n|turn|10\n|\n|t:|1740005133\n|move|p2a: Zamazenta|Protect|p2a: Zamazenta\n|-singleturn|p2a: Zamazenta|Protect\n|move|p1b: Miraidon|Dazzling Gleam|p2a: Zamazenta|[spread] p2b\n|-activate|p2a: Zamazenta|move: Protect\n|-supereffective|p2b: Ting-Lu\n|-damage|p2b: Ting-Lu|33\/100\n|move|p1a: Farigiraf|Psychic|p2a: Zamazenta\n|-activate|p2a: Zamazenta|move: Protect\n|move|p2b: Ting-Lu|Stomping Tantrum|p1b: Miraidon\n|-damage|p1b: Miraidon|0 fnt\n|faint|p1b: Miraidon\n|\n|-heal|p2b: Ting-Lu|39\/100|[from] item: Leftovers\n|upkeep\n|\n|t:|1740005136\n|switch|p1b: Urshifu|Urshifu-Rapid-Strike, L50, M|100\/100\n|turn|11\n|\n|t:|1740005154\n|move|p1b: Urshifu|Detect|p1b: Urshifu\n|-singleturn|p1b: Urshifu|Protect\n|move|p2a: Zamazenta|Body Press|p1b: Urshifu\n|-activate|p1b: Urshifu|move: Protect\n|move|p1a: Farigiraf|Psychic|p2a: Zamazenta\n|-damage|p2a: Zamazenta|8\/100\n|move|p2b: Ting-Lu|Stomping Tantrum|p1b: Urshifu\n|-activate|p1b: Urshifu|move: Protect\n|\n|-heal|p2b: Ting-Lu|46\/100|[from] item: Leftovers\n|upkeep\n|turn|12\n|\n|t:|1740005168\n|move|p1b: Urshifu|Surging Strikes|p2b: Ting-Lu\n|-supereffective|p2b: Ting-Lu\n|-crit|p2b: Ting-Lu\n|-damage|p2b: Ting-Lu|24\/100\n|-supereffective|p2b: Ting-Lu\n|-crit|p2b: Ting-Lu\n|-damage|p2b: Ting-Lu|1\/100\n|-supereffective|p2b: Ting-Lu\n|-crit|p2b: Ting-Lu\n|-damage|p2b: Ting-Lu|0 fnt\n|faint|p2b: Ting-Lu\n|-hitcount|p2: Ting-Lu|3\n|move|p2a: Zamazenta|Body Press|p1b: Urshifu\n|-enditem|p1b: Urshifu|Focus Sash\n|-damage|p1b: Urshifu|1\/100\n|move|p1a: Farigiraf|Psychic|p2a: Zamazenta\n|-damage|p2a: Zamazenta|0 fnt\n|faint|p2a: Zamazenta\n|\n|win|dhiaruga101\n|raw|dhiaruga101's rating: 1515 &rarr; <strong>1538<\/strong><br \/>(+23 for winning)\n|raw|Pkmn master Di's rating: 1573 &rarr; <strong>1550<\/strong><br \/>(-23 for losing)\n|l|\u2606Pkmn master Di\n|player|p2|\n|l|\u2606dhiaruga101\n|player|p1|\n","uploadtime":1740005333,"views":5,"formatid":"gen9vgc2025regg","rating":1538,"private":0,"password":null}