{"id":"gen9vgc2025regg-2304442262","format":"[Gen 9] VGC 2025 Reg G","players":["Team715","fzyus"],"log":"|j|\u2606Team715\n|j|\u2606fzyus\n|t:|1740061829\n|gametype|doubles\n|player|p1|Team715|265|1571\n|player|p2|fzyus|170|1638\n|teamsize|p1|6\n|teamsize|p2|6\n|gen|9\n|tier|[Gen 9] VGC 2025 Reg G\n|rated|\n|rule|Species Clause: Limit one of each Pok\u00e9mon\n|rule|Item Clause: Limit 1 of each item\n|clearpoke\n|poke|p1|Calyrex-Shadow, L50|\n|poke|p1|Rillaboom, L50, M|\n|poke|p1|Incineroar, L50, M|\n|poke|p1|Urshifu-*, L50, M|\n|poke|p1|Raging Bolt, L50|\n|poke|p1|Ogerpon-Cornerstone, L50, F|\n|poke|p2|Calyrex-Shadow, L50|\n|poke|p2|Indeedee-F, L50, F|\n|poke|p2|Weezing-Galar, L50, M|\n|poke|p2|Dondozo, L50, M|\n|poke|p2|Tatsugiri-Droopy, L50, M|\n|poke|p2|Kingambit, L50, M|\n|teampreview|4\n|j| 413XP\n|inactive|Battle timer is ON: inactive players will automatically lose when time's up. (requested by fzyus)\n|j| ChilledLotusA\n|inactive|Team715 has 60 seconds left.\n|inactive|fzyus has 60 seconds left.\n|\n|t:|1740061881\n|start\n|switch|p1a: Urshifu|Urshifu, L50, M|100\/100\n|switch|p1b: Incineroar|Incineroar, L50, M, shiny|100\/100\n|switch|p2a: Kingambit|Kingambit, L50, M|100\/100\n|switch|p2b: Weezing|Weezing-Galar, L50, M, shiny|100\/100\n|-ability|p2b: Weezing|Neutralizing Gas\n|turn|1\n|inactive|Team715 has 30 seconds left.\n|\n|t:|1740061907\n|move|p2a: Kingambit|Protect|p2a: Kingambit\n|-singleturn|p2a: Kingambit|Protect\n|move|p2b: Weezing|Protect|p2b: Weezing\n|-singleturn|p2b: Weezing|Protect\n|move|p1a: Urshifu|Wicked Blow|p2a: Kingambit\n|-activate|p2a: Kingambit|move: Protect\n|move|p1b: Incineroar|Flare Blitz|p2a: Kingambit\n|-activate|p2a: Kingambit|move: Protect\n|\n|upkeep\n|turn|2\n|j| 17 character name\n|inactive|Team715 has 30 seconds left.\n|inactive|fzyus has 30 seconds left.\n|inactive|fzyus has 20 seconds left.\n|\n|t:|1740061944\n|move|p1a: Urshifu|Close Combat|p2a: Kingambit\n|-supereffective|p2a: Kingambit\n|-damage|p2a: Kingambit|0 fnt\n|-unboost|p1a: Urshifu|def|1\n|-unboost|p1a: Urshifu|spd|1\n|faint|p2a: Kingambit\n|move|p1b: Incineroar|Parting Shot|p2b: Weezing\n|-unboost|p2b: Weezing|atk|1\n|-unboost|p2b: Weezing|spa|1\n|\n|t:|1740061956\n|switch|p1b: Calyrex|Calyrex-Shadow, L50|100\/100|[from] Parting Shot\n|-ability|p1b: Calyrex|As One\n|-ability|p1b: Calyrex|Unnerve\n|move|p2b: Weezing|Poison Gas|p1a: Urshifu|[spread] p1a,p1b\n|-status|p1a: Urshifu|psn\n|-status|p1b: Calyrex|psn\n|\n|-damage|p1b: Calyrex|88\/100 psn|[from] psn\n|-damage|p1a: Urshifu|88\/100 psn|[from] psn\n|upkeep\n|inactive|fzyus has 30 seconds left.\n|\n|t:|1740061987\n|switch|p2a: Calyrex|Calyrex-Shadow, L50|100\/100\n|-ability|p2a: Calyrex|As One\n|-ability|p2a: Calyrex|Unnerve\n|turn|3\n|inactive|Team715 has 30 seconds left.\n|inactive|fzyus has 30 seconds left.\n|\n|t:|1740062015\n|move|p2a: Calyrex|Protect|p2a: Calyrex\n|-singleturn|p2a: Calyrex|Protect\n|move|p1b: Calyrex|Protect|p1b: Calyrex\n|-singleturn|p1b: Calyrex|Protect\n|move|p1a: Urshifu|Close Combat|p2a: Calyrex\n|-activate|p2a: Calyrex|move: Protect\n|move|p2b: Weezing|Toxic Spikes|p1a: Urshifu\n|-sidestart|p1: Team715|move: Toxic Spikes\n|\n|-damage|p1b: Calyrex|76\/100 psn|[from] psn\n|-damage|p1a: Urshifu|76\/100 psn|[from] psn\n|upkeep\n|turn|4\n|l| 413XP\n|inactive|fzyus has 30 seconds left.\n|\n|t:|1740062042\n|-terastallize|p2a: Calyrex|Fairy\n|-terastallize|p1b: Calyrex|Normal\n|move|p2a: Calyrex|Astral Barrage|p1a: Urshifu|[spread] p1a\n|-immune|p1b: Calyrex\n|-resisted|p1a: Urshifu\n|-damage|p1a: Urshifu|0 fnt\n|faint|p1a: Urshifu\n|-ability|p2a: Calyrex|Grim Neigh|boost\n|-boost|p2a: Calyrex|spa|1\n|-damage|p2a: Calyrex|91\/100|[from] item: Life Orb\n|move|p1b: Calyrex|Astral Barrage|p2b: Weezing|[spread] p2a,p2b\n|-damage|p2a: Calyrex|41\/100\n|-damage|p2b: Weezing|46\/100\n|move|p2b: Weezing|Strange Steam|p1b: Calyrex\n|-damage|p1b: Calyrex|61\/100 psn\n|\n|-damage|p1b: Calyrex|49\/100 psn|[from] psn\n|upkeep\n|\n|t:|1740062065\n|switch|p1a: Incineroar|Incineroar, L50, M, shiny|100\/100\n|-status|p1a: Incineroar|psn\n|turn|5\n|\n|t:|1740062073\n|switch|p1a: Rillaboom|Rillaboom, L50, M, shiny|100\/100\n|-status|p1a: Rillaboom|psn\n|move|p2a: Calyrex|Protect|p2a: Calyrex\n|-singleturn|p2a: Calyrex|Protect\n|move|p2b: Weezing|Protect|p2b: Weezing\n|-singleturn|p2b: Weezing|Protect\n|move|p1b: Calyrex|Astral Barrage|p2b: Weezing|[spread] \n|-activate|p2a: Calyrex|move: Protect\n|-activate|p2b: Weezing|move: Protect\n|\n|-damage|p1b: Calyrex|37\/100 psn|[from] psn\n|-damage|p1a: Rillaboom|88\/100 psn|[from] psn\n|upkeep\n|turn|6\n|j| 413XP\n|j| donteatfiber\n|inactive|fzyus has 30 seconds left.\n|inactive|fzyus has 20 seconds left.\n|inactive|fzyus has 15 seconds left.\n|\n|t:|1740062117\n|-end|p2b: Weezing|ability: Neutralizing Gas\n|-fieldstart|move: Grassy Terrain|[from] ability: Grassy Surge|[of] p1a: Rillaboom\n|switch|p2b: Indeedee|Indeedee-F, L50, F|100\/100\n|-fieldstart|move: Psychic Terrain|[from] ability: Psychic Surge|[of] p2b: Indeedee\n|move|p1a: Rillaboom|Fake Out|p2a: Calyrex\n|-activate|p2a: Calyrex|move: Psychic Terrain\n|move|p2a: Calyrex|Expanding Force|p1b: Calyrex|[spread] p1a,p1b\n|-damage|p1a: Rillaboom|0 fnt\n|-damage|p1b: Calyrex|0 fnt\n|faint|p1a: Rillaboom\n|faint|p1b: Calyrex\n|-ability|p2a: Calyrex|Grim Neigh|boost\n|-boost|p2a: Calyrex|spa|2\n|-damage|p2a: Calyrex|31\/100|[from] item: Life Orb\n|\n|upkeep\n|\n|t:|1740062130\n|switch|p1b: Incineroar|Incineroar, L50, M, shiny|100\/100 psn\n|-ability|p1b: Incineroar|Intimidate|boost\n|-unboost|p2a: Calyrex|atk|1\n|-unboost|p2b: Indeedee|atk|1\n|turn|7\n|l| ChilledLotusA\n|l| 17 character name\n|l| donteatfiber\n|j| ChilledLotusA\n|\n|t:|1740062144\n|move|p2b: Indeedee|Follow Me|p2b: Indeedee\n|-singleturn|p2b: Indeedee|move: Follow Me\n|move|p2a: Calyrex|Tera Blast|p1b: Incineroar|[anim] Tera Blast Fairy\n|-damage|p1b: Incineroar|0 fnt\n|faint|p1b: Incineroar\n|-damage|p2a: Calyrex|22\/100|[from] item: Life Orb\n|\n|win|fzyus\n|raw|Team715's rating: 1571 &rarr; <strong>1555<\/strong><br \/>(-16 for losing)\n|raw|fzyus's rating: 1638 &rarr; <strong>1654<\/strong><br \/>(+16 for winning)\n|l| ChilledLotusA\n|l|\u2606Team715\n|player|p1|\n|l|\u2606fzyus\n|player|p2|\n|l| 413xp\n","uploadtime":1740062369,"views":5,"formatid":"gen9vgc2025regg","rating":1555,"private":0,"password":null}