{"id":"gen9vgc2025regg-2304477117","format":"[Gen 9] VGC 2025 Reg G","players":["epigrlozvgc","necrozma000"],"log":"|j|\u2606epigrlozvgc\n|j|\u2606necrozma000\n|t:|1740065567\n|gametype|doubles\n|player|p1|epigrlozvgc|alder|1584\n|player|p2|necrozma000|lillie-z|1661\n|teamsize|p1|6\n|teamsize|p2|6\n|gen|9\n|tier|[Gen 9] VGC 2025 Reg G\n|rated|\n|rule|Species Clause: Limit one of each Pok\u00e9mon\n|rule|Item Clause: Limit 1 of each item\n|clearpoke\n|poke|p1|Miraidon, L50|\n|poke|p1|Iron Hands, L50|\n|poke|p1|Farigiraf, L50, M|\n|poke|p1|Whimsicott, L50, M|\n|poke|p1|Ogerpon-Hearthflame, L50, F|\n|poke|p1|Glastrier, L50|\n|poke|p2|Eternatus, L50|\n|poke|p2|Chi-Yu, L50|\n|poke|p2|Rillaboom, L50, M|\n|poke|p2|Urshifu-*, L50, F|\n|poke|p2|Raichu, L50, F|\n|poke|p2|Flutter Mane, L50|\n|teampreview|4\n|inactive|Battle timer is ON: inactive players will automatically lose when time's up. (requested by necrozma000)\n|inactive|epigrlozvgc has 60 seconds left.\n|inactive|necrozma000 has 60 seconds left.\n|j| Therazer456\n|\n|t:|1740065618\n|start\n|switch|p1a: Whimsicott|Whimsicott, L50, M|100\/100\n|switch|p1b: Iron Hands|Iron Hands, L50|100\/100\n|switch|p2a: Eternatus|Eternatus, L50|100\/100\n|switch|p2b: Raichu|Raichu, L50, F|100\/100\n|-ability|p2a: Eternatus|Pressure\n|turn|1\n|\n|t:|1740065639\n|switch|p1a: Farigiraf|Farigiraf, L50, M|100\/100\n|move|p2b: Raichu|Fake Out|p1b: Iron Hands\n|-damage|p1b: Iron Hands|95\/100\n|move|p2a: Eternatus|Sludge Bomb|p1a: Farigiraf\n|-damage|p1a: Farigiraf|55\/100\n|cant|p1b: Iron Hands|flinch\n|\n|upkeep\n|turn|2\n|\n|t:|1740065661\n|move|p2a: Eternatus|Meteor Beam||[still]\n|-prepare|p2a: Eternatus|Meteor Beam\n|-boost|p2a: Eternatus|spa|1\n|-enditem|p2a: Eternatus|Power Herb\n|-anim|p2a: Eternatus|Meteor Beam|p1a: Farigiraf\n|-damage|p1a: Farigiraf|0 fnt\n|faint|p1a: Farigiraf\n|move|p2b: Raichu|Electroweb|p1b: Iron Hands\n|-resisted|p1b: Iron Hands\n|-damage|p1b: Iron Hands|91\/100\n|-unboost|p1b: Iron Hands|spe|1\n|move|p1b: Iron Hands|Drain Punch|p2b: Raichu\n|-damage|p2b: Raichu|33\/100\n|-heal|p1b: Iron Hands|100\/100|[from] drain|[of] p2b: Raichu\n|\n|upkeep\n|\n|t:|1740065670\n|switch|p1a: Miraidon|Miraidon, L50|100\/100\n|-fieldstart|move: Electric Terrain|[from] ability: Hadron Engine|[of] p1a: Miraidon\n|-activate|p1b: Iron Hands|ability: Quark Drive\n|-start|p1b: Iron Hands|quarkdriveatk\n|turn|3\n|inactive|necrozma000 has 30 seconds left.\n|inactive|necrozma000 has 20 seconds left.\n|\n|t:|1740065709\n|move|p2a: Eternatus|Protect|p2a: Eternatus\n|-singleturn|p2a: Eternatus|Protect\n|move|p1a: Miraidon|Draco Meteor|p2a: Eternatus\n|-activate|p2a: Eternatus|move: Protect\n|move|p2b: Raichu|Electroweb|p1a: Miraidon|[spread] p1a\n|-miss|p2b: Raichu|p1b: Iron Hands\n|-resisted|p1a: Miraidon\n|-damage|p1a: Miraidon|97\/100\n|-unboost|p1a: Miraidon|spe|1\n|move|p1b: Iron Hands|Drain Punch|p2b: Raichu\n|-damage|p2b: Raichu|0 fnt\n|faint|p2b: Raichu\n|\n|upkeep\n|\n|t:|1740065718\n|switch|p2b: Flutter Mane|Flutter Mane, L50|100\/100\n|-enditem|p2b: Flutter Mane|Booster Energy\n|-activate|p2b: Flutter Mane|ability: Protosynthesis|[fromitem]\n|-start|p2b: Flutter Mane|protosynthesisspe\n|turn|4\n|\n|t:|1740065739\n|switch|p1a: Whimsicott|Whimsicott, L50, M|100\/100\n|-terastallize|p2a: Eternatus|Fairy\n|move|p2b: Flutter Mane|Moonblast|p1b: Iron Hands\n|-supereffective|p1b: Iron Hands\n|-damage|p1b: Iron Hands|56\/100\n|move|p2a: Eternatus|Dynamax Cannon|p1b: Iron Hands\n|-damage|p1b: Iron Hands|8\/100\n|move|p1b: Iron Hands|Wild Charge|p2b: Flutter Mane\n|-damage|p2b: Flutter Mane|0 fnt\n|faint|p2b: Flutter Mane\n|-end|p2b: Flutter Mane|Protosynthesis|[silent]\n|-damage|p1b: Iron Hands|0 fnt|[from] Recoil\n|faint|p1b: Iron Hands\n|-end|p1b: Iron Hands|Quark Drive|[silent]\n|\n|upkeep\n|\n|t:|1740065751\n|switch|p2b: Rillaboom|Rillaboom, L50, M|100\/100\n|switch|p1b: Miraidon|Miraidon, L50|97\/100\n|-activate|p1b: Miraidon|ability: Hadron Engine\n|-fieldstart|move: Grassy Terrain|[from] ability: Grassy Surge|[of] p2b: Rillaboom\n|turn|5\n|\n|t:|1740065770\n|-terastallize|p1b: Miraidon|Fairy\n|move|p1a: Whimsicott|Taunt|p2a: Eternatus\n|-start|p2a: Eternatus|move: Taunt\n|move|p2b: Rillaboom|Grassy Glide|p1b: Miraidon\n|-damage|p1b: Miraidon|32\/100\n|move|p1b: Miraidon|Electro Drift|p2a: Eternatus\n|-damage|p2a: Eternatus|36\/100\n|move|p2a: Eternatus|Sludge Bomb|p1b: Miraidon\n|-supereffective|p1b: Miraidon\n|-damage|p1b: Miraidon|0 fnt\n|faint|p1b: Miraidon\n|\n|-heal|p2a: Eternatus|42\/100|[from] Grassy Terrain\n|upkeep\n|turn|6\n|\n|t:|1740065785\n|move|p2b: Rillaboom|Grassy Glide|p1a: Whimsicott\n|-resisted|p1a: Whimsicott\n|-damage|p1a: Whimsicott|53\/100\n|move|p1a: Whimsicott|Moonblast|p2a: Eternatus\n|-damage|p2a: Eternatus|13\/100\n|move|p2a: Eternatus|Sludge Bomb|p1a: Whimsicott\n|-supereffective|p1a: Whimsicott\n|-damage|p1a: Whimsicott|0 fnt\n|faint|p1a: Whimsicott\n|\n|win|necrozma000\n|raw|epigrlozvgc's rating: 1584 &rarr; <strong>1568<\/strong><br \/>(-16 for losing)\n|raw|necrozma000's rating: 1661 &rarr; <strong>1677<\/strong><br \/>(+16 for winning)\n|l|\u2606epigrlozvgc\n|player|p1|\n|l| Therazer456\n","uploadtime":1740065928,"views":6,"formatid":"gen9vgc2025regg","rating":1568,"private":0,"password":null}