{"id":"gen9vgc2025regg-2304245383","format":"[Gen 9] VGC 2025 Reg G","players":["tep0914","xiyeye"],"log":"|j|\u203dtep0914\n|j|\u2606xiyeye\n|t:|1740028262\n|gametype|doubles\n|player|p1|tep0914|li|1624\n|player|p2|xiyeye|akari|1595\n|teamsize|p1|6\n|teamsize|p2|6\n|gen|9\n|tier|[Gen 9] VGC 2025 Reg G\n|rated|\n|rule|Species Clause: Limit one of each Pok\u00e9mon\n|rule|Item Clause: Limit 1 of each item\n|clearpoke\n|poke|p1|Calyrex-Ice, L50|\n|poke|p1|Glimmora, L50, M|\n|poke|p1|Dondozo, L50, F|\n|poke|p1|Ogerpon-Hearthflame, L50, F|\n|poke|p1|Ting-Lu, L50|\n|poke|p1|Tatsugiri, L50, M|\n|poke|p2|Torkoal, L50, F|\n|poke|p2|Annihilape, L50, M|\n|poke|p2|Urshifu-*, L50, M|\n|poke|p2|Indeedee-F, L50, F|\n|poke|p2|Brute Bonnet, L50|\n|poke|p2|Calyrex-Ice, L50|\n|teampreview|4\n|inactive|Battle timer is ON: inactive players will automatically lose when time's up. (requested by tep0914)\n|inactive|xiyeye has 60 seconds left.\n|inactive|xiyeye has 30 seconds left.\n|inactive|xiyeye has 20 seconds left.\n|inactive|xiyeye has 15 seconds left.\n|inactive|xiyeye has 10 seconds left.\n|\n|t:|1740028379\n|start\n|switch|p1a: Calyrex|Calyrex-Ice, L50|100\/100\n|switch|p1b: Ogerpon|Ogerpon-Hearthflame, L50, F|100\/100\n|switch|p2a: Brute Bonnet|Brute Bonnet, L50|100\/100\n|switch|p2b: Calyrex|Calyrex-Ice, L50|100\/100\n|-ability|p1a: Calyrex|As One\n|-ability|p1a: Calyrex|Unnerve\n|-ability|p2b: Calyrex|As One\n|-ability|p2b: Calyrex|Unnerve\n|-ability|p1b: Ogerpon|Mold Breaker\n|turn|1\n|inactive|xiyeye has 30 seconds left.\n|inactive|xiyeye has 20 seconds left.\n|inactive|xiyeye has 15 seconds left.\n|\n|t:|1740028421\n|-terastallize|p2b: Calyrex|Water\n|move|p1b: Ogerpon|Follow Me|p1b: Ogerpon\n|-singleturn|p1b: Ogerpon|move: Follow Me\n|move|p2a: Brute Bonnet|Spore|p1b: Ogerpon\n|-immune|p1b: Ogerpon\n|move|p1a: Calyrex|Imprison|p1a: Calyrex\n|-start|p1a: Calyrex|move: Imprison\n|cant|p2b: Calyrex|move: Imprison|Glacial Lance\n|\n|upkeep\n|turn|2\n|inactive|xiyeye has 30 seconds left.\n|inactive|xiyeye has 20 seconds left.\n|inactive|xiyeye has 15 seconds left.\n|inactive|xiyeye has 10 seconds left.\n|inactive|xiyeye has 5 seconds left.\n|\n|t:|1740028472\n|move|p1b: Ogerpon|Ivy Cudgel|p2a: Brute Bonnet|[anim] Ivy Cudgel Fire\n|-supereffective|p2a: Brute Bonnet\n|-damage|p2a: Brute Bonnet|21\/100\n|move|p2a: Brute Bonnet|Spore|p1a: Calyrex\n|-status|p1a: Calyrex|slp|[from] move: Spore\n|cant|p1a: Calyrex|slp\n|move|p2b: Calyrex|High Horsepower|p1b: Ogerpon\n|-damage|p1b: Ogerpon|56\/100\n|\n|upkeep\n|turn|3\n|\n|t:|1740028494\n|-end|p2a: Brute Bonnet|Protosynthesis|[silent]\n|switch|p2a: Urshifu|Urshifu, L50, M|100\/100\n|move|p1b: Ogerpon|Ivy Cudgel|p2a: Urshifu|[anim] Ivy Cudgel Fire\n|-damage|p2a: Urshifu|40\/100\n|move|p2b: Calyrex|High Horsepower|p1b: Ogerpon\n|-damage|p1b: Ogerpon|15\/100\n|-curestatus|p1a: Calyrex|slp|[msg]\n|move|p1a: Calyrex|Glacial Lance|p2a: Urshifu|[spread] p2a,p2b\n|-resisted|p2b: Calyrex\n|-damage|p2a: Urshifu|0 fnt\n|-damage|p2b: Calyrex|84\/100\n|faint|p2a: Urshifu\n|-ability|p1a: Calyrex|Chilling Neigh|boost\n|-boost|p1a: Calyrex|atk|1\n|\n|upkeep\n|inactive|xiyeye has 30 seconds left.\n|\n|t:|1740028520\n|switch|p2a: Brute Bonnet|Brute Bonnet, L50|21\/100\n|turn|4\n|\n|t:|1740028532\n|move|p1b: Ogerpon|Follow Me|p1b: Ogerpon\n|-singleturn|p1b: Ogerpon|move: Follow Me\n|move|p2a: Brute Bonnet|Spore|p1b: Ogerpon\n|-immune|p1b: Ogerpon\n|move|p1a: Calyrex|Glacial Lance|p2a: Brute Bonnet|[spread] p2a,p2b\n|-supereffective|p2a: Brute Bonnet\n|-resisted|p2b: Calyrex\n|-damage|p2a: Brute Bonnet|0 fnt\n|-damage|p2b: Calyrex|56\/100\n|faint|p2a: Brute Bonnet\n|-end|p2a: Brute Bonnet|Protosynthesis|[silent]\n|-ability|p1a: Calyrex|Chilling Neigh|boost\n|-boost|p1a: Calyrex|atk|1\n|move|p2b: Calyrex|High Horsepower|p1b: Ogerpon\n|-damage|p1b: Ogerpon|0 fnt\n|faint|p1b: Ogerpon\n|-ability|p2b: Calyrex|Chilling Neigh|boost\n|-boost|p2b: Calyrex|atk|1\n|\n|upkeep\n|\n|t:|1740028546\n|switch|p1b: Dondozo|Dondozo, L50, F|100\/100\n|switch|p2a: Annihilape|Annihilape, L50, M|100\/100\n|turn|5\n|inactive|xiyeye has 30 seconds left.\n|inactive|xiyeye has 20 seconds left.\n|\n|t:|1740028582\n|move|p1b: Dondozo|Protect|p1b: Dondozo\n|-singleturn|p1b: Dondozo|Protect\n|move|p2a: Annihilape|Final Gambit|p1a: Calyrex\n|-damage|p1a: Calyrex|0 fnt\n|faint|p2a: Annihilape\n|faint|p1a: Calyrex\n|move|p2b: Calyrex|High Horsepower|p1b: Dondozo\n|-activate|p1b: Dondozo|move: Protect\n|\n|upkeep\n|\n|t:|1740028592\n|switch|p1a: Tatsugiri|Tatsugiri, L50, M|100\/100\n|-activate|p1a: Tatsugiri|ability: Commander|[of] p1b: Dondozo\n|-boost|p1b: Dondozo|atk|2\n|-boost|p1b: Dondozo|spa|2\n|-boost|p1b: Dondozo|spe|2\n|-boost|p1b: Dondozo|def|2\n|-boost|p1b: Dondozo|spd|2\n|turn|6\n|\n|t:|1740028605\n|move|p1b: Dondozo|Body Press|p2b: Calyrex\n|-damage|p2b: Calyrex|28\/100\n|move|p2b: Calyrex|Trick Room|p2b: Calyrex\n|-fieldstart|move: Trick Room|[of] p2b: Calyrex\n|\n|upkeep\n|turn|7\n|\n|t:|1740028612\n|move|p2b: Calyrex|High Horsepower|p1b: Dondozo\n|-damage|p1b: Dondozo|88\/100\n|move|p1b: Dondozo|Body Press|p2b: Calyrex\n|-damage|p2b: Calyrex|0 fnt\n|faint|p2b: Calyrex\n|\n|win|tep0914\n|raw|tep0914's rating: 1624 &rarr; <strong>1642<\/strong><br \/>(+18 for winning)\n|raw|xiyeye's rating: 1595 &rarr; <strong>1577<\/strong><br \/>(-18 for losing)\n|l|\u2606xiyeye\n|player|p2|\n|l|\u203dtep0914\n|player|p1|\n","uploadtime":1740028836,"views":4,"formatid":"gen9vgc2025regg","rating":1577,"private":0,"password":null}