{"id":"gen9vgc2025regg-2304191394","format":"[Gen 9] VGC 2025 Reg G","players":["huyuplan","ssbutan"],"log":"|j|\u2606huyuplan\n|j|\u2606ssbutan\n|t:|1740020039\n|gametype|doubles\n|player|p1|huyuplan|lucas|1576\n|player|p2|ssbutan|camper|1565\n|teamsize|p1|6\n|teamsize|p2|6\n|gen|9\n|tier|[Gen 9] VGC 2025 Reg G\n|rated|\n|rule|Species Clause: Limit one of each Pok\u00e9mon\n|rule|Item Clause: Limit 1 of each item\n|clearpoke\n|poke|p1|Regidrago, L50|\n|poke|p1|Zacian-*, L50|\n|poke|p1|Farigiraf, L50, F|\n|poke|p1|Tornadus, L50, M|\n|poke|p1|Ditto, L50|\n|poke|p1|Chien-Pao, L50|\n|poke|p2|Calyrex-Ice, L50|\n|poke|p2|Cresselia, L50, F|\n|poke|p2|Rillaboom, L50, F|\n|poke|p2|Urshifu-*, L50, F|\n|poke|p2|Flutter Mane, L50|\n|poke|p2|Walking Wake, L50|\n|teampreview|4\n|inactive|Battle timer is ON: inactive players will automatically lose when time's up. (requested by ssbutan)\n|j| ChilledLotusA\n|inactive|huyuplan has 60 seconds left.\n|inactive|ssbutan has 60 seconds left.\n|\n|t:|1740020092\n|start\n|switch|p1a: Tornadus|Tornadus, L50, M|100\/100\n|switch|p1b: Zacian|Zacian-Crowned, L50|100\/100\n|switch|p2a: Rillaboom|Rillaboom, L50, F|100\/100\n|switch|p2b: Calyrex|Calyrex-Ice, L50|100\/100\n|-ability|p2b: Calyrex|As One\n|-ability|p2b: Calyrex|Unnerve\n|-ability|p1b: Zacian|Intrepid Sword|boost\n|-boost|p1b: Zacian|atk|1\n|-fieldstart|move: Grassy Terrain|[from] ability: Grassy Surge|[of] p2a: Rillaboom\n|turn|1\n|inactive|huyuplan has 30 seconds left.\n|inactive|ssbutan has 30 seconds left.\n|\n|t:|1740020122\n|-terastallize|p1a: Tornadus|Water\n|move|p1b: Zacian|Protect|p1b: Zacian\n|-singleturn|p1b: Zacian|Protect\n|move|p2a: Rillaboom|Fake Out|p1b: Zacian\n|-activate|p1b: Zacian|move: Protect\n|move|p1a: Tornadus|Taunt|p2b: Calyrex\n|-start|p2b: Calyrex|move: Taunt\n|move|p2b: Calyrex|Glacial Lance|p1a: Tornadus|[spread] p1a\n|-activate|p1b: Zacian|move: Protect\n|-resisted|p1a: Tornadus\n|-crit|p1a: Tornadus\n|-damage|p1a: Tornadus|48\/100\n|\n|-heal|p1a: Tornadus|54\/100|[from] Grassy Terrain\n|upkeep\n|turn|2\n|inactive|huyuplan has 30 seconds left.\n|inactive|huyuplan has 20 seconds left.\n|\n|t:|1740020161\n|switch|p1a: Farigiraf|Farigiraf, L50, F|100\/100\n|switch|p2b: Walking Wake|Walking Wake, L50|100\/100\n|move|p1b: Zacian|Behemoth Blade|p2a: Rillaboom\n|-damage|p2a: Rillaboom|36\/100\n|move|p2a: Rillaboom|Drum Beating|p1a: Farigiraf\n|-damage|p1a: Farigiraf|57\/100\n|-unboost|p1a: Farigiraf|spe|1\n|\n|-heal|p2a: Rillaboom|42\/100|[from] Grassy Terrain\n|-heal|p1a: Farigiraf|64\/100|[from] Grassy Terrain\n|upkeep\n|turn|3\n|inactive|huyuplan has 30 seconds left.\n|inactive|ssbutan has 30 seconds left.\n|inactive|huyuplan has 20 seconds left.\n|inactive|huyuplan has 15 seconds left.\n|inactive|huyuplan has 10 seconds left.\n|inactive|huyuplan has 5 seconds left.\n|\n|t:|1740020214\n|move|p2b: Walking Wake|Protect|p2b: Walking Wake\n|-singleturn|p2b: Walking Wake|Protect\n|move|p1b: Zacian|Behemoth Blade|p2a: Rillaboom\n|-crit|p2a: Rillaboom\n|-damage|p2a: Rillaboom|0 fnt\n|faint|p2a: Rillaboom\n|move|p1a: Farigiraf|Hyper Voice|p2b: Walking Wake\n|-activate|p2b: Walking Wake|move: Protect\n|\n|-heal|p1a: Farigiraf|70\/100|[from] Grassy Terrain\n|upkeep\n|\n|t:|1740020223\n|switch|p2a: Flutter Mane|Flutter Mane, L50|100\/100\n|-enditem|p2a: Flutter Mane|Booster Energy\n|-activate|p2a: Flutter Mane|ability: Protosynthesis|[fromitem]\n|-start|p2a: Flutter Mane|protosynthesisspe\n|turn|4\n|j| Samevgcmons\n|inactive|huyuplan has 30 seconds left.\n|inactive|ssbutan has 30 seconds left.\n|\n|t:|1740020252\n|move|p2a: Flutter Mane|Sunny Day|p2a: Flutter Mane\n|-weather|SunnyDay\n|-activate|p2b: Walking Wake|ability: Protosynthesis\n|-start|p2b: Walking Wake|protosynthesisspe\n|move|p2b: Walking Wake|Flamethrower|p1b: Zacian\n|-supereffective|p1b: Zacian\n|-damage|p1b: Zacian|27\/100\n|move|p1b: Zacian|Play Rough|p2b: Walking Wake\n|-supereffective|p2b: Walking Wake\n|-damage|p2b: Walking Wake|0 fnt\n|faint|p2b: Walking Wake\n|-end|p2b: Walking Wake|Protosynthesis|[silent]\n|move|p1a: Farigiraf|Hyper Voice|p2a: Flutter Mane\n|-immune|p2a: Flutter Mane\n|\n|-weather|SunnyDay|[upkeep]\n|-heal|p1b: Zacian|33\/100|[from] Grassy Terrain\n|-heal|p1a: Farigiraf|76\/100|[from] Grassy Terrain\n|upkeep\n|\n|t:|1740020262\n|switch|p2b: Calyrex|Calyrex-Ice, L50|100\/100\n|-ability|p2b: Calyrex|As One\n|-ability|p2b: Calyrex|Unnerve\n|turn|5\n|inactive|huyuplan has 30 seconds left.\n|inactive|huyuplan has 20 seconds left.\n|\n|t:|1740020300\n|move|p1a: Farigiraf|Ally Switch|p1a: Farigiraf\n|swap|p1a: Farigiraf|1|[from] move: Ally Switch\n|move|p2a: Flutter Mane|Moonblast|p1b: Farigiraf\n|-damage|p1b: Farigiraf|29\/100\n|move|p1a: Zacian|Behemoth Blade|p2a: Flutter Mane\n|-supereffective|p2a: Flutter Mane\n|-damage|p2a: Flutter Mane|0 fnt\n|faint|p2a: Flutter Mane\n|-end|p2a: Flutter Mane|Protosynthesis|[silent]\n|move|p2b: Calyrex|Glacial Lance|p1b: Farigiraf|[spread] p1a,p1b\n|-resisted|p1a: Zacian\n|-damage|p1a: Zacian|13\/100\n|-damage|p1b: Farigiraf|0 fnt\n|faint|p1b: Farigiraf\n|-ability|p2b: Calyrex|Chilling Neigh|boost\n|-boost|p2b: Calyrex|atk|1\n|\n|-weather|SunnyDay|[upkeep]\n|-heal|p1a: Zacian|19\/100|[from] Grassy Terrain\n|-fieldend|move: Grassy Terrain\n|upkeep\n|j| KooksVGC\n|\n|t:|1740020320\n|switch|p1b: Chien-Pao|Chien-Pao, L50|100\/100\n|-ability|p1b: Chien-Pao|Sword of Ruin\n|turn|6\n|\n|t:|1740020342\n|-terastallize|p2b: Calyrex|Fairy\n|move|p1a: Zacian|Behemoth Blade|p2b: Calyrex\n|-supereffective|p2b: Calyrex\n|-damage|p2b: Calyrex|0 fnt\n|faint|p2b: Calyrex\n|\n|win|huyuplan\n|raw|huyuplan's rating: 1576 &rarr; <strong>1595<\/strong><br \/>(+19 for winning)\n|raw|ssbutan's rating: 1565 &rarr; <strong>1546<\/strong><br \/>(-19 for losing)\n|l|\u2606ssbutan\n|player|p2|\n|l|\u2606huyuplan\n|player|p1|\n|l| KooksVGC\n|l| Samevgcmons\n|l| ChilledLotusA\n","uploadtime":1740020593,"views":5,"formatid":"gen9vgc2025regg","rating":1546,"private":0,"password":null}