{"id":"gen9vgc2025regg-2304170103","format":"[Gen 9] VGC 2025 Reg G","players":["clout Jesus","RustyChair13"],"log":"|j|\u2606clout Jesus\n|j|\u2606RustyChair13\n|t:|1740017147\n|gametype|doubles\n|player|p1|clout Jesus|ethan|1582\n|player|p2|RustyChair13|scientist-gen4|1699\n|teamsize|p1|6\n|teamsize|p2|6\n|gen|9\n|tier|[Gen 9] VGC 2025 Reg G\n|rated|\n|rule|Species Clause: Limit one of each Pok\u00e9mon\n|rule|Item Clause: Limit 1 of each item\n|clearpoke\n|poke|p1|Groudon, L50|\n|poke|p1|Volcarona, L50, F|\n|poke|p1|Gouging Fire, L50|\n|poke|p1|Iron Bundle, L50|\n|poke|p1|Chien-Pao, L50|\n|poke|p1|Raging Bolt, L50|\n|poke|p2|Zamazenta-*, L50|\n|poke|p2|Chien-Pao, L50|\n|poke|p2|Chi-Yu, L50|\n|poke|p2|Raging Bolt, L50|\n|poke|p2|Flutter Mane, L50|\n|poke|p2|Amoonguss, L50, F|\n|teampreview|4\n|j| Chysial\n|\n|t:|1740017178\n|start\n|switch|p1a: Volcarona|Volcarona, L50, F|100\/100\n|switch|p1b: Gouging Fire|Gouging Fire, L50|100\/100\n|switch|p2a: Chi-Yu|Chi-Yu, L50|100\/100\n|switch|p2b: Zamazenta|Zamazenta-Crowned, L50, shiny|100\/100\n|-ability|p2a: Chi-Yu|Beads of Ruin\n|-ability|p2b: Zamazenta|Dauntless Shield|boost\n|-boost|p2b: Zamazenta|def|1\n|turn|1\n|\n|t:|1740017191\n|move|p2b: Zamazenta|Protect|p2b: Zamazenta\n|-singleturn|p2b: Zamazenta|Protect\n|move|p1b: Gouging Fire|Burning Bulwark|p1b: Gouging Fire\n|-singleturn|p1b: Gouging Fire|move: Protect\n|move|p2a: Chi-Yu|Dark Pulse|p1a: Volcarona\n|-damage|p1a: Volcarona|52\/100\n|move|p1a: Volcarona|Tailwind|p1a: Volcarona\n|-sidestart|p1: clout Jesus|move: Tailwind\n|\n|upkeep\n|turn|2\n|\n|t:|1740017207\n|-terastallize|p2b: Zamazenta|Dragon\n|move|p1b: Gouging Fire|Flare Blitz|p2a: Chi-Yu\n|-resisted|p2a: Chi-Yu\n|-damage|p2a: Chi-Yu|60\/100\n|-damage|p1b: Gouging Fire|92\/100|[from] Recoil\n|move|p1a: Volcarona|Will-O-Wisp|p2b: Zamazenta\n|-status|p2b: Zamazenta|brn\n|move|p2a: Chi-Yu|Dark Pulse|p1a: Volcarona\n|-damage|p1a: Volcarona|1\/100\n|move|p2b: Zamazenta|Body Press|p1b: Gouging Fire\n|-damage|p1b: Gouging Fire|65\/100\n|\n|-damage|p2b: Zamazenta|94\/100 brn|[from] brn\n|upkeep\n|turn|3\n|\n|t:|1740017226\n|move|p1b: Gouging Fire|Breaking Swipe|p2b: Zamazenta|[spread] p2a,p2b\n|-supereffective|p2b: Zamazenta\n|-damage|p2a: Chi-Yu|28\/100\n|-damage|p2b: Zamazenta|80\/100 brn\n|-unboost|p2a: Chi-Yu|atk|1\n|-unboost|p2b: Zamazenta|atk|1\n|move|p1a: Volcarona|Heat Wave|p2a: Chi-Yu|[spread] p2a,p2b\n|-resisted|p2a: Chi-Yu\n|-resisted|p2b: Zamazenta\n|-damage|p2a: Chi-Yu|12\/100\n|-damage|p2b: Zamazenta|64\/100 brn\n|move|p2a: Chi-Yu|Dark Pulse|p1b: Gouging Fire\n|-damage|p1b: Gouging Fire|5\/100\n|move|p2b: Zamazenta|Body Press|p1b: Gouging Fire\n|-damage|p1b: Gouging Fire|0 fnt\n|faint|p1b: Gouging Fire\n|-end|p1b: Gouging Fire|Protosynthesis|[silent]\n|\n|-damage|p2b: Zamazenta|57\/100 brn|[from] brn\n|upkeep\n|\n|t:|1740017246\n|switch|p1b: Groudon|Groudon, L50|100\/100\n|-weather|SunnyDay|[from] ability: Drought|[of] p1b: Groudon\n|turn|4\n|\n|t:|1740017256\n|move|p2b: Zamazenta|Wide Guard|p2b: Zamazenta\n|-singleturn|p2b: Zamazenta|Wide Guard\n|move|p1b: Groudon|High Horsepower|p2a: Chi-Yu\n|-supereffective|p2a: Chi-Yu\n|-damage|p2a: Chi-Yu|0 fnt\n|faint|p2a: Chi-Yu\n|move|p1a: Volcarona|Heat Wave|p2b: Zamazenta\n|-activate|p2b: Zamazenta|move: Wide Guard\n|\n|-weather|SunnyDay|[upkeep]\n|-damage|p2b: Zamazenta|51\/100 brn|[from] brn\n|-sideend|p1: clout Jesus|move: Tailwind\n|upkeep\n|\n|t:|1740017266\n|switch|p2a: Raging Bolt|Raging Bolt, L50|100\/100\n|-activate|p2a: Raging Bolt|ability: Protosynthesis\n|-start|p2a: Raging Bolt|protosynthesisspa\n|turn|5\n|\n|t:|1740017284\n|move|p2a: Raging Bolt|Protect|p2a: Raging Bolt\n|-singleturn|p2a: Raging Bolt|Protect\n|move|p2b: Zamazenta|Body Press|p1a: Volcarona\n|-resisted|p1a: Volcarona\n|-damage|p1a: Volcarona|0 fnt\n|-damage|p2b: Zamazenta|35\/100 brn|[from] item: Rocky Helmet|[of] p1a: Volcarona\n|faint|p1a: Volcarona\n|move|p1b: Groudon|High Horsepower|p2a: Raging Bolt\n|-activate|p2a: Raging Bolt|move: Protect\n|\n|-weather|SunnyDay|[upkeep]\n|-damage|p2b: Zamazenta|29\/100 brn|[from] brn\n|upkeep\n|\n|t:|1740017289\n|switch|p1a: Raging Bolt|Raging Bolt, L50|100\/100\n|-activate|p1a: Raging Bolt|ability: Protosynthesis\n|-start|p1a: Raging Bolt|protosynthesisspa\n|turn|6\n|\n|t:|1740017307\n|move|p2b: Zamazenta|Body Press|p1b: Groudon\n|-damage|p1b: Groudon|76\/100\n|move|p1b: Groudon|Precipice Blades|p2a: Raging Bolt|[spread] p2a,p2b\n|-supereffective|p2a: Raging Bolt\n|-damage|p2a: Raging Bolt|26\/100\n|-damage|p2b: Zamazenta|8\/100 brn\n|move|p2a: Raging Bolt|Dragon Pulse|p1a: Raging Bolt\n|-supereffective|p1a: Raging Bolt\n|-damage|p1a: Raging Bolt|0 fnt\n|faint|p1a: Raging Bolt\n|-end|p1a: Raging Bolt|Protosynthesis|[silent]\n|\n|-weather|SunnyDay|[upkeep]\n|-damage|p2b: Zamazenta|2\/100 brn|[from] brn\n|upkeep\n|turn|7\n|\n|t:|1740017323\n|move|p2b: Zamazenta|Body Press|p1b: Groudon\n|-damage|p1b: Groudon|55\/100\n|move|p1b: Groudon|High Horsepower|p2a: Raging Bolt\n|-supereffective|p2a: Raging Bolt\n|-damage|p2a: Raging Bolt|0 fnt\n|faint|p2a: Raging Bolt\n|-end|p2a: Raging Bolt|Protosynthesis|[silent]\n|\n|-weather|SunnyDay|[upkeep]\n|-damage|p2b: Zamazenta|0 fnt|[from] brn\n|faint|p2b: Zamazenta\n|upkeep\n|\n|t:|1740017328\n|switch|p2b: Chien-Pao|Chien-Pao, L50|100\/100\n|-ability|p2b: Chien-Pao|Sword of Ruin\n|turn|8\n|\n|t:|1740017333\n|-terastallize|p1b: Groudon|Fire\n|move|p2b: Chien-Pao|Protect|p2b: Chien-Pao\n|-singleturn|p2b: Chien-Pao|Protect\n|move|p1b: Groudon|Heat Crash|p2b: Chien-Pao\n|-activate|p2b: Chien-Pao|move: Protect\n|\n|-weather|none\n|upkeep\n|turn|9\n|\n|t:|1740017339\n|move|p2b: Chien-Pao|Throat Chop|p1b: Groudon\n|-damage|p1b: Groudon|23\/100\n|-start|p1b: Groudon|Throat Chop|[silent]\n|move|p1b: Groudon|Heat Crash|p2b: Chien-Pao\n|-supereffective|p2b: Chien-Pao\n|-enditem|p2b: Chien-Pao|Focus Sash\n|-damage|p2b: Chien-Pao|1\/100\n|\n|upkeep\n|turn|10\n|inactive|Battle timer is ON: inactive players will automatically lose when time's up. (requested by RustyChair13)\n|\n|t:|1740017346\n|move|p2b: Chien-Pao|Throat Chop|p1b: Groudon\n|-damage|p1b: Groudon|0 fnt\n|faint|p1b: Groudon\n|\n|win|RustyChair13\n|raw|clout Jesus's rating: 1582 &rarr; <strong>1568<\/strong><br \/>(-14 for losing)\n|raw|RustyChair13's rating: 1699 &rarr; <strong>1713<\/strong><br \/>(+14 for winning)\n|l|\u2606clout Jesus\n|player|p1|\n|l|\u2606RustyChair13\n|player|p2|\n|l| Chysial\n","uploadtime":1740017524,"views":5,"formatid":"gen9vgc2025regg","rating":1568,"private":0,"password":null}