{"id":"gen9vgc2025regg-2304532533","format":"[Gen 9] VGC 2025 Reg G","players":["413XP","KogaAF1219"],"log":"|j|\u2606413XP\n|j|\u2606KogaAF1219\n|t:|1740071103\n|gametype|doubles\n|player|p1|413XP|1|1639\n|player|p2|KogaAF1219|102|1625\n|teamsize|p1|6\n|teamsize|p2|6\n|gen|9\n|tier|[Gen 9] VGC 2025 Reg G\n|rated|\n|rule|Species Clause: Limit one of each Pok\u00e9mon\n|rule|Item Clause: Limit 1 of each item\n|clearpoke\n|poke|p1|Kyogre, L50|\n|poke|p1|Tornadus, L50, M|\n|poke|p1|Dondozo, L50, M|\n|poke|p1|Tatsugiri-Droopy, L50, F|\n|poke|p1|Tsareena, L50, F|\n|poke|p1|Chien-Pao, L50|\n|poke|p2|Koraidon, L50|\n|poke|p2|Indeedee, L50, M|\n|poke|p2|Whimsicott, L50, M|\n|poke|p2|Torkoal, L50, F|\n|poke|p2|Ogerpon-Cornerstone, L50, F|\n|poke|p2|Chi-Yu, L50|\n|teampreview|4\n|l|\u2606KogaAF1219\n|player|p2|\n|inactive|Battle timer is ON: inactive players will automatically lose when time's up. (requested by 413XP)\n|j| Reverie Jr.\n|j|\u2606KogaAF1219\n|inactive|KogaAF1219 reconnected and has 75 seconds left.\n|player|p2|KogaAF1219|102|\n|inactive|413XP has 60 seconds left.\n|inactive|KogaAF1219 has 60 seconds left.\n|\n|t:|1740071151\n|start\n|switch|p1a: Dondozo|Dondozo, L50, M|100\/100\n|switch|p1b: Kyogre|Kyogre, L50|100\/100\n|switch|p2a: Whimsicott|Whimsicott, L50, M|100\/100\n|switch|p2b: Ogerpon|Ogerpon-Cornerstone, L50, F|100\/100\n|-weather|RainDance|[from] ability: Drizzle|[of] p1b: Kyogre\n|turn|1\n|inactive|413XP has 30 seconds left.\n|\n|t:|1740071176\n|switch|p1b: Tatsugiri|Tatsugiri-Droopy, L50, F|100\/100\n|-activate|p1b: Tatsugiri|ability: Commander|[of] p1a: Dondozo\n|-boost|p1a: Dondozo|atk|2\n|-boost|p1a: Dondozo|spa|2\n|-boost|p1a: Dondozo|spe|2\n|-boost|p1a: Dondozo|def|2\n|-boost|p1a: Dondozo|spd|2\n|move|p2a: Whimsicott|Sunny Day|p2a: Whimsicott\n|-weather|SunnyDay\n|move|p2b: Ogerpon|Horn Leech|p1a: Dondozo\n|-supereffective|p1a: Dondozo\n|-damage|p1a: Dondozo|77\/100\n|move|p1a: Dondozo|Order Up|p2b: Ogerpon\n|-damage|p2b: Ogerpon|49\/100\n|-boost|p1a: Dondozo|def|1\n|\n|-weather|SunnyDay|[upkeep]\n|-heal|p1a: Dondozo|83\/100|[from] item: Leftovers\n|upkeep\n|turn|2\n|\n|t:|1740071197\n|switch|p2a: Chi-Yu|Chi-Yu, L50|100\/100\n|-ability|p2a: Chi-Yu|Beads of Ruin\n|move|p1a: Dondozo|Protect|p1a: Dondozo\n|-singleturn|p1a: Dondozo|Protect\n|move|p2b: Ogerpon|Horn Leech|p1a: Dondozo\n|-activate|p1a: Dondozo|move: Protect\n|\n|-weather|SunnyDay|[upkeep]\n|-heal|p1a: Dondozo|89\/100|[from] item: Leftovers\n|upkeep\n|turn|3\n|\n|t:|1740071205\n|switch|p2b: Indeedee|Indeedee, L50, M|100\/100\n|-fieldstart|move: Psychic Terrain|[from] ability: Psychic Surge|[of] p2b: Indeedee\n|move|p2a: Chi-Yu|Dark Pulse|p1a: Dondozo\n|-damage|p1a: Dondozo|62\/100\n|move|p1a: Dondozo|Body Press|p2a: Chi-Yu\n|-supereffective|p2a: Chi-Yu\n|-damage|p2a: Chi-Yu|0 fnt\n|faint|p2a: Chi-Yu\n|\n|-weather|SunnyDay|[upkeep]\n|-heal|p1a: Dondozo|68\/100|[from] item: Leftovers\n|upkeep\n|\n|t:|1740071216\n|switch|p2a: Whimsicott|Whimsicott, L50, M|100\/100\n|turn|4\n|\n|t:|1740071236\n|-terastallize|p2b: Indeedee|Fairy\n|move|p2a: Whimsicott|Tailwind|p2a: Whimsicott\n|-sidestart|p2: KogaAF1219|move: Tailwind\n|move|p2b: Indeedee|Expanding Force|p1b: Tatsugiri|[spread] p1a\n|-miss|p2b: Indeedee|p1b: Tatsugiri\n|-damage|p1a: Dondozo|46\/100\n|move|p1a: Dondozo|Body Press|p2b: Indeedee\n|-resisted|p2b: Indeedee\n|-damage|p2b: Indeedee|31\/100\n|\n|-weather|SunnyDay|[upkeep]\n|-heal|p1a: Dondozo|52\/100|[from] item: Leftovers\n|upkeep\n|turn|5\n|\n|t:|1740071247\n|move|p2b: Indeedee|Expanding Force|p1a: Dondozo|[spread] p1a\n|-miss|p2b: Indeedee|p1b: Tatsugiri\n|-damage|p1a: Dondozo|27\/100\n|move|p2a: Whimsicott|Moonblast|p1a: Dondozo\n|-damage|p1a: Dondozo|13\/100\n|move|p1a: Dondozo|Body Press|p2b: Indeedee\n|-resisted|p2b: Indeedee\n|-crit|p2b: Indeedee\n|-damage|p2b: Indeedee|0 fnt\n|faint|p2b: Indeedee\n|\n|-weather|none\n|-heal|p1a: Dondozo|20\/100|[from] item: Leftovers\n|upkeep\n|\n|t:|1740071253\n|switch|p2b: Ogerpon|Ogerpon-Cornerstone, L50, F|49\/100\n|turn|6\n|\n|t:|1740071268\n|move|p2b: Ogerpon|Horn Leech|p1a: Dondozo\n|-supereffective|p1a: Dondozo\n|-damage|p1a: Dondozo|0 fnt\n|-heal|p2b: Ogerpon|63\/100|[from] drain|[of] p1a: Dondozo\n|faint|p1a: Dondozo\n|move|p2a: Whimsicott|Moonblast|p1b: Tatsugiri\n|-supereffective|p1b: Tatsugiri\n|-damage|p1b: Tatsugiri|25\/100\n|-unboost|p1b: Tatsugiri|spa|1\n|\n|upkeep\n|\n|t:|1740071275\n|switch|p1a: Tornadus|Tornadus, L50, M|100\/100\n|turn|7\n|\n|t:|1740071286\n|-terastallize|p1a: Tornadus|Steel\n|move|p2a: Whimsicott|Light Screen|p2a: Whimsicott\n|-sidestart|p2: KogaAF1219|move: Light Screen\n|move|p1a: Tornadus|Tailwind|p1a: Tornadus\n|-sidestart|p1: 413XP|move: Tailwind\n|move|p1b: Tatsugiri|Draco Meteor|p2b: Ogerpon\n|-damage|p2b: Ogerpon|31\/100\n|-unboost|p1b: Tatsugiri|spa|2\n|move|p2b: Ogerpon|Ivy Cudgel|p1a: Tornadus|[anim] Ivy Cudgel Rock\n|-resisted|p1a: Tornadus\n|-damage|p1a: Tornadus|63\/100\n|\n|-sideend|p2: KogaAF1219|move: Tailwind\n|-fieldend|move: Psychic Terrain\n|upkeep\n|turn|8\n|inactive|413XP has 30 seconds left.\n|inactive|413XP has 20 seconds left.\n|\n|t:|1740071321\n|switch|p1b: Kyogre|Kyogre, L50|100\/100\n|-weather|RainDance|[from] ability: Drizzle|[of] p1b: Kyogre\n|move|p2a: Whimsicott|Tailwind|p2a: Whimsicott\n|-sidestart|p2: KogaAF1219|move: Tailwind\n|move|p1a: Tornadus|Hurricane|p2b: Ogerpon\n|-damage|p2b: Ogerpon|0 fnt\n|faint|p2b: Ogerpon\n|\n|-weather|RainDance|[upkeep]\n|upkeep\n|turn|9\n|-message|KogaAF1219 forfeited.\n|\n|win|413XP\n|raw|413XP's rating: 1639 &rarr; <strong>1658<\/strong><br \/>(+19 for winning)\n|raw|KogaAF1219's rating: 1625 &rarr; <strong>1606<\/strong><br \/>(-19 for losing)\n|l|\u2606KogaAF1219\n|player|p2|\n|l| Reverie Jr.\n|l|\u2606413XP\n|player|p1|\n","uploadtime":1740071335,"views":9,"formatid":"gen9vgc2025regg","rating":1606,"private":0,"password":null}