{"id":"gen9vgc2025regg-2304302937","format":"[Gen 9] VGC 2025 Reg G","players":["necrozma000","huanyu0.0"],"log":"|j|\u2606necrozma000\n|j|\u2606huanyu0.0\n|t:|1740039634\n|gametype|doubles\n|player|p1|necrozma000|266|1545\n|player|p2|huanyu0.0|2|1563\n|teamsize|p1|6\n|teamsize|p2|6\n|gen|9\n|tier|[Gen 9] VGC 2025 Reg G\n|rated|\n|rule|Species Clause: Limit one of each Pok\u00e9mon\n|rule|Item Clause: Limit 1 of each item\n|clearpoke\n|poke|p1|Dondozo, L50, M|\n|poke|p1|Tatsugiri, L50, F|\n|poke|p1|Regigigas, L50|\n|poke|p1|Calyrex-Shadow, L50|\n|poke|p1|Indeedee-F, L50, F|\n|poke|p1|Pelipper, L50, F|\n|poke|p2|Calyrex-Ice, L50|\n|poke|p2|Mienshao, L50, M|\n|poke|p2|Ogerpon-Hearthflame, L50, F|\n|poke|p2|Raging Bolt, L50|\n|poke|p2|Amoonguss, L50, M|\n|poke|p2|Landorus, L50, M|\n|teampreview|4\n|inactive|Battle timer is ON: inactive players will automatically lose when time's up. (requested by huanyu0.0)\n|inactive|necrozma000 also wants the timer to be on.\n|inactive|huanyu0.0 has 60 seconds left.\n|inactive|necrozma000 has 60 seconds left.\n|inactive|huanyu0.0 has 30 seconds left.\n|\n|t:|1740039699\n|start\n|switch|p1a: Regigigas|Regigigas, L50|100\/100\n|switch|p1b: Calyrex|Calyrex-Shadow, L50|100\/100\n|switch|p2a: Calyrex|Calyrex-Ice, L50|100\/100\n|switch|p2b: Mienshao|Mienshao, L50, M|100\/100\n|-ability|p1b: Calyrex|As One\n|-ability|p1b: Calyrex|Unnerve\n|-ability|p2a: Calyrex|As One\n|-ability|p2a: Calyrex|Unnerve\n|-start|p1a: Regigigas|ability: Slow Start\n|turn|1\n|inactive|huanyu0.0 has 30 seconds left.\n|inactive|huanyu0.0 has 20 seconds left.\n|\n|t:|1740039734\n|move|p2a: Calyrex|Protect|p2a: Calyrex\n|-singleturn|p2a: Calyrex|Protect\n|move|p1b: Calyrex|Expanding Force|p2b: Mienshao\n|-supereffective|p2b: Mienshao\n|-enditem|p2b: Mienshao|Focus Sash\n|-damage|p2b: Mienshao|1\/100\n|move|p2b: Mienshao|Taunt|p1a: Regigigas\n|-start|p1a: Regigigas|move: Taunt\n|move|p1a: Regigigas|Fling|p2a: Calyrex\n|-activate|p2a: Calyrex|move: Protect\n|-enditem|p1a: Regigigas|Flame Orb|[from] move: Fling\n|\n|upkeep\n|turn|2\n|inactive|huanyu0.0 has 30 seconds left.\n|\n|t:|1740039760\n|move|p2b: Mienshao|Wide Guard|p2b: Mienshao\n|-singleturn|p2b: Mienshao|Wide Guard\n|move|p1b: Calyrex|Astral Barrage|p2b: Mienshao|[spread] \n|-activate|p2a: Calyrex|move: Wide Guard\n|-activate|p2b: Mienshao|move: Wide Guard\n|move|p1a: Regigigas|Fling||[still]\n|-fail|p1a: Regigigas\n|move|p2a: Calyrex|Trick Room|p2a: Calyrex\n|-fieldstart|move: Trick Room|[of] p2a: Calyrex\n|\n|upkeep\n|turn|3\n|inactive|necrozma000 has 30 seconds left.\n|inactive|necrozma000 has 20 seconds left.\n|inactive|necrozma000 has 15 seconds left.\n|inactive|necrozma000 has 10 seconds left.\n|inactive|necrozma000 has 5 seconds left.\n|\n|t:|1740039812\n|move|p2b: Mienshao|Wide Guard|p2b: Mienshao\n|-singleturn|p2b: Mienshao|Wide Guard\n|move|p1a: Regigigas|Facade|p2b: Mienshao\n|-damage|p2b: Mienshao|0 fnt\n|faint|p2b: Mienshao\n|move|p2a: Calyrex|Glacial Lance|p1b: Calyrex|[spread] p1a,p1b\n|-damage|p1a: Regigigas|67\/100\n|-damage|p1b: Calyrex|37\/100\n|move|p1b: Calyrex|Astral Barrage|p2a: Calyrex\n|-activate|p2a: Calyrex|move: Wide Guard\n|\n|-end|p1a: Regigigas|move: Taunt\n|upkeep\n|\n|t:|1740039833\n|switch|p2b: Amoonguss|Amoonguss, L50, M|100\/100\n|turn|4\n|\n|t:|1740039853\n|-terastallize|p2a: Calyrex|Water\n|move|p1a: Regigigas|Wide Guard|p1a: Regigigas\n|-singleturn|p1a: Regigigas|Wide Guard\n|move|p2b: Amoonguss|Spore|p1a: Regigigas\n|-status|p1a: Regigigas|slp|[from] move: Spore\n|move|p2a: Calyrex|High Horsepower|p1b: Calyrex\n|-damage|p1b: Calyrex|0 fnt\n|faint|p1b: Calyrex\n|-ability|p2a: Calyrex|Chilling Neigh|boost\n|-boost|p2a: Calyrex|atk|1\n|\n|upkeep\n|\n|t:|1740039865\n|switch|p1b: Dondozo|Dondozo, L50, M|100\/100\n|turn|5\n|\n|t:|1740039880\n|move|p1b: Dondozo|Protect|p1b: Dondozo\n|-singleturn|p1b: Dondozo|Protect\n|move|p2b: Amoonguss|Spore|p1b: Dondozo\n|-activate|p1b: Dondozo|move: Protect\n|cant|p1a: Regigigas|slp\n|move|p2a: Calyrex|Glacial Lance|p1b: Dondozo|[spread] p1a\n|-activate|p1b: Dondozo|move: Protect\n|-damage|p1a: Regigigas|18\/100 slp\n|\n|-end|p1a: Regigigas|Slow Start\n|upkeep\n|turn|6\n|\n|t:|1740039895\n|move|p1b: Dondozo|Protect|p1b: Dondozo\n|-singleturn|p1b: Dondozo|Protect\n|move|p2b: Amoonguss|Spore|p1b: Dondozo\n|-activate|p1b: Dondozo|move: Protect\n|move|p2a: Calyrex|Glacial Lance|p1a: Regigigas|[spread] p1a\n|-activate|p1b: Dondozo|move: Protect\n|-damage|p1a: Regigigas|0 fnt\n|faint|p1a: Regigigas\n|-end|p1a: Regigigas|Slow Start|[silent]\n|-ability|p2a: Calyrex|Chilling Neigh|boost\n|-boost|p2a: Calyrex|atk|1\n|\n|-fieldend|move: Trick Room\n|upkeep\n|\n|t:|1740039900\n|switch|p1a: Tatsugiri|Tatsugiri, L50, F|100\/100\n|-activate|p1a: Tatsugiri|ability: Commander|[of] p1b: Dondozo\n|-boost|p1b: Dondozo|atk|2\n|-boost|p1b: Dondozo|spa|2\n|-boost|p1b: Dondozo|spe|2\n|-boost|p1b: Dondozo|def|2\n|-boost|p1b: Dondozo|spd|2\n|turn|7\n|\n|t:|1740039918\n|-terastallize|p1b: Dondozo|Ice\n|move|p1b: Dondozo|Tera Blast|p2b: Amoonguss|[anim] Tera Blast Ice\n|-supereffective|p2b: Amoonguss\n|-crit|p2b: Amoonguss\n|-damage|p2b: Amoonguss|0 fnt\n|faint|p2b: Amoonguss\n|move|p2a: Calyrex|Trick Room|p2a: Calyrex\n|-fieldstart|move: Trick Room|[of] p2a: Calyrex\n|\n|upkeep\n|\n|t:|1740039925\n|switch|p2b: Raging Bolt|Raging Bolt, L50|100\/100\n|turn|8\n|\n|t:|1740039941\n|move|p1b: Dondozo|Protect|p1b: Dondozo\n|-singleturn|p1b: Dondozo|Protect\n|move|p2a: Calyrex|High Horsepower|p1b: Dondozo\n|-activate|p1b: Dondozo|move: Protect\n|move|p2b: Raging Bolt|Thunderbolt|p1b: Dondozo\n|-activate|p1b: Dondozo|move: Protect\n|\n|upkeep\n|turn|9\n|\n|t:|1740039950\n|move|p2a: Calyrex|High Horsepower|p1b: Dondozo\n|-damage|p1b: Dondozo|72\/100\n|move|p2b: Raging Bolt|Thunderbolt|p1b: Dondozo\n|-damage|p1b: Dondozo|44\/100\n|move|p1b: Dondozo|Tera Blast|p2b: Raging Bolt|[anim] Tera Blast Ice\n|-supereffective|p2b: Raging Bolt\n|-damage|p2b: Raging Bolt|0 fnt\n|faint|p2b: Raging Bolt\n|-end|p2b: Raging Bolt|Protosynthesis|[silent]\n|\n|upkeep\n|turn|10\n|\n|t:|1740039960\n|move|p1b: Dondozo|Protect|p1b: Dondozo\n|-singleturn|p1b: Dondozo|Protect\n|move|p2a: Calyrex|High Horsepower|p1b: Dondozo\n|-activate|p1b: Dondozo|move: Protect\n|\n|upkeep\n|turn|11\n|\n|t:|1740039963\n|move|p2a: Calyrex|High Horsepower|p1b: Dondozo\n|-damage|p1b: Dondozo|17\/100\n|move|p1b: Dondozo|Earthquake|p2a: Calyrex|[spread] p2a\n|-miss|p1b: Dondozo|p1a: Tatsugiri\n|-damage|p2a: Calyrex|71\/100\n|\n|-fieldend|move: Trick Room\n|upkeep\n|turn|12\n|\n|t:|1740039971\n|move|p1b: Dondozo|Earthquake|p2a: Calyrex|[spread] p2a\n|-miss|p1b: Dondozo|p1a: Tatsugiri\n|-crit|p2a: Calyrex\n|-damage|p2a: Calyrex|31\/100\n|move|p2a: Calyrex|High Horsepower|p1b: Dondozo\n|-damage|p1b: Dondozo|0 fnt\n|faint|p1b: Dondozo\n|-ability|p2a: Calyrex|Chilling Neigh|boost\n|-boost|p2a: Calyrex|atk|1\n|\n|upkeep\n|turn|13\n|\n|t:|1740039984\n|move|p1a: Tatsugiri|Draco Meteor|p2a: Calyrex\n|-damage|p2a: Calyrex|0 fnt\n|-unboost|p1a: Tatsugiri|spa|2\n|faint|p2a: Calyrex\n|\n|win|necrozma000\n|raw|necrozma000's rating: 1545 &rarr; <strong>1566<\/strong><br \/>(+21 for winning)\n|raw|huanyu0.0's rating: 1563 &rarr; <strong>1542<\/strong><br \/>(-21 for losing)\n|l|\u2606necrozma000\n|player|p1|\n|l|\u2606huanyu0.0\n|player|p2|\n","uploadtime":1740040168,"views":7,"formatid":"gen9vgc2025regg","rating":1542,"private":0,"password":null}