{"id":"gen9vgc2025regg-2304353022","format":"[Gen 9] VGC 2025 Reg G","players":["satelite99","ComputerYui"],"log":"|j|\u2606satelite99\n|j|\u2606ComputerYui\n|t:|1740048953\n|gametype|doubles\n|player|p1|satelite99|wallace|1668\n|player|p2|ComputerYui|170|1650\n|teamsize|p1|6\n|teamsize|p2|6\n|gen|9\n|tier|[Gen 9] VGC 2025 Reg G\n|rated|\n|rule|Species Clause: Limit one of each Pok\u00e9mon\n|rule|Item Clause: Limit 1 of each item\n|clearpoke\n|poke|p1|Zamazenta-*, L50|\n|poke|p1|Tornadus, L50, M|\n|poke|p1|Chien-Pao, L50|\n|poke|p1|Raging Bolt, L50|\n|poke|p1|Urshifu-*, L50, M|\n|poke|p1|Gholdengo, L50|\n|poke|p2|Armarouge, L50, M|\n|poke|p2|Indeedee-F, L50, F|\n|poke|p2|Koraidon, L50|\n|poke|p2|Whimsicott, L50, F|\n|poke|p2|Walking Wake, L50|\n|poke|p2|Iron Valiant, L50|\n|teampreview|4\nsatelite99 rejected open team sheets.\n|\n|t:|1740048999\n|start\n|switch|p1a: Zamazenta|Zamazenta-Crowned, L50|100\/100\n|switch|p1b: Chien-Pao|Chien-Pao, L50|100\/100\n|switch|p2a: Whimsicott|Whimsicott, L50, F, shiny|100\/100\n|switch|p2b: Koraidon|Koraidon, L50|100\/100\n|-weather|SunnyDay|[from] ability: Orichalcum Pulse|[of] p2b: Koraidon\n|-activate|p2b: Koraidon|Orichalcum Pulse|[source]\n|-ability|p1b: Chien-Pao|Sword of Ruin\n|-ability|p1a: Zamazenta|Dauntless Shield|boost\n|-boost|p1a: Zamazenta|def|1\n|turn|1\n|\n|t:|1740049019\n|-terastallize|p1a: Zamazenta|Dragon\n|move|p2a: Whimsicott|Dazzling Gleam|p1a: Zamazenta|[spread] p1a,p1b\n|-supereffective|p1a: Zamazenta\n|-supereffective|p1b: Chien-Pao\n|-crit|p1b: Chien-Pao\n|-damage|p1a: Zamazenta|68\/100\n|-enditem|p1b: Chien-Pao|Focus Sash\n|-damage|p1b: Chien-Pao|1\/100\n|move|p2b: Koraidon|U-turn|p1b: Chien-Pao\n|-supereffective|p1b: Chien-Pao\n|-damage|p1b: Chien-Pao|0 fnt\n|faint|p1b: Chien-Pao\n|\n|t:|1740049031\n|switch|p2b: Indeedee|Indeedee-F, L50, F, shiny|100\/100|[from] U-turn\n|-fieldstart|move: Psychic Terrain|[from] ability: Psychic Surge|[of] p2b: Indeedee\n|move|p1a: Zamazenta|Behemoth Bash|p2a: Whimsicott\n|-supereffective|p2a: Whimsicott\n|-enditem|p2a: Whimsicott|Focus Sash\n|-damage|p2a: Whimsicott|1\/100\n|\n|-weather|SunnyDay|[upkeep]\n|upkeep\n|\n|t:|1740049058\n|switch|p1b: Tornadus|Tornadus, L50, M|100\/100\n|turn|2\n|\n|t:|1740049092\n|move|p1a: Zamazenta|Protect|p1a: Zamazenta\n|-singleturn|p1a: Zamazenta|Protect\n|move|p2b: Indeedee|Follow Me|p2b: Indeedee\n|-singleturn|p2b: Indeedee|move: Follow Me\n|move|p1b: Tornadus|Rain Dance|p1b: Tornadus\n|-weather|RainDance\n|move|p2a: Whimsicott|Tailwind|p2a: Whimsicott\n|-sidestart|p2: ComputerYui|move: Tailwind\n|\n|-weather|RainDance|[upkeep]\n|upkeep\n|turn|3\n|\n|t:|1740049111\n|switch|p2a: Koraidon|Koraidon, L50|100\/100\n|-weather|SunnyDay|[from] ability: Orichalcum Pulse|[of] p2a: Koraidon\n|-activate|p2a: Koraidon|Orichalcum Pulse|[source]\n|move|p1a: Zamazenta|Wide Guard|p1a: Zamazenta\n|-singleturn|p1a: Zamazenta|Wide Guard\n|move|p2b: Indeedee|Follow Me|p2b: Indeedee\n|-singleturn|p2b: Indeedee|move: Follow Me\n|move|p1b: Tornadus|Tailwind|p1b: Tornadus\n|-sidestart|p1: satelite99|move: Tailwind\n|\n|-weather|SunnyDay|[upkeep]\n|upkeep\n|turn|4\n|\n|t:|1740049135\n|move|p2b: Indeedee|Follow Me|p2b: Indeedee\n|-singleturn|p2b: Indeedee|move: Follow Me\n|move|p1b: Tornadus|Rain Dance|p1b: Tornadus\n|-weather|RainDance\n|move|p2a: Koraidon|U-turn|p1b: Tornadus\n|-resisted|p1b: Tornadus\n|-damage|p1b: Tornadus|88\/100\n|-damage|p2a: Koraidon|84\/100|[from] item: Rocky Helmet|[of] p1b: Tornadus\n|\n|t:|1740049157\n|switch|p2a: Armarouge|Armarouge, L50, M, shiny|100\/100|[from] U-turn\n|move|p1a: Zamazenta|Body Press|p2b: Indeedee\n|-damage|p2b: Indeedee|34\/100\n|-enditem|p2b: Indeedee|Eject Button\n|j| EllAkuro\n|\n|t:|1740049167\n|switch|p2b: Koraidon|Koraidon, L50|84\/100\n|-weather|SunnyDay|[from] ability: Orichalcum Pulse|[of] p2b: Koraidon\n|-activate|p2b: Koraidon|Orichalcum Pulse|[source]\n|\n|-weather|SunnyDay|[upkeep]\n|upkeep\n|turn|5\n|\n|t:|1740049185\n|move|p1a: Zamazenta|Protect|p1a: Zamazenta\n|-singleturn|p1a: Zamazenta|Protect\n|move|p1b: Tornadus|Rain Dance|p1b: Tornadus\n|-weather|RainDance\n|move|p2b: Koraidon|Bulldoze|p1b: Tornadus|[spread] p2a\n|-activate|p1a: Zamazenta|move: Protect\n|-immune|p1b: Tornadus\n|-supereffective|p2a: Armarouge\n|-damage|p2a: Armarouge|67\/100\n|-unboost|p2a: Armarouge|spe|1\n|-ability|p2a: Armarouge|Weak Armor|boost\n|-unboost|p2a: Armarouge|def|1\n|-boost|p2a: Armarouge|spe|2\n|-enditem|p2a: Armarouge|Weakness Policy\n|-boost|p2a: Armarouge|atk|2|[from] item: Weakness Policy\n|-boost|p2a: Armarouge|spa|2|[from] item: Weakness Policy\n|move|p2a: Armarouge|Expanding Force|p1a: Zamazenta|[spread] p1b\n|-activate|p1a: Zamazenta|move: Protect\n|-damage|p1b: Tornadus|0 fnt\n|faint|p1b: Tornadus\n|\n|-weather|RainDance|[upkeep]\n|-sideend|p2: ComputerYui|move: Tailwind\n|-fieldend|move: Psychic Terrain\n|upkeep\n|\n|t:|1740049200\n|switch|p1b: Raging Bolt|Raging Bolt, L50|100\/100\n|-enditem|p1b: Raging Bolt|Booster Energy\n|-activate|p1b: Raging Bolt|ability: Protosynthesis|[fromitem]\n|-start|p1b: Raging Bolt|protosynthesisspa\n|turn|6\n|l| EllAkuro\n|\n|t:|1740049230\n|switch|p2b: Indeedee|Indeedee-F, L50, F, shiny|34\/100\n|-fieldstart|move: Psychic Terrain|[from] ability: Psychic Surge|[of] p2b: Indeedee\n|move|p1a: Zamazenta|Body Press|p2b: Indeedee\n|-damage|p2b: Indeedee|0 fnt\n|faint|p2b: Indeedee\n|move|p1b: Raging Bolt|Thunderbolt|p2a: Armarouge\n|-damage|p2a: Armarouge|0 fnt\n|faint|p2a: Armarouge\n|\n|-weather|RainDance|[upkeep]\n|-sideend|p1: satelite99|move: Tailwind\n|upkeep\n|\n|t:|1740049245\n|switch|p2a: Whimsicott|Whimsicott, L50, F, shiny|1\/100\n|switch|p2b: Koraidon|Koraidon, L50|84\/100\n|-weather|SunnyDay|[from] ability: Orichalcum Pulse|[of] p2b: Koraidon\n|-activate|p2b: Koraidon|Orichalcum Pulse|[source]\n|turn|7\n|\n|t:|1740049273\n|-terastallize|p2b: Koraidon|Fire\n|move|p1a: Zamazenta|Protect|p1a: Zamazenta\n|-singleturn|p1a: Zamazenta|Protect\n|move|p1b: Raging Bolt|Protect|p1b: Raging Bolt\n|-singleturn|p1b: Raging Bolt|Protect\n|move|p2a: Whimsicott|Dazzling Gleam|p1a: Zamazenta|[spread] \n|-activate|p1a: Zamazenta|move: Protect\n|-activate|p1b: Raging Bolt|move: Protect\n|move|p2b: Koraidon|Collision Course|p1b: Raging Bolt\n|-activate|p1b: Raging Bolt|move: Protect\n|\n|-weather|SunnyDay|[upkeep]\n|upkeep\n|turn|8\n|\n|t:|1740049297\n|move|p1a: Zamazenta|Wide Guard|p1a: Zamazenta\n|-singleturn|p1a: Zamazenta|Wide Guard\n|move|p2a: Whimsicott|Dazzling Gleam|p1b: Raging Bolt|[spread] \n|-activate|p1a: Zamazenta|move: Wide Guard\n|-activate|p1b: Raging Bolt|move: Wide Guard\n|move|p2b: Koraidon|Collision Course|p1b: Raging Bolt\n|-damage|p1b: Raging Bolt|36\/100\n|move|p1b: Raging Bolt|Thunderbolt|p2a: Whimsicott\n|-resisted|p2a: Whimsicott\n|-damage|p2a: Whimsicott|0 fnt\n|faint|p2a: Whimsicott\n|\n|-weather|SunnyDay|[upkeep]\n|upkeep\n|turn|9\n|\n|t:|1740049326\n|move|p1b: Raging Bolt|Protect|p1b: Raging Bolt\n|-singleturn|p1b: Raging Bolt|Protect\n|move|p2b: Koraidon|Collision Course|p1b: Raging Bolt\n|-activate|p1b: Raging Bolt|move: Protect\n|move|p1a: Zamazenta|Body Press|p2b: Koraidon\n|-damage|p2b: Koraidon|19\/100\n|\n|-weather|SunnyDay|[upkeep]\n|upkeep\n|turn|10\n|\n|t:|1740049338\n|move|p2b: Koraidon|Collision Course|p1b: Raging Bolt\n|-damage|p1b: Raging Bolt|0 fnt\n|faint|p1b: Raging Bolt\n|-end|p1b: Raging Bolt|Protosynthesis|[silent]\n|move|p1a: Zamazenta|Body Press|p2b: Koraidon\n|-damage|p2b: Koraidon|0 fnt\n|faint|p2b: Koraidon\n|\n|win|satelite99\n|raw|satelite99's rating: 1668 &rarr; <strong>1687<\/strong><br \/>(+19 for winning)\n|raw|ComputerYui's rating: 1650 &rarr; <strong>1631<\/strong><br \/>(-19 for losing)\n|l|\u2606ComputerYui\n|player|p2|\n|l|\u2606satelite99\n|player|p1|\n","uploadtime":1740049349,"views":7,"formatid":"gen9vgc2025regg","rating":1631,"private":0,"password":null}