{"id":"gen9vgc2025regg-2304546430","format":"[Gen 9] VGC 2025 Reg G","players":["Slackermaru","shef603"],"log":"|j|\u2606Slackermaru\n|j|\u2606shef603\n|t:|1740072477\n|gametype|doubles\n|player|p1|Slackermaru|workerice|1616\n|player|p2|shef603|steven|1561\n|teamsize|p1|6\n|teamsize|p2|6\n|gen|9\n|tier|[Gen 9] VGC 2025 Reg G\n|rated|\n|rule|Species Clause: Limit one of each Pok\u00e9mon\n|rule|Item Clause: Limit 1 of each item\n|clearpoke\n|poke|p1|Calyrex-Ice, L50|\n|poke|p1|Raging Bolt, L50|\n|poke|p1|Urshifu-*, L50, F|\n|poke|p1|Amoonguss, L50, M|\n|poke|p1|Flutter Mane, L50|\n|poke|p1|Chi-Yu, L50|\n|poke|p2|Koraidon, L50|\n|poke|p2|Flutter Mane, L50|\n|poke|p2|Entei, L50|\n|poke|p2|Raging Bolt, L50|\n|poke|p2|Umbreon, L50, F|\n|poke|p2|Ogerpon-Cornerstone, L50, F|\n|teampreview|4\n|\n|t:|1740072516\n|start\n|switch|p1a: Calyrex|Calyrex-Ice, L50|100\/100\n|switch|p1b: Amoonguss|Amoonguss, L50, M, shiny|100\/100\n|switch|p2a: Umbreon|Umbreon, L50, F, shiny|100\/100\n|switch|p2b: Ogerpon|Ogerpon-Cornerstone, L50, F|100\/100\n|-ability|p1a: Calyrex|As One\n|-ability|p1a: Calyrex|Unnerve\n|turn|1\n|inactive|Battle timer is ON: inactive players will automatically lose when time's up. (requested by shef603)\n|\n|t:|1740072543\n|-terastallize|p1a: Calyrex|Fairy\n|move|p2b: Ogerpon|Ivy Cudgel|p1b: Amoonguss|[anim] Ivy Cudgel Rock\n|-damage|p1b: Amoonguss|47\/100\n|move|p2a: Umbreon|Yawn|p1a: Calyrex\n|-start|p1a: Calyrex|move: Yawn|[of] p2a: Umbreon\n|move|p1a: Calyrex|Glacial Lance|p2b: Ogerpon|[spread] p2a,p2b\n|-supereffective|p2b: Ogerpon\n|-damage|p2a: Umbreon|66\/100\n|-ability|p2b: Ogerpon|Sturdy\n|-damage|p2b: Ogerpon|1\/100\n|move|p1b: Amoonguss|Pollen Puff|p2b: Ogerpon\n|-supereffective|p2b: Ogerpon\n|-damage|p2b: Ogerpon|0 fnt\n|faint|p2b: Ogerpon\n|\n|upkeep\n|inactive|shef603 has 30 seconds left.\n|j| OSHAMane\n|\n|t:|1740072577\n|switch|p2b: Koraidon|Koraidon, L50|100\/100\n|-weather|SunnyDay|[from] ability: Orichalcum Pulse|[of] p2b: Koraidon\n|-activate|p2b: Koraidon|Orichalcum Pulse|[source]\n|turn|2\n|\n|t:|1740072600\n|switch|p1a: Raging Bolt|Raging Bolt, L50|100\/100\n|-activate|p1a: Raging Bolt|ability: Protosynthesis\n|-start|p1a: Raging Bolt|protosynthesisspa\n|-terastallize|p2b: Koraidon|Fire\n|move|p2b: Koraidon|Flare Blitz|p1b: Amoonguss\n|-supereffective|p1b: Amoonguss\n|-damage|p1b: Amoonguss|0 fnt\n|-damage|p2b: Koraidon|84\/100|[from] item: Rocky Helmet|[of] p1b: Amoonguss\n|faint|p1b: Amoonguss\n|-damage|p2b: Koraidon|66\/100|[from] Recoil\n|move|p2a: Umbreon|Taunt|p1a: Raging Bolt\n|-start|p1a: Raging Bolt|move: Taunt\n|\n|-weather|SunnyDay|[upkeep]\n|upkeep\n|\n|t:|1740072614\n|switch|p1b: Chi-Yu|Chi-Yu, L50|100\/100\n|-ability|p1b: Chi-Yu|Beads of Ruin\n|turn|3\n|\n|t:|1740072631\n|move|p1a: Raging Bolt|Thunderclap|p2b: Koraidon\n|-damage|p2b: Koraidon|7\/100\n|move|p1b: Chi-Yu|Heat Wave|p2a: Umbreon|[spread] p2a,p2b\n|-resisted|p2b: Koraidon\n|-damage|p2a: Umbreon|6\/100\n|-damage|p2b: Koraidon|0 fnt\n|faint|p2b: Koraidon\n|move|p2a: Umbreon|Yawn|p1a: Raging Bolt\n|-start|p1a: Raging Bolt|move: Yawn|[of] p2a: Umbreon\n|\n|-weather|SunnyDay|[upkeep]\n|upkeep\n|\n|t:|1740072640\n|switch|p2b: Flutter Mane|Flutter Mane, L50|100\/100\n|-activate|p2b: Flutter Mane|ability: Protosynthesis\n|-start|p2b: Flutter Mane|protosynthesisspe\n|turn|4\n|\n|t:|1740072648\n|move|p2b: Flutter Mane|Protect|p2b: Flutter Mane\n|-singleturn|p2b: Flutter Mane|Protect\n|move|p1b: Chi-Yu|Heat Wave|p2b: Flutter Mane|[spread] p2a\n|-activate|p2b: Flutter Mane|move: Protect\n|-damage|p2a: Umbreon|0 fnt\n|faint|p2a: Umbreon\n|move|p1a: Raging Bolt|Volt Switch|p2b: Flutter Mane\n|-activate|p2b: Flutter Mane|move: Protect\n|\n|-weather|SunnyDay|[upkeep]\n|-end|p1a: Raging Bolt|move: Taunt\n|-end|p1a: Raging Bolt|move: Yawn|[silent]\n|-status|p1a: Raging Bolt|slp\n|upkeep\n|turn|5\n|\n|t:|1740072665\n|move|p2b: Flutter Mane|Dazzling Gleam|p1a: Raging Bolt|[spread] p1a,p1b\n|-supereffective|p1a: Raging Bolt\n|-damage|p1a: Raging Bolt|54\/100 slp\n|-damage|p1b: Chi-Yu|59\/100\n|move|p1b: Chi-Yu|Heat Wave|p2b: Flutter Mane\n|-enditem|p2b: Flutter Mane|Focus Sash\n|-damage|p2b: Flutter Mane|1\/100\n|cant|p1a: Raging Bolt|slp\n|\n|-weather|SunnyDay|[upkeep]\n|upkeep\n|turn|6\n|\n|t:|1740072676\n|switch|p1b: Calyrex|Calyrex-Ice, L50, tera:Fairy|100\/100\n|-ability|p1b: Calyrex|As One\n|-ability|p1b: Calyrex|Unnerve\n|move|p2b: Flutter Mane|Moonblast|p1b: Calyrex\n|-damage|p1b: Calyrex|63\/100\n|cant|p1a: Raging Bolt|slp\n|\n|-weather|none\n|-end|p2b: Flutter Mane|Protosynthesis\n|-end|p1a: Raging Bolt|Protosynthesis\n|upkeep\n|turn|7\n|-message|shef603 forfeited.\n|\n|win|Slackermaru\n|raw|Slackermaru's rating: 1616 &rarr; <strong>1633<\/strong><br \/>(+17 for winning)\n|raw|shef603's rating: 1561 &rarr; <strong>1544<\/strong><br \/>(-17 for losing)\n|l|\u2606shef603\n|player|p2|\n|l|\u2606Slackermaru\n|player|p1|\n|l| OSHAMane\n","uploadtime":1740072852,"views":5,"formatid":"gen9vgc2025regg","rating":1544,"private":0,"password":null}