{"id":"gen9vgc2025regg-2304331223","format":"[Gen 9] VGC 2025 Reg G","players":["Has_Perry","llefface"],"log":"|j|\u2606Has_Perry\n|j|\u2606llefface\n|t:|1740045013\n|gametype|doubles\n|player|p1|Has_Perry|veteran|1572\n|player|p2|llefface|lana-masters|1644\n|teamsize|p1|6\n|teamsize|p2|6\n|gen|9\n|tier|[Gen 9] VGC 2025 Reg G\n|rated|\n|rule|Species Clause: Limit one of each Pok\u00e9mon\n|rule|Item Clause: Limit 1 of each item\n|clearpoke\n|poke|p1|Giratina, L50|\n|poke|p1|Grimmsnarl, L50, M|\n|poke|p1|Incineroar, L50, M|\n|poke|p1|Rillaboom, L50, M|\n|poke|p1|Urshifu-*, L50, M|\n|poke|p1|Glimmora, L50, F|\n|poke|p2|Miraidon, L50|\n|poke|p2|Whimsicott, L50, F|\n|poke|p2|Entei, L50|\n|poke|p2|Farigiraf, L50, F|\n|poke|p2|Ogerpon-Wellspring, L50, F|\n|poke|p2|Iron Hands, L50|\n|teampreview|4\n|c|\u2606llefface|glhf!\n|c|\u2606Has_Perry|glhf\n|\n|t:|1740045040\n|start\n|switch|p1a: Rezza Capa|Rillaboom, L50, M|100\/100\n|switch|p1b: Grimmsnarl|Grimmsnarl, L50, M, shiny|100\/100\n|switch|p2a: Entei|Entei, L50|100\/100\n|switch|p2b: Whimsicott|Whimsicott, L50, F|100\/100\n|-fieldstart|move: Grassy Terrain|[from] ability: Grassy Surge|[of] p1a: Rezza Capa\n|turn|1\n|\n|t:|1740045051\n|switch|p1a: Arkenstone|Glimmora, L50, F|100\/100\n|move|p1b: Grimmsnarl|Reflect|p1b: Grimmsnarl\n|-sidestart|p1: Has_Perry|Reflect\n|move|p2b: Whimsicott|Moonblast|p1b: Grimmsnarl\n|-supereffective|p1b: Grimmsnarl\n|-damage|p1b: Grimmsnarl|50\/100\n|-unboost|p1b: Grimmsnarl|spa|1\n|move|p2a: Entei|Sacred Fire|p1a: Arkenstone\n|-resisted|p1a: Arkenstone\n|-damage|p1a: Arkenstone|78\/100\n|-status|p1a: Arkenstone|brn\n|-activate|p1a: Arkenstone|ability: Toxic Debris\n|-sidestart|p2: llefface|move: Toxic Spikes\n|-damage|p2a: Entei|91\/100|[from] item: Life Orb\n|\n|-heal|p2a: Entei|97\/100|[from] Grassy Terrain\n|-heal|p1a: Arkenstone|84\/100 brn|[from] Grassy Terrain\n|-heal|p1b: Grimmsnarl|56\/100|[from] Grassy Terrain\n|-damage|p1a: Arkenstone|78\/100 brn|[from] brn\n|upkeep\n|turn|2\n|\n|t:|1740045077\n|move|p2b: Whimsicott|Tailwind|p2b: Whimsicott\n|-sidestart|p2: llefface|move: Tailwind\n|move|p1b: Grimmsnarl|Thunder Wave|p2a: Entei\n|-status|p2a: Entei|par\n|move|p1a: Arkenstone|Meteor Beam||[still]\n|-prepare|p1a: Arkenstone|Meteor Beam\n|-boost|p1a: Arkenstone|spa|1\n|-enditem|p1a: Arkenstone|Power Herb\n|-anim|p1a: Arkenstone|Meteor Beam|p2a: Entei\n|-supereffective|p2a: Entei\n|-damage|p2a: Entei|0 fnt\n|faint|p2a: Entei\n|\n|-heal|p1a: Arkenstone|84\/100 brn|[from] Grassy Terrain\n|-heal|p1b: Grimmsnarl|62\/100|[from] Grassy Terrain\n|-damage|p1a: Arkenstone|78\/100 brn|[from] brn\n|upkeep\n|\n|t:|1740045082\n|switch|p2a: Miraidon|Miraidon, L50|100\/100\n|-status|p2a: Miraidon|psn\n|-fieldstart|move: Electric Terrain|[from] ability: Hadron Engine|[of] p2a: Miraidon\n|turn|3\n|\n|t:|1740045103\n|switch|p1a: Rezza Capa|Rillaboom, L50, M|100\/100\n|-fieldstart|move: Grassy Terrain|[from] ability: Grassy Surge|[of] p1a: Rezza Capa\n|move|p2b: Whimsicott|Encore||[still]\n|-fail|p2b: Whimsicott\n|move|p1b: Grimmsnarl|Light Screen|p1b: Grimmsnarl\n|-sidestart|p1: Has_Perry|move: Light Screen\n|move|p2a: Miraidon|Volt Switch|p1b: Grimmsnarl\n|-damage|p1b: Grimmsnarl|24\/100\n|\n|t:|1740045106\n|switch|p2a: Ogerpon|Ogerpon-Wellspring, L50, F|100\/100|[from] Volt Switch\n|-status|p2a: Ogerpon|psn\n|\n|-heal|p1b: Grimmsnarl|30\/100|[from] Grassy Terrain\n|-damage|p2a: Ogerpon|88\/100 psn|[from] psn\n|upkeep\n|turn|4\n|\n|t:|1740045125\n|move|p1b: Grimmsnarl|Thunder Wave|p2b: Whimsicott\n|-status|p2b: Whimsicott|par\n|move|p2a: Ogerpon|Wood Hammer|p1a: Rezza Capa\n|-resisted|p1a: Rezza Capa\n|-damage|p1a: Rezza Capa|74\/100\n|-damage|p2a: Ogerpon|78\/100 psn|[from] Recoil\n|move|p2b: Whimsicott|Moonblast|p1b: Grimmsnarl\n|-supereffective|p1b: Grimmsnarl\n|-damage|p1b: Grimmsnarl|0 fnt\n|faint|p1b: Grimmsnarl\n|move|p1a: Rezza Capa|Drum Beating|p2a: Ogerpon\n|-damage|p2a: Ogerpon|15\/100 psn\n|-unboost|p2a: Ogerpon|spe|1\n|\n|-heal|p2a: Ogerpon|21\/100 psn|[from] Grassy Terrain\n|-heal|p1a: Rezza Capa|80\/100|[from] Grassy Terrain\n|-damage|p2a: Ogerpon|9\/100 psn|[from] psn\n|upkeep\n|\n|t:|1740045143\n|switch|p1b: GiratinacoiPiedini|Giratina, L50|100\/100\n|-ability|p1b: GiratinacoiPiedini|Pressure\n|turn|5\n|\n|t:|1740045154\n|switch|p1a: Arkenstone|Glimmora, L50, F|78\/100 brn\n|move|p1b: GiratinacoiPiedini|Protect|p1b: GiratinacoiPiedini\n|-singleturn|p1b: GiratinacoiPiedini|Protect\n|move|p2a: Ogerpon|Wood Hammer|p1a: Arkenstone\n|-damage|p1a: Arkenstone|23\/100 brn\n|-activate|p1a: Arkenstone|ability: Toxic Debris\n|-sidestart|p2: llefface|move: Toxic Spikes\n|-damage|p2a: Ogerpon|0 fnt|[from] Recoil\n|faint|p2a: Ogerpon\n|cant|p2b: Whimsicott|par\n|\n|-heal|p1a: Arkenstone|29\/100 brn|[from] Grassy Terrain\n|-damage|p1a: Arkenstone|23\/100 brn|[from] brn\n|-sideend|p2: llefface|move: Tailwind\n|upkeep\n|\n|t:|1740045158\n|switch|p2a: Miraidon|Miraidon, L50|100\/100 psn\n|-fieldstart|move: Electric Terrain|[from] ability: Hadron Engine|[of] p2a: Miraidon\n|turn|6\n|j| ok3rd\n|\n|t:|1740045180\n|switch|p1b: Rezza Capa|Rillaboom, L50, M|80\/100\n|-fieldstart|move: Grassy Terrain|[from] ability: Grassy Surge|[of] p1b: Rezza Capa\n|-terastallize|p2a: Miraidon|Fairy\n|cant|p2b: Whimsicott|par\n|move|p2a: Miraidon|Dazzling Gleam|p1b: Rezza Capa|[spread] p1a,p1b\n|-resisted|p1a: Arkenstone\n|-damage|p1a: Arkenstone|5\/100 brn\n|-damage|p1b: Rezza Capa|54\/100\n|move|p1a: Arkenstone|Sludge Bomb|p2b: Whimsicott\n|-supereffective|p2b: Whimsicott\n|-damage|p2b: Whimsicott|0 fnt\n|faint|p2b: Whimsicott\n|\n|-heal|p1a: Arkenstone|11\/100 brn|[from] Grassy Terrain\n|-heal|p1b: Rezza Capa|60\/100|[from] Grassy Terrain\n|-damage|p2a: Miraidon|88\/100 psn|[from] psn\n|-damage|p1a: Arkenstone|5\/100 brn|[from] brn\n|upkeep\n|turn|7\n|l| ok3rd\n|c|\u2606llefface|gg\n|\n|t:|1740045196\n|move|p2a: Miraidon|Dazzling Gleam|p1a: Arkenstone|[spread] p1a,p1b\n|-resisted|p1a: Arkenstone\n|-damage|p1a: Arkenstone|0 fnt\n|-damage|p1b: Rezza Capa|33\/100\n|faint|p1a: Arkenstone\n|move|p1b: Rezza Capa|Drum Beating|p2a: Miraidon\n|-damage|p2a: Miraidon|37\/100 psn\n|-unboost|p2a: Miraidon|spe|1\n|\n|-heal|p2a: Miraidon|44\/100 psn|[from] Grassy Terrain\n|-heal|p1b: Rezza Capa|38\/100|[from] Grassy Terrain\n|-damage|p2a: Miraidon|31\/100 psn|[from] psn\n|upkeep\n|\n|t:|1740045203\n|switch|p1a: GiratinacoiPiedini|Giratina, L50|100\/100\n|-ability|p1a: GiratinacoiPiedini|Pressure\n|turn|8\n|\n|t:|1740045208\n|-terastallize|p1a: GiratinacoiPiedini|Fairy\n|move|p1b: Rezza Capa|Grassy Glide|p2a: Miraidon\n|-damage|p2a: Miraidon|0 fnt\n|faint|p2a: Miraidon\n|\n|win|Has_Perry\n|raw|Has_Perry's rating: 1572 &rarr; <strong>1596<\/strong><br \/>(+24 for winning)\n|raw|llefface's rating: 1644 &rarr; <strong>1620<\/strong><br \/>(-24 for losing)\n|l|\u2606llefface\n|player|p2|\n|l|\u2606Has_Perry\n|player|p1|\n","uploadtime":1740045466,"views":5,"formatid":"gen9vgc2025regg","rating":1596,"private":0,"password":null}