{"id":"gen9vgc2025regg-2304726310","format":"[Gen 9] VGC 2025 Reg G","players":["Yung Trav","megraxVGC"],"log":"|j|\u203dYung Trav\n|j|\u2606megraxVGC\n|t:|1740091047\n|gametype|doubles\n|player|p1|Yung Trav|101|1604\n|player|p2|megraxVGC|steven|1569\n|teamsize|p1|6\n|teamsize|p2|6\n|gen|9\n|tier|[Gen 9] VGC 2025 Reg G\n|rated|\n|rule|Species Clause: Limit one of each Pok\u00e9mon\n|rule|Item Clause: Limit 1 of each item\n|clearpoke\n|poke|p1|Calyrex-Ice, L50|\n|poke|p1|Regidrago, L50|\n|poke|p1|Smeargle, L50, M|\n|poke|p1|Farigiraf, L50, M|\n|poke|p1|Urshifu-*, L50, M|\n|poke|p1|Ogerpon-Cornerstone, L50, F|\n|poke|p2|Calyrex-Shadow, L50|\n|poke|p2|Urshifu-*, L50, F|\n|poke|p2|Tornadus, L50, M|\n|poke|p2|Iron Hands, L50|\n|poke|p2|Landorus, L50, M|\n|poke|p2|Rotom-Heat, L50|\n|teampreview|4\n|inactive|Battle timer is ON: inactive players will automatically lose when time's up. (requested by Yung Trav)\n|inactive|megraxVGC also wants the timer to be on.\n|inactive|megraxVGC has 60 seconds left.\n|\n|t:|1740091088\n|start\n|switch|p1a: Calyrex|Calyrex-Ice, L50|100\/100\n|switch|p1b: Ogerpon|Ogerpon-Cornerstone, L50, F|100\/100\n|switch|p2a: Rotom|Rotom-Heat, L50|100\/100\n|switch|p2b: Urshifu|Urshifu-Rapid-Strike, L50, F|100\/100\n|-ability|p1a: Calyrex|As One\n|-ability|p1a: Calyrex|Unnerve\n|turn|1\n|\n|t:|1740091109\n|-terastallize|p1a: Calyrex|Water\n|move|p2b: Urshifu|Detect|p2b: Urshifu\n|-singleturn|p2b: Urshifu|Protect\n|move|p1b: Ogerpon|Power Whip|p2b: Urshifu\n|-activate|p2b: Urshifu|move: Protect\n|move|p2a: Rotom|Will-O-Wisp|p1a: Calyrex\n|-status|p1a: Calyrex|brn\n|move|p1a: Calyrex|Trick Room|p1a: Calyrex\n|-fieldstart|move: Trick Room|[of] p1a: Calyrex\n|\n|-damage|p1a: Calyrex|95\/100 brn|[from] brn\n|upkeep\n|turn|2\n|inactive|megraxVGC has 30 seconds left.\n|\n|t:|1740091143\n|switch|p1b: Smeargle|Smeargle, L50, M, shiny|100\/100\n|-terastallize|p2b: Urshifu|Water\n|move|p1a: Calyrex|Glacial Lance|p2a: Rotom|[spread] p2a,p2b\n|-resisted|p2a: Rotom\n|-resisted|p2b: Urshifu\n|-damage|p2a: Rotom|85\/100\n|-damage|p2b: Urshifu|85\/100\n|move|p2a: Rotom|Double Team|p2a: Rotom\n|-boost|p2a: Rotom|evasion|1\n|move|p2b: Urshifu|Surging Strikes|p1b: Smeargle\n|-crit|p1b: Smeargle\n|-damage|p1b: Smeargle|49\/100\n|-crit|p1b: Smeargle\n|-damage|p1b: Smeargle|0 fnt\n|faint|p1b: Smeargle\n|-hitcount|p1: Smeargle|2\n|\n|-heal|p2a: Rotom|90\/100|[from] item: Leftovers\n|-damage|p1a: Calyrex|89\/100 brn|[from] brn\n|upkeep\n|\n|t:|1740091163\n|switch|p1b: Regidrago|Regidrago, L50, shiny|100\/100\n|turn|3\n|\n|t:|1740091175\n|move|p1b: Regidrago|Dragon Energy|p2a: Rotom|[spread] p2a,p2b\n|-damage|p2a: Rotom|13\/100\n|-damage|p2b: Urshifu|0 fnt\n|faint|p2b: Urshifu\n|move|p1a: Calyrex|Glacial Lance|p2a: Rotom\n|-resisted|p2a: Rotom\n|-damage|p2a: Rotom|0 fnt\n|faint|p2a: Rotom\n|-ability|p1a: Calyrex|Chilling Neigh|boost\n|-boost|p1a: Calyrex|atk|1\n|\n|-damage|p1a: Calyrex|83\/100 brn|[from] brn\n|upkeep\n|\n|t:|1740091186\n|switch|p2a: Iron Hands|Iron Hands, L50|100\/100\n|switch|p2b: Calyrex|Calyrex-Shadow, L50|100\/100\n|-ability|p2b: Calyrex|As One\n|-ability|p2b: Calyrex|Unnerve\n|turn|4\n|\n|t:|1740091200\n|move|p2a: Iron Hands|Fake Out|p1b: Regidrago\n|-damage|p1b: Regidrago|88\/100\n|cant|p1b: Regidrago|flinch\n|move|p1a: Calyrex|Glacial Lance|p2b: Calyrex|[spread] p2a,p2b\n|-damage|p2a: Iron Hands|70\/100\n|-damage|p2b: Calyrex|42\/100\n|move|p2b: Calyrex|Astral Barrage|p1b: Regidrago|[spread] p1a,p1b\n|-damage|p1a: Calyrex|41\/100 brn\n|-damage|p1b: Regidrago|29\/100\n|\n|-damage|p1a: Calyrex|35\/100 brn|[from] brn\n|upkeep\n|turn|5\n|inactive|Yung Trav has 30 seconds left.\n|inactive|Yung Trav has 20 seconds left.\n|\n|t:|1740091236\n|move|p2b: Calyrex|Protect|p2b: Calyrex\n|-singleturn|p2b: Calyrex|Protect\n|move|p1b: Regidrago|Draco Meteor|p2a: Iron Hands\n|-damage|p2a: Iron Hands|14\/100\n|-unboost|p1b: Regidrago|spa|2\n|move|p2a: Iron Hands|Thunder Punch|p1a: Calyrex\n|-supereffective|p1a: Calyrex\n|-damage|p1a: Calyrex|0 fnt\n|faint|p1a: Calyrex\n|\n|-fieldend|move: Trick Room\n|upkeep\n|-message|Yung Trav forfeited.\n|\n|win|megraxVGC\n|raw|Yung Trav's rating: 1604 &rarr; <strong>1582<\/strong><br \/>(-22 for losing)\n|raw|megraxVGC's rating: 1569 &rarr; <strong>1591<\/strong><br \/>(+22 for winning)\n|l|\u203dYung Trav\n|player|p1|\n|l|\u2606megraxVGC\n|player|p2|\n","uploadtime":1740091431,"views":6,"formatid":"gen9vgc2025regg","rating":1582,"private":0,"password":null}