{"id":"gen9vgc2025regg-2304836552","format":"[Gen 9] VGC 2025 Reg G","players":["yuanyangjun1024","jasonrfry3"],"log":"|j|\u2606yuanyangjun1024\n|j|\u2606jasonrfry3\n|t:|1740105168\n|gametype|doubles\n|player|p1|yuanyangjun1024|dawn|1567\n|player|p2|jasonrfry3|169|1568\n|teamsize|p1|6\n|teamsize|p2|6\n|gen|9\n|tier|[Gen 9] VGC 2025 Reg G\n|rated|\n|rule|Species Clause: Limit one of each Pok\u00e9mon\n|rule|Item Clause: Limit 1 of each item\n|clearpoke\n|poke|p1|Grimmsnarl, L50, M|\n|poke|p1|Calyrex-Ice, L50|\n|poke|p1|Landorus, L50, M|\n|poke|p1|Ditto, L50|\n|poke|p1|Urshifu-*, L50, M|\n|poke|p1|Amoonguss, L50, F|\n|poke|p2|Mimikyu, L50, F|\n|poke|p2|Enamorus-Therian, L50, F|\n|poke|p2|Okidogi, L50, M|\n|poke|p2|Calyrex-Ice, L50|\n|poke|p2|Ogerpon-Cornerstone, L50, F|\n|poke|p2|Whimsicott, L50, M|\n|teampreview|4\n|inactive|Battle timer is ON: inactive players will automatically lose when time's up. (requested by jasonrfry3)\n|\n|t:|1740105185\n|start\n|switch|p1a: Grimmsnarl|Grimmsnarl, L50, M, shiny|100\/100\n|switch|p1b: Calyrex|Calyrex-Ice, L50|100\/100\n|switch|p2a: Mimikyu|Mimikyu, L50, F, shiny|100\/100\n|switch|p2b: Okidogi|Okidogi, L50, M|100\/100\n|-ability|p1b: Calyrex|As One\n|-ability|p1b: Calyrex|Unnerve\n|turn|1\n|\n|t:|1740105201\n|switch|p1b: Ditto|Ditto, L50, shiny|100\/100\n|-transform|p1b: Ditto|p2a: Mimikyu|[from] ability: Imposter\n|move|p2b: Okidogi|Gunk Shot|p1a: Grimmsnarl\n|-supereffective|p1a: Grimmsnarl\n|-damage|p1a: Grimmsnarl|0 fnt\n|faint|p1a: Grimmsnarl\n|move|p2a: Mimikyu|Will-O-Wisp|p1b: Ditto\n|-status|p1b: Ditto|brn\n|\n|-damage|p1b: Ditto|95\/100 brn|[from] brn\n|upkeep\n|\n|t:|1740105218\n|switch|p1a: Landorus|Landorus, L50, M|100\/100\n|turn|2\n|\n|t:|1740105241\n|move|p2b: Okidogi|Protect|p2b: Okidogi\n|-singleturn|p2b: Okidogi|Protect\n|move|p1a: Landorus|Sludge Bomb|p2a: Mimikyu\n|-activate|p2a: Mimikyu|ability: Disguise\n|-damage|p2a: Mimikyu|100\/100\n|detailschange|p2a: Mimikyu|Mimikyu-Busted, L50, F, shiny\n|-damage|p2a: Mimikyu|88\/100|[from] pokemon: Mimikyu-Busted\n|move|p1b: Ditto|Will-O-Wisp|p2b: Okidogi\n|-activate|p2b: Okidogi|move: Protect\n|move|p2a: Mimikyu|Trick Room|p2a: Mimikyu\n|-fieldstart|move: Trick Room|[of] p2a: Mimikyu\n|\n|-damage|p1b: Ditto|89\/100 brn|[from] brn\n|upkeep\n|turn|3\n|\n|t:|1740105260\n|move|p2a: Mimikyu|Curse|p1a: Landorus\n|-start|p1a: Landorus|Curse|[of] p2a: Mimikyu\n|-damage|p2a: Mimikyu|38\/100\n|move|p1b: Ditto|Will-O-Wisp|p2b: Okidogi\n|-status|p2b: Okidogi|brn\n|move|p2b: Okidogi|Gunk Shot|p1b: Ditto\n|-damage|p1b: Ditto|45\/100 brn\n|move|p1a: Landorus|Sludge Bomb|p2a: Mimikyu\n|-damage|p2a: Mimikyu|1\/100\n|\n|-damage|p1b: Ditto|39\/100 brn|[from] brn\n|-damage|p2b: Okidogi|94\/100 brn|[from] brn\n|-damage|p1a: Landorus|76\/100|[from] Curse\n|upkeep\n|turn|4\n|-activate|p1b: Ditto|item: Quick Claw\n|\n|t:|1740105285\n|switch|p2b: Calyrex|Calyrex-Ice, L50|100\/100\n|-ability|p2b: Calyrex|As One\n|-ability|p2b: Calyrex|Unnerve\n|move|p2a: Mimikyu|Taunt|p1b: Ditto\n|-start|p1b: Ditto|move: Taunt\n|move|p1a: Landorus|Earth Power|p2b: Calyrex\n|-damage|p2b: Calyrex|52\/100\n|cant|p1b: Ditto|move: Taunt|Trick Room\n|\n|-damage|p1b: Ditto|33\/100 brn|[from] brn\n|-damage|p1a: Landorus|51\/100|[from] Curse\n|upkeep\n|turn|5\n|\n|t:|1740105298\n|move|p1a: Landorus|Protect|p1a: Landorus\n|-singleturn|p1a: Landorus|Protect\n|move|p2b: Calyrex|Glacial Lance|p1b: Ditto|[spread] p1b\n|-activate|p1a: Landorus|move: Protect\n|-damage|p1b: Ditto|0 fnt\n|faint|p1b: Ditto\n|-ability|p2b: Calyrex|Chilling Neigh|boost\n|-boost|p2b: Calyrex|atk|1\n|move|p2a: Mimikyu|Curse||[still]\n|-fail|p2a: Mimikyu\n|\n|-damage|p1a: Landorus|27\/100|[from] Curse\n|upkeep\n|\n|t:|1740105305\n|switch|p1b: Calyrex|Calyrex-Ice, L50|100\/100\n|-ability|p1b: Calyrex|As One\n|-ability|p1b: Calyrex|Unnerve\n|turn|6\n|\n|t:|1740105322\n|move|p2b: Calyrex|Glacial Lance|p1a: Landorus|[spread] p1a,p1b\n|-supereffective|p1a: Landorus\n|-resisted|p1b: Calyrex\n|-damage|p1a: Landorus|0 fnt\n|-damage|p1b: Calyrex|72\/100\n|faint|p1a: Landorus\n|-ability|p2b: Calyrex|Chilling Neigh|boost\n|-boost|p2b: Calyrex|atk|1\n|move|p1b: Calyrex|Glacial Lance|p2b: Calyrex|[spread] p2a,p2b\n|-resisted|p2b: Calyrex\n|-damage|p2a: Mimikyu|0 fnt\n|-damage|p2b: Calyrex|34\/100\n|faint|p2a: Mimikyu\n|-ability|p1b: Calyrex|Chilling Neigh|boost\n|-boost|p1b: Calyrex|atk|1\n|\n|-fieldend|move: Trick Room\n|upkeep\n|\n|t:|1740105326\n|switch|p2a: Enamorus|Enamorus-Therian, L50, F|100\/100\n|turn|7\n|\n|t:|1740105336\n|-terastallize|p2a: Enamorus|Fairy\n|move|p1b: Calyrex|Protect|p1b: Calyrex\n|-singleturn|p1b: Calyrex|Protect\n|move|p2b: Calyrex|Glacial Lance|p1b: Calyrex\n|-activate|p1b: Calyrex|move: Protect\n|move|p2a: Enamorus|Moonblast|p1b: Calyrex\n|-activate|p1b: Calyrex|move: Protect\n|\n|upkeep\n|turn|8\n|\n|t:|1740105347\n|move|p1b: Calyrex|Glacial Lance|p2b: Calyrex|[spread] p2a,p2b\n|-resisted|p2b: Calyrex\n|-damage|p2a: Enamorus|19\/100\n|-damage|p2b: Calyrex|9\/100\n|move|p2b: Calyrex|Glacial Lance|p1b: Calyrex\n|-resisted|p1b: Calyrex\n|-damage|p1b: Calyrex|18\/100\n|move|p2a: Enamorus|Moonblast|p1b: Calyrex\n|-damage|p1b: Calyrex|0 fnt\n|faint|p1b: Calyrex\n|-damage|p2a: Enamorus|9\/100|[from] item: Life Orb\n|\n|win|jasonrfry3\n|raw|yuanyangjun1024's rating: 1567 &rarr; <strong>1547<\/strong><br \/>(-20 for losing)\n|raw|jasonrfry3's rating: 1568 &rarr; <strong>1588<\/strong><br \/>(+20 for winning)\n|l|\u2606yuanyangjun1024\n|player|p1|\n|l|\u2606jasonrfry3\n|player|p2|\n","uploadtime":1740105356,"views":6,"formatid":"gen9vgc2025regg","rating":1547,"private":0,"password":null}