{"id":"gen9vgc2025regg-2304432507","format":"[Gen 9] VGC 2025 Reg G","players":["Teraparkor 6","brednas7"],"log":"|j|\u2606Teraparkor 6\n|j|\u2606brednas7\n|t:|1740060679\n|gametype|doubles\n|player|p1|Teraparkor 6|102|1613\n|player|p2|brednas7|hilbert|1528\n|teamsize|p1|6\n|teamsize|p2|6\n|gen|9\n|tier|[Gen 9] VGC 2025 Reg G\n|rated|\n|rule|Species Clause: Limit one of each Pok\u00e9mon\n|rule|Item Clause: Limit 1 of each item\n|clearpoke\n|poke|p1|Calyrex-Shadow, L50|\n|poke|p1|Urshifu-*, L50, F|\n|poke|p1|Chien-Pao, L50|\n|poke|p1|Amoonguss, L50, M|\n|poke|p1|Landorus, L50, M|\n|poke|p1|Rillaboom, L50, M|\n|poke|p2|Koraidon, L50|\n|poke|p2|Brute Bonnet, L50|\n|poke|p2|Gouging Fire, L50|\n|poke|p2|Flutter Mane, L50|\n|poke|p2|Tinkaton, L50, F|\n|poke|p2|Porygon2, L50|\n|teampreview|4\n|inactive|Battle timer is ON: inactive players will automatically lose when time's up. (requested by Teraparkor 6)\n|\n|t:|1740060704\n|start\n|switch|p1a: Rillaboom|Rillaboom, L50, M|100\/100\n|switch|p1b: Chien-Pao|Chien-Pao, L50|100\/100\n|switch|p2a: Brute Bonnet|Brute Bonnet, L50|100\/100\n|switch|p2b: Tinkaton|Tinkaton, L50, F|100\/100\n|-ability|p1b: Chien-Pao|Sword of Ruin\n|-ability|p2b: Tinkaton|Mold Breaker\n|-fieldstart|move: Grassy Terrain|[from] ability: Grassy Surge|[of] p1a: Rillaboom\n|turn|1\n|\n|t:|1740060726\n|-end|p2a: Brute Bonnet|Protosynthesis|[silent]\n|switch|p2a: Flutter Mane|Flutter Mane, L50|100\/100\n|move|p1b: Chien-Pao|Protect|p1b: Chien-Pao\n|-singleturn|p1b: Chien-Pao|Protect\n|move|p2b: Tinkaton|Fake Out|p1a: Rillaboom\n|-damage|p1a: Rillaboom|87\/100\n|cant|p1a: Rillaboom|flinch\n|\n|-heal|p1a: Rillaboom|93\/100|[from] Grassy Terrain\n|upkeep\n|turn|2\n|\n|t:|1740060745\n|switch|p1b: Landorus|Landorus, L50, M|100\/100\n|move|p2a: Flutter Mane|Protect|p2a: Flutter Mane\n|-singleturn|p2a: Flutter Mane|Protect\n|move|p1a: Rillaboom|Grassy Glide|p2a: Flutter Mane\n|-activate|p2a: Flutter Mane|move: Protect\n|move|p2b: Tinkaton|Gigaton Hammer|p1b: Landorus\n|-damage|p1b: Landorus|39\/100\n|\n|-heal|p1a: Rillaboom|99\/100|[from] Grassy Terrain\n|upkeep\n|turn|3\n|\n|t:|1740060759\n|switch|p1b: Chien-Pao|Chien-Pao, L50|100\/100\n|-ability|p1b: Chien-Pao|Sword of Ruin\n|switch|p2b: Koraidon|Koraidon, L50|100\/100\n|-weather|SunnyDay|[from] ability: Orichalcum Pulse|[of] p2b: Koraidon\n|-activate|p2a: Flutter Mane|ability: Protosynthesis\n|-start|p2a: Flutter Mane|protosynthesisspe\n|-activate|p2b: Koraidon|Orichalcum Pulse|[source]\n|move|p1a: Rillaboom|Grassy Glide|p2a: Flutter Mane\n|-damage|p2a: Flutter Mane|31\/100\n|move|p2a: Flutter Mane|Icy Wind|p1b: Chien-Pao|[spread] p1a,p1b\n|-supereffective|p1a: Rillaboom\n|-resisted|p1b: Chien-Pao\n|-damage|p1a: Rillaboom|83\/100\n|-damage|p1b: Chien-Pao|90\/100\n|-unboost|p1a: Rillaboom|spe|1\n|-unboost|p1b: Chien-Pao|spe|1\n|\n|-weather|SunnyDay|[upkeep]\n|-heal|p2a: Flutter Mane|37\/100|[from] Grassy Terrain\n|-heal|p1b: Chien-Pao|96\/100|[from] Grassy Terrain\n|-heal|p1a: Rillaboom|88\/100|[from] Grassy Terrain\n|upkeep\n|turn|4\n|inactive|brednas7 has 30 seconds left.\n|\n|t:|1740060787\n|-end|p2a: Flutter Mane|Protosynthesis|[silent]\n|switch|p2a: Tinkaton|Tinkaton, L50, F|100\/100\n|-ability|p2a: Tinkaton|Mold Breaker\n|-terastallize|p2b: Koraidon|Fire\n|move|p1a: Rillaboom|Grassy Glide|p2a: Tinkaton\n|-resisted|p2a: Tinkaton\n|-damage|p2a: Tinkaton|74\/100\n|move|p2b: Koraidon|Flame Charge|p1b: Chien-Pao\n|-supereffective|p1b: Chien-Pao\n|-damage|p1b: Chien-Pao|0 fnt\n|-boost|p2b: Koraidon|spe|1\n|faint|p1b: Chien-Pao\n|\n|-weather|SunnyDay|[upkeep]\n|-heal|p2a: Tinkaton|80\/100|[from] Grassy Terrain\n|-heal|p1a: Rillaboom|94\/100|[from] Grassy Terrain\n|upkeep\n|\n|t:|1740060795\n|switch|p1b: Calyrex|Calyrex-Shadow, L50|100\/100\n|-ability|p1b: Calyrex|As One\n|-ability|p1b: Calyrex|Unnerve\n|turn|5\n|\n|t:|1740060812\n|switch|p1a: Landorus|Landorus, L50, M|39\/100\n|move|p1b: Calyrex|Protect|p1b: Calyrex\n|-singleturn|p1b: Calyrex|Protect\n|move|p2b: Koraidon|Flare Blitz|p1b: Calyrex\n|-activate|p1b: Calyrex|move: Protect\n|move|p2a: Tinkaton|Gigaton Hammer|p1a: Landorus\n|-damage|p1a: Landorus|0 fnt\n|faint|p1a: Landorus\n|\n|-weather|SunnyDay|[upkeep]\n|-heal|p2a: Tinkaton|86\/100|[from] Grassy Terrain\n|-fieldend|move: Grassy Terrain\n|upkeep\n|\n|t:|1740060816\n|switch|p1a: Rillaboom|Rillaboom, L50, M|94\/100\n|-fieldstart|move: Grassy Terrain|[from] ability: Grassy Surge|[of] p1a: Rillaboom\n|turn|6\n|\n|t:|1740060831\n|move|p1a: Rillaboom|Fake Out|p2b: Koraidon\n|-damage|p2b: Koraidon|90\/100\n|cant|p2b: Koraidon|flinch\n|move|p1b: Calyrex|Nasty Plot|p1b: Calyrex\n|-boost|p1b: Calyrex|spa|2\n|move|p2a: Tinkaton|Knock Off|p1b: Calyrex\n|-supereffective|p1b: Calyrex\n|-damage|p1b: Calyrex|0 fnt\n|-enditem|p1b: Calyrex|Covert Cloak|[from] move: Knock Off|[of] p2a: Tinkaton\n|faint|p1b: Calyrex\n|\n|-weather|SunnyDay|[upkeep]\n|-heal|p2b: Koraidon|96\/100|[from] Grassy Terrain\n|-heal|p2a: Tinkaton|93\/100|[from] Grassy Terrain\n|-heal|p1a: Rillaboom|99\/100|[from] Grassy Terrain\n|upkeep\n|turn|7\n|-message|Teraparkor 6 forfeited.\n|\n|win|brednas7\n|raw|Teraparkor 6's rating: 1613 &rarr; <strong>1588<\/strong><br \/>(-25 for losing)\n|raw|brednas7's rating: 1528 &rarr; <strong>1553<\/strong><br \/>(+25 for winning)\n|l|\u2606Teraparkor 6\n|player|p1|\n|c|\u2606brednas7|gg\n|l|\u2606brednas7\n|player|p2|\n","uploadtime":1740061088,"views":5,"formatid":"gen9vgc2025regg","rating":1553,"private":0,"password":null}