{"id":"gen9vgc2025regg-2304357356","format":"[Gen 9] VGC 2025 Reg G","players":["llefface","kenshin4869"],"log":"|j|\u2606llefface\n|j|\u2606kenshin4869\n|t:|1740049727\n|gametype|doubles\n|player|p1|llefface|lana-masters|1569\n|player|p2|kenshin4869|rosa|1543\n|teamsize|p1|6\n|teamsize|p2|6\n|gen|9\n|tier|[Gen 9] VGC 2025 Reg G\n|rated|\n|rule|Species Clause: Limit one of each Pok\u00e9mon\n|rule|Item Clause: Limit 1 of each item\n|clearpoke\n|poke|p1|Miraidon, L50|\n|poke|p1|Whimsicott, L50, M|\n|poke|p1|Entei, L50|\n|poke|p1|Farigiraf, L50, M|\n|poke|p1|Ogerpon-Wellspring, L50, F|\n|poke|p1|Iron Hands, L50|\n|poke|p2|Miraidon, L50|\n|poke|p2|Farigiraf, L50, M|\n|poke|p2|Iron Hands, L50|\n|poke|p2|Urshifu-*, L50, M|\n|poke|p2|Volcarona, L50, F|\n|poke|p2|Chien-Pao, L50|\n|teampreview|4\n|inactive|Battle timer is ON: inactive players will automatically lose when time's up. (requested by kenshin4869)\n|c|\u2606llefface|glhf!\n|\n|t:|1740049759\n|start\n|switch|p1a: Miraidon|Miraidon, L50|100\/100\n|switch|p1b: Whimsicott|Whimsicott, L50, M|100\/100\n|switch|p2a: Miraidon|Miraidon, L50|100\/100\n|switch|p2b: Volcarona|Volcarona, L50, F|100\/100\n|-fieldstart|move: Electric Terrain|[from] ability: Hadron Engine|[of] p2a: Miraidon\n|-activate|p1a: Miraidon|ability: Hadron Engine\n|turn|1\n|\n|t:|1740049783\n|-terastallize|p2a: Miraidon|Electric\n|-terastallize|p1a: Miraidon|Fairy\n|move|p1b: Whimsicott|Tailwind|p1b: Whimsicott\n|-sidestart|p1: llefface|move: Tailwind\n|move|p1a: Miraidon|Dazzling Gleam|p2b: Volcarona|[spread] p2a,p2b\n|-resisted|p2b: Volcarona\n|-damage|p2a: Miraidon|40\/100\n|-damage|p2b: Volcarona|71\/100\n|move|p2a: Miraidon|Electro Drift|p1a: Miraidon\n|-damage|p1a: Miraidon|0 fnt\n|faint|p1a: Miraidon\n|move|p2b: Volcarona|Fiery Dance|p1b: Whimsicott\n|-supereffective|p1b: Whimsicott\n|-damage|p1b: Whimsicott|9\/100\n|-boost|p2b: Volcarona|spa|1\n|\n|upkeep\n|\n|t:|1740049798\n|switch|p1a: Entei|Entei, L50|100\/100\n|turn|2\n|\n|t:|1740049818\n|switch|p1b: Iron Hands|Iron Hands, L50|100\/100\n|-activate|p1b: Iron Hands|ability: Quark Drive\n|-start|p1b: Iron Hands|quarkdriveatk\n|switch|p2a: Iron Hands|Iron Hands, L50|100\/100\n|-activate|p2a: Iron Hands|ability: Quark Drive\n|-start|p2a: Iron Hands|quarkdriveatk\n|move|p1a: Entei|Sacred Fire|p2a: Iron Hands\n|-damage|p2a: Iron Hands|57\/100\n|-damage|p1a: Entei|91\/100|[from] item: Life Orb\n|move|p2b: Volcarona|Tailwind|p2b: Volcarona\n|-sidestart|p2: kenshin4869|move: Tailwind\n|\n|upkeep\n|turn|3\n|inactive|llefface has 30 seconds left.\n|inactive|kenshin4869 has 30 seconds left.\n|inactive|llefface has 20 seconds left.\n|\n|t:|1740049856\n|move|p1b: Iron Hands|Fake Out|p2a: Iron Hands\n|-damage|p2a: Iron Hands|43\/100\n|move|p1a: Entei|Sacred Fire|p2a: Iron Hands\n|-damage|p2a: Iron Hands|0 fnt\n|faint|p2a: Iron Hands\n|-end|p2a: Iron Hands|Quark Drive|[silent]\n|-damage|p1a: Entei|81\/100|[from] item: Life Orb\n|move|p2b: Volcarona|Will-O-Wisp|p1b: Iron Hands\n|-status|p1b: Iron Hands|brn\n|\n|-damage|p1b: Iron Hands|95\/100 brn|[from] brn\n|upkeep\n|\n|t:|1740049870\n|switch|p2a: Miraidon|Miraidon, L50, tera:Electric|40\/100\n|-activate|p2a: Miraidon|ability: Hadron Engine\n|turn|4\n|\n|t:|1740049879\n|move|p1a: Entei|Protect|p1a: Entei\n|-singleturn|p1a: Entei|Protect\n|move|p2a: Miraidon|Electro Drift|p1a: Entei\n|-activate|p1a: Entei|move: Protect\n|move|p2b: Volcarona|Fiery Dance|p1b: Iron Hands\n|-damage|p1b: Iron Hands|67\/100 brn\n|-boost|p2b: Volcarona|spa|1\n|move|p1b: Iron Hands|Low Kick|p2a: Miraidon\n|-damage|p2a: Miraidon|0 fnt\n|faint|p2a: Miraidon\n|\n|-damage|p1b: Iron Hands|61\/100 brn|[from] brn\n|-sideend|p1: llefface|move: Tailwind\n|upkeep\n|\n|t:|1740049896\n|switch|p2a: Chien-Pao|Chien-Pao, L50|100\/100\n|-ability|p2a: Chien-Pao|Sword of Ruin\n|turn|5\n|\n|t:|1740049917\n|switch|p1a: Whimsicott|Whimsicott, L50, M|9\/100\n|move|p2a: Chien-Pao|Protect|p2a: Chien-Pao\n|-singleturn|p2a: Chien-Pao|Protect\n|move|p2b: Volcarona|Fiery Dance|p1b: Iron Hands\n|-damage|p1b: Iron Hands|22\/100 brn\n|move|p1b: Iron Hands|Drain Punch|p2a: Chien-Pao\n|-activate|p2a: Chien-Pao|move: Protect\n|\n|-damage|p1b: Iron Hands|16\/100 brn|[from] brn\n|-sideend|p2: kenshin4869|move: Tailwind\n|-fieldend|move: Electric Terrain\n|-end|p1b: Iron Hands|Quark Drive\n|upkeep\n|turn|6\n|\n|t:|1740049936\n|move|p2a: Chien-Pao|Ice Shard|p1a: Whimsicott\n|-supereffective|p1a: Whimsicott\n|-damage|p1a: Whimsicott|0 fnt\n|faint|p1a: Whimsicott\n|move|p2b: Volcarona|Fiery Dance|p1b: Iron Hands\n|-damage|p1b: Iron Hands|0 fnt\n|-boost|p2b: Volcarona|spa|1\n|faint|p1b: Iron Hands\n|-end|p1b: Iron Hands|Quark Drive|[silent]\n|\n|upkeep\n|\n|t:|1740049941\n|switch|p1a: Entei|Entei, L50|81\/100\n|turn|7\n|\n|t:|1740049950\n|move|p2b: Volcarona|Rage Powder|p2b: Volcarona\n|-singleturn|p2b: Volcarona|move: Rage Powder\n|move|p2a: Chien-Pao|Throat Chop|p1a: Entei\n|-damage|p1a: Entei|16\/100\n|-start|p1a: Entei|Throat Chop|[silent]\n|move|p1a: Entei|Sacred Fire|p2b: Volcarona\n|-damage|p2b: Volcarona|0 fnt\n|faint|p2b: Volcarona\n|-damage|p1a: Entei|7\/100|[from] item: Life Orb\n|\n|upkeep\n|turn|8\n|c|\u2606llefface|gg\n|\n|t:|1740049963\n|move|p1a: Entei|Extreme Speed|p2a: Chien-Pao\n|-damage|p2a: Chien-Pao|55\/100\n|-damage|p1a: Entei|0 fnt|[from] item: Life Orb\n|faint|p1a: Entei\n|\n|win|kenshin4869\n|raw|llefface's rating: 1569 &rarr; <strong>1548<\/strong><br \/>(-21 for losing)\n|raw|kenshin4869's rating: 1543 &rarr; <strong>1564<\/strong><br \/>(+21 for winning)\n|l|\u2606llefface\n|player|p1|\n|l|\u2606kenshin4869\n|player|p2|\n","uploadtime":1740050196,"views":5,"formatid":"gen9vgc2025regg","rating":1548,"private":0,"password":null}