{"id":"gen9vgc2025regg-2304548233","format":"[Gen 9] VGC 2025 Reg G","players":["Todo CCT","BLiiNDProdiigy"],"log":"|j|\u2606Todo CCT\n|j|\u2606BLiiNDProdiigy\n|t:|1740072653\n|gametype|doubles\n|player|p1|Todo CCT|rocketgrunt|1629\n|player|p2|BLiiNDProdiigy|rocketgrunt|1660\n|teamsize|p1|6\n|teamsize|p2|6\n|gen|9\n|tier|[Gen 9] VGC 2025 Reg G\n|rated|\n|rule|Species Clause: Limit one of each Pok\u00e9mon\n|rule|Item Clause: Limit 1 of each item\n|clearpoke\n|poke|p1|Calyrex-Ice, L50|\n|poke|p1|Hatterene, L50, F|\n|poke|p1|Indeedee-F, L50, F|\n|poke|p1|Gallade, L50, M|\n|poke|p1|Ursaluna, L50, M|\n|poke|p1|Urshifu-*, L50, M|\n|poke|p2|Terapagos, L50, M|\n|poke|p2|Incineroar, L50, F|\n|poke|p2|Rillaboom, L50, M|\n|poke|p2|Urshifu-*, L50, F|\n|poke|p2|Flutter Mane, L50|\n|poke|p2|Ogerpon-Hearthflame, L50, F|\n|teampreview|4\n|inactive|Battle timer is ON: inactive players will automatically lose when time's up. (requested by BLiiNDProdiigy)\n|\n|t:|1740072685\n|start\n|switch|p1a: Indeedee|Indeedee-F, L50, F|100\/100\n|switch|p1b: Hatterene|Hatterene, L50, F|100\/100\n|switch|p2a: Incineroar|Incineroar, L50, F|100\/100\n|switch|p2b: Urshifu|Urshifu-Rapid-Strike, L50, F|100\/100\n|-ability|p2a: Incineroar|Intimidate|boost\n|-unboost|p1a: Indeedee|atk|1\n|-unboost|p1b: Hatterene|atk|1\n|-fieldstart|move: Psychic Terrain|[from] ability: Psychic Surge|[of] p1a: Indeedee\n|-enditem|p1a: Indeedee|Psychic Seed\n|-boost|p1a: Indeedee|spd|1|[from] item: Psychic Seed\n|turn|1\n|\n|t:|1740072692\n|switch|p2b: Rillaboom|Rillaboom, L50, M|100\/100\n|-fieldstart|move: Grassy Terrain|[from] ability: Grassy Surge|[of] p2b: Rillaboom\n|move|p2a: Incineroar|Fake Out|p1b: Hatterene\n|-damage|p1b: Hatterene|87\/100\n|move|p1a: Indeedee|Follow Me|p1a: Indeedee\n|-singleturn|p1a: Indeedee|move: Follow Me\n|cant|p1b: Hatterene|flinch\n|\n|-heal|p1b: Hatterene|93\/100|[from] Grassy Terrain\n|upkeep\n|turn|2\n|\n|t:|1740072715\n|switch|p1a: Ursaluna|Ursaluna, L50, M|100\/100\n|-terastallize|p1b: Hatterene|Fire\n|move|p2b: Rillaboom|Fake Out|p1a: Ursaluna\n|-damage|p1a: Ursaluna|90\/100\n|move|p2a: Incineroar|Parting Shot|p1b: Hatterene\n|move|p1b: Hatterene|Parting Shot|p2a: Incineroar|[from] ability: Magic Bounce\n|-unboost|p2a: Incineroar|atk|1\n|-unboost|p2a: Incineroar|spa|1\n|\n|t:|1740072718\n|switch|p1b: Indeedee|Indeedee-F, L50, F|100\/100|[from] Parting Shot\n|-fieldstart|move: Psychic Terrain|[from] ability: Psychic Surge|[of] p1b: Indeedee\n|\n|-status|p1a: Ursaluna|brn|[from] item: Flame Orb\n|upkeep\n|turn|3\n|\n|t:|1740072733\n|switch|p2a: Urshifu|Urshifu-Rapid-Strike, L50, F|100\/100\n|move|p1b: Indeedee|Follow Me|p1b: Indeedee\n|-singleturn|p1b: Indeedee|move: Follow Me\n|move|p2b: Rillaboom|U-turn|p1b: Indeedee\n|-supereffective|p1b: Indeedee\n|-damage|p1b: Indeedee|36\/100\n|\n|t:|1740072736\n|switch|p2b: Incineroar|Incineroar, L50, F|100\/100|[from] U-turn\n|-ability|p2b: Incineroar|Intimidate|boost\n|-unboost|p1a: Ursaluna|atk|1\n|-unboost|p1b: Indeedee|atk|1\n|move|p1a: Ursaluna|Facade|p2b: Incineroar\n|-damage|p2b: Incineroar|42\/100\n|-damage|p1a: Ursaluna|74\/100 brn|[from] item: Rocky Helmet|[of] p2b: Incineroar\n|\n|-damage|p1a: Ursaluna|68\/100 brn|[from] brn\n|upkeep\n|turn|4\n|inactive|Todo CCT has 30 seconds left.\n|\n|t:|1740072763\n|move|p2a: Urshifu|Protect|p2a: Urshifu\n|-singleturn|p2a: Urshifu|Protect\n|move|p1b: Indeedee|Follow Me|p1b: Indeedee\n|-singleturn|p1b: Indeedee|move: Follow Me\n|move|p2b: Incineroar|Knock Off|p1b: Indeedee\n|-supereffective|p1b: Indeedee\n|-damage|p1b: Indeedee|0 fnt\n|faint|p1b: Indeedee\n|move|p1a: Ursaluna|Facade|p2b: Incineroar\n|-damage|p2b: Incineroar|0 fnt\n|-damage|p1a: Ursaluna|52\/100 brn|[from] item: Rocky Helmet|[of] p2b: Incineroar\n|faint|p2b: Incineroar\n|\n|-damage|p1a: Ursaluna|46\/100 brn|[from] brn\n|upkeep\n|\n|t:|1740072771\n|switch|p2b: Terapagos|Terapagos, L50, M|100\/100\n|switch|p1b: Hatterene|Hatterene, L50, F, tera:Fire|93\/100\n|-activate|p2b: Terapagos|ability: Tera Shift\n|detailschange|p2b: Terapagos|Terapagos-Terastal, L50, M\n|-heal|p2b: Terapagos|100\/100|[silent]\n|turn|5\n|\n|t:|1740072782\n|-terastallize|p2b: Terapagos|Stellar\n|detailschange|p2b: Terapagos|Terapagos-Stellar, L50, M, tera:Stellar\n|-heal|p2b: Terapagos|100\/100|[silent]\n|-ability|p2b: Terapagos|Teraform Zero\n|-fieldend|move: Psychic Terrain\n|move|p2a: Urshifu|Surging Strikes|p1a: Ursaluna\n|-supereffective|p1a: Ursaluna\n|-crit|p1a: Ursaluna\n|-damage|p1a: Ursaluna|12\/100 brn\n|-supereffective|p1a: Ursaluna\n|-crit|p1a: Ursaluna\n|-damage|p1a: Ursaluna|0 fnt\n|faint|p1a: Ursaluna\n|-hitcount|p1: Ursaluna|2\n|move|p2b: Terapagos|Tera Starstorm|p1b: Hatterene\n|-supereffective|p1b: Hatterene\n|-damage|p1b: Hatterene|0 fnt\n|faint|p1b: Hatterene\n|\n|upkeep\n|-message|Todo CCT forfeited.\n|\n|win|BLiiNDProdiigy\n|raw|Todo CCT's rating: 1629 &rarr; <strong>1611<\/strong><br \/>(-18 for losing)\n|raw|BLiiNDProdiigy's rating: 1660 &rarr; <strong>1678<\/strong><br \/>(+18 for winning)\n|l|\u2606Todo CCT\n|player|p1|\n|l|\u2606BLiiNDProdiigy\n|player|p2|\n","uploadtime":1740072990,"views":7,"formatid":"gen9vgc2025regg","rating":1611,"private":0,"password":null}