{"id":"gen9vgc2025regg-2304485294","format":"[Gen 9] VGC 2025 Reg G","players":["BoYang0903","vanthoci"],"log":"|j|\u2606BoYang0903\n|j|\u2606vanthoci\n|t:|1740066380\n|gametype|doubles\n|player|p1|BoYang0903|wallace|1583\n|player|p2|vanthoci|turo-ai|1607\n|teamsize|p1|6\n|teamsize|p2|6\n|gen|9\n|tier|[Gen 9] VGC 2025 Reg G\n|rated|\n|rule|Species Clause: Limit one of each Pok\u00e9mon\n|rule|Item Clause: Limit 1 of each item\n|clearpoke\n|poke|p1|Dusclops, L50, M|\n|poke|p1|Terapagos, L50, M|\n|poke|p1|Whimsicott, L50, F|\n|poke|p1|Raging Bolt, L50|\n|poke|p1|Urshifu-*, L50, F|\n|poke|p1|Landorus, L50, M|\n|poke|p2|Terapagos, L50, M|\n|poke|p2|Ogerpon-Hearthflame, L50, F|\n|poke|p2|Dondozo, L50, M|\n|poke|p2|Tornadus, L50, M|\n|poke|p2|Smeargle, L50, F|\n|poke|p2|Tatsugiri-Droopy, L50, M|\n|teampreview|4\n|inactive|Battle timer is ON: inactive players will automatically lose when time's up. (requested by BoYang0903)\n|j| 413XP\n|\n|t:|1740066422\n|start\n|switch|p1a: Terapagos|Terapagos, L50, M|100\/100\n|switch|p1b: Raging Bolt|Raging Bolt, L50|100\/100\n|switch|p2a: Terapagos|Terapagos, L50, M|100\/100\n|switch|p2b: Smeargle|Smeargle, L50, F|100\/100\n|-activate|p2a: Terapagos|ability: Tera Shift\n|detailschange|p2a: Terapagos|Terapagos-Terastal, L50, M\n|-heal|p2a: Terapagos|100\/100|[silent]\n|-activate|p1a: Terapagos|ability: Tera Shift\n|detailschange|p1a: Terapagos|Terapagos-Terastal, L50, M\n|-heal|p1a: Terapagos|100\/100|[silent]\n|turn|1\n|inactive|BoYang0903 has 30 seconds left.\n|inactive|vanthoci has 30 seconds left.\n|\n|t:|1740066454\n|move|p2b: Smeargle|Fake Out|p1a: Terapagos\n|-activate|p1a: Terapagos|ability: Tera Shell\n|-resisted|p1a: Terapagos\n|-damage|p1a: Terapagos|99\/100\n|move|p2a: Terapagos|Tera Starstorm|p1a: Terapagos\n|-damage|p1a: Terapagos|27\/100\n|cant|p1a: Terapagos|flinch\n|move|p1b: Raging Bolt|Snarl|p2a: Terapagos|[spread] p2a,p2b\n|-activate|p2a: Terapagos|ability: Tera Shell\n|-resisted|p2a: Terapagos\n|-damage|p2a: Terapagos|94\/100\n|-damage|p2b: Smeargle|64\/100\n|-unboost|p2a: Terapagos|spa|1\n|-unboost|p2b: Smeargle|spa|1\n|\n|-ability|p2b: Smeargle|Moody|boost\n|-boost|p2b: Smeargle|spa|2\n|-unboost|p2b: Smeargle|spe|1\n|upkeep\n|turn|2\n|inactive|BoYang0903 has 30 seconds left.\n|inactive|vanthoci has 30 seconds left.\n|j| easy180\n|\n|t:|1740066488\n|switch|p2a: Ogerpon|Ogerpon-Hearthflame, L50, F|100\/100\n|-ability|p2a: Ogerpon|Mold Breaker\n|switch|p2b: Tornadus|Tornadus, L50, M|100\/100\n|move|p1a: Terapagos|Protect|p1a: Terapagos\n|-singleturn|p1a: Terapagos|Protect\n|move|p1b: Raging Bolt|Thunderbolt|p2b: Tornadus\n|-supereffective|p2b: Tornadus\n|-damage|p2b: Tornadus|0 fnt\n|faint|p2b: Tornadus\n|\n|upkeep\n|l| easy180\n|j| Therazer456\n|\n|t:|1740066505\n|switch|p2b: Smeargle|Smeargle, L50, F|64\/100\n|turn|3\n|inactive|BoYang0903 has 30 seconds left.\n|\n|t:|1740066538\n|move|p2a: Ogerpon|Ivy Cudgel|p1a: Terapagos|[anim] Ivy Cudgel Fire\n|-damage|p1a: Terapagos|0 fnt\n|faint|p1a: Terapagos\n|move|p2b: Smeargle|Spore|p1b: Raging Bolt\n|-status|p1b: Raging Bolt|slp|[from] move: Spore\n|cant|p1b: Raging Bolt|slp\n|\n|-ability|p2b: Smeargle|Moody|boost\n|-boost|p2b: Smeargle|spa|2\n|-unboost|p2b: Smeargle|spe|1\n|upkeep\n|\n|t:|1740066545\n|switch|p1a: Landorus|Landorus, L50, M|100\/100\n|turn|4\n|\n|t:|1740066564\n|move|p1a: Landorus|Protect|p1a: Landorus\n|-singleturn|p1a: Landorus|Protect\n|move|p2a: Ogerpon|Ivy Cudgel|p1a: Landorus|[anim] Ivy Cudgel Fire\n|-activate|p1a: Landorus|move: Protect\n|cant|p1b: Raging Bolt|slp\n|move|p2b: Smeargle|Decorate|p2a: Ogerpon\n|-boost|p2a: Ogerpon|atk|2\n|-boost|p2a: Ogerpon|spa|2\n|\n|-ability|p2b: Smeargle|Moody|boost\n|-boost|p2b: Smeargle|spa|2\n|-unboost|p2b: Smeargle|atk|1\n|upkeep\n|turn|5\n|inactive|BoYang0903 has 30 seconds left.\n|\n|t:|1740066591\n|switch|p1a: Whimsicott|Whimsicott, L50, F|100\/100\n|-terastallize|p2b: Smeargle|Grass\n|move|p2b: Smeargle|Follow Me|p2b: Smeargle\n|-singleturn|p2b: Smeargle|move: Follow Me\n|move|p2a: Ogerpon|Ivy Cudgel|p1a: Whimsicott|[anim] Ivy Cudgel Fire\n|-supereffective|p1a: Whimsicott\n|-enditem|p1a: Whimsicott|Focus Sash\n|-damage|p1a: Whimsicott|1\/100\n|-curestatus|p1b: Raging Bolt|slp|[msg]\n|move|p1b: Raging Bolt|Thunderbolt|p2b: Smeargle\n|-resisted|p2b: Smeargle\n|-damage|p2b: Smeargle|7\/100\n|\n|-ability|p2b: Smeargle|Moody|boost\n|-boost|p2b: Smeargle|def|2\n|-unboost|p2b: Smeargle|spe|1\n|upkeep\n|turn|6\n|j| ace985\n|inactive|BoYang0903 has 30 seconds left.\n|\n|t:|1740066625\n|switch|p1a: Landorus|Landorus, L50, M|100\/100\n|switch|p2b: Terapagos|Terapagos-Terastal, L50, M|94\/100\n|move|p2a: Ogerpon|Ivy Cudgel|p1a: Landorus|[anim] Ivy Cudgel Fire\n|-damage|p1a: Landorus|0 fnt\n|faint|p1a: Landorus\n|move|p1b: Raging Bolt|Snarl|p2b: Terapagos|[spread] p2a,p2b\n|-damage|p2a: Ogerpon|86\/100\n|-damage|p2b: Terapagos|80\/100\n|-unboost|p2a: Ogerpon|spa|1\n|-unboost|p2b: Terapagos|spa|1\n|\n|upkeep\n|\n|t:|1740066633\n|switch|p1a: Whimsicott|Whimsicott, L50, F|1\/100\n|turn|7\n|l| 413XP\n|j| easy180\n|inactive|BoYang0903 has 30 seconds left.\n|\n|t:|1740066663\n|move|p1a: Whimsicott|Fake Tears|p2a: Ogerpon\n|-unboost|p2a: Ogerpon|spd|2\n|move|p2a: Ogerpon|Ivy Cudgel|p1a: Whimsicott|[anim] Ivy Cudgel Fire\n|-supereffective|p1a: Whimsicott\n|-damage|p1a: Whimsicott|0 fnt\n|faint|p1a: Whimsicott\n|move|p2b: Terapagos|Tera Starstorm|p1b: Raging Bolt\n|-damage|p1b: Raging Bolt|69\/100\n|move|p1b: Raging Bolt|Dragon Pulse|p2a: Ogerpon\n|-crit|p2a: Ogerpon\n|-damage|p2a: Ogerpon|0 fnt\n|faint|p2a: Ogerpon\n|\n|upkeep\n|\n|t:|1740066674\n|switch|p2a: Smeargle|Smeargle, L50, F, tera:Grass|7\/100\n|turn|8\n|-message|BoYang0903 forfeited.\n|\n|win|vanthoci\n|raw|BoYang0903's rating: 1583 &rarr; <strong>1564<\/strong><br \/>(-19 for losing)\n|raw|vanthoci's rating: 1607 &rarr; <strong>1626<\/strong><br \/>(+19 for winning)\n|l|\u2606BoYang0903\n|player|p1|\n|l|\u2606vanthoci\n|player|p2|\n|l| ace985\n","uploadtime":1740066926,"views":8,"formatid":"gen9vgc2025regg","rating":1564,"private":0,"password":null}