{"id":"gen9vgc2025regg-2304928536","format":"[Gen 9] VGC 2025 Reg G","players":["Ayae.Hakamada","ponkeepon"],"log":"|j|\u2606Ayae.Hakamada\n|j|\u2606ponkeepon\n|t:|1740120352\n|gametype|doubles\n|player|p1|Ayae.Hakamada|skyla|1603\n|player|p2|ponkeepon|170|1501\n|teamsize|p1|6\n|teamsize|p2|6\n|gen|9\n|tier|[Gen 9] VGC 2025 Reg G\n|rated|\n|rule|Species Clause: Limit one of each Pok\u00e9mon\n|rule|Item Clause: Limit 1 of each item\n|clearpoke\n|poke|p1|Miraidon, L50|\n|poke|p1|Chien-Pao, L50|\n|poke|p1|Whimsicott, L50, F|\n|poke|p1|Iron Hands, L50|\n|poke|p1|Urshifu-*, L50, F|\n|poke|p1|Farigiraf, L50, M|\n|poke|p2|Miraidon, L50|\n|poke|p2|Whimsicott, L50, M|\n|poke|p2|Urshifu-*, L50, M|\n|poke|p2|Ogerpon-Hearthflame, L50, F|\n|poke|p2|Farigiraf, L50, M|\n|poke|p2|Iron Hands, L50|\n|teampreview|4\n|inactive|Battle timer is ON: inactive players will automatically lose when time's up. (requested by Ayae.Hakamada)\n|inactive|Ayae.Hakamada has 60 seconds left.\n|inactive|ponkeepon has 60 seconds left.\n|j| futonkagebunshin\n|\n|t:|1740120411\n|start\n|switch|p1a: Miraidon|Miraidon, L50|100\/100\n|switch|p1b: Iron Hands|Iron Hands, L50|100\/100\n|switch|p2a: Miraidon|Miraidon, L50|100\/100\n|switch|p2b: Ogerpon|Ogerpon-Hearthflame, L50, F|100\/100\n|-fieldstart|move: Electric Terrain|[from] ability: Hadron Engine|[of] p1a: Miraidon\n|-activate|p1b: Iron Hands|ability: Quark Drive\n|-start|p1b: Iron Hands|quarkdriveatk\n|-activate|p2a: Miraidon|ability: Hadron Engine\n|-ability|p2b: Ogerpon|Mold Breaker\n|turn|1\n|j| zackty\n|inactive|ponkeepon has 30 seconds left.\n|\n|t:|1740120436\n|switch|p2a: Iron Hands|Iron Hands, L50|100\/100\n|-activate|p2a: Iron Hands|ability: Quark Drive\n|-start|p2a: Iron Hands|quarkdriveatk\n|move|p1b: Iron Hands|Fake Out|p2a: Iron Hands\n|-crit|p2a: Iron Hands\n|-damage|p2a: Iron Hands|80\/100\n|move|p1a: Miraidon|Volt Switch|p2a: Iron Hands\n|-resisted|p2a: Iron Hands\n|-damage|p2a: Iron Hands|53\/100\n|\n|t:|1740120452\n|switch|p1a: Chien-Pao|Chien-Pao, L50|100\/100|[from] Volt Switch\n|-ability|p1a: Chien-Pao|Sword of Ruin\n|move|p2b: Ogerpon|Ivy Cudgel|p1b: Iron Hands|[anim] Ivy Cudgel Fire\n|-crit|p1b: Iron Hands\n|-damage|p1b: Iron Hands|28\/100\n|\n|upkeep\n|turn|2\n|inactive|Ayae.Hakamada has 30 seconds left.\n|\n|t:|1740120478\n|move|p1a: Chien-Pao|Icicle Crash|p2b: Ogerpon\n|-damage|p2b: Ogerpon|28\/100\n|move|p2b: Ogerpon|Ivy Cudgel|p1b: Iron Hands|[anim] Ivy Cudgel Fire\n|-damage|p1b: Iron Hands|0 fnt\n|faint|p1b: Iron Hands\n|-end|p1b: Iron Hands|Quark Drive|[silent]\n|move|p2a: Iron Hands|Drain Punch|p1a: Chien-Pao\n|-supereffective|p1a: Chien-Pao\n|-enditem|p1a: Chien-Pao|Focus Sash\n|-damage|p1a: Chien-Pao|1\/100\n|-heal|p2a: Iron Hands|85\/100|[from] drain|[of] p1a: Chien-Pao\n|\n|upkeep\n|\n|t:|1740120497\n|switch|p1b: Whimsicott|Whimsicott, L50, F|100\/100\n|turn|3\n|inactive|Ayae.Hakamada has 30 seconds left.\n|\n|t:|1740120522\n|move|p2b: Ogerpon|Spiky Shield|p2b: Ogerpon\n|-singleturn|p2b: Ogerpon|move: Protect\n|move|p1a: Chien-Pao|Crunch|p2b: Ogerpon\n|-activate|p2b: Ogerpon|move: Protect\n|-damage|p1a: Chien-Pao|0 fnt|[from] Spiky Shield|[of] p2b: Ogerpon\n|faint|p1a: Chien-Pao\n|move|p1b: Whimsicott|Moonblast|p2a: Iron Hands\n|-supereffective|p2a: Iron Hands\n|-damage|p2a: Iron Hands|57\/100\n|move|p2a: Iron Hands|Drain Punch|p1b: Whimsicott\n|-resisted|p1b: Whimsicott\n|-damage|p1b: Whimsicott|65\/100\n|-heal|p2a: Iron Hands|69\/100|[from] drain|[of] p1b: Whimsicott\n|\n|upkeep\n|\n|t:|1740120538\n|switch|p1a: Miraidon|Miraidon, L50|100\/100\n|-activate|p1a: Miraidon|ability: Hadron Engine\n|turn|4\n|\n|t:|1740120550\n|-terastallize|p1a: Miraidon|Fairy\n|move|p2b: Ogerpon|Follow Me|p2b: Ogerpon\n|-singleturn|p2b: Ogerpon|move: Follow Me\n|move|p1b: Whimsicott|Fake Tears|p2b: Ogerpon\n|-unboost|p2b: Ogerpon|spd|2\n|move|p1a: Miraidon|Dazzling Gleam|p2b: Ogerpon|[spread] p2a,p2b\n|-supereffective|p2a: Iron Hands\n|-resisted|p2b: Ogerpon\n|-damage|p2a: Iron Hands|3\/100\n|-damage|p2b: Ogerpon|0 fnt\n|faint|p2b: Ogerpon\n|move|p2a: Iron Hands|Low Kick|p1a: Miraidon\n|-resisted|p1a: Miraidon\n|-damage|p1a: Miraidon|53\/100\n|\n|upkeep\n|\n|t:|1740120561\n|switch|p2b: Whimsicott|Whimsicott, L50, M|100\/100\n|turn|5\n|\n|t:|1740120580\n|move|p2b: Whimsicott|Light Screen|p2b: Whimsicott\n|-sidestart|p2: ponkeepon|move: Light Screen\n|move|p1a: Miraidon|Dazzling Gleam|p2a: Iron Hands|[spread] p2a,p2b\n|-supereffective|p2a: Iron Hands\n|-damage|p2a: Iron Hands|0 fnt\n|-damage|p2b: Whimsicott|52\/100\n|faint|p2a: Iron Hands\n|-end|p2a: Iron Hands|Quark Drive|[silent]\n|move|p1b: Whimsicott|Moonblast|p2b: Whimsicott\n|-damage|p2b: Whimsicott|32\/100\n|\n|-fieldend|move: Electric Terrain\n|upkeep\n|\n|t:|1740120588\n|switch|p2a: Miraidon|Miraidon, L50|100\/100\n|-fieldstart|move: Electric Terrain|[from] ability: Hadron Engine|[of] p2a: Miraidon\n|turn|6\n|inactive|Ayae.Hakamada has 30 seconds left.\n|inactive|Ayae.Hakamada has 20 seconds left.\n|\n|t:|1740120628\n|-terastallize|p2a: Miraidon|Fairy\n|move|p1b: Whimsicott|Tailwind|p1b: Whimsicott\n|-sidestart|p1: Ayae.Hakamada|move: Tailwind\n|move|p2b: Whimsicott|Tailwind|p2b: Whimsicott\n|-sidestart|p2: ponkeepon|move: Tailwind\n|move|p1a: Miraidon|Dazzling Gleam|p2b: Whimsicott|[spread] p2a,p2b\n|-damage|p2a: Miraidon|65\/100\n|-damage|p2b: Whimsicott|0 fnt\n|faint|p2b: Whimsicott\n|move|p2a: Miraidon|Electro Drift|p1a: Miraidon\n|-damage|p1a: Miraidon|0 fnt\n|faint|p1a: Miraidon\n|\n|upkeep\n|turn|7\n|\n|t:|1740120650\n|move|p1b: Whimsicott|Light Screen|p1b: Whimsicott\n|-sidestart|p1: Ayae.Hakamada|move: Light Screen\n|move|p2a: Miraidon|Electro Drift|p1b: Whimsicott\n|-resisted|p1b: Whimsicott\n|-damage|p1b: Whimsicott|2\/100\n|\n|upkeep\n|turn|8\n|-message|Ayae.Hakamada forfeited.\n|\n|win|ponkeepon\n|raw|Ayae.Hakamada's rating: 1603 &rarr; <strong>1577<\/strong><br \/>(-26 for losing)\n|raw|ponkeepon's rating: 1501 &rarr; <strong>1527<\/strong><br \/>(+26 for winning)\n|l|\u2606Ayae.Hakamada\n|player|p1|\n|l|\u2606ponkeepon\n|player|p2|\n|l| zackty\n","uploadtime":1740120800,"views":6,"formatid":"gen9vgc2025regg","rating":1527,"private":0,"password":null}