{"id":"gen9vgc2025regg-2304030309","format":"[Gen 9] VGC 2025 Reg G","players":["Kimchi2007","Lkizzz"],"log":"|j|\u2606Kimchi2007\n|j|\u2606Lkizzz\n|t:|1740000030\n|gametype|doubles\n|player|p1|Kimchi2007|265|1573\n|player|p2|Lkizzz|swimmer-gen4dp|1627\n|teamsize|p1|6\n|teamsize|p2|6\n|gen|9\n|tier|[Gen 9] VGC 2025 Reg G\n|rated|\n|rule|Species Clause: Limit one of each Pok\u00e9mon\n|rule|Item Clause: Limit 1 of each item\n|clearpoke\n|poke|p1|Whimsicott, L50, F|\n|poke|p1|Calyrex-Shadow, L50|\n|poke|p1|Dondozo, L50, M|\n|poke|p1|Tatsugiri, L50, M|\n|poke|p1|Flamigo, L50, F|\n|poke|p1|Indeedee-F, L50, F|\n|poke|p2|Zamazenta-*, L50|\n|poke|p2|Chien-Pao, L50|\n|poke|p2|Raging Bolt, L50|\n|poke|p2|Flutter Mane, L50|\n|poke|p2|Chi-Yu, L50|\n|poke|p2|Amoonguss, L50, F|\n|teampreview|4\n|\n|t:|1740000062\n|start\n|switch|p1a: Calyrex|Calyrex-Shadow, L50|100\/100\n|switch|p1b: Dondozo|Dondozo, L50, M|100\/100\n|switch|p2a: Zamazenta|Zamazenta-Crowned, L50|100\/100\n|switch|p2b: Raging Bolt|Raging Bolt, L50|100\/100\n|-ability|p1a: Calyrex|As One\n|-ability|p1a: Calyrex|Unnerve\n|-ability|p2a: Zamazenta|Dauntless Shield|boost\n|-boost|p2a: Zamazenta|def|1\n|turn|1\n|\n|t:|1740000087\n|switch|p1b: Indeedee|Indeedee-F, L50, F|100\/100\n|-fieldstart|move: Psychic Terrain|[from] ability: Psychic Surge|[of] p1b: Indeedee\n|-enditem|p1b: Indeedee|Psychic Seed\n|-boost|p1b: Indeedee|spd|1|[from] item: Psychic Seed\n|-terastallize|p1a: Calyrex|Ghost\n|-terastallize|p2b: Raging Bolt|Fairy\n|move|p1a: Calyrex|Astral Barrage|p2a: Zamazenta|[spread] p2a,p2b\n|-damage|p2a: Zamazenta|21\/100\n|-damage|p2b: Raging Bolt|43\/100\n|-damage|p1a: Calyrex|91\/100|[from] item: Life Orb\n|move|p2a: Zamazenta|Body Press|p1b: Indeedee\n|-damage|p1b: Indeedee|36\/100\n|move|p2b: Raging Bolt|Thunderbolt|p1b: Indeedee\n|-damage|p1b: Indeedee|0 fnt\n|faint|p1b: Indeedee\n|\n|upkeep\n|\n|t:|1740000097\n|switch|p1b: Tatsugiri|Tatsugiri, L50, M|100\/100\n|turn|2\n|\n|t:|1740000111\n|move|p2a: Zamazenta|Wide Guard|p2a: Zamazenta\n|-singleturn|p2a: Zamazenta|Wide Guard\n|move|p1a: Calyrex|Astral Barrage|p2b: Raging Bolt|[spread] \n|-activate|p2a: Zamazenta|move: Wide Guard\n|-activate|p2b: Raging Bolt|move: Wide Guard\n|move|p1b: Tatsugiri|Muddy Water|p2a: Zamazenta|[spread] \n|-activate|p2a: Zamazenta|move: Wide Guard\n|-activate|p2b: Raging Bolt|move: Wide Guard\n|move|p2b: Raging Bolt|Snarl|p1a: Calyrex|[spread] p1a,p1b\n|-supereffective|p1a: Calyrex\n|-damage|p1a: Calyrex|61\/100\n|-damage|p1b: Tatsugiri|81\/100\n|-unboost|p1a: Calyrex|spa|1\n|-unboost|p1b: Tatsugiri|spa|1\n|\n|upkeep\n|turn|3\n|j| heybetch\n|inactive|Battle timer is ON: inactive players will automatically lose when time's up. (requested by Kimchi2007)\n|\n|t:|1740000138\n|move|p2a: Zamazenta|Wide Guard|p2a: Zamazenta\n|-singleturn|p2a: Zamazenta|Wide Guard\n|move|p1a: Calyrex|Shadow Ball|p2a: Zamazenta\n|-damage|p2a: Zamazenta|0 fnt\n|faint|p2a: Zamazenta\n|-ability|p1a: Calyrex|Grim Neigh|boost\n|-boost|p1a: Calyrex|spa|1\n|-damage|p1a: Calyrex|51\/100|[from] item: Life Orb\n|move|p1b: Tatsugiri|Muddy Water|p2b: Raging Bolt\n|-activate|p2b: Raging Bolt|move: Wide Guard\n|move|p2b: Raging Bolt|Snarl|p1b: Tatsugiri|[spread] p1a,p1b\n|-supereffective|p1a: Calyrex\n|-damage|p1a: Calyrex|18\/100\n|-damage|p1b: Tatsugiri|59\/100\n|-unboost|p1a: Calyrex|spa|1\n|-unboost|p1b: Tatsugiri|spa|1\n|\n|upkeep\n|inactive|Lkizzz has 30 seconds left.\n|\n|t:|1740000165\n|switch|p2a: Chien-Pao|Chien-Pao, L50|100\/100\n|-ability|p2a: Chien-Pao|Sword of Ruin\n|turn|4\n|\n|t:|1740000174\n|switch|p1a: Dondozo|Dondozo, L50, M|100\/100\n|-activate|p1b: Tatsugiri|ability: Commander|[of] p1a: Dondozo\n|-boost|p1a: Dondozo|atk|2\n|-boost|p1a: Dondozo|spa|2\n|-boost|p1a: Dondozo|spe|2\n|-boost|p1a: Dondozo|def|2\n|-boost|p1a: Dondozo|spd|2\n|move|p2a: Chien-Pao|Ice Spinner|p1b: Tatsugiri|[miss]\n|-miss|p2a: Chien-Pao|p1b: Tatsugiri\n|move|p2b: Raging Bolt|Snarl|p1a: Dondozo|[spread] p1a\n|-miss|p2b: Raging Bolt|p1b: Tatsugiri\n|-damage|p1a: Dondozo|92\/100\n|-unboost|p1a: Dondozo|spa|1\n|\n|upkeep\n|turn|5\n|\n|t:|1740000198\n|move|p2a: Chien-Pao|Throat Chop|p1a: Dondozo\n|-damage|p1a: Dondozo|74\/100\n|-start|p1a: Dondozo|Throat Chop|[silent]\n|move|p1a: Dondozo|Wave Crash|p2b: Raging Bolt\n|-damage|p2b: Raging Bolt|0 fnt\n|faint|p2b: Raging Bolt\n|-end|p2b: Raging Bolt|Protosynthesis|[silent]\n|-damage|p1a: Dondozo|63\/100|[from] Recoil\n|\n|-fieldend|move: Psychic Terrain\n|upkeep\n|\n|t:|1740000204\n|switch|p2b: Chi-Yu|Chi-Yu, L50|100\/100\n|-ability|p2b: Chi-Yu|Beads of Ruin\n|turn|6\n|\n|t:|1740000213\n|move|p2b: Chi-Yu|Dark Pulse|p1a: Dondozo\n|-damage|p1a: Dondozo|36\/100\n|move|p2a: Chien-Pao|Throat Chop|p1a: Dondozo\n|-damage|p1a: Dondozo|19\/100\n|move|p1a: Dondozo|Earthquake|p2a: Chien-Pao|[spread] p2a,p2b\n|-miss|p1a: Dondozo|p1b: Tatsugiri\n|-supereffective|p2b: Chi-Yu\n|-damage|p2a: Chien-Pao|32\/100\n|-damage|p2b: Chi-Yu|0 fnt\n|faint|p2b: Chi-Yu\n|\n|-end|p1a: Dondozo|Throat Chop|[silent]\n|upkeep\n|turn|7\n|\n|t:|1740000229\n|move|p2a: Chien-Pao|Throat Chop|p1a: Dondozo\n|-damage|p1a: Dondozo|1\/100\n|-start|p1a: Dondozo|Throat Chop|[silent]\n|move|p1a: Dondozo|Order Up|p2a: Chien-Pao\n|-damage|p2a: Chien-Pao|0 fnt\n|faint|p2a: Chien-Pao\n|\n|win|Kimchi2007\n|raw|Kimchi2007's rating: 1573 &rarr; <strong>1596<\/strong><br \/>(+23 for winning)\n|raw|Lkizzz's rating: 1627 &rarr; <strong>1604<\/strong><br \/>(-23 for losing)\n|l|\u2606Lkizzz\n|player|p2|\n|l|\u2606Kimchi2007\n|player|p1|\n|l| heybetch\n","uploadtime":1740000490,"views":5,"formatid":"gen9vgc2025regg","rating":1596,"private":0,"password":null}