{"id":"gen9vgc2025regg-2304881078","format":"[Gen 9] VGC 2025 Reg G","players":["lawfoolio","Kaicyios"],"log":"|j|\u2606lawfoolio\n|j|\u2606Kaicyios\n|t:|1740111622\n|gametype|doubles\n|player|p1|lawfoolio|169|1579\n|player|p2|Kaicyios|giovanni|1604\n|teamsize|p1|6\n|teamsize|p2|6\n|gen|9\n|tier|[Gen 9] VGC 2025 Reg G\n|rated|\n|rule|Species Clause: Limit one of each Pok\u00e9mon\n|rule|Item Clause: Limit 1 of each item\n|clearpoke\n|poke|p1|Zamazenta-*, L50|\n|poke|p1|Entei, L50|\n|poke|p1|Flutter Mane, L50|\n|poke|p1|Chien-Pao, L50|\n|poke|p1|Amoonguss, L50, F|\n|poke|p1|Ditto, L50|\n|poke|p2|Calyrex-Ice, L50|\n|poke|p2|Urshifu-*, L50, F|\n|poke|p2|Landorus, L50, M|\n|poke|p2|Tornadus, L50, M|\n|poke|p2|Chi-Yu, L50|\n|poke|p2|Raging Bolt, L50|\n|teampreview|4\n|inactive|Battle timer is ON: inactive players will automatically lose when time's up. (requested by lawfoolio)\n|\n|t:|1740111646\n|start\n|switch|p1a: Entei|Entei, L50|100\/100\n|switch|p1b: Chien-Pao|Chien-Pao, L50|100\/100\n|switch|p2a: Tornadus|Tornadus, L50, M|100\/100\n|switch|p2b: Urshifu|Urshifu-Rapid-Strike, L50, F|100\/100\n|-ability|p1b: Chien-Pao|Sword of Ruin\n|turn|1\n|j| IceIceCrazy\n|inactive|Kaicyios has 30 seconds left.\n|\n|t:|1740111673\n|-terastallize|p2b: Urshifu|Ghost\n|-terastallize|p1a: Entei|Normal\n|move|p1a: Entei|Extreme Speed|p2b: Urshifu\n|-immune|p2b: Urshifu\n|move|p2a: Tornadus|Rain Dance|p2a: Tornadus\n|-weather|RainDance\n|move|p2b: Urshifu|Surging Strikes|p1b: Chien-Pao\n|-crit|p1b: Chien-Pao\n|-damage|p1b: Chien-Pao|50\/100\n|-crit|p1b: Chien-Pao\n|-damage|p1b: Chien-Pao|0 fnt\n|faint|p1b: Chien-Pao\n|-hitcount|p1: Chien-Pao|2\n|\n|-weather|RainDance|[upkeep]\n|upkeep\n|\n|t:|1740111684\n|switch|p1b: Ditto|Ditto, L50|100\/100\n|-transform|p1b: Ditto|p2a: Tornadus|[from] ability: Imposter\n|turn|2\n|\n|t:|1740111700\n|move|p1a: Entei|Extreme Speed|p2a: Tornadus\n|-damage|p2a: Tornadus|18\/100\n|move|p2a: Tornadus|Tailwind|p2a: Tornadus\n|-sidestart|p2: Kaicyios|move: Tailwind\n|move|p2b: Urshifu|Surging Strikes|p1a: Entei\n|-crit|p1a: Entei\n|-damage|p1a: Entei|63\/100\n|-crit|p1a: Entei\n|-damage|p1a: Entei|25\/100\n|-crit|p1a: Entei\n|-damage|p1a: Entei|0 fnt\n|faint|p1a: Entei\n|-hitcount|p1: Entei|3\n|move|p1b: Ditto|Bleakwind Storm|p2a: Tornadus|[spread] p2a,p2b\n|-damage|p2a: Tornadus|0 fnt\n|-damage|p2b: Urshifu|52\/100\n|faint|p2a: Tornadus\n|\n|-weather|RainDance|[upkeep]\n|upkeep\n|\n|t:|1740111724\n|switch|p2a: Landorus|Landorus, L50, M|100\/100\n|switch|p1a: Zamazenta|Zamazenta-Crowned, L50|100\/100\n|-ability|p1a: Zamazenta|Dauntless Shield|boost\n|-boost|p1a: Zamazenta|def|1\n|turn|3\n|\n|t:|1740111740\n|move|p1a: Zamazenta|Protect|p1a: Zamazenta\n|-singleturn|p1a: Zamazenta|Protect\n|move|p1b: Ditto|Tailwind|p1b: Ditto\n|-sidestart|p1: lawfoolio|move: Tailwind\n|move|p2b: Urshifu|Surging Strikes|p1a: Zamazenta\n|-crit|p1a: Zamazenta\n|-damage|p1a: Zamazenta|81\/100\n|-crit|p1a: Zamazenta\n|-damage|p1a: Zamazenta|59\/100\n|-crit|p1a: Zamazenta\n|-damage|p1a: Zamazenta|38\/100\n|-hitcount|p1a: Zamazenta|3\n|move|p2a: Landorus|Earth Power|p1a: Zamazenta\n|-activate|p1a: Zamazenta|move: Protect\n|\n|-weather|RainDance|[upkeep]\n|upkeep\n|turn|4\n|\n|t:|1740111757\n|move|p2b: Urshifu|Surging Strikes|p1a: Zamazenta\n|-crit|p1a: Zamazenta\n|-damage|p1a: Zamazenta|16\/100\n|-crit|p1a: Zamazenta\n|-damage|p1a: Zamazenta|0 fnt\n|faint|p1a: Zamazenta\n|-hitcount|p1: Zamazenta|2\n|move|p1b: Ditto|Bleakwind Storm|p2b: Urshifu|[spread] p2a,p2b\n|-crit|p2b: Urshifu\n|-damage|p2a: Landorus|66\/100\n|-damage|p2b: Urshifu|0 fnt\n|-unboost|p2a: Landorus|spe|1\n|faint|p2b: Urshifu\n|move|p2a: Landorus|Earth Power|p1b: Ditto\n|-immune|p1b: Ditto\n|\n|-weather|RainDance|[upkeep]\n|upkeep\n|\n|t:|1740111762\n|switch|p2b: Calyrex|Calyrex-Ice, L50|100\/100\n|-ability|p2b: Calyrex|As One\n|-ability|p2b: Calyrex|Unnerve\n|turn|5\n|l|\u2606lawfoolio\n|inactive|lawfoolio disconnected and has a minute to reconnect!\n|player|p1|\n|l| IceIceCrazy\n|inactive|lawfoolio has 30 seconds left.\n|inactive|lawfoolio has 20 seconds left.\n|inactive|lawfoolio has 15 seconds left.\n|inactive|lawfoolio has 10 seconds left.\n|inactive|lawfoolio has 5 seconds left.\n|-message|lawfoolio lost due to inactivity.\n|\n|win|Kaicyios\n|raw|lawfoolio's rating: 1579 &rarr; <strong>1560<\/strong><br \/>(-19 for losing)\n|raw|Kaicyios's rating: 1604 &rarr; <strong>1623<\/strong><br \/>(+19 for winning)\n","uploadtime":1740111823,"views":31,"formatid":"gen9vgc2025regg","rating":1560,"private":0,"password":null}