{"id":"gen9vgc2025regg-2304700337","format":"[Gen 9] VGC 2025 Reg G","players":["OUWW stealthrock","regidracofan712"],"log":"|j|\u2606OUWW stealthrock\n|j|\u2606regidracofan712\n|t:|1740088144\n|gametype|doubles\n|player|p1|OUWW stealthrock|102|1645\n|player|p2|regidracofan712|kimonogirl|1695\n|teamsize|p1|6\n|teamsize|p2|6\n|gen|9\n|tier|[Gen 9] VGC 2025 Reg G\n|rated|\n|rule|Species Clause: Limit one of each Pok\u00e9mon\n|rule|Item Clause: Limit 1 of each item\n|clearpoke\n|poke|p1|Miraidon, L50|\n|poke|p1|Ursaluna, L50, F|\n|poke|p1|Farigiraf, L50, F|\n|poke|p1|Incineroar, L50, M|\n|poke|p1|Wo-Chien, L50|\n|poke|p1|Iron Bundle, L50|\n|poke|p2|Ting-Lu, L50|\n|poke|p2|Zamazenta-*, L50|\n|poke|p2|Roaring Moon, L50|\n|poke|p2|Chandelure, L50, F|\n|poke|p2|Amoonguss, L50, F|\n|poke|p2|Rillaboom, L50, F|\n|teampreview|4\n|inactive|Battle timer is ON: inactive players will automatically lose when time's up. (requested by OUWW stealthrock)\nregidracofan712 has agreed to open team sheets.\n|inactive|OUWW stealthrock has 60 seconds left.\n|inactive|regidracofan712 has 60 seconds left.\n|\n|t:|1740088193\n|start\n|switch|p1a: Iron Bundle|Iron Bundle, L50|100\/100\n|switch|p1b: Miraidon|Miraidon, L50|100\/100\n|switch|p2a: Boromir|Zamazenta-Crowned, L50|100\/100\n|switch|p2b: Rillaboom|Rillaboom, L50, F, shiny|100\/100\n|-fieldstart|move: Electric Terrain|[from] ability: Hadron Engine|[of] p1b: Miraidon\n|-activate|p1a: Iron Bundle|ability: Quark Drive\n|-start|p1a: Iron Bundle|quarkdrivespe\n|-ability|p2a: Boromir|Dauntless Shield|boost\n|-boost|p2a: Boromir|def|1\n|-fieldstart|move: Grassy Terrain|[from] ability: Grassy Surge|[of] p2b: Rillaboom\n|-end|p1a: Iron Bundle|Quark Drive\n|turn|1\n|j| harold34\n|inactive|regidracofan712 has 30 seconds left.\n|inactive|OUWW stealthrock has 30 seconds left.\n|\n|t:|1740088227\n|-end|p1a: Iron Bundle|Quark Drive|[silent]\n|switch|p1a: Wo-Chien|Wo-Chien, L50|100\/100\n|-ability|p1a: Wo-Chien|Tablets of Ruin\n|-terastallize|p2a: Boromir|Dragon\n|move|p2b: Rillaboom|Fake Out|p1a: Wo-Chien\n|-damage|p1a: Wo-Chien|94\/100\n|move|p1b: Miraidon|Calm Mind|p1b: Miraidon\n|-boost|p1b: Miraidon|spa|1\n|-boost|p1b: Miraidon|spd|1\n|move|p2a: Boromir|Body Press|p1a: Wo-Chien\n|-supereffective|p1a: Wo-Chien\n|-damage|p1a: Wo-Chien|19\/100\n|\n|-heal|p1a: Wo-Chien|25\/100|[from] Grassy Terrain\n|upkeep\n|turn|2\n|\n|t:|1740088249\n|switch|p1a: Incineroar|Incineroar, L50, M|100\/100\n|-ability|p1a: Incineroar|Intimidate|boost\n|-unboost|p2a: Boromir|atk|1\n|-unboost|p2b: Rillaboom|atk|1\n|move|p1b: Miraidon|Dragon Pulse|p2a: Boromir\n|-supereffective|p2a: Boromir\n|-damage|p2a: Boromir|8\/100\n|move|p2a: Boromir|Body Press|p1b: Miraidon\n|-damage|p1b: Miraidon|33\/100\n|move|p2b: Rillaboom|U-turn|p1a: Incineroar\n|-damage|p1a: Incineroar|89\/100\n|\n|t:|1740088269\n|switch|p2b: Roaring Moon|Roaring Moon, L50|100\/100|[from] U-turn\n|-enditem|p2b: Roaring Moon|Booster Energy\n|-activate|p2b: Roaring Moon|ability: Protosynthesis|[fromitem]\n|-start|p2b: Roaring Moon|protosynthesisspe\n|\n|-heal|p1b: Miraidon|38\/100|[from] Grassy Terrain\n|-heal|p2a: Boromir|14\/100|[from] Grassy Terrain\n|-heal|p1a: Incineroar|95\/100|[from] Grassy Terrain\n|upkeep\n|turn|3\n|\n|t:|1740088285\n|move|p2b: Roaring Moon|Protect|p2b: Roaring Moon\n|-singleturn|p2b: Roaring Moon|Protect\n|move|p2a: Boromir|Protect|p2a: Boromir\n|-singleturn|p2a: Boromir|Protect\n|move|p1a: Incineroar|Fake Out|p2b: Roaring Moon\n|-activate|p2b: Roaring Moon|move: Protect\n|move|p1b: Miraidon|Parabolic Charge|p2a: Boromir|[spread] p1a\n|-activate|p2a: Boromir|move: Protect\n|-activate|p2b: Roaring Moon|move: Protect\n|-damage|p1a: Incineroar|65\/100\n|-heal|p1b: Miraidon|55\/100|[from] drain|[of] p1a: Incineroar\n|\n|-heal|p1b: Miraidon|60\/100|[from] Grassy Terrain\n|-heal|p2a: Boromir|20\/100|[from] Grassy Terrain\n|-heal|p1a: Incineroar|71\/100|[from] Grassy Terrain\n|upkeep\n|turn|4\n|\n|t:|1740088306\n|move|p1b: Miraidon|Protect|p1b: Miraidon\n|-singleturn|p1b: Miraidon|Protect\n|move|p2b: Roaring Moon|Tailwind|p2b: Roaring Moon\n|-sidestart|p2: regidracofan712|move: Tailwind\n|move|p2a: Boromir|Body Press|p1a: Incineroar\n|-supereffective|p1a: Incineroar\n|-damage|p1a: Incineroar|0 fnt\n|faint|p1a: Incineroar\n|\n|-heal|p2a: Boromir|26\/100|[from] Grassy Terrain\n|-heal|p1b: Miraidon|66\/100|[from] Grassy Terrain\n|upkeep\n|j| Tubtuca\n|j| AxonAries\n|\n|t:|1740088318\n|switch|p1a: Iron Bundle|Iron Bundle, L50|100\/100\n|turn|5\n|\n|t:|1740088342\n|switch|p1b: Wo-Chien|Wo-Chien, L50|25\/100\n|-ability|p1b: Wo-Chien|Tablets of Ruin\n|move|p2b: Roaring Moon|Knock Off|p1b: Wo-Chien\n|-resisted|p1b: Wo-Chien\n|-damage|p1b: Wo-Chien|13\/100\n|-enditem|p1b: Wo-Chien|Assault Vest|[from] move: Knock Off|[of] p2b: Roaring Moon\n|move|p2a: Boromir|Body Press|p1b: Wo-Chien\n|-supereffective|p1b: Wo-Chien\n|-damage|p1b: Wo-Chien|0 fnt\n|faint|p1b: Wo-Chien\n|move|p1a: Iron Bundle|Ice Beam|p2a: Boromir\n|-supereffective|p2a: Boromir\n|-damage|p2a: Boromir|0 fnt\n|faint|p2a: Boromir\n|\n|-fieldend|move: Grassy Terrain\n|upkeep\n|\n|t:|1740088356\n|switch|p2a: Ting-Lu|Ting-Lu, L50|100\/100\n|switch|p1b: Miraidon|Miraidon, L50|66\/100\n|-fieldstart|move: Electric Terrain|[from] ability: Hadron Engine|[of] p1b: Miraidon\n|-activate|p1a: Iron Bundle|ability: Quark Drive\n|-start|p1a: Iron Bundle|quarkdrivespe\n|-ability|p2a: Ting-Lu|Vessel of Ruin\n|turn|6\n|\n|t:|1740088378\n|-end|p2b: Roaring Moon|Protosynthesis|[silent]\n|switch|p2b: Rillaboom|Rillaboom, L50, F, shiny|100\/100\n|-fieldstart|move: Grassy Terrain|[from] ability: Grassy Surge|[of] p2b: Rillaboom\n|-end|p1a: Iron Bundle|Quark Drive\n|move|p1b: Miraidon|Protect|p1b: Miraidon\n|-singleturn|p1b: Miraidon|Protect\n|move|p1a: Iron Bundle|Ice Beam|p2a: Ting-Lu\n|-supereffective|p2a: Ting-Lu\n|-damage|p2a: Ting-Lu|37\/100\n|move|p2a: Ting-Lu|Stomping Tantrum|p1b: Miraidon\n|-activate|p1b: Miraidon|move: Protect\n|\n|-heal|p1b: Miraidon|72\/100|[from] Grassy Terrain\n|-heal|p2a: Ting-Lu|43\/100|[from] Grassy Terrain\n|upkeep\n|turn|7\n|inactive|OUWW stealthrock has 30 seconds left.\n|\n|t:|1740088404\n|-terastallize|p1a: Iron Bundle|Ghost\n|move|p2b: Rillaboom|Fake Out|p1a: Iron Bundle\n|-immune|p1a: Iron Bundle\n|move|p1a: Iron Bundle|Ice Beam|p2a: Ting-Lu\n|-supereffective|p2a: Ting-Lu\n|-damage|p2a: Ting-Lu|0 fnt\n|faint|p2a: Ting-Lu\n|move|p1b: Miraidon|Dragon Pulse|p2b: Rillaboom\n|-damage|p2b: Rillaboom|74\/100\n|\n|-heal|p2b: Rillaboom|80\/100|[from] Grassy Terrain\n|-heal|p1b: Miraidon|78\/100|[from] Grassy Terrain\n|-sideend|p2: regidracofan712|move: Tailwind\n|upkeep\n|\n|t:|1740088414\n|switch|p2a: Roaring Moon|Roaring Moon, L50|100\/100\n|turn|8\n|\n|t:|1740088427\n|move|p2a: Roaring Moon|Protect|p2a: Roaring Moon\n|-singleturn|p2a: Roaring Moon|Protect\n|move|p1a: Iron Bundle|Ice Beam|p2b: Rillaboom\n|-supereffective|p2b: Rillaboom\n|-damage|p2b: Rillaboom|28\/100\n|move|p1b: Miraidon|Dragon Pulse|p2b: Rillaboom\n|-damage|p2b: Rillaboom|1\/100\n|move|p2b: Rillaboom|Drum Beating|p1a: Iron Bundle\n|-damage|p1a: Iron Bundle|37\/100\n|-unboost|p1a: Iron Bundle|spe|1\n|\n|-heal|p1b: Miraidon|84\/100|[from] Grassy Terrain\n|-heal|p1a: Iron Bundle|43\/100|[from] Grassy Terrain\n|-heal|p2b: Rillaboom|7\/100|[from] Grassy Terrain\n|upkeep\n|turn|9\n|\n|t:|1740088446\n|move|p1b: Miraidon|Parabolic Charge|p2a: Roaring Moon|[spread] p1a,p2a,p2b\n|-resisted|p2a: Roaring Moon\n|-resisted|p2b: Rillaboom\n|-damage|p1a: Iron Bundle|0 fnt\n|-heal|p1b: Miraidon|98\/100|[from] drain|[of] p1a: Iron Bundle\n|-damage|p2a: Roaring Moon|90\/100\n|-heal|p1b: Miraidon|100\/100|[from] drain|[of] p2a: Roaring Moon\n|-damage|p2b: Rillaboom|0 fnt\n|faint|p1a: Iron Bundle\n|-end|p1a: Iron Bundle|Quark Drive|[silent]\n|faint|p2b: Rillaboom\n|move|p2a: Roaring Moon|Knock Off|p1b: Miraidon\n|-damage|p1b: Miraidon|58\/100\n|-enditem|p1b: Miraidon|Covert Cloak|[from] move: Knock Off|[of] p2a: Roaring Moon\n|\n|-heal|p1b: Miraidon|64\/100|[from] Grassy Terrain\n|-heal|p2a: Roaring Moon|96\/100|[from] Grassy Terrain\n|upkeep\n|turn|10\n|\n|t:|1740088467\n|move|p1b: Miraidon|Dragon Pulse|p2a: Roaring Moon\n|-supereffective|p2a: Roaring Moon\n|-damage|p2a: Roaring Moon|18\/100\n|move|p2a: Roaring Moon|Knock Off|p1b: Miraidon\n|-damage|p1b: Miraidon|32\/100\n|\n|-heal|p1b: Miraidon|37\/100|[from] Grassy Terrain\n|-heal|p2a: Roaring Moon|24\/100|[from] Grassy Terrain\n|-fieldend|move: Grassy Terrain\n|upkeep\n|turn|11\n|-message|regidracofan712 forfeited.\n|\n|win|OUWW stealthrock\n|raw|OUWW stealthrock's rating: 1645 &rarr; <strong>1668<\/strong><br \/>(+23 for winning)\n|raw|regidracofan712's rating: 1695 &rarr; <strong>1672<\/strong><br \/>(-23 for losing)\n|l|\u2606regidracofan712\n|player|p2|\n|l| harold34\n|l|\u2606OUWW stealthrock\n|player|p1|\n","uploadtime":1740088666,"views":6,"formatid":"gen9vgc2025regg","rating":1668,"private":0,"password":null}