{"id":"gen9vgc2025regg-2304941878","format":"[Gen 9] VGC 2025 Reg G","players":["Read Book","WHOTFISRYANPOWNEY"],"log":"|j|\u2606Read Book\n|j|\u2606WHOTFISRYANPOWNEY\n|t:|1740123119\n|gametype|doubles\n|player|p1|Read Book|1|1561\n|player|p2|WHOTFISRYANPOWNEY|pokemonranger-gen4|1748\n|teamsize|p1|6\n|teamsize|p2|6\n|gen|9\n|tier|[Gen 9] VGC 2025 Reg G\n|rated|\n|rule|Species Clause: Limit one of each Pok\u00e9mon\n|rule|Item Clause: Limit 1 of each item\n|clearpoke\n|poke|p1|Incineroar, L50, M|\n|poke|p1|Tornadus, L50, M|\n|poke|p1|Calyrex-Shadow, L50|\n|poke|p1|Urshifu-*, L50, F|\n|poke|p1|Clefairy, L50, M|\n|poke|p1|Rillaboom, L50, M|\n|poke|p2|Urshifu-*, L50, F|\n|poke|p2|Calyrex-Ice, L50|\n|poke|p2|Smeargle, L50, M|\n|poke|p2|Ogerpon-Hearthflame, L50, F|\n|poke|p2|Indeedee-F, L50, F|\n|poke|p2|Ursaluna-Bloodmoon, L50, M|\n|teampreview|4\n|inactive|Battle timer is ON: inactive players will automatically lose when time's up. (requested by Read Book)\n|\n|t:|1740123152\n|start\n|switch|p1a: Urshifu|Urshifu-Rapid-Strike, L50, F|100\/100\n|switch|p1b: Incineroar|Incineroar, L50, M, shiny|100\/100\n|switch|p2a: Ogerpon|Ogerpon-Hearthflame, L50, F|100\/100\n|switch|p2b: Calyrex|Calyrex-Ice, L50|100\/100\n|-ability|p2b: Calyrex|As One\n|-ability|p2b: Calyrex|Unnerve\n|-ability|p2a: Ogerpon|Mold Breaker\n|-ability|p1b: Incineroar|Intimidate|boost\n|-unboost|p2a: Ogerpon|atk|1\n|-fail|p2b: Calyrex|unboost|[from] item: Clear Amulet|[of] p2b: Calyrex\n|turn|1\n|j| God of restricted\n|j| Fourthstar\n|\n|t:|1740123181\n|-terastallize|p2b: Calyrex|Water\n|move|p1a: Urshifu|Surging Strikes|p2a: Ogerpon\n|-crit|p2a: Ogerpon\n|-damage|p2a: Ogerpon|84\/100\n|-crit|p2a: Ogerpon\n|-damage|p2a: Ogerpon|68\/100\n|-crit|p2a: Ogerpon\n|-damage|p2a: Ogerpon|50\/100\n|-hitcount|p2a: Ogerpon|3\n|move|p2a: Ogerpon|Horn Leech|p1a: Urshifu\n|-supereffective|p1a: Urshifu\n|-damage|p1a: Urshifu|46\/100\n|-heal|p2a: Ogerpon|77\/100|[from] drain|[of] p1a: Urshifu\n|move|p1b: Incineroar|Will-O-Wisp|p2b: Calyrex\n|-status|p2b: Calyrex|brn\n|move|p2b: Calyrex|Trick Room|p2b: Calyrex\n|-fieldstart|move: Trick Room|[of] p2b: Calyrex\n|\n|-damage|p2b: Calyrex|95\/100 brn|[from] brn\n|upkeep\n|turn|2\n|\n|t:|1740123206\n|switch|p1a: Calyrex|Calyrex-Shadow, L50|100\/100\n|-ability|p1a: Calyrex|As One\n|-ability|p1a: Calyrex|Unnerve\n|move|p2b: Calyrex|Glacial Lance|p1b: Incineroar|[spread] p1a,p1b\n|-resisted|p1b: Incineroar\n|-damage|p1a: Calyrex|69\/100\n|-damage|p1b: Incineroar|89\/100\n|move|p1b: Incineroar|Parting Shot|p2a: Ogerpon\n|-unboost|p2a: Ogerpon|atk|1\n|-unboost|p2a: Ogerpon|spa|1\n|\n|t:|1740123217\n|switch|p1b: Clefairy|Clefairy, L50, M|100\/100|[from] Parting Shot\n|move|p2a: Ogerpon|Horn Leech|p1a: Calyrex\n|-damage|p1a: Calyrex|50\/100\n|-heal|p2a: Ogerpon|87\/100|[from] drain|[of] p1a: Calyrex\n|\n|-damage|p2b: Calyrex|89\/100 brn|[from] brn\n|upkeep\n|turn|3\n|inactive|Read Book has 30 seconds left.\n|\n|t:|1740123250\n|switch|p2a: Ursaluna|Ursaluna-Bloodmoon, L50, M|100\/100\n|move|p1b: Clefairy|Follow Me|p1b: Clefairy\n|-singleturn|p1b: Clefairy|move: Follow Me\n|move|p2b: Calyrex|Glacial Lance|p1b: Clefairy|[spread] p1a,p1b\n|-damage|p1a: Calyrex|26\/100\n|-damage|p1b: Clefairy|73\/100\n|move|p1a: Calyrex|Calm Mind|p1a: Calyrex\n|-boost|p1a: Calyrex|spa|1\n|-boost|p1a: Calyrex|spd|1\n|\n|-damage|p2b: Calyrex|83\/100 brn|[from] brn\n|upkeep\n|turn|4\n|\n|t:|1740123262\n|move|p1b: Clefairy|Protect|p1b: Clefairy\n|-singleturn|p1b: Clefairy|Protect\n|move|p1a: Calyrex|Protect|p1a: Calyrex\n|-singleturn|p1a: Calyrex|Protect\n|move|p2a: Ursaluna|Blood Moon|p1b: Clefairy\n|-activate|p1b: Clefairy|move: Protect\n|move|p2b: Calyrex|Glacial Lance|p1a: Calyrex|[spread] \n|-activate|p1a: Calyrex|move: Protect\n|-activate|p1b: Clefairy|move: Protect\n|\n|-damage|p2b: Calyrex|77\/100 brn|[from] brn\n|upkeep\n|turn|5\n|\n|t:|1740123279\n|-terastallize|p1a: Calyrex|Fairy\n|move|p1b: Clefairy|After You|p1a: Calyrex\n|-activate|p1a: Calyrex|move: After You\n|move|p1a: Calyrex|Draining Kiss|p2a: Ursaluna\n|-damage|p2a: Ursaluna|46\/100\n|-heal|p1a: Calyrex|73\/100|[from] drain|[of] p2a: Ursaluna\n|move|p2a: Ursaluna|Hyper Voice|p1b: Clefairy|[spread] p1a,p1b\n|-damage|p1a: Calyrex|51\/100\n|-damage|p1b: Clefairy|33\/100\n|-damage|p2a: Ursaluna|36\/100|[from] item: Life Orb\n|move|p2b: Calyrex|Glacial Lance|p1b: Clefairy|[spread] p1a,p1b\n|-damage|p1a: Calyrex|27\/100\n|-damage|p1b: Clefairy|9\/100\n|\n|-damage|p2b: Calyrex|71\/100 brn|[from] brn\n|-fieldend|move: Trick Room\n|upkeep\n|turn|6\n|inactive|Read Book has 30 seconds left.\n|inactive|WHOTFISRYANPOWNEY has 30 seconds left.\n|\n|t:|1740123311\n|move|p1b: Clefairy|Protect|p1b: Clefairy\n|-singleturn|p1b: Clefairy|Protect\n|move|p1a: Calyrex|Draining Kiss|p2a: Ursaluna\n|-damage|p2a: Ursaluna|0 fnt\n|-heal|p1a: Calyrex|58\/100|[from] drain|[of] p2a: Ursaluna\n|faint|p2a: Ursaluna\n|-ability|p1a: Calyrex|Grim Neigh|boost\n|-boost|p1a: Calyrex|spa|1\n|move|p2b: Calyrex|Trick Room|p2b: Calyrex\n|-fieldstart|move: Trick Room|[of] p2b: Calyrex\n|\n|-damage|p2b: Calyrex|65\/100 brn|[from] brn\n|upkeep\n|\n|t:|1740123320\n|switch|p2a: Ogerpon|Ogerpon-Hearthflame, L50, F|87\/100\n|-ability|p2a: Ogerpon|Mold Breaker\n|turn|7\n|\n|t:|1740123337\n|move|p1b: Clefairy|After You|p1a: Calyrex\n|-activate|p1a: Calyrex|move: After You\n|move|p1a: Calyrex|Astral Barrage|p2a: Ogerpon|[spread] p2a,p2b\n|-crit|p2a: Ogerpon\n|-damage|p2a: Ogerpon|0 fnt\n|-damage|p2b: Calyrex|0 fnt\n|faint|p2a: Ogerpon\n|faint|p2b: Calyrex\n|-ability|p1a: Calyrex|Grim Neigh|boost\n|-boost|p1a: Calyrex|spa|2\n|\n|upkeep\n|-message|WHOTFISRYANPOWNEY forfeited.\n|\n|win|Read Book\n|raw|Read Book's rating: 1561 &rarr; <strong>1591<\/strong><br \/>(+30 for winning)\n|raw|WHOTFISRYANPOWNEY's rating: 1748 &rarr; <strong>1718<\/strong><br \/>(-30 for losing)\n|l| God of restricted\n|l| Fourthstar\n|l|\u2606Read Book\n|player|p1|\n|l|\u2606WHOTFISRYANPOWNEY\n|player|p2|\n","uploadtime":1740123353,"views":9,"formatid":"gen9vgc2025regg","rating":1591,"private":0,"password":null}