{"id":"gen9vgc2025regg-2304728937","format":"[Gen 9] VGC 2025 Reg G","players":["ggttmmhh","Hikawari"],"log":"|j|\u2606ggttmmhh\n|j|\u2606Hikawari\n|t:|1740091342\n|gametype|doubles\n|player|p1|ggttmmhh|266|1738\n|player|p2|Hikawari|1|1646\n|teamsize|p1|6\n|teamsize|p2|6\n|gen|9\n|tier|[Gen 9] VGC 2025 Reg G\n|rated|\n|rule|Species Clause: Limit one of each Pok\u00e9mon\n|rule|Item Clause: Limit 1 of each item\n|clearpoke\n|poke|p1|Groudon, L50|\n|poke|p1|Ogerpon-Hearthflame, L50, F|\n|poke|p1|Raging Bolt, L50|\n|poke|p1|Jumpluff, L50, F|\n|poke|p1|Urshifu-*, L50, F|\n|poke|p1|Chien-Pao, L50|\n|poke|p2|Zamazenta-*, L50|\n|poke|p2|Chi-Yu, L50|\n|poke|p2|Rillaboom, L50, M|\n|poke|p2|Flutter Mane, L50|\n|poke|p2|Chien-Pao, L50|\n|poke|p2|Amoonguss, L50, F|\n|teampreview|4\n|inactive|Battle timer is ON: inactive players will automatically lose when time's up. (requested by Hikawari)\n|j| coolio1997\n|inactive|ggttmmhh has 60 seconds left.\nHikawari has agreed to open team sheets.\n|\n|t:|1740091388\n|start\n|switch|p1a: Jumpluff|Jumpluff, L50, F, shiny|100\/100\n|switch|p1b: Groudon|Groudon, L50|100\/100\n|switch|p2a: Zamazenta|Zamazenta-Crowned, L50|100\/100\n|switch|p2b: Chi-Yu|Chi-Yu, L50|100\/100\n|-ability|p2b: Chi-Yu|Beads of Ruin\n|-ability|p2a: Zamazenta|Dauntless Shield|boost\n|-boost|p2a: Zamazenta|def|1\n|-weather|SunnyDay|[from] ability: Drought|[of] p1b: Groudon\n|turn|1\n|\n|t:|1740091408\n|-terastallize|p2a: Zamazenta|Dragon\n|-terastallize|p1b: Groudon|Fire\n|move|p1a: Jumpluff|Tailwind|p1a: Jumpluff\n|-sidestart|p1: ggttmmhh|move: Tailwind\n|move|p1b: Groudon|Precipice Blades|p2a: Zamazenta|[spread] p2a,p2b\n|-supereffective|p2b: Chi-Yu\n|-damage|p2a: Zamazenta|80\/100\n|-damage|p2b: Chi-Yu|0 fnt\n|faint|p2b: Chi-Yu\n|move|p2a: Zamazenta|Body Press|p1b: Groudon\n|-damage|p1b: Groudon|46\/100\n|\n|-weather|SunnyDay|[upkeep]\n|upkeep\n|\n|t:|1740091419\n|switch|p2b: Chien-Pao|Chien-Pao, L50|100\/100\n|-ability|p2b: Chien-Pao|Sword of Ruin\n|turn|2\n|\n|t:|1740091432\n|switch|p1a: Urshifu|Urshifu, L50, F|100\/100\n|move|p2b: Chien-Pao|Sucker Punch|p1b: Groudon\n|-damage|p1b: Groudon|13\/100\n|move|p1b: Groudon|Heat Crash|p2b: Chien-Pao\n|-supereffective|p2b: Chien-Pao\n|-enditem|p2b: Chien-Pao|Focus Sash\n|-damage|p2b: Chien-Pao|1\/100\n|move|p2a: Zamazenta|Heavy Slam|p1a: Urshifu\n|-damage|p1a: Urshifu|35\/100\n|\n|-weather|SunnyDay|[upkeep]\n|upkeep\n|turn|3\n|inactive|ggttmmhh has 30 seconds left.\n|\n|t:|1740091460\n|switch|p1b: Jumpluff|Jumpluff, L50, F, shiny|100\/100\n|move|p2b: Chien-Pao|Sucker Punch||[still]\n|-fail|p2b: Chien-Pao\n|move|p1a: Urshifu|U-turn|p2b: Chien-Pao\n|-supereffective|p2b: Chien-Pao\n|-damage|p2b: Chien-Pao|0 fnt\n|faint|p2b: Chien-Pao\n|j| ipanr\n|\n|t:|1740091474\n|switch|p1a: Ogerpon|Ogerpon-Hearthflame, L50, F|100\/100|[from] U-turn\n|-ability|p1a: Ogerpon|Mold Breaker\n|move|p2a: Zamazenta|Body Press|p1a: Ogerpon\n|-damage|p1a: Ogerpon|4\/100\n|\n|-weather|SunnyDay|[upkeep]\n|upkeep\n|\n|t:|1740091476\n|switch|p2b: Amoonguss|Amoonguss, L50, F|100\/100\n|turn|4\n|\n|t:|1740091485\n|move|p2b: Amoonguss|Protect|p2b: Amoonguss\n|-singleturn|p2b: Amoonguss|Protect\n|move|p1b: Jumpluff|Sleep Powder|p2a: Zamazenta\n|-status|p2a: Zamazenta|slp|[from] move: Sleep Powder\n|move|p1a: Ogerpon|Ivy Cudgel|p2b: Amoonguss|[anim] Ivy Cudgel Fire\n|-activate|p2b: Amoonguss|move: Protect\n|cant|p2a: Zamazenta|slp\n|\n|-weather|SunnyDay|[upkeep]\n|-sideend|p1: ggttmmhh|move: Tailwind\n|upkeep\n|turn|5\n|\n|t:|1740091494\n|move|p2b: Amoonguss|Protect||[still]\n|-fail|p2b: Amoonguss\n|move|p1b: Jumpluff|Tailwind|p1b: Jumpluff\n|-sidestart|p1: ggttmmhh|move: Tailwind\n|move|p1a: Ogerpon|Ivy Cudgel|p2b: Amoonguss|[anim] Ivy Cudgel Fire\n|-supereffective|p2b: Amoonguss\n|-damage|p2b: Amoonguss|0 fnt\n|faint|p2b: Amoonguss\n|-curestatus|p2a: Zamazenta|slp|[msg]\n|move|p2a: Zamazenta|Heavy Slam|p1b: Jumpluff\n|-damage|p1b: Jumpluff|39\/100\n|\n|-weather|none\n|upkeep\n|turn|6\n|\n|t:|1740091514\n|move|p1a: Ogerpon|Follow Me|p1a: Ogerpon\n|-singleturn|p1a: Ogerpon|move: Follow Me\n|move|p1b: Jumpluff|Sleep Powder|p2a: Zamazenta\n|-status|p2a: Zamazenta|slp|[from] move: Sleep Powder\n|cant|p2a: Zamazenta|slp\n|\n|upkeep\n|turn|7\n|j| ChilledLotusA\n|\n|t:|1740091533\n|switch|p1b: Groudon|Groudon, L50, tera:Fire|13\/100\n|-weather|SunnyDay|[from] ability: Drought|[of] p1b: Groudon\n|move|p1a: Ogerpon|Ivy Cudgel|p2a: Zamazenta|[anim] Ivy Cudgel Fire\n|-resisted|p2a: Zamazenta\n|-damage|p2a: Zamazenta|62\/100 slp\n|cant|p2a: Zamazenta|slp\n|\n|-weather|SunnyDay|[upkeep]\n|upkeep\n|turn|8\n|\n|t:|1740091547\n|-curestatus|p2a: Zamazenta|slp|[msg]\n|move|p2a: Zamazenta|Protect|p2a: Zamazenta\n|-singleturn|p2a: Zamazenta|Protect\n|move|p1a: Ogerpon|Ivy Cudgel|p2a: Zamazenta|[anim] Ivy Cudgel Fire\n|-activate|p2a: Zamazenta|move: Protect\n|move|p1b: Groudon|Precipice Blades|p2a: Zamazenta\n|-activate|p2a: Zamazenta|move: Protect\n|\n|-weather|SunnyDay|[upkeep]\n|-sideend|p1: ggttmmhh|move: Tailwind\n|upkeep\n|turn|9\n|j| surgevgc\n|\n|t:|1740091557\n|move|p1a: Ogerpon|Follow Me|p1a: Ogerpon\n|-singleturn|p1a: Ogerpon|move: Follow Me\n|move|p2a: Zamazenta|Body Press|p1a: Ogerpon\n|-damage|p1a: Ogerpon|0 fnt\n|faint|p1a: Ogerpon\n|move|p1b: Groudon|Precipice Blades|p2a: Zamazenta\n|-damage|p2a: Zamazenta|33\/100\n|\n|-weather|SunnyDay|[upkeep]\n|upkeep\n|\n|t:|1740091563\n|switch|p1a: Jumpluff|Jumpluff, L50, F, shiny|39\/100\n|turn|10\n|\n|t:|1740091567\n|move|p1a: Jumpluff|Tailwind|p1a: Jumpluff\n|-sidestart|p1: ggttmmhh|move: Tailwind\n|move|p1b: Groudon|Precipice Blades|p2a: Zamazenta\n|-damage|p2a: Zamazenta|4\/100\n|move|p2a: Zamazenta|Heavy Slam|p1a: Jumpluff\n|-damage|p1a: Jumpluff|0 fnt\n|faint|p1a: Jumpluff\n|\n|-weather|SunnyDay|[upkeep]\n|upkeep\n|-message|Hikawari forfeited.\n|\n|win|ggttmmhh\n|raw|ggttmmhh's rating: 1738 &rarr; <strong>1753<\/strong><br \/>(+15 for winning)\n|raw|Hikawari's rating: 1646 &rarr; <strong>1631<\/strong><br \/>(-15 for losing)\n|l|\u2606Hikawari\n|player|p2|\n|l| surgevgc\n|l|\u2606ggttmmhh\n|player|p1|\n|l| coolio1997\n","uploadtime":1740091707,"views":7,"formatid":"gen9vgc2025regg","rating":1631,"private":0,"password":null}