{"id":"gen9vgc2025regg-2304947476","format":"[Gen 9] VGC 2025 Reg G","players":["Lukyaq","WHOTFISRYANPOWNEY"],"log":"|j|\u2606Lukyaq\n|j|\u2606WHOTFISRYANPOWNEY\n|t:|1740124253\n|gametype|doubles\n|player|p1|Lukyaq|pokefan-gen4|1509\n|player|p2|WHOTFISRYANPOWNEY|pokemonranger-gen4|1702\n|teamsize|p1|6\n|teamsize|p2|6\n|gen|9\n|tier|[Gen 9] VGC 2025 Reg G\n|rated|\n|rule|Species Clause: Limit one of each Pok\u00e9mon\n|rule|Item Clause: Limit 1 of each item\n|clearpoke\n|poke|p1|Calyrex-Shadow, L50|\n|poke|p1|Suicune, L50|\n|poke|p1|Smeargle, L50, F|\n|poke|p1|Urshifu-*, L50, F|\n|poke|p1|Flutter Mane, L50|\n|poke|p1|Indeedee-F, L50, F|\n|poke|p2|Urshifu-*, L50, F|\n|poke|p2|Calyrex-Ice, L50|\n|poke|p2|Smeargle, L50, F|\n|poke|p2|Ogerpon-Hearthflame, L50, F|\n|poke|p2|Indeedee-F, L50, F|\n|poke|p2|Ursaluna-Bloodmoon, L50, M|\n|teampreview|4\n|inactive|Battle timer is ON: inactive players will automatically lose when time's up. (requested by WHOTFISRYANPOWNEY)\n|inactive|Lukyaq has 60 seconds left.\n|\n|t:|1740124318\n|start\n|switch|p1a: Urshifu|Urshifu, L50, F|100\/100\n|switch|p1b: Smeargle|Smeargle, L50, F|100\/100\n|switch|p2a: Ogerpon|Ogerpon-Hearthflame, L50, F|100\/100\n|switch|p2b: Calyrex|Calyrex-Ice, L50|100\/100\n|-ability|p2b: Calyrex|As One\n|-ability|p2b: Calyrex|Unnerve\n|-ability|p2a: Ogerpon|Mold Breaker\n|turn|1\n|inactive|Lukyaq has 30 seconds left.\n|\n|t:|1740124347\n|-terastallize|p1a: Urshifu|Dark\n|-terastallize|p2b: Calyrex|Water\n|move|p1b: Smeargle|Fake Out|p2a: Ogerpon\n|-damage|p2a: Ogerpon|97\/100\n|cant|p2a: Ogerpon|flinch\n|move|p1a: Urshifu|Wicked Blow|p2b: Calyrex\n|-crit|p2b: Calyrex\n|-damage|p2b: Calyrex|40\/100\n|move|p2b: Calyrex|Trick Room|p2b: Calyrex\n|-fieldstart|move: Trick Room|[of] p2b: Calyrex\n|\n|upkeep\n|turn|2\n|inactive|Lukyaq has 30 seconds left.\n|inactive|Lukyaq has 20 seconds left.\n|\n|t:|1740124383\n|move|p1b: Smeargle|Wide Guard|p1b: Smeargle\n|-singleturn|p1b: Smeargle|Wide Guard\n|move|p2a: Ogerpon|Follow Me|p2a: Ogerpon\n|-singleturn|p2a: Ogerpon|move: Follow Me\n|move|p2b: Calyrex|Glacial Lance|p1b: Smeargle|[spread] \n|-activate|p1a: Urshifu|move: Wide Guard\n|-activate|p1b: Smeargle|move: Wide Guard\n|move|p1a: Urshifu|Wicked Blow|p2a: Ogerpon\n|-crit|p2a: Ogerpon\n|-damage|p2a: Ogerpon|10\/100\n|\n|upkeep\n|turn|3\n|inactive|Lukyaq has 30 seconds left.\n|inactive|Lukyaq has 20 seconds left.\n|inactive|Lukyaq has 15 seconds left.\n|inactive|Lukyaq has 10 seconds left.\n|j| zackty\n|\n|t:|1740124430\n|move|p1b: Smeargle|Wide Guard|p1b: Smeargle\n|-singleturn|p1b: Smeargle|Wide Guard\n|move|p2a: Ogerpon|Follow Me|p2a: Ogerpon\n|-singleturn|p2a: Ogerpon|move: Follow Me\n|move|p2b: Calyrex|High Horsepower|p1b: Smeargle\n|-enditem|p1b: Smeargle|Focus Sash\n|-damage|p1b: Smeargle|1\/100\n|move|p1a: Urshifu|Wicked Blow|p2a: Ogerpon\n|-crit|p2a: Ogerpon\n|-damage|p2a: Ogerpon|0 fnt\n|faint|p2a: Ogerpon\n|\n|upkeep\n|\n|t:|1740124450\n|switch|p2a: Smeargle|Smeargle, L50, F|100\/100\n|turn|4\n|inactive|Lukyaq has 30 seconds left.\n|\n|t:|1740124479\n|switch|p1b: Indeedee|Indeedee-F, L50, F|100\/100\n|-fieldstart|move: Psychic Terrain|[from] ability: Psychic Surge|[of] p1b: Indeedee\n|move|p1a: Urshifu|Detect|p1a: Urshifu\n|-singleturn|p1a: Urshifu|Protect\n|move|p2a: Smeargle|Spore|p1a: Urshifu\n|-activate|p1a: Urshifu|move: Protect\n|move|p2b: Calyrex|High Horsepower|p1b: Indeedee\n|-damage|p1b: Indeedee|52\/100\n|\n|upkeep\n|turn|5\n|inactive|Lukyaq has 30 seconds left.\n|inactive|WHOTFISRYANPOWNEY has 30 seconds left.\n|\n|t:|1740124510\n|switch|p2b: Urshifu|Urshifu, L50, F|100\/100\n|move|p1b: Indeedee|Follow Me|p1b: Indeedee\n|-singleturn|p1b: Indeedee|move: Follow Me\n|move|p2a: Smeargle|Spore|p1b: Indeedee\n|-activate|p1b: Indeedee|item: Safety Goggles|Spore\n|move|p1a: Urshifu|Wicked Blow|p2b: Urshifu\n|-resisted|p2b: Urshifu\n|-crit|p2b: Urshifu\n|-damage|p2b: Urshifu|75\/100\n|\n|-fieldend|move: Trick Room\n|upkeep\n|turn|6\n|inactive|Lukyaq has 30 seconds left.\n|inactive|WHOTFISRYANPOWNEY has 30 seconds left.\n|inactive|Lukyaq has 20 seconds left.\n|inactive|WHOTFISRYANPOWNEY has 20 seconds left.\n|inactive|Lukyaq has 15 seconds left.\n|inactive|Lukyaq has 10 seconds left.\n|inactive|WHOTFISRYANPOWNEY has 15 seconds left.\n|inactive|Lukyaq has 5 seconds left.\n|inactive|WHOTFISRYANPOWNEY has 10 seconds left.\n|\n|t:|1740124562\n|move|p1a: Urshifu|Wicked Blow|p2a: Smeargle\n|-crit|p2a: Smeargle\n|-enditem|p2a: Smeargle|Focus Sash\n|-damage|p2a: Smeargle|1\/100\n|move|p1b: Indeedee|Dazzling Gleam|p2b: Urshifu|[spread] p2a,p2b\n|-supereffective|p2b: Urshifu\n|-damage|p2a: Smeargle|0 fnt\n|-damage|p2b: Urshifu|20\/100\n|faint|p2a: Smeargle\n|move|p2b: Urshifu|U-turn|p1b: Indeedee\n|-supereffective|p1b: Indeedee\n|-damage|p1b: Indeedee|0 fnt\n|faint|p1b: Indeedee\n|\n|t:|1740124569\n|switch|p2b: Calyrex|Calyrex-Ice, L50, tera:Water|40\/100|[from] U-turn\n|-ability|p2b: Calyrex|As One\n|-ability|p2b: Calyrex|Unnerve\n|\n|upkeep\n|-message|WHOTFISRYANPOWNEY forfeited.\n|\n|win|Lukyaq\n|raw|Lukyaq's rating: 1509 &rarr; <strong>1539<\/strong><br \/>(+30 for winning)\n|raw|WHOTFISRYANPOWNEY's rating: 1702 &rarr; <strong>1672<\/strong><br \/>(-30 for losing)\n","uploadtime":1740124586,"views":8,"formatid":"gen9vgc2025regg","rating":1539,"private":0,"password":null}