{"id":"gen9vgc2025regg-2304354223","format":"[Gen 9] VGC 2025 Reg G","players":["Has_Perry","palamed"],"log":"|j|\u2606Has_Perry\n|j|\u2606palamed\n|t:|1740049171\n|gametype|doubles\n|player|p1|Has_Perry|veteran|1569\n|player|p2|palamed|265|1545\n|teamsize|p1|6\n|teamsize|p2|6\n|gen|9\n|tier|[Gen 9] VGC 2025 Reg G\n|rated|\n|rule|Species Clause: Limit one of each Pok\u00e9mon\n|rule|Item Clause: Limit 1 of each item\n|clearpoke\n|poke|p1|Zacian-*, L50|\n|poke|p1|Whimsicott, L50, F|\n|poke|p1|Chi-Yu, L50|\n|poke|p1|Ogerpon-Wellspring, L50, F|\n|poke|p1|Regidrago, L50|\n|poke|p1|Ditto, L50|\n|poke|p2|Kyogre, L50|\n|poke|p2|Grimmsnarl, L50, M|\n|poke|p2|Urshifu-*, L50, F|\n|poke|p2|Incineroar, L50, M|\n|poke|p2|Rillaboom, L50, F|\n|poke|p2|Raging Bolt, L50|\n|teampreview|4\n|inactive|Battle timer is ON: inactive players will automatically lose when time's up. (requested by palamed)\n|\n|t:|1740049202\n|start\n|switch|p1a: Gigidrago|Regidrago, L50|100\/100\n|switch|p1b: Whimsicott|Whimsicott, L50, F|100\/100\n|switch|p2a: Grimmsnarl|Grimmsnarl, L50, M|100\/100\n|switch|p2b: Raging Bolt|Raging Bolt, L50|100\/100\n|-enditem|p2b: Raging Bolt|Booster Energy\n|-activate|p2b: Raging Bolt|ability: Protosynthesis|[fromitem]\n|-start|p2b: Raging Bolt|protosynthesisspa\n|turn|1\n|\n|t:|1740049220\n|-terastallize|p2b: Raging Bolt|Electric\n|move|p1a: Gigidrago|Protect|p1a: Gigidrago\n|-singleturn|p1a: Gigidrago|Protect\n|move|p2a: Grimmsnarl|Reflect|p2a: Grimmsnarl\n|-sidestart|p2: palamed|Reflect\n|move|p1b: Whimsicott|Moonblast|p2b: Raging Bolt\n|-damage|p2b: Raging Bolt|72\/100\n|-unboost|p2b: Raging Bolt|spa|1\n|move|p2b: Raging Bolt|Draco Meteor|p1a: Gigidrago\n|-activate|p1a: Gigidrago|move: Protect\n|\n|upkeep\n|turn|2\n|\n|t:|1740049232\n|move|p1b: Whimsicott|Tailwind|p1b: Whimsicott\n|-sidestart|p1: Has_Perry|move: Tailwind\n|move|p1a: Gigidrago|Draco Meteor|p2b: Raging Bolt\n|-damage|p2b: Raging Bolt|0 fnt\n|-unboost|p1a: Gigidrago|spa|2\n|faint|p2b: Raging Bolt\n|-end|p2b: Raging Bolt|Protosynthesis|[silent]\n|-damage|p1a: Gigidrago|91\/100|[from] item: Life Orb\n|move|p2a: Grimmsnarl|Spirit Break|p1a: Gigidrago\n|-supereffective|p1a: Gigidrago\n|-damage|p1a: Gigidrago|20\/100\n|-unboost|p1a: Gigidrago|spa|1\n|\n|upkeep\n|\n|t:|1740049249\n|switch|p2b: Kyogre|Kyogre, L50|100\/100\n|-weather|RainDance|[from] ability: Drizzle|[of] p2b: Kyogre\n|turn|3\n|\n|t:|1740049265\n|move|p1b: Whimsicott|Protect|p1b: Whimsicott\n|-singleturn|p1b: Whimsicott|Protect\n|move|p1a: Gigidrago|Draco Meteor|p2b: Kyogre\n|-damage|p2b: Kyogre|72\/100\n|-unboost|p1a: Gigidrago|spa|2\n|-damage|p1a: Gigidrago|11\/100|[from] item: Life Orb\n|move|p2b: Kyogre|Ice Beam|p1b: Whimsicott\n|-activate|p1b: Whimsicott|move: Protect\n|move|p2a: Grimmsnarl|Spirit Break|p1a: Gigidrago\n|-supereffective|p1a: Gigidrago\n|-damage|p1a: Gigidrago|0 fnt\n|faint|p1a: Gigidrago\n|\n|-weather|RainDance|[upkeep]\n|-heal|p2b: Kyogre|77\/100|[from] item: Leftovers\n|upkeep\n|\n|t:|1740049279\n|switch|p1a: Ogerpon|Ogerpon-Wellspring, L50, F|100\/100\n|turn|4\n|\n|t:|1740049300\n|switch|p2b: Incineroar|Incineroar, L50, M|100\/100\n|-ability|p2b: Incineroar|Intimidate|boost\n|-unboost|p1a: Ogerpon|atk|1\n|-unboost|p1b: Whimsicott|atk|1\n|-terastallize|p1a: Ogerpon|Water\n|detailschange|p1a: Ogerpon|Ogerpon-Wellspring-Tera, L50, F, tera:Water\n|-ability|p1a: Ogerpon|Embody Aspect (Wellspring)|boost\n|-boost|p1a: Ogerpon|spd|1\n|move|p1b: Whimsicott|Encore|p2b: Incineroar\n|-hint|Since gen 7, Dark is immune to Prankster moves.\n|-immune|p2b: Incineroar\n|move|p1a: Ogerpon|Ivy Cudgel|p2a: Grimmsnarl|[anim] Ivy Cudgel Water\n|-damage|p2a: Grimmsnarl|56\/100\n|move|p2a: Grimmsnarl|Spirit Break|p1a: Ogerpon\n|-damage|p1a: Ogerpon|69\/100\n|-unboost|p1a: Ogerpon|spa|1\n|\n|-weather|RainDance|[upkeep]\n|upkeep\n|turn|5\n|inactive|palamed has 30 seconds left.\n|\n|t:|1740049327\n|switch|p1a: Great Blue Dog Sif|Zacian-Crowned, L50, shiny|100\/100\n|-ability|p1a: Great Blue Dog Sif|Intrepid Sword|boost\n|-boost|p1a: Great Blue Dog Sif|atk|1\n|switch|p2b: Kyogre|Kyogre, L50|77\/100\n|move|p2a: Grimmsnarl|Thunder Wave|p1a: Great Blue Dog Sif\n|-status|p1a: Great Blue Dog Sif|par\n|move|p1b: Whimsicott|Moonblast|p2a: Grimmsnarl\n|-supereffective|p2a: Grimmsnarl\n|-damage|p2a: Grimmsnarl|5\/100\n|\n|-weather|RainDance|[upkeep]\n|-heal|p2b: Kyogre|83\/100|[from] item: Leftovers\n|-sideend|p1: Has_Perry|move: Tailwind\n|upkeep\n|turn|6\n|\n|t:|1740049348\n|switch|p2a: Incineroar|Incineroar, L50, M|100\/100\n|-ability|p2a: Incineroar|Intimidate|boost\n|-unboost|p1a: Great Blue Dog Sif|atk|1\n|-unboost|p1b: Whimsicott|atk|1\n|move|p1a: Great Blue Dog Sif|Protect|p1a: Great Blue Dog Sif\n|-singleturn|p1a: Great Blue Dog Sif|Protect\n|move|p1b: Whimsicott|Moonblast|p2a: Incineroar\n|-damage|p2a: Incineroar|75\/100\n|-unboost|p2a: Incineroar|spa|1\n|move|p2b: Kyogre|Ice Beam|p1b: Whimsicott\n|-supereffective|p1b: Whimsicott\n|-damage|p1b: Whimsicott|10\/100\n|\n|-weather|RainDance|[upkeep]\n|-heal|p2b: Kyogre|89\/100|[from] item: Leftovers\n|upkeep\n|turn|7\n|\n|t:|1740049367\n|move|p2a: Incineroar|Fake Out|p1b: Whimsicott\n|-damage|p1b: Whimsicott|0 fnt\n|faint|p1b: Whimsicott\n|move|p2b: Kyogre|Origin Pulse|p1a: Great Blue Dog Sif\n|-damage|p1a: Great Blue Dog Sif|20\/100 par\n|move|p1a: Great Blue Dog Sif|Play Rough|p2b: Kyogre|[miss]\n|-miss|p1a: Great Blue Dog Sif|p2b: Kyogre\n|\n|-weather|none\n|-heal|p2b: Kyogre|95\/100|[from] item: Leftovers\n|upkeep\n|\n|t:|1740049375\n|switch|p1b: Ogerpon|Ogerpon-Wellspring-Tera, L50, F, tera:Water|69\/100\n|-ability|p1b: Ogerpon|Embody Aspect (Wellspring)|boost\n|-boost|p1b: Ogerpon|spd|1\n|turn|8\n|\n|t:|1740049395\n|move|p1b: Ogerpon|Ivy Cudgel|p2a: Incineroar|[anim] Ivy Cudgel Water\n|-supereffective|p2a: Incineroar\n|-damage|p2a: Incineroar|1\/100\n|move|p2b: Kyogre|Origin Pulse|p1b: Ogerpon|[spread] p1a,p1b\n|-resisted|p1b: Ogerpon\n|-damage|p1a: Great Blue Dog Sif|0 fnt\n|-damage|p1b: Ogerpon|52\/100\n|faint|p1a: Great Blue Dog Sif\n|move|p2a: Incineroar|Will-O-Wisp|p1b: Ogerpon\n|-status|p1b: Ogerpon|brn\n|\n|-heal|p2b: Kyogre|100\/100|[from] item: Leftovers\n|-damage|p1b: Ogerpon|47\/100 brn|[from] brn\n|-sideend|p2: palamed|Reflect\n|upkeep\n|turn|9\n|-message|Has_Perry forfeited.\n|\n|win|palamed\n|raw|Has_Perry's rating: 1569 &rarr; <strong>1548<\/strong><br \/>(-21 for losing)\n|raw|palamed's rating: 1545 &rarr; <strong>1566<\/strong><br \/>(+21 for winning)\n|l|\u2606Has_Perry\n|player|p1|\n|l|\u2606palamed\n|player|p2|\n","uploadtime":1740049640,"views":5,"formatid":"gen9vgc2025regg","rating":1548,"private":0,"password":null}