{"id":"gen9vgc2025regg-2304357259","format":"[Gen 9] VGC 2025 Reg G","players":["popporion","palamed"],"log":"|j|\u2606popporion\n|j|\u2606palamed\n|t:|1740049715\n|gametype|doubles\n|player|p1|popporion|firebreather|1544\n|player|p2|palamed|265|1555\n|teamsize|p1|6\n|teamsize|p2|6\n|gen|9\n|tier|[Gen 9] VGC 2025 Reg G\n|rated|\n|rule|Species Clause: Limit one of each Pok\u00e9mon\n|rule|Item Clause: Limit 1 of each item\n|clearpoke\n|poke|p1|Farigiraf, L50, F|\n|poke|p1|Annihilape, L50, F|\n|poke|p1|Calyrex-Ice, L50|\n|poke|p1|Regieleki, L50|\n|poke|p1|Landorus, L50, M|\n|poke|p1|Brute Bonnet, L50|\n|poke|p2|Kyogre, L50|\n|poke|p2|Grimmsnarl, L50, M|\n|poke|p2|Urshifu-*, L50, M|\n|poke|p2|Incineroar, L50, F|\n|poke|p2|Rillaboom, L50, F|\n|poke|p2|Raging Bolt, L50|\n|teampreview|4\n|inactive|Battle timer is ON: inactive players will automatically lose when time's up. (requested by palamed)\n|inactive|popporion has 60 seconds left.\n|\n|t:|1740049786\n|start\n|switch|p1a: Annihilape|Annihilape, L50, F|100\/100\n|switch|p1b: Farigiraf|Farigiraf, L50, F|100\/100\n|switch|p2a: Grimmsnarl|Grimmsnarl, L50, M|100\/100\n|switch|p2b: Urshifu|Urshifu-Rapid-Strike, L50, M|100\/100\n|turn|1\n|inactive|palamed has 30 seconds left.\n|\n|t:|1740049820\n|move|p1a: Annihilape|Final Gambit|p2a: Grimmsnarl\n|-damage|p2a: Grimmsnarl|0 fnt\n|faint|p1a: Annihilape\n|faint|p2a: Grimmsnarl\n|move|p2b: Urshifu|Surging Strikes|p1b: Farigiraf\n|-crit|p1b: Farigiraf\n|-damage|p1b: Farigiraf|81\/100\n|-crit|p1b: Farigiraf\n|-damage|p1b: Farigiraf|59\/100\n|-crit|p1b: Farigiraf\n|-damage|p1b: Farigiraf|37\/100\n|-hitcount|p1b: Farigiraf|3\n|move|p1b: Farigiraf|Trick Room|p1b: Farigiraf\n|-fieldstart|move: Trick Room|[of] p1b: Farigiraf\n|\n|upkeep\n|\n|t:|1740049836\n|switch|p2a: Kyogre|Kyogre, L50|100\/100\n|switch|p1a: Brute Bonnet|Brute Bonnet, L50|100\/100\n|-weather|RainDance|[from] ability: Drizzle|[of] p2a: Kyogre\n|turn|2\n|\n|t:|1740049846\n|switch|p2b: Rillaboom|Rillaboom, L50, F|100\/100\n|-fieldstart|move: Grassy Terrain|[from] ability: Grassy Surge|[of] p2b: Rillaboom\n|-terastallize|p2a: Kyogre|Grass\n|move|p1a: Brute Bonnet|Spore|p2b: Rillaboom\n|-immune|p2b: Rillaboom\n|move|p1b: Farigiraf|Thunderbolt|p2a: Kyogre\n|-resisted|p2a: Kyogre\n|-damage|p2a: Kyogre|93\/100\n|move|p2a: Kyogre|Ice Beam|p1a: Brute Bonnet\n|-supereffective|p1a: Brute Bonnet\n|-damage|p1a: Brute Bonnet|49\/100\n|\n|-weather|RainDance|[upkeep]\n|-heal|p1a: Brute Bonnet|55\/100|[from] Grassy Terrain\n|-heal|p1b: Farigiraf|43\/100|[from] Grassy Terrain\n|-heal|p2a: Kyogre|99\/100|[from] Grassy Terrain\n|-heal|p2a: Kyogre|100\/100|[from] item: Leftovers\n|upkeep\n|turn|3\n|inactive|popporion has 30 seconds left.\n|inactive|popporion has 20 seconds left.\n|inactive|popporion has 15 seconds left.\n|inactive|popporion has 10 seconds left.\n|\n|t:|1740049896\n|-end|p1a: Brute Bonnet|Protosynthesis|[silent]\n|switch|p1a: Calyrex|Calyrex-Ice, L50|100\/100\n|-ability|p1a: Calyrex|As One\n|-ability|p1a: Calyrex|Unnerve\n|move|p1b: Farigiraf|Foul Play|p2b: Rillaboom\n|-damage|p2b: Rillaboom|69\/100\n|move|p2a: Kyogre|Origin Pulse|p1a: Calyrex|[spread] p1a,p1b\n|-damage|p1a: Calyrex|54\/100\n|-damage|p1b: Farigiraf|0 fnt\n|faint|p1b: Farigiraf\n|move|p2b: Rillaboom|U-turn|p1a: Calyrex\n|-supereffective|p1a: Calyrex\n|-damage|p1a: Calyrex|23\/100\n|-enditem|p1a: Calyrex|Weakness Policy\n|-boost|p1a: Calyrex|atk|2|[from] item: Weakness Policy\n|-boost|p1a: Calyrex|spa|2|[from] item: Weakness Policy\n|\n|t:|1740049913\n|switch|p2b: Urshifu|Urshifu-Rapid-Strike, L50, M|100\/100|[from] U-turn\n|\n|-weather|RainDance|[upkeep]\n|-heal|p1a: Calyrex|29\/100|[from] Grassy Terrain\n|upkeep\n|\n|t:|1740049918\n|switch|p1b: Brute Bonnet|Brute Bonnet, L50|55\/100\n|turn|4\n|\n|t:|1740049930\n|move|p2a: Kyogre|Protect|p2a: Kyogre\n|-singleturn|p2a: Kyogre|Protect\n|move|p2b: Urshifu|Aqua Jet|p1a: Calyrex\n|-damage|p1a: Calyrex|7\/100\n|move|p1b: Brute Bonnet|Spore|p2b: Urshifu\n|-status|p2b: Urshifu|slp|[from] move: Spore\n|move|p1a: Calyrex|Glacial Lance|p2a: Kyogre|[spread] p2b\n|-activate|p2a: Kyogre|move: Protect\n|-resisted|p2b: Urshifu\n|-damage|p2b: Urshifu|41\/100 slp\n|\n|-weather|RainDance|[upkeep]\n|-heal|p1b: Brute Bonnet|61\/100|[from] Grassy Terrain\n|-heal|p1a: Calyrex|13\/100|[from] Grassy Terrain\n|-heal|p2b: Urshifu|48\/100 slp|[from] Grassy Terrain\n|upkeep\n|turn|5\n|\n|t:|1740049954\n|cant|p2b: Urshifu|slp\n|move|p1b: Brute Bonnet|Clear Smog|p2a: Kyogre\n|-supereffective|p2a: Kyogre\n|-damage|p2a: Kyogre|87\/100\n|-clearboost|p2a: Kyogre\n|move|p1a: Calyrex|Glacial Lance|p2a: Kyogre|[spread] p2a,p2b\n|-supereffective|p2a: Kyogre\n|-resisted|p2b: Urshifu\n|-damage|p2a: Kyogre|0 fnt\n|-damage|p2b: Urshifu|0 fnt\n|faint|p2a: Kyogre\n|faint|p2b: Urshifu\n|-ability|p1a: Calyrex|Chilling Neigh|boost\n|-boost|p1a: Calyrex|atk|2\n|\n|-weather|RainDance|[upkeep]\n|-heal|p1b: Brute Bonnet|67\/100|[from] Grassy Terrain\n|-heal|p1a: Calyrex|19\/100|[from] Grassy Terrain\n|-fieldend|move: Trick Room\n|upkeep\n|\n|t:|1740049964\n|switch|p2b: Rillaboom|Rillaboom, L50, F|69\/100\n|turn|6\n|\n|t:|1740049986\n|move|p1a: Calyrex|Protect|p1a: Calyrex\n|-singleturn|p1a: Calyrex|Protect\n|move|p2b: Rillaboom|U-turn|p1a: Calyrex\n|-activate|p1a: Calyrex|move: Protect\n|move|p1b: Brute Bonnet|Clear Smog|p2b: Rillaboom\n|-supereffective|p2b: Rillaboom\n|-damage|p2b: Rillaboom|56\/100\n|-clearboost|p2b: Rillaboom\n|\n|-weather|none\n|-heal|p2b: Rillaboom|62\/100|[from] Grassy Terrain\n|-heal|p1a: Calyrex|25\/100|[from] Grassy Terrain\n|-heal|p1b: Brute Bonnet|73\/100|[from] Grassy Terrain\n|-fieldend|move: Grassy Terrain\n|upkeep\n|turn|7\n|\n|t:|1740050002\n|-terastallize|p1a: Calyrex|Fire\n|move|p2b: Rillaboom|U-turn|p1a: Calyrex\n|-resisted|p1a: Calyrex\n|-damage|p1a: Calyrex|17\/100\n|move|p1a: Calyrex|Glacial Lance|p2b: Rillaboom\n|-supereffective|p2b: Rillaboom\n|-damage|p2b: Rillaboom|0 fnt\n|faint|p2b: Rillaboom\n|\n|win|popporion\n|raw|popporion's rating: 1544 &rarr; <strong>1565<\/strong><br \/>(+21 for winning)\n|raw|palamed's rating: 1555 &rarr; <strong>1534<\/strong><br \/>(-21 for losing)\n|l|\u2606palamed\n|player|p2|\n|l|\u2606popporion\n|player|p1|\n","uploadtime":1740050196,"views":5,"formatid":"gen9vgc2025regg","rating":1534,"private":0,"password":null}