{"id":"gen9vgc2025regg-2304903936","format":"[Gen 9] VGC 2025 Reg G","players":["anti-kyogre","ThreeBrainsInone"],"log":"|j|\u2606anti-kyogre\n|j|\u2606ThreeBrainsInone\n|t:|1740115530\n|gametype|doubles\n|player|p1|anti-kyogre|169|1612\n|player|p2|ThreeBrainsInone|twins-gen4dp|1517\n|teamsize|p1|6\n|teamsize|p2|6\n|gen|9\n|tier|[Gen 9] VGC 2025 Reg G\n|rated|\n|rule|Species Clause: Limit one of each Pok\u00e9mon\n|rule|Item Clause: Limit 1 of each item\n|clearpoke\n|poke|p1|Pelipper, L50, F|\n|poke|p1|Calyrex-Ice, L50|\n|poke|p1|Urshifu-*, L50, M|\n|poke|p1|Raging Bolt, L50|\n|poke|p1|Incineroar, L50, M|\n|poke|p1|Amoonguss, L50, M|\n|poke|p2|Calyrex-Ice, L50|\n|poke|p2|Urshifu-*, L50, F|\n|poke|p2|Indeedee-F, L50, F|\n|poke|p2|Pelipper, L50, M|\n|poke|p2|Landorus, L50, M|\n|poke|p2|Amoonguss, L50, F|\n|teampreview|4\n|inactive|Battle timer is ON: inactive players will automatically lose when time's up. (requested by ThreeBrainsInone)\n|inactive|anti-kyogre has 60 seconds left.\n|\n|t:|1740115570\n|start\n|switch|p1a: Urshifu|Urshifu-Rapid-Strike, L50, M|100\/100\n|switch|p1b: Incineroar|Incineroar, L50, M|100\/100\n|switch|p2a: Calyrex|Calyrex-Ice, L50|100\/100\n|switch|p2b: Indeedee|Indeedee-F, L50, F|100\/100\n|-ability|p2a: Calyrex|As One\n|-ability|p2a: Calyrex|Unnerve\n|-fieldstart|move: Psychic Terrain|[from] ability: Psychic Surge|[of] p2b: Indeedee\n|-ability|p1b: Incineroar|Intimidate|boost\n|-fail|p2a: Calyrex|unboost|[from] item: Clear Amulet|[of] p2a: Calyrex\n|-unboost|p2b: Indeedee|atk|1\n|turn|1\n|\n|t:|1740115591\n|switch|p1a: Calyrex|Calyrex-Ice, L50|100\/100\n|-ability|p1a: Calyrex|As One\n|-ability|p1a: Calyrex|Unnerve\n|-terastallize|p2a: Calyrex|Water\n|move|p2b: Indeedee|Psychic|p1a: Calyrex\n|-resisted|p1a: Calyrex\n|-damage|p1a: Calyrex|89\/100\n|move|p2a: Calyrex|High Horsepower|p1b: Incineroar\n|-supereffective|p1b: Incineroar\n|-damage|p1b: Incineroar|49\/100\n|move|p1b: Incineroar|Knock Off|p2a: Calyrex\n|-damage|p2a: Calyrex|77\/100\n|-enditem|p2a: Calyrex|Clear Amulet|[from] move: Knock Off|[of] p1b: Incineroar\n|\n|upkeep\n|turn|2\n|\n|t:|1740115614\n|switch|p1b: Urshifu|Urshifu-Rapid-Strike, L50, M|100\/100\n|move|p2b: Indeedee|Follow Me|p2b: Indeedee\n|-singleturn|p2b: Indeedee|move: Follow Me\n|move|p2a: Calyrex|Imprison|p2a: Calyrex\n|-start|p2a: Calyrex|move: Imprison\n|cant|p1a: Calyrex|move: Imprison|Glacial Lance\n|\n|upkeep\n|turn|3\n|inactive|anti-kyogre has 30 seconds left.\n|inactive|anti-kyogre has 20 seconds left.\n|\n|t:|1740115650\n|switch|p1a: Incineroar|Incineroar, L50, M|49\/100\n|-ability|p1a: Incineroar|Intimidate|boost\n|-unboost|p2a: Calyrex|atk|1\n|-unboost|p2b: Indeedee|atk|1\n|move|p1b: Urshifu|Detect|p1b: Urshifu\n|-singleturn|p1b: Urshifu|Protect\n|move|p2b: Indeedee|Psychic|p1b: Urshifu\n|-activate|p1b: Urshifu|move: Protect\n|move|p2a: Calyrex|Glacial Lance|p1b: Urshifu|[spread] p1a\n|-activate|p1b: Urshifu|move: Protect\n|-resisted|p1a: Incineroar\n|-damage|p1a: Incineroar|36\/100\n|\n|upkeep\n|turn|4\n|\n|t:|1740115674\n|switch|p1b: Calyrex|Calyrex-Ice, L50|89\/100\n|-ability|p1b: Calyrex|As One\n|-ability|p1b: Calyrex|Unnerve\n|switch|p1a: Amoonguss|Amoonguss, L50, M|100\/100\n|move|p2b: Indeedee|Psychic|p1b: Calyrex\n|-resisted|p1b: Calyrex\n|-damage|p1b: Calyrex|76\/100\n|move|p2a: Calyrex|High Horsepower|p1a: Amoonguss\n|-damage|p1a: Amoonguss|75\/100\n|-damage|p2a: Calyrex|60\/100|[from] item: Rocky Helmet|[of] p1a: Amoonguss\n|\n|upkeep\n|turn|5\n|\n|t:|1740115693\n|switch|p1b: Urshifu|Urshifu-Rapid-Strike, L50, M|100\/100\n|move|p1a: Amoonguss|Protect|p1a: Amoonguss\n|-singleturn|p1a: Amoonguss|Protect\n|move|p2b: Indeedee|Psychic|p1a: Amoonguss\n|-activate|p1a: Amoonguss|move: Protect\n|move|p2a: Calyrex|Glacial Lance|p1a: Amoonguss|[spread] p1b\n|-activate|p1a: Amoonguss|move: Protect\n|-resisted|p1b: Urshifu\n|-damage|p1b: Urshifu|81\/100\n|\n|-fieldend|move: Psychic Terrain\n|upkeep\n|turn|6\n|inactive|anti-kyogre has 30 seconds left.\n|j| practicesemijrlman\n|inactive|anti-kyogre has 20 seconds left.\n|\n|t:|1740115731\n|switch|p1a: Incineroar|Incineroar, L50, M|36\/100\n|-ability|p1a: Incineroar|Intimidate|boost\n|-unboost|p2a: Calyrex|atk|1\n|-unboost|p2b: Indeedee|atk|1\n|move|p2b: Indeedee|Follow Me|p2b: Indeedee\n|-singleturn|p2b: Indeedee|move: Follow Me\n|move|p1b: Urshifu|Surging Strikes|p2b: Indeedee\n|-crit|p2b: Indeedee\n|-damage|p2b: Indeedee|75\/100\n|-crit|p2b: Indeedee\n|-damage|p2b: Indeedee|47\/100\n|-crit|p2b: Indeedee\n|-damage|p2b: Indeedee|24\/100\n|-hitcount|p2b: Indeedee|3\n|move|p2a: Calyrex|High Horsepower|p1b: Urshifu\n|-damage|p1b: Urshifu|61\/100\n|\n|upkeep\n|turn|7\n|inactive|anti-kyogre has 30 seconds left.\n|\n|t:|1740115760\n|switch|p1a: Calyrex|Calyrex-Ice, L50|76\/100\n|-ability|p1a: Calyrex|As One\n|-ability|p1a: Calyrex|Unnerve\n|move|p2b: Indeedee|Follow Me|p2b: Indeedee\n|-singleturn|p2b: Indeedee|move: Follow Me\n|move|p1b: Urshifu|Surging Strikes|p2b: Indeedee\n|-crit|p2b: Indeedee\n|-damage|p2b: Indeedee|0 fnt\n|faint|p2b: Indeedee\n|-hitcount|p2: Indeedee|1\n|move|p2a: Calyrex|High Horsepower|p1a: Calyrex\n|-damage|p1a: Calyrex|65\/100\n|\n|upkeep\n|\n|t:|1740115770\n|switch|p2b: Landorus|Landorus, L50, M|100\/100\n|turn|8\n|\n|t:|1740115783\n|switch|p1a: Amoonguss|Amoonguss, L50, M|100\/100\n|-terastallize|p1b: Urshifu|Grass\n|move|p2b: Landorus|Sandsear Storm|p1a: Amoonguss|[spread] p1a,p1b\n|-resisted|p1b: Urshifu\n|-damage|p1a: Amoonguss|58\/100\n|-damage|p1b: Urshifu|29\/100\n|move|p1b: Urshifu|Surging Strikes|p2b: Landorus\n|-supereffective|p2b: Landorus\n|-crit|p2b: Landorus\n|-damage|p2b: Landorus|44\/100\n|-supereffective|p2b: Landorus\n|-crit|p2b: Landorus\n|-damage|p2b: Landorus|0 fnt\n|faint|p2b: Landorus\n|-hitcount|p2: Landorus|2\n|move|p2a: Calyrex|High Horsepower|p1b: Urshifu\n|-resisted|p1b: Urshifu\n|-damage|p1b: Urshifu|20\/100\n|\n|upkeep\n|\n|t:|1740115790\n|switch|p2b: Charybdis|Pelipper, L50, M|100\/100\n|-weather|RainDance|[from] ability: Drizzle|[of] p2b: Charybdis\n|turn|9\n|inactive|anti-kyogre has 30 seconds left.\n|inactive|anti-kyogre has 20 seconds left.\n|inactive|anti-kyogre has 15 seconds left.\n|inactive|anti-kyogre has 10 seconds left.\n|inactive|anti-kyogre has 5 seconds left.\n|\n|t:|1740115841\n|switch|p1a: Incineroar|Incineroar, L50, M|36\/100\n|-ability|p1a: Incineroar|Intimidate|boost\n|-unboost|p2a: Calyrex|atk|1\n|-unboost|p2b: Charybdis|atk|1\n|move|p1b: Urshifu|Surging Strikes|p2a: Calyrex\n|-resisted|p2a: Calyrex\n|-crit|p2a: Calyrex\n|-damage|p2a: Calyrex|47\/100\n|-resisted|p2a: Calyrex\n|-crit|p2a: Calyrex\n|-damage|p2a: Calyrex|36\/100\n|-resisted|p2a: Calyrex\n|-crit|p2a: Calyrex\n|-damage|p2a: Calyrex|24\/100\n|-hitcount|p2a: Calyrex|3\n|move|p2b: Charybdis|Hurricane|p1a: Incineroar\n|-damage|p1a: Incineroar|0 fnt\n|faint|p1a: Incineroar\n|move|p2a: Calyrex|Glacial Lance|p1b: Urshifu\n|-supereffective|p1b: Urshifu\n|-damage|p1b: Urshifu|0 fnt\n|faint|p1b: Urshifu\n|-ability|p2a: Calyrex|Chilling Neigh|boost\n|-boost|p2a: Calyrex|atk|1\n|\n|-weather|RainDance|[upkeep]\n|upkeep\n|\n|t:|1740115864\n|switch|p1b: Calyrex|Calyrex-Ice, L50|65\/100\n|switch|p1a: Amoonguss|Amoonguss, L50, M|91\/100\n|-ability|p1b: Calyrex|As One\n|-ability|p1b: Calyrex|Unnerve\n|turn|10\n|l| practicesemijrlman\n|inactive|anti-kyogre has 30 seconds left.\n|j| practicesemijrlman\n|inactive|anti-kyogre has 20 seconds left.\n|inactive|anti-kyogre has 15 seconds left.\n|-message|anti-kyogre forfeited.\n|\n|win|ThreeBrainsInone\n|raw|anti-kyogre's rating: 1612 &rarr; <strong>1587<\/strong><br \/>(-25 for losing)\n|raw|ThreeBrainsInone's rating: 1517 &rarr; <strong>1542<\/strong><br \/>(+25 for winning)\n|l| practicesemijrlman\n|l|\u2606ThreeBrainsInone\n|player|p2|\n","uploadtime":1740116086,"views":5,"formatid":"gen9vgc2025regg","rating":1542,"private":0,"password":null}