{"id":"gen9vgc2025regg-2304207492","format":"[Gen 9] VGC 2025 Reg G","players":["WHOTFISRYANPOWNEY","wallabit g"],"log":"|j|\u2606WHOTFISRYANPOWNEY\n|j|\u2606wallabit g\n|t:|1740022300\n|gametype|doubles\n|player|p1|WHOTFISRYANPOWNEY|pokemonranger-gen4|1589\n|player|p2|wallabit g|dawn-gen4pt|1676\n|teamsize|p1|6\n|teamsize|p2|6\n|gen|9\n|tier|[Gen 9] VGC 2025 Reg G\n|rated|\n|rule|Species Clause: Limit one of each Pok\u00e9mon\n|rule|Item Clause: Limit 1 of each item\n|clearpoke\n|poke|p1|Urshifu-*, L50, F|\n|poke|p1|Calyrex-Ice, L50|\n|poke|p1|Smeargle, L50, M|\n|poke|p1|Ogerpon-Hearthflame, L50, F|\n|poke|p1|Indeedee-F, L50, F|\n|poke|p1|Ursaluna-Bloodmoon, L50, M|\n|poke|p2|Calyrex-Shadow, L50|\n|poke|p2|Ogerpon-Cornerstone, L50, F|\n|poke|p2|Urshifu-*, L50, M|\n|poke|p2|Indeedee-F, L50, F|\n|poke|p2|Mienshao, L50, M|\n|poke|p2|Ursaluna-Bloodmoon, L50, M|\n|teampreview|4\n|inactive|Battle timer is ON: inactive players will automatically lose when time's up. (requested by WHOTFISRYANPOWNEY)\n|\n|t:|1740022346\n|start\n|switch|p1a: Indeedee|Indeedee-F, L50, F|100\/100\n|switch|p1b: Calyrex|Calyrex-Ice, L50|100\/100\n|switch|p2a: Mienshao|Mienshao, L50, M|100\/100\n|switch|p2b: Ursaluna|Ursaluna-Bloodmoon, L50, M|100\/100\n|-ability|p1b: Calyrex|As One\n|-ability|p1b: Calyrex|Unnerve\n|-fieldstart|move: Psychic Terrain|[from] ability: Psychic Surge|[of] p1a: Indeedee\n|-enditem|p1a: Indeedee|Psychic Seed\n|-boost|p1a: Indeedee|spd|1|[from] item: Psychic Seed\n|turn|1\n|\n|t:|1740022367\n|-terastallize|p2b: Ursaluna|Normal\n|move|p2a: Mienshao|Taunt|p1a: Indeedee\n|-start|p1a: Indeedee|move: Taunt\n|move|p1b: Calyrex|Glacial Lance|p2a: Mienshao|[spread] p2a,p2b\n|-enditem|p2a: Mienshao|Focus Sash\n|-damage|p2a: Mienshao|1\/100\n|-damage|p2b: Ursaluna|59\/100\n|move|p2b: Ursaluna|Hyper Voice|p1a: Indeedee|[spread] p1a,p1b\n|-damage|p1a: Indeedee|56\/100\n|-damage|p1b: Calyrex|58\/100\n|cant|p1a: Indeedee|move: Taunt|Trick Room\n|\n|upkeep\n|turn|2\n|inactive|wallabit g has 30 seconds left.\n|\n|t:|1740022394\n|move|p1b: Calyrex|Protect|p1b: Calyrex\n|-singleturn|p1b: Calyrex|Protect\n|move|p2a: Mienshao|Wide Guard|p2a: Mienshao\n|-singleturn|p2a: Mienshao|Wide Guard\n|move|p1a: Indeedee|Psychic|p2b: Ursaluna\n|-damage|p2b: Ursaluna|13\/100\n|move|p2b: Ursaluna|Blood Moon|p1b: Calyrex\n|-activate|p1b: Calyrex|move: Protect\n|\n|upkeep\n|turn|3\n|inactive|WHOTFISRYANPOWNEY has 30 seconds left.\n|j| Johnnzen\n|inactive|WHOTFISRYANPOWNEY has 20 seconds left.\n|inactive|WHOTFISRYANPOWNEY has 15 seconds left.\n|\n|t:|1740022435\n|move|p2b: Ursaluna|Protect|p2b: Ursaluna\n|-singleturn|p2b: Ursaluna|Protect\n|move|p2a: Mienshao|Taunt|p1b: Calyrex\n|-start|p1b: Calyrex|move: Taunt\n|move|p1a: Indeedee|Psychic|p2a: Mienshao\n|-supereffective|p2a: Mienshao\n|-damage|p2a: Mienshao|0 fnt\n|faint|p2a: Mienshao\n|cant|p1b: Calyrex|move: Taunt|Trick Room\n|\n|-end|p1a: Indeedee|move: Taunt\n|upkeep\n|\n|t:|1740022453\n|switch|p2a: Calyrex|Calyrex-Shadow, L50|100\/100\n|-ability|p2a: Calyrex|As One\n|-ability|p2a: Calyrex|Unnerve\n|turn|4\n|\n|t:|1740022462\n|-terastallize|p1b: Calyrex|Water\n|move|p2a: Calyrex|Expanding Force|p1a: Indeedee|[spread] p1a,p1b\n|-resisted|p1a: Indeedee\n|-damage|p1a: Indeedee|22\/100\n|-damage|p1b: Calyrex|0 fnt\n|faint|p1b: Calyrex\n|-ability|p2a: Calyrex|Grim Neigh|boost\n|-boost|p2a: Calyrex|spa|1\n|-damage|p2a: Calyrex|91\/100|[from] item: Life Orb\n|move|p1a: Indeedee|Heal Pulse|p1: Calyrex|[notarget]\n|-fail|p1a: Indeedee\n|move|p2b: Ursaluna|Hyper Voice|p1a: Indeedee\n|-damage|p1a: Indeedee|0 fnt\n|faint|p1a: Indeedee\n|\n|upkeep\n|\n|t:|1740022475\n|switch|p1a: Smeargle|Smeargle, L50, M|100\/100\n|switch|p1b: Ursaluna|Ursaluna-Bloodmoon, L50, M|100\/100\n|turn|5\n|\n|t:|1740022484\n|move|p2a: Calyrex|Protect|p2a: Calyrex\n|-singleturn|p2a: Calyrex|Protect\n|move|p1b: Ursaluna|Protect|p1b: Ursaluna\n|-singleturn|p1b: Ursaluna|Protect\n|move|p1a: Smeargle|Spore|p2a: Calyrex\n|-activate|p2a: Calyrex|move: Protect\n|move|p2b: Ursaluna|Blood Moon|p1a: Smeargle\n|-enditem|p1a: Smeargle|Focus Sash\n|-damage|p1a: Smeargle|1\/100\n|\n|-fieldend|move: Psychic Terrain\n|upkeep\n|turn|6\n|l| Johnnzen\n|\n|t:|1740022496\n|move|p1a: Smeargle|Follow Me|p1a: Smeargle\n|-singleturn|p1a: Smeargle|move: Follow Me\n|move|p2a: Calyrex|Expanding Force|p1a: Smeargle\n|-damage|p1a: Smeargle|0 fnt\n|faint|p1a: Smeargle\n|-ability|p2a: Calyrex|Grim Neigh|boost\n|-boost|p2a: Calyrex|spa|1\n|-damage|p2a: Calyrex|81\/100|[from] item: Life Orb\n|move|p1b: Ursaluna|Blood Moon|p2a: Calyrex\n|-crit|p2a: Calyrex\n|-damage|p2a: Calyrex|0 fnt\n|faint|p2a: Calyrex\n|-damage|p1b: Ursaluna|91\/100|[from] item: Life Orb\n|move|p2b: Ursaluna|Hyper Voice|p1b: Ursaluna\n|-damage|p1b: Ursaluna|0 fnt\n|faint|p1b: Ursaluna\n|\n|win|wallabit g\n|raw|WHOTFISRYANPOWNEY's rating: 1589 &rarr; <strong>1574<\/strong><br \/>(-15 for losing)\n|raw|wallabit g's rating: 1676 &rarr; <strong>1691<\/strong><br \/>(+15 for winning)\n|l|\u2606WHOTFISRYANPOWNEY\n|player|p1|\n|l|\u2606wallabit g\n|player|p2|\n","uploadtime":1740022685,"views":7,"formatid":"gen9vgc2025regg","rating":1574,"private":0,"password":null}