{"id":"gen9vgc2025regg-2304355590","format":"[Gen 9] VGC 2025 Reg G","players":["Raekyuu","llefface"],"log":"|j|\u2606Raekyuu\n|j|\u2606llefface\n|t:|1740049421\n|gametype|doubles\n|player|p1|Raekyuu|170|1597\n|player|p2|llefface|lana-masters|1588\n|teamsize|p1|6\n|teamsize|p2|6\n|gen|9\n|tier|[Gen 9] VGC 2025 Reg G\n|rated|\n|rule|Species Clause: Limit one of each Pok\u00e9mon\n|rule|Item Clause: Limit 1 of each item\n|clearpoke\n|poke|p1|Calyrex-Shadow, L50|\n|poke|p1|Clefairy, L50, F|\n|poke|p1|Incineroar, L50, F|\n|poke|p1|Urshifu-*, L50, F|\n|poke|p1|Smeargle, L50, F|\n|poke|p1|Rillaboom, L50, F|\n|poke|p2|Miraidon, L50|\n|poke|p2|Whimsicott, L50, M|\n|poke|p2|Entei, L50|\n|poke|p2|Farigiraf, L50, F|\n|poke|p2|Ogerpon-Wellspring, L50, F|\n|poke|p2|Iron Hands, L50|\n|teampreview|4\n|c|\u2606llefface|glhf!\n|\n|t:|1740049439\n|start\n|switch|p1a: Calyrex|Calyrex-Shadow, L50|100\/100\n|switch|p1b: Incineroar|Incineroar, L50, F, shiny|100\/100\n|switch|p2a: Whimsicott|Whimsicott, L50, M|100\/100\n|switch|p2b: Entei|Entei, L50|100\/100\n|-ability|p1a: Calyrex|As One\n|-ability|p1a: Calyrex|Unnerve\n|-ability|p1b: Incineroar|Intimidate|boost\n|-unboost|p2a: Whimsicott|atk|1\n|-fail|p2b: Entei|unboost|Attack|[from] ability: Inner Focus|[of] p2b: Entei\n|turn|1\n|\n|t:|1740049464\n|move|p2a: Whimsicott|Tailwind|p2a: Whimsicott\n|-sidestart|p2: llefface|move: Tailwind\n|move|p2b: Entei|Sacred Fire|p1a: Calyrex\n|-damage|p1a: Calyrex|35\/100\n|-damage|p2b: Entei|91\/100|[from] item: Life Orb\n|move|p1a: Calyrex|Astral Barrage|p2a: Whimsicott|[spread] p2a,p2b\n|-damage|p2a: Whimsicott|1\/100\n|-damage|p2b: Entei|2\/100\n|-damage|p1a: Calyrex|25\/100|[from] item: Life Orb\n|move|p1b: Incineroar|Parting Shot|p2b: Entei\n|-unboost|p2b: Entei|atk|1\n|-unboost|p2b: Entei|spa|1\n|j| uppercut vgc\n|\n|t:|1740049478\n|switch|p1b: Rillaboom|Rillaboom, L50, F|100\/100|[from] Parting Shot\n|-fieldstart|move: Grassy Terrain|[from] ability: Grassy Surge|[of] p1b: Rillaboom\n|\n|-heal|p2a: Whimsicott|7\/100|[from] Grassy Terrain\n|-heal|p2b: Entei|8\/100|[from] Grassy Terrain\n|-heal|p1a: Calyrex|31\/100|[from] Grassy Terrain\n|upkeep\n|turn|2\n|l| uppercut vgc\n|\n|t:|1740049496\n|switch|p2a: Farigiraf|Farigiraf, L50, F|100\/100\n|move|p1a: Calyrex|Protect|p1a: Calyrex\n|-singleturn|p1a: Calyrex|Protect\n|move|p1b: Rillaboom|Fake Out||[still]\n|cant|p2a: Farigiraf|ability: Armor Tail|Fake Out|[of] p1b: Rillaboom\n|move|p2b: Entei|Sacred Fire|p1a: Calyrex\n|-activate|p1a: Calyrex|move: Protect\n|\n|-heal|p2b: Entei|14\/100|[from] Grassy Terrain\n|-heal|p1a: Calyrex|37\/100|[from] Grassy Terrain\n|upkeep\n|turn|3\n|\n|t:|1740049546\n|move|p2a: Farigiraf|Helping Hand|p2b: Entei\n|-singleturn|p2b: Entei|Helping Hand|[of] p2a: Farigiraf\n|move|p2b: Entei|Sacred Fire|p1b: Rillaboom\n|-supereffective|p1b: Rillaboom\n|-crit|p1b: Rillaboom\n|-damage|p1b: Rillaboom|0 fnt\n|faint|p1b: Rillaboom\n|-damage|p2b: Entei|5\/100|[from] item: Life Orb\n|move|p1a: Calyrex|Calm Mind|p1a: Calyrex\n|-boost|p1a: Calyrex|spa|1\n|-boost|p1a: Calyrex|spd|1\n|\n|-heal|p2b: Entei|11\/100|[from] Grassy Terrain\n|-heal|p1a: Calyrex|43\/100|[from] Grassy Terrain\n|upkeep\n|j| Easy180\n|\n|t:|1740049562\n|switch|p1b: Smeargle|Smeargle, L50, F|100\/100\n|turn|4\n|\n|t:|1740049585\n|move|p1a: Calyrex|Protect|p1a: Calyrex\n|-singleturn|p1a: Calyrex|Protect\n|move|p2b: Entei|Extreme Speed|p1b: Smeargle\n|-damage|p1b: Smeargle|41\/100\n|-damage|p2b: Entei|1\/100|[from] item: Life Orb\n|move|p1b: Smeargle|Spore|p2a: Farigiraf\n|-status|p2a: Farigiraf|slp|[from] move: Spore\n|cant|p2a: Farigiraf|slp\n|\n|-heal|p2b: Entei|7\/100|[from] Grassy Terrain\n|-heal|p1b: Smeargle|47\/100|[from] Grassy Terrain\n|-heal|p1a: Calyrex|49\/100|[from] Grassy Terrain\n|-sideend|p2: llefface|move: Tailwind\n|-ability|p1b: Smeargle|Moody|boost\n|-boost|p1b: Smeargle|spd|2\n|-unboost|p1b: Smeargle|spa|1\n|upkeep\n|turn|5\n|\n|t:|1740049608\n|switch|p1b: Incineroar|Incineroar, L50, F, shiny|100\/100\n|-ability|p1b: Incineroar|Intimidate|boost\n|-unboost|p2a: Farigiraf|atk|1\n|-fail|p2b: Entei|unboost|Attack|[from] ability: Inner Focus|[of] p2b: Entei\n|-terastallize|p1a: Calyrex|Fairy\n|move|p2b: Entei|Extreme Speed|p1b: Incineroar\n|-damage|p1b: Incineroar|78\/100\n|-damage|p2b: Entei|0 fnt|[from] item: Life Orb\n|faint|p2b: Entei\n|move|p1a: Calyrex|Draining Kiss|p2a: Farigiraf\n|-damage|p2a: Farigiraf|21\/100 slp\n|-heal|p1a: Calyrex|100\/100|[from] drain|[of] p2a: Farigiraf\n|-damage|p1a: Calyrex|91\/100|[from] item: Life Orb\n|cant|p2a: Farigiraf|slp\n|\n|-heal|p1a: Calyrex|97\/100|[from] Grassy Terrain\n|-heal|p2a: Farigiraf|27\/100 slp|[from] Grassy Terrain\n|-heal|p1b: Incineroar|84\/100|[from] Grassy Terrain\n|-fieldend|move: Grassy Terrain\n|upkeep\n|\n|t:|1740049612\n|switch|p2b: Whimsicott|Whimsicott, L50, M|7\/100\n|turn|6\n|\n|t:|1740049644\n|switch|p1b: Smeargle|Smeargle, L50, F|47\/100\n|move|p2b: Whimsicott|Tailwind|p2b: Whimsicott\n|-sidestart|p2: llefface|move: Tailwind\n|move|p1a: Calyrex|Draining Kiss|p2b: Whimsicott\n|-damage|p2b: Whimsicott|0 fnt\n|-heal|p1a: Calyrex|100\/100|[from] drain|[of] p2b: Whimsicott\n|faint|p2b: Whimsicott\n|-ability|p1a: Calyrex|Grim Neigh|boost\n|-boost|p1a: Calyrex|spa|1\n|-damage|p1a: Calyrex|91\/100|[from] item: Life Orb\n|-curestatus|p2a: Farigiraf|slp|[msg]\n|move|p2a: Farigiraf|Foul Play|p1b: Smeargle\n|-damage|p1b: Smeargle|27\/100\n|\n|-ability|p1b: Smeargle|Moody|boost\n|-boost|p1b: Smeargle|spe|2\n|-unboost|p1b: Smeargle|def|1\n|upkeep\n|\n|t:|1740049651\n|switch|p2b: Miraidon|Miraidon, L50|100\/100\n|-fieldstart|move: Electric Terrain|[from] ability: Hadron Engine|[of] p2b: Miraidon\n|-enditem|p2a: Farigiraf|Electric Seed\n|-boost|p2a: Farigiraf|def|1|[from] item: Electric Seed\n|turn|7\n|\n|t:|1740049686\n|switch|p1b: Incineroar|Incineroar, L50, F, shiny|84\/100\n|-ability|p1b: Incineroar|Intimidate|boost\n|-unboost|p2a: Farigiraf|atk|1\n|-unboost|p2b: Miraidon|atk|1\n|-terastallize|p2b: Miraidon|Fairy\n|move|p2a: Farigiraf|Helping Hand|p2b: Miraidon\n|-singleturn|p2b: Miraidon|Helping Hand|[of] p2a: Farigiraf\n|move|p1a: Calyrex|Protect|p1a: Calyrex\n|-singleturn|p1a: Calyrex|Protect\n|move|p2b: Miraidon|Dazzling Gleam|p1b: Incineroar|[spread] p1b\n|-activate|p1a: Calyrex|move: Protect\n|-damage|p1b: Incineroar|0 fnt\n|faint|p1b: Incineroar\n|\n|upkeep\n|c|\u2606llefface|gg\n|\n|t:|1740049703\n|switch|p1b: Smeargle|Smeargle, L50, F|27\/100\n|turn|8\n|\n|t:|1740049717\n|move|p2a: Farigiraf|Helping Hand|p2b: Miraidon\n|-singleturn|p2b: Miraidon|Helping Hand|[of] p2a: Farigiraf\n|move|p1b: Smeargle|Wide Guard|p1b: Smeargle\n|-singleturn|p1b: Smeargle|Wide Guard\n|move|p2b: Miraidon|Dazzling Gleam|p1a: Calyrex|[spread] \n|-activate|p1a: Calyrex|move: Wide Guard\n|-activate|p1b: Smeargle|move: Wide Guard\n|move|p1a: Calyrex|Astral Barrage|p2a: Farigiraf|[spread] p2b\n|-immune|p2a: Farigiraf\n|-damage|p2b: Miraidon|0 fnt\n|faint|p2b: Miraidon\n|-ability|p1a: Calyrex|Grim Neigh|boost\n|-boost|p1a: Calyrex|spa|1\n|-damage|p1a: Calyrex|81\/100|[from] item: Life Orb\n|\n|-ability|p1b: Smeargle|Moody|boost\n|-boost|p1b: Smeargle|atk|2\n|-unboost|p1b: Smeargle|def|1\n|upkeep\n|turn|9\n|-message|llefface forfeited.\n|\n|win|Raekyuu\n|raw|Raekyuu's rating: 1597 &rarr; <strong>1616<\/strong><br \/>(+19 for winning)\n|raw|llefface's rating: 1588 &rarr; <strong>1569<\/strong><br \/>(-19 for losing)\n|l|\u2606llefface\n|player|p2|\n|l|\u2606Raekyuu\n|player|p1|\n","uploadtime":1740049918,"views":6,"formatid":"gen9vgc2025regg","rating":1569,"private":0,"password":null}