{"id":"gen9vgc2025regg-2304108366","format":"[Gen 9] VGC 2025 Reg G","players":["bigj009","Jetshavel"],"log":"|j|\u2606bigj009\n|j|\u2606Jetshavel\n|t:|1740009075\n|gametype|doubles\n|player|p1|bigj009|lucas|1506\n|player|p2|Jetshavel|101|1606\n|teamsize|p1|6\n|teamsize|p2|6\n|gen|9\n|tier|[Gen 9] VGC 2025 Reg G\n|rated|\n|rule|Species Clause: Limit one of each Pok\u00e9mon\n|rule|Item Clause: Limit 1 of each item\n|clearpoke\n|poke|p1|Sableye, L50, M|\n|poke|p1|Torkoal, L50, M|\n|poke|p1|Bronzong, L50|\n|poke|p1|Ursaluna, L50, M|\n|poke|p1|Drifblim, L50, M|\n|poke|p1|Calyrex-Ice, L50|\n|poke|p2|Calyrex-Ice, L50|\n|poke|p2|Landorus, L50, M|\n|poke|p2|Amoonguss, L50, F|\n|poke|p2|Urshifu-*, L50, M|\n|poke|p2|Roaring Moon, L50|\n|poke|p2|Ogerpon-Hearthflame, L50, F|\n|teampreview|4\n|inactive|Battle timer is ON: inactive players will automatically lose when time's up. (requested by bigj009)\n|inactive|Jetshavel has 60 seconds left.\n|\n|t:|1740009116\n|start\n|switch|p1a: Voorhees|Sableye, L50, M|100\/100\n|switch|p1b: Nightmare|Drifblim, L50, M|100\/100\n|switch|p2a: Urshifu|Urshifu-Rapid-Strike, L50, M|100\/100\n|switch|p2b: Ogerpon|Ogerpon-Hearthflame, L50, F|100\/100\n|-ability|p2b: Ogerpon|Mold Breaker\n|turn|1\n|\n|t:|1740009132\n|move|p1a: Voorhees|Fake Out|p2b: Ogerpon\n|-damage|p2b: Ogerpon|94\/100\n|cant|p2b: Ogerpon|flinch\n|move|p2a: Urshifu|Surging Strikes|p1b: Nightmare\n|-crit|p1b: Nightmare\n|-damage|p1b: Nightmare|70\/100\n|-crit|p1b: Nightmare\n|-damage|p1b: Nightmare|42\/100\n|-crit|p1b: Nightmare\n|-damage|p1b: Nightmare|12\/100\n|-hitcount|p1b: Nightmare|3\n|move|p1b: Nightmare|Trick Room|p1b: Nightmare\n|-fieldstart|move: Trick Room|[of] p1b: Nightmare\n|\n|upkeep\n|turn|2\n|\n|t:|1740009146\n|move|p2b: Ogerpon|Follow Me|p2b: Ogerpon\n|-singleturn|p2b: Ogerpon|move: Follow Me\n|move|p1a: Voorhees|Gravity|p1a: Voorhees\n|-fieldstart|move: Gravity\n|move|p1b: Nightmare|Hypnosis|p2b: Ogerpon\n|-status|p2b: Ogerpon|slp|[from] move: Hypnosis\n|move|p2a: Urshifu|Surging Strikes|p1a: Voorhees\n|-crit|p1a: Voorhees\n|-damage|p1a: Voorhees|67\/100\n|-crit|p1a: Voorhees\n|-damage|p1a: Voorhees|38\/100\n|-crit|p1a: Voorhees\n|-damage|p1a: Voorhees|8\/100\n|-hitcount|p1a: Voorhees|3\n|-enditem|p1a: Voorhees|Eject Button\n|\n|t:|1740009151\n|switch|p1a: Freddy|Torkoal, L50, M|100\/100\n|-weather|SunnyDay|[from] ability: Drought|[of] p1a: Freddy\n|\n|-weather|SunnyDay|[upkeep]\n|upkeep\n|turn|3\n|\n|t:|1740009166\n|-terastallize|p1a: Freddy|Fire\n|move|p2a: Urshifu|Detect|p2a: Urshifu\n|-singleturn|p2a: Urshifu|Protect\n|move|p1a: Freddy|Eruption|p2a: Urshifu|[spread] p2b\n|-activate|p2a: Urshifu|move: Protect\n|-damage|p2b: Ogerpon|0 fnt\n|faint|p2b: Ogerpon\n|move|p1b: Nightmare|Hypnosis|p2a: Urshifu\n|-activate|p2a: Urshifu|move: Protect\n|\n|-weather|SunnyDay|[upkeep]\n|upkeep\n|\n|t:|1740009175\n|switch|p2b: Amoonguss|Amoonguss, L50, F|100\/100\n|turn|4\n|\n|t:|1740009186\n|-terastallize|p2a: Urshifu|Water\n|move|p2b: Amoonguss|Rage Powder|p2b: Amoonguss\n|-singleturn|p2b: Amoonguss|move: Rage Powder\n|move|p1a: Freddy|Eruption|p2a: Urshifu|[spread] p2a,p2b\n|-resisted|p2a: Urshifu\n|-supereffective|p2b: Amoonguss\n|-damage|p2a: Urshifu|11\/100\n|-damage|p2b: Amoonguss|0 fnt\n|faint|p2b: Amoonguss\n|move|p1b: Nightmare|Hypnosis|p2a: Urshifu\n|-status|p2a: Urshifu|slp|[from] move: Hypnosis\n|cant|p2a: Urshifu|slp\n|\n|-weather|SunnyDay|[upkeep]\n|upkeep\n|\n|t:|1740009193\n|switch|p2b: Calyrex|Calyrex-Ice, L50|100\/100\n|-ability|p2b: Calyrex|As One\n|-ability|p2b: Calyrex|Unnerve\n|turn|5\n|\n|t:|1740009202\n|move|p2b: Calyrex|Protect|p2b: Calyrex\n|-singleturn|p2b: Calyrex|Protect\n|-curestatus|p2a: Urshifu|slp|[msg]\n|move|p2a: Urshifu|Detect|p2a: Urshifu\n|-singleturn|p2a: Urshifu|Protect\n|move|p1a: Freddy|Eruption|p2a: Urshifu|[spread] \n|-activate|p2a: Urshifu|move: Protect\n|-activate|p2b: Calyrex|move: Protect\n|move|p1b: Nightmare|Hypnosis|p2b: Calyrex\n|-activate|p2b: Calyrex|move: Protect\n|\n|-weather|SunnyDay|[upkeep]\n|-fieldend|move: Trick Room\n|upkeep\n|turn|6\n|\n|t:|1740009209\n|move|p2a: Urshifu|Surging Strikes|p1a: Freddy\n|-supereffective|p1a: Freddy\n|-crit|p1a: Freddy\n|-damage|p1a: Freddy|73\/100\n|-supereffective|p1a: Freddy\n|-crit|p1a: Freddy\n|-damage|p1a: Freddy|51\/100\n|-supereffective|p1a: Freddy\n|-crit|p1a: Freddy\n|-damage|p1a: Freddy|24\/100\n|-hitcount|p1a: Freddy|3\n|move|p2b: Calyrex|Glacial Lance|p1a: Freddy|[spread] p1a,p1b\n|-resisted|p1a: Freddy\n|-supereffective|p1b: Nightmare\n|-damage|p1a: Freddy|4\/100\n|-damage|p1b: Nightmare|0 fnt\n|faint|p1b: Nightmare\n|-ability|p2b: Calyrex|Chilling Neigh|boost\n|-boost|p2b: Calyrex|atk|1\n|move|p1a: Freddy|Eruption|p2a: Urshifu|[spread] p2a,p2b\n|-resisted|p2a: Urshifu\n|-supereffective|p2b: Calyrex\n|-damage|p2a: Urshifu|7\/100\n|-damage|p2b: Calyrex|91\/100\n|\n|-weather|none\n|-fieldend|move: Gravity\n|upkeep\n|\n|t:|1740009222\n|switch|p1b: Kreuger|Calyrex-Ice, L50|100\/100\n|-ability|p1b: Kreuger|As One\n|-ability|p1b: Kreuger|Unnerve\n|turn|7\n|\n|t:|1740009231\n|switch|p1a: Voorhees|Sableye, L50, M|8\/100\n|move|p2a: Urshifu|Surging Strikes|p1b: Kreuger\n|-crit|p1b: Kreuger\n|-damage|p1b: Kreuger|81\/100\n|-crit|p1b: Kreuger\n|-damage|p1b: Kreuger|62\/100\n|-crit|p1b: Kreuger\n|-damage|p1b: Kreuger|42\/100\n|-hitcount|p1b: Kreuger|3\n|move|p2b: Calyrex|High Horsepower|p1b: Kreuger\n|-damage|p1b: Kreuger|8\/100\n|move|p1b: Kreuger|Glacial Lance|p2b: Calyrex|[spread] p2a,p2b\n|-resisted|p2a: Urshifu\n|-resisted|p2b: Calyrex\n|-damage|p2a: Urshifu|0 fnt\n|-damage|p2b: Calyrex|73\/100\n|faint|p2a: Urshifu\n|-ability|p1b: Kreuger|Chilling Neigh|boost\n|-boost|p1b: Kreuger|atk|1\n|\n|upkeep\n|turn|8\n|\n|t:|1740009246\n|switch|p1b: Freddy|Torkoal, L50, M, tera:Fire|4\/100\n|-weather|SunnyDay|[from] ability: Drought|[of] p1b: Freddy\n|move|p1a: Voorhees|Fake Out|p2b: Calyrex\n|-damage|p2b: Calyrex|68\/100\n|cant|p2b: Calyrex|flinch\n|\n|-weather|SunnyDay|[upkeep]\n|upkeep\n|turn|9\n|\n|t:|1740009255\n|move|p1a: Voorhees|Quash|p2b: Calyrex\n|-activate|p2b: Calyrex|move: Quash\n|move|p1b: Freddy|Overheat|p2b: Calyrex\n|-supereffective|p2b: Calyrex\n|-damage|p2b: Calyrex|0 fnt\n|-unboost|p1b: Freddy|spa|2\n|faint|p2b: Calyrex\n|\n|win|bigj009\n|raw|bigj009's rating: 1506 &rarr; <strong>1532<\/strong><br \/>(+26 for winning)\n|raw|Jetshavel's rating: 1606 &rarr; <strong>1580<\/strong><br \/>(-26 for losing)\n|l|\u2606Jetshavel\n|player|p2|\n|l|\u2606bigj009\n|player|p1|\n","uploadtime":1740009462,"views":8,"formatid":"gen9vgc2025regg","rating":1532,"private":0,"password":null}