{"id":"gen9vgc2025regg-2304784133","format":"[Gen 9] VGC 2025 Reg G","players":["meiose","Terry kloak"],"log":"|j|\u2606meiose\n|j|\u2606Terry kloak\n|t:|1740098244\n|gametype|doubles\n|player|p1|meiose|morty|1615\n|player|p2|Terry kloak|2|1538\n|teamsize|p1|6\n|teamsize|p2|6\n|gen|9\n|tier|[Gen 9] VGC 2025 Reg G\n|rated|\n|rule|Species Clause: Limit one of each Pok\u00e9mon\n|rule|Item Clause: Limit 1 of each item\n|clearpoke\n|poke|p1|Zamazenta-*, L50|\n|poke|p1|Chien-Pao, L50|\n|poke|p1|Ting-Lu, L50|\n|poke|p1|Dondozo, L50, F|\n|poke|p1|Raging Bolt, L50|\n|poke|p1|Whimsicott, L50, F|\n|poke|p2|Zacian-*, L50|\n|poke|p2|Whimsicott, L50, F|\n|poke|p2|Milotic, L50, M|\n|poke|p2|Raging Bolt, L50|\n|poke|p2|Landorus, L50, M|\n|poke|p2|Incineroar, L50, M|\n|teampreview|4\nTerry kloak has agreed to open team sheets.\n|inactive|Battle timer is ON: inactive players will automatically lose when time's up. (requested by Terry kloak)\n|\n|t:|1740098282\n|start\n|switch|p1a: Ting-Lu|Ting-Lu, L50|100\/100\n|switch|p1b: Dondozo|Dondozo, L50, F|100\/100\n|switch|p2a: Milotic|Milotic, L50, M|100\/100\n|switch|p2b: Incineroar|Incineroar, L50, M|100\/100\n|-ability|p2b: Incineroar|Intimidate|boost\n|-unboost|p1a: Ting-Lu|atk|1\n|-fail|p1b: Dondozo|unboost|Attack|[from] ability: Oblivious|[of] p1b: Dondozo\n|-ability|p1a: Ting-Lu|Vessel of Ruin\n|turn|1\n|c|\u2606Terry kloak|g\n|c|\u2606Terry kloak|hahahah\n|\n|t:|1740098302\n|move|p2b: Incineroar|Fake Out|p1b: Dondozo\n|-damage|p1b: Dondozo|95\/100\n|move|p2a: Milotic|Coil|p2a: Milotic\n|-boost|p2a: Milotic|atk|1\n|-boost|p2a: Milotic|def|1\n|-boost|p2a: Milotic|accuracy|1\n|move|p1a: Ting-Lu|Stealth Rock|p2a: Milotic\n|-sidestart|p2: Terry kloak|move: Stealth Rock\n|cant|p1b: Dondozo|flinch\n|\n|-heal|p1b: Dondozo|100\/100|[from] item: Leftovers\n|upkeep\n|turn|2\n|c|\u2606meiose|Oxw\n|c|\u2606meiose|Olha quem \u00e9\n|c|\u2606meiose|Ksksksk\n|j| por minha atendido\n|inactive|meiose has 30 seconds left.\n|\n|t:|1740098330\n|move|p2a: Milotic|Hypnosis|p1a: Ting-Lu\n|-status|p1a: Ting-Lu|slp|[from] move: Hypnosis\n|move|p2b: Incineroar|Knock Off|p1b: Dondozo\n|-damage|p1b: Dondozo|77\/100\n|-enditem|p1b: Dondozo|Leftovers|[from] move: Knock Off|[of] p2b: Incineroar\n|cant|p1a: Ting-Lu|slp\n|move|p1b: Dondozo|Yawn|p2a: Milotic\n|-start|p2a: Milotic|move: Yawn|[of] p1b: Dondozo\n|\n|upkeep\n|turn|3\n|\n|t:|1740098343\n|move|p1b: Dondozo|Protect|p1b: Dondozo\n|-singleturn|p1b: Dondozo|Protect\n|move|p2a: Milotic|Coil|p2a: Milotic\n|-boost|p2a: Milotic|atk|1\n|-boost|p2a: Milotic|def|1\n|-boost|p2a: Milotic|accuracy|1\n|move|p2b: Incineroar|Parting Shot|p1b: Dondozo\n|-activate|p1b: Dondozo|move: Protect\n|cant|p1a: Ting-Lu|slp\n|\n|-end|p2a: Milotic|move: Yawn|[silent]\n|-status|p2a: Milotic|slp\n|upkeep\n|turn|4\n|\n|t:|1740098359\n|cant|p2a: Milotic|slp\n|move|p2b: Incineroar|Knock Off|p1a: Ting-Lu\n|-resisted|p1a: Ting-Lu\n|-damage|p1a: Ting-Lu|91\/100 slp\n|-damage|p2b: Incineroar|84\/100|[from] item: Rocky Helmet|[of] p1a: Ting-Lu\n|-enditem|p1a: Ting-Lu|Rocky Helmet|[from] move: Knock Off|[of] p2b: Incineroar\n|cant|p1a: Ting-Lu|slp\n|move|p1b: Dondozo|Fissure|p2a: Milotic|[miss]\n|-miss|p1b: Dondozo|p2a: Milotic\n|\n|upkeep\n|turn|5\n|\n|t:|1740098373\n|-curestatus|p2a: Milotic|slp|[msg]\n|move|p2a: Milotic|Hypnosis|p1b: Dondozo\n|-status|p1b: Dondozo|slp|[from] move: Hypnosis\n|move|p2b: Incineroar|Parting Shot|p1a: Ting-Lu\n|-unboost|p1a: Ting-Lu|atk|1\n|-unboost|p1a: Ting-Lu|spa|1\n|\n|t:|1740098380\n|switch|p2b: Zacian|Zacian-Crowned, L50|100\/100|[from] Parting Shot\n|-damage|p2b: Zacian|94\/100|[from] Stealth Rock\n|-ability|p2b: Zacian|Intrepid Sword|boost\n|-boost|p2b: Zacian|atk|1\n|-curestatus|p1a: Ting-Lu|slp|[msg]\n|move|p1a: Ting-Lu|Sand Tomb|p2b: Zacian\n|-supereffective|p2b: Zacian\n|-damage|p2b: Zacian|84\/100\n|-activate|p2b: Zacian|move: Sand Tomb|[of] p1a: Ting-Lu\n|cant|p1b: Dondozo|slp\n|\n|-damage|p2b: Zacian|71\/100|[from] move: Sand Tomb|[partiallytrapped]\n|upkeep\n|turn|6\n|\n|t:|1740098404\n|move|p1a: Ting-Lu|Protect|p1a: Ting-Lu\n|-singleturn|p1a: Ting-Lu|Protect\n|move|p2b: Zacian|Swords Dance|p2b: Zacian\n|-boost|p2b: Zacian|atk|2\n|move|p2a: Milotic|Hypnosis|p1a: Ting-Lu\n|-activate|p1a: Ting-Lu|move: Protect\n|cant|p1b: Dondozo|slp\n|\n|-damage|p2b: Zacian|59\/100|[from] move: Sand Tomb|[partiallytrapped]\n|upkeep\n|turn|7\n|\n|t:|1740098431\n|move|p2b: Zacian|Play Rough|p1b: Dondozo\n|-damage|p1b: Dondozo|8\/100 slp\n|move|p2a: Milotic|Hypnosis|p1a: Ting-Lu\n|-status|p1a: Ting-Lu|slp|[from] move: Hypnosis\n|cant|p1a: Ting-Lu|slp\n|cant|p1b: Dondozo|slp\n|\n|-damage|p2b: Zacian|46\/100|[from] move: Sand Tomb|[partiallytrapped]\n|upkeep\n|turn|8\n|inactive|meiose has 30 seconds left.\n|\n|t:|1740098457\n|switch|p1a: Chien-Pao|Chien-Pao, L50|100\/100\n|-ability|p1a: Chien-Pao|Sword of Ruin\n|move|p2b: Zacian|Play Rough|p1a: Chien-Pao\n|-supereffective|p1a: Chien-Pao\n|-enditem|p1a: Chien-Pao|Focus Sash\n|-damage|p1a: Chien-Pao|1\/100\n|move|p2a: Milotic|Muddy Water|p1b: Dondozo|[spread] p1a,p1b\n|-resisted|p1b: Dondozo\n|-damage|p1a: Chien-Pao|0 fnt\n|-damage|p1b: Dondozo|0 fnt\n|faint|p1a: Chien-Pao\n|faint|p1b: Dondozo\n|\n|-end|p2b: Zacian|Sand Tomb|[partiallytrapped]|[silent]\n|upkeep\n|\n|t:|1740098464\n|switch|p1a: Ting-Lu|Ting-Lu, L50|91\/100 slp\n|switch|p1b: Zamazenta|Zamazenta-Crowned, L50|100\/100\n|-ability|p1b: Zamazenta|Dauntless Shield|boost\n|-boost|p1b: Zamazenta|def|1\n|-ability|p1a: Ting-Lu|Vessel of Ruin\n|turn|9\n|\n|t:|1740098483\n|-terastallize|p2a: Milotic|Fairy\n|move|p1b: Zamazenta|Protect|p1b: Zamazenta\n|-singleturn|p1b: Zamazenta|Protect\n|move|p2b: Zacian|Play Rough|p1a: Ting-Lu\n|-supereffective|p1a: Ting-Lu\n|-damage|p1a: Ting-Lu|0 fnt\n|faint|p1a: Ting-Lu\n|move|p2a: Milotic|Hypnosis|p1b: Zamazenta\n|-activate|p1b: Zamazenta|move: Protect\n|\n|upkeep\n|turn|10\n|l| por minha atendido\n|\n|t:|1740098495\n|move|p2b: Zacian|Protect|p2b: Zacian\n|-singleturn|p2b: Zacian|Protect\n|move|p1b: Zamazenta|Body Press|p2b: Zacian\n|-activate|p2b: Zacian|move: Protect\n|move|p2a: Milotic|Hypnosis|p1b: Zamazenta\n|-status|p1b: Zamazenta|slp|[from] move: Hypnosis\n|\n|upkeep\n|turn|11\n|c|\u2606meiose|GG\n|\n|t:|1740098505\n|move|p2b: Zacian|Play Rough|p1b: Zamazenta\n|-damage|p1b: Zamazenta|49\/100 slp\n|cant|p1b: Zamazenta|slp\n|move|p2a: Milotic|Muddy Water|p1b: Zamazenta\n|-damage|p1b: Zamazenta|23\/100 slp\n|-unboost|p1b: Zamazenta|accuracy|1\n|\n|upkeep\n|turn|12\n|c|\u2606Terry kloak|gg\n|c|\u2606Terry kloak|ainda deu drop\n|\n|t:|1740098520\n|move|p2b: Zacian|Behemoth Blade|p1b: Zamazenta\n|-resisted|p1b: Zamazenta\n|-damage|p1b: Zamazenta|0 fnt\n|faint|p1b: Zamazenta\n|\n|win|Terry kloak\n|raw|meiose's rating: 1615 &rarr; <strong>1591<\/strong><br \/>(-24 for losing)\n|raw|Terry kloak's rating: 1538 &rarr; <strong>1562<\/strong><br \/>(+24 for winning)\n","uploadtime":1740098529,"views":19,"formatid":"gen9vgc2025regg","rating":1562,"private":0,"password":null}