{"id":"gen9vgc2025regg-2304703399","format":"[Gen 9] VGC 2025 Reg G","players":["regidracofan712","root2iris"],"log":"|j|\u2606regidracofan712\n|j|\u2606root2iris\n|t:|1740088485\n|gametype|doubles\n|player|p1|regidracofan712|kimonogirl|1672\n|player|p2|root2iris|guitarist|1678\n|teamsize|p1|6\n|teamsize|p2|6\n|gen|9\n|tier|[Gen 9] VGC 2025 Reg G\n|rated|\n|rule|Species Clause: Limit one of each Pok\u00e9mon\n|rule|Item Clause: Limit 1 of each item\n|clearpoke\n|poke|p1|Chien-Pao, L50|\n|poke|p1|Zamazenta-*, L50|\n|poke|p1|Flutter Mane, L50|\n|poke|p1|Umbreon, L50, M|\n|poke|p1|Entei, L50|\n|poke|p1|Rillaboom, L50, F|\n|poke|p2|Terapagos, L50, M|\n|poke|p2|Amoonguss, L50, M|\n|poke|p2|Incineroar, L50, M|\n|poke|p2|Urshifu-*, L50, M|\n|poke|p2|Flutter Mane, L50|\n|poke|p2|Ditto, L50|\n|teampreview|4\n|inactive|Battle timer is ON: inactive players will automatically lose when time's up. (requested by root2iris)\n|j| Tubtuca\nregidracofan712 has agreed to open team sheets.\n|\n|t:|1740088515\n|start\n|switch|p1a: Entei|Entei, L50|100\/100\n|switch|p1b: Chien-Pao|Chien-Pao, L50|100\/100\n|switch|p2a: foolish girl|Flutter Mane, L50|100\/100\n|switch|p2b: seashells|Urshifu-Rapid-Strike, L50, M|100\/100\n|-ability|p1b: Chien-Pao|Sword of Ruin\n|-enditem|p2a: foolish girl|Booster Energy\n|-activate|p2a: foolish girl|ability: Protosynthesis|[fromitem]\n|-start|p2a: foolish girl|protosynthesisspe\n|turn|1\n|inactive|regidracofan712 has 30 seconds left.\n|\n|t:|1740088545\n|-terastallize|p1a: Entei|Normal\n|move|p1a: Entei|Extreme Speed|p2b: seashells\n|-damage|p2b: seashells|13\/100\n|move|p1b: Chien-Pao|Sucker Punch|p2b: seashells\n|-resisted|p2b: seashells\n|-damage|p2b: seashells|0 fnt\n|faint|p2b: seashells\n|move|p2a: foolish girl|Icy Wind|p1b: Chien-Pao|[spread] p1a,p1b\n|-crit|p1a: Entei\n|-resisted|p1b: Chien-Pao\n|-damage|p1a: Entei|81\/100\n|-damage|p1b: Chien-Pao|92\/100\n|-unboost|p1a: Entei|spe|1\n|-unboost|p1b: Chien-Pao|spe|1\n|\n|upkeep\n|\n|t:|1740088567\n|switch|p2b: icky jobs|Incineroar, L50, M|100\/100\n|-ability|p2b: icky jobs|Intimidate|boost\n|-fail|p1a: Entei|unboost|Attack|[from] ability: Inner Focus|[of] p1a: Entei\n|-unboost|p1b: Chien-Pao|atk|1\n|turn|2\n|j| AxonAries\n|inactive|regidracofan712 has 30 seconds left.\n|\n|t:|1740088594\n|switch|p1b: Zamazenta|Zamazenta-Crowned, L50|100\/100\n|-ability|p1b: Zamazenta|Dauntless Shield|boost\n|-boost|p1b: Zamazenta|def|1\n|switch|p1a: Flutter Mane|Flutter Mane, L50|100\/100\n|-enditem|p1a: Flutter Mane|Booster Energy\n|-activate|p1a: Flutter Mane|ability: Protosynthesis|[fromitem]\n|-start|p1a: Flutter Mane|protosynthesisspe\n|-terastallize|p2b: icky jobs|Ghost\n|move|p2a: foolish girl|Moonblast|p1b: Zamazenta\n|-damage|p1b: Zamazenta|65\/100\n|-unboost|p1b: Zamazenta|spa|1\n|move|p2b: icky jobs|Will-O-Wisp|p1a: Flutter Mane\n|-status|p1a: Flutter Mane|brn\n|\n|-damage|p1a: Flutter Mane|95\/100 brn|[from] brn\n|upkeep\n|turn|3\n|inactive|root2iris has 30 seconds left.\n|\n|t:|1740088621\n|-end|p2a: foolish girl|Protosynthesis|[silent]\n|switch|p2a: no. i|Ditto, L50|100\/100\n|-transform|p2a: no. i|p1b: Zamazenta|[from] ability: Imposter\n|-ability|p2a: no. i|Dauntless Shield|boost\n|-boost|p2a: no. i|def|1\n|move|p1b: Zamazenta|Protect|p1b: Zamazenta\n|-singleturn|p1b: Zamazenta|Protect\n|move|p1a: Flutter Mane|Icy Wind|p2a: no. i|[spread] p2a,p2b\n|-resisted|p2a: no. i\n|-damage|p2a: no. i|95\/100\n|-damage|p2b: icky jobs|90\/100\n|-unboost|p2a: no. i|spe|1\n|-unboost|p2b: icky jobs|spe|1\n|move|p2b: icky jobs|Will-O-Wisp|p1b: Zamazenta\n|-activate|p1b: Zamazenta|move: Protect\n|\n|-damage|p1a: Flutter Mane|89\/100 brn|[from] brn\n|upkeep\n|turn|4\n|j| harold34\n|j| Satansinlaw\n|l| Satansinlaw\n|\n|t:|1740088641\n|move|p1a: Flutter Mane|Thunder Wave|p2a: no. i\n|-status|p2a: no. i|par\n|move|p1b: Zamazenta|Body Press|p2a: no. i\n|-supereffective|p2a: no. i\n|-damage|p2a: no. i|44\/100 par\n|move|p2a: no. i|Behemoth Bash|p1a: Flutter Mane\n|-supereffective|p1a: Flutter Mane\n|-damage|p1a: Flutter Mane|0 fnt\n|faint|p1a: Flutter Mane\n|-end|p1a: Flutter Mane|Protosynthesis|[silent]\n|move|p2b: icky jobs|Will-O-Wisp|p1b: Zamazenta\n|-status|p1b: Zamazenta|brn\n|\n|-damage|p1b: Zamazenta|59\/100 brn|[from] brn\n|upkeep\n|\n|t:|1740088653\n|switch|p1a: Entei|Entei, L50, tera:Normal|81\/100\n|turn|5\n|\n|t:|1740088670\n|switch|p1b: Chien-Pao|Chien-Pao, L50|92\/100\n|-ability|p1b: Chien-Pao|Sword of Ruin\n|move|p2a: no. i|Protect|p2a: no. i\n|-singleturn|p2a: no. i|Protect\n|move|p1a: Entei|Sacred Fire|p2a: no. i\n|-activate|p2a: no. i|move: Protect\n|move|p2b: icky jobs|Will-O-Wisp|p1a: Entei|[miss]\n|-miss|p2b: icky jobs|p1a: Entei\n|\n|upkeep\n|turn|6\n|\n|t:|1740088689\n|cant|p2a: no. i|par\n|move|p1b: Chien-Pao|Throat Chop|p2b: icky jobs\n|-supereffective|p2b: icky jobs\n|-damage|p2b: icky jobs|14\/100\n|-start|p2b: icky jobs|Throat Chop|[silent]\n|move|p1a: Entei|Sacred Fire|p2a: no. i\n|-supereffective|p2a: no. i\n|-damage|p2a: no. i|0 fnt\n|faint|p2a: no. i\n|move|p2b: icky jobs|Will-O-Wisp|p1a: Entei|[miss]\n|-miss|p2b: icky jobs|p1a: Entei\n|\n|upkeep\n|-message|root2iris forfeited.\n|\n|win|regidracofan712\n|raw|regidracofan712's rating: 1672 &rarr; <strong>1692<\/strong><br \/>(+20 for winning)\n|raw|root2iris's rating: 1678 &rarr; <strong>1658<\/strong><br \/>(-20 for losing)\n|l|\u2606root2iris\n|player|p2|\n|l|\u2606regidracofan712\n|player|p1|\n","uploadtime":1740088943,"views":6,"formatid":"gen9vgc2025regg","rating":1658,"private":0,"password":null}