{"id":"gen9vgc2025regg-2304198777","format":"[Gen 9] VGC 2025 Reg G","players":["georgebraun","kanucks25"],"log":"|j|\u2606georgebraun\n|j|\u2606kanucks25\n|t:|1740021071\n|gametype|doubles\n|player|p1|georgebraun|102|1614\n|player|p2|kanucks25|101|1674\n|teamsize|p1|6\n|teamsize|p2|6\n|gen|9\n|tier|[Gen 9] VGC 2025 Reg G\n|rated|\n|rule|Species Clause: Limit one of each Pok\u00e9mon\n|rule|Item Clause: Limit 1 of each item\n|clearpoke\n|poke|p1|Porygon2, L50|\n|poke|p1|Flutter Mane, L50|\n|poke|p1|Kyogre, L50|\n|poke|p1|Hitmontop, L50, M|\n|poke|p1|Rillaboom, L50, M|\n|poke|p1|Sinistcha, L50|\n|poke|p2|Calyrex-Shadow, L50|\n|poke|p2|Indeedee-F, L50, F|\n|poke|p2|Ogerpon-Wellspring, L50, F|\n|poke|p2|Urshifu-*, L50, F|\n|poke|p2|Pelipper, L50, F|\n|poke|p2|Iron Hands, L50|\n|teampreview|4\n|inactive|Battle timer is ON: inactive players will automatically lose when time's up. (requested by georgebraun)\n|\n|t:|1740021095\n|start\n|switch|p1a: Hitmontop|Hitmontop, L50, M, shiny|100\/100\n|switch|p1b: Sinistcha|Sinistcha, L50|100\/100\n|switch|p2a: Ogerpon|Ogerpon-Wellspring, L50, F|100\/100\n|switch|p2b: Pelipper|Pelipper, L50, F|100\/100\n|-weather|RainDance|[from] ability: Drizzle|[of] p2b: Pelipper\n|-ability|p1a: Hitmontop|Intimidate|boost\n|-unboost|p2a: Ogerpon|atk|1\n|-unboost|p2b: Pelipper|atk|1\n|turn|1\n|\n|t:|1740021114\n|move|p1a: Hitmontop|Fake Out|p2b: Pelipper\n|-damage|p2b: Pelipper|85\/100\n|move|p2a: Ogerpon|Taunt|p1b: Sinistcha\n|-start|p1b: Sinistcha|move: Taunt\n|cant|p2b: Pelipper|flinch\n|move|p1b: Sinistcha|Matcha Gotcha|p2a: Ogerpon|[spread] p2a,p2b\n|-damage|p2a: Ogerpon|72\/100\n|-damage|p2b: Pelipper|31\/100\n|\n|-weather|RainDance|[upkeep]\n|upkeep\n|turn|2\n|inactive|georgebraun has 30 seconds left.\n|inactive|kanucks25 has 30 seconds left.\n|\n|t:|1740021147\n|-terastallize|p1b: Sinistcha|Water\n|move|p2a: Ogerpon|Ivy Cudgel|p1a: Hitmontop|[anim] Ivy Cudgel Water\n|-damage|p1a: Hitmontop|30\/100\n|move|p2b: Pelipper|Hurricane|p1a: Hitmontop\n|-supereffective|p1a: Hitmontop\n|-damage|p1a: Hitmontop|0 fnt\n|faint|p1a: Hitmontop\n|move|p1b: Sinistcha|Matcha Gotcha|p2b: Pelipper|[spread] p2a\n|-miss|p1b: Sinistcha|p2b: Pelipper\n|-damage|p2a: Ogerpon|43\/100\n|\n|-weather|RainDance|[upkeep]\n|upkeep\n|\n|t:|1740021161\n|switch|p1a: Rillaboom|Rillaboom, L50, M|100\/100\n|-fieldstart|move: Grassy Terrain|[from] ability: Grassy Surge|[of] p1a: Rillaboom\n|turn|3\n|\n|t:|1740021171\n|move|p2a: Ogerpon|Spiky Shield|p2a: Ogerpon\n|-singleturn|p2a: Ogerpon|move: Protect\n|move|p2b: Pelipper|Hurricane|p1a: Rillaboom\n|-supereffective|p1a: Rillaboom\n|-damage|p1a: Rillaboom|28\/100\n|-start|p1a: Rillaboom|confusion\n|-activate|p1a: Rillaboom|confusion\n|move|p1a: Rillaboom|U-turn|p2a: Ogerpon\n|-activate|p2a: Ogerpon|move: Protect\n|-damage|p1a: Rillaboom|16\/100|[from] Spiky Shield|[of] p2a: Ogerpon\n|move|p1b: Sinistcha|Matcha Gotcha|p2b: Pelipper|[spread] p2b\n|-activate|p2a: Ogerpon|move: Protect\n|-damage|p2b: Pelipper|0 fnt\n|faint|p2b: Pelipper\n|\n|-weather|RainDance|[upkeep]\n|-heal|p2a: Ogerpon|49\/100|[from] Grassy Terrain\n|-heal|p1a: Rillaboom|22\/100|[from] Grassy Terrain\n|-end|p1b: Sinistcha|move: Taunt\n|upkeep\n|inactive|kanucks25 has 30 seconds left.\n|\n|t:|1740021197\n|switch|p2b: Calyrex|Calyrex-Shadow, L50|100\/100\n|-ability|p2b: Calyrex|As One\n|-ability|p2b: Calyrex|Unnerve\n|turn|4\n|\n|t:|1740021207\n|switch|p1a: Kyogre|Kyogre, L50|100\/100\n|move|p2b: Calyrex|Astral Barrage|p1a: Kyogre|[spread] p1a,p1b\n|-damage|p1a: Kyogre|53\/100\n|-damage|p1b: Sinistcha|25\/100\n|-damage|p2b: Calyrex|91\/100|[from] item: Life Orb\n|move|p2a: Ogerpon|Taunt|p1b: Sinistcha\n|-start|p1b: Sinistcha|move: Taunt\n|move|p1b: Sinistcha|Shadow Ball|p2b: Calyrex\n|-supereffective|p2b: Calyrex\n|-damage|p2b: Calyrex|0 fnt\n|-enditem|p1b: Sinistcha|Sitrus Berry|[eat]\n|-heal|p1b: Sinistcha|50\/100|[from] item: Sitrus Berry\n|faint|p2b: Calyrex\n|\n|-weather|RainDance|[upkeep]\n|-heal|p2a: Ogerpon|55\/100|[from] Grassy Terrain\n|-heal|p1a: Kyogre|59\/100|[from] Grassy Terrain\n|-heal|p1b: Sinistcha|56\/100|[from] Grassy Terrain\n|upkeep\n|\n|t:|1740021225\n|switch|p2b: Urshifu|Urshifu, L50, F|100\/100\n|turn|5\n|j| eriksp3\n|\n|t:|1740021238\n|move|p2a: Ogerpon|Ivy Cudgel|p1b: Sinistcha|[anim] Ivy Cudgel Water\n|-resisted|p1b: Sinistcha\n|-crit|p1b: Sinistcha\n|-damage|p1b: Sinistcha|0 fnt\n|faint|p1b: Sinistcha\n|move|p2b: Urshifu|Wicked Blow|p1a: Kyogre\n|-crit|p1a: Kyogre\n|-damage|p1a: Kyogre|0 fnt\n|faint|p1a: Kyogre\n|\n|-weather|none\n|-heal|p2a: Ogerpon|60\/100|[from] Grassy Terrain\n|upkeep\n|l| eriksp3\n|-message|georgebraun forfeited.\n|\n|win|kanucks25\n|raw|georgebraun's rating: 1614 &rarr; <strong>1597<\/strong><br \/>(-17 for losing)\n|raw|kanucks25's rating: 1674 &rarr; <strong>1691<\/strong><br \/>(+17 for winning)\n|l|\u2606georgebraun\n|player|p1|\n|l|\u2606kanucks25\n|player|p2|\n","uploadtime":1740021430,"views":7,"formatid":"gen9vgc2025regg","rating":1597,"private":0,"password":null}