{"id":"gen9vgc2025regg-2304767429","format":"[Gen 9] VGC 2025 Reg G","players":["Atworkforpopo","Hikawari"],"log":"|j|\u2606Atworkforpopo\n|j|\u2606Hikawari\n|t:|1740096066\n|gametype|doubles\n|player|p1|Atworkforpopo|depotagent|1526\n|player|p2|Hikawari|1|1678\n|teamsize|p1|6\n|teamsize|p2|6\n|gen|9\n|tier|[Gen 9] VGC 2025 Reg G\n|rated|\n|rule|Species Clause: Limit one of each Pok\u00e9mon\n|rule|Item Clause: Limit 1 of each item\n|clearpoke\n|poke|p1|Calyrex-Ice, L50|\n|poke|p1|Farigiraf, L50, M|\n|poke|p1|Brute Bonnet, L50|\n|poke|p1|Alcremie, L50, F|\n|poke|p1|Annihilape, L50, M|\n|poke|p1|Ursaluna-Bloodmoon, L50, M|\n|poke|p2|Zamazenta-*, L50|\n|poke|p2|Chi-Yu, L50|\n|poke|p2|Rillaboom, L50, M|\n|poke|p2|Flutter Mane, L50|\n|poke|p2|Chien-Pao, L50|\n|poke|p2|Amoonguss, L50, F|\n|teampreview|4\n|j| zzz1994000\n|j| sauromon\n|inactive|Battle timer is ON: inactive players will automatically lose when time's up. (requested by Hikawari)\n|\n|t:|1740096107\n|start\n|switch|p1a: Calyrex|Calyrex-Ice, L50|100\/100\n|switch|p1b: Brute Bonnet|Brute Bonnet, L50, shiny|100\/100\n|switch|p2a: Zamazenta|Zamazenta-Crowned, L50|100\/100\n|switch|p2b: Amoonguss|Amoonguss, L50, F|100\/100\n|-ability|p1a: Calyrex|As One\n|-ability|p1a: Calyrex|Unnerve\n|-ability|p2a: Zamazenta|Dauntless Shield|boost\n|-boost|p2a: Zamazenta|def|1\n|turn|1\n|\n|t:|1740096113\n|-end|p1b: Brute Bonnet|Protosynthesis|[silent]\n|switch|p1b: Alcremie|Alcremie, L50, F|100\/100\n|move|p2a: Zamazenta|Body Press|p1b: Alcremie\n|-resisted|p1b: Alcremie\n|-damage|p1b: Alcremie|71\/100\n|move|p2b: Amoonguss|Spore|p1b: Alcremie\n|-block|p1b: Alcremie|ability: Sweet Veil|[of] p1b: Alcremie\n|move|p1a: Calyrex|Trick Room|p1a: Calyrex\n|-fieldstart|move: Trick Room|[of] p1a: Calyrex\n|\n|upkeep\n|turn|2\n|\n|t:|1740096131\n|move|p2b: Amoonguss|Protect|p2b: Amoonguss\n|-singleturn|p2b: Amoonguss|Protect\n|move|p1b: Alcremie|Encore|p2a: Zamazenta\n|-start|p2a: Zamazenta|Encore\n|move|p1a: Calyrex|Glacial Lance|p2b: Amoonguss|[spread] p2a\n|-activate|p2b: Amoonguss|move: Protect\n|-resisted|p2a: Zamazenta\n|-damage|p2a: Zamazenta|89\/100\n|move|p2a: Zamazenta|Body Press|p1a: Calyrex\n|-damage|p1a: Calyrex|57\/100\n|\n|upkeep\n|turn|3\n|\n|t:|1740096145\n|move|p2b: Amoonguss|Spore|p1a: Calyrex\n|-block|p1a: Calyrex|ability: Sweet Veil|[of] p1b: Alcremie\n|move|p1b: Alcremie|Decorate|p1a: Calyrex\n|-boost|p1a: Calyrex|atk|2\n|-boost|p1a: Calyrex|spa|2\n|move|p1a: Calyrex|High Horsepower|p2a: Zamazenta\n|-supereffective|p2a: Zamazenta\n|-damage|p2a: Zamazenta|22\/100\n|move|p2a: Zamazenta|Body Press|p1b: Alcremie\n|-resisted|p1b: Alcremie\n|-crit|p1b: Alcremie\n|-damage|p1b: Alcremie|20\/100\n|\n|upkeep\n|turn|4\n|\n|t:|1740096169\n|move|p1b: Alcremie|Decorate|p1a: Calyrex\n|-boost|p1a: Calyrex|atk|2\n|-boost|p1a: Calyrex|spa|2\n|move|p2b: Amoonguss|Sludge Bomb|p1b: Alcremie\n|-supereffective|p1b: Alcremie\n|-damage|p1b: Alcremie|0 fnt\n|faint|p1b: Alcremie\n|move|p1a: Calyrex|Glacial Lance|p2a: Zamazenta|[spread] p2a,p2b\n|-resisted|p2a: Zamazenta\n|-supereffective|p2b: Amoonguss\n|-damage|p2a: Zamazenta|0 fnt\n|-damage|p2b: Amoonguss|0 fnt\n|faint|p2a: Zamazenta\n|faint|p2b: Amoonguss\n|-ability|p1a: Calyrex|Chilling Neigh|boost\n|-boost|p1a: Calyrex|atk|2\n|\n|upkeep\n|\n|t:|1740096175\n|switch|p2b: Chien-Pao|Chien-Pao, L50|100\/100\n|switch|p1b: Brute Bonnet|Brute Bonnet, L50, shiny|100\/100\n|switch|p2a: Chi-Yu|Chi-Yu, L50|100\/100\n|-ability|p2b: Chien-Pao|Sword of Ruin\n|-ability|p2a: Chi-Yu|Beads of Ruin\n|turn|5\n|\n|t:|1740096186\n|move|p2b: Chien-Pao|Protect|p2b: Chien-Pao\n|-singleturn|p2b: Chien-Pao|Protect\n|move|p1b: Brute Bonnet|Rage Powder|p1b: Brute Bonnet\n|-singleturn|p1b: Brute Bonnet|move: Rage Powder\n|move|p1a: Calyrex|Glacial Lance|p2b: Chien-Pao|[spread] p2a\n|-activate|p2b: Chien-Pao|move: Protect\n|-resisted|p2a: Chi-Yu\n|-damage|p2a: Chi-Yu|0 fnt\n|faint|p2a: Chi-Yu\n|\n|-fieldend|move: Trick Room\n|upkeep\n|turn|6\n|\n|t:|1740096198\n|-terastallize|p1a: Calyrex|Water\n|move|p2b: Chien-Pao|Icicle Crash|p1b: Brute Bonnet\n|-supereffective|p1b: Brute Bonnet\n|-damage|p1b: Brute Bonnet|0 fnt\n|faint|p1b: Brute Bonnet\n|-end|p1b: Brute Bonnet|Protosynthesis|[silent]\n|move|p1a: Calyrex|Glacial Lance|p2b: Chien-Pao\n|-resisted|p2b: Chien-Pao\n|-enditem|p2b: Chien-Pao|Focus Sash\n|-damage|p2b: Chien-Pao|1\/100\n|\n|upkeep\n|\n|t:|1740096203\n|switch|p1b: Ursaluna|Ursaluna-Bloodmoon, L50, M|100\/100\n|turn|7\n|\n|t:|1740096206\n|move|p2b: Chien-Pao|Icicle Crash|p1b: Ursaluna\n|-supereffective|p1b: Ursaluna\n|-damage|p1b: Ursaluna|19\/100\n|move|p1b: Ursaluna|Hyper Voice|p2b: Chien-Pao\n|-crit|p2b: Chien-Pao\n|-damage|p2b: Chien-Pao|0 fnt\n|faint|p2b: Chien-Pao\n|-damage|p1b: Ursaluna|9\/100|[from] item: Life Orb\n|\n|win|Atworkforpopo\n|raw|Atworkforpopo's rating: 1526 &rarr; <strong>1554<\/strong><br \/>(+28 for winning)\n|raw|Hikawari's rating: 1678 &rarr; <strong>1650<\/strong><br \/>(-28 for losing)\n|l|\u2606Hikawari\n|player|p2|\n|l|\u2606Atworkforpopo\n|player|p1|\n|l| zzz1994000\n","uploadtime":1740096408,"views":6,"formatid":"gen9vgc2025regg","rating":1554,"private":0,"password":null}