{"id":"gen9vgc2025regg-2304957180","format":"[Gen 9] VGC 2025 Reg G","players":["huyuplan","llefface"],"log":"|j|\u2606huyuplan\n|j|\u2606llefface\n|t:|1740126158\n|gametype|doubles\n|player|p1|huyuplan|lucas|1761\n|player|p2|llefface|lana-masters|1689\n|teamsize|p1|6\n|teamsize|p2|6\n|gen|9\n|tier|[Gen 9] VGC 2025 Reg G\n|rated|\n|rule|Species Clause: Limit one of each Pok\u00e9mon\n|rule|Item Clause: Limit 1 of each item\n|clearpoke\n|poke|p1|Regidrago, L50|\n|poke|p1|Zacian-*, L50|\n|poke|p1|Farigiraf, L50, F|\n|poke|p1|Tornadus, L50, M|\n|poke|p1|Ditto, L50|\n|poke|p1|Chien-Pao, L50|\n|poke|p2|Kyogre, L50|\n|poke|p2|Chien-Pao, L50|\n|poke|p2|Tornadus, L50, M|\n|poke|p2|Archaludon, L50, F|\n|poke|p2|Amoonguss, L50, M|\n|poke|p2|Flutter Mane, L50|\n|teampreview|4\n|c|\u2606llefface|glhf!\n|\n|t:|1740126192\n|start\n|switch|p1a: Tornadus|Tornadus, L50, M|100\/100\n|switch|p1b: Zacian|Zacian-Crowned, L50|100\/100\n|switch|p2a: Tornadus|Tornadus, L50, M|100\/100\n|switch|p2b: Kyogre|Kyogre, L50|100\/100\n|-ability|p1b: Zacian|Intrepid Sword|boost\n|-boost|p1b: Zacian|atk|1\n|-weather|RainDance|[from] ability: Drizzle|[of] p2b: Kyogre\n|turn|1\n|j| Salvato1902V\n|\n|t:|1740126212\n|-terastallize|p1b: Zacian|Water\n|move|p2b: Kyogre|Protect|p2b: Kyogre\n|-singleturn|p2b: Kyogre|Protect\n|move|p1a: Tornadus|Tailwind|p1a: Tornadus\n|-sidestart|p1: huyuplan|move: Tailwind\n|move|p2a: Tornadus|Tailwind|p2a: Tornadus\n|-sidestart|p2: llefface|move: Tailwind\n|move|p1b: Zacian|Play Rough|p2b: Kyogre\n|-activate|p2b: Kyogre|move: Protect\n|\n|-weather|RainDance|[upkeep]\n|upkeep\n|turn|2\n|\n|t:|1740126245\n|switch|p2b: Archaludon|Archaludon, L50, F|100\/100\n|move|p1b: Zacian|Play Rough|p2b: Archaludon\n|-damage|p2b: Archaludon|42\/100\n|-ability|p2b: Archaludon|Stamina|boost\n|-boost|p2b: Archaludon|def|1\n|move|p1a: Tornadus|Bleakwind Storm|p2b: Archaludon|[spread] p2a,p2b\n|-resisted|p2b: Archaludon\n|-damage|p2a: Tornadus|53\/100\n|-damage|p2b: Archaludon|24\/100\n|-unboost|p2b: Archaludon|spe|1\n|-ability|p2b: Archaludon|Stamina|boost\n|-boost|p2b: Archaludon|def|1\n|move|p2a: Tornadus|Bleakwind Storm|p1a: Tornadus|[spread] p1a,p1b\n|-damage|p1a: Tornadus|55\/100\n|-damage|p1b: Zacian|71\/100\n|\n|-weather|RainDance|[upkeep]\n|upkeep\n|turn|3\n|\n|t:|1740126273\n|move|p1b: Zacian|Sacred Sword|p2b: Archaludon\n|-supereffective|p2b: Archaludon\n|-damage|p2b: Archaludon|0 fnt\n|faint|p2b: Archaludon\n|move|p1a: Tornadus|Bleakwind Storm|p2a: Tornadus\n|-damage|p2a: Tornadus|0 fnt\n|faint|p2a: Tornadus\n|\n|-weather|RainDance|[upkeep]\n|upkeep\n|\n|t:|1740126279\n|switch|p2a: Kyogre|Kyogre, L50|100\/100\n|switch|p2b: Flutter Mane|Flutter Mane, L50|100\/100\n|-enditem|p2b: Flutter Mane|Booster Energy\n|-activate|p2b: Flutter Mane|ability: Protosynthesis|[fromitem]\n|-start|p2b: Flutter Mane|protosynthesisspe\n|turn|4\n|\n|t:|1740126309\n|move|p1b: Zacian|Protect|p1b: Zacian\n|-singleturn|p1b: Zacian|Protect\n|move|p2b: Flutter Mane|Icy Wind|p1a: Tornadus|[spread] p1a\n|-activate|p1b: Zacian|move: Protect\n|-supereffective|p1a: Tornadus\n|-damage|p1a: Tornadus|23\/100\n|move|p1a: Tornadus|Bleakwind Storm|p2b: Flutter Mane|[spread] p2a,p2b\n|-damage|p2a: Kyogre|66\/100\n|-damage|p2b: Flutter Mane|64\/100\n|move|p2a: Kyogre|Water Spout|p1a: Tornadus|[spread] p1a\n|-activate|p1b: Zacian|move: Protect\n|-damage|p1a: Tornadus|0 fnt\n|faint|p1a: Tornadus\n|\n|-weather|RainDance|[upkeep]\n|-sideend|p2: llefface|move: Tailwind\n|-sideend|p1: huyuplan|move: Tailwind\n|upkeep\n|l| Salvato1902V\n|j| yuyuvcg\n|\n|t:|1740126331\n|switch|p1a: Regidrago|Regidrago, L50|100\/100\n|turn|5\n|j| Salvato1902V\n|\n|t:|1740126357\n|-terastallize|p2b: Flutter Mane|Fairy\n|move|p2b: Flutter Mane|Moonblast|p1b: Zacian\n|-damage|p1b: Zacian|24\/100\n|move|p1b: Zacian|Behemoth Blade|p2b: Flutter Mane\n|-supereffective|p2b: Flutter Mane\n|-damage|p2b: Flutter Mane|0 fnt\n|faint|p2b: Flutter Mane\n|-end|p2b: Flutter Mane|Protosynthesis|[silent]\n|move|p2a: Kyogre|Ice Beam|p1a: Regidrago\n|-supereffective|p1a: Regidrago\n|-damage|p1a: Regidrago|20\/100\n|move|p1a: Regidrago|Draco Meteor|p2a: Kyogre\n|-damage|p2a: Kyogre|0 fnt\n|-unboost|p1a: Regidrago|spa|2\n|faint|p2a: Kyogre\n|\n|win|huyuplan\n|raw|huyuplan's rating: 1761 &rarr; <strong>1777<\/strong><br \/>(+16 for winning)\n|raw|llefface's rating: 1689 &rarr; <strong>1673<\/strong><br \/>(-16 for losing)\n|c|\u2606llefface|gg\n|l|\u2606llefface\n|player|p2|\n|l|\u2606huyuplan\n|player|p1|\n|l| Salvato1902V\n","uploadtime":1740126420,"views":21,"formatid":"gen9vgc2025regg","rating":1673,"private":0,"password":null}