{"id":"gen9vgc2025regg-2304185203","format":"[Gen 9] VGC 2025 Reg G","players":["ComradeClownVGC","stbai"],"log":"|j|\u2606ComradeClownVGC\n|j|\u2606stbai\n|t:|1740019187\n|gametype|doubles\n|player|p1|ComradeClownVGC|harlequin|1548\n|player|p2|stbai|janitor|1582\n|teamsize|p1|6\n|teamsize|p2|6\n|gen|9\n|tier|[Gen 9] VGC 2025 Reg G\n|rated|\n|rule|Species Clause: Limit one of each Pok\u00e9mon\n|rule|Item Clause: Limit 1 of each item\n|clearpoke\n|poke|p1|Whimsicott, L50, M|\n|poke|p1|Okidogi, L50, M|\n|poke|p1|Arcanine-Hisui, L50, M|\n|poke|p1|Flutter Mane, L50|\n|poke|p1|Calyrex-Shadow, L50|\n|poke|p1|Chi-Yu, L50|\n|poke|p2|Tatsugiri, L50, F|\n|poke|p2|Terapagos, L50, M|\n|poke|p2|Gardevoir, L50, F|\n|poke|p2|Latios, L50, M|\n|poke|p2|Entei, L50|\n|poke|p2|Dondozo, L50, F|\n|teampreview|4\n|inactive|Battle timer is ON: inactive players will automatically lose when time's up. (requested by stbai)\n|\n|t:|1740019199\n|start\n|switch|p1a: Calyrex|Calyrex-Shadow, L50|100\/100\n|switch|p1b: Chi-Yu|Chi-Yu, L50|100\/100\n|switch|p2a: Entei|Entei, L50|100\/100\n|switch|p2b: Dondozo|Dondozo, L50, F|100\/100\n|-ability|p1a: Calyrex|As One\n|-ability|p1a: Calyrex|Unnerve\n|-ability|p1b: Chi-Yu|Beads of Ruin\n|turn|1\n|\n|t:|1740019212\n|-terastallize|p1a: Calyrex|Ghost\n|move|p2b: Dondozo|Protect|p2b: Dondozo\n|-singleturn|p2b: Dondozo|Protect\n|move|p1a: Calyrex|Astral Barrage|p2b: Dondozo|[spread] p2a\n|-activate|p2b: Dondozo|move: Protect\n|-damage|p2a: Entei|16\/100\n|-damage|p1a: Calyrex|91\/100|[from] item: Life Orb\n|move|p1b: Chi-Yu|Heat Wave|p2b: Dondozo|[spread] p2a\n|-activate|p2b: Dondozo|move: Protect\n|-resisted|p2a: Entei\n|-crit|p2a: Entei\n|-damage|p2a: Entei|0 fnt\n|faint|p2a: Entei\n|\n|upkeep\n|inactive|stbai has 30 seconds left.\n|\n|t:|1740019244\n|switch|p2a: Terapagos|Terapagos, L50, M|100\/100\n|-activate|p2a: Terapagos|ability: Tera Shift\n|detailschange|p2a: Terapagos|Terapagos-Terastal, L50, M\n|-heal|p2a: Terapagos|100\/100|[silent]\n|turn|2\n|\n|t:|1740019260\n|switch|p2a: Tatsugiri|Tatsugiri, L50, F|100\/100\n|-activate|p2a: Tatsugiri|ability: Commander|[of] p2b: Dondozo\n|-boost|p2b: Dondozo|atk|2\n|-boost|p2b: Dondozo|spa|2\n|-boost|p2b: Dondozo|spe|2\n|-boost|p2b: Dondozo|def|2\n|-boost|p2b: Dondozo|spd|2\n|move|p1a: Calyrex|Psyshock|p2a: Tatsugiri|[miss]\n|-miss|p1a: Calyrex|p2a: Tatsugiri\n|move|p1b: Chi-Yu|Heat Wave|p2a: Tatsugiri|[spread] p2b\n|-miss|p1b: Chi-Yu|p2a: Tatsugiri\n|-resisted|p2b: Dondozo\n|-damage|p2b: Dondozo|84\/100\n|move|p2b: Dondozo|Earthquake|p1a: Calyrex|[spread] p1a,p1b\n|-miss|p2b: Dondozo|p2a: Tatsugiri\n|-supereffective|p1b: Chi-Yu\n|-damage|p1a: Calyrex|37\/100\n|-damage|p1b: Chi-Yu|0 fnt\n|faint|p1b: Chi-Yu\n|\n|-heal|p2b: Dondozo|90\/100|[from] item: Leftovers\n|upkeep\n|\n|t:|1740019268\n|switch|p1b: StylishDoggy|Arcanine-Hisui, L50, M, shiny|100\/100\n|-ability|p1b: StylishDoggy|Intimidate|boost\n|-unboost|p2a: Tatsugiri|atk|1\n|-unboost|p2b: Dondozo|atk|1\n|turn|3\n|\n|t:|1740019292\n|move|p1a: Calyrex|Astral Barrage|p2b: Dondozo|[spread] p2b\n|-miss|p1a: Calyrex|p2a: Tatsugiri\n|-damage|p2b: Dondozo|47\/100\n|-damage|p1a: Calyrex|27\/100|[from] item: Life Orb\n|move|p2b: Dondozo|Order Up|p1a: Calyrex\n|-damage|p1a: Calyrex|0 fnt\n|faint|p1a: Calyrex\n|-boost|p2b: Dondozo|atk|1\n|move|p1b: StylishDoggy|Head Smash|p2b: Dondozo\n|-damage|p2b: Dondozo|11\/100\n|-damage|p1b: StylishDoggy|76\/100|[from] Recoil\n|\n|-heal|p2b: Dondozo|17\/100|[from] item: Leftovers\n|upkeep\n|\n|t:|1740019306\n|switch|p1a: Dogi Style|Okidogi, L50, M|100\/100\n|turn|4\n|\n|t:|1740019312\n|move|p2b: Dondozo|Protect|p2b: Dondozo\n|-singleturn|p2b: Dondozo|Protect\n|move|p1b: StylishDoggy|Head Smash|p2a: Tatsugiri|[miss]\n|-miss|p1b: StylishDoggy|p2a: Tatsugiri\n|move|p1a: Dogi Style|Drain Punch|p2b: Dondozo\n|-activate|p2b: Dondozo|move: Protect\n|\n|-heal|p2b: Dondozo|23\/100|[from] item: Leftovers\n|upkeep\n|turn|5\n|\n|t:|1740019321\n|move|p2b: Dondozo|Earthquake|p1a: Dogi Style|[spread] p1a,p1b\n|-miss|p2b: Dondozo|p2a: Tatsugiri\n|-supereffective|p1a: Dogi Style\n|-supereffective|p1b: StylishDoggy\n|-damage|p1a: Dogi Style|23\/100\n|-damage|p1b: StylishDoggy|0 fnt\n|faint|p1b: StylishDoggy\n|move|p1a: Dogi Style|Drain Punch|p2b: Dondozo\n|-damage|p2b: Dondozo|9\/100\n|-heal|p1a: Dogi Style|32\/100|[from] drain|[of] p2b: Dondozo\n|\n|-heal|p2b: Dondozo|15\/100|[from] item: Leftovers\n|upkeep\n|turn|6\n|-message|ComradeClownVGC forfeited.\n|\n|win|stbai\n|raw|ComradeClownVGC's rating: 1548 &rarr; <strong>1530<\/strong><br \/>(-18 for losing)\n|raw|stbai's rating: 1582 &rarr; <strong>1600<\/strong><br \/>(+18 for winning)\n|l|\u2606ComradeClownVGC\n|player|p1|\n|l|\u2606stbai\n|player|p2|\n","uploadtime":1740019478,"views":7,"formatid":"gen9vgc2025regg","rating":1530,"private":0,"password":null}