{"id":"gen9vgc2025regg-2304399767","format":"[Gen 9] VGC 2025 Reg G","players":["N8NoDog","ahfoong0411"],"log":"|j|\u2606N8NoDog\n|j|\u2606ahfoong0411\n|t:|1740056444\n|gametype|doubles\n|player|p1|N8NoDog|archer|1516\n|player|p2|ahfoong0411|1|1566\n|teamsize|p1|6\n|teamsize|p2|6\n|gen|9\n|tier|[Gen 9] VGC 2025 Reg G\n|rated|\n|rule|Species Clause: Limit one of each Pok\u00e9mon\n|rule|Item Clause: Limit 1 of each item\n|clearpoke\n|poke|p1|Chien-Pao, L50|\n|poke|p1|Zamazenta-*, L50|\n|poke|p1|Amoonguss, L50, F|\n|poke|p1|Urshifu-*, L50, F|\n|poke|p1|Pelipper, L50, M|\n|poke|p1|Raging Bolt, L50|\n|poke|p2|Chien-Pao, L50|\n|poke|p2|Entei, L50|\n|poke|p2|Zamazenta-*, L50|\n|poke|p2|Rillaboom, L50, M|\n|poke|p2|Urshifu-*, L50, M|\n|poke|p2|Grimmsnarl, L50, M|\n|teampreview|4\n|inactive|Battle timer is ON: inactive players will automatically lose when time's up. (requested by N8NoDog)\n|inactive|N8NoDog has 60 seconds left.\n|inactive|ahfoong0411 has 60 seconds left.\n|inactive|ahfoong0411 has 30 seconds left.\n|inactive|ahfoong0411 has 20 seconds left.\n|inactive|ahfoong0411 has 15 seconds left.\n|inactive|ahfoong0411 has 10 seconds left.\n|inactive|ahfoong0411 has 5 seconds left.\n|\n|t:|1740056531\n|start\n|switch|p1a: Zamazenta|Zamazenta-Crowned, L50|100\/100\n|switch|p1b: Pelipper|Pelipper, L50, M|100\/100\n|switch|p2a: Zamazenta|Zamazenta-Crowned, L50|100\/100\n|switch|p2b: Chien-Pao|Chien-Pao, L50|100\/100\n|-ability|p2b: Chien-Pao|Sword of Ruin\n|-ability|p2a: Zamazenta|Dauntless Shield|boost\n|-boost|p2a: Zamazenta|def|1\n|-ability|p1a: Zamazenta|Dauntless Shield|boost\n|-boost|p1a: Zamazenta|def|1\n|-weather|RainDance|[from] ability: Drizzle|[of] p1b: Pelipper\n|turn|1\n|inactive|N8NoDog has 30 seconds left.\n|inactive|ahfoong0411 has 30 seconds left.\n|inactive|N8NoDog has 20 seconds left.\n|inactive|ahfoong0411 has 20 seconds left.\n|inactive|N8NoDog has 15 seconds left.\n|inactive|ahfoong0411 has 15 seconds left.\n|inactive|ahfoong0411 has 10 seconds left.\n|\n|t:|1740056579\n|switch|p2b: Grimmsnarl|Grimmsnarl, L50, M|100\/100\n|-terastallize|p2a: Zamazenta|Dragon\n|move|p1a: Zamazenta|Protect|p1a: Zamazenta\n|-singleturn|p1a: Zamazenta|Protect\n|move|p2a: Zamazenta|Body Press|p1a: Zamazenta\n|-activate|p1a: Zamazenta|move: Protect\n|move|p1b: Pelipper|Weather Ball|p2b: Grimmsnarl\n|-damage|p2b: Grimmsnarl|42\/100\n|\n|-weather|RainDance|[upkeep]\n|upkeep\n|turn|2\n|inactive|ahfoong0411 has 30 seconds left.\n|inactive|ahfoong0411 has 20 seconds left.\n|\n|t:|1740056616\n|-terastallize|p1a: Zamazenta|Dragon\n|move|p2b: Grimmsnarl|Thunder Wave|p1a: Zamazenta\n|-status|p1a: Zamazenta|par\n|move|p2a: Zamazenta|Body Press|p1a: Zamazenta\n|-damage|p1a: Zamazenta|77\/100 par\n|move|p1b: Pelipper|Hurricane|p2a: Zamazenta\n|-damage|p2a: Zamazenta|66\/100\n|-start|p2a: Zamazenta|confusion\n|move|p1a: Zamazenta|Behemoth Bash|p2b: Grimmsnarl\n|-supereffective|p2b: Grimmsnarl\n|-damage|p2b: Grimmsnarl|0 fnt\n|faint|p2b: Grimmsnarl\n|\n|-weather|RainDance|[upkeep]\n|upkeep\n|\n|t:|1740056629\n|switch|p2b: Chien-Pao|Chien-Pao, L50|100\/100\n|-ability|p2b: Chien-Pao|Sword of Ruin\n|turn|3\n|\n|t:|1740056650\n|move|p2b: Chien-Pao|Throat Chop|p1b: Pelipper\n|-damage|p1b: Pelipper|36\/100\n|-activate|p2a: Zamazenta|confusion\n|move|p2a: Zamazenta|Body Press|p1b: Pelipper\n|-resisted|p1b: Pelipper\n|-damage|p1b: Pelipper|0 fnt\n|faint|p1b: Pelipper\n|move|p1a: Zamazenta|Body Press|p2b: Chien-Pao\n|-supereffective|p2b: Chien-Pao\n|-enditem|p2b: Chien-Pao|Focus Sash\n|-damage|p2b: Chien-Pao|1\/100\n|\n|-weather|RainDance|[upkeep]\n|upkeep\n|\n|t:|1740056658\n|switch|p1b: Urshifu|Urshifu-Rapid-Strike, L50, F|100\/100\n|turn|4\n|inactive|ahfoong0411 has 30 seconds left.\n|inactive|ahfoong0411 has 20 seconds left.\n|inactive|ahfoong0411 has 15 seconds left.\n|inactive|ahfoong0411 has 10 seconds left.\n|inactive|ahfoong0411 has 5 seconds left.\n|\n|t:|1740056713\n|move|p2b: Chien-Pao|Sucker Punch|p1a: Zamazenta\n|-damage|p1a: Zamazenta|58\/100 par\n|move|p1b: Urshifu|Surging Strikes|p2b: Chien-Pao\n|-crit|p2b: Chien-Pao\n|-damage|p2b: Chien-Pao|0 fnt\n|faint|p2b: Chien-Pao\n|-hitcount|p2: Chien-Pao|1\n|-end|p2a: Zamazenta|confusion\n|move|p2a: Zamazenta|Body Press|p1b: Urshifu\n|-damage|p1b: Urshifu|37\/100\n|cant|p1a: Zamazenta|par\n|\n|-weather|RainDance|[upkeep]\n|upkeep\n|\n|t:|1740056723\n|switch|p2b: Entei|Entei, L50|100\/100\n|turn|5\n|inactive|ahfoong0411 has 30 seconds left.\n|inactive|ahfoong0411 has 20 seconds left.\n|inactive|ahfoong0411 has 15 seconds left.\n|inactive|ahfoong0411 has 10 seconds left.\n|inactive|ahfoong0411 has 5 seconds left.\n|\n|t:|1740056774\n|switch|p1b: Amoonguss|Amoonguss, L50, F|100\/100\n|move|p2b: Entei|Extreme Speed|p1b: Amoonguss\n|-damage|p1b: Amoonguss|71\/100\n|-damage|p2b: Entei|84\/100|[from] item: Rocky Helmet|[of] p1b: Amoonguss\n|move|p2a: Zamazenta|Body Press|p1b: Amoonguss\n|-resisted|p1b: Amoonguss\n|-damage|p1b: Amoonguss|47\/100\n|-damage|p2a: Zamazenta|50\/100|[from] item: Rocky Helmet|[of] p1b: Amoonguss\n|move|p1a: Zamazenta|Body Press|p2b: Entei\n|-damage|p2b: Entei|18\/100\n|\n|-weather|none\n|upkeep\n|turn|6\n|-message|ahfoong0411 forfeited.\n|\n|win|N8NoDog\n|raw|N8NoDog's rating: 1516 &rarr; <strong>1539<\/strong><br \/>(+23 for winning)\n|raw|ahfoong0411's rating: 1566 &rarr; <strong>1543<\/strong><br \/>(-23 for losing)\n|l|\u2606ahfoong0411\n|player|p2|\n","uploadtime":1740056810,"views":14,"formatid":"gen9vgc2025regg","rating":1539,"private":0,"password":null}