{"id":"gen9vgc2025regg-2304377263","format":"[Gen 9] VGC 2025 Reg G","players":["tep0914","Teraparkor 6"],"log":"|j|\u2606tep0914\n|j|\u2606Teraparkor 6\n|t:|1740053015\n|gametype|doubles\n|player|p1|tep0914|li|1650\n|player|p2|Teraparkor 6|102|1619\n|teamsize|p1|6\n|teamsize|p2|6\n|gen|9\n|tier|[Gen 9] VGC 2025 Reg G\n|rated|\n|rule|Species Clause: Limit one of each Pok\u00e9mon\n|rule|Item Clause: Limit 1 of each item\n|clearpoke\n|poke|p1|Calyrex-Ice, L50|\n|poke|p1|Glimmora, L50, F|\n|poke|p1|Dondozo, L50, F|\n|poke|p1|Ogerpon-Hearthflame, L50, F|\n|poke|p1|Ting-Lu, L50|\n|poke|p1|Tatsugiri, L50, F|\n|poke|p2|Calyrex-Shadow, L50|\n|poke|p2|Urshifu-*, L50, M|\n|poke|p2|Chien-Pao, L50|\n|poke|p2|Amoonguss, L50, M|\n|poke|p2|Landorus, L50, M|\n|poke|p2|Rillaboom, L50, F|\n|teampreview|4\n|inactive|Battle timer is ON: inactive players will automatically lose when time's up. (requested by Teraparkor 6)\n|j| SireSatire\n|j| kirito22222\n|l| kirito22222\n|\n|t:|1740053043\n|start\n|switch|p1a: Calyrex|Calyrex-Ice, L50|100\/100\n|switch|p1b: Ting-Lu|Ting-Lu, L50|100\/100\n|switch|p2a: Amoonguss|Amoonguss, L50, M|100\/100\n|switch|p2b: Urshifu|Urshifu-Rapid-Strike, L50, M|100\/100\n|-ability|p1a: Calyrex|As One\n|-ability|p1a: Calyrex|Unnerve\n|-ability|p1b: Ting-Lu|Vessel of Ruin\n|turn|1\n|j| tetsuokaga\n|\n|t:|1740053055\n|-terastallize|p1b: Ting-Lu|Grass\n|move|p2b: Urshifu|Surging Strikes|p1a: Calyrex\n|-crit|p1a: Calyrex\n|-damage|p1a: Calyrex|85\/100\n|-crit|p1a: Calyrex\n|-damage|p1a: Calyrex|69\/100\n|-crit|p1a: Calyrex\n|-damage|p1a: Calyrex|52\/100\n|-hitcount|p1a: Calyrex|3\n|move|p1a: Calyrex|Glacial Lance|p2a: Amoonguss|[spread] p2a,p2b\n|-supereffective|p2a: Amoonguss\n|-resisted|p2b: Urshifu\n|-damage|p2a: Amoonguss|0 fnt\n|-damage|p2b: Urshifu|73\/100\n|faint|p2a: Amoonguss\n|-ability|p1a: Calyrex|Chilling Neigh|boost\n|-boost|p1a: Calyrex|atk|1\n|move|p1b: Ting-Lu|Tera Blast|p2b: Urshifu|[anim] Tera Blast Grass\n|-supereffective|p2b: Urshifu\n|-damage|p2b: Urshifu|0 fnt\n|faint|p2b: Urshifu\n|\n|upkeep\n|\n|t:|1740053062\n|switch|p2b: Calyrex|Calyrex-Shadow, L50|100\/100\n|switch|p2a: Chien-Pao|Chien-Pao, L50|100\/100\n|-ability|p2b: Calyrex|As One\n|-ability|p2b: Calyrex|Unnerve\n|-ability|p2a: Chien-Pao|Sword of Ruin\n|turn|2\n|inactive|tep0914 has 30 seconds left.\n|inactive|tep0914 has 20 seconds left.\n|inactive|tep0914 has 15 seconds left.\n|inactive|tep0914 has 10 seconds left.\n|\n|t:|1740053112\n|move|p2b: Calyrex|Astral Barrage|p1a: Calyrex|[spread] p1a,p1b\n|-supereffective|p1a: Calyrex\n|-damage|p1a: Calyrex|0 fnt\n|-damage|p1b: Ting-Lu|81\/100\n|faint|p1a: Calyrex\n|-ability|p2b: Calyrex|Grim Neigh|boost\n|-boost|p2b: Calyrex|spa|1\n|move|p2a: Chien-Pao|Ice Spinner|p1b: Ting-Lu\n|-supereffective|p1b: Ting-Lu\n|-damage|p1b: Ting-Lu|18\/100\n|move|p1b: Ting-Lu|Stomping Tantrum|p2a: Chien-Pao\n|-damage|p2a: Chien-Pao|42\/100\n|\n|upkeep\n|\n|t:|1740053117\n|switch|p1a: Dondozo|Dondozo, L50, F|100\/100\n|turn|3\n|\n|t:|1740053122\n|switch|p1b: Tatsugiri|Tatsugiri, L50, F|100\/100\n|-activate|p1b: Tatsugiri|ability: Commander|[of] p1a: Dondozo\n|-boost|p1a: Dondozo|atk|2\n|-boost|p1a: Dondozo|spa|2\n|-boost|p1a: Dondozo|spe|2\n|-boost|p1a: Dondozo|def|2\n|-boost|p1a: Dondozo|spd|2\n|move|p2b: Calyrex|Astral Barrage|p1b: Tatsugiri|[spread] p1a\n|-miss|p2b: Calyrex|p1b: Tatsugiri\n|-damage|p1a: Dondozo|70\/100\n|move|p2a: Chien-Pao|Sacred Sword|p1a: Dondozo\n|-damage|p1a: Dondozo|45\/100\n|move|p1a: Dondozo|Body Press|p2a: Chien-Pao\n|-supereffective|p2a: Chien-Pao\n|-damage|p2a: Chien-Pao|0 fnt\n|faint|p2a: Chien-Pao\n|\n|-heal|p1a: Dondozo|51\/100|[from] item: Leftovers\n|upkeep\n|turn|4\n|\n|t:|1740053141\n|move|p1a: Dondozo|Protect|p1a: Dondozo\n|-singleturn|p1a: Dondozo|Protect\n|move|p2b: Calyrex|Astral Barrage|p1b: Tatsugiri|[spread] \n|-miss|p2b: Calyrex|p1b: Tatsugiri\n|-activate|p1a: Dondozo|move: Protect\n|\n|-heal|p1a: Dondozo|57\/100|[from] item: Leftovers\n|upkeep\n|turn|5\n|\n|t:|1740053153\n|move|p2b: Calyrex|Astral Barrage|p1b: Tatsugiri|[spread] p1a\n|-miss|p2b: Calyrex|p1b: Tatsugiri\n|-damage|p1a: Dondozo|31\/100\n|move|p1a: Dondozo|Wave Crash|p2b: Calyrex\n|-damage|p2b: Calyrex|7\/100\n|-damage|p1a: Dondozo|7\/100|[from] Recoil\n|\n|-heal|p1a: Dondozo|13\/100|[from] item: Leftovers\n|upkeep\n|turn|6\n|\n|t:|1740053157\n|move|p1a: Dondozo|Protect|p1a: Dondozo\n|-singleturn|p1a: Dondozo|Protect\n|move|p2b: Calyrex|Nasty Plot|p2b: Calyrex\n|-boost|p2b: Calyrex|spa|2\n|\n|-heal|p1a: Dondozo|19\/100|[from] item: Leftovers\n|upkeep\n|turn|7\n|\n|t:|1740053165\n|move|p2b: Calyrex|Astral Barrage|p1b: Tatsugiri|[spread] p1a\n|-miss|p2b: Calyrex|p1b: Tatsugiri\n|-damage|p1a: Dondozo|0 fnt\n|faint|p1a: Dondozo\n|-ability|p2b: Calyrex|Grim Neigh|boost\n|-boost|p2b: Calyrex|spa|1\n|\n|upkeep\n|\n|t:|1740053167\n|switch|p1a: Ting-Lu|Ting-Lu, L50, tera:Grass|18\/100\n|-ability|p1a: Ting-Lu|Vessel of Ruin\n|turn|8\n|\n|t:|1740053174\n|move|p2b: Calyrex|Astral Barrage|p1a: Ting-Lu|[spread] p1a,p1b\n|-damage|p1a: Ting-Lu|0 fnt\n|-damage|p1b: Tatsugiri|0 fnt\n|faint|p1a: Ting-Lu\n|faint|p1b: Tatsugiri\n|\n|win|Teraparkor 6\n|raw|tep0914's rating: 1650 &rarr; <strong>1628<\/strong><br \/>(-22 for losing)\n|raw|Teraparkor 6's rating: 1619 &rarr; <strong>1641<\/strong><br \/>(+22 for winning)\n|l|\u2606Teraparkor 6\n|player|p2|\n|l|\u2606tep0914\n|player|p1|\n|l| SireSatire\n|l| tetsuokaga\n","uploadtime":1740053397,"views":5,"formatid":"gen9vgc2025regg","rating":1628,"private":0,"password":null}