{"id":"gen9vgc2025regg-2304056204","format":"[Gen 9] VGC 2025 Reg G","players":["GeorgeBraun","Iamsliverfish"],"log":"|j|\u2606GeorgeBraun\n|j|\u2606Iamsliverfish\n|t:|1740002896\n|gametype|doubles\n|player|p1|GeorgeBraun|fisherman-gen4|1566\n|player|p2|Iamsliverfish|rood|1785\n|teamsize|p1|6\n|teamsize|p2|6\n|gen|9\n|tier|[Gen 9] VGC 2025 Reg G\n|rated|\n|rule|Species Clause: Limit one of each Pok\u00e9mon\n|rule|Item Clause: Limit 1 of each item\n|clearpoke\n|poke|p1|Porygon2, L50|\n|poke|p1|Hitmontop, L50, M|\n|poke|p1|Kyogre, L50|\n|poke|p1|Flutter Mane, L50|\n|poke|p1|Sinistcha, L50|\n|poke|p1|Rillaboom, L50, F|\n|poke|p2|Calyrex-Shadow, L50|\n|poke|p2|Ursaluna, L50, F|\n|poke|p2|Indeedee-F, L50, F|\n|poke|p2|Ogerpon-Wellspring, L50, F|\n|poke|p2|Tornadus, L50, M|\n|poke|p2|Chi-Yu, L50|\n|teampreview|4\n|inactive|Battle timer is ON: inactive players will automatically lose when time's up. (requested by GeorgeBraun)\n|\n|t:|1740002920\n|start\n|switch|p1a: Porygon2|Porygon2, L50, shiny|100\/100\n|switch|p1b: Flutter Mane|Flutter Mane, L50|100\/100\n|switch|p2a: Tornadus|Tornadus, L50, M|100\/100\n|switch|p2b: Ogerpon|Ogerpon-Wellspring, L50, F|100\/100\n|-ability|p1a: Porygon2|Download|boost\n|-boost|p1a: Porygon2|spa|1\n|-enditem|p1b: Flutter Mane|Booster Energy\n|-activate|p1b: Flutter Mane|ability: Protosynthesis|[fromitem]\n|-start|p1b: Flutter Mane|protosynthesisspe\n|turn|1\n|inactive|GeorgeBraun has 30 seconds left.\n|\n|t:|1740002947\n|move|p2a: Tornadus|Taunt|p1a: Porygon2\n|-start|p1a: Porygon2|move: Taunt\n|move|p1b: Flutter Mane|Fake Tears|p2b: Ogerpon\n|-unboost|p2b: Ogerpon|spd|2\n|move|p2b: Ogerpon|Ivy Cudgel|p1b: Flutter Mane|[anim] Ivy Cudgel Water\n|-damage|p1b: Flutter Mane|4\/100\n|move|p1a: Porygon2|Tera Blast|p2b: Ogerpon\n|-damage|p2b: Ogerpon|0 fnt\n|faint|p2b: Ogerpon\n|\n|upkeep\n|\n|t:|1740002954\n|switch|p2b: Calyrex|Calyrex-Shadow, L50|100\/100\n|-ability|p2b: Calyrex|As One\n|-ability|p2b: Calyrex|Unnerve\n|turn|2\n|\n|t:|1740002968\n|-end|p1b: Flutter Mane|Protosynthesis|[silent]\n|switch|p1b: Rillaboom|Rillaboom, L50, F|100\/100\n|-fieldstart|move: Grassy Terrain|[from] ability: Grassy Surge|[of] p1b: Rillaboom\n|move|p2b: Calyrex|Protect|p2b: Calyrex\n|-singleturn|p2b: Calyrex|Protect\n|move|p2a: Tornadus|Tailwind|p2a: Tornadus\n|-sidestart|p2: Iamsliverfish|move: Tailwind\n|move|p1a: Porygon2|Ice Beam|p2a: Tornadus\n|-supereffective|p2a: Tornadus\n|-damage|p2a: Tornadus|0 fnt\n|faint|p2a: Tornadus\n|\n|upkeep\n|\n|t:|1740002971\n|switch|p2a: Indeedee|Indeedee-F, L50, F|100\/100\n|-fieldstart|move: Psychic Terrain|[from] ability: Psychic Surge|[of] p2a: Indeedee\n|turn|3\n|\n|t:|1740002988\n|move|p2a: Indeedee|Helping Hand|p2b: Calyrex\n|-singleturn|p2b: Calyrex|Helping Hand|[of] p2a: Indeedee\n|move|p2b: Calyrex|Expanding Force|p1a: Porygon2|[spread] p1a,p1b\n|-damage|p1a: Porygon2|8\/100\n|-damage|p1b: Rillaboom|2\/100\n|-damage|p2b: Calyrex|91\/100|[from] item: Life Orb\n|move|p1b: Rillaboom|U-turn|p2a: Indeedee\n|-supereffective|p2a: Indeedee\n|-damage|p2a: Indeedee|49\/100\n|\n|t:|1740003009\n|switch|p1b: Flutter Mane|Flutter Mane, L50|4\/100|[from] U-turn\n|move|p1a: Porygon2|Tera Blast|p2a: Indeedee\n|-damage|p2a: Indeedee|0 fnt\n|faint|p2a: Indeedee\n|\n|-end|p1a: Porygon2|move: Taunt\n|upkeep\n|turn|4\n|\n|t:|1740003019\n|switch|p1a: Rillaboom|Rillaboom, L50, F|2\/100\n|-fieldstart|move: Grassy Terrain|[from] ability: Grassy Surge|[of] p1a: Rillaboom\n|move|p1b: Flutter Mane|Protect|p1b: Flutter Mane\n|-singleturn|p1b: Flutter Mane|Protect\n|move|p2b: Calyrex|Expanding Force|p1a: Rillaboom\n|-damage|p1a: Rillaboom|0 fnt\n|faint|p1a: Rillaboom\n|-ability|p2b: Calyrex|Grim Neigh|boost\n|-boost|p2b: Calyrex|spa|1\n|-damage|p2b: Calyrex|81\/100|[from] item: Life Orb\n|\n|-heal|p2b: Calyrex|87\/100|[from] Grassy Terrain\n|-heal|p1b: Flutter Mane|10\/100|[from] Grassy Terrain\n|upkeep\n|\n|t:|1740003029\n|switch|p1a: Porygon2|Porygon2, L50, shiny|8\/100\n|-ability|p1a: Porygon2|Download|boost\n|-boost|p1a: Porygon2|atk|1\n|turn|5\n|\n|t:|1740003043\n|move|p2b: Calyrex|Expanding Force|p1a: Porygon2\n|-crit|p1a: Porygon2\n|-damage|p1a: Porygon2|0 fnt\n|faint|p1a: Porygon2\n|-ability|p2b: Calyrex|Grim Neigh|boost\n|-boost|p2b: Calyrex|spa|1\n|-damage|p2b: Calyrex|77\/100|[from] item: Life Orb\n|move|p1b: Flutter Mane|Thunder Wave|p2b: Calyrex|[miss]\n|-miss|p1b: Flutter Mane|p2b: Calyrex\n|\n|-heal|p2b: Calyrex|83\/100|[from] Grassy Terrain\n|-heal|p1b: Flutter Mane|16\/100|[from] Grassy Terrain\n|-sideend|p2: Iamsliverfish|move: Tailwind\n|upkeep\n|\n|t:|1740003051\n|switch|p1a: Kyogre|Kyogre, L50|100\/100\n|-weather|RainDance|[from] ability: Drizzle|[of] p1a: Kyogre\n|turn|6\n|\n|t:|1740003057\n|move|p1b: Flutter Mane|Protect|p1b: Flutter Mane\n|-singleturn|p1b: Flutter Mane|Protect\n|move|p2b: Calyrex|Astral Barrage|p1a: Kyogre|[spread] p1a\n|-activate|p1b: Flutter Mane|move: Protect\n|-damage|p1a: Kyogre|10\/100\n|-damage|p2b: Calyrex|73\/100|[from] item: Life Orb\n|move|p1a: Kyogre|Origin Pulse|p2b: Calyrex\n|-damage|p2b: Calyrex|0 fnt\n|faint|p2b: Calyrex\n|\n|win|GeorgeBraun\n|raw|GeorgeBraun's rating: 1566 &rarr; <strong>1597<\/strong><br \/>(+31 for winning)\n|raw|Iamsliverfish's rating: 1785 &rarr; <strong>1754<\/strong><br \/>(-31 for losing)\n|l|\u2606Iamsliverfish\n|player|p2|\n|l|\u2606GeorgeBraun\n|player|p1|\n","uploadtime":1740003197,"views":20,"formatid":"gen9vgc2025regg","rating":1597,"private":0,"password":null}