{"id":"gen9vgc2025regg-2304993673","format":"[Gen 9] VGC 2025 Reg G","players":["LowPass","501JFW"],"log":"|j|\u2606LowPass\n|j|\u203d501JFW\n|t:|1740133085\n|gametype|doubles\n|player|p1|LowPass|1|1584\n|player|p2|501JFW|102|1690\n|teamsize|p1|6\n|teamsize|p2|6\n|gen|9\n|tier|[Gen 9] VGC 2025 Reg G\n|rated|\n|rule|Species Clause: Limit one of each Pok\u00e9mon\n|rule|Item Clause: Limit 1 of each item\n|clearpoke\n|poke|p1|Lugia, L50|\n|poke|p1|Sableye, L50, M|\n|poke|p1|Wo-Chien, L50|\n|poke|p1|Heatran, L50, F|\n|poke|p1|Landorus-Therian, L50, M|\n|poke|p1|Toxapex, L50, M|\n|poke|p2|Calyrex-Ice, L50|\n|poke|p2|Iron Valiant, L50|\n|poke|p2|Urshifu-*, L50, F|\n|poke|p2|Pelipper, L50, M|\n|poke|p2|Landorus, L50, M|\n|poke|p2|Amoonguss, L50, M|\n|teampreview|4\n|inactive|Battle timer is ON: inactive players will automatically lose when time's up. (requested by LowPass)\n|j| Rabbithorn01\n|inactive|501JFW has 60 seconds left.\n|inactive|501JFW has 30 seconds left.\n|\n|t:|1740133180\n|start\n|switch|p1a: Wo-Chien|Wo-Chien, L50|100\/100\n|switch|p1b: Sableye|Sableye, L50, M|100\/100\n|switch|p2a: Calyrex|Calyrex-Ice, L50|100\/100\n|switch|p2b: Iron Valiant|Iron Valiant, L50, shiny|100\/100\n|-ability|p2a: Calyrex|As One\n|-ability|p2a: Calyrex|Unnerve\n|-ability|p1a: Wo-Chien|Tablets of Ruin\n|-enditem|p2b: Iron Valiant|Booster Energy\n|-activate|p2b: Iron Valiant|ability: Quark Drive|[fromitem]\n|-start|p2b: Iron Valiant|quarkdrivespe\n|turn|1\n|\n|t:|1740133202\n|switch|p2a: Pelipper|Pelipper, L50, M, shiny|100\/100\n|-weather|RainDance|[from] ability: Drizzle|[of] p2a: Pelipper\n|move|p1b: Sableye|Taunt|p2b: Iron Valiant\n|-start|p2b: Iron Valiant|move: Taunt\n|move|p2b: Iron Valiant|Spirit Break|p1b: Sableye\n|-supereffective|p1b: Sableye\n|-damage|p1b: Sableye|32\/100\n|-unboost|p1b: Sableye|spa|1\n|move|p1a: Wo-Chien|Foul Play|p2a: Pelipper\n|-damage|p2a: Pelipper|86\/100\n|\n|-weather|RainDance|[upkeep]\n|upkeep\n|turn|2\n|\n|t:|1740133220\n|switch|p1b: Toxapex|Toxapex, L50, M|100\/100\n|move|p2b: Iron Valiant|Spirit Break|p1b: Toxapex\n|-resisted|p1b: Toxapex\n|-damage|p1b: Toxapex|92\/100\n|-unboost|p1b: Toxapex|spa|1\n|-damage|p2b: Iron Valiant|84\/100|[from] item: Rocky Helmet|[of] p1b: Toxapex\n|move|p2a: Pelipper|Hurricane|p1a: Wo-Chien\n|-supereffective|p1a: Wo-Chien\n|-damage|p1a: Wo-Chien|46\/100\n|-damage|p2a: Pelipper|76\/100|[from] item: Life Orb\n|move|p1a: Wo-Chien|Snarl|p2a: Pelipper|[spread] p2a,p2b\n|-resisted|p2b: Iron Valiant\n|-damage|p2a: Pelipper|57\/100\n|-damage|p2b: Iron Valiant|79\/100\n|-unboost|p2a: Pelipper|spa|1\n|-unboost|p2b: Iron Valiant|spa|1\n|\n|-weather|RainDance|[upkeep]\n|upkeep\n|turn|3\n|\n|t:|1740133243\n|switch|p1a: Lugia|Lugia, L50|100\/100\n|move|p2b: Iron Valiant|Spirit Break|p1a: Lugia\n|-damage|p1a: Lugia|91\/100\n|-unboost|p1a: Lugia|spa|1\n|move|p2a: Pelipper|Hurricane|p1a: Lugia\n|-damage|p1a: Lugia|67\/100\n|-damage|p2a: Pelipper|48\/100|[from] item: Life Orb\n|move|p1b: Toxapex|Toxic|p2b: Iron Valiant\n|-status|p2b: Iron Valiant|tox\n|\n|-weather|RainDance|[upkeep]\n|-heal|p1a: Lugia|73\/100|[from] item: Leftovers\n|-damage|p2b: Iron Valiant|74\/100 tox|[from] psn\n|-end|p2b: Iron Valiant|move: Taunt\n|upkeep\n|turn|4\n|\n|t:|1740133263\n|switch|p2a: Urshifu|Urshifu-Rapid-Strike, L50, F|100\/100\n|move|p2b: Iron Valiant|Coaching|p2a: Urshifu\n|-boost|p2a: Urshifu|atk|1\n|-boost|p2a: Urshifu|def|1\n|move|p1a: Lugia|Recover|p1a: Lugia\n|-heal|p1a: Lugia|100\/100\n|move|p1b: Toxapex|Toxic|p2a: Urshifu\n|-status|p2a: Urshifu|tox\n|\n|-weather|RainDance|[upkeep]\n|-damage|p2b: Iron Valiant|62\/100 tox|[from] psn\n|-damage|p2a: Urshifu|94\/100 tox|[from] psn\n|upkeep\n|turn|5\n|inactive|LowPass has 30 seconds left.\n|inactive|LowPass has 20 seconds left.\n|inactive|LowPass has 15 seconds left.\n|inactive|LowPass has 10 seconds left.\n|\n|t:|1740133312\n|switch|p1a: Sableye|Sableye, L50, M|32\/100\n|-terastallize|p2a: Urshifu|Water\n|move|p2b: Iron Valiant|Spirit Break|p1a: Sableye\n|-supereffective|p1a: Sableye\n|-damage|p1a: Sableye|0 fnt\n|faint|p1a: Sableye\n|move|p2a: Urshifu|Surging Strikes|p1b: Toxapex\n|-resisted|p1b: Toxapex\n|-crit|p1b: Toxapex\n|-damage|p1b: Toxapex|67\/100\n|-damage|p2a: Urshifu|78\/100 tox|[from] item: Rocky Helmet|[of] p1b: Toxapex\n|-resisted|p1b: Toxapex\n|-crit|p1b: Toxapex\n|-damage|p1b: Toxapex|45\/100\n|-damage|p2a: Urshifu|61\/100 tox|[from] item: Rocky Helmet|[of] p1b: Toxapex\n|-resisted|p1b: Toxapex\n|-crit|p1b: Toxapex\n|-damage|p1b: Toxapex|22\/100\n|-damage|p2a: Urshifu|45\/100 tox|[from] item: Rocky Helmet|[of] p1b: Toxapex\n|-hitcount|p1b: Toxapex|3\n|move|p1b: Toxapex|Haze|p1b: Toxapex\n|-clearallboost\n|\n|-weather|none\n|-damage|p2b: Iron Valiant|45\/100 tox|[from] psn\n|-damage|p2a: Urshifu|32\/100 tox|[from] psn\n|upkeep\n|\n|t:|1740133328\n|switch|p1a: Lugia|Lugia, L50|100\/100\n|turn|6\n|inactive|501JFW has 30 seconds left.\n|\n|t:|1740133357\n|switch|p2a: Calyrex|Calyrex-Ice, L50|100\/100\n|-ability|p2a: Calyrex|As One\n|-ability|p2a: Calyrex|Unnerve\n|move|p2b: Iron Valiant|Encore|p1b: Toxapex\n|-start|p1b: Toxapex|Encore\n|move|p1a: Lugia|Recover||[still]\n|-fail|p1a: Lugia|heal\n|move|p1b: Toxapex|Haze|p1b: Toxapex\n|-clearallboost\n|\n|-damage|p2b: Iron Valiant|22\/100 tox|[from] psn\n|upkeep\n|turn|7\n|j| JasperrepsaJ\n|\n|t:|1740133375\n|-end|p2b: Iron Valiant|Quark Drive|[silent]\n|switch|p2b: Pelipper|Pelipper, L50, M, shiny|48\/100\n|-weather|RainDance|[from] ability: Drizzle|[of] p2b: Pelipper\n|switch|p1b: Wo-Chien|Wo-Chien, L50|46\/100\n|-ability|p1b: Wo-Chien|Tablets of Ruin\n|move|p1a: Lugia|Calm Mind|p1a: Lugia\n|-boost|p1a: Lugia|spa|1\n|-boost|p1a: Lugia|spd|1\n|move|p2a: Calyrex|Glacial Lance|p1a: Lugia|[spread] p1a,p1b\n|-supereffective|p1a: Lugia\n|-supereffective|p1b: Wo-Chien\n|-damage|p1a: Lugia|73\/100\n|-damage|p1b: Wo-Chien|0 fnt\n|faint|p1b: Wo-Chien\n|-ability|p2a: Calyrex|Chilling Neigh|boost\n|-boost|p2a: Calyrex|atk|1\n|\n|-weather|RainDance|[upkeep]\n|-heal|p1a: Lugia|79\/100|[from] item: Leftovers\n|upkeep\n|\n|t:|1740133379\n|switch|p1b: Toxapex|Toxapex, L50, M|55\/100\n|turn|8\n|\n|t:|1740133394\n|move|p1b: Toxapex|Wide Guard|p1b: Toxapex\n|-singleturn|p1b: Toxapex|Wide Guard\n|move|p1a: Lugia|Calm Mind|p1a: Lugia\n|-boost|p1a: Lugia|spa|1\n|-boost|p1a: Lugia|spd|1\n|move|p2b: Pelipper|Hurricane|p1b: Toxapex\n|-damage|p1b: Toxapex|5\/100\n|-start|p1b: Toxapex|confusion\n|-damage|p2b: Pelipper|38\/100|[from] item: Life Orb\n|move|p2a: Calyrex|Glacial Lance|p1a: Lugia|[spread] \n|-activate|p1a: Lugia|move: Wide Guard\n|-activate|p1b: Toxapex|move: Wide Guard\n|\n|-weather|RainDance|[upkeep]\n|-heal|p1a: Lugia|85\/100|[from] item: Leftovers\n|upkeep\n|turn|9\n|\n|t:|1740133403\n|-activate|p1b: Toxapex|confusion\n|move|p1b: Toxapex|Wide Guard|p1b: Toxapex\n|-singleturn|p1b: Toxapex|Wide Guard\n|move|p1a: Lugia|Aeroblast|p2b: Pelipper\n|-damage|p2b: Pelipper|0 fnt\n|faint|p2b: Pelipper\n|move|p2a: Calyrex|Glacial Lance|p1a: Lugia|[spread] \n|-activate|p1a: Lugia|move: Wide Guard\n|-activate|p1b: Toxapex|move: Wide Guard\n|\n|-weather|RainDance|[upkeep]\n|-heal|p1a: Lugia|92\/100|[from] item: Leftovers\n|upkeep\n|\n|t:|1740133421\n|switch|p2b: Iron Valiant|Iron Valiant, L50, shiny|22\/100 tox\n|turn|10\n|\n|t:|1740133437\n|move|p2a: Calyrex|Protect|p2a: Calyrex\n|-singleturn|p2a: Calyrex|Protect\n|-end|p1b: Toxapex|confusion\n|move|p1b: Toxapex|Wide Guard|p1b: Toxapex\n|-singleturn|p1b: Toxapex|Wide Guard\n|move|p2b: Iron Valiant|Spirit Break|p1b: Toxapex\n|-resisted|p1b: Toxapex\n|-damage|p1b: Toxapex|0 fnt\n|-damage|p2b: Iron Valiant|6\/100 tox|[from] item: Rocky Helmet|[of] p1b: Toxapex\n|faint|p1b: Toxapex\n|move|p1a: Lugia|Aeroblast|p2a: Calyrex\n|-activate|p2a: Calyrex|move: Protect\n|\n|-weather|RainDance|[upkeep]\n|-heal|p1a: Lugia|98\/100|[from] item: Leftovers\n|-damage|p2b: Iron Valiant|0 fnt|[from] psn\n|faint|p2b: Iron Valiant\n|-end|p2b: Iron Valiant|Quark Drive|[silent]\n|upkeep\n|\n|t:|1740133443\n|switch|p2b: Urshifu|Urshifu-Rapid-Strike, L50, F, tera:Water|32\/100 tox\n|turn|11\n|\n|t:|1740133456\n|-terastallize|p1a: Lugia|Steel\n|move|p2b: Urshifu|Surging Strikes|p1a: Lugia\n|-crit|p1a: Lugia\n|-damage|p1a: Lugia|70\/100\n|-crit|p1a: Lugia\n|-damage|p1a: Lugia|43\/100\n|-crit|p1a: Lugia\n|-damage|p1a: Lugia|17\/100\n|-hitcount|p1a: Lugia|3\n|move|p1a: Lugia|Aeroblast|p2b: Urshifu\n|-damage|p2b: Urshifu|0 fnt\n|faint|p2b: Urshifu\n|move|p2a: Calyrex|Glacial Lance|p1a: Lugia\n|-resisted|p1a: Lugia\n|-damage|p1a: Lugia|0 fnt\n|faint|p1a: Lugia\n|\n|win|501JFW\n|raw|LowPass's rating: 1584 &rarr; <strong>1570<\/strong><br \/>(-14 for losing)\n|raw|501JFW's rating: 1690 &rarr; <strong>1704<\/strong><br \/>(+14 for winning)\n|l|\u2606LowPass\n|player|p1|\n|l| JasperrepsaJ\n|l|\u203d501JFW\n|player|p2|\n","uploadtime":1740133474,"views":7,"formatid":"gen9vgc2025regg","rating":1570,"private":0,"password":null}