{"id":"gen9vgc2025regg-2304480205","format":"[Gen 9] VGC 2025 Reg G","players":["Has_Perry","pig duck eater"],"log":"|j|\u2606Has_Perry\n|j|\u2606pig duck eater\n|t:|1740065876\n|gametype|doubles\n|player|p1|Has_Perry|veteran|1617\n|player|p2|pig duck eater|101|1674\n|teamsize|p1|6\n|teamsize|p2|6\n|gen|9\n|tier|[Gen 9] VGC 2025 Reg G\n|rated|\n|rule|Species Clause: Limit one of each Pok\u00e9mon\n|rule|Item Clause: Limit 1 of each item\n|clearpoke\n|poke|p1|Giratina, L50|\n|poke|p1|Grimmsnarl, L50, M|\n|poke|p1|Incineroar, L50, M|\n|poke|p1|Rillaboom, L50, M|\n|poke|p1|Urshifu-*, L50, M|\n|poke|p1|Glimmora, L50, F|\n|poke|p2|Wyrdeer, L50, F|\n|poke|p2|Weezing-Galar, L50, F|\n|poke|p2|Kyogre, L50|\n|poke|p2|Indeedee-F, L50, F|\n|poke|p2|Reuniclus, L50, F|\n|poke|p2|Baxcalibur, L50, F|\n|teampreview|4\n|\n|t:|1740065916\n|start\n|switch|p1a: Arkenstone|Glimmora, L50, F|100\/100\n|switch|p1b: Grimmsnarl|Grimmsnarl, L50, M, shiny|100\/100\n|switch|p2a: Baxcalibur|Baxcalibur, L50, F|100\/100\n|switch|p2b: Indeedee|Indeedee-F, L50, F|100\/100\n|-fieldstart|move: Psychic Terrain|[from] ability: Psychic Surge|[of] p2b: Indeedee\n|turn|1\n|\n|t:|1740065930\n|switch|p2b: Weezing|Weezing-Galar, L50, F|100\/100\n|-ability|p2b: Weezing|Neutralizing Gas\n|-terastallize|p2a: Baxcalibur|Poison\n|move|p2a: Baxcalibur|Swords Dance|p2a: Baxcalibur\n|-boost|p2a: Baxcalibur|atk|2\n|move|p1a: Arkenstone|Meteor Beam||[still]\n|-prepare|p1a: Arkenstone|Meteor Beam\n|-boost|p1a: Arkenstone|spa|1\n|-enditem|p1a: Arkenstone|Power Herb\n|-anim|p1a: Arkenstone|Meteor Beam|p2a: Baxcalibur|[miss]\n|-miss|p1a: Arkenstone|p2a: Baxcalibur\n|move|p1b: Grimmsnarl|Reflect|p1b: Grimmsnarl\n|-sidestart|p1: Has_Perry|Reflect\n|\n|upkeep\n|turn|2\n|\n|t:|1740065963\n|move|p2a: Baxcalibur|Protect|p2a: Baxcalibur\n|-singleturn|p2a: Baxcalibur|Protect\n|move|p1a: Arkenstone|Sludge Bomb|p2b: Weezing\n|-damage|p2b: Weezing|51\/100\n|move|p2b: Weezing|Gunk Shot|p1b: Grimmsnarl\n|-supereffective|p1b: Grimmsnarl\n|-damage|p1b: Grimmsnarl|49\/100\n|move|p1b: Grimmsnarl|Light Screen|p1b: Grimmsnarl\n|-sidestart|p1: Has_Perry|move: Light Screen\n|\n|upkeep\n|turn|3\n|\n|t:|1740065986\n|move|p2a: Baxcalibur|Scale Shot|p1a: Arkenstone\n|-damage|p1a: Arkenstone|80\/100\n|-damage|p1a: Arkenstone|61\/100\n|-damage|p1a: Arkenstone|43\/100\n|-damage|p1a: Arkenstone|22\/100\n|-damage|p1a: Arkenstone|3\/100\n|-hitcount|p1a: Arkenstone|5\n|-unboost|p2a: Baxcalibur|def|1\n|-boost|p2a: Baxcalibur|spe|1\n|move|p1a: Arkenstone|Power Gem|p2a: Baxcalibur\n|-crit|p2a: Baxcalibur\n|-damage|p2a: Baxcalibur|19\/100\n|move|p2b: Weezing|Gunk Shot|p1b: Grimmsnarl\n|-supereffective|p1b: Grimmsnarl\n|-damage|p1b: Grimmsnarl|0 fnt\n|faint|p1b: Grimmsnarl\n|\n|upkeep\n|\n|t:|1740065994\n|switch|p1b: GiratinacoiPiedini|Giratina, L50|100\/100\n|turn|4\n|\n|t:|1740066035\n|-terastallize|p1b: GiratinacoiPiedini|Fairy\n|move|p2a: Baxcalibur|Protect|p2a: Baxcalibur\n|-singleturn|p2a: Baxcalibur|Protect\n|move|p1a: Arkenstone|Sludge Bomb|p2b: Weezing\n|-damage|p2b: Weezing|0 fnt\n|faint|p2b: Weezing\n|-end|p2b: Weezing|ability: Neutralizing Gas\n|-ability|p1b: GiratinacoiPiedini|Pressure\n|move|p1b: GiratinacoiPiedini|Dragon Pulse|p2a: Baxcalibur\n|-activate|p2a: Baxcalibur|move: Protect\n|\n|upkeep\n|\n|t:|1740066041\n|switch|p2b: Kyogre|Kyogre, L50|100\/100\n|-weather|RainDance|[from] ability: Drizzle|[of] p2b: Kyogre\n|turn|5\n|\n|t:|1740066056\n|move|p1a: Arkenstone|Spiky Shield|p1a: Arkenstone\n|-singleturn|p1a: Arkenstone|move: Protect\n|move|p2b: Kyogre|Water Spout|p1b: GiratinacoiPiedini|[spread] p1b\n|-activate|p1a: Arkenstone|move: Protect\n|-damage|p1b: GiratinacoiPiedini|63\/100\n|move|p2a: Baxcalibur|Icicle Spear|p1b: GiratinacoiPiedini\n|-damage|p1b: GiratinacoiPiedini|53\/100\n|-damage|p1b: GiratinacoiPiedini|43\/100\n|-damage|p1b: GiratinacoiPiedini|32\/100\n|-damage|p1b: GiratinacoiPiedini|23\/100\n|-damage|p1b: GiratinacoiPiedini|13\/100\n|-hitcount|p1b: GiratinacoiPiedini|5\n|move|p1b: GiratinacoiPiedini|Dragon Pulse|p2a: Baxcalibur\n|-damage|p2a: Baxcalibur|0 fnt\n|faint|p2a: Baxcalibur\n|\n|-weather|RainDance|[upkeep]\n|-heal|p1b: GiratinacoiPiedini|19\/100|[from] item: Leftovers\n|-fieldend|move: Psychic Terrain\n|upkeep\n|\n|t:|1740066070\n|switch|p2a: Indeedee|Indeedee-F, L50, F|100\/100\n|-fieldstart|move: Psychic Terrain|[from] ability: Psychic Surge|[of] p2a: Indeedee\n|turn|6\n|\n|t:|1740066081\n|move|p2a: Indeedee|Helping Hand|p2b: Kyogre\n|-singleturn|p2b: Kyogre|Helping Hand|[of] p2a: Indeedee\n|move|p1b: GiratinacoiPiedini|Protect|p1b: GiratinacoiPiedini\n|-singleturn|p1b: GiratinacoiPiedini|Protect\n|move|p2b: Kyogre|Water Spout|p1a: Arkenstone|[spread] p1a\n|-activate|p1b: GiratinacoiPiedini|move: Protect\n|-supereffective|p1a: Arkenstone\n|-damage|p1a: Arkenstone|0 fnt\n|faint|p1a: Arkenstone\n|\n|-weather|RainDance|[upkeep]\n|-heal|p1b: GiratinacoiPiedini|25\/100|[from] item: Leftovers\n|upkeep\n|\n|t:|1740066089\n|switch|p1a: Rezza Capa|Rillaboom, L50, M|100\/100\n|-fieldstart|move: Grassy Terrain|[from] ability: Grassy Surge|[of] p1a: Rezza Capa\n|turn|7\n|\n|t:|1740066109\n|move|p2a: Indeedee|Follow Me|p2a: Indeedee\n|-singleturn|p2a: Indeedee|move: Follow Me\n|move|p2b: Kyogre|Water Spout|p1a: Rezza Capa|[spread] p1a,p1b\n|-resisted|p1a: Rezza Capa\n|-damage|p1a: Rezza Capa|77\/100\n|-damage|p1b: GiratinacoiPiedini|0 fnt\n|faint|p1b: GiratinacoiPiedini\n|move|p1a: Rezza Capa|Drum Beating|p2a: Indeedee\n|-damage|p2a: Indeedee|44\/100\n|-unboost|p2a: Indeedee|spe|1\n|\n|-weather|RainDance|[upkeep]\n|-heal|p1a: Rezza Capa|83\/100|[from] Grassy Terrain\n|-heal|p2a: Indeedee|50\/100|[from] Grassy Terrain\n|upkeep\n|turn|8\n|\n|t:|1740066125\n|move|p2a: Indeedee|Helping Hand|p2b: Kyogre\n|-singleturn|p2b: Kyogre|Helping Hand|[of] p2a: Indeedee\n|move|p2b: Kyogre|Water Spout|p1a: Rezza Capa\n|-resisted|p1a: Rezza Capa\n|-damage|p1a: Rezza Capa|36\/100\n|move|p1a: Rezza Capa|Drum Beating|p2a: Indeedee\n|-damage|p2a: Indeedee|0 fnt\n|faint|p2a: Indeedee\n|\n|-weather|RainDance|[upkeep]\n|-heal|p1a: Rezza Capa|42\/100|[from] Grassy Terrain\n|-sideend|p1: Has_Perry|Reflect\n|upkeep\n|turn|9\n|-message|pig duck eater forfeited.\n|\n|win|Has_Perry\n|raw|Has_Perry's rating: 1617 &rarr; <strong>1640<\/strong><br \/>(+23 for winning)\n|raw|pig duck eater's rating: 1674 &rarr; <strong>1651<\/strong><br \/>(-23 for losing)\n|l|\u2606pig duck eater\n|player|p2|\n|l|\u2606Has_Perry\n|player|p1|\n","uploadtime":1740066356,"views":17,"formatid":"gen9vgc2025regg","rating":1640,"private":0,"password":null}