{"id":"gen9vgc2025regg-2304656403","format":"[Gen 9] VGC 2025 Reg G","players":["Jayson_Ubo","xatseye"],"log":"|j|\u2606Jayson_Ubo\n|j|\u2606xatseye\n|t:|1740083488\n|gametype|doubles\n|player|p1|Jayson_Ubo|hilbert|1551\n|player|p2|xatseye|unknown|1693\n|teamsize|p1|6\n|teamsize|p2|6\n|gen|9\n|tier|[Gen 9] VGC 2025 Reg G\n|rated|\n|rule|Species Clause: Limit one of each Pok\u00e9mon\n|rule|Item Clause: Limit 1 of each item\n|clearpoke\n|poke|p1|Calyrex-Ice, L50|\n|poke|p1|Smeargle, L50, M|\n|poke|p1|Ursaluna-Bloodmoon, L50, M|\n|poke|p1|Farigiraf, L50, F|\n|poke|p1|Ting-Lu, L50|\n|poke|p1|Urshifu-*, L50, F|\n|poke|p2|Miraidon, L50|\n|poke|p2|Incineroar, L50, F|\n|poke|p2|Oranguru, L50, F|\n|poke|p2|Clefairy, L50, M|\n|poke|p2|Baxcalibur, L50, F|\n|poke|p2|Whimsicott, L50, M|\n|teampreview|4\n|inactive|Battle timer is ON: inactive players will automatically lose when time's up. (requested by xatseye)\n|inactive|Jayson_Ubo also wants the timer to be on.\n|\n|t:|1740083507\n|start\n|switch|p1a: Smeargle|Smeargle, L50, M|100\/100\n|switch|p1b: Farigiraf|Farigiraf, L50, F|100\/100\n|switch|p2a: Miraidon|Miraidon, L50|100\/100\n|switch|p2b: Oranguru|Oranguru, L50, F|100\/100\n|-fieldstart|move: Electric Terrain|[from] ability: Hadron Engine|[of] p2a: Miraidon\n|-enditem|p2a: Miraidon|Electric Seed\n|-boost|p2a: Miraidon|def|1|[from] item: Electric Seed\n|-activate|p2b: Oranguru|ability: Symbiosis|Covert Cloak|[of] p2a: Miraidon\n|turn|1\n|\n|t:|1740083524\n|move|p1a: Smeargle|Fake Out|p2a: Miraidon\n|-damage|p2a: Miraidon|98\/100\n|move|p2a: Miraidon|Calm Mind|p2a: Miraidon\n|-boost|p2a: Miraidon|spa|1\n|-boost|p2a: Miraidon|spd|1\n|move|p2b: Oranguru|Taunt|p1b: Farigiraf\n|-start|p1b: Farigiraf|move: Taunt\n|-enditem|p1b: Farigiraf|Mental Herb\n|-end|p1b: Farigiraf|move: Taunt\n|move|p1b: Farigiraf|Trick Room|p1b: Farigiraf\n|-fieldstart|move: Trick Room|[of] p1b: Farigiraf\n|\n|upkeep\n|turn|2\n|\n|t:|1740083537\n|switch|p1b: Ting-Lu|Ting-Lu, L50|100\/100\n|-ability|p1b: Ting-Lu|Vessel of Ruin\n|move|p2b: Oranguru|Encore||[still]\n|-fail|p2b: Oranguru\n|move|p1a: Smeargle|Decorate|p1b: Ting-Lu\n|-boost|p1b: Ting-Lu|atk|2\n|-boost|p1b: Ting-Lu|spa|2\n|move|p2a: Miraidon|Calm Mind|p2a: Miraidon\n|-boost|p2a: Miraidon|spa|1\n|-boost|p2a: Miraidon|spd|1\n|\n|upkeep\n|turn|3\n|\n|t:|1740083554\n|-terastallize|p1b: Ting-Lu|Poison\n|move|p2a: Miraidon|Protect|p2a: Miraidon\n|-singleturn|p2a: Miraidon|Protect\n|move|p1a: Smeargle|Follow Me|p1a: Smeargle\n|-singleturn|p1a: Smeargle|move: Follow Me\n|move|p2b: Oranguru|Taunt|p1a: Smeargle\n|-start|p1a: Smeargle|move: Taunt\n|move|p1b: Ting-Lu|Stomping Tantrum|p2a: Miraidon\n|-activate|p2a: Miraidon|move: Protect\n|\n|upkeep\n|turn|4\n|j| tetsuokaga\n|inactive|xatseye has 30 seconds left.\n|\n|t:|1740083582\n|switch|p1a: Farigiraf|Farigiraf, L50, F|100\/100\n|move|p2b: Oranguru|Foul Play|p1b: Ting-Lu\n|-damage|p1b: Ting-Lu|67\/100\n|move|p1b: Ting-Lu|Stomping Tantrum|p2a: Miraidon\n|-supereffective|p2a: Miraidon\n|-damage|p2a: Miraidon|0 fnt\n|faint|p2a: Miraidon\n|\n|upkeep\n|\n|t:|1740083591\n|switch|p2a: Baxcalibur|Baxcalibur, L50, F|100\/100\n|turn|5\n|c|\u2606Jayson_Ubo|If that was instruct + calm mind that would be sick actually\n|\n|t:|1740083614\n|move|p2a: Baxcalibur|Protect|p2a: Baxcalibur\n|-singleturn|p2a: Baxcalibur|Protect\n|move|p2b: Oranguru|Foul Play|p1b: Ting-Lu\n|-damage|p1b: Ting-Lu|29\/100\n|move|p1b: Ting-Lu|Throat Chop|p2a: Baxcalibur\n|-activate|p2a: Baxcalibur|move: Protect\n|move|p1a: Farigiraf|Foul Play|p2a: Baxcalibur\n|-activate|p2a: Baxcalibur|move: Protect\n|\n|-fieldend|move: Trick Room\n|-fieldend|move: Electric Terrain\n|upkeep\n|turn|6\n|\n|t:|1740083629\n|move|p2a: Baxcalibur|Icicle Spear|p1a: Farigiraf\n|-damage|p1a: Farigiraf|86\/100\n|-damage|p1a: Farigiraf|74\/100\n|-damage|p1a: Farigiraf|60\/100\n|-damage|p1a: Farigiraf|47\/100\n|-hitcount|p1a: Farigiraf|4\n|move|p1b: Ting-Lu|Throat Chop|p2b: Oranguru\n|-supereffective|p2b: Oranguru\n|-damage|p2b: Oranguru|0 fnt\n|faint|p2b: Oranguru\n|move|p1a: Farigiraf|Trick Room|p1a: Farigiraf\n|-fieldstart|move: Trick Room|[of] p1a: Farigiraf\n|\n|upkeep\n|\n|t:|1740083639\n|switch|p2b: Clefairy|Clefairy, L50, M|100\/100\n|turn|7\n|\n|t:|1740083649\n|move|p2b: Clefairy|After You|p2a: Baxcalibur\n|-activate|p2a: Baxcalibur|move: After You\n|move|p2a: Baxcalibur|Icicle Spear|p1b: Ting-Lu\n|-damage|p1b: Ting-Lu|20\/100\n|-damage|p1b: Ting-Lu|10\/100\n|-damage|p1b: Ting-Lu|1\/100\n|-damage|p1b: Ting-Lu|0 fnt\n|faint|p1b: Ting-Lu\n|-hitcount|p1: Ting-Lu|4\n|move|p1a: Farigiraf|Psychic Noise|p2b: Clefairy\n|-damage|p2b: Clefairy|80\/100\n|-start|p2b: Clefairy|move: Heal Block\n|\n|upkeep\n|\n|t:|1740083653\n|switch|p1b: Smeargle|Smeargle, L50, M|100\/100\n|turn|8\n|\n|t:|1740083672\n|move|p2b: Clefairy|Protect|p2b: Clefairy\n|-singleturn|p2b: Clefairy|Protect\n|move|p2a: Baxcalibur|Protect|p2a: Baxcalibur\n|-singleturn|p2a: Baxcalibur|Protect\n|move|p1b: Smeargle|Fake Out|p2a: Baxcalibur\n|-activate|p2a: Baxcalibur|move: Protect\n|move|p1a: Farigiraf|Psychic Noise|p2b: Clefairy\n|-activate|p2b: Clefairy|move: Protect\n|\n|-end|p2b: Clefairy|move: Heal Block\n|upkeep\n|turn|9\n|\n|t:|1740083687\n|move|p2b: Clefairy|Follow Me|p2b: Clefairy\n|-singleturn|p2b: Clefairy|move: Follow Me\n|move|p1b: Smeargle|Spore|p2b: Clefairy\n|-status|p2b: Clefairy|slp|[from] move: Spore\n|move|p1a: Farigiraf|Psychic Noise|p2b: Clefairy\n|-damage|p2b: Clefairy|60\/100 slp\n|-start|p2b: Clefairy|move: Heal Block\n|move|p2a: Baxcalibur|Icicle Spear|p1a: Farigiraf\n|-damage|p1a: Farigiraf|34\/100\n|-damage|p1a: Farigiraf|20\/100\n|-damage|p1a: Farigiraf|6\/100\n|-damage|p1a: Farigiraf|0 fnt\n|faint|p1a: Farigiraf\n|-hitcount|p1: Farigiraf|4\n|\n|upkeep\n|\n|t:|1740083690\n|switch|p1a: Calyrex|Calyrex-Ice, L50|100\/100\n|-ability|p1a: Calyrex|As One\n|-ability|p1a: Calyrex|Unnerve\n|turn|10\n|-message|xatseye forfeited.\n|\n|win|Jayson_Ubo\n|raw|Jayson_Ubo's rating: 1551 &rarr; <strong>1579<\/strong><br \/>(+28 for winning)\n|raw|xatseye's rating: 1693 &rarr; <strong>1665<\/strong><br \/>(-28 for losing)\n|l|\u2606xatseye\n|player|p2|\n|l| tetsuokaga\n|l|\u2606Jayson_Ubo\n|player|p1|\n","uploadtime":1740083904,"views":5,"formatid":"gen9vgc2025regg","rating":1579,"private":0,"password":null}