{"id":"gen9vgc2025regg-2304351448","format":"[Gen 9] VGC 2025 Reg G","players":["ApoVGC","popporion"],"log":"|j|\u2606ApoVGC\n|j|\u2606popporion\n|t:|1740048679\n|gametype|doubles\n|player|p1|ApoVGC|102|1607\n|player|p2|popporion|firebreather|1597\n|teamsize|p1|6\n|teamsize|p2|6\n|gen|9\n|tier|[Gen 9] VGC 2025 Reg G\n|rated|\n|rule|Species Clause: Limit one of each Pok\u00e9mon\n|rule|Item Clause: Limit 1 of each item\n|clearpoke\n|poke|p1|Calyrex-Shadow, L50|\n|poke|p1|Amoonguss, L50, M|\n|poke|p1|Tornadus, L50, M|\n|poke|p1|Indeedee-F, L50, F|\n|poke|p1|Urshifu-*, L50, F|\n|poke|p1|Chi-Yu, L50|\n|poke|p2|Farigiraf, L50, M|\n|poke|p2|Annihilape, L50, M|\n|poke|p2|Calyrex-Ice, L50|\n|poke|p2|Regieleki, L50|\n|poke|p2|Landorus, L50, M|\n|poke|p2|Brute Bonnet, L50|\n|teampreview|4\n|inactive|Battle timer is ON: inactive players will automatically lose when time's up. (requested by ApoVGC)\n|inactive|popporion has 60 seconds left.\n|j| faceless_knigght\n|\n|t:|1740048725\n|start\n|switch|p1a: Chi-Yu|Chi-Yu, L50|100\/100\n|switch|p1b: Calyrex|Calyrex-Shadow, L50|100\/100\n|switch|p2a: Regieleki|Regieleki, L50|100\/100\n|switch|p2b: Landorus|Landorus, L50, M|100\/100\n|-ability|p1b: Calyrex|As One\n|-ability|p1b: Calyrex|Unnerve\n|-ability|p1a: Chi-Yu|Beads of Ruin\n|turn|1\n|inactive|ApoVGC has 30 seconds left.\n|j| Easy180\n|\n|t:|1740048759\n|-terastallize|p1a: Chi-Yu|Ground\n|move|p2a: Regieleki|Electroweb|p1b: Calyrex|[spread] p1b\n|-immune|p1a: Chi-Yu\n|-damage|p1b: Calyrex|68\/100\n|-unboost|p1b: Calyrex|spe|1\n|move|p1a: Chi-Yu|Heat Wave|p2b: Landorus|[spread] p2a,p2b\n|-enditem|p2a: Regieleki|Focus Sash\n|-damage|p2a: Regieleki|1\/100\n|-damage|p2b: Landorus|28\/100\n|move|p2b: Landorus|Sandsear Storm|p1b: Calyrex|[spread] p1a,p1b\n|-damage|p1a: Chi-Yu|20\/100\n|-damage|p1b: Calyrex|0 fnt\n|faint|p1b: Calyrex\n|\n|upkeep\n|l| Easy180\n|\n|t:|1740048779\n|switch|p1b: Indeedee|Indeedee-F, L50, F|100\/100\n|-fieldstart|move: Psychic Terrain|[from] ability: Psychic Surge|[of] p1b: Indeedee\n|-enditem|p1b: Indeedee|Psychic Seed\n|-boost|p1b: Indeedee|spd|1|[from] item: Psychic Seed\n|turn|2\n|\n|t:|1740048795\n|move|p2a: Regieleki|Protect|p2a: Regieleki\n|-singleturn|p2a: Regieleki|Protect\n|move|p1a: Chi-Yu|Heat Wave|p2b: Landorus|[spread] p2b\n|-activate|p2a: Regieleki|move: Protect\n|-damage|p2b: Landorus|0 fnt\n|faint|p2b: Landorus\n|move|p1b: Indeedee|Psyshock|p2a: Regieleki\n|-activate|p2a: Regieleki|move: Protect\n|\n|upkeep\n|\n|t:|1740048807\n|switch|p2b: Calyrex|Calyrex-Ice, L50|100\/100\n|-ability|p2b: Calyrex|As One\n|-ability|p2b: Calyrex|Unnerve\n|turn|3\n|\n|t:|1740048820\n|switch|p2a: Annihilape|Annihilape, L50, M|100\/100\n|switch|p1a: Amoonguss|Amoonguss, L50, M, shiny|100\/100\n|-terastallize|p2b: Calyrex|Fire\n|move|p1b: Indeedee|Psyshock|p2a: Annihilape\n|-supereffective|p2a: Annihilape\n|-damage|p2a: Annihilape|39\/100\n|move|p2b: Calyrex|Glacial Lance|p1a: Amoonguss|[spread] p1a,p1b\n|-supereffective|p1a: Amoonguss\n|-damage|p1a: Amoonguss|7\/100\n|-damage|p1b: Indeedee|48\/100\n|\n|upkeep\n|turn|4\n|\n|t:|1740048841\n|switch|p2a: Regieleki|Regieleki, L50|1\/100\n|move|p1a: Amoonguss|Protect|p1a: Amoonguss\n|-singleturn|p1a: Amoonguss|Protect\n|move|p2b: Calyrex|Glacial Lance|p1a: Amoonguss|[spread] p1b\n|-activate|p1a: Amoonguss|move: Protect\n|-damage|p1b: Indeedee|0 fnt\n|faint|p1b: Indeedee\n|-ability|p2b: Calyrex|Chilling Neigh|boost\n|-boost|p2b: Calyrex|atk|1\n|\n|upkeep\n|\n|t:|1740048848\n|switch|p1b: Chi-Yu|Chi-Yu, L50, tera:Ground|20\/100\n|-ability|p1b: Chi-Yu|Beads of Ruin\n|turn|5\n|\n|t:|1740048858\n|move|p2a: Regieleki|Protect|p2a: Regieleki\n|-singleturn|p2a: Regieleki|Protect\n|move|p1b: Chi-Yu|Tera Blast|p2b: Calyrex|[anim] Tera Blast Ground\n|-supereffective|p2b: Calyrex\n|-damage|p2b: Calyrex|10\/100\n|-enditem|p2b: Calyrex|Weakness Policy\n|-boost|p2b: Calyrex|atk|2|[from] item: Weakness Policy\n|-boost|p2b: Calyrex|spa|2|[from] item: Weakness Policy\n|move|p2b: Calyrex|Glacial Lance|p1b: Chi-Yu|[spread] p1a,p1b\n|-supereffective|p1a: Amoonguss\n|-supereffective|p1b: Chi-Yu\n|-damage|p1a: Amoonguss|0 fnt\n|-damage|p1b: Chi-Yu|0 fnt\n|faint|p1a: Amoonguss\n|faint|p1b: Chi-Yu\n|\n|win|popporion\n|raw|ApoVGC's rating: 1607 &rarr; <strong>1586<\/strong><br \/>(-21 for losing)\n|raw|popporion's rating: 1597 &rarr; <strong>1618<\/strong><br \/>(+21 for winning)\n|l|\u2606ApoVGC\n|player|p1|\n|l| faceless_knigght\n|l|\u2606popporion\n|player|p2|\n","uploadtime":1740049083,"views":7,"formatid":"gen9vgc2025regg","rating":1586,"private":0,"password":null}