{"id":"gen9vgc2025regg-2304896779","format":"[Gen 9] VGC 2025 Reg G","players":["rinkurusu","Hypersonicly\u2714\ufe0f"],"log":"|j|\u2606rinkurusu\n|j|\u203dHypersonicly\u2714\ufe0f\n|t:|1740114272\n|gametype|doubles\n|player|p1|rinkurusu|waitress-gen4|1518\n|player|p2|Hypersonicly\u2714\ufe0f|siebold|1592\n|teamsize|p1|6\n|teamsize|p2|6\n|gen|9\n|tier|[Gen 9] VGC 2025 Reg G\n|rated|\n|rule|Species Clause: Limit one of each Pok\u00e9mon\n|rule|Item Clause: Limit 1 of each item\n|clearpoke\n|poke|p1|Groudon, L50|\n|poke|p1|Flutter Mane, L50|\n|poke|p1|Raging Bolt, L50|\n|poke|p1|Urshifu-*, L50, F|\n|poke|p1|Iron Hands, L50|\n|poke|p1|Venusaur, L50, M|\n|poke|p2|Miraidon, L50|\n|poke|p2|Whimsicott, L50, F|\n|poke|p2|Farigiraf, L50, M|\n|poke|p2|Ursaluna-Bloodmoon, L50, M|\n|poke|p2|Iron Hands, L50|\n|poke|p2|Urshifu-*, L50, M|\n|teampreview|4\n|inactive|Battle timer is ON: inactive players will automatically lose when time's up. (requested by Hypersonicly\u2714\ufe0f)\n|inactive|rinkurusu also wants the timer to be on.\n|j| Baguettezzz\n|\n|t:|1740114289\n|start\n|switch|p1a: Groudon|Groudon, L50|100\/100\n|switch|p1b: Raging Bolt|Raging Bolt, L50|100\/100\n|switch|p2a: Farigiraf|Farigiraf, L50, M|100\/100\n|switch|p2b: Miraidon|Miraidon, L50|100\/100\n|-fieldstart|move: Electric Terrain|[from] ability: Hadron Engine|[of] p2b: Miraidon\n|-weather|SunnyDay|[from] ability: Drought|[of] p1a: Groudon\n|-activate|p1b: Raging Bolt|ability: Protosynthesis\n|-start|p1b: Raging Bolt|protosynthesisspa\n|turn|1\n|\n|t:|1740114307\n|-terastallize|p1b: Raging Bolt|Electric\n|move|p1a: Groudon|Protect|p1a: Groudon\n|-singleturn|p1a: Groudon|Protect\n|move|p2b: Miraidon|Draco Meteor|p1a: Groudon\n|-activate|p1a: Groudon|move: Protect\n|move|p1b: Raging Bolt|Electroweb|p2b: Miraidon|[spread] p2a,p2b\n|-resisted|p2b: Miraidon\n|-damage|p2a: Farigiraf|53\/100\n|-damage|p2b: Miraidon|90\/100\n|-unboost|p2a: Farigiraf|spe|1\n|-unboost|p2b: Miraidon|spe|1\n|move|p2a: Farigiraf|Trick Room|p2a: Farigiraf\n|-fieldstart|move: Trick Room|[of] p2a: Farigiraf\n|\n|-weather|SunnyDay|[upkeep]\n|upkeep\n|turn|2\n|\n|t:|1740114327\n|switch|p2b: Ursaluna|Ursaluna-Bloodmoon, L50, M|100\/100\n|move|p2a: Farigiraf|Psyshock|p1b: Raging Bolt\n|-damage|p1b: Raging Bolt|78\/100\n|move|p1b: Raging Bolt|Volt Switch|p2a: Farigiraf\n|-damage|p2a: Farigiraf|0 fnt\n|faint|p2a: Farigiraf\n|\n|t:|1740114339\n|-end|p1b: Raging Bolt|Protosynthesis|[silent]\n|switch|p1b: Flutter Mane|Flutter Mane, L50|100\/100|[from] Volt Switch\n|-activate|p1b: Flutter Mane|ability: Protosynthesis\n|-start|p1b: Flutter Mane|protosynthesisspe\n|move|p1a: Groudon|Precipice Blades|p2b: Ursaluna|[miss]\n|-miss|p1a: Groudon|p2b: Ursaluna\n|\n|-weather|SunnyDay|[upkeep]\n|upkeep\n|\n|t:|1740114343\n|switch|p2a: Iron Hands|Iron Hands, L50|100\/100\n|-activate|p2a: Iron Hands|ability: Quark Drive\n|-start|p2a: Iron Hands|quarkdriveatk\n|turn|3\n|\n|t:|1740114363\n|-terastallize|p2b: Ursaluna|Normal\n|move|p2a: Iron Hands|Heavy Slam|p1b: Flutter Mane\n|-supereffective|p1b: Flutter Mane\n|-damage|p1b: Flutter Mane|0 fnt\n|faint|p1b: Flutter Mane\n|-end|p1b: Flutter Mane|Protosynthesis|[silent]\n|move|p2b: Ursaluna|Hyper Voice|p1a: Groudon\n|-damage|p1a: Groudon|30\/100\n|-damage|p2b: Ursaluna|91\/100|[from] item: Life Orb\n|move|p1a: Groudon|Precipice Blades|p2a: Iron Hands|[spread] p2a,p2b\n|-supereffective|p2a: Iron Hands\n|-damage|p2a: Iron Hands|44\/100\n|-damage|p2b: Ursaluna|58\/100\n|\n|-weather|SunnyDay|[upkeep]\n|upkeep\n|\n|t:|1740114371\n|switch|p1b: Raging Bolt|Raging Bolt, L50, tera:Electric|78\/100\n|-activate|p1b: Raging Bolt|ability: Protosynthesis\n|-start|p1b: Raging Bolt|protosynthesisspa\n|turn|4\n|\n|t:|1740114388\n|move|p2b: Ursaluna|Protect|p2b: Ursaluna\n|-singleturn|p2b: Ursaluna|Protect\n|move|p1b: Raging Bolt|Thunderclap||[still]\n|-fail|p1b: Raging Bolt\n|move|p2a: Iron Hands|Close Combat|p1b: Raging Bolt\n|-damage|p1b: Raging Bolt|7\/100\n|-unboost|p2a: Iron Hands|def|1\n|-unboost|p2a: Iron Hands|spd|1\n|move|p1a: Groudon|Precipice Blades|p2a: Iron Hands|[spread] \n|-activate|p2b: Ursaluna|move: Protect\n|-miss|p1a: Groudon|p2a: Iron Hands\n|\n|-weather|SunnyDay|[upkeep]\n|upkeep\n|turn|5\n|\n|t:|1740114418\n|move|p2b: Ursaluna|Protect|p2b: Ursaluna\n|-singleturn|p2b: Ursaluna|Protect\n|move|p1b: Raging Bolt|Thunderclap||[still]\n|-fail|p1b: Raging Bolt\n|move|p2a: Iron Hands|Close Combat|p1b: Raging Bolt\n|-damage|p1b: Raging Bolt|0 fnt\n|-unboost|p2a: Iron Hands|def|1\n|-unboost|p2a: Iron Hands|spd|1\n|faint|p1b: Raging Bolt\n|-end|p1b: Raging Bolt|Protosynthesis|[silent]\n|move|p1a: Groudon|Precipice Blades|p2b: Ursaluna|[spread] \n|-activate|p2b: Ursaluna|move: Protect\n|-miss|p1a: Groudon|p2a: Iron Hands\n|\n|-weather|none\n|-fieldend|move: Trick Room\n|-fieldend|move: Electric Terrain\n|-end|p2a: Iron Hands|Quark Drive\n|upkeep\n|\n|t:|1740114427\n|switch|p1b: Venusaur|Venusaur, L50, M|100\/100\n|turn|6\n|\n|t:|1740114437\n|-end|p2a: Iron Hands|Quark Drive|[silent]\n|switch|p2a: Miraidon|Miraidon, L50|90\/100\n|-fieldstart|move: Electric Terrain|[from] ability: Hadron Engine|[of] p2a: Miraidon\n|move|p1a: Groudon|Precipice Blades|p2b: Ursaluna|[spread] p2b\n|-miss|p1a: Groudon|p2a: Miraidon\n|-damage|p2b: Ursaluna|23\/100\n|move|p1b: Venusaur|Sludge Bomb|p2b: Ursaluna\n|-damage|p2b: Ursaluna|0 fnt\n|faint|p2b: Ursaluna\n|-damage|p1b: Venusaur|91\/100|[from] item: Life Orb\n|\n|upkeep\n|\n|t:|1740114444\n|switch|p2b: Iron Hands|Iron Hands, L50|44\/100\n|-activate|p2b: Iron Hands|ability: Quark Drive\n|-start|p2b: Iron Hands|quarkdriveatk\n|turn|7\n|\n|t:|1740114459\n|move|p1b: Venusaur|Protect|p1b: Venusaur\n|-singleturn|p1b: Venusaur|Protect\n|move|p2b: Iron Hands|Fake Out|p1a: Groudon\n|-damage|p1a: Groudon|17\/100\n|move|p2a: Miraidon|Draco Meteor|p1b: Venusaur\n|-activate|p1b: Venusaur|move: Protect\n|move|p1a: Groudon|Precipice Blades|p2b: Iron Hands|[spread] p2a,p2b\n|-supereffective|p2a: Miraidon\n|-supereffective|p2b: Iron Hands\n|-damage|p2a: Miraidon|8\/100\n|-damage|p2b: Iron Hands|0 fnt\n|faint|p2b: Iron Hands\n|-end|p2b: Iron Hands|Quark Drive|[silent]\n|\n|upkeep\n|turn|8\n|\n|t:|1740114474\n|move|p2a: Miraidon|Draco Meteor|p1b: Venusaur\n|-damage|p1b: Venusaur|0 fnt\n|-unboost|p2a: Miraidon|spa|2\n|faint|p1b: Venusaur\n|move|p1a: Groudon|Heat Crash|p2a: Miraidon\n|-resisted|p2a: Miraidon\n|-damage|p2a: Miraidon|0 fnt\n|faint|p2a: Miraidon\n|\n|win|rinkurusu\n|raw|rinkurusu's rating: 1518 &rarr; <strong>1542<\/strong><br \/>(+24 for winning)\n|raw|Hypersonicly\u2714\ufe0f's rating: 1592 &rarr; <strong>1568<\/strong><br \/>(-24 for losing)\n|l|\u2606rinkurusu\n|player|p1|\n|l| Baguettezzz\n|l|\u203dHypersonicly\u2714\ufe0f\n|player|p2|\n","uploadtime":1740114698,"views":19,"formatid":"gen9vgc2025regg","rating":1542,"private":0,"password":null}