{"id":"gen9vgc2025regg-2304457660","format":"[Gen 9] VGC 2025 Reg G","players":["ou_training_dummy","epigrlozvgc"],"log":"|j|\u2606ou_training_dummy\n|j|\u2606epigrlozvgc\n|t:|1740063545\n|gametype|doubles\n|player|p1|ou_training_dummy|170|1566\n|player|p2|epigrlozvgc|alder|1537\n|teamsize|p1|6\n|teamsize|p2|6\n|gen|9\n|tier|[Gen 9] VGC 2025 Reg G\n|rated|\n|rule|Species Clause: Limit one of each Pok\u00e9mon\n|rule|Item Clause: Limit 1 of each item\n|clearpoke\n|poke|p1|Zamazenta-*, L50|\n|poke|p1|Flutter Mane, L50|\n|poke|p1|Chien-Pao, L50|\n|poke|p1|Pelipper, L50, M|\n|poke|p1|Amoonguss, L50, F|\n|poke|p1|Raging Bolt, L50|\n|poke|p2|Miraidon, L50|\n|poke|p2|Iron Hands, L50|\n|poke|p2|Farigiraf, L50, M|\n|poke|p2|Whimsicott, L50, F|\n|poke|p2|Ogerpon-Hearthflame, L50, F|\n|poke|p2|Glastrier, L50|\n|teampreview|4\n|inactive|Battle timer is ON: inactive players will automatically lose when time's up. (requested by ou_training_dummy)\n|\n|t:|1740063570\n|start\n|switch|p1a: Flutter Mane|Flutter Mane, L50|100\/100\n|switch|p1b: Pelipper|Pelipper, L50, M|100\/100\n|switch|p2a: Whimsicott|Whimsicott, L50, F|100\/100\n|switch|p2b: Miraidon|Miraidon, L50|100\/100\n|-fieldstart|move: Electric Terrain|[from] ability: Hadron Engine|[of] p2b: Miraidon\n|-weather|RainDance|[from] ability: Drizzle|[of] p1b: Pelipper\n|-enditem|p1a: Flutter Mane|Booster Energy\n|-activate|p1a: Flutter Mane|ability: Protosynthesis|[fromitem]\n|-start|p1a: Flutter Mane|protosynthesisspe\n|turn|1\n|\n|t:|1740063582\n|-terastallize|p1b: Pelipper|Ground\n|move|p2a: Whimsicott|Tailwind|p2a: Whimsicott\n|-sidestart|p2: epigrlozvgc|move: Tailwind\n|move|p2b: Miraidon|Volt Switch|p1a: Flutter Mane\n|-damage|p1a: Flutter Mane|14\/100\n|\n|t:|1740063591\n|switch|p2b: Glastrier|Glastrier, L50|100\/100|[from] Volt Switch\n|move|p1a: Flutter Mane|Moonblast|p2b: Glastrier\n|-damage|p2b: Glastrier|72\/100\n|move|p1b: Pelipper|Muddy Water|p2a: Whimsicott|[spread] p2a\n|-miss|p1b: Pelipper|p2b: Glastrier\n|-resisted|p2a: Whimsicott\n|-damage|p2a: Whimsicott|52\/100\n|-damage|p1b: Pelipper|91\/100|[from] item: Life Orb\n|\n|-weather|RainDance|[upkeep]\n|upkeep\n|turn|2\n|\n|t:|1740063613\n|move|p1b: Pelipper|Protect|p1b: Pelipper\n|-singleturn|p1b: Pelipper|Protect\n|move|p2a: Whimsicott|Moonblast|p1a: Flutter Mane\n|-damage|p1a: Flutter Mane|0 fnt\n|faint|p1a: Flutter Mane\n|-end|p1a: Flutter Mane|Protosynthesis|[silent]\n|move|p2b: Glastrier|Icicle Crash|p1b: Pelipper\n|-activate|p1b: Pelipper|move: Protect\n|\n|-weather|RainDance|[upkeep]\n|upkeep\n|\n|t:|1740063618\n|switch|p1a: Zamazenta|Zamazenta-Crowned, L50|100\/100\n|-ability|p1a: Zamazenta|Dauntless Shield|boost\n|-boost|p1a: Zamazenta|def|1\n|turn|3\n|\n|t:|1740063626\n|move|p2b: Glastrier|Protect|p2b: Glastrier\n|-singleturn|p2b: Glastrier|Protect\n|move|p2a: Whimsicott|Encore|p1b: Pelipper\n|-start|p1b: Pelipper|Encore\n|move|p1a: Zamazenta|Body Press|p2b: Glastrier\n|-activate|p2b: Glastrier|move: Protect\n|move|p1b: Pelipper|Protect||[still]\n|-fail|p1b: Pelipper\n|\n|-weather|RainDance|[upkeep]\n|upkeep\n|turn|4\n|\n|t:|1740063639\n|switch|p1b: Chien-Pao|Chien-Pao, L50|100\/100\n|-ability|p1b: Chien-Pao|Sword of Ruin\n|move|p2a: Whimsicott|Moonblast|p1a: Zamazenta\n|-damage|p1a: Zamazenta|72\/100\n|move|p1a: Zamazenta|Body Press|p2b: Glastrier\n|-supereffective|p2b: Glastrier\n|-damage|p2b: Glastrier|0 fnt\n|faint|p2b: Glastrier\n|\n|-weather|RainDance|[upkeep]\n|-sideend|p2: epigrlozvgc|move: Tailwind\n|upkeep\n|\n|t:|1740063642\n|switch|p2b: Miraidon|Miraidon, L50|100\/100\n|-activate|p2b: Miraidon|ability: Hadron Engine\n|turn|5\n|\n|t:|1740063658\n|move|p1a: Zamazenta|Protect|p1a: Zamazenta\n|-singleturn|p1a: Zamazenta|Protect\n|move|p2a: Whimsicott|Tailwind|p2a: Whimsicott\n|-sidestart|p2: epigrlozvgc|move: Tailwind\n|move|p2b: Miraidon|Dazzling Gleam|p1a: Zamazenta|[spread] p1b\n|-activate|p1a: Zamazenta|move: Protect\n|-supereffective|p1b: Chien-Pao\n|-enditem|p1b: Chien-Pao|Focus Sash\n|-damage|p1b: Chien-Pao|1\/100\n|move|p1b: Chien-Pao|Ice Spinner|p2b: Miraidon\n|-supereffective|p2b: Miraidon\n|-damage|p2b: Miraidon|0 fnt\n|-fieldend|move: Electric Terrain\n|faint|p2b: Miraidon\n|\n|-weather|none\n|upkeep\n|\n|t:|1740063662\n|switch|p2b: Ogerpon|Ogerpon-Hearthflame, L50, F|100\/100\n|-ability|p2b: Ogerpon|Mold Breaker\n|turn|6\n|\n|t:|1740063682\n|move|p1a: Zamazenta|Protect||[still]\n|-fail|p1a: Zamazenta\n|move|p2a: Whimsicott|Encore|p1a: Zamazenta\n|-start|p1a: Zamazenta|Encore\n|move|p1b: Chien-Pao|Sucker Punch|p2b: Ogerpon\n|-damage|p2b: Ogerpon|51\/100\n|move|p2b: Ogerpon|Ivy Cudgel|p1b: Chien-Pao|[anim] Ivy Cudgel Fire\n|-supereffective|p1b: Chien-Pao\n|-damage|p1b: Chien-Pao|0 fnt\n|faint|p1b: Chien-Pao\n|\n|upkeep\n|-message|ou_training_dummy forfeited.\n|\n|win|epigrlozvgc\n|raw|ou_training_dummy's rating: 1566 &rarr; <strong>1544<\/strong><br \/>(-22 for losing)\n|raw|epigrlozvgc's rating: 1537 &rarr; <strong>1559<\/strong><br \/>(+22 for winning)\n|l|\u2606ou_training_dummy\n|player|p1|\n|l|\u2606epigrlozvgc\n|player|p2|\n","uploadtime":1740063935,"views":7,"formatid":"gen9vgc2025regg","rating":1544,"private":0,"password":null}