{"id":"gen9vgc2025regg-2304081929","format":"[Gen 9] VGC 2025 Reg G","players":["parrotboy","Llemand"],"log":"|j|\u2606parrotboy\n|j|\u2606Llemand\n|t:|1740005873\n|gametype|doubles\n|player|p1|parrotboy|hiker-gen4|1529\n|player|p2|Llemand|caitlin|1571\n|teamsize|p1|6\n|teamsize|p2|6\n|gen|9\n|tier|[Gen 9] VGC 2025 Reg G\n|rated|\n|rule|Species Clause: Limit one of each Pok\u00e9mon\n|rule|Item Clause: Limit 1 of each item\n|clearpoke\n|poke|p1|Zamazenta-*, L50|\n|poke|p1|Raichu, L50, M|\n|poke|p1|Gholdengo, L50|\n|poke|p1|Ogerpon-Wellspring, L50, F|\n|poke|p1|Politoed, L50, M|\n|poke|p1|Chien-Pao, L50|\n|poke|p2|Incineroar, L50, M|\n|poke|p2|Rillaboom, L50, F|\n|poke|p2|Calyrex-Ice, L50|\n|poke|p2|Urshifu-*, L50, M|\n|poke|p2|Pelipper, L50, F|\n|poke|p2|Landorus, L50, M|\n|teampreview|4\n|inactive|Battle timer is ON: inactive players will automatically lose when time's up. (requested by Llemand)\n|\n|t:|1740005895\n|start\n|switch|p1a: Ogerpon|Ogerpon-Wellspring, L50, F|100\/100\n|switch|p1b: Politoed|Politoed, L50, M|100\/100\n|switch|p2a: Rillaboom|Rillaboom, L50, F, shiny|100\/100\n|switch|p2b: Calyrex|Calyrex-Ice, L50|100\/100\n|-ability|p2b: Calyrex|As One\n|-ability|p2b: Calyrex|Unnerve\n|-fieldstart|move: Grassy Terrain|[from] ability: Grassy Surge|[of] p2a: Rillaboom\n|-weather|RainDance|[from] ability: Drizzle|[of] p1b: Politoed\n|turn|1\n|\n|t:|1740005910\n|switch|p1b: Zamazenta|Zamazenta-Crowned, L50|100\/100\n|-ability|p1b: Zamazenta|Dauntless Shield|boost\n|-boost|p1b: Zamazenta|def|1\n|move|p1a: Ogerpon|Taunt|p2b: Calyrex\n|-start|p2b: Calyrex|move: Taunt\n|move|p2a: Rillaboom|Wood Hammer|p1b: Zamazenta\n|-resisted|p1b: Zamazenta\n|-damage|p1b: Zamazenta|85\/100\n|-damage|p2a: Rillaboom|96\/100|[from] Recoil\n|move|p2b: Calyrex|Seed Bomb|p1a: Ogerpon\n|-damage|p1a: Ogerpon|58\/100\n|\n|-weather|RainDance|[upkeep]\n|-heal|p1b: Zamazenta|91\/100|[from] Grassy Terrain\n|-heal|p1a: Ogerpon|64\/100|[from] Grassy Terrain\n|-heal|p2a: Rillaboom|100\/100|[from] Grassy Terrain\n|upkeep\n|turn|2\n|\n|t:|1740005931\n|-terastallize|p2b: Calyrex|Water\n|move|p2a: Rillaboom|Grassy Glide|p1a: Ogerpon\n|-damage|p1a: Ogerpon|26\/100\n|move|p1b: Zamazenta|Iron Defense|p1b: Zamazenta\n|-boost|p1b: Zamazenta|def|2\n|move|p1a: Ogerpon|Ivy Cudgel|p2b: Calyrex|[anim] Ivy Cudgel Water\n|-resisted|p2b: Calyrex\n|-damage|p2b: Calyrex|80\/100\n|move|p2b: Calyrex|High Horsepower|p1b: Zamazenta\n|-supereffective|p1b: Zamazenta\n|-damage|p1b: Zamazenta|72\/100\n|\n|-weather|RainDance|[upkeep]\n|-heal|p1b: Zamazenta|78\/100|[from] Grassy Terrain\n|-heal|p1a: Ogerpon|32\/100|[from] Grassy Terrain\n|-heal|p2b: Calyrex|86\/100|[from] Grassy Terrain\n|upkeep\n|turn|3\n|\n|t:|1740005952\n|move|p1a: Ogerpon|Spiky Shield|p1a: Ogerpon\n|-singleturn|p1a: Ogerpon|move: Protect\n|move|p2a: Rillaboom|Grassy Glide|p1a: Ogerpon\n|-activate|p1a: Ogerpon|move: Protect\n|-damage|p2a: Rillaboom|88\/100|[from] Spiky Shield|[of] p1a: Ogerpon\n|move|p1b: Zamazenta|Body Press|p2b: Calyrex\n|-damage|p2b: Calyrex|17\/100\n|move|p2b: Calyrex|High Horsepower|p1b: Zamazenta\n|-supereffective|p1b: Zamazenta\n|-damage|p1b: Zamazenta|59\/100\n|\n|-weather|RainDance|[upkeep]\n|-heal|p1b: Zamazenta|65\/100|[from] Grassy Terrain\n|-heal|p1a: Ogerpon|38\/100|[from] Grassy Terrain\n|-heal|p2a: Rillaboom|94\/100|[from] Grassy Terrain\n|-heal|p2b: Calyrex|23\/100|[from] Grassy Terrain\n|-end|p2b: Calyrex|move: Taunt\n|upkeep\n|turn|4\n|\n|t:|1740005972\n|move|p2b: Calyrex|Protect|p2b: Calyrex\n|-singleturn|p2b: Calyrex|Protect\n|move|p1b: Zamazenta|Body Press|p2a: Rillaboom\n|-damage|p2a: Rillaboom|0 fnt\n|faint|p2a: Rillaboom\n|move|p1a: Ogerpon|Ivy Cudgel|p2b: Calyrex|[anim] Ivy Cudgel Water\n|-activate|p2b: Calyrex|move: Protect\n|\n|-weather|RainDance|[upkeep]\n|-heal|p1b: Zamazenta|71\/100|[from] Grassy Terrain\n|-heal|p1a: Ogerpon|44\/100|[from] Grassy Terrain\n|-heal|p2b: Calyrex|29\/100|[from] Grassy Terrain\n|upkeep\n|\n|t:|1740005985\n|switch|p2a: Urshifu|Urshifu-Rapid-Strike, L50, M|100\/100\n|turn|5\n|\n|t:|1740006001\n|-terastallize|p1b: Zamazenta|Grass\n|move|p1a: Ogerpon|Follow Me|p1a: Ogerpon\n|-singleturn|p1a: Ogerpon|move: Follow Me\n|move|p2a: Urshifu|U-turn|p1a: Ogerpon\n|-supereffective|p1a: Ogerpon\n|-damage|p1a: Ogerpon|0 fnt\n|faint|p1a: Ogerpon\n|\n|t:|1740006008\n|switch|p2a: Landorus|Landorus, L50, M|100\/100|[from] U-turn\n|move|p1b: Zamazenta|Body Press|p2b: Calyrex\n|-damage|p2b: Calyrex|0 fnt\n|faint|p2b: Calyrex\n|\n|-weather|none\n|-heal|p1b: Zamazenta|77\/100|[from] Grassy Terrain\n|-fieldend|move: Grassy Terrain\n|upkeep\n|\n|t:|1740006020\n|switch|p1a: Raichu|Raichu, L50, M|100\/100\n|switch|p2b: Urshifu|Urshifu-Rapid-Strike, L50, M|100\/100\n|turn|6\n|\n|t:|1740006028\n|move|p1a: Raichu|Fake Out|p2b: Urshifu\n|-damage|p2b: Urshifu|93\/100\n|cant|p2b: Urshifu|flinch\n|move|p2a: Landorus|Sandsear Storm|p1b: Zamazenta|[spread] p1b\n|-miss|p2a: Landorus|p1a: Raichu\n|-resisted|p1b: Zamazenta\n|-damage|p1b: Zamazenta|58\/100\n|move|p1b: Zamazenta|Body Press|p2b: Urshifu\n|-damage|p2b: Urshifu|0 fnt\n|faint|p2b: Urshifu\n|\n|upkeep\n|turn|7\n|c|\u2606Llemand|gg\n|-message|Llemand forfeited.\n|\n|win|parrotboy\n|raw|parrotboy's rating: 1529 &rarr; <strong>1551<\/strong><br \/>(+22 for winning)\n|raw|Llemand's rating: 1571 &rarr; <strong>1549<\/strong><br \/>(-22 for losing)\n|l|\u2606Llemand\n|player|p2|\n","uploadtime":1740006187,"views":6,"formatid":"gen9vgc2025regg","rating":1549,"private":0,"password":null}