{"id":"gen9vgc2025regg-2304157167","format":"[Gen 9] VGC 2025 Reg G","players":["Zakmancho","Suikachan115"],"log":"|j|\u2606Zakmancho\n|j|\u2606Suikachan115\n|t:|1740015431\n|gametype|doubles\n|player|p1|Zakmancho|169|1604\n|player|p2|Suikachan115|266|1504\n|teamsize|p1|6\n|teamsize|p2|6\n|gen|9\n|tier|[Gen 9] VGC 2025 Reg G\n|rated|\n|rule|Species Clause: Limit one of each Pok\u00e9mon\n|rule|Item Clause: Limit 1 of each item\n|clearpoke\n|poke|p1|Koraidon, L50|\n|poke|p1|Chi-Yu, L50|\n|poke|p1|Flutter Mane, L50|\n|poke|p1|Ogerpon-Cornerstone, L50, F|\n|poke|p1|Raging Bolt, L50|\n|poke|p1|Whimsicott, L50, F|\n|poke|p2|Calyrex-Shadow, L50|\n|poke|p2|Weezing-Galar, L50, M|\n|poke|p2|Dondozo, L50, M|\n|poke|p2|Tatsugiri-Stretchy, L50, F|\n|poke|p2|Indeedee-F, L50, F|\n|poke|p2|Mienshao, L50, F|\n|teampreview|4\n|inactive|Battle timer is ON: inactive players will automatically lose when time's up. (requested by Zakmancho)\n|inactive|Zakmancho has 60 seconds left.\n|\n|t:|1740015469\n|start\n|switch|p1a: Raging Bolt|Raging Bolt, L50|100\/100\n|switch|p1b: Chi-Yu|Chi-Yu, L50|100\/100\n|switch|p2a: Weezing|Weezing-Galar, L50, M|100\/100\n|switch|p2b: Dondozo|Dondozo, L50, M|100\/100\n|-ability|p2a: Weezing|Neutralizing Gas\n|turn|1\n|\n|t:|1740015495\n|-end|p2a: Weezing|ability: Neutralizing Gas\n|-ability|p1b: Chi-Yu|Beads of Ruin\n|switch|p2a: Tatsugiri|Tatsugiri-Stretchy, L50, F, shiny|100\/100\n|-activate|p2a: Tatsugiri|ability: Commander|[of] p2b: Dondozo\n|-boost|p2b: Dondozo|atk|2\n|-boost|p2b: Dondozo|spa|2\n|-boost|p2b: Dondozo|spe|2\n|-boost|p2b: Dondozo|def|2\n|-boost|p2b: Dondozo|spd|2\n|-terastallize|p2b: Dondozo|Dragon\n|move|p1b: Chi-Yu|Dark Pulse|p2a: Tatsugiri|[miss]\n|-miss|p1b: Chi-Yu|p2a: Tatsugiri\n|move|p2b: Dondozo|Earthquake|p1a: Raging Bolt|[spread] p1a,p1b\n|-miss|p2b: Dondozo|p2a: Tatsugiri\n|-supereffective|p1a: Raging Bolt\n|-supereffective|p1b: Chi-Yu\n|-crit|p1b: Chi-Yu\n|-damage|p1a: Raging Bolt|45\/100\n|-damage|p1b: Chi-Yu|0 fnt\n|faint|p1b: Chi-Yu\n|move|p1a: Raging Bolt|Thunderbolt|p2a: Tatsugiri|[miss]\n|-miss|p1a: Raging Bolt|p2a: Tatsugiri\n|\n|upkeep\n|\n|t:|1740015503\n|switch|p1b: Koraidon|Koraidon, L50|100\/100\n|-weather|SunnyDay|[from] ability: Orichalcum Pulse|[of] p1b: Koraidon\n|-activate|p1a: Raging Bolt|ability: Protosynthesis\n|-start|p1a: Raging Bolt|protosynthesisspa\n|-activate|p1b: Koraidon|Orichalcum Pulse|[source]\n|turn|2\n|inactive|Suikachan115 has 30 seconds left.\n|inactive|Suikachan115 has 20 seconds left.\n|\n|t:|1740015539\n|-terastallize|p1a: Raging Bolt|Fairy\n|move|p2b: Dondozo|Protect|p2b: Dondozo\n|-singleturn|p2b: Dondozo|Protect\n|move|p1b: Koraidon|Collision Course|p2b: Dondozo\n|-activate|p2b: Dondozo|move: Protect\n|move|p1a: Raging Bolt|Draco Meteor|p2b: Dondozo\n|-activate|p2b: Dondozo|move: Protect\n|\n|-weather|SunnyDay|[upkeep]\n|upkeep\n|turn|3\n|\n|t:|1740015563\n|move|p1b: Koraidon|Collision Course|p2b: Dondozo\n|-damage|p2b: Dondozo|79\/100\n|move|p2b: Dondozo|Order Up|p1b: Koraidon\n|-supereffective|p1b: Koraidon\n|-damage|p1b: Koraidon|0 fnt\n|faint|p1b: Koraidon\n|-boost|p2b: Dondozo|spe|1\n|move|p1a: Raging Bolt|Draco Meteor|p2b: Dondozo\n|-supereffective|p2b: Dondozo\n|-damage|p2b: Dondozo|7\/100\n|-unboost|p1a: Raging Bolt|spa|2\n|\n|-weather|SunnyDay|[upkeep]\n|-heal|p2b: Dondozo|13\/100|[from] item: Leftovers\n|upkeep\n|\n|t:|1740015576\n|switch|p1b: Ogerpon|Ogerpon-Cornerstone, L50, F|100\/100\n|turn|4\n|\n|t:|1740015587\n|move|p2b: Dondozo|Protect|p2b: Dondozo\n|-singleturn|p2b: Dondozo|Protect\n|move|p1a: Raging Bolt|Thunderclap||[still]\n|-fail|p1a: Raging Bolt\n|move|p1b: Ogerpon|Ivy Cudgel|p2b: Dondozo|[anim] Ivy Cudgel Rock\n|-activate|p2b: Dondozo|move: Protect\n|\n|-weather|SunnyDay|[upkeep]\n|-heal|p2b: Dondozo|19\/100|[from] item: Leftovers\n|upkeep\n|turn|5\n|j| clutch_step\n|\n|t:|1740015602\n|move|p1a: Raging Bolt|Thunderclap|p2b: Dondozo\n|-resisted|p2b: Dondozo\n|-damage|p2b: Dondozo|9\/100\n|move|p1b: Ogerpon|Ivy Cudgel|p2b: Dondozo|[anim] Ivy Cudgel Rock\n|-damage|p2b: Dondozo|0 fnt\n|faint|p2b: Dondozo\n|\n|-weather|SunnyDay|[upkeep]\n|upkeep\n|\n|t:|1740015611\n|switch|p2b: Calyrex|Calyrex-Shadow, L50|100\/100\n|-ability|p2b: Calyrex|As One\n|-ability|p2b: Calyrex|Unnerve\n|turn|6\n|inactive|Zakmancho has 30 seconds left.\n|\n|t:|1740015637\n|switch|p2a: Weezing|Weezing-Galar, L50, M|100\/100\n|-ability|p2a: Weezing|Neutralizing Gas\n|move|p2b: Calyrex|Astral Barrage|p1a: Raging Bolt|[spread] p1a,p1b\n|-damage|p1a: Raging Bolt|0 fnt\n|-damage|p1b: Ogerpon|3\/100\n|faint|p1a: Raging Bolt\n|-end|p1a: Raging Bolt|Protosynthesis|[silent]\n|-ability|p2b: Calyrex|Grim Neigh|boost\n|-boost|p2b: Calyrex|spa|1\n|move|p1b: Ogerpon|Ivy Cudgel|p2b: Calyrex|[anim] Ivy Cudgel Rock\n|-damage|p2b: Calyrex|32\/100\n|\n|-weather|none\n|upkeep\n|turn|7\n|-message|Zakmancho forfeited.\n|\n|win|Suikachan115\n|raw|Zakmancho's rating: 1604 &rarr; <strong>1578<\/strong><br \/>(-26 for losing)\n|raw|Suikachan115's rating: 1504 &rarr; <strong>1530<\/strong><br \/>(+26 for winning)\n|l|\u2606Zakmancho\n|player|p1|\n|l|\u2606Suikachan115\n|player|p2|\n|l| clutch_step\n","uploadtime":1740015849,"views":7,"formatid":"gen9vgc2025regg","rating":1530,"private":0,"password":null}