{"id":"gen9vgc2025regg-2304303076","format":"[Gen 9] VGC 2025 Reg G","players":["ok3rd","Has_Perry"],"log":"|j|\u2606ok3rd\n|j|\u2606Has_Perry\n|t:|1740039657\n|gametype|doubles\n|player|p1|ok3rd|lillie-z|1694\n|player|p2|Has_Perry|veteran|1577\n|teamsize|p1|6\n|teamsize|p2|6\n|gen|9\n|tier|[Gen 9] VGC 2025 Reg G\n|rated|\n|rule|Species Clause: Limit one of each Pok\u00e9mon\n|rule|Item Clause: Limit 1 of each item\n|clearpoke\n|poke|p1|Raging Bolt, L50|\n|poke|p1|Miraidon, L50|\n|poke|p1|Ogerpon-Hearthflame, L50, F|\n|poke|p1|Torkoal, L50, M|\n|poke|p1|Farigiraf, L50, M|\n|poke|p1|Ursaluna, L50, M|\n|poke|p2|Terapagos, L50, M|\n|poke|p2|Rillaboom, L50, M|\n|poke|p2|Flutter Mane, L50|\n|poke|p2|Incineroar, L50, M|\n|poke|p2|Urshifu-*, L50, M|\n|poke|p2|Ogerpon-Hearthflame, L50, F|\n|teampreview|4\n|inactive|Battle timer is ON: inactive players will automatically lose when time's up. (requested by ok3rd)\n|inactive|ok3rd has 60 seconds left.\n|inactive|Has_Perry has 60 seconds left.\n|\n|t:|1740039701\n|start\n|switch|p1a: Raging Bolt|Raging Bolt, L50|100\/100\n|switch|p1b: Ogerpon|Ogerpon-Hearthflame, L50, F|100\/100\n|switch|p2a: TerapaGODO|Terapagos, L50, M|100\/100\n|switch|p2b: Rezza Capa|Rillaboom, L50, M|100\/100\n|-activate|p2a: TerapaGODO|ability: Tera Shift\n|detailschange|p2a: TerapaGODO|Terapagos-Terastal, L50, M\n|-heal|p2a: TerapaGODO|100\/100|[silent]\n|-ability|p1b: Ogerpon|Mold Breaker\n|-fieldstart|move: Grassy Terrain|[from] ability: Grassy Surge|[of] p2b: Rezza Capa\n|turn|1\n|\n|t:|1740039719\n|switch|p2b: Incycoso|Incineroar, L50, M|100\/100\n|-ability|p2b: Incycoso|Intimidate|boost\n|-unboost|p1a: Raging Bolt|atk|1\n|-unboost|p1b: Ogerpon|atk|1\n|-end|p1a: Raging Bolt|Protosynthesis|[silent]\n|switch|p1a: Farigiraf|Farigiraf, L50, M|100\/100\n|move|p1b: Ogerpon|Taunt|p2a: TerapaGODO\n|-start|p2a: TerapaGODO|move: Taunt\n|cant|p2a: TerapaGODO|move: Taunt|Calm Mind\n|\n|upkeep\n|turn|2\n|\n|t:|1740039741\n|move|p1a: Farigiraf|Helping Hand|p1b: Ogerpon\n|-singleturn|p1b: Ogerpon|Helping Hand|[of] p1a: Farigiraf\n|move|p1b: Ogerpon|Ivy Cudgel|p2a: TerapaGODO|[anim] Ivy Cudgel Fire\n|-damage|p2a: TerapaGODO|56\/100\n|move|p2a: TerapaGODO|Tera Starstorm|p1a: Farigiraf\n|-damage|p1a: Farigiraf|50\/100\n|move|p2b: Incycoso|Knock Off|p1a: Farigiraf\n|-supereffective|p1a: Farigiraf\n|-damage|p1a: Farigiraf|0 fnt\n|-enditem|p1a: Farigiraf|Electric Seed|[from] move: Knock Off|[of] p2b: Incycoso\n|faint|p1a: Farigiraf\n|\n|-heal|p2a: TerapaGODO|62\/100|[from] Grassy Terrain\n|-heal|p2a: TerapaGODO|69\/100|[from] item: Leftovers\n|upkeep\n|\n|t:|1740039749\n|switch|p1a: Miraidon|Miraidon, L50|100\/100\n|-fieldstart|move: Electric Terrain|[from] ability: Hadron Engine|[of] p1a: Miraidon\n|turn|3\n|inactive|ok3rd has 30 seconds left.\n|\n|t:|1740039778\n|switch|p2a: Rezza Capa|Rillaboom, L50, M|100\/100\n|-fieldstart|move: Grassy Terrain|[from] ability: Grassy Surge|[of] p2a: Rezza Capa\n|-terastallize|p1b: Ogerpon|Fire\n|detailschange|p1b: Ogerpon|Ogerpon-Hearthflame-Tera, L50, F, tera:Fire\n|-ability|p1b: Ogerpon|Embody Aspect (Hearthflame)|boost\n|-boost|p1b: Ogerpon|atk|1\n|move|p1a: Miraidon|Draco Meteor|p2b: Incycoso\n|-damage|p2b: Incycoso|0 fnt\n|-unboost|p1a: Miraidon|spa|2\n|faint|p2b: Incycoso\n|move|p1b: Ogerpon|Ivy Cudgel|p2a: Rezza Capa|[anim] Ivy Cudgel Fire\n|-supereffective|p2a: Rezza Capa\n|-damage|p2a: Rezza Capa|0 fnt\n|faint|p2a: Rezza Capa\n|\n|upkeep\n|\n|t:|1740039792\n|switch|p2a: TerapaGODO|Terapagos-Terastal, L50, M|69\/100\n|switch|p2b: Flutter Mane|Flutter Mane, L50|100\/100\n|-enditem|p2b: Flutter Mane|Booster Energy\n|-activate|p2b: Flutter Mane|ability: Protosynthesis|[fromitem]\n|-start|p2b: Flutter Mane|protosynthesisspe\n|turn|4\n|\n|t:|1740039801\n|-terastallize|p2a: TerapaGODO|Stellar\n|detailschange|p2a: TerapaGODO|Terapagos-Stellar, L50, M, tera:Stellar\n|-heal|p2a: TerapaGODO|77\/100|[silent]\n|-ability|p2a: TerapaGODO|Teraform Zero\n|-fieldend|move: Grassy Terrain\n|move|p2b: Flutter Mane|Icy Wind|p1a: Miraidon|[spread] p1a,p1b\n|-supereffective|p1a: Miraidon\n|-resisted|p1b: Ogerpon\n|-damage|p1a: Miraidon|78\/100\n|-damage|p1b: Ogerpon|93\/100\n|-unboost|p1a: Miraidon|spe|1\n|-unboost|p1b: Ogerpon|spe|1\n|move|p1a: Miraidon|Draco Meteor|p2a: TerapaGODO\n|-damage|p2a: TerapaGODO|44\/100\n|-unboost|p1a: Miraidon|spa|2\n|move|p1b: Ogerpon|Ivy Cudgel|p2a: TerapaGODO|[anim] Ivy Cudgel Fire\n|-damage|p2a: TerapaGODO|0 fnt\n|faint|p2a: TerapaGODO\n|\n|upkeep\n|turn|5\n|c|\u2606ok3rd|gg\n|-message|Has_Perry forfeited.\n|\n|win|ok3rd\n|raw|ok3rd's rating: 1694 &rarr; <strong>1708<\/strong><br \/>(+14 for winning)\n|raw|Has_Perry's rating: 1577 &rarr; <strong>1563<\/strong><br \/>(-14 for losing)\n|l|\u2606Has_Perry\n|player|p2|\n|l|\u2606ok3rd\n|player|p1|\n","uploadtime":1740039888,"views":5,"formatid":"gen9vgc2025regg","rating":1563,"private":0,"password":null}