{"id":"gen9vgc2025regg-2304361597","format":"[Gen 9] VGC 2025 Reg G","players":["navinsachump","extracute"],"log":"|j|\u2606navinsachump\n|j|\u2606extracute\n|t:|1740050444\n|gametype|doubles\n|player|p1|navinsachump|101|1642\n|player|p2|extracute|lucas|1541\n|teamsize|p1|6\n|teamsize|p2|6\n|gen|9\n|tier|[Gen 9] VGC 2025 Reg G\n|rated|\n|rule|Species Clause: Limit one of each Pok\u00e9mon\n|rule|Item Clause: Limit 1 of each item\n|clearpoke\n|poke|p1|Whimsicott, L50, M|\n|poke|p1|Ogerpon-Cornerstone, L50, F|\n|poke|p1|Incineroar, L50, F|\n|poke|p1|Miraidon, L50|\n|poke|p1|Ursaluna-Bloodmoon, L50, M|\n|poke|p1|Farigiraf, L50, M|\n|poke|p2|Calyrex-Ice, L50|\n|poke|p2|Landorus, L50, M|\n|poke|p2|Amoonguss, L50, M|\n|poke|p2|Urshifu-*, L50, F|\n|poke|p2|Roaring Moon, L50|\n|poke|p2|Ogerpon-Hearthflame, L50, F|\n|teampreview|4\n|inactive|Battle timer is ON: inactive players will automatically lose when time's up. (requested by extracute)\n|\n|t:|1740050491\n|start\n|switch|p1a: Miraidon|Miraidon, L50|100\/100\n|switch|p1b: Ogerpon|Ogerpon-Cornerstone, L50, F|100\/100\n|switch|p2a: Calyrex|Calyrex-Ice, L50|100\/100\n|switch|p2b: Ogerpon|Ogerpon-Hearthflame, L50, F|100\/100\n|-ability|p2a: Calyrex|As One\n|-ability|p2a: Calyrex|Unnerve\n|-fieldstart|move: Electric Terrain|[from] ability: Hadron Engine|[of] p1a: Miraidon\n|-ability|p2b: Ogerpon|Mold Breaker\n|turn|1\n|\n|t:|1740050508\n|move|p2b: Ogerpon|Follow Me|p2b: Ogerpon\n|-singleturn|p2b: Ogerpon|move: Follow Me\n|move|p1a: Miraidon|Draco Meteor|p2b: Ogerpon\n|-damage|p2b: Ogerpon|0 fnt\n|-unboost|p1a: Miraidon|spa|2\n|faint|p2b: Ogerpon\n|move|p1b: Ogerpon|Ivy Cudgel|p2a: Calyrex|[anim] Ivy Cudgel Rock\n|-supereffective|p2a: Calyrex\n|-damage|p2a: Calyrex|25\/100\n|move|p2a: Calyrex|Trick Room|p2a: Calyrex\n|-fieldstart|move: Trick Room|[of] p2a: Calyrex\n|\n|upkeep\n|\n|t:|1740050523\n|switch|p2b: Landorus|Landorus, L50, M|100\/100\n|turn|2\n|\n|t:|1740050536\n|switch|p1a: Whimsicott|Whimsicott, L50, M|100\/100\n|move|p2a: Calyrex|Protect|p2a: Calyrex\n|-singleturn|p2a: Calyrex|Protect\n|move|p1b: Ogerpon|Spiky Shield|p1b: Ogerpon\n|-singleturn|p1b: Ogerpon|move: Protect\n|move|p2b: Landorus|Sandsear Storm|p1b: Ogerpon|[spread] p1a\n|-activate|p1b: Ogerpon|move: Protect\n|-resisted|p1a: Whimsicott\n|-damage|p1a: Whimsicott|49\/100\n|\n|upkeep\n|turn|3\n|j| tetsuokaga\n|\n|t:|1740050557\n|switch|p2a: Roaring Moon|Roaring Moon, L50|100\/100\n|-enditem|p2a: Roaring Moon|Booster Energy\n|-activate|p2a: Roaring Moon|ability: Protosynthesis|[fromitem]\n|-start|p2a: Roaring Moon|protosynthesisspe\n|move|p1a: Whimsicott|Encore|p2a: Roaring Moon\n|-hint|Since gen 7, Dark is immune to Prankster moves.\n|-immune|p2a: Roaring Moon\n|move|p2b: Landorus|Sandsear Storm|p1b: Ogerpon|[spread] p1b\n|-miss|p2b: Landorus|p1a: Whimsicott\n|-damage|p1b: Ogerpon|28\/100\n|move|p1b: Ogerpon|Ivy Cudgel|p2a: Roaring Moon|[anim] Ivy Cudgel Rock\n|-crit|p2a: Roaring Moon\n|-damage|p2a: Roaring Moon|0 fnt\n|faint|p2a: Roaring Moon\n|-end|p2a: Roaring Moon|Protosynthesis|[silent]\n|\n|upkeep\n|\n|t:|1740050571\n|switch|p2a: Calyrex|Calyrex-Ice, L50|25\/100\n|-ability|p2a: Calyrex|As One\n|-ability|p2a: Calyrex|Unnerve\n|turn|4\n|\n|t:|1740050585\n|move|p1a: Whimsicott|Protect|p1a: Whimsicott\n|-singleturn|p1a: Whimsicott|Protect\n|move|p1b: Ogerpon|Spiky Shield|p1b: Ogerpon\n|-singleturn|p1b: Ogerpon|move: Protect\n|move|p2a: Calyrex|Glacial Lance|p1b: Ogerpon|[spread] \n|-activate|p1a: Whimsicott|move: Protect\n|-activate|p1b: Ogerpon|move: Protect\n|move|p2b: Landorus|Sandsear Storm|p1a: Whimsicott|[spread] \n|-activate|p1a: Whimsicott|move: Protect\n|-activate|p1b: Ogerpon|move: Protect\n|\n|upkeep\n|turn|5\n|inactive|navinsachump has 30 seconds left.\n|\n|t:|1740050612\n|move|p1b: Ogerpon|Spiky Shield||[still]\n|-fail|p1b: Ogerpon\n|move|p1a: Whimsicott|Tailwind|p1a: Whimsicott\n|-sidestart|p1: navinsachump|move: Tailwind\n|move|p2a: Calyrex|Glacial Lance|p1b: Ogerpon|[spread] p1a,p1b\n|-supereffective|p1a: Whimsicott\n|-supereffective|p1b: Ogerpon\n|-damage|p1a: Whimsicott|0 fnt\n|-damage|p1b: Ogerpon|0 fnt\n|faint|p1a: Whimsicott\n|faint|p1b: Ogerpon\n|-ability|p2a: Calyrex|Chilling Neigh|boost\n|-boost|p2a: Calyrex|atk|2\n|move|p2b: Landorus|Sandsear Storm|p1: Whimsicott|[notarget]\n|-fail|p2b: Landorus\n|\n|-fieldend|move: Trick Room\n|-fieldend|move: Electric Terrain\n|upkeep\n|\n|t:|1740050615\n|switch|p1a: Incineroar|Incineroar, L50, F|100\/100\n|switch|p1b: Miraidon|Miraidon, L50|100\/100\n|-fieldstart|move: Electric Terrain|[from] ability: Hadron Engine|[of] p1b: Miraidon\n|-ability|p1a: Incineroar|Intimidate|boost\n|-fail|p2a: Calyrex|unboost|[from] item: Clear Amulet|[of] p2a: Calyrex\n|-unboost|p2b: Landorus|atk|1\n|turn|6\n|\n|t:|1740050635\n|move|p2b: Landorus|Protect|p2b: Landorus\n|-singleturn|p2b: Landorus|Protect\n|move|p2a: Calyrex|Protect|p2a: Calyrex\n|-singleturn|p2a: Calyrex|Protect\n|move|p1a: Incineroar|Fake Out|p2a: Calyrex\n|-activate|p2a: Calyrex|move: Protect\n|move|p1b: Miraidon|Draco Meteor|p2b: Landorus\n|-activate|p2b: Landorus|move: Protect\n|\n|upkeep\n|turn|7\n|\n|t:|1740050647\n|-terastallize|p2a: Calyrex|Fairy\n|move|p1b: Miraidon|Draco Meteor|p2b: Landorus\n|-damage|p2b: Landorus|0 fnt\n|-unboost|p1b: Miraidon|spa|2\n|faint|p2b: Landorus\n|move|p1a: Incineroar|Flare Blitz|p2a: Calyrex\n|-damage|p2a: Calyrex|0 fnt\n|faint|p2a: Calyrex\n|-damage|p1a: Incineroar|92\/100|[from] Recoil\n|\n|win|navinsachump\n|raw|navinsachump's rating: 1642 &rarr; <strong>1656<\/strong><br \/>(+14 for winning)\n|raw|extracute's rating: 1541 &rarr; <strong>1527<\/strong><br \/>(-14 for losing)\n|l|\u2606navinsachump\n|player|p1|\n|l|\u2606extracute\n|player|p2|\n|l| tetsuokaga\n","uploadtime":1740050892,"views":5,"formatid":"gen9vgc2025regg","rating":1527,"private":0,"password":null}