{"id":"gen9vgc2025regg-2304726914","format":"[Gen 9] VGC 2025 Reg G","players":["Zakmancho","girigiripeter"],"log":"|j|\u2606Zakmancho\n|j|\u2606girigiripeter\n|t:|1740091114\n|gametype|doubles\n|player|p1|Zakmancho|2|1630\n|player|p2|girigiripeter|2|1668\n|teamsize|p1|6\n|teamsize|p2|6\n|gen|9\n|tier|[Gen 9] VGC 2025 Reg G\n|rated|\n|rule|Species Clause: Limit one of each Pok\u00e9mon\n|rule|Item Clause: Limit 1 of each item\n|clearpoke\n|poke|p1|Koraidon, L50|\n|poke|p1|Chi-Yu, L50|\n|poke|p1|Flutter Mane, L50|\n|poke|p1|Ogerpon-Cornerstone, L50, F|\n|poke|p1|Raging Bolt, L50|\n|poke|p1|Whimsicott, L50, F|\n|poke|p2|Miraidon, L50|\n|poke|p2|Urshifu-*, L50, F|\n|poke|p2|Incineroar, L50, M|\n|poke|p2|Iron Bundle, L50|\n|poke|p2|Kingambit, L50, F|\n|poke|p2|Dragonite, L50, F|\n|teampreview|4\n|inactive|Battle timer is ON: inactive players will automatically lose when time's up. (requested by Zakmancho)\n|inactive|girigiripeter has 60 seconds left.\n|j| keltr1ck\n|inactive|girigiripeter has 30 seconds left.\n|\n|t:|1740091184\n|start\n|switch|p1a: Ogerpon|Ogerpon-Cornerstone, L50, F|100\/100\n|switch|p1b: Raging Bolt|Raging Bolt, L50|100\/100\n|switch|p2a: Miraidon|Miraidon, L50|100\/100\n|switch|p2b: Dragonite|Dragonite, L50, F|100\/100\n|-fieldstart|move: Electric Terrain|[from] ability: Hadron Engine|[of] p2a: Miraidon\n|turn|1\n|inactive|girigiripeter has 30 seconds left.\n|inactive|girigiripeter has 20 seconds left.\n|inactive|Zakmancho has 30 seconds left.\n|inactive|girigiripeter has 15 seconds left.\n|inactive|girigiripeter has 10 seconds left.\n|\n|t:|1740091232\n|-terastallize|p1b: Raging Bolt|Fairy\n|move|p2a: Miraidon|Volt Switch|p1b: Raging Bolt\n|-damage|p1b: Raging Bolt|49\/100\n|\n|t:|1740091240\n|switch|p2a: Kingambit|Kingambit, L50, F|100\/100|[from] Volt Switch\n|move|p1a: Ogerpon|Ivy Cudgel|p2a: Kingambit|[anim] Ivy Cudgel Rock\n|-resisted|p2a: Kingambit\n|-crit|p2a: Kingambit\n|-damage|p2a: Kingambit|67\/100\n|move|p2b: Dragonite|Scale Shot|p1b: Raging Bolt\n|-immune|p1b: Raging Bolt\n|move|p1b: Raging Bolt|Electroweb|p2b: Dragonite|[spread] p2a,p2b\n|-damage|p2a: Kingambit|48\/100\n|-damage|p2b: Dragonite|85\/100\n|-unboost|p2a: Kingambit|spe|1\n|-ability|p2a: Kingambit|Defiant|boost\n|-boost|p2a: Kingambit|atk|2\n|-unboost|p2b: Dragonite|spe|1\n|\n|upkeep\n|turn|2\n|inactive|Zakmancho has 30 seconds left.\n|inactive|girigiripeter has 30 seconds left.\n|inactive|Zakmancho has 20 seconds left.\n|inactive|Zakmancho has 15 seconds left.\n|\n|t:|1740091282\n|move|p2b: Dragonite|Extreme Speed|p1b: Raging Bolt\n|-damage|p1b: Raging Bolt|26\/100\n|move|p2a: Kingambit|Sucker Punch|p1b: Raging Bolt\n|-resisted|p1b: Raging Bolt\n|-damage|p1b: Raging Bolt|0 fnt\n|faint|p1b: Raging Bolt\n|-end|p1b: Raging Bolt|Protosynthesis|[silent]\n|move|p1a: Ogerpon|Ivy Cudgel|p2b: Dragonite|[anim] Ivy Cudgel Rock\n|-supereffective|p2b: Dragonite\n|-damage|p2b: Dragonite|0 fnt\n|faint|p2b: Dragonite\n|\n|upkeep\n|\n|t:|1740091302\n|switch|p2b: Iron Bundle|Iron Bundle, L50|100\/100\n|switch|p1b: Koraidon|Koraidon, L50|100\/100\n|-weather|SunnyDay|[from] ability: Orichalcum Pulse|[of] p1b: Koraidon\n|-activate|p1b: Koraidon|Orichalcum Pulse|[source]\n|-activate|p2b: Iron Bundle|ability: Quark Drive\n|-start|p2b: Iron Bundle|quarkdrivespe\n|turn|3\n|inactive|girigiripeter has 30 seconds left.\n|j| ChilledLotusA\n|inactive|girigiripeter has 20 seconds left.\n|inactive|girigiripeter has 15 seconds left.\n|inactive|girigiripeter has 10 seconds left.\n|\n|t:|1740091350\n|move|p1a: Ogerpon|Follow Me|p1a: Ogerpon\n|-singleturn|p1a: Ogerpon|move: Follow Me\n|move|p2a: Kingambit|Sucker Punch||[still]\n|-fail|p2a: Kingambit\n|move|p2b: Iron Bundle|Icy Wind|p1b: Koraidon|[spread] p1a,p1b\n|-supereffective|p1a: Ogerpon\n|-supereffective|p1b: Koraidon\n|-damage|p1a: Ogerpon|49\/100\n|-damage|p1b: Koraidon|55\/100\n|-unboost|p1a: Ogerpon|spe|1\n|move|p1b: Koraidon|Flame Charge|p2a: Kingambit\n|-supereffective|p2a: Kingambit\n|-damage|p2a: Kingambit|0 fnt\n|-boost|p1b: Koraidon|spe|1\n|faint|p2a: Kingambit\n|\n|-weather|SunnyDay|[upkeep]\n|upkeep\n|\n|t:|1740091363\n|switch|p2a: Miraidon|Miraidon, L50|100\/100\n|-activate|p2a: Miraidon|ability: Hadron Engine\n|turn|4\n|\n|t:|1740091386\n|move|p2b: Iron Bundle|Freeze-Dry|p1b: Koraidon\n|-supereffective|p1b: Koraidon\n|-damage|p1b: Koraidon|0 fnt\n|faint|p1b: Koraidon\n|move|p2a: Miraidon|Dazzling Gleam|p1a: Ogerpon\n|-damage|p1a: Ogerpon|0 fnt\n|faint|p1a: Ogerpon\n|\n|-weather|SunnyDay|[upkeep]\n|upkeep\n|\n|t:|1740091390\n|switch|p1b: Flutter Mane|Flutter Mane, L50|100\/100\n|-activate|p1b: Flutter Mane|ability: Protosynthesis\n|-start|p1b: Flutter Mane|protosynthesisspe\n|turn|5\n|\n|t:|1740091407\n|-terastallize|p2a: Miraidon|Fairy\n|move|p2b: Iron Bundle|Icy Wind|p1b: Flutter Mane\n|-damage|p1b: Flutter Mane|73\/100\n|-unboost|p1b: Flutter Mane|spe|1\n|move|p2a: Miraidon|Dazzling Gleam|p1b: Flutter Mane\n|-damage|p1b: Flutter Mane|0 fnt\n|faint|p1b: Flutter Mane\n|-end|p1b: Flutter Mane|Protosynthesis|[silent]\n|\n|win|girigiripeter\n|raw|Zakmancho's rating: 1630 &rarr; <strong>1612<\/strong><br \/>(-18 for losing)\n|raw|girigiripeter's rating: 1668 &rarr; <strong>1686<\/strong><br \/>(+18 for winning)\n|l|\u2606Zakmancho\n|player|p1|\n|l|\u2606girigiripeter\n|player|p2|\n|l| keltr1ck\n","uploadtime":1740091569,"views":8,"formatid":"gen9vgc2025regg","rating":1612,"private":0,"password":null}