{"id":"gen9vgc2025regg-2304476303","format":"[Gen 9] VGC 2025 Reg G","players":["Lowpass","vanthoci"],"log":"|j|\u2606Lowpass\n|j|\u2606vanthoci\n|t:|1740065483\n|gametype|doubles\n|player|p1|Lowpass|169|1514\n|player|p2|vanthoci|turo-ai|1633\n|teamsize|p1|6\n|teamsize|p2|6\n|gen|9\n|tier|[Gen 9] VGC 2025 Reg G\n|rated|\n|rule|Species Clause: Limit one of each Pok\u00e9mon\n|rule|Item Clause: Limit 1 of each item\n|clearpoke\n|poke|p1|Lugia, L50|\n|poke|p1|Sableye, L50, M|\n|poke|p1|Wo-Chien, L50|\n|poke|p1|Heatran, L50, M|\n|poke|p1|Landorus-Therian, L50, M|\n|poke|p1|Toxapex, L50, F|\n|poke|p2|Terapagos, L50, M|\n|poke|p2|Ogerpon-Hearthflame, L50, F|\n|poke|p2|Dondozo, L50, M|\n|poke|p2|Tornadus, L50, M|\n|poke|p2|Smeargle, L50, M|\n|poke|p2|Tatsugiri-Droopy, L50, F|\n|teampreview|4\n|\n|t:|1740065523\n|start\n|switch|p1a: Sableye|Sableye, L50, M|100\/100\n|switch|p1b: Wo-Chien|Wo-Chien, L50|100\/100\n|switch|p2a: Terapagos|Terapagos, L50, M|100\/100\n|switch|p2b: Smeargle|Smeargle, L50, M|100\/100\n|-activate|p2a: Terapagos|ability: Tera Shift\n|detailschange|p2a: Terapagos|Terapagos-Terastal, L50, M\n|-heal|p2a: Terapagos|100\/100|[silent]\n|-ability|p1b: Wo-Chien|Tablets of Ruin\n|turn|1\n|\n|t:|1740065537\n|move|p1a: Sableye|Taunt|p2b: Smeargle\n|-start|p2b: Smeargle|move: Taunt\n|cant|p2b: Smeargle|move: Taunt|Decorate\n|move|p2a: Terapagos|Tera Starstorm|p1b: Wo-Chien\n|-damage|p1b: Wo-Chien|64\/100\n|move|p1b: Wo-Chien|Snarl|p2b: Smeargle|[spread] p2a,p2b\n|-activate|p2a: Terapagos|ability: Tera Shell\n|-resisted|p2a: Terapagos\n|-damage|p2a: Terapagos|95\/100\n|-damage|p2b: Smeargle|64\/100\n|-unboost|p2a: Terapagos|spa|1\n|-unboost|p2b: Smeargle|spa|1\n|\n|-ability|p2b: Smeargle|Moody|boost\n|-boost|p2b: Smeargle|atk|2\n|-unboost|p2b: Smeargle|spd|1\n|upkeep\n|turn|2\n|\n|t:|1740065557\n|switch|p2b: Ogerpon|Ogerpon-Hearthflame, L50, F|100\/100\n|-ability|p2b: Ogerpon|Mold Breaker\n|move|p1a: Sableye|Light Screen|p1a: Sableye\n|-sidestart|p1: Lowpass|move: Light Screen\n|move|p2a: Terapagos|Tera Starstorm|p1b: Wo-Chien\n|-damage|p1b: Wo-Chien|47\/100\n|move|p1b: Wo-Chien|Foul Play|p2b: Ogerpon\n|-damage|p2b: Ogerpon|46\/100\n|\n|upkeep\n|turn|3\n|\n|t:|1740065581\n|switch|p2a: Tornadus|Tornadus, L50, M|100\/100\n|switch|p1a: Toxapex|Toxapex, L50, F|100\/100\n|move|p2b: Ogerpon|Spiky Shield|p2b: Ogerpon\n|-singleturn|p2b: Ogerpon|move: Protect\n|move|p1b: Wo-Chien|Knock Off|p2a: Tornadus\n|-crit|p2a: Tornadus\n|-damage|p2a: Tornadus|50\/100\n|-damage|p1b: Wo-Chien|31\/100|[from] item: Rocky Helmet|[of] p2a: Tornadus\n|-enditem|p2a: Tornadus|Rocky Helmet|[from] move: Knock Off|[of] p1b: Wo-Chien\n|\n|upkeep\n|turn|4\n|\n|t:|1740065615\n|move|p2a: Tornadus|Bleakwind Storm|p1b: Wo-Chien|[spread] p1a\n|-miss|p2a: Tornadus|p1b: Wo-Chien\n|-damage|p1a: Toxapex|85\/100\n|move|p2b: Ogerpon|Ivy Cudgel|p1b: Wo-Chien|[anim] Ivy Cudgel Fire\n|-supereffective|p1b: Wo-Chien\n|-damage|p1b: Wo-Chien|0 fnt\n|faint|p1b: Wo-Chien\n|move|p1a: Toxapex|Toxic|p2b: Ogerpon\n|-status|p2b: Ogerpon|tox\n|\n|-damage|p2b: Ogerpon|40\/100 tox|[from] psn\n|upkeep\n|\n|t:|1740065623\n|switch|p1b: Lugia|Lugia, L50|100\/100\n|turn|5\n|\n|t:|1740065637\n|move|p2a: Tornadus|Bleakwind Storm|p1a: Toxapex|[spread] p1b\n|-miss|p2a: Tornadus|p1a: Toxapex\n|-damage|p1b: Lugia|94\/100\n|-unboost|p1b: Lugia|spe|1\n|move|p2b: Ogerpon|Ivy Cudgel|p1b: Lugia|[anim] Ivy Cudgel Fire\n|-damage|p1b: Lugia|62\/100\n|move|p1b: Lugia|Aeroblast|p2b: Ogerpon\n|-supereffective|p2b: Ogerpon\n|-damage|p2b: Ogerpon|0 fnt\n|faint|p2b: Ogerpon\n|move|p1a: Toxapex|Icy Wind|p2a: Tornadus\n|-supereffective|p2a: Tornadus\n|-damage|p2a: Tornadus|33\/100\n|-unboost|p2a: Tornadus|spe|1\n|\n|-heal|p1b: Lugia|68\/100|[from] item: Leftovers\n|upkeep\n|\n|t:|1740065650\n|switch|p2b: Terapagos|Terapagos-Terastal, L50, M|95\/100\n|turn|6\n|inactive|Battle timer is ON: inactive players will automatically lose when time's up. (requested by Lowpass)\n|\n|t:|1740065692\n|move|p1a: Toxapex|Wide Guard|p1a: Toxapex\n|-singleturn|p1a: Toxapex|Wide Guard\n|move|p2b: Terapagos|Tera Starstorm|p1b: Lugia\n|-damage|p1b: Lugia|35\/100\n|move|p2a: Tornadus|Bleakwind Storm|p1b: Lugia|[spread] \n|-activate|p1a: Toxapex|move: Wide Guard\n|-activate|p1b: Lugia|move: Wide Guard\n|move|p1b: Lugia|Calm Mind|p1b: Lugia\n|-boost|p1b: Lugia|spa|1\n|-boost|p1b: Lugia|spd|1\n|\n|-heal|p1b: Lugia|41\/100|[from] item: Leftovers\n|upkeep\n|turn|7\n|\n|t:|1740065707\n|switch|p2a: Smeargle|Smeargle, L50, M|64\/100\n|move|p1a: Toxapex|Wide Guard|p1a: Toxapex\n|-singleturn|p1a: Toxapex|Wide Guard\n|move|p2b: Terapagos|Tera Starstorm|p1b: Lugia\n|-damage|p1b: Lugia|18\/100\n|move|p1b: Lugia|Recover|p1b: Lugia\n|-heal|p1b: Lugia|68\/100\n|\n|-heal|p1b: Lugia|74\/100|[from] item: Leftovers\n|-ability|p2a: Smeargle|Moody|boost\n|-boost|p2a: Smeargle|spe|2\n|-unboost|p2a: Smeargle|spd|1\n|upkeep\n|turn|8\n|inactive|Lowpass has 30 seconds left.\n|\n|t:|1740065737\n|move|p2a: Smeargle|Spore|p1b: Lugia\n|-status|p1b: Lugia|slp|[from] move: Spore\n|move|p2b: Terapagos|Tera Starstorm|p1b: Lugia\n|-damage|p1b: Lugia|53\/100 slp\n|cant|p1b: Lugia|slp\n|move|p1a: Toxapex|Toxic|p2b: Terapagos\n|-status|p2b: Terapagos|tox\n|\n|-heal|p1b: Lugia|59\/100 slp|[from] item: Leftovers\n|-damage|p2b: Terapagos|89\/100 tox|[from] psn\n|-ability|p2a: Smeargle|Moody|boost\n|-boost|p2a: Smeargle|spe|2\n|-unboost|p2a: Smeargle|def|1\n|upkeep\n|turn|9\n|\n|t:|1740065753\n|move|p2a: Smeargle|Decorate|p2b: Terapagos\n|-boost|p2b: Terapagos|atk|2\n|-boost|p2b: Terapagos|spa|2\n|move|p2b: Terapagos|Tera Starstorm|p1b: Lugia\n|-damage|p1b: Lugia|10\/100 slp\n|cant|p1b: Lugia|slp\n|move|p1a: Toxapex|Haze|p1a: Toxapex\n|-clearallboost\n|\n|-heal|p1b: Lugia|16\/100 slp|[from] item: Leftovers\n|-damage|p2b: Terapagos|77\/100 tox|[from] psn\n|-sideend|p1: Lowpass|move: Light Screen\n|-ability|p2a: Smeargle|Moody|boost\n|-boost|p2a: Smeargle|spe|2\n|-unboost|p2a: Smeargle|spa|1\n|upkeep\n|turn|10\n|\n|t:|1740065774\n|move|p2a: Smeargle|Spore|p1a: Toxapex\n|-status|p1a: Toxapex|slp|[from] move: Spore\n|cant|p1b: Lugia|slp\n|move|p2b: Terapagos|Tera Starstorm|p1b: Lugia\n|-damage|p1b: Lugia|0 fnt\n|faint|p1b: Lugia\n|cant|p1a: Toxapex|slp\n|\n|-damage|p2b: Terapagos|59\/100 tox|[from] psn\n|-ability|p2a: Smeargle|Moody|boost\n|-boost|p2a: Smeargle|spe|2\n|-unboost|p2a: Smeargle|atk|1\n|upkeep\n|\n|t:|1740065778\n|switch|p1b: Sableye|Sableye, L50, M|100\/100\n|turn|11\n|\n|t:|1740065788\n|-terastallize|p2b: Terapagos|Stellar\n|detailschange|p2b: Terapagos|Terapagos-Stellar, L50, M, tera:Stellar\n|-heal|p2b: Terapagos|70\/100 tox|[silent]\n|cant|p1a: Toxapex|slp\n|move|p1b: Sableye|Taunt|p2a: Smeargle\n|-start|p2a: Smeargle|move: Taunt\n|cant|p2a: Smeargle|move: Taunt|Decorate\n|move|p2b: Terapagos|Tera Starstorm|p1a: Toxapex|[spread] p1a,p1b\n|-damage|p1a: Toxapex|36\/100 slp\n|-damage|p1b: Sableye|39\/100\n|\n|-damage|p2b: Terapagos|45\/100 tox|[from] psn\n|-ability|p2a: Smeargle|Moody|boost\n|-boost|p2a: Smeargle|spa|2\n|-unboost|p2a: Smeargle|def|1\n|upkeep\n|turn|12\n|\n|t:|1740065801\n|move|p2a: Smeargle|Fake Out||[still]\n|-hint|Fake Out only works on your first turn out.\n|-fail|p2a: Smeargle\n|-curestatus|p1a: Toxapex|slp|[msg]\n|move|p1a: Toxapex|Wide Guard|p1a: Toxapex\n|-singleturn|p1a: Toxapex|Wide Guard\n|move|p1b: Sableye|Light Screen|p1b: Sableye\n|-sidestart|p1: Lowpass|move: Light Screen\n|-activate|p2b: Terapagos|move: Struggle\n|move|p2b: Terapagos|Struggle|p1a: Toxapex\n|-damage|p1a: Toxapex|28\/100\n|-damage|p2b: Terapagos|29\/100 tox|[from] item: Rocky Helmet|[of] p1a: Toxapex\n|-damage|p2b: Terapagos|4\/100 tox|[from] recoil\n|\n|-damage|p2b: Terapagos|0 fnt|[from] psn\n|faint|p2b: Terapagos\n|-ability|p2a: Smeargle|Moody|boost\n|-boost|p2a: Smeargle|def|2\n|-unboost|p2a: Smeargle|spd|1\n|upkeep\n|\n|t:|1740065817\n|switch|p2b: Tornadus|Tornadus, L50, M|33\/100\n|turn|13\n|\n|t:|1740065829\n|move|p2a: Smeargle|Fake Out||[still]\n|-hint|Fake Out only works on your first turn out.\n|-fail|p2a: Smeargle\n|move|p1b: Sableye|Will-O-Wisp|p2b: Tornadus\n|-status|p2b: Tornadus|brn\n|move|p2b: Tornadus|Bleakwind Storm|p1b: Sableye|[spread] p1a,p1b\n|-damage|p1a: Toxapex|11\/100\n|-damage|p1b: Sableye|17\/100\n|-unboost|p1b: Sableye|spe|1\n|move|p1a: Toxapex|Toxic||[still]\n|-fail|p1a: Toxapex\n|\n|-damage|p2b: Tornadus|27\/100 brn|[from] brn\n|-end|p2a: Smeargle|move: Taunt\n|-ability|p2a: Smeargle|Moody|boost\n|-boost|p2a: Smeargle|spe|2\n|-unboost|p2a: Smeargle|atk|1\n|upkeep\n|turn|14\n|inactive|vanthoci has 30 seconds left.\n|\n|t:|1740065861\n|move|p1a: Toxapex|Wide Guard|p1a: Toxapex\n|-singleturn|p1a: Toxapex|Wide Guard\n|move|p1b: Sableye|Taunt|p2a: Smeargle\n|-start|p2a: Smeargle|move: Taunt\n|cant|p2a: Smeargle|move: Taunt|Spore\n|move|p2b: Tornadus|Bleakwind Storm|p1a: Toxapex|[spread] \n|-activate|p1a: Toxapex|move: Wide Guard\n|-activate|p1b: Sableye|move: Wide Guard\n|\n|-damage|p2b: Tornadus|21\/100 brn|[from] brn\n|-ability|p2a: Smeargle|Moody|boost\n|-boost|p2a: Smeargle|spa|2\n|-unboost|p2a: Smeargle|spd|1\n|upkeep\n|turn|15\n|\n|t:|1740065872\n|move|p2a: Smeargle|Fake Out||[still]\n|-hint|Fake Out only works on your first turn out.\n|-fail|p2a: Smeargle\n|move|p1a: Toxapex|Wide Guard|p1a: Toxapex\n|-singleturn|p1a: Toxapex|Wide Guard\n|move|p1b: Sableye|Will-O-Wisp|p2a: Smeargle\n|-status|p2a: Smeargle|brn\n|move|p2b: Tornadus|Bleakwind Storm|p1b: Sableye|[spread] \n|-activate|p1a: Toxapex|move: Wide Guard\n|-activate|p1b: Sableye|move: Wide Guard\n|\n|-damage|p2a: Smeargle|58\/100 brn|[from] brn\n|-damage|p2b: Tornadus|15\/100 brn|[from] brn\n|-ability|p2a: Smeargle|Moody|boost\n|-boost|p2a: Smeargle|def|2\n|-unboost|p2a: Smeargle|spd|1\n|upkeep\n|turn|16\n|\n|t:|1740065882\n|move|p2a: Smeargle|Fake Out||[still]\n|-hint|Fake Out only works on your first turn out.\n|-fail|p2a: Smeargle\n|move|p1a: Toxapex|Wide Guard|p1a: Toxapex\n|-singleturn|p1a: Toxapex|Wide Guard\n|move|p1b: Sableye|Taunt|p2b: Tornadus\n|-start|p2b: Tornadus|move: Taunt\n|move|p2b: Tornadus|Bleakwind Storm|p1a: Toxapex|[spread] \n|-activate|p1a: Toxapex|move: Wide Guard\n|-activate|p1b: Sableye|move: Wide Guard\n|\n|-damage|p2a: Smeargle|52\/100 brn|[from] brn\n|-damage|p2b: Tornadus|9\/100 brn|[from] brn\n|-end|p2a: Smeargle|move: Taunt\n|-ability|p2a: Smeargle|Moody|boost\n|-boost|p2a: Smeargle|spa|2\n|-unboost|p2a: Smeargle|atk|1\n|upkeep\n|turn|17\n|\n|t:|1740065895\n|move|p1a: Toxapex|Wide Guard|p1a: Toxapex\n|-singleturn|p1a: Toxapex|Wide Guard\n|move|p1b: Sableye|Taunt|p2a: Smeargle\n|-start|p2a: Smeargle|move: Taunt\n|cant|p2a: Smeargle|move: Taunt|Spore\n|move|p2b: Tornadus|Bleakwind Storm|p1b: Sableye|[spread] \n|-activate|p1a: Toxapex|move: Wide Guard\n|-activate|p1b: Sableye|move: Wide Guard\n|\n|-damage|p2a: Smeargle|46\/100 brn|[from] brn\n|-damage|p2b: Tornadus|3\/100 brn|[from] brn\n|-ability|p2a: Smeargle|Moody|boost\n|-boost|p2a: Smeargle|def|2\n|-unboost|p2a: Smeargle|atk|1\n|upkeep\n|turn|18\n|j| BabyComeBack3\n|\n|t:|1740065904\n|move|p2a: Smeargle|Fake Out||[still]\n|-hint|Fake Out only works on your first turn out.\n|-fail|p2a: Smeargle\n|move|p1a: Toxapex|Wide Guard|p1a: Toxapex\n|-singleturn|p1a: Toxapex|Wide Guard\n|move|p1b: Sableye|Reflect|p1b: Sableye\n|-sidestart|p1: Lowpass|Reflect\n|move|p2b: Tornadus|Bleakwind Storm|p1b: Sableye|[spread] \n|-activate|p1a: Toxapex|move: Wide Guard\n|-activate|p1b: Sableye|move: Wide Guard\n|\n|-damage|p2a: Smeargle|39\/100 brn|[from] brn\n|-damage|p2b: Tornadus|0 fnt|[from] brn\n|faint|p2b: Tornadus\n|-ability|p2a: Smeargle|Moody|boost\n|-boost|p2a: Smeargle|atk|2\n|-unboost|p2a: Smeargle|spd|1\n|upkeep\n|turn|19\n|-message|vanthoci forfeited.\n|\n|win|Lowpass\n|raw|Lowpass's rating: 1514 &rarr; <strong>1541<\/strong><br \/>(+27 for winning)\n|raw|vanthoci's rating: 1633 &rarr; <strong>1606<\/strong><br \/>(-27 for losing)\n|l|\u2606vanthoci\n|player|p2|\n|l|\u2606Lowpass\n|player|p1|\n","uploadtime":1740066071,"views":6,"formatid":"gen9vgc2025regg","rating":1541,"private":0,"password":null}