{"id":"gen9vgc2025regg-2304726452","format":"[Gen 9] VGC 2025 Reg G","players":["2190175p","Hikawari"],"log":"|j|\u26062190175p\n|j|\u2606Hikawari\n|t:|1740091064\n|gametype|doubles\n|player|p1|2190175p|courtney|1637\n|player|p2|Hikawari|1|1650\n|teamsize|p1|6\n|teamsize|p2|6\n|gen|9\n|tier|[Gen 9] VGC 2025 Reg G\n|rated|\n|rule|Species Clause: Limit one of each Pok\u00e9mon\n|rule|Item Clause: Limit 1 of each item\n|clearpoke\n|poke|p1|Calyrex-Ice, L50|\n|poke|p1|Torkoal, L50, M|\n|poke|p1|Urshifu-*, L50, M|\n|poke|p1|Indeedee-F, L50, F|\n|poke|p1|Raging Bolt, L50|\n|poke|p1|Ogerpon-Cornerstone, L50, F|\n|poke|p2|Zamazenta-*, L50|\n|poke|p2|Chi-Yu, L50|\n|poke|p2|Rillaboom, L50, M|\n|poke|p2|Flutter Mane, L50|\n|poke|p2|Chien-Pao, L50|\n|poke|p2|Amoonguss, L50, F|\n|teampreview|4\n|inactive|Battle timer is ON: inactive players will automatically lose when time's up. (requested by Hikawari)\n|\n|t:|1740091090\n|start\n|switch|p1a: Calyrex|Calyrex-Ice, L50|100\/100\n|switch|p1b: Ogerpon|Ogerpon-Cornerstone, L50, F|100\/100\n|switch|p2a: Zamazenta|Zamazenta-Crowned, L50|100\/100\n|switch|p2b: Chi-Yu|Chi-Yu, L50|100\/100\n|-ability|p1a: Calyrex|As One\n|-ability|p1a: Calyrex|Unnerve\n|-ability|p2b: Chi-Yu|Beads of Ruin\n|-ability|p2a: Zamazenta|Dauntless Shield|boost\n|-boost|p2a: Zamazenta|def|1\n|turn|1\n|j| coolio1997\n|\n|t:|1740091111\n|move|p2b: Chi-Yu|Heat Wave|p1a: Calyrex|[spread] p1a,p1b\n|-supereffective|p1a: Calyrex\n|-damage|p1a: Calyrex|34\/100\n|-damage|p1b: Ogerpon|42\/100\n|move|p1b: Ogerpon|Ivy Cudgel|p2b: Chi-Yu|[anim] Ivy Cudgel Rock\n|-supereffective|p2b: Chi-Yu\n|-damage|p2b: Chi-Yu|0 fnt\n|faint|p2b: Chi-Yu\n|move|p2a: Zamazenta|Body Press|p1b: Ogerpon\n|-supereffective|p1b: Ogerpon\n|-damage|p1b: Ogerpon|0 fnt\n|faint|p1b: Ogerpon\n|move|p1a: Calyrex|Trick Room|p1a: Calyrex\n|-fieldstart|move: Trick Room|[of] p1a: Calyrex\n|\n|upkeep\n|\n|t:|1740091122\n|switch|p2b: Amoonguss|Amoonguss, L50, F|100\/100\n|switch|p1b: Torkoal|Torkoal, L50, M, shiny|100\/100\n|-weather|SunnyDay|[from] ability: Drought|[of] p1b: Torkoal\n|turn|2\n|\n|t:|1740091134\n|-terastallize|p1a: Calyrex|Grass\n|move|p2b: Amoonguss|Protect|p2b: Amoonguss\n|-singleturn|p2b: Amoonguss|Protect\n|move|p2a: Zamazenta|Protect|p2a: Zamazenta\n|-singleturn|p2a: Zamazenta|Protect\n|move|p1b: Torkoal|Weather Ball|p2b: Amoonguss\n|-activate|p2b: Amoonguss|move: Protect\n|move|p1a: Calyrex|Glacial Lance|p2a: Zamazenta|[spread] \n|-activate|p2a: Zamazenta|move: Protect\n|-activate|p2b: Amoonguss|move: Protect\n|\n|-weather|SunnyDay|[upkeep]\n|upkeep\n|turn|3\n|j| ChilledLotusA\n|inactive|Hikawari has 30 seconds left.\n|\n|t:|1740091159\n|-terastallize|p2b: Amoonguss|Fairy\n|move|p1b: Torkoal|Weather Ball|p2b: Amoonguss\n|-damage|p2b: Amoonguss|0 fnt\n|faint|p2b: Amoonguss\n|move|p1a: Calyrex|Glacial Lance|p2a: Zamazenta\n|-resisted|p2a: Zamazenta\n|-damage|p2a: Zamazenta|84\/100\n|move|p2a: Zamazenta|Body Press|p1b: Torkoal\n|-damage|p1b: Torkoal|45\/100\n|\n|-weather|SunnyDay|[upkeep]\n|upkeep\n|\n|t:|1740091165\n|switch|p2b: Chien-Pao|Chien-Pao, L50|100\/100\n|-ability|p2b: Chien-Pao|Sword of Ruin\n|turn|4\n|\n|t:|1740091187\n|move|p2a: Zamazenta|Protect|p2a: Zamazenta\n|-singleturn|p2a: Zamazenta|Protect\n|move|p2b: Chien-Pao|Sucker Punch|p1b: Torkoal\n|-damage|p1b: Torkoal|7\/100\n|move|p1b: Torkoal|Weather Ball|p2b: Chien-Pao\n|-supereffective|p2b: Chien-Pao\n|-enditem|p2b: Chien-Pao|Focus Sash\n|-damage|p2b: Chien-Pao|1\/100\n|move|p1a: Calyrex|Glacial Lance|p2b: Chien-Pao|[spread] p2b\n|-activate|p2a: Zamazenta|move: Protect\n|-resisted|p2b: Chien-Pao\n|-damage|p2b: Chien-Pao|0 fnt\n|faint|p2b: Chien-Pao\n|-ability|p1a: Calyrex|Chilling Neigh|boost\n|-boost|p1a: Calyrex|atk|1\n|\n|-weather|SunnyDay|[upkeep]\n|upkeep\n|turn|5\n|\n|t:|1740091194\n|move|p2a: Zamazenta|Protect||[still]\n|-fail|p2a: Zamazenta\n|move|p1b: Torkoal|Weather Ball|p2a: Zamazenta\n|-supereffective|p2a: Zamazenta\n|-damage|p2a: Zamazenta|0 fnt\n|faint|p2a: Zamazenta\n|\n|win|2190175p\n|raw|2190175p's rating: 1637 &rarr; <strong>1658<\/strong><br \/>(+21 for winning)\n|raw|Hikawari's rating: 1650 &rarr; <strong>1629<\/strong><br \/>(-21 for losing)\n|l|\u2606Hikawari\n|player|p2|\n|l|\u26062190175p\n|player|p1|\n|l| coolio1997\n|l| ChilledLotusA\n","uploadtime":1740091431,"views":5,"formatid":"gen9vgc2025regg","rating":1629,"private":0,"password":null}