{"id":"gen9vgc2025regg-2304178287","format":"[Gen 9] VGC 2025 Reg G","players":["tachitsuteto12345","firepatriley"],"log":"|j|\u2606tachitsuteto12345\n|j|\u2606firepatriley\n|t:|1740018239\n|gametype|doubles\n|player|p1|tachitsuteto12345|1|1572\n|player|p2|firepatriley|101|1631\n|teamsize|p1|6\n|teamsize|p2|6\n|gen|9\n|tier|[Gen 9] VGC 2025 Reg G\n|rated|\n|rule|Species Clause: Limit one of each Pok\u00e9mon\n|rule|Item Clause: Limit 1 of each item\n|clearpoke\n|poke|p1|Calyrex-Ice, L50|\n|poke|p1|Raging Bolt, L50|\n|poke|p1|Urshifu-*, L50, F|\n|poke|p1|Pelipper, L50, F|\n|poke|p1|Incineroar, L50, M|\n|poke|p1|Amoonguss, L50, F|\n|poke|p2|Lunala, L50|\n|poke|p2|Ursaluna, L50, F|\n|poke|p2|Urshifu-*, L50, M|\n|poke|p2|Rillaboom, L50, M|\n|poke|p2|Incineroar, L50, F|\n|poke|p2|Amoonguss, L50, F|\n|teampreview|4\n|inactive|Battle timer is ON: inactive players will automatically lose when time's up. (requested by firepatriley)\nfirepatriley rejected open team sheets.\n|inactive|tachitsuteto12345 has 60 seconds left.\n|\n|t:|1740018295\n|start\n|switch|p1a: Pelipper|Pelipper, L50, F|100\/100\n|switch|p1b: Calyrex|Calyrex-Ice, L50|100\/100\n|switch|p2a: Urshifu|Urshifu-Rapid-Strike, L50, M|100\/100\n|switch|p2b: Lunala|Lunala, L50|100\/100\n|-ability|p1b: Calyrex|As One\n|-ability|p1b: Calyrex|Unnerve\n|-weather|RainDance|[from] ability: Drizzle|[of] p1a: Pelipper\n|turn|1\n|j| 413XP\n|\n|t:|1740018312\n|switch|p1b: Amoonguss|Amoonguss, L50, F|100\/100\n|move|p2a: Urshifu|Surging Strikes|p1b: Amoonguss\n|-resisted|p1b: Amoonguss\n|-crit|p1b: Amoonguss\n|-damage|p1b: Amoonguss|86\/100\n|-resisted|p1b: Amoonguss\n|-crit|p1b: Amoonguss\n|-damage|p1b: Amoonguss|73\/100\n|-resisted|p1b: Amoonguss\n|-crit|p1b: Amoonguss\n|-damage|p1b: Amoonguss|59\/100\n|-hitcount|p1b: Amoonguss|3\n|move|p2b: Lunala|Meteor Beam||[still]\n|-prepare|p2b: Lunala|Meteor Beam\n|-boost|p2b: Lunala|spa|1\n|-enditem|p2b: Lunala|Power Herb\n|-anim|p2b: Lunala|Meteor Beam|p1a: Pelipper\n|-supereffective|p1a: Pelipper\n|-enditem|p1a: Pelipper|Focus Sash\n|-damage|p1a: Pelipper|1\/100\n|move|p1a: Pelipper|Hurricane|p2a: Urshifu\n|-supereffective|p2a: Urshifu\n|-enditem|p2a: Urshifu|Focus Sash\n|-damage|p2a: Urshifu|1\/100\n|\n|-weather|RainDance|[upkeep]\n|upkeep\n|turn|2\n|j| ChilledLotusA\n|inactive|tachitsuteto12345 has 30 seconds left.\n|inactive|firepatriley has 30 seconds left.\n|inactive|tachitsuteto12345 has 20 seconds left.\n|inactive|tachitsuteto12345 has 15 seconds left.\n|inactive|tachitsuteto12345 has 10 seconds left.\n|inactive|tachitsuteto12345 has 5 seconds left.\n|\n|t:|1740018364\n|switch|p1b: Incineroar|Incineroar, L50, M|100\/100\n|-ability|p1b: Incineroar|Intimidate|boost\n|-unboost|p2a: Urshifu|atk|1\n|-unboost|p2b: Lunala|atk|1\n|-terastallize|p2a: Urshifu|Stellar\n|move|p2a: Urshifu|Surging Strikes|p1b: Incineroar\n|-supereffective|p1b: Incineroar\n|-crit|p1b: Incineroar\n|-damage|p1b: Incineroar|39\/100\n|-damage|p2a: Urshifu|0 fnt|[from] item: Rocky Helmet|[of] p1b: Incineroar\n|faint|p2a: Urshifu\n|-hitcount|p1b: Incineroar|1\n|move|p2b: Lunala|Moonblast|p1a: Pelipper\n|-damage|p1a: Pelipper|0 fnt\n|faint|p1a: Pelipper\n|\n|-weather|RainDance|[upkeep]\n|upkeep\n|\n|t:|1740018387\n|switch|p2a: Incineroar|Incineroar, L50, F|100\/100\n|switch|p1a: Amoonguss|Amoonguss, L50, F|92\/100\n|-ability|p2a: Incineroar|Intimidate|boost\n|-unboost|p1a: Amoonguss|atk|1\n|-unboost|p1b: Incineroar|atk|1\n|turn|3\n|\n|t:|1740018407\n|move|p1b: Incineroar|Fake Out|p2a: Incineroar\n|-damage|p2a: Incineroar|94\/100\n|cant|p2a: Incineroar|flinch\n|move|p2b: Lunala|Moonblast|p1b: Incineroar\n|-damage|p1b: Incineroar|0 fnt\n|faint|p1b: Incineroar\n|move|p1a: Amoonguss|Spore|p2b: Lunala\n|-status|p2b: Lunala|slp|[from] move: Spore\n|\n|-weather|RainDance|[upkeep]\n|upkeep\n|\n|t:|1740018420\n|switch|p1b: Calyrex|Calyrex-Ice, L50|100\/100\n|-ability|p1b: Calyrex|As One\n|-ability|p1b: Calyrex|Unnerve\n|turn|4\n|j| God of restricted\n|\n|t:|1740018438\n|-terastallize|p1b: Calyrex|Fairy\n|move|p1a: Amoonguss|Rage Powder|p1a: Amoonguss\n|-singleturn|p1a: Amoonguss|move: Rage Powder\n|cant|p2b: Lunala|slp\n|move|p2a: Incineroar|Knock Off|p1b: Calyrex\n|-resisted|p1b: Calyrex\n|-damage|p1b: Calyrex|86\/100\n|-enditem|p1b: Calyrex|Icicle Plate|[from] move: Knock Off|[of] p2a: Incineroar\n|move|p1b: Calyrex|Trick Room|p1b: Calyrex\n|-fieldstart|move: Trick Room|[of] p1b: Calyrex\n|\n|-weather|RainDance|[upkeep]\n|upkeep\n|turn|5\n|\n|t:|1740018458\n|move|p1a: Amoonguss|Clear Smog|p2b: Lunala\n|-resisted|p2b: Lunala\n|-damage|p2b: Lunala|98\/100 slp\n|-clearboost|p2b: Lunala\n|move|p1b: Calyrex|Glacial Lance|p2b: Lunala|[spread] p2a,p2b\n|-resisted|p2a: Incineroar\n|-damage|p2a: Incineroar|69\/100\n|-damage|p2b: Lunala|51\/100 slp\n|move|p2a: Incineroar|Parting Shot|p1b: Calyrex\n|-unboost|p1b: Calyrex|atk|1\n|-unboost|p1b: Calyrex|spa|1\n|\n|t:|1740018465\n|switch|p2a: Rillaboom|Rillaboom, L50, M|100\/100|[from] Parting Shot\n|-fieldstart|move: Grassy Terrain|[from] ability: Grassy Surge|[of] p2a: Rillaboom\n|cant|p2b: Lunala|slp\n|\n|-weather|none\n|-heal|p1a: Amoonguss|98\/100|[from] Grassy Terrain\n|-heal|p1b: Calyrex|92\/100|[from] Grassy Terrain\n|-heal|p2b: Lunala|57\/100 slp|[from] Grassy Terrain\n|upkeep\n|turn|6\n|\n|t:|1740018484\n|switch|p2b: Incineroar|Incineroar, L50, F|69\/100\n|-ability|p2b: Incineroar|Intimidate|boost\n|-unboost|p1a: Amoonguss|atk|1\n|-unboost|p1b: Calyrex|atk|1\n|move|p2a: Rillaboom|Fake Out|p1b: Calyrex\n|-damage|p1b: Calyrex|84\/100\n|move|p1a: Amoonguss|Clear Smog|p1b: Calyrex\n|-supereffective|p1b: Calyrex\n|-damage|p1b: Calyrex|62\/100\n|-clearboost|p1b: Calyrex\n|cant|p1b: Calyrex|flinch\n|\n|-heal|p1a: Amoonguss|100\/100|[from] Grassy Terrain\n|-heal|p1b: Calyrex|68\/100|[from] Grassy Terrain\n|-heal|p2b: Incineroar|75\/100|[from] Grassy Terrain\n|upkeep\n|turn|7\n|\n|t:|1740018506\n|move|p2b: Incineroar|Fake Out|p1b: Calyrex\n|-damage|p1b: Calyrex|61\/100\n|move|p1a: Amoonguss|Pollen Puff|p1b: Calyrex\n|-heal|p1b: Calyrex|100\/100\n|cant|p1b: Calyrex|flinch\n|move|p2a: Rillaboom|Wood Hammer|p1b: Calyrex\n|-damage|p1b: Calyrex|53\/100\n|-damage|p2a: Rillaboom|84\/100|[from] Recoil\n|\n|-heal|p1b: Calyrex|58\/100|[from] Grassy Terrain\n|-heal|p2b: Incineroar|81\/100|[from] Grassy Terrain\n|-heal|p2a: Rillaboom|90\/100|[from] Grassy Terrain\n|upkeep\n|turn|8\n|\n|t:|1740018525\n|switch|p2a: Lunala|Lunala, L50|57\/100 slp\n|move|p1a: Amoonguss|Pollen Puff|p1b: Calyrex\n|-heal|p1b: Calyrex|100\/100\n|move|p1b: Calyrex|Glacial Lance|p2b: Incineroar|[spread] p2a,p2b\n|-resisted|p2b: Incineroar\n|-damage|p2a: Lunala|14\/100 slp\n|-damage|p2b: Incineroar|55\/100\n|move|p2b: Incineroar|Flare Blitz|p1a: Amoonguss\n|-supereffective|p1a: Amoonguss\n|-damage|p1a: Amoonguss|0 fnt\n|faint|p1a: Amoonguss\n|-damage|p2b: Incineroar|19\/100|[from] Recoil\n|\n|-heal|p2b: Incineroar|25\/100|[from] Grassy Terrain\n|-heal|p2a: Lunala|21\/100 slp|[from] Grassy Terrain\n|-fieldend|move: Trick Room\n|upkeep\n|turn|9\n|inactive|tachitsuteto12345 has 30 seconds left.\n|\n|t:|1740018554\n|-curestatus|p2a: Lunala|slp|[msg]\n|move|p2a: Lunala|Moonblast|p1b: Calyrex\n|-damage|p1b: Calyrex|78\/100\n|move|p2b: Incineroar|Parting Shot|p1b: Calyrex\n|-unboost|p1b: Calyrex|atk|1\n|-unboost|p1b: Calyrex|spa|1\n|\n|t:|1740018559\n|switch|p2b: Rillaboom|Rillaboom, L50, M|90\/100|[from] Parting Shot\n|move|p1b: Calyrex|Trick Room|p1b: Calyrex\n|-fieldstart|move: Trick Room|[of] p1b: Calyrex\n|\n|-heal|p1b: Calyrex|84\/100|[from] Grassy Terrain\n|-heal|p2b: Rillaboom|96\/100|[from] Grassy Terrain\n|-heal|p2a: Lunala|27\/100|[from] Grassy Terrain\n|-fieldend|move: Grassy Terrain\n|upkeep\n|turn|10\n|l| God of restricted\n|\n|t:|1740018571\n|switch|p2a: Incineroar|Incineroar, L50, F|25\/100\n|-ability|p2a: Incineroar|Intimidate|boost\n|-unboost|p1b: Calyrex|atk|1\n|move|p2b: Rillaboom|Fake Out|p1b: Calyrex\n|-damage|p1b: Calyrex|75\/100\n|cant|p1b: Calyrex|flinch\n|\n|upkeep\n|turn|11\n|\n|t:|1740018581\n|switch|p2b: Lunala|Lunala, L50|27\/100\n|move|p2a: Incineroar|Fake Out|p1b: Calyrex\n|-damage|p1b: Calyrex|67\/100\n|cant|p1b: Calyrex|flinch\n|\n|upkeep\n|turn|12\n|\n|t:|1740018590\n|switch|p2a: Rillaboom|Rillaboom, L50, M|96\/100\n|-fieldstart|move: Grassy Terrain|[from] ability: Grassy Surge|[of] p2a: Rillaboom\n|move|p2b: Lunala|Protect|p2b: Lunala\n|-singleturn|p2b: Lunala|Protect\n|move|p1b: Calyrex|Glacial Lance|p2b: Lunala|[spread] p2a\n|-activate|p2b: Lunala|move: Protect\n|-supereffective|p2a: Rillaboom\n|-damage|p2a: Rillaboom|46\/100\n|\n|-heal|p1b: Calyrex|73\/100|[from] Grassy Terrain\n|-heal|p2a: Rillaboom|51\/100|[from] Grassy Terrain\n|-heal|p2b: Lunala|33\/100|[from] Grassy Terrain\n|upkeep\n|turn|13\n|\n|t:|1740018606\n|switch|p2b: Incineroar|Incineroar, L50, F|25\/100\n|-ability|p2b: Incineroar|Intimidate|boost\n|-unboost|p1b: Calyrex|atk|1\n|move|p2a: Rillaboom|Fake Out|p1b: Calyrex\n|-damage|p1b: Calyrex|65\/100\n|cant|p1b: Calyrex|flinch\n|\n|-heal|p1b: Calyrex|71\/100|[from] Grassy Terrain\n|-heal|p2b: Incineroar|31\/100|[from] Grassy Terrain\n|-heal|p2a: Rillaboom|57\/100|[from] Grassy Terrain\n|-fieldend|move: Trick Room\n|upkeep\n|turn|14\n|\n|t:|1740018620\n|move|p1b: Calyrex|Protect|p1b: Calyrex\n|-singleturn|p1b: Calyrex|Protect\n|move|p2b: Incineroar|Fake Out|p1b: Calyrex\n|-activate|p1b: Calyrex|move: Protect\n|move|p2a: Rillaboom|Wood Hammer|p1b: Calyrex\n|-activate|p1b: Calyrex|move: Protect\n|\n|-heal|p2a: Rillaboom|63\/100|[from] Grassy Terrain\n|-heal|p2b: Incineroar|37\/100|[from] Grassy Terrain\n|-heal|p1b: Calyrex|76\/100|[from] Grassy Terrain\n|upkeep\n|turn|15\n|\n|t:|1740018634\n|move|p2a: Rillaboom|Wood Hammer|p1b: Calyrex\n|-damage|p1b: Calyrex|24\/100\n|-damage|p2a: Rillaboom|46\/100|[from] Recoil\n|move|p2b: Incineroar|Flare Blitz|p1b: Calyrex\n|-damage|p1b: Calyrex|0 fnt\n|faint|p1b: Calyrex\n|-damage|p2b: Incineroar|29\/100|[from] Recoil\n|\n|win|firepatriley\n|raw|tachitsuteto12345's rating: 1572 &rarr; <strong>1555<\/strong><br \/>(-17 for losing)\n|raw|firepatriley's rating: 1631 &rarr; <strong>1648<\/strong><br \/>(+17 for winning)\n|c|\u2606firepatriley|gg\n|l|\u2606tachitsuteto12345\n|player|p1|\n|l|\u2606firepatriley\n|player|p2|\n","uploadtime":1740018779,"views":6,"formatid":"gen9vgc2025regg","rating":1555,"private":0,"password":null}