{"id":"gen9vgc2025regg-2304322194","format":"[Gen 9] VGC 2025 Reg G","players":["nolemonnomelon","necrozma000"],"log":"|j|\u2606nolemonnomelon\n|j|\u2606necrozma000\n|t:|1740043323\n|gametype|doubles\n|player|p1|nolemonnomelon|hilda|1594\n|player|p2|necrozma000|266|1654\n|teamsize|p1|6\n|teamsize|p2|6\n|gen|9\n|tier|[Gen 9] VGC 2025 Reg G\n|rated|\n|rule|Species Clause: Limit one of each Pok\u00e9mon\n|rule|Item Clause: Limit 1 of each item\n|clearpoke\n|poke|p1|Calyrex-Shadow, L50|\n|poke|p1|Tatsugiri-Droopy, L50, F|\n|poke|p1|Weezing-Galar, L50, M|\n|poke|p1|Dondozo, L50, F|\n|poke|p1|Rillaboom, L50, F|\n|poke|p1|Landorus, L50, M|\n|poke|p2|Dondozo, L50, M|\n|poke|p2|Tatsugiri, L50, M|\n|poke|p2|Regigigas, L50|\n|poke|p2|Calyrex-Shadow, L50|\n|poke|p2|Indeedee-F, L50, F|\n|poke|p2|Pelipper, L50, M|\n|teampreview|4\n|j| It'sAWalkingWake\n|inactive|Battle timer is ON: inactive players will automatically lose when time's up. (requested by necrozma000)\n|j| poktiyty3ty\n|\n|t:|1740043368\n|start\n|switch|p1a: Calyrex|Calyrex-Shadow, L50|100\/100\n|switch|p1b: Weezing|Weezing-Galar, L50, M|100\/100\n|switch|p2a: Dondozo|Dondozo, L50, M|100\/100\n|switch|p2b: Calyrex|Calyrex-Shadow, L50|100\/100\n|-ability|p1b: Weezing|Neutralizing Gas\n|-ability|p2b: Calyrex|As One\n|-ability|p2b: Calyrex|Unnerve\n|-ability|p1a: Calyrex|As One\n|-ability|p1a: Calyrex|Unnerve\n|turn|1\n|\n|t:|1740043379\n|switch|p2b: Tatsugiri|Tatsugiri, L50, M|100\/100\n|-activate|p2b: Tatsugiri|ability: Commander|[of] p2a: Dondozo\n|-boost|p2a: Dondozo|atk|2\n|-boost|p2a: Dondozo|spa|2\n|-boost|p2a: Dondozo|spe|2\n|-boost|p2a: Dondozo|def|2\n|-boost|p2a: Dondozo|spd|2\n|-terastallize|p1a: Calyrex|Normal\n|move|p1a: Calyrex|Astral Barrage|p2a: Dondozo|[spread] p2a\n|-miss|p1a: Calyrex|p2b: Tatsugiri\n|-damage|p2a: Dondozo|64\/100\n|-damage|p1a: Calyrex|91\/100|[from] item: Life Orb\n|move|p2a: Dondozo|Earthquake|p1b: Weezing|[spread] p1a,p1b\n|-miss|p2a: Dondozo|p2b: Tatsugiri\n|-supereffective|p1b: Weezing\n|-damage|p1a: Calyrex|36\/100\n|-damage|p1b: Weezing|39\/100\n|move|p1b: Weezing|Poison Gas|p2a: Dondozo|[spread] p2a\n|-miss|p1b: Weezing|p2b: Tatsugiri\n|-status|p2a: Dondozo|psn\n|\n|-damage|p2a: Dondozo|52\/100 psn|[from] psn\n|upkeep\n|turn|2\n|c| poktiyty3ty|hi\n|\n|t:|1740043398\n|move|p1a: Calyrex|Protect|p1a: Calyrex\n|-singleturn|p1a: Calyrex|Protect\n|move|p1b: Weezing|Protect|p1b: Weezing\n|-singleturn|p1b: Weezing|Protect\n|move|p2a: Dondozo|Earthquake|p1a: Calyrex|[spread] \n|-miss|p2a: Dondozo|p2b: Tatsugiri\n|-activate|p1a: Calyrex|move: Protect\n|-activate|p1b: Weezing|move: Protect\n|\n|-damage|p2a: Dondozo|39\/100 psn|[from] psn\n|upkeep\n|turn|3\n|\n|t:|1740043404\n|switch|p1a: Dondozo|Dondozo, L50, F|100\/100\n|-end|p1b: Weezing|ability: Neutralizing Gas\n|switch|p1b: Tatsugiri|Tatsugiri-Droopy, L50, F|100\/100\n|-activate|p1b: Tatsugiri|ability: Commander|[of] p1a: Dondozo\n|-boost|p1a: Dondozo|atk|2\n|-boost|p1a: Dondozo|spa|2\n|-boost|p1a: Dondozo|spe|2\n|-boost|p1a: Dondozo|def|2\n|-boost|p1a: Dondozo|spd|2\n|move|p2a: Dondozo|Earthquake|p1b: Tatsugiri|[spread] p1a\n|-miss|p2a: Dondozo|p2b: Tatsugiri\n|-miss|p2a: Dondozo|p1b: Tatsugiri\n|-damage|p1a: Dondozo|95\/100\n|\n|-heal|p1a: Dondozo|100\/100|[from] item: Leftovers\n|-damage|p2a: Dondozo|27\/100 psn|[from] psn\n|upkeep\n|turn|4\n|\n|t:|1740043417\n|move|p2a: Dondozo|Earthquake|p1a: Dondozo|[spread] p1a\n|-miss|p2a: Dondozo|p2b: Tatsugiri\n|-miss|p2a: Dondozo|p1b: Tatsugiri\n|-damage|p1a: Dondozo|95\/100\n|move|p1a: Dondozo|Order Up|p2a: Dondozo\n|-damage|p2a: Dondozo|2\/100 psn\n|-boost|p1a: Dondozo|def|1\n|\n|-heal|p1a: Dondozo|100\/100|[from] item: Leftovers\n|-damage|p2a: Dondozo|0 fnt|[from] psn\n|faint|p2a: Dondozo\n|upkeep\n|\n|t:|1740043427\n|switch|p2a: Calyrex|Calyrex-Shadow, L50|100\/100\n|-ability|p2a: Calyrex|As One\n|-ability|p2a: Calyrex|Unnerve\n|turn|5\n|\n|t:|1740043441\n|move|p2a: Calyrex|Astral Barrage|p1a: Dondozo|[spread] p1a\n|-miss|p2a: Calyrex|p1b: Tatsugiri\n|-damage|p1a: Dondozo|74\/100\n|move|p1a: Dondozo|Order Up|p2b: Tatsugiri\n|-supereffective|p2b: Tatsugiri\n|-damage|p2b: Tatsugiri|0 fnt\n|faint|p2b: Tatsugiri\n|-boost|p1a: Dondozo|def|1\n|\n|-heal|p1a: Dondozo|80\/100|[from] item: Leftovers\n|upkeep\n|\n|t:|1740043449\n|switch|p2b: Pelipper|Pelipper, L50, M|100\/100\n|-weather|RainDance|[from] ability: Drizzle|[of] p2b: Pelipper\n|turn|6\n|\n|t:|1740043455\n|move|p2a: Calyrex|Astral Barrage|p1b: Tatsugiri|[spread] p1a\n|-miss|p2a: Calyrex|p1b: Tatsugiri\n|-damage|p1a: Dondozo|53\/100\n|move|p1a: Dondozo|Wave Crash|p2a: Calyrex\n|-enditem|p2a: Calyrex|Focus Sash\n|-damage|p2a: Calyrex|1\/100\n|-damage|p1a: Dondozo|30\/100|[from] Recoil\n|move|p2b: Pelipper|Hurricane|p1a: Dondozo\n|-damage|p1a: Dondozo|11\/100\n|\n|-weather|RainDance|[upkeep]\n|-heal|p1a: Dondozo|18\/100|[from] item: Leftovers\n|upkeep\n|turn|7\n|\n|t:|1740043476\n|move|p1a: Dondozo|Protect|p1a: Dondozo\n|-singleturn|p1a: Dondozo|Protect\n|move|p2a: Calyrex|Expanding Force|p1a: Dondozo\n|-activate|p1a: Dondozo|move: Protect\n|move|p2b: Pelipper|Hurricane|p1a: Dondozo\n|-activate|p1a: Dondozo|move: Protect\n|\n|-weather|RainDance|[upkeep]\n|-heal|p1a: Dondozo|24\/100|[from] item: Leftovers\n|upkeep\n|turn|8\n|\n|t:|1740043485\n|move|p2a: Calyrex|Encore|p1a: Dondozo\n|-start|p1a: Dondozo|Encore\n|move|p1a: Dondozo|Protect||[still]\n|-fail|p1a: Dondozo\n|move|p2b: Pelipper|Hurricane|p1a: Dondozo\n|-damage|p1a: Dondozo|5\/100\n|-start|p1a: Dondozo|confusion\n|\n|-weather|RainDance|[upkeep]\n|-heal|p1a: Dondozo|11\/100|[from] item: Leftovers\n|upkeep\n|turn|9\n|\n|t:|1740043495\n|-activate|p1a: Dondozo|confusion\n|move|p1a: Dondozo|Protect|p1a: Dondozo\n|-singleturn|p1a: Dondozo|Protect\n|move|p2a: Calyrex|Astral Barrage|p1a: Dondozo|[spread] \n|-miss|p2a: Calyrex|p1b: Tatsugiri\n|-activate|p1a: Dondozo|move: Protect\n|move|p2b: Pelipper|Hurricane|p1a: Dondozo\n|-activate|p1a: Dondozo|move: Protect\n|\n|-weather|RainDance|[upkeep]\n|-heal|p1a: Dondozo|18\/100|[from] item: Leftovers\n|upkeep\n|turn|10\n|\n|t:|1740043499\n|-end|p1a: Dondozo|confusion\n|move|p1a: Dondozo|Protect||[still]\n|-fail|p1a: Dondozo\n|move|p2a: Calyrex|Astral Barrage|p1b: Tatsugiri|[spread] p1a\n|-miss|p2a: Calyrex|p1b: Tatsugiri\n|-damage|p1a: Dondozo|0 fnt\n|faint|p1a: Dondozo\n|-ability|p2a: Calyrex|Grim Neigh|boost\n|-boost|p2a: Calyrex|spa|1\n|move|p2b: Pelipper|Hurricane|p1b: Tatsugiri\n|-damage|p1b: Tatsugiri|52\/100\n|-start|p1b: Tatsugiri|confusion\n|\n|-weather|none\n|upkeep\n|\n|t:|1740043505\n|switch|p1a: Calyrex|Calyrex-Shadow, L50, tera:Normal|36\/100\n|-ability|p1a: Calyrex|As One\n|-ability|p1a: Calyrex|Unnerve\n|turn|11\n|inactive|necrozma000 has 30 seconds left.\n|\n|t:|1740043533\n|move|p2b: Pelipper|Wide Guard|p2b: Pelipper\n|-singleturn|p2b: Pelipper|Wide Guard\n|move|p2a: Calyrex|Expanding Force|p1a: Calyrex\n|-damage|p1a: Calyrex|0 fnt\n|faint|p1a: Calyrex\n|-ability|p2a: Calyrex|Grim Neigh|boost\n|-boost|p2a: Calyrex|spa|1\n|-activate|p1b: Tatsugiri|confusion\n|move|p1b: Tatsugiri|Muddy Water|p2a: Calyrex|[spread] \n|-activate|p2a: Calyrex|move: Wide Guard\n|-activate|p2b: Pelipper|move: Wide Guard\n|\n|upkeep\n|\n|t:|1740043538\n|switch|p1a: Weezing|Weezing-Galar, L50, M|39\/100\n|-ability|p1a: Weezing|Neutralizing Gas\n|turn|12\n|\n|t:|1740043552\n|-end|p1b: Tatsugiri|confusion\n|move|p1b: Tatsugiri|Protect|p1b: Tatsugiri\n|-singleturn|p1b: Tatsugiri|Protect\n|move|p2a: Calyrex|Astral Barrage|p1a: Weezing|[spread] p1a\n|-activate|p1b: Tatsugiri|move: Protect\n|-damage|p1a: Weezing|0 fnt\n|faint|p1a: Weezing\n|-end|p1a: Weezing|ability: Neutralizing Gas\n|-weather|RainDance|[from] ability: Drizzle|[of] p2b: Pelipper\n|-ability|p2a: Calyrex|Grim Neigh|boost\n|-boost|p2a: Calyrex|spa|1\n|move|p2b: Pelipper|Hurricane|p1b: Tatsugiri\n|-activate|p1b: Tatsugiri|move: Protect\n|\n|-weather|RainDance|[upkeep]\n|upkeep\n|turn|13\n|\n|t:|1740043557\n|move|p2a: Calyrex|Astral Barrage|p1b: Tatsugiri\n|-damage|p1b: Tatsugiri|0 fnt\n|faint|p1b: Tatsugiri\n|\n|win|necrozma000\n|raw|nolemonnomelon's rating: 1594 &rarr; <strong>1577<\/strong><br \/>(-17 for losing)\n|raw|necrozma000's rating: 1654 &rarr; <strong>1671<\/strong><br \/>(+17 for winning)\n|c|\u2606nolemonnomelon|unfortunate speed tie\n|c|\u2606nolemonnomelon|gg\n|l| poktiyty3ty\n|l|\u2606nolemonnomelon\n|player|p1|\n|l| It'sAWalkingWake\n|l|\u2606necrozma000\n|player|p2|\n","uploadtime":1740043797,"views":7,"formatid":"gen9vgc2025regg","rating":1577,"private":0,"password":null}