{"id":"gen9vgc2025regg-2304557344","format":"[Gen 9] VGC 2025 Reg G","players":["ScraggyPatty","goOnUseTera"],"log":"|j|\u2606ScraggyPatty\n|j|\u2606goOnUseTera\n|t:|1740073558\n|gametype|doubles\n|player|p1|ScraggyPatty|266|1553\n|player|p2|goOnUseTera|1|1506\n|teamsize|p1|6\n|teamsize|p2|6\n|gen|9\n|tier|[Gen 9] VGC 2025 Reg G\n|rated|\n|rule|Species Clause: Limit one of each Pok\u00e9mon\n|rule|Item Clause: Limit 1 of each item\n|clearpoke\n|poke|p1|Calyrex-Ice, L50|\n|poke|p1|Amoonguss, L50, M|\n|poke|p1|Farigiraf, L50, F|\n|poke|p1|Ogerpon-Wellspring, L50, F|\n|poke|p1|Iron Hands, L50|\n|poke|p1|Magmar, L50, F|\n|poke|p2|Whimsicott, L50, F|\n|poke|p2|Miraidon, L50|\n|poke|p2|Urshifu-*, L50, F|\n|poke|p2|Iron Leaves, L50|\n|poke|p2|Incineroar, L50, F|\n|poke|p2|Iron Hands, L50|\n|teampreview|4\n|inactive|Battle timer is ON: inactive players will automatically lose when time's up. (requested by goOnUseTera)\n|\n|t:|1740073582\n|start\n|switch|p1a: Ogerpon|Ogerpon-Wellspring, L50, F|100\/100\n|switch|p1b: Calyrex|Calyrex-Ice, L50|100\/100\n|switch|p2a: Incineroar|Incineroar, L50, F|100\/100\n|switch|p2b: Iron Hands|Iron Hands, L50|100\/100\n|-ability|p1b: Calyrex|As One\n|-ability|p1b: Calyrex|Unnerve\n|-ability|p2a: Incineroar|Intimidate|boost\n|-unboost|p1a: Ogerpon|atk|1\n|-fail|p1b: Calyrex|unboost|[from] item: Clear Amulet|[of] p1b: Calyrex\n|turn|1\n|\n|t:|1740073597\n|move|p1a: Ogerpon|Spiky Shield|p1a: Ogerpon\n|-singleturn|p1a: Ogerpon|move: Protect\n|move|p1b: Calyrex|Protect|p1b: Calyrex\n|-singleturn|p1b: Calyrex|Protect\n|move|p2a: Incineroar|Fake Out|p1a: Ogerpon\n|-activate|p1a: Ogerpon|move: Protect\n|-damage|p2a: Incineroar|88\/100|[from] Spiky Shield|[of] p1a: Ogerpon\n|move|p2b: Iron Hands|Swords Dance|p2b: Iron Hands\n|-boost|p2b: Iron Hands|atk|2\n|\n|upkeep\n|turn|2\n|inactive|ScraggyPatty has 30 seconds left.\n|\n|t:|1740073624\n|switch|p2a: Urshifu|Urshifu-Rapid-Strike, L50, F|100\/100\n|-terastallize|p2b: Iron Hands|Fire\n|-terastallize|p1b: Calyrex|Fire\n|move|p1a: Ogerpon|Ivy Cudgel|p2b: Iron Hands|[anim] Ivy Cudgel Water\n|-supereffective|p2b: Iron Hands\n|-damage|p2b: Iron Hands|49\/100\n|move|p2b: Iron Hands|Drain Punch|p1a: Ogerpon\n|-damage|p1a: Ogerpon|20\/100\n|-heal|p2b: Iron Hands|77\/100|[from] drain|[of] p1a: Ogerpon\n|move|p1b: Calyrex|High Horsepower|p2b: Iron Hands\n|-supereffective|p2b: Iron Hands\n|-damage|p2b: Iron Hands|23\/100\n|\n|upkeep\n|turn|3\n|inactive|ScraggyPatty has 30 seconds left.\n|inactive|goOnUseTera has 30 seconds left.\n|inactive|ScraggyPatty has 20 seconds left.\n|\n|t:|1740073663\n|move|p1a: Ogerpon|Follow Me|p1a: Ogerpon\n|-singleturn|p1a: Ogerpon|move: Follow Me\n|move|p2a: Urshifu|Surging Strikes|p1a: Ogerpon\n|-heal|p1a: Ogerpon|45\/100|[from] ability: Water Absorb|[of] p2a: Urshifu\n|move|p2b: Iron Hands|Drain Punch|p1a: Ogerpon\n|-damage|p1a: Ogerpon|0 fnt\n|-heal|p2b: Iron Hands|39\/100|[from] drain|[of] p1a: Ogerpon\n|faint|p1a: Ogerpon\n|move|p1b: Calyrex|High Horsepower|p2b: Iron Hands\n|-supereffective|p2b: Iron Hands\n|-damage|p2b: Iron Hands|0 fnt\n|faint|p2b: Iron Hands\n|-end|p2b: Iron Hands|Quark Drive|[silent]\n|-ability|p1b: Calyrex|Chilling Neigh|boost\n|-boost|p1b: Calyrex|atk|1\n|\n|upkeep\n|\n|t:|1740073676\n|switch|p1a: Iron Hands|Iron Hands, L50|100\/100\n|switch|p2b: Incineroar|Incineroar, L50, F|88\/100\n|-ability|p2b: Incineroar|Intimidate|boost\n|-unboost|p1a: Iron Hands|atk|1\n|-fail|p1b: Calyrex|unboost|[from] item: Clear Amulet|[of] p1b: Calyrex\n|turn|4\n|inactive|ScraggyPatty has 30 seconds left.\n|\n|t:|1740073709\n|move|p2b: Incineroar|Fake Out|p1a: Iron Hands\n|-damage|p1a: Iron Hands|92\/100\n|move|p2a: Urshifu|Surging Strikes|p1b: Calyrex\n|-supereffective|p1b: Calyrex\n|-crit|p1b: Calyrex\n|-damage|p1b: Calyrex|72\/100\n|-supereffective|p1b: Calyrex\n|-crit|p1b: Calyrex\n|-damage|p1b: Calyrex|47\/100\n|-supereffective|p1b: Calyrex\n|-crit|p1b: Calyrex\n|-damage|p1b: Calyrex|23\/100\n|-hitcount|p1b: Calyrex|3\n|cant|p1a: Iron Hands|flinch\n|move|p1b: Calyrex|Trick Room|p1b: Calyrex\n|-fieldstart|move: Trick Room|[of] p1b: Calyrex\n|\n|upkeep\n|turn|5\n|inactive|goOnUseTera has 30 seconds left.\n|\n|t:|1740073740\n|move|p1a: Iron Hands|Wild Charge|p2a: Urshifu\n|-supereffective|p2a: Urshifu\n|-damage|p2a: Urshifu|34\/100\n|-damage|p1a: Iron Hands|81\/100|[from] Recoil\n|move|p1b: Calyrex|Glacial Lance|p2b: Incineroar|[spread] p2a,p2b\n|-resisted|p2a: Urshifu\n|-resisted|p2b: Incineroar\n|-damage|p2a: Urshifu|0 fnt\n|-damage|p2b: Incineroar|46\/100\n|faint|p2a: Urshifu\n|-ability|p1b: Calyrex|Chilling Neigh|boost\n|-boost|p1b: Calyrex|atk|1\n|move|p2b: Incineroar|Knock Off|p1b: Calyrex\n|-damage|p1b: Calyrex|0 fnt\n|-enditem|p1b: Calyrex|Clear Amulet|[from] move: Knock Off|[of] p2b: Incineroar\n|faint|p1b: Calyrex\n|\n|upkeep\n|\n|t:|1740073757\n|switch|p1b: Magmar|Magmar, L50, F|100\/100\n|switch|p2a: Miraidon|Miraidon, L50|100\/100\n|-fieldstart|move: Electric Terrain|[from] ability: Hadron Engine|[of] p2a: Miraidon\n|-activate|p1a: Iron Hands|ability: Quark Drive\n|-start|p1a: Iron Hands|quarkdrivedef\n|turn|6\n|\n|t:|1740073778\n|move|p1b: Magmar|Follow Me|p1b: Magmar\n|-singleturn|p1b: Magmar|move: Follow Me\n|move|p1a: Iron Hands|Drain Punch|p2b: Incineroar\n|-supereffective|p2b: Incineroar\n|-damage|p2b: Incineroar|0 fnt\n|-heal|p1a: Iron Hands|99\/100|[from] drain|[of] p2b: Incineroar\n|faint|p2b: Incineroar\n|move|p2a: Miraidon|Draco Meteor|p1b: Magmar\n|-damage|p1b: Magmar|0 fnt\n|-unboost|p2a: Miraidon|spa|2\n|faint|p1b: Magmar\n|\n|upkeep\n|turn|7\n|\n|t:|1740073790\n|move|p1a: Iron Hands|Drain Punch|p2a: Miraidon\n|-damage|p2a: Miraidon|73\/100\n|-heal|p1a: Iron Hands|100\/100|[from] drain|[of] p2a: Miraidon\n|move|p2a: Miraidon|Draco Meteor|p1a: Iron Hands\n|-crit|p1a: Iron Hands\n|-damage|p1a: Iron Hands|0 fnt\n|-unboost|p2a: Miraidon|spa|2\n|faint|p1a: Iron Hands\n|-end|p1a: Iron Hands|Quark Drive|[silent]\n|\n|win|goOnUseTera\n|raw|ScraggyPatty's rating: 1553 &rarr; <strong>1530<\/strong><br \/>(-23 for losing)\n|raw|goOnUseTera's rating: 1506 &rarr; <strong>1529<\/strong><br \/>(+23 for winning)\n|l|\u2606ScraggyPatty\n|player|p1|\n|c|\u2606goOnUseTera|Sorry for crit ggs\n|l|\u2606goOnUseTera\n|player|p2|\n","uploadtime":1740073957,"views":5,"formatid":"gen9vgc2025regg","rating":1529,"private":0,"password":null}