{"id":"gen9vgc2025regg-2304620304","format":"[Gen 9] VGC 2025 Reg G","players":["chappell murkroan","WHOTFISRYANPOWNEY"],"log":"|j|\u2606chappell murkroan\n|j|\u2606WHOTFISRYANPOWNEY\n|t:|1740079800\n|gametype|doubles\n|player|p1|chappell murkroan|caitlin|1662\n|player|p2|WHOTFISRYANPOWNEY|pokemonranger-gen4|1678\n|teamsize|p1|6\n|teamsize|p2|6\n|gen|9\n|tier|[Gen 9] VGC 2025 Reg G\n|rated|\n|rule|Species Clause: Limit one of each Pok\u00e9mon\n|rule|Item Clause: Limit 1 of each item\n|clearpoke\n|poke|p1|Chien-Pao, L50|\n|poke|p1|Amoonguss, L50, F|\n|poke|p1|Kyogre, L50|\n|poke|p1|Dragonite, L50, M|\n|poke|p1|Urshifu-*, L50, F|\n|poke|p1|Tornadus, L50, M|\n|poke|p2|Urshifu-*, L50, F|\n|poke|p2|Calyrex-Ice, L50|\n|poke|p2|Smeargle, L50, M|\n|poke|p2|Ogerpon-Hearthflame, L50, F|\n|poke|p2|Indeedee-F, L50, F|\n|poke|p2|Ursaluna-Bloodmoon, L50, M|\n|teampreview|4\n|inactive|Battle timer is ON: inactive players will automatically lose when time's up. (requested by chappell murkroan)\n|\n|t:|1740079829\n|start\n|switch|p1a: Urshifu|Urshifu-Rapid-Strike, L50, F|100\/100\n|switch|p1b: Kyogre|Kyogre, L50|100\/100\n|switch|p2a: Calyrex|Calyrex-Ice, L50|100\/100\n|switch|p2b: Smeargle|Smeargle, L50, M|100\/100\n|-ability|p2a: Calyrex|As One\n|-ability|p2a: Calyrex|Unnerve\n|-weather|RainDance|[from] ability: Drizzle|[of] p1b: Kyogre\n|turn|1\n|\n|t:|1740079837\n|-terastallize|p2a: Calyrex|Water\n|move|p2b: Smeargle|Fake Out|p1a: Urshifu\n|-damage|p1a: Urshifu|95\/100\n|cant|p1a: Urshifu|flinch\n|move|p1b: Kyogre|Water Spout|p2a: Calyrex|[spread] p2a,p2b\n|-resisted|p2a: Calyrex\n|-damage|p2a: Calyrex|58\/100\n|-enditem|p2b: Smeargle|Focus Sash\n|-damage|p2b: Smeargle|1\/100\n|move|p2a: Calyrex|Trick Room|p2a: Calyrex\n|-fieldstart|move: Trick Room|[of] p2a: Calyrex\n|\n|-weather|RainDance|[upkeep]\n|upkeep\n|turn|2\n|\n|t:|1740079853\n|move|p1a: Urshifu|Aqua Jet|p2b: Smeargle\n|-damage|p2b: Smeargle|0 fnt\n|faint|p2b: Smeargle\n|move|p2a: Calyrex|Glacial Lance|p1b: Kyogre|[spread] p1a,p1b\n|-resisted|p1a: Urshifu\n|-resisted|p1b: Kyogre\n|-damage|p1a: Urshifu|64\/100\n|-damage|p1b: Kyogre|64\/100\n|move|p1b: Kyogre|Origin Pulse|p2a: Calyrex\n|-resisted|p2a: Calyrex\n|-damage|p2a: Calyrex|21\/100\n|\n|-weather|RainDance|[upkeep]\n|upkeep\n|\n|t:|1740079860\n|switch|p2b: Indeedee|Indeedee-F, L50, F|100\/100\n|-fieldstart|move: Psychic Terrain|[from] ability: Psychic Surge|[of] p2b: Indeedee\n|-enditem|p2b: Indeedee|Psychic Seed\n|-boost|p2b: Indeedee|spd|1|[from] item: Psychic Seed\n|turn|3\n|inactive|WHOTFISRYANPOWNEY has 30 seconds left.\n|\n|t:|1740079887\n|move|p1a: Urshifu|Aqua Jet|p2b: Indeedee\n|-activate|p2b: Indeedee|move: Psychic Terrain\n|move|p2a: Calyrex|Glacial Lance|p1a: Urshifu|[spread] p1a,p1b\n|-resisted|p1a: Urshifu\n|-resisted|p1b: Kyogre\n|-damage|p1a: Urshifu|31\/100\n|-damage|p1b: Kyogre|31\/100\n|move|p2b: Indeedee|Heal Pulse|p2a: Calyrex\n|-heal|p2a: Calyrex|71\/100\n|move|p1b: Kyogre|Origin Pulse|p2b: Indeedee|[spread] \n|-miss|p1b: Kyogre|p2a: Calyrex\n|-miss|p1b: Kyogre|p2b: Indeedee\n|\n|-weather|RainDance|[upkeep]\n|upkeep\n|turn|4\n|c|\u2606chappell murkroan|oh\n|c|\u2606chappell murkroan|ok\n|\n|t:|1740079909\n|move|p1b: Kyogre|Protect|p1b: Kyogre\n|-singleturn|p1b: Kyogre|Protect\n|move|p1a: Urshifu|Aqua Jet|p2a: Calyrex\n|-activate|p2a: Calyrex|move: Psychic Terrain\n|move|p2a: Calyrex|Glacial Lance|p1b: Kyogre|[spread] p1a\n|-activate|p1b: Kyogre|move: Protect\n|-resisted|p1a: Urshifu\n|-damage|p1a: Urshifu|2\/100\n|move|p2b: Indeedee|Heal Pulse|p2a: Calyrex\n|-heal|p2a: Calyrex|100\/100\n|\n|-weather|RainDance|[upkeep]\n|upkeep\n|turn|5\n|inactive|WHOTFISRYANPOWNEY has 30 seconds left.\n|inactive|chappell murkroan has 30 seconds left.\n|\n|t:|1740079945\n|switch|p1a: Dragonite|Dragonite, L50, M|100\/100\n|move|p1b: Kyogre|Protect||[still]\n|-fail|p1b: Kyogre\n|move|p2a: Calyrex|Glacial Lance|p1b: Kyogre|[spread] p1a,p1b\n|-supereffective|p1a: Dragonite\n|-resisted|p1b: Kyogre\n|-damage|p1a: Dragonite|0 fnt\n|-damage|p1b: Kyogre|0 fnt\n|faint|p1a: Dragonite\n|faint|p1b: Kyogre\n|-ability|p2a: Calyrex|Chilling Neigh|boost\n|-boost|p2a: Calyrex|atk|2\n|move|p2b: Indeedee|Psychic|p1: Dragonite|[notarget]\n|-fail|p2b: Indeedee\n|\n|-weather|none\n|-fieldend|move: Trick Room\n|upkeep\n|\n|t:|1740079950\n|switch|p1b: Urshifu|Urshifu-Rapid-Strike, L50, F|2\/100\n|switch|p1a: Amoonguss|Amoonguss, L50, F|100\/100\n|turn|6\n|-message|chappell murkroan forfeited.\n|\n|win|WHOTFISRYANPOWNEY\n|raw|chappell murkroan's rating: 1662 &rarr; <strong>1643<\/strong><br \/>(-19 for losing)\n|raw|WHOTFISRYANPOWNEY's rating: 1678 &rarr; <strong>1697<\/strong><br \/>(+19 for winning)\n|l|\u2606chappell murkroan\n|player|p1|\n|l|\u2606WHOTFISRYANPOWNEY\n|player|p2|\n","uploadtime":1740079964,"views":14,"formatid":"gen9vgc2025regg","rating":1643,"private":0,"password":null}