{"id":"gen9vgc2025regg-2304041643","format":"[Gen 9] VGC 2025 Reg G","players":["Daleg","Hikawari"],"log":"|j|\u2606Daleg\n|j|\u2606Hikawari\n|t:|1740001282\n|gametype|doubles\n|player|p1|Daleg|170|1735\n|player|p2|Hikawari|169|1670\n|teamsize|p1|6\n|teamsize|p2|6\n|gen|9\n|tier|[Gen 9] VGC 2025 Reg G\n|rated|\n|rule|Species Clause: Limit one of each Pok\u00e9mon\n|rule|Item Clause: Limit 1 of each item\n|clearpoke\n|poke|p1|Zamazenta-*, L50|\n|poke|p1|Amoonguss, L50, F|\n|poke|p1|Chien-Pao, L50|\n|poke|p1|Flutter Mane, L50|\n|poke|p1|Rillaboom, L50, M|\n|poke|p1|Dragonite, L50, M|\n|poke|p2|Zamazenta-*, L50|\n|poke|p2|Chi-Yu, L50|\n|poke|p2|Rillaboom, L50, M|\n|poke|p2|Flutter Mane, L50|\n|poke|p2|Chien-Pao, L50|\n|poke|p2|Amoonguss, L50, M|\n|teampreview|4\n|inactive|Battle timer is ON: inactive players will automatically lose when time's up. (requested by Hikawari)\n|inactive|Daleg has 60 seconds left.\n|\n|t:|1740001326\n|start\n|switch|p1a: Flutter Mane|Flutter Mane, L50|100\/100\n|switch|p1b: Zamazenta|Zamazenta-Crowned, L50|100\/100\n|switch|p2a: Zamazenta|Zamazenta-Crowned, L50|100\/100\n|switch|p2b: Chi-Yu|Chi-Yu, L50|100\/100\n|-ability|p2b: Chi-Yu|Beads of Ruin\n|-ability|p1b: Zamazenta|Dauntless Shield|boost\n|-boost|p1b: Zamazenta|def|1\n|-ability|p2a: Zamazenta|Dauntless Shield|boost\n|-boost|p2a: Zamazenta|def|1\n|turn|1\n|inactive|Daleg has 30 seconds left.\n|\n|t:|1740001351\n|switch|p1b: Dragonite|Dragonite, L50, M|100\/100\n|-terastallize|p1a: Flutter Mane|Fire\n|move|p2a: Zamazenta|Protect|p2a: Zamazenta\n|-singleturn|p2a: Zamazenta|Protect\n|move|p2b: Chi-Yu|Overheat|p1b: Dragonite\n|-resisted|p1b: Dragonite\n|-crit|p1b: Dragonite\n|-damage|p1b: Dragonite|36\/100\n|-unboost|p2b: Chi-Yu|spa|2\n|move|p1a: Flutter Mane|Moonblast|p2a: Zamazenta\n|-activate|p2a: Zamazenta|move: Protect\n|\n|upkeep\n|turn|2\n|inactive|Daleg has 30 seconds left.\n|inactive|Daleg has 20 seconds left.\n|inactive|Daleg has 15 seconds left.\n|inactive|Daleg has 10 seconds left.\n|\n|t:|1740001399\n|switch|p2b: Amoonguss|Amoonguss, L50, M|100\/100\n|move|p1b: Dragonite|Extreme Speed|p2b: Amoonguss\n|-damage|p2b: Amoonguss|67\/100\n|-damage|p1b: Dragonite|20\/100|[from] item: Rocky Helmet|[of] p2b: Amoonguss\n|move|p1a: Flutter Mane|Moonblast|p2a: Zamazenta\n|-damage|p2a: Zamazenta|54\/100\n|move|p2a: Zamazenta|Body Press|p1a: Flutter Mane\n|-damage|p1a: Flutter Mane|3\/100\n|\n|upkeep\n|turn|3\n|inactive|Daleg has 30 seconds left.\n|inactive|Daleg has 20 seconds left.\n|\n|t:|1740001438\n|-end|p1a: Flutter Mane|Protosynthesis|[silent]\n|switch|p1a: Amoonguss|Amoonguss, L50, F|100\/100\n|move|p1b: Dragonite|Extreme Speed|p2a: Zamazenta\n|-resisted|p2a: Zamazenta\n|-crit|p2a: Zamazenta\n|-damage|p2a: Zamazenta|34\/100\n|move|p2b: Amoonguss|Rage Powder|p2b: Amoonguss\n|-singleturn|p2b: Amoonguss|move: Rage Powder\n|move|p2a: Zamazenta|Body Press|p1a: Amoonguss\n|-resisted|p1a: Amoonguss\n|-damage|p1a: Amoonguss|74\/100\n|-damage|p2a: Zamazenta|18\/100|[from] item: Rocky Helmet|[of] p1a: Amoonguss\n|\n|upkeep\n|turn|4\n|inactive|Daleg has 30 seconds left.\n|\n|t:|1740001466\n|move|p1b: Dragonite|Extreme Speed|p2a: Zamazenta\n|-resisted|p2a: Zamazenta\n|-damage|p2a: Zamazenta|8\/100\n|move|p2a: Zamazenta|Heavy Slam|p1a: Amoonguss\n|-damage|p1a: Amoonguss|37\/100\n|-damage|p2a: Zamazenta|0 fnt|[from] item: Rocky Helmet|[of] p1a: Amoonguss\n|faint|p2a: Zamazenta\n|move|p2b: Amoonguss|Sludge Bomb|p1a: Amoonguss\n|-damage|p1a: Amoonguss|12\/100\n|move|p1a: Amoonguss|Pollen Puff|p1b: Dragonite\n|-heal|p1b: Dragonite|69\/100\n|\n|upkeep\n|\n|t:|1740001483\n|switch|p2a: Chien-Pao|Chien-Pao, L50|100\/100\n|-ability|p2a: Chien-Pao|Sword of Ruin\n|turn|5\n|\n|t:|1740001503\n|switch|p1a: Zamazenta|Zamazenta-Crowned, L50|100\/100\n|-terastallize|p2a: Chien-Pao|Ghost\n|move|p1b: Dragonite|Extreme Speed|p2a: Chien-Pao\n|-immune|p2a: Chien-Pao\n|move|p2a: Chien-Pao|Icicle Crash|p1a: Zamazenta|[miss]\n|-miss|p2a: Chien-Pao|p1a: Zamazenta\n|move|p2b: Amoonguss|Spore|p1b: Dragonite\n|-status|p1b: Dragonite|slp|[from] move: Spore\n|\n|upkeep\n|turn|6\n|inactive|Daleg has 30 seconds left.\n|inactive|Daleg has 20 seconds left.\n|inactive|Daleg has 15 seconds left.\n|inactive|Daleg has 10 seconds left.\n|\n|t:|1740001552\n|switch|p2a: Chi-Yu|Chi-Yu, L50|100\/100\n|-ability|p2a: Chi-Yu|Beads of Ruin\n|cant|p1b: Dragonite|slp\n|move|p2b: Amoonguss|Rage Powder|p2b: Amoonguss\n|-singleturn|p2b: Amoonguss|move: Rage Powder\n|move|p1a: Zamazenta|Behemoth Bash|p2b: Amoonguss\n|-crit|p2b: Amoonguss\n|-damage|p2b: Amoonguss|19\/100\n|-damage|p1a: Zamazenta|84\/100|[from] item: Rocky Helmet|[of] p2b: Amoonguss\n|\n|upkeep\n|turn|7\n|inactive|Daleg has 30 seconds left.\n|\n|t:|1740001577\n|switch|p2b: Chien-Pao|Chien-Pao, L50, tera:Ghost|100\/100\n|-ability|p2b: Chien-Pao|Sword of Ruin\n|-curestatus|p1b: Dragonite|slp|[msg]\n|move|p1b: Dragonite|Extreme Speed|p2a: Chi-Yu\n|-crit|p2a: Chi-Yu\n|-damage|p2a: Chi-Yu|0 fnt\n|faint|p2a: Chi-Yu\n|move|p1a: Zamazenta|Body Press|p2b: Chien-Pao\n|-immune|p2b: Chien-Pao\n|\n|upkeep\n|\n|t:|1740001586\n|switch|p2a: Amoonguss|Amoonguss, L50, M|52\/100\n|turn|8\n|\n|t:|1740001602\n|move|p2a: Amoonguss|Protect|p2a: Amoonguss\n|-singleturn|p2a: Amoonguss|Protect\n|move|p1b: Dragonite|Extreme Speed|p2a: Amoonguss\n|-activate|p2a: Amoonguss|move: Protect\n|move|p2b: Chien-Pao|Icicle Crash|p1b: Dragonite\n|-supereffective|p1b: Dragonite\n|-damage|p1b: Dragonite|0 fnt\n|faint|p1b: Dragonite\n|move|p1a: Zamazenta|Behemoth Bash|p2a: Amoonguss\n|-activate|p2a: Amoonguss|move: Protect\n|\n|upkeep\n|\n|t:|1740001610\n|switch|p1b: Amoonguss|Amoonguss, L50, F|45\/100\n|turn|9\n|inactive|Daleg has 30 seconds left.\n|\n|t:|1740001641\n|move|p2b: Chien-Pao|Icicle Crash|p1b: Amoonguss\n|-supereffective|p1b: Amoonguss\n|-damage|p1b: Amoonguss|0 fnt\n|faint|p1b: Amoonguss\n|move|p1a: Zamazenta|Behemoth Bash|p2a: Amoonguss\n|-damage|p2a: Amoonguss|14\/100\n|-damage|p1a: Zamazenta|67\/100|[from] item: Rocky Helmet|[of] p2a: Amoonguss\n|move|p2a: Amoonguss|Spore|p1a: Zamazenta\n|-status|p1a: Zamazenta|slp|[from] move: Spore\n|\n|upkeep\n|\n|t:|1740001644\n|switch|p1b: Flutter Mane|Flutter Mane, L50, tera:Fire|3\/100\n|turn|10\n|\n|t:|1740001653\n|move|p2b: Chien-Pao|Sucker Punch|p1b: Flutter Mane\n|-damage|p1b: Flutter Mane|0 fnt\n|faint|p1b: Flutter Mane\n|-end|p1b: Flutter Mane|Protosynthesis|[silent]\n|cant|p1a: Zamazenta|slp\n|move|p2a: Amoonguss|Spore|p1a: Zamazenta\n|-fail|p1a: Zamazenta|slp\n|\n|upkeep\n|turn|11\n|\n|t:|1740001662\n|move|p2b: Chien-Pao|Icicle Crash|p1a: Zamazenta\n|-resisted|p1a: Zamazenta\n|-damage|p1a: Zamazenta|47\/100 slp\n|-curestatus|p1a: Zamazenta|slp|[msg]\n|cant|p1a: Zamazenta|flinch\n|move|p2a: Amoonguss|Spore|p1a: Zamazenta\n|-status|p1a: Zamazenta|slp|[from] move: Spore\n|\n|upkeep\n|turn|12\n|\n|t:|1740001674\n|move|p2b: Chien-Pao|Icicle Crash|p1a: Zamazenta\n|-resisted|p1a: Zamazenta\n|-damage|p1a: Zamazenta|28\/100 slp\n|cant|p1a: Zamazenta|slp\n|move|p2a: Amoonguss|Spore|p1a: Zamazenta\n|-fail|p1a: Zamazenta|slp\n|\n|upkeep\n|turn|13\n|\n|t:|1740001682\n|move|p2a: Amoonguss|Rage Powder|p2a: Amoonguss\n|-singleturn|p2a: Amoonguss|move: Rage Powder\n|move|p2b: Chien-Pao|Throat Chop|p1a: Zamazenta\n|-resisted|p1a: Zamazenta\n|-damage|p1a: Zamazenta|11\/100 slp\n|-start|p1a: Zamazenta|Throat Chop|[silent]\n|cant|p1a: Zamazenta|slp\n|\n|upkeep\n|turn|14\n|\n|t:|1740001697\n|move|p2a: Amoonguss|Rage Powder|p2a: Amoonguss\n|-singleturn|p2a: Amoonguss|move: Rage Powder\n|move|p2b: Chien-Pao|Throat Chop|p1a: Zamazenta\n|-resisted|p1a: Zamazenta\n|-damage|p1a: Zamazenta|0 fnt\n|faint|p1a: Zamazenta\n|\n|win|Hikawari\n|raw|Daleg's rating: 1735 &rarr; <strong>1711<\/strong><br \/>(-24 for losing)\n|raw|Hikawari's rating: 1670 &rarr; <strong>1694<\/strong><br \/>(+24 for winning)\n|l|\u2606Daleg\n|player|p1|\n|l|\u2606Hikawari\n|player|p2|\n","uploadtime":1740001915,"views":6,"formatid":"gen9vgc2025regg","rating":1694,"private":0,"password":null}