{"id":"gen9vgc2025regg-2304147408","format":"[Gen 9] VGC 2025 Reg G","players":["daniiivgc","kanucks25"],"log":"|j|\u203ddaniiivgc\n|j|\u2606kanucks25\n|t:|1740014149\n|gametype|doubles\n|player|p1|daniiivgc|lucas|1576\n|player|p2|kanucks25|101|1708\n|teamsize|p1|6\n|teamsize|p2|6\n|gen|9\n|tier|[Gen 9] VGC 2025 Reg G\n|rated|\n|rule|Species Clause: Limit one of each Pok\u00e9mon\n|rule|Item Clause: Limit 1 of each item\n|clearpoke\n|poke|p1|Kyogre, L50|\n|poke|p1|Ludicolo, L50, M|\n|poke|p1|Whimsicott, L50, M|\n|poke|p1|Tsareena, L50, F|\n|poke|p1|Incineroar, L50, M|\n|poke|p1|Chien-Pao, L50|\n|poke|p2|Calyrex-Shadow, L50|\n|poke|p2|Indeedee-F, L50, F|\n|poke|p2|Ogerpon-Wellspring, L50, F|\n|poke|p2|Urshifu-*, L50, M|\n|poke|p2|Pelipper, L50, F|\n|poke|p2|Iron Hands, L50|\n|teampreview|4\n|inactive|Battle timer is ON: inactive players will automatically lose when time's up. (requested by daniiivgc)\n|inactive|kanucks25 has 60 seconds left.\n|j| clutch_step\n|\n|t:|1740014241\n|start\n|switch|p1a: Incineroar|Incineroar, L50, M|100\/100\n|switch|p1b: Chien-Pao|Chien-Pao, L50|100\/100\n|switch|p2a: Ogerpon|Ogerpon-Wellspring, L50, F|100\/100\n|switch|p2b: Pelipper|Pelipper, L50, F|100\/100\n|-ability|p1b: Chien-Pao|Sword of Ruin\n|-weather|RainDance|[from] ability: Drizzle|[of] p2b: Pelipper\n|-ability|p1a: Incineroar|Intimidate|boost\n|-unboost|p2a: Ogerpon|atk|1\n|-unboost|p2b: Pelipper|atk|1\n|turn|1\n|j| griffinite\n|\n|t:|1740014263\n|-terastallize|p2b: Pelipper|Ghost\n|move|p1a: Incineroar|Fake Out|p2a: Ogerpon\n|-crit|p2a: Ogerpon\n|-damage|p2a: Ogerpon|74\/100\n|move|p1b: Chien-Pao|Ice Spinner|p2a: Ogerpon\n|-damage|p2a: Ogerpon|22\/100\n|cant|p2a: Ogerpon|flinch\n|move|p2b: Pelipper|Tailwind|p2b: Pelipper\n|-sidestart|p2: kanucks25|move: Tailwind\n|\n|-weather|RainDance|[upkeep]\n|upkeep\n|turn|2\n|\n|t:|1740014283\n|move|p1b: Chien-Pao|Sucker Punch|p2a: Ogerpon\n|-damage|p2a: Ogerpon|0 fnt\n|faint|p2a: Ogerpon\n|move|p2b: Pelipper|Weather Ball|p1a: Incineroar\n|-supereffective|p1a: Incineroar\n|-damage|p1a: Incineroar|0 fnt\n|faint|p1a: Incineroar\n|\n|-weather|RainDance|[upkeep]\n|upkeep\n|\n|t:|1740014295\n|switch|p2a: Urshifu|Urshifu, L50, M|100\/100\n|switch|p1a: Ludicolo|Ludicolo, L50, M|100\/100\n|turn|3\n|\n|t:|1740014314\n|move|p1b: Chien-Pao|Protect|p1b: Chien-Pao\n|-singleturn|p1b: Chien-Pao|Protect\n|move|p2a: Urshifu|Wicked Blow|p1a: Ludicolo\n|-crit|p1a: Ludicolo\n|-damage|p1a: Ludicolo|0 fnt\n|faint|p1a: Ludicolo\n|move|p2b: Pelipper|Weather Ball|p1b: Chien-Pao\n|-activate|p1b: Chien-Pao|move: Protect\n|\n|-weather|RainDance|[upkeep]\n|upkeep\n|\n|t:|1740014321\n|switch|p1a: Kyogre|Kyogre, L50|100\/100\n|turn|4\n|\n|t:|1740014340\n|move|p2b: Pelipper|Wide Guard|p2b: Pelipper\n|-singleturn|p2b: Pelipper|Wide Guard\n|move|p1b: Chien-Pao|Sucker Punch||[still]\n|-fail|p1b: Chien-Pao\n|move|p2a: Urshifu|Wicked Blow|p1b: Chien-Pao\n|-resisted|p1b: Chien-Pao\n|-crit|p1b: Chien-Pao\n|-damage|p1b: Chien-Pao|35\/100\n|move|p1a: Kyogre|Hydro Pump|p2a: Urshifu|[miss]\n|-miss|p1a: Kyogre|p2a: Urshifu\n|\n|-weather|RainDance|[upkeep]\n|-sideend|p2: kanucks25|move: Tailwind\n|upkeep\n|turn|5\n|\n|t:|1740014363\n|move|p1a: Kyogre|Hydro Pump|p2a: Urshifu\n|-damage|p2a: Urshifu|0 fnt\n|faint|p2a: Urshifu\n|move|p1b: Chien-Pao|Ice Spinner|p2b: Pelipper\n|-damage|p2b: Pelipper|30\/100\n|move|p2b: Pelipper|Tailwind|p2b: Pelipper\n|-sidestart|p2: kanucks25|move: Tailwind\n|\n|-weather|none\n|upkeep\n|\n|t:|1740014371\n|switch|p2a: Calyrex|Calyrex-Shadow, L50|100\/100\n|-ability|p2a: Calyrex|As One\n|-ability|p2a: Calyrex|Unnerve\n|turn|6\n|\n|t:|1740014389\n|-terastallize|p1a: Kyogre|Water\n|move|p1b: Chien-Pao|Sucker Punch|p2b: Pelipper\n|-supereffective|p2b: Pelipper\n|-damage|p2b: Pelipper|0 fnt\n|faint|p2b: Pelipper\n|move|p2a: Calyrex|Draining Kiss|p1b: Chien-Pao\n|-supereffective|p1b: Chien-Pao\n|-damage|p1b: Chien-Pao|0 fnt\n|faint|p1b: Chien-Pao\n|-ability|p2a: Calyrex|Grim Neigh|boost\n|-boost|p2a: Calyrex|spa|1\n|-damage|p2a: Calyrex|91\/100|[from] item: Life Orb\n|move|p1a: Kyogre|Hydro Pump|p2a: Calyrex\n|-damage|p2a: Calyrex|14\/100\n|\n|upkeep\n|turn|7\n|\n|t:|1740014406\n|move|p2a: Calyrex|Astral Barrage|p1a: Kyogre\n|-damage|p1a: Kyogre|0 fnt\n|faint|p1a: Kyogre\n|-damage|p2a: Calyrex|4\/100|[from] item: Life Orb\n|\n|win|kanucks25\n|raw|daniiivgc's rating: 1576 &rarr; <strong>1563<\/strong><br \/>(-13 for losing)\n|raw|kanucks25's rating: 1708 &rarr; <strong>1721<\/strong><br \/>(+13 for winning)\n|l|\u2606kanucks25\n|player|p2|\n|l|\u203ddaniiivgc\n|player|p1|\n|l| griffinite\n","uploadtime":1740014594,"views":7,"formatid":"gen9vgc2025regg","rating":1563,"private":0,"password":null}