{"id":"gen9vgc2025regg-2304244784","format":"[Gen 9] VGC 2025 Reg G","players":["Tempest Flute","girigiripeter"],"log":"|j|\u2606Tempest Flute\n|j|\u2606girigiripeter\n|t:|1740028155\n|gametype|doubles\n|player|p1|Tempest Flute|policeman-gen4|1673\n|player|p2|girigiripeter|170|1660\n|teamsize|p1|6\n|teamsize|p2|6\n|gen|9\n|tier|[Gen 9] VGC 2025 Reg G\n|rated|\n|rule|Species Clause: Limit one of each Pok\u00e9mon\n|rule|Item Clause: Limit 1 of each item\n|clearpoke\n|poke|p1|Kyogre, L50|\n|poke|p1|Tornadus, L50, M|\n|poke|p1|Tsareena, L50, F|\n|poke|p1|Urshifu-*, L50, F|\n|poke|p1|Chien-Pao, L50|\n|poke|p1|Rillaboom, L50, M|\n|poke|p2|Miraidon, L50|\n|poke|p2|Urshifu-*, L50, F|\n|poke|p2|Incineroar, L50, M|\n|poke|p2|Iron Bundle, L50|\n|poke|p2|Kingambit, L50, M|\n|poke|p2|Dragonite, L50, M|\n|teampreview|4\n|inactive|Battle timer is ON: inactive players will automatically lose when time's up. (requested by Tempest Flute)\n|inactive|girigiripeter has 60 seconds left.\n|\n|t:|1740028197\n|start\n|switch|p1a: Tornadus|Tornadus, L50, M|100\/100\n|switch|p1b: Chien-Pao|Chien-Pao, L50|100\/100\n|switch|p2a: Miraidon|Miraidon, L50|100\/100\n|switch|p2b: Iron Bundle|Iron Bundle, L50|100\/100\n|-fieldstart|move: Electric Terrain|[from] ability: Hadron Engine|[of] p2a: Miraidon\n|-activate|p2b: Iron Bundle|ability: Quark Drive\n|-start|p2b: Iron Bundle|quarkdrivespe\n|-ability|p1b: Chien-Pao|Sword of Ruin\n|turn|1\n|inactive|girigiripeter has 30 seconds left.\n|\n|t:|1740028225\n|-terastallize|p2a: Miraidon|Fairy\n|move|p1a: Tornadus|Tailwind|p1a: Tornadus\n|-sidestart|p1: Tempest Flute|move: Tailwind\n|move|p1b: Chien-Pao|Icicle Crash|p2a: Miraidon\n|-damage|p2a: Miraidon|48\/100\n|move|p2b: Iron Bundle|Icy Wind|p1b: Chien-Pao|[spread] p1a,p1b\n|-supereffective|p1a: Tornadus\n|-resisted|p1b: Chien-Pao\n|-damage|p1a: Tornadus|55\/100\n|-damage|p1b: Chien-Pao|82\/100\n|-unboost|p1b: Chien-Pao|spe|1\n|move|p2a: Miraidon|Dazzling Gleam|p1a: Tornadus|[spread] p1a,p1b\n|-supereffective|p1b: Chien-Pao\n|-damage|p1a: Tornadus|0 fnt\n|-damage|p1b: Chien-Pao|0 fnt\n|faint|p1a: Tornadus\n|faint|p1b: Chien-Pao\n|\n|upkeep\n|\n|t:|1740028232\n|switch|p1b: Tsareena|Tsareena, L50, F, shiny|100\/100\n|switch|p1a: Kyogre|Kyogre, L50, shiny|100\/100\n|-weather|RainDance|[from] ability: Drizzle|[of] p1a: Kyogre\n|turn|2\n|inactive|girigiripeter has 30 seconds left.\n|inactive|girigiripeter has 20 seconds left.\n|inactive|girigiripeter has 15 seconds left.\n|inactive|girigiripeter has 10 seconds left.\n|inactive|girigiripeter has 5 seconds left.\n|\n|t:|1740028286\n|switch|p2a: Urshifu|Urshifu-Rapid-Strike, L50, F|100\/100\n|-terastallize|p1b: Tsareena|Ice\n|move|p1a: Kyogre|Water Spout|p2a: Urshifu|[spread] p2a,p2b\n|-resisted|p2a: Urshifu\n|-resisted|p2b: Iron Bundle\n|-damage|p2a: Urshifu|32\/100\n|-enditem|p2b: Iron Bundle|Focus Sash\n|-damage|p2b: Iron Bundle|1\/100\n|move|p2b: Iron Bundle|Freeze-Dry|p1a: Kyogre\n|-supereffective|p1a: Kyogre\n|-damage|p1a: Kyogre|49\/100\n|move|p1b: Tsareena|Power Whip|p2b: Iron Bundle\n|-supereffective|p2b: Iron Bundle\n|-damage|p2b: Iron Bundle|0 fnt\n|faint|p2b: Iron Bundle\n|-end|p2b: Iron Bundle|Quark Drive|[silent]\n|\n|-weather|RainDance|[upkeep]\n|upkeep\n|inactive|girigiripeter has 30 seconds left.\n|\n|t:|1740028313\n|switch|p2b: Dragonite|Dragonite, L50, M|100\/100\n|turn|3\n|\n|t:|1740028325\n|move|p2a: Urshifu|Detect|p2a: Urshifu\n|-singleturn|p2a: Urshifu|Protect\n|move|p2b: Dragonite|Protect|p2b: Dragonite\n|-singleturn|p2b: Dragonite|Protect\n|move|p1a: Kyogre|Origin Pulse|p2b: Dragonite|[spread] \n|-activate|p2a: Urshifu|move: Protect\n|-activate|p2b: Dragonite|move: Protect\n|move|p1b: Tsareena|Triple Axel|p2b: Dragonite\n|-activate|p2b: Dragonite|move: Protect\n|\n|-weather|RainDance|[upkeep]\n|upkeep\n|turn|4\n|inactive|girigiripeter has 30 seconds left.\n|inactive|girigiripeter has 20 seconds left.\n|inactive|girigiripeter has 15 seconds left.\n|inactive|girigiripeter has 10 seconds left.\n|\n|t:|1740028371\n|move|p2a: Urshifu|Detect||[still]\n|-fail|p2a: Urshifu\n|move|p1a: Kyogre|Origin Pulse|p2b: Dragonite|[spread] p2a,p2b\n|-resisted|p2a: Urshifu\n|-resisted|p2b: Dragonite\n|-damage|p2a: Urshifu|0 fnt\n|-damage|p2b: Dragonite|80\/100\n|faint|p2a: Urshifu\n|move|p1b: Tsareena|Triple Axel|p2b: Dragonite\n|-supereffective|p2b: Dragonite\n|-damage|p2b: Dragonite|30\/100\n|-supereffective|p2b: Dragonite\n|-damage|p2b: Dragonite|0 fnt\n|faint|p2b: Dragonite\n|-hitcount|p2: Dragonite|2\n|\n|-weather|RainDance|[upkeep]\n|-sideend|p1: Tempest Flute|move: Tailwind\n|upkeep\n|\n|t:|1740028378\n|switch|p2b: Miraidon|Miraidon, L50, tera:Fairy|48\/100\n|-activate|p2b: Miraidon|ability: Hadron Engine\n|turn|5\n|\n|t:|1740028389\n|move|p2b: Miraidon|Dazzling Gleam|p1b: Tsareena|[spread] p1a,p1b\n|-damage|p1a: Kyogre|6\/100\n|-damage|p1b: Tsareena|25\/100\n|move|p1a: Kyogre|Origin Pulse|p2b: Miraidon|[miss]\n|-miss|p1a: Kyogre|p2b: Miraidon\n|move|p1b: Tsareena|Triple Axel|p2b: Miraidon\n|-damage|p2b: Miraidon|38\/100\n|-damage|p2b: Miraidon|18\/100\n|-damage|p2b: Miraidon|0 fnt\n|faint|p2b: Miraidon\n|-hitcount|p2: Miraidon|3\n|\n|win|Tempest Flute\n|raw|Tempest Flute's rating: 1673 &rarr; <strong>1692<\/strong><br \/>(+19 for winning)\n|raw|girigiripeter's rating: 1660 &rarr; <strong>1641<\/strong><br \/>(-19 for losing)\n|l|\u2606Tempest Flute\n|player|p1|\n|l|\u2606girigiripeter\n|player|p2|\n","uploadtime":1740028560,"views":8,"formatid":"gen9vgc2025regg","rating":1641,"private":0,"password":null}