{"id":"gen9vgc2025regg-2304489745","format":"[Gen 9] VGC 2025 Reg G","players":["Lowpass","Team715"],"log":"|j|\u2606Lowpass\n|j|\u2606Team715\n|t:|1740066835\n|gametype|doubles\n|player|p1|Lowpass|169|1565\n|player|p2|Team715|volkner|1600\n|teamsize|p1|6\n|teamsize|p2|6\n|gen|9\n|tier|[Gen 9] VGC 2025 Reg G\n|rated|\n|rule|Species Clause: Limit one of each Pok\u00e9mon\n|rule|Item Clause: Limit 1 of each item\n|clearpoke\n|poke|p1|Lugia, L50|\n|poke|p1|Sableye, L50, M|\n|poke|p1|Wo-Chien, L50|\n|poke|p1|Heatran, L50, M|\n|poke|p1|Landorus-Therian, L50, M|\n|poke|p1|Toxapex, L50, M|\n|poke|p2|Calyrex-Shadow, L50|\n|poke|p2|Rillaboom, L50, M|\n|poke|p2|Incineroar, L50, M|\n|poke|p2|Urshifu-*, L50, M|\n|poke|p2|Raging Bolt, L50|\n|poke|p2|Ogerpon-Cornerstone, L50, F|\n|teampreview|4\n|inactive|Battle timer is ON: inactive players will automatically lose when time's up. (requested by Team715)\n|inactive|Team715 has 60 seconds left.\n|\n|t:|1740066866\n|start\n|switch|p1a: Wo-Chien|Wo-Chien, L50|100\/100\n|switch|p1b: Toxapex|Toxapex, L50, M|100\/100\n|switch|p2a: Calyrex|Calyrex-Shadow, L50|100\/100\n|switch|p2b: Ogerpon|Ogerpon-Cornerstone, L50, F|100\/100\n|-ability|p2a: Calyrex|As One\n|-ability|p2a: Calyrex|Unnerve\n|-ability|p1a: Wo-Chien|Tablets of Ruin\n|turn|1\n|\n|t:|1740066882\n|move|p2b: Ogerpon|Follow Me|p2b: Ogerpon\n|-singleturn|p2b: Ogerpon|move: Follow Me\n|move|p2a: Calyrex|Psychic|p1b: Toxapex\n|-supereffective|p1b: Toxapex\n|-damage|p1b: Toxapex|34\/100\n|move|p1a: Wo-Chien|Knock Off|p2b: Ogerpon\n|-damage|p2b: Ogerpon|80\/100\n|move|p1b: Toxapex|Toxic|p2b: Ogerpon\n|-status|p2b: Ogerpon|tox\n|\n|-damage|p2b: Ogerpon|74\/100 tox|[from] psn\n|upkeep\n|turn|2\n|\n|t:|1740066897\n|switch|p1b: Lugia|Lugia, L50|100\/100\n|move|p2b: Ogerpon|Follow Me|p2b: Ogerpon\n|-singleturn|p2b: Ogerpon|move: Follow Me\n|move|p2a: Calyrex|Nasty Plot|p2a: Calyrex\n|-boost|p2a: Calyrex|spa|2\n|move|p1a: Wo-Chien|Snarl|p2a: Calyrex|[spread] p2a,p2b\n|-supereffective|p2a: Calyrex\n|-damage|p2a: Calyrex|46\/100\n|-damage|p2b: Ogerpon|61\/100 tox\n|-unboost|p2b: Ogerpon|spa|1\n|\n|-damage|p2b: Ogerpon|49\/100 tox|[from] psn\n|upkeep\n|turn|3\n|\n|t:|1740066918\n|-terastallize|p2a: Calyrex|Normal\n|-terastallize|p1b: Lugia|Steel\n|move|p2b: Ogerpon|Follow Me|p2b: Ogerpon\n|-singleturn|p2b: Ogerpon|move: Follow Me\n|move|p2a: Calyrex|Astral Barrage|p1b: Lugia|[spread] p1a,p1b\n|-resisted|p1a: Wo-Chien\n|-damage|p1a: Wo-Chien|82\/100\n|-damage|p1b: Lugia|71\/100\n|move|p1b: Lugia|Calm Mind|p1b: Lugia\n|-boost|p1b: Lugia|spa|1\n|-boost|p1b: Lugia|spd|1\n|move|p1a: Wo-Chien|Snarl|p2b: Ogerpon|[spread] p2a,p2b\n|-damage|p2a: Calyrex|34\/100\n|-damage|p2b: Ogerpon|35\/100 tox\n|-unboost|p2b: Ogerpon|spa|1\n|\n|-heal|p1b: Lugia|77\/100|[from] item: Leftovers\n|-damage|p2b: Ogerpon|16\/100 tox|[from] psn\n|upkeep\n|turn|4\n|\n|t:|1740066938\n|move|p2b: Ogerpon|Follow Me|p2b: Ogerpon\n|-singleturn|p2b: Ogerpon|move: Follow Me\n|move|p2a: Calyrex|Nasty Plot|p2a: Calyrex\n|-boost|p2a: Calyrex|spa|2\n|move|p1b: Lugia|Recover|p1b: Lugia\n|-heal|p1b: Lugia|100\/100\n|move|p1a: Wo-Chien|Snarl|p2a: Calyrex|[spread] p2a,p2b\n|-damage|p2a: Calyrex|22\/100\n|-damage|p2b: Ogerpon|2\/100 tox\n|-unboost|p2b: Ogerpon|spa|1\n|\n|-damage|p2b: Ogerpon|0 fnt|[from] psn\n|faint|p2b: Ogerpon\n|upkeep\n|\n|t:|1740066949\n|switch|p2b: Rillaboom|Rillaboom, L50, M, shiny|100\/100\n|-fieldstart|move: Grassy Terrain|[from] ability: Grassy Surge|[of] p2b: Rillaboom\n|turn|5\n|\n|t:|1740066971\n|move|p2b: Rillaboom|Fake Out|p1b: Lugia\n|-resisted|p1b: Lugia\n|-damage|p1b: Lugia|99\/100\n|move|p2a: Calyrex|Astral Barrage|p1b: Lugia|[spread] p1a,p1b\n|-resisted|p1a: Wo-Chien\n|-damage|p1a: Wo-Chien|55\/100\n|-damage|p1b: Lugia|47\/100\n|cant|p1b: Lugia|flinch\n|move|p1a: Wo-Chien|Knock Off|p2a: Calyrex\n|-damage|p2a: Calyrex|0 fnt\n|-enditem|p2a: Calyrex|Covert Cloak|[from] move: Knock Off|[of] p1a: Wo-Chien\n|faint|p2a: Calyrex\n|\n|-heal|p1b: Lugia|53\/100|[from] Grassy Terrain\n|-heal|p1b: Lugia|59\/100|[from] item: Leftovers\n|-heal|p1a: Wo-Chien|61\/100|[from] Grassy Terrain\n|upkeep\n|\n|t:|1740066983\n|switch|p2a: Urshifu|Urshifu, L50, M|100\/100\n|turn|6\n|\n|t:|1740067000\n|switch|p1b: Toxapex|Toxapex, L50, M|67\/100\n|move|p2a: Urshifu|Close Combat|p1b: Toxapex\n|-resisted|p1b: Toxapex\n|-damage|p1b: Toxapex|51\/100\n|-unboost|p2a: Urshifu|def|1\n|-unboost|p2a: Urshifu|spd|1\n|-damage|p2a: Urshifu|84\/100|[from] item: Rocky Helmet|[of] p1b: Toxapex\n|move|p2b: Rillaboom|U-turn|p1a: Wo-Chien\n|-supereffective|p1a: Wo-Chien\n|-damage|p1a: Wo-Chien|5\/100\n|move|p1a: Wo-Chien|Pollen Puff|p2a: Urshifu\n|-damage|p2a: Urshifu|36\/100\n|\n|-heal|p2a: Urshifu|42\/100|[from] Grassy Terrain\n|-heal|p1a: Wo-Chien|11\/100|[from] Grassy Terrain\n|-heal|p1b: Toxapex|57\/100|[from] Grassy Terrain\n|upkeep\n|turn|7\n|\n|t:|1740067024\n|move|p2a: Urshifu|Close Combat|p1a: Wo-Chien\n|-supereffective|p1a: Wo-Chien\n|-damage|p1a: Wo-Chien|0 fnt\n|-unboost|p2a: Urshifu|def|1\n|-unboost|p2a: Urshifu|spd|1\n|faint|p1a: Wo-Chien\n|move|p2b: Rillaboom|Wood Hammer|p1b: Toxapex\n|-damage|p1b: Toxapex|0 fnt\n|-damage|p2b: Rillaboom|84\/100|[from] item: Rocky Helmet|[of] p1b: Toxapex\n|faint|p1b: Toxapex\n|-damage|p2b: Rillaboom|70\/100|[from] Recoil\n|\n|-heal|p2a: Urshifu|48\/100|[from] Grassy Terrain\n|-heal|p2b: Rillaboom|76\/100|[from] Grassy Terrain\n|upkeep\n|\n|t:|1740067034\n|switch|p1a: Landorus|Landorus-Therian, L50, M|100\/100\n|switch|p1b: Lugia|Lugia, L50, tera:Steel|59\/100\n|-ability|p1a: Landorus|Intimidate|boost\n|-unboost|p2a: Urshifu|atk|1\n|-unboost|p2b: Rillaboom|atk|1\n|turn|8\n|\n|t:|1740067058\n|move|p2a: Urshifu|Detect|p2a: Urshifu\n|-singleturn|p2a: Urshifu|Protect\n|move|p1b: Lugia|Aeroblast|p2a: Urshifu\n|-activate|p2a: Urshifu|move: Protect\n|move|p1a: Landorus|Stomping Tantrum|p2a: Urshifu\n|-activate|p2a: Urshifu|move: Protect\n|move|p2b: Rillaboom|Wood Hammer|p1a: Landorus\n|-damage|p1a: Landorus|49\/100\n|-damage|p2b: Rillaboom|60\/100|[from] Recoil\n|\n|-heal|p2a: Urshifu|54\/100|[from] Grassy Terrain\n|-heal|p1b: Lugia|65\/100|[from] Grassy Terrain\n|-heal|p1b: Lugia|71\/100|[from] item: Leftovers\n|-heal|p2b: Rillaboom|66\/100|[from] Grassy Terrain\n|upkeep\n|turn|9\n|\n|t:|1740067075\n|move|p2a: Urshifu|Sucker Punch|p1a: Landorus\n|-damage|p1a: Landorus|23\/100\n|move|p2b: Rillaboom|Grassy Glide|p1a: Landorus\n|-damage|p1a: Landorus|0 fnt\n|faint|p1a: Landorus\n|move|p1b: Lugia|Aeroblast|p2a: Urshifu|[miss]\n|-miss|p1b: Lugia|p2a: Urshifu\n|\n|-heal|p2a: Urshifu|59\/100|[from] Grassy Terrain\n|-heal|p1b: Lugia|77\/100|[from] Grassy Terrain\n|-heal|p1b: Lugia|83\/100|[from] item: Leftovers\n|-heal|p2b: Rillaboom|72\/100|[from] Grassy Terrain\n|-fieldend|move: Grassy Terrain\n|upkeep\n|turn|10\n|\n|t:|1740067092\n|move|p2a: Urshifu|Close Combat|p1b: Lugia\n|-supereffective|p1b: Lugia\n|-damage|p1b: Lugia|30\/100\n|-unboost|p2a: Urshifu|def|1\n|-unboost|p2a: Urshifu|spd|1\n|move|p1b: Lugia|Aeroblast|p2a: Urshifu\n|-supereffective|p2a: Urshifu\n|-damage|p2a: Urshifu|0 fnt\n|faint|p2a: Urshifu\n|move|p2b: Rillaboom|Wood Hammer|p1b: Lugia\n|-resisted|p1b: Lugia\n|-damage|p1b: Lugia|19\/100\n|-damage|p2b: Rillaboom|68\/100|[from] Recoil\n|\n|-heal|p1b: Lugia|25\/100|[from] item: Leftovers\n|upkeep\n|turn|11\n|j| BabyComeBack3\n|\n|t:|1740067105\n|move|p1b: Lugia|Recover|p1b: Lugia\n|-heal|p1b: Lugia|75\/100\n|move|p2b: Rillaboom|Wood Hammer|p1b: Lugia\n|-resisted|p1b: Lugia\n|-damage|p1b: Lugia|63\/100\n|-damage|p2b: Rillaboom|64\/100|[from] Recoil\n|\n|-heal|p1b: Lugia|70\/100|[from] item: Leftovers\n|upkeep\n|turn|12\n|-message|Team715 forfeited.\n|\n|win|Lowpass\n|raw|Lowpass's rating: 1565 &rarr; <strong>1587<\/strong><br \/>(+22 for winning)\n|raw|Team715's rating: 1600 &rarr; <strong>1578<\/strong><br \/>(-22 for losing)\n|l|\u2606Team715\n|player|p2|\n|l|\u2606Lowpass\n|player|p1|\n|l| BabyComeBack3\n","uploadtime":1740067166,"views":10,"formatid":"gen9vgc2025regg","rating":1578,"private":0,"password":null}