{"id":"gen9vgc2025regg-2304712397","format":"[Gen 9] VGC 2025 Reg G","players":["parrotboy","ryanplaytv"],"log":"|j|\u2606parrotboy\n|j|\u2606ryanplaytv\n|t:|1740089485\n|gametype|doubles\n|player|p1|parrotboy|hiker-gen4|1549\n|player|p2|ryanplaytv|hiker-gen4|1665\n|teamsize|p1|6\n|teamsize|p2|6\n|gen|9\n|tier|[Gen 9] VGC 2025 Reg G\n|rated|\n|rule|Species Clause: Limit one of each Pok\u00e9mon\n|rule|Item Clause: Limit 1 of each item\n|clearpoke\n|poke|p1|Zamazenta-*, L50|\n|poke|p1|Raichu, L50, F|\n|poke|p1|Gholdengo, L50|\n|poke|p1|Pelipper, L50, M|\n|poke|p1|Ogerpon-Wellspring, L50, F|\n|poke|p1|Flutter Mane, L50|\n|poke|p2|Miraidon, L50|\n|poke|p2|Dondozo, L50, M|\n|poke|p2|Tatsugiri, L50, F|\n|poke|p2|Dragonite, L50, F|\n|poke|p2|Gholdengo, L50|\n|poke|p2|Chi-Yu, L50|\n|teampreview|4\n|j| ChilledLotusA\n|inactive|Battle timer is ON: inactive players will automatically lose when time's up. (requested by parrotboy)\n|\n|t:|1740089524\n|start\n|switch|p1a: Flutter Mane|Flutter Mane, L50|100\/100\n|switch|p1b: Pelipper|Pelipper, L50, M|100\/100\n|switch|p2a: Dondozo|Dondozo, L50, M|100\/100\n|switch|p2b: Miraidon|Miraidon, L50|100\/100\n|-fieldstart|move: Electric Terrain|[from] ability: Hadron Engine|[of] p2b: Miraidon\n|-weather|RainDance|[from] ability: Drizzle|[of] p1b: Pelipper\n|-enditem|p1a: Flutter Mane|Booster Energy\n|-activate|p1a: Flutter Mane|ability: Protosynthesis|[fromitem]\n|-start|p1a: Flutter Mane|protosynthesisspe\n|turn|1\n|j| ryou_zero\n|\n|t:|1740089536\n|switch|p1b: Raichu|Raichu, L50, F|100\/100\n|move|p1a: Flutter Mane|Perish Song|p1a: Flutter Mane\n|-start|p1a: Flutter Mane|perish3|[silent]\n|-start|p1b: Raichu|perish3|[silent]\n|-start|p2a: Dondozo|perish3|[silent]\n|-start|p2b: Miraidon|perish3|[silent]\n|-fieldactivate|move: Perish Song\n|move|p2b: Miraidon|Volt Switch|p1b: Raichu\n|-ability|p1b: Raichu|Lightning Rod|boost\n|-boost|p1b: Raichu|spa|1\n|move|p2a: Dondozo|Wave Crash|p1a: Flutter Mane\n|-damage|p1a: Flutter Mane|0 fnt\n|faint|p1a: Flutter Mane\n|-end|p1a: Flutter Mane|Protosynthesis|[silent]\n|-damage|p2a: Dondozo|81\/100|[from] Recoil\n|\n|-weather|RainDance|[upkeep]\n|-heal|p2a: Dondozo|88\/100|[from] item: Leftovers\n|-start|p2b: Miraidon|perish3\n|-start|p1b: Raichu|perish3\n|-start|p2a: Dondozo|perish3\n|upkeep\n|j| randoftw\n|\n|t:|1740089549\n|switch|p1a: Zamazenta|Zamazenta-Crowned, L50|100\/100\n|-ability|p1a: Zamazenta|Dauntless Shield|boost\n|-boost|p1a: Zamazenta|def|1\n|turn|2\n|\n|t:|1740089558\n|switch|p2a: Gholdengo|Gholdengo, L50|100\/100\n|move|p2b: Miraidon|Draco Meteor|p1b: Raichu\n|-damage|p1b: Raichu|20\/100\n|-unboost|p2b: Miraidon|spa|2\n|move|p1b: Raichu|Nuzzle|p2a: Gholdengo\n|-damage|p2a: Gholdengo|93\/100\n|-status|p2a: Gholdengo|par\n|move|p1a: Zamazenta|Iron Defense|p1a: Zamazenta\n|-boost|p1a: Zamazenta|def|2\n|\n|-weather|RainDance|[upkeep]\n|-start|p2b: Miraidon|perish2\n|-start|p1b: Raichu|perish2\n|upkeep\n|turn|3\n|j| wegovrooooom\n|\n|t:|1740089574\n|-terastallize|p2a: Gholdengo|Ground\n|move|p2b: Miraidon|Dazzling Gleam|p1a: Zamazenta|[spread] p1a,p1b\n|-damage|p1a: Zamazenta|91\/100\n|-damage|p1b: Raichu|7\/100\n|move|p1b: Raichu|Endeavor|p2b: Miraidon\n|-damage|p2b: Miraidon|6\/100\n|move|p1a: Zamazenta|Body Press|p2b: Miraidon\n|-damage|p2b: Miraidon|0 fnt\n|faint|p2b: Miraidon\n|cant|p2a: Gholdengo|par\n|\n|-weather|RainDance|[upkeep]\n|-start|p1b: Raichu|perish1\n|upkeep\n|\n|t:|1740089586\n|switch|p2b: Dondozo|Dondozo, L50, M|88\/100\n|turn|4\n|\n|t:|1740089598\n|switch|p2a: Tatsugiri|Tatsugiri, L50, F|100\/100\n|-activate|p2a: Tatsugiri|ability: Commander|[of] p2b: Dondozo\n|-boost|p2b: Dondozo|atk|2\n|-boost|p2b: Dondozo|spa|2\n|-boost|p2b: Dondozo|spe|2\n|-boost|p2b: Dondozo|def|2\n|-boost|p2b: Dondozo|spd|2\n|move|p2b: Dondozo|Wave Crash|p1a: Zamazenta\n|-damage|p1a: Zamazenta|5\/100\n|-damage|p2b: Dondozo|62\/100|[from] Recoil\n|move|p1b: Raichu|Endeavor|p2b: Dondozo\n|-damage|p2b: Dondozo|5\/100\n|move|p1a: Zamazenta|Body Press|p2b: Dondozo\n|-damage|p2b: Dondozo|0 fnt\n|faint|p2b: Dondozo\n|\n|-weather|RainDance|[upkeep]\n|-start|p1b: Raichu|perish0\n|faint|p1b: Raichu\n|upkeep\n|j| AxonAries\n|\n|t:|1740089614\n|switch|p1b: Pelipper|Pelipper, L50, M|100\/100\n|switch|p2b: Gholdengo|Gholdengo, L50, tera:Ground|93\/100 par\n|turn|5\n|\n|t:|1740089632\n|move|p1a: Zamazenta|Protect|p1a: Zamazenta\n|-singleturn|p1a: Zamazenta|Protect\n|move|p2a: Tatsugiri|Muddy Water|p1b: Pelipper|[spread] p1b\n|-activate|p1a: Zamazenta|move: Protect\n|-resisted|p1b: Pelipper\n|-damage|p1b: Pelipper|65\/100\n|move|p1b: Pelipper|Tailwind|p1b: Pelipper\n|-sidestart|p1: parrotboy|move: Tailwind\n|cant|p2b: Gholdengo|par\n|\n|-weather|none\n|-fieldend|move: Electric Terrain\n|upkeep\n|turn|6\n|\n|t:|1740089647\n|move|p1a: Zamazenta|Body Press|p2b: Gholdengo\n|-damage|p2b: Gholdengo|0 fnt\n|faint|p2b: Gholdengo\n|move|p1b: Pelipper|Hurricane|p2a: Tatsugiri\n|-damage|p2a: Tatsugiri|45\/100\n|move|p2a: Tatsugiri|Muddy Water|p1b: Pelipper|[spread] p1a,p1b\n|-resisted|p1b: Pelipper\n|-damage|p1a: Zamazenta|0 fnt\n|-damage|p1b: Pelipper|44\/100\n|faint|p1a: Zamazenta\n|\n|upkeep\n|turn|7\n|j| Iamsliverfish\n|j| mr pogostick\n|\n|t:|1740089657\n|move|p1b: Pelipper|Hurricane|p2a: Tatsugiri|[miss]\n|-miss|p1b: Pelipper|p2a: Tatsugiri\n|move|p2a: Tatsugiri|Muddy Water|p1b: Pelipper\n|-resisted|p1b: Pelipper\n|-damage|p1b: Pelipper|12\/100\n|\n|upkeep\n|turn|8\n|\n|t:|1740089660\n|move|p1b: Pelipper|Hurricane|p2a: Tatsugiri\n|-damage|p2a: Tatsugiri|0 fnt\n|faint|p2a: Tatsugiri\n|\n|win|parrotboy\n|raw|parrotboy's rating: 1549 &rarr; <strong>1575<\/strong><br \/>(+26 for winning)\n|raw|ryanplaytv's rating: 1665 &rarr; <strong>1639<\/strong><br \/>(-26 for losing)\n|l|\u2606ryanplaytv\n|player|p2|\n|l| randoftw\n|l| mr pogostick\n|l| wegovrooooom\n|l|\u2606parrotboy\n|player|p1|\n|l| Iamsliverfish\n|l| AxonAries\n|l| ryou_zero\n|l| ChilledLotusA\n","uploadtime":1740089910,"views":5,"formatid":"gen9vgc2025regg","rating":1575,"private":0,"password":null}