{"id":"gen9vgc2025regg-2304995783","format":"[Gen 9] VGC 2025 Reg G","players":["pokequimico","pig duck eater"],"log":"|j|\u2606pokequimico\n|j|\u2606pig duck eater\n|t:|1740133460\n|gametype|doubles\n|player|p1|pokequimico|lucas|1559\n|player|p2|pig duck eater|169|1684\n|teamsize|p1|6\n|teamsize|p2|5\n|gen|9\n|tier|[Gen 9] VGC 2025 Reg G\n|rated|\n|rule|Species Clause: Limit one of each Pok\u00e9mon\n|rule|Item Clause: Limit 1 of each item\n|clearpoke\n|poke|p1|Grimmsnarl, L50, M|\n|poke|p1|Landorus, L50, M|\n|poke|p1|Calyrex-Ice, L50|\n|poke|p1|Urshifu-*, L50, F|\n|poke|p1|Ogerpon-Hearthflame, L50, F|\n|poke|p1|Raging Bolt, L50|\n|poke|p2|Koraidon, L50|\n|poke|p2|Gholdengo, L50|\n|poke|p2|Indeedee-F, L50, F|\n|poke|p2|Wo-Chien, L50|\n|poke|p2|Walking Wake, L50|\n|teampreview|4\n|j| Rabbithorn01\n|inactive|Battle timer is ON: inactive players will automatically lose when time's up. (requested by pokequimico)\n|\n|t:|1740133507\n|start\n|switch|p1a: Raging Bolt|Raging Bolt, L50|100\/100\n|switch|p1b: Grimmsnarl|Grimmsnarl, L50, M|100\/100\n|switch|p2a: Koraidon|Koraidon, L50|100\/100\n|switch|p2b: Gholdengo|Gholdengo, L50|100\/100\n|-weather|SunnyDay|[from] ability: Orichalcum Pulse|[of] p2a: Koraidon\n|-activate|p1a: Raging Bolt|ability: Protosynthesis\n|-start|p1a: Raging Bolt|protosynthesisspa\n|-activate|p2a: Koraidon|Orichalcum Pulse|[source]\n|turn|1\n|inactive|pokequimico has 30 seconds left.\n|inactive|pokequimico has 20 seconds left.\n|j| ltesthg\n|inactive|pokequimico has 15 seconds left.\n|\n|t:|1740133548\n|move|p1b: Grimmsnarl|Thunder Wave|p2a: Koraidon\n|-status|p2a: Koraidon|par\n|move|p2a: Koraidon|U-turn|p1a: Raging Bolt\n|-damage|p1a: Raging Bolt|75\/100\n|\n|t:|1740133556\n|switch|p2a: Wo-Chien|Wo-Chien, L50|100\/100|[from] U-turn\n|-ability|p2a: Wo-Chien|Tablets of Ruin\n|move|p1a: Raging Bolt|Dragon Pulse|p2a: Wo-Chien\n|-damage|p2a: Wo-Chien|58\/100\n|move|p2b: Gholdengo|Nasty Plot|p2b: Gholdengo\n|-boost|p2b: Gholdengo|spa|2\n|\n|-weather|SunnyDay|[upkeep]\n|-heal|p2a: Wo-Chien|65\/100|[from] item: Leftovers\n|upkeep\n|turn|2\n|\n|t:|1740133573\n|move|p1b: Grimmsnarl|Light Screen|p1b: Grimmsnarl\n|-sidestart|p1: pokequimico|move: Light Screen\n|move|p1a: Raging Bolt|Electroweb|p2b: Gholdengo|[spread] p2a,p2b\n|-resisted|p2a: Wo-Chien\n|-damage|p2a: Wo-Chien|54\/100\n|-damage|p2b: Gholdengo|72\/100\n|-unboost|p2a: Wo-Chien|spe|1\n|-unboost|p2b: Gholdengo|spe|1\n|move|p2b: Gholdengo|Shadow Ball|p1a: Raging Bolt\n|-damage|p1a: Raging Bolt|41\/100\n|move|p2a: Wo-Chien|Pollen Puff|p2b: Gholdengo\n|-heal|p2b: Gholdengo|100\/100\n|\n|-weather|SunnyDay|[upkeep]\n|-heal|p2a: Wo-Chien|60\/100|[from] item: Leftovers\n|upkeep\n|turn|3\n|inactive|pokequimico has 30 seconds left.\n|inactive|pig duck eater has 30 seconds left.\n|inactive|pokequimico has 20 seconds left.\n|inactive|pokequimico has 15 seconds left.\n|inactive|pokequimico has 10 seconds left.\n|inactive|pokequimico has 5 seconds left.\n|\n|t:|1740133628\n|move|p1b: Grimmsnarl|Reflect|p1b: Grimmsnarl\n|-sidestart|p1: pokequimico|Reflect\n|move|p1a: Raging Bolt|Electroweb|p2a: Wo-Chien|[spread] p2a,p2b\n|-resisted|p2a: Wo-Chien\n|-damage|p2a: Wo-Chien|50\/100\n|-damage|p2b: Gholdengo|72\/100\n|-unboost|p2a: Wo-Chien|spe|1\n|-unboost|p2b: Gholdengo|spe|1\n|move|p2b: Gholdengo|Nasty Plot|p2b: Gholdengo\n|-boost|p2b: Gholdengo|spa|2\n|move|p2a: Wo-Chien|Leech Seed|p1a: Raging Bolt|[miss]\n|-miss|p2a: Wo-Chien|p1a: Raging Bolt\n|\n|-weather|SunnyDay|[upkeep]\n|-heal|p2a: Wo-Chien|57\/100|[from] item: Leftovers\n|upkeep\n|turn|4\n|\n|t:|1740133648\n|move|p1a: Raging Bolt|Electroweb|p2b: Gholdengo|[spread] p2a,p2b\n|-resisted|p2a: Wo-Chien\n|-damage|p2a: Wo-Chien|47\/100\n|-damage|p2b: Gholdengo|41\/100\n|-unboost|p2a: Wo-Chien|spe|1\n|-unboost|p2b: Gholdengo|spe|1\n|move|p1b: Grimmsnarl|Foul Play|p2b: Gholdengo\n|-supereffective|p2b: Gholdengo\n|-damage|p2b: Gholdengo|22\/100\n|-enditem|p2b: Gholdengo|Weakness Policy\n|-boost|p2b: Gholdengo|atk|2|[from] item: Weakness Policy\n|-boost|p2b: Gholdengo|spa|2|[from] item: Weakness Policy\n|move|p2b: Gholdengo|Shadow Ball|p1a: Raging Bolt\n|-damage|p1a: Raging Bolt|0 fnt\n|faint|p1a: Raging Bolt\n|-end|p1a: Raging Bolt|Protosynthesis|[silent]\n|move|p2a: Wo-Chien|Pollen Puff|p2b: Gholdengo\n|-heal|p2b: Gholdengo|72\/100\n|\n|-weather|SunnyDay|[upkeep]\n|-heal|p2a: Wo-Chien|53\/100|[from] item: Leftovers\n|upkeep\n|\n|t:|1740133657\n|switch|p1a: Ogerpon|Ogerpon-Hearthflame, L50, F|100\/100\n|-ability|p1a: Ogerpon|Mold Breaker\n|turn|5\n|\n|t:|1740133674\n|move|p2b: Gholdengo|Protect|p2b: Gholdengo\n|-singleturn|p2b: Gholdengo|Protect\n|move|p1a: Ogerpon|Ivy Cudgel|p2b: Gholdengo|[anim] Ivy Cudgel Fire\n|-activate|p2b: Gholdengo|move: Protect\n|move|p1b: Grimmsnarl|Foul Play|p2b: Gholdengo\n|-activate|p2b: Gholdengo|move: Protect\n|move|p2a: Wo-Chien|Foul Play|p1a: Ogerpon\n|-damage|p1a: Ogerpon|75\/100\n|\n|-weather|none\n|-heal|p2a: Wo-Chien|59\/100|[from] item: Leftovers\n|upkeep\n|turn|6\n|j| faceless_knigght\n|j| jasonrfry3\n|l| jasonrfry3\n|inactive|pokequimico has 30 seconds left.\n|l| faceless_knigght\n|\n|t:|1740133704\n|-terastallize|p2b: Gholdengo|Normal\n|move|p1a: Ogerpon|Ivy Cudgel|p2b: Gholdengo|[anim] Ivy Cudgel Fire\n|-damage|p2b: Gholdengo|41\/100\n|move|p1b: Grimmsnarl|Foul Play|p2b: Gholdengo\n|-damage|p2b: Gholdengo|21\/100\n|move|p2b: Gholdengo|Make It Rain|p1a: Ogerpon|[spread] p1a,p1b\n|-resisted|p1a: Ogerpon\n|-supereffective|p1b: Grimmsnarl\n|-damage|p1a: Ogerpon|11\/100\n|-damage|p1b: Grimmsnarl|0 fnt\n|-unboost|p2b: Gholdengo|spa|1\n|faint|p1b: Grimmsnarl\n|move|p2a: Wo-Chien|Foul Play|p1a: Ogerpon\n|-damage|p1a: Ogerpon|0 fnt\n|faint|p1a: Ogerpon\n|\n|-heal|p2a: Wo-Chien|66\/100|[from] item: Leftovers\n|upkeep\n|j| faceless_knigght\n|l| faceless_knigght\n|\n|t:|1740133710\n|switch|p1b: Calyrex|Calyrex-Ice, L50|100\/100\n|-ability|p1b: Calyrex|As One\n|-ability|p1b: Calyrex|Unnerve\n|turn|7\n|\n|t:|1740133733\n|move|p2b: Gholdengo|Protect|p2b: Gholdengo\n|-singleturn|p2b: Gholdengo|Protect\n|move|p1b: Calyrex|Glacial Lance|p2b: Gholdengo|[spread] p2a\n|-activate|p2b: Gholdengo|move: Protect\n|-supereffective|p2a: Wo-Chien\n|-damage|p2a: Wo-Chien|3\/100\n|move|p2a: Wo-Chien|Foul Play|p1b: Calyrex\n|-supereffective|p1b: Calyrex\n|-damage|p1b: Calyrex|52\/100\n|\n|-heal|p2a: Wo-Chien|9\/100|[from] item: Leftovers\n|upkeep\n|turn|8\n|\n|t:|1740133752\n|move|p1b: Calyrex|Glacial Lance|p2a: Wo-Chien|[spread] p2a,p2b\n|-supereffective|p2a: Wo-Chien\n|-damage|p2a: Wo-Chien|0 fnt\n|-damage|p2b: Gholdengo|0 fnt\n|faint|p2a: Wo-Chien\n|faint|p2b: Gholdengo\n|-ability|p1b: Calyrex|Chilling Neigh|boost\n|-boost|p1b: Calyrex|atk|2\n|\n|upkeep\n|\n|t:|1740133754\n|switch|p2b: Walking Wake|Walking Wake, L50|100\/100\n|switch|p2a: Koraidon|Koraidon, L50|100\/100 par\n|-weather|SunnyDay|[from] ability: Orichalcum Pulse|[of] p2a: Koraidon\n|-activate|p2b: Walking Wake|ability: Protosynthesis\n|-start|p2b: Walking Wake|protosynthesisspe\n|-activate|p2a: Koraidon|Orichalcum Pulse|[source]\n|turn|9\n|inactive|pokequimico has 30 seconds left.\n|inactive|pokequimico has 20 seconds left.\n|\n|t:|1740133789\n|-terastallize|p1b: Calyrex|Fairy\n|move|p2b: Walking Wake|Hydro Steam|p1b: Calyrex\n|-damage|p1b: Calyrex|22\/100\n|move|p2a: Koraidon|Flare Blitz|p1b: Calyrex\n|-damage|p1b: Calyrex|0 fnt\n|faint|p1b: Calyrex\n|-damage|p2a: Koraidon|92\/100 par|[from] Recoil\n|\n|win|pig duck eater\n|raw|pokequimico's rating: 1559 &rarr; <strong>1546<\/strong><br \/>(-13 for losing)\n|raw|pig duck eater's rating: 1684 &rarr; <strong>1697<\/strong><br \/>(+13 for winning)\n|l|\u2606pokequimico\n|player|p1|\n|l|\u2606pig duck eater\n|player|p2|\n|l| ltesthg\n","uploadtime":1740133804,"views":7,"formatid":"gen9vgc2025regg","rating":1546,"private":0,"password":null}