{"id":"gen9vgc2025regg-2304621878","format":"[Gen 9] VGC 2025 Reg G","players":["piedi nei piedi","chappell murkroan"],"log":"|j|\u2606piedi nei piedi\n|j|\u2606chappell murkroan\n|t:|1740079961\n|gametype|doubles\n|player|p1|piedi nei piedi|zinnia|1556\n|player|p2|chappell murkroan|caitlin|1643\n|teamsize|p1|6\n|teamsize|p2|6\n|gen|9\n|tier|[Gen 9] VGC 2025 Reg G\n|rated|\n|rule|Species Clause: Limit one of each Pok\u00e9mon\n|rule|Item Clause: Limit 1 of each item\n|clearpoke\n|poke|p1|Rayquaza, L50|\n|poke|p1|Flutter Mane, L50|\n|poke|p1|Flamigo, L50, M|\n|poke|p1|Ogerpon-Hearthflame, L50, F|\n|poke|p1|Weezing, L50, M|\n|poke|p1|Kingambit, L50, F|\n|poke|p2|Chien-Pao, L50|\n|poke|p2|Amoonguss, L50, M|\n|poke|p2|Kyogre, L50|\n|poke|p2|Dragonite, L50, M|\n|poke|p2|Urshifu-*, L50, M|\n|poke|p2|Tornadus, L50, M|\n|teampreview|4\n|inactive|Battle timer is ON: inactive players will automatically lose when time's up. (requested by chappell murkroan)\n|\n|t:|1740079989\n|start\n|switch|p1a: Rayquaza|Rayquaza, L50|100\/100\n|switch|p1b: Flutter Mane|Flutter Mane, L50|100\/100\n|switch|p2a: Tornadus|Tornadus, L50, M|100\/100\n|switch|p2b: Kyogre|Kyogre, L50|100\/100\n|-weather|RainDance|[from] ability: Drizzle|[of] p2b: Kyogre\n|-ability|p1a: Rayquaza|Air Lock\n|-enditem|p1b: Flutter Mane|Booster Energy\n|-activate|p1b: Flutter Mane|ability: Protosynthesis|[fromitem]\n|-start|p1b: Flutter Mane|protosynthesisspe\n|turn|1\n|\n|t:|1740080003\n|move|p1a: Rayquaza|Protect|p1a: Rayquaza\n|-singleturn|p1a: Rayquaza|Protect\n|move|p2a: Tornadus|Tailwind|p2a: Tornadus\n|-sidestart|p2: chappell murkroan|move: Tailwind\n|move|p2b: Kyogre|Ice Beam|p1a: Rayquaza\n|-activate|p1a: Rayquaza|move: Protect\n|move|p1b: Flutter Mane|Icy Wind|p2a: Tornadus|[spread] p2a,p2b\n|-supereffective|p2a: Tornadus\n|-resisted|p2b: Kyogre\n|-damage|p2a: Tornadus|70\/100\n|-damage|p2b: Kyogre|95\/100\n|-unboost|p2b: Kyogre|spe|1\n|\n|-weather|RainDance|[upkeep]\n|upkeep\n|turn|2\n|\n|t:|1740080023\n|-terastallize|p1a: Rayquaza|Normal\n|move|p2a: Tornadus|Bleakwind Storm|p1b: Flutter Mane|[spread] p1a,p1b\n|-damage|p1a: Rayquaza|68\/100\n|-damage|p1b: Flutter Mane|69\/100\n|move|p1b: Flutter Mane|Icy Wind|p2b: Kyogre|[spread] p2a,p2b\n|-supereffective|p2a: Tornadus\n|-resisted|p2b: Kyogre\n|-damage|p2a: Tornadus|41\/100\n|-damage|p2b: Kyogre|90\/100\n|-unboost|p2b: Kyogre|spe|1\n|move|p2b: Kyogre|Ice Beam|p1a: Rayquaza\n|-damage|p1a: Rayquaza|35\/100\n|move|p1a: Rayquaza|Dragon Ascent|p2b: Kyogre\n|-damage|p2b: Kyogre|0 fnt\n|-unboost|p1a: Rayquaza|def|1\n|-unboost|p1a: Rayquaza|spd|1\n|faint|p2b: Kyogre\n|-damage|p1a: Rayquaza|25\/100|[from] item: Life Orb\n|\n|-weather|RainDance|[upkeep]\n|upkeep\n|\n|t:|1740080042\n|switch|p2b: Dragonite|Dragonite, L50, M|100\/100\n|turn|3\n|\n|t:|1740080048\n|-terastallize|p2b: Dragonite|Normal\n|move|p1b: Flutter Mane|Protect|p1b: Flutter Mane\n|-singleturn|p1b: Flutter Mane|Protect\n|move|p1a: Rayquaza|Protect|p1a: Rayquaza\n|-singleturn|p1a: Rayquaza|Protect\n|move|p2b: Dragonite|Extreme Speed|p1a: Rayquaza\n|-activate|p1a: Rayquaza|move: Protect\n|move|p2a: Tornadus|Bleakwind Storm|p1a: Rayquaza|[spread] \n|-activate|p1a: Rayquaza|move: Protect\n|-activate|p1b: Flutter Mane|move: Protect\n|\n|-weather|RainDance|[upkeep]\n|upkeep\n|turn|4\n|\n|t:|1740080063\n|move|p2b: Dragonite|Extreme Speed|p1a: Rayquaza\n|-damage|p1a: Rayquaza|0 fnt\n|faint|p1a: Rayquaza\n|move|p2a: Tornadus|Bleakwind Storm|p1b: Flutter Mane\n|-damage|p1b: Flutter Mane|28\/100\n|move|p1b: Flutter Mane|Moonblast|p2a: Tornadus\n|-damage|p2a: Tornadus|0 fnt\n|faint|p2a: Tornadus\n|\n|-weather|RainDance|[upkeep]\n|-sideend|p2: chappell murkroan|move: Tailwind\n|upkeep\n|\n|t:|1740080071\n|switch|p2a: Chien-Pao|Chien-Pao, L50|100\/100\n|switch|p1a: Weezing|Weezing, L50, M|100\/100\n|-ability|p1a: Weezing|Neutralizing Gas\n|turn|5\n|\n|t:|1740080084\n|move|p2b: Dragonite|Extreme Speed|p1a: Weezing\n|-damage|p1a: Weezing|48\/100\n|move|p2a: Chien-Pao|Ice Spinner|p1a: Weezing\n|-damage|p1a: Weezing|19\/100\n|move|p1b: Flutter Mane|Moonblast|p2a: Chien-Pao\n|-supereffective|p2a: Chien-Pao\n|-enditem|p2a: Chien-Pao|Focus Sash\n|-damage|p2a: Chien-Pao|1\/100\n|move|p1a: Weezing|Will-O-Wisp|p2a: Chien-Pao\n|-status|p2a: Chien-Pao|brn\n|\n|-weather|none\n|-heal|p1a: Weezing|24\/100|[from] item: Leftovers\n|-damage|p2a: Chien-Pao|0 fnt|[from] brn\n|faint|p2a: Chien-Pao\n|upkeep\n|turn|6\n|-message|chappell murkroan forfeited.\n|\n|win|piedi nei piedi\n|raw|piedi nei piedi's rating: 1556 &rarr; <strong>1581<\/strong><br \/>(+25 for winning)\n|raw|chappell murkroan's rating: 1643 &rarr; <strong>1618<\/strong><br \/>(-25 for losing)\n|l|\u2606chappell murkroan\n|player|p2|\n|l|\u2606piedi nei piedi\n|player|p1|\n","uploadtime":1740080313,"views":12,"formatid":"gen9vgc2025regg","rating":1581,"private":0,"password":null}