{"id":"gen9vgc2025regg-2304483269","format":"[Gen 9] VGC 2025 Reg G","players":["Sincubii","Team715"],"log":"|j|\u2606Sincubii\n|j|\u2606Team715\n|t:|1740066180\n|gametype|doubles\n|player|p1|Sincubii|2|1574\n|player|p2|Team715|volkner|1594\n|teamsize|p1|6\n|teamsize|p2|6\n|gen|9\n|tier|[Gen 9] VGC 2025 Reg G\n|rated|\n|rule|Species Clause: Limit one of each Pok\u00e9mon\n|rule|Item Clause: Limit 1 of each item\n|clearpoke\n|poke|p1|Regigigas, L50|\n|poke|p1|Calyrex-Shadow, L50|\n|poke|p1|Chi-Yu, L50|\n|poke|p1|Urshifu-*, L50, M|\n|poke|p1|Whimsicott, L50, F|\n|poke|p1|Koffing, L50, F|\n|poke|p2|Calyrex-Shadow, L50|\n|poke|p2|Rillaboom, L50, M|\n|poke|p2|Incineroar, L50, M|\n|poke|p2|Urshifu-*, L50, M|\n|poke|p2|Raging Bolt, L50|\n|poke|p2|Ogerpon-Cornerstone, L50, F|\n|teampreview|4\n|inactive|Battle timer is ON: inactive players will automatically lose when time's up. (requested by Team715)\n|inactive|Team715 has 60 seconds left.\n|j| Therazer456\n|\n|t:|1740066220\n|start\n|switch|p1a: Chi-Yu|Chi-Yu, L50|100\/100\n|switch|p1b: Whimsicott|Whimsicott, L50, F|100\/100\n|switch|p2a: Urshifu|Urshifu, L50, M|100\/100\n|switch|p2b: Incineroar|Incineroar, L50, M, shiny|100\/100\n|-ability|p1a: Chi-Yu|Beads of Ruin\n|-ability|p2b: Incineroar|Intimidate|boost\n|-unboost|p1a: Chi-Yu|atk|1\n|-unboost|p1b: Whimsicott|atk|1\n|turn|1\n|\n|t:|1740066236\n|switch|p1a: Regigigas|Regigigas, L50|100\/100\n|-start|p1a: Regigigas|ability: Slow Start\n|move|p2a: Urshifu|Detect|p2a: Urshifu\n|-singleturn|p2a: Urshifu|Protect\n|move|p1b: Whimsicott|Moonblast|p2a: Urshifu\n|-activate|p2a: Urshifu|move: Protect\n|move|p2b: Incineroar|Flare Blitz|p1b: Whimsicott\n|-supereffective|p1b: Whimsicott\n|-enditem|p1b: Whimsicott|Focus Sash\n|-damage|p1b: Whimsicott|1\/100\n|-damage|p2b: Incineroar|79\/100|[from] Recoil\n|\n|upkeep\n|turn|2\n|j| 413XP\n|inactive|Team715 has 30 seconds left.\n|j| easy180\n|inactive|Sincubii has 30 seconds left.\n|inactive|Team715 has 20 seconds left.\n|inactive|Sincubii has 20 seconds left.\n|inactive|Team715 has 15 seconds left.\n|inactive|Sincubii has 15 seconds left.\n|inactive|Sincubii has 10 seconds left.\n|\n|t:|1740066289\n|move|p1b: Whimsicott|Tailwind|p1b: Whimsicott\n|-sidestart|p1: Sincubii|move: Tailwind\n|move|p2a: Urshifu|Wicked Blow|p1a: Regigigas\n|-crit|p1a: Regigigas\n|-damage|p1a: Regigigas|59\/100\n|-damage|p2a: Urshifu|84\/100|[from] item: Rocky Helmet|[of] p1a: Regigigas\n|move|p1a: Regigigas|Body Slam|p2a: Urshifu\n|-damage|p2a: Urshifu|60\/100\n|move|p2b: Incineroar|Parting Shot|p1a: Regigigas\n|-unboost|p1a: Regigigas|atk|1\n|-unboost|p1a: Regigigas|spa|1\n|j| faceless_knigght\n|\n|t:|1740066306\n|switch|p2b: Calyrex|Calyrex-Shadow, L50|100\/100|[from] Parting Shot\n|-ability|p2b: Calyrex|As One\n|-ability|p2b: Calyrex|Unnerve\n|\n|upkeep\n|turn|3\n|l| easy180\n|j| easy180\n|\n|t:|1740066325\n|-terastallize|p2b: Calyrex|Normal\n|move|p2a: Urshifu|Detect|p2a: Urshifu\n|-singleturn|p2a: Urshifu|Protect\n|move|p1b: Whimsicott|Moonblast|p2a: Urshifu\n|-activate|p2a: Urshifu|move: Protect\n|move|p2b: Calyrex|Psychic|p1b: Whimsicott\n|-damage|p1b: Whimsicott|0 fnt\n|faint|p1b: Whimsicott\n|-ability|p2b: Calyrex|Grim Neigh|boost\n|-boost|p2b: Calyrex|spa|1\n|move|p1a: Regigigas|Knock Off|p2b: Calyrex\n|-damage|p2b: Calyrex|89\/100\n|-enditem|p2b: Calyrex|Covert Cloak|[from] move: Knock Off|[of] p1a: Regigigas\n|\n|upkeep\n|\n|t:|1740066348\n|switch|p1b: Chi-Yu|Chi-Yu, L50|100\/100\n|-ability|p1b: Chi-Yu|Beads of Ruin\n|turn|4\n|\n|t:|1740066369\n|move|p2b: Calyrex|Protect|p2b: Calyrex\n|-singleturn|p2b: Calyrex|Protect\n|move|p1a: Regigigas|Wide Guard|p1a: Regigigas\n|-singleturn|p1a: Regigigas|Wide Guard\n|move|p1b: Chi-Yu|Heat Wave|p2b: Calyrex|[spread] p2a\n|-activate|p2b: Calyrex|move: Protect\n|-damage|p2a: Urshifu|0 fnt\n|faint|p2a: Urshifu\n|\n|upkeep\n|\n|t:|1740066384\n|switch|p2a: Incineroar|Incineroar, L50, M, shiny|79\/100\n|-ability|p2a: Incineroar|Intimidate|boost\n|-unboost|p1a: Regigigas|atk|1\n|-unboost|p1b: Chi-Yu|atk|1\n|turn|5\n|inactive|Team715 has 30 seconds left.\n|\n|t:|1740066415\n|move|p1b: Chi-Yu|Heat Wave|p2a: Incineroar|[spread] p2a,p2b\n|-resisted|p2a: Incineroar\n|-damage|p2a: Incineroar|59\/100\n|-damage|p2b: Calyrex|43\/100\n|move|p2b: Calyrex|Psychic|p1a: Regigigas\n|-damage|p1a: Regigigas|0 fnt\n|faint|p1a: Regigigas\n|-end|p1a: Regigigas|Slow Start|[silent]\n|-ability|p2b: Calyrex|Grim Neigh|boost\n|-boost|p2b: Calyrex|spa|1\n|move|p2a: Incineroar|Parting Shot|p1b: Chi-Yu\n|-unboost|p1b: Chi-Yu|atk|1\n|-unboost|p1b: Chi-Yu|spa|1\n|\n|t:|1740066427\n|switch|p2a: Ogerpon|Ogerpon-Cornerstone, L50, F|100\/100|[from] Parting Shot\n|\n|-sideend|p1: Sincubii|move: Tailwind\n|upkeep\n|\n|t:|1740066429\n|switch|p1a: Calyrex|Calyrex-Shadow, L50|100\/100\n|-ability|p1a: Calyrex|As One\n|-ability|p1a: Calyrex|Unnerve\n|turn|6\n|inactive|Sincubii has 30 seconds left.\n|inactive|Team715 has 30 seconds left.\n|inactive|Team715 has 20 seconds left.\n|\n|t:|1740066466\n|-terastallize|p1a: Calyrex|Fairy\n|move|p2b: Calyrex|Protect|p2b: Calyrex\n|-singleturn|p2b: Calyrex|Protect\n|move|p1b: Chi-Yu|Heat Wave|p2a: Ogerpon|[spread] p2a\n|-activate|p2b: Calyrex|move: Protect\n|-damage|p2a: Ogerpon|65\/100\n|move|p1a: Calyrex|Draining Kiss|p2b: Calyrex\n|-activate|p2b: Calyrex|move: Protect\n|move|p2a: Ogerpon|Ivy Cudgel|p1b: Chi-Yu|[anim] Ivy Cudgel Rock\n|-supereffective|p1b: Chi-Yu\n|-crit|p1b: Chi-Yu\n|-damage|p1b: Chi-Yu|0 fnt\n|faint|p1b: Chi-Yu\n|\n|upkeep\n|turn|7\n|\n|t:|1740066484\n|move|p2a: Ogerpon|Follow Me|p2a: Ogerpon\n|-singleturn|p2a: Ogerpon|move: Follow Me\n|move|p2b: Calyrex|Astral Barrage|p1a: Calyrex\n|-damage|p1a: Calyrex|0 fnt\n|faint|p1a: Calyrex\n|\n|win|Team715\n|raw|Sincubii's rating: 1574 &rarr; <strong>1555<\/strong><br \/>(-19 for losing)\n|raw|Team715's rating: 1594 &rarr; <strong>1613<\/strong><br \/>(+19 for winning)\n|l|\u2606Sincubii\n|player|p1|\n|l| Therazer456\n|l|\u2606Team715\n|player|p2|\n|l| faceless_knigght\n|l| 413XP\n","uploadtime":1740066641,"views":5,"formatid":"gen9vgc2025regg","rating":1555,"private":0,"password":null}