{"id":"gen9vgc2025regg-2304607569","format":"[Gen 9] VGC 2025 Reg G","players":["Forbranna","usernameinserted"],"log":"|j|\u2606Forbranna\n|j|\u2606usernameinserted\n|t:|1740078544\n|gametype|doubles\n|player|p1|Forbranna|clair|1523\n|player|p2|usernameinserted|unknownf|1550\n|teamsize|p1|6\n|teamsize|p2|6\n|gen|9\n|tier|[Gen 9] VGC 2025 Reg G\n|rated|\n|rule|Species Clause: Limit one of each Pok\u00e9mon\n|rule|Item Clause: Limit 1 of each item\n|clearpoke\n|poke|p1|Grimmsnarl, L50, M|\n|poke|p1|Chi-Yu, L50|\n|poke|p1|Koraidon, L50|\n|poke|p1|Flutter Mane, L50|\n|poke|p1|Raging Bolt, L50|\n|poke|p1|Ogerpon-Cornerstone, L50, F|\n|poke|p2|Meowscarada, L50, M|\n|poke|p2|Zapdos-Galar, L50|\n|poke|p2|Sylveon, L50, F|\n|poke|p2|Terapagos, L50, M|\n|poke|p2|Tinkaton, L50, F|\n|poke|p2|Skeledirge, L50, F|\n|teampreview|4\n|inactive|Battle timer is ON: inactive players will automatically lose when time's up. (requested by usernameinserted)\n|inactive|Forbranna also wants the timer to be on.\n|inactive|usernameinserted has 60 seconds left.\n|\n|t:|1740078577\n|start\n|switch|p1a: Einstein|Grimmsnarl, L50, M, shiny|100\/100\n|switch|p1b: Voltaire|Raging Bolt, L50|100\/100\n|switch|p2a: Terapagos|Terapagos, L50, M|100\/100\n|switch|p2b: Tinkaton|Tinkaton, L50, F, shiny|100\/100\n|-activate|p2a: Terapagos|ability: Tera Shift\n|detailschange|p2a: Terapagos|Terapagos-Terastal, L50, M\n|-heal|p2a: Terapagos|100\/100|[silent]\n|-ability|p2b: Tinkaton|Mold Breaker\n|turn|1\n|j| tetsuokaga\n|\n|t:|1740078593\n|move|p1a: Einstein|Light Screen|p1a: Einstein\n|-sidestart|p1: Forbranna|move: Light Screen\n|move|p2a: Terapagos|Tera Starstorm|p1b: Voltaire\n|-damage|p1b: Voltaire|68\/100\n|move|p2b: Tinkaton|Play Rough|p1b: Voltaire\n|-supereffective|p1b: Voltaire\n|-damage|p1b: Voltaire|18\/100\n|move|p1b: Voltaire|Volt Switch|p2a: Terapagos\n|-activate|p2a: Terapagos|ability: Tera Shell\n|-resisted|p2a: Terapagos\n|-damage|p2a: Terapagos|83\/100\n|\n|t:|1740078606\n|-end|p1b: Voltaire|Protosynthesis|[silent]\n|switch|p1b: Moctezuma|Koraidon, L50|100\/100|[from] Volt Switch\n|-weather|SunnyDay|[from] ability: Orichalcum Pulse|[of] p1b: Moctezuma\n|-activate|p1b: Moctezuma|Orichalcum Pulse|[source]\n|\n|-weather|SunnyDay|[upkeep]\n|upkeep\n|turn|2\n|\n|t:|1740078628\n|switch|p2a: Sylveon|Sylveon, L50, F, shiny|100\/100\n|move|p1b: Moctezuma|Protect|p1b: Moctezuma\n|-singleturn|p1b: Moctezuma|Protect\n|move|p2b: Tinkaton|Play Rough|p1b: Moctezuma\n|-activate|p1b: Moctezuma|move: Protect\n|move|p1a: Einstein|Spirit Break|p2a: Sylveon\n|-damage|p2a: Sylveon|63\/100\n|-unboost|p2a: Sylveon|spa|1\n|\n|-weather|SunnyDay|[upkeep]\n|upkeep\n|turn|3\n|\n|t:|1740078649\n|-terastallize|p1b: Moctezuma|Fire\n|-terastallize|p2b: Tinkaton|Ground\n|move|p1a: Einstein|Reflect|p1a: Einstein\n|-sidestart|p1: Forbranna|Reflect\n|move|p1b: Moctezuma|Flame Charge|p2a: Sylveon\n|-crit|p2a: Sylveon\n|-damage|p2a: Sylveon|0 fnt\n|-boost|p1b: Moctezuma|spe|1\n|faint|p2a: Sylveon\n|move|p2b: Tinkaton|Gigaton Hammer|p1a: Einstein\n|-supereffective|p1a: Einstein\n|-damage|p1a: Einstein|23\/100\n|\n|-weather|SunnyDay|[upkeep]\n|upkeep\n|\n|t:|1740078666\n|switch|p2a: Meowscarada|Meowscarada, L50, M, shiny|100\/100\n|turn|4\n|\n|t:|1740078673\n|move|p1b: Moctezuma|Flame Charge|p2a: Meowscarada\n|-supereffective|p2a: Meowscarada\n|-enditem|p2a: Meowscarada|Focus Sash\n|-damage|p2a: Meowscarada|1\/100\n|-boost|p1b: Moctezuma|spe|1\n|move|p2a: Meowscarada|Knock Off|p1b: Moctezuma\n|-damage|p1b: Moctezuma|75\/100\n|-enditem|p1b: Moctezuma|Clear Amulet|[from] move: Knock Off|[of] p2a: Meowscarada\n|move|p2b: Tinkaton|Play Rough|p1a: Einstein\n|-supereffective|p1a: Einstein\n|-damage|p1a: Einstein|0 fnt\n|faint|p1a: Einstein\n|\n|-weather|SunnyDay|[upkeep]\n|upkeep\n|j| iwantasername\n|\n|t:|1740078689\n|switch|p1a: Voltaire|Raging Bolt, L50|18\/100\n|-activate|p1a: Voltaire|ability: Protosynthesis\n|-start|p1a: Voltaire|protosynthesisspa\n|turn|5\n|\n|t:|1740078696\n|move|p2a: Meowscarada|Protect|p2a: Meowscarada\n|-singleturn|p2a: Meowscarada|Protect\n|move|p1a: Voltaire|Thunderclap||[still]\n|-fail|p1a: Voltaire\n|move|p1b: Moctezuma|Flare Blitz|p2b: Tinkaton\n|-damage|p2b: Tinkaton|0 fnt\n|faint|p2b: Tinkaton\n|-damage|p1b: Moctezuma|44\/100|[from] Recoil\n|\n|-weather|none\n|-end|p1a: Voltaire|Protosynthesis\n|upkeep\n|\n|t:|1740078700\n|switch|p2b: Terapagos|Terapagos-Terastal, L50, M|83\/100\n|turn|6\n|\n|t:|1740078713\n|move|p2a: Meowscarada|Sucker Punch|p1b: Moctezuma\n|-damage|p1b: Moctezuma|25\/100\n|move|p1a: Voltaire|Thunderclap||[still]\n|-fail|p1a: Voltaire\n|move|p1b: Moctezuma|Collision Course|p2b: Terapagos\n|-supereffective|p2b: Terapagos\n|-damage|p2b: Terapagos|0 fnt\n|faint|p2b: Terapagos\n|\n|upkeep\n|turn|7\n|c|\u2606usernameinserted|ggs\n|l| tetsuokaga\n|\n|t:|1740078726\n|move|p2a: Meowscarada|Sucker Punch|p1b: Moctezuma\n|-damage|p1b: Moctezuma|9\/100\n|move|p1b: Moctezuma|Collision Course|p2a: Meowscarada\n|-supereffective|p2a: Meowscarada\n|-damage|p2a: Meowscarada|0 fnt\n|faint|p2a: Meowscarada\n|\n|win|Forbranna\n|raw|Forbranna's rating: 1523 &rarr; <strong>1545<\/strong><br \/>(+22 for winning)\n|raw|usernameinserted's rating: 1550 &rarr; <strong>1528<\/strong><br \/>(-22 for losing)\n|l|\u2606usernameinserted\n|player|p2|\n|l| iwantasername\n","uploadtime":1740078931,"views":7,"formatid":"gen9vgc2025regg","rating":1528,"private":0,"password":null}