{"id":"gen9vgc2025regg-2304332381","format":"[Gen 9] VGC 2025 Reg G","players":["Has_Perry","syarisyari"],"log":"|j|\u2606Has_Perry\n|j|\u2606syarisyari\n|t:|1740045222\n|gametype|doubles\n|player|p1|Has_Perry|veteran|1596\n|player|p2|syarisyari|265|1515\n|teamsize|p1|6\n|teamsize|p2|6\n|gen|9\n|tier|[Gen 9] VGC 2025 Reg G\n|rated|\n|rule|Species Clause: Limit one of each Pok\u00e9mon\n|rule|Item Clause: Limit 1 of each item\n|clearpoke\n|poke|p1|Giratina, L50|\n|poke|p1|Grimmsnarl, L50, M|\n|poke|p1|Incineroar, L50, M|\n|poke|p1|Rillaboom, L50, M|\n|poke|p1|Urshifu-*, L50, M|\n|poke|p1|Glimmora, L50, F|\n|poke|p2|Calyrex-Shadow, L50|\n|poke|p2|Clefairy, L50, F|\n|poke|p2|Rillaboom, L50, F|\n|poke|p2|Urshifu-*, L50, F|\n|poke|p2|Incineroar, L50, F|\n|poke|p2|Ogerpon, L50, F|\n|teampreview|4\n|j| ido1234567890\n|\n|t:|1740045250\n|start\n|switch|p1a: Arkenstone|Glimmora, L50, F|100\/100\n|switch|p1b: Grimmsnarl|Grimmsnarl, L50, M, shiny|100\/100\n|switch|p2a: Calyrex|Calyrex-Shadow, L50|100\/100\n|switch|p2b: Incineroar|Incineroar, L50, F|100\/100\n|-ability|p2a: Calyrex|As One\n|-ability|p2a: Calyrex|Unnerve\n|-ability|p2b: Incineroar|Intimidate|boost\n|-unboost|p1a: Arkenstone|atk|1\n|-unboost|p1b: Grimmsnarl|atk|1\n|turn|1\n|l| ido1234567890\n|\n|t:|1740045263\n|-terastallize|p2a: Calyrex|Dark\n|move|p1b: Grimmsnarl|Thunder Wave|p2a: Calyrex\n|-hint|Since gen 7, Dark is immune to Prankster moves.\n|-immune|p2a: Calyrex\n|move|p2a: Calyrex|Calm Mind|p2a: Calyrex\n|-boost|p2a: Calyrex|spa|1\n|-boost|p2a: Calyrex|spd|1\n|move|p1a: Arkenstone|Meteor Beam||[still]\n|-prepare|p1a: Arkenstone|Meteor Beam\n|-boost|p1a: Arkenstone|spa|1\n|-enditem|p1a: Arkenstone|Power Herb\n|-anim|p1a: Arkenstone|Meteor Beam|p2b: Incineroar\n|-supereffective|p2b: Incineroar\n|-damage|p2b: Incineroar|0 fnt\n|faint|p2b: Incineroar\n|\n|upkeep\n|\n|t:|1740045275\n|switch|p2b: Clefairy|Clefairy, L50, F|100\/100\n|turn|2\n|\n|t:|1740045281\n|move|p2b: Clefairy|Protect|p2b: Clefairy\n|-singleturn|p2b: Clefairy|Protect\n|move|p1b: Grimmsnarl|Light Screen|p1b: Grimmsnarl\n|-sidestart|p1: Has_Perry|move: Light Screen\n|move|p2a: Calyrex|Calm Mind|p2a: Calyrex\n|-boost|p2a: Calyrex|spa|1\n|-boost|p2a: Calyrex|spd|1\n|move|p1a: Arkenstone|Sludge Bomb|p2b: Clefairy\n|-activate|p2b: Clefairy|move: Protect\n|\n|upkeep\n|turn|3\n|\n|t:|1740045297\n|switch|p2b: Urshifu|Urshifu-Rapid-Strike, L50, F|100\/100\n|move|p2a: Calyrex|Astral Barrage|p1a: Arkenstone|[spread] p1a,p1b\n|-resisted|p1b: Grimmsnarl\n|-damage|p1a: Arkenstone|11\/100\n|-damage|p1b: Grimmsnarl|68\/100\n|move|p1a: Arkenstone|Sludge Bomb|p2b: Urshifu\n|-damage|p2b: Urshifu|16\/100\n|move|p1b: Grimmsnarl|Spirit Break|p2a: Calyrex\n|-supereffective|p2a: Calyrex\n|-damage|p2a: Calyrex|57\/100\n|\n|upkeep\n|turn|4\n|\n|t:|1740045320\n|move|p1a: Arkenstone|Spiky Shield|p1a: Arkenstone\n|-singleturn|p1a: Arkenstone|move: Protect\n|move|p2b: Urshifu|Detect|p2b: Urshifu\n|-singleturn|p2b: Urshifu|Protect\n|move|p1b: Grimmsnarl|Thunder Wave|p2b: Urshifu\n|-activate|p2b: Urshifu|move: Protect\n|move|p2a: Calyrex|Astral Barrage|p1a: Arkenstone|[spread] p1b\n|-activate|p1a: Arkenstone|move: Protect\n|-resisted|p1b: Grimmsnarl\n|-damage|p1b: Grimmsnarl|35\/100\n|\n|upkeep\n|turn|5\n|\n|t:|1740045330\n|switch|p2b: Clefairy|Clefairy, L50, F|100\/100\n|move|p1b: Grimmsnarl|Thunder Wave|p2b: Clefairy\n|-status|p2b: Clefairy|par\n|move|p2a: Calyrex|Astral Barrage|p1b: Grimmsnarl|[spread] p1a,p1b\n|-resisted|p1b: Grimmsnarl\n|-damage|p1a: Arkenstone|0 fnt\n|-damage|p1b: Grimmsnarl|0 fnt\n|faint|p1a: Arkenstone\n|faint|p1b: Grimmsnarl\n|-ability|p2a: Calyrex|Grim Neigh|boost\n|-boost|p2a: Calyrex|spa|2\n|\n|upkeep\n|\n|t:|1740045338\n|switch|p1a: Incycoso|Incineroar, L50, M|100\/100\n|switch|p1b: GiratinacoiPiedini|Giratina, L50|100\/100\n|-ability|p1b: GiratinacoiPiedini|Pressure\n|-ability|p1a: Incycoso|Intimidate|boost\n|-unboost|p2a: Calyrex|atk|1\n|-unboost|p2b: Clefairy|atk|1\n|turn|6\n|\n|t:|1740045354\n|-terastallize|p1b: GiratinacoiPiedini|Fairy\n|move|p2a: Calyrex|Astral Barrage|p1a: Incycoso|[spread] p1a,p1b\n|-resisted|p1a: Incycoso\n|-damage|p1a: Incycoso|54\/100\n|-damage|p1b: GiratinacoiPiedini|37\/100\n|move|p1b: GiratinacoiPiedini|Calm Mind|p1b: GiratinacoiPiedini\n|-boost|p1b: GiratinacoiPiedini|spa|1\n|-boost|p1b: GiratinacoiPiedini|spd|1\n|move|p2b: Clefairy|Life Dew||[still]|[spread] p2a,p2b\n|-heal|p2a: Calyrex|82\/100\n|-fail|p2b: Clefairy|heal\n|move|p1a: Incycoso|Roar|p2a: Calyrex\n|drag|p2a: Urshifu|Urshifu-Rapid-Strike, L50, F|16\/100\n|\n|-heal|p1b: GiratinacoiPiedini|44\/100|[from] item: Leftovers\n|upkeep\n|turn|7\n|\n|t:|1740045374\n|move|p2b: Clefairy|Follow Me|p2b: Clefairy\n|-singleturn|p2b: Clefairy|move: Follow Me\n|move|p2a: Urshifu|Surging Strikes|p1b: GiratinacoiPiedini\n|-crit|p1b: GiratinacoiPiedini\n|-damage|p1b: GiratinacoiPiedini|32\/100\n|-crit|p1b: GiratinacoiPiedini\n|-damage|p1b: GiratinacoiPiedini|20\/100\n|-crit|p1b: GiratinacoiPiedini\n|-damage|p1b: GiratinacoiPiedini|8\/100\n|-hitcount|p1b: GiratinacoiPiedini|3\n|move|p1b: GiratinacoiPiedini|Calm Mind|p1b: GiratinacoiPiedini\n|-boost|p1b: GiratinacoiPiedini|spa|1\n|-boost|p1b: GiratinacoiPiedini|spd|1\n|move|p1a: Incycoso|Knock Off|p2b: Clefairy\n|-resisted|p2b: Clefairy\n|-damage|p2b: Clefairy|82\/100 par\n|-enditem|p2b: Clefairy|Eviolite|[from] move: Knock Off|[of] p1a: Incycoso\n|\n|-heal|p1b: GiratinacoiPiedini|14\/100|[from] item: Leftovers\n|upkeep\n|turn|8\n|\n|t:|1740045386\n|move|p2b: Clefairy|Follow Me|p2b: Clefairy\n|-singleturn|p2b: Clefairy|move: Follow Me\n|move|p2a: Urshifu|Surging Strikes|p1b: GiratinacoiPiedini\n|-crit|p1b: GiratinacoiPiedini\n|-damage|p1b: GiratinacoiPiedini|2\/100\n|-crit|p1b: GiratinacoiPiedini\n|-damage|p1b: GiratinacoiPiedini|0 fnt\n|faint|p1b: GiratinacoiPiedini\n|-hitcount|p1: GiratinacoiPiedini|2\n|move|p1a: Incycoso|Knock Off|p2b: Clefairy\n|-resisted|p2b: Clefairy\n|-damage|p2b: Clefairy|63\/100 par\n|\n|upkeep\n|turn|9\n|-message|Has_Perry forfeited.\n|\n|win|syarisyari\n|raw|Has_Perry's rating: 1596 &rarr; <strong>1571<\/strong><br \/>(-25 for losing)\n|raw|syarisyari's rating: 1515 &rarr; <strong>1540<\/strong><br \/>(+25 for winning)\n|l|\u2606Has_Perry\n|player|p1|\n|l|\u2606syarisyari\n|player|p2|\n","uploadtime":1740045605,"views":6,"formatid":"gen9vgc2025regg","rating":1540,"private":0,"password":null}