{"id":"gen9vgc2025regg-2304901947","format":"[Gen 9] VGC 2025 Reg G","players":["odin25dlg1","cobalt_poke"],"log":"|j|\u2606odin25dlg1\n|j|\u2606cobalt_poke\n|t:|1740115181\n|gametype|doubles\n|player|p1|odin25dlg1|2|1540\n|player|p2|cobalt_poke|266|1586\n|teamsize|p1|6\n|teamsize|p2|6\n|gen|9\n|tier|[Gen 9] VGC 2025 Reg G\n|rated|\n|rule|Species Clause: Limit one of each Pok\u00e9mon\n|rule|Item Clause: Limit 1 of each item\n|clearpoke\n|poke|p1|Calyrex-Shadow, L50|\n|poke|p1|Urshifu-*, L50, M|\n|poke|p1|Landorus, L50, M|\n|poke|p1|Indeedee-F, L50, F|\n|poke|p1|Ogerpon-Hearthflame, L50, F|\n|poke|p1|Tornadus, L50, M|\n|poke|p2|Weezing-Galar, L50, F|\n|poke|p2|Calyrex-Shadow, L50|\n|poke|p2|Dondozo, L50, M|\n|poke|p2|Tatsugiri, L50, F|\n|poke|p2|Roaring Moon, L50|\n|poke|p2|Flutter Mane, L50|\n|teampreview|4\n|inactive|Battle timer is ON: inactive players will automatically lose when time's up. (requested by odin25dlg1)\n|l|\u2606cobalt_poke\n|inactive|cobalt_poke disconnected and has a minute to reconnect!\n|player|p2|\n|j|\u2606cobalt_poke\n|inactive|cobalt_poke reconnected and has 60 seconds left.\n|player|p2|cobalt_poke|266|\n|\n|t:|1740115218\n|start\n|switch|p1a: Tornadus|Tornadus, L50, M|100\/100\n|switch|p1b: Urshifu|Urshifu-Rapid-Strike, L50, M|100\/100\n|switch|p2a: Calyrex|Calyrex-Shadow, L50|100\/100\n|switch|p2b: Weezing|Weezing-Galar, L50, F|100\/100\n|-ability|p2b: Weezing|Neutralizing Gas\n|-ability|p2a: Calyrex|As One\n|-ability|p2a: Calyrex|Unnerve\n|turn|1\n|inactive|odin25dlg1 has 30 seconds left.\n|inactive|odin25dlg1 has 20 seconds left.\n|inactive|odin25dlg1 has 15 seconds left.\n|\n|t:|1740115259\n|-terastallize|p1b: Urshifu|Water\n|move|p1b: Urshifu|Surging Strikes|p2b: Weezing\n|-crit|p2b: Weezing\n|-damage|p2b: Weezing|76\/100\n|-crit|p2b: Weezing\n|-damage|p2b: Weezing|49\/100\n|-enditem|p2b: Weezing|Sitrus Berry|[eat]\n|-heal|p2b: Weezing|74\/100|[from] item: Sitrus Berry\n|-crit|p2b: Weezing\n|-damage|p2b: Weezing|49\/100\n|-hitcount|p2b: Weezing|3\n|move|p2a: Calyrex|Astral Barrage|p1b: Urshifu|[spread] p1a,p1b\n|-damage|p1a: Tornadus|34\/100\n|-damage|p1b: Urshifu|0 fnt\n|faint|p1b: Urshifu\n|-ability|p2a: Calyrex|Grim Neigh|boost\n|-boost|p2a: Calyrex|spa|1\n|move|p1a: Tornadus|Tailwind|p1a: Tornadus\n|-sidestart|p1: odin25dlg1|move: Tailwind\n|move|p2b: Weezing|Poison Gas|p1a: Tornadus\n|-status|p1a: Tornadus|psn\n|\n|-damage|p1a: Tornadus|22\/100 psn|[from] psn\n|upkeep\n|\n|t:|1740115275\n|switch|p1b: Calyrex|Calyrex-Shadow, L50|100\/100\n|-ability|p1b: Calyrex|As One\n|-ability|p1b: Calyrex|Unnerve\n|turn|2\n|\n|t:|1740115290\n|switch|p2a: Tatsugiri|Tatsugiri, L50, F|100\/100\n|-end|p2b: Weezing|ability: Neutralizing Gas\n|switch|p2b: Dondozo|Dondozo, L50, M|100\/100\n|-activate|p2a: Tatsugiri|ability: Commander|[of] p2b: Dondozo\n|-boost|p2b: Dondozo|atk|2\n|-boost|p2b: Dondozo|spa|2\n|-boost|p2b: Dondozo|spe|2\n|-boost|p2b: Dondozo|def|2\n|-boost|p2b: Dondozo|spd|2\n|move|p1b: Calyrex|Astral Barrage|p2a: Tatsugiri|[spread] p2b\n|-miss|p1b: Calyrex|p2a: Tatsugiri\n|-damage|p2b: Dondozo|71\/100\n|move|p1a: Tornadus|Icy Wind|p2b: Dondozo|[spread] p2b\n|-miss|p1a: Tornadus|p2a: Tatsugiri\n|-resisted|p2b: Dondozo\n|-damage|p2b: Dondozo|68\/100\n|-unboost|p2b: Dondozo|spe|1\n|\n|-heal|p2b: Dondozo|74\/100|[from] item: Leftovers\n|-damage|p1a: Tornadus|10\/100 psn|[from] psn\n|upkeep\n|turn|3\n|inactive|odin25dlg1 has 30 seconds left.\n|inactive|odin25dlg1 has 20 seconds left.\n|\n|t:|1740115328\n|switch|p1a: Ogerpon|Ogerpon-Hearthflame, L50, F|100\/100\n|-ability|p1a: Ogerpon|Mold Breaker\n|move|p1b: Calyrex|Astral Barrage|p2a: Tatsugiri|[spread] p2b\n|-miss|p1b: Calyrex|p2a: Tatsugiri\n|-damage|p2b: Dondozo|49\/100\n|move|p2b: Dondozo|Wave Crash|p1b: Calyrex\n|-enditem|p1b: Calyrex|Focus Sash\n|-damage|p1b: Calyrex|1\/100\n|-damage|p2b: Dondozo|27\/100|[from] Recoil\n|\n|-heal|p2b: Dondozo|33\/100|[from] item: Leftovers\n|upkeep\n|turn|4\n|j| zackty\n|inactive|cobalt_poke has 30 seconds left.\n|\n|t:|1740115354\n|move|p1b: Calyrex|Astral Barrage|p2b: Dondozo|[spread] p2b\n|-miss|p1b: Calyrex|p2a: Tatsugiri\n|-damage|p2b: Dondozo|4\/100\n|move|p1a: Ogerpon|Wood Hammer|p2b: Dondozo\n|-supereffective|p2b: Dondozo\n|-damage|p2b: Dondozo|0 fnt\n|faint|p2b: Dondozo\n|-damage|p1a: Ogerpon|99\/100|[from] Recoil\n|\n|-sideend|p1: odin25dlg1|move: Tailwind\n|upkeep\n|\n|t:|1740115364\n|switch|p2b: Calyrex|Calyrex-Shadow, L50|100\/100\n|-ability|p2b: Calyrex|As One\n|-ability|p2b: Calyrex|Unnerve\n|turn|5\n|\n|t:|1740115374\n|-terastallize|p2b: Calyrex|Ground\n|move|p1b: Calyrex|Protect|p1b: Calyrex\n|-singleturn|p1b: Calyrex|Protect\n|move|p2b: Calyrex|Astral Barrage|p1a: Ogerpon|[spread] p1a\n|-activate|p1b: Calyrex|move: Protect\n|-damage|p1a: Ogerpon|10\/100\n|move|p1a: Ogerpon|Ivy Cudgel|p2b: Calyrex|[anim] Ivy Cudgel Fire\n|-damage|p2b: Calyrex|35\/100\n|move|p2a: Tatsugiri|Counter||[still]\n|-fail|p2a: Tatsugiri\n|\n|upkeep\n|turn|6\n|\n|t:|1740115394\n|move|p1b: Calyrex|Astral Barrage|p2b: Calyrex|[spread] p2a,p2b\n|-damage|p2a: Tatsugiri|31\/100\n|-damage|p2b: Calyrex|0 fnt\n|faint|p2b: Calyrex\n|-ability|p1b: Calyrex|Grim Neigh|boost\n|-boost|p1b: Calyrex|spa|1\n|move|p1a: Ogerpon|Wood Hammer|p2a: Tatsugiri\n|-damage|p2a: Tatsugiri|0 fnt\n|faint|p2a: Tatsugiri\n|-damage|p1a: Ogerpon|0 fnt|[from] Recoil\n|faint|p1a: Ogerpon\n|\n|upkeep\n|l|\u2606cobalt_poke\n|inactive|cobalt_poke disconnected and has a minute to reconnect!\n|player|p2|\n|inactive|cobalt_poke has 30 seconds left.\n|inactive|cobalt_poke has 20 seconds left.\n|inactive|cobalt_poke has 15 seconds left.\n|inactive|cobalt_poke has 10 seconds left.\n|inactive|cobalt_poke has 5 seconds left.\n|-message|cobalt_poke lost due to inactivity.\n|\n|win|odin25dlg1\n|raw|odin25dlg1's rating: 1540 &rarr; <strong>1563<\/strong><br \/>(+23 for winning)\n|raw|cobalt_poke's rating: 1586 &rarr; <strong>1563<\/strong><br \/>(-23 for losing)\n|l|\u2606odin25dlg1\n|player|p1|\n","uploadtime":1740115670,"views":8,"formatid":"gen9vgc2025regg","rating":1563,"private":0,"password":null}