{"id":"gen9vgc2025regg-2304372227","format":"[Gen 9] VGC 2025 Reg G","players":["tachitsuteto12345","pentagonSG"],"log":"|j|\u2606tachitsuteto12345\n|j|\u2606pentagonSG\n|t:|1740052216\n|gametype|doubles\n|player|p1|tachitsuteto12345|265|1631\n|player|p2|pentagonSG|265|1567\n|teamsize|p1|6\n|teamsize|p2|6\n|gen|9\n|tier|[Gen 9] VGC 2025 Reg G\n|rated|\n|rule|Species Clause: Limit one of each Pok\u00e9mon\n|rule|Item Clause: Limit 1 of each item\n|clearpoke\n|poke|p1|Calyrex-Ice, L50|\n|poke|p1|Raging Bolt, L50|\n|poke|p1|Urshifu-*, L50, F|\n|poke|p1|Pelipper, L50, M|\n|poke|p1|Incineroar, L50, M|\n|poke|p1|Amoonguss, L50, F|\n|poke|p2|Volcarona, L50, M|\n|poke|p2|Miraidon, L50|\n|poke|p2|Grimmsnarl, L50, M|\n|poke|p2|Okidogi, L50, M|\n|poke|p2|Iron Hands, L50|\n|poke|p2|Farigiraf, L50, M|\n|teampreview|4\n|\n|t:|1740052242\n|start\n|switch|p1a: Calyrex|Calyrex-Ice, L50|100\/100\n|switch|p1b: Raging Bolt|Raging Bolt, L50|100\/100\n|switch|p2a: Miraidon|Miraidon, L50|100\/100\n|switch|p2b: Grimmsnarl|Grimmsnarl, L50, M|100\/100\n|-ability|p1a: Calyrex|As One\n|-ability|p1a: Calyrex|Unnerve\n|-fieldstart|move: Electric Terrain|[from] ability: Hadron Engine|[of] p2a: Miraidon\n|turn|1\n|\n|t:|1740052286\n|-terastallize|p2a: Miraidon|Fairy\n|-terastallize|p1a: Calyrex|Fairy\n|move|p2b: Grimmsnarl|Reflect|p2b: Grimmsnarl\n|-sidestart|p2: pentagonSG|Reflect\n|move|p2a: Miraidon|Dazzling Gleam|p1b: Raging Bolt|[spread] p1a,p1b\n|-supereffective|p1b: Raging Bolt\n|-damage|p1a: Calyrex|61\/100\n|-damage|p1b: Raging Bolt|32\/100\n|move|p1b: Raging Bolt|Volt Switch|p2b: Grimmsnarl\n|-damage|p2b: Grimmsnarl|57\/100\n|inactive|Battle timer is ON: inactive players will automatically lose when time's up. (requested by pentagonSG)\n|\n|t:|1740052301\n|-end|p1b: Raging Bolt|Protosynthesis|[silent]\n|switch|p1b: Amoonguss|Amoonguss, L50, F|100\/100|[from] Volt Switch\n|move|p1a: Calyrex|Glacial Lance|p2a: Miraidon|[spread] p2a,p2b\n|-damage|p2a: Miraidon|52\/100\n|-damage|p2b: Grimmsnarl|5\/100\n|\n|upkeep\n|turn|2\n|j| tetsuokaga\n|j| Easy180\n|\n|t:|1740052325\n|move|p2b: Grimmsnarl|Light Screen|p2b: Grimmsnarl\n|-sidestart|p2: pentagonSG|move: Light Screen\n|move|p2a: Miraidon|Dazzling Gleam|p1a: Calyrex|[spread] p1a,p1b\n|-resisted|p1b: Amoonguss\n|-damage|p1a: Calyrex|17\/100\n|-damage|p1b: Amoonguss|76\/100\n|move|p1a: Calyrex|Glacial Lance|p2b: Grimmsnarl|[spread] p2a,p2b\n|-damage|p2a: Miraidon|10\/100\n|-damage|p2b: Grimmsnarl|0 fnt\n|faint|p2b: Grimmsnarl\n|-ability|p1a: Calyrex|Chilling Neigh|boost\n|-boost|p1a: Calyrex|atk|1\n|move|p1b: Amoonguss|Pollen Puff|p1a: Calyrex\n|-heal|p1a: Calyrex|67\/100\n|\n|upkeep\n|\n|t:|1740052342\n|switch|p2b: Farigiraf|Farigiraf, L50, M|100\/100\n|turn|3\n|\n|t:|1740052357\n|move|p2a: Miraidon|Dazzling Gleam|p1a: Calyrex|[spread] p1a,p1b\n|-crit|p1a: Calyrex\n|-resisted|p1b: Amoonguss\n|-damage|p1a: Calyrex|5\/100\n|-damage|p1b: Amoonguss|52\/100\n|move|p1a: Calyrex|Glacial Lance|p2a: Miraidon|[spread] p2a,p2b\n|-damage|p2a: Miraidon|0 fnt\n|-damage|p2b: Farigiraf|51\/100\n|faint|p2a: Miraidon\n|-ability|p1a: Calyrex|Chilling Neigh|boost\n|-boost|p1a: Calyrex|atk|1\n|move|p1b: Amoonguss|Pollen Puff|p1a: Calyrex\n|-heal|p1a: Calyrex|55\/100\n|move|p2b: Farigiraf|Trick Room|p2b: Farigiraf\n|-fieldstart|move: Trick Room|[of] p2b: Farigiraf\n|\n|upkeep\n|\n|t:|1740052373\n|switch|p2a: Iron Hands|Iron Hands, L50|100\/100\n|-activate|p2a: Iron Hands|ability: Quark Drive\n|-start|p2a: Iron Hands|quarkdriveatk\n|turn|4\n|\n|t:|1740052384\n|switch|p1b: Incineroar|Incineroar, L50, M|100\/100\n|-ability|p1b: Incineroar|Intimidate|boost\n|-unboost|p2a: Iron Hands|atk|1\n|-unboost|p2b: Farigiraf|atk|1\n|move|p2b: Farigiraf|Helping Hand|p2a: Iron Hands\n|-singleturn|p2a: Iron Hands|Helping Hand|[of] p2b: Farigiraf\n|move|p1a: Calyrex|Protect|p1a: Calyrex\n|-singleturn|p1a: Calyrex|Protect\n|move|p2a: Iron Hands|Rock Slide|p1a: Calyrex|[spread] p1b\n|-activate|p1a: Calyrex|move: Protect\n|-supereffective|p1b: Incineroar\n|-damage|p1b: Incineroar|50\/100\n|-damage|p2a: Iron Hands|90\/100|[from] item: Life Orb\n|\n|upkeep\n|turn|5\n|inactive|tachitsuteto12345 has 30 seconds left.\n|inactive|pentagonSG has 30 seconds left.\n|\n|t:|1740052414\n|switch|p1a: Raging Bolt|Raging Bolt, L50|32\/100\n|switch|p1b: Amoonguss|Amoonguss, L50, F|85\/100\n|move|p2b: Farigiraf|Helping Hand|p2a: Iron Hands\n|-singleturn|p2a: Iron Hands|Helping Hand|[of] p2b: Farigiraf\n|move|p2a: Iron Hands|Rock Slide|p1b: Amoonguss|[spread] p1a,p1b\n|-crit|p1a: Raging Bolt\n|-damage|p1a: Raging Bolt|0 fnt\n|-damage|p1b: Amoonguss|51\/100\n|faint|p1a: Raging Bolt\n|-end|p1a: Raging Bolt|Protosynthesis|[silent]\n|-damage|p2a: Iron Hands|80\/100|[from] item: Life Orb\n|\n|-fieldend|move: Electric Terrain\n|-end|p2a: Iron Hands|Quark Drive\n|upkeep\n|l| tetsuokaga\n|\n|t:|1740052436\n|switch|p1a: Calyrex|Calyrex-Ice, L50, tera:Fairy|55\/100\n|-ability|p1a: Calyrex|As One\n|-ability|p1a: Calyrex|Unnerve\n|turn|6\n|\n|t:|1740052449\n|move|p1b: Amoonguss|Pollen Puff|p1a: Calyrex\n|-heal|p1a: Calyrex|100\/100\n|move|p2a: Iron Hands|Rock Slide|p1a: Calyrex|[spread] p1a,p1b\n|-damage|p1a: Calyrex|88\/100\n|-damage|p1b: Amoonguss|33\/100\n|-damage|p2a: Iron Hands|70\/100|[from] item: Life Orb\n|move|p2b: Farigiraf|Psychic Noise|p1b: Amoonguss\n|-supereffective|p1b: Amoonguss\n|-damage|p1b: Amoonguss|0 fnt\n|faint|p1b: Amoonguss\n|move|p1a: Calyrex|Glacial Lance|p2b: Farigiraf|[spread] p2a,p2b\n|-damage|p2a: Iron Hands|37\/100\n|-damage|p2b: Farigiraf|19\/100\n|\n|upkeep\n|-message|pentagonSG forfeited.\n|\n|win|tachitsuteto12345\n|raw|tachitsuteto12345's rating: 1631 &rarr; <strong>1647<\/strong><br \/>(+16 for winning)\n|raw|pentagonSG's rating: 1567 &rarr; <strong>1551<\/strong><br \/>(-16 for losing)\n|l|\u2606pentagonSG\n|player|p2|\n|l|\u2606tachitsuteto12345\n|player|p1|\n|l| Easy180\n","uploadtime":1740052700,"views":7,"formatid":"gen9vgc2025regg","rating":1551,"private":0,"password":null}