{"id":"gen9vgc2025regg-2304033627","format":"[Gen 9] VGC 2025 Reg G","players":["Lkizzz","xatseye"],"log":"|j|\u2606Lkizzz\n|j|\u2606xatseye\n|t:|1740000393\n|gametype|doubles\n|player|p1|Lkizzz|swimmer-gen4dp|1604\n|player|p2|xatseye|unknown|1717\n|teamsize|p1|6\n|teamsize|p2|6\n|gen|9\n|tier|[Gen 9] VGC 2025 Reg G\n|rated|\n|rule|Species Clause: Limit one of each Pok\u00e9mon\n|rule|Item Clause: Limit 1 of each item\n|clearpoke\n|poke|p1|Zamazenta-*, L50|\n|poke|p1|Chien-Pao, L50|\n|poke|p1|Raging Bolt, L50|\n|poke|p1|Flutter Mane, L50|\n|poke|p1|Chi-Yu, L50|\n|poke|p1|Amoonguss, L50, M|\n|poke|p2|Miraidon, L50|\n|poke|p2|Incineroar, L50, M|\n|poke|p2|Oranguru, L50, M|\n|poke|p2|Clefairy, L50, F|\n|poke|p2|Baxcalibur, L50, M|\n|poke|p2|Whimsicott, L50, F|\n|teampreview|4\n|inactive|Battle timer is ON: inactive players will automatically lose when time's up. (requested by xatseye)\n|inactive|Lkizzz has 60 seconds left.\n|inactive|xatseye has 60 seconds left.\n|\n|t:|1740000435\n|start\n|switch|p1a: Zamazenta|Zamazenta-Crowned, L50|100\/100\n|switch|p1b: Chien-Pao|Chien-Pao, L50|100\/100\n|switch|p2a: Incineroar|Incineroar, L50, M|100\/100\n|switch|p2b: Whimsicott|Whimsicott, L50, F|100\/100\n|-ability|p1b: Chien-Pao|Sword of Ruin\n|-ability|p1a: Zamazenta|Dauntless Shield|boost\n|-boost|p1a: Zamazenta|def|1\n|-ability|p2a: Incineroar|Intimidate|boost\n|-unboost|p1a: Zamazenta|atk|1\n|-unboost|p1b: Chien-Pao|atk|1\n|turn|1\n|inactive|Lkizzz has 30 seconds left.\n|\n|t:|1740000462\n|-terastallize|p1b: Chien-Pao|Ghost\n|move|p2a: Incineroar|Fake Out|p1a: Zamazenta\n|-resisted|p1a: Zamazenta\n|-damage|p1a: Zamazenta|98\/100\n|move|p1b: Chien-Pao|Ice Spinner|p2b: Whimsicott\n|-supereffective|p2b: Whimsicott\n|-enditem|p2b: Whimsicott|Focus Sash\n|-damage|p2b: Whimsicott|1\/100\n|cant|p1a: Zamazenta|flinch\n|move|p2b: Whimsicott|Moonblast|p1b: Chien-Pao\n|-damage|p1b: Chien-Pao|40\/100\n|\n|upkeep\n|turn|2\n|inactive|xatseye has 30 seconds left.\n|\n|t:|1740000492\n|move|p1a: Zamazenta|Protect|p1a: Zamazenta\n|-singleturn|p1a: Zamazenta|Protect\n|move|p1b: Chien-Pao|Sucker Punch||[still]\n|-fail|p1b: Chien-Pao\n|move|p2b: Whimsicott|Tailwind|p2b: Whimsicott\n|-sidestart|p2: xatseye|move: Tailwind\n|move|p2a: Incineroar|Knock Off|p1b: Chien-Pao\n|-supereffective|p1b: Chien-Pao\n|-damage|p1b: Chien-Pao|0 fnt\n|-enditem|p1b: Chien-Pao|Focus Sash|[from] move: Knock Off|[of] p2a: Incineroar\n|faint|p1b: Chien-Pao\n|\n|upkeep\n|\n|t:|1740000505\n|switch|p1b: Chi-Yu|Chi-Yu, L50|100\/100\n|-ability|p1b: Chi-Yu|Beads of Ruin\n|turn|3\n|\n|t:|1740000510\n|move|p2b: Whimsicott|Encore|p1a: Zamazenta\n|-start|p1a: Zamazenta|Encore\n|move|p1b: Chi-Yu|Heat Wave|p2a: Incineroar|[spread] p2a,p2b\n|-resisted|p2a: Incineroar\n|-supereffective|p2b: Whimsicott\n|-damage|p2a: Incineroar|78\/100\n|-damage|p2b: Whimsicott|0 fnt\n|faint|p2b: Whimsicott\n|move|p1a: Zamazenta|Protect||[still]\n|-fail|p1a: Zamazenta\n|move|p2a: Incineroar|Parting Shot|p1b: Chi-Yu\n|-unboost|p1b: Chi-Yu|atk|1\n|-unboost|p1b: Chi-Yu|spa|1\n|\n|t:|1740000521\n|switch|p2a: Miraidon|Miraidon, L50|100\/100|[from] Parting Shot\n|-fieldstart|move: Electric Terrain|[from] ability: Hadron Engine|[of] p2a: Miraidon\n|-enditem|p2a: Miraidon|Electric Seed\n|-boost|p2a: Miraidon|def|1|[from] item: Electric Seed\n|\n|upkeep\n|\n|t:|1740000527\n|switch|p2b: Incineroar|Incineroar, L50, M|78\/100\n|-ability|p2b: Incineroar|Intimidate|boost\n|-unboost|p1a: Zamazenta|atk|1\n|-unboost|p1b: Chi-Yu|atk|1\n|turn|4\n|\n|t:|1740000533\n|move|p1a: Zamazenta|Protect|p1a: Zamazenta\n|-singleturn|p1a: Zamazenta|Protect\n|move|p2b: Incineroar|Fake Out|p1b: Chi-Yu\n|-damage|p1b: Chi-Yu|85\/100\n|move|p2a: Miraidon|Calm Mind|p2a: Miraidon\n|-boost|p2a: Miraidon|spa|1\n|-boost|p2a: Miraidon|spd|1\n|cant|p1b: Chi-Yu|flinch\n|\n|upkeep\n|turn|5\n|\n|t:|1740000548\n|move|p1a: Zamazenta|Protect||[still]\n|-fail|p1a: Zamazenta\n|move|p2a: Miraidon|Calm Mind|p2a: Miraidon\n|-boost|p2a: Miraidon|spa|1\n|-boost|p2a: Miraidon|spd|1\n|move|p1b: Chi-Yu|Heat Wave|p2a: Miraidon|[spread] p2a\n|-miss|p1b: Chi-Yu|p2b: Incineroar\n|-resisted|p2a: Miraidon\n|-damage|p2a: Miraidon|94\/100\n|move|p2b: Incineroar|Parting Shot|p1b: Chi-Yu\n|-unboost|p1b: Chi-Yu|atk|1\n|-unboost|p1b: Chi-Yu|spa|1\n|\n|t:|1740000559\n|switch|p2b: Baxcalibur|Baxcalibur, L50, M|100\/100|[from] Parting Shot\n|\n|-end|p1a: Zamazenta|Encore\n|-sideend|p2: xatseye|move: Tailwind\n|upkeep\n|turn|6\n|\n|t:|1740000573\n|move|p2b: Baxcalibur|Protect|p2b: Baxcalibur\n|-singleturn|p2b: Baxcalibur|Protect\n|move|p1b: Chi-Yu|Heat Wave|p2b: Baxcalibur|[spread] p2a\n|-activate|p2b: Baxcalibur|move: Protect\n|-resisted|p2a: Miraidon\n|-damage|p2a: Miraidon|89\/100\n|-status|p2a: Miraidon|brn\n|move|p2a: Miraidon|Parabolic Charge|p1b: Chi-Yu|[spread] p1a,p1b\n|-activate|p2b: Baxcalibur|move: Protect\n|-damage|p1a: Zamazenta|17\/100\n|-heal|p2a: Miraidon|100\/100 brn|[from] drain|[of] p1a: Zamazenta\n|-damage|p1b: Chi-Yu|0 fnt\n|faint|p1b: Chi-Yu\n|move|p1a: Zamazenta|Body Press|p2b: Baxcalibur\n|-activate|p2b: Baxcalibur|move: Protect\n|\n|-damage|p2a: Miraidon|95\/100 brn|[from] brn\n|upkeep\n|\n|t:|1740000586\n|switch|p1b: Raging Bolt|Raging Bolt, L50|100\/100\n|turn|7\n|\n|t:|1740000598\n|-terastallize|p2a: Miraidon|Electric\n|move|p2a: Miraidon|Dragon Pulse|p1a: Zamazenta\n|-resisted|p1a: Zamazenta\n|-crit|p1a: Zamazenta\n|-damage|p1a: Zamazenta|0 fnt\n|faint|p1a: Zamazenta\n|move|p2b: Baxcalibur|Icicle Spear|p1b: Raging Bolt\n|-supereffective|p1b: Raging Bolt\n|-damage|p1b: Raging Bolt|75\/100\n|-supereffective|p1b: Raging Bolt\n|-damage|p1b: Raging Bolt|48\/100\n|-supereffective|p1b: Raging Bolt\n|-damage|p1b: Raging Bolt|25\/100\n|-supereffective|p1b: Raging Bolt\n|-damage|p1b: Raging Bolt|0 fnt\n|faint|p1b: Raging Bolt\n|-end|p1b: Raging Bolt|Protosynthesis|[silent]\n|-hitcount|p1: Raging Bolt|4\n|\n|win|xatseye\n|raw|Lkizzz's rating: 1604 &rarr; <strong>1590<\/strong><br \/>(-14 for losing)\n|raw|xatseye's rating: 1717 &rarr; <strong>1731<\/strong><br \/>(+14 for winning)\n|l|\u2606Lkizzz\n|player|p1|\n|l|\u2606xatseye\n|player|p2|\n","uploadtime":1740000775,"views":7,"formatid":"gen9vgc2025regg","rating":1590,"private":0,"password":null}