{"id":"gen9vgc2025regg-2304268577","format":"[Gen 9] VGC 2025 Reg G","players":["smile7301","silentsummer"],"log":"|j|\u2606smile7301\n|j|\u2606silentsummer\n|t:|1740032613\n|gametype|doubles\n|player|p1|smile7301|1|1560\n|player|p2|silentsummer|interviewers|1508\n|teamsize|p1|6\n|teamsize|p2|6\n|gen|9\n|tier|[Gen 9] VGC 2025 Reg G\n|rated|\n|rule|Species Clause: Limit one of each Pok\u00e9mon\n|rule|Item Clause: Limit 1 of each item\n|clearpoke\n|poke|p1|Groudon, L50|\n|poke|p1|Venusaur, L50, F|\n|poke|p1|Chien-Pao, L50|\n|poke|p1|Dragonite, L50, M|\n|poke|p1|Incineroar, L50, M|\n|poke|p1|Bronzong, L50|\n|poke|p2|Calyrex-Shadow, L50|\n|poke|p2|Weezing-Galar, L50, F|\n|poke|p2|Maushold, L50|\n|poke|p2|Urshifu-*, L50, F|\n|poke|p2|Dondozo, L50, F|\n|poke|p2|Tatsugiri, L50, F|\n|teampreview|4\n|inactive|Battle timer is ON: inactive players will automatically lose when time's up. (requested by silentsummer)\n|\n|t:|1740032629\n|start\n|switch|p1a: Incineroar|Incineroar, L50, M|100\/100\n|switch|p1b: Groudon|Groudon, L50|100\/100\n|switch|p2a: Calyrex|Calyrex-Shadow, L50|100\/100\n|switch|p2b: Weezing|Weezing-Galar, L50, F, shiny|100\/100\n|-ability|p2b: Weezing|Neutralizing Gas\n|-ability|p2a: Calyrex|As One\n|-ability|p2a: Calyrex|Unnerve\n|turn|1\n|inactive|silentsummer has 30 seconds left.\n|\n|t:|1740032656\n|move|p1b: Groudon|Protect|p1b: Groudon\n|-singleturn|p1b: Groudon|Protect\n|move|p2a: Calyrex|Astral Barrage|p1a: Incineroar|[spread] p1a\n|-activate|p1b: Groudon|move: Protect\n|-resisted|p1a: Incineroar\n|-damage|p1a: Incineroar|74\/100\n|move|p2b: Weezing|Poison Gas|p1a: Incineroar|[spread] p1a\n|-activate|p1b: Groudon|move: Protect\n|-status|p1a: Incineroar|psn\n|move|p1a: Incineroar|Snarl|p2a: Calyrex|[spread] p2a,p2b\n|-supereffective|p2a: Calyrex\n|-resisted|p2b: Weezing\n|-damage|p2a: Calyrex|53\/100\n|-damage|p2b: Weezing|94\/100\n|-unboost|p2a: Calyrex|spa|1\n|-unboost|p2b: Weezing|spa|1\n|\n|-damage|p1a: Incineroar|61\/100 psn|[from] psn\n|upkeep\n|turn|2\n|j| sof.eir\n|\n|t:|1740032680\n|move|p2a: Calyrex|Astral Barrage|p1b: Groudon|[spread] p1a,p1b\n|-resisted|p1a: Incineroar\n|-damage|p1a: Incineroar|44\/100 psn\n|-damage|p1b: Groudon|62\/100\n|move|p1b: Groudon|Precipice Blades|p2b: Weezing|[spread] p2a,p2b\n|-crit|p2a: Calyrex\n|-supereffective|p2b: Weezing\n|-damage|p2a: Calyrex|0 fnt\n|-damage|p2b: Weezing|27\/100\n|-enditem|p2b: Weezing|Sitrus Berry|[eat]\n|-heal|p2b: Weezing|52\/100|[from] item: Sitrus Berry\n|faint|p2a: Calyrex\n|move|p2b: Weezing|Strange Steam|p1b: Groudon\n|-damage|p1b: Groudon|49\/100\n|move|p1a: Incineroar|U-turn|p2b: Weezing\n|-resisted|p2b: Weezing\n|-damage|p2b: Weezing|48\/100\n|\n|t:|1740032698\n|switch|p1a: Bronzong|Bronzong, L50|100\/100|[from] U-turn\n|\n|upkeep\n|\n|t:|1740032703\n|switch|p2a: Dondozo|Dondozo, L50, F, shiny|100\/100\n|turn|3\n|inactive|smile7301 has 30 seconds left.\n|\n|t:|1740032730\n|switch|p1b: Incineroar|Incineroar, L50, M|44\/100 psn\n|-end|p2b: Weezing|ability: Neutralizing Gas\n|-ability|p1b: Incineroar|Intimidate|boost\n|-unboost|p2a: Dondozo|atk|1\n|-unboost|p2b: Weezing|atk|1\n|switch|p2b: Tatsugiri|Tatsugiri, L50, F, shiny|100\/100\n|-activate|p2b: Tatsugiri|ability: Commander|[of] p2a: Dondozo\n|-boost|p2a: Dondozo|atk|2\n|-boost|p2a: Dondozo|spa|2\n|-boost|p2a: Dondozo|spe|2\n|-boost|p2a: Dondozo|def|2\n|-boost|p2a: Dondozo|spd|2\n|move|p1a: Bronzong|Protect|p1a: Bronzong\n|-singleturn|p1a: Bronzong|Protect\n|move|p2a: Dondozo|Order Up|p1b: Incineroar\n|-damage|p1b: Incineroar|9\/100 psn\n|-boost|p2a: Dondozo|atk|1\n|\n|-damage|p1b: Incineroar|0 fnt|[from] psn\n|faint|p1b: Incineroar\n|upkeep\n|\n|t:|1740032753\n|switch|p1b: Groudon|Groudon, L50|49\/100\n|-weather|SunnyDay|[from] ability: Drought|[of] p1b: Groudon\n|turn|4\n|\n|t:|1740032765\n|-terastallize|p1b: Groudon|Water\n|move|p2a: Dondozo|Order Up|p1b: Groudon\n|-damage|p1b: Groudon|19\/100\n|-boost|p2a: Dondozo|atk|1\n|move|p1b: Groudon|Will-O-Wisp|p2a: Dondozo\n|-status|p2a: Dondozo|brn\n|move|p1a: Bronzong|Trick Room|p1a: Bronzong\n|-fieldstart|move: Trick Room|[of] p1a: Bronzong\n|\n|-weather|SunnyDay|[upkeep]\n|-damage|p2a: Dondozo|94\/100 brn|[from] brn\n|upkeep\n|turn|5\n|\n|t:|1740032784\n|switch|p1b: Venusaur|Venusaur, L50, F|100\/100\n|move|p1a: Bronzong|Body Press|p2a: Dondozo\n|-damage|p2a: Dondozo|87\/100 brn\n|move|p2a: Dondozo|Order Up|p1b: Venusaur\n|-damage|p1b: Venusaur|69\/100\n|-boost|p2a: Dondozo|atk|1\n|\n|-weather|SunnyDay|[upkeep]\n|-heal|p2a: Dondozo|93\/100 brn|[from] item: Leftovers\n|-damage|p2a: Dondozo|87\/100 brn|[from] brn\n|upkeep\n|turn|6\n|\n|t:|1740032802\n|move|p2a: Dondozo|Protect|p2a: Dondozo\n|-singleturn|p2a: Dondozo|Protect\n|move|p1b: Venusaur|Protect|p1b: Venusaur\n|-singleturn|p1b: Venusaur|Protect\n|move|p1a: Bronzong|Trick Room|p1a: Bronzong\n|-fieldend|move: Trick Room\n|\n|-weather|SunnyDay|[upkeep]\n|-heal|p2a: Dondozo|93\/100 brn|[from] item: Leftovers\n|-damage|p2a: Dondozo|87\/100 brn|[from] brn\n|upkeep\n|turn|7\n|j| sbld\n|inactive|silentsummer has 30 seconds left.\n|\n|t:|1740032833\n|-terastallize|p2a: Dondozo|Grass\n|move|p1b: Venusaur|Leaf Storm|p2a: Dondozo|[miss]\n|-miss|p1b: Venusaur|p2a: Dondozo\n|move|p2a: Dondozo|Order Up|p1b: Venusaur\n|-damage|p1b: Venusaur|31\/100\n|-boost|p2a: Dondozo|atk|1\n|move|p1a: Bronzong|Iron Defense|p1a: Bronzong\n|-boost|p1a: Bronzong|def|2\n|\n|-weather|SunnyDay|[upkeep]\n|-heal|p2a: Dondozo|93\/100 brn|[from] item: Leftovers\n|-damage|p2a: Dondozo|87\/100 brn|[from] brn\n|upkeep\n|turn|8\n|\n|t:|1740032849\n|move|p1b: Venusaur|Sludge Bomb|p2a: Dondozo\n|-supereffective|p2a: Dondozo\n|-damage|p2a: Dondozo|35\/100 brn\n|-damage|p1b: Venusaur|21\/100|[from] item: Life Orb\n|move|p2a: Dondozo|Order Up|p1b: Venusaur\n|-damage|p1b: Venusaur|0 fnt\n|faint|p1b: Venusaur\n|-boost|p2a: Dondozo|atk|1\n|move|p1a: Bronzong|Trick Room|p1a: Bronzong\n|-fieldstart|move: Trick Room|[of] p1a: Bronzong\n|\n|-weather|none\n|-heal|p2a: Dondozo|41\/100 brn|[from] item: Leftovers\n|-damage|p2a: Dondozo|35\/100 brn|[from] brn\n|upkeep\n|\n|t:|1740032855\n|switch|p1b: Groudon|Groudon, L50, tera:Water|19\/100\n|-weather|SunnyDay|[from] ability: Drought|[of] p1b: Groudon\n|turn|9\n|\n|t:|1740032864\n|move|p1b: Groudon|Protect|p1b: Groudon\n|-singleturn|p1b: Groudon|Protect\n|move|p2a: Dondozo|Protect|p2a: Dondozo\n|-singleturn|p2a: Dondozo|Protect\n|move|p1a: Bronzong|Body Press|p2a: Dondozo\n|-activate|p2a: Dondozo|move: Protect\n|\n|-weather|SunnyDay|[upkeep]\n|-heal|p2a: Dondozo|41\/100 brn|[from] item: Leftovers\n|-damage|p2a: Dondozo|35\/100 brn|[from] brn\n|upkeep\n|turn|10\n|\n|t:|1740032876\n|move|p1a: Bronzong|Body Press|p2a: Dondozo\n|-damage|p2a: Dondozo|27\/100 brn\n|move|p1b: Groudon|Stone Edge|p2a: Dondozo\n|-damage|p2a: Dondozo|17\/100 brn\n|move|p2a: Dondozo|Earthquake|p1b: Groudon|[spread] p1b\n|-miss|p2a: Dondozo|p2b: Tatsugiri\n|-immune|p1a: Bronzong|[from] ability: Levitate\n|-damage|p1b: Groudon|0 fnt\n|faint|p1b: Groudon\n|\n|-weather|SunnyDay|[upkeep]\n|-heal|p2a: Dondozo|23\/100 brn|[from] item: Leftovers\n|-damage|p2a: Dondozo|17\/100 brn|[from] brn\n|upkeep\n|turn|11\n|-message|smile7301 forfeited.\n|\n|win|silentsummer\n|raw|smile7301's rating: 1560 &rarr; <strong>1537<\/strong><br \/>(-23 for losing)\n|raw|silentsummer's rating: 1508 &rarr; <strong>1531<\/strong><br \/>(+23 for winning)\n|l|\u2606smile7301\n|player|p1|\n|l|\u2606silentsummer\n|player|p2|\n|l| sof.eir\n|l| sbld\n","uploadtime":1740033114,"views":10,"formatid":"gen9vgc2025regg","rating":1531,"private":0,"password":null}