{"id":"gen9vgc2025regg-2304480630","format":"[Gen 9] VGC 2025 Reg G","players":["Hachibam","vanthoci"],"log":"|j|\u2606Hachibam\n|j|\u2606vanthoci\n|t:|1740065919\n|gametype|doubles\n|player|p1|Hachibam|n-masters|1597\n|player|p2|vanthoci|turo-ai|1606\n|teamsize|p1|6\n|teamsize|p2|6\n|gen|9\n|tier|[Gen 9] VGC 2025 Reg G\n|rated|\n|rule|Species Clause: Limit one of each Pok\u00e9mon\n|rule|Item Clause: Limit 1 of each item\n|clearpoke\n|poke|p1|Lunala, L50|\n|poke|p1|Urshifu-*, L50, M|\n|poke|p1|Farigiraf, L50, F|\n|poke|p1|Incineroar, L50, M|\n|poke|p1|Rillaboom, L50, F|\n|poke|p1|Grimmsnarl, L50, M|\n|poke|p2|Terapagos, L50, M|\n|poke|p2|Ogerpon-Hearthflame, L50, F|\n|poke|p2|Dondozo, L50, F|\n|poke|p2|Tornadus, L50, M|\n|poke|p2|Smeargle, L50, F|\n|poke|p2|Tatsugiri-Droopy, L50, F|\n|teampreview|4\n|inactive|Battle timer is ON: inactive players will automatically lose when time's up. (requested by Hachibam)\n|inactive|vanthoci has 60 seconds left.\n|\n|t:|1740065966\n|start\n|switch|p1a: Lunala|Lunala, L50|100\/100\n|switch|p1b: Rillaboom|Rillaboom, L50, F|100\/100\n|switch|p2a: Terapagos|Terapagos, L50, M|100\/100\n|switch|p2b: Ogerpon|Ogerpon-Hearthflame, L50, F|100\/100\n|-activate|p2a: Terapagos|ability: Tera Shift\n|detailschange|p2a: Terapagos|Terapagos-Terastal, L50, M\n|-heal|p2a: Terapagos|100\/100|[silent]\n|-ability|p2b: Ogerpon|Mold Breaker\n|-fieldstart|move: Grassy Terrain|[from] ability: Grassy Surge|[of] p1b: Rillaboom\n|turn|1\n|\n|t:|1740065977\n|move|p2b: Ogerpon|Spiky Shield|p2b: Ogerpon\n|-singleturn|p2b: Ogerpon|move: Protect\n|move|p1b: Rillaboom|Fake Out|p2b: Ogerpon\n|-activate|p2b: Ogerpon|move: Protect\n|-damage|p1b: Rillaboom|88\/100|[from] Spiky Shield|[of] p2b: Ogerpon\n|move|p1a: Lunala|Calm Mind|p1a: Lunala\n|-boost|p1a: Lunala|spa|1\n|-boost|p1a: Lunala|spd|1\n|move|p2a: Terapagos|Dark Pulse|p1a: Lunala\n|-supereffective|p1a: Lunala\n|-damage|p1a: Lunala|65\/100\n|\n|-heal|p1a: Lunala|72\/100|[from] Grassy Terrain\n|-heal|p1a: Lunala|78\/100|[from] item: Leftovers\n|-heal|p1b: Rillaboom|94\/100|[from] Grassy Terrain\n|upkeep\n|turn|2\n|j| Therazer456\n|inactive|vanthoci has 30 seconds left.\n|inactive|vanthoci has 20 seconds left.\n|\n|t:|1740066017\n|switch|p1b: Incineroar|Incineroar, L50, M|100\/100\n|-ability|p1b: Incineroar|Intimidate|boost\n|-unboost|p2a: Terapagos|atk|1\n|-unboost|p2b: Ogerpon|atk|1\n|move|p1a: Lunala|Protect|p1a: Lunala\n|-singleturn|p1a: Lunala|Protect\n|move|p2b: Ogerpon|Ivy Cudgel|p1b: Incineroar|[anim] Ivy Cudgel Fire\n|-resisted|p1b: Incineroar\n|-damage|p1b: Incineroar|85\/100\n|move|p2a: Terapagos|Dark Pulse|p1a: Lunala\n|-activate|p1a: Lunala|move: Protect\n|\n|-heal|p1a: Lunala|84\/100|[from] Grassy Terrain\n|-heal|p1a: Lunala|90\/100|[from] item: Leftovers\n|-heal|p1b: Incineroar|91\/100|[from] Grassy Terrain\n|upkeep\n|turn|3\n|\n|t:|1740066037\n|switch|p2a: Dondozo|Dondozo, L50, F|100\/100\n|move|p1b: Incineroar|Fake Out|p2a: Dondozo\n|-damage|p2a: Dondozo|95\/100\n|move|p2b: Ogerpon|Wood Hammer|p1a: Lunala\n|-damage|p1a: Lunala|41\/100\n|-damage|p2b: Ogerpon|78\/100|[from] Recoil\n|move|p1a: Lunala|Moongeist Beam|p2b: Ogerpon\n|-damage|p2b: Ogerpon|0 fnt\n|faint|p2b: Ogerpon\n|\n|-heal|p1a: Lunala|48\/100|[from] Grassy Terrain\n|-heal|p1a: Lunala|54\/100|[from] item: Leftovers\n|-heal|p1b: Incineroar|97\/100|[from] Grassy Terrain\n|-heal|p2a: Dondozo|100\/100|[from] Grassy Terrain\n|upkeep\n|\n|t:|1740066049\n|switch|p2b: Terapagos|Terapagos-Terastal, L50, M|100\/100\n|turn|4\n|\n|t:|1740066067\n|-terastallize|p2b: Terapagos|Stellar\n|detailschange|p2b: Terapagos|Terapagos-Stellar, L50, M, tera:Stellar\n|-heal|p2b: Terapagos|100\/100|[silent]\n|-ability|p2b: Terapagos|Teraform Zero\n|-fieldend|move: Grassy Terrain\n|move|p1a: Lunala|Protect|p1a: Lunala\n|-singleturn|p1a: Lunala|Protect\n|move|p2b: Terapagos|Tera Starstorm|p1b: Incineroar|[spread] p1b\n|-activate|p1a: Lunala|move: Protect\n|-crit|p1b: Incineroar\n|-damage|p1b: Incineroar|22\/100\n|move|p1b: Incineroar|Parting Shot|p2b: Terapagos\n|-unboost|p2b: Terapagos|atk|1\n|-unboost|p2b: Terapagos|spa|1\n|j| easy180\n|\n|t:|1740066081\n|switch|p1b: Rillaboom|Rillaboom, L50, F|94\/100|[from] Parting Shot\n|-fieldstart|move: Grassy Terrain|[from] ability: Grassy Surge|[of] p1b: Rillaboom\n|move|p2a: Dondozo|Substitute|p2a: Dondozo\n|-start|p2a: Dondozo|Substitute\n|-damage|p2a: Dondozo|76\/100\n|\n|-heal|p1a: Lunala|60\/100|[from] Grassy Terrain\n|-heal|p1a: Lunala|66\/100|[from] item: Leftovers\n|-heal|p1b: Rillaboom|99\/100|[from] Grassy Terrain\n|-heal|p2a: Dondozo|82\/100|[from] Grassy Terrain\n|-heal|p2a: Dondozo|88\/100|[from] item: Leftovers\n|upkeep\n|turn|5\n|\n|t:|1740066104\n|move|p1a: Lunala|Moongeist Beam|p2a: Dondozo\n|-end|p2a: Dondozo|Substitute\n|move|p2b: Terapagos|Tera Starstorm|p1b: Rillaboom|[spread] p1a,p1b\n|-damage|p1a: Lunala|45\/100\n|-damage|p1b: Rillaboom|74\/100\n|move|p1b: Rillaboom|Wood Hammer|p2a: Dondozo\n|-supereffective|p2a: Dondozo\n|-damage|p2a: Dondozo|18\/100\n|-damage|p1b: Rillaboom|46\/100|[from] Recoil\n|move|p2a: Dondozo|Order Up|p1a: Lunala\n|-damage|p1a: Lunala|31\/100\n|\n|-heal|p1a: Lunala|37\/100|[from] Grassy Terrain\n|-heal|p1a: Lunala|43\/100|[from] item: Leftovers\n|-heal|p1b: Rillaboom|52\/100|[from] Grassy Terrain\n|-heal|p2a: Dondozo|24\/100|[from] Grassy Terrain\n|-heal|p2a: Dondozo|30\/100|[from] item: Leftovers\n|upkeep\n|turn|6\n|\n|t:|1740066123\n|move|p1a: Lunala|Protect|p1a: Lunala\n|-singleturn|p1a: Lunala|Protect\n|move|p2a: Dondozo|Protect|p2a: Dondozo\n|-singleturn|p2a: Dondozo|Protect\n|move|p1b: Rillaboom|Grassy Glide|p2a: Dondozo\n|-activate|p2a: Dondozo|move: Protect\n|move|p2b: Terapagos|Tera Starstorm|p1b: Rillaboom|[spread] p1b\n|-activate|p1a: Lunala|move: Protect\n|-damage|p1b: Rillaboom|27\/100\n|\n|-heal|p1a: Lunala|50\/100|[from] Grassy Terrain\n|-heal|p1a: Lunala|56\/100|[from] item: Leftovers\n|-heal|p1b: Rillaboom|33\/100|[from] Grassy Terrain\n|-heal|p2a: Dondozo|36\/100|[from] Grassy Terrain\n|-heal|p2a: Dondozo|42\/100|[from] item: Leftovers\n|upkeep\n|turn|7\n|\n|t:|1740066144\n|switch|p2b: Tatsugiri|Tatsugiri-Droopy, L50, F|100\/100\n|-activate|p2b: Tatsugiri|ability: Commander|[of] p2a: Dondozo\n|-boost|p2a: Dondozo|atk|2\n|-boost|p2a: Dondozo|spa|2\n|-boost|p2a: Dondozo|spe|2\n|-boost|p2a: Dondozo|def|2\n|-boost|p2a: Dondozo|spd|2\n|move|p1a: Lunala|Moongeist Beam|p2a: Dondozo\n|-damage|p2a: Dondozo|0 fnt\n|faint|p2a: Dondozo\n|move|p1b: Rillaboom|U-turn|p2b: Tatsugiri\n|-damage|p2b: Tatsugiri|57\/100\n|\n|t:|1740066158\n|switch|p1b: Incineroar|Incineroar, L50, M|22\/100|[from] U-turn\n|-ability|p1b: Incineroar|Intimidate|boost\n|-unboost|p2b: Tatsugiri|atk|1\n|\n|-heal|p2b: Tatsugiri|63\/100|[from] Grassy Terrain\n|-heal|p1a: Lunala|62\/100|[from] Grassy Terrain\n|-heal|p1a: Lunala|68\/100|[from] item: Leftovers\n|-heal|p1b: Incineroar|28\/100|[from] Grassy Terrain\n|upkeep\n|\n|t:|1740066167\n|switch|p2a: Terapagos|Terapagos-Stellar, L50, M, tera:Stellar|100\/100\n|turn|8\n|\n|t:|1740066178\n|-terastallize|p1a: Lunala|Fairy\n|move|p1b: Incineroar|Fake Out|p2a: Terapagos\n|-damage|p2a: Terapagos|93\/100\n|move|p2b: Tatsugiri|Draco Meteor|p1a: Lunala\n|-immune|p1a: Lunala\n|move|p1a: Lunala|Dazzling Gleam|p2b: Tatsugiri|[spread] p2a,p2b\n|-supereffective|p2b: Tatsugiri\n|-damage|p2a: Terapagos|61\/100\n|-damage|p2b: Tatsugiri|0 fnt\n|faint|p2b: Tatsugiri\n|cant|p2a: Terapagos|flinch\n|\n|-heal|p1a: Lunala|75\/100|[from] Grassy Terrain\n|-heal|p1a: Lunala|81\/100|[from] item: Leftovers\n|-heal|p2a: Terapagos|67\/100|[from] Grassy Terrain\n|-heal|p1b: Incineroar|34\/100|[from] Grassy Terrain\n|-fieldend|move: Grassy Terrain\n|upkeep\n|turn|9\n|\n|t:|1740066193\n|move|p1a: Lunala|Protect|p1a: Lunala\n|-singleturn|p1a: Lunala|Protect\n|move|p2a: Terapagos|Tera Starstorm|p1b: Incineroar|[spread] p1b\n|-activate|p1a: Lunala|move: Protect\n|-damage|p1b: Incineroar|0 fnt\n|faint|p1b: Incineroar\n|\n|-heal|p1a: Lunala|87\/100|[from] item: Leftovers\n|upkeep\n|\n|t:|1740066197\n|switch|p1b: Rillaboom|Rillaboom, L50, F|33\/100\n|-fieldstart|move: Grassy Terrain|[from] ability: Grassy Surge|[of] p1b: Rillaboom\n|turn|10\n|\n|t:|1740066201\n|move|p1b: Rillaboom|Fake Out|p2a: Terapagos\n|-crit|p2a: Terapagos\n|-damage|p2a: Terapagos|54\/100\n|move|p1a: Lunala|Dazzling Gleam|p2a: Terapagos\n|-damage|p2a: Terapagos|5\/100\n|cant|p2a: Terapagos|flinch\n|\n|-heal|p1a: Lunala|93\/100|[from] Grassy Terrain\n|-heal|p1a: Lunala|99\/100|[from] item: Leftovers\n|-heal|p2a: Terapagos|11\/100|[from] Grassy Terrain\n|-heal|p1b: Rillaboom|39\/100|[from] Grassy Terrain\n|upkeep\n|turn|11\n|\n|t:|1740066205\n|move|p1b: Rillaboom|Grassy Glide|p2a: Terapagos\n|-damage|p2a: Terapagos|0 fnt\n|faint|p2a: Terapagos\n|\n|win|Hachibam\n|raw|Hachibam's rating: 1597 &rarr; <strong>1618<\/strong><br \/>(+21 for winning)\n|raw|vanthoci's rating: 1606 &rarr; <strong>1585<\/strong><br \/>(-21 for losing)\n|l|\u2606vanthoci\n|player|p2|\n|l| Therazer456\n|l|\u2606Hachibam\n|player|p1|\n|l| easy180\n","uploadtime":1740066356,"views":8,"formatid":"gen9vgc2025regg","rating":1585,"private":0,"password":null}