{"id":"gen9vgc2025regg-2304953242","format":"[Gen 9] VGC 2025 Reg G","players":["ComputerYui","llefface"],"log":"|j|\u2606ComputerYui\n|j|\u2606llefface\n|t:|1740125390\n|gametype|doubles\n|player|p1|ComputerYui|102|1754\n|player|p2|llefface|lana-masters|1693\n|teamsize|p1|6\n|teamsize|p2|6\n|gen|9\n|tier|[Gen 9] VGC 2025 Reg G\n|rated|\n|rule|Species Clause: Limit one of each Pok\u00e9mon\n|rule|Item Clause: Limit 1 of each item\n|clearpoke\n|poke|p1|Armarouge, L50, M|\n|poke|p1|Indeedee-F, L50, F|\n|poke|p1|Koraidon, L50|\n|poke|p1|Whimsicott, L50, F|\n|poke|p1|Walking Wake, L50|\n|poke|p1|Iron Valiant, L50|\n|poke|p2|Kyogre, L50|\n|poke|p2|Chien-Pao, L50|\n|poke|p2|Tornadus, L50, M|\n|poke|p2|Archaludon, L50, M|\n|poke|p2|Amoonguss, L50, F|\n|poke|p2|Flutter Mane, L50|\n|teampreview|4\n|c|\u2606llefface|glhf!\n|\n|t:|1740125407\n|start\n|switch|p1a: Koraidon|Koraidon, L50|100\/100\n|switch|p1b: Whimsicott|Whimsicott, L50, F, shiny|100\/100\n|switch|p2a: Kyogre|Kyogre, L50|100\/100\n|switch|p2b: Tornadus|Tornadus, L50, M|100\/100\n|-weather|SunnyDay|[from] ability: Orichalcum Pulse|[of] p1a: Koraidon\n|-activate|p1a: Koraidon|Orichalcum Pulse|[source]\n|-weather|RainDance|[from] ability: Drizzle|[of] p2a: Kyogre\n|turn|1\n|\n|t:|1740125428\n|switch|p1a: Indeedee|Indeedee-F, L50, F, shiny|100\/100\n|-fieldstart|move: Psychic Terrain|[from] ability: Psychic Surge|[of] p1a: Indeedee\n|move|p1b: Whimsicott|Tailwind|p1b: Whimsicott\n|-sidestart|p1: ComputerYui|move: Tailwind\n|move|p2a: Kyogre|Ice Beam|p1b: Whimsicott\n|-supereffective|p1b: Whimsicott\n|-enditem|p1b: Whimsicott|Focus Sash\n|-damage|p1b: Whimsicott|1\/100\n|move|p2b: Tornadus|Bleakwind Storm|p1b: Whimsicott|[spread] p1a,p1b\n|-supereffective|p1b: Whimsicott\n|-damage|p1a: Indeedee|69\/100\n|-damage|p1b: Whimsicott|0 fnt\n|faint|p1b: Whimsicott\n|-enditem|p1a: Indeedee|Eject Button\n|\n|t:|1740125445\n|switch|p1a: Armarouge|Armarouge, L50, M, shiny|100\/100\n|\n|-weather|RainDance|[upkeep]\n|upkeep\n|\n|t:|1740125451\n|switch|p1b: Koraidon|Koraidon, L50|100\/100\n|-weather|SunnyDay|[from] ability: Orichalcum Pulse|[of] p1b: Koraidon\n|-activate|p1b: Koraidon|Orichalcum Pulse|[source]\n|turn|2\n|j| jasonrfry3\n|\n|t:|1740125492\n|switch|p2a: Flutter Mane|Flutter Mane, L50|100\/100\n|-activate|p2a: Flutter Mane|ability: Protosynthesis\n|-start|p2a: Flutter Mane|protosynthesisspe\n|-terastallize|p1a: Armarouge|Stellar\n|move|p2b: Tornadus|Tailwind|p2b: Tornadus\n|-sidestart|p2: llefface|move: Tailwind\n|move|p1b: Koraidon|Bulldoze|p2b: Tornadus|[spread] p1a,p2a\n|-immune|p2b: Tornadus\n|-supereffective|p1a: Armarouge\n|-crit|p2a: Flutter Mane\n|-damage|p1a: Armarouge|57\/100\n|-damage|p2a: Flutter Mane|50\/100\n|-unboost|p1a: Armarouge|spe|1\n|-unboost|p2a: Flutter Mane|spe|1\n|-ability|p1a: Armarouge|Weak Armor|boost\n|-unboost|p1a: Armarouge|def|1\n|-boost|p1a: Armarouge|spe|2\n|-enditem|p1a: Armarouge|Weakness Policy\n|-boost|p1a: Armarouge|atk|2|[from] item: Weakness Policy\n|-boost|p1a: Armarouge|spa|2|[from] item: Weakness Policy\n|move|p1a: Armarouge|Expanding Force|p2a: Flutter Mane|[spread] p2a,p2b\n|-damage|p2a: Flutter Mane|0 fnt\n|-damage|p2b: Tornadus|0 fnt\n|faint|p2a: Flutter Mane\n|-end|p2a: Flutter Mane|Protosynthesis|[silent]\n|faint|p2b: Tornadus\n|\n|-weather|SunnyDay|[upkeep]\n|upkeep\n|\n|t:|1740125504\n|switch|p2a: Kyogre|Kyogre, L50|100\/100\n|switch|p2b: Chien-Pao|Chien-Pao, L50|100\/100\n|-ability|p2b: Chien-Pao|Sword of Ruin\n|-weather|RainDance|[from] ability: Drizzle|[of] p2a: Kyogre\n|turn|3\n|\n|t:|1740125542\n|move|p1a: Armarouge|Endure|p1a: Armarouge\n|-singleturn|p1a: Armarouge|move: Endure\n|move|p2a: Kyogre|Protect|p2a: Kyogre\n|-singleturn|p2a: Kyogre|Protect\n|move|p1b: Koraidon|Bulldoze|p2a: Kyogre|[spread] p1a,p2b\n|-activate|p2a: Kyogre|move: Protect\n|-supereffective|p1a: Armarouge\n|-activate|p1a: Armarouge|move: Endure\n|-damage|p1a: Armarouge|1\/100\n|-damage|p2b: Chien-Pao|79\/100\n|-unboost|p1a: Armarouge|spe|1\n|-unboost|p2b: Chien-Pao|spe|1\n|-ability|p1a: Armarouge|Weak Armor|boost\n|-unboost|p1a: Armarouge|def|1\n|-boost|p1a: Armarouge|spe|2\n|move|p2b: Chien-Pao|Ice Spinner|p1a: Armarouge\n|-resisted|p1a: Armarouge\n|-activate|p1a: Armarouge|move: Endure\n|-damage|p1a: Armarouge|1\/100\n|-ability|p1a: Armarouge|Weak Armor|boost\n|-unboost|p1a: Armarouge|def|1\n|-boost|p1a: Armarouge|spe|2\n|-fieldend|move: Psychic Terrain\n|\n|-weather|RainDance|[upkeep]\n|upkeep\n|turn|4\n|j| yuyuvcg\n|\n|t:|1740125567\n|switch|p1b: Indeedee|Indeedee-F, L50, F, shiny|69\/100\n|-fieldstart|move: Psychic Terrain|[from] ability: Psychic Surge|[of] p1b: Indeedee\n|move|p2b: Chien-Pao|Protect|p2b: Chien-Pao\n|-singleturn|p2b: Chien-Pao|Protect\n|move|p1a: Armarouge|Stored Power|p2a: Kyogre\n|-damage|p2a: Kyogre|0 fnt\n|faint|p2a: Kyogre\n|\n|-weather|RainDance|[upkeep]\n|-sideend|p1: ComputerYui|move: Tailwind\n|upkeep\n|turn|5\n|c|\u2606llefface|gg\n|-message|llefface forfeited.\n|\n|win|ComputerYui\n|raw|ComputerYui's rating: 1754 &rarr; <strong>1771<\/strong><br \/>(+17 for winning)\n|raw|llefface's rating: 1693 &rarr; <strong>1676<\/strong><br \/>(-17 for losing)\n|l|\u2606llefface\n|player|p2|\n|l|\u2606ComputerYui\n|player|p1|\n|l| jasonrfry3\n","uploadtime":1740125789,"views":44,"formatid":"gen9vgc2025regg","rating":1676,"private":0,"password":null}