{"id":"gen9vgc2025regg-2304912448","format":"[Gen 9] VGC 2025 Reg G","players":["roykeenkennedy","Spottedwoot"],"log":"|j|\u2606roykeenkennedy\n|j|\u2606Spottedwoot\n|t:|1740117100\n|gametype|doubles\n|player|p1|roykeenkennedy|alder|1628\n|player|p2|Spottedwoot|266|1655\n|teamsize|p1|6\n|teamsize|p2|6\n|gen|9\n|tier|[Gen 9] VGC 2025 Reg G\n|rated|\n|rule|Species Clause: Limit one of each Pok\u00e9mon\n|rule|Item Clause: Limit 1 of each item\n|clearpoke\n|poke|p1|Raging Bolt, L50|\n|poke|p1|Incineroar, L50, M|\n|poke|p1|Ogerpon-Cornerstone, L50, F|\n|poke|p1|Annihilape, L50, M|\n|poke|p1|Calyrex-Ice, L50|\n|poke|p1|Amoonguss, L50, F|\n|poke|p2|Zamazenta-*, L50|\n|poke|p2|Chien-Pao, L50|\n|poke|p2|Entei, L50|\n|poke|p2|Raging Bolt, L50|\n|poke|p2|Rillaboom, L50, F|\n|poke|p2|Farigiraf, L50, M|\n|teampreview|4\n|\n|t:|1740117130\n|start\n|switch|p1a: Calyrex|Calyrex-Ice, L50|100\/100\n|switch|p1b: Annihilape|Annihilape, L50, M|100\/100\n|switch|p2a: Chien-Pao|Chien-Pao, L50|100\/100\n|switch|p2b: Entei|Entei, L50|100\/100\n|-ability|p1a: Calyrex|As One\n|-ability|p1a: Calyrex|Unnerve\n|-ability|p2a: Chien-Pao|Sword of Ruin\n|turn|1\n|\n|t:|1740117147\n|move|p1a: Calyrex|Protect|p1a: Calyrex\n|-singleturn|p1a: Calyrex|Protect\n|move|p2a: Chien-Pao|Sucker Punch||[still]\n|-fail|p2a: Chien-Pao\n|move|p1b: Annihilape|Coaching|p1a: Calyrex\n|-boost|p1a: Calyrex|atk|1\n|-boost|p1a: Calyrex|def|1\n|move|p2b: Entei|Sacred Fire|p1a: Calyrex\n|-activate|p1a: Calyrex|move: Protect\n|\n|upkeep\n|turn|2\n|\n|t:|1740117161\n|-terastallize|p1a: Calyrex|Water\n|move|p1b: Annihilape|Coaching|p1a: Calyrex\n|-boost|p1a: Calyrex|atk|1\n|-boost|p1a: Calyrex|def|1\n|move|p2a: Chien-Pao|Sacred Sword|p1a: Calyrex\n|-damage|p1a: Calyrex|76\/100\n|move|p2b: Entei|Sacred Fire|p1a: Calyrex\n|-resisted|p1a: Calyrex\n|-damage|p1a: Calyrex|63\/100\n|-damage|p2b: Entei|91\/100|[from] item: Life Orb\n|move|p1a: Calyrex|Trick Room|p1a: Calyrex\n|-fieldstart|move: Trick Room|[of] p1a: Calyrex\n|\n|upkeep\n|turn|3\n|\n|t:|1740117182\n|switch|p2b: Zamazenta|Zamazenta-Crowned, L50|100\/100\n|-ability|p2b: Zamazenta|Dauntless Shield|boost\n|-boost|p2b: Zamazenta|def|1\n|switch|p1b: Amoonguss|Amoonguss, L50, F|100\/100\n|move|p1a: Calyrex|Glacial Lance|p2b: Zamazenta|[spread] p2a,p2b\n|-resisted|p2a: Chien-Pao\n|-resisted|p2b: Zamazenta\n|-damage|p2a: Chien-Pao|20\/100\n|-damage|p2b: Zamazenta|68\/100\n|move|p2a: Chien-Pao|Sacred Sword|p1a: Calyrex\n|-damage|p1a: Calyrex|37\/100\n|\n|upkeep\n|turn|4\n|j| futonkagebunshin\n|\n|t:|1740117217\n|move|p2b: Zamazenta|Wide Guard|p2b: Zamazenta\n|-singleturn|p2b: Zamazenta|Wide Guard\n|move|p1b: Amoonguss|Pollen Puff|p1a: Calyrex\n|-heal|p1a: Calyrex|86\/100\n|move|p1a: Calyrex|High Horsepower|p2b: Zamazenta\n|-supereffective|p2b: Zamazenta\n|-damage|p2b: Zamazenta|0 fnt\n|faint|p2b: Zamazenta\n|-ability|p1a: Calyrex|Chilling Neigh|boost\n|-boost|p1a: Calyrex|atk|1\n|move|p2a: Chien-Pao|Sacred Sword|p1a: Calyrex\n|-damage|p1a: Calyrex|63\/100\n|\n|upkeep\n|\n|t:|1740117224\n|switch|p2b: Farigiraf|Farigiraf, L50, M|100\/100\n|turn|5\n|-message|Spottedwoot forfeited.\n|\n|win|roykeenkennedy\n|raw|roykeenkennedy's rating: 1628 &rarr; <strong>1650<\/strong><br \/>(+22 for winning)\n|raw|Spottedwoot's rating: 1655 &rarr; <strong>1633<\/strong><br \/>(-22 for losing)\n","uploadtime":1740117230,"views":10,"formatid":"gen9vgc2025regg","rating":1633,"private":0,"password":null}