{"id":"gen9vgc2025regg-2304640096","format":"[Gen 9] VGC 2025 Reg G","players":["btest0011","Yeahsonmoney"],"log":"|j|\u2606btest0011\n|j|\u2606Yeahsonmoney\n|t:|1740081817\n|gametype|doubles\n|player|p1|btest0011|101|1578\n|player|p2|Yeahsonmoney|linebacker|1550\n|teamsize|p1|6\n|teamsize|p2|6\n|gen|9\n|tier|[Gen 9] VGC 2025 Reg G\n|rated|\n|rule|Species Clause: Limit one of each Pok\u00e9mon\n|rule|Item Clause: Limit 1 of each item\n|clearpoke\n|poke|p1|Calyrex-Ice, L50|\n|poke|p1|Urshifu-*, L50, M|\n|poke|p1|Pelipper, L50, F|\n|poke|p1|Amoonguss, L50, M|\n|poke|p1|Iron Valiant, L50|\n|poke|p1|Landorus, L50, M|\n|poke|p2|Calyrex-Ice, L50|\n|poke|p2|Whimsicott, L50, M|\n|poke|p2|Landorus, L50, M|\n|poke|p2|Raging Bolt, L50|\n|poke|p2|Chi-Yu, L50|\n|poke|p2|Flutter Mane, L50|\n|teampreview|4\n|inactive|Battle timer is ON: inactive players will automatically lose when time's up. (requested by btest0011)\n|inactive|btest0011 has 60 seconds left.\n|inactive|Yeahsonmoney has 60 seconds left.\n|\n|t:|1740081869\n|start\n|switch|p1a: Pelipper|Pelipper, L50, F|100\/100\n|switch|p1b: Calyrex|Calyrex-Ice, L50|100\/100\n|switch|p2a: Chi-Yu|Chi-Yu, L50|100\/100\n|switch|p2b: Flutter Mane|Flutter Mane, L50|100\/100\n|-ability|p1b: Calyrex|As One\n|-ability|p1b: Calyrex|Unnerve\n|-ability|p2a: Chi-Yu|Beads of Ruin\n|-weather|RainDance|[from] ability: Drizzle|[of] p1a: Pelipper\n|turn|1\n|inactive|Yeahsonmoney has 30 seconds left.\n|j| tetsuokaga\n|inactive|Yeahsonmoney has 20 seconds left.\n|inactive|Yeahsonmoney has 15 seconds left.\n|inactive|btest0011 has 30 seconds left.\n|inactive|Yeahsonmoney has 10 seconds left.\n|\n|t:|1740081918\n|-terastallize|p1b: Calyrex|Grass\n|move|p1a: Pelipper|Helping Hand|p1b: Calyrex\n|-singleturn|p1b: Calyrex|Helping Hand|[of] p1a: Pelipper\n|move|p2a: Chi-Yu|Dark Pulse|p1b: Calyrex\n|-damage|p1b: Calyrex|59\/100\n|move|p2b: Flutter Mane|Shadow Ball|p1b: Calyrex\n|-damage|p1b: Calyrex|9\/100\n|move|p1b: Calyrex|Glacial Lance|p2b: Flutter Mane|[spread] p2a,p2b\n|-resisted|p2a: Chi-Yu\n|-damage|p2a: Chi-Yu|40\/100\n|-damage|p2b: Flutter Mane|0 fnt\n|faint|p2b: Flutter Mane\n|-end|p2b: Flutter Mane|Protosynthesis|[silent]\n|-ability|p1b: Calyrex|Chilling Neigh|boost\n|-boost|p1b: Calyrex|atk|1\n|\n|-weather|RainDance|[upkeep]\n|upkeep\n|inactive|Yeahsonmoney has 30 seconds left.\n|\n|t:|1740081948\n|switch|p2b: Whimsicott|Whimsicott, L50, M|100\/100\n|turn|2\n|inactive|Yeahsonmoney has 30 seconds left.\n|inactive|Yeahsonmoney has 20 seconds left.\n|inactive|Yeahsonmoney has 15 seconds left.\n|inactive|Yeahsonmoney has 10 seconds left.\n|inactive|Yeahsonmoney has 5 seconds left.\n|\n|t:|1740082001\n|move|p2a: Chi-Yu|Dark Pulse|p1b: Calyrex\n|-damage|p1b: Calyrex|0 fnt\n|faint|p1b: Calyrex\n|move|p2b: Whimsicott|Endeavor|p1a: Pelipper\n|-damage|p1a: Pelipper|81\/100\n|move|p1a: Pelipper|Hurricane|p2b: Whimsicott\n|-supereffective|p2b: Whimsicott\n|-enditem|p2b: Whimsicott|Focus Sash\n|-damage|p2b: Whimsicott|1\/100\n|-damage|p1a: Pelipper|72\/100|[from] item: Life Orb\n|\n|-weather|RainDance|[upkeep]\n|upkeep\n|\n|t:|1740082014\n|switch|p1b: Landorus|Landorus, L50, M|100\/100\n|turn|3\n|\n|t:|1740082028\n|switch|p1a: Amoonguss|Amoonguss, L50, M|100\/100\n|move|p2b: Whimsicott|Tailwind|p2b: Whimsicott\n|-sidestart|p2: Yeahsonmoney|move: Tailwind\n|move|p2a: Chi-Yu|Dark Pulse|p1a: Amoonguss\n|-damage|p1a: Amoonguss|42\/100\n|move|p1b: Landorus|Sandsear Storm|p2a: Chi-Yu|[spread] p2a,p2b\n|-supereffective|p2a: Chi-Yu\n|-resisted|p2b: Whimsicott\n|-damage|p2a: Chi-Yu|0 fnt\n|-damage|p2b: Whimsicott|0 fnt\n|faint|p2a: Chi-Yu\n|faint|p2b: Whimsicott\n|\n|-weather|RainDance|[upkeep]\n|upkeep\n|\n|t:|1740082047\n|switch|p2b: Calyrex|Calyrex-Ice, L50|100\/100\n|-ability|p2b: Calyrex|As One\n|-ability|p2b: Calyrex|Unnerve\n|turn|4\n|\n|t:|1740082058\n|switch|p1a: Pelipper|Pelipper, L50, F|72\/100\n|move|p1b: Landorus|Sandsear Storm|p2b: Calyrex\n|-damage|p2b: Calyrex|44\/100\n|move|p2b: Calyrex|Glacial Lance|p1b: Landorus|[spread] p1a,p1b\n|-supereffective|p1b: Landorus\n|-damage|p1a: Pelipper|0 fnt\n|-damage|p1b: Landorus|0 fnt\n|faint|p1a: Pelipper\n|faint|p1b: Landorus\n|-ability|p2b: Calyrex|Chilling Neigh|boost\n|-boost|p2b: Calyrex|atk|2\n|\n|-weather|RainDance|[upkeep]\n|upkeep\n|c|\u2606btest0011|gg\n|\n|t:|1740082071\n|switch|p1b: Amoonguss|Amoonguss, L50, M|75\/100\n|turn|5\n|l| tetsuokaga\n|\n|t:|1740082078\n|-terastallize|p2b: Calyrex|Water\n|move|p2b: Calyrex|Glacial Lance|p1b: Amoonguss\n|-supereffective|p1b: Amoonguss\n|-damage|p1b: Amoonguss|0 fnt\n|faint|p1b: Amoonguss\n|\n|win|Yeahsonmoney\n|raw|btest0011's rating: 1578 &rarr; <strong>1556<\/strong><br \/>(-22 for losing)\n|raw|Yeahsonmoney's rating: 1550 &rarr; <strong>1572<\/strong><br \/>(+22 for winning)\n","uploadtime":1740082084,"views":10,"formatid":"gen9vgc2025regg","rating":1556,"private":0,"password":null}