{"id":"gen9vgc2025regg-2304538270","format":"[Gen 9] VGC 2025 Reg G","players":["Ggttmmhh","413XP"],"log":"|j|\u2606Ggttmmhh\n|j|\u2606413XP\n|t:|1740071665\n|gametype|doubles\n|player|p1|Ggttmmhh|101|1754\n|player|p2|413XP|1|1642\n|teamsize|p1|6\n|teamsize|p2|6\n|gen|9\n|tier|[Gen 9] VGC 2025 Reg G\n|rated|\n|rule|Species Clause: Limit one of each Pok\u00e9mon\n|rule|Item Clause: Limit 1 of each item\n|clearpoke\n|poke|p1|Groudon, L50|\n|poke|p1|Ogerpon-Hearthflame, L50, F|\n|poke|p1|Raging Bolt, L50|\n|poke|p1|Jumpluff, L50, F|\n|poke|p1|Urshifu-*, L50, M|\n|poke|p1|Chien-Pao, L50|\n|poke|p2|Kyogre, L50|\n|poke|p2|Tornadus, L50, M|\n|poke|p2|Dondozo, L50, M|\n|poke|p2|Tatsugiri-Droopy, L50, F|\n|poke|p2|Tsareena, L50, F|\n|poke|p2|Chien-Pao, L50|\n|teampreview|4\n|inactive|Battle timer is ON: inactive players will automatically lose when time's up. (requested by 413XP)\n|inactive|Ggttmmhh has 60 seconds left.\n|\n|t:|1740071782\n|start\n|switch|p1a: Raging Bolt|Raging Bolt, L50|100\/100\n|switch|p1b: Chien-Pao|Chien-Pao, L50|100\/100\n|switch|p2a: Chien-Pao|Chien-Pao, L50|100\/100\n|switch|p2b: Tornadus|Tornadus, L50, M|100\/100\n|-ability|p2a: Chien-Pao|Sword of Ruin\n|-ability|p1b: Chien-Pao|Sword of Ruin\n|turn|1\n|inactive|Ggttmmhh has 30 seconds left.\n|\n|t:|1740071809\n|-terastallize|p2b: Tornadus|Steel\n|-terastallize|p1a: Raging Bolt|Water\n|move|p1b: Chien-Pao|Protect|p1b: Chien-Pao\n|-singleturn|p1b: Chien-Pao|Protect\n|move|p2b: Tornadus|Tailwind|p2b: Tornadus\n|-sidestart|p2: 413XP|move: Tailwind\n|move|p2a: Chien-Pao|Ice Spinner|p1a: Raging Bolt\n|-resisted|p1a: Raging Bolt\n|-damage|p1a: Raging Bolt|67\/100\n|move|p1a: Raging Bolt|Thunderbolt|p2b: Tornadus\n|-damage|p2b: Tornadus|38\/100\n|\n|upkeep\n|turn|2\n|inactive|Ggttmmhh has 30 seconds left.\n|\n|t:|1740071845\n|switch|p2b: Tsareena|Tsareena, L50, F|100\/100\n|move|p1b: Chien-Pao|Sucker Punch||[still]\n|cant|p2b: Tsareena|ability: Queenly Majesty|Sucker Punch|[of] p1b: Chien-Pao\n|move|p2a: Chien-Pao|Ice Spinner|p1b: Chien-Pao\n|-resisted|p1b: Chien-Pao\n|-damage|p1b: Chien-Pao|57\/100\n|move|p1a: Raging Bolt|Electroweb|p2b: Tsareena|[spread] p2a,p2b\n|-resisted|p2b: Tsareena\n|-damage|p2a: Chien-Pao|66\/100\n|-damage|p2b: Tsareena|87\/100\n|-unboost|p2a: Chien-Pao|spe|1\n|-unboost|p2b: Tsareena|spe|1\n|\n|upkeep\n|turn|3\n|inactive|Ggttmmhh has 30 seconds left.\n|inactive|413XP has 30 seconds left.\n|inactive|Ggttmmhh has 20 seconds left.\n|\n|t:|1740071882\n|switch|p2b: Kyogre|Kyogre, L50|100\/100\n|-weather|RainDance|[from] ability: Drizzle|[of] p2b: Kyogre\n|-end|p1a: Raging Bolt|Protosynthesis|[silent]\n|switch|p1a: Jumpluff|Jumpluff, L50, F, shiny|100\/100\n|move|p2a: Chien-Pao|Ice Spinner|p1a: Jumpluff\n|-supereffective|p1a: Jumpluff\n|-damage|p1a: Jumpluff|0 fnt\n|faint|p1a: Jumpluff\n|move|p1b: Chien-Pao|Ice Spinner|p2b: Kyogre\n|-resisted|p2b: Kyogre\n|-damage|p2b: Kyogre|68\/100\n|\n|-weather|RainDance|[upkeep]\n|upkeep\n|\n|t:|1740071896\n|switch|p1a: Raging Bolt|Raging Bolt, L50, tera:Water|67\/100\n|turn|4\n|inactive|Ggttmmhh has 30 seconds left.\n|inactive|413XP has 30 seconds left.\n|\n|t:|1740071935\n|switch|p2a: Tsareena|Tsareena, L50, F|87\/100\n|move|p1b: Chien-Pao|Protect|p1b: Chien-Pao\n|-singleturn|p1b: Chien-Pao|Protect\n|move|p1a: Raging Bolt|Thunderclap||[still]\n|cant|p2a: Tsareena|ability: Queenly Majesty|Thunderclap|[of] p1a: Raging Bolt\n|move|p2b: Kyogre|Origin Pulse|p1b: Chien-Pao|[spread] p1a\n|-activate|p1b: Chien-Pao|move: Protect\n|-resisted|p1a: Raging Bolt\n|-damage|p1a: Raging Bolt|38\/100\n|\n|-weather|RainDance|[upkeep]\n|-sideend|p2: 413XP|move: Tailwind\n|upkeep\n|turn|5\n|\n|t:|1740071944\n|move|p2a: Tsareena|Helping Hand|p2b: Kyogre\n|-singleturn|p2b: Kyogre|Helping Hand|[of] p2a: Tsareena\n|move|p1b: Chien-Pao|Ice Spinner|p2a: Tsareena\n|-supereffective|p2a: Tsareena\n|-damage|p2a: Tsareena|0 fnt\n|faint|p2a: Tsareena\n|move|p2b: Kyogre|Origin Pulse|p1a: Raging Bolt|[spread] p1a,p1b\n|-resisted|p1a: Raging Bolt\n|-damage|p1a: Raging Bolt|0 fnt\n|-damage|p1b: Chien-Pao|0 fnt\n|faint|p1a: Raging Bolt\n|-end|p1a: Raging Bolt|Protosynthesis|[silent]\n|faint|p1b: Chien-Pao\n|\n|-weather|RainDance|[upkeep]\n|upkeep\n|\n|t:|1740071952\n|switch|p1b: Urshifu|Urshifu, L50, M|100\/100\n|switch|p2a: Chien-Pao|Chien-Pao, L50|66\/100\n|-ability|p2a: Chien-Pao|Sword of Ruin\n|turn|6\n|\n|t:|1740071955\n|move|p1b: Urshifu|Sucker Punch|p2b: Kyogre\n|-damage|p2b: Kyogre|0 fnt\n|faint|p2b: Kyogre\n|move|p2a: Chien-Pao|Ice Spinner|p1b: Urshifu\n|-damage|p1b: Urshifu|20\/100\n|\n|-weather|RainDance|[upkeep]\n|upkeep\n|\n|t:|1740071956\n|switch|p2b: Tornadus|Tornadus, L50, M, tera:Steel|38\/100\n|turn|7\n|\n|t:|1740071964\n|move|p1b: Urshifu|Sucker Punch|p2b: Tornadus\n|-damage|p2b: Tornadus|0 fnt\n|faint|p2b: Tornadus\n|move|p2a: Chien-Pao|Ice Spinner|p1b: Urshifu\n|-damage|p1b: Urshifu|0 fnt\n|faint|p1b: Urshifu\n|\n|win|413XP\n|raw|Ggttmmhh's rating: 1754 &rarr; <strong>1728<\/strong><br \/>(-26 for losing)\n|raw|413XP's rating: 1642 &rarr; <strong>1668<\/strong><br \/>(+26 for winning)\n|c|\u2606413XP|gg\n|l|\u2606413XP\n|player|p2|\n","uploadtime":1740071967,"views":7,"formatid":"gen9vgc2025regg","rating":1668,"private":0,"password":null}