{"id":"gen9vgc2025regg-2304355197","format":"[Gen 9] VGC 2025 Reg G","players":["ComputerYui","Teraparkor 6"],"log":"|j|\u2606ComputerYui\n|j|\u2606Teraparkor 6\n|t:|1740049352\n|gametype|doubles\n|player|p1|ComputerYui|170|1631\n|player|p2|Teraparkor 6|102|1626\n|teamsize|p1|6\n|teamsize|p2|6\n|gen|9\n|tier|[Gen 9] VGC 2025 Reg G\n|rated|\n|rule|Species Clause: Limit one of each Pok\u00e9mon\n|rule|Item Clause: Limit 1 of each item\n|clearpoke\n|poke|p1|Armarouge, L50, M|\n|poke|p1|Indeedee-F, L50, F|\n|poke|p1|Koraidon, L50|\n|poke|p1|Whimsicott, L50, F|\n|poke|p1|Walking Wake, L50|\n|poke|p1|Iron Valiant, L50|\n|poke|p2|Calyrex-Shadow, L50|\n|poke|p2|Urshifu-*, L50, F|\n|poke|p2|Chien-Pao, L50|\n|poke|p2|Amoonguss, L50, F|\n|poke|p2|Landorus, L50, M|\n|poke|p2|Rillaboom, L50, F|\n|teampreview|4\n|inactive|Battle timer is ON: inactive players will automatically lose when time's up. (requested by Teraparkor 6)\n|inactive|Teraparkor 6 has 60 seconds left.\n|\n|t:|1740049385\n|start\n|switch|p1a: Whimsicott|Whimsicott, L50, F, shiny|100\/100\n|switch|p1b: Koraidon|Koraidon, L50|100\/100\n|switch|p2a: Landorus|Landorus, L50, M|100\/100\n|switch|p2b: Amoonguss|Amoonguss, L50, F|100\/100\n|-weather|SunnyDay|[from] ability: Orichalcum Pulse|[of] p1b: Koraidon\n|-activate|p1b: Koraidon|Orichalcum Pulse|[source]\n|turn|1\n|inactive|ComputerYui has 30 seconds left.\n|\n|t:|1740049417\n|-terastallize|p2b: Amoonguss|Water\n|move|p2b: Amoonguss|Rage Powder|p2b: Amoonguss\n|-singleturn|p2b: Amoonguss|move: Rage Powder\n|move|p1a: Whimsicott|Taunt|p2b: Amoonguss\n|-start|p2b: Amoonguss|move: Taunt\n|move|p1b: Koraidon|Flare Blitz|p2b: Amoonguss\n|-resisted|p2b: Amoonguss\n|-damage|p2b: Amoonguss|68\/100\n|-damage|p1b: Koraidon|84\/100|[from] item: Rocky Helmet|[of] p2b: Amoonguss\n|-damage|p1b: Koraidon|70\/100|[from] Recoil\n|move|p2a: Landorus|Sludge Bomb|p1a: Whimsicott\n|-supereffective|p1a: Whimsicott\n|-enditem|p1a: Whimsicott|Focus Sash\n|-damage|p1a: Whimsicott|1\/100\n|\n|-weather|SunnyDay|[upkeep]\n|upkeep\n|turn|2\n|inactive|ComputerYui has 30 seconds left.\n|\n|t:|1740049443\n|switch|p1a: Indeedee|Indeedee-F, L50, F, shiny|100\/100\n|-fieldstart|move: Psychic Terrain|[from] ability: Psychic Surge|[of] p1a: Indeedee\n|-terastallize|p1b: Koraidon|Fire\n|move|p1b: Koraidon|Flare Blitz|p2a: Landorus\n|-crit|p2a: Landorus\n|-damage|p2a: Landorus|0 fnt\n|faint|p2a: Landorus\n|-damage|p1b: Koraidon|39\/100|[from] Recoil\n|move|p2b: Amoonguss|Sludge Bomb|p1b: Koraidon\n|-damage|p1b: Koraidon|11\/100\n|\n|-weather|SunnyDay|[upkeep]\n|upkeep\n|\n|t:|1740049454\n|switch|p2a: Rillaboom|Rillaboom, L50, F|100\/100\n|-fieldstart|move: Grassy Terrain|[from] ability: Grassy Surge|[of] p2a: Rillaboom\n|turn|3\n|\n|t:|1740049473\n|switch|p1b: Armarouge|Armarouge, L50, M, shiny|100\/100\n|move|p2a: Rillaboom|Fake Out|p1a: Indeedee\n|-damage|p1a: Indeedee|87\/100\n|-enditem|p1a: Indeedee|Eject Button\n|j| uppercut vgc\n|\n|t:|1740049488\n|switch|p1a: Whimsicott|Whimsicott, L50, F, shiny|1\/100\n|move|p2b: Amoonguss|Sludge Bomb|p1b: Armarouge\n|-damage|p1b: Armarouge|65\/100\n|\n|-weather|SunnyDay|[upkeep]\n|-heal|p1a: Whimsicott|7\/100|[from] Grassy Terrain\n|-heal|p1b: Armarouge|71\/100|[from] Grassy Terrain\n|-heal|p2b: Amoonguss|74\/100|[from] Grassy Terrain\n|upkeep\n|turn|4\n|l| uppercut vgc\n|\n|t:|1740049515\n|move|p2a: Rillaboom|Grassy Glide|p1a: Whimsicott\n|-resisted|p1a: Whimsicott\n|-damage|p1a: Whimsicott|0 fnt\n|faint|p1a: Whimsicott\n|move|p1b: Armarouge|Heat Wave|p2b: Amoonguss|[spread] p2a,p2b\n|-supereffective|p2a: Rillaboom\n|-resisted|p2b: Amoonguss\n|-damage|p2a: Rillaboom|34\/100\n|-damage|p2b: Amoonguss|47\/100\n|move|p2b: Amoonguss|Sludge Bomb|p1b: Armarouge\n|-damage|p1b: Armarouge|35\/100\n|\n|-weather|SunnyDay|[upkeep]\n|-heal|p1b: Armarouge|41\/100|[from] Grassy Terrain\n|-heal|p2a: Rillaboom|40\/100|[from] Grassy Terrain\n|-heal|p2b: Amoonguss|53\/100|[from] Grassy Terrain\n|-end|p2b: Amoonguss|move: Taunt\n|upkeep\n|\n|t:|1740049533\n|switch|p1a: Koraidon|Koraidon, L50, tera:Fire|11\/100\n|-activate|p1a: Koraidon|ability: Orichalcum Pulse\n|turn|5\n|j| Easy180\n|\n|t:|1740049549\n|move|p2b: Amoonguss|Protect|p2b: Amoonguss\n|-singleturn|p2b: Amoonguss|Protect\n|move|p2a: Rillaboom|Grassy Glide|p1a: Koraidon\n|-resisted|p1a: Koraidon\n|-damage|p1a: Koraidon|0 fnt\n|faint|p1a: Koraidon\n|move|p1b: Armarouge|Heat Wave|p2a: Rillaboom|[spread] \n|-activate|p2b: Amoonguss|move: Protect\n|-miss|p1b: Armarouge|p2a: Rillaboom\n|\n|-weather|none\n|-heal|p1b: Armarouge|48\/100|[from] Grassy Terrain\n|-heal|p2a: Rillaboom|45\/100|[from] Grassy Terrain\n|-heal|p2b: Amoonguss|59\/100|[from] Grassy Terrain\n|upkeep\n|\n|t:|1740049564\n|switch|p1a: Indeedee|Indeedee-F, L50, F, shiny|87\/100\n|-fieldstart|move: Psychic Terrain|[from] ability: Psychic Surge|[of] p1a: Indeedee\n|turn|6\n|inactive|ComputerYui has 30 seconds left.\n|\n|t:|1740049597\n|switch|p2b: Calyrex|Calyrex-Shadow, L50|100\/100\n|-ability|p2b: Calyrex|As One\n|-ability|p2b: Calyrex|Unnerve\n|move|p1b: Armarouge|Endure|p1b: Armarouge\n|-singleturn|p1b: Armarouge|move: Endure\n|move|p1a: Indeedee|Fake Out|p1b: Armarouge\n|-damage|p1b: Armarouge|37\/100\n|-ability|p1b: Armarouge|Weak Armor|boost\n|-unboost|p1b: Armarouge|def|1\n|-boost|p1b: Armarouge|spe|2\n|move|p2a: Rillaboom|U-turn|p1a: Indeedee\n|-supereffective|p1a: Indeedee\n|-damage|p1a: Indeedee|39\/100\n|\n|t:|1740049608\n|switch|p2a: Amoonguss|Amoonguss, L50, F, tera:Water|92\/100|[from] U-turn\n|\n|upkeep\n|turn|7\n|\n|t:|1740049627\n|move|p1a: Indeedee|Helping Hand|p1b: Armarouge\n|-singleturn|p1b: Armarouge|Helping Hand|[of] p1a: Indeedee\n|move|p1b: Armarouge|Expanding Force|p2b: Calyrex|[spread] p2a,p2b\n|-resisted|p2b: Calyrex\n|-damage|p2a: Amoonguss|14\/100\n|-damage|p2b: Calyrex|54\/100\n|move|p2b: Calyrex|Astral Barrage|p1a: Indeedee|[spread] p1b\n|-immune|p1a: Indeedee\n|-supereffective|p1b: Armarouge\n|-damage|p1b: Armarouge|0 fnt\n|faint|p1b: Armarouge\n|-ability|p2b: Calyrex|Grim Neigh|boost\n|-boost|p2b: Calyrex|spa|1\n|move|p2a: Amoonguss|Spore|p1a: Indeedee\n|-status|p1a: Indeedee|slp|[from] move: Spore\n|\n|upkeep\n|turn|8\n|-message|ComputerYui forfeited.\n|\n|win|Teraparkor 6\n|raw|ComputerYui's rating: 1631 &rarr; <strong>1611<\/strong><br \/>(-20 for losing)\n|raw|Teraparkor 6's rating: 1626 &rarr; <strong>1646<\/strong><br \/>(+20 for winning)\n|l|\u2606ComputerYui\n|player|p1|\n|l|\u2606Teraparkor 6\n|player|p2|\n","uploadtime":1740049779,"views":8,"formatid":"gen9vgc2025regg","rating":1611,"private":0,"password":null}