{"id":"gen9vgc2025regg-2304825837","format":"[Gen 9] VGC 2025 Reg G","players":["Terry kloak","WHOTFISRYANPOWNEY"],"log":"|j|\u2606Terry kloak\n|j|\u2606WHOTFISRYANPOWNEY\n|t:|1740103735\n|gametype|doubles\n|player|p1|Terry kloak|1|1586\n|player|p2|WHOTFISRYANPOWNEY|pokemonranger-gen4|1640\n|teamsize|p1|6\n|teamsize|p2|6\n|gen|9\n|tier|[Gen 9] VGC 2025 Reg G\n|rated|\n|rule|Species Clause: Limit one of each Pok\u00e9mon\n|rule|Item Clause: Limit 1 of each item\n|clearpoke\n|poke|p1|Zacian-*, L50|\n|poke|p1|Whimsicott, L50, M|\n|poke|p1|Milotic, L50, M|\n|poke|p1|Raging Bolt, L50|\n|poke|p1|Landorus, L50, M|\n|poke|p1|Incineroar, L50, F|\n|poke|p2|Urshifu-*, L50, M|\n|poke|p2|Calyrex-Ice, L50|\n|poke|p2|Smeargle, L50, M|\n|poke|p2|Ogerpon-Hearthflame, L50, F|\n|poke|p2|Indeedee-F, L50, F|\n|poke|p2|Ursaluna-Bloodmoon, L50, M|\n|teampreview|4\nTerry kloak has agreed to open team sheets.\nWHOTFISRYANPOWNEY rejected open team sheets.\n|\n|t:|1740103769\n|start\n|switch|p1a: Milotic|Milotic, L50, M|100\/100\n|switch|p1b: Incineroar|Incineroar, L50, F|100\/100\n|switch|p2a: Calyrex|Calyrex-Ice, L50|100\/100\n|switch|p2b: Smeargle|Smeargle, L50, M|100\/100\n|-ability|p2a: Calyrex|As One\n|-ability|p2a: Calyrex|Unnerve\n|-ability|p1b: Incineroar|Intimidate|boost\n|-fail|p2a: Calyrex|unboost|[from] item: Clear Amulet|[of] p2a: Calyrex\n|-fail|p2b: Smeargle|unboost|Attack|[from] ability: Own Tempo|[of] p2b: Smeargle\n|turn|1\n|\n|t:|1740103787\n|switch|p1a: Whimsicott|Whimsicott, L50, M|100\/100\n|move|p1b: Incineroar|Fake Out|p2a: Calyrex\n|-damage|p2a: Calyrex|93\/100\n|move|p2b: Smeargle|Fake Out|p1a: Whimsicott\n|-damage|p1a: Whimsicott|95\/100\n|cant|p2a: Calyrex|flinch\n|\n|upkeep\n|turn|2\n|\n|t:|1740103814\n|-terastallize|p1a: Whimsicott|Water\n|move|p2b: Smeargle|Follow Me|p2b: Smeargle\n|-singleturn|p2b: Smeargle|move: Follow Me\n|move|p1a: Whimsicott|Encore|p2b: Smeargle\n|-start|p2b: Smeargle|Encore\n|move|p1b: Incineroar|Parting Shot|p2b: Smeargle\n|-unboost|p2b: Smeargle|atk|1\n|-unboost|p2b: Smeargle|spa|1\n|\n|t:|1740103822\n|switch|p1b: Milotic|Milotic, L50, M|100\/100|[from] Parting Shot\n|move|p2a: Calyrex|Trick Room|p2a: Calyrex\n|-fieldstart|move: Trick Room|[of] p2a: Calyrex\n|\n|upkeep\n|turn|3\n|\n|t:|1740103835\n|switch|p2b: Ursaluna|Ursaluna-Bloodmoon, L50, M|100\/100\n|move|p1a: Whimsicott|Light Screen|p1a: Whimsicott\n|-sidestart|p1: Terry kloak|move: Light Screen\n|move|p2a: Calyrex|Glacial Lance|p1a: Whimsicott|[spread] p1a,p1b\n|-resisted|p1a: Whimsicott\n|-resisted|p1b: Milotic\n|-damage|p1a: Whimsicott|61\/100\n|-damage|p1b: Milotic|71\/100\n|move|p1b: Milotic|Coil|p1b: Milotic\n|-boost|p1b: Milotic|atk|1\n|-boost|p1b: Milotic|def|1\n|-boost|p1b: Milotic|accuracy|1\n|\n|-heal|p1b: Milotic|77\/100|[from] item: Leftovers\n|upkeep\n|turn|4\n|\n|t:|1740103858\n|switch|p1a: Incineroar|Incineroar, L50, F|100\/100\n|-ability|p1a: Incineroar|Intimidate|boost\n|-fail|p2a: Calyrex|unboost|[from] item: Clear Amulet|[of] p2a: Calyrex\n|-unboost|p2b: Ursaluna|atk|1\n|move|p1b: Milotic|Protect|p1b: Milotic\n|-singleturn|p1b: Milotic|Protect\n|move|p2b: Ursaluna|Blood Moon|p1b: Milotic\n|-activate|p1b: Milotic|move: Protect\n|move|p2a: Calyrex|Glacial Lance|p1a: Incineroar|[spread] p1a\n|-activate|p1b: Milotic|move: Protect\n|-resisted|p1a: Incineroar\n|-damage|p1a: Incineroar|68\/100\n|\n|-heal|p1b: Milotic|83\/100|[from] item: Leftovers\n|upkeep\n|turn|5\n|\n|t:|1740103879\n|move|p1a: Incineroar|Fake Out|p2b: Ursaluna\n|-damage|p2b: Ursaluna|93\/100\n|cant|p2b: Ursaluna|flinch\n|move|p2a: Calyrex|High Horsepower|p1a: Incineroar\n|-supereffective|p1a: Incineroar\n|-damage|p1a: Incineroar|0 fnt\n|faint|p1a: Incineroar\n|-ability|p2a: Calyrex|Chilling Neigh|boost\n|-boost|p2a: Calyrex|atk|1\n|move|p1b: Milotic|Hypnosis|p2a: Calyrex\n|-status|p2a: Calyrex|slp|[from] move: Hypnosis\n|\n|-heal|p1b: Milotic|90\/100|[from] item: Leftovers\n|upkeep\n|\n|t:|1740103895\n|switch|p1a: Zacian|Zacian-Crowned, L50|100\/100\n|-ability|p1a: Zacian|Intrepid Sword|boost\n|-boost|p1a: Zacian|atk|1\n|turn|6\n|inactive|Battle timer is ON: inactive players will automatically lose when time's up. (requested by Terry kloak)\n|j| IceIceCrazy\n|\n|t:|1740103927\n|switch|p2b: Smeargle|Smeargle, L50, M|100\/100\n|move|p1a: Zacian|Protect|p1a: Zacian\n|-singleturn|p1a: Zacian|Protect\n|cant|p2a: Calyrex|slp\n|move|p1b: Milotic|Hypnosis|p2b: Smeargle\n|-status|p2b: Smeargle|slp|[from] move: Hypnosis\n|\n|-heal|p1b: Milotic|96\/100|[from] item: Leftovers\n|-fieldend|move: Trick Room\n|upkeep\n|turn|7\n|\n|t:|1740103941\n|-terastallize|p2a: Calyrex|Water\n|cant|p2b: Smeargle|slp\n|move|p1a: Zacian|Behemoth Blade|p2a: Calyrex\n|-resisted|p2a: Calyrex\n|-damage|p2a: Calyrex|67\/100 slp\n|move|p1b: Milotic|Muddy Water|p2b: Smeargle|[spread] p2a,p2b\n|-resisted|p2a: Calyrex\n|-damage|p2a: Calyrex|58\/100 slp\n|-damage|p2b: Smeargle|52\/100 slp\n|cant|p2a: Calyrex|slp\n|\n|-heal|p1b: Milotic|100\/100|[from] item: Leftovers\n|-sideend|p1: Terry kloak|move: Light Screen\n|upkeep\n|turn|8\n|inactive|WHOTFISRYANPOWNEY has 30 seconds left.\n|j| ryou_zero\n|\n|t:|1740103971\n|cant|p2b: Smeargle|slp\n|move|p1a: Zacian|Play Rough|p2a: Calyrex|[miss]\n|-miss|p1a: Zacian|p2a: Calyrex\n|move|p1b: Milotic|Coil|p1b: Milotic\n|-boost|p1b: Milotic|atk|1\n|-boost|p1b: Milotic|def|1\n|-boost|p1b: Milotic|accuracy|1\n|-curestatus|p2a: Calyrex|slp|[msg]\n|move|p2a: Calyrex|High Horsepower|p1a: Zacian\n|-supereffective|p1a: Zacian\n|-damage|p1a: Zacian|0 fnt\n|faint|p1a: Zacian\n|-ability|p2a: Calyrex|Chilling Neigh|boost\n|-boost|p2a: Calyrex|atk|1\n|\n|upkeep\n|\n|t:|1740103985\n|switch|p1a: Whimsicott|Whimsicott, L50, M, tera:Water|61\/100\n|turn|9\n|\n|t:|1740103995\n|cant|p2b: Smeargle|slp\n|move|p1a: Whimsicott|Tailwind|p1a: Whimsicott\n|-sidestart|p1: Terry kloak|move: Tailwind\n|move|p1b: Milotic|Hypnosis|p2a: Calyrex\n|-status|p2a: Calyrex|slp|[from] move: Hypnosis\n|cant|p2a: Calyrex|slp\n|\n|upkeep\n|turn|10\n|\n|t:|1740104011\n|move|p1a: Whimsicott|Moonblast|p2b: Smeargle\n|-damage|p2b: Smeargle|0 fnt\n|faint|p2b: Smeargle\n|move|p1b: Milotic|Muddy Water|p2a: Calyrex\n|-resisted|p2a: Calyrex\n|-damage|p2a: Calyrex|46\/100 slp\n|cant|p2a: Calyrex|slp\n|\n|upkeep\n|\n|t:|1740104018\n|switch|p2b: Ogerpon|Ogerpon-Hearthflame, L50, F|100\/100\n|-ability|p2b: Ogerpon|Mold Breaker\n|turn|11\n|\n|t:|1740104025\n|move|p2b: Ogerpon|Follow Me|p2b: Ogerpon\n|-singleturn|p2b: Ogerpon|move: Follow Me\n|move|p1a: Whimsicott|Moonblast|p2b: Ogerpon\n|-resisted|p2b: Ogerpon\n|-damage|p2b: Ogerpon|87\/100\n|move|p1b: Milotic|Hypnosis|p2b: Ogerpon\n|-status|p2b: Ogerpon|slp|[from] move: Hypnosis\n|-curestatus|p2a: Calyrex|slp|[msg]\n|move|p2a: Calyrex|Trick Room|p2a: Calyrex\n|-fieldstart|move: Trick Room|[of] p2a: Calyrex\n|\n|upkeep\n|turn|12\n|\n|t:|1740104049\n|move|p2a: Calyrex|Protect|p2a: Calyrex\n|-singleturn|p2a: Calyrex|Protect\n|move|p1a: Whimsicott|Encore|p2a: Calyrex\n|-activate|p2a: Calyrex|move: Protect\n|cant|p2b: Ogerpon|slp\n|move|p1b: Milotic|Hypnosis|p2a: Calyrex\n|-activate|p2a: Calyrex|move: Protect\n|\n|-sideend|p1: Terry kloak|move: Tailwind\n|upkeep\n|turn|13\n|\n|t:|1740104064\n|switch|p2a: Ursaluna|Ursaluna-Bloodmoon, L50, M|93\/100\n|move|p1a: Whimsicott|Encore||[still]\n|-fail|p1a: Whimsicott\n|move|p1b: Milotic|Muddy Water|p2a: Ursaluna|[spread] p2a,p2b\n|-supereffective|p2a: Ursaluna\n|-damage|p2a: Ursaluna|35\/100\n|-damage|p2b: Ogerpon|62\/100 slp\n|cant|p2b: Ogerpon|slp\n|\n|upkeep\n|turn|14\n|inactive|WHOTFISRYANPOWNEY has 30 seconds left.\n|\n|t:|1740104096\n|move|p1b: Milotic|Protect|p1b: Milotic\n|-singleturn|p1b: Milotic|Protect\n|move|p1a: Whimsicott|Light Screen|p1a: Whimsicott\n|-sidestart|p1: Terry kloak|move: Light Screen\n|move|p2a: Ursaluna|Hyper Voice|p1b: Milotic|[spread] p1a\n|-activate|p1b: Milotic|move: Protect\n|-damage|p1a: Whimsicott|17\/100\n|-damage|p2a: Ursaluna|25\/100|[from] item: Life Orb\n|-curestatus|p2b: Ogerpon|slp|[msg]\n|move|p2b: Ogerpon|Horn Leech|p1b: Milotic\n|-activate|p1b: Milotic|move: Protect\n|\n|upkeep\n|turn|15\n|inactive|Terry kloak has 30 seconds left.\n|\n|t:|1740104124\n|move|p2b: Ogerpon|Spiky Shield|p2b: Ogerpon\n|-singleturn|p2b: Ogerpon|move: Protect\n|move|p1a: Whimsicott|Encore|p2a: Ursaluna\n|-start|p2a: Ursaluna|Encore\n|move|p2a: Ursaluna|Hyper Voice|p1b: Milotic|[spread] p1a,p1b\n|-damage|p1a: Whimsicott|0 fnt\n|-damage|p1b: Milotic|72\/100\n|faint|p1a: Whimsicott\n|-damage|p2a: Ursaluna|15\/100|[from] item: Life Orb\n|move|p1b: Milotic|Muddy Water|p2b: Ogerpon|[spread] p2a\n|-activate|p2b: Ogerpon|move: Protect\n|-supereffective|p2a: Ursaluna\n|-damage|p2a: Ursaluna|0 fnt\n|faint|p2a: Ursaluna\n|\n|-heal|p1b: Milotic|78\/100|[from] item: Leftovers\n|-fieldend|move: Trick Room\n|upkeep\n|j| God of restricted\n|\n|t:|1740104134\n|switch|p2a: Calyrex|Calyrex-Ice, L50, tera:Water|46\/100\n|-ability|p2a: Calyrex|As One\n|-ability|p2a: Calyrex|Unnerve\n|turn|16\n|l| IceIceCrazy\n|\n|t:|1740104145\n|move|p2b: Ogerpon|Horn Leech|p1b: Milotic\n|-supereffective|p1b: Milotic\n|-damage|p1b: Milotic|41\/100\n|-heal|p2b: Ogerpon|82\/100|[from] drain|[of] p1b: Milotic\n|move|p1b: Milotic|Hypnosis|p2b: Ogerpon\n|-status|p2b: Ogerpon|slp|[from] move: Hypnosis\n|move|p2a: Calyrex|High Horsepower|p1b: Milotic\n|-damage|p1b: Milotic|18\/100\n|\n|-heal|p1b: Milotic|24\/100|[from] item: Leftovers\n|upkeep\n|turn|17\n|\n|t:|1740104158\n|cant|p2b: Ogerpon|slp\n|move|p1b: Milotic|Muddy Water|p2b: Ogerpon|[spread] p2a,p2b\n|-resisted|p2a: Calyrex\n|-damage|p2a: Calyrex|37\/100\n|-damage|p2b: Ogerpon|55\/100 slp\n|move|p2a: Calyrex|High Horsepower|p1b: Milotic\n|-damage|p1b: Milotic|3\/100\n|\n|-heal|p1b: Milotic|9\/100|[from] item: Leftovers\n|upkeep\n|turn|18\n|\n|t:|1740104170\n|-curestatus|p2b: Ogerpon|slp|[msg]\n|move|p2b: Ogerpon|Horn Leech|p1b: Milotic\n|-supereffective|p1b: Milotic\n|-damage|p1b: Milotic|0 fnt\n|-heal|p2b: Ogerpon|60\/100|[from] drain|[of] p1b: Milotic\n|faint|p1b: Milotic\n|\n|win|WHOTFISRYANPOWNEY\n|raw|Terry kloak's rating: 1586 &rarr; <strong>1569<\/strong><br \/>(-17 for losing)\n|raw|WHOTFISRYANPOWNEY's rating: 1640 &rarr; <strong>1657<\/strong><br \/>(+17 for winning)\n|l|\u2606Terry kloak\n|player|p1|\n|l|\u2606WHOTFISRYANPOWNEY\n|player|p2|\n|l| ryou_zero\n|l| God of restricted\n","uploadtime":1740104175,"views":10,"formatid":"gen9vgc2025regg","rating":1569,"private":0,"password":null}