{"id":"gen9vgc2025regg-2304127983","format":"[Gen 9] VGC 2025 Reg G","players":["falcon108","Argian"],"log":"|j|\u2606falcon108\n|j|\u2606Argian\n|t:|1740011561\n|gametype|doubles\n|player|p1|falcon108|101|1561\n|player|p2|Argian|red|1539\n|teamsize|p1|6\n|teamsize|p2|6\n|gen|9\n|tier|[Gen 9] VGC 2025 Reg G\n|rated|\n|rule|Species Clause: Limit one of each Pok\u00e9mon\n|rule|Item Clause: Limit 1 of each item\n|clearpoke\n|poke|p1|Kyogre, L50|\n|poke|p1|Tornadus, L50, M|\n|poke|p1|Tsareena, L50, F|\n|poke|p1|Electabuzz, L50, F|\n|poke|p1|Archaludon, L50, M|\n|poke|p1|Rillaboom, L50, F|\n|poke|p2|Lunala, L50|\n|poke|p2|Amoonguss, L50, F|\n|poke|p2|Iron Valiant, L50|\n|poke|p2|Roaring Moon, L50|\n|poke|p2|Ogerpon-Hearthflame, L50, F|\n|poke|p2|Urshifu-*, L50, F|\n|teampreview|4\n|inactive|Battle timer is ON: inactive players will automatically lose when time's up. (requested by falcon108)\n|inactive|falcon108 has 60 seconds left.\n|\n|t:|1740011608\n|start\n|switch|p1a: Electabuzz|Electabuzz, L50, F|100\/100\n|switch|p1b: Kyogre|Kyogre, L50|100\/100\n|switch|p2a: Roaring Moon|Roaring Moon, L50|100\/100\n|switch|p2b: Iron Valiant|Iron Valiant, L50|100\/100\n|-weather|RainDance|[from] ability: Drizzle|[of] p1b: Kyogre\n|-enditem|p2a: Roaring Moon|Booster Energy\n|-activate|p2a: Roaring Moon|ability: Protosynthesis|[fromitem]\n|-start|p2a: Roaring Moon|protosynthesisspe\n|turn|1\n|j| NanshanVGC\n|\n|t:|1740011631\n|move|p2b: Iron Valiant|Wide Guard|p2b: Iron Valiant\n|-singleturn|p2b: Iron Valiant|Wide Guard\n|move|p1a: Electabuzz|Follow Me|p1a: Electabuzz\n|-singleturn|p1a: Electabuzz|move: Follow Me\n|move|p2a: Roaring Moon|Knock Off|p1a: Electabuzz\n|-damage|p1a: Electabuzz|66\/100\n|-enditem|p1a: Electabuzz|Eviolite|[from] move: Knock Off|[of] p2a: Roaring Moon\n|move|p1b: Kyogre|Water Spout|p2b: Iron Valiant|[spread] \n|-activate|p2a: Roaring Moon|move: Wide Guard\n|-activate|p2b: Iron Valiant|move: Wide Guard\n|\n|-weather|RainDance|[upkeep]\n|upkeep\n|turn|2\n|l| NanshanVGC\n|inactive|Argian has 30 seconds left.\n|\n|t:|1740011658\n|move|p1a: Electabuzz|Feint|p2b: Iron Valiant\n|-damage|p2b: Iron Valiant|93\/100\n|move|p2a: Roaring Moon|Tailwind|p2a: Roaring Moon\n|-sidestart|p2: Argian|move: Tailwind\n|move|p2b: Iron Valiant|Close Combat|p1a: Electabuzz\n|-damage|p1a: Electabuzz|0 fnt\n|-unboost|p2b: Iron Valiant|def|1\n|-unboost|p2b: Iron Valiant|spd|1\n|faint|p1a: Electabuzz\n|move|p1b: Kyogre|Water Spout|p2a: Roaring Moon|[spread] p2a,p2b\n|-resisted|p2a: Roaring Moon\n|-crit|p2a: Roaring Moon\n|-damage|p2a: Roaring Moon|32\/100\n|-damage|p2b: Iron Valiant|0 fnt\n|faint|p2b: Iron Valiant\n|-end|p2b: Iron Valiant|Quark Drive|[silent]\n|\n|-weather|RainDance|[upkeep]\n|upkeep\n|\n|t:|1740011669\n|switch|p2b: Urshifu|Urshifu-Rapid-Strike, L50, F|100\/100\n|switch|p1a: Rillaboom|Rillaboom, L50, F|100\/100\n|-fieldstart|move: Grassy Terrain|[from] ability: Grassy Surge|[of] p1a: Rillaboom\n|turn|3\n|\n|t:|1740011684\n|switch|p1b: Tsareena|Tsareena, L50, F|100\/100\n|move|p2a: Roaring Moon|Protect|p2a: Roaring Moon\n|-singleturn|p2a: Roaring Moon|Protect\n|move|p2b: Urshifu|Detect|p2b: Urshifu\n|-singleturn|p2b: Urshifu|Protect\n|move|p1a: Rillaboom|Fake Out|p2a: Roaring Moon\n|-activate|p2a: Roaring Moon|move: Protect\n|\n|-weather|RainDance|[upkeep]\n|-heal|p2a: Roaring Moon|38\/100|[from] Grassy Terrain\n|upkeep\n|turn|4\n|inactive|Argian has 30 seconds left.\n|\n|t:|1740011709\n|switch|p2b: Lunala|Lunala, L50, shiny|100\/100\n|-terastallize|p2a: Roaring Moon|Flying\n|-terastallize|p1b: Tsareena|Ice\n|move|p1b: Tsareena|Helping Hand|p1a: Rillaboom\n|-singleturn|p1a: Rillaboom|Helping Hand|[of] p1b: Tsareena\n|move|p1a: Rillaboom|Grassy Glide|p2b: Lunala\n|-damage|p2b: Lunala|78\/100\n|move|p2a: Roaring Moon|Acrobatics|p1b: Tsareena\n|-damage|p1b: Tsareena|34\/100\n|\n|-weather|RainDance|[upkeep]\n|-heal|p2b: Lunala|84\/100|[from] Grassy Terrain\n|-heal|p1b: Tsareena|39\/100|[from] Grassy Terrain\n|upkeep\n|turn|5\n|inactive|Argian has 30 seconds left.\n|\n|t:|1740011740\n|move|p1b: Tsareena|Protect|p1b: Tsareena\n|-singleturn|p1b: Tsareena|Protect\n|move|p2a: Roaring Moon|Acrobatics|p1a: Rillaboom\n|-supereffective|p1a: Rillaboom\n|-damage|p1a: Rillaboom|0 fnt\n|faint|p1a: Rillaboom\n|move|p2b: Lunala|Dazzling Gleam|p1b: Tsareena\n|-activate|p1b: Tsareena|move: Protect\n|\n|-weather|none\n|-heal|p2b: Lunala|90\/100|[from] Grassy Terrain\n|-heal|p1b: Tsareena|45\/100|[from] Grassy Terrain\n|-sideend|p2: Argian|move: Tailwind\n|upkeep\n|\n|t:|1740011745\n|switch|p1a: Kyogre|Kyogre, L50|100\/100\n|-weather|RainDance|[from] ability: Drizzle|[of] p1a: Kyogre\n|turn|6\n|inactive|Argian has 30 seconds left.\n|inactive|falcon108 has 30 seconds left.\n|\n|t:|1740011794\n|move|p2a: Roaring Moon|Tailwind|p2a: Roaring Moon\n|-sidestart|p2: Argian|move: Tailwind\n|move|p2b: Lunala|Dazzling Gleam|p1b: Tsareena|[spread] p1a,p1b\n|-damage|p1a: Kyogre|82\/100\n|-damage|p1b: Tsareena|17\/100\n|move|p1a: Kyogre|Thunder|p2a: Roaring Moon\n|-supereffective|p2a: Roaring Moon\n|-damage|p2a: Roaring Moon|0 fnt\n|faint|p2a: Roaring Moon\n|-end|p2a: Roaring Moon|Protosynthesis|[silent]\n|move|p1b: Tsareena|Power Whip|p2b: Lunala\n|-damage|p2b: Lunala|34\/100\n|\n|-weather|RainDance|[upkeep]\n|-heal|p2b: Lunala|40\/100|[from] Grassy Terrain\n|-heal|p1a: Kyogre|88\/100|[from] Grassy Terrain\n|-heal|p1b: Tsareena|23\/100|[from] Grassy Terrain\n|upkeep\n|\n|t:|1740011800\n|switch|p2a: Urshifu|Urshifu-Rapid-Strike, L50, F|100\/100\n|turn|7\n|inactive|falcon108 has 30 seconds left.\n|\n|t:|1740011827\n|move|p1b: Tsareena|Protect|p1b: Tsareena\n|-singleturn|p1b: Tsareena|Protect\n|move|p2a: Urshifu|Surging Strikes|p1a: Kyogre\n|-resisted|p1a: Kyogre\n|-crit|p1a: Kyogre\n|-damage|p1a: Kyogre|68\/100\n|-resisted|p1a: Kyogre\n|-crit|p1a: Kyogre\n|-damage|p1a: Kyogre|47\/100\n|-resisted|p1a: Kyogre\n|-crit|p1a: Kyogre\n|-damage|p1a: Kyogre|26\/100\n|-hitcount|p1a: Kyogre|3\n|move|p2b: Lunala|Dazzling Gleam|p1a: Kyogre|[spread] p1a\n|-activate|p1b: Tsareena|move: Protect\n|-damage|p1a: Kyogre|7\/100\n|move|p1a: Kyogre|Thunder|p2a: Urshifu\n|-supereffective|p2a: Urshifu\n|-damage|p2a: Urshifu|0 fnt\n|faint|p2a: Urshifu\n|\n|-weather|RainDance|[upkeep]\n|-heal|p2b: Lunala|46\/100|[from] Grassy Terrain\n|-heal|p1a: Kyogre|13\/100|[from] Grassy Terrain\n|-heal|p1b: Tsareena|28\/100|[from] Grassy Terrain\n|-fieldend|move: Grassy Terrain\n|upkeep\n|turn|8\n|\n|t:|1740011846\n|move|p2b: Lunala|Dazzling Gleam|p1a: Kyogre|[spread] p1a,p1b\n|-damage|p1a: Kyogre|0 fnt\n|-damage|p1b: Tsareena|0 fnt\n|faint|p1a: Kyogre\n|faint|p1b: Tsareena\n|\n|win|Argian\n|raw|falcon108's rating: 1561 &rarr; <strong>1540<\/strong><br \/>(-21 for losing)\n|raw|Argian's rating: 1539 &rarr; <strong>1560<\/strong><br \/>(+21 for winning)\n|c|\u2606Argian|Gg\n|l|\u2606Argian\n|player|p2|\n|j| waert8\n|l| waert8\n","uploadtime":1740012025,"views":8,"formatid":"gen9vgc2025regg","rating":1540,"private":0,"password":null}