{"id":"gen9vgc2025regg-2304437551","format":"[Gen 9] VGC 2025 Reg G","players":["brednas7","Raekyuu"],"log":"|j|\u2606brednas7\n|j|\u2606Raekyuu\n|t:|1740061276\n|gametype|doubles\n|player|p1|brednas7|hilbert|1606\n|player|p2|Raekyuu|169|1511\n|teamsize|p1|6\n|teamsize|p2|6\n|gen|9\n|tier|[Gen 9] VGC 2025 Reg G\n|rated|\n|rule|Species Clause: Limit one of each Pok\u00e9mon\n|rule|Item Clause: Limit 1 of each item\n|clearpoke\n|poke|p1|Koraidon, L50|\n|poke|p1|Brute Bonnet, L50|\n|poke|p1|Gouging Fire, L50|\n|poke|p1|Flutter Mane, L50|\n|poke|p1|Tinkaton, L50, F|\n|poke|p1|Porygon2, L50|\n|poke|p2|Calyrex-Shadow, L50|\n|poke|p2|Rillaboom, L50, F|\n|poke|p2|Clefairy, L50, M|\n|poke|p2|Smeargle, L50, M|\n|poke|p2|Urshifu-*, L50, F|\n|poke|p2|Incineroar, L50, F|\n|teampreview|4\n|j| pmg9\n|inactive|Battle timer is ON: inactive players will automatically lose when time's up. (requested by Raekyuu)\n|\n|t:|1740061319\n|start\n|switch|p1a: Brute Bonnet|Brute Bonnet, L50|100\/100\n|switch|p1b: Tinkaton|Tinkaton, L50, F|100\/100\n|switch|p2a: Calyrex|Calyrex-Shadow, L50|100\/100\n|switch|p2b: Incineroar|Incineroar, L50, F|100\/100\n|-ability|p2a: Calyrex|As One\n|-ability|p2a: Calyrex|Unnerve\n|-ability|p1b: Tinkaton|Mold Breaker\n|-ability|p2b: Incineroar|Intimidate|boost\n|-unboost|p1a: Brute Bonnet|atk|1\n|-unboost|p1b: Tinkaton|atk|1\n|turn|1\n|\n|t:|1740061343\n|move|p2a: Calyrex|Protect|p2a: Calyrex\n|-singleturn|p2a: Calyrex|Protect\n|move|p1b: Tinkaton|Knock Off|p2a: Calyrex\n|-activate|p2a: Calyrex|move: Protect\n|move|p2b: Incineroar|Parting Shot|p1a: Brute Bonnet\n|-unboost|p1a: Brute Bonnet|atk|1\n|-unboost|p1a: Brute Bonnet|spa|1\n|\n|t:|1740061350\n|switch|p2b: Rillaboom|Rillaboom, L50, F|100\/100|[from] Parting Shot\n|-fieldstart|move: Grassy Terrain|[from] ability: Grassy Surge|[of] p2b: Rillaboom\n|move|p1a: Brute Bonnet|Spore|p2a: Calyrex\n|-activate|p2a: Calyrex|move: Protect\n|\n|upkeep\n|turn|2\n|j| ChilledLotusA\n|\n|t:|1740061364\n|switch|p1b: Gouging Fire|Gouging Fire, L50|100\/100\n|-terastallize|p2a: Calyrex|Fairy\n|move|p2b: Rillaboom|Fake Out|p1a: Brute Bonnet\n|-damage|p1a: Brute Bonnet|90\/100\n|move|p2a: Calyrex|Nasty Plot|p2a: Calyrex\n|-boost|p2a: Calyrex|spa|2\n|move|p1a: Brute Bonnet|Spore|p2a: Calyrex\n|-status|p2a: Calyrex|slp|[from] move: Spore\n|\n|-heal|p1a: Brute Bonnet|96\/100|[from] Grassy Terrain\n|upkeep\n|turn|3\n|\n|t:|1740061387\n|switch|p2a: Incineroar|Incineroar, L50, F|100\/100\n|-ability|p2a: Incineroar|Intimidate|boost\n|-unboost|p1a: Brute Bonnet|atk|1\n|-fail|p1b: Gouging Fire|unboost|[from] item: Clear Amulet|[of] p1b: Gouging Fire\n|-end|p1a: Brute Bonnet|Protosynthesis|[silent]\n|switch|p1a: Koraidon|Koraidon, L50|100\/100\n|-weather|SunnyDay|[from] ability: Orichalcum Pulse|[of] p1a: Koraidon\n|-activate|p1b: Gouging Fire|ability: Protosynthesis\n|-start|p1b: Gouging Fire|protosynthesisspe\n|-activate|p1a: Koraidon|Orichalcum Pulse|[source]\n|move|p1b: Gouging Fire|Howl|p1b: Gouging Fire|[spread] p1a,p1b\n|-boost|p1a: Koraidon|atk|1\n|-boost|p1b: Gouging Fire|atk|1\n|move|p2b: Rillaboom|Stomping Tantrum|p1b: Gouging Fire\n|-supereffective|p1b: Gouging Fire\n|-damage|p1b: Gouging Fire|59\/100\n|\n|-weather|SunnyDay|[upkeep]\n|-heal|p1b: Gouging Fire|65\/100|[from] Grassy Terrain\n|upkeep\n|turn|4\n|inactive|brednas7 has 30 seconds left.\n|inactive|Raekyuu has 30 seconds left.\n|inactive|Raekyuu has 20 seconds left.\n|inactive|Raekyuu has 15 seconds left.\n|inactive|Raekyuu has 10 seconds left.\n|inactive|Raekyuu has 5 seconds left.\n|\n|t:|1740061441\n|switch|p2b: Smeargle|Smeargle, L50, M|100\/100\n|move|p1b: Gouging Fire|Burning Bulwark|p1b: Gouging Fire\n|-singleturn|p1b: Gouging Fire|move: Protect\n|move|p1a: Koraidon|Collision Course|p2a: Incineroar\n|-supereffective|p2a: Incineroar\n|-damage|p2a: Incineroar|0 fnt\n|faint|p2a: Incineroar\n|\n|-weather|SunnyDay|[upkeep]\n|-heal|p1b: Gouging Fire|71\/100|[from] Grassy Terrain\n|-ability|p2b: Smeargle|Moody|boost\n|-boost|p2b: Smeargle|spa|2\n|-unboost|p2b: Smeargle|spe|1\n|upkeep\n|\n|t:|1740061455\n|switch|p2a: Calyrex|Calyrex-Shadow, L50, tera:Fairy|100\/100 slp\n|-ability|p2a: Calyrex|As One\n|-ability|p2a: Calyrex|Unnerve\n|turn|5\n|\n|t:|1740061475\n|-terastallize|p1b: Gouging Fire|Grass\n|move|p2b: Smeargle|Fake Out|p1a: Koraidon\n|-damage|p1a: Koraidon|96\/100\n|move|p1b: Gouging Fire|Flare Blitz|p2b: Smeargle\n|-damage|p2b: Smeargle|0 fnt\n|faint|p2b: Smeargle\n|-damage|p1b: Gouging Fire|45\/100|[from] Recoil\n|cant|p2a: Calyrex|slp\n|cant|p1a: Koraidon|flinch\n|\n|-weather|SunnyDay|[upkeep]\n|-heal|p1b: Gouging Fire|50\/100|[from] Grassy Terrain\n|-heal|p1a: Koraidon|100\/100|[from] Grassy Terrain\n|-fieldend|move: Grassy Terrain\n|upkeep\n|\n|t:|1740061488\n|switch|p2b: Rillaboom|Rillaboom, L50, F|100\/100\n|-fieldstart|move: Grassy Terrain|[from] ability: Grassy Surge|[of] p2b: Rillaboom\n|turn|6\n|j| easy180\n|\n|t:|1740061496\n|move|p2b: Rillaboom|Fake Out|p1b: Gouging Fire\n|-damage|p1b: Gouging Fire|40\/100\n|cant|p1b: Gouging Fire|flinch\n|-curestatus|p2a: Calyrex|slp|[msg]\n|move|p2a: Calyrex|Draining Kiss|p1a: Koraidon\n|-supereffective|p1a: Koraidon\n|-damage|p1a: Koraidon|0 fnt\n|faint|p1a: Koraidon\n|-ability|p2a: Calyrex|Grim Neigh|boost\n|-boost|p2a: Calyrex|spa|1\n|-damage|p2a: Calyrex|91\/100|[from] item: Life Orb\n|\n|-weather|SunnyDay|[upkeep]\n|-heal|p1b: Gouging Fire|46\/100|[from] Grassy Terrain\n|-heal|p2a: Calyrex|97\/100|[from] Grassy Terrain\n|upkeep\n|\n|t:|1740061512\n|switch|p1a: Tinkaton|Tinkaton, L50, F|100\/100\n|-ability|p1a: Tinkaton|Mold Breaker\n|turn|7\n|\n|t:|1740061526\n|move|p2a: Calyrex|Protect|p2a: Calyrex\n|-singleturn|p2a: Calyrex|Protect\n|move|p1a: Tinkaton|Fake Out|p2b: Rillaboom\n|-damage|p2b: Rillaboom|91\/100\n|cant|p2b: Rillaboom|flinch\n|move|p1b: Gouging Fire|Flare Blitz|p2a: Calyrex\n|-activate|p2a: Calyrex|move: Protect\n|\n|-weather|none\n|-end|p1b: Gouging Fire|Protosynthesis\n|-heal|p1b: Gouging Fire|51\/100|[from] Grassy Terrain\n|-heal|p2a: Calyrex|100\/100|[from] Grassy Terrain\n|-heal|p2b: Rillaboom|97\/100|[from] Grassy Terrain\n|upkeep\n|turn|8\n|\n|t:|1740061540\n|move|p1b: Gouging Fire|Burning Bulwark|p1b: Gouging Fire\n|-singleturn|p1b: Gouging Fire|move: Protect\n|move|p2b: Rillaboom|Grassy Glide|p1a: Tinkaton\n|-resisted|p1a: Tinkaton\n|-damage|p1a: Tinkaton|73\/100\n|move|p2a: Calyrex|Astral Barrage|p1a: Tinkaton|[spread] p1a\n|-activate|p1b: Gouging Fire|move: Protect\n|-damage|p1a: Tinkaton|0 fnt\n|faint|p1a: Tinkaton\n|-ability|p2a: Calyrex|Grim Neigh|boost\n|-boost|p2a: Calyrex|spa|1\n|-damage|p2a: Calyrex|91\/100|[from] item: Life Orb\n|\n|-heal|p2a: Calyrex|97\/100|[from] Grassy Terrain\n|-heal|p1b: Gouging Fire|57\/100|[from] Grassy Terrain\n|-heal|p2b: Rillaboom|100\/100|[from] Grassy Terrain\n|upkeep\n|l| pmg9\n|-message|brednas7 forfeited.\n|\n|win|Raekyuu\n|raw|brednas7's rating: 1606 &rarr; <strong>1582<\/strong><br \/>(-24 for losing)\n|raw|Raekyuu's rating: 1527 &rarr; <strong>1551<\/strong><br \/>(+24 for winning)\n|l|\u2606brednas7\n|player|p1|\n|l| ChilledLotusA\n|l|\u2606Raekyuu\n|player|p2|\n|j| keturn\n|l| easy180\n","uploadtime":1740061799,"views":5,"formatid":"gen9vgc2025regg","rating":1551,"private":0,"password":null}