{"id":"gen9vgc2025regg-2304768553","format":"[Gen 9] VGC 2025 Reg G","players":["Hikawari","Doc_MrMega"],"log":"|j|\u2606Hikawari\n|j|\u2606Doc_MrMega\n|t:|1740096213\n|gametype|doubles\n|player|p1|Hikawari|1|1650\n|player|p2|Doc_MrMega|266|1682\n|teamsize|p1|6\n|teamsize|p2|6\n|gen|9\n|tier|[Gen 9] VGC 2025 Reg G\n|rated|\n|rule|Species Clause: Limit one of each Pok\u00e9mon\n|rule|Item Clause: Limit 1 of each item\n|clearpoke\n|poke|p1|Zamazenta-*, L50|\n|poke|p1|Chi-Yu, L50|\n|poke|p1|Rillaboom, L50, M|\n|poke|p1|Flutter Mane, L50|\n|poke|p1|Chien-Pao, L50|\n|poke|p1|Amoonguss, L50, M|\n|poke|p2|Calyrex-Ice, L50|\n|poke|p2|Landorus, L50, M|\n|poke|p2|Amoonguss, L50, M|\n|poke|p2|Urshifu-*, L50, F|\n|poke|p2|Roaring Moon, L50|\n|poke|p2|Ogerpon-Hearthflame, L50, F|\n|teampreview|4\n|inactive|Battle timer is ON: inactive players will automatically lose when time's up. (requested by Hikawari)\n|\n|t:|1740096239\n|start\n|switch|p1a: Zamazenta|Zamazenta-Crowned, L50|100\/100\n|switch|p1b: Chien-Pao|Chien-Pao, L50|100\/100\n|switch|p2a: Roaring Moon|Roaring Moon, L50|100\/100\n|switch|p2b: Urshifu|Urshifu-Rapid-Strike, L50, F|100\/100\n|-ability|p1b: Chien-Pao|Sword of Ruin\n|-ability|p1a: Zamazenta|Dauntless Shield|boost\n|-boost|p1a: Zamazenta|def|1\n|-enditem|p2a: Roaring Moon|Booster Energy\n|-activate|p2a: Roaring Moon|ability: Protosynthesis|[fromitem]\n|-start|p2a: Roaring Moon|protosynthesisspe\n|turn|1\n|\n|t:|1740096251\n|-terastallize|p1a: Zamazenta|Dragon\n|-terastallize|p2b: Urshifu|Water\n|move|p2a: Roaring Moon|Tailwind|p2a: Roaring Moon\n|-sidestart|p2: Doc_MrMega|move: Tailwind\n|move|p2b: Urshifu|Surging Strikes|p1a: Zamazenta\n|-resisted|p1a: Zamazenta\n|-crit|p1a: Zamazenta\n|-damage|p1a: Zamazenta|87\/100\n|-resisted|p1a: Zamazenta\n|-crit|p1a: Zamazenta\n|-damage|p1a: Zamazenta|73\/100\n|-resisted|p1a: Zamazenta\n|-crit|p1a: Zamazenta\n|-damage|p1a: Zamazenta|60\/100\n|-hitcount|p1a: Zamazenta|3\n|move|p1b: Chien-Pao|Icicle Crash|p2a: Roaring Moon|[miss]\n|-miss|p1b: Chien-Pao|p2a: Roaring Moon\n|move|p1a: Zamazenta|Body Press|p2b: Urshifu\n|-damage|p2b: Urshifu|20\/100\n|\n|upkeep\n|turn|2\n|inactive|Doc_MrMega has 30 seconds left.\n|inactive|Doc_MrMega has 20 seconds left.\n|\n|t:|1740096287\n|move|p1b: Chien-Pao|Sucker Punch|p2b: Urshifu\n|-damage|p2b: Urshifu|0 fnt\n|faint|p2b: Urshifu\n|move|p2a: Roaring Moon|Acrobatics|p1a: Zamazenta\n|-damage|p1a: Zamazenta|42\/100\n|move|p1a: Zamazenta|Body Press|p2a: Roaring Moon\n|-supereffective|p2a: Roaring Moon\n|-damage|p2a: Roaring Moon|0 fnt\n|faint|p2a: Roaring Moon\n|-end|p2a: Roaring Moon|Protosynthesis|[silent]\n|\n|upkeep\n|\n|t:|1740096295\n|switch|p2a: Landorus|Landorus, L50, M|100\/100\n|switch|p2b: Ogerpon|Ogerpon-Hearthflame, L50, F|100\/100\n|-ability|p2b: Ogerpon|Mold Breaker\n|turn|3\n|j| mr pogostick\n|\n|t:|1740096315\n|move|p2a: Landorus|Sandsear Storm|p1b: Chien-Pao|[spread] p1a,p1b\n|-damage|p1a: Zamazenta|0 fnt\n|-damage|p1b: Chien-Pao|2\/100\n|faint|p1a: Zamazenta\n|move|p2b: Ogerpon|Horn Leech|p1b: Chien-Pao\n|-damage|p1b: Chien-Pao|0 fnt\n|faint|p1b: Chien-Pao\n|\n|upkeep\n|\n|t:|1740096318\n|switch|p1b: Amoonguss|Amoonguss, L50, M|100\/100\n|switch|p1a: Flutter Mane|Flutter Mane, L50|100\/100\n|-enditem|p1a: Flutter Mane|Booster Energy\n|-activate|p1a: Flutter Mane|ability: Protosynthesis|[fromitem]\n|-start|p1a: Flutter Mane|protosynthesisspe\n|turn|4\n|inactive|Doc_MrMega has 30 seconds left.\n|\n|t:|1740096351\n|move|p1a: Flutter Mane|Protect|p1a: Flutter Mane\n|-singleturn|p1a: Flutter Mane|Protect\n|move|p1b: Amoonguss|Protect|p1b: Amoonguss\n|-singleturn|p1b: Amoonguss|Protect\n|move|p2a: Landorus|Earth Power|p1b: Amoonguss\n|-activate|p1b: Amoonguss|move: Protect\n|move|p2b: Ogerpon|Ivy Cudgel|p1b: Amoonguss|[anim] Ivy Cudgel Fire\n|-activate|p1b: Amoonguss|move: Protect\n|\n|-sideend|p2: Doc_MrMega|move: Tailwind\n|upkeep\n|turn|5\n|\n|t:|1740096368\n|move|p1a: Flutter Mane|Icy Wind|p2a: Landorus|[spread] p2a,p2b\n|-supereffective|p2a: Landorus\n|-damage|p2a: Landorus|49\/100\n|-damage|p2b: Ogerpon|87\/100\n|-unboost|p2a: Landorus|spe|1\n|-unboost|p2b: Ogerpon|spe|1\n|move|p2a: Landorus|Earth Power|p1b: Amoonguss\n|-damage|p1b: Amoonguss|36\/100\n|move|p2b: Ogerpon|Ivy Cudgel|p1b: Amoonguss|[anim] Ivy Cudgel Fire\n|-supereffective|p1b: Amoonguss\n|-damage|p1b: Amoonguss|0 fnt\n|faint|p1b: Amoonguss\n|\n|upkeep\n|turn|6\n|j| AxonAries\n|\n|t:|1740096391\n|move|p2a: Landorus|Protect|p2a: Landorus\n|-singleturn|p2a: Landorus|Protect\n|move|p1a: Flutter Mane|Shadow Ball|p2b: Ogerpon\n|-damage|p2b: Ogerpon|51\/100\n|move|p2b: Ogerpon|Horn Leech|p1a: Flutter Mane\n|-damage|p1a: Flutter Mane|43\/100\n|-heal|p2b: Ogerpon|72\/100|[from] drain|[of] p1a: Flutter Mane\n|\n|upkeep\n|turn|7\n|\n|t:|1740096415\n|move|p1a: Flutter Mane|Icy Wind|p2a: Landorus|[spread] p2a,p2b\n|-supereffective|p2a: Landorus\n|-damage|p2a: Landorus|0 fnt\n|-damage|p2b: Ogerpon|60\/100\n|-unboost|p2b: Ogerpon|spe|1\n|faint|p2a: Landorus\n|move|p2b: Ogerpon|Horn Leech|p1a: Flutter Mane\n|-damage|p1a: Flutter Mane|0 fnt\n|-heal|p2b: Ogerpon|75\/100|[from] drain|[of] p1a: Flutter Mane\n|faint|p1a: Flutter Mane\n|-end|p1a: Flutter Mane|Protosynthesis|[silent]\n|\n|win|Doc_MrMega\n|raw|Hikawari's rating: 1650 &rarr; <strong>1632<\/strong><br \/>(-18 for losing)\n|raw|Doc_MrMega's rating: 1682 &rarr; <strong>1700<\/strong><br \/>(+18 for winning)\n|l|\u2606Hikawari\n|player|p1|\n|l|\u2606Doc_MrMega\n|player|p2|\n|l| AxonAries\n|l| mr pogostick\n","uploadtime":1740096684,"views":7,"formatid":"gen9vgc2025regg","rating":1632,"private":0,"password":null}