{"id":"gen9vgc2025regg-2304723587","format":"[Gen 9] VGC 2025 Reg G","players":["firepatriley","leolc0926"],"log":"|j|\u2606firepatriley\n|j|\u2606leolc0926\n|t:|1740090736\n|gametype|doubles\n|player|p1|firepatriley|2|1587\n|player|p2|leolc0926|steven|1564\n|teamsize|p1|6\n|teamsize|p2|6\n|gen|9\n|tier|[Gen 9] VGC 2025 Reg G\n|rated|\n|rule|Species Clause: Limit one of each Pok\u00e9mon\n|rule|Item Clause: Limit 1 of each item\n|clearpoke\n|poke|p1|Lunala, L50|\n|poke|p1|Ursaluna, L50, F|\n|poke|p1|Urshifu-*, L50, F|\n|poke|p1|Rillaboom, L50, M|\n|poke|p1|Incineroar, L50, F|\n|poke|p1|Amoonguss, L50, M|\n|poke|p2|Flutter Mane, L50|\n|poke|p2|Torkoal, L50, M|\n|poke|p2|Calyrex-Ice, L50|\n|poke|p2|Ogerpon-Cornerstone, L50, F|\n|poke|p2|Urshifu-*, L50, M|\n|poke|p2|Farigiraf, L50, F|\n|teampreview|4\n|inactive|Battle timer is ON: inactive players will automatically lose when time's up. (requested by firepatriley)\n|\n|t:|1740090752\n|start\n|switch|p1a: Urshifu|Urshifu-Rapid-Strike, L50, F|100\/100\n|switch|p1b: Lunala|Lunala, L50|100\/100\n|switch|p2a: Ogerpon|Ogerpon-Cornerstone, L50, F|100\/100\n|switch|p2b: \u30d0\u30c9\u30ec\u30c3\u30af\u30b9|Calyrex-Ice, L50|100\/100\n|-ability|p2b: \u30d0\u30c9\u30ec\u30c3\u30af\u30b9|As One\n|-ability|p2b: \u30d0\u30c9\u30ec\u30c3\u30af\u30b9|Unnerve\n|turn|1\n|\n|t:|1740090770\n|move|p2a: Ogerpon|Follow Me|p2a: Ogerpon\n|-singleturn|p2a: Ogerpon|move: Follow Me\n|move|p1a: Urshifu|Taunt|p2a: Ogerpon\n|-start|p2a: Ogerpon|move: Taunt\n|move|p1b: Lunala|Meteor Beam||[still]\n|-prepare|p1b: Lunala|Meteor Beam\n|-boost|p1b: Lunala|spa|1\n|-enditem|p1b: Lunala|Power Herb\n|-anim|p1b: Lunala|Meteor Beam|p2a: Ogerpon\n|-damage|p2a: Ogerpon|24\/100\n|move|p2b: \u30d0\u30c9\u30ec\u30c3\u30af\u30b9|Trick Room|p2b: \u30d0\u30c9\u30ec\u30c3\u30af\u30b9\n|-fieldstart|move: Trick Room|[of] p2b: \u30d0\u30c9\u30ec\u30c3\u30af\u30b9\n|\n|upkeep\n|turn|2\n|\n|t:|1740090784\n|-terastallize|p2b: \u30d0\u30c9\u30ec\u30c3\u30af\u30b9|Water\n|move|p2b: \u30d0\u30c9\u30ec\u30c3\u30af\u30b9|Glacial Lance|p1b: Lunala|[spread] p1a,p1b\n|-resisted|p1a: Urshifu\n|-damage|p1a: Urshifu|75\/100\n|-damage|p1b: Lunala|78\/100\n|move|p1b: Lunala|Moonblast|p2a: Ogerpon\n|-damage|p2a: Ogerpon|0 fnt\n|faint|p2a: Ogerpon\n|move|p1a: Urshifu|Surging Strikes|p2b: \u30d0\u30c9\u30ec\u30c3\u30af\u30b9\n|-resisted|p2b: \u30d0\u30c9\u30ec\u30c3\u30af\u30b9\n|-crit|p2b: \u30d0\u30c9\u30ec\u30c3\u30af\u30b9\n|-damage|p2b: \u30d0\u30c9\u30ec\u30c3\u30af\u30b9|94\/100\n|-resisted|p2b: \u30d0\u30c9\u30ec\u30c3\u30af\u30b9\n|-crit|p2b: \u30d0\u30c9\u30ec\u30c3\u30af\u30b9\n|-damage|p2b: \u30d0\u30c9\u30ec\u30c3\u30af\u30b9|88\/100\n|-resisted|p2b: \u30d0\u30c9\u30ec\u30c3\u30af\u30b9\n|-crit|p2b: \u30d0\u30c9\u30ec\u30c3\u30af\u30b9\n|-damage|p2b: \u30d0\u30c9\u30ec\u30c3\u30af\u30b9|83\/100\n|-hitcount|p2b: \u30d0\u30c9\u30ec\u30c3\u30af\u30b9|3\n|\n|upkeep\n|\n|t:|1740090794\n|switch|p2a: \u55b7\u706b\u4fa0|Torkoal, L50, M|100\/100\n|-weather|SunnyDay|[from] ability: Drought|[of] p2a: \u55b7\u706b\u4fa0\n|turn|3\n|\n|t:|1740090813\n|switch|p1a: Incineroar|Incineroar, L50, F|100\/100\n|-ability|p1a: Incineroar|Intimidate|boost\n|-unboost|p2a: \u55b7\u706b\u4fa0|atk|1\n|-fail|p2b: \u30d0\u30c9\u30ec\u30c3\u30af\u30b9|unboost|[from] item: Clear Amulet|[of] p2b: \u30d0\u30c9\u30ec\u30c3\u30af\u30b9\n|move|p1b: Lunala|Protect|p1b: Lunala\n|-singleturn|p1b: Lunala|Protect\n|move|p2a: \u55b7\u706b\u4fa0|Eruption|p1b: Lunala|[spread] p1a\n|-activate|p1b: Lunala|move: Protect\n|-resisted|p1a: Incineroar\n|-damage|p1a: Incineroar|68\/100\n|move|p2b: \u30d0\u30c9\u30ec\u30c3\u30af\u30b9|Glacial Lance|p1b: Lunala|[spread] p1a\n|-activate|p1b: Lunala|move: Protect\n|-resisted|p1a: Incineroar\n|-damage|p1a: Incineroar|43\/100\n|\n|-weather|SunnyDay|[upkeep]\n|upkeep\n|turn|4\n|inactive|leolc0926 has 30 seconds left.\n|inactive|leolc0926 has 20 seconds left.\n|\n|t:|1740090852\n|switch|p2b: \u9e92\u9e9f\u4fa0|Farigiraf, L50, F|100\/100\n|move|p1a: Incineroar|Fake Out||[still]\n|cant|p2b: \u9e92\u9e9f\u4fa0|ability: Armor Tail|Fake Out|[of] p1a: Incineroar\n|move|p2a: \u55b7\u706b\u4fa0|Eruption|p1a: Incineroar|[spread] p1a,p1b\n|-resisted|p1a: Incineroar\n|-damage|p1a: Incineroar|8\/100\n|-damage|p1b: Lunala|22\/100\n|move|p1b: Lunala|Trick Room|p1b: Lunala\n|-fieldend|move: Trick Room\n|\n|-weather|SunnyDay|[upkeep]\n|upkeep\n|turn|5\n|inactive|firepatriley has 30 seconds left.\n|inactive|firepatriley has 20 seconds left.\n|inactive|firepatriley has 15 seconds left.\n|\n|t:|1740090893\n|move|p2a: \u55b7\u706b\u4fa0|Protect|p2a: \u55b7\u706b\u4fa0\n|-singleturn|p2a: \u55b7\u706b\u4fa0|Protect\n|move|p1b: Lunala|Moonblast|p2b: \u9e92\u9e9f\u4fa0\n|-damage|p2b: \u9e92\u9e9f\u4fa0|56\/100\n|-unboost|p2b: \u9e92\u9e9f\u4fa0|spa|1\n|move|p1a: Incineroar|Knock Off|p2b: \u9e92\u9e9f\u4fa0\n|-supereffective|p2b: \u9e92\u9e9f\u4fa0\n|-damage|p2b: \u9e92\u9e9f\u4fa0|0 fnt\n|-damage|p1a: Incineroar|0 fnt|[from] item: Rocky Helmet|[of] p2b: \u9e92\u9e9f\u4fa0\n|faint|p2b: \u9e92\u9e9f\u4fa0\n|faint|p1a: Incineroar\n|\n|-weather|SunnyDay|[upkeep]\n|upkeep\n|\n|t:|1740090907\n|switch|p1a: Rillaboom|Rillaboom, L50, M|100\/100\n|switch|p2b: \u30d0\u30c9\u30ec\u30c3\u30af\u30b9|Calyrex-Ice, L50, tera:Water|83\/100\n|-ability|p2b: \u30d0\u30c9\u30ec\u30c3\u30af\u30b9|As One\n|-ability|p2b: \u30d0\u30c9\u30ec\u30c3\u30af\u30b9|Unnerve\n|-fieldstart|move: Grassy Terrain|[from] ability: Grassy Surge|[of] p1a: Rillaboom\n|turn|6\n|\n|t:|1740090919\n|-terastallize|p1a: Rillaboom|Fire\n|move|p2b: \u30d0\u30c9\u30ec\u30c3\u30af\u30b9|Protect|p2b: \u30d0\u30c9\u30ec\u30c3\u30af\u30b9\n|-singleturn|p2b: \u30d0\u30c9\u30ec\u30c3\u30af\u30b9|Protect\n|move|p1b: Lunala|Moonblast|p2b: \u30d0\u30c9\u30ec\u30c3\u30af\u30b9\n|-activate|p2b: \u30d0\u30c9\u30ec\u30c3\u30af\u30b9|move: Protect\n|move|p1a: Rillaboom|Wood Hammer|p2b: \u30d0\u30c9\u30ec\u30c3\u30af\u30b9\n|-activate|p2b: \u30d0\u30c9\u30ec\u30c3\u30af\u30b9|move: Protect\n|move|p2a: \u55b7\u706b\u4fa0|Eruption|p1a: Rillaboom|[spread] p1a,p1b\n|-resisted|p1a: Rillaboom\n|-damage|p1a: Rillaboom|72\/100\n|-damage|p1b: Lunala|0 fnt\n|faint|p1b: Lunala\n|\n|-weather|SunnyDay|[upkeep]\n|-heal|p1a: Rillaboom|78\/100|[from] Grassy Terrain\n|-heal|p2b: \u30d0\u30c9\u30ec\u30c3\u30af\u30b9|88\/100|[from] Grassy Terrain\n|upkeep\n|\n|t:|1740090923\n|switch|p1b: Urshifu|Urshifu-Rapid-Strike, L50, F|75\/100\n|turn|7\n|\n|t:|1740090940\n|move|p1b: Urshifu|Close Combat|p2b: \u30d0\u30c9\u30ec\u30c3\u30af\u30b9\n|-damage|p2b: \u30d0\u30c9\u30ec\u30c3\u30af\u30b9|52\/100\n|-unboost|p1b: Urshifu|def|1\n|-unboost|p1b: Urshifu|spd|1\n|move|p1a: Rillaboom|Wood Hammer|p2b: \u30d0\u30c9\u30ec\u30c3\u30af\u30b9\n|-supereffective|p2b: \u30d0\u30c9\u30ec\u30c3\u30af\u30b9\n|-damage|p2b: \u30d0\u30c9\u30ec\u30c3\u30af\u30b9|0 fnt\n|faint|p2b: \u30d0\u30c9\u30ec\u30c3\u30af\u30b9\n|-damage|p1a: Rillaboom|61\/100|[from] Recoil\n|move|p2a: \u55b7\u706b\u4fa0|Eruption|p1a: Rillaboom|[spread] p1a,p1b\n|-resisted|p1a: Rillaboom\n|-resisted|p1b: Urshifu\n|-damage|p1a: Rillaboom|33\/100\n|-damage|p1b: Urshifu|0 fnt\n|faint|p1b: Urshifu\n|\n|-weather|none\n|-heal|p1a: Rillaboom|38\/100|[from] Grassy Terrain\n|upkeep\n|turn|8\n|\n|t:|1740090957\n|move|p1a: Rillaboom|Grassy Glide|p2a: \u55b7\u706b\u4fa0\n|-resisted|p2a: \u55b7\u706b\u4fa0\n|-damage|p2a: \u55b7\u706b\u4fa0|87\/100\n|move|p2a: \u55b7\u706b\u4fa0|Eruption|p1a: Rillaboom\n|-resisted|p1a: Rillaboom\n|-damage|p1a: Rillaboom|15\/100\n|\n|-heal|p1a: Rillaboom|21\/100|[from] Grassy Terrain\n|-heal|p2a: \u55b7\u706b\u4fa0|93\/100|[from] Grassy Terrain\n|upkeep\n|turn|9\n|\n|t:|1740090966\n|move|p1a: Rillaboom|Grassy Glide|p2a: \u55b7\u706b\u4fa0\n|-resisted|p2a: \u55b7\u706b\u4fa0\n|-damage|p2a: \u55b7\u706b\u4fa0|80\/100\n|move|p2a: \u55b7\u706b\u4fa0|Eruption|p1a: Rillaboom\n|-resisted|p1a: Rillaboom\n|-damage|p1a: Rillaboom|0 fnt\n|faint|p1a: Rillaboom\n|\n|win|leolc0926\n|raw|firepatriley's rating: 1587 &rarr; <strong>1566<\/strong><br \/>(-21 for losing)\n|raw|leolc0926's rating: 1564 &rarr; <strong>1585<\/strong><br \/>(+21 for winning)\n|l|\u2606firepatriley\n|player|p1|\n|c|\u2606leolc0926|gg\n|c|\u2606leolc0926|wp\n|l|\u2606leolc0926\n|player|p2|\n","uploadtime":1740090977,"views":18,"formatid":"gen9vgc2025regg","rating":1566,"private":0,"password":null}