{"id":"gen9vgc2025regg-2304053534","format":"[Gen 9] VGC 2025 Reg G","players":["GeorgeBraun","roykeenkennedy"],"log":"|j|\u2606GeorgeBraun\n|j|\u2606roykeenkennedy\n|t:|1740002599\n|gametype|doubles\n|player|p1|GeorgeBraun|fisherman-gen4|1583\n|player|p2|roykeenkennedy|alder|1634\n|teamsize|p1|6\n|teamsize|p2|6\n|gen|9\n|tier|[Gen 9] VGC 2025 Reg G\n|rated|\n|rule|Species Clause: Limit one of each Pok\u00e9mon\n|rule|Item Clause: Limit 1 of each item\n|clearpoke\n|poke|p1|Porygon2, L50|\n|poke|p1|Hitmontop, L50, M|\n|poke|p1|Kyogre, L50|\n|poke|p1|Flutter Mane, L50|\n|poke|p1|Sinistcha, L50|\n|poke|p1|Rillaboom, L50, M|\n|poke|p2|Raging Bolt, L50|\n|poke|p2|Incineroar, L50, M|\n|poke|p2|Ogerpon-Cornerstone, L50, F|\n|poke|p2|Annihilape, L50, M|\n|poke|p2|Calyrex-Ice, L50|\n|poke|p2|Amoonguss, L50, F|\n|teampreview|4\n|inactive|Battle timer is ON: inactive players will automatically lose when time's up. (requested by GeorgeBraun)\n|inactive|roykeenkennedy has 60 seconds left.\n|\n|t:|1740002633\n|start\n|switch|p1a: Porygon2|Porygon2, L50, shiny|100\/100\n|switch|p1b: Sinistcha|Sinistcha, L50|100\/100\n|switch|p2a: Amoonguss|Amoonguss, L50, F|100\/100\n|switch|p2b: Raging Bolt|Raging Bolt, L50|100\/100\n|-ability|p1a: Porygon2|Download|boost\n|-boost|p1a: Porygon2|spa|1\n|turn|1\n|\n|t:|1740002646\n|move|p2b: Raging Bolt|Snarl|p1b: Sinistcha|[spread] p1a,p1b\n|-supereffective|p1b: Sinistcha\n|-damage|p1a: Porygon2|90\/100\n|-damage|p1b: Sinistcha|67\/100\n|-unboost|p1a: Porygon2|spa|1\n|-unboost|p1b: Sinistcha|spa|1\n|move|p1b: Sinistcha|Shadow Ball|p2a: Amoonguss\n|-damage|p2a: Amoonguss|73\/100\n|move|p1a: Porygon2|Ice Beam|p2a: Amoonguss\n|-supereffective|p2a: Amoonguss\n|-damage|p2a: Amoonguss|20\/100\n|move|p2a: Amoonguss|Spore|p1a: Porygon2\n|-status|p1a: Porygon2|slp|[from] move: Spore\n|\n|upkeep\n|turn|2\n|\n|t:|1740002665\n|switch|p2a: Incineroar|Incineroar, L50, M|100\/100\n|-ability|p2a: Incineroar|Intimidate|boost\n|-unboost|p1a: Porygon2|atk|1\n|-unboost|p1b: Sinistcha|atk|1\n|move|p2b: Raging Bolt|Snarl|p1a: Porygon2|[spread] p1a,p1b\n|-supereffective|p1b: Sinistcha\n|-damage|p1a: Porygon2|80\/100 slp\n|-damage|p1b: Sinistcha|29\/100\n|-unboost|p1a: Porygon2|spa|1\n|-unboost|p1b: Sinistcha|spa|1\n|-enditem|p1b: Sinistcha|Sitrus Berry|[eat]\n|-heal|p1b: Sinistcha|54\/100|[from] item: Sitrus Berry\n|move|p1b: Sinistcha|Matcha Gotcha|p2b: Raging Bolt|[spread] p2a,p2b\n|-resisted|p2a: Incineroar\n|-resisted|p2b: Raging Bolt\n|-damage|p2a: Incineroar|94\/100\n|-heal|p1b: Sinistcha|58\/100|[from] drain|[of] p2a: Incineroar\n|-damage|p2b: Raging Bolt|96\/100\n|-heal|p1b: Sinistcha|61\/100|[from] drain|[of] p2b: Raging Bolt\n|-status|p2b: Raging Bolt|brn\n|cant|p1a: Porygon2|slp\n|\n|-damage|p2b: Raging Bolt|90\/100 brn|[from] brn\n|upkeep\n|turn|3\n|inactive|roykeenkennedy has 30 seconds left.\n|\n|t:|1740002690\n|switch|p1a: Hitmontop|Hitmontop, L50, M, shiny|100\/100\n|-ability|p1a: Hitmontop|Intimidate|boost\n|-unboost|p2a: Incineroar|atk|1\n|-unboost|p2b: Raging Bolt|atk|1\n|move|p1b: Sinistcha|Protect|p1b: Sinistcha\n|-singleturn|p1b: Sinistcha|Protect\n|move|p2b: Raging Bolt|Snarl|p1a: Hitmontop|[spread] p1a\n|-activate|p1b: Sinistcha|move: Protect\n|-resisted|p1a: Hitmontop\n|-damage|p1a: Hitmontop|92\/100\n|-unboost|p1a: Hitmontop|spa|1\n|move|p2a: Incineroar|Knock Off|p1a: Hitmontop\n|-resisted|p1a: Hitmontop\n|-damage|p1a: Hitmontop|76\/100\n|-damage|p2a: Incineroar|77\/100|[from] item: Rocky Helmet|[of] p1a: Hitmontop\n|-enditem|p1a: Hitmontop|Rocky Helmet|[from] move: Knock Off|[of] p2a: Incineroar\n|\n|-damage|p2b: Raging Bolt|85\/100 brn|[from] brn\n|upkeep\n|turn|4\n|\n|t:|1740002711\n|switch|p1b: Porygon2|Porygon2, L50, shiny|80\/100 slp\n|-ability|p1b: Porygon2|Download|boost\n|-boost|p1b: Porygon2|atk|1\n|switch|p2a: Amoonguss|Amoonguss, L50, F|54\/100\n|move|p2b: Raging Bolt|Snarl|p1a: Hitmontop|[spread] p1a,p1b\n|-resisted|p1a: Hitmontop\n|-damage|p1a: Hitmontop|68\/100\n|-damage|p1b: Porygon2|69\/100 slp\n|-unboost|p1a: Hitmontop|spa|1\n|-unboost|p1b: Porygon2|spa|1\n|move|p1a: Hitmontop|Close Combat|p2b: Raging Bolt\n|-damage|p2b: Raging Bolt|41\/100 brn\n|-unboost|p1a: Hitmontop|def|1\n|-unboost|p1a: Hitmontop|spd|1\n|\n|-damage|p2b: Raging Bolt|35\/100 brn|[from] brn\n|upkeep\n|turn|5\n|\n|t:|1740002734\n|-end|p2b: Raging Bolt|Protosynthesis|[silent]\n|switch|p2b: Calyrex|Calyrex-Ice, L50|100\/100\n|-ability|p2b: Calyrex|As One\n|-ability|p2b: Calyrex|Unnerve\n|move|p1a: Hitmontop|Close Combat|p2b: Calyrex\n|-damage|p2b: Calyrex|67\/100\n|-unboost|p1a: Hitmontop|def|1\n|-unboost|p1a: Hitmontop|spd|1\n|cant|p1b: Porygon2|slp\n|move|p2a: Amoonguss|Spore|p1a: Hitmontop\n|-status|p1a: Hitmontop|slp|[from] move: Spore\n|\n|upkeep\n|turn|6\n|inactive|roykeenkennedy has 30 seconds left.\n|\n|t:|1740002762\n|cant|p1a: Hitmontop|slp\n|cant|p1b: Porygon2|slp\n|move|p2a: Amoonguss|Pollen Puff|p2b: Calyrex\n|-heal|p2b: Calyrex|100\/100\n|move|p2b: Calyrex|Trick Room|p2b: Calyrex\n|-fieldstart|move: Trick Room|[of] p2b: Calyrex\n|\n|upkeep\n|turn|7\n|\n|t:|1740002776\n|switch|p2a: Incineroar|Incineroar, L50, M|77\/100\n|-ability|p2a: Incineroar|Intimidate|boost\n|-unboost|p1a: Hitmontop|atk|1\n|-unboost|p1b: Porygon2|atk|1\n|switch|p1a: Sinistcha|Sinistcha, L50|61\/100\n|-heal|p1b: Porygon2|94\/100 slp|[from] ability: Hospitality|[of] p1a: Sinistcha\n|move|p2b: Calyrex|High Horsepower|p1a: Sinistcha\n|-resisted|p1a: Sinistcha\n|-damage|p1a: Sinistcha|41\/100\n|-curestatus|p1b: Porygon2|slp|[msg]\n|move|p1b: Porygon2|Trick Room|p1b: Porygon2\n|-fieldend|move: Trick Room\n|\n|upkeep\n|turn|8\n|inactive|GeorgeBraun has 30 seconds left.\n|\n|t:|1740002803\n|switch|p1a: Hitmontop|Hitmontop, L50, M, shiny|68\/100 slp\n|-ability|p1a: Hitmontop|Intimidate|boost\n|-unboost|p2a: Incineroar|atk|1\n|-fail|p2b: Calyrex|unboost|[from] item: Clear Amulet|[of] p2b: Calyrex\n|move|p1b: Porygon2|Tera Blast|p2a: Incineroar\n|-damage|p2a: Incineroar|56\/100\n|move|p2b: Calyrex|Glacial Lance|p1a: Hitmontop|[spread] p1a,p1b\n|-damage|p1a: Hitmontop|0 fnt\n|-damage|p1b: Porygon2|57\/100\n|faint|p1a: Hitmontop\n|-ability|p2b: Calyrex|Chilling Neigh|boost\n|-boost|p2b: Calyrex|atk|1\n|move|p2a: Incineroar|Knock Off|p1b: Porygon2\n|-damage|p1b: Porygon2|36\/100\n|-enditem|p1b: Porygon2|Eviolite|[from] move: Knock Off|[of] p2a: Incineroar\n|\n|upkeep\n|\n|t:|1740002812\n|switch|p1a: Kyogre|Kyogre, L50|100\/100\n|-weather|RainDance|[from] ability: Drizzle|[of] p1a: Kyogre\n|turn|9\n|\n|t:|1740002834\n|switch|p2a: Amoonguss|Amoonguss, L50, F|87\/100\n|-terastallize|p2b: Calyrex|Water\n|move|p1a: Kyogre|Water Spout|p2a: Amoonguss|[spread] p2a,p2b\n|-resisted|p2a: Amoonguss\n|-resisted|p2b: Calyrex\n|-damage|p2a: Amoonguss|37\/100\n|-damage|p2b: Calyrex|67\/100\n|move|p1b: Porygon2|Recover|p1b: Porygon2\n|-heal|p1b: Porygon2|86\/100\n|move|p2b: Calyrex|Trick Room|p2b: Calyrex\n|-fieldstart|move: Trick Room|[of] p2b: Calyrex\n|\n|-weather|RainDance|[upkeep]\n|upkeep\n|turn|10\n|\n|t:|1740002859\n|move|p1a: Kyogre|Protect|p1a: Kyogre\n|-singleturn|p1a: Kyogre|Protect\n|move|p2a: Amoonguss|Spore|p1b: Porygon2\n|-status|p1b: Porygon2|slp|[from] move: Spore\n|move|p2b: Calyrex|Glacial Lance|p1b: Porygon2|[spread] p1b\n|-activate|p1a: Kyogre|move: Protect\n|-damage|p1b: Porygon2|3\/100 slp\n|cant|p1b: Porygon2|slp\n|\n|-weather|RainDance|[upkeep]\n|upkeep\n|turn|11\n|\n|t:|1740002873\n|-terastallize|p1a: Kyogre|Grass\n|move|p2a: Amoonguss|Spore|p1a: Kyogre\n|-immune|p1a: Kyogre\n|move|p2b: Calyrex|Glacial Lance|p1b: Porygon2|[spread] p1a,p1b\n|-supereffective|p1a: Kyogre\n|-damage|p1a: Kyogre|0 fnt\n|-damage|p1b: Porygon2|0 fnt\n|faint|p1a: Kyogre\n|faint|p1b: Porygon2\n|-ability|p2b: Calyrex|Chilling Neigh|boost\n|-boost|p2b: Calyrex|atk|2\n|\n|-weather|RainDance|[upkeep]\n|upkeep\n|-message|GeorgeBraun forfeited.\n|\n|win|roykeenkennedy\n|raw|GeorgeBraun's rating: 1583 &rarr; <strong>1566<\/strong><br \/>(-17 for losing)\n|raw|roykeenkennedy's rating: 1634 &rarr; <strong>1651<\/strong><br \/>(+17 for winning)\n|l|\u2606GeorgeBraun\n|player|p1|\n|l|\u2606roykeenkennedy\n|player|p2|\n","uploadtime":1740003054,"views":6,"formatid":"gen9vgc2025regg","rating":1566,"private":0,"password":null}