{"id":"gen9vgc2025regg-2304797548","format":"[Gen 9] VGC 2025 Reg G","players":["Lkizzz","ScraggyPatty"],"log":"|j|\u2606Lkizzz\n|j|\u2606ScraggyPatty\n|t:|1740099970\n|gametype|doubles\n|player|p1|Lkizzz|swimmer-gen4dp|1576\n|player|p2|ScraggyPatty|rocketgruntf|1562\n|teamsize|p1|6\n|teamsize|p2|6\n|gen|9\n|tier|[Gen 9] VGC 2025 Reg G\n|rated|\n|rule|Species Clause: Limit one of each Pok\u00e9mon\n|rule|Item Clause: Limit 1 of each item\n|clearpoke\n|poke|p1|Zamazenta-*, L50|\n|poke|p1|Chien-Pao, L50|\n|poke|p1|Raging Bolt, L50|\n|poke|p1|Flutter Mane, L50|\n|poke|p1|Chi-Yu, L50|\n|poke|p1|Amoonguss, L50, M|\n|poke|p2|Calyrex-Ice, L50|\n|poke|p2|Amoonguss, L50, M|\n|poke|p2|Farigiraf, L50, F|\n|poke|p2|Ogerpon-Wellspring, L50, F|\n|poke|p2|Iron Hands, L50|\n|poke|p2|Magmar, L50, F|\n|teampreview|4\n|\n|t:|1740100000\n|start\n|switch|p1a: Zamazenta|Zamazenta-Crowned, L50|100\/100\n|switch|p1b: Chien-Pao|Chien-Pao, L50|100\/100\n|switch|p2a: Calyrex|Calyrex-Ice, L50|100\/100\n|switch|p2b: Farigiraf|Farigiraf, L50, F|100\/100\n|-ability|p2a: Calyrex|As One\n|-ability|p2a: Calyrex|Unnerve\n|-ability|p1b: Chien-Pao|Sword of Ruin\n|-ability|p1a: Zamazenta|Dauntless Shield|boost\n|-boost|p1a: Zamazenta|def|1\n|turn|1\n|\n|t:|1740100021\n|-terastallize|p2a: Calyrex|Fire\n|move|p1b: Chien-Pao|Throat Chop|p2b: Farigiraf\n|-supereffective|p2b: Farigiraf\n|-damage|p2b: Farigiraf|8\/100\n|-start|p2b: Farigiraf|Throat Chop|[silent]\n|move|p1a: Zamazenta|Body Press|p2b: Farigiraf\n|-damage|p2b: Farigiraf|0 fnt\n|faint|p2b: Farigiraf\n|move|p2a: Calyrex|Glacial Lance|p1b: Chien-Pao|[spread] p1a,p1b\n|-resisted|p1a: Zamazenta\n|-resisted|p1b: Chien-Pao\n|-crit|p1b: Chien-Pao\n|-damage|p1a: Zamazenta|87\/100\n|-damage|p1b: Chien-Pao|44\/100\n|\n|upkeep\n|\n|t:|1740100028\n|switch|p2b: Magmar|Magmar, L50, F|100\/100\n|turn|2\n|\n|t:|1740100049\n|move|p1b: Chien-Pao|Throat Chop|p2b: Magmar\n|-damage|p2b: Magmar|67\/100\n|-start|p2b: Magmar|Throat Chop|[silent]\n|move|p1a: Zamazenta|Body Press|p2b: Magmar\n|-damage|p2b: Magmar|0 fnt\n|faint|p2b: Magmar\n|move|p2a: Calyrex|Trick Room|p2a: Calyrex\n|-fieldstart|move: Trick Room|[of] p2a: Calyrex\n|\n|upkeep\n|\n|t:|1740100054\n|switch|p2b: Ogerpon|Ogerpon-Wellspring, L50, F|100\/100\n|turn|3\n|\n|t:|1740100077\n|move|p1a: Zamazenta|Protect|p1a: Zamazenta\n|-singleturn|p1a: Zamazenta|Protect\n|move|p1b: Chien-Pao|Protect|p1b: Chien-Pao\n|-singleturn|p1b: Chien-Pao|Protect\n|move|p2a: Calyrex|High Horsepower|p1a: Zamazenta\n|-activate|p1a: Zamazenta|move: Protect\n|move|p2b: Ogerpon|Ivy Cudgel|p1a: Zamazenta|[anim] Ivy Cudgel Water\n|-activate|p1a: Zamazenta|move: Protect\n|\n|upkeep\n|turn|4\n|\n|t:|1740100095\n|-terastallize|p1a: Zamazenta|Dragon\n|move|p1a: Zamazenta|Wide Guard|p1a: Zamazenta\n|-singleturn|p1a: Zamazenta|Wide Guard\n|move|p1b: Chien-Pao|Sucker Punch|p2b: Ogerpon\n|-damage|p2b: Ogerpon|56\/100\n|move|p2a: Calyrex|High Horsepower|p1a: Zamazenta\n|-damage|p1a: Zamazenta|64\/100\n|move|p2b: Ogerpon|Ivy Cudgel|p1b: Chien-Pao|[anim] Ivy Cudgel Water\n|-damage|p1b: Chien-Pao|0 fnt\n|faint|p1b: Chien-Pao\n|\n|upkeep\n|\n|t:|1740100110\n|switch|p1b: Amoonguss|Amoonguss, L50, M|100\/100\n|turn|5\n|\n|t:|1740100122\n|move|p1a: Zamazenta|Wide Guard|p1a: Zamazenta\n|-singleturn|p1a: Zamazenta|Wide Guard\n|move|p2b: Ogerpon|Follow Me|p2b: Ogerpon\n|-singleturn|p2b: Ogerpon|move: Follow Me\n|move|p1b: Amoonguss|Pollen Puff|p2b: Ogerpon\n|-supereffective|p2b: Ogerpon\n|-damage|p2b: Ogerpon|24\/100\n|move|p2a: Calyrex|High Horsepower|p1a: Zamazenta\n|-damage|p1a: Zamazenta|48\/100\n|\n|upkeep\n|turn|6\n|\n|t:|1740100148\n|move|p2b: Ogerpon|Spiky Shield|p2b: Ogerpon\n|-singleturn|p2b: Ogerpon|move: Protect\n|move|p1a: Zamazenta|Wide Guard|p1a: Zamazenta\n|-singleturn|p1a: Zamazenta|Wide Guard\n|move|p1b: Amoonguss|Pollen Puff|p1a: Zamazenta\n|-heal|p1a: Zamazenta|98\/100\n|move|p2a: Calyrex|Glacial Lance|p1b: Amoonguss|[spread] \n|-activate|p1a: Zamazenta|move: Wide Guard\n|-activate|p1b: Amoonguss|move: Wide Guard\n|\n|-fieldend|move: Trick Room\n|upkeep\n|turn|7\n|\n|t:|1740100175\n|move|p1b: Amoonguss|Protect|p1b: Amoonguss\n|-singleturn|p1b: Amoonguss|Protect\n|move|p2b: Ogerpon|Follow Me|p2b: Ogerpon\n|-singleturn|p2b: Ogerpon|move: Follow Me\n|move|p1a: Zamazenta|Body Press|p2b: Ogerpon\n|-damage|p2b: Ogerpon|0 fnt\n|faint|p2b: Ogerpon\n|move|p2a: Calyrex|Glacial Lance|p1b: Amoonguss|[spread] p1a\n|-activate|p1b: Amoonguss|move: Protect\n|-supereffective|p1a: Zamazenta\n|-damage|p1a: Zamazenta|54\/100\n|\n|upkeep\n|turn|8\n|\n|t:|1740100190\n|move|p1a: Zamazenta|Wide Guard|p1a: Zamazenta\n|-singleturn|p1a: Zamazenta|Wide Guard\n|move|p2a: Calyrex|High Horsepower|p1b: Amoonguss\n|-crit|p1b: Amoonguss\n|-damage|p1b: Amoonguss|48\/100\n|-damage|p2a: Calyrex|84\/100|[from] item: Rocky Helmet|[of] p1b: Amoonguss\n|move|p1b: Amoonguss|Spore|p2a: Calyrex\n|-status|p2a: Calyrex|slp|[from] move: Spore\n|\n|upkeep\n|turn|9\n|\n|t:|1740100199\n|move|p1a: Zamazenta|Body Press|p2a: Calyrex\n|-damage|p2a: Calyrex|38\/100 slp\n|cant|p2a: Calyrex|slp\n|move|p1b: Amoonguss|Pollen Puff|p1a: Zamazenta\n|-heal|p1a: Zamazenta|100\/100\n|\n|upkeep\n|turn|10\n|-message|ScraggyPatty forfeited.\n|\n|win|Lkizzz\n|raw|Lkizzz's rating: 1576 &rarr; <strong>1595<\/strong><br \/>(+19 for winning)\n|raw|ScraggyPatty's rating: 1562 &rarr; <strong>1543<\/strong><br \/>(-19 for losing)\n|l|\u2606ScraggyPatty\n|player|p2|\n|l|\u2606Lkizzz\n|player|p1|\n","uploadtime":1740100411,"views":6,"formatid":"gen9vgc2025regg","rating":1543,"private":0,"password":null}