{"id":"gen9vgc2025regg-2304297943","format":"[Gen 9] VGC 2025 Reg G","players":["Snakewu","pentagonSG"],"log":"|j|\u2606Snakewu\n|j|\u2606pentagonSG\n|t:|1740038671\n|gametype|doubles\n|player|p1|Snakewu|2|1503\n|player|p2|pentagonSG|170|1619\n|teamsize|p1|6\n|teamsize|p2|6\n|gen|9\n|tier|[Gen 9] VGC 2025 Reg G\n|rated|\n|rule|Species Clause: Limit one of each Pok\u00e9mon\n|rule|Item Clause: Limit 1 of each item\n|clearpoke\n|poke|p1|Koraidon, L50|\n|poke|p1|Flutter Mane, L50|\n|poke|p1|Entei, L50|\n|poke|p1|Raging Bolt, L50|\n|poke|p1|Umbreon, L50, F|\n|poke|p1|Ogerpon-Cornerstone, L50, F|\n|poke|p2|Volcarona, L50, F|\n|poke|p2|Miraidon, L50|\n|poke|p2|Grimmsnarl, L50, M|\n|poke|p2|Okidogi, L50, M|\n|poke|p2|Iron Hands, L50|\n|poke|p2|Farigiraf, L50, F|\n|teampreview|4\n|inactive|Battle timer is ON: inactive players will automatically lose when time's up. (requested by pentagonSG)\n|inactive|Snakewu has 60 seconds left.\n|\n|t:|1740038741\n|start\n|switch|p1a: Entei|Entei, L50, shiny|100\/100\n|switch|p1b: Flutter Mane|Flutter Mane, L50, shiny|100\/100\n|switch|p2a: Miraidon|Miraidon, L50|100\/100\n|switch|p2b: Grimmsnarl|Grimmsnarl, L50, M|100\/100\n|-fieldstart|move: Electric Terrain|[from] ability: Hadron Engine|[of] p2a: Miraidon\n|turn|1\n|inactive|pentagonSG has 30 seconds left.\n|\n|t:|1740038768\n|-terastallize|p1a: Entei|Normal\n|move|p1a: Entei|Extreme Speed|p2a: Miraidon\n|-damage|p2a: Miraidon|36\/100\n|move|p2b: Grimmsnarl|Light Screen|p2b: Grimmsnarl\n|-sidestart|p2: pentagonSG|move: Light Screen\n|move|p1b: Flutter Mane|Moonblast|p2a: Miraidon\n|-supereffective|p2a: Miraidon\n|-damage|p2a: Miraidon|0 fnt\n|faint|p2a: Miraidon\n|\n|upkeep\n|\n|t:|1740038780\n|switch|p2a: Farigiraf|Farigiraf, L50, F|100\/100\n|turn|2\n|\n|t:|1740038792\n|switch|p1a: Raging Bolt|Raging Bolt, L50|100\/100\n|switch|p2b: Iron Hands|Iron Hands, L50|100\/100\n|-activate|p2b: Iron Hands|ability: Quark Drive\n|-start|p2b: Iron Hands|quarkdriveatk\n|move|p1b: Flutter Mane|Moonblast|p2b: Iron Hands\n|-supereffective|p2b: Iron Hands\n|-damage|p2b: Iron Hands|43\/100\n|-unboost|p2b: Iron Hands|spa|1\n|move|p2a: Farigiraf|Trick Room|p2a: Farigiraf\n|-fieldstart|move: Trick Room|[of] p2a: Farigiraf\n|\n|upkeep\n|turn|3\n|inactive|Snakewu has 30 seconds left.\n|inactive|pentagonSG has 30 seconds left.\n|\n|t:|1740038820\n|-terastallize|p2b: Iron Hands|Grass\n|move|p1b: Flutter Mane|Protect|p1b: Flutter Mane\n|-singleturn|p1b: Flutter Mane|Protect\n|move|p2b: Iron Hands|Rock Slide|p1a: Raging Bolt|[spread] p1a\n|-activate|p1b: Flutter Mane|move: Protect\n|-damage|p1a: Raging Bolt|71\/100\n|-damage|p2b: Iron Hands|33\/100|[from] item: Life Orb\n|move|p2a: Farigiraf|Psychic Noise|p1b: Flutter Mane\n|-activate|p1b: Flutter Mane|move: Protect\n|move|p1a: Raging Bolt|Thunderbolt|p2a: Farigiraf\n|-damage|p2a: Farigiraf|54\/100\n|\n|upkeep\n|turn|4\n|inactive|Snakewu has 30 seconds left.\n|\n|t:|1740038852\n|move|p2a: Farigiraf|Helping Hand|p2b: Iron Hands\n|-singleturn|p2b: Iron Hands|Helping Hand|[of] p2a: Farigiraf\n|move|p2b: Iron Hands|Rock Slide|p1a: Raging Bolt|[spread] p1a,p1b\n|-damage|p1a: Raging Bolt|22\/100\n|-enditem|p1b: Flutter Mane|Focus Sash\n|-damage|p1b: Flutter Mane|1\/100\n|-damage|p2b: Iron Hands|23\/100|[from] item: Life Orb\n|move|p1a: Raging Bolt|Draco Meteor|p2b: Iron Hands\n|-damage|p2b: Iron Hands|0 fnt\n|-unboost|p1a: Raging Bolt|spa|2\n|faint|p2b: Iron Hands\n|-end|p2b: Iron Hands|Quark Drive|[silent]\n|move|p1b: Flutter Mane|Moonblast|p2a: Farigiraf\n|-damage|p2a: Farigiraf|19\/100\n|-unboost|p2a: Farigiraf|spa|1\n|\n|upkeep\n|\n|t:|1740038871\n|switch|p2b: Grimmsnarl|Grimmsnarl, L50, M|100\/100\n|turn|5\n|\n|t:|1740038888\n|move|p2a: Farigiraf|Psychic Noise|p1a: Raging Bolt\n|-damage|p1a: Raging Bolt|12\/100\n|-start|p1a: Raging Bolt|move: Heal Block\n|move|p2b: Grimmsnarl|Spirit Break|p1b: Flutter Mane\n|-damage|p1b: Flutter Mane|0 fnt\n|faint|p1b: Flutter Mane\n|-end|p1b: Flutter Mane|Protosynthesis|[silent]\n|move|p1a: Raging Bolt|Volt Switch|p2b: Grimmsnarl\n|-damage|p2b: Grimmsnarl|87\/100\n|\n|t:|1740038900\n|-end|p1a: Raging Bolt|Protosynthesis|[silent]\n|switch|p1a: Entei|Entei, L50, shiny, tera:Normal|100\/100|[from] Volt Switch\n|\n|-fieldend|move: Electric Terrain\n|upkeep\n|\n|t:|1740038906\n|switch|p1b: Koraidon|Koraidon, L50|100\/100\n|-weather|SunnyDay|[from] ability: Orichalcum Pulse|[of] p1b: Koraidon\n|-activate|p1b: Koraidon|Orichalcum Pulse|[source]\n|turn|6\n|\n|t:|1740038923\n|move|p1b: Koraidon|Protect|p1b: Koraidon\n|-singleturn|p1b: Koraidon|Protect\n|move|p2a: Farigiraf|Psychic Noise|p1a: Entei\n|-damage|p1a: Entei|80\/100\n|-start|p1a: Entei|move: Heal Block\n|move|p2b: Grimmsnarl|Spirit Break|p1b: Koraidon\n|-activate|p1b: Koraidon|move: Protect\n|move|p1a: Entei|Sacred Fire|p2b: Grimmsnarl\n|-damage|p2b: Grimmsnarl|0 fnt\n|faint|p2b: Grimmsnarl\n|\n|-weather|SunnyDay|[upkeep]\n|-fieldend|move: Trick Room\n|upkeep\n|turn|7\n|\n|t:|1740038943\n|move|p1b: Koraidon|Collision Course|p2a: Farigiraf\n|-damage|p2a: Farigiraf|0 fnt\n|-damage|p1b: Koraidon|84\/100|[from] item: Rocky Helmet|[of] p2a: Farigiraf\n|faint|p2a: Farigiraf\n|\n|win|Snakewu\n|raw|Snakewu's rating: 1503 &rarr; <strong>1529<\/strong><br \/>(+26 for winning)\n|raw|pentagonSG's rating: 1619 &rarr; <strong>1593<\/strong><br \/>(-26 for losing)\n|l|\u2606pentagonSG\n|player|p2|\n|l|\u2606Snakewu\n|player|p1|\n","uploadtime":1740039204,"views":8,"formatid":"gen9vgc2025regg","rating":1529,"private":0,"password":null}