{"id":"gen9vgc2025regg-2304549972","format":"[Gen 9] VGC 2025 Reg G","players":["xatseye","pig duck eater"],"log":"|j|\u2606xatseye\n|j|\u2606pig duck eater\n|t:|1740072829\n|gametype|doubles\n|player|p1|xatseye|unknown|1697\n|player|p2|pig duck eater|101|1671\n|teamsize|p1|6\n|teamsize|p2|6\n|gen|9\n|tier|[Gen 9] VGC 2025 Reg G\n|rated|\n|rule|Species Clause: Limit one of each Pok\u00e9mon\n|rule|Item Clause: Limit 1 of each item\n|clearpoke\n|poke|p1|Miraidon, L50|\n|poke|p1|Incineroar, L50, F|\n|poke|p1|Oranguru, L50, M|\n|poke|p1|Clefairy, L50, F|\n|poke|p1|Baxcalibur, L50, F|\n|poke|p1|Whimsicott, L50, F|\n|poke|p2|Wyrdeer, L50, M|\n|poke|p2|Weezing-Galar, L50, F|\n|poke|p2|Kyogre, L50|\n|poke|p2|Indeedee-F, L50, F|\n|poke|p2|Reuniclus, L50, M|\n|poke|p2|Baxcalibur, L50, M|\n|teampreview|4\n|inactive|Battle timer is ON: inactive players will automatically lose when time's up. (requested by xatseye)\n|inactive|xatseye has 60 seconds left.\n|inactive|pig duck eater has 60 seconds left.\n|inactive|xatseye has 30 seconds left.\n|\n|t:|1740072892\n|start\n|switch|p1a: Miraidon|Miraidon, L50|100\/100\n|switch|p1b: Oranguru|Oranguru, L50, M|100\/100\n|switch|p2a: Weezing|Weezing-Galar, L50, F|100\/100\n|switch|p2b: Baxcalibur|Baxcalibur, L50, M|100\/100\n|-ability|p2a: Weezing|Neutralizing Gas\n|turn|1\n|j| BLiiNDProdiigy\n|inactive|xatseye has 30 seconds left.\n|l| BLiiNDProdiigy\n|\n|t:|1740072925\n|-terastallize|p1a: Miraidon|Electric\n|-terastallize|p2b: Baxcalibur|Poison\n|move|p1a: Miraidon|Calm Mind|p1a: Miraidon\n|-boost|p1a: Miraidon|spa|1\n|-boost|p1a: Miraidon|spd|1\n|move|p2b: Baxcalibur|Icicle Spear|p1a: Miraidon\n|-damage|p1a: Miraidon|88\/100\n|-damage|p1a: Miraidon|75\/100\n|-damage|p1a: Miraidon|63\/100\n|-damage|p1a: Miraidon|51\/100\n|-damage|p1a: Miraidon|39\/100\n|-hitcount|p1a: Miraidon|5\n|move|p2a: Weezing|Play Rough|p1a: Miraidon\n|-damage|p1a: Miraidon|14\/100\n|move|p1b: Oranguru|Instruct|p1a: Miraidon\n|-singleturn|p1a: Miraidon|move: Instruct|[of] p1b: Oranguru\n|move|p1a: Miraidon|Calm Mind|p1a: Miraidon\n|-boost|p1a: Miraidon|spa|1\n|-boost|p1a: Miraidon|spd|1\n|\n|upkeep\n|turn|2\n|inactive|xatseye has 30 seconds left.\n|inactive|pig duck eater has 30 seconds left.\n|inactive|xatseye has 20 seconds left.\n|inactive|xatseye has 15 seconds left.\n|\n|t:|1740072967\n|move|p2b: Baxcalibur|Protect|p2b: Baxcalibur\n|-singleturn|p2b: Baxcalibur|Protect\n|move|p1a: Miraidon|Parabolic Charge|p2b: Baxcalibur|[spread] p1b,p2a\n|-activate|p2b: Baxcalibur|move: Protect\n|-damage|p1b: Oranguru|54\/100\n|-heal|p1a: Miraidon|37\/100|[from] drain|[of] p1b: Oranguru\n|-damage|p2a: Weezing|44\/100\n|-heal|p1a: Miraidon|62\/100|[from] drain|[of] p2a: Weezing\n|move|p2a: Weezing|Clear Smog|p1a: Miraidon\n|-damage|p1a: Miraidon|57\/100\n|-clearboost|p1a: Miraidon\n|move|p1b: Oranguru|Instruct|p1a: Miraidon\n|-singleturn|p1a: Miraidon|move: Instruct|[of] p1b: Oranguru\n|move|p1a: Miraidon|Parabolic Charge|p2a: Weezing|[spread] p1b,p2a\n|-activate|p2b: Baxcalibur|move: Protect\n|-damage|p1b: Oranguru|29\/100\n|-heal|p1a: Miraidon|69\/100|[from] drain|[of] p1b: Oranguru\n|-damage|p2a: Weezing|17\/100\n|-heal|p1a: Miraidon|80\/100|[from] drain|[of] p2a: Weezing\n|\n|upkeep\n|turn|3\n|inactive|xatseye has 30 seconds left.\n|inactive|pig duck eater has 30 seconds left.\n|\n|t:|1740073001\n|move|p1a: Miraidon|Protect|p1a: Miraidon\n|-singleturn|p1a: Miraidon|Protect\n|move|p2b: Baxcalibur|Scale Shot|p1b: Oranguru\n|-crit|p1b: Oranguru\n|-damage|p1b: Oranguru|12\/100\n|-damage|p1b: Oranguru|0 fnt\n|faint|p1b: Oranguru\n|-hitcount|p1: Oranguru|2\n|-unboost|p2b: Baxcalibur|def|1\n|-boost|p2b: Baxcalibur|spe|1\n|move|p2a: Weezing|Gunk Shot|p1a: Miraidon\n|-activate|p1a: Miraidon|move: Protect\n|\n|upkeep\n|\n|t:|1740073013\n|switch|p1b: Incineroar|Incineroar, L50, F|100\/100\n|turn|4\n|\n|t:|1740073026\n|switch|p1b: Whimsicott|Whimsicott, L50, F|100\/100\n|move|p2b: Baxcalibur|Protect|p2b: Baxcalibur\n|-singleturn|p2b: Baxcalibur|Protect\n|move|p1a: Miraidon|Calm Mind|p1a: Miraidon\n|-boost|p1a: Miraidon|spa|1\n|-boost|p1a: Miraidon|spd|1\n|move|p2a: Weezing|Clear Smog|p1a: Miraidon\n|-damage|p1a: Miraidon|74\/100\n|-clearboost|p1a: Miraidon\n|\n|upkeep\n|turn|5\n|\n|t:|1740073045\n|move|p2b: Baxcalibur|Icicle Spear|p1b: Whimsicott\n|-supereffective|p1b: Whimsicott\n|-damage|p1b: Whimsicott|56\/100\n|-supereffective|p1b: Whimsicott\n|-damage|p1b: Whimsicott|16\/100\n|-supereffective|p1b: Whimsicott\n|-damage|p1b: Whimsicott|0 fnt\n|faint|p1b: Whimsicott\n|-hitcount|p1: Whimsicott|3\n|move|p1a: Miraidon|Calm Mind|p1a: Miraidon\n|-boost|p1a: Miraidon|spa|1\n|-boost|p1a: Miraidon|spd|1\n|move|p2a: Weezing|Clear Smog|p1a: Miraidon\n|-damage|p1a: Miraidon|66\/100\n|-clearboost|p1a: Miraidon\n|\n|upkeep\n|\n|t:|1740073058\n|switch|p1b: Incineroar|Incineroar, L50, F|100\/100\n|turn|6\n|-message|xatseye forfeited.\n|\n|win|pig duck eater\n|raw|xatseye's rating: 1697 &rarr; <strong>1676<\/strong><br \/>(-21 for losing)\n|raw|pig duck eater's rating: 1671 &rarr; <strong>1692<\/strong><br \/>(+21 for winning)\n|l|\u2606xatseye\n|player|p1|\n|l|\u2606pig duck eater\n|player|p2|\n","uploadtime":1740073266,"views":10,"formatid":"gen9vgc2025regg","rating":1676,"private":0,"password":null}