{"id":"gen9vgc2025regg-2304557573","format":"[Gen 9] VGC 2025 Reg G","players":["Ggttmmhh","mrcleggjr"],"log":"|j|\u2606Ggttmmhh\n|j|\u2606mrcleggjr\n|t:|1740073582\n|gametype|doubles\n|player|p1|Ggttmmhh|101|1703\n|player|p2|mrcleggjr|169|1608\n|teamsize|p1|6\n|teamsize|p2|6\n|gen|9\n|tier|[Gen 9] VGC 2025 Reg G\n|rated|\n|rule|Species Clause: Limit one of each Pok\u00e9mon\n|rule|Item Clause: Limit 1 of each item\n|clearpoke\n|poke|p1|Groudon, L50|\n|poke|p1|Ogerpon-Hearthflame, L50, F|\n|poke|p1|Raging Bolt, L50|\n|poke|p1|Jumpluff, L50, M|\n|poke|p1|Urshifu-*, L50, F|\n|poke|p1|Chien-Pao, L50|\n|poke|p2|Kyogre, L50|\n|poke|p2|Wo-Chien, L50|\n|poke|p2|Urshifu-*, L50, F|\n|poke|p2|Incineroar, L50, F|\n|poke|p2|Iron Jugulis, L50|\n|poke|p2|Grimmsnarl, L50, M|\n|teampreview|4\n|j| 413XP\n|inactive|Battle timer is ON: inactive players will automatically lose when time's up. (requested by mrcleggjr)\n|\n|t:|1740073638\n|start\n|switch|p1a: Jumpluff|Jumpluff, L50, M, shiny|100\/100\n|switch|p1b: Urshifu|Urshifu, L50, F|100\/100\n|switch|p2a: Incineroar|Incineroar, L50, F|100\/100\n|switch|p2b: Grimmsnarl|Grimmsnarl, L50, M|100\/100\n|-ability|p2a: Incineroar|Intimidate|boost\n|-unboost|p1a: Jumpluff|atk|1\n|-unboost|p1b: Urshifu|atk|1\n|turn|1\n|\n|t:|1740073660\n|move|p2a: Incineroar|Fake Out|p1b: Urshifu\n|-damage|p1b: Urshifu|90\/100\n|move|p2b: Grimmsnarl|Reflect|p2b: Grimmsnarl\n|-sidestart|p2: mrcleggjr|Reflect\n|move|p1a: Jumpluff|Sleep Powder|p2b: Grimmsnarl\n|-status|p2b: Grimmsnarl|slp|[from] move: Sleep Powder\n|cant|p1b: Urshifu|flinch\n|\n|upkeep\n|turn|2\n|\n|t:|1740073679\n|move|p1a: Jumpluff|Encore|p2a: Incineroar\n|-start|p2a: Incineroar|Encore\n|move|p1b: Urshifu|Wicked Blow|p2a: Incineroar\n|-resisted|p2a: Incineroar\n|-crit|p2a: Incineroar\n|-damage|p2a: Incineroar|54\/100\n|move|p2a: Incineroar|Fake Out||[still]\n|-hint|Fake Out only works on your first turn out.\n|-fail|p2a: Incineroar\n|cant|p2b: Grimmsnarl|slp\n|\n|upkeep\n|turn|3\n|\n|t:|1740073695\n|switch|p2a: Kyogre|Kyogre, L50, shiny|100\/100\n|-weather|RainDance|[from] ability: Drizzle|[of] p2a: Kyogre\n|move|p1a: Jumpluff|Tailwind|p1a: Jumpluff\n|-sidestart|p1: Ggttmmhh|move: Tailwind\n|move|p1b: Urshifu|Wicked Blow|p2a: Kyogre\n|-crit|p2a: Kyogre\n|-damage|p2a: Kyogre|26\/100\n|cant|p2b: Grimmsnarl|slp\n|\n|-weather|RainDance|[upkeep]\n|upkeep\n|turn|4\n|inactive|Ggttmmhh has 30 seconds left.\n|inactive|Ggttmmhh has 20 seconds left.\n|inactive|Ggttmmhh has 15 seconds left.\n|\n|t:|1740073739\n|switch|p2a: Incineroar|Incineroar, L50, F|54\/100\n|-ability|p2a: Incineroar|Intimidate|boost\n|-unboost|p1a: Jumpluff|atk|1\n|-unboost|p1b: Urshifu|atk|1\n|move|p1a: Jumpluff|Rage Powder|p1a: Jumpluff\n|-singleturn|p1a: Jumpluff|move: Rage Powder\n|move|p1b: Urshifu|Wicked Blow|p2a: Incineroar\n|-resisted|p2a: Incineroar\n|-crit|p2a: Incineroar\n|-damage|p2a: Incineroar|11\/100\n|-curestatus|p2b: Grimmsnarl|slp|[msg]\n|move|p2b: Grimmsnarl|Spirit Break|p1a: Jumpluff\n|-damage|p1a: Jumpluff|60\/100\n|\n|-weather|RainDance|[upkeep]\n|upkeep\n|turn|5\n|\n|t:|1740073760\n|-terastallize|p1b: Urshifu|Ghost\n|move|p2a: Incineroar|Fake Out|p1a: Jumpluff\n|-damage|p1a: Jumpluff|46\/100\n|move|p1a: Jumpluff|Sleep Powder|p2b: Grimmsnarl|[miss]\n|-miss|p1a: Jumpluff|p2b: Grimmsnarl\n|move|p1b: Urshifu|Wicked Blow|p2a: Incineroar\n|-resisted|p2a: Incineroar\n|-crit|p2a: Incineroar\n|-damage|p2a: Incineroar|0 fnt\n|faint|p2a: Incineroar\n|move|p2b: Grimmsnarl|Spirit Break|p1b: Urshifu\n|-damage|p1b: Urshifu|57\/100\n|-unboost|p1b: Urshifu|spa|1\n|\n|-weather|RainDance|[upkeep]\n|upkeep\n|\n|t:|1740073781\n|switch|p2a: Wo-Chien|Wo-Chien, L50|100\/100\n|-ability|p2a: Wo-Chien|Tablets of Ruin\n|turn|6\n|\n|t:|1740073801\n|switch|p1b: Chien-Pao|Chien-Pao, L50|100\/100\n|-ability|p1b: Chien-Pao|Sword of Ruin\n|move|p2b: Grimmsnarl|Thunder Wave|p1a: Jumpluff\n|-status|p1a: Jumpluff|par\n|cant|p1a: Jumpluff|par\n|move|p2a: Wo-Chien|Foul Play|p1b: Chien-Pao\n|-resisted|p1b: Chien-Pao\n|-damage|p1b: Chien-Pao|68\/100\n|\n|-weather|RainDance|[upkeep]\n|-sideend|p1: Ggttmmhh|move: Tailwind\n|upkeep\n|turn|7\n|\n|t:|1740073822\n|move|p2a: Wo-Chien|Protect|p2a: Wo-Chien\n|-singleturn|p2a: Wo-Chien|Protect\n|move|p1b: Chien-Pao|Ice Spinner|p2a: Wo-Chien\n|-activate|p2a: Wo-Chien|move: Protect\n|move|p1a: Jumpluff|Sleep Powder|p2b: Grimmsnarl|[miss]\n|-miss|p1a: Jumpluff|p2b: Grimmsnarl\n|move|p2b: Grimmsnarl|Spirit Break|p1b: Chien-Pao\n|-supereffective|p1b: Chien-Pao\n|-damage|p1b: Chien-Pao|0 fnt\n|faint|p1b: Chien-Pao\n|\n|-weather|none\n|upkeep\n|\n|t:|1740073832\n|switch|p1b: Urshifu|Urshifu, L50, F, tera:Ghost|57\/100\n|turn|8\n|inactive|Ggttmmhh has 30 seconds left.\n|\n|t:|1740073858\n|cant|p1a: Jumpluff|par\n|move|p1b: Urshifu|U-turn|p2a: Wo-Chien\n|-supereffective|p2a: Wo-Chien\n|-damage|p2a: Wo-Chien|32\/100\n|\n|t:|1740073862\n|switch|p1b: Groudon|Groudon, L50|100\/100|[from] U-turn\n|-weather|SunnyDay|[from] ability: Drought|[of] p1b: Groudon\n|move|p2a: Wo-Chien|Foul Play|p1b: Groudon\n|-damage|p1b: Groudon|61\/100\n|move|p2b: Grimmsnarl|Spirit Break|p1a: Jumpluff\n|-damage|p1a: Jumpluff|15\/100 par\n|\n|-weather|SunnyDay|[upkeep]\n|-heal|p2a: Wo-Chien|39\/100|[from] item: Leftovers\n|-sideend|p2: mrcleggjr|Reflect\n|upkeep\n|turn|9\n|inactive|Ggttmmhh has 30 seconds left.\n|inactive|Ggttmmhh has 20 seconds left.\n|\n|t:|1740073897\n|move|p2a: Wo-Chien|Protect|p2a: Wo-Chien\n|-singleturn|p2a: Wo-Chien|Protect\n|move|p2b: Grimmsnarl|Reflect|p2b: Grimmsnarl\n|-sidestart|p2: mrcleggjr|Reflect\n|move|p1a: Jumpluff|Sleep Powder|p2b: Grimmsnarl\n|-status|p2b: Grimmsnarl|slp|[from] move: Sleep Powder\n|move|p1b: Groudon|Heat Crash|p2a: Wo-Chien\n|-activate|p2a: Wo-Chien|move: Protect\n|\n|-weather|SunnyDay|[upkeep]\n|-heal|p2a: Wo-Chien|45\/100|[from] item: Leftovers\n|upkeep\n|turn|10\n|\n|t:|1740073919\n|switch|p2a: Kyogre|Kyogre, L50, shiny|26\/100\n|-weather|RainDance|[from] ability: Drizzle|[of] p2a: Kyogre\n|move|p1b: Groudon|Precipice Blades|p2a: Kyogre|[spread] p2a,p2b\n|-damage|p2a: Kyogre|0 fnt\n|-damage|p2b: Grimmsnarl|66\/100 slp\n|faint|p2a: Kyogre\n|move|p1a: Jumpluff|Encore|p2b: Grimmsnarl\n|-start|p2b: Grimmsnarl|Encore\n|cant|p2b: Grimmsnarl|slp\n|\n|-weather|RainDance|[upkeep]\n|upkeep\n|\n|t:|1740073932\n|switch|p2a: Wo-Chien|Wo-Chien, L50|45\/100\n|-ability|p2a: Wo-Chien|Tablets of Ruin\n|turn|11\n|inactive|Ggttmmhh has 30 seconds left.\n|\n|t:|1740073961\n|switch|p1a: Urshifu|Urshifu, L50, F, tera:Ghost|57\/100\n|-curestatus|p2b: Grimmsnarl|slp|[msg]\n|move|p2b: Grimmsnarl|Reflect||[still]\n|-fail|p2b: Grimmsnarl\n|move|p1b: Groudon|Precipice Blades|p2a: Wo-Chien|[spread] p2a,p2b\n|-resisted|p2a: Wo-Chien\n|-damage|p2a: Wo-Chien|33\/100\n|-damage|p2b: Grimmsnarl|39\/100\n|move|p2a: Wo-Chien|Foul Play|p1b: Groudon\n|-damage|p1b: Groudon|17\/100\n|\n|-weather|RainDance|[upkeep]\n|-heal|p2a: Wo-Chien|39\/100|[from] item: Leftovers\n|upkeep\n|turn|12\n|\n|t:|1740073984\n|move|p2b: Grimmsnarl|Reflect||[still]\n|-fail|p2b: Grimmsnarl\n|move|p1a: Urshifu|U-turn|p2a: Wo-Chien\n|-supereffective|p2a: Wo-Chien\n|-damage|p2a: Wo-Chien|0 fnt\n|faint|p2a: Wo-Chien\n|\n|t:|1740073989\n|switch|p1a: Jumpluff|Jumpluff, L50, M, shiny|15\/100 par|[from] U-turn\n|move|p1b: Groudon|Precipice Blades|p2b: Grimmsnarl\n|-damage|p2b: Grimmsnarl|0 fnt\n|faint|p2b: Grimmsnarl\n|\n|win|Ggttmmhh\n|raw|Ggttmmhh's rating: 1703 &rarr; <strong>1718<\/strong><br \/>(+15 for winning)\n|raw|mrcleggjr's rating: 1608 &rarr; <strong>1593<\/strong><br \/>(-15 for losing)\n|l|\u2606mrcleggjr\n|player|p2|\n|l|\u2606Ggttmmhh\n|player|p1|\n|l| 413XP\n","uploadtime":1740074233,"views":6,"formatid":"gen9vgc2025regg","rating":1593,"private":0,"password":null}