{"id":"gen9vgc2025regg-2304478275","format":"[Gen 9] VGC 2025 Reg G","players":["413XP","Hikawari"],"log":"|j|\u2606413XP\n|j|\u2606Hikawari\n|t:|1740065682\n|gametype|doubles\n|player|p1|413XP|1|1608\n|player|p2|Hikawari|1|1709\n|teamsize|p1|6\n|teamsize|p2|6\n|gen|9\n|tier|[Gen 9] VGC 2025 Reg G\n|rated|\n|rule|Species Clause: Limit one of each Pok\u00e9mon\n|rule|Item Clause: Limit 1 of each item\n|clearpoke\n|poke|p1|Miraidon, L50|\n|poke|p1|Farigiraf, L50, M|\n|poke|p1|Torkoal, L50, F|\n|poke|p1|Ursaluna, L50, M|\n|poke|p1|Chi-Yu, L50|\n|poke|p1|Raging Bolt, L50|\n|poke|p2|Zamazenta-*, L50|\n|poke|p2|Chi-Yu, L50|\n|poke|p2|Rillaboom, L50, F|\n|poke|p2|Flutter Mane, L50|\n|poke|p2|Chien-Pao, L50|\n|poke|p2|Amoonguss, L50, M|\n|teampreview|4\n|inactive|Battle timer is ON: inactive players will automatically lose when time's up. (requested by Hikawari)\n|inactive|413XP has 60 seconds left.\n|j| faceless_knigght\n|inactive|413XP has 30 seconds left.\nHikawari has agreed to open team sheets.\n|inactive|413XP has 20 seconds left.\n|inactive|413XP has 15 seconds left.\n|inactive|413XP has 10 seconds left.\n|inactive|413XP has 5 seconds left.\n|\n|t:|1740065776\n|start\n|switch|p1a: Miraidon|Miraidon, L50|100\/100\n|switch|p1b: Farigiraf|Farigiraf, L50, M|100\/100\n|switch|p2a: Zamazenta|Zamazenta-Crowned, L50|100\/100\n|switch|p2b: Chien-Pao|Chien-Pao, L50|100\/100\n|-fieldstart|move: Electric Terrain|[from] ability: Hadron Engine|[of] p1a: Miraidon\n|-enditem|p1b: Farigiraf|Electric Seed\n|-boost|p1b: Farigiraf|def|1|[from] item: Electric Seed\n|-ability|p2b: Chien-Pao|Sword of Ruin\n|-ability|p2a: Zamazenta|Dauntless Shield|boost\n|-boost|p2a: Zamazenta|def|1\n|turn|1\n|\n|t:|1740065791\n|move|p2b: Chien-Pao|Protect|p2b: Chien-Pao\n|-singleturn|p2b: Chien-Pao|Protect\n|move|p2a: Zamazenta|Protect|p2a: Zamazenta\n|-singleturn|p2a: Zamazenta|Protect\n|move|p1a: Miraidon|Volt Switch|p2b: Chien-Pao\n|-activate|p2b: Chien-Pao|move: Protect\n|move|p1b: Farigiraf|Trick Room|p1b: Farigiraf\n|-fieldstart|move: Trick Room|[of] p1b: Farigiraf\n|\n|upkeep\n|turn|2\n|inactive|413XP has 30 seconds left.\n|\n|t:|1740065824\n|move|p1b: Farigiraf|Foul Play|p2b: Chien-Pao\n|-resisted|p2b: Chien-Pao\n|-damage|p2b: Chien-Pao|79\/100\n|move|p2a: Zamazenta|Body Press|p1a: Miraidon\n|-damage|p1a: Miraidon|0 fnt\n|faint|p1a: Miraidon\n|move|p2b: Chien-Pao|Icicle Crash|p1b: Farigiraf|[miss]\n|-miss|p2b: Chien-Pao|p1b: Farigiraf\n|\n|upkeep\n|\n|t:|1740065826\n|switch|p1a: Torkoal|Torkoal, L50, F|100\/100\n|-weather|SunnyDay|[from] ability: Drought|[of] p1a: Torkoal\n|-item|p1a: Torkoal|Air Balloon\n|turn|3\n|j| jasonrfry3\n|\n|t:|1740065846\n|switch|p1b: Ursaluna|Ursaluna, L50, M|100\/100\n|move|p2a: Zamazenta|Protect|p2a: Zamazenta\n|-singleturn|p2a: Zamazenta|Protect\n|move|p2b: Chien-Pao|Protect|p2b: Chien-Pao\n|-singleturn|p2b: Chien-Pao|Protect\n|move|p1a: Torkoal|Overheat|p2b: Chien-Pao\n|-activate|p2b: Chien-Pao|move: Protect\n|\n|-weather|SunnyDay|[upkeep]\n|-status|p1b: Ursaluna|brn|[from] item: Flame Orb\n|upkeep\n|turn|4\n|\n|t:|1740065867\n|-terastallize|p2a: Zamazenta|Dragon\n|move|p2b: Chien-Pao|Sucker Punch|p1a: Torkoal\n|-damage|p1a: Torkoal|61\/100\n|-enditem|p1a: Torkoal|Air Balloon\n|move|p1a: Torkoal|Eruption|p2a: Zamazenta|[spread] p2a,p2b\n|-resisted|p2a: Zamazenta\n|-supereffective|p2b: Chien-Pao\n|-damage|p2a: Zamazenta|85\/100\n|-damage|p2b: Chien-Pao|0 fnt\n|faint|p2b: Chien-Pao\n|move|p1b: Ursaluna|Facade|p2a: Zamazenta\n|-damage|p2a: Zamazenta|40\/100\n|move|p2a: Zamazenta|Body Press|p1a: Torkoal\n|-damage|p1a: Torkoal|3\/100\n|\n|-weather|SunnyDay|[upkeep]\n|-damage|p1b: Ursaluna|95\/100 brn|[from] brn\n|upkeep\n|\n|t:|1740065876\n|switch|p2b: Flutter Mane|Flutter Mane, L50|100\/100\n|-activate|p2b: Flutter Mane|ability: Protosynthesis\n|-start|p2b: Flutter Mane|protosynthesisspe\n|turn|5\n|\n|t:|1740065881\n|move|p2a: Zamazenta|Protect|p2a: Zamazenta\n|-singleturn|p2a: Zamazenta|Protect\n|move|p2b: Flutter Mane|Protect|p2b: Flutter Mane\n|-singleturn|p2b: Flutter Mane|Protect\n|move|p1a: Torkoal|Overheat|p2b: Flutter Mane\n|-activate|p2b: Flutter Mane|move: Protect\n|move|p1b: Ursaluna|Facade|p2a: Zamazenta\n|-activate|p2a: Zamazenta|move: Protect\n|\n|-weather|SunnyDay|[upkeep]\n|-damage|p1b: Ursaluna|89\/100 brn|[from] brn\n|-fieldend|move: Trick Room\n|-fieldend|move: Electric Terrain\n|upkeep\n|turn|6\n|inactive|Hikawari has 30 seconds left.\n|\n|t:|1740065909\n|move|p1b: Ursaluna|Protect|p1b: Ursaluna\n|-singleturn|p1b: Ursaluna|Protect\n|move|p1a: Torkoal|Protect|p1a: Torkoal\n|-singleturn|p1a: Torkoal|Protect\n|move|p2b: Flutter Mane|Moonblast|p1b: Ursaluna\n|-activate|p1b: Ursaluna|move: Protect\n|move|p2a: Zamazenta|Body Press|p1b: Ursaluna\n|-activate|p1b: Ursaluna|move: Protect\n|\n|-weather|SunnyDay|[upkeep]\n|-damage|p1b: Ursaluna|83\/100 brn|[from] brn\n|upkeep\n|turn|7\n|\n|t:|1740065923\n|-terastallize|p1b: Ursaluna|Ghost\n|move|p2b: Flutter Mane|Moonblast|p1b: Ursaluna\n|-damage|p1b: Ursaluna|42\/100 brn\n|move|p2a: Zamazenta|Body Press|p1b: Ursaluna\n|-immune|p1b: Ursaluna\n|move|p1b: Ursaluna|Facade|p2a: Zamazenta\n|-damage|p2a: Zamazenta|0 fnt\n|faint|p2a: Zamazenta\n|move|p1a: Torkoal|Overheat|p2b: Flutter Mane\n|-damage|p2b: Flutter Mane|5\/100\n|-unboost|p1a: Torkoal|spa|2\n|\n|-weather|none\n|-end|p2b: Flutter Mane|Protosynthesis\n|-damage|p1b: Ursaluna|36\/100 brn|[from] brn\n|upkeep\n|-enditem|p2b: Flutter Mane|Booster Energy\n|-activate|p2b: Flutter Mane|ability: Protosynthesis|[fromitem]\n|-start|p2b: Flutter Mane|protosynthesisspe\n|\n|t:|1740065925\n|switch|p2a: Rillaboom|Rillaboom, L50, F|100\/100\n|-fieldstart|move: Grassy Terrain|[from] ability: Grassy Surge|[of] p2a: Rillaboom\n|turn|8\n|\n|t:|1740065941\n|move|p1b: Ursaluna|Protect|p1b: Ursaluna\n|-singleturn|p1b: Ursaluna|Protect\n|move|p2b: Flutter Mane|Moonblast|p1a: Torkoal\n|-resisted|p1a: Torkoal\n|-damage|p1a: Torkoal|0 fnt\n|faint|p1a: Torkoal\n|move|p2a: Rillaboom|Wood Hammer|p1b: Ursaluna\n|-activate|p1b: Ursaluna|move: Protect\n|\n|-heal|p2b: Flutter Mane|11\/100|[from] Grassy Terrain\n|-heal|p1b: Ursaluna|42\/100 brn|[from] Grassy Terrain\n|-damage|p1b: Ursaluna|36\/100 brn|[from] brn\n|upkeep\n|\n|t:|1740065944\n|switch|p1a: Farigiraf|Farigiraf, L50, M|100\/100\n|turn|9\n|\n|t:|1740065950\n|move|p1b: Ursaluna|Protect|p1b: Ursaluna\n|-singleturn|p1b: Ursaluna|Protect\n|move|p2b: Flutter Mane|Shadow Ball|p1b: Ursaluna\n|-activate|p1b: Ursaluna|move: Protect\n|move|p2a: Rillaboom|Wood Hammer|p1a: Farigiraf\n|-damage|p1a: Farigiraf|44\/100\n|-damage|p2a: Rillaboom|80\/100|[from] Recoil\n|move|p1a: Farigiraf|Trick Room|p1a: Farigiraf\n|-fieldstart|move: Trick Room|[of] p1a: Farigiraf\n|\n|-heal|p1b: Ursaluna|42\/100 brn|[from] Grassy Terrain\n|-heal|p1a: Farigiraf|50\/100|[from] Grassy Terrain\n|-heal|p2a: Rillaboom|86\/100|[from] Grassy Terrain\n|-heal|p2b: Flutter Mane|17\/100|[from] Grassy Terrain\n|-damage|p1b: Ursaluna|36\/100 brn|[from] brn\n|upkeep\n|turn|10\n|\n|t:|1740065961\n|move|p2b: Flutter Mane|Protect|p2b: Flutter Mane\n|-singleturn|p2b: Flutter Mane|Protect\n|move|p1b: Ursaluna|Facade|p2a: Rillaboom\n|-damage|p2a: Rillaboom|0 fnt\n|faint|p2a: Rillaboom\n|move|p1a: Farigiraf|Psychic Noise|p2b: Flutter Mane\n|-activate|p2b: Flutter Mane|move: Protect\n|\n|-heal|p1b: Ursaluna|42\/100 brn|[from] Grassy Terrain\n|-heal|p1a: Farigiraf|56\/100|[from] Grassy Terrain\n|-heal|p2b: Flutter Mane|24\/100|[from] Grassy Terrain\n|-damage|p1b: Ursaluna|36\/100 brn|[from] brn\n|upkeep\n|turn|11\n|-message|Hikawari forfeited.\n|\n|win|413XP\n|raw|413XP's rating: 1608 &rarr; <strong>1634<\/strong><br \/>(+26 for winning)\n|raw|Hikawari's rating: 1709 &rarr; <strong>1683<\/strong><br \/>(-26 for losing)\n|l|\u2606Hikawari\n|player|p2|\n|l| jasonrfry3\n|l| faceless_knigght\n","uploadtime":1740065970,"views":6,"formatid":"gen9vgc2025regg","rating":1634,"private":0,"password":null}