{"id":"gen9vgc2025regg-2304193913","format":"[Gen 9] VGC 2025 Reg G","players":["jasonrfry3","psychicmesprit"],"log":"|j|\u2606jasonrfry3\n|j|\u2606psychicmesprit\n|t:|1740020399\n|gametype|doubles\n|player|p1|jasonrfry3|266|1548\n|player|p2|psychicmesprit|palmer|1573\n|teamsize|p1|6\n|teamsize|p2|6\n|gen|9\n|tier|[Gen 9] VGC 2025 Reg G\n|rated|\n|rule|Species Clause: Limit one of each Pok\u00e9mon\n|rule|Item Clause: Limit 1 of each item\n|clearpoke\n|poke|p1|Mimikyu, L50, F|\n|poke|p1|Enamorus-Therian, L50, F|\n|poke|p1|Okidogi, L50, M|\n|poke|p1|Calyrex-Ice, L50|\n|poke|p1|Ogerpon-Cornerstone, L50, F|\n|poke|p1|Whimsicott, L50, F|\n|poke|p2|Kyogre, L50|\n|poke|p2|Tornadus, L50, M|\n|poke|p2|Farigiraf, L50, M|\n|poke|p2|Landorus, L50, M|\n|poke|p2|Gallade, L50, M|\n|poke|p2|Urshifu-*, L50, F|\n|teampreview|4\n|inactive|Battle timer is ON: inactive players will automatically lose when time's up. (requested by psychicmesprit)\n|inactive|psychicmesprit has 60 seconds left.\n|\n|t:|1740020444\n|start\n|switch|p1a: Mimikyu|Mimikyu, L50, F, shiny|100\/100\n|switch|p1b: Ogerpon|Ogerpon-Cornerstone, L50, F|100\/100\n|switch|p2a: Tornadus|Tornadus, L50, M|100\/100\n|switch|p2b: Landorus|Landorus, L50, M|100\/100\n|turn|1\n|j| Tormentador\n|\n|t:|1740020463\n|move|p1b: Ogerpon|Ivy Cudgel|p2a: Tornadus|[anim] Ivy Cudgel Rock\n|-supereffective|p2a: Tornadus\n|-enditem|p2a: Tornadus|Focus Sash\n|-damage|p2a: Tornadus|1\/100\n|move|p2a: Tornadus|Hurricane|p1b: Ogerpon\n|-damage|p1b: Ogerpon|25\/100\n|move|p2b: Landorus|Sludge Bomb|p1b: Ogerpon\n|-damage|p1b: Ogerpon|0 fnt\n|faint|p1b: Ogerpon\n|move|p1a: Mimikyu|Trick Room|p1a: Mimikyu\n|-fieldstart|move: Trick Room|[of] p1a: Mimikyu\n|\n|upkeep\n|\n|t:|1740020467\n|switch|p1b: Calyrex|Calyrex-Ice, L50|100\/100\n|-ability|p1b: Calyrex|As One\n|-ability|p1b: Calyrex|Unnerve\n|turn|2\n|\n|t:|1740020484\n|move|p2a: Tornadus|Protect|p2a: Tornadus\n|-singleturn|p2a: Tornadus|Protect\n|move|p2b: Landorus|Protect|p2b: Landorus\n|-singleturn|p2b: Landorus|Protect\n|move|p1b: Calyrex|Glacial Lance|p2a: Tornadus|[spread] \n|-activate|p2a: Tornadus|move: Protect\n|-activate|p2b: Landorus|move: Protect\n|move|p1a: Mimikyu|Curse|p2b: Landorus\n|-start|p2b: Landorus|Curse|[of] p1a: Mimikyu\n|-damage|p1a: Mimikyu|50\/100\n|\n|-damage|p2b: Landorus|76\/100|[from] Curse\n|upkeep\n|turn|3\n|\n|t:|1740020499\n|switch|p1a: Enamorus|Enamorus-Therian, L50, F|100\/100\n|-terastallize|p2b: Landorus|Water\n|move|p2a: Tornadus|Rain Dance|p2a: Tornadus\n|-weather|RainDance\n|move|p1b: Calyrex|Glacial Lance|p2b: Landorus|[spread] p2a,p2b\n|-supereffective|p2a: Tornadus\n|-resisted|p2b: Landorus\n|-damage|p2a: Tornadus|0 fnt\n|-damage|p2b: Landorus|43\/100\n|faint|p2a: Tornadus\n|-ability|p1b: Calyrex|Chilling Neigh|boost\n|-boost|p1b: Calyrex|atk|1\n|move|p2b: Landorus|Sandsear Storm|p1b: Calyrex|[spread] p1b\n|-immune|p1a: Enamorus\n|-damage|p1b: Calyrex|53\/100\n|\n|-weather|RainDance|[upkeep]\n|-damage|p2b: Landorus|18\/100|[from] Curse\n|upkeep\n|\n|t:|1740020513\n|switch|p2a: Kyogre|Kyogre, L50|100\/100\n|turn|4\n|\n|t:|1740020518\n|switch|p2b: Farigiraf|Farigiraf, L50, M|100\/100\n|-terastallize|p1a: Enamorus|Fairy\n|move|p1a: Enamorus|Dazzling Gleam|p2a: Kyogre|[spread] p2a,p2b\n|-damage|p2a: Kyogre|50\/100\n|-damage|p2b: Farigiraf|55\/100\n|-damage|p1a: Enamorus|91\/100|[from] item: Life Orb\n|move|p1b: Calyrex|Close Combat|p2a: Kyogre\n|-damage|p2a: Kyogre|0 fnt\n|-unboost|p1b: Calyrex|def|1\n|-unboost|p1b: Calyrex|spd|1\n|faint|p2a: Kyogre\n|-ability|p1b: Calyrex|Chilling Neigh|boost\n|-boost|p1b: Calyrex|atk|1\n|\n|-weather|RainDance|[upkeep]\n|upkeep\n|j| KooksVGC\n|\n|t:|1740020528\n|switch|p2a: Landorus|Landorus, L50, M, tera:Water|18\/100\n|turn|5\n|\n|t:|1740020533\n|move|p2a: Landorus|Protect|p2a: Landorus\n|-singleturn|p2a: Landorus|Protect\n|move|p1a: Enamorus|Dazzling Gleam|p2a: Landorus|[spread] p2b\n|-activate|p2a: Landorus|move: Protect\n|-damage|p2b: Farigiraf|9\/100\n|-damage|p1a: Enamorus|81\/100|[from] item: Life Orb\n|move|p1b: Calyrex|Glacial Lance|p2a: Landorus|[spread] p2b\n|-activate|p2a: Landorus|move: Protect\n|-damage|p2b: Farigiraf|0 fnt\n|faint|p2b: Farigiraf\n|-ability|p1b: Calyrex|Chilling Neigh|boost\n|-boost|p1b: Calyrex|atk|1\n|\n|-weather|RainDance|[upkeep]\n|-fieldend|move: Trick Room\n|upkeep\n|turn|6\n|\n|t:|1740020545\n|move|p2a: Landorus|Sludge Bomb|p1a: Enamorus\n|-supereffective|p1a: Enamorus\n|-damage|p1a: Enamorus|0 fnt\n|faint|p1a: Enamorus\n|move|p1b: Calyrex|Glacial Lance|p2a: Landorus\n|-resisted|p2a: Landorus\n|-damage|p2a: Landorus|0 fnt\n|faint|p2a: Landorus\n|\n|win|jasonrfry3\n|raw|jasonrfry3's rating: 1548 &rarr; <strong>1569<\/strong><br \/>(+21 for winning)\n|raw|psychicmesprit's rating: 1573 &rarr; <strong>1552<\/strong><br \/>(-21 for losing)\n|l|\u2606psychicmesprit\n|player|p2|\n|l|\u2606jasonrfry3\n|player|p1|\n","uploadtime":1740020554,"views":6,"formatid":"gen9vgc2025regg","rating":1552,"private":0,"password":null}