{"id":"gen9vgc2025regg-2304658210","format":"[Gen 9] VGC 2025 Reg G","players":["Bayo93","btest0011"],"log":"|j|\u2606Bayo93\n|j|\u2606btest0011\n|t:|1740083676\n|gametype|doubles\n|player|p1|Bayo93|102|1518\n|player|p2|btest0011|101|1639\n|teamsize|p1|6\n|teamsize|p2|6\n|gen|9\n|tier|[Gen 9] VGC 2025 Reg G\n|rated|\n|rule|Species Clause: Limit one of each Pok\u00e9mon\n|rule|Item Clause: Limit 1 of each item\n|clearpoke\n|poke|p1|Groudon, L50|\n|poke|p1|Flutter Mane, L50|\n|poke|p1|Whimsicott, L50, M|\n|poke|p1|Chi-Yu, L50|\n|poke|p1|Raging Bolt, L50|\n|poke|p1|Clefairy, L50, F|\n|poke|p2|Calyrex-Ice, L50|\n|poke|p2|Urshifu-*, L50, M|\n|poke|p2|Pelipper, L50, F|\n|poke|p2|Amoonguss, L50, M|\n|poke|p2|Iron Valiant, L50|\n|poke|p2|Landorus, L50, M|\n|teampreview|4\n|inactive|Battle timer is ON: inactive players will automatically lose when time's up. (requested by btest0011)\n|inactive|Bayo93 also wants the timer to be on.\n|inactive|Bayo93 has 60 seconds left.\n|j| tetsuokaga\n|\n|t:|1740083718\n|start\n|switch|p1a: Flutter Mane|Flutter Mane, L50|100\/100\n|switch|p1b: Raging Bolt|Raging Bolt, L50|100\/100\n|switch|p2a: Landorus|Landorus, L50, M|100\/100\n|switch|p2b: Calyrex|Calyrex-Ice, L50|100\/100\n|-ability|p2b: Calyrex|As One\n|-ability|p2b: Calyrex|Unnerve\n|turn|1\n|inactive|Bayo93 has 30 seconds left.\n|inactive|btest0011 has 30 seconds left.\n|inactive|Bayo93 has 20 seconds left.\n|inactive|Bayo93 has 15 seconds left.\n|inactive|Bayo93 has 10 seconds left.\n|\n|t:|1740083764\n|-end|p1b: Raging Bolt|Protosynthesis|[silent]\n|switch|p1b: Clefairy|Clefairy, L50, F|100\/100\n|-terastallize|p1a: Flutter Mane|Fairy\n|-terastallize|p2b: Calyrex|Grass\n|move|p2a: Landorus|Earth Power|p1b: Clefairy\n|-damage|p1b: Clefairy|51\/100\n|move|p1a: Flutter Mane|Dazzling Gleam|p2b: Calyrex|[spread] p2a,p2b\n|-damage|p2a: Landorus|23\/100\n|-damage|p2b: Calyrex|62\/100\n|move|p2b: Calyrex|Trick Room|p2b: Calyrex\n|-fieldstart|move: Trick Room|[of] p2b: Calyrex\n|\n|upkeep\n|turn|2\n|l| tetsuokaga\n|j| tetsuokaga\n|inactive|btest0011 has 30 seconds left.\n|\n|t:|1740083790\n|move|p1b: Clefairy|Helping Hand|p1a: Flutter Mane\n|-singleturn|p1a: Flutter Mane|Helping Hand|[of] p1b: Clefairy\n|move|p2b: Calyrex|Protect|p2b: Calyrex\n|-singleturn|p2b: Calyrex|Protect\n|move|p1a: Flutter Mane|Dazzling Gleam|p2a: Landorus|[spread] p2a\n|-activate|p2b: Calyrex|move: Protect\n|-damage|p2a: Landorus|0 fnt\n|faint|p2a: Landorus\n|\n|upkeep\n|\n|t:|1740083799\n|switch|p2a: Pelipper|Pelipper, L50, F|100\/100\n|-weather|RainDance|[from] ability: Drizzle|[of] p2a: Pelipper\n|turn|3\n|inactive|Bayo93 has 30 seconds left.\n|inactive|Bayo93 has 20 seconds left.\n|inactive|Bayo93 has 15 seconds left.\n|inactive|Bayo93 has 10 seconds left.\n|inactive|Bayo93 has 5 seconds left.\n|\n|t:|1740083852\n|-end|p1a: Flutter Mane|Protosynthesis|[silent]\n|switch|p1a: Groudon|Groudon, L50|100\/100\n|-weather|SunnyDay|[from] ability: Drought|[of] p1a: Groudon\n|move|p1b: Clefairy|Protect|p1b: Clefairy\n|-singleturn|p1b: Clefairy|Protect\n|move|p2a: Pelipper|Wide Guard|p2a: Pelipper\n|-singleturn|p2a: Pelipper|Wide Guard\n|move|p2b: Calyrex|Glacial Lance|p1a: Groudon|[spread] p1a\n|-activate|p1b: Clefairy|move: Protect\n|-supereffective|p1a: Groudon\n|-damage|p1a: Groudon|32\/100\n|\n|-weather|SunnyDay|[upkeep]\n|upkeep\n|turn|4\n|inactive|Bayo93 has 30 seconds left.\n|inactive|Bayo93 has 20 seconds left.\n|inactive|btest0011 has 30 seconds left.\n|\n|t:|1740083891\n|switch|p2a: Iron Valiant|Iron Valiant, L50, shiny|100\/100\n|-enditem|p2a: Iron Valiant|Booster Energy\n|-activate|p2a: Iron Valiant|ability: Quark Drive|[fromitem]\n|-start|p2a: Iron Valiant|quarkdrivespe\n|switch|p1a: Raging Bolt|Raging Bolt, L50|100\/100\n|-activate|p1a: Raging Bolt|ability: Protosynthesis\n|-start|p1a: Raging Bolt|protosynthesisspa\n|move|p2b: Calyrex|Protect|p2b: Calyrex\n|-singleturn|p2b: Calyrex|Protect\n|move|p1b: Clefairy|Follow Me|p1b: Clefairy\n|-singleturn|p1b: Clefairy|move: Follow Me\n|\n|-weather|SunnyDay|[upkeep]\n|upkeep\n|turn|5\n|inactive|Bayo93 has 30 seconds left.\n|j| mr pogostick\n|inactive|Bayo93 has 20 seconds left.\n|inactive|Bayo93 has 15 seconds left.\n|j| 413XP\n|\n|t:|1740083935\n|move|p1b: Clefairy|Helping Hand|p1a: Raging Bolt\n|-singleturn|p1a: Raging Bolt|Helping Hand|[of] p1b: Clefairy\n|move|p2b: Calyrex|Glacial Lance|p1a: Raging Bolt|[spread] p1a,p1b\n|-supereffective|p1a: Raging Bolt\n|-crit|p1b: Clefairy\n|-damage|p1a: Raging Bolt|19\/100\n|-damage|p1b: Clefairy|0 fnt\n|faint|p1b: Clefairy\n|-ability|p2b: Calyrex|Chilling Neigh|boost\n|-boost|p2b: Calyrex|atk|1\n|move|p1a: Raging Bolt|Draco Meteor|p2b: Calyrex\n|-damage|p2b: Calyrex|0 fnt\n|-unboost|p1a: Raging Bolt|spa|2\n|faint|p2b: Calyrex\n|move|p2a: Iron Valiant|Coaching|p2: Calyrex|[notarget]\n|-fail|p2a: Iron Valiant\n|\n|-weather|SunnyDay|[upkeep]\n|-fieldend|move: Trick Room\n|upkeep\n|inactive|Bayo93 has 30 seconds left.\n|l| mr pogostick\n|\n|t:|1740083962\n|switch|p2b: Pelipper|Pelipper, L50, F|100\/100\n|switch|p1b: Flutter Mane|Flutter Mane, L50, tera:Fairy|100\/100\n|-weather|RainDance|[from] ability: Drizzle|[of] p2b: Pelipper\n|-end|p1a: Raging Bolt|Protosynthesis\n|turn|6\n|\n|t:|1740083974\n|-end|p1a: Raging Bolt|Protosynthesis|[silent]\n|switch|p1a: Groudon|Groudon, L50|32\/100\n|-weather|SunnyDay|[from] ability: Drought|[of] p1a: Groudon\n|-activate|p1b: Flutter Mane|ability: Protosynthesis\n|-start|p1b: Flutter Mane|protosynthesisspe\n|move|p1b: Flutter Mane|Moonblast|p2a: Iron Valiant\n|-supereffective|p2a: Iron Valiant\n|-damage|p2a: Iron Valiant|0 fnt\n|faint|p2a: Iron Valiant\n|-end|p2a: Iron Valiant|Quark Drive|[silent]\n|move|p2b: Pelipper|Weather Ball|p1a: Groudon\n|-damage|p1a: Groudon|0 fnt\n|faint|p1a: Groudon\n|-damage|p2b: Pelipper|91\/100|[from] item: Life Orb\n|\n|-weather|SunnyDay|[upkeep]\n|upkeep\n|\n|t:|1740083990\n|switch|p1a: Raging Bolt|Raging Bolt, L50|19\/100\n|-activate|p1a: Raging Bolt|ability: Protosynthesis\n|-start|p1a: Raging Bolt|protosynthesisspa\n|turn|7\n|c|\u2606Bayo93|Coach it cmon\n|c|\u2606btest0011|gg\n|c|\u2606btest0011|ya stupid play\n|\n|t:|1740084003\n|move|p1a: Raging Bolt|Thunderclap|p2b: Pelipper\n|-supereffective|p2b: Pelipper\n|-damage|p2b: Pelipper|0 fnt\n|faint|p2b: Pelipper\n|\n|win|Bayo93\n|raw|Bayo93's rating: 1518 &rarr; <strong>1545<\/strong><br \/>(+27 for winning)\n|raw|btest0011's rating: 1639 &rarr; <strong>1612<\/strong><br \/>(-27 for losing)\n|c|\u2606btest0011|ragrets\n|l| tetsuokaga\n","uploadtime":1740084008,"views":10,"formatid":"gen9vgc2025regg","rating":1545,"private":0,"password":null}