{"id":"gen9vgc2025regg-2304059277","format":"[Gen 9] VGC 2025 Reg G","players":["2190175p","xatseye"],"log":"|j|\u26062190175p\n|j|\u2606xatseye\n|t:|1740003253\n|gametype|doubles\n|player|p1|2190175p|courtney|1703\n|player|p2|xatseye|unknown|1705\n|teamsize|p1|6\n|teamsize|p2|6\n|gen|9\n|tier|[Gen 9] VGC 2025 Reg G\n|rated|\n|rule|Species Clause: Limit one of each Pok\u00e9mon\n|rule|Item Clause: Limit 1 of each item\n|clearpoke\n|poke|p1|Calyrex-Ice, L50|\n|poke|p1|Torkoal, L50, M|\n|poke|p1|Urshifu-*, L50, M|\n|poke|p1|Indeedee-F, L50, F|\n|poke|p1|Raging Bolt, L50|\n|poke|p1|Flutter Mane, L50|\n|poke|p2|Miraidon, L50|\n|poke|p2|Incineroar, L50, M|\n|poke|p2|Oranguru, L50, F|\n|poke|p2|Clefairy, L50, M|\n|poke|p2|Baxcalibur, L50, M|\n|poke|p2|Whimsicott, L50, F|\n|teampreview|4\n|inactive|Battle timer is ON: inactive players will automatically lose when time's up. (requested by xatseye)\n|inactive|xatseye has 60 seconds left.\n|\n|t:|1740003286\n|start\n|switch|p1a: Calyrex|Calyrex-Ice, L50|100\/100\n|switch|p1b: Flutter Mane|Flutter Mane, L50|100\/100\n|switch|p2a: Incineroar|Incineroar, L50, M|100\/100\n|switch|p2b: Oranguru|Oranguru, L50, F|100\/100\n|-ability|p1a: Calyrex|As One\n|-ability|p1a: Calyrex|Unnerve\n|-ability|p2a: Incineroar|Intimidate|boost\n|-fail|p1a: Calyrex|unboost|[from] item: Clear Amulet|[of] p1a: Calyrex\n|-unboost|p1b: Flutter Mane|atk|1\n|-enditem|p1b: Flutter Mane|Booster Energy\n|-activate|p1b: Flutter Mane|ability: Protosynthesis|[fromitem]\n|-start|p1b: Flutter Mane|protosynthesisspe\n|turn|1\n|inactive|xatseye has 30 seconds left.\n|\n|t:|1740003320\n|-terastallize|p1a: Calyrex|Grass\n|move|p2a: Incineroar|Fake Out|p1a: Calyrex\n|-damage|p1a: Calyrex|94\/100\n|move|p1b: Flutter Mane|Taunt|p2a: Incineroar\n|-start|p2a: Incineroar|move: Taunt\n|move|p2b: Oranguru|Taunt|p1b: Flutter Mane\n|-start|p1b: Flutter Mane|move: Taunt\n|cant|p1a: Calyrex|flinch\n|\n|upkeep\n|turn|2\n|\n|t:|1740003337\n|move|p1b: Flutter Mane|Moonblast|p2a: Incineroar\n|-damage|p2a: Incineroar|62\/100\n|move|p2a: Incineroar|Flare Blitz|p1a: Calyrex\n|-supereffective|p1a: Calyrex\n|-damage|p1a: Calyrex|30\/100\n|-damage|p2a: Incineroar|40\/100|[from] Recoil\n|move|p2b: Oranguru|Foul Play|p1a: Calyrex\n|-damage|p1a: Calyrex|2\/100\n|move|p1a: Calyrex|Trick Room|p1a: Calyrex\n|-fieldstart|move: Trick Room|[of] p1a: Calyrex\n|\n|upkeep\n|turn|3\n|\n|t:|1740003362\n|switch|p1a: Torkoal|Torkoal, L50, M|100\/100\n|-enditem|p2a: Incineroar|Sitrus Berry|[eat]\n|-heal|p2a: Incineroar|65\/100|[from] item: Sitrus Berry\n|-activate|p2b: Oranguru|ability: Symbiosis|Covert Cloak|[of] p2a: Incineroar\n|-weather|SunnyDay|[from] ability: Drought|[of] p1a: Torkoal\n|move|p2b: Oranguru|Encore||[still]\n|-fail|p2b: Oranguru\n|move|p2a: Incineroar|Knock Off|p1b: Flutter Mane\n|-damage|p1b: Flutter Mane|48\/100\n|move|p1b: Flutter Mane|Moonblast|p2a: Incineroar\n|-damage|p2a: Incineroar|23\/100\n|\n|-weather|SunnyDay|[upkeep]\n|upkeep\n|turn|4\n|inactive|xatseye has 30 seconds left.\n|inactive|xatseye has 20 seconds left.\n|\n|t:|1740003398\n|-end|p1b: Flutter Mane|Protosynthesis|[silent]\n|switch|p1b: Calyrex|Calyrex-Ice, L50, tera:Grass|2\/100\n|-ability|p1b: Calyrex|As One\n|-ability|p1b: Calyrex|Unnerve\n|move|p1a: Torkoal|Eruption|p2b: Oranguru|[spread] p2a,p2b\n|-resisted|p2a: Incineroar\n|-damage|p2a: Incineroar|0 fnt\n|-damage|p2b: Oranguru|26\/100\n|faint|p2a: Incineroar\n|move|p2b: Oranguru|Foul Play|p1a: Torkoal\n|-damage|p1a: Torkoal|89\/100\n|\n|-weather|SunnyDay|[upkeep]\n|upkeep\n|\n|t:|1740003409\n|switch|p2a: Miraidon|Miraidon, L50|100\/100\n|-fieldstart|move: Electric Terrain|[from] ability: Hadron Engine|[of] p2a: Miraidon\n|-enditem|p2a: Miraidon|Electric Seed\n|-boost|p2a: Miraidon|def|1|[from] item: Electric Seed\n|turn|5\n|\n|t:|1740003422\n|move|p2a: Miraidon|Protect|p2a: Miraidon\n|-singleturn|p2a: Miraidon|Protect\n|move|p1a: Torkoal|Eruption|p2b: Oranguru|[spread] p2b\n|-activate|p2a: Miraidon|move: Protect\n|-damage|p2b: Oranguru|0 fnt\n|faint|p2b: Oranguru\n|move|p1b: Calyrex|Glacial Lance|p2a: Miraidon\n|-activate|p2a: Miraidon|move: Protect\n|\n|-weather|SunnyDay|[upkeep]\n|upkeep\n|\n|t:|1740003431\n|switch|p2b: Clefairy|Clefairy, L50, M|100\/100\n|turn|6\n|\n|t:|1740003442\n|move|p1a: Torkoal|Eruption|p2b: Clefairy|[spread] p2a,p2b\n|-resisted|p2a: Miraidon\n|-damage|p2a: Miraidon|72\/100\n|-damage|p2b: Clefairy|39\/100\n|move|p1b: Calyrex|Glacial Lance|p2b: Clefairy|[spread] p2a,p2b\n|-supereffective|p2a: Miraidon\n|-damage|p2a: Miraidon|16\/100\n|-damage|p2b: Clefairy|0 fnt\n|faint|p2b: Clefairy\n|-ability|p1b: Calyrex|Chilling Neigh|boost\n|-boost|p1b: Calyrex|atk|1\n|move|p2a: Miraidon|Parabolic Charge|p1a: Torkoal|[spread] p1a,p1b\n|-resisted|p1b: Calyrex\n|-damage|p1a: Torkoal|33\/100\n|-heal|p2a: Miraidon|41\/100|[from] drain|[of] p1a: Torkoal\n|-damage|p1b: Calyrex|0 fnt\n|-heal|p2a: Miraidon|42\/100|[from] drain|[of] p1b: Calyrex\n|faint|p1b: Calyrex\n|\n|-weather|SunnyDay|[upkeep]\n|-fieldend|move: Trick Room\n|upkeep\n|j| PoggibonsiCity\n|\n|t:|1740003457\n|switch|p1b: Flutter Mane|Flutter Mane, L50|48\/100\n|-activate|p1b: Flutter Mane|ability: Protosynthesis\n|-start|p1b: Flutter Mane|protosynthesisspe\n|turn|7\n|\n|t:|1740003462\n|switch|p1a: Raging Bolt|Raging Bolt, L50|100\/100\n|-activate|p1a: Raging Bolt|ability: Protosynthesis\n|-start|p1a: Raging Bolt|protosynthesisspa\n|-terastallize|p2a: Miraidon|Electric\n|move|p1b: Flutter Mane|Moonblast|p2a: Miraidon\n|-damage|p2a: Miraidon|8\/100\n|move|p2a: Miraidon|Parabolic Charge|p1a: Raging Bolt|[spread] p1a,p1b\n|-resisted|p1a: Raging Bolt\n|-damage|p1a: Raging Bolt|93\/100\n|-heal|p2a: Miraidon|12\/100|[from] drain|[of] p1a: Raging Bolt\n|-damage|p1b: Flutter Mane|0 fnt\n|-heal|p2a: Miraidon|29\/100|[from] drain|[of] p1b: Flutter Mane\n|faint|p1b: Flutter Mane\n|-end|p1b: Flutter Mane|Protosynthesis|[silent]\n|\n|-weather|none\n|-end|p1a: Raging Bolt|Protosynthesis\n|upkeep\n|\n|t:|1740003466\n|switch|p1b: Torkoal|Torkoal, L50, M|33\/100\n|-weather|SunnyDay|[from] ability: Drought|[of] p1b: Torkoal\n|-activate|p1a: Raging Bolt|ability: Protosynthesis\n|-start|p1a: Raging Bolt|protosynthesisspa\n|turn|8\n|\n|t:|1740003485\n|move|p2a: Miraidon|Parabolic Charge|p1b: Torkoal|[spread] p1a,p1b\n|-resisted|p1a: Raging Bolt\n|-crit|p1b: Torkoal\n|-damage|p1a: Raging Bolt|84\/100\n|-heal|p2a: Miraidon|34\/100|[from] drain|[of] p1a: Raging Bolt\n|-damage|p1b: Torkoal|0 fnt\n|-heal|p2a: Miraidon|49\/100|[from] drain|[of] p1b: Torkoal\n|faint|p1b: Torkoal\n|move|p1a: Raging Bolt|Draco Meteor|p2a: Miraidon\n|-damage|p2a: Miraidon|0 fnt\n|-unboost|p1a: Raging Bolt|spa|2\n|faint|p2a: Miraidon\n|\n|win|2190175p\n|raw|2190175p's rating: 1703 &rarr; <strong>1723<\/strong><br \/>(+20 for winning)\n|raw|xatseye's rating: 1705 &rarr; <strong>1685<\/strong><br \/>(-20 for losing)\n|l|\u2606xatseye\n|player|p2|\n|l|\u26062190175p\n|player|p1|\n","uploadtime":1740003624,"views":8,"formatid":"gen9vgc2025regg","rating":1685,"private":0,"password":null}