{"id":"gen9vgc2025regg-2304368418","format":"[Gen 9] VGC 2025 Reg G","players":["friedfish24","popporion"],"log":"|j|\u2606friedfish24\n|j|\u2606popporion\n|t:|1740051599\n|gametype|doubles\n|player|p1|friedfish24|li|1538\n|player|p2|popporion|firebreather|1656\n|teamsize|p1|6\n|teamsize|p2|6\n|gen|9\n|tier|[Gen 9] VGC 2025 Reg G\n|rated|\n|rule|Species Clause: Limit one of each Pok\u00e9mon\n|rule|Item Clause: Limit 1 of each item\n|clearpoke\n|poke|p1|Calyrex-Ice, L50|\n|poke|p1|Whimsicott, L50, M|\n|poke|p1|Landorus, L50, M|\n|poke|p1|Chi-Yu, L50|\n|poke|p1|Torkoal, L50, F|\n|poke|p1|Iron Hands, L50|\n|poke|p2|Brute Bonnet, L50|\n|poke|p2|Ogerpon-Wellspring, L50, F|\n|poke|p2|Farigiraf, L50, F|\n|poke|p2|Annihilape, L50, M|\n|poke|p2|Calyrex-Ice, L50|\n|poke|p2|Regieleki, L50|\n|teampreview|4\n|j| tetsuokaga\n|\n|t:|1740051642\n|start\n|switch|p1a: Whimsicott|Whimsicott, L50, M, shiny|100\/100\n|switch|p1b: Chi-Yu|Chi-Yu, L50|100\/100\n|switch|p2a: Annihilape|Annihilape, L50, M|100\/100\n|switch|p2b: Farigiraf|Farigiraf, L50, F|100\/100\n|-ability|p1b: Chi-Yu|Beads of Ruin\n|turn|1\n|inactive|Battle timer is ON: inactive players will automatically lose when time's up. (requested by popporion)\n|\n|t:|1740051669\n|-terastallize|p2b: Farigiraf|Water\n|move|p2a: Annihilape|Final Gambit|p1b: Chi-Yu\n|-damage|p1b: Chi-Yu|0 fnt\n|faint|p2a: Annihilape\n|faint|p1b: Chi-Yu\n|move|p1a: Whimsicott|Trick Room|p1a: Whimsicott\n|-fieldstart|move: Trick Room|[of] p1a: Whimsicott\n|move|p2b: Farigiraf|Trick Room|p2b: Farigiraf\n|-fieldend|move: Trick Room\n|\n|upkeep\n|\n|t:|1740051677\n|switch|p1b: Calyrex|Calyrex-Ice, L50|100\/100\n|switch|p2a: Calyrex|Calyrex-Ice, L50|100\/100\n|-ability|p1b: Calyrex|As One\n|-ability|p1b: Calyrex|Unnerve\n|-ability|p2a: Calyrex|As One\n|-ability|p2a: Calyrex|Unnerve\n|turn|2\n|\n|t:|1740051702\n|move|p1b: Calyrex|Seed Bomb|p2b: Farigiraf\n|-supereffective|p2b: Farigiraf\n|-damage|p2b: Farigiraf|10\/100\n|move|p2a: Calyrex|Glacial Lance|p1b: Calyrex|[spread] p1a,p1b\n|-supereffective|p1a: Whimsicott\n|-resisted|p1b: Calyrex\n|-enditem|p1a: Whimsicott|Focus Sash\n|-damage|p1a: Whimsicott|1\/100\n|-damage|p1b: Calyrex|79\/100\n|move|p2b: Farigiraf|Foul Play|p1b: Calyrex\n|-supereffective|p1b: Calyrex\n|-damage|p1b: Calyrex|20\/100\n|move|p1a: Whimsicott|Trick Room|p1a: Whimsicott\n|-fieldstart|move: Trick Room|[of] p1a: Whimsicott\n|\n|upkeep\n|turn|3\n|inactive|friedfish24 has 30 seconds left.\n|inactive|popporion has 30 seconds left.\n|\n|t:|1740051730\n|move|p2b: Farigiraf|Foul Play|p1b: Calyrex\n|-supereffective|p1b: Calyrex\n|-damage|p1b: Calyrex|0 fnt\n|faint|p1b: Calyrex\n|move|p1a: Whimsicott|Moonblast|p2a: Calyrex\n|-damage|p2a: Calyrex|83\/100\n|-unboost|p2a: Calyrex|spa|1\n|move|p2a: Calyrex|Trick Room|p2a: Calyrex\n|-fieldend|move: Trick Room\n|\n|upkeep\n|\n|t:|1740051732\n|switch|p1b: Torkoal|Torkoal, L50, F|100\/100\n|-weather|SunnyDay|[from] ability: Drought|[of] p1b: Torkoal\n|turn|4\n|\n|t:|1740051747\n|-terastallize|p1b: Torkoal|Fire\n|move|p2a: Calyrex|Protect|p2a: Calyrex\n|-singleturn|p2a: Calyrex|Protect\n|move|p1a: Whimsicott|Moonblast|p2b: Farigiraf\n|-damage|p2b: Farigiraf|0 fnt\n|faint|p2b: Farigiraf\n|move|p1b: Torkoal|Heat Wave|p2a: Calyrex\n|-activate|p2a: Calyrex|move: Protect\n|\n|-weather|SunnyDay|[upkeep]\n|upkeep\n|\n|t:|1740051757\n|switch|p2b: Brute Bonnet|Brute Bonnet, L50|100\/100\n|-activate|p2b: Brute Bonnet|ability: Protosynthesis\n|-start|p2b: Brute Bonnet|protosynthesisdef\n|turn|5\n|\n|t:|1740051775\n|move|p1a: Whimsicott|Encore|p2a: Calyrex\n|-start|p2a: Calyrex|Encore\n|move|p2a: Calyrex|Protect||[still]\n|-fail|p2a: Calyrex\n|move|p2b: Brute Bonnet|Spore|p1b: Torkoal\n|-status|p1b: Torkoal|slp|[from] move: Spore\n|cant|p1b: Torkoal|slp\n|\n|-weather|SunnyDay|[upkeep]\n|upkeep\n|turn|6\n|\n|t:|1740051788\n|move|p2a: Calyrex|Protect|p2a: Calyrex\n|-singleturn|p2a: Calyrex|Protect\n|move|p1a: Whimsicott|Moonblast|p2b: Brute Bonnet\n|-supereffective|p2b: Brute Bonnet\n|-damage|p2b: Brute Bonnet|58\/100\n|-unboost|p2b: Brute Bonnet|spa|1\n|move|p2b: Brute Bonnet|Seed Bomb|p1a: Whimsicott\n|-resisted|p1a: Whimsicott\n|-damage|p1a: Whimsicott|0 fnt\n|faint|p1a: Whimsicott\n|cant|p1b: Torkoal|slp\n|\n|-weather|SunnyDay|[upkeep]\n|upkeep\n|turn|7\n|\n|t:|1740051811\n|move|p2a: Calyrex|Protect|p2a: Calyrex\n|-singleturn|p2a: Calyrex|Protect\n|move|p2b: Brute Bonnet|Clear Smog|p1b: Torkoal\n|-damage|p1b: Torkoal|92\/100 slp\n|-clearboost|p1b: Torkoal\n|cant|p1b: Torkoal|slp\n|\n|-weather|SunnyDay|[upkeep]\n|-end|p2a: Calyrex|Encore\n|upkeep\n|turn|8\n|\n|t:|1740051826\n|move|p2a: Calyrex|High Horsepower|p1b: Torkoal\n|-supereffective|p1b: Torkoal\n|-damage|p1b: Torkoal|25\/100 slp\n|move|p2b: Brute Bonnet|Clear Smog|p1b: Torkoal\n|-damage|p1b: Torkoal|17\/100 slp\n|-clearboost|p1b: Torkoal\n|-curestatus|p1b: Torkoal|slp|[msg]\n|move|p1b: Torkoal|Heat Wave|p2b: Brute Bonnet|[spread] p2a,p2b\n|-supereffective|p2a: Calyrex\n|-supereffective|p2b: Brute Bonnet\n|-damage|p2a: Calyrex|0 fnt\n|-damage|p2b: Brute Bonnet|0 fnt\n|faint|p2a: Calyrex\n|faint|p2b: Brute Bonnet\n|-end|p2b: Brute Bonnet|Protosynthesis|[silent]\n|\n|win|friedfish24\n|raw|friedfish24's rating: 1538 &rarr; <strong>1565<\/strong><br \/>(+27 for winning)\n|raw|popporion's rating: 1656 &rarr; <strong>1629<\/strong><br \/>(-27 for losing)\n|l|\u2606friedfish24\n|player|p1|\n|l|\u2606popporion\n|player|p2|\n|l| tetsuokaga\n","uploadtime":1740052005,"views":5,"formatid":"gen9vgc2025regg","rating":1565,"private":0,"password":null}