{"id":"gen9vgc2025regg-2304176790","format":"[Gen 9] VGC 2025 Reg G","players":["stbai","ManuelvgDios"],"log":"|j|\u2606stbai\n|j|\u2606ManuelvgDios\n|t:|1740018041\n|gametype|doubles\n|player|p1|stbai|janitor|1610\n|player|p2|ManuelvgDios|acetrainercouple|1552\n|teamsize|p1|6\n|teamsize|p2|6\n|gen|9\n|tier|[Gen 9] VGC 2025 Reg G\n|rated|\n|rule|Species Clause: Limit one of each Pok\u00e9mon\n|rule|Item Clause: Limit 1 of each item\n|clearpoke\n|poke|p1|Tatsugiri-Droopy, L50, F|\n|poke|p1|Terapagos, L50, M|\n|poke|p1|Weezing-Galar, L50, M|\n|poke|p1|Latios, L50, M|\n|poke|p1|Entei, L50|\n|poke|p1|Dondozo, L50, M|\n|poke|p2|Glimmora, L50, F|\n|poke|p2|Mienshao, L50, M|\n|poke|p2|Clefairy, L50, F|\n|poke|p2|Rillaboom, L50, F|\n|poke|p2|Incineroar, L50, M|\n|poke|p2|Necrozma-Dawn-Wings, L50|\n|teampreview|4\n|inactive|Battle timer is ON: inactive players will automatically lose when time's up. (requested by stbai)\n|inactive|ManuelvgDios has 60 seconds left.\n|\n|t:|1740018081\n|start\n|switch|p1a: Terapagos|Terapagos, L50, M|100\/100\n|switch|p1b: Latios|Latios, L50, M|100\/100\n|switch|p2a: Pinky|Clefairy, L50, F|100\/100\n|switch|p2b: Necrozma|Necrozma-Dawn-Wings, L50|100\/100\n|-activate|p1a: Terapagos|ability: Tera Shift\n|detailschange|p1a: Terapagos|Terapagos-Terastal, L50, M\n|-heal|p1a: Terapagos|100\/100|[silent]\n|turn|1\n|\n|t:|1740018101\n|move|p1b: Latios|Luster Purge|p2a: Pinky\n|-damage|p2a: Pinky|68\/100\n|move|p1a: Terapagos|Tera Starstorm|p2a: Pinky\n|-damage|p2a: Pinky|27\/100\n|move|p2b: Necrozma|Calm Mind|p2b: Necrozma\n|-boost|p2b: Necrozma|spa|1\n|-boost|p2b: Necrozma|spd|1\n|move|p2a: Pinky|Life Dew||[still]|[spread] p2a,p2b\n|-heal|p2a: Pinky|52\/100\n|-fail|p2b: Necrozma|heal\n|\n|upkeep\n|turn|2\n|\n|t:|1740018118\n|move|p2a: Pinky|Protect|p2a: Pinky\n|-singleturn|p2a: Pinky|Protect\n|move|p1b: Latios|Luster Purge|p2b: Necrozma\n|-resisted|p2b: Necrozma\n|-damage|p2b: Necrozma|93\/100\n|-unboost|p2b: Necrozma|spd|1\n|move|p1a: Terapagos|Tera Starstorm|p2a: Pinky\n|-activate|p2a: Pinky|move: Protect\n|move|p2b: Necrozma|Moongeist Beam|p1b: Latios\n|-supereffective|p1b: Latios\n|-damage|p1b: Latios|0 fnt\n|faint|p1b: Latios\n|\n|-heal|p2b: Necrozma|99\/100|[from] item: Leftovers\n|upkeep\n|\n|t:|1740018124\n|switch|p1b: Dondozo|Dondozo, L50, M|100\/100\n|turn|3\n|inactive|ManuelvgDios has 30 seconds left.\n|inactive|ManuelvgDios has 20 seconds left.\n|inactive|ManuelvgDios has 15 seconds left.\n|\n|t:|1740018165\n|switch|p2a: Donkey Kong|Rillaboom, L50, F|100\/100\n|-fieldstart|move: Grassy Terrain|[from] ability: Grassy Surge|[of] p2a: Donkey Kong\n|-terastallize|p1a: Terapagos|Stellar\n|detailschange|p1a: Terapagos|Terapagos-Stellar, L50, M, tera:Stellar\n|-heal|p1a: Terapagos|100\/100|[silent]\n|-ability|p1a: Terapagos|Teraform Zero\n|-fieldend|move: Grassy Terrain\n|move|p1a: Terapagos|Tera Starstorm|p2b: Necrozma|[spread] p2a,p2b\n|-damage|p2a: Donkey Kong|57\/100\n|-damage|p2b: Necrozma|71\/100\n|move|p2b: Necrozma|Moongeist Beam|p1b: Dondozo\n|-damage|p1b: Dondozo|30\/100\n|move|p1b: Dondozo|Substitute|p1b: Dondozo\n|-start|p1b: Dondozo|Substitute\n|-damage|p1b: Dondozo|5\/100\n|\n|-heal|p2b: Necrozma|76\/100|[from] item: Leftovers\n|-heal|p1b: Dondozo|11\/100|[from] item: Leftovers\n|upkeep\n|turn|4\n|j| God of restricted\n|inactive|ManuelvgDios has 30 seconds left.\n|\n|t:|1740018190\n|move|p2a: Donkey Kong|Protect|p2a: Donkey Kong\n|-singleturn|p2a: Donkey Kong|Protect\n|move|p1b: Dondozo|Protect|p1b: Dondozo\n|-singleturn|p1b: Dondozo|Protect\n|move|p1a: Terapagos|Dark Pulse|p2b: Necrozma\n|-supereffective|p2b: Necrozma\n|-damage|p2b: Necrozma|3\/100\n|move|p2b: Necrozma|Moongeist Beam|p1b: Dondozo\n|-activate|p1b: Dondozo|move: Protect\n|\n|-heal|p2b: Necrozma|9\/100|[from] item: Leftovers\n|-heal|p1b: Dondozo|17\/100|[from] item: Leftovers\n|upkeep\n|turn|5\n|\n|t:|1740018210\n|switch|p2a: Achlis|Glimmora, L50, F|100\/100\n|move|p2b: Necrozma|Protect|p2b: Necrozma\n|-singleturn|p2b: Necrozma|Protect\n|move|p1a: Terapagos|Tera Starstorm|p2b: Necrozma|[spread] p2a\n|-activate|p2b: Necrozma|move: Protect\n|-damage|p2a: Achlis|73\/100\n|move|p1b: Dondozo|Order Up|p2a: Achlis\n|-damage|p2a: Achlis|54\/100\n|-activate|p2a: Achlis|ability: Toxic Debris\n|-sidestart|p1: stbai|move: Toxic Spikes\n|\n|-heal|p2b: Necrozma|15\/100|[from] item: Leftovers\n|-heal|p1b: Dondozo|23\/100|[from] item: Leftovers\n|upkeep\n|turn|6\n|inactive|ManuelvgDios has 30 seconds left.\n|\n|t:|1740018238\n|switch|p2b: Pinky|Clefairy, L50, F|52\/100\n|move|p1b: Dondozo|Protect|p1b: Dondozo\n|-singleturn|p1b: Dondozo|Protect\n|move|p1a: Terapagos|Tera Starstorm|p2a: Achlis|[spread] p2a,p2b\n|-damage|p2a: Achlis|31\/100\n|-damage|p2b: Pinky|12\/100\n|move|p2a: Achlis|Mortal Spin|p1b: Dondozo|[spread] p1a\n|-activate|p1b: Dondozo|move: Protect\n|-damage|p1a: Terapagos|98\/100\n|-status|p1a: Terapagos|psn\n|\n|-heal|p1b: Dondozo|29\/100|[from] item: Leftovers\n|-damage|p1a: Terapagos|86\/100 psn|[from] psn\n|upkeep\n|turn|7\n|inactive|ManuelvgDios has 30 seconds left.\n|\n|t:|1740018271\n|move|p2b: Pinky|Protect|p2b: Pinky\n|-singleturn|p2b: Pinky|Protect\n|move|p1a: Terapagos|Tera Starstorm|p2b: Pinky|[spread] p2a\n|-activate|p2b: Pinky|move: Protect\n|-damage|p2a: Achlis|3\/100\n|move|p2a: Achlis|Sludge Bomb|p1b: Dondozo\n|-end|p1b: Dondozo|Substitute\n|move|p1b: Dondozo|Substitute|p1b: Dondozo\n|-start|p1b: Dondozo|Substitute\n|-damage|p1b: Dondozo|4\/100\n|\n|-heal|p1b: Dondozo|10\/100|[from] item: Leftovers\n|-damage|p1a: Terapagos|73\/100 psn|[from] psn\n|upkeep\n|turn|8\n|\n|t:|1740018290\n|move|p1b: Dondozo|Protect|p1b: Dondozo\n|-singleturn|p1b: Dondozo|Protect\n|move|p1a: Terapagos|Tera Starstorm|p2b: Pinky|[spread] p2a,p2b\n|-damage|p2a: Achlis|0 fnt\n|-damage|p2b: Pinky|0 fnt\n|faint|p2a: Achlis\n|faint|p2b: Pinky\n|\n|-heal|p1b: Dondozo|16\/100|[from] item: Leftovers\n|-damage|p1a: Terapagos|61\/100 psn|[from] psn\n|upkeep\n|\n|t:|1740018300\n|switch|p2a: Donkey Kong|Rillaboom, L50, F|57\/100\n|switch|p2b: Necrozma|Necrozma-Dawn-Wings, L50|15\/100\n|-fieldstart|move: Grassy Terrain|[from] ability: Grassy Surge|[of] p2a: Donkey Kong\n|turn|9\n|\n|t:|1740018315\n|switch|p1a: Tatsugiri|Tatsugiri-Droopy, L50, F, shiny|100\/100\n|-status|p1a: Tatsugiri|psn\n|-activate|p1a: Tatsugiri|ability: Commander|[of] p1b: Dondozo\n|-boost|p1b: Dondozo|atk|2\n|-boost|p1b: Dondozo|spa|2\n|-boost|p1b: Dondozo|spe|2\n|-boost|p1b: Dondozo|def|2\n|-boost|p1b: Dondozo|spd|2\n|move|p2b: Necrozma|Protect|p2b: Necrozma\n|-singleturn|p2b: Necrozma|Protect\n|move|p2a: Donkey Kong|Fake Out|p1a: Tatsugiri|[miss]\n|-miss|p2a: Donkey Kong|p1a: Tatsugiri\n|move|p1b: Dondozo|Order Up|p2b: Necrozma\n|-activate|p2b: Necrozma|move: Protect\n|\n|-heal|p1b: Dondozo|22\/100|[from] Grassy Terrain\n|-heal|p1b: Dondozo|29\/100|[from] item: Leftovers\n|-heal|p2a: Donkey Kong|63\/100|[from] Grassy Terrain\n|-heal|p2b: Necrozma|21\/100|[from] Grassy Terrain\n|-heal|p2b: Necrozma|26\/100|[from] item: Leftovers\n|-damage|p1a: Tatsugiri|88\/100 psn|[from] psn\n|upkeep\n|turn|10\n|inactive|ManuelvgDios has 30 seconds left.\n|inactive|ManuelvgDios has 20 seconds left.\n|\n|t:|1740018352\n|move|p2a: Donkey Kong|Grassy Glide|p1b: Dondozo\n|-supereffective|p1b: Dondozo\n|-end|p1b: Dondozo|Substitute\n|move|p1b: Dondozo|Order Up|p2b: Necrozma\n|-damage|p2b: Necrozma|1\/100\n|-boost|p1b: Dondozo|def|1\n|move|p2b: Necrozma|Moongeist Beam|p1b: Dondozo\n|-damage|p1b: Dondozo|1\/100\n|\n|-heal|p1b: Dondozo|7\/100|[from] Grassy Terrain\n|-heal|p1b: Dondozo|13\/100|[from] item: Leftovers\n|-heal|p1a: Tatsugiri|94\/100 psn|[from] Grassy Terrain\n|-heal|p2a: Donkey Kong|69\/100|[from] Grassy Terrain\n|-heal|p2b: Necrozma|7\/100|[from] Grassy Terrain\n|-heal|p2b: Necrozma|13\/100|[from] item: Leftovers\n|-damage|p1a: Tatsugiri|82\/100 psn|[from] psn\n|upkeep\n|turn|11\n|\n|t:|1740018368\n|move|p1b: Dondozo|Protect|p1b: Dondozo\n|-singleturn|p1b: Dondozo|Protect\n|move|p2b: Necrozma|Protect|p2b: Necrozma\n|-singleturn|p2b: Necrozma|Protect\n|move|p2a: Donkey Kong|Grassy Glide|p1b: Dondozo\n|-activate|p1b: Dondozo|move: Protect\n|\n|-heal|p1b: Dondozo|19\/100|[from] Grassy Terrain\n|-heal|p1b: Dondozo|25\/100|[from] item: Leftovers\n|-heal|p1a: Tatsugiri|88\/100 psn|[from] Grassy Terrain\n|-heal|p2a: Donkey Kong|75\/100|[from] Grassy Terrain\n|-heal|p2b: Necrozma|19\/100|[from] Grassy Terrain\n|-heal|p2b: Necrozma|25\/100|[from] item: Leftovers\n|-damage|p1a: Tatsugiri|76\/100 psn|[from] psn\n|upkeep\n|turn|12\n|\n|t:|1740018386\n|-terastallize|p2a: Donkey Kong|Grass\n|move|p2a: Donkey Kong|Grassy Glide|p1b: Dondozo\n|-supereffective|p1b: Dondozo\n|-damage|p1b: Dondozo|0 fnt\n|faint|p1b: Dondozo\n|move|p2b: Necrozma|Calm Mind|p2b: Necrozma\n|-boost|p2b: Necrozma|spa|1\n|-boost|p2b: Necrozma|spd|1\n|\n|-heal|p1a: Tatsugiri|82\/100 psn|[from] Grassy Terrain\n|-heal|p2a: Donkey Kong|80\/100|[from] Grassy Terrain\n|-heal|p2b: Necrozma|31\/100|[from] Grassy Terrain\n|-heal|p2b: Necrozma|37\/100|[from] item: Leftovers\n|-damage|p1a: Tatsugiri|69\/100 psn|[from] psn\n|upkeep\n|\n|t:|1740018391\n|switch|p1b: Terapagos|Terapagos-Stellar, L50, M, tera:Stellar|61\/100 psn\n|turn|13\n|inactive|ManuelvgDios has 30 seconds left.\n|\n|t:|1740018418\n|move|p2a: Donkey Kong|Grassy Glide|p1b: Terapagos\n|-damage|p1b: Terapagos|17\/100 psn\n|move|p1b: Terapagos|Dark Pulse|p2b: Necrozma\n|-supereffective|p2b: Necrozma\n|-damage|p2b: Necrozma|0 fnt\n|faint|p2b: Necrozma\n|move|p1a: Tatsugiri|Icy Wind|p2a: Donkey Kong\n|-supereffective|p2a: Donkey Kong\n|-damage|p2a: Donkey Kong|34\/100\n|-unboost|p2a: Donkey Kong|spe|1\n|\n|-heal|p1b: Terapagos|23\/100 psn|[from] Grassy Terrain\n|-heal|p1a: Tatsugiri|76\/100 psn|[from] Grassy Terrain\n|-heal|p2a: Donkey Kong|40\/100|[from] Grassy Terrain\n|-damage|p1b: Terapagos|11\/100 psn|[from] psn\n|-damage|p1a: Tatsugiri|63\/100 psn|[from] psn\n|-fieldend|move: Grassy Terrain\n|upkeep\n|turn|14\n|l| God of restricted\n|\n|t:|1740018437\n|move|p2a: Donkey Kong|Protect|p2a: Donkey Kong\n|-singleturn|p2a: Donkey Kong|Protect\n|move|p1b: Terapagos|Tera Starstorm|p2a: Donkey Kong\n|-activate|p2a: Donkey Kong|move: Protect\n|move|p1a: Tatsugiri|Icy Wind|p2a: Donkey Kong\n|-activate|p2a: Donkey Kong|move: Protect\n|\n|-damage|p1b: Terapagos|0 fnt|[from] psn\n|faint|p1b: Terapagos\n|-damage|p1a: Tatsugiri|51\/100 psn|[from] psn\n|upkeep\n|turn|15\n|\n|t:|1740018452\n|move|p1a: Tatsugiri|Icy Wind|p2a: Donkey Kong\n|-supereffective|p2a: Donkey Kong\n|-damage|p2a: Donkey Kong|0 fnt\n|faint|p2a: Donkey Kong\n|\n|win|stbai\n|raw|stbai's rating: 1610 &rarr; <strong>1627<\/strong><br \/>(+17 for winning)\n|raw|ManuelvgDios's rating: 1552 &rarr; <strong>1535<\/strong><br \/>(-17 for losing)\n|l|\u2606ManuelvgDios\n|player|p2|\n|l|\u2606stbai\n|player|p1|\n","uploadtime":1740018640,"views":5,"formatid":"gen9vgc2025regg","rating":1535,"private":0,"password":null}