{"id":"gen9vgc2025regg-2304377561","format":"[Gen 9] VGC 2025 Reg G","players":["clout Jesus","navinsachump"],"log":"|j|\u2606clout Jesus\n|j|\u2606navinsachump\n|t:|1740053063\n|gametype|doubles\n|player|p1|clout Jesus|ethan|1569\n|player|p2|navinsachump|101|1669\n|teamsize|p1|6\n|teamsize|p2|6\n|gen|9\n|tier|[Gen 9] VGC 2025 Reg G\n|rated|\n|rule|Species Clause: Limit one of each Pok\u00e9mon\n|rule|Item Clause: Limit 1 of each item\n|clearpoke\n|poke|p1|Groudon, L50|\n|poke|p1|Volcarona, L50, M|\n|poke|p1|Gouging Fire, L50|\n|poke|p1|Iron Bundle, L50|\n|poke|p1|Chien-Pao, L50|\n|poke|p1|Raging Bolt, L50|\n|poke|p2|Whimsicott, L50, F|\n|poke|p2|Ogerpon-Cornerstone, L50, F|\n|poke|p2|Incineroar, L50, M|\n|poke|p2|Miraidon, L50|\n|poke|p2|Ursaluna-Bloodmoon, L50, M|\n|poke|p2|Farigiraf, L50, M|\n|teampreview|4\n|inactive|Battle timer is ON: inactive players will automatically lose when time's up. (requested by navinsachump)\n|\n|t:|1740053119\n|start\n|switch|p1a: Volcarona|Volcarona, L50, M|100\/100\n|switch|p1b: Gouging Fire|Gouging Fire, L50|100\/100\n|switch|p2a: Farigiraf|Farigiraf, L50, M|100\/100\n|switch|p2b: Miraidon|Miraidon, L50|100\/100\n|-fieldstart|move: Electric Terrain|[from] ability: Hadron Engine|[of] p2b: Miraidon\n|-enditem|p2a: Farigiraf|Electric Seed\n|-boost|p2a: Farigiraf|def|1|[from] item: Electric Seed\n|turn|1\n|inactive|navinsachump has 30 seconds left.\n|inactive|navinsachump has 20 seconds left.\n|inactive|clout Jesus has 30 seconds left.\n|inactive|navinsachump has 15 seconds left.\n|\n|t:|1740053162\n|switch|p1a: Groudon|Groudon, L50|100\/100\n|-weather|SunnyDay|[from] ability: Drought|[of] p1a: Groudon\n|-activate|p1b: Gouging Fire|ability: Protosynthesis\n|-start|p1b: Gouging Fire|protosynthesisspe\n|switch|p2a: Ursaluna|Ursaluna-Bloodmoon, L50, M|100\/100\n|-terastallize|p2b: Miraidon|Electric\n|move|p1b: Gouging Fire|Howl|p1b: Gouging Fire|[spread] p1a,p1b\n|-boost|p1a: Groudon|atk|1\n|-boost|p1b: Gouging Fire|atk|1\n|move|p2b: Miraidon|Discharge|p1a: Groudon|[spread] p1b\n|-immune|p2a: Ursaluna\n|-immune|p1a: Groudon\n|-resisted|p1b: Gouging Fire\n|-damage|p1b: Gouging Fire|43\/100\n|-status|p1b: Gouging Fire|par\n|\n|-weather|SunnyDay|[upkeep]\n|upkeep\n|turn|2\n|inactive|navinsachump has 30 seconds left.\n|\n|t:|1740053195\n|switch|p2b: Whimsicott|Whimsicott, L50, F|100\/100\n|move|p1b: Gouging Fire|Burning Bulwark|p1b: Gouging Fire\n|-singleturn|p1b: Gouging Fire|move: Protect\n|move|p1a: Groudon|Precipice Blades|p2a: Ursaluna|[spread] p2a\n|-miss|p1a: Groudon|p2b: Whimsicott\n|-crit|p2a: Ursaluna\n|-damage|p2a: Ursaluna|11\/100\n|move|p2a: Ursaluna|Hyper Voice|p1a: Groudon|[spread] p1a\n|-activate|p1b: Gouging Fire|move: Protect\n|-damage|p1a: Groudon|72\/100\n|-damage|p2a: Ursaluna|2\/100|[from] item: Life Orb\n|\n|-weather|SunnyDay|[upkeep]\n|upkeep\n|turn|3\n|inactive|navinsachump has 30 seconds left.\n|\n|t:|1740053221\n|move|p2b: Whimsicott|Tailwind|p2b: Whimsicott\n|-sidestart|p2: navinsachump|move: Tailwind\n|move|p2a: Ursaluna|Hyper Voice|p1a: Groudon|[spread] p1a,p1b\n|-damage|p1a: Groudon|46\/100\n|-damage|p1b: Gouging Fire|0 fnt\n|faint|p1b: Gouging Fire\n|-end|p1b: Gouging Fire|Protosynthesis|[silent]\n|-damage|p2a: Ursaluna|0 fnt|[from] item: Life Orb\n|faint|p2a: Ursaluna\n|move|p1a: Groudon|Precipice Blades|p2b: Whimsicott\n|-resisted|p2b: Whimsicott\n|-damage|p2b: Whimsicott|28\/100\n|\n|-weather|SunnyDay|[upkeep]\n|upkeep\n|\n|t:|1740053229\n|switch|p1b: Volcarona|Volcarona, L50, M|100\/100\n|switch|p2a: Miraidon|Miraidon, L50, tera:Electric|100\/100\n|-activate|p2a: Miraidon|ability: Hadron Engine\n|turn|4\n|\n|t:|1740053244\n|move|p2b: Whimsicott|Protect|p2b: Whimsicott\n|-singleturn|p2b: Whimsicott|Protect\n|move|p2a: Miraidon|Draco Meteor|p1b: Volcarona\n|-damage|p1b: Volcarona|0 fnt\n|-unboost|p2a: Miraidon|spa|2\n|faint|p1b: Volcarona\n|move|p1a: Groudon|Precipice Blades|p2b: Whimsicott|[spread] p2a\n|-activate|p2b: Whimsicott|move: Protect\n|-supereffective|p2a: Miraidon\n|-damage|p2a: Miraidon|0 fnt\n|faint|p2a: Miraidon\n|\n|-weather|SunnyDay|[upkeep]\n|upkeep\n|\n|t:|1740053252\n|switch|p2a: Farigiraf|Farigiraf, L50, M|100\/100\n|switch|p1b: Chien-Pao|Chien-Pao, L50|100\/100\n|-ability|p1b: Chien-Pao|Sword of Ruin\n|turn|5\n|\n|t:|1740053271\n|move|p1b: Chien-Pao|Protect|p1b: Chien-Pao\n|-singleturn|p1b: Chien-Pao|Protect\n|move|p2b: Whimsicott|Moonblast|p1b: Chien-Pao\n|-activate|p1b: Chien-Pao|move: Protect\n|move|p2a: Farigiraf|Foul Play|p1a: Groudon\n|-crit|p1a: Groudon\n|-damage|p1a: Groudon|0 fnt\n|faint|p1a: Groudon\n|\n|-weather|none\n|-fieldend|move: Electric Terrain\n|upkeep\n|turn|6\n|\n|t:|1740053286\n|move|p2b: Whimsicott|Moonblast|p1b: Chien-Pao\n|-supereffective|p1b: Chien-Pao\n|-enditem|p1b: Chien-Pao|Focus Sash\n|-damage|p1b: Chien-Pao|1\/100\n|move|p1b: Chien-Pao|Ice Spinner|p2b: Whimsicott\n|-supereffective|p2b: Whimsicott\n|-damage|p2b: Whimsicott|0 fnt\n|faint|p2b: Whimsicott\n|move|p2a: Farigiraf|Tera Blast|p1b: Chien-Pao\n|-damage|p1b: Chien-Pao|0 fnt\n|faint|p1b: Chien-Pao\n|\n|win|navinsachump\n|raw|clout Jesus's rating: 1569 &rarr; <strong>1555<\/strong><br \/>(-14 for losing)\n|raw|navinsachump's rating: 1669 &rarr; <strong>1683<\/strong><br \/>(+14 for winning)\n|l|\u2606clout Jesus\n|player|p1|\n|l|\u2606navinsachump\n|player|p2|\n","uploadtime":1740053536,"views":5,"formatid":"gen9vgc2025regg","rating":1555,"private":0,"password":null}