{"id":"gen9vgc2025regg-2304409765","format":"[Gen 9] VGC 2025 Reg G","players":["legio90","pig duck eater"],"log":"|j|\u2606legio90\n|j|\u2606pig duck eater\n|t:|1740057814\n|gametype|doubles\n|player|p1|legio90|norman|1551\n|player|p2|pig duck eater|101|1577\n|teamsize|p1|6\n|teamsize|p2|6\n|gen|9\n|tier|[Gen 9] VGC 2025 Reg G\n|rated|\n|rule|Species Clause: Limit one of each Pok\u00e9mon\n|rule|Item Clause: Limit 1 of each item\n|clearpoke\n|poke|p1|Calyrex-Ice, L50|\n|poke|p1|Indeedee-F, L50, F|\n|poke|p1|Hatterene, L50, F|\n|poke|p1|Ursaluna, L50, M|\n|poke|p1|Gallade, L50, M|\n|poke|p1|Urshifu-*, L50, F|\n|poke|p2|Calyrex-Shadow, L50|\n|poke|p2|Urshifu-*, L50, F|\n|poke|p2|Indeedee-F, L50, F|\n|poke|p2|Tornadus, L50, M|\n|poke|p2|Wo-Chien, L50|\n|poke|p2|Garganacl, L50, F|\n|teampreview|4\n|inactive|Battle timer is ON: inactive players will automatically lose when time's up. (requested by legio90)\n|j| faceless_knigght\n|j| 0Retsu0\n|l| 0Retsu0\n|j| tinyblack98\nlegio90 rejected open team sheets.\n|inactive|pig duck eater has 60 seconds left.\n|\n|t:|1740057888\n|start\n|switch|p1a: Calyrex|Calyrex-Ice, L50|100\/100\n|switch|p1b: Indeedee|Indeedee-F, L50, F|100\/100\n|switch|p2a: Garganacl|Garganacl, L50, F|100\/100\n|switch|p2b: Calyrex|Calyrex-Shadow, L50|100\/100\n|-ability|p2b: Calyrex|As One\n|-ability|p2b: Calyrex|Unnerve\n|-ability|p1a: Calyrex|As One\n|-ability|p1a: Calyrex|Unnerve\n|-fieldstart|move: Psychic Terrain|[from] ability: Psychic Surge|[of] p1b: Indeedee\n|turn|1\n|inactive|pig duck eater has 30 seconds left.\n|\n|t:|1740057918\n|-terastallize|p1a: Calyrex|Water\n|move|p2b: Calyrex|Astral Barrage|p1a: Calyrex|[spread] p1a\n|-immune|p1b: Indeedee\n|-damage|p1a: Calyrex|62\/100\n|move|p1a: Calyrex|High Horsepower|p2a: Garganacl\n|-supereffective|p2a: Garganacl\n|-damage|p2a: Garganacl|47\/100\n|-damage|p1a: Calyrex|45\/100|[from] item: Rocky Helmet|[of] p2a: Garganacl\n|move|p2a: Garganacl|Salt Cure|p1a: Calyrex\n|-damage|p1a: Calyrex|35\/100\n|-start|p1a: Calyrex|Salt Cure\n|move|p1b: Indeedee|Trick Room|p1b: Indeedee\n|-fieldstart|move: Trick Room|[of] p1b: Indeedee\n|\n|-damage|p1a: Calyrex|11\/100|[from] Salt Cure\n|upkeep\n|turn|2\n|\n|t:|1740057940\n|move|p2a: Garganacl|Stealth Rock|p1a: Calyrex\n|-sidestart|p1: legio90|move: Stealth Rock\n|move|p1a: Calyrex|Glacial Lance|p2b: Calyrex|[spread] p2a,p2b\n|-damage|p2a: Garganacl|13\/100\n|-damage|p2b: Calyrex|32\/100\n|move|p1b: Indeedee|Psychic|p2b: Calyrex\n|-resisted|p2b: Calyrex\n|-damage|p2b: Calyrex|14\/100\n|move|p2b: Calyrex|Expanding Force|p1a: Calyrex|[spread] p1a,p1b\n|-resisted|p1b: Indeedee\n|-damage|p1a: Calyrex|0 fnt\n|-damage|p1b: Indeedee|67\/100\n|faint|p1a: Calyrex\n|-ability|p2b: Calyrex|Grim Neigh|boost\n|-boost|p2b: Calyrex|spa|1\n|\n|upkeep\n|\n|t:|1740057955\n|switch|p1a: Urshifu|Urshifu-Rapid-Strike, L50, F|100\/100\n|-damage|p1a: Urshifu|95\/100|[from] Stealth Rock\n|turn|3\n|\n|t:|1740057968\n|switch|p2b: Wo-Chien|Wo-Chien, L50|100\/100\n|-ability|p2b: Wo-Chien|Tablets of Ruin\n|move|p2a: Garganacl|Salt Cure|p1a: Urshifu\n|-resisted|p1a: Urshifu\n|-damage|p1a: Urshifu|90\/100\n|-start|p1a: Urshifu|Salt Cure\n|move|p1b: Indeedee|Psychic|p2a: Garganacl\n|-damage|p2a: Garganacl|0 fnt\n|faint|p2a: Garganacl\n|move|p1a: Urshifu|Surging Strikes|p2b: Wo-Chien\n|-resisted|p2b: Wo-Chien\n|-crit|p2b: Wo-Chien\n|-damage|p2b: Wo-Chien|92\/100\n|-resisted|p2b: Wo-Chien\n|-crit|p2b: Wo-Chien\n|-damage|p2b: Wo-Chien|82\/100\n|-resisted|p2b: Wo-Chien\n|-crit|p2b: Wo-Chien\n|-damage|p2b: Wo-Chien|74\/100\n|-hitcount|p2b: Wo-Chien|3\n|\n|-heal|p2b: Wo-Chien|81\/100|[from] item: Leftovers\n|-damage|p1a: Urshifu|66\/100|[from] Salt Cure\n|upkeep\n|\n|t:|1740057981\n|switch|p2a: Indeedee|Indeedee-F, L50, F|100\/100\n|-enditem|p2a: Indeedee|Psychic Seed\n|-boost|p2a: Indeedee|spd|1|[from] item: Psychic Seed\n|turn|4\n|\n|t:|1740057995\n|switch|p1b: Hatterene|Hatterene, L50, F|100\/100\n|-damage|p1b: Hatterene|88\/100|[from] Stealth Rock\n|move|p2b: Wo-Chien|Substitute|p2b: Wo-Chien\n|-start|p2b: Wo-Chien|Substitute\n|-damage|p2b: Wo-Chien|56\/100\n|move|p2a: Indeedee|Psychic|p1a: Urshifu\n|-supereffective|p1a: Urshifu\n|-damage|p1a: Urshifu|0 fnt\n|faint|p1a: Urshifu\n|\n|-heal|p2b: Wo-Chien|62\/100|[from] item: Leftovers\n|upkeep\n|\n|t:|1740058009\n|switch|p1a: Indeedee|Indeedee-F, L50, F|67\/100\n|-damage|p1a: Indeedee|55\/100|[from] Stealth Rock\n|turn|5\n|\n|t:|1740058020\n|move|p2b: Wo-Chien|Leech Seed|p1a: Indeedee\n|-start|p1a: Indeedee|move: Leech Seed\n|move|p2a: Indeedee|Psychic|p1a: Indeedee\n|-resisted|p1a: Indeedee\n|-damage|p1a: Indeedee|35\/100\n|move|p1b: Hatterene|Trick Room|p1b: Hatterene\n|-fieldend|move: Trick Room\n|move|p1a: Indeedee|Trick Room|p1a: Indeedee\n|-fieldstart|move: Trick Room|[of] p1a: Indeedee\n|\n|-heal|p2b: Wo-Chien|68\/100|[from] item: Leftovers\n|-damage|p1a: Indeedee|23\/100|[from] Leech Seed|[of] p2b: Wo-Chien\n|-heal|p2b: Wo-Chien|80\/100|[silent]\n|-fieldend|move: Psychic Terrain\n|upkeep\n|turn|6\n|\n|t:|1740058037\n|move|p1b: Hatterene|Dazzling Gleam|p2b: Wo-Chien|[spread] p2a,p2b\n|-supereffective|p2b: Wo-Chien\n|-end|p2b: Wo-Chien|Substitute\n|-damage|p2a: Indeedee|73\/100\n|-damage|p1b: Hatterene|79\/100|[from] item: Life Orb\n|move|p2b: Wo-Chien|Foul Play|p1a: Indeedee\n|-supereffective|p1a: Indeedee\n|-damage|p1a: Indeedee|0 fnt\n|faint|p1a: Indeedee\n|move|p2a: Indeedee|Trick Room|p2a: Indeedee\n|-fieldend|move: Trick Room\n|\n|-heal|p2b: Wo-Chien|86\/100|[from] item: Leftovers\n|upkeep\n|turn|7\n|-message|legio90 forfeited.\n|\n|win|pig duck eater\n|raw|legio90's rating: 1551 &rarr; <strong>1532<\/strong><br \/>(-19 for losing)\n|raw|pig duck eater's rating: 1577 &rarr; <strong>1596<\/strong><br \/>(+19 for winning)\n|l|\u2606legio90\n|player|p1|\n|l| tinyblack98\n|l|\u2606pig duck eater\n|player|p2|\n","uploadtime":1740058241,"views":6,"formatid":"gen9vgc2025regg","rating":1532,"private":0,"password":null}