{"id":"gen9vgc2025regg-2304183886","format":"[Gen 9] VGC 2025 Reg G","players":["stbai","ColdHarbor"],"log":"|j|\u2606stbai\n|j|\u2606ColdHarbor\n|t:|1740019004\n|gametype|doubles\n|player|p1|stbai|janitor|1628\n|player|p2|ColdHarbor|170|1519\n|teamsize|p1|6\n|teamsize|p2|6\n|gen|9\n|tier|[Gen 9] VGC 2025 Reg G\n|rated|\n|rule|Species Clause: Limit one of each Pok\u00e9mon\n|rule|Item Clause: Limit 1 of each item\n|clearpoke\n|poke|p1|Tatsugiri-Droopy, L50, F|\n|poke|p1|Terapagos, L50, M|\n|poke|p1|Weezing-Galar, L50, M|\n|poke|p1|Latios, L50, M|\n|poke|p1|Entei, L50|\n|poke|p1|Dondozo, L50, M|\n|poke|p2|Calyrex-Shadow, L50|\n|poke|p2|Urshifu-*, L50, F|\n|poke|p2|Incineroar, L50, M|\n|poke|p2|Ogerpon-Hearthflame, L50, F|\n|poke|p2|Whimsicott, L50, M|\n|poke|p2|Raging Bolt, L50|\n|teampreview|4\n|inactive|Battle timer is ON: inactive players will automatically lose when time's up. (requested by stbai)\n|j| God of restricted\n|inactive|ColdHarbor has 60 seconds left.\n|\n|t:|1740019038\n|start\n|switch|p1a: Entei|Entei, L50|100\/100\n|switch|p1b: Dondozo|Dondozo, L50, M|100\/100\n|switch|p2a: Urshifu|Urshifu-Rapid-Strike, L50, F|100\/100\n|switch|p2b: Incineroar|Incineroar, L50, M|100\/100\n|-ability|p2b: Incineroar|Intimidate|boost\n|-fail|p1a: Entei|unboost|Attack|[from] ability: Inner Focus|[of] p1a: Entei\n|-unboost|p1b: Dondozo|atk|1\n|turn|1\n|\n|t:|1740019063\n|-terastallize|p1a: Entei|Normal\n|move|p2b: Incineroar|Fake Out|p1b: Dondozo\n|-damage|p1b: Dondozo|94\/100\n|move|p2a: Urshifu|Surging Strikes|p1a: Entei\n|-crit|p1a: Entei\n|-damage|p1a: Entei|77\/100\n|-crit|p1a: Entei\n|-damage|p1a: Entei|55\/100\n|-crit|p1a: Entei\n|-damage|p1a: Entei|34\/100\n|-hitcount|p1a: Entei|3\n|move|p1a: Entei|Sacred Fire|p2a: Urshifu\n|-resisted|p2a: Urshifu\n|-damage|p2a: Urshifu|74\/100\n|-status|p2a: Urshifu|brn\n|cant|p1b: Dondozo|flinch\n|\n|-heal|p1b: Dondozo|100\/100|[from] item: Leftovers\n|-damage|p2a: Urshifu|68\/100 brn|[from] brn\n|upkeep\n|turn|2\n|\n|t:|1740019085\n|switch|p1a: Tatsugiri|Tatsugiri-Droopy, L50, F, shiny|100\/100\n|-activate|p1a: Tatsugiri|ability: Commander|[of] p1b: Dondozo\n|-boost|p1b: Dondozo|atk|2\n|-boost|p1b: Dondozo|spa|2\n|-boost|p1b: Dondozo|spe|2\n|-boost|p1b: Dondozo|def|2\n|-boost|p1b: Dondozo|spd|2\n|move|p1b: Dondozo|Body Press|p2b: Incineroar\n|-supereffective|p2b: Incineroar\n|-damage|p2b: Incineroar|11\/100\n|move|p2a: Urshifu|Surging Strikes|p1b: Dondozo\n|-resisted|p1b: Dondozo\n|-crit|p1b: Dondozo\n|-damage|p1b: Dondozo|97\/100\n|-resisted|p1b: Dondozo\n|-crit|p1b: Dondozo\n|-damage|p1b: Dondozo|94\/100\n|-resisted|p1b: Dondozo\n|-crit|p1b: Dondozo\n|-damage|p1b: Dondozo|91\/100\n|-hitcount|p1b: Dondozo|3\n|move|p2b: Incineroar|Will-O-Wisp|p1b: Dondozo\n|-status|p1b: Dondozo|brn\n|\n|-heal|p1b: Dondozo|97\/100 brn|[from] item: Leftovers\n|-damage|p1b: Dondozo|91\/100 brn|[from] brn\n|-damage|p2a: Urshifu|61\/100 brn|[from] brn\n|upkeep\n|turn|3\n|\n|t:|1740019108\n|move|p1b: Dondozo|Order Up|p2b: Incineroar\n|-damage|p2b: Incineroar|0 fnt\n|faint|p2b: Incineroar\n|-boost|p1b: Dondozo|def|1\n|move|p2a: Urshifu|Surging Strikes|p1b: Dondozo\n|-resisted|p1b: Dondozo\n|-crit|p1b: Dondozo\n|-damage|p1b: Dondozo|88\/100 brn\n|-resisted|p1b: Dondozo\n|-crit|p1b: Dondozo\n|-damage|p1b: Dondozo|85\/100 brn\n|-resisted|p1b: Dondozo\n|-crit|p1b: Dondozo\n|-damage|p1b: Dondozo|82\/100 brn\n|-hitcount|p1b: Dondozo|3\n|\n|-heal|p1b: Dondozo|88\/100 brn|[from] item: Leftovers\n|-damage|p1b: Dondozo|82\/100 brn|[from] brn\n|-damage|p2a: Urshifu|55\/100 brn|[from] brn\n|upkeep\n|\n|t:|1740019115\n|switch|p2b: Calyrex|Calyrex-Shadow, L50|100\/100\n|-ability|p2b: Calyrex|As One\n|-ability|p2b: Calyrex|Unnerve\n|turn|4\n|\n|t:|1740019120\n|switch|p2a: Whimsicott|Whimsicott, L50, M|100\/100\n|move|p2b: Calyrex|Protect|p2b: Calyrex\n|-singleturn|p2b: Calyrex|Protect\n|move|p1b: Dondozo|Body Press|p2a: Whimsicott\n|-resisted|p2a: Whimsicott\n|-damage|p2a: Whimsicott|81\/100\n|\n|-heal|p1b: Dondozo|88\/100 brn|[from] item: Leftovers\n|-damage|p1b: Dondozo|82\/100 brn|[from] brn\n|upkeep\n|turn|5\n|\n|t:|1740019129\n|move|p2a: Whimsicott|Encore|p1b: Dondozo\n|-start|p1b: Dondozo|Encore\n|move|p2b: Calyrex|Nasty Plot|p2b: Calyrex\n|-boost|p2b: Calyrex|spa|2\n|move|p1b: Dondozo|Body Press|p2b: Calyrex\n|-immune|p2b: Calyrex\n|\n|-heal|p1b: Dondozo|88\/100 brn|[from] item: Leftovers\n|-damage|p1b: Dondozo|82\/100 brn|[from] brn\n|upkeep\n|turn|6\n|-message|stbai forfeited.\n|\n|win|ColdHarbor\n|raw|stbai's rating: 1607 &rarr; <strong>1582<\/strong><br \/>(-25 for losing)\n|raw|ColdHarbor's rating: 1519 &rarr; <strong>1544<\/strong><br \/>(+25 for winning)\n|l|\u2606stbai\n|player|p1|\n|l| God of restricted\n|l|\u2606ColdHarbor\n|player|p2|\n","uploadtime":1740019338,"views":5,"formatid":"gen9vgc2025regg","rating":1544,"private":0,"password":null}