{"id":"gen9vgc2025regg-2304610464","format":"[Gen 9] VGC 2025 Reg G","players":["xatseye","Daleg"],"log":"|j|\u2606xatseye\n|j|\u2606Daleg\n|t:|1740078822\n|gametype|doubles\n|player|p1|xatseye|unknown|1698\n|player|p2|Daleg|1|1764\n|teamsize|p1|6\n|teamsize|p2|6\n|gen|9\n|tier|[Gen 9] VGC 2025 Reg G\n|rated|\n|rule|Species Clause: Limit one of each Pok\u00e9mon\n|rule|Item Clause: Limit 1 of each item\n|clearpoke\n|poke|p1|Miraidon, L50|\n|poke|p1|Incineroar, L50, M|\n|poke|p1|Oranguru, L50, F|\n|poke|p1|Clefairy, L50, M|\n|poke|p1|Baxcalibur, L50, F|\n|poke|p1|Whimsicott, L50, M|\n|poke|p2|Zamazenta-*, L50|\n|poke|p2|Amoonguss, L50, F|\n|poke|p2|Chien-Pao, L50|\n|poke|p2|Flutter Mane, L50|\n|poke|p2|Rillaboom, L50, M|\n|poke|p2|Dragonite, L50, F|\n|teampreview|4\n|inactive|Battle timer is ON: inactive players will automatically lose when time's up. (requested by xatseye)\n|inactive|Daleg has 60 seconds left.\n|\n|t:|1740078863\n|start\n|switch|p1a: Miraidon|Miraidon, L50|100\/100\n|switch|p1b: Oranguru|Oranguru, L50, F|100\/100\n|switch|p2a: Rillaboom|Rillaboom, L50, M|100\/100\n|switch|p2b: Zamazenta|Zamazenta-Crowned, L50|100\/100\n|-ability|p2b: Zamazenta|Dauntless Shield|boost\n|-boost|p2b: Zamazenta|def|1\n|-fieldstart|move: Electric Terrain|[from] ability: Hadron Engine|[of] p1a: Miraidon\n|-enditem|p1a: Miraidon|Electric Seed\n|-boost|p1a: Miraidon|def|1|[from] item: Electric Seed\n|-activate|p1b: Oranguru|ability: Symbiosis|Covert Cloak|[of] p1a: Miraidon\n|-fieldstart|move: Grassy Terrain|[from] ability: Grassy Surge|[of] p2a: Rillaboom\n|turn|1\n|j| 2imnew3imyou\n|inactive|Daleg has 30 seconds left.\n|\n|t:|1740078892\n|move|p2a: Rillaboom|Fake Out|p1a: Miraidon\n|-damage|p1a: Miraidon|92\/100\n|move|p2b: Zamazenta|Body Press|p1b: Oranguru\n|-damage|p1b: Oranguru|44\/100\n|move|p1a: Miraidon|Calm Mind|p1a: Miraidon\n|-boost|p1a: Miraidon|spa|1\n|-boost|p1a: Miraidon|spd|1\n|move|p1b: Oranguru|Instruct|p1a: Miraidon\n|-singleturn|p1a: Miraidon|move: Instruct|[of] p1b: Oranguru\n|move|p1a: Miraidon|Calm Mind|p1a: Miraidon\n|-boost|p1a: Miraidon|spa|1\n|-boost|p1a: Miraidon|spd|1\n|\n|-heal|p1a: Miraidon|98\/100|[from] Grassy Terrain\n|-heal|p1b: Oranguru|50\/100|[from] Grassy Terrain\n|upkeep\n|turn|2\n|inactive|Daleg has 30 seconds left.\n|inactive|Daleg has 20 seconds left.\n|j| tetsuokaga\n|inactive|Daleg has 15 seconds left.\n|inactive|Daleg has 10 seconds left.\n|\n|t:|1740078941\n|-terastallize|p2b: Zamazenta|Grass\n|move|p2b: Zamazenta|Iron Defense|p2b: Zamazenta\n|-boost|p2b: Zamazenta|def|2\n|move|p1a: Miraidon|Calm Mind|p1a: Miraidon\n|-boost|p1a: Miraidon|spa|1\n|-boost|p1a: Miraidon|spd|1\n|move|p2a: Rillaboom|U-turn|p1b: Oranguru\n|-supereffective|p1b: Oranguru\n|-damage|p1b: Oranguru|4\/100\n|\n|t:|1740078958\n|switch|p2a: Dragonite|Dragonite, L50, F|100\/100|[from] U-turn\n|move|p1b: Oranguru|Instruct|p1a: Miraidon\n|-singleturn|p1a: Miraidon|move: Instruct|[of] p1b: Oranguru\n|move|p1a: Miraidon|Calm Mind|p1a: Miraidon\n|-boost|p1a: Miraidon|spa|1\n|-boost|p1a: Miraidon|spd|1\n|\n|-heal|p1a: Miraidon|100\/100|[from] Grassy Terrain\n|-heal|p1b: Oranguru|10\/100|[from] Grassy Terrain\n|upkeep\n|turn|3\n|inactive|Daleg has 30 seconds left.\n|\n|t:|1740078985\n|move|p1a: Miraidon|Protect|p1a: Miraidon\n|-singleturn|p1a: Miraidon|Protect\n|move|p2a: Dragonite|Extreme Speed|p1b: Oranguru\n|-damage|p1b: Oranguru|0 fnt\n|faint|p1b: Oranguru\n|move|p2b: Zamazenta|Body Press|p1a: Miraidon\n|-activate|p1a: Miraidon|move: Protect\n|\n|upkeep\n|\n|t:|1740078995\n|switch|p1b: Whimsicott|Whimsicott, L50, M|100\/100\n|turn|4\n|inactive|xatseye has 30 seconds left.\n|\n|t:|1740079021\n|move|p2a: Dragonite|Extreme Speed|p1a: Miraidon\n|-damage|p1a: Miraidon|75\/100\n|move|p1b: Whimsicott|Tailwind|p1b: Whimsicott\n|-sidestart|p1: xatseye|move: Tailwind\n|move|p1a: Miraidon|Dragon Pulse|p2b: Zamazenta\n|-crit|p2b: Zamazenta\n|-damage|p2b: Zamazenta|0 fnt\n|faint|p2b: Zamazenta\n|\n|-heal|p1a: Miraidon|81\/100|[from] Grassy Terrain\n|upkeep\n|\n|t:|1740079036\n|switch|p2b: Chien-Pao|Chien-Pao, L50|100\/100\n|-ability|p2b: Chien-Pao|Sword of Ruin\n|turn|5\n|inactive|xatseye has 30 seconds left.\n|\n|t:|1740079066\n|-terastallize|p1a: Miraidon|Electric\n|move|p1b: Whimsicott|Protect|p1b: Whimsicott\n|-singleturn|p1b: Whimsicott|Protect\n|move|p2a: Dragonite|Extreme Speed|p1b: Whimsicott\n|-activate|p1b: Whimsicott|move: Protect\n|move|p2b: Chien-Pao|Sucker Punch||[still]\n|-fail|p2b: Chien-Pao\n|move|p1a: Miraidon|Parabolic Charge|p2b: Chien-Pao|[spread] p2a,p2b\n|-activate|p1b: Whimsicott|move: Protect\n|-crit|p2b: Chien-Pao\n|-damage|p2a: Dragonite|12\/100\n|-heal|p1a: Miraidon|100\/100|[from] drain|[of] p2a: Dragonite\n|-enditem|p2b: Chien-Pao|Focus Sash\n|-damage|p2b: Chien-Pao|1\/100\n|\n|-heal|p2b: Chien-Pao|7\/100|[from] Grassy Terrain\n|-fieldend|move: Grassy Terrain\n|upkeep\n|turn|6\n|inactive|Daleg has 30 seconds left.\n|\n|t:|1740079096\n|move|p2b: Chien-Pao|Protect|p2b: Chien-Pao\n|-singleturn|p2b: Chien-Pao|Protect\n|move|p2a: Dragonite|Extreme Speed|p1a: Miraidon\n|-damage|p1a: Miraidon|68\/100\n|move|p1b: Whimsicott|Encore|p2a: Dragonite\n|-start|p2a: Dragonite|Encore\n|move|p1a: Miraidon|Parabolic Charge|p2a: Dragonite|[spread] p1b,p2a\n|-activate|p2b: Chien-Pao|move: Protect\n|-resisted|p1b: Whimsicott\n|-damage|p1b: Whimsicott|20\/100\n|-heal|p1a: Miraidon|95\/100|[from] drain|[of] p1b: Whimsicott\n|-damage|p2a: Dragonite|0 fnt\n|-heal|p1a: Miraidon|100\/100|[from] drain|[of] p2a: Dragonite\n|faint|p2a: Dragonite\n|\n|upkeep\n|\n|t:|1740079109\n|switch|p2a: Rillaboom|Rillaboom, L50, M|100\/100\n|-fieldstart|move: Grassy Terrain|[from] ability: Grassy Surge|[of] p2a: Rillaboom\n|turn|7\n|j| BIG GUY BATTLE\n|l| BIG GUY BATTLE\n|inactive|Daleg has 30 seconds left.\n|\n|t:|1740079135\n|move|p1b: Whimsicott|Protect|p1b: Whimsicott\n|-singleturn|p1b: Whimsicott|Protect\n|move|p2b: Chien-Pao|Sucker Punch|p1a: Miraidon\n|-damage|p1a: Miraidon|72\/100\n|move|p1a: Miraidon|Parabolic Charge|p2b: Chien-Pao|[spread] p2a,p2b\n|-activate|p1b: Whimsicott|move: Protect\n|-resisted|p2a: Rillaboom\n|-damage|p2a: Rillaboom|63\/100\n|-heal|p1a: Miraidon|91\/100|[from] drain|[of] p2a: Rillaboom\n|-damage|p2b: Chien-Pao|0 fnt\n|-heal|p1a: Miraidon|94\/100|[from] drain|[of] p2b: Chien-Pao\n|faint|p2b: Chien-Pao\n|move|p2a: Rillaboom|Wood Hammer|p1a: Miraidon\n|-damage|p1a: Miraidon|48\/100\n|-damage|p2a: Rillaboom|48\/100|[from] Recoil\n|\n|-heal|p1b: Whimsicott|26\/100|[from] Grassy Terrain\n|-heal|p1a: Miraidon|54\/100|[from] Grassy Terrain\n|-heal|p2a: Rillaboom|54\/100|[from] Grassy Terrain\n|-sideend|p1: xatseye|move: Tailwind\n|upkeep\n|turn|8\n|inactive|xatseye has 30 seconds left.\n|\n|t:|1740079161\n|switch|p1b: Baxcalibur|Baxcalibur, L50, F|100\/100\n|move|p2a: Rillaboom|Grassy Glide|p1a: Miraidon\n|-damage|p1a: Miraidon|33\/100\n|move|p1a: Miraidon|Dragon Pulse|p2a: Rillaboom\n|-damage|p2a: Rillaboom|0 fnt\n|faint|p2a: Rillaboom\n|\n|win|xatseye\n|raw|xatseye's rating: 1698 &rarr; <strong>1722<\/strong><br \/>(+24 for winning)\n|raw|Daleg's rating: 1764 &rarr; <strong>1740<\/strong><br \/>(-24 for losing)\n|l|\u2606Daleg\n|player|p2|\n|l|\u2606xatseye\n|player|p1|\n|l| 2imnew3imyou\n","uploadtime":1740079345,"views":8,"formatid":"gen9vgc2025regg","rating":1722,"private":0,"password":null}