{"id":"gen9vgc2025regg-2304436358","format":"[Gen 9] VGC 2025 Reg G","players":["MadMat48","ApoVGC"],"log":"|j|\u2606MadMat48\n|j|\u2606ApoVGC\n|t:|1740061139\n|gametype|doubles\n|player|p1|MadMat48|169|1518\n|player|p2|ApoVGC|102|1615\n|teamsize|p1|6\n|teamsize|p2|6\n|gen|9\n|tier|[Gen 9] VGC 2025 Reg G\n|rated|\n|rule|Species Clause: Limit one of each Pok\u00e9mon\n|rule|Item Clause: Limit 1 of each item\n|clearpoke\n|poke|p1|Rayquaza, L50|\n|poke|p1|Ting-Lu, L50|\n|poke|p1|Murkrow, L50, F|\n|poke|p1|Gyarados, L50, F|\n|poke|p1|Volcarona, L50, M|\n|poke|p1|Chien-Pao, L50|\n|poke|p2|Calyrex-Shadow, L50|\n|poke|p2|Amoonguss, L50, F|\n|poke|p2|Tornadus, L50, M|\n|poke|p2|Indeedee-F, L50, F|\n|poke|p2|Urshifu-*, L50, M|\n|poke|p2|Chi-Yu, L50|\n|teampreview|4\n|inactive|Battle timer is ON: inactive players will automatically lose when time's up. (requested by MadMat48)\n|j| pmg9\n|\n|t:|1740061163\n|start\n|switch|p1a: Murkrow|Murkrow, L50, F, shiny|100\/100\n|switch|p1b: Rayquaza|Rayquaza, L50, shiny|100\/100\n|switch|p2a: Calyrex|Calyrex-Shadow, L50|100\/100\n|switch|p2b: Amoonguss|Amoonguss, L50, F, shiny|100\/100\n|-ability|p2a: Calyrex|As One\n|-ability|p2a: Calyrex|Unnerve\n|-ability|p1b: Rayquaza|Air Lock\n|turn|1\n|\n|t:|1740061184\n|-terastallize|p2a: Calyrex|Fairy\n|move|p2b: Amoonguss|Rage Powder|p2b: Amoonguss\n|-singleturn|p2b: Amoonguss|move: Rage Powder\n|move|p1a: Murkrow|Tailwind|p1a: Murkrow\n|-sidestart|p1: MadMat48|move: Tailwind\n|move|p1b: Rayquaza|Dragon Ascent|p2b: Amoonguss\n|-supereffective|p2b: Amoonguss\n|-damage|p2b: Amoonguss|0 fnt\n|-unboost|p1b: Rayquaza|def|1\n|-unboost|p1b: Rayquaza|spd|1\n|-damage|p1b: Rayquaza|84\/100|[from] item: Rocky Helmet|[of] p2b: Amoonguss\n|faint|p2b: Amoonguss\n|move|p2a: Calyrex|Astral Barrage|p1b: Rayquaza|[spread] p1a,p1b\n|-resisted|p1a: Murkrow\n|-damage|p1a: Murkrow|54\/100\n|-damage|p1b: Rayquaza|0 fnt\n|faint|p1b: Rayquaza\n|-ability|p2a: Calyrex|Grim Neigh|boost\n|-boost|p2a: Calyrex|spa|1\n|-damage|p2a: Calyrex|91\/100|[from] item: Life Orb\n|\n|upkeep\n|\n|t:|1740061200\n|switch|p1b: Ting-Lu|Ting-Lu, L50|100\/100\n|switch|p2b: Tornadus|Tornadus, L50, M|100\/100\n|-ability|p1b: Ting-Lu|Vessel of Ruin\n|turn|2\n|inactive|ApoVGC has 30 seconds left.\n|\n|t:|1740061228\n|-terastallize|p1b: Ting-Lu|Poison\n|move|p1a: Murkrow|Quash|p2a: Calyrex\n|-activate|p2a: Calyrex|move: Quash\n|move|p2b: Tornadus|Tailwind|p2b: Tornadus\n|-sidestart|p2: ApoVGC|move: Tailwind\n|move|p1b: Ting-Lu|Tera Blast|p2a: Calyrex|[anim] Tera Blast Poison\n|-supereffective|p2a: Calyrex\n|-crit|p2a: Calyrex\n|-damage|p2a: Calyrex|0 fnt\n|faint|p2a: Calyrex\n|\n|upkeep\n|\n|t:|1740061240\n|switch|p2a: Indeedee|Indeedee-F, L50, F|100\/100\n|-fieldstart|move: Psychic Terrain|[from] ability: Psychic Surge|[of] p2a: Indeedee\n|-enditem|p2a: Indeedee|Psychic Seed\n|-boost|p2a: Indeedee|spd|1|[from] item: Psychic Seed\n|turn|3\n|\n|t:|1740061264\n|switch|p1b: Chien-Pao|Chien-Pao, L50|100\/100\n|-ability|p1b: Chien-Pao|Sword of Ruin\n|move|p2b: Tornadus|Bleakwind Storm|p1b: Chien-Pao|[spread] p1a,p1b\n|-damage|p1a: Murkrow|14\/100\n|-damage|p1b: Chien-Pao|53\/100\n|move|p1a: Murkrow|Brave Bird|p2b: Tornadus\n|-damage|p2b: Tornadus|54\/100\n|-damage|p1a: Murkrow|0 fnt|[from] Recoil\n|faint|p1a: Murkrow\n|move|p2a: Indeedee|Psyshock|p1b: Chien-Pao\n|-immune|p1b: Chien-Pao\n|\n|upkeep\n|\n|t:|1740061277\n|switch|p1a: Ting-Lu|Ting-Lu, L50, tera:Poison|100\/100\n|-ability|p1a: Ting-Lu|Vessel of Ruin\n|turn|4\n|\n|t:|1740061284\n|move|p2a: Indeedee|Follow Me|p2a: Indeedee\n|-singleturn|p2a: Indeedee|move: Follow Me\n|move|p1b: Chien-Pao|Ice Spinner|p2a: Indeedee\n|-damage|p2a: Indeedee|47\/100\n|-fieldend|move: Psychic Terrain\n|move|p2b: Tornadus|Bleakwind Storm|p1b: Chien-Pao|[spread] p1a,p1b\n|-damage|p1a: Ting-Lu|80\/100\n|-damage|p1b: Chien-Pao|17\/100\n|move|p1a: Ting-Lu|Lash Out|p2a: Indeedee\n|-supereffective|p2a: Indeedee\n|-damage|p2a: Indeedee|0 fnt\n|faint|p2a: Indeedee\n|\n|-sideend|p1: MadMat48|move: Tailwind\n|upkeep\n|turn|5\n|\n|t:|1740061300\n|move|p1b: Chien-Pao|Protect|p1b: Chien-Pao\n|-singleturn|p1b: Chien-Pao|Protect\n|move|p2b: Tornadus|Bleakwind Storm|p1b: Chien-Pao|[spread] p1a\n|-activate|p1b: Chien-Pao|move: Protect\n|-damage|p1a: Ting-Lu|58\/100\n|move|p1a: Ting-Lu|Lash Out|p2b: Tornadus\n|-damage|p2b: Tornadus|0 fnt\n|faint|p2b: Tornadus\n|\n|win|MadMat48\n|raw|MadMat48's rating: 1518 &rarr; <strong>1543<\/strong><br \/>(+25 for winning)\n|raw|ApoVGC's rating: 1615 &rarr; <strong>1590<\/strong><br \/>(-25 for losing)\n|l|\u2606MadMat48\n|player|p1|\n|l|\u2606ApoVGC\n|player|p2|\n|l| pmg9\n","uploadtime":1740061515,"views":7,"formatid":"gen9vgc2025regg","rating":1543,"private":0,"password":null}