{"id":"gen9vgc2025regg-2304497696","format":"[Gen 9] VGC 2025 Reg G","players":["Kaicyios","Sincubii"],"log":"|j|\u2606Kaicyios\n|j|\u2606Sincubii\n|t:|1740067662\n|gametype|doubles\n|player|p1|Kaicyios|giovanni|1607\n|player|p2|Sincubii|2|1563\n|teamsize|p1|6\n|teamsize|p2|6\n|gen|9\n|tier|[Gen 9] VGC 2025 Reg G\n|rated|\n|rule|Species Clause: Limit one of each Pok\u00e9mon\n|rule|Item Clause: Limit 1 of each item\n|clearpoke\n|poke|p1|Calyrex-Ice, L50|\n|poke|p1|Whimsicott, L50, M|\n|poke|p1|Chi-Yu, L50|\n|poke|p1|Landorus, L50, M|\n|poke|p1|Urshifu-*, L50, F|\n|poke|p1|Raging Bolt, L50|\n|poke|p2|Regigigas, L50|\n|poke|p2|Calyrex-Shadow, L50|\n|poke|p2|Chi-Yu, L50|\n|poke|p2|Urshifu-*, L50, F|\n|poke|p2|Whimsicott, L50, M|\n|poke|p2|Koffing, L50, F|\n|teampreview|4\n|\n|t:|1740067712\n|start\n|switch|p1a: Calyrex|Calyrex-Ice, L50|100\/100\n|switch|p1b: Urshifu|Urshifu-Rapid-Strike, L50, F|100\/100\n|switch|p2a: Koffing|Koffing, L50, F|100\/100\n|switch|p2b: Regigigas|Regigigas, L50|100\/100\n|-ability|p2a: Koffing|Neutralizing Gas\n|-ability|p1a: Calyrex|As One\n|-ability|p1a: Calyrex|Unnerve\n|turn|1\n|inactive|Battle timer is ON: inactive players will automatically lose when time's up. (requested by Sincubii)\n|j| Therazer456\n|\n|t:|1740067765\n|-terastallize|p1a: Calyrex|Ice\n|-terastallize|p2b: Regigigas|Water\n|move|p1b: Urshifu|Close Combat|p2b: Regigigas\n|-damage|p2b: Regigigas|55\/100\n|-unboost|p1b: Urshifu|def|1\n|-unboost|p1b: Urshifu|spd|1\n|-damage|p1b: Urshifu|84\/100|[from] item: Rocky Helmet|[of] p2b: Regigigas\n|move|p1a: Calyrex|Glacial Lance|p2a: Koffing|[spread] p2a,p2b\n|-resisted|p2b: Regigigas\n|-damage|p2a: Koffing|11\/100\n|-damage|p2b: Regigigas|21\/100\n|move|p2b: Regigigas|Knock Off|p1a: Calyrex\n|-damage|p1a: Calyrex|77\/100\n|-enditem|p1a: Calyrex|Choice Band|[from] move: Knock Off|[of] p2b: Regigigas\n|move|p2a: Koffing|Poison Gas|p1b: Urshifu|[spread] p1b\n|-miss|p2a: Koffing|p1a: Calyrex\n|-status|p1b: Urshifu|psn\n|\n|-damage|p1b: Urshifu|72\/100 psn|[from] psn\n|upkeep\n|turn|2\n|\n|t:|1740067785\n|switch|p1b: Whimsicott|Whimsicott, L50, M|100\/100\n|move|p2b: Regigigas|Wide Guard|p2b: Regigigas\n|-singleturn|p2b: Regigigas|Wide Guard\n|move|p1a: Calyrex|Glacial Lance|p2b: Regigigas|[spread] \n|-activate|p2a: Koffing|move: Wide Guard\n|-activate|p2b: Regigigas|move: Wide Guard\n|move|p2a: Koffing|Pain Split|p1a: Calyrex\n|-sethp|p1a: Calyrex|43\/100|[from] move: Pain Split|[silent]\n|-sethp|p2a: Koffing|52\/100|[from] move: Pain Split\n|\n|upkeep\n|turn|3\n|inactive|Kaicyios has 30 seconds left.\n|j| ltesthg\n|\n|t:|1740067813\n|move|p2b: Regigigas|Wide Guard|p2b: Regigigas\n|-singleturn|p2b: Regigigas|Wide Guard\n|move|p1b: Whimsicott|Tailwind|p1b: Whimsicott\n|-sidestart|p1: Kaicyios|move: Tailwind\n|move|p1a: Calyrex|Zen Headbutt|p2b: Regigigas\n|-damage|p2b: Regigigas|0 fnt\n|-damage|p1a: Calyrex|27\/100|[from] item: Rocky Helmet|[of] p2b: Regigigas\n|faint|p2b: Regigigas\n|-end|p2b: Regigigas|Slow Start|[silent]\n|-ability|p1a: Calyrex|Chilling Neigh|boost\n|-boost|p1a: Calyrex|atk|1\n|move|p2a: Koffing|Poison Gas|p1b: Whimsicott|[spread] p1a\n|-miss|p2a: Koffing|p1b: Whimsicott\n|-status|p1a: Calyrex|psn\n|\n|-damage|p1a: Calyrex|14\/100 psn|[from] psn\n|upkeep\n|inactive|Sincubii has 30 seconds left.\n|\n|t:|1740067842\n|switch|p2b: Calyrex|Calyrex-Shadow, L50|100\/100\n|-ability|p2b: Calyrex|As One\n|-ability|p2b: Calyrex|Unnerve\n|turn|4\n|inactive|Sincubii has 30 seconds left.\n|inactive|Sincubii has 20 seconds left.\n|\n|t:|1740067879\n|move|p2b: Calyrex|Protect|p2b: Calyrex\n|-singleturn|p2b: Calyrex|Protect\n|move|p1b: Whimsicott|Endeavor|p2b: Calyrex\n|-activate|p2b: Calyrex|move: Protect\n|move|p1a: Calyrex|Glacial Lance|p2a: Koffing|[spread] p2a\n|-activate|p2b: Calyrex|move: Protect\n|-damage|p2a: Koffing|0 fnt\n|faint|p2a: Koffing\n|-end|p2a: Koffing|ability: Neutralizing Gas\n|-ability|p1a: Calyrex|Chilling Neigh|boost\n|-boost|p1a: Calyrex|atk|1\n|\n|-damage|p1a: Calyrex|2\/100 psn|[from] psn\n|upkeep\n|\n|t:|1740067886\n|switch|p2a: Chi-Yu|Chi-Yu, L50|100\/100\n|-ability|p2a: Chi-Yu|Beads of Ruin\n|turn|5\n|\n|t:|1740067904\n|move|p1b: Whimsicott|Endeavor|p2a: Chi-Yu\n|-damage|p2a: Chi-Yu|98\/100\n|move|p2a: Chi-Yu|Heat Wave|p1b: Whimsicott|[spread] p1a,p1b\n|-supereffective|p1a: Calyrex\n|-supereffective|p1b: Whimsicott\n|-damage|p1a: Calyrex|0 fnt\n|-enditem|p1b: Whimsicott|Focus Sash\n|-damage|p1b: Whimsicott|1\/100\n|faint|p1a: Calyrex\n|move|p2b: Calyrex|Astral Barrage|p1b: Whimsicott\n|-damage|p1b: Whimsicott|0 fnt\n|faint|p1b: Whimsicott\n|-ability|p2b: Calyrex|Grim Neigh|boost\n|-boost|p2b: Calyrex|spa|1\n|-damage|p2b: Calyrex|91\/100|[from] item: Life Orb\n|\n|upkeep\n|\n|t:|1740067919\n|switch|p1b: Chi-Yu|Chi-Yu, L50|100\/100\n|switch|p1a: Urshifu|Urshifu-Rapid-Strike, L50, F|72\/100 psn\n|-ability|p1b: Chi-Yu|Beads of Ruin\n|turn|6\n|\n|t:|1740067939\n|move|p1a: Urshifu|Surging Strikes|p2a: Chi-Yu\n|-supereffective|p2a: Chi-Yu\n|-crit|p2a: Chi-Yu\n|-damage|p2a: Chi-Yu|36\/100\n|-supereffective|p2a: Chi-Yu\n|-crit|p2a: Chi-Yu\n|-damage|p2a: Chi-Yu|0 fnt\n|faint|p2a: Chi-Yu\n|-hitcount|p2: Chi-Yu|2\n|move|p1b: Chi-Yu|Dark Pulse|p2b: Calyrex\n|-supereffective|p2b: Calyrex\n|-damage|p2b: Calyrex|0 fnt\n|faint|p2b: Calyrex\n|\n|win|Kaicyios\n|raw|Kaicyios's rating: 1607 &rarr; <strong>1624<\/strong><br \/>(+17 for winning)\n|raw|Sincubii's rating: 1563 &rarr; <strong>1546<\/strong><br \/>(-17 for losing)\n|j| llefface\n|l| llefface\n|l| Therazer456\n|l|\u2606Sincubii\n|player|p2|\n|l|\u2606Kaicyios\n|player|p1|\n|l| ltesthg\n","uploadtime":1740068207,"views":7,"formatid":"gen9vgc2025regg","rating":1546,"private":0,"password":null}