{"id":"gen9vgc2025regg-2304614781","format":"[Gen 9] VGC 2025 Reg G","players":["Angelo Neres","cricetodalpendolo"],"log":"|j|\u2606Angelo Neres\n|j|\u2606cricetodalpendolo\n|t:|1740079244\n|gametype|doubles\n|player|p1|Angelo Neres|2|1591\n|player|p2|cricetodalpendolo|169|1543\n|teamsize|p1|6\n|teamsize|p2|6\n|gen|9\n|tier|[Gen 9] VGC 2025 Reg G\n|rated|\n|rule|Species Clause: Limit one of each Pok\u00e9mon\n|rule|Item Clause: Limit 1 of each item\n|clearpoke\n|poke|p1|Groudon, L50|\n|poke|p1|Moltres-Galar, L50|\n|poke|p1|Scream Tail, L50|\n|poke|p1|Grimmsnarl, L50, M|\n|poke|p1|Cobalion, L50|\n|poke|p1|Amoonguss, L50, F|\n|poke|p2|Miraidon, L50|\n|poke|p2|Grimmsnarl, L50, M|\n|poke|p2|Iron Hands, L50|\n|poke|p2|Volcarona, L50, M|\n|poke|p2|Umbreon, L50, F|\n|poke|p2|Ogerpon-Hearthflame, L50, F|\n|teampreview|4\n|j| BIG GUY BATTLE\n|j| Samevgcmons\n|l| BIG GUY BATTLE\n|inactive|Battle timer is ON: inactive players will automatically lose when time's up. (requested by Angelo Neres)\n|\n|t:|1740079279\n|start\n|switch|p1a: Groudon|Groudon, L50, shiny|100\/100\n|switch|p1b: Grimmsnarl|Grimmsnarl, L50, M, shiny|100\/100\n|switch|p2a: Miraidon|Miraidon, L50|100\/100\n|switch|p2b: Iron Hands|Iron Hands, L50|100\/100\n|-fieldstart|move: Electric Terrain|[from] ability: Hadron Engine|[of] p2a: Miraidon\n|-activate|p2b: Iron Hands|ability: Quark Drive\n|-start|p2b: Iron Hands|quarkdriveatk\n|-weather|SunnyDay|[from] ability: Drought|[of] p1a: Groudon\n|turn|1\n|\n|t:|1740079298\n|switch|p2a: Grimmsnarl|Grimmsnarl, L50, M|100\/100\n|move|p2b: Iron Hands|Fake Out|p1a: Groudon\n|-crit|p1a: Groudon\n|-damage|p1a: Groudon|79\/100\n|move|p1b: Grimmsnarl|Reflect|p1b: Grimmsnarl\n|-sidestart|p1: Angelo Neres|Reflect\n|cant|p1a: Groudon|flinch\n|\n|-weather|SunnyDay|[upkeep]\n|upkeep\n|turn|2\n|\n|t:|1740079318\n|-terastallize|p2b: Iron Hands|Bug\n|move|p2a: Grimmsnarl|Reflect|p2a: Grimmsnarl\n|-sidestart|p2: cricetodalpendolo|Reflect\n|move|p1a: Groudon|Precipice Blades|p2b: Iron Hands|[spread] p2b\n|-miss|p1a: Groudon|p2a: Grimmsnarl\n|-resisted|p2b: Iron Hands\n|-damage|p2b: Iron Hands|88\/100\n|move|p1b: Grimmsnarl|Spirit Break|p2a: Grimmsnarl\n|-supereffective|p2a: Grimmsnarl\n|-damage|p2a: Grimmsnarl|60\/100\n|-unboost|p2a: Grimmsnarl|spa|1\n|move|p2b: Iron Hands|Heavy Slam|p1b: Grimmsnarl\n|-supereffective|p1b: Grimmsnarl\n|-damage|p1b: Grimmsnarl|23\/100\n|\n|-weather|SunnyDay|[upkeep]\n|upkeep\n|turn|3\n|inactive|cricetodalpendolo has 30 seconds left.\n|\n|t:|1740079351\n|move|p1b: Grimmsnarl|Parting Shot|p2b: Iron Hands\n|-unboost|p2b: Iron Hands|atk|1\n|-unboost|p2b: Iron Hands|spa|1\n|\n|t:|1740079364\n|switch|p1b: Amoonguss|Amoonguss, L50, F, shiny|100\/100|[from] Parting Shot\n|move|p2a: Grimmsnarl|Light Screen|p2a: Grimmsnarl\n|-sidestart|p2: cricetodalpendolo|move: Light Screen\n|move|p1a: Groudon|Heavy Slam|p2a: Grimmsnarl\n|-supereffective|p2a: Grimmsnarl\n|-damage|p2a: Grimmsnarl|0 fnt\n|faint|p2a: Grimmsnarl\n|move|p2b: Iron Hands|Drain Punch|p1a: Groudon\n|-damage|p1a: Groudon|63\/100\n|-heal|p2b: Iron Hands|94\/100|[from] drain|[of] p1a: Groudon\n|\n|-weather|SunnyDay|[upkeep]\n|upkeep\n|inactive|cricetodalpendolo has 30 seconds left.\n|\n|t:|1740079390\n|switch|p2a: Miraidon|Miraidon, L50|100\/100\n|-activate|p2a: Miraidon|ability: Hadron Engine\n|turn|4\n|\n|t:|1740079405\n|-end|p2b: Iron Hands|Quark Drive|[silent]\n|switch|p2b: Ogerpon|Ogerpon-Hearthflame, L50, F|100\/100\n|-ability|p2b: Ogerpon|Mold Breaker\n|move|p2a: Miraidon|Draco Meteor|p1a: Groudon\n|-damage|p1a: Groudon|0 fnt\n|-unboost|p2a: Miraidon|spa|2\n|faint|p1a: Groudon\n|move|p1b: Amoonguss|Pollen Puff|p1: Groudon|[notarget]\n|-fail|p1b: Amoonguss\n|\n|-weather|SunnyDay|[upkeep]\n|upkeep\n|\n|t:|1740079417\n|switch|p1a: Scream Tail|Scream Tail, L50, shiny|100\/100\n|-activate|p1a: Scream Tail|ability: Protosynthesis\n|-start|p1a: Scream Tail|protosynthesisspe\n|turn|5\n|\n|t:|1740079427\n|switch|p2a: Iron Hands|Iron Hands, L50, tera:Bug|94\/100\n|-activate|p2a: Iron Hands|ability: Quark Drive\n|-start|p2a: Iron Hands|quarkdriveatk\n|move|p1a: Scream Tail|Thunder Wave|p2b: Ogerpon|[miss]\n|-miss|p1a: Scream Tail|p2b: Ogerpon\n|move|p2b: Ogerpon|Ivy Cudgel|p1b: Amoonguss|[anim] Ivy Cudgel Fire\n|-supereffective|p1b: Amoonguss\n|-damage|p1b: Amoonguss|5\/100\n|move|p1b: Amoonguss|Clear Smog|p2b: Ogerpon\n|-supereffective|p2b: Ogerpon\n|-damage|p2b: Ogerpon|81\/100\n|-clearboost|p2b: Ogerpon\n|\n|-weather|none\n|-end|p1a: Scream Tail|Protosynthesis\n|-sideend|p1: Angelo Neres|Reflect\n|-fieldend|move: Electric Terrain\n|-end|p2a: Iron Hands|Quark Drive\n|upkeep\n|turn|6\n|l| Samevgcmons\n|-message|Angelo Neres forfeited.\n|\n|win|cricetodalpendolo\n|raw|Angelo Neres's rating: 1591 &rarr; <strong>1568<\/strong><br \/>(-23 for losing)\n|raw|cricetodalpendolo's rating: 1543 &rarr; <strong>1566<\/strong><br \/>(+23 for winning)\n|l|\u2606Angelo Neres\n|player|p1|\n|l|\u2606cricetodalpendolo\n|player|p2|\n","uploadtime":1740079622,"views":18,"formatid":"gen9vgc2025regg","rating":1566,"private":0,"password":null}