{"id":"gen9vgc2025regg-2304736611","format":"[Gen 9] VGC 2025 Reg G","players":["beard gorilla","Zakmancho"],"log":"|j|\u2606beard gorilla\n|j|\u2606Zakmancho\n|t:|1740092242\n|gametype|doubles\n|player|p1|beard gorilla|2|1520\n|player|p2|Zakmancho|2|1583\n|teamsize|p1|6\n|teamsize|p2|6\n|gen|9\n|tier|[Gen 9] VGC 2025 Reg G\n|rated|\n|rule|Species Clause: Limit one of each Pok\u00e9mon\n|rule|Item Clause: Limit 1 of each item\n|clearpoke\n|poke|p1|Groudon, L50|\n|poke|p1|Chien-Pao, L50|\n|poke|p1|Raging Bolt, L50|\n|poke|p1|Volcarona, L50, F|\n|poke|p1|Urshifu-*, L50, M|\n|poke|p1|Gouging Fire, L50|\n|poke|p2|Koraidon, L50|\n|poke|p2|Chi-Yu, L50|\n|poke|p2|Flutter Mane, L50|\n|poke|p2|Ogerpon-Cornerstone, L50, F|\n|poke|p2|Raging Bolt, L50|\n|poke|p2|Whimsicott, L50, M|\n|teampreview|4\n|inactive|Battle timer is ON: inactive players will automatically lose when time's up. (requested by Zakmancho)\nbeard gorilla has agreed to open team sheets.\n|inactive|beard gorilla has 60 seconds left.\n|\n|t:|1740092289\n|start\n|switch|p1a: Chien-Pao|Chien-Pao, L50|100\/100\n|switch|p1b: Groudon|Groudon, L50|100\/100\n|switch|p2a: Ogerpon|Ogerpon-Cornerstone, L50, F|100\/100\n|switch|p2b: Whimsicott|Whimsicott, L50, M|100\/100\n|-ability|p1a: Chien-Pao|Sword of Ruin\n|-weather|SunnyDay|[from] ability: Drought|[of] p1b: Groudon\n|turn|1\n|inactive|beard gorilla has 30 seconds left.\n|inactive|Zakmancho has 30 seconds left.\n|inactive|beard gorilla has 20 seconds left.\n|inactive|beard gorilla has 15 seconds left.\n|inactive|beard gorilla has 10 seconds left.\n|\n|t:|1740092334\n|-terastallize|p1b: Groudon|Fire\n|move|p2b: Whimsicott|Tailwind|p2b: Whimsicott\n|-sidestart|p2: Zakmancho|move: Tailwind\n|move|p2a: Ogerpon|Horn Leech|p1b: Groudon\n|-resisted|p1b: Groudon\n|-damage|p1b: Groudon|83\/100\n|move|p1a: Chien-Pao|Sacred Sword|p2a: Ogerpon\n|-supereffective|p2a: Ogerpon\n|-ability|p2a: Ogerpon|Sturdy\n|-damage|p2a: Ogerpon|1\/100\n|move|p1b: Groudon|Precipice Blades|p2a: Ogerpon|[spread] p2a,p2b\n|-resisted|p2b: Whimsicott\n|-damage|p2a: Ogerpon|0 fnt\n|-damage|p2b: Whimsicott|53\/100\n|faint|p2a: Ogerpon\n|\n|-weather|SunnyDay|[upkeep]\n|upkeep\n|inactive|Zakmancho has 30 seconds left.\n|\n|t:|1740092367\n|switch|p2a: Flutter Mane|Flutter Mane, L50|100\/100\n|-activate|p2a: Flutter Mane|ability: Protosynthesis\n|-start|p2a: Flutter Mane|protosynthesisspe\n|turn|2\n|inactive|beard gorilla has 30 seconds left.\n|inactive|beard gorilla has 20 seconds left.\n|inactive|beard gorilla has 15 seconds left.\n|\n|t:|1740092407\n|switch|p1a: Gouging Fire|Gouging Fire, L50|100\/100\n|-activate|p1a: Gouging Fire|ability: Protosynthesis\n|-start|p1a: Gouging Fire|protosynthesisspe\n|-terastallize|p2a: Flutter Mane|Water\n|move|p2a: Flutter Mane|Moonblast|p1a: Gouging Fire\n|-damage|p1a: Gouging Fire|51\/100\n|move|p2b: Whimsicott|Moonblast|p1a: Gouging Fire\n|-damage|p1a: Gouging Fire|16\/100\n|move|p1b: Groudon|Precipice Blades|p2b: Whimsicott|[spread] p2a,p2b\n|-resisted|p2b: Whimsicott\n|-crit|p2b: Whimsicott\n|-damage|p2a: Flutter Mane|18\/100\n|-damage|p2b: Whimsicott|0 fnt\n|faint|p2b: Whimsicott\n|\n|-weather|SunnyDay|[upkeep]\n|upkeep\n|\n|t:|1740092423\n|switch|p2b: Koraidon|Koraidon, L50|100\/100\n|-activate|p2b: Koraidon|ability: Orichalcum Pulse\n|turn|3\n|inactive|beard gorilla has 30 seconds left.\n|\n|t:|1740092453\n|move|p2a: Flutter Mane|Moonblast|p1a: Gouging Fire\n|-damage|p1a: Gouging Fire|0 fnt\n|faint|p1a: Gouging Fire\n|-end|p1a: Gouging Fire|Protosynthesis|[silent]\n|move|p2b: Koraidon|Collision Course|p1b: Groudon\n|-damage|p1b: Groudon|36\/100\n|move|p1b: Groudon|High Horsepower|p2b: Koraidon\n|-damage|p2b: Koraidon|51\/100\n|\n|-weather|SunnyDay|[upkeep]\n|upkeep\n|j| ipanr\n|j| Easy180\n|\n|t:|1740092469\n|switch|p1a: Raging Bolt|Raging Bolt, L50|100\/100\n|-activate|p1a: Raging Bolt|ability: Protosynthesis\n|-start|p1a: Raging Bolt|protosynthesisspa\n|turn|4\n|inactive|beard gorilla has 30 seconds left.\n|inactive|beard gorilla has 20 seconds left.\n|inactive|beard gorilla has 15 seconds left.\n|\n|t:|1740092511\n|move|p2a: Flutter Mane|Imprison|p2a: Flutter Mane\n|-start|p2a: Flutter Mane|move: Imprison\n|move|p2b: Koraidon|Collision Course|p1b: Groudon\n|-damage|p1b: Groudon|0 fnt\n|faint|p1b: Groudon\n|move|p1a: Raging Bolt|Draco Meteor|p2b: Koraidon\n|-supereffective|p2b: Koraidon\n|-crit|p2b: Koraidon\n|-damage|p2b: Koraidon|0 fnt\n|-unboost|p1a: Raging Bolt|spa|2\n|faint|p2b: Koraidon\n|-damage|p1a: Raging Bolt|91\/100|[from] item: Life Orb\n|\n|-weather|SunnyDay|[upkeep]\n|-sideend|p2: Zakmancho|move: Tailwind\n|upkeep\n|\n|t:|1740092517\n|switch|p1b: Chien-Pao|Chien-Pao, L50|100\/100\n|-ability|p1b: Chien-Pao|Sword of Ruin\n|turn|5\n|\n|t:|1740092531\n|move|p1b: Chien-Pao|Sucker Punch|p2a: Flutter Mane\n|-damage|p2a: Flutter Mane|0 fnt\n|faint|p2a: Flutter Mane\n|-end|p2a: Flutter Mane|Protosynthesis|[silent]\n|\n|win|beard gorilla\n|raw|beard gorilla's rating: 1520 &rarr; <strong>1544<\/strong><br \/>(+24 for winning)\n|raw|Zakmancho's rating: 1583 &rarr; <strong>1559<\/strong><br \/>(-24 for losing)\n|l|\u2606Zakmancho\n|player|p2|\n|l| Easy180\n|l|\u2606beard gorilla\n|player|p1|\n","uploadtime":1740092674,"views":6,"formatid":"gen9vgc2025regg","rating":1544,"private":0,"password":null}