{"id":"gen9vgc2025regg-2304495301","format":"[Gen 9] VGC 2025 Reg G","players":["zhz2021","Kaicyios"],"log":"|j|\u2606zhz2021\n|j|\u2606Kaicyios\n|t:|1740067414\n|gametype|doubles\n|player|p1|zhz2021|marley|1578\n|player|p2|Kaicyios|giovanni|1629\n|teamsize|p1|6\n|teamsize|p2|6\n|gen|9\n|tier|[Gen 9] VGC 2025 Reg G\n|rated|\n|rule|Species Clause: Limit one of each Pok\u00e9mon\n|rule|Item Clause: Limit 1 of each item\n|clearpoke\n|poke|p1|Urshifu-*, L50, F|\n|poke|p1|Bruxish, L50, F|\n|poke|p1|Smeargle, L50, M|\n|poke|p1|Calyrex-Ice, L50|\n|poke|p1|Tornadus, L50, M|\n|poke|p1|Weezing-Galar, L50, F|\n|poke|p2|Calyrex-Ice, L50|\n|poke|p2|Whimsicott, L50, M|\n|poke|p2|Chi-Yu, L50|\n|poke|p2|Landorus, L50, M|\n|poke|p2|Urshifu-*, L50, F|\n|poke|p2|Raging Bolt, L50|\n|teampreview|4\n|inactive|Battle timer is ON: inactive players will automatically lose when time's up. (requested by Kaicyios)\n|\n|t:|1740067455\n|start\n|switch|p1a: Calyrex|Calyrex-Ice, L50|100\/100\n|switch|p1b: Smeargle|Smeargle, L50, M, shiny|100\/100\n|switch|p2a: Whimsicott|Whimsicott, L50, M|100\/100\n|switch|p2b: Urshifu|Urshifu-Rapid-Strike, L50, F|100\/100\n|-ability|p1a: Calyrex|As One\n|-ability|p1a: Calyrex|Unnerve\n|turn|1\n|\n|t:|1740067478\n|-terastallize|p2b: Urshifu|Water\n|move|p1b: Smeargle|Fake Out|p2b: Urshifu\n|-damage|p2b: Urshifu|95\/100\n|cant|p2b: Urshifu|flinch\n|move|p2a: Whimsicott|Endeavor|p1a: Calyrex\n|-damage|p1a: Calyrex|70\/100\n|move|p1a: Calyrex|Glacial Lance|p2a: Whimsicott|[spread] p2a,p2b\n|-supereffective|p2a: Whimsicott\n|-resisted|p2b: Urshifu\n|-crit|p2b: Urshifu\n|-enditem|p2a: Whimsicott|Focus Sash\n|-damage|p2a: Whimsicott|1\/100\n|-damage|p2b: Urshifu|53\/100\n|\n|-ability|p1b: Smeargle|Moody|boost\n|-boost|p1b: Smeargle|spd|2\n|-unboost|p1b: Smeargle|atk|1\n|-enditem|p1b: Smeargle|Eject Pack\n|upkeep\n|j| 413XP\n|inactive|zhz2021 has 30 seconds left.\n|\n|t:|1740067504\n|switch|p1b: Urshifu|Urshifu, L50, F|100\/100\n|turn|2\n|\n|t:|1740067513\n|-terastallize|p1b: Urshifu|Ghost\n|move|p1a: Calyrex|Protect|p1a: Calyrex\n|-singleturn|p1a: Calyrex|Protect\n|move|p2a: Whimsicott|Tailwind|p2a: Whimsicott\n|-sidestart|p2: Kaicyios|move: Tailwind\n|move|p1b: Urshifu|Sucker Punch|p2b: Urshifu\n|-crit|p2b: Urshifu\n|-damage|p2b: Urshifu|0 fnt\n|faint|p2b: Urshifu\n|\n|upkeep\n|l| 413XP\n|j| 413XP\n|\n|t:|1740067528\n|switch|p2b: Chi-Yu|Chi-Yu, L50|100\/100\n|-ability|p2b: Chi-Yu|Beads of Ruin\n|turn|3\n|\n|t:|1740067548\n|switch|p1a: Smeargle|Smeargle, L50, M, shiny|100\/100\n|move|p1b: Urshifu|Sucker Punch|p2b: Chi-Yu\n|-resisted|p2b: Chi-Yu\n|-damage|p2b: Chi-Yu|57\/100\n|move|p2a: Whimsicott|Endeavor|p1a: Smeargle\n|-damage|p1a: Smeargle|1\/100\n|move|p2b: Chi-Yu|Heat Wave|p1a: Smeargle|[spread] p1b\n|-miss|p2b: Chi-Yu|p1a: Smeargle\n|-damage|p1b: Urshifu|0 fnt\n|faint|p1b: Urshifu\n|\n|-ability|p1a: Smeargle|Moody|boost\n|-boost|p1a: Smeargle|spa|2\n|-unboost|p1a: Smeargle|spd|1\n|upkeep\n|\n|t:|1740067563\n|switch|p1b: Bruxish|Bruxish, L50, F, shiny|100\/100\n|turn|4\n|\n|t:|1740067581\n|move|p1a: Smeargle|Fake Out|p2a: Whimsicott\n|-damage|p2a: Whimsicott|0 fnt\n|faint|p2a: Whimsicott\n|move|p2b: Chi-Yu|Heat Wave|p1b: Bruxish|[spread] p1a,p1b\n|-resisted|p1b: Bruxish\n|-damage|p1a: Smeargle|0 fnt\n|-damage|p1b: Bruxish|48\/100\n|faint|p1a: Smeargle\n|move|p1b: Bruxish|Trick Room|p1b: Bruxish\n|-fieldstart|move: Trick Room|[of] p1b: Bruxish\n|\n|upkeep\n|\n|t:|1740067593\n|switch|p1a: Calyrex|Calyrex-Ice, L50|70\/100\n|switch|p2a: Calyrex|Calyrex-Ice, L50|100\/100\n|-ability|p1a: Calyrex|As One\n|-ability|p1a: Calyrex|Unnerve\n|-ability|p2a: Calyrex|As One\n|-ability|p2a: Calyrex|Unnerve\n|turn|5\n|inactive|Kaicyios has 30 seconds left.\n|\n|t:|1740067622\n|move|p1b: Bruxish|Liquidation|p2b: Chi-Yu\n|-supereffective|p2b: Chi-Yu\n|-damage|p2b: Chi-Yu|0 fnt\n|faint|p2b: Chi-Yu\n|move|p1a: Calyrex|Imprison|p1a: Calyrex\n|-start|p1a: Calyrex|move: Imprison\n|move|p2a: Calyrex|Stomping Tantrum|p1a: Calyrex\n|-damage|p1a: Calyrex|37\/100\n|\n|-sideend|p2: Kaicyios|move: Tailwind\n|upkeep\n|turn|6\n|\n|t:|1740067639\n|move|p1b: Bruxish|Super Fang|p2a: Calyrex\n|-damage|p2a: Calyrex|50\/100\n|move|p1a: Calyrex|High Horsepower|p2a: Calyrex\n|-damage|p2a: Calyrex|20\/100\n|move|p2a: Calyrex|Stomping Tantrum|p1a: Calyrex\n|-damage|p1a: Calyrex|6\/100\n|\n|upkeep\n|turn|7\n|\n|t:|1740067650\n|move|p1b: Bruxish|Liquidation|p2a: Calyrex\n|-damage|p2a: Calyrex|0 fnt\n|faint|p2a: Calyrex\n|\n|win|zhz2021\n|raw|zhz2021's rating: 1598 &rarr; <strong>1620<\/strong><br \/>(+22 for winning)\n|raw|Kaicyios's rating: 1629 &rarr; <strong>1607<\/strong><br \/>(-22 for losing)\n|l|\u2606Kaicyios\n|player|p2|\n|l|\u2606zhz2021\n|player|p1|\n|l| 413XP\n","uploadtime":1740067923,"views":7,"formatid":"gen9vgc2025regg","rating":1607,"private":0,"password":null}