{"id":"gen9vgc2025regg-2304720036","format":"[Gen 9] VGC 2025 Reg G","players":["leolc0926","navinsachump"],"log":"|j|\u2606leolc0926\n|j|\u2606navinsachump\n|t:|1740090328\n|gametype|doubles\n|player|p1|leolc0926|steven|1599\n|player|p2|navinsachump|170|1673\n|teamsize|p1|6\n|teamsize|p2|6\n|gen|9\n|tier|[Gen 9] VGC 2025 Reg G\n|rated|\n|rule|Species Clause: Limit one of each Pok\u00e9mon\n|rule|Item Clause: Limit 1 of each item\n|clearpoke\n|poke|p1|Flutter Mane, L50|\n|poke|p1|Torkoal, L50, M|\n|poke|p1|Calyrex-Ice, L50|\n|poke|p1|Ogerpon-Cornerstone, L50, F|\n|poke|p1|Urshifu-*, L50, M|\n|poke|p1|Farigiraf, L50, F|\n|poke|p2|Whimsicott, L50, M|\n|poke|p2|Ogerpon-Cornerstone, L50, F|\n|poke|p2|Incineroar, L50, M|\n|poke|p2|Miraidon, L50|\n|poke|p2|Ursaluna-Bloodmoon, L50, M|\n|poke|p2|Farigiraf, L50, M|\n|teampreview|4\n|inactive|Battle timer is ON: inactive players will automatically lose when time's up. (requested by navinsachump)\nnavinsachump rejected open team sheets.\n|\n|t:|1740090360\n|start\n|switch|p1a: \u30cf\u30d0\u30bf\u30af\u30ab\u30df|Flutter Mane, L50, shiny|100\/100\n|switch|p1b: \u55b7\u706b\u4fa0|Torkoal, L50, M|100\/100\n|switch|p2a: Miraidon|Miraidon, L50|100\/100\n|switch|p2b: Ursaluna|Ursaluna-Bloodmoon, L50, M|100\/100\n|-fieldstart|move: Electric Terrain|[from] ability: Hadron Engine|[of] p2a: Miraidon\n|-weather|SunnyDay|[from] ability: Drought|[of] p1b: \u55b7\u706b\u4fa0\n|-activate|p1a: \u30cf\u30d0\u30bf\u30af\u30ab\u30df|ability: Protosynthesis\n|-start|p1a: \u30cf\u30d0\u30bf\u30af\u30ab\u30df|protosynthesisspe\n|turn|1\n|\n|t:|1740090371\n|-terastallize|p1a: \u30cf\u30d0\u30bf\u30af\u30ab\u30df|Fairy\n|-terastallize|p2a: Miraidon|Electric\n|move|p1b: \u55b7\u706b\u4fa0|Helping Hand|p1a: \u30cf\u30d0\u30bf\u30af\u30ab\u30df\n|-singleturn|p1a: \u30cf\u30d0\u30bf\u30af\u30ab\u30df|Helping Hand|[of] p1b: \u55b7\u706b\u4fa0\n|move|p1a: \u30cf\u30d0\u30bf\u30af\u30ab\u30df|Moonblast|p2a: Miraidon\n|-damage|p2a: Miraidon|0 fnt\n|faint|p2a: Miraidon\n|-damage|p1a: \u30cf\u30d0\u30bf\u30af\u30ab\u30df|91\/100|[from] item: Life Orb\n|move|p2b: Ursaluna|Hyper Voice|p1b: \u55b7\u706b\u4fa0|[spread] p1a,p1b\n|-damage|p1a: \u30cf\u30d0\u30bf\u30af\u30ab\u30df|45\/100\n|-damage|p1b: \u55b7\u706b\u4fa0|42\/100\n|-damage|p2b: Ursaluna|91\/100|[from] item: Life Orb\n|\n|-weather|SunnyDay|[upkeep]\n|upkeep\n|\n|t:|1740090382\n|switch|p2a: Incineroar|Incineroar, L50, M|100\/100\n|-ability|p2a: Incineroar|Intimidate|boost\n|-unboost|p1a: \u30cf\u30d0\u30bf\u30af\u30ab\u30df|atk|1\n|-unboost|p1b: \u55b7\u706b\u4fa0|atk|1\n|turn|2\n|\n|t:|1740090391\n|move|p1a: \u30cf\u30d0\u30bf\u30af\u30ab\u30df|Protect|p1a: \u30cf\u30d0\u30bf\u30af\u30ab\u30df\n|-singleturn|p1a: \u30cf\u30d0\u30bf\u30af\u30ab\u30df|Protect\n|move|p1b: \u55b7\u706b\u4fa0|Protect|p1b: \u55b7\u706b\u4fa0\n|-singleturn|p1b: \u55b7\u706b\u4fa0|Protect\n|move|p2a: Incineroar|Fake Out|p1a: \u30cf\u30d0\u30bf\u30af\u30ab\u30df\n|-activate|p1a: \u30cf\u30d0\u30bf\u30af\u30ab\u30df|move: Protect\n|move|p2b: Ursaluna|Hyper Voice|p1b: \u55b7\u706b\u4fa0|[spread] \n|-activate|p1a: \u30cf\u30d0\u30bf\u30af\u30ab\u30df|move: Protect\n|-activate|p1b: \u55b7\u706b\u4fa0|move: Protect\n|\n|-weather|SunnyDay|[upkeep]\n|upkeep\n|turn|3\n|\n|t:|1740090400\n|move|p1b: \u55b7\u706b\u4fa0|Helping Hand|p1a: \u30cf\u30d0\u30bf\u30af\u30ab\u30df\n|-singleturn|p1a: \u30cf\u30d0\u30bf\u30af\u30ab\u30df|Helping Hand|[of] p1b: \u55b7\u706b\u4fa0\n|move|p2b: Ursaluna|Protect|p2b: Ursaluna\n|-singleturn|p2b: Ursaluna|Protect\n|move|p1a: \u30cf\u30d0\u30bf\u30af\u30ab\u30df|Dazzling Gleam|p2a: Incineroar|[spread] p2a\n|-activate|p2b: Ursaluna|move: Protect\n|-damage|p2a: Incineroar|51\/100\n|-damage|p1a: \u30cf\u30d0\u30bf\u30af\u30ab\u30df|35\/100|[from] item: Life Orb\n|move|p2a: Incineroar|Flare Blitz|p1a: \u30cf\u30d0\u30bf\u30af\u30ab\u30df\n|-damage|p1a: \u30cf\u30d0\u30bf\u30af\u30ab\u30df|0 fnt\n|faint|p1a: \u30cf\u30d0\u30bf\u30af\u30ab\u30df\n|-end|p1a: \u30cf\u30d0\u30bf\u30af\u30ab\u30df|Protosynthesis|[silent]\n|-damage|p2a: Incineroar|44\/100|[from] Recoil\n|\n|-weather|SunnyDay|[upkeep]\n|upkeep\n|\n|t:|1740090410\n|switch|p1a: Ogerpon|Ogerpon-Cornerstone, L50, F|100\/100\n|turn|4\n|inactive|navinsachump has 30 seconds left.\n|inactive|navinsachump has 20 seconds left.\n|\n|t:|1740090446\n|switch|p2b: Farigiraf|Farigiraf, L50, M|100\/100\n|-enditem|p2b: Farigiraf|Electric Seed\n|-boost|p2b: Farigiraf|def|1|[from] item: Electric Seed\n|switch|p1b: \u30d0\u30c9\u30ec\u30c3\u30af\u30b9|Calyrex-Ice, L50|100\/100\n|-ability|p1b: \u30d0\u30c9\u30ec\u30c3\u30af\u30b9|As One\n|-ability|p1b: \u30d0\u30c9\u30ec\u30c3\u30af\u30b9|Unnerve\n|move|p1a: Ogerpon|Power Whip|p2b: Farigiraf\n|-damage|p2b: Farigiraf|63\/100\n|move|p2a: Incineroar|Flare Blitz|p1a: Ogerpon\n|-damage|p1a: Ogerpon|10\/100\n|-damage|p2a: Incineroar|21\/100|[from] Recoil\n|\n|-weather|SunnyDay|[upkeep]\n|upkeep\n|turn|5\n|inactive|navinsachump has 30 seconds left.\n|inactive|navinsachump has 20 seconds left.\n|inactive|navinsachump has 15 seconds left.\n|\n|t:|1740090486\n|move|p1a: Ogerpon|Ivy Cudgel|p2a: Incineroar|[anim] Ivy Cudgel Rock\n|-supereffective|p2a: Incineroar\n|-damage|p2a: Incineroar|0 fnt\n|faint|p2a: Incineroar\n|move|p2b: Farigiraf|Foul Play|p1b: \u30d0\u30c9\u30ec\u30c3\u30af\u30b9\n|-supereffective|p1b: \u30d0\u30c9\u30ec\u30c3\u30af\u30b9\n|-damage|p1b: \u30d0\u30c9\u30ec\u30c3\u30af\u30b9|51\/100\n|move|p1b: \u30d0\u30c9\u30ec\u30c3\u30af\u30b9|Trick Room|p1b: \u30d0\u30c9\u30ec\u30c3\u30af\u30b9\n|-fieldstart|move: Trick Room|[of] p1b: \u30d0\u30c9\u30ec\u30c3\u30af\u30b9\n|\n|-weather|none\n|-fieldend|move: Electric Terrain\n|upkeep\n|\n|t:|1740090492\n|switch|p2a: Ursaluna|Ursaluna-Bloodmoon, L50, M|91\/100\n|turn|6\n|\n|t:|1740090507\n|move|p2a: Ursaluna|Protect|p2a: Ursaluna\n|-singleturn|p2a: Ursaluna|Protect\n|move|p1a: Ogerpon|Follow Me|p1a: Ogerpon\n|-singleturn|p1a: Ogerpon|move: Follow Me\n|move|p1b: \u30d0\u30c9\u30ec\u30c3\u30af\u30b9|Glacial Lance|p2b: Farigiraf|[spread] p2b\n|-activate|p2a: Ursaluna|move: Protect\n|-damage|p2b: Farigiraf|36\/100\n|move|p2b: Farigiraf|Foul Play|p1a: Ogerpon\n|-damage|p1a: Ogerpon|0 fnt\n|faint|p1a: Ogerpon\n|\n|upkeep\n|\n|t:|1740090511\n|switch|p1a: \u55b7\u706b\u4fa0|Torkoal, L50, M|42\/100\n|-weather|SunnyDay|[from] ability: Drought|[of] p1a: \u55b7\u706b\u4fa0\n|turn|7\n|\n|t:|1740090527\n|move|p2a: Ursaluna|Protect|p2a: Ursaluna\n|-singleturn|p2a: Ursaluna|Protect\n|move|p1a: \u55b7\u706b\u4fa0|Weather Ball|p2a: Ursaluna\n|-activate|p2a: Ursaluna|move: Protect\n|move|p1b: \u30d0\u30c9\u30ec\u30c3\u30af\u30b9|Glacial Lance|p2b: Farigiraf|[spread] p2b\n|-activate|p2a: Ursaluna|move: Protect\n|-damage|p2b: Farigiraf|7\/100\n|move|p2b: Farigiraf|Trick Room|p2b: Farigiraf\n|-fieldend|move: Trick Room\n|\n|-weather|SunnyDay|[upkeep]\n|upkeep\n|turn|8\n|inactive|leolc0926 has 30 seconds left.\n|inactive|leolc0926 has 20 seconds left.\n|\n|t:|1740090562\n|move|p2a: Ursaluna|Hyper Voice|p1a: \u55b7\u706b\u4fa0|[spread] p1a,p1b\n|-damage|p1a: \u55b7\u706b\u4fa0|0 fnt\n|-damage|p1b: \u30d0\u30c9\u30ec\u30c3\u30af\u30b9|23\/100\n|faint|p1a: \u55b7\u706b\u4fa0\n|-damage|p2a: Ursaluna|81\/100|[from] item: Life Orb\n|move|p2b: Farigiraf|Foul Play|p1b: \u30d0\u30c9\u30ec\u30c3\u30af\u30b9\n|-supereffective|p1b: \u30d0\u30c9\u30ec\u30c3\u30af\u30b9\n|-damage|p1b: \u30d0\u30c9\u30ec\u30c3\u30af\u30b9|0 fnt\n|faint|p1b: \u30d0\u30c9\u30ec\u30c3\u30af\u30b9\n|\n|win|navinsachump\n|raw|leolc0926's rating: 1599 &rarr; <strong>1583<\/strong><br \/>(-16 for losing)\n|raw|navinsachump's rating: 1673 &rarr; <strong>1689<\/strong><br \/>(+16 for winning)\n|l|\u2606navinsachump\n|player|p2|\n|l|\u2606leolc0926\n|player|p1|\n","uploadtime":1740090740,"views":5,"formatid":"gen9vgc2025regg","rating":1583,"private":0,"password":null}