{"id":"gen9vgc2025regg-2304529779","format":"[Gen 9] VGC 2025 Reg G","players":["floatsel","KogaAF1219"],"log":"|j|\u2606floatsel\n|j|\u2606KogaAF1219\n|t:|1740070822\n|gametype|doubles\n|player|p1|floatsel|marley|1549\n|player|p2|KogaAF1219|102|1582\n|teamsize|p1|6\n|teamsize|p2|6\n|gen|9\n|tier|[Gen 9] VGC 2025 Reg G\n|rated|\n|rule|Species Clause: Limit one of each Pok\u00e9mon\n|rule|Item Clause: Limit 1 of each item\n|clearpoke\n|poke|p1|Iron Hands, L50|\n|poke|p1|Miraidon, L50|\n|poke|p1|Iron Leaves, L50|\n|poke|p1|Iron Valiant, L50|\n|poke|p1|Iron Jugulis, L50|\n|poke|p1|Iron Boulder, L50|\n|poke|p2|Koraidon, L50|\n|poke|p2|Indeedee, L50, M|\n|poke|p2|Whimsicott, L50, M|\n|poke|p2|Torkoal, L50, M|\n|poke|p2|Ogerpon-Cornerstone, L50, F|\n|poke|p2|Chi-Yu, L50|\n|teampreview|4\n|\n|t:|1740070854\n|start\n|switch|p1a: Miraidon|Miraidon, L50|100\/100\n|switch|p1b: Iron Hands|Iron Hands, L50|100\/100\n|switch|p2a: Indeedee|Indeedee, L50, M|100\/100\n|switch|p2b: Chi-Yu|Chi-Yu, L50|100\/100\n|-ability|p2b: Chi-Yu|Beads of Ruin\n|-fieldstart|move: Electric Terrain|[from] ability: Hadron Engine|[of] p1a: Miraidon\n|-activate|p1b: Iron Hands|ability: Quark Drive\n|-start|p1b: Iron Hands|quarkdriveatk\n|-fieldstart|move: Psychic Terrain|[from] ability: Psychic Surge|[of] p2a: Indeedee\n|-end|p1b: Iron Hands|Quark Drive\n|turn|1\n|j| 413XP\n|inactive|Battle timer is ON: inactive players will automatically lose when time's up. (requested by KogaAF1219)\n|\n|t:|1740070876\n|move|p2b: Chi-Yu|Heat Wave|p1a: Miraidon|[spread] p1a,p1b\n|-resisted|p1a: Miraidon\n|-damage|p1a: Miraidon|80\/100\n|-damage|p1b: Iron Hands|75\/100\n|move|p1a: Miraidon|Draco Meteor|p2a: Indeedee\n|-enditem|p2a: Indeedee|Focus Sash\n|-damage|p2a: Indeedee|1\/100\n|-unboost|p1a: Miraidon|spa|2\n|move|p2a: Indeedee|Expanding Force|p1b: Iron Hands|[spread] p1a,p1b\n|-supereffective|p1b: Iron Hands\n|-damage|p1a: Miraidon|15\/100\n|-damage|p1b: Iron Hands|0 fnt\n|faint|p1b: Iron Hands\n|-end|p1b: Iron Hands|Quark Drive|[silent]\n|\n|upkeep\n|\n|t:|1740070891\n|switch|p1b: Iron Valiant|Iron Valiant, L50|100\/100\n|turn|2\n|j| Fratecc\n|\n|t:|1740070900\n|switch|p1a: Iron Jugulis|Iron Jugulis, L50|100\/100\n|-enditem|p1a: Iron Jugulis|Booster Energy\n|-activate|p1a: Iron Jugulis|ability: Quark Drive|[fromitem]\n|-start|p1a: Iron Jugulis|quarkdrivespe\n|-terastallize|p2a: Indeedee|Fairy\n|move|p1b: Iron Valiant|Wide Guard|p1b: Iron Valiant\n|-singleturn|p1b: Iron Valiant|Wide Guard\n|move|p2b: Chi-Yu|Heat Wave|p1b: Iron Valiant|[spread] \n|-activate|p1a: Iron Jugulis|move: Wide Guard\n|-activate|p1b: Iron Valiant|move: Wide Guard\n|move|p2a: Indeedee|Trick Room|p2a: Indeedee\n|-fieldstart|move: Trick Room|[of] p2a: Indeedee\n|\n|upkeep\n|turn|3\n|\n|t:|1740070915\n|switch|p2b: Koraidon|Koraidon, L50|100\/100\n|-weather|SunnyDay|[from] ability: Orichalcum Pulse|[of] p2b: Koraidon\n|-activate|p2b: Koraidon|Orichalcum Pulse|[source]\n|move|p2a: Indeedee|Dazzling Gleam|p1a: Iron Jugulis|[spread] p1a,p1b\n|-supereffective|p1a: Iron Jugulis\n|-supereffective|p1b: Iron Valiant\n|-damage|p1a: Iron Jugulis|33\/100\n|-damage|p1b: Iron Valiant|11\/100\n|move|p1b: Iron Valiant|Aura Sphere|p2b: Koraidon\n|-damage|p2b: Koraidon|61\/100\n|move|p1a: Iron Jugulis|Dark Pulse|p2a: Indeedee\n|-resisted|p2a: Indeedee\n|-damage|p2a: Indeedee|0 fnt\n|faint|p2a: Indeedee\n|\n|-weather|SunnyDay|[upkeep]\n|upkeep\n|\n|t:|1740070922\n|switch|p2a: Torkoal|Torkoal, L50, M|100\/100\n|turn|4\n|\n|t:|1740070934\n|move|p1b: Iron Valiant|Wide Guard|p1b: Iron Valiant\n|-singleturn|p1b: Iron Valiant|Wide Guard\n|move|p2a: Torkoal|Earth Power|p1b: Iron Valiant\n|-damage|p1b: Iron Valiant|0 fnt\n|faint|p1b: Iron Valiant\n|-end|p1b: Iron Valiant|Quark Drive|[silent]\n|move|p2b: Koraidon|Dragon Claw|p1a: Iron Jugulis\n|-damage|p1a: Iron Jugulis|0 fnt\n|faint|p1a: Iron Jugulis\n|-end|p1a: Iron Jugulis|Quark Drive|[silent]\n|\n|-weather|SunnyDay|[upkeep]\n|upkeep\n|\n|t:|1740070943\n|switch|p1b: Miraidon|Miraidon, L50|15\/100\n|-fieldstart|move: Electric Terrain|[from] ability: Hadron Engine|[of] p1b: Miraidon\n|turn|5\n|\n|t:|1740070948\n|move|p2a: Torkoal|Earth Power|p1b: Miraidon\n|-supereffective|p1b: Miraidon\n|-damage|p1b: Miraidon|0 fnt\n|faint|p1b: Miraidon\n|\n|win|KogaAF1219\n|raw|floatsel's rating: 1549 &rarr; <strong>1531<\/strong><br \/>(-18 for losing)\n|raw|KogaAF1219's rating: 1582 &rarr; <strong>1600<\/strong><br \/>(+18 for winning)\n|l|\u2606floatsel\n|player|p1|\n|l| 413XP\n|l|\u2606KogaAF1219\n|player|p2|\n|l| Fratecc\n","uploadtime":1740070952,"views":8,"formatid":"gen9vgc2025regg","rating":1531,"private":0,"password":null}