{"id":"gen9vgc2025regg-2304327158","format":"[Gen 9] VGC 2025 Reg G","players":["Growth_my_word","tachitsuteto12345"],"log":"|j|\u2606Growth_my_word\n|j|\u2606tachitsuteto12345\n|t:|1740044270\n|gametype|doubles\n|player|p1|Growth_my_word|lady-gen4|1712\n|player|p2|tachitsuteto12345|265|1668\n|teamsize|p1|6\n|teamsize|p2|6\n|gen|9\n|tier|[Gen 9] VGC 2025 Reg G\n|rated|\n|rule|Species Clause: Limit one of each Pok\u00e9mon\n|rule|Item Clause: Limit 1 of each item\n|clearpoke\n|poke|p1|Miraidon, L50|\n|poke|p1|Dragonite, L50, F|\n|poke|p1|Dondozo, L50, F|\n|poke|p1|Tatsugiri, L50, F|\n|poke|p1|Gholdengo, L50|\n|poke|p1|Chi-Yu, L50|\n|poke|p2|Calyrex-Ice, L50|\n|poke|p2|Raging Bolt, L50|\n|poke|p2|Urshifu-*, L50, M|\n|poke|p2|Pelipper, L50, F|\n|poke|p2|Incineroar, L50, M|\n|poke|p2|Amoonguss, L50, M|\n|teampreview|4\n|\n|t:|1740044296\n|start\n|switch|p1a: Miraidon|Miraidon, L50|100\/100\n|switch|p1b: Chi-Yu|Chi-Yu, L50|100\/100\n|switch|p2a: Urshifu|Urshifu-Rapid-Strike, L50, M|100\/100\n|switch|p2b: Amoonguss|Amoonguss, L50, M|100\/100\n|-fieldstart|move: Electric Terrain|[from] ability: Hadron Engine|[of] p1a: Miraidon\n|-ability|p1b: Chi-Yu|Beads of Ruin\n|turn|1\n|\n|t:|1740044328\n|switch|p1b: Dondozo|Dondozo, L50, F|100\/100\n|-terastallize|p2b: Amoonguss|Dark\n|move|p2a: Urshifu|Ice Spinner|p1a: Miraidon\n|-supereffective|p1a: Miraidon\n|-damage|p1a: Miraidon|49\/100\n|-fieldend|move: Electric Terrain\n|move|p1a: Miraidon|Dazzling Gleam|p2a: Urshifu|[spread] p2a,p2b\n|-supereffective|p2a: Urshifu\n|-crit|p2a: Urshifu\n|-supereffective|p2b: Amoonguss\n|-damage|p2a: Urshifu|0 fnt\n|-damage|p2b: Amoonguss|68\/100\n|faint|p2a: Urshifu\n|move|p2b: Amoonguss|Spore|p1a: Miraidon\n|-status|p1a: Miraidon|slp|[from] move: Spore\n|\n|upkeep\n|\n|t:|1740044347\n|switch|p2a: Calyrex|Calyrex-Ice, L50|100\/100\n|-ability|p2a: Calyrex|As One\n|-ability|p2a: Calyrex|Unnerve\n|turn|2\n|j| Easy180\n|\n|t:|1740044367\n|switch|p1a: Tatsugiri|Tatsugiri, L50, F|100\/100\n|-activate|p1a: Tatsugiri|ability: Commander|[of] p1b: Dondozo\n|-boost|p1b: Dondozo|atk|2\n|-boost|p1b: Dondozo|spa|2\n|-boost|p1b: Dondozo|spe|2\n|-boost|p1b: Dondozo|def|2\n|-boost|p1b: Dondozo|spd|2\n|switch|p2b: Raging Bolt|Raging Bolt, L50|100\/100\n|move|p1b: Dondozo|Wave Crash|p2b: Raging Bolt\n|-resisted|p2b: Raging Bolt\n|-damage|p2b: Raging Bolt|56\/100\n|-damage|p1b: Dondozo|85\/100|[from] Recoil\n|move|p2a: Calyrex|Trick Room|p2a: Calyrex\n|-fieldstart|move: Trick Room|[of] p2a: Calyrex\n|\n|-heal|p1b: Dondozo|92\/100|[from] item: Leftovers\n|upkeep\n|turn|3\n|\n|t:|1740044390\n|switch|p2a: Amoonguss|Amoonguss, L50, M, tera:Dark|100\/100\n|move|p2b: Raging Bolt|Draco Meteor|p1b: Dondozo\n|-damage|p1b: Dondozo|58\/100\n|-unboost|p2b: Raging Bolt|spa|2\n|move|p1b: Dondozo|Earthquake|p2b: Raging Bolt|[spread] p2a,p2b\n|-miss|p1b: Dondozo|p1a: Tatsugiri\n|-supereffective|p2b: Raging Bolt\n|-damage|p2a: Amoonguss|56\/100\n|-damage|p2b: Raging Bolt|0 fnt\n|faint|p2b: Raging Bolt\n|-end|p2b: Raging Bolt|Protosynthesis|[silent]\n|\n|-heal|p1b: Dondozo|64\/100|[from] item: Leftovers\n|upkeep\n|\n|t:|1740044405\n|switch|p2b: Calyrex|Calyrex-Ice, L50|100\/100\n|-ability|p2b: Calyrex|As One\n|-ability|p2b: Calyrex|Unnerve\n|turn|4\n|\n|t:|1740044417\n|move|p1b: Dondozo|Protect|p1b: Dondozo\n|-singleturn|p1b: Dondozo|Protect\n|move|p2a: Amoonguss|Clear Smog|p1b: Dondozo\n|-activate|p1b: Dondozo|move: Protect\n|move|p2b: Calyrex|Glacial Lance|p1b: Dondozo|[spread] \n|-miss|p2b: Calyrex|p1a: Tatsugiri\n|-activate|p1b: Dondozo|move: Protect\n|\n|-heal|p1b: Dondozo|70\/100|[from] item: Leftovers\n|upkeep\n|turn|5\n|\n|t:|1740044431\n|move|p2a: Amoonguss|Spore|p1b: Dondozo\n|-status|p1b: Dondozo|slp|[from] move: Spore\n|move|p2b: Calyrex|Glacial Lance|p1a: Tatsugiri|[spread] p1b\n|-miss|p2b: Calyrex|p1a: Tatsugiri\n|-resisted|p1b: Dondozo\n|-damage|p1b: Dondozo|60\/100 slp\n|cant|p1b: Dondozo|slp\n|\n|-heal|p1b: Dondozo|66\/100 slp|[from] item: Leftovers\n|upkeep\n|turn|6\n|\n|t:|1740044447\n|move|p2a: Amoonguss|Clear Smog|p1b: Dondozo\n|-damage|p1b: Dondozo|58\/100 slp\n|-clearboost|p1b: Dondozo\n|move|p2b: Calyrex|High Horsepower|p1b: Dondozo\n|-damage|p1b: Dondozo|32\/100 slp\n|-curestatus|p1b: Dondozo|slp|[msg]\n|move|p1b: Dondozo|Wave Crash|p2a: Amoonguss\n|-damage|p2a: Amoonguss|2\/100\n|-damage|p1b: Dondozo|15\/100|[from] Recoil\n|\n|-heal|p1b: Dondozo|21\/100|[from] item: Leftovers\n|-fieldend|move: Trick Room\n|upkeep\n|turn|7\n|\n|t:|1740044466\n|move|p1b: Dondozo|Earthquake|p2b: Calyrex|[spread] p2a,p2b\n|-miss|p1b: Dondozo|p1a: Tatsugiri\n|-damage|p2a: Amoonguss|0 fnt\n|-damage|p2b: Calyrex|87\/100\n|faint|p2a: Amoonguss\n|move|p2b: Calyrex|Trick Room|p2b: Calyrex\n|-fieldstart|move: Trick Room|[of] p2b: Calyrex\n|\n|-heal|p1b: Dondozo|27\/100|[from] item: Leftovers\n|upkeep\n|turn|8\n|j| timeturtle21\n|\n|t:|1740044493\n|move|p1b: Dondozo|Protect|p1b: Dondozo\n|-singleturn|p1b: Dondozo|Protect\n|move|p2b: Calyrex|High Horsepower|p1b: Dondozo\n|-activate|p1b: Dondozo|move: Protect\n|\n|-heal|p1b: Dondozo|33\/100|[from] item: Leftovers\n|upkeep\n|turn|9\n|\n|t:|1740044502\n|move|p2b: Calyrex|High Horsepower|p1b: Dondozo\n|-damage|p1b: Dondozo|7\/100\n|move|p1b: Dondozo|Order Up|p2b: Calyrex\n|-damage|p2b: Calyrex|72\/100\n|-boost|p1b: Dondozo|atk|1\n|\n|-heal|p1b: Dondozo|13\/100|[from] item: Leftovers\n|upkeep\n|turn|10\n|\n|t:|1740044516\n|move|p2b: Calyrex|High Horsepower|p1b: Dondozo\n|-damage|p1b: Dondozo|0 fnt\n|faint|p1b: Dondozo\n|-ability|p2b: Calyrex|Chilling Neigh|boost\n|-boost|p2b: Calyrex|atk|1\n|\n|upkeep\n|l| Easy180\n|\n|t:|1740044521\n|switch|p1b: Chi-Yu|Chi-Yu, L50|100\/100\n|-ability|p1b: Chi-Yu|Beads of Ruin\n|turn|11\n|\n|t:|1740044544\n|move|p2b: Calyrex|Glacial Lance|p1a: Tatsugiri|[spread] p1a,p1b\n|-resisted|p1b: Chi-Yu\n|-damage|p1a: Tatsugiri|0 fnt\n|-damage|p1b: Chi-Yu|17\/100\n|faint|p1a: Tatsugiri\n|-ability|p2b: Calyrex|Chilling Neigh|boost\n|-boost|p2b: Calyrex|atk|1\n|move|p1b: Chi-Yu|Dark Pulse|p2b: Calyrex\n|-supereffective|p2b: Calyrex\n|-damage|p2b: Calyrex|0 fnt\n|faint|p2b: Calyrex\n|\n|win|Growth_my_word\n|raw|Growth_my_word's rating: 1712 &rarr; <strong>1729<\/strong><br \/>(+17 for winning)\n|raw|tachitsuteto12345's rating: 1668 &rarr; <strong>1651<\/strong><br \/>(-17 for losing)\n|l|\u2606Growth_my_word\n|player|p1|\n|l|\u2606tachitsuteto12345\n|player|p2|\n|l| timeturtle21\n","uploadtime":1740044771,"views":15,"formatid":"gen9vgc2025regg","rating":1651,"private":0,"password":null}