{"id":"gen9vgc2025regg-2304616377","format":"[Gen 9] VGC 2025 Reg G","players":["chappell murkroan","xatseye"],"log":"|j|\u2606chappell murkroan\n|j|\u2606xatseye\n|t:|1740079407\n|gametype|doubles\n|player|p1|chappell murkroan|caitlin|1648\n|player|p2|xatseye|unknown|1722\n|teamsize|p1|6\n|teamsize|p2|6\n|gen|9\n|tier|[Gen 9] VGC 2025 Reg G\n|rated|\n|rule|Species Clause: Limit one of each Pok\u00e9mon\n|rule|Item Clause: Limit 1 of each item\n|clearpoke\n|poke|p1|Chien-Pao, L50|\n|poke|p1|Amoonguss, L50, M|\n|poke|p1|Kyogre, L50|\n|poke|p1|Dragonite, L50, M|\n|poke|p1|Urshifu-*, L50, F|\n|poke|p1|Tornadus, L50, M|\n|poke|p2|Miraidon, L50|\n|poke|p2|Incineroar, L50, M|\n|poke|p2|Oranguru, L50, M|\n|poke|p2|Clefairy, L50, M|\n|poke|p2|Baxcalibur, L50, F|\n|poke|p2|Whimsicott, L50, M|\n|teampreview|4\n|inactive|Battle timer is ON: inactive players will automatically lose when time's up. (requested by xatseye)\n|inactive|chappell murkroan also wants the timer to be on.\n|\n|t:|1740079429\n|start\n|switch|p1a: Chien-Pao|Chien-Pao, L50|100\/100\n|switch|p1b: Dragonite|Dragonite, L50, M|100\/100\n|switch|p2a: Miraidon|Miraidon, L50|100\/100\n|switch|p2b: Incineroar|Incineroar, L50, M|100\/100\n|-ability|p1a: Chien-Pao|Sword of Ruin\n|-fieldstart|move: Electric Terrain|[from] ability: Hadron Engine|[of] p2a: Miraidon\n|-enditem|p2a: Miraidon|Electric Seed\n|-boost|p2a: Miraidon|def|1|[from] item: Electric Seed\n|-ability|p2b: Incineroar|Intimidate|boost\n|-unboost|p1a: Chien-Pao|atk|1\n|-fail|p1b: Dragonite|unboost|Attack|[from] ability: Inner Focus|[of] p1b: Dragonite\n|turn|1\n|inactive|xatseye has 30 seconds left.\n|\n|t:|1740079458\n|-terastallize|p1b: Dragonite|Normal\n|move|p1a: Chien-Pao|Protect|p1a: Chien-Pao\n|-singleturn|p1a: Chien-Pao|Protect\n|move|p1b: Dragonite|Extreme Speed|p2a: Miraidon\n|-damage|p2a: Miraidon|51\/100\n|move|p2a: Miraidon|Calm Mind|p2a: Miraidon\n|-boost|p2a: Miraidon|spa|1\n|-boost|p2a: Miraidon|spd|1\n|move|p2b: Incineroar|Knock Off|p1b: Dragonite\n|-damage|p1b: Dragonite|46\/100\n|-enditem|p1b: Dragonite|Choice Band|[from] move: Knock Off|[of] p2b: Incineroar\n|\n|upkeep\n|turn|2\n|\n|t:|1740079483\n|move|p2a: Miraidon|Protect|p2a: Miraidon\n|-singleturn|p2a: Miraidon|Protect\n|move|p1b: Dragonite|Extreme Speed|p2a: Miraidon\n|-activate|p2a: Miraidon|move: Protect\n|move|p1a: Chien-Pao|Ice Spinner|p2a: Miraidon\n|-activate|p2a: Miraidon|move: Protect\n|move|p2b: Incineroar|Parting Shot|p1a: Chien-Pao\n|-unboost|p1a: Chien-Pao|atk|1\n|-unboost|p1a: Chien-Pao|spa|1\n|j| 2imnew3imyou\n|\n|t:|1740079495\n|switch|p2b: Whimsicott|Whimsicott, L50, M|100\/100|[from] Parting Shot\n|\n|upkeep\n|turn|3\n|j| MillerH33\n|\n|t:|1740079506\n|move|p1b: Dragonite|Extreme Speed|p2a: Miraidon\n|-crit|p2a: Miraidon\n|-damage|p2a: Miraidon|0 fnt\n|faint|p2a: Miraidon\n|move|p2b: Whimsicott|Tailwind|p2b: Whimsicott\n|-sidestart|p2: xatseye|move: Tailwind\n|move|p1a: Chien-Pao|Ice Spinner|p2b: Whimsicott\n|-supereffective|p2b: Whimsicott\n|-damage|p2b: Whimsicott|16\/100\n|-fieldend|move: Electric Terrain\n|\n|upkeep\n|\n|t:|1740079515\n|switch|p2a: Baxcalibur|Baxcalibur, L50, F|100\/100\n|turn|4\n|\n|t:|1740079527\n|-terastallize|p2b: Whimsicott|Ghost\n|move|p1b: Dragonite|Extreme Speed|p2b: Whimsicott\n|-immune|p2b: Whimsicott\n|move|p2b: Whimsicott|Moonblast|p1a: Chien-Pao\n|-supereffective|p1a: Chien-Pao\n|-crit|p1a: Chien-Pao\n|-enditem|p1a: Chien-Pao|Focus Sash\n|-damage|p1a: Chien-Pao|1\/100\n|move|p2a: Baxcalibur|Icicle Spear|p1b: Dragonite\n|-damage|p1b: Dragonite|24\/100\n|-damage|p1b: Dragonite|2\/100\n|-damage|p1b: Dragonite|0 fnt\n|faint|p1b: Dragonite\n|-hitcount|p1: Dragonite|3\n|move|p1a: Chien-Pao|Throat Chop|p2a: Baxcalibur\n|-crit|p2a: Baxcalibur\n|-damage|p2a: Baxcalibur|20\/100\n|-start|p2a: Baxcalibur|Throat Chop|[silent]\n|\n|upkeep\n|\n|t:|1740079538\n|switch|p1b: Tornadus|Tornadus, L50, M|100\/100\n|turn|5\n|\n|t:|1740079556\n|move|p2a: Baxcalibur|Ice Shard|p1a: Chien-Pao\n|-resisted|p1a: Chien-Pao\n|-damage|p1a: Chien-Pao|0 fnt\n|faint|p1a: Chien-Pao\n|move|p1b: Tornadus|Tailwind|p1b: Tornadus\n|-sidestart|p1: chappell murkroan|move: Tailwind\n|move|p2b: Whimsicott|Moonblast|p1b: Tornadus\n|-damage|p1b: Tornadus|63\/100\n|\n|-end|p2a: Baxcalibur|Throat Chop|[silent]\n|upkeep\n|\n|t:|1740079565\n|switch|p1a: Kyogre|Kyogre, L50|100\/100\n|-weather|RainDance|[from] ability: Drizzle|[of] p1a: Kyogre\n|turn|6\n|\n|t:|1740079581\n|move|p2b: Whimsicott|Protect|p2b: Whimsicott\n|-singleturn|p2b: Whimsicott|Protect\n|move|p2a: Baxcalibur|Ice Shard|p1b: Tornadus\n|-supereffective|p1b: Tornadus\n|-damage|p1b: Tornadus|2\/100\n|move|p1b: Tornadus|Bleakwind Storm|p2b: Whimsicott|[spread] p2a\n|-activate|p2b: Whimsicott|move: Protect\n|-damage|p2a: Baxcalibur|0 fnt\n|faint|p2a: Baxcalibur\n|move|p1a: Kyogre|Origin Pulse|p2b: Whimsicott\n|-activate|p2b: Whimsicott|move: Protect\n|\n|-weather|RainDance|[upkeep]\n|-sideend|p2: xatseye|move: Tailwind\n|upkeep\n|\n|t:|1740079592\n|switch|p2a: Incineroar|Incineroar, L50, M|100\/100\n|-ability|p2a: Incineroar|Intimidate|boost\n|-unboost|p1a: Kyogre|atk|1\n|-unboost|p1b: Tornadus|atk|1\n|turn|7\n|-message|xatseye forfeited.\n|\n|win|chappell murkroan\n|raw|chappell murkroan's rating: 1648 &rarr; <strong>1672<\/strong><br \/>(+24 for winning)\n|raw|xatseye's rating: 1722 &rarr; <strong>1698<\/strong><br \/>(-24 for losing)\n|l|\u2606xatseye\n|player|p2|\n|l| 2imnew3imyou\n|l|\u2606chappell murkroan\n|player|p1|\n","uploadtime":1740079760,"views":5,"formatid":"gen9vgc2025regg","rating":1672,"private":0,"password":null}