{"id":"gen9vgc2025regg-2304212529","format":"[Gen 9] VGC 2025 Reg G","players":["ninfyman","georgebraun"],"log":"|j|\u2606ninfyman\n|j|\u2606georgebraun\n|t:|1740023013\n|gametype|doubles\n|player|p1|ninfyman|skyla|1587\n|player|p2|georgebraun|102|1588\n|teamsize|p1|6\n|teamsize|p2|6\n|gen|9\n|tier|[Gen 9] VGC 2025 Reg G\n|rated|\n|rule|Species Clause: Limit one of each Pok\u00e9mon\n|rule|Item Clause: Limit 1 of each item\n|clearpoke\n|poke|p1|Calyrex-Shadow, L50|\n|poke|p1|Iron Hands, L50|\n|poke|p1|Maushold, L50|\n|poke|p1|Indeedee-F, L50, F|\n|poke|p1|Tornadus, L50, M|\n|poke|p1|Tsareena, L50, F|\n|poke|p2|Porygon2, L50|\n|poke|p2|Flutter Mane, L50|\n|poke|p2|Kyogre, L50|\n|poke|p2|Hitmontop, L50, M|\n|poke|p2|Tornadus, L50, M|\n|poke|p2|Ogerpon-Wellspring, L50, F|\n|teampreview|4\n|inactive|Battle timer is ON: inactive players will automatically lose when time's up. (requested by georgebraun)\n|\n|t:|1740023034\n|start\n|switch|p1a: Calyrex|Calyrex-Shadow, L50|100\/100\n|switch|p1b: Iron Hands|Iron Hands, L50|100\/100\n|switch|p2a: Flutter Mane|Flutter Mane, L50|100\/100\n|switch|p2b: Tornadus|Tornadus, L50, M|100\/100\n|-ability|p1a: Calyrex|As One\n|-ability|p1a: Calyrex|Unnerve\n|-enditem|p2a: Flutter Mane|Booster Energy\n|-activate|p2a: Flutter Mane|ability: Protosynthesis|[fromitem]\n|-start|p2a: Flutter Mane|protosynthesisspe\n|turn|1\n|\n|t:|1740023051\n|move|p2b: Tornadus|Protect|p2b: Tornadus\n|-singleturn|p2b: Tornadus|Protect\n|move|p2a: Flutter Mane|Thunder Wave|p1a: Calyrex\n|-status|p1a: Calyrex|par\n|move|p1b: Iron Hands|Belly Drum|p1b: Iron Hands\n|-damage|p1b: Iron Hands|50\/100\n|-setboost|p1b: Iron Hands|atk|6|[from] move: Belly Drum\n|-enditem|p1b: Iron Hands|Sitrus Berry|[eat]\n|-heal|p1b: Iron Hands|75\/100|[from] item: Sitrus Berry\n|move|p1a: Calyrex|Trick Room|p1a: Calyrex\n|-fieldstart|move: Trick Room|[of] p1a: Calyrex\n|\n|upkeep\n|turn|2\n|\n|t:|1740023072\n|switch|p1a: Maushold|Maushold, L50|100\/100\n|move|p1b: Iron Hands|Rock Slide|p2b: Tornadus|[spread] p2b\n|-miss|p1b: Iron Hands|p2a: Flutter Mane\n|-supereffective|p2b: Tornadus\n|-crit|p2b: Tornadus\n|-enditem|p2b: Tornadus|Focus Sash\n|-damage|p2b: Tornadus|1\/100\n|move|p2b: Tornadus|Bleakwind Storm|p1b: Iron Hands|[spread] p1b\n|-miss|p2b: Tornadus|p1a: Maushold\n|-damage|p1b: Iron Hands|47\/100\n|move|p2a: Flutter Mane|Moonblast|p1b: Iron Hands\n|-supereffective|p1b: Iron Hands\n|-damage|p1b: Iron Hands|0 fnt\n|faint|p1b: Iron Hands\n|-end|p1b: Iron Hands|Quark Drive|[silent]\n|\n|upkeep\n|\n|t:|1740023091\n|switch|p1b: Calyrex|Calyrex-Shadow, L50|100\/100 par\n|-ability|p1b: Calyrex|As One\n|-ability|p1b: Calyrex|Unnerve\n|turn|3\n|\n|t:|1740023101\n|switch|p1a: Indeedee|Indeedee-F, L50, F|100\/100\n|-fieldstart|move: Psychic Terrain|[from] ability: Psychic Surge|[of] p1a: Indeedee\n|move|p2b: Tornadus|Protect|p2b: Tornadus\n|-singleturn|p2b: Tornadus|Protect\n|move|p2a: Flutter Mane|Protect|p2a: Flutter Mane\n|-singleturn|p2a: Flutter Mane|Protect\n|cant|p1b: Calyrex|par\n|\n|upkeep\n|turn|4\n|\n|t:|1740023123\n|-terastallize|p2b: Tornadus|Dark\n|move|p1a: Indeedee|Helping Hand|p1b: Calyrex\n|-singleturn|p1b: Calyrex|Helping Hand|[of] p1a: Indeedee\n|move|p1b: Calyrex|Expanding Force|p2a: Flutter Mane|[spread] p2a\n|-immune|p2b: Tornadus\n|-damage|p2a: Flutter Mane|22\/100\n|move|p2b: Tornadus|Bleakwind Storm|p1a: Indeedee|[spread] p1a,p1b\n|-damage|p1a: Indeedee|67\/100\n|-damage|p1b: Calyrex|73\/100 par\n|move|p2a: Flutter Mane|Moonblast|p1b: Calyrex\n|-damage|p1b: Calyrex|40\/100 par\n|-unboost|p1b: Calyrex|spa|1\n|\n|upkeep\n|turn|5\n|\n|t:|1740023142\n|move|p2b: Tornadus|Protect|p2b: Tornadus\n|-singleturn|p2b: Tornadus|Protect\n|move|p2a: Flutter Mane|Protect|p2a: Flutter Mane\n|-singleturn|p2a: Flutter Mane|Protect\n|move|p1b: Calyrex|Trick Room|p1b: Calyrex\n|-fieldend|move: Trick Room\n|move|p1a: Indeedee|Trick Room|p1a: Indeedee\n|-fieldstart|move: Trick Room|[of] p1a: Indeedee\n|\n|upkeep\n|turn|6\n|\n|t:|1740023156\n|move|p1a: Indeedee|Helping Hand|p1b: Calyrex\n|-singleturn|p1b: Calyrex|Helping Hand|[of] p1a: Indeedee\n|move|p1b: Calyrex|Astral Barrage|p2a: Flutter Mane|[spread] p2a,p2b\n|-supereffective|p2a: Flutter Mane\n|-resisted|p2b: Tornadus\n|-damage|p2a: Flutter Mane|0 fnt\n|-damage|p2b: Tornadus|0 fnt\n|faint|p2a: Flutter Mane\n|-end|p2a: Flutter Mane|Protosynthesis|[silent]\n|faint|p2b: Tornadus\n|-ability|p1b: Calyrex|Grim Neigh|boost\n|-boost|p1b: Calyrex|spa|2\n|\n|upkeep\n|\n|t:|1740023159\n|switch|p2b: Hitmontop|Hitmontop, L50, M, shiny|100\/100\n|switch|p2a: Kyogre|Kyogre, L50|100\/100\n|-ability|p2b: Hitmontop|Intimidate|boost\n|-unboost|p1a: Indeedee|atk|1\n|-unboost|p1b: Calyrex|atk|1\n|-weather|RainDance|[from] ability: Drizzle|[of] p2a: Kyogre\n|turn|7\n|inactive|ninfyman has 30 seconds left.\n|inactive|ninfyman has 20 seconds left.\n|inactive|ninfyman has 15 seconds left.\n|inactive|ninfyman has 10 seconds left.\n|inactive|ninfyman has 5 seconds left.\n|\n|t:|1740023209\n|move|p2b: Hitmontop|Wide Guard|p2b: Hitmontop\n|-singleturn|p2b: Hitmontop|Wide Guard\n|move|p1b: Calyrex|Taunt|p2b: Hitmontop\n|-start|p2b: Hitmontop|move: Taunt\n|move|p1a: Indeedee|Psychic|p2a: Kyogre\n|-damage|p2a: Kyogre|70\/100\n|move|p2a: Kyogre|Water Spout|p1b: Calyrex|[spread] p1a,p1b\n|-damage|p1a: Indeedee|0 fnt\n|-damage|p1b: Calyrex|0 fnt\n|faint|p1a: Indeedee\n|faint|p1b: Calyrex\n|\n|-weather|RainDance|[upkeep]\n|-fieldend|move: Psychic Terrain\n|upkeep\n|\n|t:|1740023226\n|switch|p1b: Maushold|Maushold, L50|100\/100\n|turn|8\n|\n|t:|1740023232\n|move|p2b: Hitmontop|Close Combat|p1b: Maushold\n|-supereffective|p1b: Maushold\n|-damage|p1b: Maushold|0 fnt\n|-unboost|p2b: Hitmontop|def|1\n|-unboost|p2b: Hitmontop|spd|1\n|faint|p1b: Maushold\n|\n|win|georgebraun\n|raw|ninfyman's rating: 1587 &rarr; <strong>1567<\/strong><br \/>(-20 for losing)\n|raw|georgebraun's rating: 1588 &rarr; <strong>1608<\/strong><br \/>(+20 for winning)\n|l|\u2606georgebraun\n|player|p2|\n|l|\u2606ninfyman\n|player|p1|\n|j|\u2606ninfyman\n|player|p1|ninfyman|skyla|\n|l|\u2606ninfyman\n|player|p1|\n","uploadtime":1740023290,"views":5,"formatid":"gen9vgc2025regg","rating":1567,"private":0,"password":null}