{"id":"gen9vgc2025regg-2304503964","format":"[Gen 9] VGC 2025 Reg G","players":["ou_training_dummy","pig duck eater"],"log":"|j|\u2606ou_training_dummy\n|j|\u2606pig duck eater\n|t:|1740068294\n|gametype|doubles\n|player|p1|ou_training_dummy|170|1529\n|player|p2|pig duck eater|101|1650\n|teamsize|p1|6\n|teamsize|p2|6\n|gen|9\n|tier|[Gen 9] VGC 2025 Reg G\n|rated|\n|rule|Species Clause: Limit one of each Pok\u00e9mon\n|rule|Item Clause: Limit 1 of each item\n|clearpoke\n|poke|p1|Zamazenta-*, L50|\n|poke|p1|Flutter Mane, L50|\n|poke|p1|Chien-Pao, L50|\n|poke|p1|Pelipper, L50, F|\n|poke|p1|Amoonguss, L50, M|\n|poke|p1|Raging Bolt, L50|\n|poke|p2|Wyrdeer, L50, M|\n|poke|p2|Weezing-Galar, L50, F|\n|poke|p2|Kyogre, L50|\n|poke|p2|Indeedee-F, L50, F|\n|poke|p2|Reuniclus, L50, F|\n|poke|p2|Baxcalibur, L50, F|\n|teampreview|4\n|inactive|Battle timer is ON: inactive players will automatically lose when time's up. (requested by ou_training_dummy)\n|\n|t:|1740068325\n|start\n|switch|p1a: Raging Bolt|Raging Bolt, L50|100\/100\n|switch|p1b: Amoonguss|Amoonguss, L50, M|100\/100\n|switch|p2a: Baxcalibur|Baxcalibur, L50, F|100\/100\n|switch|p2b: Indeedee|Indeedee-F, L50, F|100\/100\n|-fieldstart|move: Psychic Terrain|[from] ability: Psychic Surge|[of] p2b: Indeedee\n|turn|1\n|\n|t:|1740068349\n|-terastallize|p1b: Amoonguss|Water\n|move|p2b: Indeedee|Follow Me|p2b: Indeedee\n|-singleturn|p2b: Indeedee|move: Follow Me\n|move|p2a: Baxcalibur|Swords Dance|p2a: Baxcalibur\n|-boost|p2a: Baxcalibur|atk|2\n|move|p1a: Raging Bolt|Electroweb|p2a: Baxcalibur|[spread] p2a\n|-miss|p1a: Raging Bolt|p2b: Indeedee\n|-resisted|p2a: Baxcalibur\n|-damage|p2a: Baxcalibur|90\/100\n|-unboost|p2a: Baxcalibur|spe|1\n|move|p1b: Amoonguss|Spore|p2b: Indeedee\n|-status|p2b: Indeedee|slp|[from] move: Spore\n|\n|upkeep\n|turn|2\n|\n|t:|1740068370\n|switch|p2b: Reuniclus|Reuniclus, L50, F|100\/100\n|move|p2a: Baxcalibur|Protect|p2a: Baxcalibur\n|-singleturn|p2a: Baxcalibur|Protect\n|move|p1a: Raging Bolt|Dragon Pulse|p2a: Baxcalibur\n|-activate|p2a: Baxcalibur|move: Protect\n|move|p1b: Amoonguss|Spore|p2a: Baxcalibur\n|-activate|p2a: Baxcalibur|move: Protect\n|\n|upkeep\n|turn|3\n|\n|t:|1740068395\n|-terastallize|p2a: Baxcalibur|Poison\n|move|p1a: Raging Bolt|Electroweb|p2b: Reuniclus|[spread] p2a,p2b\n|-damage|p2a: Baxcalibur|66\/100\n|-damage|p2b: Reuniclus|79\/100\n|-unboost|p2a: Baxcalibur|spe|1\n|-unboost|p2b: Reuniclus|spe|1\n|move|p2a: Baxcalibur|Scale Shot|p1a: Raging Bolt\n|-supereffective|p1a: Raging Bolt\n|-damage|p1a: Raging Bolt|52\/100\n|-supereffective|p1a: Raging Bolt\n|-damage|p1a: Raging Bolt|1\/100\n|-supereffective|p1a: Raging Bolt\n|-damage|p1a: Raging Bolt|0 fnt\n|faint|p1a: Raging Bolt\n|-end|p1a: Raging Bolt|Protosynthesis|[silent]\n|-hitcount|p1: Raging Bolt|3\n|-unboost|p2a: Baxcalibur|def|1\n|-boost|p2a: Baxcalibur|spe|1\n|move|p1b: Amoonguss|Spore|p2a: Baxcalibur\n|-status|p2a: Baxcalibur|slp|[from] move: Spore\n|move|p2b: Reuniclus|Expanding Force|p1b: Amoonguss\n|-damage|p1b: Amoonguss|0 fnt\n|faint|p1b: Amoonguss\n|-damage|p2b: Reuniclus|69\/100|[from] item: Life Orb\n|\n|upkeep\n|\n|t:|1740068417\n|switch|p1a: Chien-Pao|Chien-Pao, L50|100\/100\n|switch|p1b: Zamazenta|Zamazenta-Crowned, L50|100\/100\n|-ability|p1a: Chien-Pao|Sword of Ruin\n|-ability|p1b: Zamazenta|Dauntless Shield|boost\n|-boost|p1b: Zamazenta|def|1\n|turn|4\n|\n|t:|1740068434\n|switch|p2b: Indeedee|Indeedee-F, L50, F|100\/100 slp\n|move|p1a: Chien-Pao|Throat Chop|p2b: Indeedee\n|-supereffective|p2b: Indeedee\n|-damage|p2b: Indeedee|2\/100 slp\n|-start|p2b: Indeedee|Throat Chop|[silent]\n|-damage|p1a: Chien-Pao|84\/100|[from] item: Rocky Helmet|[of] p2b: Indeedee\n|move|p1b: Zamazenta|Heavy Slam|p2a: Baxcalibur\n|-damage|p2a: Baxcalibur|2\/100 slp\n|cant|p2a: Baxcalibur|slp\n|\n|upkeep\n|turn|5\n|inactive|pig duck eater has 30 seconds left.\n|\n|t:|1740068469\n|-curestatus|p2a: Baxcalibur|slp|[msg]\n|move|p2a: Baxcalibur|Protect|p2a: Baxcalibur\n|-singleturn|p2a: Baxcalibur|Protect\n|move|p1a: Chien-Pao|Throat Chop|p2b: Indeedee\n|-supereffective|p2b: Indeedee\n|-damage|p2b: Indeedee|0 fnt\n|-damage|p1a: Chien-Pao|68\/100|[from] item: Rocky Helmet|[of] p2b: Indeedee\n|faint|p2b: Indeedee\n|move|p1b: Zamazenta|Body Press|p2a: Baxcalibur\n|-activate|p2a: Baxcalibur|move: Protect\n|\n|-fieldend|move: Psychic Terrain\n|upkeep\n|\n|t:|1740068481\n|switch|p2b: Kyogre|Kyogre, L50|100\/100\n|-weather|RainDance|[from] ability: Drizzle|[of] p2b: Kyogre\n|turn|6\n|\n|t:|1740068496\n|move|p1a: Chien-Pao|Sucker Punch|p2a: Baxcalibur\n|-damage|p2a: Baxcalibur|0 fnt\n|faint|p2a: Baxcalibur\n|move|p2b: Kyogre|Thunder|p1a: Chien-Pao\n|-damage|p1a: Chien-Pao|5\/100\n|move|p1b: Zamazenta|Body Press|p2b: Kyogre\n|-damage|p2b: Kyogre|0 fnt\n|faint|p2b: Kyogre\n|\n|-weather|RainDance|[upkeep]\n|upkeep\n|-message|pig duck eater forfeited.\n|\n|win|ou_training_dummy\n|raw|ou_training_dummy's rating: 1529 &rarr; <strong>1556<\/strong><br \/>(+27 for winning)\n|raw|pig duck eater's rating: 1650 &rarr; <strong>1623<\/strong><br \/>(-27 for losing)\n|l|\u2606pig duck eater\n|player|p2|\n|l|\u2606ou_training_dummy\n|player|p1|\n","uploadtime":1740068777,"views":10,"formatid":"gen9vgc2025regg","rating":1556,"private":0,"password":null}