{"id":"gen9vgc2025regg-2304910798","format":"[Gen 9] VGC 2025 Reg G","players":["ShadowOugi","ThreeBrainsInone"],"log":"|j|\u2606ShadowOugi\n|j|\u2606ThreeBrainsInone\n|t:|1740116795\n|gametype|doubles\n|player|p1|ShadowOugi|2|1566\n|player|p2|ThreeBrainsInone|twins-gen4dp|1547\n|teamsize|p1|6\n|teamsize|p2|6\n|gen|9\n|tier|[Gen 9] VGC 2025 Reg G\n|rated|\n|rule|Species Clause: Limit one of each Pok\u00e9mon\n|rule|Item Clause: Limit 1 of each item\n|clearpoke\n|poke|p1|Lunala, L50|\n|poke|p1|Indeedee-F, L50, F|\n|poke|p1|Volcarona, L50, M|\n|poke|p1|Iron Jugulis, L50|\n|poke|p1|Urshifu-*, L50, M|\n|poke|p1|Ogerpon-Cornerstone, L50, F|\n|poke|p2|Calyrex-Ice, L50|\n|poke|p2|Urshifu-*, L50, F|\n|poke|p2|Indeedee-F, L50, F|\n|poke|p2|Pelipper, L50, M|\n|poke|p2|Landorus, L50, M|\n|poke|p2|Amoonguss, L50, F|\n|teampreview|4\n|inactive|Battle timer is ON: inactive players will automatically lose when time's up. (requested by ShadowOugi)\n|inactive|ShadowOugi has 60 seconds left.\n|\n|t:|1740116837\n|start\n|switch|p1a: Indeedee|Indeedee-F, L50, F|100\/100\n|switch|p1b: Lunala|Lunala, L50|100\/100\n|switch|p2a: Calyrex|Calyrex-Ice, L50|100\/100\n|switch|p2b: Indeedee|Indeedee-F, L50, F|100\/100\n|-ability|p2a: Calyrex|As One\n|-ability|p2a: Calyrex|Unnerve\n|-fieldstart|move: Psychic Terrain|[from] ability: Psychic Surge|[of] p2b: Indeedee\n|turn|1\n|\n|t:|1740116853\n|move|p2b: Indeedee|Follow Me|p2b: Indeedee\n|-singleturn|p2b: Indeedee|move: Follow Me\n|move|p1b: Lunala|Calm Mind|p1b: Lunala\n|-boost|p1b: Lunala|spa|1\n|-boost|p1b: Lunala|spd|1\n|move|p2a: Calyrex|Glacial Lance|p1b: Lunala|[spread] p1a,p1b\n|-crit|p1b: Lunala\n|-damage|p1a: Indeedee|51\/100\n|-damage|p1b: Lunala|67\/100\n|move|p1a: Indeedee|Dazzling Gleam|p2a: Calyrex|[spread] p2a,p2b\n|-damage|p2a: Calyrex|90\/100\n|-damage|p2b: Indeedee|87\/100\n|\n|-heal|p1b: Lunala|73\/100|[from] item: Leftovers\n|upkeep\n|turn|2\n|\n|t:|1740116871\n|-terastallize|p1b: Lunala|Fairy\n|move|p2b: Indeedee|Follow Me|p2b: Indeedee\n|-singleturn|p2b: Indeedee|move: Follow Me\n|move|p1b: Lunala|Dazzling Gleam|p2b: Indeedee|[spread] p2a,p2b\n|-damage|p2a: Calyrex|54\/100\n|-damage|p2b: Indeedee|34\/100\n|move|p2a: Calyrex|Glacial Lance|p1a: Indeedee|[spread] p1a,p1b\n|-damage|p1a: Indeedee|0 fnt\n|-damage|p1b: Lunala|25\/100\n|faint|p1a: Indeedee\n|-ability|p2a: Calyrex|Chilling Neigh|boost\n|-boost|p2a: Calyrex|atk|1\n|\n|-heal|p1b: Lunala|32\/100|[from] item: Leftovers\n|upkeep\n|\n|t:|1740116890\n|switch|p1a: Urshifu|Urshifu, L50, M|100\/100\n|turn|3\n|\n|t:|1740116904\n|move|p2b: Indeedee|Follow Me|p2b: Indeedee\n|-singleturn|p2b: Indeedee|move: Follow Me\n|move|p1a: Urshifu|Wicked Blow|p2b: Indeedee\n|-supereffective|p2b: Indeedee\n|-crit|p2b: Indeedee\n|-damage|p2b: Indeedee|0 fnt\n|faint|p2b: Indeedee\n|move|p1b: Lunala|Dazzling Gleam|p2a: Calyrex\n|-damage|p2a: Calyrex|5\/100\n|move|p2a: Calyrex|Glacial Lance|p1a: Urshifu|[spread] p1a,p1b\n|-damage|p1a: Urshifu|9\/100\n|-damage|p1b: Lunala|0 fnt\n|faint|p1b: Lunala\n|-ability|p2a: Calyrex|Chilling Neigh|boost\n|-boost|p2a: Calyrex|atk|1\n|\n|upkeep\n|\n|t:|1740116911\n|switch|p1b: Ogerpon|Ogerpon-Cornerstone, L50, F|100\/100\n|switch|p2b: Landorus|Landorus, L50, M|100\/100\n|turn|4\n|\n|t:|1740116930\n|move|p1a: Urshifu|Detect|p1a: Urshifu\n|-singleturn|p1a: Urshifu|Protect\n|move|p2b: Landorus|Sandsear Storm|p1b: Ogerpon|[spread] p1b\n|-activate|p1a: Urshifu|move: Protect\n|-damage|p1b: Ogerpon|36\/100\n|move|p1b: Ogerpon|Ivy Cudgel|p2a: Calyrex|[anim] Ivy Cudgel Rock\n|-supereffective|p2a: Calyrex\n|-damage|p2a: Calyrex|0 fnt\n|faint|p2a: Calyrex\n|\n|upkeep\n|\n|t:|1740116935\n|switch|p2a: Urshifu|Urshifu-Rapid-Strike, L50, F|100\/100\n|turn|5\n|\n|t:|1740116941\n|move|p2a: Urshifu|Detect|p2a: Urshifu\n|-singleturn|p2a: Urshifu|Protect\n|move|p2b: Landorus|Sandsear Storm|p1a: Urshifu|[spread] p1a,p1b\n|-damage|p1a: Urshifu|0 fnt\n|-damage|p1b: Ogerpon|0 fnt\n|faint|p1a: Urshifu\n|faint|p1b: Ogerpon\n|\n|win|ThreeBrainsInone\n|raw|ShadowOugi's rating: 1566 &rarr; <strong>1546<\/strong><br \/>(-20 for losing)\n|raw|ThreeBrainsInone's rating: 1568 &rarr; <strong>1588<\/strong><br \/>(+20 for winning)\n|l|\u2606ShadowOugi\n|player|p1|\n|l|\u2606ThreeBrainsInone\n|player|p2|\n","uploadtime":1740117195,"views":5,"formatid":"gen9vgc2025regg","rating":1546,"private":0,"password":null}