{"id":"gen9vgc2025regg-2304768467","format":"[Gen 9] VGC 2025 Reg G","players":["cream 670","carmeloball"],"log":"|j|\u2606cream 670\n|j|\u2606carmeloball\n|t:|1740096202\n|gametype|doubles\n|player|p1|cream 670|kimonogirl|1594\n|player|p2|carmeloball|101|1652\n|teamsize|p1|6\n|teamsize|p2|6\n|gen|9\n|tier|[Gen 9] VGC 2025 Reg G\n|rated|\n|rule|Species Clause: Limit one of each Pok\u00e9mon\n|rule|Item Clause: Limit 1 of each item\n|clearpoke\n|poke|p1|Chien-Pao, L50|\n|poke|p1|Zamazenta-*, L50|\n|poke|p1|Flutter Mane, L50|\n|poke|p1|Entei, L50|\n|poke|p1|Landorus, L50, M|\n|poke|p1|Amoonguss, L50, F|\n|poke|p2|Terapagos, L50, M|\n|poke|p2|Amoonguss, L50, F|\n|poke|p2|Iron Hands, L50|\n|poke|p2|Flutter Mane, L50|\n|poke|p2|Chi-Yu, L50|\n|poke|p2|Urshifu-*, L50, M|\n|teampreview|4\ncream 670 has agreed to open team sheets.\n|inactive|Battle timer is ON: inactive players will automatically lose when time's up. (requested by cream 670)\n|\n|t:|1740096229\n|start\n|switch|p1a: Flutter Mane|Flutter Mane, L50|100\/100\n|switch|p1b: A.C.E.|Landorus, L50, M|100\/100\n|switch|p2a: Flutter Mane|Flutter Mane, L50|100\/100\n|switch|p2b: Urshifu|Urshifu-Rapid-Strike, L50, M|100\/100\n|-enditem|p1a: Flutter Mane|Booster Energy\n|-activate|p1a: Flutter Mane|ability: Protosynthesis|[fromitem]\n|-start|p1a: Flutter Mane|protosynthesisspe\n|-enditem|p2a: Flutter Mane|Booster Energy\n|-activate|p2a: Flutter Mane|ability: Protosynthesis|[fromitem]\n|-start|p2a: Flutter Mane|protosynthesisspe\n|turn|1\n|inactive|cream 670 has 30 seconds left.\n|\n|t:|1740096256\n|-terastallize|p1b: A.C.E.|Water\n|move|p2b: Urshifu|Protect|p2b: Urshifu\n|-singleturn|p2b: Urshifu|Protect\n|move|p1a: Flutter Mane|Icy Wind|p2b: Urshifu|[spread] p2a\n|-activate|p2b: Urshifu|move: Protect\n|-damage|p2a: Flutter Mane|89\/100\n|-unboost|p2a: Flutter Mane|spe|1\n|move|p1b: A.C.E.|Earth Power|p2b: Urshifu\n|-activate|p2b: Urshifu|move: Protect\n|move|p2a: Flutter Mane|Trick Room|p2a: Flutter Mane\n|-fieldstart|move: Trick Room|[of] p2a: Flutter Mane\n|\n|upkeep\n|turn|2\n|inactive|cream 670 has 30 seconds left.\n|\n|t:|1740096287\n|-end|p1a: Flutter Mane|Protosynthesis|[silent]\n|switch|p1a: Amoonguss|Amoonguss, L50, F, shiny|100\/100\n|move|p2b: Urshifu|Surging Strikes|p1a: Amoonguss\n|-resisted|p1a: Amoonguss\n|-crit|p1a: Amoonguss\n|-damage|p1a: Amoonguss|91\/100\n|-damage|p2b: Urshifu|84\/100|[from] item: Rocky Helmet|[of] p1a: Amoonguss\n|-resisted|p1a: Amoonguss\n|-crit|p1a: Amoonguss\n|-damage|p1a: Amoonguss|82\/100\n|-damage|p2b: Urshifu|67\/100|[from] item: Rocky Helmet|[of] p1a: Amoonguss\n|-resisted|p1a: Amoonguss\n|-crit|p1a: Amoonguss\n|-damage|p1a: Amoonguss|74\/100\n|-damage|p2b: Urshifu|50\/100|[from] item: Rocky Helmet|[of] p1a: Amoonguss\n|-hitcount|p1a: Amoonguss|3\n|move|p1b: A.C.E.|Earth Power|p2a: Flutter Mane\n|-damage|p2a: Flutter Mane|23\/100\n|move|p2a: Flutter Mane|Moonblast|p1b: A.C.E.\n|-damage|p1b: A.C.E.|47\/100\n|-unboost|p1b: A.C.E.|spa|1\n|\n|upkeep\n|turn|3\n|\n|t:|1740096310\n|-end|p2a: Flutter Mane|Protosynthesis|[silent]\n|switch|p2a: Amoonguss|Amoonguss, L50, F|100\/100\n|move|p2b: Urshifu|Protect|p2b: Urshifu\n|-singleturn|p2b: Urshifu|Protect\n|move|p1a: Amoonguss|Rage Powder|p1a: Amoonguss\n|-singleturn|p1a: Amoonguss|move: Rage Powder\n|move|p1b: A.C.E.|Sandsear Storm|p2b: Urshifu|[spread] p2a\n|-activate|p2b: Urshifu|move: Protect\n|-damage|p2a: Amoonguss|59\/100\n|\n|upkeep\n|turn|4\n|inactive|cream 670 has 30 seconds left.\n|\n|t:|1740096335\n|move|p1b: A.C.E.|Protect|p1b: A.C.E.\n|-singleturn|p1b: A.C.E.|Protect\n|move|p1a: Amoonguss|Spore|p2b: Urshifu\n|-status|p2b: Urshifu|slp|[from] move: Spore\n|move|p2a: Amoonguss|Spore|p1b: A.C.E.\n|-activate|p1b: A.C.E.|move: Protect\n|cant|p2b: Urshifu|slp\n|\n|upkeep\n|turn|5\n|\n|t:|1740096345\n|move|p1a: Amoonguss|Pollen Puff|p1b: A.C.E.\n|-heal|p1b: A.C.E.|97\/100\n|move|p2a: Amoonguss|Spore|p1b: A.C.E.\n|-status|p1b: A.C.E.|slp|[from] move: Spore\n|-curestatus|p2b: Urshifu|slp|[msg]\n|move|p2b: Urshifu|Close Combat|p1b: A.C.E.\n|-damage|p1b: A.C.E.|29\/100 slp\n|-unboost|p2b: Urshifu|def|1\n|-unboost|p2b: Urshifu|spd|1\n|cant|p1b: A.C.E.|slp\n|\n|-fieldend|move: Trick Room\n|upkeep\n|turn|6\n|inactive|carmeloball has 30 seconds left.\n|inactive|carmeloball has 20 seconds left.\n|\n|t:|1740096385\n|switch|p2a: Iron Hands|Iron Hands, L50|100\/100\n|move|p2b: Urshifu|Protect|p2b: Urshifu\n|-singleturn|p2b: Urshifu|Protect\n|move|p1a: Amoonguss|Rage Powder|p1a: Amoonguss\n|-singleturn|p1a: Amoonguss|move: Rage Powder\n|-curestatus|p1b: A.C.E.|slp|[msg]\n|move|p1b: A.C.E.|Earth Power|p2a: Iron Hands\n|-supereffective|p2a: Iron Hands\n|-damage|p2a: Iron Hands|49\/100\n|\n|upkeep\n|turn|7\n|\n|t:|1740096407\n|switch|p1b: Flutter Mane|Flutter Mane, L50|100\/100\n|move|p2a: Iron Hands|Fake Out|p1b: Flutter Mane\n|-immune|p1b: Flutter Mane\n|move|p2b: Urshifu|Surging Strikes|p1b: Flutter Mane\n|-crit|p1b: Flutter Mane\n|-damage|p1b: Flutter Mane|66\/100\n|-crit|p1b: Flutter Mane\n|-damage|p1b: Flutter Mane|30\/100\n|-crit|p1b: Flutter Mane\n|-damage|p1b: Flutter Mane|0 fnt\n|faint|p1b: Flutter Mane\n|-end|p1b: Flutter Mane|Protosynthesis|[silent]\n|-hitcount|p1: Flutter Mane|3\n|move|p1a: Amoonguss|Spore|p2a: Iron Hands\n|-status|p2a: Iron Hands|slp|[from] move: Spore\n|\n|upkeep\n|\n|t:|1740096420\n|switch|p1b: A.C.E.|Landorus, L50, M, tera:Water|29\/100\n|turn|8\n|inactive|carmeloball has 30 seconds left.\n|\n|t:|1740096448\n|switch|p2b: Amoonguss|Amoonguss, L50, F|93\/100\n|move|p1b: A.C.E.|Earth Power|p2b: Amoonguss\n|-damage|p2b: Amoonguss|20\/100\n|cant|p2a: Iron Hands|slp\n|move|p1a: Amoonguss|Pollen Puff|p1b: A.C.E.\n|-heal|p1b: A.C.E.|78\/100\n|\n|upkeep\n|turn|9\n|\n|t:|1740096464\n|move|p2b: Amoonguss|Protect|p2b: Amoonguss\n|-singleturn|p2b: Amoonguss|Protect\n|move|p1a: Amoonguss|Rage Powder|p1a: Amoonguss\n|-singleturn|p1a: Amoonguss|move: Rage Powder\n|move|p1b: A.C.E.|Earth Power|p2b: Amoonguss\n|-activate|p2b: Amoonguss|move: Protect\n|-curestatus|p2a: Iron Hands|slp|[msg]\n|move|p2a: Iron Hands|Wild Charge|p1a: Amoonguss\n|-resisted|p1a: Amoonguss\n|-damage|p1a: Amoonguss|53\/100\n|-damage|p2a: Iron Hands|32\/100|[from] item: Rocky Helmet|[of] p1a: Amoonguss\n|-damage|p2a: Iron Hands|28\/100|[from] Recoil\n|\n|upkeep\n|turn|10\n|\n|t:|1740096489\n|-end|p2a: Iron Hands|Quark Drive|[silent]\n|switch|p2a: Flutter Mane|Flutter Mane, L50|23\/100\n|move|p1a: Amoonguss|Rage Powder|p1a: Amoonguss\n|-singleturn|p1a: Amoonguss|move: Rage Powder\n|move|p1b: A.C.E.|Earth Power|p2b: Amoonguss\n|-crit|p2b: Amoonguss\n|-damage|p2b: Amoonguss|0 fnt\n|faint|p2b: Amoonguss\n|\n|upkeep\n|inactive|carmeloball has 30 seconds left.\n|inactive|carmeloball has 20 seconds left.\n|\n|t:|1740096528\n|switch|p2b: Iron Hands|Iron Hands, L50|28\/100\n|turn|11\n|\n|t:|1740096546\n|move|p2b: Iron Hands|Fake Out|p1b: A.C.E.\n|-damage|p1b: A.C.E.|62\/100\n|move|p1a: Amoonguss|Rage Powder|p1a: Amoonguss\n|-singleturn|p1a: Amoonguss|move: Rage Powder\n|move|p2a: Flutter Mane|Taunt|p1a: Amoonguss\n|-start|p1a: Amoonguss|move: Taunt\n|cant|p1b: A.C.E.|flinch\n|\n|upkeep\n|turn|12\n|\n|t:|1740096566\n|move|p2a: Flutter Mane|Moonblast|p1b: A.C.E.\n|-damage|p1b: A.C.E.|15\/100\n|move|p1b: A.C.E.|Earth Power|p2b: Iron Hands\n|-supereffective|p2b: Iron Hands\n|-damage|p2b: Iron Hands|0 fnt\n|faint|p2b: Iron Hands\n|-end|p2b: Iron Hands|Quark Drive|[silent]\n|move|p1a: Amoonguss|Pollen Puff|p1b: A.C.E.\n|-heal|p1b: A.C.E.|65\/100\n|\n|upkeep\n|j| AxonAries\n|\n|t:|1740096572\n|switch|p2b: Urshifu|Urshifu-Rapid-Strike, L50, M|50\/100\n|turn|13\n|\n|t:|1740096596\n|switch|p1a: Zamazenta|Zamazenta-Crowned, L50|100\/100\n|-ability|p1a: Zamazenta|Dauntless Shield|boost\n|-boost|p1a: Zamazenta|def|1\n|move|p2a: Flutter Mane|Moonblast|p1b: A.C.E.\n|-damage|p1b: A.C.E.|13\/100\n|move|p1b: A.C.E.|Earth Power|p2b: Urshifu\n|-damage|p2b: Urshifu|0 fnt\n|faint|p2b: Urshifu\n|\n|upkeep\n|turn|14\n|\n|t:|1740096610\n|move|p2a: Flutter Mane|Moonblast|p1b: A.C.E.\n|-damage|p1b: A.C.E.|0 fnt\n|faint|p1b: A.C.E.\n|move|p1a: Zamazenta|Behemoth Bash|p2a: Flutter Mane\n|-supereffective|p2a: Flutter Mane\n|-damage|p2a: Flutter Mane|0 fnt\n|faint|p2a: Flutter Mane\n|-end|p2a: Flutter Mane|Protosynthesis|[silent]\n|\n|win|cream 670\n|raw|cream 670's rating: 1594 &rarr; <strong>1617<\/strong><br \/>(+23 for winning)\n|raw|carmeloball's rating: 1652 &rarr; <strong>1629<\/strong><br \/>(-23 for losing)\n|l|\u2606carmeloball\n|player|p2|\n|c|\u2606cream 670|Gg\n|l|\u2606cream 670\n|player|p1|\n","uploadtime":1740096823,"views":9,"formatid":"gen9vgc2025regg","rating":1617,"private":0,"password":null}