{"id":"gen9vgc2025regg-2304699171","format":"[Gen 9] VGC 2025 Reg G","players":["usernameinserted","Bed Monke"],"log":"|j|\u2606usernameinserted\n|j|\u2606Bed Monke\n|t:|1740088018\n|gametype|doubles\n|player|p1|usernameinserted|unknownf|1554\n|player|p2|Bed Monke|giacomo|1515\n|teamsize|p1|6\n|teamsize|p2|6\n|gen|9\n|tier|[Gen 9] VGC 2025 Reg G\n|rated|\n|rule|Species Clause: Limit one of each Pok\u00e9mon\n|rule|Item Clause: Limit 1 of each item\n|clearpoke\n|poke|p1|Meowscarada, L50, M|\n|poke|p1|Zapdos-Galar, L50|\n|poke|p1|Sylveon, L50, M|\n|poke|p1|Terapagos, L50, M|\n|poke|p1|Tinkaton, L50, F|\n|poke|p1|Clefairy, L50, F|\n|poke|p2|Zamazenta-*, L50|\n|poke|p2|Chien-Pao, L50|\n|poke|p2|Entei, L50|\n|poke|p2|Flutter Mane, L50|\n|poke|p2|Raging Bolt, L50|\n|poke|p2|Ogerpon-Wellspring, L50, F|\n|teampreview|4\n|inactive|Battle timer is ON: inactive players will automatically lose when time's up. (requested by Bed Monke)\n|inactive|usernameinserted also wants the timer to be on.\n|inactive|Bed Monke has 60 seconds left.\n|\n|t:|1740088051\n|start\n|switch|p1a: Terapagos|Terapagos, L50, M|100\/100\n|switch|p1b: Clefairy|Clefairy, L50, F, shiny|100\/100\n|switch|p2a: Flutter Mane|Flutter Mane, L50, shiny|100\/100\n|switch|p2b: Entei|Entei, L50|100\/100\n|-activate|p1a: Terapagos|ability: Tera Shift\n|detailschange|p1a: Terapagos|Terapagos-Terastal, L50, M\n|-heal|p1a: Terapagos|100\/100|[silent]\n|-enditem|p2a: Flutter Mane|Booster Energy\n|-activate|p2a: Flutter Mane|ability: Protosynthesis|[fromitem]\n|-start|p2a: Flutter Mane|protosynthesisspe\n|turn|1\n|\n|t:|1740088066\n|-terastallize|p1a: Terapagos|Stellar\n|detailschange|p1a: Terapagos|Terapagos-Stellar, L50, M, tera:Stellar\n|-heal|p1a: Terapagos|100\/100|[silent]\n|move|p1b: Clefairy|Helping Hand|p1a: Terapagos\n|-singleturn|p1a: Terapagos|Helping Hand|[of] p1b: Clefairy\n|move|p2a: Flutter Mane|Moonblast|p1b: Clefairy\n|-damage|p1b: Clefairy|63\/100\n|-unboost|p1b: Clefairy|spa|1\n|move|p1a: Terapagos|Tera Starstorm|p2a: Flutter Mane|[spread] p2a,p2b\n|-damage|p2a: Flutter Mane|23\/100\n|-damage|p2b: Entei|4\/100\n|move|p2b: Entei|Sacred Fire|p1b: Clefairy\n|-damage|p1b: Clefairy|0 fnt\n|faint|p1b: Clefairy\n|\n|upkeep\n|\n|t:|1740088084\n|switch|p1b: Zapdos|Zapdos-Galar, L50, shiny|100\/100\n|turn|2\n|\n|t:|1740088094\n|switch|p1b: Tinkaton|Tinkaton, L50, F, shiny|100\/100\n|-ability|p1b: Tinkaton|Mold Breaker\n|move|p2a: Flutter Mane|Moonblast|p1b: Tinkaton\n|-resisted|p1b: Tinkaton\n|-damage|p1b: Tinkaton|87\/100\n|move|p1a: Terapagos|Tera Starstorm|p2b: Entei|[spread] p2a,p2b\n|-damage|p2a: Flutter Mane|0 fnt\n|-damage|p2b: Entei|0 fnt\n|faint|p2a: Flutter Mane\n|-end|p2a: Flutter Mane|Protosynthesis|[silent]\n|faint|p2b: Entei\n|\n|upkeep\n|\n|t:|1740088099\n|switch|p2a: Chien-Pao|Chien-Pao, L50|100\/100\n|switch|p2b: Zamazenta|Zamazenta-Crowned, L50|100\/100\n|-ability|p2a: Chien-Pao|Sword of Ruin\n|-ability|p2b: Zamazenta|Dauntless Shield|boost\n|-boost|p2b: Zamazenta|def|1\n|turn|3\n|\n|t:|1740088109\n|move|p2a: Chien-Pao|Protect|p2a: Chien-Pao\n|-singleturn|p2a: Chien-Pao|Protect\n|move|p2b: Zamazenta|Protect|p2b: Zamazenta\n|-singleturn|p2b: Zamazenta|Protect\n|move|p1b: Tinkaton|Fake Out|p2b: Zamazenta\n|-activate|p2b: Zamazenta|move: Protect\n|move|p1a: Terapagos|Tera Starstorm|p2b: Zamazenta|[spread] \n|-activate|p2a: Chien-Pao|move: Protect\n|-activate|p2b: Zamazenta|move: Protect\n|\n|upkeep\n|turn|4\n|\n|t:|1740088127\n|move|p2a: Chien-Pao|Ice Spinner|p1b: Tinkaton\n|-resisted|p1b: Tinkaton\n|-damage|p1b: Tinkaton|60\/100\n|move|p2b: Zamazenta|Body Press|p1a: Terapagos\n|-supereffective|p1a: Terapagos\n|-damage|p1a: Terapagos|0 fnt\n|faint|p1a: Terapagos\n|move|p1b: Tinkaton|Gigaton Hammer|p2a: Chien-Pao\n|-supereffective|p2a: Chien-Pao\n|-enditem|p2a: Chien-Pao|Focus Sash\n|-damage|p2a: Chien-Pao|1\/100\n|\n|upkeep\n|\n|t:|1740088133\n|switch|p1a: Zapdos|Zapdos-Galar, L50, shiny|100\/100\n|turn|5\n|\n|t:|1740088144\n|-terastallize|p2a: Chien-Pao|Ghost\n|move|p1b: Tinkaton|Feint|p2a: Chien-Pao\n|-immune|p2a: Chien-Pao\n|move|p1a: Zapdos|Thunderous Kick|p2b: Zamazenta\n|-supereffective|p2b: Zamazenta\n|-damage|p2b: Zamazenta|50\/100\n|-unboost|p2b: Zamazenta|def|1\n|move|p2a: Chien-Pao|Ice Spinner|p1a: Zapdos\n|-supereffective|p1a: Zapdos\n|-damage|p1a: Zapdos|0 fnt\n|faint|p1a: Zapdos\n|move|p2b: Zamazenta|Body Press|p1b: Tinkaton\n|-damage|p1b: Tinkaton|0 fnt\n|faint|p1b: Tinkaton\n|\n|win|Bed Monke\n|raw|usernameinserted's rating: 1554 &rarr; <strong>1532<\/strong><br \/>(-22 for losing)\n|raw|Bed Monke's rating: 1515 &rarr; <strong>1537<\/strong><br \/>(+22 for winning)\n|l|\u2606usernameinserted\n|player|p1|\n|l|\u2606Bed Monke\n|player|p2|\n","uploadtime":1740088171,"views":11,"formatid":"gen9vgc2025regg","rating":1532,"private":0,"password":null}