{"id":"gen9vgc2025regg-2304306923","format":"[Gen 9] VGC 2025 Reg G","players":["Aki Hoshino","llefface"],"log":"|j|\u2606Aki Hoshino\n|j|\u2606llefface\n|t:|1740040398\n|gametype|doubles\n|player|p1|Aki Hoshino|aromalady|1691\n|player|p2|llefface|lana-masters|1759\n|teamsize|p1|6\n|teamsize|p2|6\n|gen|9\n|tier|[Gen 9] VGC 2025 Reg G\n|rated|\n|rule|Species Clause: Limit one of each Pok\u00e9mon\n|rule|Item Clause: Limit 1 of each item\n|clearpoke\n|poke|p1|Whimsicott, L50, M|\n|poke|p1|Urshifu-*, L50, F|\n|poke|p1|Chi-Yu, L50|\n|poke|p1|Flutter Mane, L50|\n|poke|p1|Raging Bolt, L50|\n|poke|p1|Calyrex-Ice, L50|\n|poke|p2|Miraidon, L50|\n|poke|p2|Whimsicott, L50, F|\n|poke|p2|Entei, L50|\n|poke|p2|Farigiraf, L50, F|\n|poke|p2|Ogerpon-Wellspring, L50, F|\n|poke|p2|Iron Hands, L50|\n|teampreview|4\n|c|\u2606llefface|glhf!\n|\n|t:|1740040418\n|start\n|switch|p1a: Whimsicott|Whimsicott, L50, M|100\/100\n|switch|p1b: Calyrex|Calyrex-Ice, L50|100\/100\n|switch|p2a: Miraidon|Miraidon, L50|100\/100\n|switch|p2b: Whimsicott|Whimsicott, L50, F|100\/100\n|-ability|p1b: Calyrex|As One\n|-ability|p1b: Calyrex|Unnerve\n|-fieldstart|move: Electric Terrain|[from] ability: Hadron Engine|[of] p2a: Miraidon\n|turn|1\n|\n|t:|1740040437\n|move|p1a: Whimsicott|Tailwind|p1a: Whimsicott\n|-sidestart|p1: Aki Hoshino|move: Tailwind\n|move|p2b: Whimsicott|Tailwind|p2b: Whimsicott\n|-sidestart|p2: llefface|move: Tailwind\n|move|p2a: Miraidon|Volt Switch|p1b: Calyrex\n|-damage|p1b: Calyrex|19\/100\n|\n|t:|1740040442\n|switch|p2a: Entei|Entei, L50|100\/100|[from] Volt Switch\n|move|p1b: Calyrex|Glacial Lance|p2a: Entei|[spread] p2a,p2b\n|-resisted|p2a: Entei\n|-supereffective|p2b: Whimsicott\n|-damage|p2a: Entei|73\/100\n|-damage|p2b: Whimsicott|0 fnt\n|faint|p2b: Whimsicott\n|-ability|p1b: Calyrex|Chilling Neigh|boost\n|-boost|p1b: Calyrex|atk|1\n|\n|upkeep\n|\n|t:|1740040455\n|switch|p2b: Miraidon|Miraidon, L50|100\/100\n|-activate|p2b: Miraidon|ability: Hadron Engine\n|turn|2\n|\n|t:|1740040529\n|-terastallize|p2b: Miraidon|Fairy\n|move|p1a: Whimsicott|Sunny Day|p1a: Whimsicott\n|-weather|SunnyDay\n|move|p2b: Miraidon|Dazzling Gleam|p1b: Calyrex|[spread] p1a,p1b\n|-enditem|p1a: Whimsicott|Focus Sash\n|-damage|p1a: Whimsicott|1\/100\n|-damage|p1b: Calyrex|0 fnt\n|faint|p1b: Calyrex\n|move|p2a: Entei|Sacred Fire|p1a: Whimsicott\n|-supereffective|p1a: Whimsicott\n|-damage|p1a: Whimsicott|0 fnt\n|faint|p1a: Whimsicott\n|-damage|p2a: Entei|64\/100|[from] item: Life Orb\n|\n|-weather|SunnyDay|[upkeep]\n|upkeep\n|\n|t:|1740040540\n|switch|p1a: Chi-Yu|Chi-Yu, L50|100\/100\n|switch|p1b: Flutter Mane|Flutter Mane, L50|100\/100\n|-ability|p1a: Chi-Yu|Beads of Ruin\n|-activate|p1b: Flutter Mane|ability: Protosynthesis\n|-start|p1b: Flutter Mane|protosynthesisspa\n|turn|3\n|j| vivixification\n|\n|t:|1740040577\n|-terastallize|p1b: Flutter Mane|Fairy\n|move|p2a: Entei|Extreme Speed|p1a: Chi-Yu\n|-damage|p1a: Chi-Yu|48\/100\n|-damage|p2a: Entei|54\/100|[from] item: Life Orb\n|move|p1a: Chi-Yu|Snarl|p2a: Entei|[spread] p2a,p2b\n|-resisted|p2b: Miraidon\n|-damage|p2a: Entei|18\/100\n|-damage|p2b: Miraidon|88\/100\n|-unboost|p2a: Entei|spa|1\n|-unboost|p2b: Miraidon|spa|1\n|move|p2b: Miraidon|Dazzling Gleam|p1b: Flutter Mane|[spread] p1a,p1b\n|-damage|p1a: Chi-Yu|1\/100\n|-damage|p1b: Flutter Mane|45\/100\n|move|p1b: Flutter Mane|Dazzling Gleam|p2b: Miraidon|[spread] p2a,p2b\n|-resisted|p2a: Entei\n|-damage|p2a: Entei|0 fnt\n|-damage|p2b: Miraidon|0 fnt\n|faint|p2a: Entei\n|faint|p2b: Miraidon\n|\n|-weather|SunnyDay|[upkeep]\n|upkeep\n|\n|t:|1740040590\n|switch|p2a: Ogerpon|Ogerpon-Wellspring, L50, F|100\/100\n|turn|4\n|c|\u2606llefface|ouch\n|\n|t:|1740040604\n|move|p1a: Chi-Yu|Snarl|p2a: Ogerpon\n|-damage|p2a: Ogerpon|63\/100\n|-unboost|p2a: Ogerpon|spa|1\n|move|p2a: Ogerpon|Wood Hammer|p1b: Flutter Mane\n|-damage|p1b: Flutter Mane|0 fnt\n|faint|p1b: Flutter Mane\n|-end|p1b: Flutter Mane|Protosynthesis|[silent]\n|-damage|p2a: Ogerpon|50\/100|[from] Recoil\n|\n|-weather|SunnyDay|[upkeep]\n|-sideend|p2: llefface|move: Tailwind\n|-sideend|p1: Aki Hoshino|move: Tailwind\n|upkeep\n|turn|5\n|\n|t:|1740040616\n|move|p1a: Chi-Yu|Snarl|p2a: Ogerpon\n|-damage|p2a: Ogerpon|12\/100\n|-unboost|p2a: Ogerpon|spa|1\n|move|p2a: Ogerpon|Ivy Cudgel|p1a: Chi-Yu|[anim] Ivy Cudgel Water\n|-supereffective|p1a: Chi-Yu\n|-damage|p1a: Chi-Yu|0 fnt\n|faint|p1a: Chi-Yu\n|\n|win|llefface\n|raw|Aki Hoshino's rating: 1691 &rarr; <strong>1675<\/strong><br \/>(-16 for losing)\n|raw|llefface's rating: 1759 &rarr; <strong>1775<\/strong><br \/>(+16 for winning)\n|c|\u2606llefface|gg\n|l|\u2606llefface\n|player|p2|\n|l|\u2606Aki Hoshino\n|player|p1|\n","uploadtime":1740040858,"views":6,"formatid":"gen9vgc2025regg","rating":1675,"private":0,"password":null}