{"id":"gen9vgc2025regg-2304776817","format":"[Gen 9] VGC 2025 Reg G","players":["Terry kloak","Lechonkbro"],"log":"|j|\u2606Terry kloak\n|j|\u2606Lechonkbro\n|t:|1740097285\n|gametype|doubles\n|player|p1|Terry kloak|2|1610\n|player|p2|Lechonkbro|ghetsis-gen5bw|1635\n|teamsize|p1|6\n|teamsize|p2|6\n|gen|9\n|tier|[Gen 9] VGC 2025 Reg G\n|rated|\n|rule|Species Clause: Limit one of each Pok\u00e9mon\n|rule|Item Clause: Limit 1 of each item\n|clearpoke\n|poke|p1|Zacian-*, L50|\n|poke|p1|Whimsicott, L50, M|\n|poke|p1|Milotic, L50, F|\n|poke|p1|Raging Bolt, L50|\n|poke|p1|Landorus, L50, M|\n|poke|p1|Incineroar, L50, F|\n|poke|p2|Miraidon, L50|\n|poke|p2|Incineroar, L50, M|\n|poke|p2|Oranguru, L50, M|\n|poke|p2|Clefairy, L50, M|\n|poke|p2|Baxcalibur, L50, M|\n|poke|p2|Whimsicott, L50, M|\n|teampreview|4\n|inactive|Battle timer is ON: inactive players will automatically lose when time's up. (requested by Lechonkbro)\n|\n|t:|1740097312\n|start\n|switch|p1a: Landorus|Landorus, L50, M|100\/100\n|switch|p1b: Raging Bolt|Raging Bolt, L50|100\/100\n|switch|p2a: Miraidon|Miraidon, L50|100\/100\n|switch|p2b: Incineroar|Incineroar, L50, M|100\/100\n|-fieldstart|move: Electric Terrain|[from] ability: Hadron Engine|[of] p2a: Miraidon\n|-enditem|p2a: Miraidon|Electric Seed\n|-boost|p2a: Miraidon|def|1|[from] item: Electric Seed\n|-ability|p2b: Incineroar|Intimidate|boost\n|-unboost|p1a: Landorus|atk|1\n|-unboost|p1b: Raging Bolt|atk|1\n|turn|1\n|\n|t:|1740097328\n|switch|p1a: Whimsicott|Whimsicott, L50, M|100\/100\n|-terastallize|p2a: Miraidon|Electric\n|move|p2b: Incineroar|Fake Out|p1a: Whimsicott\n|-damage|p1a: Whimsicott|87\/100\n|move|p2a: Miraidon|Calm Mind|p2a: Miraidon\n|-boost|p2a: Miraidon|spa|1\n|-boost|p2a: Miraidon|spd|1\n|move|p1b: Raging Bolt|Snarl|p2a: Miraidon|[spread] p2a,p2b\n|-resisted|p2b: Incineroar\n|-damage|p2a: Miraidon|93\/100\n|-damage|p2b: Incineroar|93\/100\n|-unboost|p2a: Miraidon|spa|1\n|-unboost|p2b: Incineroar|spa|1\n|\n|upkeep\n|turn|2\n|\n|t:|1740097347\n|move|p2a: Miraidon|Protect|p2a: Miraidon\n|-singleturn|p2a: Miraidon|Protect\n|move|p1a: Whimsicott|Encore|p2a: Miraidon\n|-activate|p2a: Miraidon|move: Protect\n|move|p1b: Raging Bolt|Volt Switch|p2b: Incineroar\n|-damage|p2b: Incineroar|44\/100\n|-enditem|p2b: Incineroar|Sitrus Berry|[eat]\n|-heal|p2b: Incineroar|69\/100|[from] item: Sitrus Berry\n|\n|t:|1740097358\n|-end|p1b: Raging Bolt|Protosynthesis|[silent]\n|switch|p1b: Landorus|Landorus, L50, M|100\/100|[from] Volt Switch\n|move|p2b: Incineroar|Flare Blitz|p1a: Whimsicott\n|-supereffective|p1a: Whimsicott\n|-damage|p1a: Whimsicott|0 fnt\n|faint|p1a: Whimsicott\n|-damage|p2b: Incineroar|46\/100|[from] Recoil\n|\n|upkeep\n|\n|t:|1740097372\n|switch|p1a: Raging Bolt|Raging Bolt, L50|100\/100\n|turn|3\n|\n|t:|1740097385\n|move|p1b: Landorus|Earth Power|p2a: Miraidon\n|-supereffective|p2a: Miraidon\n|-damage|p2a: Miraidon|32\/100\n|move|p2a: Miraidon|Calm Mind|p2a: Miraidon\n|-boost|p2a: Miraidon|spa|1\n|-boost|p2a: Miraidon|spd|1\n|move|p1a: Raging Bolt|Volt Switch|p2b: Incineroar\n|-damage|p2b: Incineroar|4\/100\n|\n|t:|1740097394\n|-end|p1a: Raging Bolt|Protosynthesis|[silent]\n|switch|p1a: Zacian|Zacian-Crowned, L50|100\/100|[from] Volt Switch\n|-ability|p1a: Zacian|Intrepid Sword|boost\n|-boost|p1a: Zacian|atk|1\n|move|p2b: Incineroar|Parting Shot|p1b: Landorus\n|-unboost|p1b: Landorus|atk|1\n|-unboost|p1b: Landorus|spa|1\n|\n|t:|1740097402\n|switch|p2b: Whimsicott|Whimsicott, L50, M|100\/100|[from] Parting Shot\n|\n|upkeep\n|turn|4\n|\n|t:|1740097422\n|-terastallize|p1b: Landorus|Poison\n|move|p1a: Zacian|Protect|p1a: Zacian\n|-singleturn|p1a: Zacian|Protect\n|move|p2b: Whimsicott|Tailwind|p2b: Whimsicott\n|-sidestart|p2: Lechonkbro|move: Tailwind\n|move|p2a: Miraidon|Parabolic Charge|p1b: Landorus|[spread] p2b,p1b\n|-activate|p1a: Zacian|move: Protect\n|-resisted|p2b: Whimsicott\n|-damage|p2b: Whimsicott|32\/100\n|-heal|p2a: Miraidon|55\/100|[from] drain|[of] p2b: Whimsicott\n|-damage|p1b: Landorus|0 fnt\n|-heal|p2a: Miraidon|96\/100|[from] drain|[of] p1b: Landorus\n|faint|p1b: Landorus\n|\n|upkeep\n|\n|t:|1740097436\n|switch|p1b: Raging Bolt|Raging Bolt, L50|100\/100\n|turn|5\n|-message|Terry kloak forfeited.\n|\n|win|Lechonkbro\n|raw|Terry kloak's rating: 1610 &rarr; <strong>1591<\/strong><br \/>(-19 for losing)\n|raw|Lechonkbro's rating: 1635 &rarr; <strong>1654<\/strong><br \/>(+19 for winning)\n|l|\u2606Terry kloak\n|player|p1|\n|l|\u2606Lechonkbro\n|player|p2|\n","uploadtime":1740097652,"views":5,"formatid":"gen9vgc2025regg","rating":1591,"private":0,"password":null}