{"id":"gen9vgc2025regg-2304303938","format":"[Gen 9] VGC 2025 Reg G","players":["Has_Perry","no scout no pivot"],"log":"|j|\u2606Has_Perry\n|j|\u2606no scout no pivot\n|t:|1740039824\n|gametype|doubles\n|player|p1|Has_Perry|veteran|1563\n|player|p2|no scout no pivot|102|1632\n|teamsize|p1|6\n|teamsize|p2|6\n|gen|9\n|tier|[Gen 9] VGC 2025 Reg G\n|rated|\n|rule|Species Clause: Limit one of each Pok\u00e9mon\n|rule|Item Clause: Limit 1 of each item\n|clearpoke\n|poke|p1|Terapagos, L50, M|\n|poke|p1|Rillaboom, L50, M|\n|poke|p1|Flutter Mane, L50|\n|poke|p1|Incineroar, L50, M|\n|poke|p1|Urshifu-*, L50, M|\n|poke|p1|Ogerpon-Hearthflame, L50, F|\n|poke|p2|Calyrex-Shadow, L50|\n|poke|p2|Terrakion, L50|\n|poke|p2|Whimsicott, L50, F|\n|poke|p2|Primarina, L50, M|\n|poke|p2|Indeedee-F, L50, F|\n|poke|p2|Roaring Moon, L50|\n|teampreview|4\n|inactive|Battle timer is ON: inactive players will automatically lose when time's up. (requested by no scout no pivot)\n|\n|t:|1740039877\n|start\n|switch|p1a: Ogerpon|Ogerpon-Hearthflame, L50, F|100\/100\n|switch|p1b: Flutter Mane|Flutter Mane, L50|100\/100\n|switch|p2a: Whimsicott|Whimsicott, L50, F|100\/100\n|switch|p2b: Terrakion|Terrakion, L50|100\/100\n|-ability|p1a: Ogerpon|Mold Breaker\n|-enditem|p1b: Flutter Mane|Booster Energy\n|-activate|p1b: Flutter Mane|ability: Protosynthesis|[fromitem]\n|-start|p1b: Flutter Mane|protosynthesisspe\n|turn|1\n|\n|t:|1740039895\n|move|p2a: Whimsicott|Tailwind|p2a: Whimsicott\n|-sidestart|p2: no scout no pivot|move: Tailwind\n|move|p2b: Terrakion|Rock Slide|p1b: Flutter Mane|[spread] p1a,p1b\n|-supereffective|p1a: Ogerpon\n|-damage|p1a: Ogerpon|4\/100\n|-damage|p1b: Flutter Mane|37\/100\n|-damage|p2b: Terrakion|91\/100|[from] item: Life Orb\n|cant|p1b: Flutter Mane|flinch\n|move|p1a: Ogerpon|Wood Hammer|p2b: Terrakion\n|-supereffective|p2b: Terrakion\n|-damage|p2b: Terrakion|0 fnt\n|faint|p2b: Terrakion\n|-damage|p1a: Ogerpon|0 fnt|[from] Recoil\n|faint|p1a: Ogerpon\n|\n|upkeep\n|\n|t:|1740039910\n|switch|p2b: Roaring Moon|Roaring Moon, L50|100\/100\n|switch|p1a: TerapaGODO|Terapagos, L50, M|100\/100\n|-activate|p1a: TerapaGODO|ability: Tera Shift\n|detailschange|p1a: TerapaGODO|Terapagos-Terastal, L50, M\n|-heal|p1a: TerapaGODO|100\/100|[silent]\n|-enditem|p2b: Roaring Moon|Booster Energy\n|-activate|p2b: Roaring Moon|ability: Protosynthesis|[fromitem]\n|-start|p2b: Roaring Moon|protosynthesisspe\n|turn|2\n|\n|t:|1740039926\n|move|p2a: Whimsicott|Taunt|p1a: TerapaGODO\n|-start|p1a: TerapaGODO|move: Taunt\n|move|p2b: Roaring Moon|Knock Off|p1b: Flutter Mane\n|-damage|p1b: Flutter Mane|0 fnt\n|faint|p1b: Flutter Mane\n|-end|p1b: Flutter Mane|Protosynthesis|[silent]\n|move|p1a: TerapaGODO|Tera Starstorm|p2b: Roaring Moon\n|-damage|p2b: Roaring Moon|51\/100\n|\n|upkeep\n|\n|t:|1740039936\n|switch|p1b: Rezza Capa|Rillaboom, L50, M|100\/100\n|-fieldstart|move: Grassy Terrain|[from] ability: Grassy Surge|[of] p1b: Rezza Capa\n|turn|3\n|\n|t:|1740039948\n|switch|p2a: Indeedee|Indeedee-F, L50, F|100\/100\n|-fieldstart|move: Psychic Terrain|[from] ability: Psychic Surge|[of] p2a: Indeedee\n|-enditem|p2a: Indeedee|Psychic Seed\n|-boost|p2a: Indeedee|spd|1|[from] item: Psychic Seed\n|move|p1b: Rezza Capa|Fake Out|p2b: Roaring Moon\n|-activate|p2b: Roaring Moon|move: Psychic Terrain\n|move|p2b: Roaring Moon|Knock Off|p1a: TerapaGODO\n|-activate|p1a: TerapaGODO|ability: Tera Shell\n|-resisted|p1a: TerapaGODO\n|-damage|p1a: TerapaGODO|79\/100\n|-enditem|p1a: TerapaGODO|Leftovers|[from] move: Knock Off|[of] p2b: Roaring Moon\n|move|p1a: TerapaGODO|Tera Starstorm|p2a: Indeedee\n|-crit|p2a: Indeedee\n|-damage|p2a: Indeedee|22\/100\n|\n|upkeep\n|turn|4\n|inactive|no scout no pivot has 30 seconds left.\n|\n|t:|1740039980\n|-terastallize|p1a: TerapaGODO|Stellar\n|detailschange|p1a: TerapaGODO|Terapagos-Stellar, L50, M, tera:Stellar\n|-heal|p1a: TerapaGODO|85\/100|[silent]\n|-ability|p1a: TerapaGODO|Teraform Zero\n|-fieldend|move: Psychic Terrain\n|move|p2a: Indeedee|Helping Hand|p2b: Roaring Moon\n|-singleturn|p2b: Roaring Moon|Helping Hand|[of] p2a: Indeedee\n|move|p2b: Roaring Moon|Acrobatics|p1b: Rezza Capa\n|-supereffective|p1b: Rezza Capa\n|-damage|p1b: Rezza Capa|0 fnt\n|faint|p1b: Rezza Capa\n|move|p1a: TerapaGODO|Tera Starstorm|p2b: Roaring Moon|[spread] p2a,p2b\n|-damage|p2a: Indeedee|0 fnt\n|-damage|p2b: Roaring Moon|15\/100\n|faint|p2a: Indeedee\n|\n|-end|p1a: TerapaGODO|move: Taunt\n|-sideend|p2: no scout no pivot|move: Tailwind\n|upkeep\n|\n|t:|1740039983\n|switch|p2a: Whimsicott|Whimsicott, L50, F|100\/100\n|turn|5\n|\n|t:|1740039999\n|-terastallize|p2b: Roaring Moon|Flying\n|move|p2b: Roaring Moon|Acrobatics|p1a: TerapaGODO\n|-crit|p1a: TerapaGODO\n|-damage|p1a: TerapaGODO|32\/100\n|move|p2a: Whimsicott|Moonblast|p1a: TerapaGODO\n|-damage|p1a: TerapaGODO|9\/100\n|move|p1a: TerapaGODO|Tera Starstorm|p2a: Whimsicott|[spread] p2a,p2b\n|-supereffective|p2b: Roaring Moon\n|-damage|p2a: Whimsicott|41\/100\n|-damage|p2b: Roaring Moon|0 fnt\n|faint|p2b: Roaring Moon\n|-end|p2b: Roaring Moon|Protosynthesis|[silent]\n|\n|upkeep\n|turn|6\n|\n|t:|1740040013\n|move|p2a: Whimsicott|Moonblast|p1a: TerapaGODO\n|-damage|p1a: TerapaGODO|0 fnt\n|faint|p1a: TerapaGODO\n|\n|win|no scout no pivot\n|raw|Has_Perry's rating: 1563 &rarr; <strong>1547<\/strong><br \/>(-16 for losing)\n|raw|no scout no pivot's rating: 1632 &rarr; <strong>1648<\/strong><br \/>(+16 for winning)\n|l|\u2606Has_Perry\n|player|p1|\n","uploadtime":1740040168,"views":7,"formatid":"gen9vgc2025regg","rating":1547,"private":0,"password":null}