{"id":"gen9vgc2025regg-2304430859","format":"[Gen 9] VGC 2025 Reg G","players":["ApoVGC","aveorni"],"log":"|j|\u2606ApoVGC\n|j|\u2606aveorni\n|t:|1740060481\n|gametype|doubles\n|player|p1|ApoVGC|102|1604\n|player|p2|aveorni|ghetsis|1620\n|teamsize|p1|6\n|teamsize|p2|6\n|gen|9\n|tier|[Gen 9] VGC 2025 Reg G\n|rated|\n|rule|Species Clause: Limit one of each Pok\u00e9mon\n|rule|Item Clause: Limit 1 of each item\n|clearpoke\n|poke|p1|Calyrex-Shadow, L50|\n|poke|p1|Amoonguss, L50, F|\n|poke|p1|Tornadus, L50, M|\n|poke|p1|Indeedee-F, L50, F|\n|poke|p1|Urshifu-*, L50, F|\n|poke|p1|Chi-Yu, L50|\n|poke|p2|Ting-Lu, L50|\n|poke|p2|Calyrex-Shadow, L50|\n|poke|p2|Dondozo, L50, M|\n|poke|p2|Weezing-Galar, L50, M|\n|poke|p2|Indeedee-F, L50, F|\n|poke|p2|Tatsugiri-Droopy, L50, F|\n|teampreview|4\n|inactive|Battle timer is ON: inactive players will automatically lose when time's up. (requested by aveorni)\n|\n|t:|1740060505\n|start\n|switch|p1a: Urshifu|Urshifu-Rapid-Strike, L50, F|100\/100\n|switch|p1b: Amoonguss|Amoonguss, L50, F, shiny|100\/100\n|switch|p2a: horse|Calyrex-Shadow, L50|100\/100\n|switch|p2b: fartn\u00b4t|Indeedee-F, L50, F|100\/100\n|-ability|p2a: horse|As One\n|-ability|p2a: horse|Unnerve\n|-fieldstart|move: Psychic Terrain|[from] ability: Psychic Surge|[of] p2b: fartn\u00b4t\n|turn|1\n|\n|t:|1740060521\n|-terastallize|p1b: Amoonguss|Water\n|move|p1a: Urshifu|Detect|p1a: Urshifu\n|-singleturn|p1a: Urshifu|Protect\n|move|p2b: fartn\u00b4t|Follow Me|p2b: fartn\u00b4t\n|-singleturn|p2b: fartn\u00b4t|move: Follow Me\n|move|p2a: horse|Expanding Force|p1a: Urshifu|[spread] p1b\n|-activate|p1a: Urshifu|move: Protect\n|-damage|p1b: Amoonguss|22\/100\n|-damage|p2a: horse|91\/100|[from] item: Life Orb\n|move|p1b: Amoonguss|Spore|p2b: fartn\u00b4t\n|-activate|p2b: fartn\u00b4t|item: Safety Goggles|Spore\n|\n|upkeep\n|turn|2\n|\n|t:|1740060543\n|move|p1b: Amoonguss|Protect|p1b: Amoonguss\n|-singleturn|p1b: Amoonguss|Protect\n|move|p2b: fartn\u00b4t|Follow Me|p2b: fartn\u00b4t\n|-singleturn|p2b: fartn\u00b4t|move: Follow Me\n|move|p2a: horse|Astral Barrage|p1a: Urshifu|[spread] p1a\n|-activate|p1b: Amoonguss|move: Protect\n|-enditem|p1a: Urshifu|Focus Sash\n|-damage|p1a: Urshifu|1\/100\n|-damage|p2a: horse|81\/100|[from] item: Life Orb\n|move|p1a: Urshifu|Surging Strikes|p2b: fartn\u00b4t\n|-crit|p2b: fartn\u00b4t\n|-damage|p2b: fartn\u00b4t|78\/100\n|-crit|p2b: fartn\u00b4t\n|-damage|p2b: fartn\u00b4t|56\/100\n|-crit|p2b: fartn\u00b4t\n|-damage|p2b: fartn\u00b4t|34\/100\n|-hitcount|p2b: fartn\u00b4t|3\n|\n|upkeep\n|turn|3\n|inactive|ApoVGC has 30 seconds left.\n|inactive|ApoVGC has 20 seconds left.\n|\n|t:|1740060583\n|switch|p1b: Indeedee|Indeedee-F, L50, F|100\/100\n|-enditem|p1b: Indeedee|Psychic Seed\n|-boost|p1b: Indeedee|spd|1|[from] item: Psychic Seed\n|move|p2b: fartn\u00b4t|Helping Hand|p2a: horse\n|-singleturn|p2a: horse|Helping Hand|[of] p2b: fartn\u00b4t\n|move|p1a: Urshifu|Detect|p1a: Urshifu\n|-singleturn|p1a: Urshifu|Protect\n|move|p2a: horse|Astral Barrage|p1b: Indeedee|[spread] \n|-activate|p1a: Urshifu|move: Protect\n|-immune|p1b: Indeedee\n|\n|upkeep\n|turn|4\n|\n|t:|1740060601\n|switch|p1a: Amoonguss|Amoonguss, L50, F, shiny, tera:Water|55\/100\n|move|p2b: fartn\u00b4t|Helping Hand|p2a: horse\n|-singleturn|p2a: horse|Helping Hand|[of] p2b: fartn\u00b4t\n|move|p2a: horse|Expanding Force|p1b: Indeedee|[spread] p1a,p1b\n|-resisted|p1b: Indeedee\n|-damage|p1a: Amoonguss|0 fnt\n|-damage|p1b: Indeedee|54\/100\n|faint|p1a: Amoonguss\n|-ability|p2a: horse|Grim Neigh|boost\n|-boost|p2a: horse|spa|1\n|-damage|p2a: horse|72\/100|[from] item: Life Orb\n|move|p1b: Indeedee|Trick Room|p1b: Indeedee\n|-fieldstart|move: Trick Room|[of] p1b: Indeedee\n|\n|upkeep\n|\n|t:|1740060609\n|switch|p1a: Urshifu|Urshifu-Rapid-Strike, L50, F|1\/100\n|turn|5\n|\n|t:|1740060619\n|move|p1a: Urshifu|Detect|p1a: Urshifu\n|-singleturn|p1a: Urshifu|Protect\n|move|p2b: fartn\u00b4t|Follow Me|p2b: fartn\u00b4t\n|-singleturn|p2b: fartn\u00b4t|move: Follow Me\n|move|p1b: Indeedee|Psyshock|p2b: fartn\u00b4t\n|-resisted|p2b: fartn\u00b4t\n|-crit|p2b: fartn\u00b4t\n|-damage|p2b: fartn\u00b4t|8\/100\n|move|p2a: horse|Expanding Force|p1a: Urshifu|[spread] p1b\n|-activate|p1a: Urshifu|move: Protect\n|-resisted|p1b: Indeedee\n|-damage|p1b: Indeedee|5\/100\n|-damage|p2a: horse|62\/100|[from] item: Life Orb\n|\n|-fieldend|move: Psychic Terrain\n|upkeep\n|turn|6\n|\n|t:|1740060643\n|switch|p2a: sushi|Tatsugiri-Droopy, L50, F, shiny|100\/100\n|move|p2b: fartn\u00b4t|Psychic|p1a: Urshifu\n|-supereffective|p1a: Urshifu\n|-damage|p1a: Urshifu|0 fnt\n|faint|p1a: Urshifu\n|move|p1b: Indeedee|Psyshock|p2b: fartn\u00b4t\n|-resisted|p2b: fartn\u00b4t\n|-damage|p2b: fartn\u00b4t|0 fnt\n|faint|p2b: fartn\u00b4t\n|\n|upkeep\n|\n|t:|1740060651\n|switch|p2b: I eat sushi|Dondozo, L50, M, shiny|100\/100\n|switch|p1a: Calyrex|Calyrex-Shadow, L50|100\/100\n|-ability|p1a: Calyrex|As One\n|-ability|p1a: Calyrex|Unnerve\n|-activate|p2a: sushi|ability: Commander|[of] p2b: I eat sushi\n|-boost|p2b: I eat sushi|atk|2\n|-boost|p2b: I eat sushi|spa|2\n|-boost|p2b: I eat sushi|spe|2\n|-boost|p2b: I eat sushi|def|2\n|-boost|p2b: I eat sushi|spd|2\n|turn|7\n|\n|t:|1740060661\n|move|p1b: Indeedee|Helping Hand|p1a: Calyrex\n|-singleturn|p1a: Calyrex|Helping Hand|[of] p1b: Indeedee\n|move|p2b: I eat sushi|Order Up|p1b: Indeedee\n|-damage|p1b: Indeedee|0 fnt\n|faint|p1b: Indeedee\n|-boost|p2b: I eat sushi|def|1\n|move|p1a: Calyrex|Astral Barrage|p2b: I eat sushi|[spread] p2b\n|-miss|p1a: Calyrex|p2a: sushi\n|-damage|p2b: I eat sushi|61\/100\n|-damage|p1a: Calyrex|91\/100|[from] item: Life Orb\n|\n|-heal|p2b: I eat sushi|68\/100|[from] item: Leftovers\n|upkeep\n|turn|8\n|\n|t:|1740060675\n|move|p2b: I eat sushi|Yawn|p1a: Calyrex\n|-start|p1a: Calyrex|move: Yawn|[of] p2b: I eat sushi\n|move|p1a: Calyrex|Draining Kiss|p2b: I eat sushi\n|-damage|p2b: I eat sushi|58\/100\n|-heal|p1a: Calyrex|100\/100|[from] drain|[of] p2b: I eat sushi\n|-damage|p1a: Calyrex|91\/100|[from] item: Life Orb\n|\n|-heal|p2b: I eat sushi|64\/100|[from] item: Leftovers\n|-fieldend|move: Trick Room\n|upkeep\n|turn|9\n|\n|t:|1740060683\n|move|p2b: I eat sushi|Protect|p2b: I eat sushi\n|-singleturn|p2b: I eat sushi|Protect\n|move|p1a: Calyrex|Astral Barrage|p2b: I eat sushi|[spread] \n|-miss|p1a: Calyrex|p2a: sushi\n|-activate|p2b: I eat sushi|move: Protect\n|\n|-heal|p2b: I eat sushi|70\/100|[from] item: Leftovers\n|-end|p1a: Calyrex|move: Yawn|[silent]\n|-status|p1a: Calyrex|slp\n|upkeep\n|turn|10\n|\n|t:|1740060687\n|cant|p1a: Calyrex|slp\n|move|p2b: I eat sushi|Order Up|p1a: Calyrex\n|-damage|p1a: Calyrex|43\/100 slp\n|-boost|p2b: I eat sushi|def|1\n|\n|-heal|p2b: I eat sushi|77\/100|[from] item: Leftovers\n|upkeep\n|turn|11\n|\n|t:|1740060690\n|cant|p1a: Calyrex|slp\n|move|p2b: I eat sushi|Order Up|p1a: Calyrex\n|-damage|p1a: Calyrex|0 fnt\n|faint|p1a: Calyrex\n|\n|win|aveorni\n|raw|ApoVGC's rating: 1604 &rarr; <strong>1585<\/strong><br \/>(-19 for losing)\n|raw|aveorni's rating: 1620 &rarr; <strong>1639<\/strong><br \/>(+19 for winning)\n|l|\u2606ApoVGC\n|player|p1|\n|c|\u2606aveorni|gg\n|l|\u2606aveorni\n|player|p2|\n","uploadtime":1740060945,"views":7,"formatid":"gen9vgc2025regg","rating":1585,"private":0,"password":null}