{"id":"gen9vgc2025regg-2304878719","format":"[Gen 9] VGC 2025 Reg G","players":["lawfoolio","ComputerYui"],"log":"|j|\u2606lawfoolio\n|j|\u2606ComputerYui\n|t:|1740111229\n|gametype|doubles\n|player|p1|lawfoolio|169|1618\n|player|p2|ComputerYui|170|1697\n|teamsize|p1|6\n|teamsize|p2|6\n|gen|9\n|tier|[Gen 9] VGC 2025 Reg G\n|rated|\n|rule|Species Clause: Limit one of each Pok\u00e9mon\n|rule|Item Clause: Limit 1 of each item\n|clearpoke\n|poke|p1|Zamazenta-*, L50|\n|poke|p1|Entei, L50|\n|poke|p1|Flutter Mane, L50|\n|poke|p1|Chien-Pao, L50|\n|poke|p1|Amoonguss, L50, M|\n|poke|p1|Ditto, L50|\n|poke|p2|Armarouge, L50, M|\n|poke|p2|Indeedee-F, L50, F|\n|poke|p2|Koraidon, L50|\n|poke|p2|Whimsicott, L50, F|\n|poke|p2|Walking Wake, L50|\n|poke|p2|Iron Valiant, L50|\n|teampreview|4\n|inactive|Battle timer is ON: inactive players will automatically lose when time's up. (requested by lawfoolio)\n|\n|t:|1740111249\n|start\n|switch|p1a: Entei|Entei, L50|100\/100\n|switch|p1b: Chien-Pao|Chien-Pao, L50|100\/100\n|switch|p2a: Whimsicott|Whimsicott, L50, F, shiny|100\/100\n|switch|p2b: Koraidon|Koraidon, L50|100\/100\n|-weather|SunnyDay|[from] ability: Orichalcum Pulse|[of] p2b: Koraidon\n|-activate|p2b: Koraidon|Orichalcum Pulse|[source]\n|-ability|p1b: Chien-Pao|Sword of Ruin\n|turn|1\n|\n|t:|1740111280\n|switch|p1a: Ditto|Ditto, L50|100\/100\n|-transform|p1a: Ditto|p2b: Koraidon|[from] ability: Imposter\n|-activate|p1a: Ditto|ability: Orichalcum Pulse\n|move|p2a: Whimsicott|Dazzling Gleam|p1b: Chien-Pao|[spread] p1a,p1b\n|-supereffective|p1a: Ditto\n|-supereffective|p1b: Chien-Pao\n|-damage|p1a: Ditto|0 fnt\n|-damage|p1b: Chien-Pao|26\/100\n|faint|p1a: Ditto\n|move|p2b: Koraidon|U-turn|p1b: Chien-Pao\n|-supereffective|p1b: Chien-Pao\n|-damage|p1b: Chien-Pao|0 fnt\n|faint|p1b: Chien-Pao\n|\n|t:|1740111294\n|switch|p2b: Indeedee|Indeedee-F, L50, F, shiny|100\/100|[from] U-turn\n|-fieldstart|move: Psychic Terrain|[from] ability: Psychic Surge|[of] p2b: Indeedee\n|\n|-weather|SunnyDay|[upkeep]\n|upkeep\n|\n|t:|1740111304\n|switch|p1b: Zamazenta|Zamazenta-Crowned, L50|100\/100\n|switch|p1a: Entei|Entei, L50|100\/100\n|-ability|p1b: Zamazenta|Dauntless Shield|boost\n|-boost|p1b: Zamazenta|def|1\n|turn|2\n|\n|t:|1740111317\n|move|p2b: Indeedee|Follow Me|p2b: Indeedee\n|-singleturn|p2b: Indeedee|move: Follow Me\n|move|p2a: Whimsicott|Dazzling Gleam|p1a: Entei|[spread] p1a,p1b\n|-resisted|p1a: Entei\n|-damage|p1a: Entei|88\/100\n|-damage|p1b: Zamazenta|85\/100\n|move|p1b: Zamazenta|Behemoth Bash|p2b: Indeedee\n|-damage|p2b: Indeedee|61\/100\n|-enditem|p2b: Indeedee|Eject Button\n|\n|t:|1740111331\n|switch|p2b: Armarouge|Armarouge, L50, M, shiny|100\/100\n|move|p1a: Entei|Sacred Fire|p2b: Armarouge\n|-resisted|p2b: Armarouge\n|-damage|p2b: Armarouge|34\/100\n|-ability|p2b: Armarouge|Weak Armor|boost\n|-unboost|p2b: Armarouge|def|1\n|-boost|p2b: Armarouge|spe|2\n|\n|-weather|SunnyDay|[upkeep]\n|upkeep\n|turn|3\n|inactive|ComputerYui has 30 seconds left.\n|\n|t:|1740111357\n|move|p1b: Zamazenta|Wide Guard|p1b: Zamazenta\n|-singleturn|p1b: Zamazenta|Wide Guard\n|move|p2a: Whimsicott|Beat Up|p2b: Armarouge\n|-supereffective|p2b: Armarouge\n|-damage|p2b: Armarouge|28\/100\n|-ability|p2b: Armarouge|Weak Armor|boost\n|-unboost|p2b: Armarouge|def|1\n|-boost|p2b: Armarouge|spe|2\n|-enditem|p2b: Armarouge|Weakness Policy\n|-boost|p2b: Armarouge|atk|2|[from] item: Weakness Policy\n|-boost|p2b: Armarouge|spa|2|[from] item: Weakness Policy\n|-supereffective|p2b: Armarouge\n|-damage|p2b: Armarouge|20\/100\n|-ability|p2b: Armarouge|Weak Armor|boost\n|-unboost|p2b: Armarouge|def|1\n|-boost|p2b: Armarouge|spe|2\n|-supereffective|p2b: Armarouge\n|-damage|p2b: Armarouge|5\/100\n|-ability|p2b: Armarouge|Weak Armor|boost\n|-unboost|p2b: Armarouge|def|1\n|-supereffective|p2b: Armarouge\n|-damage|p2b: Armarouge|0 fnt\n|faint|p2b: Armarouge\n|-hitcount|p2: Armarouge|4\n|move|p1a: Entei|Sacred Fire|p2a: Whimsicott\n|-supereffective|p2a: Whimsicott\n|-enditem|p2a: Whimsicott|Focus Sash\n|-damage|p2a: Whimsicott|1\/100\n|\n|-weather|SunnyDay|[upkeep]\n|upkeep\n|inactive|ComputerYui has 30 seconds left.\n|\n|t:|1740111384\n|switch|p2b: Koraidon|Koraidon, L50|100\/100\n|-activate|p2b: Koraidon|ability: Orichalcum Pulse\n|turn|4\n|\n|t:|1740111398\n|-terastallize|p1b: Zamazenta|Dragon\n|move|p2a: Whimsicott|Dazzling Gleam|p1b: Zamazenta|[spread] p1a,p1b\n|-resisted|p1a: Entei\n|-supereffective|p1b: Zamazenta\n|-damage|p1a: Entei|76\/100\n|-damage|p1b: Zamazenta|53\/100\n|move|p2b: Koraidon|Collision Course|p1a: Entei\n|-damage|p1a: Entei|6\/100\n|move|p1b: Zamazenta|Body Press|p2b: Koraidon\n|-damage|p2b: Koraidon|37\/100\n|move|p1a: Entei|Sacred Fire|p2b: Koraidon\n|-resisted|p2b: Koraidon\n|-damage|p2b: Koraidon|0 fnt\n|faint|p2b: Koraidon\n|\n|-weather|SunnyDay|[upkeep]\n|upkeep\n|\n|t:|1740111416\n|switch|p2b: Indeedee|Indeedee-F, L50, F, shiny|61\/100\n|turn|5\n|inactive|ComputerYui has 30 seconds left.\n|\n|t:|1740111450\n|move|p2b: Indeedee|Follow Me|p2b: Indeedee\n|-singleturn|p2b: Indeedee|move: Follow Me\n|move|p2a: Whimsicott|Dazzling Gleam|p1b: Zamazenta|[spread] p1a,p1b\n|-resisted|p1a: Entei\n|-supereffective|p1b: Zamazenta\n|-crit|p1b: Zamazenta\n|-damage|p1a: Entei|0 fnt\n|-damage|p1b: Zamazenta|5\/100\n|faint|p1a: Entei\n|move|p1b: Zamazenta|Behemoth Bash|p2b: Indeedee\n|-crit|p2b: Indeedee\n|-damage|p2b: Indeedee|3\/100\n|\n|-weather|none\n|-fieldend|move: Psychic Terrain\n|upkeep\n|turn|6\n|\n|t:|1740111465\n|move|p2b: Indeedee|Follow Me|p2b: Indeedee\n|-singleturn|p2b: Indeedee|move: Follow Me\n|move|p2a: Whimsicott|Dazzling Gleam|p1b: Zamazenta\n|-supereffective|p1b: Zamazenta\n|-damage|p1b: Zamazenta|0 fnt\n|faint|p1b: Zamazenta\n|\n|win|ComputerYui\n|raw|lawfoolio's rating: 1618 &rarr; <strong>1602<\/strong><br \/>(-16 for losing)\n|raw|ComputerYui's rating: 1697 &rarr; <strong>1713<\/strong><br \/>(+16 for winning)\n|l|\u2606lawfoolio\n|player|p1|\n|l|\u2606ComputerYui\n|player|p2|\n","uploadtime":1740111636,"views":5,"formatid":"gen9vgc2025regg","rating":1602,"private":0,"password":null}