{"id":"gen9vgc2025regg-2304089148","format":"[Gen 9] VGC 2025 Reg G","players":["WHOTFISRYANPOWNEY","megraxVGC"],"log":"|j|\u2606WHOTFISRYANPOWNEY\n|j|\u2606megraxVGC\n|t:|1740006731\n|gametype|doubles\n|player|p1|WHOTFISRYANPOWNEY|pokemonranger-gen4|1548\n|player|p2|megraxVGC|steven|1643\n|teamsize|p1|6\n|teamsize|p2|6\n|gen|9\n|tier|[Gen 9] VGC 2025 Reg G\n|rated|\n|rule|Species Clause: Limit one of each Pok\u00e9mon\n|rule|Item Clause: Limit 1 of each item\n|clearpoke\n|poke|p1|Urshifu-*, L50, F|\n|poke|p1|Calyrex-Ice, L50|\n|poke|p1|Smeargle, L50, M|\n|poke|p1|Ogerpon-Hearthflame, L50, F|\n|poke|p1|Indeedee-F, L50, F|\n|poke|p1|Ursaluna-Bloodmoon, L50, M|\n|poke|p2|Calyrex-Shadow, L50|\n|poke|p2|Urshifu-*, L50, M|\n|poke|p2|Tornadus, L50, M|\n|poke|p2|Iron Hands, L50|\n|poke|p2|Farigiraf, L50, M|\n|poke|p2|Landorus, L50, M|\n|teampreview|4\n|inactive|Battle timer is ON: inactive players will automatically lose when time's up. (requested by megraxVGC)\n|inactive|megraxVGC has 60 seconds left.\n|\n|t:|1740006776\n|start\n|switch|p1a: Smeargle|Smeargle, L50, M|100\/100\n|switch|p1b: Calyrex|Calyrex-Ice, L50|100\/100\n|switch|p2a: Farigiraf|Farigiraf, L50, M|100\/100\n|switch|p2b: Urshifu|Urshifu-Rapid-Strike, L50, M|100\/100\n|-ability|p1b: Calyrex|As One\n|-ability|p1b: Calyrex|Unnerve\n|turn|1\n|inactive|WHOTFISRYANPOWNEY has 30 seconds left.\n|inactive|WHOTFISRYANPOWNEY has 20 seconds left.\n|inactive|WHOTFISRYANPOWNEY has 15 seconds left.\n|inactive|WHOTFISRYANPOWNEY has 10 seconds left.\n|\n|t:|1740006826\n|-terastallize|p2b: Urshifu|Water\n|-terastallize|p1b: Calyrex|Water\n|move|p2b: Urshifu|Surging Strikes|p1a: Smeargle\n|-crit|p1a: Smeargle\n|-damage|p1a: Smeargle|51\/100\n|-crit|p1a: Smeargle\n|-damage|p1a: Smeargle|5\/100\n|-crit|p1a: Smeargle\n|-damage|p1a: Smeargle|0 fnt\n|faint|p1a: Smeargle\n|-hitcount|p1: Smeargle|3\n|move|p2a: Farigiraf|Night Shade|p1b: Calyrex\n|-damage|p1b: Calyrex|76\/100\n|move|p1b: Calyrex|Glacial Lance|p2b: Urshifu|[spread] p2a,p2b\n|-resisted|p2b: Urshifu\n|-damage|p2a: Farigiraf|49\/100\n|-damage|p2b: Urshifu|68\/100\n|\n|-heal|p2a: Farigiraf|55\/100|[from] item: Leftovers\n|upkeep\n|\n|t:|1740006848\n|switch|p1a: Indeedee|Indeedee-F, L50, F|100\/100\n|-fieldstart|move: Psychic Terrain|[from] ability: Psychic Surge|[of] p1a: Indeedee\n|-enditem|p1a: Indeedee|Psychic Seed\n|-boost|p1a: Indeedee|spd|1|[from] item: Psychic Seed\n|turn|2\n|inactive|megraxVGC has 30 seconds left.\n|\n|t:|1740006875\n|move|p2b: Urshifu|Surging Strikes|p1a: Indeedee\n|-crit|p1a: Indeedee\n|-damage|p1a: Indeedee|69\/100\n|-crit|p1a: Indeedee\n|-damage|p1a: Indeedee|34\/100\n|-crit|p1a: Indeedee\n|-damage|p1a: Indeedee|1\/100\n|-hitcount|p1a: Indeedee|3\n|move|p1a: Indeedee|Psychic|p2b: Urshifu\n|-damage|p2b: Urshifu|7\/100\n|-unboost|p2b: Urshifu|spd|1\n|move|p2a: Farigiraf|Trick Room|p2a: Farigiraf\n|-fieldstart|move: Trick Room|[of] p2a: Farigiraf\n|move|p1b: Calyrex|Trick Room|p1b: Calyrex\n|-fieldend|move: Trick Room\n|\n|-heal|p2a: Farigiraf|61\/100|[from] item: Leftovers\n|upkeep\n|turn|3\n|inactive|WHOTFISRYANPOWNEY has 30 seconds left.\n|inactive|megraxVGC has 30 seconds left.\n|\n|t:|1740006908\n|move|p2a: Farigiraf|Helping Hand|p2b: Urshifu\n|-singleturn|p2b: Urshifu|Helping Hand|[of] p2a: Farigiraf\n|move|p1a: Indeedee|Follow Me|p1a: Indeedee\n|-singleturn|p1a: Indeedee|move: Follow Me\n|move|p2b: Urshifu|Close Combat|p1a: Indeedee\n|-damage|p1a: Indeedee|0 fnt\n|-unboost|p2b: Urshifu|def|1\n|-unboost|p2b: Urshifu|spd|1\n|faint|p1a: Indeedee\n|move|p1b: Calyrex|Trick Room|p1b: Calyrex\n|-fieldstart|move: Trick Room|[of] p1b: Calyrex\n|\n|-heal|p2a: Farigiraf|67\/100|[from] item: Leftovers\n|upkeep\n|\n|t:|1740006914\n|switch|p1a: Ursaluna|Ursaluna-Bloodmoon, L50, M|100\/100\n|turn|4\n|j| Neutralist\n|\n|t:|1740006921\n|move|p2b: Urshifu|Detect|p2b: Urshifu\n|-singleturn|p2b: Urshifu|Protect\n|move|p1a: Ursaluna|Earth Power|p2a: Farigiraf\n|-damage|p2a: Farigiraf|11\/100\n|-damage|p1a: Ursaluna|91\/100|[from] item: Life Orb\n|move|p1b: Calyrex|Glacial Lance|p2b: Urshifu|[spread] p2a\n|-activate|p2b: Urshifu|move: Protect\n|-damage|p2a: Farigiraf|0 fnt\n|faint|p2a: Farigiraf\n|-ability|p1b: Calyrex|Chilling Neigh|boost\n|-boost|p1b: Calyrex|atk|1\n|\n|upkeep\n|\n|t:|1740006929\n|switch|p2a: Iron Hands|Iron Hands, L50|100\/100\n|turn|5\n|l| Neutralist\n|inactive|megraxVGC has 30 seconds left.\n|\n|t:|1740006957\n|move|p2b: Urshifu|Detect||[still]\n|-fail|p2b: Urshifu\n|move|p2a: Iron Hands|Drain Punch|p1a: Ursaluna\n|-supereffective|p1a: Ursaluna\n|-damage|p1a: Ursaluna|32\/100\n|move|p1a: Ursaluna|Hyper Voice|p2b: Urshifu|[spread] p2a,p2b\n|-damage|p2a: Iron Hands|69\/100\n|-damage|p2b: Urshifu|0 fnt\n|faint|p2b: Urshifu\n|-damage|p1a: Ursaluna|23\/100|[from] item: Life Orb\n|move|p1b: Calyrex|Glacial Lance|p2a: Iron Hands\n|-damage|p2a: Iron Hands|0 fnt\n|faint|p2a: Iron Hands\n|-end|p2a: Iron Hands|Quark Drive|[silent]\n|-ability|p1b: Calyrex|Chilling Neigh|boost\n|-boost|p1b: Calyrex|atk|1\n|\n|upkeep\n|\n|t:|1740006964\n|switch|p2a: Calyrex|Calyrex-Shadow, L50|100\/100\n|-ability|p2a: Calyrex|As One\n|-ability|p2a: Calyrex|Unnerve\n|turn|6\n|\n|t:|1740006977\n|move|p2a: Calyrex|Protect|p2a: Calyrex\n|-singleturn|p2a: Calyrex|Protect\n|move|p1a: Ursaluna|Earth Power|p2a: Calyrex\n|-activate|p2a: Calyrex|move: Protect\n|move|p1b: Calyrex|Glacial Lance|p2a: Calyrex\n|-activate|p2a: Calyrex|move: Protect\n|\n|-fieldend|move: Psychic Terrain\n|upkeep\n|turn|7\n|\n|t:|1740006985\n|move|p2a: Calyrex|Protect||[still]\n|-fail|p2a: Calyrex\n|move|p1a: Ursaluna|Blood Moon|p2a: Calyrex\n|-damage|p2a: Calyrex|0 fnt\n|faint|p2a: Calyrex\n|-damage|p1a: Ursaluna|13\/100|[from] item: Life Orb\n|\n|win|WHOTFISRYANPOWNEY\n|raw|WHOTFISRYANPOWNEY's rating: 1548 &rarr; <strong>1573<\/strong><br \/>(+25 for winning)\n|raw|megraxVGC's rating: 1643 &rarr; <strong>1618<\/strong><br \/>(-25 for losing)\n|l|\u2606megraxVGC\n|player|p2|\n|l|\u2606WHOTFISRYANPOWNEY\n|player|p1|\n","uploadtime":1740007183,"views":5,"formatid":"gen9vgc2025regg","rating":1573,"private":0,"password":null}