{"id":"gen9vgc2025regg-2304034777","format":"[Gen 9] VGC 2025 Reg G","players":["Kimchi2007","leolc0926"],"log":"|j|\u2606Kimchi2007\n|j|\u2606leolc0926\n|t:|1740000523\n|gametype|doubles\n|player|p1|Kimchi2007|265|1576\n|player|p2|leolc0926|steven|1579\n|teamsize|p1|6\n|teamsize|p2|6\n|gen|9\n|tier|[Gen 9] VGC 2025 Reg G\n|rated|\n|rule|Species Clause: Limit one of each Pok\u00e9mon\n|rule|Item Clause: Limit 1 of each item\n|clearpoke\n|poke|p1|Whimsicott, L50, M|\n|poke|p1|Calyrex-Shadow, L50|\n|poke|p1|Dondozo, L50, F|\n|poke|p1|Tatsugiri, L50, F|\n|poke|p1|Flamigo, L50, F|\n|poke|p1|Indeedee-F, L50, F|\n|poke|p2|Flutter Mane, L50|\n|poke|p2|Torkoal, L50, M|\n|poke|p2|Calyrex-Ice, L50|\n|poke|p2|Ogerpon-Cornerstone, L50, F|\n|poke|p2|Urshifu-*, L50, M|\n|poke|p2|Farigiraf, L50, F|\n|teampreview|4\n|\n|t:|1740000551\n|start\n|switch|p1a: Calyrex|Calyrex-Shadow, L50|100\/100\n|switch|p1b: Dondozo|Dondozo, L50, F|100\/100\n|switch|p2a: \u30cf\u30d0\u30bf\u30af\u30ab\u30df|Flutter Mane, L50, shiny|100\/100\n|switch|p2b: \u55b7\u706b\u4fa0|Torkoal, L50, M|100\/100\n|-ability|p1a: Calyrex|As One\n|-ability|p1a: Calyrex|Unnerve\n|-weather|SunnyDay|[from] ability: Drought|[of] p2b: \u55b7\u706b\u4fa0\n|-activate|p2a: \u30cf\u30d0\u30bf\u30af\u30ab\u30df|ability: Protosynthesis\n|-start|p2a: \u30cf\u30d0\u30bf\u30af\u30ab\u30df|protosynthesisspe\n|turn|1\n|\n|t:|1740000563\n|switch|p1a: Tatsugiri|Tatsugiri, L50, F|100\/100\n|-activate|p1a: Tatsugiri|ability: Commander|[of] p1b: Dondozo\n|-boost|p1b: Dondozo|atk|2\n|-boost|p1b: Dondozo|spa|2\n|-boost|p1b: Dondozo|spe|2\n|-boost|p1b: Dondozo|def|2\n|-boost|p1b: Dondozo|spd|2\n|move|p2a: \u30cf\u30d0\u30bf\u30af\u30ab\u30df|Protect|p2a: \u30cf\u30d0\u30bf\u30af\u30ab\u30df\n|-singleturn|p2a: \u30cf\u30d0\u30bf\u30af\u30ab\u30df|Protect\n|move|p2b: \u55b7\u706b\u4fa0|Protect|p2b: \u55b7\u706b\u4fa0\n|-singleturn|p2b: \u55b7\u706b\u4fa0|Protect\n|move|p1b: Dondozo|Earthquake|p2a: \u30cf\u30d0\u30bf\u30af\u30ab\u30df|[spread] \n|-miss|p1b: Dondozo|p1a: Tatsugiri\n|-activate|p2a: \u30cf\u30d0\u30bf\u30af\u30ab\u30df|move: Protect\n|-activate|p2b: \u55b7\u706b\u4fa0|move: Protect\n|\n|-weather|SunnyDay|[upkeep]\n|upkeep\n|turn|2\n|\n|t:|1740000585\n|-terastallize|p2a: \u30cf\u30d0\u30bf\u30af\u30ab\u30df|Fairy\n|-terastallize|p1b: Dondozo|Steel\n|move|p2b: \u55b7\u706b\u4fa0|Helping Hand|p2a: \u30cf\u30d0\u30bf\u30af\u30ab\u30df\n|-singleturn|p2a: \u30cf\u30d0\u30bf\u30af\u30ab\u30df|Helping Hand|[of] p2b: \u55b7\u706b\u4fa0\n|move|p2a: \u30cf\u30d0\u30bf\u30af\u30ab\u30df|Moonblast|p1b: Dondozo\n|-resisted|p1b: Dondozo\n|-damage|p1b: Dondozo|68\/100\n|-damage|p2a: \u30cf\u30d0\u30bf\u30af\u30ab\u30df|91\/100|[from] item: Life Orb\n|move|p1b: Dondozo|Earthquake|p2a: \u30cf\u30d0\u30bf\u30af\u30ab\u30df|[spread] p2a,p2b\n|-miss|p1b: Dondozo|p1a: Tatsugiri\n|-supereffective|p2b: \u55b7\u706b\u4fa0\n|-damage|p2a: \u30cf\u30d0\u30bf\u30af\u30ab\u30df|0 fnt\n|-damage|p2b: \u55b7\u706b\u4fa0|25\/100\n|faint|p2a: \u30cf\u30d0\u30bf\u30af\u30ab\u30df\n|-end|p2a: \u30cf\u30d0\u30bf\u30af\u30ab\u30df|Protosynthesis|[silent]\n|\n|-weather|SunnyDay|[upkeep]\n|upkeep\n|\n|t:|1740000593\n|switch|p2a: \u30d0\u30c9\u30ec\u30c3\u30af\u30b9|Calyrex-Ice, L50|100\/100\n|-ability|p2a: \u30d0\u30c9\u30ec\u30c3\u30af\u30b9|As One\n|-ability|p2a: \u30d0\u30c9\u30ec\u30c3\u30af\u30b9|Unnerve\n|turn|3\n|\n|t:|1740000600\n|move|p2b: \u55b7\u706b\u4fa0|Protect|p2b: \u55b7\u706b\u4fa0\n|-singleturn|p2b: \u55b7\u706b\u4fa0|Protect\n|move|p1b: Dondozo|Earthquake|p2b: \u55b7\u706b\u4fa0|[spread] p2a\n|-miss|p1b: Dondozo|p1a: Tatsugiri\n|-activate|p2b: \u55b7\u706b\u4fa0|move: Protect\n|-crit|p2a: \u30d0\u30c9\u30ec\u30c3\u30af\u30b9\n|-damage|p2a: \u30d0\u30c9\u30ec\u30c3\u30af\u30b9|59\/100\n|move|p2a: \u30d0\u30c9\u30ec\u30c3\u30af\u30b9|Trick Room|p2a: \u30d0\u30c9\u30ec\u30c3\u30af\u30b9\n|-fieldstart|move: Trick Room|[of] p2a: \u30d0\u30c9\u30ec\u30c3\u30af\u30b9\n|\n|-weather|SunnyDay|[upkeep]\n|upkeep\n|turn|4\n|\n|t:|1740000615\n|move|p2b: \u55b7\u706b\u4fa0|Weather Ball|p1b: Dondozo\n|-supereffective|p1b: Dondozo\n|-damage|p1b: Dondozo|0 fnt\n|faint|p1b: Dondozo\n|move|p2a: \u30d0\u30c9\u30ec\u30c3\u30af\u30b9|High Horsepower|p1a: Tatsugiri\n|-damage|p1a: Tatsugiri|22\/100\n|\n|-weather|SunnyDay|[upkeep]\n|upkeep\n|\n|t:|1740000621\n|switch|p1b: Flamigo|Flamigo, L50, F|100\/100\n|turn|5\n|j| adman77\n|\n|t:|1740000630\n|move|p1b: Flamigo|Wide Guard|p1b: Flamigo\n|-singleturn|p1b: Flamigo|Wide Guard\n|move|p2b: \u55b7\u706b\u4fa0|Weather Ball|p1b: Flamigo\n|-enditem|p1b: Flamigo|Focus Sash\n|-damage|p1b: Flamigo|1\/100\n|move|p2a: \u30d0\u30c9\u30ec\u30c3\u30af\u30b9|High Horsepower|p1a: Tatsugiri\n|-damage|p1a: Tatsugiri|0 fnt\n|faint|p1a: Tatsugiri\n|-ability|p2a: \u30d0\u30c9\u30ec\u30c3\u30af\u30b9|Chilling Neigh|boost\n|-boost|p2a: \u30d0\u30c9\u30ec\u30c3\u30af\u30b9|atk|1\n|\n|-weather|none\n|upkeep\n|\n|t:|1740000638\n|switch|p1a: Calyrex|Calyrex-Shadow, L50|100\/100\n|-ability|p1a: Calyrex|As One\n|-ability|p1a: Calyrex|Unnerve\n|turn|6\n|\n|t:|1740000652\n|move|p2a: \u30d0\u30c9\u30ec\u30c3\u30af\u30b9|Protect|p2a: \u30d0\u30c9\u30ec\u30c3\u30af\u30b9\n|-singleturn|p2a: \u30d0\u30c9\u30ec\u30c3\u30af\u30b9|Protect\n|move|p1a: Calyrex|Protect|p1a: Calyrex\n|-singleturn|p1a: Calyrex|Protect\n|move|p2b: \u55b7\u706b\u4fa0|Weather Ball|p1b: Flamigo\n|-damage|p1b: Flamigo|0 fnt\n|faint|p1b: Flamigo\n|\n|upkeep\n|turn|7\n|l| adman77\n|\n|t:|1740000661\n|move|p1a: Calyrex|Protect||[still]\n|-fail|p1a: Calyrex\n|move|p2b: \u55b7\u706b\u4fa0|Eruption|p1a: Calyrex\n|-damage|p1a: Calyrex|82\/100\n|move|p2a: \u30d0\u30c9\u30ec\u30c3\u30af\u30b9|Glacial Lance|p1a: Calyrex\n|-crit|p1a: Calyrex\n|-damage|p1a: Calyrex|0 fnt\n|faint|p1a: Calyrex\n|\n|win|leolc0926\n|raw|Kimchi2007's rating: 1576 &rarr; <strong>1556<\/strong><br \/>(-20 for losing)\n|raw|leolc0926's rating: 1579 &rarr; <strong>1599<\/strong><br \/>(+20 for winning)\n|l|\u2606Kimchi2007\n|player|p1|\n|c|\u2606leolc0926|gg\n|l|\u2606leolc0926\n|player|p2|\n","uploadtime":1740000672,"views":8,"formatid":"gen9vgc2025regg","rating":1556,"private":0,"password":null}