{"id":"gen9vgc2025regg-2304328964","format":"[Gen 9] VGC 2025 Reg G","players":["Vianex","Growth_my_word"],"log":"|j|\u2606Vianex\n|j|\u2606Growth_my_word\n|t:|1740044596\n|gametype|doubles\n|player|p1|Vianex|pokemaniac|1564\n|player|p2|Growth_my_word|lady-gen4|1729\n|teamsize|p1|6\n|teamsize|p2|6\n|gen|9\n|tier|[Gen 9] VGC 2025 Reg G\n|rated|\n|rule|Species Clause: Limit one of each Pok\u00e9mon\n|rule|Item Clause: Limit 1 of each item\n|clearpoke\n|poke|p1|Zamazenta-*, L50|\n|poke|p1|Ting-Lu, L50|\n|poke|p1|Dondozo, L50, M|\n|poke|p1|Rillaboom, L50, F|\n|poke|p1|Chien-Pao, L50|\n|poke|p1|Tornadus, L50, M|\n|poke|p2|Miraidon, L50|\n|poke|p2|Dragonite, L50, F|\n|poke|p2|Dondozo, L50, F|\n|poke|p2|Tatsugiri, L50, M|\n|poke|p2|Gholdengo, L50|\n|poke|p2|Chi-Yu, L50|\n|teampreview|4\n|\n|t:|1740044645\n|start\n|switch|p1a: Ting-Lu|Ting-Lu, L50|100\/100\n|switch|p1b: Zamazenta|Zamazenta-Crowned, L50|100\/100\n|switch|p2a: Dondozo|Dondozo, L50, F|100\/100\n|switch|p2b: Chi-Yu|Chi-Yu, L50|100\/100\n|-ability|p1b: Zamazenta|Dauntless Shield|boost\n|-boost|p1b: Zamazenta|def|1\n|-ability|p2b: Chi-Yu|Beads of Ruin\n|-ability|p1a: Ting-Lu|Vessel of Ruin\n|turn|1\n|\n|t:|1740044666\n|switch|p2b: Tatsugiri|Tatsugiri, L50, M|100\/100\n|-activate|p2b: Tatsugiri|ability: Commander|[of] p2a: Dondozo\n|-boost|p2a: Dondozo|atk|2\n|-boost|p2a: Dondozo|spa|2\n|-boost|p2a: Dondozo|spe|2\n|-boost|p2a: Dondozo|def|2\n|-boost|p2a: Dondozo|spd|2\n|move|p1b: Zamazenta|Protect|p1b: Zamazenta\n|-singleturn|p1b: Zamazenta|Protect\n|move|p2a: Dondozo|Wave Crash|p1a: Ting-Lu\n|-supereffective|p1a: Ting-Lu\n|-damage|p1a: Ting-Lu|0 fnt\n|faint|p1a: Ting-Lu\n|-damage|p2a: Dondozo|64\/100|[from] Recoil\n|\n|-heal|p2a: Dondozo|70\/100|[from] item: Leftovers\n|upkeep\n|\n|t:|1740044677\n|switch|p1a: Chien-Pao|Chien-Pao, L50|100\/100\n|-ability|p1a: Chien-Pao|Sword of Ruin\n|turn|2\n|\n|t:|1740044683\n|move|p1a: Chien-Pao|Haze|p1a: Chien-Pao\n|-clearallboost\n|move|p1b: Zamazenta|Body Press|p2a: Dondozo\n|-damage|p2a: Dondozo|34\/100\n|move|p2a: Dondozo|Earthquake|p1a: Chien-Pao|[spread] p1a,p1b\n|-miss|p2a: Dondozo|p2b: Tatsugiri\n|-supereffective|p1b: Zamazenta\n|-damage|p1a: Chien-Pao|70\/100\n|-damage|p1b: Zamazenta|54\/100\n|\n|-heal|p2a: Dondozo|40\/100|[from] item: Leftovers\n|upkeep\n|turn|3\n|\n|t:|1740044699\n|switch|p1a: Rillaboom|Rillaboom, L50, F|100\/100\n|-fieldstart|move: Grassy Terrain|[from] ability: Grassy Surge|[of] p1a: Rillaboom\n|move|p1b: Zamazenta|Body Press|p2a: Dondozo\n|-damage|p2a: Dondozo|15\/100\n|move|p2a: Dondozo|Wave Crash|p1a: Rillaboom\n|-resisted|p1a: Rillaboom\n|-crit|p1a: Rillaboom\n|-damage|p1a: Rillaboom|56\/100\n|-damage|p2a: Dondozo|3\/100|[from] Recoil\n|\n|-heal|p1b: Zamazenta|60\/100|[from] Grassy Terrain\n|-heal|p1a: Rillaboom|62\/100|[from] Grassy Terrain\n|-heal|p2a: Dondozo|9\/100|[from] Grassy Terrain\n|-heal|p2a: Dondozo|16\/100|[from] item: Leftovers\n|upkeep\n|turn|4\n|\n|t:|1740044714\n|move|p2a: Dondozo|Protect|p2a: Dondozo\n|-singleturn|p2a: Dondozo|Protect\n|move|p1b: Zamazenta|Body Press|p2b: Tatsugiri|[miss]\n|-miss|p1b: Zamazenta|p2b: Tatsugiri\n|move|p1a: Rillaboom|U-turn|p2a: Dondozo\n|-activate|p2a: Dondozo|move: Protect\n|\n|-heal|p1b: Zamazenta|66\/100|[from] Grassy Terrain\n|-heal|p1a: Rillaboom|69\/100|[from] Grassy Terrain\n|-heal|p2a: Dondozo|22\/100|[from] Grassy Terrain\n|-heal|p2a: Dondozo|28\/100|[from] item: Leftovers\n|upkeep\n|turn|5\n|j| faceless_knigght\n|\n|t:|1740044726\n|move|p2a: Dondozo|Protect||[still]\n|-fail|p2a: Dondozo\n|move|p1b: Zamazenta|Body Press|p2a: Dondozo\n|-damage|p2a: Dondozo|0 fnt\n|faint|p2a: Dondozo\n|move|p1a: Rillaboom|U-turn|p2b: Tatsugiri\n|-damage|p2b: Tatsugiri|66\/100\n|\n|t:|1740044734\n|switch|p1a: Chien-Pao|Chien-Pao, L50|70\/100|[from] U-turn\n|-ability|p1a: Chien-Pao|Sword of Ruin\n|\n|-heal|p2b: Tatsugiri|72\/100|[from] Grassy Terrain\n|-heal|p1a: Chien-Pao|75\/100|[from] Grassy Terrain\n|-heal|p1b: Zamazenta|72\/100|[from] Grassy Terrain\n|upkeep\n|\n|t:|1740044741\n|switch|p2a: Chi-Yu|Chi-Yu, L50|100\/100\n|-ability|p2a: Chi-Yu|Beads of Ruin\n|turn|6\n|\n|t:|1740044778\n|-terastallize|p1b: Zamazenta|Fire\n|move|p1a: Chien-Pao|Sucker Punch|p2b: Tatsugiri\n|-damage|p2b: Tatsugiri|13\/100\n|move|p2b: Tatsugiri|Icy Wind|p1a: Chien-Pao|[spread] p1a,p1b\n|-resisted|p1a: Chien-Pao\n|-resisted|p1b: Zamazenta\n|-damage|p1a: Chien-Pao|63\/100\n|-damage|p1b: Zamazenta|65\/100\n|-unboost|p1a: Chien-Pao|spe|1\n|-unboost|p1b: Zamazenta|spe|1\n|move|p2a: Chi-Yu|Heat Wave|p1a: Chien-Pao|[spread] p1a,p1b\n|-supereffective|p1a: Chien-Pao\n|-resisted|p1b: Zamazenta\n|-damage|p1a: Chien-Pao|0 fnt\n|-damage|p1b: Zamazenta|42\/100\n|faint|p1a: Chien-Pao\n|move|p1b: Zamazenta|Body Press|p2b: Tatsugiri\n|-damage|p2b: Tatsugiri|0 fnt\n|faint|p2b: Tatsugiri\n|\n|-heal|p1b: Zamazenta|48\/100|[from] Grassy Terrain\n|upkeep\n|\n|t:|1740044795\n|switch|p1a: Rillaboom|Rillaboom, L50, F|69\/100\n|switch|p2b: Miraidon|Miraidon, L50|100\/100\n|-fieldstart|move: Electric Terrain|[from] ability: Hadron Engine|[of] p2b: Miraidon\n|-fieldstart|move: Grassy Terrain|[from] ability: Grassy Surge|[of] p1a: Rillaboom\n|turn|7\n|\n|t:|1740044811\n|move|p1a: Rillaboom|Fake Out|p2b: Miraidon\n|-damage|p2b: Miraidon|89\/100\n|cant|p2b: Miraidon|flinch\n|move|p2a: Chi-Yu|Overheat|p1a: Rillaboom\n|-supereffective|p1a: Rillaboom\n|-damage|p1a: Rillaboom|0 fnt\n|-unboost|p2a: Chi-Yu|spa|2\n|faint|p1a: Rillaboom\n|move|p1b: Zamazenta|Body Press|p2a: Chi-Yu\n|-supereffective|p2a: Chi-Yu\n|-enditem|p2a: Chi-Yu|Focus Sash\n|-damage|p2a: Chi-Yu|1\/100\n|\n|-heal|p2b: Miraidon|95\/100|[from] Grassy Terrain\n|-heal|p2a: Chi-Yu|7\/100|[from] Grassy Terrain\n|-heal|p1b: Zamazenta|54\/100|[from] Grassy Terrain\n|upkeep\n|turn|8\n|\n|t:|1740044829\n|move|p1b: Zamazenta|Protect|p1b: Zamazenta\n|-singleturn|p1b: Zamazenta|Protect\n|move|p2b: Miraidon|Electro Drift|p1b: Zamazenta\n|-activate|p1b: Zamazenta|move: Protect\n|move|p2a: Chi-Yu|Dark Pulse|p1b: Zamazenta\n|-activate|p1b: Zamazenta|move: Protect\n|\n|-heal|p2b: Miraidon|100\/100|[from] Grassy Terrain\n|-heal|p2a: Chi-Yu|13\/100|[from] Grassy Terrain\n|-heal|p1b: Zamazenta|60\/100|[from] Grassy Terrain\n|upkeep\n|turn|9\n|j| timeturtle21\n|\n|t:|1740044843\n|move|p2b: Miraidon|Electro Drift|p1b: Zamazenta\n|-damage|p1b: Zamazenta|5\/100\n|move|p2a: Chi-Yu|Dark Pulse|p1b: Zamazenta\n|-damage|p1b: Zamazenta|0 fnt\n|faint|p1b: Zamazenta\n|\n|win|Growth_my_word\n|raw|Vianex's rating: 1564 &rarr; <strong>1553<\/strong><br \/>(-11 for losing)\n|raw|Growth_my_word's rating: 1729 &rarr; <strong>1740<\/strong><br \/>(+11 for winning)\n|l|\u2606Vianex\n|player|p1|\n|l| timeturtle21\n|l|\u2606Growth_my_word\n|player|p2|\n|l| faceless_knigght\n","uploadtime":1740045049,"views":11,"formatid":"gen9vgc2025regg","rating":1553,"private":0,"password":null}