{"id":"gen9vgc2025regg-2304788715","format":"[Gen 9] VGC 2025 Reg G","players":["Terry kloak","M710"],"log":"|j|\u2606Terry kloak\n|j|\u2606M710\n|t:|1740098839\n|gametype|doubles\n|player|p1|Terry kloak|2|1562\n|player|p2|M710|n|1610\n|teamsize|p1|6\n|teamsize|p2|6\n|gen|9\n|tier|[Gen 9] VGC 2025 Reg G\n|rated|\n|rule|Species Clause: Limit one of each Pok\u00e9mon\n|rule|Item Clause: Limit 1 of each item\n|clearpoke\n|poke|p1|Zacian-*, L50|\n|poke|p1|Whimsicott, L50, M|\n|poke|p1|Milotic, L50, F|\n|poke|p1|Raging Bolt, L50|\n|poke|p1|Landorus, L50, M|\n|poke|p1|Incineroar, L50, M|\n|poke|p2|Iron Hands, L50|\n|poke|p2|Calyrex-Ice, L50|\n|poke|p2|Urshifu-*, L50, F|\n|poke|p2|Amoonguss, L50, F|\n|poke|p2|Ogerpon-Hearthflame, L50, F|\n|poke|p2|Farigiraf, L50, M|\n|teampreview|4\nTerry kloak has agreed to open team sheets.\n|inactive|Battle timer is ON: inactive players will automatically lose when time's up. (requested by Terry kloak)\n|\n|t:|1740098900\n|start\n|switch|p1a: Milotic|Milotic, L50, F|100\/100\n|switch|p1b: Incineroar|Incineroar, L50, M|100\/100\n|switch|p2a: Calyrex|Calyrex-Ice, L50|100\/100\n|switch|p2b: Ogerpon|Ogerpon-Hearthflame, L50, F|100\/100\n|-ability|p2a: Calyrex|As One\n|-ability|p2a: Calyrex|Unnerve\n|-ability|p2b: Ogerpon|Mold Breaker\n|-ability|p1b: Incineroar|Intimidate|boost\n|-fail|p2a: Calyrex|unboost|[from] item: Clear Amulet|[of] p2a: Calyrex\n|-unboost|p2b: Ogerpon|atk|1\n|turn|1\n|inactive|M710 has 30 seconds left.\n|\n|t:|1740098926\n|move|p2b: Ogerpon|Spiky Shield|p2b: Ogerpon\n|-singleturn|p2b: Ogerpon|move: Protect\n|move|p2a: Calyrex|Protect|p2a: Calyrex\n|-singleturn|p2a: Calyrex|Protect\n|move|p1b: Incineroar|Fake Out|p2b: Ogerpon\n|-activate|p2b: Ogerpon|move: Protect\n|-damage|p1b: Incineroar|88\/100|[from] Spiky Shield|[of] p2b: Ogerpon\n|move|p1a: Milotic|Coil|p1a: Milotic\n|-boost|p1a: Milotic|atk|1\n|-boost|p1a: Milotic|def|1\n|-boost|p1a: Milotic|accuracy|1\n|\n|upkeep\n|turn|2\n|inactive|M710 has 30 seconds left.\n|inactive|Terry kloak has 30 seconds left.\n|inactive|M710 has 20 seconds left.\n|inactive|M710 has 15 seconds left.\n|\n|t:|1740098973\n|-terastallize|p2a: Calyrex|Fire\n|move|p1a: Milotic|Protect|p1a: Milotic\n|-singleturn|p1a: Milotic|Protect\n|move|p2b: Ogerpon|Wood Hammer|p1a: Milotic\n|-activate|p1a: Milotic|move: Protect\n|move|p1b: Incineroar|Parting Shot|p2b: Ogerpon\n|-unboost|p2b: Ogerpon|atk|1\n|-unboost|p2b: Ogerpon|spa|1\n|\n|t:|1740098983\n|switch|p1b: Zacian|Zacian-Crowned, L50|100\/100|[from] Parting Shot\n|-ability|p1b: Zacian|Intrepid Sword|boost\n|-boost|p1b: Zacian|atk|1\n|move|p2a: Calyrex|High Horsepower|p1b: Zacian\n|-supereffective|p1b: Zacian\n|-damage|p1b: Zacian|25\/100\n|\n|upkeep\n|turn|3\n|\n|t:|1740098997\n|switch|p1b: Incineroar|Incineroar, L50, M|88\/100\n|-ability|p1b: Incineroar|Intimidate|boost\n|-fail|p2a: Calyrex|unboost|[from] item: Clear Amulet|[of] p2a: Calyrex\n|-unboost|p2b: Ogerpon|atk|1\n|switch|p2b: Iron Hands|Iron Hands, L50|100\/100\n|move|p2a: Calyrex|Protect|p2a: Calyrex\n|-singleturn|p2a: Calyrex|Protect\n|move|p1a: Milotic|Hypnosis|p2a: Calyrex\n|-activate|p2a: Calyrex|move: Protect\n|\n|upkeep\n|turn|4\n|inactive|M710 has 30 seconds left.\n|\n|t:|1740099026\n|switch|p2a: Farigiraf|Farigiraf, L50, M|100\/100\n|move|p1b: Incineroar|Fake Out||[still]\n|cant|p2a: Farigiraf|ability: Armor Tail|Fake Out|[of] p1b: Incineroar\n|move|p1a: Milotic|Hypnosis|p2a: Farigiraf\n|-status|p2a: Farigiraf|slp|[from] move: Hypnosis\n|move|p2b: Iron Hands|Drain Punch|p1b: Incineroar\n|-supereffective|p1b: Incineroar\n|-damage|p1b: Incineroar|0 fnt\n|faint|p1b: Incineroar\n|\n|upkeep\n|\n|t:|1740099037\n|switch|p1b: Zacian|Zacian-Crowned, L50|25\/100\n|turn|5\n|\n|t:|1740099050\n|move|p1b: Zacian|Swords Dance|p1b: Zacian\n|-boost|p1b: Zacian|atk|2\n|move|p1a: Milotic|Hypnosis|p2b: Iron Hands\n|-status|p2b: Iron Hands|slp|[from] move: Hypnosis\n|cant|p2b: Iron Hands|slp\n|cant|p2a: Farigiraf|slp\n|\n|upkeep\n|turn|6\n|\n|t:|1740099061\n|move|p1b: Zacian|Behemoth Blade|p2a: Farigiraf\n|-crit|p2a: Farigiraf\n|-damage|p2a: Farigiraf|0 fnt\n|faint|p2a: Farigiraf\n|move|p1a: Milotic|Coil|p1a: Milotic\n|-boost|p1a: Milotic|atk|1\n|-boost|p1a: Milotic|def|1\n|-boost|p1a: Milotic|accuracy|1\n|cant|p2b: Iron Hands|slp\n|\n|upkeep\n|\n|t:|1740099071\n|switch|p2a: Ogerpon|Ogerpon-Hearthflame, L50, F|100\/100\n|-ability|p2a: Ogerpon|Mold Breaker\n|turn|7\n|\n|t:|1740099078\n|move|p1b: Zacian|Protect|p1b: Zacian\n|-singleturn|p1b: Zacian|Protect\n|move|p2a: Ogerpon|Spiky Shield|p2a: Ogerpon\n|-singleturn|p2a: Ogerpon|move: Protect\n|move|p1a: Milotic|Hypnosis|p2a: Ogerpon\n|-activate|p2a: Ogerpon|move: Protect\n|cant|p2b: Iron Hands|slp\n|\n|upkeep\n|turn|8\n|\n|t:|1740099103\n|switch|p1b: Whimsicott|Whimsicott, L50, M|100\/100\n|move|p2a: Ogerpon|Wood Hammer|p1a: Milotic\n|-supereffective|p1a: Milotic\n|-damage|p1a: Milotic|32\/100\n|-damage|p2a: Ogerpon|75\/100|[from] Recoil\n|move|p1a: Milotic|Hypnosis|p2a: Ogerpon\n|-status|p2a: Ogerpon|slp|[from] move: Hypnosis\n|-curestatus|p2b: Iron Hands|slp|[msg]\n|move|p2b: Iron Hands|Low Kick|p1b: Whimsicott\n|-resisted|p1b: Whimsicott\n|-damage|p1b: Whimsicott|94\/100\n|\n|-heal|p1a: Milotic|38\/100|[from] item: Leftovers\n|upkeep\n|turn|9\n|\n|t:|1740099123\n|cant|p2a: Ogerpon|slp\n|move|p1b: Whimsicott|Encore|p2b: Iron Hands\n|-start|p2b: Iron Hands|Encore\n|move|p1a: Milotic|Muddy Water|p2b: Iron Hands|[spread] p2a,p2b\n|-damage|p2a: Ogerpon|52\/100 slp\n|-damage|p2b: Iron Hands|85\/100\n|move|p2b: Iron Hands|Low Kick|p1b: Whimsicott\n|-resisted|p1b: Whimsicott\n|-damage|p1b: Whimsicott|89\/100\n|\n|-heal|p1a: Milotic|44\/100|[from] item: Leftovers\n|upkeep\n|turn|10\n|\n|t:|1740099143\n|-terastallize|p1a: Milotic|Fairy\n|move|p1b: Whimsicott|Moonblast|p2a: Ogerpon\n|-resisted|p2a: Ogerpon\n|-damage|p2a: Ogerpon|40\/100 slp\n|cant|p2a: Ogerpon|slp\n|move|p1a: Milotic|Hypnosis|p2b: Iron Hands\n|-status|p2b: Iron Hands|slp|[from] move: Hypnosis\n|cant|p2b: Iron Hands|slp\n|\n|-heal|p1a: Milotic|50\/100|[from] item: Leftovers\n|upkeep\n|turn|11\n|inactive|M710 has 30 seconds left.\n|inactive|M710 has 20 seconds left.\n|inactive|M710 has 15 seconds left.\n|inactive|M710 has 10 seconds left.\n|inactive|M710 has 5 seconds left.\n|\n|t:|1740099198\n|move|p1a: Milotic|Protect|p1a: Milotic\n|-singleturn|p1a: Milotic|Protect\n|move|p1b: Whimsicott|Tailwind|p1b: Whimsicott\n|-sidestart|p1: Terry kloak|move: Tailwind\n|-curestatus|p2a: Ogerpon|slp|[msg]\n|move|p2a: Ogerpon|Ivy Cudgel|p1a: Milotic|[anim] Ivy Cudgel Fire\n|-activate|p1a: Milotic|move: Protect\n|cant|p2b: Iron Hands|slp\n|\n|-heal|p1a: Milotic|57\/100|[from] item: Leftovers\n|-end|p2b: Iron Hands|Encore\n|upkeep\n|turn|12\n|j| fox0304\n|inactive|M710 has 30 seconds left.\n|inactive|M710 has 20 seconds left.\n|inactive|M710 has 15 seconds left.\n|inactive|M710 has 10 seconds left.\n|inactive|M710 has 5 seconds left.\n|\n|t:|1740099253\n|move|p1b: Whimsicott|Encore|p2b: Iron Hands\n|-start|p2b: Iron Hands|Encore\n|move|p1a: Milotic|Hypnosis|p2a: Ogerpon\n|-status|p2a: Ogerpon|slp|[from] move: Hypnosis\n|cant|p2a: Ogerpon|slp\n|cant|p2b: Iron Hands|slp\n|\n|-heal|p1a: Milotic|63\/100|[from] item: Leftovers\n|upkeep\n|turn|13\n|l| fox0304\n|inactive|M710 has 30 seconds left.\n|inactive|M710 has 20 seconds left.\n|inactive|M710 has 15 seconds left.\n|inactive|M710 has 10 seconds left.\n|-message|M710 forfeited.\n|\n|win|Terry kloak\n|raw|Terry kloak's rating: 1562 &rarr; <strong>1585<\/strong><br \/>(+23 for winning)\n|raw|M710's rating: 1610 &rarr; <strong>1587<\/strong><br \/>(-23 for losing)\n|l|\u2606M710\n|player|p2|\n","uploadtime":1740099310,"views":10,"formatid":"gen9vgc2025regg","rating":1585,"private":0,"password":null}