{"id":"gen9vgc2025regg-2304303087","format":"[Gen 9] VGC 2025 Reg G","players":["falcon108","llefface"],"log":"|j|\u2606falcon108\n|j|\u2606llefface\n|t:|1740039660\n|gametype|doubles\n|player|p1|falcon108|170|1628\n|player|p2|llefface|lana-masters|1711\n|teamsize|p1|6\n|teamsize|p2|6\n|gen|9\n|tier|[Gen 9] VGC 2025 Reg G\n|rated|\n|rule|Species Clause: Limit one of each Pok\u00e9mon\n|rule|Item Clause: Limit 1 of each item\n|clearpoke\n|poke|p1|Kyogre, L50|\n|poke|p1|Tornadus, L50, M|\n|poke|p1|Tsareena, L50, F|\n|poke|p1|Electabuzz, L50, F|\n|poke|p1|Archaludon, L50, M|\n|poke|p1|Rillaboom, L50, F|\n|poke|p2|Miraidon, L50|\n|poke|p2|Whimsicott, L50, M|\n|poke|p2|Entei, L50|\n|poke|p2|Farigiraf, L50, F|\n|poke|p2|Ogerpon-Wellspring, L50, F|\n|poke|p2|Iron Hands, L50|\n|teampreview|4\n|inactive|Battle timer is ON: inactive players will automatically lose when time's up. (requested by falcon108)\n|c|\u2606llefface|glhf!\n|\n|t:|1740039690\n|start\n|switch|p1a: Rillaboom|Rillaboom, L50, F|100\/100\n|switch|p1b: Archaludon|Archaludon, L50, M|100\/100\n|switch|p2a: Miraidon|Miraidon, L50|100\/100\n|switch|p2b: Whimsicott|Whimsicott, L50, M|100\/100\n|-fieldstart|move: Electric Terrain|[from] ability: Hadron Engine|[of] p2a: Miraidon\n|-fieldstart|move: Grassy Terrain|[from] ability: Grassy Surge|[of] p1a: Rillaboom\n|turn|1\n|inactive|falcon108 has 30 seconds left.\n|inactive|llefface has 30 seconds left.\n|inactive|llefface has 20 seconds left.\n|inactive|falcon108 has 20 seconds left.\n|inactive|llefface has 15 seconds left.\n|\n|t:|1740039732\n|switch|p2a: Iron Hands|Iron Hands, L50|100\/100\n|move|p1a: Rillaboom|Fake Out|p2a: Iron Hands\n|-damage|p2a: Iron Hands|91\/100\n|move|p2b: Whimsicott|Tailwind|p2b: Whimsicott\n|-sidestart|p2: llefface|move: Tailwind\n|move|p1b: Archaludon|Draco Meteor|p2a: Iron Hands\n|-damage|p2a: Iron Hands|56\/100\n|-unboost|p1b: Archaludon|spa|2\n|\n|-heal|p2a: Iron Hands|62\/100|[from] Grassy Terrain\n|upkeep\n|turn|2\n|inactive|llefface has 30 seconds left.\n|\n|t:|1740039758\n|switch|p1b: Tornadus|Tornadus, L50, M|100\/100\n|move|p2b: Whimsicott|Taunt|p1b: Tornadus\n|-start|p1b: Tornadus|move: Taunt\n|move|p1a: Rillaboom|U-turn|p2b: Whimsicott\n|-damage|p2b: Whimsicott|73\/100\n|\n|t:|1740039765\n|switch|p1a: Kyogre|Kyogre, L50|100\/100|[from] U-turn\n|-weather|RainDance|[from] ability: Drizzle|[of] p1a: Kyogre\n|move|p2a: Iron Hands|Drain Punch|p1a: Kyogre\n|-damage|p1a: Kyogre|51\/100\n|-heal|p2a: Iron Hands|81\/100|[from] drain|[of] p1a: Kyogre\n|\n|-weather|RainDance|[upkeep]\n|-heal|p2b: Whimsicott|79\/100|[from] Grassy Terrain\n|-heal|p1a: Kyogre|57\/100|[from] Grassy Terrain\n|-heal|p2a: Iron Hands|87\/100|[from] Grassy Terrain\n|upkeep\n|turn|3\n|\n|t:|1740039786\n|switch|p1a: Rillaboom|Rillaboom, L50, F|100\/100\n|move|p2b: Whimsicott|Moonblast|p1a: Rillaboom\n|-damage|p1a: Rillaboom|79\/100\n|move|p1b: Tornadus|Bleakwind Storm|p2b: Whimsicott|[spread] p2a,p2b\n|-supereffective|p2b: Whimsicott\n|-damage|p2a: Iron Hands|68\/100\n|-damage|p2b: Whimsicott|0 fnt\n|faint|p2b: Whimsicott\n|move|p2a: Iron Hands|Low Kick|p1a: Rillaboom\n|-damage|p1a: Rillaboom|30\/100\n|\n|-weather|RainDance|[upkeep]\n|-heal|p1a: Rillaboom|36\/100|[from] Grassy Terrain\n|-heal|p2a: Iron Hands|74\/100|[from] Grassy Terrain\n|upkeep\n|\n|t:|1740039791\n|switch|p2b: Miraidon|Miraidon, L50|100\/100\n|-fieldstart|move: Electric Terrain|[from] ability: Hadron Engine|[of] p2b: Miraidon\n|-activate|p2a: Iron Hands|ability: Quark Drive\n|-start|p2a: Iron Hands|quarkdriveatk\n|turn|4\n|\n|t:|1740039811\n|move|p1a: Rillaboom|Fake Out|p2b: Miraidon\n|-damage|p2b: Miraidon|86\/100\n|cant|p2b: Miraidon|flinch\n|move|p1b: Tornadus|Bleakwind Storm|p2b: Miraidon|[spread] p2a,p2b\n|-resisted|p2b: Miraidon\n|-damage|p2a: Iron Hands|56\/100\n|-damage|p2b: Miraidon|69\/100\n|move|p2a: Iron Hands|Heavy Slam|p1b: Tornadus\n|-damage|p1b: Tornadus|14\/100\n|\n|-weather|RainDance|[upkeep]\n|-end|p1b: Tornadus|move: Taunt\n|-sideend|p2: llefface|move: Tailwind\n|upkeep\n|turn|5\n|\n|t:|1740039826\n|move|p1b: Tornadus|Tailwind|p1b: Tornadus\n|-sidestart|p1: falcon108|move: Tailwind\n|move|p1a: Rillaboom|High Horsepower|p2b: Miraidon\n|-supereffective|p2b: Miraidon\n|-damage|p2b: Miraidon|3\/100\n|move|p2b: Miraidon|Volt Switch|p1b: Tornadus\n|-supereffective|p1b: Tornadus\n|-damage|p1b: Tornadus|0 fnt\n|faint|p1b: Tornadus\n|\n|t:|1740039834\n|switch|p2b: Ogerpon|Ogerpon-Wellspring, L50, F|100\/100|[from] Volt Switch\n|move|p2a: Iron Hands|Drain Punch|p1a: Rillaboom\n|-crit|p1a: Rillaboom\n|-damage|p1a: Rillaboom|0 fnt\n|-heal|p2a: Iron Hands|71\/100|[from] drain|[of] p1a: Rillaboom\n|faint|p1a: Rillaboom\n|\n|-weather|RainDance|[upkeep]\n|upkeep\n|\n|t:|1740039836\n|switch|p1b: Kyogre|Kyogre, L50|57\/100\n|switch|p1a: Archaludon|Archaludon, L50, M|100\/100\n|turn|6\n|\n|t:|1740039854\n|move|p1b: Kyogre|Ice Beam|p2b: Ogerpon\n|-damage|p2b: Ogerpon|67\/100\n|move|p1a: Archaludon|Electro Shot||[still]\n|-prepare|p1a: Archaludon|Electro Shot\n|-boost|p1a: Archaludon|spa|1\n|-anim|p1a: Archaludon|Electro Shot|p2b: Ogerpon\n|-damage|p2b: Ogerpon|0 fnt\n|faint|p2b: Ogerpon\n|move|p2a: Iron Hands|Low Kick|p1b: Kyogre\n|-damage|p1b: Kyogre|0 fnt\n|faint|p1b: Kyogre\n|\n|-weather|none\n|upkeep\n|\n|t:|1740039862\n|switch|p2b: Miraidon|Miraidon, L50|3\/100\n|-activate|p2b: Miraidon|ability: Hadron Engine\n|turn|7\n|\n|t:|1740039877\n|-terastallize|p2b: Miraidon|Fairy\n|move|p1a: Archaludon|Electro Shot||[still]\n|-prepare|p1a: Archaludon|Electro Shot\n|-boost|p1a: Archaludon|spa|1\n|-enditem|p1a: Archaludon|Power Herb\n|-anim|p1a: Archaludon|Electro Shot|p2b: Miraidon\n|-damage|p2b: Miraidon|0 fnt\n|faint|p2b: Miraidon\n|move|p2a: Iron Hands|Drain Punch|p1a: Archaludon\n|-supereffective|p1a: Archaludon\n|-ability|p1a: Archaludon|Sturdy\n|-damage|p1a: Archaludon|1\/100\n|-heal|p2a: Iron Hands|100\/100|[from] drain|[of] p1a: Archaludon\n|\n|upkeep\n|turn|8\n|\n|t:|1740039885\n|-terastallize|p1a: Archaludon|Stellar\n|move|p1a: Archaludon|Draco Meteor|p2a: Iron Hands\n|-damage|p2a: Iron Hands|4\/100\n|-unboost|p1a: Archaludon|spa|2\n|move|p2a: Iron Hands|Drain Punch|p1a: Archaludon\n|-supereffective|p1a: Archaludon\n|-damage|p1a: Archaludon|0 fnt\n|-heal|p2a: Iron Hands|5\/100|[from] drain|[of] p1a: Archaludon\n|faint|p1a: Archaludon\n|\n|win|llefface\n|raw|falcon108's rating: 1628 &rarr; <strong>1613<\/strong><br \/>(-15 for losing)\n|raw|llefface's rating: 1711 &rarr; <strong>1726<\/strong><br \/>(+15 for winning)\n|c|\u2606llefface|gg\n|l|\u2606llefface\n|player|p2|\n|l|\u2606falcon108\n|player|p1|\n","uploadtime":1740040031,"views":5,"formatid":"gen9vgc2025regg","rating":1613,"private":0,"password":null}