{"id":"gen9vgc2025regg-2304698343","format":"[Gen 9] VGC 2025 Reg G","players":["root2iris","raul6248"],"log":"|j|\u2606root2iris\n|j|\u2606raul6248\n|t:|1740087924\n|gametype|doubles\n|player|p1|root2iris|guitarist|1689\n|player|p2|raul6248|shadowtriad|1595\n|teamsize|p1|6\n|teamsize|p2|6\n|gen|9\n|tier|[Gen 9] VGC 2025 Reg G\n|rated|\n|rule|Species Clause: Limit one of each Pok\u00e9mon\n|rule|Item Clause: Limit 1 of each item\n|clearpoke\n|poke|p1|Terapagos, L50, M|\n|poke|p1|Amoonguss, L50, M|\n|poke|p1|Incineroar, L50, M|\n|poke|p1|Urshifu-*, L50, M|\n|poke|p1|Flutter Mane, L50|\n|poke|p1|Ditto, L50|\n|poke|p2|Urshifu-*, L50, M|\n|poke|p2|Indeedee-F, L50, F|\n|poke|p2|Calyrex-Ice, L50|\n|poke|p2|Amoonguss, L50, M|\n|poke|p2|Zapdos-Galar, L50|\n|poke|p2|Torkoal, L50, M|\n|teampreview|4\n|inactive|Battle timer is ON: inactive players will automatically lose when time's up. (requested by root2iris)\n|inactive|root2iris has 60 seconds left.\n|\n|t:|1740087959\n|start\n|switch|p1a: sea-salt|Terapagos, L50, M|100\/100\n|switch|p1b: foolish girl|Flutter Mane, L50|100\/100\n|switch|p2a: Urshifu|Urshifu, L50, M|100\/100\n|switch|p2b: Amoonguss|Amoonguss, L50, M|100\/100\n|-activate|p1a: sea-salt|ability: Tera Shift\n|detailschange|p1a: sea-salt|Terapagos-Terastal, L50, M\n|-heal|p1a: sea-salt|100\/100|[silent]\n|-enditem|p1b: foolish girl|Booster Energy\n|-activate|p1b: foolish girl|ability: Protosynthesis|[fromitem]\n|-start|p1b: foolish girl|protosynthesisspe\n|turn|1\n|\n|t:|1740087984\n|move|p2a: Urshifu|Detect|p2a: Urshifu\n|-singleturn|p2a: Urshifu|Protect\n|move|p1b: foolish girl|Taunt|p2b: Amoonguss\n|-start|p2b: Amoonguss|move: Taunt\n|move|p1a: sea-salt|Calm Mind|p1a: sea-salt\n|-boost|p1a: sea-salt|spa|1\n|-boost|p1a: sea-salt|spd|1\n|cant|p2b: Amoonguss|move: Taunt|Spore\n|\n|upkeep\n|turn|2\n|j| Spacejes\n|\n|t:|1740088000\n|switch|p2a: Calyrex|Calyrex-Ice, L50|100\/100\n|-ability|p2a: Calyrex|As One\n|-ability|p2a: Calyrex|Unnerve\n|move|p1b: foolish girl|Icy Wind|p2b: Amoonguss|[spread] p2a,p2b\n|-resisted|p2a: Calyrex\n|-supereffective|p2b: Amoonguss\n|-damage|p2a: Calyrex|96\/100\n|-damage|p2b: Amoonguss|78\/100\n|-unboost|p2b: Amoonguss|spe|1\n|move|p1a: sea-salt|Tera Starstorm|p2a: Calyrex\n|-damage|p2a: Calyrex|47\/100\n|move|p2b: Amoonguss|Clear Smog|p1a: sea-salt\n|-activate|p1a: sea-salt|ability: Tera Shell\n|-resisted|p1a: sea-salt\n|-damage|p1a: sea-salt|94\/100\n|-clearboost|p1a: sea-salt\n|\n|-heal|p1a: sea-salt|99\/100|[from] item: Leftovers\n|upkeep\n|turn|3\n|j| Tubtuca\n|inactive|root2iris has 30 seconds left.\n|inactive|root2iris has 20 seconds left.\n|inactive|raul6248 has 30 seconds left.\n|\n|t:|1740088043\n|move|p2a: Calyrex|Protect|p2a: Calyrex\n|-singleturn|p2a: Calyrex|Protect\n|move|p1b: foolish girl|Moonblast|p2a: Calyrex\n|-activate|p2a: Calyrex|move: Protect\n|move|p1a: sea-salt|Tera Starstorm|p2a: Calyrex\n|-activate|p2a: Calyrex|move: Protect\n|move|p2b: Amoonguss|Clear Smog|p1b: foolish girl\n|-damage|p1b: foolish girl|83\/100\n|-clearboost|p1b: foolish girl\n|\n|-heal|p1a: sea-salt|100\/100|[from] item: Leftovers\n|-end|p2b: Amoonguss|move: Taunt\n|upkeep\n|turn|4\n|\n|t:|1740088063\n|move|p2b: Amoonguss|Rage Powder|p2b: Amoonguss\n|-singleturn|p2b: Amoonguss|move: Rage Powder\n|move|p1b: foolish girl|Taunt|p2b: Amoonguss\n|-start|p2b: Amoonguss|move: Taunt\n|move|p1a: sea-salt|Tera Starstorm|p2b: Amoonguss\n|-damage|p2b: Amoonguss|28\/100\n|-enditem|p2b: Amoonguss|Sitrus Berry|[eat]\n|-heal|p2b: Amoonguss|53\/100|[from] item: Sitrus Berry\n|move|p2a: Calyrex|Trick Room|p2a: Calyrex\n|-fieldstart|move: Trick Room|[of] p2a: Calyrex\n|\n|upkeep\n|turn|5\n|\n|t:|1740088075\n|move|p2b: Amoonguss|Pollen Puff|p2a: Calyrex\n|-heal|p2a: Calyrex|97\/100\n|move|p2a: Calyrex|Glacial Lance|p1a: sea-salt|[spread] p1a,p1b\n|-activate|p1a: sea-salt|ability: Tera Shell\n|-resisted|p1a: sea-salt\n|-damage|p1a: sea-salt|75\/100\n|-damage|p1b: foolish girl|0 fnt\n|faint|p1b: foolish girl\n|-end|p1b: foolish girl|Protosynthesis|[silent]\n|-ability|p2a: Calyrex|Chilling Neigh|boost\n|-boost|p2a: Calyrex|atk|1\n|move|p1a: sea-salt|Tera Starstorm|p2a: Calyrex\n|-damage|p2a: Calyrex|59\/100\n|\n|-heal|p1a: sea-salt|81\/100|[from] item: Leftovers\n|upkeep\n|\n|t:|1740088087\n|switch|p1b: no. i|Ditto, L50|100\/100\n|-transform|p1b: no. i|p2a: Calyrex|[from] ability: Imposter\n|-ability|p1b: no. i|As One\n|-ability|p1b: no. i|Unnerve\n|turn|6\n|\n|t:|1740088097\n|switch|p2b: Torkoal|Torkoal, L50, M|100\/100\n|-weather|SunnyDay|[from] ability: Drought|[of] p2b: Torkoal\n|-terastallize|p1a: sea-salt|Stellar\n|detailschange|p1a: sea-salt|Terapagos-Stellar, L50, M, tera:Stellar\n|-heal|p1a: sea-salt|86\/100|[silent]\n|-ability|p1a: sea-salt|Teraform Zero\n|-weather|none\n|move|p2a: Calyrex|Protect|p2a: Calyrex\n|-singleturn|p2a: Calyrex|Protect\n|move|p1b: no. i|Glacial Lance|p2b: Torkoal|[spread] p2b\n|-activate|p2a: Calyrex|move: Protect\n|-resisted|p2b: Torkoal\n|-damage|p2b: Torkoal|67\/100\n|move|p1a: sea-salt|Tera Starstorm|p2a: Calyrex|[spread] p2b\n|-activate|p2a: Calyrex|move: Protect\n|-damage|p2b: Torkoal|19\/100\n|\n|-heal|p1a: sea-salt|92\/100|[from] item: Leftovers\n|upkeep\n|turn|7\n|l| Spacejes\n|\n|t:|1740088115\n|move|p2b: Torkoal|Flamethrower|p1b: no. i\n|-supereffective|p1b: no. i\n|-damage|p1b: no. i|18\/100\n|move|p1b: no. i|Glacial Lance|p2b: Torkoal|[spread] p2a,p2b\n|-resisted|p2a: Calyrex\n|-resisted|p2b: Torkoal\n|-damage|p2a: Calyrex|30\/100\n|-damage|p2b: Torkoal|0 fnt\n|faint|p2b: Torkoal\n|-ability|p1b: no. i|Chilling Neigh|boost\n|-boost|p1b: no. i|atk|1\n|move|p2a: Calyrex|Glacial Lance|p1b: no. i|[spread] p1a,p1b\n|-resisted|p1b: no. i\n|-damage|p1a: sea-salt|37\/100\n|-damage|p1b: no. i|0 fnt\n|faint|p1b: no. i\n|-ability|p2a: Calyrex|Chilling Neigh|boost\n|-boost|p2a: Calyrex|atk|1\n|move|p1a: sea-salt|Tera Starstorm|p2a: Calyrex\n|-damage|p2a: Calyrex|0 fnt\n|faint|p2a: Calyrex\n|\n|-heal|p1a: sea-salt|43\/100|[from] item: Leftovers\n|upkeep\n|\n|t:|1740088132\n|switch|p2b: Amoonguss|Amoonguss, L50, M|86\/100\n|switch|p1b: icky jobs|Incineroar, L50, M|100\/100\n|switch|p2a: Urshifu|Urshifu, L50, M|100\/100\n|-ability|p1b: icky jobs|Intimidate|boost\n|-unboost|p2a: Urshifu|atk|1\n|-unboost|p2b: Amoonguss|atk|1\n|turn|8\n|\n|t:|1740088156\n|move|p1b: icky jobs|Fake Out|p2b: Amoonguss\n|-damage|p2b: Amoonguss|75\/100\n|cant|p2b: Amoonguss|flinch\n|move|p1a: sea-salt|Calm Mind|p1a: sea-salt\n|-boost|p1a: sea-salt|spa|1\n|-boost|p1a: sea-salt|spd|1\n|move|p2a: Urshifu|Close Combat|p1b: icky jobs\n|-supereffective|p1b: icky jobs\n|-damage|p1b: icky jobs|23\/100\n|-unboost|p2a: Urshifu|def|1\n|-unboost|p2a: Urshifu|spd|1\n|-damage|p2a: Urshifu|91\/100|[from] item: Life Orb\n|\n|-heal|p1a: sea-salt|49\/100|[from] item: Leftovers\n|-fieldend|move: Trick Room\n|upkeep\n|turn|9\n|\n|t:|1740088176\n|move|p2a: Urshifu|Detect|p2a: Urshifu\n|-singleturn|p2a: Urshifu|Protect\n|move|p1a: sea-salt|Tera Starstorm|p2b: Amoonguss|[spread] p2b\n|-activate|p2a: Urshifu|move: Protect\n|-damage|p2b: Amoonguss|28\/100\n|move|p1b: icky jobs|Knock Off|p2b: Amoonguss\n|-damage|p2b: Amoonguss|0 fnt\n|faint|p2b: Amoonguss\n|\n|-heal|p1a: sea-salt|55\/100|[from] item: Leftovers\n|upkeep\n|turn|10\n|\n|t:|1740088200\n|-terastallize|p2a: Urshifu|Dark\n|move|p2a: Urshifu|Wicked Blow|p1a: sea-salt\n|-crit|p1a: sea-salt\n|-damage|p1a: sea-salt|0 fnt\n|faint|p1a: sea-salt\n|-damage|p2a: Urshifu|81\/100|[from] item: Life Orb\n|move|p1b: icky jobs|Knock Off|p2a: Urshifu\n|-resisted|p2a: Urshifu\n|-damage|p2a: Urshifu|52\/100\n|-enditem|p2a: Urshifu|Life Orb|[from] move: Knock Off|[of] p1b: icky jobs\n|\n|upkeep\n|turn|11\n|-message|root2iris forfeited.\n|\n|win|raul6248\n|raw|root2iris's rating: 1689 &rarr; <strong>1664<\/strong><br \/>(-25 for losing)\n|raw|raul6248's rating: 1595 &rarr; <strong>1620<\/strong><br \/>(+25 for winning)\n|l|\u2606root2iris\n|player|p1|\n|l|\u2606raul6248\n|player|p2|\n|l| Tubtuca\n","uploadtime":1740088390,"views":5,"formatid":"gen9vgc2025regg","rating":1620,"private":0,"password":null}