{"id":"gen9vgc2025regg-2304077462","format":"[Gen 9] VGC 2025 Reg G","players":["Harry 555","dnut1"],"log":"|j|\u2606Harry 555\n|j|\u2606dnut1\n|t:|1740005354\n|gametype|doubles\n|player|p1|Harry 555|veteran|1518\n|player|p2|dnut1|102|1552\n|teamsize|p1|6\n|teamsize|p2|6\n|gen|9\n|tier|[Gen 9] VGC 2025 Reg G\n|rated|\n|rule|Species Clause: Limit one of each Pok\u00e9mon\n|rule|Item Clause: Limit 1 of each item\n|clearpoke\n|poke|p1|Calyrex-Ice, L50|\n|poke|p1|Amoonguss, L50, M|\n|poke|p1|Incineroar, L50, M|\n|poke|p1|Urshifu-*, L50, M|\n|poke|p1|Tornadus, L50, M|\n|poke|p1|Landorus, L50, M|\n|poke|p2|Miraidon, L50|\n|poke|p2|Ursaluna-Bloodmoon, L50, M|\n|poke|p2|Farigiraf, L50, F|\n|poke|p2|Iron Hands, L50|\n|poke|p2|Sneasler, L50, F|\n|poke|p2|Whimsicott, L50, F|\n|teampreview|4\n|inactive|Battle timer is ON: inactive players will automatically lose when time's up. (requested by Harry 555)\n|\n|t:|1740005369\n|start\n|switch|p1a: Tornadus|Tornadus, L50, M|100\/100\n|switch|p1b: Calyrex|Calyrex-Ice, L50|100\/100\n|switch|p2a: Miraidon|Miraidon, L50|100\/100\n|switch|p2b: Sneasler|Sneasler, L50, F|100\/100\n|-ability|p1b: Calyrex|As One\n|-ability|p1b: Calyrex|Unnerve\n|-fieldstart|move: Electric Terrain|[from] ability: Hadron Engine|[of] p2a: Miraidon\n|turn|1\n|\n|t:|1740005390\n|-terastallize|p1b: Calyrex|Grass\n|move|p2b: Sneasler|Fake Out|p1b: Calyrex\n|-damage|p1b: Calyrex|92\/100\n|move|p1a: Tornadus|Tailwind|p1a: Tornadus\n|-sidestart|p1: Harry 555|move: Tailwind\n|move|p2a: Miraidon|Volt Switch|p1a: Tornadus\n|-supereffective|p1a: Tornadus\n|-damage|p1a: Tornadus|0 fnt\n|faint|p1a: Tornadus\n|\n|t:|1740005400\n|switch|p2a: Iron Hands|Iron Hands, L50|100\/100|[from] Volt Switch\n|-enditem|p2a: Iron Hands|Electric Seed\n|-boost|p2a: Iron Hands|def|1|[from] item: Electric Seed\n|-activate|p2a: Iron Hands|ability: Quark Drive\n|-start|p2a: Iron Hands|quarkdriveatk\n|cant|p1b: Calyrex|flinch\n|\n|upkeep\n|\n|t:|1740005403\n|switch|p1a: Landorus|Landorus, L50, M|100\/100\n|turn|2\n|inactive|dnut1 has 30 seconds left.\n|\n|t:|1740005433\n|-terastallize|p2b: Sneasler|Stellar\n|move|p1a: Landorus|Protect|p1a: Landorus\n|-singleturn|p1a: Landorus|Protect\n|move|p1b: Calyrex|Protect|p1b: Calyrex\n|-singleturn|p1b: Calyrex|Protect\n|move|p2a: Iron Hands|Fake Out|p1a: Landorus\n|-activate|p1a: Landorus|move: Protect\n|move|p2b: Sneasler|Dire Claw|p1b: Calyrex\n|-activate|p1b: Calyrex|move: Protect\n|\n|upkeep\n|turn|3\n|\n|t:|1740005457\n|move|p1a: Landorus|Sandsear Storm|p2a: Iron Hands|[spread] p2a,p2b\n|-supereffective|p2a: Iron Hands\n|-supereffective|p2b: Sneasler\n|-damage|p2a: Iron Hands|12\/100\n|-enditem|p2b: Sneasler|Focus Sash\n|-damage|p2b: Sneasler|1\/100\n|move|p2b: Sneasler|Dire Claw|p1b: Calyrex\n|-supereffective|p1b: Calyrex\n|-damage|p1b: Calyrex|17\/100\n|-status|p1b: Calyrex|par\n|move|p1b: Calyrex|Glacial Lance|p2a: Iron Hands|[spread] p2a,p2b\n|-damage|p2a: Iron Hands|0 fnt\n|-damage|p2b: Sneasler|0 fnt\n|faint|p2a: Iron Hands\n|-end|p2a: Iron Hands|Quark Drive|[silent]\n|faint|p2b: Sneasler\n|-ability|p1b: Calyrex|Chilling Neigh|boost\n|-boost|p1b: Calyrex|atk|2\n|\n|upkeep\n|\n|t:|1740005470\n|switch|p2b: Farigiraf|Farigiraf, L50, F|100\/100\n|switch|p2a: Miraidon|Miraidon, L50|100\/100\n|-activate|p2a: Miraidon|ability: Hadron Engine\n|turn|4\n|\n|t:|1740005484\n|move|p2b: Farigiraf|Helping Hand|p2a: Miraidon\n|-singleturn|p2a: Miraidon|Helping Hand|[of] p2b: Farigiraf\n|move|p1a: Landorus|Earth Power|p2a: Miraidon\n|-supereffective|p2a: Miraidon\n|-damage|p2a: Miraidon|0 fnt\n|faint|p2a: Miraidon\n|cant|p1b: Calyrex|par\n|\n|-sideend|p1: Harry 555|move: Tailwind\n|upkeep\n|turn|5\n|-message|dnut1 forfeited.\n|\n|win|Harry 555\n|raw|Harry 555's rating: 1518 &rarr; <strong>1540<\/strong><br \/>(+22 for winning)\n|raw|dnut1's rating: 1552 &rarr; <strong>1530<\/strong><br \/>(-22 for losing)\n|l|\u2606dnut1\n|player|p2|\n|l|\u2606Harry 555\n|player|p1|\n","uploadtime":1740005760,"views":5,"formatid":"gen9vgc2025regg","rating":1530,"private":0,"password":null}