{"id":"gen9vgc2025regg-2304146036","format":"[Gen 9] VGC 2025 Reg G","players":["Lechonkbro","RustyChair13"],"log":"|j|\u2606Lechonkbro\n|j|\u2606RustyChair13\n|t:|1740013969\n|gametype|doubles\n|player|p1|Lechonkbro|ghetsis-gen5bw|1676\n|player|p2|RustyChair13|scientist-gen4|1682\n|teamsize|p1|6\n|teamsize|p2|6\n|gen|9\n|tier|[Gen 9] VGC 2025 Reg G\n|rated|\n|rule|Species Clause: Limit one of each Pok\u00e9mon\n|rule|Item Clause: Limit 1 of each item\n|clearpoke\n|poke|p1|Miraidon, L50|\n|poke|p1|Incineroar, L50, F|\n|poke|p1|Oranguru, L50, F|\n|poke|p1|Clefairy, L50, F|\n|poke|p1|Baxcalibur, L50, M|\n|poke|p1|Whimsicott, L50, F|\n|poke|p2|Zamazenta-*, L50|\n|poke|p2|Chien-Pao, L50|\n|poke|p2|Chi-Yu, L50|\n|poke|p2|Raging Bolt, L50|\n|poke|p2|Flutter Mane, L50|\n|poke|p2|Amoonguss, L50, F|\n|teampreview|4\n|inactive|Battle timer is ON: inactive players will automatically lose when time's up. (requested by Lechonkbro)\n|\n|t:|1740014007\n|start\n|switch|p1a: Baxcalibur|Baxcalibur, L50, M|100\/100\n|switch|p1b: Whimsicott|Whimsicott, L50, F|100\/100\n|switch|p2a: Flutter Mane|Flutter Mane, L50, shiny|100\/100\n|switch|p2b: Chi-Yu|Chi-Yu, L50|100\/100\n|-ability|p2b: Chi-Yu|Beads of Ruin\n|-enditem|p2a: Flutter Mane|Booster Energy\n|-activate|p2a: Flutter Mane|ability: Protosynthesis|[fromitem]\n|-start|p2a: Flutter Mane|protosynthesisspe\n|turn|1\n|j| clutch_step\n|j| ChilledLotusA\n|\n|t:|1740014031\n|switch|p2b: Zamazenta|Zamazenta-Crowned, L50, shiny|100\/100\n|-ability|p2b: Zamazenta|Dauntless Shield|boost\n|-boost|p2b: Zamazenta|def|1\n|-terastallize|p1a: Baxcalibur|Poison\n|move|p1b: Whimsicott|Tailwind|p1b: Whimsicott\n|-sidestart|p1: Lechonkbro|move: Tailwind\n|move|p1a: Baxcalibur|Icicle Spear|p2a: Flutter Mane\n|-damage|p2a: Flutter Mane|81\/100\n|-damage|p2a: Flutter Mane|60\/100\n|-damage|p2a: Flutter Mane|39\/100\n|-damage|p2a: Flutter Mane|17\/100\n|-hitcount|p2a: Flutter Mane|4\n|move|p2a: Flutter Mane|Icy Wind|p1a: Baxcalibur|[spread] p1a,p1b\n|-supereffective|p1b: Whimsicott\n|-damage|p1a: Baxcalibur|87\/100\n|-damage|p1b: Whimsicott|58\/100\n|-unboost|p1a: Baxcalibur|spe|1\n|-unboost|p1b: Whimsicott|spe|1\n|\n|upkeep\n|turn|2\n|inactive|Lechonkbro has 30 seconds left.\n|inactive|RustyChair13 has 30 seconds left.\n|\n|t:|1740014065\n|switch|p1a: Incineroar|Incineroar, L50, F|100\/100\n|-ability|p1a: Incineroar|Intimidate|boost\n|-unboost|p2a: Flutter Mane|atk|1\n|-unboost|p2b: Zamazenta|atk|1\n|move|p2a: Flutter Mane|Icy Wind|p1b: Whimsicott|[spread] p1a,p1b\n|-resisted|p1a: Incineroar\n|-supereffective|p1b: Whimsicott\n|-damage|p1a: Incineroar|95\/100\n|-damage|p1b: Whimsicott|12\/100\n|-unboost|p1a: Incineroar|spe|1\n|-unboost|p1b: Whimsicott|spe|1\n|move|p1b: Whimsicott|Moonblast|p2a: Flutter Mane\n|-damage|p2a: Flutter Mane|0 fnt\n|faint|p2a: Flutter Mane\n|-end|p2a: Flutter Mane|Protosynthesis|[silent]\n|move|p2b: Zamazenta|Body Press|p1a: Incineroar\n|-supereffective|p1a: Incineroar\n|-damage|p1a: Incineroar|0 fnt\n|faint|p1a: Incineroar\n|\n|upkeep\n|\n|t:|1740014085\n|switch|p2a: Amoonguss|Amoonguss, L50, F|100\/100\n|switch|p1a: Miraidon|Miraidon, L50|100\/100\n|-fieldstart|move: Electric Terrain|[from] ability: Hadron Engine|[of] p1a: Miraidon\n|-enditem|p1a: Miraidon|Electric Seed\n|-boost|p1a: Miraidon|def|1|[from] item: Electric Seed\n|turn|3\n|\n|t:|1740014100\n|switch|p1b: Baxcalibur|Baxcalibur, L50, M, tera:Poison|87\/100\n|move|p1a: Miraidon|Calm Mind|p1a: Miraidon\n|-boost|p1a: Miraidon|spa|1\n|-boost|p1a: Miraidon|spd|1\n|move|p2b: Zamazenta|Body Press|p1a: Miraidon\n|-damage|p1a: Miraidon|61\/100\n|move|p2a: Amoonguss|Sludge Bomb|p1a: Miraidon\n|-damage|p1a: Miraidon|48\/100\n|\n|upkeep\n|turn|4\n|\n|t:|1740014124\n|move|p1b: Baxcalibur|Protect|p1b: Baxcalibur\n|-singleturn|p1b: Baxcalibur|Protect\n|move|p2b: Zamazenta|Wide Guard|p2b: Zamazenta\n|-singleturn|p2b: Zamazenta|Wide Guard\n|move|p1a: Miraidon|Parabolic Charge|p2a: Amoonguss|[spread] \n|-activate|p2a: Amoonguss|move: Wide Guard\n|-activate|p2b: Zamazenta|move: Wide Guard\n|-activate|p1b: Baxcalibur|move: Protect\n|move|p2a: Amoonguss|Sludge Bomb|p1a: Miraidon\n|-damage|p1a: Miraidon|32\/100\n|\n|-sideend|p1: Lechonkbro|move: Tailwind\n|upkeep\n|turn|5\n|\n|t:|1740014148\n|move|p1a: Miraidon|Protect|p1a: Miraidon\n|-singleturn|p1a: Miraidon|Protect\n|move|p2b: Zamazenta|Body Press|p1a: Miraidon\n|-activate|p1a: Miraidon|move: Protect\n|move|p1b: Baxcalibur|Icicle Spear|p2a: Amoonguss\n|-supereffective|p2a: Amoonguss\n|-damage|p2a: Amoonguss|78\/100\n|-supereffective|p2a: Amoonguss\n|-damage|p2a: Amoonguss|55\/100\n|-supereffective|p2a: Amoonguss\n|-damage|p2a: Amoonguss|33\/100\n|-supereffective|p2a: Amoonguss\n|-damage|p2a: Amoonguss|10\/100\n|-supereffective|p2a: Amoonguss\n|-damage|p2a: Amoonguss|0 fnt\n|faint|p2a: Amoonguss\n|-hitcount|p2: Amoonguss|5\n|\n|upkeep\n|\n|t:|1740014151\n|switch|p2a: Chi-Yu|Chi-Yu, L50|100\/100\n|-ability|p2a: Chi-Yu|Beads of Ruin\n|turn|6\n|inactive|Lechonkbro has 30 seconds left.\n|\n|t:|1740014178\n|move|p2a: Chi-Yu|Dark Pulse|p1a: Miraidon\n|-damage|p1a: Miraidon|0 fnt\n|faint|p1a: Miraidon\n|move|p2b: Zamazenta|Heavy Slam|p1b: Baxcalibur\n|-damage|p1b: Baxcalibur|65\/100\n|move|p1b: Baxcalibur|Glaive Rush|p2a: Chi-Yu\n|-damage|p2a: Chi-Yu|0 fnt\n|-singlemove|p1b: Baxcalibur|Glaive Rush|[silent]\n|faint|p2a: Chi-Yu\n|\n|upkeep\n|\n|t:|1740014189\n|switch|p1a: Whimsicott|Whimsicott, L50, F|12\/100\n|turn|7\n|\n|t:|1740014196\n|move|p1a: Whimsicott|Encore|p2b: Zamazenta\n|-start|p2b: Zamazenta|Encore\n|move|p2b: Zamazenta|Heavy Slam|p1a: Whimsicott\n|-supereffective|p1a: Whimsicott\n|-damage|p1a: Whimsicott|0 fnt\n|faint|p1a: Whimsicott\n|move|p1b: Baxcalibur|Glaive Rush|p2b: Zamazenta\n|-resisted|p2b: Zamazenta\n|-damage|p2b: Zamazenta|87\/100\n|-singlemove|p1b: Baxcalibur|Glaive Rush|[silent]\n|\n|-fieldend|move: Electric Terrain\n|upkeep\n|turn|8\n|-message|Lechonkbro forfeited.\n|\n|win|RustyChair13\n|raw|Lechonkbro's rating: 1676 &rarr; <strong>1656<\/strong><br \/>(-20 for losing)\n|raw|RustyChair13's rating: 1682 &rarr; <strong>1702<\/strong><br \/>(+20 for winning)\n|l|\u2606Lechonkbro\n|player|p1|\n|l|\u2606RustyChair13\n|player|p2|\n|l| ChilledLotusA\n|l| clutch_step\n","uploadtime":1740014454,"views":7,"formatid":"gen9vgc2025regg","rating":1656,"private":0,"password":null}