{"id":"gen9vgc2025regg-2304170286","format":"[Gen 9] VGC 2025 Reg G","players":["elvegis1","firepatriley"],"log":"|j|\u2606elvegis1\n|j|\u2606firepatriley\n|t:|1740017170\n|gametype|doubles\n|player|p1|elvegis1|lucas|1590\n|player|p2|firepatriley|101|1650\n|teamsize|p1|6\n|teamsize|p2|6\n|gen|9\n|tier|[Gen 9] VGC 2025 Reg G\n|rated|\n|rule|Species Clause: Limit one of each Pok\u00e9mon\n|rule|Item Clause: Limit 1 of each item\n|clearpoke\n|poke|p1|Calyrex-Shadow, L50|\n|poke|p1|Urshifu-*, L50, F|\n|poke|p1|Whimsicott, L50, F|\n|poke|p1|Incineroar, L50, F|\n|poke|p1|Ditto, L50|\n|poke|p1|Raging Bolt, L50|\n|poke|p2|Lunala, L50|\n|poke|p2|Ursaluna, L50, F|\n|poke|p2|Urshifu-*, L50, M|\n|poke|p2|Rillaboom, L50, F|\n|poke|p2|Incineroar, L50, F|\n|poke|p2|Amoonguss, L50, M|\n|teampreview|4\n|inactive|Battle timer is ON: inactive players will automatically lose when time's up. (requested by firepatriley)\n|\n|t:|1740017187\n|start\n|switch|p1a: Calyrex|Calyrex-Shadow, L50|100\/100\n|switch|p1b: Urshifu|Urshifu-Rapid-Strike, L50, F|100\/100\n|switch|p2a: Amoonguss|Amoonguss, L50, M|100\/100\n|switch|p2b: Lunala|Lunala, L50|100\/100\n|-ability|p1a: Calyrex|As One\n|-ability|p1a: Calyrex|Unnerve\n|turn|1\n|\n|t:|1740017204\n|-terastallize|p1a: Calyrex|Water\n|-terastallize|p2b: Lunala|Fairy\n|move|p2a: Amoonguss|Rage Powder|p2a: Amoonguss\n|-singleturn|p2a: Amoonguss|move: Rage Powder\n|move|p1a: Calyrex|Astral Barrage|p2b: Lunala|[spread] p2a,p2b\n|-damage|p2a: Amoonguss|48\/100\n|-damage|p2b: Lunala|81\/100\n|move|p1b: Urshifu|Taunt|p2a: Amoonguss\n|-start|p2a: Amoonguss|move: Taunt\n|-enditem|p2a: Amoonguss|Mental Herb\n|-end|p2a: Amoonguss|move: Taunt\n|move|p2b: Lunala|Trick Room|p2b: Lunala\n|-fieldstart|move: Trick Room|[of] p2b: Lunala\n|\n|upkeep\n|turn|2\n|\n|t:|1740017229\n|switch|p1b: Incineroar|Incineroar, L50, F|100\/100\n|-ability|p1b: Incineroar|Intimidate|boost\n|-unboost|p2a: Amoonguss|atk|1\n|-unboost|p2b: Lunala|atk|1\n|move|p1a: Calyrex|Protect|p1a: Calyrex\n|-singleturn|p1a: Calyrex|Protect\n|move|p2a: Amoonguss|Spore|p1b: Incineroar\n|-activate|p1b: Incineroar|item: Safety Goggles|Spore\n|move|p2b: Lunala|Meteor Beam||[still]\n|-prepare|p2b: Lunala|Meteor Beam\n|-boost|p2b: Lunala|spa|1\n|-enditem|p2b: Lunala|Power Herb\n|-anim|p2b: Lunala|Meteor Beam|p1a: Calyrex\n|-activate|p1a: Calyrex|move: Protect\n|\n|upkeep\n|turn|3\n|\n|t:|1740017251\n|switch|p2a: Ursaluna|Ursaluna, L50, F|100\/100\n|move|p1b: Incineroar|Fake Out|p2a: Ursaluna\n|-damage|p2a: Ursaluna|92\/100\n|move|p2b: Lunala|Meteor Beam||[still]\n|-prepare|p2b: Lunala|Meteor Beam\n|-boost|p2b: Lunala|spa|1\n|move|p1a: Calyrex|Astral Barrage|p2b: Lunala|[spread] p2b\n|-immune|p2a: Ursaluna\n|-damage|p2b: Lunala|40\/100\n|\n|-status|p2a: Ursaluna|brn|[from] item: Flame Orb\n|upkeep\n|turn|4\n|inactive|elvegis1 has 30 seconds left.\n|\n|t:|1740017281\n|switch|p1b: Urshifu|Urshifu-Rapid-Strike, L50, F|100\/100\n|move|p1a: Calyrex|Protect|p1a: Calyrex\n|-singleturn|p1a: Calyrex|Protect\n|move|p2a: Ursaluna|Facade|p1a: Calyrex\n|-activate|p1a: Calyrex|move: Protect\n|move|p2b: Lunala|Meteor Beam|p1b: Urshifu|[from] lockedmove|[miss]\n|-miss|p2b: Lunala|p1b: Urshifu\n|\n|-damage|p2a: Ursaluna|86\/100 brn|[from] brn\n|upkeep\n|turn|5\n|\n|t:|1740017300\n|switch|p1a: Ditto|Ditto, L50|100\/100\n|-transform|p1a: Ditto|p2b: Lunala|[from] ability: Imposter\n|move|p1b: Urshifu|Detect|p1b: Urshifu\n|-singleturn|p1b: Urshifu|Protect\n|move|p2a: Ursaluna|Facade|p1a: Ditto\n|-immune|p1a: Ditto\n|move|p2b: Lunala|Moonblast|p1b: Urshifu\n|-activate|p1b: Urshifu|move: Protect\n|\n|-damage|p2a: Ursaluna|80\/100 brn|[from] brn\n|-fieldend|move: Trick Room\n|upkeep\n|-start|p1a: Ditto|typechange|Psychic\/Ghost|[silent]\n|turn|6\n|-message|firepatriley forfeited.\n|\n|win|elvegis1\n|raw|elvegis1's rating: 1590 &rarr; <strong>1613<\/strong><br \/>(+23 for winning)\n|raw|firepatriley's rating: 1650 &rarr; <strong>1627<\/strong><br \/>(-23 for losing)\n|l|\u2606firepatriley\n|player|p2|\n|l|\u2606elvegis1\n|player|p1|\n","uploadtime":1740017524,"views":7,"formatid":"gen9vgc2025regg","rating":1613,"private":0,"password":null}