{"id":"gen9vgc2025regg-2304715697","format":"[Gen 9] VGC 2025 Reg G","players":["meiose","OUWW stealthrock"],"log":"|j|\u2606meiose\n|j|\u2606OUWW stealthrock\n|t:|1740089847\n|gametype|doubles\n|player|p1|meiose|morty|1582\n|player|p2|OUWW stealthrock|102|1614\n|teamsize|p1|6\n|teamsize|p2|6\n|gen|9\n|tier|[Gen 9] VGC 2025 Reg G\n|rated|\n|rule|Species Clause: Limit one of each Pok\u00e9mon\n|rule|Item Clause: Limit 1 of each item\n|clearpoke\n|poke|p1|Zamazenta-*, L50|\n|poke|p1|Chien-Pao, L50|\n|poke|p1|Ting-Lu, L50|\n|poke|p1|Dondozo, L50, M|\n|poke|p1|Raging Bolt, L50|\n|poke|p1|Whimsicott, L50, M|\n|poke|p2|Miraidon, L50|\n|poke|p2|Ursaluna, L50, M|\n|poke|p2|Farigiraf, L50, F|\n|poke|p2|Incineroar, L50, M|\n|poke|p2|Wo-Chien, L50|\n|poke|p2|Iron Bundle, L50|\n|teampreview|4\n|inactive|Battle timer is ON: inactive players will automatically lose when time's up. (requested by OUWW stealthrock)\n|\n|t:|1740089867\n|start\n|switch|p1a: Ting-Lu|Ting-Lu, L50|100\/100\n|switch|p1b: Dondozo|Dondozo, L50, M|100\/100\n|switch|p2a: Miraidon|Miraidon, L50|100\/100\n|switch|p2b: Iron Bundle|Iron Bundle, L50|100\/100\n|-fieldstart|move: Electric Terrain|[from] ability: Hadron Engine|[of] p2a: Miraidon\n|-activate|p2b: Iron Bundle|ability: Quark Drive\n|-start|p2b: Iron Bundle|quarkdrivespe\n|-ability|p1a: Ting-Lu|Vessel of Ruin\n|turn|1\n|inactive|meiose has 30 seconds left.\n|\n|t:|1740089898\n|-end|p2b: Iron Bundle|Quark Drive|[silent]\n|switch|p2b: Incineroar|Incineroar, L50, M|100\/100\n|-ability|p2b: Incineroar|Intimidate|boost\n|-unboost|p1a: Ting-Lu|atk|1\n|-fail|p1b: Dondozo|unboost|Attack|[from] ability: Oblivious|[of] p1b: Dondozo\n|move|p2a: Miraidon|Protect|p2a: Miraidon\n|-singleturn|p2a: Miraidon|Protect\n|move|p1a: Ting-Lu|Ruination|p2a: Miraidon\n|-activate|p2a: Miraidon|move: Protect\n|move|p1b: Dondozo|Wave Crash|p2a: Miraidon\n|-activate|p2a: Miraidon|move: Protect\n|\n|upkeep\n|turn|2\n|j| AxonAries\n|\n|t:|1740089915\n|move|p1a: Ting-Lu|Protect|p1a: Ting-Lu\n|-singleturn|p1a: Ting-Lu|Protect\n|move|p1b: Dondozo|Protect|p1b: Dondozo\n|-singleturn|p1b: Dondozo|Protect\n|move|p2b: Incineroar|Fake Out|p1a: Ting-Lu\n|-activate|p1a: Ting-Lu|move: Protect\n|move|p2a: Miraidon|Calm Mind|p2a: Miraidon\n|-boost|p2a: Miraidon|spa|1\n|-boost|p2a: Miraidon|spd|1\n|\n|upkeep\n|turn|3\n|j| mr pogostick\n|j| ChilledLotusA\n|\n|t:|1740089929\n|move|p2a: Miraidon|Protect|p2a: Miraidon\n|-singleturn|p2a: Miraidon|Protect\n|move|p2b: Incineroar|Parting Shot|p1b: Dondozo\n|-unboost|p1b: Dondozo|atk|1\n|-unboost|p1b: Dondozo|spa|1\n|\n|t:|1740089936\n|switch|p2b: Wo-Chien|Wo-Chien, L50|100\/100|[from] Parting Shot\n|-ability|p2b: Wo-Chien|Tablets of Ruin\n|move|p1a: Ting-Lu|Sand Tomb|p2b: Wo-Chien\n|-resisted|p2b: Wo-Chien\n|-damage|p2b: Wo-Chien|98\/100\n|-activate|p2b: Wo-Chien|move: Sand Tomb|[of] p1a: Ting-Lu\n|move|p1b: Dondozo|Wave Crash|p2b: Wo-Chien\n|-resisted|p2b: Wo-Chien\n|-damage|p2b: Wo-Chien|90\/100\n|-damage|p1b: Dondozo|99\/100|[from] Recoil\n|\n|-heal|p1b: Dondozo|100\/100|[from] item: Leftovers\n|-damage|p2b: Wo-Chien|78\/100|[from] move: Sand Tomb|[partiallytrapped]\n|upkeep\n|turn|4\n|\n|t:|1740089958\n|move|p1b: Dondozo|Protect|p1b: Dondozo\n|-singleturn|p1b: Dondozo|Protect\n|move|p2a: Miraidon|Parabolic Charge|p1a: Ting-Lu|[spread] p2b\n|-activate|p1b: Dondozo|move: Protect\n|-immune|p1a: Ting-Lu\n|-resisted|p2b: Wo-Chien\n|-damage|p2b: Wo-Chien|67\/100\n|move|p2b: Wo-Chien|Giga Drain|p1b: Dondozo\n|-activate|p1b: Dondozo|move: Protect\n|move|p1a: Ting-Lu|Ruination|p2a: Miraidon\n|-damage|p2a: Miraidon|50\/100\n|\n|-damage|p2b: Wo-Chien|55\/100|[from] move: Sand Tomb|[partiallytrapped]\n|upkeep\n|turn|5\n|inactive|meiose has 30 seconds left.\n|\n|t:|1740089984\n|move|p2a: Miraidon|Dragon Pulse|p1b: Dondozo\n|-damage|p1b: Dondozo|54\/100\n|move|p2b: Wo-Chien|Giga Drain|p1b: Dondozo\n|-supereffective|p1b: Dondozo\n|-damage|p1b: Dondozo|25\/100\n|-heal|p2b: Wo-Chien|74\/100|[from] drain|[of] p1b: Dondozo\n|move|p1a: Ting-Lu|Sand Tomb|p2a: Miraidon\n|-supereffective|p2a: Miraidon\n|-damage|p2a: Miraidon|37\/100\n|-activate|p2a: Miraidon|move: Sand Tomb|[of] p1a: Ting-Lu\n|move|p1b: Dondozo|Fissure|p2b: Wo-Chien|[miss]\n|-miss|p1b: Dondozo|p2b: Wo-Chien\n|\n|-heal|p1b: Dondozo|31\/100|[from] item: Leftovers\n|-damage|p2a: Miraidon|25\/100|[from] move: Sand Tomb|[partiallytrapped]\n|-damage|p2b: Wo-Chien|61\/100|[from] move: Sand Tomb|[partiallytrapped]\n|-fieldend|move: Electric Terrain\n|upkeep\n|turn|6\n|\n|t:|1740090005\n|move|p1b: Dondozo|Protect|p1b: Dondozo\n|-singleturn|p1b: Dondozo|Protect\n|move|p2a: Miraidon|Parabolic Charge|p1b: Dondozo|[spread] p2b\n|-activate|p1b: Dondozo|move: Protect\n|-immune|p1a: Ting-Lu\n|-resisted|p2b: Wo-Chien\n|-damage|p2b: Wo-Chien|55\/100\n|-heal|p2a: Miraidon|28\/100|[from] drain|[of] p2b: Wo-Chien\n|move|p2b: Wo-Chien|Pollen Puff|p2a: Miraidon\n|-heal|p2a: Miraidon|78\/100\n|move|p1a: Ting-Lu|Stealth Rock|p2a: Miraidon\n|-sidestart|p2: OUWW stealthrock|move: Stealth Rock\n|\n|-heal|p1b: Dondozo|37\/100|[from] item: Leftovers\n|-damage|p2a: Miraidon|66\/100|[from] move: Sand Tomb|[partiallytrapped]\n|-damage|p2b: Wo-Chien|43\/100|[from] move: Sand Tomb|[partiallytrapped]\n|upkeep\n|turn|7\n|inactive|meiose has 30 seconds left.\n|j| randoftw\n|inactive|meiose has 20 seconds left.\n|inactive|meiose has 15 seconds left.\n|inactive|meiose has 10 seconds left.\n|inactive|meiose has 5 seconds left.\n|\n|t:|1740090056\n|move|p2a: Miraidon|Dragon Pulse|p1b: Dondozo\n|-damage|p1b: Dondozo|5\/100\n|move|p2b: Wo-Chien|Pollen Puff|p2a: Miraidon\n|-heal|p2a: Miraidon|100\/100\n|move|p1a: Ting-Lu|Ruination|p2a: Miraidon|[miss]\n|-miss|p1a: Ting-Lu|p2a: Miraidon\n|move|p1b: Dondozo|Fissure|p2a: Miraidon\n|-damage|p2a: Miraidon|0 fnt\n|faint|p2a: Miraidon\n|-ohko\n|\n|-heal|p1b: Dondozo|11\/100|[from] item: Leftovers\n|-damage|p2b: Wo-Chien|30\/100|[from] move: Sand Tomb|[partiallytrapped]\n|upkeep\n|\n|t:|1740090070\n|switch|p2a: Iron Bundle|Iron Bundle, L50|100\/100\n|-damage|p2a: Iron Bundle|75\/100|[from] Stealth Rock\n|turn|8\n|\n|t:|1740090083\n|move|p2a: Iron Bundle|Ice Beam|p1a: Ting-Lu\n|-supereffective|p1a: Ting-Lu\n|-damage|p1a: Ting-Lu|56\/100\n|move|p2b: Wo-Chien|Giga Drain|p1b: Dondozo\n|-supereffective|p1b: Dondozo\n|-damage|p1b: Dondozo|0 fnt\n|-heal|p2b: Wo-Chien|37\/100|[from] drain|[of] p1b: Dondozo\n|faint|p1b: Dondozo\n|move|p1a: Ting-Lu|Ruination|p2a: Iron Bundle\n|-damage|p2a: Iron Bundle|38\/100\n|\n|-end|p2b: Wo-Chien|Sand Tomb|[partiallytrapped]\n|upkeep\n|\n|t:|1740090096\n|switch|p1b: Zamazenta|Zamazenta-Crowned, L50|100\/100\n|-ability|p1b: Zamazenta|Dauntless Shield|boost\n|-boost|p1b: Zamazenta|def|1\n|turn|9\n|-message|OUWW stealthrock forfeited.\n|\n|win|meiose\n|raw|meiose's rating: 1582 &rarr; <strong>1604<\/strong><br \/>(+22 for winning)\n|raw|OUWW stealthrock's rating: 1614 &rarr; <strong>1592<\/strong><br \/>(-22 for losing)\n|l|\u2606OUWW stealthrock\n|player|p2|\n|l| mr pogostick\n|l| randoftw\n|l| ChilledLotusA\n","uploadtime":1740090325,"views":5,"formatid":"gen9vgc2025regg","rating":1592,"private":0,"password":null}