{"id":"gen9vgc2025regg-2304552665","format":"[Gen 9] VGC 2025 Reg G","players":["2190175p","xatseye"],"log":"|j|\u26062190175p\n|j|\u2606xatseye\n|t:|1740073090\n|gametype|doubles\n|player|p1|2190175p|courtney|1739\n|player|p2|xatseye|unknown|1676\n|teamsize|p1|6\n|teamsize|p2|6\n|gen|9\n|tier|[Gen 9] VGC 2025 Reg G\n|rated|\n|rule|Species Clause: Limit one of each Pok\u00e9mon\n|rule|Item Clause: Limit 1 of each item\n|clearpoke\n|poke|p1|Calyrex-Ice, L50|\n|poke|p1|Torkoal, L50, M|\n|poke|p1|Urshifu-*, L50, M|\n|poke|p1|Indeedee-F, L50, F|\n|poke|p1|Raging Bolt, L50|\n|poke|p1|Flutter Mane, L50|\n|poke|p2|Miraidon, L50|\n|poke|p2|Incineroar, L50, M|\n|poke|p2|Oranguru, L50, F|\n|poke|p2|Clefairy, L50, M|\n|poke|p2|Baxcalibur, L50, M|\n|poke|p2|Whimsicott, L50, M|\n|teampreview|4\n|inactive|Battle timer is ON: inactive players will automatically lose when time's up. (requested by xatseye)\n|inactive|2190175p has 60 seconds left.\n|inactive|xatseye has 60 seconds left.\n|\n|t:|1740073129\n|start\n|switch|p1a: Calyrex|Calyrex-Ice, L50|100\/100\n|switch|p1b: Flutter Mane|Flutter Mane, L50|100\/100\n|switch|p2a: Incineroar|Incineroar, L50, M|100\/100\n|switch|p2b: Whimsicott|Whimsicott, L50, M|100\/100\n|-ability|p1a: Calyrex|As One\n|-ability|p1a: Calyrex|Unnerve\n|-ability|p2a: Incineroar|Intimidate|boost\n|-fail|p1a: Calyrex|unboost|[from] item: Clear Amulet|[of] p1a: Calyrex\n|-unboost|p1b: Flutter Mane|atk|1\n|-enditem|p1b: Flutter Mane|Booster Energy\n|-activate|p1b: Flutter Mane|ability: Protosynthesis|[fromitem]\n|-start|p1b: Flutter Mane|protosynthesisspe\n|turn|1\n|j| wegovrooooom\n|\n|t:|1740073153\n|move|p2b: Whimsicott|Protect|p2b: Whimsicott\n|-singleturn|p2b: Whimsicott|Protect\n|move|p1b: Flutter Mane|Taunt|p2a: Incineroar\n|-start|p2a: Incineroar|move: Taunt\n|move|p2a: Incineroar|Flare Blitz|p1a: Calyrex\n|-supereffective|p1a: Calyrex\n|-damage|p1a: Calyrex|36\/100\n|-damage|p2a: Incineroar|79\/100|[from] Recoil\n|move|p1a: Calyrex|Glacial Lance|p2a: Incineroar|[spread] p2a\n|-activate|p2b: Whimsicott|move: Protect\n|-resisted|p2a: Incineroar\n|-damage|p2a: Incineroar|56\/100\n|\n|upkeep\n|turn|2\n|\n|t:|1740073175\n|switch|p1a: Raging Bolt|Raging Bolt, L50|100\/100\n|move|p2b: Whimsicott|Tailwind|p2b: Whimsicott\n|-sidestart|p2: xatseye|move: Tailwind\n|move|p1b: Flutter Mane|Dazzling Gleam|p2b: Whimsicott|[spread] p2a,p2b\n|-damage|p2a: Incineroar|31\/100\n|-damage|p2b: Whimsicott|49\/100\n|-enditem|p2a: Incineroar|Sitrus Berry|[eat]\n|-heal|p2a: Incineroar|55\/100|[from] item: Sitrus Berry\n|move|p2a: Incineroar|Knock Off|p1a: Raging Bolt\n|-damage|p1a: Raging Bolt|65\/100\n|-enditem|p1a: Raging Bolt|Assault Vest|[from] move: Knock Off|[of] p2a: Incineroar\n|\n|upkeep\n|turn|3\n|inactive|2190175p has 30 seconds left.\n|inactive|xatseye has 30 seconds left.\n|inactive|xatseye has 20 seconds left.\n|\n|t:|1740073211\n|-terastallize|p1a: Raging Bolt|Electric\n|move|p2b: Whimsicott|Moonblast|p1a: Raging Bolt\n|-damage|p1a: Raging Bolt|38\/100\n|move|p1b: Flutter Mane|Dazzling Gleam|p2a: Incineroar|[spread] p2a,p2b\n|-damage|p2a: Incineroar|27\/100\n|-damage|p2b: Whimsicott|0 fnt\n|faint|p2b: Whimsicott\n|move|p2a: Incineroar|Flare Blitz|p1b: Flutter Mane\n|-crit|p1b: Flutter Mane\n|-damage|p1b: Flutter Mane|0 fnt\n|faint|p1b: Flutter Mane\n|-end|p1b: Flutter Mane|Protosynthesis|[silent]\n|-damage|p2a: Incineroar|3\/100|[from] Recoil\n|move|p1a: Raging Bolt|Thunderbolt|p2a: Incineroar\n|-damage|p2a: Incineroar|0 fnt\n|faint|p2a: Incineroar\n|\n|upkeep\n|\n|t:|1740073226\n|switch|p1b: Calyrex|Calyrex-Ice, L50|36\/100\n|switch|p2b: Clefairy|Clefairy, L50, M|100\/100\n|switch|p2a: Miraidon|Miraidon, L50|100\/100\n|-ability|p1b: Calyrex|As One\n|-ability|p1b: Calyrex|Unnerve\n|-fieldstart|move: Electric Terrain|[from] ability: Hadron Engine|[of] p2a: Miraidon\n|-enditem|p2a: Miraidon|Electric Seed\n|-boost|p2a: Miraidon|def|1|[from] item: Electric Seed\n|turn|4\n|\n|t:|1740073239\n|-terastallize|p2a: Miraidon|Electric\n|move|p2b: Clefairy|Protect|p2b: Clefairy\n|-singleturn|p2b: Clefairy|Protect\n|move|p2a: Miraidon|Parabolic Charge|p1a: Raging Bolt|[spread] p1a,p1b\n|-activate|p2b: Clefairy|move: Protect\n|-resisted|p1a: Raging Bolt\n|-damage|p1a: Raging Bolt|13\/100\n|-damage|p1b: Calyrex|0 fnt\n|faint|p1b: Calyrex\n|move|p1a: Raging Bolt|Snarl|p2b: Clefairy|[spread] p2a\n|-activate|p2b: Clefairy|move: Protect\n|-damage|p2a: Miraidon|92\/100\n|-unboost|p2a: Miraidon|spa|1\n|\n|upkeep\n|\n|t:|1740073243\n|switch|p1b: Torkoal|Torkoal, L50, M|100\/100\n|-weather|SunnyDay|[from] ability: Drought|[of] p1b: Torkoal\n|-activate|p1a: Raging Bolt|ability: Protosynthesis\n|-start|p1a: Raging Bolt|protosynthesisspa\n|turn|5\n|inactive|xatseye has 30 seconds left.\n|\n|t:|1740073272\n|move|p2b: Clefairy|Follow Me|p2b: Clefairy\n|-singleturn|p2b: Clefairy|move: Follow Me\n|move|p1a: Raging Bolt|Thunderclap||[still]\n|-fail|p1a: Raging Bolt\n|move|p2a: Miraidon|Parabolic Charge|p1b: Torkoal|[spread] p2b,p1a,p1b\n|-resisted|p1a: Raging Bolt\n|-damage|p2b: Clefairy|74\/100\n|-heal|p2a: Miraidon|100\/100|[from] drain|[of] p2b: Clefairy\n|-damage|p1a: Raging Bolt|0 fnt\n|-damage|p1b: Torkoal|54\/100\n|faint|p1a: Raging Bolt\n|-end|p1a: Raging Bolt|Protosynthesis|[silent]\n|move|p1b: Torkoal|Heat Wave|p2b: Clefairy|[spread] p2b\n|-miss|p1b: Torkoal|p2a: Miraidon\n|-damage|p2b: Clefairy|22\/100\n|\n|-weather|SunnyDay|[upkeep]\n|-sideend|p2: xatseye|move: Tailwind\n|upkeep\n|turn|6\n|-message|2190175p forfeited.\n|\n|win|xatseye\n|raw|2190175p's rating: 1739 &rarr; <strong>1715<\/strong><br \/>(-24 for losing)\n|raw|xatseye's rating: 1676 &rarr; <strong>1700<\/strong><br \/>(+24 for winning)\n|l|\u26062190175p\n|player|p1|\n|l|\u2606xatseye\n|player|p2|\n|l| wegovrooooom\n","uploadtime":1740073542,"views":7,"formatid":"gen9vgc2025regg","rating":1700,"private":0,"password":null}