{"id":"gen9vgc2025regg-2304958239","format":"[Gen 9] VGC 2025 Reg G","players":["llefface","Doc_MrMega"],"log":"|j|\u2606llefface\n|j|\u2606Doc_MrMega\n|t:|1740126370\n|gametype|doubles\n|player|p1|llefface|lana-masters|1673\n|player|p2|Doc_MrMega|lucas|1699\n|teamsize|p1|6\n|teamsize|p2|6\n|gen|9\n|tier|[Gen 9] VGC 2025 Reg G\n|rated|\n|rule|Species Clause: Limit one of each Pok\u00e9mon\n|rule|Item Clause: Limit 1 of each item\n|clearpoke\n|poke|p1|Kyogre, L50|\n|poke|p1|Chien-Pao, L50|\n|poke|p1|Tornadus, L50, M|\n|poke|p1|Archaludon, L50, F|\n|poke|p1|Amoonguss, L50, F|\n|poke|p1|Flutter Mane, L50|\n|poke|p2|Calyrex-Ice, L50|\n|poke|p2|Landorus, L50, M|\n|poke|p2|Amoonguss, L50, M|\n|poke|p2|Urshifu-*, L50, M|\n|poke|p2|Roaring Moon, L50|\n|poke|p2|Ogerpon-Hearthflame, L50, F|\n|teampreview|4\n|inactive|Battle timer is ON: inactive players will automatically lose when time's up. (requested by Doc_MrMega)\n|c|\u2606llefface|glhf!\n|\n|t:|1740126393\n|start\n|switch|p1a: Kyogre|Kyogre, L50|100\/100\n|switch|p1b: Tornadus|Tornadus, L50, M|100\/100\n|switch|p2a: Roaring Moon|Roaring Moon, L50|100\/100\n|switch|p2b: Urshifu|Urshifu-Rapid-Strike, L50, M|100\/100\n|-weather|RainDance|[from] ability: Drizzle|[of] p1a: Kyogre\n|-enditem|p2a: Roaring Moon|Booster Energy\n|-activate|p2a: Roaring Moon|ability: Protosynthesis|[fromitem]\n|-start|p2a: Roaring Moon|protosynthesisspe\n|turn|1\n|\n|t:|1740126407\n|-terastallize|p2b: Urshifu|Water\n|move|p1b: Tornadus|Tailwind|p1b: Tornadus\n|-sidestart|p1: llefface|move: Tailwind\n|move|p1a: Kyogre|Water Spout|p2a: Roaring Moon|[spread] p2a,p2b\n|-resisted|p2a: Roaring Moon\n|-resisted|p2b: Urshifu\n|-damage|p2a: Roaring Moon|46\/100\n|-damage|p2b: Urshifu|18\/100\n|move|p2a: Roaring Moon|Tailwind|p2a: Roaring Moon\n|-sidestart|p2: Doc_MrMega|move: Tailwind\n|move|p2b: Urshifu|Surging Strikes|p1a: Kyogre\n|-resisted|p1a: Kyogre\n|-crit|p1a: Kyogre\n|-damage|p1a: Kyogre|71\/100\n|-resisted|p1a: Kyogre\n|-crit|p1a: Kyogre\n|-damage|p1a: Kyogre|45\/100\n|-resisted|p1a: Kyogre\n|-crit|p1a: Kyogre\n|-damage|p1a: Kyogre|17\/100\n|-hitcount|p1a: Kyogre|3\n|\n|-weather|RainDance|[upkeep]\n|upkeep\n|turn|2\n|inactive|Doc_MrMega has 30 seconds left.\n|\n|t:|1740126439\n|switch|p1a: Archaludon|Archaludon, L50, F|100\/100\n|switch|p2b: Calyrex|Calyrex-Ice, L50|100\/100\n|-ability|p2b: Calyrex|As One\n|-ability|p2b: Calyrex|Unnerve\n|move|p2a: Roaring Moon|Knock Off|p1a: Archaludon\n|-damage|p1a: Archaludon|63\/100\n|-ability|p1a: Archaludon|Stamina|boost\n|-boost|p1a: Archaludon|def|1\n|-enditem|p1a: Archaludon|Assault Vest|[from] move: Knock Off|[of] p2a: Roaring Moon\n|move|p1b: Tornadus|Bleakwind Storm|p2a: Roaring Moon|[spread] p2a,p2b\n|-damage|p2a: Roaring Moon|15\/100\n|-damage|p2b: Calyrex|76\/100\n|\n|-weather|RainDance|[upkeep]\n|upkeep\n|turn|3\n|\n|t:|1740126460\n|move|p2a: Roaring Moon|Knock Off|p1b: Tornadus\n|-damage|p1b: Tornadus|52\/100\n|-enditem|p1b: Tornadus|Covert Cloak|[from] move: Knock Off|[of] p2a: Roaring Moon\n|move|p1b: Tornadus|Bleakwind Storm|p2a: Roaring Moon|[spread] p2a,p2b\n|-damage|p2a: Roaring Moon|0 fnt\n|-damage|p2b: Calyrex|53\/100\n|faint|p2a: Roaring Moon\n|-end|p2a: Roaring Moon|Protosynthesis|[silent]\n|move|p1a: Archaludon|Flash Cannon|p2b: Calyrex\n|-supereffective|p2b: Calyrex\n|-damage|p2b: Calyrex|0 fnt\n|faint|p2b: Calyrex\n|\n|-weather|RainDance|[upkeep]\n|upkeep\n|\n|t:|1740126469\n|switch|p2a: Urshifu|Urshifu-Rapid-Strike, L50, M, tera:Water|18\/100\n|switch|p2b: Ogerpon|Ogerpon-Hearthflame, L50, F|100\/100\n|-ability|p2b: Ogerpon|Mold Breaker\n|turn|4\n|\n|t:|1740126487\n|move|p2b: Ogerpon|Spiky Shield|p2b: Ogerpon\n|-singleturn|p2b: Ogerpon|move: Protect\n|move|p2a: Urshifu|Detect|p2a: Urshifu\n|-singleturn|p2a: Urshifu|Protect\n|move|p1b: Tornadus|Bleakwind Storm|p2a: Urshifu|[spread] \n|-activate|p2a: Urshifu|move: Protect\n|-activate|p2b: Ogerpon|move: Protect\n|move|p1a: Archaludon|Draco Meteor|p2a: Urshifu\n|-activate|p2a: Urshifu|move: Protect\n|\n|-weather|RainDance|[upkeep]\n|-sideend|p1: llefface|move: Tailwind\n|-sideend|p2: Doc_MrMega|move: Tailwind\n|upkeep\n|turn|5\n|j| yuyuvcg\n|\n|t:|1740126508\n|move|p1b: Tornadus|Bleakwind Storm|p2b: Ogerpon|[spread] p2a,p2b\n|-supereffective|p2b: Ogerpon\n|-damage|p2a: Urshifu|0 fnt\n|-damage|p2b: Ogerpon|31\/100\n|faint|p2a: Urshifu\n|move|p2b: Ogerpon|Ivy Cudgel|p1b: Tornadus|[anim] Ivy Cudgel Fire\n|-damage|p1b: Tornadus|25\/100\n|move|p1a: Archaludon|Draco Meteor|p2b: Ogerpon\n|-damage|p2b: Ogerpon|0 fnt\n|-unboost|p1a: Archaludon|spa|2\n|faint|p2b: Ogerpon\n|\n|win|llefface\n|raw|llefface's rating: 1673 &rarr; <strong>1694<\/strong><br \/>(+21 for winning)\n|raw|Doc_MrMega's rating: 1699 &rarr; <strong>1678<\/strong><br \/>(-21 for losing)\n|l|\u2606Doc_MrMega\n|player|p2|\n|c|\u2606llefface|gg\n|l|\u2606llefface\n|player|p1|\n","uploadtime":1740126768,"views":9,"formatid":"gen9vgc2025regg","rating":1678,"private":0,"password":null}