{"id":"gen9vgc2025regg-2304072046","format":"[Gen 9] VGC 2025 Reg G","players":["psychicmesprit","WHOTFISRYANPOWNEY"],"log":"|j|\u2606psychicmesprit\n|j|\u2606WHOTFISRYANPOWNEY\n|t:|1740004734\n|gametype|doubles\n|player|p1|psychicmesprit|palmer|1548\n|player|p2|WHOTFISRYANPOWNEY|pokemonranger-gen4|1627\n|teamsize|p1|6\n|teamsize|p2|6\n|gen|9\n|tier|[Gen 9] VGC 2025 Reg G\n|rated|\n|rule|Species Clause: Limit one of each Pok\u00e9mon\n|rule|Item Clause: Limit 1 of each item\n|clearpoke\n|poke|p1|Kyogre, L50|\n|poke|p1|Tornadus, L50, M|\n|poke|p1|Farigiraf, L50, F|\n|poke|p1|Landorus, L50, M|\n|poke|p1|Archaludon, L50, F|\n|poke|p1|Basculegion, L50, M|\n|poke|p2|Urshifu-*, L50, F|\n|poke|p2|Calyrex-Ice, L50|\n|poke|p2|Smeargle, L50, M|\n|poke|p2|Ogerpon-Hearthflame, L50, F|\n|poke|p2|Indeedee-F, L50, F|\n|poke|p2|Ursaluna-Bloodmoon, L50, M|\n|teampreview|4\n|inactive|Battle timer is ON: inactive players will automatically lose when time's up. (requested by psychicmesprit)\n|inactive|psychicmesprit has 60 seconds left.\n|inactive|WHOTFISRYANPOWNEY has 60 seconds left.\n|inactive|psychicmesprit has 30 seconds left.\n|\n|t:|1740004797\n|start\n|switch|p1a: Landorus|Landorus, L50, M|100\/100\n|switch|p1b: Basculegion|Basculegion, L50, M|100\/100\n|switch|p2a: Calyrex|Calyrex-Ice, L50|100\/100\n|switch|p2b: Indeedee|Indeedee-F, L50, F|100\/100\n|-ability|p2a: Calyrex|As One\n|-ability|p2a: Calyrex|Unnerve\n|-fieldstart|move: Psychic Terrain|[from] ability: Psychic Surge|[of] p2b: Indeedee\n|-enditem|p2b: Indeedee|Psychic Seed\n|-boost|p2b: Indeedee|spd|1|[from] item: Psychic Seed\n|turn|1\n|\n|t:|1740004819\n|move|p1a: Landorus|Protect|p1a: Landorus\n|-singleturn|p1a: Landorus|Protect\n|move|p2b: Indeedee|Follow Me|p2b: Indeedee\n|-singleturn|p2b: Indeedee|move: Follow Me\n|move|p1b: Basculegion|Flip Turn|p2b: Indeedee\n|-damage|p2b: Indeedee|61\/100\n|\n|t:|1740004826\n|switch|p1b: Archaludon|Archaludon, L50, F|100\/100|[from] Flip Turn\n|move|p2a: Calyrex|Trick Room|p2a: Calyrex\n|-fieldstart|move: Trick Room|[of] p2a: Calyrex\n|\n|upkeep\n|turn|2\n|\n|t:|1740004845\n|-terastallize|p1a: Landorus|Water\n|move|p2b: Indeedee|Follow Me|p2b: Indeedee\n|-singleturn|p2b: Indeedee|move: Follow Me\n|move|p2a: Calyrex|Glacial Lance|p1a: Landorus|[spread] p1a,p1b\n|-resisted|p1a: Landorus\n|-damage|p1a: Landorus|64\/100\n|-damage|p1b: Archaludon|56\/100\n|-ability|p1b: Archaludon|Stamina|boost\n|-boost|p1b: Archaludon|def|1\n|move|p1b: Archaludon|Flash Cannon|p2b: Indeedee\n|-damage|p2b: Indeedee|33\/100\n|-unboost|p2b: Indeedee|spd|1\n|move|p1a: Landorus|Sandsear Storm|p2a: Calyrex|[spread] p2b\n|-miss|p1a: Landorus|p2a: Calyrex\n|-damage|p2b: Indeedee|0 fnt\n|faint|p2b: Indeedee\n|\n|upkeep\n|\n|t:|1740004861\n|switch|p2b: Smeargle|Smeargle, L50, M|100\/100\n|turn|3\n|\n|t:|1740004882\n|switch|p1a: Kyogre|Kyogre, L50|100\/100\n|-weather|RainDance|[from] ability: Drizzle|[of] p1a: Kyogre\n|-terastallize|p2a: Calyrex|Water\n|move|p2b: Smeargle|Decorate|p2a: Calyrex\n|-boost|p2a: Calyrex|atk|2\n|-boost|p2a: Calyrex|spa|2\n|move|p2a: Calyrex|Glacial Lance|p1a: Kyogre|[spread] p1a,p1b\n|-resisted|p1a: Kyogre\n|-damage|p1a: Kyogre|39\/100\n|-damage|p1b: Archaludon|3\/100\n|-ability|p1b: Archaludon|Stamina|boost\n|-boost|p1b: Archaludon|def|1\n|move|p1b: Archaludon|Electro Shot||[still]\n|-prepare|p1b: Archaludon|Electro Shot\n|-boost|p1b: Archaludon|spa|1\n|-anim|p1b: Archaludon|Electro Shot|p2a: Calyrex\n|-supereffective|p2a: Calyrex\n|-damage|p2a: Calyrex|12\/100\n|\n|-weather|RainDance|[upkeep]\n|upkeep\n|turn|4\n|inactive|psychicmesprit has 30 seconds left.\n|\n|t:|1740004912\n|move|p2b: Smeargle|Spore|p1b: Archaludon\n|-status|p1b: Archaludon|slp|[from] move: Spore\n|move|p2a: Calyrex|Glacial Lance|p1a: Kyogre|[spread] p1a,p1b\n|-resisted|p1a: Kyogre\n|-crit|p1a: Kyogre\n|-damage|p1a: Kyogre|0 fnt\n|-damage|p1b: Archaludon|0 fnt\n|faint|p1a: Kyogre\n|faint|p1b: Archaludon\n|-ability|p2a: Calyrex|Chilling Neigh|boost\n|-boost|p2a: Calyrex|atk|2\n|\n|-weather|RainDance|[upkeep]\n|upkeep\n|\n|t:|1740004918\n|switch|p1b: Basculegion|Basculegion, L50, M|100\/100\n|switch|p1a: Landorus|Landorus, L50, M, tera:Water|64\/100\n|turn|5\n|\n|t:|1740004932\n|move|p1a: Landorus|Protect|p1a: Landorus\n|-singleturn|p1a: Landorus|Protect\n|move|p1b: Basculegion|Aqua Jet|p2a: Calyrex\n|-activate|p2a: Calyrex|move: Psychic Terrain\n|move|p2b: Smeargle|Decorate|p2a: Calyrex\n|-boost|p2a: Calyrex|atk|2\n|-boost|p2a: Calyrex|spa|2\n|move|p2a: Calyrex|Glacial Lance|p1b: Basculegion|[spread] p1b\n|-activate|p1a: Landorus|move: Protect\n|-resisted|p1b: Basculegion\n|-damage|p1b: Basculegion|0 fnt\n|faint|p1b: Basculegion\n|\n|-weather|RainDance|[upkeep]\n|-fieldend|move: Trick Room\n|-fieldend|move: Psychic Terrain\n|upkeep\n|turn|6\n|\n|t:|1740004950\n|move|p2a: Calyrex|Protect|p2a: Calyrex\n|-singleturn|p2a: Calyrex|Protect\n|move|p1a: Landorus|Sandsear Storm|p2a: Calyrex|[spread] p2b\n|-activate|p2a: Calyrex|move: Protect\n|-enditem|p2b: Smeargle|Focus Sash\n|-damage|p2b: Smeargle|1\/100\n|move|p2b: Smeargle|Spore|p1a: Landorus\n|-status|p1a: Landorus|slp|[from] move: Spore\n|\n|-weather|RainDance|[upkeep]\n|upkeep\n|turn|7\n|\n|t:|1740004964\n|move|p2b: Smeargle|Follow Me|p2b: Smeargle\n|-singleturn|p2b: Smeargle|move: Follow Me\n|cant|p1a: Landorus|slp\n|move|p2a: Calyrex|Trick Room|p2a: Calyrex\n|-fieldstart|move: Trick Room|[of] p2a: Calyrex\n|\n|-weather|none\n|upkeep\n|turn|8\n|\n|t:|1740004971\n|move|p2b: Smeargle|Spore|p1a: Landorus\n|-fail|p1a: Landorus|slp\n|move|p2a: Calyrex|Glacial Lance|p1a: Landorus\n|-resisted|p1a: Landorus\n|-damage|p1a: Landorus|0 fnt\n|faint|p1a: Landorus\n|\n|win|WHOTFISRYANPOWNEY\n|raw|psychicmesprit's rating: 1548 &rarr; <strong>1532<\/strong><br \/>(-16 for losing)\n|raw|WHOTFISRYANPOWNEY's rating: 1627 &rarr; <strong>1643<\/strong><br \/>(+16 for winning)\n|l|\u2606psychicmesprit\n|player|p1|\n|l|\u2606WHOTFISRYANPOWNEY\n|player|p2|\n","uploadtime":1740005190,"views":8,"formatid":"gen9vgc2025regg","rating":1532,"private":0,"password":null}