{"id":"gen9vgc2025regg-2304353138","format":"[Gen 9] VGC 2025 Reg G","players":["Has_Perry","llefface"],"log":"|j|\u2606Has_Perry\n|j|\u2606llefface\n|t:|1740048974\n|gametype|doubles\n|player|p1|Has_Perry|veteran|1588\n|player|p2|llefface|lana-masters|1610\n|teamsize|p1|6\n|teamsize|p2|6\n|gen|9\n|tier|[Gen 9] VGC 2025 Reg G\n|rated|\n|rule|Species Clause: Limit one of each Pok\u00e9mon\n|rule|Item Clause: Limit 1 of each item\n|clearpoke\n|poke|p1|Calyrex-Shadow, L50|\n|poke|p1|Raging Bolt, L50|\n|poke|p1|Clefairy, L50, F|\n|poke|p1|Grimmsnarl, L50, M|\n|poke|p1|Incineroar, L50, M|\n|poke|p1|Urshifu-*, L50, M|\n|poke|p2|Miraidon, L50|\n|poke|p2|Whimsicott, L50, M|\n|poke|p2|Entei, L50|\n|poke|p2|Farigiraf, L50, F|\n|poke|p2|Ogerpon-Wellspring, L50, F|\n|poke|p2|Iron Hands, L50|\n|teampreview|4\n|c|\u2606llefface|glhf!\n|c|\u2606Has_Perry|glhf! again\n|\n|t:|1740049015\n|start\n|switch|p1a: Grimmsnarl|Grimmsnarl, L50, M|100\/100\n|switch|p1b: Regino Boltino|Raging Bolt, L50|100\/100\n|switch|p2a: Miraidon|Miraidon, L50|100\/100\n|switch|p2b: Whimsicott|Whimsicott, L50, M|100\/100\n|-fieldstart|move: Electric Terrain|[from] ability: Hadron Engine|[of] p2a: Miraidon\n|turn|1\n|j| faceless_knigght\n|\n|t:|1740049035\n|switch|p2b: Farigiraf|Farigiraf, L50, F|100\/100\n|-enditem|p2b: Farigiraf|Electric Seed\n|-boost|p2b: Farigiraf|def|1|[from] item: Electric Seed\n|-terastallize|p2a: Miraidon|Fairy\n|move|p1a: Grimmsnarl|Light Screen|p1a: Grimmsnarl\n|-sidestart|p1: Has_Perry|move: Light Screen\n|move|p2a: Miraidon|Dazzling Gleam|p1a: Grimmsnarl|[spread] p1a,p1b\n|-supereffective|p1a: Grimmsnarl\n|-supereffective|p1b: Regino Boltino\n|-damage|p1a: Grimmsnarl|19\/100\n|-damage|p1b: Regino Boltino|54\/100\n|move|p1b: Regino Boltino|Snarl|p2b: Farigiraf|[spread] p2a,p2b\n|-resisted|p2a: Miraidon\n|-supereffective|p2b: Farigiraf\n|-damage|p2a: Miraidon|94\/100\n|-damage|p2b: Farigiraf|72\/100\n|-unboost|p2a: Miraidon|spa|1\n|-unboost|p2b: Farigiraf|spa|1\n|\n|upkeep\n|turn|2\n|\n|t:|1740049068\n|switch|p2b: Whimsicott|Whimsicott, L50, M|100\/100\n|move|p1a: Grimmsnarl|Reflect|p1a: Grimmsnarl\n|-sidestart|p1: Has_Perry|Reflect\n|move|p2a: Miraidon|Dazzling Gleam|p1b: Regino Boltino|[spread] p1a,p1b\n|-supereffective|p1a: Grimmsnarl\n|-supereffective|p1b: Regino Boltino\n|-damage|p1a: Grimmsnarl|0 fnt\n|-damage|p1b: Regino Boltino|21\/100\n|faint|p1a: Grimmsnarl\n|move|p1b: Regino Boltino|Volt Switch|p2a: Miraidon\n|-damage|p2a: Miraidon|51\/100\n|\n|t:|1740049079\n|-end|p1b: Regino Boltino|Protosynthesis|[silent]\n|switch|p1b: Calydow|Calyrex-Shadow, L50|100\/100|[from] Volt Switch\n|-ability|p1b: Calydow|As One\n|-ability|p1b: Calydow|Unnerve\n|\n|upkeep\n|\n|t:|1740049085\n|switch|p1a: Clefairy|Clefairy, L50, F|100\/100\n|turn|3\n|\n|t:|1740049096\n|switch|p2a: Entei|Entei, L50|100\/100\n|move|p2b: Whimsicott|Taunt|p1a: Clefairy\n|-start|p1a: Clefairy|move: Taunt\n|move|p1b: Calydow|Nasty Plot|p1b: Calydow\n|-boost|p1b: Calydow|spa|2\n|cant|p1a: Clefairy|move: Taunt|Encore\n|\n|upkeep\n|turn|4\n|\n|t:|1740049114\n|switch|p1a: Regino Boltino|Raging Bolt, L50|21\/100\n|move|p2b: Whimsicott|Encore|p1b: Calydow\n|-start|p1b: Calydow|Encore\n|move|p1b: Calydow|Nasty Plot|p1b: Calydow\n|-boost|p1b: Calydow|spa|2\n|move|p2a: Entei|Sacred Fire|p1a: Regino Boltino\n|-resisted|p1a: Regino Boltino\n|-damage|p1a: Regino Boltino|4\/100\n|-status|p1a: Regino Boltino|brn\n|-damage|p2a: Entei|91\/100|[from] item: Life Orb\n|\n|-damage|p1a: Regino Boltino|0 fnt|[from] brn\n|faint|p1a: Regino Boltino\n|-end|p1a: Regino Boltino|Protosynthesis|[silent]\n|upkeep\n|\n|t:|1740049129\n|switch|p1a: Clefairy|Clefairy, L50, F|100\/100\n|turn|5\n|\n|t:|1740049135\n|move|p1a: Clefairy|Protect|p1a: Clefairy\n|-singleturn|p1a: Clefairy|Protect\n|move|p2b: Whimsicott|Taunt|p1a: Clefairy\n|-activate|p1a: Clefairy|move: Protect\n|move|p1b: Calydow|Nasty Plot|p1b: Calydow\n|-boost|p1b: Calydow|spa|2\n|move|p2a: Entei|Sacred Fire|p1b: Calydow\n|-damage|p1b: Calydow|77\/100\n|-status|p1b: Calydow|brn\n|-damage|p2a: Entei|81\/100|[from] item: Life Orb\n|\n|-heal|p1b: Calydow|83\/100 brn|[from] item: Leftovers\n|-damage|p1b: Calydow|77\/100 brn|[from] brn\n|-fieldend|move: Electric Terrain\n|upkeep\n|turn|6\n|\n|t:|1740049154\n|move|p1a: Clefairy|Protect||[still]\n|-fail|p1a: Clefairy\n|move|p2b: Whimsicott|Taunt|p1a: Clefairy\n|-start|p1a: Clefairy|move: Taunt\n|move|p1b: Calydow|Nasty Plot|p1b: Calydow\n|-boost|p1b: Calydow|spa|0\n|move|p2a: Entei|Sacred Fire|p1b: Calydow\n|-damage|p1b: Calydow|52\/100 brn\n|-damage|p2a: Entei|71\/100|[from] item: Life Orb\n|\n|-heal|p1b: Calydow|58\/100 brn|[from] item: Leftovers\n|-damage|p1b: Calydow|52\/100 brn|[from] brn\n|-end|p1b: Calydow|Encore\n|upkeep\n|turn|7\n|c|\u2606Has_Perry|gg\n|c|\u2606llefface|gg\n|-message|Has_Perry forfeited.\n|\n|win|llefface\n|raw|Has_Perry's rating: 1588 &rarr; <strong>1569<\/strong><br \/>(-19 for losing)\n|raw|llefface's rating: 1610 &rarr; <strong>1629<\/strong><br \/>(+19 for winning)\n|l|\u2606Has_Perry\n|player|p1|\n|l|\u2606llefface\n|player|p2|\n","uploadtime":1740049361,"views":5,"formatid":"gen9vgc2025regg","rating":1569,"private":0,"password":null}