{"id":"gen9vgc2025regg-2304269939","format":"[Gen 9] VGC 2025 Reg G","players":["smile7301","badpiplupvgc"],"log":"|j|\u2606smile7301\n|j|\u2606badpiplupvgc\n|t:|1740032886\n|gametype|doubles\n|player|p1|smile7301|1|1537\n|player|p2|badpiplupvgc|169|1679\n|teamsize|p1|6\n|teamsize|p2|6\n|gen|9\n|tier|[Gen 9] VGC 2025 Reg G\n|rated|\n|rule|Species Clause: Limit one of each Pok\u00e9mon\n|rule|Item Clause: Limit 1 of each item\n|clearpoke\n|poke|p1|Groudon, L50|\n|poke|p1|Venusaur, L50, F|\n|poke|p1|Chien-Pao, L50|\n|poke|p1|Dragonite, L50, F|\n|poke|p1|Incineroar, L50, F|\n|poke|p1|Bronzong, L50|\n|poke|p2|Calyrex-Ice, L50|\n|poke|p2|Amoonguss, L50, M|\n|poke|p2|Raging Bolt, L50|\n|poke|p2|Chi-Yu, L50|\n|poke|p2|Rillaboom, L50, M|\n|poke|p2|Urshifu-*, L50, M|\n|teampreview|4\n|\n|t:|1740032955\n|start\n|switch|p1a: Groudon|Groudon, L50|100\/100\n|switch|p1b: Incineroar|Incineroar, L50, F|100\/100\n|switch|p2a: Rillaboom|Rillaboom, L50, M|100\/100\n|switch|p2b: Calyrex|Calyrex-Ice, L50|100\/100\n|-ability|p2b: Calyrex|As One\n|-ability|p2b: Calyrex|Unnerve\n|-weather|SunnyDay|[from] ability: Drought|[of] p1a: Groudon\n|-fieldstart|move: Grassy Terrain|[from] ability: Grassy Surge|[of] p2a: Rillaboom\n|-ability|p1b: Incineroar|Intimidate|boost\n|-unboost|p2a: Rillaboom|atk|1\n|-fail|p2b: Calyrex|unboost|[from] item: Clear Amulet|[of] p2b: Calyrex\n|turn|1\n|j| sof.eir\n|\n|t:|1740032988\n|-terastallize|p1a: Groudon|Water\n|move|p2a: Rillaboom|Fake Out|p1b: Incineroar\n|-damage|p1b: Incineroar|91\/100\n|move|p1a: Groudon|Will-O-Wisp|p2b: Calyrex\n|-status|p2b: Calyrex|brn\n|cant|p1b: Incineroar|flinch\n|move|p2b: Calyrex|Trick Room|p2b: Calyrex\n|-fieldstart|move: Trick Room|[of] p2b: Calyrex\n|\n|-weather|SunnyDay|[upkeep]\n|-heal|p1b: Incineroar|97\/100|[from] Grassy Terrain\n|-damage|p2b: Calyrex|95\/100 brn|[from] brn\n|upkeep\n|turn|2\n|j| sbld\n|\n|t:|1740033018\n|move|p1a: Groudon|Protect|p1a: Groudon\n|-singleturn|p1a: Groudon|Protect\n|move|p2a: Rillaboom|Grassy Glide|p1a: Groudon\n|-activate|p1a: Groudon|move: Protect\n|move|p2b: Calyrex|High Horsepower|p1b: Incineroar\n|-supereffective|p1b: Incineroar\n|-damage|p1b: Incineroar|55\/100\n|move|p1b: Incineroar|Flare Blitz|p2a: Rillaboom\n|-supereffective|p2a: Rillaboom\n|-damage|p2a: Rillaboom|0 fnt\n|faint|p2a: Rillaboom\n|-damage|p1b: Incineroar|22\/100|[from] Recoil\n|\n|-weather|SunnyDay|[upkeep]\n|-heal|p2b: Calyrex|100\/100 brn|[from] Grassy Terrain\n|-heal|p1b: Incineroar|28\/100|[from] Grassy Terrain\n|-damage|p2b: Calyrex|95\/100 brn|[from] brn\n|upkeep\n|\n|t:|1740033035\n|switch|p2a: Amoonguss|Amoonguss, L50, M|100\/100\n|turn|3\n|\n|t:|1740033057\n|switch|p1b: Dragonite|Dragonite, L50, F|100\/100\n|move|p2a: Amoonguss|Spore|p1a: Groudon\n|-status|p1a: Groudon|slp|[from] move: Spore\n|move|p2b: Calyrex|High Horsepower|p1b: Dragonite\n|-immune|p1b: Dragonite\n|cant|p1a: Groudon|slp\n|\n|-weather|SunnyDay|[upkeep]\n|-heal|p2b: Calyrex|100\/100 brn|[from] Grassy Terrain\n|-damage|p2b: Calyrex|95\/100 brn|[from] brn\n|upkeep\n|turn|4\n|\n|t:|1740033083\n|switch|p2a: Urshifu|Urshifu, L50, M|100\/100\n|move|p1b: Dragonite|Extreme Speed|p2a: Urshifu\n|-damage|p2a: Urshifu|57\/100\n|move|p2b: Calyrex|Glacial Lance|p1a: Groudon|[spread] p1a,p1b\n|-resisted|p1a: Groudon\n|-supereffective|p1b: Dragonite\n|-damage|p1a: Groudon|91\/100 slp\n|-damage|p1b: Dragonite|0 fnt\n|faint|p1b: Dragonite\n|-ability|p2b: Calyrex|Chilling Neigh|boost\n|-boost|p2b: Calyrex|atk|1\n|-curestatus|p1a: Groudon|slp|[msg]\n|move|p1a: Groudon|Precipice Blades|p2b: Calyrex|[spread] p2a,p2b\n|-damage|p2a: Urshifu|14\/100\n|-damage|p2b: Calyrex|70\/100 brn\n|\n|-weather|SunnyDay|[upkeep]\n|-heal|p2b: Calyrex|76\/100 brn|[from] Grassy Terrain\n|-heal|p1a: Groudon|97\/100|[from] Grassy Terrain\n|-heal|p2a: Urshifu|19\/100|[from] Grassy Terrain\n|-damage|p2b: Calyrex|70\/100 brn|[from] brn\n|upkeep\n|\n|t:|1740033098\n|switch|p1b: Incineroar|Incineroar, L50, F|28\/100\n|-ability|p1b: Incineroar|Intimidate|boost\n|-unboost|p2a: Urshifu|atk|1\n|-fail|p2b: Calyrex|unboost|[from] item: Clear Amulet|[of] p2b: Calyrex\n|turn|5\n|\n|t:|1740033114\n|move|p2a: Urshifu|Detect|p2a: Urshifu\n|-singleturn|p2a: Urshifu|Protect\n|move|p1b: Incineroar|Fake Out|p2a: Urshifu\n|-activate|p2a: Urshifu|move: Protect\n|move|p2b: Calyrex|High Horsepower|p1b: Incineroar\n|-supereffective|p1b: Incineroar\n|-damage|p1b: Incineroar|0 fnt\n|faint|p1b: Incineroar\n|-ability|p2b: Calyrex|Chilling Neigh|boost\n|-boost|p2b: Calyrex|atk|1\n|move|p1a: Groudon|Precipice Blades|p2a: Urshifu|[spread] p2b\n|-activate|p2a: Urshifu|move: Protect\n|-damage|p2b: Calyrex|44\/100 brn\n|\n|-weather|none\n|-heal|p2b: Calyrex|50\/100 brn|[from] Grassy Terrain\n|-heal|p1a: Groudon|100\/100|[from] Grassy Terrain\n|-heal|p2a: Urshifu|25\/100|[from] Grassy Terrain\n|-damage|p2b: Calyrex|44\/100 brn|[from] brn\n|-fieldend|move: Trick Room\n|-fieldend|move: Grassy Terrain\n|upkeep\n|\n|t:|1740033119\n|switch|p1b: Chien-Pao|Chien-Pao, L50|100\/100\n|-ability|p1b: Chien-Pao|Sword of Ruin\n|turn|6\n|\n|t:|1740033148\n|switch|p2a: Amoonguss|Amoonguss, L50, M|100\/100\n|move|p2b: Calyrex|Protect|p2b: Calyrex\n|-singleturn|p2b: Calyrex|Protect\n|move|p1b: Chien-Pao|Throat Chop|p2b: Calyrex\n|-activate|p2b: Calyrex|move: Protect\n|move|p1a: Groudon|Precipice Blades|p2b: Calyrex|[spread] p2a\n|-activate|p2b: Calyrex|move: Protect\n|-damage|p2a: Amoonguss|58\/100\n|\n|-damage|p2b: Calyrex|38\/100 brn|[from] brn\n|upkeep\n|turn|7\n|\n|t:|1740033184\n|move|p2a: Amoonguss|Rage Powder|p2a: Amoonguss\n|-singleturn|p2a: Amoonguss|move: Rage Powder\n|move|p1b: Chien-Pao|Ice Spinner|p2a: Amoonguss\n|-supereffective|p2a: Amoonguss\n|-damage|p2a: Amoonguss|0 fnt\n|-damage|p1b: Chien-Pao|84\/100|[from] item: Rocky Helmet|[of] p2a: Amoonguss\n|faint|p2a: Amoonguss\n|move|p1a: Groudon|Precipice Blades|p2b: Calyrex\n|-damage|p2b: Calyrex|0 fnt\n|faint|p2b: Calyrex\n|\n|upkeep\n|-message|badpiplupvgc forfeited.\n|\n|win|smile7301\n|raw|smile7301's rating: 1537 &rarr; <strong>1565<\/strong><br \/>(+28 for winning)\n|raw|badpiplupvgc's rating: 1679 &rarr; <strong>1651<\/strong><br \/>(-28 for losing)\n|l|\u2606badpiplupvgc\n|player|p2|\n|l| sbld\n|l|\u2606smile7301\n|player|p1|\n|l| sof.eir\n","uploadtime":1740033389,"views":7,"formatid":"gen9vgc2025regg","rating":1565,"private":0,"password":null}