{"id":"gen9vgc2025regg-2304598507","format":"[Gen 9] VGC 2025 Reg G","players":["Zakmancho","KhordyVGC"],"log":"|j|\u2606Zakmancho\n|j|\u2606KhordyVGC\n|t:|1740077636\n|gametype|doubles\n|player|p1|Zakmancho|1|1598\n|player|p2|KhordyVGC|ruinmaniac|1550\n|teamsize|p1|6\n|teamsize|p2|6\n|gen|9\n|tier|[Gen 9] VGC 2025 Reg G\n|rated|\n|rule|Species Clause: Limit one of each Pok\u00e9mon\n|rule|Item Clause: Limit 1 of each item\n|clearpoke\n|poke|p1|Koraidon, L50|\n|poke|p1|Chi-Yu, L50|\n|poke|p1|Flutter Mane, L50|\n|poke|p1|Ogerpon-Cornerstone, L50, F|\n|poke|p1|Raging Bolt, L50|\n|poke|p1|Whimsicott, L50, M|\n|poke|p2|Zamazenta-*, L50|\n|poke|p2|Chien-Pao, L50|\n|poke|p2|Rillaboom, L50, F|\n|poke|p2|Flutter Mane, L50|\n|poke|p2|Chi-Yu, L50|\n|poke|p2|Raging Bolt, L50|\n|teampreview|4\n|inactive|Battle timer is ON: inactive players will automatically lose when time's up. (requested by Zakmancho)\n|\n|t:|1740077656\n|start\n|switch|p1a: Koraidon|Koraidon, L50|100\/100\n|switch|p1b: Raging Bolt|Raging Bolt, L50|100\/100\n|switch|p2a: Flutter Mane|Flutter Mane, L50|100\/100\n|switch|p2b: Chi-Yu|Chi-Yu, L50|100\/100\n|-ability|p2b: Chi-Yu|Beads of Ruin\n|-weather|SunnyDay|[from] ability: Orichalcum Pulse|[of] p1a: Koraidon\n|-activate|p2a: Flutter Mane|ability: Protosynthesis\n|-start|p2a: Flutter Mane|protosynthesisspe\n|-activate|p1b: Raging Bolt|ability: Protosynthesis\n|-start|p1b: Raging Bolt|protosynthesisspa\n|-activate|p1a: Koraidon|Orichalcum Pulse|[source]\n|turn|1\n|inactive|KhordyVGC has 30 seconds left.\n|inactive|KhordyVGC has 20 seconds left.\n|inactive|KhordyVGC has 15 seconds left.\n|inactive|KhordyVGC has 10 seconds left.\n|\n|t:|1740077702\n|-terastallize|p1a: Koraidon|Fire\n|move|p2a: Flutter Mane|Moonblast|p1a: Koraidon\n|-resisted|p1a: Koraidon\n|-damage|p1a: Koraidon|72\/100\n|move|p2b: Chi-Yu|Dark Pulse|p1a: Koraidon\n|-damage|p1a: Koraidon|12\/100\n|move|p1a: Koraidon|Flame Charge|p2a: Flutter Mane\n|-damage|p2a: Flutter Mane|9\/100\n|-boost|p1a: Koraidon|spe|1\n|move|p1b: Raging Bolt|Electroweb|p2a: Flutter Mane|[spread] p2a,p2b\n|-damage|p2a: Flutter Mane|0 fnt\n|-damage|p2b: Chi-Yu|65\/100\n|-unboost|p2b: Chi-Yu|spe|1\n|faint|p2a: Flutter Mane\n|-end|p2a: Flutter Mane|Protosynthesis|[silent]\n|\n|-weather|SunnyDay|[upkeep]\n|upkeep\n|\n|t:|1740077716\n|switch|p2a: Chien-Pao|Chien-Pao, L50|100\/100\n|-ability|p2a: Chien-Pao|Sword of Ruin\n|turn|2\n|\n|t:|1740077736\n|move|p1a: Koraidon|Protect|p1a: Koraidon\n|-singleturn|p1a: Koraidon|Protect\n|move|p2a: Chien-Pao|Icicle Crash|p1b: Raging Bolt|[miss]\n|-miss|p2a: Chien-Pao|p1b: Raging Bolt\n|move|p2b: Chi-Yu|Dark Pulse|p1b: Raging Bolt\n|-damage|p1b: Raging Bolt|62\/100\n|move|p1b: Raging Bolt|Electroweb|p2b: Chi-Yu|[spread] p2a,p2b\n|-damage|p2a: Chien-Pao|38\/100\n|-damage|p2b: Chi-Yu|28\/100\n|-unboost|p2a: Chien-Pao|spe|1\n|-unboost|p2b: Chi-Yu|spe|1\n|\n|-weather|SunnyDay|[upkeep]\n|upkeep\n|turn|3\n|c|\u2606KhordyVGC|:(\n|inactive|Zakmancho has 30 seconds left.\n|inactive|KhordyVGC has 30 seconds left.\n|\n|t:|1740077764\n|switch|p2b: Zamazenta|Zamazenta-Crowned, L50|100\/100\n|-ability|p2b: Zamazenta|Dauntless Shield|boost\n|-boost|p2b: Zamazenta|def|1\n|move|p2a: Chien-Pao|Sucker Punch|p1a: Koraidon\n|-damage|p1a: Koraidon|0 fnt\n|faint|p1a: Koraidon\n|move|p1b: Raging Bolt|Electroweb|p2b: Zamazenta|[spread] p2a,p2b\n|-damage|p2a: Chien-Pao|0 fnt\n|-damage|p2b: Zamazenta|78\/100\n|-unboost|p2b: Zamazenta|spe|1\n|faint|p2a: Chien-Pao\n|\n|-weather|SunnyDay|[upkeep]\n|upkeep\n|\n|t:|1740077774\n|switch|p2a: Chi-Yu|Chi-Yu, L50|28\/100\n|switch|p1a: Chi-Yu|Chi-Yu, L50|100\/100\n|-ability|p2a: Chi-Yu|Beads of Ruin\n|-ability|p1a: Chi-Yu|Beads of Ruin\n|turn|4\n|\n|t:|1740077795\n|-terastallize|p2b: Zamazenta|Dragon\n|move|p1b: Raging Bolt|Thunderclap|p2a: Chi-Yu\n|-damage|p2a: Chi-Yu|0 fnt\n|faint|p2a: Chi-Yu\n|move|p1a: Chi-Yu|Overheat|p2b: Zamazenta\n|-resisted|p2b: Zamazenta\n|-damage|p2b: Zamazenta|30\/100\n|-unboost|p1a: Chi-Yu|spa|2\n|move|p2b: Zamazenta|Body Press|p1b: Raging Bolt\n|-damage|p1b: Raging Bolt|13\/100\n|\n|-weather|SunnyDay|[upkeep]\n|upkeep\n|turn|5\n|c|\u2606KhordyVGC|gg\n|-message|KhordyVGC forfeited.\n|\n|win|Zakmancho\n|raw|Zakmancho's rating: 1598 &rarr; <strong>1615<\/strong><br \/>(+17 for winning)\n|raw|KhordyVGC's rating: 1550 &rarr; <strong>1533<\/strong><br \/>(-17 for losing)\n|l|\u2606KhordyVGC\n|player|p2|\n|l|\u2606Zakmancho\n|player|p1|\n","uploadtime":1740077963,"views":6,"formatid":"gen9vgc2025regg","rating":1533,"private":0,"password":null}