{"id":"gen9vgc2025regg-2304201519","format":"[Gen 9] VGC 2025 Reg G","players":["chiefclarko11","Sdsdffggff"],"log":"|j|\u2606chiefclarko11\n|j|\u2606Sdsdffggff\n|t:|1740021452\n|gametype|doubles\n|player|p1|chiefclarko11|2|1506\n|player|p2|Sdsdffggff|169|1558\n|teamsize|p1|6\n|teamsize|p2|6\n|gen|9\n|tier|[Gen 9] VGC 2025 Reg G\n|rated|\n|rule|Species Clause: Limit one of each Pok\u00e9mon\n|rule|Item Clause: Limit 1 of each item\n|clearpoke\n|poke|p1|Calyrex-Ice, L50|\n|poke|p1|Urshifu-*, L50, M|\n|poke|p1|Ogerpon-Hearthflame, L50, F|\n|poke|p1|Landorus, L50, M|\n|poke|p1|Roaring Moon, L50|\n|poke|p1|Amoonguss, L50, F|\n|poke|p2|Venomoth, L50, M|\n|poke|p2|Kyogre, L50|\n|poke|p2|Wo-Chien, L50|\n|poke|p2|Rillaboom, L50, F|\n|poke|p2|Raging Bolt, L50|\n|poke|p2|Farigiraf, L50, F|\n|teampreview|4\n|inactive|Battle timer is ON: inactive players will automatically lose when time's up. (requested by Sdsdffggff)\n|inactive|Sdsdffggff has 60 seconds left.\n|\n|t:|1740021497\n|start\n|switch|p1a: Roaring Moon|Roaring Moon, L50|100\/100\n|switch|p1b: Ogerpon|Ogerpon-Hearthflame, L50, F|100\/100\n|switch|p2a: Kyogre|Kyogre, L50|100\/100\n|switch|p2b: Rillaboom|Rillaboom, L50, F|100\/100\n|-ability|p1b: Ogerpon|Mold Breaker\n|-weather|RainDance|[from] ability: Drizzle|[of] p2a: Kyogre\n|-fieldstart|move: Grassy Terrain|[from] ability: Grassy Surge|[of] p2b: Rillaboom\n|-enditem|p1a: Roaring Moon|Booster Energy\n|-activate|p1a: Roaring Moon|ability: Protosynthesis|[fromitem]\n|-start|p1a: Roaring Moon|protosynthesisspe\n|turn|1\n|\n|t:|1740021516\n|move|p1a: Roaring Moon|Protect|p1a: Roaring Moon\n|-singleturn|p1a: Roaring Moon|Protect\n|move|p1b: Ogerpon|Spiky Shield|p1b: Ogerpon\n|-singleturn|p1b: Ogerpon|move: Protect\n|move|p2b: Rillaboom|Fake Out|p1b: Ogerpon\n|-activate|p1b: Ogerpon|move: Protect\n|-damage|p2b: Rillaboom|88\/100|[from] Spiky Shield|[of] p1b: Ogerpon\n|move|p2a: Kyogre|Calm Mind|p2a: Kyogre\n|-boost|p2a: Kyogre|spa|1\n|-boost|p2a: Kyogre|spd|1\n|\n|-weather|RainDance|[upkeep]\n|-heal|p2b: Rillaboom|94\/100|[from] Grassy Terrain\n|upkeep\n|turn|2\n|inactive|Sdsdffggff has 30 seconds left.\n|\n|t:|1740021549\n|switch|p2b: Wo-Chien|Wo-Chien, L50|100\/100\n|-ability|p2b: Wo-Chien|Tablets of Ruin\n|-terastallize|p2a: Kyogre|Grass\n|move|p1a: Roaring Moon|Tailwind|p1a: Roaring Moon\n|-sidestart|p1: chiefclarko11|move: Tailwind\n|move|p1b: Ogerpon|Horn Leech|p2a: Kyogre\n|-resisted|p2a: Kyogre\n|-damage|p2a: Kyogre|82\/100\n|move|p2a: Kyogre|Origin Pulse|p1b: Ogerpon|[spread] p1a,p1b\n|-resisted|p1a: Roaring Moon\n|-damage|p1a: Roaring Moon|47\/100\n|-damage|p1b: Ogerpon|0 fnt\n|faint|p1b: Ogerpon\n|\n|-weather|RainDance|[upkeep]\n|-heal|p1a: Roaring Moon|53\/100|[from] Grassy Terrain\n|-heal|p2a: Kyogre|88\/100|[from] Grassy Terrain\n|-heal|p2a: Kyogre|94\/100|[from] item: Leftovers\n|upkeep\n|\n|t:|1740021557\n|switch|p1b: Calyrex|Calyrex-Ice, L50|100\/100\n|-ability|p1b: Calyrex|As One\n|-ability|p1b: Calyrex|Unnerve\n|turn|3\n|\n|t:|1740021567\n|move|p2a: Kyogre|Protect|p2a: Kyogre\n|-singleturn|p2a: Kyogre|Protect\n|move|p1a: Roaring Moon|Acrobatics|p2b: Wo-Chien\n|-supereffective|p2b: Wo-Chien\n|-damage|p2b: Wo-Chien|62\/100\n|-damage|p1a: Roaring Moon|37\/100|[from] item: Rocky Helmet|[of] p2b: Wo-Chien\n|move|p1b: Calyrex|Glacial Lance|p2a: Kyogre|[spread] p2b\n|-activate|p2a: Kyogre|move: Protect\n|-supereffective|p2b: Wo-Chien\n|-damage|p2b: Wo-Chien|2\/100\n|move|p2b: Wo-Chien|Foul Play|p1b: Calyrex\n|-supereffective|p1b: Calyrex\n|-damage|p1b: Calyrex|7\/100\n|\n|-weather|RainDance|[upkeep]\n|-heal|p1a: Roaring Moon|43\/100|[from] Grassy Terrain\n|-heal|p1b: Calyrex|13\/100|[from] Grassy Terrain\n|-heal|p2a: Kyogre|100\/100|[from] Grassy Terrain\n|-heal|p2b: Wo-Chien|8\/100|[from] Grassy Terrain\n|upkeep\n|turn|4\n|inactive|Sdsdffggff has 30 seconds left.\n|\n|t:|1740021594\n|move|p1a: Roaring Moon|Acrobatics|p2a: Kyogre\n|-supereffective|p2a: Kyogre\n|-damage|p2a: Kyogre|46\/100\n|move|p1b: Calyrex|Glacial Lance|p2b: Wo-Chien|[spread] p2a,p2b\n|-supereffective|p2a: Kyogre\n|-supereffective|p2b: Wo-Chien\n|-damage|p2a: Kyogre|0 fnt\n|-damage|p2b: Wo-Chien|0 fnt\n|faint|p2a: Kyogre\n|faint|p2b: Wo-Chien\n|-ability|p1b: Calyrex|Chilling Neigh|boost\n|-boost|p1b: Calyrex|atk|2\n|\n|-weather|RainDance|[upkeep]\n|-heal|p1a: Roaring Moon|49\/100|[from] Grassy Terrain\n|-heal|p1b: Calyrex|19\/100|[from] Grassy Terrain\n|upkeep\n|\n|t:|1740021599\n|switch|p2a: Rillaboom|Rillaboom, L50, F|94\/100\n|switch|p2b: Raging Bolt|Raging Bolt, L50|100\/100\n|turn|5\n|\n|t:|1740021614\n|move|p1a: Roaring Moon|Protect|p1a: Roaring Moon\n|-singleturn|p1a: Roaring Moon|Protect\n|move|p2a: Rillaboom|Fake Out|p1a: Roaring Moon\n|-activate|p1a: Roaring Moon|move: Protect\n|move|p1b: Calyrex|Glacial Lance|p2a: Rillaboom|[spread] p2a,p2b\n|-supereffective|p2a: Rillaboom\n|-supereffective|p2b: Raging Bolt\n|-damage|p2a: Rillaboom|0 fnt\n|-damage|p2b: Raging Bolt|0 fnt\n|faint|p2a: Rillaboom\n|faint|p2b: Raging Bolt\n|-end|p2b: Raging Bolt|Protosynthesis|[silent]\n|\n|win|chiefclarko11\n|raw|chiefclarko11's rating: 1506 &rarr; <strong>1529<\/strong><br \/>(+23 for winning)\n|raw|Sdsdffggff's rating: 1558 &rarr; <strong>1535<\/strong><br \/>(-23 for losing)\n|l|\u2606Sdsdffggff\n|player|p2|\n|l|\u2606chiefclarko11\n|player|p1|\n","uploadtime":1740021849,"views":5,"formatid":"gen9vgc2025regg","rating":1529,"private":0,"password":null}