{"id":"gen9vgc2025regg-2304314839","format":"[Gen 9] VGC 2025 Reg G","players":["Harry 555","MTH0612"],"log":"|j|\u2606Harry 555\n|j|\u2606MTH0612\n|t:|1740041937\n|gametype|doubles\n|player|p1|Harry 555|veteran|1537\n|player|p2|MTH0612|265|1650\n|teamsize|p1|6\n|teamsize|p2|6\n|gen|9\n|tier|[Gen 9] VGC 2025 Reg G\n|rated|\n|rule|Species Clause: Limit one of each Pok\u00e9mon\n|rule|Item Clause: Limit 1 of each item\n|clearpoke\n|poke|p1|Calyrex-Ice, L50|\n|poke|p1|Amoonguss, L50, M|\n|poke|p1|Incineroar, L50, M|\n|poke|p1|Urshifu-*, L50, M|\n|poke|p1|Tornadus, L50, M|\n|poke|p1|Landorus, L50, M|\n|poke|p2|Incineroar, L50, M|\n|poke|p2|Rillaboom, L50, F|\n|poke|p2|Calyrex-Ice, L50|\n|poke|p2|Urshifu-*, L50, M|\n|poke|p2|Pelipper, L50, M|\n|poke|p2|Raging Bolt, L50|\n|teampreview|4\n|inactive|Battle timer is ON: inactive players will automatically lose when time's up. (requested by Harry 555)\n|\n|t:|1740041962\n|start\n|switch|p1a: Tornadus|Tornadus, L50, M|100\/100\n|switch|p1b: Landorus|Landorus, L50, M|100\/100\n|switch|p2a: Calyrex|Calyrex-Ice, L50|100\/100\n|switch|p2b: Urshifu|Urshifu-Rapid-Strike, L50, M|100\/100\n|-ability|p2a: Calyrex|As One\n|-ability|p2a: Calyrex|Unnerve\n|turn|1\n|j| pmg9\n|inactive|Harry 555 has 30 seconds left.\n|inactive|MTH0612 has 30 seconds left.\n|\n|t:|1740041991\n|switch|p2b: Incineroar|Incineroar, L50, M, shiny|100\/100\n|-ability|p2b: Incineroar|Intimidate|boost\n|-unboost|p1a: Tornadus|atk|1\n|-unboost|p1b: Landorus|atk|1\n|-terastallize|p1b: Landorus|Water\n|move|p1a: Tornadus|Tailwind|p1a: Tornadus\n|-sidestart|p1: Harry 555|move: Tailwind\n|move|p1b: Landorus|Earth Power|p2a: Calyrex\n|-damage|p2a: Calyrex|53\/100\n|move|p2a: Calyrex|Trick Room|p2a: Calyrex\n|-fieldstart|move: Trick Room|[of] p2a: Calyrex\n|\n|upkeep\n|turn|2\n|\n|t:|1740042013\n|switch|p1a: Incineroar|Incineroar, L50, M|100\/100\n|-ability|p1a: Incineroar|Intimidate|boost\n|-fail|p2a: Calyrex|unboost|[from] item: Clear Amulet|[of] p2a: Calyrex\n|-unboost|p2b: Incineroar|atk|1\n|move|p1b: Landorus|Protect|p1b: Landorus\n|-singleturn|p1b: Landorus|Protect\n|move|p2b: Incineroar|Fake Out|p1b: Landorus\n|-activate|p1b: Landorus|move: Protect\n|move|p2a: Calyrex|Glacial Lance|p1b: Landorus|[spread] p1a\n|-activate|p1b: Landorus|move: Protect\n|-resisted|p1a: Incineroar\n|-damage|p1a: Incineroar|77\/100\n|\n|upkeep\n|turn|3\n|inactive|Harry 555 has 30 seconds left.\n|inactive|MTH0612 has 30 seconds left.\n|\n|t:|1740042052\n|move|p1a: Incineroar|Fake Out|p2a: Calyrex\n|-damage|p2a: Calyrex|46\/100\n|cant|p2a: Calyrex|flinch\n|move|p2b: Incineroar|Parting Shot|p1b: Landorus\n|-unboost|p1b: Landorus|atk|1\n|-unboost|p1b: Landorus|spa|1\n|\n|t:|1740042058\n|switch|p2b: Raging Bolt|Raging Bolt, L50|100\/100|[from] Parting Shot\n|-enditem|p2b: Raging Bolt|Booster Energy\n|-activate|p2b: Raging Bolt|ability: Protosynthesis|[fromitem]\n|-start|p2b: Raging Bolt|protosynthesisspa\n|move|p1b: Landorus|Sandsear Storm|p2b: Raging Bolt|[spread] p2a,p2b\n|-supereffective|p2b: Raging Bolt\n|-damage|p2a: Calyrex|20\/100\n|-damage|p2b: Raging Bolt|34\/100\n|\n|upkeep\n|turn|4\n|inactive|Harry 555 has 30 seconds left.\n|j| mr pogostick\n|\n|t:|1740042089\n|switch|p1a: Tornadus|Tornadus, L50, M|100\/100\n|move|p1b: Landorus|Protect|p1b: Landorus\n|-singleturn|p1b: Landorus|Protect\n|move|p2a: Calyrex|High Horsepower|p1a: Tornadus\n|-immune|p1a: Tornadus\n|move|p2b: Raging Bolt|Thunderbolt|p1a: Tornadus\n|-supereffective|p1a: Tornadus\n|-damage|p1a: Tornadus|0 fnt\n|faint|p1a: Tornadus\n|\n|-sideend|p1: Harry 555|move: Tailwind\n|upkeep\n|\n|t:|1740042105\n|switch|p1a: Incineroar|Incineroar, L50, M|77\/100\n|-ability|p1a: Incineroar|Intimidate|boost\n|-fail|p2a: Calyrex|unboost|[from] item: Clear Amulet|[of] p2a: Calyrex\n|-unboost|p2b: Raging Bolt|atk|1\n|turn|5\n|\n|t:|1740042122\n|move|p1a: Incineroar|Fake Out|p2b: Raging Bolt\n|-damage|p2b: Raging Bolt|25\/100\n|move|p2a: Calyrex|High Horsepower|p1a: Incineroar\n|-supereffective|p1a: Incineroar\n|-damage|p1a: Incineroar|8\/100\n|cant|p2b: Raging Bolt|flinch\n|move|p1b: Landorus|Sandsear Storm|p2b: Raging Bolt|[spread] p2b\n|-miss|p1b: Landorus|p2a: Calyrex\n|-supereffective|p2b: Raging Bolt\n|-damage|p2b: Raging Bolt|0 fnt\n|faint|p2b: Raging Bolt\n|-end|p2b: Raging Bolt|Protosynthesis|[silent]\n|\n|-fieldend|move: Trick Room\n|upkeep\n|\n|t:|1740042146\n|switch|p2b: Incineroar|Incineroar, L50, M, shiny|100\/100\n|-ability|p2b: Incineroar|Intimidate|boost\n|-unboost|p1a: Incineroar|atk|1\n|-unboost|p1b: Landorus|atk|1\n|turn|6\n|j| NanshanVGC\n|\n|t:|1740042164\n|switch|p1b: Calyrex|Calyrex-Ice, L50|100\/100\n|-ability|p1b: Calyrex|As One\n|-ability|p1b: Calyrex|Unnerve\n|move|p2b: Incineroar|Fake Out|p1b: Calyrex\n|-damage|p1b: Calyrex|93\/100\n|move|p1a: Incineroar|Knock Off|p2a: Calyrex\n|-supereffective|p2a: Calyrex\n|-damage|p2a: Calyrex|0 fnt\n|-enditem|p2a: Calyrex|Clear Amulet|[from] move: Knock Off|[of] p1a: Incineroar\n|faint|p2a: Calyrex\n|\n|upkeep\n|\n|t:|1740042171\n|switch|p2a: Urshifu|Urshifu-Rapid-Strike, L50, M|100\/100\n|turn|7\n|inactive|Harry 555 has 30 seconds left.\n|\n|t:|1740042196\n|move|p2a: Urshifu|Surging Strikes|p1a: Incineroar\n|-supereffective|p1a: Incineroar\n|-crit|p1a: Incineroar\n|-damage|p1a: Incineroar|0 fnt\n|faint|p1a: Incineroar\n|-hitcount|p1: Incineroar|1\n|move|p1b: Calyrex|Glacial Lance|p2a: Urshifu|[spread] p2a,p2b\n|-resisted|p2a: Urshifu\n|-resisted|p2b: Incineroar\n|-damage|p2a: Urshifu|70\/100\n|-damage|p2b: Incineroar|75\/100\n|move|p2b: Incineroar|Knock Off|p1b: Calyrex\n|-supereffective|p1b: Calyrex\n|-damage|p1b: Calyrex|43\/100\n|-enditem|p1b: Calyrex|Clear Amulet|[from] move: Knock Off|[of] p2b: Incineroar\n|\n|upkeep\n|\n|t:|1740042209\n|switch|p1a: Landorus|Landorus, L50, M, tera:Water|100\/100\n|turn|8\n|\n|t:|1740042233\n|-terastallize|p2a: Urshifu|Water\n|move|p2a: Urshifu|Surging Strikes|p1a: Landorus\n|-resisted|p1a: Landorus\n|-crit|p1a: Landorus\n|-damage|p1a: Landorus|85\/100\n|-resisted|p1a: Landorus\n|-crit|p1a: Landorus\n|-damage|p1a: Landorus|67\/100\n|-resisted|p1a: Landorus\n|-crit|p1a: Landorus\n|-damage|p1a: Landorus|50\/100\n|-hitcount|p1a: Landorus|3\n|move|p1a: Landorus|Earth Power|p2a: Urshifu\n|-damage|p2a: Urshifu|0 fnt\n|faint|p2a: Urshifu\n|move|p1b: Calyrex|High Horsepower|p2b: Incineroar\n|-supereffective|p2b: Incineroar\n|-damage|p2b: Incineroar|10\/100\n|move|p2b: Incineroar|Knock Off|p1b: Calyrex\n|-supereffective|p1b: Calyrex\n|-damage|p1b: Calyrex|6\/100\n|\n|upkeep\n|turn|9\n|-message|MTH0612 forfeited.\n|\n|win|Harry 555\n|raw|Harry 555's rating: 1537 &rarr; <strong>1563<\/strong><br \/>(+26 for winning)\n|raw|MTH0612's rating: 1650 &rarr; <strong>1624<\/strong><br \/>(-26 for losing)\n|l|\u2606MTH0612\n|player|p2|\n|l| pmg9\n|l|\u2606Harry 555\n|player|p1|\n|l| mr pogostick\n|l| NanshanVGC\n|j| NanshanVGC\n|l| NanshanVGC\n","uploadtime":1740042544,"views":5,"formatid":"gen9vgc2025regg","rating":1563,"private":0,"password":null}