{"id":"gen9vgc2025regg-2304195710","format":"[Gen 9] VGC 2025 Reg G","players":["Ggttmmhh","jasonrfry3"],"log":"|j|\u2606Ggttmmhh\n|j|\u2606jasonrfry3\n|t:|1740020652\n|gametype|doubles\n|player|p1|Ggttmmhh|265|1672\n|player|p2|jasonrfry3|266|1569\n|teamsize|p1|6\n|teamsize|p2|6\n|gen|9\n|tier|[Gen 9] VGC 2025 Reg G\n|rated|\n|rule|Species Clause: Limit one of each Pok\u00e9mon\n|rule|Item Clause: Limit 1 of each item\n|clearpoke\n|poke|p1|Groudon, L50|\n|poke|p1|Ogerpon-Hearthflame, L50, F|\n|poke|p1|Raging Bolt, L50|\n|poke|p1|Jumpluff, L50, F|\n|poke|p1|Urshifu-*, L50, F|\n|poke|p1|Chien-Pao, L50|\n|poke|p2|Mimikyu, L50, M|\n|poke|p2|Enamorus-Therian, L50, F|\n|poke|p2|Okidogi, L50, M|\n|poke|p2|Calyrex-Ice, L50|\n|poke|p2|Ogerpon-Cornerstone, L50, F|\n|poke|p2|Whimsicott, L50, M|\n|teampreview|4\n|j| ChilledLotusA\n|inactive|Battle timer is ON: inactive players will automatically lose when time's up. (requested by jasonrfry3)\n|\n|t:|1740020719\n|start\n|switch|p1a: Ogerpon|Ogerpon-Hearthflame, L50, F|100\/100\n|switch|p1b: Groudon|Groudon, L50|100\/100\n|switch|p2a: Mimikyu|Mimikyu, L50, M, shiny|100\/100\n|switch|p2b: Ogerpon|Ogerpon-Cornerstone, L50, F|100\/100\n|-ability|p1a: Ogerpon|Mold Breaker\n|-weather|SunnyDay|[from] ability: Drought|[of] p1b: Groudon\n|turn|1\n|j| Tormentador\n|inactive|Ggttmmhh has 30 seconds left.\n|inactive|jasonrfry3 has 30 seconds left.\n|\n|t:|1740020750\n|move|p2b: Ogerpon|Ivy Cudgel|p1a: Ogerpon|[anim] Ivy Cudgel Rock\n|-supereffective|p1a: Ogerpon\n|-damage|p1a: Ogerpon|0 fnt\n|faint|p1a: Ogerpon\n|move|p1b: Groudon|Swords Dance|p1b: Groudon\n|-boost|p1b: Groudon|atk|2\n|move|p2a: Mimikyu|Trick Room|p2a: Mimikyu\n|-fieldstart|move: Trick Room|[of] p2a: Mimikyu\n|\n|-weather|SunnyDay|[upkeep]\n|upkeep\n|j| KooksVGC\n|inactive|Ggttmmhh has 30 seconds left.\n|inactive|Ggttmmhh has 20 seconds left.\n|inactive|Ggttmmhh has 15 seconds left.\n|inactive|Ggttmmhh has 10 seconds left.\n|\n|t:|1740020797\n|switch|p1a: Chien-Pao|Chien-Pao, L50|100\/100\n|-ability|p1a: Chien-Pao|Sword of Ruin\n|turn|2\n|inactive|Ggttmmhh has 30 seconds left.\n|\n|t:|1740020831\n|move|p1b: Groudon|Protect|p1b: Groudon\n|-singleturn|p1b: Groudon|Protect\n|move|p1a: Chien-Pao|Protect|p1a: Chien-Pao\n|-singleturn|p1a: Chien-Pao|Protect\n|move|p2a: Mimikyu|Curse|p1b: Groudon\n|-start|p1b: Groudon|Curse|[of] p2a: Mimikyu\n|-damage|p2a: Mimikyu|50\/100\n|move|p2b: Ogerpon|Ivy Cudgel|p1a: Chien-Pao|[anim] Ivy Cudgel Rock\n|-activate|p1a: Chien-Pao|move: Protect\n|\n|-weather|SunnyDay|[upkeep]\n|-damage|p1b: Groudon|75\/100|[from] Curse\n|upkeep\n|turn|3\n|\n|t:|1740020845\n|move|p1a: Chien-Pao|Sucker Punch|p2b: Ogerpon\n|-damage|p2b: Ogerpon|31\/100\n|move|p2a: Mimikyu|Curse|p1a: Chien-Pao\n|-start|p1a: Chien-Pao|Curse|[of] p2a: Mimikyu\n|-damage|p2a: Mimikyu|0 fnt\n|faint|p2a: Mimikyu\n|move|p1b: Groudon|Precipice Blades|p2b: Ogerpon|[miss]\n|-miss|p1b: Groudon|p2b: Ogerpon\n|move|p2b: Ogerpon|Wood Hammer|p1b: Groudon\n|-supereffective|p1b: Groudon\n|-damage|p1b: Groudon|0 fnt\n|faint|p1b: Groudon\n|-damage|p2b: Ogerpon|0 fnt|[from] Recoil\n|faint|p2b: Ogerpon\n|\n|-weather|SunnyDay|[upkeep]\n|-damage|p1a: Chien-Pao|76\/100|[from] Curse\n|upkeep\n|\n|t:|1740020854\n|switch|p2a: Calyrex|Calyrex-Ice, L50|100\/100\n|switch|p1b: Raging Bolt|Raging Bolt, L50|100\/100\n|switch|p2b: Enamorus|Enamorus-Therian, L50, F|100\/100\n|-ability|p2a: Calyrex|As One\n|-ability|p2a: Calyrex|Unnerve\n|-activate|p1b: Raging Bolt|ability: Protosynthesis\n|-start|p1b: Raging Bolt|protosynthesisspa\n|turn|4\n|inactive|Ggttmmhh has 30 seconds left.\n|inactive|Ggttmmhh has 20 seconds left.\n|inactive|Ggttmmhh has 15 seconds left.\n|inactive|Ggttmmhh has 10 seconds left.\n|\n|t:|1740020902\n|-terastallize|p2b: Enamorus|Fairy\n|-terastallize|p1b: Raging Bolt|Water\n|move|p2a: Calyrex|Protect|p2a: Calyrex\n|-singleturn|p2a: Calyrex|Protect\n|move|p1a: Chien-Pao|Protect|p1a: Chien-Pao\n|-singleturn|p1a: Chien-Pao|Protect\n|move|p2b: Enamorus|Dazzling Gleam|p1a: Chien-Pao|[spread] p1b\n|-activate|p1a: Chien-Pao|move: Protect\n|-crit|p1b: Raging Bolt\n|-damage|p1b: Raging Bolt|41\/100\n|-damage|p2b: Enamorus|91\/100|[from] item: Life Orb\n|move|p1b: Raging Bolt|Thunderbolt|p2b: Enamorus\n|-damage|p2b: Enamorus|25\/100\n|\n|-weather|SunnyDay|[upkeep]\n|-damage|p1a: Chien-Pao|51\/100|[from] Curse\n|upkeep\n|turn|5\n|inactive|Ggttmmhh has 30 seconds left.\n|inactive|Ggttmmhh has 20 seconds left.\n|\n|t:|1740020937\n|move|p1b: Raging Bolt|Thunderclap|p2b: Enamorus\n|-damage|p2b: Enamorus|0 fnt\n|faint|p2b: Enamorus\n|move|p1a: Chien-Pao|Sucker Punch|p2a: Calyrex\n|-supereffective|p2a: Calyrex\n|-damage|p2a: Calyrex|43\/100\n|move|p2a: Calyrex|Glacial Lance|p1b: Raging Bolt|[spread] p1a,p1b\n|-resisted|p1a: Chien-Pao\n|-resisted|p1b: Raging Bolt\n|-damage|p1a: Chien-Pao|8\/100\n|-damage|p1b: Raging Bolt|12\/100\n|\n|-weather|none\n|-end|p1b: Raging Bolt|Protosynthesis\n|-damage|p1a: Chien-Pao|0 fnt|[from] Curse\n|faint|p1a: Chien-Pao\n|-fieldend|move: Trick Room\n|upkeep\n|turn|6\n|\n|t:|1740020951\n|move|p1b: Raging Bolt|Draco Meteor|p2a: Calyrex\n|-damage|p2a: Calyrex|0 fnt\n|-unboost|p1b: Raging Bolt|spa|2\n|faint|p2a: Calyrex\n|\n|win|Ggttmmhh\n|raw|Ggttmmhh's rating: 1672 &rarr; <strong>1686<\/strong><br \/>(+14 for winning)\n|raw|jasonrfry3's rating: 1569 &rarr; <strong>1555<\/strong><br \/>(-14 for losing)\n|l| KooksVGC\n|l|\u2606jasonrfry3\n|player|p2|\n|l|\u2606Ggttmmhh\n|player|p1|\n|l| ChilledLotusA\n","uploadtime":1740021151,"views":7,"formatid":"gen9vgc2025regg","rating":1555,"private":0,"password":null}