{"id":"gen9vgc2025regg-2304906841","format":"[Gen 9] VGC 2025 Reg G","players":["navinsachump","ComputerYui"],"log":"|j|\u2606navinsachump\n|j|\u2606ComputerYui\n|t:|1740116063\n|gametype|doubles\n|player|p1|navinsachump|102|1703\n|player|p2|ComputerYui|170|1740\n|teamsize|p1|6\n|teamsize|p2|6\n|gen|9\n|tier|[Gen 9] VGC 2025 Reg G\n|rated|\n|rule|Species Clause: Limit one of each Pok\u00e9mon\n|rule|Item Clause: Limit 1 of each item\n|clearpoke\n|poke|p1|Whimsicott, L50, F|\n|poke|p1|Ogerpon-Cornerstone, L50, F|\n|poke|p1|Incineroar, L50, F|\n|poke|p1|Miraidon, L50|\n|poke|p1|Ursaluna-Bloodmoon, L50, M|\n|poke|p1|Farigiraf, L50, M|\n|poke|p2|Armarouge, L50, M|\n|poke|p2|Indeedee-F, L50, F|\n|poke|p2|Koraidon, L50|\n|poke|p2|Whimsicott, L50, F|\n|poke|p2|Walking Wake, L50|\n|poke|p2|Iron Valiant, L50|\n|teampreview|4\n|j| waert8\n|\n|t:|1740116087\n|start\n|switch|p1a: Miraidon|Miraidon, L50|100\/100\n|switch|p1b: Ogerpon|Ogerpon-Cornerstone, L50, F|100\/100\n|switch|p2a: Whimsicott|Whimsicott, L50, F, shiny|100\/100\n|switch|p2b: Koraidon|Koraidon, L50|100\/100\n|-weather|SunnyDay|[from] ability: Orichalcum Pulse|[of] p2b: Koraidon\n|-activate|p2b: Koraidon|Orichalcum Pulse|[source]\n|-fieldstart|move: Electric Terrain|[from] ability: Hadron Engine|[of] p1a: Miraidon\n|turn|1\n|l| waert8\n|inactive|Battle timer is ON: inactive players will automatically lose when time's up. (requested by navinsachump)\n|\n|t:|1740116115\n|-terastallize|p1a: Miraidon|Electric\n|move|p1b: Ogerpon|Follow Me|p1b: Ogerpon\n|-singleturn|p1b: Ogerpon|move: Follow Me\n|move|p2a: Whimsicott|Taunt|p1b: Ogerpon\n|-start|p1b: Ogerpon|move: Taunt\n|move|p2b: Koraidon|U-turn|p1b: Ogerpon\n|-supereffective|p1b: Ogerpon\n|-damage|p1b: Ogerpon|12\/100\n|\n|t:|1740116125\n|switch|p2b: Indeedee|Indeedee-F, L50, F, shiny|100\/100|[from] U-turn\n|-fieldstart|move: Psychic Terrain|[from] ability: Psychic Surge|[of] p2b: Indeedee\n|move|p1a: Miraidon|Volt Switch|p2b: Indeedee\n|-damage|p2b: Indeedee|26\/100\n|-enditem|p2b: Indeedee|Eject Button\n|\n|t:|1740116133\n|switch|p2b: Armarouge|Armarouge, L50, M, shiny|100\/100\n|\n|-weather|SunnyDay|[upkeep]\n|upkeep\n|turn|2\n|\n|t:|1740116156\n|switch|p1a: Incineroar|Incineroar, L50, F|100\/100\n|-ability|p1a: Incineroar|Intimidate|boost\n|-unboost|p2a: Whimsicott|atk|1\n|-unboost|p2b: Armarouge|atk|1\n|move|p2a: Whimsicott|Beat Up|p2b: Armarouge\n|-supereffective|p2b: Armarouge\n|-damage|p2b: Armarouge|97\/100\n|-ability|p2b: Armarouge|Weak Armor|boost\n|-unboost|p2b: Armarouge|def|1\n|-boost|p2b: Armarouge|spe|2\n|-enditem|p2b: Armarouge|Weakness Policy\n|-boost|p2b: Armarouge|atk|2|[from] item: Weakness Policy\n|-boost|p2b: Armarouge|spa|2|[from] item: Weakness Policy\n|-supereffective|p2b: Armarouge\n|-damage|p2b: Armarouge|92\/100\n|-ability|p2b: Armarouge|Weak Armor|boost\n|-unboost|p2b: Armarouge|def|1\n|-boost|p2b: Armarouge|spe|2\n|-supereffective|p2b: Armarouge\n|-damage|p2b: Armarouge|83\/100\n|-ability|p2b: Armarouge|Weak Armor|boost\n|-unboost|p2b: Armarouge|def|1\n|-boost|p2b: Armarouge|spe|2\n|-supereffective|p2b: Armarouge\n|-damage|p2b: Armarouge|77\/100\n|-ability|p2b: Armarouge|Weak Armor|boost\n|-unboost|p2b: Armarouge|def|1\n|-hitcount|p2b: Armarouge|4\n|move|p2b: Armarouge|Expanding Force|p1b: Ogerpon|[spread] p1b\n|-immune|p1a: Incineroar\n|-damage|p1b: Ogerpon|0 fnt\n|faint|p1b: Ogerpon\n|\n|-weather|SunnyDay|[upkeep]\n|upkeep\n|\n|t:|1740116178\n|switch|p1b: Whimsicott|Whimsicott, L50, F|100\/100\n|turn|3\n|\n|t:|1740116196\n|switch|p2a: Koraidon|Koraidon, L50|100\/100\n|-activate|p2a: Koraidon|ability: Orichalcum Pulse\n|move|p1b: Whimsicott|Protect|p1b: Whimsicott\n|-singleturn|p1b: Whimsicott|Protect\n|move|p2b: Armarouge|Endure|p2b: Armarouge\n|-singleturn|p2b: Armarouge|move: Endure\n|move|p1a: Incineroar|Knock Off|p2b: Armarouge\n|-supereffective|p2b: Armarouge\n|-crit|p2b: Armarouge\n|-activate|p2b: Armarouge|move: Endure\n|-damage|p2b: Armarouge|1\/100\n|-ability|p2b: Armarouge|Weak Armor|boost\n|-unboost|p2b: Armarouge|def|1\n|\n|-weather|SunnyDay|[upkeep]\n|upkeep\n|turn|4\n|inactive|navinsachump has 30 seconds left.\n|inactive|ComputerYui has 30 seconds left.\n|inactive|ComputerYui has 20 seconds left.\n|\n|t:|1740116236\n|move|p1b: Whimsicott|Protect|p1b: Whimsicott\n|-singleturn|p1b: Whimsicott|Protect\n|move|p2b: Armarouge|Heat Wave|p1a: Incineroar|[spread] p1a\n|-activate|p1b: Whimsicott|move: Protect\n|-resisted|p1a: Incineroar\n|-damage|p1a: Incineroar|64\/100\n|move|p2a: Koraidon|Collision Course|p1a: Incineroar\n|-supereffective|p1a: Incineroar\n|-damage|p1a: Incineroar|0 fnt\n|faint|p1a: Incineroar\n|\n|-weather|SunnyDay|[upkeep]\n|upkeep\n|\n|t:|1740116241\n|switch|p1a: Miraidon|Miraidon, L50, tera:Electric|100\/100\n|-fieldstart|move: Electric Terrain|[from] ability: Hadron Engine|[of] p1a: Miraidon\n|turn|5\n|inactive|navinsachump has 30 seconds left.\n|\n|t:|1740116271\n|switch|p2a: Indeedee|Indeedee-F, L50, F, shiny|26\/100\n|-fieldstart|move: Psychic Terrain|[from] ability: Psychic Surge|[of] p2a: Indeedee\n|-terastallize|p2b: Armarouge|Stellar\n|move|p1b: Whimsicott|Tailwind|p1b: Whimsicott\n|-sidestart|p1: navinsachump|move: Tailwind\n|move|p2b: Armarouge|Expanding Force|p1b: Whimsicott|[spread] p1a,p1b\n|-damage|p1a: Miraidon|0 fnt\n|-enditem|p1b: Whimsicott|Focus Sash\n|-damage|p1b: Whimsicott|1\/100\n|faint|p1a: Miraidon\n|\n|-weather|none\n|upkeep\n|turn|6\n|-message|navinsachump forfeited.\n|\n|win|ComputerYui\n|raw|navinsachump's rating: 1703 &rarr; <strong>1685<\/strong><br \/>(-18 for losing)\n|raw|ComputerYui's rating: 1740 &rarr; <strong>1758<\/strong><br \/>(+18 for winning)\n|l|\u2606navinsachump\n|player|p1|\n|l|\u2606ComputerYui\n|player|p2|\n","uploadtime":1740116502,"views":8,"formatid":"gen9vgc2025regg","rating":1685,"private":0,"password":null}