{"id":"gen9vgc2025regg-2304957440","format":"[Gen 9] VGC 2025 Reg G","players":["meiose","yuanyangjun1024"],"log":"|j|\u2606meiose\n|j|\u2606yuanyangjun1024\n|t:|1740126210\n|gametype|doubles\n|player|p1|meiose|morty|1637\n|player|p2|yuanyangjun1024|dawn|1523\n|teamsize|p1|6\n|teamsize|p2|6\n|gen|9\n|tier|[Gen 9] VGC 2025 Reg G\n|rated|\n|rule|Species Clause: Limit one of each Pok\u00e9mon\n|rule|Item Clause: Limit 1 of each item\n|clearpoke\n|poke|p1|Zamazenta-*, L50|\n|poke|p1|Chien-Pao, L50|\n|poke|p1|Ting-Lu, L50|\n|poke|p1|Dondozo, L50, F|\n|poke|p1|Ogerpon-Hearthflame, L50, F|\n|poke|p1|Whimsicott, L50, F|\n|poke|p2|Grimmsnarl, L50, M|\n|poke|p2|Calyrex-Ice, L50|\n|poke|p2|Landorus, L50, M|\n|poke|p2|Ditto, L50|\n|poke|p2|Amoonguss, L50, M|\n|poke|p2|Ogerpon-Wellspring, L50, F|\n|teampreview|4\n|inactive|Battle timer is ON: inactive players will automatically lose when time's up. (requested by meiose)\nmeiose has agreed to open team sheets.\n|\n|t:|1740126233\n|start\n|switch|p1a: Dondozo|Dondozo, L50, F|100\/100\n|switch|p1b: Ting-Lu|Ting-Lu, L50|100\/100\n|switch|p2a: Grimmsnarl|Grimmsnarl, L50, M, shiny|100\/100\n|switch|p2b: Calyrex|Calyrex-Ice, L50|100\/100\n|-ability|p2b: Calyrex|As One\n|-ability|p2b: Calyrex|Unnerve\n|-ability|p1b: Ting-Lu|Vessel of Ruin\n|turn|1\n|\n|t:|1740126252\n|-terastallize|p1b: Ting-Lu|Fairy\n|move|p2a: Grimmsnarl|Fake Out|p1a: Dondozo\n|-damage|p1a: Dondozo|92\/100\n|move|p2b: Calyrex|Glacial Lance|p1b: Ting-Lu|[spread] p1a,p1b\n|-resisted|p1a: Dondozo\n|-crit|p1b: Ting-Lu\n|-damage|p1a: Dondozo|76\/100\n|-damage|p1b: Ting-Lu|60\/100\n|move|p1b: Ting-Lu|Ruination|p2b: Calyrex\n|-damage|p2b: Calyrex|51\/100\n|cant|p1a: Dondozo|flinch\n|\n|-heal|p1a: Dondozo|82\/100|[from] item: Leftovers\n|upkeep\n|turn|2\n|inactive|meiose has 30 seconds left.\n|inactive|meiose has 20 seconds left.\n|inactive|meiose has 15 seconds left.\n|inactive|meiose has 10 seconds left.\n|inactive|meiose has 5 seconds left.\n|\n|t:|1740126307\n|move|p2a: Grimmsnarl|Foul Play|p1a: Dondozo\n|-damage|p1a: Dondozo|62\/100\n|move|p2b: Calyrex|Glacial Lance|p1b: Ting-Lu|[spread] p1a,p1b\n|-resisted|p1a: Dondozo\n|-damage|p1a: Dondozo|45\/100\n|-damage|p1b: Ting-Lu|31\/100\n|move|p1b: Ting-Lu|Stealth Rock|p2b: Calyrex\n|-sidestart|p2: yuanyangjun1024|move: Stealth Rock\n|move|p1a: Dondozo|Yawn|p2b: Calyrex\n|-start|p2b: Calyrex|move: Yawn|[of] p1a: Dondozo\n|\n|-heal|p1a: Dondozo|52\/100|[from] item: Leftovers\n|upkeep\n|turn|3\n|inactive|meiose has 30 seconds left.\n|inactive|meiose has 20 seconds left.\n|inactive|meiose has 15 seconds left.\n|inactive|meiose has 10 seconds left.\n|inactive|meiose has 5 seconds left.\n|\n|t:|1740126362\n|switch|p2b: Ditto|Ditto, L50, shiny|100\/100\n|-damage|p2b: Ditto|88\/100|[from] Stealth Rock\n|-transform|p2b: Ditto|p1a: Dondozo|[from] ability: Imposter\n|move|p2a: Grimmsnarl|Thunder Wave|p1b: Ting-Lu|[miss]\n|-miss|p2a: Grimmsnarl|p1b: Ting-Lu\n|move|p1b: Ting-Lu|Stealth Rock||[still]\n|-fail|p1b: Ting-Lu\n|move|p1a: Dondozo|Yawn|p2b: Ditto\n|-start|p2b: Ditto|move: Yawn|[of] p1a: Dondozo\n|\n|-heal|p1a: Dondozo|58\/100|[from] item: Leftovers\n|upkeep\n|turn|4\n|inactive|meiose has 30 seconds left.\n|inactive|meiose has 20 seconds left.\n|inactive|meiose has 15 seconds left.\n|inactive|meiose has 10 seconds left.\n|inactive|meiose has 5 seconds left.\n|\n|t:|1740126417\n|move|p2a: Grimmsnarl|Thunder Wave|p1b: Ting-Lu\n|-status|p1b: Ting-Lu|par\n|move|p2b: Ditto|Yawn|p1a: Dondozo\n|-start|p1a: Dondozo|move: Yawn|[of] p2b: Ditto\n|move|p1a: Dondozo|Yawn|p2a: Grimmsnarl\n|-start|p2a: Grimmsnarl|move: Yawn|[of] p1a: Dondozo\n|move|p1b: Ting-Lu|Stealth Rock||[still]\n|-fail|p1b: Ting-Lu\n|\n|-heal|p1a: Dondozo|64\/100|[from] item: Leftovers\n|-end|p2b: Ditto|move: Yawn|[silent]\n|-status|p2b: Ditto|slp\n|upkeep\n|turn|5\n|\n|t:|1740126439\n|switch|p2a: Calyrex|Calyrex-Ice, L50|51\/100\n|-ability|p2a: Calyrex|As One\n|-ability|p2a: Calyrex|Unnerve\n|-damage|p2a: Calyrex|26\/100|[from] Stealth Rock\n|move|p1a: Dondozo|Wave Crash|p2a: Calyrex\n|-damage|p2a: Calyrex|0 fnt\n|faint|p2a: Calyrex\n|-damage|p1a: Dondozo|58\/100|[from] Recoil\n|cant|p2b: Ditto|slp\n|move|p1b: Ting-Lu|Stealth Rock||[still]\n|-fail|p1b: Ting-Lu\n|\n|-heal|p1a: Dondozo|64\/100|[from] item: Leftovers\n|-end|p1a: Dondozo|move: Yawn|[silent]\n|-status|p1a: Dondozo|slp\n|upkeep\n|\n|t:|1740126458\n|switch|p2a: Landorus|Landorus, L50, M|100\/100\n|-damage|p2a: Landorus|88\/100|[from] Stealth Rock\n|turn|6\n|\n|t:|1740126478\n|move|p2a: Landorus|Sludge Bomb|p1b: Ting-Lu\n|-supereffective|p1b: Ting-Lu\n|-damage|p1b: Ting-Lu|0 fnt\n|faint|p1b: Ting-Lu\n|cant|p1a: Dondozo|slp\n|cant|p2b: Ditto|slp\n|\n|-heal|p1a: Dondozo|70\/100 slp|[from] item: Leftovers\n|upkeep\n|\n|t:|1740126481\n|switch|p1b: Chien-Pao|Chien-Pao, L50|100\/100\n|-ability|p1b: Chien-Pao|Sword of Ruin\n|turn|7\n|\n|t:|1740126489\n|move|p2a: Landorus|Protect|p2a: Landorus\n|-singleturn|p2a: Landorus|Protect\n|move|p1b: Chien-Pao|Ice Spinner|p2a: Landorus\n|-activate|p2a: Landorus|move: Protect\n|cant|p1a: Dondozo|slp\n|cant|p2b: Ditto|slp\n|\n|-heal|p1a: Dondozo|76\/100 slp|[from] item: Leftovers\n|upkeep\n|turn|8\n|\n|t:|1740126505\n|-terastallize|p2a: Landorus|Water\n|move|p1b: Chien-Pao|Ice Spinner|p2a: Landorus\n|-resisted|p2a: Landorus\n|-damage|p2a: Landorus|63\/100\n|move|p2a: Landorus|Earth Power|p1a: Dondozo\n|-damage|p1a: Dondozo|26\/100 slp\n|-curestatus|p2b: Ditto|slp|[msg]\n|move|p2b: Ditto|Yawn|p1b: Chien-Pao\n|-start|p1b: Chien-Pao|move: Yawn|[of] p2b: Ditto\n|cant|p1a: Dondozo|slp\n|\n|-heal|p1a: Dondozo|32\/100 slp|[from] item: Leftovers\n|upkeep\n|turn|9\n|\n|t:|1740126527\n|move|p2a: Landorus|Protect|p2a: Landorus\n|-singleturn|p2a: Landorus|Protect\n|move|p1b: Chien-Pao|Sucker Punch||[still]\n|-fail|p1b: Chien-Pao\n|move|p2b: Ditto|Wave Crash|p1b: Chien-Pao\n|-crit|p1b: Chien-Pao\n|-damage|p1b: Chien-Pao|13\/100\n|-damage|p2b: Ditto|59\/100|[from] Recoil\n|-curestatus|p1a: Dondozo|slp|[msg]\n|move|p1a: Dondozo|Yawn|p2b: Ditto\n|-start|p2b: Ditto|move: Yawn|[of] p1a: Dondozo\n|\n|-heal|p1a: Dondozo|38\/100|[from] item: Leftovers\n|-end|p1b: Chien-Pao|move: Yawn|[silent]\n|-status|p1b: Chien-Pao|slp\n|upkeep\n|turn|10\n|\n|t:|1740126550\n|switch|p2b: Grimmsnarl|Grimmsnarl, L50, M, shiny|100\/100\n|-damage|p2b: Grimmsnarl|88\/100|[from] Stealth Rock\n|move|p1a: Dondozo|Protect|p1a: Dondozo\n|-singleturn|p1a: Dondozo|Protect\n|cant|p1b: Chien-Pao|slp\n|move|p2a: Landorus|Earth Power|p1a: Dondozo\n|-activate|p1a: Dondozo|move: Protect\n|\n|-heal|p1a: Dondozo|45\/100|[from] item: Leftovers\n|upkeep\n|turn|11\n|\n|t:|1740126571\n|switch|p2b: Ditto|Ditto, L50, shiny|59\/100\n|-damage|p2b: Ditto|47\/100|[from] Stealth Rock\n|-transform|p2b: Ditto|p1a: Dondozo|[from] ability: Imposter\n|cant|p1b: Chien-Pao|slp\n|move|p2a: Landorus|Earth Power|p1a: Dondozo\n|-damage|p1a: Dondozo|0 fnt\n|faint|p1a: Dondozo\n|\n|upkeep\n|\n|t:|1740126573\n|switch|p1a: Zamazenta|Zamazenta-Crowned, L50|100\/100\n|-ability|p1a: Zamazenta|Dauntless Shield|boost\n|-boost|p1a: Zamazenta|def|1\n|turn|12\n|\n|t:|1740126588\n|cant|p1b: Chien-Pao|slp\n|move|p1a: Zamazenta|Body Press|p2b: Ditto\n|-damage|p2b: Ditto|0 fnt\n|faint|p2b: Ditto\n|move|p2a: Landorus|Sandsear Storm|p1a: Zamazenta|[spread] p1b\n|-miss|p2a: Landorus|p1a: Zamazenta\n|-damage|p1b: Chien-Pao|0 fnt\n|faint|p1b: Chien-Pao\n|\n|upkeep\n|\n|t:|1740126597\n|switch|p2b: Grimmsnarl|Grimmsnarl, L50, M, shiny|88\/100\n|-damage|p2b: Grimmsnarl|76\/100|[from] Stealth Rock\n|turn|13\n|\n|t:|1740126603\n|move|p2b: Grimmsnarl|Fake Out|p1a: Zamazenta\n|-resisted|p1a: Zamazenta\n|-damage|p1a: Zamazenta|98\/100\n|cant|p1a: Zamazenta|flinch\n|move|p2a: Landorus|Earth Power|p1a: Zamazenta\n|-supereffective|p1a: Zamazenta\n|-damage|p1a: Zamazenta|0 fnt\n|faint|p1a: Zamazenta\n|\n|win|yuanyangjun1024\n|raw|meiose's rating: 1637 &rarr; <strong>1611<\/strong><br \/>(-26 for losing)\n|raw|yuanyangjun1024's rating: 1523 &rarr; <strong>1549<\/strong><br \/>(+26 for winning)\n|l|\u2606yuanyangjun1024\n|player|p2|\n","uploadtime":1740126768,"views":5,"formatid":"gen9vgc2025regg","rating":1549,"private":0,"password":null}