{"id":"gen9vgc2025regg-2304953174","format":"[Gen 9] VGC 2025 Reg G","players":["WHOTFISRYANPOWNEY","The Slimmest Jesus"],"log":"|j|\u2606WHOTFISRYANPOWNEY\n|j|\u2606The Slimmest Jesus\n|t:|1740125378\n|gametype|doubles\n|player|p1|WHOTFISRYANPOWNEY|pokemonranger-gen4|1653\n|player|p2|The Slimmest Jesus|102|1660\n|teamsize|p1|6\n|teamsize|p2|6\n|gen|9\n|tier|[Gen 9] VGC 2025 Reg G\n|rated|\n|rule|Species Clause: Limit one of each Pok\u00e9mon\n|rule|Item Clause: Limit 1 of each item\n|clearpoke\n|poke|p1|Urshifu-*, L50, M|\n|poke|p1|Calyrex-Ice, L50|\n|poke|p1|Smeargle, L50, F|\n|poke|p1|Ogerpon-Hearthflame, L50, F|\n|poke|p1|Indeedee-F, L50, F|\n|poke|p1|Ursaluna-Bloodmoon, L50, M|\n|poke|p2|Indeedee-F, L50, F|\n|poke|p2|Ursaluna-Bloodmoon, L50, M|\n|poke|p2|Torkoal, L50, M|\n|poke|p2|Gallade, L50, M|\n|poke|p2|Calyrex-Ice, L50|\n|poke|p2|Lilligant-Hisui, L50, F|\n|teampreview|4\n|inactive|Battle timer is ON: inactive players will automatically lose when time's up. (requested by The Slimmest Jesus)\n|j| tetsuokaga\n|inactive|The Slimmest Jesus has 60 seconds left.\n|inactive|The Slimmest Jesus has 30 seconds left.\n|inactive|The Slimmest Jesus has 20 seconds left.\n|inactive|The Slimmest Jesus has 15 seconds left.\n|inactive|The Slimmest Jesus has 10 seconds left.\n|inactive|The Slimmest Jesus has 5 seconds left.\n|\n|t:|1740125474\n|start\n|switch|p1a: Ogerpon|Ogerpon-Hearthflame, L50, F|100\/100\n|switch|p1b: Calyrex|Calyrex-Ice, L50|100\/100\n|switch|p2a: Calyrex|Calyrex-Ice, L50|100\/100\n|switch|p2b: Indeedee|Indeedee-F, L50, F|100\/100\n|-ability|p1b: Calyrex|As One\n|-ability|p1b: Calyrex|Unnerve\n|-ability|p2a: Calyrex|As One\n|-ability|p2a: Calyrex|Unnerve\n|-ability|p1a: Ogerpon|Mold Breaker\n|-fieldstart|move: Psychic Terrain|[from] ability: Psychic Surge|[of] p2b: Indeedee\n|turn|1\n|\n|t:|1740125494\n|move|p2b: Indeedee|Follow Me|p2b: Indeedee\n|-singleturn|p2b: Indeedee|move: Follow Me\n|move|p1a: Ogerpon|Ivy Cudgel|p2b: Indeedee|[anim] Ivy Cudgel Fire\n|-damage|p2b: Indeedee|50\/100\n|move|p1b: Calyrex|Glacial Lance|p2b: Indeedee|[spread] p2a,p2b\n|-resisted|p2a: Calyrex\n|-damage|p2a: Calyrex|83\/100\n|-damage|p2b: Indeedee|0 fnt\n|faint|p2b: Indeedee\n|-ability|p1b: Calyrex|Chilling Neigh|boost\n|-boost|p1b: Calyrex|atk|1\n|move|p2a: Calyrex|Trick Room|p2a: Calyrex\n|-fieldstart|move: Trick Room|[of] p2a: Calyrex\n|\n|upkeep\n|\n|t:|1740125501\n|switch|p2b: Ursaluna|Ursaluna-Bloodmoon, L50, M|100\/100\n|turn|2\n|\n|t:|1740125517\n|-terastallize|p2b: Ursaluna|Normal\n|move|p1b: Calyrex|Protect|p1b: Calyrex\n|-singleturn|p1b: Calyrex|Protect\n|move|p1a: Ogerpon|Spiky Shield|p1a: Ogerpon\n|-singleturn|p1a: Ogerpon|move: Protect\n|move|p2a: Calyrex|Glacial Lance|p1a: Ogerpon|[spread] \n|-activate|p1a: Ogerpon|move: Protect\n|-activate|p1b: Calyrex|move: Protect\n|move|p2b: Ursaluna|Blood Moon|p1b: Calyrex\n|-activate|p1b: Calyrex|move: Protect\n|\n|upkeep\n|turn|3\n|inactive|WHOTFISRYANPOWNEY has 30 seconds left.\n|\n|t:|1740125542\n|move|p2a: Calyrex|Glacial Lance|p1b: Calyrex|[spread] p1a,p1b\n|-resisted|p1b: Calyrex\n|-damage|p1a: Ogerpon|54\/100\n|-damage|p1b: Calyrex|83\/100\n|move|p2b: Ursaluna|Hyper Voice|p1b: Calyrex|[spread] p1a,p1b\n|-damage|p1a: Ogerpon|0 fnt\n|-damage|p1b: Calyrex|39\/100\n|faint|p1a: Ogerpon\n|move|p1b: Calyrex|Glacial Lance|p2b: Ursaluna|[spread] p2a,p2b\n|-resisted|p2a: Calyrex\n|-crit|p2a: Calyrex\n|-damage|p2a: Calyrex|38\/100\n|-damage|p2b: Ursaluna|32\/100\n|\n|upkeep\n|\n|t:|1740125562\n|switch|p1a: Indeedee|Indeedee-F, L50, F|100\/100\n|-enditem|p1a: Indeedee|Psychic Seed\n|-boost|p1a: Indeedee|spd|1|[from] item: Psychic Seed\n|turn|4\n|\n|t:|1740125581\n|move|p1b: Calyrex|Protect|p1b: Calyrex\n|-singleturn|p1b: Calyrex|Protect\n|move|p2a: Calyrex|Glacial Lance|p1b: Calyrex|[spread] p1a\n|-activate|p1b: Calyrex|move: Protect\n|-damage|p1a: Indeedee|45\/100\n|move|p2b: Ursaluna|Hyper Voice|p1b: Calyrex|[spread] p1a\n|-activate|p1b: Calyrex|move: Protect\n|-damage|p1a: Indeedee|5\/100\n|move|p1a: Indeedee|Trick Room|p1a: Indeedee\n|-fieldend|move: Trick Room\n|\n|upkeep\n|turn|5\n|inactive|WHOTFISRYANPOWNEY has 30 seconds left.\n|inactive|The Slimmest Jesus has 30 seconds left.\n|l| tetsuokaga\n|inactive|WHOTFISRYANPOWNEY has 20 seconds left.\n|inactive|The Slimmest Jesus has 20 seconds left.\n|inactive|WHOTFISRYANPOWNEY has 15 seconds left.\n|\n|t:|1740125626\n|move|p1a: Indeedee|Heal Pulse|p1b: Calyrex\n|-heal|p1b: Calyrex|90\/100\n|move|p1b: Calyrex|High Horsepower|p2a: Calyrex\n|-damage|p2a: Calyrex|0 fnt\n|faint|p2a: Calyrex\n|-ability|p1b: Calyrex|Chilling Neigh|boost\n|-boost|p1b: Calyrex|atk|1\n|move|p2b: Ursaluna|Hyper Voice|p1b: Calyrex|[spread] p1a,p1b\n|-damage|p1a: Indeedee|0 fnt\n|-damage|p1b: Calyrex|48\/100\n|faint|p1a: Indeedee\n|\n|-fieldend|move: Psychic Terrain\n|upkeep\n|\n|t:|1740125637\n|switch|p1a: Smeargle|Smeargle, L50, F|100\/100\n|switch|p2a: Gallade|Gallade, L50, M|100\/100\n|turn|6\n|j| jasonrfry3\n|\n|t:|1740125654\n|move|p1b: Calyrex|Protect|p1b: Calyrex\n|-singleturn|p1b: Calyrex|Protect\n|move|p2a: Gallade|Wide Guard|p2a: Gallade\n|-singleturn|p2a: Gallade|Wide Guard\n|move|p1a: Smeargle|Spore|p2a: Gallade\n|-status|p2a: Gallade|slp|[from] move: Spore\n|move|p2b: Ursaluna|Blood Moon|p1b: Calyrex\n|-activate|p1b: Calyrex|move: Protect\n|\n|upkeep\n|turn|7\n|-message|The Slimmest Jesus forfeited.\n|\n|win|WHOTFISRYANPOWNEY\n|raw|WHOTFISRYANPOWNEY's rating: 1653 &rarr; <strong>1673<\/strong><br \/>(+20 for winning)\n|raw|The Slimmest Jesus's rating: 1660 &rarr; <strong>1640<\/strong><br \/>(-20 for losing)\n|l|\u2606The Slimmest Jesus\n|player|p2|\n|l|\u2606WHOTFISRYANPOWNEY\n|player|p1|\n","uploadtime":1740125668,"views":8,"formatid":"gen9vgc2025regg","rating":1640,"private":0,"password":null}