{"id":"gen9vgc2025regg-2304747953","format":"[Gen 9] VGC 2025 Reg G","players":["Doc_MrMega","N8NoDog"],"log":"|j|\u2606Doc_MrMega\n|j|\u2606N8NoDog\n|t:|1740093622\n|gametype|doubles\n|player|p1|Doc_MrMega|266|1671\n|player|p2|N8NoDog|archer|1591\n|teamsize|p1|6\n|teamsize|p2|6\n|gen|9\n|tier|[Gen 9] VGC 2025 Reg G\n|rated|\n|rule|Species Clause: Limit one of each Pok\u00e9mon\n|rule|Item Clause: Limit 1 of each item\n|clearpoke\n|poke|p1|Calyrex-Ice, L50|\n|poke|p1|Landorus, L50, M|\n|poke|p1|Amoonguss, L50, F|\n|poke|p1|Urshifu-*, L50, F|\n|poke|p1|Roaring Moon, L50|\n|poke|p1|Ogerpon-Hearthflame, L50, F|\n|poke|p2|Chien-Pao, L50|\n|poke|p2|Zamazenta-*, L50|\n|poke|p2|Amoonguss, L50, F|\n|poke|p2|Urshifu-*, L50, F|\n|poke|p2|Pelipper, L50, M|\n|poke|p2|Raging Bolt, L50|\n|teampreview|4\n|inactive|Battle timer is ON: inactive players will automatically lose when time's up. (requested by N8NoDog)\n|inactive|N8NoDog has 60 seconds left.\n|j| kiabu233\n|\n|t:|1740093665\n|start\n|switch|p1a: Calyrex|Calyrex-Ice, L50|100\/100\n|switch|p1b: Ogerpon|Ogerpon-Hearthflame, L50, F|100\/100\n|switch|p2a: Urshifu|Urshifu-Rapid-Strike, L50, F|100\/100\n|switch|p2b: Chien-Pao|Chien-Pao, L50|100\/100\n|-ability|p1a: Calyrex|As One\n|-ability|p1a: Calyrex|Unnerve\n|-ability|p2b: Chien-Pao|Sword of Ruin\n|-ability|p1b: Ogerpon|Mold Breaker\n|turn|1\n|inactive|N8NoDog has 30 seconds left.\n|\n|t:|1740093700\n|-terastallize|p2a: Urshifu|Water\n|move|p2a: Urshifu|Surging Strikes|p1a: Calyrex\n|-crit|p1a: Calyrex\n|-damage|p1a: Calyrex|75\/100\n|-crit|p1a: Calyrex\n|-damage|p1a: Calyrex|53\/100\n|-crit|p1a: Calyrex\n|-damage|p1a: Calyrex|29\/100\n|-hitcount|p1a: Calyrex|3\n|move|p2b: Chien-Pao|Throat Chop|p1a: Calyrex\n|-supereffective|p1a: Calyrex\n|-damage|p1a: Calyrex|0 fnt\n|faint|p1a: Calyrex\n|move|p1b: Ogerpon|Horn Leech|p2a: Urshifu\n|-supereffective|p2a: Urshifu\n|-damage|p2a: Urshifu|14\/100\n|\n|upkeep\n|\n|t:|1740093722\n|switch|p1a: Landorus|Landorus, L50, M|100\/100\n|turn|2\n|\n|t:|1740093734\n|-terastallize|p1a: Landorus|Water\n|move|p2a: Urshifu|Surging Strikes|p1b: Ogerpon\n|-crit|p1b: Ogerpon\n|-damage|p1b: Ogerpon|71\/100\n|-crit|p1b: Ogerpon\n|-damage|p1b: Ogerpon|41\/100\n|-crit|p1b: Ogerpon\n|-damage|p1b: Ogerpon|12\/100\n|-hitcount|p1b: Ogerpon|3\n|move|p2b: Chien-Pao|Ice Spinner|p1a: Landorus\n|-resisted|p1a: Landorus\n|-damage|p1a: Landorus|74\/100\n|move|p1a: Landorus|Sandsear Storm|p2a: Urshifu|[spread] p2a,p2b\n|-damage|p2a: Urshifu|0 fnt\n|-damage|p2b: Chien-Pao|9\/100\n|faint|p2a: Urshifu\n|move|p1b: Ogerpon|Horn Leech|p2b: Chien-Pao\n|-damage|p2b: Chien-Pao|0 fnt\n|-heal|p1b: Ogerpon|16\/100|[from] drain|[of] p2b: Chien-Pao\n|faint|p2b: Chien-Pao\n|\n|upkeep\n|\n|t:|1740093740\n|switch|p2b: Zamazenta|Zamazenta-Crowned, L50|100\/100\n|switch|p2a: Amoonguss|Amoonguss, L50, F|100\/100\n|-ability|p2b: Zamazenta|Dauntless Shield|boost\n|-boost|p2b: Zamazenta|def|1\n|turn|3\n|inactive|Doc_MrMega has 30 seconds left.\n|inactive|Doc_MrMega has 20 seconds left.\n|inactive|Doc_MrMega has 15 seconds left.\n|inactive|Doc_MrMega has 10 seconds left.\n|\n|t:|1740093787\n|move|p2b: Zamazenta|Protect|p2b: Zamazenta\n|-singleturn|p2b: Zamazenta|Protect\n|move|p2a: Amoonguss|Protect|p2a: Amoonguss\n|-singleturn|p2a: Amoonguss|Protect\n|move|p1a: Landorus|Sandsear Storm|p2b: Zamazenta|[spread] \n|-activate|p2a: Amoonguss|move: Protect\n|-activate|p2b: Zamazenta|move: Protect\n|move|p1b: Ogerpon|Ivy Cudgel|p2a: Amoonguss|[anim] Ivy Cudgel Fire\n|-activate|p2a: Amoonguss|move: Protect\n|\n|upkeep\n|turn|4\n|\n|t:|1740093809\n|move|p2b: Zamazenta|Body Press|p1b: Ogerpon\n|-damage|p1b: Ogerpon|0 fnt\n|faint|p1b: Ogerpon\n|move|p1a: Landorus|Sandsear Storm|p2b: Zamazenta|[spread] \n|-miss|p1a: Landorus|p2a: Amoonguss\n|-miss|p1a: Landorus|p2b: Zamazenta\n|move|p2a: Amoonguss|Spore|p1a: Landorus\n|-status|p1a: Landorus|slp|[from] move: Spore\n|\n|upkeep\n|\n|t:|1740093819\n|switch|p1b: Amoonguss|Amoonguss, L50, F|100\/100\n|turn|5\n|inactive|N8NoDog has 30 seconds left.\n|\n|t:|1740093850\n|cant|p1a: Landorus|slp\n|move|p1b: Amoonguss|Rage Powder|p1b: Amoonguss\n|-singleturn|p1b: Amoonguss|move: Rage Powder\n|move|p2b: Zamazenta|Body Press|p1b: Amoonguss\n|-resisted|p1b: Amoonguss\n|-damage|p1b: Amoonguss|72\/100\n|move|p2a: Amoonguss|Sludge Bomb|p1a: Landorus\n|-damage|p1a: Landorus|47\/100 slp\n|\n|upkeep\n|turn|6\n|inactive|N8NoDog has 30 seconds left.\n|\n|t:|1740093876\n|cant|p1a: Landorus|slp\n|move|p2b: Zamazenta|Body Press|p1a: Landorus\n|-damage|p1a: Landorus|0 fnt\n|faint|p1a: Landorus\n|move|p2a: Amoonguss|Sludge Bomb|p1b: Amoonguss\n|-damage|p1b: Amoonguss|50\/100\n|move|p1b: Amoonguss|Spore|p2b: Zamazenta\n|-status|p2b: Zamazenta|slp|[from] move: Spore\n|\n|upkeep\n|turn|7\n|-message|Doc_MrMega forfeited.\n|\n|win|N8NoDog\n|raw|Doc_MrMega's rating: 1671 &rarr; <strong>1646<\/strong><br \/>(-25 for losing)\n|raw|N8NoDog's rating: 1591 &rarr; <strong>1616<\/strong><br \/>(+25 for winning)\n|l|\u2606Doc_MrMega\n|player|p1|\n|l| kiabu233\n","uploadtime":1740094057,"views":6,"formatid":"gen9vgc2025regg","rating":1616,"private":0,"password":null}