{"id":"gen9vgc2025regg-2304787807","format":"[Gen 9] VGC 2025 Reg G","players":["Hikawari","user1208"],"log":"|j|\u2606Hikawari\n|j|\u2606user1208\n|t:|1740098718\n|gametype|doubles\n|player|p1|Hikawari|1|1698\n|player|p2|user1208|169|1600\n|teamsize|p1|6\n|teamsize|p2|6\n|gen|9\n|tier|[Gen 9] VGC 2025 Reg G\n|rated|\n|rule|Species Clause: Limit one of each Pok\u00e9mon\n|rule|Item Clause: Limit 1 of each item\n|clearpoke\n|poke|p1|Zamazenta-*, L50|\n|poke|p1|Chi-Yu, L50|\n|poke|p1|Rillaboom, L50, M|\n|poke|p1|Flutter Mane, L50|\n|poke|p1|Chien-Pao, L50|\n|poke|p1|Amoonguss, L50, M|\n|poke|p2|Calyrex-Ice, L50|\n|poke|p2|Landorus, L50, M|\n|poke|p2|Amoonguss, L50, M|\n|poke|p2|Urshifu-*, L50, F|\n|poke|p2|Roaring Moon, L50|\n|poke|p2|Ogerpon-Hearthflame, L50, F|\n|teampreview|4\n|inactive|Battle timer is ON: inactive players will automatically lose when time's up. (requested by Hikawari)\n|inactive|user1208 has 60 seconds left.\n|\n|t:|1740098772\n|start\n|switch|p1a: Zamazenta|Zamazenta-Crowned, L50|100\/100\n|switch|p1b: Chien-Pao|Chien-Pao, L50|100\/100\n|switch|p2a: Calyrex|Calyrex-Ice, L50|100\/100\n|switch|p2b: Ogerpon|Ogerpon-Hearthflame, L50, F|100\/100\n|-ability|p2a: Calyrex|As One\n|-ability|p2a: Calyrex|Unnerve\n|-ability|p1b: Chien-Pao|Sword of Ruin\n|-ability|p1a: Zamazenta|Dauntless Shield|boost\n|-boost|p1a: Zamazenta|def|1\n|-ability|p2b: Ogerpon|Mold Breaker\n|turn|1\n|inactive|user1208 has 30 seconds left.\n|inactive|Hikawari has 30 seconds left.\n|inactive|user1208 has 20 seconds left.\n|inactive|user1208 has 15 seconds left.\n|inactive|Hikawari has 20 seconds left.\n|\n|t:|1740098818\n|move|p2b: Ogerpon|Spiky Shield|p2b: Ogerpon\n|-singleturn|p2b: Ogerpon|move: Protect\n|move|p1b: Chien-Pao|Throat Chop|p2b: Ogerpon\n|-activate|p2b: Ogerpon|move: Protect\n|-damage|p1b: Chien-Pao|88\/100|[from] Spiky Shield|[of] p2b: Ogerpon\n|move|p1a: Zamazenta|Body Press|p2b: Ogerpon\n|-activate|p2b: Ogerpon|move: Protect\n|-damage|p1a: Zamazenta|88\/100|[from] Spiky Shield|[of] p2b: Ogerpon\n|move|p2a: Calyrex|Trick Room|p2a: Calyrex\n|-fieldstart|move: Trick Room|[of] p2a: Calyrex\n|\n|upkeep\n|turn|2\n|inactive|Hikawari has 30 seconds left.\n|inactive|user1208 has 30 seconds left.\n|inactive|Hikawari has 20 seconds left.\n|inactive|Hikawari has 15 seconds left.\n|\n|t:|1740098860\n|move|p1a: Zamazenta|Protect|p1a: Zamazenta\n|-singleturn|p1a: Zamazenta|Protect\n|move|p1b: Chien-Pao|Sucker Punch|p2b: Ogerpon\n|-damage|p2b: Ogerpon|62\/100\n|move|p2a: Calyrex|High Horsepower|p1a: Zamazenta\n|-activate|p1a: Zamazenta|move: Protect\n|move|p2b: Ogerpon|Ivy Cudgel|p1a: Zamazenta|[anim] Ivy Cudgel Fire\n|-activate|p1a: Zamazenta|move: Protect\n|\n|upkeep\n|turn|3\n|\n|t:|1740098876\n|-terastallize|p1a: Zamazenta|Dragon\n|move|p1a: Zamazenta|Wide Guard|p1a: Zamazenta\n|-singleturn|p1a: Zamazenta|Wide Guard\n|move|p1b: Chien-Pao|Sucker Punch|p2a: Calyrex\n|-supereffective|p2a: Calyrex\n|-damage|p2a: Calyrex|39\/100\n|move|p2a: Calyrex|Glacial Lance|p1b: Chien-Pao|[spread] \n|-activate|p1a: Zamazenta|move: Wide Guard\n|-activate|p1b: Chien-Pao|move: Wide Guard\n|move|p2b: Ogerpon|Ivy Cudgel|p1a: Zamazenta|[anim] Ivy Cudgel Fire\n|-resisted|p1a: Zamazenta\n|-damage|p1a: Zamazenta|76\/100\n|\n|upkeep\n|turn|4\n|\n|t:|1740098895\n|move|p2a: Calyrex|Protect|p2a: Calyrex\n|-singleturn|p2a: Calyrex|Protect\n|move|p1b: Chien-Pao|Protect|p1b: Chien-Pao\n|-singleturn|p1b: Chien-Pao|Protect\n|move|p2b: Ogerpon|Ivy Cudgel|p1b: Chien-Pao|[anim] Ivy Cudgel Fire\n|-activate|p1b: Chien-Pao|move: Protect\n|move|p1a: Zamazenta|Body Press|p2b: Ogerpon\n|-damage|p2b: Ogerpon|0 fnt\n|faint|p2b: Ogerpon\n|\n|upkeep\n|\n|t:|1740098916\n|switch|p2b: Urshifu|Urshifu-Rapid-Strike, L50, F|100\/100\n|turn|5\n|\n|t:|1740098933\n|move|p1b: Chien-Pao|Sucker Punch|p2a: Calyrex\n|-supereffective|p2a: Calyrex\n|-damage|p2a: Calyrex|0 fnt\n|faint|p2a: Calyrex\n|move|p2b: Urshifu|Surging Strikes|p1b: Chien-Pao\n|-crit|p1b: Chien-Pao\n|-damage|p1b: Chien-Pao|57\/100\n|-crit|p1b: Chien-Pao\n|-damage|p1b: Chien-Pao|24\/100\n|-crit|p1b: Chien-Pao\n|-damage|p1b: Chien-Pao|0 fnt\n|faint|p1b: Chien-Pao\n|-hitcount|p1: Chien-Pao|3\n|move|p1a: Zamazenta|Body Press|p2b: Urshifu\n|-damage|p2b: Urshifu|33\/100\n|\n|-fieldend|move: Trick Room\n|upkeep\n|\n|t:|1740098949\n|switch|p1b: Flutter Mane|Flutter Mane, L50|100\/100\n|switch|p2a: Landorus|Landorus, L50, M|100\/100\n|-enditem|p1b: Flutter Mane|Booster Energy\n|-activate|p1b: Flutter Mane|ability: Protosynthesis|[fromitem]\n|-start|p1b: Flutter Mane|protosynthesisspe\n|turn|6\n|inactive|user1208 has 30 seconds left.\n|\n|t:|1740098976\n|move|p2b: Urshifu|Detect|p2b: Urshifu\n|-singleturn|p2b: Urshifu|Protect\n|move|p1b: Flutter Mane|Icy Wind|p2a: Landorus|[spread] p2a\n|-activate|p2b: Urshifu|move: Protect\n|-supereffective|p2a: Landorus\n|-damage|p2a: Landorus|49\/100\n|-unboost|p2a: Landorus|spe|1\n|move|p1a: Zamazenta|Body Press|p2b: Urshifu\n|-activate|p2b: Urshifu|move: Protect\n|move|p2a: Landorus|Earth Power|p1a: Zamazenta\n|-damage|p1a: Zamazenta|17\/100\n|\n|upkeep\n|turn|7\n|inactive|user1208 has 30 seconds left.\n|inactive|user1208 has 20 seconds left.\n|\n|t:|1740099016\n|move|p1b: Flutter Mane|Moonblast|p2b: Urshifu\n|-supereffective|p2b: Urshifu\n|-damage|p2b: Urshifu|0 fnt\n|faint|p2b: Urshifu\n|move|p1a: Zamazenta|Heavy Slam|p2a: Landorus\n|-damage|p2a: Landorus|0 fnt\n|faint|p2a: Landorus\n|\n|win|Hikawari\n|raw|Hikawari's rating: 1698 &rarr; <strong>1713<\/strong><br \/>(+15 for winning)\n|raw|user1208's rating: 1600 &rarr; <strong>1585<\/strong><br \/>(-15 for losing)\n","uploadtime":1740099029,"views":7,"formatid":"gen9vgc2025regg","rating":1585,"private":0,"password":null}