{"id":"gen9vgc2025regg-2305289621","format":"[Gen 9] VGC 2025 Reg G","players":["salamionset","prototony"],"log":"|j|\u2606salamionset\n|j|\u2606prototony\n|t:|1740168466\n|gametype|doubles\n|player|p1|salamionset|102|1544\n|player|p2|prototony|firebreather|1594\n|teamsize|p1|6\n|teamsize|p2|6\n|gen|9\n|tier|[Gen 9] VGC 2025 Reg G\n|rated|\n|rule|Species Clause: Limit one of each Pok\u00e9mon\n|rule|Item Clause: Limit 1 of each item\n|clearpoke\n|poke|p1|Giratina-Origin, L50|\n|poke|p1|Cresselia, L50, F|\n|poke|p1|Ursaluna, L50, F|\n|poke|p1|Annihilape, L50, M|\n|poke|p1|Incineroar, L50, F|\n|poke|p1|Araquanid, L50, F|\n|poke|p2|Weezing-Galar, L50, F|\n|poke|p2|Dondozo, L50, M|\n|poke|p2|Calyrex-Shadow, L50|\n|poke|p2|Tatsugiri-Droopy, L50, M|\n|poke|p2|Iron Hands, L50|\n|poke|p2|Maushold-Four, L50|\n|teampreview|4\nsalamionset rejected open team sheets.\n|j| hideonbusu\n|inactive|Battle timer is ON: inactive players will automatically lose when time's up. (requested by prototony)\n|\n|t:|1740168558\n|start\n|switch|p1a: Incineroar|Incineroar, L50, F|100\/100\n|switch|p1b: Annihilape|Annihilape, L50, M|100\/100\n|switch|p2a: Calyrex|Calyrex-Shadow, L50|100\/100\n|switch|p2b: Maushold|Maushold-Four, L50|100\/100\n|-ability|p2a: Calyrex|As One\n|-ability|p2a: Calyrex|Unnerve\n|-ability|p1a: Incineroar|Intimidate|boost\n|-unboost|p2a: Calyrex|atk|1\n|-unboost|p2b: Maushold|atk|1\n|turn|1\n|inactive|prototony has 30 seconds left.\n|inactive|prototony has 20 seconds left.\n|inactive|prototony has 15 seconds left.\n|\n|t:|1740168599\n|-terastallize|p1b: Annihilape|Normal\n|move|p2b: Maushold|Follow Me|p2b: Maushold\n|-singleturn|p2b: Maushold|move: Follow Me\n|move|p1b: Annihilape|Coaching|p1a: Incineroar\n|-boost|p1a: Incineroar|atk|1\n|-boost|p1a: Incineroar|def|1\n|move|p2a: Calyrex|Astral Barrage|p1a: Incineroar|[spread] p1a\n|-immune|p1b: Annihilape\n|-resisted|p1a: Incineroar\n|-damage|p1a: Incineroar|74\/100\n|move|p1a: Incineroar|Knock Off|p2b: Maushold\n|-damage|p2b: Maushold|38\/100\n|-enditem|p2b: Maushold|Choice Scarf|[from] move: Knock Off|[of] p1a: Incineroar\n|\n|upkeep\n|turn|2\n|\n|t:|1740168620\n|switch|p2a: Dondozo|Dondozo, L50, M|100\/100\n|switch|p2b: Tatsugiri|Tatsugiri-Droopy, L50, M, shiny|100\/100\n|-activate|p2b: Tatsugiri|ability: Commander|[of] p2a: Dondozo\n|-boost|p2a: Dondozo|atk|2\n|-boost|p2a: Dondozo|spa|2\n|-boost|p2a: Dondozo|spe|2\n|-boost|p2a: Dondozo|def|2\n|-boost|p2a: Dondozo|spd|2\n|move|p1b: Annihilape|Coaching|p1a: Incineroar\n|-boost|p1a: Incineroar|atk|1\n|-boost|p1a: Incineroar|def|1\n|move|p1a: Incineroar|Knock Off|p2a: Dondozo\n|-damage|p2a: Dondozo|90\/100\n|-enditem|p2a: Dondozo|Leftovers|[from] move: Knock Off|[of] p1a: Incineroar\n|\n|upkeep\n|turn|3\n|inactive|salamionset has 30 seconds left.\n|inactive|salamionset has 20 seconds left.\n|inactive|salamionset has 15 seconds left.\n|inactive|salamionset has 10 seconds left.\n|\n|t:|1740168666\n|switch|p1b: Araquanid|Araquanid, L50, F|100\/100\n|move|p2a: Dondozo|Wave Crash|p1a: Incineroar\n|-supereffective|p1a: Incineroar\n|-damage|p1a: Incineroar|0 fnt\n|faint|p1a: Incineroar\n|-damage|p2a: Dondozo|68\/100|[from] Recoil\n|\n|upkeep\n|\n|t:|1740168673\n|switch|p1a: Annihilape|Annihilape, L50, M, tera:Normal|100\/100\n|turn|4\n|\n|t:|1740168685\n|move|p1a: Annihilape|Final Gambit|p2a: Dondozo\n|-damage|p2a: Dondozo|0 fnt\n|faint|p1a: Annihilape\n|faint|p2a: Dondozo\n|move|p1b: Araquanid|Leech Life|p2b: Tatsugiri\n|-damage|p2b: Tatsugiri|63\/100\n|\n|upkeep\n|\n|t:|1740168695\n|switch|p1a: Giratina|Giratina-Origin, L50|100\/100\n|switch|p2a: Calyrex|Calyrex-Shadow, L50|100\/100\n|-ability|p2a: Calyrex|As One\n|-ability|p2a: Calyrex|Unnerve\n|turn|5\n|\n|t:|1740168707\n|-terastallize|p2a: Calyrex|Ghost\n|move|p1b: Araquanid|Wide Guard|p1b: Araquanid\n|-singleturn|p1b: Araquanid|Wide Guard\n|move|p2a: Calyrex|Shadow Ball|p1a: Giratina\n|-supereffective|p1a: Giratina\n|-damage|p1a: Giratina|0 fnt\n|faint|p1a: Giratina\n|-ability|p2a: Calyrex|Grim Neigh|boost\n|-boost|p2a: Calyrex|spa|1\n|move|p2b: Tatsugiri|Draco Meteor|p1b: Araquanid\n|-damage|p1b: Araquanid|48\/100\n|-unboost|p2b: Tatsugiri|spa|2\n|\n|upkeep\n|turn|6\n|-message|salamionset forfeited.\n|\n|win|prototony\n|raw|salamionset's rating: 1544 &rarr; <strong>1527<\/strong><br \/>(-17 for losing)\n|raw|prototony's rating: 1594 &rarr; <strong>1611<\/strong><br \/>(+17 for winning)\n|l|\u2606salamionset\n|player|p1|\n|l| hideonbusu\n","uploadtime":1740168922,"views":6,"formatid":"gen9vgc2025regg","rating":1527,"private":0,"password":null}