{"id":"gen9vgc2025regg-2305334079","format":"[Gen 9] VGC 2025 Reg G","players":["nerd159","Kaicyios"],"log":"|j|\u2606nerd159\n|j|\u2606Kaicyios\n|t:|1740173483\n|gametype|doubles\n|player|p1|nerd159|265|1598\n|player|p2|Kaicyios|giovanni|1599\n|teamsize|p1|6\n|teamsize|p2|6\n|gen|9\n|tier|[Gen 9] VGC 2025 Reg G\n|rated|\n|rule|Species Clause: Limit one of each Pok\u00e9mon\n|rule|Item Clause: Limit 1 of each item\n|clearpoke\n|poke|p1|Eternatus, L50|\n|poke|p1|Chien-Pao, L50|\n|poke|p1|Tinkaton, L50, F|\n|poke|p1|Kingambit, L50, M|\n|poke|p1|Farigiraf, L50, F|\n|poke|p1|Urshifu-*, L50, M|\n|poke|p2|Calyrex-Ice, L50|\n|poke|p2|Urshifu-*, L50, F|\n|poke|p2|Landorus, L50, M|\n|poke|p2|Tornadus, L50, M|\n|poke|p2|Raging Bolt, L50|\n|poke|p2|Chien-Pao, L50|\n|teampreview|4\n|inactive|Battle timer is ON: inactive players will automatically lose when time's up. (requested by nerd159)\n|\n|t:|1740173511\n|start\n|switch|p1a: Chien-Pao|Chien-Pao, L50|100\/100\n|switch|p1b: Tinkaton|Tinkaton, L50, F|100\/100\n|switch|p2a: Tornadus|Tornadus, L50, M|100\/100\n|switch|p2b: Urshifu|Urshifu-Rapid-Strike, L50, F|100\/100\n|-ability|p1a: Chien-Pao|Sword of Ruin\n|-ability|p1b: Tinkaton|Mold Breaker\n|turn|1\n|\n|t:|1740173533\n|switch|p1a: Eternatus|Eternatus, L50|100\/100\n|-ability|p1a: Eternatus|Pressure\n|-terastallize|p2b: Urshifu|Ghost\n|move|p1b: Tinkaton|Fake Out|p2b: Urshifu\n|-immune|p2b: Urshifu\n|move|p2a: Tornadus|Rain Dance|p2a: Tornadus\n|-weather|RainDance\n|move|p2b: Urshifu|Surging Strikes|p1a: Eternatus\n|-resisted|p1a: Eternatus\n|-crit|p1a: Eternatus\n|-damage|p1a: Eternatus|87\/100\n|-resisted|p1a: Eternatus\n|-crit|p1a: Eternatus\n|-damage|p1a: Eternatus|71\/100\n|-resisted|p1a: Eternatus\n|-crit|p1a: Eternatus\n|-damage|p1a: Eternatus|57\/100\n|-hitcount|p1a: Eternatus|3\n|\n|-weather|RainDance|[upkeep]\n|upkeep\n|turn|2\n|inactive|Kaicyios has 30 seconds left.\n|\n|t:|1740173560\n|move|p2b: Urshifu|Surging Strikes|p1a: Eternatus\n|-resisted|p1a: Eternatus\n|-crit|p1a: Eternatus\n|-damage|p1a: Eternatus|44\/100\n|-resisted|p1a: Eternatus\n|-crit|p1a: Eternatus\n|-damage|p1a: Eternatus|31\/100\n|-resisted|p1a: Eternatus\n|-crit|p1a: Eternatus\n|-damage|p1a: Eternatus|16\/100\n|-hitcount|p1a: Eternatus|3\n|move|p1a: Eternatus|Sludge Wave|p2a: Tornadus|[spread] p2a,p2b\n|-immune|p1b: Tinkaton\n|-resisted|p2b: Urshifu\n|-damage|p2a: Tornadus|26\/100\n|-damage|p2b: Urshifu|48\/100\n|move|p1b: Tinkaton|Gigaton Hammer|p2b: Urshifu\n|-damage|p2b: Urshifu|3\/100\n|move|p2a: Tornadus|Bleakwind Storm|p1a: Eternatus|[spread] p1a,p1b\n|-resisted|p1b: Tinkaton\n|-damage|p1a: Eternatus|0 fnt\n|-damage|p1b: Tinkaton|87\/100\n|faint|p1a: Eternatus\n|\n|-weather|RainDance|[upkeep]\n|upkeep\n|j| pmg9\n|\n|t:|1740173572\n|switch|p1a: Chien-Pao|Chien-Pao, L50|100\/100\n|-ability|p1a: Chien-Pao|Sword of Ruin\n|turn|3\n|\n|t:|1740173597\n|switch|p2b: Landorus|Landorus, L50, M|100\/100\n|switch|p1b: Urshifu|Urshifu-Rapid-Strike, L50, M|100\/100\n|move|p1a: Chien-Pao|Sucker Punch||[still]\n|-fail|p1a: Chien-Pao\n|move|p2a: Tornadus|Tailwind|p2a: Tornadus\n|-sidestart|p2: Kaicyios|move: Tailwind\n|\n|-weather|RainDance|[upkeep]\n|upkeep\n|turn|4\n|\n|t:|1740173613\n|-terastallize|p1b: Urshifu|Water\n|move|p1a: Chien-Pao|Sucker Punch|p2a: Tornadus\n|-damage|p2a: Tornadus|0 fnt\n|faint|p2a: Tornadus\n|move|p1b: Urshifu|Aqua Jet|p2b: Landorus\n|-supereffective|p2b: Landorus\n|-damage|p2b: Landorus|0 fnt\n|faint|p2b: Landorus\n|\n|-weather|RainDance|[upkeep]\n|upkeep\n|\n|t:|1740173628\n|switch|p2a: Calyrex|Calyrex-Ice, L50|100\/100\n|switch|p2b: Urshifu|Urshifu-Rapid-Strike, L50, F, tera:Ghost|3\/100\n|-ability|p2a: Calyrex|As One\n|-ability|p2a: Calyrex|Unnerve\n|turn|5\n|inactive|Kaicyios has 30 seconds left.\n|\n|t:|1740173653\n|move|p1a: Chien-Pao|Sucker Punch|p2a: Calyrex\n|-supereffective|p2a: Calyrex\n|-damage|p2a: Calyrex|39\/100\n|move|p1b: Urshifu|Aqua Jet|p2b: Urshifu\n|-damage|p2b: Urshifu|0 fnt\n|faint|p2b: Urshifu\n|move|p2a: Calyrex|High Horsepower|p1b: Urshifu\n|-damage|p1b: Urshifu|27\/100\n|\n|-weather|none\n|upkeep\n|turn|6\n|l| pmg9\n|-message|Kaicyios forfeited.\n|\n|win|nerd159\n|raw|nerd159's rating: 1598 &rarr; <strong>1618<\/strong><br \/>(+20 for winning)\n|raw|Kaicyios's rating: 1599 &rarr; <strong>1579<\/strong><br \/>(-20 for losing)\n|l|\u2606Kaicyios\n|player|p2|\n|l|\u2606nerd159\n|player|p1|\n","uploadtime":1740173819,"views":5,"formatid":"gen9vgc2025regg","rating":1579,"private":0,"password":null}