{"id":"gen9vgc2025regg-2305724090","format":"[Gen 9] VGC 2025 Reg G","players":["Jadenhess","MegalycanrocEX"],"log":"|j|\u2606Jadenhess\n|j|\u2606MegalycanrocEX\n|t:|1740237230\n|gametype|doubles\n|player|p1|Jadenhess|101|1619\n|player|p2|MegalycanrocEX|steven|1513\n|teamsize|p1|6\n|teamsize|p2|6\n|gen|9\n|tier|[Gen 9] VGC 2025 Reg G\n|rated|\n|rule|Species Clause: Limit one of each Pok\u00e9mon\n|rule|Item Clause: Limit 1 of each item\n|clearpoke\n|poke|p1|Koraidon, L50|\n|poke|p1|Walking Wake, L50|\n|poke|p1|Tyranitar, L50, M|\n|poke|p1|Gouging Fire, L50|\n|poke|p1|Whimsicott, L50, M|\n|poke|p1|Scovillain, L50, M|\n|poke|p2|Miraidon, L50|\n|poke|p2|Whimsicott, L50, F|\n|poke|p2|Urshifu-*, L50, F|\n|poke|p2|Farigiraf, L50, F|\n|poke|p2|Iron Hands, L50|\n|poke|p2|Chi-Yu, L50|\n|teampreview|4\n|inactive|Battle timer is ON: inactive players will automatically lose when time's up. (requested by Jadenhess)\n|inactive|Jadenhess has 60 seconds left.\n|inactive|MegalycanrocEX has 60 seconds left.\n|inactive|Jadenhess has 30 seconds left.\n|inactive|MegalycanrocEX has 30 seconds left.\n|\n|t:|1740237298\n|start\n|switch|p1a: Koraidon|Koraidon, L50|100\/100\n|switch|p1b: Whimsicott|Whimsicott, L50, M|100\/100\n|switch|p2a: Whimsicott|Whimsicott, L50, F|100\/100\n|switch|p2b: Miraidon|Miraidon, L50|100\/100\n|-fieldstart|move: Electric Terrain|[from] ability: Hadron Engine|[of] p2b: Miraidon\n|-weather|SunnyDay|[from] ability: Orichalcum Pulse|[of] p1a: Koraidon\n|-activate|p1a: Koraidon|Orichalcum Pulse|[source]\n|turn|1\n|inactive|MegalycanrocEX has 30 seconds left.\n|inactive|MegalycanrocEX has 20 seconds left.\n|\n|t:|1740237336\n|-terastallize|p2b: Miraidon|Fairy\n|-terastallize|p1a: Koraidon|Fire\n|move|p1b: Whimsicott|Light Screen|p1b: Whimsicott\n|-sidestart|p1: Jadenhess|move: Light Screen\n|move|p2a: Whimsicott|Tailwind|p2a: Whimsicott\n|-sidestart|p2: MegalycanrocEX|move: Tailwind\n|move|p2b: Miraidon|Dazzling Gleam|p1b: Whimsicott|[spread] p1a,p1b\n|-resisted|p1a: Koraidon\n|-damage|p1a: Koraidon|87\/100\n|-damage|p1b: Whimsicott|35\/100\n|move|p1a: Koraidon|Flame Charge|p2a: Whimsicott\n|-supereffective|p2a: Whimsicott\n|-damage|p2a: Whimsicott|0 fnt\n|-boost|p1a: Koraidon|spe|1\n|faint|p2a: Whimsicott\n|\n|-weather|SunnyDay|[upkeep]\n|upkeep\n|j| Oscar Norris\n|\n|t:|1740237351\n|switch|p2a: Iron Hands|Iron Hands, L50|100\/100\n|-activate|p2a: Iron Hands|ability: Quark Drive\n|-start|p2a: Iron Hands|quarkdriveatk\n|turn|2\n|\n|t:|1740237365\n|move|p1b: Whimsicott|Tailwind|p1b: Whimsicott\n|-sidestart|p1: Jadenhess|move: Tailwind\n|move|p1a: Koraidon|Bulk Up|p1a: Koraidon\n|-boost|p1a: Koraidon|atk|1\n|-boost|p1a: Koraidon|def|1\n|move|p2b: Miraidon|Dazzling Gleam|p1a: Koraidon|[spread] p1a,p1b\n|-resisted|p1a: Koraidon\n|-damage|p1a: Koraidon|72\/100\n|-damage|p1b: Whimsicott|0 fnt\n|faint|p1b: Whimsicott\n|move|p2a: Iron Hands|Low Kick|p1a: Koraidon\n|-damage|p1a: Koraidon|23\/100\n|\n|-weather|SunnyDay|[upkeep]\n|upkeep\n|j| Claarity\n|\n|t:|1740237378\n|switch|p1b: Scovillain|Scovillain, L50, M|100\/100\n|turn|3\n|\n|t:|1740237392\n|move|p1b: Scovillain|Spicy Extract|p1a: Koraidon\n|-fail|p1a: Koraidon|unboost|[from] item: Clear Amulet|[of] p1a: Koraidon\n|-boost|p1a: Koraidon|atk|2\n|move|p1a: Koraidon|Drain Punch|p2a: Iron Hands\n|-damage|p2a: Iron Hands|23\/100\n|-heal|p1a: Koraidon|70\/100|[from] drain|[of] p2a: Iron Hands\n|move|p2b: Miraidon|Dazzling Gleam|p1a: Koraidon|[spread] p1a,p1b\n|-resisted|p1a: Koraidon\n|-resisted|p1b: Scovillain\n|-damage|p1a: Koraidon|57\/100\n|-damage|p1b: Scovillain|57\/100\n|move|p2a: Iron Hands|Drain Punch|p1a: Koraidon\n|-damage|p1a: Koraidon|27\/100\n|-heal|p2a: Iron Hands|35\/100|[from] drain|[of] p1a: Koraidon\n|\n|-weather|SunnyDay|[upkeep]\n|upkeep\n|turn|4\n|inactive|Jadenhess has 30 seconds left.\n|\n|t:|1740237420\n|move|p1b: Scovillain|Spicy Extract|p1a: Koraidon\n|-fail|p1a: Koraidon|unboost|[from] item: Clear Amulet|[of] p1a: Koraidon\n|-boost|p1a: Koraidon|atk|2\n|move|p1a: Koraidon|Drain Punch|p2b: Miraidon\n|-resisted|p2b: Miraidon\n|-damage|p2b: Miraidon|30\/100\n|-heal|p1a: Koraidon|58\/100|[from] drain|[of] p2b: Miraidon\n|move|p2b: Miraidon|Dazzling Gleam|p1a: Koraidon|[spread] p1a,p1b\n|-resisted|p1a: Koraidon\n|-resisted|p1b: Scovillain\n|-damage|p1a: Koraidon|43\/100\n|-damage|p1b: Scovillain|14\/100\n|move|p2a: Iron Hands|Low Kick|p1a: Koraidon\n|-damage|p1a: Koraidon|0 fnt\n|faint|p1a: Koraidon\n|\n|-weather|SunnyDay|[upkeep]\n|-sideend|p2: MegalycanrocEX|move: Tailwind\n|upkeep\n|\n|t:|1740237435\n|switch|p1a: Tyranitar|Tyranitar, L50, M|100\/100\n|-weather|Sandstorm|[from] ability: Sand Stream|[of] p1a: Tyranitar\n|turn|5\n|\n|t:|1740237443\n|move|p1b: Scovillain|Flamethrower|p2a: Iron Hands\n|-damage|p2a: Iron Hands|11\/100\n|-status|p2a: Iron Hands|brn\n|move|p2b: Miraidon|Dazzling Gleam|p1a: Tyranitar|[spread] p1a,p1b\n|-supereffective|p1a: Tyranitar\n|-resisted|p1b: Scovillain\n|-damage|p1a: Tyranitar|67\/100\n|-damage|p1b: Scovillain|0 fnt\n|faint|p1b: Scovillain\n|move|p1a: Tyranitar|Rock Slide|p2a: Iron Hands|[spread] p2a,p2b\n|-resisted|p2a: Iron Hands\n|-damage|p2a: Iron Hands|0 fnt\n|-damage|p2b: Miraidon|0 fnt\n|faint|p2a: Iron Hands\n|-end|p2a: Iron Hands|Quark Drive|[silent]\n|faint|p2b: Miraidon\n|\n|-weather|Sandstorm|[upkeep]\n|-sideend|p1: Jadenhess|move: Light Screen\n|-sideend|p1: Jadenhess|move: Tailwind\n|-fieldend|move: Electric Terrain\n|upkeep\n|\n|t:|1740237463\n|switch|p2b: Urshifu|Urshifu-Rapid-Strike, L50, F|100\/100\n|turn|6\n|-message|Jadenhess forfeited.\n|\n|win|MegalycanrocEX\n|raw|Jadenhess's rating: 1619 &rarr; <strong>1593<\/strong><br \/>(-26 for losing)\n|raw|MegalycanrocEX's rating: 1513 &rarr; <strong>1539<\/strong><br \/>(+26 for winning)\n|l|\u2606Jadenhess\n|player|p1|\n|l|\u2606MegalycanrocEX\n|player|p2|\n|l| Claarity\n|l| Oscar Norris\n","uploadtime":1740237690,"views":4,"formatid":"gen9vgc2025regg","rating":1539,"private":0,"password":null}