{"id":"gen9vgc2025regg-2305408204","format":"[Gen 9] VGC 2025 Reg G","players":["ShdwempV2","Chipsnguac421"],"log":"|j|\u2606ShdwempV2\n|j|\u2606Chipsnguac421\n|t:|1740182493\n|gametype|doubles\n|player|p1|ShdwempV2|cynthia-masters|1591\n|player|p2|Chipsnguac421|argenta|1540\n|teamsize|p1|6\n|teamsize|p2|6\n|gen|9\n|tier|[Gen 9] VGC 2025 Reg G\n|rated|\n|rule|Species Clause: Limit one of each Pok\u00e9mon\n|rule|Item Clause: Limit 1 of each item\n|clearpoke\n|poke|p1|Incineroar, L50, M|\n|poke|p1|Rillaboom, L50, M|\n|poke|p1|Kyogre, L50|\n|poke|p1|Tornadus, L50, M|\n|poke|p1|Landorus, L50, M|\n|poke|p1|Urshifu-*, L50, F|\n|poke|p2|Rayquaza, L50|\n|poke|p2|Murkrow, L50, F|\n|poke|p2|Volcarona, L50, F|\n|poke|p2|Ogerpon-Wellspring, L50, F|\n|poke|p2|Urshifu-*, L50, F|\n|poke|p2|Ting-Lu, L50|\n|teampreview|4\n|\n|t:|1740182526\n|start\n|switch|p1a: Tornadus|Tornadus, L50, M, shiny|100\/100\n|switch|p1b: Urshifu|Urshifu, L50, F|100\/100\n|switch|p2a: Murkrow|Murkrow, L50, F|100\/100\n|switch|p2b: Rayquaza|Rayquaza, L50|100\/100\n|-ability|p2b: Rayquaza|Air Lock\n|turn|1\n|inactive|Battle timer is ON: inactive players will automatically lose when time's up. (requested by ShdwempV2)\n|inactive|Chipsnguac421 has 60 seconds left.\n|\n|t:|1740182569\n|-terastallize|p1b: Urshifu|Dark\n|move|p1a: Tornadus|Tailwind|p1a: Tornadus\n|-sidestart|p1: ShdwempV2|move: Tailwind\n|move|p1b: Urshifu|Wicked Blow|p2b: Rayquaza\n|-crit|p2b: Rayquaza\n|-damage|p2b: Rayquaza|3\/100\n|move|p2b: Rayquaza|Dragon Ascent|p1b: Urshifu\n|-damage|p1b: Urshifu|27\/100\n|-unboost|p2b: Rayquaza|def|1\n|-unboost|p2b: Rayquaza|spd|1\n|move|p2a: Murkrow|Brave Bird|p1b: Urshifu\n|-damage|p1b: Urshifu|0 fnt\n|faint|p1b: Urshifu\n|-damage|p2a: Murkrow|92\/100|[from] Recoil\n|\n|upkeep\n|\n|t:|1740182589\n|switch|p1b: Landorus|Landorus, L50, M, shiny|100\/100\n|turn|2\n|inactive|Chipsnguac421 has 30 seconds left.\n|inactive|Chipsnguac421 has 20 seconds left.\n|\n|t:|1740182626\n|-terastallize|p2b: Rayquaza|Stellar\n|move|p2a: Murkrow|Tailwind|p2a: Murkrow\n|-sidestart|p2: Chipsnguac421|move: Tailwind\n|move|p1a: Tornadus|Bleakwind Storm|p2b: Rayquaza|[spread] p2a\n|-miss|p1a: Tornadus|p2b: Rayquaza\n|-damage|p2a: Murkrow|44\/100\n|move|p1b: Landorus|Sludge Bomb|p2a: Murkrow\n|-damage|p2a: Murkrow|0 fnt\n|faint|p2a: Murkrow\n|move|p2b: Rayquaza|Dragon Ascent|p1a: Tornadus\n|-damage|p1a: Tornadus|0 fnt\n|-unboost|p2b: Rayquaza|def|1\n|-unboost|p2b: Rayquaza|spd|1\n|faint|p1a: Tornadus\n|\n|upkeep\n|\n|t:|1740182643\n|switch|p1a: Kyogre|Kyogre, L50, shiny|100\/100\n|switch|p2a: Urshifu|Urshifu-Rapid-Strike, L50, F|100\/100\n|-weather|RainDance|[from] ability: Drizzle|[of] p1a: Kyogre\n|turn|3\n|inactive|Chipsnguac421 has 30 seconds left.\n|\n|t:|1740182670\n|move|p1b: Landorus|Earth Power|p2a: Urshifu\n|-damage|p2a: Urshifu|0 fnt\n|faint|p2a: Urshifu\n|move|p2b: Rayquaza|Draco Meteor|p1a: Kyogre|[miss]\n|-miss|p2b: Rayquaza|p1a: Kyogre\n|move|p1a: Kyogre|Origin Pulse|p2b: Rayquaza\n|-resisted|p2b: Rayquaza\n|-damage|p2b: Rayquaza|0 fnt\n|faint|p2b: Rayquaza\n|\n|-weather|RainDance|[upkeep]\n|upkeep\n|\n|t:|1740182679\n|switch|p2b: Ogerpon|Ogerpon-Wellspring, L50, F|100\/100\n|turn|4\n|\n|t:|1740182685\n|move|p2b: Ogerpon|Ivy Cudgel|p1b: Landorus|[anim] Ivy Cudgel Water\n|-supereffective|p1b: Landorus\n|-damage|p1b: Landorus|0 fnt\n|faint|p1b: Landorus\n|move|p1a: Kyogre|Ice Beam|p2b: Ogerpon\n|-damage|p2b: Ogerpon|59\/100\n|\n|-weather|RainDance|[upkeep]\n|-sideend|p1: ShdwempV2|move: Tailwind\n|upkeep\n|turn|5\n|\n|t:|1740182695\n|move|p2b: Ogerpon|Wood Hammer|p1a: Kyogre\n|-supereffective|p1a: Kyogre\n|-damage|p1a: Kyogre|0 fnt\n|faint|p1a: Kyogre\n|-damage|p2b: Ogerpon|27\/100|[from] Recoil\n|\n|win|Chipsnguac421\n|raw|ShdwempV2's rating: 1591 &rarr; <strong>1568<\/strong><br \/>(-23 for losing)\n|raw|Chipsnguac421's rating: 1540 &rarr; <strong>1563<\/strong><br \/>(+23 for winning)\n|l|\u2606ShdwempV2\n|player|p1|\n|l|\u2606Chipsnguac421\n|player|p2|\n","uploadtime":1740182956,"views":3,"formatid":"gen9vgc2025regg","rating":1563,"private":0,"password":null}