{"id":"gen9vgc2025regg-2305213791","format":"[Gen 9] VGC 2025 Reg G","players":["nickfanta","prosioni"],"log":"|j|\u2606nickfanta\n|j|\u2606prosioni\n|t:|1740160547\n|gametype|doubles\n|player|p1|nickfanta|lucas|1592\n|player|p2|prosioni|101|1601\n|teamsize|p1|6\n|teamsize|p2|6\n|gen|9\n|tier|[Gen 9] VGC 2025 Reg G\n|rated|\n|rule|Species Clause: Limit one of each Pok\u00e9mon\n|rule|Item Clause: Limit 1 of each item\n|clearpoke\n|poke|p1|Calyrex-Shadow, L50|\n|poke|p1|Incineroar, L50, F|\n|poke|p1|Urshifu-*, L50, M|\n|poke|p1|Amoonguss, L50, M|\n|poke|p1|Raging Bolt, L50|\n|poke|p1|Flutter Mane, L50|\n|poke|p2|Kyogre, L50|\n|poke|p2|Rillaboom, L50, M|\n|poke|p2|Farigiraf, L50, F|\n|poke|p2|Tornadus, L50, M|\n|poke|p2|Urshifu-*, L50, F|\n|poke|p2|Landorus, L50, M|\n|teampreview|4\n|inactive|Battle timer is ON: inactive players will automatically lose when time's up. (requested by nickfanta)\n|\n|t:|1740160568\n|start\n|switch|p1a: Flutter Mane|Flutter Mane, L50|100\/100\n|switch|p1b: Urshifu|Urshifu-Rapid-Strike, L50, M|100\/100\n|switch|p2a: Kyogre|Kyogre, L50|100\/100\n|switch|p2b: Tornadus|Tornadus, L50, M|100\/100\n|-weather|RainDance|[from] ability: Drizzle|[of] p2a: Kyogre\n|-enditem|p1a: Flutter Mane|Booster Energy\n|-activate|p1a: Flutter Mane|ability: Protosynthesis|[fromitem]\n|-start|p1a: Flutter Mane|protosynthesisspe\n|turn|1\n|inactive|nickfanta has 30 seconds left.\n|\n|t:|1740160598\n|move|p2b: Tornadus|Tailwind|p2b: Tornadus\n|-sidestart|p2: prosioni|move: Tailwind\n|move|p1b: Urshifu|Aqua Jet|p2a: Kyogre\n|-resisted|p2a: Kyogre\n|-damage|p2a: Kyogre|74\/100\n|move|p1a: Flutter Mane|Moonblast|p2a: Kyogre\n|-damage|p2a: Kyogre|32\/100\n|-unboost|p2a: Kyogre|spa|1\n|move|p2a: Kyogre|Water Spout|p1a: Flutter Mane|[spread] p1a,p1b\n|-resisted|p1b: Urshifu\n|-damage|p1a: Flutter Mane|64\/100\n|-damage|p1b: Urshifu|74\/100\n|\n|-weather|RainDance|[upkeep]\n|upkeep\n|turn|2\n|\n|t:|1740160617\n|switch|p2a: Farigiraf|Farigiraf, L50, F|100\/100\n|-terastallize|p2b: Tornadus|Flying\n|move|p1b: Urshifu|Aqua Jet||[still]\n|cant|p2a: Farigiraf|ability: Armor Tail|Aqua Jet|[of] p1b: Urshifu\n|move|p2b: Tornadus|Bleakwind Storm|p1a: Flutter Mane|[spread] p1a,p1b\n|-supereffective|p1b: Urshifu\n|-damage|p1a: Flutter Mane|0 fnt\n|-damage|p1b: Urshifu|0 fnt\n|faint|p1a: Flutter Mane\n|-end|p1a: Flutter Mane|Protosynthesis|[silent]\n|faint|p1b: Urshifu\n|-damage|p2b: Tornadus|91\/100|[from] item: Life Orb\n|\n|-weather|RainDance|[upkeep]\n|upkeep\n|\n|t:|1740160624\n|switch|p1a: Calyrex|Calyrex-Shadow, L50|100\/100\n|switch|p1b: Amoonguss|Amoonguss, L50, M|100\/100\n|-ability|p1a: Calyrex|As One\n|-ability|p1a: Calyrex|Unnerve\n|turn|3\n|\n|t:|1740160638\n|-terastallize|p1b: Amoonguss|Fire\n|move|p2a: Farigiraf|Helping Hand|p2b: Tornadus\n|-singleturn|p2b: Tornadus|Helping Hand|[of] p2a: Farigiraf\n|move|p1a: Calyrex|Protect|p1a: Calyrex\n|-singleturn|p1a: Calyrex|Protect\n|move|p2b: Tornadus|Bleakwind Storm|p1b: Amoonguss|[spread] p1b\n|-activate|p1a: Calyrex|move: Protect\n|-damage|p1b: Amoonguss|20\/100\n|-damage|p2b: Tornadus|81\/100|[from] item: Life Orb\n|move|p1b: Amoonguss|Spore|p2b: Tornadus\n|-status|p2b: Tornadus|slp|[from] move: Spore\n|\n|-weather|RainDance|[upkeep]\n|upkeep\n|turn|4\n|\n|t:|1740160660\n|cant|p2b: Tornadus|slp\n|move|p1a: Calyrex|Psychic|p2b: Tornadus\n|-damage|p2b: Tornadus|2\/100 slp\n|move|p2a: Farigiraf|Psychic Noise|p1b: Amoonguss\n|-damage|p1b: Amoonguss|0 fnt\n|faint|p1b: Amoonguss\n|-enditem|p2a: Farigiraf|Throat Spray\n|-boost|p2a: Farigiraf|spa|1|[from] item: Throat Spray\n|\n|-weather|RainDance|[upkeep]\n|-sideend|p2: prosioni|move: Tailwind\n|upkeep\n|turn|5\n|\n|t:|1740160681\n|-curestatus|p2b: Tornadus|slp|[msg]\n|move|p2b: Tornadus|Tailwind|p2b: Tornadus\n|-sidestart|p2: prosioni|move: Tailwind\n|move|p1a: Calyrex|Psychic|p2b: Tornadus\n|-damage|p2b: Tornadus|0 fnt\n|faint|p2b: Tornadus\n|-ability|p1a: Calyrex|Grim Neigh|boost\n|-boost|p1a: Calyrex|spa|1\n|move|p2a: Farigiraf|Psychic Noise|p1a: Calyrex\n|-resisted|p1a: Calyrex\n|-damage|p1a: Calyrex|77\/100\n|-start|p1a: Calyrex|move: Heal Block\n|\n|-weather|none\n|upkeep\n|j| chuckster\n|-message|nickfanta forfeited.\n|\n|win|prosioni\n|raw|nickfanta's rating: 1592 &rarr; <strong>1573<\/strong><br \/>(-19 for losing)\n|raw|prosioni's rating: 1601 &rarr; <strong>1620<\/strong><br \/>(+19 for winning)\n|l|\u2606nickfanta\n|player|p1|\n|l| chuckster\n|l|\u2606prosioni\n|player|p2|\n","uploadtime":1740160923,"views":6,"formatid":"gen9vgc2025regg","rating":1573,"private":0,"password":null}