{"id":"gen9vgc2025regg-2305068064","format":"[Gen 9] VGC 2025 Reg G","players":["futonkagebunshin","Elnabo"],"log":"|j|\u2606futonkagebunshin\n|j|\u2606Elnabo\n|t:|1740144899\n|gametype|doubles\n|player|p1|futonkagebunshin|policeman-gen4|1656\n|player|p2|Elnabo|265|1576\n|teamsize|p1|6\n|teamsize|p2|6\n|gen|9\n|tier|[Gen 9] VGC 2025 Reg G\n|rated|\n|rule|Species Clause: Limit one of each Pok\u00e9mon\n|rule|Item Clause: Limit 1 of each item\n|clearpoke\n|poke|p1|Calyrex-Shadow, L50|\n|poke|p1|Urshifu-*, L50, M|\n|poke|p1|Weezing-Galar, L50, M|\n|poke|p1|Ogerpon-Wellspring, L50, F|\n|poke|p1|Indeedee-F, L50, F|\n|poke|p1|Mienshao, L50, F|\n|poke|p2|Incineroar, L50, M|\n|poke|p2|Rillaboom, L50, F|\n|poke|p2|Calyrex-Ice, L50|\n|poke|p2|Urshifu-*, L50, M|\n|poke|p2|Pelipper, L50, F|\n|poke|p2|Raging Bolt, L50|\n|teampreview|4\n|inactive|Battle timer is ON: inactive players will automatically lose when time's up. (requested by Elnabo)\n|inactive|Elnabo has 60 seconds left.\n|inactive|Elnabo has 30 seconds left.\n|\n|t:|1740144963\n|start\n|switch|p1a: Calyrex|Calyrex-Shadow, L50|100\/100\n|switch|p1b: Mienshao|Mienshao, L50, F|100\/100\n|switch|p2a: Rillaboom|Rillaboom, L50, F, shiny|100\/100\n|switch|p2b: Urshifu|Urshifu-Rapid-Strike, L50, M|100\/100\n|-ability|p1a: Calyrex|As One\n|-ability|p1a: Calyrex|Unnerve\n|-fieldstart|move: Grassy Terrain|[from] ability: Grassy Surge|[of] p2a: Rillaboom\n|turn|1\n|inactive|futonkagebunshin has 30 seconds left.\n|inactive|futonkagebunshin has 20 seconds left.\n|\n|t:|1740144999\n|switch|p2b: Incineroar|Incineroar, L50, M, shiny|100\/100\n|-ability|p2b: Incineroar|Intimidate|boost\n|-unboost|p1a: Calyrex|atk|1\n|-fail|p1b: Mienshao|unboost|Attack|[from] ability: Inner Focus|[of] p1b: Mienshao\n|switch|p1a: Indeedee|Indeedee-F, L50, F|100\/100\n|-fieldstart|move: Psychic Terrain|[from] ability: Psychic Surge|[of] p1a: Indeedee\n|move|p1b: Mienshao|Close Combat|p2a: Rillaboom\n|-damage|p2a: Rillaboom|47\/100\n|-unboost|p1b: Mienshao|def|1\n|-unboost|p1b: Mienshao|spd|1\n|move|p2a: Rillaboom|Wood Hammer|p1a: Indeedee\n|-damage|p1a: Indeedee|36\/100\n|-damage|p2a: Rillaboom|31\/100|[from] item: Rocky Helmet|[of] p1a: Indeedee\n|-damage|p2a: Rillaboom|12\/100|[from] Recoil\n|\n|upkeep\n|turn|2\n|inactive|futonkagebunshin has 30 seconds left.\n|inactive|Elnabo has 30 seconds left.\n|inactive|Elnabo has 20 seconds left.\n|inactive|Elnabo has 15 seconds left.\n|inactive|Elnabo has 10 seconds left.\n|\n|t:|1740145047\n|switch|p2a: Calyrex|Calyrex-Ice, L50|100\/100\n|-ability|p2a: Calyrex|As One\n|-ability|p2a: Calyrex|Unnerve\n|switch|p1a: Ogerpon|Ogerpon-Wellspring, L50, F|100\/100\n|switch|p2b: Urshifu|Urshifu-Rapid-Strike, L50, M|100\/100\n|move|p1b: Mienshao|Close Combat|p2b: Urshifu\n|-damage|p2b: Urshifu|34\/100\n|-unboost|p1b: Mienshao|def|1\n|-unboost|p1b: Mienshao|spd|1\n|\n|upkeep\n|turn|3\n|inactive|futonkagebunshin has 30 seconds left.\n|inactive|Elnabo has 30 seconds left.\n|inactive|futonkagebunshin has 20 seconds left.\n|inactive|Elnabo has 20 seconds left.\n|inactive|futonkagebunshin has 15 seconds left.\n|\n|t:|1740145088\n|move|p2b: Urshifu|Close Combat|p1a: Ogerpon\n|-damage|p1a: Ogerpon|27\/100\n|-unboost|p2b: Urshifu|def|1\n|-unboost|p2b: Urshifu|spd|1\n|move|p1b: Mienshao|Close Combat|p2a: Calyrex\n|-damage|p2a: Calyrex|62\/100\n|-unboost|p1b: Mienshao|def|1\n|-unboost|p1b: Mienshao|spd|1\n|move|p1a: Ogerpon|Wood Hammer|p2a: Calyrex\n|-damage|p2a: Calyrex|17\/100\n|-damage|p1a: Ogerpon|10\/100|[from] Recoil\n|move|p2a: Calyrex|Glacial Lance|p1b: Mienshao|[spread] p1a,p1b\n|-damage|p1a: Ogerpon|0 fnt\n|-enditem|p1b: Mienshao|Focus Sash\n|-damage|p1b: Mienshao|1\/100\n|faint|p1a: Ogerpon\n|-ability|p2a: Calyrex|Chilling Neigh|boost\n|-boost|p2a: Calyrex|atk|1\n|\n|upkeep\n|inactive|futonkagebunshin has 30 seconds left.\n|\n|t:|1740145121\n|switch|p1a: Calyrex|Calyrex-Shadow, L50|100\/100\n|-ability|p1a: Calyrex|As One\n|-ability|p1a: Calyrex|Unnerve\n|turn|4\n|\n|t:|1740145129\n|switch|p1a: Indeedee|Indeedee-F, L50, F|36\/100\n|move|p2a: Calyrex|Protect|p2a: Calyrex\n|-singleturn|p2a: Calyrex|Protect\n|move|p2b: Urshifu|Close Combat|p1b: Mienshao\n|-damage|p1b: Mienshao|0 fnt\n|-unboost|p2b: Urshifu|def|1\n|-unboost|p2b: Urshifu|spd|1\n|faint|p1b: Mienshao\n|\n|upkeep\n|\n|t:|1740145137\n|switch|p1b: Calyrex|Calyrex-Shadow, L50|100\/100\n|-ability|p1b: Calyrex|As One\n|-ability|p1b: Calyrex|Unnerve\n|turn|5\n|inactive|futonkagebunshin has 30 seconds left.\n|\n|t:|1740145168\n|move|p1a: Indeedee|Helping Hand|p1b: Calyrex\n|-singleturn|p1b: Calyrex|Helping Hand|[of] p1a: Indeedee\n|move|p2b: Urshifu|Close Combat|p1a: Indeedee\n|-damage|p1a: Indeedee|0 fnt\n|-unboost|p2b: Urshifu|def|1\n|-unboost|p2b: Urshifu|spd|1\n|-damage|p2b: Urshifu|18\/100|[from] item: Rocky Helmet|[of] p1a: Indeedee\n|faint|p1a: Indeedee\n|move|p1b: Calyrex|Astral Barrage|p2b: Urshifu|[spread] p2a,p2b\n|-supereffective|p2a: Calyrex\n|-damage|p2a: Calyrex|0 fnt\n|-damage|p2b: Urshifu|0 fnt\n|faint|p2a: Calyrex\n|faint|p2b: Urshifu\n|-ability|p1b: Calyrex|Grim Neigh|boost\n|-boost|p1b: Calyrex|spa|2\n|-damage|p1b: Calyrex|91\/100|[from] item: Life Orb\n|\n|-fieldend|move: Psychic Terrain\n|upkeep\n|j| Eggy068\n|\n|t:|1740145181\n|switch|p2b: Incineroar|Incineroar, L50, M, shiny|100\/100\n|switch|p2a: Rillaboom|Rillaboom, L50, F, shiny|12\/100\n|-fieldstart|move: Grassy Terrain|[from] ability: Grassy Surge|[of] p2a: Rillaboom\n|-ability|p2b: Incineroar|Intimidate|boost\n|-unboost|p1b: Calyrex|atk|1\n|turn|6\n|inactive|Elnabo has 30 seconds left.\n|\n|t:|1740145212\n|-terastallize|p2a: Rillaboom|Normal\n|move|p1b: Calyrex|Protect|p1b: Calyrex\n|-singleturn|p1b: Calyrex|Protect\n|move|p2b: Incineroar|Fake Out|p1b: Calyrex\n|-activate|p1b: Calyrex|move: Protect\n|move|p2a: Rillaboom|Wood Hammer|p1b: Calyrex\n|-activate|p1b: Calyrex|move: Protect\n|\n|-heal|p1b: Calyrex|97\/100|[from] Grassy Terrain\n|-heal|p2a: Rillaboom|18\/100|[from] Grassy Terrain\n|upkeep\n|turn|7\n|\n|t:|1740145230\n|-terastallize|p1b: Calyrex|Dark\n|move|p2a: Rillaboom|Grassy Glide|p1b: Calyrex\n|-damage|p1b: Calyrex|54\/100\n|move|p1b: Calyrex|Expanding Force|p2a: Rillaboom\n|-damage|p2a: Rillaboom|0 fnt\n|faint|p2a: Rillaboom\n|-ability|p1b: Calyrex|Grim Neigh|boost\n|-boost|p1b: Calyrex|spa|1\n|-damage|p1b: Calyrex|44\/100|[from] item: Life Orb\n|move|p2b: Incineroar|Knock Off|p1b: Calyrex\n|-resisted|p1b: Calyrex\n|-damage|p1b: Calyrex|15\/100\n|-enditem|p1b: Calyrex|Life Orb|[from] move: Knock Off|[of] p2b: Incineroar\n|\n|-heal|p1b: Calyrex|22\/100|[from] Grassy Terrain\n|upkeep\n|turn|8\n|\n|t:|1740145247\n|move|p1b: Calyrex|Protect|p1b: Calyrex\n|-singleturn|p1b: Calyrex|Protect\n|move|p2b: Incineroar|Knock Off|p1b: Calyrex\n|-activate|p1b: Calyrex|move: Protect\n|\n|-heal|p1b: Calyrex|28\/100|[from] Grassy Terrain\n|upkeep\n|turn|9\n|inactive|futonkagebunshin has 30 seconds left.\n|\n|t:|1740145273\n|move|p1b: Calyrex|Substitute|p1b: Calyrex\n|-start|p1b: Calyrex|Substitute\n|-damage|p1b: Calyrex|3\/100\n|move|p2b: Incineroar|Knock Off|p1b: Calyrex\n|-resisted|p1b: Calyrex\n|-activate|p1b: Calyrex|move: Substitute|[damage]\n|\n|-heal|p1b: Calyrex|9\/100|[from] Grassy Terrain\n|upkeep\n|turn|10\n|\n|t:|1740145280\n|move|p1b: Calyrex|Protect|p1b: Calyrex\n|-singleturn|p1b: Calyrex|Protect\n|move|p2b: Incineroar|Knock Off|p1b: Calyrex\n|-activate|p1b: Calyrex|move: Protect\n|\n|-heal|p1b: Calyrex|15\/100|[from] Grassy Terrain\n|-fieldend|move: Grassy Terrain\n|upkeep\n|turn|11\n|\n|t:|1740145286\n|move|p1b: Calyrex|Astral Barrage|p2b: Incineroar\n|-resisted|p2b: Incineroar\n|-damage|p2b: Incineroar|14\/100\n|move|p2b: Incineroar|Knock Off|p1b: Calyrex\n|-resisted|p1b: Calyrex\n|-end|p1b: Calyrex|Substitute\n|\n|upkeep\n|turn|12\n|\n|t:|1740145296\n|move|p1b: Calyrex|Astral Barrage|p2b: Incineroar\n|-resisted|p2b: Incineroar\n|-damage|p2b: Incineroar|0 fnt\n|faint|p2b: Incineroar\n|\n|win|futonkagebunshin\n|raw|futonkagebunshin's rating: 1656 &rarr; <strong>1671<\/strong><br \/>(+15 for winning)\n|raw|Elnabo's rating: 1576 &rarr; <strong>1561<\/strong><br \/>(-15 for losing)\n|l|\u2606Elnabo\n|player|p2|\n|l| Eggy068\n|l|\u2606futonkagebunshin\n|player|p1|\n","uploadtime":1740145443,"views":5,"formatid":"gen9vgc2025regg","rating":1561,"private":0,"password":null}