{"id":"gen9vgc2025regg-2305491202","format":"[Gen 9] VGC 2025 Reg G","players":["tep0914","edris"],"log":"|j|\u2606tep0914\n|j|\u2606edris\n|t:|1740194049\n|gametype|doubles\n|player|p1|tep0914|li|1675\n|player|p2|edris|cynthia|1643\n|teamsize|p1|6\n|teamsize|p2|6\n|gen|9\n|tier|[Gen 9] VGC 2025 Reg G\n|rated|\n|rule|Species Clause: Limit one of each Pok\u00e9mon\n|rule|Item Clause: Limit 1 of each item\n|clearpoke\n|poke|p1|Calyrex-Ice, L50|\n|poke|p1|Glimmora, L50, F|\n|poke|p1|Dondozo, L50, M|\n|poke|p1|Ting-Lu, L50|\n|poke|p1|Tatsugiri, L50, M|\n|poke|p1|Rhydon, L50, M|\n|poke|p2|Incineroar, L50, F|\n|poke|p2|Rillaboom, L50, F|\n|poke|p2|Urshifu-*, L50, F|\n|poke|p2|Kyogre, L50|\n|poke|p2|Amoonguss, L50, M|\n|poke|p2|Roaring Moon, L50|\n|teampreview|4\n|inactive|Battle timer is ON: inactive players will automatically lose when time's up. (requested by tep0914)\n|inactive|edris has 60 seconds left.\n|inactive|edris has 30 seconds left.\n|inactive|edris has 20 seconds left.\n|inactive|edris has 15 seconds left.\n|\n|t:|1740194142\n|start\n|switch|p1a: Calyrex|Calyrex-Ice, L50|100\/100\n|switch|p1b: Ting-Lu|Ting-Lu, L50|100\/100\n|switch|p2a: Amoonguss|Amoonguss, L50, M|100\/100\n|switch|p2b: Incineroar|Incineroar, L50, F|100\/100\n|-ability|p1a: Calyrex|As One\n|-ability|p1a: Calyrex|Unnerve\n|-ability|p2b: Incineroar|Intimidate|boost\n|-unboost|p1a: Calyrex|atk|1\n|-unboost|p1b: Ting-Lu|atk|1\n|-ability|p1b: Ting-Lu|Vessel of Ruin\n|turn|1\n|inactive|tep0914 has 30 seconds left.\n|inactive|tep0914 has 20 seconds left.\n|inactive|tep0914 has 15 seconds left.\n|inactive|tep0914 has 10 seconds left.\n|inactive|tep0914 has 5 seconds left.\n|\n|t:|1740194193\n|move|p2b: Incineroar|Fake Out|p1a: Calyrex\n|-damage|p1a: Calyrex|94\/100\n|cant|p1a: Calyrex|flinch\n|move|p1b: Ting-Lu|Heavy Slam|p2a: Amoonguss\n|-damage|p2a: Amoonguss|81\/100\n|-damage|p1b: Ting-Lu|84\/100|[from] item: Rocky Helmet|[of] p2a: Amoonguss\n|move|p2a: Amoonguss|Spore|p1b: Ting-Lu\n|-status|p1b: Ting-Lu|slp|[from] move: Spore\n|\n|upkeep\n|turn|2\n|\n|t:|1740194207\n|move|p2a: Amoonguss|Protect|p2a: Amoonguss\n|-singleturn|p2a: Amoonguss|Protect\n|move|p2b: Incineroar|Knock Off|p1a: Calyrex\n|-supereffective|p1a: Calyrex\n|-damage|p1a: Calyrex|45\/100\n|-enditem|p1a: Calyrex|Sitrus Berry|[from] move: Knock Off|[of] p2b: Incineroar\n|move|p1a: Calyrex|Glacial Lance|p2b: Incineroar|[spread] p2b\n|-activate|p2a: Amoonguss|move: Protect\n|-resisted|p2b: Incineroar\n|-damage|p2b: Incineroar|87\/100\n|cant|p1b: Ting-Lu|slp\n|\n|upkeep\n|turn|3\n|\n|t:|1740194221\n|move|p2b: Incineroar|Parting Shot|p1a: Calyrex\n|-unboost|p1a: Calyrex|atk|1\n|-unboost|p1a: Calyrex|spa|1\n|\n|t:|1740194224\n|switch|p2b: Kyogre|Kyogre, L50|100\/100|[from] Parting Shot\n|-weather|RainDance|[from] ability: Drizzle|[of] p2b: Kyogre\n|move|p1a: Calyrex|Glacial Lance|p2b: Kyogre|[spread] p2a,p2b\n|-supereffective|p2a: Amoonguss\n|-resisted|p2b: Kyogre\n|-damage|p2a: Amoonguss|39\/100\n|-damage|p2b: Kyogre|89\/100\n|-curestatus|p1b: Ting-Lu|slp|[msg]\n|move|p1b: Ting-Lu|Stomping Tantrum|p2b: Kyogre\n|-damage|p2b: Kyogre|46\/100\n|move|p2a: Amoonguss|Spore|p1a: Calyrex\n|-status|p1a: Calyrex|slp|[from] move: Spore\n|\n|-weather|RainDance|[upkeep]\n|-heal|p2b: Kyogre|52\/100|[from] item: Leftovers\n|upkeep\n|turn|4\n|\n|t:|1740194239\n|switch|p2a: Incineroar|Incineroar, L50, F|87\/100\n|-ability|p2a: Incineroar|Intimidate|boost\n|-unboost|p1a: Calyrex|atk|1\n|-unboost|p1b: Ting-Lu|atk|1\n|-terastallize|p1b: Ting-Lu|Grass\n|cant|p1a: Calyrex|slp\n|move|p2b: Kyogre|Calm Mind|p2b: Kyogre\n|-boost|p2b: Kyogre|spa|1\n|-boost|p2b: Kyogre|spd|1\n|move|p1b: Ting-Lu|Tera Blast|p2b: Kyogre|[anim] Tera Blast Grass\n|-supereffective|p2b: Kyogre\n|-damage|p2b: Kyogre|18\/100\n|\n|-weather|RainDance|[upkeep]\n|-heal|p2b: Kyogre|24\/100|[from] item: Leftovers\n|upkeep\n|turn|5\n|\n|t:|1740194259\n|switch|p1a: Dondozo|Dondozo, L50, M|100\/100\n|switch|p1b: Tatsugiri|Tatsugiri, L50, M|100\/100\n|-activate|p1b: Tatsugiri|ability: Commander|[of] p1a: Dondozo\n|-boost|p1a: Dondozo|atk|2\n|-boost|p1a: Dondozo|spa|2\n|-boost|p1a: Dondozo|spe|2\n|-boost|p1a: Dondozo|def|2\n|-boost|p1a: Dondozo|spd|2\n|move|p2a: Incineroar|Fake Out|p1b: Tatsugiri|[miss]\n|-miss|p2a: Incineroar|p1b: Tatsugiri\n|move|p2b: Kyogre|Origin Pulse|p1a: Dondozo|[spread] p1a\n|-miss|p2b: Kyogre|p1b: Tatsugiri\n|-resisted|p1a: Dondozo\n|-damage|p1a: Dondozo|84\/100\n|\n|-weather|RainDance|[upkeep]\n|-heal|p1a: Dondozo|90\/100|[from] item: Leftovers\n|-heal|p2b: Kyogre|30\/100|[from] item: Leftovers\n|upkeep\n|turn|6\n|j| eriksp3\n|\n|t:|1740194273\n|switch|p2a: Amoonguss|Amoonguss, L50, M|72\/100\n|move|p2b: Kyogre|Protect|p2b: Kyogre\n|-singleturn|p2b: Kyogre|Protect\n|move|p1a: Dondozo|Wave Crash|p2a: Amoonguss\n|-resisted|p2a: Amoonguss\n|-damage|p2a: Amoonguss|27\/100\n|-damage|p1a: Dondozo|73\/100|[from] item: Rocky Helmet|[of] p2a: Amoonguss\n|-damage|p1a: Dondozo|59\/100|[from] Recoil\n|\n|-weather|RainDance|[upkeep]\n|-heal|p1a: Dondozo|65\/100|[from] item: Leftovers\n|-heal|p2b: Kyogre|36\/100|[from] item: Leftovers\n|upkeep\n|turn|7\n|\n|t:|1740194292\n|switch|p2b: Urshifu|Urshifu-Rapid-Strike, L50, F|100\/100\n|switch|p2a: Incineroar|Incineroar, L50, F|87\/100\n|-ability|p2a: Incineroar|Intimidate|boost\n|-unboost|p1a: Dondozo|atk|1\n|-unboost|p1b: Tatsugiri|atk|1\n|move|p1a: Dondozo|Substitute|p1a: Dondozo\n|-start|p1a: Dondozo|Substitute\n|-damage|p1a: Dondozo|40\/100\n|\n|-weather|none\n|-heal|p1a: Dondozo|46\/100|[from] item: Leftovers\n|upkeep\n|turn|8\n|\n|t:|1740194312\n|-terastallize|p2a: Incineroar|Ghost\n|move|p2b: Urshifu|Surging Strikes|p1a: Dondozo\n|-resisted|p1a: Dondozo\n|-crit|p1a: Dondozo\n|-activate|p1a: Dondozo|move: Substitute|[damage]\n|-resisted|p1a: Dondozo\n|-crit|p1a: Dondozo\n|-activate|p1a: Dondozo|move: Substitute|[damage]\n|-resisted|p1a: Dondozo\n|-crit|p1a: Dondozo\n|-activate|p1a: Dondozo|move: Substitute|[damage]\n|-hitcount|p1a: Dondozo|3\n|move|p1a: Dondozo|Body Press|p2a: Incineroar\n|-immune|p2a: Incineroar\n|move|p2a: Incineroar|Parting Shot|p1a: Dondozo\n|-unboost|p1a: Dondozo|atk|1\n|-unboost|p1a: Dondozo|spa|1\n|l| eriksp3\n|\n|t:|1740194327\n|switch|p2a: Amoonguss|Amoonguss, L50, M|60\/100|[from] Parting Shot\n|\n|-heal|p1a: Dondozo|52\/100|[from] item: Leftovers\n|upkeep\n|turn|9\n|\n|t:|1740194337\n|switch|p2a: Incineroar|Incineroar, L50, F, tera:Ghost|87\/100\n|-ability|p2a: Incineroar|Intimidate|boost\n|-immune|p1a: Dondozo\n|-unboost|p1b: Tatsugiri|atk|1\n|move|p2b: Urshifu|Surging Strikes|p1a: Dondozo\n|-resisted|p1a: Dondozo\n|-crit|p1a: Dondozo\n|-end|p1a: Dondozo|Substitute\n|-resisted|p1a: Dondozo\n|-crit|p1a: Dondozo\n|-damage|p1a: Dondozo|45\/100\n|-resisted|p1a: Dondozo\n|-crit|p1a: Dondozo\n|-damage|p1a: Dondozo|38\/100\n|-hitcount|p1a: Dondozo|3\n|move|p1a: Dondozo|Wave Crash|p2a: Incineroar\n|-damage|p2a: Incineroar|58\/100\n|-damage|p1a: Dondozo|30\/100|[from] Recoil\n|\n|-heal|p1a: Dondozo|36\/100|[from] item: Leftovers\n|upkeep\n|turn|10\n|\n|t:|1740194356\n|move|p2b: Urshifu|Surging Strikes|p1a: Dondozo\n|-resisted|p1a: Dondozo\n|-crit|p1a: Dondozo\n|-damage|p1a: Dondozo|30\/100\n|-resisted|p1a: Dondozo\n|-crit|p1a: Dondozo\n|-damage|p1a: Dondozo|23\/100\n|-resisted|p1a: Dondozo\n|-crit|p1a: Dondozo\n|-damage|p1a: Dondozo|17\/100\n|-hitcount|p1a: Dondozo|3\n|move|p1a: Dondozo|Wave Crash|p2a: Incineroar\n|-damage|p2a: Incineroar|25\/100\n|-damage|p1a: Dondozo|7\/100|[from] Recoil\n|move|p2a: Incineroar|Parting Shot|p1a: Dondozo\n|-unboost|p1a: Dondozo|atk|1\n|-unboost|p1a: Dondozo|spa|1\n|\n|t:|1740194369\n|switch|p2a: Amoonguss|Amoonguss, L50, M|94\/100|[from] Parting Shot\n|\n|-heal|p1a: Dondozo|13\/100|[from] item: Leftovers\n|upkeep\n|turn|11\n|\n|t:|1740194377\n|move|p2a: Amoonguss|Rage Powder|p2a: Amoonguss\n|-singleturn|p2a: Amoonguss|move: Rage Powder\n|move|p2b: Urshifu|Surging Strikes|p1a: Dondozo\n|-resisted|p1a: Dondozo\n|-crit|p1a: Dondozo\n|-damage|p1a: Dondozo|7\/100\n|-resisted|p1a: Dondozo\n|-crit|p1a: Dondozo\n|-damage|p1a: Dondozo|1\/100\n|-resisted|p1a: Dondozo\n|-crit|p1a: Dondozo\n|-damage|p1a: Dondozo|0 fnt\n|faint|p1a: Dondozo\n|-hitcount|p1: Dondozo|3\n|\n|upkeep\n|\n|t:|1740194382\n|switch|p1a: Calyrex|Calyrex-Ice, L50|45\/100 slp\n|-ability|p1a: Calyrex|As One\n|-ability|p1a: Calyrex|Unnerve\n|turn|12\n|\n|t:|1740194393\n|move|p2b: Urshifu|Surging Strikes|p1a: Calyrex\n|-crit|p1a: Calyrex\n|-damage|p1a: Calyrex|32\/100 slp\n|-crit|p1a: Calyrex\n|-damage|p1a: Calyrex|18\/100 slp\n|-crit|p1a: Calyrex\n|-damage|p1a: Calyrex|4\/100 slp\n|-hitcount|p1a: Calyrex|3\n|move|p1b: Tatsugiri|Draco Meteor|p2b: Urshifu\n|-damage|p2b: Urshifu|17\/100\n|-unboost|p1b: Tatsugiri|spa|2\n|cant|p1a: Calyrex|slp\n|move|p2a: Amoonguss|Spore|p1b: Tatsugiri\n|-status|p1b: Tatsugiri|slp|[from] move: Spore\n|\n|upkeep\n|turn|13\n|\n|t:|1740194410\n|switch|p1b: Ting-Lu|Ting-Lu, L50, tera:Grass|84\/100\n|-ability|p1b: Ting-Lu|Vessel of Ruin\n|move|p2b: Urshifu|Surging Strikes|p1a: Calyrex\n|-crit|p1a: Calyrex\n|-damage|p1a: Calyrex|0 fnt\n|faint|p1a: Calyrex\n|-hitcount|p1: Calyrex|1\n|move|p2a: Amoonguss|Sludge Bomb|p1b: Ting-Lu\n|-supereffective|p1b: Ting-Lu\n|-damage|p1b: Ting-Lu|63\/100\n|\n|upkeep\n|\n|t:|1740194417\n|switch|p1a: Tatsugiri|Tatsugiri, L50, M|100\/100 slp\n|turn|14\n|\n|t:|1740194428\n|switch|p2b: Incineroar|Incineroar, L50, F, tera:Ghost|25\/100\n|-ability|p2b: Incineroar|Intimidate|boost\n|-unboost|p1a: Tatsugiri|atk|1\n|-unboost|p1b: Ting-Lu|atk|1\n|move|p2a: Amoonguss|Protect|p2a: Amoonguss\n|-singleturn|p2a: Amoonguss|Protect\n|cant|p1a: Tatsugiri|slp\n|move|p1b: Ting-Lu|Tera Blast|p2b: Incineroar|[anim] Tera Blast Grass\n|-damage|p2b: Incineroar|4\/100\n|\n|upkeep\n|turn|15\n|\n|t:|1740194447\n|cant|p1a: Tatsugiri|slp\n|move|p2b: Incineroar|Will-O-Wisp|p1b: Ting-Lu|[miss]\n|-miss|p2b: Incineroar|p1b: Ting-Lu\n|move|p1b: Ting-Lu|Tera Blast|p2b: Incineroar|[anim] Tera Blast Grass\n|-damage|p2b: Incineroar|0 fnt\n|faint|p2b: Incineroar\n|move|p2a: Amoonguss|Sludge Bomb|p1b: Ting-Lu\n|-supereffective|p1b: Ting-Lu\n|-damage|p1b: Ting-Lu|40\/100\n|\n|upkeep\n|\n|t:|1740194453\n|switch|p2b: Urshifu|Urshifu-Rapid-Strike, L50, F|17\/100\n|turn|16\n|\n|t:|1740194469\n|move|p2a: Amoonguss|Protect|p2a: Amoonguss\n|-singleturn|p2a: Amoonguss|Protect\n|move|p2b: Urshifu|Close Combat|p1a: Tatsugiri\n|-damage|p1a: Tatsugiri|0 fnt\n|-unboost|p2b: Urshifu|def|1\n|-unboost|p2b: Urshifu|spd|1\n|faint|p1a: Tatsugiri\n|move|p1b: Ting-Lu|Tera Blast|p2b: Urshifu|[anim] Tera Blast Grass\n|-supereffective|p2b: Urshifu\n|-damage|p2b: Urshifu|0 fnt\n|faint|p2b: Urshifu\n|\n|upkeep\n|\n|t:|1740194476\n|switch|p2b: Kyogre|Kyogre, L50|36\/100\n|-weather|RainDance|[from] ability: Drizzle|[of] p2b: Kyogre\n|turn|17\n|\n|t:|1740194480\n|move|p2b: Kyogre|Ice Beam|p1b: Ting-Lu\n|-supereffective|p1b: Ting-Lu\n|-damage|p1b: Ting-Lu|10\/100\n|move|p1b: Ting-Lu|Tera Blast|p2b: Kyogre|[anim] Tera Blast Grass\n|-supereffective|p2b: Kyogre\n|-damage|p2b: Kyogre|0 fnt\n|faint|p2b: Kyogre\n|move|p2a: Amoonguss|Sludge Bomb|p1b: Ting-Lu\n|-supereffective|p1b: Ting-Lu\n|-damage|p1b: Ting-Lu|0 fnt\n|faint|p1b: Ting-Lu\n|\n|win|edris\n|raw|tep0914's rating: 1675 &rarr; <strong>1652<\/strong><br \/>(-23 for losing)\n|raw|edris's rating: 1620 &rarr; <strong>1643<\/strong><br \/>(+23 for winning)\n|l|\u2606tep0914\n|player|p1|\n","uploadtime":1740194750,"views":5,"formatid":"gen9vgc2025regg","rating":1643,"private":0,"password":null}