{"id":"gen9vgc2025regg-2305327820","format":"[Gen 9] VGC 2025 Reg G","players":["ReReReTryAgain","Jayson_Ubo"],"log":"|j|\u2606ReReReTryAgain\n|j|\u2606Jayson_Ubo\n|t:|1740172744\n|gametype|doubles\n|player|p1|ReReReTryAgain|1|1697\n|player|p2|Jayson_Ubo|hilbert|1557\n|teamsize|p1|6\n|teamsize|p2|6\n|gen|9\n|tier|[Gen 9] VGC 2025 Reg G\n|rated|\n|rule|Species Clause: Limit one of each Pok\u00e9mon\n|rule|Item Clause: Limit 1 of each item\n|clearpoke\n|poke|p1|Ogerpon-Cornerstone, L50, F|\n|poke|p1|Lunala, L50|\n|poke|p1|Indeedee-F, L50, F|\n|poke|p1|Roaring Moon, L50|\n|poke|p1|Urshifu-*, L50, F|\n|poke|p1|Ursaluna, L50, F|\n|poke|p2|Calyrex-Ice, L50|\n|poke|p2|Smeargle, L50, F|\n|poke|p2|Ursaluna-Bloodmoon, L50, M|\n|poke|p2|Farigiraf, L50, F|\n|poke|p2|Annihilape, L50, F|\n|poke|p2|Electabuzz, L50, M|\n|teampreview|4\n|inactive|Battle timer is ON: inactive players will automatically lose when time's up. (requested by Jayson_Ubo)\n|\n|t:|1740172764\n|start\n|switch|p1a: Roaring Moon|Roaring Moon, L50|100\/100\n|switch|p1b: Lunala|Lunala, L50|100\/100\n|switch|p2a: Calyrex|Calyrex-Ice, L50|100\/100\n|switch|p2b: Smeargle|Smeargle, L50, F|100\/100\n|-ability|p2a: Calyrex|As One\n|-ability|p2a: Calyrex|Unnerve\n|-enditem|p1a: Roaring Moon|Booster Energy\n|-activate|p1a: Roaring Moon|ability: Protosynthesis|[fromitem]\n|-start|p1a: Roaring Moon|protosynthesisspe\n|turn|1\n|\n|t:|1740172776\n|-terastallize|p1a: Roaring Moon|Ghost\n|-terastallize|p2a: Calyrex|Water\n|move|p2b: Smeargle|Fake Out|p1a: Roaring Moon\n|-immune|p1a: Roaring Moon\n|move|p1a: Roaring Moon|Taunt|p2b: Smeargle\n|-start|p2b: Smeargle|move: Taunt\n|move|p1b: Lunala|Meteor Beam||[still]\n|-prepare|p1b: Lunala|Meteor Beam\n|-boost|p1b: Lunala|spa|1\n|-enditem|p1b: Lunala|Power Herb\n|-anim|p1b: Lunala|Meteor Beam|p2a: Calyrex\n|-crit|p2a: Calyrex\n|-damage|p2a: Calyrex|23\/100\n|-enditem|p2a: Calyrex|Sitrus Berry|[eat]\n|-heal|p2a: Calyrex|48\/100|[from] item: Sitrus Berry\n|move|p2a: Calyrex|Trick Room|p2a: Calyrex\n|-fieldstart|move: Trick Room|[of] p2a: Calyrex\n|\n|upkeep\n|turn|2\n|\n|t:|1740172796\n|switch|p2b: Ursaluna|Ursaluna-Bloodmoon, L50, M|100\/100\n|move|p2a: Calyrex|Protect|p2a: Calyrex\n|-singleturn|p2a: Calyrex|Protect\n|move|p1b: Lunala|Moongeist Beam|p2a: Calyrex\n|-activate|p2a: Calyrex|move: Protect\n|move|p1a: Roaring Moon|Taunt|p2b: Ursaluna\n|-start|p2b: Ursaluna|move: Taunt\n|\n|upkeep\n|turn|3\n|\n|t:|1740172813\n|move|p2b: Ursaluna|Hyper Voice|p1a: Roaring Moon|[spread] p1a,p1b\n|-damage|p1a: Roaring Moon|60\/100\n|-damage|p1b: Lunala|80\/100\n|-damage|p2b: Ursaluna|91\/100|[from] item: Life Orb\n|move|p2a: Calyrex|Glacial Lance|p1a: Roaring Moon|[spread] p1a,p1b\n|-damage|p1a: Roaring Moon|0 fnt\n|-damage|p1b: Lunala|34\/100\n|faint|p1a: Roaring Moon\n|-end|p1a: Roaring Moon|Protosynthesis|[silent]\n|-ability|p2a: Calyrex|Chilling Neigh|boost\n|-boost|p2a: Calyrex|atk|1\n|move|p1b: Lunala|Trick Room|p1b: Lunala\n|-fieldend|move: Trick Room\n|\n|upkeep\n|\n|t:|1740172818\n|switch|p1a: Urshifu|Urshifu-Rapid-Strike, L50, F|100\/100\n|turn|4\n|\n|t:|1740172829\n|move|p2a: Calyrex|Protect|p2a: Calyrex\n|-singleturn|p2a: Calyrex|Protect\n|move|p1a: Urshifu|Close Combat|p2a: Calyrex\n|-damage|p2a: Calyrex|0 fnt\n|-unboost|p1a: Urshifu|def|1\n|-unboost|p1a: Urshifu|spd|1\n|faint|p2a: Calyrex\n|-damage|p1a: Urshifu|91\/100|[from] item: Life Orb\n|move|p1b: Lunala|Expanding Force|p2b: Ursaluna\n|-damage|p2b: Ursaluna|13\/100\n|move|p2b: Ursaluna|Hyper Voice|p1a: Urshifu|[spread] p1a,p1b\n|-damage|p1a: Urshifu|0 fnt\n|-damage|p1b: Lunala|0 fnt\n|faint|p1a: Urshifu\n|faint|p1b: Lunala\n|-damage|p2b: Ursaluna|3\/100|[from] item: Life Orb\n|\n|-end|p2b: Ursaluna|move: Taunt\n|upkeep\n|\n|t:|1740172841\n|switch|p1b: Ogerpon|Ogerpon-Cornerstone, L50, F|100\/100\n|switch|p2a: Annihilape|Annihilape, L50, F|100\/100\n|turn|5\n|\n|t:|1740172860\n|move|p2a: Annihilape|Final Gambit|p1b: Ogerpon\n|-ability|p1b: Ogerpon|Sturdy\n|-damage|p1b: Ogerpon|1\/100\n|faint|p2a: Annihilape\n|move|p1b: Ogerpon|Ivy Cudgel|p2b: Ursaluna|[anim] Ivy Cudgel Rock\n|-resisted|p2b: Ursaluna\n|-damage|p2b: Ursaluna|0 fnt\n|faint|p2b: Ursaluna\n|\n|upkeep\n|\n|t:|1740172863\n|switch|p2b: Smeargle|Smeargle, L50, F|100\/100\n|turn|6\n|\n|t:|1740172868\n|move|p1b: Ogerpon|Spiky Shield|p1b: Ogerpon\n|-singleturn|p1b: Ogerpon|move: Protect\n|move|p2b: Smeargle|Fake Out|p1b: Ogerpon\n|-activate|p1b: Ogerpon|move: Protect\n|-damage|p2b: Smeargle|88\/100|[from] Spiky Shield|[of] p1b: Ogerpon\n|\n|upkeep\n|turn|7\n|c|\u2606Jayson_Ubo|Oh no\n|c|\u2606Jayson_Ubo|what a throw\n|c|\u2606Jayson_Ubo|LMFAOOOOOO\n|c|\u2606Jayson_Ubo|WHY DIDNT I CC\n|\n|t:|1740172887\n|move|p2b: Smeargle|Fake Out||[still]\n|-hint|Fake Out only works on your first turn out.\n|-fail|p2b: Smeargle\n|move|p1b: Ogerpon|Ivy Cudgel|p2b: Smeargle|[anim] Ivy Cudgel Rock\n|-damage|p2b: Smeargle|1\/100\n|\n|upkeep\n|turn|8\n|-message|Jayson_Ubo forfeited.\n|\n|win|ReReReTryAgain\n|raw|ReReReTryAgain's rating: 1697 &rarr; <strong>1709<\/strong><br \/>(+12 for winning)\n|raw|Jayson_Ubo's rating: 1557 &rarr; <strong>1545<\/strong><br \/>(-12 for losing)\n|l|\u2606Jayson_Ubo\n|player|p2|\n|c|\u2606ReReReTryAgain|Thanks i guess jajaja\n|l|\u2606ReReReTryAgain\n|player|p1|\n","uploadtime":1740173127,"views":5,"formatid":"gen9vgc2025regg","rating":1545,"private":0,"password":null}