{"id":"gen9vgc2025regg-2305585667","format":"[Gen 9] VGC 2025 Reg G","players":["guanyanzhong","navinsachump"],"log":"|j|\u2606guanyanzhong\n|j|\u2606navinsachump\n|t:|1740211305\n|gametype|doubles\n|player|p1|guanyanzhong|266|1587\n|player|p2|navinsachump|102|1598\n|teamsize|p1|6\n|teamsize|p2|6\n|gen|9\n|tier|[Gen 9] VGC 2025 Reg G\n|rated|\n|rule|Species Clause: Limit one of each Pok\u00e9mon\n|rule|Item Clause: Limit 1 of each item\n|clearpoke\n|poke|p1|Calyrex-Ice, L50|\n|poke|p1|Rillaboom, L50, M|\n|poke|p1|Incineroar, L50, F|\n|poke|p1|Raging Bolt, L50|\n|poke|p1|Pelipper, L50, F|\n|poke|p1|Urshifu-*, L50, M|\n|poke|p2|Whimsicott, L50, M|\n|poke|p2|Ogerpon-Cornerstone, L50, F|\n|poke|p2|Incineroar, L50, M|\n|poke|p2|Miraidon, L50|\n|poke|p2|Ursaluna-Bloodmoon, L50, M|\n|poke|p2|Farigiraf, L50, M|\n|teampreview|4\n|inactive|Battle timer is ON: inactive players will automatically lose when time's up. (requested by navinsachump)\n|inactive|guanyanzhong has 60 seconds left.\n|\n|t:|1740211379\n|start\n|switch|p1a: Raging Bolt|Raging Bolt, L50|100\/100\n|switch|p1b: Rillaboom|Rillaboom, L50, M|100\/100\n|switch|p2a: Miraidon|Miraidon, L50|100\/100\n|switch|p2b: Ursaluna|Ursaluna-Bloodmoon, L50, M|100\/100\n|-fieldstart|move: Electric Terrain|[from] ability: Hadron Engine|[of] p2a: Miraidon\n|-fieldstart|move: Grassy Terrain|[from] ability: Grassy Surge|[of] p1b: Rillaboom\n|-enditem|p1a: Raging Bolt|Booster Energy\n|-activate|p1a: Raging Bolt|ability: Protosynthesis|[fromitem]\n|-start|p1a: Raging Bolt|protosynthesisspa\n|turn|1\n|\n|t:|1740211399\n|-terastallize|p2a: Miraidon|Electric\n|move|p1a: Raging Bolt|Protect|p1a: Raging Bolt\n|-singleturn|p1a: Raging Bolt|Protect\n|move|p2a: Miraidon|Volt Switch|p1a: Raging Bolt\n|-activate|p1a: Raging Bolt|move: Protect\n|move|p1b: Rillaboom|U-turn|p2b: Ursaluna\n|-damage|p2b: Ursaluna|83\/100\n|\n|t:|1740211412\n|switch|p1b: Pelipper|Pelipper, L50, F|100\/100|[from] U-turn\n|-weather|RainDance|[from] ability: Drizzle|[of] p1b: Pelipper\n|move|p2b: Ursaluna|Blood Moon|p1b: Pelipper\n|-enditem|p1b: Pelipper|Focus Sash\n|-damage|p1b: Pelipper|1\/100\n|-damage|p2b: Ursaluna|73\/100|[from] item: Life Orb\n|\n|-weather|RainDance|[upkeep]\n|-heal|p2b: Ursaluna|79\/100|[from] Grassy Terrain\n|upkeep\n|turn|2\n|inactive|guanyanzhong has 30 seconds left.\n|inactive|guanyanzhong has 20 seconds left.\n|\n|t:|1740211448\n|move|p1b: Pelipper|Protect|p1b: Pelipper\n|-singleturn|p1b: Pelipper|Protect\n|move|p2a: Miraidon|Volt Switch|p1b: Pelipper\n|-activate|p1b: Pelipper|move: Protect\n|move|p2b: Ursaluna|Earth Power|p1a: Raging Bolt\n|-supereffective|p1a: Raging Bolt\n|-damage|p1a: Raging Bolt|0 fnt\n|faint|p1a: Raging Bolt\n|-end|p1a: Raging Bolt|Protosynthesis|[silent]\n|-damage|p2b: Ursaluna|69\/100|[from] item: Life Orb\n|\n|-weather|RainDance|[upkeep]\n|-heal|p2b: Ursaluna|75\/100|[from] Grassy Terrain\n|upkeep\n|\n|t:|1740211466\n|switch|p1a: Calyrex|Calyrex-Ice, L50|100\/100\n|-ability|p1a: Calyrex|As One\n|-ability|p1a: Calyrex|Unnerve\n|turn|3\n|inactive|navinsachump has 30 seconds left.\n|inactive|guanyanzhong has 30 seconds left.\n|inactive|navinsachump has 20 seconds left.\n|\n|t:|1740211502\n|move|p2a: Miraidon|Volt Switch|p1b: Pelipper\n|-supereffective|p1b: Pelipper\n|-damage|p1b: Pelipper|0 fnt\n|faint|p1b: Pelipper\n|\n|t:|1740211507\n|switch|p2a: Farigiraf|Farigiraf, L50, M|100\/100|[from] Volt Switch\n|move|p2b: Ursaluna|Blood Moon|p1a: Calyrex\n|-damage|p1a: Calyrex|36\/100\n|-damage|p2b: Ursaluna|66\/100|[from] item: Life Orb\n|move|p1a: Calyrex|Trick Room|p1a: Calyrex\n|-fieldstart|move: Trick Room|[of] p1a: Calyrex\n|\n|-weather|RainDance|[upkeep]\n|-heal|p1a: Calyrex|42\/100|[from] Grassy Terrain\n|-heal|p2b: Ursaluna|71\/100|[from] Grassy Terrain\n|upkeep\n|\n|t:|1740211521\n|switch|p1b: Rillaboom|Rillaboom, L50, M|100\/100\n|turn|4\n|\n|t:|1740211539\n|move|p2b: Ursaluna|Protect|p2b: Ursaluna\n|-singleturn|p2b: Ursaluna|Protect\n|move|p1a: Calyrex|Glacial Lance|p2a: Farigiraf|[spread] p2a\n|-activate|p2b: Ursaluna|move: Protect\n|-damage|p2a: Farigiraf|55\/100\n|move|p2a: Farigiraf|Foul Play|p1a: Calyrex\n|-supereffective|p1a: Calyrex\n|-damage|p1a: Calyrex|0 fnt\n|faint|p1a: Calyrex\n|move|p1b: Rillaboom|Wood Hammer|p2a: Farigiraf\n|-damage|p2a: Farigiraf|0 fnt\n|faint|p2a: Farigiraf\n|-damage|p1b: Rillaboom|81\/100|[from] Recoil\n|\n|-weather|RainDance|[upkeep]\n|-heal|p2b: Ursaluna|77\/100|[from] Grassy Terrain\n|-heal|p1b: Rillaboom|87\/100|[from] Grassy Terrain\n|upkeep\n|\n|t:|1740211551\n|switch|p2a: Miraidon|Miraidon, L50, tera:Electric|100\/100\n|-fieldstart|move: Electric Terrain|[from] ability: Hadron Engine|[of] p2a: Miraidon\n|turn|5\n|-message|guanyanzhong forfeited.\n|\n|win|navinsachump\n|raw|guanyanzhong's rating: 1587 &rarr; <strong>1568<\/strong><br \/>(-19 for losing)\n|raw|navinsachump's rating: 1598 &rarr; <strong>1617<\/strong><br \/>(+19 for winning)\n|l|\u2606guanyanzhong\n|player|p1|\n|l|\u2606navinsachump\n|player|p2|\n","uploadtime":1740211732,"views":3,"formatid":"gen9vgc2025regg","rating":1568,"private":0,"password":null}