{"id":"gen9vgc2025regg-2305469953","format":"[Gen 9] VGC 2025 Reg G","players":["ragionBolte","eriksp3"],"log":"|j|\u2606ragionBolte\n|j|\u2606eriksp3\n|t:|1740191003\n|gametype|doubles\n|player|p1|ragionBolte|101|1695\n|player|p2|eriksp3|volkner-masters|1624\n|teamsize|p1|6\n|teamsize|p2|6\n|gen|9\n|tier|[Gen 9] VGC 2025 Reg G\n|rated|\n|rule|Species Clause: Limit one of each Pok\u00e9mon\n|rule|Item Clause: Limit 1 of each item\n|clearpoke\n|poke|p1|Calyrex-Ice, L50|\n|poke|p1|Urshifu-*, L50, M|\n|poke|p1|Incineroar, L50, F|\n|poke|p1|Comfey, L50, M|\n|poke|p1|Ogerpon, L50, F|\n|poke|p1|Volcarona, L50, M|\n|poke|p2|Calyrex-Ice, L50|\n|poke|p2|Landorus, L50, M|\n|poke|p2|Regieleki, L50|\n|poke|p2|Urshifu-*, L50, M|\n|poke|p2|Volcarona, L50, F|\n|poke|p2|Ogerpon-Cornerstone, L50, F|\n|teampreview|4\neriksp3 has agreed to open team sheets.\n|inactive|Battle timer is ON: inactive players will automatically lose when time's up. (requested by ragionBolte)\n|\n|t:|1740191044\n|start\n|switch|p1a: Calyrex|Calyrex-Ice, L50|100\/100\n|switch|p1b: Urshifu|Urshifu-Rapid-Strike, L50, M|100\/100\n|switch|p2a: untitled 05|Calyrex-Ice, L50|100\/100\n|switch|p2b: Ogerpon|Ogerpon-Cornerstone, L50, F|100\/100\n|-ability|p1a: Calyrex|As One\n|-ability|p1a: Calyrex|Unnerve\n|-ability|p2a: untitled 05|As One\n|-ability|p2a: untitled 05|Unnerve\n|turn|1\n|inactive|ragionBolte has 30 seconds left.\n|inactive|ragionBolte has 20 seconds left.\n|\n|t:|1740191080\n|-terastallize|p1a: Calyrex|Water\n|move|p1b: Urshifu|Surging Strikes|p2b: Ogerpon\n|-crit|p2b: Ogerpon\n|-damage|p2b: Ogerpon|71\/100\n|-crit|p2b: Ogerpon\n|-damage|p2b: Ogerpon|40\/100\n|-crit|p2b: Ogerpon\n|-damage|p2b: Ogerpon|7\/100\n|-hitcount|p2b: Ogerpon|3\n|move|p2b: Ogerpon|Power Whip|p1b: Urshifu\n|-supereffective|p1b: Urshifu\n|-damage|p1b: Urshifu|0 fnt\n|faint|p1b: Urshifu\n|move|p2a: untitled 05|Glacial Lance|p1a: Calyrex\n|-resisted|p1a: Calyrex\n|-damage|p1a: Calyrex|77\/100\n|move|p1a: Calyrex|Glacial Lance|p2b: Ogerpon|[spread] p2a,p2b\n|-resisted|p2a: untitled 05\n|-supereffective|p2b: Ogerpon\n|-damage|p2a: untitled 05|83\/100\n|-damage|p2b: Ogerpon|0 fnt\n|faint|p2b: Ogerpon\n|-ability|p1a: Calyrex|Chilling Neigh|boost\n|-boost|p1a: Calyrex|atk|1\n|\n|upkeep\n|inactive|ragionBolte has 30 seconds left.\n|\n|t:|1740191106\n|switch|p2b: Volcarona|Volcarona, L50, F|100\/100\n|switch|p1b: Ogerpon|Ogerpon, L50, F|100\/100\n|turn|2\n|\n|t:|1740191123\n|move|p1b: Ogerpon|Follow Me|p1b: Ogerpon\n|-singleturn|p1b: Ogerpon|move: Follow Me\n|move|p2b: Volcarona|Will-O-Wisp|p1b: Ogerpon|[miss]\n|-miss|p2b: Volcarona|p1b: Ogerpon\n|move|p1a: Calyrex|Glacial Lance|p2a: untitled 05|[spread] p2a,p2b\n|-resisted|p2a: untitled 05\n|-resisted|p2b: Volcarona\n|-damage|p2a: untitled 05|59\/100\n|-damage|p2b: Volcarona|57\/100\n|move|p2a: untitled 05|Glacial Lance|p1a: Calyrex|[spread] p1a,p1b\n|-resisted|p1a: Calyrex\n|-supereffective|p1b: Ogerpon\n|-damage|p1a: Calyrex|61\/100\n|-enditem|p1b: Ogerpon|Focus Sash\n|-damage|p1b: Ogerpon|1\/100\n|\n|upkeep\n|turn|3\n|inactive|eriksp3 has 30 seconds left.\n|\n|t:|1740191151\n|move|p1b: Ogerpon|Follow Me|p1b: Ogerpon\n|-singleturn|p1b: Ogerpon|move: Follow Me\n|move|p2b: Volcarona|Will-O-Wisp|p1b: Ogerpon\n|-status|p1b: Ogerpon|brn\n|move|p2a: untitled 05|Glacial Lance|p1b: Ogerpon|[spread] p1a,p1b\n|-resisted|p1a: Calyrex\n|-supereffective|p1b: Ogerpon\n|-crit|p1b: Ogerpon\n|-damage|p1a: Calyrex|45\/100\n|-damage|p1b: Ogerpon|0 fnt\n|faint|p1b: Ogerpon\n|-ability|p2a: untitled 05|Chilling Neigh|boost\n|-boost|p2a: untitled 05|atk|1\n|move|p1a: Calyrex|Glacial Lance|p2a: untitled 05|[spread] p2a,p2b\n|-resisted|p2a: untitled 05\n|-resisted|p2b: Volcarona\n|-damage|p2a: untitled 05|34\/100\n|-damage|p2b: Volcarona|13\/100\n|\n|upkeep\n|\n|t:|1740191164\n|switch|p1b: Comfey|Comfey, L50, M|100\/100\n|turn|4\n|\n|t:|1740191170\n|move|p1b: Comfey|Floral Healing|p1a: Calyrex\n|-heal|p1a: Calyrex|95\/100\n|move|p2b: Volcarona|Will-O-Wisp|p1a: Calyrex|[miss]\n|-miss|p2b: Volcarona|p1a: Calyrex\n|move|p1a: Calyrex|Glacial Lance|p2b: Volcarona|[spread] p2a,p2b\n|-resisted|p2a: untitled 05\n|-resisted|p2b: Volcarona\n|-damage|p2a: untitled 05|9\/100\n|-damage|p2b: Volcarona|0 fnt\n|faint|p2b: Volcarona\n|-ability|p1a: Calyrex|Chilling Neigh|boost\n|-boost|p1a: Calyrex|atk|1\n|move|p2a: untitled 05|Glacial Lance|p1b: Comfey|[spread] p1a,p1b\n|-resisted|p1a: Calyrex\n|-damage|p1a: Calyrex|68\/100\n|-damage|p1b: Comfey|0 fnt\n|faint|p1b: Comfey\n|-ability|p2a: untitled 05|Chilling Neigh|boost\n|-boost|p2a: untitled 05|atk|1\n|\n|upkeep\n|\n|t:|1740191177\n|switch|p2b: HiiiPoWeR|Landorus, L50, M|100\/100\n|turn|5\n|\n|t:|1740191183\n|-terastallize|p2b: HiiiPoWeR|Water\n|move|p2b: HiiiPoWeR|Earth Power|p1a: Calyrex\n|-damage|p1a: Calyrex|36\/100\n|move|p1a: Calyrex|Glacial Lance|p2a: untitled 05|[spread] p2a,p2b\n|-resisted|p2a: untitled 05\n|-resisted|p2b: HiiiPoWeR\n|-damage|p2a: untitled 05|0 fnt\n|-damage|p2b: HiiiPoWeR|33\/100\n|faint|p2a: untitled 05\n|-ability|p1a: Calyrex|Chilling Neigh|boost\n|-boost|p1a: Calyrex|atk|1\n|\n|upkeep\n|turn|6\n|\n|t:|1740191193\n|move|p2b: HiiiPoWeR|Earth Power|p1a: Calyrex\n|-damage|p1a: Calyrex|0 fnt\n|faint|p1a: Calyrex\n|\n|win|eriksp3\n|raw|ragionBolte's rating: 1695 &rarr; <strong>1671<\/strong><br \/>(-24 for losing)\n|raw|eriksp3's rating: 1624 &rarr; <strong>1648<\/strong><br \/>(+24 for winning)\n|l|\u2606ragionBolte\n|player|p1|\n|l|\u2606eriksp3\n|player|p2|\n","uploadtime":1740191201,"views":15,"formatid":"gen9vgc2025regg","rating":1648,"private":0,"password":null}