{"id":"gen9vgc2025regg-2305299156","format":"[Gen 9] VGC 2025 Reg G","players":["greenlightdmp","The Slimmest Jesus"],"log":"|j|\u2606greenlightdmp\n|j|\u2606The Slimmest Jesus\n|t:|1740169509\n|gametype|doubles\n|player|p1|greenlightdmp|265|1649\n|player|p2|The Slimmest Jesus|266|1677\n|teamsize|p1|6\n|teamsize|p2|6\n|gen|9\n|tier|[Gen 9] VGC 2025 Reg G\n|rated|\n|rule|Species Clause: Limit one of each Pok\u00e9mon\n|rule|Item Clause: Limit 1 of each item\n|clearpoke\n|poke|p1|Kyogre, L50|\n|poke|p1|Incineroar, L50, M|\n|poke|p1|Urshifu-*, L50, M|\n|poke|p1|Rillaboom, L50, M|\n|poke|p1|Amoonguss, L50, M|\n|poke|p1|Roaring Moon, L50|\n|poke|p2|Indeedee-F, L50, F|\n|poke|p2|Ursaluna-Bloodmoon, L50, M|\n|poke|p2|Torkoal, L50, M|\n|poke|p2|Gallade, L50, M|\n|poke|p2|Calyrex-Ice, L50|\n|poke|p2|Lilligant-Hisui, L50, F|\n|teampreview|4\ngreenlightdmp has agreed to open team sheets.\n|inactive|Battle timer is ON: inactive players will automatically lose when time's up. (requested by greenlightdmp)\n|inactive|The Slimmest Jesus also wants the timer to be on.\n|inactive|greenlightdmp no longer wants the timer on, but the timer is staying on because theslimmestjesus still does.\n|inactive|greenlightdmp has 60 seconds left.\n|inactive|greenlightdmp has 30 seconds left.\n|inactive|greenlightdmp has 20 seconds left.\n|inactive|greenlightdmp has 15 seconds left.\n|\n|t:|1740169595\n|start\n|switch|p1a: Ian|Incineroar, L50, M|100\/100\n|switch|p1b: Mezie|Urshifu-Rapid-Strike, L50, M|100\/100\n|switch|p2a: Calyrex|Calyrex-Ice, L50|100\/100\n|switch|p2b: Lilligant|Lilligant-Hisui, L50, F|100\/100\n|-ability|p2a: Calyrex|As One\n|-ability|p2a: Calyrex|Unnerve\n|-ability|p1a: Ian|Intimidate|boost\n|-fail|p2a: Calyrex|unboost|[from] item: Clear Amulet|[of] p2a: Calyrex\n|-unboost|p2b: Lilligant|atk|1\n|turn|1\n|inactive|greenlightdmp has 30 seconds left.\n|inactive|The Slimmest Jesus has 30 seconds left.\n|inactive|The Slimmest Jesus has 20 seconds left.\n|inactive|The Slimmest Jesus has 15 seconds left.\n|inactive|The Slimmest Jesus has 10 seconds left.\n|\n|t:|1740169643\n|switch|p1b: Stephen|Amoonguss, L50, M|100\/100\n|switch|p2b: Indeedee|Indeedee-F, L50, F|100\/100\n|-fieldstart|move: Psychic Terrain|[from] ability: Psychic Surge|[of] p2b: Indeedee\n|move|p1a: Ian|Will-O-Wisp|p2a: Calyrex\n|-status|p2a: Calyrex|brn\n|move|p2a: Calyrex|Trick Room|p2a: Calyrex\n|-fieldstart|move: Trick Room|[of] p2a: Calyrex\n|\n|-damage|p2a: Calyrex|95\/100 brn|[from] brn\n|upkeep\n|turn|2\n|j| ok3rd\n|inactive|greenlightdmp has 30 seconds left.\n|inactive|The Slimmest Jesus has 30 seconds left.\n|l| ok3rd\n|inactive|The Slimmest Jesus has 20 seconds left.\n|inactive|The Slimmest Jesus has 15 seconds left.\n|\n|t:|1740169685\n|move|p1b: Stephen|Protect|p1b: Stephen\n|-singleturn|p1b: Stephen|Protect\n|move|p2b: Indeedee|Follow Me|p2b: Indeedee\n|-singleturn|p2b: Indeedee|move: Follow Me\n|move|p2a: Calyrex|Close Combat|p1a: Ian\n|-supereffective|p1a: Ian\n|-damage|p1a: Ian|50\/100\n|-unboost|p2a: Calyrex|def|1\n|-unboost|p2a: Calyrex|spd|1\n|move|p1a: Ian|Knock Off|p2b: Indeedee\n|-supereffective|p2b: Indeedee\n|-damage|p2b: Indeedee|26\/100\n|-enditem|p2b: Indeedee|Safety Goggles|[from] move: Knock Off|[of] p1a: Ian\n|\n|-damage|p2a: Calyrex|89\/100 brn|[from] brn\n|upkeep\n|turn|3\n|inactive|greenlightdmp has 30 seconds left.\n|inactive|The Slimmest Jesus has 30 seconds left.\n|inactive|greenlightdmp has 20 seconds left.\n|inactive|The Slimmest Jesus has 20 seconds left.\n|inactive|greenlightdmp has 15 seconds left.\n|inactive|The Slimmest Jesus has 15 seconds left.\n|\n|t:|1740169727\n|move|p1b: Stephen|Rage Powder|p1b: Stephen\n|-singleturn|p1b: Stephen|move: Rage Powder\n|move|p2b: Indeedee|Follow Me|p2b: Indeedee\n|-singleturn|p2b: Indeedee|move: Follow Me\n|move|p2a: Calyrex|Close Combat|p1b: Stephen\n|-resisted|p1b: Stephen\n|-damage|p1b: Stephen|90\/100\n|-unboost|p2a: Calyrex|def|1\n|-unboost|p2a: Calyrex|spd|1\n|-damage|p2a: Calyrex|72\/100 brn|[from] item: Rocky Helmet|[of] p1b: Stephen\n|move|p1a: Ian|Knock Off|p2b: Indeedee\n|-supereffective|p2b: Indeedee\n|-damage|p2b: Indeedee|0 fnt\n|faint|p2b: Indeedee\n|\n|-damage|p2a: Calyrex|67\/100 brn|[from] brn\n|upkeep\n|\n|t:|1740169736\n|switch|p2b: Torkoal|Torkoal, L50, M|100\/100\n|-weather|SunnyDay|[from] ability: Drought|[of] p2b: Torkoal\n|turn|4\n|inactive|greenlightdmp has 30 seconds left.\n|\n|t:|1740169766\n|switch|p1a: Kyogre|Kyogre, L50|100\/100\n|-weather|RainDance|[from] ability: Drizzle|[of] p1a: Kyogre\n|-terastallize|p2b: Torkoal|Fire\n|move|p2b: Torkoal|Eruption|p1b: Stephen|[spread] p1a,p1b\n|-resisted|p1a: Kyogre\n|-supereffective|p1b: Stephen\n|-damage|p1a: Kyogre|87\/100\n|-damage|p1b: Stephen|13\/100\n|move|p1b: Stephen|Spore|p2b: Torkoal\n|-status|p2b: Torkoal|slp|[from] move: Spore\n|move|p2a: Calyrex|Glacial Lance|p1a: Kyogre|[spread] p1a,p1b\n|-resisted|p1a: Kyogre\n|-supereffective|p1b: Stephen\n|-damage|p1a: Kyogre|74\/100\n|-damage|p1b: Stephen|0 fnt\n|faint|p1b: Stephen\n|-ability|p2a: Calyrex|Chilling Neigh|boost\n|-boost|p2a: Calyrex|atk|1\n|\n|-weather|RainDance|[upkeep]\n|-heal|p1a: Kyogre|80\/100|[from] item: Leftovers\n|-damage|p2a: Calyrex|61\/100 brn|[from] brn\n|upkeep\n|j| 2-2-2 Ape\n|l| 2-2-2 Ape\n|\n|t:|1740169784\n|switch|p1b: Mezie|Urshifu-Rapid-Strike, L50, M|100\/100\n|turn|5\n|inactive|The Slimmest Jesus has 30 seconds left.\n|\n|t:|1740169814\n|switch|p2b: Lilligant|Lilligant-Hisui, L50, F|100\/100\n|move|p2a: Calyrex|Close Combat|p1b: Mezie\n|-damage|p1b: Mezie|59\/100\n|-unboost|p2a: Calyrex|def|1\n|-unboost|p2a: Calyrex|spd|1\n|move|p1a: Kyogre|Origin Pulse|p2b: Lilligant|[spread] p2a,p2b\n|-resisted|p2b: Lilligant\n|-damage|p2a: Calyrex|0 fnt\n|-damage|p2b: Lilligant|48\/100\n|faint|p2a: Calyrex\n|move|p1b: Mezie|U-turn|p2b: Lilligant\n|-damage|p2b: Lilligant|9\/100\n|\n|t:|1740169826\n|switch|p1b: Ian|Incineroar, L50, M|50\/100|[from] U-turn\n|-ability|p1b: Ian|Intimidate|boost\n|-unboost|p2b: Lilligant|atk|1\n|\n|-weather|RainDance|[upkeep]\n|-heal|p1a: Kyogre|86\/100|[from] item: Leftovers\n|-fieldend|move: Trick Room\n|-fieldend|move: Psychic Terrain\n|upkeep\n|\n|t:|1740169835\n|switch|p2a: Torkoal|Torkoal, L50, M, tera:Fire|100\/100 slp\n|-weather|SunnyDay|[from] ability: Drought|[of] p2a: Torkoal\n|turn|6\n|-message|The Slimmest Jesus forfeited.\n|\n|win|greenlightdmp\n|raw|greenlightdmp's rating: 1649 &rarr; <strong>1671<\/strong><br \/>(+22 for winning)\n|raw|The Slimmest Jesus's rating: 1677 &rarr; <strong>1655<\/strong><br \/>(-22 for losing)\n|l|\u2606The Slimmest Jesus\n|player|p2|\n","uploadtime":1740170025,"views":5,"formatid":"gen9vgc2025regg","rating":1655,"private":0,"password":null}