{"id":"gen9vgc2025regg-2305416139","format":"[Gen 9] VGC 2025 Reg G","players":["falcon108","Exaltold"],"log":"|j|\u2606falcon108\n|j|\u2606Exaltold\n|t:|1740183553\n|gametype|doubles\n|player|p1|falcon108|170|1636\n|player|p2|Exaltold|miku-psychic|1543\n|teamsize|p1|6\n|teamsize|p2|6\n|gen|9\n|tier|[Gen 9] VGC 2025 Reg G\n|rated|\n|rule|Species Clause: Limit one of each Pok\u00e9mon\n|rule|Item Clause: Limit 1 of each item\n|clearpoke\n|poke|p1|Kyogre, L50|\n|poke|p1|Tornadus, L50, M|\n|poke|p1|Tsareena, L50, F|\n|poke|p1|Electabuzz, L50, M|\n|poke|p1|Archaludon, L50, M|\n|poke|p1|Rillaboom, L50, M|\n|poke|p2|Alcremie, L50, F|\n|poke|p2|Calyrex-Ice, L50|\n|poke|p2|Ursaluna-Bloodmoon, L50, M|\n|poke|p2|Incineroar, L50, F|\n|poke|p2|Indeedee-F, L50, F|\n|poke|p2|Ogerpon-Wellspring, L50, F|\n|teampreview|4\n|inactive|Battle timer is ON: inactive players will automatically lose when time's up. (requested by Exaltold)\n|inactive|falcon108 also wants the timer to be on.\n|\n|t:|1740183575\n|start\n|switch|p1a: Archaludon|Archaludon, L50, M|100\/100\n|switch|p1b: Kyogre|Kyogre, L50|100\/100\n|switch|p2a: Calyrex|Calyrex-Ice, L50|100\/100\n|switch|p2b: Ogerpon|Ogerpon-Wellspring, L50, F|100\/100\n|-ability|p2a: Calyrex|As One\n|-ability|p2a: Calyrex|Unnerve\n|-weather|RainDance|[from] ability: Drizzle|[of] p1b: Kyogre\n|turn|1\n|\n|t:|1740183596\n|switch|p1b: Rillaboom|Rillaboom, L50, M|100\/100\n|-fieldstart|move: Grassy Terrain|[from] ability: Grassy Surge|[of] p1b: Rillaboom\n|move|p2a: Calyrex|Protect|p2a: Calyrex\n|-singleturn|p2a: Calyrex|Protect\n|move|p2b: Ogerpon|Wood Hammer|p1b: Rillaboom\n|-resisted|p1b: Rillaboom\n|-damage|p1b: Rillaboom|60\/100\n|-damage|p2b: Ogerpon|87\/100|[from] Recoil\n|move|p1a: Archaludon|Electro Shot||[still]\n|-prepare|p1a: Archaludon|Electro Shot\n|-boost|p1a: Archaludon|spa|1\n|-anim|p1a: Archaludon|Electro Shot|p2a: Calyrex\n|-activate|p2a: Calyrex|move: Protect\n|\n|-weather|RainDance|[upkeep]\n|-heal|p2b: Ogerpon|92\/100|[from] Grassy Terrain\n|-heal|p1b: Rillaboom|67\/100|[from] Grassy Terrain\n|upkeep\n|turn|2\n|\n|t:|1740183613\n|-terastallize|p1a: Archaludon|Stellar\n|move|p1b: Rillaboom|Fake Out|p2b: Ogerpon\n|-damage|p2b: Ogerpon|79\/100\n|cant|p2b: Ogerpon|flinch\n|move|p1a: Archaludon|Draco Meteor|p2a: Calyrex\n|-damage|p2a: Calyrex|9\/100\n|-unboost|p1a: Archaludon|spa|2\n|move|p2a: Calyrex|Trick Room|p2a: Calyrex\n|-fieldstart|move: Trick Room|[of] p2a: Calyrex\n|\n|-weather|RainDance|[upkeep]\n|-heal|p2a: Calyrex|15\/100|[from] Grassy Terrain\n|-heal|p1b: Rillaboom|73\/100|[from] Grassy Terrain\n|-heal|p2b: Ogerpon|84\/100|[from] Grassy Terrain\n|upkeep\n|turn|3\n|\n|t:|1740183631\n|switch|p1b: Kyogre|Kyogre, L50|100\/100\n|move|p2b: Ogerpon|Follow Me|p2b: Ogerpon\n|-singleturn|p2b: Ogerpon|move: Follow Me\n|move|p2a: Calyrex|Glacial Lance|p1b: Kyogre|[spread] p1a,p1b\n|-resisted|p1b: Kyogre\n|-damage|p1a: Archaludon|51\/100\n|-damage|p1b: Kyogre|67\/100\n|move|p1a: Archaludon|Electro Shot||[still]\n|-prepare|p1a: Archaludon|Electro Shot\n|-boost|p1a: Archaludon|spa|1\n|-anim|p1a: Archaludon|Electro Shot|p2b: Ogerpon\n|-damage|p2b: Ogerpon|27\/100\n|\n|-weather|RainDance|[upkeep]\n|-heal|p2a: Calyrex|20\/100|[from] Grassy Terrain\n|-heal|p1a: Archaludon|57\/100|[from] Grassy Terrain\n|-heal|p2b: Ogerpon|33\/100|[from] Grassy Terrain\n|-heal|p1b: Kyogre|73\/100|[from] Grassy Terrain\n|upkeep\n|turn|4\n|\n|t:|1740183654\n|switch|p1a: Rillaboom|Rillaboom, L50, M|73\/100\n|switch|p1b: Electabuzz|Electabuzz, L50, M|100\/100\n|move|p2a: Calyrex|High Horsepower|p1a: Rillaboom\n|-resisted|p1a: Rillaboom\n|-damage|p1a: Rillaboom|53\/100\n|move|p2b: Ogerpon|Wood Hammer|p1b: Electabuzz\n|-damage|p1b: Electabuzz|32\/100\n|-damage|p2b: Ogerpon|12\/100|[from] Recoil\n|\n|-weather|RainDance|[upkeep]\n|-heal|p2a: Calyrex|26\/100|[from] Grassy Terrain\n|-heal|p1a: Rillaboom|59\/100|[from] Grassy Terrain\n|-heal|p1b: Electabuzz|38\/100|[from] Grassy Terrain\n|-heal|p2b: Ogerpon|18\/100|[from] Grassy Terrain\n|upkeep\n|turn|5\n|inactive|falcon108 has 30 seconds left.\n|\n|t:|1740183680\n|switch|p1a: Archaludon|Archaludon, L50, M, tera:Stellar|57\/100\n|switch|p2b: Alcremie|Alcremie, L50, F, shiny|100\/100\n|move|p2a: Calyrex|Protect|p2a: Calyrex\n|-singleturn|p2a: Calyrex|Protect\n|move|p1b: Electabuzz|Protect||[still]\n|-fail|p1b: Electabuzz\n|\n|-weather|none\n|-heal|p2a: Calyrex|32\/100|[from] Grassy Terrain\n|-heal|p1b: Electabuzz|44\/100|[from] Grassy Terrain\n|-heal|p1a: Archaludon|63\/100|[from] Grassy Terrain\n|-fieldend|move: Grassy Terrain\n|upkeep\n|turn|6\n|\n|t:|1740183688\n|move|p1b: Electabuzz|Protect|p1b: Electabuzz\n|-singleturn|p1b: Electabuzz|Protect\n|move|p1a: Archaludon|Protect|p1a: Archaludon\n|-singleturn|p1a: Archaludon|Protect\n|move|p2b: Alcremie|Decorate|p2a: Calyrex\n|-boost|p2a: Calyrex|atk|2\n|-boost|p2a: Calyrex|spa|2\n|move|p2a: Calyrex|Glacial Lance|p1b: Electabuzz|[spread] \n|-activate|p1a: Archaludon|move: Protect\n|-activate|p1b: Electabuzz|move: Protect\n|\n|-fieldend|move: Trick Room\n|upkeep\n|turn|7\n|-message|Exaltold forfeited.\n|\n|win|falcon108\n|raw|falcon108's rating: 1636 &rarr; <strong>1651<\/strong><br \/>(+15 for winning)\n|raw|Exaltold's rating: 1543 &rarr; <strong>1528<\/strong><br \/>(-15 for losing)\n|l|\u2606Exaltold\n|player|p2|\n","uploadtime":1740183926,"views":4,"formatid":"gen9vgc2025regg","rating":1528,"private":0,"password":null}