{"id":"gen9vgc2025regg-2305276280","format":"[Gen 9] VGC 2025 Reg G","players":["rauliito_adh","ScraggyPatty"],"log":"|j|\u2606rauliito_adh\n|j|\u2606ScraggyPatty\n|t:|1740167028\n|gametype|doubles\n|player|p1|rauliito_adh|hilbert|1544\n|player|p2|ScraggyPatty|rocketgruntf|1600\n|teamsize|p1|6\n|teamsize|p2|6\n|gen|9\n|tier|[Gen 9] VGC 2025 Reg G\n|rated|\n|rule|Species Clause: Limit one of each Pok\u00e9mon\n|rule|Item Clause: Limit 1 of each item\n|clearpoke\n|poke|p1|Incineroar, L50, F|\n|poke|p1|Rillaboom, L50, F|\n|poke|p1|Kyogre, L50|\n|poke|p1|Amoonguss, L50, F|\n|poke|p1|Urshifu-*, L50, F|\n|poke|p1|Roaring Moon, L50|\n|poke|p2|Calyrex-Ice, L50|\n|poke|p2|Amoonguss, L50, M|\n|poke|p2|Farigiraf, L50, M|\n|poke|p2|Ogerpon-Wellspring, L50, F|\n|poke|p2|Iron Hands, L50|\n|poke|p2|Magmar, L50, M|\n|teampreview|4\n|\n|t:|1740167055\n|start\n|switch|p1a: Kyogre|Kyogre, L50|100\/100\n|switch|p1b: Incineroar|Incineroar, L50, F, shiny|100\/100\n|switch|p2a: Ogerpon|Ogerpon-Wellspring, L50, F|100\/100\n|switch|p2b: Calyrex|Calyrex-Ice, L50|100\/100\n|-ability|p2b: Calyrex|As One\n|-ability|p2b: Calyrex|Unnerve\n|-weather|RainDance|[from] ability: Drizzle|[of] p1a: Kyogre\n|-ability|p1b: Incineroar|Intimidate|boost\n|-unboost|p2a: Ogerpon|atk|1\n|-fail|p2b: Calyrex|unboost|[from] item: Clear Amulet|[of] p2b: Calyrex\n|turn|1\n|\n|t:|1740167071\n|switch|p2b: Farigiraf|Farigiraf, L50, M|100\/100\n|move|p1b: Incineroar|Fake Out||[still]\n|cant|p2b: Farigiraf|ability: Armor Tail|Fake Out|[of] p1b: Incineroar\n|move|p2a: Ogerpon|Horn Leech|p1a: Kyogre\n|-supereffective|p1a: Kyogre\n|-damage|p1a: Kyogre|54\/100\n|move|p1a: Kyogre|Calm Mind|p1a: Kyogre\n|-boost|p1a: Kyogre|spa|1\n|-boost|p1a: Kyogre|spd|1\n|\n|-weather|RainDance|[upkeep]\n|-heal|p1a: Kyogre|60\/100|[from] item: Leftovers\n|upkeep\n|turn|2\n|\n|t:|1740167085\n|switch|p2b: Iron Hands|Iron Hands, L50|100\/100\n|move|p1a: Kyogre|Protect|p1a: Kyogre\n|-singleturn|p1a: Kyogre|Protect\n|move|p2a: Ogerpon|Horn Leech|p1a: Kyogre\n|-activate|p1a: Kyogre|move: Protect\n|move|p1b: Incineroar|Will-O-Wisp|p2a: Ogerpon\n|-status|p2a: Ogerpon|brn\n|\n|-weather|RainDance|[upkeep]\n|-heal|p1a: Kyogre|66\/100|[from] item: Leftovers\n|-damage|p2a: Ogerpon|94\/100 brn|[from] brn\n|upkeep\n|turn|3\n|inactive|Battle timer is ON: inactive players will automatically lose when time's up. (requested by rauliito_adh)\n|\n|t:|1740167104\n|move|p1a: Kyogre|Protect||[still]\n|-fail|p1a: Kyogre\n|move|p2a: Ogerpon|Ivy Cudgel|p1b: Incineroar|[anim] Ivy Cudgel Water\n|-supereffective|p1b: Incineroar\n|-damage|p1b: Incineroar|59\/100\n|move|p1b: Incineroar|Will-O-Wisp|p2b: Iron Hands\n|-status|p2b: Iron Hands|brn\n|move|p2b: Iron Hands|Wild Charge|p1a: Kyogre\n|-supereffective|p1a: Kyogre\n|-damage|p1a: Kyogre|20\/100\n|-damage|p2b: Iron Hands|92\/100 brn|[from] Recoil\n|\n|-weather|RainDance|[upkeep]\n|-heal|p1a: Kyogre|27\/100|[from] item: Leftovers\n|-damage|p2a: Ogerpon|88\/100 brn|[from] brn\n|-damage|p2b: Iron Hands|86\/100 brn|[from] brn\n|upkeep\n|turn|4\n|\n|t:|1740167132\n|-end|p2b: Iron Hands|Quark Drive|[silent]\n|switch|p2b: Farigiraf|Farigiraf, L50, M|100\/100\n|move|p1a: Kyogre|Protect|p1a: Kyogre\n|-singleturn|p1a: Kyogre|Protect\n|move|p2a: Ogerpon|Horn Leech|p1a: Kyogre\n|-activate|p1a: Kyogre|move: Protect\n|move|p1b: Incineroar|Knock Off|p2b: Farigiraf\n|-supereffective|p2b: Farigiraf\n|-damage|p2b: Farigiraf|34\/100\n|-enditem|p2b: Farigiraf|Mental Herb|[from] move: Knock Off|[of] p1b: Incineroar\n|\n|-weather|RainDance|[upkeep]\n|-heal|p1a: Kyogre|33\/100|[from] item: Leftovers\n|-damage|p2a: Ogerpon|82\/100 brn|[from] brn\n|upkeep\n|turn|5\n|inactive|rauliito_adh has 30 seconds left.\n|\n|t:|1740167162\n|move|p2b: Farigiraf|Helping Hand|p2a: Ogerpon\n|-singleturn|p2a: Ogerpon|Helping Hand|[of] p2b: Farigiraf\n|move|p2a: Ogerpon|Horn Leech|p1a: Kyogre\n|-supereffective|p1a: Kyogre\n|-damage|p1a: Kyogre|0 fnt\n|-heal|p2a: Ogerpon|99\/100 brn|[from] drain|[of] p1a: Kyogre\n|faint|p1a: Kyogre\n|move|p1b: Incineroar|Knock Off|p2b: Farigiraf\n|-supereffective|p2b: Farigiraf\n|-damage|p2b: Farigiraf|0 fnt\n|faint|p2b: Farigiraf\n|\n|-weather|none\n|-damage|p2a: Ogerpon|93\/100 brn|[from] brn\n|upkeep\n|\n|t:|1740167172\n|switch|p1a: Amoonguss|Amoonguss, L50, F|100\/100\n|switch|p2b: Calyrex|Calyrex-Ice, L50|100\/100\n|-ability|p2b: Calyrex|As One\n|-ability|p2b: Calyrex|Unnerve\n|turn|6\n|\n|t:|1740167189\n|switch|p2a: Iron Hands|Iron Hands, L50|86\/100 brn\n|move|p2b: Calyrex|Protect|p2b: Calyrex\n|-singleturn|p2b: Calyrex|Protect\n|move|p1b: Incineroar|Knock Off|p2b: Calyrex\n|-activate|p2b: Calyrex|move: Protect\n|move|p1a: Amoonguss|Spore|p2b: Calyrex\n|-activate|p2b: Calyrex|move: Protect\n|\n|-damage|p2a: Iron Hands|80\/100 brn|[from] brn\n|upkeep\n|turn|7\n|inactive|rauliito_adh has 30 seconds left.\n|\n|t:|1740167221\n|-terastallize|p2b: Calyrex|Fire\n|move|p2a: Iron Hands|Fake Out|p1a: Amoonguss\n|-damage|p1a: Amoonguss|95\/100\n|-damage|p2a: Iron Hands|63\/100 brn|[from] item: Rocky Helmet|[of] p1a: Amoonguss\n|move|p1b: Incineroar|Will-O-Wisp|p2b: Calyrex\n|-immune|p2b: Calyrex\n|move|p2b: Calyrex|High Horsepower|p1b: Incineroar\n|-supereffective|p1b: Incineroar\n|-damage|p1b: Incineroar|0 fnt\n|faint|p1b: Incineroar\n|-ability|p2b: Calyrex|Chilling Neigh|boost\n|-boost|p2b: Calyrex|atk|1\n|cant|p1a: Amoonguss|flinch\n|\n|-damage|p2a: Iron Hands|57\/100 brn|[from] brn\n|upkeep\n|\n|t:|1740167230\n|switch|p1b: Urshifu|Urshifu-Rapid-Strike, L50, F|100\/100\n|turn|8\n|\n|t:|1740167251\n|switch|p2b: Ogerpon|Ogerpon-Wellspring, L50, F|93\/100 brn\n|-terastallize|p1b: Urshifu|Water\n|move|p1a: Amoonguss|Rage Powder|p1a: Amoonguss\n|-singleturn|p1a: Amoonguss|move: Rage Powder\n|move|p1b: Urshifu|Surging Strikes|p2b: Ogerpon\n|-heal|p2b: Ogerpon|100\/100 brn|[from] ability: Water Absorb|[of] p1b: Urshifu\n|move|p2a: Iron Hands|Wild Charge|p1a: Amoonguss\n|-resisted|p1a: Amoonguss\n|-damage|p1a: Amoonguss|86\/100\n|-damage|p2a: Iron Hands|41\/100 brn|[from] item: Rocky Helmet|[of] p1a: Amoonguss\n|-damage|p2a: Iron Hands|39\/100 brn|[from] Recoil\n|\n|-damage|p2b: Ogerpon|94\/100 brn|[from] brn\n|-damage|p2a: Iron Hands|33\/100 brn|[from] brn\n|upkeep\n|turn|9\n|inactive|ScraggyPatty has 30 seconds left.\n|\n|t:|1740167276\n|move|p1b: Urshifu|Surging Strikes|p2a: Iron Hands\n|-crit|p2a: Iron Hands\n|-damage|p2a: Iron Hands|14\/100 brn\n|-crit|p2a: Iron Hands\n|-damage|p2a: Iron Hands|0 fnt\n|faint|p2a: Iron Hands\n|-end|p2a: Iron Hands|Quark Drive|[silent]\n|-hitcount|p2: Iron Hands|2\n|move|p2b: Ogerpon|Horn Leech|p1b: Urshifu\n|-supereffective|p1b: Urshifu\n|-damage|p1b: Urshifu|54\/100\n|-heal|p2b: Ogerpon|100\/100 brn|[from] drain|[of] p1b: Urshifu\n|move|p1a: Amoonguss|Pollen Puff|p1b: Urshifu\n|-heal|p1b: Urshifu|100\/100\n|\n|-damage|p2b: Ogerpon|94\/100 brn|[from] brn\n|upkeep\n|\n|t:|1740167280\n|switch|p2a: Calyrex|Calyrex-Ice, L50, tera:Fire|100\/100\n|-ability|p2a: Calyrex|As One\n|-ability|p2a: Calyrex|Unnerve\n|turn|10\n|\n|t:|1740167289\n|move|p2b: Ogerpon|Follow Me|p2b: Ogerpon\n|-singleturn|p2b: Ogerpon|move: Follow Me\n|move|p1b: Urshifu|Surging Strikes|p2b: Ogerpon\n|-heal|p2b: Ogerpon|100\/100 brn|[from] ability: Water Absorb|[of] p1b: Urshifu\n|move|p2a: Calyrex|Glacial Lance|p1b: Urshifu|[spread] p1a,p1b\n|-supereffective|p1a: Amoonguss\n|-resisted|p1b: Urshifu\n|-damage|p1a: Amoonguss|3\/100\n|-damage|p1b: Urshifu|72\/100\n|move|p1a: Amoonguss|Pollen Puff|p2b: Ogerpon\n|-supereffective|p2b: Ogerpon\n|-damage|p2b: Ogerpon|64\/100 brn\n|\n|-damage|p2b: Ogerpon|58\/100 brn|[from] brn\n|upkeep\n|turn|11\n|\n|t:|1740167295\n|move|p2b: Ogerpon|Follow Me|p2b: Ogerpon\n|-singleturn|p2b: Ogerpon|move: Follow Me\n|move|p1b: Urshifu|Surging Strikes|p2b: Ogerpon\n|-heal|p2b: Ogerpon|83\/100 brn|[from] ability: Water Absorb|[of] p1b: Urshifu\n|move|p2a: Calyrex|Glacial Lance|p1b: Urshifu|[spread] p1a,p1b\n|-supereffective|p1a: Amoonguss\n|-resisted|p1b: Urshifu\n|-damage|p1a: Amoonguss|0 fnt\n|-damage|p1b: Urshifu|43\/100\n|faint|p1a: Amoonguss\n|-ability|p2a: Calyrex|Chilling Neigh|boost\n|-boost|p2a: Calyrex|atk|1\n|\n|-damage|p2b: Ogerpon|77\/100 brn|[from] brn\n|upkeep\n|turn|12\n|\n|t:|1740167302\n|move|p2b: Ogerpon|Follow Me|p2b: Ogerpon\n|-singleturn|p2b: Ogerpon|move: Follow Me\n|move|p1b: Urshifu|Surging Strikes|p2b: Ogerpon\n|-heal|p2b: Ogerpon|100\/100 brn|[from] ability: Water Absorb|[of] p1b: Urshifu\n|move|p2a: Calyrex|High Horsepower|p1b: Urshifu\n|-damage|p1b: Urshifu|0 fnt\n|faint|p1b: Urshifu\n|\n|win|ScraggyPatty\n|raw|rauliito_adh's rating: 1544 &rarr; <strong>1527<\/strong><br \/>(-17 for losing)\n|raw|ScraggyPatty's rating: 1600 &rarr; <strong>1617<\/strong><br \/>(+17 for winning)\n|c|\u2606ScraggyPatty|band\/scarfed?\n|l|\u2606ScraggyPatty\n|player|p2|\n","uploadtime":1740167543,"views":4,"formatid":"gen9vgc2025regg","rating":1527,"private":0,"password":null}