{"id":"gen9vgc2025regg-2305003640","format":"[Gen 9] VGC 2025 Reg G","players":["pentagonSG","jasonrfry3"],"log":"|j|\u2606pentagonSG\n|j|\u2606jasonrfry3\n|t:|1740134827\n|gametype|doubles\n|player|p1|pentagonSG|102|1597\n|player|p2|jasonrfry3|169|1567\n|teamsize|p1|6\n|teamsize|p2|6\n|gen|9\n|tier|[Gen 9] VGC 2025 Reg G\n|rated|\n|rule|Species Clause: Limit one of each Pok\u00e9mon\n|rule|Item Clause: Limit 1 of each item\n|clearpoke\n|poke|p1|Volcarona, L50, F|\n|poke|p1|Miraidon, L50|\n|poke|p1|Grimmsnarl, L50, M|\n|poke|p1|Okidogi, L50, M|\n|poke|p1|Iron Hands, L50|\n|poke|p1|Farigiraf, L50, M|\n|poke|p2|Mimikyu, L50, F|\n|poke|p2|Enamorus-Therian, L50, F|\n|poke|p2|Okidogi, L50, M|\n|poke|p2|Calyrex-Ice, L50|\n|poke|p2|Ogerpon-Cornerstone, L50, F|\n|poke|p2|Whimsicott, L50, F|\n|teampreview|4\n|j| Rabbithorn01\n|inactive|Battle timer is ON: inactive players will automatically lose when time's up. (requested by jasonrfry3)\n|j| verylonelysole\n|\n|t:|1740134883\n|start\n|switch|p1a: Miraidon|Miraidon, L50|100\/100\n|switch|p1b: Farigiraf|Farigiraf, L50, M|100\/100\n|switch|p2a: Mimikyu|Mimikyu, L50, F, shiny|100\/100\n|switch|p2b: Ogerpon|Ogerpon-Cornerstone, L50, F|100\/100\n|-fieldstart|move: Electric Terrain|[from] ability: Hadron Engine|[of] p1a: Miraidon\n|turn|1\n|\n|t:|1740134904\n|-terastallize|p1a: Miraidon|Fairy\n|move|p1a: Miraidon|Dazzling Gleam|p2a: Mimikyu|[spread] p2a,p2b\n|-activate|p2a: Mimikyu|ability: Disguise\n|-damage|p2a: Mimikyu|100\/100\n|-damage|p2b: Ogerpon|18\/100\n|detailschange|p2a: Mimikyu|Mimikyu-Busted, L50, F, shiny\n|-damage|p2a: Mimikyu|88\/100|[from] pokemon: Mimikyu-Busted\n|move|p2b: Ogerpon|Taunt|p1b: Farigiraf\n|-start|p1b: Farigiraf|move: Taunt\n|move|p2a: Mimikyu|Will-O-Wisp|p1a: Miraidon\n|-status|p1a: Miraidon|brn\n|cant|p1b: Farigiraf|move: Taunt|Roar\n|\n|-damage|p1a: Miraidon|95\/100 brn|[from] brn\n|upkeep\n|turn|2\n|\n|t:|1740134927\n|move|p2b: Ogerpon|Follow Me|p2b: Ogerpon\n|-singleturn|p2b: Ogerpon|move: Follow Me\n|move|p1a: Miraidon|Dazzling Gleam|p2b: Ogerpon|[spread] p2a,p2b\n|-crit|p2a: Mimikyu\n|-damage|p2a: Mimikyu|12\/100\n|-damage|p2b: Ogerpon|0 fnt\n|faint|p2b: Ogerpon\n|move|p1b: Farigiraf|Psychic Noise|p2a: Mimikyu\n|-damage|p2a: Mimikyu|0 fnt\n|faint|p2a: Mimikyu\n|\n|-damage|p1a: Miraidon|89\/100 brn|[from] brn\n|upkeep\n|\n|t:|1740134930\n|switch|p2b: Enamorus|Enamorus-Therian, L50, F|100\/100\n|switch|p2a: Calyrex|Calyrex-Ice, L50|100\/100\n|-ability|p2a: Calyrex|As One\n|-ability|p2a: Calyrex|Unnerve\n|turn|3\n|\n|t:|1740134950\n|switch|p1b: Iron Hands|Iron Hands, L50|100\/100\n|-activate|p1b: Iron Hands|ability: Quark Drive\n|-start|p1b: Iron Hands|quarkdriveatk\n|-terastallize|p2a: Calyrex|Ice\n|move|p2b: Enamorus|Protect|p2b: Enamorus\n|-singleturn|p2b: Enamorus|Protect\n|move|p1a: Miraidon|Dazzling Gleam|p2a: Calyrex|[spread] p2a\n|-activate|p2b: Enamorus|move: Protect\n|-damage|p2a: Calyrex|59\/100\n|move|p2a: Calyrex|Trick Room|p2a: Calyrex\n|-fieldstart|move: Trick Room|[of] p2a: Calyrex\n|\n|-damage|p1a: Miraidon|83\/100 brn|[from] brn\n|upkeep\n|turn|4\n|inactive|pentagonSG has 30 seconds left.\n|\n|t:|1740134977\n|move|p2b: Enamorus|Dazzling Gleam|p1a: Miraidon|[spread] p1a,p1b\n|-supereffective|p1b: Iron Hands\n|-damage|p1a: Miraidon|43\/100 brn\n|-damage|p1b: Iron Hands|25\/100\n|-damage|p2b: Enamorus|91\/100|[from] item: Life Orb\n|move|p2a: Calyrex|Glacial Lance|p1a: Miraidon|[spread] p1a,p1b\n|-damage|p1a: Miraidon|0 fnt\n|-damage|p1b: Iron Hands|0 fnt\n|faint|p1a: Miraidon\n|faint|p1b: Iron Hands\n|-end|p1b: Iron Hands|Quark Drive|[silent]\n|-ability|p2a: Calyrex|Chilling Neigh|boost\n|-boost|p2a: Calyrex|atk|2\n|\n|upkeep\n|\n|t:|1740134989\n|switch|p1b: Farigiraf|Farigiraf, L50, M|100\/100\n|switch|p1a: Okidogi|Okidogi, L50, M|100\/100\n|turn|5\n|\n|t:|1740134999\n|move|p2b: Enamorus|Dazzling Gleam|p1a: Okidogi|[spread] p1a,p1b\n|-damage|p1a: Okidogi|65\/100\n|-damage|p1b: Farigiraf|54\/100\n|-damage|p2b: Enamorus|81\/100|[from] item: Life Orb\n|move|p2a: Calyrex|Glacial Lance|p1a: Okidogi|[spread] p1a,p1b\n|-damage|p1a: Okidogi|0 fnt\n|-damage|p1b: Farigiraf|0 fnt\n|faint|p1a: Okidogi\n|faint|p1b: Farigiraf\n|\n|win|jasonrfry3\n|raw|pentagonSG's rating: 1597 &rarr; <strong>1575<\/strong><br \/>(-22 for losing)\n|raw|jasonrfry3's rating: 1567 &rarr; <strong>1589<\/strong><br \/>(+22 for winning)\n","uploadtime":1740135005,"views":5,"formatid":"gen9vgc2025regg","rating":1575,"private":0,"password":null}