{"id":"gen9vgc2025regg-2305787196","format":"[Gen 9] VGC 2025 Reg G","players":["kiwigal","pokequimico"],"log":"|j|\u2606kiwigal\n|j|\u2606pokequimico\n|t:|1740245476\n|gametype|doubles\n|player|p1|kiwigal|emma|1688\n|player|p2|pokequimico|lucas|1574\n|teamsize|p1|6\n|teamsize|p2|6\n|gen|9\n|tier|[Gen 9] VGC 2025 Reg G\n|rated|\n|rule|Species Clause: Limit one of each Pok\u00e9mon\n|rule|Item Clause: Limit 1 of each item\n|clearpoke\n|poke|p1|Grimmsnarl, L50, M|\n|poke|p1|Ogerpon-Cornerstone, L50, F|\n|poke|p1|Calyrex-Ice, L50|\n|poke|p1|Raging Bolt, L50|\n|poke|p1|Urshifu-*, L50, F|\n|poke|p1|Landorus, L50, M|\n|poke|p2|Grimmsnarl, L50, M|\n|poke|p2|Landorus, L50, M|\n|poke|p2|Calyrex-Ice, L50|\n|poke|p2|Urshifu-*, L50, M|\n|poke|p2|Ogerpon-Hearthflame, L50, F|\n|poke|p2|Raging Bolt, L50|\n|teampreview|4\n|\n|t:|1740245525\n|start\n|switch|p1a: Grimmsnarl|Grimmsnarl, L50, M|100\/100\n|switch|p1b: Urshifu|Urshifu-Rapid-Strike, L50, F|100\/100\n|switch|p2a: Urshifu|Urshifu-Rapid-Strike, L50, M|100\/100\n|switch|p2b: Grimmsnarl|Grimmsnarl, L50, M|100\/100\n|turn|1\n|j| judang\n|\n|t:|1740245537\n|-terastallize|p1b: Urshifu|Water\n|move|p2b: Grimmsnarl|Reflect|p2b: Grimmsnarl\n|-sidestart|p2: pokequimico|Reflect\n|move|p1a: Grimmsnarl|Thunder Wave|p2a: Urshifu\n|-status|p2a: Urshifu|par\n|move|p1b: Urshifu|Surging Strikes|p2b: Grimmsnarl\n|-crit|p2b: Grimmsnarl\n|-damage|p2b: Grimmsnarl|72\/100\n|-crit|p2b: Grimmsnarl\n|-damage|p2b: Grimmsnarl|44\/100\n|-crit|p2b: Grimmsnarl\n|-damage|p2b: Grimmsnarl|14\/100\n|-hitcount|p2b: Grimmsnarl|3\n|move|p2a: Urshifu|Taunt|p1a: Grimmsnarl\n|-start|p1a: Grimmsnarl|move: Taunt\n|\n|upkeep\n|turn|2\n|\n|t:|1740245554\n|move|p1b: Urshifu|Aqua Jet|p2b: Grimmsnarl\n|-damage|p2b: Grimmsnarl|0 fnt\n|faint|p2b: Grimmsnarl\n|move|p1a: Grimmsnarl|Spirit Break|p2a: Urshifu\n|-supereffective|p2a: Urshifu\n|-damage|p2a: Urshifu|63\/100 par\n|-unboost|p2a: Urshifu|spa|1\n|move|p2a: Urshifu|Surging Strikes|p1a: Grimmsnarl\n|-crit|p1a: Grimmsnarl\n|-damage|p1a: Grimmsnarl|78\/100\n|-crit|p1a: Grimmsnarl\n|-damage|p1a: Grimmsnarl|51\/100\n|-crit|p1a: Grimmsnarl\n|-damage|p1a: Grimmsnarl|25\/100\n|-hitcount|p1a: Grimmsnarl|3\n|\n|upkeep\n|\n|t:|1740245566\n|switch|p2b: Ogerpon|Ogerpon-Hearthflame, L50, F|100\/100\n|-ability|p2b: Ogerpon|Mold Breaker\n|turn|3\n|\n|t:|1740245577\n|move|p1b: Urshifu|Detect|p1b: Urshifu\n|-singleturn|p1b: Urshifu|Protect\n|move|p2b: Ogerpon|Wood Hammer|p1b: Urshifu\n|-activate|p1b: Urshifu|move: Protect\n|move|p1a: Grimmsnarl|Spirit Break|p2a: Urshifu\n|-supereffective|p2a: Urshifu\n|-damage|p2a: Urshifu|24\/100 par\n|-unboost|p2a: Urshifu|spa|1\n|move|p2a: Urshifu|Surging Strikes|p1a: Grimmsnarl\n|-crit|p1a: Grimmsnarl\n|-damage|p1a: Grimmsnarl|0 fnt\n|faint|p1a: Grimmsnarl\n|-hitcount|p1: Grimmsnarl|1\n|\n|upkeep\n|\n|t:|1740245594\n|switch|p1a: Ogerpon|Ogerpon-Cornerstone, L50, F|100\/100\n|turn|4\n|\n|t:|1740245606\n|move|p2b: Ogerpon|Spiky Shield|p2b: Ogerpon\n|-singleturn|p2b: Ogerpon|move: Protect\n|move|p1a: Ogerpon|Follow Me|p1a: Ogerpon\n|-singleturn|p1a: Ogerpon|move: Follow Me\n|move|p2a: Urshifu|Aqua Jet|p1a: Ogerpon\n|-damage|p1a: Ogerpon|68\/100\n|move|p1b: Urshifu|Surging Strikes|p2a: Urshifu\n|-resisted|p2a: Urshifu\n|-crit|p2a: Urshifu\n|-damage|p2a: Urshifu|9\/100 par\n|-resisted|p2a: Urshifu\n|-crit|p2a: Urshifu\n|-damage|p2a: Urshifu|0 fnt\n|faint|p2a: Urshifu\n|-hitcount|p2: Urshifu|2\n|\n|upkeep\n|\n|t:|1740245609\n|switch|p2a: Calyrex|Calyrex-Ice, L50|100\/100\n|-ability|p2a: Calyrex|As One\n|-ability|p2a: Calyrex|Unnerve\n|turn|5\n|\n|t:|1740245625\n|-terastallize|p2a: Calyrex|Fairy\n|move|p1b: Urshifu|Aqua Jet|p2b: Ogerpon\n|-damage|p2b: Ogerpon|76\/100\n|move|p1a: Ogerpon|Ivy Cudgel|p2b: Ogerpon|[anim] Ivy Cudgel Rock\n|-supereffective|p2b: Ogerpon\n|-damage|p2b: Ogerpon|0 fnt\n|faint|p2b: Ogerpon\n|move|p2a: Calyrex|Glacial Lance|p1a: Ogerpon|[spread] p1a,p1b\n|-supereffective|p1a: Ogerpon\n|-resisted|p1b: Urshifu\n|-damage|p1a: Ogerpon|0 fnt\n|-damage|p1b: Urshifu|72\/100\n|faint|p1a: Ogerpon\n|-ability|p2a: Calyrex|Chilling Neigh|boost\n|-boost|p2a: Calyrex|atk|1\n|\n|upkeep\n|\n|t:|1740245632\n|switch|p1a: Calyrex|Calyrex-Ice, L50|100\/100\n|-ability|p1a: Calyrex|As One\n|-ability|p1a: Calyrex|Unnerve\n|turn|6\n|\n|t:|1740245642\n|move|p1b: Urshifu|Surging Strikes|p2a: Calyrex\n|-crit|p2a: Calyrex\n|-damage|p2a: Calyrex|81\/100\n|-crit|p2a: Calyrex\n|-damage|p2a: Calyrex|60\/100\n|-crit|p2a: Calyrex\n|-damage|p2a: Calyrex|38\/100\n|-hitcount|p2a: Calyrex|3\n|move|p2a: Calyrex|Glacial Lance|p1b: Urshifu|[spread] p1a,p1b\n|-resisted|p1a: Calyrex\n|-resisted|p1b: Urshifu\n|-damage|p1a: Calyrex|73\/100\n|-damage|p1b: Urshifu|31\/100\n|move|p1a: Calyrex|Glacial Lance|p2a: Calyrex\n|-damage|p2a: Calyrex|7\/100\n|\n|upkeep\n|turn|7\n|-message|pokequimico forfeited.\n|\n|win|kiwigal\n|raw|kiwigal's rating: 1688 &rarr; <strong>1702<\/strong><br \/>(+14 for winning)\n|raw|pokequimico's rating: 1574 &rarr; <strong>1560<\/strong><br \/>(-14 for losing)\n|l|\u2606pokequimico\n|player|p2|\n","uploadtime":1740245662,"views":9,"formatid":"gen9vgc2025regg","rating":1560,"private":0,"password":null}