{"id":"gen9vgc2025regg-2305012816","format":"[Gen 9] VGC 2025 Reg G","players":["mavstest3","Angelo Neres"],"log":"|j|\u2606mavstest3\n|j|\u2606Angelo Neres\n|t:|1740136419\n|gametype|doubles\n|player|p1|mavstest3|2|1543\n|player|p2|Angelo Neres|101|1547\n|teamsize|p1|6\n|teamsize|p2|6\n|gen|9\n|tier|[Gen 9] VGC 2025 Reg G\n|rated|\n|rule|Species Clause: Limit one of each Pok\u00e9mon\n|rule|Item Clause: Limit 1 of each item\n|clearpoke\n|poke|p1|Tornadus, L50, M|\n|poke|p1|Farigiraf, L50, M|\n|poke|p1|Urshifu-*, L50, F|\n|poke|p1|Kyogre, L50|\n|poke|p1|Landorus, L50, M|\n|poke|p1|Baxcalibur, L50, M|\n|poke|p2|Groudon, L50|\n|poke|p2|Moltres-Galar, L50|\n|poke|p2|Scream Tail, L50|\n|poke|p2|Grimmsnarl, L50, M|\n|poke|p2|Cobalion, L50|\n|poke|p2|Smeargle, L50, M|\n|teampreview|4\n|inactive|Battle timer is ON: inactive players will automatically lose when time's up. (requested by Angelo Neres)\n|j| Rabbithorn01\n|inactive|mavstest3 has 60 seconds left.\n|\n|t:|1740136473\n|start\n|switch|p1a: Baxcalibur|Baxcalibur, L50, M|100\/100\n|switch|p1b: Tornadus|Tornadus, L50, M|100\/100\n|switch|p2a: Scream Tail|Scream Tail, L50, shiny|100\/100\n|switch|p2b: Grimmsnarl|Grimmsnarl, L50, M, shiny|100\/100\n|turn|1\n|\n|t:|1740136498\n|move|p2b: Grimmsnarl|Reflect|p2b: Grimmsnarl\n|-sidestart|p2: Angelo Neres|Reflect\n|move|p2a: Scream Tail|Thunder Wave|p1a: Baxcalibur|[miss]\n|-miss|p2a: Scream Tail|p1a: Baxcalibur\n|move|p1b: Tornadus|Bleakwind Storm|p2b: Grimmsnarl|[spread] p2a,p2b\n|-damage|p2a: Scream Tail|72\/100\n|-damage|p2b: Grimmsnarl|61\/100\n|move|p1a: Baxcalibur|Icicle Spear|p2b: Grimmsnarl\n|-damage|p2b: Grimmsnarl|51\/100\n|-damage|p2b: Grimmsnarl|41\/100\n|-damage|p2b: Grimmsnarl|31\/100\n|-damage|p2b: Grimmsnarl|22\/100\n|-damage|p2b: Grimmsnarl|13\/100\n|-hitcount|p2b: Grimmsnarl|5\n|\n|upkeep\n|turn|2\n|\n|t:|1740136517\n|move|p1b: Tornadus|Tailwind|p1b: Tornadus\n|-sidestart|p1: mavstest3|move: Tailwind\n|move|p2b: Grimmsnarl|Parting Shot|p1b: Tornadus\n|-unboost|p1b: Tornadus|atk|1\n|-unboost|p1b: Tornadus|spa|1\n|\n|t:|1740136522\n|switch|p2b: Groudon|Groudon, L50, shiny|100\/100|[from] Parting Shot\n|-weather|SunnyDay|[from] ability: Drought|[of] p2b: Groudon\n|-activate|p2a: Scream Tail|ability: Protosynthesis\n|-start|p2a: Scream Tail|protosynthesisspe\n|move|p1a: Baxcalibur|Icicle Spear|p2a: Scream Tail\n|-crit|p2a: Scream Tail\n|-damage|p2a: Scream Tail|55\/100\n|-damage|p2a: Scream Tail|48\/100\n|-damage|p2a: Scream Tail|40\/100\n|-damage|p2a: Scream Tail|31\/100\n|-damage|p2a: Scream Tail|24\/100\n|-hitcount|p2a: Scream Tail|5\n|move|p2a: Scream Tail|Disable|p1a: Baxcalibur\n|-start|p1a: Baxcalibur|Disable|Icicle Spear\n|\n|-weather|SunnyDay|[upkeep]\n|upkeep\n|turn|3\n|inactive|mavstest3 has 30 seconds left.\n|inactive|Angelo Neres has 30 seconds left.\n|inactive|mavstest3 has 20 seconds left.\n|j| mr pogostick\n|inactive|mavstest3 has 15 seconds left.\n|l| mr pogostick\n|inactive|mavstest3 has 10 seconds left.\n|\n|t:|1740136570\n|switch|p2b: Grimmsnarl|Grimmsnarl, L50, M, shiny|13\/100\n|move|p1b: Tornadus|Bleakwind Storm|p2b: Grimmsnarl|[spread] p2a,p2b\n|-damage|p2a: Scream Tail|4\/100\n|-damage|p2b: Grimmsnarl|0 fnt\n|faint|p2b: Grimmsnarl\n|move|p1a: Baxcalibur|Crunch|p2a: Scream Tail\n|-damage|p2a: Scream Tail|0 fnt\n|faint|p2a: Scream Tail\n|-end|p2a: Scream Tail|Protosynthesis|[silent]\n|\n|-weather|SunnyDay|[upkeep]\n|upkeep\n|\n|t:|1740136582\n|switch|p2a: Groudon|Groudon, L50, shiny|100\/100\n|switch|p2b: Moltres|Moltres-Galar, L50, shiny|100\/100\n|turn|4\n|\n|t:|1740136595\n|move|p1b: Tornadus|Protect|p1b: Tornadus\n|-singleturn|p1b: Tornadus|Protect\n|move|p1a: Baxcalibur|Protect|p1a: Baxcalibur\n|-singleturn|p1a: Baxcalibur|Protect\n|move|p2b: Moltres|Tailwind|p2b: Moltres\n|-sidestart|p2: Angelo Neres|move: Tailwind\n|move|p2a: Groudon|Stone Edge|p1b: Tornadus\n|-activate|p1b: Tornadus|move: Protect\n|\n|-weather|SunnyDay|[upkeep]\n|upkeep\n|turn|5\n|inactive|mavstest3 has 30 seconds left.\n|inactive|mavstest3 has 20 seconds left.\n|\n|t:|1740136639\n|switch|p1b: Urshifu|Urshifu, L50, F|100\/100\n|-terastallize|p1a: Baxcalibur|Fairy\n|move|p1a: Baxcalibur|Scale Shot|p2b: Moltres\n|-damage|p2b: Moltres|92\/100\n|-damage|p2b: Moltres|82\/100\n|-damage|p2b: Moltres|72\/100\n|-damage|p2b: Moltres|63\/100\n|-damage|p2b: Moltres|52\/100\n|-hitcount|p2b: Moltres|5\n|-unboost|p1a: Baxcalibur|def|1\n|-boost|p1a: Baxcalibur|spe|1\n|move|p2a: Groudon|Precipice Blades|p1b: Urshifu|[spread] p1a,p1b\n|-damage|p1a: Baxcalibur|16\/100\n|-damage|p1b: Urshifu|44\/100\n|move|p2b: Moltres|Fiery Wrath|p1a: Baxcalibur|[spread] p1a,p1b\n|-resisted|p1a: Baxcalibur\n|-resisted|p1b: Urshifu\n|-damage|p1a: Baxcalibur|0 fnt\n|-damage|p1b: Urshifu|32\/100\n|faint|p1a: Baxcalibur\n|\n|-weather|SunnyDay|[upkeep]\n|-sideend|p2: Angelo Neres|Reflect\n|-sideend|p1: mavstest3|move: Tailwind\n|upkeep\n|\n|t:|1740136659\n|switch|p1a: Tornadus|Tornadus, L50, M|100\/100\n|turn|6\n|\n|t:|1740136676\n|move|p1a: Tornadus|Tailwind|p1a: Tornadus\n|-sidestart|p1: mavstest3|move: Tailwind\n|move|p1b: Urshifu|Wicked Blow|p2a: Groudon\n|-crit|p2a: Groudon\n|-damage|p2a: Groudon|40\/100\n|move|p2a: Groudon|Heat Crash|p1a: Tornadus\n|-enditem|p1a: Tornadus|Focus Sash\n|-damage|p1a: Tornadus|1\/100\n|move|p2b: Moltres|Fiery Wrath|p1a: Tornadus|[spread] p1a,p1b\n|-resisted|p1b: Urshifu\n|-damage|p1a: Tornadus|0 fnt\n|-damage|p1b: Urshifu|20\/100\n|faint|p1a: Tornadus\n|\n|-weather|none\n|upkeep\n|l| Rabbithorn01\n|\n|t:|1740136684\n|switch|p1a: Kyogre|Kyogre, L50|100\/100\n|-weather|RainDance|[from] ability: Drizzle|[of] p1a: Kyogre\n|turn|7\n|\n|t:|1740136700\n|-terastallize|p2b: Moltres|Grass\n|move|p1b: Urshifu|Wicked Blow|p2a: Groudon\n|-crit|p2a: Groudon\n|-damage|p2a: Groudon|0 fnt\n|faint|p2a: Groudon\n|move|p1a: Kyogre|Water Spout|p2b: Moltres\n|-resisted|p2b: Moltres\n|-damage|p2b: Moltres|0 fnt\n|faint|p2b: Moltres\n|\n|win|mavstest3\n|raw|mavstest3's rating: 1543 &rarr; <strong>1563<\/strong><br \/>(+20 for winning)\n|raw|Angelo Neres's rating: 1547 &rarr; <strong>1527<\/strong><br \/>(-20 for losing)\n|l|\u2606Angelo Neres\n|player|p2|\n","uploadtime":1740136962,"views":11,"formatid":"gen9vgc2025regg","rating":1527,"private":0,"password":null}