{"id":"gen9vgc2025regg-2305824875","format":"[Gen 9] VGC 2025 Reg G","players":["Lechonkbro","Bfap"],"log":"|j|\u2606Lechonkbro\n|j|\u2606Bfap\n|t:|1740250271\n|gametype|doubles\n|player|p1|Lechonkbro|ghetsis-gen5bw|1602\n|player|p2|Bfap|102|1517\n|teamsize|p1|6\n|teamsize|p2|6\n|gen|9\n|tier|[Gen 9] VGC 2025 Reg G\n|rated|\n|rule|Species Clause: Limit one of each Pok\u00e9mon\n|rule|Item Clause: Limit 1 of each item\n|clearpoke\n|poke|p1|Miraidon, L50|\n|poke|p1|Incineroar, L50, M|\n|poke|p1|Oranguru, L50, F|\n|poke|p1|Clefairy, L50, F|\n|poke|p1|Baxcalibur, L50, F|\n|poke|p1|Whimsicott, L50, F|\n|poke|p2|Calyrex-Ice, L50|\n|poke|p2|Urshifu-*, L50, M|\n|poke|p2|Pelipper, L50, F|\n|poke|p2|Amoonguss, L50, M|\n|poke|p2|Iron Valiant, L50|\n|poke|p2|Landorus, L50, M|\n|teampreview|4\n|inactive|Battle timer is ON: inactive players will automatically lose when time's up. (requested by Lechonkbro)\n|inactive|Bfap has 60 seconds left.\n|\n|t:|1740250343\n|start\n|switch|p1a: Miraidon|Miraidon, L50|100\/100\n|switch|p1b: Baxcalibur|Baxcalibur, L50, F|100\/100\n|switch|p2a: Landorus|Landorus, L50, M|100\/100\n|switch|p2b: Calyrex|Calyrex-Ice, L50|100\/100\n|-ability|p2b: Calyrex|As One\n|-ability|p2b: Calyrex|Unnerve\n|-fieldstart|move: Electric Terrain|[from] ability: Hadron Engine|[of] p1a: Miraidon\n|-enditem|p1a: Miraidon|Electric Seed\n|-boost|p1a: Miraidon|def|1|[from] item: Electric Seed\n|turn|1\n|inactive|Lechonkbro has 30 seconds left.\n|inactive|Bfap has 30 seconds left.\n|inactive|Bfap has 20 seconds left.\n|inactive|Bfap has 15 seconds left.\n|\n|t:|1740250383\n|-terastallize|p2b: Calyrex|Grass\n|move|p1a: Miraidon|Protect|p1a: Miraidon\n|-singleturn|p1a: Miraidon|Protect\n|move|p2a: Landorus|U-turn|p1b: Baxcalibur\n|-damage|p1b: Baxcalibur|82\/100\n|\n|t:|1740250390\n|switch|p2a: Urshifu|Urshifu-Rapid-Strike, L50, M|100\/100|[from] U-turn\n|move|p1b: Baxcalibur|Icicle Spear|p2a: Urshifu\n|-resisted|p2a: Urshifu\n|-damage|p2a: Urshifu|93\/100\n|-resisted|p2a: Urshifu\n|-damage|p2a: Urshifu|86\/100\n|-resisted|p2a: Urshifu\n|-damage|p2a: Urshifu|77\/100\n|-resisted|p2a: Urshifu\n|-damage|p2a: Urshifu|70\/100\n|-resisted|p2a: Urshifu\n|-damage|p2a: Urshifu|62\/100\n|-hitcount|p2a: Urshifu|5\n|move|p2b: Calyrex|Trick Room|p2b: Calyrex\n|-fieldstart|move: Trick Room|[of] p2b: Calyrex\n|\n|upkeep\n|turn|2\n|inactive|Lechonkbro has 30 seconds left.\n|inactive|Bfap has 30 seconds left.\n|\n|t:|1740250418\n|move|p2b: Calyrex|Glacial Lance|p1b: Baxcalibur|[spread] p1a,p1b\n|-supereffective|p1a: Miraidon\n|-damage|p1a: Miraidon|34\/100\n|-damage|p1b: Baxcalibur|22\/100\n|move|p2a: Urshifu|Surging Strikes|p1a: Miraidon\n|-resisted|p1a: Miraidon\n|-crit|p1a: Miraidon\n|-damage|p1a: Miraidon|25\/100\n|-resisted|p1a: Miraidon\n|-crit|p1a: Miraidon\n|-damage|p1a: Miraidon|15\/100\n|-resisted|p1a: Miraidon\n|-crit|p1a: Miraidon\n|-damage|p1a: Miraidon|6\/100\n|-hitcount|p1a: Miraidon|3\n|move|p1b: Baxcalibur|Icicle Spear|p2b: Calyrex\n|-supereffective|p2b: Calyrex\n|-damage|p2b: Calyrex|80\/100\n|-supereffective|p2b: Calyrex\n|-damage|p2b: Calyrex|62\/100\n|-supereffective|p2b: Calyrex\n|-damage|p2b: Calyrex|43\/100\n|-supereffective|p2b: Calyrex\n|-damage|p2b: Calyrex|25\/100\n|-supereffective|p2b: Calyrex\n|-damage|p2b: Calyrex|7\/100\n|-hitcount|p2b: Calyrex|5\n|move|p1a: Miraidon|Calm Mind|p1a: Miraidon\n|-boost|p1a: Miraidon|spa|1\n|-boost|p1a: Miraidon|spd|1\n|\n|upkeep\n|turn|3\n|inactive|Lechonkbro has 30 seconds left.\n|inactive|Bfap has 30 seconds left.\n|\n|t:|1740250450\n|move|p2b: Calyrex|Protect|p2b: Calyrex\n|-singleturn|p2b: Calyrex|Protect\n|move|p1b: Baxcalibur|Ice Shard|p2b: Calyrex\n|-activate|p2b: Calyrex|move: Protect\n|move|p2a: Urshifu|Close Combat|p1b: Baxcalibur\n|-supereffective|p1b: Baxcalibur\n|-damage|p1b: Baxcalibur|0 fnt\n|-unboost|p2a: Urshifu|def|1\n|-unboost|p2a: Urshifu|spd|1\n|faint|p1b: Baxcalibur\n|move|p1a: Miraidon|Parabolic Charge|p2b: Calyrex|[spread] p2a\n|-activate|p2b: Calyrex|move: Protect\n|-supereffective|p2a: Urshifu\n|-damage|p2a: Urshifu|0 fnt\n|-heal|p1a: Miraidon|33\/100|[from] drain|[of] p2a: Urshifu\n|faint|p2a: Urshifu\n|\n|upkeep\n|\n|t:|1740250468\n|switch|p2a: Amoonguss|Amoonguss, L50, M|100\/100\n|switch|p1b: Whimsicott|Whimsicott, L50, F|100\/100\n|turn|4\n|inactive|Bfap has 30 seconds left.\n|j| clutch step\n|l| clutch step\n|inactive|Bfap has 20 seconds left.\n|inactive|Bfap has 15 seconds left.\n|\n|t:|1740250511\n|switch|p2b: Landorus|Landorus, L50, M|100\/100\n|switch|p1b: Incineroar|Incineroar, L50, M|100\/100\n|-ability|p1b: Incineroar|Intimidate|boost\n|-unboost|p2a: Amoonguss|atk|1\n|-unboost|p2b: Landorus|atk|1\n|move|p1a: Miraidon|Protect|p1a: Miraidon\n|-singleturn|p1a: Miraidon|Protect\n|move|p2a: Amoonguss|Pollen Puff|p2b: Landorus\n|-immune|p2b: Landorus\n|\n|upkeep\n|turn|5\n|inactive|Lechonkbro has 30 seconds left.\n|inactive|Bfap has 30 seconds left.\n|\n|t:|1740250541\n|move|p1b: Incineroar|Fake Out|p2b: Landorus\n|-damage|p2b: Landorus|88\/100\n|move|p2a: Amoonguss|Clear Smog|p1a: Miraidon\n|-damage|p1a: Miraidon|25\/100\n|-clearboost|p1a: Miraidon\n|move|p1a: Miraidon|Calm Mind|p1a: Miraidon\n|-boost|p1a: Miraidon|spa|1\n|-boost|p1a: Miraidon|spd|1\n|cant|p2b: Landorus|flinch\n|\n|-fieldend|move: Trick Room\n|-fieldend|move: Electric Terrain\n|upkeep\n|turn|6\n|inactive|Bfap has 30 seconds left.\n|\n|t:|1740250570\n|move|p1a: Miraidon|Protect|p1a: Miraidon\n|-singleturn|p1a: Miraidon|Protect\n|move|p2b: Landorus|Earth Power|p1b: Incineroar\n|-supereffective|p1b: Incineroar\n|-damage|p1b: Incineroar|0 fnt\n|faint|p1b: Incineroar\n|move|p2a: Amoonguss|Spore|p1a: Miraidon\n|-activate|p1a: Miraidon|move: Protect\n|\n|upkeep\n|\n|t:|1740250580\n|switch|p1b: Whimsicott|Whimsicott, L50, F|100\/100\n|turn|7\n|\n|t:|1740250590\n|switch|p2b: Calyrex|Calyrex-Ice, L50, tera:Grass|7\/100\n|-ability|p2b: Calyrex|As One\n|-ability|p2b: Calyrex|Unnerve\n|move|p1b: Whimsicott|Tailwind|p1b: Whimsicott\n|-sidestart|p1: Lechonkbro|move: Tailwind\n|move|p1a: Miraidon|Dragon Pulse|p2b: Calyrex\n|-damage|p2b: Calyrex|0 fnt\n|faint|p2b: Calyrex\n|move|p2a: Amoonguss|Spore|p1a: Miraidon\n|-status|p1a: Miraidon|slp|[from] move: Spore\n|\n|upkeep\n|\n|t:|1740250603\n|switch|p2b: Landorus|Landorus, L50, M|88\/100\n|turn|8\n|j| judang\n|inactive|Bfap has 30 seconds left.\n|\n|t:|1740250634\n|move|p1b: Whimsicott|Moonblast|p2b: Landorus\n|-damage|p2b: Landorus|38\/100\n|-unboost|p2b: Landorus|spa|1\n|cant|p1a: Miraidon|slp\n|move|p2b: Landorus|Earth Power|p1a: Miraidon\n|-supereffective|p1a: Miraidon\n|-damage|p1a: Miraidon|0 fnt\n|faint|p1a: Miraidon\n|move|p2a: Amoonguss|Clear Smog|p1b: Whimsicott\n|-supereffective|p1b: Whimsicott\n|-enditem|p1b: Whimsicott|Focus Sash\n|-damage|p1b: Whimsicott|1\/100\n|-clearboost|p1b: Whimsicott\n|\n|upkeep\n|turn|9\n|-message|Lechonkbro forfeited.\n|\n|win|Bfap\n|raw|Lechonkbro's rating: 1602 &rarr; <strong>1577<\/strong><br \/>(-25 for losing)\n|raw|Bfap's rating: 1517 &rarr; <strong>1542<\/strong><br \/>(+25 for winning)\n|l|\u2606Lechonkbro\n|player|p1|\n|l|\u2606Bfap\n|player|p2|\n","uploadtime":1740250795,"views":3,"formatid":"gen9vgc2025regg","rating":1542,"private":0,"password":null}