{"id":"gen9vgc2025regg-2305017017","format":"[Gen 9] VGC 2025 Reg G","players":["bonobobohemio","pig duck eater"],"log":"|j|\u2606bonobobohemio\n|j|\u2606pig duck eater\n|t:|1740137156\n|gametype|doubles\n|player|p1|bonobobohemio|grimsley|1515\n|player|p2|pig duck eater|169|1708\n|teamsize|p1|6\n|teamsize|p2|6\n|gen|9\n|tier|[Gen 9] VGC 2025 Reg G\n|rated|\n|rule|Species Clause: Limit one of each Pok\u00e9mon\n|rule|Item Clause: Limit 1 of each item\n|clearpoke\n|poke|p1|Reshiram, L50|\n|poke|p1|Walking Wake, L50|\n|poke|p1|Whimsicott, L50, F|\n|poke|p1|Urshifu-*, L50, F|\n|poke|p1|Raging Bolt, L50|\n|poke|p1|Iron Treads, L50|\n|poke|p2|Koraidon, L50|\n|poke|p2|Iron Crown, L50|\n|poke|p2|Indeedee-F, L50, F|\n|poke|p2|Garganacl, L50, M|\n|poke|p2|Wo-Chien, L50|\n|poke|p2|Walking Wake, L50|\n|teampreview|4\n|\n|t:|1740137213\n|start\n|switch|p1a: Whimsicott|Whimsicott, L50, F|100\/100\n|switch|p1b: Walking Wake|Walking Wake, L50|100\/100\n|switch|p2a: Wo-Chien|Wo-Chien, L50|100\/100\n|switch|p2b: Indeedee|Indeedee-F, L50, F|100\/100\n|-fieldstart|move: Psychic Terrain|[from] ability: Psychic Surge|[of] p2b: Indeedee\n|-enditem|p2b: Indeedee|Psychic Seed\n|-boost|p2b: Indeedee|spd|1|[from] item: Psychic Seed\n|-ability|p2a: Wo-Chien|Tablets of Ruin\n|turn|1\n|\n|t:|1740137228\n|move|p1a: Whimsicott|Sunny Day|p1a: Whimsicott\n|-weather|SunnyDay\n|-activate|p1b: Walking Wake|ability: Protosynthesis\n|-start|p1b: Walking Wake|protosynthesisspa\n|move|p1b: Walking Wake|Flamethrower|p2a: Wo-Chien\n|-supereffective|p2a: Wo-Chien\n|-damage|p2a: Wo-Chien|23\/100\n|-damage|p1b: Walking Wake|91\/100|[from] item: Life Orb\n|move|p2a: Wo-Chien|Snarl|p1b: Walking Wake|[spread] p1a,p1b\n|-resisted|p1a: Whimsicott\n|-damage|p1a: Whimsicott|89\/100\n|-damage|p1b: Walking Wake|75\/100\n|-unboost|p1a: Whimsicott|spa|1\n|-unboost|p1b: Walking Wake|spa|1\n|move|p2b: Indeedee|Trick Room|p2b: Indeedee\n|-fieldstart|move: Trick Room|[of] p2b: Indeedee\n|\n|-weather|SunnyDay|[upkeep]\n|upkeep\n|turn|2\n|\n|t:|1740137260\n|switch|p2a: Iron Crown|Iron Crown, L50|100\/100\n|-enditem|p2a: Iron Crown|Booster Energy\n|-activate|p2a: Iron Crown|ability: Quark Drive|[fromitem]\n|-start|p2a: Iron Crown|quarkdrivedef\n|move|p1b: Walking Wake|Protect|p1b: Walking Wake\n|-singleturn|p1b: Walking Wake|Protect\n|move|p2b: Indeedee|Follow Me|p2b: Indeedee\n|-singleturn|p2b: Indeedee|move: Follow Me\n|move|p1a: Whimsicott|Moonblast|p2b: Indeedee\n|-damage|p2b: Indeedee|85\/100\n|-unboost|p2b: Indeedee|spa|1\n|\n|-weather|SunnyDay|[upkeep]\n|upkeep\n|turn|3\n|\n|t:|1740137280\n|-end|p1b: Walking Wake|Protosynthesis|[silent]\n|switch|p1b: Urshifu|Urshifu, L50, F|100\/100\n|move|p2b: Indeedee|Follow Me|p2b: Indeedee\n|-singleturn|p2b: Indeedee|move: Follow Me\n|move|p2a: Iron Crown|Calm Mind|p2a: Iron Crown\n|-boost|p2a: Iron Crown|spa|1\n|-boost|p2a: Iron Crown|spd|1\n|move|p1a: Whimsicott|Moonblast|p2b: Indeedee\n|-damage|p2b: Indeedee|71\/100\n|\n|-weather|SunnyDay|[upkeep]\n|upkeep\n|turn|4\n|\n|t:|1740137311\n|-terastallize|p2a: Iron Crown|Grass\n|move|p1b: Urshifu|Detect|p1b: Urshifu\n|-singleturn|p1b: Urshifu|Protect\n|move|p1a: Whimsicott|Tailwind|p1a: Whimsicott\n|-sidestart|p1: bonobobohemio|move: Tailwind\n|move|p2b: Indeedee|Dazzling Gleam|p1b: Urshifu|[spread] p1a\n|-activate|p1b: Urshifu|move: Protect\n|-damage|p1a: Whimsicott|74\/100\n|move|p2a: Iron Crown|Tachyon Cutter|p1b: Urshifu\n|-activate|p1b: Urshifu|move: Protect\n|\n|-weather|SunnyDay|[upkeep]\n|upkeep\n|turn|5\n|\n|t:|1740137331\n|move|p2b: Indeedee|Baton Pass|p2b: Indeedee\n|\n|t:|1740137333\n|switch|p2b: Wo-Chien|Wo-Chien, L50|23\/100|[from] Baton Pass\n|-ability|p2b: Wo-Chien|Tablets of Ruin\n|move|p2a: Iron Crown|Tachyon Cutter|p1a: Whimsicott\n|-supereffective|p1a: Whimsicott\n|-damage|p1a: Whimsicott|0 fnt\n|faint|p1a: Whimsicott\n|-hitcount|p1: Whimsicott|1\n|move|p1b: Urshifu|Wicked Blow|p2b: Wo-Chien\n|-resisted|p2b: Wo-Chien\n|-crit|p2b: Wo-Chien\n|-damage|p2b: Wo-Chien|8\/100\n|\n|-weather|none\n|-fieldend|move: Trick Room\n|-fieldend|move: Psychic Terrain\n|upkeep\n|\n|t:|1740137343\n|switch|p1a: Reshiram|Reshiram, L50, shiny|100\/100\n|-ability|p1a: Reshiram|Turboblaze\n|turn|6\n|\n|t:|1740137366\n|move|p2a: Iron Crown|Protect|p2a: Iron Crown\n|-singleturn|p2a: Iron Crown|Protect\n|move|p1b: Urshifu|Wicked Blow|p2a: Iron Crown\n|-crit|p2a: Iron Crown\n|-damage|p2a: Iron Crown|74\/100\n|move|p1a: Reshiram|Heat Wave|p2b: Wo-Chien|[spread] p2b\n|-activate|p2a: Iron Crown|move: Protect\n|-supereffective|p2b: Wo-Chien\n|-damage|p2b: Wo-Chien|0 fnt\n|faint|p2b: Wo-Chien\n|\n|upkeep\n|\n|t:|1740137379\n|switch|p2b: Indeedee|Indeedee-F, L50, F|71\/100\n|-fieldstart|move: Psychic Terrain|[from] ability: Psychic Surge|[of] p2b: Indeedee\n|turn|7\n|-message|pig duck eater forfeited.\n|\n|win|bonobobohemio\n|raw|bonobobohemio's rating: 1515 &rarr; <strong>1545<\/strong><br \/>(+30 for winning)\n|raw|pig duck eater's rating: 1708 &rarr; <strong>1678<\/strong><br \/>(-30 for losing)\n|l|\u2606bonobobohemio\n|player|p1|\n","uploadtime":1740137523,"views":7,"formatid":"gen9vgc2025regg","rating":1545,"private":0,"password":null}