{"id":"gen9vgc2025regg-2305686510","format":"[Gen 9] VGC 2025 Reg G","players":["ryanplaytv","snease me"],"log":"|j|\u2606ryanplaytv\n|j|\u2606snease me\n|t:|1740231659\n|gametype|doubles\n|player|p1|ryanplaytv|hiker-gen4|1632\n|player|p2|snease me|swimmer-gen4dp|1592\n|teamsize|p1|6\n|teamsize|p2|6\n|gen|9\n|tier|[Gen 9] VGC 2025 Reg G\n|rated|\n|rule|Species Clause: Limit one of each Pok\u00e9mon\n|rule|Item Clause: Limit 1 of each item\n|clearpoke\n|poke|p1|Calyrex-Ice, L50|\n|poke|p1|Ursaluna-Bloodmoon, L50, M|\n|poke|p1|Indeedee-F, L50, F|\n|poke|p1|Hatterene, L50, F|\n|poke|p1|Gallade, L50, M|\n|poke|p1|Torkoal, L50, F|\n|poke|p2|Calyrex-Shadow, L50|\n|poke|p2|Cresselia, L50, F|\n|poke|p2|Ursaluna, L50, M|\n|poke|p2|Indeedee-F, L50, F|\n|poke|p2|Clefairy, L50, F|\n|poke|p2|Annihilape, L50, M|\n|teampreview|4\n|inactive|Battle timer is ON: inactive players will automatically lose when time's up. (requested by snease me)\n|\n|t:|1740231691\n|start\n|switch|p1a: Gallade|Gallade, L50, M|100\/100\n|switch|p1b: Calyrex|Calyrex-Ice, L50|100\/100\n|switch|p2a: Clefairy|Clefairy, L50, F|100\/100\n|switch|p2b: Annihilape|Annihilape, L50, M|100\/100\n|-ability|p1b: Calyrex|As One\n|-ability|p1b: Calyrex|Unnerve\n|turn|1\n|\n|t:|1740231705\n|switch|p1b: Ursaluna|Ursaluna-Bloodmoon, L50, M|100\/100\n|-terastallize|p2b: Annihilape|Water\n|move|p2b: Annihilape|Bulk Up|p2b: Annihilape\n|-boost|p2b: Annihilape|atk|1\n|-boost|p2b: Annihilape|def|1\n|move|p1a: Gallade|Psycho Cut|p2b: Annihilape\n|-damage|p2b: Annihilape|75\/100\n|move|p2a: Clefairy|Stealth Rock|p1b: Ursaluna\n|-sidestart|p1: ryanplaytv|move: Stealth Rock\n|\n|-heal|p2b: Annihilape|81\/100|[from] item: Leftovers\n|upkeep\n|turn|2\n|\n|t:|1740231726\n|move|p2b: Annihilape|Rage Fist|p1a: Gallade\n|-supereffective|p1a: Gallade\n|-enditem|p1a: Gallade|Focus Sash\n|-damage|p1a: Gallade|1\/100\n|move|p1a: Gallade|Sacred Sword|p2b: Annihilape\n|-damage|p2b: Annihilape|31\/100\n|move|p1b: Ursaluna|Hyper Voice|p2b: Annihilape|[spread] p2a,p2b\n|-damage|p2a: Clefairy|67\/100\n|-damage|p2b: Annihilape|10\/100\n|move|p2a: Clefairy|Dazzling Gleam|p1b: Ursaluna|[spread] p1a,p1b\n|-supereffective|p1a: Gallade\n|-damage|p1a: Gallade|0 fnt\n|-damage|p1b: Ursaluna|90\/100\n|faint|p1a: Gallade\n|\n|-heal|p2b: Annihilape|16\/100|[from] item: Leftovers\n|upkeep\n|\n|t:|1740231746\n|switch|p1a: Calyrex|Calyrex-Ice, L50|100\/100\n|-ability|p1a: Calyrex|As One\n|-ability|p1a: Calyrex|Unnerve\n|-damage|p1a: Calyrex|76\/100|[from] Stealth Rock\n|turn|3\n|\n|t:|1740231755\n|-terastallize|p1b: Ursaluna|Fairy\n|move|p2b: Annihilape|Rage Fist|p1a: Calyrex\n|-supereffective|p1a: Calyrex\n|-damage|p1a: Calyrex|0 fnt\n|faint|p1a: Calyrex\n|move|p1b: Ursaluna|Hyper Voice|p2a: Clefairy|[spread] p2a,p2b\n|-damage|p2a: Clefairy|32\/100\n|-damage|p2b: Annihilape|0 fnt\n|faint|p2b: Annihilape\n|move|p2a: Clefairy|Dazzling Gleam|p1b: Ursaluna\n|-damage|p1b: Ursaluna|78\/100\n|\n|upkeep\n|\n|t:|1740231763\n|switch|p2b: Calyrex|Calyrex-Shadow, L50|100\/100\n|switch|p1a: Torkoal|Torkoal, L50, F|100\/100\n|-ability|p2b: Calyrex|As One\n|-ability|p2b: Calyrex|Unnerve\n|-damage|p1a: Torkoal|76\/100|[from] Stealth Rock\n|-weather|SunnyDay|[from] ability: Drought|[of] p1a: Torkoal\n|turn|4\n|\n|t:|1740231774\n|switch|p2a: Indeedee|Indeedee-F, L50, F|100\/100\n|-fieldstart|move: Psychic Terrain|[from] ability: Psychic Surge|[of] p2a: Indeedee\n|-enditem|p2a: Indeedee|Psychic Seed\n|-boost|p2a: Indeedee|spd|1|[from] item: Psychic Seed\n|move|p2b: Calyrex|Expanding Force|p1b: Ursaluna|[spread] p1a,p1b\n|-damage|p1a: Torkoal|0 fnt\n|-damage|p1b: Ursaluna|30\/100\n|faint|p1a: Torkoal\n|-ability|p2b: Calyrex|Grim Neigh|boost\n|-boost|p2b: Calyrex|spa|1\n|move|p1b: Ursaluna|Blood Moon|p2b: Calyrex\n|-damage|p2b: Calyrex|27\/100\n|\n|-weather|SunnyDay|[upkeep]\n|upkeep\n|turn|5\n|\n|t:|1740231782\n|move|p2a: Indeedee|Helping Hand|p2b: Calyrex\n|-singleturn|p2b: Calyrex|Helping Hand|[of] p2a: Indeedee\n|move|p2b: Calyrex|Astral Barrage|p1b: Ursaluna\n|-damage|p1b: Ursaluna|0 fnt\n|faint|p1b: Ursaluna\n|\n|win|snease me\n|raw|ryanplaytv's rating: 1632 &rarr; <strong>1610<\/strong><br \/>(-22 for losing)\n|raw|snease me's rating: 1592 &rarr; <strong>1614<\/strong><br \/>(+22 for winning)\n|l|\u2606ryanplaytv\n|player|p1|\n|l|\u2606snease me\n|player|p2|\n","uploadtime":1740231970,"views":3,"formatid":"gen9vgc2025regg","rating":1610,"private":0,"password":null}