{"id":"gen9vgc2025regg-2305008963","format":"[Gen 9] VGC 2025 Reg G","players":["Vianex","Angelo Neres"],"log":"|j|\u2606Vianex\n|j|\u2606Angelo Neres\n|t:|1740135743\n|gametype|doubles\n|player|p1|Vianex|pokemaniac|1547\n|player|p2|Angelo Neres|101|1583\n|teamsize|p1|6\n|teamsize|p2|6\n|gen|9\n|tier|[Gen 9] VGC 2025 Reg G\n|rated|\n|rule|Species Clause: Limit one of each Pok\u00e9mon\n|rule|Item Clause: Limit 1 of each item\n|clearpoke\n|poke|p1|Grimmsnarl, L50, M|\n|poke|p1|Calyrex-Shadow, L50|\n|poke|p1|Rillaboom, L50, M|\n|poke|p1|Garganacl, L50, F|\n|poke|p1|Urshifu-*, L50, M|\n|poke|p1|Clefairy, L50, F|\n|poke|p2|Groudon, L50|\n|poke|p2|Moltres-Galar, L50|\n|poke|p2|Scream Tail, L50|\n|poke|p2|Grimmsnarl, L50, M|\n|poke|p2|Cobalion, L50|\n|poke|p2|Smeargle, L50, M|\n|teampreview|4\n|inactive|Battle timer is ON: inactive players will automatically lose when time's up. (requested by Angelo Neres)\n|inactive|Angelo Neres has 60 seconds left.\n|\n|t:|1740135785\n|start\n|switch|p1a: Calyrex|Calyrex-Shadow, L50|100\/100\n|switch|p1b: Grimmsnarl|Grimmsnarl, L50, M|100\/100\n|switch|p2a: Smeargle|Smeargle, L50, M|100\/100\n|switch|p2b: Groudon|Groudon, L50, shiny|100\/100\n|-ability|p1a: Calyrex|As One\n|-ability|p1a: Calyrex|Unnerve\n|-weather|SunnyDay|[from] ability: Drought|[of] p2b: Groudon\n|turn|1\n|\n|t:|1740135802\n|move|p1a: Calyrex|Protect|p1a: Calyrex\n|-singleturn|p1a: Calyrex|Protect\n|move|p1b: Grimmsnarl|Reflect|p1b: Grimmsnarl\n|-sidestart|p1: Vianex|Reflect\n|move|p2a: Smeargle|Spore|p1a: Calyrex\n|-activate|p1a: Calyrex|move: Protect\n|move|p2b: Groudon|Heavy Slam|p1b: Grimmsnarl\n|-supereffective|p1b: Grimmsnarl\n|-damage|p1b: Grimmsnarl|21\/100\n|\n|-weather|SunnyDay|[upkeep]\n|-ability|p2a: Smeargle|Moody|boost\n|-boost|p2a: Smeargle|def|2\n|-unboost|p2a: Smeargle|spe|1\n|upkeep\n|turn|2\n|\n|t:|1740135826\n|switch|p1a: Garganacl|Garganacl, L50, F|100\/100\n|move|p2b: Groudon|Precipice Blades|p1b: Grimmsnarl|[spread] p1a,p1b\n|-supereffective|p1a: Garganacl\n|-damage|p1a: Garganacl|50\/100\n|-damage|p1b: Grimmsnarl|0 fnt\n|-enditem|p1a: Garganacl|Sitrus Berry|[eat]\n|-heal|p1a: Garganacl|75\/100|[from] item: Sitrus Berry\n|faint|p1b: Grimmsnarl\n|move|p2a: Smeargle|Spore|p1a: Garganacl\n|-immune|p1a: Garganacl|[from] ability: Purifying Salt\n|\n|-weather|SunnyDay|[upkeep]\n|-ability|p2a: Smeargle|Moody|boost\n|-boost|p2a: Smeargle|atk|2\n|-unboost|p2a: Smeargle|def|1\n|upkeep\n|\n|t:|1740135833\n|switch|p1b: Urshifu|Urshifu, L50, M|100\/100\n|turn|3\n|\n|t:|1740135846\n|move|p1a: Garganacl|Wide Guard|p1a: Garganacl\n|-singleturn|p1a: Garganacl|Wide Guard\n|move|p1b: Urshifu|Wicked Blow|p2a: Smeargle\n|-crit|p2a: Smeargle\n|-enditem|p2a: Smeargle|Focus Sash\n|-damage|p2a: Smeargle|1\/100\n|move|p2b: Groudon|Heat Crash|p1b: Urshifu\n|-damage|p1b: Urshifu|45\/100\n|move|p2a: Smeargle|Spore|p1b: Urshifu\n|-status|p1b: Urshifu|slp|[from] move: Spore\n|\n|-weather|SunnyDay|[upkeep]\n|-ability|p2a: Smeargle|Moody|boost\n|-boost|p2a: Smeargle|spd|2\n|-unboost|p2a: Smeargle|spa|1\n|upkeep\n|turn|4\n|\n|t:|1740135860\n|switch|p2a: Moltres|Moltres-Galar, L50, shiny|100\/100\n|-terastallize|p1a: Garganacl|Water\n|cant|p1b: Urshifu|slp\n|move|p2b: Groudon|Precipice Blades|p1b: Urshifu|[spread] p1a,p1b\n|-damage|p1a: Garganacl|50\/100\n|-damage|p1b: Urshifu|6\/100 slp\n|move|p1a: Garganacl|Salt Cure|p2a: Moltres\n|-supereffective|p2a: Moltres\n|-damage|p2a: Moltres|75\/100\n|-start|p2a: Moltres|Salt Cure\n|\n|-weather|SunnyDay|[upkeep]\n|-damage|p2a: Moltres|63\/100|[from] Salt Cure\n|upkeep\n|turn|5\n|inactive|Angelo Neres has 30 seconds left.\n|\n|t:|1740135885\n|switch|p2a: Smeargle|Smeargle, L50, M|1\/100\n|cant|p1b: Urshifu|slp\n|move|p2b: Groudon|Heat Crash|p1b: Urshifu\n|-damage|p1b: Urshifu|0 fnt\n|faint|p1b: Urshifu\n|move|p1a: Garganacl|Recover|p1a: Garganacl\n|-heal|p1a: Garganacl|100\/100\n|\n|-weather|none\n|-sideend|p1: Vianex|Reflect\n|-ability|p2a: Smeargle|Moody|boost\n|-boost|p2a: Smeargle|spd|2\n|-unboost|p2a: Smeargle|spa|1\n|upkeep\n|\n|t:|1740135889\n|switch|p1b: Calyrex|Calyrex-Shadow, L50|100\/100\n|-ability|p1b: Calyrex|As One\n|-ability|p1b: Calyrex|Unnerve\n|turn|6\n|inactive|Angelo Neres has 30 seconds left.\n|inactive|Angelo Neres has 20 seconds left.\n|inactive|Angelo Neres has 15 seconds left.\n|\n|t:|1740135933\n|switch|p2a: Grimmsnarl|Grimmsnarl, L50, M, shiny|100\/100\n|-terastallize|p2b: Groudon|Fire\n|move|p1b: Calyrex|Protect|p1b: Calyrex\n|-singleturn|p1b: Calyrex|Protect\n|move|p2b: Groudon|Heat Crash|p1b: Calyrex\n|-activate|p1b: Calyrex|move: Protect\n|move|p1a: Garganacl|Salt Cure|p2b: Groudon\n|-supereffective|p2b: Groudon\n|-damage|p2b: Groudon|81\/100\n|-start|p2b: Groudon|Salt Cure\n|\n|-damage|p2b: Groudon|69\/100|[from] Salt Cure\n|upkeep\n|turn|7\n|\n|t:|1740135956\n|switch|p2b: Moltres|Moltres-Galar, L50, shiny|63\/100\n|move|p2a: Grimmsnarl|Parting Shot|p1b: Calyrex\n|-unboost|p1b: Calyrex|atk|1\n|-unboost|p1b: Calyrex|spa|1\n|\n|t:|1740135960\n|switch|p2a: Groudon|Groudon, L50, shiny, tera:Fire|69\/100|[from] Parting Shot\n|-weather|SunnyDay|[from] ability: Drought|[of] p2a: Groudon\n|move|p1b: Calyrex|Astral Barrage|p2b: Moltres|[spread] p2a,p2b\n|-resisted|p2b: Moltres\n|-crit|p2b: Moltres\n|-damage|p2a: Groudon|46\/100\n|-damage|p2b: Moltres|34\/100\n|-ability|p2b: Moltres|Berserk|boost\n|-boost|p2b: Moltres|spa|1\n|move|p1a: Garganacl|Salt Cure|p2a: Groudon\n|-supereffective|p2a: Groudon\n|-damage|p2a: Groudon|23\/100\n|-start|p2a: Groudon|Salt Cure\n|\n|-weather|SunnyDay|[upkeep]\n|-damage|p2a: Groudon|11\/100|[from] Salt Cure\n|upkeep\n|turn|8\n|\n|t:|1740135982\n|switch|p2a: Grimmsnarl|Grimmsnarl, L50, M, shiny|100\/100\n|move|p1b: Calyrex|Protect|p1b: Calyrex\n|-singleturn|p1b: Calyrex|Protect\n|move|p2b: Moltres|Tailwind|p2b: Moltres\n|-sidestart|p2: Angelo Neres|move: Tailwind\n|move|p1a: Garganacl|Salt Cure|p2b: Moltres\n|-supereffective|p2b: Moltres\n|-crit|p2b: Moltres\n|-damage|p2b: Moltres|0 fnt\n|faint|p2b: Moltres\n|\n|-weather|SunnyDay|[upkeep]\n|upkeep\n|\n|t:|1740135989\n|switch|p2b: Groudon|Groudon, L50, shiny, tera:Fire|11\/100\n|turn|9\n|\n|t:|1740135995\n|move|p2b: Groudon|Heat Crash|p1b: Calyrex\n|-damage|p1b: Calyrex|0 fnt\n|faint|p1b: Calyrex\n|move|p2a: Grimmsnarl|Spirit Break|p1a: Garganacl\n|-damage|p1a: Garganacl|80\/100\n|-unboost|p1a: Garganacl|spa|1\n|move|p1a: Garganacl|Salt Cure|p2b: Groudon\n|-supereffective|p2b: Groudon\n|-damage|p2b: Groudon|0 fnt\n|faint|p2b: Groudon\n|\n|-weather|SunnyDay|[upkeep]\n|upkeep\n|\n|t:|1740135999\n|switch|p2b: Smeargle|Smeargle, L50, M|1\/100\n|turn|10\n|\n|t:|1740136009\n|move|p2b: Smeargle|Clear Smog|p1a: Garganacl\n|-damage|p1a: Garganacl|77\/100\n|-clearboost|p1a: Garganacl\n|move|p2a: Grimmsnarl|Spirit Break|p1a: Garganacl\n|-damage|p1a: Garganacl|58\/100\n|-unboost|p1a: Garganacl|spa|1\n|move|p1a: Garganacl|Salt Cure|p2a: Grimmsnarl\n|-damage|p2a: Grimmsnarl|87\/100\n|\n|-weather|SunnyDay|[upkeep]\n|-ability|p2b: Smeargle|Moody|boost\n|-boost|p2b: Smeargle|def|2\n|-unboost|p2b: Smeargle|spd|1\n|upkeep\n|turn|11\n|\n|t:|1740136021\n|move|p2b: Smeargle|Clear Smog|p1a: Garganacl\n|-damage|p1a: Garganacl|55\/100\n|-clearboost|p1a: Garganacl\n|move|p2a: Grimmsnarl|Spirit Break|p1a: Garganacl\n|-damage|p1a: Garganacl|36\/100\n|-unboost|p1a: Garganacl|spa|1\n|move|p1a: Garganacl|Salt Cure|p2b: Smeargle\n|-damage|p2b: Smeargle|0 fnt\n|faint|p2b: Smeargle\n|\n|-weather|none\n|-sideend|p2: Angelo Neres|move: Tailwind\n|upkeep\n|turn|12\n|\n|t:|1740136027\n|move|p2a: Grimmsnarl|Spirit Break|p1a: Garganacl\n|-damage|p1a: Garganacl|17\/100\n|-unboost|p1a: Garganacl|spa|1\n|move|p1a: Garganacl|Recover|p1a: Garganacl\n|-heal|p1a: Garganacl|67\/100\n|\n|upkeep\n|turn|13\n|\n|t:|1740136033\n|move|p2a: Grimmsnarl|Spirit Break|p1a: Garganacl\n|-damage|p1a: Garganacl|46\/100\n|-unboost|p1a: Garganacl|spa|1\n|move|p1a: Garganacl|Iron Defense|p1a: Garganacl\n|-boost|p1a: Garganacl|def|2\n|\n|upkeep\n|turn|14\n|\n|t:|1740136039\n|move|p2a: Grimmsnarl|Spirit Break|p1a: Garganacl\n|-damage|p1a: Garganacl|36\/100\n|-unboost|p1a: Garganacl|spa|1\n|move|p1a: Garganacl|Recover|p1a: Garganacl\n|-heal|p1a: Garganacl|86\/100\n|\n|upkeep\n|turn|15\n|\n|t:|1740136046\n|move|p2a: Grimmsnarl|Spirit Break|p1a: Garganacl\n|-crit|p1a: Garganacl\n|-damage|p1a: Garganacl|56\/100\n|-unboost|p1a: Garganacl|spa|1\n|move|p1a: Garganacl|Iron Defense|p1a: Garganacl\n|-boost|p1a: Garganacl|def|2\n|\n|upkeep\n|turn|16\n|\n|t:|1740136051\n|move|p2a: Grimmsnarl|Spirit Break|p1a: Garganacl\n|-damage|p1a: Garganacl|50\/100\n|-unboost|p1a: Garganacl|spa|1\n|move|p1a: Garganacl|Salt Cure|p2a: Grimmsnarl\n|-damage|p2a: Grimmsnarl|73\/100\n|\n|upkeep\n|turn|17\n|\n|t:|1740136058\n|move|p2a: Grimmsnarl|Spirit Break|p1a: Garganacl\n|-damage|p1a: Garganacl|43\/100\n|move|p1a: Garganacl|Salt Cure|p2a: Grimmsnarl\n|-damage|p2a: Grimmsnarl|59\/100\n|\n|upkeep\n|turn|18\n|\n|t:|1740136062\n|move|p2a: Grimmsnarl|Spirit Break|p1a: Garganacl\n|-damage|p1a: Garganacl|36\/100\n|move|p1a: Garganacl|Salt Cure|p2a: Grimmsnarl\n|-crit|p2a: Grimmsnarl\n|-damage|p2a: Grimmsnarl|38\/100\n|\n|upkeep\n|turn|19\n|\n|t:|1740136065\n|move|p2a: Grimmsnarl|Spirit Break|p1a: Garganacl\n|-damage|p1a: Garganacl|30\/100\n|move|p1a: Garganacl|Recover|p1a: Garganacl\n|-heal|p1a: Garganacl|80\/100\n|\n|upkeep\n|turn|20\n|\n|t:|1740136068\n|move|p2a: Grimmsnarl|Spirit Break|p1a: Garganacl\n|-damage|p1a: Garganacl|73\/100\n|move|p1a: Garganacl|Salt Cure|p2a: Grimmsnarl\n|-damage|p2a: Grimmsnarl|25\/100\n|\n|upkeep\n|turn|21\n|\n|t:|1740136071\n|move|p2a: Grimmsnarl|Spirit Break|p1a: Garganacl\n|-damage|p1a: Garganacl|66\/100\n|move|p1a: Garganacl|Salt Cure|p2a: Grimmsnarl\n|-damage|p2a: Grimmsnarl|11\/100\n|\n|upkeep\n|turn|22\n|\n|t:|1740136076\n|move|p2a: Grimmsnarl|Spirit Break|p1a: Garganacl\n|-damage|p1a: Garganacl|58\/100\n|move|p1a: Garganacl|Salt Cure|p2a: Grimmsnarl\n|-damage|p2a: Grimmsnarl|0 fnt\n|faint|p2a: Grimmsnarl\n|\n|win|Vianex\n|raw|Vianex's rating: 1547 &rarr; <strong>1569<\/strong><br \/>(+22 for winning)\n|raw|Angelo Neres's rating: 1583 &rarr; <strong>1561<\/strong><br \/>(-22 for losing)\n|l|\u2606Angelo Neres\n|player|p2|\n|l|\u2606Vianex\n|player|p1|\n","uploadtime":1740136261,"views":5,"formatid":"gen9vgc2025regg","rating":1561,"private":0,"password":null}