{"id":"gen9vgc2025regg-2305063039","format":"[Gen 9] VGC 2025 Reg G","players":["ekalsow","LowPass"],"log":"|j|\u2606ekalsow\n|j|\u2606LowPass\n|t:|1740144220\n|gametype|doubles\n|player|p1|ekalsow|gambler|1644\n|player|p2|LowPass|265|1577\n|teamsize|p1|6\n|teamsize|p2|6\n|gen|9\n|tier|[Gen 9] VGC 2025 Reg G\n|rated|\n|rule|Species Clause: Limit one of each Pok\u00e9mon\n|rule|Item Clause: Limit 1 of each item\n|clearpoke\n|poke|p1|Zacian-*, L50|\n|poke|p1|Regidrago, L50|\n|poke|p1|Tornadus, L50, M|\n|poke|p1|Urshifu-*, L50, F|\n|poke|p1|Incineroar, L50, M|\n|poke|p1|Gholdengo, L50|\n|poke|p2|Lugia, L50|\n|poke|p2|Flutter Mane, L50|\n|poke|p2|Wo-Chien, L50|\n|poke|p2|Incineroar, L50, M|\n|poke|p2|Landorus-Therian, L50, M|\n|poke|p2|Toxapex, L50, F|\n|teampreview|4\n|\n|t:|1740144270\n|start\n|switch|p1a: Tornadus|Tornadus, L50, M|100\/100\n|switch|p1b: Urshifu|Urshifu-Rapid-Strike, L50, F|100\/100\n|switch|p2a: Landorus|Landorus-Therian, L50, M|100\/100\n|switch|p2b: Toxapex|Toxapex, L50, F|100\/100\n|-ability|p2a: Landorus|Intimidate|boost\n|-unboost|p1a: Tornadus|atk|1\n|-unboost|p1b: Urshifu|atk|1\n|turn|1\n|\n|t:|1740144291\n|-terastallize|p2a: Landorus|Water\n|move|p2b: Toxapex|Wide Guard|p2b: Toxapex\n|-singleturn|p2b: Toxapex|Wide Guard\n|move|p1a: Tornadus|Bleakwind Storm|p2b: Toxapex|[spread] \n|-activate|p2a: Landorus|move: Wide Guard\n|-activate|p2b: Toxapex|move: Wide Guard\n|move|p1b: Urshifu|Close Combat|p2a: Landorus\n|-damage|p2a: Landorus|55\/100\n|-unboost|p1b: Urshifu|def|1\n|-unboost|p1b: Urshifu|spd|1\n|move|p2a: Landorus|Stomping Tantrum|p1b: Urshifu\n|-damage|p1b: Urshifu|2\/100\n|\n|upkeep\n|turn|2\n|j| Jamel1\n|\n|t:|1740144313\n|switch|p2a: Lugia|Lugia, L50|100\/100\n|-terastallize|p1b: Urshifu|Water\n|move|p1a: Tornadus|Rain Dance|p1a: Tornadus\n|-weather|RainDance\n|move|p1b: Urshifu|Surging Strikes|p2a: Lugia\n|-crit|p2a: Lugia\n|-damage|p2a: Lugia|85\/100\n|-crit|p2a: Lugia\n|-damage|p2a: Lugia|58\/100\n|-crit|p2a: Lugia\n|-damage|p2a: Lugia|31\/100\n|-hitcount|p2a: Lugia|3\n|move|p2b: Toxapex|Icy Wind|p1a: Tornadus|[spread] p1a,p1b\n|-supereffective|p1a: Tornadus\n|-resisted|p1b: Urshifu\n|-damage|p1a: Tornadus|86\/100\n|-damage|p1b: Urshifu|0 fnt\n|faint|p1b: Urshifu\n|\n|-weather|RainDance|[upkeep]\n|-heal|p2a: Lugia|37\/100|[from] item: Leftovers\n|upkeep\n|\n|t:|1740144330\n|switch|p1b: Gholdengo|Gholdengo, L50|100\/100\n|turn|3\n|\n|t:|1740144346\n|move|p1a: Tornadus|Bleakwind Storm|p2b: Toxapex|[spread] p2a,p2b\n|-damage|p2a: Lugia|16\/100\n|-damage|p2b: Toxapex|75\/100\n|-unboost|p2b: Toxapex|spe|1\n|move|p2a: Lugia|Recover|p2a: Lugia\n|-heal|p2a: Lugia|66\/100\n|move|p1b: Gholdengo|Shadow Ball|p2a: Lugia\n|-supereffective|p2a: Lugia\n|-damage|p2a: Lugia|14\/100\n|-unboost|p2a: Lugia|spd|1\n|move|p2b: Toxapex|Icy Wind|p1b: Gholdengo|[spread] p1a,p1b\n|-supereffective|p1a: Tornadus\n|-resisted|p1b: Gholdengo\n|-damage|p1a: Tornadus|73\/100\n|-damage|p1b: Gholdengo|97\/100\n|-unboost|p1b: Gholdengo|spe|1\n|\n|-weather|RainDance|[upkeep]\n|-heal|p2a: Lugia|20\/100|[from] item: Leftovers\n|upkeep\n|turn|4\n|\n|t:|1740144379\n|move|p1a: Tornadus|Tailwind|p1a: Tornadus\n|-sidestart|p1: ekalsow|move: Tailwind\n|move|p1b: Gholdengo|Shadow Ball|p2a: Lugia\n|-supereffective|p2a: Lugia\n|-damage|p2a: Lugia|0 fnt\n|faint|p2a: Lugia\n|move|p2b: Toxapex|Icy Wind|p1a: Tornadus|[spread] p1a,p1b\n|-supereffective|p1a: Tornadus\n|-resisted|p1b: Gholdengo\n|-damage|p1a: Tornadus|59\/100\n|-damage|p1b: Gholdengo|94\/100\n|-unboost|p1b: Gholdengo|spe|1\n|\n|-weather|RainDance|[upkeep]\n|upkeep\n|\n|t:|1740144386\n|switch|p2a: Flutter Mane|Flutter Mane, L50|100\/100\n|-enditem|p2a: Flutter Mane|Booster Energy\n|-activate|p2a: Flutter Mane|ability: Protosynthesis|[fromitem]\n|-start|p2a: Flutter Mane|protosynthesisspa\n|turn|5\n|\n|t:|1740144416\n|move|p1b: Gholdengo|Protect|p1b: Gholdengo\n|-singleturn|p1b: Gholdengo|Protect\n|move|p2b: Toxapex|Wide Guard|p2b: Toxapex\n|-singleturn|p2b: Toxapex|Wide Guard\n|move|p1a: Tornadus|Bleakwind Storm|p2a: Flutter Mane|[spread] \n|-activate|p2a: Flutter Mane|move: Wide Guard\n|-activate|p2b: Toxapex|move: Wide Guard\n|move|p2a: Flutter Mane|Shadow Ball|p1b: Gholdengo\n|-activate|p1b: Gholdengo|move: Protect\n|\n|-weather|RainDance|[upkeep]\n|upkeep\n|turn|6\n|\n|t:|1740144435\n|switch|p1b: Zacian|Zacian-Crowned, L50|100\/100\n|-ability|p1b: Zacian|Intrepid Sword|boost\n|-boost|p1b: Zacian|atk|1\n|move|p2b: Toxapex|Wide Guard|p2b: Toxapex\n|-singleturn|p2b: Toxapex|Wide Guard\n|move|p1a: Tornadus|Bleakwind Storm|p2a: Flutter Mane|[spread] \n|-activate|p2a: Flutter Mane|move: Wide Guard\n|-activate|p2b: Toxapex|move: Wide Guard\n|move|p2a: Flutter Mane|Shadow Ball|p1b: Zacian\n|-damage|p1b: Zacian|45\/100\n|\n|-weather|none\n|upkeep\n|turn|7\n|j| faceless_knigght\n|\n|t:|1740144461\n|move|p2a: Flutter Mane|Protect|p2a: Flutter Mane\n|-singleturn|p2a: Flutter Mane|Protect\n|move|p1b: Zacian|Swords Dance|p1b: Zacian\n|-boost|p1b: Zacian|atk|2\n|move|p1a: Tornadus|Bleakwind Storm|p2b: Toxapex|[spread] p2b\n|-activate|p2a: Flutter Mane|move: Protect\n|-damage|p2b: Toxapex|50\/100\n|move|p2b: Toxapex|Haze|p2b: Toxapex\n|-clearallboost\n|\n|-sideend|p1: ekalsow|move: Tailwind\n|upkeep\n|turn|8\n|\n|t:|1740144476\n|switch|p2b: Landorus|Landorus-Therian, L50, M, tera:Water|55\/100\n|-ability|p2b: Landorus|Intimidate|boost\n|-unboost|p1a: Tornadus|atk|1\n|-unboost|p1b: Zacian|atk|1\n|move|p1a: Tornadus|Tailwind|p1a: Tornadus\n|-sidestart|p1: ekalsow|move: Tailwind\n|move|p1b: Zacian|Behemoth Blade|p2a: Flutter Mane\n|-supereffective|p2a: Flutter Mane\n|-damage|p2a: Flutter Mane|0 fnt\n|faint|p2a: Flutter Mane\n|-end|p2a: Flutter Mane|Protosynthesis|[silent]\n|\n|upkeep\n|\n|t:|1740144485\n|switch|p2a: Toxapex|Toxapex, L50, F|83\/100\n|turn|9\n|l| Jamel1\n|-message|LowPass forfeited.\n|\n|win|ekalsow\n|raw|ekalsow's rating: 1644 &rarr; <strong>1660<\/strong><br \/>(+16 for winning)\n|raw|LowPass's rating: 1577 &rarr; <strong>1561<\/strong><br \/>(-16 for losing)\n|l|\u2606LowPass\n|player|p2|\n|l|\u2606ekalsow\n|player|p1|\n|l| faceless_knigght\n","uploadtime":1740144750,"views":6,"formatid":"gen9vgc2025regg","rating":1561,"private":0,"password":null}