{"id":"gen9vgc2025regg-2305031346","format":"[Gen 9] VGC 2025 Reg G","players":["prosioni","pig duck eater"],"log":"|j|\u2606prosioni\n|j|\u2606pig duck eater\n|t:|1740139553\n|gametype|doubles\n|player|p1|prosioni|102|1657\n|player|p2|pig duck eater|169|1682\n|teamsize|p1|6\n|teamsize|p2|6\n|gen|9\n|tier|[Gen 9] VGC 2025 Reg G\n|rated|\n|rule|Species Clause: Limit one of each Pok\u00e9mon\n|rule|Item Clause: Limit 1 of each item\n|clearpoke\n|poke|p1|Kyogre, L50|\n|poke|p1|Rillaboom, L50, F|\n|poke|p1|Farigiraf, L50, M|\n|poke|p1|Tornadus, L50, M|\n|poke|p1|Urshifu-*, L50, M|\n|poke|p1|Landorus, L50, M|\n|poke|p2|Koraidon, L50|\n|poke|p2|Iron Crown, L50|\n|poke|p2|Indeedee-F, L50, F|\n|poke|p2|Garganacl, L50, F|\n|poke|p2|Wo-Chien, L50|\n|poke|p2|Walking Wake, L50|\n|teampreview|4\n|inactive|Battle timer is ON: inactive players will automatically lose when time's up. (requested by prosioni)\n|\n|t:|1740139617\n|start\n|switch|p1a: Tornadus|Tornadus, L50, M|100\/100\n|switch|p1b: Kyogre|Kyogre, L50|100\/100\n|switch|p2a: Walking Wake|Walking Wake, L50|100\/100\n|switch|p2b: Indeedee|Indeedee-F, L50, F|100\/100\n|-weather|RainDance|[from] ability: Drizzle|[of] p1b: Kyogre\n|-fieldstart|move: Psychic Terrain|[from] ability: Psychic Surge|[of] p2b: Indeedee\n|-enditem|p2b: Indeedee|Psychic Seed\n|-boost|p2b: Indeedee|spd|1|[from] item: Psychic Seed\n|turn|1\n|\n|t:|1740139640\n|switch|p1b: Rillaboom|Rillaboom, L50, F|100\/100\n|-fieldstart|move: Grassy Terrain|[from] ability: Grassy Surge|[of] p1b: Rillaboom\n|move|p1a: Tornadus|Tailwind|p1a: Tornadus\n|-sidestart|p1: prosioni|move: Tailwind\n|move|p2a: Walking Wake|Snarl|p1a: Tornadus|[spread] p1a,p1b\n|-damage|p1a: Tornadus|82\/100\n|-damage|p1b: Rillaboom|84\/100\n|-unboost|p1a: Tornadus|spa|1\n|-unboost|p1b: Rillaboom|spa|1\n|move|p2b: Indeedee|Trick Room|p2b: Indeedee\n|-fieldstart|move: Trick Room|[of] p2b: Indeedee\n|\n|-weather|RainDance|[upkeep]\n|-heal|p1b: Rillaboom|89\/100|[from] Grassy Terrain\n|upkeep\n|turn|2\n|\n|t:|1740139664\n|-end|p2a: Walking Wake|Protosynthesis|[silent]\n|switch|p2a: Iron Crown|Iron Crown, L50|100\/100\n|-enditem|p2a: Iron Crown|Booster Energy\n|-activate|p2a: Iron Crown|ability: Quark Drive|[fromitem]\n|-start|p2a: Iron Crown|quarkdrivedef\n|-terastallize|p1b: Rillaboom|Grass\n|move|p1a: Tornadus|Scary Face|p1b: Rillaboom\n|-unboost|p1b: Rillaboom|spe|2\n|move|p2b: Indeedee|Baton Pass|p2b: Indeedee\n|\n|t:|1740139672\n|switch|p2b: Wo-Chien|Wo-Chien, L50|100\/100|[from] Baton Pass\n|-ability|p2b: Wo-Chien|Tablets of Ruin\n|move|p1b: Rillaboom|Wood Hammer|p2a: Iron Crown\n|-resisted|p2a: Iron Crown\n|-damage|p2a: Iron Crown|70\/100\n|-damage|p1b: Rillaboom|80\/100|[from] Recoil\n|\n|-weather|RainDance|[upkeep]\n|-heal|p1b: Rillaboom|86\/100|[from] Grassy Terrain\n|-heal|p2a: Iron Crown|76\/100|[from] Grassy Terrain\n|upkeep\n|turn|3\n|\n|t:|1740139686\n|move|p2b: Wo-Chien|Foul Play|p1b: Rillaboom\n|-damage|p1b: Rillaboom|32\/100\n|move|p1b: Rillaboom|U-turn|p2b: Wo-Chien\n|-supereffective|p2b: Wo-Chien\n|-damage|p2b: Wo-Chien|50\/100\n|\n|t:|1740139692\n|switch|p1b: Urshifu|Urshifu, L50, M|100\/100|[from] U-turn\n|move|p2a: Iron Crown|Calm Mind|p2a: Iron Crown\n|-boost|p2a: Iron Crown|spa|1\n|-boost|p2a: Iron Crown|spd|1\n|move|p1a: Tornadus|Bleakwind Storm|p2b: Wo-Chien|[spread] p2a,p2b\n|-resisted|p2a: Iron Crown\n|-supereffective|p2b: Wo-Chien\n|-damage|p2a: Iron Crown|66\/100\n|-damage|p2b: Wo-Chien|29\/100\n|-unboost|p2b: Wo-Chien|spe|1\n|-damage|p1a: Tornadus|72\/100|[from] item: Life Orb\n|\n|-weather|RainDance|[upkeep]\n|-heal|p2b: Wo-Chien|35\/100|[from] Grassy Terrain\n|-heal|p2a: Iron Crown|73\/100|[from] Grassy Terrain\n|upkeep\n|turn|4\n|inactive|pig duck eater has 30 seconds left.\n|\n|t:|1740139722\n|-terastallize|p2a: Iron Crown|Grass\n|move|p1a: Tornadus|Scary Face|p1b: Urshifu\n|-unboost|p1b: Urshifu|spe|2\n|move|p2b: Wo-Chien|Foul Play|p1a: Tornadus\n|-damage|p1a: Tornadus|27\/100\n|move|p2a: Iron Crown|Tachyon Cutter|p1a: Tornadus\n|-crit|p1a: Tornadus\n|-damage|p1a: Tornadus|0 fnt\n|faint|p1a: Tornadus\n|-hitcount|p1: Tornadus|1\n|move|p1b: Urshifu|Wicked Blow|p2a: Iron Crown\n|-crit|p2a: Iron Crown\n|-damage|p2a: Iron Crown|45\/100\n|\n|-weather|RainDance|[upkeep]\n|-heal|p2b: Wo-Chien|41\/100|[from] Grassy Terrain\n|-heal|p2a: Iron Crown|51\/100|[from] Grassy Terrain\n|-sideend|p1: prosioni|move: Tailwind\n|upkeep\n|\n|t:|1740139738\n|switch|p1a: Rillaboom|Rillaboom, L50, F, tera:Grass|32\/100\n|turn|5\n|j| faceless_knigght\n|\n|t:|1740139754\n|move|p2b: Wo-Chien|Pollen Puff|p2a: Iron Crown\n|-heal|p2a: Iron Crown|100\/100\n|move|p1b: Urshifu|Wicked Blow|p2a: Iron Crown\n|-crit|p2a: Iron Crown\n|-damage|p2a: Iron Crown|72\/100\n|move|p1a: Rillaboom|U-turn|p2b: Wo-Chien\n|-supereffective|p2b: Wo-Chien\n|-damage|p2b: Wo-Chien|0 fnt\n|faint|p2b: Wo-Chien\n|\n|t:|1740139763\n|switch|p1a: Kyogre|Kyogre, L50|100\/100|[from] U-turn\n|move|p2a: Iron Crown|Tachyon Cutter|p1a: Kyogre\n|-resisted|p1a: Kyogre\n|-damage|p1a: Kyogre|89\/100\n|-resisted|p1a: Kyogre\n|-damage|p1a: Kyogre|76\/100\n|-hitcount|p1a: Kyogre|2\n|\n|-weather|none\n|-heal|p2a: Iron Crown|78\/100|[from] Grassy Terrain\n|-heal|p1a: Kyogre|82\/100|[from] Grassy Terrain\n|-fieldend|move: Trick Room\n|-fieldend|move: Grassy Terrain\n|upkeep\n|j| 167Finish\n|inactive|pig duck eater has 30 seconds left.\n|\n|t:|1740139796\n|switch|p2b: Walking Wake|Walking Wake, L50|100\/100\n|turn|6\n|\n|t:|1740139806\n|switch|p1b: Rillaboom|Rillaboom, L50, F, tera:Grass|32\/100\n|-fieldstart|move: Grassy Terrain|[from] ability: Grassy Surge|[of] p1b: Rillaboom\n|move|p2b: Walking Wake|Snarl|p1a: Kyogre|[spread] p1a\n|-miss|p2b: Walking Wake|p1b: Rillaboom\n|-damage|p1a: Kyogre|72\/100\n|-unboost|p1a: Kyogre|spa|1\n|move|p1a: Kyogre|Ice Beam|p2a: Iron Crown\n|-supereffective|p2a: Iron Crown\n|-damage|p2a: Iron Crown|35\/100\n|-status|p2a: Iron Crown|frz\n|cant|p2a: Iron Crown|frz\n|\n|-heal|p1a: Kyogre|78\/100|[from] Grassy Terrain\n|-heal|p2a: Iron Crown|41\/100 frz|[from] Grassy Terrain\n|-heal|p1b: Rillaboom|38\/100|[from] Grassy Terrain\n|upkeep\n|turn|7\n|\n|t:|1740139830\n|-end|p2b: Walking Wake|Protosynthesis|[silent]\n|switch|p2b: Indeedee|Indeedee-F, L50, F|100\/100\n|-fieldstart|move: Psychic Terrain|[from] ability: Psychic Surge|[of] p2b: Indeedee\n|move|p1a: Kyogre|Ice Beam|p2a: Iron Crown\n|-supereffective|p2a: Iron Crown\n|-damage|p2a: Iron Crown|0 fnt\n|faint|p2a: Iron Crown\n|-end|p2a: Iron Crown|Quark Drive|[silent]\n|move|p1b: Rillaboom|Wood Hammer|p2b: Indeedee\n|-damage|p2b: Indeedee|0 fnt\n|faint|p2b: Indeedee\n|-damage|p1b: Rillaboom|10\/100|[from] Recoil\n|\n|upkeep\n|-message|pig duck eater forfeited.\n|\n|win|prosioni\n|raw|prosioni's rating: 1657 &rarr; <strong>1678<\/strong><br \/>(+21 for winning)\n|raw|pig duck eater's rating: 1682 &rarr; <strong>1661<\/strong><br \/>(-21 for losing)\n|l|\u2606prosioni\n|player|p1|\n|l| 167Finish\n","uploadtime":1740140045,"views":10,"formatid":"gen9vgc2025regg","rating":1661,"private":0,"password":null}