{"id":"gen9vgc2025regg-2305001210","format":"[Gen 9] VGC 2025 Reg G","players":["jasonrfry3","Meiose"],"log":"|j|\u2606jasonrfry3\n|j|\u2606Meiose\n|t:|1740134395\n|gametype|doubles\n|player|p1|jasonrfry3|169|1570\n|player|p2|Meiose|morty|1588\n|teamsize|p1|6\n|teamsize|p2|6\n|gen|9\n|tier|[Gen 9] VGC 2025 Reg G\n|rated|\n|rule|Species Clause: Limit one of each Pok\u00e9mon\n|rule|Item Clause: Limit 1 of each item\n|clearpoke\n|poke|p1|Mimikyu, L50, F|\n|poke|p1|Enamorus-Therian, L50, F|\n|poke|p1|Okidogi, L50, M|\n|poke|p1|Calyrex-Ice, L50|\n|poke|p1|Ogerpon-Cornerstone, L50, F|\n|poke|p1|Whimsicott, L50, M|\n|poke|p2|Zamazenta-*, L50|\n|poke|p2|Chien-Pao, L50|\n|poke|p2|Ting-Lu, L50|\n|poke|p2|Dondozo, L50, F|\n|poke|p2|Raging Bolt, L50|\n|poke|p2|Whimsicott, L50, M|\n|teampreview|4\n|inactive|Battle timer is ON: inactive players will automatically lose when time's up. (requested by jasonrfry3)\n|\n|t:|1740134425\n|start\n|switch|p1a: Mimikyu|Mimikyu, L50, F, shiny|100\/100\n|switch|p1b: Ogerpon|Ogerpon-Cornerstone, L50, F|100\/100\n|switch|p2a: Ting-Lu|Ting-Lu, L50|100\/100\n|switch|p2b: Chien-Pao|Chien-Pao, L50|100\/100\n|-ability|p2b: Chien-Pao|Sword of Ruin\n|-ability|p2a: Ting-Lu|Vessel of Ruin\n|turn|1\n|\n|t:|1740134436\n|-terastallize|p2a: Ting-Lu|Fairy\n|move|p2b: Chien-Pao|Taunt|p1a: Mimikyu\n|-start|p1a: Mimikyu|move: Taunt\n|-enditem|p1a: Mimikyu|Mental Herb\n|-end|p1a: Mimikyu|move: Taunt\n|move|p1b: Ogerpon|Wood Hammer|p2a: Ting-Lu\n|-crit|p2a: Ting-Lu\n|-damage|p2a: Ting-Lu|29\/100\n|-damage|p1b: Ogerpon|84\/100|[from] item: Rocky Helmet|[of] p2a: Ting-Lu\n|-damage|p1b: Ogerpon|45\/100|[from] Recoil\n|move|p1a: Mimikyu|Will-O-Wisp|p2b: Chien-Pao\n|-status|p2b: Chien-Pao|brn\n|move|p2a: Ting-Lu|Stealth Rock|p1a: Mimikyu\n|-sidestart|p1: jasonrfry3|move: Stealth Rock\n|\n|-damage|p2b: Chien-Pao|95\/100 brn|[from] brn\n|upkeep\n|turn|2\n|\n|t:|1740134451\n|move|p1b: Ogerpon|Follow Me|p1b: Ogerpon\n|-singleturn|p1b: Ogerpon|move: Follow Me\n|move|p2b: Chien-Pao|Taunt|p1b: Ogerpon\n|-start|p1b: Ogerpon|move: Taunt\n|move|p2a: Ting-Lu|Ruination|p1b: Ogerpon|[miss]\n|-miss|p2a: Ting-Lu|p1b: Ogerpon\n|move|p1a: Mimikyu|Trick Room|p1a: Mimikyu\n|-fieldstart|move: Trick Room|[of] p1a: Mimikyu\n|\n|-damage|p2b: Chien-Pao|89\/100 brn|[from] brn\n|upkeep\n|turn|3\n|\n|t:|1740134464\n|move|p2a: Ting-Lu|Sand Tomb|p1b: Ogerpon\n|-damage|p1b: Ogerpon|23\/100\n|-activate|p1b: Ogerpon|move: Sand Tomb|[of] p2a: Ting-Lu\n|move|p1a: Mimikyu|Curse|p2b: Chien-Pao\n|-start|p2b: Chien-Pao|Curse|[of] p1a: Mimikyu\n|-damage|p1a: Mimikyu|50\/100\n|move|p1b: Ogerpon|Wood Hammer|p2a: Ting-Lu\n|-damage|p2a: Ting-Lu|0 fnt\n|-damage|p1b: Ogerpon|6\/100|[from] item: Rocky Helmet|[of] p2a: Ting-Lu\n|faint|p2a: Ting-Lu\n|-damage|p1b: Ogerpon|0 fnt|[from] Recoil\n|faint|p1b: Ogerpon\n|move|p2b: Chien-Pao|Ice Spinner|p1a: Mimikyu\n|-activate|p1a: Mimikyu|ability: Disguise\n|-damage|p1a: Mimikyu|50\/100\n|detailschange|p1a: Mimikyu|Mimikyu-Busted, L50, F, shiny\n|-damage|p1a: Mimikyu|38\/100|[from] pokemon: Mimikyu-Busted\n|\n|-damage|p2b: Chien-Pao|83\/100 brn|[from] brn\n|-damage|p2b: Chien-Pao|59\/100 brn|[from] Curse\n|upkeep\n|\n|t:|1740134481\n|switch|p2a: Dondozo|Dondozo, L50, F|100\/100\n|switch|p1b: Calyrex|Calyrex-Ice, L50|100\/100\n|-ability|p1b: Calyrex|As One\n|-ability|p1b: Calyrex|Unnerve\n|-damage|p1b: Calyrex|76\/100|[from] Stealth Rock\n|turn|4\n|\n|t:|1740134486\n|move|p1b: Calyrex|Protect|p1b: Calyrex\n|-singleturn|p1b: Calyrex|Protect\n|move|p2b: Chien-Pao|Sucker Punch||[still]\n|-fail|p2b: Chien-Pao\n|move|p2a: Dondozo|Wave Crash|p1a: Mimikyu\n|-damage|p1a: Mimikyu|0 fnt\n|faint|p1a: Mimikyu\n|-damage|p2a: Dondozo|93\/100|[from] Recoil\n|\n|-heal|p2a: Dondozo|99\/100|[from] item: Leftovers\n|-damage|p2b: Chien-Pao|53\/100 brn|[from] brn\n|-damage|p2b: Chien-Pao|28\/100 brn|[from] Curse\n|upkeep\n|\n|t:|1740134493\n|switch|p1a: Enamorus|Enamorus-Therian, L50, F|100\/100\n|-damage|p1a: Enamorus|76\/100|[from] Stealth Rock\n|turn|5\n|\n|t:|1740134502\n|-terastallize|p1b: Calyrex|Ice\n|move|p2b: Chien-Pao|Sucker Punch|p1b: Calyrex\n|-damage|p1b: Calyrex|63\/100\n|move|p1a: Enamorus|Moonblast|p2a: Dondozo\n|-damage|p2a: Dondozo|46\/100\n|-unboost|p2a: Dondozo|spa|1\n|-damage|p1a: Enamorus|66\/100|[from] item: Life Orb\n|move|p2a: Dondozo|Yawn|p1b: Calyrex\n|-start|p1b: Calyrex|move: Yawn|[of] p2a: Dondozo\n|move|p1b: Calyrex|Glacial Lance|p2a: Dondozo|[spread] p2a,p2b\n|-resisted|p2a: Dondozo\n|-resisted|p2b: Chien-Pao\n|-damage|p2a: Dondozo|17\/100\n|-damage|p2b: Chien-Pao|0 fnt\n|faint|p2b: Chien-Pao\n|-ability|p1b: Calyrex|Chilling Neigh|boost\n|-boost|p1b: Calyrex|atk|1\n|\n|-heal|p2a: Dondozo|23\/100|[from] item: Leftovers\n|upkeep\n|\n|t:|1740134506\n|switch|p2b: Zamazenta|Zamazenta-Crowned, L50|100\/100\n|-ability|p2b: Zamazenta|Dauntless Shield|boost\n|-boost|p2b: Zamazenta|def|1\n|turn|6\n|\n|t:|1740134525\n|move|p2a: Dondozo|Protect|p2a: Dondozo\n|-singleturn|p2a: Dondozo|Protect\n|move|p2b: Zamazenta|Protect|p2b: Zamazenta\n|-singleturn|p2b: Zamazenta|Protect\n|move|p1a: Enamorus|Earth Power|p2b: Zamazenta\n|-activate|p2b: Zamazenta|move: Protect\n|move|p1b: Calyrex|Close Combat|p2b: Zamazenta\n|-activate|p2b: Zamazenta|move: Protect\n|\n|-heal|p2a: Dondozo|29\/100|[from] item: Leftovers\n|-end|p1b: Calyrex|move: Yawn|[silent]\n|-status|p1b: Calyrex|slp\n|-fieldend|move: Trick Room\n|upkeep\n|turn|7\n|\n|t:|1740134536\n|move|p1a: Enamorus|Protect|p1a: Enamorus\n|-singleturn|p1a: Enamorus|Protect\n|move|p2b: Zamazenta|Body Press|p1b: Calyrex\n|-supereffective|p1b: Calyrex\n|-damage|p1b: Calyrex|0 fnt\n|faint|p1b: Calyrex\n|move|p2a: Dondozo|Yawn|p1a: Enamorus\n|-activate|p1a: Enamorus|move: Protect\n|\n|-heal|p2a: Dondozo|36\/100|[from] item: Leftovers\n|upkeep\n|turn|8\n|-message|jasonrfry3 forfeited.\n|\n|win|Meiose\n|raw|jasonrfry3's rating: 1570 &rarr; <strong>1551<\/strong><br \/>(-19 for losing)\n|raw|Meiose's rating: 1588 &rarr; <strong>1607<\/strong><br \/>(+19 for winning)\n|l|\u2606jasonrfry3\n|player|p1|\n","uploadtime":1740134549,"views":6,"formatid":"gen9vgc2025regg","rating":1551,"private":0,"password":null}