{"id":"gen9vgc2025regg-2305160252","format":"[Gen 9] VGC 2025 Reg G","players":["tomareknight","Team715"],"log":"|j|\u2606tomareknight\n|j|\u2606Team715\n|t:|1740155107\n|gametype|doubles\n|player|p1|tomareknight|170|1585\n|player|p2|Team715|volkner|1679\n|teamsize|p1|6\n|teamsize|p2|6\n|gen|9\n|tier|[Gen 9] VGC 2025 Reg G\n|rated|\n|rule|Species Clause: Limit one of each Pok\u00e9mon\n|rule|Item Clause: Limit 1 of each item\n|clearpoke\n|poke|p1|Tornadus, L50, M|\n|poke|p1|Tsareena, L50, F|\n|poke|p1|Kyogre, L50|\n|poke|p1|Farigiraf, L50, F|\n|poke|p1|Urshifu-*, L50, F|\n|poke|p1|Landorus, L50, M|\n|poke|p2|Calyrex-Shadow, L50|\n|poke|p2|Rillaboom, L50, M|\n|poke|p2|Incineroar, L50, M|\n|poke|p2|Urshifu-*, L50, M|\n|poke|p2|Raging Bolt, L50|\n|poke|p2|Ogerpon-Cornerstone, L50, F|\n|teampreview|4\n|inactive|Battle timer is ON: inactive players will automatically lose when time's up. (requested by Team715)\n|inactive|tomareknight has 60 seconds left.\n|inactive|Team715 has 60 seconds left.\n|\n|t:|1740155163\n|start\n|switch|p1a: Tornadus|Tornadus, L50, M|100\/100\n|switch|p1b: Farigiraf|Farigiraf, L50, F|100\/100\n|switch|p2a: Raging Bolt|Raging Bolt, L50|100\/100\n|switch|p2b: Urshifu|Urshifu, L50, M|100\/100\n|-enditem|p2a: Raging Bolt|Booster Energy\n|-activate|p2a: Raging Bolt|ability: Protosynthesis|[fromitem]\n|-start|p2a: Raging Bolt|protosynthesisspa\n|turn|1\n|inactive|tomareknight has 30 seconds left.\n|inactive|tomareknight has 20 seconds left.\n|inactive|tomareknight has 15 seconds left.\n|inactive|tomareknight has 10 seconds left.\n|inactive|tomareknight has 5 seconds left.\n|\n|t:|1740155216\n|-terastallize|p1b: Farigiraf|Stellar\n|move|p1a: Tornadus|Bleakwind Storm|p2b: Urshifu|[spread] p2a,p2b\n|-resisted|p2a: Raging Bolt\n|-supereffective|p2b: Urshifu\n|-damage|p2a: Raging Bolt|87\/100\n|-enditem|p2b: Urshifu|Focus Sash\n|-damage|p2b: Urshifu|1\/100\n|move|p2b: Urshifu|Wicked Blow|p1b: Farigiraf\n|-supereffective|p1b: Farigiraf\n|-crit|p1b: Farigiraf\n|-damage|p1b: Farigiraf|0 fnt\n|faint|p1b: Farigiraf\n|move|p2a: Raging Bolt|Thunderbolt|p1a: Tornadus\n|-supereffective|p1a: Tornadus\n|-enditem|p1a: Tornadus|Focus Sash\n|-damage|p1a: Tornadus|1\/100\n|\n|upkeep\n|\n|t:|1740155233\n|switch|p1b: Tsareena|Tsareena, L50, F|100\/100\n|turn|2\n|\n|t:|1740155245\n|move|p1a: Tornadus|Bleakwind Storm|p2b: Urshifu|[spread] p2a,p2b\n|-resisted|p2a: Raging Bolt\n|-supereffective|p2b: Urshifu\n|-damage|p2a: Raging Bolt|71\/100\n|-damage|p2b: Urshifu|0 fnt\n|faint|p2b: Urshifu\n|move|p1b: Tsareena|Triple Axel|p2a: Raging Bolt\n|-supereffective|p2a: Raging Bolt\n|-damage|p2a: Raging Bolt|60\/100\n|-supereffective|p2a: Raging Bolt\n|-damage|p2a: Raging Bolt|36\/100\n|-supereffective|p2a: Raging Bolt\n|-damage|p2a: Raging Bolt|7\/100\n|-hitcount|p2a: Raging Bolt|3\n|move|p2a: Raging Bolt|Dragon Pulse|p1b: Tsareena\n|-damage|p1b: Tsareena|38\/100\n|\n|upkeep\n|\n|t:|1740155261\n|switch|p2b: Calyrex|Calyrex-Shadow, L50|100\/100\n|-ability|p2b: Calyrex|As One\n|-ability|p2b: Calyrex|Unnerve\n|turn|3\n|inactive|tomareknight has 30 seconds left.\n|inactive|tomareknight has 20 seconds left.\n|inactive|tomareknight has 15 seconds left.\n|inactive|tomareknight has 10 seconds left.\n|\n|t:|1740155310\n|move|p2a: Raging Bolt|Protect|p2a: Raging Bolt\n|-singleturn|p2a: Raging Bolt|Protect\n|move|p1a: Tornadus|Tailwind|p1a: Tornadus\n|-sidestart|p1: tomareknight|move: Tailwind\n|move|p1b: Tsareena|Power Whip|p2b: Calyrex\n|-damage|p2b: Calyrex|51\/100\n|move|p2b: Calyrex|Astral Barrage|p1a: Tornadus|[spread] p1a,p1b\n|-damage|p1a: Tornadus|0 fnt\n|-damage|p1b: Tsareena|0 fnt\n|faint|p1a: Tornadus\n|faint|p1b: Tsareena\n|-ability|p2b: Calyrex|Grim Neigh|boost\n|-boost|p2b: Calyrex|spa|2\n|\n|upkeep\n|\n|t:|1740155327\n|switch|p1a: Kyogre|Kyogre, L50|100\/100\n|-weather|RainDance|[from] ability: Drizzle|[of] p1a: Kyogre\n|turn|4\n|\n|t:|1740155336\n|move|p2b: Calyrex|Protect|p2b: Calyrex\n|-singleturn|p2b: Calyrex|Protect\n|move|p2a: Raging Bolt|Thunderclap|p1a: Kyogre\n|-supereffective|p1a: Kyogre\n|-damage|p1a: Kyogre|19\/100\n|move|p1a: Kyogre|Origin Pulse|p2a: Raging Bolt|[spread] p2a\n|-activate|p2b: Calyrex|move: Protect\n|-resisted|p2a: Raging Bolt\n|-damage|p2a: Raging Bolt|0 fnt\n|faint|p2a: Raging Bolt\n|-end|p2a: Raging Bolt|Protosynthesis|[silent]\n|\n|-weather|RainDance|[upkeep]\n|upkeep\n|\n|t:|1740155345\n|switch|p2a: Rillaboom|Rillaboom, L50, M, shiny|100\/100\n|-fieldstart|move: Grassy Terrain|[from] ability: Grassy Surge|[of] p2a: Rillaboom\n|turn|5\n|-message|tomareknight forfeited.\n|\n|win|Team715\n|raw|tomareknight's rating: 1585 &rarr; <strong>1570<\/strong><br \/>(-15 for losing)\n|raw|Team715's rating: 1679 &rarr; <strong>1694<\/strong><br \/>(+15 for winning)\n|l|\u2606tomareknight\n|player|p1|\n|l|\u2606Team715\n|player|p2|\n","uploadtime":1740155576,"views":5,"formatid":"gen9vgc2025regg","rating":1570,"private":0,"password":null}