{"id":"gen9vgc2025regg-2305279997","format":"[Gen 9] VGC 2025 Reg G","players":["PKBR_Hitsuy","Kaicyios"],"log":"|j|\u2606PKBR_Hitsuy\n|j|\u2606Kaicyios\n|t:|1740167425\n|gametype|doubles\n|player|p1|PKBR_Hitsuy|cynthia|1585\n|player|p2|Kaicyios|giovanni|1663\n|teamsize|p1|6\n|teamsize|p2|6\n|gen|9\n|tier|[Gen 9] VGC 2025 Reg G\n|rated|\n|rule|Species Clause: Limit one of each Pok\u00e9mon\n|rule|Item Clause: Limit 1 of each item\n|clearpoke\n|poke|p1|Groudon, L50|\n|poke|p1|Gouging Fire, L50|\n|poke|p1|Chien-Pao, L50|\n|poke|p1|Urshifu-*, L50, M|\n|poke|p1|Volcarona, L50, M|\n|poke|p1|Raging Bolt, L50|\n|poke|p2|Calyrex-Ice, L50|\n|poke|p2|Urshifu-*, L50, F|\n|poke|p2|Landorus, L50, M|\n|poke|p2|Tornadus, L50, M|\n|poke|p2|Chi-Yu, L50|\n|poke|p2|Raging Bolt, L50|\n|teampreview|4\n|inactive|Battle timer is ON: inactive players will automatically lose when time's up. (requested by PKBR_Hitsuy)\n|\n|t:|1740167445\n|start\n|switch|p1a: Groudon|Groudon, L50|100\/100\n|switch|p1b: Volcarona|Volcarona, L50, M|100\/100\n|switch|p2a: Tornadus|Tornadus, L50, M|100\/100\n|switch|p2b: Urshifu|Urshifu-Rapid-Strike, L50, F|100\/100\n|-weather|SunnyDay|[from] ability: Drought|[of] p1a: Groudon\n|turn|1\n|\n|t:|1740167468\n|-terastallize|p1b: Volcarona|Water\n|move|p1b: Volcarona|Rage Powder|p1b: Volcarona\n|-singleturn|p1b: Volcarona|move: Rage Powder\n|move|p2a: Tornadus|Rain Dance|p2a: Tornadus\n|-weather|RainDance\n|move|p2b: Urshifu|Surging Strikes|p1b: Volcarona\n|-resisted|p1b: Volcarona\n|-crit|p1b: Volcarona\n|-damage|p1b: Volcarona|83\/100\n|-resisted|p1b: Volcarona\n|-crit|p1b: Volcarona\n|-damage|p1b: Volcarona|65\/100\n|-resisted|p1b: Volcarona\n|-crit|p1b: Volcarona\n|-damage|p1b: Volcarona|47\/100\n|-hitcount|p1b: Volcarona|3\n|move|p1a: Groudon|High Horsepower|p2b: Urshifu\n|-damage|p2b: Urshifu|39\/100\n|\n|-weather|RainDance|[upkeep]\n|upkeep\n|turn|2\n|\n|t:|1740167488\n|switch|p1a: Chien-Pao|Chien-Pao, L50|100\/100\n|-ability|p1a: Chien-Pao|Sword of Ruin\n|move|p1b: Volcarona|Rage Powder|p1b: Volcarona\n|-singleturn|p1b: Volcarona|move: Rage Powder\n|move|p2a: Tornadus|Tailwind|p2a: Tornadus\n|-sidestart|p2: Kaicyios|move: Tailwind\n|move|p2b: Urshifu|Surging Strikes|p1b: Volcarona\n|-resisted|p1b: Volcarona\n|-crit|p1b: Volcarona\n|-damage|p1b: Volcarona|21\/100\n|-resisted|p1b: Volcarona\n|-crit|p1b: Volcarona\n|-damage|p1b: Volcarona|0 fnt\n|-status|p2b: Urshifu|brn|[from] ability: Flame Body|[of] p1b: Volcarona\n|faint|p1b: Volcarona\n|-hitcount|p1: Volcarona|2\n|\n|-weather|RainDance|[upkeep]\n|-damage|p2b: Urshifu|33\/100 brn|[from] brn\n|upkeep\n|j| hideonbusu\n|\n|t:|1740167503\n|switch|p1b: Groudon|Groudon, L50|100\/100\n|-weather|SunnyDay|[from] ability: Drought|[of] p1b: Groudon\n|turn|3\n|\n|t:|1740167515\n|switch|p1b: Urshifu|Urshifu, L50, M|100\/100\n|move|p2a: Tornadus|Rain Dance|p2a: Tornadus\n|-weather|RainDance\n|move|p2b: Urshifu|Surging Strikes|p1a: Chien-Pao\n|-crit|p1a: Chien-Pao\n|-damage|p1a: Chien-Pao|77\/100\n|-crit|p1a: Chien-Pao\n|-damage|p1a: Chien-Pao|55\/100\n|-crit|p1a: Chien-Pao\n|-damage|p1a: Chien-Pao|33\/100\n|-hitcount|p1a: Chien-Pao|3\n|move|p1a: Chien-Pao|Ice Spinner|p2a: Tornadus\n|-supereffective|p2a: Tornadus\n|-enditem|p2a: Tornadus|Focus Sash\n|-damage|p2a: Tornadus|1\/100\n|\n|-weather|RainDance|[upkeep]\n|-damage|p2b: Urshifu|27\/100 brn|[from] brn\n|upkeep\n|turn|4\n|inactive|Kaicyios has 30 seconds left.\n|\n|t:|1740167550\n|move|p2a: Tornadus|Scary Face|p1b: Urshifu\n|-hint|Since gen 7, Dark is immune to Prankster moves.\n|-immune|p1b: Urshifu\n|move|p1a: Chien-Pao|Sucker Punch||[still]\n|-fail|p1a: Chien-Pao\n|move|p1b: Urshifu|Sucker Punch|p2b: Urshifu\n|-resisted|p2b: Urshifu\n|-crit|p2b: Urshifu\n|-damage|p2b: Urshifu|0 fnt\n|faint|p2b: Urshifu\n|\n|-weather|RainDance|[upkeep]\n|upkeep\n|\n|t:|1740167569\n|switch|p2b: Calyrex|Calyrex-Ice, L50|100\/100\n|-ability|p2b: Calyrex|As One\n|-ability|p2b: Calyrex|Unnerve\n|turn|5\n|\n|t:|1740167591\n|switch|p2a: Landorus|Landorus, L50, M|100\/100\n|switch|p1b: Groudon|Groudon, L50|100\/100\n|-weather|SunnyDay|[from] ability: Drought|[of] p1b: Groudon\n|-terastallize|p2b: Calyrex|Ice\n|move|p1a: Chien-Pao|Sucker Punch|p2b: Calyrex\n|-damage|p2b: Calyrex|65\/100\n|move|p2b: Calyrex|Glacial Lance|p1a: Chien-Pao|[spread] p1a,p1b\n|-resisted|p1a: Chien-Pao\n|-supereffective|p1b: Groudon\n|-damage|p1a: Chien-Pao|0 fnt\n|-damage|p1b: Groudon|0 fnt\n|faint|p1a: Chien-Pao\n|faint|p1b: Groudon\n|-ability|p2b: Calyrex|Chilling Neigh|boost\n|-boost|p2b: Calyrex|atk|2\n|\n|-weather|SunnyDay|[upkeep]\n|-sideend|p2: Kaicyios|move: Tailwind\n|upkeep\n|\n|t:|1740167604\n|switch|p1b: Urshifu|Urshifu, L50, M|100\/100\n|turn|6\n|l| hideonbusu\n|\n|t:|1740167623\n|switch|p2b: Tornadus|Tornadus, L50, M|1\/100\n|move|p1b: Urshifu|Wicked Blow|p2a: Landorus\n|-crit|p2a: Landorus\n|-damage|p2a: Landorus|2\/100\n|move|p2a: Landorus|Sandsear Storm|p1b: Urshifu|[miss]\n|-miss|p2a: Landorus|p1b: Urshifu\n|\n|-weather|SunnyDay|[upkeep]\n|upkeep\n|turn|7\n|\n|t:|1740167642\n|move|p2a: Landorus|Protect|p2a: Landorus\n|-singleturn|p2a: Landorus|Protect\n|move|p2b: Tornadus|Tailwind|p2b: Tornadus\n|-sidestart|p2: Kaicyios|move: Tailwind\n|move|p1b: Urshifu|Wicked Blow|p2a: Landorus\n|-crit|p2a: Landorus\n|-damage|p2a: Landorus|0 fnt\n|faint|p2a: Landorus\n|\n|-weather|SunnyDay|[upkeep]\n|upkeep\n|\n|t:|1740167653\n|switch|p2a: Calyrex|Calyrex-Ice, L50, tera:Ice|65\/100\n|-ability|p2a: Calyrex|As One\n|-ability|p2a: Calyrex|Unnerve\n|turn|8\n|\n|t:|1740167667\n|move|p2b: Tornadus|Scary Face|p1b: Urshifu\n|-hint|Since gen 7, Dark is immune to Prankster moves.\n|-immune|p1b: Urshifu\n|move|p2a: Calyrex|Glacial Lance|p1b: Urshifu\n|-damage|p1b: Urshifu|0 fnt\n|faint|p1b: Urshifu\n|\n|win|Kaicyios\n|raw|PKBR_Hitsuy's rating: 1585 &rarr; <strong>1569<\/strong><br \/>(-16 for losing)\n|raw|Kaicyios's rating: 1663 &rarr; <strong>1679<\/strong><br \/>(+16 for winning)\n|l|\u2606Kaicyios\n|player|p2|\n|l|\u2606PKBR_Hitsuy\n|player|p1|\n","uploadtime":1740167672,"views":5,"formatid":"gen9vgc2025regg","rating":1569,"private":0,"password":null}