{"id":"gen9vgc2025regg-2305052651","format":"[Gen 9] VGC 2025 Reg G","players":["badpiplupvgc","kiwigal"],"log":"|j|\u2606badpiplupvgc\n|j|\u2606kiwigal\n|t:|1740142796\n|gametype|doubles\n|player|p1|badpiplupvgc|1|1656\n|player|p2|kiwigal|emma|1638\n|teamsize|p1|6\n|teamsize|p2|6\n|gen|9\n|tier|[Gen 9] VGC 2025 Reg G\n|rated|\n|rule|Species Clause: Limit one of each Pok\u00e9mon\n|rule|Item Clause: Limit 1 of each item\n|clearpoke\n|poke|p1|Calyrex-Ice, L50|\n|poke|p1|Amoonguss, L50, M|\n|poke|p1|Raging Bolt, L50|\n|poke|p1|Chi-Yu, L50|\n|poke|p1|Rillaboom, L50, M|\n|poke|p1|Urshifu-*, L50, M|\n|poke|p2|Calyrex-Ice, L50|\n|poke|p2|Raging Bolt, L50|\n|poke|p2|Urshifu-*, L50, F|\n|poke|p2|Ogerpon-Cornerstone, L50, F|\n|poke|p2|Flutter Mane, L50|\n|poke|p2|Volcarona, L50, F|\n|teampreview|4\n|\n|t:|1740142836\n|start\n|switch|p1a: Chi-Yu|Chi-Yu, L50|100\/100\n|switch|p1b: Urshifu|Urshifu, L50, M|100\/100\n|switch|p2a: Freaky Mane|Flutter Mane, L50|100\/100\n|switch|p2b: OOGA|Ogerpon-Cornerstone, L50, F|100\/100\n|-ability|p1a: Chi-Yu|Beads of Ruin\n|-enditem|p2a: Freaky Mane|Booster Energy\n|-activate|p2a: Freaky Mane|ability: Protosynthesis|[fromitem]\n|-start|p2a: Freaky Mane|protosynthesisspe\n|turn|1\n|j| mr pogostick\n|\n|t:|1740142864\n|move|p1b: Urshifu|Sucker Punch|p2b: OOGA\n|-crit|p2b: OOGA\n|-damage|p2b: OOGA|27\/100\n|move|p2a: Freaky Mane|Icy Wind|p1b: Urshifu|[spread] p1a,p1b\n|-resisted|p1a: Chi-Yu\n|-damage|p1a: Chi-Yu|93\/100\n|-damage|p1b: Urshifu|74\/100\n|-unboost|p1a: Chi-Yu|spe|1\n|-unboost|p1b: Urshifu|spe|1\n|move|p2b: OOGA|Ivy Cudgel|p1a: Chi-Yu|[anim] Ivy Cudgel Rock\n|-supereffective|p1a: Chi-Yu\n|-damage|p1a: Chi-Yu|0 fnt\n|faint|p1a: Chi-Yu\n|\n|upkeep\n|\n|t:|1740142879\n|switch|p1a: Calyrex|Calyrex-Ice, L50|100\/100\n|-ability|p1a: Calyrex|As One\n|-ability|p1a: Calyrex|Unnerve\n|turn|2\n|\n|t:|1740142919\n|switch|p2b: M\u00d6TH|Volcarona, L50, F|100\/100\n|-terastallize|p1a: Calyrex|Fire\n|move|p1b: Urshifu|Sucker Punch||[still]\n|-fail|p1b: Urshifu\n|move|p2a: Freaky Mane|Moonblast|p1b: Urshifu\n|-supereffective|p1b: Urshifu\n|-damage|p1b: Urshifu|0 fnt\n|faint|p1b: Urshifu\n|move|p1a: Calyrex|Glacial Lance|p2b: M\u00d6TH|[spread] p2a,p2b\n|-resisted|p2b: M\u00d6TH\n|-damage|p2a: Freaky Mane|22\/100\n|-damage|p2b: M\u00d6TH|71\/100\n|\n|upkeep\n|\n|t:|1740142933\n|switch|p1b: Raging Bolt|Raging Bolt, L50|100\/100\n|-enditem|p1b: Raging Bolt|Booster Energy\n|-activate|p1b: Raging Bolt|ability: Protosynthesis|[fromitem]\n|-start|p1b: Raging Bolt|protosynthesisspa\n|turn|3\n|\n|t:|1740142948\n|move|p2b: M\u00d6TH|Rage Powder|p2b: M\u00d6TH\n|-singleturn|p2b: M\u00d6TH|move: Rage Powder\n|move|p1b: Raging Bolt|Thunderclap||[still]\n|-fail|p1b: Raging Bolt\n|move|p2a: Freaky Mane|Moonblast|p1b: Raging Bolt\n|-supereffective|p1b: Raging Bolt\n|-damage|p1b: Raging Bolt|13\/100\n|move|p1a: Calyrex|Glacial Lance|p2a: Freaky Mane|[spread] p2a,p2b\n|-resisted|p2b: M\u00d6TH\n|-damage|p2a: Freaky Mane|0 fnt\n|-damage|p2b: M\u00d6TH|44\/100\n|faint|p2a: Freaky Mane\n|-end|p2a: Freaky Mane|Protosynthesis|[silent]\n|-ability|p1a: Calyrex|Chilling Neigh|boost\n|-boost|p1a: Calyrex|atk|1\n|\n|upkeep\n|\n|t:|1740142970\n|switch|p2a: damn..|Calyrex-Ice, L50|100\/100\n|-ability|p2a: damn..|As One\n|-ability|p2a: damn..|Unnerve\n|turn|4\n|\n|t:|1740142983\n|move|p1b: Raging Bolt|Protect|p1b: Raging Bolt\n|-singleturn|p1b: Raging Bolt|Protect\n|move|p2b: M\u00d6TH|Fiery Dance|p1b: Raging Bolt\n|-activate|p1b: Raging Bolt|move: Protect\n|move|p2a: damn..|High Horsepower|p1a: Calyrex\n|-supereffective|p1a: Calyrex\n|-damage|p1a: Calyrex|47\/100\n|move|p1a: Calyrex|High Horsepower|p2b: M\u00d6TH|[miss]\n|-miss|p1a: Calyrex|p2b: M\u00d6TH\n|\n|upkeep\n|turn|5\n|-message|badpiplupvgc forfeited.\n|\n|win|kiwigal\n|raw|badpiplupvgc's rating: 1656 &rarr; <strong>1635<\/strong><br \/>(-21 for losing)\n|raw|kiwigal's rating: 1638 &rarr; <strong>1659<\/strong><br \/>(+21 for winning)\n|l|\u2606badpiplupvgc\n|player|p1|\n|l|\u2606kiwigal\n|player|p2|\n|l| mr pogostick\n","uploadtime":1740143224,"views":5,"formatid":"gen9vgc2025regg","rating":1635,"private":0,"password":null}