{"id":"gen9vgc2025regg-2305125115","format":"[Gen 9] VGC 2025 Reg G","players":["blindfishptsd","Slackermaru"],"log":"|j|\u2606blindfishptsd\n|j|\u2606Slackermaru\n|t:|1740151454\n|gametype|doubles\n|player|p1|blindfishptsd|266|1608\n|player|p2|Slackermaru|workerice|1583\n|teamsize|p1|6\n|teamsize|p2|6\n|gen|9\n|tier|[Gen 9] VGC 2025 Reg G\n|rated|\n|rule|Species Clause: Limit one of each Pok\u00e9mon\n|rule|Item Clause: Limit 1 of each item\n|clearpoke\n|poke|p1|Alcremie, L50, F|\n|poke|p1|Calyrex-Ice, L50|\n|poke|p1|Smeargle, L50, M|\n|poke|p1|Chi-Yu, L50|\n|poke|p1|Pelipper, L50, F|\n|poke|p1|Raging Bolt, L50|\n|poke|p2|Calyrex-Ice, L50|\n|poke|p2|Raging Bolt, L50|\n|poke|p2|Urshifu-*, L50, M|\n|poke|p2|Amoonguss, L50, M|\n|poke|p2|Chi-Yu, L50|\n|poke|p2|Flutter Mane, L50|\n|teampreview|4\n|\n|t:|1740151494\n|start\n|switch|p1a: absolute bs boi|Smeargle, L50, M|100\/100\n|switch|p1b: ice honse boi|Calyrex-Ice, L50|100\/100\n|switch|p2a: Flutter Mane|Flutter Mane, L50, shiny|100\/100\n|switch|p2b: Urshifu|Urshifu-Rapid-Strike, L50, M|100\/100\n|-ability|p1b: ice honse boi|As One\n|-ability|p1b: ice honse boi|Unnerve\n|-enditem|p2a: Flutter Mane|Booster Energy\n|-activate|p2a: Flutter Mane|ability: Protosynthesis|[fromitem]\n|-start|p2a: Flutter Mane|protosynthesisspe\n|turn|1\n|\n|t:|1740151508\n|move|p1a: absolute bs boi|Follow Me|p1a: absolute bs boi\n|-singleturn|p1a: absolute bs boi|move: Follow Me\n|move|p2a: Flutter Mane|Taunt|p1a: absolute bs boi\n|-start|p1a: absolute bs boi|move: Taunt\n|move|p2b: Urshifu|Surging Strikes|p1a: absolute bs boi\n|-crit|p1a: absolute bs boi\n|-damage|p1a: absolute bs boi|49\/100\n|-crit|p1a: absolute bs boi\n|-damage|p1a: absolute bs boi|0 fnt\n|faint|p1a: absolute bs boi\n|-hitcount|p1: absolute bs boi|2\n|move|p1b: ice honse boi|Trick Room|p1b: ice honse boi\n|-fieldstart|move: Trick Room|[of] p1b: ice honse boi\n|\n|upkeep\n|\n|t:|1740151512\n|switch|p1a: creamy boi|Alcremie, L50, F|100\/100\n|turn|2\n|\n|t:|1740151534\n|-end|p2a: Flutter Mane|Protosynthesis|[silent]\n|switch|p2a: Calyrex|Calyrex-Ice, L50|100\/100\n|-ability|p2a: Calyrex|As One\n|-ability|p2a: Calyrex|Unnerve\n|move|p1a: creamy boi|Decorate|p1b: ice honse boi\n|-boost|p1b: ice honse boi|atk|2\n|-boost|p1b: ice honse boi|spa|2\n|move|p1b: ice honse boi|Glacial Lance|p2b: Urshifu|[spread] p2a,p2b\n|-resisted|p2a: Calyrex\n|-resisted|p2b: Urshifu\n|-damage|p2a: Calyrex|67\/100\n|-damage|p2b: Urshifu|45\/100\n|move|p2b: Urshifu|Surging Strikes|p1a: creamy boi\n|-crit|p1a: creamy boi\n|-damage|p1a: creamy boi|72\/100\n|-crit|p1a: creamy boi\n|-damage|p1a: creamy boi|44\/100\n|-crit|p1a: creamy boi\n|-damage|p1a: creamy boi|19\/100\n|-hitcount|p1a: creamy boi|3\n|\n|upkeep\n|turn|3\n|\n|t:|1740151558\n|move|p2b: Urshifu|Detect|p2b: Urshifu\n|-singleturn|p2b: Urshifu|Protect\n|move|p1a: creamy boi|Decorate|p1b: ice honse boi\n|-boost|p1b: ice honse boi|atk|2\n|-boost|p1b: ice honse boi|spa|2\n|move|p1b: ice honse boi|Glacial Lance|p2a: Calyrex|[spread] p2a\n|-activate|p2b: Urshifu|move: Protect\n|-resisted|p2a: Calyrex\n|-damage|p2a: Calyrex|16\/100\n|move|p2a: Calyrex|Trick Room|p2a: Calyrex\n|-fieldend|move: Trick Room\n|\n|upkeep\n|turn|4\n|\n|t:|1740151579\n|-terastallize|p2b: Urshifu|Stellar\n|move|p2b: Urshifu|Close Combat|p1b: ice honse boi\n|-damage|p1b: ice honse boi|43\/100\n|-unboost|p2b: Urshifu|def|1\n|-unboost|p2b: Urshifu|spd|1\n|move|p2a: Calyrex|Glacial Lance|p1b: ice honse boi|[spread] p1a,p1b\n|-resisted|p1b: ice honse boi\n|-damage|p1a: creamy boi|0 fnt\n|-damage|p1b: ice honse boi|27\/100\n|faint|p1a: creamy boi\n|-ability|p2a: Calyrex|Chilling Neigh|boost\n|-boost|p2a: Calyrex|atk|1\n|move|p1b: ice honse boi|Glacial Lance|p2a: Calyrex|[spread] p2a,p2b\n|-resisted|p2a: Calyrex\n|-resisted|p2b: Urshifu\n|-damage|p2a: Calyrex|0 fnt\n|-damage|p2b: Urshifu|0 fnt\n|faint|p2a: Calyrex\n|faint|p2b: Urshifu\n|-ability|p1b: ice honse boi|Chilling Neigh|boost\n|-boost|p1b: ice honse boi|atk|2\n|\n|upkeep\n|\n|t:|1740151596\n|switch|p2b: Raging Bolt|Raging Bolt, L50|100\/100\n|switch|p2a: Flutter Mane|Flutter Mane, L50, shiny|100\/100\n|switch|p1a: da feesh boi|Chi-Yu, L50|100\/100\n|-ability|p1a: da feesh boi|Beads of Ruin\n|turn|5\n|\n|t:|1740151617\n|-terastallize|p1a: da feesh boi|Ground\n|move|p1b: ice honse boi|Protect|p1b: ice honse boi\n|-singleturn|p1b: ice honse boi|Protect\n|move|p1a: da feesh boi|Tera Blast|p2b: Raging Bolt|[anim] Tera Blast Ground\n|-supereffective|p2b: Raging Bolt\n|-damage|p2b: Raging Bolt|23\/100\n|move|p2a: Flutter Mane|Moonblast|p1b: ice honse boi\n|-activate|p1b: ice honse boi|move: Protect\n|move|p2b: Raging Bolt|Volt Switch|p1b: ice honse boi\n|-activate|p1b: ice honse boi|move: Protect\n|\n|upkeep\n|turn|6\n|\n|t:|1740151633\n|move|p2b: Raging Bolt|Thunderclap||[still]\n|-fail|p2b: Raging Bolt\n|move|p1a: da feesh boi|Tera Blast|p2b: Raging Bolt|[anim] Tera Blast Ground\n|-supereffective|p2b: Raging Bolt\n|-damage|p2b: Raging Bolt|0 fnt\n|faint|p2b: Raging Bolt\n|-end|p2b: Raging Bolt|Protosynthesis|[silent]\n|move|p2a: Flutter Mane|Icy Wind|p1a: da feesh boi|[spread] p1a,p1b\n|-supereffective|p1a: da feesh boi\n|-crit|p1a: da feesh boi\n|-resisted|p1b: ice honse boi\n|-damage|p1a: da feesh boi|59\/100\n|-damage|p1b: ice honse boi|21\/100\n|-unboost|p1a: da feesh boi|spe|1\n|move|p1b: ice honse boi|Trick Room|p1b: ice honse boi\n|-fieldstart|move: Trick Room|[of] p1b: ice honse boi\n|\n|upkeep\n|turn|7\n|-message|Slackermaru forfeited.\n|\n|win|blindfishptsd\n|raw|blindfishptsd's rating: 1608 &rarr; <strong>1627<\/strong><br \/>(+19 for winning)\n|raw|Slackermaru's rating: 1583 &rarr; <strong>1564<\/strong><br \/>(-19 for losing)\n|l|\u2606Slackermaru\n|player|p2|\n|l|\u2606blindfishptsd\n|player|p1|\n","uploadtime":1740151827,"views":6,"formatid":"gen9vgc2025regg","rating":1564,"private":0,"password":null}