{"id":"gen9vgc2025regg-2305751867","format":"[Gen 9] VGC 2025 Reg G","players":["actuary97","Imicrowavecookies"],"log":"|j|\u2606actuary97\n|j|\u2606Imicrowavecookies\n|t:|1740240955\n|gametype|doubles\n|player|p1|actuary97|sabrina-frlg|1607\n|player|p2|Imicrowavecookies|lucas|1672\n|teamsize|p1|6\n|teamsize|p2|6\n|gen|9\n|tier|[Gen 9] VGC 2025 Reg G\n|rated|\n|rule|Species Clause: Limit one of each Pok\u00e9mon\n|rule|Item Clause: Limit 1 of each item\n|clearpoke\n|poke|p1|Amoonguss, L50, M|\n|poke|p1|Comfey, L50, M|\n|poke|p1|Whimsicott, L50, M|\n|poke|p1|Kyogre, L50|\n|poke|p1|Archaludon, L50, M|\n|poke|p1|Qwilfish-Hisui, L50, M|\n|poke|p2|Urshifu-*, L50, M|\n|poke|p2|Iron Moth, L50|\n|poke|p2|Zacian-*, L50|\n|poke|p2|Rillaboom, L50, F|\n|poke|p2|Ogerpon-Cornerstone, L50, F|\n|poke|p2|Farigiraf, L50, F|\n|teampreview|4\n|inactive|Battle timer is ON: inactive players will automatically lose when time's up. (requested by Imicrowavecookies)\nactuary97 has agreed to open team sheets.\nImicrowavecookies rejected open team sheets.\n|j| GarchompExVgc\n|inactive|Imicrowavecookies has 60 seconds left.\n|\n|t:|1740240997\n|start\n|switch|p1a: Kyogre|Kyogre, L50, shiny|100\/100\n|switch|p1b: Qwilfish|Qwilfish-Hisui, L50, M, shiny|100\/100\n|switch|p2a: Rillaboom|Rillaboom, L50, F|100\/100\n|switch|p2b: Farigiraf|Farigiraf, L50, F|100\/100\n|-weather|RainDance|[from] ability: Drizzle|[of] p1a: Kyogre\n|-fieldstart|move: Grassy Terrain|[from] ability: Grassy Surge|[of] p2a: Rillaboom\n|turn|1\n|\n|t:|1740241006\n|-terastallize|p2b: Farigiraf|Water\n|move|p2a: Rillaboom|Fake Out|p1b: Qwilfish\n|-damage|p1b: Qwilfish|89\/100\n|cant|p1b: Qwilfish|flinch\n|move|p1a: Kyogre|Calm Mind|p1a: Kyogre\n|-boost|p1a: Kyogre|spa|1\n|-boost|p1a: Kyogre|spd|1\n|move|p2b: Farigiraf|Hyper Voice|p1a: Kyogre|[spread] p1a,p1b\n|-damage|p1a: Kyogre|85\/100\n|-damage|p1b: Qwilfish|64\/100\n|-enditem|p2b: Farigiraf|Throat Spray\n|-boost|p2b: Farigiraf|spa|1|[from] item: Throat Spray\n|\n|-weather|RainDance|[upkeep]\n|-heal|p1b: Qwilfish|70\/100|[from] Grassy Terrain\n|-heal|p1a: Kyogre|91\/100|[from] Grassy Terrain\n|upkeep\n|turn|2\n|\n|t:|1740241029\n|-terastallize|p1a: Kyogre|Grass\n|move|p2a: Rillaboom|Grassy Glide|p1a: Kyogre\n|-resisted|p1a: Kyogre\n|-damage|p1a: Kyogre|77\/100\n|move|p1b: Qwilfish|Acupressure|p1a: Kyogre\n|-boost|p1a: Kyogre|spe|2\n|move|p1a: Kyogre|Calm Mind|p1a: Kyogre\n|-boost|p1a: Kyogre|spa|1\n|-boost|p1a: Kyogre|spd|1\n|move|p2b: Farigiraf|Hyper Voice|p1a: Kyogre|[spread] p1a,p1b\n|-crit|p1b: Qwilfish\n|-damage|p1a: Kyogre|60\/100\n|-damage|p1b: Qwilfish|5\/100\n|\n|-weather|RainDance|[upkeep]\n|-heal|p1a: Kyogre|66\/100|[from] Grassy Terrain\n|-heal|p1b: Qwilfish|11\/100|[from] Grassy Terrain\n|upkeep\n|turn|3\n|\n|t:|1740241046\n|move|p1a: Kyogre|Origin Pulse|p2a: Rillaboom|[spread] p2b\n|-miss|p1a: Kyogre|p2a: Rillaboom\n|-resisted|p2b: Farigiraf\n|-damage|p2b: Farigiraf|38\/100\n|move|p1b: Qwilfish|Taunt|p2b: Farigiraf\n|-start|p2b: Farigiraf|move: Taunt\n|move|p2a: Rillaboom|U-turn|p1a: Kyogre\n|-supereffective|p1a: Kyogre\n|-damage|p1a: Kyogre|27\/100\n|\n|t:|1740241054\n|switch|p2a: Ogerpon|Ogerpon-Cornerstone, L50, F|100\/100|[from] U-turn\n|move|p2b: Farigiraf|Hyper Voice|p1b: Qwilfish|[spread] p1a,p1b\n|-crit|p1a: Kyogre\n|-damage|p1a: Kyogre|0 fnt\n|-damage|p1b: Qwilfish|0 fnt\n|faint|p1a: Kyogre\n|faint|p1b: Qwilfish\n|\n|-weather|RainDance|[upkeep]\n|-heal|p2b: Farigiraf|45\/100|[from] Grassy Terrain\n|upkeep\n|c|\u2606actuary97|this giraffe man\n|\n|t:|1740241078\n|switch|p1a: Comfey|Comfey, L50, M, shiny|100\/100\n|switch|p1b: Archaludon|Archaludon, L50, M, shiny|100\/100\n|turn|4\n|\n|t:|1740241083\n|move|p2a: Ogerpon|Ivy Cudgel|p1a: Comfey|[anim] Ivy Cudgel Rock\n|-damage|p1a: Comfey|32\/100\n|move|p1b: Archaludon|Electro Shot||[still]\n|-prepare|p1b: Archaludon|Electro Shot\n|-boost|p1b: Archaludon|spa|1\n|-anim|p1b: Archaludon|Electro Shot|p2b: Farigiraf\n|-supereffective|p2b: Farigiraf\n|-damage|p2b: Farigiraf|0 fnt\n|faint|p2b: Farigiraf\n|move|p1a: Comfey|Trick Room|p1a: Comfey\n|-fieldstart|move: Trick Room|[of] p1a: Comfey\n|\n|-weather|RainDance|[upkeep]\n|-heal|p1a: Comfey|37\/100|[from] Grassy Terrain\n|upkeep\n|\n|t:|1740241089\n|switch|p2b: Rillaboom|Rillaboom, L50, F|100\/100\n|turn|5\n|\n|t:|1740241093\n|move|p2b: Rillaboom|Fake Out|p1b: Archaludon\n|-resisted|p1b: Archaludon\n|-damage|p1b: Archaludon|95\/100\n|-ability|p1b: Archaludon|Stamina|boost\n|-boost|p1b: Archaludon|def|1\n|move|p1a: Comfey|Draining Kiss|p2a: Ogerpon\n|-damage|p2a: Ogerpon|81\/100\n|-heal|p1a: Comfey|54\/100|[from] drain|[of] p2a: Ogerpon\n|cant|p1b: Archaludon|flinch\n|move|p2a: Ogerpon|Ivy Cudgel|p1a: Comfey|[anim] Ivy Cudgel Rock\n|-crit|p1a: Comfey\n|-damage|p1a: Comfey|0 fnt\n|faint|p1a: Comfey\n|\n|-weather|none\n|-heal|p1b: Archaludon|100\/100|[from] Grassy Terrain\n|-heal|p2a: Ogerpon|87\/100|[from] Grassy Terrain\n|-fieldend|move: Grassy Terrain\n|upkeep\n|turn|6\n|\n|t:|1740241101\n|move|p2a: Ogerpon|Spiky Shield|p2a: Ogerpon\n|-singleturn|p2a: Ogerpon|move: Protect\n|move|p2b: Rillaboom|U-turn|p1b: Archaludon\n|-resisted|p1b: Archaludon\n|-damage|p1b: Archaludon|95\/100\n|-ability|p1b: Archaludon|Stamina|boost\n|-boost|p1b: Archaludon|def|1\n|j| clutch step\n|\n|t:|1740241103\n|switch|p2b: Zacian|Zacian-Crowned, L50|100\/100|[from] U-turn\n|-ability|p2b: Zacian|Intrepid Sword|boost\n|-boost|p2b: Zacian|atk|1\n|move|p1b: Archaludon|Flash Cannon|p2a: Ogerpon\n|-activate|p2a: Ogerpon|move: Protect\n|\n|upkeep\n|turn|7\n|\n|t:|1740241108\n|move|p2a: Ogerpon|Follow Me|p2a: Ogerpon\n|-singleturn|p2a: Ogerpon|move: Follow Me\n|move|p1b: Archaludon|Flash Cannon|p2a: Ogerpon\n|-supereffective|p2a: Ogerpon\n|-damage|p2a: Ogerpon|0 fnt\n|faint|p2a: Ogerpon\n|move|p2b: Zacian|Sacred Sword|p1b: Archaludon\n|-supereffective|p1b: Archaludon\n|-damage|p1b: Archaludon|19\/100\n|-ability|p1b: Archaludon|Stamina|boost\n|-boost|p1b: Archaludon|def|1\n|\n|upkeep\n|\n|t:|1740241111\n|switch|p2a: Rillaboom|Rillaboom, L50, F|100\/100\n|-fieldstart|move: Grassy Terrain|[from] ability: Grassy Surge|[of] p2a: Rillaboom\n|turn|8\n|\n|t:|1740241116\n|move|p2a: Rillaboom|Fake Out|p1b: Archaludon\n|-resisted|p1b: Archaludon\n|-damage|p1b: Archaludon|17\/100\n|-ability|p1b: Archaludon|Stamina|boost\n|-boost|p1b: Archaludon|def|1\n|cant|p1b: Archaludon|flinch\n|move|p2b: Zacian|Sacred Sword|p1b: Archaludon\n|-supereffective|p1b: Archaludon\n|-damage|p1b: Archaludon|0 fnt\n|faint|p1b: Archaludon\n|\n|win|Imicrowavecookies\n|raw|actuary97's rating: 1607 &rarr; <strong>1591<\/strong><br \/>(-16 for losing)\n|raw|Imicrowavecookies's rating: 1672 &rarr; <strong>1688<\/strong><br \/>(+16 for winning)\n|l|\u2606Imicrowavecookies\n|player|p2|\n|l| GarchompExVgc\n|c| clutch step|why go taunt on giraffe\n|l| clutch step\n","uploadtime":1740241318,"views":2,"formatid":"gen9vgc2025regg","rating":1591,"private":0,"password":null}