{"id":"gen9vgc2025regg-2305853003","format":"[Gen 9] VGC 2025 Reg G","players":["Lechonkbro","Ayae.Hakamada"],"log":"|j|\u2606Lechonkbro\n|j|\u2606Ayae.Hakamada\n|t:|1740253787\n|gametype|doubles\n|player|p1|Lechonkbro|ghetsis-gen5bw|1554\n|player|p2|Ayae.Hakamada|skyla|1658\n|teamsize|p1|6\n|teamsize|p2|6\n|gen|9\n|tier|[Gen 9] VGC 2025 Reg G\n|rated|\n|rule|Species Clause: Limit one of each Pok\u00e9mon\n|rule|Item Clause: Limit 1 of each item\n|clearpoke\n|poke|p1|Miraidon, L50|\n|poke|p1|Incineroar, L50, M|\n|poke|p1|Oranguru, L50, F|\n|poke|p1|Clefairy, L50, M|\n|poke|p1|Baxcalibur, L50, F|\n|poke|p1|Whimsicott, L50, F|\n|poke|p2|Miraidon, L50|\n|poke|p2|Iron Bundle, L50|\n|poke|p2|Whimsicott, L50, F|\n|poke|p2|Iron Hands, L50|\n|poke|p2|Urshifu-*, L50, M|\n|poke|p2|Farigiraf, L50, M|\n|teampreview|4\n|inactive|Battle timer is ON: inactive players will automatically lose when time's up. (requested by Ayae.Hakamada)\n|inactive|Ayae.Hakamada has 60 seconds left.\n|inactive|Ayae.Hakamada has 30 seconds left.\n|inactive|Ayae.Hakamada has 20 seconds left.\n|inactive|Ayae.Hakamada has 15 seconds left.\n|inactive|Ayae.Hakamada has 10 seconds left.\n|inactive|Ayae.Hakamada has 5 seconds left.\n|\n|t:|1740253876\n|start\n|switch|p1a: Miraidon|Miraidon, L50|100\/100\n|switch|p1b: Oranguru|Oranguru, L50, F|100\/100\n|switch|p2a: Miraidon|Miraidon, L50|100\/100\n|switch|p2b: Whimsicott|Whimsicott, L50, F|100\/100\n|-fieldstart|move: Electric Terrain|[from] ability: Hadron Engine|[of] p2a: Miraidon\n|-enditem|p1a: Miraidon|Electric Seed\n|-boost|p1a: Miraidon|def|1|[from] item: Electric Seed\n|-activate|p1b: Oranguru|ability: Symbiosis|Covert Cloak|[of] p1a: Miraidon\n|-activate|p1a: Miraidon|ability: Hadron Engine\n|turn|1\n|inactive|Ayae.Hakamada has 30 seconds left.\n|\n|t:|1740253904\n|-terastallize|p2a: Miraidon|Fairy\n|-terastallize|p1a: Miraidon|Electric\n|move|p2b: Whimsicott|Light Screen|p2b: Whimsicott\n|-sidestart|p2: Ayae.Hakamada|move: Light Screen\n|move|p2a: Miraidon|Dazzling Gleam|p1a: Miraidon|[spread] p1a,p1b\n|-damage|p1a: Miraidon|54\/100\n|-damage|p1b: Oranguru|56\/100\n|move|p1a: Miraidon|Calm Mind|p1a: Miraidon\n|-boost|p1a: Miraidon|spa|1\n|-boost|p1a: Miraidon|spd|1\n|move|p1b: Oranguru|Instruct|p1a: Miraidon\n|-singleturn|p1a: Miraidon|move: Instruct|[of] p1b: Oranguru\n|move|p1a: Miraidon|Calm Mind|p1a: Miraidon\n|-boost|p1a: Miraidon|spa|1\n|-boost|p1a: Miraidon|spd|1\n|\n|upkeep\n|turn|2\n|\n|t:|1740253924\n|switch|p1b: Clefairy|Clefairy, L50, M|100\/100\n|move|p1a: Miraidon|Protect|p1a: Miraidon\n|-singleturn|p1a: Miraidon|Protect\n|move|p2b: Whimsicott|Fake Tears|p1a: Miraidon\n|-activate|p1a: Miraidon|move: Protect\n|move|p2a: Miraidon|Dazzling Gleam|p1a: Miraidon|[spread] p1b\n|-activate|p1a: Miraidon|move: Protect\n|-damage|p1b: Clefairy|58\/100\n|\n|upkeep\n|turn|3\n|\n|t:|1740253943\n|move|p1b: Clefairy|Follow Me|p1b: Clefairy\n|-singleturn|p1b: Clefairy|move: Follow Me\n|move|p2b: Whimsicott|Fake Tears|p1b: Clefairy\n|-unboost|p1b: Clefairy|spd|2\n|move|p2a: Miraidon|Dazzling Gleam|p1a: Miraidon|[spread] p1a,p1b\n|-damage|p1a: Miraidon|36\/100\n|-damage|p1b: Clefairy|0 fnt\n|faint|p1b: Clefairy\n|move|p1a: Miraidon|Parabolic Charge|p2b: Whimsicott|[spread] p2a,p2b\n|-resisted|p2b: Whimsicott\n|-damage|p2a: Miraidon|34\/100\n|-heal|p1a: Miraidon|66\/100|[from] drain|[of] p2a: Miraidon\n|-damage|p2b: Whimsicott|56\/100\n|-heal|p1a: Miraidon|83\/100|[from] drain|[of] p2b: Whimsicott\n|\n|upkeep\n|j| shengning3\n|\n|t:|1740253958\n|switch|p1b: Incineroar|Incineroar, L50, M|100\/100\n|-ability|p1b: Incineroar|Intimidate|boost\n|-unboost|p2a: Miraidon|atk|1\n|-unboost|p2b: Whimsicott|atk|1\n|turn|4\n|inactive|Ayae.Hakamada has 30 seconds left.\n|\n|t:|1740253986\n|switch|p2a: Iron Hands|Iron Hands, L50|100\/100\n|-activate|p2a: Iron Hands|ability: Quark Drive\n|-start|p2a: Iron Hands|quarkdriveatk\n|move|p1b: Incineroar|Fake Out|p2a: Iron Hands\n|-damage|p2a: Iron Hands|93\/100\n|move|p2b: Whimsicott|Tailwind|p2b: Whimsicott\n|-sidestart|p2: Ayae.Hakamada|move: Tailwind\n|move|p1a: Miraidon|Parabolic Charge|p2a: Iron Hands|[spread] p1b,p2a,p2b\n|-resisted|p2a: Iron Hands\n|-resisted|p2b: Whimsicott\n|-damage|p1b: Incineroar|0 fnt\n|-heal|p1a: Miraidon|100\/100|[from] drain|[of] p1b: Incineroar\n|-damage|p2a: Iron Hands|73\/100\n|-damage|p2b: Whimsicott|10\/100\n|faint|p1b: Incineroar\n|\n|upkeep\n|j| hideonbusu\n|\n|t:|1740254002\n|switch|p1b: Oranguru|Oranguru, L50, F|56\/100\n|turn|5\n|inactive|Lechonkbro has 30 seconds left.\n|\n|t:|1740254029\n|move|p1a: Miraidon|Protect|p1a: Miraidon\n|-singleturn|p1a: Miraidon|Protect\n|move|p2b: Whimsicott|Fake Tears|p1a: Miraidon\n|-activate|p1a: Miraidon|move: Protect\n|move|p2a: Iron Hands|Drain Punch|p1a: Miraidon\n|-activate|p1a: Miraidon|move: Protect\n|move|p1b: Oranguru|Trick Room|p1b: Oranguru\n|-fieldstart|move: Trick Room|[of] p1b: Oranguru\n|\n|-fieldend|move: Electric Terrain\n|-end|p2a: Iron Hands|Quark Drive\n|upkeep\n|turn|6\n|inactive|Ayae.Hakamada has 30 seconds left.\n|\n|t:|1740254060\n|switch|p2b: Miraidon|Miraidon, L50, tera:Fairy|34\/100\n|-fieldstart|move: Electric Terrain|[from] ability: Hadron Engine|[of] p2b: Miraidon\n|-activate|p2a: Iron Hands|ability: Quark Drive\n|-start|p2a: Iron Hands|quarkdriveatk\n|move|p1b: Oranguru|Foul Play|p2b: Miraidon\n|-resisted|p2b: Miraidon\n|-damage|p2b: Miraidon|26\/100\n|move|p2a: Iron Hands|Drain Punch|p1a: Miraidon\n|-damage|p1a: Miraidon|71\/100\n|-heal|p2a: Iron Hands|86\/100|[from] drain|[of] p1a: Miraidon\n|move|p1a: Miraidon|Parabolic Charge|p2a: Iron Hands|[spread] p1b,p2a,p2b\n|-resisted|p2a: Iron Hands\n|-damage|p1b: Oranguru|0 fnt\n|-heal|p1a: Miraidon|98\/100|[from] drain|[of] p1b: Oranguru\n|-damage|p2a: Iron Hands|64\/100\n|-heal|p1a: Miraidon|100\/100|[from] drain|[of] p2a: Iron Hands\n|-damage|p2b: Miraidon|0 fnt\n|faint|p1b: Oranguru\n|faint|p2b: Miraidon\n|\n|upkeep\n|j| ok3rd\n|inactive|Ayae.Hakamada has 30 seconds left.\n|\n|t:|1740254086\n|switch|p2b: Whimsicott|Whimsicott, L50, F|10\/100\n|turn|7\n|\n|t:|1740254096\n|move|p2b: Whimsicott|Fake Tears|p1a: Miraidon\n|-unboost|p1a: Miraidon|spd|2\n|move|p2a: Iron Hands|Wild Charge|p1a: Miraidon\n|-resisted|p1a: Miraidon\n|-damage|p1a: Miraidon|77\/100\n|-damage|p2a: Iron Hands|59\/100|[from] Recoil\n|move|p1a: Miraidon|Parabolic Charge|p2b: Whimsicott|[spread] p2a,p2b\n|-resisted|p2a: Iron Hands\n|-resisted|p2b: Whimsicott\n|-damage|p2a: Iron Hands|38\/100\n|-heal|p1a: Miraidon|89\/100|[from] drain|[of] p2a: Iron Hands\n|-damage|p2b: Whimsicott|0 fnt\n|-heal|p1a: Miraidon|93\/100|[from] drain|[of] p2b: Whimsicott\n|faint|p2b: Whimsicott\n|\n|-sideend|p2: Ayae.Hakamada|move: Tailwind\n|upkeep\n|\n|t:|1740254113\n|switch|p2b: Iron Bundle|Iron Bundle, L50|100\/100\n|-activate|p2b: Iron Bundle|ability: Quark Drive\n|-start|p2b: Iron Bundle|quarkdrivespe\n|turn|8\n|\n|t:|1740254126\n|move|p2b: Iron Bundle|Protect|p2b: Iron Bundle\n|-singleturn|p2b: Iron Bundle|Protect\n|move|p2a: Iron Hands|Drain Punch|p1a: Miraidon\n|-damage|p1a: Miraidon|63\/100\n|-heal|p2a: Iron Hands|51\/100|[from] drain|[of] p1a: Miraidon\n|move|p1a: Miraidon|Parabolic Charge|p2a: Iron Hands|[spread] p2a\n|-activate|p2b: Iron Bundle|move: Protect\n|-resisted|p2a: Iron Hands\n|-damage|p2a: Iron Hands|32\/100\n|-heal|p1a: Miraidon|74\/100|[from] drain|[of] p2a: Iron Hands\n|\n|-sideend|p2: Ayae.Hakamada|move: Light Screen\n|upkeep\n|turn|9\n|inactive|Ayae.Hakamada has 30 seconds left.\n|\n|t:|1740254154\n|move|p2a: Iron Hands|Drain Punch|p1a: Miraidon\n|-damage|p1a: Miraidon|45\/100\n|-heal|p2a: Iron Hands|44\/100|[from] drain|[of] p1a: Miraidon\n|move|p1a: Miraidon|Parabolic Charge|p2a: Iron Hands|[spread] p2a,p2b\n|-resisted|p2a: Iron Hands\n|-supereffective|p2b: Iron Bundle\n|-damage|p2a: Iron Hands|14\/100\n|-heal|p1a: Miraidon|62\/100|[from] drain|[of] p2a: Iron Hands\n|-enditem|p2b: Iron Bundle|Focus Sash\n|-damage|p2b: Iron Bundle|1\/100\n|-heal|p1a: Miraidon|95\/100|[from] drain|[of] p2b: Iron Bundle\n|move|p2b: Iron Bundle|Freeze-Dry|p1a: Miraidon\n|-damage|p1a: Miraidon|68\/100\n|\n|-fieldend|move: Trick Room\n|upkeep\n|turn|10\n|-message|Ayae.Hakamada forfeited.\n|\n|win|Lechonkbro\n|raw|Lechonkbro's rating: 1554 &rarr; <strong>1580<\/strong><br \/>(+26 for winning)\n|raw|Ayae.Hakamada's rating: 1658 &rarr; <strong>1632<\/strong><br \/>(-26 for losing)\n|l|\u2606Ayae.Hakamada\n|player|p2|\n|l|\u2606Lechonkbro\n|player|p1|\n|l| hideonbusu\n|l| shengning3\n|l| ok3rd\n","uploadtime":1740254175,"views":2,"formatid":"gen9vgc2025regg","rating":1580,"private":0,"password":null}