{"id":"gen9vgc2025regg-2305036188","format":"[Gen 9] VGC 2025 Reg G","players":["cobetecosmico","Hoshinaaa"],"log":"|j|\u2606cobetecosmico\n|j|\u2606Hoshinaaa\n|t:|1740140324\n|gametype|doubles\n|player|p1|cobetecosmico|grimsley|1523\n|player|p2|Hoshinaaa|rosa|1562\n|teamsize|p1|6\n|teamsize|p2|6\n|gen|9\n|tier|[Gen 9] VGC 2025 Reg G\n|rated|\n|rule|Species Clause: Limit one of each Pok\u00e9mon\n|rule|Item Clause: Limit 1 of each item\n|clearpoke\n|poke|p1|Reshiram, L50|\n|poke|p1|Walking Wake, L50|\n|poke|p1|Whimsicott, L50, M|\n|poke|p1|Great Tusk, L50|\n|poke|p1|Raging Bolt, L50|\n|poke|p1|Incineroar, L50, M|\n|poke|p2|Groudon, L50|\n|poke|p2|Iron Valiant, L50|\n|poke|p2|Sableye, L50, F|\n|poke|p2|Raging Bolt, L50|\n|poke|p2|Incineroar, L50, M|\n|poke|p2|Iron Bundle, L50|\n|teampreview|4\n|inactive|Battle timer is ON: inactive players will automatically lose when time's up. (requested by Hoshinaaa)\n|\n|t:|1740140348\n|start\n|switch|p1a: Great Tusk|Great Tusk, L50|100\/100\n|switch|p1b: Whimsicott|Whimsicott, L50, M|100\/100\n|switch|p2a: Sableye|Sableye, L50, F|100\/100\n|switch|p2b: Incineroar|Incineroar, L50, M|100\/100\n|-ability|p2b: Incineroar|Intimidate|boost\n|-unboost|p1a: Great Tusk|atk|1\n|-unboost|p1b: Whimsicott|atk|1\n|turn|1\n|j| Rabbithorn01\n|\n|t:|1740140365\n|move|p1a: Great Tusk|Protect|p1a: Great Tusk\n|-singleturn|p1a: Great Tusk|Protect\n|move|p1b: Whimsicott|Tailwind|p1b: Whimsicott\n|-sidestart|p1: cobetecosmico|move: Tailwind\n|move|p2a: Sableye|Will-O-Wisp|p1a: Great Tusk\n|-activate|p1a: Great Tusk|move: Protect\n|move|p2b: Incineroar|Parting Shot|p1b: Whimsicott\n|-unboost|p1b: Whimsicott|atk|1\n|-unboost|p1b: Whimsicott|spa|1\n|\n|t:|1740140376\n|switch|p2b: Iron Bundle|Iron Bundle, L50|100\/100|[from] Parting Shot\n|\n|upkeep\n|turn|2\n|\n|t:|1740140388\n|-end|p1a: Great Tusk|Protosynthesis|[silent]\n|switch|p1a: Walking Wake|Walking Wake, L50|100\/100\n|move|p2a: Sableye|Encore||[still]\n|-fail|p2a: Sableye\n|move|p1b: Whimsicott|Moonblast|p2b: Iron Bundle\n|-damage|p2b: Iron Bundle|55\/100\n|move|p2b: Iron Bundle|Freeze-Dry|p1a: Walking Wake\n|-supereffective|p1a: Walking Wake\n|-damage|p1a: Walking Wake|0 fnt\n|faint|p1a: Walking Wake\n|-end|p1a: Walking Wake|Protosynthesis|[silent]\n|\n|upkeep\n|\n|t:|1740140396\n|switch|p1a: Reshiram|Reshiram, L50, shiny|100\/100\n|-ability|p1a: Reshiram|Turboblaze\n|turn|3\n|\n|t:|1740140407\n|move|p1b: Whimsicott|Sunny Day|p1b: Whimsicott\n|-weather|SunnyDay\n|move|p2a: Sableye|Gravity|p2a: Sableye\n|-fieldstart|move: Gravity\n|move|p1a: Reshiram|Heat Wave|p2a: Sableye|[spread] p2a,p2b\n|-damage|p2a: Sableye|0 fnt\n|-damage|p2b: Iron Bundle|0 fnt\n|faint|p2a: Sableye\n|faint|p2b: Iron Bundle\n|-end|p2b: Iron Bundle|Quark Drive|[silent]\n|\n|-weather|SunnyDay|[upkeep]\n|upkeep\n|\n|t:|1740140417\n|switch|p2b: Incineroar|Incineroar, L50, M|100\/100\n|switch|p2a: Groudon|Groudon, L50|100\/100\n|-ability|p2b: Incineroar|Intimidate|boost\n|-unboost|p1a: Reshiram|atk|1\n|-unboost|p1b: Whimsicott|atk|1\n|turn|4\n|\n|t:|1740140436\n|-terastallize|p1a: Reshiram|Fairy\n|move|p2b: Incineroar|Fake Out|p1a: Reshiram\n|-damage|p1a: Reshiram|91\/100\n|move|p1b: Whimsicott|Moonblast|p2b: Incineroar\n|-damage|p2b: Incineroar|82\/100\n|cant|p1a: Reshiram|flinch\n|move|p2a: Groudon|Precipice Blades|p1a: Reshiram|[spread] p1a,p1b\n|-resisted|p1b: Whimsicott\n|-damage|p1a: Reshiram|44\/100\n|-damage|p1b: Whimsicott|56\/100\n|\n|-weather|SunnyDay|[upkeep]\n|-sideend|p1: cobetecosmico|move: Tailwind\n|upkeep\n|turn|5\n|\n|t:|1740140458\n|move|p1b: Whimsicott|Tailwind|p1b: Whimsicott\n|-sidestart|p1: cobetecosmico|move: Tailwind\n|move|p1a: Reshiram|Heat Wave|p2b: Incineroar|[spread] p2a,p2b\n|-resisted|p2b: Incineroar\n|-damage|p2a: Groudon|31\/100\n|-damage|p2b: Incineroar|45\/100\n|-enditem|p2b: Incineroar|Sitrus Berry|[eat]\n|-heal|p2b: Incineroar|70\/100|[from] item: Sitrus Berry\n|move|p2a: Groudon|Precipice Blades|p1b: Whimsicott|[spread] p1a,p1b\n|-resisted|p1b: Whimsicott\n|-damage|p1a: Reshiram|0 fnt\n|-damage|p1b: Whimsicott|19\/100\n|faint|p1a: Reshiram\n|move|p2b: Incineroar|Flare Blitz|p1b: Whimsicott\n|-supereffective|p1b: Whimsicott\n|-damage|p1b: Whimsicott|0 fnt\n|faint|p1b: Whimsicott\n|-damage|p2b: Incineroar|66\/100|[from] Recoil\n|\n|-weather|SunnyDay|[upkeep]\n|upkeep\n|\n|t:|1740140467\n|switch|p1b: Great Tusk|Great Tusk, L50|100\/100\n|-activate|p1b: Great Tusk|ability: Protosynthesis\n|-start|p1b: Great Tusk|protosynthesisdef\n|turn|6\n|\n|t:|1740140486\n|-terastallize|p2b: Incineroar|Ghost\n|move|p1b: Great Tusk|Protect|p1b: Great Tusk\n|-singleturn|p1b: Great Tusk|Protect\n|move|p2a: Groudon|Precipice Blades|p1b: Great Tusk\n|-activate|p1b: Great Tusk|move: Protect\n|move|p2b: Incineroar|Knock Off|p1b: Great Tusk\n|-activate|p1b: Great Tusk|move: Protect\n|\n|-weather|SunnyDay|[upkeep]\n|upkeep\n|turn|7\n|\n|t:|1740140500\n|move|p1b: Great Tusk|Body Press|p2a: Groudon\n|-damage|p2a: Groudon|2\/100\n|move|p2a: Groudon|Precipice Blades|p1b: Great Tusk\n|-damage|p1b: Great Tusk|72\/100\n|move|p2b: Incineroar|Knock Off|p1b: Great Tusk\n|-resisted|p1b: Great Tusk\n|-damage|p1b: Great Tusk|63\/100\n|-enditem|p1b: Great Tusk|Leftovers|[from] move: Knock Off|[of] p2b: Incineroar\n|\n|-weather|none\n|-end|p1b: Great Tusk|Protosynthesis\n|-fieldend|move: Gravity\n|upkeep\n|turn|8\n|\n|t:|1740140516\n|move|p1b: Great Tusk|Body Press|p2a: Groudon\n|-damage|p2a: Groudon|0 fnt\n|faint|p2a: Groudon\n|move|p2b: Incineroar|Flare Blitz|p1b: Great Tusk\n|-damage|p1b: Great Tusk|39\/100\n|-damage|p2b: Incineroar|58\/100|[from] Recoil\n|\n|-sideend|p1: cobetecosmico|move: Tailwind\n|upkeep\n|turn|9\n|\n|t:|1740140527\n|move|p1b: Great Tusk|Bulk Up|p1b: Great Tusk\n|-boost|p1b: Great Tusk|atk|1\n|-boost|p1b: Great Tusk|def|1\n|move|p2b: Incineroar|Flare Blitz|p1b: Great Tusk\n|-damage|p1b: Great Tusk|21\/100\n|-damage|p2b: Incineroar|53\/100|[from] Recoil\n|\n|upkeep\n|turn|10\n|\n|t:|1740140535\n|move|p1b: Great Tusk|Headlong Rush|p2b: Incineroar\n|-damage|p2b: Incineroar|0 fnt\n|-unboost|p1b: Great Tusk|def|1\n|-unboost|p1b: Great Tusk|spd|1\n|faint|p2b: Incineroar\n|\n|win|cobetecosmico\n|raw|cobetecosmico's rating: 1523 &rarr; <strong>1545<\/strong><br \/>(+22 for winning)\n|raw|Hoshinaaa's rating: 1562 &rarr; <strong>1540<\/strong><br \/>(-22 for losing)\n|c|\u2606cobetecosmico|gg\n|l|\u2606cobetecosmico\n|player|p1|\n|l|\u2606Hoshinaaa\n|player|p2|\n","uploadtime":1740140746,"views":6,"formatid":"gen9vgc2025regg","rating":1540,"private":0,"password":null}