{"id":"gen9vgc2025regg-2305699977","format":"[Gen 9] VGC 2025 Reg G","players":["Imicrowavecookies","navinsachump"],"log":"|j|\u2606Imicrowavecookies\n|j|\u2606navinsachump\n|t:|1740233766\n|gametype|doubles\n|player|p1|Imicrowavecookies|lucas|1614\n|player|p2|navinsachump|101|1576\n|teamsize|p1|6\n|teamsize|p2|6\n|gen|9\n|tier|[Gen 9] VGC 2025 Reg G\n|rated|\n|rule|Species Clause: Limit one of each Pok\u00e9mon\n|rule|Item Clause: Limit 1 of each item\n|clearpoke\n|poke|p1|Urshifu-*, L50, F|\n|poke|p1|Iron Moth, L50|\n|poke|p1|Zacian-*, L50|\n|poke|p1|Rillaboom, L50, M|\n|poke|p1|Ogerpon-Cornerstone, L50, F|\n|poke|p1|Farigiraf, L50, F|\n|poke|p2|Whimsicott, L50, M|\n|poke|p2|Ogerpon-Cornerstone, L50, F|\n|poke|p2|Incineroar, L50, M|\n|poke|p2|Miraidon, L50|\n|poke|p2|Ursaluna-Bloodmoon, L50, M|\n|poke|p2|Farigiraf, L50, F|\n|teampreview|4\n|inactive|Battle timer is ON: inactive players will automatically lose when time's up. (requested by Imicrowavecookies)\n|\n|t:|1740233786\n|start\n|switch|p1a: Iron Moth|Iron Moth, L50|100\/100\n|switch|p1b: Zacian|Zacian-Crowned, L50|100\/100\n|switch|p2a: Miraidon|Miraidon, L50|100\/100\n|switch|p2b: Whimsicott|Whimsicott, L50, M|100\/100\n|-ability|p1b: Zacian|Intrepid Sword|boost\n|-boost|p1b: Zacian|atk|1\n|-fieldstart|move: Electric Terrain|[from] ability: Hadron Engine|[of] p2a: Miraidon\n|-activate|p1a: Iron Moth|ability: Quark Drive\n|-start|p1a: Iron Moth|quarkdrivespe\n|turn|1\n|\n|t:|1740233805\n|-terastallize|p1b: Zacian|Ground\n|-terastallize|p2a: Miraidon|Electric\n|move|p2b: Whimsicott|Tailwind|p2b: Whimsicott\n|-sidestart|p2: navinsachump|move: Tailwind\n|move|p2a: Miraidon|Volt Switch|p1a: Iron Moth\n|-damage|p1a: Iron Moth|0 fnt\n|faint|p1a: Iron Moth\n|-end|p1a: Iron Moth|Quark Drive|[silent]\n|\n|t:|1740233816\n|switch|p2a: Ursaluna|Ursaluna-Bloodmoon, L50, M|100\/100|[from] Volt Switch\n|move|p1b: Zacian|Tera Blast|p2a: Ursaluna|[anim] Tera Blast Ground\n|-damage|p2a: Ursaluna|40\/100\n|\n|upkeep\n|\n|t:|1740233819\n|switch|p1a: Rillaboom|Rillaboom, L50, M|100\/100\n|-fieldstart|move: Grassy Terrain|[from] ability: Grassy Surge|[of] p1a: Rillaboom\n|turn|2\n|\n|t:|1740233840\n|switch|p2b: Incineroar|Incineroar, L50, M|100\/100\n|-ability|p2b: Incineroar|Intimidate|boost\n|-unboost|p1a: Rillaboom|atk|1\n|-unboost|p1b: Zacian|atk|1\n|move|p2a: Ursaluna|Protect|p2a: Ursaluna\n|-singleturn|p2a: Ursaluna|Protect\n|move|p1a: Rillaboom|Fake Out|p2a: Ursaluna\n|-activate|p2a: Ursaluna|move: Protect\n|move|p1b: Zacian|Behemoth Blade|p2b: Incineroar\n|-resisted|p2b: Incineroar\n|-damage|p2b: Incineroar|80\/100\n|\n|-heal|p2a: Ursaluna|45\/100|[from] Grassy Terrain\n|-heal|p2b: Incineroar|86\/100|[from] Grassy Terrain\n|upkeep\n|turn|3\n|\n|t:|1740233859\n|switch|p1a: Farigiraf|Farigiraf, L50, F|100\/100\n|move|p2b: Incineroar|Fake Out||[still]\n|cant|p1a: Farigiraf|ability: Armor Tail|Fake Out|[of] p2b: Incineroar\n|move|p2a: Ursaluna|Blood Moon|p1b: Zacian\n|-damage|p1b: Zacian|18\/100\n|-damage|p2a: Ursaluna|36\/100|[from] item: Life Orb\n|move|p1b: Zacian|Sacred Sword|p2a: Ursaluna\n|-supereffective|p2a: Ursaluna\n|-damage|p2a: Ursaluna|0 fnt\n|faint|p2a: Ursaluna\n|\n|-heal|p1b: Zacian|25\/100|[from] Grassy Terrain\n|-heal|p2b: Incineroar|92\/100|[from] Grassy Terrain\n|upkeep\n|\n|t:|1740233873\n|switch|p2a: Miraidon|Miraidon, L50, tera:Electric|100\/100\n|-fieldstart|move: Electric Terrain|[from] ability: Hadron Engine|[of] p2a: Miraidon\n|turn|4\n|\n|t:|1740233887\n|switch|p1b: Rillaboom|Rillaboom, L50, M|100\/100\n|-fieldstart|move: Grassy Terrain|[from] ability: Grassy Surge|[of] p1b: Rillaboom\n|move|p1a: Farigiraf|Protect|p1a: Farigiraf\n|-singleturn|p1a: Farigiraf|Protect\n|move|p2a: Miraidon|Volt Switch|p1a: Farigiraf\n|-activate|p1a: Farigiraf|move: Protect\n|move|p2b: Incineroar|Flare Blitz|p1b: Rillaboom\n|-supereffective|p1b: Rillaboom\n|-damage|p1b: Rillaboom|13\/100\n|-damage|p2b: Incineroar|62\/100|[from] Recoil\n|\n|-heal|p2b: Incineroar|68\/100|[from] Grassy Terrain\n|-heal|p1b: Rillaboom|19\/100|[from] Grassy Terrain\n|-sideend|p2: navinsachump|move: Tailwind\n|upkeep\n|turn|5\n|\n|t:|1740233901\n|switch|p2a: Whimsicott|Whimsicott, L50, M|100\/100\n|move|p1b: Rillaboom|Fake Out|p2a: Whimsicott\n|-damage|p2a: Whimsicott|81\/100\n|move|p1a: Farigiraf|Hyper Voice|p2a: Whimsicott|[spread] p2a,p2b\n|-damage|p2a: Whimsicott|27\/100\n|-damage|p2b: Incineroar|49\/100\n|-enditem|p1a: Farigiraf|Throat Spray\n|-boost|p1a: Farigiraf|spa|1|[from] item: Throat Spray\n|move|p2b: Incineroar|Flare Blitz|p1b: Rillaboom\n|-supereffective|p1b: Rillaboom\n|-damage|p1b: Rillaboom|0 fnt\n|faint|p1b: Rillaboom\n|-damage|p2b: Incineroar|43\/100|[from] Recoil\n|\n|-heal|p2a: Whimsicott|33\/100|[from] Grassy Terrain\n|-heal|p2b: Incineroar|49\/100|[from] Grassy Terrain\n|upkeep\n|\n|t:|1740233904\n|switch|p1b: Zacian|Zacian-Crowned, L50, tera:Ground|25\/100\n|turn|6\n|inactive|Imicrowavecookies has 30 seconds left.\n|inactive|navinsachump has 30 seconds left.\n|\n|t:|1740233935\n|move|p1b: Zacian|Tera Blast|p2b: Incineroar|[anim] Tera Blast Ground\n|-supereffective|p2b: Incineroar\n|-damage|p2b: Incineroar|0 fnt\n|faint|p2b: Incineroar\n|move|p2a: Whimsicott|Moonblast|p1b: Zacian\n|-damage|p1b: Zacian|0 fnt\n|faint|p1b: Zacian\n|move|p1a: Farigiraf|Hyper Voice|p2a: Whimsicott\n|-damage|p2a: Whimsicott|0 fnt\n|faint|p2a: Whimsicott\n|\n|upkeep\n|\n|t:|1740233943\n|switch|p2b: Miraidon|Miraidon, L50, tera:Electric|100\/100\n|-fieldstart|move: Electric Terrain|[from] ability: Hadron Engine|[of] p2b: Miraidon\n|turn|7\n|-message|Imicrowavecookies forfeited.\n|\n|win|navinsachump\n|raw|Imicrowavecookies's rating: 1614 &rarr; <strong>1592<\/strong><br \/>(-22 for losing)\n|raw|navinsachump's rating: 1576 &rarr; <strong>1598<\/strong><br \/>(+22 for winning)\n|l|\u2606Imicrowavecookies\n|player|p1|\n|l|\u2606navinsachump\n|player|p2|\n","uploadtime":1740234202,"views":3,"formatid":"gen9vgc2025regg","rating":1592,"private":0,"password":null}