{"id":"gen9vgc2025regg-2305321075","format":"[Gen 9] VGC 2025 Reg G","players":["pokequimico","PritzShow"],"log":"|j|\u2606pokequimico\n|j|\u2606PritzShow\n|t:|1740171973\n|gametype|doubles\n|player|p1|pokequimico|lucas|1558\n|player|p2|PritzShow|266|1541\n|teamsize|p1|6\n|teamsize|p2|6\n|gen|9\n|tier|[Gen 9] VGC 2025 Reg G\n|rated|\n|rule|Species Clause: Limit one of each Pok\u00e9mon\n|rule|Item Clause: Limit 1 of each item\n|clearpoke\n|poke|p1|Grimmsnarl, L50, M|\n|poke|p1|Landorus, L50, M|\n|poke|p1|Calyrex-Ice, L50|\n|poke|p1|Urshifu-*, L50, F|\n|poke|p1|Ogerpon-Hearthflame, L50, F|\n|poke|p1|Raging Bolt, L50|\n|poke|p2|Lugia, L50|\n|poke|p2|Rillaboom, L50, M|\n|poke|p2|Comfey, L50, M|\n|poke|p2|Volcarona, L50, M|\n|poke|p2|Grimmsnarl, L50, M|\n|poke|p2|Ogerpon-Cornerstone, L50, F|\n|teampreview|4\n|inactive|Battle timer is ON: inactive players will automatically lose when time's up. (requested by PritzShow)\n|inactive|pokequimico has 60 seconds left.\n|inactive|pokequimico has 30 seconds left.\n|\n|t:|1740172033\n|start\n|switch|p1a: Raging Bolt|Raging Bolt, L50|100\/100\n|switch|p1b: Calyrex|Calyrex-Ice, L50|100\/100\n|switch|p2a: Ogerpon|Ogerpon-Cornerstone, L50, F|100\/100\n|switch|p2b: Grimmsnarl|Grimmsnarl, L50, M|100\/100\n|-ability|p1b: Calyrex|As One\n|-ability|p1b: Calyrex|Unnerve\n|turn|1\n|inactive|PritzShow has 30 seconds left.\n|inactive|PritzShow has 20 seconds left.\n|inactive|PritzShow has 15 seconds left.\n|\n|t:|1740172078\n|move|p1b: Calyrex|Protect|p1b: Calyrex\n|-singleturn|p1b: Calyrex|Protect\n|move|p2a: Ogerpon|Ivy Cudgel|p1b: Calyrex|[anim] Ivy Cudgel Rock\n|-activate|p1b: Calyrex|move: Protect\n|move|p1a: Raging Bolt|Electroweb|p2b: Grimmsnarl|[spread] p2a,p2b\n|-resisted|p2a: Ogerpon\n|-damage|p2a: Ogerpon|86\/100\n|-damage|p2b: Grimmsnarl|80\/100\n|-unboost|p2a: Ogerpon|spe|1\n|-unboost|p2b: Grimmsnarl|spe|1\n|move|p2b: Grimmsnarl|Spirit Break|p1a: Raging Bolt\n|-supereffective|p1a: Raging Bolt\n|-damage|p1a: Raging Bolt|58\/100\n|-unboost|p1a: Raging Bolt|spa|1\n|\n|upkeep\n|turn|2\n|\n|t:|1740172099\n|-terastallize|p1b: Calyrex|Fairy\n|move|p2b: Grimmsnarl|Reflect|p2b: Grimmsnarl\n|-sidestart|p2: PritzShow|Reflect\n|move|p2a: Ogerpon|Ivy Cudgel|p1b: Calyrex|[anim] Ivy Cudgel Rock\n|-damage|p1b: Calyrex|61\/100\n|move|p1a: Raging Bolt|Electroweb|p2b: Grimmsnarl|[spread] p2a\n|-miss|p1a: Raging Bolt|p2b: Grimmsnarl\n|-resisted|p2a: Ogerpon\n|-damage|p2a: Ogerpon|79\/100\n|-unboost|p2a: Ogerpon|spe|1\n|move|p1b: Calyrex|Glacial Lance|p2a: Ogerpon|[spread] p2a,p2b\n|-supereffective|p2a: Ogerpon\n|-damage|p2a: Ogerpon|0 fnt\n|-damage|p2b: Grimmsnarl|47\/100\n|faint|p2a: Ogerpon\n|-ability|p1b: Calyrex|Chilling Neigh|boost\n|-boost|p1b: Calyrex|atk|1\n|\n|upkeep\n|\n|t:|1740172105\n|switch|p2a: Lugia|Lugia, L50|100\/100\n|turn|3\n|\n|t:|1740172114\n|-terastallize|p2a: Lugia|Fairy\n|move|p2b: Grimmsnarl|Light Screen|p2b: Grimmsnarl\n|-sidestart|p2: PritzShow|move: Light Screen\n|move|p2a: Lugia|Calm Mind|p2a: Lugia\n|-boost|p2a: Lugia|spa|1\n|-boost|p2a: Lugia|spd|1\n|move|p1a: Raging Bolt|Electroweb|p2b: Grimmsnarl|[spread] p2a,p2b\n|-damage|p2a: Lugia|99\/100\n|-damage|p2b: Grimmsnarl|36\/100\n|-unboost|p2b: Grimmsnarl|spe|1\n|move|p1b: Calyrex|Glacial Lance|p2a: Lugia|[spread] p2a,p2b\n|-damage|p2a: Lugia|62\/100\n|-damage|p2b: Grimmsnarl|0 fnt\n|faint|p2b: Grimmsnarl\n|-ability|p1b: Calyrex|Chilling Neigh|boost\n|-boost|p1b: Calyrex|atk|1\n|\n|upkeep\n|\n|t:|1740172117\n|switch|p2b: Comfey|Comfey, L50, M|100\/100\n|turn|4\n|j| tapu_fume\n|inactive|pokequimico has 30 seconds left.\n|inactive|pokequimico has 20 seconds left.\n|\n|t:|1740172154\n|move|p2b: Comfey|Floral Healing|p2a: Lugia\n|-heal|p2a: Lugia|100\/100\n|move|p2a: Lugia|Calm Mind|p2a: Lugia\n|-boost|p2a: Lugia|spa|1\n|-boost|p2a: Lugia|spd|1\n|move|p1a: Raging Bolt|Volt Switch|p2b: Comfey\n|-damage|p2b: Comfey|85\/100\n|\n|t:|1740172162\n|-end|p1a: Raging Bolt|Protosynthesis|[silent]\n|switch|p1a: Urshifu|Urshifu-Rapid-Strike, L50, F|100\/100|[from] Volt Switch\n|move|p1b: Calyrex|Glacial Lance|p2a: Lugia|[spread] p2a,p2b\n|-damage|p2a: Lugia|78\/100\n|-damage|p2b: Comfey|16\/100\n|\n|upkeep\n|turn|5\n|\n|t:|1740172169\n|move|p1a: Urshifu|Detect|p1a: Urshifu\n|-singleturn|p1a: Urshifu|Protect\n|move|p2b: Comfey|Draining Kiss|p1a: Urshifu\n|-activate|p1a: Urshifu|move: Protect\n|move|p2a: Lugia|Aeroblast|p1b: Calyrex\n|-crit|p1b: Calyrex\n|-damage|p1b: Calyrex|0 fnt\n|faint|p1b: Calyrex\n|\n|upkeep\n|\n|t:|1740172180\n|switch|p1b: Ogerpon|Ogerpon-Hearthflame, L50, F|100\/100\n|-ability|p1b: Ogerpon|Mold Breaker\n|turn|6\n|\n|t:|1740172185\n|move|p2b: Comfey|Draining Kiss|p1a: Urshifu\n|-supereffective|p1a: Urshifu\n|-damage|p1a: Urshifu|57\/100\n|-heal|p2b: Comfey|54\/100|[from] drain|[of] p1a: Urshifu\n|move|p1b: Ogerpon|Follow Me|p1b: Ogerpon\n|-singleturn|p1b: Ogerpon|move: Follow Me\n|move|p2a: Lugia|Aeroblast|p1b: Ogerpon\n|-supereffective|p1b: Ogerpon\n|-damage|p1b: Ogerpon|0 fnt\n|faint|p1b: Ogerpon\n|move|p1a: Urshifu|Surging Strikes|p2b: Comfey\n|-crit|p2b: Comfey\n|-damage|p2b: Comfey|26\/100\n|-damage|p1a: Urshifu|40\/100|[from] item: Rocky Helmet|[of] p2b: Comfey\n|-crit|p2b: Comfey\n|-damage|p2b: Comfey|1\/100\n|-damage|p1a: Urshifu|24\/100|[from] item: Rocky Helmet|[of] p2b: Comfey\n|-crit|p2b: Comfey\n|-damage|p2b: Comfey|0 fnt\n|-damage|p1a: Urshifu|7\/100|[from] item: Rocky Helmet|[of] p2b: Comfey\n|faint|p2b: Comfey\n|-hitcount|p2: Comfey|3\n|\n|upkeep\n|\n|t:|1740172189\n|switch|p1b: Raging Bolt|Raging Bolt, L50|58\/100\n|turn|7\n|\n|t:|1740172200\n|move|p1a: Urshifu|Detect|p1a: Urshifu\n|-singleturn|p1a: Urshifu|Protect\n|move|p2a: Lugia|Earth Power|p1a: Urshifu\n|-activate|p1a: Urshifu|move: Protect\n|move|p1b: Raging Bolt|Electroweb|p2a: Lugia\n|-damage|p2a: Lugia|72\/100\n|\n|upkeep\n|turn|8\n|\n|t:|1740172212\n|move|p2a: Lugia|Earth Power|p1a: Urshifu\n|-damage|p1a: Urshifu|0 fnt\n|faint|p1a: Urshifu\n|move|p1b: Raging Bolt|Volt Switch|p2a: Lugia\n|-damage|p2a: Lugia|65\/100\n|\n|upkeep\n|turn|9\n|-message|pokequimico forfeited.\n|\n|win|PritzShow\n|raw|pokequimico's rating: 1558 &rarr; <strong>1537<\/strong><br \/>(-21 for losing)\n|raw|PritzShow's rating: 1541 &rarr; <strong>1562<\/strong><br \/>(+21 for winning)\n|l|\u2606pokequimico\n|player|p1|\n|l| tapu_fume\n","uploadtime":1740172435,"views":5,"formatid":"gen9vgc2025regg","rating":1537,"private":0,"password":null}