{"id":"gen9vgc2025regg-2305744656","format":"[Gen 9] VGC 2025 Reg G","players":["Jadenhess","roykeenkennedy"],"log":"|j|\u2606Jadenhess\n|j|\u2606roykeenkennedy\n|t:|1740240012\n|gametype|doubles\n|player|p1|Jadenhess|101|1586\n|player|p2|roykeenkennedy|alder|1577\n|teamsize|p1|6\n|teamsize|p2|6\n|gen|9\n|tier|[Gen 9] VGC 2025 Reg G\n|rated|\n|rule|Species Clause: Limit one of each Pok\u00e9mon\n|rule|Item Clause: Limit 1 of each item\n|clearpoke\n|poke|p1|Koraidon, L50|\n|poke|p1|Walking Wake, L50|\n|poke|p1|Tyranitar, L50, M|\n|poke|p1|Gouging Fire, L50|\n|poke|p1|Whimsicott, L50, M|\n|poke|p1|Scovillain, L50, M|\n|poke|p2|Miraidon, L50|\n|poke|p2|Umbreon, L50, F|\n|poke|p2|Chi-Yu, L50|\n|poke|p2|Dondozo, L50, F|\n|poke|p2|Tatsugiri-Droopy, L50, M|\n|poke|p2|Grimmsnarl, L50, M|\n|teampreview|4\n|inactive|Battle timer is ON: inactive players will automatically lose when time's up. (requested by Jadenhess)\n|inactive|Jadenhess has 60 seconds left.\n|inactive|roykeenkennedy has 60 seconds left.\n|\n|t:|1740240065\n|start\n|switch|p1a: Whimsicott|Whimsicott, L50, M|100\/100\n|switch|p1b: Koraidon|Koraidon, L50|100\/100\n|switch|p2a: Miraidon|Miraidon, L50|100\/100\n|switch|p2b: Umbreon|Umbreon, L50, F|100\/100\n|-fieldstart|move: Electric Terrain|[from] ability: Hadron Engine|[of] p2a: Miraidon\n|-enditem|p2b: Umbreon|Electric Seed\n|-boost|p2b: Umbreon|def|1|[from] item: Electric Seed\n|-weather|SunnyDay|[from] ability: Orichalcum Pulse|[of] p1b: Koraidon\n|-activate|p1b: Koraidon|Orichalcum Pulse|[source]\n|turn|1\n|\n|t:|1740240086\n|switch|p1b: Tyranitar|Tyranitar, L50, M|100\/100\n|-weather|Sandstorm|[from] ability: Sand Stream|[of] p1b: Tyranitar\n|-terastallize|p2b: Umbreon|Poison\n|move|p1a: Whimsicott|Light Screen|p1a: Whimsicott\n|-sidestart|p1: Jadenhess|move: Light Screen\n|move|p2a: Miraidon|Volt Switch|p1a: Whimsicott\n|-resisted|p1a: Whimsicott\n|-damage|p1a: Whimsicott|71\/100\n|\n|t:|1740240098\n|switch|p2a: Grimmsnarl|Grimmsnarl, L50, M|100\/100|[from] Volt Switch\n|move|p2b: Umbreon|Calm Mind|p2b: Umbreon\n|-boost|p2b: Umbreon|spa|1\n|-boost|p2b: Umbreon|spd|1\n|\n|-weather|Sandstorm|[upkeep]\n|-damage|p1a: Whimsicott|65\/100|[from] Sandstorm\n|-damage|p2b: Umbreon|95\/100|[from] Sandstorm\n|-damage|p2a: Grimmsnarl|95\/100|[from] Sandstorm\n|upkeep\n|turn|2\n|j| mr pogostick\n|\n|t:|1740240122\n|switch|p1a: Gouging Fire|Gouging Fire, L50|100\/100\n|move|p2a: Grimmsnarl|Reflect|p2a: Grimmsnarl\n|-sidestart|p2: roykeenkennedy|Reflect\n|move|p2b: Umbreon|Baton Pass|p2b: Umbreon\n|\n|t:|1740240128\n|switch|p2b: Miraidon|Miraidon, L50|100\/100|[from] Baton Pass\n|-activate|p2b: Miraidon|ability: Hadron Engine\n|move|p1b: Tyranitar|Knock Off|p2a: Grimmsnarl\n|-resisted|p2a: Grimmsnarl\n|-damage|p2a: Grimmsnarl|85\/100\n|-enditem|p2a: Grimmsnarl|Light Clay|[from] move: Knock Off|[of] p1b: Tyranitar\n|\n|-weather|Sandstorm|[upkeep]\n|-damage|p2b: Miraidon|95\/100|[from] Sandstorm\n|-damage|p1a: Gouging Fire|94\/100|[from] Sandstorm\n|-damage|p2a: Grimmsnarl|79\/100|[from] Sandstorm\n|upkeep\n|turn|3\n|l| mr pogostick\n|\n|t:|1740240148\n|move|p2b: Miraidon|Dragon Pulse|p1a: Gouging Fire\n|-supereffective|p1a: Gouging Fire\n|-damage|p1a: Gouging Fire|0 fnt\n|faint|p1a: Gouging Fire\n|-end|p1a: Gouging Fire|Protosynthesis|[silent]\n|move|p1b: Tyranitar|Knock Off|p2b: Miraidon\n|-damage|p2b: Miraidon|75\/100\n|-enditem|p2b: Miraidon|Assault Vest|[from] move: Knock Off|[of] p1b: Tyranitar\n|move|p2a: Grimmsnarl|Spirit Break|p1b: Tyranitar\n|-supereffective|p1b: Tyranitar\n|-damage|p1b: Tyranitar|56\/100\n|-unboost|p1b: Tyranitar|spa|1\n|\n|-weather|Sandstorm|[upkeep]\n|-damage|p2b: Miraidon|69\/100|[from] Sandstorm\n|-damage|p2a: Grimmsnarl|73\/100|[from] Sandstorm\n|upkeep\n|j| clutch step\n|\n|t:|1740240160\n|switch|p1a: Koraidon|Koraidon, L50|100\/100\n|-weather|SunnyDay|[from] ability: Orichalcum Pulse|[of] p1a: Koraidon\n|-activate|p1a: Koraidon|Orichalcum Pulse|[source]\n|turn|4\n|\n|t:|1740240171\n|-terastallize|p1a: Koraidon|Fire\n|move|p2b: Miraidon|Parabolic Charge|p1b: Tyranitar|[spread] p2a,p1a,p1b\n|-damage|p2a: Grimmsnarl|19\/100\n|-heal|p2b: Miraidon|94\/100|[from] drain|[of] p2a: Grimmsnarl\n|-damage|p1a: Koraidon|73\/100\n|-heal|p2b: Miraidon|100\/100|[from] drain|[of] p1a: Koraidon\n|-damage|p1b: Tyranitar|32\/100\n|move|p1a: Koraidon|Bulk Up|p1a: Koraidon\n|-boost|p1a: Koraidon|atk|1\n|-boost|p1a: Koraidon|def|1\n|move|p1b: Tyranitar|Snarl|p2b: Miraidon|[spread] p2a,p2b\n|-resisted|p2a: Grimmsnarl\n|-damage|p2a: Grimmsnarl|18\/100\n|-damage|p2b: Miraidon|97\/100\n|-unboost|p2a: Grimmsnarl|spa|1\n|-unboost|p2b: Miraidon|spa|1\n|move|p2a: Grimmsnarl|Spirit Break|p1a: Koraidon\n|-resisted|p1a: Koraidon\n|-damage|p1a: Koraidon|66\/100\n|\n|-weather|SunnyDay|[upkeep]\n|upkeep\n|turn|5\n|inactive|roykeenkennedy has 30 seconds left.\n|\n|t:|1740240204\n|switch|p2a: Umbreon|Umbreon, L50, F, tera:Poison|95\/100\n|move|p2b: Miraidon|Electro Drift|p1a: Koraidon\n|-damage|p1a: Koraidon|29\/100\n|move|p1a: Koraidon|Drain Punch|p2b: Miraidon\n|-damage|p2b: Miraidon|75\/100\n|-heal|p1a: Koraidon|41\/100|[from] drain|[of] p2b: Miraidon\n|move|p1b: Tyranitar|Snarl|p2a: Umbreon|[spread] p2a,p2b\n|-damage|p2a: Umbreon|90\/100\n|-damage|p2b: Miraidon|71\/100\n|-unboost|p2a: Umbreon|spa|1\n|-unboost|p2b: Miraidon|spa|1\n|\n|-weather|SunnyDay|[upkeep]\n|-sideend|p1: Jadenhess|move: Light Screen\n|-fieldend|move: Electric Terrain\n|upkeep\n|turn|6\n|inactive|Jadenhess has 30 seconds left.\n|inactive|roykeenkennedy has 30 seconds left.\n|\n|t:|1740240234\n|move|p2b: Miraidon|Volt Switch|p1b: Tyranitar\n|-damage|p1b: Tyranitar|18\/100\n|\n|t:|1740240237\n|switch|p2b: Chi-Yu|Chi-Yu, L50|100\/100|[from] Volt Switch\n|-ability|p2b: Chi-Yu|Beads of Ruin\n|move|p1a: Koraidon|Drain Punch|p2b: Chi-Yu\n|-supereffective|p2b: Chi-Yu\n|-damage|p2b: Chi-Yu|0 fnt\n|-heal|p1a: Koraidon|72\/100|[from] drain|[of] p2b: Chi-Yu\n|faint|p2b: Chi-Yu\n|move|p2a: Umbreon|Foul Play|p1a: Koraidon\n|-damage|p1a: Koraidon|41\/100\n|move|p1b: Tyranitar|Snarl|p2a: Umbreon\n|-damage|p2a: Umbreon|82\/100\n|-unboost|p2a: Umbreon|spa|1\n|\n|-weather|SunnyDay|[upkeep]\n|upkeep\n|\n|t:|1740240256\n|switch|p2b: Miraidon|Miraidon, L50|71\/100\n|-fieldstart|move: Electric Terrain|[from] ability: Hadron Engine|[of] p2b: Miraidon\n|turn|7\n|\n|t:|1740240271\n|move|p1a: Koraidon|Protect|p1a: Koraidon\n|-singleturn|p1a: Koraidon|Protect\n|move|p2b: Miraidon|Electro Drift|p1a: Koraidon\n|-activate|p1a: Koraidon|move: Protect\n|move|p2a: Umbreon|Foul Play|p1a: Koraidon\n|-activate|p1a: Koraidon|move: Protect\n|move|p1b: Tyranitar|Snarl|p2b: Miraidon|[spread] p2a,p2b\n|-damage|p2a: Umbreon|77\/100\n|-damage|p2b: Miraidon|65\/100\n|-unboost|p2a: Umbreon|spa|1\n|-unboost|p2b: Miraidon|spa|1\n|\n|-weather|SunnyDay|[upkeep]\n|upkeep\n|turn|8\n|\n|t:|1740240292\n|switch|p1a: Whimsicott|Whimsicott, L50, M|65\/100\n|move|p2b: Miraidon|Volt Switch|p1a: Whimsicott\n|-resisted|p1a: Whimsicott\n|-damage|p1a: Whimsicott|39\/100\n|\n|t:|1740240298\n|switch|p2b: Grimmsnarl|Grimmsnarl, L50, M|18\/100|[from] Volt Switch\n|move|p2a: Umbreon|Foul Play|p1a: Whimsicott\n|-resisted|p1a: Whimsicott\n|-damage|p1a: Whimsicott|29\/100\n|move|p1b: Tyranitar|Snarl|p2b: Grimmsnarl|[spread] p2a,p2b\n|-resisted|p2b: Grimmsnarl\n|-damage|p2a: Umbreon|72\/100\n|-damage|p2b: Grimmsnarl|16\/100\n|-unboost|p2a: Umbreon|spa|1\n|-unboost|p2b: Grimmsnarl|spa|1\n|\n|-weather|none\n|upkeep\n|turn|9\n|\n|t:|1740240321\n|switch|p2a: Miraidon|Miraidon, L50|65\/100\n|-activate|p2a: Miraidon|ability: Hadron Engine\n|move|p2b: Grimmsnarl|Fake Out|p1b: Tyranitar\n|-resisted|p1b: Tyranitar\n|-damage|p1b: Tyranitar|13\/100\n|move|p1a: Whimsicott|Dazzling Gleam|p2b: Grimmsnarl|[spread] p2a,p2b\n|-supereffective|p2a: Miraidon\n|-supereffective|p2b: Grimmsnarl\n|-damage|p2a: Miraidon|41\/100\n|-damage|p2b: Grimmsnarl|0 fnt\n|faint|p2b: Grimmsnarl\n|cant|p1b: Tyranitar|flinch\n|\n|-sideend|p2: roykeenkennedy|Reflect\n|upkeep\n|\n|t:|1740240336\n|switch|p2b: Umbreon|Umbreon, L50, F, tera:Poison|72\/100\n|turn|10\n|\n|t:|1740240347\n|move|p1a: Whimsicott|Tailwind|p1a: Whimsicott\n|-sidestart|p1: Jadenhess|move: Tailwind\n|move|p1b: Tyranitar|Rock Slide|p2a: Miraidon|[spread] p2a\n|-miss|p1b: Tyranitar|p2b: Umbreon\n|-damage|p2a: Miraidon|13\/100\n|move|p2a: Miraidon|Parabolic Charge|p1b: Tyranitar|[spread] p2b,p1a,p1b\n|-resisted|p1a: Whimsicott\n|-damage|p2b: Umbreon|48\/100\n|-heal|p2a: Miraidon|25\/100|[from] drain|[of] p2b: Umbreon\n|-damage|p1a: Whimsicott|2\/100\n|-heal|p2a: Miraidon|36\/100|[from] drain|[of] p1a: Whimsicott\n|-damage|p1b: Tyranitar|0 fnt\n|-heal|p2a: Miraidon|43\/100|[from] drain|[of] p1b: Tyranitar\n|faint|p1b: Tyranitar\n|move|p2b: Umbreon|Foul Play|p1a: Whimsicott\n|-resisted|p1a: Whimsicott\n|-damage|p1a: Whimsicott|0 fnt\n|faint|p1a: Whimsicott\n|\n|upkeep\n|\n|t:|1740240360\n|switch|p1b: Koraidon|Koraidon, L50, tera:Fire|41\/100\n|-weather|SunnyDay|[from] ability: Orichalcum Pulse|[of] p1b: Koraidon\n|-activate|p1b: Koraidon|Orichalcum Pulse|[source]\n|turn|11\n|\n|t:|1740240377\n|move|p1b: Koraidon|Drain Punch|p2a: Miraidon\n|-damage|p2a: Miraidon|7\/100\n|-heal|p1b: Koraidon|58\/100|[from] drain|[of] p2a: Miraidon\n|move|p2a: Miraidon|Electro Drift|p1b: Koraidon\n|-damage|p1b: Koraidon|1\/100\n|move|p2b: Umbreon|Foul Play|p1b: Koraidon\n|-crit|p1b: Koraidon\n|-damage|p1b: Koraidon|0 fnt\n|faint|p1b: Koraidon\n|\n|win|roykeenkennedy\n|raw|Jadenhess's rating: 1586 &rarr; <strong>1565<\/strong><br \/>(-21 for losing)\n|raw|roykeenkennedy's rating: 1577 &rarr; <strong>1598<\/strong><br \/>(+21 for winning)\n|l|\u2606Jadenhess\n|player|p1|\n|l|\u2606roykeenkennedy\n|player|p2|\n|l| clutch step\n|j| clutch step\n|l| clutch step\n","uploadtime":1740240621,"views":3,"formatid":"gen9vgc2025regg","rating":1565,"private":0,"password":null}