{"id":"gen9vgc2025regg-2305270617","format":"[Gen 9] VGC 2025 Reg G","players":["RustyChair13","xatseye"],"log":"|j|\u2606RustyChair13\n|j|\u2606xatseye\n|t:|1740166424\n|gametype|doubles\n|player|p1|RustyChair13|scientist-gen4|1665\n|player|p2|xatseye|unknown|1692\n|teamsize|p1|6\n|teamsize|p2|6\n|gen|9\n|tier|[Gen 9] VGC 2025 Reg G\n|rated|\n|rule|Species Clause: Limit one of each Pok\u00e9mon\n|rule|Item Clause: Limit 1 of each item\n|clearpoke\n|poke|p1|Zamazenta-*, L50|\n|poke|p1|Chien-Pao, L50|\n|poke|p1|Chi-Yu, L50|\n|poke|p1|Raging Bolt, L50|\n|poke|p1|Flutter Mane, L50|\n|poke|p1|Amoonguss, L50, M|\n|poke|p2|Miraidon, L50|\n|poke|p2|Incineroar, L50, M|\n|poke|p2|Oranguru, L50, M|\n|poke|p2|Clefairy, L50, M|\n|poke|p2|Baxcalibur, L50, F|\n|poke|p2|Whimsicott, L50, M|\n|teampreview|4\n|inactive|Battle timer is ON: inactive players will automatically lose when time's up. (requested by xatseye)\n|\n|t:|1740166439\n|start\n|switch|p1a: Chien-Pao|Chien-Pao, L50|100\/100\n|switch|p1b: Flutter Mane|Flutter Mane, L50, shiny|100\/100\n|switch|p2a: Miraidon|Miraidon, L50|100\/100\n|switch|p2b: Oranguru|Oranguru, L50, M|100\/100\n|-ability|p1a: Chien-Pao|Sword of Ruin\n|-fieldstart|move: Electric Terrain|[from] ability: Hadron Engine|[of] p2a: Miraidon\n|-enditem|p2a: Miraidon|Electric Seed\n|-boost|p2a: Miraidon|def|1|[from] item: Electric Seed\n|-activate|p2b: Oranguru|ability: Symbiosis|Covert Cloak|[of] p2a: Miraidon\n|-enditem|p1b: Flutter Mane|Booster Energy\n|-activate|p1b: Flutter Mane|ability: Protosynthesis|[fromitem]\n|-start|p1b: Flutter Mane|protosynthesisspe\n|turn|1\n|\n|t:|1740166454\n|-terastallize|p2a: Miraidon|Electric\n|move|p1b: Flutter Mane|Taunt|p2a: Miraidon\n|-start|p2a: Miraidon|move: Taunt\n|move|p1a: Chien-Pao|Ice Spinner|p2a: Miraidon\n|-damage|p2a: Miraidon|72\/100\n|-fieldend|move: Electric Terrain\n|move|p2a: Miraidon|Parabolic Charge|p1a: Chien-Pao|[spread] p2b,p1a,p1b\n|-damage|p2b: Oranguru|76\/100\n|-heal|p2a: Miraidon|84\/100|[from] drain|[of] p2b: Oranguru\n|-damage|p1a: Chien-Pao|50\/100\n|-heal|p2a: Miraidon|100\/100|[from] drain|[of] p1a: Chien-Pao\n|-damage|p1b: Flutter Mane|71\/100\n|move|p2b: Oranguru|Instruct|p2a: Miraidon\n|-singleturn|p2a: Miraidon|move: Instruct|[of] p2b: Oranguru\n|move|p2a: Miraidon|Parabolic Charge|p1a: Chien-Pao|[spread] p2b,p1a,p1b\n|-damage|p2b: Oranguru|51\/100\n|-damage|p1a: Chien-Pao|0 fnt\n|-damage|p1b: Flutter Mane|39\/100\n|faint|p1a: Chien-Pao\n|\n|upkeep\n|\n|t:|1740166474\n|switch|p1a: Zamazenta|Zamazenta-Crowned, L50, shiny|100\/100\n|-ability|p1a: Zamazenta|Dauntless Shield|boost\n|-boost|p1a: Zamazenta|def|1\n|turn|2\n|\n|t:|1740166490\n|move|p1a: Zamazenta|Wide Guard|p1a: Zamazenta\n|-singleturn|p1a: Zamazenta|Wide Guard\n|move|p1b: Flutter Mane|Moonblast|p2a: Miraidon\n|-damage|p2a: Miraidon|70\/100\n|move|p2a: Miraidon|Parabolic Charge|p1a: Zamazenta|[spread] p2b\n|-activate|p1a: Zamazenta|move: Wide Guard\n|-activate|p1b: Flutter Mane|move: Wide Guard\n|-damage|p2b: Oranguru|25\/100\n|-heal|p2a: Miraidon|83\/100|[from] drain|[of] p2b: Oranguru\n|move|p2b: Oranguru|Instruct|p2a: Miraidon\n|-singleturn|p2a: Miraidon|move: Instruct|[of] p2b: Oranguru\n|move|p2a: Miraidon|Parabolic Charge|p1b: Flutter Mane|[spread] p2b\n|-activate|p1a: Zamazenta|move: Wide Guard\n|-activate|p1b: Flutter Mane|move: Wide Guard\n|-damage|p2b: Oranguru|1\/100\n|-heal|p2a: Miraidon|95\/100|[from] drain|[of] p2b: Oranguru\n|\n|upkeep\n|turn|3\n|inactive|xatseye has 30 seconds left.\n|\n|t:|1740166519\n|move|p1b: Flutter Mane|Moonblast|p2a: Miraidon\n|-damage|p2a: Miraidon|63\/100\n|move|p2a: Miraidon|Dragon Pulse|p1a: Zamazenta\n|-resisted|p1a: Zamazenta\n|-damage|p1a: Zamazenta|84\/100\n|move|p1a: Zamazenta|Body Press|p2a: Miraidon\n|-damage|p2a: Miraidon|19\/100\n|move|p2b: Oranguru|Instruct|p2a: Miraidon\n|-singleturn|p2a: Miraidon|move: Instruct|[of] p2b: Oranguru\n|move|p2a: Miraidon|Dragon Pulse|p1a: Zamazenta\n|-resisted|p1a: Zamazenta\n|-damage|p1a: Zamazenta|69\/100\n|\n|-end|p2a: Miraidon|move: Taunt\n|upkeep\n|turn|4\n|\n|t:|1740166537\n|switch|p2b: Incineroar|Incineroar, L50, M|100\/100\n|-ability|p2b: Incineroar|Intimidate|boost\n|-unboost|p1a: Zamazenta|atk|1\n|-unboost|p1b: Flutter Mane|atk|1\n|move|p2a: Miraidon|Protect|p2a: Miraidon\n|-singleturn|p2a: Miraidon|Protect\n|move|p1b: Flutter Mane|Moonblast|p2a: Miraidon\n|-activate|p2a: Miraidon|move: Protect\n|move|p1a: Zamazenta|Body Press|p2b: Incineroar\n|-supereffective|p2b: Incineroar\n|-crit|p2b: Incineroar\n|-damage|p2b: Incineroar|0 fnt\n|faint|p2b: Incineroar\n|\n|upkeep\n|\n|t:|1740166550\n|switch|p2b: Whimsicott|Whimsicott, L50, M|100\/100\n|turn|5\n|\n|t:|1740166555\n|move|p1a: Zamazenta|Wide Guard|p1a: Zamazenta\n|-singleturn|p1a: Zamazenta|Wide Guard\n|move|p2b: Whimsicott|Tailwind|p2b: Whimsicott\n|-sidestart|p2: xatseye|move: Tailwind\n|move|p2a: Miraidon|Parabolic Charge|p1b: Flutter Mane|[spread] p2b\n|-activate|p1a: Zamazenta|move: Wide Guard\n|-activate|p1b: Flutter Mane|move: Wide Guard\n|-resisted|p2b: Whimsicott\n|-damage|p2b: Whimsicott|72\/100\n|-heal|p2a: Miraidon|29\/100|[from] drain|[of] p2b: Whimsicott\n|move|p1b: Flutter Mane|Moonblast|p2a: Miraidon\n|-damage|p2a: Miraidon|0 fnt\n|faint|p2a: Miraidon\n|\n|upkeep\n|-message|xatseye forfeited.\n|\n|win|RustyChair13\n|raw|RustyChair13's rating: 1665 &rarr; <strong>1687<\/strong><br \/>(+22 for winning)\n|raw|xatseye's rating: 1692 &rarr; <strong>1670<\/strong><br \/>(-22 for losing)\n|l|\u2606xatseye\n|player|p2|\n|l|\u2606RustyChair13\n|player|p1|\n","uploadtime":1740166715,"views":6,"formatid":"gen9vgc2025regg","rating":1670,"private":0,"password":null}