{"id":"gen9vgc2025regg-2305559378","format":"[Gen 9] VGC 2025 Reg G","players":["ChickenZX","tomareknight"],"log":"|j|\u2606ChickenZX\n|j|\u2606tomareknight\n|t:|1740205575\n|gametype|doubles\n|player|p1|ChickenZX|fisherman-gen4|1655\n|player|p2|tomareknight|101|1626\n|teamsize|p1|6\n|teamsize|p2|6\n|gen|9\n|tier|[Gen 9] VGC 2025 Reg G\n|rated|\n|rule|Species Clause: Limit one of each Pok\u00e9mon\n|rule|Item Clause: Limit 1 of each item\n|clearpoke\n|poke|p1|Koraidon, L50|\n|poke|p1|Lilligant, L50, F|\n|poke|p1|Indeedee-F, L50, F|\n|poke|p1|Chi-Yu, L50|\n|poke|p1|Raging Bolt, L50|\n|poke|p1|Iron Crown, L50|\n|poke|p2|Tsareena, L50, F|\n|poke|p2|Kyogre, L50|\n|poke|p2|Farigiraf, L50, F|\n|poke|p2|Regieleki, L50|\n|poke|p2|Whimsicott, L50, M|\n|poke|p2|Urshifu-*, L50, F|\n|teampreview|4\n|inactive|Battle timer is ON: inactive players will automatically lose when time's up. (requested by ChickenZX)\n|inactive|tomareknight has 60 seconds left.\n|inactive|tomareknight has 30 seconds left.\n|inactive|tomareknight has 20 seconds left.\n|inactive|tomareknight has 15 seconds left.\n|inactive|tomareknight has 10 seconds left.\n|inactive|tomareknight has 5 seconds left.\n|\n|t:|1740205663\n|start\n|switch|p1a: Raging Bolt|Raging Bolt, L50|100\/100\n|switch|p1b: Indeedee|Indeedee-F, L50, F|100\/100\n|switch|p2a: Whimsicott|Whimsicott, L50, M|100\/100\n|switch|p2b: Regieleki|Regieleki, L50|100\/100\n|-fieldstart|move: Psychic Terrain|[from] ability: Psychic Surge|[of] p1b: Indeedee\n|-enditem|p1b: Indeedee|Psychic Seed\n|-boost|p1b: Indeedee|spd|1|[from] item: Psychic Seed\n|turn|1\n|inactive|tomareknight has 30 seconds left.\n|inactive|tomareknight has 20 seconds left.\n|\n|t:|1740205699\n|-end|p1a: Raging Bolt|Protosynthesis|[silent]\n|switch|p1a: Iron Crown|Iron Crown, L50|100\/100\n|-enditem|p1a: Iron Crown|Booster Energy\n|-activate|p1a: Iron Crown|ability: Quark Drive|[fromitem]\n|-start|p1a: Iron Crown|quarkdrivespa\n|-terastallize|p2b: Regieleki|Normal\n|move|p2a: Whimsicott|Tailwind|p2a: Whimsicott\n|-sidestart|p2: tomareknight|move: Tailwind\n|move|p2b: Regieleki|Explosion|p1b: Indeedee|[spread] p2a,p1a,p1b\n|-resisted|p1a: Iron Crown\n|-enditem|p2a: Whimsicott|Focus Sash\n|-damage|p2a: Whimsicott|1\/100\n|-damage|p1a: Iron Crown|47\/100\n|-damage|p1b: Indeedee|0 fnt\n|faint|p2b: Regieleki\n|faint|p1b: Indeedee\n|\n|upkeep\n|\n|t:|1740205720\n|switch|p2b: Urshifu|Urshifu, L50, F|100\/100\n|switch|p1b: Raging Bolt|Raging Bolt, L50|100\/100\n|turn|2\n|inactive|tomareknight has 30 seconds left.\n|inactive|tomareknight has 20 seconds left.\n|inactive|tomareknight has 15 seconds left.\n|inactive|tomareknight has 10 seconds left.\n|\n|t:|1740205768\n|move|p2a: Whimsicott|Endeavor|p1b: Raging Bolt\n|-damage|p1b: Raging Bolt|1\/100\n|move|p2b: Urshifu|Wicked Blow|p1b: Raging Bolt\n|-crit|p1b: Raging Bolt\n|-damage|p1b: Raging Bolt|0 fnt\n|faint|p1b: Raging Bolt\n|-end|p1b: Raging Bolt|Protosynthesis|[silent]\n|move|p1a: Iron Crown|Tachyon Cutter|p2a: Whimsicott\n|-supereffective|p2a: Whimsicott\n|-crit|p2a: Whimsicott\n|-damage|p2a: Whimsicott|0 fnt\n|faint|p2a: Whimsicott\n|-hitcount|p2: Whimsicott|1\n|\n|upkeep\n|\n|t:|1740205781\n|switch|p2a: Kyogre|Kyogre, L50|100\/100\n|switch|p1b: Koraidon|Koraidon, L50|100\/100\n|-weather|RainDance|[from] ability: Drizzle|[of] p2a: Kyogre\n|-weather|SunnyDay|[from] ability: Orichalcum Pulse|[of] p1b: Koraidon\n|-activate|p1b: Koraidon|Orichalcum Pulse|[source]\n|turn|3\n|\n|t:|1740205800\n|move|p2b: Urshifu|Wicked Blow|p1a: Iron Crown\n|-supereffective|p1a: Iron Crown\n|-crit|p1a: Iron Crown\n|-damage|p1a: Iron Crown|0 fnt\n|faint|p1a: Iron Crown\n|-end|p1a: Iron Crown|Quark Drive|[silent]\n|move|p2a: Kyogre|Hydro Pump|p1b: Koraidon\n|-resisted|p1b: Koraidon\n|-damage|p1b: Koraidon|77\/100\n|move|p1b: Koraidon|Collision Course|p2b: Urshifu\n|-supereffective|p2b: Urshifu\n|-damage|p2b: Urshifu|0 fnt\n|faint|p2b: Urshifu\n|\n|-weather|SunnyDay|[upkeep]\n|upkeep\n|turn|4\n|\n|t:|1740205817\n|move|p2a: Kyogre|Hydro Pump|p1b: Koraidon\n|-resisted|p1b: Koraidon\n|-damage|p1b: Koraidon|56\/100\n|move|p1b: Koraidon|Collision Course|p2a: Kyogre\n|-damage|p2a: Kyogre|16\/100\n|\n|-weather|SunnyDay|[upkeep]\n|-sideend|p2: tomareknight|move: Tailwind\n|upkeep\n|turn|5\n|\n|t:|1740205827\n|move|p1b: Koraidon|Collision Course|p2a: Kyogre\n|-damage|p2a: Kyogre|0 fnt\n|faint|p2a: Kyogre\n|\n|win|ChickenZX\n|raw|ChickenZX's rating: 1655 &rarr; <strong>1673<\/strong><br \/>(+18 for winning)\n|raw|tomareknight's rating: 1626 &rarr; <strong>1608<\/strong><br \/>(-18 for losing)\n|l|\u2606ChickenZX\n|player|p1|\n|l|\u2606tomareknight\n|player|p2|\n|j|\u2606tomareknight\n|player|p2|tomareknight|101|\n|l|\u2606tomareknight\n|player|p2|\n","uploadtime":1740206068,"views":2,"formatid":"gen9vgc2025regg","rating":1608,"private":0,"password":null}