{"id":"gen9vgc2025regg-2305298082","format":"[Gen 9] VGC 2025 Reg G","players":["salamionset","ScraggyPatty"],"log":"|j|\u2606salamionset\n|j|\u2606ScraggyPatty\n|t:|1740169389\n|gametype|doubles\n|player|p1|salamionset|102|1509\n|player|p2|ScraggyPatty|rocketgruntf|1589\n|teamsize|p1|6\n|teamsize|p2|6\n|gen|9\n|tier|[Gen 9] VGC 2025 Reg G\n|rated|\n|rule|Species Clause: Limit one of each Pok\u00e9mon\n|rule|Item Clause: Limit 1 of each item\n|clearpoke\n|poke|p1|Giratina-Origin, L50|\n|poke|p1|Cresselia, L50, F|\n|poke|p1|Ursaluna, L50, M|\n|poke|p1|Annihilape, L50, M|\n|poke|p1|Incineroar, L50, M|\n|poke|p1|Araquanid, L50, M|\n|poke|p2|Calyrex-Ice, L50|\n|poke|p2|Amoonguss, L50, F|\n|poke|p2|Farigiraf, L50, F|\n|poke|p2|Ogerpon-Wellspring, L50, F|\n|poke|p2|Iron Hands, L50|\n|poke|p2|Magmar, L50, F|\n|teampreview|4\nsalamionset rejected open team sheets.\n|\n|t:|1740169416\n|start\n|switch|p1a: Araquanid|Araquanid, L50, M|100\/100\n|switch|p1b: Annihilape|Annihilape, L50, M|100\/100\n|switch|p2a: Calyrex|Calyrex-Ice, L50|100\/100\n|switch|p2b: Amoonguss|Amoonguss, L50, F|100\/100\n|-ability|p2a: Calyrex|As One\n|-ability|p2a: Calyrex|Unnerve\n|turn|1\n|\n|t:|1740169433\n|move|p2b: Amoonguss|Rage Powder|p2b: Amoonguss\n|-singleturn|p2b: Amoonguss|move: Rage Powder\n|move|p1b: Annihilape|Coaching|p1a: Araquanid\n|-boost|p1a: Araquanid|atk|1\n|-boost|p1a: Araquanid|def|1\n|move|p2a: Calyrex|Glacial Lance|p1b: Annihilape|[spread] p1a,p1b\n|-resisted|p1a: Araquanid\n|-damage|p1a: Araquanid|86\/100\n|-damage|p1b: Annihilape|43\/100\n|move|p1a: Araquanid|Leech Life|p2a: Calyrex\n|-supereffective|p2a: Calyrex\n|-damage|p2a: Calyrex|63\/100\n|-heal|p1a: Araquanid|100\/100|[from] drain|[of] p2a: Calyrex\n|\n|upkeep\n|turn|2\n|\n|t:|1740169450\n|move|p2a: Calyrex|Protect|p2a: Calyrex\n|-singleturn|p2a: Calyrex|Protect\n|move|p1a: Araquanid|Wide Guard|p1a: Araquanid\n|-singleturn|p1a: Araquanid|Wide Guard\n|move|p1b: Annihilape|Coaching|p1a: Araquanid\n|-boost|p1a: Araquanid|atk|1\n|-boost|p1a: Araquanid|def|1\n|move|p2b: Amoonguss|Spore|p1b: Annihilape\n|-immune|p1b: Annihilape|[from] ability: Vital Spirit\n|\n|upkeep\n|turn|3\n|\n|t:|1740169464\n|switch|p2a: Iron Hands|Iron Hands, L50|100\/100\n|move|p1a: Araquanid|Wide Guard|p1a: Araquanid\n|-singleturn|p1a: Araquanid|Wide Guard\n|move|p1b: Annihilape|Coaching|p1a: Araquanid\n|-boost|p1a: Araquanid|atk|1\n|-boost|p1a: Araquanid|def|1\n|move|p2b: Amoonguss|Sludge Bomb|p1a: Araquanid\n|-damage|p1a: Araquanid|78\/100\n|\n|upkeep\n|turn|4\n|\n|t:|1740169481\n|move|p2b: Amoonguss|Protect|p2b: Amoonguss\n|-singleturn|p2b: Amoonguss|Protect\n|move|p1b: Annihilape|Coaching|p1a: Araquanid\n|-boost|p1a: Araquanid|atk|1\n|-boost|p1a: Araquanid|def|1\n|move|p2a: Iron Hands|Wild Charge|p1b: Annihilape\n|-damage|p1b: Annihilape|0 fnt\n|faint|p1b: Annihilape\n|-damage|p2a: Iron Hands|91\/100|[from] Recoil\n|move|p1a: Araquanid|Leech Life|p2a: Iron Hands\n|-resisted|p2a: Iron Hands\n|-damage|p2a: Iron Hands|72\/100\n|-heal|p1a: Araquanid|92\/100|[from] drain|[of] p2a: Iron Hands\n|\n|upkeep\n|\n|t:|1740169499\n|switch|p1b: Ursaluna|Ursaluna, L50, M|100\/100\n|turn|5\n|\n|t:|1740169507\n|move|p1b: Ursaluna|Protect|p1b: Ursaluna\n|-singleturn|p1b: Ursaluna|Protect\n|move|p1a: Araquanid|Protect|p1a: Araquanid\n|-singleturn|p1a: Araquanid|Protect\n|move|p2a: Iron Hands|Wild Charge|p1a: Araquanid\n|-activate|p1a: Araquanid|move: Protect\n|move|p2b: Amoonguss|Sludge Bomb|p1a: Araquanid\n|-activate|p1a: Araquanid|move: Protect\n|\n|-status|p1b: Ursaluna|brn|[from] item: Flame Orb\n|upkeep\n|turn|6\n|\n|t:|1740169531\n|-terastallize|p1b: Ursaluna|Ground\n|move|p1a: Araquanid|Wide Guard|p1a: Araquanid\n|-singleturn|p1a: Araquanid|Wide Guard\n|move|p1b: Ursaluna|Earthquake|p2b: Amoonguss|[spread] p2a,p2b\n|-activate|p1a: Araquanid|move: Wide Guard\n|-supereffective|p2a: Iron Hands\n|-damage|p2a: Iron Hands|0 fnt\n|-damage|p2b: Amoonguss|28\/100\n|faint|p2a: Iron Hands\n|-end|p2a: Iron Hands|Quark Drive|[silent]\n|move|p2b: Amoonguss|Sludge Bomb|p1a: Araquanid\n|-damage|p1a: Araquanid|66\/100\n|-status|p1a: Araquanid|psn\n|\n|-damage|p1a: Araquanid|54\/100 psn|[from] psn\n|-damage|p1b: Ursaluna|95\/100 brn|[from] brn\n|upkeep\n|\n|t:|1740169541\n|switch|p2a: Ogerpon|Ogerpon-Wellspring, L50, F|100\/100\n|turn|7\n|\n|t:|1740169565\n|move|p2a: Ogerpon|Spiky Shield|p2a: Ogerpon\n|-singleturn|p2a: Ogerpon|move: Protect\n|move|p1b: Ursaluna|Facade|p2a: Ogerpon\n|-activate|p2a: Ogerpon|move: Protect\n|-damage|p1b: Ursaluna|82\/100 brn|[from] Spiky Shield|[of] p2a: Ogerpon\n|move|p1a: Araquanid|Leech Life|p2b: Amoonguss\n|-crit|p2b: Amoonguss\n|-damage|p2b: Amoonguss|0 fnt\n|-heal|p1a: Araquanid|71\/100 psn|[from] drain|[of] p2b: Amoonguss\n|-damage|p1a: Araquanid|55\/100 psn|[from] item: Rocky Helmet|[of] p2b: Amoonguss\n|faint|p2b: Amoonguss\n|\n|-damage|p1a: Araquanid|43\/100 psn|[from] psn\n|-damage|p1b: Ursaluna|76\/100 brn|[from] brn\n|upkeep\n|\n|t:|1740169573\n|switch|p2b: Calyrex|Calyrex-Ice, L50|63\/100\n|-ability|p2b: Calyrex|As One\n|-ability|p2b: Calyrex|Unnerve\n|turn|8\n|\n|t:|1740169589\n|-terastallize|p2b: Calyrex|Fire\n|move|p2a: Ogerpon|Ivy Cudgel|p1b: Ursaluna|[anim] Ivy Cudgel Water\n|-supereffective|p1b: Ursaluna\n|-damage|p1b: Ursaluna|0 fnt\n|faint|p1b: Ursaluna\n|move|p2b: Calyrex|Glacial Lance|p1a: Araquanid\n|-resisted|p1a: Araquanid\n|-damage|p1a: Araquanid|32\/100 psn\n|move|p1a: Araquanid|Leech Life|p2a: Ogerpon\n|-supereffective|p2a: Ogerpon\n|-damage|p2a: Ogerpon|0 fnt\n|-heal|p1a: Araquanid|84\/100 psn|[from] drain|[of] p2a: Ogerpon\n|faint|p2a: Ogerpon\n|\n|-damage|p1a: Araquanid|72\/100 psn|[from] psn\n|upkeep\n|-message|ScraggyPatty forfeited.\n|\n|win|salamionset\n|raw|salamionset's rating: 1509 &rarr; <strong>1534<\/strong><br \/>(+25 for winning)\n|raw|ScraggyPatty's rating: 1589 &rarr; <strong>1564<\/strong><br \/>(-25 for losing)\n|l|\u2606ScraggyPatty\n|player|p2|\n|l|\u2606salamionset\n|player|p1|\n","uploadtime":1740169750,"views":6,"formatid":"gen9vgc2025regg","rating":1534,"private":0,"password":null}