{"id":"gen9vgc2025regg-2305377278","format":"[Gen 9] VGC 2025 Reg G","players":["RandoNik","carmeloball"],"log":"|j|\u2606RandoNik\n|j|\u2606carmeloball\n|t:|1740178588\n|gametype|doubles\n|player|p1|RandoNik|101|1571\n|player|p2|carmeloball|102|1661\n|teamsize|p1|6\n|teamsize|p2|6\n|gen|9\n|tier|[Gen 9] VGC 2025 Reg G\n|rated|\n|rule|Species Clause: Limit one of each Pok\u00e9mon\n|rule|Item Clause: Limit 1 of each item\n|clearpoke\n|poke|p1|Necrozma-Dawn-Wings, L50|\n|poke|p1|Gallade, L50, M|\n|poke|p1|Indeedee-F, L50, F|\n|poke|p1|Ursaluna, L50, M|\n|poke|p1|Lilligant-Hisui, L50, F|\n|poke|p1|Torkoal, L50, M|\n|poke|p2|Terapagos, L50, M|\n|poke|p2|Amoonguss, L50, F|\n|poke|p2|Iron Hands, L50|\n|poke|p2|Flutter Mane, L50|\n|poke|p2|Chi-Yu, L50|\n|poke|p2|Urshifu-*, L50, F|\n|teampreview|4\n|j| sauromon\n|inactive|Battle timer is ON: inactive players will automatically lose when time's up. (requested by RandoNik)\n|\n|t:|1740178640\n|start\n|switch|p1a: Indeedee|Indeedee-F, L50, F, shiny|100\/100\n|switch|p1b: Necrozma|Necrozma-Dawn-Wings, L50, shiny|100\/100\n|switch|p2a: Terapagos|Terapagos, L50, M|100\/100\n|switch|p2b: Flutter Mane|Flutter Mane, L50|100\/100\n|-activate|p2a: Terapagos|ability: Tera Shift\n|detailschange|p2a: Terapagos|Terapagos-Terastal, L50, M\n|-heal|p2a: Terapagos|100\/100|[silent]\n|-fieldstart|move: Psychic Terrain|[from] ability: Psychic Surge|[of] p1a: Indeedee\n|-enditem|p1a: Indeedee|Psychic Seed\n|-boost|p1a: Indeedee|spd|1|[from] item: Psychic Seed\n|-enditem|p2b: Flutter Mane|Booster Energy\n|-activate|p2b: Flutter Mane|ability: Protosynthesis|[fromitem]\n|-start|p2b: Flutter Mane|protosynthesisspe\n|turn|1\n|\n|t:|1740178658\n|-terastallize|p2a: Terapagos|Stellar\n|detailschange|p2a: Terapagos|Terapagos-Stellar, L50, M, tera:Stellar\n|-heal|p2a: Terapagos|100\/100|[silent]\n|-ability|p2a: Terapagos|Teraform Zero\n|-fieldend|move: Psychic Terrain\n|move|p1a: Indeedee|Follow Me|p1a: Indeedee\n|-singleturn|p1a: Indeedee|move: Follow Me\n|move|p2b: Flutter Mane|Taunt|p1a: Indeedee\n|-start|p1a: Indeedee|move: Taunt\n|move|p2a: Terapagos|Tera Starstorm|p1a: Indeedee|[spread] p1a,p1b\n|-damage|p1a: Indeedee|72\/100\n|-damage|p1b: Necrozma|71\/100\n|move|p1b: Necrozma|Meteor Beam||[still]\n|-prepare|p1b: Necrozma|Meteor Beam\n|-boost|p1b: Necrozma|spa|1\n|-enditem|p1b: Necrozma|Power Herb\n|-anim|p1b: Necrozma|Meteor Beam|p2b: Flutter Mane|[miss]\n|-miss|p1b: Necrozma|p2b: Flutter Mane\n|\n|upkeep\n|turn|2\n|inactive|RandoNik has 30 seconds left.\n|\n|t:|1740178684\n|switch|p1b: Ursaluna|Ursaluna, L50, M, shiny|100\/100\n|move|p2b: Flutter Mane|Moonblast|p1b: Ursaluna\n|-damage|p1b: Ursaluna|66\/100\n|move|p2a: Terapagos|Meteor Beam||[still]\n|-prepare|p2a: Terapagos|Meteor Beam\n|-boost|p2a: Terapagos|spa|1\n|-enditem|p2a: Terapagos|Power Herb\n|-anim|p2a: Terapagos|Meteor Beam|p1b: Ursaluna\n|-resisted|p1b: Ursaluna\n|-damage|p1b: Ursaluna|28\/100\n|move|p1a: Indeedee|Dazzling Gleam|p2b: Flutter Mane|[spread] p2a,p2b\n|-damage|p2a: Terapagos|92\/100\n|-damage|p2b: Flutter Mane|88\/100\n|\n|-status|p1b: Ursaluna|brn|[from] item: Flame Orb\n|upkeep\n|turn|3\n|inactive|RandoNik has 30 seconds left.\n|\n|t:|1740178712\n|switch|p1a: Necrozma|Necrozma-Dawn-Wings, L50, shiny|71\/100\n|move|p1b: Ursaluna|Protect|p1b: Ursaluna\n|-singleturn|p1b: Ursaluna|Protect\n|move|p2b: Flutter Mane|Moonblast|p1a: Necrozma\n|-damage|p1a: Necrozma|43\/100\n|move|p2a: Terapagos|Tera Starstorm|p1b: Ursaluna|[spread] p1a\n|-activate|p1b: Ursaluna|move: Protect\n|-damage|p1a: Necrozma|0 fnt\n|faint|p1a: Necrozma\n|\n|-damage|p1b: Ursaluna|21\/100 brn|[from] brn\n|upkeep\n|\n|t:|1740178718\n|switch|p1a: Gallade|Gallade, L50, M, shiny|100\/100\n|turn|4\n|\n|t:|1740178733\n|move|p2b: Flutter Mane|Moonblast|p1b: Ursaluna\n|-damage|p1b: Ursaluna|0 fnt\n|faint|p1b: Ursaluna\n|move|p2a: Terapagos|Tera Starstorm|p1a: Gallade\n|-crit|p1a: Gallade\n|-damage|p1a: Gallade|0 fnt\n|faint|p1a: Gallade\n|\n|upkeep\n|\n|t:|1740178740\n|switch|p1b: Indeedee|Indeedee-F, L50, F, shiny|72\/100\n|-fieldstart|move: Psychic Terrain|[from] ability: Psychic Surge|[of] p1b: Indeedee\n|turn|5\n|-message|RandoNik forfeited.\n|\n|win|carmeloball\n|raw|RandoNik's rating: 1571 &rarr; <strong>1556<\/strong><br \/>(-15 for losing)\n|raw|carmeloball's rating: 1661 &rarr; <strong>1676<\/strong><br \/>(+15 for winning)\n|l|\u2606RandoNik\n|player|p1|\n|l|\u2606carmeloball\n|player|p2|\n","uploadtime":1740178940,"views":5,"formatid":"gen9vgc2025regg","rating":1556,"private":0,"password":null}