{"id":"gen9vgc2025regg-2305502776","format":"[Gen 9] VGC 2025 Reg G","players":["tachitsuteto12345","Tempest Flute"],"log":"|j|\u2606tachitsuteto12345\n|j|\u2606Tempest Flute\n|t:|1740195764\n|gametype|doubles\n|player|p1|tachitsuteto12345|170|1627\n|player|p2|Tempest Flute|policeman-gen4|1719\n|teamsize|p1|6\n|teamsize|p2|6\n|gen|9\n|tier|[Gen 9] VGC 2025 Reg G\n|rated|\n|rule|Species Clause: Limit one of each Pok\u00e9mon\n|rule|Item Clause: Limit 1 of each item\n|clearpoke\n|poke|p1|Terapagos, L50, M|\n|poke|p1|Volcarona, L50, F|\n|poke|p1|Rillaboom, L50, F|\n|poke|p1|Grimmsnarl, L50, M|\n|poke|p1|Urshifu-*, L50, F|\n|poke|p1|Flutter Mane, L50|\n|poke|p2|Kyogre, L50|\n|poke|p2|Tornadus, L50, M|\n|poke|p2|Tsareena, L50, F|\n|poke|p2|Urshifu-*, L50, F|\n|poke|p2|Chien-Pao, L50|\n|poke|p2|Rillaboom, L50, F|\n|teampreview|4\n|inactive|Battle timer is ON: inactive players will automatically lose when time's up. (requested by Tempest Flute)\n|j| BabyComeBack3\n|l| BabyComeBack3\n|inactive|Tempest Flute has 60 seconds left.\n|\n|t:|1740195801\n|start\n|switch|p1a: Terapagos|Terapagos, L50, M|100\/100\n|switch|p1b: Grimmsnarl|Grimmsnarl, L50, M|100\/100\n|switch|p2a: Kyogre|Kyogre, L50, shiny|100\/100\n|switch|p2b: Tornadus|Tornadus, L50, M|100\/100\n|-activate|p1a: Terapagos|ability: Tera Shift\n|detailschange|p1a: Terapagos|Terapagos-Terastal, L50, M\n|-heal|p1a: Terapagos|100\/100|[silent]\n|-weather|RainDance|[from] ability: Drizzle|[of] p2a: Kyogre\n|turn|1\n|\n|t:|1740195827\n|move|p1b: Grimmsnarl|Fake Out|p2a: Kyogre\n|-damage|p2a: Kyogre|90\/100\n|move|p2b: Tornadus|Bleakwind Storm|p1a: Terapagos|[spread] p1a,p1b\n|-activate|p1a: Terapagos|ability: Tera Shell\n|-resisted|p1a: Terapagos\n|-damage|p1a: Terapagos|88\/100\n|-damage|p1b: Grimmsnarl|73\/100\n|cant|p2a: Kyogre|flinch\n|move|p1a: Terapagos|Tera Starstorm|p2b: Tornadus\n|-damage|p2b: Tornadus|0 fnt\n|faint|p2b: Tornadus\n|\n|-weather|RainDance|[upkeep]\n|upkeep\n|\n|t:|1740195835\n|switch|p2b: Urshifu|Urshifu-Rapid-Strike, L50, F|100\/100\n|turn|2\n|inactive|tachitsuteto12345 has 30 seconds left.\n|inactive|tachitsuteto12345 has 20 seconds left.\n|inactive|tachitsuteto12345 has 15 seconds left.\n|inactive|tachitsuteto12345 has 10 seconds left.\n|\n|t:|1740195885\n|switch|p2a: Tsareena|Tsareena, L50, F, shiny|100\/100\n|-terastallize|p1a: Terapagos|Stellar\n|detailschange|p1a: Terapagos|Terapagos-Stellar, L50, M, tera:Stellar\n|-heal|p1a: Terapagos|91\/100|[silent]\n|-ability|p1a: Terapagos|Teraform Zero\n|-weather|none\n|move|p1b: Grimmsnarl|Thunder Wave||[still]\n|cant|p2a: Tsareena|ability: Queenly Majesty|Thunder Wave|[of] p1b: Grimmsnarl\n|move|p2b: Urshifu|Close Combat|p1a: Terapagos\n|-supereffective|p1a: Terapagos\n|-damage|p1a: Terapagos|0 fnt\n|-unboost|p2b: Urshifu|def|1\n|-unboost|p2b: Urshifu|spd|1\n|faint|p1a: Terapagos\n|-damage|p2b: Urshifu|91\/100|[from] item: Life Orb\n|\n|upkeep\n|\n|t:|1740195904\n|switch|p1a: Flutter Mane|Flutter Mane, L50|100\/100\n|-enditem|p1a: Flutter Mane|Booster Energy\n|-activate|p1a: Flutter Mane|ability: Protosynthesis|[fromitem]\n|-start|p1a: Flutter Mane|protosynthesisspe\n|turn|3\n|\n|t:|1740195934\n|switch|p2b: Kyogre|Kyogre, L50, shiny|90\/100\n|-weather|RainDance|[from] ability: Drizzle|[of] p2b: Kyogre\n|move|p1a: Flutter Mane|Moonblast|p2b: Kyogre\n|-damage|p2b: Kyogre|57\/100\n|move|p2a: Tsareena|Power Whip|p1a: Flutter Mane\n|-damage|p1a: Flutter Mane|20\/100\n|move|p1b: Grimmsnarl|Foul Play|p2a: Tsareena\n|-damage|p2a: Tsareena|35\/100\n|\n|-weather|RainDance|[upkeep]\n|upkeep\n|turn|4\n|inactive|tachitsuteto12345 has 30 seconds left.\n|inactive|tachitsuteto12345 has 20 seconds left.\n|inactive|tachitsuteto12345 has 15 seconds left.\n|inactive|tachitsuteto12345 has 10 seconds left.\n|\n|t:|1740195981\n|move|p2a: Tsareena|Helping Hand|p2b: Kyogre\n|-singleturn|p2b: Kyogre|Helping Hand|[of] p2a: Tsareena\n|move|p1a: Flutter Mane|Moonblast|p2b: Kyogre\n|-damage|p2b: Kyogre|24\/100\n|-unboost|p2b: Kyogre|spa|1\n|move|p2b: Kyogre|Origin Pulse|p1b: Grimmsnarl|[spread] p1a,p1b\n|-crit|p1b: Grimmsnarl\n|-damage|p1a: Flutter Mane|0 fnt\n|-damage|p1b: Grimmsnarl|0 fnt\n|faint|p1a: Flutter Mane\n|-end|p1a: Flutter Mane|Protosynthesis|[silent]\n|faint|p1b: Grimmsnarl\n|\n|-weather|RainDance|[upkeep]\n|upkeep\n|\n|t:|1740195997\n|switch|p1b: Urshifu|Urshifu-Rapid-Strike, L50, F|100\/100\n|turn|5\n|\n|t:|1740196002\n|move|p2b: Kyogre|Origin Pulse|p1b: Urshifu\n|-resisted|p1b: Urshifu\n|-damage|p1b: Urshifu|39\/100\n|move|p1b: Urshifu|Surging Strikes|p2a: Tsareena\n|-resisted|p2a: Tsareena\n|-crit|p2a: Tsareena\n|-damage|p2a: Tsareena|14\/100\n|-resisted|p2a: Tsareena\n|-crit|p2a: Tsareena\n|-damage|p2a: Tsareena|0 fnt\n|faint|p2a: Tsareena\n|-hitcount|p2: Tsareena|2\n|\n|-weather|RainDance|[upkeep]\n|upkeep\n|\n|t:|1740196005\n|switch|p2a: Urshifu|Urshifu-Rapid-Strike, L50, F|91\/100\n|turn|6\n|\n|t:|1740196018\n|-terastallize|p2a: Urshifu|Grass\n|move|p2b: Kyogre|Origin Pulse|p1b: Urshifu\n|-resisted|p1b: Urshifu\n|-damage|p1b: Urshifu|0 fnt\n|faint|p1b: Urshifu\n|\n|win|Tempest Flute\n|raw|tachitsuteto12345's rating: 1627 &rarr; <strong>1612<\/strong><br \/>(-15 for losing)\n|raw|Tempest Flute's rating: 1719 &rarr; <strong>1734<\/strong><br \/>(+15 for winning)\n|l|\u2606tachitsuteto12345\n|player|p1|\n|l|\u2606Tempest Flute\n|player|p2|\n","uploadtime":1740196278,"views":11,"formatid":"gen9vgc2025regg","rating":1612,"private":0,"password":null}