{"id":"gen9vgc2025regg-2305549336","format":"[Gen 9] VGC 2025 Reg G","players":["Gamertag1001","Jadenhess"],"log":"|j|\u2606Gamertag1001\n|j|\u2606Jadenhess\n|t:|1740203625\n|gametype|doubles\n|player|p1|Gamertag1001|kieran-champion|1567\n|player|p2|Jadenhess|101|1604\n|teamsize|p1|6\n|teamsize|p2|6\n|gen|9\n|tier|[Gen 9] VGC 2025 Reg G\n|rated|\n|rule|Species Clause: Limit one of each Pok\u00e9mon\n|rule|Item Clause: Limit 1 of each item\n|clearpoke\n|poke|p1|Calyrex-Ice, L50|\n|poke|p1|Amoonguss, L50, M|\n|poke|p1|Raging Bolt, L50|\n|poke|p1|Landorus, L50, M|\n|poke|p1|Urshifu-*, L50, F|\n|poke|p1|Incineroar, L50, M|\n|poke|p2|Koraidon, L50|\n|poke|p2|Walking Wake, L50|\n|poke|p2|Tyranitar, L50, F|\n|poke|p2|Gouging Fire, L50|\n|poke|p2|Whimsicott, L50, M|\n|poke|p2|Scovillain, L50, F|\n|teampreview|4\n|inactive|Battle timer is ON: inactive players will automatically lose when time's up. (requested by Jadenhess)\n|inactive|Gamertag1001 also wants the timer to be on.\n|\n|t:|1740203654\n|start\n|switch|p1a: Megamind|Calyrex-Ice, L50|100\/100\n|switch|p1b: The GOAT|Incineroar, L50, M|100\/100\n|switch|p2a: Koraidon|Koraidon, L50|100\/100\n|switch|p2b: Scovillain|Scovillain, L50, F|100\/100\n|-ability|p1a: Megamind|As One\n|-ability|p1a: Megamind|Unnerve\n|-weather|SunnyDay|[from] ability: Orichalcum Pulse|[of] p2a: Koraidon\n|-activate|p2a: Koraidon|Orichalcum Pulse|[source]\n|-ability|p1b: The GOAT|Intimidate|boost\n|-fail|p2a: Koraidon|unboost|[from] item: Clear Amulet|[of] p2a: Koraidon\n|-unboost|p2b: Scovillain|atk|1\n|turn|1\n|inactive|Gamertag1001 has 30 seconds left.\n|\n|t:|1740203680\n|-terastallize|p1a: Megamind|Normal\n|move|p1b: The GOAT|Fake Out|p2a: Koraidon\n|-damage|p2a: Koraidon|93\/100\n|move|p2b: Scovillain|Spicy Extract|p2a: Koraidon\n|-fail|p2a: Koraidon|unboost|[from] item: Clear Amulet|[of] p2a: Koraidon\n|-boost|p2a: Koraidon|atk|2\n|cant|p2a: Koraidon|flinch\n|move|p1a: Megamind|Trick Room|p1a: Megamind\n|-fieldstart|move: Trick Room|[of] p1a: Megamind\n|\n|-weather|SunnyDay|[upkeep]\n|upkeep\n|turn|2\n|\n|t:|1740203694\n|-terastallize|p2a: Koraidon|Fire\n|move|p2b: Scovillain|Rage Powder|p2b: Scovillain\n|-singleturn|p2b: Scovillain|move: Rage Powder\n|move|p1a: Megamind|Glacial Lance|p2b: Scovillain|[spread] p2a,p2b\n|-resisted|p2a: Koraidon\n|-damage|p2a: Koraidon|72\/100\n|-enditem|p2b: Scovillain|Focus Sash\n|-damage|p2b: Scovillain|1\/100\n|move|p1b: The GOAT|Knock Off|p2a: Koraidon\n|-damage|p2a: Koraidon|44\/100\n|-enditem|p2a: Koraidon|Clear Amulet|[from] move: Knock Off|[of] p1b: The GOAT\n|move|p2a: Koraidon|Drain Punch|p1a: Megamind\n|-supereffective|p1a: Megamind\n|-damage|p1a: Megamind|0 fnt\n|-heal|p2a: Koraidon|94\/100|[from] drain|[of] p1a: Megamind\n|faint|p1a: Megamind\n|\n|-weather|SunnyDay|[upkeep]\n|upkeep\n|\n|t:|1740203700\n|switch|p1a: Pool Noodle|Raging Bolt, L50|100\/100\n|-activate|p1a: Pool Noodle|ability: Protosynthesis\n|-start|p1a: Pool Noodle|protosynthesisspa\n|turn|3\n|\n|t:|1740203715\n|move|p2a: Koraidon|Protect|p2a: Koraidon\n|-singleturn|p2a: Koraidon|Protect\n|move|p1b: The GOAT|Knock Off|p2b: Scovillain\n|-damage|p2b: Scovillain|0 fnt\n|faint|p2b: Scovillain\n|move|p1a: Pool Noodle|Thunderbolt|p2a: Koraidon\n|-activate|p2a: Koraidon|move: Protect\n|\n|-weather|SunnyDay|[upkeep]\n|upkeep\n|\n|t:|1740203719\n|switch|p2b: Whimsicott|Whimsicott, L50, M|100\/100\n|turn|4\n|\n|t:|1740203727\n|move|p2b: Whimsicott|Light Screen|p2b: Whimsicott\n|-sidestart|p2: Jadenhess|move: Light Screen\n|move|p1b: The GOAT|Knock Off|p2a: Koraidon\n|-damage|p2a: Koraidon|74\/100\n|move|p1a: Pool Noodle|Thunderbolt|p2a: Koraidon\n|-crit|p2a: Koraidon\n|-damage|p2a: Koraidon|9\/100\n|move|p2a: Koraidon|Drain Punch|p1b: The GOAT\n|-supereffective|p1b: The GOAT\n|-damage|p1b: The GOAT|0 fnt\n|-heal|p2a: Koraidon|58\/100|[from] drain|[of] p1b: The GOAT\n|faint|p1b: The GOAT\n|\n|-weather|SunnyDay|[upkeep]\n|upkeep\n|\n|t:|1740203733\n|switch|p1b: Smite|Landorus, L50, M|100\/100\n|turn|5\n|\n|t:|1740203754\n|move|p1a: Pool Noodle|Thunderbolt|p2b: Whimsicott\n|-resisted|p2b: Whimsicott\n|-damage|p2b: Whimsicott|71\/100\n|move|p2a: Koraidon|Drain Punch|p1a: Pool Noodle\n|-damage|p1a: Pool Noodle|33\/100\n|-heal|p2a: Koraidon|96\/100|[from] drain|[of] p1a: Pool Noodle\n|move|p2b: Whimsicott|Dazzling Gleam|p1a: Pool Noodle|[spread] p1a,p1b\n|-supereffective|p1a: Pool Noodle\n|-damage|p1a: Pool Noodle|2\/100\n|-damage|p1b: Smite|80\/100\n|move|p1b: Smite|Earth Power|p2a: Koraidon\n|-supereffective|p2a: Koraidon\n|-crit|p2a: Koraidon\n|-damage|p2a: Koraidon|0 fnt\n|faint|p2a: Koraidon\n|\n|-weather|none\n|-end|p1a: Pool Noodle|Protosynthesis\n|-fieldend|move: Trick Room\n|upkeep\n|-enditem|p1a: Pool Noodle|Booster Energy\n|-activate|p1a: Pool Noodle|ability: Protosynthesis|[fromitem]\n|-start|p1a: Pool Noodle|protosynthesisspa\n|\n|t:|1740203764\n|switch|p2a: Walking Wake|Walking Wake, L50|100\/100\n|turn|6\n|l|\u2606Gamertag1001\n|inactive|Gamertag1001 disconnected and has a minute to reconnect!\n|player|p1|\n|inactive|Gamertag1001 has 30 seconds left.\n|inactive|Gamertag1001 has 20 seconds left.\n|inactive|Gamertag1001 has 15 seconds left.\n|inactive|Gamertag1001 has 10 seconds left.\n|inactive|Gamertag1001 has 5 seconds left.\n|-message|Gamertag1001 lost due to inactivity.\n|\n|win|Jadenhess\n|raw|Gamertag1001's rating: 1567 &rarr; <strong>1549<\/strong><br \/>(-18 for losing)\n|raw|Jadenhess's rating: 1604 &rarr; <strong>1622<\/strong><br \/>(+18 for winning)\n|l|\u2606Jadenhess\n|player|p2|\n","uploadtime":1740203996,"views":4,"formatid":"gen9vgc2025regg","rating":1549,"private":0,"password":null}