{"id":"gen9vgc2025regg-2305067444","format":"[Gen 9] VGC 2025 Reg G","players":["caZISA","battlestage472"],"log":"|j|\u2606caZISA\n|j|\u2606battlestage472\n|t:|1740144818\n|gametype|doubles\n|player|p1|caZISA|red|1672\n|player|p2|battlestage472|lucas-gen4pt|1745\n|teamsize|p1|6\n|teamsize|p2|6\n|gen|9\n|tier|[Gen 9] VGC 2025 Reg G\n|rated|\n|rule|Species Clause: Limit one of each Pok\u00e9mon\n|rule|Item Clause: Limit 1 of each item\n|clearpoke\n|poke|p1|Koraidon, L50|\n|poke|p1|Ogerpon-Cornerstone, L50, F|\n|poke|p1|Flutter Mane, L50|\n|poke|p1|Incineroar, L50, F|\n|poke|p1|Gholdengo, L50|\n|poke|p1|Smeargle, L50, F|\n|poke|p2|Terapagos, L50, M|\n|poke|p2|Flutter Mane, L50|\n|poke|p2|Raging Bolt, L50|\n|poke|p2|Grimmsnarl, L50, M|\n|poke|p2|Urshifu-*, L50, M|\n|poke|p2|Amoonguss, L50, M|\n|teampreview|4\n|j| ProfesorOakMaster\n|\n|t:|1740144847\n|start\n|switch|p1a: Incineroar|Incineroar, L50, F, shiny|100\/100\n|switch|p1b: Koraidon|Koraidon, L50|100\/100\n|switch|p2a: Terapagos|Terapagos, L50, M|100\/100\n|switch|p2b: Grimmsnarl|Grimmsnarl, L50, M|100\/100\n|-activate|p2a: Terapagos|ability: Tera Shift\n|detailschange|p2a: Terapagos|Terapagos-Terastal, L50, M\n|-heal|p2a: Terapagos|100\/100|[silent]\n|-weather|SunnyDay|[from] ability: Orichalcum Pulse|[of] p1b: Koraidon\n|-activate|p1b: Koraidon|Orichalcum Pulse|[source]\n|-ability|p1a: Incineroar|Intimidate|boost\n|-unboost|p2a: Terapagos|atk|1\n|-unboost|p2b: Grimmsnarl|atk|1\n|turn|1\n|inactive|Battle timer is ON: inactive players will automatically lose when time's up. (requested by caZISA)\n|\n|t:|1740144875\n|-terastallize|p2a: Terapagos|Stellar\n|detailschange|p2a: Terapagos|Terapagos-Stellar, L50, M, tera:Stellar\n|-heal|p2a: Terapagos|100\/100|[silent]\n|-ability|p2a: Terapagos|Teraform Zero\n|-weather|none\n|move|p2b: Grimmsnarl|Fake Out|p1a: Incineroar\n|-damage|p1a: Incineroar|94\/100\n|cant|p1a: Incineroar|flinch\n|move|p1b: Koraidon|Collision Course|p2b: Grimmsnarl\n|-damage|p2b: Grimmsnarl|45\/100\n|move|p2a: Terapagos|Tera Starstorm|p1b: Koraidon|[spread] p1a,p1b\n|-damage|p1a: Incineroar|32\/100\n|-damage|p1b: Koraidon|35\/100\n|\n|upkeep\n|turn|2\n|\n|t:|1740144898\n|move|p1b: Koraidon|Protect|p1b: Koraidon\n|-singleturn|p1b: Koraidon|Protect\n|move|p2b: Grimmsnarl|Scary Face|p1b: Koraidon\n|-activate|p1b: Koraidon|move: Protect\n|move|p2a: Terapagos|Tera Starstorm|p1b: Koraidon|[spread] p1a\n|-activate|p1b: Koraidon|move: Protect\n|-damage|p1a: Incineroar|0 fnt\n|faint|p1a: Incineroar\n|\n|upkeep\n|j| Eggy068\n|\n|t:|1740144909\n|switch|p1a: Ogerpon|Ogerpon-Cornerstone, L50, F|100\/100\n|turn|3\n|\n|t:|1740144924\n|move|p2b: Grimmsnarl|Scary Face|p1a: Ogerpon\n|-unboost|p1a: Ogerpon|spe|2\n|move|p1b: Koraidon|Collision Course|p2a: Terapagos\n|-supereffective|p2a: Terapagos\n|-damage|p2a: Terapagos|3\/100\n|move|p2a: Terapagos|Tera Starstorm|p1b: Koraidon|[spread] p1a,p1b\n|-crit|p1a: Ogerpon\n|-ability|p1a: Ogerpon|Sturdy\n|-damage|p1a: Ogerpon|1\/100\n|-damage|p1b: Koraidon|0 fnt\n|faint|p1b: Koraidon\n|move|p1a: Ogerpon|Ivy Cudgel|p2a: Terapagos|[anim] Ivy Cudgel Rock\n|-damage|p2a: Terapagos|0 fnt\n|faint|p2a: Terapagos\n|\n|upkeep\n|\n|t:|1740144942\n|switch|p1b: Gholdengo|Gholdengo, L50|100\/100\n|switch|p2a: Flutter Mane|Flutter Mane, L50|100\/100\n|-enditem|p2a: Flutter Mane|Booster Energy\n|-activate|p2a: Flutter Mane|ability: Protosynthesis|[fromitem]\n|-start|p2a: Flutter Mane|protosynthesisspe\n|turn|4\n|\n|t:|1740144956\n|move|p2a: Flutter Mane|Protect|p2a: Flutter Mane\n|-singleturn|p2a: Flutter Mane|Protect\n|move|p1a: Ogerpon|Spiky Shield|p1a: Ogerpon\n|-singleturn|p1a: Ogerpon|move: Protect\n|move|p1b: Gholdengo|Nasty Plot|p1b: Gholdengo\n|-boost|p1b: Gholdengo|spa|2\n|move|p2b: Grimmsnarl|Foul Play|p1a: Ogerpon\n|-activate|p1a: Ogerpon|move: Protect\n|-damage|p2b: Grimmsnarl|32\/100|[from] Spiky Shield|[of] p1a: Ogerpon\n|\n|upkeep\n|turn|5\n|\n|t:|1740144968\n|move|p1a: Ogerpon|Follow Me|p1a: Ogerpon\n|-singleturn|p1a: Ogerpon|move: Follow Me\n|move|p2a: Flutter Mane|Icy Wind|p1b: Gholdengo|[spread] p1a,p1b\n|-supereffective|p1a: Ogerpon\n|-resisted|p1b: Gholdengo\n|-damage|p1a: Ogerpon|0 fnt\n|-damage|p1b: Gholdengo|94\/100\n|-unboost|p1b: Gholdengo|spe|1\n|faint|p1a: Ogerpon\n|move|p2b: Grimmsnarl|Foul Play|p1b: Gholdengo\n|-supereffective|p1b: Gholdengo\n|-damage|p1b: Gholdengo|61\/100\n|move|p1b: Gholdengo|Make It Rain|p2b: Grimmsnarl|[spread] p2a,p2b\n|-supereffective|p2a: Flutter Mane\n|-supereffective|p2b: Grimmsnarl\n|-damage|p2a: Flutter Mane|0 fnt\n|-damage|p2b: Grimmsnarl|0 fnt\n|-unboost|p1b: Gholdengo|spa|1\n|faint|p2a: Flutter Mane\n|-end|p2a: Flutter Mane|Protosynthesis|[silent]\n|faint|p2b: Grimmsnarl\n|\n|-heal|p1b: Gholdengo|66\/100|[from] item: Leftovers\n|upkeep\n|\n|t:|1740144983\n|switch|p2b: Raging Bolt|Raging Bolt, L50|100\/100\n|turn|6\n|\n|t:|1740144987\n|move|p1b: Gholdengo|Protect|p1b: Gholdengo\n|-singleturn|p1b: Gholdengo|Protect\n|move|p2b: Raging Bolt|Thunderbolt|p1b: Gholdengo\n|-activate|p1b: Gholdengo|move: Protect\n|\n|-heal|p1b: Gholdengo|72\/100|[from] item: Leftovers\n|upkeep\n|turn|7\n|\n|t:|1740144995\n|move|p2b: Raging Bolt|Thunderbolt|p1b: Gholdengo\n|-damage|p1b: Gholdengo|18\/100\n|move|p1b: Gholdengo|Shadow Ball|p2b: Raging Bolt\n|-damage|p2b: Raging Bolt|66\/100\n|\n|-heal|p1b: Gholdengo|24\/100|[from] item: Leftovers\n|upkeep\n|turn|8\n|\n|t:|1740145003\n|move|p2b: Raging Bolt|Thunderbolt|p1b: Gholdengo\n|-damage|p1b: Gholdengo|0 fnt\n|faint|p1b: Gholdengo\n|\n|win|battlestage472\n|raw|caZISA's rating: 1672 &rarr; <strong>1656<\/strong><br \/>(-16 for losing)\n|raw|battlestage472's rating: 1745 &rarr; <strong>1761<\/strong><br \/>(+16 for winning)\n|l|\u2606caZISA\n|player|p1|\n|l|\u2606battlestage472\n|player|p2|\n|l| Eggy068\n","uploadtime":1740145166,"views":8,"formatid":"gen9vgc2025regg","rating":1656,"private":0,"password":null}