{"id":"gen9vgc2025regg-2305106291","format":"[Gen 9] VGC 2025 Reg G","players":["KogaAF1219","Exaltold"],"log":"|j|\u2606KogaAF1219\n|j|\u2606Exaltold\n|t:|1740149447\n|gametype|doubles\n|player|p1|KogaAF1219|169|1570\n|player|p2|Exaltold|miku-psychic|1535\n|teamsize|p1|6\n|teamsize|p2|6\n|gen|9\n|tier|[Gen 9] VGC 2025 Reg G\n|rated|\n|rule|Species Clause: Limit one of each Pok\u00e9mon\n|rule|Item Clause: Limit 1 of each item\n|clearpoke\n|poke|p1|Koraidon, L50|\n|poke|p1|Indeedee, L50, M|\n|poke|p1|Whimsicott, L50, F|\n|poke|p1|Torkoal, L50, M|\n|poke|p1|Chi-Yu, L50|\n|poke|p1|Ogerpon-Cornerstone, L50, F|\n|poke|p2|Alcremie, L50, F|\n|poke|p2|Calyrex-Ice, L50|\n|poke|p2|Ursaluna-Bloodmoon, L50, M|\n|poke|p2|Incineroar, L50, M|\n|poke|p2|Indeedee-F, L50, F|\n|poke|p2|Ogerpon-Wellspring, L50, F|\n|teampreview|4\n|inactive|Battle timer is ON: inactive players will automatically lose when time's up. (requested by Exaltold)\nKogaAF1219 has agreed to open team sheets.\n|\n|t:|1740149466\n|start\n|switch|p1a: Indeedee|Indeedee, L50, M|100\/100\n|switch|p1b: Koraidon|Koraidon, L50|100\/100\n|switch|p2a: Calyrex|Calyrex-Ice, L50|100\/100\n|switch|p2b: Incineroar|Incineroar, L50, M|100\/100\n|-ability|p2a: Calyrex|As One\n|-ability|p2a: Calyrex|Unnerve\n|-weather|SunnyDay|[from] ability: Orichalcum Pulse|[of] p1b: Koraidon\n|-activate|p1b: Koraidon|Orichalcum Pulse|[source]\n|-fieldstart|move: Psychic Terrain|[from] ability: Psychic Surge|[of] p1a: Indeedee\n|-ability|p2b: Incineroar|Intimidate|boost\n|-unboost|p1a: Indeedee|atk|1\n|-fail|p1b: Koraidon|unboost|[from] item: Clear Amulet|[of] p1b: Koraidon\n|turn|1\n|\n|t:|1740149485\n|-terastallize|p1b: Koraidon|Fire\n|-terastallize|p2a: Calyrex|Water\n|move|p1b: Koraidon|Collision Course|p2b: Incineroar\n|-supereffective|p2b: Incineroar\n|-damage|p2b: Incineroar|0 fnt\n|faint|p2b: Incineroar\n|move|p1a: Indeedee|Imprison|p1a: Indeedee\n|-start|p1a: Indeedee|move: Imprison\n|move|p2a: Calyrex|Glacial Lance|p1b: Koraidon|[spread] p1a,p1b\n|-resisted|p1b: Koraidon\n|-enditem|p1a: Indeedee|Focus Sash\n|-damage|p1a: Indeedee|1\/100\n|-damage|p1b: Koraidon|72\/100\n|\n|-weather|SunnyDay|[upkeep]\n|upkeep\n|j| Eggy068\n|\n|t:|1740149495\n|switch|p2b: Ogerpon|Ogerpon-Wellspring, L50, F|100\/100\n|turn|2\n|\n|t:|1740149504\n|move|p1b: Koraidon|Collision Course|p2a: Calyrex\n|-damage|p2a: Calyrex|51\/100\n|move|p1a: Indeedee|Expanding Force|p2b: Ogerpon|[spread] p2a,p2b\n|-damage|p2a: Calyrex|16\/100\n|-damage|p2b: Ogerpon|52\/100\n|move|p2b: Ogerpon|Ivy Cudgel|p1b: Koraidon|[anim] Ivy Cudgel Water\n|-supereffective|p1b: Koraidon\n|-damage|p1b: Koraidon|21\/100\n|move|p2a: Calyrex|Glacial Lance|p1b: Koraidon|[spread] p1a,p1b\n|-resisted|p1b: Koraidon\n|-damage|p1a: Indeedee|0 fnt\n|-damage|p1b: Koraidon|0 fnt\n|faint|p1a: Indeedee\n|faint|p1b: Koraidon\n|-ability|p2a: Calyrex|Chilling Neigh|boost\n|-boost|p2a: Calyrex|atk|2\n|\n|-weather|SunnyDay|[upkeep]\n|upkeep\n|\n|t:|1740149507\n|switch|p1b: Ogerpon|Ogerpon-Cornerstone, L50, F|100\/100\n|switch|p1a: Torkoal|Torkoal, L50, M|100\/100\n|turn|3\n|\n|t:|1740149525\n|move|p2a: Calyrex|Protect|p2a: Calyrex\n|-singleturn|p2a: Calyrex|Protect\n|move|p1b: Ogerpon|Horn Leech|p2a: Calyrex\n|-activate|p2a: Calyrex|move: Protect\n|move|p2b: Ogerpon|Ivy Cudgel|p1a: Torkoal|[anim] Ivy Cudgel Water\n|-supereffective|p1a: Torkoal\n|-damage|p1a: Torkoal|60\/100\n|move|p1a: Torkoal|Solar Beam||[still]\n|-prepare|p1a: Torkoal|Solar Beam\n|-anim|p1a: Torkoal|Solar Beam|p2a: Calyrex\n|-activate|p2a: Calyrex|move: Protect\n|\n|-weather|SunnyDay|[upkeep]\n|upkeep\n|turn|4\n|j| Rabbithorn01\n|\n|t:|1740149545\n|move|p2b: Ogerpon|Follow Me|p2b: Ogerpon\n|-singleturn|p2b: Ogerpon|move: Follow Me\n|move|p1b: Ogerpon|Horn Leech|p2b: Ogerpon\n|-damage|p2b: Ogerpon|7\/100\n|move|p2a: Calyrex|Glacial Lance|p1b: Ogerpon|[spread] p1a,p1b\n|-resisted|p1a: Torkoal\n|-supereffective|p1b: Ogerpon\n|-damage|p1a: Torkoal|15\/100\n|-ability|p1b: Ogerpon|Sturdy\n|-damage|p1b: Ogerpon|1\/100\n|move|p1a: Torkoal|Solar Beam||[still]\n|-prepare|p1a: Torkoal|Solar Beam\n|-anim|p1a: Torkoal|Solar Beam|p2b: Ogerpon\n|-damage|p2b: Ogerpon|0 fnt\n|faint|p2b: Ogerpon\n|\n|-weather|SunnyDay|[upkeep]\n|upkeep\n|\n|t:|1740149548\n|switch|p2b: Ursaluna|Ursaluna-Bloodmoon, L50, M|100\/100\n|turn|5\n|\n|t:|1740149557\n|move|p1b: Ogerpon|Horn Leech|p2b: Ursaluna\n|-supereffective|p2b: Ursaluna\n|-damage|p2b: Ursaluna|42\/100\n|-heal|p1b: Ogerpon|42\/100|[from] drain|[of] p2b: Ursaluna\n|move|p2b: Ursaluna|Earth Power|p1b: Ogerpon\n|-damage|p1b: Ogerpon|0 fnt\n|faint|p1b: Ogerpon\n|move|p2a: Calyrex|Glacial Lance|p1a: Torkoal\n|-resisted|p1a: Torkoal\n|-damage|p1a: Torkoal|0 fnt\n|faint|p1a: Torkoal\n|\n|win|Exaltold\n|raw|KogaAF1219's rating: 1570 &rarr; <strong>1548<\/strong><br \/>(-22 for losing)\n|raw|Exaltold's rating: 1535 &rarr; <strong>1557<\/strong><br \/>(+22 for winning)\n|l|\u2606KogaAF1219\n|player|p1|\n|l|\u2606Exaltold\n|player|p2|\n|l| Eggy068\n|l| Rabbithorn01\n","uploadtime":1740149745,"views":5,"formatid":"gen9vgc2025regg","rating":1548,"private":0,"password":null}