{"id":"gen9vgc2025regg-2305277789","format":"[Gen 9] VGC 2025 Reg G","players":["Jesuuuus","Jayson_Ubo"],"log":"|j|\u2606Jesuuuus\n|j|\u2606Jayson_Ubo\n|t:|1740167189\n|gametype|doubles\n|player|p1|Jesuuuus|alec-anime|1674\n|player|p2|Jayson_Ubo|hilbert|1599\n|teamsize|p1|6\n|teamsize|p2|6\n|gen|9\n|tier|[Gen 9] VGC 2025 Reg G\n|rated|\n|rule|Species Clause: Limit one of each Pok\u00e9mon\n|rule|Item Clause: Limit 1 of each item\n|clearpoke\n|poke|p1|Calyrex-Ice, L50|\n|poke|p1|Roaring Moon, L50|\n|poke|p1|Urshifu-*, L50, M|\n|poke|p1|Landorus, L50, M|\n|poke|p1|Amoonguss, L50, F|\n|poke|p1|Pelipper, L50, F|\n|poke|p2|Calyrex-Ice, L50|\n|poke|p2|Smeargle, L50, F|\n|poke|p2|Ursaluna-Bloodmoon, L50, M|\n|poke|p2|Farigiraf, L50, F|\n|poke|p2|Annihilape, L50, M|\n|poke|p2|Electabuzz, L50, F|\n|teampreview|4\n|inactive|Battle timer is ON: inactive players will automatically lose when time's up. (requested by Jayson_Ubo)\n|\n|t:|1740167207\n|start\n|switch|p1a: Calyrex|Calyrex-Ice, L50|100\/100\n|switch|p1b: Urshifu|Urshifu-Rapid-Strike, L50, M|100\/100\n|switch|p2a: Calyrex|Calyrex-Ice, L50|100\/100\n|switch|p2b: Annihilape|Annihilape, L50, M|100\/100\n|-ability|p2a: Calyrex|As One\n|-ability|p2a: Calyrex|Unnerve\n|-ability|p1a: Calyrex|As One\n|-ability|p1a: Calyrex|Unnerve\n|turn|1\n|\n|t:|1740167226\n|move|p1a: Calyrex|Protect|p1a: Calyrex\n|-singleturn|p1a: Calyrex|Protect\n|move|p2b: Annihilape|Final Gambit|p1a: Calyrex\n|-activate|p1a: Calyrex|move: Protect\n|move|p1b: Urshifu|Surging Strikes|p2a: Calyrex\n|-crit|p2a: Calyrex\n|-damage|p2a: Calyrex|87\/100\n|-crit|p2a: Calyrex\n|-damage|p2a: Calyrex|76\/100\n|-crit|p2a: Calyrex\n|-damage|p2a: Calyrex|64\/100\n|-hitcount|p2a: Calyrex|3\n|move|p2a: Calyrex|High Horsepower|p1b: Urshifu\n|-damage|p1b: Urshifu|64\/100\n|\n|upkeep\n|turn|2\n|\n|t:|1740167250\n|switch|p1a: Pelipper|Pelipper, L50, F|100\/100\n|-weather|RainDance|[from] ability: Drizzle|[of] p1a: Pelipper\n|-terastallize|p2a: Calyrex|Water\n|move|p2b: Annihilape|Final Gambit|p1a: Pelipper\n|-damage|p1a: Pelipper|0 fnt\n|faint|p2b: Annihilape\n|faint|p1a: Pelipper\n|move|p1b: Urshifu|Surging Strikes|p2a: Calyrex\n|-resisted|p2a: Calyrex\n|-crit|p2a: Calyrex\n|-damage|p2a: Calyrex|55\/100\n|-resisted|p2a: Calyrex\n|-crit|p2a: Calyrex\n|-damage|p2a: Calyrex|46\/100\n|-enditem|p2a: Calyrex|Sitrus Berry|[eat]\n|-heal|p2a: Calyrex|71\/100|[from] item: Sitrus Berry\n|-resisted|p2a: Calyrex\n|-crit|p2a: Calyrex\n|-damage|p2a: Calyrex|62\/100\n|-hitcount|p2a: Calyrex|3\n|move|p2a: Calyrex|High Horsepower|p1b: Urshifu\n|-crit|p1b: Urshifu\n|-damage|p1b: Urshifu|14\/100\n|\n|-weather|RainDance|[upkeep]\n|upkeep\n|\n|t:|1740167266\n|switch|p2b: Electabuzz|Electabuzz, L50, F|100\/100\n|switch|p1a: Calyrex|Calyrex-Ice, L50|100\/100\n|-ability|p1a: Calyrex|As One\n|-ability|p1a: Calyrex|Unnerve\n|turn|3\n|\n|t:|1740167276\n|move|p1b: Urshifu|Detect|p1b: Urshifu\n|-singleturn|p1b: Urshifu|Protect\n|move|p2b: Electabuzz|Taunt|p1a: Calyrex\n|-start|p1a: Calyrex|move: Taunt\n|move|p2a: Calyrex|Glacial Lance|p1a: Calyrex|[spread] p1a\n|-activate|p1b: Urshifu|move: Protect\n|-resisted|p1a: Calyrex\n|-damage|p1a: Calyrex|82\/100\n|move|p1a: Calyrex|Glacial Lance|p2a: Calyrex|[spread] p2a,p2b\n|-resisted|p2a: Calyrex\n|-damage|p2a: Calyrex|40\/100\n|-damage|p2b: Electabuzz|43\/100\n|\n|-weather|RainDance|[upkeep]\n|upkeep\n|turn|4\n|\n|t:|1740167299\n|move|p2b: Electabuzz|Follow Me|p2b: Electabuzz\n|-singleturn|p2b: Electabuzz|move: Follow Me\n|move|p1b: Urshifu|Surging Strikes|p2b: Electabuzz\n|-crit|p2b: Electabuzz\n|-damage|p2b: Electabuzz|17\/100\n|-crit|p2b: Electabuzz\n|-damage|p2b: Electabuzz|0 fnt\n|faint|p2b: Electabuzz\n|-hitcount|p2: Electabuzz|2\n|move|p2a: Calyrex|Glacial Lance|p1b: Urshifu|[spread] p1a,p1b\n|-resisted|p1a: Calyrex\n|-crit|p1a: Calyrex\n|-resisted|p1b: Urshifu\n|-damage|p1a: Calyrex|56\/100\n|-damage|p1b: Urshifu|0 fnt\n|faint|p1b: Urshifu\n|-ability|p2a: Calyrex|Chilling Neigh|boost\n|-boost|p2a: Calyrex|atk|1\n|move|p1a: Calyrex|Glacial Lance|p2a: Calyrex\n|-resisted|p2a: Calyrex\n|-damage|p2a: Calyrex|11\/100\n|\n|-weather|RainDance|[upkeep]\n|upkeep\n|\n|t:|1740167310\n|switch|p1b: Amoonguss|Amoonguss, L50, F|100\/100\n|switch|p2b: Smeargle|Smeargle, L50, F|100\/100\n|turn|5\n|\n|t:|1740167320\n|-terastallize|p1b: Amoonguss|Fairy\n|move|p2a: Calyrex|Glacial Lance|p1a: Calyrex|[spread] p1a,p1b\n|-resisted|p1a: Calyrex\n|-damage|p1a: Calyrex|28\/100\n|-damage|p1b: Amoonguss|24\/100\n|move|p1a: Calyrex|Glacial Lance|p2b: Smeargle|[spread] p2a,p2b\n|-resisted|p2a: Calyrex\n|-damage|p2a: Calyrex|0 fnt\n|-enditem|p2b: Smeargle|Focus Sash\n|-damage|p2b: Smeargle|1\/100\n|faint|p2a: Calyrex\n|-ability|p1a: Calyrex|Chilling Neigh|boost\n|-boost|p1a: Calyrex|atk|1\n|move|p2b: Smeargle|Spore|p1a: Calyrex\n|-status|p1a: Calyrex|slp|[from] move: Spore\n|move|p1b: Amoonguss|Pollen Puff|p1a: Calyrex\n|-heal|p1a: Calyrex|77\/100 slp\n|\n|-weather|RainDance|[upkeep]\n|-end|p1a: Calyrex|move: Taunt\n|upkeep\n|turn|6\n|c|\u2606Jesuuuus|gg\n|-message|Jayson_Ubo forfeited.\n|\n|win|Jesuuuus\n|raw|Jesuuuus's rating: 1674 &rarr; <strong>1690<\/strong><br \/>(+16 for winning)\n|raw|Jayson_Ubo's rating: 1599 &rarr; <strong>1583<\/strong><br \/>(-16 for losing)\n|l|\u2606Jayson_Ubo\n|player|p2|\n|l|\u2606Jesuuuus\n|player|p1|\n","uploadtime":1740167543,"views":7,"formatid":"gen9vgc2025regg","rating":1583,"private":0,"password":null}