{"id":"gen9vgc2025regg-2305338063","format":"[Gen 9] VGC 2025 Reg G","players":["Kaicyios","PritzShow"],"log":"|j|\u2606Kaicyios\n|j|\u2606PritzShow\n|t:|1740173950\n|gametype|doubles\n|player|p1|Kaicyios|giovanni|1579\n|player|p2|PritzShow|266|1578\n|teamsize|p1|6\n|teamsize|p2|6\n|gen|9\n|tier|[Gen 9] VGC 2025 Reg G\n|rated|\n|rule|Species Clause: Limit one of each Pok\u00e9mon\n|rule|Item Clause: Limit 1 of each item\n|clearpoke\n|poke|p1|Calyrex-Ice, L50|\n|poke|p1|Urshifu-*, L50, M|\n|poke|p1|Landorus, L50, M|\n|poke|p1|Tornadus, L50, M|\n|poke|p1|Raging Bolt, L50|\n|poke|p1|Chien-Pao, L50|\n|poke|p2|Lugia, L50|\n|poke|p2|Rillaboom, L50, F|\n|poke|p2|Comfey, L50, M|\n|poke|p2|Volcarona, L50, F|\n|poke|p2|Grimmsnarl, L50, M|\n|poke|p2|Ogerpon-Cornerstone, L50, F|\n|teampreview|4\n|inactive|Battle timer is ON: inactive players will automatically lose when time's up. (requested by PritzShow)\n|inactive|Kaicyios has 60 seconds left.\n|inactive|PritzShow has 60 seconds left.\n|\n|t:|1740173989\n|start\n|switch|p1a: Tornadus|Tornadus, L50, M|100\/100\n|switch|p1b: Urshifu|Urshifu-Rapid-Strike, L50, M|100\/100\n|switch|p2a: Ogerpon|Ogerpon-Cornerstone, L50, F|100\/100\n|switch|p2b: Lugia|Lugia, L50|100\/100\n|turn|1\n|inactive|Kaicyios has 30 seconds left.\n|\n|t:|1740174021\n|move|p1a: Tornadus|Rain Dance|p1a: Tornadus\n|-weather|RainDance\n|move|p1b: Urshifu|Surging Strikes|p2a: Ogerpon\n|-crit|p2a: Ogerpon\n|-damage|p2a: Ogerpon|59\/100\n|-crit|p2a: Ogerpon\n|-damage|p2a: Ogerpon|17\/100\n|-crit|p2a: Ogerpon\n|-damage|p2a: Ogerpon|0 fnt\n|faint|p2a: Ogerpon\n|-hitcount|p2: Ogerpon|3\n|move|p2b: Lugia|Aeroblast|p1b: Urshifu\n|-supereffective|p1b: Urshifu\n|-damage|p1b: Urshifu|0 fnt\n|faint|p1b: Urshifu\n|\n|-weather|RainDance|[upkeep]\n|upkeep\n|\n|t:|1740174033\n|switch|p2a: Comfey|Comfey, L50, M|100\/100\n|switch|p1b: Calyrex|Calyrex-Ice, L50|100\/100\n|-ability|p1b: Calyrex|As One\n|-ability|p1b: Calyrex|Unnerve\n|turn|2\n|\n|t:|1740174047\n|-terastallize|p2b: Lugia|Fairy\n|-terastallize|p1b: Calyrex|Ice\n|move|p2a: Comfey|Protect|p2a: Comfey\n|-singleturn|p2a: Comfey|Protect\n|move|p1a: Tornadus|Tailwind|p1a: Tornadus\n|-sidestart|p1: Kaicyios|move: Tailwind\n|move|p1b: Calyrex|Glacial Lance|p2b: Lugia|[spread] p2b\n|-activate|p2a: Comfey|move: Protect\n|-damage|p2b: Lugia|63\/100\n|move|p2b: Lugia|Calm Mind|p2b: Lugia\n|-boost|p2b: Lugia|spa|1\n|-boost|p2b: Lugia|spd|1\n|\n|-weather|RainDance|[upkeep]\n|upkeep\n|turn|3\n|\n|t:|1740174067\n|move|p2a: Comfey|Floral Healing|p2b: Lugia\n|-heal|p2b: Lugia|100\/100\n|move|p1a: Tornadus|Bleakwind Storm|p2b: Lugia|[spread] p2a,p2b\n|-damage|p2a: Comfey|71\/100\n|-damage|p2b: Lugia|95\/100\n|move|p1b: Calyrex|Glacial Lance|p2b: Lugia|[spread] p2a,p2b\n|-crit|p2a: Comfey\n|-damage|p2a: Comfey|0 fnt\n|-damage|p2b: Lugia|24\/100\n|faint|p2a: Comfey\n|-ability|p1b: Calyrex|Chilling Neigh|boost\n|-boost|p1b: Calyrex|atk|1\n|move|p2b: Lugia|Aeroblast|p1a: Tornadus\n|-crit|p1a: Tornadus\n|-damage|p1a: Tornadus|9\/100\n|\n|-weather|RainDance|[upkeep]\n|upkeep\n|\n|t:|1740174069\n|switch|p2a: Volcarona|Volcarona, L50, F|100\/100\n|turn|4\n|\n|t:|1740174081\n|move|p2b: Lugia|Protect|p2b: Lugia\n|-singleturn|p2b: Lugia|Protect\n|move|p1a: Tornadus|Bleakwind Storm|p2a: Volcarona|[spread] p2a\n|-activate|p2b: Lugia|move: Protect\n|-supereffective|p2a: Volcarona\n|-damage|p2a: Volcarona|46\/100\n|move|p1b: Calyrex|Glacial Lance|p2a: Volcarona|[spread] p2a\n|-activate|p2b: Lugia|move: Protect\n|-resisted|p2a: Volcarona\n|-damage|p2a: Volcarona|0 fnt\n|faint|p2a: Volcarona\n|-ability|p1b: Calyrex|Chilling Neigh|boost\n|-boost|p1b: Calyrex|atk|1\n|\n|-weather|RainDance|[upkeep]\n|upkeep\n|turn|5\n|-message|PritzShow forfeited.\n|\n|win|Kaicyios\n|raw|Kaicyios's rating: 1579 &rarr; <strong>1599<\/strong><br \/>(+20 for winning)\n|raw|PritzShow's rating: 1578 &rarr; <strong>1558<\/strong><br \/>(-20 for losing)\n|l|\u2606PritzShow\n|player|p2|\n|l|\u2606Kaicyios\n|player|p1|\n","uploadtime":1740174090,"views":5,"formatid":"gen9vgc2025regg","rating":1558,"private":0,"password":null}