{"id":"gen9vgc2025regg-2305514110","format":"[Gen 9] VGC 2025 Reg G","players":["WHOTFISRYANPOWNEY","my pony my horse"],"log":"|j|\u2606WHOTFISRYANPOWNEY\n|j|\u2606my pony my horse\n|t:|1740197537\n|gametype|doubles\n|player|p1|WHOTFISRYANPOWNEY|pokemonranger-gen4|1690\n|player|p2|my pony my horse|1|1654\n|teamsize|p1|6\n|teamsize|p2|6\n|gen|9\n|tier|[Gen 9] VGC 2025 Reg G\n|rated|\n|rule|Species Clause: Limit one of each Pok\u00e9mon\n|rule|Item Clause: Limit 1 of each item\n|clearpoke\n|poke|p1|Urshifu-*, L50, M|\n|poke|p1|Calyrex-Ice, L50|\n|poke|p1|Smeargle, L50, F|\n|poke|p1|Ogerpon-Hearthflame, L50, F|\n|poke|p1|Indeedee-F, L50, F|\n|poke|p1|Ursaluna-Bloodmoon, L50, M|\n|poke|p2|Ting-Lu, L50|\n|poke|p2|Dondozo, L50, F|\n|poke|p2|Zamazenta-*, L50|\n|poke|p2|Chien-Pao, L50|\n|poke|p2|Raging Bolt, L50|\n|poke|p2|Ogerpon-Hearthflame, L50, F|\n|teampreview|4\n|inactive|Battle timer is ON: inactive players will automatically lose when time's up. (requested by my pony my horse)\n|inactive|WHOTFISRYANPOWNEY has 60 seconds left.\n|inactive|my pony my horse has 60 seconds left.\n|\n|t:|1740197589\n|start\n|switch|p1a: Smeargle|Smeargle, L50, F|100\/100\n|switch|p1b: Calyrex|Calyrex-Ice, L50|100\/100\n|switch|p2a: Ogerpon|Ogerpon-Hearthflame, L50, F|100\/100\n|switch|p2b: Zamazenta|Zamazenta-Crowned, L50|100\/100\n|-ability|p1b: Calyrex|As One\n|-ability|p1b: Calyrex|Unnerve\n|-ability|p2b: Zamazenta|Dauntless Shield|boost\n|-boost|p2b: Zamazenta|def|1\n|-ability|p2a: Ogerpon|Mold Breaker\n|turn|1\n|inactive|WHOTFISRYANPOWNEY has 30 seconds left.\n|\n|t:|1740197623\n|move|p1a: Smeargle|Fake Out|p2a: Ogerpon\n|-damage|p2a: Ogerpon|95\/100\n|move|p2b: Zamazenta|Body Press|p1b: Calyrex\n|-damage|p1b: Calyrex|54\/100\n|cant|p2a: Ogerpon|flinch\n|move|p1b: Calyrex|Trick Room|p1b: Calyrex\n|-fieldstart|move: Trick Room|[of] p1b: Calyrex\n|\n|upkeep\n|turn|2\n|\n|t:|1740197643\n|move|p2a: Ogerpon|Follow Me|p2a: Ogerpon\n|-singleturn|p2a: Ogerpon|move: Follow Me\n|move|p1a: Smeargle|Spore|p2a: Ogerpon\n|-immune|p2a: Ogerpon\n|move|p1b: Calyrex|Glacial Lance|p2b: Zamazenta|[spread] p2a,p2b\n|-resisted|p2b: Zamazenta\n|-damage|p2a: Ogerpon|31\/100\n|-damage|p2b: Zamazenta|89\/100\n|move|p2b: Zamazenta|Behemoth Bash|p1b: Calyrex\n|-supereffective|p1b: Calyrex\n|-damage|p1b: Calyrex|1\/100\n|\n|upkeep\n|turn|3\n|inactive|my pony my horse has 30 seconds left.\n|\n|t:|1740197669\n|move|p2a: Ogerpon|Spiky Shield|p2a: Ogerpon\n|-singleturn|p2a: Ogerpon|move: Protect\n|move|p1a: Smeargle|Follow Me|p1a: Smeargle\n|-singleturn|p1a: Smeargle|move: Follow Me\n|move|p1b: Calyrex|Glacial Lance|p2b: Zamazenta|[spread] p2b\n|-activate|p2a: Ogerpon|move: Protect\n|-resisted|p2b: Zamazenta\n|-damage|p2b: Zamazenta|76\/100\n|move|p2b: Zamazenta|Body Press|p1a: Smeargle\n|-supereffective|p1a: Smeargle\n|-enditem|p1a: Smeargle|Focus Sash\n|-damage|p1a: Smeargle|1\/100\n|\n|upkeep\n|turn|4\n|\n|t:|1740197691\n|move|p2a: Ogerpon|Follow Me|p2a: Ogerpon\n|-singleturn|p2a: Ogerpon|move: Follow Me\n|move|p1a: Smeargle|Spore|p2a: Ogerpon\n|-immune|p2a: Ogerpon\n|move|p1b: Calyrex|Glacial Lance|p2a: Ogerpon|[spread] p2a,p2b\n|-resisted|p2b: Zamazenta\n|-damage|p2a: Ogerpon|0 fnt\n|-damage|p2b: Zamazenta|64\/100\n|faint|p2a: Ogerpon\n|-ability|p1b: Calyrex|Chilling Neigh|boost\n|-boost|p1b: Calyrex|atk|1\n|move|p2b: Zamazenta|Body Press|p1b: Calyrex\n|-damage|p1b: Calyrex|0 fnt\n|faint|p1b: Calyrex\n|\n|upkeep\n|\n|t:|1740197704\n|switch|p1b: Ursaluna|Ursaluna-Bloodmoon, L50, M|100\/100\n|switch|p2a: Dondozo|Dondozo, L50, F|100\/100\n|turn|5\n|\n|t:|1740197729\n|switch|p1a: Urshifu|Urshifu, L50, M|100\/100\n|move|p2b: Zamazenta|Protect|p2b: Zamazenta\n|-singleturn|p2b: Zamazenta|Protect\n|move|p2a: Dondozo|Wave Crash|p1a: Urshifu\n|-damage|p1a: Urshifu|62\/100\n|-damage|p2a: Dondozo|91\/100|[from] Recoil\n|move|p1b: Ursaluna|Earth Power|p2b: Zamazenta\n|-activate|p2b: Zamazenta|move: Protect\n|\n|-heal|p2a: Dondozo|97\/100|[from] item: Leftovers\n|-fieldend|move: Trick Room\n|upkeep\n|turn|6\n|inactive|WHOTFISRYANPOWNEY has 30 seconds left.\n|inactive|my pony my horse has 30 seconds left.\n|inactive|WHOTFISRYANPOWNEY has 20 seconds left.\n|inactive|WHOTFISRYANPOWNEY has 15 seconds left.\n|\n|t:|1740197773\n|switch|p1a: Smeargle|Smeargle, L50, F|1\/100\n|-terastallize|p2b: Zamazenta|Dragon\n|-terastallize|p1b: Ursaluna|Poison\n|move|p2b: Zamazenta|Body Press|p1a: Smeargle\n|-supereffective|p1a: Smeargle\n|-damage|p1a: Smeargle|0 fnt\n|faint|p1a: Smeargle\n|move|p1b: Ursaluna|Blood Moon|p2b: Zamazenta\n|-damage|p2b: Zamazenta|0 fnt\n|faint|p2b: Zamazenta\n|-damage|p1b: Ursaluna|90\/100|[from] item: Life Orb\n|move|p2a: Dondozo|Wave Crash|p1b: Ursaluna\n|-damage|p1b: Ursaluna|59\/100\n|-damage|p2a: Dondozo|88\/100|[from] Recoil\n|\n|-heal|p2a: Dondozo|95\/100|[from] item: Leftovers\n|upkeep\n|\n|t:|1740197790\n|switch|p2b: Ting-Lu|Ting-Lu, L50|100\/100\n|switch|p1a: Urshifu|Urshifu, L50, M|62\/100\n|-ability|p2b: Ting-Lu|Vessel of Ruin\n|turn|7\n|inactive|WHOTFISRYANPOWNEY has 30 seconds left.\n|\n|t:|1740197816\n|move|p1a: Urshifu|Close Combat|p2b: Ting-Lu\n|-supereffective|p2b: Ting-Lu\n|-damage|p2b: Ting-Lu|0 fnt\n|-unboost|p1a: Urshifu|def|1\n|-unboost|p1a: Urshifu|spd|1\n|-damage|p1a: Urshifu|46\/100|[from] item: Rocky Helmet|[of] p2b: Ting-Lu\n|faint|p2b: Ting-Lu\n|move|p1b: Ursaluna|Hyper Voice|p2a: Dondozo\n|-damage|p2a: Dondozo|47\/100\n|-damage|p1b: Ursaluna|49\/100|[from] item: Life Orb\n|move|p2a: Dondozo|Yawn|p1a: Urshifu\n|-start|p1a: Urshifu|move: Yawn|[of] p2a: Dondozo\n|\n|-heal|p2a: Dondozo|53\/100|[from] item: Leftovers\n|upkeep\n|turn|8\n|c|\u2606my pony my horse|ahhh wp\n|inactive|my pony my horse has 30 seconds left.\n|\n|t:|1740197843\n|move|p2a: Dondozo|Protect|p2a: Dondozo\n|-singleturn|p2a: Dondozo|Protect\n|move|p1a: Urshifu|Close Combat|p2a: Dondozo\n|-damage|p2a: Dondozo|0 fnt\n|-unboost|p1a: Urshifu|def|1\n|-unboost|p1a: Urshifu|spd|1\n|faint|p2a: Dondozo\n|\n|win|WHOTFISRYANPOWNEY\n|raw|WHOTFISRYANPOWNEY's rating: 1690 &rarr; <strong>1708<\/strong><br \/>(+18 for winning)\n|raw|my pony my horse's rating: 1654 &rarr; <strong>1636<\/strong><br \/>(-18 for losing)\n|j| Eggy068\n|l|\u2606my pony my horse\n|player|p2|\n|c|\u2606WHOTFISRYANPOWNEY|ggs\n|l|\u2606WHOTFISRYANPOWNEY\n|player|p1|\n|l| Eggy068\n","uploadtime":1740197853,"views":5,"formatid":"gen9vgc2025regg","rating":1636,"private":0,"password":null}