{"id":"gen9vgc2025regg-2305845708","format":"[Gen 9] VGC 2025 Reg G","players":["actuary97","Yeahsonmoney"],"log":"|j|\u2606actuary97\n|j|\u2606Yeahsonmoney\n|t:|1740252886\n|gametype|doubles\n|player|p1|actuary97|sabrina-frlg|1648\n|player|p2|Yeahsonmoney|linebacker|1614\n|teamsize|p1|6\n|teamsize|p2|6\n|gen|9\n|tier|[Gen 9] VGC 2025 Reg G\n|rated|\n|rule|Species Clause: Limit one of each Pok\u00e9mon\n|rule|Item Clause: Limit 1 of each item\n|clearpoke\n|poke|p1|Amoonguss, L50, M|\n|poke|p1|Comfey, L50, M|\n|poke|p1|Whimsicott, L50, M|\n|poke|p1|Kyogre, L50|\n|poke|p1|Archaludon, L50, M|\n|poke|p1|Qwilfish-Hisui, L50, M|\n|poke|p2|Groudon, L50|\n|poke|p2|Flutter Mane, L50|\n|poke|p2|Chi-Yu, L50|\n|poke|p2|Raging Bolt, L50|\n|poke|p2|Roaring Moon, L50|\n|poke|p2|Scream Tail, L50|\n|teampreview|4\nactuary97 has agreed to open team sheets.\n|inactive|Battle timer is ON: inactive players will automatically lose when time's up. (requested by Yeahsonmoney)\n|inactive|actuary97 has 60 seconds left.\n|\n|t:|1740252951\n|start\n|switch|p1a: Kyogre|Kyogre, L50, shiny|100\/100\n|switch|p1b: Qwilfish|Qwilfish-Hisui, L50, M, shiny|100\/100\n|switch|p2a: Roaring Moon|Roaring Moon, L50, shiny|100\/100\n|switch|p2b: Flutter Mane|Flutter Mane, L50, shiny|100\/100\n|-weather|RainDance|[from] ability: Drizzle|[of] p1a: Kyogre\n|turn|1\n|inactive|actuary97 has 30 seconds left.\n|inactive|Yeahsonmoney has 30 seconds left.\n|inactive|Yeahsonmoney has 20 seconds left.\n|inactive|Yeahsonmoney has 15 seconds left.\n|\n|t:|1740252995\n|-end|p2b: Flutter Mane|Protosynthesis|[silent]\n|switch|p2b: Groudon|Groudon, L50|100\/100\n|-weather|SunnyDay|[from] ability: Drought|[of] p2b: Groudon\n|-activate|p2a: Roaring Moon|ability: Protosynthesis\n|-start|p2a: Roaring Moon|protosynthesisspe\n|switch|p1a: Archaludon|Archaludon, L50, M, shiny|100\/100\n|move|p2a: Roaring Moon|Knock Off|p1a: Archaludon\n|-damage|p1a: Archaludon|68\/100\n|-ability|p1a: Archaludon|Stamina|boost\n|-boost|p1a: Archaludon|def|1\n|-enditem|p1a: Archaludon|Assault Vest|[from] move: Knock Off|[of] p2a: Roaring Moon\n|move|p1b: Qwilfish|Acupressure|p1a: Archaludon\n|-boost|p1a: Archaludon|atk|2\n|\n|-weather|SunnyDay|[upkeep]\n|upkeep\n|turn|2\n|inactive|actuary97 has 30 seconds left.\n|inactive|Yeahsonmoney has 30 seconds left.\n|\n|t:|1740253027\n|-terastallize|p1a: Archaludon|Flying\n|move|p2a: Roaring Moon|Tailwind|p2a: Roaring Moon\n|-sidestart|p2: Yeahsonmoney|move: Tailwind\n|move|p2b: Groudon|Precipice Blades|p1a: Archaludon|[spread] p1b\n|-immune|p1a: Archaludon\n|-supereffective|p1b: Qwilfish\n|-damage|p1b: Qwilfish|15\/100\n|move|p1b: Qwilfish|Acupressure|p1a: Archaludon\n|-boost|p1a: Archaludon|evasion|2\n|move|p1a: Archaludon|Body Press|p2a: Roaring Moon\n|-supereffective|p2a: Roaring Moon\n|-damage|p2a: Roaring Moon|40\/100\n|\n|-weather|SunnyDay|[upkeep]\n|upkeep\n|turn|3\n|inactive|actuary97 has 30 seconds left.\n|inactive|Yeahsonmoney has 30 seconds left.\n|inactive|actuary97 has 20 seconds left.\n|inactive|Yeahsonmoney has 20 seconds left.\n|\n|t:|1740253070\n|switch|p1b: Kyogre|Kyogre, L50, shiny|100\/100\n|-weather|RainDance|[from] ability: Drizzle|[of] p1b: Kyogre\n|-end|p2a: Roaring Moon|Protosynthesis\n|move|p2a: Roaring Moon|Knock Off|p1a: Archaludon|[miss]\n|-miss|p2a: Roaring Moon|p1a: Archaludon\n|move|p2b: Groudon|Thunder Punch|p1a: Archaludon|[miss]\n|-miss|p2b: Groudon|p1a: Archaludon\n|move|p1a: Archaludon|Flash Cannon|p2b: Groudon\n|-damage|p2b: Groudon|78\/100\n|\n|-weather|RainDance|[upkeep]\n|upkeep\n|turn|4\n|inactive|Yeahsonmoney has 30 seconds left.\n|inactive|Yeahsonmoney has 20 seconds left.\n|\n|t:|1740253108\n|move|p2a: Roaring Moon|Sunny Day|p2a: Roaring Moon\n|-weather|SunnyDay\n|-activate|p2a: Roaring Moon|ability: Protosynthesis\n|-start|p2a: Roaring Moon|protosynthesisspe\n|move|p2b: Groudon|High Horsepower|p1b: Kyogre\n|-damage|p1b: Kyogre|52\/100\n|move|p1b: Kyogre|Origin Pulse|p2b: Groudon|[spread] p2a,p2b\n|-resisted|p2a: Roaring Moon\n|-supereffective|p2b: Groudon\n|-damage|p2a: Roaring Moon|31\/100\n|-damage|p2b: Groudon|50\/100\n|move|p1a: Archaludon|Electro Shot||[still]\n|-prepare|p1a: Archaludon|Electro Shot\n|-boost|p1a: Archaludon|spa|1\n|\n|-weather|SunnyDay|[upkeep]\n|upkeep\n|turn|5\n|\n|t:|1740253132\n|switch|p1b: Comfey|Comfey, L50, M, shiny|100\/100\n|move|p2a: Roaring Moon|Knock Off|p1b: Comfey\n|-resisted|p1b: Comfey\n|-damage|p1b: Comfey|77\/100\n|-enditem|p1b: Comfey|Mental Herb|[from] move: Knock Off|[of] p2a: Roaring Moon\n|move|p2b: Groudon|High Horsepower|p1b: Comfey\n|-damage|p1b: Comfey|14\/100\n|move|p1a: Archaludon|Electro Shot|p2a: Roaring Moon|[from] lockedmove\n|-resisted|p2a: Roaring Moon\n|-damage|p2a: Roaring Moon|7\/100\n|\n|-weather|SunnyDay|[upkeep]\n|-sideend|p2: Yeahsonmoney|move: Tailwind\n|upkeep\n|turn|6\n|inactive|Yeahsonmoney has 30 seconds left.\n|\n|t:|1740253159\n|move|p1b: Comfey|Draining Kiss|p2a: Roaring Moon\n|-supereffective|p2a: Roaring Moon\n|-damage|p2a: Roaring Moon|0 fnt\n|-heal|p1b: Comfey|21\/100|[from] drain|[of] p2a: Roaring Moon\n|faint|p2a: Roaring Moon\n|-end|p2a: Roaring Moon|Protosynthesis|[silent]\n|move|p2b: Groudon|Thunder Punch|p1a: Archaludon\n|-supereffective|p1a: Archaludon\n|-damage|p1a: Archaludon|37\/100\n|-ability|p1a: Archaludon|Stamina|boost\n|-boost|p1a: Archaludon|def|1\n|move|p1a: Archaludon|Flash Cannon|p2b: Groudon\n|-damage|p2b: Groudon|15\/100\n|\n|-weather|SunnyDay|[upkeep]\n|upkeep\n|\n|t:|1740253177\n|switch|p2a: Raging Bolt|Raging Bolt, L50|100\/100\n|-activate|p2a: Raging Bolt|ability: Protosynthesis\n|-start|p2a: Raging Bolt|protosynthesisspa\n|turn|7\n|inactive|actuary97 has 30 seconds left.\n|inactive|actuary97 has 20 seconds left.\n|inactive|Yeahsonmoney has 30 seconds left.\n|j| shengning3\n|inactive|actuary97 has 15 seconds left.\n|\n|t:|1740253221\n|switch|p2b: Flutter Mane|Flutter Mane, L50, shiny|100\/100\n|-activate|p2b: Flutter Mane|ability: Protosynthesis\n|-start|p2b: Flutter Mane|protosynthesisspa\n|-terastallize|p2a: Raging Bolt|Water\n|move|p1b: Comfey|Floral Healing|p1a: Archaludon\n|-heal|p1a: Archaludon|87\/100\n|move|p2a: Raging Bolt|Thunderclap|p1a: Archaludon\n|-supereffective|p1a: Archaludon\n|-damage|p1a: Archaludon|0 fnt\n|faint|p1a: Archaludon\n|\n|-weather|SunnyDay|[upkeep]\n|upkeep\n|\n|t:|1740253236\n|switch|p1a: Kyogre|Kyogre, L50, shiny|52\/100\n|-weather|RainDance|[from] ability: Drizzle|[of] p1a: Kyogre\n|-end|p2b: Flutter Mane|Protosynthesis\n|-end|p2a: Raging Bolt|Protosynthesis\n|turn|8\n|\n|t:|1740253245\n|-end|p2b: Flutter Mane|Protosynthesis|[silent]\n|switch|p2b: Groudon|Groudon, L50|15\/100\n|-weather|SunnyDay|[from] ability: Drought|[of] p2b: Groudon\n|-activate|p2a: Raging Bolt|ability: Protosynthesis\n|-start|p2a: Raging Bolt|protosynthesisspa\n|move|p1b: Comfey|Floral Healing|p1a: Kyogre\n|-heal|p1a: Kyogre|100\/100\n|move|p2a: Raging Bolt|Thunderclap||[still]\n|-fail|p2a: Raging Bolt\n|move|p1a: Kyogre|Calm Mind|p1a: Kyogre\n|-boost|p1a: Kyogre|spa|1\n|-boost|p1a: Kyogre|spd|1\n|\n|-weather|SunnyDay|[upkeep]\n|upkeep\n|turn|9\n|\n|t:|1740253264\n|switch|p2b: Flutter Mane|Flutter Mane, L50, shiny|100\/100\n|-activate|p2b: Flutter Mane|ability: Protosynthesis\n|-start|p2b: Flutter Mane|protosynthesisspa\n|move|p1b: Comfey|Draining Kiss|p2b: Flutter Mane\n|-damage|p2b: Flutter Mane|84\/100\n|-heal|p1b: Comfey|33\/100|[from] drain|[of] p2b: Flutter Mane\n|move|p1a: Kyogre|Calm Mind|p1a: Kyogre\n|-boost|p1a: Kyogre|spa|1\n|-boost|p1a: Kyogre|spd|1\n|move|p2a: Raging Bolt|Thunderbolt|p1a: Kyogre\n|-supereffective|p1a: Kyogre\n|-damage|p1a: Kyogre|48\/100\n|\n|-weather|SunnyDay|[upkeep]\n|upkeep\n|turn|10\n|inactive|Yeahsonmoney has 30 seconds left.\n|\n|t:|1740253292\n|move|p1b: Comfey|Floral Healing|p1a: Kyogre\n|-heal|p1a: Kyogre|98\/100\n|move|p2b: Flutter Mane|Dazzling Gleam|p1b: Comfey|[spread] p1a,p1b\n|-damage|p1a: Kyogre|77\/100\n|-damage|p1b: Comfey|0 fnt\n|faint|p1b: Comfey\n|-damage|p2b: Flutter Mane|74\/100|[from] item: Life Orb\n|move|p1a: Kyogre|Ice Beam|p2b: Flutter Mane\n|-damage|p2b: Flutter Mane|18\/100\n|move|p2a: Raging Bolt|Thunderbolt|p1a: Kyogre\n|-supereffective|p1a: Kyogre\n|-damage|p1a: Kyogre|25\/100\n|\n|-weather|SunnyDay|[upkeep]\n|upkeep\n|\n|t:|1740253298\n|switch|p1b: Qwilfish|Qwilfish-Hisui, L50, M, shiny|15\/100\n|turn|11\n|\n|t:|1740253315\n|move|p1a: Kyogre|Protect|p1a: Kyogre\n|-singleturn|p1a: Kyogre|Protect\n|move|p2a: Raging Bolt|Thunderclap||[still]\n|-fail|p2a: Raging Bolt\n|move|p2b: Flutter Mane|Dazzling Gleam|p1b: Qwilfish|[spread] p1b\n|-activate|p1a: Kyogre|move: Protect\n|-damage|p1b: Qwilfish|0 fnt\n|faint|p1b: Qwilfish\n|-damage|p2b: Flutter Mane|8\/100|[from] item: Life Orb\n|\n|-weather|SunnyDay|[upkeep]\n|upkeep\n|turn|12\n|\n|t:|1740253324\n|move|p2a: Raging Bolt|Thunderclap|p1a: Kyogre\n|-supereffective|p1a: Kyogre\n|-damage|p1a: Kyogre|0 fnt\n|faint|p1a: Kyogre\n|\n|win|Yeahsonmoney\n|raw|actuary97's rating: 1648 &rarr; <strong>1626<\/strong><br \/>(-22 for losing)\n|raw|Yeahsonmoney's rating: 1614 &rarr; <strong>1636<\/strong><br \/>(+22 for winning)\n|c|\u2606actuary97|gg\n|l|\u2606actuary97\n|player|p1|\n|l|\u2606Yeahsonmoney\n|player|p2|\n|l| shengning3\n","uploadtime":1740253332,"views":2,"formatid":"gen9vgc2025regg","rating":1626,"private":0,"password":null}