{"id":"gen9vgc2025regg-2305516034","format":"[Gen 9] VGC 2025 Reg G","players":["Miraidon and Pals","Ducktile"],"log":"|j|\u2606Miraidon and Pals\n|j|\u2606Ducktile\n|t:|1740197845\n|gametype|doubles\n|player|p1|Miraidon and Pals|hilbert-wonderlauncher|1527\n|player|p2|Ducktile|grimsley|1550\n|teamsize|p1|6\n|teamsize|p2|6\n|gen|9\n|tier|[Gen 9] VGC 2025 Reg G\n|rated|\n|rule|Species Clause: Limit one of each Pok\u00e9mon\n|rule|Item Clause: Limit 1 of each item\n|clearpoke\n|poke|p1|Iron Bundle, L50|\n|poke|p1|Miraidon, L50|\n|poke|p1|Iron Hands, L50|\n|poke|p1|Ursaluna, L50, M|\n|poke|p1|Ogerpon-Hearthflame, L50, F|\n|poke|p1|Dragonite, L50, F|\n|poke|p2|Amoonguss, L50, M|\n|poke|p2|Urshifu-*, L50, F|\n|poke|p2|Incineroar, L50, F|\n|poke|p2|Calyrex-Ice, L50|\n|poke|p2|Raging Bolt, L50|\n|poke|p2|Landorus, L50, M|\n|teampreview|4\nMiraidon and Pals rejected open team sheets.\n|\n|t:|1740197877\n|start\n|switch|p1a: Miraidon|Miraidon, L50|100\/100\n|switch|p1b: Iron Hands|Iron Hands, L50|100\/100\n|switch|p2a: Incineroar|Incineroar, L50, F|100\/100\n|switch|p2b: Raging Bolt|Raging Bolt, L50|100\/100\n|-fieldstart|move: Electric Terrain|[from] ability: Hadron Engine|[of] p1a: Miraidon\n|-activate|p1b: Iron Hands|ability: Quark Drive\n|-start|p1b: Iron Hands|quarkdriveatk\n|-enditem|p1b: Iron Hands|Electric Seed\n|-boost|p1b: Iron Hands|def|1|[from] item: Electric Seed\n|-ability|p2a: Incineroar|Intimidate|boost\n|-unboost|p1a: Miraidon|atk|1\n|-unboost|p1b: Iron Hands|atk|1\n|turn|1\n|\n|t:|1740197892\n|-terastallize|p1a: Miraidon|Ghost\n|move|p2a: Incineroar|Fake Out|p1a: Miraidon\n|-immune|p1a: Miraidon\n|move|p1a: Miraidon|Draco Meteor|p2b: Raging Bolt\n|-supereffective|p2b: Raging Bolt\n|-damage|p2b: Raging Bolt|0 fnt\n|-unboost|p1a: Miraidon|spa|2\n|faint|p2b: Raging Bolt\n|-end|p2b: Raging Bolt|Protosynthesis|[silent]\n|-damage|p1a: Miraidon|91\/100|[from] item: Life Orb\n|move|p1b: Iron Hands|Swords Dance|p1b: Iron Hands\n|-boost|p1b: Iron Hands|atk|2\n|\n|upkeep\n|\n|t:|1740197901\n|switch|p2b: Landorus|Landorus, L50, M|100\/100\n|turn|2\n|\n|t:|1740197916\n|move|p1b: Iron Hands|Detect|p1b: Iron Hands\n|-singleturn|p1b: Iron Hands|Protect\n|move|p2b: Landorus|Sandsear Storm|p1a: Miraidon|[spread] p1a\n|-activate|p1b: Iron Hands|move: Protect\n|-damage|p1a: Miraidon|49\/100\n|move|p1a: Miraidon|Electro Drift|p2a: Incineroar\n|-damage|p2a: Incineroar|48\/100\n|-damage|p1a: Miraidon|40\/100|[from] item: Life Orb\n|move|p2a: Incineroar|Will-O-Wisp|p1b: Iron Hands\n|-activate|p1b: Iron Hands|move: Protect\n|\n|upkeep\n|turn|3\n|\n|t:|1740197945\n|switch|p1a: Ogerpon|Ogerpon-Hearthflame, L50, F|100\/100\n|-ability|p1a: Ogerpon|Mold Breaker\n|move|p2b: Landorus|Sandsear Storm|p1a: Ogerpon|[spread] p1a,p1b\n|-supereffective|p1b: Iron Hands\n|-crit|p1b: Iron Hands\n|-damage|p1a: Ogerpon|46\/100\n|-damage|p1b: Iron Hands|0 fnt\n|faint|p1b: Iron Hands\n|-end|p1b: Iron Hands|Quark Drive|[silent]\n|move|p2a: Incineroar|Will-O-Wisp|p1a: Ogerpon\n|-immune|p1a: Ogerpon\n|\n|upkeep\n|\n|t:|1740197955\n|switch|p1b: Iron Bundle|Iron Bundle, L50|100\/100\n|-activate|p1b: Iron Bundle|ability: Quark Drive\n|-start|p1b: Iron Bundle|quarkdrivespe\n|turn|4\n|\n|t:|1740197969\n|switch|p2b: Calyrex|Calyrex-Ice, L50|100\/100\n|-ability|p2b: Calyrex|As One\n|-ability|p2b: Calyrex|Unnerve\n|move|p1b: Iron Bundle|Icy Wind|p2a: Incineroar|[spread] p2a,p2b\n|-resisted|p2a: Incineroar\n|-resisted|p2b: Calyrex\n|-damage|p2a: Incineroar|38\/100\n|-damage|p2b: Calyrex|93\/100\n|-unboost|p2a: Incineroar|spe|1\n|move|p1a: Ogerpon|Wood Hammer|p2b: Calyrex\n|-damage|p2b: Calyrex|47\/100\n|-damage|p1a: Ogerpon|28\/100|[from] Recoil\n|move|p2a: Incineroar|Parting Shot|p1b: Iron Bundle\n|-unboost|p1b: Iron Bundle|atk|1\n|-unboost|p1b: Iron Bundle|spa|1\n|\n|t:|1740197973\n|switch|p2a: Landorus|Landorus, L50, M|100\/100|[from] Parting Shot\n|\n|upkeep\n|turn|5\n|\n|t:|1740198000\n|move|p1b: Iron Bundle|Protect|p1b: Iron Bundle\n|-singleturn|p1b: Iron Bundle|Protect\n|move|p2b: Calyrex|Protect|p2b: Calyrex\n|-singleturn|p2b: Calyrex|Protect\n|move|p2a: Landorus|Sludge Bomb|p1a: Ogerpon\n|-supereffective|p1a: Ogerpon\n|-damage|p1a: Ogerpon|0 fnt\n|faint|p1a: Ogerpon\n|\n|-fieldend|move: Electric Terrain\n|-end|p1b: Iron Bundle|Quark Drive\n|upkeep\n|\n|t:|1740198005\n|switch|p1a: Miraidon|Miraidon, L50, tera:Ghost|40\/100\n|-fieldstart|move: Electric Terrain|[from] ability: Hadron Engine|[of] p1a: Miraidon\n|-activate|p1b: Iron Bundle|ability: Quark Drive\n|-start|p1b: Iron Bundle|quarkdrivespe\n|turn|6\n|\n|t:|1740198023\n|switch|p2a: Incineroar|Incineroar, L50, F|38\/100\n|-ability|p2a: Incineroar|Intimidate|boost\n|-unboost|p1a: Miraidon|atk|1\n|-unboost|p1b: Iron Bundle|atk|1\n|move|p1b: Iron Bundle|Icy Wind|p2a: Incineroar|[spread] p2a,p2b\n|-resisted|p2a: Incineroar\n|-resisted|p2b: Calyrex\n|-damage|p2a: Incineroar|32\/100\n|-damage|p2b: Calyrex|42\/100\n|-unboost|p2a: Incineroar|spe|1\n|move|p1a: Miraidon|Electro Drift|p2b: Calyrex\n|-damage|p2b: Calyrex|0 fnt\n|faint|p2b: Calyrex\n|-damage|p1a: Miraidon|30\/100|[from] item: Life Orb\n|\n|upkeep\n|\n|t:|1740198026\n|switch|p2b: Landorus|Landorus, L50, M|100\/100\n|turn|7\n|\n|t:|1740198046\n|move|p1b: Iron Bundle|Protect|p1b: Iron Bundle\n|-singleturn|p1b: Iron Bundle|Protect\n|move|p1a: Miraidon|Protect|p1a: Miraidon\n|-singleturn|p1a: Miraidon|Protect\n|move|p2a: Incineroar|Fake Out|p1b: Iron Bundle\n|-activate|p1b: Iron Bundle|move: Protect\n|move|p2b: Landorus|Sandsear Storm|p1a: Miraidon|[spread] \n|-activate|p1a: Miraidon|move: Protect\n|-activate|p1b: Iron Bundle|move: Protect\n|\n|upkeep\n|turn|8\n|\n|t:|1740198063\n|-terastallize|p2b: Landorus|Grass\n|move|p1b: Iron Bundle|Icy Wind|p2a: Incineroar|[spread] p2b\n|-miss|p1b: Iron Bundle|p2a: Incineroar\n|-supereffective|p2b: Landorus\n|-damage|p2b: Landorus|66\/100\n|-unboost|p2b: Landorus|spe|1\n|move|p1a: Miraidon|Draco Meteor|p2b: Landorus\n|-damage|p2b: Landorus|0 fnt\n|-unboost|p1a: Miraidon|spa|2\n|faint|p2b: Landorus\n|-damage|p1a: Miraidon|21\/100|[from] item: Life Orb\n|move|p2a: Incineroar|Knock Off|p1b: Iron Bundle\n|-damage|p1b: Iron Bundle|49\/100\n|-enditem|p1b: Iron Bundle|Focus Sash|[from] move: Knock Off|[of] p2a: Incineroar\n|\n|upkeep\n|turn|9\n|-message|Ducktile forfeited.\n|\n|win|Miraidon and Pals\n|raw|Miraidon and Pals's rating: 1527 &rarr; <strong>1548<\/strong><br \/>(+21 for winning)\n|raw|Ducktile's rating: 1550 &rarr; <strong>1529<\/strong><br \/>(-21 for losing)\n|l|\u2606Ducktile\n|player|p2|\n","uploadtime":1740198223,"views":3,"formatid":"gen9vgc2025regg","rating":1529,"private":0,"password":null}