{"id":"gen9vgc2025regg-2305683154","format":"[Gen 9] VGC 2025 Reg G","players":["Ayae.Hakamada","The Lesko"],"log":"|j|\u2606Ayae.Hakamada\n|j|\u2606The Lesko\n|t:|1740231117\n|gametype|doubles\n|player|p1|Ayae.Hakamada|skyla|1584\n|player|p2|The Lesko|acetrainer-gen4dp|1632\n|teamsize|p1|6\n|teamsize|p2|6\n|gen|9\n|tier|[Gen 9] VGC 2025 Reg G\n|rated|\n|rule|Species Clause: Limit one of each Pok\u00e9mon\n|rule|Item Clause: Limit 1 of each item\n|clearpoke\n|poke|p1|Miraidon, L50|\n|poke|p1|Chien-Pao, L50|\n|poke|p1|Whimsicott, L50, M|\n|poke|p1|Iron Hands, L50|\n|poke|p1|Urshifu-*, L50, F|\n|poke|p1|Farigiraf, L50, M|\n|poke|p2|Iron Crown, L50|\n|poke|p2|Calyrex-Shadow, L50|\n|poke|p2|Urshifu-*, L50, F|\n|poke|p2|Torkoal, L50, M|\n|poke|p2|Indeedee-F, L50, F|\n|poke|p2|Tornadus, L50, M|\n|teampreview|4\n|inactive|Battle timer is ON: inactive players will automatically lose when time's up. (requested by Ayae.Hakamada)\n|inactive|Ayae.Hakamada has 60 seconds left.\n|inactive|Ayae.Hakamada has 30 seconds left.\n|inactive|Ayae.Hakamada has 20 seconds left.\n|inactive|Ayae.Hakamada has 15 seconds left.\n|inactive|Ayae.Hakamada has 10 seconds left.\n|inactive|Ayae.Hakamada has 5 seconds left.\n|\n|t:|1740231207\n|start\n|switch|p1a: Miraidon|Miraidon, L50|100\/100\n|switch|p1b: Whimsicott|Whimsicott, L50, M|100\/100\n|switch|p2a: Tornadus|Tornadus, L50, M|100\/100\n|switch|p2b: Calyrex|Calyrex-Shadow, L50|100\/100\n|-ability|p2b: Calyrex|As One\n|-ability|p2b: Calyrex|Unnerve\n|-fieldstart|move: Electric Terrain|[from] ability: Hadron Engine|[of] p1a: Miraidon\n|turn|1\n|j| faceless_knigght\n|inactive|Ayae.Hakamada has 30 seconds left.\n|\n|t:|1740231239\n|-terastallize|p2b: Calyrex|Fairy\n|move|p1b: Whimsicott|Light Screen|p1b: Whimsicott\n|-sidestart|p1: Ayae.Hakamada|move: Light Screen\n|move|p2a: Tornadus|Tailwind|p2a: Tornadus\n|-sidestart|p2: The Lesko|move: Tailwind\n|move|p2b: Calyrex|Draining Kiss|p1a: Miraidon\n|-supereffective|p1a: Miraidon\n|-damage|p1a: Miraidon|36\/100\n|move|p1a: Miraidon|Volt Switch|p2a: Tornadus\n|-supereffective|p2a: Tornadus\n|-enditem|p2a: Tornadus|Focus Sash\n|-damage|p2a: Tornadus|1\/100\n|\n|t:|1740231261\n|switch|p1a: Chien-Pao|Chien-Pao, L50|100\/100|[from] Volt Switch\n|-ability|p1a: Chien-Pao|Sword of Ruin\n|\n|upkeep\n|turn|2\n|\n|t:|1740231275\n|switch|p2a: Torkoal|Torkoal, L50, M|100\/100\n|-weather|SunnyDay|[from] ability: Drought|[of] p2a: Torkoal\n|move|p1b: Whimsicott|Tailwind|p1b: Whimsicott\n|-sidestart|p1: Ayae.Hakamada|move: Tailwind\n|move|p2b: Calyrex|Draining Kiss|p1a: Chien-Pao\n|-supereffective|p1a: Chien-Pao\n|-enditem|p1a: Chien-Pao|Focus Sash\n|-damage|p1a: Chien-Pao|1\/100\n|move|p1a: Chien-Pao|Crunch|p2a: Torkoal\n|-damage|p2a: Torkoal|56\/100\n|\n|-weather|SunnyDay|[upkeep]\n|upkeep\n|turn|3\n|inactive|Ayae.Hakamada has 30 seconds left.\n|\n|t:|1740231308\n|move|p1a: Chien-Pao|Protect|p1a: Chien-Pao\n|-singleturn|p1a: Chien-Pao|Protect\n|move|p2b: Calyrex|Draining Kiss|p1b: Whimsicott\n|-damage|p1b: Whimsicott|56\/100\n|move|p1b: Whimsicott|Moonblast|p2a: Torkoal\n|-resisted|p2a: Torkoal\n|-damage|p2a: Torkoal|39\/100\n|-unboost|p2a: Torkoal|spa|1\n|move|p2a: Torkoal|Heat Wave|p1a: Chien-Pao|[spread] p1b\n|-activate|p1a: Chien-Pao|move: Protect\n|-supereffective|p1b: Whimsicott\n|-damage|p1b: Whimsicott|0 fnt\n|faint|p1b: Whimsicott\n|\n|-weather|SunnyDay|[upkeep]\n|upkeep\n|\n|t:|1740231326\n|switch|p1b: Iron Hands|Iron Hands, L50|100\/100\n|-activate|p1b: Iron Hands|ability: Quark Drive\n|-start|p1b: Iron Hands|quarkdriveatk\n|turn|4\n|\n|t:|1740231343\n|-terastallize|p1b: Iron Hands|Water\n|move|p1a: Chien-Pao|Protect||[still]\n|-fail|p1a: Chien-Pao\n|move|p2b: Calyrex|Draining Kiss|p1a: Chien-Pao\n|-supereffective|p1a: Chien-Pao\n|-damage|p1a: Chien-Pao|0 fnt\n|faint|p1a: Chien-Pao\n|-ability|p2b: Calyrex|Grim Neigh|boost\n|-boost|p2b: Calyrex|spa|1\n|move|p1b: Iron Hands|Wild Charge|p2b: Calyrex\n|-damage|p2b: Calyrex|0 fnt\n|faint|p2b: Calyrex\n|-damage|p1b: Iron Hands|81\/100|[from] Recoil\n|move|p2a: Torkoal|Earth Power|p1b: Iron Hands\n|-damage|p1b: Iron Hands|75\/100\n|\n|-weather|SunnyDay|[upkeep]\n|-sideend|p2: The Lesko|move: Tailwind\n|upkeep\n|\n|t:|1740231364\n|switch|p2b: Tornadus|Tornadus, L50, M|1\/100\n|switch|p1a: Miraidon|Miraidon, L50|36\/100\n|-activate|p1a: Miraidon|ability: Hadron Engine\n|turn|5\n|\n|t:|1740231376\n|move|p2a: Torkoal|Protect|p2a: Torkoal\n|-singleturn|p2a: Torkoal|Protect\n|move|p2b: Tornadus|Tailwind|p2b: Tornadus\n|-sidestart|p2: The Lesko|move: Tailwind\n|move|p1a: Miraidon|Electro Drift|p2b: Tornadus\n|-supereffective|p2b: Tornadus\n|-damage|p2b: Tornadus|0 fnt\n|faint|p2b: Tornadus\n|move|p1b: Iron Hands|Drain Punch|p2a: Torkoal\n|-activate|p2a: Torkoal|move: Protect\n|\n|-weather|SunnyDay|[upkeep]\n|-sideend|p1: Ayae.Hakamada|move: Tailwind\n|-fieldend|move: Electric Terrain\n|-end|p1b: Iron Hands|Quark Drive\n|upkeep\n|\n|t:|1740231377\n|switch|p2b: Urshifu|Urshifu, L50, F|100\/100\n|turn|6\n|\n|t:|1740231398\n|move|p2b: Urshifu|Close Combat|p1b: Iron Hands\n|-damage|p1b: Iron Hands|8\/100\n|-unboost|p2b: Urshifu|def|1\n|-unboost|p2b: Urshifu|spd|1\n|move|p1a: Miraidon|Electro Drift|p2a: Torkoal\n|-damage|p2a: Torkoal|0 fnt\n|faint|p2a: Torkoal\n|move|p1b: Iron Hands|Drain Punch|p2b: Urshifu\n|-supereffective|p2b: Urshifu\n|-damage|p2b: Urshifu|0 fnt\n|-heal|p1b: Iron Hands|52\/100|[from] drain|[of] p2b: Urshifu\n|faint|p2b: Urshifu\n|\n|win|Ayae.Hakamada\n|raw|Ayae.Hakamada's rating: 1584 &rarr; <strong>1607<\/strong><br \/>(+23 for winning)\n|raw|The Lesko's rating: 1632 &rarr; <strong>1609<\/strong><br \/>(-23 for losing)\n|l| faceless_knigght\n|l|\u2606The Lesko\n|player|p2|\n|l|\u2606Ayae.Hakamada\n|player|p1|\n","uploadtime":1740231550,"views":3,"formatid":"gen9vgc2025regg","rating":1607,"private":0,"password":null}