{"id":"gen9vgc2025regg-2305580364","format":"[Gen 9] VGC 2025 Reg G","players":["Popeye32","KT02"],"log":"|j|\u2606Popeye32\n|j|\u2606KT02\n|t:|1740210059\n|gametype|doubles\n|player|p1|Popeye32|acetrainersnowf|1531\n|player|p2|KT02|2|1660\n|teamsize|p1|6\n|teamsize|p2|6\n|gen|9\n|tier|[Gen 9] VGC 2025 Reg G\n|rated|\n|rule|Species Clause: Limit one of each Pok\u00e9mon\n|rule|Item Clause: Limit 1 of each item\n|clearpoke\n|poke|p1|Chien-Pao, L50|\n|poke|p1|Amoonguss, L50, F|\n|poke|p1|Chi-Yu, L50|\n|poke|p1|Flutter Mane, L50|\n|poke|p1|Zamazenta-*, L50|\n|poke|p1|Raging Bolt, L50|\n|poke|p2|Incineroar, L50, M|\n|poke|p2|Urshifu-*, L50, F|\n|poke|p2|Miraidon, L50|\n|poke|p2|Dragonite, L50, F|\n|poke|p2|Iron Treads, L50|\n|poke|p2|Grimmsnarl, L50, M|\n|teampreview|4\n|inactive|Battle timer is ON: inactive players will automatically lose when time's up. (requested by Popeye32)\n|inactive|Popeye32 has 60 seconds left.\n|inactive|KT02 has 60 seconds left.\n|\n|t:|1740210110\n|start\n|switch|p1a: Zamazenta|Zamazenta-Crowned, L50|100\/100\n|switch|p1b: Flutter Mane|Flutter Mane, L50|100\/100\n|switch|p2a: Grimmsnarl|Grimmsnarl, L50, M|100\/100\n|switch|p2b: Mirai|Miraidon, L50|100\/100\n|-fieldstart|move: Electric Terrain|[from] ability: Hadron Engine|[of] p2b: Mirai\n|-ability|p1a: Zamazenta|Dauntless Shield|boost\n|-boost|p1a: Zamazenta|def|1\n|-enditem|p1b: Flutter Mane|Booster Energy\n|-activate|p1b: Flutter Mane|ability: Protosynthesis|[fromitem]\n|-start|p1b: Flutter Mane|protosynthesisspe\n|turn|1\n|\n|t:|1740210127\n|-terastallize|p2b: Mirai|Fairy\n|move|p1a: Zamazenta|Protect|p1a: Zamazenta\n|-singleturn|p1a: Zamazenta|Protect\n|move|p2a: Grimmsnarl|Fake Out|p1a: Zamazenta\n|-activate|p1a: Zamazenta|move: Protect\n|move|p1b: Flutter Mane|Moonblast|p2b: Mirai\n|-damage|p2b: Mirai|64\/100\n|-unboost|p2b: Mirai|spa|1\n|move|p2b: Mirai|Electro Drift|p1b: Flutter Mane\n|-crit|p1b: Flutter Mane\n|-damage|p1b: Flutter Mane|0 fnt\n|faint|p1b: Flutter Mane\n|-end|p1b: Flutter Mane|Protosynthesis|[silent]\n|\n|upkeep\n|\n|t:|1740210147\n|switch|p1b: Chien-Pao|Chien-Pao, L50|100\/100\n|-ability|p1b: Chien-Pao|Sword of Ruin\n|turn|2\n|\n|t:|1740210163\n|switch|p2b: Urshifu|Urshifu-Rapid-Strike, L50, F|100\/100\n|move|p2a: Grimmsnarl|Reflect|p2a: Grimmsnarl\n|-sidestart|p2: KT02|Reflect\n|move|p1b: Chien-Pao|Ice Spinner|p2b: Urshifu\n|-resisted|p2b: Urshifu\n|-damage|p2b: Urshifu|85\/100\n|-fieldend|move: Electric Terrain\n|move|p1a: Zamazenta|Heavy Slam|p2a: Grimmsnarl\n|-supereffective|p2a: Grimmsnarl\n|-damage|p2a: Grimmsnarl|9\/100\n|\n|upkeep\n|turn|3\n|\n|t:|1740210182\n|switch|p1b: Amoonguss|Amoonguss, L50, F|100\/100\n|move|p2a: Grimmsnarl|Thunder Wave|p1a: Zamazenta\n|-status|p1a: Zamazenta|par\n|move|p2b: Urshifu|Surging Strikes|p1b: Amoonguss\n|-resisted|p1b: Amoonguss\n|-crit|p1b: Amoonguss\n|-damage|p1b: Amoonguss|90\/100\n|-damage|p2b: Urshifu|69\/100|[from] item: Rocky Helmet|[of] p1b: Amoonguss\n|-resisted|p1b: Amoonguss\n|-crit|p1b: Amoonguss\n|-damage|p1b: Amoonguss|80\/100\n|-damage|p2b: Urshifu|53\/100|[from] item: Rocky Helmet|[of] p1b: Amoonguss\n|-resisted|p1b: Amoonguss\n|-crit|p1b: Amoonguss\n|-damage|p1b: Amoonguss|68\/100\n|-damage|p2b: Urshifu|37\/100|[from] item: Rocky Helmet|[of] p1b: Amoonguss\n|-hitcount|p1b: Amoonguss|3\n|cant|p1a: Zamazenta|par\n|\n|upkeep\n|turn|4\n|inactive|Popeye32 has 30 seconds left.\n|inactive|KT02 has 30 seconds left.\n|\n|t:|1740210210\n|switch|p2a: Mirai|Miraidon, L50, tera:Fairy|64\/100\n|-fieldstart|move: Electric Terrain|[from] ability: Hadron Engine|[of] p2a: Mirai\n|move|p2b: Urshifu|U-turn|p1a: Zamazenta\n|-resisted|p1a: Zamazenta\n|-damage|p1a: Zamazenta|98\/100 par\n|\n|t:|1740210217\n|switch|p2b: Grimmsnarl|Grimmsnarl, L50, M|9\/100|[from] U-turn\n|cant|p1a: Zamazenta|par\n|move|p1b: Amoonguss|Pollen Puff|p2a: Mirai\n|-resisted|p2a: Mirai\n|-damage|p2a: Mirai|56\/100\n|\n|upkeep\n|turn|5\n|inactive|KT02 has 30 seconds left.\n|\n|t:|1740210247\n|move|p2b: Grimmsnarl|Fake Out|p1a: Zamazenta\n|-resisted|p1a: Zamazenta\n|-damage|p1a: Zamazenta|96\/100 par\n|move|p1b: Amoonguss|Rage Powder|p1b: Amoonguss\n|-singleturn|p1b: Amoonguss|move: Rage Powder\n|move|p2a: Mirai|Electro Drift|p1b: Amoonguss\n|-resisted|p1b: Amoonguss\n|-damage|p1b: Amoonguss|14\/100\n|-damage|p2a: Mirai|40\/100|[from] item: Rocky Helmet|[of] p1b: Amoonguss\n|cant|p1a: Zamazenta|flinch\n|\n|upkeep\n|turn|6\n|inactive|KT02 has 30 seconds left.\n|\n|t:|1740210279\n|switch|p2a: Iron Treads|Iron Treads, L50|100\/100\n|-activate|p2a: Iron Treads|ability: Quark Drive\n|-start|p2a: Iron Treads|quarkdriveatk\n|switch|p2b: Urshifu|Urshifu-Rapid-Strike, L50, F|37\/100\n|-terastallize|p1a: Zamazenta|Dragon\n|move|p1b: Amoonguss|Protect|p1b: Amoonguss\n|-singleturn|p1b: Amoonguss|Protect\n|move|p1a: Zamazenta|Heavy Slam|p2a: Iron Treads\n|-resisted|p2a: Iron Treads\n|-damage|p2a: Iron Treads|91\/100\n|\n|upkeep\n|turn|7\n|inactive|KT02 has 30 seconds left.\n|inactive|KT02 has 20 seconds left.\n|\n|t:|1740210319\n|switch|p1b: Chien-Pao|Chien-Pao, L50|100\/100\n|-ability|p1b: Chien-Pao|Sword of Ruin\n|move|p2b: Urshifu|Protect|p2b: Urshifu\n|-singleturn|p2b: Urshifu|Protect\n|move|p2a: Iron Treads|Earthquake|p1b: Chien-Pao|[spread] p1a,p1b\n|-activate|p2b: Urshifu|move: Protect\n|-damage|p1a: Zamazenta|65\/100 par\n|-damage|p1b: Chien-Pao|17\/100\n|-damage|p2a: Iron Treads|82\/100|[from] item: Life Orb\n|move|p1a: Zamazenta|Body Press|p2a: Iron Treads\n|-supereffective|p2a: Iron Treads\n|-damage|p2a: Iron Treads|0 fnt\n|faint|p2a: Iron Treads\n|-end|p2a: Iron Treads|Quark Drive|[silent]\n|\n|upkeep\n|\n|t:|1740210339\n|switch|p2a: Mirai|Miraidon, L50, tera:Fairy|40\/100\n|-activate|p2a: Mirai|ability: Hadron Engine\n|turn|8\n|\n|t:|1740210352\n|switch|p1b: Amoonguss|Amoonguss, L50, F|47\/100\n|move|p1a: Zamazenta|Wide Guard|p1a: Zamazenta\n|-singleturn|p1a: Zamazenta|Wide Guard\n|move|p2a: Mirai|Dazzling Gleam|p1a: Zamazenta|[spread] \n|-activate|p1a: Zamazenta|move: Wide Guard\n|-activate|p1b: Amoonguss|move: Wide Guard\n|move|p2b: Urshifu|Surging Strikes|p1a: Zamazenta\n|-resisted|p1a: Zamazenta\n|-crit|p1a: Zamazenta\n|-damage|p1a: Zamazenta|58\/100 par\n|-resisted|p1a: Zamazenta\n|-crit|p1a: Zamazenta\n|-damage|p1a: Zamazenta|50\/100 par\n|-resisted|p1a: Zamazenta\n|-crit|p1a: Zamazenta\n|-damage|p1a: Zamazenta|43\/100 par\n|-hitcount|p1a: Zamazenta|3\n|\n|-fieldend|move: Electric Terrain\n|upkeep\n|turn|9\n|\n|t:|1740210369\n|switch|p2a: Grimmsnarl|Grimmsnarl, L50, M|9\/100\n|move|p2b: Urshifu|Protect|p2b: Urshifu\n|-singleturn|p2b: Urshifu|Protect\n|move|p1a: Zamazenta|Wide Guard|p1a: Zamazenta\n|-singleturn|p1a: Zamazenta|Wide Guard\n|move|p1b: Amoonguss|Spore|p2a: Grimmsnarl\n|-status|p2a: Grimmsnarl|slp|[from] move: Spore\n|\n|-sideend|p2: KT02|Reflect\n|upkeep\n|turn|10\n|\n|t:|1740210389\n|cant|p2a: Grimmsnarl|slp\n|move|p2b: Urshifu|U-turn|p1a: Zamazenta\n|-damage|p1a: Zamazenta|33\/100 par\n|\n|t:|1740210393\n|switch|p2b: Mirai|Miraidon, L50, tera:Fairy|40\/100|[from] U-turn\n|-fieldstart|move: Electric Terrain|[from] ability: Hadron Engine|[of] p2b: Mirai\n|move|p1a: Zamazenta|Body Press|p2b: Mirai\n|-resisted|p2b: Mirai\n|-damage|p2b: Mirai|5\/100\n|move|p1b: Amoonguss|Pollen Puff|p1a: Zamazenta\n|-heal|p1a: Zamazenta|83\/100 par\n|\n|upkeep\n|turn|11\n|inactive|KT02 has 30 seconds left.\n|\n|t:|1740210419\n|switch|p2a: Urshifu|Urshifu-Rapid-Strike, L50, F|37\/100\n|move|p1a: Zamazenta|Protect|p1a: Zamazenta\n|-singleturn|p1a: Zamazenta|Protect\n|move|p2b: Mirai|Draco Meteor|p1a: Zamazenta\n|-activate|p1a: Zamazenta|move: Protect\n|move|p1b: Amoonguss|Pollen Puff|p2b: Mirai\n|-resisted|p2b: Mirai\n|-damage|p2b: Mirai|0 fnt\n|faint|p2b: Mirai\n|\n|upkeep\n|-message|KT02 forfeited.\n|\n|win|Popeye32\n|raw|Popeye32's rating: 1531 &rarr; <strong>1558<\/strong><br \/>(+27 for winning)\n|raw|KT02's rating: 1660 &rarr; <strong>1633<\/strong><br \/>(-27 for losing)\n|l|\u2606KT02\n|player|p2|\n|l|\u2606Popeye32\n|player|p1|\n","uploadtime":1740210627,"views":3,"formatid":"gen9vgc2025regg","rating":1558,"private":0,"password":null}