{"id":"gen9vgc2025regg-2305299391","format":"[Gen 9] VGC 2025 Reg G","players":["prototony","pneumatictoad"],"log":"|j|\u2606prototony\n|j|\u2606pneumatictoad\n|t:|1740169533\n|gametype|doubles\n|player|p1|prototony|firebreather|1630\n|player|p2|pneumatictoad|2|1653\n|teamsize|p1|6\n|teamsize|p2|6\n|gen|9\n|tier|[Gen 9] VGC 2025 Reg G\n|rated|\n|rule|Species Clause: Limit one of each Pok\u00e9mon\n|rule|Item Clause: Limit 1 of each item\n|clearpoke\n|poke|p1|Weezing-Galar, L50, M|\n|poke|p1|Dondozo, L50, M|\n|poke|p1|Calyrex-Shadow, L50|\n|poke|p1|Tatsugiri-Droopy, L50, M|\n|poke|p1|Iron Hands, L50|\n|poke|p1|Maushold-Four, L50|\n|poke|p2|Calyrex-Ice, L50|\n|poke|p2|Trapinch, L50, F|\n|poke|p2|Annihilape, L50, M|\n|poke|p2|Pelipper, L50, M|\n|poke|p2|Jigglypuff, L50, M|\n|poke|p2|Ogerpon-Hearthflame, L50, F|\n|teampreview|4\n|\n|t:|1740169588\n|start\n|switch|p1a: Maushold|Maushold-Four, L50|100\/100\n|switch|p1b: Calyrex|Calyrex-Shadow, L50|100\/100\n|switch|p2a: Annihilape|Annihilape, L50, M|100\/100\n|switch|p2b: Calyrex|Calyrex-Ice, L50|100\/100\n|-ability|p1b: Calyrex|As One\n|-ability|p1b: Calyrex|Unnerve\n|-ability|p2b: Calyrex|As One\n|-ability|p2b: Calyrex|Unnerve\n|turn|1\n|\n|t:|1740169604\n|switch|p2a: Jigglypuff|Jigglypuff, L50, M|100\/100\n|-terastallize|p2b: Calyrex|Grass\n|move|p1a: Maushold|Feint|p2b: Calyrex\n|-damage|p2b: Calyrex|97\/100\n|move|p1b: Calyrex|Astral Barrage|p2a: Jigglypuff|[spread] p2b\n|-immune|p2a: Jigglypuff\n|-damage|p2b: Calyrex|53\/100\n|move|p2b: Calyrex|Trick Room|p2b: Calyrex\n|-fieldstart|move: Trick Room|[of] p2b: Calyrex\n|\n|upkeep\n|turn|2\n|\n|t:|1740169625\n|switch|p1b: Iron Hands|Iron Hands, L50|100\/100\n|switch|p1a: Dondozo|Dondozo, L50, M|100\/100\n|move|p2a: Jigglypuff|Knock Off|p1a: Dondozo\n|-damage|p1a: Dondozo|94\/100\n|-enditem|p1a: Dondozo|Leftovers|[from] move: Knock Off|[of] p2a: Jigglypuff\n|move|p2b: Calyrex|Glacial Lance|p1a: Dondozo|[spread] p1a,p1b\n|-resisted|p1a: Dondozo\n|-damage|p1a: Dondozo|77\/100\n|-damage|p1b: Iron Hands|60\/100\n|\n|upkeep\n|turn|3\n|j| tetsuokaga\n|\n|t:|1740169656\n|move|p2a: Jigglypuff|Heal Pulse|p2b: Calyrex\n|-heal|p2b: Calyrex|100\/100\n|move|p2b: Calyrex|Seed Bomb|p1a: Dondozo\n|-supereffective|p1a: Dondozo\n|-damage|p1a: Dondozo|16\/100\n|move|p1b: Iron Hands|Heavy Slam|p2a: Jigglypuff\n|-supereffective|p2a: Jigglypuff\n|-damage|p2a: Jigglypuff|19\/100\n|move|p1a: Dondozo|Body Press|p2b: Calyrex\n|-damage|p2b: Calyrex|88\/100\n|\n|upkeep\n|turn|4\n|j| ok3rd\n|l| ok3rd\n|\n|t:|1740169693\n|move|p2a: Jigglypuff|Protect|p2a: Jigglypuff\n|-singleturn|p2a: Jigglypuff|Protect\n|move|p1a: Dondozo|Protect|p1a: Dondozo\n|-singleturn|p1a: Dondozo|Protect\n|move|p2b: Calyrex|Glacial Lance|p1b: Iron Hands|[spread] p1b\n|-activate|p1a: Dondozo|move: Protect\n|-damage|p1b: Iron Hands|18\/100\n|move|p1b: Iron Hands|Drain Punch|p2a: Jigglypuff\n|-activate|p2a: Jigglypuff|move: Protect\n|\n|upkeep\n|turn|5\n|l| tetsuokaga\n|\n|t:|1740169732\n|switch|p2a: Ogerpon|Ogerpon-Hearthflame, L50, F|100\/100\n|-ability|p2a: Ogerpon|Mold Breaker\n|move|p2b: Calyrex|Glacial Lance|p1a: Dondozo|[spread] p1a,p1b\n|-resisted|p1a: Dondozo\n|-damage|p1a: Dondozo|0 fnt\n|-damage|p1b: Iron Hands|0 fnt\n|faint|p1a: Dondozo\n|faint|p1b: Iron Hands\n|-end|p1b: Iron Hands|Quark Drive|[silent]\n|-ability|p2b: Calyrex|Chilling Neigh|boost\n|-boost|p2b: Calyrex|atk|2\n|\n|-fieldend|move: Trick Room\n|upkeep\n|j| tetsuokaga\n|\n|t:|1740169747\n|switch|p1a: Calyrex|Calyrex-Shadow, L50|100\/100\n|switch|p1b: Maushold|Maushold-Four, L50|100\/100\n|-ability|p1a: Calyrex|As One\n|-ability|p1a: Calyrex|Unnerve\n|turn|6\n|j| 2-2-2 Ape\n|l| 2-2-2 Ape\n|\n|t:|1740169778\n|move|p2a: Ogerpon|Follow Me|p2a: Ogerpon\n|-singleturn|p2a: Ogerpon|move: Follow Me\n|move|p1b: Maushold|Super Fang|p2a: Ogerpon\n|-damage|p2a: Ogerpon|51\/100\n|move|p1a: Calyrex|Astral Barrage|p2a: Ogerpon|[spread] p2a,p2b\n|-damage|p2a: Ogerpon|0 fnt\n|-damage|p2b: Calyrex|31\/100\n|faint|p2a: Ogerpon\n|-ability|p1a: Calyrex|Grim Neigh|boost\n|-boost|p1a: Calyrex|spa|1\n|move|p2b: Calyrex|Glacial Lance|p1a: Calyrex|[spread] p1a,p1b\n|-damage|p1a: Calyrex|0 fnt\n|-damage|p1b: Maushold|0 fnt\n|faint|p1a: Calyrex\n|faint|p1b: Maushold\n|\n|win|pneumatictoad\n|raw|prototony's rating: 1630 &rarr; <strong>1612<\/strong><br \/>(-18 for losing)\n|raw|pneumatictoad's rating: 1667 &rarr; <strong>1685<\/strong><br \/>(+18 for winning)\n|l| tetsuokaga\n|l|\u2606pneumatictoad\n|player|p2|\n","uploadtime":1740170025,"views":5,"formatid":"gen9vgc2025regg","rating":1612,"private":0,"password":null}