{"id":"gen9vgc2025regg-2305250730","format":"[Gen 9] VGC 2025 Reg G","players":["chin8","Zonavideovigilada"],"log":"|j|\u2606chin8\n|j|\u2606Zonavideovigilada\n|t:|1740164322\n|gametype|doubles\n|player|p1|chin8|gentleman-gen4dp|1736\n|player|p2|Zonavideovigilada|1|1648\n|teamsize|p1|6\n|teamsize|p2|6\n|gen|9\n|tier|[Gen 9] VGC 2025 Reg G\n|rated|\n|rule|Species Clause: Limit one of each Pok\u00e9mon\n|rule|Item Clause: Limit 1 of each item\n|clearpoke\n|poke|p1|Calyrex-Shadow, L50|\n|poke|p1|Incineroar, L50, F|\n|poke|p1|Rillaboom, L50, F|\n|poke|p1|Gastrodon-East, L50, M|\n|poke|p1|Hitmonchan, L50, M|\n|poke|p1|Tropius, L50, M|\n|poke|p2|Urshifu-*, L50, F|\n|poke|p2|Whimsicott, L50, M|\n|poke|p2|Miraidon, L50|\n|poke|p2|Iron Hands, L50|\n|poke|p2|Incineroar, L50, M|\n|poke|p2|Iron Leaves, L50|\n|teampreview|4\n|inactive|Battle timer is ON: inactive players will automatically lose when time's up. (requested by chin8)\n|\n|t:|1740164363\n|start\n|switch|p1a: Calyrex|Calyrex-Shadow, L50|100\/100\n|switch|p1b: Rillaboom|Rillaboom, L50, F|100\/100\n|switch|p2a: Incineroar|Incineroar, L50, M|100\/100\n|switch|p2b: Iron Leaves|Iron Leaves, L50|100\/100\n|-ability|p1a: Calyrex|As One\n|-ability|p1a: Calyrex|Unnerve\n|-fieldstart|move: Grassy Terrain|[from] ability: Grassy Surge|[of] p1b: Rillaboom\n|-ability|p2a: Incineroar|Intimidate|boost\n|-fail|p1a: Calyrex|unboost|[from] item: Clear Amulet|[of] p1a: Calyrex\n|-unboost|p1b: Rillaboom|atk|1\n|turn|1\n|j| wegovrooooom\n|\n|t:|1740164379\n|-terastallize|p1a: Calyrex|Fairy\n|move|p2b: Iron Leaves|Protect|p2b: Iron Leaves\n|-singleturn|p2b: Iron Leaves|Protect\n|move|p1a: Calyrex|Calm Mind|p1a: Calyrex\n|-boost|p1a: Calyrex|spa|1\n|-boost|p1a: Calyrex|spd|1\n|move|p1b: Rillaboom|U-turn|p2b: Iron Leaves\n|-activate|p2b: Iron Leaves|move: Protect\n|move|p2a: Incineroar|Knock Off|p1a: Calyrex\n|-resisted|p1a: Calyrex\n|-crit|p1a: Calyrex\n|-damage|p1a: Calyrex|70\/100\n|-enditem|p1a: Calyrex|Clear Amulet|[from] move: Knock Off|[of] p2a: Incineroar\n|\n|-heal|p1a: Calyrex|76\/100|[from] Grassy Terrain\n|upkeep\n|turn|2\n|inactive|Zonavideovigilada has 30 seconds left.\n|inactive|Zonavideovigilada has 20 seconds left.\n|\n|t:|1740164418\n|switch|p2a: Miraidon|Miraidon, L50|100\/100\n|-fieldstart|move: Electric Terrain|[from] ability: Hadron Engine|[of] p2a: Miraidon\n|-activate|p2b: Iron Leaves|ability: Quark Drive\n|-start|p2b: Iron Leaves|quarkdrivespe\n|-terastallize|p2b: Iron Leaves|Normal\n|move|p1a: Calyrex|Protect|p1a: Calyrex\n|-singleturn|p1a: Calyrex|Protect\n|move|p2b: Iron Leaves|Psyblade|p1a: Calyrex\n|-activate|p1a: Calyrex|move: Protect\n|move|p1b: Rillaboom|U-turn|p2b: Iron Leaves\n|-damage|p2b: Iron Leaves|82\/100\n|\n|t:|1740164424\n|switch|p1b: Incineroar|Incineroar, L50, F|100\/100|[from] U-turn\n|-ability|p1b: Incineroar|Intimidate|boost\n|-unboost|p2a: Miraidon|atk|1\n|-unboost|p2b: Iron Leaves|atk|1\n|\n|upkeep\n|turn|3\n|\n|t:|1740164434\n|move|p1b: Incineroar|Fake Out|p2b: Iron Leaves\n|-damage|p2b: Iron Leaves|68\/100\n|cant|p2b: Iron Leaves|flinch\n|move|p1a: Calyrex|Draining Kiss|p2a: Miraidon\n|-supereffective|p2a: Miraidon\n|-damage|p2a: Miraidon|2\/100\n|-heal|p1a: Calyrex|100\/100|[from] drain|[of] p2a: Miraidon\n|move|p2a: Miraidon|Electro Drift|p1a: Calyrex\n|-damage|p1a: Calyrex|10\/100\n|\n|upkeep\n|turn|4\n|inactive|Zonavideovigilada has 30 seconds left.\n|\n|t:|1740164466\n|switch|p2a: Incineroar|Incineroar, L50, M|100\/100\n|-ability|p2a: Incineroar|Intimidate|boost\n|-unboost|p1a: Calyrex|atk|1\n|-unboost|p1b: Incineroar|atk|1\n|switch|p1b: Rillaboom|Rillaboom, L50, F|100\/100\n|-fieldstart|move: Grassy Terrain|[from] ability: Grassy Surge|[of] p1b: Rillaboom\n|-end|p2b: Iron Leaves|Quark Drive\n|move|p1a: Calyrex|Protect|p1a: Calyrex\n|-singleturn|p1a: Calyrex|Protect\n|move|p2b: Iron Leaves|Leaf Blade|p1a: Calyrex\n|-activate|p1a: Calyrex|move: Protect\n|\n|-heal|p1a: Calyrex|15\/100|[from] Grassy Terrain\n|-heal|p2b: Iron Leaves|74\/100|[from] Grassy Terrain\n|upkeep\n|turn|5\n|\n|t:|1740164483\n|move|p1b: Rillaboom|Fake Out|p2b: Iron Leaves\n|-damage|p2b: Iron Leaves|59\/100\n|move|p2a: Incineroar|Fake Out|p1a: Calyrex\n|-damage|p1a: Calyrex|4\/100\n|cant|p1a: Calyrex|flinch\n|cant|p2b: Iron Leaves|flinch\n|\n|-heal|p1a: Calyrex|10\/100|[from] Grassy Terrain\n|-heal|p2b: Iron Leaves|65\/100|[from] Grassy Terrain\n|upkeep\n|turn|6\n|l| wegovrooooom\n|\n|t:|1740164501\n|-end|p2b: Iron Leaves|Quark Drive|[silent]\n|switch|p2b: Whimsicott|Whimsicott, L50, M|100\/100\n|move|p1a: Calyrex|Protect|p1a: Calyrex\n|-singleturn|p1a: Calyrex|Protect\n|move|p1b: Rillaboom|U-turn|p2a: Incineroar\n|-damage|p2a: Incineroar|80\/100\n|j| ChilledLotusA\n|\n|t:|1740164504\n|switch|p1b: Incineroar|Incineroar, L50, F|100\/100|[from] U-turn\n|-ability|p1b: Incineroar|Intimidate|boost\n|-unboost|p2a: Incineroar|atk|1\n|-unboost|p2b: Whimsicott|atk|1\n|move|p2a: Incineroar|Parting Shot|p1b: Incineroar\n|-unboost|p1b: Incineroar|atk|1\n|-unboost|p1b: Incineroar|spa|1\n|\n|t:|1740164510\n|switch|p2a: Miraidon|Miraidon, L50|2\/100|[from] Parting Shot\n|-fieldstart|move: Electric Terrain|[from] ability: Hadron Engine|[of] p2a: Miraidon\n|\n|upkeep\n|turn|7\n|\n|t:|1740164526\n|switch|p1a: Gastrodon|Gastrodon-East, L50, M, shiny|100\/100\n|switch|p2a: Incineroar|Incineroar, L50, M|80\/100\n|-ability|p2a: Incineroar|Intimidate|boost\n|-unboost|p1a: Gastrodon|atk|1\n|-unboost|p1b: Incineroar|atk|1\n|move|p1b: Incineroar|Fake Out|p2a: Incineroar\n|-damage|p2a: Incineroar|74\/100\n|move|p2b: Whimsicott|Encore||[still]\n|-fail|p2b: Whimsicott\n|\n|upkeep\n|turn|8\n|\n|t:|1740164537\n|move|p2b: Whimsicott|Moonblast|p1b: Incineroar\n|-damage|p1b: Incineroar|77\/100\n|move|p1b: Incineroar|Parting Shot|p2a: Incineroar\n|-unboost|p2a: Incineroar|atk|1\n|-unboost|p2a: Incineroar|spa|1\n|\n|t:|1740164543\n|switch|p1b: Calyrex|Calyrex-Shadow, L50, tera:Fairy|10\/100|[from] Parting Shot\n|-ability|p1b: Calyrex|As One\n|-ability|p1b: Calyrex|Unnerve\n|move|p2a: Incineroar|Knock Off|p1b: Calyrex\n|-resisted|p1b: Calyrex\n|-damage|p1b: Calyrex|2\/100\n|move|p1a: Gastrodon|Earth Power|p2a: Incineroar\n|-supereffective|p2a: Incineroar\n|-damage|p2a: Incineroar|35\/100\n|\n|upkeep\n|turn|9\n|\n|t:|1740164560\n|move|p1b: Calyrex|Draining Kiss|p2a: Incineroar\n|-damage|p2a: Incineroar|9\/100\n|-heal|p1b: Calyrex|22\/100|[from] drain|[of] p2a: Incineroar\n|move|p2b: Whimsicott|Moonblast|p1b: Calyrex\n|-damage|p1b: Calyrex|0 fnt\n|faint|p1b: Calyrex\n|move|p2a: Incineroar|Parting Shot|p1a: Gastrodon\n|-unboost|p1a: Gastrodon|atk|1\n|-unboost|p1a: Gastrodon|spa|1\n|\n|t:|1740164564\n|switch|p2a: Iron Leaves|Iron Leaves, L50, tera:Normal|65\/100|[from] Parting Shot\n|-activate|p2a: Iron Leaves|ability: Quark Drive\n|-start|p2a: Iron Leaves|quarkdrivespe\n|move|p1a: Gastrodon|Icy Wind|p2b: Whimsicott|[spread] p2a,p2b\n|-supereffective|p2b: Whimsicott\n|-damage|p2a: Iron Leaves|59\/100\n|-damage|p2b: Whimsicott|85\/100\n|-unboost|p2a: Iron Leaves|spe|1\n|\n|upkeep\n|j| tetsuokaga\n|\n|t:|1740164568\n|switch|p1b: Incineroar|Incineroar, L50, F|77\/100\n|-ability|p1b: Incineroar|Intimidate|boost\n|-unboost|p2a: Iron Leaves|atk|1\n|-unboost|p2b: Whimsicott|atk|1\n|turn|10\n|\n|t:|1740164579\n|move|p2b: Whimsicott|Moonblast|p1b: Incineroar\n|-damage|p1b: Incineroar|56\/100\n|move|p2a: Iron Leaves|Leaf Blade|p1a: Gastrodon\n|-supereffective|p1a: Gastrodon\n|-damage|p1a: Gastrodon|0 fnt\n|faint|p1a: Gastrodon\n|-damage|p2a: Iron Leaves|50\/100|[from] item: Life Orb\n|move|p1b: Incineroar|Parting Shot|p2b: Whimsicott\n|-unboost|p2b: Whimsicott|atk|1\n|-unboost|p2b: Whimsicott|spa|1\n|-message|chin8 forfeited.\n|\n|win|Zonavideovigilada\n|raw|chin8's rating: 1736 &rarr; <strong>1711<\/strong><br \/>(-25 for losing)\n|raw|Zonavideovigilada's rating: 1648 &rarr; <strong>1673<\/strong><br \/>(+25 for winning)\n|l|\u2606chin8\n|player|p1|\n|c|\u2606Zonavideovigilada|Gg\n|c|\u2606Zonavideovigilada|Lol\n|l|\u2606Zonavideovigilada\n|player|p2|\n|l| tetsuokaga\n|l| ChilledLotusA\n","uploadtime":1740164784,"views":7,"formatid":"gen9vgc2025regg","rating":1673,"private":0,"password":null}