{"id":"gen9vgc2025regg-2305253788","format":"[Gen 9] VGC 2025 Reg G","players":["RustyChair13","ScribbleScribble"],"log":"|j|\u2606RustyChair13\n|j|\u2606ScribbleScribble\n|t:|1740164641\n|gametype|doubles\n|player|p1|RustyChair13|scientist-gen4|1657\n|player|p2|ScribbleScribble|mina-lgpe|1732\n|teamsize|p1|6\n|teamsize|p2|6\n|gen|9\n|tier|[Gen 9] VGC 2025 Reg G\n|rated|\n|rule|Species Clause: Limit one of each Pok\u00e9mon\n|rule|Item Clause: Limit 1 of each item\n|clearpoke\n|poke|p1|Zamazenta-*, L50|\n|poke|p1|Chien-Pao, L50|\n|poke|p1|Chi-Yu, L50|\n|poke|p1|Raging Bolt, L50|\n|poke|p1|Flutter Mane, L50|\n|poke|p1|Amoonguss, L50, F|\n|poke|p2|Calyrex-Ice, L50|\n|poke|p2|Farigiraf, L50, F|\n|poke|p2|Iron Valiant, L50|\n|poke|p2|Ogerpon-Wellspring, L50, F|\n|poke|p2|Roaring Moon, L50|\n|poke|p2|Landorus, L50, M|\n|teampreview|4\n|inactive|Battle timer is ON: inactive players will automatically lose when time's up. (requested by ScribbleScribble)\n|j| ChilledLotusA\n|inactive|RustyChair13 has 60 seconds left.\n|\n|t:|1740164680\n|start\n|switch|p1a: Zamazenta|Zamazenta-Crowned, L50, shiny|100\/100\n|switch|p1b: Flutter Mane|Flutter Mane, L50, shiny|100\/100\n|switch|p2a: Roaring Moon|Roaring Moon, L50|100\/100\n|switch|p2b: Landorus|Landorus, L50, M|100\/100\n|-ability|p1a: Zamazenta|Dauntless Shield|boost\n|-boost|p1a: Zamazenta|def|1\n|-enditem|p1b: Flutter Mane|Booster Energy\n|-activate|p1b: Flutter Mane|ability: Protosynthesis|[fromitem]\n|-start|p1b: Flutter Mane|protosynthesisspe\n|-enditem|p2a: Roaring Moon|Booster Energy\n|-activate|p2a: Roaring Moon|ability: Protosynthesis|[fromitem]\n|-start|p2a: Roaring Moon|protosynthesisspe\n|turn|1\n|\n|t:|1740164704\n|-terastallize|p1a: Zamazenta|Dragon\n|-terastallize|p2b: Landorus|Poison\n|move|p1b: Flutter Mane|Moonblast|p2b: Landorus\n|-resisted|p2b: Landorus\n|-damage|p2b: Landorus|78\/100\n|-unboost|p2b: Landorus|spa|1\n|move|p2a: Roaring Moon|Tailwind|p2a: Roaring Moon\n|-sidestart|p2: ScribbleScribble|move: Tailwind\n|move|p2b: Landorus|Sandsear Storm|p1a: Zamazenta|[spread] p1a,p1b\n|-damage|p1a: Zamazenta|67\/100\n|-damage|p1b: Flutter Mane|61\/100\n|move|p1a: Zamazenta|Heavy Slam|p2b: Landorus\n|-damage|p2b: Landorus|30\/100\n|\n|upkeep\n|turn|2\n|\n|t:|1740164726\n|move|p1a: Zamazenta|Protect|p1a: Zamazenta\n|-singleturn|p1a: Zamazenta|Protect\n|move|p2a: Roaring Moon|Acrobatics|p1b: Flutter Mane\n|-damage|p1b: Flutter Mane|0 fnt\n|faint|p1b: Flutter Mane\n|-end|p1b: Flutter Mane|Protosynthesis|[silent]\n|move|p2b: Landorus|Sandsear Storm|p1a: Zamazenta\n|-activate|p1a: Zamazenta|move: Protect\n|\n|upkeep\n|\n|t:|1740164735\n|switch|p1b: Chien-Pao|Chien-Pao, L50|100\/100\n|-ability|p1b: Chien-Pao|Sword of Ruin\n|turn|3\n|\n|t:|1740164744\n|switch|p2b: Iron Valiant|Iron Valiant, L50, shiny|100\/100\n|move|p1b: Chien-Pao|Sucker Punch||[still]\n|-fail|p1b: Chien-Pao\n|move|p2a: Roaring Moon|Acrobatics|p1b: Chien-Pao\n|-damage|p1b: Chien-Pao|50\/100\n|move|p1a: Zamazenta|Body Press|p2a: Roaring Moon\n|-supereffective|p2a: Roaring Moon\n|-damage|p2a: Roaring Moon|0 fnt\n|faint|p2a: Roaring Moon\n|-end|p2a: Roaring Moon|Protosynthesis|[silent]\n|\n|upkeep\n|\n|t:|1740164759\n|switch|p2a: Calyrex|Calyrex-Ice, L50|100\/100\n|-ability|p2a: Calyrex|As One\n|-ability|p2a: Calyrex|Unnerve\n|turn|4\n|\n|t:|1740164770\n|move|p2b: Iron Valiant|Feint|p1a: Zamazenta\n|-damage|p1a: Zamazenta|62\/100\n|move|p2a: Calyrex|Glacial Lance|p1a: Zamazenta|[spread] p1a,p1b\n|-supereffective|p1a: Zamazenta\n|-resisted|p1b: Chien-Pao\n|-damage|p1a: Zamazenta|12\/100\n|-damage|p1b: Chien-Pao|15\/100\n|move|p1b: Chien-Pao|Throat Chop|p2a: Calyrex\n|-supereffective|p2a: Calyrex\n|-damage|p2a: Calyrex|32\/100\n|-start|p2a: Calyrex|Throat Chop|[silent]\n|move|p1a: Zamazenta|Body Press|p2a: Calyrex\n|-damage|p2a: Calyrex|0 fnt\n|faint|p2a: Calyrex\n|\n|-sideend|p2: ScribbleScribble|move: Tailwind\n|upkeep\n|\n|t:|1740164776\n|switch|p2a: Landorus|Landorus, L50, M, tera:Poison|30\/100\n|turn|5\n|\n|t:|1740164798\n|move|p1b: Chien-Pao|Protect|p1b: Chien-Pao\n|-singleturn|p1b: Chien-Pao|Protect\n|move|p2a: Landorus|Protect|p2a: Landorus\n|-singleturn|p2a: Landorus|Protect\n|move|p2b: Iron Valiant|Spirit Break|p1b: Chien-Pao\n|-activate|p1b: Chien-Pao|move: Protect\n|move|p1a: Zamazenta|Heavy Slam|p2b: Iron Valiant\n|-supereffective|p2b: Iron Valiant\n|-enditem|p2b: Iron Valiant|Focus Sash\n|-damage|p2b: Iron Valiant|1\/100\n|\n|upkeep\n|turn|6\n|\n|t:|1740164809\n|move|p2b: Iron Valiant|Feint|p1b: Chien-Pao\n|-damage|p1b: Chien-Pao|0 fnt\n|faint|p1b: Chien-Pao\n|move|p1a: Zamazenta|Heavy Slam|p2a: Landorus\n|-crit|p2a: Landorus\n|-damage|p2a: Landorus|0 fnt\n|faint|p2a: Landorus\n|\n|upkeep\n|\n|t:|1740164830\n|switch|p1b: Chi-Yu|Chi-Yu, L50|100\/100\n|-ability|p1b: Chi-Yu|Beads of Ruin\n|turn|7\n|\n|t:|1740164837\n|move|p1b: Chi-Yu|Dark Pulse|p2b: Iron Valiant\n|-resisted|p2b: Iron Valiant\n|-damage|p2b: Iron Valiant|0 fnt\n|faint|p2b: Iron Valiant\n|-end|p2b: Iron Valiant|Quark Drive|[silent]\n|\n|win|RustyChair13\n|raw|RustyChair13's rating: 1657 &rarr; <strong>1681<\/strong><br \/>(+24 for winning)\n|raw|ScribbleScribble's rating: 1732 &rarr; <strong>1708<\/strong><br \/>(-24 for losing)\n|l|\u2606RustyChair13\n|player|p1|\n|c|\u2606ScribbleScribble|gg\n|l|\u2606ScribbleScribble\n|player|p2|\n|l| ChilledLotusA\n","uploadtime":1740165060,"views":7,"formatid":"gen9vgc2025regg","rating":1681,"private":0,"password":null}