{"id":"gen9vgc2025regg-2305828011","format":"[Gen 9] VGC 2025 Reg G","players":["Lechonkbro","tomareknight"],"log":"|j|\u2606Lechonkbro\n|j|\u2606tomareknight\n|t:|1740250670\n|gametype|doubles\n|player|p1|Lechonkbro|ghetsis-gen5bw|1577\n|player|p2|tomareknight|170|1608\n|teamsize|p1|6\n|teamsize|p2|6\n|gen|9\n|tier|[Gen 9] VGC 2025 Reg G\n|rated|\n|rule|Species Clause: Limit one of each Pok\u00e9mon\n|rule|Item Clause: Limit 1 of each item\n|clearpoke\n|poke|p1|Miraidon, L50|\n|poke|p1|Incineroar, L50, F|\n|poke|p1|Oranguru, L50, M|\n|poke|p1|Clefairy, L50, F|\n|poke|p1|Baxcalibur, L50, M|\n|poke|p1|Whimsicott, L50, F|\n|poke|p2|Kyogre, L50|\n|poke|p2|Golurk, L50|\n|poke|p2|Rillaboom, L50, F|\n|poke|p2|Urshifu-*, L50, F|\n|poke|p2|Farigiraf, L50, F|\n|poke|p2|Amoonguss, L50, M|\n|teampreview|4\n|inactive|Battle timer is ON: inactive players will automatically lose when time's up. (requested by tomareknight)\n|\n|t:|1740250704\n|start\n|switch|p1a: Miraidon|Miraidon, L50|100\/100\n|switch|p1b: Oranguru|Oranguru, L50, M|100\/100\n|switch|p2a: Farigiraf|Farigiraf, L50, F|100\/100\n|switch|p2b: Rillaboom|Rillaboom, L50, F|100\/100\n|-fieldstart|move: Electric Terrain|[from] ability: Hadron Engine|[of] p1a: Miraidon\n|-enditem|p1a: Miraidon|Electric Seed\n|-boost|p1a: Miraidon|def|1|[from] item: Electric Seed\n|-activate|p1b: Oranguru|ability: Symbiosis|Covert Cloak|[of] p1a: Miraidon\n|-fieldstart|move: Grassy Terrain|[from] ability: Grassy Surge|[of] p2b: Rillaboom\n|turn|1\n|inactive|tomareknight has 30 seconds left.\n|inactive|tomareknight has 20 seconds left.\n|inactive|tomareknight has 15 seconds left.\n|inactive|tomareknight has 10 seconds left.\n|inactive|tomareknight has 5 seconds left.\n|\n|t:|1740250757\n|move|p2b: Rillaboom|Fake Out|p1a: Miraidon\n|-damage|p1a: Miraidon|89\/100\n|-damage|p2b: Rillaboom|91\/100|[from] item: Life Orb\n|move|p1a: Miraidon|Calm Mind|p1a: Miraidon\n|-boost|p1a: Miraidon|spa|1\n|-boost|p1a: Miraidon|spd|1\n|move|p1b: Oranguru|Instruct|p1a: Miraidon\n|-singleturn|p1a: Miraidon|move: Instruct|[of] p1b: Oranguru\n|move|p1a: Miraidon|Calm Mind|p1a: Miraidon\n|-boost|p1a: Miraidon|spa|1\n|-boost|p1a: Miraidon|spd|1\n|move|p2a: Farigiraf|Trick Room|p2a: Farigiraf\n|-fieldstart|move: Trick Room|[of] p2a: Farigiraf\n|\n|-heal|p2b: Rillaboom|97\/100|[from] Grassy Terrain\n|-heal|p1a: Miraidon|95\/100|[from] Grassy Terrain\n|upkeep\n|turn|2\n|inactive|Lechonkbro has 30 seconds left.\n|inactive|tomareknight has 30 seconds left.\n|inactive|tomareknight has 20 seconds left.\n|inactive|tomareknight has 15 seconds left.\n|inactive|tomareknight has 10 seconds left.\n|inactive|tomareknight has 5 seconds left.\n|\n|t:|1740250807\n|move|p2a: Farigiraf|Helping Hand|p2b: Rillaboom\n|-singleturn|p2b: Rillaboom|Helping Hand|[of] p2a: Farigiraf\n|move|p2b: Rillaboom|Wood Hammer|p1b: Oranguru\n|-damage|p1b: Oranguru|0 fnt\n|faint|p1b: Oranguru\n|-damage|p2b: Rillaboom|65\/100|[from] Recoil\n|-damage|p2b: Rillaboom|56\/100|[from] item: Life Orb\n|move|p1a: Miraidon|Calm Mind|p1a: Miraidon\n|-boost|p1a: Miraidon|spa|1\n|-boost|p1a: Miraidon|spd|1\n|\n|-heal|p2b: Rillaboom|61\/100|[from] Grassy Terrain\n|-heal|p1a: Miraidon|100\/100|[from] Grassy Terrain\n|upkeep\n|\n|t:|1740250824\n|switch|p1b: Baxcalibur|Baxcalibur, L50, M|100\/100\n|turn|3\n|inactive|tomareknight has 30 seconds left.\n|\n|t:|1740250855\n|-terastallize|p1b: Baxcalibur|Poison\n|move|p2a: Farigiraf|Dazzling Gleam|p1b: Baxcalibur|[spread] p1a,p1b\n|-supereffective|p1a: Miraidon\n|-resisted|p1b: Baxcalibur\n|-damage|p1a: Miraidon|91\/100\n|-damage|p1b: Baxcalibur|92\/100\n|move|p2b: Rillaboom|Wood Hammer|p1b: Baxcalibur\n|-resisted|p1b: Baxcalibur\n|-damage|p1b: Baxcalibur|33\/100\n|-damage|p2b: Rillaboom|43\/100|[from] Recoil\n|-damage|p2b: Rillaboom|34\/100|[from] item: Life Orb\n|move|p1b: Baxcalibur|Icicle Spear|p2b: Rillaboom\n|-supereffective|p2b: Rillaboom\n|-damage|p2b: Rillaboom|7\/100\n|-supereffective|p2b: Rillaboom\n|-damage|p2b: Rillaboom|0 fnt\n|faint|p2b: Rillaboom\n|-hitcount|p2: Rillaboom|2\n|move|p1a: Miraidon|Calm Mind|p1a: Miraidon\n|-boost|p1a: Miraidon|spa|1\n|-boost|p1a: Miraidon|spd|1\n|\n|-heal|p1b: Baxcalibur|38\/100|[from] Grassy Terrain\n|-heal|p1a: Miraidon|97\/100|[from] Grassy Terrain\n|upkeep\n|inactive|tomareknight has 30 seconds left.\n|\n|t:|1740250887\n|switch|p2b: Urshifu|Urshifu, L50, F|100\/100\n|turn|4\n|\n|t:|1740250903\n|-terastallize|p2b: Urshifu|Dark\n|move|p2a: Farigiraf|Helping Hand|p2b: Urshifu\n|-singleturn|p2b: Urshifu|Helping Hand|[of] p2a: Farigiraf\n|move|p2b: Urshifu|Wicked Blow|p1a: Miraidon\n|-crit|p1a: Miraidon\n|-damage|p1a: Miraidon|0 fnt\n|faint|p1a: Miraidon\n|move|p1b: Baxcalibur|Icicle Spear|p2a: Farigiraf\n|-damage|p2a: Farigiraf|88\/100\n|-damage|p2a: Farigiraf|75\/100\n|-damage|p2a: Farigiraf|63\/100\n|-damage|p2a: Farigiraf|49\/100\n|-hitcount|p2a: Farigiraf|4\n|\n|-heal|p2a: Farigiraf|55\/100|[from] Grassy Terrain\n|-heal|p1b: Baxcalibur|44\/100|[from] Grassy Terrain\n|upkeep\n|\n|t:|1740250920\n|switch|p1a: Whimsicott|Whimsicott, L50, F|100\/100\n|turn|5\n|\n|t:|1740250936\n|move|p2a: Farigiraf|Dazzling Gleam|p1a: Whimsicott|[spread] p1a,p1b\n|-resisted|p1b: Baxcalibur\n|-damage|p1a: Whimsicott|74\/100\n|-damage|p1b: Baxcalibur|36\/100\n|move|p2b: Urshifu|Wicked Blow|p1b: Baxcalibur\n|-crit|p1b: Baxcalibur\n|-damage|p1b: Baxcalibur|0 fnt\n|faint|p1b: Baxcalibur\n|move|p1a: Whimsicott|Moonblast|p2b: Urshifu\n|-supereffective|p2b: Urshifu\n|-damage|p2b: Urshifu|4\/100\n|\n|-heal|p2a: Farigiraf|61\/100|[from] Grassy Terrain\n|-heal|p2b: Urshifu|10\/100|[from] Grassy Terrain\n|-heal|p1a: Whimsicott|80\/100|[from] Grassy Terrain\n|-fieldend|move: Trick Room\n|-fieldend|move: Grassy Terrain\n|upkeep\n|turn|6\n|-message|Lechonkbro forfeited.\n|\n|win|tomareknight\n|raw|Lechonkbro's rating: 1577 &rarr; <strong>1559<\/strong><br \/>(-18 for losing)\n|raw|tomareknight's rating: 1608 &rarr; <strong>1626<\/strong><br \/>(+18 for winning)\n|l|\u2606Lechonkbro\n|player|p1|\n|l|\u2606tomareknight\n|player|p2|\n","uploadtime":1740251210,"views":2,"formatid":"gen9vgc2025regg","rating":1559,"private":0,"password":null}