{"id":"gen9vgc2025regg-2305042644","format":"[Gen 9] VGC 2025 Reg G","players":["Hoshinaaa","stephopotato"],"log":"|j|\u2606Hoshinaaa\n|j|\u2606stephopotato\n|t:|1740141340\n|gametype|doubles\n|player|p1|Hoshinaaa|rosa|1515\n|player|p2|stephopotato|rosa|1584\n|teamsize|p1|6\n|teamsize|p2|6\n|gen|9\n|tier|[Gen 9] VGC 2025 Reg G\n|rated|\n|rule|Species Clause: Limit one of each Pok\u00e9mon\n|rule|Item Clause: Limit 1 of each item\n|clearpoke\n|poke|p1|Groudon, L50|\n|poke|p1|Iron Valiant, L50|\n|poke|p1|Sableye, L50, M|\n|poke|p1|Raging Bolt, L50|\n|poke|p1|Incineroar, L50, M|\n|poke|p1|Iron Bundle, L50|\n|poke|p2|Eternatus, L50|\n|poke|p2|Grimmsnarl, L50, M|\n|poke|p2|Bastiodon, L50, F|\n|poke|p2|Ogerpon-Hearthflame, L50, F|\n|poke|p2|Rillaboom, L50, M|\n|poke|p2|Articuno-Galar, L50|\n|teampreview|4\n|inactive|Battle timer is ON: inactive players will automatically lose when time's up. (requested by Hoshinaaa)\n|j| tetsuokaga\n|inactive|Hoshinaaa has 60 seconds left.\n|inactive|stephopotato has 60 seconds left.\n|\n|t:|1740141392\n|start\n|switch|p1a: Sableye|Sableye, L50, M|100\/100\n|switch|p1b: Iron Valiant|Iron Valiant, L50|100\/100\n|switch|p2a: Articuno|Articuno-Galar, L50|100\/100\n|switch|p2b: Rillaboom|Rillaboom, L50, M|100\/100\n|-fieldstart|move: Grassy Terrain|[from] ability: Grassy Surge|[of] p2b: Rillaboom\n|-enditem|p1b: Iron Valiant|Booster Energy\n|-activate|p1b: Iron Valiant|ability: Quark Drive|[fromitem]\n|-start|p1b: Iron Valiant|quarkdrivespe\n|turn|1\n|\n|t:|1740141408\n|-end|p1b: Iron Valiant|Quark Drive|[silent]\n|switch|p1b: Incineroar|Incineroar, L50, M|100\/100\n|-ability|p1b: Incineroar|Intimidate|boost\n|-unboost|p2a: Articuno|atk|1\n|-ability|p2a: Articuno|Competitive|boost\n|-boost|p2a: Articuno|spa|2\n|-unboost|p2b: Rillaboom|atk|1\n|move|p1a: Sableye|Will-O-Wisp|p2b: Rillaboom\n|-status|p2b: Rillaboom|brn\n|move|p2a: Articuno|Freezing Glare|p1b: Incineroar\n|-immune|p1b: Incineroar\n|move|p2b: Rillaboom|Taunt|p1a: Sableye\n|-start|p1a: Sableye|move: Taunt\n|\n|-damage|p2b: Rillaboom|95\/100 brn|[from] brn\n|upkeep\n|turn|2\n|\n|t:|1740141430\n|switch|p2b: Eternatus|Eternatus, L50|100\/100\n|-ability|p2b: Eternatus|Pressure\n|switch|p1a: Iron Valiant|Iron Valiant, L50|100\/100\n|move|p2a: Articuno|Protect|p2a: Articuno\n|-singleturn|p2a: Articuno|Protect\n|move|p1b: Incineroar|Knock Off|p2a: Articuno\n|-activate|p2a: Articuno|move: Protect\n|\n|upkeep\n|turn|3\n|\n|t:|1740141453\n|-terastallize|p2a: Articuno|Ground\n|move|p1a: Iron Valiant|Coaching|p1b: Incineroar\n|-boost|p1b: Incineroar|atk|1\n|-boost|p1b: Incineroar|def|1\n|move|p2b: Eternatus|Cosmic Power|p2b: Eternatus\n|-boost|p2b: Eternatus|def|1\n|-boost|p2b: Eternatus|spd|1\n|move|p2a: Articuno|Freezing Glare|p1a: Iron Valiant\n|-supereffective|p1a: Iron Valiant\n|-damage|p1a: Iron Valiant|0 fnt\n|faint|p1a: Iron Valiant\n|-end|p1a: Iron Valiant|Quark Drive|[silent]\n|move|p1b: Incineroar|Knock Off|p2a: Articuno\n|-damage|p2a: Articuno|53\/100\n|-enditem|p2a: Articuno|Sitrus Berry|[from] move: Knock Off|[of] p1b: Incineroar\n|\n|-heal|p2a: Articuno|59\/100|[from] Grassy Terrain\n|upkeep\n|\n|t:|1740141472\n|switch|p1a: Sableye|Sableye, L50, M|100\/100\n|turn|4\n|l| tetsuokaga\n|\n|t:|1740141482\n|-terastallize|p1b: Incineroar|Ghost\n|move|p1a: Sableye|Encore|p2b: Eternatus\n|-start|p2b: Eternatus|Encore\n|move|p2b: Eternatus|Cosmic Power|p2b: Eternatus\n|-boost|p2b: Eternatus|def|1\n|-boost|p2b: Eternatus|spd|1\n|move|p2a: Articuno|Tera Blast|p1b: Incineroar|[anim] Tera Blast Ground\n|-damage|p1b: Incineroar|48\/100\n|-enditem|p1b: Incineroar|Sitrus Berry|[eat]\n|-heal|p1b: Incineroar|73\/100|[from] item: Sitrus Berry\n|move|p1b: Incineroar|Flare Blitz|p2a: Articuno\n|-damage|p2a: Articuno|0 fnt\n|faint|p2a: Articuno\n|-damage|p1b: Incineroar|54\/100|[from] Recoil\n|\n|-heal|p1b: Incineroar|60\/100|[from] Grassy Terrain\n|upkeep\n|j| Eternights\n|\n|t:|1740141489\n|switch|p2a: Rillaboom|Rillaboom, L50, M|95\/100 brn\n|turn|5\n|j| tetsuokaga\n|l| Eternights\n|\n|t:|1740141510\n|move|p1a: Sableye|Will-O-Wisp|p2b: Eternatus\n|-status|p2b: Eternatus|brn\n|move|p2b: Eternatus|Cosmic Power|p2b: Eternatus\n|-boost|p2b: Eternatus|def|1\n|-boost|p2b: Eternatus|spd|1\n|move|p2a: Rillaboom|Taunt|p1a: Sableye\n|-start|p1a: Sableye|move: Taunt\n|move|p1b: Incineroar|Flare Blitz|p2a: Rillaboom\n|-supereffective|p2a: Rillaboom\n|-crit|p2a: Rillaboom\n|-damage|p2a: Rillaboom|0 fnt\n|faint|p2a: Rillaboom\n|-damage|p1b: Incineroar|29\/100|[from] Recoil\n|\n|-heal|p1b: Incineroar|34\/100|[from] Grassy Terrain\n|-damage|p2b: Eternatus|94\/100 brn|[from] brn\n|-fieldend|move: Grassy Terrain\n|upkeep\n|\n|t:|1740141517\n|switch|p2a: Bastiodon|Bastiodon, L50, F|100\/100\n|turn|6\n|\n|t:|1740141535\n|switch|p1a: Groudon|Groudon, L50|100\/100\n|-weather|SunnyDay|[from] ability: Drought|[of] p1a: Groudon\n|move|p2b: Eternatus|Cosmic Power|p2b: Eternatus\n|-boost|p2b: Eternatus|def|1\n|-boost|p2b: Eternatus|spd|1\n|move|p1b: Incineroar|Parting Shot|p2b: Eternatus\n|-unboost|p2b: Eternatus|atk|1\n|-unboost|p2b: Eternatus|spa|1\n|\n|t:|1740141545\n|switch|p1b: Sableye|Sableye, L50, M|100\/100|[from] Parting Shot\n|move|p2a: Bastiodon|Iron Defense|p2a: Bastiodon\n|-boost|p2a: Bastiodon|def|2\n|\n|-weather|SunnyDay|[upkeep]\n|-damage|p2b: Eternatus|88\/100 brn|[from] brn\n|-end|p2b: Eternatus|Encore\n|upkeep\n|turn|7\n|j| malaxguo\n|\n|t:|1740141558\n|move|p2a: Bastiodon|Wide Guard|p2a: Bastiodon\n|-singleturn|p2a: Bastiodon|Wide Guard\n|move|p1b: Sableye|Encore|p2b: Eternatus\n|-start|p2b: Eternatus|Encore\n|move|p2b: Eternatus|Cosmic Power|p2b: Eternatus\n|-boost|p2b: Eternatus|def|1\n|-boost|p2b: Eternatus|spd|1\n|move|p1a: Groudon|Precipice Blades|p2b: Eternatus|[spread] \n|-activate|p2a: Bastiodon|move: Wide Guard\n|-activate|p2b: Eternatus|move: Wide Guard\n|\n|-weather|SunnyDay|[upkeep]\n|-damage|p2b: Eternatus|82\/100 brn|[from] brn\n|upkeep\n|turn|8\n|\n|t:|1740141576\n|move|p2a: Bastiodon|Wide Guard|p2a: Bastiodon\n|-singleturn|p2a: Bastiodon|Wide Guard\n|move|p1b: Sableye|Encore|p2a: Bastiodon\n|-start|p2a: Bastiodon|Encore\n|move|p2b: Eternatus|Cosmic Power|p2b: Eternatus\n|-boost|p2b: Eternatus|def|1\n|-boost|p2b: Eternatus|spd|1\n|move|p1a: Groudon|High Horsepower|p2b: Eternatus\n|-supereffective|p2b: Eternatus\n|-damage|p2b: Eternatus|63\/100 brn\n|-damage|p1a: Groudon|84\/100|[from] item: Rocky Helmet|[of] p2b: Eternatus\n|\n|-weather|SunnyDay|[upkeep]\n|-damage|p2b: Eternatus|57\/100 brn|[from] brn\n|upkeep\n|turn|9\n|l| tetsuokaga\n|-message|stephopotato forfeited.\n|\n|win|Hoshinaaa\n|raw|Hoshinaaa's rating: 1515 &rarr; <strong>1539<\/strong><br \/>(+24 for winning)\n|raw|stephopotato's rating: 1584 &rarr; <strong>1560<\/strong><br \/>(-24 for losing)\n|l|\u2606stephopotato\n|player|p2|\n|j| Duduzino\n|l|\u2606Hoshinaaa\n|player|p1|\n","uploadtime":1740141727,"views":5,"formatid":"gen9vgc2025regg","rating":1539,"private":0,"password":null}