{"id":"gen9vgc2025regg-2305845662","format":"[Gen 9] VGC 2025 Reg G","players":["Ayae.Hakamada","grankie"],"log":"|j|\u2606Ayae.Hakamada\n|j|\u2606grankie\n|t:|1740252882\n|gametype|doubles\n|player|p1|Ayae.Hakamada|skyla|1594\n|player|p2|grankie|baker|1573\n|teamsize|p1|6\n|teamsize|p2|6\n|gen|9\n|tier|[Gen 9] VGC 2025 Reg G\n|rated|\n|rule|Species Clause: Limit one of each Pok\u00e9mon\n|rule|Item Clause: Limit 1 of each item\n|clearpoke\n|poke|p1|Miraidon, L50|\n|poke|p1|Iron Bundle, L50|\n|poke|p1|Whimsicott, L50, F|\n|poke|p1|Iron Hands, L50|\n|poke|p1|Urshifu-*, L50, M|\n|poke|p1|Farigiraf, L50, F|\n|poke|p2|Terapagos, L50, M|\n|poke|p2|Chi-Yu, L50|\n|poke|p2|Whimsicott, L50, F|\n|poke|p2|Raging Bolt, L50|\n|poke|p2|Basculegion, L50, M|\n|poke|p2|Iron Valiant, L50|\n|teampreview|4\n|inactive|Battle timer is ON: inactive players will automatically lose when time's up. (requested by Ayae.Hakamada)\n|inactive|Ayae.Hakamada has 60 seconds left.\n|inactive|grankie has 60 seconds left.\n|inactive|Ayae.Hakamada has 30 seconds left.\n|inactive|Ayae.Hakamada has 20 seconds left.\n|inactive|Ayae.Hakamada has 15 seconds left.\n|inactive|Ayae.Hakamada has 10 seconds left.\n|\n|t:|1740252966\n|start\n|switch|p1a: Miraidon|Miraidon, L50|100\/100\n|switch|p1b: Whimsicott|Whimsicott, L50, F|100\/100\n|switch|p2a: Chi-Yu|Chi-Yu, L50|100\/100\n|switch|p2b: Whimsicott|Whimsicott, L50, F|100\/100\n|-fieldstart|move: Electric Terrain|[from] ability: Hadron Engine|[of] p1a: Miraidon\n|-ability|p2a: Chi-Yu|Beads of Ruin\n|turn|1\n|\n|t:|1740252986\n|move|p2b: Whimsicott|Light Screen|p2b: Whimsicott\n|-sidestart|p2: grankie|move: Light Screen\n|move|p1b: Whimsicott|Light Screen|p1b: Whimsicott\n|-sidestart|p1: Ayae.Hakamada|move: Light Screen\n|move|p1a: Miraidon|Volt Switch|p2a: Chi-Yu\n|-damage|p2a: Chi-Yu|25\/100\n|\n|t:|1740252993\n|switch|p1a: Iron Hands|Iron Hands, L50|100\/100|[from] Volt Switch\n|-activate|p1a: Iron Hands|ability: Quark Drive\n|-start|p1a: Iron Hands|quarkdriveatk\n|move|p2a: Chi-Yu|Heat Wave|p1a: Iron Hands|[spread] p1b\n|-miss|p2a: Chi-Yu|p1a: Iron Hands\n|-supereffective|p1b: Whimsicott\n|-crit|p1b: Whimsicott\n|-damage|p1b: Whimsicott|0 fnt\n|faint|p1b: Whimsicott\n|\n|upkeep\n|\n|t:|1740253006\n|switch|p1b: Urshifu|Urshifu-Rapid-Strike, L50, M|100\/100\n|turn|2\n|inactive|Ayae.Hakamada has 30 seconds left.\n|inactive|grankie has 30 seconds left.\n|inactive|Ayae.Hakamada has 20 seconds left.\n|inactive|grankie has 20 seconds left.\n|inactive|grankie has 15 seconds left.\n|inactive|grankie has 10 seconds left.\n|inactive|grankie has 5 seconds left.\n|\n|t:|1740253061\n|move|p2b: Whimsicott|Tailwind|p2b: Whimsicott\n|-sidestart|p2: grankie|move: Tailwind\n|move|p1b: Urshifu|Aqua Jet|p2a: Chi-Yu\n|-supereffective|p2a: Chi-Yu\n|-damage|p2a: Chi-Yu|0 fnt\n|faint|p2a: Chi-Yu\n|move|p1a: Iron Hands|Ice Punch|p2b: Whimsicott\n|-supereffective|p2b: Whimsicott\n|-damage|p2b: Whimsicott|18\/100\n|\n|upkeep\n|\n|t:|1740253074\n|switch|p2a: Iron Valiant|Iron Valiant, L50|100\/100\n|-activate|p2a: Iron Valiant|ability: Quark Drive\n|-start|p2a: Iron Valiant|quarkdrivespe\n|turn|3\n|inactive|Ayae.Hakamada has 30 seconds left.\n|\n|t:|1740253102\n|-terastallize|p1b: Urshifu|Water\n|move|p1b: Urshifu|Aqua Jet|p2b: Whimsicott\n|-resisted|p2b: Whimsicott\n|-damage|p2b: Whimsicott|0 fnt\n|faint|p2b: Whimsicott\n|move|p2a: Iron Valiant|Moonblast|p1b: Urshifu\n|-damage|p1b: Urshifu|63\/100\n|move|p1a: Iron Hands|Wild Charge|p2a: Iron Valiant\n|-damage|p2a: Iron Valiant|0 fnt\n|faint|p2a: Iron Valiant\n|-end|p2a: Iron Valiant|Quark Drive|[silent]\n|-damage|p1a: Iron Hands|84\/100|[from] Recoil\n|\n|upkeep\n|\n|t:|1740253106\n|switch|p2b: Terapagos|Terapagos, L50, M|100\/100\n|-activate|p2b: Terapagos|ability: Tera Shift\n|detailschange|p2b: Terapagos|Terapagos-Terastal, L50, M\n|-heal|p2b: Terapagos|100\/100|[silent]\n|turn|4\n|\n|t:|1740253129\n|-terastallize|p2b: Terapagos|Stellar\n|detailschange|p2b: Terapagos|Terapagos-Stellar, L50, M, tera:Stellar\n|-heal|p2b: Terapagos|100\/100|[silent]\n|-ability|p2b: Terapagos|Teraform Zero\n|-fieldend|move: Electric Terrain\n|-end|p1a: Iron Hands|Quark Drive\n|move|p1b: Urshifu|Aqua Jet|p2b: Terapagos\n|-damage|p2b: Terapagos|80\/100\n|move|p2b: Terapagos|Tera Starstorm|p1b: Urshifu|[spread] p1a,p1b\n|-supereffective|p1b: Urshifu\n|-damage|p1a: Iron Hands|62\/100\n|-damage|p1b: Urshifu|0 fnt\n|faint|p1b: Urshifu\n|move|p1a: Iron Hands|Drain Punch|p2b: Terapagos\n|-supereffective|p2b: Terapagos\n|-damage|p2b: Terapagos|31\/100\n|-heal|p1a: Iron Hands|90\/100|[from] drain|[of] p2b: Terapagos\n|\n|upkeep\n|\n|t:|1740253147\n|switch|p1b: Miraidon|Miraidon, L50|100\/100\n|-fieldstart|move: Electric Terrain|[from] ability: Hadron Engine|[of] p1b: Miraidon\n|-activate|p1a: Iron Hands|ability: Quark Drive\n|-start|p1a: Iron Hands|quarkdriveatk\n|turn|5\n|\n|t:|1740253155\n|move|p2b: Terapagos|Tera Starstorm|p1b: Miraidon|[spread] p1a,p1b\n|-damage|p1a: Iron Hands|69\/100\n|-damage|p1b: Miraidon|66\/100\n|move|p1b: Miraidon|Electro Drift|p2b: Terapagos\n|-damage|p2b: Terapagos|0 fnt\n|faint|p2b: Terapagos\n|\n|win|Ayae.Hakamada\n|raw|Ayae.Hakamada's rating: 1594 &rarr; <strong>1613<\/strong><br \/>(+19 for winning)\n|raw|grankie's rating: 1573 &rarr; <strong>1554<\/strong><br \/>(-19 for losing)\n|l|\u2606grankie\n|player|p2|\n|l|\u2606Ayae.Hakamada\n|player|p1|\n","uploadtime":1740253422,"views":2,"formatid":"gen9vgc2025regg","rating":1554,"private":0,"password":null}