{"id":"gen9vgc2025regg-2305586914","format":"[Gen 9] VGC 2025 Reg G","players":["roykeenkennedy","navinsachump"],"log":"|j|\u2606roykeenkennedy\n|j|\u2606navinsachump\n|t:|1740211589\n|gametype|doubles\n|player|p1|roykeenkennedy|alder|1582\n|player|p2|navinsachump|102|1617\n|teamsize|p1|4\n|teamsize|p2|6\n|gen|9\n|tier|[Gen 9] VGC 2025 Reg G\n|rated|\n|rule|Species Clause: Limit one of each Pok\u00e9mon\n|rule|Item Clause: Limit 1 of each item\n|clearpoke\n|poke|p1|Calyrex-Ice, L50|\n|poke|p1|Pelipper, L50, M|\n|poke|p1|Ninetales-Alola, L50, M|\n|poke|p1|Iron Bundle, L50|\n|poke|p2|Whimsicott, L50, M|\n|poke|p2|Ogerpon-Cornerstone, L50, F|\n|poke|p2|Incineroar, L50, F|\n|poke|p2|Miraidon, L50|\n|poke|p2|Ursaluna-Bloodmoon, L50, M|\n|poke|p2|Farigiraf, L50, M|\n|teampreview|4\n|\n|t:|1740211619\n|start\n|switch|p1a: Calyrex|Calyrex-Ice, L50|100\/100\n|switch|p1b: Ninetales|Ninetales-Alola, L50, M|100\/100\n|switch|p2a: Miraidon|Miraidon, L50|100\/100\n|switch|p2b: Whimsicott|Whimsicott, L50, M|100\/100\n|-ability|p1a: Calyrex|As One\n|-ability|p1a: Calyrex|Unnerve\n|-fieldstart|move: Electric Terrain|[from] ability: Hadron Engine|[of] p2a: Miraidon\n|-weather|Snow|[from] ability: Snow Warning|[of] p1b: Ninetales\n|turn|1\n|inactive|Battle timer is ON: inactive players will automatically lose when time's up. (requested by navinsachump)\n|\n|t:|1740211650\n|-terastallize|p2a: Miraidon|Electric\n|-terastallize|p1a: Calyrex|Ice\n|move|p2a: Miraidon|Volt Switch|p1b: Ninetales\n|-damage|p1b: Ninetales|0 fnt\n|faint|p1b: Ninetales\n|\n|t:|1740211656\n|switch|p2a: Incineroar|Incineroar, L50, F|100\/100|[from] Volt Switch\n|-ability|p2a: Incineroar|Intimidate|boost\n|-unboost|p1a: Calyrex|atk|1\n|move|p2b: Whimsicott|Moonblast|p1a: Calyrex\n|-damage|p1a: Calyrex|78\/100\n|move|p1a: Calyrex|Glacial Lance|p2a: Incineroar|[spread] p2a,p2b\n|-resisted|p2a: Incineroar\n|-supereffective|p2b: Whimsicott\n|-damage|p2a: Incineroar|72\/100\n|-enditem|p2b: Whimsicott|Focus Sash\n|-damage|p2b: Whimsicott|1\/100\n|\n|-weather|Snow|[upkeep]\n|upkeep\n|\n|t:|1740211673\n|switch|p1b: Pelipper|Pelipper, L50, M|100\/100\n|-weather|RainDance|[from] ability: Drizzle|[of] p1b: Pelipper\n|turn|2\n|inactive|navinsachump has 30 seconds left.\n|inactive|navinsachump has 20 seconds left.\n|\n|t:|1740211710\n|move|p2a: Incineroar|Fake Out|p1a: Calyrex\n|-damage|p1a: Calyrex|72\/100\n|move|p2b: Whimsicott|Tailwind|p2b: Whimsicott\n|-sidestart|p2: navinsachump|move: Tailwind\n|move|p1b: Pelipper|Tailwind|p1b: Pelipper\n|-sidestart|p1: roykeenkennedy|move: Tailwind\n|cant|p1a: Calyrex|flinch\n|\n|-weather|RainDance|[upkeep]\n|upkeep\n|turn|3\n|\n|t:|1740211730\n|switch|p1b: Iron Bundle|Iron Bundle, L50|100\/100\n|-activate|p1b: Iron Bundle|ability: Quark Drive\n|-start|p1b: Iron Bundle|quarkdrivespe\n|move|p2b: Whimsicott|Encore||[still]\n|-fail|p2b: Whimsicott\n|move|p2a: Incineroar|U-turn|p1a: Calyrex\n|-damage|p1a: Calyrex|60\/100\n|\n|t:|1740211738\n|switch|p2a: Ursaluna|Ursaluna-Bloodmoon, L50, M|100\/100|[from] U-turn\n|move|p1a: Calyrex|Glacial Lance|p2b: Whimsicott|[spread] p2a,p2b\n|-supereffective|p2a: Ursaluna\n|-supereffective|p2b: Whimsicott\n|-damage|p2a: Ursaluna|0 fnt\n|-damage|p2b: Whimsicott|0 fnt\n|faint|p2a: Ursaluna\n|faint|p2b: Whimsicott\n|-ability|p1a: Calyrex|Chilling Neigh|boost\n|-boost|p1a: Calyrex|atk|2\n|\n|-weather|RainDance|[upkeep]\n|upkeep\n|\n|t:|1740211741\n|switch|p2b: Incineroar|Incineroar, L50, F|72\/100\n|switch|p2a: Miraidon|Miraidon, L50, tera:Electric|100\/100\n|-activate|p2a: Miraidon|ability: Hadron Engine\n|-ability|p2b: Incineroar|Intimidate|boost\n|-unboost|p1a: Calyrex|atk|1\n|-unboost|p1b: Iron Bundle|atk|1\n|turn|4\n|inactive|roykeenkennedy has 30 seconds left.\n|\n|t:|1740211767\n|move|p1b: Iron Bundle|Protect|p1b: Iron Bundle\n|-singleturn|p1b: Iron Bundle|Protect\n|move|p2b: Incineroar|Fake Out|p1b: Iron Bundle\n|-activate|p1b: Iron Bundle|move: Protect\n|move|p2a: Miraidon|Electro Drift|p1a: Calyrex\n|-damage|p1a: Calyrex|0 fnt\n|faint|p1a: Calyrex\n|\n|-weather|RainDance|[upkeep]\n|upkeep\n|\n|t:|1740211779\n|switch|p1a: Pelipper|Pelipper, L50, M|100\/100\n|turn|5\n|\n|t:|1740211788\n|move|p1b: Iron Bundle|Hydro Pump|p2a: Miraidon\n|-damage|p2a: Miraidon|25\/100\n|move|p2a: Miraidon|Electro Drift|p1a: Pelipper\n|-supereffective|p1a: Pelipper\n|-damage|p1a: Pelipper|0 fnt\n|faint|p1a: Pelipper\n|move|p2b: Incineroar|Knock Off|p1b: Iron Bundle\n|-damage|p1b: Iron Bundle|70\/100\n|\n|-weather|RainDance|[upkeep]\n|-sideend|p1: roykeenkennedy|move: Tailwind\n|-sideend|p2: navinsachump|move: Tailwind\n|-fieldend|move: Electric Terrain\n|-end|p1b: Iron Bundle|Quark Drive\n|upkeep\n|-enditem|p1b: Iron Bundle|Booster Energy\n|-activate|p1b: Iron Bundle|ability: Quark Drive|[fromitem]\n|-start|p1b: Iron Bundle|quarkdrivespe\n|turn|6\n|\n|t:|1740211813\n|move|p1b: Iron Bundle|Blizzard|p2a: Miraidon|[spread] p2a,p2b\n|-resisted|p2b: Incineroar\n|-damage|p2a: Miraidon|0 fnt\n|-damage|p2b: Incineroar|60\/100\n|-status|p2b: Incineroar|frz\n|faint|p2a: Miraidon\n|cant|p2b: Incineroar|frz\n|\n|-weather|none\n|upkeep\n|turn|7\n|\n|t:|1740211824\n|move|p1b: Iron Bundle|Hydro Pump|p2b: Incineroar\n|-supereffective|p2b: Incineroar\n|-damage|p2b: Incineroar|0 fnt\n|faint|p2b: Incineroar\n|\n|win|roykeenkennedy\n|raw|roykeenkennedy's rating: 1582 &rarr; <strong>1604<\/strong><br \/>(+22 for winning)\n|raw|navinsachump's rating: 1617 &rarr; <strong>1595<\/strong><br \/>(-22 for losing)\n|c|\u2606navinsachump|ridiculous\n|l|\u2606navinsachump\n|player|p2|\n|l|\u2606roykeenkennedy\n|player|p1|\n","uploadtime":1740212009,"views":4,"formatid":"gen9vgc2025regg","rating":1595,"private":0,"password":null}