{"id":"gen9vgc2025regg-2305415744","format":"[Gen 9] VGC 2025 Reg G","players":["Tester_SF03","Kaicyios"],"log":"|j|\u2606Tester_SF03\n|j|\u2606Kaicyios\n|t:|1740183499\n|gametype|doubles\n|player|p1|Tester_SF03|rood|1523\n|player|p2|Kaicyios|giovanni|1626\n|teamsize|p1|6\n|teamsize|p2|6\n|gen|9\n|tier|[Gen 9] VGC 2025 Reg G\n|rated|\n|rule|Species Clause: Limit one of each Pok\u00e9mon\n|rule|Item Clause: Limit 1 of each item\n|clearpoke\n|poke|p1|Kyurem-White, L50|\n|poke|p1|Ninetales-Alola, L50, M|\n|poke|p1|Chi-Yu, L50|\n|poke|p1|Landorus, L50, M|\n|poke|p1|Tornadus, L50, M|\n|poke|p1|Farigiraf, L50, F|\n|poke|p2|Groudon, L50|\n|poke|p2|Flutter Mane, L50|\n|poke|p2|Chi-Yu, L50|\n|poke|p2|Raging Bolt, L50|\n|poke|p2|Whimsicott, L50, F|\n|poke|p2|Armarouge, L50, F|\n|teampreview|4\n|\n|t:|1740183541\n|start\n|switch|p1a: Tornadus|Tornadus, L50, M|100\/100\n|switch|p1b: Chi-Yu|Chi-Yu, L50|100\/100\n|switch|p2a: Whimsicott|Whimsicott, L50, F|100\/100\n|switch|p2b: Raging Bolt|Raging Bolt, L50|100\/100\n|-ability|p1b: Chi-Yu|Beads of Ruin\n|turn|1\n|\n|t:|1740183578\n|switch|p2a: Armarouge|Armarouge, L50, F|100\/100\n|move|p1a: Tornadus|Tailwind|p1a: Tornadus\n|-sidestart|p1: Tester_SF03|move: Tailwind\n|move|p1b: Chi-Yu|Heat Wave|p2a: Armarouge|[spread] p2b\n|-start|p2a: Armarouge|ability: Flash Fire\n|-resisted|p2b: Raging Bolt\n|-damage|p2b: Raging Bolt|64\/100\n|move|p2b: Raging Bolt|Thunderbolt|p1a: Tornadus\n|-supereffective|p1a: Tornadus\n|-damage|p1a: Tornadus|0 fnt\n|faint|p1a: Tornadus\n|\n|upkeep\n|\n|t:|1740183587\n|switch|p1a: Kyurem|Kyurem-White, L50|100\/100\n|-ability|p1a: Kyurem|Turboblaze\n|turn|2\n|\n|t:|1740183619\n|-terastallize|p1a: Kyurem|Fairy\n|move|p2b: Raging Bolt|Thunderclap|p1b: Chi-Yu\n|-damage|p1b: Chi-Yu|45\/100\n|move|p1b: Chi-Yu|Heat Wave|p2a: Armarouge|[spread] p2b\n|-immune|p2a: Armarouge|[from] ability: Flash Fire\n|-resisted|p2b: Raging Bolt\n|-damage|p2b: Raging Bolt|31\/100\n|move|p1a: Kyurem|Earth Power|p2a: Armarouge\n|-supereffective|p2a: Armarouge\n|-damage|p2a: Armarouge|0 fnt\n|faint|p2a: Armarouge\n|\n|upkeep\n|\n|t:|1740183639\n|switch|p2a: Whimsicott|Whimsicott, L50, F|100\/100\n|turn|3\n|\n|t:|1740183650\n|switch|p1b: Ninetales|Ninetales-Alola, L50, M|100\/100\n|-weather|Snow|[from] ability: Snow Warning|[of] p1b: Ninetales\n|move|p2a: Whimsicott|Tailwind|p2a: Whimsicott\n|-sidestart|p2: Kaicyios|move: Tailwind\n|move|p2b: Raging Bolt|Thunderclap||[still]\n|-fail|p2b: Raging Bolt\n|move|p1a: Kyurem|Blizzard|p2a: Whimsicott|[spread] p2a,p2b\n|-supereffective|p2a: Whimsicott\n|-supereffective|p2b: Raging Bolt\n|-enditem|p2a: Whimsicott|Focus Sash\n|-damage|p2a: Whimsicott|1\/100\n|-damage|p2b: Raging Bolt|0 fnt\n|faint|p2b: Raging Bolt\n|-end|p2b: Raging Bolt|Protosynthesis|[silent]\n|\n|-weather|Snow|[upkeep]\n|upkeep\n|\n|t:|1740183661\n|switch|p2b: Groudon|Groudon, L50|100\/100\n|-weather|SunnyDay|[from] ability: Drought|[of] p2b: Groudon\n|turn|4\n|\n|t:|1740183684\n|-terastallize|p2b: Groudon|Fire\n|move|p2a: Whimsicott|Endeavor|p1a: Kyurem\n|-damage|p1a: Kyurem|1\/100\n|move|p1b: Ninetales|Icy Wind|p2b: Groudon|[spread] p2a,p2b\n|-supereffective|p2a: Whimsicott\n|-resisted|p2b: Groudon\n|-damage|p2a: Whimsicott|0 fnt\n|-damage|p2b: Groudon|96\/100\n|-unboost|p2b: Groudon|spe|1\n|faint|p2a: Whimsicott\n|move|p1a: Kyurem|Earth Power|p2b: Groudon\n|-supereffective|p2b: Groudon\n|-crit|p2b: Groudon\n|-damage|p2b: Groudon|23\/100\n|move|p2b: Groudon|Precipice Blades|p1b: Ninetales|[spread] p1a,p1b\n|-damage|p1a: Kyurem|0 fnt\n|-damage|p1b: Ninetales|14\/100\n|faint|p1a: Kyurem\n|\n|-weather|SunnyDay|[upkeep]\n|-sideend|p1: Tester_SF03|move: Tailwind\n|upkeep\n|\n|t:|1740183695\n|switch|p1a: Chi-Yu|Chi-Yu, L50|45\/100\n|-ability|p1a: Chi-Yu|Beads of Ruin\n|turn|5\n|\n|t:|1740183708\n|move|p1b: Ninetales|Icy Wind|p2b: Groudon\n|-resisted|p2b: Groudon\n|-damage|p2b: Groudon|15\/100\n|-unboost|p2b: Groudon|spe|1\n|move|p1a: Chi-Yu|Dark Pulse|p2b: Groudon\n|-damage|p2b: Groudon|0 fnt\n|faint|p2b: Groudon\n|\n|win|Tester_SF03\n|raw|Tester_SF03's rating: 1523 &rarr; <strong>1549<\/strong><br \/>(+26 for winning)\n|raw|Kaicyios's rating: 1626 &rarr; <strong>1600<\/strong><br \/>(-26 for losing)\n|l|\u2606Kaicyios\n|player|p2|\n|l|\u2606Tester_SF03\n|player|p1|\n","uploadtime":1740183926,"views":3,"formatid":"gen9vgc2025regg","rating":1549,"private":0,"password":null}