{"id":"gen9vgc2025regg-2305423792","format":"[Gen 9] VGC 2025 Reg G","players":["psychicmesprit","falcon108"],"log":"|j|\u2606psychicmesprit\n|j|\u2606falcon108\n|t:|1740184583\n|gametype|doubles\n|player|p1|psychicmesprit|palmer|1559\n|player|p2|falcon108|170|1597\n|teamsize|p1|6\n|teamsize|p2|6\n|gen|9\n|tier|[Gen 9] VGC 2025 Reg G\n|rated|\n|rule|Species Clause: Limit one of each Pok\u00e9mon\n|rule|Item Clause: Limit 1 of each item\n|clearpoke\n|poke|p1|Koraidon, L50|\n|poke|p1|Flutter Mane, L50|\n|poke|p1|Raging Bolt, L50|\n|poke|p1|Amoonguss, L50, F|\n|poke|p1|Walking Wake, L50|\n|poke|p1|Tornadus, L50, M|\n|poke|p2|Kyogre, L50|\n|poke|p2|Tornadus, L50, M|\n|poke|p2|Tsareena, L50, F|\n|poke|p2|Electabuzz, L50, M|\n|poke|p2|Archaludon, L50, M|\n|poke|p2|Rillaboom, L50, F|\n|teampreview|4\n|inactive|Battle timer is ON: inactive players will automatically lose when time's up. (requested by falcon108)\n|inactive|psychicmesprit also wants the timer to be on.\n|\n|t:|1740184599\n|start\n|switch|p1a: Raging Bolt|Raging Bolt, L50|100\/100\n|switch|p1b: Tornadus|Tornadus, L50, M|100\/100\n|switch|p2a: Archaludon|Archaludon, L50, M|100\/100\n|switch|p2b: Tornadus|Tornadus, L50, M|100\/100\n|turn|1\n|\n|t:|1740184619\n|-terastallize|p1a: Raging Bolt|Fairy\n|move|p2b: Tornadus|Protect|p2b: Tornadus\n|-singleturn|p2b: Tornadus|Protect\n|move|p1b: Tornadus|Taunt|p2b: Tornadus\n|-activate|p2b: Tornadus|move: Protect\n|move|p2a: Archaludon|Electro Shot||[still]\n|-prepare|p2a: Archaludon|Electro Shot\n|-boost|p2a: Archaludon|spa|1\n|-enditem|p2a: Archaludon|Power Herb\n|-anim|p2a: Archaludon|Electro Shot|p1b: Tornadus\n|-supereffective|p1b: Tornadus\n|-damage|p1b: Tornadus|0 fnt\n|faint|p1b: Tornadus\n|move|p1a: Raging Bolt|Draco Meteor|p2a: Archaludon\n|-ability|p2a: Archaludon|Sturdy\n|-damage|p2a: Archaludon|1\/100\n|-unboost|p1a: Raging Bolt|spa|2\n|\n|upkeep\n|\n|t:|1740184640\n|switch|p1b: Walking Wake|Walking Wake, L50|100\/100\n|turn|2\n|\n|t:|1740184653\n|-end|p1a: Raging Bolt|Protosynthesis|[silent]\n|switch|p1a: Koraidon|Koraidon, L50|100\/100\n|-weather|SunnyDay|[from] ability: Orichalcum Pulse|[of] p1a: Koraidon\n|-activate|p1b: Walking Wake|ability: Protosynthesis\n|-start|p1b: Walking Wake|protosynthesisspe\n|-activate|p1a: Koraidon|Orichalcum Pulse|[source]\n|move|p2a: Archaludon|Protect|p2a: Archaludon\n|-singleturn|p2a: Archaludon|Protect\n|move|p1b: Walking Wake|Hydro Steam|p2a: Archaludon\n|-activate|p2a: Archaludon|move: Protect\n|move|p2b: Tornadus|Bleakwind Storm|p1a: Koraidon|[spread] p1b\n|-miss|p2b: Tornadus|p1a: Koraidon\n|-crit|p1b: Walking Wake\n|-damage|p1b: Walking Wake|42\/100\n|\n|-weather|SunnyDay|[upkeep]\n|upkeep\n|turn|3\n|\n|t:|1740184672\n|move|p2b: Tornadus|Protect|p2b: Tornadus\n|-singleturn|p2b: Tornadus|Protect\n|move|p1b: Walking Wake|Hydro Steam|p2b: Tornadus\n|-activate|p2b: Tornadus|move: Protect\n|move|p1a: Koraidon|Flame Charge|p2a: Archaludon\n|-crit|p2a: Archaludon\n|-damage|p2a: Archaludon|0 fnt\n|-boost|p1a: Koraidon|spe|1\n|faint|p2a: Archaludon\n|-damage|p1a: Koraidon|91\/100|[from] item: Life Orb\n|\n|-weather|SunnyDay|[upkeep]\n|upkeep\n|\n|t:|1740184674\n|switch|p2a: Kyogre|Kyogre, L50|100\/100\n|-weather|RainDance|[from] ability: Drizzle|[of] p2a: Kyogre\n|-end|p1b: Walking Wake|Protosynthesis\n|turn|4\n|\n|t:|1740184692\n|move|p2b: Tornadus|Tailwind|p2b: Tornadus\n|-sidestart|p2: falcon108|move: Tailwind\n|move|p2a: Kyogre|Thunder|p1b: Walking Wake\n|-damage|p1b: Walking Wake|0 fnt\n|faint|p1b: Walking Wake\n|-end|p1b: Walking Wake|Protosynthesis|[silent]\n|move|p1a: Koraidon|Collision Course|p2a: Kyogre\n|-damage|p2a: Kyogre|16\/100\n|-damage|p1a: Koraidon|81\/100|[from] item: Life Orb\n|\n|-weather|RainDance|[upkeep]\n|upkeep\n|j| clutch step\n|\n|t:|1740184700\n|switch|p1b: Raging Bolt|Raging Bolt, L50, tera:Fairy|100\/100\n|turn|5\n|\n|t:|1740184707\n|switch|p2a: Tsareena|Tsareena, L50, F|100\/100\n|move|p1b: Raging Bolt|Thunderclap||[still]\n|cant|p2a: Tsareena|ability: Queenly Majesty|Thunderclap|[of] p1b: Raging Bolt\n|move|p2b: Tornadus|Bleakwind Storm|p1a: Koraidon|[spread] p1a,p1b\n|-supereffective|p1a: Koraidon\n|-damage|p1a: Koraidon|7\/100\n|-damage|p1b: Raging Bolt|80\/100\n|move|p1a: Koraidon|Collision Course|p2b: Tornadus\n|-resisted|p2b: Tornadus\n|-damage|p2b: Tornadus|40\/100\n|-damage|p1a: Koraidon|0 fnt|[from] item: Life Orb\n|faint|p1a: Koraidon\n|\n|-weather|RainDance|[upkeep]\n|upkeep\n|turn|6\n|\n|t:|1740184719\n|move|p2b: Tornadus|Bleakwind Storm|p1b: Raging Bolt\n|-damage|p1b: Raging Bolt|52\/100\n|move|p2a: Tsareena|Power Whip|p1b: Raging Bolt\n|-damage|p1b: Raging Bolt|5\/100\n|move|p1b: Raging Bolt|Draco Meteor|p2a: Tsareena\n|-damage|p2a: Tsareena|23\/100\n|-unboost|p1b: Raging Bolt|spa|2\n|\n|-weather|RainDance|[upkeep]\n|upkeep\n|turn|7\n|-message|psychicmesprit forfeited.\n|\n|win|falcon108\n|raw|psychicmesprit's rating: 1559 &rarr; <strong>1541<\/strong><br \/>(-18 for losing)\n|raw|falcon108's rating: 1597 &rarr; <strong>1615<\/strong><br \/>(+18 for winning)\n|l|\u2606psychicmesprit\n|player|p1|\n|l| clutch step\n","uploadtime":1740184897,"views":3,"formatid":"gen9vgc2025regg","rating":1541,"private":0,"password":null}