{"id":"gen9vgc2025regg-2305156515","format":"[Gen 9] VGC 2025 Reg G","players":["tplusplus","pentagonSG"],"log":"|j|\u2606tplusplus\n|j|\u2606pentagonSG\n|t:|1740154720\n|gametype|doubles\n|player|p1|tplusplus|perrin|1667\n|player|p2|pentagonSG|266|1591\n|teamsize|p1|6\n|teamsize|p2|6\n|gen|9\n|tier|[Gen 9] VGC 2025 Reg G\n|rated|\n|rule|Species Clause: Limit one of each Pok\u00e9mon\n|rule|Item Clause: Limit 1 of each item\n|clearpoke\n|poke|p1|Smeargle, L50, F|\n|poke|p1|Muk-Alola, L50, F|\n|poke|p1|Annihilape, L50, F|\n|poke|p1|Calyrex-Ice, L50|\n|poke|p1|Sableye, L50, F|\n|poke|p1|Flamigo, L50, F|\n|poke|p2|Miraidon, L50|\n|poke|p2|Volcarona, L50, M|\n|poke|p2|Grimmsnarl, L50, M|\n|poke|p2|Okidogi, L50, M|\n|poke|p2|Dusclops, L50, F|\n|poke|p2|Iron Hands, L50|\n|teampreview|4\n|inactive|Battle timer is ON: inactive players will automatically lose when time's up. (requested by pentagonSG)\n|\n|t:|1740154752\n|start\n|switch|p1a: Muk|Muk-Alola, L50, F|100\/100\n|switch|p1b: Smeargle|Smeargle, L50, F|100\/100\n|switch|p2a: Grimmsnarl|Grimmsnarl, L50, M|100\/100\n|switch|p2b: Miraidon|Miraidon, L50|100\/100\n|-fieldstart|move: Electric Terrain|[from] ability: Hadron Engine|[of] p2b: Miraidon\n|turn|1\n|inactive|pentagonSG has 30 seconds left.\n|\n|t:|1740154783\n|switch|p2b: Dusclops|Dusclops, L50, F|100\/100\n|-item|p1a: Muk|Leftovers|[from] ability: Frisk|[of] p2b: Dusclops\n|-item|p1b: Smeargle|Focus Sash|[from] ability: Frisk|[of] p2b: Dusclops\n|move|p1b: Smeargle|Fake Out|p2b: Dusclops\n|-immune|p2b: Dusclops\n|move|p2a: Grimmsnarl|Spirit Break|p1b: Smeargle\n|-crit|p1b: Smeargle\n|-damage|p1b: Smeargle|9\/100\n|-unboost|p1b: Smeargle|spa|1\n|move|p1a: Muk|Minimize|p1a: Muk\n|-boost|p1a: Muk|evasion|2\n|\n|-ability|p1b: Smeargle|Moody|boost\n|-boost|p1b: Smeargle|def|2\n|-unboost|p1b: Smeargle|atk|1\n|upkeep\n|turn|2\n|inactive|pentagonSG has 30 seconds left.\n|\n|t:|1740154808\n|switch|p2a: Iron Hands|Iron Hands, L50|100\/100\n|-activate|p2a: Iron Hands|ability: Quark Drive\n|-start|p2a: Iron Hands|quarkdriveatk\n|move|p1b: Smeargle|Follow Me|p1b: Smeargle\n|-singleturn|p1b: Smeargle|move: Follow Me\n|move|p1a: Muk|Minimize|p1a: Muk\n|-boost|p1a: Muk|evasion|2\n|move|p2b: Dusclops|Trick Room|p2b: Dusclops\n|-fieldstart|move: Trick Room|[of] p2b: Dusclops\n|\n|-ability|p1b: Smeargle|Moody|boost\n|-boost|p1b: Smeargle|spe|2\n|-unboost|p1b: Smeargle|atk|1\n|upkeep\n|turn|3\n|\n|t:|1740154829\n|move|p1b: Smeargle|Follow Me|p1b: Smeargle\n|-singleturn|p1b: Smeargle|move: Follow Me\n|move|p2b: Dusclops|Haze|p2b: Dusclops\n|-clearallboost\n|move|p2a: Iron Hands|Rock Slide|p1a: Muk|[spread] p1a,p1b\n|-damage|p1a: Muk|68\/100\n|-damage|p1b: Smeargle|0 fnt\n|faint|p1b: Smeargle\n|-ability|p1a: Muk|Moody|[from] ability: Power of Alchemy|[of] p1b: Smeargle\n|-damage|p2a: Iron Hands|91\/100|[from] item: Life Orb\n|move|p1a: Muk|Toxic|p2a: Iron Hands\n|-status|p2a: Iron Hands|tox\n|\n|-heal|p1a: Muk|74\/100|[from] item: Leftovers\n|-damage|p2a: Iron Hands|85\/100 tox|[from] psn\n|-ability|p1a: Muk|Moody|boost\n|-boost|p1a: Muk|spe|2\n|-unboost|p1a: Muk|atk|1\n|upkeep\n|\n|t:|1740154846\n|switch|p1b: Calyrex|Calyrex-Ice, L50|100\/100\n|-ability|p1b: Calyrex|As One\n|-ability|p1b: Calyrex|Unnerve\n|turn|4\n|\n|t:|1740154854\n|move|p2b: Dusclops|Helping Hand|p2a: Iron Hands\n|-singleturn|p2a: Iron Hands|Helping Hand|[of] p2b: Dusclops\n|move|p2a: Iron Hands|Close Combat|p1b: Calyrex\n|-damage|p1b: Calyrex|6\/100\n|-unboost|p2a: Iron Hands|def|1\n|-unboost|p2a: Iron Hands|spd|1\n|-damage|p2a: Iron Hands|75\/100 tox|[from] item: Life Orb\n|move|p1b: Calyrex|Glacial Lance|p2a: Iron Hands|[spread] p2a,p2b\n|-damage|p2a: Iron Hands|32\/100 tox\n|-damage|p2b: Dusclops|77\/100\n|move|p1a: Muk|Substitute|p1a: Muk\n|-start|p1a: Muk|Substitute\n|-damage|p1a: Muk|49\/100\n|\n|-heal|p1a: Muk|56\/100|[from] item: Leftovers\n|-damage|p2a: Iron Hands|19\/100 tox|[from] psn\n|-ability|p1a: Muk|Moody|boost\n|-boost|p1a: Muk|spa|2\n|-unboost|p1a: Muk|spe|1\n|upkeep\n|turn|5\n|\n|t:|1740154877\n|switch|p1b: Annihilape|Annihilape, L50, F|100\/100\n|move|p2b: Dusclops|Shadow Sneak|p1b: Annihilape\n|-supereffective|p1b: Annihilape\n|-damage|p1b: Annihilape|81\/100\n|move|p2a: Iron Hands|Close Combat|p1a: Muk\n|-end|p1a: Muk|Substitute\n|-unboost|p2a: Iron Hands|def|1\n|-unboost|p2a: Iron Hands|spd|1\n|-damage|p2a: Iron Hands|10\/100 tox|[from] item: Life Orb\n|move|p1a: Muk|Toxic|p2b: Dusclops\n|-status|p2b: Dusclops|tox\n|\n|-heal|p1a: Muk|62\/100|[from] item: Leftovers\n|-damage|p2b: Dusclops|71\/100 tox|[from] psn\n|-damage|p2a: Iron Hands|0 fnt|[from] psn\n|faint|p2a: Iron Hands\n|-end|p2a: Iron Hands|Quark Drive|[silent]\n|-fieldend|move: Electric Terrain\n|-ability|p1a: Muk|Moody|boost\n|-boost|p1a: Muk|spe|2\n|-unboost|p1a: Muk|spa|1\n|upkeep\n|\n|t:|1740154895\n|switch|p2a: Grimmsnarl|Grimmsnarl, L50, M|100\/100\n|turn|6\n|\n|t:|1740154903\n|switch|p1b: Calyrex|Calyrex-Ice, L50|6\/100\n|-ability|p1b: Calyrex|As One\n|-ability|p1b: Calyrex|Unnerve\n|move|p2b: Dusclops|Haze|p2b: Dusclops\n|-clearallboost\n|move|p1a: Muk|Minimize|p1a: Muk\n|-boost|p1a: Muk|evasion|2\n|move|p2a: Grimmsnarl|Spirit Break|p1b: Calyrex\n|-damage|p1b: Calyrex|0 fnt\n|faint|p1b: Calyrex\n|\n|-heal|p1a: Muk|68\/100|[from] item: Leftovers\n|-damage|p2b: Dusclops|59\/100 tox|[from] psn\n|-fieldend|move: Trick Room\n|-ability|p1a: Muk|Moody|boost\n|-boost|p1a: Muk|def|2\n|-unboost|p1a: Muk|spe|1\n|upkeep\n|\n|t:|1740154917\n|switch|p1b: Annihilape|Annihilape, L50, F|81\/100\n|turn|7\n|\n|t:|1740154937\n|move|p1b: Annihilape|Shadow Claw|p2b: Dusclops\n|-supereffective|p2b: Dusclops\n|-damage|p2b: Dusclops|30\/100 tox\n|move|p2a: Grimmsnarl|Spirit Break|p1b: Annihilape\n|-supereffective|p1b: Annihilape\n|-damage|p1b: Annihilape|17\/100\n|-unboost|p1b: Annihilape|spa|1\n|-ability|p1b: Annihilape|Defiant|boost\n|-boost|p1b: Annihilape|atk|2\n|move|p1a: Muk|Knock Off|p2b: Dusclops\n|-supereffective|p2b: Dusclops\n|-damage|p2b: Dusclops|0 fnt\n|-enditem|p2b: Dusclops|Eviolite|[from] move: Knock Off|[of] p1a: Muk\n|faint|p2b: Dusclops\n|\n|-heal|p1a: Muk|74\/100|[from] item: Leftovers\n|-ability|p1a: Muk|Moody|boost\n|-boost|p1a: Muk|spa|2\n|-unboost|p1a: Muk|def|1\n|upkeep\n|\n|t:|1740154953\n|switch|p2b: Miraidon|Miraidon, L50|100\/100\n|-fieldstart|move: Electric Terrain|[from] ability: Hadron Engine|[of] p2b: Miraidon\n|turn|8\n|\n|t:|1740154975\n|move|p2a: Grimmsnarl|Thunder Wave|p1b: Annihilape|[miss]\n|-miss|p2a: Grimmsnarl|p1b: Annihilape\n|move|p1b: Annihilape|Shadow Claw|p2b: Miraidon\n|-damage|p2b: Miraidon|42\/100\n|move|p2b: Miraidon|Dazzling Gleam|p1b: Annihilape|[spread] p1a,p1b\n|-supereffective|p1b: Annihilape\n|-damage|p1a: Muk|40\/100\n|-damage|p1b: Annihilape|0 fnt\n|faint|p1b: Annihilape\n|move|p1a: Muk|Minimize|p1a: Muk\n|-boost|p1a: Muk|evasion|2\n|\n|-heal|p1a: Muk|46\/100|[from] item: Leftovers\n|-ability|p1a: Muk|Moody|boost\n|-boost|p1a: Muk|spe|2\n|-unboost|p1a: Muk|atk|1\n|upkeep\n|turn|9\n|\n|t:|1740154994\n|move|p2a: Grimmsnarl|Thunder Wave|p1a: Muk\n|-hint|Since gen 7, Dark is immune to Prankster moves.\n|-immune|p1a: Muk\n|move|p2b: Miraidon|Dazzling Gleam|p1a: Muk\n|-damage|p1a: Muk|2\/100\n|move|p1a: Muk|Toxic|p2b: Miraidon\n|-status|p2b: Miraidon|tox\n|\n|-heal|p1a: Muk|8\/100|[from] item: Leftovers\n|-damage|p2b: Miraidon|36\/100 tox|[from] psn\n|-ability|p1a: Muk|Moody|boost\n|-boost|p1a: Muk|def|2\n|-unboost|p1a: Muk|spd|1\n|upkeep\n|turn|10\n|\n|t:|1740155008\n|move|p2b: Miraidon|Dazzling Gleam|p1a: Muk|[miss]\n|-miss|p2b: Miraidon|p1a: Muk\n|move|p1a: Muk|Minimize|p1a: Muk\n|-boost|p1a: Muk|evasion|2\n|move|p2a: Grimmsnarl|Spirit Break|p1a: Muk|[miss]\n|-miss|p2a: Grimmsnarl|p1a: Muk\n|\n|-heal|p1a: Muk|14\/100|[from] item: Leftovers\n|-damage|p2b: Miraidon|25\/100 tox|[from] psn\n|-ability|p1a: Muk|Moody|boost\n|-boost|p1a: Muk|spd|2\n|-unboost|p1a: Muk|spa|1\n|upkeep\n|turn|11\n|\n|t:|1740155023\n|move|p2b: Miraidon|Dazzling Gleam|p1a: Muk|[miss]\n|-miss|p2b: Miraidon|p1a: Muk\n|move|p1a: Muk|Toxic|p2a: Grimmsnarl\n|-status|p2a: Grimmsnarl|tox\n|move|p2a: Grimmsnarl|Spirit Break|p1a: Muk|[miss]\n|-miss|p2a: Grimmsnarl|p1a: Muk\n|\n|-heal|p1a: Muk|21\/100|[from] item: Leftovers\n|-damage|p2b: Miraidon|8\/100 tox|[from] psn\n|-damage|p2a: Grimmsnarl|95\/100 tox|[from] psn\n|-ability|p1a: Muk|Moody|boost\n|-boost|p1a: Muk|spd|2\n|-unboost|p1a: Muk|def|1\n|upkeep\n|turn|12\n|\n|t:|1740155037\n|move|p2b: Miraidon|Dazzling Gleam|p1a: Muk|[miss]\n|-miss|p2b: Miraidon|p1a: Muk\n|move|p1a: Muk|Minimize|p1a: Muk\n|-boost|p1a: Muk|evasion|0\n|move|p2a: Grimmsnarl|Spirit Break|p1a: Muk|[miss]\n|-miss|p2a: Grimmsnarl|p1a: Muk\n|\n|-heal|p1a: Muk|27\/100|[from] item: Leftovers\n|-damage|p2b: Miraidon|0 fnt|[from] psn\n|faint|p2b: Miraidon\n|-damage|p2a: Grimmsnarl|83\/100 tox|[from] psn\n|-fieldend|move: Electric Terrain\n|-ability|p1a: Muk|Moody|boost\n|-boost|p1a: Muk|def|2\n|-unboost|p1a: Muk|spa|1\n|upkeep\n|turn|13\n|c|\u2606pentagonSG|really 30%\n|\n|t:|1740155054\n|move|p1a: Muk|Substitute|p1a: Muk\n|-start|p1a: Muk|Substitute\n|-damage|p1a: Muk|2\/100\n|move|p2a: Grimmsnarl|Spirit Break|p1a: Muk|[miss]\n|-miss|p2a: Grimmsnarl|p1a: Muk\n|\n|-heal|p1a: Muk|8\/100|[from] item: Leftovers\n|-damage|p2a: Grimmsnarl|65\/100 tox|[from] psn\n|-ability|p1a: Muk|Moody|boost\n|-boost|p1a: Muk|spe|2\n|-unboost|p1a: Muk|spd|1\n|upkeep\n|turn|14\n|j| tetsuokaga\n|-message|pentagonSG forfeited.\n|\n|win|tplusplus\n|raw|tplusplus's rating: 1667 &rarr; <strong>1683<\/strong><br \/>(+16 for winning)\n|raw|pentagonSG's rating: 1591 &rarr; <strong>1575<\/strong><br \/>(-16 for losing)\n|l|\u2606pentagonSG\n|player|p2|\n|l| tetsuokaga\n|l|\u2606tplusplus\n|player|p1|\n","uploadtime":1740155298,"views":5,"formatid":"gen9vgc2025regg","rating":1575,"private":0,"password":null}