{"id":"gen9vgc2025regg-2305372404","format":"[Gen 9] VGC 2025 Reg G","players":["snadmonkey","parrotboy"],"log":"|j|\u2606snadmonkey\n|j|\u2606parrotboy\n|t:|1740178006\n|gametype|doubles\n|player|p1|snadmonkey|266|1582\n|player|p2|parrotboy|hiker-gen4|1556\n|teamsize|p1|6\n|teamsize|p2|6\n|gen|9\n|tier|[Gen 9] VGC 2025 Reg G\n|rated|\n|rule|Species Clause: Limit one of each Pok\u00e9mon\n|rule|Item Clause: Limit 1 of each item\n|clearpoke\n|poke|p1|Zamazenta-*, L50|\n|poke|p1|Weezing-Galar, L50, M|\n|poke|p1|Dondozo, L50, M|\n|poke|p1|Tatsugiri, L50, M|\n|poke|p1|Chien-Pao, L50|\n|poke|p1|Rillaboom, L50, F|\n|poke|p2|Zamazenta-*, L50|\n|poke|p2|Raichu, L50, M|\n|poke|p2|Gholdengo, L50|\n|poke|p2|Ogerpon-Wellspring, L50, F|\n|poke|p2|Politoed, L50, F|\n|poke|p2|Chien-Pao, L50|\n|teampreview|4\n|inactive|Battle timer is ON: inactive players will automatically lose when time's up. (requested by snadmonkey)\n|\n|t:|1740178027\n|start\n|switch|p1a: Zamazenta|Zamazenta-Crowned, L50|100\/100\n|switch|p1b: Weezing|Weezing-Galar, L50, M|100\/100\n|switch|p2a: Politoed|Politoed, L50, F|100\/100\n|switch|p2b: Ogerpon|Ogerpon-Wellspring, L50, F|100\/100\n|-ability|p1b: Weezing|Neutralizing Gas\n|turn|1\n|\n|t:|1740178037\n|move|p1a: Zamazenta|Body Press|p2a: Politoed\n|-damage|p2a: Politoed|53\/100\n|move|p2b: Ogerpon|Taunt|p1b: Weezing\n|-start|p1b: Weezing|move: Taunt\n|move|p2a: Politoed|Haze|p2a: Politoed\n|-clearallboost\n|cant|p1b: Weezing|move: Taunt|Poison Gas\n|\n|upkeep\n|turn|2\n|j| sauromon\n|\n|t:|1740178054\n|move|p2b: Ogerpon|Follow Me|p2b: Ogerpon\n|-singleturn|p2b: Ogerpon|move: Follow Me\n|move|p1a: Zamazenta|Body Press|p2b: Ogerpon\n|-damage|p2b: Ogerpon|57\/100\n|move|p2a: Politoed|Perish Song|p2a: Politoed\n|-start|p1a: Zamazenta|perish3|[silent]\n|-start|p1b: Weezing|perish3|[silent]\n|-start|p2a: Politoed|perish3|[silent]\n|-start|p2b: Ogerpon|perish3|[silent]\n|-fieldactivate|move: Perish Song\n|move|p1b: Weezing|Dazzling Gleam|p2b: Ogerpon|[spread] p2a,p2b\n|-damage|p2a: Politoed|37\/100\n|-damage|p2b: Ogerpon|43\/100\n|\n|-start|p1a: Zamazenta|perish3\n|-start|p2b: Ogerpon|perish3\n|-start|p2a: Politoed|perish3\n|-start|p1b: Weezing|perish3\n|upkeep\n|turn|3\n|\n|t:|1740178070\n|switch|p2a: Gholdengo|Gholdengo, L50|100\/100\n|move|p1a: Zamazenta|Body Press|p2a: Gholdengo\n|-immune|p2a: Gholdengo\n|move|p2b: Ogerpon|Taunt||[still]\n|-fail|p2b: Ogerpon\n|move|p1b: Weezing|Dazzling Gleam|p2a: Gholdengo|[spread] p2a,p2b\n|-resisted|p2a: Gholdengo\n|-damage|p2a: Gholdengo|93\/100\n|-damage|p2b: Ogerpon|29\/100\n|\n|-heal|p2a: Gholdengo|99\/100|[from] item: Leftovers\n|-end|p1b: Weezing|move: Taunt\n|-start|p1a: Zamazenta|perish2\n|-start|p2b: Ogerpon|perish2\n|-start|p1b: Weezing|perish2\n|upkeep\n|turn|4\n|\n|t:|1740178085\n|switch|p2b: Politoed|Politoed, L50, F|37\/100\n|move|p1a: Zamazenta|Body Press|p2b: Politoed\n|-damage|p2b: Politoed|0 fnt\n|faint|p2b: Politoed\n|move|p2a: Gholdengo|Nasty Plot|p2a: Gholdengo\n|-boost|p2a: Gholdengo|spa|2\n|move|p1b: Weezing|Toxic Spikes|p2a: Gholdengo\n|-sidestart|p2: parrotboy|move: Toxic Spikes\n|\n|-heal|p2a: Gholdengo|100\/100|[from] item: Leftovers\n|-start|p1a: Zamazenta|perish1\n|-start|p1b: Weezing|perish1\n|upkeep\n|\n|t:|1740178100\n|switch|p2b: Zamazenta|Zamazenta-Crowned, L50|100\/100\n|turn|5\n|j| Therazer456\n|\n|t:|1740178108\n|switch|p1a: Dondozo|Dondozo, L50, M|100\/100\n|-end|p1b: Weezing|ability: Neutralizing Gas\n|-ability|p2b: Zamazenta|Dauntless Shield|boost\n|-boost|p2b: Zamazenta|def|1\n|switch|p1b: Tatsugiri|Tatsugiri, L50, M|100\/100\n|-activate|p1b: Tatsugiri|ability: Commander|[of] p1a: Dondozo\n|-boost|p1a: Dondozo|atk|2\n|-boost|p1a: Dondozo|spa|2\n|-boost|p1a: Dondozo|spe|2\n|-boost|p1a: Dondozo|def|2\n|-boost|p1a: Dondozo|spd|2\n|move|p2b: Zamazenta|Body Press|p1a: Dondozo\n|-damage|p1a: Dondozo|87\/100\n|move|p2a: Gholdengo|Shadow Ball|p1b: Tatsugiri|[miss]\n|-miss|p2a: Gholdengo|p1b: Tatsugiri\n|\n|-heal|p1a: Dondozo|93\/100|[from] item: Leftovers\n|upkeep\n|turn|6\n|\n|t:|1740178132\n|-terastallize|p2b: Zamazenta|Grass\n|move|p2b: Zamazenta|Iron Defense|p2b: Zamazenta\n|-boost|p2b: Zamazenta|def|2\n|move|p1a: Dondozo|Earthquake|p2a: Gholdengo|[spread] p2a,p2b\n|-miss|p1a: Dondozo|p1b: Tatsugiri\n|-supereffective|p2a: Gholdengo\n|-resisted|p2b: Zamazenta\n|-damage|p2a: Gholdengo|42\/100\n|-damage|p2b: Zamazenta|91\/100\n|move|p2a: Gholdengo|Nasty Plot|p2a: Gholdengo\n|-boost|p2a: Gholdengo|spa|2\n|\n|-heal|p1a: Dondozo|99\/100|[from] item: Leftovers\n|-heal|p2a: Gholdengo|48\/100|[from] item: Leftovers\n|upkeep\n|turn|7\n|\n|t:|1740178150\n|move|p2a: Gholdengo|Protect|p2a: Gholdengo\n|-singleturn|p2a: Gholdengo|Protect\n|move|p2b: Zamazenta|Body Press|p1a: Dondozo\n|-damage|p1a: Dondozo|86\/100\n|move|p1a: Dondozo|Order Up|p2b: Zamazenta\n|-damage|p2b: Zamazenta|71\/100\n|-boost|p1a: Dondozo|atk|1\n|\n|-heal|p1a: Dondozo|93\/100|[from] item: Leftovers\n|-heal|p2a: Gholdengo|54\/100|[from] item: Leftovers\n|upkeep\n|turn|8\n|-message|parrotboy forfeited.\n|\n|win|snadmonkey\n|raw|snadmonkey's rating: 1582 &rarr; <strong>1601<\/strong><br \/>(+19 for winning)\n|raw|parrotboy's rating: 1556 &rarr; <strong>1537<\/strong><br \/>(-19 for losing)\n|l|\u2606parrotboy\n|player|p2|\n|l| sauromon\n","uploadtime":1740178386,"views":11,"formatid":"gen9vgc2025regg","rating":1537,"private":0,"password":null}