{"id":"gen9vgc2025regg-2305779667","format":"[Gen 9] VGC 2025 Reg G","players":["Roshavola","kiwigal"],"log":"|j|\u2606Roshavola\n|j|\u2606kiwigal\n|t:|1740244520\n|gametype|doubles\n|player|p1|Roshavola|scientistf|1650\n|player|p2|kiwigal|emma|1622\n|teamsize|p1|6\n|teamsize|p2|6\n|gen|9\n|tier|[Gen 9] VGC 2025 Reg G\n|rated|\n|rule|Species Clause: Limit one of each Pok\u00e9mon\n|rule|Item Clause: Limit 1 of each item\n|clearpoke\n|poke|p1|Groudon, L50|\n|poke|p1|Rotom-Heat, L50|\n|poke|p1|Flutter Mane, L50|\n|poke|p1|Incineroar, L50, M|\n|poke|p1|Rillaboom, L50, F|\n|poke|p1|Walking Wake, L50|\n|poke|p2|Grimmsnarl, L50, M|\n|poke|p2|Ogerpon-Cornerstone, L50, F|\n|poke|p2|Calyrex-Ice, L50|\n|poke|p2|Raging Bolt, L50|\n|poke|p2|Urshifu-*, L50, M|\n|poke|p2|Landorus, L50, M|\n|teampreview|4\n|inactive|Battle timer is ON: inactive players will automatically lose when time's up. (requested by Roshavola)\n|\n|t:|1740244566\n|start\n|switch|p1a: Quake|Groudon, L50|100\/100\n|switch|p1b: Boomer|Flutter Mane, L50|100\/100\n|switch|p2a: Grimmsnarl|Grimmsnarl, L50, M|100\/100\n|switch|p2b: Landorus|Landorus, L50, M|100\/100\n|-weather|SunnyDay|[from] ability: Drought|[of] p1a: Quake\n|-activate|p1b: Boomer|ability: Protosynthesis\n|-start|p1b: Boomer|protosynthesisspe\n|turn|1\n|inactive|Roshavola has 30 seconds left.\n|\n|t:|1740244592\n|move|p1a: Quake|Helping Hand|p1b: Boomer\n|-singleturn|p1b: Boomer|Helping Hand|[of] p1a: Quake\n|move|p2a: Grimmsnarl|Light Screen|p2a: Grimmsnarl\n|-sidestart|p2: kiwigal|move: Light Screen\n|move|p1b: Boomer|Dazzling Gleam|p2b: Landorus|[spread] p2a,p2b\n|-supereffective|p2a: Grimmsnarl\n|-damage|p2a: Grimmsnarl|17\/100\n|-damage|p2b: Landorus|40\/100\n|move|p2b: Landorus|Sandsear Storm|p1a: Quake|[spread] p1a\n|-miss|p2b: Landorus|p1b: Boomer\n|-damage|p1a: Quake|48\/100\n|\n|-weather|SunnyDay|[upkeep]\n|upkeep\n|turn|2\n|\n|t:|1740244605\n|move|p1a: Quake|Protect|p1a: Quake\n|-singleturn|p1a: Quake|Protect\n|move|p2a: Grimmsnarl|Thunder Wave|p1b: Boomer\n|-status|p1b: Boomer|par\n|move|p2b: Landorus|Sandsear Storm|p1a: Quake|[spread] p1b\n|-activate|p1a: Quake|move: Protect\n|-damage|p1b: Boomer|42\/100 par\n|move|p1b: Boomer|Dazzling Gleam|p2b: Landorus|[spread] p2a,p2b\n|-supereffective|p2a: Grimmsnarl\n|-damage|p2a: Grimmsnarl|0 fnt\n|-damage|p2b: Landorus|2\/100\n|faint|p2a: Grimmsnarl\n|\n|-weather|SunnyDay|[upkeep]\n|upkeep\n|j| judang\n|inactive|kiwigal has 30 seconds left.\n|\n|t:|1740244632\n|switch|p2a: Raging Bolt|Raging Bolt, L50|100\/100\n|-activate|p2a: Raging Bolt|ability: Protosynthesis\n|-start|p2a: Raging Bolt|protosynthesisspa\n|turn|3\n|\n|t:|1740244654\n|switch|p1a: Incineroar|Incineroar, L50, M|100\/100\n|-ability|p1a: Incineroar|Intimidate|boost\n|-unboost|p2a: Raging Bolt|atk|1\n|-unboost|p2b: Landorus|atk|1\n|move|p2a: Raging Bolt|Thunderclap|p1b: Boomer\n|-damage|p1b: Boomer|0 fnt\n|faint|p1b: Boomer\n|-end|p1b: Boomer|Protosynthesis|[silent]\n|move|p2b: Landorus|Earth Power|p1a: Incineroar\n|-supereffective|p1a: Incineroar\n|-damage|p1a: Incineroar|0 fnt\n|faint|p1a: Incineroar\n|\n|-weather|SunnyDay|[upkeep]\n|upkeep\n|\n|t:|1740244662\n|switch|p1b: Quake|Groudon, L50|48\/100\n|switch|p1a: Walking Wake|Walking Wake, L50|100\/100\n|-activate|p1a: Walking Wake|ability: Protosynthesis\n|-start|p1a: Walking Wake|protosynthesisspa\n|turn|4\n|\n|t:|1740244687\n|-terastallize|p2a: Raging Bolt|Electric\n|move|p2a: Raging Bolt|Thunderclap|p1a: Walking Wake\n|-damage|p1a: Walking Wake|27\/100\n|move|p1a: Walking Wake|Weather Ball|p2b: Landorus\n|-damage|p2b: Landorus|0 fnt\n|faint|p2b: Landorus\n|move|p1b: Quake|Precipice Blades|p2a: Raging Bolt\n|-supereffective|p2a: Raging Bolt\n|-damage|p2a: Raging Bolt|0 fnt\n|faint|p2a: Raging Bolt\n|-end|p2a: Raging Bolt|Protosynthesis|[silent]\n|\n|-weather|SunnyDay|[upkeep]\n|upkeep\n|\n|t:|1740244696\n|switch|p2b: Calyrex|Calyrex-Ice, L50|100\/100\n|-ability|p2b: Calyrex|As One\n|-ability|p2b: Calyrex|Unnerve\n|turn|5\n|j| mr pogostick\n|\n|t:|1740244716\n|-terastallize|p1a: Walking Wake|Fire\n|move|p2b: Calyrex|Protect|p2b: Calyrex\n|-singleturn|p2b: Calyrex|Protect\n|move|p1a: Walking Wake|Weather Ball|p2b: Calyrex\n|-activate|p2b: Calyrex|move: Protect\n|move|p1b: Quake|Heat Crash|p2b: Calyrex\n|-activate|p2b: Calyrex|move: Protect\n|\n|-weather|none\n|-end|p1a: Walking Wake|Protosynthesis\n|upkeep\n|turn|6\n|\n|t:|1740244731\n|move|p1b: Quake|Protect|p1b: Quake\n|-singleturn|p1b: Quake|Protect\n|move|p1a: Walking Wake|Hydro Steam|p2b: Calyrex\n|-damage|p2b: Calyrex|82\/100\n|move|p2b: Calyrex|Glacial Lance|p1a: Walking Wake|[spread] p1a\n|-activate|p1b: Quake|move: Protect\n|-resisted|p1a: Walking Wake\n|-damage|p1a: Walking Wake|0 fnt\n|faint|p1a: Walking Wake\n|-end|p1a: Walking Wake|Protosynthesis|[silent]\n|-ability|p2b: Calyrex|Chilling Neigh|boost\n|-boost|p2b: Calyrex|atk|1\n|\n|upkeep\n|turn|7\n|c|\u2606Roshavola|gg\n|c|\u2606kiwigal|ggs\n|\n|t:|1740244746\n|move|p1b: Quake|Heat Crash|p2b: Calyrex\n|-supereffective|p2b: Calyrex\n|-damage|p2b: Calyrex|62\/100\n|move|p2b: Calyrex|Glacial Lance|p1b: Quake\n|-supereffective|p1b: Quake\n|-damage|p1b: Quake|0 fnt\n|faint|p1b: Quake\n|\n|win|kiwigal\n|raw|Roshavola's rating: 1650 &rarr; <strong>1628<\/strong><br \/>(-22 for losing)\n|raw|kiwigal's rating: 1622 &rarr; <strong>1644<\/strong><br \/>(+22 for winning)\n|l|\u2606kiwigal\n|player|p2|\n|l|\u2606Roshavola\n|player|p1|\n|l| judang\n|l| mr pogostick\n","uploadtime":1740244979,"views":2,"formatid":"gen9vgc2025regg","rating":1628,"private":0,"password":null}