{"id":"gen9vgc2025regg-2305734635","format":"[Gen 9] VGC 2025 Reg G","players":["zhz2021","Anna giacristo"],"log":"|j|\u2606zhz2021\n|j|\u2606Anna giacristo\n|t:|1740238701\n|gametype|doubles\n|player|p1|zhz2021|marley|1634\n|player|p2|Anna giacristo|170|1583\n|teamsize|p1|6\n|teamsize|p2|6\n|gen|9\n|tier|[Gen 9] VGC 2025 Reg G\n|rated|\n|rule|Species Clause: Limit one of each Pok\u00e9mon\n|rule|Item Clause: Limit 1 of each item\n|clearpoke\n|poke|p1|Urshifu-*, L50, F|\n|poke|p1|Bruxish, L50, F|\n|poke|p1|Smeargle, L50, F|\n|poke|p1|Calyrex-Ice, L50|\n|poke|p1|Tornadus, L50, M|\n|poke|p1|Indeedee-F, L50, F|\n|poke|p2|Calyrex-Shadow, L50|\n|poke|p2|Maushold-Four, L50|\n|poke|p2|Dondozo, L50, F|\n|poke|p2|Tatsugiri-Droopy, L50, F|\n|poke|p2|Weezing-Galar, L50, F|\n|poke|p2|Iron Hands, L50|\n|teampreview|4\n|\n|t:|1740238723\n|start\n|switch|p1a: Bruxish|Bruxish, L50, F, shiny|100\/100\n|switch|p1b: Smeargle|Smeargle, L50, F, shiny|100\/100\n|switch|p2a: Weezing|Weezing-Galar, L50, F|100\/100\n|switch|p2b: Iron Hands|Iron Hands, L50, shiny|100\/100\n|-ability|p2a: Weezing|Neutralizing Gas\n|turn|1\n|j| Ouisbesttier\n|\n|t:|1740238743\n|move|p1b: Smeargle|Fake Out|p2b: Iron Hands\n|-damage|p2b: Iron Hands|97\/100\n|cant|p2b: Iron Hands|flinch\n|move|p2a: Weezing|Taunt|p1a: Bruxish\n|-start|p1a: Bruxish|move: Taunt\n|cant|p1a: Bruxish|move: Taunt|Trick Room\n|\n|upkeep\n|turn|2\n|\n|t:|1740238765\n|move|p1a: Bruxish|Psychic Fangs|p2b: Iron Hands\n|-supereffective|p2b: Iron Hands\n|-damage|p2b: Iron Hands|41\/100\n|move|p2a: Weezing|Poison Gas|p1a: Bruxish|[spread] p1a,p1b\n|-status|p1a: Bruxish|psn\n|-status|p1b: Smeargle|psn\n|move|p1b: Smeargle|Spore|p2a: Weezing\n|-status|p2a: Weezing|slp|[from] move: Spore\n|move|p2b: Iron Hands|Drain Punch|p1b: Smeargle\n|-supereffective|p1b: Smeargle\n|-damage|p1b: Smeargle|0 fnt\n|-heal|p2b: Iron Hands|75\/100|[from] drain|[of] p1b: Smeargle\n|faint|p1b: Smeargle\n|\n|-damage|p1a: Bruxish|88\/100 psn|[from] psn\n|upkeep\n|\n|t:|1740238771\n|switch|p1b: Calyrex|Calyrex-Ice, L50|100\/100\n|-ability|p1b: Calyrex|As One\n|-ability|p1b: Calyrex|Unnerve\n|turn|3\n|inactive|Battle timer is ON: inactive players will automatically lose when time's up. (requested by zhz2021)\n|\n|t:|1740238804\n|cant|p2a: Weezing|slp\n|move|p1b: Calyrex|Glacial Lance|p2b: Iron Hands|[spread] p2a,p2b\n|-damage|p2a: Weezing|50\/100 slp\n|-damage|p2b: Iron Hands|31\/100\n|move|p1a: Bruxish|Psychic Fangs|p2b: Iron Hands\n|-supereffective|p2b: Iron Hands\n|-damage|p2b: Iron Hands|0 fnt\n|faint|p2b: Iron Hands\n|-end|p2b: Iron Hands|Quark Drive|[silent]\n|\n|-damage|p1a: Bruxish|76\/100 psn|[from] psn\n|-end|p1a: Bruxish|move: Taunt\n|upkeep\n|\n|t:|1740238813\n|switch|p2b: Calyrex|Calyrex-Shadow, L50|100\/100\n|-ability|p2b: Calyrex|As One\n|-ability|p2b: Calyrex|Unnerve\n|turn|4\n|\n|t:|1740238830\n|-end|p2a: Weezing|ability: Neutralizing Gas\n|switch|p2a: Maushold|Maushold-Four, L50|100\/100\n|-terastallize|p2b: Calyrex|Ghost\n|-terastallize|p1a: Bruxish|Normal\n|move|p1b: Calyrex|Protect|p1b: Calyrex\n|-singleturn|p1b: Calyrex|Protect\n|move|p2b: Calyrex|Astral Barrage|p1a: Bruxish|[spread] \n|-activate|p1b: Calyrex|move: Protect\n|-immune|p1a: Bruxish\n|move|p1a: Bruxish|Trick Room|p1a: Bruxish\n|-fieldstart|move: Trick Room|[of] p1a: Bruxish\n|\n|-damage|p1a: Bruxish|64\/100 psn|[from] psn\n|upkeep\n|turn|5\n|\n|t:|1740238845\n|switch|p2a: Weezing|Weezing-Galar, L50, F|50\/100 slp\n|-ability|p2a: Weezing|Neutralizing Gas\n|move|p1a: Bruxish|Super Fang|p2a: Weezing\n|-damage|p2a: Weezing|25\/100 slp\n|move|p1b: Calyrex|Glacial Lance|p2b: Calyrex|[spread] p2a,p2b\n|-damage|p2a: Weezing|0 fnt\n|-damage|p2b: Calyrex|27\/100\n|faint|p2a: Weezing\n|-end|p2a: Weezing|ability: Neutralizing Gas\n|-ability|p1b: Calyrex|Chilling Neigh|boost\n|-boost|p1b: Calyrex|atk|1\n|move|p2b: Calyrex|Astral Barrage|p1b: Calyrex|[spread] p1b\n|-immune|p1a: Bruxish\n|-supereffective|p1b: Calyrex\n|-damage|p1b: Calyrex|0 fnt\n|faint|p1b: Calyrex\n|-ability|p2b: Calyrex|Grim Neigh|boost\n|-boost|p2b: Calyrex|spa|1\n|\n|-damage|p1a: Bruxish|52\/100 psn|[from] psn\n|upkeep\n|\n|t:|1740238858\n|switch|p2a: Maushold|Maushold-Four, L50|100\/100\n|switch|p1b: Urshifu|Urshifu, L50, F|100\/100\n|turn|6\n|\n|t:|1740238870\n|move|p2a: Maushold|Follow Me|p2a: Maushold\n|-singleturn|p2a: Maushold|move: Follow Me\n|move|p1a: Bruxish|Psychic Fangs|p2a: Maushold\n|-damage|p2a: Maushold|57\/100\n|-damage|p1a: Bruxish|36\/100 psn|[from] item: Rocky Helmet|[of] p2a: Maushold\n|move|p1b: Urshifu|Wicked Blow|p2a: Maushold\n|-crit|p2a: Maushold\n|-damage|p2a: Maushold|0 fnt\n|-damage|p1b: Urshifu|84\/100|[from] item: Rocky Helmet|[of] p2a: Maushold\n|faint|p2a: Maushold\n|move|p2b: Calyrex|Astral Barrage|p1a: Bruxish|[spread] p1b\n|-immune|p1a: Bruxish\n|-resisted|p1b: Urshifu\n|-damage|p1b: Urshifu|0 fnt\n|faint|p1b: Urshifu\n|-ability|p2b: Calyrex|Grim Neigh|boost\n|-boost|p2b: Calyrex|spa|1\n|\n|-damage|p1a: Bruxish|24\/100 psn|[from] psn\n|upkeep\n|turn|7\n|\n|t:|1740238891\n|move|p1a: Bruxish|Psychic Fangs|p2b: Calyrex\n|-damage|p2b: Calyrex|0 fnt\n|faint|p2b: Calyrex\n|\n|win|zhz2021\n|raw|zhz2021's rating: 1634 &rarr; <strong>1651<\/strong><br \/>(+17 for winning)\n|raw|Anna giacristo's rating: 1583 &rarr; <strong>1566<\/strong><br \/>(-17 for losing)\n|l|\u2606Anna giacristo\n|player|p2|\n|l|\u2606zhz2021\n|player|p1|\n|l| Ouisbesttier\n","uploadtime":1740239085,"views":3,"formatid":"gen9vgc2025regg","rating":1566,"private":0,"password":null}