{"id":"gen9vgc2025regg-2305499603","format":"[Gen 9] VGC 2025 Reg G","players":["leoscerni","Tempest Flute"],"log":"|j|\u2606leoscerni\n|j|\u2606Tempest Flute\n|t:|1740195280\n|gametype|doubles\n|player|p1|leoscerni|169|1600\n|player|p2|Tempest Flute|policeman-gen4|1705\n|teamsize|p1|6\n|teamsize|p2|6\n|gen|9\n|tier|[Gen 9] VGC 2025 Reg G\n|rated|\n|rule|Species Clause: Limit one of each Pok\u00e9mon\n|rule|Item Clause: Limit 1 of each item\n|clearpoke\n|poke|p1|Calyrex-Shadow, L50|\n|poke|p1|Indeedee-F, L50, F|\n|poke|p1|Urshifu-*, L50, F|\n|poke|p1|Weezing-Galar, L50, M|\n|poke|p1|Dondozo, L50, F|\n|poke|p1|Tatsugiri-Droopy, L50, F|\n|poke|p2|Kyogre, L50|\n|poke|p2|Tornadus, L50, M|\n|poke|p2|Tsareena, L50, F|\n|poke|p2|Urshifu-*, L50, M|\n|poke|p2|Chien-Pao, L50|\n|poke|p2|Rillaboom, L50, F|\n|teampreview|4\n|inactive|Battle timer is ON: inactive players will automatically lose when time's up. (requested by Tempest Flute)\n|\n|t:|1740195307\n|start\n|switch|p1a: Calyrex|Calyrex-Shadow, L50|100\/100\n|switch|p1b: Weezing|Weezing-Galar, L50, M|100\/100\n|switch|p2a: Chien-Pao|Chien-Pao, L50|100\/100\n|switch|p2b: Tornadus|Tornadus, L50, M|100\/100\n|-ability|p1b: Weezing|Neutralizing Gas\n|-ability|p1a: Calyrex|As One\n|-ability|p1a: Calyrex|Unnerve\n|turn|1\n|\n|t:|1740195326\n|-terastallize|p1a: Calyrex|Fairy\n|-terastallize|p2a: Chien-Pao|Stellar\n|move|p2a: Chien-Pao|Sucker Punch|p1a: Calyrex\n|-resisted|p1a: Calyrex\n|-damage|p1a: Calyrex|76\/100\n|move|p1a: Calyrex|Astral Barrage|p2b: Tornadus|[spread] p2a,p2b\n|-resisted|p2a: Chien-Pao\n|-damage|p2a: Chien-Pao|39\/100\n|-damage|p2b: Tornadus|27\/100\n|-damage|p1a: Calyrex|66\/100|[from] item: Life Orb\n|move|p2b: Tornadus|Taunt|p1b: Weezing\n|-start|p1b: Weezing|move: Taunt\n|move|p1b: Weezing|Strange Steam|p2a: Chien-Pao\n|-supereffective|p2a: Chien-Pao\n|-damage|p2a: Chien-Pao|0 fnt\n|faint|p2a: Chien-Pao\n|\n|upkeep\n|\n|t:|1740195333\n|switch|p2a: Rillaboom|Rillaboom, L50, F|100\/100\n|turn|2\n|inactive|leoscerni has 30 seconds left.\n|\n|t:|1740195362\n|move|p2a: Rillaboom|Fake Out|p1a: Calyrex\n|-damage|p1a: Calyrex|52\/100\n|cant|p1a: Calyrex|flinch\n|move|p2b: Tornadus|Tailwind|p2b: Tornadus\n|-sidestart|p2: Tempest Flute|move: Tailwind\n|move|p1b: Weezing|Strange Steam|p2b: Tornadus\n|-damage|p2b: Tornadus|0 fnt\n|faint|p2b: Tornadus\n|\n|upkeep\n|\n|t:|1740195371\n|switch|p2b: Kyogre|Kyogre, L50, shiny|100\/100\n|turn|3\n|j| Roman_Legend\n|\n|t:|1740195391\n|move|p1a: Calyrex|Protect|p1a: Calyrex\n|-singleturn|p1a: Calyrex|Protect\n|move|p2b: Kyogre|Water Spout|p1a: Calyrex|[spread] p1b\n|-activate|p1a: Calyrex|move: Protect\n|-damage|p1b: Weezing|27\/100\n|move|p2a: Rillaboom|High Horsepower|p1b: Weezing\n|-supereffective|p1b: Weezing\n|-damage|p1b: Weezing|0 fnt\n|faint|p1b: Weezing\n|-end|p1b: Weezing|ability: Neutralizing Gas\n|-weather|RainDance|[from] ability: Drizzle|[of] p2b: Kyogre\n|-fieldstart|move: Grassy Terrain|[from] ability: Grassy Surge|[of] p2a: Rillaboom\n|\n|-weather|RainDance|[upkeep]\n|-heal|p1a: Calyrex|58\/100|[from] Grassy Terrain\n|upkeep\n|\n|t:|1740195408\n|switch|p1b: Dondozo|Dondozo, L50, F|100\/100\n|turn|4\n|\n|t:|1740195424\n|switch|p1a: Tatsugiri|Tatsugiri-Droopy, L50, F|100\/100\n|-activate|p1a: Tatsugiri|ability: Commander|[of] p1b: Dondozo\n|-boost|p1b: Dondozo|atk|2\n|-boost|p1b: Dondozo|spa|2\n|-boost|p1b: Dondozo|spe|2\n|-boost|p1b: Dondozo|def|2\n|-boost|p1b: Dondozo|spd|2\n|move|p2b: Kyogre|Water Spout|p1a: Tatsugiri|[spread] p1b\n|-miss|p2b: Kyogre|p1a: Tatsugiri\n|-resisted|p1b: Dondozo\n|-damage|p1b: Dondozo|74\/100\n|move|p2a: Rillaboom|Wood Hammer|p1b: Dondozo\n|-supereffective|p1b: Dondozo\n|-crit|p1b: Dondozo\n|-damage|p1b: Dondozo|0 fnt\n|faint|p1b: Dondozo\n|-damage|p2a: Rillaboom|74\/100|[from] Recoil\n|\n|-weather|RainDance|[upkeep]\n|-heal|p2a: Rillaboom|80\/100|[from] Grassy Terrain\n|upkeep\n|\n|t:|1740195442\n|switch|p1b: Calyrex|Calyrex-Shadow, L50, tera:Fairy|58\/100\n|-ability|p1b: Calyrex|As One\n|-ability|p1b: Calyrex|Unnerve\n|turn|5\n|\n|t:|1740195445\n|move|p1b: Calyrex|Protect|p1b: Calyrex\n|-singleturn|p1b: Calyrex|Protect\n|move|p1a: Tatsugiri|Protect|p1a: Tatsugiri\n|-singleturn|p1a: Tatsugiri|Protect\n|move|p2b: Kyogre|Water Spout|p1b: Calyrex|[spread] \n|-activate|p1a: Tatsugiri|move: Protect\n|-activate|p1b: Calyrex|move: Protect\n|move|p2a: Rillaboom|Wood Hammer|p1a: Tatsugiri\n|-activate|p1a: Tatsugiri|move: Protect\n|\n|-weather|RainDance|[upkeep]\n|-heal|p2a: Rillaboom|86\/100|[from] Grassy Terrain\n|-heal|p1b: Calyrex|64\/100|[from] Grassy Terrain\n|-sideend|p2: Tempest Flute|move: Tailwind\n|upkeep\n|turn|6\n|\n|t:|1740195456\n|move|p1a: Tatsugiri|Helping Hand|p1b: Calyrex\n|-singleturn|p1b: Calyrex|Helping Hand|[of] p1a: Tatsugiri\n|move|p2b: Kyogre|Protect|p2b: Kyogre\n|-singleturn|p2b: Kyogre|Protect\n|move|p1b: Calyrex|Astral Barrage|p2b: Kyogre|[spread] p2a\n|-activate|p2b: Kyogre|move: Protect\n|-damage|p2a: Rillaboom|8\/100\n|-damage|p1b: Calyrex|54\/100|[from] item: Life Orb\n|move|p2a: Rillaboom|Wood Hammer|p1b: Calyrex\n|-damage|p1b: Calyrex|0 fnt\n|faint|p1b: Calyrex\n|-damage|p2a: Rillaboom|0 fnt|[from] Recoil\n|faint|p2a: Rillaboom\n|\n|-weather|RainDance|[upkeep]\n|upkeep\n|turn|7\n|\n|t:|1740195482\n|move|p1a: Tatsugiri|Protect|p1a: Tatsugiri\n|-singleturn|p1a: Tatsugiri|Protect\n|move|p2b: Kyogre|Ice Beam|p1a: Tatsugiri\n|-activate|p1a: Tatsugiri|move: Protect\n|\n|-weather|none\n|-fieldend|move: Grassy Terrain\n|upkeep\n|turn|8\n|\n|t:|1740195488\n|move|p2b: Kyogre|Ice Beam|p1a: Tatsugiri\n|-damage|p1a: Tatsugiri|58\/100\n|move|p1a: Tatsugiri|Draco Meteor|p2b: Kyogre\n|-damage|p2b: Kyogre|45\/100\n|-unboost|p1a: Tatsugiri|spa|2\n|\n|upkeep\n|turn|9\n|\n|t:|1740195499\n|move|p2b: Kyogre|Ice Beam|p1a: Tatsugiri\n|-damage|p1a: Tatsugiri|14\/100\n|-status|p1a: Tatsugiri|frz\n|-curestatus|p1a: Tatsugiri|frz|[msg]\n|move|p1a: Tatsugiri|Draco Meteor|p2b: Kyogre\n|-damage|p2b: Kyogre|18\/100\n|-unboost|p1a: Tatsugiri|spa|2\n|\n|upkeep\n|turn|10\n|\n|t:|1740195511\n|move|p2b: Kyogre|Ice Beam|p1a: Tatsugiri\n|-crit|p1a: Tatsugiri\n|-damage|p1a: Tatsugiri|0 fnt\n|faint|p1a: Tatsugiri\n|\n|win|Tempest Flute\n|raw|leoscerni's rating: 1600 &rarr; <strong>1586<\/strong><br \/>(-14 for losing)\n|raw|Tempest Flute's rating: 1705 &rarr; <strong>1719<\/strong><br \/>(+14 for winning)\n|l|\u2606Tempest Flute\n|player|p2|\n|l|\u2606leoscerni\n|player|p1|\n","uploadtime":1740195723,"views":3,"formatid":"gen9vgc2025regg","rating":1586,"private":0,"password":null}