{"id":"gen9vgc2025regg-2305102543","format":"[Gen 9] VGC 2025 Reg G","players":["cammmmy","KogaAF1219"],"log":"|j|\u2606cammmmy\n|j|\u2606KogaAF1219\n|t:|1740149036\n|gametype|doubles\n|player|p1|cammmmy|169|1529\n|player|p2|KogaAF1219|169|1607\n|teamsize|p1|6\n|teamsize|p2|6\n|gen|9\n|tier|[Gen 9] VGC 2025 Reg G\n|rated|\n|rule|Species Clause: Limit one of each Pok\u00e9mon\n|rule|Item Clause: Limit 1 of each item\n|clearpoke\n|poke|p1|Indeedee-F, L50, F|\n|poke|p1|Chi-Yu, L50|\n|poke|p1|Weezing, L50, M|\n|poke|p1|Incineroar, L50, M|\n|poke|p1|Calyrex-Shadow, L50|\n|poke|p1|Ogerpon-Wellspring, L50, F|\n|poke|p2|Koraidon, L50|\n|poke|p2|Indeedee, L50, M|\n|poke|p2|Whimsicott, L50, M|\n|poke|p2|Torkoal, L50, F|\n|poke|p2|Chi-Yu, L50|\n|poke|p2|Ogerpon-Cornerstone, L50, F|\n|teampreview|4\nKogaAF1219 has agreed to open team sheets.\n|j| Eggy068\n|\n|t:|1740149073\n|start\n|switch|p1a: Weezing|Weezing, L50, M|100\/100\n|switch|p1b: Calyrex|Calyrex-Shadow, L50|100\/100\n|switch|p2a: Indeedee|Indeedee, L50, M|100\/100\n|switch|p2b: Chi-Yu|Chi-Yu, L50|100\/100\n|-ability|p1a: Weezing|Neutralizing Gas\n|-ability|p1b: Calyrex|As One\n|-ability|p1b: Calyrex|Unnerve\n|turn|1\n|\n|t:|1740149118\n|-end|p1a: Weezing|ability: Neutralizing Gas\n|-ability|p2b: Chi-Yu|Beads of Ruin\n|-fieldstart|move: Psychic Terrain|[from] ability: Psychic Surge|[of] p2a: Indeedee\n|switch|p1a: Chi-Yu|Chi-Yu, L50|100\/100\n|-ability|p1a: Chi-Yu|Beads of Ruin\n|move|p1b: Calyrex|Protect|p1b: Calyrex\n|-singleturn|p1b: Calyrex|Protect\n|move|p2b: Chi-Yu|Snarl|p1b: Calyrex|[spread] p1a\n|-activate|p1b: Calyrex|move: Protect\n|-resisted|p1a: Chi-Yu\n|-damage|p1a: Chi-Yu|89\/100\n|-unboost|p1a: Chi-Yu|spa|1\n|move|p2a: Indeedee|Expanding Force|p1b: Calyrex|[spread] \n|-activate|p1b: Calyrex|move: Protect\n|-immune|p1a: Chi-Yu\n|\n|upkeep\n|turn|2\n|j| ChilledLotusA\n|\n|t:|1740149138\n|-terastallize|p1b: Calyrex|Fairy\n|-terastallize|p2a: Indeedee|Fairy\n|move|p2b: Chi-Yu|Snarl|p1b: Calyrex|[spread] p1a,p1b\n|-resisted|p1a: Chi-Yu\n|-resisted|p1b: Calyrex\n|-damage|p1a: Chi-Yu|78\/100\n|-damage|p1b: Calyrex|88\/100\n|-unboost|p1a: Chi-Yu|spa|1\n|-unboost|p1b: Calyrex|spa|1\n|move|p1a: Chi-Yu|Snarl|p2b: Chi-Yu|[spread] p2a,p2b\n|-resisted|p2a: Indeedee\n|-resisted|p2b: Chi-Yu\n|-damage|p2a: Indeedee|90\/100\n|-damage|p2b: Chi-Yu|94\/100\n|-unboost|p2a: Indeedee|spa|1\n|-unboost|p2b: Chi-Yu|spa|1\n|move|p1b: Calyrex|Draining Kiss|p2b: Chi-Yu\n|-damage|p2b: Chi-Yu|55\/100\n|-heal|p1b: Calyrex|100\/100|[from] drain|[of] p2b: Chi-Yu\n|-damage|p1b: Calyrex|90\/100|[from] item: Life Orb\n|move|p2a: Indeedee|Trick Room|p2a: Indeedee\n|-fieldstart|move: Trick Room|[of] p2a: Indeedee\n|\n|upkeep\n|turn|3\n|\n|t:|1740149155\n|switch|p2b: Torkoal|Torkoal, L50, F|100\/100\n|-weather|SunnyDay|[from] ability: Drought|[of] p2b: Torkoal\n|move|p2a: Indeedee|Dazzling Gleam|p1b: Calyrex|[spread] p1a,p1b\n|-damage|p1a: Chi-Yu|59\/100\n|-damage|p1b: Calyrex|68\/100\n|move|p1b: Calyrex|Astral Barrage|p2b: Torkoal|[spread] p2a,p2b\n|-damage|p2a: Indeedee|0 fnt\n|-damage|p2b: Torkoal|16\/100\n|faint|p2a: Indeedee\n|-ability|p1b: Calyrex|Grim Neigh|boost\n|-boost|p1b: Calyrex|spa|1\n|-damage|p1b: Calyrex|58\/100|[from] item: Life Orb\n|move|p1a: Chi-Yu|Snarl|p2b: Torkoal\n|-damage|p2b: Torkoal|0 fnt\n|faint|p2b: Torkoal\n|\n|-weather|SunnyDay|[upkeep]\n|upkeep\n|j| Rabbithorn01\n|\n|t:|1740149166\n|switch|p2b: Koraidon|Koraidon, L50|100\/100\n|switch|p2a: Chi-Yu|Chi-Yu, L50|55\/100\n|-activate|p2b: Koraidon|ability: Orichalcum Pulse\n|-ability|p2a: Chi-Yu|Beads of Ruin\n|turn|4\n|\n|t:|1740149186\n|switch|p1a: Weezing|Weezing, L50, M|100\/100\n|-ability|p1a: Weezing|Neutralizing Gas\n|move|p1b: Calyrex|Protect|p1b: Calyrex\n|-singleturn|p1b: Calyrex|Protect\n|move|p2b: Koraidon|Flare Blitz|p1b: Calyrex\n|-activate|p1b: Calyrex|move: Protect\n|move|p2a: Chi-Yu|Heat Wave|p1a: Weezing|[spread] p1a\n|-activate|p1b: Calyrex|move: Protect\n|-crit|p1a: Weezing\n|-damage|p1a: Weezing|19\/100\n|-enditem|p1a: Weezing|Sitrus Berry|[eat]\n|-heal|p1a: Weezing|44\/100|[from] item: Sitrus Berry\n|\n|-weather|SunnyDay|[upkeep]\n|upkeep\n|turn|5\n|\n|t:|1740149192\n|switch|p1b: Chi-Yu|Chi-Yu, L50|59\/100\n|move|p1a: Weezing|Protect|p1a: Weezing\n|-singleturn|p1a: Weezing|Protect\n|move|p2b: Koraidon|Flare Blitz|p1b: Chi-Yu\n|-resisted|p1b: Chi-Yu\n|-crit|p1b: Chi-Yu\n|-damage|p1b: Chi-Yu|0 fnt\n|faint|p1b: Chi-Yu\n|-damage|p2b: Koraidon|84\/100|[from] Recoil\n|move|p2a: Chi-Yu|Heat Wave|p1a: Weezing\n|-activate|p1a: Weezing|move: Protect\n|\n|-weather|SunnyDay|[upkeep]\n|-fieldend|move: Psychic Terrain\n|upkeep\n|\n|t:|1740149201\n|switch|p1b: Ogerpon|Ogerpon-Wellspring, L50, F|100\/100\n|turn|6\n|\n|t:|1740149212\n|move|p1a: Weezing|Will-O-Wisp|p2b: Koraidon\n|-status|p2b: Koraidon|brn\n|move|p1b: Ogerpon|Ivy Cudgel|p2a: Chi-Yu|[anim] Ivy Cudgel Water\n|-supereffective|p2a: Chi-Yu\n|-damage|p2a: Chi-Yu|0 fnt\n|faint|p2a: Chi-Yu\n|move|p2b: Koraidon|Collision Course|p1b: Ogerpon\n|-crit|p1b: Ogerpon\n|-damage|p1b: Ogerpon|47\/100\n|\n|-weather|SunnyDay|[upkeep]\n|-damage|p2b: Koraidon|79\/100 brn|[from] brn\n|-fieldend|move: Trick Room\n|upkeep\n|turn|7\n|-message|KogaAF1219 forfeited.\n|\n|win|cammmmy\n|raw|cammmmy's rating: 1529 &rarr; <strong>1553<\/strong><br \/>(+24 for winning)\n|raw|KogaAF1219's rating: 1607 &rarr; <strong>1583<\/strong><br \/>(-24 for losing)\n|l|\u2606KogaAF1219\n|player|p2|\n|l| Eggy068\n","uploadtime":1740149328,"views":7,"formatid":"gen9vgc2025regg","rating":1553,"private":0,"password":null}