{"id":"gen9vgc2025regg-2305018407","format":"[Gen 9] VGC 2025 Reg G","players":["satelite99","pig duck eater"],"log":"|j|\u2606satelite99\n|j|\u2606pig duck eater\n|t:|1740137392\n|gametype|doubles\n|player|p1|satelite99|wallace|1716\n|player|p2|pig duck eater|169|1678\n|teamsize|p1|6\n|teamsize|p2|6\n|gen|9\n|tier|[Gen 9] VGC 2025 Reg G\n|rated|\n|rule|Species Clause: Limit one of each Pok\u00e9mon\n|rule|Item Clause: Limit 1 of each item\n|clearpoke\n|poke|p1|Zamazenta-*, L50|\n|poke|p1|Tornadus, L50, M|\n|poke|p1|Chien-Pao, L50|\n|poke|p1|Raging Bolt, L50|\n|poke|p1|Urshifu-*, L50, F|\n|poke|p1|Gholdengo, L50|\n|poke|p2|Koraidon, L50|\n|poke|p2|Iron Crown, L50|\n|poke|p2|Indeedee-F, L50, F|\n|poke|p2|Garganacl, L50, M|\n|poke|p2|Wo-Chien, L50|\n|poke|p2|Walking Wake, L50|\n|teampreview|4\nsatelite99 rejected open team sheets.\n|inactive|Battle timer is ON: inactive players will automatically lose when time's up. (requested by satelite99)\n|inactive|pig duck eater has 60 seconds left.\n|inactive|pig duck eater has 30 seconds left.\n|\n|t:|1740137467\n|start\n|switch|p1a: Zamazenta|Zamazenta-Crowned, L50|100\/100\n|switch|p1b: Tornadus|Tornadus, L50, M|100\/100\n|switch|p2a: Koraidon|Koraidon, L50|100\/100\n|switch|p2b: Indeedee|Indeedee-F, L50, F|100\/100\n|-weather|SunnyDay|[from] ability: Orichalcum Pulse|[of] p2a: Koraidon\n|-activate|p2a: Koraidon|Orichalcum Pulse|[source]\n|-ability|p1a: Zamazenta|Dauntless Shield|boost\n|-boost|p1a: Zamazenta|def|1\n|-fieldstart|move: Psychic Terrain|[from] ability: Psychic Surge|[of] p2b: Indeedee\n|-enditem|p2b: Indeedee|Psychic Seed\n|-boost|p2b: Indeedee|spd|1|[from] item: Psychic Seed\n|turn|1\n|inactive|pig duck eater has 30 seconds left.\n|inactive|pig duck eater has 20 seconds left.\n|inactive|pig duck eater has 15 seconds left.\n|\n|t:|1740137509\n|-terastallize|p1a: Zamazenta|Dragon\n|move|p1b: Tornadus|Rain Dance|p1b: Tornadus\n|-weather|RainDance\n|move|p2a: Koraidon|Flare Blitz|p1a: Zamazenta\n|-resisted|p1a: Zamazenta\n|-damage|p1a: Zamazenta|96\/100\n|-damage|p2a: Koraidon|99\/100|[from] Recoil\n|move|p1a: Zamazenta|Body Press|p2a: Koraidon\n|-damage|p2a: Koraidon|37\/100\n|move|p2b: Indeedee|Baton Pass|p2b: Indeedee\n|\n|t:|1740137518\n|switch|p2b: Garganacl|Garganacl, L50, M|100\/100|[from] Baton Pass\n|\n|-weather|RainDance|[upkeep]\n|upkeep\n|turn|2\n|\n|t:|1740137534\n|switch|p2a: Indeedee|Indeedee-F, L50, F|100\/100\n|-terastallize|p2b: Garganacl|Ghost\n|move|p1a: Zamazenta|Body Press|p2b: Garganacl\n|-immune|p2b: Garganacl\n|move|p1b: Tornadus|Bleakwind Storm|p2a: Indeedee|[spread] p2a,p2b\n|-damage|p2a: Indeedee|67\/100\n|-damage|p2b: Garganacl|83\/100\n|-unboost|p2a: Indeedee|spe|1\n|-unboost|p2b: Garganacl|spe|1\n|move|p2b: Garganacl|Salt Cure|p1a: Zamazenta\n|-damage|p1a: Zamazenta|90\/100\n|-start|p1a: Zamazenta|Salt Cure\n|\n|-weather|RainDance|[upkeep]\n|-heal|p2b: Garganacl|89\/100|[from] item: Leftovers\n|-damage|p1a: Zamazenta|77\/100|[from] Salt Cure\n|upkeep\n|turn|3\n|inactive|pig duck eater has 30 seconds left.\n|\n|t:|1740137561\n|switch|p1a: Chien-Pao|Chien-Pao, L50|100\/100\n|-ability|p1a: Chien-Pao|Sword of Ruin\n|move|p1b: Tornadus|Taunt|p2a: Indeedee\n|-activate|p2a: Indeedee|move: Psychic Terrain\n|move|p2b: Garganacl|Salt Cure|p1b: Tornadus\n|-supereffective|p1b: Tornadus\n|-damage|p1b: Tornadus|61\/100\n|-start|p1b: Tornadus|Salt Cure\n|move|p2a: Indeedee|Trick Room|p2a: Indeedee\n|-fieldstart|move: Trick Room|[of] p2a: Indeedee\n|\n|-weather|RainDance|[upkeep]\n|-heal|p2b: Garganacl|95\/100|[from] item: Leftovers\n|-damage|p1b: Tornadus|48\/100|[from] Salt Cure\n|upkeep\n|turn|4\n|j| mr pogostick\n|\n|t:|1740137586\n|switch|p1b: Gholdengo|Gholdengo, L50|100\/100\n|move|p2b: Garganacl|Salt Cure|p1a: Chien-Pao\n|-supereffective|p1a: Chien-Pao\n|-damage|p1a: Chien-Pao|64\/100\n|-start|p1a: Chien-Pao|Salt Cure\n|move|p2a: Indeedee|Dazzling Gleam|p1b: Gholdengo|[spread] p1a,p1b\n|-supereffective|p1a: Chien-Pao\n|-resisted|p1b: Gholdengo\n|-damage|p1a: Chien-Pao|20\/100\n|-damage|p1b: Gholdengo|95\/100\n|move|p1a: Chien-Pao|Crunch|p2b: Garganacl\n|-supereffective|p2b: Garganacl\n|-damage|p2b: Garganacl|39\/100\n|\n|-weather|RainDance|[upkeep]\n|-heal|p2b: Garganacl|44\/100|[from] item: Leftovers\n|-heal|p1b: Gholdengo|100\/100|[from] item: Leftovers\n|-damage|p1a: Chien-Pao|8\/100|[from] Salt Cure\n|upkeep\n|turn|5\n|inactive|satelite99 has 30 seconds left.\n|\n|t:|1740137618\n|switch|p1a: Zamazenta|Zamazenta-Crowned, L50, tera:Dragon|77\/100\n|move|p2b: Garganacl|Recover|p2b: Garganacl\n|-heal|p2b: Garganacl|95\/100\n|move|p2a: Indeedee|Baton Pass|p2a: Indeedee\n|\n|t:|1740137623\n|switch|p2a: Wo-Chien|Wo-Chien, L50|100\/100|[from] Baton Pass\n|-ability|p2a: Wo-Chien|Tablets of Ruin\n|move|p1b: Gholdengo|Nasty Plot|p1b: Gholdengo\n|-boost|p1b: Gholdengo|spa|2\n|\n|-weather|none\n|-heal|p2b: Garganacl|100\/100|[from] item: Leftovers\n|-fieldend|move: Psychic Terrain\n|upkeep\n|turn|6\n|\n|t:|1740137640\n|move|p2b: Garganacl|Salt Cure|p1b: Gholdengo\n|-resisted|p1b: Gholdengo\n|-damage|p1b: Gholdengo|95\/100\n|-start|p1b: Gholdengo|Salt Cure\n|move|p2a: Wo-Chien|Snarl|p1b: Gholdengo|[spread] p1a,p1b\n|-supereffective|p1b: Gholdengo\n|-damage|p1a: Zamazenta|69\/100\n|-damage|p1b: Gholdengo|71\/100\n|-unboost|p1a: Zamazenta|spa|1\n|-unboost|p1b: Gholdengo|spa|1\n|move|p1b: Gholdengo|Make It Rain|p2a: Wo-Chien|[spread] p2a,p2b\n|-damage|p2a: Wo-Chien|65\/100\n|-damage|p2b: Garganacl|63\/100\n|-unboost|p1b: Gholdengo|spa|1\n|move|p1a: Zamazenta|Body Press|p2a: Wo-Chien\n|-supereffective|p2a: Wo-Chien\n|-damage|p2a: Wo-Chien|20\/100\n|\n|-heal|p2b: Garganacl|69\/100|[from] item: Leftovers\n|-heal|p1b: Gholdengo|77\/100|[from] item: Leftovers\n|-damage|p1b: Gholdengo|52\/100|[from] Salt Cure\n|upkeep\n|turn|7\n|inactive|satelite99 has 30 seconds left.\n|inactive|pig duck eater has 30 seconds left.\n|inactive|satelite99 has 20 seconds left.\n|\n|t:|1740137676\n|switch|p2a: Indeedee|Indeedee-F, L50, F|67\/100\n|-fieldstart|move: Psychic Terrain|[from] ability: Psychic Surge|[of] p2a: Indeedee\n|switch|p1b: Tornadus|Tornadus, L50, M|48\/100\n|move|p2b: Garganacl|Salt Cure|p1a: Zamazenta\n|-damage|p1a: Zamazenta|60\/100\n|-start|p1a: Zamazenta|Salt Cure\n|move|p1a: Zamazenta|Body Press|p2a: Indeedee\n|-damage|p2a: Indeedee|24\/100\n|\n|-heal|p2b: Garganacl|74\/100|[from] item: Leftovers\n|-damage|p1a: Zamazenta|48\/100|[from] Salt Cure\n|-fieldend|move: Trick Room\n|upkeep\n|turn|8\n|inactive|satelite99 has 30 seconds left.\n|inactive|pig duck eater has 30 seconds left.\n|\n|t:|1740137705\n|switch|p1a: Gholdengo|Gholdengo, L50|52\/100\n|move|p2b: Garganacl|Wide Guard|p2b: Garganacl\n|-singleturn|p2b: Garganacl|Wide Guard\n|move|p1b: Tornadus|Bleakwind Storm|p2a: Indeedee|[spread] \n|-activate|p2a: Indeedee|move: Wide Guard\n|-activate|p2b: Garganacl|move: Wide Guard\n|move|p2a: Indeedee|Trick Room|p2a: Indeedee\n|-fieldstart|move: Trick Room|[of] p2a: Indeedee\n|\n|-heal|p2b: Garganacl|80\/100|[from] item: Leftovers\n|-heal|p1a: Gholdengo|58\/100|[from] item: Leftovers\n|upkeep\n|turn|9\n|inactive|satelite99 has 30 seconds left.\n|\n|t:|1740137732\n|move|p1b: Tornadus|Rain Dance|p1b: Tornadus\n|-weather|RainDance\n|move|p2b: Garganacl|Salt Cure|p1a: Gholdengo\n|-resisted|p1a: Gholdengo\n|-damage|p1a: Gholdengo|51\/100\n|-start|p1a: Gholdengo|Salt Cure\n|move|p2a: Indeedee|Dazzling Gleam|p1b: Tornadus|[spread] p1a,p1b\n|-resisted|p1a: Gholdengo\n|-damage|p1a: Gholdengo|45\/100\n|-damage|p1b: Tornadus|34\/100\n|move|p1a: Gholdengo|Shadow Ball|p2b: Garganacl\n|-supereffective|p2b: Garganacl\n|-damage|p2b: Garganacl|59\/100\n|\n|-weather|RainDance|[upkeep]\n|-heal|p2b: Garganacl|65\/100|[from] item: Leftovers\n|-heal|p1a: Gholdengo|51\/100|[from] item: Leftovers\n|-damage|p1a: Gholdengo|26\/100|[from] Salt Cure\n|upkeep\n|turn|10\n|\n|t:|1740137750\n|switch|p1a: Zamazenta|Zamazenta-Crowned, L50, tera:Dragon|48\/100\n|move|p2b: Garganacl|Salt Cure|p1b: Tornadus\n|-supereffective|p1b: Tornadus\n|-crit|p1b: Tornadus\n|-damage|p1b: Tornadus|0 fnt\n|faint|p1b: Tornadus\n|move|p2a: Indeedee|Dazzling Gleam|p1a: Zamazenta\n|-supereffective|p1a: Zamazenta\n|-damage|p1a: Zamazenta|24\/100\n|\n|-weather|RainDance|[upkeep]\n|-heal|p2b: Garganacl|71\/100|[from] item: Leftovers\n|upkeep\n|\n|t:|1740137759\n|switch|p1b: Chien-Pao|Chien-Pao, L50|8\/100\n|-ability|p1b: Chien-Pao|Sword of Ruin\n|turn|11\n|\n|t:|1740137777\n|switch|p2a: Wo-Chien|Wo-Chien, L50|20\/100\n|-ability|p2a: Wo-Chien|Tablets of Ruin\n|move|p1b: Chien-Pao|Protect|p1b: Chien-Pao\n|-singleturn|p1b: Chien-Pao|Protect\n|move|p2b: Garganacl|Salt Cure|p1b: Chien-Pao\n|-activate|p1b: Chien-Pao|move: Protect\n|move|p1a: Zamazenta|Body Press|p2a: Wo-Chien\n|-supereffective|p2a: Wo-Chien\n|-damage|p2a: Wo-Chien|0 fnt\n|faint|p2a: Wo-Chien\n|\n|-weather|RainDance|[upkeep]\n|-heal|p2b: Garganacl|76\/100|[from] item: Leftovers\n|-fieldend|move: Psychic Terrain\n|upkeep\n|\n|t:|1740137783\n|switch|p2a: Indeedee|Indeedee-F, L50, F|24\/100\n|-fieldstart|move: Psychic Terrain|[from] ability: Psychic Surge|[of] p2a: Indeedee\n|turn|12\n|\n|t:|1740137800\n|switch|p1b: Gholdengo|Gholdengo, L50|26\/100\n|move|p1a: Zamazenta|Protect|p1a: Zamazenta\n|-singleturn|p1a: Zamazenta|Protect\n|move|p2b: Garganacl|Salt Cure|p1b: Gholdengo\n|-resisted|p1b: Gholdengo\n|-damage|p1b: Gholdengo|20\/100\n|-start|p1b: Gholdengo|Salt Cure\n|move|p2a: Indeedee|Dazzling Gleam|p1b: Gholdengo|[spread] p1b\n|-activate|p1a: Zamazenta|move: Protect\n|-resisted|p1b: Gholdengo\n|-damage|p1b: Gholdengo|14\/100\n|\n|-weather|RainDance|[upkeep]\n|-heal|p2b: Garganacl|82\/100|[from] item: Leftovers\n|-heal|p1b: Gholdengo|20\/100|[from] item: Leftovers\n|-damage|p1b: Gholdengo|0 fnt|[from] Salt Cure\n|faint|p1b: Gholdengo\n|-fieldend|move: Trick Room\n|upkeep\n|\n|t:|1740137809\n|switch|p1b: Chien-Pao|Chien-Pao, L50|8\/100\n|-ability|p1b: Chien-Pao|Sword of Ruin\n|turn|13\n|\n|t:|1740137816\n|move|p2a: Indeedee|Follow Me|p2a: Indeedee\n|-singleturn|p2a: Indeedee|move: Follow Me\n|move|p1b: Chien-Pao|Crunch|p2a: Indeedee\n|-supereffective|p2a: Indeedee\n|-damage|p2a: Indeedee|0 fnt\n|faint|p2a: Indeedee\n|move|p1a: Zamazenta|Body Press|p2b: Garganacl\n|-immune|p2b: Garganacl\n|move|p2b: Garganacl|Salt Cure|p1a: Zamazenta\n|-damage|p1a: Zamazenta|12\/100\n|-start|p1a: Zamazenta|Salt Cure\n|\n|-weather|none\n|-heal|p2b: Garganacl|88\/100|[from] item: Leftovers\n|-damage|p1a: Zamazenta|0 fnt|[from] Salt Cure\n|faint|p1a: Zamazenta\n|upkeep\n|\n|t:|1740137823\n|switch|p2a: Koraidon|Koraidon, L50|37\/100\n|-weather|SunnyDay|[from] ability: Orichalcum Pulse|[of] p2a: Koraidon\n|-activate|p2a: Koraidon|Orichalcum Pulse|[source]\n|turn|14\n|\n|t:|1740137829\n|move|p2a: Koraidon|Flare Blitz|p1b: Chien-Pao\n|-supereffective|p1b: Chien-Pao\n|-damage|p1b: Chien-Pao|0 fnt\n|faint|p1b: Chien-Pao\n|-damage|p2a: Koraidon|35\/100|[from] Recoil\n|\n|win|pig duck eater\n|raw|satelite99's rating: 1716 &rarr; <strong>1694<\/strong><br \/>(-22 for losing)\n|raw|pig duck eater's rating: 1678 &rarr; <strong>1700<\/strong><br \/>(+22 for winning)\n|l|\u2606satelite99\n|player|p1|\n|l| mr pogostick\n","uploadtime":1740138083,"views":10,"formatid":"gen9vgc2025regg","rating":1694,"private":0,"password":null}