{"id":"gen9vgc2025regg-2305319494","format":"[Gen 9] VGC 2025 Reg G","players":["Kaicyios","xatseye"],"log":"|j|\u2606Kaicyios\n|j|\u2606xatseye\n|t:|1740171794\n|gametype|doubles\n|player|p1|Kaicyios|giovanni|1582\n|player|p2|xatseye|unknown|1647\n|teamsize|p1|6\n|teamsize|p2|6\n|gen|9\n|tier|[Gen 9] VGC 2025 Reg G\n|rated|\n|rule|Species Clause: Limit one of each Pok\u00e9mon\n|rule|Item Clause: Limit 1 of each item\n|clearpoke\n|poke|p1|Calyrex-Ice, L50|\n|poke|p1|Urshifu-*, L50, M|\n|poke|p1|Landorus, L50, M|\n|poke|p1|Tornadus, L50, M|\n|poke|p1|Raging Bolt, L50|\n|poke|p1|Chien-Pao, L50|\n|poke|p2|Miraidon, L50|\n|poke|p2|Incineroar, L50, M|\n|poke|p2|Oranguru, L50, F|\n|poke|p2|Clefairy, L50, F|\n|poke|p2|Baxcalibur, L50, F|\n|poke|p2|Whimsicott, L50, M|\n|teampreview|4\n|inactive|Battle timer is ON: inactive players will automatically lose when time's up. (requested by xatseye)\n|\n|t:|1740171818\n|start\n|switch|p1a: Tornadus|Tornadus, L50, M|100\/100\n|switch|p1b: Chien-Pao|Chien-Pao, L50|100\/100\n|switch|p2a: Baxcalibur|Baxcalibur, L50, F|100\/100\n|switch|p2b: Whimsicott|Whimsicott, L50, M|100\/100\n|-ability|p1b: Chien-Pao|Sword of Ruin\n|turn|1\n|\n|t:|1740171841\n|move|p1a: Tornadus|Tailwind|p1a: Tornadus\n|-sidestart|p1: Kaicyios|move: Tailwind\n|move|p1b: Chien-Pao|Ice Spinner|p2a: Baxcalibur\n|-damage|p2a: Baxcalibur|45\/100\n|move|p2b: Whimsicott|Dazzling Gleam|p1b: Chien-Pao|[spread] p1a,p1b\n|-supereffective|p1b: Chien-Pao\n|-damage|p1a: Tornadus|77\/100\n|-damage|p1b: Chien-Pao|34\/100\n|move|p2a: Baxcalibur|Icicle Spear|p1a: Tornadus\n|-supereffective|p1a: Tornadus\n|-damage|p1a: Tornadus|36\/100\n|-supereffective|p1a: Tornadus\n|-damage|p1a: Tornadus|0 fnt\n|faint|p1a: Tornadus\n|-hitcount|p1: Tornadus|2\n|\n|upkeep\n|\n|t:|1740171857\n|switch|p1a: Calyrex|Calyrex-Ice, L50|100\/100\n|-ability|p1a: Calyrex|As One\n|-ability|p1a: Calyrex|Unnerve\n|turn|2\n|\n|t:|1740171877\n|-terastallize|p1a: Calyrex|Ice\n|move|p2a: Baxcalibur|Protect|p2a: Baxcalibur\n|-singleturn|p2a: Baxcalibur|Protect\n|move|p2b: Whimsicott|Tailwind|p2b: Whimsicott\n|-sidestart|p2: xatseye|move: Tailwind\n|move|p1b: Chien-Pao|Ice Spinner|p2a: Baxcalibur\n|-activate|p2a: Baxcalibur|move: Protect\n|move|p1a: Calyrex|Glacial Lance|p2a: Baxcalibur|[spread] p2b\n|-activate|p2a: Baxcalibur|move: Protect\n|-supereffective|p2b: Whimsicott\n|-enditem|p2b: Whimsicott|Focus Sash\n|-damage|p2b: Whimsicott|1\/100\n|\n|upkeep\n|turn|3\n|inactive|xatseye has 30 seconds left.\n|\n|t:|1740171910\n|move|p2b: Whimsicott|Protect|p2b: Whimsicott\n|-singleturn|p2b: Whimsicott|Protect\n|move|p1b: Chien-Pao|Ice Spinner|p2a: Baxcalibur\n|-damage|p2a: Baxcalibur|0 fnt\n|faint|p2a: Baxcalibur\n|move|p1a: Calyrex|Glacial Lance|p2b: Whimsicott\n|-activate|p2b: Whimsicott|move: Protect\n|\n|upkeep\n|\n|t:|1740171919\n|switch|p2a: Miraidon|Miraidon, L50|100\/100\n|-fieldstart|move: Electric Terrain|[from] ability: Hadron Engine|[of] p2a: Miraidon\n|-enditem|p2a: Miraidon|Electric Seed\n|-boost|p2a: Miraidon|def|1|[from] item: Electric Seed\n|turn|4\n|\n|t:|1740171930\n|switch|p2b: Incineroar|Incineroar, L50, M|100\/100\n|-ability|p2b: Incineroar|Intimidate|boost\n|-unboost|p1a: Calyrex|atk|1\n|-unboost|p1b: Chien-Pao|atk|1\n|-terastallize|p2a: Miraidon|Electric\n|move|p1b: Chien-Pao|Ice Spinner|p2a: Miraidon\n|-damage|p2a: Miraidon|81\/100\n|-fieldend|move: Electric Terrain\n|move|p2a: Miraidon|Parabolic Charge|p1b: Chien-Pao|[spread] p2b,p1a,p1b\n|-damage|p2b: Incineroar|74\/100\n|-heal|p2a: Miraidon|95\/100|[from] drain|[of] p2b: Incineroar\n|-damage|p1a: Calyrex|73\/100\n|-heal|p2a: Miraidon|100\/100|[from] drain|[of] p1a: Calyrex\n|-damage|p1b: Chien-Pao|0 fnt\n|faint|p1b: Chien-Pao\n|move|p1a: Calyrex|Glacial Lance|p2b: Incineroar|[spread] p2a,p2b\n|-resisted|p2b: Incineroar\n|-damage|p2a: Miraidon|62\/100\n|-damage|p2b: Incineroar|46\/100\n|\n|-sideend|p1: Kaicyios|move: Tailwind\n|upkeep\n|\n|t:|1740171955\n|switch|p1b: Landorus|Landorus, L50, M|100\/100\n|turn|5\n|inactive|xatseye has 30 seconds left.\n|\n|t:|1740171996\n|move|p2a: Miraidon|Dragon Pulse|p1b: Landorus\n|-damage|p1b: Landorus|52\/100\n|move|p2b: Incineroar|Knock Off|p1b: Landorus\n|-damage|p1b: Landorus|15\/100\n|-enditem|p1b: Landorus|Life Orb|[from] move: Knock Off|[of] p2b: Incineroar\n|move|p1b: Landorus|Earth Power|p2a: Miraidon\n|-supereffective|p2a: Miraidon\n|-damage|p2a: Miraidon|0 fnt\n|faint|p2a: Miraidon\n|move|p1a: Calyrex|Glacial Lance|p2b: Incineroar\n|-resisted|p2b: Incineroar\n|-damage|p2b: Incineroar|7\/100\n|\n|-sideend|p2: xatseye|move: Tailwind\n|upkeep\n|\n|t:|1740172008\n|switch|p2a: Whimsicott|Whimsicott, L50, M|1\/100\n|turn|6\n|\n|t:|1740172024\n|move|p2a: Whimsicott|Dazzling Gleam|p1a: Calyrex|[spread] p1a,p1b\n|-damage|p1a: Calyrex|56\/100\n|-damage|p1b: Landorus|0 fnt\n|faint|p1b: Landorus\n|move|p1a: Calyrex|Glacial Lance|p2a: Whimsicott|[spread] p2a,p2b\n|-supereffective|p2a: Whimsicott\n|-resisted|p2b: Incineroar\n|-damage|p2a: Whimsicott|0 fnt\n|-damage|p2b: Incineroar|0 fnt\n|faint|p2a: Whimsicott\n|faint|p2b: Incineroar\n|\n|win|Kaicyios\n|raw|Kaicyios's rating: 1582 &rarr; <strong>1606<\/strong><br \/>(+24 for winning)\n|raw|xatseye's rating: 1647 &rarr; <strong>1623<\/strong><br \/>(-24 for losing)\n|l|\u2606xatseye\n|player|p2|\n","uploadtime":1740172037,"views":12,"formatid":"gen9vgc2025regg","rating":1606,"private":0,"password":null}