{"id":"gen9vgc2025regg-2305569720","format":"[Gen 9] VGC 2025 Reg G","players":["play3r35","Popeye32"],"log":"|j|\u2606play3r35\n|j|\u2606Popeye32\n|t:|1740207693\n|gametype|doubles\n|player|p1|play3r35|caitlin|1564\n|player|p2|Popeye32|acetrainersnowf|1516\n|teamsize|p1|6\n|teamsize|p2|6\n|gen|9\n|tier|[Gen 9] VGC 2025 Reg G\n|rated|\n|rule|Species Clause: Limit one of each Pok\u00e9mon\n|rule|Item Clause: Limit 1 of each item\n|clearpoke\n|poke|p1|Grimmsnarl, L50, M|\n|poke|p1|Terapagos, L50, M|\n|poke|p1|Flutter Mane, L50|\n|poke|p1|Rillaboom, L50, F|\n|poke|p1|Urshifu-*, L50, M|\n|poke|p1|Volcarona, L50, F|\n|poke|p2|Chien-Pao, L50|\n|poke|p2|Amoonguss, L50, F|\n|poke|p2|Chi-Yu, L50|\n|poke|p2|Flutter Mane, L50|\n|poke|p2|Zamazenta-*, L50|\n|poke|p2|Raging Bolt, L50|\n|teampreview|4\n|inactive|Battle timer is ON: inactive players will automatically lose when time's up. (requested by Popeye32)\n|inactive|play3r35 also wants the timer to be on.\n|inactive|play3r35 has 60 seconds left.\n|inactive|Popeye32 has 60 seconds left.\n|inactive|play3r35 has 30 seconds left.\n|\n|t:|1740207755\n|start\n|switch|p1a: Volcarona|Volcarona, L50, F|100\/100\n|switch|p1b: Flutter Mane|Flutter Mane, L50|100\/100\n|switch|p2a: Zamazenta|Zamazenta-Crowned, L50|100\/100\n|switch|p2b: Amoonguss|Amoonguss, L50, F|100\/100\n|-ability|p2a: Zamazenta|Dauntless Shield|boost\n|-boost|p2a: Zamazenta|def|1\n|-enditem|p1b: Flutter Mane|Booster Energy\n|-activate|p1b: Flutter Mane|ability: Protosynthesis|[fromitem]\n|-start|p1b: Flutter Mane|protosynthesisspe\n|turn|1\n|inactive|Popeye32 has 30 seconds left.\n|\n|t:|1740207780\n|-terastallize|p2b: Amoonguss|Water\n|move|p2a: Zamazenta|Protect|p2a: Zamazenta\n|-singleturn|p2a: Zamazenta|Protect\n|move|p1b: Flutter Mane|Taunt|p2b: Amoonguss\n|-start|p2b: Amoonguss|move: Taunt\n|move|p1a: Volcarona|Will-O-Wisp|p2a: Zamazenta\n|-activate|p2a: Zamazenta|move: Protect\n|cant|p2b: Amoonguss|move: Taunt|Spore\n|\n|upkeep\n|turn|2\n|inactive|play3r35 has 30 seconds left.\n|\n|t:|1740207806\n|switch|p2b: Chi-Yu|Chi-Yu, L50|100\/100\n|-ability|p2b: Chi-Yu|Beads of Ruin\n|move|p1b: Flutter Mane|Icy Wind|p2a: Zamazenta|[spread] p2a,p2b\n|-resisted|p2a: Zamazenta\n|-resisted|p2b: Chi-Yu\n|-damage|p2a: Zamazenta|95\/100\n|-damage|p2b: Chi-Yu|94\/100\n|-unboost|p2a: Zamazenta|spe|1\n|-unboost|p2b: Chi-Yu|spe|1\n|move|p1a: Volcarona|Will-O-Wisp|p2a: Zamazenta|[miss]\n|-miss|p1a: Volcarona|p2a: Zamazenta\n|move|p2a: Zamazenta|Heavy Slam|p1b: Flutter Mane\n|-supereffective|p1b: Flutter Mane\n|-damage|p1b: Flutter Mane|0 fnt\n|faint|p1b: Flutter Mane\n|-end|p1b: Flutter Mane|Protosynthesis|[silent]\n|\n|upkeep\n|\n|t:|1740207819\n|switch|p1b: Urshifu|Urshifu-Rapid-Strike, L50, M|100\/100\n|turn|3\n|\n|t:|1740207830\n|move|p2b: Chi-Yu|Heat Wave|p1a: Volcarona|[spread] p1a,p1b\n|-resisted|p1b: Urshifu\n|-crit|p1b: Urshifu\n|-damage|p1a: Volcarona|50\/100\n|-damage|p1b: Urshifu|40\/100\n|move|p1b: Urshifu|Surging Strikes|p2b: Chi-Yu\n|-supereffective|p2b: Chi-Yu\n|-crit|p2b: Chi-Yu\n|-damage|p2b: Chi-Yu|19\/100\n|-supereffective|p2b: Chi-Yu\n|-crit|p2b: Chi-Yu\n|-damage|p2b: Chi-Yu|0 fnt\n|faint|p2b: Chi-Yu\n|-hitcount|p2: Chi-Yu|2\n|move|p1a: Volcarona|Will-O-Wisp|p2a: Zamazenta\n|-status|p2a: Zamazenta|brn\n|move|p2a: Zamazenta|Body Press|p1b: Urshifu\n|-damage|p1b: Urshifu|3\/100\n|\n|-damage|p2a: Zamazenta|89\/100 brn|[from] brn\n|upkeep\n|\n|t:|1740207839\n|switch|p2b: Flutter Mane|Flutter Mane, L50|100\/100\n|-enditem|p2b: Flutter Mane|Booster Energy\n|-activate|p2b: Flutter Mane|ability: Protosynthesis|[fromitem]\n|-start|p2b: Flutter Mane|protosynthesisspe\n|turn|4\n|\n|t:|1740207864\n|move|p1a: Volcarona|Rage Powder|p1a: Volcarona\n|-singleturn|p1a: Volcarona|move: Rage Powder\n|move|p2b: Flutter Mane|Dazzling Gleam|p1b: Urshifu|[spread] p1a,p1b\n|-resisted|p1a: Volcarona\n|-supereffective|p1b: Urshifu\n|-damage|p1a: Volcarona|37\/100\n|-damage|p1b: Urshifu|0 fnt\n|faint|p1b: Urshifu\n|move|p2a: Zamazenta|Body Press|p1a: Volcarona\n|-resisted|p1a: Volcarona\n|-damage|p1a: Volcarona|22\/100\n|-damage|p2a: Zamazenta|72\/100 brn|[from] item: Rocky Helmet|[of] p1a: Volcarona\n|\n|-damage|p2a: Zamazenta|66\/100 brn|[from] brn\n|upkeep\n|\n|t:|1740207868\n|switch|p1b: Terapagos|Terapagos, L50, M|100\/100\n|-activate|p1b: Terapagos|ability: Tera Shift\n|detailschange|p1b: Terapagos|Terapagos-Terastal, L50, M\n|-heal|p1b: Terapagos|100\/100|[silent]\n|turn|5\n|\n|t:|1740207890\n|move|p2a: Zamazenta|Protect|p2a: Zamazenta\n|-singleturn|p2a: Zamazenta|Protect\n|move|p2b: Flutter Mane|Shadow Ball|p1a: Volcarona\n|-damage|p1a: Volcarona|0 fnt\n|faint|p1a: Volcarona\n|move|p1b: Terapagos|Earth Power|p2a: Zamazenta\n|-activate|p2a: Zamazenta|move: Protect\n|\n|-damage|p2a: Zamazenta|60\/100 brn|[from] brn\n|upkeep\n|turn|6\n|inactive|play3r35 has 30 seconds left.\n|\n|t:|1740207921\n|move|p2b: Flutter Mane|Dazzling Gleam|p1b: Terapagos\n|-activate|p1b: Terapagos|ability: Tera Shell\n|-resisted|p1b: Terapagos\n|-damage|p1b: Terapagos|83\/100\n|move|p1b: Terapagos|Earth Power|p2a: Zamazenta\n|-supereffective|p2a: Zamazenta\n|-damage|p2a: Zamazenta|0 fnt\n|faint|p2a: Zamazenta\n|\n|upkeep\n|\n|t:|1740207929\n|switch|p2a: Amoonguss|Amoonguss, L50, F, tera:Water|100\/100\n|turn|7\n|\n|t:|1740207935\n|-terastallize|p1b: Terapagos|Stellar\n|detailschange|p1b: Terapagos|Terapagos-Stellar, L50, M, tera:Stellar\n|-heal|p1b: Terapagos|88\/100|[silent]\n|move|p2b: Flutter Mane|Dazzling Gleam|p1b: Terapagos\n|-damage|p1b: Terapagos|65\/100\n|move|p1b: Terapagos|Earth Power|p2a: Amoonguss\n|-damage|p2a: Amoonguss|50\/100\n|move|p2a: Amoonguss|Spore|p1b: Terapagos\n|-status|p1b: Terapagos|slp|[from] move: Spore\n|\n|upkeep\n|turn|8\n|-message|play3r35 forfeited.\n|\n|win|Popeye32\n|raw|play3r35's rating: 1564 &rarr; <strong>1541<\/strong><br \/>(-23 for losing)\n|raw|Popeye32's rating: 1516 &rarr; <strong>1539<\/strong><br \/>(+23 for winning)\n|l|\u2606play3r35\n|player|p1|\n|l|\u2606Popeye32\n|player|p2|\n","uploadtime":1740208139,"views":3,"formatid":"gen9vgc2025regg","rating":1539,"private":0,"password":null}