{"id":"gen9vgc2025regg-2305363622","format":"[Gen 9] VGC 2025 Reg G","players":["UnluckyTogekissZ","Cyan2023"],"log":"|j|\u2606UnluckyTogekissZ\n|j|\u2606Cyan2023\n|t:|1740176948\n|gametype|doubles\n|player|p1|UnluckyTogekissZ|169|1545\n|player|p2|Cyan2023|266|1639\n|teamsize|p1|6\n|teamsize|p2|6\n|gen|9\n|tier|[Gen 9] VGC 2025 Reg G\n|rated|\n|rule|Species Clause: Limit one of each Pok\u00e9mon\n|rule|Item Clause: Limit 1 of each item\n|clearpoke\n|poke|p1|Koraidon, L50|\n|poke|p1|Gholdengo, L50|\n|poke|p1|Walking Wake, L50|\n|poke|p1|Incineroar, L50, F|\n|poke|p1|Rillaboom, L50, M|\n|poke|p1|Tornadus, L50, M|\n|poke|p2|Miraidon, L50|\n|poke|p2|Iron Bundle, L50|\n|poke|p2|Incineroar, L50, F|\n|poke|p2|Urshifu-*, L50, M|\n|poke|p2|Dragonite, L50, M|\n|poke|p2|Kingambit, L50, F|\n|teampreview|4\n|inactive|Battle timer is ON: inactive players will automatically lose when time's up. (requested by Cyan2023)\n|inactive|Cyan2023 has 60 seconds left.\n|\n|t:|1740177003\n|start\n|switch|p1a: Koraidon|Koraidon, L50|100\/100\n|switch|p1b: Rillaboom|Rillaboom, L50, M|100\/100\n|switch|p2a: Dragonite|Dragonite, L50, M|100\/100\n|switch|p2b: Incineroar|Incineroar, L50, F|100\/100\n|-weather|SunnyDay|[from] ability: Orichalcum Pulse|[of] p1a: Koraidon\n|-activate|p1a: Koraidon|Orichalcum Pulse|[source]\n|-fieldstart|move: Grassy Terrain|[from] ability: Grassy Surge|[of] p1b: Rillaboom\n|-ability|p2b: Incineroar|Intimidate|boost\n|-fail|p1a: Koraidon|unboost|[from] item: Clear Amulet|[of] p1a: Koraidon\n|-unboost|p1b: Rillaboom|atk|1\n|turn|1\n|\n|t:|1740177019\n|switch|p1b: Incineroar|Incineroar, L50, F|100\/100\n|-ability|p1b: Incineroar|Intimidate|boost\n|-unboost|p2a: Dragonite|atk|1\n|-unboost|p2b: Incineroar|atk|1\n|move|p1a: Koraidon|Protect|p1a: Koraidon\n|-singleturn|p1a: Koraidon|Protect\n|move|p2b: Incineroar|Fake Out|p1a: Koraidon\n|-activate|p1a: Koraidon|move: Protect\n|move|p2a: Dragonite|Scale Shot|p1a: Koraidon\n|-activate|p1a: Koraidon|move: Protect\n|\n|-weather|SunnyDay|[upkeep]\n|upkeep\n|turn|2\n|\n|t:|1740177038\n|-terastallize|p1a: Koraidon|Fire\n|-terastallize|p2b: Incineroar|Bug\n|move|p2a: Dragonite|Protect|p2a: Dragonite\n|-singleturn|p2a: Dragonite|Protect\n|move|p1a: Koraidon|Collision Course|p2b: Incineroar\n|-resisted|p2b: Incineroar\n|-damage|p2b: Incineroar|74\/100\n|move|p1b: Incineroar|Will-O-Wisp|p2a: Dragonite\n|-activate|p2a: Dragonite|move: Protect\n|move|p2b: Incineroar|Will-O-Wisp|p1a: Koraidon\n|-immune|p1a: Koraidon\n|\n|-weather|SunnyDay|[upkeep]\n|-heal|p2b: Incineroar|80\/100|[from] Grassy Terrain\n|upkeep\n|turn|3\n|\n|t:|1740177065\n|switch|p2a: Miraidon|Miraidon, L50|100\/100\n|-fieldstart|move: Electric Terrain|[from] ability: Hadron Engine|[of] p2a: Miraidon\n|move|p1a: Koraidon|Flame Charge|p2b: Incineroar\n|-supereffective|p2b: Incineroar\n|-damage|p2b: Incineroar|0 fnt\n|-boost|p1a: Koraidon|spe|1\n|faint|p2b: Incineroar\n|move|p1b: Incineroar|Will-O-Wisp|p2a: Miraidon\n|-status|p2a: Miraidon|brn\n|\n|-weather|SunnyDay|[upkeep]\n|-damage|p2a: Miraidon|94\/100 brn|[from] brn\n|upkeep\n|\n|t:|1740177080\n|switch|p2b: Iron Bundle|Iron Bundle, L50|100\/100\n|-activate|p2b: Iron Bundle|ability: Quark Drive\n|-start|p2b: Iron Bundle|quarkdrivespe\n|turn|4\n|\n|t:|1740177090\n|switch|p1b: Rillaboom|Rillaboom, L50, M|100\/100\n|-fieldstart|move: Grassy Terrain|[from] ability: Grassy Surge|[of] p1b: Rillaboom\n|-end|p2b: Iron Bundle|Quark Drive\n|move|p1a: Koraidon|Collision Course|p2b: Iron Bundle\n|-supereffective|p2b: Iron Bundle\n|-crit|p2b: Iron Bundle\n|-enditem|p2b: Iron Bundle|Focus Sash\n|-damage|p2b: Iron Bundle|1\/100\n|move|p2b: Iron Bundle|Icy Wind|p1b: Rillaboom|[spread] p1a,p1b\n|-resisted|p1a: Koraidon\n|-supereffective|p1b: Rillaboom\n|-damage|p1a: Koraidon|91\/100\n|-damage|p1b: Rillaboom|65\/100\n|-unboost|p1b: Rillaboom|spe|1\n|move|p2a: Miraidon|Draco Meteor|p1a: Koraidon\n|-damage|p1a: Koraidon|11\/100\n|-unboost|p2a: Miraidon|spa|2\n|\n|-weather|SunnyDay|[upkeep]\n|-heal|p1a: Koraidon|18\/100|[from] Grassy Terrain\n|-heal|p2b: Iron Bundle|7\/100|[from] Grassy Terrain\n|-heal|p2a: Miraidon|100\/100 brn|[from] Grassy Terrain\n|-heal|p1b: Rillaboom|71\/100|[from] Grassy Terrain\n|-damage|p2a: Miraidon|94\/100 brn|[from] brn\n|upkeep\n|turn|5\n|inactive|UnluckyTogekissZ has 30 seconds left.\n|\n|t:|1740177115\n|switch|p2a: Dragonite|Dragonite, L50, M|100\/100\n|switch|p1b: Incineroar|Incineroar, L50, F|100\/100\n|-ability|p1b: Incineroar|Intimidate|boost\n|-unboost|p2a: Dragonite|atk|1\n|-unboost|p2b: Iron Bundle|atk|1\n|move|p2b: Iron Bundle|Protect|p2b: Iron Bundle\n|-singleturn|p2b: Iron Bundle|Protect\n|move|p1a: Koraidon|Flame Charge|p2b: Iron Bundle\n|-activate|p2b: Iron Bundle|move: Protect\n|\n|-weather|none\n|-heal|p1a: Koraidon|24\/100|[from] Grassy Terrain\n|-heal|p2b: Iron Bundle|13\/100|[from] Grassy Terrain\n|upkeep\n|turn|6\n|inactive|UnluckyTogekissZ has 30 seconds left.\n|inactive|Cyan2023 has 30 seconds left.\n|inactive|UnluckyTogekissZ has 20 seconds left.\n|inactive|Cyan2023 has 20 seconds left.\n|\n|t:|1740177159\n|-end|p2b: Iron Bundle|Quark Drive|[silent]\n|switch|p2b: Miraidon|Miraidon, L50|94\/100 brn\n|-fieldstart|move: Electric Terrain|[from] ability: Hadron Engine|[of] p2b: Miraidon\n|move|p1a: Koraidon|Protect|p1a: Koraidon\n|-singleturn|p1a: Koraidon|Protect\n|move|p2a: Dragonite|Protect|p2a: Dragonite\n|-singleturn|p2a: Dragonite|Protect\n|move|p1b: Incineroar|Knock Off|p2a: Dragonite\n|-activate|p2a: Dragonite|move: Protect\n|\n|-damage|p2b: Miraidon|88\/100 brn|[from] brn\n|upkeep\n|turn|7\n|inactive|Cyan2023 has 30 seconds left.\n|inactive|UnluckyTogekissZ has 30 seconds left.\n|inactive|Cyan2023 has 20 seconds left.\n|inactive|Cyan2023 has 15 seconds left.\n|\n|t:|1740177202\n|move|p1a: Koraidon|Collision Course|p2b: Miraidon\n|-damage|p2b: Miraidon|42\/100 brn\n|move|p2b: Miraidon|Volt Switch|p1a: Koraidon\n|-crit|p1a: Koraidon\n|-damage|p1a: Koraidon|0 fnt\n|faint|p1a: Koraidon\n|\n|t:|1740177210\n|switch|p2b: Iron Bundle|Iron Bundle, L50|13\/100|[from] Volt Switch\n|-activate|p2b: Iron Bundle|ability: Quark Drive\n|-start|p2b: Iron Bundle|quarkdrivespe\n|move|p2a: Dragonite|Scale Shot|p1b: Incineroar\n|-damage|p1b: Incineroar|92\/100\n|-damage|p1b: Incineroar|83\/100\n|-damage|p1b: Incineroar|74\/100\n|-damage|p1b: Incineroar|66\/100\n|-hitcount|p1b: Incineroar|4\n|-unboost|p2a: Dragonite|def|1\n|-boost|p2a: Dragonite|spe|1\n|move|p1b: Incineroar|Knock Off|p2b: Iron Bundle\n|-damage|p2b: Iron Bundle|0 fnt\n|faint|p2b: Iron Bundle\n|-end|p2b: Iron Bundle|Quark Drive|[silent]\n|\n|upkeep\n|\n|t:|1740177225\n|switch|p2b: Miraidon|Miraidon, L50|42\/100 brn\n|switch|p1a: Rillaboom|Rillaboom, L50, M|71\/100\n|-activate|p2b: Miraidon|ability: Hadron Engine\n|-fieldstart|move: Grassy Terrain|[from] ability: Grassy Surge|[of] p1a: Rillaboom\n|turn|8\n|\n|t:|1740177244\n|move|p1a: Rillaboom|Fake Out|p2b: Miraidon\n|-damage|p2b: Miraidon|31\/100 brn\n|move|p2a: Dragonite|Fire Punch|p1a: Rillaboom\n|-supereffective|p1a: Rillaboom\n|-damage|p1a: Rillaboom|40\/100\n|cant|p2b: Miraidon|flinch\n|move|p1b: Incineroar|Knock Off|p2b: Miraidon\n|-damage|p2b: Miraidon|0 fnt\n|-enditem|p2b: Miraidon|Choice Specs|[from] move: Knock Off|[of] p1b: Incineroar\n|faint|p2b: Miraidon\n|\n|-heal|p1a: Rillaboom|46\/100|[from] Grassy Terrain\n|-heal|p1b: Incineroar|72\/100|[from] Grassy Terrain\n|upkeep\n|turn|9\n|\n|t:|1740177260\n|move|p2a: Dragonite|Fire Punch|p1a: Rillaboom\n|-supereffective|p1a: Rillaboom\n|-damage|p1a: Rillaboom|18\/100\n|move|p1a: Rillaboom|Wood Hammer|p2a: Dragonite\n|-resisted|p2a: Dragonite\n|-damage|p2a: Dragonite|87\/100\n|-damage|p1a: Rillaboom|14\/100|[from] Recoil\n|move|p1b: Incineroar|Knock Off|p2a: Dragonite\n|-damage|p2a: Dragonite|27\/100\n|-enditem|p2a: Dragonite|Loaded Dice|[from] move: Knock Off|[of] p1b: Incineroar\n|\n|-heal|p1a: Rillaboom|20\/100|[from] Grassy Terrain\n|-heal|p1b: Incineroar|78\/100|[from] Grassy Terrain\n|upkeep\n|turn|10\n|\n|t:|1740177272\n|move|p2a: Dragonite|Extreme Speed|p1a: Rillaboom\n|-damage|p1a: Rillaboom|4\/100\n|move|p1a: Rillaboom|Wood Hammer|p2a: Dragonite\n|-resisted|p2a: Dragonite\n|-damage|p2a: Dragonite|0 fnt\n|faint|p2a: Dragonite\n|-damage|p1a: Rillaboom|0 fnt|[from] Recoil\n|faint|p1a: Rillaboom\n|\n|win|UnluckyTogekissZ\n|raw|UnluckyTogekissZ's rating: 1545 &rarr; <strong>1570<\/strong><br \/>(+25 for winning)\n|raw|Cyan2023's rating: 1639 &rarr; <strong>1614<\/strong><br \/>(-25 for losing)\n|l|\u2606Cyan2023\n|player|p2|\n","uploadtime":1740177417,"views":6,"formatid":"gen9vgc2025regg","rating":1570,"private":0,"password":null}