{"id":"gen9vgc2025regg-2305188441","format":"[Gen 9] VGC 2025 Reg G","players":["Jayson_Ubo","blindfishptsd"],"log":"|j|\u2606Jayson_Ubo\n|j|\u2606blindfishptsd\n|t:|1740157976\n|gametype|doubles\n|player|p1|Jayson_Ubo|hilbert|1618\n|player|p2|blindfishptsd|266|1667\n|teamsize|p1|6\n|teamsize|p2|6\n|gen|9\n|tier|[Gen 9] VGC 2025 Reg G\n|rated|\n|rule|Species Clause: Limit one of each Pok\u00e9mon\n|rule|Item Clause: Limit 1 of each item\n|clearpoke\n|poke|p1|Calyrex-Ice, L50|\n|poke|p1|Smeargle, L50, F|\n|poke|p1|Ursaluna-Bloodmoon, L50, M|\n|poke|p1|Farigiraf, L50, M|\n|poke|p1|Annihilape, L50, M|\n|poke|p1|Electabuzz, L50, M|\n|poke|p2|Alcremie, L50, F|\n|poke|p2|Calyrex-Ice, L50|\n|poke|p2|Smeargle, L50, F|\n|poke|p2|Chi-Yu, L50|\n|poke|p2|Pelipper, L50, M|\n|poke|p2|Raging Bolt, L50|\n|teampreview|4\n|inactive|Battle timer is ON: inactive players will automatically lose when time's up. (requested by Jayson_Ubo)\n|\n|t:|1740157988\n|start\n|switch|p1a: Calyrex|Calyrex-Ice, L50|100\/100\n|switch|p1b: Annihilape|Annihilape, L50, M|100\/100\n|switch|p2a: absolute bs boi|Smeargle, L50, F|100\/100\n|switch|p2b: ice honse boi|Calyrex-Ice, L50|100\/100\n|-ability|p1a: Calyrex|As One\n|-ability|p1a: Calyrex|Unnerve\n|-ability|p2b: ice honse boi|As One\n|-ability|p2b: ice honse boi|Unnerve\n|turn|1\n|\n|t:|1740157999\n|move|p2a: absolute bs boi|Follow Me|p2a: absolute bs boi\n|-singleturn|p2a: absolute bs boi|move: Follow Me\n|move|p1b: Annihilape|Coaching|p1a: Calyrex\n|-boost|p1a: Calyrex|atk|1\n|-boost|p1a: Calyrex|def|1\n|move|p1a: Calyrex|Glacial Lance|p2b: ice honse boi|[spread] p2a,p2b\n|-resisted|p2b: ice honse boi\n|-enditem|p2a: absolute bs boi|Focus Sash\n|-damage|p2a: absolute bs boi|1\/100\n|-damage|p2b: ice honse boi|73\/100\n|move|p2b: ice honse boi|Trick Room|p2b: ice honse boi\n|-fieldstart|move: Trick Room|[of] p2b: ice honse boi\n|\n|upkeep\n|turn|2\n|\n|t:|1740158015\n|switch|p1b: Electabuzz|Electabuzz, L50, M|100\/100\n|move|p1a: Calyrex|Protect|p1a: Calyrex\n|-singleturn|p1a: Calyrex|Protect\n|move|p2a: absolute bs boi|Wide Guard|p2a: absolute bs boi\n|-singleturn|p2a: absolute bs boi|Wide Guard\n|move|p2b: ice honse boi|Glacial Lance|p1a: Calyrex|[spread] p1b\n|-activate|p1a: Calyrex|move: Protect\n|-damage|p1b: Electabuzz|58\/100\n|\n|upkeep\n|turn|3\n|inactive|blindfishptsd has 30 seconds left.\n|j| BionicFox\n|inactive|blindfishptsd has 20 seconds left.\n|\n|t:|1740158051\n|move|p2a: absolute bs boi|Wide Guard|p2a: absolute bs boi\n|-singleturn|p2a: absolute bs boi|Wide Guard\n|move|p1b: Electabuzz|Follow Me|p1b: Electabuzz\n|-singleturn|p1b: Electabuzz|move: Follow Me\n|move|p2b: ice honse boi|Glacial Lance|p1b: Electabuzz|[spread] p1a,p1b\n|-resisted|p1a: Calyrex\n|-damage|p1a: Calyrex|90\/100\n|-damage|p1b: Electabuzz|16\/100\n|move|p1a: Calyrex|Glacial Lance|p2b: ice honse boi|[spread] \n|-activate|p2a: absolute bs boi|move: Wide Guard\n|-activate|p2b: ice honse boi|move: Wide Guard\n|\n|upkeep\n|turn|4\n|\n|t:|1740158063\n|move|p1b: Electabuzz|Follow Me|p1b: Electabuzz\n|-singleturn|p1b: Electabuzz|move: Follow Me\n|move|p2b: ice honse boi|Glacial Lance|p1b: Electabuzz|[spread] p1a,p1b\n|-resisted|p1a: Calyrex\n|-damage|p1a: Calyrex|78\/100\n|-damage|p1b: Electabuzz|0 fnt\n|faint|p1b: Electabuzz\n|-ability|p2b: ice honse boi|Chilling Neigh|boost\n|-boost|p2b: ice honse boi|atk|1\n|move|p1a: Calyrex|High Horsepower|p2a: absolute bs boi|[miss]\n|-miss|p1a: Calyrex|p2a: absolute bs boi\n|move|p2a: absolute bs boi|Spore|p1a: Calyrex\n|-status|p1a: Calyrex|slp|[from] move: Spore\n|\n|upkeep\n|\n|t:|1740158071\n|switch|p1b: Smeargle|Smeargle, L50, F|100\/100\n|turn|5\n|\n|t:|1740158078\n|-terastallize|p1b: Smeargle|Grass\n|move|p2b: ice honse boi|Glacial Lance|p1b: Smeargle|[spread] p1a,p1b\n|-resisted|p1a: Calyrex\n|-supereffective|p1b: Smeargle\n|-damage|p1a: Calyrex|61\/100 slp\n|-enditem|p1b: Smeargle|Focus Sash\n|-damage|p1b: Smeargle|1\/100\n|move|p1b: Smeargle|Spore|p2b: ice honse boi\n|-status|p2b: ice honse boi|slp|[from] move: Spore\n|cant|p1a: Calyrex|slp\n|move|p2a: absolute bs boi|Spore|p1b: Smeargle\n|-immune|p1b: Smeargle\n|\n|-fieldend|move: Trick Room\n|upkeep\n|turn|6\n|l| BionicFox\n|\n|t:|1740158091\n|move|p2a: absolute bs boi|Wide Guard|p2a: absolute bs boi\n|-singleturn|p2a: absolute bs boi|Wide Guard\n|-curestatus|p1a: Calyrex|slp|[msg]\n|move|p1a: Calyrex|Glacial Lance|p2b: ice honse boi|[spread] \n|-activate|p2a: absolute bs boi|move: Wide Guard\n|-activate|p2b: ice honse boi|move: Wide Guard\n|move|p1b: Smeargle|Decorate|p1a: Calyrex\n|-boost|p1a: Calyrex|atk|2\n|-boost|p1a: Calyrex|spa|2\n|cant|p2b: ice honse boi|slp\n|\n|upkeep\n|turn|7\n|\n|t:|1740158111\n|move|p2a: absolute bs boi|Wide Guard|p2a: absolute bs boi\n|-singleturn|p2a: absolute bs boi|Wide Guard\n|move|p1b: Smeargle|Follow Me|p1b: Smeargle\n|-singleturn|p1b: Smeargle|move: Follow Me\n|move|p1a: Calyrex|High Horsepower|p2a: absolute bs boi\n|-damage|p2a: absolute bs boi|0 fnt\n|faint|p2a: absolute bs boi\n|-ability|p1a: Calyrex|Chilling Neigh|boost\n|-boost|p1a: Calyrex|atk|1\n|-curestatus|p2b: ice honse boi|slp|[msg]\n|move|p2b: ice honse boi|Glacial Lance|p1b: Smeargle|[spread] p1a,p1b\n|-resisted|p1a: Calyrex\n|-supereffective|p1b: Smeargle\n|-damage|p1a: Calyrex|44\/100\n|-damage|p1b: Smeargle|0 fnt\n|faint|p1b: Smeargle\n|-ability|p2b: ice honse boi|Chilling Neigh|boost\n|-boost|p2b: ice honse boi|atk|1\n|\n|upkeep\n|inactive|blindfishptsd has 30 seconds left.\n|\n|t:|1740158137\n|switch|p2a: zappy boi|Raging Bolt, L50|100\/100\n|switch|p1b: Annihilape|Annihilape, L50, M|100\/100\n|-enditem|p2a: zappy boi|Booster Energy\n|-activate|p2a: zappy boi|ability: Protosynthesis|[fromitem]\n|-start|p2a: zappy boi|protosynthesisspa\n|turn|8\n|\n|t:|1740158160\n|-terastallize|p2a: zappy boi|Electric\n|move|p2a: zappy boi|Thunderclap|p1b: Annihilape\n|-damage|p1b: Annihilape|39\/100\n|move|p1b: Annihilape|Close Combat|p2b: ice honse boi\n|-crit|p2b: ice honse boi\n|-damage|p2b: ice honse boi|26\/100\n|-unboost|p1b: Annihilape|def|1\n|-unboost|p1b: Annihilape|spd|1\n|move|p1a: Calyrex|Glacial Lance|p2a: zappy boi|[spread] p2a,p2b\n|-resisted|p2b: ice honse boi\n|-damage|p2a: zappy boi|0 fnt\n|-damage|p2b: ice honse boi|0 fnt\n|-enditem|p1a: Calyrex|Sitrus Berry|[eat]\n|-heal|p1a: Calyrex|68\/100|[from] item: Sitrus Berry\n|faint|p2a: zappy boi\n|-end|p2a: zappy boi|Protosynthesis|[silent]\n|faint|p2b: ice honse boi\n|-ability|p1a: Calyrex|Chilling Neigh|boost\n|-boost|p1a: Calyrex|atk|2\n|\n|upkeep\n|inactive|blindfishptsd has 30 seconds left.\n|-message|blindfishptsd forfeited.\n|\n|win|Jayson_Ubo\n|raw|Jayson_Ubo's rating: 1618 &rarr; <strong>1641<\/strong><br \/>(+23 for winning)\n|raw|blindfishptsd's rating: 1667 &rarr; <strong>1644<\/strong><br \/>(-23 for losing)\n|l|\u2606blindfishptsd\n|player|p2|\n|l|\u2606Jayson_Ubo\n|player|p1|\n","uploadtime":1740158440,"views":5,"formatid":"gen9vgc2025regg","rating":1641,"private":0,"password":null}