{"id":"gen9vgc2025regg-2305451486","format":"[Gen 9] VGC 2025 Reg G","players":["ScaryQwQ","Tempest Flute"],"log":"|j|\u2606ScaryQwQ\n|j|\u2606Tempest Flute\n|t:|1740188384\n|gametype|doubles\n|player|p1|ScaryQwQ|266|1630\n|player|p2|Tempest Flute|policeman-gen4|1680\n|teamsize|p1|6\n|teamsize|p2|6\n|gen|9\n|tier|[Gen 9] VGC 2025 Reg G\n|rated|\n|rule|Species Clause: Limit one of each Pok\u00e9mon\n|rule|Item Clause: Limit 1 of each item\n|clearpoke\n|poke|p1|Zacian-*, L50|\n|poke|p1|Regidrago, L50|\n|poke|p1|Whimsicott, L50, M|\n|poke|p1|Chi-Yu, L50|\n|poke|p1|Amoonguss, L50, F|\n|poke|p1|Ditto, L50|\n|poke|p2|Kyogre, L50|\n|poke|p2|Tornadus, L50, M|\n|poke|p2|Tsareena, L50, F|\n|poke|p2|Urshifu-*, L50, F|\n|poke|p2|Chien-Pao, L50|\n|poke|p2|Rillaboom, L50, F|\n|teampreview|4\n|inactive|Battle timer is ON: inactive players will automatically lose when time's up. (requested by Tempest Flute)\n|inactive|ScaryQwQ has 60 seconds left.\n|inactive|Tempest Flute has 60 seconds left.\n|inactive|ScaryQwQ has 30 seconds left.\n|\n|t:|1740188448\n|start\n|switch|p1a: Regidrago|Regidrago, L50|100\/100\n|switch|p1b: Amoonguss|Amoonguss, L50, F|100\/100\n|switch|p2a: Tornadus|Tornadus, L50, M|100\/100\n|switch|p2b: Chien-Pao|Chien-Pao, L50|100\/100\n|-ability|p2b: Chien-Pao|Sword of Ruin\n|turn|1\n|inactive|ScaryQwQ has 30 seconds left.\n|\n|t:|1740188477\n|-terastallize|p2a: Tornadus|Steel\n|-terastallize|p1b: Amoonguss|Water\n|move|p2b: Chien-Pao|Protect|p2b: Chien-Pao\n|-singleturn|p2b: Chien-Pao|Protect\n|move|p1a: Regidrago|Protect|p1a: Regidrago\n|-singleturn|p1a: Regidrago|Protect\n|move|p2a: Tornadus|Taunt|p1b: Amoonguss\n|-start|p1b: Amoonguss|move: Taunt\n|cant|p1b: Amoonguss|move: Taunt|Spore\n|\n|upkeep\n|turn|2\n|\n|t:|1740188495\n|switch|p1a: Zacian|Zacian-Crowned, L50|100\/100\n|-ability|p1a: Zacian|Intrepid Sword|boost\n|-boost|p1a: Zacian|atk|1\n|move|p2b: Chien-Pao|Icicle Crash|p1a: Zacian\n|-resisted|p1a: Zacian\n|-crit|p1a: Zacian\n|-damage|p1a: Zacian|57\/100\n|move|p2a: Tornadus|Bleakwind Storm|p1b: Amoonguss|[spread] p1a,p1b\n|-resisted|p1a: Zacian\n|-damage|p1a: Zacian|43\/100\n|-damage|p1b: Amoonguss|79\/100\n|move|p1b: Amoonguss|Clear Smog|p2b: Chien-Pao\n|-damage|p2b: Chien-Pao|73\/100\n|-clearboost|p2b: Chien-Pao\n|\n|upkeep\n|turn|3\n|inactive|Tempest Flute has 30 seconds left.\n|\n|t:|1740188526\n|switch|p2b: Kyogre|Kyogre, L50, shiny|100\/100\n|-weather|RainDance|[from] ability: Drizzle|[of] p2b: Kyogre\n|switch|p1b: Ditto|Ditto, L50|100\/100\n|-transform|p1b: Ditto|p2a: Tornadus|[from] ability: Imposter\n|move|p2a: Tornadus|Tailwind|p2a: Tornadus\n|-sidestart|p2: Tempest Flute|move: Tailwind\n|move|p1a: Zacian|Sacred Sword|p2a: Tornadus\n|-supereffective|p2a: Tornadus\n|-damage|p2a: Tornadus|0 fnt\n|faint|p2a: Tornadus\n|\n|-weather|RainDance|[upkeep]\n|upkeep\n|\n|t:|1740188539\n|switch|p2a: Urshifu|Urshifu-Rapid-Strike, L50, F|100\/100\n|-start|p1b: Ditto|typechange|Flying|[silent]\n|turn|4\n|inactive|ScaryQwQ has 30 seconds left.\n|inactive|ScaryQwQ has 20 seconds left.\n|inactive|ScaryQwQ has 15 seconds left.\n|inactive|ScaryQwQ has 10 seconds left.\n|inactive|ScaryQwQ has 5 seconds left.\n|\n|t:|1740188592\n|move|p1b: Ditto|Tailwind|p1b: Ditto\n|-sidestart|p1: ScaryQwQ|move: Tailwind\n|move|p2a: Urshifu|Surging Strikes|p1a: Zacian\n|-crit|p1a: Zacian\n|-damage|p1a: Zacian|15\/100\n|-crit|p1a: Zacian\n|-damage|p1a: Zacian|0 fnt\n|faint|p1a: Zacian\n|-hitcount|p1: Zacian|2\n|move|p2b: Kyogre|Water Spout|p1b: Ditto\n|-damage|p1b: Ditto|0 fnt\n|faint|p1b: Ditto\n|\n|-weather|RainDance|[upkeep]\n|upkeep\n|\n|t:|1740188600\n|switch|p1a: Regidrago|Regidrago, L50|100\/100\n|switch|p1b: Amoonguss|Amoonguss, L50, F, tera:Water|100\/100\n|turn|5\n|\n|t:|1740188622\n|move|p1b: Amoonguss|Rage Powder|p1b: Amoonguss\n|-singleturn|p1b: Amoonguss|move: Rage Powder\n|move|p2a: Urshifu|Surging Strikes|p1b: Amoonguss\n|-resisted|p1b: Amoonguss\n|-crit|p1b: Amoonguss\n|-damage|p1b: Amoonguss|86\/100\n|-damage|p2a: Urshifu|84\/100|[from] item: Rocky Helmet|[of] p1b: Amoonguss\n|-resisted|p1b: Amoonguss\n|-crit|p1b: Amoonguss\n|-damage|p1b: Amoonguss|71\/100\n|-damage|p2a: Urshifu|68\/100|[from] item: Rocky Helmet|[of] p1b: Amoonguss\n|-resisted|p1b: Amoonguss\n|-crit|p1b: Amoonguss\n|-damage|p1b: Amoonguss|55\/100\n|-damage|p2a: Urshifu|52\/100|[from] item: Rocky Helmet|[of] p1b: Amoonguss\n|-hitcount|p1b: Amoonguss|3\n|move|p2b: Kyogre|Water Spout|p1b: Amoonguss|[spread] p1a,p1b\n|-resisted|p1a: Regidrago\n|-resisted|p1b: Amoonguss\n|-damage|p1a: Regidrago|35\/100\n|-damage|p1b: Amoonguss|17\/100\n|move|p1a: Regidrago|Dragon Energy|p2b: Kyogre|[spread] p2a,p2b\n|-damage|p2a: Urshifu|6\/100\n|-damage|p2b: Kyogre|74\/100\n|-damage|p1a: Regidrago|25\/100|[from] item: Life Orb\n|\n|-weather|RainDance|[upkeep]\n|upkeep\n|turn|6\n|inactive|ScaryQwQ has 30 seconds left.\n|c|\u2606Tempest Flute|unfortunately u are not grant weldon\n|inactive|ScaryQwQ has 20 seconds left.\n|\n|t:|1740188657\n|move|p1b: Amoonguss|Rage Powder|p1b: Amoonguss\n|-singleturn|p1b: Amoonguss|move: Rage Powder\n|move|p2a: Urshifu|Surging Strikes|p1b: Amoonguss\n|-resisted|p1b: Amoonguss\n|-crit|p1b: Amoonguss\n|-damage|p1b: Amoonguss|1\/100\n|-damage|p2a: Urshifu|0 fnt|[from] item: Rocky Helmet|[of] p1b: Amoonguss\n|faint|p2a: Urshifu\n|-hitcount|p1b: Amoonguss|1\n|move|p2b: Kyogre|Water Spout|p1a: Regidrago|[spread] p1a,p1b\n|-resisted|p1a: Regidrago\n|-resisted|p1b: Amoonguss\n|-damage|p1a: Regidrago|0 fnt\n|-damage|p1b: Amoonguss|0 fnt\n|faint|p1a: Regidrago\n|faint|p1b: Amoonguss\n|\n|win|Tempest Flute\n|raw|ScaryQwQ's rating: 1630 &rarr; <strong>1613<\/strong><br \/>(-17 for losing)\n|raw|Tempest Flute's rating: 1680 &rarr; <strong>1697<\/strong><br \/>(+17 for winning)\n|l|\u2606ScaryQwQ\n|player|p1|\n|l|\u2606Tempest Flute\n|player|p2|\n","uploadtime":1740188903,"views":3,"formatid":"gen9vgc2025regg","rating":1613,"private":0,"password":null}