{"id":"gen9vgc2025regg-2305289122","format":"[Gen 9] VGC 2025 Reg G","players":["ok3rd","Winters4"],"log":"|j|\u2606ok3rd\n|j|\u2606Winters4\n|t:|1740168413\n|gametype|doubles\n|player|p1|ok3rd|lillie-z|1738\n|player|p2|Winters4|170|1647\n|teamsize|p1|6\n|teamsize|p2|6\n|gen|9\n|tier|[Gen 9] VGC 2025 Reg G\n|rated|\n|rule|Species Clause: Limit one of each Pok\u00e9mon\n|rule|Item Clause: Limit 1 of each item\n|clearpoke\n|poke|p1|Raging Bolt, L50|\n|poke|p1|Miraidon, L50|\n|poke|p1|Ogerpon-Hearthflame, L50, F|\n|poke|p1|Torkoal, L50, M|\n|poke|p1|Farigiraf, L50, M|\n|poke|p1|Ursaluna, L50, M|\n|poke|p2|Calyrex-Ice, L50|\n|poke|p2|Raging Bolt, L50|\n|poke|p2|Rillaboom, L50, M|\n|poke|p2|Urshifu-*, L50, M|\n|poke|p2|Chi-Yu, L50|\n|poke|p2|Ogerpon-Cornerstone, L50, F|\n|teampreview|4\n|inactive|Battle timer is ON: inactive players will automatically lose when time's up. (requested by ok3rd)\n|j| tetsuokaga\n|inactive|ok3rd has 60 seconds left.\n|\n|t:|1740168460\n|start\n|switch|p1a: Raging Bolt|Raging Bolt, L50|100\/100\n|switch|p1b: Miraidon|Miraidon, L50|100\/100\n|switch|p2a: Calyrex|Calyrex-Ice, L50|100\/100\n|switch|p2b: Rillaboom|Rillaboom, L50, M|100\/100\n|-ability|p2a: Calyrex|As One\n|-ability|p2a: Calyrex|Unnerve\n|-fieldstart|move: Electric Terrain|[from] ability: Hadron Engine|[of] p1b: Miraidon\n|-fieldstart|move: Grassy Terrain|[from] ability: Grassy Surge|[of] p2b: Rillaboom\n|turn|1\n|\n|t:|1740168475\n|switch|p1b: Torkoal|Torkoal, L50, M|100\/100\n|-weather|SunnyDay|[from] ability: Drought|[of] p1b: Torkoal\n|-activate|p1a: Raging Bolt|ability: Protosynthesis\n|-start|p1a: Raging Bolt|protosynthesisspa\n|-item|p1b: Torkoal|Air Balloon\n|move|p1a: Raging Bolt|Protect|p1a: Raging Bolt\n|-singleturn|p1a: Raging Bolt|Protect\n|move|p2a: Calyrex|Protect|p2a: Calyrex\n|-singleturn|p2a: Calyrex|Protect\n|move|p2b: Rillaboom|U-turn|p1a: Raging Bolt\n|-activate|p1a: Raging Bolt|move: Protect\n|\n|-weather|SunnyDay|[upkeep]\n|upkeep\n|turn|2\n|j| hideonbusu\n|\n|t:|1740168497\n|switch|p2a: Raging Bolt|Raging Bolt, L50|100\/100\n|-activate|p2a: Raging Bolt|ability: Protosynthesis\n|-start|p2a: Raging Bolt|protosynthesisspa\n|switch|p1b: Miraidon|Miraidon, L50|100\/100\n|-fieldstart|move: Electric Terrain|[from] ability: Hadron Engine|[of] p1b: Miraidon\n|-terastallize|p1a: Raging Bolt|Electric\n|move|p1a: Raging Bolt|Rising Voltage|p2a: Raging Bolt\n|-hint|Rising Voltage's BP doubled on grounded target.\n|-resisted|p2a: Raging Bolt\n|-damage|p2a: Raging Bolt|50\/100\n|-damage|p1a: Raging Bolt|91\/100|[from] item: Life Orb\n|move|p2b: Rillaboom|U-turn|p1b: Miraidon\n|-damage|p1b: Miraidon|78\/100\n|\n|t:|1740168515\n|switch|p2b: Calyrex|Calyrex-Ice, L50|100\/100|[from] U-turn\n|-ability|p2b: Calyrex|As One\n|-ability|p2b: Calyrex|Unnerve\n|\n|-weather|SunnyDay|[upkeep]\n|upkeep\n|turn|3\n|inactive|ok3rd has 30 seconds left.\n|\n|t:|1740168543\n|move|p2b: Calyrex|Protect|p2b: Calyrex\n|-singleturn|p2b: Calyrex|Protect\n|move|p1b: Miraidon|Volt Switch|p2a: Raging Bolt\n|-resisted|p2a: Raging Bolt\n|-damage|p2a: Raging Bolt|29\/100\n|j| mr pogostick\n|\n|t:|1740168554\n|switch|p1b: Ogerpon|Ogerpon-Hearthflame, L50, F|100\/100|[from] Volt Switch\n|-ability|p1b: Ogerpon|Mold Breaker\n|move|p1a: Raging Bolt|Draco Meteor|p2a: Raging Bolt\n|-supereffective|p2a: Raging Bolt\n|-damage|p2a: Raging Bolt|0 fnt\n|-unboost|p1a: Raging Bolt|spa|2\n|faint|p2a: Raging Bolt\n|-end|p2a: Raging Bolt|Protosynthesis|[silent]\n|-damage|p1a: Raging Bolt|81\/100|[from] item: Life Orb\n|\n|-weather|SunnyDay|[upkeep]\n|upkeep\n|\n|t:|1740168567\n|switch|p2a: Rillaboom|Rillaboom, L50, M|100\/100\n|-fieldstart|move: Grassy Terrain|[from] ability: Grassy Surge|[of] p2a: Rillaboom\n|turn|4\n|\n|t:|1740168589\n|-end|p1a: Raging Bolt|Protosynthesis|[silent]\n|switch|p1a: Torkoal|Torkoal, L50, M|100\/100\n|-item|p1a: Torkoal|Air Balloon\n|switch|p2a: Ogerpon|Ogerpon-Cornerstone, L50, F|100\/100\n|-terastallize|p2b: Calyrex|Water\n|move|p1b: Ogerpon|Ivy Cudgel|p2a: Ogerpon|[anim] Ivy Cudgel Fire\n|-damage|p2a: Ogerpon|0 fnt\n|faint|p2a: Ogerpon\n|move|p2b: Calyrex|Glacial Lance|p1b: Ogerpon|[spread] p1a,p1b\n|-resisted|p1a: Torkoal\n|-damage|p1a: Torkoal|77\/100\n|-damage|p1b: Ogerpon|19\/100\n|-enditem|p1a: Torkoal|Air Balloon\n|\n|-weather|SunnyDay|[upkeep]\n|-heal|p1b: Ogerpon|25\/100|[from] Grassy Terrain\n|-heal|p1a: Torkoal|83\/100|[from] Grassy Terrain\n|upkeep\n|\n|t:|1740168605\n|switch|p2a: Rillaboom|Rillaboom, L50, M|100\/100\n|turn|5\n|\n|t:|1740168616\n|move|p2a: Rillaboom|Fake Out|p1a: Torkoal\n|-damage|p1a: Torkoal|73\/100\n|move|p1b: Ogerpon|Ivy Cudgel|p2a: Rillaboom|[anim] Ivy Cudgel Fire\n|-supereffective|p2a: Rillaboom\n|-damage|p2a: Rillaboom|0 fnt\n|faint|p2a: Rillaboom\n|move|p2b: Calyrex|Glacial Lance|p1a: Torkoal|[spread] p1a,p1b\n|-resisted|p1a: Torkoal\n|-damage|p1a: Torkoal|51\/100\n|-damage|p1b: Ogerpon|0 fnt\n|faint|p1b: Ogerpon\n|-ability|p2b: Calyrex|Chilling Neigh|boost\n|-boost|p2b: Calyrex|atk|1\n|cant|p1a: Torkoal|flinch\n|\n|-weather|none\n|-heal|p1a: Torkoal|57\/100|[from] Grassy Terrain\n|upkeep\n|\n|t:|1740168618\n|switch|p1b: Raging Bolt|Raging Bolt, L50, tera:Electric|81\/100\n|turn|6\n|c|\u2606ok3rd|gg\n|\n|t:|1740168627\n|switch|p1a: Miraidon|Miraidon, L50|78\/100\n|-fieldstart|move: Electric Terrain|[from] ability: Hadron Engine|[of] p1a: Miraidon\n|move|p1b: Raging Bolt|Rising Voltage|p2b: Calyrex\n|-hint|Rising Voltage's BP doubled on grounded target.\n|-supereffective|p2b: Calyrex\n|-damage|p2b: Calyrex|0 fnt\n|faint|p2b: Calyrex\n|-damage|p1b: Raging Bolt|71\/100|[from] item: Life Orb\n|\n|win|ok3rd\n|raw|ok3rd's rating: 1738 &rarr; <strong>1753<\/strong><br \/>(+15 for winning)\n|raw|Winters4's rating: 1647 &rarr; <strong>1632<\/strong><br \/>(-15 for losing)\n|l| tetsuokaga\n|l|\u2606Winters4\n|player|p2|\n|l| mr pogostick\n|l| hideonbusu\n|l|\u2606ok3rd\n|player|p1|\n|j|\u2606ok3rd\n|player|p1|ok3rd|lillie-z|\n","uploadtime":1740168784,"views":6,"formatid":"gen9vgc2025regg","rating":1632,"private":0,"password":null}