{"id":"gen9vgc2025regg-2305390918","format":"[Gen 9] VGC 2025 Reg G","players":["carmeloball","prototony"],"log":"|j|\u2606carmeloball\n|j|\u2606prototony\n|t:|1740180282\n|gametype|doubles\n|player|p1|carmeloball|102|1674\n|player|p2|prototony|firebreather|1637\n|teamsize|p1|6\n|teamsize|p2|6\n|gen|9\n|tier|[Gen 9] VGC 2025 Reg G\n|rated|\n|rule|Species Clause: Limit one of each Pok\u00e9mon\n|rule|Item Clause: Limit 1 of each item\n|clearpoke\n|poke|p1|Terapagos, L50, M|\n|poke|p1|Amoonguss, L50, M|\n|poke|p1|Iron Hands, L50|\n|poke|p1|Flutter Mane, L50|\n|poke|p1|Chi-Yu, L50|\n|poke|p1|Urshifu-*, L50, F|\n|poke|p2|Weezing-Galar, L50, F|\n|poke|p2|Dondozo, L50, M|\n|poke|p2|Calyrex-Shadow, L50|\n|poke|p2|Tatsugiri-Droopy, L50, M|\n|poke|p2|Iron Hands, L50|\n|poke|p2|Maushold-Four, L50|\n|teampreview|4\n|\n|t:|1740180343\n|start\n|switch|p1a: Terapagos|Terapagos, L50, M|100\/100\n|switch|p1b: Chi-Yu|Chi-Yu, L50|100\/100\n|switch|p2a: Calyrex|Calyrex-Shadow, L50|100\/100\n|switch|p2b: Maushold|Maushold-Four, L50|100\/100\n|-activate|p1a: Terapagos|ability: Tera Shift\n|detailschange|p1a: Terapagos|Terapagos-Terastal, L50, M\n|-heal|p1a: Terapagos|100\/100|[silent]\n|-ability|p2a: Calyrex|As One\n|-ability|p2a: Calyrex|Unnerve\n|-ability|p1b: Chi-Yu|Beads of Ruin\n|turn|1\n|\n|t:|1740180387\n|switch|p2b: Tatsugiri|Tatsugiri-Droopy, L50, M, shiny|100\/100\n|switch|p2a: Dondozo|Dondozo, L50, M|100\/100\n|-activate|p2b: Tatsugiri|ability: Commander|[of] p2a: Dondozo\n|-boost|p2a: Dondozo|atk|2\n|-boost|p2a: Dondozo|spa|2\n|-boost|p2a: Dondozo|spe|2\n|-boost|p2a: Dondozo|def|2\n|-boost|p2a: Dondozo|spd|2\n|-terastallize|p1a: Terapagos|Stellar\n|detailschange|p1a: Terapagos|Terapagos-Stellar, L50, M, tera:Stellar\n|-heal|p1a: Terapagos|100\/100|[silent]\n|move|p1b: Chi-Yu|Dark Pulse|p2a: Dondozo\n|-damage|p2a: Dondozo|74\/100\n|move|p1a: Terapagos|Tera Starstorm|p2a: Dondozo|[spread] p2a\n|-miss|p1a: Terapagos|p2b: Tatsugiri\n|-damage|p2a: Dondozo|47\/100\n|\n|-heal|p2a: Dondozo|54\/100|[from] item: Leftovers\n|upkeep\n|turn|2\n|\n|t:|1740180407\n|switch|p1b: Amoonguss|Amoonguss, L50, M|100\/100\n|switch|p1a: Flutter Mane|Flutter Mane, L50|100\/100\n|-enditem|p1a: Flutter Mane|Booster Energy\n|-activate|p1a: Flutter Mane|ability: Protosynthesis|[fromitem]\n|-start|p1a: Flutter Mane|protosynthesisspe\n|move|p2a: Dondozo|Protect||[still]\n|-fail|p2a: Dondozo\n|\n|-heal|p2a: Dondozo|60\/100|[from] item: Leftovers\n|upkeep\n|turn|3\n|\n|t:|1740180417\n|-terastallize|p2a: Dondozo|Grass\n|move|p1a: Flutter Mane|Icy Wind|p2b: Tatsugiri|[spread] p2a\n|-miss|p1a: Flutter Mane|p2b: Tatsugiri\n|-supereffective|p2a: Dondozo\n|-damage|p2a: Dondozo|47\/100\n|-unboost|p2a: Dondozo|spe|1\n|move|p2a: Dondozo|Order Up|p1b: Amoonguss\n|-crit|p1b: Amoonguss\n|-damage|p1b: Amoonguss|58\/100\n|-boost|p2a: Dondozo|def|1\n|move|p1b: Amoonguss|Spore|p2a: Dondozo\n|-immune|p2a: Dondozo\n|\n|-heal|p2a: Dondozo|54\/100|[from] item: Leftovers\n|upkeep\n|turn|4\n|j| 2-2-2 Ape\n|l| 2-2-2 Ape\n|\n|t:|1740180447\n|move|p2a: Dondozo|Wave Crash|p1a: Flutter Mane\n|-damage|p1a: Flutter Mane|0 fnt\n|faint|p1a: Flutter Mane\n|-end|p1a: Flutter Mane|Protosynthesis|[silent]\n|-damage|p2a: Dondozo|31\/100|[from] Recoil\n|move|p1b: Amoonguss|Pollen Puff|p2a: Dondozo\n|-supereffective|p2a: Dondozo\n|-damage|p2a: Dondozo|13\/100\n|\n|-heal|p2a: Dondozo|19\/100|[from] item: Leftovers\n|upkeep\n|\n|t:|1740180456\n|switch|p1a: Chi-Yu|Chi-Yu, L50|100\/100\n|-ability|p1a: Chi-Yu|Beads of Ruin\n|turn|5\n|\n|t:|1740180466\n|move|p1a: Chi-Yu|Dark Pulse|p2a: Dondozo\n|-damage|p2a: Dondozo|0 fnt\n|faint|p2a: Dondozo\n|move|p1b: Amoonguss|Spore|p2b: Tatsugiri\n|-status|p2b: Tatsugiri|slp|[from] move: Spore\n|\n|upkeep\n|\n|t:|1740180480\n|switch|p2a: Maushold|Maushold-Four, L50|100\/100\n|turn|6\n|\n|t:|1740180495\n|move|p2a: Maushold|Switcheroo|p1b: Amoonguss\n|-activate|p2a: Maushold|move: Trick|[of] p1b: Amoonguss\n|-item|p1b: Amoonguss|Choice Scarf|[from] move: Switcheroo\n|-item|p2a: Maushold|Rocky Helmet|[from] move: Switcheroo\n|move|p1a: Chi-Yu|Heat Wave|p2a: Maushold|[spread] p2a,p2b\n|-resisted|p2b: Tatsugiri\n|-damage|p2a: Maushold|24\/100\n|-damage|p2b: Tatsugiri|88\/100 slp\n|cant|p2b: Tatsugiri|slp\n|move|p1b: Amoonguss|Spore|p2a: Maushold\n|-status|p2a: Maushold|slp|[from] move: Spore\n|\n|upkeep\n|turn|7\n|\n|t:|1740180510\n|cant|p2a: Maushold|slp\n|move|p1a: Chi-Yu|Heat Wave|p2a: Maushold|[spread] p2a,p2b\n|-resisted|p2b: Tatsugiri\n|-damage|p2a: Maushold|0 fnt\n|-damage|p2b: Tatsugiri|75\/100 slp\n|faint|p2a: Maushold\n|-curestatus|p2b: Tatsugiri|slp|[msg]\n|move|p2b: Tatsugiri|Muddy Water|p1a: Chi-Yu|[spread] p1a\n|-miss|p2b: Tatsugiri|p1b: Amoonguss\n|-supereffective|p1a: Chi-Yu\n|-damage|p1a: Chi-Yu|13\/100\n|move|p1b: Amoonguss|Spore|p2b: Tatsugiri\n|-status|p2b: Tatsugiri|slp|[from] move: Spore\n|\n|upkeep\n|\n|t:|1740180520\n|switch|p2a: Calyrex|Calyrex-Shadow, L50|100\/100\n|-ability|p2a: Calyrex|As One\n|-ability|p2a: Calyrex|Unnerve\n|turn|8\n|j| 2-2-2 Ape\n|l| 2-2-2 Ape\n|inactive|Battle timer is ON: inactive players will automatically lose when time's up. (requested by carmeloball)\n|\n|t:|1740180552\n|switch|p1a: Terapagos|Terapagos-Stellar, L50, M, tera:Stellar|100\/100\n|move|p2a: Calyrex|Grass Knot|p1a: Terapagos\n|-damage|p1a: Terapagos|70\/100\n|cant|p2b: Tatsugiri|slp\n|move|p1b: Amoonguss|Spore|p2a: Calyrex\n|-status|p2a: Calyrex|slp|[from] move: Spore\n|\n|upkeep\n|turn|9\n|\n|t:|1740180568\n|switch|p1b: Chi-Yu|Chi-Yu, L50|13\/100\n|-ability|p1b: Chi-Yu|Beads of Ruin\n|cant|p2a: Calyrex|slp\n|-curestatus|p2b: Tatsugiri|slp|[msg]\n|move|p2b: Tatsugiri|Draco Meteor|p1a: Terapagos\n|-damage|p1a: Terapagos|1\/100\n|-unboost|p2b: Tatsugiri|spa|2\n|move|p1a: Terapagos|Rock Polish|p1a: Terapagos\n|-boost|p1a: Terapagos|spe|2\n|\n|upkeep\n|turn|10\n|\n|t:|1740180583\n|move|p1a: Terapagos|Tera Starstorm|p2b: Tatsugiri|[spread] p2a,p2b\n|-damage|p2a: Calyrex|46\/100 slp\n|-damage|p2b: Tatsugiri|8\/100\n|cant|p2a: Calyrex|slp\n|move|p1b: Chi-Yu|Dark Pulse|p2a: Calyrex\n|-supereffective|p2a: Calyrex\n|-damage|p2a: Calyrex|0 fnt\n|faint|p2a: Calyrex\n|move|p2b: Tatsugiri|Muddy Water|p1b: Chi-Yu|[spread] p1a,p1b\n|-supereffective|p1b: Chi-Yu\n|-damage|p1a: Terapagos|0 fnt\n|-damage|p1b: Chi-Yu|0 fnt\n|faint|p1a: Terapagos\n|faint|p1b: Chi-Yu\n|\n|upkeep\n|\n|t:|1740180607\n|switch|p1b: Amoonguss|Amoonguss, L50, M|92\/100\n|turn|11\n|\n|t:|1740180611\n|move|p2b: Tatsugiri|Draco Meteor|p1b: Amoonguss\n|-damage|p1b: Amoonguss|57\/100\n|-unboost|p2b: Tatsugiri|spa|2\n|move|p1b: Amoonguss|Pollen Puff|p2b: Tatsugiri\n|-damage|p2b: Tatsugiri|0 fnt\n|faint|p2b: Tatsugiri\n|\n|win|carmeloball\n|raw|carmeloball's rating: 1674 &rarr; <strong>1692<\/strong><br \/>(+18 for winning)\n|raw|prototony's rating: 1637 &rarr; <strong>1619<\/strong><br \/>(-18 for losing)\n|l|\u2606carmeloball\n|player|p1|\n","uploadtime":1740180879,"views":10,"formatid":"gen9vgc2025regg","rating":1619,"private":0,"password":null}