{"id":"gen9vgc2025regg-2305753286","format":"[Gen 9] VGC 2025 Reg G","players":["Bahamate","actuary97"],"log":"|j|\u2606Bahamate\n|j|\u2606actuary97\n|t:|1740241141\n|gametype|doubles\n|player|p1|Bahamate|grimsley|1620\n|player|p2|actuary97|sabrina-frlg|1591\n|teamsize|p1|6\n|teamsize|p2|6\n|gen|9\n|tier|[Gen 9] VGC 2025 Reg G\n|rated|\n|rule|Species Clause: Limit one of each Pok\u00e9mon\n|rule|Item Clause: Limit 1 of each item\n|clearpoke\n|poke|p1|Miraidon, L50|\n|poke|p1|Oranguru, L50, M|\n|poke|p1|Grimmsnarl, L50, M|\n|poke|p1|Iron Hands, L50|\n|poke|p1|Ogerpon-Wellspring, L50, F|\n|poke|p1|Incineroar, L50, F|\n|poke|p2|Amoonguss, L50, M|\n|poke|p2|Comfey, L50, M|\n|poke|p2|Whimsicott, L50, M|\n|poke|p2|Kyogre, L50|\n|poke|p2|Archaludon, L50, M|\n|poke|p2|Qwilfish-Hisui, L50, M|\n|teampreview|4\nactuary97 has agreed to open team sheets.\nBahamate has agreed to open team sheets.\n|showteam|p1|Miraidon||ElectricSeed|HadronEngine|ParabolicCharge,DragonPulse,Protect,CalmMind||||||50|,,,,,Fairy]Oranguru||CovertCloak|Symbiosis|Instruct,FoulPlay,Bulldoze,TrickRoom|||M|||50|,,,,,Fairy]Grimmsnarl||LightClay|Prankster|FoulPlay,Reflect,LightScreen,PartingShot|||M|||50|,,,,,Ghost]Iron Hands||AssaultVest|QuarkDrive|WildCharge,DrainPunch,FakeOut,HeavySlam||||||50|,,,,,Bug]Ogerpon-Wellspring||WellspringMask|WaterAbsorb|IvyCudgel,HornLeech,FollowMe,SpikyShield|||F|||50|,,,,,Water]Incineroar||RockyHelmet|Intimidate|FakeOut,PartingShot,KnockOff,WillOWisp|||F|||50|,,,,,Ghost\n|showteam|p2|Amoonguss||RockyHelmet|Regenerator|ClearSmog,PollenPuff,RagePowder,Spore|||M|||50|,,,,,Water]Comfey||MentalHerb|Triage|DrainingKiss,Taunt,FloralHealing,TrickRoom|||M|||50|,,,,,Fire]Whimsicott||FocusSash|Prankster|BeatUp,Moonblast,Encore,Tailwind|||M|||50|,,,,,Ghost]Kyogre||CovertCloak|Drizzle|OriginPulse,IceBeam,CalmMind,Protect||||||50|,,,,,Grass]Archaludon||AssaultVest|Stamina|ElectroShot,FlashCannon,Snarl,BodyPress|||M|||50|,,,,,Flying]Qwilfish-Hisui||Eviolite|SwiftSwim|BarbBarrage,IcyWind,Taunt,Acupressure|||M|||50|,,,,,Ghost\n|j| GarchompExVgc\n|c|\u2606actuary97|cool monkey tecg\n|c|\u2606actuary97|tech\n|c|\u2606Bahamate|it's a funny monkey\n|\n|t:|1740241199\n|start\n|switch|p1a: Miraidon|Miraidon, L50|100\/100\n|switch|p1b: Grimmsnarl|Grimmsnarl, L50, M|100\/100\n|switch|p2a: Kyogre|Kyogre, L50, shiny|100\/100\n|switch|p2b: Qwilfish|Qwilfish-Hisui, L50, M, shiny|100\/100\n|-fieldstart|move: Electric Terrain|[from] ability: Hadron Engine|[of] p1a: Miraidon\n|-enditem|p1a: Miraidon|Electric Seed\n|-boost|p1a: Miraidon|def|1|[from] item: Electric Seed\n|-weather|RainDance|[from] ability: Drizzle|[of] p2a: Kyogre\n|turn|1\n|j| judang\n|\n|t:|1740241213\n|-terastallize|p2a: Kyogre|Grass\n|move|p1b: Grimmsnarl|Light Screen|p1b: Grimmsnarl\n|-sidestart|p1: Bahamate|move: Light Screen\n|move|p2b: Qwilfish|Taunt|p1a: Miraidon\n|-start|p1a: Miraidon|move: Taunt\n|cant|p1a: Miraidon|move: Taunt|Calm Mind\n|move|p2a: Kyogre|Calm Mind|p2a: Kyogre\n|-boost|p2a: Kyogre|spa|1\n|-boost|p2a: Kyogre|spd|1\n|\n|-weather|RainDance|[upkeep]\n|upkeep\n|turn|2\n|\n|t:|1740241230\n|move|p1b: Grimmsnarl|Parting Shot|p2a: Kyogre\n|-unboost|p2a: Kyogre|atk|1\n|-unboost|p2a: Kyogre|spa|1\n|\n|t:|1740241235\n|switch|p1b: Iron Hands|Iron Hands, L50|100\/100|[from] Parting Shot\n|-activate|p1b: Iron Hands|ability: Quark Drive\n|-start|p1b: Iron Hands|quarkdriveatk\n|move|p2b: Qwilfish|Icy Wind|p1a: Miraidon|[spread] p1a,p1b\n|-supereffective|p1a: Miraidon\n|-damage|p1a: Miraidon|95\/100\n|-damage|p1b: Iron Hands|98\/100\n|-unboost|p1a: Miraidon|spe|1\n|-unboost|p1b: Iron Hands|spe|1\n|move|p2a: Kyogre|Calm Mind|p2a: Kyogre\n|-boost|p2a: Kyogre|spa|1\n|-boost|p2a: Kyogre|spd|1\n|move|p1a: Miraidon|Dragon Pulse|p2a: Kyogre\n|-damage|p2a: Kyogre|80\/100\n|\n|-weather|RainDance|[upkeep]\n|upkeep\n|turn|3\n|\n|t:|1740241279\n|move|p2b: Qwilfish|Acupressure|p2a: Kyogre\n|-boost|p2a: Kyogre|accuracy|2\n|move|p2a: Kyogre|Origin Pulse|p1b: Iron Hands|[spread] p1a,p1b\n|-resisted|p1a: Miraidon\n|-damage|p1a: Miraidon|70\/100\n|-damage|p1b: Iron Hands|62\/100\n|move|p1a: Miraidon|Parabolic Charge|p2b: Qwilfish|[spread] p1b,p2a,p2b\n|-resisted|p1b: Iron Hands\n|-resisted|p2a: Kyogre\n|-damage|p1b: Iron Hands|54\/100\n|-heal|p1a: Miraidon|74\/100|[from] drain|[of] p1b: Iron Hands\n|-damage|p2a: Kyogre|71\/100\n|-heal|p1a: Miraidon|79\/100|[from] drain|[of] p2a: Kyogre\n|-damage|p2b: Qwilfish|58\/100\n|-heal|p1a: Miraidon|97\/100|[from] drain|[of] p2b: Qwilfish\n|move|p1b: Iron Hands|Wild Charge|p2b: Qwilfish\n|-damage|p2b: Qwilfish|0 fnt\n|faint|p2b: Qwilfish\n|-damage|p1b: Iron Hands|44\/100|[from] Recoil\n|\n|-weather|RainDance|[upkeep]\n|-end|p1a: Miraidon|move: Taunt\n|upkeep\n|\n|t:|1740241286\n|switch|p2b: Amoonguss|Amoonguss, L50, M, shiny|100\/100\n|turn|4\n|\n|t:|1740241302\n|-end|p1b: Iron Hands|Quark Drive|[silent]\n|switch|p1b: Grimmsnarl|Grimmsnarl, L50, M|100\/100\n|move|p2a: Kyogre|Origin Pulse|p1b: Grimmsnarl|[spread] p1a,p1b\n|-resisted|p1a: Miraidon\n|-damage|p1a: Miraidon|69\/100\n|-damage|p1b: Grimmsnarl|42\/100\n|move|p1a: Miraidon|Calm Mind|p1a: Miraidon\n|-boost|p1a: Miraidon|spa|1\n|-boost|p1a: Miraidon|spd|1\n|move|p2b: Amoonguss|Pollen Puff|p2a: Kyogre\n|-heal|p2a: Kyogre|100\/100\n|\n|-weather|RainDance|[upkeep]\n|upkeep\n|turn|5\n|\n|t:|1740241326\n|move|p2a: Kyogre|Calm Mind|p2a: Kyogre\n|-boost|p2a: Kyogre|spa|1\n|-boost|p2a: Kyogre|spd|1\n|move|p1a: Miraidon|Calm Mind|p1a: Miraidon\n|-boost|p1a: Miraidon|spa|1\n|-boost|p1a: Miraidon|spd|1\n|move|p1b: Grimmsnarl|Foul Play|p2b: Amoonguss\n|-damage|p2b: Amoonguss|83\/100\n|-damage|p1b: Grimmsnarl|26\/100|[from] item: Rocky Helmet|[of] p2b: Amoonguss\n|move|p2b: Amoonguss|Clear Smog|p1a: Miraidon\n|-damage|p1a: Miraidon|65\/100\n|-clearboost|p1a: Miraidon\n|\n|-weather|none\n|-fieldend|move: Electric Terrain\n|upkeep\n|turn|6\n|\n|t:|1740241343\n|switch|p1a: Ogerpon|Ogerpon-Wellspring, L50, F|100\/100\n|move|p1b: Grimmsnarl|Parting Shot|p2a: Kyogre\n|-unboost|p2a: Kyogre|atk|1\n|-unboost|p2a: Kyogre|spa|1\n|\n|t:|1740241348\n|switch|p1b: Miraidon|Miraidon, L50|65\/100|[from] Parting Shot\n|-fieldstart|move: Electric Terrain|[from] ability: Hadron Engine|[of] p1b: Miraidon\n|move|p2a: Kyogre|Origin Pulse|p1b: Miraidon|[spread] p1b\n|-immune|p1a: Ogerpon|[from] ability: Water Absorb\n|-resisted|p1b: Miraidon\n|-damage|p1b: Miraidon|47\/100\n|move|p2b: Amoonguss|Spore|p1a: Ogerpon\n|-immune|p1a: Ogerpon\n|\n|upkeep\n|turn|7\n|\n|t:|1740241369\n|switch|p2b: Archaludon|Archaludon, L50, M, shiny|100\/100\n|-terastallize|p1a: Ogerpon|Water\n|detailschange|p1a: Ogerpon|Ogerpon-Wellspring-Tera, L50, F, tera:Water\n|-ability|p1a: Ogerpon|Embody Aspect (Wellspring)|boost\n|-boost|p1a: Ogerpon|spd|1\n|move|p1a: Ogerpon|Ivy Cudgel|p2b: Archaludon|[anim] Ivy Cudgel Water\n|-resisted|p2b: Archaludon\n|-damage|p2b: Archaludon|74\/100\n|-ability|p2b: Archaludon|Stamina|boost\n|-boost|p2b: Archaludon|def|1\n|move|p1b: Miraidon|Dragon Pulse|p2b: Archaludon\n|-damage|p2b: Archaludon|29\/100\n|-ability|p2b: Archaludon|Stamina|boost\n|-boost|p2b: Archaludon|def|1\n|move|p2a: Kyogre|Ice Beam|p1b: Miraidon\n|-supereffective|p1b: Miraidon\n|-damage|p1b: Miraidon|0 fnt\n|faint|p1b: Miraidon\n|\n|upkeep\n|\n|t:|1740241379\n|switch|p1b: Iron Hands|Iron Hands, L50|44\/100\n|-activate|p1b: Iron Hands|ability: Quark Drive\n|-start|p1b: Iron Hands|quarkdriveatk\n|turn|8\n|\n|t:|1740241396\n|switch|p2b: Amoonguss|Amoonguss, L50, M, shiny|100\/100\n|move|p1a: Ogerpon|Ivy Cudgel|p2b: Amoonguss|[anim] Ivy Cudgel Water\n|-resisted|p2b: Amoonguss\n|-damage|p2b: Amoonguss|70\/100\n|move|p2a: Kyogre|Origin Pulse|p1b: Iron Hands|[spread] p1a,p1b\n|-resisted|p1a: Ogerpon\n|-crit|p1b: Iron Hands\n|-damage|p1a: Ogerpon|84\/100\n|-damage|p1b: Iron Hands|0 fnt\n|faint|p1b: Iron Hands\n|-end|p1b: Iron Hands|Quark Drive|[silent]\n|\n|-sideend|p1: Bahamate|move: Light Screen\n|upkeep\n|\n|t:|1740241401\n|switch|p1b: Grimmsnarl|Grimmsnarl, L50, M|26\/100\n|turn|9\n|\n|t:|1740241412\n|move|p1b: Grimmsnarl|Light Screen|p1b: Grimmsnarl\n|-sidestart|p1: Bahamate|move: Light Screen\n|move|p1a: Ogerpon|Ivy Cudgel|p2b: Amoonguss|[anim] Ivy Cudgel Water\n|-resisted|p2b: Amoonguss\n|-damage|p2b: Amoonguss|41\/100\n|move|p2a: Kyogre|Origin Pulse|p1a: Ogerpon|[spread] p1a,p1b\n|-resisted|p1a: Ogerpon\n|-damage|p1a: Ogerpon|66\/100\n|-damage|p1b: Grimmsnarl|0 fnt\n|faint|p1b: Grimmsnarl\n|move|p2b: Amoonguss|Clear Smog|p1a: Ogerpon\n|-damage|p1a: Ogerpon|59\/100\n|-clearboost|p1a: Ogerpon\n|\n|upkeep\n|turn|10\n|-message|Bahamate forfeited.\n|\n|win|actuary97\n|raw|Bahamate's rating: 1620 &rarr; <strong>1598<\/strong><br \/>(-22 for losing)\n|raw|actuary97's rating: 1591 &rarr; <strong>1613<\/strong><br \/>(+22 for winning)\n|l|\u2606Bahamate\n|player|p1|\n|l| GarchompExVgc\n","uploadtime":1740241598,"views":2,"formatid":"gen9vgc2025regg","rating":1598,"private":0,"password":null}