{"id":"gen9vgc2025regg-2305862742","format":"[Gen 9] VGC 2025 Reg G","players":["Daleg","snadmonkey"],"log":"|j|\u2606Daleg\n|j|\u2606snadmonkey\n|t:|1740254988\n|gametype|doubles\n|player|p1|Daleg|101|1602\n|player|p2|snadmonkey|101|1638\n|teamsize|p1|6\n|teamsize|p2|6\n|gen|9\n|tier|[Gen 9] VGC 2025 Reg G\n|rated|\n|rule|Species Clause: Limit one of each Pok\u00e9mon\n|rule|Item Clause: Limit 1 of each item\n|clearpoke\n|poke|p1|Zamazenta-*, L50|\n|poke|p1|Amoonguss, L50, M|\n|poke|p1|Chien-Pao, L50|\n|poke|p1|Flutter Mane, L50|\n|poke|p1|Rillaboom, L50, F|\n|poke|p1|Farigiraf, L50, F|\n|poke|p2|Zamazenta-*, L50|\n|poke|p2|Weezing-Galar, L50, F|\n|poke|p2|Dondozo, L50, M|\n|poke|p2|Tatsugiri, L50, M|\n|poke|p2|Chien-Pao, L50|\n|poke|p2|Rillaboom, L50, M|\n|teampreview|4\n|inactive|Battle timer is ON: inactive players will automatically lose when time's up. (requested by snadmonkey)\n|j| shengning3\n|inactive|Daleg has 60 seconds left.\n|\n|t:|1740255037\n|start\n|switch|p1a: Flutter Mane|Flutter Mane, L50|100\/100\n|switch|p1b: Zamazenta|Zamazenta-Crowned, L50|100\/100\n|switch|p2a: Zamazenta|Zamazenta-Crowned, L50|100\/100\n|switch|p2b: Chien-Pao|Chien-Pao, L50|100\/100\n|-ability|p2b: Chien-Pao|Sword of Ruin\n|-ability|p1b: Zamazenta|Dauntless Shield|boost\n|-boost|p1b: Zamazenta|def|1\n|-ability|p2a: Zamazenta|Dauntless Shield|boost\n|-boost|p2a: Zamazenta|def|1\n|turn|1\n|inactive|Daleg has 30 seconds left.\n|\n|t:|1740255065\n|-terastallize|p1a: Flutter Mane|Fire\n|move|p2b: Chien-Pao|Protect|p2b: Chien-Pao\n|-singleturn|p2b: Chien-Pao|Protect\n|move|p2a: Zamazenta|Protect|p2a: Zamazenta\n|-singleturn|p2a: Zamazenta|Protect\n|move|p1a: Flutter Mane|Dazzling Gleam|p2a: Zamazenta|[spread] \n|-activate|p2a: Zamazenta|move: Protect\n|-activate|p2b: Chien-Pao|move: Protect\n|move|p1b: Zamazenta|Body Press|p2a: Zamazenta\n|-activate|p2a: Zamazenta|move: Protect\n|\n|upkeep\n|turn|2\n|\n|t:|1740255088\n|move|p2a: Zamazenta|Wide Guard|p2a: Zamazenta\n|-singleturn|p2a: Zamazenta|Wide Guard\n|move|p2b: Chien-Pao|Sucker Punch|p1a: Flutter Mane\n|-damage|p1a: Flutter Mane|34\/100\n|move|p1a: Flutter Mane|Dazzling Gleam|p2a: Zamazenta|[spread] \n|-activate|p2a: Zamazenta|move: Wide Guard\n|-activate|p2b: Chien-Pao|move: Wide Guard\n|move|p1b: Zamazenta|Behemoth Bash|p2b: Chien-Pao\n|-supereffective|p2b: Chien-Pao\n|-enditem|p2b: Chien-Pao|Focus Sash\n|-damage|p2b: Chien-Pao|1\/100\n|\n|upkeep\n|turn|3\n|\n|t:|1740255112\n|-end|p1a: Flutter Mane|Protosynthesis|[silent]\n|switch|p1a: Amoonguss|Amoonguss, L50, M|100\/100\n|move|p2b: Chien-Pao|Sucker Punch||[still]\n|-fail|p2b: Chien-Pao\n|move|p1b: Zamazenta|Body Press|p2a: Zamazenta\n|-supereffective|p2a: Zamazenta\n|-damage|p2a: Zamazenta|43\/100\n|move|p2a: Zamazenta|Body Press|p1b: Zamazenta\n|-supereffective|p1b: Zamazenta\n|-damage|p1b: Zamazenta|24\/100\n|\n|upkeep\n|turn|4\n|\n|t:|1740255130\n|move|p1a: Amoonguss|Rage Powder|p1a: Amoonguss\n|-singleturn|p1a: Amoonguss|move: Rage Powder\n|move|p2b: Chien-Pao|Ice Spinner|p1a: Amoonguss\n|-supereffective|p1a: Amoonguss\n|-damage|p1a: Amoonguss|27\/100\n|-damage|p2b: Chien-Pao|0 fnt|[from] item: Rocky Helmet|[of] p1a: Amoonguss\n|faint|p2b: Chien-Pao\n|move|p1b: Zamazenta|Body Press|p2a: Zamazenta\n|-supereffective|p2a: Zamazenta\n|-damage|p2a: Zamazenta|0 fnt\n|faint|p2a: Zamazenta\n|\n|upkeep\n|\n|t:|1740255139\n|switch|p2b: Tatsugiri|Tatsugiri, L50, M|100\/100\n|switch|p2a: Dondozo|Dondozo, L50, M|100\/100\n|-activate|p2b: Tatsugiri|ability: Commander|[of] p2a: Dondozo\n|-boost|p2a: Dondozo|atk|2\n|-boost|p2a: Dondozo|spa|2\n|-boost|p2a: Dondozo|spe|2\n|-boost|p2a: Dondozo|def|2\n|-boost|p2a: Dondozo|spd|2\n|turn|5\n|\n|t:|1740255152\n|switch|p1a: Flutter Mane|Flutter Mane, L50, tera:Fire|34\/100\n|-terastallize|p2a: Dondozo|Grass\n|move|p1b: Zamazenta|Wide Guard|p1b: Zamazenta\n|-singleturn|p1b: Zamazenta|Wide Guard\n|move|p2a: Dondozo|Earthquake|p1b: Zamazenta|[spread] \n|-miss|p2a: Dondozo|p2b: Tatsugiri\n|-activate|p1a: Flutter Mane|move: Wide Guard\n|-activate|p1b: Zamazenta|move: Wide Guard\n|\n|upkeep\n|turn|6\n|\n|t:|1740255175\n|move|p1b: Zamazenta|Wide Guard|p1b: Zamazenta\n|-singleturn|p1b: Zamazenta|Wide Guard\n|move|p1a: Flutter Mane|Moonblast|p2a: Dondozo\n|-damage|p2a: Dondozo|81\/100\n|-damage|p1a: Flutter Mane|25\/100|[from] item: Life Orb\n|move|p2a: Dondozo|Order Up|p1a: Flutter Mane\n|-damage|p1a: Flutter Mane|0 fnt\n|faint|p1a: Flutter Mane\n|-end|p1a: Flutter Mane|Protosynthesis|[silent]\n|-boost|p2a: Dondozo|atk|1\n|\n|-heal|p2a: Dondozo|87\/100|[from] item: Leftovers\n|upkeep\n|\n|t:|1740255184\n|switch|p1a: Amoonguss|Amoonguss, L50, M|60\/100\n|turn|7\n|\n|t:|1740255196\n|move|p1b: Zamazenta|Wide Guard|p1b: Zamazenta\n|-singleturn|p1b: Zamazenta|Wide Guard\n|move|p2a: Dondozo|Order Up|p1a: Amoonguss\n|-damage|p1a: Amoonguss|25\/100\n|-boost|p2a: Dondozo|atk|1\n|move|p1a: Amoonguss|Clear Smog|p2a: Dondozo\n|-supereffective|p2a: Dondozo\n|-damage|p2a: Dondozo|77\/100\n|-clearboost|p2a: Dondozo\n|\n|-heal|p2a: Dondozo|83\/100|[from] item: Leftovers\n|upkeep\n|turn|8\n|\n|t:|1740255215\n|switch|p1a: Farigiraf|Farigiraf, L50, F|100\/100\n|move|p1b: Zamazenta|Behemoth Bash|p2a: Dondozo\n|-damage|p2a: Dondozo|57\/100\n|move|p2a: Dondozo|Order Up|p1a: Farigiraf\n|-damage|p1a: Farigiraf|82\/100\n|-boost|p2a: Dondozo|atk|1\n|\n|-heal|p2a: Dondozo|63\/100|[from] item: Leftovers\n|upkeep\n|turn|9\n|\n|t:|1740255238\n|switch|p1b: Amoonguss|Amoonguss, L50, M|58\/100\n|move|p1a: Farigiraf|Dazzling Gleam|p2b: Tatsugiri|[spread] p2a\n|-miss|p1a: Farigiraf|p2b: Tatsugiri\n|-damage|p2a: Dondozo|43\/100\n|move|p2a: Dondozo|Earthquake|p1a: Farigiraf|[spread] p1a,p1b\n|-miss|p2a: Dondozo|p2b: Tatsugiri\n|-damage|p1a: Farigiraf|54\/100\n|-damage|p1b: Amoonguss|39\/100\n|\n|-heal|p2a: Dondozo|50\/100|[from] item: Leftovers\n|upkeep\n|turn|10\n|\n|t:|1740255255\n|move|p1a: Farigiraf|Dazzling Gleam|p2b: Tatsugiri|[spread] p2a\n|-miss|p1a: Farigiraf|p2b: Tatsugiri\n|-damage|p2a: Dondozo|27\/100\n|move|p2a: Dondozo|Earthquake|p1a: Farigiraf|[spread] p1a,p1b\n|-miss|p2a: Dondozo|p2b: Tatsugiri\n|-damage|p1a: Farigiraf|28\/100\n|-damage|p1b: Amoonguss|20\/100\n|move|p1b: Amoonguss|Pollen Puff|p1a: Farigiraf\n|-heal|p1a: Farigiraf|78\/100\n|\n|-heal|p2a: Dondozo|34\/100|[from] item: Leftovers\n|upkeep\n|turn|11\n|\n|t:|1740255273\n|switch|p1b: Zamazenta|Zamazenta-Crowned, L50|24\/100\n|move|p1a: Farigiraf|Dazzling Gleam|p2b: Tatsugiri|[spread] p2a\n|-miss|p1a: Farigiraf|p2b: Tatsugiri\n|-damage|p2a: Dondozo|12\/100\n|move|p2a: Dondozo|Earthquake|p1b: Zamazenta|[spread] p1a,p1b\n|-miss|p2a: Dondozo|p2b: Tatsugiri\n|-supereffective|p1b: Zamazenta\n|-damage|p1a: Farigiraf|52\/100\n|-damage|p1b: Zamazenta|0 fnt\n|faint|p1b: Zamazenta\n|\n|-heal|p2a: Dondozo|18\/100|[from] item: Leftovers\n|upkeep\n|\n|t:|1740255280\n|switch|p1b: Amoonguss|Amoonguss, L50, M|53\/100\n|turn|12\n|\n|t:|1740255293\n|move|p2a: Dondozo|Protect|p2a: Dondozo\n|-singleturn|p2a: Dondozo|Protect\n|move|p1a: Farigiraf|Dazzling Gleam|p2a: Dondozo|[spread] \n|-miss|p1a: Farigiraf|p2b: Tatsugiri\n|-activate|p2a: Dondozo|move: Protect\n|move|p1b: Amoonguss|Spore|p2a: Dondozo\n|-activate|p2a: Dondozo|move: Protect\n|\n|-heal|p2a: Dondozo|24\/100|[from] item: Leftovers\n|upkeep\n|turn|13\n|\n|t:|1740255311\n|move|p1a: Farigiraf|Dazzling Gleam|p2a: Dondozo|[spread] p2a\n|-miss|p1a: Farigiraf|p2b: Tatsugiri\n|-damage|p2a: Dondozo|3\/100\n|move|p2a: Dondozo|Earthquake|p1b: Amoonguss|[spread] p1a,p1b\n|-miss|p2a: Dondozo|p2b: Tatsugiri\n|-damage|p1a: Farigiraf|24\/100\n|-damage|p1b: Amoonguss|32\/100\n|move|p1b: Amoonguss|Pollen Puff|p2a: Dondozo\n|-supereffective|p2a: Dondozo\n|-damage|p2a: Dondozo|0 fnt\n|faint|p2a: Dondozo\n|\n|upkeep\n|turn|14\n|\n|t:|1740255329\n|move|p2b: Tatsugiri|Muddy Water|p1b: Amoonguss|[spread] p1a,p1b\n|-resisted|p1b: Amoonguss\n|-damage|p1a: Farigiraf|0 fnt\n|-damage|p1b: Amoonguss|16\/100\n|faint|p1a: Farigiraf\n|move|p1b: Amoonguss|Spore|p2b: Tatsugiri\n|-status|p2b: Tatsugiri|slp|[from] move: Spore\n|\n|upkeep\n|turn|15\n|\n|t:|1740255340\n|cant|p2b: Tatsugiri|slp\n|move|p1b: Amoonguss|Pollen Puff|p2b: Tatsugiri\n|-damage|p2b: Tatsugiri|76\/100 slp\n|\n|upkeep\n|turn|16\n|\n|t:|1740255347\n|-curestatus|p2b: Tatsugiri|slp|[msg]\n|move|p2b: Tatsugiri|Muddy Water|p1b: Amoonguss|[miss]\n|-miss|p2b: Tatsugiri|p1b: Amoonguss\n|move|p1b: Amoonguss|Pollen Puff|p2b: Tatsugiri\n|-crit|p2b: Tatsugiri\n|-damage|p2b: Tatsugiri|39\/100\n|\n|upkeep\n|turn|17\n|\n|t:|1740255352\n|move|p2b: Tatsugiri|Muddy Water|p1b: Amoonguss\n|-resisted|p1b: Amoonguss\n|-damage|p1b: Amoonguss|0 fnt\n|faint|p1b: Amoonguss\n|\n|win|snadmonkey\n|raw|Daleg's rating: 1602 &rarr; <strong>1584<\/strong><br \/>(-18 for losing)\n|raw|snadmonkey's rating: 1638 &rarr; <strong>1656<\/strong><br \/>(+18 for winning)\n|l|\u2606Daleg\n|player|p1|\n","uploadtime":1740255496,"views":2,"formatid":"gen9vgc2025regg","rating":1584,"private":0,"password":null}