{"id":"gen9vgc2025regg-2305106912","format":"[Gen 9] VGC 2025 Reg G","players":["blindfishptsd","Jadenhess"],"log":"|j|\u2606blindfishptsd\n|j|\u2606Jadenhess\n|t:|1740149514\n|gametype|doubles\n|player|p1|blindfishptsd|266|1592\n|player|p2|Jadenhess|169|1510\n|teamsize|p1|6\n|teamsize|p2|6\n|gen|9\n|tier|[Gen 9] VGC 2025 Reg G\n|rated|\n|rule|Species Clause: Limit one of each Pok\u00e9mon\n|rule|Item Clause: Limit 1 of each item\n|clearpoke\n|poke|p1|Alcremie, L50, F|\n|poke|p1|Calyrex-Ice, L50|\n|poke|p1|Smeargle, L50, M|\n|poke|p1|Chi-Yu, L50|\n|poke|p1|Pelipper, L50, M|\n|poke|p1|Raging Bolt, L50|\n|poke|p2|Koraidon, L50|\n|poke|p2|Walking Wake, L50|\n|poke|p2|Raging Bolt, L50|\n|poke|p2|Gouging Fire, L50|\n|poke|p2|Sableye, L50, F|\n|poke|p2|Cresselia, L50, F|\n|teampreview|4\n|inactive|Battle timer is ON: inactive players will automatically lose when time's up. (requested by Jadenhess)\n|\n|t:|1740149539\n|start\n|switch|p1a: absolute bs boi|Smeargle, L50, M|100\/100\n|switch|p1b: ice honse boi|Calyrex-Ice, L50|100\/100\n|switch|p2a: Gouging Fire|Gouging Fire, L50|100\/100\n|switch|p2b: Sableye|Sableye, L50, F|100\/100\n|-ability|p1b: ice honse boi|As One\n|-ability|p1b: ice honse boi|Unnerve\n|turn|1\n|inactive|blindfishptsd has 30 seconds left.\n|\n|t:|1740149571\n|-terastallize|p1b: ice honse boi|Water\n|move|p2b: Sableye|Will-O-Wisp|p1b: ice honse boi\n|-status|p1b: ice honse boi|brn\n|move|p1a: absolute bs boi|Spore|p2b: Sableye\n|-status|p2b: Sableye|slp|[from] move: Spore\n|move|p2a: Gouging Fire|Flare Blitz|p1a: absolute bs boi\n|-enditem|p1a: absolute bs boi|Focus Sash\n|-damage|p1a: absolute bs boi|1\/100\n|-status|p1a: absolute bs boi|brn\n|-damage|p2a: Gouging Fire|75\/100|[from] Recoil\n|move|p1b: ice honse boi|Glacial Lance|p2b: Sableye|[spread] p2a,p2b\n|-damage|p2a: Gouging Fire|54\/100\n|-damage|p2b: Sableye|62\/100 slp\n|\n|-damage|p1a: absolute bs boi|0 fnt|[from] brn\n|faint|p1a: absolute bs boi\n|-damage|p1b: ice honse boi|95\/100 brn|[from] brn\n|upkeep\n|\n|t:|1740149588\n|switch|p1a: creamy boi|Alcremie, L50, F|100\/100\n|turn|2\n|\n|t:|1740149596\n|switch|p2b: Koraidon|Koraidon, L50|100\/100\n|-weather|SunnyDay|[from] ability: Orichalcum Pulse|[of] p2b: Koraidon\n|-activate|p2a: Gouging Fire|ability: Protosynthesis\n|-start|p2a: Gouging Fire|protosynthesisatk\n|-activate|p2b: Koraidon|Orichalcum Pulse|[source]\n|move|p2a: Gouging Fire|Flare Blitz|p1a: creamy boi\n|-damage|p1a: creamy boi|0 fnt\n|faint|p1a: creamy boi\n|-damage|p2a: Gouging Fire|27\/100|[from] Recoil\n|move|p1b: ice honse boi|Trick Room|p1b: ice honse boi\n|-fieldstart|move: Trick Room|[of] p1b: ice honse boi\n|\n|-weather|SunnyDay|[upkeep]\n|-damage|p1b: ice honse boi|89\/100 brn|[from] brn\n|upkeep\n|\n|t:|1740149609\n|switch|p1a: zappy boi|Raging Bolt, L50|100\/100\n|-activate|p1a: zappy boi|ability: Protosynthesis\n|-start|p1a: zappy boi|protosynthesisspa\n|turn|3\n|\n|t:|1740149615\n|move|p2b: Koraidon|Protect|p2b: Koraidon\n|-singleturn|p2b: Koraidon|Protect\n|move|p1b: ice honse boi|Glacial Lance|p2b: Koraidon|[spread] p2a\n|-activate|p2b: Koraidon|move: Protect\n|-damage|p2a: Gouging Fire|9\/100\n|move|p1a: zappy boi|Thunderbolt|p2b: Koraidon\n|-activate|p2b: Koraidon|move: Protect\n|move|p2a: Gouging Fire|Flare Blitz|p1a: zappy boi\n|-resisted|p1a: zappy boi\n|-damage|p1a: zappy boi|25\/100\n|-damage|p2a: Gouging Fire|0 fnt|[from] Recoil\n|faint|p2a: Gouging Fire\n|-end|p2a: Gouging Fire|Protosynthesis|[silent]\n|\n|-weather|SunnyDay|[upkeep]\n|-damage|p1b: ice honse boi|83\/100 brn|[from] brn\n|upkeep\n|\n|t:|1740149637\n|switch|p2a: Walking Wake|Walking Wake, L50|100\/100\n|-activate|p2a: Walking Wake|ability: Protosynthesis\n|-start|p2a: Walking Wake|protosynthesisspe\n|turn|4\n|\n|t:|1740149646\n|-terastallize|p2b: Koraidon|Fire\n|move|p1b: ice honse boi|Glacial Lance|p2a: Walking Wake|[spread] p2a,p2b\n|-resisted|p2b: Koraidon\n|-damage|p2a: Walking Wake|69\/100\n|-damage|p2b: Koraidon|89\/100\n|move|p1a: zappy boi|Draco Meteor|p2b: Koraidon\n|-damage|p2b: Koraidon|24\/100\n|-unboost|p1a: zappy boi|spa|2\n|move|p2b: Koraidon|Drain Punch|p1a: zappy boi\n|-damage|p1a: zappy boi|0 fnt\n|-heal|p2b: Koraidon|38\/100|[from] drain|[of] p1a: zappy boi\n|faint|p1a: zappy boi\n|-end|p1a: zappy boi|Protosynthesis|[silent]\n|move|p2a: Walking Wake|Draco Meteor|p1b: ice honse boi\n|-damage|p1b: ice honse boi|45\/100 brn\n|-unboost|p2a: Walking Wake|spa|2\n|\n|-weather|SunnyDay|[upkeep]\n|-damage|p1b: ice honse boi|39\/100 brn|[from] brn\n|upkeep\n|turn|5\n|-message|blindfishptsd forfeited.\n|\n|win|Jadenhess\n|raw|blindfishptsd's rating: 1592 &rarr; <strong>1567<\/strong><br \/>(-25 for losing)\n|raw|Jadenhess's rating: 1510 &rarr; <strong>1535<\/strong><br \/>(+25 for winning)\n|l|\u2606blindfishptsd\n|player|p1|\n|l|\u2606Jadenhess\n|player|p2|\n","uploadtime":1740149884,"views":5,"formatid":"gen9vgc2025regg","rating":1535,"private":0,"password":null}