{"id":"gen9vgc2025regg-2305210779","format":"[Gen 9] VGC 2025 Reg G","players":["Yung Trav","Hanou143"],"log":"|j|\u2606Yung Trav\n|j|\u2606Hanou143\n|t:|1740160244\n|gametype|doubles\n|player|p1|Yung Trav|1|1542\n|player|p2|Hanou143|169|1605\n|teamsize|p1|6\n|teamsize|p2|6\n|gen|9\n|tier|[Gen 9] VGC 2025 Reg G\n|rated|\n|rule|Species Clause: Limit one of each Pok\u00e9mon\n|rule|Item Clause: Limit 1 of each item\n|clearpoke\n|poke|p1|Calyrex-Ice, L50|\n|poke|p1|Regidrago, L50|\n|poke|p1|Smeargle, L50, M|\n|poke|p1|Farigiraf, L50, M|\n|poke|p1|Urshifu-*, L50, M|\n|poke|p1|Ogerpon-Cornerstone, L50, F|\n|poke|p2|Calyrex-Shadow, L50|\n|poke|p2|Jigglypuff, L50, F|\n|poke|p2|Pelipper, L50, F|\n|poke|p2|Rillaboom, L50, F|\n|poke|p2|Incineroar, L50, M|\n|poke|p2|Urshifu-*, L50, F|\n|teampreview|4\n|inactive|Battle timer is ON: inactive players will automatically lose when time's up. (requested by Yung Trav)\n|\n|t:|1740160262\n|start\n|switch|p1a: Calyrex|Calyrex-Ice, L50|100\/100\n|switch|p1b: Smeargle|Smeargle, L50, M, shiny|100\/100\n|switch|p2a: Calyrex|Calyrex-Shadow, L50|100\/100\n|switch|p2b: Incineroar|Incineroar, L50, M|100\/100\n|-ability|p2a: Calyrex|As One\n|-ability|p2a: Calyrex|Unnerve\n|-ability|p1a: Calyrex|As One\n|-ability|p1a: Calyrex|Unnerve\n|-ability|p2b: Incineroar|Intimidate|boost\n|-fail|p1a: Calyrex|unboost|[from] item: Clear Amulet|[of] p1a: Calyrex\n|-fail|p1b: Smeargle|unboost|Attack|[from] ability: Own Tempo|[of] p1b: Smeargle\n|turn|1\n|inactive|Yung Trav has 30 seconds left.\n|inactive|Hanou143 has 30 seconds left.\n|inactive|Hanou143 has 20 seconds left.\n|\n|t:|1740160300\n|-terastallize|p2a: Calyrex|Grass\n|-terastallize|p1a: Calyrex|Water\n|move|p1b: Smeargle|Fake Out|p2b: Incineroar\n|-damage|p2b: Incineroar|95\/100\n|move|p2a: Calyrex|Giga Drain|p1b: Smeargle\n|-damage|p1b: Smeargle|17\/100\n|cant|p2b: Incineroar|flinch\n|move|p1a: Calyrex|Trick Room|p1a: Calyrex\n|-fieldstart|move: Trick Room|[of] p1a: Calyrex\n|\n|upkeep\n|turn|2\n|inactive|Hanou143 has 30 seconds left.\n|\n|t:|1740160331\n|switch|p2a: Jigglypuff|Jigglypuff, L50, F|100\/100\n|move|p1b: Smeargle|Decorate|p1a: Calyrex\n|-boost|p1a: Calyrex|atk|2\n|-boost|p1a: Calyrex|spa|2\n|move|p1a: Calyrex|High Horsepower|p2b: Incineroar|[miss]\n|-miss|p1a: Calyrex|p2b: Incineroar\n|move|p2b: Incineroar|Knock Off|p1a: Calyrex\n|-damage|p1a: Calyrex|66\/100\n|-enditem|p1a: Calyrex|Clear Amulet|[from] move: Knock Off|[of] p2b: Incineroar\n|\n|upkeep\n|turn|3\n|inactive|Hanou143 has 30 seconds left.\n|\n|t:|1740160359\n|switch|p2b: Rillaboom|Rillaboom, L50, F|100\/100\n|-fieldstart|move: Grassy Terrain|[from] ability: Grassy Surge|[of] p2b: Rillaboom\n|move|p2a: Jigglypuff|Alluring Voice|p1b: Smeargle\n|-damage|p1b: Smeargle|0 fnt\n|faint|p1b: Smeargle\n|move|p1a: Calyrex|Glacial Lance|p2a: Jigglypuff|[spread] p2a,p2b\n|-supereffective|p2b: Rillaboom\n|-damage|p2a: Jigglypuff|0 fnt\n|-damage|p2b: Rillaboom|0 fnt\n|faint|p2a: Jigglypuff\n|faint|p2b: Rillaboom\n|-ability|p1a: Calyrex|Chilling Neigh|boost\n|-boost|p1a: Calyrex|atk|2\n|\n|-heal|p1a: Calyrex|72\/100|[from] Grassy Terrain\n|upkeep\n|\n|t:|1740160378\n|switch|p2a: Calyrex|Calyrex-Shadow, L50, tera:Grass|100\/100\n|switch|p1b: Regidrago|Regidrago, L50, shiny|100\/100\n|switch|p2b: Incineroar|Incineroar, L50, M|95\/100\n|-ability|p2a: Calyrex|As One\n|-ability|p2a: Calyrex|Unnerve\n|-ability|p2b: Incineroar|Intimidate|boost\n|-unboost|p1a: Calyrex|atk|1\n|-unboost|p1b: Regidrago|atk|1\n|turn|4\n|inactive|Hanou143 has 30 seconds left.\n|\n|t:|1740160403\n|switch|p1b: Farigiraf|Farigiraf, L50, M, shiny|100\/100\n|move|p2b: Incineroar|Fake Out||[still]\n|cant|p1b: Farigiraf|ability: Armor Tail|Fake Out|[of] p2b: Incineroar\n|move|p1a: Calyrex|Glacial Lance|p2b: Incineroar|[spread] p2a,p2b\n|-supereffective|p2a: Calyrex\n|-resisted|p2b: Incineroar\n|-damage|p2a: Calyrex|0 fnt\n|-damage|p2b: Incineroar|5\/100\n|faint|p2a: Calyrex\n|-ability|p1a: Calyrex|Chilling Neigh|boost\n|-boost|p1a: Calyrex|atk|1\n|\n|-heal|p1a: Calyrex|78\/100|[from] Grassy Terrain\n|-heal|p2b: Incineroar|11\/100|[from] Grassy Terrain\n|upkeep\n|turn|5\n|-message|Hanou143 forfeited.\n|\n|win|Yung Trav\n|raw|Yung Trav's rating: 1542 &rarr; <strong>1566<\/strong><br \/>(+24 for winning)\n|raw|Hanou143's rating: 1605 &rarr; <strong>1581<\/strong><br \/>(-24 for losing)\n|l|\u2606Hanou143\n|player|p2|\n|l|\u2606Yung Trav\n|player|p1|\n","uploadtime":1740160647,"views":5,"formatid":"gen9vgc2025regg","rating":1566,"private":0,"password":null}