{"id":"gen9vgc2025regg-2305703973","format":"[Gen 9] VGC 2025 Reg G","players":["navinsachump","GenghisHakan"],"log":"|j|\u2606navinsachump\n|j|\u2606GenghisHakan\n|t:|1740234365\n|gametype|doubles\n|player|p1|navinsachump|101|1601\n|player|p2|GenghisHakan|chuck|1571\n|teamsize|p1|6\n|teamsize|p2|6\n|gen|9\n|tier|[Gen 9] VGC 2025 Reg G\n|rated|\n|rule|Species Clause: Limit one of each Pok\u00e9mon\n|rule|Item Clause: Limit 1 of each item\n|clearpoke\n|poke|p1|Whimsicott, L50, M|\n|poke|p1|Ogerpon-Cornerstone, L50, F|\n|poke|p1|Incineroar, L50, F|\n|poke|p1|Miraidon, L50|\n|poke|p1|Ursaluna-Bloodmoon, L50, M|\n|poke|p1|Farigiraf, L50, F|\n|poke|p2|Koraidon, L50|\n|poke|p2|Flutter Mane, L50|\n|poke|p2|Entei, L50|\n|poke|p2|Raging Bolt, L50|\n|poke|p2|Umbreon, L50, M|\n|poke|p2|Ogerpon-Cornerstone, L50, F|\n|teampreview|4\n|inactive|Battle timer is ON: inactive players will automatically lose when time's up. (requested by GenghisHakan)\n|\n|t:|1740234385\n|start\n|switch|p1a: Incineroar|Incineroar, L50, F|100\/100\n|switch|p1b: Miraidon|Miraidon, L50|100\/100\n|switch|p2a: Flutter Mane|Flutter Mane, L50, shiny|100\/100\n|switch|p2b: Ogerpon|Ogerpon-Cornerstone, L50, F|100\/100\n|-fieldstart|move: Electric Terrain|[from] ability: Hadron Engine|[of] p1b: Miraidon\n|-ability|p1a: Incineroar|Intimidate|boost\n|-unboost|p2a: Flutter Mane|atk|1\n|-unboost|p2b: Ogerpon|atk|1\n|turn|1\n|\n|t:|1740234399\n|-terastallize|p1b: Miraidon|Electric\n|move|p2b: Ogerpon|Spiky Shield|p2b: Ogerpon\n|-singleturn|p2b: Ogerpon|move: Protect\n|move|p1a: Incineroar|Fake Out|p2b: Ogerpon\n|-activate|p2b: Ogerpon|move: Protect\n|-damage|p1a: Incineroar|88\/100|[from] Spiky Shield|[of] p2b: Ogerpon\n|move|p2a: Flutter Mane|Dazzling Gleam|p1b: Miraidon|[spread] p1a,p1b\n|-damage|p1a: Incineroar|68\/100\n|-damage|p1b: Miraidon|72\/100\n|move|p1b: Miraidon|Volt Switch|p2a: Flutter Mane\n|-enditem|p2a: Flutter Mane|Focus Sash\n|-damage|p2a: Flutter Mane|1\/100\n|\n|t:|1740234418\n|switch|p1b: Ursaluna|Ursaluna-Bloodmoon, L50, M|100\/100|[from] Volt Switch\n|\n|upkeep\n|turn|2\n|\n|t:|1740234433\n|move|p1b: Ursaluna|Protect|p1b: Ursaluna\n|-singleturn|p1b: Ursaluna|Protect\n|move|p2a: Flutter Mane|Dazzling Gleam|p1b: Ursaluna|[spread] p1a\n|-activate|p1b: Ursaluna|move: Protect\n|-damage|p1a: Incineroar|49\/100\n|move|p2b: Ogerpon|Power Whip|p1b: Ursaluna\n|-activate|p1b: Ursaluna|move: Protect\n|move|p1a: Incineroar|U-turn|p2b: Ogerpon\n|-supereffective|p2b: Ogerpon\n|-damage|p2b: Ogerpon|50\/100\n|\n|t:|1740234442\n|switch|p1a: Whimsicott|Whimsicott, L50, M|100\/100|[from] U-turn\n|\n|upkeep\n|turn|3\n|\n|t:|1740234455\n|move|p1a: Whimsicott|Tailwind|p1a: Whimsicott\n|-sidestart|p1: navinsachump|move: Tailwind\n|move|p1b: Ursaluna|Hyper Voice|p2b: Ogerpon|[spread] p2a,p2b\n|-resisted|p2b: Ogerpon\n|-damage|p2a: Flutter Mane|0 fnt\n|-damage|p2b: Ogerpon|21\/100\n|faint|p2a: Flutter Mane\n|-end|p2a: Flutter Mane|Protosynthesis|[silent]\n|-damage|p1b: Ursaluna|91\/100|[from] item: Life Orb\n|move|p2b: Ogerpon|Power Whip|p1b: Ursaluna\n|-supereffective|p1b: Ursaluna\n|-damage|p1b: Ursaluna|14\/100\n|\n|upkeep\n|\n|t:|1740234467\n|switch|p2a: Umbreon|Umbreon, L50, M, shiny|100\/100\n|turn|4\n|\n|t:|1740234491\n|move|p2b: Ogerpon|Follow Me|p2b: Ogerpon\n|-singleturn|p2b: Ogerpon|move: Follow Me\n|move|p1a: Whimsicott|Moonblast|p2b: Ogerpon\n|-damage|p2b: Ogerpon|0 fnt\n|faint|p2b: Ogerpon\n|move|p1b: Ursaluna|Earth Power|p2a: Umbreon\n|-damage|p2a: Umbreon|60\/100\n|-damage|p1b: Ursaluna|4\/100|[from] item: Life Orb\n|move|p2a: Umbreon|Yawn|p1a: Whimsicott\n|-activate|p1a: Whimsicott|move: Electric Terrain\n|\n|upkeep\n|\n|t:|1740234503\n|switch|p2b: Koraidon|Koraidon, L50|100\/100\n|-weather|SunnyDay|[from] ability: Orichalcum Pulse|[of] p2b: Koraidon\n|-activate|p2b: Koraidon|Orichalcum Pulse|[source]\n|turn|5\n|c|\u2606GenghisHakan|lol whoops\n|\n|t:|1740234521\n|move|p2b: Koraidon|Protect|p2b: Koraidon\n|-singleturn|p2b: Koraidon|Protect\n|move|p1a: Whimsicott|Moonblast|p2b: Koraidon\n|-activate|p2b: Koraidon|move: Protect\n|move|p1b: Ursaluna|Earth Power|p2b: Koraidon\n|-activate|p2b: Koraidon|move: Protect\n|move|p2a: Umbreon|Taunt|p1a: Whimsicott\n|-start|p1a: Whimsicott|move: Taunt\n|\n|-weather|SunnyDay|[upkeep]\n|-fieldend|move: Electric Terrain\n|upkeep\n|turn|6\n|c|\u2606navinsachump|gg\n|c|\u2606GenghisHakan|gg\n|\n|t:|1740234541\n|move|p2b: Koraidon|Protect||[still]\n|-fail|p2b: Koraidon\n|move|p1a: Whimsicott|Moonblast|p2b: Koraidon\n|-supereffective|p2b: Koraidon\n|-damage|p2b: Koraidon|0 fnt\n|faint|p2b: Koraidon\n|move|p1b: Ursaluna|Earth Power|p2a: Umbreon\n|-damage|p2a: Umbreon|17\/100\n|-damage|p1b: Ursaluna|0 fnt|[from] item: Life Orb\n|faint|p1b: Ursaluna\n|move|p2a: Umbreon|Foul Play|p1a: Whimsicott\n|-resisted|p1a: Whimsicott\n|-crit|p1a: Whimsicott\n|-damage|p1a: Whimsicott|81\/100\n|\n|-weather|SunnyDay|[upkeep]\n|-sideend|p1: navinsachump|move: Tailwind\n|upkeep\n|-message|GenghisHakan forfeited.\n|\n|win|navinsachump\n|raw|navinsachump's rating: 1601 &rarr; <strong>1619<\/strong><br \/>(+18 for winning)\n|raw|GenghisHakan's rating: 1571 &rarr; <strong>1553<\/strong><br \/>(-18 for losing)\n|l|\u2606GenghisHakan\n|player|p2|\n|l|\u2606navinsachump\n|player|p1|\n","uploadtime":1740234760,"views":3,"formatid":"gen9vgc2025regg","rating":1553,"private":0,"password":null}