{"id":"gen9vgc2025regg-2305534183","format":"[Gen 9] VGC 2025 Reg G","players":["Gaijadaiyinmai","heyBeteritsVGC"],"log":"|j|\u2606Gaijadaiyinmai\n|j|\u2606heyBeteritsVGC\n|t:|1740200923\n|gametype|doubles\n|player|p1|Gaijadaiyinmai|101|1524\n|player|p2|heyBeteritsVGC|birdkeeper|1561\n|teamsize|p1|6\n|teamsize|p2|6\n|gen|9\n|tier|[Gen 9] VGC 2025 Reg G\n|rated|\n|rule|Species Clause: Limit one of each Pok\u00e9mon\n|rule|Item Clause: Limit 1 of each item\n|clearpoke\n|poke|p1|Calyrex-Ice, L50|\n|poke|p1|Urshifu-*, L50, F|\n|poke|p1|Amoonguss, L50, M|\n|poke|p1|Raging Bolt, L50|\n|poke|p1|Landorus, L50, M|\n|poke|p1|Incineroar, L50, F|\n|poke|p2|Koraidon, L50|\n|poke|p2|Flutter Mane, L50|\n|poke|p2|Raging Bolt, L50|\n|poke|p2|Chien-Pao, L50|\n|poke|p2|Entei, L50|\n|poke|p2|Annihilape, L50, M|\n|teampreview|4\n|inactive|Battle timer is ON: inactive players will automatically lose when time's up. (requested by Gaijadaiyinmai)\nGaijadaiyinmai has agreed to open team sheets.\n|inactive|heyBeteritsVGC has 60 seconds left.\n|\n|t:|1740200959\n|start\n|switch|p1a: Raging Bolt|Raging Bolt, L50|100\/100\n|switch|p1b: Calyrex|Calyrex-Ice, L50|100\/100\n|switch|p2a: Koraidon|Koraidon, L50|100\/100\n|switch|p2b: Annihilape|Annihilape, L50, M|100\/100\n|-ability|p1b: Calyrex|As One\n|-ability|p1b: Calyrex|Unnerve\n|-weather|SunnyDay|[from] ability: Orichalcum Pulse|[of] p2a: Koraidon\n|-activate|p1a: Raging Bolt|ability: Protosynthesis\n|-start|p1a: Raging Bolt|protosynthesisspa\n|-activate|p2a: Koraidon|Orichalcum Pulse|[source]\n|turn|1\n|inactive|Gaijadaiyinmai has 30 seconds left.\n|\n|t:|1740200985\n|-terastallize|p1b: Calyrex|Fairy\n|move|p2a: Koraidon|Protect|p2a: Koraidon\n|-singleturn|p2a: Koraidon|Protect\n|move|p1a: Raging Bolt|Thunderclap||[still]\n|-fail|p1a: Raging Bolt\n|move|p2b: Annihilape|Coaching|p2a: Koraidon\n|-boost|p2a: Koraidon|atk|1\n|-boost|p2a: Koraidon|def|1\n|move|p1b: Calyrex|Trick Room|p1b: Calyrex\n|-fieldstart|move: Trick Room|[of] p1b: Calyrex\n|\n|-weather|SunnyDay|[upkeep]\n|upkeep\n|turn|2\n|\n|t:|1740201002\n|switch|p2b: Entei|Entei, L50|100\/100\n|-terastallize|p2a: Koraidon|Fire\n|move|p1b: Calyrex|Glacial Lance|p2a: Koraidon|[spread] p2a,p2b\n|-resisted|p2a: Koraidon\n|-resisted|p2b: Entei\n|-damage|p2a: Koraidon|85\/100\n|-damage|p2b: Entei|71\/100\n|move|p1a: Raging Bolt|Draco Meteor|p2a: Koraidon\n|-damage|p2a: Koraidon|4\/100\n|-unboost|p1a: Raging Bolt|spa|2\n|move|p2a: Koraidon|Flare Blitz|p1b: Calyrex\n|-damage|p1b: Calyrex|0 fnt\n|faint|p1b: Calyrex\n|-damage|p2a: Koraidon|0 fnt|[from] Recoil\n|faint|p2a: Koraidon\n|\n|-weather|SunnyDay|[upkeep]\n|upkeep\n|\n|t:|1740201022\n|switch|p1b: Landorus|Landorus, L50, M|100\/100\n|switch|p2a: Annihilape|Annihilape, L50, M|100\/100\n|turn|3\n|\n|t:|1740201044\n|move|p2b: Entei|Extreme Speed|p1a: Raging Bolt\n|-damage|p1a: Raging Bolt|69\/100\n|move|p1a: Raging Bolt|Thunderclap|p2a: Annihilape\n|-damage|p2a: Annihilape|78\/100\n|move|p2a: Annihilape|Rage Fist|p1a: Raging Bolt\n|-damage|p1a: Raging Bolt|38\/100\n|move|p1b: Landorus|Earth Power|p2b: Entei\n|-supereffective|p2b: Entei\n|-damage|p2b: Entei|0 fnt\n|faint|p2b: Entei\n|\n|-weather|SunnyDay|[upkeep]\n|upkeep\n|\n|t:|1740201052\n|switch|p2b: Chien-Pao|Chien-Pao, L50|100\/100\n|-ability|p2b: Chien-Pao|Sword of Ruin\n|turn|4\n|\n|t:|1740201075\n|switch|p1b: Incineroar|Incineroar, L50, F|100\/100\n|-ability|p1b: Incineroar|Intimidate|boost\n|-unboost|p2a: Annihilape|atk|1\n|-ability|p2a: Annihilape|Defiant|boost\n|-boost|p2a: Annihilape|atk|2\n|-unboost|p2b: Chien-Pao|atk|1\n|move|p2b: Chien-Pao|Protect|p2b: Chien-Pao\n|-singleturn|p2b: Chien-Pao|Protect\n|move|p1a: Raging Bolt|Draco Meteor|p2a: Annihilape\n|-damage|p2a: Annihilape|37\/100\n|-unboost|p1a: Raging Bolt|spa|2\n|move|p2a: Annihilape|Rage Fist|p1a: Raging Bolt\n|-damage|p1a: Raging Bolt|0 fnt\n|faint|p1a: Raging Bolt\n|-end|p1a: Raging Bolt|Protosynthesis|[silent]\n|\n|-weather|SunnyDay|[upkeep]\n|upkeep\n|\n|t:|1740201091\n|switch|p1a: Landorus|Landorus, L50, M|100\/100\n|turn|5\n|\n|t:|1740201108\n|move|p1b: Incineroar|Knock Off|p2a: Annihilape\n|-damage|p2a: Annihilape|0 fnt\n|-enditem|p2a: Annihilape|Choice Scarf|[from] move: Knock Off|[of] p1b: Incineroar\n|faint|p2a: Annihilape\n|move|p2b: Chien-Pao|Ice Spinner|p1a: Landorus\n|-supereffective|p1a: Landorus\n|-damage|p1a: Landorus|0 fnt\n|faint|p1a: Landorus\n|\n|-weather|none\n|-fieldend|move: Trick Room\n|upkeep\n|turn|6\n|\n|t:|1740201120\n|move|p2b: Chien-Pao|Throat Chop|p1b: Incineroar\n|-resisted|p1b: Incineroar\n|-damage|p1b: Incineroar|86\/100\n|-start|p1b: Incineroar|Throat Chop|[silent]\n|move|p1b: Incineroar|Will-O-Wisp|p2b: Chien-Pao\n|-status|p2b: Chien-Pao|brn\n|\n|-damage|p2b: Chien-Pao|95\/100 brn|[from] brn\n|upkeep\n|turn|7\n|\n|t:|1740201132\n|move|p2b: Chien-Pao|Ice Spinner|p1b: Incineroar\n|-resisted|p1b: Incineroar\n|-damage|p1b: Incineroar|78\/100\n|move|p1b: Incineroar|Knock Off|p2b: Chien-Pao\n|-resisted|p2b: Chien-Pao\n|-damage|p2b: Chien-Pao|69\/100 brn\n|-enditem|p2b: Chien-Pao|Focus Sash|[from] move: Knock Off|[of] p1b: Incineroar\n|\n|-damage|p2b: Chien-Pao|63\/100 brn|[from] brn\n|-end|p1b: Incineroar|Throat Chop|[silent]\n|upkeep\n|turn|8\n|-message|heyBeteritsVGC forfeited.\n|\n|win|Gaijadaiyinmai\n|raw|Gaijadaiyinmai's rating: 1524 &rarr; <strong>1546<\/strong><br \/>(+22 for winning)\n|raw|heyBeteritsVGC's rating: 1561 &rarr; <strong>1539<\/strong><br \/>(-22 for losing)\n|l|\u2606heyBeteritsVGC\n|player|p2|\n|l|\u2606Gaijadaiyinmai\n|player|p1|\n","uploadtime":1740201144,"views":4,"formatid":"gen9vgc2025regg","rating":1539,"private":0,"password":null}