{"id":"gen9vgc2025regg-2305606286","format":"[Gen 9] VGC 2025 Reg G","players":["roykeenkennedy","kanucks25"],"log":"|j|\u2606roykeenkennedy\n|j|\u2606kanucks25\n|t:|1740215985\n|gametype|doubles\n|player|p1|roykeenkennedy|alder|1548\n|player|p2|kanucks25|265|1616\n|teamsize|p1|6\n|teamsize|p2|6\n|gen|9\n|tier|[Gen 9] VGC 2025 Reg G\n|rated|\n|rule|Species Clause: Limit one of each Pok\u00e9mon\n|rule|Item Clause: Limit 1 of each item\n|clearpoke\n|poke|p1|Miraidon, L50|\n|poke|p1|Umbreon, L50, M|\n|poke|p1|Chi-Yu, L50|\n|poke|p1|Dondozo, L50, M|\n|poke|p1|Tatsugiri, L50, F|\n|poke|p1|Grimmsnarl, L50, M|\n|poke|p2|Calyrex-Shadow, L50|\n|poke|p2|Indeedee-F, L50, F|\n|poke|p2|Ogerpon-Wellspring, L50, F|\n|poke|p2|Urshifu-*, L50, F|\n|poke|p2|Pelipper, L50, M|\n|poke|p2|Iron Hands, L50|\n|teampreview|4\n|inactive|Battle timer is ON: inactive players will automatically lose when time's up. (requested by kanucks25)\n|\n|t:|1740216019\n|start\n|switch|p1a: Miraidon|Miraidon, L50|100\/100\n|switch|p1b: Umbreon|Umbreon, L50, M|100\/100\n|switch|p2a: Iron Hands|Iron Hands, L50|100\/100\n|switch|p2b: Calyrex|Calyrex-Shadow, L50|100\/100\n|-ability|p2b: Calyrex|As One\n|-ability|p2b: Calyrex|Unnerve\n|-fieldstart|move: Electric Terrain|[from] ability: Hadron Engine|[of] p1a: Miraidon\n|-enditem|p1b: Umbreon|Electric Seed\n|-boost|p1b: Umbreon|def|1|[from] item: Electric Seed\n|-activate|p2a: Iron Hands|ability: Quark Drive\n|-start|p2a: Iron Hands|quarkdriveatk\n|turn|1\n|inactive|roykeenkennedy has 30 seconds left.\n|inactive|kanucks25 has 30 seconds left.\n|\n|t:|1740216053\n|move|p2b: Calyrex|Protect|p2b: Calyrex\n|-singleturn|p2b: Calyrex|Protect\n|move|p1a: Miraidon|Volt Switch|p2b: Calyrex\n|-activate|p2b: Calyrex|move: Protect\n|move|p1b: Umbreon|Calm Mind|p1b: Umbreon\n|-boost|p1b: Umbreon|spa|1\n|-boost|p1b: Umbreon|spd|1\n|move|p2a: Iron Hands|Drain Punch|p1b: Umbreon\n|-supereffective|p1b: Umbreon\n|-damage|p1b: Umbreon|46\/100\n|\n|upkeep\n|turn|2\n|\n|t:|1740216076\n|switch|p2b: Indeedee|Indeedee-F, L50, F|100\/100\n|-fieldstart|move: Psychic Terrain|[from] ability: Psychic Surge|[of] p2b: Indeedee\n|-end|p2a: Iron Hands|Quark Drive\n|switch|p1a: Grimmsnarl|Grimmsnarl, L50, M|100\/100\n|move|p1b: Umbreon|Baton Pass|p1b: Umbreon\n|\n|t:|1740216085\n|switch|p1b: Miraidon|Miraidon, L50|100\/100|[from] Baton Pass\n|-fieldstart|move: Electric Terrain|[from] ability: Hadron Engine|[of] p1b: Miraidon\n|-activate|p2a: Iron Hands|ability: Quark Drive\n|-start|p2a: Iron Hands|quarkdriveatk\n|move|p2a: Iron Hands|Drain Punch|p1b: Miraidon\n|-damage|p1b: Miraidon|70\/100\n|\n|upkeep\n|turn|3\n|j| EllAkuro\n|c|\u2606kanucks25|cool tech\n|inactive|kanucks25 has 30 seconds left.\n|inactive|kanucks25 has 20 seconds left.\n|inactive|kanucks25 has 15 seconds left.\n|\n|t:|1740216126\n|move|p2b: Indeedee|Helping Hand|p2a: Iron Hands\n|-singleturn|p2a: Iron Hands|Helping Hand|[of] p2b: Indeedee\n|move|p1a: Grimmsnarl|Light Screen|p1a: Grimmsnarl\n|-sidestart|p1: roykeenkennedy|move: Light Screen\n|move|p1b: Miraidon|Parabolic Charge|p2b: Indeedee|[spread] p1a,p2a,p2b\n|-resisted|p2a: Iron Hands\n|-damage|p1a: Grimmsnarl|59\/100\n|-heal|p1b: Miraidon|89\/100|[from] drain|[of] p1a: Grimmsnarl\n|-damage|p2a: Iron Hands|82\/100\n|-heal|p1b: Miraidon|100\/100|[from] drain|[of] p2a: Iron Hands\n|-damage|p2b: Indeedee|41\/100\n|move|p2a: Iron Hands|Brick Break|p1b: Miraidon\n|-sideend|p1: roykeenkennedy|move: Light Screen\n|-damage|p1b: Miraidon|55\/100\n|\n|upkeep\n|turn|4\n|\n|t:|1740216149\n|move|p2b: Indeedee|Helping Hand|p2a: Iron Hands\n|-singleturn|p2a: Iron Hands|Helping Hand|[of] p2b: Indeedee\n|move|p1a: Grimmsnarl|Light Screen|p1a: Grimmsnarl\n|-sidestart|p1: roykeenkennedy|move: Light Screen\n|move|p1b: Miraidon|Parabolic Charge|p2b: Indeedee|[spread] p1a,p2a,p2b\n|-resisted|p2a: Iron Hands\n|-damage|p1a: Grimmsnarl|19\/100\n|-heal|p1b: Miraidon|74\/100|[from] drain|[of] p1a: Grimmsnarl\n|-damage|p2a: Iron Hands|65\/100\n|-heal|p1b: Miraidon|85\/100|[from] drain|[of] p2a: Iron Hands\n|-damage|p2b: Indeedee|0 fnt\n|-heal|p1b: Miraidon|100\/100|[from] drain|[of] p2b: Indeedee\n|faint|p2b: Indeedee\n|move|p2a: Iron Hands|Drain Punch|p1b: Miraidon\n|-damage|p1b: Miraidon|55\/100\n|-heal|p2a: Iron Hands|83\/100|[from] drain|[of] p1b: Miraidon\n|\n|upkeep\n|\n|t:|1740216172\n|switch|p2b: Urshifu|Urshifu, L50, F|100\/100\n|turn|5\n|\n|t:|1740216190\n|-terastallize|p1b: Miraidon|Electric\n|move|p2b: Urshifu|Sucker Punch|p1b: Miraidon\n|-damage|p1b: Miraidon|21\/100\n|move|p1a: Grimmsnarl|Reflect|p1a: Grimmsnarl\n|-sidestart|p1: roykeenkennedy|Reflect\n|move|p1b: Miraidon|Parabolic Charge|p2b: Urshifu|[spread] p1a,p2a,p2b\n|-resisted|p2a: Iron Hands\n|-damage|p1a: Grimmsnarl|0 fnt\n|-heal|p1b: Miraidon|30\/100|[from] drain|[of] p1a: Grimmsnarl\n|-damage|p2a: Iron Hands|59\/100\n|-heal|p1b: Miraidon|45\/100|[from] drain|[of] p2a: Iron Hands\n|-damage|p2b: Urshifu|0 fnt\n|-heal|p1b: Miraidon|92\/100|[from] drain|[of] p2b: Urshifu\n|faint|p1a: Grimmsnarl\n|faint|p2b: Urshifu\n|move|p2a: Iron Hands|Brick Break|p1b: Miraidon\n|-sideend|p1: roykeenkennedy|Reflect\n|-sideend|p1: roykeenkennedy|move: Light Screen\n|-damage|p1b: Miraidon|61\/100\n|\n|upkeep\n|\n|t:|1740216209\n|switch|p2b: Calyrex|Calyrex-Shadow, L50|100\/100\n|switch|p1a: Chi-Yu|Chi-Yu, L50|100\/100\n|-ability|p2b: Calyrex|As One\n|-ability|p2b: Calyrex|Unnerve\n|-ability|p1a: Chi-Yu|Beads of Ruin\n|turn|6\n|\n|t:|1740216221\n|move|p2b: Calyrex|Protect|p2b: Calyrex\n|-singleturn|p2b: Calyrex|Protect\n|move|p1a: Chi-Yu|Snarl|p2a: Iron Hands|[spread] p2a\n|-activate|p2b: Calyrex|move: Protect\n|-resisted|p2a: Iron Hands\n|-damage|p2a: Iron Hands|50\/100\n|-unboost|p2a: Iron Hands|spa|1\n|move|p1b: Miraidon|Dragon Pulse|p2a: Iron Hands\n|-damage|p2a: Iron Hands|0 fnt\n|faint|p2a: Iron Hands\n|-end|p2a: Iron Hands|Quark Drive|[silent]\n|\n|-fieldend|move: Electric Terrain\n|upkeep\n|turn|7\n|\n|t:|1740216239\n|-terastallize|p2b: Calyrex|Fairy\n|move|p1a: Chi-Yu|Snarl|p2b: Calyrex\n|-resisted|p2b: Calyrex\n|-damage|p2b: Calyrex|79\/100\n|-unboost|p2b: Calyrex|spa|1\n|move|p2b: Calyrex|Astral Barrage|p1a: Chi-Yu|[spread] p1a,p1b\n|-resisted|p1a: Chi-Yu\n|-damage|p1a: Chi-Yu|76\/100\n|-damage|p1b: Miraidon|42\/100\n|-damage|p2b: Calyrex|69\/100|[from] item: Life Orb\n|move|p1b: Miraidon|Electro Drift|p2b: Calyrex\n|-damage|p2b: Calyrex|0 fnt\n|faint|p2b: Calyrex\n|\n|win|roykeenkennedy\n|raw|roykeenkennedy's rating: 1548 &rarr; <strong>1572<\/strong><br \/>(+24 for winning)\n|raw|kanucks25's rating: 1616 &rarr; <strong>1592<\/strong><br \/>(-24 for losing)\n|l|\u2606kanucks25\n|player|p2|\n|l| EllAkuro\n","uploadtime":1740216394,"views":23,"formatid":"gen9vgc2025regg","rating":1572,"private":0,"password":null}