{"id":"gen9vgc2025regg-2305014032","format":"[Gen 9] VGC 2025 Reg G","players":["Vianex","navinsachump"],"log":"|j|\u2606Vianex\n|j|\u2606navinsachump\n|t:|1740136634\n|gametype|doubles\n|player|p1|Vianex|pokemaniac|1569\n|player|p2|navinsachump|170|1624\n|teamsize|p1|6\n|teamsize|p2|6\n|gen|9\n|tier|[Gen 9] VGC 2025 Reg G\n|rated|\n|rule|Species Clause: Limit one of each Pok\u00e9mon\n|rule|Item Clause: Limit 1 of each item\n|clearpoke\n|poke|p1|Grimmsnarl, L50, M|\n|poke|p1|Calyrex-Shadow, L50|\n|poke|p1|Rillaboom, L50, F|\n|poke|p1|Garganacl, L50, M|\n|poke|p1|Urshifu-*, L50, M|\n|poke|p1|Clefairy, L50, F|\n|poke|p2|Whimsicott, L50, F|\n|poke|p2|Ogerpon-Cornerstone, L50, F|\n|poke|p2|Incineroar, L50, F|\n|poke|p2|Miraidon, L50|\n|poke|p2|Ursaluna-Bloodmoon, L50, M|\n|poke|p2|Farigiraf, L50, F|\n|teampreview|4\n|\n|t:|1740136654\n|start\n|switch|p1a: Calyrex|Calyrex-Shadow, L50|100\/100\n|switch|p1b: Grimmsnarl|Grimmsnarl, L50, M|100\/100\n|switch|p2a: Incineroar|Incineroar, L50, F|100\/100\n|switch|p2b: Miraidon|Miraidon, L50|100\/100\n|-ability|p1a: Calyrex|As One\n|-ability|p1a: Calyrex|Unnerve\n|-fieldstart|move: Electric Terrain|[from] ability: Hadron Engine|[of] p2b: Miraidon\n|-ability|p2a: Incineroar|Intimidate|boost\n|-unboost|p1a: Calyrex|atk|1\n|-unboost|p1b: Grimmsnarl|atk|1\n|turn|1\n|inactive|Battle timer is ON: inactive players will automatically lose when time's up. (requested by navinsachump)\n|\n|t:|1740136685\n|switch|p1b: Rillaboom|Rillaboom, L50, F|100\/100\n|-fieldstart|move: Grassy Terrain|[from] ability: Grassy Surge|[of] p1b: Rillaboom\n|-terastallize|p2b: Miraidon|Electric\n|move|p1a: Calyrex|Protect|p1a: Calyrex\n|-singleturn|p1a: Calyrex|Protect\n|move|p2a: Incineroar|Fake Out|p1b: Rillaboom\n|-damage|p1b: Rillaboom|90\/100\n|move|p2b: Miraidon|Volt Switch|p1a: Calyrex\n|-activate|p1a: Calyrex|move: Protect\n|\n|-heal|p1b: Rillaboom|96\/100|[from] Grassy Terrain\n|upkeep\n|turn|2\n|inactive|navinsachump has 30 seconds left.\n|\n|t:|1740136712\n|-terastallize|p1a: Calyrex|Fairy\n|move|p1a: Calyrex|Calm Mind|p1a: Calyrex\n|-boost|p1a: Calyrex|spa|1\n|-boost|p1a: Calyrex|spd|1\n|move|p2b: Miraidon|Volt Switch|p1a: Calyrex\n|-damage|p1a: Calyrex|45\/100\n|\n|t:|1740136721\n|switch|p2b: Whimsicott|Whimsicott, L50, F|100\/100|[from] Volt Switch\n|move|p1b: Rillaboom|U-turn|p2b: Whimsicott\n|-damage|p2b: Whimsicott|68\/100\n|\n|t:|1740136728\n|switch|p1b: Grimmsnarl|Grimmsnarl, L50, M|100\/100|[from] U-turn\n|move|p2a: Incineroar|U-turn|p1b: Grimmsnarl\n|-damage|p1b: Grimmsnarl|79\/100\n|\n|t:|1740136740\n|switch|p2a: Miraidon|Miraidon, L50, tera:Electric|100\/100|[from] U-turn\n|-fieldstart|move: Electric Terrain|[from] ability: Hadron Engine|[of] p2a: Miraidon\n|\n|-heal|p1a: Calyrex|51\/100|[from] item: Leftovers\n|upkeep\n|turn|3\n|\n|t:|1740136746\n|move|p1a: Calyrex|Protect|p1a: Calyrex\n|-singleturn|p1a: Calyrex|Protect\n|move|p2b: Whimsicott|Encore|p1a: Calyrex\n|-activate|p1a: Calyrex|move: Protect\n|move|p1b: Grimmsnarl|Light Screen|p1b: Grimmsnarl\n|-sidestart|p1: Vianex|move: Light Screen\n|move|p2a: Miraidon|Volt Switch|p1b: Grimmsnarl\n|-damage|p1b: Grimmsnarl|11\/100\n|\n|t:|1740136765\n|switch|p2a: Incineroar|Incineroar, L50, F|100\/100|[from] Volt Switch\n|-ability|p2a: Incineroar|Intimidate|boost\n|-unboost|p1a: Calyrex|atk|1\n|-unboost|p1b: Grimmsnarl|atk|1\n|\n|-heal|p1a: Calyrex|57\/100|[from] item: Leftovers\n|upkeep\n|turn|4\n|\n|t:|1740136777\n|switch|p1a: Clefairy|Clefairy, L50, F|100\/100\n|switch|p1b: Rillaboom|Rillaboom, L50, F|96\/100\n|-fieldstart|move: Grassy Terrain|[from] ability: Grassy Surge|[of] p1b: Rillaboom\n|move|p2b: Whimsicott|Encore||[still]\n|-fail|p2b: Whimsicott\n|move|p2a: Incineroar|Flare Blitz|p1a: Clefairy\n|-damage|p1a: Clefairy|48\/100\n|-damage|p2a: Incineroar|85\/100|[from] Recoil\n|\n|-heal|p2b: Whimsicott|74\/100|[from] Grassy Terrain\n|-heal|p1b: Rillaboom|100\/100|[from] Grassy Terrain\n|-heal|p2a: Incineroar|91\/100|[from] Grassy Terrain\n|-heal|p1a: Clefairy|54\/100|[from] Grassy Terrain\n|upkeep\n|turn|5\n|\n|t:|1740136790\n|move|p2b: Whimsicott|Protect|p2b: Whimsicott\n|-singleturn|p2b: Whimsicott|Protect\n|move|p1a: Clefairy|Protect|p1a: Clefairy\n|-singleturn|p1a: Clefairy|Protect\n|move|p1b: Rillaboom|U-turn|p2b: Whimsicott\n|-activate|p2b: Whimsicott|move: Protect\n|move|p2a: Incineroar|U-turn|p1b: Rillaboom\n|-supereffective|p1b: Rillaboom\n|-crit|p1b: Rillaboom\n|-damage|p1b: Rillaboom|64\/100\n|\n|t:|1740136797\n|switch|p2a: Miraidon|Miraidon, L50, tera:Electric|100\/100|[from] U-turn\n|-fieldstart|move: Electric Terrain|[from] ability: Hadron Engine|[of] p2a: Miraidon\n|\n|upkeep\n|turn|6\n|inactive|navinsachump has 30 seconds left.\n|\n|t:|1740136826\n|switch|p2b: Incineroar|Incineroar, L50, F|91\/100\n|-ability|p2b: Incineroar|Intimidate|boost\n|-unboost|p1a: Clefairy|atk|1\n|-unboost|p1b: Rillaboom|atk|1\n|move|p1a: Clefairy|Follow Me|p1a: Clefairy\n|-singleturn|p1a: Clefairy|move: Follow Me\n|move|p2a: Miraidon|Volt Switch|p1a: Clefairy\n|-damage|p1a: Clefairy|0 fnt\n|faint|p1a: Clefairy\n|\n|t:|1740136843\n|switch|p2a: Whimsicott|Whimsicott, L50, F|74\/100|[from] Volt Switch\n|move|p1b: Rillaboom|U-turn|p2a: Whimsicott\n|-damage|p2a: Whimsicott|51\/100\n|\n|t:|1740136846\n|switch|p1b: Calyrex|Calyrex-Shadow, L50, tera:Fairy|57\/100|[from] U-turn\n|-ability|p1b: Calyrex|As One\n|-ability|p1b: Calyrex|Unnerve\n|\n|-heal|p1b: Calyrex|64\/100|[from] item: Leftovers\n|upkeep\n|\n|t:|1740136847\n|switch|p1a: Rillaboom|Rillaboom, L50, F|64\/100\n|-fieldstart|move: Grassy Terrain|[from] ability: Grassy Surge|[of] p1a: Rillaboom\n|turn|7\n|\n|t:|1740136861\n|move|p2a: Whimsicott|Protect|p2a: Whimsicott\n|-singleturn|p2a: Whimsicott|Protect\n|move|p1b: Calyrex|Astral Barrage|p2b: Incineroar|[spread] p2b\n|-activate|p2a: Whimsicott|move: Protect\n|-resisted|p2b: Incineroar\n|-damage|p2b: Incineroar|76\/100\n|move|p1a: Rillaboom|U-turn|p2b: Incineroar\n|-damage|p2b: Incineroar|58\/100\n|\n|t:|1740136868\n|switch|p1a: Grimmsnarl|Grimmsnarl, L50, M|11\/100|[from] U-turn\n|move|p2b: Incineroar|Flare Blitz|p1a: Grimmsnarl\n|-damage|p1a: Grimmsnarl|0 fnt\n|faint|p1a: Grimmsnarl\n|-damage|p2b: Incineroar|55\/100|[from] Recoil\n|\n|-heal|p1b: Calyrex|70\/100|[from] Grassy Terrain\n|-heal|p1b: Calyrex|76\/100|[from] item: Leftovers\n|-heal|p2a: Whimsicott|57\/100|[from] Grassy Terrain\n|-heal|p2b: Incineroar|61\/100|[from] Grassy Terrain\n|-sideend|p1: Vianex|move: Light Screen\n|upkeep\n|\n|t:|1740136870\n|switch|p1a: Rillaboom|Rillaboom, L50, F|64\/100\n|turn|8\n|\n|t:|1740136894\n|switch|p2a: Farigiraf|Farigiraf, L50, F|100\/100\n|move|p1b: Calyrex|Astral Barrage|p2b: Incineroar|[spread] p2b\n|-immune|p2a: Farigiraf\n|-resisted|p2b: Incineroar\n|-damage|p2b: Incineroar|46\/100\n|move|p1a: Rillaboom|Wood Hammer|p2b: Incineroar\n|-resisted|p2b: Incineroar\n|-damage|p2b: Incineroar|21\/100\n|-damage|p1a: Rillaboom|55\/100|[from] Recoil\n|move|p2b: Incineroar|Flare Blitz|p1a: Rillaboom\n|-supereffective|p1a: Rillaboom\n|-damage|p1a: Rillaboom|0 fnt\n|faint|p1a: Rillaboom\n|-damage|p2b: Incineroar|3\/100|[from] Recoil\n|\n|-heal|p1b: Calyrex|82\/100|[from] Grassy Terrain\n|-heal|p1b: Calyrex|89\/100|[from] item: Leftovers\n|-heal|p2b: Incineroar|9\/100|[from] Grassy Terrain\n|upkeep\n|turn|9\n|inactive|navinsachump has 30 seconds left.\n|j| faceless_knigght\n|\n|t:|1740136928\n|move|p1b: Calyrex|Draining Kiss|p2b: Incineroar\n|-damage|p2b: Incineroar|0 fnt\n|-heal|p1b: Calyrex|96\/100|[from] drain|[of] p2b: Incineroar\n|faint|p2b: Incineroar\n|-ability|p1b: Calyrex|Grim Neigh|boost\n|-boost|p1b: Calyrex|spa|1\n|move|p2a: Farigiraf|Tera Blast|p1b: Calyrex\n|-crit|p1b: Calyrex\n|-damage|p1b: Calyrex|52\/100\n|\n|-heal|p1b: Calyrex|58\/100|[from] Grassy Terrain\n|-heal|p1b: Calyrex|64\/100|[from] item: Leftovers\n|upkeep\n|\n|t:|1740136932\n|switch|p2b: Whimsicott|Whimsicott, L50, F|57\/100\n|turn|10\n|\n|t:|1740136946\n|move|p2b: Whimsicott|Protect|p2b: Whimsicott\n|-singleturn|p2b: Whimsicott|Protect\n|move|p1b: Calyrex|Draining Kiss|p2b: Whimsicott\n|-activate|p2b: Whimsicott|move: Protect\n|move|p2a: Farigiraf|Tera Blast|p1b: Calyrex\n|-damage|p1b: Calyrex|36\/100\n|\n|-heal|p1b: Calyrex|43\/100|[from] Grassy Terrain\n|-heal|p1b: Calyrex|49\/100|[from] item: Leftovers\n|-heal|p2b: Whimsicott|63\/100|[from] Grassy Terrain\n|upkeep\n|turn|11\n|\n|t:|1740136959\n|move|p2b: Whimsicott|Tailwind|p2b: Whimsicott\n|-sidestart|p2: navinsachump|move: Tailwind\n|move|p1b: Calyrex|Draining Kiss|p2b: Whimsicott\n|-damage|p2b: Whimsicott|0 fnt\n|-heal|p1b: Calyrex|85\/100|[from] drain|[of] p2b: Whimsicott\n|faint|p2b: Whimsicott\n|-ability|p1b: Calyrex|Grim Neigh|boost\n|-boost|p1b: Calyrex|spa|1\n|move|p2a: Farigiraf|Tera Blast|p1b: Calyrex\n|-damage|p1b: Calyrex|54\/100\n|\n|-heal|p1b: Calyrex|60\/100|[from] Grassy Terrain\n|-heal|p1b: Calyrex|66\/100|[from] item: Leftovers\n|-fieldend|move: Grassy Terrain\n|upkeep\n|\n|t:|1740136963\n|switch|p2b: Miraidon|Miraidon, L50, tera:Electric|100\/100\n|-fieldstart|move: Electric Terrain|[from] ability: Hadron Engine|[of] p2b: Miraidon\n|-enditem|p2a: Farigiraf|Electric Seed\n|-boost|p2a: Farigiraf|def|1|[from] item: Electric Seed\n|turn|12\n|inactive|Vianex has 30 seconds left.\n|\n|t:|1740136996\n|move|p2a: Farigiraf|Helping Hand|p2b: Miraidon\n|-singleturn|p2b: Miraidon|Helping Hand|[of] p2a: Farigiraf\n|move|p1b: Calyrex|Protect|p1b: Calyrex\n|-singleturn|p1b: Calyrex|Protect\n|move|p2b: Miraidon|Electro Drift|p1b: Calyrex\n|-activate|p1b: Calyrex|move: Protect\n|\n|-heal|p1b: Calyrex|73\/100|[from] item: Leftovers\n|upkeep\n|turn|13\n|\n|t:|1740137005\n|move|p2a: Farigiraf|Helping Hand|p2b: Miraidon\n|-singleturn|p2b: Miraidon|Helping Hand|[of] p2a: Farigiraf\n|move|p1b: Calyrex|Protect|p1b: Calyrex\n|-singleturn|p1b: Calyrex|Protect\n|move|p2b: Miraidon|Electro Drift|p1b: Calyrex\n|-activate|p1b: Calyrex|move: Protect\n|\n|-heal|p1b: Calyrex|79\/100|[from] item: Leftovers\n|upkeep\n|turn|14\n|\n|t:|1740137014\n|move|p2a: Farigiraf|Helping Hand|p2b: Miraidon\n|-singleturn|p2b: Miraidon|Helping Hand|[of] p2a: Farigiraf\n|move|p1b: Calyrex|Protect||[still]\n|-fail|p1b: Calyrex\n|move|p2b: Miraidon|Electro Drift|p1b: Calyrex\n|-damage|p1b: Calyrex|0 fnt\n|faint|p1b: Calyrex\n|\n|win|navinsachump\n|raw|Vianex's rating: 1569 &rarr; <strong>1552<\/strong><br \/>(-17 for losing)\n|raw|navinsachump's rating: 1624 &rarr; <strong>1641<\/strong><br \/>(+17 for winning)\n|l|\u2606Vianex\n|player|p1|\n|c|\u2606navinsachump|gg kid\n|c|\u2606navinsachump|nice try\n|l|\u2606navinsachump\n|player|p2|\n","uploadtime":1740137242,"views":5,"formatid":"gen9vgc2025regg","rating":1552,"private":0,"password":null}