{"id":"gen9vgc2025regg-2305620386","format":"[Gen 9] VGC 2025 Reg G","players":["Cyan2023","PictoChatVGC"],"log":"|j|\u2606Cyan2023\n|j|\u2606PictoChatVGC\n|t:|1740219084\n|gametype|doubles\n|player|p1|Cyan2023|169|1563\n|player|p2|PictoChatVGC|skier|1577\n|teamsize|p1|6\n|teamsize|p2|6\n|gen|9\n|tier|[Gen 9] VGC 2025 Reg G\n|rated|\n|rule|Species Clause: Limit one of each Pok\u00e9mon\n|rule|Item Clause: Limit 1 of each item\n|clearpoke\n|poke|p1|Miraidon, L50|\n|poke|p1|Iron Bundle, L50|\n|poke|p1|Incineroar, L50, F|\n|poke|p1|Urshifu-*, L50, M|\n|poke|p1|Dragonite, L50, M|\n|poke|p1|Kingambit, L50, M|\n|poke|p2|Calyrex-Ice, L50|\n|poke|p2|Landorus, L50, M|\n|poke|p2|Ogerpon-Cornerstone, L50, F|\n|poke|p2|Pelipper, L50, M|\n|poke|p2|Raging Bolt, L50|\n|poke|p2|Urshifu-*, L50, M|\n|teampreview|4\n|inactive|Battle timer is ON: inactive players will automatically lose when time's up. (requested by Cyan2023)\n|inactive|PictoChatVGC has 60 seconds left.\n|\n|t:|1740219126\n|start\n|switch|p1a: Incineroar|Incineroar, L50, F|100\/100\n|switch|p1b: Kingambit|Kingambit, L50, M|100\/100\n|switch|p2a: Calyrex|Calyrex-Ice, L50|100\/100\n|switch|p2b: Ogerpon|Ogerpon-Cornerstone, L50, F|100\/100\n|-ability|p2a: Calyrex|As One\n|-ability|p2a: Calyrex|Unnerve\n|-ability|p1a: Incineroar|Intimidate|boost\n|-fail|p2a: Calyrex|unboost|[from] item: Clear Amulet|[of] p2a: Calyrex\n|-unboost|p2b: Ogerpon|atk|1\n|turn|1\n|inactive|Cyan2023 has 30 seconds left.\n|inactive|Cyan2023 has 20 seconds left.\n|inactive|Cyan2023 has 15 seconds left.\n|inactive|Cyan2023 has 10 seconds left.\n|\n|t:|1740219172\n|-terastallize|p2a: Calyrex|Water\n|move|p2b: Ogerpon|Spiky Shield|p2b: Ogerpon\n|-singleturn|p2b: Ogerpon|move: Protect\n|move|p1a: Incineroar|Fake Out|p2b: Ogerpon\n|-activate|p2b: Ogerpon|move: Protect\n|-damage|p1a: Incineroar|88\/100|[from] Spiky Shield|[of] p2b: Ogerpon\n|move|p2a: Calyrex|High Horsepower|p1b: Kingambit\n|-supereffective|p1b: Kingambit\n|-damage|p1b: Kingambit|39\/100\n|move|p1b: Kingambit|Iron Head|p2b: Ogerpon\n|-activate|p2b: Ogerpon|move: Protect\n|-damage|p1b: Kingambit|27\/100|[from] Spiky Shield|[of] p2b: Ogerpon\n|\n|upkeep\n|turn|2\n|\n|t:|1740219194\n|switch|p1b: Dragonite|Dragonite, L50, M|100\/100\n|move|p2b: Ogerpon|Ivy Cudgel|p1a: Incineroar|[anim] Ivy Cudgel Rock\n|-supereffective|p1a: Incineroar\n|-crit|p1a: Incineroar\n|-damage|p1a: Incineroar|0 fnt\n|faint|p1a: Incineroar\n|move|p2a: Calyrex|High Horsepower|p1b: Dragonite\n|-immune|p1b: Dragonite\n|\n|upkeep\n|\n|t:|1740219207\n|switch|p1a: Miraidon|Miraidon, L50|100\/100\n|-fieldstart|move: Electric Terrain|[from] ability: Hadron Engine|[of] p1a: Miraidon\n|turn|3\n|inactive|Cyan2023 has 30 seconds left.\n|\n|t:|1740219240\n|-terastallize|p1b: Dragonite|Fire\n|move|p2b: Ogerpon|Follow Me|p2b: Ogerpon\n|-singleturn|p2b: Ogerpon|move: Follow Me\n|move|p1a: Miraidon|Volt Switch|p2b: Ogerpon\n|-resisted|p2b: Ogerpon\n|-damage|p2b: Ogerpon|43\/100\n|\n|t:|1740219246\n|switch|p1a: Kingambit|Kingambit, L50, M|27\/100|[from] Volt Switch\n|move|p1b: Dragonite|Scale Shot|p2b: Ogerpon\n|-damage|p2b: Ogerpon|22\/100\n|-crit|p2b: Ogerpon\n|-damage|p2b: Ogerpon|0 fnt\n|faint|p2b: Ogerpon\n|-hitcount|p2: Ogerpon|2\n|-unboost|p1b: Dragonite|def|1\n|-boost|p1b: Dragonite|spe|1\n|move|p2a: Calyrex|Glacial Lance|p1b: Dragonite|[spread] p1a,p1b\n|-resisted|p1a: Kingambit\n|-resisted|p1b: Dragonite\n|-damage|p1a: Kingambit|3\/100\n|-damage|p1b: Dragonite|75\/100\n|\n|upkeep\n|\n|t:|1740219265\n|switch|p2b: Landorus|Landorus, L50, M|100\/100\n|turn|4\n|\n|t:|1740219279\n|move|p1a: Kingambit|Sucker Punch|p2b: Landorus\n|-damage|p2b: Landorus|49\/100\n|move|p2b: Landorus|Earth Power|p1b: Dragonite\n|-supereffective|p1b: Dragonite\n|-damage|p1b: Dragonite|0 fnt\n|faint|p1b: Dragonite\n|move|p2a: Calyrex|Glacial Lance|p1a: Kingambit\n|-resisted|p1a: Kingambit\n|-damage|p1a: Kingambit|0 fnt\n|faint|p1a: Kingambit\n|-ability|p2a: Calyrex|Chilling Neigh|boost\n|-boost|p2a: Calyrex|atk|1\n|\n|upkeep\n|j| mavstest3\n|\n|t:|1740219288\n|switch|p1b: Miraidon|Miraidon, L50|100\/100\n|-activate|p1b: Miraidon|ability: Hadron Engine\n|turn|5\n|-message|Cyan2023 forfeited.\n|\n|win|PictoChatVGC\n|raw|Cyan2023's rating: 1563 &rarr; <strong>1544<\/strong><br \/>(-19 for losing)\n|raw|PictoChatVGC's rating: 1577 &rarr; <strong>1596<\/strong><br \/>(+19 for winning)\n|l|\u2606Cyan2023\n|player|p1|\n","uploadtime":1740219299,"views":17,"formatid":"gen9vgc2025regg","rating":1544,"private":0,"password":null}