{"id":"gen9vgc2025regg-2305755459","format":"[Gen 9] VGC 2025 Reg G","players":["roykeenkennedy","Bahamate"],"log":"|j|\u2606roykeenkennedy\n|j|\u2606Bahamate\n|t:|1740241426\n|gametype|doubles\n|player|p1|roykeenkennedy|alder|1620\n|player|p2|Bahamate|grimsley|1598\n|teamsize|p1|6\n|teamsize|p2|6\n|gen|9\n|tier|[Gen 9] VGC 2025 Reg G\n|rated|\n|rule|Species Clause: Limit one of each Pok\u00e9mon\n|rule|Item Clause: Limit 1 of each item\n|clearpoke\n|poke|p1|Miraidon, L50|\n|poke|p1|Umbreon, L50, M|\n|poke|p1|Chi-Yu, L50|\n|poke|p1|Dondozo, L50, F|\n|poke|p1|Tatsugiri-Droopy, L50, M|\n|poke|p1|Grimmsnarl, L50, M|\n|poke|p2|Miraidon, L50|\n|poke|p2|Oranguru, L50, F|\n|poke|p2|Grimmsnarl, L50, M|\n|poke|p2|Iron Hands, L50|\n|poke|p2|Ogerpon-Wellspring, L50, F|\n|poke|p2|Incineroar, L50, M|\n|teampreview|4\n|j| GarchompExVgc\n|\n|t:|1740241465\n|start\n|switch|p1a: Miraidon|Miraidon, L50|100\/100\n|switch|p1b: Umbreon|Umbreon, L50, M|100\/100\n|switch|p2a: Miraidon|Miraidon, L50|100\/100\n|switch|p2b: Grimmsnarl|Grimmsnarl, L50, M|100\/100\n|-fieldstart|move: Electric Terrain|[from] ability: Hadron Engine|[of] p1a: Miraidon\n|-enditem|p2a: Miraidon|Electric Seed\n|-boost|p2a: Miraidon|def|1|[from] item: Electric Seed\n|-enditem|p1b: Umbreon|Electric Seed\n|-boost|p1b: Umbreon|def|1|[from] item: Electric Seed\n|-activate|p2a: Miraidon|ability: Hadron Engine\n|turn|1\n|\n|t:|1740241486\n|move|p2a: Miraidon|Protect|p2a: Miraidon\n|-singleturn|p2a: Miraidon|Protect\n|move|p2b: Grimmsnarl|Light Screen|p2b: Grimmsnarl\n|-sidestart|p2: Bahamate|move: Light Screen\n|move|p1a: Miraidon|Volt Switch|p2b: Grimmsnarl\n|-damage|p2b: Grimmsnarl|65\/100\n|\n|t:|1740241494\n|switch|p1a: Grimmsnarl|Grimmsnarl, L50, M|100\/100|[from] Volt Switch\n|move|p1b: Umbreon|Calm Mind|p1b: Umbreon\n|-boost|p1b: Umbreon|spa|1\n|-boost|p1b: Umbreon|spd|1\n|\n|upkeep\n|turn|2\n|\n|t:|1740241514\n|move|p1a: Grimmsnarl|Light Screen|p1a: Grimmsnarl\n|-sidestart|p1: roykeenkennedy|move: Light Screen\n|move|p2a: Miraidon|Calm Mind|p2a: Miraidon\n|-boost|p2a: Miraidon|spa|1\n|-boost|p2a: Miraidon|spd|1\n|move|p1b: Umbreon|Calm Mind|p1b: Umbreon\n|-boost|p1b: Umbreon|spa|1\n|-boost|p1b: Umbreon|spd|1\n|move|p2b: Grimmsnarl|Foul Play|p1b: Umbreon\n|-resisted|p1b: Umbreon\n|-damage|p1b: Umbreon|97\/100\n|\n|upkeep\n|turn|3\n|\n|t:|1740241530\n|move|p2b: Grimmsnarl|Reflect|p2b: Grimmsnarl\n|-sidestart|p2: Bahamate|Reflect\n|move|p2a: Miraidon|Calm Mind|p2a: Miraidon\n|-boost|p2a: Miraidon|spa|1\n|-boost|p2a: Miraidon|spd|1\n|move|p1b: Umbreon|Calm Mind|p1b: Umbreon\n|-boost|p1b: Umbreon|spa|1\n|-boost|p1b: Umbreon|spd|1\n|move|p1a: Grimmsnarl|Spirit Break|p2a: Miraidon\n|-supereffective|p2a: Miraidon\n|-damage|p2a: Miraidon|79\/100\n|-unboost|p2a: Miraidon|spa|1\n|\n|upkeep\n|turn|4\n|\n|t:|1740241564\n|switch|p2b: Iron Hands|Iron Hands, L50|100\/100\n|-activate|p2b: Iron Hands|ability: Quark Drive\n|-start|p2b: Iron Hands|quarkdriveatk\n|-terastallize|p2a: Miraidon|Fairy\n|move|p2a: Miraidon|Calm Mind|p2a: Miraidon\n|-boost|p2a: Miraidon|spa|1\n|-boost|p2a: Miraidon|spd|1\n|move|p1b: Umbreon|Calm Mind|p1b: Umbreon\n|-boost|p1b: Umbreon|spa|1\n|-boost|p1b: Umbreon|spd|1\n|move|p1a: Grimmsnarl|Spirit Break|p2a: Miraidon\n|-damage|p2a: Miraidon|67\/100\n|-unboost|p2a: Miraidon|spa|1\n|\n|upkeep\n|turn|5\n|\n|t:|1740241590\n|move|p1a: Grimmsnarl|Reflect|p1a: Grimmsnarl\n|-sidestart|p1: roykeenkennedy|Reflect\n|move|p2a: Miraidon|Parabolic Charge|p1a: Grimmsnarl|[spread] p2b,p1a,p1b\n|-resisted|p2b: Iron Hands\n|-damage|p2b: Iron Hands|89\/100\n|-heal|p2a: Miraidon|73\/100|[from] drain|[of] p2b: Iron Hands\n|-damage|p1a: Grimmsnarl|52\/100\n|-heal|p2a: Miraidon|96\/100|[from] drain|[of] p1a: Grimmsnarl\n|-damage|p1b: Umbreon|88\/100\n|-heal|p2a: Miraidon|100\/100|[from] drain|[of] p1b: Umbreon\n|move|p1b: Umbreon|Calm Mind|p1b: Umbreon\n|-boost|p1b: Umbreon|spa|1\n|-boost|p1b: Umbreon|spd|1\n|move|p2b: Iron Hands|Drain Punch|p1b: Umbreon\n|-supereffective|p1b: Umbreon\n|-damage|p1b: Umbreon|53\/100\n|-heal|p2b: Iron Hands|100\/100|[from] drain|[of] p1b: Umbreon\n|\n|-fieldend|move: Electric Terrain\n|-end|p2b: Iron Hands|Quark Drive\n|upkeep\n|turn|6\n|\n|t:|1740241614\n|move|p2a: Miraidon|Protect|p2a: Miraidon\n|-singleturn|p2a: Miraidon|Protect\n|move|p1b: Umbreon|Baton Pass|p1b: Umbreon\n|\n|t:|1740241619\n|switch|p1b: Miraidon|Miraidon, L50|100\/100|[from] Baton Pass\n|-fieldstart|move: Electric Terrain|[from] ability: Hadron Engine|[of] p1b: Miraidon\n|-activate|p2b: Iron Hands|ability: Quark Drive\n|-start|p2b: Iron Hands|quarkdriveatk\n|move|p1a: Grimmsnarl|Spirit Break|p2a: Miraidon\n|-activate|p2a: Miraidon|move: Protect\n|move|p2b: Iron Hands|Heavy Slam|p1a: Grimmsnarl\n|-supereffective|p1a: Grimmsnarl\n|-damage|p1a: Grimmsnarl|0 fnt\n|faint|p1a: Grimmsnarl\n|\n|upkeep\n|\n|t:|1740241634\n|switch|p1a: Chi-Yu|Chi-Yu, L50|100\/100\n|-ability|p1a: Chi-Yu|Beads of Ruin\n|turn|7\n|\n|t:|1740241662\n|-terastallize|p1a: Chi-Yu|Ground\n|move|p1a: Chi-Yu|Heat Wave|p2b: Iron Hands|[spread] p2a\n|-miss|p1a: Chi-Yu|p2b: Iron Hands\n|-damage|p2a: Miraidon|89\/100\n|move|p1b: Miraidon|Parabolic Charge|p2b: Iron Hands|[spread] p2a,p2b\n|-immune|p1a: Chi-Yu\n|-resisted|p2b: Iron Hands\n|-damage|p2a: Miraidon|45\/100\n|-damage|p2b: Iron Hands|70\/100\n|move|p2a: Miraidon|Parabolic Charge|p1a: Chi-Yu|[spread] p2b,p1b\n|-immune|p1a: Chi-Yu\n|-resisted|p2b: Iron Hands\n|-resisted|p1b: Miraidon\n|-damage|p2b: Iron Hands|54\/100\n|-heal|p2a: Miraidon|54\/100|[from] drain|[of] p2b: Iron Hands\n|-damage|p1b: Miraidon|99\/100\n|-heal|p2a: Miraidon|55\/100|[from] drain|[of] p1b: Miraidon\n|move|p2b: Iron Hands|Drain Punch|p1b: Miraidon\n|-crit|p1b: Miraidon\n|-damage|p1b: Miraidon|33\/100\n|-heal|p2b: Iron Hands|83\/100|[from] drain|[of] p1b: Miraidon\n|\n|upkeep\n|turn|8\n|\n|t:|1740241698\n|move|p2a: Miraidon|Protect|p2a: Miraidon\n|-singleturn|p2a: Miraidon|Protect\n|move|p1a: Chi-Yu|Heat Wave|p2b: Iron Hands|[spread] p2b\n|-activate|p2a: Miraidon|move: Protect\n|-damage|p2b: Iron Hands|63\/100\n|move|p1b: Miraidon|Parabolic Charge|p2a: Miraidon|[spread] p2b\n|-activate|p2a: Miraidon|move: Protect\n|-immune|p1a: Chi-Yu\n|-resisted|p2b: Iron Hands\n|-damage|p2b: Iron Hands|29\/100\n|-heal|p1b: Miraidon|53\/100|[from] drain|[of] p2b: Iron Hands\n|move|p2b: Iron Hands|Drain Punch|p1b: Miraidon\n|-damage|p1b: Miraidon|34\/100\n|-heal|p2b: Iron Hands|38\/100|[from] drain|[of] p1b: Miraidon\n|\n|-sideend|p2: Bahamate|move: Light Screen\n|upkeep\n|turn|9\n|\n|t:|1740241718\n|move|p1a: Chi-Yu|Heat Wave|p2b: Iron Hands|[spread] p2a,p2b\n|-damage|p2a: Miraidon|37\/100\n|-damage|p2b: Iron Hands|11\/100\n|move|p1b: Miraidon|Parabolic Charge|p2b: Iron Hands|[spread] p2a,p2b\n|-immune|p1a: Chi-Yu\n|-resisted|p2b: Iron Hands\n|-damage|p2a: Miraidon|0 fnt\n|-heal|p1b: Miraidon|52\/100|[from] drain|[of] p2a: Miraidon\n|-damage|p2b: Iron Hands|0 fnt\n|-heal|p1b: Miraidon|58\/100|[from] drain|[of] p2b: Iron Hands\n|faint|p2a: Miraidon\n|faint|p2b: Iron Hands\n|-end|p2b: Iron Hands|Quark Drive|[silent]\n|\n|-sideend|p1: roykeenkennedy|move: Light Screen\n|upkeep\n|\n|t:|1740241727\n|switch|p2a: Grimmsnarl|Grimmsnarl, L50, M|65\/100\n|switch|p2b: Ogerpon|Ogerpon-Wellspring, L50, F|100\/100\n|turn|10\n|\n|t:|1740241738\n|move|p1a: Chi-Yu|Heat Wave|p2b: Ogerpon|[spread] p2a,p2b\n|-crit|p2b: Ogerpon\n|-damage|p2a: Grimmsnarl|17\/100\n|-damage|p2b: Ogerpon|9\/100\n|move|p2b: Ogerpon|Ivy Cudgel|p1a: Chi-Yu|[anim] Ivy Cudgel Water\n|-supereffective|p1a: Chi-Yu\n|-damage|p1a: Chi-Yu|0 fnt\n|faint|p1a: Chi-Yu\n|move|p1b: Miraidon|Parabolic Charge|p2a: Grimmsnarl|[spread] p2a,p2b\n|-damage|p2a: Grimmsnarl|0 fnt\n|-heal|p1b: Miraidon|67\/100|[from] drain|[of] p2a: Grimmsnarl\n|-damage|p2b: Ogerpon|0 fnt\n|-heal|p1b: Miraidon|71\/100|[from] drain|[of] p2b: Ogerpon\n|faint|p2a: Grimmsnarl\n|faint|p2b: Ogerpon\n|\n|win|roykeenkennedy\n|raw|roykeenkennedy's rating: 1620 &rarr; <strong>1639<\/strong><br \/>(+19 for winning)\n|raw|Bahamate's rating: 1598 &rarr; <strong>1579<\/strong><br \/>(-19 for losing)\n|l|\u2606Bahamate\n|player|p2|\n|c|\u2606roykeenkennedy|Gg\n|l| GarchompExVgc\n|l|\u2606roykeenkennedy\n|player|p1|\n","uploadtime":1740241759,"views":8,"formatid":"gen9vgc2025regg","rating":1579,"private":0,"password":null}