{"id":"gen9vgc2025regg-2305702243","format":"[Gen 9] VGC 2025 Reg G","players":["GenghisHakan","Imicrowavecookies"],"log":"|j|\u2606GenghisHakan\n|j|\u2606Imicrowavecookies\n|t:|1740234109\n|gametype|doubles\n|player|p1|GenghisHakan|chuck|1590\n|player|p2|Imicrowavecookies|lucas|1608\n|teamsize|p1|6\n|teamsize|p2|6\n|gen|9\n|tier|[Gen 9] VGC 2025 Reg G\n|rated|\n|rule|Species Clause: Limit one of each Pok\u00e9mon\n|rule|Item Clause: Limit 1 of each item\n|clearpoke\n|poke|p1|Koraidon, L50|\n|poke|p1|Flutter Mane, L50|\n|poke|p1|Entei, L50|\n|poke|p1|Raging Bolt, L50|\n|poke|p1|Umbreon, L50, F|\n|poke|p1|Ogerpon-Cornerstone, L50, F|\n|poke|p2|Urshifu-*, L50, M|\n|poke|p2|Iron Moth, L50|\n|poke|p2|Zacian-*, L50|\n|poke|p2|Rillaboom, L50, F|\n|poke|p2|Ogerpon-Cornerstone, L50, F|\n|poke|p2|Farigiraf, L50, F|\n|teampreview|4\n|inactive|Battle timer is ON: inactive players will automatically lose when time's up. (requested by GenghisHakan)\n|inactive|GenghisHakan has 60 seconds left.\n|inactive|Imicrowavecookies has 60 seconds left.\n|inactive|Imicrowavecookies has 30 seconds left.\n|inactive|Imicrowavecookies has 20 seconds left.\n|inactive|Imicrowavecookies has 15 seconds left.\n|inactive|Imicrowavecookies has 10 seconds left.\n|\n|t:|1740234192\n|start\n|switch|p1a: Flutter Mane|Flutter Mane, L50, shiny|100\/100\n|switch|p1b: Raging Bolt|Raging Bolt, L50|100\/100\n|switch|p2a: Iron Moth|Iron Moth, L50|100\/100\n|switch|p2b: Ogerpon|Ogerpon-Cornerstone, L50, F|100\/100\n|-enditem|p2a: Iron Moth|Booster Energy\n|-activate|p2a: Iron Moth|ability: Quark Drive|[fromitem]\n|-start|p2a: Iron Moth|quarkdrivespe\n|turn|1\n|\n|t:|1740234204\n|move|p2a: Iron Moth|Protect|p2a: Iron Moth\n|-singleturn|p2a: Iron Moth|Protect\n|move|p1a: Flutter Mane|Icy Wind|p2a: Iron Moth|[spread] p2b\n|-activate|p2a: Iron Moth|move: Protect\n|-supereffective|p2b: Ogerpon\n|-damage|p2b: Ogerpon|69\/100\n|-unboost|p2b: Ogerpon|spe|1\n|move|p1b: Raging Bolt|Electroweb|p2b: Ogerpon|[spread] p2b\n|-activate|p2a: Iron Moth|move: Protect\n|-resisted|p2b: Ogerpon\n|-damage|p2b: Ogerpon|59\/100\n|-unboost|p2b: Ogerpon|spe|1\n|move|p2b: Ogerpon|Ivy Cudgel|p1a: Flutter Mane|[anim] Ivy Cudgel Rock\n|-enditem|p1a: Flutter Mane|Focus Sash\n|-damage|p1a: Flutter Mane|1\/100\n|\n|upkeep\n|turn|2\n|\n|t:|1740234224\n|move|p2a: Iron Moth|Dazzling Gleam|p1a: Flutter Mane|[spread] p1a,p1b\n|-supereffective|p1b: Raging Bolt\n|-damage|p1a: Flutter Mane|0 fnt\n|-damage|p1b: Raging Bolt|75\/100\n|faint|p1a: Flutter Mane\n|-end|p1a: Flutter Mane|Protosynthesis|[silent]\n|move|p1b: Raging Bolt|Electroweb|p2b: Ogerpon|[spread] p2a,p2b\n|-resisted|p2b: Ogerpon\n|-damage|p2a: Iron Moth|81\/100\n|-damage|p2b: Ogerpon|48\/100\n|-unboost|p2a: Iron Moth|spe|1\n|-unboost|p2b: Ogerpon|spe|1\n|move|p2b: Ogerpon|Ivy Cudgel|p1b: Raging Bolt|[anim] Ivy Cudgel Rock\n|-crit|p1b: Raging Bolt\n|-damage|p1b: Raging Bolt|0 fnt\n|faint|p1b: Raging Bolt\n|-end|p1b: Raging Bolt|Protosynthesis|[silent]\n|\n|upkeep\n|\n|t:|1740234237\n|switch|p1a: Entei|Entei, L50, shiny|100\/100\n|switch|p1b: Koraidon|Koraidon, L50|100\/100\n|-weather|SunnyDay|[from] ability: Orichalcum Pulse|[of] p1b: Koraidon\n|-activate|p1b: Koraidon|Orichalcum Pulse|[source]\n|turn|3\n|\n|t:|1740234260\n|-terastallize|p1b: Koraidon|Fire\n|move|p2a: Iron Moth|Protect|p2a: Iron Moth\n|-singleturn|p2a: Iron Moth|Protect\n|move|p2b: Ogerpon|Spiky Shield|p2b: Ogerpon\n|-singleturn|p2b: Ogerpon|move: Protect\n|move|p1b: Koraidon|Scale Shot|p2a: Iron Moth\n|-activate|p2a: Iron Moth|move: Protect\n|move|p1a: Entei|Sacred Fire|p2b: Ogerpon\n|-activate|p2b: Ogerpon|move: Protect\n|\n|-weather|SunnyDay|[upkeep]\n|upkeep\n|turn|4\n|inactive|GenghisHakan has 30 seconds left.\n|inactive|Imicrowavecookies has 30 seconds left.\n|\n|t:|1740234291\n|move|p2b: Ogerpon|Follow Me|p2b: Ogerpon\n|-singleturn|p2b: Ogerpon|move: Follow Me\n|move|p1b: Koraidon|Scale Shot|p2b: Ogerpon\n|-damage|p2b: Ogerpon|28\/100\n|-crit|p2b: Ogerpon\n|-damage|p2b: Ogerpon|0 fnt\n|faint|p2b: Ogerpon\n|-hitcount|p2: Ogerpon|2\n|-unboost|p1b: Koraidon|def|1\n|-boost|p1b: Koraidon|spe|1\n|move|p2a: Iron Moth|Sludge Wave|p1b: Koraidon|[spread] p1a,p1b\n|-damage|p1a: Entei|63\/100\n|-damage|p1b: Koraidon|67\/100\n|-status|p1a: Entei|psn\n|move|p1a: Entei|Sacred Fire|p2a: Iron Moth\n|-resisted|p2a: Iron Moth\n|-damage|p2a: Iron Moth|7\/100\n|\n|-weather|SunnyDay|[upkeep]\n|-damage|p1a: Entei|51\/100 psn|[from] psn\n|upkeep\n|\n|t:|1740234302\n|switch|p2b: Zacian|Zacian-Crowned, L50|100\/100\n|-ability|p2b: Zacian|Intrepid Sword|boost\n|-boost|p2b: Zacian|atk|1\n|turn|5\n|\n|t:|1740234322\n|-terastallize|p2b: Zacian|Ground\n|move|p1b: Koraidon|Protect|p1b: Koraidon\n|-singleturn|p1b: Koraidon|Protect\n|move|p2b: Zacian|Tera Blast|p1a: Entei|[anim] Tera Blast Ground\n|-supereffective|p1a: Entei\n|-damage|p1a: Entei|0 fnt\n|faint|p1a: Entei\n|move|p2a: Iron Moth|Flamethrower|p1b: Koraidon\n|-activate|p1b: Koraidon|move: Protect\n|\n|-weather|SunnyDay|[upkeep]\n|upkeep\n|turn|6\n|\n|t:|1740234333\n|move|p1b: Koraidon|Flare Blitz|p2b: Zacian\n|-damage|p2b: Zacian|0 fnt\n|faint|p2b: Zacian\n|-damage|p1b: Koraidon|36\/100|[from] Recoil\n|move|p2a: Iron Moth|Flamethrower|p1b: Koraidon\n|-resisted|p1b: Koraidon\n|-damage|p1b: Koraidon|5\/100\n|\n|-weather|SunnyDay|[upkeep]\n|upkeep\n|\n|t:|1740234336\n|switch|p2b: Farigiraf|Farigiraf, L50, F|100\/100\n|turn|7\n|\n|t:|1740234343\n|move|p1b: Koraidon|Flare Blitz|p2b: Farigiraf\n|-damage|p2b: Farigiraf|0 fnt\n|faint|p2b: Farigiraf\n|-damage|p1b: Koraidon|0 fnt|[from] Recoil\n|faint|p1b: Koraidon\n|\n|win|Imicrowavecookies\n|raw|GenghisHakan's rating: 1590 &rarr; <strong>1571<\/strong><br \/>(-19 for losing)\n|raw|Imicrowavecookies's rating: 1608 &rarr; <strong>1627<\/strong><br \/>(+19 for winning)\n|l|\u2606GenghisHakan\n|player|p1|\n|l|\u2606Imicrowavecookies\n|player|p2|\n","uploadtime":1740234481,"views":3,"formatid":"gen9vgc2025regg","rating":1571,"private":0,"password":null}