{"id":"gen9vgc2025regg-2305321702","format":"[Gen 9] VGC 2025 Reg G","players":["salamionset","Kaicyios"],"log":"|j|\u2606salamionset\n|j|\u2606Kaicyios\n|t:|1740172049\n|gametype|doubles\n|player|p1|salamionset|102|1515\n|player|p2|Kaicyios|giovanni|1606\n|teamsize|p1|6\n|teamsize|p2|6\n|gen|9\n|tier|[Gen 9] VGC 2025 Reg G\n|rated|\n|rule|Species Clause: Limit one of each Pok\u00e9mon\n|rule|Item Clause: Limit 1 of each item\n|clearpoke\n|poke|p1|Giratina-Origin, L50|\n|poke|p1|Cresselia, L50, F|\n|poke|p1|Ursaluna, L50, M|\n|poke|p1|Annihilape, L50, F|\n|poke|p1|Incineroar, L50, M|\n|poke|p1|Araquanid, L50, F|\n|poke|p2|Calyrex-Ice, L50|\n|poke|p2|Urshifu-*, L50, M|\n|poke|p2|Landorus, L50, M|\n|poke|p2|Tornadus, L50, M|\n|poke|p2|Raging Bolt, L50|\n|poke|p2|Chien-Pao, L50|\n|teampreview|4\nsalamionset rejected open team sheets.\n|inactive|Battle timer is ON: inactive players will automatically lose when time's up. (requested by Kaicyios)\n|\n|t:|1740172098\n|start\n|switch|p1a: Giratina|Giratina-Origin, L50|100\/100\n|switch|p1b: Annihilape|Annihilape, L50, F|100\/100\n|switch|p2a: Tornadus|Tornadus, L50, M|100\/100\n|switch|p2b: Urshifu|Urshifu-Rapid-Strike, L50, M|100\/100\n|turn|1\n|inactive|Kaicyios has 30 seconds left.\n|\n|t:|1740172129\n|-terastallize|p2b: Urshifu|Ghost\n|move|p2a: Tornadus|Tailwind|p2a: Tornadus\n|-sidestart|p2: Kaicyios|move: Tailwind\n|move|p2b: Urshifu|Tera Blast|p1b: Annihilape|[anim] Tera Blast Ghost\n|-supereffective|p1b: Annihilape\n|-damage|p1b: Annihilape|1\/100\n|move|p1b: Annihilape|Coaching|p1a: Giratina\n|-boost|p1a: Giratina|atk|1\n|-boost|p1a: Giratina|def|1\n|move|p1a: Giratina|Breaking Swipe|p2a: Tornadus|[spread] p2a,p2b\n|-damage|p2a: Tornadus|61\/100\n|-damage|p2b: Urshifu|61\/100\n|-unboost|p2b: Urshifu|atk|1\n|\n|upkeep\n|turn|2\n|\n|t:|1740172148\n|move|p1a: Giratina|Shadow Sneak|p2b: Urshifu\n|-supereffective|p2b: Urshifu\n|-damage|p2b: Urshifu|0 fnt\n|faint|p2b: Urshifu\n|move|p2a: Tornadus|Bleakwind Storm|p1b: Annihilape|[spread] p1a,p1b\n|-supereffective|p1b: Annihilape\n|-damage|p1a: Giratina|78\/100\n|-damage|p1b: Annihilape|0 fnt\n|faint|p1b: Annihilape\n|\n|upkeep\n|\n|t:|1740172172\n|switch|p1b: Araquanid|Araquanid, L50, F|100\/100\n|switch|p2b: Calyrex|Calyrex-Ice, L50|100\/100\n|-ability|p2b: Calyrex|As One\n|-ability|p2b: Calyrex|Unnerve\n|turn|3\n|\n|t:|1740172187\n|move|p1b: Araquanid|Wide Guard|p1b: Araquanid\n|-singleturn|p1b: Araquanid|Wide Guard\n|move|p2a: Tornadus|Bleakwind Storm|p1b: Araquanid|[spread] \n|-activate|p1a: Giratina|move: Wide Guard\n|-activate|p1b: Araquanid|move: Wide Guard\n|move|p2b: Calyrex|Glacial Lance|p1a: Giratina|[spread] \n|-activate|p1a: Giratina|move: Wide Guard\n|-activate|p1b: Araquanid|move: Wide Guard\n|move|p1a: Giratina|Breaking Swipe|p2a: Tornadus|[spread] p2a,p2b\n|-damage|p2a: Tornadus|19\/100\n|-damage|p2b: Calyrex|74\/100\n|-unboost|p2b: Calyrex|atk|1\n|\n|upkeep\n|turn|4\n|\n|t:|1740172209\n|switch|p2b: Chien-Pao|Chien-Pao, L50|100\/100\n|-ability|p2b: Chien-Pao|Sword of Ruin\n|move|p1b: Araquanid|Wide Guard|p1b: Araquanid\n|-singleturn|p1b: Araquanid|Wide Guard\n|move|p2a: Tornadus|Scary Face|p1a: Giratina\n|-unboost|p1a: Giratina|spe|2\n|move|p1a: Giratina|Breaking Swipe|p2b: Chien-Pao|[spread] p2a,p2b\n|-damage|p2a: Tornadus|0 fnt\n|-damage|p2b: Chien-Pao|43\/100\n|-unboost|p2b: Chien-Pao|atk|1\n|faint|p2a: Tornadus\n|\n|-sideend|p2: Kaicyios|move: Tailwind\n|upkeep\n|j| pmg9\n|\n|t:|1740172227\n|switch|p2a: Calyrex|Calyrex-Ice, L50|74\/100\n|-ability|p2a: Calyrex|As One\n|-ability|p2a: Calyrex|Unnerve\n|turn|5\n|\n|t:|1740172240\n|-terastallize|p1a: Giratina|Fire\n|move|p1b: Araquanid|Wide Guard|p1b: Araquanid\n|-singleturn|p1b: Araquanid|Wide Guard\n|move|p2b: Chien-Pao|Ice Spinner|p1a: Giratina\n|-resisted|p1a: Giratina\n|-damage|p1a: Giratina|70\/100\n|move|p2a: Calyrex|Icicle Crash|p1a: Giratina\n|-resisted|p1a: Giratina\n|-damage|p1a: Giratina|44\/100\n|move|p1a: Giratina|Breaking Swipe|p2a: Calyrex|[spread] p2a,p2b\n|-damage|p2a: Calyrex|38\/100\n|-damage|p2b: Chien-Pao|0 fnt\n|-unboost|p2a: Calyrex|atk|1\n|faint|p2b: Chien-Pao\n|\n|upkeep\n|turn|6\n|-message|Kaicyios forfeited.\n|\n|win|salamionset\n|raw|salamionset's rating: 1515 &rarr; <strong>1540<\/strong><br \/>(+25 for winning)\n|raw|Kaicyios's rating: 1606 &rarr; <strong>1581<\/strong><br \/>(-25 for losing)\n|l|\u2606Kaicyios\n|player|p2|\n|l|\u2606salamionset\n|player|p1|\n|l| pmg9\n","uploadtime":1740172435,"views":6,"formatid":"gen9vgc2025regg","rating":1540,"private":0,"password":null}