{"id":"gen9vgc2025regg-2305366461","format":"[Gen 9] VGC 2025 Reg G","players":["ScraggyPatty","Cyan2023"],"log":"|j|\u2606ScraggyPatty\n|j|\u2606Cyan2023\n|t:|1740177291\n|gametype|doubles\n|player|p1|ScraggyPatty|rocketgruntf|1585\n|player|p2|Cyan2023|266|1614\n|teamsize|p1|6\n|teamsize|p2|6\n|gen|9\n|tier|[Gen 9] VGC 2025 Reg G\n|rated|\n|rule|Species Clause: Limit one of each Pok\u00e9mon\n|rule|Item Clause: Limit 1 of each item\n|clearpoke\n|poke|p1|Calyrex-Ice, L50|\n|poke|p1|Amoonguss, L50, F|\n|poke|p1|Farigiraf, L50, M|\n|poke|p1|Ogerpon-Wellspring, L50, F|\n|poke|p1|Iron Hands, L50|\n|poke|p1|Magmar, L50, F|\n|poke|p2|Miraidon, L50|\n|poke|p2|Iron Bundle, L50|\n|poke|p2|Incineroar, L50, M|\n|poke|p2|Urshifu-*, L50, M|\n|poke|p2|Dragonite, L50, M|\n|poke|p2|Kingambit, L50, M|\n|teampreview|4\n|inactive|Battle timer is ON: inactive players will automatically lose when time's up. (requested by Cyan2023)\n|j| Ouisbesttier\n|\n|t:|1740177320\n|start\n|switch|p1a: Farigiraf|Farigiraf, L50, M|100\/100\n|switch|p1b: Amoonguss|Amoonguss, L50, F|100\/100\n|switch|p2a: Incineroar|Incineroar, L50, M|100\/100\n|switch|p2b: Kingambit|Kingambit, L50, M|100\/100\n|-ability|p2a: Incineroar|Intimidate|boost\n|-unboost|p1a: Farigiraf|atk|1\n|-unboost|p1b: Amoonguss|atk|1\n|turn|1\n|j| chuckster\n|\n|t:|1740177344\n|switch|p1a: Iron Hands|Iron Hands, L50|100\/100\n|move|p2a: Incineroar|U-turn|p1a: Iron Hands\n|-resisted|p1a: Iron Hands\n|-damage|p1a: Iron Hands|95\/100\n|\n|t:|1740177350\n|switch|p2a: Miraidon|Miraidon, L50|100\/100|[from] U-turn\n|-fieldstart|move: Electric Terrain|[from] ability: Hadron Engine|[of] p2a: Miraidon\n|-activate|p1a: Iron Hands|ability: Quark Drive\n|-start|p1a: Iron Hands|quarkdriveatk\n|move|p2b: Kingambit|Kowtow Cleave|p1a: Iron Hands\n|-resisted|p1a: Iron Hands\n|-damage|p1a: Iron Hands|81\/100\n|move|p1b: Amoonguss|Spore|p2b: Kingambit\n|-activate|p2b: Kingambit|move: Electric Terrain\n|\n|upkeep\n|turn|2\n|inactive|ScraggyPatty has 30 seconds left.\n|inactive|Cyan2023 has 30 seconds left.\n|inactive|ScraggyPatty has 20 seconds left.\n|inactive|Cyan2023 has 20 seconds left.\n|\n|t:|1740177386\n|switch|p2b: Incineroar|Incineroar, L50, M|100\/100\n|-ability|p2b: Incineroar|Intimidate|boost\n|-unboost|p1a: Iron Hands|atk|1\n|-unboost|p1b: Amoonguss|atk|1\n|-terastallize|p2a: Miraidon|Fairy\n|move|p1b: Amoonguss|Rage Powder|p1b: Amoonguss\n|-singleturn|p1b: Amoonguss|move: Rage Powder\n|move|p2a: Miraidon|Dazzling Gleam|p1a: Iron Hands|[spread] p1a,p1b\n|-supereffective|p1a: Iron Hands\n|-resisted|p1b: Amoonguss\n|-damage|p1a: Iron Hands|12\/100\n|-damage|p1b: Amoonguss|72\/100\n|move|p1a: Iron Hands|Drain Punch|p2b: Incineroar\n|-supereffective|p2b: Incineroar\n|-damage|p2b: Incineroar|47\/100\n|-heal|p1a: Iron Hands|33\/100|[from] drain|[of] p2b: Incineroar\n|\n|upkeep\n|turn|3\n|\n|t:|1740177410\n|-end|p1a: Iron Hands|Quark Drive|[silent]\n|switch|p1a: Farigiraf|Farigiraf, L50, M|100\/100\n|move|p2a: Miraidon|Dazzling Gleam|p1a: Farigiraf|[spread] p1a,p1b\n|-resisted|p1b: Amoonguss\n|-damage|p1a: Farigiraf|50\/100\n|-damage|p1b: Amoonguss|42\/100\n|move|p2b: Incineroar|U-turn|p1b: Amoonguss\n|-damage|p1b: Amoonguss|28\/100\n|-damage|p2b: Incineroar|31\/100|[from] item: Rocky Helmet|[of] p1b: Amoonguss\n|\n|t:|1740177428\n|switch|p2b: Kingambit|Kingambit, L50, M|100\/100|[from] U-turn\n|move|p1b: Amoonguss|Sludge Bomb|p2a: Miraidon\n|-supereffective|p2a: Miraidon\n|-damage|p2a: Miraidon|50\/100\n|\n|upkeep\n|turn|4\n|\n|t:|1740177439\n|switch|p1a: Iron Hands|Iron Hands, L50|33\/100\n|-activate|p1a: Iron Hands|ability: Quark Drive\n|-start|p1a: Iron Hands|quarkdriveatk\n|move|p1b: Amoonguss|Protect|p1b: Amoonguss\n|-singleturn|p1b: Amoonguss|Protect\n|move|p2a: Miraidon|Dazzling Gleam|p1b: Amoonguss|[spread] p1a\n|-activate|p1b: Amoonguss|move: Protect\n|-supereffective|p1a: Iron Hands\n|-damage|p1a: Iron Hands|0 fnt\n|faint|p1a: Iron Hands\n|-end|p1a: Iron Hands|Quark Drive|[silent]\n|move|p2b: Kingambit|Kowtow Cleave|p1b: Amoonguss\n|-activate|p1b: Amoonguss|move: Protect\n|\n|upkeep\n|\n|t:|1740177450\n|switch|p1a: Calyrex|Calyrex-Ice, L50|100\/100\n|-ability|p1a: Calyrex|As One\n|-ability|p1a: Calyrex|Unnerve\n|turn|5\n|\n|t:|1740177459\n|switch|p1b: Farigiraf|Farigiraf, L50, M|50\/100\n|-terastallize|p1a: Calyrex|Fire\n|move|p2a: Miraidon|Dazzling Gleam|p1a: Calyrex|[spread] p1a,p1b\n|-resisted|p1a: Calyrex\n|-damage|p1a: Calyrex|81\/100\n|-damage|p1b: Farigiraf|0 fnt\n|faint|p1b: Farigiraf\n|move|p2b: Kingambit|Kowtow Cleave|p1a: Calyrex\n|-damage|p1a: Calyrex|48\/100\n|move|p1a: Calyrex|High Horsepower|p2b: Kingambit\n|-supereffective|p2b: Kingambit\n|-damage|p2b: Kingambit|36\/100\n|\n|-fieldend|move: Electric Terrain\n|upkeep\n|\n|t:|1740177465\n|switch|p1b: Amoonguss|Amoonguss, L50, F|61\/100\n|turn|6\n|\n|t:|1740177487\n|switch|p2a: Incineroar|Incineroar, L50, M|31\/100\n|-ability|p2a: Incineroar|Intimidate|boost\n|-fail|p1a: Calyrex|unboost|[from] item: Clear Amulet|[of] p1a: Calyrex\n|-unboost|p1b: Amoonguss|atk|1\n|move|p1b: Amoonguss|Rage Powder|p1b: Amoonguss\n|-singleturn|p1b: Amoonguss|move: Rage Powder\n|move|p2b: Kingambit|Kowtow Cleave|p1b: Amoonguss\n|-damage|p1b: Amoonguss|21\/100\n|-damage|p2b: Kingambit|19\/100|[from] item: Rocky Helmet|[of] p1b: Amoonguss\n|move|p1a: Calyrex|Trick Room|p1a: Calyrex\n|-fieldstart|move: Trick Room|[of] p1a: Calyrex\n|\n|upkeep\n|turn|7\n|\n|t:|1740177507\n|move|p2a: Incineroar|Fake Out|p1a: Calyrex\n|-damage|p1a: Calyrex|41\/100\n|move|p1b: Amoonguss|Spore|p2b: Kingambit\n|-status|p2b: Kingambit|slp|[from] move: Spore\n|cant|p1a: Calyrex|flinch\n|cant|p2b: Kingambit|slp\n|\n|upkeep\n|turn|8\n|\n|t:|1740177528\n|switch|p2b: Miraidon|Miraidon, L50, tera:Fairy|50\/100\n|-fieldstart|move: Electric Terrain|[from] ability: Hadron Engine|[of] p2b: Miraidon\n|move|p1b: Amoonguss|Sludge Bomb|p2a: Incineroar\n|-damage|p2a: Incineroar|2\/100\n|move|p1a: Calyrex|Glacial Lance|p2b: Miraidon|[spread] p2a,p2b\n|-resisted|p2a: Incineroar\n|-damage|p2a: Incineroar|0 fnt\n|-damage|p2b: Miraidon|0 fnt\n|faint|p2a: Incineroar\n|faint|p2b: Miraidon\n|-ability|p1a: Calyrex|Chilling Neigh|boost\n|-boost|p1a: Calyrex|atk|2\n|\n|upkeep\n|\n|t:|1740177538\n|switch|p2a: Kingambit|Kingambit, L50, M|19\/100 slp\n|switch|p2b: Iron Bundle|Iron Bundle, L50|100\/100\n|-activate|p2b: Iron Bundle|ability: Quark Drive\n|-start|p2b: Iron Bundle|quarkdrivespe\n|turn|9\n|\n|t:|1740177554\n|move|p1b: Amoonguss|Protect|p1b: Amoonguss\n|-singleturn|p1b: Amoonguss|Protect\n|move|p2b: Iron Bundle|Protect|p2b: Iron Bundle\n|-singleturn|p2b: Iron Bundle|Protect\n|cant|p2a: Kingambit|slp\n|move|p1a: Calyrex|Glacial Lance|p2a: Kingambit|[spread] p2a\n|-activate|p2b: Iron Bundle|move: Protect\n|-resisted|p2a: Kingambit\n|-damage|p2a: Kingambit|0 fnt\n|faint|p2a: Kingambit\n|-ability|p1a: Calyrex|Chilling Neigh|boost\n|-boost|p1a: Calyrex|atk|1\n|\n|upkeep\n|turn|10\n|\n|t:|1740177568\n|move|p2b: Iron Bundle|Protect||[still]\n|-fail|p2b: Iron Bundle\n|move|p1b: Amoonguss|Rage Powder|p1b: Amoonguss\n|-singleturn|p1b: Amoonguss|move: Rage Powder\n|move|p1a: Calyrex|High Horsepower|p2b: Iron Bundle\n|-enditem|p2b: Iron Bundle|Focus Sash\n|-damage|p2b: Iron Bundle|1\/100\n|\n|-fieldend|move: Trick Room\n|upkeep\n|turn|11\n|-message|Cyan2023 forfeited.\n|\n|win|ScraggyPatty\n|raw|ScraggyPatty's rating: 1585 &rarr; <strong>1607<\/strong><br \/>(+22 for winning)\n|raw|Cyan2023's rating: 1614 &rarr; <strong>1592<\/strong><br \/>(-22 for losing)\n|l|\u2606Cyan2023\n|player|p2|\n|l| chuckster\n|l| Ouisbesttier\n|l|\u2606ScraggyPatty\n|player|p1|\n","uploadtime":1740177833,"views":5,"formatid":"gen9vgc2025regg","rating":1592,"private":0,"password":null}