{"id":"gen9vgc2025regg-2305711314","format":"[Gen 9] VGC 2025 Reg G","players":["Roshavola","Imicrowavecookies"],"log":"|j|\u2606Roshavola\n|j|\u2606Imicrowavecookies\n|t:|1740235435\n|gametype|doubles\n|player|p1|Roshavola|scientistf|1608\n|player|p2|Imicrowavecookies|lucas|1632\n|teamsize|p1|6\n|teamsize|p2|6\n|gen|9\n|tier|[Gen 9] VGC 2025 Reg G\n|rated|\n|rule|Species Clause: Limit one of each Pok\u00e9mon\n|rule|Item Clause: Limit 1 of each item\n|clearpoke\n|poke|p1|Groudon, L50|\n|poke|p1|Rotom-Heat, L50|\n|poke|p1|Flutter Mane, L50|\n|poke|p1|Incineroar, L50, M|\n|poke|p1|Rillaboom, L50, F|\n|poke|p1|Walking Wake, L50|\n|poke|p2|Urshifu-*, L50, F|\n|poke|p2|Iron Moth, L50|\n|poke|p2|Zacian-*, L50|\n|poke|p2|Rillaboom, L50, F|\n|poke|p2|Ogerpon-Cornerstone, L50, F|\n|poke|p2|Farigiraf, L50, M|\n|teampreview|4\n|inactive|Battle timer is ON: inactive players will automatically lose when time's up. (requested by Imicrowavecookies)\n|inactive|Imicrowavecookies has 60 seconds left.\n|\n|t:|1740235469\n|start\n|switch|p1a: Quake|Groudon, L50|100\/100\n|switch|p1b: Boomer|Flutter Mane, L50|100\/100\n|switch|p2a: Urshifu|Urshifu, L50, F|100\/100\n|switch|p2b: Ogerpon|Ogerpon-Cornerstone, L50, F|100\/100\n|-weather|SunnyDay|[from] ability: Drought|[of] p1a: Quake\n|-activate|p1b: Boomer|ability: Protosynthesis\n|-start|p1b: Boomer|protosynthesisspe\n|turn|1\n|j| clutch step\n|inactive|Roshavola has 30 seconds left.\n|\n|t:|1740235496\n|switch|p2a: Rillaboom|Rillaboom, L50, F|100\/100\n|-fieldstart|move: Grassy Terrain|[from] ability: Grassy Surge|[of] p2a: Rillaboom\n|move|p2b: Ogerpon|Spiky Shield|p2b: Ogerpon\n|-singleturn|p2b: Ogerpon|move: Protect\n|move|p1b: Boomer|Dazzling Gleam|p2b: Ogerpon|[spread] p2a\n|-activate|p2b: Ogerpon|move: Protect\n|-damage|p2a: Rillaboom|68\/100\n|move|p1a: Quake|Precipice Blades|p2a: Rillaboom|[spread] p2a\n|-activate|p2b: Ogerpon|move: Protect\n|-resisted|p2a: Rillaboom\n|-crit|p2a: Rillaboom\n|-damage|p2a: Rillaboom|30\/100\n|\n|-weather|SunnyDay|[upkeep]\n|-heal|p2a: Rillaboom|36\/100|[from] Grassy Terrain\n|upkeep\n|turn|2\n|\n|t:|1740235519\n|-end|p1b: Boomer|Protosynthesis|[silent]\n|switch|p1b: Incineroar|Incineroar, L50, M|100\/100\n|-ability|p1b: Incineroar|Intimidate|boost\n|-unboost|p2a: Rillaboom|atk|1\n|-unboost|p2b: Ogerpon|atk|1\n|move|p1a: Quake|Protect|p1a: Quake\n|-singleturn|p1a: Quake|Protect\n|move|p2a: Rillaboom|Fake Out|p1a: Quake\n|-activate|p1a: Quake|move: Protect\n|move|p2b: Ogerpon|Horn Leech|p1b: Incineroar\n|-resisted|p1b: Incineroar\n|-damage|p1b: Incineroar|85\/100\n|\n|-weather|SunnyDay|[upkeep]\n|-heal|p2a: Rillaboom|41\/100|[from] Grassy Terrain\n|-heal|p1b: Incineroar|91\/100|[from] Grassy Terrain\n|upkeep\n|turn|3\n|\n|t:|1740235536\n|-terastallize|p1a: Quake|Fire\n|move|p2b: Ogerpon|Spiky Shield|p2b: Ogerpon\n|-singleturn|p2b: Ogerpon|move: Protect\n|move|p1b: Incineroar|Fake Out|p2b: Ogerpon\n|-activate|p2b: Ogerpon|move: Protect\n|-damage|p1b: Incineroar|78\/100|[from] Spiky Shield|[of] p2b: Ogerpon\n|move|p1a: Quake|Heat Crash|p2a: Rillaboom\n|-supereffective|p2a: Rillaboom\n|-damage|p2a: Rillaboom|0 fnt\n|faint|p2a: Rillaboom\n|\n|-weather|SunnyDay|[upkeep]\n|-heal|p1b: Incineroar|84\/100|[from] Grassy Terrain\n|upkeep\n|\n|t:|1740235545\n|switch|p2a: Urshifu|Urshifu, L50, F|100\/100\n|turn|4\n|\n|t:|1740235566\n|switch|p1b: Walking Wake|Walking Wake, L50|100\/100\n|-activate|p1b: Walking Wake|ability: Protosynthesis\n|-start|p1b: Walking Wake|protosynthesisspa\n|move|p1a: Quake|Protect|p1a: Quake\n|-singleturn|p1a: Quake|Protect\n|move|p2a: Urshifu|Wicked Blow|p1a: Quake\n|-crit|p1a: Quake\n|-damage|p1a: Quake|58\/100\n|move|p2b: Ogerpon|Ivy Cudgel|p1a: Quake|[anim] Ivy Cudgel Rock\n|-activate|p1a: Quake|move: Protect\n|\n|-weather|SunnyDay|[upkeep]\n|-heal|p1a: Quake|64\/100|[from] Grassy Terrain\n|upkeep\n|turn|5\n|inactive|Roshavola has 30 seconds left.\n|\n|t:|1740235592\n|switch|p1a: Incineroar|Incineroar, L50, M|84\/100\n|-ability|p1a: Incineroar|Intimidate|boost\n|-unboost|p2a: Urshifu|atk|1\n|-unboost|p2b: Ogerpon|atk|1\n|-terastallize|p2a: Urshifu|Dark\n|move|p1b: Walking Wake|Hydro Steam|p2a: Urshifu\n|-enditem|p2a: Urshifu|Focus Sash\n|-damage|p2a: Urshifu|1\/100\n|move|p2a: Urshifu|Wicked Blow|p1b: Walking Wake\n|-crit|p1b: Walking Wake\n|-damage|p1b: Walking Wake|12\/100\n|move|p2b: Ogerpon|Ivy Cudgel|p1a: Incineroar|[anim] Ivy Cudgel Rock\n|-supereffective|p1a: Incineroar\n|-crit|p1a: Incineroar\n|-damage|p1a: Incineroar|0 fnt\n|faint|p1a: Incineroar\n|\n|-weather|none\n|-end|p1b: Walking Wake|Protosynthesis\n|-heal|p1b: Walking Wake|18\/100|[from] Grassy Terrain\n|-heal|p2a: Urshifu|7\/100|[from] Grassy Terrain\n|-fieldend|move: Grassy Terrain\n|upkeep\n|\n|t:|1740235607\n|switch|p1a: Boomer|Flutter Mane, L50|100\/100\n|turn|6\n|\n|t:|1740235621\n|move|p1b: Walking Wake|Protect|p1b: Walking Wake\n|-singleturn|p1b: Walking Wake|Protect\n|move|p2a: Urshifu|Sucker Punch||[still]\n|-fail|p2a: Urshifu\n|move|p1a: Boomer|Dazzling Gleam|p2b: Ogerpon|[spread] p2a,p2b\n|-supereffective|p2a: Urshifu\n|-damage|p2a: Urshifu|0 fnt\n|-damage|p2b: Ogerpon|57\/100\n|faint|p2a: Urshifu\n|move|p2b: Ogerpon|Ivy Cudgel|p1a: Boomer|[anim] Ivy Cudgel Rock\n|-damage|p1a: Boomer|49\/100\n|\n|upkeep\n|\n|t:|1740235623\n|switch|p2a: Farigiraf|Farigiraf, L50, M|100\/100\n|turn|7\n|inactive|Roshavola has 30 seconds left.\n|\n|t:|1740235655\n|move|p2b: Ogerpon|Spiky Shield|p2b: Ogerpon\n|-singleturn|p2b: Ogerpon|move: Protect\n|move|p1a: Boomer|Dazzling Gleam|p2b: Ogerpon|[spread] p2a\n|-activate|p2b: Ogerpon|move: Protect\n|-damage|p2a: Farigiraf|59\/100\n|move|p1b: Walking Wake|Hydro Steam|p2a: Farigiraf\n|-damage|p2a: Farigiraf|19\/100\n|move|p2a: Farigiraf|Trick Room|p2a: Farigiraf\n|-fieldstart|move: Trick Room|[of] p2a: Farigiraf\n|\n|upkeep\n|turn|8\n|\n|t:|1740235669\n|move|p1b: Walking Wake|Protect|p1b: Walking Wake\n|-singleturn|p1b: Walking Wake|Protect\n|move|p2a: Farigiraf|Hyper Voice|p1b: Walking Wake|[spread] \n|-activate|p1b: Walking Wake|move: Protect\n|-immune|p1a: Boomer\n|move|p2b: Ogerpon|Ivy Cudgel|p1a: Boomer|[anim] Ivy Cudgel Rock\n|-damage|p1a: Boomer|0 fnt\n|faint|p1a: Boomer\n|-end|p1a: Boomer|Protosynthesis|[silent]\n|\n|upkeep\n|j| hideonbusu\n|l| hideonbusu\n|\n|t:|1740235677\n|switch|p1a: Quake|Groudon, L50, tera:Fire|64\/100\n|-weather|SunnyDay|[from] ability: Drought|[of] p1a: Quake\n|-activate|p1b: Walking Wake|ability: Protosynthesis\n|-start|p1b: Walking Wake|protosynthesisspa\n|turn|9\n|\n|t:|1740235695\n|move|p2a: Farigiraf|Hyper Voice|p1a: Quake|[spread] p1a,p1b\n|-damage|p1a: Quake|36\/100\n|-damage|p1b: Walking Wake|0 fnt\n|faint|p1b: Walking Wake\n|-end|p1b: Walking Wake|Protosynthesis|[silent]\n|-enditem|p2a: Farigiraf|Throat Spray\n|-boost|p2a: Farigiraf|spa|1|[from] item: Throat Spray\n|move|p1a: Quake|Precipice Blades|p2b: Ogerpon|[spread] p2a,p2b\n|-damage|p2a: Farigiraf|0 fnt\n|-damage|p2b: Ogerpon|4\/100\n|faint|p2a: Farigiraf\n|move|p2b: Ogerpon|Ivy Cudgel|p1a: Quake|[anim] Ivy Cudgel Rock\n|-supereffective|p1a: Quake\n|-damage|p1a: Quake|0 fnt\n|faint|p1a: Quake\n|\n|win|Imicrowavecookies\n|raw|Roshavola's rating: 1608 &rarr; <strong>1589<\/strong><br \/>(-19 for losing)\n|raw|Imicrowavecookies's rating: 1632 &rarr; <strong>1651<\/strong><br \/>(+19 for winning)\n|l|\u2606Imicrowavecookies\n|player|p2|\n|l|\u2606Roshavola\n|player|p1|\n|l| clutch step\n","uploadtime":1740235876,"views":3,"formatid":"gen9vgc2025regg","rating":1589,"private":0,"password":null}