{"id":"gen9vgc2025regg-2305143315","format":"[Gen 9] VGC 2025 Reg G","players":["fuwamoko","MarceloCe13"],"log":"|j|\u2606fuwamoko\n|j|\u2606MarceloCe13\n|t:|1740153337\n|gametype|doubles\n|player|p1|fuwamoko|266|1583\n|player|p2|MarceloCe13|170|1588\n|teamsize|p1|6\n|teamsize|p2|6\n|gen|9\n|tier|[Gen 9] VGC 2025 Reg G\n|rated|\n|rule|Species Clause: Limit one of each Pok\u00e9mon\n|rule|Item Clause: Limit 1 of each item\n|clearpoke\n|poke|p1|Porygon2, L50|\n|poke|p1|Calyrex-Ice, L50|\n|poke|p1|Torkoal, L50, F|\n|poke|p1|Flutter Mane, L50|\n|poke|p1|Ogerpon-Hearthflame, L50, F|\n|poke|p1|Urshifu-*, L50, M|\n|poke|p2|Weezing-Galar, L50, F|\n|poke|p2|Dondozo, L50, M|\n|poke|p2|Calyrex-Shadow, L50|\n|poke|p2|Tatsugiri-Droopy, L50, M|\n|poke|p2|Indeedee-F, L50, F|\n|poke|p2|Urshifu-*, L50, M|\n|teampreview|4\n|inactive|Battle timer is ON: inactive players will automatically lose when time's up. (requested by MarceloCe13)\n|inactive|fuwamoko has 60 seconds left.\n|\n|t:|1740153391\n|start\n|switch|p1a: Porygon2|Porygon2, L50|100\/100\n|switch|p1b: Flutter Mane|Flutter Mane, L50|100\/100\n|switch|p2a: Calyrex|Calyrex-Shadow, L50|100\/100\n|switch|p2b: Weezing|Weezing-Galar, L50, F|100\/100\n|-ability|p2b: Weezing|Neutralizing Gas\n|-ability|p2a: Calyrex|As One\n|-ability|p2a: Calyrex|Unnerve\n|turn|1\n|inactive|fuwamoko has 30 seconds left.\n|inactive|MarceloCe13 has 30 seconds left.\n|inactive|fuwamoko has 20 seconds left.\n|inactive|fuwamoko has 15 seconds left.\n|\n|t:|1740153435\n|-terastallize|p2a: Calyrex|Fighting\n|-terastallize|p1b: Flutter Mane|Fairy\n|move|p2a: Calyrex|Tera Blast|p1a: Porygon2|[anim] Tera Blast Fighting\n|-supereffective|p1a: Porygon2\n|-damage|p1a: Porygon2|19\/100\n|-damage|p2a: Calyrex|91\/100|[from] item: Life Orb\n|move|p1b: Flutter Mane|Shadow Ball|p2a: Calyrex\n|-damage|p2a: Calyrex|29\/100\n|move|p2b: Weezing|Toxic Spikes|p1b: Flutter Mane\n|-sidestart|p1: fuwamoko|move: Toxic Spikes\n|move|p1a: Porygon2|Discharge|p2a: Calyrex|[spread] p1b,p2a,p2b\n|-damage|p1b: Flutter Mane|85\/100\n|-damage|p2a: Calyrex|14\/100\n|-damage|p2b: Weezing|86\/100\n|\n|upkeep\n|turn|2\n|inactive|fuwamoko has 30 seconds left.\n|inactive|MarceloCe13 has 30 seconds left.\n|\n|t:|1740153467\n|switch|p2a: Tatsugiri|Tatsugiri-Droopy, L50, M|100\/100\n|-end|p2b: Weezing|ability: Neutralizing Gas\n|switch|p2b: Dondozo|Dondozo, L50, M|100\/100\n|-ability|p1a: Porygon2|Unaware|[from] ability: Trace|[of] p2b: Dondozo\n|-activate|p2a: Tatsugiri|ability: Commander|[of] p2b: Dondozo\n|-boost|p2b: Dondozo|atk|2\n|-boost|p2b: Dondozo|spa|2\n|-boost|p2b: Dondozo|spe|2\n|-boost|p2b: Dondozo|def|2\n|-boost|p2b: Dondozo|spd|2\n|move|p1b: Flutter Mane|Shadow Ball|p2a: Tatsugiri|[miss]\n|-miss|p1b: Flutter Mane|p2a: Tatsugiri\n|move|p1a: Porygon2|Recover|p1a: Porygon2\n|-heal|p1a: Porygon2|69\/100\n|\n|upkeep\n|turn|3\n|inactive|MarceloCe13 has 30 seconds left.\n|\n|t:|1740153495\n|move|p1b: Flutter Mane|Shadow Ball|p2b: Dondozo\n|-damage|p2b: Dondozo|72\/100\n|move|p2b: Dondozo|Order Up|p1a: Porygon2\n|-damage|p1a: Porygon2|59\/100\n|-boost|p2b: Dondozo|def|1\n|move|p1a: Porygon2|Recover|p1a: Porygon2\n|-heal|p1a: Porygon2|100\/100\n|\n|-heal|p2b: Dondozo|78\/100|[from] item: Leftovers\n|upkeep\n|turn|4\n|inactive|fuwamoko has 30 seconds left.\n|inactive|MarceloCe13 has 30 seconds left.\n|inactive|MarceloCe13 has 20 seconds left.\n|inactive|MarceloCe13 has 15 seconds left.\n|\n|t:|1740153538\n|move|p1b: Flutter Mane|Shadow Ball|p2b: Dondozo\n|-damage|p2b: Dondozo|47\/100\n|move|p2b: Dondozo|Earthquake|p1a: Porygon2|[spread] p1a,p1b\n|-miss|p2b: Dondozo|p2a: Tatsugiri\n|-damage|p1a: Porygon2|92\/100\n|-damage|p1b: Flutter Mane|7\/100\n|move|p1a: Porygon2|Foul Play|p2b: Dondozo\n|-damage|p2b: Dondozo|35\/100\n|\n|-heal|p2b: Dondozo|41\/100|[from] item: Leftovers\n|upkeep\n|turn|5\n|\n|t:|1740153557\n|switch|p1a: Urshifu|Urshifu, L50, M|100\/100\n|-status|p1a: Urshifu|psn\n|move|p2b: Dondozo|Protect|p2b: Dondozo\n|-singleturn|p2b: Dondozo|Protect\n|move|p1b: Flutter Mane|Shadow Ball|p2b: Dondozo\n|-activate|p2b: Dondozo|move: Protect\n|\n|-heal|p2b: Dondozo|47\/100|[from] item: Leftovers\n|-damage|p1a: Urshifu|88\/100 psn|[from] psn\n|upkeep\n|turn|6\n|inactive|fuwamoko has 30 seconds left.\n|\n|t:|1740153590\n|move|p1b: Flutter Mane|Shadow Ball|p2b: Dondozo\n|-damage|p2b: Dondozo|19\/100\n|move|p2b: Dondozo|Body Press|p1a: Urshifu\n|-supereffective|p1a: Urshifu\n|-crit|p1a: Urshifu\n|-damage|p1a: Urshifu|0 fnt\n|faint|p1a: Urshifu\n|\n|-heal|p2b: Dondozo|25\/100|[from] item: Leftovers\n|upkeep\n|\n|t:|1740153610\n|switch|p1a: Ogerpon|Ogerpon-Hearthflame, L50, F|100\/100\n|-status|p1a: Ogerpon|psn\n|-ability|p1a: Ogerpon|Mold Breaker\n|turn|7\n|-message|fuwamoko forfeited.\n|\n|win|MarceloCe13\n|raw|fuwamoko's rating: 1583 &rarr; <strong>1563<\/strong><br \/>(-20 for losing)\n|raw|MarceloCe13's rating: 1588 &rarr; <strong>1608<\/strong><br \/>(+20 for winning)\n|l|\u2606fuwamoko\n|player|p1|\n|l|\u2606MarceloCe13\n|player|p2|\n","uploadtime":1740153770,"views":5,"formatid":"gen9vgc2025regg","rating":1563,"private":0,"password":null}