{"id":"gen9vgc2025regg-2305522229","format":"[Gen 9] VGC 2025 Reg G","players":["kokpoke","tachitsuteto12345"],"log":"|j|\u2606kokpoke\n|j|\u2606tachitsuteto12345\n|t:|1740198860\n|gametype|doubles\n|player|p1|kokpoke|101|1674\n|player|p2|tachitsuteto12345|170|1696\n|teamsize|p1|6\n|teamsize|p2|6\n|gen|9\n|tier|[Gen 9] VGC 2025 Reg G\n|rated|\n|rule|Species Clause: Limit one of each Pok\u00e9mon\n|rule|Item Clause: Limit 1 of each item\n|clearpoke\n|poke|p1|Chien-Pao, L50|\n|poke|p1|Zamazenta-*, L50|\n|poke|p1|Flutter Mane, L50|\n|poke|p1|Landorus, L50, M|\n|poke|p1|Amoonguss, L50, F|\n|poke|p1|Ogerpon-Cornerstone, L50, F|\n|poke|p2|Terapagos, L50, M|\n|poke|p2|Volcarona, L50, F|\n|poke|p2|Rillaboom, L50, F|\n|poke|p2|Grimmsnarl, L50, M|\n|poke|p2|Urshifu-*, L50, F|\n|poke|p2|Flutter Mane, L50|\n|teampreview|4\n|j| caZISA\n|\n|t:|1740198973\n|start\n|switch|p1a: Flutter Mane|Flutter Mane, L50|100\/100\n|switch|p1b: Zamazenta|Zamazenta-Crowned, L50|100\/100\n|switch|p2a: Terapagos|Terapagos, L50, M|100\/100\n|switch|p2b: Grimmsnarl|Grimmsnarl, L50, M|100\/100\n|-activate|p2a: Terapagos|ability: Tera Shift\n|detailschange|p2a: Terapagos|Terapagos-Terastal, L50, M\n|-heal|p2a: Terapagos|100\/100|[silent]\n|-ability|p1b: Zamazenta|Dauntless Shield|boost\n|-boost|p1b: Zamazenta|def|1\n|-enditem|p1a: Flutter Mane|Booster Energy\n|-activate|p1a: Flutter Mane|ability: Protosynthesis|[fromitem]\n|-start|p1a: Flutter Mane|protosynthesisspe\n|turn|1\n|\n|t:|1740198996\n|move|p1b: Zamazenta|Protect|p1b: Zamazenta\n|-singleturn|p1b: Zamazenta|Protect\n|move|p2b: Grimmsnarl|Fake Out|p1b: Zamazenta\n|-activate|p1b: Zamazenta|move: Protect\n|move|p1a: Flutter Mane|Taunt|p2b: Grimmsnarl\n|-start|p2b: Grimmsnarl|move: Taunt\n|move|p2a: Terapagos|Earth Power|p1b: Zamazenta\n|-activate|p1b: Zamazenta|move: Protect\n|\n|upkeep\n|turn|2\n|\n|t:|1740199023\n|switch|p2a: Flutter Mane|Flutter Mane, L50|100\/100\n|-enditem|p2a: Flutter Mane|Booster Energy\n|-activate|p2a: Flutter Mane|ability: Protosynthesis|[fromitem]\n|-start|p2a: Flutter Mane|protosynthesisspe\n|switch|p2b: Volcarona|Volcarona, L50, F|100\/100\n|move|p1a: Flutter Mane|Icy Wind|p2a: Flutter Mane|[spread] p2a,p2b\n|-resisted|p2b: Volcarona\n|-damage|p2a: Flutter Mane|89\/100\n|-damage|p2b: Volcarona|94\/100\n|-unboost|p2a: Flutter Mane|spe|1\n|-unboost|p2b: Volcarona|spe|1\n|move|p1b: Zamazenta|Heavy Slam|p2b: Volcarona\n|-resisted|p2b: Volcarona\n|-damage|p2b: Volcarona|73\/100\n|-damage|p1b: Zamazenta|84\/100|[from] item: Rocky Helmet|[of] p2b: Volcarona\n|\n|upkeep\n|turn|3\n|\n|t:|1740199054\n|move|p1b: Zamazenta|Protect|p1b: Zamazenta\n|-singleturn|p1b: Zamazenta|Protect\n|move|p1a: Flutter Mane|Taunt|p2b: Volcarona\n|-start|p2b: Volcarona|move: Taunt\n|move|p2a: Flutter Mane|Icy Wind|p1a: Flutter Mane|[spread] \n|-activate|p1b: Zamazenta|move: Protect\n|-miss|p2a: Flutter Mane|p1a: Flutter Mane\n|move|p2b: Volcarona|Flamethrower|p1b: Zamazenta\n|-activate|p1b: Zamazenta|move: Protect\n|\n|upkeep\n|turn|4\n|\n|t:|1740199078\n|-terastallize|p1b: Zamazenta|Dragon\n|move|p1a: Flutter Mane|Icy Wind|p2b: Volcarona|[spread] p2a,p2b\n|-resisted|p2b: Volcarona\n|-damage|p2a: Flutter Mane|79\/100\n|-damage|p2b: Volcarona|68\/100\n|-unboost|p2a: Flutter Mane|spe|1\n|-unboost|p2b: Volcarona|spe|1\n|move|p1b: Zamazenta|Heavy Slam|p2a: Flutter Mane\n|-supereffective|p2a: Flutter Mane\n|-damage|p2a: Flutter Mane|0 fnt\n|faint|p2a: Flutter Mane\n|-end|p2a: Flutter Mane|Protosynthesis|[silent]\n|move|p2b: Volcarona|Flamethrower|p1a: Flutter Mane\n|-damage|p1a: Flutter Mane|68\/100\n|\n|upkeep\n|\n|t:|1740199096\n|switch|p2a: Grimmsnarl|Grimmsnarl, L50, M|100\/100\n|turn|5\n|\n|t:|1740199140\n|move|p2a: Grimmsnarl|Thunder Wave|p1a: Flutter Mane|[miss]\n|-miss|p2a: Grimmsnarl|p1a: Flutter Mane\n|move|p1a: Flutter Mane|Moonblast|p2b: Volcarona\n|-resisted|p2b: Volcarona\n|-damage|p2b: Volcarona|49\/100\n|-unboost|p2b: Volcarona|spa|1\n|move|p1b: Zamazenta|Heavy Slam|p2a: Grimmsnarl\n|-supereffective|p2a: Grimmsnarl\n|-damage|p2a: Grimmsnarl|0 fnt\n|faint|p2a: Grimmsnarl\n|move|p2b: Volcarona|Flamethrower|p1a: Flutter Mane\n|-damage|p1a: Flutter Mane|43\/100\n|-status|p1a: Flutter Mane|brn\n|\n|-damage|p1a: Flutter Mane|37\/100 brn|[from] brn\n|-end|p2b: Volcarona|move: Taunt\n|upkeep\n|-message|tachitsuteto12345 forfeited.\n|\n|win|kokpoke\n|raw|kokpoke's rating: 1674 &rarr; <strong>1695<\/strong><br \/>(+21 for winning)\n|raw|tachitsuteto12345's rating: 1696 &rarr; <strong>1675<\/strong><br \/>(-21 for losing)\n|l|\u2606tachitsuteto12345\n|player|p2|\n|l| caZISA\n","uploadtime":1740199334,"views":13,"formatid":"gen9vgc2025regg","rating":1675,"private":0,"password":null}