{"id":"gen9vgc2025regg-2305502674","format":"[Gen 9] VGC 2025 Reg G","players":["Vgcsworstplayer","leoscerni"],"log":"|j|\u2606Vgcsworstplayer\n|j|\u2606leoscerni\n|t:|1740195750\n|gametype|doubles\n|player|p1|Vgcsworstplayer|benga|1562\n|player|p2|leoscerni|169|1601\n|teamsize|p1|6\n|teamsize|p2|6\n|gen|9\n|tier|[Gen 9] VGC 2025 Reg G\n|rated|\n|rule|Species Clause: Limit one of each Pok\u00e9mon\n|rule|Item Clause: Limit 1 of each item\n|clearpoke\n|poke|p1|Kyogre, L50|\n|poke|p1|Raichu, L50, M|\n|poke|p1|Tornadus, L50, M|\n|poke|p1|Farigiraf, L50, F|\n|poke|p1|Sneasler, L50, F|\n|poke|p1|Tinkaton, L50, F|\n|poke|p2|Calyrex-Shadow, L50|\n|poke|p2|Indeedee-F, L50, F|\n|poke|p2|Urshifu-*, L50, M|\n|poke|p2|Weezing-Galar, L50, M|\n|poke|p2|Dondozo, L50, F|\n|poke|p2|Tatsugiri-Droopy, L50, M|\n|teampreview|4\n|inactive|Battle timer is ON: inactive players will automatically lose when time's up. (requested by Vgcsworstplayer)\n|inactive|Vgcsworstplayer has 60 seconds left.\n|inactive|leoscerni has 60 seconds left.\n|\n|t:|1740195785\n|start\n|switch|p1a: Sneasler|Sneasler, L50, F|100\/100\n|switch|p1b: Tinkaton|Tinkaton, L50, F, shiny|100\/100\n|switch|p2a: Calyrex|Calyrex-Shadow, L50|100\/100\n|switch|p2b: Weezing|Weezing-Galar, L50, M|100\/100\n|-ability|p2b: Weezing|Neutralizing Gas\n|-ability|p2a: Calyrex|As One\n|-ability|p2a: Calyrex|Unnerve\n|turn|1\n|\n|t:|1740195809\n|-terastallize|p1a: Sneasler|Dark\n|move|p2a: Calyrex|Protect|p2a: Calyrex\n|-singleturn|p2a: Calyrex|Protect\n|move|p1a: Sneasler|Throat Chop|p2a: Calyrex\n|-activate|p2a: Calyrex|move: Protect\n|move|p1b: Tinkaton|Gigaton Hammer|p2a: Calyrex\n|-activate|p2a: Calyrex|move: Protect\n|move|p2b: Weezing|Toxic Spikes|p1a: Sneasler\n|-sidestart|p1: Vgcsworstplayer|move: Toxic Spikes\n|\n|upkeep\n|turn|2\n|inactive|leoscerni has 30 seconds left.\n|inactive|leoscerni has 20 seconds left.\n|\n|t:|1740195849\n|-end|p2b: Weezing|ability: Neutralizing Gas\n|-ability|p1b: Tinkaton|Mold Breaker\n|switch|p2b: Indeedee|Indeedee-F, L50, F|100\/100\n|-fieldstart|move: Psychic Terrain|[from] ability: Psychic Surge|[of] p2b: Indeedee\n|-terastallize|p2a: Calyrex|Fairy\n|move|p2a: Calyrex|Draining Kiss|p1a: Sneasler\n|-supereffective|p1a: Sneasler\n|-damage|p1a: Sneasler|0 fnt\n|faint|p1a: Sneasler\n|-ability|p2a: Calyrex|Grim Neigh|boost\n|-boost|p2a: Calyrex|spa|1\n|-damage|p2a: Calyrex|91\/100|[from] item: Life Orb\n|move|p1b: Tinkaton|Knock Off|p2a: Calyrex\n|-resisted|p2a: Calyrex\n|-damage|p2a: Calyrex|80\/100\n|-enditem|p2a: Calyrex|Life Orb|[from] move: Knock Off|[of] p1b: Tinkaton\n|\n|upkeep\n|\n|t:|1740195863\n|switch|p1a: Tornadus|Tornadus, L50, M|100\/100\n|turn|3\n|inactive|leoscerni has 30 seconds left.\n|inactive|leoscerni has 20 seconds left.\n|\n|t:|1740195902\n|move|p2b: Indeedee|Follow Me|p2b: Indeedee\n|-singleturn|p2b: Indeedee|move: Follow Me\n|move|p1a: Tornadus|Tailwind|p1a: Tornadus\n|-sidestart|p1: Vgcsworstplayer|move: Tailwind\n|move|p1b: Tinkaton|Gigaton Hammer|p2b: Indeedee\n|-damage|p2b: Indeedee|54\/100\n|move|p2a: Calyrex|Calm Mind|p2a: Calyrex\n|-boost|p2a: Calyrex|spa|1\n|-boost|p2a: Calyrex|spd|1\n|\n|upkeep\n|turn|4\n|\n|t:|1740195922\n|move|p2b: Indeedee|Follow Me|p2b: Indeedee\n|-singleturn|p2b: Indeedee|move: Follow Me\n|move|p1a: Tornadus|Bleakwind Storm|p2a: Calyrex|[spread] p2a,p2b\n|-crit|p2b: Indeedee\n|-damage|p2a: Calyrex|47\/100\n|-damage|p2b: Indeedee|0 fnt\n|faint|p2b: Indeedee\n|-damage|p1a: Tornadus|91\/100|[from] item: Life Orb\n|move|p1b: Tinkaton|Knock Off|p2a: Calyrex\n|-resisted|p2a: Calyrex\n|-damage|p2a: Calyrex|39\/100\n|move|p2a: Calyrex|Astral Barrage|p1a: Tornadus|[spread] p1a,p1b\n|-damage|p1a: Tornadus|0 fnt\n|-damage|p1b: Tinkaton|42\/100\n|faint|p1a: Tornadus\n|-ability|p2a: Calyrex|Grim Neigh|boost\n|-boost|p2a: Calyrex|spa|1\n|\n|upkeep\n|\n|t:|1740195940\n|switch|p1a: Kyogre|Kyogre, L50|100\/100\n|switch|p2b: Dondozo|Dondozo, L50, F|100\/100\n|-status|p1a: Kyogre|psn\n|-weather|RainDance|[from] ability: Drizzle|[of] p1a: Kyogre\n|turn|5\n|\n|t:|1740195958\n|move|p2a: Calyrex|Protect|p2a: Calyrex\n|-singleturn|p2a: Calyrex|Protect\n|move|p1b: Tinkaton|Feint|p2b: Dondozo\n|-activate|p2b: Dondozo|move: Psychic Terrain\n|move|p1a: Kyogre|Water Spout|p2b: Dondozo|[spread] p2b\n|-activate|p2a: Calyrex|move: Protect\n|-resisted|p2b: Dondozo\n|-damage|p2b: Dondozo|31\/100\n|move|p2b: Dondozo|Earthquake|p1a: Kyogre|[spread] p1a,p1b\n|-activate|p2a: Calyrex|move: Protect\n|-supereffective|p1b: Tinkaton\n|-damage|p1a: Kyogre|85\/100 psn\n|-damage|p1b: Tinkaton|2\/100\n|\n|-weather|RainDance|[upkeep]\n|-heal|p2b: Dondozo|37\/100|[from] item: Leftovers\n|-damage|p1a: Kyogre|73\/100 psn|[from] psn\n|upkeep\n|turn|6\n|\n|t:|1740195977\n|switch|p2a: Weezing|Weezing-Galar, L50, M|100\/100\n|-ability|p2a: Weezing|Neutralizing Gas\n|move|p2b: Dondozo|Protect|p2b: Dondozo\n|-singleturn|p2b: Dondozo|Protect\n|move|p1a: Kyogre|Water Spout|p2a: Weezing|[spread] p2a\n|-activate|p2b: Dondozo|move: Protect\n|-damage|p2a: Weezing|0 fnt\n|faint|p2a: Weezing\n|-end|p2a: Weezing|ability: Neutralizing Gas\n|-ability|p1b: Tinkaton|Mold Breaker\n|move|p1b: Tinkaton|Gigaton Hammer|p2b: Dondozo\n|-activate|p2b: Dondozo|move: Protect\n|\n|-weather|RainDance|[upkeep]\n|-heal|p2b: Dondozo|43\/100|[from] item: Leftovers\n|-damage|p1a: Kyogre|61\/100 psn|[from] psn\n|-sideend|p1: Vgcsworstplayer|move: Tailwind\n|-fieldend|move: Psychic Terrain\n|upkeep\n|\n|t:|1740195998\n|switch|p2a: Calyrex|Calyrex-Shadow, L50, tera:Fairy|39\/100\n|-ability|p2a: Calyrex|As One\n|-ability|p2a: Calyrex|Unnerve\n|turn|7\n|\n|t:|1740196010\n|move|p1b: Tinkaton|Feint|p2a: Calyrex\n|-damage|p2a: Calyrex|31\/100\n|move|p2a: Calyrex|Astral Barrage|p1a: Kyogre|[spread] p1a,p1b\n|-damage|p1a: Kyogre|25\/100 psn\n|-damage|p1b: Tinkaton|0 fnt\n|faint|p1b: Tinkaton\n|-ability|p2a: Calyrex|Grim Neigh|boost\n|-boost|p2a: Calyrex|spa|1\n|move|p1a: Kyogre|Water Spout|p2b: Dondozo|[spread] p2a,p2b\n|-crit|p2a: Calyrex\n|-resisted|p2b: Dondozo\n|-damage|p2a: Calyrex|0 fnt\n|-damage|p2b: Dondozo|26\/100\n|faint|p2a: Calyrex\n|move|p2b: Dondozo|Body Press|p1a: Kyogre\n|-crit|p1a: Kyogre\n|-damage|p1a: Kyogre|0 fnt\n|faint|p1a: Kyogre\n|\n|win|leoscerni\n|raw|Vgcsworstplayer's rating: 1562 &rarr; <strong>1544<\/strong><br \/>(-18 for losing)\n|raw|leoscerni's rating: 1601 &rarr; <strong>1619<\/strong><br \/>(+18 for winning)\n|l|\u2606Vgcsworstplayer\n|player|p1|\n","uploadtime":1740196278,"views":4,"formatid":"gen9vgc2025regg","rating":1544,"private":0,"password":null}