{"id":"gen9vgc2025regg-2305784953","format":"[Gen 9] VGC 2025 Reg G","players":["AquilesA.Prieto","canon_tm"],"log":"|j|\u2606AquilesA.Prieto\n|j|\u2606canon_tm\n|t:|1740245183\n|gametype|doubles\n|player|p1|AquilesA.Prieto|cyrus|1523\n|player|p2|canon_tm|102|1561\n|teamsize|p1|6\n|teamsize|p2|6\n|gen|9\n|tier|[Gen 9] VGC 2025 Reg G\n|rated|\n|rule|Species Clause: Limit one of each Pok\u00e9mon\n|rule|Item Clause: Limit 1 of each item\n|clearpoke\n|poke|p1|Indeedee-F, L50, F|\n|poke|p1|Torkoal, L50, M|\n|poke|p1|Ogerpon-Wellspring, L50, F|\n|poke|p1|Iron Valiant, L50|\n|poke|p1|Urshifu-*, L50, M|\n|poke|p1|Calyrex-Ice, L50|\n|poke|p2|Calyrex-Ice, L50|\n|poke|p2|Raging Bolt, L50|\n|poke|p2|Urshifu-*, L50, M|\n|poke|p2|Grimmsnarl, L50, M|\n|poke|p2|Landorus, L50, M|\n|poke|p2|Ogerpon-Hearthflame, L50, F|\n|teampreview|4\n|j| Therazer456\n|inactive|Battle timer is ON: inactive players will automatically lose when time's up. (requested by AquilesA.Prieto)\n|inactive|canon_tm has 60 seconds left.\n|j| Baguettezzz\n|inactive|canon_tm has 30 seconds left.\n|j| judang\n|inactive|canon_tm has 20 seconds left.\n|inactive|canon_tm has 15 seconds left.\n|\n|t:|1740245275\n|start\n|switch|p1a: Iron Valiant|Iron Valiant, L50, shiny|100\/100\n|switch|p1b: Calyrex|Calyrex-Ice, L50|100\/100\n|switch|p2a: Grimmsnarl|Grimmsnarl, L50, M|100\/100\n|switch|p2b: Raging Bolt|Raging Bolt, L50|100\/100\n|-ability|p1b: Calyrex|As One\n|-ability|p1b: Calyrex|Unnerve\n|-enditem|p1a: Iron Valiant|Booster Energy\n|-activate|p1a: Iron Valiant|ability: Quark Drive|[fromitem]\n|-start|p1a: Iron Valiant|quarkdrivespe\n|turn|1\n|inactive|canon_tm has 30 seconds left.\n|j| tatarzaazaa\n|inactive|canon_tm has 20 seconds left.\n|inactive|canon_tm has 15 seconds left.\n|inactive|canon_tm has 10 seconds left.\n|\n|t:|1740245321\n|-terastallize|p1b: Calyrex|Fairy\n|-terastallize|p2b: Raging Bolt|Fairy\n|move|p1a: Iron Valiant|Misty Terrain|p1a: Iron Valiant\n|-fieldstart|move: Misty Terrain\n|move|p1b: Calyrex|Glacial Lance|p2a: Grimmsnarl|[spread] p2a,p2b\n|-damage|p2a: Grimmsnarl|51\/100\n|-damage|p2b: Raging Bolt|61\/100\n|move|p2b: Raging Bolt|Thunderbolt|p1b: Calyrex\n|-damage|p1b: Calyrex|63\/100\n|move|p2a: Grimmsnarl|Foul Play|p1b: Calyrex\n|-resisted|p1b: Calyrex\n|-damage|p1b: Calyrex|42\/100\n|\n|upkeep\n|turn|2\n|\n|t:|1740245343\n|move|p2a: Grimmsnarl|Reflect|p2a: Grimmsnarl\n|-sidestart|p2: canon_tm|Reflect\n|move|p1a: Iron Valiant|Coaching|p1b: Calyrex\n|-boost|p1b: Calyrex|atk|1\n|-boost|p1b: Calyrex|def|1\n|move|p1b: Calyrex|Glacial Lance|p2b: Raging Bolt|[spread] p2a,p2b\n|-damage|p2a: Grimmsnarl|0 fnt\n|-damage|p2b: Raging Bolt|16\/100\n|faint|p2a: Grimmsnarl\n|-ability|p1b: Calyrex|Chilling Neigh|boost\n|-boost|p1b: Calyrex|atk|1\n|move|p2b: Raging Bolt|Electroweb|p1b: Calyrex|[spread] p1a,p1b\n|-damage|p1a: Iron Valiant|68\/100\n|-damage|p1b: Calyrex|26\/100\n|-unboost|p1a: Iron Valiant|spe|1\n|\n|upkeep\n|inactive|canon_tm has 30 seconds left.\n|\n|t:|1740245371\n|switch|p2a: Calyrex|Calyrex-Ice, L50|100\/100\n|-ability|p2a: Calyrex|As One\n|-ability|p2a: Calyrex|Unnerve\n|turn|3\n|\n|t:|1740245385\n|move|p2b: Raging Bolt|Thunderclap||[still]\n|-fail|p2b: Raging Bolt\n|move|p1a: Iron Valiant|Spirit Break|p2b: Raging Bolt\n|-damage|p2b: Raging Bolt|0 fnt\n|faint|p2b: Raging Bolt\n|-end|p2b: Raging Bolt|Protosynthesis|[silent]\n|move|p1b: Calyrex|Imprison|p1b: Calyrex\n|-start|p1b: Calyrex|move: Imprison\n|cant|p2a: Calyrex|move: Imprison|Glacial Lance\n|\n|upkeep\n|\n|t:|1740245396\n|switch|p2b: Ogerpon|Ogerpon-Hearthflame, L50, F|100\/100\n|-ability|p2b: Ogerpon|Mold Breaker\n|turn|4\n|l| Baguettezzz\n|\n|t:|1740245418\n|move|p2a: Calyrex|Protect|p2a: Calyrex\n|-singleturn|p2a: Calyrex|Protect\n|move|p1a: Iron Valiant|Wide Guard|p1a: Iron Valiant\n|-singleturn|p1a: Iron Valiant|Wide Guard\n|move|p2b: Ogerpon|Ivy Cudgel|p1b: Calyrex|[anim] Ivy Cudgel Fire\n|-damage|p1b: Calyrex|0 fnt\n|faint|p1b: Calyrex\n|\n|upkeep\n|l| tatarzaazaa\n|\n|t:|1740245432\n|switch|p1b: Urshifu|Urshifu, L50, M|100\/100\n|turn|5\n|\n|t:|1740245450\n|move|p2b: Ogerpon|Follow Me|p2b: Ogerpon\n|-singleturn|p2b: Ogerpon|move: Follow Me\n|move|p1a: Iron Valiant|Coaching|p1b: Urshifu\n|-boost|p1b: Urshifu|atk|1\n|-boost|p1b: Urshifu|def|1\n|move|p1b: Urshifu|Wicked Blow|p2b: Ogerpon\n|-crit|p2b: Ogerpon\n|-damage|p2b: Ogerpon|2\/100\n|move|p2a: Calyrex|Glacial Lance|p1a: Iron Valiant|[spread] p1a,p1b\n|-damage|p1a: Iron Valiant|0 fnt\n|-damage|p1b: Urshifu|62\/100\n|faint|p1a: Iron Valiant\n|-end|p1a: Iron Valiant|Quark Drive|[silent]\n|-ability|p2a: Calyrex|Chilling Neigh|boost\n|-boost|p2a: Calyrex|atk|1\n|\n|-fieldend|Misty Terrain\n|upkeep\n|\n|t:|1740245461\n|switch|p1a: Ogerpon|Ogerpon-Wellspring, L50, F|100\/100\n|turn|6\n|inactive|AquilesA.Prieto has 30 seconds left.\n|\n|t:|1740245489\n|move|p1b: Urshifu|Detect|p1b: Urshifu\n|-singleturn|p1b: Urshifu|Protect\n|move|p2b: Ogerpon|Follow Me|p2b: Ogerpon\n|-singleturn|p2b: Ogerpon|move: Follow Me\n|move|p1a: Ogerpon|Horn Leech|p2b: Ogerpon\n|-resisted|p2b: Ogerpon\n|-damage|p2b: Ogerpon|0 fnt\n|faint|p2b: Ogerpon\n|move|p2a: Calyrex|Glacial Lance|p1a: Ogerpon|[spread] p1a\n|-activate|p1b: Urshifu|move: Protect\n|-damage|p1a: Ogerpon|4\/100\n|\n|upkeep\n|turn|7\n|\n|t:|1740245504\n|move|p1b: Urshifu|Wicked Blow|p2a: Calyrex\n|-supereffective|p2a: Calyrex\n|-crit|p2a: Calyrex\n|-damage|p2a: Calyrex|0 fnt\n|faint|p2a: Calyrex\n|\n|win|AquilesA.Prieto\n|raw|AquilesA.Prieto's rating: 1523 &rarr; <strong>1545<\/strong><br \/>(+22 for winning)\n|raw|canon_tm's rating: 1561 &rarr; <strong>1539<\/strong><br \/>(-22 for losing)\n|l|\u2606canon_tm\n|player|p2|\n|l| judang\n|l|\u2606AquilesA.Prieto\n|player|p1|\n","uploadtime":1740245677,"views":2,"formatid":"gen9vgc2025regg","rating":1539,"private":0,"password":null}