{"id":"gen9vgc2025regg-2305578784","format":"[Gen 9] VGC 2025 Reg G","players":["guanyanzhong","ok3rd"],"log":"|j|\u2606guanyanzhong\n|j|\u2606ok3rd\n|t:|1740209698\n|gametype|doubles\n|player|p1|guanyanzhong|266|1546\n|player|p2|ok3rd|lillie-z|1679\n|teamsize|p1|6\n|teamsize|p2|6\n|gen|9\n|tier|[Gen 9] VGC 2025 Reg G\n|rated|\n|rule|Species Clause: Limit one of each Pok\u00e9mon\n|rule|Item Clause: Limit 1 of each item\n|clearpoke\n|poke|p1|Calyrex-Ice, L50|\n|poke|p1|Rillaboom, L50, M|\n|poke|p1|Incineroar, L50, F|\n|poke|p1|Raging Bolt, L50|\n|poke|p1|Pelipper, L50, M|\n|poke|p1|Urshifu-*, L50, M|\n|poke|p2|Raging Bolt, L50|\n|poke|p2|Miraidon, L50|\n|poke|p2|Ogerpon-Hearthflame, L50, F|\n|poke|p2|Torkoal, L50, M|\n|poke|p2|Farigiraf, L50, F|\n|poke|p2|Ursaluna, L50, F|\n|teampreview|4\n|inactive|Battle timer is ON: inactive players will automatically lose when time's up. (requested by ok3rd)\n|\n|t:|1740209717\n|start\n|switch|p1a: Rillaboom|Rillaboom, L50, M|100\/100\n|switch|p1b: Raging Bolt|Raging Bolt, L50|100\/100\n|switch|p2a: Raging Bolt|Raging Bolt, L50|100\/100\n|switch|p2b: Torkoal|Torkoal, L50, M|100\/100\n|-fieldstart|move: Grassy Terrain|[from] ability: Grassy Surge|[of] p1a: Rillaboom\n|-weather|SunnyDay|[from] ability: Drought|[of] p2b: Torkoal\n|-activate|p2a: Raging Bolt|ability: Protosynthesis\n|-start|p2a: Raging Bolt|protosynthesisspa\n|-activate|p1b: Raging Bolt|ability: Protosynthesis\n|-start|p1b: Raging Bolt|protosynthesisspa\n|-item|p2b: Torkoal|Air Balloon\n|turn|1\n|inactive|guanyanzhong has 30 seconds left.\n|\n|t:|1740209750\n|switch|p2b: Miraidon|Miraidon, L50|100\/100\n|-fieldstart|move: Electric Terrain|[from] ability: Hadron Engine|[of] p2b: Miraidon\n|move|p2a: Raging Bolt|Protect|p2a: Raging Bolt\n|-singleturn|p2a: Raging Bolt|Protect\n|move|p1b: Raging Bolt|Protect|p1b: Raging Bolt\n|-singleturn|p1b: Raging Bolt|Protect\n|move|p1a: Rillaboom|U-turn|p2b: Miraidon\n|-damage|p2b: Miraidon|78\/100\n|\n|t:|1740209762\n|switch|p1a: Pelipper|Pelipper, L50, M|100\/100|[from] U-turn\n|-weather|RainDance|[from] ability: Drizzle|[of] p1a: Pelipper\n|-end|p2a: Raging Bolt|Protosynthesis\n|-end|p1b: Raging Bolt|Protosynthesis\n|-enditem|p1b: Raging Bolt|Booster Energy\n|-activate|p1b: Raging Bolt|ability: Protosynthesis|[fromitem]\n|-start|p1b: Raging Bolt|protosynthesisspa\n|\n|-weather|RainDance|[upkeep]\n|upkeep\n|turn|2\n|inactive|guanyanzhong has 30 seconds left.\n|\n|t:|1740209793\n|switch|p1a: Rillaboom|Rillaboom, L50, M|100\/100\n|-fieldstart|move: Grassy Terrain|[from] ability: Grassy Surge|[of] p1a: Rillaboom\n|-terastallize|p1b: Raging Bolt|Fairy\n|move|p2b: Miraidon|Volt Switch|p1b: Raging Bolt\n|-damage|p1b: Raging Bolt|55\/100\n|\n|t:|1740209799\n|switch|p2b: Ogerpon|Ogerpon-Hearthflame, L50, F|100\/100|[from] Volt Switch\n|-ability|p2b: Ogerpon|Mold Breaker\n|move|p2a: Raging Bolt|Draco Meteor|p1b: Raging Bolt\n|-immune|p1b: Raging Bolt\n|move|p1b: Raging Bolt|Draco Meteor|p2a: Raging Bolt\n|-supereffective|p2a: Raging Bolt\n|-damage|p2a: Raging Bolt|0 fnt\n|-unboost|p1b: Raging Bolt|spa|2\n|faint|p2a: Raging Bolt\n|-end|p2a: Raging Bolt|Protosynthesis|[silent]\n|\n|-weather|RainDance|[upkeep]\n|-heal|p1b: Raging Bolt|61\/100|[from] Grassy Terrain\n|upkeep\n|\n|t:|1740209809\n|switch|p2a: Miraidon|Miraidon, L50|78\/100\n|-fieldstart|move: Electric Terrain|[from] ability: Hadron Engine|[of] p2a: Miraidon\n|turn|3\n|inactive|guanyanzhong has 30 seconds left.\n|inactive|guanyanzhong has 20 seconds left.\n|\n|t:|1740209849\n|-terastallize|p2b: Ogerpon|Fire\n|detailschange|p2b: Ogerpon|Ogerpon-Hearthflame-Tera, L50, F, tera:Fire\n|-ability|p2b: Ogerpon|Embody Aspect (Hearthflame)|boost\n|-boost|p2b: Ogerpon|atk|1\n|move|p1a: Rillaboom|Fake Out|p2a: Miraidon\n|-damage|p2a: Miraidon|63\/100\n|cant|p2a: Miraidon|flinch\n|move|p2b: Ogerpon|Ivy Cudgel|p1b: Raging Bolt|[anim] Ivy Cudgel Fire\n|-damage|p1b: Raging Bolt|15\/100\n|move|p1b: Raging Bolt|Draco Meteor|p2a: Miraidon\n|-supereffective|p2a: Miraidon\n|-damage|p2a: Miraidon|0 fnt\n|-unboost|p1b: Raging Bolt|spa|2\n|faint|p2a: Miraidon\n|\n|-weather|RainDance|[upkeep]\n|upkeep\n|\n|t:|1740209852\n|switch|p2a: Torkoal|Torkoal, L50, M|100\/100\n|-weather|SunnyDay|[from] ability: Drought|[of] p2a: Torkoal\n|-item|p2a: Torkoal|Air Balloon\n|turn|4\n|inactive|guanyanzhong has 30 seconds left.\n|\n|t:|1740209882\n|-end|p1b: Raging Bolt|Protosynthesis|[silent]\n|switch|p1b: Pelipper|Pelipper, L50, M|100\/100\n|-weather|RainDance|[from] ability: Drizzle|[of] p1b: Pelipper\n|move|p2b: Ogerpon|Ivy Cudgel|p1a: Rillaboom|[anim] Ivy Cudgel Fire\n|-supereffective|p1a: Rillaboom\n|-crit|p1a: Rillaboom\n|-damage|p1a: Rillaboom|0 fnt\n|faint|p1a: Rillaboom\n|move|p2a: Torkoal|Eruption|p1b: Pelipper\n|-resisted|p1b: Pelipper\n|-damage|p1b: Pelipper|72\/100\n|\n|-weather|RainDance|[upkeep]\n|upkeep\n|inactive|guanyanzhong has 30 seconds left.\n|\n|t:|1740209908\n|switch|p1a: Calyrex|Calyrex-Ice, L50|100\/100\n|-ability|p1a: Calyrex|As One\n|-ability|p1a: Calyrex|Unnerve\n|turn|5\n|\n|t:|1740209919\n|move|p2b: Ogerpon|Wood Hammer|p1b: Pelipper\n|-damage|p1b: Pelipper|0 fnt\n|faint|p1b: Pelipper\n|-damage|p2b: Ogerpon|80\/100|[from] Recoil\n|move|p1a: Calyrex|High Horsepower|p2b: Ogerpon\n|-supereffective|p2b: Ogerpon\n|-damage|p2b: Ogerpon|0 fnt\n|faint|p2b: Ogerpon\n|-ability|p1a: Calyrex|Chilling Neigh|boost\n|-boost|p1a: Calyrex|atk|1\n|move|p2a: Torkoal|Fissure|p1a: Calyrex|[miss]\n|-miss|p2a: Torkoal|p1a: Calyrex\n|\n|-weather|RainDance|[upkeep]\n|upkeep\n|\n|t:|1740209935\n|switch|p1b: Raging Bolt|Raging Bolt, L50, tera:Fairy|15\/100\n|turn|6\n|\n|t:|1740209944\n|move|p1b: Raging Bolt|Thunderbolt|p2a: Torkoal\n|-damage|p2a: Torkoal|13\/100\n|-enditem|p2a: Torkoal|Air Balloon\n|move|p1a: Calyrex|High Horsepower|p2a: Torkoal\n|-supereffective|p2a: Torkoal\n|-damage|p2a: Torkoal|0 fnt\n|faint|p2a: Torkoal\n|\n|win|guanyanzhong\n|raw|guanyanzhong's rating: 1546 &rarr; <strong>1573<\/strong><br \/>(+27 for winning)\n|raw|ok3rd's rating: 1679 &rarr; <strong>1652<\/strong><br \/>(-27 for losing)\n|l|\u2606ok3rd\n|player|p2|\n|l|\u2606guanyanzhong\n|player|p1|\n","uploadtime":1740210212,"views":3,"formatid":"gen9vgc2025regg","rating":1573,"private":0,"password":null}