{"id":"gen9vgc2025regg-2305774177","format":"[Gen 9] VGC 2025 Reg G","players":["actuary97","Ducktile"],"log":"|j|\u2606actuary97\n|j|\u2606Ducktile\n|t:|1740243818\n|gametype|doubles\n|player|p1|actuary97|sabrina-frlg|1619\n|player|p2|Ducktile|grimsley|1673\n|teamsize|p1|6\n|teamsize|p2|6\n|gen|9\n|tier|[Gen 9] VGC 2025 Reg G\n|rated|\n|rule|Species Clause: Limit one of each Pok\u00e9mon\n|rule|Item Clause: Limit 1 of each item\n|clearpoke\n|poke|p1|Amoonguss, L50, M|\n|poke|p1|Comfey, L50, M|\n|poke|p1|Whimsicott, L50, M|\n|poke|p1|Kyogre, L50|\n|poke|p1|Archaludon, L50, M|\n|poke|p1|Qwilfish-Hisui, L50, F|\n|poke|p2|Tatsugiri, L50, F|\n|poke|p2|Chi-Yu, L50|\n|poke|p2|Dragonite, L50, F|\n|poke|p2|Dondozo, L50, M|\n|poke|p2|Gholdengo, L50|\n|poke|p2|Miraidon, L50|\n|teampreview|4\nactuary97 has agreed to open team sheets.\nDucktile has agreed to open team sheets.\n|showteam|p1|Amoonguss||RockyHelmet|Regenerator|ClearSmog,PollenPuff,RagePowder,Spore|||M|||50|,,,,,Water]Comfey||MentalHerb|Triage|DrainingKiss,Taunt,FloralHealing,TrickRoom|||M|||50|,,,,,Fire]Whimsicott||FocusSash|Prankster|BeatUp,Moonblast,Encore,Tailwind|||M|||50|,,,,,Ghost]Kyogre||CovertCloak|Drizzle|OriginPulse,IceBeam,CalmMind,Protect||||||50|,,,,,Grass]Archaludon||AssaultVest|Stamina|ElectroShot,FlashCannon,Snarl,BodyPress|||M|||50|,,,,,Flying]Qwilfish-Hisui||Eviolite|SwiftSwim|BarbBarrage,IcyWind,Taunt,Acupressure|||F|||50|,,,,,Ghost\n|showteam|p2|Tatsugiri||ChoiceScarf|Commander|MuddyWater,IcyWind,DracoMeteor,SleepTalk|||F|||50|,,,,,Normal]Chi-Yu||FocusSash|BeadsofRuin|HeatWave,Protect,DarkPulse,Overheat||||||50|,,,,,Ghost]Dragonite||ChoiceBand|Multiscale|IronHead,AerialAce,ExtremeSpeed,Outrage|||F|||50|,,,,,Normal]Dondozo||Leftovers|Unaware|OrderUp,Protect,WaveCrash,Earthquake|||M|||50|,,,,,Grass]Gholdengo||ChoiceSpecs|GoodasGold|ShadowBall,Trick,MakeItRain,Thunderbolt||||||50|,,,,,Steel]Miraidon||AssaultVest|HadronEngine|VoltSwitch,DracoMeteor,ElectroDrift,DazzlingGleam||||||50|,,,,,Fairy\n|j| judang\n|\n|t:|1740243879\n|start\n|switch|p1a: Kyogre|Kyogre, L50, shiny|100\/100\n|switch|p1b: Qwilfish|Qwilfish-Hisui, L50, F, shiny|100\/100\n|switch|p2a: Miraidon|Miraidon, L50|100\/100\n|switch|p2b: Chi-Yu|Chi-Yu, L50|100\/100\n|-fieldstart|move: Electric Terrain|[from] ability: Hadron Engine|[of] p2a: Miraidon\n|-ability|p2b: Chi-Yu|Beads of Ruin\n|-weather|RainDance|[from] ability: Drizzle|[of] p1a: Kyogre\n|turn|1\n|\n|t:|1740243910\n|-terastallize|p1a: Kyogre|Grass\n|move|p2b: Chi-Yu|Protect|p2b: Chi-Yu\n|-singleturn|p2b: Chi-Yu|Protect\n|move|p1b: Qwilfish|Icy Wind|p2a: Miraidon|[spread] p2a\n|-activate|p2b: Chi-Yu|move: Protect\n|-supereffective|p2a: Miraidon\n|-damage|p2a: Miraidon|92\/100\n|-unboost|p2a: Miraidon|spe|1\n|move|p2a: Miraidon|Volt Switch|p1a: Kyogre\n|-resisted|p1a: Kyogre\n|-damage|p1a: Kyogre|73\/100\n|\n|t:|1740243922\n|switch|p2a: Dragonite|Dragonite, L50, F|100\/100|[from] Volt Switch\n|move|p1a: Kyogre|Calm Mind|p1a: Kyogre\n|-boost|p1a: Kyogre|spa|1\n|-boost|p1a: Kyogre|spd|1\n|\n|-weather|RainDance|[upkeep]\n|upkeep\n|turn|2\n|\n|t:|1740243937\n|switch|p1a: Amoonguss|Amoonguss, L50, M, shiny|100\/100\n|move|p1b: Qwilfish|Icy Wind|p2b: Chi-Yu|[spread] p2a,p2b\n|-supereffective|p2a: Dragonite\n|-resisted|p2b: Chi-Yu\n|-damage|p2a: Dragonite|88\/100\n|-damage|p2b: Chi-Yu|97\/100\n|-unboost|p2a: Dragonite|spe|1\n|-unboost|p2b: Chi-Yu|spe|1\n|move|p2b: Chi-Yu|Heat Wave|p1b: Qwilfish|[spread] p1a,p1b\n|-supereffective|p1a: Amoonguss\n|-damage|p1a: Amoonguss|54\/100\n|-damage|p1b: Qwilfish|79\/100\n|move|p2a: Dragonite|Outrage|p1b: Qwilfish\n|-damage|p1b: Qwilfish|0 fnt\n|faint|p1b: Qwilfish\n|\n|-weather|RainDance|[upkeep]\n|upkeep\n|\n|t:|1740243956\n|switch|p1b: Kyogre|Kyogre, L50, shiny, tera:Grass|73\/100\n|turn|3\n|\n|t:|1740243964\n|move|p1b: Kyogre|Ice Beam|p2a: Dragonite\n|-supereffective|p2a: Dragonite\n|-damage|p2a: Dragonite|0 fnt\n|faint|p2a: Dragonite\n|move|p2b: Chi-Yu|Heat Wave|p1b: Kyogre|[spread] p1a\n|-miss|p2b: Chi-Yu|p1b: Kyogre\n|-supereffective|p1a: Amoonguss\n|-damage|p1a: Amoonguss|5\/100\n|move|p1a: Amoonguss|Spore|p2b: Chi-Yu\n|-activate|p2b: Chi-Yu|move: Electric Terrain\n|\n|-weather|RainDance|[upkeep]\n|upkeep\n|\n|t:|1740243972\n|switch|p2a: Gholdengo|Gholdengo, L50|100\/100\n|turn|4\n|c|\u2606actuary97|fuck I'm so stupid\n|c|\u2606Ducktile|dw a lot of people do that\n|c|\u2606Ducktile|easy mistake to make\n|\n|t:|1740243997\n|switch|p2b: Miraidon|Miraidon, L50|92\/100\n|-activate|p2b: Miraidon|ability: Hadron Engine\n|move|p1a: Amoonguss|Rage Powder|p1a: Amoonguss\n|-singleturn|p1a: Amoonguss|move: Rage Powder\n|move|p2a: Gholdengo|Make It Rain|p1b: Kyogre|[spread] p1a,p1b\n|-damage|p1a: Amoonguss|0 fnt\n|-damage|p1b: Kyogre|31\/100\n|-unboost|p2a: Gholdengo|spa|1\n|faint|p1a: Amoonguss\n|move|p1b: Kyogre|Origin Pulse|p2b: Miraidon|[spread] p2b\n|-miss|p1b: Kyogre|p2a: Gholdengo\n|-resisted|p2b: Miraidon\n|-damage|p2b: Miraidon|71\/100\n|\n|-weather|RainDance|[upkeep]\n|upkeep\n|\n|t:|1740244009\n|switch|p1a: Comfey|Comfey, L50, M, shiny|100\/100\n|turn|5\n|\n|t:|1740244026\n|move|p1a: Comfey|Floral Healing|p1b: Kyogre\n|-heal|p1b: Kyogre|81\/100\n|move|p2b: Miraidon|Dazzling Gleam|p1b: Kyogre|[spread] p1a,p1b\n|-damage|p1a: Comfey|68\/100\n|-damage|p1b: Kyogre|61\/100\n|move|p2a: Gholdengo|Make It Rain|p1a: Comfey|[spread] p1a,p1b\n|-supereffective|p1a: Comfey\n|-damage|p1a: Comfey|0 fnt\n|-damage|p1b: Kyogre|29\/100\n|-unboost|p2a: Gholdengo|spa|1\n|faint|p1a: Comfey\n|move|p1b: Kyogre|Calm Mind|p1b: Kyogre\n|-boost|p1b: Kyogre|spa|1\n|-boost|p1b: Kyogre|spd|1\n|\n|-weather|none\n|-fieldend|move: Electric Terrain\n|upkeep\n|turn|6\n|\n|t:|1740244033\n|move|p2b: Miraidon|Draco Meteor|p1b: Kyogre\n|-damage|p1b: Kyogre|0 fnt\n|-unboost|p2b: Miraidon|spa|2\n|faint|p1b: Kyogre\n|\n|win|Ducktile\n|raw|actuary97's rating: 1619 &rarr; <strong>1602<\/strong><br \/>(-17 for losing)\n|raw|Ducktile's rating: 1673 &rarr; <strong>1690<\/strong><br \/>(+17 for winning)\n|c|\u2606actuary97|gg\n|c|\u2606Ducktile|ggs\n|l|\u2606actuary97\n|player|p1|\n|l|\u2606Ducktile\n|player|p2|\n","uploadtime":1740244288,"views":2,"formatid":"gen9vgc2025regg","rating":1602,"private":0,"password":null}