{"id":"gen9vgc2025regg-2305236201","format":"[Gen 9] VGC 2025 Reg G","players":["fuwamoko","N8NoDog"],"log":"|j|\u2606fuwamoko\n|j|\u2606N8NoDog\n|t:|1740162820\n|gametype|doubles\n|player|p1|fuwamoko|266|1504\n|player|p2|N8NoDog|archer|1573\n|teamsize|p1|6\n|teamsize|p2|6\n|gen|9\n|tier|[Gen 9] VGC 2025 Reg G\n|rated|\n|rule|Species Clause: Limit one of each Pok\u00e9mon\n|rule|Item Clause: Limit 1 of each item\n|clearpoke\n|poke|p1|Porygon2, L50|\n|poke|p1|Calyrex-Ice, L50|\n|poke|p1|Torkoal, L50, F|\n|poke|p1|Flutter Mane, L50|\n|poke|p1|Ogerpon-Hearthflame, L50, F|\n|poke|p1|Urshifu-*, L50, M|\n|poke|p2|Chien-Pao, L50|\n|poke|p2|Zamazenta-*, L50|\n|poke|p2|Amoonguss, L50, F|\n|poke|p2|Urshifu-*, L50, M|\n|poke|p2|Pelipper, L50, M|\n|poke|p2|Raging Bolt, L50|\n|teampreview|4\n|inactive|Battle timer is ON: inactive players will automatically lose when time's up. (requested by N8NoDog)\n|inactive|fuwamoko has 60 seconds left.\n|inactive|fuwamoko has 30 seconds left.\n|inactive|fuwamoko has 20 seconds left.\n|inactive|fuwamoko has 15 seconds left.\n|inactive|fuwamoko has 10 seconds left.\n|inactive|fuwamoko has 5 seconds left.\n|\n|t:|1740162910\n|start\n|switch|p1a: Porygon2|Porygon2, L50|100\/100\n|switch|p1b: Calyrex|Calyrex-Ice, L50|100\/100\n|switch|p2a: Zamazenta|Zamazenta-Crowned, L50|100\/100\n|switch|p2b: Amoonguss|Amoonguss, L50, F|100\/100\n|-ability|p1b: Calyrex|As One\n|-ability|p1b: Calyrex|Unnerve\n|-ability|p2a: Zamazenta|Dauntless Shield|boost\n|-boost|p2a: Zamazenta|def|1\n|-ability|p1a: Porygon2|Regenerator|[from] ability: Trace|[of] p2b: Amoonguss\n|turn|1\n|inactive|fuwamoko has 30 seconds left.\n|inactive|fuwamoko has 20 seconds left.\n|inactive|fuwamoko has 15 seconds left.\n|\n|t:|1740162953\n|-terastallize|p1b: Calyrex|Water\n|-terastallize|p2b: Amoonguss|Water\n|move|p2a: Zamazenta|Body Press|p1b: Calyrex\n|-damage|p1b: Calyrex|57\/100\n|move|p1a: Porygon2|Discharge|p2b: Amoonguss|[spread] p1b,p2a,p2b\n|-supereffective|p1b: Calyrex\n|-supereffective|p2b: Amoonguss\n|-damage|p1b: Calyrex|35\/100\n|-damage|p2a: Zamazenta|89\/100\n|-damage|p2b: Amoonguss|73\/100\n|-status|p2a: Zamazenta|par\n|-enditem|p1b: Calyrex|Weakness Policy\n|-boost|p1b: Calyrex|atk|2|[from] item: Weakness Policy\n|-boost|p1b: Calyrex|spa|2|[from] item: Weakness Policy\n|move|p2b: Amoonguss|Spore|p1a: Porygon2\n|-status|p1a: Porygon2|slp|[from] move: Spore\n|move|p1b: Calyrex|Trick Room|p1b: Calyrex\n|-fieldstart|move: Trick Room|[of] p1b: Calyrex\n|\n|upkeep\n|turn|2\n|inactive|fuwamoko has 30 seconds left.\n|inactive|N8NoDog has 30 seconds left.\n|inactive|fuwamoko has 20 seconds left.\n|inactive|N8NoDog has 20 seconds left.\n|\n|t:|1740162995\n|switch|p1a: Torkoal|Torkoal, L50, F|100\/100\n|-weather|SunnyDay|[from] ability: Drought|[of] p1a: Torkoal\n|move|p1b: Calyrex|Protect|p1b: Calyrex\n|-singleturn|p1b: Calyrex|Protect\n|move|p2b: Amoonguss|Spore|p1b: Calyrex\n|-activate|p1b: Calyrex|move: Protect\n|move|p2a: Zamazenta|Body Press|p1a: Torkoal\n|-damage|p1a: Torkoal|48\/100\n|\n|-weather|SunnyDay|[upkeep]\n|upkeep\n|turn|3\n|inactive|fuwamoko has 30 seconds left.\n|\n|t:|1740163026\n|switch|p2b: Pelipper|Pelipper, L50, M|100\/100\n|-weather|RainDance|[from] ability: Drizzle|[of] p2b: Pelipper\n|move|p1a: Torkoal|Eruption|p2b: Pelipper|[spread] p2a,p2b\n|-supereffective|p2a: Zamazenta\n|-resisted|p2b: Pelipper\n|-damage|p2a: Zamazenta|67\/100 par\n|-damage|p2b: Pelipper|88\/100\n|-damage|p1a: Torkoal|38\/100|[from] item: Life Orb\n|move|p1b: Calyrex|Glacial Lance|p2a: Zamazenta|[spread] p2a,p2b\n|-resisted|p2a: Zamazenta\n|-damage|p2a: Zamazenta|45\/100 par\n|-damage|p2b: Pelipper|0 fnt\n|faint|p2b: Pelipper\n|-ability|p1b: Calyrex|Chilling Neigh|boost\n|-boost|p1b: Calyrex|atk|1\n|move|p2a: Zamazenta|Body Press|p1b: Calyrex\n|-damage|p1b: Calyrex|0 fnt\n|faint|p1b: Calyrex\n|\n|-weather|RainDance|[upkeep]\n|upkeep\n|\n|t:|1740163051\n|switch|p1b: Porygon2|Porygon2, L50|100\/100 slp\n|switch|p2b: Amoonguss|Amoonguss, L50, F, tera:Water|100\/100\n|-ability|p1b: Porygon2|Regenerator|[from] ability: Trace|[of] p2b: Amoonguss\n|turn|4\n|\n|t:|1740163063\n|move|p1a: Torkoal|Earth Power|p2a: Zamazenta\n|-supereffective|p2a: Zamazenta\n|-damage|p2a: Zamazenta|0 fnt\n|faint|p2a: Zamazenta\n|-damage|p1a: Torkoal|29\/100|[from] item: Life Orb\n|move|p2b: Amoonguss|Sludge Bomb|p1a: Torkoal\n|-damage|p1a: Torkoal|0 fnt\n|faint|p1a: Torkoal\n|cant|p1b: Porygon2|slp\n|\n|-weather|RainDance|[upkeep]\n|upkeep\n|\n|t:|1740163073\n|switch|p1a: Flutter Mane|Flutter Mane, L50|100\/100\n|switch|p2a: Urshifu|Urshifu-Rapid-Strike, L50, M|100\/100\n|turn|5\n|\n|t:|1740163085\n|move|p2b: Amoonguss|Sludge Bomb|p1b: Porygon2\n|-damage|p1b: Porygon2|83\/100 slp\n|cant|p1b: Porygon2|slp\n|move|p1a: Flutter Mane|Dazzling Gleam|p2b: Amoonguss|[spread] p2a,p2b\n|-supereffective|p2a: Urshifu\n|-damage|p2a: Urshifu|0 fnt\n|-damage|p2b: Amoonguss|55\/100\n|faint|p2a: Urshifu\n|\n|-weather|RainDance|[upkeep]\n|-fieldend|move: Trick Room\n|upkeep\n|turn|6\n|\n|t:|1740163100\n|move|p1a: Flutter Mane|Dazzling Gleam|p2b: Amoonguss\n|-damage|p2b: Amoonguss|0 fnt\n|faint|p2b: Amoonguss\n|\n|win|fuwamoko\n|raw|fuwamoko's rating: 1504 &rarr; <strong>1528<\/strong><br \/>(+24 for winning)\n|raw|N8NoDog's rating: 1573 &rarr; <strong>1549<\/strong><br \/>(-24 for losing)\n|l|\u2606N8NoDog\n|player|p2|\n|l|\u2606fuwamoko\n|player|p1|\n","uploadtime":1740163267,"views":5,"formatid":"gen9vgc2025regg","rating":1528,"private":0,"password":null}