{"id":"gen9vgc2025regg-2305204777","format":"[Gen 9] VGC 2025 Reg G","players":["sixtales","Jayson_Ubo"],"log":"|j|\u2606sixtales\n|j|\u2606Jayson_Ubo\n|t:|1740159636\n|gametype|doubles\n|player|p1|sixtales|lyra|1538\n|player|p2|Jayson_Ubo|hilbert|1589\n|teamsize|p1|6\n|teamsize|p2|6\n|gen|9\n|tier|[Gen 9] VGC 2025 Reg G\n|rated|\n|rule|Species Clause: Limit one of each Pok\u00e9mon\n|rule|Item Clause: Limit 1 of each item\n|clearpoke\n|poke|p1|Kyogre, L50|\n|poke|p1|Roaring Moon, L50|\n|poke|p1|Urshifu-*, L50, M|\n|poke|p1|Landorus, L50, M|\n|poke|p1|Scizor, L50, F|\n|poke|p1|Tsareena, L50, F|\n|poke|p2|Calyrex-Ice, L50|\n|poke|p2|Smeargle, L50, F|\n|poke|p2|Ursaluna-Bloodmoon, L50, M|\n|poke|p2|Farigiraf, L50, F|\n|poke|p2|Annihilape, L50, F|\n|poke|p2|Electabuzz, L50, M|\n|teampreview|4\n|inactive|Battle timer is ON: inactive players will automatically lose when time's up. (requested by Jayson_Ubo)\n|inactive|sixtales has 60 seconds left.\n|\n|t:|1740159673\n|start\n|switch|p1a: Urshifu|Urshifu-Rapid-Strike, L50, M|100\/100\n|switch|p1b: Scizor|Scizor, L50, F|100\/100\n|switch|p2a: Calyrex|Calyrex-Ice, L50|100\/100\n|switch|p2b: Electabuzz|Electabuzz, L50, M|100\/100\n|-ability|p2a: Calyrex|As One\n|-ability|p2a: Calyrex|Unnerve\n|turn|1\n|j| ChilledLotusA\n|inactive|sixtales has 30 seconds left.\n|\n|t:|1740159704\n|move|p2b: Electabuzz|Follow Me|p2b: Electabuzz\n|-singleturn|p2b: Electabuzz|move: Follow Me\n|move|p1a: Urshifu|Taunt|p2b: Electabuzz\n|-start|p2b: Electabuzz|move: Taunt\n|move|p1b: Scizor|U-turn|p2b: Electabuzz\n|-damage|p2b: Electabuzz|52\/100\n|\n|t:|1740159712\n|switch|p1b: Kyogre|Kyogre, L50|100\/100|[from] U-turn\n|-weather|RainDance|[from] ability: Drizzle|[of] p1b: Kyogre\n|move|p2a: Calyrex|Trick Room|p2a: Calyrex\n|-fieldstart|move: Trick Room|[of] p2a: Calyrex\n|\n|-weather|RainDance|[upkeep]\n|upkeep\n|turn|2\n|\n|t:|1740159729\n|-terastallize|p2a: Calyrex|Water\n|move|p1a: Urshifu|Detect|p1a: Urshifu\n|-singleturn|p1a: Urshifu|Protect\n|move|p2a: Calyrex|Glacial Lance|p1b: Kyogre|[spread] p1b\n|-activate|p1a: Urshifu|move: Protect\n|-resisted|p1b: Kyogre\n|-damage|p1b: Kyogre|72\/100\n|move|p2b: Electabuzz|Volt Switch|p1a: Urshifu\n|-activate|p1a: Urshifu|move: Protect\n|move|p1b: Kyogre|Origin Pulse|p2b: Electabuzz|[spread] p2a,p2b\n|-resisted|p2a: Calyrex\n|-damage|p2a: Calyrex|63\/100\n|-damage|p2b: Electabuzz|0 fnt\n|faint|p2b: Electabuzz\n|\n|-weather|RainDance|[upkeep]\n|upkeep\n|\n|t:|1740159735\n|switch|p2b: Smeargle|Smeargle, L50, F|100\/100\n|turn|3\n|inactive|sixtales has 30 seconds left.\n|inactive|Jayson_Ubo has 30 seconds left.\n|inactive|sixtales has 20 seconds left.\n|\n|t:|1740159773\n|switch|p1a: Scizor|Scizor, L50, F|100\/100\n|move|p2b: Smeargle|Spore|p1a: Scizor\n|-status|p1a: Scizor|slp|[from] move: Spore\n|move|p2a: Calyrex|High Horsepower|p1b: Kyogre\n|-damage|p1b: Kyogre|29\/100\n|move|p1b: Kyogre|Origin Pulse|p2b: Smeargle|[spread] p2a,p2b\n|-resisted|p2a: Calyrex\n|-damage|p2a: Calyrex|23\/100\n|-enditem|p2b: Smeargle|Focus Sash\n|-damage|p2b: Smeargle|1\/100\n|-enditem|p2a: Calyrex|Sitrus Berry|[eat]\n|-heal|p2a: Calyrex|48\/100|[from] item: Sitrus Berry\n|\n|-weather|RainDance|[upkeep]\n|upkeep\n|turn|4\n|inactive|sixtales has 30 seconds left.\n|\n|t:|1740159805\n|move|p2b: Smeargle|Decorate|p2a: Calyrex\n|-boost|p2a: Calyrex|atk|2\n|-boost|p2a: Calyrex|spa|2\n|cant|p1a: Scizor|slp\n|move|p2a: Calyrex|Glacial Lance|p1b: Kyogre|[spread] p1a,p1b\n|-resisted|p1a: Scizor\n|-resisted|p1b: Kyogre\n|-damage|p1a: Scizor|47\/100 slp\n|-damage|p1b: Kyogre|0 fnt\n|faint|p1b: Kyogre\n|-ability|p2a: Calyrex|Chilling Neigh|boost\n|-boost|p2a: Calyrex|atk|1\n|\n|-weather|RainDance|[upkeep]\n|upkeep\n|\n|t:|1740159820\n|switch|p1b: Urshifu|Urshifu-Rapid-Strike, L50, M|100\/100\n|turn|5\n|\n|t:|1740159831\n|move|p1b: Urshifu|Detect|p1b: Urshifu\n|-singleturn|p1b: Urshifu|Protect\n|-curestatus|p1a: Scizor|slp|[msg]\n|move|p1a: Scizor|Bullet Punch|p2b: Smeargle\n|-damage|p2b: Smeargle|0 fnt\n|faint|p2b: Smeargle\n|move|p2a: Calyrex|Glacial Lance|p1a: Scizor|[spread] p1a\n|-activate|p1b: Urshifu|move: Protect\n|-resisted|p1a: Scizor\n|-damage|p1a: Scizor|0 fnt\n|faint|p1a: Scizor\n|-ability|p2a: Calyrex|Chilling Neigh|boost\n|-boost|p2a: Calyrex|atk|1\n|\n|-weather|none\n|-fieldend|move: Trick Room\n|upkeep\n|\n|t:|1740159846\n|switch|p1a: Tsareena|Tsareena, L50, F|100\/100\n|switch|p2b: Ursaluna|Ursaluna-Bloodmoon, L50, M|100\/100\n|turn|6\n|\n|t:|1740159868\n|-terastallize|p1a: Tsareena|Fire\n|move|p1b: Urshifu|Surging Strikes|p2b: Ursaluna\n|-supereffective|p2b: Ursaluna\n|-crit|p2b: Ursaluna\n|-damage|p2b: Ursaluna|70\/100\n|-supereffective|p2b: Ursaluna\n|-crit|p2b: Ursaluna\n|-damage|p2b: Ursaluna|39\/100\n|-supereffective|p2b: Ursaluna\n|-crit|p2b: Ursaluna\n|-damage|p2b: Ursaluna|7\/100\n|-hitcount|p2b: Ursaluna|3\n|move|p1a: Tsareena|Power Whip|p2a: Calyrex\n|-supereffective|p2a: Calyrex\n|-damage|p2a: Calyrex|0 fnt\n|faint|p2a: Calyrex\n|move|p2b: Ursaluna|Hyper Voice|p1b: Urshifu|[spread] p1a,p1b\n|-damage|p1a: Tsareena|68\/100\n|-damage|p1b: Urshifu|25\/100\n|-damage|p2b: Ursaluna|0 fnt|[from] item: Life Orb\n|faint|p2b: Ursaluna\n|\n|win|sixtales\n|raw|sixtales's rating: 1538 &rarr; <strong>1561<\/strong><br \/>(+23 for winning)\n|raw|Jayson_Ubo's rating: 1589 &rarr; <strong>1566<\/strong><br \/>(-23 for losing)\n|l|\u2606Jayson_Ubo\n|player|p2|\n|l|\u2606sixtales\n|player|p1|\n","uploadtime":1740160096,"views":6,"formatid":"gen9vgc2025regg","rating":1561,"private":0,"password":null}