{"id":"gen9vgc2025regg-2305300909","format":"[Gen 9] VGC 2025 Reg G","players":["carmeloball","Jesuuuus"],"log":"|j|\u2606carmeloball\n|j|\u2606Jesuuuus\n|t:|1740169708\n|gametype|doubles\n|player|p1|carmeloball|169|1629\n|player|p2|Jesuuuus|alec-anime|1728\n|teamsize|p1|6\n|teamsize|p2|6\n|gen|9\n|tier|[Gen 9] VGC 2025 Reg G\n|rated|\n|rule|Species Clause: Limit one of each Pok\u00e9mon\n|rule|Item Clause: Limit 1 of each item\n|clearpoke\n|poke|p1|Terapagos, L50, M|\n|poke|p1|Amoonguss, L50, M|\n|poke|p1|Iron Hands, L50|\n|poke|p1|Flutter Mane, L50|\n|poke|p1|Chi-Yu, L50|\n|poke|p1|Urshifu-*, L50, F|\n|poke|p2|Calyrex-Ice, L50|\n|poke|p2|Roaring Moon, L50|\n|poke|p2|Urshifu-*, L50, M|\n|poke|p2|Landorus, L50, M|\n|poke|p2|Amoonguss, L50, F|\n|poke|p2|Pelipper, L50, M|\n|teampreview|4\n|j| ok3rd\n|\n|t:|1740169745\n|start\n|switch|p1a: Terapagos|Terapagos, L50, M|100\/100\n|switch|p1b: Flutter Mane|Flutter Mane, L50|100\/100\n|switch|p2a: Calyrex|Calyrex-Ice, L50|100\/100\n|switch|p2b: Landorus|Landorus, L50, M|100\/100\n|-activate|p1a: Terapagos|ability: Tera Shift\n|detailschange|p1a: Terapagos|Terapagos-Terastal, L50, M\n|-heal|p1a: Terapagos|100\/100|[silent]\n|-ability|p2a: Calyrex|As One\n|-ability|p2a: Calyrex|Unnerve\n|-enditem|p1b: Flutter Mane|Booster Energy\n|-activate|p1b: Flutter Mane|ability: Protosynthesis|[fromitem]\n|-start|p1b: Flutter Mane|protosynthesisspe\n|turn|1\n|l| ok3rd\n|j| 2-2-2 Ape\n|l| 2-2-2 Ape\n|\n|t:|1740169778\n|-terastallize|p1a: Terapagos|Stellar\n|detailschange|p1a: Terapagos|Terapagos-Stellar, L50, M, tera:Stellar\n|-heal|p1a: Terapagos|100\/100|[silent]\n|move|p1b: Flutter Mane|Icy Wind|p2b: Landorus|[spread] p2a,p2b\n|-resisted|p2a: Calyrex\n|-supereffective|p2b: Landorus\n|-damage|p2a: Calyrex|96\/100\n|-damage|p2b: Landorus|32\/100\n|-unboost|p2a: Calyrex|spe|1\n|-unboost|p2b: Landorus|spe|1\n|move|p1a: Terapagos|Meteor Beam||[still]\n|-prepare|p1a: Terapagos|Meteor Beam\n|-boost|p1a: Terapagos|spa|1\n|-enditem|p1a: Terapagos|Power Herb\n|-anim|p1a: Terapagos|Meteor Beam|p2a: Calyrex\n|-supereffective|p2a: Calyrex\n|-crit|p2a: Calyrex\n|-damage|p2a: Calyrex|0 fnt\n|faint|p2a: Calyrex\n|move|p2b: Landorus|Earth Power|p1a: Terapagos\n|-damage|p1a: Terapagos|48\/100\n|\n|upkeep\n|\n|t:|1740169813\n|switch|p2a: Urshifu|Urshifu-Rapid-Strike, L50, M|100\/100\n|turn|2\n|\n|t:|1740169835\n|move|p2b: Landorus|Protect|p2b: Landorus\n|-singleturn|p2b: Landorus|Protect\n|move|p1b: Flutter Mane|Icy Wind|p2a: Urshifu|[spread] p2a\n|-activate|p2b: Landorus|move: Protect\n|-resisted|p2a: Urshifu\n|-damage|p2a: Urshifu|93\/100\n|-unboost|p2a: Urshifu|spe|1\n|move|p1a: Terapagos|Tera Starstorm|p2b: Landorus|[spread] p2a\n|-activate|p2b: Landorus|move: Protect\n|-damage|p2a: Urshifu|21\/100\n|move|p2a: Urshifu|Surging Strikes|p1b: Flutter Mane\n|-crit|p1b: Flutter Mane\n|-damage|p1b: Flutter Mane|72\/100\n|-crit|p1b: Flutter Mane\n|-damage|p1b: Flutter Mane|43\/100\n|-crit|p1b: Flutter Mane\n|-damage|p1b: Flutter Mane|13\/100\n|-hitcount|p1b: Flutter Mane|3\n|\n|upkeep\n|turn|3\n|\n|t:|1740169854\n|switch|p2b: Roaring Moon|Roaring Moon, L50|100\/100\n|-enditem|p2b: Roaring Moon|Booster Energy\n|-activate|p2b: Roaring Moon|ability: Protosynthesis|[fromitem]\n|-start|p2b: Roaring Moon|protosynthesisspe\n|move|p2a: Urshifu|Aqua Jet|p1b: Flutter Mane\n|-damage|p1b: Flutter Mane|0 fnt\n|faint|p1b: Flutter Mane\n|-end|p1b: Flutter Mane|Protosynthesis|[silent]\n|move|p1a: Terapagos|Tera Starstorm|p2a: Urshifu|[spread] p2a,p2b\n|-damage|p2a: Urshifu|0 fnt\n|-damage|p2b: Roaring Moon|42\/100\n|faint|p2a: Urshifu\n|\n|upkeep\n|\n|t:|1740169866\n|switch|p1b: Iron Hands|Iron Hands, L50|100\/100\n|switch|p2a: Landorus|Landorus, L50, M|32\/100\n|turn|4\n|\n|t:|1740169881\n|move|p2b: Roaring Moon|Protect|p2b: Roaring Moon\n|-singleturn|p2b: Roaring Moon|Protect\n|move|p2a: Landorus|Protect|p2a: Landorus\n|-singleturn|p2a: Landorus|Protect\n|move|p1b: Iron Hands|Fake Out|p2b: Roaring Moon\n|-activate|p2b: Roaring Moon|move: Protect\n|move|p1a: Terapagos|Tera Starstorm|p2b: Roaring Moon|[spread] \n|-activate|p2a: Landorus|move: Protect\n|-activate|p2b: Roaring Moon|move: Protect\n|\n|upkeep\n|turn|5\n|\n|t:|1740169926\n|-terastallize|p2b: Roaring Moon|Poison\n|move|p1a: Terapagos|Protect|p1a: Terapagos\n|-singleturn|p1a: Terapagos|Protect\n|move|p2b: Roaring Moon|Breaking Swipe|p1b: Iron Hands|[spread] p1b\n|-activate|p1a: Terapagos|move: Protect\n|-damage|p1b: Iron Hands|86\/100\n|-unboost|p1b: Iron Hands|atk|1\n|move|p2a: Landorus|Sandsear Storm|p1b: Iron Hands|[spread] p1b\n|-activate|p1a: Terapagos|move: Protect\n|-supereffective|p1b: Iron Hands\n|-damage|p1b: Iron Hands|11\/100\n|move|p1b: Iron Hands|Wild Charge|p2b: Roaring Moon\n|-damage|p2b: Roaring Moon|7\/100\n|-damage|p1b: Iron Hands|4\/100|[from] Recoil\n|\n|upkeep\n|turn|6\n|\n|t:|1740169946\n|move|p2b: Roaring Moon|Breaking Swipe|p1b: Iron Hands|[spread] p1a,p1b\n|-damage|p1a: Terapagos|35\/100\n|-damage|p1b: Iron Hands|0 fnt\n|-unboost|p1a: Terapagos|atk|1\n|faint|p1b: Iron Hands\n|-end|p1b: Iron Hands|Quark Drive|[silent]\n|move|p2a: Landorus|Earth Power|p1a: Terapagos\n|-damage|p1a: Terapagos|0 fnt\n|faint|p1a: Terapagos\n|\n|upkeep\n|\n|t:|1740169950\n|switch|p1b: Chi-Yu|Chi-Yu, L50|100\/100\n|-ability|p1b: Chi-Yu|Beads of Ruin\n|turn|7\n|\n|t:|1740169959\n|move|p2b: Roaring Moon|Protect|p2b: Roaring Moon\n|-singleturn|p2b: Roaring Moon|Protect\n|move|p2a: Landorus|Protect|p2a: Landorus\n|-singleturn|p2a: Landorus|Protect\n|move|p1b: Chi-Yu|Heat Wave|p2b: Roaring Moon|[spread] \n|-activate|p2a: Landorus|move: Protect\n|-activate|p2b: Roaring Moon|move: Protect\n|\n|upkeep\n|turn|8\n|\n|t:|1740169977\n|move|p2b: Roaring Moon|Tailwind|p2b: Roaring Moon\n|-sidestart|p2: Jesuuuus|move: Tailwind\n|move|p2a: Landorus|Earth Power|p1b: Chi-Yu\n|-supereffective|p1b: Chi-Yu\n|-damage|p1b: Chi-Yu|0 fnt\n|faint|p1b: Chi-Yu\n|\n|win|Jesuuuus\n|raw|carmeloball's rating: 1629 &rarr; <strong>1615<\/strong><br \/>(-14 for losing)\n|raw|Jesuuuus's rating: 1728 &rarr; <strong>1742<\/strong><br \/>(+14 for winning)\n|c|\u2606Jesuuuus|gg\n|l|\u2606carmeloball\n|player|p1|\n|l|\u2606Jesuuuus\n|player|p2|\n","uploadtime":1740170163,"views":10,"formatid":"gen9vgc2025regg","rating":1615,"private":0,"password":null}