{"id":"gen9vgc2025regg-2305821816","format":"[Gen 9] VGC 2025 Reg G","players":["Xermaeus","ryanplaytv"],"log":"|j|\u2606Xermaeus\n|j|\u2606ryanplaytv\n|t:|1740249876\n|gametype|doubles\n|player|p1|Xermaeus|101|1535\n|player|p2|ryanplaytv|hiker-gen4|1583\n|teamsize|p1|6\n|teamsize|p2|6\n|gen|9\n|tier|[Gen 9] VGC 2025 Reg G\n|rated|\n|rule|Species Clause: Limit one of each Pok\u00e9mon\n|rule|Item Clause: Limit 1 of each item\n|clearpoke\n|poke|p1|Whimsicott, L50, M|\n|poke|p1|Miraidon, L50|\n|poke|p1|Farigiraf, L50, M|\n|poke|p1|Iron Hands, L50|\n|poke|p1|Ogerpon-Hearthflame, L50, F|\n|poke|p1|Urshifu-*, L50, F|\n|poke|p2|Miraidon, L50|\n|poke|p2|Dondozo, L50, M|\n|poke|p2|Tatsugiri, L50, F|\n|poke|p2|Dragonite, L50, M|\n|poke|p2|Gholdengo, L50|\n|poke|p2|Chi-Yu, L50|\n|teampreview|4\n|\n|t:|1740249935\n|start\n|switch|p1a: Whimsicott|Whimsicott, L50, M, shiny|100\/100\n|switch|p1b: Miraidon|Miraidon, L50|100\/100\n|switch|p2a: Gholdengo|Gholdengo, L50|100\/100\n|switch|p2b: Dondozo|Dondozo, L50, M|100\/100\n|-fieldstart|move: Electric Terrain|[from] ability: Hadron Engine|[of] p1b: Miraidon\n|turn|1\n|\n|t:|1740249952\n|-terastallize|p2a: Gholdengo|Ground\n|move|p2b: Dondozo|Protect|p2b: Dondozo\n|-singleturn|p2b: Dondozo|Protect\n|move|p1a: Whimsicott|Light Screen|p1a: Whimsicott\n|-sidestart|p1: Xermaeus|move: Light Screen\n|move|p1b: Miraidon|Volt Switch|p2b: Dondozo\n|-activate|p2b: Dondozo|move: Protect\n|move|p2a: Gholdengo|Tera Blast|p1b: Miraidon|[anim] Tera Blast Ground\n|-supereffective|p1b: Miraidon\n|-crit|p1b: Miraidon\n|-damage|p1b: Miraidon|0 fnt\n|faint|p1b: Miraidon\n|\n|upkeep\n|\n|t:|1740249968\n|switch|p1b: Urshifu|Urshifu, L50, F|100\/100\n|turn|2\n|\n|t:|1740249986\n|switch|p2a: Tatsugiri|Tatsugiri, L50, F|100\/100\n|-activate|p2a: Tatsugiri|ability: Commander|[of] p2b: Dondozo\n|-boost|p2b: Dondozo|atk|2\n|-boost|p2b: Dondozo|spa|2\n|-boost|p2b: Dondozo|spe|2\n|-boost|p2b: Dondozo|def|2\n|-boost|p2b: Dondozo|spd|2\n|move|p1a: Whimsicott|Encore|p2b: Dondozo\n|-start|p2b: Dondozo|Encore\n|move|p2b: Dondozo|Protect||[still]\n|-fail|p2b: Dondozo\n|move|p1b: Urshifu|Wicked Blow|p2a: Tatsugiri|[miss]\n|-miss|p1b: Urshifu|p2a: Tatsugiri\n|\n|upkeep\n|turn|3\n|\n|t:|1740250008\n|move|p2b: Dondozo|Protect|p2b: Dondozo\n|-singleturn|p2b: Dondozo|Protect\n|move|p1a: Whimsicott|Moonblast|p2b: Dondozo\n|-activate|p2b: Dondozo|move: Protect\n|move|p1b: Urshifu|Wicked Blow|p2b: Dondozo\n|-crit|p2b: Dondozo\n|-damage|p2b: Dondozo|55\/100\n|\n|-heal|p2b: Dondozo|62\/100|[from] item: Leftovers\n|upkeep\n|turn|4\n|\n|t:|1740250027\n|move|p2b: Dondozo|Protect||[still]\n|-fail|p2b: Dondozo\n|move|p1a: Whimsicott|Moonblast|p2a: Tatsugiri|[miss]\n|-miss|p1a: Whimsicott|p2a: Tatsugiri\n|move|p1b: Urshifu|Wicked Blow|p2b: Dondozo\n|-crit|p2b: Dondozo\n|-damage|p2b: Dondozo|17\/100\n|\n|-heal|p2b: Dondozo|24\/100|[from] item: Leftovers\n|-end|p2b: Dondozo|Encore\n|upkeep\n|turn|5\n|\n|t:|1740250044\n|move|p2b: Dondozo|Protect|p2b: Dondozo\n|-singleturn|p2b: Dondozo|Protect\n|move|p1b: Urshifu|Protect|p1b: Urshifu\n|-singleturn|p1b: Urshifu|Protect\n|move|p1a: Whimsicott|Encore|p2b: Dondozo\n|-activate|p2b: Dondozo|move: Protect\n|\n|-heal|p2b: Dondozo|30\/100|[from] item: Leftovers\n|-sideend|p1: Xermaeus|move: Light Screen\n|-fieldend|move: Electric Terrain\n|upkeep\n|turn|6\n|\n|t:|1740250061\n|move|p1b: Urshifu|Protect||[still]\n|-fail|p1b: Urshifu\n|move|p1a: Whimsicott|Encore|p2b: Dondozo\n|-start|p2b: Dondozo|Encore\n|move|p2b: Dondozo|Protect||[still]\n|-fail|p2b: Dondozo\n|\n|-heal|p2b: Dondozo|36\/100|[from] item: Leftovers\n|upkeep\n|turn|7\n|\n|t:|1740250074\n|move|p2b: Dondozo|Protect|p2b: Dondozo\n|-singleturn|p2b: Dondozo|Protect\n|move|p1b: Urshifu|Protect|p1b: Urshifu\n|-singleturn|p1b: Urshifu|Protect\n|move|p1a: Whimsicott|Light Screen|p1a: Whimsicott\n|-sidestart|p1: Xermaeus|move: Light Screen\n|\n|-heal|p2b: Dondozo|42\/100|[from] item: Leftovers\n|upkeep\n|turn|8\n|inactive|Battle timer is ON: inactive players will automatically lose when time's up. (requested by Xermaeus)\n|\n|t:|1740250087\n|move|p2b: Dondozo|Protect|p2b: Dondozo\n|-singleturn|p2b: Dondozo|Protect\n|move|p1a: Whimsicott|Tailwind|p1a: Whimsicott\n|-sidestart|p1: Xermaeus|move: Tailwind\n|move|p1b: Urshifu|Wicked Blow|p2b: Dondozo\n|-crit|p2b: Dondozo\n|-damage|p2b: Dondozo|0 fnt\n|faint|p2b: Dondozo\n|\n|upkeep\n|j| FairyOfDoom\n|\n|t:|1740250097\n|switch|p2b: Gholdengo|Gholdengo, L50, tera:Ground|100\/100\n|turn|9\n|l| FairyOfDoom\n|\n|t:|1740250110\n|-terastallize|p1b: Urshifu|Dark\n|move|p1a: Whimsicott|Moonblast|p2b: Gholdengo\n|-crit|p2b: Gholdengo\n|-damage|p2b: Gholdengo|61\/100\n|move|p1b: Urshifu|Wicked Blow|p2b: Gholdengo\n|-crit|p2b: Gholdengo\n|-damage|p2b: Gholdengo|0 fnt\n|faint|p2b: Gholdengo\n|move|p2a: Tatsugiri|Muddy Water|p1b: Urshifu|[spread] p1b\n|-miss|p2a: Tatsugiri|p1a: Whimsicott\n|-damage|p1b: Urshifu|70\/100\n|-unboost|p1b: Urshifu|accuracy|1\n|\n|upkeep\n|\n|t:|1740250117\n|switch|p2b: Dragonite|Dragonite, L50, M|100\/100\n|turn|10\n|j| clutch step\n|\n|t:|1740250130\n|move|p1a: Whimsicott|Moonblast|p2a: Tatsugiri\n|-supereffective|p2a: Tatsugiri\n|-damage|p2a: Tatsugiri|32\/100\n|move|p1b: Urshifu|Wicked Blow|p2a: Tatsugiri\n|-crit|p2a: Tatsugiri\n|-damage|p2a: Tatsugiri|0 fnt\n|faint|p2a: Tatsugiri\n|move|p2b: Dragonite|Aerial Ace|p1a: Whimsicott\n|-supereffective|p1a: Whimsicott\n|-damage|p1a: Whimsicott|0 fnt\n|faint|p1a: Whimsicott\n|\n|upkeep\n|\n|t:|1740250142\n|switch|p1a: Iron Hands|Iron Hands, L50, shiny|100\/100\n|turn|11\n|\n|t:|1740250148\n|move|p1a: Iron Hands|Fake Out|p2b: Dragonite\n|-damage|p2b: Dragonite|93\/100\n|move|p1b: Urshifu|Wicked Blow|p2b: Dragonite\n|-crit|p2b: Dragonite\n|-damage|p2b: Dragonite|15\/100\n|cant|p2b: Dragonite|flinch\n|\n|-sideend|p1: Xermaeus|move: Light Screen\n|-sideend|p1: Xermaeus|move: Tailwind\n|upkeep\n|turn|12\n|\n|t:|1740250161\n|move|p1b: Urshifu|Protect|p1b: Urshifu\n|-singleturn|p1b: Urshifu|Protect\n|move|p2b: Dragonite|Aerial Ace|p1b: Urshifu\n|-activate|p1b: Urshifu|move: Protect\n|move|p1a: Iron Hands|Ice Punch|p2b: Dragonite\n|-supereffective|p2b: Dragonite\n|-damage|p2b: Dragonite|0 fnt\n|faint|p2b: Dragonite\n|\n|win|Xermaeus\n|raw|Xermaeus's rating: 1535 &rarr; <strong>1558<\/strong><br \/>(+23 for winning)\n|raw|ryanplaytv's rating: 1583 &rarr; <strong>1560<\/strong><br \/>(-23 for losing)\n|l|\u2606ryanplaytv\n|player|p2|\n|l|\u2606Xermaeus\n|player|p1|\n","uploadtime":1740250381,"views":2,"formatid":"gen9vgc2025regg","rating":1558,"private":0,"password":null}