{"id":"gen9vgc2025regg-2305442235","format":"[Gen 9] VGC 2025 Reg G","players":["ragionBolte","blindfishptsd"],"log":"|j|\u2606ragionBolte\n|j|\u2606blindfishptsd\n|t:|1740187132\n|gametype|doubles\n|player|p1|ragionBolte|101|1698\n|player|p2|blindfishptsd|169|1627\n|teamsize|p1|6\n|teamsize|p2|6\n|gen|9\n|tier|[Gen 9] VGC 2025 Reg G\n|rated|\n|rule|Species Clause: Limit one of each Pok\u00e9mon\n|rule|Item Clause: Limit 1 of each item\n|clearpoke\n|poke|p1|Calyrex-Ice, L50|\n|poke|p1|Urshifu-*, L50, M|\n|poke|p1|Incineroar, L50, M|\n|poke|p1|Comfey, L50, F|\n|poke|p1|Ogerpon, L50, F|\n|poke|p1|Heatran, L50, M|\n|poke|p2|Alcremie, L50, F|\n|poke|p2|Calyrex-Ice, L50|\n|poke|p2|Smeargle, L50, F|\n|poke|p2|Chi-Yu, L50|\n|poke|p2|Pelipper, L50, F|\n|poke|p2|Raging Bolt, L50|\n|teampreview|4\n|inactive|Battle timer is ON: inactive players will automatically lose when time's up. (requested by ragionBolte)\n|\n|t:|1740187161\n|start\n|switch|p1a: Comfey|Comfey, L50, F|100\/100\n|switch|p1b: Urshifu|Urshifu-Rapid-Strike, L50, M|100\/100\n|switch|p2a: absolute bs boi|Smeargle, L50, F|100\/100\n|switch|p2b: ice honse boi|Calyrex-Ice, L50|100\/100\n|-ability|p2b: ice honse boi|As One\n|-ability|p2b: ice honse boi|Unnerve\n|turn|1\n|\n|t:|1740187185\n|-terastallize|p1b: Urshifu|Water\n|move|p2a: absolute bs boi|Fake Out|p1b: Urshifu\n|-damage|p1b: Urshifu|93\/100\n|cant|p1b: Urshifu|flinch\n|move|p1a: Comfey|Taunt|p2a: absolute bs boi\n|-start|p2a: absolute bs boi|move: Taunt\n|move|p2b: ice honse boi|Glacial Lance|p1a: Comfey|[spread] p1a,p1b\n|-resisted|p1b: Urshifu\n|-damage|p1a: Comfey|30\/100\n|-damage|p1b: Urshifu|64\/100\n|\n|upkeep\n|turn|2\n|\n|t:|1740187200\n|switch|p2a: zappy boi|Raging Bolt, L50|100\/100\n|-enditem|p2a: zappy boi|Booster Energy\n|-activate|p2a: zappy boi|ability: Protosynthesis|[fromitem]\n|-start|p2a: zappy boi|protosynthesisspa\n|switch|p1a: Incineroar|Incineroar, L50, M|100\/100\n|-ability|p1a: Incineroar|Intimidate|boost\n|-unboost|p2a: zappy boi|atk|1\n|-fail|p2b: ice honse boi|unboost|[from] item: Clear Amulet|[of] p2b: ice honse boi\n|-terastallize|p2b: ice honse boi|Water\n|move|p1b: Urshifu|Surging Strikes|p2b: ice honse boi\n|-resisted|p2b: ice honse boi\n|-crit|p2b: ice honse boi\n|-damage|p2b: ice honse boi|91\/100\n|-resisted|p2b: ice honse boi\n|-crit|p2b: ice honse boi\n|-damage|p2b: ice honse boi|82\/100\n|-resisted|p2b: ice honse boi\n|-crit|p2b: ice honse boi\n|-damage|p2b: ice honse boi|73\/100\n|-hitcount|p2b: ice honse boi|3\n|move|p2b: ice honse boi|Glacial Lance|p1b: Urshifu|[spread] p1a,p1b\n|-resisted|p1a: Incineroar\n|-resisted|p1b: Urshifu\n|-damage|p1a: Incineroar|76\/100\n|-damage|p1b: Urshifu|35\/100\n|\n|upkeep\n|turn|3\n|inactive|ragionBolte has 30 seconds left.\n|\n|t:|1740187227\n|switch|p1b: Calyrex|Calyrex-Ice, L50|100\/100\n|-ability|p1b: Calyrex|As One\n|-ability|p1b: Calyrex|Unnerve\n|move|p1a: Incineroar|Fake Out|p2a: zappy boi\n|-damage|p2a: zappy boi|92\/100\n|cant|p2a: zappy boi|flinch\n|move|p2b: ice honse boi|High Horsepower|p1a: Incineroar\n|-supereffective|p1a: Incineroar\n|-damage|p1a: Incineroar|5\/100\n|\n|upkeep\n|turn|4\n|j| Samevgcmons\n|\n|t:|1740187250\n|-end|p2a: zappy boi|Protosynthesis|[silent]\n|switch|p2a: absolute bs boi|Smeargle, L50, F|100\/100\n|move|p1b: Calyrex|Glacial Lance|p2a: absolute bs boi|[spread] p2a,p2b\n|-resisted|p2b: ice honse boi\n|-enditem|p2a: absolute bs boi|Focus Sash\n|-damage|p2a: absolute bs boi|1\/100\n|-damage|p2b: ice honse boi|58\/100\n|move|p1a: Incineroar|Will-O-Wisp|p2b: ice honse boi\n|-status|p2b: ice honse boi|brn\n|move|p2b: ice honse boi|Glacial Lance|p1a: Incineroar|[spread] p1a,p1b\n|-resisted|p1a: Incineroar\n|-resisted|p1b: Calyrex\n|-damage|p1a: Incineroar|0 fnt\n|-damage|p1b: Calyrex|93\/100\n|faint|p1a: Incineroar\n|-ability|p2b: ice honse boi|Chilling Neigh|boost\n|-boost|p2b: ice honse boi|atk|1\n|\n|-damage|p2b: ice honse boi|52\/100 brn|[from] brn\n|upkeep\n|\n|t:|1740187268\n|switch|p1a: Comfey|Comfey, L50, F|30\/100\n|turn|5\n|\n|t:|1740187284\n|move|p2a: absolute bs boi|Wide Guard|p2a: absolute bs boi\n|-singleturn|p2a: absolute bs boi|Wide Guard\n|move|p1a: Comfey|Draining Kiss|p2a: absolute bs boi\n|-damage|p2a: absolute bs boi|0 fnt\n|-heal|p1a: Comfey|31\/100|[from] drain|[of] p2a: absolute bs boi\n|faint|p2a: absolute bs boi\n|move|p1b: Calyrex|Seed Bomb|p2b: ice honse boi\n|-supereffective|p2b: ice honse boi\n|-damage|p2b: ice honse boi|11\/100 brn\n|move|p2b: ice honse boi|Glacial Lance|p1a: Comfey|[spread] p1a,p1b\n|-resisted|p1b: Calyrex\n|-damage|p1a: Comfey|0 fnt\n|-damage|p1b: Calyrex|80\/100\n|faint|p1a: Comfey\n|-ability|p2b: ice honse boi|Chilling Neigh|boost\n|-boost|p2b: ice honse boi|atk|1\n|\n|-damage|p2b: ice honse boi|5\/100 brn|[from] brn\n|upkeep\n|\n|t:|1740187307\n|switch|p2a: zappy boi|Raging Bolt, L50|92\/100\n|switch|p1a: Urshifu|Urshifu-Rapid-Strike, L50, M, tera:Water|35\/100\n|turn|6\n|\n|t:|1740187315\n|move|p1a: Urshifu|Aqua Jet|p2b: ice honse boi\n|-resisted|p2b: ice honse boi\n|-damage|p2b: ice honse boi|0 fnt\n|faint|p2b: ice honse boi\n|move|p2a: zappy boi|Thunderclap||[still]\n|-fail|p2a: zappy boi\n|move|p1b: Calyrex|Glacial Lance|p2a: zappy boi\n|-supereffective|p2a: zappy boi\n|-damage|p2a: zappy boi|0 fnt\n|faint|p2a: zappy boi\n|-end|p2a: zappy boi|Protosynthesis|[silent]\n|-ability|p1b: Calyrex|Chilling Neigh|boost\n|-boost|p1b: Calyrex|atk|1\n|\n|upkeep\n|inactive|blindfishptsd has 30 seconds left.\n|inactive|blindfishptsd has 20 seconds left.\n|l| Samevgcmons\n|inactive|blindfishptsd has 15 seconds left.\n|inactive|blindfishptsd has 10 seconds left.\n|inactive|blindfishptsd has 5 seconds left.\n|\n|t:|1740187370\n|switch|p2a: da birb boi|Pelipper, L50, F|100\/100\n|-weather|RainDance|[from] ability: Drizzle|[of] p2a: da birb boi\n|turn|7\n|inactive|blindfishptsd has 30 seconds left.\n|\n|t:|1740187399\n|move|p1a: Urshifu|Aqua Jet|p2a: da birb boi\n|-resisted|p2a: da birb boi\n|-damage|p2a: da birb boi|75\/100\n|move|p2a: da birb boi|Weather Ball|p1b: Calyrex\n|-damage|p1b: Calyrex|38\/100\n|-damage|p2a: da birb boi|66\/100|[from] item: Life Orb\n|move|p1b: Calyrex|Glacial Lance|p2a: da birb boi\n|-damage|p2a: da birb boi|0 fnt\n|faint|p2a: da birb boi\n|\n|win|ragionBolte\n|raw|ragionBolte's rating: 1698 &rarr; <strong>1714<\/strong><br \/>(+16 for winning)\n|raw|blindfishptsd's rating: 1627 &rarr; <strong>1611<\/strong><br \/>(-16 for losing)\n|l|\u2606ragionBolte\n|player|p1|\n|l|\u2606blindfishptsd\n|player|p2|\n","uploadtime":1740187654,"views":3,"formatid":"gen9vgc2025regg","rating":1611,"private":0,"password":null}