{"id":"gen9vgc2025regg-2305512259","format":"[Gen 9] VGC 2025 Reg G","players":["PorigonG","Jadenhess"],"log":"|j|\u2606PorigonG\n|j|\u2606Jadenhess\n|t:|1740197241\n|gametype|doubles\n|player|p1|PorigonG|red|1576\n|player|p2|Jadenhess|101|1503\n|teamsize|p1|6\n|teamsize|p2|6\n|gen|9\n|tier|[Gen 9] VGC 2025 Reg G\n|rated|\n|rule|Species Clause: Limit one of each Pok\u00e9mon\n|rule|Item Clause: Limit 1 of each item\n|clearpoke\n|poke|p1|Terapagos, L50, M|\n|poke|p1|Chi-Yu, L50|\n|poke|p1|Urshifu-*, L50, M|\n|poke|p1|Ogerpon-Cornerstone, L50, F|\n|poke|p1|Raging Bolt, L50|\n|poke|p1|Flutter Mane, L50|\n|poke|p2|Koraidon, L50|\n|poke|p2|Walking Wake, L50|\n|poke|p2|Tyranitar, L50, F|\n|poke|p2|Gouging Fire, L50|\n|poke|p2|Whimsicott, L50, M|\n|poke|p2|Scovillain, L50, M|\n|teampreview|4\n|inactive|Battle timer is ON: inactive players will automatically lose when time's up. (requested by Jadenhess)\nPorigonG has agreed to open team sheets.\n|inactive|PorigonG has 60 seconds left.\n|inactive|Jadenhess has 60 seconds left.\n|\n|t:|1740197278\n|start\n|switch|p1a: Ogerpon|Ogerpon-Cornerstone, L50, F|100\/100\n|switch|p1b: Raging Bolt|Raging Bolt, L50|100\/100\n|switch|p2a: Koraidon|Koraidon, L50|100\/100\n|switch|p2b: Scovillain|Scovillain, L50, M|100\/100\n|-weather|SunnyDay|[from] ability: Orichalcum Pulse|[of] p2a: Koraidon\n|-activate|p1b: Raging Bolt|ability: Protosynthesis\n|-start|p1b: Raging Bolt|protosynthesisspa\n|-activate|p2a: Koraidon|Orichalcum Pulse|[source]\n|turn|1\n|\n|t:|1740197293\n|move|p1a: Ogerpon|Spiky Shield|p1a: Ogerpon\n|-singleturn|p1a: Ogerpon|move: Protect\n|move|p2a: Koraidon|Protect|p2a: Koraidon\n|-singleturn|p2a: Koraidon|Protect\n|move|p2b: Scovillain|Flamethrower|p1a: Ogerpon\n|-activate|p1a: Ogerpon|move: Protect\n|move|p1b: Raging Bolt|Dragon Pulse|p2a: Koraidon\n|-activate|p2a: Koraidon|move: Protect\n|\n|-weather|SunnyDay|[upkeep]\n|upkeep\n|turn|2\n|\n|t:|1740197302\n|switch|p1a: Urshifu|Urshifu-Rapid-Strike, L50, M|100\/100\n|switch|p2a: Whimsicott|Whimsicott, L50, M|100\/100\n|move|p2b: Scovillain|Flamethrower|p1a: Urshifu\n|-resisted|p1a: Urshifu\n|-damage|p1a: Urshifu|62\/100\n|-status|p1a: Urshifu|brn\n|move|p1b: Raging Bolt|Dragon Pulse|p2a: Whimsicott\n|-immune|p2a: Whimsicott\n|\n|-weather|SunnyDay|[upkeep]\n|-damage|p1a: Urshifu|56\/100 brn|[from] brn\n|upkeep\n|turn|3\n|\n|t:|1740197311\n|move|p2b: Scovillain|Flamethrower|p1a: Urshifu\n|-resisted|p1a: Urshifu\n|-damage|p1a: Urshifu|16\/100 brn\n|move|p2a: Whimsicott|Dazzling Gleam|p1b: Raging Bolt|[spread] p1a,p1b\n|-supereffective|p1a: Urshifu\n|-supereffective|p1b: Raging Bolt\n|-damage|p1a: Urshifu|0 fnt\n|-damage|p1b: Raging Bolt|81\/100\n|faint|p1a: Urshifu\n|move|p1b: Raging Bolt|Dragon Pulse|p2b: Scovillain\n|-damage|p2b: Scovillain|4\/100\n|\n|-weather|SunnyDay|[upkeep]\n|upkeep\n|\n|t:|1740197317\n|switch|p1a: Terapagos|Terapagos, L50, M|100\/100\n|-activate|p1a: Terapagos|ability: Tera Shift\n|detailschange|p1a: Terapagos|Terapagos-Terastal, L50, M\n|-heal|p1a: Terapagos|100\/100|[silent]\n|turn|4\n|\n|t:|1740197328\n|switch|p2a: Koraidon|Koraidon, L50|100\/100\n|-activate|p2a: Koraidon|ability: Orichalcum Pulse\n|move|p1b: Raging Bolt|Thunderclap||[still]\n|-fail|p1b: Raging Bolt\n|move|p2b: Scovillain|Spicy Extract|p2a: Koraidon\n|-fail|p2a: Koraidon|unboost|[from] item: Clear Amulet|[of] p2a: Koraidon\n|-boost|p2a: Koraidon|atk|2\n|move|p1a: Terapagos|Tera Starstorm|p2b: Scovillain\n|-damage|p2b: Scovillain|0 fnt\n|faint|p2b: Scovillain\n|\n|-weather|SunnyDay|[upkeep]\n|upkeep\n|\n|t:|1740197339\n|switch|p2b: Whimsicott|Whimsicott, L50, M|100\/100\n|turn|5\n|\n|t:|1740197347\n|move|p2a: Koraidon|Protect|p2a: Koraidon\n|-singleturn|p2a: Koraidon|Protect\n|move|p2b: Whimsicott|Dazzling Gleam|p1b: Raging Bolt|[spread] p1a,p1b\n|-activate|p1a: Terapagos|ability: Tera Shell\n|-resisted|p1a: Terapagos\n|-supereffective|p1b: Raging Bolt\n|-damage|p1a: Terapagos|94\/100\n|-damage|p1b: Raging Bolt|65\/100\n|move|p1a: Terapagos|Tera Starstorm|p2a: Koraidon\n|-activate|p2a: Koraidon|move: Protect\n|move|p1b: Raging Bolt|Dragon Pulse|p2a: Koraidon\n|-activate|p2a: Koraidon|move: Protect\n|\n|-weather|none\n|-end|p1b: Raging Bolt|Protosynthesis\n|upkeep\n|turn|6\n|\n|t:|1740197358\n|move|p1a: Terapagos|Protect|p1a: Terapagos\n|-singleturn|p1a: Terapagos|Protect\n|move|p2b: Whimsicott|Light Screen|p2b: Whimsicott\n|-sidestart|p2: Jadenhess|move: Light Screen\n|move|p2a: Koraidon|Drain Punch|p1a: Terapagos\n|-activate|p1a: Terapagos|move: Protect\n|move|p1b: Raging Bolt|Dragon Pulse|p2a: Koraidon\n|-supereffective|p2a: Koraidon\n|-damage|p2a: Koraidon|66\/100\n|\n|upkeep\n|turn|7\n|\n|t:|1740197374\n|-terastallize|p1a: Terapagos|Stellar\n|detailschange|p1a: Terapagos|Terapagos-Stellar, L50, M, tera:Stellar\n|-heal|p1a: Terapagos|96\/100|[silent]\n|move|p2b: Whimsicott|Dazzling Gleam|p1b: Raging Bolt|[spread] p1a,p1b\n|-supereffective|p1b: Raging Bolt\n|-damage|p1a: Terapagos|86\/100\n|-damage|p1b: Raging Bolt|46\/100\n|move|p2a: Koraidon|Drain Punch|p1a: Terapagos\n|-supereffective|p1a: Terapagos\n|-crit|p1a: Terapagos\n|-damage|p1a: Terapagos|0 fnt\n|-heal|p2a: Koraidon|100\/100|[from] drain|[of] p1a: Terapagos\n|faint|p1a: Terapagos\n|move|p1b: Raging Bolt|Dragon Pulse|p2a: Koraidon\n|-supereffective|p2a: Koraidon\n|-damage|p2a: Koraidon|64\/100\n|\n|upkeep\n|-message|PorigonG forfeited.\n|\n|win|Jadenhess\n|raw|PorigonG's rating: 1576 &rarr; <strong>1552<\/strong><br \/>(-24 for losing)\n|raw|Jadenhess's rating: 1503 &rarr; <strong>1527<\/strong><br \/>(+24 for winning)\n|l|\u2606PorigonG\n|player|p1|\n|l|\u2606Jadenhess\n|player|p2|\n","uploadtime":1740197528,"views":3,"formatid":"gen9vgc2025regg","rating":1527,"private":0,"password":null}