{"id":"gen9vgc2025regg-2305438603","format":"[Gen 9] VGC 2025 Reg G","players":["Admj8pgx'phj","salamionset"],"log":"|j|\u2606Admj8pgx'phj\n|j|\u2606salamionset\n|t:|1740186627\n|gametype|doubles\n|player|p1|Admj8pgx'phj|266|1566\n|player|p2|salamionset|1|1518\n|teamsize|p1|5\n|teamsize|p2|6\n|gen|9\n|tier|[Gen 9] VGC 2025 Reg G\n|rated|\n|rule|Species Clause: Limit one of each Pok\u00e9mon\n|rule|Item Clause: Limit 1 of each item\n|clearpoke\n|poke|p1|Urshifu-*, L50, M|\n|poke|p1|Whimsicott, L50, F|\n|poke|p1|Miraidon, L50|\n|poke|p1|Iron Hands, L50|\n|poke|p1|Farigiraf, L50, M|\n|poke|p2|Giratina-Origin, L50|\n|poke|p2|Cresselia, L50, F|\n|poke|p2|Ursaluna, L50, M|\n|poke|p2|Annihilape, L50, F|\n|poke|p2|Incineroar, L50, M|\n|poke|p2|Araquanid, L50, F|\n|teampreview|4\nsalamionset rejected open team sheets.\n|\n|t:|1740186642\n|start\n|switch|p1a: Urshifu|Urshifu, L50, M|100\/100\n|switch|p1b: Whimsicott|Whimsicott, L50, F|100\/100\n|switch|p2a: Annihilape|Annihilape, L50, F|100\/100\n|switch|p2b: Cresselia|Cresselia, L50, F|100\/100\n|turn|1\n|\n|t:|1740186656\n|-terastallize|p2b: Cresselia|Fairy\n|move|p1b: Whimsicott|Tailwind|p1b: Whimsicott\n|-sidestart|p1: Admj8pgx'phj|move: Tailwind\n|move|p1a: Urshifu|Wicked Blow|p2a: Annihilape\n|-crit|p2a: Annihilape\n|-damage|p2a: Annihilape|0 fnt\n|faint|p2a: Annihilape\n|move|p2b: Cresselia|Trick Room|p2b: Cresselia\n|-fieldstart|move: Trick Room|[of] p2b: Cresselia\n|\n|upkeep\n|\n|t:|1740186662\n|switch|p2a: Ursaluna|Ursaluna, L50, M|100\/100\n|turn|2\n|\n|t:|1740186668\n|move|p2b: Cresselia|Helping Hand|p2a: Ursaluna\n|-singleturn|p2a: Ursaluna|Helping Hand|[of] p2b: Cresselia\n|move|p1b: Whimsicott|Encore|p2b: Cresselia\n|-start|p2b: Cresselia|Encore\n|-enditem|p2b: Cresselia|Mental Herb\n|-end|p2b: Cresselia|Encore\n|move|p2a: Ursaluna|Earthquake|p1a: Urshifu|[spread] p1a,p1b\n|-immune|p2b: Cresselia|[from] ability: Levitate\n|-resisted|p1b: Whimsicott\n|-crit|p1b: Whimsicott\n|-damage|p1a: Urshifu|33\/100\n|-damage|p1b: Whimsicott|10\/100\n|move|p1a: Urshifu|Wicked Blow|p2a: Ursaluna\n|-crit|p2a: Ursaluna\n|-damage|p2a: Ursaluna|26\/100\n|\n|-status|p2a: Ursaluna|brn|[from] item: Flame Orb\n|upkeep\n|turn|3\n|\n|t:|1740186692\n|switch|p2b: Giratina|Giratina-Origin, L50|100\/100\n|move|p1b: Whimsicott|Encore|p2a: Ursaluna\n|-start|p2a: Ursaluna|Encore\n|move|p2a: Ursaluna|Earthquake|p1b: Whimsicott|[spread] p1a,p1b\n|-immune|p2b: Giratina|[from] ability: Levitate\n|-resisted|p1b: Whimsicott\n|-damage|p1a: Urshifu|0 fnt\n|-damage|p1b: Whimsicott|0 fnt\n|faint|p1a: Urshifu\n|faint|p1b: Whimsicott\n|\n|-damage|p2a: Ursaluna|20\/100 brn|[from] brn\n|upkeep\n|\n|t:|1740186699\n|switch|p1a: Miraidon|Miraidon, L50|100\/100\n|switch|p1b: Iron Hands|Iron Hands, L50|100\/100\n|-fieldstart|move: Electric Terrain|[from] ability: Hadron Engine|[of] p1a: Miraidon\n|-activate|p1b: Iron Hands|ability: Quark Drive\n|-start|p1b: Iron Hands|quarkdriveatk\n|turn|4\n|\n|t:|1740186730\n|switch|p2a: Cresselia|Cresselia, L50, F, tera:Fairy|100\/100\n|-terastallize|p1a: Miraidon|Fairy\n|move|p1b: Iron Hands|Fake Out|p2a: Cresselia\n|-damage|p2a: Cresselia|86\/100\n|move|p2b: Giratina|Shadow Force||[still]\n|-prepare|p2b: Giratina|Shadow Force\n|move|p1a: Miraidon|Dazzling Gleam|p2a: Cresselia|[spread] p2a\n|-miss|p1a: Miraidon|p2b: Giratina\n|-crit|p2a: Cresselia\n|-damage|p2a: Cresselia|27\/100\n|\n|-sideend|p1: Admj8pgx'phj|move: Tailwind\n|upkeep\n|turn|5\n|\n|t:|1740186747\n|move|p2a: Cresselia|Helping Hand|p2b: Giratina\n|-singleturn|p2b: Giratina|Helping Hand|[of] p2a: Cresselia\n|move|p1b: Iron Hands|Heavy Slam|p2a: Cresselia\n|-supereffective|p2a: Cresselia\n|-damage|p2a: Cresselia|0 fnt\n|faint|p2a: Cresselia\n|move|p2b: Giratina|Shadow Force|p1a: Miraidon|[from] lockedmove\n|-damage|p1a: Miraidon|0 fnt\n|faint|p1a: Miraidon\n|\n|-fieldend|move: Trick Room\n|upkeep\n|\n|t:|1740186757\n|switch|p2a: Ursaluna|Ursaluna, L50, M|20\/100 brn\n|turn|6\n|-message|Admj8pgx'phj forfeited.\n|\n|win|salamionset\n|raw|Admj8pgx&apos;phj's rating: 1566 &rarr; <strong>1543<\/strong><br \/>(-23 for losing)\n|raw|salamionset's rating: 1518 &rarr; <strong>1541<\/strong><br \/>(+23 for winning)\n|l|\u2606Admj8pgx'phj\n|player|p1|\n|l|\u2606salamionset\n|player|p2|\n","uploadtime":1740186961,"views":3,"formatid":"gen9vgc2025regg","rating":1541,"private":0,"password":null}