{"id":"gen9vgc2025regg-2305144393","format":"[Gen 9] VGC 2025 Reg G","players":["elvegis1","hjtl"],"log":"|j|\u2606elvegis1\n|j|\u2606hjtl\n|t:|1740153450\n|gametype|doubles\n|player|p1|elvegis1|lucas|1712\n|player|p2|hjtl|101|1611\n|teamsize|p1|6\n|teamsize|p2|6\n|gen|9\n|tier|[Gen 9] VGC 2025 Reg G\n|rated|\n|rule|Species Clause: Limit one of each Pok\u00e9mon\n|rule|Item Clause: Limit 1 of each item\n|clearpoke\n|poke|p1|Calyrex-Shadow, L50|\n|poke|p1|Urshifu-*, L50, F|\n|poke|p1|Whimsicott, L50, F|\n|poke|p1|Incineroar, L50, M|\n|poke|p1|Ditto, L50|\n|poke|p1|Raging Bolt, L50|\n|poke|p2|Dialga-Origin, L50|\n|poke|p2|Dragapult, L50, F|\n|poke|p2|Torkoal, L50, M|\n|poke|p2|Regieleki, L50|\n|poke|p2|Gallade, L50, M|\n|poke|p2|Ursaluna, L50, F|\n|teampreview|4\n|inactive|Battle timer is ON: inactive players will automatically lose when time's up. (requested by elvegis1)\n|\n|t:|1740153488\n|start\n|switch|p1a: Calyrex|Calyrex-Shadow, L50|100\/100\n|switch|p1b: Raging Bolt|Raging Bolt, L50|100\/100\n|switch|p2a: Regieleki|Regieleki, L50|100\/100\n|switch|p2b: Dialga|Dialga-Origin, L50|100\/100\n|-ability|p1a: Calyrex|As One\n|-ability|p1a: Calyrex|Unnerve\n|turn|1\n|\n|t:|1740153508\n|switch|p2a: Ursaluna|Ursaluna, L50, F|100\/100\n|move|p1a: Calyrex|Protect|p1a: Calyrex\n|-singleturn|p1a: Calyrex|Protect\n|move|p2b: Dialga|Protect|p2b: Dialga\n|-singleturn|p2b: Dialga|Protect\n|move|p1b: Raging Bolt|Draco Meteor|p2b: Dialga\n|-activate|p2b: Dialga|move: Protect\n|\n|-status|p2a: Ursaluna|brn|[from] item: Flame Orb\n|upkeep\n|turn|2\n|\n|t:|1740153526\n|-end|p1b: Raging Bolt|Protosynthesis|[silent]\n|switch|p1b: Incineroar|Incineroar, L50, M|100\/100\n|-ability|p1b: Incineroar|Intimidate|boost\n|-unboost|p2a: Ursaluna|atk|1\n|-unboost|p2b: Dialga|atk|1\n|-terastallize|p1a: Calyrex|Water\n|move|p1a: Calyrex|Tera Blast|p2a: Ursaluna|[anim] Tera Blast Water\n|-supereffective|p2a: Ursaluna\n|-damage|p2a: Ursaluna|19\/100 brn\n|move|p2a: Ursaluna|Earthquake|p1b: Incineroar|[spread] p1a,p1b\n|-activate|p2b: Dialga|ability: Telepathy\n|-supereffective|p1b: Incineroar\n|-damage|p1a: Calyrex|54\/100\n|-damage|p1b: Incineroar|32\/100\n|move|p2b: Dialga|Trick Room|p2b: Dialga\n|-fieldstart|move: Trick Room|[of] p2b: Dialga\n|\n|-damage|p2a: Ursaluna|13\/100 brn|[from] brn\n|upkeep\n|turn|3\n|inactive|elvegis1 has 30 seconds left.\n|inactive|hjtl has 30 seconds left.\n|\n|t:|1740153556\n|move|p2a: Ursaluna|Protect|p2a: Ursaluna\n|-singleturn|p2a: Ursaluna|Protect\n|move|p1b: Incineroar|Fake Out|p2b: Dialga\n|-resisted|p2b: Dialga\n|-damage|p2b: Dialga|97\/100\n|cant|p2b: Dialga|flinch\n|move|p1a: Calyrex|Astral Barrage|p2a: Ursaluna|[spread] p2b\n|-activate|p2a: Ursaluna|move: Protect\n|-damage|p2b: Dialga|46\/100\n|\n|-damage|p2a: Ursaluna|7\/100 brn|[from] brn\n|upkeep\n|turn|4\n|\n|t:|1740153579\n|move|p1a: Calyrex|Protect|p1a: Calyrex\n|-singleturn|p1a: Calyrex|Protect\n|move|p2a: Ursaluna|Earthquake|p1a: Calyrex|[spread] p1b\n|-activate|p1a: Calyrex|move: Protect\n|-activate|p2b: Dialga|ability: Telepathy\n|-supereffective|p1b: Incineroar\n|-damage|p1b: Incineroar|0 fnt\n|faint|p1b: Incineroar\n|move|p2b: Dialga|Dragon Pulse|p1a: Calyrex\n|-activate|p1a: Calyrex|move: Protect\n|\n|-damage|p2a: Ursaluna|1\/100 brn|[from] brn\n|upkeep\n|\n|t:|1740153589\n|switch|p1b: Ditto|Ditto, L50|100\/100\n|-transform|p1b: Ditto|p2a: Ursaluna|[from] ability: Imposter\n|turn|5\n|\n|t:|1740153606\n|-terastallize|p2b: Dialga|Water\n|move|p1a: Calyrex|Protect||[still]\n|-fail|p1a: Calyrex\n|move|p1b: Ditto|Earthquake|p2a: Ursaluna|[spread] p1a,p2a,p2b\n|-crit|p2b: Dialga\n|-damage|p1a: Calyrex|27\/100\n|-damage|p2a: Ursaluna|0 fnt\n|-damage|p2b: Dialga|0 fnt\n|faint|p2a: Ursaluna\n|faint|p2b: Dialga\n|\n|upkeep\n|\n|t:|1740153618\n|switch|p2a: Torkoal|Torkoal, L50, M|100\/100\n|switch|p2b: Regieleki|Regieleki, L50|100\/100\n|-weather|SunnyDay|[from] ability: Drought|[of] p2a: Torkoal\n|turn|6\n|\n|t:|1740153631\n|move|p1b: Ditto|Protect|p1b: Ditto\n|-singleturn|p1b: Ditto|Protect\n|move|p1a: Calyrex|Protect|p1a: Calyrex\n|-singleturn|p1a: Calyrex|Protect\n|move|p2b: Regieleki|Extreme Speed|p1a: Calyrex\n|-activate|p1a: Calyrex|move: Protect\n|move|p2a: Torkoal|Eruption|p1b: Ditto|[spread] \n|-activate|p1a: Calyrex|move: Protect\n|-activate|p1b: Ditto|move: Protect\n|\n|-weather|SunnyDay|[upkeep]\n|-fieldend|move: Trick Room\n|upkeep\n|turn|7\n|\n|t:|1740153650\n|move|p2b: Regieleki|Extreme Speed|p1a: Calyrex\n|-damage|p1a: Calyrex|0 fnt\n|faint|p1a: Calyrex\n|move|p1b: Ditto|Earthquake|p2b: Regieleki|[spread] p2a,p2b\n|-supereffective|p2a: Torkoal\n|-supereffective|p2b: Regieleki\n|-damage|p2a: Torkoal|56\/100\n|-damage|p2b: Regieleki|6\/100\n|move|p2a: Torkoal|Weather Ball|p1b: Ditto\n|-damage|p1b: Ditto|1\/100\n|\n|-weather|SunnyDay|[upkeep]\n|upkeep\n|\n|t:|1740153659\n|switch|p1a: Raging Bolt|Raging Bolt, L50|100\/100\n|-activate|p1a: Raging Bolt|ability: Protosynthesis\n|-start|p1a: Raging Bolt|protosynthesisspa\n|turn|8\n|\n|t:|1740153674\n|move|p1b: Ditto|Protect|p1b: Ditto\n|-singleturn|p1b: Ditto|Protect\n|move|p2b: Regieleki|Extreme Speed|p1b: Ditto\n|-activate|p1b: Ditto|move: Protect\n|move|p1a: Raging Bolt|Thunderbolt|p2a: Torkoal\n|-damage|p2a: Torkoal|0 fnt\n|faint|p2a: Torkoal\n|\n|-weather|SunnyDay|[upkeep]\n|upkeep\n|turn|9\n|-message|hjtl forfeited.\n|\n|win|elvegis1\n|raw|elvegis1's rating: 1712 &rarr; <strong>1726<\/strong><br \/>(+14 for winning)\n|raw|hjtl's rating: 1611 &rarr; <strong>1597<\/strong><br \/>(-14 for losing)\n|l|\u2606hjtl\n|player|p2|\n|l|\u2606elvegis1\n|player|p1|\n","uploadtime":1740153909,"views":6,"formatid":"gen9vgc2025regg","rating":1597,"private":0,"password":null}