{"id":"gen9vgc2025regg-2305788918","format":"[Gen 9] VGC 2025 Reg G","players":["shoe5222","Pierleo"],"log":"|j|\u2606shoe5222\n|j|\u2606Pierleo\n|t:|1740245700\n|gametype|doubles\n|player|p1|shoe5222|striker|1512\n|player|p2|Pierleo|101|1559\n|teamsize|p1|6\n|teamsize|p2|6\n|gen|9\n|tier|[Gen 9] VGC 2025 Reg G\n|rated|\n|rule|Species Clause: Limit one of each Pok\u00e9mon\n|rule|Item Clause: Limit 1 of each item\n|clearpoke\n|poke|p1|Farigiraf, L50, F|\n|poke|p1|Regieleki, L50|\n|poke|p1|Landorus, L50, M|\n|poke|p1|Ogerpon-Cornerstone, L50, F|\n|poke|p1|Urshifu-*, L50, F|\n|poke|p1|Calyrex-Ice, L50|\n|poke|p2|Murkrow, L50, M|\n|poke|p2|Rillaboom, L50, M|\n|poke|p2|Incineroar, L50, M|\n|poke|p2|Garganacl, L50, M|\n|poke|p2|Miraidon, L50|\n|poke|p2|Urshifu-*, L50, M|\n|teampreview|4\n|inactive|Battle timer is ON: inactive players will automatically lose when time's up. (requested by shoe5222)\n|\n|t:|1740245736\n|start\n|switch|p1a: Regieleki|Regieleki, L50|100\/100\n|switch|p1b: Calyrex|Calyrex-Ice, L50|100\/100\n|switch|p2a: Murkrow|Murkrow, L50, M|100\/100\n|switch|p2b: Urshifu|Urshifu-Rapid-Strike, L50, M|100\/100\n|-ability|p1b: Calyrex|As One\n|-ability|p1b: Calyrex|Unnerve\n|turn|1\n|inactive|shoe5222 has 30 seconds left.\n|\n|t:|1740245765\n|switch|p2a: Incineroar|Incineroar, L50, M|100\/100\n|-ability|p2a: Incineroar|Intimidate|boost\n|-unboost|p1a: Regieleki|atk|1\n|-fail|p1b: Calyrex|unboost|[from] item: Clear Amulet|[of] p1b: Calyrex\n|-terastallize|p1b: Calyrex|Water\n|move|p2b: Urshifu|Protect|p2b: Urshifu\n|-singleturn|p2b: Urshifu|Protect\n|move|p1a: Regieleki|Volt Switch|p2b: Urshifu\n|-activate|p2b: Urshifu|move: Protect\n|move|p1b: Calyrex|Glacial Lance|p2a: Incineroar|[spread] p2a\n|-activate|p2b: Urshifu|move: Protect\n|-resisted|p2a: Incineroar\n|-damage|p2a: Incineroar|73\/100\n|\n|upkeep\n|turn|2\n|j| Therazer456\n|\n|t:|1740245786\n|switch|p1a: Farigiraf|Farigiraf, L50, F|100\/100\n|move|p2b: Urshifu|Surging Strikes|p1a: Farigiraf\n|-crit|p1a: Farigiraf\n|-damage|p1a: Farigiraf|80\/100\n|-crit|p1a: Farigiraf\n|-damage|p1a: Farigiraf|61\/100\n|-crit|p1a: Farigiraf\n|-damage|p1a: Farigiraf|40\/100\n|-hitcount|p1a: Farigiraf|3\n|move|p2a: Incineroar|Will-O-Wisp|p1b: Calyrex|[miss]\n|-miss|p2a: Incineroar|p1b: Calyrex\n|move|p1b: Calyrex|High Horsepower|p2a: Incineroar\n|-supereffective|p2a: Incineroar\n|-damage|p2a: Incineroar|0 fnt\n|faint|p2a: Incineroar\n|-ability|p1b: Calyrex|Chilling Neigh|boost\n|-boost|p1b: Calyrex|atk|1\n|\n|upkeep\n|\n|t:|1740245802\n|switch|p2a: Miraidon|Miraidon, L50|100\/100\n|-fieldstart|move: Electric Terrain|[from] ability: Hadron Engine|[of] p2a: Miraidon\n|turn|3\n|\n|t:|1740245827\n|switch|p1b: Landorus|Landorus, L50, M|100\/100\n|move|p2a: Miraidon|Electro Drift|p1b: Landorus\n|-immune|p1b: Landorus\n|move|p2b: Urshifu|Surging Strikes|p1a: Farigiraf\n|-crit|p1a: Farigiraf\n|-damage|p1a: Farigiraf|20\/100\n|-crit|p1a: Farigiraf\n|-damage|p1a: Farigiraf|0 fnt\n|faint|p1a: Farigiraf\n|-hitcount|p1: Farigiraf|2\n|\n|upkeep\n|\n|t:|1740245835\n|switch|p1a: Regieleki|Regieleki, L50|100\/100\n|turn|4\n|\n|t:|1740245841\n|switch|p2a: Murkrow|Murkrow, L50, M|100\/100\n|move|p2b: Urshifu|Protect|p2b: Urshifu\n|-singleturn|p2b: Urshifu|Protect\n|move|p1a: Regieleki|Electroweb|p2b: Urshifu|[spread] p2a\n|-activate|p2b: Urshifu|move: Protect\n|-supereffective|p2a: Murkrow\n|-damage|p2a: Murkrow|35\/100\n|-unboost|p2a: Murkrow|spe|1\n|move|p1b: Landorus|Sandsear Storm|p2b: Urshifu|[spread] \n|-activate|p2b: Urshifu|move: Protect\n|-immune|p2a: Murkrow\n|\n|upkeep\n|turn|5\n|\n|t:|1740245863\n|-terastallize|p2b: Urshifu|Water\n|move|p2a: Murkrow|Tailwind|p2a: Murkrow\n|-sidestart|p2: Pierleo|move: Tailwind\n|move|p2b: Urshifu|Surging Strikes|p1a: Regieleki\n|-crit|p1a: Regieleki\n|-damage|p1a: Regieleki|50\/100\n|-crit|p1a: Regieleki\n|-damage|p1a: Regieleki|2\/100\n|-crit|p1a: Regieleki\n|-damage|p1a: Regieleki|0 fnt\n|faint|p1a: Regieleki\n|-hitcount|p1: Regieleki|3\n|move|p1b: Landorus|Sludge Bomb|p2b: Urshifu\n|-damage|p2b: Urshifu|28\/100\n|\n|upkeep\n|\n|t:|1740245870\n|switch|p1a: Calyrex|Calyrex-Ice, L50, tera:Water|100\/100\n|-ability|p1a: Calyrex|As One\n|-ability|p1a: Calyrex|Unnerve\n|turn|6\n|j| Dr. Betonmischa\n|\n|t:|1740245884\n|move|p2b: Urshifu|Surging Strikes|p1b: Landorus\n|-supereffective|p1b: Landorus\n|-crit|p1b: Landorus\n|-damage|p1b: Landorus|30\/100\n|-supereffective|p1b: Landorus\n|-crit|p1b: Landorus\n|-damage|p1b: Landorus|0 fnt\n|faint|p1b: Landorus\n|-hitcount|p1: Landorus|2\n|move|p2a: Murkrow|Foul Play|p1a: Calyrex\n|-damage|p1a: Calyrex|62\/100\n|move|p1a: Calyrex|Trick Room|p1a: Calyrex\n|-fieldstart|move: Trick Room|[of] p1a: Calyrex\n|\n|upkeep\n|turn|7\n|l| Dr. Betonmischa\n|inactive|Pierleo has 30 seconds left.\n|\n|t:|1740245913\n|switch|p2a: Miraidon|Miraidon, L50|100\/100\n|-activate|p2a: Miraidon|ability: Hadron Engine\n|move|p1a: Calyrex|Glacial Lance|p2a: Miraidon|[spread] p2a,p2b\n|-supereffective|p2a: Miraidon\n|-resisted|p2b: Urshifu\n|-crit|p2b: Urshifu\n|-damage|p2a: Miraidon|2\/100\n|-damage|p2b: Urshifu|0 fnt\n|faint|p2b: Urshifu\n|-ability|p1a: Calyrex|Chilling Neigh|boost\n|-boost|p1a: Calyrex|atk|1\n|\n|-fieldend|move: Electric Terrain\n|upkeep\n|-message|Pierleo forfeited.\n|\n|win|shoe5222\n|raw|shoe5222's rating: 1512 &rarr; <strong>1535<\/strong><br \/>(+23 for winning)\n|raw|Pierleo's rating: 1559 &rarr; <strong>1536<\/strong><br \/>(-23 for losing)\n|l|\u2606Pierleo\n|player|p2|\n|l|\u2606shoe5222\n|player|p1|\n|j|\u2606shoe5222\n|player|p1|shoe5222|striker|\n","uploadtime":1740246093,"views":3,"formatid":"gen9vgc2025regg","rating":1535,"private":0,"password":null}