{"id":"gen9vgc2025regg-2305336229","format":"[Gen 9] VGC 2025 Reg G","players":["snadmonkey","ReReReTryAgain"],"log":"|j|\u2606snadmonkey\n|j|\u2606ReReReTryAgain\n|t:|1740173733\n|gametype|doubles\n|player|p1|snadmonkey|266|1572\n|player|p2|ReReReTryAgain|1|1778\n|teamsize|p1|6\n|teamsize|p2|6\n|gen|9\n|tier|[Gen 9] VGC 2025 Reg G\n|rated|\n|rule|Species Clause: Limit one of each Pok\u00e9mon\n|rule|Item Clause: Limit 1 of each item\n|clearpoke\n|poke|p1|Zamazenta-*, L50|\n|poke|p1|Weezing-Galar, L50, M|\n|poke|p1|Dondozo, L50, M|\n|poke|p1|Tatsugiri, L50, M|\n|poke|p1|Chien-Pao, L50|\n|poke|p1|Rillaboom, L50, M|\n|poke|p2|Ogerpon-Cornerstone, L50, F|\n|poke|p2|Lunala, L50|\n|poke|p2|Indeedee-F, L50, F|\n|poke|p2|Roaring Moon, L50|\n|poke|p2|Urshifu-*, L50, M|\n|poke|p2|Ursaluna, L50, F|\n|teampreview|4\n|inactive|Battle timer is ON: inactive players will automatically lose when time's up. (requested by snadmonkey)\n|inactive|ReReReTryAgain has 60 seconds left.\n|c|\u2606ReReReTryAgain|Awful matchup, ggs already jajajaja\n|inactive|ReReReTryAgain has 30 seconds left.\n|\n|t:|1740173794\n|start\n|switch|p1a: Zamazenta|Zamazenta-Crowned, L50|100\/100\n|switch|p1b: Weezing|Weezing-Galar, L50, M|100\/100\n|switch|p2a: Roaring Moon|Roaring Moon, L50|100\/100\n|switch|p2b: Urshifu|Urshifu-Rapid-Strike, L50, M|100\/100\n|-ability|p1b: Weezing|Neutralizing Gas\n|turn|1\n|\n|t:|1740173811\n|-terastallize|p2a: Roaring Moon|Ghost\n|move|p2b: Urshifu|Detect|p2b: Urshifu\n|-singleturn|p2b: Urshifu|Protect\n|move|p2a: Roaring Moon|Tailwind|p2a: Roaring Moon\n|-sidestart|p2: ReReReTryAgain|move: Tailwind\n|move|p1a: Zamazenta|Body Press|p2b: Urshifu\n|-activate|p2b: Urshifu|move: Protect\n|move|p1b: Weezing|Toxic Spikes|p2a: Roaring Moon\n|-sidestart|p2: ReReReTryAgain|move: Toxic Spikes\n|\n|upkeep\n|turn|2\n|inactive|ReReReTryAgain has 30 seconds left.\n|\n|t:|1740173837\n|move|p1a: Zamazenta|Protect|p1a: Zamazenta\n|-singleturn|p1a: Zamazenta|Protect\n|move|p2a: Roaring Moon|Taunt|p1b: Weezing\n|-start|p1b: Weezing|move: Taunt\n|move|p2b: Urshifu|U-turn|p1b: Weezing\n|-resisted|p1b: Weezing\n|-damage|p1b: Weezing|95\/100\n|-damage|p2b: Urshifu|91\/100|[from] item: Life Orb\n|\n|t:|1740173845\n|switch|p2b: Lunala|Lunala, L50|100\/100|[from] U-turn\n|-status|p2b: Lunala|psn\n|cant|p1b: Weezing|move: Taunt|Poison Gas\n|\n|-damage|p2b: Lunala|88\/100 psn|[from] psn\n|upkeep\n|turn|3\n|\n|t:|1740173862\n|move|p2a: Roaring Moon|Taunt|p1a: Zamazenta\n|-start|p1a: Zamazenta|move: Taunt\n|move|p2b: Lunala|Meteor Beam||[still]\n|-prepare|p2b: Lunala|Meteor Beam\n|-boost|p2b: Lunala|spa|1\n|-enditem|p2b: Lunala|Power Herb\n|-anim|p2b: Lunala|Meteor Beam|p1b: Weezing\n|-damage|p1b: Weezing|18\/100\n|-enditem|p1b: Weezing|Sitrus Berry|[eat]\n|-heal|p1b: Weezing|43\/100|[from] item: Sitrus Berry\n|move|p1a: Zamazenta|Heavy Slam|p2b: Lunala\n|-damage|p2b: Lunala|50\/100 psn\n|move|p1b: Weezing|Dazzling Gleam|p2a: Roaring Moon|[spread] p2a,p2b\n|-damage|p2a: Roaring Moon|86\/100\n|-damage|p2b: Lunala|35\/100 psn\n|\n|-damage|p2b: Lunala|23\/100 psn|[from] psn\n|upkeep\n|turn|4\n|inactive|ReReReTryAgain has 30 seconds left.\n|inactive|ReReReTryAgain has 20 seconds left.\n|inactive|ReReReTryAgain has 15 seconds left.\n|\n|t:|1740173905\n|move|p2a: Roaring Moon|Knock Off|p1b: Weezing\n|-resisted|p1b: Weezing\n|-damage|p1b: Weezing|31\/100\n|move|p2b: Lunala|Moongeist Beam|p1a: Zamazenta\n|-damage|p1a: Zamazenta|38\/100\n|move|p1a: Zamazenta|Heavy Slam|p2a: Roaring Moon\n|-damage|p2a: Roaring Moon|59\/100\n|move|p1b: Weezing|Dazzling Gleam|p2a: Roaring Moon|[spread] p2a,p2b\n|-damage|p2a: Roaring Moon|42\/100\n|-damage|p2b: Lunala|10\/100 psn\n|\n|-damage|p2b: Lunala|0 fnt|[from] psn\n|faint|p2b: Lunala\n|-end|p1b: Weezing|move: Taunt\n|-sideend|p2: ReReReTryAgain|move: Tailwind\n|upkeep\n|\n|t:|1740173919\n|switch|p2b: Urshifu|Urshifu-Rapid-Strike, L50, M|91\/100\n|-status|p2b: Urshifu|psn\n|turn|5\n|\n|t:|1740173934\n|move|p1b: Weezing|Protect|p1b: Weezing\n|-singleturn|p1b: Weezing|Protect\n|move|p2a: Roaring Moon|Tailwind|p2a: Roaring Moon\n|-sidestart|p2: ReReReTryAgain|move: Tailwind\n|move|p2b: Urshifu|Surging Strikes|p1a: Zamazenta\n|-crit|p1a: Zamazenta\n|-damage|p1a: Zamazenta|23\/100\n|-crit|p1a: Zamazenta\n|-damage|p1a: Zamazenta|8\/100\n|-crit|p1a: Zamazenta\n|-damage|p1a: Zamazenta|0 fnt\n|faint|p1a: Zamazenta\n|-hitcount|p1: Zamazenta|3\n|-damage|p2b: Urshifu|81\/100 psn|[from] item: Life Orb\n|\n|-damage|p2b: Urshifu|68\/100 psn|[from] psn\n|upkeep\n|\n|t:|1740173942\n|switch|p1a: Dondozo|Dondozo, L50, M|100\/100\n|turn|6\n|\n|t:|1740173955\n|switch|p2b: Indeedee|Indeedee-F, L50, F|100\/100\n|-status|p2b: Indeedee|psn\n|-end|p1b: Weezing|ability: Neutralizing Gas\n|-fieldstart|move: Psychic Terrain|[from] ability: Psychic Surge|[of] p2b: Indeedee\n|switch|p1b: Tatsugiri|Tatsugiri, L50, M|100\/100\n|-enditem|p2a: Roaring Moon|Booster Energy\n|-activate|p2a: Roaring Moon|ability: Protosynthesis|[fromitem]\n|-start|p2a: Roaring Moon|protosynthesisspe\n|-activate|p1b: Tatsugiri|ability: Commander|[of] p1a: Dondozo\n|-boost|p1a: Dondozo|atk|2\n|-boost|p1a: Dondozo|spa|2\n|-boost|p1a: Dondozo|spe|2\n|-boost|p1a: Dondozo|def|2\n|-boost|p1a: Dondozo|spd|2\n|move|p2a: Roaring Moon|Knock Off|p1a: Dondozo\n|-damage|p1a: Dondozo|85\/100\n|-enditem|p1a: Dondozo|Leftovers|[from] move: Knock Off|[of] p2a: Roaring Moon\n|move|p1a: Dondozo|Earthquake|p2a: Roaring Moon|[spread] p2a,p2b\n|-miss|p1a: Dondozo|p1b: Tatsugiri\n|-damage|p2a: Roaring Moon|3\/100\n|-damage|p2b: Indeedee|65\/100 psn\n|\n|-damage|p2b: Indeedee|53\/100 psn|[from] psn\n|upkeep\n|turn|7\n|inactive|snadmonkey has 30 seconds left.\n|inactive|ReReReTryAgain has 30 seconds left.\n|\n|t:|1740173982\n|move|p2b: Indeedee|Helping Hand|p2a: Roaring Moon\n|-singleturn|p2a: Roaring Moon|Helping Hand|[of] p2b: Indeedee\n|move|p1a: Dondozo|Protect|p1a: Dondozo\n|-singleturn|p1a: Dondozo|Protect\n|move|p2a: Roaring Moon|Knock Off|p1a: Dondozo\n|-activate|p1a: Dondozo|move: Protect\n|\n|-damage|p2b: Indeedee|41\/100 psn|[from] psn\n|upkeep\n|turn|8\n|\n|t:|1740173993\n|move|p2a: Roaring Moon|Knock Off|p1a: Dondozo\n|-damage|p1a: Dondozo|75\/100\n|move|p1a: Dondozo|Earthquake|p2b: Indeedee|[spread] p2a,p2b\n|-miss|p1a: Dondozo|p1b: Tatsugiri\n|-crit|p2a: Roaring Moon\n|-damage|p2a: Roaring Moon|0 fnt\n|-damage|p2b: Indeedee|8\/100 psn\n|faint|p2a: Roaring Moon\n|-end|p2a: Roaring Moon|Protosynthesis|[silent]\n|move|p2b: Indeedee|Trick Room|p2b: Indeedee\n|-fieldstart|move: Trick Room|[of] p2b: Indeedee\n|\n|-damage|p2b: Indeedee|0 fnt|[from] psn\n|faint|p2b: Indeedee\n|-sideend|p2: ReReReTryAgain|move: Tailwind\n|upkeep\n|\n|t:|1740174000\n|switch|p2b: Urshifu|Urshifu-Rapid-Strike, L50, M|68\/100 psn\n|turn|9\n|\n|t:|1740174009\n|move|p1a: Dondozo|Order Up|p2b: Urshifu\n|-damage|p2b: Urshifu|33\/100 psn\n|-boost|p1a: Dondozo|atk|1\n|move|p2b: Urshifu|Close Combat|p1a: Dondozo\n|-damage|p1a: Dondozo|48\/100\n|-unboost|p2b: Urshifu|def|1\n|-unboost|p2b: Urshifu|spd|1\n|-damage|p2b: Urshifu|23\/100 psn|[from] item: Life Orb\n|\n|-damage|p2b: Urshifu|11\/100 psn|[from] psn\n|upkeep\n|turn|10\n|\n|t:|1740174020\n|move|p1a: Dondozo|Protect|p1a: Dondozo\n|-singleturn|p1a: Dondozo|Protect\n|move|p2b: Urshifu|Close Combat|p1a: Dondozo\n|-damage|p1a: Dondozo|23\/100\n|-unboost|p2b: Urshifu|def|1\n|-unboost|p2b: Urshifu|spd|1\n|-damage|p2b: Urshifu|1\/100 psn|[from] item: Life Orb\n|\n|-damage|p2b: Urshifu|0 fnt|[from] psn\n|faint|p2b: Urshifu\n|\n|win|snadmonkey\n|upkeep\n|raw|snadmonkey's rating: 1572 &rarr; <strong>1603<\/strong><br \/>(+31 for winning)\n|raw|ReReReTryAgain's rating: 1778 &rarr; <strong>1747<\/strong><br \/>(-31 for losing)\n|l|\u2606ReReReTryAgain\n|player|p2|\n|l|\u2606snadmonkey\n|player|p1|\n","uploadtime":1740174234,"views":16,"formatid":"gen9vgc2025regg","rating":1603,"private":0,"password":null}