{"id":"gen9vgc2025regg-2305820431","format":"[Gen 9] VGC 2025 Reg G","players":["ryanplaytv","ReReReTryAgain"],"log":"|j|\u2606ryanplaytv\n|j|\u2606ReReReTryAgain\n|t:|1740249715\n|gametype|doubles\n|player|p1|ryanplaytv|hiker-gen4|1595\n|player|p2|ReReReTryAgain|1|1738\n|teamsize|p1|6\n|teamsize|p2|6\n|gen|9\n|tier|[Gen 9] VGC 2025 Reg G\n|rated|\n|rule|Species Clause: Limit one of each Pok\u00e9mon\n|rule|Item Clause: Limit 1 of each item\n|clearpoke\n|poke|p1|Miraidon, L50|\n|poke|p1|Dondozo, L50, M|\n|poke|p1|Tatsugiri, L50, F|\n|poke|p1|Dragonite, L50, M|\n|poke|p1|Gholdengo, L50|\n|poke|p1|Chi-Yu, L50|\n|poke|p2|Ogerpon-Cornerstone, L50, F|\n|poke|p2|Lunala, L50|\n|poke|p2|Indeedee-F, L50, F|\n|poke|p2|Roaring Moon, L50|\n|poke|p2|Urshifu-*, L50, M|\n|poke|p2|Ursaluna, L50, F|\n|teampreview|4\n|\n|t:|1740249739\n|start\n|switch|p1a: Miraidon|Miraidon, L50|100\/100\n|switch|p1b: Dondozo|Dondozo, L50, M|100\/100\n|switch|p2a: Roaring Moon|Roaring Moon, L50|100\/100\n|switch|p2b: Lunala|Lunala, L50|100\/100\n|-fieldstart|move: Electric Terrain|[from] ability: Hadron Engine|[of] p1a: Miraidon\n|-enditem|p2a: Roaring Moon|Booster Energy\n|-activate|p2a: Roaring Moon|ability: Protosynthesis|[fromitem]\n|-start|p2a: Roaring Moon|protosynthesisspe\n|turn|1\n|\n|t:|1740249752\n|switch|p2b: Ursaluna|Ursaluna, L50, F|100\/100\n|move|p2a: Roaring Moon|Knock Off|p1b: Dondozo\n|-damage|p1b: Dondozo|67\/100\n|-enditem|p1b: Dondozo|Leftovers|[from] move: Knock Off|[of] p2a: Roaring Moon\n|move|p1a: Miraidon|Volt Switch|p2b: Ursaluna\n|-immune|p2b: Ursaluna\n|move|p1b: Dondozo|Order Up|p2a: Roaring Moon\n|-supereffective|p2a: Roaring Moon\n|-damage|p2a: Roaring Moon|50\/100\n|\n|-status|p2b: Ursaluna|brn|[from] item: Flame Orb\n|upkeep\n|turn|2\n|\n|t:|1740249775\n|-terastallize|p2b: Ursaluna|Fairy\n|move|p2a: Roaring Moon|Knock Off|p1a: Miraidon\n|-damage|p1a: Miraidon|54\/100\n|-enditem|p1a: Miraidon|Assault Vest|[from] move: Knock Off|[of] p2a: Roaring Moon\n|move|p1a: Miraidon|Dazzling Gleam|p2a: Roaring Moon|[spread] p2a,p2b\n|-supereffective|p2a: Roaring Moon\n|-damage|p2a: Roaring Moon|0 fnt\n|-damage|p2b: Ursaluna|76\/100 brn\n|faint|p2a: Roaring Moon\n|-end|p2a: Roaring Moon|Protosynthesis|[silent]\n|move|p1b: Dondozo|Wave Crash|p2b: Ursaluna\n|-damage|p2b: Ursaluna|35\/100 brn\n|-damage|p1b: Dondozo|53\/100|[from] Recoil\n|move|p2b: Ursaluna|Facade|p1b: Dondozo\n|-damage|p1b: Dondozo|0 fnt\n|faint|p1b: Dondozo\n|\n|-damage|p2b: Ursaluna|29\/100 brn|[from] brn\n|upkeep\n|\n|t:|1740249797\n|switch|p2a: Lunala|Lunala, L50|100\/100\n|switch|p1b: Dragonite|Dragonite, L50, M|100\/100\n|turn|3\n|\n|t:|1740249812\n|-terastallize|p1a: Miraidon|Fairy\n|move|p2b: Ursaluna|Protect|p2b: Ursaluna\n|-singleturn|p2b: Ursaluna|Protect\n|move|p1a: Miraidon|Dazzling Gleam|p2b: Ursaluna|[spread] p2a\n|-activate|p2b: Ursaluna|move: Protect\n|-damage|p2a: Lunala|85\/100\n|move|p1b: Dragonite|Outrage|p2b: Ursaluna\n|-activate|p2b: Ursaluna|move: Protect\n|move|p2a: Lunala|Trick Room|p2a: Lunala\n|-fieldstart|move: Trick Room|[of] p2a: Lunala\n|\n|-damage|p2b: Ursaluna|23\/100 brn|[from] brn\n|upkeep\n|turn|4\n|\n|t:|1740249828\n|move|p2b: Ursaluna|Facade|p1a: Miraidon\n|-damage|p1a: Miraidon|0 fnt\n|faint|p1a: Miraidon\n|move|p1b: Dragonite|Outrage|p2a: Lunala\n|-damage|p2a: Lunala|4\/100\n|move|p2a: Lunala|Meteor Beam||[still]\n|-prepare|p2a: Lunala|Meteor Beam\n|-boost|p2a: Lunala|spa|1\n|-enditem|p2a: Lunala|Power Herb\n|-anim|p2a: Lunala|Meteor Beam|p1b: Dragonite|[miss]\n|-miss|p2a: Lunala|p1b: Dragonite\n|\n|-damage|p2b: Ursaluna|17\/100 brn|[from] brn\n|upkeep\n|\n|t:|1740249835\n|switch|p1a: Tatsugiri|Tatsugiri, L50, F|100\/100\n|turn|5\n|j| FairyOfDoom\n|\n|t:|1740249853\n|move|p2b: Ursaluna|Facade|p1a: Tatsugiri\n|-damage|p1a: Tatsugiri|0 fnt\n|faint|p1a: Tatsugiri\n|move|p1b: Dragonite|Outrage|p2a: Lunala|[from] lockedmove\n|-damage|p2a: Lunala|0 fnt\n|faint|p2a: Lunala\n|-start|p1b: Dragonite|confusion|[fatigue]\n|\n|-damage|p2b: Ursaluna|11\/100 brn|[from] brn\n|-fieldend|move: Electric Terrain\n|upkeep\n|\n|t:|1740249859\n|switch|p2a: Urshifu|Urshifu-Rapid-Strike, L50, M|100\/100\n|turn|6\n|\n|t:|1740249865\n|move|p2b: Ursaluna|Facade|p1b: Dragonite\n|-damage|p1b: Dragonite|45\/100\n|-activate|p1b: Dragonite|confusion\n|-damage|p1b: Dragonite|29\/100|[from] confusion\n|move|p2a: Urshifu|Surging Strikes|p1b: Dragonite\n|-resisted|p1b: Dragonite\n|-crit|p1b: Dragonite\n|-damage|p1b: Dragonite|16\/100\n|-resisted|p1b: Dragonite\n|-crit|p1b: Dragonite\n|-damage|p1b: Dragonite|5\/100\n|-resisted|p1b: Dragonite\n|-crit|p1b: Dragonite\n|-damage|p1b: Dragonite|0 fnt\n|faint|p1b: Dragonite\n|-hitcount|p1: Dragonite|3\n|-damage|p2a: Urshifu|91\/100|[from] item: Life Orb\n|\n|win|ReReReTryAgain\n|raw|ryanplaytv's rating: 1595 &rarr; <strong>1583<\/strong><br \/>(-12 for losing)\n|raw|ReReReTryAgain's rating: 1738 &rarr; <strong>1750<\/strong><br \/>(+12 for winning)\n|l|\u2606ryanplaytv\n|player|p1|\n|l|\u2606ReReReTryAgain\n|player|p2|\n|l| FairyOfDoom\n","uploadtime":1740250104,"views":2,"formatid":"gen9vgc2025regg","rating":1583,"private":0,"password":null}