{"id":"gen9vgc2025regg-2305466043","format":"[Gen 9] VGC 2025 Reg G","players":["eriksp3","meanrook"],"log":"|j|\u2606eriksp3\n|j|\u2606meanrook\n|t:|1740190443\n|gametype|doubles\n|player|p1|eriksp3|volkner-masters|1597\n|player|p2|meanrook|170|1719\n|teamsize|p1|6\n|teamsize|p2|6\n|gen|9\n|tier|[Gen 9] VGC 2025 Reg G\n|rated|\n|rule|Species Clause: Limit one of each Pok\u00e9mon\n|rule|Item Clause: Limit 1 of each item\n|clearpoke\n|poke|p1|Calyrex-Ice, L50|\n|poke|p1|Landorus, L50, M|\n|poke|p1|Regieleki, L50|\n|poke|p1|Urshifu-*, L50, F|\n|poke|p1|Volcarona, L50, M|\n|poke|p1|Ogerpon-Cornerstone, L50, F|\n|poke|p2|Calyrex-Ice, L50|\n|poke|p2|Raging Bolt, L50|\n|poke|p2|Ogerpon-Cornerstone, L50, F|\n|poke|p2|Urshifu-*, L50, M|\n|poke|p2|Clefairy, L50, F|\n|poke|p2|Iron Valiant, L50|\n|teampreview|4\neriksp3 has agreed to open team sheets.\n|inactive|Battle timer is ON: inactive players will automatically lose when time's up. (requested by eriksp3)\n|j| Tormentador\n|\n|t:|1740190475\n|start\n|switch|p1a: untitled 05|Calyrex-Ice, L50|100\/100\n|switch|p1b: Ogerpon|Ogerpon-Cornerstone, L50, F|100\/100\n|switch|p2a: Calyrex|Calyrex-Ice, L50|100\/100\n|switch|p2b: Iron Valiant|Iron Valiant, L50, shiny|100\/100\n|-ability|p1a: untitled 05|As One\n|-ability|p1a: untitled 05|Unnerve\n|-ability|p2a: Calyrex|As One\n|-ability|p2a: Calyrex|Unnerve\n|-enditem|p2b: Iron Valiant|Booster Energy\n|-activate|p2b: Iron Valiant|ability: Quark Drive|[fromitem]\n|-start|p2b: Iron Valiant|quarkdrivespe\n|turn|1\n|\n|t:|1740190488\n|-terastallize|p2a: Calyrex|Water\n|move|p2b: Iron Valiant|Coaching|p2a: Calyrex\n|-boost|p2a: Calyrex|atk|1\n|-boost|p2a: Calyrex|def|1\n|move|p1b: Ogerpon|Ivy Cudgel|p2a: Calyrex|[anim] Ivy Cudgel Rock\n|-damage|p2a: Calyrex|74\/100\n|move|p1a: untitled 05|Glacial Lance|p2a: Calyrex|[spread] p2a,p2b\n|-resisted|p2a: Calyrex\n|-damage|p2a: Calyrex|63\/100\n|-damage|p2b: Iron Valiant|32\/100\n|move|p2a: Calyrex|Glacial Lance|p1a: untitled 05|[spread] p1a,p1b\n|-resisted|p1a: untitled 05\n|-supereffective|p1b: Ogerpon\n|-damage|p1a: untitled 05|72\/100\n|-ability|p1b: Ogerpon|Sturdy\n|-damage|p1b: Ogerpon|1\/100\n|\n|upkeep\n|turn|2\n|j| tinyblack98\n|\n|t:|1740190503\n|move|p2b: Iron Valiant|Moonblast|p1b: Ogerpon\n|-damage|p1b: Ogerpon|0 fnt\n|faint|p1b: Ogerpon\n|move|p1a: untitled 05|Glacial Lance|p2a: Calyrex|[spread] p2a,p2b\n|-resisted|p2a: Calyrex\n|-damage|p2a: Calyrex|52\/100\n|-damage|p2b: Iron Valiant|0 fnt\n|faint|p2b: Iron Valiant\n|-end|p2b: Iron Valiant|Quark Drive|[silent]\n|-ability|p1a: untitled 05|Chilling Neigh|boost\n|-boost|p1a: untitled 05|atk|1\n|move|p2a: Calyrex|Glacial Lance|p1a: untitled 05\n|-resisted|p1a: untitled 05\n|-damage|p1a: untitled 05|37\/100\n|\n|upkeep\n|\n|t:|1740190510\n|switch|p2b: Ogerpon|Ogerpon-Cornerstone, L50, F|100\/100\n|switch|p1b: HiiiPoWeR|Landorus, L50, M|100\/100\n|turn|3\n|\n|t:|1740190516\n|-terastallize|p1b: HiiiPoWeR|Water\n|move|p1b: HiiiPoWeR|Sandsear Storm|p2a: Calyrex|[spread] p2a,p2b\n|-damage|p2a: Calyrex|16\/100\n|-damage|p2b: Ogerpon|22\/100\n|move|p2b: Ogerpon|Ivy Cudgel|p1a: untitled 05|[anim] Ivy Cudgel Rock\n|-supereffective|p1a: untitled 05\n|-damage|p1a: untitled 05|0 fnt\n|faint|p1a: untitled 05\n|move|p2a: Calyrex|Glacial Lance|p1b: HiiiPoWeR\n|-resisted|p1b: HiiiPoWeR\n|-damage|p1b: HiiiPoWeR|33\/100\n|\n|upkeep\n|\n|t:|1740190524\n|switch|p1a: Volcarona|Volcarona, L50, M|100\/100\n|turn|4\n|\n|t:|1740190528\n|move|p2b: Ogerpon|Spiky Shield|p2b: Ogerpon\n|-singleturn|p2b: Ogerpon|move: Protect\n|move|p1b: HiiiPoWeR|Sandsear Storm|p2a: Calyrex|[spread] p2a\n|-activate|p2b: Ogerpon|move: Protect\n|-damage|p2a: Calyrex|0 fnt\n|faint|p2a: Calyrex\n|move|p1a: Volcarona|Heat Wave|p2b: Ogerpon\n|-activate|p2b: Ogerpon|move: Protect\n|\n|upkeep\n|\n|t:|1740190531\n|switch|p2a: Raging Bolt|Raging Bolt, L50|100\/100\n|turn|5\n|\n|t:|1740190541\n|move|p1a: Volcarona|Rage Powder|p1a: Volcarona\n|-singleturn|p1a: Volcarona|move: Rage Powder\n|move|p1b: HiiiPoWeR|Sandsear Storm|p2a: Raging Bolt|[spread] p2b\n|-miss|p1b: HiiiPoWeR|p2a: Raging Bolt\n|-damage|p2b: Ogerpon|0 fnt\n|faint|p2b: Ogerpon\n|move|p2a: Raging Bolt|Thunderbolt|p1a: Volcarona\n|-damage|p1a: Volcarona|53\/100\n|-damage|p2a: Raging Bolt|91\/100|[from] item: Life Orb\n|\n|upkeep\n|turn|6\n|\n|t:|1740190547\n|move|p1a: Volcarona|Rage Powder|p1a: Volcarona\n|-singleturn|p1a: Volcarona|move: Rage Powder\n|move|p1b: HiiiPoWeR|Earth Power|p2a: Raging Bolt\n|-supereffective|p2a: Raging Bolt\n|-damage|p2a: Raging Bolt|0 fnt\n|faint|p2a: Raging Bolt\n|-end|p2a: Raging Bolt|Protosynthesis|[silent]\n|\n|win|eriksp3\n|raw|eriksp3's rating: 1597 &rarr; <strong>1624<\/strong><br \/>(+27 for winning)\n|raw|meanrook's rating: 1719 &rarr; <strong>1692<\/strong><br \/>(-27 for losing)\n|c|\u2606meanrook|gg\n|c|\u2606eriksp3|ggwp\n","uploadtime":1740190559,"views":10,"formatid":"gen9vgc2025regg","rating":1624,"private":0,"password":null}