{"id":"gen9vgc2025regg-2305339845","format":"[Gen 9] VGC 2025 Reg G","players":["ReReReTryAgain","pneumatictoad"],"log":"|j|\u2606ReReReTryAgain\n|j|\u2606pneumatictoad\n|t:|1740174161\n|gametype|doubles\n|player|p1|ReReReTryAgain|1|1716\n|player|p2|pneumatictoad|2|1746\n|teamsize|p1|6\n|teamsize|p2|6\n|gen|9\n|tier|[Gen 9] VGC 2025 Reg G\n|rated|\n|rule|Species Clause: Limit one of each Pok\u00e9mon\n|rule|Item Clause: Limit 1 of each item\n|clearpoke\n|poke|p1|Ogerpon-Cornerstone, L50, F|\n|poke|p1|Lunala, L50|\n|poke|p1|Indeedee-F, L50, F|\n|poke|p1|Roaring Moon, L50|\n|poke|p1|Urshifu-*, L50, F|\n|poke|p1|Ursaluna, L50, M|\n|poke|p2|Calyrex-Ice, L50|\n|poke|p2|Trapinch, L50, F|\n|poke|p2|Annihilape, L50, M|\n|poke|p2|Pelipper, L50, F|\n|poke|p2|Jigglypuff, L50, F|\n|poke|p2|Ogerpon-Hearthflame, L50, F|\n|teampreview|4\n|\n|t:|1740174191\n|start\n|switch|p1a: Roaring Moon|Roaring Moon, L50|100\/100\n|switch|p1b: Lunala|Lunala, L50|100\/100\n|switch|p2a: Annihilape|Annihilape, L50, M|100\/100\n|switch|p2b: Calyrex|Calyrex-Ice, L50|100\/100\n|-ability|p2b: Calyrex|As One\n|-ability|p2b: Calyrex|Unnerve\n|-enditem|p1a: Roaring Moon|Booster Energy\n|-activate|p1a: Roaring Moon|ability: Protosynthesis|[fromitem]\n|-start|p1a: Roaring Moon|protosynthesisspe\n|turn|1\n|\n|t:|1740174207\n|-terastallize|p1a: Roaring Moon|Ghost\n|-terastallize|p2b: Calyrex|Grass\n|move|p1a: Roaring Moon|Taunt|p2b: Calyrex\n|-start|p2b: Calyrex|move: Taunt\n|move|p2a: Annihilape|Final Gambit|p1a: Roaring Moon\n|-immune|p1a: Roaring Moon\n|move|p1b: Lunala|Meteor Beam||[still]\n|-prepare|p1b: Lunala|Meteor Beam\n|-boost|p1b: Lunala|spa|1\n|-enditem|p1b: Lunala|Power Herb\n|-anim|p1b: Lunala|Meteor Beam|p2b: Calyrex\n|-damage|p2b: Calyrex|56\/100\n|cant|p2b: Calyrex|move: Taunt|Trick Room\n|\n|upkeep\n|turn|2\n|\n|t:|1740174227\n|switch|p2a: Jigglypuff|Jigglypuff, L50, F|100\/100\n|move|p1a: Roaring Moon|Knock Off|p2b: Calyrex\n|-damage|p2b: Calyrex|35\/100\n|-enditem|p2b: Calyrex|Covert Cloak|[from] move: Knock Off|[of] p1a: Roaring Moon\n|move|p1b: Lunala|Moongeist Beam|p2b: Calyrex\n|-crit|p2b: Calyrex\n|-damage|p2b: Calyrex|0 fnt\n|faint|p2b: Calyrex\n|\n|upkeep\n|j| sitojuri\n|\n|t:|1740174238\n|switch|p2b: Pelipper|Pelipper, L50, F|100\/100\n|-weather|RainDance|[from] ability: Drizzle|[of] p2b: Pelipper\n|turn|3\n|\n|t:|1740174247\n|move|p1a: Roaring Moon|Knock Off|p2b: Pelipper\n|-damage|p2b: Pelipper|64\/100\n|-enditem|p2b: Pelipper|Safety Goggles|[from] move: Knock Off|[of] p1a: Roaring Moon\n|move|p1b: Lunala|Moongeist Beam|p2b: Pelipper\n|-damage|p2b: Pelipper|0 fnt\n|faint|p2b: Pelipper\n|move|p2a: Jigglypuff|Knock Off|p1b: Lunala\n|-supereffective|p1b: Lunala\n|-crit|p1b: Lunala\n|-damage|p1b: Lunala|78\/100\n|\n|-weather|RainDance|[upkeep]\n|upkeep\n|\n|t:|1740174254\n|switch|p2b: Annihilape|Annihilape, L50, M|100\/100\n|turn|4\n|\n|t:|1740174259\n|move|p2a: Jigglypuff|Protect|p2a: Jigglypuff\n|-singleturn|p2a: Jigglypuff|Protect\n|move|p1a: Roaring Moon|Tailwind|p1a: Roaring Moon\n|-sidestart|p1: ReReReTryAgain|move: Tailwind\n|move|p1b: Lunala|Moongeist Beam|p2b: Annihilape\n|-supereffective|p2b: Annihilape\n|-damage|p2b: Annihilape|0 fnt\n|faint|p2b: Annihilape\n|\n|-weather|RainDance|[upkeep]\n|upkeep\n|turn|5\n|-message|pneumatictoad forfeited.\n|\n|win|ReReReTryAgain\n|raw|ReReReTryAgain's rating: 1716 &rarr; <strong>1738<\/strong><br \/>(+22 for winning)\n|raw|pneumatictoad's rating: 1746 &rarr; <strong>1724<\/strong><br \/>(-22 for losing)\n|l|\u2606pneumatictoad\n|player|p2|\n|l|\u2606ReReReTryAgain\n|player|p1|\n|l| sitojuri\n","uploadtime":1740174511,"views":15,"formatid":"gen9vgc2025regg","rating":1724,"private":0,"password":null}