{"id":"gen9vgc2025regg-2305179916","format":"[Gen 9] VGC 2025 Reg G","players":["Hanou143","Jayson_Ubo"],"log":"|j|\u2606Hanou143\n|j|\u2606Jayson_Ubo\n|t:|1740157103\n|gametype|doubles\n|player|p1|Hanou143|169|1568\n|player|p2|Jayson_Ubo|hilbert|1559\n|teamsize|p1|6\n|teamsize|p2|6\n|gen|9\n|tier|[Gen 9] VGC 2025 Reg G\n|rated|\n|rule|Species Clause: Limit one of each Pok\u00e9mon\n|rule|Item Clause: Limit 1 of each item\n|clearpoke\n|poke|p1|Calyrex-Shadow, L50|\n|poke|p1|Jigglypuff, L50, M|\n|poke|p1|Pelipper, L50, M|\n|poke|p1|Rillaboom, L50, M|\n|poke|p1|Incineroar, L50, M|\n|poke|p1|Urshifu-*, L50, M|\n|poke|p2|Calyrex-Ice, L50|\n|poke|p2|Smeargle, L50, M|\n|poke|p2|Ursaluna-Bloodmoon, L50, M|\n|poke|p2|Farigiraf, L50, F|\n|poke|p2|Annihilape, L50, F|\n|poke|p2|Electabuzz, L50, F|\n|teampreview|4\n|inactive|Battle timer is ON: inactive players will automatically lose when time's up. (requested by Jayson_Ubo)\n|inactive|Hanou143 has 60 seconds left.\n|\n|t:|1740157135\n|start\n|switch|p1a: Calyrex|Calyrex-Shadow, L50|100\/100\n|switch|p1b: Urshifu|Urshifu-Rapid-Strike, L50, M|100\/100\n|switch|p2a: Farigiraf|Farigiraf, L50, F|100\/100\n|switch|p2b: Smeargle|Smeargle, L50, M|100\/100\n|-ability|p1a: Calyrex|As One\n|-ability|p1a: Calyrex|Unnerve\n|turn|1\n|\n|t:|1740157156\n|move|p1a: Calyrex|Protect|p1a: Calyrex\n|-singleturn|p1a: Calyrex|Protect\n|move|p2b: Smeargle|Fake Out|p1b: Urshifu\n|-damage|p1b: Urshifu|95\/100\n|cant|p1b: Urshifu|flinch\n|move|p2a: Farigiraf|Trick Room|p2a: Farigiraf\n|-fieldstart|move: Trick Room|[of] p2a: Farigiraf\n|\n|upkeep\n|turn|2\n|\n|t:|1740157166\n|-terastallize|p1a: Calyrex|Grass\n|move|p2b: Smeargle|Spore|p1a: Calyrex\n|-immune|p1a: Calyrex\n|move|p2a: Farigiraf|Psychic Noise|p1b: Urshifu\n|-supereffective|p1b: Urshifu\n|-damage|p1b: Urshifu|12\/100\n|-start|p1b: Urshifu|move: Heal Block\n|move|p1a: Calyrex|Giga Drain|p2b: Smeargle\n|-damage|p2b: Smeargle|17\/100\n|move|p1b: Urshifu|U-turn|p2b: Smeargle\n|-damage|p2b: Smeargle|0 fnt\n|faint|p2b: Smeargle\n|l|\u2606Jayson_Ubo\n|inactive|Jayson_Ubo disconnected and has a minute to reconnect!\n|player|p2|\n|\n|t:|1740157180\n|switch|p1b: Jigglypuff|Jigglypuff, L50, M|100\/100|[from] U-turn\n|\n|upkeep\n|inactive|Jayson_Ubo has 30 seconds left.\n|inactive|Jayson_Ubo has 20 seconds left.\n|inactive|Jayson_Ubo has 15 seconds left.\n|inactive|Jayson_Ubo has 10 seconds left.\n|j|\u2606Jayson_Ubo\n|inactive|Jayson_Ubo reconnected and has 10 seconds left.\n|player|p2|Jayson_Ubo|hilbert|\n|inactive|Jayson_Ubo has 5 seconds left.\n|\n|t:|1740157232\n|switch|p2b: Calyrex|Calyrex-Ice, L50|100\/100\n|-ability|p2b: Calyrex|As One\n|-ability|p2b: Calyrex|Unnerve\n|turn|3\n|inactive|Hanou143 has 30 seconds left.\n|\n|t:|1740157259\n|switch|p2a: Electabuzz|Electabuzz, L50, F|100\/100\n|switch|p1a: Pelipper|Pelipper, L50, M|100\/100\n|-weather|RainDance|[from] ability: Drizzle|[of] p1a: Pelipper\n|move|p2b: Calyrex|Protect|p2b: Calyrex\n|-singleturn|p2b: Calyrex|Protect\n|move|p1b: Jigglypuff|Sing|p2b: Calyrex\n|-activate|p2b: Calyrex|move: Protect\n|\n|-weather|RainDance|[upkeep]\n|upkeep\n|turn|4\n|inactive|Hanou143 has 30 seconds left.\n|\n|t:|1740157292\n|move|p2a: Electabuzz|Follow Me|p2a: Electabuzz\n|-singleturn|p2a: Electabuzz|move: Follow Me\n|move|p1b: Jigglypuff|Sing|p2a: Electabuzz|[miss]\n|-miss|p1b: Jigglypuff|p2a: Electabuzz\n|move|p1a: Pelipper|Water Pulse|p2a: Electabuzz\n|-damage|p2a: Electabuzz|69\/100\n|-start|p2a: Electabuzz|confusion\n|move|p2b: Calyrex|Glacial Lance|p1b: Jigglypuff|[spread] p1a,p1b\n|-damage|p1a: Pelipper|54\/100\n|-damage|p1b: Jigglypuff|44\/100\n|\n|-weather|RainDance|[upkeep]\n|upkeep\n|turn|5\n|inactive|Hanou143 has 30 seconds left.\n|\n|t:|1740157319\n|switch|p1b: Calyrex|Calyrex-Shadow, L50, tera:Grass|100\/100\n|-ability|p1b: Calyrex|As One\n|-ability|p1b: Calyrex|Unnerve\n|move|p1a: Pelipper|Wide Guard|p1a: Pelipper\n|-singleturn|p1a: Pelipper|Wide Guard\n|-activate|p2a: Electabuzz|confusion\n|move|p2a: Electabuzz|Follow Me|p2a: Electabuzz\n|-singleturn|p2a: Electabuzz|move: Follow Me\n|move|p2b: Calyrex|Glacial Lance|p1b: Calyrex|[spread] \n|-activate|p1a: Pelipper|move: Wide Guard\n|-activate|p1b: Calyrex|move: Wide Guard\n|\n|-weather|RainDance|[upkeep]\n|-fieldend|move: Trick Room\n|upkeep\n|turn|6\n|\n|t:|1740157342\n|-terastallize|p2b: Calyrex|Water\n|-end|p2a: Electabuzz|confusion\n|move|p2a: Electabuzz|Follow Me|p2a: Electabuzz\n|-singleturn|p2a: Electabuzz|move: Follow Me\n|move|p1b: Calyrex|Giga Drain|p2a: Electabuzz\n|-damage|p2a: Electabuzz|42\/100\n|move|p1a: Pelipper|Water Pulse|p2a: Electabuzz\n|-crit|p2a: Electabuzz\n|-damage|p2a: Electabuzz|0 fnt\n|faint|p2a: Electabuzz\n|move|p2b: Calyrex|Trick Room|p2b: Calyrex\n|-fieldstart|move: Trick Room|[of] p2b: Calyrex\n|\n|-weather|RainDance|[upkeep]\n|upkeep\n|\n|t:|1740157346\n|switch|p2a: Farigiraf|Farigiraf, L50, F|100\/100\n|turn|7\n|inactive|Hanou143 has 30 seconds left.\n|inactive|Hanou143 has 20 seconds left.\n|inactive|Hanou143 has 15 seconds left.\n|inactive|Hanou143 has 10 seconds left.\n|\n|t:|1740157396\n|switch|p1a: Jigglypuff|Jigglypuff, L50, M|44\/100\n|move|p1b: Calyrex|Protect|p1b: Calyrex\n|-singleturn|p1b: Calyrex|Protect\n|move|p2a: Farigiraf|Psychic Noise|p1a: Jigglypuff\n|-damage|p1a: Jigglypuff|17\/100\n|-start|p1a: Jigglypuff|move: Heal Block\n|move|p2b: Calyrex|Glacial Lance|p1b: Calyrex|[spread] p1a\n|-activate|p1b: Calyrex|move: Protect\n|-damage|p1a: Jigglypuff|0 fnt\n|faint|p1a: Jigglypuff\n|-ability|p2b: Calyrex|Chilling Neigh|boost\n|-boost|p2b: Calyrex|atk|1\n|\n|-weather|none\n|upkeep\n|\n|t:|1740157407\n|switch|p1a: Pelipper|Pelipper, L50, M|54\/100\n|-weather|RainDance|[from] ability: Drizzle|[of] p1a: Pelipper\n|turn|8\n|inactive|Hanou143 has 30 seconds left.\n|\n|t:|1740157436\n|move|p1a: Pelipper|Wide Guard|p1a: Pelipper\n|-singleturn|p1a: Pelipper|Wide Guard\n|move|p2a: Farigiraf|Psychic Noise|p1a: Pelipper\n|-damage|p1a: Pelipper|15\/100\n|-start|p1a: Pelipper|move: Heal Block\n|move|p2b: Calyrex|Glacial Lance|p1b: Calyrex|[spread] \n|-activate|p1a: Pelipper|move: Wide Guard\n|-activate|p1b: Calyrex|move: Wide Guard\n|move|p1b: Calyrex|Astral Barrage|p2a: Farigiraf|[spread] p2b\n|-immune|p2a: Farigiraf\n|-damage|p2b: Calyrex|67\/100\n|\n|-weather|RainDance|[upkeep]\n|upkeep\n|turn|9\n|inactive|Hanou143 has 30 seconds left.\n|\n|t:|1740157461\n|move|p2b: Calyrex|Protect|p2b: Calyrex\n|-singleturn|p2b: Calyrex|Protect\n|move|p1a: Pelipper|Wide Guard|p1a: Pelipper\n|-singleturn|p1a: Pelipper|Wide Guard\n|move|p2a: Farigiraf|Psychic Noise|p1a: Pelipper\n|-damage|p1a: Pelipper|0 fnt\n|faint|p1a: Pelipper\n|move|p1b: Calyrex|Astral Barrage|p2a: Farigiraf|[spread] \n|-activate|p2b: Calyrex|move: Protect\n|-immune|p2a: Farigiraf\n|\n|-weather|RainDance|[upkeep]\n|upkeep\n|\n|t:|1740157464\n|switch|p1a: Urshifu|Urshifu-Rapid-Strike, L50, M|12\/100\n|turn|10\n|\n|t:|1740157480\n|move|p1b: Calyrex|Protect|p1b: Calyrex\n|-singleturn|p1b: Calyrex|Protect\n|move|p1a: Urshifu|Surging Strikes|p2a: Farigiraf\n|-crit|p2a: Farigiraf\n|-damage|p2a: Farigiraf|74\/100\n|-crit|p2a: Farigiraf\n|-damage|p2a: Farigiraf|45\/100\n|-crit|p2a: Farigiraf\n|-damage|p2a: Farigiraf|15\/100\n|-hitcount|p2a: Farigiraf|3\n|move|p2a: Farigiraf|Trick Room|p2a: Farigiraf\n|-fieldend|move: Trick Room\n|move|p2b: Calyrex|Trick Room|p2b: Calyrex\n|-fieldstart|move: Trick Room|[of] p2b: Calyrex\n|\n|-weather|RainDance|[upkeep]\n|upkeep\n|turn|11\n|\n|t:|1740157491\n|move|p2a: Farigiraf|Helping Hand|p2b: Calyrex\n|-singleturn|p2b: Calyrex|Helping Hand|[of] p2a: Farigiraf\n|move|p2b: Calyrex|Glacial Lance|p1b: Calyrex|[spread] p1a,p1b\n|-resisted|p1a: Urshifu\n|-supereffective|p1b: Calyrex\n|-damage|p1a: Urshifu|0 fnt\n|-damage|p1b: Calyrex|0 fnt\n|faint|p1a: Urshifu\n|faint|p1b: Calyrex\n|\n|win|Jayson_Ubo\n|raw|Hanou143's rating: 1568 &rarr; <strong>1547<\/strong><br \/>(-21 for losing)\n|raw|Jayson_Ubo's rating: 1559 &rarr; <strong>1580<\/strong><br \/>(+21 for winning)\n|l|\u2606Hanou143\n|player|p1|\n|j|\u2606Hanou143\n|player|p1|Hanou143|169|\n|l|\u2606Jayson_Ubo\n|player|p2|\n|l|\u2606Hanou143\n|player|p1|\n","uploadtime":1740157751,"views":5,"formatid":"gen9vgc2025regg","rating":1547,"private":0,"password":null}