{"id":"gen9vgc2025regg-2305126071","format":"[Gen 9] VGC 2025 Reg G","players":["BoYang0903","Ducktile"],"log":"|j|\u2606BoYang0903\n|j|\u2606Ducktile\n|t:|1740151548\n|gametype|doubles\n|player|p1|BoYang0903|wallace|1620\n|player|p2|Ducktile|grimsley|1607\n|teamsize|p1|6\n|teamsize|p2|6\n|gen|9\n|tier|[Gen 9] VGC 2025 Reg G\n|rated|\n|rule|Species Clause: Limit one of each Pok\u00e9mon\n|rule|Item Clause: Limit 1 of each item\n|clearpoke\n|poke|p1|Dusclops, L50, F|\n|poke|p1|Terapagos, L50, M|\n|poke|p1|Whimsicott, L50, M|\n|poke|p1|Raging Bolt, L50|\n|poke|p1|Urshifu-*, L50, M|\n|poke|p1|Landorus, L50, M|\n|poke|p2|Chien-Pao, L50|\n|poke|p2|Urshifu-*, L50, F|\n|poke|p2|Zamazenta-*, L50|\n|poke|p2|Incineroar, L50, F|\n|poke|p2|Raging Bolt, L50|\n|poke|p2|Ogerpon-Hearthflame, L50, F|\n|teampreview|4\n|inactive|Battle timer is ON: inactive players will automatically lose when time's up. (requested by BoYang0903)\n|\n|t:|1740151576\n|start\n|switch|p1a: Landorus|Landorus, L50, M|100\/100\n|switch|p1b: Urshifu|Urshifu-Rapid-Strike, L50, M|100\/100\n|switch|p2a: Chien-Pao|Chien-Pao, L50|100\/100\n|switch|p2b: Urshifu|Urshifu-Rapid-Strike, L50, F|100\/100\n|-ability|p2a: Chien-Pao|Sword of Ruin\n|turn|1\n|\n|t:|1740151595\n|-terastallize|p1a: Landorus|Water\n|move|p2a: Chien-Pao|Icicle Crash|p1a: Landorus\n|-resisted|p1a: Landorus\n|-damage|p1a: Landorus|73\/100\n|move|p1b: Urshifu|Surging Strikes|p2a: Chien-Pao\n|-crit|p2a: Chien-Pao\n|-damage|p2a: Chien-Pao|63\/100\n|-crit|p2a: Chien-Pao\n|-damage|p2a: Chien-Pao|26\/100\n|-crit|p2a: Chien-Pao\n|-damage|p2a: Chien-Pao|0 fnt\n|faint|p2a: Chien-Pao\n|-hitcount|p2: Chien-Pao|3\n|move|p2b: Urshifu|Surging Strikes|p1b: Urshifu\n|-resisted|p1b: Urshifu\n|-crit|p1b: Urshifu\n|-damage|p1b: Urshifu|88\/100\n|-resisted|p1b: Urshifu\n|-crit|p1b: Urshifu\n|-damage|p1b: Urshifu|75\/100\n|-resisted|p1b: Urshifu\n|-crit|p1b: Urshifu\n|-damage|p1b: Urshifu|62\/100\n|-hitcount|p1b: Urshifu|3\n|move|p1a: Landorus|Earth Power|p2b: Urshifu\n|-damage|p2b: Urshifu|16\/100\n|\n|upkeep\n|\n|t:|1740151614\n|switch|p2a: Raging Bolt|Raging Bolt, L50|100\/100\n|turn|2\n|\n|t:|1740151634\n|move|p2a: Raging Bolt|Thunderclap|p1a: Landorus\n|-supereffective|p1a: Landorus\n|-damage|p1a: Landorus|0 fnt\n|faint|p1a: Landorus\n|move|p1b: Urshifu|Surging Strikes|p2b: Urshifu\n|-resisted|p2b: Urshifu\n|-crit|p2b: Urshifu\n|-damage|p2b: Urshifu|3\/100\n|-resisted|p2b: Urshifu\n|-crit|p2b: Urshifu\n|-damage|p2b: Urshifu|0 fnt\n|faint|p2b: Urshifu\n|-hitcount|p2: Urshifu|2\n|\n|upkeep\n|\n|t:|1740151639\n|switch|p2b: Zamazenta|Zamazenta-Crowned, L50|100\/100\n|switch|p1a: Terapagos|Terapagos, L50, M|100\/100\n|-activate|p1a: Terapagos|ability: Tera Shift\n|detailschange|p1a: Terapagos|Terapagos-Terastal, L50, M\n|-heal|p1a: Terapagos|100\/100|[silent]\n|-ability|p2b: Zamazenta|Dauntless Shield|boost\n|-boost|p2b: Zamazenta|def|1\n|turn|3\n|\n|t:|1740151654\n|switch|p1b: Dusclops|Dusclops, L50, F|100\/100\n|-item|p2a: Raging Bolt|Assault Vest|[from] ability: Frisk|[of] p1b: Dusclops\n|-item|p2b: Zamazenta|Rusted Shield|[from] ability: Frisk|[of] p1b: Dusclops\n|move|p2a: Raging Bolt|Thunderclap||[still]\n|-fail|p2a: Raging Bolt\n|move|p2b: Zamazenta|Body Press|p1a: Terapagos\n|-activate|p1a: Terapagos|ability: Tera Shell\n|-resisted|p1a: Terapagos\n|-damage|p1a: Terapagos|73\/100\n|move|p1a: Terapagos|Calm Mind|p1a: Terapagos\n|-boost|p1a: Terapagos|spa|1\n|-boost|p1a: Terapagos|spd|1\n|\n|upkeep\n|turn|4\n|\n|t:|1740151670\n|move|p1a: Terapagos|Protect|p1a: Terapagos\n|-singleturn|p1a: Terapagos|Protect\n|move|p2b: Zamazenta|Wide Guard|p2b: Zamazenta\n|-singleturn|p2b: Zamazenta|Wide Guard\n|move|p2a: Raging Bolt|Snarl|p1b: Dusclops|[spread] p1b\n|-activate|p1a: Terapagos|move: Protect\n|-supereffective|p1b: Dusclops\n|-damage|p1b: Dusclops|81\/100\n|-unboost|p1b: Dusclops|spa|1\n|move|p1b: Dusclops|Will-O-Wisp|p2b: Zamazenta|[miss]\n|-miss|p1b: Dusclops|p2b: Zamazenta\n|\n|upkeep\n|turn|5\n|\n|t:|1740151690\n|move|p2b: Zamazenta|Body Press|p1a: Terapagos\n|-supereffective|p1a: Terapagos\n|-damage|p1a: Terapagos|0 fnt\n|faint|p1a: Terapagos\n|move|p2a: Raging Bolt|Snarl|p1b: Dusclops\n|-supereffective|p1b: Dusclops\n|-damage|p1b: Dusclops|57\/100\n|-unboost|p1b: Dusclops|spa|1\n|move|p1b: Dusclops|Will-O-Wisp|p2b: Zamazenta\n|-status|p2b: Zamazenta|brn\n|\n|-damage|p2b: Zamazenta|94\/100 brn|[from] brn\n|upkeep\n|\n|t:|1740151698\n|switch|p1a: Urshifu|Urshifu-Rapid-Strike, L50, M|62\/100\n|turn|6\n|-message|BoYang0903 forfeited.\n|\n|win|Ducktile\n|raw|BoYang0903's rating: 1620 &rarr; <strong>1599<\/strong><br \/>(-21 for losing)\n|raw|Ducktile's rating: 1607 &rarr; <strong>1628<\/strong><br \/>(+21 for winning)\n|l|\u2606BoYang0903\n|player|p1|\n","uploadtime":1740151966,"views":5,"formatid":"gen9vgc2025regg","rating":1599,"private":0,"password":null}