{"id":"gen9vgc2025regg-2305000937","format":"[Gen 9] VGC 2025 Reg G","players":["Doc_MrMega","LowPass"],"log":"|j|\u2606Doc_MrMega\n|j|\u2606LowPass\n|t:|1740134348\n|gametype|doubles\n|player|p1|Doc_MrMega|lucas|1605\n|player|p2|LowPass|1|1573\n|teamsize|p1|6\n|teamsize|p2|6\n|gen|9\n|tier|[Gen 9] VGC 2025 Reg G\n|rated|\n|rule|Species Clause: Limit one of each Pok\u00e9mon\n|rule|Item Clause: Limit 1 of each item\n|clearpoke\n|poke|p1|Calyrex-Ice, L50|\n|poke|p1|Landorus, L50, M|\n|poke|p1|Amoonguss, L50, M|\n|poke|p1|Urshifu-*, L50, M|\n|poke|p1|Roaring Moon, L50|\n|poke|p1|Ogerpon-Hearthflame, L50, F|\n|poke|p2|Lugia, L50|\n|poke|p2|Sableye, L50, M|\n|poke|p2|Wo-Chien, L50|\n|poke|p2|Heatran, L50, F|\n|poke|p2|Landorus-Therian, L50, M|\n|poke|p2|Toxapex, L50, M|\n|teampreview|4\n|inactive|Battle timer is ON: inactive players will automatically lose when time's up. (requested by Doc_MrMega)\n|\n|t:|1740134368\n|start\n|switch|p1a: Urshifu|Urshifu-Rapid-Strike, L50, M|100\/100\n|switch|p1b: Ogerpon|Ogerpon-Hearthflame, L50, F|100\/100\n|switch|p2a: Landorus|Landorus-Therian, L50, M|100\/100\n|switch|p2b: Wo-Chien|Wo-Chien, L50|100\/100\n|-ability|p1b: Ogerpon|Mold Breaker\n|-ability|p2a: Landorus|Intimidate|boost\n|-unboost|p1a: Urshifu|atk|1\n|-unboost|p1b: Ogerpon|atk|1\n|-ability|p2b: Wo-Chien|Tablets of Ruin\n|turn|1\n|\n|t:|1740134384\n|switch|p2b: Lugia|Lugia, L50|100\/100\n|-terastallize|p1a: Urshifu|Water\n|-terastallize|p2a: Landorus|Water\n|move|p1b: Ogerpon|Ivy Cudgel|p2b: Lugia|[anim] Ivy Cudgel Fire\n|-damage|p2b: Lugia|80\/100\n|move|p1a: Urshifu|Surging Strikes|p2a: Landorus\n|-resisted|p2a: Landorus\n|-crit|p2a: Landorus\n|-damage|p2a: Landorus|85\/100\n|-resisted|p2a: Landorus\n|-crit|p2a: Landorus\n|-damage|p2a: Landorus|69\/100\n|-resisted|p2a: Landorus\n|-crit|p2a: Landorus\n|-damage|p2a: Landorus|52\/100\n|-hitcount|p2a: Landorus|3\n|move|p2a: Landorus|Earthquake|p1b: Ogerpon|[spread] p1a,p1b\n|-immune|p2b: Lugia\n|-crit|p1b: Ogerpon\n|-damage|p1a: Urshifu|35\/100\n|-damage|p1b: Ogerpon|23\/100\n|\n|-heal|p2b: Lugia|86\/100|[from] item: Leftovers\n|upkeep\n|turn|2\n|inactive|LowPass has 30 seconds left.\n|inactive|LowPass has 20 seconds left.\n|\n|t:|1740134419\n|switch|p2a: Toxapex|Toxapex, L50, M|100\/100\n|move|p1b: Ogerpon|Horn Leech|p2a: Toxapex\n|-damage|p2a: Toxapex|85\/100\n|-heal|p1b: Ogerpon|31\/100|[from] drain|[of] p2a: Toxapex\n|-damage|p1b: Ogerpon|14\/100|[from] item: Rocky Helmet|[of] p2a: Toxapex\n|move|p2b: Lugia|Recover|p2b: Lugia\n|-heal|p2b: Lugia|100\/100\n|move|p1a: Urshifu|Surging Strikes|p2b: Lugia\n|-crit|p2b: Lugia\n|-damage|p2b: Lugia|90\/100\n|-crit|p2b: Lugia\n|-damage|p2b: Lugia|69\/100\n|-crit|p2b: Lugia\n|-damage|p2b: Lugia|46\/100\n|-hitcount|p2b: Lugia|3\n|\n|-heal|p2b: Lugia|52\/100|[from] item: Leftovers\n|upkeep\n|turn|3\n|\n|t:|1740134440\n|switch|p2a: Landorus|Landorus-Therian, L50, M, tera:Water|52\/100\n|-ability|p2a: Landorus|Intimidate|boost\n|-unboost|p1a: Urshifu|atk|1\n|-unboost|p1b: Ogerpon|atk|1\n|move|p1b: Ogerpon|Follow Me|p1b: Ogerpon\n|-singleturn|p1b: Ogerpon|move: Follow Me\n|move|p2b: Lugia|Aeroblast|p1b: Ogerpon\n|-supereffective|p1b: Ogerpon\n|-damage|p1b: Ogerpon|0 fnt\n|faint|p1b: Ogerpon\n|move|p1a: Urshifu|Surging Strikes|p2b: Lugia\n|-crit|p2b: Lugia\n|-damage|p2b: Lugia|31\/100\n|-crit|p2b: Lugia\n|-damage|p2b: Lugia|11\/100\n|-crit|p2b: Lugia\n|-damage|p2b: Lugia|0 fnt\n|faint|p2b: Lugia\n|-hitcount|p2: Lugia|3\n|\n|upkeep\n|\n|t:|1740134452\n|switch|p1b: Roaring Moon|Roaring Moon, L50|100\/100\n|switch|p2b: Wo-Chien|Wo-Chien, L50|100\/100\n|-ability|p2b: Wo-Chien|Tablets of Ruin\n|-enditem|p1b: Roaring Moon|Booster Energy\n|-activate|p1b: Roaring Moon|ability: Protosynthesis|[fromitem]\n|-start|p1b: Roaring Moon|protosynthesisspe\n|turn|4\n|\n|t:|1740134463\n|move|p1a: Urshifu|Detect|p1a: Urshifu\n|-singleturn|p1a: Urshifu|Protect\n|move|p1b: Roaring Moon|Knock Off|p2a: Landorus\n|-damage|p2a: Landorus|14\/100\n|-enditem|p2a: Landorus|Choice Band|[from] move: Knock Off|[of] p1b: Roaring Moon\n|move|p2a: Landorus|U-turn|p1b: Roaring Moon\n|-supereffective|p1b: Roaring Moon\n|-damage|p1b: Roaring Moon|58\/100\n|\n|t:|1740134469\n|switch|p2a: Toxapex|Toxapex, L50, M|100\/100|[from] U-turn\n|move|p2b: Wo-Chien|Foul Play|p1a: Urshifu\n|-activate|p1a: Urshifu|move: Protect\n|\n|upkeep\n|turn|5\n|\n|t:|1740134484\n|move|p1b: Roaring Moon|Knock Off|p2b: Wo-Chien\n|-resisted|p2b: Wo-Chien\n|-damage|p2b: Wo-Chien|86\/100\n|-enditem|p2b: Wo-Chien|Assault Vest|[from] move: Knock Off|[of] p1b: Roaring Moon\n|move|p1a: Urshifu|Taunt|p2a: Toxapex\n|-start|p2a: Toxapex|move: Taunt\n|move|p2b: Wo-Chien|Foul Play|p1a: Urshifu\n|-damage|p1a: Urshifu|9\/100\n|cant|p2a: Toxapex|move: Taunt|Toxic\n|\n|upkeep\n|turn|6\n|-message|LowPass forfeited.\n|\n|win|Doc_MrMega\n|raw|Doc_MrMega's rating: 1605 &rarr; <strong>1623<\/strong><br \/>(+18 for winning)\n|raw|LowPass's rating: 1573 &rarr; <strong>1555<\/strong><br \/>(-18 for losing)\n|l|\u2606LowPass\n|player|p2|\n|l|\u2606Doc_MrMega\n|player|p1|\n","uploadtime":1740134720,"views":5,"formatid":"gen9vgc2025regg","rating":1555,"private":0,"password":null}