{"id":"gen9vgc2025regg-2305681403","format":"[Gen 9] VGC 2025 Reg G","players":["GengarNight_07","Anna giacristo"],"log":"|j|\u2606GengarNight_07\n|j|\u2606Anna giacristo\n|t:|1740230830\n|gametype|doubles\n|player|p1|GengarNight_07|170|1574\n|player|p2|Anna giacristo|170|1586\n|teamsize|p1|6\n|teamsize|p2|6\n|gen|9\n|tier|[Gen 9] VGC 2025 Reg G\n|rated|\n|rule|Species Clause: Limit one of each Pok\u00e9mon\n|rule|Item Clause: Limit 1 of each item\n|clearpoke\n|poke|p1|Calyrex-Shadow, L50|\n|poke|p1|Ogerpon-Hearthflame, L50, F|\n|poke|p1|Rillaboom, L50, F|\n|poke|p1|Incineroar, L50, F|\n|poke|p1|Raging Bolt, L50|\n|poke|p1|Urshifu-*, L50, F|\n|poke|p2|Calyrex-Shadow, L50|\n|poke|p2|Maushold-Four, L50|\n|poke|p2|Dondozo, L50, F|\n|poke|p2|Tatsugiri-Droopy, L50, M|\n|poke|p2|Weezing-Galar, L50, F|\n|poke|p2|Iron Hands, L50|\n|teampreview|4\n|\n|t:|1740230853\n|start\n|switch|p1a: Calyrex|Calyrex-Shadow, L50|100\/100\n|switch|p1b: Incineroar|Incineroar, L50, F|100\/100\n|switch|p2a: Maushold|Maushold-Four, L50|100\/100\n|switch|p2b: Calyrex|Calyrex-Shadow, L50|100\/100\n|-ability|p2b: Calyrex|As One\n|-ability|p2b: Calyrex|Unnerve\n|-ability|p1a: Calyrex|As One\n|-ability|p1a: Calyrex|Unnerve\n|-ability|p1b: Incineroar|Intimidate|boost\n|-unboost|p2a: Maushold|atk|1\n|-unboost|p2b: Calyrex|atk|1\n|turn|1\n|\n|t:|1740230893\n|-terastallize|p2b: Calyrex|Ghost\n|-terastallize|p1a: Calyrex|Normal\n|move|p2a: Maushold|Helping Hand|p2b: Calyrex\n|-singleturn|p2b: Calyrex|Helping Hand|[of] p2a: Maushold\n|move|p2b: Calyrex|Astral Barrage|p1a: Calyrex|[spread] p1b\n|-immune|p1a: Calyrex\n|-resisted|p1b: Incineroar\n|-damage|p1b: Incineroar|26\/100\n|move|p1a: Calyrex|Nasty Plot|p1a: Calyrex\n|-boost|p1a: Calyrex|spa|2\n|move|p1b: Incineroar|Parting Shot|p2b: Calyrex\n|-unboost|p2b: Calyrex|atk|1\n|-unboost|p2b: Calyrex|spa|1\n|\n|t:|1740230907\n|switch|p1b: Rillaboom|Rillaboom, L50, F|100\/100|[from] Parting Shot\n|-fieldstart|move: Grassy Terrain|[from] ability: Grassy Surge|[of] p1b: Rillaboom\n|\n|upkeep\n|turn|2\n|\n|t:|1740230918\n|move|p2a: Maushold|Helping Hand|p2b: Calyrex\n|-singleturn|p2b: Calyrex|Helping Hand|[of] p2a: Maushold\n|move|p1b: Rillaboom|Fake Out|p2a: Maushold\n|-damage|p2a: Maushold|85\/100\n|-damage|p1b: Rillaboom|84\/100|[from] item: Rocky Helmet|[of] p2a: Maushold\n|move|p2b: Calyrex|Astral Barrage|p1b: Rillaboom|[spread] p1b\n|-immune|p1a: Calyrex\n|-damage|p1b: Rillaboom|15\/100\n|move|p1a: Calyrex|Astral Barrage|p2b: Calyrex|[spread] p2b\n|-immune|p2a: Maushold\n|-supereffective|p2b: Calyrex\n|-damage|p2b: Calyrex|0 fnt\n|faint|p2b: Calyrex\n|-ability|p1a: Calyrex|Grim Neigh|boost\n|-boost|p1a: Calyrex|spa|1\n|\n|-heal|p2a: Maushold|92\/100|[from] Grassy Terrain\n|-heal|p1b: Rillaboom|20\/100|[from] Grassy Terrain\n|upkeep\n|\n|t:|1740230932\n|switch|p2b: Dondozo|Dondozo, L50, F, shiny|100\/100\n|turn|3\n|\n|t:|1740230955\n|switch|p2a: Tatsugiri|Tatsugiri-Droopy, L50, M|100\/100\n|-activate|p2a: Tatsugiri|ability: Commander|[of] p2b: Dondozo\n|-boost|p2b: Dondozo|atk|2\n|-boost|p2b: Dondozo|spa|2\n|-boost|p2b: Dondozo|spe|2\n|-boost|p2b: Dondozo|def|2\n|-boost|p2b: Dondozo|spd|2\n|switch|p1b: Incineroar|Incineroar, L50, F|26\/100\n|-ability|p1b: Incineroar|Intimidate|boost\n|-unboost|p2a: Tatsugiri|atk|1\n|-unboost|p2b: Dondozo|atk|1\n|move|p1a: Calyrex|Astral Barrage|p2a: Tatsugiri|[spread] p2b\n|-miss|p1a: Calyrex|p2a: Tatsugiri\n|-damage|p2b: Dondozo|75\/100\n|move|p2b: Dondozo|Order Up|p1b: Incineroar\n|-damage|p1b: Incineroar|3\/100\n|-boost|p2b: Dondozo|def|1\n|\n|-heal|p2b: Dondozo|81\/100|[from] Grassy Terrain\n|-heal|p2b: Dondozo|87\/100|[from] item: Leftovers\n|-heal|p1b: Incineroar|9\/100|[from] Grassy Terrain\n|upkeep\n|turn|4\n|\n|t:|1740230985\n|move|p1b: Incineroar|Fake Out|p2b: Dondozo\n|-damage|p2b: Dondozo|85\/100\n|move|p1a: Calyrex|Astral Barrage|p2a: Tatsugiri|[spread] p2b\n|-miss|p1a: Calyrex|p2a: Tatsugiri\n|-damage|p2b: Dondozo|57\/100\n|cant|p2b: Dondozo|flinch\n|\n|-heal|p2b: Dondozo|63\/100|[from] Grassy Terrain\n|-heal|p2b: Dondozo|69\/100|[from] item: Leftovers\n|-heal|p1b: Incineroar|15\/100|[from] Grassy Terrain\n|upkeep\n|turn|5\n|\n|t:|1740231000\n|move|p1a: Calyrex|Protect|p1a: Calyrex\n|-singleturn|p1a: Calyrex|Protect\n|move|p2b: Dondozo|Order Up|p1b: Incineroar\n|-damage|p1b: Incineroar|0 fnt\n|faint|p1b: Incineroar\n|-boost|p2b: Dondozo|def|1\n|\n|-heal|p2b: Dondozo|75\/100|[from] Grassy Terrain\n|-heal|p2b: Dondozo|81\/100|[from] item: Leftovers\n|-fieldend|move: Grassy Terrain\n|upkeep\n|\n|t:|1740231008\n|switch|p1b: Raging Bolt|Raging Bolt, L50|100\/100\n|-enditem|p1b: Raging Bolt|Booster Energy\n|-activate|p1b: Raging Bolt|ability: Protosynthesis|[fromitem]\n|-start|p1b: Raging Bolt|protosynthesisspa\n|turn|6\n|\n|t:|1740231018\n|move|p2b: Dondozo|Protect|p2b: Dondozo\n|-singleturn|p2b: Dondozo|Protect\n|move|p1a: Calyrex|Astral Barrage|p2a: Tatsugiri|[spread] \n|-miss|p1a: Calyrex|p2a: Tatsugiri\n|-activate|p2b: Dondozo|move: Protect\n|move|p1b: Raging Bolt|Thunderbolt|p2b: Dondozo\n|-activate|p2b: Dondozo|move: Protect\n|\n|-heal|p2b: Dondozo|88\/100|[from] item: Leftovers\n|upkeep\n|turn|7\n|\n|t:|1740231032\n|move|p1a: Calyrex|Protect|p1a: Calyrex\n|-singleturn|p1a: Calyrex|Protect\n|move|p2b: Dondozo|Body Press|p1b: Raging Bolt\n|-damage|p1b: Raging Bolt|38\/100\n|move|p1b: Raging Bolt|Thunderbolt|p2b: Dondozo\n|-supereffective|p2b: Dondozo\n|-damage|p2b: Dondozo|27\/100\n|\n|-heal|p2b: Dondozo|33\/100|[from] item: Leftovers\n|upkeep\n|turn|8\n|\n|t:|1740231044\n|move|p2b: Dondozo|Protect|p2b: Dondozo\n|-singleturn|p2b: Dondozo|Protect\n|move|p1b: Raging Bolt|Thunderclap||[still]\n|-fail|p1b: Raging Bolt\n|move|p1a: Calyrex|Astral Barrage|p2b: Dondozo|[spread] \n|-miss|p1a: Calyrex|p2a: Tatsugiri\n|-activate|p2b: Dondozo|move: Protect\n|\n|-heal|p2b: Dondozo|39\/100|[from] item: Leftovers\n|upkeep\n|turn|9\n|\n|t:|1740231066\n|move|p1b: Raging Bolt|Thunderclap|p2b: Dondozo\n|-supereffective|p2b: Dondozo\n|-damage|p2b: Dondozo|0 fnt\n|faint|p2b: Dondozo\n|move|p1a: Calyrex|Astral Barrage|p2a: Tatsugiri\n|-enditem|p2a: Tatsugiri|Focus Sash\n|-damage|p2a: Tatsugiri|1\/100\n|\n|upkeep\n|\n|t:|1740231068\n|switch|p2b: Maushold|Maushold-Four, L50|92\/100\n|turn|10\n|\n|t:|1740231089\n|move|p2b: Maushold|Follow Me|p2b: Maushold\n|-singleturn|p2b: Maushold|move: Follow Me\n|move|p1b: Raging Bolt|Thunderclap||[still]\n|-fail|p1b: Raging Bolt\n|move|p1a: Calyrex|Psychic|p2b: Maushold\n|-damage|p2b: Maushold|0 fnt\n|faint|p2b: Maushold\n|-ability|p1a: Calyrex|Grim Neigh|boost\n|-boost|p1a: Calyrex|spa|1\n|move|p2a: Tatsugiri|Draco Meteor|p1b: Raging Bolt\n|-supereffective|p1b: Raging Bolt\n|-damage|p1b: Raging Bolt|0 fnt\n|-unboost|p2a: Tatsugiri|spa|2\n|faint|p1b: Raging Bolt\n|-end|p1b: Raging Bolt|Protosynthesis|[silent]\n|\n|upkeep\n|\n|t:|1740231091\n|switch|p1b: Rillaboom|Rillaboom, L50, F|20\/100\n|-fieldstart|move: Grassy Terrain|[from] ability: Grassy Surge|[of] p1b: Rillaboom\n|turn|11\n|\n|t:|1740231100\n|move|p1b: Rillaboom|Grassy Glide|p2a: Tatsugiri\n|-damage|p2a: Tatsugiri|0 fnt\n|faint|p2a: Tatsugiri\n|\n|win|GengarNight_07\n|raw|GengarNight_07's rating: 1574 &rarr; <strong>1595<\/strong><br \/>(+21 for winning)\n|raw|Anna giacristo's rating: 1586 &rarr; <strong>1565<\/strong><br \/>(-21 for losing)\n|l|\u2606Anna giacristo\n|player|p2|\n|l|\u2606GengarNight_07\n|player|p1|\n","uploadtime":1740231271,"views":3,"formatid":"gen9vgc2025regg","rating":1565,"private":0,"password":null}