{"id":"gen9vgc2025regg-2305113532","format":"[Gen 9] VGC 2025 Reg G","players":["KogaAF1219","blindfishptsd"],"log":"|j|\u2606KogaAF1219\n|j|\u2606blindfishptsd\n|t:|1740150238\n|gametype|doubles\n|player|p1|KogaAF1219|169|1645\n|player|p2|blindfishptsd|266|1584\n|teamsize|p1|6\n|teamsize|p2|6\n|gen|9\n|tier|[Gen 9] VGC 2025 Reg G\n|rated|\n|rule|Species Clause: Limit one of each Pok\u00e9mon\n|rule|Item Clause: Limit 1 of each item\n|clearpoke\n|poke|p1|Koraidon, L50|\n|poke|p1|Indeedee, L50, M|\n|poke|p1|Whimsicott, L50, F|\n|poke|p1|Torkoal, L50, F|\n|poke|p1|Chi-Yu, L50|\n|poke|p1|Ogerpon-Cornerstone, L50, F|\n|poke|p2|Alcremie, L50, F|\n|poke|p2|Calyrex-Ice, L50|\n|poke|p2|Smeargle, L50, F|\n|poke|p2|Chi-Yu, L50|\n|poke|p2|Pelipper, L50, M|\n|poke|p2|Raging Bolt, L50|\n|teampreview|4\nKogaAF1219 has agreed to open team sheets.\n|\n|t:|1740150253\n|start\n|switch|p1a: Indeedee|Indeedee, L50, M|100\/100\n|switch|p1b: Ogerpon|Ogerpon-Cornerstone, L50, F|100\/100\n|switch|p2a: absolute bs boi|Smeargle, L50, F|100\/100\n|switch|p2b: ice honse boi|Calyrex-Ice, L50|100\/100\n|-ability|p2b: ice honse boi|As One\n|-ability|p2b: ice honse boi|Unnerve\n|-fieldstart|move: Psychic Terrain|[from] ability: Psychic Surge|[of] p1a: Indeedee\n|turn|1\n|\n|t:|1740150263\n|move|p2a: absolute bs boi|Follow Me|p2a: absolute bs boi\n|-singleturn|p2a: absolute bs boi|move: Follow Me\n|move|p1b: Ogerpon|Horn Leech|p2a: absolute bs boi\n|-enditem|p2a: absolute bs boi|Focus Sash\n|-damage|p2a: absolute bs boi|1\/100\n|move|p1a: Indeedee|Expanding Force|p2a: absolute bs boi|[spread] p2a,p2b\n|-resisted|p2b: ice honse boi\n|-damage|p2a: absolute bs boi|0 fnt\n|-damage|p2b: ice honse boi|83\/100\n|faint|p2a: absolute bs boi\n|move|p2b: ice honse boi|Glacial Lance|p1b: Ogerpon|[spread] p1a,p1b\n|-supereffective|p1b: Ogerpon\n|-enditem|p1a: Indeedee|Focus Sash\n|-damage|p1a: Indeedee|1\/100\n|-ability|p1b: Ogerpon|Sturdy\n|-damage|p1b: Ogerpon|1\/100\n|\n|upkeep\n|\n|t:|1740150274\n|switch|p2a: zappy boi|Raging Bolt, L50|100\/100\n|-enditem|p2a: zappy boi|Booster Energy\n|-activate|p2a: zappy boi|ability: Protosynthesis|[fromitem]\n|-start|p2a: zappy boi|protosynthesisspa\n|turn|2\n|\n|t:|1740150289\n|-terastallize|p1b: Ogerpon|Rock\n|detailschange|p1b: Ogerpon|Ogerpon-Cornerstone-Tera, L50, F, tera:Rock\n|-ability|p1b: Ogerpon|Embody Aspect (Cornerstone)|boost\n|-boost|p1b: Ogerpon|def|1\n|move|p1b: Ogerpon|Ivy Cudgel|p2a: zappy boi|[anim] Ivy Cudgel Rock\n|-crit|p2a: zappy boi\n|-damage|p2a: zappy boi|10\/100\n|move|p1a: Indeedee|Expanding Force|p2a: zappy boi|[spread] p2a,p2b\n|-resisted|p2b: ice honse boi\n|-damage|p2a: zappy boi|0 fnt\n|-damage|p2b: ice honse boi|66\/100\n|faint|p2a: zappy boi\n|-end|p2a: zappy boi|Protosynthesis|[silent]\n|move|p2b: ice honse boi|Trick Room|p2b: ice honse boi\n|-fieldstart|move: Trick Room|[of] p2b: ice honse boi\n|\n|upkeep\n|\n|t:|1740150296\n|switch|p2a: da birb boi|Pelipper, L50, M|100\/100\n|-weather|RainDance|[from] ability: Drizzle|[of] p2a: da birb boi\n|turn|3\n|\n|t:|1740150316\n|switch|p1a: Torkoal|Torkoal, L50, F|100\/100\n|-weather|SunnyDay|[from] ability: Drought|[of] p1a: Torkoal\n|move|p1b: Ogerpon|Spiky Shield|p1b: Ogerpon\n|-singleturn|p1b: Ogerpon|move: Protect\n|move|p2b: ice honse boi|Glacial Lance|p1b: Ogerpon|[spread] p1a\n|-activate|p1b: Ogerpon|move: Protect\n|-resisted|p1a: Torkoal\n|-damage|p1a: Torkoal|78\/100\n|move|p2a: da birb boi|Weather Ball|p1a: Torkoal\n|-resisted|p1a: Torkoal\n|-damage|p1a: Torkoal|38\/100\n|-damage|p2a: da birb boi|91\/100|[from] item: Life Orb\n|\n|-weather|SunnyDay|[upkeep]\n|upkeep\n|turn|4\n|j| Rabbithorn01\n|\n|t:|1740150349\n|-terastallize|p2b: ice honse boi|Water\n|move|p1b: Ogerpon|Follow Me|p1b: Ogerpon\n|-singleturn|p1b: Ogerpon|move: Follow Me\n|move|p1a: Torkoal|Solar Beam||[still]\n|-prepare|p1a: Torkoal|Solar Beam\n|-anim|p1a: Torkoal|Solar Beam|p2a: da birb boi\n|-damage|p2a: da birb boi|11\/100\n|move|p2b: ice honse boi|Glacial Lance|p1b: Ogerpon|[spread] p1a,p1b\n|-resisted|p1a: Torkoal\n|-damage|p1a: Torkoal|15\/100\n|-damage|p1b: Ogerpon|0 fnt\n|faint|p1b: Ogerpon\n|-ability|p2b: ice honse boi|Chilling Neigh|boost\n|-boost|p2b: ice honse boi|atk|1\n|move|p2a: da birb boi|Weather Ball|p1a: Torkoal\n|-resisted|p1a: Torkoal\n|-damage|p1a: Torkoal|0 fnt\n|faint|p1a: Torkoal\n|-damage|p2a: da birb boi|1\/100|[from] item: Life Orb\n|\n|-weather|SunnyDay|[upkeep]\n|upkeep\n|\n|t:|1740150352\n|switch|p1a: Koraidon|Koraidon, L50|100\/100\n|switch|p1b: Indeedee|Indeedee, L50, M|1\/100\n|-activate|p1a: Koraidon|ability: Orichalcum Pulse\n|turn|5\n|\n|t:|1740150367\n|move|p1a: Koraidon|Protect|p1a: Koraidon\n|-singleturn|p1a: Koraidon|Protect\n|move|p2b: ice honse boi|Glacial Lance|p1a: Koraidon|[spread] p1b\n|-activate|p1a: Koraidon|move: Protect\n|-damage|p1b: Indeedee|0 fnt\n|faint|p1b: Indeedee\n|-ability|p2b: ice honse boi|Chilling Neigh|boost\n|-boost|p2b: ice honse boi|atk|1\n|move|p2a: da birb boi|Weather Ball|p1a: Koraidon\n|-activate|p1a: Koraidon|move: Protect\n|\n|-weather|SunnyDay|[upkeep]\n|-fieldend|move: Psychic Terrain\n|upkeep\n|turn|6\n|\n|t:|1740150372\n|move|p1a: Koraidon|Protect|p1a: Koraidon\n|-singleturn|p1a: Koraidon|Protect\n|move|p2b: ice honse boi|Glacial Lance|p1a: Koraidon\n|-activate|p1a: Koraidon|move: Protect\n|move|p2a: da birb boi|Weather Ball|p1a: Koraidon\n|-activate|p1a: Koraidon|move: Protect\n|\n|-weather|SunnyDay|[upkeep]\n|-fieldend|move: Trick Room\n|upkeep\n|turn|7\n|\n|t:|1740150379\n|move|p1a: Koraidon|Collision Course|p2b: ice honse boi\n|-damage|p2b: ice honse boi|20\/100\n|move|p2a: da birb boi|Weather Ball|p1a: Koraidon\n|-resisted|p1a: Koraidon\n|-damage|p1a: Koraidon|68\/100\n|-damage|p2a: da birb boi|0 fnt|[from] item: Life Orb\n|faint|p2a: da birb boi\n|move|p2b: ice honse boi|Glacial Lance|p1a: Koraidon\n|-supereffective|p1a: Koraidon\n|-damage|p1a: Koraidon|0 fnt\n|faint|p1a: Koraidon\n|\n|win|blindfishptsd\n|raw|KogaAF1219's rating: 1645 &rarr; <strong>1622<\/strong><br \/>(-23 for losing)\n|raw|blindfishptsd's rating: 1584 &rarr; <strong>1607<\/strong><br \/>(+23 for winning)\n|l|\u2606KogaAF1219\n|player|p1|\n|l| Rabbithorn01\n|l|\u2606blindfishptsd\n|player|p2|\n","uploadtime":1740150578,"views":5,"formatid":"gen9vgc2025regg","rating":1607,"private":0,"password":null}