{"id":"gen9vgc2025regg-2305721874","format":"[Gen 9] VGC 2025 Reg G","players":["Snow14124869","PKBR_Hitsuy"],"log":"|j|\u2606Snow14124869\n|j|\u2606PKBR_Hitsuy\n|t:|1740236919\n|gametype|doubles\n|player|p1|Snow14124869|hilbert|1626\n|player|p2|PKBR_Hitsuy|cynthia|1594\n|teamsize|p1|6\n|teamsize|p2|6\n|gen|9\n|tier|[Gen 9] VGC 2025 Reg G\n|rated|\n|rule|Species Clause: Limit one of each Pok\u00e9mon\n|rule|Item Clause: Limit 1 of each item\n|clearpoke\n|poke|p1|Calyrex-Shadow, L50|\n|poke|p1|Raging Bolt, L50|\n|poke|p1|Urshifu-*, L50, F|\n|poke|p1|Grimmsnarl, L50, M|\n|poke|p1|Incineroar, L50, M|\n|poke|p1|Clefairy, L50, F|\n|poke|p2|Groudon, L50|\n|poke|p2|Gouging Fire, L50|\n|poke|p2|Chien-Pao, L50|\n|poke|p2|Urshifu-*, L50, M|\n|poke|p2|Volcarona, L50, M|\n|poke|p2|Raging Bolt, L50|\n|teampreview|4\n|\n|t:|1740236943\n|start\n|switch|p1a: Calyrex|Calyrex-Shadow, L50|100\/100\n|switch|p1b: Grimmsnarl|Grimmsnarl, L50, M|100\/100\n|switch|p2a: Groudon|Groudon, L50|100\/100\n|switch|p2b: Volcarona|Volcarona, L50, M|100\/100\n|-ability|p1a: Calyrex|As One\n|-ability|p1a: Calyrex|Unnerve\n|-weather|SunnyDay|[from] ability: Drought|[of] p2a: Groudon\n|turn|1\n|\n|t:|1740236967\n|-terastallize|p2a: Groudon|Fire\n|move|p1a: Calyrex|Protect|p1a: Calyrex\n|-singleturn|p1a: Calyrex|Protect\n|move|p1b: Grimmsnarl|Reflect|p1b: Grimmsnarl\n|-sidestart|p1: Snow14124869|Reflect\n|move|p2b: Volcarona|Tailwind|p2b: Volcarona\n|-sidestart|p2: PKBR_Hitsuy|move: Tailwind\n|move|p2a: Groudon|Heat Crash|p1a: Calyrex\n|-activate|p1a: Calyrex|move: Protect\n|\n|-weather|SunnyDay|[upkeep]\n|upkeep\n|turn|2\n|inactive|Battle timer is ON: inactive players will automatically lose when time's up. (requested by PKBR_Hitsuy)\n|inactive|Snow14124869 has 60 seconds left.\n|\n|t:|1740237017\n|switch|p1a: Incineroar|Incineroar, L50, M|100\/100\n|-ability|p1a: Incineroar|Intimidate|boost\n|-fail|p2a: Groudon|unboost|[from] item: Clear Amulet|[of] p2a: Groudon\n|-unboost|p2b: Volcarona|atk|1\n|switch|p1b: Clefairy|Clefairy, L50, F|100\/100\n|move|p2b: Volcarona|Rage Powder|p2b: Volcarona\n|-singleturn|p2b: Volcarona|move: Rage Powder\n|move|p2a: Groudon|Precipice Blades|p1a: Incineroar|[spread] p1a,p1b\n|-supereffective|p1a: Incineroar\n|-damage|p1a: Incineroar|61\/100\n|-damage|p1b: Clefairy|70\/100\n|\n|-weather|SunnyDay|[upkeep]\n|upkeep\n|turn|3\n|inactive|Snow14124869 has 30 seconds left.\n|\n|t:|1740237042\n|switch|p2b: Gouging Fire|Gouging Fire, L50|100\/100\n|-activate|p2b: Gouging Fire|ability: Protosynthesis\n|-start|p2b: Gouging Fire|protosynthesisspe\n|move|p2a: Groudon|Protect|p2a: Groudon\n|-singleturn|p2a: Groudon|Protect\n|move|p1a: Incineroar|Fake Out|p2a: Groudon\n|-activate|p2a: Groudon|move: Protect\n|move|p1b: Clefairy|Life Dew|p1b: Clefairy|[spread] p1a,p1b\n|-heal|p1a: Incineroar|87\/100\n|-heal|p1b: Clefairy|95\/100\n|\n|-weather|SunnyDay|[upkeep]\n|upkeep\n|turn|4\n|\n|t:|1740237059\n|switch|p1a: Calyrex|Calyrex-Shadow, L50|100\/100\n|-ability|p1a: Calyrex|As One\n|-ability|p1a: Calyrex|Unnerve\n|move|p2b: Gouging Fire|Howl|p2b: Gouging Fire|[spread] p2a,p2b\n|-boost|p2a: Groudon|atk|1\n|-boost|p2b: Gouging Fire|atk|1\n|move|p2a: Groudon|Precipice Blades|p1b: Clefairy|[spread] p1a\n|-miss|p2a: Groudon|p1b: Clefairy\n|-damage|p1a: Calyrex|67\/100\n|move|p1b: Clefairy|Encore|p2b: Gouging Fire\n|-start|p2b: Gouging Fire|Encore\n|\n|-weather|SunnyDay|[upkeep]\n|-sideend|p2: PKBR_Hitsuy|move: Tailwind\n|upkeep\n|turn|5\n|\n|t:|1740237073\n|move|p1b: Clefairy|Follow Me|p1b: Clefairy\n|-singleturn|p1b: Clefairy|move: Follow Me\n|move|p2b: Gouging Fire|Howl|p2b: Gouging Fire|[spread] p2a,p2b\n|-boost|p2a: Groudon|atk|1\n|-boost|p2b: Gouging Fire|atk|1\n|move|p1a: Calyrex|Astral Barrage|p2a: Groudon|[spread] p2a,p2b\n|-damage|p2a: Groudon|51\/100\n|-damage|p2b: Gouging Fire|54\/100\n|move|p2a: Groudon|Precipice Blades|p1b: Clefairy|[spread] p1a,p1b\n|-crit|p1b: Clefairy\n|-damage|p1a: Calyrex|22\/100\n|-damage|p1b: Clefairy|0 fnt\n|faint|p1b: Clefairy\n|\n|-weather|none\n|-end|p2b: Gouging Fire|Protosynthesis\n|upkeep\n|-enditem|p2b: Gouging Fire|Booster Energy\n|-activate|p2b: Gouging Fire|ability: Protosynthesis|[fromitem]\n|-start|p2b: Gouging Fire|protosynthesisatk\n|\n|t:|1740237092\n|switch|p1b: Incineroar|Incineroar, L50, M|87\/100\n|-ability|p1b: Incineroar|Intimidate|boost\n|-fail|p2a: Groudon|unboost|[from] item: Clear Amulet|[of] p2a: Groudon\n|-unboost|p2b: Gouging Fire|atk|1\n|turn|6\n|\n|t:|1740237109\n|-end|p2b: Gouging Fire|Protosynthesis|[silent]\n|switch|p2b: Volcarona|Volcarona, L50, M|100\/100\n|move|p1a: Calyrex|Protect|p1a: Calyrex\n|-singleturn|p1a: Calyrex|Protect\n|move|p2a: Groudon|Protect|p2a: Groudon\n|-singleturn|p2a: Groudon|Protect\n|move|p1b: Incineroar|Roar|p2b: Volcarona\n|drag|p2b: Gouging Fire|Gouging Fire, L50|54\/100\n|\n|upkeep\n|turn|7\n|\n|t:|1740237123\n|move|p1a: Calyrex|Astral Barrage|p2b: Gouging Fire|[spread] p2a,p2b\n|-damage|p2a: Groudon|6\/100\n|-damage|p2b: Gouging Fire|4\/100\n|move|p2b: Gouging Fire|Flare Blitz|p1a: Calyrex\n|-damage|p1a: Calyrex|0 fnt\n|faint|p1a: Calyrex\n|-damage|p2b: Gouging Fire|0 fnt|[from] Recoil\n|faint|p2b: Gouging Fire\n|-end|p2b: Gouging Fire|Protosynthesis|[silent]\n|move|p2a: Groudon|Precipice Blades|p1b: Incineroar\n|-supereffective|p1b: Incineroar\n|-damage|p1b: Incineroar|0 fnt\n|faint|p1b: Incineroar\n|\n|upkeep\n|-message|Snow14124869 forfeited.\n|\n|win|PKBR_Hitsuy\n|raw|Snow14124869's rating: 1601 &rarr; <strong>1581<\/strong><br \/>(-20 for losing)\n|raw|PKBR_Hitsuy's rating: 1594 &rarr; <strong>1614<\/strong><br \/>(+20 for winning)\n|l|\u2606Snow14124869\n|player|p1|\n|l|\u2606PKBR_Hitsuy\n|player|p2|\n","uploadtime":1740237144,"views":15,"formatid":"gen9vgc2025regg","rating":1581,"private":0,"password":null}