{"id":"gen9vgc2025regg-2305827557","format":"[Gen 9] VGC 2025 Reg G","players":["epigrlozvgc","Daleg"],"log":"|j|\u2606epigrlozvgc\n|j|\u2606Daleg\n|t:|1740250612\n|gametype|doubles\n|player|p1|epigrlozvgc|alder|1502\n|player|p2|Daleg|101|1648\n|teamsize|p1|6\n|teamsize|p2|6\n|gen|9\n|tier|[Gen 9] VGC 2025 Reg G\n|rated|\n|rule|Species Clause: Limit one of each Pok\u00e9mon\n|rule|Item Clause: Limit 1 of each item\n|clearpoke\n|poke|p1|Koraidon, L50|\n|poke|p1|Walking Wake, L50|\n|poke|p1|Jumpluff, L50, F|\n|poke|p1|Farigiraf, L50, M|\n|poke|p1|Flutter Mane, L50|\n|poke|p1|Ogerpon-Hearthflame, L50, F|\n|poke|p2|Zamazenta-*, L50|\n|poke|p2|Amoonguss, L50, F|\n|poke|p2|Rillaboom, L50, M|\n|poke|p2|Ursaluna-Bloodmoon, L50, M|\n|poke|p2|Chien-Pao, L50|\n|poke|p2|Tornadus, L50, M|\n|teampreview|4\n|j| judang\n|\n|t:|1740250667\n|start\n|switch|p1a: Koraidon|Koraidon, L50|100\/100\n|switch|p1b: Jumpluff|Jumpluff, L50, F|100\/100\n|switch|p2a: Tornadus|Tornadus, L50, M|100\/100\n|switch|p2b: Zamazenta|Zamazenta-Crowned, L50|100\/100\n|-weather|SunnyDay|[from] ability: Orichalcum Pulse|[of] p1a: Koraidon\n|-activate|p1a: Koraidon|Orichalcum Pulse|[source]\n|-ability|p2b: Zamazenta|Dauntless Shield|boost\n|-boost|p2b: Zamazenta|def|1\n|turn|1\n|\n|t:|1740250685\n|move|p2a: Tornadus|Rain Dance|p2a: Tornadus\n|-weather|RainDance\n|move|p1a: Koraidon|Collision Course|p2b: Zamazenta\n|-supereffective|p2b: Zamazenta\n|-damage|p2b: Zamazenta|12\/100\n|move|p2b: Zamazenta|Iron Defense|p2b: Zamazenta\n|-boost|p2b: Zamazenta|def|2\n|move|p1b: Jumpluff|Sleep Powder|p2b: Zamazenta\n|-status|p2b: Zamazenta|slp|[from] move: Sleep Powder\n|\n|-weather|RainDance|[upkeep]\n|upkeep\n|turn|2\n|\n|t:|1740250712\n|switch|p1a: Farigiraf|Farigiraf, L50, M|100\/100\n|cant|p2b: Zamazenta|slp\n|move|p1b: Jumpluff|Sleep Powder|p2a: Tornadus\n|-status|p2a: Tornadus|slp|[from] move: Sleep Powder\n|cant|p2a: Tornadus|slp\n|\n|-weather|RainDance|[upkeep]\n|upkeep\n|turn|3\n|\n|t:|1740250733\n|-curestatus|p2b: Zamazenta|slp|[msg]\n|move|p2b: Zamazenta|Body Press|p1a: Farigiraf\n|-damage|p1a: Farigiraf|13\/100\n|-damage|p2b: Zamazenta|0 fnt|[from] item: Rocky Helmet|[of] p1a: Farigiraf\n|faint|p2b: Zamazenta\n|move|p1b: Jumpluff|Tailwind|p1b: Jumpluff\n|-sidestart|p1: epigrlozvgc|move: Tailwind\n|move|p1a: Farigiraf|Psychic|p2a: Tornadus\n|-damage|p2a: Tornadus|59\/100 slp\n|-curestatus|p2a: Tornadus|slp|[msg]\n|move|p2a: Tornadus|Bleakwind Storm|p1a: Farigiraf|[spread] p1a,p1b\n|-supereffective|p1b: Jumpluff\n|-damage|p1a: Farigiraf|0 fnt\n|-damage|p1b: Jumpluff|30\/100\n|faint|p1a: Farigiraf\n|\n|-weather|RainDance|[upkeep]\n|upkeep\n|\n|t:|1740250753\n|switch|p2b: Chien-Pao|Chien-Pao, L50|100\/100\n|switch|p1a: Koraidon|Koraidon, L50|100\/100\n|-weather|SunnyDay|[from] ability: Orichalcum Pulse|[of] p1a: Koraidon\n|-activate|p1a: Koraidon|Orichalcum Pulse|[source]\n|-ability|p2b: Chien-Pao|Sword of Ruin\n|turn|4\n|inactive|Battle timer is ON: inactive players will automatically lose when time's up. (requested by Daleg)\n|\n|t:|1740250801\n|-terastallize|p1a: Koraidon|Fire\n|move|p2b: Chien-Pao|Protect|p2b: Chien-Pao\n|-singleturn|p2b: Chien-Pao|Protect\n|move|p2a: Tornadus|Rain Dance|p2a: Tornadus\n|-weather|RainDance\n|move|p1a: Koraidon|Dragon Claw|p2a: Tornadus\n|-damage|p2a: Tornadus|0 fnt\n|faint|p2a: Tornadus\n|move|p1b: Jumpluff|Sleep Powder|p2b: Chien-Pao\n|-activate|p2b: Chien-Pao|move: Protect\n|\n|-weather|RainDance|[upkeep]\n|upkeep\n|\n|t:|1740250810\n|switch|p2a: Ursaluna|Ursaluna-Bloodmoon, L50, M|100\/100\n|turn|5\n|\n|t:|1740250828\n|move|p2b: Chien-Pao|Sucker Punch|p1a: Koraidon\n|-damage|p1a: Koraidon|53\/100\n|move|p2a: Ursaluna|Vacuum Wave|p1a: Koraidon\n|-damage|p1a: Koraidon|28\/100\n|move|p1a: Koraidon|Dragon Claw|p2b: Chien-Pao\n|-damage|p2b: Chien-Pao|10\/100\n|move|p1b: Jumpluff|Sleep Powder|p2a: Ursaluna\n|-status|p2a: Ursaluna|slp|[from] move: Sleep Powder\n|\n|-weather|RainDance|[upkeep]\n|upkeep\n|turn|6\n|\n|t:|1740250844\n|switch|p1a: Ogerpon|Ogerpon-Hearthflame, L50, F|100\/100\n|-ability|p1a: Ogerpon|Mold Breaker\n|move|p2b: Chien-Pao|Protect|p2b: Chien-Pao\n|-singleturn|p2b: Chien-Pao|Protect\n|cant|p2a: Ursaluna|slp\n|move|p1b: Jumpluff|Sleep Powder|p2b: Chien-Pao\n|-activate|p2b: Chien-Pao|move: Protect\n|\n|-weather|RainDance|[upkeep]\n|-sideend|p1: epigrlozvgc|move: Tailwind\n|upkeep\n|turn|7\n|\n|t:|1740250866\n|-curestatus|p2a: Ursaluna|slp|[msg]\n|move|p2a: Ursaluna|Vacuum Wave|p1b: Jumpluff\n|-resisted|p1b: Jumpluff\n|-damage|p1b: Jumpluff|18\/100\n|move|p2b: Chien-Pao|Icicle Crash|p1a: Ogerpon\n|-crit|p1a: Ogerpon\n|-damage|p1a: Ogerpon|0 fnt\n|faint|p1a: Ogerpon\n|move|p1b: Jumpluff|Sleep Powder|p2b: Chien-Pao\n|-status|p2b: Chien-Pao|slp|[from] move: Sleep Powder\n|\n|-weather|RainDance|[upkeep]\n|upkeep\n|\n|t:|1740250877\n|switch|p1a: Koraidon|Koraidon, L50, tera:Fire|28\/100\n|-weather|SunnyDay|[from] ability: Orichalcum Pulse|[of] p1a: Koraidon\n|-activate|p1a: Koraidon|Orichalcum Pulse|[source]\n|turn|8\n|\n|t:|1740250900\n|-terastallize|p2b: Chien-Pao|Ghost\n|move|p1b: Jumpluff|Rage Powder|p1b: Jumpluff\n|-singleturn|p1b: Jumpluff|move: Rage Powder\n|cant|p2b: Chien-Pao|slp\n|move|p2a: Ursaluna|Vacuum Wave|p1b: Jumpluff\n|-resisted|p1b: Jumpluff\n|-damage|p1b: Jumpluff|5\/100\n|move|p1a: Koraidon|Dragon Claw|p2a: Ursaluna\n|-damage|p2a: Ursaluna|8\/100\n|\n|-weather|SunnyDay|[upkeep]\n|upkeep\n|turn|9\n|\n|t:|1740250916\n|cant|p2b: Chien-Pao|slp\n|move|p1b: Jumpluff|Rage Powder|p1b: Jumpluff\n|-singleturn|p1b: Jumpluff|move: Rage Powder\n|move|p2a: Ursaluna|Vacuum Wave|p1b: Jumpluff\n|-resisted|p1b: Jumpluff\n|-damage|p1b: Jumpluff|0 fnt\n|faint|p1b: Jumpluff\n|move|p1a: Koraidon|Dragon Claw|p2b: Chien-Pao\n|-damage|p2b: Chien-Pao|0 fnt\n|faint|p2b: Chien-Pao\n|\n|-weather|SunnyDay|[upkeep]\n|upkeep\n|turn|10\n|\n|t:|1740250926\n|move|p2a: Ursaluna|Vacuum Wave|p1a: Koraidon\n|-damage|p1a: Koraidon|4\/100\n|move|p1a: Koraidon|Dragon Claw|p2a: Ursaluna\n|-damage|p2a: Ursaluna|0 fnt\n|faint|p2a: Ursaluna\n|\n|win|epigrlozvgc\n|raw|epigrlozvgc's rating: 1502 &rarr; <strong>1530<\/strong><br \/>(+28 for winning)\n|raw|Daleg's rating: 1648 &rarr; <strong>1620<\/strong><br \/>(-28 for losing)\n|l|\u2606epigrlozvgc\n|player|p1|\n|l|\u2606Daleg\n|player|p2|\n","uploadtime":1740251072,"views":2,"formatid":"gen9vgc2025regg","rating":1530,"private":0,"password":null}