{"id":"gen9vgc2025regg-2305090617","format":"[Gen 9] VGC 2025 Reg G","players":["caZISA","LowPass"],"log":"|j|\u2606caZISA\n|j|\u2606LowPass\n|t:|1740147686\n|gametype|doubles\n|player|p1|caZISA|red|1659\n|player|p2|LowPass|265|1634\n|teamsize|p1|6\n|teamsize|p2|6\n|gen|9\n|tier|[Gen 9] VGC 2025 Reg G\n|rated|\n|rule|Species Clause: Limit one of each Pok\u00e9mon\n|rule|Item Clause: Limit 1 of each item\n|clearpoke\n|poke|p1|Koraidon, L50|\n|poke|p1|Ogerpon-Cornerstone, L50, F|\n|poke|p1|Flutter Mane, L50|\n|poke|p1|Incineroar, L50, F|\n|poke|p1|Gholdengo, L50|\n|poke|p1|Smeargle, L50, M|\n|poke|p2|Lugia, L50|\n|poke|p2|Flutter Mane, L50|\n|poke|p2|Wo-Chien, L50|\n|poke|p2|Incineroar, L50, F|\n|poke|p2|Landorus-Therian, L50, M|\n|poke|p2|Toxapex, L50, F|\n|teampreview|4\n|inactive|Battle timer is ON: inactive players will automatically lose when time's up. (requested by caZISA)\n|\n|t:|1740147711\n|start\n|switch|p1a: Incineroar|Incineroar, L50, F, shiny|100\/100\n|switch|p1b: Gholdengo|Gholdengo, L50|100\/100\n|switch|p2a: Flutter Mane|Flutter Mane, L50|100\/100\n|switch|p2b: Lugia|Lugia, L50|100\/100\n|-ability|p1a: Incineroar|Intimidate|boost\n|-unboost|p2a: Flutter Mane|atk|1\n|-unboost|p2b: Lugia|atk|1\n|-enditem|p2a: Flutter Mane|Booster Energy\n|-activate|p2a: Flutter Mane|ability: Protosynthesis|[fromitem]\n|-start|p2a: Flutter Mane|protosynthesisspa\n|turn|1\n|\n|t:|1740147722\n|switch|p2b: Incineroar|Incineroar, L50, F|100\/100\n|-ability|p2b: Incineroar|Intimidate|boost\n|-unboost|p1a: Incineroar|atk|1\n|-unboost|p1b: Gholdengo|atk|1\n|move|p1b: Gholdengo|Protect|p1b: Gholdengo\n|-singleturn|p1b: Gholdengo|Protect\n|move|p2a: Flutter Mane|Shadow Ball|p1b: Gholdengo\n|-activate|p1b: Gholdengo|move: Protect\n|move|p1a: Incineroar|Parting Shot|p2a: Flutter Mane\n|-unboost|p2a: Flutter Mane|atk|1\n|-unboost|p2a: Flutter Mane|spa|1\n|\n|t:|1740147735\n|switch|p1a: Koraidon|Koraidon, L50|100\/100|[from] Parting Shot\n|-weather|SunnyDay|[from] ability: Orichalcum Pulse|[of] p1a: Koraidon\n|-activate|p1a: Koraidon|Orichalcum Pulse|[source]\n|\n|-weather|SunnyDay|[upkeep]\n|upkeep\n|turn|2\n|j| Rabbithorn01\n|\n|t:|1740147746\n|switch|p1a: Incineroar|Incineroar, L50, F, shiny|100\/100\n|-ability|p1a: Incineroar|Intimidate|boost\n|-unboost|p2a: Flutter Mane|atk|1\n|-unboost|p2b: Incineroar|atk|1\n|move|p2b: Incineroar|Fake Out|p1a: Incineroar\n|-damage|p1a: Incineroar|94\/100\n|move|p2a: Flutter Mane|Shadow Ball|p1b: Gholdengo\n|-supereffective|p1b: Gholdengo\n|-damage|p1b: Gholdengo|26\/100\n|move|p1b: Gholdengo|Nasty Plot|p1b: Gholdengo\n|-boost|p1b: Gholdengo|spa|2\n|\n|-weather|SunnyDay|[upkeep]\n|-heal|p1b: Gholdengo|32\/100|[from] item: Leftovers\n|upkeep\n|turn|3\n|inactive|LowPass has 30 seconds left.\n|\n|t:|1740147779\n|move|p1b: Gholdengo|Protect|p1b: Gholdengo\n|-singleturn|p1b: Gholdengo|Protect\n|move|p2a: Flutter Mane|Shadow Ball|p1b: Gholdengo\n|-activate|p1b: Gholdengo|move: Protect\n|move|p1a: Incineroar|Parting Shot|p2a: Flutter Mane\n|-unboost|p2a: Flutter Mane|atk|1\n|-unboost|p2a: Flutter Mane|spa|1\n|\n|t:|1740147787\n|switch|p1a: Flutter Mane|Flutter Mane, L50|100\/100|[from] Parting Shot\n|-activate|p1a: Flutter Mane|ability: Protosynthesis\n|-start|p1a: Flutter Mane|protosynthesisspe\n|move|p2b: Incineroar|Parting Shot|p1a: Flutter Mane\n|-unboost|p1a: Flutter Mane|atk|1\n|-unboost|p1a: Flutter Mane|spa|1\n|\n|t:|1740147792\n|switch|p2b: Wo-Chien|Wo-Chien, L50|100\/100|[from] Parting Shot\n|-ability|p2b: Wo-Chien|Tablets of Ruin\n|\n|-weather|SunnyDay|[upkeep]\n|-heal|p1b: Gholdengo|38\/100|[from] item: Leftovers\n|upkeep\n|turn|4\n|\n|t:|1740147802\n|move|p2a: Flutter Mane|Protect|p2a: Flutter Mane\n|-singleturn|p2a: Flutter Mane|Protect\n|move|p1a: Flutter Mane|Icy Wind|p2a: Flutter Mane|[spread] p2b\n|-activate|p2a: Flutter Mane|move: Protect\n|-supereffective|p2b: Wo-Chien\n|-damage|p2b: Wo-Chien|92\/100\n|-unboost|p2b: Wo-Chien|spe|1\n|-damage|p1a: Flutter Mane|91\/100|[from] item: Life Orb\n|move|p1b: Gholdengo|Make It Rain|p2b: Wo-Chien|[spread] p2b\n|-activate|p2a: Flutter Mane|move: Protect\n|-damage|p2b: Wo-Chien|54\/100\n|-unboost|p1b: Gholdengo|spa|1\n|move|p2b: Wo-Chien|Knock Off|p1b: Gholdengo\n|-supereffective|p1b: Gholdengo\n|-damage|p1b: Gholdengo|0 fnt\n|-enditem|p1b: Gholdengo|Leftovers|[from] move: Knock Off|[of] p2b: Wo-Chien\n|faint|p1b: Gholdengo\n|\n|-weather|SunnyDay|[upkeep]\n|upkeep\n|j| mr pogostick\n|\n|t:|1740147807\n|switch|p1b: Koraidon|Koraidon, L50|100\/100\n|-activate|p1b: Koraidon|ability: Orichalcum Pulse\n|turn|5\n|j| faceless_knigght\n|\n|t:|1740147819\n|-end|p2a: Flutter Mane|Protosynthesis|[silent]\n|switch|p2a: Incineroar|Incineroar, L50, F|100\/100\n|-ability|p2a: Incineroar|Intimidate|boost\n|-unboost|p1a: Flutter Mane|atk|1\n|-fail|p1b: Koraidon|unboost|[from] item: Clear Amulet|[of] p1b: Koraidon\n|move|p1a: Flutter Mane|Icy Wind|p2a: Incineroar|[spread] p2a,p2b\n|-resisted|p2a: Incineroar\n|-supereffective|p2b: Wo-Chien\n|-damage|p2a: Incineroar|96\/100\n|-damage|p2b: Wo-Chien|46\/100\n|-unboost|p2a: Incineroar|spe|1\n|-unboost|p2b: Wo-Chien|spe|1\n|-damage|p1a: Flutter Mane|81\/100|[from] item: Life Orb\n|move|p1b: Koraidon|Flare Blitz|p2a: Incineroar\n|-resisted|p2a: Incineroar\n|-damage|p2a: Incineroar|72\/100\n|-damage|p1b: Koraidon|91\/100|[from] Recoil\n|move|p2b: Wo-Chien|Knock Off|p1a: Flutter Mane\n|-damage|p1a: Flutter Mane|36\/100\n|-enditem|p1a: Flutter Mane|Life Orb|[from] move: Knock Off|[of] p2b: Wo-Chien\n|\n|-weather|none\n|-end|p1a: Flutter Mane|Protosynthesis\n|upkeep\n|turn|6\n|inactive|LowPass has 30 seconds left.\n|\n|t:|1740147845\n|-end|p1a: Flutter Mane|Protosynthesis|[silent]\n|switch|p1a: Incineroar|Incineroar, L50, F, shiny|94\/100\n|-ability|p1a: Incineroar|Intimidate|boost\n|-unboost|p2a: Incineroar|atk|1\n|-unboost|p2b: Wo-Chien|atk|1\n|switch|p2a: Lugia|Lugia, L50|100\/100\n|move|p1b: Koraidon|Protect|p1b: Koraidon\n|-singleturn|p1b: Koraidon|Protect\n|move|p2b: Wo-Chien|Pollen Puff|p2a: Lugia\n|-immune|p2a: Lugia\n|\n|upkeep\n|turn|7\n|inactive|LowPass has 30 seconds left.\n|\n|t:|1740147873\n|switch|p2b: Incineroar|Incineroar, L50, F|72\/100\n|-ability|p2b: Incineroar|Intimidate|boost\n|-unboost|p1a: Incineroar|atk|1\n|-fail|p1b: Koraidon|unboost|[from] item: Clear Amulet|[of] p1b: Koraidon\n|-terastallize|p1b: Koraidon|Fire\n|move|p1b: Koraidon|Flare Blitz|p2b: Incineroar\n|-resisted|p2b: Incineroar\n|-damage|p2b: Incineroar|49\/100\n|-damage|p1b: Koraidon|83\/100|[from] Recoil\n|move|p2a: Lugia|Aeroblast|p1b: Koraidon\n|-damage|p1b: Koraidon|45\/100\n|move|p1a: Incineroar|Knock Off|p2a: Lugia\n|-supereffective|p2a: Lugia\n|-damage|p2a: Lugia|84\/100\n|-enditem|p2a: Lugia|Leftovers|[from] move: Knock Off|[of] p1a: Incineroar\n|\n|upkeep\n|turn|8\n|j| ChilledLotusA\n|inactive|LowPass has 30 seconds left.\n|inactive|LowPass has 20 seconds left.\n|inactive|LowPass has 15 seconds left.\n|inactive|LowPass has 10 seconds left.\n|inactive|LowPass has 5 seconds left.\n|\n|t:|1740147923\n|switch|p1b: Flutter Mane|Flutter Mane, L50|36\/100\n|move|p2b: Incineroar|Fake Out|p1a: Incineroar\n|-damage|p1a: Incineroar|85\/100\n|move|p2a: Lugia|Calm Mind|p2a: Lugia\n|-boost|p2a: Lugia|spa|1\n|-boost|p2a: Lugia|spd|1\n|cant|p1a: Incineroar|flinch\n|\n|upkeep\n|turn|9\n|\n|t:|1740147938\n|move|p1b: Flutter Mane|Protect|p1b: Flutter Mane\n|-singleturn|p1b: Flutter Mane|Protect\n|move|p2a: Lugia|Recover|p2a: Lugia\n|-heal|p2a: Lugia|100\/100\n|move|p1a: Incineroar|Parting Shot|p2a: Lugia\n|-unboost|p2a: Lugia|atk|1\n|-unboost|p2a: Lugia|spa|1\n|\n|t:|1740147945\n|switch|p1a: Koraidon|Koraidon, L50, tera:Fire|45\/100|[from] Parting Shot\n|-weather|SunnyDay|[from] ability: Orichalcum Pulse|[of] p1a: Koraidon\n|-activate|p1b: Flutter Mane|ability: Protosynthesis\n|-start|p1b: Flutter Mane|protosynthesisspe\n|-activate|p1a: Koraidon|Orichalcum Pulse|[source]\n|move|p2b: Incineroar|Parting Shot|p1b: Flutter Mane\n|-activate|p1b: Flutter Mane|move: Protect\n|\n|-weather|SunnyDay|[upkeep]\n|upkeep\n|turn|10\n|\n|t:|1740147956\n|move|p1b: Flutter Mane|Icy Wind|p2a: Lugia|[spread] p2a,p2b\n|-supereffective|p2a: Lugia\n|-crit|p2a: Lugia\n|-resisted|p2b: Incineroar\n|-damage|p2a: Lugia|90\/100\n|-damage|p2b: Incineroar|45\/100\n|-unboost|p2a: Lugia|spe|1\n|-unboost|p2b: Incineroar|spe|1\n|move|p1a: Koraidon|Flare Blitz|p2a: Lugia\n|-damage|p2a: Lugia|15\/100\n|-damage|p1a: Koraidon|15\/100|[from] Recoil\n|move|p2a: Lugia|Earth Power|p1a: Koraidon\n|-supereffective|p1a: Koraidon\n|-damage|p1a: Koraidon|0 fnt\n|faint|p1a: Koraidon\n|move|p2b: Incineroar|Knock Off|p1b: Flutter Mane\n|-damage|p1b: Flutter Mane|0 fnt\n|faint|p1b: Flutter Mane\n|-end|p1b: Flutter Mane|Protosynthesis|[silent]\n|\n|-weather|SunnyDay|[upkeep]\n|upkeep\n|-message|caZISA forfeited.\n|\n|win|LowPass\n|raw|caZISA's rating: 1659 &rarr; <strong>1638<\/strong><br \/>(-21 for losing)\n|raw|LowPass's rating: 1634 &rarr; <strong>1655<\/strong><br \/>(+21 for winning)\n|l|\u2606caZISA\n|player|p1|\n|l|\u2606LowPass\n|player|p2|\n|l| mr pogostick\n|l| ChilledLotusA\n|l| faceless_knigght\n","uploadtime":1740147979,"views":25,"formatid":"gen9vgc2025regg","rating":1638,"private":0,"password":null}