{"id":"gen9vgc2025regg-2305889772","format":"[Gen 9] VGC 2025 Reg G","players":["Mentalsyndrome","Slackermaru"],"log":"|j|\u2606Mentalsyndrome\n|j|\u203dSlackermaru\n|t:|1740258339\n|gametype|doubles\n|player|p1|Mentalsyndrome|101|1542\n|player|p2|Slackermaru|workerice|1643\n|teamsize|p1|6\n|teamsize|p2|6\n|gen|9\n|tier|[Gen 9] VGC 2025 Reg G\n|rated|\n|rule|Species Clause: Limit one of each Pok\u00e9mon\n|rule|Item Clause: Limit 1 of each item\n|clearpoke\n|poke|p1|Rampardos, L50, M|\n|poke|p1|Torkoal, L50, M|\n|poke|p1|Lunala, L50|\n|poke|p1|Indeedee-F, L50, F|\n|poke|p1|Amoonguss, L50, M|\n|poke|p1|Urshifu-*, L50, F|\n|poke|p2|Calyrex-Ice, L50|\n|poke|p2|Raging Bolt, L50|\n|poke|p2|Urshifu-*, L50, M|\n|poke|p2|Amoonguss, L50, F|\n|poke|p2|Chi-Yu, L50|\n|poke|p2|Flutter Mane, L50|\n|teampreview|4\n|inactive|Battle timer is ON: inactive players will automatically lose when time's up. (requested by Mentalsyndrome)\n|inactive|Mentalsyndrome has 60 seconds left.\n|inactive|Mentalsyndrome has 30 seconds left.\n|j| DaSheng204\n|\n|t:|1740258404\n|start\n|switch|p1a: Don Eclipse|Lunala, L50|100\/100\n|switch|p1b: Don Sandman|Amoonguss, L50, M|100\/100\n|switch|p2a: Urshifu|Urshifu-Rapid-Strike, L50, M|100\/100\n|switch|p2b: Calyrex|Calyrex-Ice, L50|100\/100\n|-ability|p2b: Calyrex|As One\n|-ability|p2b: Calyrex|Unnerve\n|turn|1\n|l| DaSheng204\n|j| DaSheng204\n|l| DaSheng204\n|\n|t:|1740258427\n|move|p1a: Don Eclipse|Wide Guard|p1a: Don Eclipse\n|-singleturn|p1a: Don Eclipse|Wide Guard\n|move|p2a: Urshifu|Taunt|p1b: Don Sandman\n|-start|p1b: Don Sandman|move: Taunt\n|move|p2b: Calyrex|Glacial Lance|p1b: Don Sandman|[spread] \n|-activate|p1a: Don Eclipse|move: Wide Guard\n|-activate|p1b: Don Sandman|move: Wide Guard\n|cant|p1b: Don Sandman|move: Taunt|Spore\n|\n|upkeep\n|turn|2\n|\n|t:|1740258443\n|move|p2a: Urshifu|Taunt|p1a: Don Eclipse\n|-start|p1a: Don Eclipse|move: Taunt\n|move|p1a: Don Eclipse|Moongeist Beam|p2b: Calyrex\n|-supereffective|p2b: Calyrex\n|-damage|p2b: Calyrex|22\/100\n|move|p2b: Calyrex|Glacial Lance|p1b: Don Sandman|[spread] p1a,p1b\n|-supereffective|p1b: Don Sandman\n|-damage|p1a: Don Eclipse|79\/100\n|-damage|p1b: Don Sandman|13\/100\n|move|p1b: Don Sandman|Sludge Bomb|p2a: Urshifu\n|-damage|p2a: Urshifu|61\/100\n|-status|p2a: Urshifu|psn\n|\n|-heal|p1a: Don Eclipse|85\/100|[from] item: Leftovers\n|-damage|p2a: Urshifu|48\/100 psn|[from] psn\n|upkeep\n|turn|3\n|inactive|Slackermaru has 30 seconds left.\n|\n|t:|1740258477\n|switch|p1b: Don Smash|Rampardos, L50, M|100\/100\n|move|p2a: Urshifu|Surging Strikes|p1a: Don Eclipse\n|-crit|p1a: Don Eclipse\n|-damage|p1a: Don Eclipse|68\/100\n|-crit|p1a: Don Eclipse\n|-damage|p1a: Don Eclipse|50\/100\n|-crit|p1a: Don Eclipse\n|-damage|p1a: Don Eclipse|31\/100\n|-hitcount|p1a: Don Eclipse|3\n|move|p1a: Don Eclipse|Moongeist Beam|p2b: Calyrex\n|-supereffective|p2b: Calyrex\n|-damage|p2b: Calyrex|0 fnt\n|faint|p2b: Calyrex\n|\n|-heal|p1a: Don Eclipse|37\/100|[from] item: Leftovers\n|-damage|p2a: Urshifu|36\/100 psn|[from] psn\n|upkeep\n|\n|t:|1740258495\n|switch|p2b: Raging Bolt|Raging Bolt, L50|100\/100\n|turn|4\n|\n|t:|1740258508\n|switch|p1b: Don Sandman|Amoonguss, L50, M|46\/100\n|-terastallize|p1a: Don Eclipse|Grass\n|move|p2a: Urshifu|Close Combat|p1b: Don Sandman\n|-resisted|p1b: Don Sandman\n|-damage|p1b: Don Sandman|18\/100\n|-unboost|p2a: Urshifu|def|1\n|-unboost|p2a: Urshifu|spd|1\n|-damage|p2a: Urshifu|19\/100 psn|[from] item: Rocky Helmet|[of] p1b: Don Sandman\n|move|p2b: Raging Bolt|Draco Meteor|p1a: Don Eclipse\n|-damage|p1a: Don Eclipse|0 fnt\n|-unboost|p2b: Raging Bolt|spa|2\n|faint|p1a: Don Eclipse\n|\n|-damage|p2a: Urshifu|7\/100 psn|[from] psn\n|upkeep\n|\n|t:|1740258517\n|switch|p1a: Don Smash|Rampardos, L50, M|100\/100\n|turn|5\n|\n|t:|1740258534\n|-end|p2b: Raging Bolt|Protosynthesis|[silent]\n|switch|p2b: Amoonguss|Amoonguss, L50, F, shiny|100\/100\n|move|p1b: Don Sandman|Rage Powder|p1b: Don Sandman\n|-singleturn|p1b: Don Sandman|move: Rage Powder\n|move|p2a: Urshifu|Close Combat|p1b: Don Sandman\n|-resisted|p1b: Don Sandman\n|-damage|p1b: Don Sandman|0 fnt\n|-unboost|p2a: Urshifu|def|1\n|-unboost|p2a: Urshifu|spd|1\n|-damage|p2a: Urshifu|0 fnt|[from] item: Rocky Helmet|[of] p1b: Don Sandman\n|faint|p1b: Don Sandman\n|faint|p2a: Urshifu\n|move|p1a: Don Smash|Rock Slide|p2b: Amoonguss\n|-damage|p2b: Amoonguss|32\/100\n|\n|upkeep\n|\n|t:|1740258548\n|switch|p2a: Raging Bolt|Raging Bolt, L50|100\/100\n|switch|p1b: Don Koal|Torkoal, L50, M|100\/100\n|-weather|SunnyDay|[from] ability: Drought|[of] p1b: Don Koal\n|-activate|p2a: Raging Bolt|ability: Protosynthesis\n|-start|p2a: Raging Bolt|protosynthesisspa\n|turn|6\n|\n|t:|1740258571\n|-terastallize|p2b: Amoonguss|Water\n|move|p2a: Raging Bolt|Draco Meteor|p1a: Don Smash\n|-damage|p1a: Don Smash|0 fnt\n|-unboost|p2a: Raging Bolt|spa|2\n|faint|p1a: Don Smash\n|move|p2b: Amoonguss|Spore|p1b: Don Koal\n|-status|p1b: Don Koal|slp|[from] move: Spore\n|cant|p1b: Don Koal|slp\n|\n|-weather|SunnyDay|[upkeep]\n|upkeep\n|turn|7\n|-message|Mentalsyndrome forfeited.\n|\n|win|Slackermaru\n|raw|Mentalsyndrome's rating: 1542 &rarr; <strong>1528<\/strong><br \/>(-14 for losing)\n|raw|Slackermaru's rating: 1643 &rarr; <strong>1657<\/strong><br \/>(+14 for winning)\n|l|\u203dSlackermaru\n|player|p2|\n|l|\u2606Mentalsyndrome\n|player|p1|\n","uploadtime":1740258580,"views":3,"formatid":"gen9vgc2025regg","rating":1528,"private":0,"password":null}