{"id":"gen9vgc2025regg-2305147778","format":"[Gen 9] VGC 2025 Reg G","players":["kiwigal","meiose"],"log":"|j|\u2606kiwigal\n|j|\u2606meiose\n|t:|1740153803\n|gametype|doubles\n|player|p1|kiwigal|emma|1584\n|player|p2|meiose|morty|1606\n|teamsize|p1|6\n|teamsize|p2|6\n|gen|9\n|tier|[Gen 9] VGC 2025 Reg G\n|rated|\n|rule|Species Clause: Limit one of each Pok\u00e9mon\n|rule|Item Clause: Limit 1 of each item\n|clearpoke\n|poke|p1|Eternatus, L50|\n|poke|p1|Landorus, L50, M|\n|poke|p1|Urshifu-*, L50, F|\n|poke|p1|Amoonguss, L50, F|\n|poke|p1|Incineroar, L50, M|\n|poke|p1|Farigiraf, L50, F|\n|poke|p2|Zamazenta-*, L50|\n|poke|p2|Chien-Pao, L50|\n|poke|p2|Ting-Lu, L50|\n|poke|p2|Dondozo, L50, M|\n|poke|p2|Raging Bolt, L50|\n|poke|p2|Whimsicott, L50, M|\n|teampreview|4\n|j| pmg9\n|l| pmg9\n|\n|t:|1740153851\n|start\n|switch|p1a: uno dos tres|Urshifu-Rapid-Strike, L50, F|100\/100\n|switch|p1b: We are #1 HEY|Incineroar, L50, M|100\/100\n|switch|p2a: Ting-Lu|Ting-Lu, L50|100\/100\n|switch|p2b: Dondozo|Dondozo, L50, M|100\/100\n|-ability|p1b: We are #1 HEY|Intimidate|boost\n|-unboost|p2a: Ting-Lu|atk|1\n|-fail|p2b: Dondozo|unboost|Attack|[from] ability: Oblivious|[of] p2b: Dondozo\n|-ability|p2a: Ting-Lu|Vessel of Ruin\n|turn|1\n|inactive|Battle timer is ON: inactive players will automatically lose when time's up. (requested by meiose)\n|\n|t:|1740153887\n|-terastallize|p1a: uno dos tres|Water\n|-terastallize|p2a: Ting-Lu|Fairy\n|move|p1b: We are #1 HEY|Fake Out|p2b: Dondozo\n|-damage|p2b: Dondozo|94\/100\n|move|p1a: uno dos tres|Surging Strikes|p2a: Ting-Lu\n|-crit|p2a: Ting-Lu\n|-damage|p2a: Ting-Lu|84\/100\n|-damage|p1a: uno dos tres|84\/100|[from] item: Rocky Helmet|[of] p2a: Ting-Lu\n|-crit|p2a: Ting-Lu\n|-damage|p2a: Ting-Lu|66\/100\n|-damage|p1a: uno dos tres|67\/100|[from] item: Rocky Helmet|[of] p2a: Ting-Lu\n|-crit|p2a: Ting-Lu\n|-damage|p2a: Ting-Lu|50\/100\n|-damage|p1a: uno dos tres|50\/100|[from] item: Rocky Helmet|[of] p2a: Ting-Lu\n|-hitcount|p2a: Ting-Lu|3\n|move|p2a: Ting-Lu|Stealth Rock|p1b: We are #1 HEY\n|-sidestart|p1: kiwigal|move: Stealth Rock\n|cant|p2b: Dondozo|flinch\n|\n|-heal|p2b: Dondozo|100\/100|[from] item: Leftovers\n|upkeep\n|turn|2\n|\n|t:|1740153905\n|move|p1a: uno dos tres|Detect|p1a: uno dos tres\n|-singleturn|p1a: uno dos tres|Protect\n|move|p1b: We are #1 HEY|Knock Off|p2a: Ting-Lu\n|-resisted|p2a: Ting-Lu\n|-damage|p2a: Ting-Lu|39\/100\n|-damage|p1b: We are #1 HEY|84\/100|[from] item: Rocky Helmet|[of] p2a: Ting-Lu\n|-enditem|p2a: Ting-Lu|Rocky Helmet|[from] move: Knock Off|[of] p1b: We are #1 HEY\n|move|p2a: Ting-Lu|Ruination|p1b: We are #1 HEY\n|-damage|p1b: We are #1 HEY|43\/100\n|move|p2b: Dondozo|Wave Crash|p1a: uno dos tres\n|-activate|p1a: uno dos tres|move: Protect\n|\n|upkeep\n|turn|3\n|\n|t:|1740153918\n|switch|p2a: Raging Bolt|Raging Bolt, L50|100\/100\n|-enditem|p2a: Raging Bolt|Booster Energy\n|-activate|p2a: Raging Bolt|ability: Protosynthesis|[fromitem]\n|-start|p2a: Raging Bolt|protosynthesisspa\n|move|p1a: uno dos tres|Surging Strikes|p2a: Raging Bolt\n|-resisted|p2a: Raging Bolt\n|-crit|p2a: Raging Bolt\n|-damage|p2a: Raging Bolt|89\/100\n|-resisted|p2a: Raging Bolt\n|-crit|p2a: Raging Bolt\n|-damage|p2a: Raging Bolt|77\/100\n|-resisted|p2a: Raging Bolt\n|-crit|p2a: Raging Bolt\n|-damage|p2a: Raging Bolt|65\/100\n|-hitcount|p2a: Raging Bolt|3\n|move|p1b: We are #1 HEY|Parting Shot|p2b: Dondozo\n|-unboost|p2b: Dondozo|atk|1\n|-unboost|p2b: Dondozo|spa|1\n|\n|t:|1740153923\n|switch|p1b: Intimidatless|Landorus, L50, M|100\/100|[from] Parting Shot\n|-damage|p1b: Intimidatless|88\/100|[from] Stealth Rock\n|move|p2b: Dondozo|Wave Crash|p1b: Intimidatless\n|-supereffective|p1b: Intimidatless\n|-damage|p1b: Intimidatless|34\/100\n|-damage|p2b: Dondozo|87\/100|[from] Recoil\n|\n|-heal|p2b: Dondozo|93\/100|[from] item: Leftovers\n|upkeep\n|turn|4\n|\n|t:|1740153944\n|move|p1a: uno dos tres|Detect|p1a: uno dos tres\n|-singleturn|p1a: uno dos tres|Protect\n|move|p2a: Raging Bolt|Protect|p2a: Raging Bolt\n|-singleturn|p2a: Raging Bolt|Protect\n|move|p1b: Intimidatless|Sandsear Storm|p2a: Raging Bolt|[spread] p2b\n|-activate|p2a: Raging Bolt|move: Protect\n|-damage|p2b: Dondozo|51\/100\n|move|p2b: Dondozo|Wave Crash|p1b: Intimidatless\n|-supereffective|p1b: Intimidatless\n|-damage|p1b: Intimidatless|0 fnt\n|faint|p1b: Intimidatless\n|-damage|p2b: Dondozo|43\/100|[from] Recoil\n|\n|-heal|p2b: Dondozo|49\/100|[from] item: Leftovers\n|upkeep\n|\n|t:|1740153953\n|switch|p1b: We are #1 HEY|Incineroar, L50, M|43\/100\n|-damage|p1b: We are #1 HEY|18\/100|[from] Stealth Rock\n|-ability|p1b: We are #1 HEY|Intimidate|boost\n|-unboost|p2a: Raging Bolt|atk|1\n|-fail|p2b: Dondozo|unboost|Attack|[from] ability: Oblivious|[of] p2b: Dondozo\n|turn|5\n|\n|t:|1740153965\n|move|p1b: We are #1 HEY|Fake Out|p2a: Raging Bolt\n|-damage|p2a: Raging Bolt|56\/100\n|cant|p2a: Raging Bolt|flinch\n|move|p1a: uno dos tres|Close Combat|p2b: Dondozo\n|-damage|p2b: Dondozo|9\/100\n|-unboost|p1a: uno dos tres|def|1\n|-unboost|p1a: uno dos tres|spd|1\n|move|p2b: Dondozo|Wave Crash|p1b: We are #1 HEY\n|-supereffective|p1b: We are #1 HEY\n|-damage|p1b: We are #1 HEY|0 fnt\n|faint|p1b: We are #1 HEY\n|-damage|p2b: Dondozo|4\/100|[from] Recoil\n|\n|-heal|p2b: Dondozo|11\/100|[from] item: Leftovers\n|upkeep\n|\n|t:|1740153971\n|switch|p1b: Eternally|Eternatus, L50|100\/100\n|-damage|p1b: Eternally|88\/100|[from] Stealth Rock\n|-ability|p1b: Eternally|Pressure\n|turn|6\n|\n|t:|1740153984\n|move|p2a: Raging Bolt|Thunderclap||[still]\n|-fail|p2a: Raging Bolt\n|move|p1b: Eternally|Cosmic Power|p1b: Eternally\n|-boost|p1b: Eternally|def|1\n|-boost|p1b: Eternally|spd|1\n|move|p1a: uno dos tres|Taunt|p2a: Raging Bolt\n|-start|p2a: Raging Bolt|move: Taunt\n|move|p2b: Dondozo|Yawn|p1b: Eternally\n|-start|p1b: Eternally|move: Yawn|[of] p2b: Dondozo\n|\n|-heal|p1b: Eternally|94\/100|[from] item: Leftovers\n|-heal|p2b: Dondozo|17\/100|[from] item: Leftovers\n|upkeep\n|turn|7\n|inactive|meiose has 30 seconds left.\n|\n|t:|1740154010\n|move|p2a: Raging Bolt|Thunderclap|p1a: uno dos tres\n|-supereffective|p1a: uno dos tres\n|-damage|p1a: uno dos tres|0 fnt\n|faint|p1a: uno dos tres\n|move|p1b: Eternally|Sludge Bomb|p2a: Raging Bolt\n|-damage|p2a: Raging Bolt|17\/100\n|move|p2b: Dondozo|Fissure|p1b: Eternally|[miss]\n|-miss|p2b: Dondozo|p1b: Eternally\n|\n|-heal|p1b: Eternally|100\/100|[from] item: Leftovers\n|-heal|p2b: Dondozo|23\/100|[from] item: Leftovers\n|-end|p1b: Eternally|move: Yawn|[silent]\n|-status|p1b: Eternally|slp\n|upkeep\n|turn|8\n|\n|t:|1740154017\n|cant|p1b: Eternally|slp\n|move|p2a: Raging Bolt|Dragon Pulse|p1b: Eternally\n|-supereffective|p1b: Eternally\n|-damage|p1b: Eternally|48\/100 slp\n|move|p2b: Dondozo|Fissure|p1b: Eternally|[miss]\n|-miss|p2b: Dondozo|p1b: Eternally\n|\n|-heal|p1b: Eternally|54\/100 slp|[from] item: Leftovers\n|-heal|p2b: Dondozo|29\/100|[from] item: Leftovers\n|upkeep\n|turn|9\n|\n|t:|1740154021\n|cant|p1b: Eternally|slp\n|move|p2a: Raging Bolt|Dragon Pulse|p1b: Eternally\n|-supereffective|p1b: Eternally\n|-damage|p1b: Eternally|0 fnt\n|faint|p1b: Eternally\n|\n|win|meiose\n|raw|kiwigal's rating: 1584 &rarr; <strong>1565<\/strong><br \/>(-19 for losing)\n|raw|meiose's rating: 1606 &rarr; <strong>1625<\/strong><br \/>(+19 for winning)\n|l|\u2606meiose\n|player|p2|\n|l|\u2606kiwigal\n|player|p1|\n","uploadtime":1740154187,"views":6,"formatid":"gen9vgc2025regg","rating":1565,"private":0,"password":null}