{"id":"gen9vgc2025regg-2305457155","format":"[Gen 9] VGC 2025 Reg G","players":["ScaryQwQ","steeltrainer"],"log":"|j|\u2606ScaryQwQ\n|j|\u2606steeltrainer\n|t:|1740189171\n|gametype|doubles\n|player|p1|ScaryQwQ|266|1657\n|player|p2|steeltrainer|byron|1564\n|teamsize|p1|6\n|teamsize|p2|6\n|gen|9\n|tier|[Gen 9] VGC 2025 Reg G\n|rated|\n|rule|Species Clause: Limit one of each Pok\u00e9mon\n|rule|Item Clause: Limit 1 of each item\n|clearpoke\n|poke|p1|Zacian-*, L50|\n|poke|p1|Regidrago, L50|\n|poke|p1|Whimsicott, L50, F|\n|poke|p1|Chi-Yu, L50|\n|poke|p1|Amoonguss, L50, M|\n|poke|p1|Ditto, L50|\n|poke|p2|Kyurem-Black, L50|\n|poke|p2|Annihilape, L50, M|\n|poke|p2|Ogerpon-Wellspring, L50, F|\n|poke|p2|Incineroar, L50, F|\n|poke|p2|Flutter Mane, L50|\n|poke|p2|Thundurus, L50, M|\n|teampreview|4\n|\n|t:|1740189207\n|start\n|switch|p1a: Chi-Yu|Chi-Yu, L50|100\/100\n|switch|p1b: Whimsicott|Whimsicott, L50, F|100\/100\n|switch|p2a: Thundurus|Thundurus, L50, M|100\/100\n|switch|p2b: Annihilape|Annihilape, L50, M|100\/100\n|-ability|p1a: Chi-Yu|Beads of Ruin\n|turn|1\n|inactive|Battle timer is ON: inactive players will automatically lose when time's up. (requested by ScaryQwQ)\n|\n|t:|1740189317\n|move|p1b: Whimsicott|Sunny Day|p1b: Whimsicott\n|-weather|SunnyDay\n|move|p2a: Thundurus|Thunder Wave|p1b: Whimsicott\n|-status|p1b: Whimsicott|par\n|move|p2b: Annihilape|Close Combat|p1a: Chi-Yu\n|-supereffective|p1a: Chi-Yu\n|-crit|p1a: Chi-Yu\n|-enditem|p1a: Chi-Yu|Focus Sash\n|-damage|p1a: Chi-Yu|1\/100\n|-unboost|p2b: Annihilape|def|1\n|-unboost|p2b: Annihilape|spd|1\n|move|p1a: Chi-Yu|Heat Wave|p2b: Annihilape|[spread] p2a,p2b\n|-damage|p2a: Thundurus|19\/100\n|-damage|p2b: Annihilape|0 fnt\n|faint|p2b: Annihilape\n|\n|-weather|SunnyDay|[upkeep]\n|upkeep\n|\n|t:|1740189333\n|switch|p2b: Incineroar|Incineroar, L50, F|100\/100\n|-ability|p2b: Incineroar|Intimidate|boost\n|-unboost|p1a: Chi-Yu|atk|1\n|-unboost|p1b: Whimsicott|atk|1\n|turn|2\n|\n|t:|1740189343\n|move|p1a: Chi-Yu|Protect|p1a: Chi-Yu\n|-singleturn|p1a: Chi-Yu|Protect\n|move|p2b: Incineroar|Fake Out|p1a: Chi-Yu\n|-activate|p1a: Chi-Yu|move: Protect\n|move|p2a: Thundurus|Taunt|p1b: Whimsicott\n|-start|p1b: Whimsicott|move: Taunt\n|cant|p1b: Whimsicott|move: Taunt|Tailwind\n|\n|-weather|SunnyDay|[upkeep]\n|upkeep\n|turn|3\n|\n|t:|1740189367\n|move|p1a: Chi-Yu|Heat Wave|p2b: Incineroar|[spread] p2a,p2b\n|-resisted|p2b: Incineroar\n|-damage|p2a: Thundurus|0 fnt\n|-damage|p2b: Incineroar|70\/100\n|faint|p2a: Thundurus\n|move|p2b: Incineroar|Knock Off|p1a: Chi-Yu\n|-resisted|p1a: Chi-Yu\n|-damage|p1a: Chi-Yu|0 fnt\n|faint|p1a: Chi-Yu\n|move|p1b: Whimsicott|Moonblast|p2b: Incineroar\n|-damage|p2b: Incineroar|48\/100\n|\n|-weather|SunnyDay|[upkeep]\n|upkeep\n|\n|t:|1740189387\n|switch|p1a: Zacian|Zacian-Crowned, L50|100\/100\n|switch|p2a: Kyurem|Kyurem-Black, L50|100\/100\n|-ability|p1a: Zacian|Intrepid Sword|boost\n|-boost|p1a: Zacian|atk|1\n|-ability|p2a: Kyurem|Teravolt\n|turn|4\n|inactive|steeltrainer has 30 seconds left.\n|inactive|steeltrainer has 20 seconds left.\n|\n|t:|1740189423\n|move|p1a: Zacian|Protect|p1a: Zacian\n|-singleturn|p1a: Zacian|Protect\n|move|p2a: Kyurem|Protect|p2a: Kyurem\n|-singleturn|p2a: Kyurem|Protect\n|move|p2b: Incineroar|Will-O-Wisp|p1a: Zacian\n|-activate|p1a: Zacian|move: Protect\n|move|p1b: Whimsicott|Moonblast|p2a: Kyurem\n|-activate|p2a: Kyurem|move: Protect\n|\n|-weather|SunnyDay|[upkeep]\n|-end|p1b: Whimsicott|move: Taunt\n|upkeep\n|turn|5\n|\n|t:|1740189439\n|move|p1b: Whimsicott|Tailwind|p1b: Whimsicott\n|-sidestart|p1: ScaryQwQ|move: Tailwind\n|move|p1a: Zacian|Sacred Sword|p2b: Incineroar\n|-supereffective|p2b: Incineroar\n|-damage|p2b: Incineroar|0 fnt\n|-damage|p1a: Zacian|84\/100|[from] item: Rocky Helmet|[of] p2b: Incineroar\n|faint|p2b: Incineroar\n|move|p2a: Kyurem|Icicle Spear|p1b: Whimsicott\n|-supereffective|p1b: Whimsicott\n|-damage|p1b: Whimsicott|63\/100 par\n|-supereffective|p1b: Whimsicott\n|-damage|p1b: Whimsicott|19\/100 par\n|-supereffective|p1b: Whimsicott\n|-damage|p1b: Whimsicott|0 fnt\n|faint|p1b: Whimsicott\n|-hitcount|p1: Whimsicott|3\n|\n|-weather|none\n|upkeep\n|\n|t:|1740189445\n|switch|p1b: Regidrago|Regidrago, L50|100\/100\n|turn|6\n|\n|t:|1740189470\n|-terastallize|p2a: Kyurem|Fairy\n|move|p1a: Zacian|Sacred Sword|p2a: Kyurem\n|-resisted|p2a: Kyurem\n|-damage|p2a: Kyurem|79\/100\n|move|p1b: Regidrago|Dragon Energy|p2a: Kyurem\n|-immune|p2a: Kyurem\n|move|p2a: Kyurem|Icicle Spear|p1b: Regidrago\n|-supereffective|p1b: Regidrago\n|-damage|p1b: Regidrago|65\/100\n|-supereffective|p1b: Regidrago\n|-damage|p1b: Regidrago|28\/100\n|-supereffective|p1b: Regidrago\n|-crit|p1b: Regidrago\n|-damage|p1b: Regidrago|0 fnt\n|faint|p1b: Regidrago\n|-hitcount|p1: Regidrago|3\n|\n|upkeep\n|turn|7\n|\n|t:|1740189481\n|move|p2a: Kyurem|Protect|p2a: Kyurem\n|-singleturn|p2a: Kyurem|Protect\n|move|p1a: Zacian|Behemoth Blade|p2a: Kyurem\n|-activate|p2a: Kyurem|move: Protect\n|\n|upkeep\n|turn|8\n|\n|t:|1740189489\n|move|p2a: Kyurem|Protect||[still]\n|-fail|p2a: Kyurem\n|move|p1a: Zacian|Behemoth Blade|p2a: Kyurem\n|-supereffective|p2a: Kyurem\n|-damage|p2a: Kyurem|0 fnt\n|faint|p2a: Kyurem\n|\n|win|ScaryQwQ\n|raw|ScaryQwQ's rating: 1657 &rarr; <strong>1672<\/strong><br \/>(+15 for winning)\n|raw|steeltrainer's rating: 1564 &rarr; <strong>1549<\/strong><br \/>(-15 for losing)\n|l|\u2606steeltrainer\n|player|p2|\n|l|\u2606ScaryQwQ\n|player|p1|\n","uploadtime":1740189737,"views":3,"formatid":"gen9vgc2025regg","rating":1549,"private":0,"password":null}