{"id":"gen9vgc2025regg-2305799028","format":"[Gen 9] VGC 2025 Reg G","players":["Ducktile","actuary97"],"log":"|j|\u2606Ducktile\n|j|\u2606actuary97\n|t:|1740246991\n|gametype|doubles\n|player|p1|Ducktile|grimsley|1643\n|player|p2|actuary97|sabrina-frlg|1608\n|teamsize|p1|6\n|teamsize|p2|6\n|gen|9\n|tier|[Gen 9] VGC 2025 Reg G\n|rated|\n|rule|Species Clause: Limit one of each Pok\u00e9mon\n|rule|Item Clause: Limit 1 of each item\n|clearpoke\n|poke|p1|Amoonguss, L50, M|\n|poke|p1|Urshifu-*, L50, M|\n|poke|p1|Incineroar, L50, M|\n|poke|p1|Calyrex-Ice, L50|\n|poke|p1|Raging Bolt, L50|\n|poke|p1|Landorus, L50, M|\n|poke|p2|Amoonguss, L50, F|\n|poke|p2|Comfey, L50, M|\n|poke|p2|Whimsicott, L50, M|\n|poke|p2|Kyogre, L50|\n|poke|p2|Archaludon, L50, M|\n|poke|p2|Qwilfish-Hisui, L50, F|\n|teampreview|4\nactuary97 has agreed to open team sheets.\nDucktile has agreed to open team sheets.\n|showteam|p1|Amoonguss||RockyHelmet|Regenerator|Spore,RagePowder,PollenPuff,ClearSmog|||M|||50|,,,,,Water]Urshifu-Rapid-Strike||FocusSash|UnseenFist|SurgingStrikes,CloseCombat,Protect,AquaJet|||M|||50|,,,,,Water]Incineroar||SafetyGoggles|Intimidate|FakeOut,PartingShot,KnockOff,WillOWisp|||M|||50|,,,,,Ghost]Calyrex-Ice||ClearAmulet|AsOneGlastrier|GlacialLance,HighHorsepower,Protect,TrickRoom||||||50|,,,,,Water]Raging Bolt||AssaultVest|Protosynthesis|Snarl,Thunderbolt,Thunderclap,DracoMeteor||||||50|,,,,,Electric]Landorus||ChoiceScarf|SheerForce|EarthPower,SludgeBomb,SandsearStorm,Uturn|||M|||50|,,,,,Grass\n|showteam|p2|Amoonguss||RockyHelmet|Regenerator|ClearSmog,PollenPuff,RagePowder,Spore|||F|||50|,,,,,Water]Comfey||MentalHerb|Triage|DrainingKiss,Taunt,FloralHealing,TrickRoom|||M|||50|,,,,,Fire]Whimsicott||FocusSash|Prankster|BeatUp,Moonblast,Encore,Tailwind|||M|||50|,,,,,Ghost]Kyogre||CovertCloak|Drizzle|OriginPulse,IceBeam,CalmMind,Protect||||||50|,,,,,Grass]Archaludon||AssaultVest|Stamina|ElectroShot,FlashCannon,Snarl,BodyPress|||M|||50|,,,,,Flying]Qwilfish-Hisui||Eviolite|SwiftSwim|BarbBarrage,IcyWind,Taunt,Acupressure|||F|||50|,,,,,Ghost\n|\n|t:|1740247051\n|start\n|switch|p1a: Incineroar|Incineroar, L50, M|100\/100\n|switch|p1b: Urshifu|Urshifu-Rapid-Strike, L50, M|100\/100\n|switch|p2a: Whimsicott|Whimsicott, L50, M, shiny|100\/100\n|switch|p2b: Archaludon|Archaludon, L50, M, shiny|100\/100\n|-ability|p1a: Incineroar|Intimidate|boost\n|-unboost|p2a: Whimsicott|atk|1\n|-unboost|p2b: Archaludon|atk|1\n|turn|1\n|\n|t:|1740247074\n|switch|p2b: Amoonguss|Amoonguss, L50, F, shiny|100\/100\n|move|p1a: Incineroar|Fake Out|p2b: Amoonguss\n|-damage|p2b: Amoonguss|91\/100\n|-damage|p1a: Incineroar|84\/100|[from] item: Rocky Helmet|[of] p2b: Amoonguss\n|move|p2a: Whimsicott|Moonblast|p1b: Urshifu\n|-supereffective|p1b: Urshifu\n|-enditem|p1b: Urshifu|Focus Sash\n|-damage|p1b: Urshifu|1\/100\n|move|p1b: Urshifu|Surging Strikes|p2a: Whimsicott\n|-resisted|p2a: Whimsicott\n|-crit|p2a: Whimsicott\n|-damage|p2a: Whimsicott|83\/100\n|-resisted|p2a: Whimsicott\n|-crit|p2a: Whimsicott\n|-damage|p2a: Whimsicott|67\/100\n|-resisted|p2a: Whimsicott\n|-crit|p2a: Whimsicott\n|-damage|p2a: Whimsicott|51\/100\n|-hitcount|p2a: Whimsicott|3\n|\n|upkeep\n|turn|2\n|\n|t:|1740247090\n|switch|p2b: Archaludon|Archaludon, L50, M, shiny|100\/100\n|move|p1b: Urshifu|Protect|p1b: Urshifu\n|-singleturn|p1b: Urshifu|Protect\n|move|p2a: Whimsicott|Beat Up|p2b: Archaludon\n|-damage|p2b: Archaludon|99\/100\n|-ability|p2b: Archaludon|Stamina|boost\n|-boost|p2b: Archaludon|def|1\n|-damage|p2b: Archaludon|98\/100\n|-ability|p2b: Archaludon|Stamina|boost\n|-boost|p2b: Archaludon|def|1\n|-damage|p2b: Archaludon|97\/100\n|-ability|p2b: Archaludon|Stamina|boost\n|-boost|p2b: Archaludon|def|1\n|-damage|p2b: Archaludon|96\/100\n|-ability|p2b: Archaludon|Stamina|boost\n|-boost|p2b: Archaludon|def|1\n|-hitcount|p2b: Archaludon|4\n|move|p1a: Incineroar|Knock Off|p2b: Archaludon\n|-damage|p2b: Archaludon|87\/100\n|-ability|p2b: Archaludon|Stamina|boost\n|-boost|p2b: Archaludon|def|1\n|-enditem|p2b: Archaludon|Assault Vest|[from] move: Knock Off|[of] p1a: Incineroar\n|\n|upkeep\n|turn|3\n|\n|t:|1740247099\n|move|p2a: Whimsicott|Encore|p1b: Urshifu\n|-start|p1b: Urshifu|Encore\n|move|p1b: Urshifu|Protect|p1b: Urshifu\n|-singleturn|p1b: Urshifu|Protect\n|move|p2b: Archaludon|Body Press|p1a: Incineroar\n|-supereffective|p1a: Incineroar\n|-damage|p1a: Incineroar|0 fnt\n|faint|p1a: Incineroar\n|\n|upkeep\n|\n|t:|1740247103\n|switch|p1a: Landorus|Landorus, L50, M|100\/100\n|turn|4\n|\n|t:|1740247126\n|switch|p1b: Amoonguss|Amoonguss, L50, M, shiny|100\/100\n|-terastallize|p2b: Archaludon|Flying\n|move|p2a: Whimsicott|Tailwind|p2a: Whimsicott\n|-sidestart|p2: actuary97|move: Tailwind\n|move|p1a: Landorus|Sandsear Storm|p2a: Whimsicott|[spread] p2a\n|-immune|p2b: Archaludon\n|-resisted|p2a: Whimsicott\n|-damage|p2a: Whimsicott|9\/100\n|move|p2b: Archaludon|Snarl|p1a: Landorus|[spread] p1a,p1b\n|-damage|p1a: Landorus|83\/100\n|-damage|p1b: Amoonguss|89\/100\n|-unboost|p1a: Landorus|spa|1\n|-unboost|p1b: Amoonguss|spa|1\n|\n|upkeep\n|turn|5\n|\n|t:|1740247156\n|switch|p2a: Amoonguss|Amoonguss, L50, F, shiny|100\/100\n|switch|p1a: Urshifu|Urshifu-Rapid-Strike, L50, M|1\/100\n|move|p2b: Archaludon|Snarl|p1b: Amoonguss|[spread] p1a,p1b\n|-resisted|p1a: Urshifu\n|-damage|p1a: Urshifu|0 fnt\n|-damage|p1b: Amoonguss|78\/100\n|-unboost|p1b: Amoonguss|spa|1\n|faint|p1a: Urshifu\n|move|p1b: Amoonguss|Spore|p2b: Archaludon\n|-status|p2b: Archaludon|slp|[from] move: Spore\n|\n|upkeep\n|\n|t:|1740247162\n|switch|p1a: Landorus|Landorus, L50, M|83\/100\n|turn|6\n|\n|t:|1740247189\n|-terastallize|p1a: Landorus|Grass\n|move|p1a: Landorus|Sludge Bomb|p2b: Archaludon\n|-damage|p2b: Archaludon|43\/100 slp\n|-ability|p2b: Archaludon|Stamina|boost\n|-boost|p2b: Archaludon|def|1\n|cant|p2b: Archaludon|slp\n|move|p2a: Amoonguss|Spore|p1a: Landorus\n|-immune|p1a: Landorus\n|move|p1b: Amoonguss|Pollen Puff|p1a: Landorus\n|-heal|p1a: Landorus|100\/100\n|\n|upkeep\n|turn|7\n|\n|t:|1740247209\n|move|p1a: Landorus|Sludge Bomb|p2b: Archaludon\n|-damage|p2b: Archaludon|0 fnt\n|faint|p2b: Archaludon\n|move|p2a: Amoonguss|Pollen Puff|p1a: Landorus\n|-supereffective|p1a: Landorus\n|-damage|p1a: Landorus|52\/100\n|move|p1b: Amoonguss|Clear Smog|p2a: Amoonguss\n|-damage|p2a: Amoonguss|93\/100\n|-clearboost|p2a: Amoonguss\n|\n|-sideend|p2: actuary97|move: Tailwind\n|upkeep\n|\n|t:|1740247216\n|switch|p2b: Whimsicott|Whimsicott, L50, M, shiny|9\/100\n|turn|8\n|\n|t:|1740247222\n|move|p2b: Whimsicott|Tailwind|p2b: Whimsicott\n|-sidestart|p2: actuary97|move: Tailwind\n|move|p1a: Landorus|Sludge Bomb|p2b: Whimsicott\n|-supereffective|p2b: Whimsicott\n|-damage|p2b: Whimsicott|0 fnt\n|faint|p2b: Whimsicott\n|move|p2a: Amoonguss|Pollen Puff|p1a: Landorus\n|-supereffective|p1a: Landorus\n|-damage|p1a: Landorus|0 fnt\n|faint|p1a: Landorus\n|move|p1b: Amoonguss|Pollen Puff|p1: Landorus|[notarget]\n|-fail|p1b: Amoonguss\n|\n|upkeep\n|\n|t:|1740247227\n|switch|p2b: Kyogre|Kyogre, L50, shiny|100\/100\n|-weather|RainDance|[from] ability: Drizzle|[of] p2b: Kyogre\n|turn|9\n|-message|Ducktile forfeited.\n|\n|win|actuary97\n|raw|Ducktile's rating: 1643 &rarr; <strong>1621<\/strong><br \/>(-22 for losing)\n|raw|actuary97's rating: 1608 &rarr; <strong>1630<\/strong><br \/>(+22 for winning)\n|l|\u2606Ducktile\n|player|p1|\n|l|\u2606actuary97\n|player|p2|\n","uploadtime":1740247477,"views":2,"formatid":"gen9vgc2025regg","rating":1621,"private":0,"password":null}