{"id":"gen9vgc2025regg-2305868656","format":"[Gen 9] VGC 2025 Reg G","players":["qunqun24","Jesuuuus"],"log":"|j|\u2606qunqun24\n|j|\u2606Jesuuuus\n|t:|1740255715\n|gametype|doubles\n|player|p1|qunqun24|janitor|1543\n|player|p2|Jesuuuus|alec-anime|1676\n|teamsize|p1|6\n|teamsize|p2|6\n|gen|9\n|tier|[Gen 9] VGC 2025 Reg G\n|rated|\n|rule|Species Clause: Limit one of each Pok\u00e9mon\n|rule|Item Clause: Limit 1 of each item\n|clearpoke\n|poke|p1|Calyrex-Shadow, L50|\n|poke|p1|Ting-Lu, L50|\n|poke|p1|Dondozo, L50, F|\n|poke|p1|Urshifu-*, L50, M|\n|poke|p1|Ogerpon-Hearthflame, L50, F|\n|poke|p1|Whimsicott, L50, F|\n|poke|p2|Calyrex-Ice, L50|\n|poke|p2|Roaring Moon, L50|\n|poke|p2|Urshifu-*, L50, M|\n|poke|p2|Landorus, L50, M|\n|poke|p2|Amoonguss, L50, F|\n|poke|p2|Pelipper, L50, F|\n|teampreview|4\n|inactive|Battle timer is ON: inactive players will automatically lose when time's up. (requested by qunqun24)\n|\n|t:|1740255741\n|start\n|switch|p1a: Ting-Lu|Ting-Lu, L50|100\/100\n|switch|p1b: Dondozo|Dondozo, L50, F|100\/100\n|switch|p2a: Landorus|Landorus, L50, M|100\/100\n|switch|p2b: Amoonguss|Amoonguss, L50, F|100\/100\n|-ability|p1a: Ting-Lu|Vessel of Ruin\n|turn|1\n|\n|t:|1740255759\n|move|p1b: Dondozo|Protect|p1b: Dondozo\n|-singleturn|p1b: Dondozo|Protect\n|move|p2a: Landorus|Earth Power|p1b: Dondozo\n|-activate|p1b: Dondozo|move: Protect\n|move|p1a: Ting-Lu|Stealth Rock|p2a: Landorus\n|-sidestart|p2: Jesuuuus|move: Stealth Rock\n|move|p2b: Amoonguss|Spore|p1b: Dondozo\n|-activate|p1b: Dondozo|move: Protect\n|\n|upkeep\n|turn|2\n|\n|t:|1740255766\n|switch|p1b: Whimsicott|Whimsicott, L50, F|100\/100\n|move|p2a: Landorus|Earth Power|p1b: Whimsicott\n|-resisted|p1b: Whimsicott\n|-damage|p1b: Whimsicott|65\/100\n|move|p1a: Ting-Lu|Ruination|p2b: Amoonguss\n|-damage|p2b: Amoonguss|50\/100\n|move|p2b: Amoonguss|Spore|p1b: Whimsicott\n|-immune|p1b: Whimsicott\n|\n|upkeep\n|turn|3\n|\n|t:|1740255788\n|switch|p1b: Dondozo|Dondozo, L50, F|100\/100\n|move|p2a: Landorus|Sludge Bomb|p1b: Dondozo\n|-damage|p1b: Dondozo|72\/100\n|move|p1a: Ting-Lu|Sand Tomb|p2b: Amoonguss|[miss]\n|-miss|p1a: Ting-Lu|p2b: Amoonguss\n|move|p2b: Amoonguss|Spore|p1a: Ting-Lu\n|-status|p1a: Ting-Lu|slp|[from] move: Spore\n|\n|-heal|p1b: Dondozo|78\/100|[from] item: Leftovers\n|upkeep\n|turn|4\n|\n|t:|1740255804\n|switch|p1a: Calyrex|Calyrex-Shadow, L50|100\/100\n|-ability|p1a: Calyrex|As One\n|-ability|p1a: Calyrex|Unnerve\n|switch|p1b: Whimsicott|Whimsicott, L50, F|65\/100\n|move|p2a: Landorus|Earth Power|p1b: Whimsicott\n|-resisted|p1b: Whimsicott\n|-damage|p1b: Whimsicott|17\/100\n|move|p2b: Amoonguss|Spore|p1b: Whimsicott\n|-immune|p1b: Whimsicott\n|\n|upkeep\n|turn|5\n|inactive|Jesuuuus has 30 seconds left.\n|inactive|Jesuuuus has 20 seconds left.\n|\n|t:|1740255843\n|switch|p2b: Roaring Moon|Roaring Moon, L50|100\/100\n|-damage|p2b: Roaring Moon|88\/100|[from] Stealth Rock\n|-enditem|p2b: Roaring Moon|Booster Energy\n|-activate|p2b: Roaring Moon|ability: Protosynthesis|[fromitem]\n|-start|p2b: Roaring Moon|protosynthesisspe\n|move|p1b: Whimsicott|Helping Hand|p1a: Calyrex\n|-singleturn|p1a: Calyrex|Helping Hand|[of] p1b: Whimsicott\n|move|p1a: Calyrex|Astral Barrage|p2b: Roaring Moon|[spread] p2a,p2b\n|-resisted|p2b: Roaring Moon\n|-damage|p2a: Landorus|0 fnt\n|-damage|p2b: Roaring Moon|43\/100\n|faint|p2a: Landorus\n|-ability|p1a: Calyrex|Grim Neigh|boost\n|-boost|p1a: Calyrex|spa|1\n|-damage|p1a: Calyrex|91\/100|[from] item: Life Orb\n|\n|upkeep\n|\n|t:|1740255865\n|switch|p2a: Calyrex|Calyrex-Ice, L50|100\/100\n|-ability|p2a: Calyrex|As One\n|-ability|p2a: Calyrex|Unnerve\n|-damage|p2a: Calyrex|76\/100|[from] Stealth Rock\n|turn|6\n|inactive|Jesuuuus has 30 seconds left.\n|inactive|Jesuuuus has 20 seconds left.\n|\n|t:|1740255903\n|-terastallize|p1a: Calyrex|Dark\n|move|p2a: Calyrex|Protect|p2a: Calyrex\n|-singleturn|p2a: Calyrex|Protect\n|move|p1b: Whimsicott|Tailwind|p1b: Whimsicott\n|-sidestart|p1: qunqun24|move: Tailwind\n|move|p1a: Calyrex|Astral Barrage|p2a: Calyrex|[spread] p2b\n|-activate|p2a: Calyrex|move: Protect\n|-resisted|p2b: Roaring Moon\n|-crit|p2b: Roaring Moon\n|-damage|p2b: Roaring Moon|0 fnt\n|faint|p2b: Roaring Moon\n|-end|p2b: Roaring Moon|Protosynthesis|[silent]\n|-ability|p1a: Calyrex|Grim Neigh|boost\n|-boost|p1a: Calyrex|spa|1\n|-damage|p1a: Calyrex|81\/100|[from] item: Life Orb\n|\n|upkeep\n|-message|Jesuuuus forfeited.\n|\n|win|qunqun24\n|raw|qunqun24's rating: 1543 &rarr; <strong>1570<\/strong><br \/>(+27 for winning)\n|raw|Jesuuuus's rating: 1676 &rarr; <strong>1649<\/strong><br \/>(-27 for losing)\n|l|\u2606Jesuuuus\n|player|p2|\n|l|\u2606qunqun24\n|player|p1|\n","uploadtime":1740256187,"views":2,"formatid":"gen9vgc2025regg","rating":1570,"private":0,"password":null}