{"id":"gen9vgc2025regg-2305009962","format":"[Gen 9] VGC 2025 Reg G","players":["Doc_MrMega","palamed"],"log":"|j|\u2606Doc_MrMega\n|j|\u203dpalamed\n|t:|1740135912\n|gametype|doubles\n|player|p1|Doc_MrMega|lucas|1637\n|player|p2|palamed|170|1573\n|teamsize|p1|6\n|teamsize|p2|6\n|gen|9\n|tier|[Gen 9] VGC 2025 Reg G\n|rated|\n|rule|Species Clause: Limit one of each Pok\u00e9mon\n|rule|Item Clause: Limit 1 of each item\n|clearpoke\n|poke|p1|Calyrex-Ice, L50|\n|poke|p1|Landorus, L50, M|\n|poke|p1|Amoonguss, L50, M|\n|poke|p1|Urshifu-*, L50, M|\n|poke|p1|Roaring Moon, L50|\n|poke|p1|Ogerpon-Hearthflame, L50, F|\n|poke|p2|Kyogre, L50|\n|poke|p2|Grimmsnarl, L50, M|\n|poke|p2|Urshifu-*, L50, M|\n|poke|p2|Incineroar, L50, M|\n|poke|p2|Rillaboom, L50, M|\n|poke|p2|Raging Bolt, L50|\n|teampreview|4\n|inactive|Battle timer is ON: inactive players will automatically lose when time's up. (requested by Doc_MrMega)\n|inactive|palamed has 60 seconds left.\n|inactive|palamed has 30 seconds left.\n|\n|t:|1740135985\n|start\n|switch|p1a: Roaring Moon|Roaring Moon, L50|100\/100\n|switch|p1b: Urshifu|Urshifu-Rapid-Strike, L50, M|100\/100\n|switch|p2a: Grimmsnarl|Grimmsnarl, L50, M|100\/100\n|switch|p2b: Incineroar|Incineroar, L50, M|100\/100\n|-ability|p2b: Incineroar|Intimidate|boost\n|-unboost|p1a: Roaring Moon|atk|1\n|-unboost|p1b: Urshifu|atk|1\n|-enditem|p1a: Roaring Moon|Booster Energy\n|-activate|p1a: Roaring Moon|ability: Protosynthesis|[fromitem]\n|-start|p1a: Roaring Moon|protosynthesisspe\n|turn|1\n|\n|t:|1740135996\n|move|p2b: Incineroar|Fake Out|p1b: Urshifu\n|-damage|p1b: Urshifu|91\/100\n|move|p1a: Roaring Moon|Knock Off|p2a: Grimmsnarl\n|-resisted|p2a: Grimmsnarl\n|-damage|p2a: Grimmsnarl|93\/100\n|-enditem|p2a: Grimmsnarl|Light Clay|[from] move: Knock Off|[of] p1a: Roaring Moon\n|cant|p1b: Urshifu|flinch\n|move|p2a: Grimmsnarl|Spirit Break|p1a: Roaring Moon\n|-supereffective|p1a: Roaring Moon\n|-damage|p1a: Roaring Moon|0 fnt\n|faint|p1a: Roaring Moon\n|-end|p1a: Roaring Moon|Protosynthesis|[silent]\n|\n|upkeep\n|\n|t:|1740136005\n|switch|p1a: Calyrex|Calyrex-Ice, L50|100\/100\n|-ability|p1a: Calyrex|As One\n|-ability|p1a: Calyrex|Unnerve\n|turn|2\n|\n|t:|1740136015\n|-terastallize|p2b: Incineroar|Ghost\n|move|p2a: Grimmsnarl|Reflect|p2a: Grimmsnarl\n|-sidestart|p2: palamed|Reflect\n|move|p1b: Urshifu|Surging Strikes|p2b: Incineroar\n|-crit|p2b: Incineroar\n|-damage|p2b: Incineroar|81\/100\n|-crit|p2b: Incineroar\n|-damage|p2b: Incineroar|63\/100\n|-crit|p2b: Incineroar\n|-damage|p2b: Incineroar|44\/100\n|-hitcount|p2b: Incineroar|3\n|move|p2b: Incineroar|Will-O-Wisp|p1b: Urshifu\n|-status|p1b: Urshifu|brn\n|move|p1a: Calyrex|Trick Room|p1a: Calyrex\n|-fieldstart|move: Trick Room|[of] p1a: Calyrex\n|\n|-damage|p1b: Urshifu|85\/100 brn|[from] brn\n|upkeep\n|turn|3\n|\n|t:|1740136029\n|switch|p1a: Ogerpon|Ogerpon-Hearthflame, L50, F|100\/100\n|-ability|p1a: Ogerpon|Mold Breaker\n|move|p2b: Incineroar|Will-O-Wisp|p1a: Ogerpon|[miss]\n|-miss|p2b: Incineroar|p1a: Ogerpon\n|move|p2a: Grimmsnarl|Spirit Break|p1b: Urshifu\n|-supereffective|p1b: Urshifu\n|-damage|p1b: Urshifu|36\/100 brn\n|-unboost|p1b: Urshifu|spa|1\n|move|p1b: Urshifu|Surging Strikes|p2b: Incineroar\n|-crit|p2b: Incineroar\n|-damage|p2b: Incineroar|35\/100\n|-crit|p2b: Incineroar\n|-damage|p2b: Incineroar|25\/100\n|-crit|p2b: Incineroar\n|-damage|p2b: Incineroar|16\/100\n|-hitcount|p2b: Incineroar|3\n|\n|-damage|p1b: Urshifu|30\/100 brn|[from] brn\n|upkeep\n|turn|4\n|\n|t:|1740136047\n|switch|p2b: Raging Bolt|Raging Bolt, L50|100\/100\n|-enditem|p2b: Raging Bolt|Booster Energy\n|-activate|p2b: Raging Bolt|ability: Protosynthesis|[fromitem]\n|-start|p2b: Raging Bolt|protosynthesisspa\n|move|p2a: Grimmsnarl|Spirit Break|p1b: Urshifu\n|-supereffective|p1b: Urshifu\n|-damage|p1b: Urshifu|0 fnt\n|faint|p1b: Urshifu\n|move|p1a: Ogerpon|Horn Leech|p2b: Raging Bolt\n|-resisted|p2b: Raging Bolt\n|-damage|p2b: Raging Bolt|90\/100\n|\n|upkeep\n|\n|t:|1740136054\n|switch|p1b: Calyrex|Calyrex-Ice, L50|100\/100\n|-ability|p1b: Calyrex|As One\n|-ability|p1b: Calyrex|Unnerve\n|turn|5\n|inactive|palamed has 30 seconds left.\n|inactive|palamed has 20 seconds left.\n|\n|t:|1740136094\n|move|p2b: Raging Bolt|Protect|p2b: Raging Bolt\n|-singleturn|p2b: Raging Bolt|Protect\n|move|p1a: Ogerpon|Follow Me|p1a: Ogerpon\n|-singleturn|p1a: Ogerpon|move: Follow Me\n|move|p2a: Grimmsnarl|Spirit Break|p1a: Ogerpon\n|-resisted|p1a: Ogerpon\n|-damage|p1a: Ogerpon|88\/100\n|-unboost|p1a: Ogerpon|spa|1\n|move|p1b: Calyrex|Glacial Lance|p2b: Raging Bolt|[spread] p2a\n|-activate|p2b: Raging Bolt|move: Protect\n|-damage|p2a: Grimmsnarl|57\/100\n|\n|upkeep\n|turn|6\n|\n|t:|1740136112\n|move|p1a: Ogerpon|Follow Me|p1a: Ogerpon\n|-singleturn|p1a: Ogerpon|move: Follow Me\n|move|p2a: Grimmsnarl|Thunder Wave|p1a: Ogerpon\n|-status|p1a: Ogerpon|par\n|move|p1b: Calyrex|Glacial Lance|p2a: Grimmsnarl|[spread] p2a,p2b\n|-supereffective|p2b: Raging Bolt\n|-damage|p2a: Grimmsnarl|23\/100\n|-damage|p2b: Raging Bolt|19\/100\n|move|p2b: Raging Bolt|Draco Meteor|p1a: Ogerpon\n|-damage|p1a: Ogerpon|0 fnt\n|-unboost|p2b: Raging Bolt|spa|2\n|faint|p1a: Ogerpon\n|\n|-sideend|p2: palamed|Reflect\n|-fieldend|move: Trick Room\n|upkeep\n|turn|7\n|\n|t:|1740136130\n|-end|p2b: Raging Bolt|Protosynthesis|[silent]\n|switch|p2b: Kyogre|Kyogre, L50|100\/100\n|-weather|RainDance|[from] ability: Drizzle|[of] p2b: Kyogre\n|-terastallize|p1b: Calyrex|Fairy\n|move|p2a: Grimmsnarl|Reflect|p2a: Grimmsnarl\n|-sidestart|p2: palamed|Reflect\n|move|p1b: Calyrex|Trick Room|p1b: Calyrex\n|-fieldstart|move: Trick Room|[of] p1b: Calyrex\n|\n|-weather|RainDance|[upkeep]\n|upkeep\n|turn|8\n|inactive|palamed has 30 seconds left.\n|inactive|palamed has 20 seconds left.\n|inactive|palamed has 15 seconds left.\n|\n|t:|1740136174\n|move|p2a: Grimmsnarl|Thunder Wave|p1b: Calyrex\n|-status|p1b: Calyrex|par\n|move|p1b: Calyrex|Glacial Lance|p2a: Grimmsnarl|[spread] p2a,p2b\n|-resisted|p2b: Kyogre\n|-damage|p2a: Grimmsnarl|0 fnt\n|-damage|p2b: Kyogre|86\/100\n|faint|p2a: Grimmsnarl\n|-ability|p1b: Calyrex|Chilling Neigh|boost\n|-boost|p1b: Calyrex|atk|1\n|move|p2b: Kyogre|Origin Pulse|p1b: Calyrex\n|-damage|p1b: Calyrex|35\/100 par\n|\n|-weather|RainDance|[upkeep]\n|-heal|p2b: Kyogre|92\/100|[from] item: Leftovers\n|upkeep\n|\n|t:|1740136187\n|switch|p2a: Incineroar|Incineroar, L50, M, tera:Ghost|16\/100\n|-ability|p2a: Incineroar|Intimidate|boost\n|-fail|p1b: Calyrex|unboost|[from] item: Clear Amulet|[of] p1b: Calyrex\n|turn|9\n|\n|t:|1740136193\n|move|p1b: Calyrex|Protect|p1b: Calyrex\n|-singleturn|p1b: Calyrex|Protect\n|move|p2a: Incineroar|Fake Out|p1b: Calyrex\n|-activate|p1b: Calyrex|move: Protect\n|move|p2b: Kyogre|Origin Pulse|p1b: Calyrex\n|-activate|p1b: Calyrex|move: Protect\n|\n|-weather|RainDance|[upkeep]\n|-heal|p2b: Kyogre|98\/100|[from] item: Leftovers\n|upkeep\n|turn|10\n|\n|t:|1740136197\n|move|p1b: Calyrex|Glacial Lance|p2a: Incineroar|[spread] p2a,p2b\n|-resisted|p2b: Kyogre\n|-damage|p2a: Incineroar|0 fnt\n|-damage|p2b: Kyogre|74\/100\n|faint|p2a: Incineroar\n|-ability|p1b: Calyrex|Chilling Neigh|boost\n|-boost|p1b: Calyrex|atk|1\n|move|p2b: Kyogre|Origin Pulse|p1b: Calyrex\n|-damage|p1b: Calyrex|0 fnt\n|faint|p1b: Calyrex\n|\n|win|palamed\n|raw|Doc_MrMega's rating: 1637 &rarr; <strong>1613<\/strong><br \/>(-24 for losing)\n|raw|palamed's rating: 1573 &rarr; <strong>1597<\/strong><br \/>(+24 for winning)\n|l|\u2606Doc_MrMega\n|player|p1|\n","uploadtime":1740136402,"views":5,"formatid":"gen9vgc2025regg","rating":1597,"private":0,"password":null}