{"id":"gen9vgc2025regg-2305511572","format":"[Gen 9] VGC 2025 Reg G","players":["Lechonkbro","Dv146"],"log":"|j|\u2606Lechonkbro\n|j|\u2606Dv146\n|t:|1740197133\n|gametype|doubles\n|player|p1|Lechonkbro|ghetsis-gen5bw|1554\n|player|p2|Dv146|1|1567\n|teamsize|p1|6\n|teamsize|p2|6\n|gen|9\n|tier|[Gen 9] VGC 2025 Reg G\n|rated|\n|rule|Species Clause: Limit one of each Pok\u00e9mon\n|rule|Item Clause: Limit 1 of each item\n|clearpoke\n|poke|p1|Miraidon, L50|\n|poke|p1|Incineroar, L50, M|\n|poke|p1|Oranguru, L50, F|\n|poke|p1|Clefairy, L50, F|\n|poke|p1|Baxcalibur, L50, F|\n|poke|p1|Whimsicott, L50, F|\n|poke|p2|Terapagos, L50, M|\n|poke|p2|Incineroar, L50, F|\n|poke|p2|Sinistcha, L50|\n|poke|p2|Comfey, L50, F|\n|poke|p2|Electabuzz, L50, F|\n|poke|p2|Rillaboom, L50, M|\n|teampreview|4\n|inactive|Battle timer is ON: inactive players will automatically lose when time's up. (requested by Lechonkbro)\n|\n|t:|1740197151\n|start\n|switch|p1a: Miraidon|Miraidon, L50|100\/100\n|switch|p1b: Oranguru|Oranguru, L50, F|100\/100\n|switch|p2a: Terapagos|Terapagos, L50, M|100\/100\n|switch|p2b: Electabuzz|Electabuzz, L50, F|100\/100\n|-activate|p2a: Terapagos|ability: Tera Shift\n|detailschange|p2a: Terapagos|Terapagos-Terastal, L50, M\n|-heal|p2a: Terapagos|100\/100|[silent]\n|-fieldstart|move: Electric Terrain|[from] ability: Hadron Engine|[of] p1a: Miraidon\n|-enditem|p1a: Miraidon|Electric Seed\n|-boost|p1a: Miraidon|def|1|[from] item: Electric Seed\n|-activate|p1b: Oranguru|ability: Symbiosis|Covert Cloak|[of] p1a: Miraidon\n|turn|1\n|\n|t:|1740197171\n|move|p1a: Miraidon|Calm Mind|p1a: Miraidon\n|-boost|p1a: Miraidon|spa|1\n|-boost|p1a: Miraidon|spd|1\n|move|p2b: Electabuzz|Taunt|p1b: Oranguru\n|-start|p1b: Oranguru|move: Taunt\n|move|p2a: Terapagos|Calm Mind|p2a: Terapagos\n|-boost|p2a: Terapagos|spa|1\n|-boost|p2a: Terapagos|spd|1\n|cant|p1b: Oranguru|move: Taunt|Instruct\n|\n|upkeep\n|turn|2\n|\n|t:|1740197185\n|move|p1a: Miraidon|Calm Mind|p1a: Miraidon\n|-boost|p1a: Miraidon|spa|1\n|-boost|p1a: Miraidon|spd|1\n|move|p2b: Electabuzz|Electroweb|p1a: Miraidon|[spread] p1a,p1b\n|-resisted|p1a: Miraidon\n|-damage|p1a: Miraidon|99\/100\n|-damage|p1b: Oranguru|88\/100\n|-unboost|p1b: Oranguru|spe|1\n|move|p2a: Terapagos|Earth Power|p1a: Miraidon\n|-supereffective|p1a: Miraidon\n|-damage|p1a: Miraidon|64\/100\n|move|p1b: Oranguru|Foul Play|p2b: Electabuzz\n|-damage|p2b: Electabuzz|88\/100\n|\n|upkeep\n|turn|3\n|inactive|Lechonkbro has 30 seconds left.\n|\n|t:|1740197211\n|switch|p1b: Incineroar|Incineroar, L50, M|100\/100\n|-ability|p1b: Incineroar|Intimidate|boost\n|-unboost|p2a: Terapagos|atk|1\n|-unboost|p2b: Electabuzz|atk|1\n|move|p1a: Miraidon|Calm Mind|p1a: Miraidon\n|-boost|p1a: Miraidon|spa|1\n|-boost|p1a: Miraidon|spd|1\n|move|p2b: Electabuzz|Taunt|p1a: Miraidon\n|-start|p1a: Miraidon|move: Taunt\n|move|p2a: Terapagos|Calm Mind|p2a: Terapagos\n|-boost|p2a: Terapagos|spa|1\n|-boost|p2a: Terapagos|spd|1\n|\n|upkeep\n|turn|4\n|j| Eggy068\n|\n|t:|1740197231\n|-terastallize|p2a: Terapagos|Stellar\n|detailschange|p2a: Terapagos|Terapagos-Stellar, L50, M, tera:Stellar\n|-heal|p2a: Terapagos|100\/100|[silent]\n|-ability|p2a: Terapagos|Teraform Zero\n|-fieldend|move: Electric Terrain\n|move|p1b: Incineroar|Fake Out|p2a: Terapagos\n|-damage|p2a: Terapagos|94\/100\n|move|p1a: Miraidon|Dragon Pulse|p2b: Electabuzz\n|-damage|p2b: Electabuzz|9\/100\n|move|p2b: Electabuzz|Taunt|p1b: Incineroar\n|-start|p1b: Incineroar|move: Taunt\n|move|p2a: Terapagos|Earth Power|p1a: Miraidon\n|-supereffective|p1a: Miraidon\n|-damage|p1a: Miraidon|16\/100\n|\n|upkeep\n|turn|5\n|inactive|Lechonkbro has 30 seconds left.\n|inactive|Dv146 has 30 seconds left.\n|\n|t:|1740197259\n|move|p1a: Miraidon|Parabolic Charge|p2a: Terapagos|[spread] p1b,p2a,p2b\n|-resisted|p2b: Electabuzz\n|-damage|p1b: Incineroar|50\/100\n|-heal|p1a: Miraidon|42\/100|[from] drain|[of] p1b: Incineroar\n|-damage|p2a: Terapagos|76\/100\n|-heal|p1a: Miraidon|54\/100|[from] drain|[of] p2a: Terapagos\n|-damage|p2b: Electabuzz|0 fnt\n|-heal|p1a: Miraidon|57\/100|[from] drain|[of] p2b: Electabuzz\n|-enditem|p1b: Incineroar|Sitrus Berry|[eat]\n|-heal|p1b: Incineroar|75\/100|[from] item: Sitrus Berry\n|faint|p2b: Electabuzz\n|move|p2a: Terapagos|Earth Power|p1a: Miraidon\n|-supereffective|p1a: Miraidon\n|-damage|p1a: Miraidon|3\/100\n|move|p1b: Incineroar|Knock Off|p2a: Terapagos\n|-damage|p2a: Terapagos|50\/100\n|-enditem|p2a: Terapagos|Covert Cloak|[from] move: Knock Off|[of] p1b: Incineroar\n|\n|upkeep\n|\n|t:|1740197277\n|switch|p2b: Rillaboom|Rillaboom, L50, M|100\/100\n|-fieldstart|move: Grassy Terrain|[from] ability: Grassy Surge|[of] p2b: Rillaboom\n|turn|6\n|\n|t:|1740197296\n|switch|p1a: Oranguru|Oranguru, L50, F|88\/100\n|move|p2b: Rillaboom|Fake Out|p1a: Oranguru\n|-damage|p1a: Oranguru|75\/100\n|move|p2a: Terapagos|Earth Power|p1b: Incineroar\n|-supereffective|p1b: Incineroar\n|-damage|p1b: Incineroar|0 fnt\n|faint|p1b: Incineroar\n|\n|-heal|p2a: Terapagos|56\/100|[from] Grassy Terrain\n|-heal|p1a: Oranguru|81\/100|[from] Grassy Terrain\n|upkeep\n|\n|t:|1740197314\n|switch|p1b: Miraidon|Miraidon, L50|3\/100\n|-fieldstart|move: Electric Terrain|[from] ability: Hadron Engine|[of] p1b: Miraidon\n|turn|7\n|inactive|Lechonkbro has 30 seconds left.\n|\n|t:|1740197343\n|switch|p2b: Sinistcha|Sinistcha, L50|100\/100\n|-heal|p2a: Terapagos|81\/100|[from] ability: Hospitality|[of] p2b: Sinistcha\n|move|p1b: Miraidon|Dragon Pulse|p2a: Terapagos\n|-damage|p2a: Terapagos|62\/100\n|move|p2a: Terapagos|Tera Starstorm|p1a: Oranguru|[spread] p1a,p1b\n|-damage|p1a: Oranguru|19\/100\n|-damage|p1b: Miraidon|0 fnt\n|faint|p1b: Miraidon\n|move|p1a: Oranguru|Foul Play|p2b: Sinistcha\n|-supereffective|p2b: Sinistcha\n|-damage|p2b: Sinistcha|81\/100\n|-damage|p1a: Oranguru|3\/100|[from] item: Rocky Helmet|[of] p2b: Sinistcha\n|\n|upkeep\n|\n|t:|1740197358\n|switch|p1b: Baxcalibur|Baxcalibur, L50, F|100\/100\n|turn|8\n|\n|t:|1740197365\n|move|p2b: Sinistcha|Rage Powder|p2b: Sinistcha\n|-singleturn|p2b: Sinistcha|move: Rage Powder\n|move|p1b: Baxcalibur|Icicle Spear|p2b: Sinistcha\n|-supereffective|p2b: Sinistcha\n|-damage|p2b: Sinistcha|54\/100\n|-supereffective|p2b: Sinistcha\n|-damage|p2b: Sinistcha|30\/100\n|-supereffective|p2b: Sinistcha\n|-damage|p2b: Sinistcha|5\/100\n|-supereffective|p2b: Sinistcha\n|-damage|p2b: Sinistcha|0 fnt\n|faint|p2b: Sinistcha\n|-hitcount|p2: Sinistcha|4\n|move|p2a: Terapagos|Tera Starstorm|p1a: Oranguru|[spread] p1a,p1b\n|-damage|p1a: Oranguru|0 fnt\n|-damage|p1b: Baxcalibur|18\/100\n|faint|p1a: Oranguru\n|\n|upkeep\n|-message|Lechonkbro forfeited.\n|\n|win|Dv146\n|raw|Lechonkbro's rating: 1554 &rarr; <strong>1535<\/strong><br \/>(-19 for losing)\n|raw|Dv146's rating: 1567 &rarr; <strong>1586<\/strong><br \/>(+19 for winning)\n|l|\u2606Lechonkbro\n|player|p1|\n|l|\u2606Dv146\n|player|p2|\n|l| Eggy068\n","uploadtime":1740197528,"views":5,"formatid":"gen9vgc2025regg","rating":1535,"private":0,"password":null}