{"id":"gen9vgc2025regg-2305834482","format":"[Gen 9] VGC 2025 Reg G","players":["actuary97","ReReReTryAgain"],"log":"|j|\u2606actuary97\n|j|\u2606ReReReTryAgain\n|t:|1740251487\n|gametype|doubles\n|player|p1|actuary97|sabrina-frlg|1603\n|player|p2|ReReReTryAgain|1|1731\n|teamsize|p1|6\n|teamsize|p2|6\n|gen|9\n|tier|[Gen 9] VGC 2025 Reg G\n|rated|\n|rule|Species Clause: Limit one of each Pok\u00e9mon\n|rule|Item Clause: Limit 1 of each item\n|clearpoke\n|poke|p1|Amoonguss, L50, F|\n|poke|p1|Comfey, L50, M|\n|poke|p1|Whimsicott, L50, M|\n|poke|p1|Kyogre, L50|\n|poke|p1|Archaludon, L50, M|\n|poke|p1|Qwilfish-Hisui, L50, M|\n|poke|p2|Ogerpon-Cornerstone, L50, F|\n|poke|p2|Lunala, L50|\n|poke|p2|Indeedee-F, L50, F|\n|poke|p2|Roaring Moon, L50|\n|poke|p2|Urshifu-*, L50, F|\n|poke|p2|Ursaluna, L50, M|\n|teampreview|4\nactuary97 has agreed to open team sheets.\n|\n|t:|1740251519\n|start\n|switch|p1a: Whimsicott|Whimsicott, L50, M, shiny|100\/100\n|switch|p1b: Archaludon|Archaludon, L50, M, shiny|100\/100\n|switch|p2a: Roaring Moon|Roaring Moon, L50|100\/100\n|switch|p2b: Lunala|Lunala, L50|100\/100\n|-enditem|p2a: Roaring Moon|Booster Energy\n|-activate|p2a: Roaring Moon|ability: Protosynthesis|[fromitem]\n|-start|p2a: Roaring Moon|protosynthesisspe\n|turn|1\n|\n|t:|1740251533\n|move|p2a: Roaring Moon|Tailwind|p2a: Roaring Moon\n|-sidestart|p2: ReReReTryAgain|move: Tailwind\n|move|p2b: Lunala|Meteor Beam||[still]\n|-prepare|p2b: Lunala|Meteor Beam\n|-boost|p2b: Lunala|spa|1\n|-enditem|p2b: Lunala|Power Herb\n|-anim|p2b: Lunala|Meteor Beam|p1a: Whimsicott\n|-crit|p1a: Whimsicott\n|-enditem|p1a: Whimsicott|Focus Sash\n|-damage|p1a: Whimsicott|1\/100\n|move|p1a: Whimsicott|Beat Up|p1b: Archaludon\n|-damage|p1b: Archaludon|99\/100\n|-ability|p1b: Archaludon|Stamina|boost\n|-boost|p1b: Archaludon|def|1\n|-damage|p1b: Archaludon|97\/100\n|-ability|p1b: Archaludon|Stamina|boost\n|-boost|p1b: Archaludon|def|1\n|-damage|p1b: Archaludon|96\/100\n|-ability|p1b: Archaludon|Stamina|boost\n|-boost|p1b: Archaludon|def|1\n|-damage|p1b: Archaludon|95\/100\n|-ability|p1b: Archaludon|Stamina|boost\n|-boost|p1b: Archaludon|def|1\n|-hitcount|p1b: Archaludon|4\n|move|p1b: Archaludon|Snarl|p2a: Roaring Moon|[spread] p2a,p2b\n|-resisted|p2a: Roaring Moon\n|-supereffective|p2b: Lunala\n|-damage|p2a: Roaring Moon|94\/100\n|-damage|p2b: Lunala|82\/100\n|-unboost|p2a: Roaring Moon|spa|1\n|-unboost|p2b: Lunala|spa|1\n|\n|upkeep\n|turn|2\n|\n|t:|1740251564\n|switch|p2b: Indeedee|Indeedee-F, L50, F|100\/100\n|-fieldstart|move: Psychic Terrain|[from] ability: Psychic Surge|[of] p2b: Indeedee\n|move|p1a: Whimsicott|Tailwind|p1a: Whimsicott\n|-sidestart|p1: actuary97|move: Tailwind\n|move|p2a: Roaring Moon|Knock Off|p1b: Archaludon\n|-crit|p1b: Archaludon\n|-damage|p1b: Archaludon|46\/100\n|-ability|p1b: Archaludon|Stamina|boost\n|-boost|p1b: Archaludon|def|1\n|-enditem|p1b: Archaludon|Assault Vest|[from] move: Knock Off|[of] p2a: Roaring Moon\n|move|p1b: Archaludon|Snarl|p2b: Indeedee|[spread] p2a,p2b\n|-resisted|p2a: Roaring Moon\n|-supereffective|p2b: Indeedee\n|-damage|p2a: Roaring Moon|89\/100\n|-damage|p2b: Indeedee|77\/100\n|-unboost|p2a: Roaring Moon|spa|1\n|-unboost|p2b: Indeedee|spa|1\n|\n|upkeep\n|turn|3\n|\n|t:|1740251583\n|move|p2a: Roaring Moon|Snarl|p1a: Whimsicott|[spread] p1a,p1b\n|-resisted|p1a: Whimsicott\n|-damage|p1a: Whimsicott|0 fnt\n|-damage|p1b: Archaludon|42\/100\n|-unboost|p1b: Archaludon|spa|1\n|-ability|p1b: Archaludon|Stamina|boost\n|-boost|p1b: Archaludon|def|1\n|faint|p1a: Whimsicott\n|move|p1b: Archaludon|Body Press|p2b: Indeedee\n|-damage|p2b: Indeedee|0 fnt\n|-damage|p1b: Archaludon|25\/100|[from] item: Rocky Helmet|[of] p2b: Indeedee\n|faint|p2b: Indeedee\n|\n|upkeep\n|\n|t:|1740251595\n|switch|p1a: Kyogre|Kyogre, L50, shiny|100\/100\n|switch|p2b: Ogerpon|Ogerpon-Cornerstone, L50, F|100\/100\n|-weather|RainDance|[from] ability: Drizzle|[of] p1a: Kyogre\n|turn|4\n|\n|t:|1740251635\n|switch|p1a: Qwilfish|Qwilfish-Hisui, L50, M, shiny|100\/100\n|-terastallize|p2a: Roaring Moon|Ghost\n|move|p2a: Roaring Moon|Snarl|p1b: Archaludon|[spread] p1a,p1b\n|-resisted|p1a: Qwilfish\n|-damage|p1a: Qwilfish|99\/100\n|-damage|p1b: Archaludon|21\/100\n|-unboost|p1a: Qwilfish|spa|1\n|-unboost|p1b: Archaludon|spa|1\n|move|p2b: Ogerpon|Wood Hammer|p1a: Qwilfish\n|-resisted|p1a: Qwilfish\n|-damage|p1a: Qwilfish|72\/100\n|-damage|p2b: Ogerpon|91\/100|[from] Recoil\n|move|p1b: Archaludon|Electro Shot||[still]\n|-prepare|p1b: Archaludon|Electro Shot\n|-boost|p1b: Archaludon|spa|1\n|-anim|p1b: Archaludon|Electro Shot|p2a: Roaring Moon\n|-damage|p2a: Roaring Moon|64\/100\n|\n|-weather|RainDance|[upkeep]\n|-sideend|p2: ReReReTryAgain|move: Tailwind\n|upkeep\n|turn|5\n|\n|t:|1740251671\n|move|p2b: Ogerpon|Spiky Shield|p2b: Ogerpon\n|-singleturn|p2b: Ogerpon|move: Protect\n|move|p1a: Qwilfish|Icy Wind|p2a: Roaring Moon|[spread] p2a\n|-activate|p2b: Ogerpon|move: Protect\n|-damage|p2a: Roaring Moon|61\/100\n|-unboost|p2a: Roaring Moon|spe|1\n|move|p1b: Archaludon|Electro Shot||[still]\n|-prepare|p1b: Archaludon|Electro Shot\n|-boost|p1b: Archaludon|spa|1\n|-anim|p1b: Archaludon|Electro Shot|p2a: Roaring Moon\n|-damage|p2a: Roaring Moon|23\/100\n|move|p2a: Roaring Moon|Tailwind|p2a: Roaring Moon\n|-sidestart|p2: ReReReTryAgain|move: Tailwind\n|\n|-weather|RainDance|[upkeep]\n|-sideend|p1: actuary97|move: Tailwind\n|upkeep\n|turn|6\n|\n|t:|1740251697\n|move|p2a: Roaring Moon|Knock Off|p1a: Qwilfish\n|-resisted|p1a: Qwilfish\n|-damage|p1a: Qwilfish|55\/100\n|-enditem|p1a: Qwilfish|Eviolite|[from] move: Knock Off|[of] p2a: Roaring Moon\n|move|p2b: Ogerpon|Ivy Cudgel|p1a: Qwilfish|[anim] Ivy Cudgel Rock\n|-damage|p1a: Qwilfish|0 fnt\n|faint|p1a: Qwilfish\n|move|p1b: Archaludon|Body Press|p2b: Ogerpon\n|-supereffective|p2b: Ogerpon\n|-damage|p2b: Ogerpon|0 fnt\n|faint|p2b: Ogerpon\n|\n|-weather|RainDance|[upkeep]\n|-fieldend|move: Psychic Terrain\n|upkeep\n|\n|t:|1740251707\n|switch|p2b: Lunala|Lunala, L50|82\/100\n|switch|p1a: Kyogre|Kyogre, L50, shiny|100\/100\n|turn|7\n|\n|t:|1740251715\n|move|p2a: Roaring Moon|Snarl|p1a: Kyogre|[spread] p1a,p1b\n|-damage|p1a: Kyogre|98\/100\n|-damage|p1b: Archaludon|16\/100\n|-unboost|p1b: Archaludon|spa|1\n|move|p2b: Lunala|Moongeist Beam|p1b: Archaludon\n|-damage|p1b: Archaludon|0 fnt\n|faint|p1b: Archaludon\n|move|p1a: Kyogre|Origin Pulse|p2a: Roaring Moon|[spread] p2a,p2b\n|-damage|p2a: Roaring Moon|0 fnt\n|-damage|p2b: Lunala|32\/100\n|faint|p2a: Roaring Moon\n|-end|p2a: Roaring Moon|Protosynthesis|[silent]\n|\n|-weather|RainDance|[upkeep]\n|upkeep\n|turn|8\n|\n|t:|1740251726\n|move|p2b: Lunala|Moongeist Beam|p1a: Kyogre\n|-damage|p1a: Kyogre|58\/100\n|move|p1a: Kyogre|Origin Pulse|p2b: Lunala\n|-damage|p2b: Lunala|0 fnt\n|faint|p2b: Lunala\n|\n|win|actuary97\n|raw|actuary97's rating: 1603 &rarr; <strong>1630<\/strong><br \/>(+27 for winning)\n|raw|ReReReTryAgain's rating: 1731 &rarr; <strong>1704<\/strong><br \/>(-27 for losing)\n|c|\u2606actuary97|gg\n|c|\u2606ReReReTryAgain|Gg\n|l|\u2606ReReReTryAgain\n|player|p2|\n|l|\u2606actuary97\n|player|p1|\n","uploadtime":1740251901,"views":2,"formatid":"gen9vgc2025regg","rating":1630,"private":0,"password":null}