{"id":"gen9vgc2025regg-2305318132","format":"[Gen 9] VGC 2025 Reg G","players":["Cyan2023","pneumatictoad"],"log":"|j|\u2606Cyan2023\n|j|\u2606pneumatictoad\n|t:|1740171631\n|gametype|doubles\n|player|p1|Cyan2023|266|1617\n|player|p2|pneumatictoad|2|1732\n|teamsize|p1|6\n|teamsize|p2|6\n|gen|9\n|tier|[Gen 9] VGC 2025 Reg G\n|rated|\n|rule|Species Clause: Limit one of each Pok\u00e9mon\n|rule|Item Clause: Limit 1 of each item\n|clearpoke\n|poke|p1|Miraidon, L50|\n|poke|p1|Iron Bundle, L50|\n|poke|p1|Incineroar, L50, M|\n|poke|p1|Urshifu-*, L50, F|\n|poke|p1|Dragonite, L50, M|\n|poke|p1|Kingambit, L50, F|\n|poke|p2|Calyrex-Ice, L50|\n|poke|p2|Trapinch, L50, M|\n|poke|p2|Annihilape, L50, F|\n|poke|p2|Pelipper, L50, M|\n|poke|p2|Jigglypuff, L50, M|\n|poke|p2|Ogerpon-Hearthflame, L50, F|\n|teampreview|4\n|inactive|Battle timer is ON: inactive players will automatically lose when time's up. (requested by Cyan2023)\n|\n|t:|1740171661\n|start\n|switch|p1a: Incineroar|Incineroar, L50, M|100\/100\n|switch|p1b: Kingambit|Kingambit, L50, F|100\/100\n|switch|p2a: Annihilape|Annihilape, L50, F|100\/100\n|switch|p2b: Calyrex|Calyrex-Ice, L50|100\/100\n|-ability|p2b: Calyrex|As One\n|-ability|p2b: Calyrex|Unnerve\n|-ability|p1a: Incineroar|Intimidate|boost\n|-unboost|p2a: Annihilape|atk|1\n|-unboost|p2b: Calyrex|atk|1\n|turn|1\n|inactive|Cyan2023 has 30 seconds left.\n|inactive|Cyan2023 has 20 seconds left.\n|inactive|Cyan2023 has 15 seconds left.\n|inactive|pneumatictoad has 30 seconds left.\n|\n|t:|1740171712\n|-terastallize|p2b: Calyrex|Grass\n|move|p1b: Kingambit|Sucker Punch|p2a: Annihilape\n|-damage|p2a: Annihilape|56\/100\n|move|p2a: Annihilape|Final Gambit|p1a: Incineroar\n|-damage|p1a: Incineroar|41\/100\n|faint|p2a: Annihilape\n|move|p1a: Incineroar|Knock Off|p2b: Calyrex\n|-damage|p2b: Calyrex|79\/100\n|-enditem|p2b: Calyrex|Covert Cloak|[from] move: Knock Off|[of] p1a: Incineroar\n|move|p2b: Calyrex|Trick Room|p2b: Calyrex\n|-fieldstart|move: Trick Room|[of] p2b: Calyrex\n|\n|upkeep\n|\n|t:|1740171720\n|switch|p2a: Trapinch|Trapinch, L50, M|100\/100\n|turn|2\n|inactive|Cyan2023 has 30 seconds left.\n|\n|t:|1740171750\n|switch|p2b: Pelipper|Pelipper, L50, M|100\/100\n|-weather|RainDance|[from] ability: Drizzle|[of] p2b: Pelipper\n|-terastallize|p1b: Kingambit|Water\n|move|p2a: Trapinch|Earthquake|p1b: Kingambit|[spread] p1a,p1b\n|-immune|p2b: Pelipper\n|-supereffective|p1a: Incineroar\n|-damage|p1a: Incineroar|0 fnt\n|-damage|p1b: Kingambit|74\/100\n|faint|p1a: Incineroar\n|move|p1b: Kingambit|Kowtow Cleave|p2b: Pelipper\n|-damage|p2b: Pelipper|46\/100\n|\n|-weather|RainDance|[upkeep]\n|upkeep\n|\n|t:|1740171769\n|switch|p1a: Urshifu|Urshifu-Rapid-Strike, L50, F|100\/100\n|turn|3\n|\n|t:|1740171781\n|move|p2a: Trapinch|Feint|p1a: Urshifu\n|-damage|p1a: Urshifu|92\/100\n|move|p1b: Kingambit|Sucker Punch|p2b: Pelipper\n|-damage|p2b: Pelipper|2\/100\n|move|p1a: Urshifu|Aqua Jet|p2a: Trapinch\n|-supereffective|p2a: Trapinch\n|-enditem|p2a: Trapinch|Focus Sash\n|-damage|p2a: Trapinch|1\/100\n|move|p2b: Pelipper|Hurricane|p1a: Urshifu\n|-supereffective|p1a: Urshifu\n|-damage|p1a: Urshifu|0 fnt\n|faint|p1a: Urshifu\n|\n|-weather|RainDance|[upkeep]\n|upkeep\n|\n|t:|1740171790\n|switch|p1a: Miraidon|Miraidon, L50|100\/100\n|-fieldstart|move: Electric Terrain|[from] ability: Hadron Engine|[of] p1a: Miraidon\n|turn|4\n|\n|t:|1740171806\n|move|p2a: Trapinch|Protect|p2a: Trapinch\n|-singleturn|p2a: Trapinch|Protect\n|move|p1b: Kingambit|Sucker Punch|p2b: Pelipper\n|-damage|p2b: Pelipper|0 fnt\n|faint|p2b: Pelipper\n|move|p1a: Miraidon|Dazzling Gleam|p2a: Trapinch\n|-activate|p2a: Trapinch|move: Protect\n|\n|-weather|RainDance|[upkeep]\n|upkeep\n|\n|t:|1740171810\n|switch|p2b: Calyrex|Calyrex-Ice, L50, tera:Grass|79\/100\n|-ability|p2b: Calyrex|As One\n|-ability|p2b: Calyrex|Unnerve\n|turn|5\n|\n|t:|1740171835\n|move|p2a: Trapinch|Feint|p1a: Miraidon\n|-damage|p1a: Miraidon|91\/100\n|move|p1b: Kingambit|Sucker Punch||[still]\n|-fail|p1b: Kingambit\n|move|p2b: Calyrex|Glacial Lance|p1b: Kingambit|[spread] p1a,p1b\n|-supereffective|p1a: Miraidon\n|-resisted|p1b: Kingambit\n|-crit|p1b: Kingambit\n|-damage|p1a: Miraidon|0 fnt\n|-damage|p1b: Kingambit|40\/100\n|faint|p1a: Miraidon\n|-ability|p2b: Calyrex|Chilling Neigh|boost\n|-boost|p2b: Calyrex|atk|1\n|\n|-weather|RainDance|[upkeep]\n|-fieldend|move: Trick Room\n|upkeep\n|turn|6\n|\n|t:|1740171847\n|move|p2b: Calyrex|Seed Bomb|p1b: Kingambit\n|-supereffective|p1b: Kingambit\n|-damage|p1b: Kingambit|0 fnt\n|faint|p1b: Kingambit\n|\n|win|pneumatictoad\n|raw|Cyan2023's rating: 1617 &rarr; <strong>1603<\/strong><br \/>(-14 for losing)\n|raw|pneumatictoad's rating: 1732 &rarr; <strong>1746<\/strong><br \/>(+14 for winning)\n|c|\u2606pneumatictoad|gg\n|l|\u2606Cyan2023\n|player|p1|\n","uploadtime":1740171857,"views":13,"formatid":"gen9vgc2025regg","rating":1603,"private":0,"password":null}