{"id":"gen9vgc2025regg-2305010941","format":"[Gen 9] VGC 2025 Reg G","players":["Angelo Neres","The Slimmest Jesus"],"log":"|j|\u2606Angelo Neres\n|j|\u2606The Slimmest Jesus\n|t:|1740136083\n|gametype|doubles\n|player|p1|Angelo Neres|101|1561\n|player|p2|The Slimmest Jesus|169|1663\n|teamsize|p1|6\n|teamsize|p2|6\n|gen|9\n|tier|[Gen 9] VGC 2025 Reg G\n|rated|\n|rule|Species Clause: Limit one of each Pok\u00e9mon\n|rule|Item Clause: Limit 1 of each item\n|clearpoke\n|poke|p1|Groudon, L50|\n|poke|p1|Moltres-Galar, L50|\n|poke|p1|Scream Tail, L50|\n|poke|p1|Grimmsnarl, L50, M|\n|poke|p1|Cobalion, L50|\n|poke|p1|Smeargle, L50, F|\n|poke|p2|Indeedee-F, L50, F|\n|poke|p2|Regidrago, L50|\n|poke|p2|Torkoal, L50, F|\n|poke|p2|Gallade, L50, M|\n|poke|p2|Calyrex-Ice, L50|\n|poke|p2|Lilligant-Hisui, L50, F|\n|teampreview|4\n|inactive|Battle timer is ON: inactive players will automatically lose when time's up. (requested by Angelo Neres)\n|inactive|Angelo Neres has 60 seconds left.\n|inactive|The Slimmest Jesus has 60 seconds left.\n|inactive|Angelo Neres has 30 seconds left.\n|inactive|The Slimmest Jesus has 30 seconds left.\n|inactive|Angelo Neres has 20 seconds left.\n|inactive|The Slimmest Jesus has 20 seconds left.\n|inactive|Angelo Neres has 15 seconds left.\n|inactive|The Slimmest Jesus has 15 seconds left.\n|inactive|Angelo Neres has 10 seconds left.\n|inactive|The Slimmest Jesus has 10 seconds left.\n|inactive|Angelo Neres has 5 seconds left.\n|inactive|The Slimmest Jesus has 5 seconds left.\n|\n|t:|1740136173\n|start\n|switch|p1a: Smeargle|Smeargle, L50, F|100\/100\n|switch|p1b: Cobalion|Cobalion, L50, shiny|100\/100\n|switch|p2a: Calyrex|Calyrex-Ice, L50|100\/100\n|switch|p2b: Lilligant|Lilligant-Hisui, L50, F|100\/100\n|-ability|p2a: Calyrex|As One\n|-ability|p2a: Calyrex|Unnerve\n|turn|1\n|inactive|The Slimmest Jesus has 30 seconds left.\n|inactive|The Slimmest Jesus has 20 seconds left.\n|j| Rabbithorn01\n|inactive|The Slimmest Jesus has 15 seconds left.\n|inactive|The Slimmest Jesus has 10 seconds left.\n|inactive|The Slimmest Jesus has 5 seconds left.\n|\n|t:|1740136225\n|-terastallize|p2b: Lilligant|Ghost\n|move|p2a: Calyrex|Protect|p2a: Calyrex\n|-singleturn|p2a: Calyrex|Protect\n|move|p2b: Lilligant|Close Combat|p1a: Smeargle\n|-supereffective|p1a: Smeargle\n|-enditem|p1a: Smeargle|Focus Sash\n|-damage|p1a: Smeargle|1\/100\n|-unboost|p2b: Lilligant|def|1\n|-unboost|p2b: Lilligant|spd|1\n|move|p1b: Cobalion|Iron Defense|p1b: Cobalion\n|-boost|p1b: Cobalion|def|2\n|move|p1a: Smeargle|Spore|p2a: Calyrex\n|-activate|p2a: Calyrex|move: Protect\n|\n|-ability|p1a: Smeargle|Moody|boost\n|-boost|p1a: Smeargle|spe|2\n|-unboost|p1a: Smeargle|def|1\n|upkeep\n|turn|2\n|inactive|The Slimmest Jesus has 30 seconds left.\n|\n|t:|1740136250\n|switch|p1a: Scream Tail|Scream Tail, L50, shiny|100\/100\n|move|p2b: Lilligant|Close Combat|p1a: Scream Tail\n|-resisted|p1a: Scream Tail\n|-damage|p1a: Scream Tail|90\/100\n|-unboost|p2b: Lilligant|def|1\n|-unboost|p2b: Lilligant|spd|1\n|move|p1b: Cobalion|Iron Defense|p1b: Cobalion\n|-boost|p1b: Cobalion|def|2\n|move|p2a: Calyrex|Trick Room|p2a: Calyrex\n|-fieldstart|move: Trick Room|[of] p2a: Calyrex\n|\n|upkeep\n|turn|3\n|\n|t:|1740136272\n|switch|p2b: Torkoal|Torkoal, L50, F|100\/100\n|-weather|SunnyDay|[from] ability: Drought|[of] p2b: Torkoal\n|-activate|p1a: Scream Tail|ability: Protosynthesis\n|-start|p1a: Scream Tail|protosynthesisspe\n|move|p2a: Calyrex|Glacial Lance|p1b: Cobalion|[spread] p1a,p1b\n|-resisted|p1b: Cobalion\n|-damage|p1a: Scream Tail|45\/100\n|-damage|p1b: Cobalion|94\/100\n|move|p1b: Cobalion|Iron Defense|p1b: Cobalion\n|-boost|p1b: Cobalion|def|2\n|move|p1a: Scream Tail|Encore||[still]\n|-fail|p1a: Scream Tail\n|\n|-weather|SunnyDay|[upkeep]\n|upkeep\n|turn|4\n|j| mr pogostick\n|inactive|The Slimmest Jesus has 30 seconds left.\n|inactive|The Slimmest Jesus has 20 seconds left.\n|inactive|The Slimmest Jesus has 15 seconds left.\n|inactive|The Slimmest Jesus has 10 seconds left.\n|\n|t:|1740136318\n|move|p1b: Cobalion|Protect|p1b: Cobalion\n|-singleturn|p1b: Cobalion|Protect\n|move|p2b: Torkoal|Eruption|p1a: Scream Tail|[spread] p1a\n|-activate|p1b: Cobalion|move: Protect\n|-damage|p1a: Scream Tail|0 fnt\n|faint|p1a: Scream Tail\n|-end|p1a: Scream Tail|Protosynthesis|[silent]\n|move|p2a: Calyrex|Glacial Lance|p1b: Cobalion\n|-activate|p1b: Cobalion|move: Protect\n|\n|-weather|SunnyDay|[upkeep]\n|upkeep\n|\n|t:|1740136328\n|switch|p1a: Smeargle|Smeargle, L50, F|1\/100\n|turn|5\n|\n|t:|1740136335\n|move|p1a: Smeargle|Wide Guard|p1a: Smeargle\n|-singleturn|p1a: Smeargle|Wide Guard\n|move|p2b: Torkoal|Weather Ball|p1b: Cobalion\n|-supereffective|p1b: Cobalion\n|-damage|p1b: Cobalion|0 fnt\n|faint|p1b: Cobalion\n|move|p2a: Calyrex|Close Combat|p1a: Smeargle\n|-supereffective|p1a: Smeargle\n|-damage|p1a: Smeargle|0 fnt\n|-unboost|p2a: Calyrex|def|1\n|-unboost|p2a: Calyrex|spd|1\n|-enditem|p2a: Calyrex|White Herb\n|-clearnegativeboost|p2a: Calyrex|[silent]\n|faint|p1a: Smeargle\n|-ability|p2a: Calyrex|Chilling Neigh|boost\n|-boost|p2a: Calyrex|atk|1\n|\n|-weather|SunnyDay|[upkeep]\n|upkeep\n|l| mr pogostick\n|\n|t:|1740136346\n|switch|p1b: Groudon|Groudon, L50, shiny|100\/100\n|turn|6\n|inactive|The Slimmest Jesus has 30 seconds left.\n|c| Rabbithorn01|y...isn't that cobalion water tera or sth?\n|\n|t:|1740136374\n|switch|p2b: Indeedee|Indeedee-F, L50, F|100\/100\n|-fieldstart|move: Psychic Terrain|[from] ability: Psychic Surge|[of] p2b: Indeedee\n|-terastallize|p1b: Groudon|Fire\n|move|p2a: Calyrex|Glacial Lance|p1b: Groudon\n|-resisted|p1b: Groudon\n|-damage|p1b: Groudon|57\/100\n|move|p1b: Groudon|Precipice Blades|p2b: Indeedee|[spread] p2a,p2b\n|-damage|p2a: Calyrex|65\/100\n|-damage|p2b: Indeedee|37\/100\n|\n|-weather|SunnyDay|[upkeep]\n|-fieldend|move: Trick Room\n|upkeep\n|turn|7\n|\n|t:|1740136390\n|move|p2b: Indeedee|Follow Me|p2b: Indeedee\n|-singleturn|p2b: Indeedee|move: Follow Me\n|move|p1b: Groudon|Precipice Blades|p2b: Indeedee|[spread] p2a,p2b\n|-damage|p2a: Calyrex|33\/100\n|-damage|p2b: Indeedee|0 fnt\n|faint|p2b: Indeedee\n|move|p2a: Calyrex|Trick Room|p2a: Calyrex\n|-fieldstart|move: Trick Room|[of] p2a: Calyrex\n|\n|-weather|none\n|upkeep\n|\n|t:|1740136395\n|switch|p2b: Torkoal|Torkoal, L50, F|100\/100\n|-weather|SunnyDay|[from] ability: Drought|[of] p2b: Torkoal\n|turn|8\n|\n|t:|1740136401\n|move|p2b: Torkoal|Eruption|p1b: Groudon\n|-resisted|p1b: Groudon\n|-damage|p1b: Groudon|22\/100\n|move|p2a: Calyrex|Close Combat|p1b: Groudon\n|-damage|p1b: Groudon|0 fnt\n|-unboost|p2a: Calyrex|def|1\n|-unboost|p2a: Calyrex|spd|1\n|faint|p1b: Groudon\n|\n|win|The Slimmest Jesus\n|raw|Angelo Neres's rating: 1561 &rarr; <strong>1547<\/strong><br \/>(-14 for losing)\n|raw|The Slimmest Jesus's rating: 1663 &rarr; <strong>1677<\/strong><br \/>(+14 for winning)\n|l|\u2606Angelo Neres\n|player|p1|\n","uploadtime":1740136428,"views":8,"formatid":"gen9vgc2025regg","rating":1547,"private":0,"password":null}