{"id":"gen9vgc2025regg-2305108017","format":"[Gen 9] VGC 2025 Reg G","players":["chin8","snadmonkey"],"log":"|j|\u2606chin8\n|j|\u2606snadmonkey\n|t:|1740149635\n|gametype|doubles\n|player|p1|chin8|gentleman-gen4dp|1693\n|player|p2|snadmonkey|2|1586\n|teamsize|p1|6\n|teamsize|p2|6\n|gen|9\n|tier|[Gen 9] VGC 2025 Reg G\n|rated|\n|rule|Species Clause: Limit one of each Pok\u00e9mon\n|rule|Item Clause: Limit 1 of each item\n|clearpoke\n|poke|p1|Calyrex-Shadow, L50|\n|poke|p1|Incineroar, L50, M|\n|poke|p1|Rillaboom, L50, M|\n|poke|p1|Gastrodon-East, L50, M|\n|poke|p1|Hitmonchan, L50, M|\n|poke|p1|Tropius, L50, M|\n|poke|p2|Zamazenta-*, L50|\n|poke|p2|Weezing-Galar, L50, F|\n|poke|p2|Dondozo, L50, F|\n|poke|p2|Tatsugiri, L50, F|\n|poke|p2|Chien-Pao, L50|\n|poke|p2|Rillaboom, L50, M|\n|teampreview|4\n|inactive|Battle timer is ON: inactive players will automatically lose when time's up. (requested by snadmonkey)\n|j| ChilledLotusA\n|\n|t:|1740149662\n|start\n|switch|p1a: Calyrex|Calyrex-Shadow, L50|100\/100\n|switch|p1b: Tropius|Tropius, L50, M|100\/100\n|switch|p2a: Zamazenta|Zamazenta-Crowned, L50|100\/100\n|switch|p2b: Weezing|Weezing-Galar, L50, F|100\/100\n|-ability|p2b: Weezing|Neutralizing Gas\n|-ability|p1a: Calyrex|As One\n|-ability|p1a: Calyrex|Unnerve\n|turn|1\n|j| Rabbithorn01\n|\n|t:|1740149681\n|move|p1b: Tropius|Wide Guard|p1b: Tropius\n|-singleturn|p1b: Tropius|Wide Guard\n|move|p1a: Calyrex|Astral Barrage|p2a: Zamazenta|[spread] p2a,p2b\n|-damage|p2a: Zamazenta|63\/100\n|-damage|p2b: Weezing|49\/100\n|move|p2a: Zamazenta|Heavy Slam|p1b: Tropius\n|-damage|p1b: Tropius|50\/100\n|-enditem|p1b: Tropius|Sitrus Berry|[eat]\n|-heal|p1b: Tropius|74\/100|[from] item: Sitrus Berry\n|move|p2b: Weezing|Poison Gas|p1a: Calyrex|[spread] \n|-activate|p1a: Calyrex|move: Wide Guard\n|-activate|p1b: Tropius|move: Wide Guard\n|\n|upkeep\n|turn|2\n|\n|t:|1740149705\n|move|p2a: Zamazenta|Wide Guard|p2a: Zamazenta\n|-singleturn|p2a: Zamazenta|Wide Guard\n|move|p1b: Tropius|Wide Guard|p1b: Tropius\n|-singleturn|p1b: Tropius|Wide Guard\n|move|p1a: Calyrex|Calm Mind|p1a: Calyrex\n|-boost|p1a: Calyrex|spa|1\n|-boost|p1a: Calyrex|spd|1\n|move|p2b: Weezing|Toxic Spikes|p1a: Calyrex\n|-sidestart|p1: chin8|move: Toxic Spikes\n|\n|upkeep\n|turn|3\n|\n|t:|1740149722\n|move|p1b: Tropius|Wide Guard|p1b: Tropius\n|-singleturn|p1b: Tropius|Wide Guard\n|move|p1a: Calyrex|Astral Barrage|p2b: Weezing|[spread] p2a,p2b\n|-damage|p2a: Zamazenta|11\/100\n|-damage|p2b: Weezing|0 fnt\n|faint|p2b: Weezing\n|-end|p2b: Weezing|ability: Neutralizing Gas\n|-ability|p2a: Zamazenta|Dauntless Shield|boost\n|-boost|p2a: Zamazenta|def|1\n|-ability|p1a: Calyrex|Grim Neigh|boost\n|-boost|p1a: Calyrex|spa|1\n|move|p2a: Zamazenta|Heavy Slam|p1a: Calyrex\n|-damage|p1a: Calyrex|50\/100\n|\n|-item|p1b: Tropius|Sitrus Berry|[from] ability: Harvest\n|upkeep\n|\n|t:|1740149726\n|switch|p2b: Dondozo|Dondozo, L50, F|100\/100\n|turn|4\n|\n|t:|1740149748\n|switch|p2a: Tatsugiri|Tatsugiri, L50, F|100\/100\n|-activate|p2a: Tatsugiri|ability: Commander|[of] p2b: Dondozo\n|-boost|p2b: Dondozo|atk|2\n|-boost|p2b: Dondozo|spa|2\n|-boost|p2b: Dondozo|spe|2\n|-boost|p2b: Dondozo|def|2\n|-boost|p2b: Dondozo|spd|2\n|move|p1a: Calyrex|Astral Barrage|p2b: Dondozo|[spread] p2b\n|-miss|p1a: Calyrex|p2a: Tatsugiri\n|-damage|p2b: Dondozo|81\/100\n|move|p2b: Dondozo|Order Up|p1a: Calyrex\n|-crit|p1a: Calyrex\n|-damage|p1a: Calyrex|0 fnt\n|faint|p1a: Calyrex\n|-boost|p2b: Dondozo|atk|1\n|move|p1b: Tropius|Leech Seed|p2b: Dondozo\n|-start|p2b: Dondozo|move: Leech Seed\n|\n|-heal|p2b: Dondozo|88\/100|[from] item: Leftovers\n|-damage|p2b: Dondozo|75\/100|[from] Leech Seed|[of] p1b: Tropius\n|-heal|p1b: Tropius|90\/100|[silent]\n|upkeep\n|inactive|chin8 has 30 seconds left.\n|\n|t:|1740149782\n|switch|p1a: Incineroar|Incineroar, L50, M|100\/100\n|-status|p1a: Incineroar|psn\n|-ability|p1a: Incineroar|Intimidate|boost\n|-unboost|p2a: Tatsugiri|atk|1\n|-unboost|p2b: Dondozo|atk|1\n|turn|5\n|\n|t:|1740149790\n|switch|p1a: Rillaboom|Rillaboom, L50, M|100\/100\n|-status|p1a: Rillaboom|psn\n|-fieldstart|move: Grassy Terrain|[from] ability: Grassy Surge|[of] p1a: Rillaboom\n|move|p2b: Dondozo|Wave Crash|p1a: Rillaboom\n|-resisted|p1a: Rillaboom\n|-damage|p1a: Rillaboom|64\/100 psn\n|-damage|p2b: Dondozo|65\/100|[from] Recoil\n|move|p1b: Tropius|Substitute|p1b: Tropius\n|-start|p1b: Tropius|Substitute\n|-damage|p1b: Tropius|65\/100\n|\n|-heal|p2b: Dondozo|72\/100|[from] Grassy Terrain\n|-heal|p2b: Dondozo|78\/100|[from] item: Leftovers\n|-heal|p1a: Rillaboom|70\/100 psn|[from] Grassy Terrain\n|-damage|p2b: Dondozo|65\/100|[from] Leech Seed|[of] p1b: Tropius\n|-heal|p1b: Tropius|81\/100|[silent]\n|-damage|p1a: Rillaboom|58\/100 psn|[from] psn\n|upkeep\n|turn|6\n|\n|t:|1740149801\n|switch|p1a: Incineroar|Incineroar, L50, M|100\/100 psn\n|-ability|p1a: Incineroar|Intimidate|boost\n|-unboost|p2a: Tatsugiri|atk|1\n|-unboost|p2b: Dondozo|atk|1\n|move|p2b: Dondozo|Order Up|p1a: Incineroar\n|-damage|p1a: Incineroar|72\/100 psn\n|-boost|p2b: Dondozo|atk|1\n|move|p1b: Tropius|Hurricane|p2b: Dondozo\n|-damage|p2b: Dondozo|56\/100\n|-start|p2b: Dondozo|confusion\n|\n|-heal|p2b: Dondozo|62\/100|[from] Grassy Terrain\n|-heal|p2b: Dondozo|69\/100|[from] item: Leftovers\n|-heal|p1a: Incineroar|78\/100 psn|[from] Grassy Terrain\n|-damage|p2b: Dondozo|56\/100|[from] Leech Seed|[of] p1b: Tropius\n|-heal|p1b: Tropius|96\/100|[silent]\n|-damage|p1a: Incineroar|65\/100 psn|[from] psn\n|upkeep\n|turn|7\n|inactive|chin8 has 30 seconds left.\n|\n|t:|1740149828\n|move|p1a: Incineroar|Fake Out|p2b: Dondozo\n|-damage|p2b: Dondozo|52\/100\n|cant|p2b: Dondozo|flinch\n|move|p1b: Tropius|Hurricane|p2b: Dondozo\n|-damage|p2b: Dondozo|42\/100\n|\n|-heal|p2b: Dondozo|48\/100|[from] Grassy Terrain\n|-heal|p2b: Dondozo|54\/100|[from] item: Leftovers\n|-heal|p1a: Incineroar|71\/100 psn|[from] Grassy Terrain\n|-damage|p2b: Dondozo|42\/100|[from] Leech Seed|[of] p1b: Tropius\n|-heal|p1b: Tropius|100\/100|[silent]\n|-damage|p1a: Incineroar|59\/100 psn|[from] psn\n|upkeep\n|turn|8\n|inactive|chin8 has 30 seconds left.\n|inactive|chin8 has 20 seconds left.\n|inactive|chin8 has 15 seconds left.\n|inactive|chin8 has 10 seconds left.\n|inactive|chin8 has 5 seconds left.\n|\n|t:|1740149880\n|-activate|p2b: Dondozo|confusion\n|move|p2b: Dondozo|Order Up|p1a: Incineroar\n|-damage|p1a: Incineroar|23\/100 psn\n|-enditem|p1a: Incineroar|Aguav Berry|[eat]\n|-heal|p1a: Incineroar|56\/100 psn|[from] item: Aguav Berry\n|-boost|p2b: Dondozo|atk|1\n|move|p1a: Incineroar|Parting Shot|p2b: Dondozo\n|-unboost|p2b: Dondozo|atk|1\n|-unboost|p2b: Dondozo|spa|1\n|\n|t:|1740149884\n|switch|p1a: Rillaboom|Rillaboom, L50, M|58\/100 psn|[from] Parting Shot\n|move|p1b: Tropius|Hurricane|p2b: Dondozo|[miss]\n|-miss|p1b: Tropius|p2b: Dondozo\n|\n|-heal|p2b: Dondozo|48\/100|[from] Grassy Terrain\n|-heal|p2b: Dondozo|54\/100|[from] item: Leftovers\n|-heal|p1a: Rillaboom|64\/100 psn|[from] Grassy Terrain\n|-damage|p2b: Dondozo|42\/100|[from] Leech Seed|[of] p1b: Tropius\n|-damage|p1a: Rillaboom|52\/100 psn|[from] psn\n|upkeep\n|turn|9\n|\n|t:|1740149899\n|-activate|p2b: Dondozo|confusion\n|-damage|p2b: Dondozo|36\/100|[from] confusion\n|move|p1a: Rillaboom|Fake Out|p2b: Dondozo\n|-damage|p2b: Dondozo|32\/100\n|move|p1b: Tropius|Hurricane|p2b: Dondozo\n|-damage|p2b: Dondozo|22\/100\n|\n|-heal|p2b: Dondozo|28\/100|[from] Grassy Terrain\n|-heal|p2b: Dondozo|34\/100|[from] item: Leftovers\n|-heal|p1a: Rillaboom|58\/100 psn|[from] Grassy Terrain\n|-damage|p2b: Dondozo|22\/100|[from] Leech Seed|[of] p1b: Tropius\n|-damage|p1a: Rillaboom|45\/100 psn|[from] psn\n|-fieldend|move: Grassy Terrain\n|upkeep\n|turn|10\n|\n|t:|1740149910\n|switch|p1a: Incineroar|Incineroar, L50, M|56\/100 psn\n|-ability|p1a: Incineroar|Intimidate|boost\n|-unboost|p2a: Tatsugiri|atk|1\n|-unboost|p2b: Dondozo|atk|1\n|-activate|p2b: Dondozo|confusion\n|move|p2b: Dondozo|Order Up|p1a: Incineroar\n|-crit|p1a: Incineroar\n|-damage|p1a: Incineroar|14\/100 psn\n|-boost|p2b: Dondozo|atk|1\n|move|p1b: Tropius|Hurricane|p2b: Dondozo\n|-damage|p2b: Dondozo|13\/100\n|\n|-heal|p2b: Dondozo|19\/100|[from] item: Leftovers\n|-damage|p2b: Dondozo|6\/100|[from] Leech Seed|[of] p1b: Tropius\n|-damage|p1a: Incineroar|1\/100 psn|[from] psn\n|upkeep\n|turn|11\n|\n|t:|1740149930\n|move|p1a: Incineroar|Fake Out|p2b: Dondozo\n|-damage|p2b: Dondozo|2\/100\n|cant|p2b: Dondozo|flinch\n|move|p1b: Tropius|Leech Seed|p2a: Tatsugiri|[miss]\n|-miss|p1b: Tropius|p2a: Tatsugiri\n|\n|-heal|p2b: Dondozo|9\/100|[from] item: Leftovers\n|-damage|p2b: Dondozo|0 fnt|[from] Leech Seed|[of] p1b: Tropius\n|faint|p2b: Dondozo\n|-damage|p1a: Incineroar|0 fnt|[from] psn\n|faint|p1a: Incineroar\n|upkeep\n|\n|t:|1740149940\n|switch|p1a: Rillaboom|Rillaboom, L50, M|45\/100 psn\n|switch|p2b: Zamazenta|Zamazenta-Crowned, L50|11\/100\n|-fieldstart|move: Grassy Terrain|[from] ability: Grassy Surge|[of] p1a: Rillaboom\n|turn|12\n|\n|t:|1740149963\n|-terastallize|p2a: Tatsugiri|Steel\n|move|p1a: Rillaboom|Fake Out|p2a: Tatsugiri\n|-resisted|p2a: Tatsugiri\n|-damage|p2a: Tatsugiri|89\/100\n|cant|p2a: Tatsugiri|flinch\n|move|p2b: Zamazenta|Body Press|p1a: Rillaboom\n|-damage|p1a: Rillaboom|1\/100 psn\n|move|p1b: Tropius|Leech Seed|p2b: Zamazenta\n|-start|p2b: Zamazenta|move: Leech Seed\n|\n|-heal|p2a: Tatsugiri|95\/100|[from] Grassy Terrain\n|-heal|p2b: Zamazenta|17\/100|[from] Grassy Terrain\n|-heal|p1a: Rillaboom|7\/100 psn|[from] Grassy Terrain\n|-damage|p2b: Zamazenta|5\/100|[from] Leech Seed|[of] p1b: Tropius\n|-damage|p1a: Rillaboom|0 fnt|[from] psn\n|faint|p1a: Rillaboom\n|upkeep\n|turn|13\n|\n|t:|1740149980\n|move|p2a: Tatsugiri|Tera Blast|p1b: Tropius|[anim] Tera Blast Steel\n|-end|p1b: Tropius|Substitute\n|move|p2b: Zamazenta|Heavy Slam|p1b: Tropius\n|-damage|p1b: Tropius|55\/100\n|move|p1b: Tropius|Substitute|p1b: Tropius\n|-start|p1b: Tropius|Substitute\n|-damage|p1b: Tropius|30\/100\n|-enditem|p1b: Tropius|Sitrus Berry|[eat]\n|-heal|p1b: Tropius|55\/100|[from] item: Sitrus Berry\n|\n|-heal|p2a: Tatsugiri|100\/100|[from] Grassy Terrain\n|-heal|p2b: Zamazenta|11\/100|[from] Grassy Terrain\n|-damage|p2b: Zamazenta|0 fnt|[from] Leech Seed|[of] p1b: Tropius\n|-heal|p1b: Tropius|65\/100|[silent]\n|faint|p2b: Zamazenta\n|upkeep\n|turn|14\n|\n|t:|1740149997\n|-terastallize|p1b: Tropius|Water\n|move|p2a: Tatsugiri|Tera Blast|p1b: Tropius|[anim] Tera Blast Steel\n|-resisted|p1b: Tropius\n|-activate|p1b: Tropius|move: Substitute|[damage]\n|move|p1b: Tropius|Leech Seed|p2a: Tatsugiri\n|-start|p2a: Tatsugiri|move: Leech Seed\n|\n|-heal|p1b: Tropius|70\/100|[from] Grassy Terrain\n|-damage|p2a: Tatsugiri|88\/100|[from] Leech Seed|[of] p1b: Tropius\n|-heal|p1b: Tropius|79\/100|[silent]\n|upkeep\n|turn|15\n|-message|snadmonkey forfeited.\n|\n|win|chin8\n|raw|chin8's rating: 1693 &rarr; <strong>1707<\/strong><br \/>(+14 for winning)\n|raw|snadmonkey's rating: 1586 &rarr; <strong>1572<\/strong><br \/>(-14 for losing)\n|l|\u2606snadmonkey\n|player|p2|\n|l|\u2606chin8\n|player|p1|\n|l| ChilledLotusA\n","uploadtime":1740150010,"views":23,"formatid":"gen9vgc2025regg","rating":1572,"private":0,"password":null}