{"id":"gen9vgc2025regg-2305231672","format":"[Gen 9] VGC 2025 Reg G","players":["2190175p","vbnmdfg76"],"log":"|j|\u26062190175p\n|j|\u2606vbnmdfg76\n|t:|1740162350\n|gametype|doubles\n|player|p1|2190175p|courtney|1641\n|player|p2|vbnmdfg76|102|1649\n|teamsize|p1|6\n|teamsize|p2|6\n|gen|9\n|tier|[Gen 9] VGC 2025 Reg G\n|rated|\n|rule|Species Clause: Limit one of each Pok\u00e9mon\n|rule|Item Clause: Limit 1 of each item\n|clearpoke\n|poke|p1|Calyrex-Ice, L50|\n|poke|p1|Torkoal, L50, M|\n|poke|p1|Indeedee-F, L50, F|\n|poke|p1|Raging Bolt, L50|\n|poke|p1|Ogerpon-Cornerstone, L50, F|\n|poke|p1|Smeargle, L50, M|\n|poke|p2|Kyogre, L50|\n|poke|p2|Landorus, L50, M|\n|poke|p2|Urshifu-*, L50, F|\n|poke|p2|Indeedee-F, L50, F|\n|poke|p2|Chien-Pao, L50|\n|poke|p2|Tornadus, L50, M|\n|teampreview|4\n|inactive|Battle timer is ON: inactive players will automatically lose when time's up. (requested by vbnmdfg76)\n|j| queenofthezams\n|inactive|2190175p has 60 seconds left.\n|inactive|vbnmdfg76 has 60 seconds left.\nvbnmdfg76 rejected open team sheets.\n|inactive|vbnmdfg76 has 30 seconds left.\n|inactive|vbnmdfg76 has 20 seconds left.\n|\n|t:|1740162426\n|start\n|switch|p1a: Calyrex|Calyrex-Ice, L50|100\/100\n|switch|p1b: Indeedee|Indeedee-F, L50, F|100\/100\n|switch|p2a: Urshifu|Urshifu-Rapid-Strike, L50, F|100\/100\n|switch|p2b: Indeedee|Indeedee-F, L50, F|100\/100\n|-ability|p1a: Calyrex|As One\n|-ability|p1a: Calyrex|Unnerve\n|-fieldstart|move: Psychic Terrain|[from] ability: Psychic Surge|[of] p1b: Indeedee\n|-enditem|p2b: Indeedee|Psychic Seed\n|-boost|p2b: Indeedee|spd|1|[from] item: Psychic Seed\n|turn|1\n|j| Baguettezzz\n|inactive|2190175p has 30 seconds left.\n|inactive|vbnmdfg76 has 30 seconds left.\n|\n|t:|1740162454\n|move|p2a: Urshifu|Surging Strikes|p1a: Calyrex\n|-crit|p1a: Calyrex\n|-damage|p1a: Calyrex|86\/100\n|-crit|p1a: Calyrex\n|-damage|p1a: Calyrex|71\/100\n|-crit|p1a: Calyrex\n|-damage|p1a: Calyrex|57\/100\n|-hitcount|p1a: Calyrex|3\n|move|p2b: Indeedee|Imprison|p2b: Indeedee\n|-start|p2b: Indeedee|move: Imprison\n|move|p1a: Calyrex|Glacial Lance|p2a: Urshifu|[spread] p2a,p2b\n|-resisted|p2a: Urshifu\n|-damage|p2a: Urshifu|72\/100\n|-damage|p2b: Indeedee|24\/100\n|cant|p1b: Indeedee|move: Imprison|Trick Room\n|\n|upkeep\n|turn|2\n|l| queenofthezams\n|inactive|vbnmdfg76 has 30 seconds left.\n|inactive|vbnmdfg76 has 20 seconds left.\n|inactive|vbnmdfg76 has 15 seconds left.\n|inactive|vbnmdfg76 has 10 seconds left.\n|\n|t:|1740162503\n|-terastallize|p2a: Urshifu|Water\n|move|p2b: Indeedee|Follow Me|p2b: Indeedee\n|-singleturn|p2b: Indeedee|move: Follow Me\n|move|p2a: Urshifu|Surging Strikes|p1a: Calyrex\n|-crit|p1a: Calyrex\n|-damage|p1a: Calyrex|40\/100\n|-crit|p1a: Calyrex\n|-damage|p1a: Calyrex|20\/100\n|-crit|p1a: Calyrex\n|-damage|p1a: Calyrex|1\/100\n|-hitcount|p1a: Calyrex|3\n|move|p1b: Indeedee|Psychic|p2b: Indeedee\n|-resisted|p2b: Indeedee\n|-damage|p2b: Indeedee|14\/100\n|move|p1a: Calyrex|Glacial Lance|p2b: Indeedee|[spread] p2a,p2b\n|-resisted|p2a: Urshifu\n|-damage|p2a: Urshifu|40\/100\n|-damage|p2b: Indeedee|0 fnt\n|faint|p2b: Indeedee\n|-ability|p1a: Calyrex|Chilling Neigh|boost\n|-boost|p1a: Calyrex|atk|1\n|\n|upkeep\n|\n|t:|1740162519\n|switch|p2b: Kyogre|Kyogre, L50|100\/100\n|-weather|RainDance|[from] ability: Drizzle|[of] p2b: Kyogre\n|turn|3\n|\n|t:|1740162541\n|switch|p1a: Torkoal|Torkoal, L50, M, shiny|100\/100\n|-weather|SunnyDay|[from] ability: Drought|[of] p1a: Torkoal\n|move|p2a: Urshifu|Surging Strikes|p1b: Indeedee\n|-crit|p1b: Indeedee\n|-damage|p1b: Indeedee|87\/100\n|-damage|p2a: Urshifu|23\/100|[from] item: Rocky Helmet|[of] p1b: Indeedee\n|-crit|p1b: Indeedee\n|-damage|p1b: Indeedee|73\/100\n|-damage|p2a: Urshifu|7\/100|[from] item: Rocky Helmet|[of] p1b: Indeedee\n|-crit|p1b: Indeedee\n|-damage|p1b: Indeedee|60\/100\n|-damage|p2a: Urshifu|0 fnt|[from] item: Rocky Helmet|[of] p1b: Indeedee\n|faint|p2a: Urshifu\n|-hitcount|p1b: Indeedee|3\n|move|p2b: Kyogre|Water Spout|p1a: Torkoal|[spread] p1a,p1b\n|-supereffective|p1a: Torkoal\n|-damage|p1a: Torkoal|0 fnt\n|-damage|p1b: Indeedee|11\/100\n|faint|p1a: Torkoal\n|move|p1b: Indeedee|Trick Room|p1b: Indeedee\n|-fieldstart|move: Trick Room|[of] p1b: Indeedee\n|\n|-weather|SunnyDay|[upkeep]\n|upkeep\n|j| imstuckat1300\n|\n|t:|1740162565\n|switch|p1a: Calyrex|Calyrex-Ice, L50|1\/100\n|switch|p2a: Chien-Pao|Chien-Pao, L50|100\/100\n|-ability|p1a: Calyrex|As One\n|-ability|p1a: Calyrex|Unnerve\n|-ability|p2a: Chien-Pao|Sword of Ruin\n|turn|4\n|\n|t:|1740162574\n|move|p2a: Chien-Pao|Protect|p2a: Chien-Pao\n|-singleturn|p2a: Chien-Pao|Protect\n|move|p1b: Indeedee|Follow Me|p1b: Indeedee\n|-singleturn|p1b: Indeedee|move: Follow Me\n|move|p1a: Calyrex|High Horsepower|p2a: Chien-Pao\n|-activate|p2a: Chien-Pao|move: Protect\n|move|p2b: Kyogre|Water Spout|p1b: Indeedee|[spread] p1a,p1b\n|-damage|p1a: Calyrex|0 fnt\n|-damage|p1b: Indeedee|0 fnt\n|faint|p1a: Calyrex\n|faint|p1b: Indeedee\n|\n|-weather|SunnyDay|[upkeep]\n|upkeep\n|\n|t:|1740162576\n|switch|p1a: Raging Bolt|Raging Bolt, L50|100\/100\n|-activate|p1a: Raging Bolt|ability: Protosynthesis\n|-start|p1a: Raging Bolt|protosynthesisspa\n|turn|5\n|\n|t:|1740162591\n|-terastallize|p1a: Raging Bolt|Electric\n|move|p1a: Raging Bolt|Thunderbolt|p2b: Kyogre\n|-supereffective|p2b: Kyogre\n|-damage|p2b: Kyogre|0 fnt\n|faint|p2b: Kyogre\n|move|p2a: Chien-Pao|Icicle Crash|p1a: Raging Bolt\n|-damage|p1a: Raging Bolt|47\/100\n|\n|-weather|SunnyDay|[upkeep]\n|-fieldend|move: Psychic Terrain\n|upkeep\n|turn|6\n|\n|t:|1740162600\n|move|p2a: Chien-Pao|Protect|p2a: Chien-Pao\n|-singleturn|p2a: Chien-Pao|Protect\n|move|p1a: Raging Bolt|Thunderbolt|p2a: Chien-Pao\n|-activate|p2a: Chien-Pao|move: Protect\n|\n|-weather|SunnyDay|[upkeep]\n|upkeep\n|turn|7\n|\n|t:|1740162608\n|move|p1a: Raging Bolt|Thunderbolt|p2a: Chien-Pao\n|-enditem|p2a: Chien-Pao|Focus Sash\n|-damage|p2a: Chien-Pao|1\/100\n|move|p2a: Chien-Pao|Icicle Crash|p1a: Raging Bolt\n|-damage|p1a: Raging Bolt|0 fnt\n|faint|p1a: Raging Bolt\n|-end|p1a: Raging Bolt|Protosynthesis|[silent]\n|\n|win|vbnmdfg76\n|raw|2190175p's rating: 1641 &rarr; <strong>1621<\/strong><br \/>(-20 for losing)\n|raw|vbnmdfg76's rating: 1649 &rarr; <strong>1669<\/strong><br \/>(+20 for winning)\n|l|\u26062190175p\n|player|p1|\n|l|\u2606vbnmdfg76\n|player|p2|\n|l| Baguettezzz\n|l| imstuckat1300\n","uploadtime":1740162853,"views":5,"formatid":"gen9vgc2025regg","rating":1621,"private":0,"password":null}