{"id":"gen9vgc2025regg-2305270968","format":"[Gen 9] VGC 2025 Reg G","players":["ScraggyPatty","Winters4"],"log":"|j|\u2606ScraggyPatty\n|j|\u2606Winters4\n|t:|1740166465\n|gametype|doubles\n|player|p1|ScraggyPatty|rocketgruntf|1635\n|player|p2|Winters4|170|1627\n|teamsize|p1|6\n|teamsize|p2|6\n|gen|9\n|tier|[Gen 9] VGC 2025 Reg G\n|rated|\n|rule|Species Clause: Limit one of each Pok\u00e9mon\n|rule|Item Clause: Limit 1 of each item\n|clearpoke\n|poke|p1|Calyrex-Ice, L50|\n|poke|p1|Amoonguss, L50, F|\n|poke|p1|Farigiraf, L50, M|\n|poke|p1|Ogerpon-Wellspring, L50, F|\n|poke|p1|Iron Hands, L50|\n|poke|p1|Magmar, L50, F|\n|poke|p2|Calyrex-Ice, L50|\n|poke|p2|Raging Bolt, L50|\n|poke|p2|Rillaboom, L50, F|\n|poke|p2|Urshifu-*, L50, M|\n|poke|p2|Chi-Yu, L50|\n|poke|p2|Ogerpon-Cornerstone, L50, F|\n|teampreview|4\n|j| tetsuokaga\n|\n|t:|1740166496\n|start\n|switch|p1a: Calyrex|Calyrex-Ice, L50|100\/100\n|switch|p1b: Ogerpon|Ogerpon-Wellspring, L50, F|100\/100\n|switch|p2a: Ogerpon|Ogerpon-Cornerstone, L50, F|100\/100\n|switch|p2b: Calyrex|Calyrex-Ice, L50|100\/100\n|-ability|p2b: Calyrex|As One\n|-ability|p2b: Calyrex|Unnerve\n|-ability|p1a: Calyrex|As One\n|-ability|p1a: Calyrex|Unnerve\n|turn|1\n|j| eriksp3\n|\n|t:|1740166522\n|-terastallize|p1b: Ogerpon|Water\n|detailschange|p1b: Ogerpon|Ogerpon-Wellspring-Tera, L50, F, tera:Water\n|-ability|p1b: Ogerpon|Embody Aspect (Wellspring)|boost\n|-boost|p1b: Ogerpon|spd|1\n|move|p2a: Ogerpon|Spiky Shield|p2a: Ogerpon\n|-singleturn|p2a: Ogerpon|move: Protect\n|move|p1b: Ogerpon|Follow Me|p1b: Ogerpon\n|-singleturn|p1b: Ogerpon|move: Follow Me\n|move|p2b: Calyrex|Glacial Lance|p1b: Ogerpon|[spread] p1a,p1b\n|-resisted|p1a: Calyrex\n|-resisted|p1b: Ogerpon\n|-damage|p1a: Calyrex|83\/100\n|-damage|p1b: Ogerpon|70\/100\n|move|p1a: Calyrex|Trick Room|p1a: Calyrex\n|-fieldstart|move: Trick Room|[of] p1a: Calyrex\n|\n|upkeep\n|turn|2\n|inactive|Battle timer is ON: inactive players will automatically lose when time's up. (requested by ScraggyPatty)\n|\n|t:|1740166565\n|move|p1a: Calyrex|Glacial Lance|p2b: Calyrex|[spread] p2a,p2b\n|-supereffective|p2a: Ogerpon\n|-resisted|p2b: Calyrex\n|-ability|p2a: Ogerpon|Sturdy\n|-damage|p2a: Ogerpon|1\/100\n|-damage|p2b: Calyrex|84\/100\n|move|p1b: Ogerpon|Horn Leech|p2a: Ogerpon\n|-damage|p2a: Ogerpon|0 fnt\n|-heal|p1b: Ogerpon|70\/100|[from] drain|[of] p2a: Ogerpon\n|faint|p2a: Ogerpon\n|move|p2b: Calyrex|Trick Room|p2b: Calyrex\n|-fieldend|move: Trick Room\n|\n|upkeep\n|l| eriksp3\n|\n|t:|1740166584\n|switch|p2a: Urshifu|Urshifu-Rapid-Strike, L50, M|100\/100\n|turn|3\n|\n|t:|1740166605\n|switch|p1b: Amoonguss|Amoonguss, L50, F|100\/100\n|switch|p1a: Magmar|Magmar, L50, F|100\/100\n|move|p2a: Urshifu|Close Combat|p1b: Amoonguss\n|-resisted|p1b: Amoonguss\n|-damage|p1b: Amoonguss|75\/100\n|-unboost|p2a: Urshifu|def|1\n|-unboost|p2a: Urshifu|spd|1\n|-damage|p2a: Urshifu|84\/100|[from] item: Rocky Helmet|[of] p1b: Amoonguss\n|move|p2b: Calyrex|Glacial Lance|p1b: Amoonguss|[spread] p1a,p1b\n|-resisted|p1a: Magmar\n|-supereffective|p1b: Amoonguss\n|-damage|p1a: Magmar|78\/100\n|-damage|p1b: Amoonguss|0 fnt\n|faint|p1b: Amoonguss\n|-ability|p2b: Calyrex|Chilling Neigh|boost\n|-boost|p2b: Calyrex|atk|1\n|\n|upkeep\n|\n|t:|1740166613\n|switch|p1b: Ogerpon|Ogerpon-Wellspring-Tera, L50, F, tera:Water|70\/100\n|-ability|p1b: Ogerpon|Embody Aspect (Wellspring)|boost\n|-boost|p1b: Ogerpon|spd|1\n|turn|4\n|inactive|ScraggyPatty has 30 seconds left.\n|\n|t:|1740166641\n|switch|p1a: Calyrex|Calyrex-Ice, L50|83\/100\n|-ability|p1a: Calyrex|As One\n|-ability|p1a: Calyrex|Unnerve\n|-terastallize|p2b: Calyrex|Water\n|move|p2a: Urshifu|Close Combat|p1a: Calyrex\n|-damage|p1a: Calyrex|41\/100\n|-unboost|p2a: Urshifu|def|1\n|-unboost|p2a: Urshifu|spd|1\n|move|p1b: Ogerpon|Horn Leech|p2a: Urshifu\n|-supereffective|p2a: Urshifu\n|-damage|p2a: Urshifu|0 fnt\n|-heal|p1b: Ogerpon|100\/100|[from] drain|[of] p2a: Urshifu\n|faint|p2a: Urshifu\n|move|p2b: Calyrex|Glacial Lance|p1b: Ogerpon|[spread] p1a,p1b\n|-resisted|p1a: Calyrex\n|-resisted|p1b: Ogerpon\n|-damage|p1a: Calyrex|15\/100\n|-damage|p1b: Ogerpon|54\/100\n|\n|upkeep\n|\n|t:|1740166655\n|switch|p2a: Chi-Yu|Chi-Yu, L50|100\/100\n|-ability|p2a: Chi-Yu|Beads of Ruin\n|turn|5\n|\n|t:|1740166675\n|move|p1a: Calyrex|Protect|p1a: Calyrex\n|-singleturn|p1a: Calyrex|Protect\n|move|p2a: Chi-Yu|Dark Pulse|p1b: Ogerpon\n|-crit|p1b: Ogerpon\n|-damage|p1b: Ogerpon|0 fnt\n|faint|p1b: Ogerpon\n|move|p2b: Calyrex|Glacial Lance|p1a: Calyrex\n|-activate|p1a: Calyrex|move: Protect\n|\n|upkeep\n|\n|t:|1740166679\n|switch|p1b: Magmar|Magmar, L50, F|78\/100\n|turn|6\n|\n|t:|1740166695\n|move|p2a: Chi-Yu|Dark Pulse|p1b: Magmar\n|-damage|p1b: Magmar|30\/100\n|cant|p1b: Magmar|flinch\n|move|p2b: Calyrex|Glacial Lance|p1a: Calyrex|[spread] p1a,p1b\n|-resisted|p1a: Calyrex\n|-resisted|p1b: Magmar\n|-damage|p1a: Calyrex|0 fnt\n|-damage|p1b: Magmar|0 fnt\n|faint|p1a: Calyrex\n|faint|p1b: Magmar\n|\n|win|Winters4\n|raw|ScraggyPatty's rating: 1635 &rarr; <strong>1615<\/strong><br \/>(-20 for losing)\n|raw|Winters4's rating: 1627 &rarr; <strong>1647<\/strong><br \/>(+20 for winning)\n|l|\u2606ScraggyPatty\n|player|p1|\n|l| tetsuokaga\n|l|\u2606Winters4\n|player|p2|\n|j| eriksp3\n","uploadtime":1740166853,"views":7,"formatid":"gen9vgc2025regg","rating":1615,"private":0,"password":null}