{"id":"gen9vgc2025regg-2305141358","format":"[Gen 9] VGC 2025 Reg G","players":["canon_tm","hjtl"],"log":"|j|\u2606canon_tm\n|j|\u2606hjtl\n|t:|1740153135\n|gametype|doubles\n|player|p1|canon_tm|2|1550\n|player|p2|hjtl|101|1593\n|teamsize|p1|6\n|teamsize|p2|6\n|gen|9\n|tier|[Gen 9] VGC 2025 Reg G\n|rated|\n|rule|Species Clause: Limit one of each Pok\u00e9mon\n|rule|Item Clause: Limit 1 of each item\n|clearpoke\n|poke|p1|Calyrex-Ice, L50|\n|poke|p1|Raging Bolt, L50|\n|poke|p1|Urshifu-*, L50, M|\n|poke|p1|Grimmsnarl, L50, M|\n|poke|p1|Landorus, L50, M|\n|poke|p1|Ogerpon-Hearthflame, L50, F|\n|poke|p2|Dialga-Origin, L50|\n|poke|p2|Dragapult, L50, F|\n|poke|p2|Torkoal, L50, M|\n|poke|p2|Regieleki, L50|\n|poke|p2|Gallade, L50, M|\n|poke|p2|Ursaluna, L50, M|\n|teampreview|4\n|inactive|Battle timer is ON: inactive players will automatically lose when time's up. (requested by hjtl)\n|\n|t:|1740153202\n|start\n|switch|p1a: Grimmsnarl|Grimmsnarl, L50, M|100\/100\n|switch|p1b: Landorus|Landorus, L50, M|100\/100\n|switch|p2a: Regieleki|Regieleki, L50|100\/100\n|switch|p2b: Dialga|Dialga-Origin, L50|100\/100\n|turn|1\n|inactive|canon_tm has 30 seconds left.\n|\n|t:|1740153232\n|-terastallize|p2b: Dialga|Water\n|move|p1a: Grimmsnarl|Light Screen|p1a: Grimmsnarl\n|-sidestart|p1: canon_tm|move: Light Screen\n|move|p2a: Regieleki|Explosion|p1a: Grimmsnarl|[spread] p1a,p1b\n|-activate|p2b: Dialga|ability: Telepathy\n|-damage|p1a: Grimmsnarl|23\/100\n|-damage|p1b: Landorus|4\/100\n|faint|p2a: Regieleki\n|move|p1b: Landorus|Substitute|p1b: Landorus\n|-fail|p1b: Landorus|move: Substitute|[weak]\n|move|p2b: Dialga|Trick Room|p2b: Dialga\n|-fieldstart|move: Trick Room|[of] p2b: Dialga\n|\n|upkeep\n|\n|t:|1740153245\n|switch|p2a: Torkoal|Torkoal, L50, M|100\/100\n|-weather|SunnyDay|[from] ability: Drought|[of] p2a: Torkoal\n|turn|2\n|\n|t:|1740153266\n|switch|p2b: Ursaluna|Ursaluna, L50, M|100\/100\n|move|p1b: Landorus|Protect|p1b: Landorus\n|-singleturn|p1b: Landorus|Protect\n|move|p1a: Grimmsnarl|Reflect|p1a: Grimmsnarl\n|-sidestart|p1: canon_tm|Reflect\n|move|p2a: Torkoal|Eruption|p1b: Landorus|[spread] p1a\n|-activate|p1b: Landorus|move: Protect\n|-damage|p1a: Grimmsnarl|0 fnt\n|faint|p1a: Grimmsnarl\n|\n|-weather|SunnyDay|[upkeep]\n|-status|p2b: Ursaluna|brn|[from] item: Flame Orb\n|upkeep\n|inactive|canon_tm has 30 seconds left.\n|inactive|canon_tm has 20 seconds left.\n|\n|t:|1740153305\n|switch|p1a: Raging Bolt|Raging Bolt, L50|100\/100\n|-activate|p1a: Raging Bolt|ability: Protosynthesis\n|-start|p1a: Raging Bolt|protosynthesisspa\n|turn|3\n|inactive|canon_tm has 30 seconds left.\n|\n|t:|1740153332\n|-terastallize|p1a: Raging Bolt|Fairy\n|move|p1b: Landorus|Protect||[still]\n|-fail|p1b: Landorus\n|move|p1a: Raging Bolt|Thunderclap|p2a: Torkoal\n|-damage|p2a: Torkoal|35\/100\n|move|p2a: Torkoal|Eruption|p1b: Landorus|[spread] p1a,p1b\n|-damage|p1a: Raging Bolt|90\/100\n|-damage|p1b: Landorus|0 fnt\n|faint|p1b: Landorus\n|move|p2b: Ursaluna|Facade|p1a: Raging Bolt\n|-damage|p1a: Raging Bolt|25\/100\n|\n|-weather|SunnyDay|[upkeep]\n|-damage|p2b: Ursaluna|95\/100 brn|[from] brn\n|upkeep\n|\n|t:|1740153344\n|switch|p1b: Calyrex|Calyrex-Ice, L50|100\/100\n|-ability|p1b: Calyrex|As One\n|-ability|p1b: Calyrex|Unnerve\n|turn|4\n|\n|t:|1740153363\n|switch|p2a: Dialga|Dialga-Origin, L50, tera:Water|100\/100\n|move|p1a: Raging Bolt|Thunderclap||[still]\n|-fail|p1a: Raging Bolt\n|move|p2b: Ursaluna|Earthquake|p1a: Raging Bolt|[spread] p1a,p1b\n|-activate|p2a: Dialga|ability: Telepathy\n|-damage|p1a: Raging Bolt|0 fnt\n|-damage|p1b: Calyrex|75\/100\n|faint|p1a: Raging Bolt\n|-end|p1a: Raging Bolt|Protosynthesis|[silent]\n|move|p1b: Calyrex|Glacial Lance|p2a: Dialga|[spread] p2a,p2b\n|-resisted|p2a: Dialga\n|-supereffective|p2b: Ursaluna\n|-damage|p2a: Dialga|77\/100\n|-damage|p2b: Ursaluna|8\/100 brn\n|\n|-weather|SunnyDay|[upkeep]\n|-damage|p2b: Ursaluna|2\/100 brn|[from] brn\n|upkeep\n|turn|5\n|inactive|canon_tm has 30 seconds left.\n|inactive|canon_tm has 20 seconds left.\n|\n|t:|1740153403\n|move|p1b: Calyrex|Protect|p1b: Calyrex\n|-singleturn|p1b: Calyrex|Protect\n|move|p2b: Ursaluna|Facade|p1b: Calyrex\n|-activate|p1b: Calyrex|move: Protect\n|move|p2a: Dialga|Flash Cannon|p1b: Calyrex\n|-activate|p1b: Calyrex|move: Protect\n|\n|-weather|SunnyDay|[upkeep]\n|-damage|p2b: Ursaluna|0 fnt|[from] brn\n|faint|p2b: Ursaluna\n|-fieldend|move: Trick Room\n|upkeep\n|\n|t:|1740153416\n|switch|p2b: Torkoal|Torkoal, L50, M|35\/100\n|turn|6\n|\n|t:|1740153425\n|move|p2b: Torkoal|Protect|p2b: Torkoal\n|-singleturn|p2b: Torkoal|Protect\n|move|p2a: Dialga|Flash Cannon|p1b: Calyrex\n|-supereffective|p1b: Calyrex\n|-damage|p1b: Calyrex|20\/100\n|move|p1b: Calyrex|High Horsepower|p2b: Torkoal\n|-activate|p2b: Torkoal|move: Protect\n|\n|-weather|none\n|upkeep\n|turn|7\n|-message|canon_tm forfeited.\n|\n|win|hjtl\n|raw|canon_tm's rating: 1550 &rarr; <strong>1532<\/strong><br \/>(-18 for losing)\n|raw|hjtl's rating: 1593 &rarr; <strong>1611<\/strong><br \/>(+18 for winning)\n|l|\u2606canon_tm\n|player|p1|\n|l|\u2606hjtl\n|player|p2|\n","uploadtime":1740153631,"views":5,"formatid":"gen9vgc2025regg","rating":1532,"private":0,"password":null}