{"id":"gen9vgc2025regg-2305109627","format":"[Gen 9] VGC 2025 Reg G","players":["ryanplaytv","KogaAF1219"],"log":"|j|\u2606ryanplaytv\n|j|\u2606KogaAF1219\n|t:|1740149812\n|gametype|doubles\n|player|p1|ryanplaytv|hiker-gen4|1628\n|player|p2|KogaAF1219|169|1595\n|teamsize|p1|6\n|teamsize|p2|6\n|gen|9\n|tier|[Gen 9] VGC 2025 Reg G\n|rated|\n|rule|Species Clause: Limit one of each Pok\u00e9mon\n|rule|Item Clause: Limit 1 of each item\n|clearpoke\n|poke|p1|Calyrex-Ice, L50|\n|poke|p1|Ursaluna-Bloodmoon, L50, M|\n|poke|p1|Indeedee-F, L50, F|\n|poke|p1|Hatterene, L50, F|\n|poke|p1|Gallade, L50, M|\n|poke|p1|Torkoal, L50, M|\n|poke|p2|Koraidon, L50|\n|poke|p2|Indeedee, L50, M|\n|poke|p2|Whimsicott, L50, M|\n|poke|p2|Torkoal, L50, M|\n|poke|p2|Chi-Yu, L50|\n|poke|p2|Ogerpon-Cornerstone, L50, F|\n|teampreview|4\n|j| Rabbithorn01\nKogaAF1219 has agreed to open team sheets.\n|\n|t:|1740149851\n|start\n|switch|p1a: Hatterene|Hatterene, L50, F|100\/100\n|switch|p1b: Indeedee|Indeedee-F, L50, F|100\/100\n|switch|p2a: Indeedee|Indeedee, L50, M|100\/100\n|switch|p2b: Chi-Yu|Chi-Yu, L50|100\/100\n|-ability|p2b: Chi-Yu|Beads of Ruin\n|-fieldstart|move: Psychic Terrain|[from] ability: Psychic Surge|[of] p2a: Indeedee\n|-enditem|p1b: Indeedee|Psychic Seed\n|-boost|p1b: Indeedee|spd|1|[from] item: Psychic Seed\n|turn|1\n|\n|t:|1740149865\n|move|p1b: Indeedee|Follow Me|p1b: Indeedee\n|-singleturn|p1b: Indeedee|move: Follow Me\n|move|p2b: Chi-Yu|Heat Wave|p1a: Hatterene|[spread] p1a,p1b\n|-crit|p1b: Indeedee\n|-damage|p1a: Hatterene|47\/100\n|-damage|p1b: Indeedee|25\/100\n|move|p2a: Indeedee|Imprison|p2a: Indeedee\n|-start|p2a: Indeedee|move: Imprison\n|cant|p1a: Hatterene|move: Imprison|Trick Room\n|\n|upkeep\n|turn|2\n|\n|t:|1740149898\n|move|p1a: Hatterene|Protect|p1a: Hatterene\n|-singleturn|p1a: Hatterene|Protect\n|move|p2b: Chi-Yu|Heat Wave|p1b: Indeedee|[spread] p1b\n|-activate|p1a: Hatterene|move: Protect\n|-damage|p1b: Indeedee|0 fnt\n|faint|p1b: Indeedee\n|move|p2a: Indeedee|Expanding Force|p1a: Hatterene\n|-activate|p1a: Hatterene|move: Protect\n|\n|upkeep\n|\n|t:|1740149905\n|switch|p1b: Gallade|Gallade, L50, M|100\/100\n|turn|3\n|\n|t:|1740149916\n|switch|p2b: Ogerpon|Ogerpon-Cornerstone, L50, F|100\/100\n|switch|p1a: Ursaluna|Ursaluna-Bloodmoon, L50, M|100\/100\n|move|p2a: Indeedee|Expanding Force|p1b: Gallade|[spread] p1a,p1b\n|-damage|p1a: Ursaluna|65\/100\n|-damage|p1b: Gallade|50\/100\n|move|p1b: Gallade|Sacred Sword|p2b: Ogerpon\n|-supereffective|p2b: Ogerpon\n|-ability|p2b: Ogerpon|Sturdy\n|-damage|p2b: Ogerpon|1\/100\n|\n|upkeep\n|turn|4\n|\n|t:|1740149935\n|-terastallize|p1a: Ursaluna|Fairy\n|move|p2b: Ogerpon|Horn Leech|p1a: Ursaluna\n|-damage|p1a: Ursaluna|32\/100\n|-heal|p2b: Ogerpon|25\/100|[from] drain|[of] p1a: Ursaluna\n|move|p2a: Indeedee|Expanding Force|p1a: Ursaluna|[spread] p1a,p1b\n|-damage|p1a: Ursaluna|0 fnt\n|-damage|p1b: Gallade|0 fnt\n|faint|p1a: Ursaluna\n|faint|p1b: Gallade\n|\n|upkeep\n|\n|t:|1740149943\n|switch|p1b: Hatterene|Hatterene, L50, F|47\/100\n|turn|5\n|\n|t:|1740149950\n|move|p1b: Hatterene|Protect|p1b: Hatterene\n|-singleturn|p1b: Hatterene|Protect\n|move|p2b: Ogerpon|Horn Leech|p1b: Hatterene\n|-activate|p1b: Hatterene|move: Protect\n|move|p2a: Indeedee|Expanding Force|p1b: Hatterene\n|-activate|p1b: Hatterene|move: Protect\n|\n|-fieldend|move: Psychic Terrain\n|upkeep\n|turn|6\n|\n|t:|1740149957\n|move|p1b: Hatterene|Protect||[still]\n|-fail|p1b: Hatterene\n|move|p2b: Ogerpon|Horn Leech|p1b: Hatterene\n|-damage|p1b: Hatterene|1\/100\n|-heal|p2b: Ogerpon|50\/100|[from] drain|[of] p1b: Hatterene\n|move|p2a: Indeedee|Expanding Force|p1b: Hatterene\n|-resisted|p1b: Hatterene\n|-damage|p1b: Hatterene|0 fnt\n|faint|p1b: Hatterene\n|\n|win|KogaAF1219\n|raw|ryanplaytv's rating: 1628 &rarr; <strong>1606<\/strong><br \/>(-22 for losing)\n|raw|KogaAF1219's rating: 1595 &rarr; <strong>1617<\/strong><br \/>(+22 for winning)\n|l|\u2606ryanplaytv\n|player|p1|\n|l|\u2606KogaAF1219\n|player|p2|\n|l| Rabbithorn01\n","uploadtime":1740150162,"views":7,"formatid":"gen9vgc2025regg","rating":1606,"private":0,"password":null}