{"id":"gen9vgc2025regg-2305073008","format":"[Gen 9] VGC 2025 Reg G","players":["LowPass","ryanplaytv"],"log":"|j|\u2606LowPass\n|j|\u2606ryanplaytv\n|t:|1740145523\n|gametype|doubles\n|player|p1|LowPass|265|1577\n|player|p2|ryanplaytv|hiker-gen4|1615\n|teamsize|p1|6\n|teamsize|p2|6\n|gen|9\n|tier|[Gen 9] VGC 2025 Reg G\n|rated|\n|rule|Species Clause: Limit one of each Pok\u00e9mon\n|rule|Item Clause: Limit 1 of each item\n|clearpoke\n|poke|p1|Lugia, L50|\n|poke|p1|Flutter Mane, L50|\n|poke|p1|Wo-Chien, L50|\n|poke|p1|Incineroar, L50, M|\n|poke|p1|Landorus-Therian, L50, M|\n|poke|p1|Toxapex, L50, F|\n|poke|p2|Miraidon, L50|\n|poke|p2|Dondozo, L50, M|\n|poke|p2|Tatsugiri, L50, F|\n|poke|p2|Dragonite, L50, F|\n|poke|p2|Gholdengo, L50|\n|poke|p2|Chi-Yu, L50|\n|teampreview|4\n|j| Eggy068\n|j| 167Finish\n|j| faceless_knigght\n|inactive|Battle timer is ON: inactive players will automatically lose when time's up. (requested by LowPass)\n|l| faceless_knigght\n|j| champin1402\n|\n|t:|1740145559\n|start\n|switch|p1a: Flutter Mane|Flutter Mane, L50|100\/100\n|switch|p1b: Landorus|Landorus-Therian, L50, M|100\/100\n|switch|p2a: Miraidon|Miraidon, L50|100\/100\n|switch|p2b: Dondozo|Dondozo, L50, M|100\/100\n|-fieldstart|move: Electric Terrain|[from] ability: Hadron Engine|[of] p2a: Miraidon\n|-ability|p1b: Landorus|Intimidate|boost\n|-unboost|p2a: Miraidon|atk|1\n|-unboost|p2b: Dondozo|atk|1\n|-enditem|p1a: Flutter Mane|Booster Energy\n|-activate|p1a: Flutter Mane|ability: Protosynthesis|[fromitem]\n|-start|p1a: Flutter Mane|protosynthesisspa\n|turn|1\n|\n|t:|1740145571\n|switch|p2a: Tatsugiri|Tatsugiri, L50, F|100\/100\n|-activate|p2a: Tatsugiri|ability: Commander|[of] p2b: Dondozo\n|-boost|p2b: Dondozo|atk|2\n|-boost|p2b: Dondozo|spa|2\n|-boost|p2b: Dondozo|spe|2\n|-boost|p2b: Dondozo|def|2\n|-boost|p2b: Dondozo|spd|2\n|move|p1a: Flutter Mane|Protect|p1a: Flutter Mane\n|-singleturn|p1a: Flutter Mane|Protect\n|move|p2b: Dondozo|Wave Crash|p1b: Landorus\n|-supereffective|p1b: Landorus\n|-damage|p1b: Landorus|0 fnt\n|faint|p1b: Landorus\n|-damage|p2b: Dondozo|72\/100|[from] Recoil\n|\n|-heal|p2b: Dondozo|78\/100|[from] item: Leftovers\n|upkeep\n|\n|t:|1740145587\n|switch|p1b: Toxapex|Toxapex, L50, F|100\/100\n|turn|2\n|\n|t:|1740145591\n|-end|p1a: Flutter Mane|Protosynthesis|[silent]\n|switch|p1a: Lugia|Lugia, L50|100\/100\n|move|p2b: Dondozo|Protect|p2b: Dondozo\n|-singleturn|p2b: Dondozo|Protect\n|move|p1b: Toxapex|Haze|p1b: Toxapex\n|-clearallboost\n|\n|-heal|p2b: Dondozo|85\/100|[from] item: Leftovers\n|upkeep\n|turn|3\n|j| mesugakii\n|\n|t:|1740145600\n|move|p1a: Lugia|Calm Mind|p1a: Lugia\n|-boost|p1a: Lugia|spa|1\n|-boost|p1a: Lugia|spd|1\n|move|p2b: Dondozo|Order Up|p1a: Lugia\n|-damage|p1a: Lugia|93\/100\n|-boost|p2b: Dondozo|atk|1\n|move|p1b: Toxapex|Toxic|p2b: Dondozo\n|-status|p2b: Dondozo|tox\n|\n|-heal|p1a: Lugia|99\/100|[from] item: Leftovers\n|-heal|p2b: Dondozo|91\/100 tox|[from] item: Leftovers\n|-damage|p2b: Dondozo|85\/100 tox|[from] psn\n|upkeep\n|turn|4\n|\n|t:|1740145607\n|move|p1a: Lugia|Calm Mind|p1a: Lugia\n|-boost|p1a: Lugia|spa|1\n|-boost|p1a: Lugia|spd|1\n|move|p2b: Dondozo|Order Up|p1a: Lugia\n|-damage|p1a: Lugia|79\/100\n|-boost|p2b: Dondozo|atk|1\n|move|p1b: Toxapex|Icy Wind|p2b: Dondozo|[spread] p2b\n|-miss|p1b: Toxapex|p2a: Tatsugiri\n|-resisted|p2b: Dondozo\n|-damage|p2b: Dondozo|82\/100 tox\n|-unboost|p2b: Dondozo|spe|1\n|\n|-heal|p1a: Lugia|85\/100|[from] item: Leftovers\n|-heal|p2b: Dondozo|88\/100 tox|[from] item: Leftovers\n|-damage|p2b: Dondozo|76\/100 tox|[from] psn\n|upkeep\n|turn|5\n|\n|t:|1740145614\n|move|p1a: Lugia|Calm Mind|p1a: Lugia\n|-boost|p1a: Lugia|spa|1\n|-boost|p1a: Lugia|spd|1\n|move|p2b: Dondozo|Earthquake|p1b: Toxapex|[spread] p1b\n|-miss|p2b: Dondozo|p2a: Tatsugiri\n|-immune|p1a: Lugia\n|-supereffective|p1b: Toxapex\n|-damage|p1b: Toxapex|38\/100\n|move|p1b: Toxapex|Icy Wind|p2a: Tatsugiri|[spread] p2b\n|-miss|p1b: Toxapex|p2a: Tatsugiri\n|-resisted|p2b: Dondozo\n|-damage|p2b: Dondozo|73\/100 tox\n|-unboost|p2b: Dondozo|spe|1\n|\n|-heal|p1a: Lugia|91\/100|[from] item: Leftovers\n|-heal|p2b: Dondozo|79\/100 tox|[from] item: Leftovers\n|-damage|p2b: Dondozo|61\/100 tox|[from] psn\n|-fieldend|move: Electric Terrain\n|upkeep\n|turn|6\n|\n|t:|1740145621\n|move|p1b: Toxapex|Wide Guard|p1b: Toxapex\n|-singleturn|p1b: Toxapex|Wide Guard\n|move|p1a: Lugia|Calm Mind|p1a: Lugia\n|-boost|p1a: Lugia|spa|1\n|-boost|p1a: Lugia|spd|1\n|move|p2b: Dondozo|Wave Crash|p1a: Lugia\n|-damage|p1a: Lugia|31\/100\n|-damage|p2b: Dondozo|42\/100 tox|[from] Recoil\n|\n|-heal|p1a: Lugia|38\/100|[from] item: Leftovers\n|-heal|p2b: Dondozo|48\/100 tox|[from] item: Leftovers\n|-damage|p2b: Dondozo|24\/100 tox|[from] psn\n|upkeep\n|turn|7\n|\n|t:|1740145631\n|move|p1b: Toxapex|Wide Guard|p1b: Toxapex\n|-singleturn|p1b: Toxapex|Wide Guard\n|move|p1a: Lugia|Recover|p1a: Lugia\n|-heal|p1a: Lugia|88\/100\n|move|p2b: Dondozo|Wave Crash|p1a: Lugia\n|-damage|p1a: Lugia|23\/100\n|-damage|p2b: Dondozo|3\/100 tox|[from] Recoil\n|\n|-heal|p1a: Lugia|29\/100|[from] item: Leftovers\n|-heal|p2b: Dondozo|9\/100 tox|[from] item: Leftovers\n|-damage|p2b: Dondozo|0 fnt|[from] psn\n|faint|p2b: Dondozo\n|upkeep\n|j| faceless_knigght\n|\n|t:|1740145641\n|switch|p2b: Dragonite|Dragonite, L50, F|100\/100\n|turn|8\n|l| faceless_knigght\n|\n|t:|1740145652\n|-terastallize|p1a: Lugia|Steel\n|-terastallize|p2b: Dragonite|Normal\n|move|p1b: Toxapex|Wide Guard|p1b: Toxapex\n|-singleturn|p1b: Toxapex|Wide Guard\n|move|p2b: Dragonite|Extreme Speed|p1a: Lugia\n|-resisted|p1a: Lugia\n|-damage|p1a: Lugia|9\/100\n|move|p2a: Tatsugiri|Muddy Water|p1b: Toxapex|[spread] \n|-activate|p1a: Lugia|move: Wide Guard\n|-activate|p1b: Toxapex|move: Wide Guard\n|move|p1a: Lugia|Recover|p1a: Lugia\n|-heal|p1a: Lugia|59\/100\n|\n|-heal|p1a: Lugia|65\/100|[from] item: Leftovers\n|upkeep\n|turn|9\n|\n|t:|1740145672\n|switch|p2a: Miraidon|Miraidon, L50|100\/100\n|-fieldstart|move: Electric Terrain|[from] ability: Hadron Engine|[of] p2a: Miraidon\n|move|p2b: Dragonite|Extreme Speed|p1b: Toxapex\n|-damage|p1b: Toxapex|0 fnt\n|-damage|p2b: Dragonite|84\/100|[from] item: Rocky Helmet|[of] p1b: Toxapex\n|faint|p1b: Toxapex\n|move|p1a: Lugia|Recover|p1a: Lugia\n|-heal|p1a: Lugia|100\/100\n|\n|upkeep\n|\n|t:|1740145675\n|switch|p1b: Flutter Mane|Flutter Mane, L50|100\/100\n|turn|10\n|\n|t:|1740145690\n|move|p2b: Dragonite|Extreme Speed|p1a: Lugia\n|-resisted|p1a: Lugia\n|-damage|p1a: Lugia|91\/100\n|move|p1b: Flutter Mane|Moonblast|p2a: Miraidon\n|-supereffective|p2a: Miraidon\n|-damage|p2a: Miraidon|38\/100\n|move|p2a: Miraidon|Electro Drift|p1a: Lugia\n|-damage|p1a: Lugia|72\/100\n|move|p1a: Lugia|Earth Power|p2a: Miraidon\n|-supereffective|p2a: Miraidon\n|-damage|p2a: Miraidon|0 fnt\n|faint|p2a: Miraidon\n|\n|-heal|p1a: Lugia|78\/100|[from] item: Leftovers\n|upkeep\n|\n|t:|1740145702\n|switch|p2a: Tatsugiri|Tatsugiri, L50, F|100\/100\n|turn|11\n|\n|t:|1740145710\n|move|p2b: Dragonite|Extreme Speed|p1a: Lugia\n|-resisted|p1a: Lugia\n|-damage|p1a: Lugia|57\/100\n|move|p2a: Tatsugiri|Muddy Water|p1a: Lugia|[spread] p1a,p1b\n|-damage|p1a: Lugia|51\/100\n|-damage|p1b: Flutter Mane|66\/100\n|move|p1b: Flutter Mane|Moonblast|p2a: Tatsugiri\n|-supereffective|p2a: Tatsugiri\n|-damage|p2a: Tatsugiri|0 fnt\n|faint|p2a: Tatsugiri\n|move|p1a: Lugia|Recover|p1a: Lugia\n|-heal|p1a: Lugia|100\/100\n|\n|upkeep\n|turn|12\n|\n|t:|1740145719\n|move|p2b: Dragonite|Extreme Speed|p1a: Lugia\n|-resisted|p1a: Lugia\n|-damage|p1a: Lugia|91\/100\n|move|p1b: Flutter Mane|Moonblast|p2b: Dragonite\n|-damage|p2b: Dragonite|34\/100\n|move|p1a: Lugia|Aeroblast|p2b: Dragonite|[miss]\n|-miss|p1a: Lugia|p2b: Dragonite\n|\n|-heal|p1a: Lugia|97\/100|[from] item: Leftovers\n|upkeep\n|turn|13\n|\n|t:|1740145729\n|move|p2b: Dragonite|Extreme Speed|p1a: Lugia\n|-resisted|p1a: Lugia\n|-damage|p1a: Lugia|76\/100\n|move|p1b: Flutter Mane|Moonblast|p2b: Dragonite\n|-damage|p2b: Dragonite|0 fnt\n|faint|p2b: Dragonite\n|\n|win|LowPass\n|raw|LowPass's rating: 1577 &rarr; <strong>1599<\/strong><br \/>(+22 for winning)\n|raw|ryanplaytv's rating: 1615 &rarr; <strong>1593<\/strong><br \/>(-22 for losing)\n|l|\u2606ryanplaytv\n|player|p2|\n|l|\u2606LowPass\n|player|p1|\n|l| champin1402\n|l| mesugakii\n|l| 167Finish\n","uploadtime":1740145998,"views":6,"formatid":"gen9vgc2025regg","rating":1593,"private":0,"password":null}