{"id":"gen9vgc2025regg-2305061450","format":"[Gen 9] VGC 2025 Reg G","players":["ryanplaytv","blindfishptsd"],"log":"|j|\u2606ryanplaytv\n|j|\u2606blindfishptsd\n|t:|1740144002\n|gametype|doubles\n|player|p1|ryanplaytv|hiker-gen4|1639\n|player|p2|blindfishptsd|266|1560\n|teamsize|p1|6\n|teamsize|p2|6\n|gen|9\n|tier|[Gen 9] VGC 2025 Reg G\n|rated|\n|rule|Species Clause: Limit one of each Pok\u00e9mon\n|rule|Item Clause: Limit 1 of each item\n|clearpoke\n|poke|p1|Miraidon, L50|\n|poke|p1|Dondozo, L50, M|\n|poke|p1|Tatsugiri, L50, F|\n|poke|p1|Dragonite, L50, F|\n|poke|p1|Gholdengo, L50|\n|poke|p1|Chi-Yu, L50|\n|poke|p2|Alcremie, L50, F|\n|poke|p2|Calyrex-Ice, L50|\n|poke|p2|Smeargle, L50, F|\n|poke|p2|Chi-Yu, L50|\n|poke|p2|Pelipper, L50, F|\n|poke|p2|Raging Bolt, L50|\n|teampreview|4\n|\n|t:|1740144060\n|start\n|switch|p1a: Miraidon|Miraidon, L50|100\/100\n|switch|p1b: Dondozo|Dondozo, L50, M|100\/100\n|switch|p2a: absolute bs boi|Smeargle, L50, F|100\/100\n|switch|p2b: ice honse boi|Calyrex-Ice, L50|100\/100\n|-ability|p2b: ice honse boi|As One\n|-ability|p2b: ice honse boi|Unnerve\n|-fieldstart|move: Electric Terrain|[from] ability: Hadron Engine|[of] p1a: Miraidon\n|turn|1\n|\n|t:|1740144074\n|move|p2a: absolute bs boi|Fake Out|p1b: Dondozo\n|-damage|p1b: Dondozo|95\/100\n|move|p1a: Miraidon|Volt Switch|p2a: absolute bs boi\n|-enditem|p2a: absolute bs boi|Focus Sash\n|-damage|p2a: absolute bs boi|1\/100\n|\n|t:|1740144079\n|switch|p1a: Tatsugiri|Tatsugiri, L50, F|100\/100|[from] Volt Switch\n|-activate|p1a: Tatsugiri|ability: Commander|[of] p1b: Dondozo\n|-boost|p1b: Dondozo|atk|2\n|-boost|p1b: Dondozo|spa|2\n|-boost|p1b: Dondozo|spe|2\n|-boost|p1b: Dondozo|def|2\n|-boost|p1b: Dondozo|spd|2\n|cant|p1b: Dondozo|flinch\n|move|p2b: ice honse boi|Glacial Lance|p1a: Tatsugiri|[spread] p1b\n|-miss|p2b: ice honse boi|p1a: Tatsugiri\n|-resisted|p1b: Dondozo\n|-damage|p1b: Dondozo|86\/100\n|\n|-heal|p1b: Dondozo|92\/100|[from] item: Leftovers\n|upkeep\n|turn|2\n|\n|t:|1740144097\n|move|p1b: Dondozo|Order Up|p2b: ice honse boi\n|-damage|p2b: ice honse boi|70\/100\n|-boost|p1b: Dondozo|atk|1\n|move|p2a: absolute bs boi|Spore|p1b: Dondozo\n|-activate|p1b: Dondozo|move: Electric Terrain\n|move|p2b: ice honse boi|Trick Room|p2b: ice honse boi\n|-fieldstart|move: Trick Room|[of] p2b: ice honse boi\n|\n|-heal|p1b: Dondozo|98\/100|[from] item: Leftovers\n|upkeep\n|turn|3\n|\n|t:|1740144118\n|move|p2a: absolute bs boi|Follow Me|p2a: absolute bs boi\n|-singleturn|p2a: absolute bs boi|move: Follow Me\n|move|p2b: ice honse boi|High Horsepower|p1b: Dondozo\n|-damage|p1b: Dondozo|84\/100\n|move|p1b: Dondozo|Earthquake|p2a: absolute bs boi|[spread] p2a,p2b\n|-miss|p1b: Dondozo|p1a: Tatsugiri\n|-damage|p2a: absolute bs boi|0 fnt\n|-damage|p2b: ice honse boi|38\/100\n|faint|p2a: absolute bs boi\n|\n|-heal|p1b: Dondozo|90\/100|[from] item: Leftovers\n|upkeep\n|\n|t:|1740144124\n|switch|p2a: zappy boi|Raging Bolt, L50|100\/100\n|-enditem|p2a: zappy boi|Booster Energy\n|-activate|p2a: zappy boi|ability: Protosynthesis|[fromitem]\n|-start|p2a: zappy boi|protosynthesisspa\n|turn|4\n|\n|t:|1740144133\n|-terastallize|p2a: zappy boi|Electric\n|-terastallize|p1b: Dondozo|Steel\n|move|p2b: ice honse boi|Glacial Lance|p1a: Tatsugiri|[spread] p1b\n|-miss|p2b: ice honse boi|p1a: Tatsugiri\n|-resisted|p1b: Dondozo\n|-damage|p1b: Dondozo|81\/100\n|move|p2a: zappy boi|Thunderbolt|p1b: Dondozo\n|-damage|p1b: Dondozo|27\/100\n|move|p1b: Dondozo|Earthquake|p2b: ice honse boi|[spread] p2a,p2b\n|-miss|p1b: Dondozo|p1a: Tatsugiri\n|-supereffective|p2a: zappy boi\n|-damage|p2a: zappy boi|19\/100\n|-damage|p2b: ice honse boi|5\/100\n|\n|-heal|p1b: Dondozo|34\/100|[from] item: Leftovers\n|upkeep\n|turn|5\n|\n|t:|1740144175\n|move|p1b: Dondozo|Protect|p1b: Dondozo\n|-singleturn|p1b: Dondozo|Protect\n|move|p2b: ice honse boi|High Horsepower|p1b: Dondozo\n|-activate|p1b: Dondozo|move: Protect\n|move|p2a: zappy boi|Thunderbolt|p1b: Dondozo\n|-activate|p1b: Dondozo|move: Protect\n|\n|-heal|p1b: Dondozo|40\/100|[from] item: Leftovers\n|-fieldend|move: Electric Terrain\n|upkeep\n|turn|6\n|\n|t:|1740144183\n|switch|p2b: da feesh boi|Chi-Yu, L50|100\/100\n|-ability|p2b: da feesh boi|Beads of Ruin\n|move|p2a: zappy boi|Thunderbolt|p1b: Dondozo\n|-damage|p1b: Dondozo|0 fnt\n|faint|p1b: Dondozo\n|\n|-fieldend|move: Trick Room\n|upkeep\n|\n|t:|1740144196\n|switch|p1b: Miraidon|Miraidon, L50|100\/100\n|-fieldstart|move: Electric Terrain|[from] ability: Hadron Engine|[of] p1b: Miraidon\n|turn|7\n|\n|t:|1740144202\n|move|p2a: zappy boi|Thunderclap|p1a: Tatsugiri\n|-damage|p1a: Tatsugiri|0 fnt\n|faint|p1a: Tatsugiri\n|move|p2b: da feesh boi|Dark Pulse|p1b: Miraidon\n|-damage|p1b: Miraidon|66\/100\n|move|p1b: Miraidon|Volt Switch|p2b: da feesh boi\n|-damage|p2b: da feesh boi|24\/100\n|\n|t:|1740144205\n|switch|p1b: Dragonite|Dragonite, L50, F|100\/100|[from] Volt Switch\n|\n|upkeep\n|\n|t:|1740144208\n|switch|p1a: Miraidon|Miraidon, L50|66\/100\n|-activate|p1a: Miraidon|ability: Hadron Engine\n|turn|8\n|\n|t:|1740144219\n|move|p1b: Dragonite|Extreme Speed|p2b: da feesh boi\n|-damage|p2b: da feesh boi|0 fnt\n|faint|p2b: da feesh boi\n|move|p1a: Miraidon|Dazzling Gleam|p2a: zappy boi\n|-damage|p2a: zappy boi|0 fnt\n|faint|p2a: zappy boi\n|-end|p2a: zappy boi|Protosynthesis|[silent]\n|\n|upkeep\n|-message|blindfishptsd forfeited.\n|\n|win|ryanplaytv\n|raw|ryanplaytv's rating: 1639 &rarr; <strong>1655<\/strong><br \/>(+16 for winning)\n|raw|blindfishptsd's rating: 1560 &rarr; <strong>1544<\/strong><br \/>(-16 for losing)\n|l|\u2606blindfishptsd\n|player|p2|\n|l|\u2606ryanplaytv\n|player|p1|\n","uploadtime":1740144472,"views":5,"formatid":"gen9vgc2025regg","rating":1544,"private":0,"password":null}