{"id":"gen9vgc2025regg-2305735861","format":"[Gen 9] VGC 2025 Reg G","players":["Winters4","Ducktile"],"log":"|j|\u2606Winters4\n|j|\u2606Ducktile\n|t:|1740238869\n|gametype|doubles\n|player|p1|Winters4|swimmerf|1632\n|player|p2|Ducktile|grimsley|1635\n|teamsize|p1|6\n|teamsize|p2|6\n|gen|9\n|tier|[Gen 9] VGC 2025 Reg G\n|rated|\n|rule|Species Clause: Limit one of each Pok\u00e9mon\n|rule|Item Clause: Limit 1 of each item\n|clearpoke\n|poke|p1|Calyrex-Ice, L50|\n|poke|p1|Raging Bolt, L50|\n|poke|p1|Rillaboom, L50, F|\n|poke|p1|Urshifu-*, L50, F|\n|poke|p1|Chi-Yu, L50|\n|poke|p1|Ogerpon-Cornerstone, L50, F|\n|poke|p2|Tatsugiri, L50, M|\n|poke|p2|Chi-Yu, L50|\n|poke|p2|Dragonite, L50, M|\n|poke|p2|Dondozo, L50, M|\n|poke|p2|Gholdengo, L50|\n|poke|p2|Miraidon, L50|\n|teampreview|4\n|inactive|Battle timer is ON: inactive players will automatically lose when time's up. (requested by Winters4)\n|\n|t:|1740238885\n|start\n|switch|p1a: Rillaboom|Rillaboom, L50, F|100\/100\n|switch|p1b: Calyrex|Calyrex-Ice, L50|100\/100\n|switch|p2a: Chi-Yu|Chi-Yu, L50|100\/100\n|switch|p2b: Miraidon|Miraidon, L50|100\/100\n|-ability|p1b: Calyrex|As One\n|-ability|p1b: Calyrex|Unnerve\n|-fieldstart|move: Electric Terrain|[from] ability: Hadron Engine|[of] p2b: Miraidon\n|-ability|p2a: Chi-Yu|Beads of Ruin\n|-fieldstart|move: Grassy Terrain|[from] ability: Grassy Surge|[of] p1a: Rillaboom\n|turn|1\n|\n|t:|1740238907\n|-terastallize|p1b: Calyrex|Water\n|move|p1a: Rillaboom|Fake Out|p2b: Miraidon\n|-damage|p2b: Miraidon|88\/100\n|cant|p2b: Miraidon|flinch\n|move|p2a: Chi-Yu|Heat Wave|p1a: Rillaboom|[spread] p1a,p1b\n|-supereffective|p1a: Rillaboom\n|-resisted|p1b: Calyrex\n|-damage|p1a: Rillaboom|28\/100\n|-damage|p1b: Calyrex|82\/100\n|move|p1b: Calyrex|Glacial Lance|p2a: Chi-Yu|[spread] p2a,p2b\n|-resisted|p2a: Chi-Yu\n|-supereffective|p2b: Miraidon\n|-damage|p2a: Chi-Yu|51\/100\n|-damage|p2b: Miraidon|0 fnt\n|faint|p2b: Miraidon\n|-ability|p1b: Calyrex|Chilling Neigh|boost\n|-boost|p1b: Calyrex|atk|1\n|\n|-heal|p2a: Chi-Yu|57\/100|[from] Grassy Terrain\n|-heal|p1a: Rillaboom|34\/100|[from] Grassy Terrain\n|-heal|p1b: Calyrex|87\/100|[from] Grassy Terrain\n|upkeep\n|\n|t:|1740238920\n|switch|p2b: Dondozo|Dondozo, L50, M|100\/100\n|turn|2\n|\n|t:|1740238937\n|switch|p1a: Urshifu|Urshifu-Rapid-Strike, L50, F|100\/100\n|move|p2b: Dondozo|Protect|p2b: Dondozo\n|-singleturn|p2b: Dondozo|Protect\n|move|p2a: Chi-Yu|Heat Wave|p1b: Calyrex|[spread] p1a,p1b\n|-resisted|p1a: Urshifu\n|-resisted|p1b: Calyrex\n|-damage|p1a: Urshifu|58\/100\n|-damage|p1b: Calyrex|69\/100\n|move|p1b: Calyrex|Glacial Lance|p2b: Dondozo|[spread] p2a\n|-activate|p2b: Dondozo|move: Protect\n|-resisted|p2a: Chi-Yu\n|-damage|p2a: Chi-Yu|0 fnt\n|faint|p2a: Chi-Yu\n|-ability|p1b: Calyrex|Chilling Neigh|boost\n|-boost|p1b: Calyrex|atk|1\n|\n|-heal|p1a: Urshifu|64\/100|[from] Grassy Terrain\n|-heal|p1b: Calyrex|75\/100|[from] Grassy Terrain\n|upkeep\n|\n|t:|1740238941\n|switch|p2a: Tatsugiri|Tatsugiri, L50, M|100\/100\n|-activate|p2a: Tatsugiri|ability: Commander|[of] p2b: Dondozo\n|-boost|p2b: Dondozo|atk|2\n|-boost|p2b: Dondozo|spa|2\n|-boost|p2b: Dondozo|spe|2\n|-boost|p2b: Dondozo|def|2\n|-boost|p2b: Dondozo|spd|2\n|turn|3\n|\n|t:|1740238951\n|move|p1a: Urshifu|Detect|p1a: Urshifu\n|-singleturn|p1a: Urshifu|Protect\n|move|p2b: Dondozo|Order Up|p1b: Calyrex\n|-damage|p1b: Calyrex|47\/100\n|-boost|p2b: Dondozo|atk|1\n|move|p1b: Calyrex|Trick Room|p1b: Calyrex\n|-fieldstart|move: Trick Room|[of] p1b: Calyrex\n|\n|-heal|p1b: Calyrex|53\/100|[from] Grassy Terrain\n|-heal|p1a: Urshifu|70\/100|[from] Grassy Terrain\n|upkeep\n|turn|4\n|inactive|Winters4 has 30 seconds left.\n|inactive|Winters4 has 20 seconds left.\n|inactive|Winters4 has 15 seconds left.\n|\n|t:|1740238992\n|move|p1b: Calyrex|High Horsepower|p2b: Dondozo\n|-damage|p2b: Dondozo|86\/100\n|move|p1a: Urshifu|Surging Strikes|p2b: Dondozo\n|-resisted|p2b: Dondozo\n|-crit|p2b: Dondozo\n|-damage|p2b: Dondozo|78\/100\n|-resisted|p2b: Dondozo\n|-crit|p2b: Dondozo\n|-damage|p2b: Dondozo|70\/100\n|-resisted|p2b: Dondozo\n|-crit|p2b: Dondozo\n|-damage|p2b: Dondozo|63\/100\n|-hitcount|p2b: Dondozo|3\n|move|p2b: Dondozo|Order Up|p1b: Calyrex\n|-damage|p1b: Calyrex|15\/100\n|-boost|p2b: Dondozo|atk|1\n|\n|-heal|p1b: Calyrex|21\/100|[from] Grassy Terrain\n|-heal|p1a: Urshifu|77\/100|[from] Grassy Terrain\n|-heal|p2b: Dondozo|69\/100|[from] Grassy Terrain\n|-heal|p2b: Dondozo|75\/100|[from] item: Leftovers\n|upkeep\n|turn|5\n|\n|t:|1740239007\n|move|p1a: Urshifu|Detect|p1a: Urshifu\n|-singleturn|p1a: Urshifu|Protect\n|move|p1b: Calyrex|High Horsepower|p2b: Dondozo\n|-damage|p2b: Dondozo|61\/100\n|move|p2b: Dondozo|Earthquake|p1a: Urshifu|[spread] p1b\n|-miss|p2b: Dondozo|p2a: Tatsugiri\n|-activate|p1a: Urshifu|move: Protect\n|-damage|p1b: Calyrex|0 fnt\n|faint|p1b: Calyrex\n|\n|-heal|p1a: Urshifu|83\/100|[from] Grassy Terrain\n|-heal|p2b: Dondozo|67\/100|[from] Grassy Terrain\n|-heal|p2b: Dondozo|74\/100|[from] item: Leftovers\n|-fieldend|move: Grassy Terrain\n|upkeep\n|\n|t:|1740239014\n|switch|p1b: Rillaboom|Rillaboom, L50, F|34\/100\n|-fieldstart|move: Grassy Terrain|[from] ability: Grassy Surge|[of] p1b: Rillaboom\n|turn|6\n|\n|t:|1740239024\n|move|p2b: Dondozo|Protect|p2b: Dondozo\n|-singleturn|p2b: Dondozo|Protect\n|move|p1b: Rillaboom|Fake Out|p2b: Dondozo\n|-activate|p2b: Dondozo|move: Protect\n|move|p1a: Urshifu|Surging Strikes|p2b: Dondozo\n|-resisted|p2b: Dondozo\n|-crit|p2b: Dondozo\n|-damage|p2b: Dondozo|66\/100\n|-resisted|p2b: Dondozo\n|-crit|p2b: Dondozo\n|-damage|p2b: Dondozo|58\/100\n|-resisted|p2b: Dondozo\n|-crit|p2b: Dondozo\n|-damage|p2b: Dondozo|51\/100\n|-hitcount|p2b: Dondozo|3\n|\n|-heal|p1b: Rillaboom|40\/100|[from] Grassy Terrain\n|-heal|p1a: Urshifu|89\/100|[from] Grassy Terrain\n|-heal|p2b: Dondozo|57\/100|[from] Grassy Terrain\n|-heal|p2b: Dondozo|63\/100|[from] item: Leftovers\n|upkeep\n|turn|7\n|\n|t:|1740239040\n|-terastallize|p2b: Dondozo|Grass\n|move|p1b: Rillaboom|Wood Hammer|p2b: Dondozo\n|-resisted|p2b: Dondozo\n|-damage|p2b: Dondozo|51\/100\n|-damage|p1b: Rillaboom|35\/100|[from] Recoil\n|move|p1a: Urshifu|Surging Strikes|p2b: Dondozo\n|-resisted|p2b: Dondozo\n|-crit|p2b: Dondozo\n|-damage|p2b: Dondozo|43\/100\n|-resisted|p2b: Dondozo\n|-crit|p2b: Dondozo\n|-damage|p2b: Dondozo|35\/100\n|-resisted|p2b: Dondozo\n|-crit|p2b: Dondozo\n|-damage|p2b: Dondozo|28\/100\n|-hitcount|p2b: Dondozo|3\n|move|p2b: Dondozo|Order Up|p1a: Urshifu\n|-damage|p1a: Urshifu|15\/100\n|-boost|p2b: Dondozo|atk|1\n|\n|-heal|p1b: Rillaboom|41\/100|[from] Grassy Terrain\n|-heal|p1a: Urshifu|21\/100|[from] Grassy Terrain\n|-heal|p2b: Dondozo|34\/100|[from] Grassy Terrain\n|-heal|p2b: Dondozo|40\/100|[from] item: Leftovers\n|-fieldend|move: Trick Room\n|upkeep\n|turn|8\n|\n|t:|1740239058\n|move|p1a: Urshifu|Detect|p1a: Urshifu\n|-singleturn|p1a: Urshifu|Protect\n|move|p2b: Dondozo|Order Up|p1b: Rillaboom\n|-damage|p1b: Rillaboom|0 fnt\n|faint|p1b: Rillaboom\n|-boost|p2b: Dondozo|atk|1\n|\n|-heal|p2b: Dondozo|47\/100|[from] Grassy Terrain\n|-heal|p2b: Dondozo|53\/100|[from] item: Leftovers\n|-heal|p1a: Urshifu|27\/100|[from] Grassy Terrain\n|upkeep\n|\n|t:|1740239063\n|switch|p1b: Raging Bolt|Raging Bolt, L50|100\/100\n|-enditem|p1b: Raging Bolt|Booster Energy\n|-activate|p1b: Raging Bolt|ability: Protosynthesis|[fromitem]\n|-start|p1b: Raging Bolt|protosynthesisspa\n|turn|9\n|\n|t:|1740239071\n|move|p2b: Dondozo|Order Up|p1b: Raging Bolt\n|-supereffective|p1b: Raging Bolt\n|-damage|p1b: Raging Bolt|0 fnt\n|faint|p1b: Raging Bolt\n|-end|p1b: Raging Bolt|Protosynthesis|[silent]\n|-boost|p2b: Dondozo|atk|0\n|move|p1a: Urshifu|Close Combat|p2b: Dondozo\n|-damage|p2b: Dondozo|27\/100\n|-unboost|p1a: Urshifu|def|1\n|-unboost|p1a: Urshifu|spd|1\n|\n|-heal|p2b: Dondozo|33\/100|[from] Grassy Terrain\n|-heal|p2b: Dondozo|39\/100|[from] item: Leftovers\n|-heal|p1a: Urshifu|33\/100|[from] Grassy Terrain\n|upkeep\n|turn|10\n|-message|Winters4 forfeited.\n|\n|win|Ducktile\n|raw|Winters4's rating: 1632 &rarr; <strong>1612<\/strong><br \/>(-20 for losing)\n|raw|Ducktile's rating: 1635 &rarr; <strong>1655<\/strong><br \/>(+20 for winning)\n|l|\u2606Winters4\n|player|p1|\n|l|\u2606Ducktile\n|player|p2|\n","uploadtime":1740239224,"views":3,"formatid":"gen9vgc2025regg","rating":1612,"private":0,"password":null}