{"id":"gen9vgc2025regg-2305281371","format":"[Gen 9] VGC 2025 Reg G","players":["Lechonkbro","elvegis1"],"log":"|j|\u2606Lechonkbro\n|j|\u2606elvegis1\n|t:|1740167574\n|gametype|doubles\n|player|p1|Lechonkbro|ghetsis-gen5bw|1592\n|player|p2|elvegis1|lucas|1727\n|teamsize|p1|6\n|teamsize|p2|6\n|gen|9\n|tier|[Gen 9] VGC 2025 Reg G\n|rated|\n|rule|Species Clause: Limit one of each Pok\u00e9mon\n|rule|Item Clause: Limit 1 of each item\n|clearpoke\n|poke|p1|Miraidon, L50|\n|poke|p1|Incineroar, L50, M|\n|poke|p1|Oranguru, L50, M|\n|poke|p1|Clefairy, L50, F|\n|poke|p1|Baxcalibur, L50, M|\n|poke|p1|Whimsicott, L50, M|\n|poke|p2|Calyrex-Shadow, L50|\n|poke|p2|Urshifu-*, L50, M|\n|poke|p2|Whimsicott, L50, M|\n|poke|p2|Incineroar, L50, F|\n|poke|p2|Ditto, L50|\n|poke|p2|Raging Bolt, L50|\n|teampreview|4\n|inactive|Battle timer is ON: inactive players will automatically lose when time's up. (requested by elvegis1)\n|inactive|Lechonkbro has 60 seconds left.\n|\n|t:|1740167612\n|start\n|switch|p1a: Miraidon|Miraidon, L50|100\/100\n|switch|p1b: Oranguru|Oranguru, L50, M|100\/100\n|switch|p2a: Ditto|Ditto, L50|100\/100\n|switch|p2b: Urshifu|Urshifu-Rapid-Strike, L50, M|100\/100\n|-fieldstart|move: Electric Terrain|[from] ability: Hadron Engine|[of] p1a: Miraidon\n|-enditem|p1a: Miraidon|Electric Seed\n|-boost|p1a: Miraidon|def|1|[from] item: Electric Seed\n|-activate|p1b: Oranguru|ability: Symbiosis|Covert Cloak|[of] p1a: Miraidon\n|-transform|p2a: Ditto|p1b: Oranguru|[from] ability: Imposter\n|turn|1\n|j| hideonbusu\n|inactive|elvegis1 has 30 seconds left.\n|\n|t:|1740167643\n|move|p2b: Urshifu|Detect|p2b: Urshifu\n|-singleturn|p2b: Urshifu|Protect\n|move|p1a: Miraidon|Calm Mind|p1a: Miraidon\n|-boost|p1a: Miraidon|spa|1\n|-boost|p1a: Miraidon|spd|1\n|move|p1b: Oranguru|Instruct|p1a: Miraidon\n|-singleturn|p1a: Miraidon|move: Instruct|[of] p1b: Oranguru\n|move|p1a: Miraidon|Calm Mind|p1a: Miraidon\n|-boost|p1a: Miraidon|spa|1\n|-boost|p1a: Miraidon|spd|1\n|move|p2a: Ditto|Trick Room|p2a: Ditto\n|-fieldstart|move: Trick Room|[of] p2a: Ditto\n|\n|upkeep\n|turn|2\n|inactive|Lechonkbro has 30 seconds left.\n|inactive|elvegis1 has 30 seconds left.\n|inactive|Lechonkbro has 20 seconds left.\n|inactive|elvegis1 has 20 seconds left.\n|\n|t:|1740167688\n|move|p1b: Oranguru|Taunt|p2a: Ditto\n|-start|p2a: Ditto|move: Taunt\n|cant|p2a: Ditto|move: Taunt|Taunt\n|move|p2b: Urshifu|Surging Strikes|p1b: Oranguru\n|-crit|p1b: Oranguru\n|-damage|p1b: Oranguru|81\/100\n|-crit|p1b: Oranguru\n|-damage|p1b: Oranguru|58\/100\n|-crit|p1b: Oranguru\n|-damage|p1b: Oranguru|38\/100\n|-hitcount|p1b: Oranguru|3\n|move|p1a: Miraidon|Parabolic Charge|p2a: Ditto|[spread] p1b,p2a,p2b\n|-supereffective|p2b: Urshifu\n|-damage|p1b: Oranguru|0 fnt\n|-damage|p2a: Ditto|17\/100\n|-damage|p2b: Urshifu|0 fnt\n|faint|p1b: Oranguru\n|faint|p2b: Urshifu\n|\n|upkeep\n|\n|t:|1740167711\n|switch|p1b: Clefairy|Clefairy, L50, F|100\/100\n|switch|p2b: Raging Bolt|Raging Bolt, L50|100\/100\n|turn|3\n|\n|t:|1740167722\n|move|p1b: Clefairy|Follow Me|p1b: Clefairy\n|-singleturn|p1b: Clefairy|move: Follow Me\n|move|p2a: Ditto|Foul Play|p1b: Clefairy\n|-resisted|p1b: Clefairy\n|-damage|p1b: Clefairy|96\/100\n|move|p2b: Raging Bolt|Thunderbolt|p1b: Clefairy\n|-damage|p1b: Clefairy|49\/100\n|move|p1a: Miraidon|Dragon Pulse|p2b: Raging Bolt\n|-supereffective|p2b: Raging Bolt\n|-damage|p2b: Raging Bolt|0 fnt\n|faint|p2b: Raging Bolt\n|-end|p2b: Raging Bolt|Protosynthesis|[silent]\n|\n|upkeep\n|\n|t:|1740167732\n|switch|p2b: Calyrex|Calyrex-Shadow, L50|100\/100\n|-ability|p2b: Calyrex|As One\n|-ability|p2b: Calyrex|Unnerve\n|turn|4\n|\n|t:|1740167740\n|move|p1b: Clefairy|Protect|p1b: Clefairy\n|-singleturn|p1b: Clefairy|Protect\n|move|p2b: Calyrex|Protect|p2b: Calyrex\n|-singleturn|p2b: Calyrex|Protect\n|move|p2a: Ditto|Foul Play|p1b: Clefairy\n|-activate|p1b: Clefairy|move: Protect\n|move|p1a: Miraidon|Parabolic Charge|p2a: Ditto|[spread] p2a\n|-activate|p1b: Clefairy|move: Protect\n|-activate|p2b: Calyrex|move: Protect\n|-damage|p2a: Ditto|0 fnt\n|faint|p2a: Ditto\n|\n|upkeep\n|turn|5\n|\n|t:|1740167758\n|move|p1b: Clefairy|After You|p1a: Miraidon\n|-activate|p1a: Miraidon|move: After You\n|move|p1a: Miraidon|Parabolic Charge|p2b: Calyrex|[spread] p1b,p2b\n|-damage|p1b: Clefairy|0 fnt\n|-damage|p2b: Calyrex|31\/100\n|faint|p1b: Clefairy\n|move|p2b: Calyrex|Astral Barrage|p1a: Miraidon\n|-damage|p1a: Miraidon|69\/100\n|\n|-fieldend|move: Trick Room\n|-fieldend|move: Electric Terrain\n|upkeep\n|\n|t:|1740167770\n|switch|p1b: Incineroar|Incineroar, L50, M|100\/100\n|-ability|p1b: Incineroar|Intimidate|boost\n|-unboost|p2b: Calyrex|atk|1\n|turn|6\n|\n|t:|1740167777\n|-terastallize|p2b: Calyrex|Water\n|move|p1a: Miraidon|Protect|p1a: Miraidon\n|-singleturn|p1a: Miraidon|Protect\n|move|p2b: Calyrex|Tera Blast|p1b: Incineroar|[anim] Tera Blast Water\n|-supereffective|p1b: Incineroar\n|-damage|p1b: Incineroar|14\/100\n|move|p1b: Incineroar|Knock Off|p2b: Calyrex\n|-damage|p2b: Calyrex|0 fnt\n|-enditem|p2b: Calyrex|Spell Tag|[from] move: Knock Off|[of] p1b: Incineroar\n|-enditem|p1b: Incineroar|Sitrus Berry|[eat]\n|-heal|p1b: Incineroar|39\/100|[from] item: Sitrus Berry\n|faint|p2b: Calyrex\n|\n|win|Lechonkbro\n|raw|Lechonkbro's rating: 1592 &rarr; <strong>1619<\/strong><br \/>(+27 for winning)\n|raw|elvegis1's rating: 1727 &rarr; <strong>1700<\/strong><br \/>(-27 for losing)\n|l|\u2606elvegis1\n|player|p2|\n|l|\u2606Lechonkbro\n|player|p1|\n","uploadtime":1740167957,"views":6,"formatid":"gen9vgc2025regg","rating":1619,"private":0,"password":null}