{"id":"gen9vgc2025regg-2305302120","format":"[Gen 9] VGC 2025 Reg G","players":["The Slimmest Jesus","pneumatictoad"],"log":"|j|\u2606The Slimmest Jesus\n|j|\u2606pneumatictoad\n|t:|1740169846\n|gametype|doubles\n|player|p1|The Slimmest Jesus|266|1655\n|player|p2|pneumatictoad|2|1685\n|teamsize|p1|6\n|teamsize|p2|6\n|gen|9\n|tier|[Gen 9] VGC 2025 Reg G\n|rated|\n|rule|Species Clause: Limit one of each Pok\u00e9mon\n|rule|Item Clause: Limit 1 of each item\n|clearpoke\n|poke|p1|Indeedee-F, L50, F|\n|poke|p1|Regidrago, L50|\n|poke|p1|Torkoal, L50, M|\n|poke|p1|Gallade, L50, M|\n|poke|p1|Calyrex-Ice, L50|\n|poke|p1|Lilligant-Hisui, L50, F|\n|poke|p2|Calyrex-Ice, L50|\n|poke|p2|Trapinch, L50, M|\n|poke|p2|Annihilape, L50, F|\n|poke|p2|Pelipper, L50, M|\n|poke|p2|Jigglypuff, L50, F|\n|poke|p2|Ogerpon-Hearthflame, L50, F|\n|teampreview|4\n|j| 2-2-2 Ape\n|l| 2-2-2 Ape\n|inactive|Battle timer is ON: inactive players will automatically lose when time's up. (requested by The Slimmest Jesus)\n|inactive|The Slimmest Jesus has 60 seconds left.\n|inactive|The Slimmest Jesus has 30 seconds left.\n|inactive|The Slimmest Jesus has 20 seconds left.\n|\n|t:|1740169940\n|start\n|switch|p1a: Calyrex|Calyrex-Ice, L50|100\/100\n|switch|p1b: Indeedee|Indeedee-F, L50, F|100\/100\n|switch|p2a: Annihilape|Annihilape, L50, F|100\/100\n|switch|p2b: Ogerpon|Ogerpon-Hearthflame, L50, F|100\/100\n|-ability|p1a: Calyrex|As One\n|-ability|p1a: Calyrex|Unnerve\n|-ability|p2b: Ogerpon|Mold Breaker\n|-fieldstart|move: Psychic Terrain|[from] ability: Psychic Surge|[of] p1b: Indeedee\n|turn|1\n|j| tetsuokaga\n|inactive|The Slimmest Jesus has 30 seconds left.\n|inactive|pneumatictoad has 30 seconds left.\n|inactive|The Slimmest Jesus has 20 seconds left.\n|inactive|pneumatictoad has 20 seconds left.\n|inactive|The Slimmest Jesus has 15 seconds left.\n|inactive|pneumatictoad has 15 seconds left.\n|inactive|The Slimmest Jesus has 10 seconds left.\n|inactive|The Slimmest Jesus has 5 seconds left.\n|\n|t:|1740169992\n|-terastallize|p2b: Ogerpon|Fire\n|detailschange|p2b: Ogerpon|Ogerpon-Hearthflame-Tera, L50, F, tera:Fire\n|-ability|p2b: Ogerpon|Embody Aspect (Hearthflame)|boost\n|-boost|p2b: Ogerpon|atk|1\n|-terastallize|p1a: Calyrex|Normal\n|move|p1b: Indeedee|Follow Me|p1b: Indeedee\n|-singleturn|p1b: Indeedee|move: Follow Me\n|move|p2a: Annihilape|Coaching|p2b: Ogerpon\n|-boost|p2b: Ogerpon|atk|1\n|-boost|p2b: Ogerpon|def|1\n|move|p2b: Ogerpon|Ivy Cudgel|p1b: Indeedee|[anim] Ivy Cudgel Fire\n|-damage|p1b: Indeedee|0 fnt\n|faint|p1b: Indeedee\n|move|p1a: Calyrex|Trick Room|p1a: Calyrex\n|-fieldstart|move: Trick Room|[of] p1a: Calyrex\n|\n|upkeep\n|\n|t:|1740170006\n|switch|p1b: Regidrago|Regidrago, L50|100\/100\n|turn|2\n|inactive|pneumatictoad has 30 seconds left.\n|\n|t:|1740170035\n|move|p2b: Ogerpon|Spiky Shield|p2b: Ogerpon\n|-singleturn|p2b: Ogerpon|move: Protect\n|move|p1b: Regidrago|Dragon Energy|p2a: Annihilape|[spread] p2a\n|-activate|p2b: Ogerpon|move: Protect\n|-damage|p2a: Annihilape|24\/100\n|move|p1a: Calyrex|Close Combat|p2b: Ogerpon\n|-activate|p2b: Ogerpon|move: Protect\n|-damage|p1a: Calyrex|88\/100|[from] Spiky Shield|[of] p2b: Ogerpon\n|move|p2a: Annihilape|Coaching|p2b: Ogerpon\n|-boost|p2b: Ogerpon|atk|1\n|-boost|p2b: Ogerpon|def|1\n|\n|upkeep\n|turn|3\n|\n|t:|1740170051\n|move|p1b: Regidrago|Dragon Energy|p2b: Ogerpon|[spread] p2a,p2b\n|-damage|p2a: Annihilape|0 fnt\n|-damage|p2b: Ogerpon|1\/100\n|faint|p2a: Annihilape\n|move|p1a: Calyrex|Close Combat|p2b: Ogerpon\n|-damage|p2b: Ogerpon|0 fnt\n|-unboost|p1a: Calyrex|def|1\n|-unboost|p1a: Calyrex|spd|1\n|-enditem|p1a: Calyrex|White Herb\n|-clearnegativeboost|p1a: Calyrex|[silent]\n|faint|p2b: Ogerpon\n|-ability|p1a: Calyrex|Chilling Neigh|boost\n|-boost|p1a: Calyrex|atk|1\n|\n|upkeep\n|\n|t:|1740170055\n|switch|p2a: Calyrex|Calyrex-Ice, L50|100\/100\n|switch|p2b: Pelipper|Pelipper, L50, M|100\/100\n|-ability|p2a: Calyrex|As One\n|-ability|p2a: Calyrex|Unnerve\n|-weather|RainDance|[from] ability: Drizzle|[of] p2b: Pelipper\n|turn|4\n|inactive|The Slimmest Jesus has 30 seconds left.\n|inactive|The Slimmest Jesus has 20 seconds left.\n|inactive|The Slimmest Jesus has 15 seconds left.\n|inactive|The Slimmest Jesus has 10 seconds left.\n|\n|t:|1740170101\n|move|p1b: Regidrago|Protect|p1b: Regidrago\n|-singleturn|p1b: Regidrago|Protect\n|move|p1a: Calyrex|Protect|p1a: Calyrex\n|-singleturn|p1a: Calyrex|Protect\n|move|p2a: Calyrex|Glacial Lance|p1b: Regidrago|[spread] \n|-activate|p1a: Calyrex|move: Protect\n|-activate|p1b: Regidrago|move: Protect\n|move|p2b: Pelipper|Weather Ball|p1b: Regidrago\n|-activate|p1b: Regidrago|move: Protect\n|\n|-weather|RainDance|[upkeep]\n|upkeep\n|turn|5\n|\n|t:|1740170122\n|move|p1b: Regidrago|Dragon Pulse|p2b: Pelipper\n|-damage|p2b: Pelipper|19\/100\n|move|p1a: Calyrex|Close Combat|p2b: Pelipper\n|-resisted|p2b: Pelipper\n|-damage|p2b: Pelipper|0 fnt\n|-unboost|p1a: Calyrex|def|1\n|-unboost|p1a: Calyrex|spd|1\n|faint|p2b: Pelipper\n|-ability|p1a: Calyrex|Chilling Neigh|boost\n|-boost|p1a: Calyrex|atk|1\n|move|p2a: Calyrex|Glacial Lance|p1b: Regidrago|[spread] p1a,p1b\n|-supereffective|p1b: Regidrago\n|-damage|p1a: Calyrex|30\/100\n|-damage|p1b: Regidrago|0 fnt\n|faint|p1b: Regidrago\n|-ability|p2a: Calyrex|Chilling Neigh|boost\n|-boost|p2a: Calyrex|atk|1\n|\n|-weather|RainDance|[upkeep]\n|-fieldend|move: Trick Room\n|-fieldend|move: Psychic Terrain\n|upkeep\n|\n|t:|1740170142\n|switch|p1b: Lilligant|Lilligant-Hisui, L50, F|100\/100\n|turn|6\n|\n|t:|1740170157\n|move|p1b: Lilligant|After You|p1a: Calyrex\n|-activate|p1a: Calyrex|move: After You\n|move|p1a: Calyrex|Close Combat|p2a: Calyrex\n|-damage|p2a: Calyrex|40\/100\n|-unboost|p1a: Calyrex|def|1\n|-unboost|p1a: Calyrex|spd|1\n|move|p2a: Calyrex|Glacial Lance|p1b: Lilligant|[spread] p1a,p1b\n|-supereffective|p1b: Lilligant\n|-damage|p1a: Calyrex|0 fnt\n|-enditem|p1b: Lilligant|Focus Sash\n|-damage|p1b: Lilligant|1\/100\n|faint|p1a: Calyrex\n|-ability|p2a: Calyrex|Chilling Neigh|boost\n|-boost|p2a: Calyrex|atk|1\n|\n|-weather|RainDance|[upkeep]\n|upkeep\n|turn|7\n|\n|t:|1740170169\n|move|p1b: Lilligant|Close Combat|p2a: Calyrex\n|-damage|p2a: Calyrex|9\/100\n|-unboost|p1b: Lilligant|def|1\n|-unboost|p1b: Lilligant|spd|1\n|move|p2a: Calyrex|Glacial Lance|p1b: Lilligant\n|-supereffective|p1b: Lilligant\n|-damage|p1b: Lilligant|0 fnt\n|faint|p1b: Lilligant\n|\n|win|pneumatictoad\n|raw|The Slimmest Jesus's rating: 1655 &rarr; <strong>1637<\/strong><br \/>(-18 for losing)\n|raw|pneumatictoad's rating: 1698 &rarr; <strong>1716<\/strong><br \/>(+18 for winning)\n|c|\u2606pneumatictoad|gg\n|l| tetsuokaga\n|l|\u2606pneumatictoad\n|player|p2|\n","uploadtime":1740170193,"views":14,"formatid":"gen9vgc2025regg","rating":1637,"private":0,"password":null}