{"id":"gen9vgc2025regg-2305260805","format":"[Gen 9] VGC 2025 Reg G","players":["carmeloball","xatseye"],"log":"|j|\u2606carmeloball\n|j|\u2606xatseye\n|t:|1740165375\n|gametype|doubles\n|player|p1|carmeloball|169|1661\n|player|p2|xatseye|unknown|1647\n|teamsize|p1|6\n|teamsize|p2|6\n|gen|9\n|tier|[Gen 9] VGC 2025 Reg G\n|rated|\n|rule|Species Clause: Limit one of each Pok\u00e9mon\n|rule|Item Clause: Limit 1 of each item\n|clearpoke\n|poke|p1|Terapagos, L50, M|\n|poke|p1|Amoonguss, L50, M|\n|poke|p1|Iron Hands, L50|\n|poke|p1|Flutter Mane, L50|\n|poke|p1|Chi-Yu, L50|\n|poke|p1|Urshifu-*, L50, F|\n|poke|p2|Miraidon, L50|\n|poke|p2|Incineroar, L50, F|\n|poke|p2|Oranguru, L50, F|\n|poke|p2|Clefairy, L50, F|\n|poke|p2|Baxcalibur, L50, F|\n|poke|p2|Whimsicott, L50, F|\n|teampreview|4\n|inactive|Battle timer is ON: inactive players will automatically lose when time's up. (requested by xatseye)\n|j| tetsuokaga\n|inactive|xatseye has 60 seconds left.\n|\n|t:|1740165407\n|start\n|switch|p1a: Terapagos|Terapagos, L50, M|100\/100\n|switch|p1b: Flutter Mane|Flutter Mane, L50|100\/100\n|switch|p2a: Baxcalibur|Baxcalibur, L50, F|100\/100\n|switch|p2b: Whimsicott|Whimsicott, L50, F|100\/100\n|-activate|p1a: Terapagos|ability: Tera Shift\n|detailschange|p1a: Terapagos|Terapagos-Terastal, L50, M\n|-heal|p1a: Terapagos|100\/100|[silent]\n|-enditem|p1b: Flutter Mane|Booster Energy\n|-activate|p1b: Flutter Mane|ability: Protosynthesis|[fromitem]\n|-start|p1b: Flutter Mane|protosynthesisspe\n|turn|1\n|inactive|carmeloball has 30 seconds left.\n|\n|t:|1740165435\n|move|p2b: Whimsicott|Tailwind|p2b: Whimsicott\n|-sidestart|p2: xatseye|move: Tailwind\n|move|p2a: Baxcalibur|Icicle Spear|p1b: Flutter Mane\n|-damage|p1b: Flutter Mane|76\/100\n|-damage|p1b: Flutter Mane|52\/100\n|-damage|p1b: Flutter Mane|30\/100\n|-damage|p1b: Flutter Mane|9\/100\n|-damage|p1b: Flutter Mane|0 fnt\n|faint|p1b: Flutter Mane\n|-end|p1b: Flutter Mane|Protosynthesis|[silent]\n|-hitcount|p1: Flutter Mane|5\n|move|p1a: Terapagos|Tera Starstorm|p2b: Whimsicott\n|-damage|p2b: Whimsicott|3\/100\n|\n|upkeep\n|\n|t:|1740165450\n|switch|p1b: Iron Hands|Iron Hands, L50|100\/100\n|turn|2\n|\n|t:|1740165463\n|move|p2b: Whimsicott|Protect|p2b: Whimsicott\n|-singleturn|p2b: Whimsicott|Protect\n|move|p2a: Baxcalibur|Protect|p2a: Baxcalibur\n|-singleturn|p2a: Baxcalibur|Protect\n|move|p1b: Iron Hands|Fake Out|p2a: Baxcalibur\n|-activate|p2a: Baxcalibur|move: Protect\n|move|p1a: Terapagos|Tera Starstorm|p2b: Whimsicott\n|-activate|p2b: Whimsicott|move: Protect\n|\n|upkeep\n|turn|3\n|\n|t:|1740165477\n|move|p2b: Whimsicott|Encore|p1b: Iron Hands\n|-start|p1b: Iron Hands|Encore\n|move|p2a: Baxcalibur|Icicle Spear|p1a: Terapagos\n|-activate|p1a: Terapagos|ability: Tera Shell\n|-resisted|p1a: Terapagos\n|-damage|p1a: Terapagos|93\/100\n|-resisted|p1a: Terapagos\n|-damage|p1a: Terapagos|85\/100\n|-resisted|p1a: Terapagos\n|-damage|p1a: Terapagos|78\/100\n|-resisted|p1a: Terapagos\n|-damage|p1a: Terapagos|71\/100\n|-resisted|p1a: Terapagos\n|-damage|p1a: Terapagos|64\/100\n|-hitcount|p1a: Terapagos|5\n|move|p1a: Terapagos|Tera Starstorm|p2b: Whimsicott\n|-damage|p2b: Whimsicott|0 fnt\n|faint|p2b: Whimsicott\n|move|p1b: Iron Hands|Fake Out||[still]\n|-hint|Fake Out only works on your first turn out.\n|-fail|p1b: Iron Hands\n|\n|upkeep\n|\n|t:|1740165494\n|switch|p2b: Miraidon|Miraidon, L50|100\/100\n|-fieldstart|move: Electric Terrain|[from] ability: Hadron Engine|[of] p2b: Miraidon\n|-enditem|p2b: Miraidon|Electric Seed\n|-boost|p2b: Miraidon|def|1|[from] item: Electric Seed\n|-activate|p1b: Iron Hands|ability: Quark Drive\n|-start|p1b: Iron Hands|quarkdriveatk\n|turn|4\n|\n|t:|1740165505\n|-end|p1b: Iron Hands|Quark Drive|[silent]\n|switch|p1b: Amoonguss|Amoonguss, L50, M|100\/100\n|move|p1a: Terapagos|Protect|p1a: Terapagos\n|-singleturn|p1a: Terapagos|Protect\n|move|p2b: Miraidon|Calm Mind|p2b: Miraidon\n|-boost|p2b: Miraidon|spa|1\n|-boost|p2b: Miraidon|spd|1\n|move|p2a: Baxcalibur|Icicle Spear|p1a: Terapagos\n|-activate|p1a: Terapagos|move: Protect\n|\n|-sideend|p2: xatseye|move: Tailwind\n|upkeep\n|turn|5\n|\n|t:|1740165524\n|-terastallize|p1a: Terapagos|Stellar\n|detailschange|p1a: Terapagos|Terapagos-Stellar, L50, M, tera:Stellar\n|-heal|p1a: Terapagos|73\/100|[silent]\n|-ability|p1a: Terapagos|Teraform Zero\n|-fieldend|move: Electric Terrain\n|move|p2b: Miraidon|Calm Mind|p2b: Miraidon\n|-boost|p2b: Miraidon|spa|1\n|-boost|p2b: Miraidon|spd|1\n|move|p2a: Baxcalibur|Icicle Spear|p1b: Amoonguss\n|-supereffective|p1b: Amoonguss\n|-damage|p1b: Amoonguss|75\/100\n|-supereffective|p1b: Amoonguss\n|-damage|p1b: Amoonguss|52\/100\n|-supereffective|p1b: Amoonguss\n|-damage|p1b: Amoonguss|27\/100\n|-supereffective|p1b: Amoonguss\n|-damage|p1b: Amoonguss|4\/100\n|-supereffective|p1b: Amoonguss\n|-damage|p1b: Amoonguss|0 fnt\n|faint|p1b: Amoonguss\n|-hitcount|p1: Amoonguss|5\n|move|p1a: Terapagos|Meteor Beam||[still]\n|-prepare|p1a: Terapagos|Meteor Beam\n|-boost|p1a: Terapagos|spa|1\n|-enditem|p1a: Terapagos|Power Herb\n|-anim|p1a: Terapagos|Meteor Beam|p2a: Baxcalibur\n|-supereffective|p2a: Baxcalibur\n|-damage|p2a: Baxcalibur|0 fnt\n|faint|p2a: Baxcalibur\n|\n|upkeep\n|\n|t:|1740165547\n|switch|p2a: Incineroar|Incineroar, L50, F|100\/100\n|switch|p1b: Iron Hands|Iron Hands, L50|100\/100\n|-ability|p2a: Incineroar|Intimidate|boost\n|-unboost|p1a: Terapagos|atk|1\n|-unboost|p1b: Iron Hands|atk|1\n|turn|6\n|c|\u2606carmeloball|unfort\n|c|\u2606carmeloball|I just needed one 4 hit\n|\n|t:|1740165570\n|move|p2a: Incineroar|Fake Out|p1b: Iron Hands\n|-damage|p1b: Iron Hands|93\/100\n|cant|p1b: Iron Hands|flinch\n|move|p2b: Miraidon|Calm Mind|p2b: Miraidon\n|-boost|p2b: Miraidon|spa|1\n|-boost|p2b: Miraidon|spd|1\n|move|p1a: Terapagos|Tera Starstorm|p2b: Miraidon|[spread] p2a,p2b\n|-crit|p2b: Miraidon\n|-damage|p2a: Incineroar|49\/100\n|-damage|p2b: Miraidon|34\/100\n|-enditem|p2a: Incineroar|Sitrus Berry|[eat]\n|-heal|p2a: Incineroar|74\/100|[from] item: Sitrus Berry\n|\n|upkeep\n|turn|7\n|inactive|xatseye has 30 seconds left.\n|\n|t:|1740165596\n|move|p1a: Terapagos|Protect|p1a: Terapagos\n|-singleturn|p1a: Terapagos|Protect\n|move|p2b: Miraidon|Parabolic Charge|p1a: Terapagos|[spread] p2a,p1b\n|-activate|p1a: Terapagos|move: Protect\n|-resisted|p1b: Iron Hands\n|-damage|p2a: Incineroar|20\/100\n|-heal|p2b: Miraidon|61\/100|[from] drain|[of] p2a: Incineroar\n|-damage|p1b: Iron Hands|77\/100\n|-heal|p2b: Miraidon|71\/100|[from] drain|[of] p1b: Iron Hands\n|move|p2a: Incineroar|Parting Shot|p1b: Iron Hands\n|-unboost|p1b: Iron Hands|atk|1\n|-unboost|p1b: Iron Hands|spa|1\n|move|p1b: Iron Hands|Low Kick|p2b: Miraidon\n|-damage|p2b: Miraidon|50\/100\n|\n|upkeep\n|turn|8\n|\n|t:|1740165619\n|move|p2b: Miraidon|Parabolic Charge|p1a: Terapagos|[spread] p2a,p1a,p1b\n|-resisted|p1b: Iron Hands\n|-damage|p2a: Incineroar|0 fnt\n|-heal|p2b: Miraidon|60\/100|[from] drain|[of] p2a: Incineroar\n|-damage|p1a: Terapagos|36\/100\n|-heal|p2b: Miraidon|83\/100|[from] drain|[of] p1a: Terapagos\n|-damage|p1b: Iron Hands|61\/100\n|-heal|p2b: Miraidon|92\/100|[from] drain|[of] p1b: Iron Hands\n|faint|p2a: Incineroar\n|move|p1a: Terapagos|Tera Starstorm|p2b: Miraidon\n|-damage|p2b: Miraidon|68\/100\n|move|p1b: Iron Hands|Low Kick|p2b: Miraidon\n|-damage|p2b: Miraidon|48\/100\n|\n|upkeep\n|turn|9\n|\n|t:|1740165636\n|move|p1a: Terapagos|Protect|p1a: Terapagos\n|-singleturn|p1a: Terapagos|Protect\n|move|p2b: Miraidon|Dragon Pulse|p1b: Iron Hands\n|-damage|p1b: Iron Hands|8\/100\n|move|p1b: Iron Hands|Low Kick|p2b: Miraidon\n|-damage|p2b: Miraidon|29\/100\n|\n|upkeep\n|turn|10\n|\n|t:|1740165647\n|-terastallize|p2b: Miraidon|Electric\n|move|p2b: Miraidon|Parabolic Charge|p1a: Terapagos|[spread] p1a,p1b\n|-resisted|p1b: Iron Hands\n|-damage|p1a: Terapagos|0 fnt\n|-heal|p2b: Miraidon|51\/100|[from] drain|[of] p1a: Terapagos\n|-damage|p1b: Iron Hands|0 fnt\n|-heal|p2b: Miraidon|56\/100|[from] drain|[of] p1b: Iron Hands\n|faint|p1a: Terapagos\n|faint|p1b: Iron Hands\n|-end|p1b: Iron Hands|Quark Drive|[silent]\n|\n|win|xatseye\n|raw|carmeloball's rating: 1661 &rarr; <strong>1640<\/strong><br \/>(-21 for losing)\n|raw|xatseye's rating: 1647 &rarr; <strong>1668<\/strong><br \/>(+21 for winning)\n|l|\u2606carmeloball\n|player|p1|\n|l| tetsuokaga\n|l|\u2606xatseye\n|player|p2|\n","uploadtime":1740165888,"views":8,"formatid":"gen9vgc2025regg","rating":1640,"private":0,"password":null}