{"id":"gen9vgc2025regg-2305517499","format":"[Gen 9] VGC 2025 Reg G","players":["Miraidon and Pals","my pony my horse"],"log":"|j|\u2606Miraidon and Pals\n|j|\u2606my pony my horse\n|t:|1740198084\n|gametype|doubles\n|player|p1|Miraidon and Pals|hilbert-wonderlauncher|1548\n|player|p2|my pony my horse|1|1660\n|teamsize|p1|6\n|teamsize|p2|6\n|gen|9\n|tier|[Gen 9] VGC 2025 Reg G\n|rated|\n|rule|Species Clause: Limit one of each Pok\u00e9mon\n|rule|Item Clause: Limit 1 of each item\n|clearpoke\n|poke|p1|Iron Bundle, L50|\n|poke|p1|Miraidon, L50|\n|poke|p1|Iron Hands, L50|\n|poke|p1|Ursaluna, L50, F|\n|poke|p1|Ogerpon-Hearthflame, L50, F|\n|poke|p1|Dragonite, L50, F|\n|poke|p2|Ting-Lu, L50|\n|poke|p2|Dondozo, L50, M|\n|poke|p2|Zamazenta-*, L50|\n|poke|p2|Chien-Pao, L50|\n|poke|p2|Raging Bolt, L50|\n|poke|p2|Ogerpon-Hearthflame, L50, F|\n|teampreview|4\n|inactive|Battle timer is ON: inactive players will automatically lose when time's up. (requested by my pony my horse)\nMiraidon and Pals rejected open team sheets.\n|inactive|Miraidon and Pals has 60 seconds left.\n|inactive|my pony my horse has 60 seconds left.\n|\n|t:|1740198119\n|start\n|switch|p1a: Dragonite|Dragonite, L50, F|100\/100\n|switch|p1b: Miraidon|Miraidon, L50|100\/100\n|switch|p2a: Zamazenta|Zamazenta-Crowned, L50|100\/100\n|switch|p2b: Raging Bolt|Raging Bolt, L50|100\/100\n|-fieldstart|move: Electric Terrain|[from] ability: Hadron Engine|[of] p1b: Miraidon\n|-ability|p2a: Zamazenta|Dauntless Shield|boost\n|-boost|p2a: Zamazenta|def|1\n|-enditem|p2b: Raging Bolt|Booster Energy\n|-activate|p2b: Raging Bolt|ability: Protosynthesis|[fromitem]\n|-start|p2b: Raging Bolt|protosynthesisspa\n|turn|1\n|\n|t:|1740198142\n|-terastallize|p2b: Raging Bolt|Fairy\n|move|p1b: Miraidon|Protect|p1b: Miraidon\n|-singleturn|p1b: Miraidon|Protect\n|move|p2a: Zamazenta|Protect|p2a: Zamazenta\n|-singleturn|p2a: Zamazenta|Protect\n|move|p1a: Dragonite|Tailwind|p1a: Dragonite\n|-sidestart|p1: Miraidon and Pals|move: Tailwind\n|move|p2b: Raging Bolt|Electroweb|p1a: Dragonite|[spread] p1a\n|-activate|p1b: Miraidon|move: Protect\n|-damage|p1a: Dragonite|81\/100\n|-unboost|p1a: Dragonite|spe|1\n|\n|upkeep\n|turn|2\n|\n|t:|1740198164\n|switch|p1a: Ursaluna|Ursaluna, L50, F|100\/100\n|-terastallize|p1b: Miraidon|Ghost\n|move|p2b: Raging Bolt|Thunderclap|p1b: Miraidon\n|-damage|p1b: Miraidon|41\/100\n|move|p1b: Miraidon|Electro Drift|p2b: Raging Bolt\n|-damage|p2b: Raging Bolt|0 fnt\n|faint|p2b: Raging Bolt\n|-end|p2b: Raging Bolt|Protosynthesis|[silent]\n|-damage|p1b: Miraidon|32\/100|[from] item: Life Orb\n|move|p2a: Zamazenta|Body Press|p1b: Miraidon\n|-immune|p1b: Miraidon\n|\n|-status|p1a: Ursaluna|brn|[from] item: Flame Orb\n|upkeep\n|\n|t:|1740198175\n|switch|p2b: Chien-Pao|Chien-Pao, L50|100\/100\n|-ability|p2b: Chien-Pao|Sword of Ruin\n|turn|3\n|\n|t:|1740198194\n|move|p1b: Miraidon|Volt Switch|p2b: Chien-Pao\n|-enditem|p2b: Chien-Pao|Focus Sash\n|-damage|p2b: Chien-Pao|1\/100\n|-damage|p1b: Miraidon|22\/100|[from] item: Life Orb\n|\n|t:|1740198197\n|switch|p1b: Dragonite|Dragonite, L50, F|81\/100|[from] Volt Switch\n|move|p2b: Chien-Pao|Icicle Crash|p1a: Ursaluna\n|-supereffective|p1a: Ursaluna\n|-damage|p1a: Ursaluna|9\/100 brn\n|move|p1a: Ursaluna|Earthquake|p2a: Zamazenta|[spread] p2a,p2b\n|-immune|p1b: Dragonite\n|-supereffective|p2a: Zamazenta\n|-damage|p2a: Zamazenta|37\/100\n|-damage|p2b: Chien-Pao|0 fnt\n|faint|p2b: Chien-Pao\n|move|p2a: Zamazenta|Behemoth Bash|p1b: Dragonite\n|-damage|p1b: Dragonite|33\/100\n|\n|-damage|p1a: Ursaluna|3\/100 brn|[from] brn\n|upkeep\n|\n|t:|1740198207\n|switch|p2b: Ogerpon|Ogerpon-Hearthflame, L50, F|100\/100\n|-ability|p2b: Ogerpon|Mold Breaker\n|turn|4\n|\n|t:|1740198215\n|move|p2a: Zamazenta|Protect|p2a: Zamazenta\n|-singleturn|p2a: Zamazenta|Protect\n|move|p2b: Ogerpon|Spiky Shield|p2b: Ogerpon\n|-singleturn|p2b: Ogerpon|move: Protect\n|move|p1b: Dragonite|Extreme Speed|p2b: Ogerpon\n|-activate|p2b: Ogerpon|move: Protect\n|-damage|p1b: Dragonite|21\/100|[from] Spiky Shield|[of] p2b: Ogerpon\n|move|p1a: Ursaluna|Earthquake|p2b: Ogerpon|[spread] \n|-activate|p2a: Zamazenta|move: Protect\n|-activate|p2b: Ogerpon|move: Protect\n|-immune|p1b: Dragonite\n|\n|-damage|p1a: Ursaluna|0 fnt|[from] brn\n|faint|p1a: Ursaluna\n|-sideend|p1: Miraidon and Pals|move: Tailwind\n|upkeep\n|\n|t:|1740198221\n|switch|p1a: Iron Hands|Iron Hands, L50|100\/100\n|-enditem|p1a: Iron Hands|Electric Seed\n|-boost|p1a: Iron Hands|def|1|[from] item: Electric Seed\n|-activate|p1a: Iron Hands|ability: Quark Drive\n|-start|p1a: Iron Hands|quarkdrivedef\n|turn|5\n|\n|t:|1740198241\n|move|p1b: Dragonite|Extreme Speed|p2b: Ogerpon\n|-damage|p2b: Ogerpon|67\/100\n|move|p2a: Zamazenta|Behemoth Bash|p1b: Dragonite\n|-damage|p1b: Dragonite|0 fnt\n|faint|p1b: Dragonite\n|move|p2b: Ogerpon|Ivy Cudgel|p1a: Iron Hands|[anim] Ivy Cudgel Fire\n|-damage|p1a: Iron Hands|84\/100\n|move|p1a: Iron Hands|Drain Punch|p2a: Zamazenta\n|-supereffective|p2a: Zamazenta\n|-damage|p2a: Zamazenta|7\/100\n|-heal|p1a: Iron Hands|94\/100|[from] drain|[of] p2a: Zamazenta\n|\n|-fieldend|move: Electric Terrain\n|-end|p1a: Iron Hands|Quark Drive\n|upkeep\n|\n|t:|1740198252\n|switch|p1b: Miraidon|Miraidon, L50, tera:Ghost|22\/100\n|-fieldstart|move: Electric Terrain|[from] ability: Hadron Engine|[of] p1b: Miraidon\n|-activate|p1a: Iron Hands|ability: Quark Drive\n|-start|p1a: Iron Hands|quarkdrivedef\n|turn|6\n|\n|t:|1740198269\n|move|p2a: Zamazenta|Wide Guard|p2a: Zamazenta\n|-singleturn|p2a: Zamazenta|Wide Guard\n|move|p1b: Miraidon|Electro Drift|p2b: Ogerpon\n|-resisted|p2b: Ogerpon\n|-damage|p2b: Ogerpon|0 fnt\n|faint|p2b: Ogerpon\n|-damage|p1b: Miraidon|13\/100|[from] item: Life Orb\n|move|p1a: Iron Hands|Drain Punch|p2a: Zamazenta\n|-supereffective|p2a: Zamazenta\n|-damage|p2a: Zamazenta|0 fnt\n|-heal|p1a: Iron Hands|97\/100|[from] drain|[of] p2a: Zamazenta\n|faint|p2a: Zamazenta\n|\n|win|Miraidon and Pals\n|raw|Miraidon and Pals's rating: 1548 &rarr; <strong>1574<\/strong><br \/>(+26 for winning)\n|raw|my pony my horse's rating: 1660 &rarr; <strong>1634<\/strong><br \/>(-26 for losing)\n|l|\u2606my pony my horse\n|player|p2|\n","uploadtime":1740198283,"views":19,"formatid":"gen9vgc2025regg","rating":1574,"private":0,"password":null}