{"id":"gen9vgc2025regg-2305685228","format":"[Gen 9] VGC 2025 Reg G","players":["KapuTetefu0719","grankie"],"log":"|j|\u2606KapuTetefu0719\n|j|\u2606grankie\n|t:|1740231452\n|gametype|doubles\n|player|p1|KapuTetefu0719|steven|1614\n|player|p2|grankie|baker|1601\n|teamsize|p1|6\n|teamsize|p2|6\n|gen|9\n|tier|[Gen 9] VGC 2025 Reg G\n|rated|\n|rule|Species Clause: Limit one of each Pok\u00e9mon\n|rule|Item Clause: Limit 1 of each item\n|clearpoke\n|poke|p1|Terapagos, L50, M|\n|poke|p1|Smeargle, L50, M|\n|poke|p1|Ogerpon-Hearthflame, L50, F|\n|poke|p1|Whimsicott, L50, M|\n|poke|p1|Indeedee-F, L50, F|\n|poke|p1|Iron Crown, L50|\n|poke|p2|Terapagos, L50, M|\n|poke|p2|Chi-Yu, L50|\n|poke|p2|Whimsicott, L50, F|\n|poke|p2|Raging Bolt, L50|\n|poke|p2|Urshifu-*, L50, M|\n|poke|p2|Iron Valiant, L50|\n|teampreview|4\n|\n|t:|1740231494\n|start\n|switch|p1a: Terapagos|Terapagos, L50, M|100\/100\n|switch|p1b: Smeargle|Smeargle, L50, M, shiny|100\/100\n|switch|p2a: Terapagos|Terapagos, L50, M|100\/100\n|switch|p2b: Chi-Yu|Chi-Yu, L50|100\/100\n|-activate|p1a: Terapagos|ability: Tera Shift\n|detailschange|p1a: Terapagos|Terapagos-Terastal, L50, M\n|-heal|p1a: Terapagos|100\/100|[silent]\n|-activate|p2a: Terapagos|ability: Tera Shift\n|detailschange|p2a: Terapagos|Terapagos-Terastal, L50, M\n|-heal|p2a: Terapagos|100\/100|[silent]\n|-ability|p2b: Chi-Yu|Beads of Ruin\n|turn|1\n|\n|t:|1740231537\n|-terastallize|p2a: Terapagos|Stellar\n|detailschange|p2a: Terapagos|Terapagos-Stellar, L50, M, tera:Stellar\n|-heal|p2a: Terapagos|100\/100|[silent]\n|move|p1b: Smeargle|Fake Out|p2a: Terapagos\n|-damage|p2a: Terapagos|97\/100\n|move|p2b: Chi-Yu|Snarl|p1a: Terapagos|[spread] p1a,p1b\n|-activate|p1a: Terapagos|ability: Tera Shell\n|-resisted|p1a: Terapagos\n|-damage|p1a: Terapagos|87\/100\n|-damage|p1b: Smeargle|32\/100\n|-unboost|p1a: Terapagos|spa|1\n|-unboost|p1b: Smeargle|spa|1\n|move|p1a: Terapagos|Earth Power|p2b: Chi-Yu\n|-supereffective|p2b: Chi-Yu\n|-damage|p2b: Chi-Yu|31\/100\n|cant|p2a: Terapagos|flinch\n|\n|-ability|p1b: Smeargle|Moody|boost\n|-boost|p1b: Smeargle|spa|2\n|-unboost|p1b: Smeargle|spd|1\n|upkeep\n|turn|2\n|\n|t:|1740231568\n|switch|p1b: Ogerpon|Ogerpon-Hearthflame, L50, F|100\/100\n|-ability|p1b: Ogerpon|Mold Breaker\n|switch|p1a: Whimsicott|Whimsicott, L50, M, shiny|100\/100\n|move|p2b: Chi-Yu|Heat Wave|p1b: Ogerpon|[spread] p1a,p1b\n|-supereffective|p1a: Whimsicott\n|-damage|p1a: Whimsicott|0 fnt\n|-damage|p1b: Ogerpon|49\/100\n|faint|p1a: Whimsicott\n|move|p2a: Terapagos|Tera Starstorm|p1b: Ogerpon\n|-damage|p1b: Ogerpon|0 fnt\n|faint|p1b: Ogerpon\n|\n|upkeep\n|\n|t:|1740231582\n|switch|p1b: Terapagos|Terapagos-Terastal, L50, M|87\/100\n|switch|p1a: Smeargle|Smeargle, L50, M, shiny|32\/100\n|turn|3\n|\n|t:|1740231609\n|-terastallize|p1b: Terapagos|Stellar\n|detailschange|p1b: Terapagos|Terapagos-Stellar, L50, M, tera:Stellar\n|-heal|p1b: Terapagos|91\/100|[silent]\n|move|p1a: Smeargle|Fake Out|p2b: Chi-Yu\n|-damage|p2b: Chi-Yu|22\/100\n|cant|p2b: Chi-Yu|flinch\n|move|p1b: Terapagos|Tera Starstorm|p2b: Chi-Yu|[spread] p2a,p2b\n|-supereffective|p2a: Terapagos\n|-damage|p2a: Terapagos|0 fnt\n|-damage|p2b: Chi-Yu|0 fnt\n|faint|p2a: Terapagos\n|faint|p2b: Chi-Yu\n|\n|-ability|p1a: Smeargle|Moody|boost\n|-boost|p1a: Smeargle|atk|2\n|-unboost|p1a: Smeargle|def|1\n|upkeep\n|\n|t:|1740231618\n|switch|p2b: Urshifu|Urshifu-Rapid-Strike, L50, M|100\/100\n|switch|p2a: Whimsicott|Whimsicott, L50, F|100\/100\n|turn|4\n|\n|t:|1740231648\n|move|p1a: Smeargle|Follow Me|p1a: Smeargle\n|-singleturn|p1a: Smeargle|move: Follow Me\n|move|p2a: Whimsicott|Light Screen|p2a: Whimsicott\n|-sidestart|p2: grankie|move: Light Screen\n|move|p2b: Urshifu|Surging Strikes|p1a: Smeargle\n|-crit|p1a: Smeargle\n|-damage|p1a: Smeargle|0 fnt\n|faint|p1a: Smeargle\n|-hitcount|p1: Smeargle|1\n|move|p1b: Terapagos|Tera Starstorm|p2b: Urshifu|[spread] p2a,p2b\n|-damage|p2a: Whimsicott|41\/100\n|-damage|p2b: Urshifu|42\/100\n|\n|upkeep\n|turn|5\n|\n|t:|1740231661\n|move|p2b: Urshifu|Surging Strikes|p1b: Terapagos\n|-crit|p1b: Terapagos\n|-damage|p1b: Terapagos|77\/100\n|-crit|p1b: Terapagos\n|-damage|p1b: Terapagos|63\/100\n|-crit|p1b: Terapagos\n|-damage|p1b: Terapagos|49\/100\n|-hitcount|p1b: Terapagos|3\n|move|p2a: Whimsicott|Moonblast|p1b: Terapagos\n|-damage|p1b: Terapagos|30\/100\n|move|p1b: Terapagos|Tera Starstorm|p2a: Whimsicott|[spread] p2a,p2b\n|-damage|p2a: Whimsicott|0 fnt\n|-damage|p2b: Urshifu|0 fnt\n|faint|p2a: Whimsicott\n|faint|p2b: Urshifu\n|\n|win|KapuTetefu0719\n|raw|KapuTetefu0719's rating: 1614 &rarr; <strong>1633<\/strong><br \/>(+19 for winning)\n|raw|grankie's rating: 1601 &rarr; <strong>1582<\/strong><br \/>(-19 for losing)\n|l|\u2606grankie\n|player|p2|\n|l|\u2606KapuTetefu0719\n|player|p1|\n","uploadtime":1740231829,"views":3,"formatid":"gen9vgc2025regg","rating":1582,"private":0,"password":null}