{"id":"gen9vgc2025regg-2305417729","format":"[Gen 9] VGC 2025 Reg G","players":["Kaicyios","psychicmesprit"],"log":"|j|\u2606Kaicyios\n|j|\u2606psychicmesprit\n|t:|1740183767\n|gametype|doubles\n|player|p1|Kaicyios|giovanni|1600\n|player|p2|psychicmesprit|palmer|1535\n|teamsize|p1|6\n|teamsize|p2|6\n|gen|9\n|tier|[Gen 9] VGC 2025 Reg G\n|rated|\n|rule|Species Clause: Limit one of each Pok\u00e9mon\n|rule|Item Clause: Limit 1 of each item\n|clearpoke\n|poke|p1|Groudon, L50|\n|poke|p1|Flutter Mane, L50|\n|poke|p1|Chi-Yu, L50|\n|poke|p1|Raging Bolt, L50|\n|poke|p1|Whimsicott, L50, M|\n|poke|p1|Armarouge, L50, F|\n|poke|p2|Koraidon, L50|\n|poke|p2|Flutter Mane, L50|\n|poke|p2|Raging Bolt, L50|\n|poke|p2|Amoonguss, L50, F|\n|poke|p2|Walking Wake, L50|\n|poke|p2|Tornadus, L50, M|\n|teampreview|4\n|inactive|Battle timer is ON: inactive players will automatically lose when time's up. (requested by psychicmesprit)\n|inactive|Kaicyios has 60 seconds left.\n|\n|t:|1740183801\n|start\n|switch|p1a: Whimsicott|Whimsicott, L50, M|100\/100\n|switch|p1b: Armarouge|Armarouge, L50, F|100\/100\n|switch|p2a: Tornadus|Tornadus, L50, M|100\/100\n|switch|p2b: Walking Wake|Walking Wake, L50|100\/100\n|turn|1\n|inactive|Kaicyios has 30 seconds left.\n|inactive|psychicmesprit has 30 seconds left.\n|inactive|psychicmesprit has 20 seconds left.\n|inactive|psychicmesprit has 15 seconds left.\n|inactive|psychicmesprit has 10 seconds left.\n|\n|t:|1740183853\n|-terastallize|p2b: Walking Wake|Fairy\n|-terastallize|p1b: Armarouge|Grass\n|move|p2a: Tornadus|Taunt|p1a: Whimsicott\n|-start|p1a: Whimsicott|move: Taunt\n|move|p2b: Walking Wake|Hydro Steam|p1b: Armarouge\n|-resisted|p1b: Armarouge\n|-damage|p1b: Armarouge|72\/100\n|move|p1b: Armarouge|Psychic|p2a: Tornadus\n|-damage|p2a: Tornadus|43\/100\n|cant|p1a: Whimsicott|move: Taunt|Trick Room\n|\n|upkeep\n|turn|2\n|inactive|Kaicyios has 30 seconds left.\n|inactive|psychicmesprit has 30 seconds left.\n|\n|t:|1740183890\n|switch|p1a: Groudon|Groudon, L50|100\/100\n|-weather|SunnyDay|[from] ability: Drought|[of] p1a: Groudon\n|-activate|p2b: Walking Wake|ability: Protosynthesis\n|-start|p2b: Walking Wake|protosynthesisspe\n|move|p2b: Walking Wake|Hydro Steam|p1b: Armarouge\n|-resisted|p1b: Armarouge\n|-damage|p1b: Armarouge|24\/100\n|move|p2a: Tornadus|Bleakwind Storm|p1b: Armarouge|[spread] p1b\n|-miss|p2a: Tornadus|p1a: Groudon\n|-supereffective|p1b: Armarouge\n|-damage|p1b: Armarouge|0 fnt\n|faint|p1b: Armarouge\n|\n|-weather|SunnyDay|[upkeep]\n|upkeep\n|\n|t:|1740183911\n|switch|p1b: Whimsicott|Whimsicott, L50, M|100\/100\n|turn|3\n|\n|t:|1740183923\n|move|p1b: Whimsicott|Tailwind|p1b: Whimsicott\n|-sidestart|p1: Kaicyios|move: Tailwind\n|move|p2a: Tornadus|Tailwind|p2a: Tornadus\n|-sidestart|p2: psychicmesprit|move: Tailwind\n|move|p2b: Walking Wake|Hydro Steam|p1a: Groudon\n|-supereffective|p1a: Groudon\n|-damage|p1a: Groudon|0 fnt\n|faint|p1a: Groudon\n|\n|-weather|SunnyDay|[upkeep]\n|upkeep\n|\n|t:|1740183933\n|switch|p1a: Flutter Mane|Flutter Mane, L50|100\/100\n|-activate|p1a: Flutter Mane|ability: Protosynthesis\n|-start|p1a: Flutter Mane|protosynthesisspa\n|turn|4\n|inactive|Kaicyios has 30 seconds left.\n|\n|t:|1740183968\n|move|p2a: Tornadus|Taunt|p1b: Whimsicott\n|-start|p1b: Whimsicott|move: Taunt\n|move|p2b: Walking Wake|Hydro Steam|p1a: Flutter Mane\n|-damage|p1a: Flutter Mane|26\/100\n|move|p1b: Whimsicott|Endeavor|p2b: Walking Wake\n|-damage|p2b: Walking Wake|90\/100\n|move|p1a: Flutter Mane|Dazzling Gleam|p2b: Walking Wake|[spread] p2a,p2b\n|-damage|p2a: Tornadus|0 fnt\n|-damage|p2b: Walking Wake|25\/100\n|faint|p2a: Tornadus\n|-damage|p1a: Flutter Mane|16\/100|[from] item: Life Orb\n|\n|-weather|SunnyDay|[upkeep]\n|upkeep\n|\n|t:|1740183984\n|switch|p2a: Koraidon|Koraidon, L50|100\/100\n|-activate|p2a: Koraidon|ability: Orichalcum Pulse\n|turn|5\n|\n|t:|1740183994\n|move|p1a: Flutter Mane|Protect|p1a: Flutter Mane\n|-singleturn|p1a: Flutter Mane|Protect\n|move|p2b: Walking Wake|Hydro Steam|p1a: Flutter Mane\n|-activate|p1a: Flutter Mane|move: Protect\n|move|p2a: Koraidon|Flame Charge|p1b: Whimsicott\n|-supereffective|p1b: Whimsicott\n|-enditem|p1b: Whimsicott|Focus Sash\n|-damage|p1b: Whimsicott|1\/100\n|-boost|p2a: Koraidon|spe|1\n|-damage|p2a: Koraidon|91\/100|[from] item: Life Orb\n|move|p1b: Whimsicott|Endeavor|p2a: Koraidon\n|-damage|p2a: Koraidon|1\/100\n|\n|-weather|SunnyDay|[upkeep]\n|upkeep\n|turn|6\n|inactive|Kaicyios has 30 seconds left.\n|\n|t:|1740184023\n|move|p1a: Flutter Mane|Protect||[still]\n|-fail|p1a: Flutter Mane\n|move|p2a: Koraidon|Collision Course|p1b: Whimsicott\n|-resisted|p1b: Whimsicott\n|-damage|p1b: Whimsicott|0 fnt\n|faint|p1b: Whimsicott\n|-damage|p2a: Koraidon|0 fnt|[from] item: Life Orb\n|faint|p2a: Koraidon\n|move|p2b: Walking Wake|Hydro Steam|p1a: Flutter Mane\n|-damage|p1a: Flutter Mane|0 fnt\n|faint|p1a: Flutter Mane\n|-end|p1a: Flutter Mane|Protosynthesis|[silent]\n|\n|win|psychicmesprit\n|raw|Kaicyios's rating: 1600 &rarr; <strong>1576<\/strong><br \/>(-24 for losing)\n|raw|psychicmesprit's rating: 1535 &rarr; <strong>1559<\/strong><br \/>(+24 for winning)\n|l|\u2606Kaicyios\n|player|p1|\n|l|\u2606psychicmesprit\n|player|p2|\n","uploadtime":1740184203,"views":3,"formatid":"gen9vgc2025regg","rating":1559,"private":0,"password":null}