{"id":"gen9vgc2025regg-2305773844","format":"[Gen 9] VGC 2025 Reg G","players":["canon_tm","2190175p"],"log":"|j|\u2606canon_tm\n|j|\u26062190175p\n|t:|1740243776\n|gametype|doubles\n|player|p1|canon_tm|102|1532\n|player|p2|2190175p|courtney|1605\n|teamsize|p1|6\n|teamsize|p2|6\n|gen|9\n|tier|[Gen 9] VGC 2025 Reg G\n|rated|\n|rule|Species Clause: Limit one of each Pok\u00e9mon\n|rule|Item Clause: Limit 1 of each item\n|clearpoke\n|poke|p1|Calyrex-Ice, L50|\n|poke|p1|Raging Bolt, L50|\n|poke|p1|Urshifu-*, L50, M|\n|poke|p1|Grimmsnarl, L50, M|\n|poke|p1|Landorus, L50, M|\n|poke|p1|Ogerpon-Hearthflame, L50, F|\n|poke|p2|Dondozo, L50, F|\n|poke|p2|Tatsugiri, L50, F|\n|poke|p2|Terapagos, L50, M|\n|poke|p2|Smeargle, L50, F|\n|poke|p2|Tornadus, L50, M|\n|poke|p2|Ogerpon-Hearthflame, L50, F|\n|teampreview|4\n|inactive|Battle timer is ON: inactive players will automatically lose when time's up. (requested by 2190175p)\n|inactive|canon_tm has 60 seconds left.\n|inactive|canon_tm has 30 seconds left.\n|\n|t:|1740243868\n|start\n|switch|p1a: Calyrex|Calyrex-Ice, L50|100\/100\n|switch|p1b: Ogerpon|Ogerpon-Hearthflame, L50, F|100\/100\n|switch|p2a: Terapagos|Terapagos, L50, M|100\/100\n|switch|p2b: Smeargle|Smeargle, L50, F|100\/100\n|-activate|p2a: Terapagos|ability: Tera Shift\n|detailschange|p2a: Terapagos|Terapagos-Terastal, L50, M\n|-heal|p2a: Terapagos|100\/100|[silent]\n|-ability|p1a: Calyrex|As One\n|-ability|p1a: Calyrex|Unnerve\n|-ability|p1b: Ogerpon|Mold Breaker\n|turn|1\n|j| judang\n|\n|t:|1740243893\n|move|p1b: Ogerpon|Follow Me|p1b: Ogerpon\n|-singleturn|p1b: Ogerpon|move: Follow Me\n|move|p2b: Smeargle|Decorate|p1b: Ogerpon\n|-boost|p1b: Ogerpon|atk|2\n|-boost|p1b: Ogerpon|spa|2\n|move|p2a: Terapagos|Tera Starstorm|p1b: Ogerpon\n|-damage|p1b: Ogerpon|8\/100\n|move|p1a: Calyrex|Trick Room|p1a: Calyrex\n|-fieldstart|move: Trick Room|[of] p1a: Calyrex\n|\n|-ability|p2b: Smeargle|Moody|boost\n|-boost|p2b: Smeargle|def|2\n|-unboost|p2b: Smeargle|spa|1\n|upkeep\n|turn|2\n|inactive|canon_tm has 30 seconds left.\n|inactive|canon_tm has 20 seconds left.\n|inactive|canon_tm has 15 seconds left.\n|\n|t:|1740243934\n|-terastallize|p2a: Terapagos|Stellar\n|detailschange|p2a: Terapagos|Terapagos-Stellar, L50, M, tera:Stellar\n|-heal|p2a: Terapagos|100\/100|[silent]\n|move|p1b: Ogerpon|Follow Me|p1b: Ogerpon\n|-singleturn|p1b: Ogerpon|move: Follow Me\n|move|p1a: Calyrex|Glacial Lance|p2a: Terapagos|[spread] p2a,p2b\n|-damage|p2a: Terapagos|61\/100\n|-damage|p2b: Smeargle|33\/100\n|move|p2a: Terapagos|Tera Starstorm|p1b: Ogerpon|[spread] p1a,p1b\n|-damage|p1a: Calyrex|57\/100\n|-damage|p1b: Ogerpon|0 fnt\n|faint|p1b: Ogerpon\n|move|p2b: Smeargle|Spore|p1a: Calyrex\n|-status|p1a: Calyrex|slp|[from] move: Spore\n|\n|-ability|p2b: Smeargle|Moody|boost\n|-boost|p2b: Smeargle|spe|2\n|-unboost|p2b: Smeargle|spa|1\n|upkeep\n|\n|t:|1740243958\n|switch|p1b: Raging Bolt|Raging Bolt, L50|100\/100\n|turn|3\n|\n|t:|1740243969\n|cant|p1a: Calyrex|slp\n|move|p1b: Raging Bolt|Thunderbolt|p2b: Smeargle\n|-damage|p2b: Smeargle|0 fnt\n|faint|p2b: Smeargle\n|move|p2a: Terapagos|Tera Starstorm|p1a: Calyrex|[spread] p1a,p1b\n|-damage|p1a: Calyrex|8\/100 slp\n|-damage|p1b: Raging Bolt|70\/100\n|\n|upkeep\n|\n|t:|1740243979\n|switch|p2b: Dondozo|Dondozo, L50, F|100\/100\n|turn|4\n|inactive|canon_tm has 30 seconds left.\n|\n|t:|1740244010\n|switch|p2a: Tatsugiri|Tatsugiri, L50, F|100\/100\n|-activate|p2a: Tatsugiri|ability: Commander|[of] p2b: Dondozo\n|-boost|p2b: Dondozo|atk|2\n|-boost|p2b: Dondozo|spa|2\n|-boost|p2b: Dondozo|spe|2\n|-boost|p2b: Dondozo|def|2\n|-boost|p2b: Dondozo|spd|2\n|-curestatus|p1a: Calyrex|slp|[msg]\n|move|p1a: Calyrex|Glacial Lance|p2b: Dondozo|[spread] p2b\n|-miss|p1a: Calyrex|p2a: Tatsugiri\n|-resisted|p2b: Dondozo\n|-damage|p2b: Dondozo|90\/100\n|move|p1b: Raging Bolt|Thunderbolt|p2b: Dondozo\n|-supereffective|p2b: Dondozo\n|-crit|p2b: Dondozo\n|-damage|p2b: Dondozo|0 fnt\n|faint|p2b: Dondozo\n|\n|upkeep\n|\n|t:|1740244025\n|switch|p2b: Terapagos|Terapagos-Stellar, L50, M, tera:Stellar|61\/100\n|turn|5\n|-message|2190175p forfeited.\n|\n|win|canon_tm\n|raw|canon_tm's rating: 1532 &rarr; <strong>1556<\/strong><br \/>(+24 for winning)\n|raw|2190175p's rating: 1605 &rarr; <strong>1581<\/strong><br \/>(-24 for losing)\n|l|\u26062190175p\n|player|p2|\n|c|\u2606canon_tm|foooo\n|l| judang\n","uploadtime":1740244288,"views":2,"formatid":"gen9vgc2025regg","rating":1556,"private":0,"password":null}