{"id":"gen9vgc2025regg-2305086319","format":"[Gen 9] VGC 2025 Reg G","players":["caZISA","N8NoDog"],"log":"|j|\u2606caZISA\n|j|\u2606N8NoDog\n|t:|1740147182\n|gametype|doubles\n|player|p1|caZISA|red|1656\n|player|p2|N8NoDog|archer|1574\n|teamsize|p1|6\n|teamsize|p2|6\n|gen|9\n|tier|[Gen 9] VGC 2025 Reg G\n|rated|\n|rule|Species Clause: Limit one of each Pok\u00e9mon\n|rule|Item Clause: Limit 1 of each item\n|clearpoke\n|poke|p1|Koraidon, L50|\n|poke|p1|Ogerpon-Cornerstone, L50, F|\n|poke|p1|Flutter Mane, L50|\n|poke|p1|Incineroar, L50, M|\n|poke|p1|Gholdengo, L50|\n|poke|p1|Smeargle, L50, F|\n|poke|p2|Chien-Pao, L50|\n|poke|p2|Zamazenta-*, L50|\n|poke|p2|Amoonguss, L50, F|\n|poke|p2|Urshifu-*, L50, F|\n|poke|p2|Pelipper, L50, F|\n|poke|p2|Raging Bolt, L50|\n|teampreview|4\n|inactive|Battle timer is ON: inactive players will automatically lose when time's up. (requested by N8NoDog)\n|\n|t:|1740147210\n|start\n|switch|p1a: Incineroar|Incineroar, L50, M, shiny|100\/100\n|switch|p1b: Gholdengo|Gholdengo, L50|100\/100\n|switch|p2a: Chien-Pao|Chien-Pao, L50|100\/100\n|switch|p2b: Zamazenta|Zamazenta-Crowned, L50|100\/100\n|-ability|p2a: Chien-Pao|Sword of Ruin\n|-ability|p2b: Zamazenta|Dauntless Shield|boost\n|-boost|p2b: Zamazenta|def|1\n|-ability|p1a: Incineroar|Intimidate|boost\n|-unboost|p2a: Chien-Pao|atk|1\n|-unboost|p2b: Zamazenta|atk|1\n|turn|1\n|inactive|caZISA has 30 seconds left.\n|inactive|N8NoDog has 30 seconds left.\n|\n|t:|1740147239\n|switch|p2a: Urshifu|Urshifu-Rapid-Strike, L50, F|100\/100\n|-terastallize|p1a: Incineroar|Ghost\n|move|p2b: Zamazenta|Protect|p2b: Zamazenta\n|-singleturn|p2b: Zamazenta|Protect\n|move|p1b: Gholdengo|Protect|p1b: Gholdengo\n|-singleturn|p1b: Gholdengo|Protect\n|move|p1a: Incineroar|Will-O-Wisp|p2a: Urshifu\n|-status|p2a: Urshifu|brn\n|\n|-damage|p2a: Urshifu|94\/100 brn|[from] brn\n|upkeep\n|turn|2\n|\n|t:|1740147261\n|switch|p2b: Pelipper|Pelipper, L50, F|100\/100\n|-weather|RainDance|[from] ability: Drizzle|[of] p2b: Pelipper\n|-terastallize|p2a: Urshifu|Water\n|move|p2a: Urshifu|Surging Strikes|p1b: Gholdengo\n|-crit|p1b: Gholdengo\n|-damage|p1b: Gholdengo|77\/100\n|-crit|p1b: Gholdengo\n|-damage|p1b: Gholdengo|57\/100\n|-crit|p1b: Gholdengo\n|-damage|p1b: Gholdengo|34\/100\n|-hitcount|p1b: Gholdengo|3\n|move|p1b: Gholdengo|Nasty Plot|p1b: Gholdengo\n|-boost|p1b: Gholdengo|spa|2\n|move|p1a: Incineroar|Will-O-Wisp|p2b: Pelipper\n|-status|p2b: Pelipper|brn\n|\n|-weather|RainDance|[upkeep]\n|-heal|p1b: Gholdengo|40\/100|[from] item: Leftovers\n|-damage|p2a: Urshifu|88\/100 brn|[from] brn\n|-damage|p2b: Pelipper|95\/100 brn|[from] brn\n|upkeep\n|turn|3\n|\n|t:|1740147284\n|switch|p2b: Zamazenta|Zamazenta-Crowned, L50|100\/100\n|switch|p1a: Koraidon|Koraidon, L50|100\/100\n|-weather|SunnyDay|[from] ability: Orichalcum Pulse|[of] p1a: Koraidon\n|-activate|p1a: Koraidon|Orichalcum Pulse|[source]\n|move|p2a: Urshifu|Surging Strikes|p1b: Gholdengo\n|-crit|p1b: Gholdengo\n|-damage|p1b: Gholdengo|32\/100\n|-crit|p1b: Gholdengo\n|-damage|p1b: Gholdengo|24\/100\n|-crit|p1b: Gholdengo\n|-damage|p1b: Gholdengo|18\/100\n|-hitcount|p1b: Gholdengo|3\n|move|p1b: Gholdengo|Shadow Ball|p2b: Zamazenta\n|-damage|p2b: Zamazenta|42\/100\n|\n|-weather|SunnyDay|[upkeep]\n|-heal|p1b: Gholdengo|23\/100|[from] item: Leftovers\n|-damage|p2a: Urshifu|82\/100 brn|[from] brn\n|upkeep\n|turn|4\n|inactive|caZISA has 30 seconds left.\n|\n|t:|1740147317\n|switch|p1a: Incineroar|Incineroar, L50, M, shiny, tera:Ghost|100\/100\n|-ability|p1a: Incineroar|Intimidate|boost\n|-unboost|p2a: Urshifu|atk|1\n|-unboost|p2b: Zamazenta|atk|1\n|switch|p2b: Pelipper|Pelipper, L50, F|95\/100 brn\n|-weather|RainDance|[from] ability: Drizzle|[of] p2b: Pelipper\n|move|p2a: Urshifu|Surging Strikes|p1b: Gholdengo\n|-crit|p1b: Gholdengo\n|-damage|p1b: Gholdengo|1\/100\n|-crit|p1b: Gholdengo\n|-damage|p1b: Gholdengo|0 fnt\n|faint|p1b: Gholdengo\n|-hitcount|p1: Gholdengo|2\n|\n|-weather|RainDance|[upkeep]\n|-damage|p2a: Urshifu|76\/100 brn|[from] brn\n|-damage|p2b: Pelipper|89\/100 brn|[from] brn\n|upkeep\n|\n|t:|1740147328\n|switch|p1b: Koraidon|Koraidon, L50|100\/100\n|-weather|SunnyDay|[from] ability: Orichalcum Pulse|[of] p1b: Koraidon\n|-activate|p1b: Koraidon|Orichalcum Pulse|[source]\n|turn|5\n|j| Rabbithorn01\n|\n|t:|1740147346\n|switch|p2a: Chien-Pao|Chien-Pao, L50|100\/100\n|-ability|p2a: Chien-Pao|Sword of Ruin\n|switch|p2b: Zamazenta|Zamazenta-Crowned, L50|42\/100\n|move|p1a: Incineroar|Fake Out|p2b: Zamazenta\n|-resisted|p2b: Zamazenta\n|-damage|p2b: Zamazenta|36\/100\n|move|p1b: Koraidon|Collision Course|p2a: Chien-Pao\n|-supereffective|p2a: Chien-Pao\n|-enditem|p2a: Chien-Pao|Focus Sash\n|-damage|p2a: Chien-Pao|1\/100\n|\n|-weather|SunnyDay|[upkeep]\n|upkeep\n|turn|6\n|\n|t:|1740147371\n|switch|p1b: Flutter Mane|Flutter Mane, L50|100\/100\n|-activate|p1b: Flutter Mane|ability: Protosynthesis\n|-start|p1b: Flutter Mane|protosynthesisspe\n|switch|p2b: Pelipper|Pelipper, L50, F|89\/100 brn\n|-weather|RainDance|[from] ability: Drizzle|[of] p2b: Pelipper\n|-end|p1b: Flutter Mane|Protosynthesis\n|move|p2a: Chien-Pao|Protect|p2a: Chien-Pao\n|-singleturn|p2a: Chien-Pao|Protect\n|move|p1a: Incineroar|Will-O-Wisp|p2b: Pelipper\n|-fail|p2b: Pelipper|brn\n|\n|-weather|RainDance|[upkeep]\n|-damage|p2b: Pelipper|83\/100 brn|[from] brn\n|upkeep\n|turn|7\n|\n|t:|1740147388\n|switch|p2a: Zamazenta|Zamazenta-Crowned, L50|36\/100\n|switch|p1a: Koraidon|Koraidon, L50|100\/100\n|-weather|SunnyDay|[from] ability: Orichalcum Pulse|[of] p1a: Koraidon\n|-activate|p1b: Flutter Mane|ability: Protosynthesis\n|-start|p1b: Flutter Mane|protosynthesisspe\n|-activate|p1a: Koraidon|Orichalcum Pulse|[source]\n|move|p1b: Flutter Mane|Dazzling Gleam|p2b: Pelipper|[spread] p2a,p2b\n|-crit|p2b: Pelipper\n|-damage|p2a: Zamazenta|12\/100\n|-damage|p2b: Pelipper|0 fnt\n|faint|p2b: Pelipper\n|-damage|p1b: Flutter Mane|91\/100|[from] item: Life Orb\n|\n|-weather|SunnyDay|[upkeep]\n|upkeep\n|\n|t:|1740147406\n|switch|p2b: Chien-Pao|Chien-Pao, L50|1\/100\n|-ability|p2b: Chien-Pao|Sword of Ruin\n|turn|8\n|\n|t:|1740147419\n|move|p2a: Zamazenta|Wide Guard|p2a: Zamazenta\n|-singleturn|p2a: Zamazenta|Wide Guard\n|move|p1b: Flutter Mane|Dazzling Gleam|p2a: Zamazenta|[spread] \n|-activate|p2a: Zamazenta|move: Wide Guard\n|-activate|p2b: Chien-Pao|move: Wide Guard\n|move|p2b: Chien-Pao|Ice Spinner|p1a: Koraidon\n|-supereffective|p1a: Koraidon\n|-damage|p1a: Koraidon|10\/100\n|move|p1a: Koraidon|Flame Charge|p2a: Zamazenta\n|-supereffective|p2a: Zamazenta\n|-damage|p2a: Zamazenta|0 fnt\n|-boost|p1a: Koraidon|spe|1\n|faint|p2a: Zamazenta\n|\n|-weather|SunnyDay|[upkeep]\n|upkeep\n|\n|t:|1740147427\n|switch|p2a: Urshifu|Urshifu-Rapid-Strike, L50, F, tera:Water|76\/100 brn\n|turn|9\n|\n|t:|1740147440\n|move|p2b: Chien-Pao|Sucker Punch|p1a: Koraidon\n|-resisted|p1a: Koraidon\n|-damage|p1a: Koraidon|0 fnt\n|faint|p1a: Koraidon\n|move|p1b: Flutter Mane|Dazzling Gleam|p2b: Chien-Pao|[spread] p2a,p2b\n|-supereffective|p2b: Chien-Pao\n|-damage|p2a: Urshifu|26\/100 brn\n|-damage|p2b: Chien-Pao|0 fnt\n|faint|p2b: Chien-Pao\n|-damage|p1b: Flutter Mane|81\/100|[from] item: Life Orb\n|move|p2a: Urshifu|Surging Strikes|p1b: Flutter Mane\n|-crit|p1b: Flutter Mane\n|-damage|p1b: Flutter Mane|71\/100\n|-crit|p1b: Flutter Mane\n|-damage|p1b: Flutter Mane|62\/100\n|-crit|p1b: Flutter Mane\n|-damage|p1b: Flutter Mane|52\/100\n|-hitcount|p1b: Flutter Mane|3\n|\n|-weather|SunnyDay|[upkeep]\n|-damage|p2a: Urshifu|20\/100 brn|[from] brn\n|upkeep\n|\n|t:|1740147443\n|switch|p1a: Incineroar|Incineroar, L50, M, shiny, tera:Ghost|100\/100\n|-ability|p1a: Incineroar|Intimidate|boost\n|-unboost|p2a: Urshifu|atk|1\n|turn|10\n|-message|N8NoDog forfeited.\n|\n|win|caZISA\n|raw|caZISA's rating: 1656 &rarr; <strong>1671<\/strong><br \/>(+15 for winning)\n|raw|N8NoDog's rating: 1574 &rarr; <strong>1559<\/strong><br \/>(-15 for losing)\n|l|\u2606caZISA\n|player|p1|\n|l|\u2606N8NoDog\n|player|p2|\n","uploadtime":1740147463,"views":5,"formatid":"gen9vgc2025regg","rating":1559,"private":0,"password":null}