{"id":"gen9vgc2025regg-2305145149","format":"[Gen 9] VGC 2025 Reg G","players":["Ducktile","Slackermaru"],"log":"|j|\u2606Ducktile\n|j|\u2606Slackermaru\n|t:|1740153529\n|gametype|doubles\n|player|p1|Ducktile|grimsley|1614\n|player|p2|Slackermaru|workerice|1619\n|teamsize|p1|6\n|teamsize|p2|6\n|gen|9\n|tier|[Gen 9] VGC 2025 Reg G\n|rated|\n|rule|Species Clause: Limit one of each Pok\u00e9mon\n|rule|Item Clause: Limit 1 of each item\n|clearpoke\n|poke|p1|Tatsugiri, L50, M|\n|poke|p1|Chi-Yu, L50|\n|poke|p1|Dragonite, L50, F|\n|poke|p1|Dondozo, L50, M|\n|poke|p1|Gholdengo, L50|\n|poke|p1|Miraidon, L50|\n|poke|p2|Calyrex-Ice, L50|\n|poke|p2|Raging Bolt, L50|\n|poke|p2|Urshifu-*, L50, F|\n|poke|p2|Amoonguss, L50, F|\n|poke|p2|Chi-Yu, L50|\n|poke|p2|Flutter Mane, L50|\n|teampreview|4\n|\n|t:|1740153551\n|start\n|switch|p1a: Chi-Yu|Chi-Yu, L50|100\/100\n|switch|p1b: Miraidon|Miraidon, L50|100\/100\n|switch|p2a: Chi-Yu|Chi-Yu, L50|100\/100\n|switch|p2b: Flutter Mane|Flutter Mane, L50, shiny|100\/100\n|-ability|p2a: Chi-Yu|Beads of Ruin\n|-fieldstart|move: Electric Terrain|[from] ability: Hadron Engine|[of] p1b: Miraidon\n|-ability|p1a: Chi-Yu|Beads of Ruin\n|-enditem|p2b: Flutter Mane|Booster Energy\n|-activate|p2b: Flutter Mane|ability: Protosynthesis|[fromitem]\n|-start|p2b: Flutter Mane|protosynthesisspe\n|turn|1\n|\n|t:|1740153576\n|-terastallize|p1b: Miraidon|Fairy\n|move|p2b: Flutter Mane|Moonblast|p1b: Miraidon\n|-damage|p1b: Miraidon|71\/100\n|move|p2a: Chi-Yu|Overheat|p1b: Miraidon\n|-damage|p1b: Miraidon|19\/100\n|-unboost|p2a: Chi-Yu|spa|2\n|move|p1b: Miraidon|Dazzling Gleam|p2a: Chi-Yu|[spread] p2a,p2b\n|-damage|p2a: Chi-Yu|52\/100\n|-damage|p2b: Flutter Mane|48\/100\n|move|p1a: Chi-Yu|Heat Wave|p2b: Flutter Mane|[spread] p2a,p2b\n|-resisted|p2a: Chi-Yu\n|-damage|p2a: Chi-Yu|28\/100\n|-damage|p2b: Flutter Mane|0 fnt\n|faint|p2b: Flutter Mane\n|-end|p2b: Flutter Mane|Protosynthesis|[silent]\n|\n|upkeep\n|\n|t:|1740153590\n|switch|p2b: Raging Bolt|Raging Bolt, L50|100\/100\n|turn|2\n|\n|t:|1740153604\n|move|p2a: Chi-Yu|Overheat|p1b: Miraidon\n|-damage|p1b: Miraidon|0 fnt\n|-unboost|p2a: Chi-Yu|spa|2\n|faint|p1b: Miraidon\n|move|p1a: Chi-Yu|Heat Wave|p2b: Raging Bolt|[spread] p2b\n|-miss|p1a: Chi-Yu|p2a: Chi-Yu\n|-resisted|p2b: Raging Bolt\n|-damage|p2b: Raging Bolt|85\/100\n|move|p2b: Raging Bolt|Electroweb|p1a: Chi-Yu\n|-damage|p1a: Chi-Yu|55\/100\n|-unboost|p1a: Chi-Yu|spe|1\n|\n|upkeep\n|\n|t:|1740153617\n|switch|p1b: Dragonite|Dragonite, L50, F|100\/100\n|turn|3\n|\n|t:|1740153629\n|switch|p2a: Amoonguss|Amoonguss, L50, F, shiny|100\/100\n|move|p1b: Dragonite|Extreme Speed|p2a: Amoonguss\n|-damage|p2a: Amoonguss|59\/100\n|-damage|p1b: Dragonite|84\/100|[from] item: Rocky Helmet|[of] p2a: Amoonguss\n|move|p2b: Raging Bolt|Draco Meteor|p1b: Dragonite\n|-supereffective|p1b: Dragonite\n|-damage|p1b: Dragonite|0 fnt\n|-unboost|p2b: Raging Bolt|spa|2\n|faint|p1b: Dragonite\n|move|p1a: Chi-Yu|Dark Pulse|p2b: Raging Bolt\n|-damage|p2b: Raging Bolt|45\/100\n|\n|upkeep\n|\n|t:|1740153635\n|switch|p1b: Gholdengo|Gholdengo, L50|100\/100\n|turn|4\n|\n|t:|1740153675\n|-terastallize|p2a: Amoonguss|Water\n|move|p1b: Gholdengo|Shadow Ball|p2b: Raging Bolt\n|-damage|p2b: Raging Bolt|0 fnt\n|faint|p2b: Raging Bolt\n|-end|p2b: Raging Bolt|Protosynthesis|[silent]\n|move|p1a: Chi-Yu|Heat Wave|p2a: Amoonguss\n|-resisted|p2a: Amoonguss\n|-damage|p2a: Amoonguss|28\/100\n|move|p2a: Amoonguss|Spore|p1a: Chi-Yu\n|-activate|p1a: Chi-Yu|move: Electric Terrain\n|\n|upkeep\n|\n|t:|1740153684\n|switch|p2b: Chi-Yu|Chi-Yu, L50|28\/100\n|-ability|p2b: Chi-Yu|Beads of Ruin\n|turn|5\n|\n|t:|1740153706\n|move|p1a: Chi-Yu|Protect|p1a: Chi-Yu\n|-singleturn|p1a: Chi-Yu|Protect\n|move|p2b: Chi-Yu|Heat Wave|p1a: Chi-Yu|[spread] p1b\n|-activate|p1a: Chi-Yu|move: Protect\n|-supereffective|p1b: Gholdengo\n|-damage|p1b: Gholdengo|0 fnt\n|faint|p1b: Gholdengo\n|move|p2a: Amoonguss|Pollen Puff|p1a: Chi-Yu\n|-activate|p1a: Chi-Yu|move: Protect\n|\n|-fieldend|move: Electric Terrain\n|upkeep\n|turn|6\n|\n|t:|1740153721\n|move|p2b: Chi-Yu|Heat Wave|p1a: Chi-Yu\n|-resisted|p1a: Chi-Yu\n|-damage|p1a: Chi-Yu|22\/100\n|move|p1a: Chi-Yu|Dark Pulse|p2a: Amoonguss\n|-crit|p2a: Amoonguss\n|-damage|p2a: Amoonguss|0 fnt\n|faint|p2a: Amoonguss\n|\n|upkeep\n|turn|7\n|\n|t:|1740153731\n|move|p2b: Chi-Yu|Heat Wave|p1a: Chi-Yu\n|-resisted|p1a: Chi-Yu\n|-damage|p1a: Chi-Yu|0 fnt\n|faint|p1a: Chi-Yu\n|\n|win|Slackermaru\n|raw|Ducktile's rating: 1614 &rarr; <strong>1594<\/strong><br \/>(-20 for losing)\n|raw|Slackermaru's rating: 1619 &rarr; <strong>1639<\/strong><br \/>(+20 for winning)\n|l|\u2606Ducktile\n|player|p1|\n|l|\u2606Slackermaru\n|player|p2|\n","uploadtime":1740153909,"views":6,"formatid":"gen9vgc2025regg","rating":1594,"private":0,"password":null}