{"id":"gen9vgc2025regg-2305860664","format":"[Gen 9] VGC 2025 Reg G","players":["leoscerni","ScribbleScribble"],"log":"|j|\u2606leoscerni\n|j|\u2606ScribbleScribble\n|t:|1740254723\n|gametype|doubles\n|player|p1|leoscerni|266|1643\n|player|p2|ScribbleScribble|266|1557\n|teamsize|p1|6\n|teamsize|p2|6\n|gen|9\n|tier|[Gen 9] VGC 2025 Reg G\n|rated|\n|rule|Species Clause: Limit one of each Pok\u00e9mon\n|rule|Item Clause: Limit 1 of each item\n|clearpoke\n|poke|p1|Calyrex-Shadow, L50|\n|poke|p1|Indeedee-F, L50, F|\n|poke|p1|Urshifu-*, L50, F|\n|poke|p1|Weezing-Galar, L50, F|\n|poke|p1|Dondozo, L50, M|\n|poke|p1|Tatsugiri-Droopy, L50, M|\n|poke|p2|Calyrex-Ice, L50|\n|poke|p2|Farigiraf, L50, M|\n|poke|p2|Iron Valiant, L50|\n|poke|p2|Ogerpon-Wellspring, L50, F|\n|poke|p2|Roaring Moon, L50|\n|poke|p2|Landorus, L50, M|\n|teampreview|4\n|inactive|Battle timer is ON: inactive players will automatically lose when time's up. (requested by ScribbleScribble)\n|inactive|leoscerni has 60 seconds left.\n|inactive|ScribbleScribble has 60 seconds left.\n|\n|t:|1740254758\n|start\n|switch|p1a: Urshifu|Urshifu-Rapid-Strike, L50, F|100\/100\n|switch|p1b: Dondozo|Dondozo, L50, M|100\/100\n|switch|p2a: Roaring Moon|Roaring Moon, L50|100\/100\n|switch|p2b: Landorus|Landorus, L50, M|100\/100\n|-enditem|p2a: Roaring Moon|Booster Energy\n|-activate|p2a: Roaring Moon|ability: Protosynthesis|[fromitem]\n|-start|p2a: Roaring Moon|protosynthesisspe\n|turn|1\n|inactive|leoscerni has 30 seconds left.\n|inactive|ScribbleScribble has 30 seconds left.\n|inactive|leoscerni has 20 seconds left.\n|inactive|ScribbleScribble has 20 seconds left.\n|inactive|leoscerni has 15 seconds left.\n|inactive|ScribbleScribble has 15 seconds left.\n|inactive|leoscerni has 10 seconds left.\n|inactive|ScribbleScribble has 10 seconds left.\n|inactive|ScribbleScribble has 5 seconds left.\n|j| shengning3\n|inactive|leoscerni has 5 seconds left.\n|\n|t:|1740254814\n|-terastallize|p2b: Landorus|Poison\n|move|p1a: Urshifu|Aqua Jet|p2b: Landorus\n|-crit|p2b: Landorus\n|-damage|p2b: Landorus|68\/100\n|move|p2a: Roaring Moon|Tailwind|p2a: Roaring Moon\n|-sidestart|p2: ScribbleScribble|move: Tailwind\n|move|p2b: Landorus|Sandsear Storm|p1b: Dondozo|[spread] p1b\n|-miss|p2b: Landorus|p1a: Urshifu\n|-damage|p1b: Dondozo|47\/100\n|move|p1b: Dondozo|Body Press|p2a: Roaring Moon\n|-supereffective|p2a: Roaring Moon\n|-damage|p2a: Roaring Moon|30\/100\n|\n|-heal|p1b: Dondozo|53\/100|[from] item: Leftovers\n|upkeep\n|turn|2\n|inactive|leoscerni has 30 seconds left.\n|inactive|leoscerni has 20 seconds left.\n|inactive|leoscerni has 15 seconds left.\n|\n|t:|1740254855\n|switch|p1a: Tatsugiri|Tatsugiri-Droopy, L50, M|100\/100\n|-activate|p1a: Tatsugiri|ability: Commander|[of] p1b: Dondozo\n|-boost|p1b: Dondozo|atk|2\n|-boost|p1b: Dondozo|spa|2\n|-boost|p1b: Dondozo|spe|2\n|-boost|p1b: Dondozo|def|2\n|-boost|p1b: Dondozo|spd|2\n|move|p1b: Dondozo|Protect|p1b: Dondozo\n|-singleturn|p1b: Dondozo|Protect\n|move|p2a: Roaring Moon|Knock Off|p1b: Dondozo\n|-activate|p1b: Dondozo|move: Protect\n|move|p2b: Landorus|Sandsear Storm|p1b: Dondozo|[spread] \n|-miss|p2b: Landorus|p1a: Tatsugiri\n|-activate|p1b: Dondozo|move: Protect\n|\n|-heal|p1b: Dondozo|59\/100|[from] item: Leftovers\n|upkeep\n|turn|3\n|inactive|ScribbleScribble has 30 seconds left.\n|inactive|ScribbleScribble has 20 seconds left.\n|inactive|ScribbleScribble has 15 seconds left.\n|inactive|ScribbleScribble has 10 seconds left.\n|\n|t:|1740254901\n|move|p2a: Roaring Moon|Knock Off|p1b: Dondozo\n|-damage|p1b: Dondozo|45\/100\n|-enditem|p1b: Dondozo|Leftovers|[from] move: Knock Off|[of] p2a: Roaring Moon\n|move|p2b: Landorus|Sludge Bomb|p1b: Dondozo\n|-damage|p1b: Dondozo|9\/100\n|move|p1b: Dondozo|Earthquake|p2a: Roaring Moon|[spread] p2a,p2b\n|-miss|p1b: Dondozo|p1a: Tatsugiri\n|-supereffective|p2b: Landorus\n|-damage|p2a: Roaring Moon|0 fnt\n|-damage|p2b: Landorus|0 fnt\n|faint|p2a: Roaring Moon\n|-end|p2a: Roaring Moon|Protosynthesis|[silent]\n|faint|p2b: Landorus\n|\n|upkeep\n|\n|t:|1740254905\n|switch|p2a: Calyrex|Calyrex-Ice, L50|100\/100\n|switch|p2b: Ogerpon|Ogerpon-Wellspring, L50, F|100\/100\n|-ability|p2a: Calyrex|As One\n|-ability|p2a: Calyrex|Unnerve\n|turn|4\n|\n|t:|1740254917\n|move|p2b: Ogerpon|Wood Hammer|p1b: Dondozo\n|-supereffective|p1b: Dondozo\n|-damage|p1b: Dondozo|0 fnt\n|faint|p1b: Dondozo\n|-damage|p2b: Ogerpon|97\/100|[from] Recoil\n|move|p2a: Calyrex|Trick Room|p2a: Calyrex\n|-fieldstart|move: Trick Room|[of] p2a: Calyrex\n|\n|-sideend|p2: ScribbleScribble|move: Tailwind\n|upkeep\n|\n|t:|1740254925\n|switch|p1b: Calyrex|Calyrex-Shadow, L50|100\/100\n|-ability|p1b: Calyrex|As One\n|-ability|p1b: Calyrex|Unnerve\n|turn|5\n|\n|t:|1740254949\n|move|p1b: Calyrex|Protect|p1b: Calyrex\n|-singleturn|p1b: Calyrex|Protect\n|move|p2a: Calyrex|Glacial Lance|p1a: Tatsugiri|[spread] p1a\n|-activate|p1b: Calyrex|move: Protect\n|-damage|p1a: Tatsugiri|6\/100\n|move|p1a: Tatsugiri|Draco Meteor|p2b: Ogerpon\n|-damage|p2b: Ogerpon|35\/100\n|-unboost|p1a: Tatsugiri|spa|2\n|move|p2b: Ogerpon|Wood Hammer|p1b: Calyrex\n|-activate|p1b: Calyrex|move: Protect\n|\n|upkeep\n|turn|6\n|inactive|leoscerni has 30 seconds left.\n|\n|t:|1740254982\n|switch|p1b: Urshifu|Urshifu-Rapid-Strike, L50, F|100\/100\n|move|p1a: Tatsugiri|Protect|p1a: Tatsugiri\n|-singleturn|p1a: Tatsugiri|Protect\n|move|p2a: Calyrex|Glacial Lance|p1b: Urshifu|[spread] p1b\n|-activate|p1a: Tatsugiri|move: Protect\n|-resisted|p1b: Urshifu\n|-damage|p1b: Urshifu|73\/100\n|move|p2b: Ogerpon|Wood Hammer|p1b: Urshifu\n|-supereffective|p1b: Urshifu\n|-damage|p1b: Urshifu|0 fnt\n|faint|p1b: Urshifu\n|-damage|p2b: Ogerpon|12\/100|[from] Recoil\n|\n|upkeep\n|\n|t:|1740254995\n|switch|p1b: Calyrex|Calyrex-Shadow, L50|100\/100\n|-ability|p1b: Calyrex|As One\n|-ability|p1b: Calyrex|Unnerve\n|turn|7\n|\n|t:|1740255018\n|move|p2a: Calyrex|Glacial Lance|p1b: Calyrex|[spread] p1a,p1b\n|-crit|p1a: Tatsugiri\n|-damage|p1a: Tatsugiri|0 fnt\n|-damage|p1b: Calyrex|50\/100\n|faint|p1a: Tatsugiri\n|-ability|p2a: Calyrex|Chilling Neigh|boost\n|-boost|p2a: Calyrex|atk|1\n|move|p2b: Ogerpon|Wood Hammer|p1b: Calyrex\n|-damage|p1b: Calyrex|0 fnt\n|faint|p1b: Calyrex\n|-damage|p2b: Ogerpon|0 fnt|[from] Recoil\n|faint|p2b: Ogerpon\n|\n|win|ScribbleScribble\n|raw|leoscerni's rating: 1643 &rarr; <strong>1618<\/strong><br \/>(-25 for losing)\n|raw|ScribbleScribble's rating: 1557 &rarr; <strong>1582<\/strong><br \/>(+25 for winning)\n|l|\u2606ScribbleScribble\n|player|p2|\n|l|\u2606leoscerni\n|player|p1|\n","uploadtime":1740255220,"views":2,"formatid":"gen9vgc2025regg","rating":1582,"private":0,"password":null}