{"id":"gen9vgc2025regg-2305343685","format":"[Gen 9] VGC 2025 Reg G","players":["pneumatictoad","ReReReTryAgain"],"log":"|j|\u2606pneumatictoad\n|j|\u2606ReReReTryAgain\n|t:|1740174609\n|gametype|doubles\n|player|p1|pneumatictoad|2|1711\n|player|p2|ReReReTryAgain|1|1752\n|teamsize|p1|6\n|teamsize|p2|6\n|gen|9\n|tier|[Gen 9] VGC 2025 Reg G\n|rated|\n|rule|Species Clause: Limit one of each Pok\u00e9mon\n|rule|Item Clause: Limit 1 of each item\n|clearpoke\n|poke|p1|Calyrex-Ice, L50|\n|poke|p1|Trapinch, L50, F|\n|poke|p1|Annihilape, L50, M|\n|poke|p1|Pelipper, L50, M|\n|poke|p1|Jigglypuff, L50, M|\n|poke|p1|Ogerpon-Hearthflame, L50, F|\n|poke|p2|Ogerpon-Cornerstone, L50, F|\n|poke|p2|Lunala, L50|\n|poke|p2|Indeedee-F, L50, F|\n|poke|p2|Roaring Moon, L50|\n|poke|p2|Urshifu-*, L50, F|\n|poke|p2|Ursaluna, L50, M|\n|teampreview|4\n|\n|t:|1740174656\n|start\n|switch|p1a: Ogerpon|Ogerpon-Hearthflame, L50, F|100\/100\n|switch|p1b: Calyrex|Calyrex-Ice, L50|100\/100\n|switch|p2a: Roaring Moon|Roaring Moon, L50|100\/100\n|switch|p2b: Lunala|Lunala, L50|100\/100\n|-ability|p1b: Calyrex|As One\n|-ability|p1b: Calyrex|Unnerve\n|-ability|p1a: Ogerpon|Mold Breaker\n|-enditem|p2a: Roaring Moon|Booster Energy\n|-activate|p2a: Roaring Moon|ability: Protosynthesis|[fromitem]\n|-start|p2a: Roaring Moon|protosynthesisspe\n|turn|1\n|\n|t:|1740174674\n|switch|p1a: Jigglypuff|Jigglypuff, L50, M|100\/100\n|-terastallize|p2a: Roaring Moon|Ghost\n|-terastallize|p1b: Calyrex|Grass\n|move|p2a: Roaring Moon|Taunt|p1b: Calyrex\n|-start|p1b: Calyrex|move: Taunt\n|move|p2b: Lunala|Trick Room|p2b: Lunala\n|-fieldstart|move: Trick Room|[of] p2b: Lunala\n|cant|p1b: Calyrex|move: Taunt|Trick Room\n|\n|upkeep\n|turn|2\n|\n|t:|1740174697\n|move|p1a: Jigglypuff|Knock Off|p2a: Roaring Moon\n|-supereffective|p2a: Roaring Moon\n|-damage|p2a: Roaring Moon|81\/100\n|move|p1b: Calyrex|Seed Bomb|p2a: Roaring Moon\n|-damage|p2a: Roaring Moon|22\/100\n|move|p2a: Roaring Moon|Taunt|p1a: Jigglypuff\n|-start|p1a: Jigglypuff|move: Taunt\n|move|p2b: Lunala|Trick Room|p2b: Lunala\n|-fieldend|move: Trick Room\n|\n|upkeep\n|turn|3\n|\n|t:|1740174712\n|move|p2a: Roaring Moon|Knock Off|p1b: Calyrex\n|-damage|p1b: Calyrex|77\/100\n|-enditem|p1b: Calyrex|Covert Cloak|[from] move: Knock Off|[of] p2a: Roaring Moon\n|move|p2b: Lunala|Meteor Beam||[still]\n|-prepare|p2b: Lunala|Meteor Beam\n|-boost|p2b: Lunala|spa|1\n|-enditem|p2b: Lunala|Power Herb\n|-anim|p2b: Lunala|Meteor Beam|p1b: Calyrex|[miss]\n|-miss|p2b: Lunala|p1b: Calyrex\n|move|p1b: Calyrex|Glacial Lance|p2b: Lunala|[spread] p2a,p2b\n|-damage|p2a: Roaring Moon|0 fnt\n|-damage|p2b: Lunala|76\/100\n|faint|p2a: Roaring Moon\n|-end|p2a: Roaring Moon|Protosynthesis|[silent]\n|-ability|p1b: Calyrex|Chilling Neigh|boost\n|-boost|p1b: Calyrex|atk|1\n|move|p1a: Jigglypuff|Knock Off|p2b: Lunala\n|-supereffective|p2b: Lunala\n|-damage|p2b: Lunala|52\/100\n|\n|-end|p1b: Calyrex|move: Taunt\n|upkeep\n|\n|t:|1740174718\n|switch|p2a: Urshifu|Urshifu-Rapid-Strike, L50, F|100\/100\n|turn|4\n|\n|t:|1740174735\n|move|p2a: Urshifu|Close Combat|p1b: Calyrex\n|-damage|p1b: Calyrex|39\/100\n|-unboost|p2a: Urshifu|def|1\n|-unboost|p2a: Urshifu|spd|1\n|-damage|p2a: Urshifu|91\/100|[from] item: Life Orb\n|move|p2b: Lunala|Moongeist Beam|p1b: Calyrex\n|-damage|p1b: Calyrex|0 fnt\n|faint|p1b: Calyrex\n|move|p1a: Jigglypuff|Knock Off|p2a: Urshifu\n|-resisted|p2a: Urshifu\n|-damage|p2a: Urshifu|82\/100\n|-enditem|p2a: Urshifu|Life Orb|[from] move: Knock Off|[of] p1a: Jigglypuff\n|\n|upkeep\n|\n|t:|1740174742\n|switch|p1b: Ogerpon|Ogerpon-Hearthflame, L50, F|100\/100\n|-ability|p1b: Ogerpon|Mold Breaker\n|turn|5\n|\n|t:|1740174762\n|move|p1b: Ogerpon|Wood Hammer|p2a: Urshifu\n|-supereffective|p2a: Urshifu\n|-damage|p2a: Urshifu|0 fnt\n|faint|p2a: Urshifu\n|-damage|p1b: Ogerpon|69\/100|[from] Recoil\n|move|p2b: Lunala|Moongeist Beam|p1b: Ogerpon\n|-damage|p1b: Ogerpon|0 fnt\n|faint|p1b: Ogerpon\n|move|p1a: Jigglypuff|Knock Off|p2b: Lunala\n|-supereffective|p2b: Lunala\n|-damage|p2b: Lunala|25\/100\n|\n|-end|p1a: Jigglypuff|move: Taunt\n|upkeep\n|\n|t:|1740174765\n|switch|p1b: Pelipper|Pelipper, L50, M|100\/100\n|switch|p2a: Ogerpon|Ogerpon-Cornerstone, L50, F|100\/100\n|-weather|RainDance|[from] ability: Drizzle|[of] p1b: Pelipper\n|turn|6\n|\n|t:|1740174771\n|move|p1b: Pelipper|Protect|p1b: Pelipper\n|-singleturn|p1b: Pelipper|Protect\n|move|p2a: Ogerpon|Ivy Cudgel|p1b: Pelipper|[anim] Ivy Cudgel Rock\n|-activate|p1b: Pelipper|move: Protect\n|move|p2b: Lunala|Moongeist Beam|p1b: Pelipper\n|-activate|p1b: Pelipper|move: Protect\n|move|p1a: Jigglypuff|Perish Song|p1a: Jigglypuff\n|-start|p1a: Jigglypuff|perish3|[silent]\n|-start|p1b: Pelipper|perish3|[silent]\n|-start|p2a: Ogerpon|perish3|[silent]\n|-start|p2b: Lunala|perish3|[silent]\n|-fieldactivate|move: Perish Song\n|\n|-weather|RainDance|[upkeep]\n|-start|p2a: Ogerpon|perish3\n|-start|p2b: Lunala|perish3\n|-start|p1b: Pelipper|perish3\n|-start|p1a: Jigglypuff|perish3\n|upkeep\n|turn|7\n|\n|t:|1740174800\n|move|p2a: Ogerpon|Follow Me|p2a: Ogerpon\n|-singleturn|p2a: Ogerpon|move: Follow Me\n|move|p1b: Pelipper|Weather Ball|p2a: Ogerpon\n|-damage|p2a: Ogerpon|23\/100\n|move|p1a: Jigglypuff|Knock Off|p2a: Ogerpon\n|-damage|p2a: Ogerpon|13\/100\n|move|p2b: Lunala|Trick Room|p2b: Lunala\n|-fieldstart|move: Trick Room|[of] p2b: Lunala\n|\n|-weather|RainDance|[upkeep]\n|-start|p1a: Jigglypuff|perish2\n|-start|p1b: Pelipper|perish2\n|-start|p2b: Lunala|perish2\n|-start|p2a: Ogerpon|perish2\n|upkeep\n|turn|8\n|\n|t:|1740174819\n|move|p2a: Ogerpon|Spiky Shield|p2a: Ogerpon\n|-singleturn|p2a: Ogerpon|move: Protect\n|move|p1a: Jigglypuff|Knock Off|p2b: Lunala\n|-supereffective|p2b: Lunala\n|-damage|p2b: Lunala|0 fnt\n|faint|p2b: Lunala\n|move|p1b: Pelipper|Weather Ball|p2a: Ogerpon\n|-activate|p2a: Ogerpon|move: Protect\n|\n|-weather|RainDance|[upkeep]\n|-start|p1a: Jigglypuff|perish1\n|-start|p1b: Pelipper|perish1\n|-start|p2a: Ogerpon|perish1\n|upkeep\n|turn|9\n|\n|t:|1740174830\n|move|p2a: Ogerpon|Spiky Shield||[still]\n|-fail|p2a: Ogerpon\n|move|p1a: Jigglypuff|Knock Off|p2a: Ogerpon\n|-damage|p2a: Ogerpon|4\/100\n|move|p1b: Pelipper|Weather Ball|p2a: Ogerpon\n|-damage|p2a: Ogerpon|0 fnt\n|faint|p2a: Ogerpon\n|\n|win|pneumatictoad\n|raw|pneumatictoad's rating: 1711 &rarr; <strong>1733<\/strong><br \/>(+22 for winning)\n|raw|ReReReTryAgain's rating: 1752 &rarr; <strong>1730<\/strong><br \/>(-22 for losing)\n|c|\u2606pneumatictoad|gg\n|c|\u2606ReReReTryAgain|Gg\n|l|\u2606pneumatictoad\n|player|p1|\n|l|\u2606ReReReTryAgain\n|player|p2|\n","uploadtime":1740174835,"views":25,"formatid":"gen9vgc2025regg","rating":1730,"private":0,"password":null}