{"id":"gen9vgc2025regg-2305364199","format":"[Gen 9] VGC 2025 Reg G","players":["PictoChatVGC","legndrygoatedXD69"],"log":"|j|\u2606PictoChatVGC\n|j|\u2606legndrygoatedXD69\n|t:|1740177020\n|gametype|doubles\n|player|p1|PictoChatVGC|skier|1523\n|player|p2|legndrygoatedXD69|169|1600\n|teamsize|p1|6\n|teamsize|p2|6\n|gen|9\n|tier|[Gen 9] VGC 2025 Reg G\n|rated|\n|rule|Species Clause: Limit one of each Pok\u00e9mon\n|rule|Item Clause: Limit 1 of each item\n|clearpoke\n|poke|p1|Calyrex-Ice, L50|\n|poke|p1|Landorus, L50, M|\n|poke|p1|Ogerpon-Cornerstone, L50, F|\n|poke|p1|Pelipper, L50, F|\n|poke|p1|Raging Bolt, L50|\n|poke|p1|Urshifu-*, L50, M|\n|poke|p2|Tornadus, L50, M|\n|poke|p2|Calyrex-Shadow, L50|\n|poke|p2|Urshifu-*, L50, M|\n|poke|p2|Indeedee-F, L50, F|\n|poke|p2|Ogerpon-Hearthflame, L50, F|\n|poke|p2|Annihilape, L50, F|\n|teampreview|4\n|\n|t:|1740177074\n|start\n|switch|p1a: Urshifu|Urshifu, L50, M|100\/100\n|switch|p1b: Landorus|Landorus, L50, M|100\/100\n|switch|p2a: Tornadus|Tornadus, L50, M|100\/100\n|switch|p2b: Urshifu|Urshifu-Rapid-Strike, L50, M|100\/100\n|turn|1\n|\n|t:|1740177105\n|move|p1b: Landorus|U-turn|p2b: Urshifu\n|-resisted|p2b: Urshifu\n|-damage|p2b: Urshifu|91\/100\n|\n|t:|1740177109\n|switch|p1b: Ogerpon|Ogerpon-Cornerstone, L50, F|100\/100|[from] U-turn\n|move|p2a: Tornadus|Bleakwind Storm|p1a: Urshifu|[spread] p1a\n|-miss|p2a: Tornadus|p1b: Ogerpon\n|-supereffective|p1a: Urshifu\n|-enditem|p1a: Urshifu|Focus Sash\n|-damage|p1a: Urshifu|1\/100\n|-unboost|p1a: Urshifu|spe|1\n|move|p2b: Urshifu|Surging Strikes|p1b: Ogerpon\n|-crit|p1b: Ogerpon\n|-damage|p1b: Ogerpon|60\/100\n|-crit|p1b: Ogerpon\n|-damage|p1b: Ogerpon|19\/100\n|-crit|p1b: Ogerpon\n|-damage|p1b: Ogerpon|0 fnt\n|faint|p1b: Ogerpon\n|-hitcount|p1: Ogerpon|3\n|move|p1a: Urshifu|Close Combat|p2b: Urshifu\n|-damage|p2b: Urshifu|19\/100\n|-unboost|p1a: Urshifu|def|1\n|-unboost|p1a: Urshifu|spd|1\n|\n|upkeep\n|\n|t:|1740177139\n|switch|p1b: Calyrex|Calyrex-Ice, L50|100\/100\n|-ability|p1b: Calyrex|As One\n|-ability|p1b: Calyrex|Unnerve\n|turn|2\n|\n|t:|1740177186\n|-terastallize|p1b: Calyrex|Water\n|move|p1a: Urshifu|Sucker Punch|p2b: Urshifu\n|-resisted|p2b: Urshifu\n|-damage|p2b: Urshifu|0 fnt\n|faint|p2b: Urshifu\n|move|p2a: Tornadus|Bleakwind Storm|p1a: Urshifu|[spread] p1a,p1b\n|-supereffective|p1a: Urshifu\n|-damage|p1a: Urshifu|0 fnt\n|-damage|p1b: Calyrex|74\/100\n|faint|p1a: Urshifu\n|move|p1b: Calyrex|Trick Room|p1b: Calyrex\n|-fieldstart|move: Trick Room|[of] p1b: Calyrex\n|\n|upkeep\n|\n|t:|1740177195\n|switch|p1a: Landorus|Landorus, L50, M|100\/100\n|switch|p2b: Indeedee|Indeedee-F, L50, F|100\/100\n|-fieldstart|move: Psychic Terrain|[from] ability: Psychic Surge|[of] p2b: Indeedee\n|turn|3\n|\n|t:|1740177217\n|-terastallize|p2a: Tornadus|Ghost\n|move|p1b: Calyrex|Glacial Lance|p2b: Indeedee|[spread] p2a,p2b\n|-crit|p2b: Indeedee\n|-damage|p2a: Tornadus|10\/100\n|-damage|p2b: Indeedee|7\/100\n|move|p2a: Tornadus|Bleakwind Storm|p1a: Landorus|[spread] p1a,p1b\n|-damage|p1a: Landorus|47\/100\n|-damage|p1b: Calyrex|47\/100\n|-unboost|p1a: Landorus|spe|1\n|move|p1a: Landorus|Earth Power|p2b: Indeedee\n|-damage|p2b: Indeedee|0 fnt\n|faint|p2b: Indeedee\n|\n|upkeep\n|\n|t:|1740177229\n|switch|p2b: Calyrex|Calyrex-Shadow, L50|100\/100\n|-ability|p2b: Calyrex|As One\n|-ability|p2b: Calyrex|Unnerve\n|turn|4\n|\n|t:|1740177254\n|move|p2b: Calyrex|Protect|p2b: Calyrex\n|-singleturn|p2b: Calyrex|Protect\n|move|p1b: Calyrex|Glacial Lance|p2a: Tornadus|[spread] p2a\n|-activate|p2b: Calyrex|move: Protect\n|-damage|p2a: Tornadus|0 fnt\n|faint|p2a: Tornadus\n|-ability|p1b: Calyrex|Chilling Neigh|boost\n|-boost|p1b: Calyrex|atk|1\n|move|p1a: Landorus|Earth Power|p2b: Calyrex\n|-activate|p2b: Calyrex|move: Protect\n|\n|upkeep\n|turn|5\n|\n|t:|1740177259\n|move|p2b: Calyrex|Protect|p2b: Calyrex\n|-singleturn|p2b: Calyrex|Protect\n|move|p1b: Calyrex|Glacial Lance|p2b: Calyrex\n|-activate|p2b: Calyrex|move: Protect\n|move|p1a: Landorus|Earth Power|p2b: Calyrex\n|-activate|p2b: Calyrex|move: Protect\n|\n|upkeep\n|turn|6\n|\n|t:|1740177272\n|move|p2b: Calyrex|Protect||[still]\n|-fail|p2b: Calyrex\n|move|p1b: Calyrex|Glacial Lance|p2b: Calyrex\n|-damage|p2b: Calyrex|0 fnt\n|faint|p2b: Calyrex\n|\n|win|PictoChatVGC\n|raw|PictoChatVGC's rating: 1523 &rarr; <strong>1547<\/strong><br \/>(+24 for winning)\n|raw|legndrygoatedXD69's rating: 1600 &rarr; <strong>1576<\/strong><br \/>(-24 for losing)\n|l|\u2606legndrygoatedXD69\n|player|p2|\n","uploadtime":1740177288,"views":26,"formatid":"gen9vgc2025regg","rating":1547,"private":0,"password":null}