{"id":"gen9vgc2025regg-2305105252","format":"[Gen 9] VGC 2025 Reg G","players":["GenghisHakan","ryanplaytv"],"log":"|j|\u2606GenghisHakan\n|j|\u2606ryanplaytv\n|t:|1740149334\n|gametype|doubles\n|player|p1|GenghisHakan|chuck|1572\n|player|p2|ryanplaytv|hiker-gen4|1623\n|teamsize|p1|6\n|teamsize|p2|6\n|gen|9\n|tier|[Gen 9] VGC 2025 Reg G\n|rated|\n|rule|Species Clause: Limit one of each Pok\u00e9mon\n|rule|Item Clause: Limit 1 of each item\n|clearpoke\n|poke|p1|Koraidon, L50|\n|poke|p1|Flutter Mane, L50|\n|poke|p1|Entei, L50|\n|poke|p1|Raging Bolt, L50|\n|poke|p1|Umbreon, L50, F|\n|poke|p1|Ogerpon-Cornerstone, L50, F|\n|poke|p2|Calyrex-Ice, L50|\n|poke|p2|Ursaluna-Bloodmoon, L50, M|\n|poke|p2|Indeedee-F, L50, F|\n|poke|p2|Hatterene, L50, F|\n|poke|p2|Gallade, L50, M|\n|poke|p2|Torkoal, L50, F|\n|teampreview|4\n|inactive|Battle timer is ON: inactive players will automatically lose when time's up. (requested by GenghisHakan)\n|inactive|GenghisHakan has 60 seconds left.\n|\n|t:|1740149387\n|start\n|switch|p1a: Umbreon|Umbreon, L50, F, shiny|100\/100\n|switch|p1b: Koraidon|Koraidon, L50|100\/100\n|switch|p2a: Calyrex|Calyrex-Ice, L50|100\/100\n|switch|p2b: Indeedee|Indeedee-F, L50, F|100\/100\n|-ability|p2a: Calyrex|As One\n|-ability|p2a: Calyrex|Unnerve\n|-weather|SunnyDay|[from] ability: Orichalcum Pulse|[of] p1b: Koraidon\n|-activate|p1b: Koraidon|Orichalcum Pulse|[source]\n|-fieldstart|move: Psychic Terrain|[from] ability: Psychic Surge|[of] p2b: Indeedee\n|-enditem|p2b: Indeedee|Psychic Seed\n|-boost|p2b: Indeedee|spd|1|[from] item: Psychic Seed\n|turn|1\n|\n|t:|1740149407\n|-terastallize|p1b: Koraidon|Fire\n|move|p2b: Indeedee|Follow Me|p2b: Indeedee\n|-singleturn|p2b: Indeedee|move: Follow Me\n|move|p1b: Koraidon|Flare Blitz|p2b: Indeedee\n|-damage|p2b: Indeedee|0 fnt\n|faint|p2b: Indeedee\n|-damage|p1b: Koraidon|70\/100|[from] Recoil\n|move|p1a: Umbreon|Taunt|p2a: Calyrex\n|-start|p2a: Calyrex|move: Taunt\n|cant|p2a: Calyrex|move: Taunt|Trick Room\n|\n|-weather|SunnyDay|[upkeep]\n|upkeep\n|\n|t:|1740149420\n|switch|p2b: Hatterene|Hatterene, L50, F|100\/100\n|turn|2\n|\n|t:|1740149442\n|-terastallize|p2a: Calyrex|Fire\n|move|p1b: Koraidon|Scale Shot|p2b: Hatterene\n|-immune|p2b: Hatterene\n|move|p1a: Umbreon|Yawn|p2a: Calyrex\n|-start|p2a: Calyrex|move: Yawn|[of] p1a: Umbreon\n|move|p2a: Calyrex|High Horsepower|p1b: Koraidon\n|-supereffective|p1b: Koraidon\n|-damage|p1b: Koraidon|0 fnt\n|faint|p1b: Koraidon\n|-ability|p2a: Calyrex|Chilling Neigh|boost\n|-boost|p2a: Calyrex|atk|1\n|move|p2b: Hatterene|Trick Room|p2b: Hatterene\n|-fieldstart|move: Trick Room|[of] p2b: Hatterene\n|\n|-weather|SunnyDay|[upkeep]\n|upkeep\n|\n|t:|1740149456\n|switch|p1b: Ogerpon|Ogerpon-Cornerstone, L50, F|100\/100\n|turn|3\n|\n|t:|1740149464\n|switch|p2a: Ursaluna|Ursaluna-Bloodmoon, L50, M|100\/100\n|move|p1a: Umbreon|Protect|p1a: Umbreon\n|-singleturn|p1a: Umbreon|Protect\n|move|p1b: Ogerpon|Spiky Shield|p1b: Ogerpon\n|-singleturn|p1b: Ogerpon|move: Protect\n|move|p2b: Hatterene|Dazzling Gleam|p1b: Ogerpon|[spread] \n|-activate|p1a: Umbreon|move: Protect\n|-activate|p1b: Ogerpon|move: Protect\n|\n|-weather|SunnyDay|[upkeep]\n|upkeep\n|turn|4\n|\n|t:|1740149486\n|move|p2b: Hatterene|Dazzling Gleam|p1b: Ogerpon|[spread] p1a,p1b\n|-supereffective|p1a: Umbreon\n|-damage|p1a: Umbreon|39\/100\n|-damage|p1b: Ogerpon|50\/100\n|-damage|p2b: Hatterene|91\/100|[from] item: Life Orb\n|move|p2a: Ursaluna|Blood Moon|p1a: Umbreon\n|-damage|p1a: Umbreon|0 fnt\n|faint|p1a: Umbreon\n|move|p1b: Ogerpon|Ivy Cudgel|p2b: Hatterene|[anim] Ivy Cudgel Rock\n|-damage|p2b: Hatterene|18\/100\n|\n|-weather|SunnyDay|[upkeep]\n|upkeep\n|\n|t:|1740149497\n|switch|p1a: Raging Bolt|Raging Bolt, L50|100\/100\n|-activate|p1a: Raging Bolt|ability: Protosynthesis\n|-start|p1a: Raging Bolt|protosynthesisspa\n|turn|5\n|-message|GenghisHakan forfeited.\n|\n|win|ryanplaytv\n|raw|GenghisHakan's rating: 1572 &rarr; <strong>1555<\/strong><br \/>(-17 for losing)\n|raw|ryanplaytv's rating: 1623 &rarr; <strong>1640<\/strong><br \/>(+17 for winning)\n|l|\u2606GenghisHakan\n|player|p1|\n|l|\u2606ryanplaytv\n|player|p2|\n","uploadtime":1740149745,"views":4,"formatid":"gen9vgc2025regg","rating":1555,"private":0,"password":null}