{"id":"gen9vgc2024regh-2176633411","format":"[Gen 9] VGC 2024 Reg H","players":["Krisuerte","Waffles4breakfast"],"log":"|j|\u2606Krisuerte\n|j|\u2606Waffles4breakfast\n|t:|1723205879\n|gametype|doubles\n|player|p1|Krisuerte|170|1691\n|player|p2|Waffles4breakfast|170|1660\n|teamsize|p1|6\n|teamsize|p2|6\n|gen|9\n|tier|[Gen 9] VGC 2024 Reg H\n|rated|\n|rule|Species Clause: Limit one of each Pok\u00e9mon\n|rule|Item Clause: Limit one of each item\n|clearpoke\n|poke|p1|Tyranitar, L50, M|\n|poke|p1|Gholdengo, L50|\n|poke|p1|Murkrow, L50, M|\n|poke|p1|Garchomp, L50, M|\n|poke|p1|Lycanroc, L50, F|\n|poke|p1|Milotic, L50, F|\n|poke|p2|Archaludon, L50, M|\n|poke|p2|Pelipper, L50, M|\n|poke|p2|Basculegion, L50, M|\n|poke|p2|Amoonguss, L50, M|\n|poke|p2|Gholdengo, L50|\n|poke|p2|Murkrow, L50, M|\n|teampreview|4\n|inactive|Battle timer is ON: inactive players will automatically lose when time's up. (requested by Waffles4breakfast)\n|\n|t:|1723205897\n|start\n|switch|p1a: Murkrow|Murkrow, L50, M|100\/100\n|switch|p1b: Gholdengo|Gholdengo, L50|100\/100\n|switch|p2a: Gholdengo|Gholdengo, L50|100\/100\n|switch|p2b: Murkrow|Murkrow, L50, M|100\/100\n|turn|1\n|\n|t:|1723205913\n|-terastallize|p2a: Gholdengo|Steel\n|-terastallize|p1b: Gholdengo|Steel\n|move|p2b: Murkrow|Tailwind|p2b: Murkrow\n|-sidestart|p2: Waffles4breakfast|move: Tailwind\n|move|p1a: Murkrow|Tailwind|p1a: Murkrow\n|-sidestart|p1: Krisuerte|move: Tailwind\n|move|p2a: Gholdengo|Make It Rain|p1a: Murkrow|[spread] p1a,p1b\n|-resisted|p1b: Gholdengo\n|-damage|p1a: Murkrow|0 fnt\n|-damage|p1b: Gholdengo|52\/100\n|-unboost|p2a: Gholdengo|spa|1\n|faint|p1a: Murkrow\n|move|p1b: Gholdengo|Make It Rain|p2b: Murkrow|[spread] p2a,p2b\n|-resisted|p2a: Gholdengo\n|-damage|p2a: Gholdengo|42\/100\n|-damage|p2b: Murkrow|6\/100\n|-unboost|p1b: Gholdengo|spa|1\n|\n|upkeep\n|j| shanehuang99\n|inactive|Krisuerte has 30 seconds left.\n|\n|t:|1723205947\n|switch|p1a: Garchomp|Garchomp, L50, M|100\/100\n|turn|2\n|\n|t:|1723205954\n|move|p1a: Garchomp|Protect|p1a: Garchomp\n|-singleturn|p1a: Garchomp|Protect\n|move|p2b: Murkrow|Quash|p1a: Garchomp\n|-activate|p1a: Garchomp|move: Protect\n|move|p2a: Gholdengo|Make It Rain|p1b: Gholdengo|[spread] p1b\n|-activate|p1a: Garchomp|move: Protect\n|-resisted|p1b: Gholdengo\n|-damage|p1b: Gholdengo|19\/100\n|-unboost|p2a: Gholdengo|spa|1\n|move|p1b: Gholdengo|Make It Rain|p2a: Gholdengo|[spread] p2a,p2b\n|-resisted|p2a: Gholdengo\n|-damage|p2a: Gholdengo|1\/100\n|-damage|p2b: Murkrow|0 fnt\n|-unboost|p1b: Gholdengo|spa|1\n|faint|p2b: Murkrow\n|\n|upkeep\n|\n|t:|1723205958\n|switch|p2b: Basculegion|Basculegion, L50, M|100\/100\n|turn|3\n|\n|t:|1723205981\n|move|p2a: Gholdengo|Make It Rain|p1a: Garchomp|[spread] p1a,p1b\n|-resisted|p1b: Gholdengo\n|-damage|p1a: Garchomp|52\/100\n|-damage|p1b: Gholdengo|0 fnt\n|-unboost|p2a: Gholdengo|spa|1\n|faint|p1b: Gholdengo\n|move|p2b: Basculegion|Last Respects|p1a: Garchomp\n|-damage|p1a: Garchomp|0 fnt\n|faint|p1a: Garchomp\n|\n|upkeep\n|\n|t:|1723205995\n|switch|p1b: Tyranitar|Tyranitar, L50, M|100\/100\n|-weather|Sandstorm|[from] ability: Sand Stream|[of] p1b: Tyranitar\n|turn|4\n|j| lori Kitahara\n|\n|t:|1723206009\n|switch|p2a: Pelipper|Pelipper, L50, M|100\/100\n|-weather|RainDance|[from] ability: Drizzle|[of] p2a: Pelipper\n|move|p2b: Basculegion|Last Respects|p1b: Tyranitar\n|-resisted|p1b: Tyranitar\n|-damage|p1b: Tyranitar|74\/100\n|move|p1b: Tyranitar|Rock Slide|p2b: Basculegion|[spread] p2a,p2b\n|-supereffective|p2a: Pelipper\n|-crit|p2b: Basculegion\n|-damage|p2a: Pelipper|20\/100\n|-damage|p2b: Basculegion|33\/100\n|\n|-weather|RainDance|[upkeep]\n|-sideend|p2: Waffles4breakfast|move: Tailwind\n|-sideend|p1: Krisuerte|move: Tailwind\n|upkeep\n|turn|5\n|\n|t:|1723206029\n|move|p2b: Basculegion|Last Respects|p1b: Tyranitar\n|-resisted|p1b: Tyranitar\n|-damage|p1b: Tyranitar|48\/100\n|move|p2a: Pelipper|Weather Ball|p1b: Tyranitar\n|-supereffective|p1b: Tyranitar\n|-damage|p1b: Tyranitar|0 fnt\n|faint|p1b: Tyranitar\n|\n|win|Waffles4breakfast\n|raw|Krisuerte's rating: 1691 &rarr; <strong>1669<\/strong><br \/>(-22 for losing)\n|raw|Waffles4breakfast's rating: 1660 &rarr; <strong>1682<\/strong><br \/>(+22 for winning)\n|l| shanehuang99\n|l|\u2606Waffles4breakfast\n|player|p2|\n|l|\u2606Krisuerte\n|player|p1|\n","uploadtime":1723206290,"views":420,"formatid":"gen9vgc2024regh","rating":1669,"private":0,"password":null}