{"id":"gen9vgc2024regh-2179445127","format":"[Gen 9] VGC 2024 Reg H","players":["MomeriA12","Krisuerte"],"log":"|j|\u2606MomeriA12\n|j|\u2606Krisuerte\n|t:|1723573356\n|gametype|doubles\n|player|p1|MomeriA12|265|1737\n|player|p2|Krisuerte|1|1658\n|teamsize|p1|6\n|teamsize|p2|6\n|gen|9\n|tier|[Gen 9] VGC 2024 Reg H\n|rated|\n|rule|Species Clause: Limit one of each Pok\u00e9mon\n|rule|Item Clause: Limit 1 of each item\n|clearpoke\n|poke|p1|Staraptor, L50, M|\n|poke|p1|Hydreigon, L50, M|\n|poke|p1|Lilligant-Hisui, L50, F|\n|poke|p1|Torkoal, L50, M|\n|poke|p1|Ursaluna, L50, F|\n|poke|p1|Farigiraf, L50, F|\n|poke|p2|Tyranitar, L50, M|\n|poke|p2|Gholdengo, L50|\n|poke|p2|Murkrow, L50, M|\n|poke|p2|Garchomp, L50, F|\n|poke|p2|Lycanroc, L50, F|\n|poke|p2|Milotic, L50, F|\n|teampreview|4\n|j| multicrack office\n|\n|t:|1723573392\n|start\n|switch|p1a: Lilligant|Lilligant-Hisui, L50, F|100\/100\n|switch|p1b: Torkoal|Torkoal, L50, M|100\/100\n|switch|p2a: Murkrow|Murkrow, L50, M|100\/100\n|switch|p2b: Gholdengo|Gholdengo, L50|100\/100\n|-weather|SunnyDay|[from] ability: Drought|[of] p1b: Torkoal\n|turn|1\n|\n|t:|1723573442\n|switch|p2b: Tyranitar|Tyranitar, L50, M|100\/100\n|-weather|Sandstorm|[from] ability: Sand Stream|[of] p2b: Tyranitar\n|-terastallize|p1b: Torkoal|Fire\n|move|p2a: Murkrow|Tailwind|p2a: Murkrow\n|-sidestart|p2: Krisuerte|move: Tailwind\n|move|p1a: Lilligant|After You|p1b: Torkoal\n|-activate|p1b: Torkoal|move: After You\n|move|p1b: Torkoal|Eruption|p2b: Tyranitar|[spread] p2a,p2b\n|-resisted|p2b: Tyranitar\n|-damage|p2a: Murkrow|25\/100\n|-damage|p2b: Tyranitar|85\/100\n|\n|-weather|Sandstorm|[upkeep]\n|-damage|p2a: Murkrow|19\/100|[from] Sandstorm\n|-damage|p1a: Lilligant|94\/100|[from] Sandstorm\n|-damage|p1b: Torkoal|94\/100|[from] Sandstorm\n|upkeep\n|turn|2\n|j| sileshar\n|\n|t:|1723573470\n|switch|p2a: Garchomp|Garchomp, L50, F|100\/100\n|switch|p1b: Ursaluna|Ursaluna, L50, F|100\/100\n|-terastallize|p2b: Tyranitar|Flying\n|move|p1a: Lilligant|Protect|p1a: Lilligant\n|-singleturn|p1a: Lilligant|Protect\n|move|p2b: Tyranitar|Tera Blast|p1a: Lilligant|[anim] Tera Blast Flying\n|-activate|p1a: Lilligant|move: Protect\n|\n|-weather|Sandstorm|[upkeep]\n|-damage|p1a: Lilligant|88\/100|[from] Sandstorm\n|-damage|p2b: Tyranitar|79\/100|[from] Sandstorm\n|-status|p1b: Ursaluna|brn|[from] item: Flame Orb\n|upkeep\n|turn|3\n|\n|t:|1723573503\n|switch|p1a: Torkoal|Torkoal, L50, M, tera:Fire|94\/100\n|-weather|SunnyDay|[from] ability: Drought|[of] p1a: Torkoal\n|move|p1b: Ursaluna|Protect|p1b: Ursaluna\n|-singleturn|p1b: Ursaluna|Protect\n|move|p2a: Garchomp|Earthquake|p1b: Ursaluna|[spread] p1a\n|-activate|p1b: Ursaluna|move: Protect\n|-immune|p2b: Tyranitar\n|-supereffective|p1a: Torkoal\n|-damage|p1a: Torkoal|29\/100\n|move|p2b: Tyranitar|Low Kick|p1b: Ursaluna\n|-activate|p1b: Ursaluna|move: Protect\n|\n|-weather|SunnyDay|[upkeep]\n|-damage|p1b: Ursaluna|95\/100 brn|[from] brn\n|upkeep\n|turn|4\n|\n|t:|1723573536\n|switch|p1b: Farigiraf|Farigiraf, L50, F|100\/100\n|move|p1a: Torkoal|Protect|p1a: Torkoal\n|-singleturn|p1a: Torkoal|Protect\n|move|p2a: Garchomp|Earthquake|p1a: Torkoal|[spread] p1b\n|-activate|p1a: Torkoal|move: Protect\n|-immune|p2b: Tyranitar\n|-damage|p1b: Farigiraf|61\/100\n|move|p2b: Tyranitar|Knock Off|p1b: Farigiraf\n|-supereffective|p1b: Farigiraf\n|-damage|p1b: Farigiraf|0 fnt\n|-enditem|p1b: Farigiraf|Sitrus Berry|[from] move: Knock Off|[of] p2b: Tyranitar\n|faint|p1b: Farigiraf\n|\n|-weather|SunnyDay|[upkeep]\n|-sideend|p2: Krisuerte|move: Tailwind\n|upkeep\n|\n|t:|1723573556\n|switch|p1b: Lilligant|Lilligant-Hisui, L50, F|88\/100\n|turn|5\n|\n|t:|1723573580\n|move|p1b: Lilligant|Sleep Powder|p2a: Garchomp\n|-status|p2a: Garchomp|slp|[from] move: Sleep Powder\n|cant|p2a: Garchomp|slp\n|move|p2b: Tyranitar|Tera Blast|p1b: Lilligant|[anim] Tera Blast Flying\n|-supereffective|p1b: Lilligant\n|-damage|p1b: Lilligant|0 fnt\n|faint|p1b: Lilligant\n|move|p1a: Torkoal|Flamethrower|p2b: Tyranitar\n|-damage|p2b: Tyranitar|20\/100\n|\n|-weather|SunnyDay|[upkeep]\n|upkeep\n|\n|t:|1723573590\n|switch|p1b: Ursaluna|Ursaluna, L50, F|95\/100 brn\n|turn|6\n|\n|t:|1723573603\n|switch|p2b: Murkrow|Murkrow, L50, M|19\/100\n|move|p1b: Ursaluna|Protect|p1b: Ursaluna\n|-singleturn|p1b: Ursaluna|Protect\n|-curestatus|p2a: Garchomp|slp|[msg]\n|move|p2a: Garchomp|Earthquake|p1a: Torkoal|[spread] p1a\n|-activate|p1b: Ursaluna|move: Protect\n|-immune|p2b: Murkrow\n|-supereffective|p1a: Torkoal\n|-damage|p1a: Torkoal|0 fnt\n|faint|p1a: Torkoal\n|\n|-weather|SunnyDay|[upkeep]\n|-damage|p1b: Ursaluna|89\/100 brn|[from] brn\n|upkeep\n|turn|7\n|j| JokertheGreat\n|\n|t:|1723573623\n|move|p2a: Garchomp|Scale Shot|p1b: Ursaluna\n|-damage|p1b: Ursaluna|77\/100 brn\n|-damage|p1b: Ursaluna|67\/100 brn\n|-damage|p1b: Ursaluna|56\/100 brn\n|-damage|p1b: Ursaluna|45\/100 brn\n|-hitcount|p1b: Ursaluna|4\n|-unboost|p2a: Garchomp|def|1\n|-boost|p2a: Garchomp|spe|1\n|move|p2b: Murkrow|Foul Play|p1b: Ursaluna\n|-damage|p1b: Ursaluna|2\/100 brn\n|move|p1b: Ursaluna|Facade|p2a: Garchomp\n|-damage|p2a: Garchomp|0 fnt\n|faint|p2a: Garchomp\n|\n|-weather|none\n|-damage|p1b: Ursaluna|0 fnt|[from] brn\n|faint|p1b: Ursaluna\n|\n|win|Krisuerte\n|upkeep\n|raw|MomeriA12's rating: 1737 &rarr; <strong>1713<\/strong><br \/>(-24 for losing)\n|raw|Krisuerte's rating: 1658 &rarr; <strong>1682<\/strong><br \/>(+24 for winning)\n|l| JokertheGreat\n|l|\u2606MomeriA12\n|player|p1|\n|l| multicrack office\n|l|\u2606Krisuerte\n|player|p2|\n","uploadtime":1723573834,"views":498,"formatid":"gen9vgc2024regh","rating":1682,"private":0,"password":null}