{"id":"gen9vgc2024regh-2182458117","format":"[Gen 9] VGC 2024 Reg H","players":["fangame10","blooddealer"],"log":"|j|\u2606fangame10\n|j|\u2606blooddealer\n|t:|1723969969\n|gametype|doubles\n|player|p1|fangame10|red|1699\n|player|p2|blooddealer|palmer|1687\n|teamsize|p1|6\n|teamsize|p2|6\n|gen|9\n|tier|[Gen 9] VGC 2024 Reg H\n|rated|\n|rule|Species Clause: Limit one of each Pok\u00e9mon\n|rule|Item Clause: Limit 1 of each item\n|clearpoke\n|poke|p1|Glaceon, L50, F|\n|poke|p1|Ninetales-Alola, L50, F|\n|poke|p1|Milotic, L50, M|\n|poke|p1|Skeledirge, L50, F|\n|poke|p1|Ursaluna, L50, M|\n|poke|p1|Sinistcha-Masterpiece, L50|\n|poke|p2|Chandelure, L50, M|\n|poke|p2|Whimsicott, L50, M|\n|poke|p2|Gallade, L50, M|\n|poke|p2|Kingambit, L50, M|\n|poke|p2|Rillaboom, L50, F|\n|poke|p2|Talonflame, L50, F|\n|teampreview|4\n|inactive|Battle timer is ON: inactive players will automatically lose when time's up. (requested by blooddealer)\n|inactive|fangame10 also wants the timer to be on.\n|j| Aevyth\n|j| Tian15\n|inactive|fangame10 has 60 seconds left.\n|\n|t:|1723970017\n|start\n|switch|p1a: Skeledirge|Skeledirge, L50, F, shiny|100\/100\n|switch|p1b: Ninetales|Ninetales-Alola, L50, F, shiny|100\/100\n|switch|p2a: Rillaboom|Rillaboom, L50, F|100\/100\n|switch|p2b: Chandelure|Chandelure, L50, M|100\/100\n|-weather|Snow|[from] ability: Snow Warning|[of] p1b: Ninetales\n|-fieldstart|move: Grassy Terrain|[from] ability: Grassy Surge|[of] p2a: Rillaboom\n|turn|1\n|\n|t:|1723970035\n|switch|p1b: Milotic|Milotic, L50, M, shiny|100\/100\n|move|p2a: Rillaboom|Fake Out|p1b: Milotic\n|-damage|p1b: Milotic|86\/100\n|move|p1a: Skeledirge|Shadow Ball|p2b: Chandelure\n|-supereffective|p2b: Chandelure\n|-damage|p2b: Chandelure|6\/100\n|move|p2b: Chandelure|Trick Room|p2b: Chandelure\n|-fieldstart|move: Trick Room|[of] p2b: Chandelure\n|\n|-weather|Snow|[upkeep]\n|-heal|p2b: Chandelure|12\/100|[from] Grassy Terrain\n|-heal|p1b: Milotic|92\/100|[from] Grassy Terrain\n|-heal|p1b: Milotic|98\/100|[from] item: Leftovers\n|upkeep\n|turn|2\n|inactive|blooddealer has 30 seconds left.\n|\n|t:|1723970063\n|move|p2b: Chandelure|Shadow Ball|p1a: Skeledirge\n|-supereffective|p1a: Skeledirge\n|-crit|p1a: Skeledirge\n|-damage|p1a: Skeledirge|1\/100\n|move|p2a: Rillaboom|Wood Hammer|p1b: Milotic\n|-supereffective|p1b: Milotic\n|-damage|p1b: Milotic|0 fnt\n|faint|p1b: Milotic\n|-damage|p2a: Rillaboom|67\/100|[from] Recoil\n|move|p1a: Skeledirge|Torch Song|p2a: Rillaboom\n|-supereffective|p2a: Rillaboom\n|-damage|p2a: Rillaboom|0 fnt\n|-boost|p1a: Skeledirge|spa|1\n|faint|p2a: Rillaboom\n|\n|-weather|Snow|[upkeep]\n|-heal|p2b: Chandelure|18\/100|[from] Grassy Terrain\n|-heal|p1a: Skeledirge|7\/100|[from] Grassy Terrain\n|upkeep\n|inactive|blooddealer has 30 seconds left.\n|\n|t:|1723970090\n|switch|p2a: Kingambit|Kingambit, L50, M|100\/100\n|switch|p1b: Ursaluna|Ursaluna, L50, M, shiny|100\/100\n|turn|3\n|inactive|fangame10 has 30 seconds left.\n|\n|t:|1723970118\n|-terastallize|p2a: Kingambit|Flying\n|move|p2a: Kingambit|Kowtow Cleave|p1a: Skeledirge\n|-supereffective|p1a: Skeledirge\n|-damage|p1a: Skeledirge|0 fnt\n|faint|p1a: Skeledirge\n|move|p1b: Ursaluna|Headlong Rush|p2a: Kingambit\n|-immune|p2a: Kingambit\n|move|p2b: Chandelure|Heat Wave|p1b: Ursaluna\n|-damage|p1b: Ursaluna|54\/100\n|\n|-weather|Snow|[upkeep]\n|-heal|p1b: Ursaluna|60\/100|[from] Grassy Terrain\n|-heal|p2b: Chandelure|24\/100|[from] Grassy Terrain\n|-status|p1b: Ursaluna|brn|[from] item: Flame Orb\n|upkeep\n|\n|t:|1723970119\n|switch|p1a: Ninetales|Ninetales-Alola, L50, F, shiny|100\/100\n|turn|4\n|inactive|blooddealer has 30 seconds left.\n|inactive|fangame10 has 30 seconds left.\n|\n|t:|1723970151\n|-terastallize|p1a: Ninetales|Water\n|move|p1b: Ursaluna|Protect|p1b: Ursaluna\n|-singleturn|p1b: Ursaluna|Protect\n|move|p2a: Kingambit|Low Kick|p1b: Ursaluna\n|-activate|p1b: Ursaluna|move: Protect\n|move|p2b: Chandelure|Heat Wave|p1a: Ninetales|[spread] p1a\n|-activate|p1b: Ursaluna|move: Protect\n|-resisted|p1a: Ninetales\n|-damage|p1a: Ninetales|73\/100\n|move|p1a: Ninetales|Aurora Veil|p1a: Ninetales\n|-sidestart|p1: fangame10|move: Aurora Veil\n|\n|-weather|Snow|[upkeep]\n|-heal|p1b: Ursaluna|66\/100 brn|[from] Grassy Terrain\n|-heal|p2b: Chandelure|30\/100|[from] Grassy Terrain\n|-heal|p1a: Ninetales|79\/100|[from] Grassy Terrain\n|-damage|p1b: Ursaluna|60\/100 brn|[from] brn\n|upkeep\n|turn|5\n|j| donathan bozo\n|inactive|blooddealer has 30 seconds left.\n|inactive|blooddealer has 20 seconds left.\n|inactive|blooddealer has 15 seconds left.\n|inactive|blooddealer has 10 seconds left.\n|inactive|blooddealer has 5 seconds left.\n|\n|t:|1723970202\n|move|p2a: Kingambit|Low Kick|p1b: Ursaluna\n|-supereffective|p1b: Ursaluna\n|-crit|p1b: Ursaluna\n|-damage|p1b: Ursaluna|0 fnt\n|faint|p1b: Ursaluna\n|move|p2b: Chandelure|Shadow Ball|p1a: Ninetales\n|-damage|p1a: Ninetales|41\/100\n|move|p1a: Ninetales|Blizzard|p2a: Kingambit|[spread] p2a,p2b\n|-supereffective|p2a: Kingambit\n|-resisted|p2b: Chandelure\n|-damage|p2a: Kingambit|62\/100\n|-damage|p2b: Chandelure|11\/100\n|\n|-weather|none\n|-heal|p2b: Chandelure|17\/100|[from] Grassy Terrain\n|-heal|p1a: Ninetales|47\/100|[from] Grassy Terrain\n|-fieldend|move: Trick Room\n|-fieldend|move: Grassy Terrain\n|upkeep\n|turn|6\n|j| THUNDERSND77\n|\n|t:|1723970223\n|move|p2a: Kingambit|Sucker Punch|p1a: Ninetales\n|-damage|p1a: Ninetales|6\/100\n|move|p1a: Ninetales|Blizzard|p2b: Chandelure|[spread] p2a,p2b\n|-supereffective|p2a: Kingambit\n|-resisted|p2b: Chandelure\n|-damage|p2a: Kingambit|20\/100\n|-damage|p2b: Chandelure|0 fnt\n|faint|p2b: Chandelure\n|\n|upkeep\n|-message|fangame10 forfeited.\n|\n|win|blooddealer\n|raw|fangame10's rating: 1699 &rarr; <strong>1678<\/strong><br \/>(-21 for losing)\n|raw|blooddealer's rating: 1687 &rarr; <strong>1708<\/strong><br \/>(+21 for winning)\n|l|\u2606fangame10\n|player|p1|\n|l| Aevyth\n|l| Tian15\n|l| THUNDERSND77\n","uploadtime":1723970472,"views":297,"formatid":"gen9vgc2024regh","rating":1678,"private":0,"password":null}