{"id":"gen9vgc2024regh-2183673525","format":"[Gen 9] VGC 2024 Reg H","players":["Darkslowbro91","zhz2021"],"log":"|j|\u2606Darkslowbro91\n|j|\u2606zhz2021\n|t:|1724119127\n|gametype|doubles\n|player|p1|Darkslowbro91|169|1741\n|player|p2|zhz2021|marley|1682\n|teamsize|p1|6\n|teamsize|p2|6\n|gen|9\n|tier|[Gen 9] VGC 2024 Reg H\n|rated|\n|rule|Species Clause: Limit one of each Pok\u00e9mon\n|rule|Item Clause: Limit 1 of each item\n|clearpoke\n|poke|p1|Dewgong, L50, F|\n|poke|p1|Gothitelle, L50, M|\n|poke|p1|Incineroar, L50, F|\n|poke|p1|Primarina, L50, F|\n|poke|p1|Rillaboom, L50, M|\n|poke|p1|Kingambit, L50, M|\n|poke|p2|Weezing-Galar, L50, M|\n|poke|p2|Typhlosion-Hisui, L50, F|\n|poke|p2|Tatsugiri-Stretchy, L50, F|\n|poke|p2|Glimmora, L50, M|\n|poke|p2|Ninetales, L50, F|\n|poke|p2|Sneasler, L50, F|\n|teampreview|4\n|inactive|Battle timer is ON: inactive players will automatically lose when time's up. (requested by zhz2021)\n|\n|t:|1724119166\n|start\n|switch|p1a: Dewgong|Dewgong, L50, F|100\/100\n|switch|p1b: Kingambit|Kingambit, L50, M|100\/100\n|switch|p2a: Typhlosion|Typhlosion-Hisui, L50, F, shiny|100\/100\n|switch|p2b: poison toucher|Sneasler, L50, F, shiny|100\/100\n|-item|p1a: Dewgong|Covert Cloak|[from] ability: Frisk|[of] p2a: Typhlosion\n|-item|p1b: Kingambit|Black Glasses|[from] ability: Frisk|[of] p2a: Typhlosion\n|turn|1\n|\n|t:|1724119184\n|-terastallize|p2a: Typhlosion|Fire\n|move|p1b: Kingambit|Protect|p1b: Kingambit\n|-singleturn|p1b: Kingambit|Protect\n|move|p2b: poison toucher|Quick Guard|p2b: poison toucher\n|-singleturn|p2b: poison toucher|Quick Guard\n|move|p2a: Typhlosion|Eruption|p1a: Dewgong|[spread] p1a\n|-activate|p1b: Kingambit|move: Protect\n|-damage|p1a: Dewgong|67\/100\n|move|p1a: Dewgong|Flip Turn|p2a: Typhlosion\n|-supereffective|p2a: Typhlosion\n|-damage|p2a: Typhlosion|56\/100\n|\n|t:|1724119199\n|switch|p1a: Incineroar|Incineroar, L50, F|100\/100|[from] Flip Turn\n|-ability|p1a: Incineroar|Intimidate|boost\n|-unboost|p2a: Typhlosion|atk|1\n|-unboost|p2b: poison toucher|atk|1\n|-enditem|p2b: poison toucher|White Herb\n|-clearnegativeboost|p2b: poison toucher|[silent]\n|\n|upkeep\n|turn|2\n|inactive|Darkslowbro91 has 30 seconds left.\n|inactive|zhz2021 has 30 seconds left.\n|inactive|Darkslowbro91 has 20 seconds left.\n|inactive|Darkslowbro91 has 15 seconds left.\n|\n|t:|1724119241\n|switch|p2a: Ninetales|Ninetales, L50, F, shiny|100\/100\n|-weather|SunnyDay|[from] ability: Drought|[of] p2a: Ninetales\n|-terastallize|p1b: Kingambit|Dark\n|move|p1a: Incineroar|Fake Out|p2b: poison toucher\n|-damage|p2b: poison toucher|84\/100\n|cant|p2b: poison toucher|flinch\n|move|p1b: Kingambit|Kowtow Cleave|p2a: Ninetales\n|-damage|p2a: Ninetales|0 fnt\n|faint|p2a: Ninetales\n|\n|-weather|SunnyDay|[upkeep]\n|upkeep\n|\n|t:|1724119255\n|switch|p2a: Weezing|Weezing-Galar, L50, M, shiny|100\/100\n|-ability|p2a: Weezing|Neutralizing Gas\n|turn|3\n|\n|t:|1724119272\n|switch|p1a: Gothitelle|Gothitelle, L50, M|100\/100\n|move|p1b: Kingambit|Protect|p1b: Kingambit\n|-singleturn|p1b: Kingambit|Protect\n|move|p2b: poison toucher|Close Combat|p1a: Gothitelle\n|-resisted|p1a: Gothitelle\n|-damage|p1a: Gothitelle|71\/100\n|-unboost|p2b: poison toucher|def|1\n|-unboost|p2b: poison toucher|spd|1\n|move|p2a: Weezing|Play Rough|p1b: Kingambit\n|-activate|p1b: Kingambit|move: Protect\n|\n|-weather|SunnyDay|[upkeep]\n|upkeep\n|turn|4\n|\n|t:|1724119295\n|move|p2b: poison toucher|Quick Guard|p2b: poison toucher\n|-singleturn|p2b: poison toucher|Quick Guard\n|move|p1a: Gothitelle|Fake Out|p2a: Weezing\n|-activate|p2a: Weezing|move: Quick Guard\n|move|p1b: Kingambit|Sucker Punch||[still]\n|-fail|p1b: Kingambit\n|move|p2a: Weezing|Play Rough|p1b: Kingambit\n|-supereffective|p1b: Kingambit\n|-damage|p1b: Kingambit|44\/100\n|\n|-weather|SunnyDay|[upkeep]\n|upkeep\n|turn|5\n|\n|t:|1724119310\n|move|p1b: Kingambit|Protect|p1b: Kingambit\n|-singleturn|p1b: Kingambit|Protect\n|move|p2b: poison toucher|Close Combat|p1b: Kingambit\n|-activate|p1b: Kingambit|move: Protect\n|move|p2a: Weezing|Gunk Shot|p1a: Gothitelle\n|-damage|p1a: Gothitelle|23\/100\n|-status|p1a: Gothitelle|psn\n|-enditem|p1a: Gothitelle|Aguav Berry|[eat]\n|-heal|p1a: Gothitelle|56\/100 psn|[from] item: Aguav Berry\n|move|p1a: Gothitelle|Trick Room|p1a: Gothitelle\n|-fieldstart|move: Trick Room|[of] p1a: Gothitelle\n|\n|-weather|SunnyDay|[upkeep]\n|-damage|p1a: Gothitelle|44\/100 psn|[from] psn\n|upkeep\n|turn|6\n|\n|t:|1724119325\n|move|p2a: Weezing|Protect|p2a: Weezing\n|-singleturn|p2a: Weezing|Protect\n|move|p1b: Kingambit|Kowtow Cleave|p2b: poison toucher\n|-resisted|p2b: poison toucher\n|-crit|p2b: poison toucher\n|-damage|p2b: poison toucher|0 fnt\n|faint|p2b: poison toucher\n|move|p1a: Gothitelle|Heal Pulse|p1b: Kingambit\n|-heal|p1b: Kingambit|95\/100\n|\n|-weather|none\n|-damage|p1a: Gothitelle|32\/100 psn|[from] psn\n|upkeep\n|-message|zhz2021 forfeited.\n|\n|win|Darkslowbro91\n|raw|Darkslowbro91's rating: 1741 &rarr; <strong>1758<\/strong><br \/>(+17 for winning)\n|raw|zhz2021's rating: 1682 &rarr; <strong>1665<\/strong><br \/>(-17 for losing)\n|l|\u2606Darkslowbro91\n|player|p1|\n","uploadtime":1724119515,"views":187,"formatid":"gen9vgc2024regh","rating":1665,"private":0,"password":null}