{"id":"gen9vgc2024regh-2183494630","format":"[Gen 9] VGC 2024 Reg H","players":["actuary97","Zenchaos"],"log":"|j|\u2606actuary97\n|j|\u2606Zenchaos\n|t:|1724099668\n|gametype|doubles\n|player|p1|actuary97|sabrina-lgpe|1723\n|player|p2|Zenchaos|1|1657\n|teamsize|p1|6\n|teamsize|p2|6\n|gen|9\n|tier|[Gen 9] VGC 2024 Reg H\n|rated|\n|rule|Species Clause: Limit one of each Pok\u00e9mon\n|rule|Item Clause: Limit 1 of each item\n|clearpoke\n|poke|p1|Whimsicott, L50, M|\n|poke|p1|Armarouge, L50, M|\n|poke|p1|Gallade, L50, M|\n|poke|p1|Malamar, L50, M|\n|poke|p1|Indeedee, L50, M|\n|poke|p1|Archaludon, L50, M|\n|poke|p2|Indeedee-F, L50, F|\n|poke|p2|Hatterene, L50, F|\n|poke|p2|Lilligant-Hisui, L50, F|\n|poke|p2|Ursaluna, L50, F|\n|poke|p2|Torkoal, L50, F|\n|poke|p2|Kingambit, L50, F|\n|teampreview|4\nactuary97 has agreed to open team sheets.\n|inactive|Battle timer is ON: inactive players will automatically lose when time's up. (requested by Zenchaos)\nZenchaos has agreed to open team sheets.\n|j| kyog9t\n|l| kyog9t\n|inactive|actuary97 has 30 seconds left.\n|inactive|actuary97 has 20 seconds left.\n|inactive|Zenchaos has 30 seconds left.\n|j| Clutta\n|inactive|actuary97 has 15 seconds left.\n|inactive|actuary97 has 10 seconds left.\n|inactive|actuary97 has 5 seconds left.\n|inactive|Zenchaos has 20 seconds left.\n|inactive|Zenchaos has 15 seconds left.\n|inactive|Zenchaos has 10 seconds left.\n|\n|t:|1724099755\n|start\n|switch|p1a: Whimsicott|Whimsicott, L50, M, shiny|100\/100\n|switch|p1b: Armarouge|Armarouge, L50, M, shiny|100\/100\n|switch|p2a: Indeedee|Indeedee-F, L50, F, shiny|100\/100\n|switch|p2b: Hatterene|Hatterene, L50, F, shiny|100\/100\n|-fieldstart|move: Psychic Terrain|[from] ability: Psychic Surge|[of] p2a: Indeedee\n|-enditem|p2a: Indeedee|Psychic Seed\n|-boost|p2a: Indeedee|spd|1|[from] item: Psychic Seed\n|turn|1\n|\n|t:|1724099778\n|-terastallize|p2b: Hatterene|Fire\n|move|p1a: Whimsicott|Moonblast|p2a: Indeedee\n|-damage|p2a: Indeedee|78\/100\n|move|p2a: Indeedee|Psychic|p1a: Whimsicott\n|-damage|p1a: Whimsicott|39\/100\n|move|p1b: Armarouge|Heat Wave|p2a: Indeedee|[spread] p2b\n|-miss|p1b: Armarouge|p2a: Indeedee\n|-resisted|p2b: Hatterene\n|-damage|p2b: Hatterene|79\/100\n|move|p2b: Hatterene|Trick Room|p2b: Hatterene\n|-fieldstart|move: Trick Room|[of] p2b: Hatterene\n|\n|upkeep\n|turn|2\n|\n|t:|1724099800\n|move|p2b: Hatterene|Expanding Force|p1a: Whimsicott|[spread] p1a,p1b\n|-resisted|p1b: Armarouge\n|-damage|p1a: Whimsicott|0 fnt\n|-damage|p1b: Armarouge|52\/100\n|faint|p1a: Whimsicott\n|-damage|p2b: Hatterene|69\/100|[from] item: Life Orb\n|move|p1b: Armarouge|Expanding Force|p2a: Indeedee|[spread] p2a,p2b\n|-resisted|p2a: Indeedee\n|-damage|p2a: Indeedee|60\/100\n|-damage|p2b: Hatterene|7\/100\n|move|p2a: Indeedee|Psychic|p1b: Armarouge\n|-resisted|p1b: Armarouge\n|-damage|p1b: Armarouge|30\/100\n|\n|upkeep\n|\n|t:|1724099812\n|switch|p1a: Indeedee|Indeedee, L50, M, shiny|100\/100\n|turn|3\n|\n|t:|1724099830\n|move|p1b: Armarouge|Endure|p1b: Armarouge\n|-singleturn|p1b: Armarouge|move: Endure\n|move|p2b: Hatterene|Expanding Force|p1b: Armarouge|[spread] p1a,p1b\n|-resisted|p1a: Indeedee\n|-resisted|p1b: Armarouge\n|-damage|p1a: Indeedee|34\/100\n|-activate|p1b: Armarouge|move: Endure\n|-damage|p1b: Armarouge|1\/100\n|-damage|p2b: Hatterene|0 fnt|[from] item: Life Orb\n|faint|p2b: Hatterene\n|move|p2a: Indeedee|Psychic|p1a: Indeedee\n|-resisted|p1a: Indeedee\n|-crit|p1a: Indeedee\n|-damage|p1a: Indeedee|0 fnt\n|faint|p1a: Indeedee\n|\n|upkeep\n|\n|t:|1724099842\n|switch|p2b: Ursaluna|Ursaluna, L50, F, shiny|100\/100\n|switch|p1a: King|Gallade, L50, M, shiny|100\/100\n|turn|4\n|\n|t:|1724099854\n|-terastallize|p1a: King|Grass\n|move|p1b: Armarouge|Endure||[still]\n|-fail|p1b: Armarouge\n|move|p2b: Ursaluna|Headlong Rush|p1a: King\n|-resisted|p1a: King\n|-damage|p1a: King|46\/100\n|-unboost|p2b: Ursaluna|def|1\n|-unboost|p2b: Ursaluna|spd|1\n|move|p2a: Indeedee|Psychic|p1b: Armarouge\n|-resisted|p1b: Armarouge\n|-damage|p1b: Armarouge|0 fnt\n|faint|p1b: Armarouge\n|move|p1a: King|Leaf Blade|p2a: Indeedee\n|-crit|p2a: Indeedee\n|-damage|p2a: Indeedee|0 fnt\n|faint|p2a: Indeedee\n|\n|-status|p2b: Ursaluna|brn|[from] item: Flame Orb\n|upkeep\n|\n|t:|1724099856\n|switch|p2a: Torkoal|Torkoal, L50, F|100\/100\n|-weather|SunnyDay|[from] ability: Drought|[of] p2a: Torkoal\n|turn|5\n|\n|t:|1724099866\n|move|p1a: King|Protect|p1a: King\n|-singleturn|p1a: King|Protect\n|move|p2a: Torkoal|Flamethrower|p1a: King\n|-activate|p1a: King|move: Protect\n|move|p2b: Ursaluna|Facade|p1a: King\n|-activate|p1a: King|move: Protect\n|\n|-weather|SunnyDay|[upkeep]\n|-damage|p2b: Ursaluna|95\/100 brn|[from] brn\n|-fieldend|move: Trick Room\n|-fieldend|move: Psychic Terrain\n|upkeep\n|turn|6\n|\n|t:|1724099875\n|move|p1a: King|Leaf Blade|p2b: Ursaluna\n|-supereffective|p2b: Ursaluna\n|-crit|p2b: Ursaluna\n|-damage|p2b: Ursaluna|0 fnt\n|faint|p2b: Ursaluna\n|move|p2a: Torkoal|Flamethrower|p1a: King\n|-supereffective|p1a: King\n|-damage|p1a: King|0 fnt\n|faint|p1a: King\n|\n|win|Zenchaos\n|raw|actuary97's rating: 1723 &rarr; <strong>1699<\/strong><br \/>(-24 for losing)\n|raw|Zenchaos's rating: 1657 &rarr; <strong>1681<\/strong><br \/>(+24 for winning)\n|c|\u2606actuary97|gg\n|l|\u2606Zenchaos\n|player|p2|\n|c|\u2606actuary97|I am so fucked against your archetypr\n|l|\u2606actuary97\n|player|p1|\n|l| Clutta\n","uploadtime":1724100101,"views":192,"formatid":"gen9vgc2024regh","rating":1681,"private":0,"password":null}