{"id":"gen9vgc2024regh-2183940637","format":"[Gen 9] VGC 2024 Reg H","players":["actuary97","everlance"],"log":"|j|\u2606actuary97\n|j|\u2606everlance\n|t:|1724159515\n|gametype|doubles\n|player|p1|actuary97|sabrina-lgpe|1690\n|player|p2|everlance|169|1667\n|teamsize|p1|6\n|teamsize|p2|6\n|gen|9\n|tier|[Gen 9] VGC 2024 Reg H\n|rated|\n|rule|Species Clause: Limit one of each Pok\u00e9mon\n|rule|Item Clause: Limit 1 of each item\n|clearpoke\n|poke|p1|Whimsicott, L50, M|\n|poke|p1|Delphox, L50, M|\n|poke|p1|Gallade, L50, M|\n|poke|p1|Malamar, L50, M|\n|poke|p1|Indeedee, L50, M|\n|poke|p1|Archaludon, L50, M|\n|poke|p2|Indeedee-F, L50, F|\n|poke|p2|Armarouge, L50, M|\n|poke|p2|Whimsicott, L50, M|\n|poke|p2|Sneasler, L50, M|\n|poke|p2|Glimmora, L50, F|\n|poke|p2|Garchomp, L50, M|\n|teampreview|4\n|inactive|Battle timer is ON: inactive players will automatically lose when time's up. (requested by everlance)\nactuary97 has agreed to open team sheets.\neverlance has agreed to open team sheets.\n|inactive|actuary97 has 30 seconds left.\n|inactive|everlance has 30 seconds left.\n|inactive|actuary97 has 20 seconds left.\n|inactive|everlance has 20 seconds left.\n|inactive|actuary97 has 15 seconds left.\n|inactive|everlance has 15 seconds left.\n|inactive|actuary97 has 10 seconds left.\n|inactive|everlance has 10 seconds left.\n|inactive|actuary97 has 5 seconds left.\n|inactive|everlance has 5 seconds left.\n|\n|t:|1724159587\n|start\n|switch|p1a: Whimsicott|Whimsicott, L50, M, shiny|100\/100\n|switch|p1b: Delphox|Delphox, L50, M, shiny|100\/100\n|switch|p2a: Indeedee|Indeedee-F, L50, F|100\/100\n|switch|p2b: Armarouge|Armarouge, L50, M|100\/100\n|-fieldstart|move: Psychic Terrain|[from] ability: Psychic Surge|[of] p2a: Indeedee\n|turn|1\n|\n|t:|1724159612\n|switch|p1a: Malamother|Malamar, L50, M, shiny|100\/100\n|move|p2a: Indeedee|Follow Me|p2a: Indeedee\n|-singleturn|p2a: Indeedee|move: Follow Me\n|move|p1b: Delphox|Imprison|p1b: Delphox\n|-start|p1b: Delphox|move: Imprison\n|cant|p2b: Armarouge|move: Imprison|Expanding Force\n|\n|upkeep\n|turn|2\n|inactive|everlance has 30 seconds left.\n|inactive|everlance has 20 seconds left.\n|inactive|everlance has 15 seconds left.\n|inactive|everlance has 10 seconds left.\n|inactive|everlance has 5 seconds left.\n|\n|t:|1724159663\n|switch|p2a: Whimsicott|Whimsicott, L50, M|100\/100\n|move|p1b: Delphox|Expanding Force|p2a: Whimsicott|[spread] p2a,p2b\n|-resisted|p2b: Armarouge\n|-damage|p2a: Whimsicott|20\/100\n|-damage|p2b: Armarouge|69\/100\n|move|p2b: Armarouge|Armor Cannon|p1a: Malamother\n|-damage|p1a: Malamother|36\/100\n|-unboost|p2b: Armarouge|def|1\n|-unboost|p2b: Armarouge|spd|1\n|-enditem|p1a: Malamother|Sitrus Berry|[eat]\n|-heal|p1a: Malamother|61\/100|[from] item: Sitrus Berry\n|move|p1a: Malamother|Superpower|p2a: Whimsicott\n|-resisted|p2a: Whimsicott\n|-damage|p2a: Whimsicott|0 fnt\n|-boost|p1a: Malamother|atk|1\n|-boost|p1a: Malamother|def|1\n|faint|p2a: Whimsicott\n|\n|upkeep\n|\n|t:|1724159680\n|switch|p2a: Garchomp|Garchomp, L50, M|100\/100\n|turn|3\n|inactive|everlance has 30 seconds left.\n|\n|t:|1724159708\n|move|p2a: Garchomp|Dragon Claw|p1a: Malamother\n|-damage|p1a: Malamother|32\/100\n|move|p1b: Delphox|Expanding Force|p2b: Armarouge|[spread] p2a,p2b\n|-resisted|p2b: Armarouge\n|-damage|p2a: Garchomp|38\/100\n|-damage|p2b: Armarouge|18\/100\n|move|p2b: Armarouge|Armor Cannon|p1a: Malamother\n|-damage|p1a: Malamother|0 fnt\n|-unboost|p2b: Armarouge|def|1\n|-unboost|p2b: Armarouge|spd|1\n|faint|p1a: Malamother\n|\n|upkeep\n|\n|t:|1724159717\n|switch|p1a: Whimsicott|Whimsicott, L50, M, shiny|100\/100\n|turn|4\n|\n|t:|1724159732\n|-terastallize|p2a: Garchomp|Steel\n|move|p2b: Armarouge|Endure|p2b: Armarouge\n|-singleturn|p2b: Armarouge|move: Endure\n|move|p1a: Whimsicott|Tailwind|p1a: Whimsicott\n|-sidestart|p1: actuary97|move: Tailwind\n|move|p1b: Delphox|Expanding Force|p2b: Armarouge|[spread] p2a,p2b\n|-resisted|p2a: Garchomp\n|-resisted|p2b: Armarouge\n|-damage|p2a: Garchomp|9\/100\n|-activate|p2b: Armarouge|move: Endure\n|-damage|p2b: Armarouge|1\/100\n|move|p2a: Garchomp|Earthquake|p1a: Whimsicott|[spread] p2b,p1a,p1b\n|-supereffective|p2b: Armarouge\n|-resisted|p1a: Whimsicott\n|-supereffective|p1b: Delphox\n|-activate|p2b: Armarouge|move: Endure\n|-damage|p2b: Armarouge|1\/100\n|-damage|p1a: Whimsicott|67\/100\n|-damage|p1b: Delphox|0 fnt\n|-ability|p2b: Armarouge|Weak Armor|boost\n|-unboost|p2b: Armarouge|def|1\n|-boost|p2b: Armarouge|spe|2\n|-enditem|p2b: Armarouge|Weakness Policy\n|-boost|p2b: Armarouge|atk|2|[from] item: Weakness Policy\n|-boost|p2b: Armarouge|spa|2|[from] item: Weakness Policy\n|faint|p1b: Delphox\n|\n|upkeep\n|c|\u2606actuary97|damn that ohkos\n|\n|t:|1724159751\n|switch|p1b: King|Gallade, L50, M, shiny|100\/100\n|turn|5\n|inactive|actuary97 has 30 seconds left.\n|inactive|everlance has 30 seconds left.\n|inactive|actuary97 has 20 seconds left.\n|\n|t:|1724159787\n|move|p2b: Armarouge|Endure||[still]\n|-fail|p2b: Armarouge\n|move|p2a: Garchomp|Protect|p2a: Garchomp\n|-singleturn|p2a: Garchomp|Protect\n|move|p1a: Whimsicott|Moonblast|p2b: Armarouge\n|-resisted|p2b: Armarouge\n|-damage|p2b: Armarouge|0 fnt\n|faint|p2b: Armarouge\n|move|p1b: King|Psycho Cut|p2a: Garchomp\n|-activate|p2a: Garchomp|move: Protect\n|\n|-fieldend|move: Psychic Terrain\n|upkeep\n|\n|t:|1724159797\n|switch|p2b: Indeedee|Indeedee-F, L50, F|100\/100\n|-fieldstart|move: Psychic Terrain|[from] ability: Psychic Surge|[of] p2b: Indeedee\n|turn|6\n|\n|t:|1724159808\n|-terastallize|p1b: King|Grass\n|move|p2b: Indeedee|Follow Me|p2b: Indeedee\n|-singleturn|p2b: Indeedee|move: Follow Me\n|move|p1a: Whimsicott|Moonblast|p2b: Indeedee\n|-damage|p2b: Indeedee|68\/100\n|move|p1b: King|Sacred Sword|p2b: Indeedee\n|-damage|p2b: Indeedee|0 fnt\n|faint|p2b: Indeedee\n|move|p2a: Garchomp|Iron Head|p1a: Whimsicott\n|-supereffective|p1a: Whimsicott\n|-damage|p1a: Whimsicott|0 fnt\n|faint|p1a: Whimsicott\n|\n|upkeep\n|turn|7\n|\n|t:|1724159821\n|move|p2a: Garchomp|Protect|p2a: Garchomp\n|-singleturn|p2a: Garchomp|Protect\n|move|p1b: King|Sacred Sword|p2a: Garchomp\n|-activate|p2a: Garchomp|move: Protect\n|\n|-sideend|p1: actuary97|move: Tailwind\n|upkeep\n|turn|8\n|\n|t:|1724159832\n|move|p2a: Garchomp|Iron Head|p1b: King\n|-damage|p1b: King|27\/100\n|cant|p1b: King|flinch\n|\n|upkeep\n|turn|9\n|c|\u2606actuary97|I hate this game\n|c|\u2606everlance|lol\n|\n|t:|1724159853\n|move|p2a: Garchomp|Iron Head|p1b: King\n|-damage|p1b: King|0 fnt\n|faint|p1b: King\n|\n|win|everlance\n|raw|actuary97's rating: 1690 &rarr; <strong>1669<\/strong><br \/>(-21 for losing)\n|raw|everlance's rating: 1667 &rarr; <strong>1688<\/strong><br \/>(+21 for winning)\n|c|\u2606everlance|yea\n|c|\u2606everlance|sorry\n|c|\u2606everlance|dude\n|c|\u2606everlance|ggs anyway\n|c|\u2606actuary97|g\n|c|\u2606actuary97|gg\n|l|\u2606everlance\n|player|p2|\n","uploadtime":1724159859,"views":168,"formatid":"gen9vgc2024regh","rating":1669,"private":0,"password":null}