{"id":"gen9vgc2024regh-2184714301","format":"[Gen 9] VGC 2024 Reg H","players":["Waffles4breakfast","Emirnent"],"log":"|j|\u2606Waffles4breakfast\n|j|\u2606Emirnent\n|t:|1724251945\n|gametype|doubles\n|player|p1|Waffles4breakfast|juggler|1748\n|player|p2|Emirnent|1|1771\n|teamsize|p1|6\n|teamsize|p2|6\n|gen|9\n|tier|[Gen 9] VGC 2024 Reg H\n|rated|\n|rule|Species Clause: Limit one of each Pok\u00e9mon\n|rule|Item Clause: Limit 1 of each item\n|clearpoke\n|poke|p1|Archaludon, L50, F|\n|poke|p1|Pelipper, L50, F|\n|poke|p1|Basculegion, L50, M|\n|poke|p1|Amoonguss, L50, M|\n|poke|p1|Gholdengo, L50|\n|poke|p1|Murkrow, L50, M|\n|poke|p2|Gholdengo, L50|\n|poke|p2|Glimmora, L50, F|\n|poke|p2|Talonflame, L50, F|\n|poke|p2|Dragonite, L50, F|\n|poke|p2|Dondozo, L50, M|\n|poke|p2|Tatsugiri, L50, F|\n|teampreview|4\n|inactive|Battle timer is ON: inactive players will automatically lose when time's up. (requested by Emirnent)\n|\n|t:|1724251965\n|start\n|switch|p1a: Gholdengo|Gholdengo, L50|100\/100\n|switch|p1b: Murkrow|Murkrow, L50, M|100\/100\n|switch|p2a: Talonflame|Talonflame, L50, F|100\/100\n|switch|p2b: Gholdengo|Gholdengo, L50|100\/100\n|turn|1\n|\n|t:|1724251973\n|-terastallize|p1a: Gholdengo|Steel\n|-terastallize|p2b: Gholdengo|Steel\n|move|p2a: Talonflame|Tailwind|p2a: Talonflame\n|-sidestart|p2: Emirnent|move: Tailwind\n|move|p1b: Murkrow|Tailwind|p1b: Murkrow\n|-sidestart|p1: Waffles4breakfast|move: Tailwind\n|move|p1a: Gholdengo|Make It Rain|p2a: Talonflame|[spread] p2a,p2b\n|-resisted|p2a: Talonflame\n|-resisted|p2b: Gholdengo\n|-damage|p2a: Talonflame|25\/100\n|-damage|p2b: Gholdengo|47\/100\n|-unboost|p1a: Gholdengo|spa|1\n|move|p2b: Gholdengo|Make It Rain|p1a: Gholdengo|[spread] p1a,p1b\n|-resisted|p1a: Gholdengo\n|-damage|p1a: Gholdengo|40\/100\n|-damage|p1b: Murkrow|18\/100\n|-unboost|p2b: Gholdengo|spa|1\n|\n|upkeep\n|turn|2\n|j| THUNDERSND77\n|\n|t:|1724251984\n|move|p1b: Murkrow|Quash|p2a: Talonflame\n|-activate|p2a: Talonflame|move: Quash\n|move|p2b: Gholdengo|Make It Rain|p1b: Murkrow|[spread] p1a,p1b\n|-resisted|p1a: Gholdengo\n|-damage|p1a: Gholdengo|2\/100\n|-damage|p1b: Murkrow|0 fnt\n|-unboost|p2b: Gholdengo|spa|1\n|faint|p1b: Murkrow\n|move|p1a: Gholdengo|Make It Rain|p2b: Gholdengo|[spread] p2a,p2b\n|-resisted|p2a: Talonflame\n|-resisted|p2b: Gholdengo\n|-damage|p2a: Talonflame|0 fnt\n|-damage|p2b: Gholdengo|9\/100\n|-unboost|p1a: Gholdengo|spa|1\n|faint|p2a: Talonflame\n|\n|upkeep\n|l| THUNDERSND77\n|\n|t:|1724252008\n|switch|p2a: Dondozo|Dondozo, L50, M|100\/100\n|switch|p1b: Basculegion|Basculegion, L50, M|100\/100\n|turn|3\n|j| jadeite aguero\n|\n|t:|1724252031\n|switch|p2b: Tatsugiri|Tatsugiri, L50, F|100\/100\n|-activate|p2b: Tatsugiri|ability: Commander|[of] p2a: Dondozo\n|-boost|p2a: Dondozo|atk|2\n|-boost|p2a: Dondozo|spa|2\n|-boost|p2a: Dondozo|spe|2\n|-boost|p2a: Dondozo|def|2\n|-boost|p2a: Dondozo|spd|2\n|move|p2a: Dondozo|Order Up|p1b: Basculegion\n|-damage|p1b: Basculegion|34\/100\n|-boost|p2a: Dondozo|atk|1\n|move|p1a: Gholdengo|Make It Rain|p2b: Tatsugiri|[spread] p2a\n|-miss|p1a: Gholdengo|p2b: Tatsugiri\n|-resisted|p2a: Dondozo\n|-damage|p2a: Dondozo|76\/100\n|-unboost|p1a: Gholdengo|spa|1\n|move|p1b: Basculegion|Last Respects|p2a: Dondozo\n|-damage|p2a: Dondozo|51\/100\n|\n|-heal|p2a: Dondozo|58\/100|[from] item: Leftovers\n|upkeep\n|turn|4\n|j| MTcxing52\n|inactive|Waffles4breakfast has 30 seconds left.\n|\n|t:|1724252057\n|switch|p1a: Pelipper|Pelipper, L50, F|100\/100\n|-weather|RainDance|[from] ability: Drizzle|[of] p1a: Pelipper\n|move|p1b: Basculegion|Last Respects|p2a: Dondozo\n|-damage|p2a: Dondozo|35\/100\n|move|p2a: Dondozo|Earthquake|p1b: Basculegion|[spread] p1b\n|-miss|p2a: Dondozo|p2b: Tatsugiri\n|-immune|p1a: Pelipper\n|-damage|p1b: Basculegion|0 fnt\n|faint|p1b: Basculegion\n|\n|-weather|RainDance|[upkeep]\n|-heal|p2a: Dondozo|41\/100|[from] item: Leftovers\n|-sideend|p2: Emirnent|move: Tailwind\n|-sideend|p1: Waffles4breakfast|move: Tailwind\n|upkeep\n|j| Skiameseul\n|\n|t:|1724252064\n|switch|p1b: Gholdengo|Gholdengo, L50, tera:Steel|2\/100\n|turn|5\n|\n|t:|1724252071\n|move|p1a: Pelipper|Wide Guard|p1a: Pelipper\n|-singleturn|p1a: Pelipper|Wide Guard\n|move|p2a: Dondozo|Order Up|p1b: Gholdengo\n|-resisted|p1b: Gholdengo\n|-damage|p1b: Gholdengo|0 fnt\n|faint|p1b: Gholdengo\n|-boost|p2a: Dondozo|atk|1\n|\n|-weather|RainDance|[upkeep]\n|-heal|p2a: Dondozo|47\/100|[from] item: Leftovers\n|upkeep\n|turn|6\n|\n|t:|1724252077\n|move|p2a: Dondozo|Order Up|p1a: Pelipper\n|-enditem|p1a: Pelipper|Focus Sash\n|-damage|p1a: Pelipper|1\/100\n|-boost|p2a: Dondozo|atk|1\n|move|p1a: Pelipper|Hurricane|p2a: Dondozo\n|-damage|p2a: Dondozo|22\/100\n|-start|p2a: Dondozo|confusion\n|\n|-weather|RainDance|[upkeep]\n|-heal|p2a: Dondozo|28\/100|[from] item: Leftovers\n|upkeep\n|turn|7\n|inactive|Waffles4breakfast has 30 seconds left.\n|inactive|Waffles4breakfast has 20 seconds left.\n|inactive|Waffles4breakfast has 15 seconds left.\n|-message|Waffles4breakfast forfeited.\n|\n|win|Emirnent\n|raw|Waffles4breakfast's rating: 1748 &rarr; <strong>1729<\/strong><br \/>(-19 for losing)\n|raw|Emirnent's rating: 1771 &rarr; <strong>1790<\/strong><br \/>(+19 for winning)\n|l|\u2606Waffles4breakfast\n|player|p1|\n|l|\u2606Emirnent\n|player|p2|\n|l| jadeite aguero\n|l| MTcxing52\n|l| Skiameseul\n","uploadtime":1724252347,"views":349,"formatid":"gen9vgc2024regh","rating":1729,"private":0,"password":null}