{"id":"gen9vgc2024regh-2184702613","format":"[Gen 9] VGC 2024 Reg H","players":["Waffles4breakfast","Emirnent"],"log":"|j|\u2606Waffles4breakfast\n|j|\u2606Emirnent\n|t:|1724250824\n|gametype|doubles\n|player|p1|Waffles4breakfast|juggler|1746\n|player|p2|Emirnent|1|1753\n|teamsize|p1|6\n|teamsize|p2|6\n|gen|9\n|tier|[Gen 9] VGC 2024 Reg H\n|rated|\n|rule|Species Clause: Limit one of each Pok\u00e9mon\n|rule|Item Clause: Limit 1 of each item\n|clearpoke\n|poke|p1|Archaludon, L50, M|\n|poke|p1|Pelipper, L50, M|\n|poke|p1|Basculegion, L50, M|\n|poke|p1|Amoonguss, L50, M|\n|poke|p1|Gholdengo, L50|\n|poke|p1|Murkrow, L50, M|\n|poke|p2|Gholdengo, L50|\n|poke|p2|Glimmora, L50, M|\n|poke|p2|Talonflame, L50, F|\n|poke|p2|Dragonite, L50, F|\n|poke|p2|Dondozo, L50, M|\n|poke|p2|Tatsugiri, L50, F|\n|teampreview|4\n|inactive|Battle timer is ON: inactive players will automatically lose when time's up. (requested by Emirnent)\n|j| Eefam\n|l|\u2606Waffles4breakfast\n|inactive|Waffles4breakfast disconnected and has a minute to reconnect!\n|player|p1|\n|j|\u2606Waffles4breakfast\n|inactive|Waffles4breakfast reconnected.\n|player|p1|Waffles4breakfast|juggler|\n|inactive|Emirnent has 60 seconds left.\n|\n|t:|1724250867\n|start\n|switch|p1a: Gholdengo|Gholdengo, L50|100\/100\n|switch|p1b: Murkrow|Murkrow, L50, M|100\/100\n|switch|p2a: Talonflame|Talonflame, L50, F|100\/100\n|switch|p2b: Gholdengo|Gholdengo, L50|100\/100\n|turn|1\n|j| htotoT\n|j| Dudebrahbro\n|\n|t:|1724250877\n|-terastallize|p1a: Gholdengo|Steel\n|-terastallize|p2b: Gholdengo|Steel\n|move|p2a: Talonflame|Tailwind|p2a: Talonflame\n|-sidestart|p2: Emirnent|move: Tailwind\n|move|p1b: Murkrow|Tailwind|p1b: Murkrow\n|-sidestart|p1: Waffles4breakfast|move: Tailwind\n|move|p1a: Gholdengo|Make It Rain|p2b: Gholdengo|[spread] p2a,p2b\n|-resisted|p2a: Talonflame\n|-resisted|p2b: Gholdengo\n|-damage|p2a: Talonflame|27\/100\n|-damage|p2b: Gholdengo|43\/100\n|-unboost|p1a: Gholdengo|spa|1\n|move|p2b: Gholdengo|Make It Rain|p1a: Gholdengo|[spread] p1a,p1b\n|-resisted|p1a: Gholdengo\n|-damage|p1a: Gholdengo|43\/100\n|-damage|p1b: Murkrow|14\/100\n|-unboost|p2b: Gholdengo|spa|1\n|\n|upkeep\n|turn|2\n|\n|t:|1724250893\n|move|p1b: Murkrow|Quash|p2a: Talonflame\n|-activate|p2a: Talonflame|move: Quash\n|move|p2b: Gholdengo|Make It Rain|p1b: Murkrow|[spread] p1a,p1b\n|-resisted|p1a: Gholdengo\n|-damage|p1a: Gholdengo|3\/100\n|-damage|p1b: Murkrow|0 fnt\n|-unboost|p2b: Gholdengo|spa|1\n|faint|p1b: Murkrow\n|move|p1a: Gholdengo|Make It Rain|p2a: Talonflame|[spread] p2a,p2b\n|-resisted|p2a: Talonflame\n|-crit|p2a: Talonflame\n|-resisted|p2b: Gholdengo\n|-damage|p2a: Talonflame|0 fnt\n|-damage|p2b: Gholdengo|7\/100\n|-unboost|p1a: Gholdengo|spa|1\n|faint|p2a: Talonflame\n|\n|upkeep\n|j| THUNDERSND77\n|\n|t:|1724250901\n|switch|p2a: Glimmora|Glimmora, L50, M|100\/100\n|switch|p1b: Basculegion|Basculegion, L50, M|100\/100\n|turn|3\n|j| qazwsxedcrfgtgb\n|c| Dudebrahbro|that speed tie\n|\n|t:|1724250910\n|switch|p1a: Pelipper|Pelipper, L50, M|100\/100\n|-weather|RainDance|[from] ability: Drizzle|[of] p1a: Pelipper\n|move|p2a: Glimmora|Spiky Shield|p2a: Glimmora\n|-singleturn|p2a: Glimmora|move: Protect\n|move|p1b: Basculegion|Flip Turn|p2b: Gholdengo\n|-damage|p2b: Gholdengo|0 fnt\n|faint|p2b: Gholdengo\n|\n|t:|1724250923\n|switch|p1b: Gholdengo|Gholdengo, L50, tera:Steel|3\/100|[from] Flip Turn\n|\n|-weather|RainDance|[upkeep]\n|upkeep\n|\n|t:|1724250926\n|switch|p2b: Dragonite|Dragonite, L50, F|100\/100\n|turn|4\n|\n|t:|1724250939\n|move|p2a: Glimmora|Earth Power|p1b: Gholdengo\n|-supereffective|p1b: Gholdengo\n|-damage|p1b: Gholdengo|0 fnt\n|faint|p1b: Gholdengo\n|move|p1a: Pelipper|Weather Ball|p2a: Glimmora\n|-supereffective|p2a: Glimmora\n|-damage|p2a: Glimmora|0 fnt\n|faint|p2a: Glimmora\n|move|p2b: Dragonite|Outrage|p1a: Pelipper\n|-enditem|p1a: Pelipper|Focus Sash\n|-damage|p1a: Pelipper|1\/100\n|\n|-weather|RainDance|[upkeep]\n|-sideend|p2: Emirnent|move: Tailwind\n|-sideend|p1: Waffles4breakfast|move: Tailwind\n|upkeep\n|\n|t:|1724250947\n|switch|p1b: Basculegion|Basculegion, L50, M|100\/100\n|turn|5\n|\n|t:|1724250950\n|move|p1b: Basculegion|Last Respects|p2b: Dragonite\n|-crit|p2b: Dragonite\n|-damage|p2b: Dragonite|25\/100\n|move|p1a: Pelipper|Weather Ball|p2b: Dragonite\n|-resisted|p2b: Dragonite\n|-damage|p2b: Dragonite|0 fnt\n|faint|p2b: Dragonite\n|\n|win|Waffles4breakfast\n|raw|Waffles4breakfast's rating: 1746 &rarr; <strong>1766<\/strong><br \/>(+20 for winning)\n|raw|Emirnent's rating: 1753 &rarr; <strong>1733<\/strong><br \/>(-20 for losing)\n|l|\u2606Emirnent\n|player|p2|\n","uploadtime":1724250961,"views":399,"formatid":"gen9vgc2024regh","rating":1733,"private":0,"password":null}