{"id":"gen9vgc2024regh-2184699050","format":"[Gen 9] VGC 2024 Reg H","players":["virticul","Emirnent"],"log":"|j|\u2606virticul\n|j|\u2606Emirnent\n|t:|1724250472\n|gametype|doubles\n|player|p1|virticul|gambler|1700\n|player|p2|Emirnent|1|1735\n|teamsize|p1|6\n|teamsize|p2|6\n|gen|9\n|tier|[Gen 9] VGC 2024 Reg H\n|rated|\n|rule|Species Clause: Limit one of each Pok\u00e9mon\n|rule|Item Clause: Limit 1 of each item\n|clearpoke\n|poke|p1|Electrode-Hisui, L50|\n|poke|p1|Annihilape, L50, M|\n|poke|p1|Dondozo, L50, F|\n|poke|p1|Tatsugiri, L50, M|\n|poke|p1|Lilligant-Hisui, L50, F|\n|poke|p1|Torkoal, L50, M|\n|poke|p2|Gholdengo, L50|\n|poke|p2|Glimmora, L50, F|\n|poke|p2|Talonflame, L50, M|\n|poke|p2|Dragonite, L50, F|\n|poke|p2|Dondozo, L50, F|\n|poke|p2|Tatsugiri, L50, F|\n|teampreview|4\n|inactive|Battle timer is ON: inactive players will automatically lose when time's up. (requested by virticul)\n|\n|t:|1724250481\n|start\n|switch|p1a: Electrode|Electrode-Hisui, L50|100\/100\n|switch|p1b: Annihilape|Annihilape, L50, M|100\/100\n|switch|p2a: Dragonite|Dragonite, L50, F|100\/100\n|switch|p2b: Glimmora|Glimmora, L50, F|100\/100\n|turn|1\n|j| Dudebrahbro\n|j| Eefam\n|inactive|Emirnent has 30 seconds left.\n|\n|t:|1724250507\n|move|p1a: Electrode|Bullet Seed|p1b: Annihilape\n|-damage|p1b: Annihilape|95\/100\n|-damage|p1b: Annihilape|91\/100\n|-damage|p1b: Annihilape|86\/100\n|-damage|p1b: Annihilape|80\/100\n|-hitcount|p1b: Annihilape|4\n|move|p1b: Annihilape|Rage Fist|p2a: Dragonite\n|-damage|p2a: Dragonite|48\/100\n|move|p2b: Glimmora|Sludge Bomb|p1a: Electrode\n|-supereffective|p1a: Electrode\n|-damage|p1a: Electrode|0 fnt\n|faint|p1a: Electrode\n|move|p2a: Dragonite|Aerial Ace|p1b: Annihilape\n|-supereffective|p1b: Annihilape\n|-damage|p1b: Annihilape|0 fnt\n|faint|p1b: Annihilape\n|\n|upkeep\n|\n|t:|1724250521\n|switch|p1a: Dondozo|Dondozo, L50, F|100\/100\n|switch|p1b: Tatsugiri|Tatsugiri, L50, M|100\/100\n|-activate|p1b: Tatsugiri|ability: Commander|[of] p1a: Dondozo\n|-boost|p1a: Dondozo|atk|2\n|-boost|p1a: Dondozo|spa|2\n|-boost|p1a: Dondozo|spe|2\n|-boost|p1a: Dondozo|def|2\n|-boost|p1a: Dondozo|spd|2\n|turn|2\n|\n|t:|1724250543\n|switch|p2b: Dondozo|Dondozo, L50, F|100\/100\n|switch|p2a: Tatsugiri|Tatsugiri, L50, F|100\/100\n|-activate|p2a: Tatsugiri|ability: Commander|[of] p2b: Dondozo\n|-boost|p2b: Dondozo|atk|2\n|-boost|p2b: Dondozo|spa|2\n|-boost|p2b: Dondozo|spe|2\n|-boost|p2b: Dondozo|def|2\n|-boost|p2b: Dondozo|spd|2\n|move|p1a: Dondozo|Earthquake|p2b: Dondozo|[spread] p2b\n|-miss|p1a: Dondozo|p1b: Tatsugiri\n|-miss|p1a: Dondozo|p2a: Tatsugiri\n|-damage|p2b: Dondozo|83\/100\n|\n|-heal|p2b: Dondozo|89\/100|[from] item: Leftovers\n|upkeep\n|turn|3\n|\n|t:|1724250558\n|move|p2b: Dondozo|Protect|p2b: Dondozo\n|-singleturn|p2b: Dondozo|Protect\n|move|p1a: Dondozo|Order Up|p2b: Dondozo\n|-activate|p2b: Dondozo|move: Protect\n|\n|-heal|p2b: Dondozo|96\/100|[from] item: Leftovers\n|upkeep\n|turn|4\n|\n|t:|1724250564\n|move|p2b: Dondozo|Earthquake|p1b: Tatsugiri|[spread] p1a\n|-miss|p2b: Dondozo|p2a: Tatsugiri\n|-miss|p2b: Dondozo|p1b: Tatsugiri\n|-damage|p1a: Dondozo|84\/100\n|move|p1a: Dondozo|Order Up|p2b: Dondozo\n|-damage|p2b: Dondozo|77\/100\n|-boost|p1a: Dondozo|atk|1\n|\n|-heal|p2b: Dondozo|83\/100|[from] item: Leftovers\n|-heal|p1a: Dondozo|91\/100|[from] item: Leftovers\n|upkeep\n|turn|5\n|\n|t:|1724250576\n|move|p2b: Dondozo|Earthquake|p1a: Dondozo|[spread] p1a\n|-miss|p2b: Dondozo|p2a: Tatsugiri\n|-miss|p2b: Dondozo|p1b: Tatsugiri\n|-damage|p1a: Dondozo|74\/100\n|move|p1a: Dondozo|Order Up|p2b: Dondozo\n|-damage|p2b: Dondozo|64\/100\n|-boost|p1a: Dondozo|atk|1\n|\n|-heal|p2b: Dondozo|70\/100|[from] item: Leftovers\n|-heal|p1a: Dondozo|80\/100|[from] item: Leftovers\n|upkeep\n|turn|6\n|\n|t:|1724250592\n|move|p2b: Dondozo|Protect|p2b: Dondozo\n|-singleturn|p2b: Dondozo|Protect\n|move|p1a: Dondozo|Protect||[still]\n|-fail|p1a: Dondozo\n|\n|-heal|p2b: Dondozo|77\/100|[from] item: Leftovers\n|-heal|p1a: Dondozo|86\/100|[from] item: Leftovers\n|upkeep\n|turn|7\n|\n|t:|1724250596\n|move|p1a: Dondozo|Protect|p1a: Dondozo\n|-singleturn|p1a: Dondozo|Protect\n|move|p2b: Dondozo|Earthquake|p1a: Dondozo|[spread] \n|-miss|p2b: Dondozo|p2a: Tatsugiri\n|-miss|p2b: Dondozo|p1b: Tatsugiri\n|-activate|p1a: Dondozo|move: Protect\n|\n|-heal|p2b: Dondozo|83\/100|[from] item: Leftovers\n|-heal|p1a: Dondozo|92\/100|[from] item: Leftovers\n|upkeep\n|turn|8\n|\n|t:|1724250600\n|move|p2b: Dondozo|Earthquake|p1a: Dondozo|[spread] p1a\n|-miss|p2b: Dondozo|p2a: Tatsugiri\n|-miss|p2b: Dondozo|p1b: Tatsugiri\n|-damage|p1a: Dondozo|76\/100\n|move|p1a: Dondozo|Order Up|p2b: Dondozo\n|-damage|p2b: Dondozo|65\/100\n|-boost|p1a: Dondozo|atk|1\n|\n|-heal|p2b: Dondozo|71\/100|[from] item: Leftovers\n|-heal|p1a: Dondozo|82\/100|[from] item: Leftovers\n|upkeep\n|turn|9\n|c| Dudebrahbro|I just arrived for the mirror match\n|\n|t:|1724250616\n|move|p2b: Dondozo|Protect|p2b: Dondozo\n|-singleturn|p2b: Dondozo|Protect\n|move|p1a: Dondozo|Protect||[still]\n|-fail|p1a: Dondozo\n|\n|-heal|p2b: Dondozo|77\/100|[from] item: Leftovers\n|-heal|p1a: Dondozo|88\/100|[from] item: Leftovers\n|upkeep\n|turn|10\n|\n|t:|1724250619\n|move|p1a: Dondozo|Protect|p1a: Dondozo\n|-singleturn|p1a: Dondozo|Protect\n|move|p2b: Dondozo|Earthquake|p1b: Tatsugiri|[spread] \n|-miss|p2b: Dondozo|p2a: Tatsugiri\n|-miss|p2b: Dondozo|p1b: Tatsugiri\n|-activate|p1a: Dondozo|move: Protect\n|\n|-heal|p2b: Dondozo|84\/100|[from] item: Leftovers\n|-heal|p1a: Dondozo|94\/100|[from] item: Leftovers\n|upkeep\n|turn|11\n|\n|t:|1724250622\n|move|p2b: Dondozo|Earthquake|p1a: Dondozo|[spread] p1a\n|-miss|p2b: Dondozo|p2a: Tatsugiri\n|-miss|p2b: Dondozo|p1b: Tatsugiri\n|-damage|p1a: Dondozo|77\/100\n|move|p1a: Dondozo|Order Up|p2b: Dondozo\n|-damage|p2b: Dondozo|64\/100\n|-boost|p1a: Dondozo|atk|1\n|\n|-heal|p2b: Dondozo|70\/100|[from] item: Leftovers\n|-heal|p1a: Dondozo|84\/100|[from] item: Leftovers\n|upkeep\n|turn|12\n|\n|t:|1724250630\n|move|p2b: Dondozo|Protect|p2b: Dondozo\n|-singleturn|p2b: Dondozo|Protect\n|move|p1a: Dondozo|Protect||[still]\n|-fail|p1a: Dondozo\n|\n|-heal|p2b: Dondozo|77\/100|[from] item: Leftovers\n|-heal|p1a: Dondozo|90\/100|[from] item: Leftovers\n|upkeep\n|turn|13\n|\n|t:|1724250634\n|move|p2b: Dondozo|Earthquake|p1a: Dondozo|[spread] p1a\n|-miss|p2b: Dondozo|p2a: Tatsugiri\n|-miss|p2b: Dondozo|p1b: Tatsugiri\n|-damage|p1a: Dondozo|72\/100\n|move|p1a: Dondozo|Order Up|p2b: Dondozo\n|-damage|p2b: Dondozo|59\/100\n|-boost|p1a: Dondozo|atk|0\n|\n|-heal|p2b: Dondozo|65\/100|[from] item: Leftovers\n|-heal|p1a: Dondozo|78\/100|[from] item: Leftovers\n|upkeep\n|turn|14\n|\n|t:|1724250642\n|move|p2b: Dondozo|Protect|p2b: Dondozo\n|-singleturn|p2b: Dondozo|Protect\n|move|p1a: Dondozo|Earthquake|p2b: Dondozo|[spread] \n|-miss|p1a: Dondozo|p1b: Tatsugiri\n|-miss|p1a: Dondozo|p2a: Tatsugiri\n|-activate|p2b: Dondozo|move: Protect\n|\n|-heal|p2b: Dondozo|71\/100|[from] item: Leftovers\n|-heal|p1a: Dondozo|84\/100|[from] item: Leftovers\n|upkeep\n|turn|15\n|\n|t:|1724250644\n|move|p2b: Dondozo|Earthquake|p1a: Dondozo|[spread] p1a\n|-miss|p2b: Dondozo|p2a: Tatsugiri\n|-miss|p2b: Dondozo|p1b: Tatsugiri\n|-damage|p1a: Dondozo|67\/100\n|move|p1a: Dondozo|Order Up|p2b: Dondozo\n|-damage|p2b: Dondozo|54\/100\n|-boost|p1a: Dondozo|atk|0\n|\n|-heal|p2b: Dondozo|60\/100|[from] item: Leftovers\n|-heal|p1a: Dondozo|73\/100|[from] item: Leftovers\n|upkeep\n|turn|16\n|c| Eefam|\ud83d\udc80\n|\n|t:|1724250646\n|move|p2b: Dondozo|Protect|p2b: Dondozo\n|-singleturn|p2b: Dondozo|Protect\n|move|p1a: Dondozo|Earthquake|p2a: Tatsugiri|[spread] \n|-miss|p1a: Dondozo|p1b: Tatsugiri\n|-miss|p1a: Dondozo|p2a: Tatsugiri\n|-activate|p2b: Dondozo|move: Protect\n|\n|-heal|p2b: Dondozo|66\/100|[from] item: Leftovers\n|-heal|p1a: Dondozo|79\/100|[from] item: Leftovers\n|upkeep\n|turn|17\n|\n|t:|1724250647\n|move|p2b: Dondozo|Earthquake|p1b: Tatsugiri|[spread] p1a\n|-miss|p2b: Dondozo|p2a: Tatsugiri\n|-miss|p2b: Dondozo|p1b: Tatsugiri\n|-crit|p1a: Dondozo\n|-damage|p1a: Dondozo|55\/100\n|move|p1a: Dondozo|Order Up|p2b: Dondozo\n|-damage|p2b: Dondozo|49\/100\n|-boost|p1a: Dondozo|atk|0\n|\n|-heal|p2b: Dondozo|55\/100|[from] item: Leftovers\n|-heal|p1a: Dondozo|61\/100|[from] item: Leftovers\n|upkeep\n|turn|18\n|\n|t:|1724250649\n|move|p2b: Dondozo|Protect|p2b: Dondozo\n|-singleturn|p2b: Dondozo|Protect\n|move|p1a: Dondozo|Earthquake|p2a: Tatsugiri|[spread] \n|-miss|p1a: Dondozo|p1b: Tatsugiri\n|-miss|p1a: Dondozo|p2a: Tatsugiri\n|-activate|p2b: Dondozo|move: Protect\n|\n|-heal|p2b: Dondozo|62\/100|[from] item: Leftovers\n|-heal|p1a: Dondozo|68\/100|[from] item: Leftovers\n|upkeep\n|turn|19\n|\n|t:|1724250651\n|move|p2b: Dondozo|Earthquake|p1a: Dondozo|[spread] p1a\n|-miss|p2b: Dondozo|p2a: Tatsugiri\n|-miss|p2b: Dondozo|p1b: Tatsugiri\n|-damage|p1a: Dondozo|52\/100\n|move|p1a: Dondozo|Order Up|p2b: Dondozo\n|-damage|p2b: Dondozo|44\/100\n|-boost|p1a: Dondozo|atk|0\n|\n|-heal|p2b: Dondozo|50\/100|[from] item: Leftovers\n|-heal|p1a: Dondozo|58\/100|[from] item: Leftovers\n|upkeep\n|turn|20\n|\n|t:|1724250654\n|move|p2b: Dondozo|Protect|p2b: Dondozo\n|-singleturn|p2b: Dondozo|Protect\n|move|p1a: Dondozo|Earthquake|p2b: Dondozo|[spread] \n|-miss|p1a: Dondozo|p1b: Tatsugiri\n|-miss|p1a: Dondozo|p2a: Tatsugiri\n|-activate|p2b: Dondozo|move: Protect\n|\n|-heal|p2b: Dondozo|56\/100|[from] item: Leftovers\n|-heal|p1a: Dondozo|64\/100|[from] item: Leftovers\n|upkeep\n|turn|21\n|\n|t:|1724250655\n|move|p2b: Dondozo|Earthquake|p1b: Tatsugiri|[spread] p1a\n|-miss|p2b: Dondozo|p2a: Tatsugiri\n|-miss|p2b: Dondozo|p1b: Tatsugiri\n|-damage|p1a: Dondozo|47\/100\n|move|p1a: Dondozo|Order Up|p2b: Dondozo\n|-damage|p2b: Dondozo|37\/100\n|-boost|p1a: Dondozo|atk|0\n|\n|-heal|p2b: Dondozo|43\/100|[from] item: Leftovers\n|-heal|p1a: Dondozo|53\/100|[from] item: Leftovers\n|upkeep\n|turn|22\n|\n|t:|1724250659\n|move|p2b: Dondozo|Protect|p2b: Dondozo\n|-singleturn|p2b: Dondozo|Protect\n|move|p1a: Dondozo|Earthquake|p2a: Tatsugiri|[spread] \n|-miss|p1a: Dondozo|p1b: Tatsugiri\n|-miss|p1a: Dondozo|p2a: Tatsugiri\n|-activate|p2b: Dondozo|move: Protect\n|\n|-heal|p2b: Dondozo|49\/100|[from] item: Leftovers\n|-heal|p1a: Dondozo|59\/100|[from] item: Leftovers\n|upkeep\n|turn|23\n|\n|t:|1724250661\n|move|p2b: Dondozo|Earthquake|p1a: Dondozo|[spread] p1a\n|-miss|p2b: Dondozo|p2a: Tatsugiri\n|-miss|p2b: Dondozo|p1b: Tatsugiri\n|-damage|p1a: Dondozo|42\/100\n|move|p1a: Dondozo|Order Up|p2b: Dondozo\n|-damage|p2b: Dondozo|31\/100\n|-boost|p1a: Dondozo|atk|0\n|\n|-heal|p2b: Dondozo|37\/100|[from] item: Leftovers\n|-heal|p1a: Dondozo|48\/100|[from] item: Leftovers\n|upkeep\n|turn|24\n|\n|t:|1724250664\n|move|p2b: Dondozo|Protect|p2b: Dondozo\n|-singleturn|p2b: Dondozo|Protect\n|move|p1a: Dondozo|Earthquake|p2b: Dondozo|[spread] \n|-miss|p1a: Dondozo|p1b: Tatsugiri\n|-miss|p1a: Dondozo|p2a: Tatsugiri\n|-activate|p2b: Dondozo|move: Protect\n|\n|-heal|p2b: Dondozo|43\/100|[from] item: Leftovers\n|-heal|p1a: Dondozo|54\/100|[from] item: Leftovers\n|upkeep\n|turn|25\n|\n|t:|1724250665\n|move|p2b: Dondozo|Earthquake|p1a: Dondozo|[spread] p1a\n|-miss|p2b: Dondozo|p2a: Tatsugiri\n|-miss|p2b: Dondozo|p1b: Tatsugiri\n|-damage|p1a: Dondozo|38\/100\n|move|p1a: Dondozo|Order Up|p2b: Dondozo\n|-damage|p2b: Dondozo|24\/100\n|-boost|p1a: Dondozo|atk|0\n|\n|-heal|p2b: Dondozo|31\/100|[from] item: Leftovers\n|-heal|p1a: Dondozo|44\/100|[from] item: Leftovers\n|upkeep\n|turn|26\n|c| Dudebrahbro|So Emir's gonna win on HP and mons, right?\n|\n|t:|1724250679\n|move|p2b: Dondozo|Protect|p2b: Dondozo\n|-singleturn|p2b: Dondozo|Protect\n|move|p1a: Dondozo|Earthquake|p2b: Dondozo|[spread] \n|-miss|p1a: Dondozo|p1b: Tatsugiri\n|-miss|p1a: Dondozo|p2a: Tatsugiri\n|-activate|p2b: Dondozo|move: Protect\n|\n|-heal|p2b: Dondozo|37\/100|[from] item: Leftovers\n|-heal|p1a: Dondozo|51\/100|[from] item: Leftovers\n|upkeep\n|turn|27\n|c|\u2606virticul|thats what hes going for\n|\n|t:|1724250686\n|move|p2b: Dondozo|Earthquake|p1a: Dondozo|[spread] p1a\n|-miss|p2b: Dondozo|p2a: Tatsugiri\n|-miss|p2b: Dondozo|p1b: Tatsugiri\n|-damage|p1a: Dondozo|33\/100\n|move|p1a: Dondozo|Order Up|p2b: Dondozo\n|-damage|p2b: Dondozo|19\/100\n|-boost|p1a: Dondozo|atk|0\n|\n|-heal|p2b: Dondozo|25\/100|[from] item: Leftovers\n|-heal|p1a: Dondozo|39\/100|[from] item: Leftovers\n|upkeep\n|turn|28\n|\n|t:|1724250690\n|move|p2b: Dondozo|Protect|p2b: Dondozo\n|-singleturn|p2b: Dondozo|Protect\n|move|p1a: Dondozo|Earthquake|p2b: Dondozo|[spread] \n|-miss|p1a: Dondozo|p1b: Tatsugiri\n|-miss|p1a: Dondozo|p2a: Tatsugiri\n|-activate|p2b: Dondozo|move: Protect\n|\n|-heal|p2b: Dondozo|31\/100|[from] item: Leftovers\n|-heal|p1a: Dondozo|45\/100|[from] item: Leftovers\n|upkeep\n|turn|29\n|\n|t:|1724250693\n|move|p2b: Dondozo|Earthquake|p1b: Tatsugiri|[spread] p1a\n|-miss|p2b: Dondozo|p2a: Tatsugiri\n|-miss|p2b: Dondozo|p1b: Tatsugiri\n|-damage|p1a: Dondozo|29\/100\n|move|p1a: Dondozo|Order Up|p2b: Dondozo\n|-damage|p2b: Dondozo|13\/100\n|-boost|p1a: Dondozo|atk|0\n|\n|-heal|p2b: Dondozo|19\/100|[from] item: Leftovers\n|-heal|p1a: Dondozo|35\/100|[from] item: Leftovers\n|upkeep\n|turn|30\n|\n|t:|1724250695\n|move|p2b: Dondozo|Protect|p2b: Dondozo\n|-singleturn|p2b: Dondozo|Protect\n|move|p1a: Dondozo|Earthquake|p2a: Tatsugiri|[spread] \n|-miss|p1a: Dondozo|p1b: Tatsugiri\n|-miss|p1a: Dondozo|p2a: Tatsugiri\n|-activate|p2b: Dondozo|move: Protect\n|\n|-heal|p2b: Dondozo|25\/100|[from] item: Leftovers\n|-heal|p1a: Dondozo|41\/100|[from] item: Leftovers\n|upkeep\n|turn|31\n|\n|t:|1724250697\n|move|p2b: Dondozo|Earthquake|p1a: Dondozo|[spread] p1a\n|-miss|p2b: Dondozo|p2a: Tatsugiri\n|-miss|p2b: Dondozo|p1b: Tatsugiri\n|-damage|p1a: Dondozo|25\/100\n|move|p1a: Dondozo|Order Up|p2b: Dondozo\n|-crit|p2b: Dondozo\n|-damage|p2b: Dondozo|0 fnt\n|faint|p2b: Dondozo\n|-boost|p1a: Dondozo|atk|0\n|\n|-heal|p1a: Dondozo|32\/100|[from] item: Leftovers\n|upkeep\n|c| Dudebrahbro|So how bout that summer heat?\n|\n|t:|1724250707\n|switch|p2b: Dragonite|Dragonite, L50, F|48\/100\n|turn|32\n|\n|t:|1724250715\n|-terastallize|p1a: Dondozo|Steel\n|move|p2b: Dragonite|Extreme Speed|p1a: Dondozo\n|-resisted|p1a: Dondozo\n|-crit|p1a: Dondozo\n|-damage|p1a: Dondozo|7\/100\n|move|p2a: Tatsugiri|Dragon Pulse|p1a: Dondozo\n|-resisted|p1a: Dondozo\n|-damage|p1a: Dondozo|0 fnt\n|faint|p1a: Dondozo\n|\n|upkeep\n|turn|33\n|\n|t:|1724250725\n|move|p2b: Dragonite|Extreme Speed|p1b: Tatsugiri\n|-damage|p1b: Tatsugiri|8\/100\n|move|p2a: Tatsugiri|Dragon Pulse|p1b: Tatsugiri\n|-supereffective|p1b: Tatsugiri\n|-damage|p1b: Tatsugiri|0 fnt\n|faint|p1b: Tatsugiri\n|\n|win|Emirnent\n|raw|virticul's rating: 1700 &rarr; <strong>1682<\/strong><br \/>(-18 for losing)\n|raw|Emirnent's rating: 1735 &rarr; <strong>1753<\/strong><br \/>(+18 for winning)\n|l|\u2606virticul\n|player|p1|\n|l| Dudebrahbro\n|l|\u2606Emirnent\n|player|p2|\n|l| Eefam\n","uploadtime":1724250955,"views":262,"formatid":"gen9vgc2024regh","rating":1682,"private":0,"password":null}