{"id":"gen9vgc2024regh-2185092022","format":"[Gen 9] VGC 2024 Reg H","players":["GubbsVGC","bwahacough"],"log":"|j|\u2606GubbsVGC\n|j|\u2606bwahacough\n|t:|1724289861\n|gametype|doubles\n|player|p1|GubbsVGC|morty|1682\n|player|p2|bwahacough|medium|1682\n|teamsize|p1|6\n|teamsize|p2|6\n|gen|9\n|tier|[Gen 9] VGC 2024 Reg H\n|rated|\n|rule|Species Clause: Limit one of each Pok\u00e9mon\n|rule|Item Clause: Limit 1 of each item\n|clearpoke\n|poke|p1|Sableye, L50, F|\n|poke|p1|Glimmora, L50, M|\n|poke|p1|Chesnaught, L50, F|\n|poke|p1|Zoroark-Hisui, L50, M|\n|poke|p1|Talonflame, L50, F|\n|poke|p1|Gastrodon, L50, M|\n|poke|p2|Lycanroc, L50, F|\n|poke|p2|Tyranitar, L50, F|\n|poke|p2|Indeedee-F, L50, F|\n|poke|p2|Murkrow, L50, M|\n|poke|p2|Garchomp, L50, F|\n|poke|p2|Gholdengo, L50|\n|teampreview|4\n|inactive|Battle timer is ON: inactive players will automatically lose when time's up. (requested by GubbsVGC)\n|inactive|GubbsVGC has 60 seconds left.\n|\n|t:|1724289916\n|start\n|switch|p1a: Talonflame|Talonflame, L50, F|100\/100\n|switch|p1b: Glimmora|Glimmora, L50, M|100\/100\n|switch|p2a: Lycanroc|Lycanroc, L50, F, shiny|100\/100\n|switch|p2b: Tyranitar|Tyranitar, L50, F|100\/100\n|-weather|Sandstorm|[from] ability: Sand Stream|[of] p2b: Tyranitar\n|turn|1\n|inactive|GubbsVGC has 30 seconds left.\n|inactive|GubbsVGC has 20 seconds left.\n|inactive|GubbsVGC has 15 seconds left.\n|\n|t:|1724289960\n|move|p1a: Talonflame|Protect|p1a: Talonflame\n|-singleturn|p1a: Talonflame|Protect\n|move|p2a: Lycanroc|Rock Slide|p1b: Glimmora|[spread] p1b\n|-activate|p1a: Talonflame|move: Protect\n|-crit|p1b: Glimmora\n|-damage|p1b: Glimmora|55\/100\n|-activate|p1b: Glimmora|ability: Toxic Debris\n|-sidestart|p2: bwahacough|move: Toxic Spikes\n|cant|p1b: Glimmora|flinch\n|move|p2b: Tyranitar|Knock Off|p1b: Glimmora\n|-damage|p1b: Glimmora|0 fnt\n|-activate|p1b: Glimmora|ability: Toxic Debris\n|-sidestart|p2: bwahacough|move: Toxic Spikes\n|-enditem|p1b: Glimmora|Power Herb|[from] move: Knock Off|[of] p2b: Tyranitar\n|faint|p1b: Glimmora\n|\n|-weather|Sandstorm|[upkeep]\n|-damage|p1a: Talonflame|95\/100|[from] Sandstorm\n|upkeep\n|j| Vitochas021\n|j| zzz1994000\n|\n|t:|1724289982\n|switch|p1b: Chesnaught|Chesnaught, L50, F|100\/100\n|turn|2\n|\n|t:|1724289992\n|switch|p1a: Gastrodon|Gastrodon, L50, M|100\/100\n|move|p1b: Chesnaught|Spiky Shield|p1b: Chesnaught\n|-singleturn|p1b: Chesnaught|move: Protect\n|move|p2a: Lycanroc|Rock Slide|p1a: Gastrodon|[spread] p1a\n|-activate|p1b: Chesnaught|move: Protect\n|-resisted|p1a: Gastrodon\n|-damage|p1a: Gastrodon|86\/100\n|move|p2b: Tyranitar|Knock Off|p1b: Chesnaught\n|-activate|p1b: Chesnaught|move: Protect\n|-damage|p2b: Tyranitar|88\/100|[from] Spiky Shield|[of] p1b: Chesnaught\n|\n|-weather|Sandstorm|[upkeep]\n|-damage|p1b: Chesnaught|95\/100|[from] Sandstorm\n|-heal|p1b: Chesnaught|100\/100|[from] item: Leftovers\n|upkeep\n|turn|3\n|l| Vitochas021\n|inactive|GubbsVGC has 30 seconds left.\n|inactive|GubbsVGC has 20 seconds left.\n|\n|t:|1724290029\n|-terastallize|p2b: Tyranitar|Grass\n|move|p2a: Lycanroc|Protect|p2a: Lycanroc\n|-singleturn|p2a: Lycanroc|Protect\n|move|p1a: Gastrodon|Protect|p1a: Gastrodon\n|-singleturn|p1a: Gastrodon|Protect\n|move|p1b: Chesnaught|Leech Seed|p2a: Lycanroc\n|-activate|p2a: Lycanroc|move: Protect\n|move|p2b: Tyranitar|Tera Blast|p1a: Gastrodon|[anim] Tera Blast Grass\n|-activate|p1a: Gastrodon|move: Protect\n|\n|-weather|Sandstorm|[upkeep]\n|-damage|p1b: Chesnaught|95\/100|[from] Sandstorm\n|-damage|p2b: Tyranitar|82\/100|[from] Sandstorm\n|-heal|p1b: Chesnaught|100\/100|[from] item: Leftovers\n|upkeep\n|turn|4\n|inactive|GubbsVGC has 30 seconds left.\n|\n|t:|1724290060\n|-terastallize|p1a: Gastrodon|Fire\n|move|p2a: Lycanroc|Rock Slide|p1a: Gastrodon|[spread] p1b\n|-miss|p2a: Lycanroc|p1a: Gastrodon\n|-resisted|p1b: Chesnaught\n|-damage|p1b: Chesnaught|92\/100\n|cant|p1b: Chesnaught|flinch\n|move|p2b: Tyranitar|Knock Off|p1a: Gastrodon\n|-damage|p1a: Gastrodon|32\/100\n|-enditem|p1a: Gastrodon|Safety Goggles|[from] move: Knock Off|[of] p2b: Tyranitar\n|move|p1a: Gastrodon|Earth Power|p2a: Lycanroc\n|-supereffective|p2a: Lycanroc\n|-damage|p2a: Lycanroc|23\/100\n|-unboost|p2a: Lycanroc|spd|1\n|\n|-weather|Sandstorm|[upkeep]\n|-damage|p1b: Chesnaught|86\/100|[from] Sandstorm\n|-damage|p2b: Tyranitar|76\/100|[from] Sandstorm\n|-damage|p1a: Gastrodon|26\/100|[from] Sandstorm\n|-heal|p1b: Chesnaught|92\/100|[from] item: Leftovers\n|upkeep\n|turn|5\n|inactive|GubbsVGC has 30 seconds left.\n|\n|t:|1724290090\n|move|p1a: Gastrodon|Protect|p1a: Gastrodon\n|-singleturn|p1a: Gastrodon|Protect\n|move|p2a: Lycanroc|Endeavor|p1b: Chesnaught\n|-damage|p1b: Chesnaught|18\/100\n|move|p1b: Chesnaught|Body Press|p2a: Lycanroc\n|-supereffective|p2a: Lycanroc\n|-damage|p2a: Lycanroc|0 fnt\n|faint|p2a: Lycanroc\n|move|p2b: Tyranitar|Ice Punch|p1b: Chesnaught\n|-supereffective|p1b: Chesnaught\n|-damage|p1b: Chesnaught|0 fnt\n|faint|p1b: Chesnaught\n|\n|-weather|none\n|upkeep\n|\n|t:|1724290105\n|switch|p2a: Indeedee|Indeedee-F, L50, F, shiny|100\/100\n|switch|p1b: Talonflame|Talonflame, L50, F|95\/100\n|-status|p2a: Indeedee|tox\n|-fieldstart|move: Psychic Terrain|[from] ability: Psychic Surge|[of] p2a: Indeedee\n|turn|6\n|inactive|GubbsVGC has 30 seconds left.\n|\n|t:|1724290132\n|move|p2a: Indeedee|Follow Me|p2a: Indeedee\n|-singleturn|p2a: Indeedee|move: Follow Me\n|move|p1b: Talonflame|Heat Wave|p2a: Indeedee|[spread] p2a,p2b\n|-supereffective|p2b: Tyranitar\n|-damage|p2a: Indeedee|73\/100 tox\n|-damage|p2b: Tyranitar|42\/100\n|-damage|p1b: Talonflame|85\/100|[from] item: Life Orb\n|move|p2b: Tyranitar|Rock Slide|p1a: Gastrodon|[spread] p1a,p1b\n|-supereffective|p1a: Gastrodon\n|-supereffective|p1b: Talonflame\n|-damage|p1a: Gastrodon|0 fnt\n|-damage|p1b: Talonflame|0 fnt\n|faint|p1a: Gastrodon\n|faint|p1b: Talonflame\n|\n|win|bwahacough\n|raw|GubbsVGC's rating: 1682 &rarr; <strong>1663<\/strong><br \/>(-19 for losing)\n|raw|bwahacough's rating: 1703 &rarr; <strong>1722<\/strong><br \/>(+19 for winning)\n|l| zzz1994000\n|l|\u2606GubbsVGC\n|player|p1|\n","uploadtime":1724290280,"views":76,"formatid":"gen9vgc2024regh","rating":1663,"private":0,"password":null}