{"id":"gen9vgc2024regh-2185138655","format":"[Gen 9] VGC 2024 Reg H","players":["tommytinkle","bwahacough"],"log":"|j|\u2606tommytinkle\n|j|\u2606bwahacough\n|t:|1724295259\n|gametype|doubles\n|player|p1|tommytinkle|linebacker|1688\n|player|p2|bwahacough|medium|1744\n|teamsize|p1|6\n|teamsize|p2|6\n|gen|9\n|tier|[Gen 9] VGC 2024 Reg H\n|rated|\n|rule|Species Clause: Limit one of each Pok\u00e9mon\n|rule|Item Clause: Limit 1 of each item\n|clearpoke\n|poke|p1|Garchomp, L50, F|\n|poke|p1|Dragonite, L50, F|\n|poke|p1|Annihilape, L50, F|\n|poke|p1|Maushold, L50|\n|poke|p1|Tyranitar, L50, M|\n|poke|p1|Primarina, L50, M|\n|poke|p2|Lycanroc, L50, M|\n|poke|p2|Tyranitar, L50, M|\n|poke|p2|Indeedee-F, L50, F|\n|poke|p2|Murkrow, L50, M|\n|poke|p2|Garchomp, L50, M|\n|poke|p2|Gholdengo, L50|\n|teampreview|4\n|\n|t:|1724295272\n|start\n|switch|p1a: Garchomp|Garchomp, L50, F|100\/100\n|switch|p1b: Dragonite|Dragonite, L50, F|100\/100\n|switch|p2a: Lycanroc|Lycanroc, L50, M, shiny|100\/100\n|switch|p2b: Tyranitar|Tyranitar, L50, M|100\/100\n|-weather|Sandstorm|[from] ability: Sand Stream|[of] p2b: Tyranitar\n|turn|1\n|inactive|Battle timer is ON: inactive players will automatically lose when time's up. (requested by tommytinkle)\n|\n|t:|1724295290\n|-terastallize|p1a: Garchomp|Ground\n|-terastallize|p2b: Tyranitar|Grass\n|move|p2a: Lycanroc|Rock Slide|p1b: Dragonite|[spread] p1b\n|-miss|p2a: Lycanroc|p1a: Garchomp\n|-supereffective|p1b: Dragonite\n|-damage|p1b: Dragonite|74\/100\n|move|p1a: Garchomp|Earthquake|p2a: Lycanroc|[spread] p2a,p2b\n|-immune|p1b: Dragonite\n|-supereffective|p2a: Lycanroc\n|-resisted|p2b: Tyranitar\n|-enditem|p2a: Lycanroc|Focus Sash\n|-damage|p2a: Lycanroc|1\/100\n|-damage|p2b: Tyranitar|74\/100\n|-damage|p1a: Garchomp|91\/100|[from] item: Life Orb\n|move|p1b: Dragonite|Tailwind|p1b: Dragonite\n|-sidestart|p1: tommytinkle|move: Tailwind\n|move|p2b: Tyranitar|Tera Blast|p1a: Garchomp|[anim] Tera Blast Grass|[miss]\n|-miss|p2b: Tyranitar|p1a: Garchomp\n|\n|-weather|Sandstorm|[upkeep]\n|-damage|p1b: Dragonite|68\/100|[from] Sandstorm\n|-damage|p2b: Tyranitar|68\/100|[from] Sandstorm\n|upkeep\n|turn|2\n|\n|t:|1724295306\n|move|p2a: Lycanroc|Protect|p2a: Lycanroc\n|-singleturn|p2a: Lycanroc|Protect\n|move|p1b: Dragonite|Extreme Speed|p2a: Lycanroc\n|-activate|p2a: Lycanroc|move: Protect\n|move|p1a: Garchomp|Dragon Claw|p2b: Tyranitar\n|-damage|p2b: Tyranitar|28\/100\n|-damage|p1a: Garchomp|81\/100|[from] item: Life Orb\n|move|p2b: Tyranitar|Tera Blast|p1a: Garchomp|[anim] Tera Blast Grass\n|-supereffective|p1a: Garchomp\n|-damage|p1a: Garchomp|0 fnt\n|faint|p1a: Garchomp\n|\n|-weather|Sandstorm|[upkeep]\n|-damage|p1b: Dragonite|62\/100|[from] Sandstorm\n|-damage|p2b: Tyranitar|22\/100|[from] Sandstorm\n|upkeep\n|\n|t:|1724295322\n|switch|p1a: Primarina|Primarina, L50, M|100\/100\n|turn|3\n|\n|t:|1724295332\n|switch|p2a: Murkrow|Murkrow, L50, M|100\/100\n|move|p1b: Dragonite|Extreme Speed|p2a: Murkrow\n|-damage|p2a: Murkrow|72\/100\n|move|p1a: Primarina|Moonblast|p2b: Tyranitar\n|-damage|p2b: Tyranitar|0 fnt\n|faint|p2b: Tyranitar\n|\n|-weather|Sandstorm|[upkeep]\n|-damage|p1b: Dragonite|56\/100|[from] Sandstorm\n|-damage|p1a: Primarina|95\/100|[from] Sandstorm\n|-damage|p2a: Murkrow|66\/100|[from] Sandstorm\n|upkeep\n|\n|t:|1724295334\n|switch|p2b: Gholdengo|Gholdengo, L50|100\/100\n|turn|4\n|j| zzz1994000\n|inactive|tommytinkle has 30 seconds left.\n|inactive|tommytinkle has 20 seconds left.\n|inactive|tommytinkle has 15 seconds left.\n|\n|t:|1724295374\n|move|p1a: Primarina|Protect|p1a: Primarina\n|-singleturn|p1a: Primarina|Protect\n|move|p2a: Murkrow|Tailwind|p2a: Murkrow\n|-sidestart|p2: bwahacough|move: Tailwind\n|move|p2b: Gholdengo|Nasty Plot|p2b: Gholdengo\n|-boost|p2b: Gholdengo|spa|2\n|move|p1b: Dragonite|Thunder Wave|p2a: Murkrow\n|-status|p2a: Murkrow|par\n|\n|-weather|Sandstorm|[upkeep]\n|-damage|p1b: Dragonite|50\/100|[from] Sandstorm\n|-damage|p1a: Primarina|89\/100|[from] Sandstorm\n|-damage|p2a: Murkrow|60\/100 par|[from] Sandstorm\n|-sideend|p1: tommytinkle|move: Tailwind\n|upkeep\n|turn|5\n|\n|t:|1724295394\n|move|p1a: Primarina|Protect||[still]\n|-fail|p1a: Primarina\n|move|p2b: Gholdengo|Make It Rain|p1a: Primarina|[spread] p1a,p1b\n|-crit|p1b: Dragonite\n|-damage|p1a: Primarina|0 fnt\n|-damage|p1b: Dragonite|0 fnt\n|-unboost|p2b: Gholdengo|spa|1\n|faint|p1a: Primarina\n|faint|p1b: Dragonite\n|-damage|p2b: Gholdengo|91\/100|[from] item: Life Orb\n|move|p2a: Murkrow|Foul Play|p1: Primarina|[notarget]\n|-fail|p2a: Murkrow\n|\n|-weather|none\n|upkeep\n|\n|t:|1724295397\n|switch|p1a: Tyranitar|Tyranitar, L50, M|100\/100\n|-weather|Sandstorm|[from] ability: Sand Stream|[of] p1a: Tyranitar\n|turn|6\n|l| zzz1994000\n|\n|t:|1724295419\n|move|p2b: Gholdengo|Make It Rain|p1a: Tyranitar\n|-supereffective|p1a: Tyranitar\n|-damage|p1a: Tyranitar|0 fnt\n|-unboost|p2b: Gholdengo|spa|1\n|faint|p1a: Tyranitar\n|-damage|p2b: Gholdengo|81\/100|[from] item: Life Orb\n|\n|win|bwahacough\n|raw|tommytinkle's rating: 1688 &rarr; <strong>1672<\/strong><br \/>(-16 for losing)\n|raw|bwahacough's rating: 1753 &rarr; <strong>1769<\/strong><br \/>(+16 for winning)\n|l|\u2606bwahacough\n|player|p2|\n|l|\u2606tommytinkle\n|player|p1|\n","uploadtime":1724295592,"views":99,"formatid":"gen9vgc2024regh","rating":1672,"private":0,"password":null}