{"id":"gen9vgc2024regh-2185758352","format":"[Gen 9] VGC 2024 Reg H","players":["bwahacough","gbvgcmakeawishkid"],"log":"|j|\u2606bwahacough\n|j|\u2606gbvgcmakeawishkid\n|t:|1724369267\n|gametype|doubles\n|player|p1|bwahacough|medium|1713\n|player|p2|gbvgcmakeawishkid|magmasuit|1712\n|teamsize|p1|6\n|teamsize|p2|6\n|gen|9\n|tier|[Gen 9] VGC 2024 Reg H\n|rated|\n|rule|Species Clause: Limit one of each Pok\u00e9mon\n|rule|Item Clause: Limit 1 of each item\n|clearpoke\n|poke|p1|Lycanroc, L50, M|\n|poke|p1|Tyranitar, L50, F|\n|poke|p1|Indeedee-F, L50, F|\n|poke|p1|Murkrow, L50, F|\n|poke|p1|Garchomp, L50, F|\n|poke|p1|Gholdengo, L50|\n|poke|p2|Gholdengo, L50|\n|poke|p2|Indeedee, L50, M|\n|poke|p2|Murkrow, L50, F|\n|poke|p2|Meowscarada, L50, M|\n|poke|p2|Typhlosion-Hisui, L50, M|\n|poke|p2|Tauros-Paldea-Aqua, L50, M|\n|teampreview|4\n|inactive|Battle timer is ON: inactive players will automatically lose when time's up. (requested by gbvgcmakeawishkid)\n|c|\u2606gbvgcmakeawishkid|oh no\nbwahacough has agreed to open team sheets.\n|j| SuperAgus\n|inactive|gbvgcmakeawishkid has 60 seconds left.\n|inactive|gbvgcmakeawishkid has 30 seconds left.\n|\n|t:|1724369330\n|start\n|switch|p1a: Lycanroc|Lycanroc, L50, M, shiny|100\/100\n|switch|p1b: Tyranitar|Tyranitar, L50, F|100\/100\n|switch|p2a: You|Murkrow, L50, F, shiny|100\/100\n|switch|p2b: Her Father|Tauros-Paldea-Aqua, L50, M|100\/100\n|-ability|p2b: Her Father|Intimidate|boost\n|-unboost|p1a: Lycanroc|atk|1\n|-unboost|p1b: Tyranitar|atk|1\n|-weather|Sandstorm|[from] ability: Sand Stream|[of] p1b: Tyranitar\n|turn|1\n|j| Auscar\n|inactive|gbvgcmakeawishkid has 30 seconds left.\n|\n|t:|1724369359\n|-terastallize|p1b: Tyranitar|Grass\n|move|p2a: You|Tailwind|p2a: You\n|-sidestart|p2: gbvgcmakeawishkid|move: Tailwind\n|move|p1a: Lycanroc|Rock Slide|p2a: You|[spread] p2a,p2b\n|-supereffective|p2a: You\n|-resisted|p2b: Her Father\n|-damage|p2a: You|59\/100\n|-damage|p2b: Her Father|89\/100\n|move|p2b: Her Father|Raging Bull|p1a: Lycanroc\n|-supereffective|p1a: Lycanroc\n|-enditem|p1a: Lycanroc|Focus Sash\n|-damage|p1a: Lycanroc|1\/100\n|move|p1b: Tyranitar|Rock Slide|p2b: Her Father|[spread] p2b\n|-miss|p1b: Tyranitar|p2a: You\n|-resisted|p2b: Her Father\n|-damage|p2b: Her Father|77\/100\n|\n|-weather|Sandstorm|[upkeep]\n|-damage|p2b: Her Father|71\/100|[from] Sandstorm\n|-damage|p2a: You|52\/100|[from] Sandstorm\n|-damage|p1b: Tyranitar|95\/100|[from] Sandstorm\n|upkeep\n|turn|2\n|\n|t:|1724369377\n|move|p1a: Lycanroc|Protect|p1a: Lycanroc\n|-singleturn|p1a: Lycanroc|Protect\n|move|p2b: Her Father|Aqua Jet|p1a: Lycanroc\n|-activate|p1a: Lycanroc|move: Protect\n|move|p2a: You|Sunny Day|p2a: You\n|-weather|SunnyDay\n|move|p1b: Tyranitar|Tera Blast|p2b: Her Father|[anim] Tera Blast Grass\n|-supereffective|p2b: Her Father\n|-damage|p2b: Her Father|0 fnt\n|faint|p2b: Her Father\n|\n|-weather|SunnyDay|[upkeep]\n|upkeep\n|\n|t:|1724369389\n|switch|p2b: Her Ex|Gholdengo, L50, shiny|100\/100\n|turn|3\n|\n|t:|1724369396\n|switch|p1a: Murkrow|Murkrow, L50, F|100\/100\n|-terastallize|p2b: Her Ex|Steel\n|move|p2b: Her Ex|Make It Rain|p1a: Murkrow|[spread] p1a,p1b\n|-crit|p1b: Tyranitar\n|-damage|p1a: Murkrow|9\/100\n|-damage|p1b: Tyranitar|18\/100\n|-unboost|p2b: Her Ex|spa|1\n|move|p2a: You|Brave Bird|p1b: Tyranitar\n|-supereffective|p1b: Tyranitar\n|-damage|p1b: Tyranitar|0 fnt\n|faint|p1b: Tyranitar\n|-damage|p2a: You|45\/100|[from] Recoil\n|\n|-weather|SunnyDay|[upkeep]\n|upkeep\n|\n|t:|1724369398\n|switch|p1b: Garchomp|Garchomp, L50, F, shiny|100\/100\n|turn|4\n|inactive|gbvgcmakeawishkid has 30 seconds left.\n|inactive|gbvgcmakeawishkid has 20 seconds left.\n|\n|t:|1724369434\n|move|p2a: You|Haze|p2a: You\n|-clearallboost\n|move|p1a: Murkrow|Tailwind|p1a: Murkrow\n|-sidestart|p1: bwahacough|move: Tailwind\n|move|p1b: Garchomp|Earthquake|p2a: You|[spread] p2b\n|-immune|p1a: Murkrow\n|-immune|p2a: You\n|-supereffective|p2b: Her Ex\n|-damage|p2b: Her Ex|9\/100\n|move|p2b: Her Ex|Make It Rain|p1a: Murkrow|[spread] p1a,p1b\n|-damage|p1a: Murkrow|0 fnt\n|-damage|p1b: Garchomp|0 fnt\n|-unboost|p2b: Her Ex|spa|1\n|faint|p1a: Murkrow\n|faint|p1b: Garchomp\n|\n|-weather|SunnyDay|[upkeep]\n|-sideend|p2: gbvgcmakeawishkid|move: Tailwind\n|upkeep\n|\n|t:|1724369438\n|switch|p1b: Lycanroc|Lycanroc, L50, M, shiny|1\/100\n|turn|5\n|\n|t:|1724369446\n|move|p2a: You|Tailwind|p2a: You\n|-sidestart|p2: gbvgcmakeawishkid|move: Tailwind\n|move|p1b: Lycanroc|Rock Slide|p2a: You|[spread] p2a,p2b\n|-supereffective|p2a: You\n|-resisted|p2b: Her Ex\n|-damage|p2a: You|0 fnt\n|-damage|p2b: Her Ex|0 fnt\n|faint|p2a: You\n|faint|p2b: Her Ex\n|\n|-weather|SunnyDay|[upkeep]\n|upkeep\n|\n|t:|1724369448\n|switch|p2b: Her Cat|Meowscarada, L50, M|100\/100\n|turn|6\n|\n|t:|1724369455\n|move|p2b: Her Cat|Sucker Punch|p1b: Lycanroc\n|-damage|p1b: Lycanroc|0 fnt\n|faint|p1b: Lycanroc\n|-damage|p2b: Her Cat|91\/100|[from] item: Life Orb\n|\n|win|gbvgcmakeawishkid\n|raw|bwahacough's rating: 1713 &rarr; <strong>1693<\/strong><br \/>(-20 for losing)\n|raw|gbvgcmakeawishkid's rating: 1712 &rarr; <strong>1732<\/strong><br \/>(+20 for winning)\n|c|\u2606gbvgcmakeawishkid|gg sensei\n|l| Auscar\n","uploadtime":1724369461,"views":158,"formatid":"gen9vgc2024regh","rating":1693,"private":0,"password":null}