{"id":"gen9vgc2024regh-2185204956","format":"[Gen 9] VGC 2024 Reg H","players":["bwahacough","lieyanshu"],"log":"|j|\u2606bwahacough\n|j|\u2606lieyanshu\n|t:|1724304833\n|gametype|doubles\n|player|p1|bwahacough|medium|1706\n|player|p2|lieyanshu|lucas-gen4pt|1694\n|teamsize|p1|6\n|teamsize|p2|6\n|gen|9\n|tier|[Gen 9] VGC 2024 Reg H\n|rated|\n|rule|Species Clause: Limit one of each Pok\u00e9mon\n|rule|Item Clause: Limit 1 of each item\n|clearpoke\n|poke|p1|Lycanroc, L50, M|\n|poke|p1|Tyranitar, L50, M|\n|poke|p1|Indeedee-F, L50, F|\n|poke|p1|Murkrow, L50, F|\n|poke|p1|Garchomp, L50, F|\n|poke|p1|Gholdengo, L50|\n|poke|p2|Gholdengo, L50|\n|poke|p2|Ursaluna-Bloodmoon, L50, M|\n|poke|p2|Dragapult, L50, M|\n|poke|p2|Murkrow, L50, F|\n|poke|p2|Glimmora, L50, F|\n|poke|p2|Pawmot, L50, F|\n|teampreview|4\n|j| moon7777\n|j| still_EndR\n|\n|t:|1724304869\n|start\n|switch|p1a: Lycanroc|Lycanroc, L50, M, shiny|100\/100\n|switch|p1b: Tyranitar|Tyranitar, L50, M|100\/100\n|switch|p2a: Murkrow|Murkrow, L50, F|100\/100\n|switch|p2b: Gholdengo|Gholdengo, L50|100\/100\n|-weather|Sandstorm|[from] ability: Sand Stream|[of] p1b: Tyranitar\n|turn|1\n|\n|t:|1724304881\n|-terastallize|p2b: Gholdengo|Steel\n|-terastallize|p1b: Tyranitar|Flying\n|move|p2a: Murkrow|Tailwind|p2a: Murkrow\n|-sidestart|p2: lieyanshu|move: Tailwind\n|move|p1a: Lycanroc|Rock Slide|p2b: Gholdengo|[spread] p2a,p2b\n|-supereffective|p2a: Murkrow\n|-resisted|p2b: Gholdengo\n|-damage|p2a: Murkrow|42\/100\n|-damage|p2b: Gholdengo|83\/100\n|move|p2b: Gholdengo|Make It Rain|p1a: Lycanroc|[spread] p1a,p1b\n|-supereffective|p1a: Lycanroc\n|-enditem|p1a: Lycanroc|Focus Sash\n|-damage|p1a: Lycanroc|1\/100\n|-damage|p1b: Tyranitar|37\/100\n|-unboost|p2b: Gholdengo|spa|1\n|move|p1b: Tyranitar|Rock Slide|p2b: Gholdengo|[spread] p2a,p2b\n|-supereffective|p2a: Murkrow\n|-resisted|p2b: Gholdengo\n|-damage|p2a: Murkrow|0 fnt\n|-damage|p2b: Gholdengo|66\/100\n|faint|p2a: Murkrow\n|\n|-weather|Sandstorm|[upkeep]\n|-damage|p1b: Tyranitar|32\/100|[from] Sandstorm\n|upkeep\n|j| IckisGG\n|\n|t:|1724304903\n|switch|p2a: Dragapult|Dragapult, L50, M|100\/100\n|turn|2\n|\n|t:|1724304913\n|move|p1a: Lycanroc|Protect|p1a: Lycanroc\n|-singleturn|p1a: Lycanroc|Protect\n|move|p2a: Dragapult|Dragon Darts|p1b: Tyranitar\n|-damage|p1b: Tyranitar|0 fnt\n|faint|p1b: Tyranitar\n|move|p2b: Gholdengo|Make It Rain|p1a: Lycanroc\n|-activate|p1a: Lycanroc|move: Protect\n|\n|-weather|Sandstorm|[upkeep]\n|-damage|p2a: Dragapult|94\/100|[from] Sandstorm\n|upkeep\n|\n|t:|1724304917\n|switch|p1b: Murkrow|Murkrow, L50, F|100\/100\n|turn|3\n|\n|t:|1724304936\n|move|p1b: Murkrow|Tailwind|p1b: Murkrow\n|-sidestart|p1: bwahacough|move: Tailwind\n|move|p1a: Lycanroc|Close Combat|p2b: Gholdengo\n|-supereffective|p2b: Gholdengo\n|-damage|p2b: Gholdengo|0 fnt\n|-unboost|p1a: Lycanroc|def|1\n|-unboost|p1a: Lycanroc|spd|1\n|faint|p2b: Gholdengo\n|move|p2a: Dragapult|Dragon Darts|p1b: Murkrow\n|-damage|p1b: Murkrow|54\/100\n|-anim|p2a: Dragapult|Dragon Darts|p1a: Lycanroc\n|-damage|p1a: Lycanroc|0 fnt\n|faint|p1a: Lycanroc\n|\n|-weather|Sandstorm|[upkeep]\n|-damage|p2a: Dragapult|88\/100|[from] Sandstorm\n|-damage|p1b: Murkrow|48\/100|[from] Sandstorm\n|upkeep\n|\n|t:|1724304950\n|switch|p1a: Gholdengo|Gholdengo, L50|100\/100\n|switch|p2b: Pawmot|Pawmot, L50, F|100\/100\n|turn|4\n|\n|t:|1724304967\n|move|p2a: Dragapult|Dragon Darts|p1b: Murkrow\n|-damage|p1b: Murkrow|0 fnt\n|-anim|p2a: Dragapult|Dragon Darts|p1a: Gholdengo\n|-resisted|p1a: Gholdengo\n|-damage|p1a: Gholdengo|78\/100\n|faint|p1b: Murkrow\n|move|p2b: Pawmot|Double Shock|p1a: Gholdengo\n|-damage|p1a: Gholdengo|20\/100\n|-start|p2b: Pawmot|typechange|???\/Fighting|[from] move: Double Shock\n|move|p1a: Gholdengo|Shadow Ball|p2b: Pawmot\n|-enditem|p2b: Pawmot|Focus Sash\n|-damage|p2b: Pawmot|1\/100\n|-damage|p1a: Gholdengo|10\/100|[from] item: Life Orb\n|\n|-weather|Sandstorm|[upkeep]\n|-damage|p2a: Dragapult|82\/100|[from] Sandstorm\n|-damage|p2b: Pawmot|0 fnt|[from] Sandstorm\n|faint|p2b: Pawmot\n|-sideend|p2: lieyanshu|move: Tailwind\n|upkeep\n|turn|5\n|\n|t:|1724304986\n|move|p1a: Gholdengo|Shadow Ball|p2a: Dragapult\n|-supereffective|p2a: Dragapult\n|-damage|p2a: Dragapult|0 fnt\n|faint|p2a: Dragapult\n|-damage|p1a: Gholdengo|0 fnt|[from] item: Life Orb\n|faint|p1a: Gholdengo\n|\n|win|bwahacough\n|raw|bwahacough's rating: 1672 &rarr; <strong>1693<\/strong><br \/>(+21 for winning)\n|raw|lieyanshu's rating: 1694 &rarr; <strong>1673<\/strong><br \/>(-21 for losing)\n|l| still_EndR\n|l|\u2606lieyanshu\n|player|p2|\n|l|\u2606bwahacough\n|player|p1|\n","uploadtime":1724305197,"views":66,"formatid":"gen9vgc2024regh","rating":1673,"private":0,"password":null}