{"id":"gen9vgc2024regh-2185127492","format":"[Gen 9] VGC 2024 Reg H","players":["bwahacough","tommytinkle"],"log":"|j|\u2606bwahacough\n|j|\u2606tommytinkle\n|t:|1724293926\n|gametype|doubles\n|player|p1|bwahacough|medium|1686\n|player|p2|tommytinkle|linebacker|1680\n|teamsize|p1|6\n|teamsize|p2|6\n|gen|9\n|tier|[Gen 9] VGC 2024 Reg H\n|rated|\n|rule|Species Clause: Limit one of each Pok\u00e9mon\n|rule|Item Clause: Limit 1 of each item\n|clearpoke\n|poke|p1|Lycanroc, L50, F|\n|poke|p1|Tyranitar, L50, F|\n|poke|p1|Indeedee-F, L50, F|\n|poke|p1|Murkrow, L50, M|\n|poke|p1|Garchomp, L50, F|\n|poke|p1|Gholdengo, L50|\n|poke|p2|Garchomp, L50, F|\n|poke|p2|Dragonite, L50, M|\n|poke|p2|Annihilape, L50, M|\n|poke|p2|Maushold, L50|\n|poke|p2|Tyranitar, L50, F|\n|poke|p2|Primarina, L50, M|\n|teampreview|4\n|inactive|Battle timer is ON: inactive players will automatically lose when time's up. (requested by tommytinkle)\n|inactive|bwahacough has 60 seconds left.\n|inactive|bwahacough has 30 seconds left.\n|inactive|bwahacough has 20 seconds left.\n|inactive|bwahacough has 15 seconds left.\n|\n|t:|1724294022\n|start\n|switch|p1a: Lycanroc|Lycanroc, L50, F, shiny|100\/100\n|switch|p1b: Tyranitar|Tyranitar, L50, F|100\/100\n|switch|p2a: Garchomp|Garchomp, L50, F|100\/100\n|switch|p2b: Dragonite|Dragonite, L50, M|100\/100\n|-weather|Sandstorm|[from] ability: Sand Stream|[of] p1b: Tyranitar\n|turn|1\n|\n|t:|1724294032\n|-terastallize|p1b: Tyranitar|Grass\n|move|p1a: Lycanroc|Protect|p1a: Lycanroc\n|-singleturn|p1a: Lycanroc|Protect\n|move|p2a: Garchomp|Protect|p2a: Garchomp\n|-singleturn|p2a: Garchomp|Protect\n|move|p2b: Dragonite|Tailwind|p2b: Dragonite\n|-sidestart|p2: tommytinkle|move: Tailwind\n|move|p1b: Tyranitar|Knock Off|p2a: Garchomp\n|-activate|p2a: Garchomp|move: Protect\n|\n|-weather|Sandstorm|[upkeep]\n|-damage|p2b: Dragonite|94\/100|[from] Sandstorm\n|-damage|p1b: Tyranitar|95\/100|[from] Sandstorm\n|upkeep\n|turn|2\n|inactive|tommytinkle has 30 seconds left.\n|\n|t:|1724294059\n|move|p2a: Garchomp|Earthquake|p1a: Lycanroc|[spread] p1a,p1b\n|-immune|p2b: Dragonite\n|-supereffective|p1a: Lycanroc\n|-resisted|p1b: Tyranitar\n|-enditem|p1a: Lycanroc|Focus Sash\n|-damage|p1a: Lycanroc|1\/100\n|-damage|p1b: Tyranitar|73\/100\n|-damage|p2a: Garchomp|91\/100|[from] item: Life Orb\n|move|p1a: Lycanroc|Rock Slide|p2b: Dragonite|[spread] p2a,p2b\n|-resisted|p2a: Garchomp\n|-supereffective|p2b: Dragonite\n|-damage|p2a: Garchomp|76\/100\n|-damage|p2b: Dragonite|40\/100\n|cant|p2b: Dragonite|flinch\n|move|p1b: Tyranitar|Knock Off|p2a: Garchomp\n|-damage|p2a: Garchomp|23\/100\n|-enditem|p2a: Garchomp|Life Orb|[from] move: Knock Off|[of] p1b: Tyranitar\n|\n|-weather|Sandstorm|[upkeep]\n|-damage|p2b: Dragonite|34\/100|[from] Sandstorm\n|-damage|p1b: Tyranitar|67\/100|[from] Sandstorm\n|upkeep\n|turn|3\n|j| feetstv\n|\n|t:|1724294083\n|move|p1a: Lycanroc|Protect|p1a: Lycanroc\n|-singleturn|p1a: Lycanroc|Protect\n|move|p2b: Dragonite|Extreme Speed|p1a: Lycanroc\n|-activate|p1a: Lycanroc|move: Protect\n|move|p2a: Garchomp|Dragon Claw|p1b: Tyranitar\n|-damage|p1b: Tyranitar|32\/100\n|move|p1b: Tyranitar|Rock Slide|p2b: Dragonite|[spread] p2a,p2b\n|-resisted|p2a: Garchomp\n|-supereffective|p2b: Dragonite\n|-damage|p2a: Garchomp|8\/100\n|-damage|p2b: Dragonite|0 fnt\n|faint|p2b: Dragonite\n|\n|-weather|Sandstorm|[upkeep]\n|-damage|p1b: Tyranitar|26\/100|[from] Sandstorm\n|upkeep\n|\n|t:|1724294100\n|switch|p2b: Primarina|Primarina, L50, M|100\/100\n|turn|4\n|\n|t:|1724294103\n|switch|p1b: Murkrow|Murkrow, L50, M|100\/100\n|move|p2b: Primarina|Protect|p2b: Primarina\n|-singleturn|p2b: Primarina|Protect\n|move|p2a: Garchomp|Earthquake|p1b: Murkrow|[spread] p1a\n|-activate|p2b: Primarina|move: Protect\n|-immune|p1b: Murkrow\n|-supereffective|p1a: Lycanroc\n|-damage|p1a: Lycanroc|0 fnt\n|faint|p1a: Lycanroc\n|\n|-weather|Sandstorm|[upkeep]\n|-damage|p2b: Primarina|95\/100|[from] Sandstorm\n|-damage|p1b: Murkrow|95\/100|[from] Sandstorm\n|-sideend|p2: tommytinkle|move: Tailwind\n|upkeep\n|\n|t:|1724294106\n|switch|p1a: Garchomp|Garchomp, L50, F, shiny|100\/100\n|turn|5\n|\n|t:|1724294123\n|move|p1b: Murkrow|Tailwind|p1b: Murkrow\n|-sidestart|p1: bwahacough|move: Tailwind\n|move|p1a: Garchomp|Earthquake|p2b: Primarina|[spread] p2a,p2b\n|-immune|p1b: Murkrow\n|-damage|p2a: Garchomp|0 fnt\n|-damage|p2b: Primarina|46\/100\n|-enditem|p2b: Primarina|Sitrus Berry|[eat]\n|-heal|p2b: Primarina|71\/100|[from] item: Sitrus Berry\n|faint|p2a: Garchomp\n|move|p2b: Primarina|Moonblast|p1a: Garchomp\n|-supereffective|p1a: Garchomp\n|-damage|p1a: Garchomp|0 fnt\n|faint|p1a: Garchomp\n|\n|-weather|none\n|upkeep\n|\n|t:|1724294135\n|switch|p2a: Tyranitar|Tyranitar, L50, F|100\/100\n|switch|p1a: Tyranitar|Tyranitar, L50, F, tera:Grass|26\/100\n|-weather|Sandstorm|[from] ability: Sand Stream|[of] p1a: Tyranitar\n|turn|6\n|\n|t:|1724294152\n|-terastallize|p2a: Tyranitar|Flying\n|move|p1b: Murkrow|Screech|p2b: Primarina\n|-unboost|p2b: Primarina|def|2\n|move|p1a: Tyranitar|Low Kick|p2a: Tyranitar\n|-resisted|p2a: Tyranitar\n|-damage|p2a: Tyranitar|83\/100\n|move|p2a: Tyranitar|Knock Off|p1a: Tyranitar\n|-damage|p1a: Tyranitar|0 fnt\n|-enditem|p1a: Tyranitar|Assault Vest|[from] move: Knock Off|[of] p2a: Tyranitar\n|faint|p1a: Tyranitar\n|move|p2b: Primarina|Moonblast|p1b: Murkrow\n|-supereffective|p1b: Murkrow\n|-damage|p1b: Murkrow|0 fnt\n|faint|p1b: Murkrow\n|\n|win|tommytinkle\n|raw|bwahacough's rating: 1697 &rarr; <strong>1676<\/strong><br \/>(-21 for losing)\n|raw|tommytinkle's rating: 1680 &rarr; <strong>1701<\/strong><br \/>(+21 for winning)\n|l|\u2606bwahacough\n|player|p1|\n|l| feetstv\n|l|\u2606tommytinkle\n|player|p2|\n","uploadtime":1724294335,"views":66,"formatid":"gen9vgc2024regh","rating":1676,"private":0,"password":null}