{"id":"gen9vgc2024regh-2186604008","format":"[Gen 9] VGC 2024 Reg H","players":["Beccca","bwahacough"],"log":"|j|\u2606Beccca\n|j|\u2606bwahacough\n|t:|1724473106\n|gametype|doubles\n|player|p1|Beccca|169|1710\n|player|p2|bwahacough|medium|1787\n|teamsize|p1|6\n|teamsize|p2|6\n|gen|9\n|tier|[Gen 9] VGC 2024 Reg H\n|rated|\n|rule|Species Clause: Limit one of each Pok\u00e9mon\n|rule|Item Clause: Limit 1 of each item\n|clearpoke\n|poke|p1|Archaludon, L50, F|\n|poke|p1|Basculegion, L50, M|\n|poke|p1|Pelipper, L50, M|\n|poke|p1|Rillaboom, L50, M|\n|poke|p1|Sneasler, L50, F|\n|poke|p1|Mamoswine, L50, F|\n|poke|p2|Lycanroc, L50, M|\n|poke|p2|Tyranitar, L50, M|\n|poke|p2|Indeedee-F, L50, F|\n|poke|p2|Murkrow, L50, M|\n|poke|p2|Garchomp, L50, F|\n|poke|p2|Gholdengo, L50|\n|teampreview|4\n|\n|t:|1724473133\n|start\n|switch|p1a: Mamoswine|Mamoswine, L50, F, shiny|100\/100\n|switch|p1b: Archaludon|Archaludon, L50, F|100\/100\n|switch|p2a: Gholdengo|Gholdengo, L50|100\/100\n|switch|p2b: Garchomp|Garchomp, L50, F, shiny|100\/100\n|turn|1\n|\n|t:|1724473151\n|move|p1a: Mamoswine|Protect|p1a: Mamoswine\n|-singleturn|p1a: Mamoswine|Protect\n|move|p2a: Gholdengo|Protect|p2a: Gholdengo\n|-singleturn|p2a: Gholdengo|Protect\n|move|p2b: Garchomp|Earthquake|p1b: Archaludon|[spread] p1b\n|-activate|p2a: Gholdengo|move: Protect\n|-activate|p1a: Mamoswine|move: Protect\n|-supereffective|p1b: Archaludon\n|-damage|p1b: Archaludon|40\/100\n|-ability|p1b: Archaludon|Stamina|boost\n|-boost|p1b: Archaludon|def|1\n|move|p1b: Archaludon|Draco Meteor|p2b: Garchomp\n|-supereffective|p2b: Garchomp\n|-damage|p2b: Garchomp|0 fnt\n|-unboost|p1b: Archaludon|spa|2\n|faint|p2b: Garchomp\n|\n|upkeep\n|\n|t:|1724473154\n|switch|p2b: Lycanroc|Lycanroc, L50, M, shiny|100\/100\n|turn|2\n|j| weewoowop\n|\n|t:|1724473200\n|move|p2b: Lycanroc|Close Combat|p1a: Mamoswine\n|-supereffective|p1a: Mamoswine\n|-damage|p1a: Mamoswine|7\/100\n|-unboost|p2b: Lycanroc|def|1\n|-unboost|p2b: Lycanroc|spd|1\n|move|p1a: Mamoswine|Icicle Crash|p2a: Gholdengo\n|-resisted|p2a: Gholdengo\n|-crit|p2a: Gholdengo\n|-damage|p2a: Gholdengo|67\/100\n|cant|p2a: Gholdengo|flinch\n|move|p1b: Archaludon|Draco Meteor|p2a: Gholdengo\n|-resisted|p2a: Gholdengo\n|-damage|p2a: Gholdengo|49\/100\n|-unboost|p1b: Archaludon|spa|2\n|\n|upkeep\n|turn|3\n|\n|t:|1724473220\n|move|p1a: Mamoswine|Protect|p1a: Mamoswine\n|-singleturn|p1a: Mamoswine|Protect\n|move|p2b: Lycanroc|Close Combat|p1b: Archaludon\n|-supereffective|p1b: Archaludon\n|-damage|p1b: Archaludon|0 fnt\n|-unboost|p2b: Lycanroc|def|1\n|-unboost|p2b: Lycanroc|spd|1\n|faint|p1b: Archaludon\n|move|p2a: Gholdengo|Nasty Plot|p2a: Gholdengo\n|-boost|p2a: Gholdengo|spa|2\n|\n|upkeep\n|\n|t:|1724473231\n|switch|p1b: Rillaboom|Rillaboom, L50, M|100\/100\n|-fieldstart|move: Grassy Terrain|[from] ability: Grassy Surge|[of] p1b: Rillaboom\n|turn|4\n|\n|t:|1724473257\n|-terastallize|p1b: Rillaboom|Water\n|move|p2b: Lycanroc|Protect|p2b: Lycanroc\n|-singleturn|p2b: Lycanroc|Protect\n|move|p2a: Gholdengo|Protect|p2a: Gholdengo\n|-singleturn|p2a: Gholdengo|Protect\n|move|p1b: Rillaboom|Grassy Glide|p2a: Gholdengo\n|-activate|p2a: Gholdengo|move: Protect\n|move|p1a: Mamoswine|High Horsepower|p2b: Lycanroc\n|-activate|p2b: Lycanroc|move: Protect\n|\n|-heal|p1a: Mamoswine|13\/100|[from] Grassy Terrain\n|-heal|p2a: Gholdengo|55\/100|[from] Grassy Terrain\n|upkeep\n|turn|5\n|\n|t:|1724473276\n|move|p1b: Rillaboom|Grassy Glide|p2a: Gholdengo\n|-resisted|p2a: Gholdengo\n|-damage|p2a: Gholdengo|25\/100\n|move|p2b: Lycanroc|Rock Slide|p1b: Rillaboom|[spread] p1a,p1b\n|-damage|p1a: Mamoswine|0 fnt\n|-damage|p1b: Rillaboom|71\/100\n|faint|p1a: Mamoswine\n|move|p2a: Gholdengo|Shadow Ball|p1b: Rillaboom\n|-damage|p1b: Rillaboom|0 fnt\n|faint|p1b: Rillaboom\n|-damage|p2a: Gholdengo|15\/100|[from] item: Life Orb\n|\n|-heal|p2a: Gholdengo|20\/100|[from] Grassy Terrain\n|upkeep\n|-message|Beccca forfeited.\n|\n|win|bwahacough\n|raw|Beccca's rating: 1710 &rarr; <strong>1693<\/strong><br \/>(-17 for losing)\n|raw|bwahacough's rating: 1756 &rarr; <strong>1773<\/strong><br \/>(+17 for winning)\n|l|\u2606Beccca\n|player|p1|\n|l|\u2606bwahacough\n|player|p2|\n|l| weewoowop\n","uploadtime":1724473545,"views":132,"formatid":"gen9vgc2024regh","rating":1693,"private":0,"password":null}