{"id":"gen9vgc2024regh-2186966124","format":"[Gen 9] VGC 2024 Reg H","players":["Riverpasta","greenlightdmp"],"log":"|j|\u2606Riverpasta\n|j|\u2606greenlightdmp\n|t:|1724525502\n|gametype|doubles\n|player|p1|Riverpasta|red|1687\n|player|p2|greenlightdmp|266|1749\n|teamsize|p1|6\n|teamsize|p2|6\n|gen|9\n|tier|[Gen 9] VGC 2024 Reg H\n|rated|\n|rule|Species Clause: Limit one of each Pok\u00e9mon\n|rule|Item Clause: Limit 1 of each item\n|clearpoke\n|poke|p1|Ursaluna-Bloodmoon, L50, M|\n|poke|p1|Palafin, L50, M|\n|poke|p1|Incineroar, L50, F|\n|poke|p1|Rillaboom, L50, M|\n|poke|p1|Zoroark-Hisui, L50, F|\n|poke|p1|Porygon2, L50|\n|poke|p2|Tyranitar, L50, F|\n|poke|p2|Gholdengo, L50|\n|poke|p2|Talonflame, L50, F|\n|poke|p2|Garchomp, L50, F|\n|poke|p2|Cryogonal, L50|\n|poke|p2|Gastrodon-East, L50, F|\n|teampreview|4\n|inactive|Battle timer is ON: inactive players will automatically lose when time's up. (requested by greenlightdmp)\n|inactive|greenlightdmp has 60 seconds left.\n|\n|t:|1724525550\n|start\n|switch|p1a: Incineroar|Incineroar, L50, F|100\/100\n|switch|p1b: Ursaluna|Ursaluna-Bloodmoon, L50, M|100\/100\n|switch|p2a: Gholdengo|Gholdengo, L50|100\/100\n|switch|p2b: Talonflame|Talonflame, L50, F|100\/100\n|-ability|p1a: Incineroar|Intimidate|boost\n|-unboost|p2a: Gholdengo|atk|1\n|-unboost|p2b: Talonflame|atk|1\n|turn|1\n|\n|t:|1724525574\n|move|p2b: Talonflame|Tailwind|p2b: Talonflame\n|-sidestart|p2: greenlightdmp|move: Tailwind\n|move|p2a: Gholdengo|Make It Rain|p1a: Incineroar|[spread] p1a,p1b\n|-resisted|p1a: Incineroar\n|-damage|p1a: Incineroar|72\/100\n|-damage|p1b: Ursaluna|34\/100\n|-unboost|p2a: Gholdengo|spa|1\n|move|p1a: Incineroar|Knock Off|p2a: Gholdengo\n|-supereffective|p2a: Gholdengo\n|-damage|p2a: Gholdengo|29\/100\n|-enditem|p2a: Gholdengo|Choice Specs|[from] move: Knock Off|[of] p1a: Incineroar\n|move|p1b: Ursaluna|Calm Mind|p1b: Ursaluna\n|-boost|p1b: Ursaluna|spa|1\n|-boost|p1b: Ursaluna|spd|1\n|\n|-heal|p1b: Ursaluna|40\/100|[from] item: Leftovers\n|upkeep\n|turn|2\n|inactive|greenlightdmp has 30 seconds left.\n|inactive|greenlightdmp has 20 seconds left.\n|\n|t:|1724525613\n|move|p1b: Ursaluna|Protect|p1b: Ursaluna\n|-singleturn|p1b: Ursaluna|Protect\n|move|p2b: Talonflame|Flare Blitz|p1b: Ursaluna\n|-activate|p1b: Ursaluna|move: Protect\n|move|p2a: Gholdengo|Trick|p1a: Incineroar\n|-activate|p2a: Gholdengo|move: Trick|[of] p1a: Incineroar\n|-enditem|p1a: Incineroar|Sitrus Berry|[silent]|[from] move: Trick\n|-item|p2a: Gholdengo|Sitrus Berry|[from] move: Trick\n|-enditem|p2a: Gholdengo|Sitrus Berry|[eat]\n|-heal|p2a: Gholdengo|54\/100|[from] item: Sitrus Berry\n|move|p1a: Incineroar|Parting Shot|p2b: Talonflame\n|-unboost|p2b: Talonflame|atk|1\n|-unboost|p2b: Talonflame|spa|1\n|\n|t:|1724525624\n|switch|p1a: Rillaboom|Rillaboom, L50, M|100\/100|[from] Parting Shot\n|-fieldstart|move: Grassy Terrain|[from] ability: Grassy Surge|[of] p1a: Rillaboom\n|\n|-heal|p2a: Gholdengo|60\/100|[from] Grassy Terrain\n|-heal|p1b: Ursaluna|46\/100|[from] Grassy Terrain\n|-heal|p1b: Ursaluna|52\/100|[from] item: Leftovers\n|upkeep\n|turn|3\n|inactive|greenlightdmp has 30 seconds left.\n|\n|t:|1724525654\n|-terastallize|p2b: Talonflame|Ghost\n|move|p1a: Rillaboom|Fake Out|p2b: Talonflame\n|-immune|p2b: Talonflame\n|move|p2b: Talonflame|Flare Blitz|p1b: Ursaluna\n|-damage|p1b: Ursaluna|32\/100\n|-status|p1b: Ursaluna|brn\n|-damage|p2b: Talonflame|91\/100|[from] Recoil\n|-damage|p2b: Talonflame|82\/100|[from] item: Life Orb\n|move|p2a: Gholdengo|Make It Rain|p1a: Rillaboom|[spread] p1a,p1b\n|-damage|p1a: Rillaboom|75\/100\n|-damage|p1b: Ursaluna|12\/100 brn\n|-unboost|p2a: Gholdengo|spa|1\n|move|p1b: Ursaluna|Earth Power|p2a: Gholdengo\n|-supereffective|p2a: Gholdengo\n|-damage|p2a: Gholdengo|0 fnt\n|faint|p2a: Gholdengo\n|\n|-heal|p2b: Talonflame|88\/100|[from] Grassy Terrain\n|-heal|p1a: Rillaboom|82\/100|[from] Grassy Terrain\n|-heal|p1b: Ursaluna|18\/100 brn|[from] Grassy Terrain\n|-heal|p1b: Ursaluna|24\/100 brn|[from] item: Leftovers\n|-damage|p1b: Ursaluna|18\/100 brn|[from] brn\n|upkeep\n|c|\u2606Riverpasta|Bruh\n|c|\u2606Riverpasta|The burn too\n|\n|t:|1724525677\n|switch|p2a: Cryogonal|Cryogonal, L50|100\/100\n|turn|4\n|\n|t:|1724525700\n|switch|p2b: Garchomp|Garchomp, L50, F|100\/100\n|move|p2a: Cryogonal|Icy Wind|p1b: Ursaluna|[spread] p1a,p1b\n|-supereffective|p1a: Rillaboom\n|-supereffective|p1b: Ursaluna\n|-damage|p1a: Rillaboom|59\/100\n|-damage|p1b: Ursaluna|0 fnt\n|-unboost|p1a: Rillaboom|spe|1\n|faint|p1b: Ursaluna\n|move|p1a: Rillaboom|Wood Hammer|p2a: Cryogonal\n|-enditem|p2a: Cryogonal|Focus Sash\n|-damage|p2a: Cryogonal|1\/100\n|-damage|p1a: Rillaboom|32\/100|[from] Recoil\n|\n|-heal|p1a: Rillaboom|39\/100|[from] Grassy Terrain\n|-sideend|p2: greenlightdmp|move: Tailwind\n|upkeep\n|\n|t:|1724525707\n|switch|p1b: Porygon2|Porygon2, L50|100\/100\n|-ability|p1b: Porygon2|Download|boost\n|-boost|p1b: Porygon2|atk|1\n|turn|5\n|inactive|greenlightdmp has 30 seconds left.\n|\n|t:|1724525741\n|switch|p2a: Talonflame|Talonflame, L50, F, tera:Ghost|88\/100\n|move|p1a: Rillaboom|Grassy Glide|p2a: Talonflame\n|-damage|p2a: Talonflame|27\/100\n|move|p2b: Garchomp|Dragon Claw|p1a: Rillaboom\n|-damage|p1a: Rillaboom|0 fnt\n|faint|p1a: Rillaboom\n|move|p1b: Porygon2|Trick Room|p1b: Porygon2\n|-fieldstart|move: Trick Room|[of] p1b: Porygon2\n|\n|-heal|p2a: Talonflame|33\/100|[from] Grassy Terrain\n|upkeep\n|\n|t:|1724525743\n|switch|p1a: Incineroar|Incineroar, L50, F|72\/100\n|-ability|p1a: Incineroar|Intimidate|boost\n|-unboost|p2a: Talonflame|atk|1\n|-fail|p2b: Garchomp|unboost|[from] item: Clear Amulet|[of] p2b: Garchomp\n|turn|6\n|\n|t:|1724525766\n|move|p1b: Porygon2|Ice Beam|p2b: Garchomp\n|-supereffective|p2b: Garchomp\n|-damage|p2b: Garchomp|7\/100\n|move|p1a: Incineroar|Knock Off|p2a: Talonflame\n|-supereffective|p2a: Talonflame\n|-damage|p2a: Talonflame|0 fnt\n|-enditem|p2a: Talonflame|Life Orb|[from] move: Knock Off|[of] p1a: Incineroar\n|faint|p2a: Talonflame\n|move|p2b: Garchomp|Earthquake|p1a: Incineroar|[spread] p1a,p1b\n|-supereffective|p1a: Incineroar\n|-damage|p1a: Incineroar|40\/100\n|-damage|p1b: Porygon2|90\/100\n|\n|-heal|p1b: Porygon2|96\/100|[from] Grassy Terrain\n|-heal|p1a: Incineroar|46\/100|[from] Grassy Terrain\n|-heal|p2b: Garchomp|13\/100|[from] Grassy Terrain\n|-fieldend|move: Grassy Terrain\n|upkeep\n|j| NotDaBoy\n|-message|greenlightdmp forfeited.\n|\n|win|Riverpasta\n|raw|Riverpasta's rating: 1687 &rarr; <strong>1711<\/strong><br \/>(+24 for winning)\n|raw|greenlightdmp's rating: 1749 &rarr; <strong>1725<\/strong><br \/>(-24 for losing)\n|l|\u2606greenlightdmp\n|player|p2|\n|l|\u2606Riverpasta\n|player|p1|\n","uploadtime":1724526009,"views":127,"formatid":"gen9vgc2024regh","rating":1711,"private":0,"password":null}