{"id":"gen9vgc2024regh-2186628495","format":"[Gen 9] VGC 2024 Reg H","players":["Wild248","bwahacough"],"log":"|j|\u2606Wild248\n|j|\u2606bwahacough\n|t:|1724476974\n|gametype|doubles\n|player|p1|Wild248|ltsurge|1656\n|player|p2|bwahacough|medium|1714\n|teamsize|p1|6\n|teamsize|p2|6\n|gen|9\n|tier|[Gen 9] VGC 2024 Reg H\n|rated|\n|rule|Species Clause: Limit one of each Pok\u00e9mon\n|rule|Item Clause: Limit 1 of each item\n|clearpoke\n|poke|p1|Tyranitar, L50, M|\n|poke|p1|Garchomp, L50, M|\n|poke|p1|Gholdengo, L50|\n|poke|p1|Talonflame, L50, M|\n|poke|p1|Glimmora, L50, F|\n|poke|p1|Primarina, L50, F|\n|poke|p2|Lycanroc, L50, F|\n|poke|p2|Tyranitar, L50, M|\n|poke|p2|Indeedee-F, L50, F|\n|poke|p2|Murkrow, L50, F|\n|poke|p2|Garchomp, L50, M|\n|poke|p2|Gholdengo, L50|\n|teampreview|4\n|j| Erupizu\n|\n|t:|1724477025\n|start\n|switch|p1a: Talonflame|Talonflame, L50, M|100\/100\n|switch|p1b: Gholdengo|Gholdengo, L50|100\/100\n|switch|p2a: Lycanroc|Lycanroc, L50, F, shiny|100\/100\n|switch|p2b: Tyranitar|Tyranitar, L50, M|100\/100\n|-weather|Sandstorm|[from] ability: Sand Stream|[of] p2b: Tyranitar\n|turn|1\n|\n|t:|1724477050\n|-terastallize|p1b: Gholdengo|Steel\n|move|p1a: Talonflame|Tailwind|p1a: Talonflame\n|-sidestart|p1: Wild248|move: Tailwind\n|move|p2a: Lycanroc|Rock Slide|p1a: Talonflame|[spread] p1a\n|-miss|p2a: Lycanroc|p1b: Gholdengo\n|-supereffective|p1a: Talonflame\n|-damage|p1a: Talonflame|0 fnt\n|faint|p1a: Talonflame\n|move|p1b: Gholdengo|Make It Rain|p2b: Tyranitar|[spread] p2a,p2b\n|-supereffective|p2a: Lycanroc\n|-supereffective|p2b: Tyranitar\n|-enditem|p2a: Lycanroc|Focus Sash\n|-damage|p2a: Lycanroc|1\/100\n|-damage|p2b: Tyranitar|24\/100\n|-unboost|p1b: Gholdengo|spa|1\n|move|p2b: Tyranitar|Knock Off|p1b: Gholdengo\n|-damage|p1b: Gholdengo|39\/100\n|-enditem|p1b: Gholdengo|Choice Specs|[from] move: Knock Off|[of] p2b: Tyranitar\n|\n|-weather|Sandstorm|[upkeep]\n|upkeep\n|j| ImSoChove\n|\n|t:|1724477078\n|switch|p1a: Garchomp|Garchomp, L50, M|100\/100\n|turn|2\n|\n|t:|1724477095\n|move|p2a: Lycanroc|Protect|p2a: Lycanroc\n|-singleturn|p2a: Lycanroc|Protect\n|move|p1a: Garchomp|Dragon Claw|p2a: Lycanroc\n|-activate|p2a: Lycanroc|move: Protect\n|move|p1b: Gholdengo|Make It Rain|p2a: Lycanroc|[spread] p2b\n|-activate|p2a: Lycanroc|move: Protect\n|-supereffective|p2b: Tyranitar\n|-damage|p2b: Tyranitar|0 fnt\n|-unboost|p1b: Gholdengo|spa|1\n|faint|p2b: Tyranitar\n|\n|-weather|Sandstorm|[upkeep]\n|upkeep\n|\n|t:|1724477099\n|switch|p2b: Murkrow|Murkrow, L50, F|100\/100\n|turn|3\n|\n|t:|1724477106\n|switch|p1b: Primarina|Primarina, L50, F|100\/100\n|move|p2b: Murkrow|Tailwind|p2b: Murkrow\n|-sidestart|p2: bwahacough|move: Tailwind\n|move|p2a: Lycanroc|Endeavor|p1a: Garchomp\n|-damage|p1a: Garchomp|1\/100\n|move|p1a: Garchomp|Dragon Claw|p2a: Lycanroc\n|-damage|p2a: Lycanroc|0 fnt\n|faint|p2a: Lycanroc\n|\n|-weather|Sandstorm|[upkeep]\n|-damage|p2b: Murkrow|95\/100|[from] Sandstorm\n|-damage|p1b: Primarina|94\/100|[from] Sandstorm\n|upkeep\n|\n|t:|1724477108\n|switch|p2a: Garchomp|Garchomp, L50, M, shiny|100\/100\n|turn|4\n|\n|t:|1724477121\n|-terastallize|p2b: Murkrow|Ghost\n|move|p1a: Garchomp|Protect|p1a: Garchomp\n|-singleturn|p1a: Garchomp|Protect\n|move|p2a: Garchomp|Protect|p2a: Garchomp\n|-singleturn|p2a: Garchomp|Protect\n|move|p2b: Murkrow|Screech|p1b: Primarina|[miss]\n|-miss|p2b: Murkrow|p1b: Primarina\n|move|p1b: Primarina|Moonblast|p2a: Garchomp\n|-activate|p2a: Garchomp|move: Protect\n|\n|-weather|Sandstorm|[upkeep]\n|-damage|p2b: Murkrow|89\/100|[from] Sandstorm\n|-damage|p1b: Primarina|88\/100|[from] Sandstorm\n|-sideend|p1: Wild248|move: Tailwind\n|upkeep\n|turn|5\n|j| stewpeed\n|j| dyfzzz\n|\n|t:|1724477139\n|move|p2a: Garchomp|Poison Jab|p1b: Primarina\n|-supereffective|p1b: Primarina\n|-damage|p1b: Primarina|19\/100\n|move|p2b: Murkrow|Foul Play|p1a: Garchomp\n|-damage|p1a: Garchomp|0 fnt\n|faint|p1a: Garchomp\n|move|p1b: Primarina|Moonblast|p2a: Garchomp\n|-supereffective|p2a: Garchomp\n|-damage|p2a: Garchomp|0 fnt\n|faint|p2a: Garchomp\n|\n|-weather|none\n|upkeep\n|\n|t:|1724477145\n|switch|p1a: Gholdengo|Gholdengo, L50, tera:Steel|39\/100\n|turn|6\n|\n|t:|1724477151\n|move|p2b: Murkrow|Foul Play|p1a: Gholdengo\n|-damage|p1a: Gholdengo|22\/100\n|move|p1a: Gholdengo|Shadow Ball|p2b: Murkrow\n|-supereffective|p2b: Murkrow\n|-damage|p2b: Murkrow|1\/100\n|move|p1b: Primarina|Hyper Voice|p2b: Murkrow\n|-crit|p2b: Murkrow\n|-damage|p2b: Murkrow|0 fnt\n|faint|p2b: Murkrow\n|-enditem|p1b: Primarina|Throat Spray\n|\n|win|Wild248\n|raw|Wild248's rating: 1656 &rarr; <strong>1678<\/strong><br \/>(+22 for winning)\n|raw|bwahacough's rating: 1686 &rarr; <strong>1664<\/strong><br \/>(-22 for losing)\n|l|\u2606bwahacough\n|player|p2|\n|l|\u2606Wild248\n|player|p1|\n|l| ImSoChove\n|l| stewpeed\n|l| Erupizu\n|l| dyfzzz\n|j| Erupizu\n|l| Erupizu\n","uploadtime":1724477420,"views":47,"formatid":"gen9vgc2024regh","rating":1664,"private":0,"password":null}