{"id":"gen9vgc2024regh-2186491935","format":"[Gen 9] VGC 2024 Reg H","players":["greenlightdmp","sarstingnos"],"log":"|j|\u2606greenlightdmp\n|j|\u2606sarstingnos\n|t:|1724458575\n|gametype|doubles\n|player|p1|greenlightdmp|102|1735\n|player|p2|sarstingnos|102|1742\n|teamsize|p1|6\n|teamsize|p2|6\n|gen|9\n|tier|[Gen 9] VGC 2024 Reg H\n|rated|\n|rule|Species Clause: Limit one of each Pok\u00e9mon\n|rule|Item Clause: Limit 1 of each item\n|clearpoke\n|poke|p1|Tyranitar, L50, F|\n|poke|p1|Gholdengo, L50|\n|poke|p1|Talonflame, L50, F|\n|poke|p1|Garchomp, L50, F|\n|poke|p1|Cryogonal, L50|\n|poke|p1|Gastrodon-East, L50, F|\n|poke|p2|Charizard, L50, F|\n|poke|p2|Milotic, L50, F|\n|poke|p2|Indeedee, L50, M|\n|poke|p2|Gholdengo, L50|\n|poke|p2|Whimsicott, L50, M|\n|poke|p2|Sneasler, L50, F|\n|teampreview|4\n|inactive|Battle timer is ON: inactive players will automatically lose when time's up. (requested by greenlightdmp)\n|\n|t:|1724458601\n|start\n|switch|p1a: Gholdengo|Gholdengo, L50|100\/100\n|switch|p1b: Talonflame|Talonflame, L50, F|100\/100\n|switch|p2a: Whimsicott|Whimsicott, L50, M|100\/100\n|switch|p2b: Charizard|Charizard, L50, F|100\/100\n|turn|1\n|inactive|greenlightdmp has 30 seconds left.\n|\n|t:|1724458627\n|switch|p1a: Tyranitar|Tyranitar, L50, F|100\/100\n|-weather|Sandstorm|[from] ability: Sand Stream|[of] p1a: Tyranitar\n|move|p1b: Talonflame|Tailwind|p1b: Talonflame\n|-sidestart|p1: greenlightdmp|move: Tailwind\n|move|p2a: Whimsicott|Tailwind|p2a: Whimsicott\n|-sidestart|p2: sarstingnos|move: Tailwind\n|move|p2b: Charizard|Heat Wave|p1a: Tyranitar|[spread] p1a,p1b\n|-resisted|p1a: Tyranitar\n|-resisted|p1b: Talonflame\n|-damage|p1a: Tyranitar|93\/100\n|-damage|p1b: Talonflame|70\/100\n|-status|p1a: Tyranitar|brn\n|-damage|p2b: Charizard|91\/100|[from] item: Life Orb\n|\n|-weather|Sandstorm|[upkeep]\n|-damage|p1b: Talonflame|64\/100|[from] Sandstorm\n|-damage|p2a: Whimsicott|95\/100|[from] Sandstorm\n|-damage|p2b: Charizard|85\/100|[from] Sandstorm\n|-damage|p1a: Tyranitar|87\/100 brn|[from] brn\n|upkeep\n|turn|2\n|inactive|sarstingnos has 30 seconds left.\n|\n|t:|1724458652\n|-terastallize|p2b: Charizard|Ghost\n|move|p2a: Whimsicott|Sunny Day|p2a: Whimsicott\n|-weather|SunnyDay\n|move|p1b: Talonflame|Flare Blitz|p2a: Whimsicott\n|-supereffective|p2a: Whimsicott\n|-damage|p2a: Whimsicott|0 fnt\n|faint|p2a: Whimsicott\n|-damage|p1b: Talonflame|37\/100|[from] Recoil\n|-damage|p1b: Talonflame|27\/100|[from] item: Life Orb\n|move|p2b: Charizard|Scorching Sands|p1a: Tyranitar\n|-supereffective|p1a: Tyranitar\n|-damage|p1a: Tyranitar|45\/100 brn\n|-damage|p2b: Charizard|75\/100|[from] item: Life Orb\n|move|p1a: Tyranitar|Rock Slide|p2b: Charizard|[miss]\n|-miss|p1a: Tyranitar|p2b: Charizard\n|\n|-weather|SunnyDay|[upkeep]\n|-damage|p2b: Charizard|63\/100|[from] ability: Solar Power|[of] p2b: Charizard\n|-damage|p1a: Tyranitar|40\/100 brn|[from] brn\n|upkeep\n|\n|t:|1724458661\n|switch|p2a: Indeedee|Indeedee, L50, M|100\/100\n|-fieldstart|move: Psychic Terrain|[from] ability: Psychic Surge|[of] p2a: Indeedee\n|turn|3\n|inactive|greenlightdmp has 30 seconds left.\n|\n|t:|1724458687\n|move|p2a: Indeedee|Expanding Force|p1a: Tyranitar|[spread] p1b\n|-immune|p1a: Tyranitar\n|-damage|p1b: Talonflame|0 fnt\n|faint|p1b: Talonflame\n|move|p2b: Charizard|Scorching Sands|p1a: Tyranitar\n|-supereffective|p1a: Tyranitar\n|-damage|p1a: Tyranitar|0 fnt\n|faint|p1a: Tyranitar\n|-damage|p2b: Charizard|53\/100|[from] item: Life Orb\n|\n|-weather|SunnyDay|[upkeep]\n|-damage|p2b: Charizard|40\/100|[from] ability: Solar Power|[of] p2b: Charizard\n|upkeep\n|\n|t:|1724458697\n|switch|p1b: Gholdengo|Gholdengo, L50|100\/100\n|switch|p1a: Garchomp|Garchomp, L50, F|100\/100\n|turn|4\n|inactive|greenlightdmp has 30 seconds left.\n|\n|t:|1724458725\n|-terastallize|p1b: Gholdengo|Steel\n|move|p2a: Indeedee|Expanding Force|p1b: Gholdengo|[spread] p1a,p1b\n|-resisted|p1b: Gholdengo\n|-damage|p1a: Garchomp|33\/100\n|-damage|p1b: Gholdengo|69\/100\n|move|p1a: Garchomp|Dragon Claw|p2b: Charizard\n|-damage|p2b: Charizard|0 fnt\n|faint|p2b: Charizard\n|move|p1b: Gholdengo|Make It Rain|p2a: Indeedee\n|-damage|p2a: Indeedee|0 fnt\n|-unboost|p1b: Gholdengo|spa|1\n|faint|p2a: Indeedee\n|\n|-weather|SunnyDay|[upkeep]\n|-sideend|p2: sarstingnos|move: Tailwind\n|-sideend|p1: greenlightdmp|move: Tailwind\n|upkeep\n|\n|t:|1724458732\n|switch|p2b: Sneasler|Sneasler, L50, F|100\/100\n|-enditem|p2b: Sneasler|Psychic Seed\n|-boost|p2b: Sneasler|spd|1|[from] item: Psychic Seed\n|turn|5\n|\n|t:|1724458754\n|move|p2b: Sneasler|Protect|p2b: Sneasler\n|-singleturn|p2b: Sneasler|Protect\n|move|p1a: Garchomp|Stomping Tantrum|p2b: Sneasler\n|-activate|p2b: Sneasler|move: Protect\n|move|p1b: Gholdengo|Make It Rain|p2b: Sneasler\n|-activate|p2b: Sneasler|move: Protect\n|\n|-weather|SunnyDay|[upkeep]\n|upkeep\n|turn|6\n|\n|t:|1724458773\n|move|p2b: Sneasler|Throat Chop|p1a: Garchomp\n|-damage|p1a: Garchomp|4\/100\n|-start|p1a: Garchomp|Throat Chop|[silent]\n|-damage|p2b: Sneasler|88\/100|[from] ability: Rough Skin|[of] p1a: Garchomp\n|move|p1a: Garchomp|Stomping Tantrum|p2b: Sneasler\n|-supereffective|p2b: Sneasler\n|-damage|p2b: Sneasler|0 fnt\n|faint|p2b: Sneasler\n|\n|win|greenlightdmp\n|raw|greenlightdmp's rating: 1735 &rarr; <strong>1755<\/strong><br \/>(+20 for winning)\n|raw|sarstingnos's rating: 1742 &rarr; <strong>1722<\/strong><br \/>(-20 for losing)\n|l|\u2606greenlightdmp\n|player|p1|\n","uploadtime":1724458793,"views":236,"formatid":"gen9vgc2024regh","rating":1722,"private":0,"password":null}