{"id":"gen9vgc2024regh-2186972023","format":"[Gen 9] VGC 2024 Reg H","players":["Phononmode","greenlightdmp"],"log":"|j|\u2606Phononmode\n|j|\u2606greenlightdmp\n|t:|1724526152\n|gametype|doubles\n|player|p1|Phononmode|102|1685\n|player|p2|greenlightdmp|266|1738\n|teamsize|p1|6\n|teamsize|p2|6\n|gen|9\n|tier|[Gen 9] VGC 2024 Reg H\n|rated|\n|rule|Species Clause: Limit one of each Pok\u00e9mon\n|rule|Item Clause: Limit 1 of each item\n|clearpoke\n|poke|p1|Pawmot, L50, M|\n|poke|p1|Dondozo, L50, M|\n|poke|p1|Tatsugiri, L50, M|\n|poke|p1|Dragapult, L50, M|\n|poke|p1|Weezing, L50, F|\n|poke|p1|Incineroar, L50, M|\n|poke|p2|Tyranitar, L50, F|\n|poke|p2|Gholdengo, L50|\n|poke|p2|Talonflame, L50, F|\n|poke|p2|Garchomp, L50, F|\n|poke|p2|Cryogonal, L50|\n|poke|p2|Gastrodon-East, L50, F|\n|teampreview|4\nPhononmode has agreed to open team sheets.\n|inactive|Battle timer is ON: inactive players will automatically lose when time's up. (requested by Phononmode)\n|inactive|Phononmode has 60 seconds left.\n|\n|t:|1724526193\n|start\n|switch|p1a: Incineroar|Incineroar, L50, M|100\/100\n|switch|p1b: Dragapult|Dragapult, L50, M|100\/100\n|switch|p2a: Gholdengo|Gholdengo, L50|100\/100\n|switch|p2b: Talonflame|Talonflame, L50, F|100\/100\n|-ability|p1a: Incineroar|Intimidate|boost\n|-unboost|p2a: Gholdengo|atk|1\n|-unboost|p2b: Talonflame|atk|1\n|turn|1\n|\n|t:|1724526214\n|-terastallize|p1b: Dragapult|Dragon\n|-terastallize|p2a: Gholdengo|Steel\n|move|p1a: Incineroar|Fake Out|p2b: Talonflame\n|-damage|p2b: Talonflame|77\/100\n|move|p1b: Dragapult|Dragon Darts|p2a: Gholdengo\n|-resisted|p2a: Gholdengo\n|-damage|p2a: Gholdengo|75\/100\n|-anim|p1b: Dragapult|Dragon Darts|p2b: Talonflame\n|-damage|p2b: Talonflame|7\/100\n|cant|p2b: Talonflame|flinch\n|move|p2a: Gholdengo|Make It Rain|p1a: Incineroar|[spread] p1a,p1b\n|-resisted|p1a: Incineroar\n|-damage|p1a: Incineroar|52\/100\n|-damage|p1b: Dragapult|0 fnt\n|-unboost|p2a: Gholdengo|spa|1\n|faint|p1b: Dragapult\n|\n|upkeep\n|\n|t:|1724526226\n|switch|p1b: Tatsugiri|Tatsugiri, L50, M|100\/100\n|turn|2\n|\n|t:|1724526241\n|move|p1b: Tatsugiri|Muddy Water|p2b: Talonflame|[spread] p2b\n|-miss|p1b: Tatsugiri|p2a: Gholdengo\n|-supereffective|p2b: Talonflame\n|-damage|p2b: Talonflame|0 fnt\n|faint|p2b: Talonflame\n|move|p2a: Gholdengo|Make It Rain|p1a: Incineroar|[spread] p1a,p1b\n|-resisted|p1a: Incineroar\n|-resisted|p1b: Tatsugiri\n|-damage|p1a: Incineroar|19\/100\n|-damage|p1b: Tatsugiri|58\/100\n|-unboost|p2a: Gholdengo|spa|1\n|move|p1a: Incineroar|Parting Shot|p2a: Gholdengo\n|-immune|p2a: Gholdengo|[from] ability: Good as Gold\n|\n|upkeep\n|\n|t:|1724526264\n|switch|p2b: Cryogonal|Cryogonal, L50|100\/100\n|turn|3\n|\n|t:|1724526280\n|switch|p1a: Pawmot|Pawmot, L50, M|100\/100\n|move|p1b: Tatsugiri|Muddy Water|p2a: Gholdengo|[spread] p2a\n|-miss|p1b: Tatsugiri|p2b: Cryogonal\n|-damage|p2a: Gholdengo|37\/100\n|-unboost|p2a: Gholdengo|accuracy|1\n|move|p2b: Cryogonal|Freeze-Dry|p1b: Tatsugiri\n|-supereffective|p1b: Tatsugiri\n|-damage|p1b: Tatsugiri|0 fnt\n|faint|p1b: Tatsugiri\n|move|p2a: Gholdengo|Make It Rain|p1a: Pawmot\n|-resisted|p1a: Pawmot\n|-damage|p1a: Pawmot|36\/100\n|-unboost|p2a: Gholdengo|spa|1\n|\n|upkeep\n|\n|t:|1724526289\n|switch|p1b: Incineroar|Incineroar, L50, M|19\/100\n|-ability|p1b: Incineroar|Intimidate|boost\n|-unboost|p2a: Gholdengo|atk|1\n|-unboost|p2b: Cryogonal|atk|1\n|turn|4\n|inactive|greenlightdmp has 30 seconds left.\n|\n|t:|1724526315\n|move|p1b: Incineroar|Fake Out|p2b: Cryogonal\n|-damage|p2b: Cryogonal|72\/100\n|move|p1a: Pawmot|Close Combat|p2a: Gholdengo\n|-supereffective|p2a: Gholdengo\n|-damage|p2a: Gholdengo|0 fnt\n|-unboost|p1a: Pawmot|def|1\n|-unboost|p1a: Pawmot|spd|1\n|faint|p2a: Gholdengo\n|cant|p2b: Cryogonal|flinch\n|\n|upkeep\n|\n|t:|1724526322\n|switch|p2a: Garchomp|Garchomp, L50, F|100\/100\n|turn|5\n|\n|t:|1724526334\n|move|p1a: Pawmot|Revival Blessing|p1a: Pawmot\n|\n|t:|1724526337\n|-heal|p1: Dragapult|50\/100|[from] move: Revival Blessing\n|move|p2b: Cryogonal|Icy Wind|p1b: Incineroar|[spread] p1a,p1b\n|-resisted|p1b: Incineroar\n|-damage|p1a: Pawmot|0 fnt\n|-damage|p1b: Incineroar|11\/100\n|-unboost|p1b: Incineroar|spe|1\n|faint|p1a: Pawmot\n|move|p2a: Garchomp|Earthquake|p1b: Incineroar|[spread] p1b\n|-immune|p2b: Cryogonal|[from] ability: Levitate\n|-supereffective|p1b: Incineroar\n|-damage|p1b: Incineroar|0 fnt\n|faint|p1b: Incineroar\n|\n|upkeep\n|\n|t:|1724526338\n|switch|p1b: Dragapult|Dragapult, L50, M|50\/100\n|turn|6\n|\n|t:|1724526363\n|move|p1b: Dragapult|Dragon Darts|p2a: Garchomp\n|-supereffective|p2a: Garchomp\n|-damage|p2a: Garchomp|22\/100\n|-anim|p1b: Dragapult|Dragon Darts|p2b: Cryogonal\n|-damage|p2b: Cryogonal|0 fnt\n|faint|p2b: Cryogonal\n|move|p2a: Garchomp|Dragon Claw|p1b: Dragapult\n|-supereffective|p1b: Dragapult\n|-damage|p1b: Dragapult|0 fnt\n|faint|p1b: Dragapult\n|\n|win|greenlightdmp\n|raw|Phononmode's rating: 1685 &rarr; <strong>1668<\/strong><br \/>(-17 for losing)\n|raw|greenlightdmp's rating: 1738 &rarr; <strong>1755<\/strong><br \/>(+17 for winning)\n|l|\u2606Phononmode\n|player|p1|\n|l|\u2606greenlightdmp\n|player|p2|\n","uploadtime":1724526582,"views":49,"formatid":"gen9vgc2024regh","rating":1668,"private":0,"password":null}