{"id":"gen9vgc2024regh-2186324108","format":"[Gen 9] VGC 2024 Reg H","players":["MomeriA12","Phononmode"],"log":"|j|\u2606MomeriA12\n|j|\u2606Phononmode\n|t:|1724440254\n|gametype|doubles\n|player|p1|MomeriA12|169|1690\n|player|p2|Phononmode|266|1722\n|teamsize|p1|6\n|teamsize|p2|6\n|gen|9\n|tier|[Gen 9] VGC 2024 Reg H\n|rated|\n|rule|Species Clause: Limit one of each Pok\u00e9mon\n|rule|Item Clause: Limit 1 of each item\n|clearpoke\n|poke|p1|Staraptor, L50, F|\n|poke|p1|Hydreigon, L50, F|\n|poke|p1|Lilligant-Hisui, L50, F|\n|poke|p1|Torkoal, L50, M|\n|poke|p1|Ursaluna, L50, F|\n|poke|p1|Farigiraf, L50, F|\n|poke|p2|Pawmot, L50, F|\n|poke|p2|Dondozo, L50, M|\n|poke|p2|Tatsugiri, L50, M|\n|poke|p2|Dragapult, L50, M|\n|poke|p2|Weezing, L50, F|\n|poke|p2|Incineroar, L50, F|\n|teampreview|4\nPhononmode has agreed to open team sheets.\n|inactive|Battle timer is ON: inactive players will automatically lose when time's up. (requested by Phononmode)\n|inactive|MomeriA12 has 60 seconds left.\n|\n|t:|1724440293\n|start\n|switch|p1a: Lilligant|Lilligant-Hisui, L50, F|100\/100\n|switch|p1b: Farigiraf|Farigiraf, L50, F|100\/100\n|switch|p2a: Weezing|Weezing, L50, F|100\/100\n|switch|p2b: Incineroar|Incineroar, L50, F|100\/100\n|-ability|p2a: Weezing|Neutralizing Gas\n|-block|p2b: Incineroar|item: Ability Shield\n|-ability|p2b: Incineroar|Intimidate|boost\n|-unboost|p1a: Lilligant|atk|1\n|-unboost|p1b: Farigiraf|atk|1\n|turn|1\n|j| senira\n|\n|t:|1724440317\n|move|p1a: Lilligant|Protect|p1a: Lilligant\n|-singleturn|p1a: Lilligant|Protect\n|move|p1b: Farigiraf|Protect|p1b: Farigiraf\n|-singleturn|p1b: Farigiraf|Protect\n|move|p2b: Incineroar|Fake Out|p1a: Lilligant\n|-activate|p1a: Lilligant|move: Protect\n|move|p2a: Weezing|Taunt|p1b: Farigiraf\n|-activate|p1b: Farigiraf|move: Protect\n|\n|upkeep\n|turn|2\n|\n|t:|1724440332\n|move|p1a: Lilligant|Sleep Powder|p2b: Incineroar\n|-status|p2b: Incineroar|slp|[from] move: Sleep Powder\n|move|p1b: Farigiraf|Psychic Noise|p2a: Weezing\n|-supereffective|p2a: Weezing\n|-damage|p2a: Weezing|47\/100\n|-start|p2a: Weezing|move: Heal Block\n|cant|p2b: Incineroar|slp\n|move|p2a: Weezing|Taunt|p1b: Farigiraf\n|-start|p1b: Farigiraf|move: Taunt\n|\n|upkeep\n|turn|3\n|\n|t:|1724440347\n|move|p1a: Lilligant|Close Combat|p2b: Incineroar\n|-supereffective|p2b: Incineroar\n|-damage|p2b: Incineroar|31\/100 slp\n|-unboost|p1a: Lilligant|def|1\n|-unboost|p1a: Lilligant|spd|1\n|move|p1b: Farigiraf|Psychic Noise|p2a: Weezing\n|-supereffective|p2a: Weezing\n|-damage|p2a: Weezing|0 fnt\n|faint|p2a: Weezing\n|-end|p2a: Weezing|ability: Neutralizing Gas\n|cant|p2b: Incineroar|slp\n|\n|upkeep\n|\n|t:|1724440358\n|switch|p2a: Dondozo|Dondozo, L50, M|100\/100\n|turn|4\n|j| popeye32\n|l| popeye32\n|inactive|Phononmode has 30 seconds left.\n|\n|t:|1724440394\n|switch|p1b: Torkoal|Torkoal, L50, M|100\/100\n|-weather|SunnyDay|[from] ability: Drought|[of] p1b: Torkoal\n|-terastallize|p2a: Dondozo|Grass\n|move|p1a: Lilligant|Close Combat|p2b: Incineroar\n|-supereffective|p2b: Incineroar\n|-damage|p2b: Incineroar|0 fnt\n|-unboost|p1a: Lilligant|def|1\n|-unboost|p1a: Lilligant|spd|1\n|faint|p2b: Incineroar\n|move|p2a: Dondozo|Order Up|p1b: Torkoal\n|-damage|p1b: Torkoal|82\/100\n|\n|-weather|SunnyDay|[upkeep]\n|upkeep\n|\n|t:|1724440402\n|switch|p2b: Tatsugiri|Tatsugiri, L50, M|100\/100\n|-activate|p2b: Tatsugiri|ability: Commander|[of] p2a: Dondozo\n|-boost|p2a: Dondozo|atk|2\n|-boost|p2a: Dondozo|spa|2\n|-boost|p2a: Dondozo|spe|2\n|-boost|p2a: Dondozo|def|2\n|-boost|p2a: Dondozo|spd|2\n|turn|5\n|\n|t:|1724440415\n|move|p1a: Lilligant|After You|p1b: Torkoal\n|-activate|p1b: Torkoal|move: After You\n|move|p1b: Torkoal|Clear Smog|p2a: Dondozo\n|-supereffective|p2a: Dondozo\n|-damage|p2a: Dondozo|88\/100\n|-clearboost|p2a: Dondozo\n|move|p2a: Dondozo|Wave Crash|p1b: Torkoal\n|-supereffective|p1b: Torkoal\n|-damage|p1b: Torkoal|47\/100\n|-damage|p2a: Dondozo|79\/100|[from] Recoil\n|\n|-weather|SunnyDay|[upkeep]\n|-heal|p2a: Dondozo|85\/100|[from] item: Leftovers\n|upkeep\n|turn|6\n|-message|Phononmode forfeited.\n|\n|win|MomeriA12\n|raw|MomeriA12's rating: 1690 &rarr; <strong>1712<\/strong><br \/>(+22 for winning)\n|raw|Phononmode's rating: 1722 &rarr; <strong>1700<\/strong><br \/>(-22 for losing)\n|l|\u2606Phononmode\n|player|p2|\n|l| senira\n|l|\u2606MomeriA12\n|player|p1|\n","uploadtime":1724440695,"views":214,"formatid":"gen9vgc2024regh","rating":1700,"private":0,"password":null}