{"id":"gen9vgc2024regh-2186577082","format":"[Gen 9] VGC 2024 Reg H","players":["sarstingnos","bwahacough"],"log":"|j|\u2606sarstingnos\n|j|\u2606bwahacough\n|t:|1724469317\n|gametype|doubles\n|player|p1|sarstingnos|102|1767\n|player|p2|bwahacough|medium|1796\n|teamsize|p1|6\n|teamsize|p2|6\n|gen|9\n|tier|[Gen 9] VGC 2024 Reg H\n|rated|\n|rule|Species Clause: Limit one of each Pok\u00e9mon\n|rule|Item Clause: Limit 1 of each item\n|clearpoke\n|poke|p1|Charizard, L50, F|\n|poke|p1|Milotic, L50, M|\n|poke|p1|Indeedee, L50, M|\n|poke|p1|Gholdengo, L50|\n|poke|p1|Whimsicott, L50, F|\n|poke|p1|Sneasler, L50, M|\n|poke|p2|Lycanroc, L50, F|\n|poke|p2|Tyranitar, L50, F|\n|poke|p2|Indeedee-F, L50, F|\n|poke|p2|Murkrow, L50, M|\n|poke|p2|Garchomp, L50, M|\n|poke|p2|Gholdengo, L50|\n|teampreview|4\n|\n|t:|1724469348\n|start\n|switch|p1a: Whimsicott|Whimsicott, L50, F|100\/100\n|switch|p1b: Sneasler|Sneasler, L50, M|100\/100\n|switch|p2a: Lycanroc|Lycanroc, L50, F, shiny|100\/100\n|switch|p2b: Tyranitar|Tyranitar, L50, F|100\/100\n|-weather|Sandstorm|[from] ability: Sand Stream|[of] p2b: Tyranitar\n|turn|1\n|\n|t:|1724469356\n|switch|p2a: Murkrow|Murkrow, L50, M|100\/100\n|move|p1a: Whimsicott|Sunny Day|p1a: Whimsicott\n|-weather|SunnyDay\n|move|p1b: Sneasler|Dire Claw|p2a: Murkrow\n|-damage|p2a: Murkrow|48\/100\n|move|p2b: Tyranitar|Ice Punch|p1a: Whimsicott\n|-supereffective|p1a: Whimsicott\n|-damage|p1a: Whimsicott|12\/100\n|\n|-weather|SunnyDay|[upkeep]\n|upkeep\n|turn|2\n|\n|t:|1724469388\n|-terastallize|p2b: Tyranitar|Grass\n|move|p2a: Murkrow|Tailwind|p2a: Murkrow\n|-sidestart|p2: bwahacough|move: Tailwind\n|move|p1a: Whimsicott|Endeavor|p2b: Tyranitar\n|-damage|p2b: Tyranitar|8\/100\n|move|p1b: Sneasler|Dire Claw|p2a: Murkrow\n|-damage|p2a: Murkrow|0 fnt\n|faint|p2a: Murkrow\n|move|p2b: Tyranitar|Rock Slide|p1b: Sneasler|[spread] p1a,p1b\n|-crit|p1a: Whimsicott\n|-resisted|p1b: Sneasler\n|-damage|p1a: Whimsicott|0 fnt\n|-damage|p1b: Sneasler|76\/100\n|faint|p1a: Whimsicott\n|\n|-weather|SunnyDay|[upkeep]\n|upkeep\n|\n|t:|1724469403\n|switch|p1a: Gholdengo|Gholdengo, L50|100\/100\n|switch|p2a: Gholdengo|Gholdengo, L50|100\/100\n|turn|3\n|\n|t:|1724469418\n|-terastallize|p1a: Gholdengo|Steel\n|move|p2a: Gholdengo|Protect|p2a: Gholdengo\n|-singleturn|p2a: Gholdengo|Protect\n|move|p1b: Sneasler|Dire Claw|p2b: Tyranitar\n|-supereffective|p2b: Tyranitar\n|-damage|p2b: Tyranitar|0 fnt\n|faint|p2b: Tyranitar\n|move|p1a: Gholdengo|Shadow Ball|p2a: Gholdengo\n|-activate|p2a: Gholdengo|move: Protect\n|\n|-weather|SunnyDay|[upkeep]\n|upkeep\n|\n|t:|1724469420\n|switch|p2b: Lycanroc|Lycanroc, L50, F, shiny|100\/100\n|turn|4\n|\n|t:|1724469426\n|move|p1b: Sneasler|Protect|p1b: Sneasler\n|-singleturn|p1b: Sneasler|Protect\n|move|p1a: Gholdengo|Protect|p1a: Gholdengo\n|-singleturn|p1a: Gholdengo|Protect\n|move|p2b: Lycanroc|Close Combat|p1a: Gholdengo\n|-activate|p1a: Gholdengo|move: Protect\n|move|p2a: Gholdengo|Make It Rain|p1b: Sneasler|[spread] \n|-activate|p1a: Gholdengo|move: Protect\n|-activate|p1b: Sneasler|move: Protect\n|\n|-weather|SunnyDay|[upkeep]\n|upkeep\n|turn|5\n|\n|t:|1724469432\n|switch|p1b: Milotic|Milotic, L50, M|100\/100\n|move|p2b: Lycanroc|Close Combat|p1a: Gholdengo\n|-supereffective|p1a: Gholdengo\n|-damage|p1a: Gholdengo|11\/100\n|-unboost|p2b: Lycanroc|def|1\n|-unboost|p2b: Lycanroc|spd|1\n|move|p2a: Gholdengo|Make It Rain|p1a: Gholdengo|[spread] p1a,p1b\n|-resisted|p1a: Gholdengo\n|-resisted|p1b: Milotic\n|-damage|p1a: Gholdengo|0 fnt\n|-damage|p1b: Milotic|78\/100\n|-unboost|p2a: Gholdengo|spa|1\n|faint|p1a: Gholdengo\n|-damage|p2a: Gholdengo|90\/100|[from] item: Life Orb\n|\n|-weather|none\n|-sideend|p2: bwahacough|move: Tailwind\n|upkeep\n|\n|t:|1724469441\n|switch|p1a: Sneasler|Sneasler, L50, M|76\/100\n|turn|6\n|\n|t:|1724469449\n|move|p1a: Sneasler|Protect|p1a: Sneasler\n|-singleturn|p1a: Sneasler|Protect\n|move|p2b: Lycanroc|Endeavor|p1b: Milotic\n|-damage|p1b: Milotic|76\/100\n|move|p2a: Gholdengo|Shadow Ball|p1a: Sneasler\n|-activate|p1a: Sneasler|move: Protect\n|move|p1b: Milotic|Scald|p2b: Lycanroc\n|-supereffective|p2b: Lycanroc\n|-enditem|p2b: Lycanroc|Focus Sash\n|-damage|p2b: Lycanroc|1\/100\n|\n|upkeep\n|turn|7\n|j| sicut cervus\n|j| lori Kitahara\n|\n|t:|1724469478\n|move|p2b: Lycanroc|Protect|p2b: Lycanroc\n|-singleturn|p2b: Lycanroc|Protect\n|move|p1b: Milotic|Protect|p1b: Milotic\n|-singleturn|p1b: Milotic|Protect\n|move|p1a: Sneasler|Dire Claw|p2b: Lycanroc\n|-activate|p2b: Lycanroc|move: Protect\n|move|p2a: Gholdengo|Shadow Ball|p1a: Sneasler\n|-damage|p1a: Sneasler|20\/100\n|-damage|p2a: Gholdengo|80\/100|[from] item: Life Orb\n|\n|upkeep\n|turn|8\n|inactive|Battle timer is ON: inactive players will automatically lose when time's up. (requested by bwahacough)\n|\n|t:|1724469533\n|move|p2b: Lycanroc|Protect|p2b: Lycanroc\n|-singleturn|p2b: Lycanroc|Protect\n|move|p1b: Milotic|Protect|p1b: Milotic\n|-singleturn|p1b: Milotic|Protect\n|move|p1a: Sneasler|Dire Claw|p2b: Lycanroc\n|-activate|p2b: Lycanroc|move: Protect\n|move|p2a: Gholdengo|Make It Rain|p1b: Milotic|[spread] p1a\n|-activate|p1b: Milotic|move: Protect\n|-damage|p1a: Sneasler|0 fnt\n|-unboost|p2a: Gholdengo|spa|1\n|faint|p1a: Sneasler\n|-damage|p2a: Gholdengo|70\/100|[from] item: Life Orb\n|\n|upkeep\n|turn|9\n|inactive|sarstingnos has 30 seconds left.\n|\n|t:|1724469560\n|move|p2b: Lycanroc|Endeavor|p1b: Milotic\n|-damage|p1b: Milotic|1\/100\n|-enditem|p1b: Milotic|Sitrus Berry|[eat]\n|-heal|p1b: Milotic|26\/100|[from] item: Sitrus Berry\n|move|p2a: Gholdengo|Nasty Plot|p2a: Gholdengo\n|-boost|p2a: Gholdengo|spa|2\n|move|p1b: Milotic|Icy Wind|p2a: Gholdengo|[spread] p2a,p2b\n|-resisted|p2a: Gholdengo\n|-damage|p2a: Gholdengo|65\/100\n|-damage|p2b: Lycanroc|0 fnt\n|-unboost|p2a: Gholdengo|spe|1\n|faint|p2b: Lycanroc\n|\n|upkeep\n|turn|10\n|\n|t:|1724469564\n|move|p1b: Milotic|Protect|p1b: Milotic\n|-singleturn|p1b: Milotic|Protect\n|move|p2a: Gholdengo|Shadow Ball|p1b: Milotic\n|-activate|p1b: Milotic|move: Protect\n|\n|upkeep\n|turn|11\n|\n|t:|1724469571\n|move|p1b: Milotic|Scald|p2a: Gholdengo\n|-damage|p2a: Gholdengo|35\/100\n|move|p2a: Gholdengo|Shadow Ball|p1b: Milotic\n|-damage|p1b: Milotic|0 fnt\n|faint|p1b: Milotic\n|-damage|p2a: Gholdengo|25\/100|[from] item: Life Orb\n|\n|win|bwahacough\n|raw|sarstingnos's rating: 1767 &rarr; <strong>1749<\/strong><br \/>(-18 for losing)\n|raw|bwahacough's rating: 1796 &rarr; <strong>1814<\/strong><br \/>(+18 for winning)\n|l|\u2606bwahacough\n|player|p2|\n|l| sicut cervus\n|l|\u2606sarstingnos\n|player|p1|\n|l| lori Kitahara\n","uploadtime":1724469580,"views":404,"formatid":"gen9vgc2024regh","rating":1749,"private":0,"password":null}