{"id":"gen9vgc2024regh-2186613200","format":"[Gen 9] VGC 2024 Reg H","players":["sarstingnos","bwahacough"],"log":"|j|\u2606sarstingnos\n|j|\u2606bwahacough\n|t:|1724474517\n|gametype|doubles\n|player|p1|sarstingnos|102|1731\n|player|p2|bwahacough|medium|1762\n|teamsize|p1|6\n|teamsize|p2|6\n|gen|9\n|tier|[Gen 9] VGC 2024 Reg H\n|rated|\n|rule|Species Clause: Limit one of each Pok\u00e9mon\n|rule|Item Clause: Limit 1 of each item\n|clearpoke\n|poke|p1|Charizard, L50, M|\n|poke|p1|Milotic, L50, F|\n|poke|p1|Indeedee, L50, M|\n|poke|p1|Gholdengo, L50|\n|poke|p1|Whimsicott, L50, M|\n|poke|p1|Sneasler, L50, F|\n|poke|p2|Lycanroc, L50, M|\n|poke|p2|Tyranitar, L50, F|\n|poke|p2|Indeedee-F, L50, F|\n|poke|p2|Murkrow, L50, F|\n|poke|p2|Garchomp, L50, M|\n|poke|p2|Gholdengo, L50|\n|teampreview|4\n|j| BreadTest\n|j| TheOneShobby\n|inactive|Battle timer is ON: inactive players will automatically lose when time's up. (requested by sarstingnos)\n|\n|t:|1724474564\n|start\n|switch|p1a: Indeedee|Indeedee, L50, M|100\/100\n|switch|p1b: Sneasler|Sneasler, L50, F|100\/100\n|switch|p2a: Murkrow|Murkrow, L50, F|100\/100\n|switch|p2b: Garchomp|Garchomp, L50, M, shiny|100\/100\n|-fieldstart|move: Psychic Terrain|[from] ability: Psychic Surge|[of] p1a: Indeedee\n|-enditem|p1b: Sneasler|Psychic Seed\n|-boost|p1b: Sneasler|spd|1|[from] item: Psychic Seed\n|turn|1\n|inactive|sarstingnos has 30 seconds left.\n|\n|t:|1724474591\n|-terastallize|p1a: Indeedee|Fairy\n|move|p2a: Murkrow|Tailwind|p2a: Murkrow\n|-sidestart|p2: bwahacough|move: Tailwind\n|move|p1b: Sneasler|Dire Claw|p2b: Garchomp\n|-resisted|p2b: Garchomp\n|-damage|p2b: Garchomp|77\/100\n|-damage|p1b: Sneasler|88\/100|[from] ability: Rough Skin|[of] p2b: Garchomp\n|move|p2b: Garchomp|Earthquake|p1b: Sneasler|[spread] p1a,p1b\n|-immune|p2a: Murkrow\n|-supereffective|p1b: Sneasler\n|-damage|p1a: Indeedee|14\/100\n|-damage|p1b: Sneasler|0 fnt\n|faint|p1b: Sneasler\n|move|p1a: Indeedee|Dazzling Gleam|p2b: Garchomp|[spread] p2a,p2b\n|-supereffective|p2a: Murkrow\n|-crit|p2a: Murkrow\n|-supereffective|p2b: Garchomp\n|-damage|p2a: Murkrow|18\/100\n|-damage|p2b: Garchomp|12\/100\n|\n|upkeep\n|\n|t:|1724474604\n|switch|p1b: Milotic|Milotic, L50, F|100\/100\n|turn|2\n|\n|t:|1724474609\n|move|p2b: Garchomp|Earthquake|p1b: Milotic|[spread] p1a,p1b\n|-immune|p2a: Murkrow\n|-damage|p1a: Indeedee|0 fnt\n|-damage|p1b: Milotic|68\/100\n|faint|p1a: Indeedee\n|move|p2a: Murkrow|Foul Play|p1b: Milotic\n|-damage|p1b: Milotic|55\/100\n|move|p1b: Milotic|Icy Wind|p2a: Murkrow|[spread] \n|-miss|p1b: Milotic|p2a: Murkrow\n|-miss|p1b: Milotic|p2b: Garchomp\n|\n|upkeep\n|\n|t:|1724474612\n|switch|p1a: Gholdengo|Gholdengo, L50|100\/100\n|turn|3\n|\n|t:|1724474617\n|move|p1a: Gholdengo|Protect|p1a: Gholdengo\n|-singleturn|p1a: Gholdengo|Protect\n|move|p2b: Garchomp|Earthquake|p1b: Milotic|[spread] p1b\n|-activate|p1a: Gholdengo|move: Protect\n|-immune|p2a: Murkrow\n|-damage|p1b: Milotic|20\/100\n|-enditem|p1b: Milotic|Sitrus Berry|[eat]\n|-heal|p1b: Milotic|44\/100|[from] item: Sitrus Berry\n|move|p2a: Murkrow|Foul Play|p1a: Gholdengo\n|-activate|p1a: Gholdengo|move: Protect\n|move|p1b: Milotic|Icy Wind|p2a: Murkrow|[spread] p2a,p2b\n|-supereffective|p2a: Murkrow\n|-supereffective|p2b: Garchomp\n|-damage|p2a: Murkrow|0 fnt\n|-damage|p2b: Garchomp|0 fnt\n|faint|p2a: Murkrow\n|faint|p2b: Garchomp\n|\n|upkeep\n|\n|t:|1724474620\n|switch|p2b: Gholdengo|Gholdengo, L50|100\/100\n|switch|p2a: Indeedee|Indeedee-F, L50, F, shiny|100\/100\n|turn|4\n|inactive|sarstingnos has 30 seconds left.\n|\n|t:|1724474648\n|move|p2b: Gholdengo|Shadow Ball|p1a: Gholdengo\n|-supereffective|p1a: Gholdengo\n|-damage|p1a: Gholdengo|0 fnt\n|faint|p1a: Gholdengo\n|-damage|p2b: Gholdengo|90\/100|[from] item: Life Orb\n|move|p2a: Indeedee|Psychic|p1b: Milotic\n|-damage|p1b: Milotic|17\/100\n|move|p1b: Milotic|Icy Wind|p2b: Gholdengo|[spread] p2a,p2b\n|-resisted|p2b: Gholdengo\n|-damage|p2a: Indeedee|91\/100\n|-damage|p2b: Gholdengo|85\/100\n|-unboost|p2a: Indeedee|spe|1\n|-unboost|p2b: Gholdengo|spe|1\n|\n|-sideend|p2: bwahacough|move: Tailwind\n|upkeep\n|turn|5\n|\n|t:|1724474657\n|move|p1b: Milotic|Scald|p2a: Indeedee\n|-damage|p2a: Indeedee|63\/100\n|move|p2b: Gholdengo|Shadow Ball|p1b: Milotic\n|-damage|p1b: Milotic|0 fnt\n|faint|p1b: Milotic\n|-damage|p2b: Gholdengo|75\/100|[from] item: Life Orb\n|\n|win|bwahacough\n|raw|sarstingnos's rating: 1731 &rarr; <strong>1713<\/strong><br \/>(-18 for losing)\n|raw|bwahacough's rating: 1762 &rarr; <strong>1780<\/strong><br \/>(+18 for winning)\n|l|\u2606bwahacough\n|player|p2|\n|l| BreadTest\n|l| TheOneShobby\n|l|\u2606sarstingnos\n|player|p1|\n","uploadtime":1724474930,"views":148,"formatid":"gen9vgc2024regh","rating":1713,"private":0,"password":null}