{"id":"gen9vgc2024regh-2186405532","format":"[Gen 9] VGC 2024 Reg H","players":["rexonagirl","infinitygroudon"],"log":"|j|\u2606rexonagirl\n|j|\u2606infinitygroudon\n|t:|1724448563\n|gametype|doubles\n|player|p1|rexonagirl|grimsley-masters|1659\n|player|p2|infinitygroudon|265|1698\n|teamsize|p1|6\n|teamsize|p2|6\n|gen|9\n|tier|[Gen 9] VGC 2024 Reg H\n|rated|\n|rule|Species Clause: Limit one of each Pok\u00e9mon\n|rule|Item Clause: Limit 1 of each item\n|clearpoke\n|poke|p1|Whimsicott, L50, F|\n|poke|p1|Typhlosion-Hisui, L50, M|\n|poke|p1|Indeedee-F, L50, F|\n|poke|p1|Glimmora, L50, M|\n|poke|p1|Espeon, L50, M|\n|poke|p1|Lilligant-Hisui, L50, F|\n|poke|p2|Gastrodon-East, L50, M|\n|poke|p2|Zoroark-Hisui, L50, F|\n|poke|p2|Talonflame, L50, M|\n|poke|p2|Rillaboom, L50, F|\n|poke|p2|Corviknight, L50, M|\n|poke|p2|Hydreigon, L50, M|\n|teampreview|4\n|inactive|Battle timer is ON: inactive players will automatically lose when time's up. (requested by rexonagirl)\n|j| mr pogostick\n|j| Brolog\n|\n|t:|1724448593\n|start\n|switch|p1a: Glimmora|Glimmora, L50, M|100\/100\n|switch|p1b: Espeon|Espeon, L50, M|100\/100\n|switch|p2a: Talonflame|Talonflame, L50, M|100\/100\n|switch|p2b: Hydreigon|Hydreigon, L50, M|100\/100\n|turn|1\n|inactive|infinitygroudon has 30 seconds left.\n|\n|t:|1724448622\n|switch|p1b: Indeedee|Indeedee-F, L50, F|100\/100\n|-fieldstart|move: Psychic Terrain|[from] ability: Psychic Surge|[of] p1b: Indeedee\n|-terastallize|p2b: Hydreigon|Normal\n|move|p2a: Talonflame|Brave Bird|p1b: Indeedee\n|-activate|p1b: Indeedee|move: Psychic Terrain\n|move|p2b: Hydreigon|Hyper Voice|p1b: Indeedee|[spread] p1a,p1b\n|-resisted|p1a: Glimmora\n|-damage|p1a: Glimmora|55\/100\n|-damage|p1b: Indeedee|29\/100\n|move|p1a: Glimmora|Meteor Beam||[still]\n|-prepare|p1a: Glimmora|Meteor Beam\n|-boost|p1a: Glimmora|spa|1\n|-enditem|p1a: Glimmora|Power Herb\n|-anim|p1a: Glimmora|Meteor Beam|p2a: Talonflame\n|-supereffective|p2a: Talonflame\n|-damage|p2a: Talonflame|0 fnt\n|faint|p2a: Talonflame\n|\n|upkeep\n|\n|t:|1724448635\n|switch|p2a: Hydreigon|Hydreigon, L50, M|100\/100\n|turn|2\n|\n|t:|1724448652\n|move|p1a: Glimmora|Spiky Shield|p1a: Glimmora\n|-singleturn|p1a: Glimmora|move: Protect\n|move|p1b: Indeedee|Follow Me|p1b: Indeedee\n|-singleturn|p1b: Indeedee|move: Follow Me\n|move|p2b: Hydreigon|Hyper Voice|p1b: Indeedee|[spread] p1b\n|-activate|p1a: Glimmora|move: Protect\n|-damage|p1b: Indeedee|0 fnt\n|faint|p1b: Indeedee\n|move|p2a: Hydreigon|Dark Pulse|p1a: Glimmora\n|-activate|p1a: Glimmora|move: Protect\n|\n|upkeep\n|\n|t:|1724448655\n|switch|p1b: Whimsicott|Whimsicott, L50, F|100\/100\n|turn|3\n|\n|t:|1724448669\n|switch|p2b: Vintage|Gastrodon-East, L50, M, shiny|100\/100\n|move|p1b: Whimsicott|Tailwind|p1b: Whimsicott\n|-sidestart|p1: rexonagirl|move: Tailwind\n|move|p1a: Glimmora|Sludge Bomb|p2b: Vintage\n|-resisted|p2b: Vintage\n|-damage|p2b: Vintage|69\/100\n|-status|p2b: Vintage|psn\n|move|p2a: Hydreigon|Draco Meteor|p1a: Glimmora\n|-damage|p1a: Glimmora|0 fnt\n|-unboost|p2a: Hydreigon|spa|2\n|faint|p1a: Glimmora\n|\n|-heal|p2b: Vintage|75\/100 psn|[from] item: Leftovers\n|-damage|p2b: Vintage|63\/100 psn|[from] psn\n|upkeep\n|\n|t:|1724448675\n|switch|p1a: Espeon|Espeon, L50, M|100\/100\n|turn|4\n|\n|t:|1724448684\n|-terastallize|p1a: Espeon|Fairy\n|move|p2a: Hydreigon|Protect|p2a: Hydreigon\n|-singleturn|p2a: Hydreigon|Protect\n|move|p1b: Whimsicott|Moonblast|p2b: Vintage\n|-damage|p2b: Vintage|41\/100 psn\n|move|p1a: Espeon|Dazzling Gleam|p2a: Hydreigon|[spread] p2b\n|-activate|p2a: Hydreigon|move: Protect\n|-damage|p2b: Vintage|6\/100 psn\n|-damage|p1a: Espeon|90\/100|[from] item: Life Orb\n|move|p2b: Vintage|Yawn|p1b: Whimsicott\n|-start|p1b: Whimsicott|move: Yawn|[of] p2b: Vintage\n|\n|-heal|p2b: Vintage|12\/100 psn|[from] item: Leftovers\n|-damage|p2b: Vintage|0 fnt|[from] psn\n|faint|p2b: Vintage\n|upkeep\n|\n|t:|1724448692\n|switch|p2b: Zoroark|Zoroark-Hisui, L50, F, tera:Normal|100\/100\n|turn|5\n|\n|t:|1724448703\n|move|p1b: Whimsicott|Moonblast|p2b: Zoroark\n|-damage|p2b: Zoroark|42\/100\n|move|p1a: Espeon|Dazzling Gleam|p2b: Zoroark|[spread] p2a,p2b\n|-supereffective|p2a: Hydreigon\n|-damage|p2a: Hydreigon|0 fnt\n|-damage|p2b: Zoroark|0 fnt\n|faint|p2a: Hydreigon\n|faint|p2b: Zoroark\n|-damage|p1a: Espeon|80\/100|[from] item: Life Orb\n|\n|win|rexonagirl\n|raw|rexonagirl's rating: 1659 &rarr; <strong>1681<\/strong><br \/>(+22 for winning)\n|raw|infinitygroudon's rating: 1698 &rarr; <strong>1676<\/strong><br \/>(-22 for losing)\n|l|\u2606infinitygroudon\n|player|p2|\n|l| mr pogostick\n|l| Brolog\n","uploadtime":1724448883,"views":91,"formatid":"gen9vgc2024regh","rating":1676,"private":0,"password":null}