{"id":"gen9vgc2024regh-2186960162","format":"[Gen 9] VGC 2024 Reg H","players":["BrodaxVGC","greenlightdmp"],"log":"|j|\u2606BrodaxVGC\n|j|\u2606greenlightdmp\n|t:|1724524840\n|gametype|doubles\n|player|p1|BrodaxVGC|101|1699\n|player|p2|greenlightdmp|266|1752\n|teamsize|p1|6\n|teamsize|p2|6\n|gen|9\n|tier|[Gen 9] VGC 2024 Reg H\n|rated|\n|rule|Species Clause: Limit one of each Pok\u00e9mon\n|rule|Item Clause: Limit 1 of each item\n|clearpoke\n|poke|p1|Gholdengo, L50|\n|poke|p1|Incineroar, L50, M|\n|poke|p1|Rillaboom, L50, M|\n|poke|p1|Pelipper, L50, M|\n|poke|p1|Basculegion, L50, M|\n|poke|p1|Archaludon, L50, F|\n|poke|p2|Tyranitar, L50, F|\n|poke|p2|Gholdengo, L50|\n|poke|p2|Talonflame, L50, F|\n|poke|p2|Garchomp, L50, F|\n|poke|p2|Cryogonal, L50|\n|poke|p2|Gastrodon-East, L50, F|\n|teampreview|4\n|inactive|Battle timer is ON: inactive players will automatically lose when time's up. (requested by BrodaxVGC)\n|\n|t:|1724524864\n|start\n|switch|p1a: Rillaboom|Rillaboom, L50, M|100\/100\n|switch|p1b: Archaludon|Archaludon, L50, F|100\/100\n|switch|p2a: Gholdengo|Gholdengo, L50|100\/100\n|switch|p2b: Talonflame|Talonflame, L50, F|100\/100\n|-fieldstart|move: Grassy Terrain|[from] ability: Grassy Surge|[of] p1a: Rillaboom\n|turn|1\n|inactive|greenlightdmp has 30 seconds left.\n|\n|t:|1724524899\n|switch|p1a: Pelipper|Pelipper, L50, M|100\/100\n|-weather|RainDance|[from] ability: Drizzle|[of] p1a: Pelipper\n|move|p2b: Talonflame|Brave Bird|p1a: Pelipper\n|-damage|p1a: Pelipper|28\/100\n|-damage|p2b: Talonflame|79\/100|[from] Recoil\n|-damage|p2b: Talonflame|69\/100|[from] item: Life Orb\n|move|p2a: Gholdengo|Shadow Ball|p1b: Archaludon\n|-damage|p1b: Archaludon|46\/100\n|-ability|p1b: Archaludon|Stamina|boost\n|-boost|p1b: Archaludon|def|1\n|move|p1b: Archaludon|Electro Shot||[still]\n|-prepare|p1b: Archaludon|Electro Shot\n|-boost|p1b: Archaludon|spa|1\n|-anim|p1b: Archaludon|Electro Shot|p2b: Talonflame\n|-supereffective|p2b: Talonflame\n|-crit|p2b: Talonflame\n|-damage|p2b: Talonflame|0 fnt\n|faint|p2b: Talonflame\n|\n|-weather|RainDance|[upkeep]\n|-heal|p1b: Archaludon|52\/100|[from] Grassy Terrain\n|upkeep\n|\n|t:|1724524921\n|switch|p2b: Garchomp|Garchomp, L50, F|100\/100\n|turn|2\n|\n|t:|1724524943\n|move|p1a: Pelipper|Protect|p1a: Pelipper\n|-singleturn|p1a: Pelipper|Protect\n|move|p2b: Garchomp|Dragon Claw|p1a: Pelipper\n|-activate|p1a: Pelipper|move: Protect\n|move|p2a: Gholdengo|Shadow Ball|p1b: Archaludon\n|-damage|p1b: Archaludon|2\/100\n|-ability|p1b: Archaludon|Stamina|boost\n|-boost|p1b: Archaludon|def|1\n|move|p1b: Archaludon|Draco Meteor|p2b: Garchomp\n|-supereffective|p2b: Garchomp\n|-damage|p2b: Garchomp|0 fnt\n|-unboost|p1b: Archaludon|spa|2\n|faint|p2b: Garchomp\n|\n|-weather|RainDance|[upkeep]\n|-heal|p1b: Archaludon|7\/100|[from] Grassy Terrain\n|upkeep\n|\n|t:|1724524952\n|switch|p2b: Gastrodon|Gastrodon-East, L50, F|100\/100\n|turn|3\n|\n|t:|1724524972\n|move|p1a: Pelipper|Tailwind|p1a: Pelipper\n|-sidestart|p1: BrodaxVGC|move: Tailwind\n|move|p1b: Archaludon|Snarl|p2b: Gastrodon|[spread] p2a,p2b\n|-supereffective|p2a: Gholdengo\n|-damage|p2a: Gholdengo|82\/100\n|-damage|p2b: Gastrodon|92\/100\n|-unboost|p2a: Gholdengo|spa|1\n|-unboost|p2b: Gastrodon|spa|1\n|move|p2a: Gholdengo|Shadow Ball|p1b: Archaludon\n|-damage|p1b: Archaludon|0 fnt\n|faint|p1b: Archaludon\n|move|p2b: Gastrodon|Ice Beam|p1a: Pelipper\n|-damage|p1a: Pelipper|0 fnt\n|faint|p1a: Pelipper\n|\n|-weather|RainDance|[upkeep]\n|-heal|p2a: Gholdengo|88\/100|[from] Grassy Terrain\n|-heal|p2b: Gastrodon|99\/100|[from] Grassy Terrain\n|upkeep\n|\n|t:|1724524985\n|switch|p1a: Basculegion|Basculegion, L50, M|100\/100\n|switch|p1b: Rillaboom|Rillaboom, L50, M|100\/100\n|turn|4\n|inactive|greenlightdmp has 30 seconds left.\n|\n|t:|1724525013\n|-terastallize|p2a: Gholdengo|Steel\n|move|p1b: Rillaboom|Fake Out|p2b: Gastrodon\n|-damage|p2b: Gastrodon|80\/100\n|-damage|p1b: Rillaboom|91\/100|[from] item: Life Orb\n|move|p1a: Basculegion|Last Respects|p2a: Gholdengo\n|-damage|p2a: Gholdengo|0 fnt\n|faint|p2a: Gholdengo\n|cant|p2b: Gastrodon|flinch\n|\n|-weather|RainDance|[upkeep]\n|-heal|p1b: Rillaboom|97\/100|[from] Grassy Terrain\n|-heal|p2b: Gastrodon|87\/100|[from] Grassy Terrain\n|upkeep\n|turn|5\n|\n|t:|1724525030\n|move|p1b: Rillaboom|Grassy Glide|p2b: Gastrodon\n|-supereffective|p2b: Gastrodon\n|-damage|p2b: Gastrodon|0 fnt\n|faint|p2b: Gastrodon\n|-damage|p1b: Rillaboom|87\/100|[from] item: Life Orb\n|\n|win|BrodaxVGC\n|raw|BrodaxVGC's rating: 1699 &rarr; <strong>1722<\/strong><br \/>(+23 for winning)\n|raw|greenlightdmp's rating: 1752 &rarr; <strong>1729<\/strong><br \/>(-23 for losing)\n|l|\u2606BrodaxVGC\n|player|p1|\n|l|\u2606greenlightdmp\n|player|p2|\n|j|\u2606greenlightdmp\n|player|p2|greenlightdmp|266|\n|l|\u2606greenlightdmp\n|player|p2|\n","uploadtime":1724525042,"views":223,"formatid":"gen9vgc2024regh","rating":1722,"private":0,"password":null}