{"id":"gen9vgc2024regh-2186124065","format":"[Gen 9] VGC 2024 Reg H","players":["MTcxing52","eseerserse"],"log":"|j|\u2606MTcxing52\n|j|\u2606eseerserse\n|t:|1724421145\n|gametype|doubles\n|player|p1|MTcxing52|n|1692\n|player|p2|eseerserse|170|1661\n|teamsize|p1|6\n|teamsize|p2|6\n|gen|9\n|tier|[Gen 9] VGC 2024 Reg H\n|rated|\n|rule|Species Clause: Limit one of each Pok\u00e9mon\n|rule|Item Clause: Limit 1 of each item\n|clearpoke\n|poke|p1|Indeedee-F, L50, F|\n|poke|p1|Armarouge, L50, F|\n|poke|p1|Gholdengo, L50|\n|poke|p1|Sneasler, L50, M|\n|poke|p1|Dondozo, L50, M|\n|poke|p1|Tatsugiri, L50, F|\n|poke|p2|Basculegion, L50, M|\n|poke|p2|Pelipper, L50, F|\n|poke|p2|Archaludon, L50, M|\n|poke|p2|Rillaboom, L50, M|\n|poke|p2|Overqwil, L50, M|\n|poke|p2|Kommo-o, L50, F|\n|teampreview|4\n|inactive|Battle timer is ON: inactive players will automatically lose when time's up. (requested by MTcxing52)\n|inactive|eseerserse has 60 seconds left.\n|\n|t:|1724421185\n|start\n|switch|p1a: \u6700\u6c2a\u547d\u7684\u5b9d\u53ef\u68a6|Sneasler, L50, M, shiny|100\/100\n|switch|p1b: \u6700\u5584\u826f\u7684\u5b9d\u53ef\u68a6|Indeedee-F, L50, F, shiny|100\/100\n|switch|p2a: Basculegion|Basculegion, L50, M|100\/100\n|switch|p2b: Overqwil|Overqwil, L50, M|100\/100\n|-fieldstart|move: Psychic Terrain|[from] ability: Psychic Surge|[of] p1b: \u6700\u5584\u826f\u7684\u5b9d\u53ef\u68a6\n|-enditem|p1a: \u6700\u6c2a\u547d\u7684\u5b9d\u53ef\u68a6|Psychic Seed\n|-boost|p1a: \u6700\u6c2a\u547d\u7684\u5b9d\u53ef\u68a6|spd|1|[from] item: Psychic Seed\n|turn|1\n|\n|t:|1724421209\n|-terastallize|p1a: \u6700\u6c2a\u547d\u7684\u5b9d\u53ef\u68a6|Dark\n|move|p1b: \u6700\u5584\u826f\u7684\u5b9d\u53ef\u68a6|Follow Me|p1b: \u6700\u5584\u826f\u7684\u5b9d\u53ef\u68a6\n|-singleturn|p1b: \u6700\u5584\u826f\u7684\u5b9d\u53ef\u68a6|move: Follow Me\n|move|p1a: \u6700\u6c2a\u547d\u7684\u5b9d\u53ef\u68a6|Throat Chop|p2a: Basculegion\n|-supereffective|p2a: Basculegion\n|-damage|p2a: Basculegion|0 fnt\n|faint|p2a: Basculegion\n|move|p2b: Overqwil|Throat Chop|p1b: \u6700\u5584\u826f\u7684\u5b9d\u53ef\u68a6\n|-supereffective|p1b: \u6700\u5584\u826f\u7684\u5b9d\u53ef\u68a6\n|-damage|p1b: \u6700\u5584\u826f\u7684\u5b9d\u53ef\u68a6|28\/100\n|-start|p1b: \u6700\u5584\u826f\u7684\u5b9d\u53ef\u68a6|Throat Chop|[silent]\n|-damage|p2b: Overqwil|84\/100|[from] item: Rocky Helmet|[of] p1b: \u6700\u5584\u826f\u7684\u5b9d\u53ef\u68a6\n|\n|upkeep\n|j| sayoerza\n|\n|t:|1724421226\n|switch|p2a: Pelipper|Pelipper, L50, F|100\/100\n|-weather|RainDance|[from] ability: Drizzle|[of] p2a: Pelipper\n|turn|2\n|inactive|MTcxing52 has 30 seconds left.\n|inactive|MTcxing52 has 20 seconds left.\n|\n|t:|1724421266\n|move|p1b: \u6700\u5584\u826f\u7684\u5b9d\u53ef\u68a6|Helping Hand|p1a: \u6700\u6c2a\u547d\u7684\u5b9d\u53ef\u68a6\n|-singleturn|p1a: \u6700\u6c2a\u547d\u7684\u5b9d\u53ef\u68a6|Helping Hand|[of] p1b: \u6700\u5584\u826f\u7684\u5b9d\u53ef\u68a6\n|move|p2b: Overqwil|Protect|p2b: Overqwil\n|-singleturn|p2b: Overqwil|Protect\n|move|p1a: \u6700\u6c2a\u547d\u7684\u5b9d\u53ef\u68a6|Close Combat|p2b: Overqwil\n|-activate|p2b: Overqwil|move: Protect\n|move|p2a: Pelipper|Hurricane|p1b: \u6700\u5584\u826f\u7684\u5b9d\u53ef\u68a6\n|-damage|p1b: \u6700\u5584\u826f\u7684\u5b9d\u53ef\u68a6|0 fnt\n|faint|p1b: \u6700\u5584\u826f\u7684\u5b9d\u53ef\u68a6\n|\n|-weather|RainDance|[upkeep]\n|upkeep\n|\n|t:|1724421272\n|switch|p1b: \u6700\u9ad8\u8d35\u7684\u5b9d\u53ef\u68a6|Gholdengo, L50, shiny|100\/100\n|turn|3\n|\n|t:|1724421291\n|move|p1a: \u6700\u6c2a\u547d\u7684\u5b9d\u53ef\u68a6|Close Combat|p2b: Overqwil\n|-damage|p2b: Overqwil|18\/100\n|-unboost|p1a: \u6700\u6c2a\u547d\u7684\u5b9d\u53ef\u68a6|def|1\n|-unboost|p1a: \u6700\u6c2a\u547d\u7684\u5b9d\u53ef\u68a6|spd|1\n|-damage|p1a: \u6700\u6c2a\u547d\u7684\u5b9d\u53ef\u68a6|84\/100|[from] item: Rocky Helmet|[of] p2b: Overqwil\n|move|p2b: Overqwil|Throat Chop|p1b: \u6700\u9ad8\u8d35\u7684\u5b9d\u53ef\u68a6\n|-supereffective|p1b: \u6700\u9ad8\u8d35\u7684\u5b9d\u53ef\u68a6\n|-damage|p1b: \u6700\u9ad8\u8d35\u7684\u5b9d\u53ef\u68a6|22\/100\n|-start|p1b: \u6700\u9ad8\u8d35\u7684\u5b9d\u53ef\u68a6|Throat Chop|[silent]\n|move|p1b: \u6700\u9ad8\u8d35\u7684\u5b9d\u53ef\u68a6|Make It Rain|p2b: Overqwil|[spread] p2a,p2b\n|-resisted|p2a: Pelipper\n|-damage|p2a: Pelipper|28\/100\n|-damage|p2b: Overqwil|0 fnt\n|-unboost|p1b: \u6700\u9ad8\u8d35\u7684\u5b9d\u53ef\u68a6|spa|1\n|faint|p2b: Overqwil\n|move|p2a: Pelipper|Weather Ball|p1b: \u6700\u9ad8\u8d35\u7684\u5b9d\u53ef\u68a6\n|-damage|p1b: \u6700\u9ad8\u8d35\u7684\u5b9d\u53ef\u68a6|0 fnt\n|faint|p1b: \u6700\u9ad8\u8d35\u7684\u5b9d\u53ef\u68a6\n|\n|-weather|RainDance|[upkeep]\n|upkeep\n|\n|t:|1724421309\n|switch|p1b: \u6700\u80fd\u821e\u7684\u5b9d\u53ef\u68a6|Armarouge, L50, F, shiny|100\/100\n|switch|p2b: Rillaboom|Rillaboom, L50, M|100\/100\n|-fieldstart|move: Grassy Terrain|[from] ability: Grassy Surge|[of] p2b: Rillaboom\n|turn|4\n|\n|t:|1724421319\n|move|p1a: \u6700\u6c2a\u547d\u7684\u5b9d\u53ef\u68a6|Protect|p1a: \u6700\u6c2a\u547d\u7684\u5b9d\u53ef\u68a6\n|-singleturn|p1a: \u6700\u6c2a\u547d\u7684\u5b9d\u53ef\u68a6|Protect\n|move|p1b: \u6700\u80fd\u821e\u7684\u5b9d\u53ef\u68a6|Protect|p1b: \u6700\u80fd\u821e\u7684\u5b9d\u53ef\u68a6\n|-singleturn|p1b: \u6700\u80fd\u821e\u7684\u5b9d\u53ef\u68a6|Protect\n|move|p2b: Rillaboom|Fake Out|p1a: \u6700\u6c2a\u547d\u7684\u5b9d\u53ef\u68a6\n|-activate|p1a: \u6700\u6c2a\u547d\u7684\u5b9d\u53ef\u68a6|move: Protect\n|move|p2a: Pelipper|Weather Ball|p1b: \u6700\u80fd\u821e\u7684\u5b9d\u53ef\u68a6\n|-activate|p1b: \u6700\u80fd\u821e\u7684\u5b9d\u53ef\u68a6|move: Protect\n|\n|-weather|RainDance|[upkeep]\n|-heal|p1a: \u6700\u6c2a\u547d\u7684\u5b9d\u53ef\u68a6|90\/100|[from] Grassy Terrain\n|upkeep\n|turn|5\n|inactive|eseerserse has 30 seconds left.\n|inactive|MTcxing52 has 30 seconds left.\n|\n|t:|1724421353\n|move|p2a: Pelipper|Protect|p2a: Pelipper\n|-singleturn|p2a: Pelipper|Protect\n|move|p1a: \u6700\u6c2a\u547d\u7684\u5b9d\u53ef\u68a6|Dire Claw|p2a: Pelipper\n|-activate|p2a: Pelipper|move: Protect\n|move|p2b: Rillaboom|Bullet Seed|p1a: \u6700\u6c2a\u547d\u7684\u5b9d\u53ef\u68a6\n|-damage|p1a: \u6700\u6c2a\u547d\u7684\u5b9d\u53ef\u68a6|40\/100\n|-damage|p1a: \u6700\u6c2a\u547d\u7684\u5b9d\u53ef\u68a6|0 fnt\n|faint|p1a: \u6700\u6c2a\u547d\u7684\u5b9d\u53ef\u68a6\n|-hitcount|p1: \u6700\u6c2a\u547d\u7684\u5b9d\u53ef\u68a6|2\n|move|p1b: \u6700\u80fd\u821e\u7684\u5b9d\u53ef\u68a6|Meteor Beam||[still]\n|-prepare|p1b: \u6700\u80fd\u821e\u7684\u5b9d\u53ef\u68a6|Meteor Beam\n|-boost|p1b: \u6700\u80fd\u821e\u7684\u5b9d\u53ef\u68a6|spa|1\n|-enditem|p1b: \u6700\u80fd\u821e\u7684\u5b9d\u53ef\u68a6|Power Herb\n|-anim|p1b: \u6700\u80fd\u821e\u7684\u5b9d\u53ef\u68a6|Meteor Beam|p2b: Rillaboom\n|-damage|p2b: Rillaboom|19\/100\n|\n|-weather|RainDance|[upkeep]\n|-heal|p2b: Rillaboom|25\/100|[from] Grassy Terrain\n|upkeep\n|turn|6\n|inactive|eseerserse has 30 seconds left.\n|\n|t:|1724421381\n|move|p2b: Rillaboom|Bullet Seed|p1b: \u6700\u80fd\u821e\u7684\u5b9d\u53ef\u68a6\n|-resisted|p1b: \u6700\u80fd\u821e\u7684\u5b9d\u53ef\u68a6\n|-damage|p1b: \u6700\u80fd\u821e\u7684\u5b9d\u53ef\u68a6|91\/100\n|-resisted|p1b: \u6700\u80fd\u821e\u7684\u5b9d\u53ef\u68a6\n|-damage|p1b: \u6700\u80fd\u821e\u7684\u5b9d\u53ef\u68a6|82\/100\n|-resisted|p1b: \u6700\u80fd\u821e\u7684\u5b9d\u53ef\u68a6\n|-damage|p1b: \u6700\u80fd\u821e\u7684\u5b9d\u53ef\u68a6|73\/100\n|-resisted|p1b: \u6700\u80fd\u821e\u7684\u5b9d\u53ef\u68a6\n|-damage|p1b: \u6700\u80fd\u821e\u7684\u5b9d\u53ef\u68a6|63\/100\n|-resisted|p1b: \u6700\u80fd\u821e\u7684\u5b9d\u53ef\u68a6\n|-damage|p1b: \u6700\u80fd\u821e\u7684\u5b9d\u53ef\u68a6|53\/100\n|-hitcount|p1b: \u6700\u80fd\u821e\u7684\u5b9d\u53ef\u68a6|5\n|move|p2a: Pelipper|Weather Ball|p1b: \u6700\u80fd\u821e\u7684\u5b9d\u53ef\u68a6\n|-supereffective|p1b: \u6700\u80fd\u821e\u7684\u5b9d\u53ef\u68a6\n|-damage|p1b: \u6700\u80fd\u821e\u7684\u5b9d\u53ef\u68a6|0 fnt\n|faint|p1b: \u6700\u80fd\u821e\u7684\u5b9d\u53ef\u68a6\n|\n|win|eseerserse\n|raw|MTcxing52's rating: 1692 &rarr; <strong>1670<\/strong><br \/>(-22 for losing)\n|raw|eseerserse's rating: 1661 &rarr; <strong>1683<\/strong><br \/>(+22 for winning)\n|l|\u2606MTcxing52\n|player|p1|\n|l| sayoerza\n|l|\u2606eseerserse\n|player|p2|\n","uploadtime":1724421612,"views":65,"formatid":"gen9vgc2024regh","rating":1670,"private":0,"password":null}