{"id":"gen9vgc2024regh-2186623933","format":"[Gen 9] VGC 2024 Reg H","players":["ansego","bwahacough"],"log":"|j|\u2606ansego\n|j|\u2606bwahacough\n|t:|1724476230\n|gametype|doubles\n|player|p1|ansego|2|1711\n|player|p2|bwahacough|medium|1731\n|teamsize|p1|6\n|teamsize|p2|6\n|gen|9\n|tier|[Gen 9] VGC 2024 Reg H\n|rated|\n|rule|Species Clause: Limit one of each Pok\u00e9mon\n|rule|Item Clause: Limit 1 of each item\n|clearpoke\n|poke|p1|Talonflame, L50, F|\n|poke|p1|Glimmora, L50, F|\n|poke|p1|Milotic, L50, F|\n|poke|p1|Rillaboom, L50, M|\n|poke|p1|Sylveon, L50, F|\n|poke|p1|Mienshao, L50, F|\n|poke|p2|Lycanroc, L50, M|\n|poke|p2|Tyranitar, L50, F|\n|poke|p2|Indeedee-F, L50, F|\n|poke|p2|Murkrow, L50, M|\n|poke|p2|Garchomp, L50, M|\n|poke|p2|Gholdengo, L50|\n|teampreview|4\nbwahacough has agreed to open team sheets.\n|j| Thundering Morkai\n|j| dyfzzz\n|\n|t:|1724476277\n|start\n|switch|p1a: Mienshao|Mienshao, L50, F|100\/100\n|switch|p1b: Talonflame|Talonflame, L50, F|100\/100\n|switch|p2a: Tyranitar|Tyranitar, L50, F|100\/100\n|switch|p2b: Lycanroc|Lycanroc, L50, M, shiny|100\/100\n|-weather|Sandstorm|[from] ability: Sand Stream|[of] p2a: Tyranitar\n|turn|1\n|\n|t:|1724476294\n|move|p1a: Mienshao|Wide Guard|p1a: Mienshao\n|-singleturn|p1a: Mienshao|Wide Guard\n|move|p1b: Talonflame|Tailwind|p1b: Talonflame\n|-sidestart|p1: ansego|move: Tailwind\n|move|p2b: Lycanroc|Rock Slide|p1a: Mienshao|[spread] \n|-activate|p1a: Mienshao|move: Wide Guard\n|-activate|p1b: Talonflame|move: Wide Guard\n|move|p2a: Tyranitar|Knock Off|p1a: Mienshao\n|-resisted|p1a: Mienshao\n|-damage|p1a: Mienshao|53\/100\n|-enditem|p1a: Mienshao|Focus Sash|[from] move: Knock Off|[of] p2a: Tyranitar\n|\n|-weather|Sandstorm|[upkeep]\n|-damage|p1b: Talonflame|95\/100|[from] Sandstorm\n|-damage|p1a: Mienshao|47\/100|[from] Sandstorm\n|upkeep\n|turn|2\n|\n|t:|1724476302\n|switch|p2a: Indeedee|Indeedee-F, L50, F, shiny|100\/100\n|-fieldstart|move: Psychic Terrain|[from] ability: Psychic Surge|[of] p2a: Indeedee\n|move|p1b: Talonflame|Sunny Day|p1b: Talonflame\n|-weather|SunnyDay\n|move|p1a: Mienshao|Close Combat|p2a: Indeedee\n|-damage|p2a: Indeedee|45\/100\n|-unboost|p1a: Mienshao|def|1\n|-unboost|p1a: Mienshao|spd|1\n|move|p2b: Lycanroc|Rock Slide|p1a: Mienshao|[spread] p1b\n|-miss|p2b: Lycanroc|p1a: Mienshao\n|-supereffective|p1b: Talonflame\n|-damage|p1b: Talonflame|0 fnt\n|faint|p1b: Talonflame\n|\n|-weather|SunnyDay|[upkeep]\n|upkeep\n|\n|t:|1724476311\n|switch|p1b: Sylveon|Sylveon, L50, F|100\/100\n|turn|3\n|\n|t:|1724476358\n|switch|p2a: Tyranitar|Tyranitar, L50, F|100\/100\n|-weather|Sandstorm|[from] ability: Sand Stream|[of] p2a: Tyranitar\n|move|p1a: Mienshao|Close Combat|p2b: Lycanroc\n|-supereffective|p2b: Lycanroc\n|-enditem|p2b: Lycanroc|Focus Sash\n|-damage|p2b: Lycanroc|1\/100\n|-unboost|p1a: Mienshao|def|1\n|-unboost|p1a: Mienshao|spd|1\n|move|p2b: Lycanroc|Close Combat|p1a: Mienshao\n|-damage|p1a: Mienshao|0 fnt\n|-unboost|p2b: Lycanroc|def|1\n|-unboost|p2b: Lycanroc|spd|1\n|faint|p1a: Mienshao\n|move|p1b: Sylveon|Hyper Voice|p2a: Tyranitar|[spread] p2a,p2b\n|-supereffective|p2a: Tyranitar\n|-damage|p2a: Tyranitar|70\/100\n|-damage|p2b: Lycanroc|0 fnt\n|faint|p2b: Lycanroc\n|-enditem|p1b: Sylveon|Throat Spray\n|-boost|p1b: Sylveon|spa|1|[from] item: Throat Spray\n|\n|-weather|Sandstorm|[upkeep]\n|-damage|p1b: Sylveon|94\/100|[from] Sandstorm\n|upkeep\n|j| CalyrexXYZ\n|\n|t:|1724476382\n|switch|p1a: Milotic|Milotic, L50, F|100\/100\n|switch|p2b: Indeedee|Indeedee-F, L50, F, shiny|45\/100\n|turn|4\n|l| CalyrexXYZ\n|\n|t:|1724476399\n|-terastallize|p2a: Tyranitar|Grass\n|move|p2b: Indeedee|Helping Hand|p2a: Tyranitar\n|-singleturn|p2a: Tyranitar|Helping Hand|[of] p2b: Indeedee\n|move|p1a: Milotic|Muddy Water|p2a: Tyranitar|[spread] p2a,p2b\n|-resisted|p2a: Tyranitar\n|-damage|p2a: Tyranitar|61\/100\n|-damage|p2b: Indeedee|16\/100\n|-unboost|p2b: Indeedee|accuracy|1\n|move|p1b: Sylveon|Hyper Voice|p2b: Indeedee|[spread] p2a,p2b\n|-damage|p2a: Tyranitar|27\/100\n|-damage|p2b: Indeedee|0 fnt\n|faint|p2b: Indeedee\n|move|p2a: Tyranitar|Tera Blast|p1a: Milotic|[anim] Tera Blast Grass\n|-supereffective|p1a: Milotic\n|-damage|p1a: Milotic|0 fnt\n|faint|p1a: Milotic\n|\n|-weather|Sandstorm|[upkeep]\n|-damage|p1b: Sylveon|88\/100|[from] Sandstorm\n|-damage|p2a: Tyranitar|21\/100|[from] Sandstorm\n|-sideend|p1: ansego|move: Tailwind\n|upkeep\n|\n|t:|1724476402\n|switch|p2b: Gholdengo|Gholdengo, L50|100\/100\n|turn|5\n|\n|t:|1724476430\n|move|p1b: Sylveon|Protect|p1b: Sylveon\n|-singleturn|p1b: Sylveon|Protect\n|move|p2b: Gholdengo|Shadow Ball|p1b: Sylveon\n|-activate|p1b: Sylveon|move: Protect\n|move|p2a: Tyranitar|Rock Slide|p1b: Sylveon\n|-activate|p1b: Sylveon|move: Protect\n|\n|-weather|Sandstorm|[upkeep]\n|-damage|p2a: Tyranitar|15\/100|[from] Sandstorm\n|-damage|p1b: Sylveon|82\/100|[from] Sandstorm\n|upkeep\n|turn|6\n|\n|t:|1724476438\n|move|p2b: Gholdengo|Shadow Ball|p1b: Sylveon\n|-damage|p1b: Sylveon|37\/100\n|-damage|p2b: Gholdengo|90\/100|[from] item: Life Orb\n|move|p2a: Tyranitar|Rock Slide|p1b: Sylveon|[miss]\n|-miss|p2a: Tyranitar|p1b: Sylveon\n|move|p1b: Sylveon|Hyper Voice|p2b: Gholdengo|[spread] p2a,p2b\n|-resisted|p2b: Gholdengo\n|-damage|p2a: Tyranitar|0 fnt\n|-damage|p2b: Gholdengo|60\/100\n|faint|p2a: Tyranitar\n|\n|-weather|Sandstorm|[upkeep]\n|-damage|p1b: Sylveon|31\/100|[from] Sandstorm\n|-fieldend|move: Psychic Terrain\n|upkeep\n|turn|7\n|j| TheOneShobby\n|\n|t:|1724476449\n|-terastallize|p1b: Sylveon|Fire\n|move|p2b: Gholdengo|Shadow Ball|p1b: Sylveon\n|-damage|p1b: Sylveon|0 fnt\n|faint|p1b: Sylveon\n|-damage|p2b: Gholdengo|50\/100|[from] item: Life Orb\n|\n|win|bwahacough\n|raw|ansego's rating: 1711 &rarr; <strong>1693<\/strong><br \/>(-18 for losing)\n|raw|bwahacough's rating: 1741 &rarr; <strong>1759<\/strong><br \/>(+18 for winning)\n|l|\u2606bwahacough\n|player|p2|\n|l|\u2606ansego\n|player|p1|\n|l| TheOneShobby\n|l| Thundering Morkai\n","uploadtime":1724476590,"views":230,"formatid":"gen9vgc2024regh","rating":1693,"private":0,"password":null}