{"id":"gen9vgc2024regh-2187477444","format":"[Gen 9] VGC 2024 Reg H","players":["marcxhenry","BrodaxVGC"],"log":"|j|\u2606marcxhenry\n|j|\u2606BrodaxVGC\n|t:|1724597044\n|gametype|doubles\n|player|p1|marcxhenry|169|1658\n|player|p2|BrodaxVGC|265|1700\n|teamsize|p1|6\n|teamsize|p2|6\n|gen|9\n|tier|[Gen 9] VGC 2024 Reg H\n|rated|\n|rule|Species Clause: Limit one of each Pok\u00e9mon\n|rule|Item Clause: Limit 1 of each item\n|clearpoke\n|poke|p1|Tatsugiri, L50, M|\n|poke|p1|Weezing, L50, M|\n|poke|p1|Gholdengo, L50|\n|poke|p1|Slaking, L50, M|\n|poke|p1|Dondozo, L50, M|\n|poke|p1|Talonflame, L50, M|\n|poke|p2|Gholdengo, L50|\n|poke|p2|Incineroar, L50, F|\n|poke|p2|Rillaboom, L50, M|\n|poke|p2|Pelipper, L50, F|\n|poke|p2|Basculegion, L50, M|\n|poke|p2|Archaludon, L50, M|\n|teampreview|4\n|inactive|Battle timer is ON: inactive players will automatically lose when time's up. (requested by BrodaxVGC)\n|inactive|marcxhenry has 60 seconds left.\n|inactive|BrodaxVGC has 60 seconds left.\n|\n|t:|1724597103\n|start\n|switch|p1a: Weezing|Weezing, L50, M, shiny|100\/100\n|switch|p1b: Slaking|Slaking, L50, M, shiny|100\/100\n|switch|p2a: Gholdengo|Gholdengo, L50|100\/100\n|switch|p2b: Pelipper|Pelipper, L50, F|100\/100\n|-ability|p1a: Weezing|Neutralizing Gas\n|turn|1\n|\n|t:|1724597120\n|-terastallize|p1a: Weezing|Water\n|move|p1b: Slaking|Protect|p1b: Slaking\n|-singleturn|p1b: Slaking|Protect\n|move|p2a: Gholdengo|Protect|p2a: Gholdengo\n|-singleturn|p2a: Gholdengo|Protect\n|move|p2b: Pelipper|Tailwind|p2b: Pelipper\n|-sidestart|p2: BrodaxVGC|move: Tailwind\n|move|p1a: Weezing|Poison Gas|p2b: Pelipper|[spread] p2b\n|-activate|p2a: Gholdengo|move: Protect\n|-status|p2b: Pelipper|psn\n|\n|-damage|p2b: Pelipper|88\/100 psn|[from] psn\n|upkeep\n|turn|2\n|j| Rabbithorn01\n|\n|t:|1724597137\n|move|p2b: Pelipper|Hurricane|p1a: Weezing|[miss]\n|-miss|p2b: Pelipper|p1a: Weezing\n|move|p2a: Gholdengo|Nasty Plot|p2a: Gholdengo\n|-boost|p2a: Gholdengo|spa|2\n|move|p1b: Slaking|Knock Off|p2a: Gholdengo\n|-supereffective|p2a: Gholdengo\n|-damage|p2a: Gholdengo|2\/100\n|-enditem|p2a: Gholdengo|Leftovers|[from] move: Knock Off|[of] p1b: Slaking\n|-damage|p1b: Slaking|91\/100|[from] item: Life Orb\n|move|p1a: Weezing|Heat Wave|p2b: Pelipper|[spread] p2a\n|-miss|p1a: Weezing|p2b: Pelipper\n|-supereffective|p2a: Gholdengo\n|-damage|p2a: Gholdengo|0 fnt\n|faint|p2a: Gholdengo\n|\n|-damage|p2b: Pelipper|75\/100 psn|[from] psn\n|upkeep\n|\n|t:|1724597145\n|switch|p2a: Archaludon|Archaludon, L50, M|100\/100\n|turn|3\n|\n|t:|1724597168\n|move|p2b: Pelipper|Hurricane|p1a: Weezing\n|-damage|p1a: Weezing|56\/100\n|-start|p1a: Weezing|confusion\n|move|p2a: Archaludon|Draco Meteor|p1a: Weezing\n|-damage|p1a: Weezing|0 fnt\n|-unboost|p2a: Archaludon|spa|2\n|faint|p1a: Weezing\n|-end|p1a: Weezing|ability: Neutralizing Gas\n|-weather|RainDance|[from] ability: Drizzle|[of] p2b: Pelipper\n|move|p1b: Slaking|Drain Punch|p2a: Archaludon\n|-supereffective|p2a: Archaludon\n|-damage|p2a: Archaludon|32\/100\n|-heal|p1b: Slaking|100\/100|[from] drain|[of] p2a: Archaludon\n|-ability|p2a: Archaludon|Stamina|boost\n|-boost|p2a: Archaludon|def|1\n|-damage|p1b: Slaking|91\/100|[from] item: Life Orb\n|\n|-weather|RainDance|[upkeep]\n|-damage|p2b: Pelipper|63\/100 psn|[from] psn\n|upkeep\n|\n|t:|1724597186\n|switch|p1a: Bismarck|Dondozo, L50, M, shiny|100\/100\n|turn|4\n|\n|t:|1724597201\n|move|p1a: Bismarck|Protect|p1a: Bismarck\n|-singleturn|p1a: Bismarck|Protect\n|move|p2b: Pelipper|Hurricane|p1a: Bismarck\n|-activate|p1a: Bismarck|move: Protect\n|move|p2a: Archaludon|Electro Shot||[still]\n|-prepare|p2a: Archaludon|Electro Shot\n|-boost|p2a: Archaludon|spa|1\n|-anim|p2a: Archaludon|Electro Shot|p1a: Bismarck\n|-activate|p1a: Bismarck|move: Protect\n|cant|p1b: Slaking|ability: Truant\n|\n|-weather|RainDance|[upkeep]\n|-damage|p2b: Pelipper|50\/100 psn|[from] psn\n|-sideend|p2: BrodaxVGC|move: Tailwind\n|upkeep\n|turn|5\n|inactive|marcxhenry has 30 seconds left.\n|\n|t:|1724597230\n|switch|p2a: Rillaboom|Rillaboom, L50, M|100\/100\n|-fieldstart|move: Grassy Terrain|[from] ability: Grassy Surge|[of] p2a: Rillaboom\n|move|p1b: Slaking|Double-Edge|p2b: Pelipper\n|-damage|p2b: Pelipper|0 fnt\n|faint|p2b: Pelipper\n|-damage|p1b: Slaking|82\/100|[from] Recoil\n|-damage|p1b: Slaking|72\/100|[from] item: Life Orb\n|move|p1a: Bismarck|Earthquake|p2a: Rillaboom|[spread] p1b,p2a\n|-resisted|p2a: Rillaboom\n|-damage|p1b: Slaking|63\/100\n|-damage|p2a: Rillaboom|95\/100\n|\n|-weather|RainDance|[upkeep]\n|-heal|p1b: Slaking|69\/100|[from] Grassy Terrain\n|-heal|p2a: Rillaboom|100\/100|[from] Grassy Terrain\n|upkeep\n|\n|t:|1724597238\n|switch|p2b: Archaludon|Archaludon, L50, M|32\/100\n|turn|6\n|j| firewolf12345\n|-message|BrodaxVGC forfeited.\n|\n|win|marcxhenry\n|raw|marcxhenry's rating: 1658 &rarr; <strong>1680<\/strong><br \/>(+22 for winning)\n|raw|BrodaxVGC's rating: 1700 &rarr; <strong>1678<\/strong><br \/>(-22 for losing)\n|l|\u2606BrodaxVGC\n|player|p2|\n|l|\u2606marcxhenry\n|player|p1|\n|l| firewolf12345\n","uploadtime":1724597286,"views":47,"formatid":"gen9vgc2024regh","rating":1678,"private":0,"password":null}