{"id":"gen9vgc2024regh-2187480153","format":"[Gen 9] VGC 2024 Reg H","players":["BrodaxVGC","MomeriA12"],"log":"|j|\u2606BrodaxVGC\n|j|\u2606MomeriA12\n|t:|1724597356\n|gametype|doubles\n|player|p1|BrodaxVGC|265|1695\n|player|p2|MomeriA12|170|1677\n|teamsize|p1|6\n|teamsize|p2|6\n|gen|9\n|tier|[Gen 9] VGC 2024 Reg H\n|rated|\n|rule|Species Clause: Limit one of each Pok\u00e9mon\n|rule|Item Clause: Limit 1 of each item\n|clearpoke\n|poke|p1|Gholdengo, L50|\n|poke|p1|Incineroar, L50, M|\n|poke|p1|Rillaboom, L50, F|\n|poke|p1|Pelipper, L50, F|\n|poke|p1|Basculegion, L50, M|\n|poke|p1|Archaludon, L50, M|\n|poke|p2|Staraptor, L50, F|\n|poke|p2|Hydreigon, L50, F|\n|poke|p2|Lilligant-Hisui, L50, F|\n|poke|p2|Torkoal, L50, M|\n|poke|p2|Ursaluna, L50, M|\n|poke|p2|Farigiraf, L50, M|\n|teampreview|4\n|inactive|Battle timer is ON: inactive players will automatically lose when time's up. (requested by BrodaxVGC)\n|j| xibixibi\n|inactive|MomeriA12 has 60 seconds left.\n|\n|t:|1724597416\n|start\n|switch|p1a: Basculegion|Basculegion, L50, M|100\/100\n|switch|p1b: Incineroar|Incineroar, L50, M|100\/100\n|switch|p2a: Hydreigon|Hydreigon, L50, F|100\/100\n|switch|p2b: Farigiraf|Farigiraf, L50, M|100\/100\n|-ability|p1b: Incineroar|Intimidate|boost\n|-unboost|p2a: Hydreigon|atk|1\n|-unboost|p2b: Farigiraf|atk|1\n|turn|1\n|inactive|BrodaxVGC has 30 seconds left.\n|inactive|MomeriA12 has 30 seconds left.\n|\n|t:|1724597456\n|-terastallize|p1a: Basculegion|Water\n|move|p2b: Farigiraf|Protect|p2b: Farigiraf\n|-singleturn|p2b: Farigiraf|Protect\n|move|p2a: Hydreigon|Dark Pulse|p1a: Basculegion\n|-damage|p1a: Basculegion|53\/100\n|move|p1a: Basculegion|Flip Turn|p2b: Farigiraf\n|-activate|p2b: Farigiraf|move: Protect\n|move|p1b: Incineroar|Flare Blitz|p2b: Farigiraf\n|-activate|p2b: Farigiraf|move: Protect\n|\n|upkeep\n|turn|2\n|inactive|MomeriA12 has 30 seconds left.\n|inactive|MomeriA12 has 20 seconds left.\n|inactive|MomeriA12 has 15 seconds left.\n|\n|t:|1724597500\n|move|p2a: Hydreigon|Draco Meteor|p1b: Incineroar\n|-damage|p1b: Incineroar|39\/100\n|-unboost|p2a: Hydreigon|spa|2\n|-enditem|p1b: Incineroar|Sitrus Berry|[eat]\n|-heal|p1b: Incineroar|64\/100|[from] item: Sitrus Berry\n|move|p1a: Basculegion|Flip Turn|p2b: Farigiraf\n|-damage|p2b: Farigiraf|41\/100\n|-enditem|p2b: Farigiraf|Sitrus Berry|[eat]\n|-heal|p2b: Farigiraf|66\/100|[from] item: Sitrus Berry\n|\n|t:|1724597511\n|switch|p1a: Archaludon|Archaludon, L50, M|100\/100|[from] Flip Turn\n|move|p2b: Farigiraf|Psychic Noise|p1a: Archaludon\n|-resisted|p1a: Archaludon\n|-damage|p1a: Archaludon|89\/100\n|-start|p1a: Archaludon|move: Heal Block\n|-ability|p1a: Archaludon|Stamina|boost\n|-boost|p1a: Archaludon|def|1\n|move|p1b: Incineroar|Flare Blitz|p2b: Farigiraf\n|-damage|p2b: Farigiraf|9\/100\n|-damage|p1b: Incineroar|43\/100|[from] Recoil\n|\n|upkeep\n|turn|3\n|inactive|BrodaxVGC has 30 seconds left.\n|\n|t:|1724597538\n|switch|p2b: Ursaluna|Ursaluna, L50, M|100\/100\n|move|p2a: Hydreigon|Snarl|p1a: Archaludon|[spread] p1a,p1b\n|-crit|p1a: Archaludon\n|-resisted|p1b: Incineroar\n|-damage|p1a: Archaludon|62\/100\n|-damage|p1b: Incineroar|39\/100\n|-unboost|p1a: Archaludon|spa|1\n|-unboost|p1b: Incineroar|spa|1\n|-ability|p1a: Archaludon|Stamina|boost\n|-boost|p1a: Archaludon|def|1\n|move|p1a: Archaludon|Snarl|p2b: Ursaluna|[spread] p2a,p2b\n|-resisted|p2a: Hydreigon\n|-damage|p2a: Hydreigon|97\/100\n|-damage|p2b: Ursaluna|92\/100\n|-unboost|p2a: Hydreigon|spa|1\n|-unboost|p2b: Ursaluna|spa|1\n|move|p1b: Incineroar|Parting Shot|p2a: Hydreigon\n|-unboost|p2a: Hydreigon|atk|1\n|-unboost|p2a: Hydreigon|spa|1\n|\n|t:|1724597561\n|switch|p1b: Pelipper|Pelipper, L50, F|100\/100|[from] Parting Shot\n|-weather|RainDance|[from] ability: Drizzle|[of] p1b: Pelipper\n|\n|-weather|RainDance|[upkeep]\n|-end|p1a: Archaludon|move: Heal Block\n|-status|p2b: Ursaluna|brn|[from] item: Flame Orb\n|upkeep\n|turn|4\n|inactive|BrodaxVGC has 30 seconds left.\n|\n|t:|1724597589\n|switch|p2a: Torkoal|Torkoal, L50, M|100\/100\n|-weather|SunnyDay|[from] ability: Drought|[of] p2a: Torkoal\n|switch|p1b: Basculegion|Basculegion, L50, M, tera:Water|53\/100\n|-terastallize|p2b: Ursaluna|Ghost\n|move|p1a: Archaludon|Body Press|p2b: Ursaluna\n|-immune|p2b: Ursaluna\n|move|p2b: Ursaluna|Facade|p1b: Basculegion\n|-crit|p1b: Basculegion\n|-damage|p1b: Basculegion|0 fnt\n|faint|p1b: Basculegion\n|\n|-weather|SunnyDay|[upkeep]\n|-damage|p2b: Ursaluna|86\/100 brn|[from] brn\n|upkeep\n|\n|t:|1724597600\n|switch|p1b: Incineroar|Incineroar, L50, M|39\/100\n|-ability|p1b: Incineroar|Intimidate|boost\n|-unboost|p2a: Torkoal|atk|1\n|-unboost|p2b: Ursaluna|atk|1\n|turn|5\n|inactive|BrodaxVGC has 30 seconds left.\n|inactive|MomeriA12 has 30 seconds left.\n|\n|t:|1724597634\n|switch|p1b: Pelipper|Pelipper, L50, F|100\/100\n|-weather|RainDance|[from] ability: Drizzle|[of] p1b: Pelipper\n|switch|p2a: Farigiraf|Farigiraf, L50, M|9\/100\n|move|p2b: Ursaluna|Protect|p2b: Ursaluna\n|-singleturn|p2b: Ursaluna|Protect\n|move|p1a: Archaludon|Electro Shot||[still]\n|-prepare|p1a: Archaludon|Electro Shot\n|-boost|p1a: Archaludon|spa|1\n|-anim|p1a: Archaludon|Electro Shot|p2a: Farigiraf\n|-damage|p2a: Farigiraf|0 fnt\n|faint|p2a: Farigiraf\n|\n|-weather|RainDance|[upkeep]\n|-damage|p2b: Ursaluna|80\/100 brn|[from] brn\n|upkeep\n|\n|t:|1724597649\n|switch|p2a: Hydreigon|Hydreigon, L50, F|97\/100\n|turn|6\n|\n|t:|1724597667\n|switch|p1b: Incineroar|Incineroar, L50, M|39\/100\n|-ability|p1b: Incineroar|Intimidate|boost\n|-unboost|p2a: Hydreigon|atk|1\n|-unboost|p2b: Ursaluna|atk|1\n|switch|p2b: Torkoal|Torkoal, L50, M|100\/100\n|-weather|SunnyDay|[from] ability: Drought|[of] p2b: Torkoal\n|move|p2a: Hydreigon|Draco Meteor|p1a: Archaludon\n|-damage|p1a: Archaludon|10\/100\n|-unboost|p2a: Hydreigon|spa|2\n|-ability|p1a: Archaludon|Stamina|boost\n|-boost|p1a: Archaludon|def|1\n|move|p1a: Archaludon|Draco Meteor|p2b: Torkoal\n|-damage|p2b: Torkoal|16\/100\n|-unboost|p1a: Archaludon|spa|2\n|\n|-weather|SunnyDay|[upkeep]\n|upkeep\n|turn|7\n|j| tjoahy\n|inactive|BrodaxVGC has 30 seconds left.\n|j| firewolf12345\n|inactive|BrodaxVGC has 20 seconds left.\n|\n|t:|1724597706\n|switch|p2a: Ursaluna|Ursaluna, L50, M, tera:Ghost|80\/100 brn\n|move|p1b: Incineroar|Fake Out|p2a: Ursaluna\n|-immune|p2a: Ursaluna\n|move|p1a: Archaludon|Body Press|p2a: Ursaluna\n|-immune|p2a: Ursaluna\n|move|p2b: Torkoal|Flamethrower|p1a: Archaludon\n|-crit|p1a: Archaludon\n|-damage|p1a: Archaludon|0 fnt\n|faint|p1a: Archaludon\n|\n|-weather|SunnyDay|[upkeep]\n|-damage|p2a: Ursaluna|74\/100 brn|[from] brn\n|upkeep\n|\n|t:|1724597709\n|switch|p1a: Pelipper|Pelipper, L50, F|100\/100\n|-weather|RainDance|[from] ability: Drizzle|[of] p1a: Pelipper\n|turn|8\n|\n|t:|1724597727\n|switch|p2b: Hydreigon|Hydreigon, L50, F|97\/100\n|move|p1a: Pelipper|Tailwind|p1a: Pelipper\n|-sidestart|p1: BrodaxVGC|move: Tailwind\n|move|p1b: Incineroar|Knock Off|p2a: Ursaluna\n|-supereffective|p2a: Ursaluna\n|-damage|p2a: Ursaluna|8\/100 brn\n|-enditem|p2a: Ursaluna|Flame Orb|[from] move: Knock Off|[of] p1b: Incineroar\n|move|p2a: Ursaluna|Facade|p1b: Incineroar\n|-damage|p1b: Incineroar|0 fnt\n|faint|p1b: Incineroar\n|\n|-weather|RainDance|[upkeep]\n|-damage|p2a: Ursaluna|2\/100 brn|[from] brn\n|upkeep\n|turn|9\n|\n|t:|1724597748\n|switch|p2b: Torkoal|Torkoal, L50, M|16\/100\n|-weather|SunnyDay|[from] ability: Drought|[of] p2b: Torkoal\n|move|p1a: Pelipper|Hurricane|p2b: Torkoal\n|-damage|p2b: Torkoal|0 fnt\n|faint|p2b: Torkoal\n|move|p2a: Ursaluna|Facade|p1a: Pelipper\n|-enditem|p1a: Pelipper|Focus Sash\n|-damage|p1a: Pelipper|1\/100\n|\n|-weather|SunnyDay|[upkeep]\n|-damage|p2a: Ursaluna|0 fnt|[from] brn\n|faint|p2a: Ursaluna\n|upkeep\n|\n|t:|1724597761\n|switch|p2b: Hydreigon|Hydreigon, L50, F|97\/100\n|turn|10\n|\n|t:|1724597767\n|move|p1a: Pelipper|Hurricane|p2b: Hydreigon|[miss]\n|-miss|p1a: Pelipper|p2b: Hydreigon\n|move|p2b: Hydreigon|Dark Pulse|p1a: Pelipper\n|-damage|p1a: Pelipper|0 fnt\n|faint|p1a: Pelipper\n|\n|win|MomeriA12\n|raw|BrodaxVGC's rating: 1695 &rarr; <strong>1674<\/strong><br \/>(-21 for losing)\n|raw|MomeriA12's rating: 1677 &rarr; <strong>1698<\/strong><br \/>(+21 for winning)\n|l|\u2606BrodaxVGC\n|player|p1|\n|l| firewolf12345\n|l|\u2606MomeriA12\n|player|p2|\n|l| tjoahy\n","uploadtime":1724597978,"views":66,"formatid":"gen9vgc2024regh","rating":1674,"private":0,"password":null}