{"id":"gen9vgc2024regh-2187591788","format":"[Gen 9] VGC 2024 Reg H","players":["CarryTheBoats","hypnosis therapy"],"log":"|j|\u2606CarryTheBoats\n|j|\u2606hypnosis therapy\n|t:|1724609239\n|gametype|doubles\n|player|p1|CarryTheBoats|crasherwake|1722\n|player|p2|hypnosis therapy|lady|1717\n|teamsize|p1|6\n|teamsize|p2|6\n|gen|9\n|tier|[Gen 9] VGC 2024 Reg H\n|rated|\n|rule|Species Clause: Limit one of each Pok\u00e9mon\n|rule|Item Clause: Limit 1 of each item\n|clearpoke\n|poke|p1|Kingambit, L50, F|\n|poke|p1|Rillaboom, L50, M|\n|poke|p1|Clefable, L50, F|\n|poke|p1|Dragapult, L50, M|\n|poke|p1|Volcarona, L50, M|\n|poke|p1|Tauros-Paldea-Aqua, L50, M|\n|poke|p2|Dragonite, L50, M|\n|poke|p2|Dragapult, L50, M|\n|poke|p2|Archaludon, L50, F|\n|poke|p2|Pelipper, L50, M|\n|poke|p2|Overqwil, L50, M|\n|poke|p2|Primarina, L50, F|\n|teampreview|4\n|inactive|Battle timer is ON: inactive players will automatically lose when time's up. (requested by hypnosis therapy)\n|\n|t:|1724609264\n|start\n|switch|p1a: Kingambit|Kingambit, L50, F, shiny|100\/100\n|switch|p1b: Dragapult|Dragapult, L50, M|100\/100\n|switch|p2a: Overqwil|Overqwil, L50, M|100\/100\n|switch|p2b: Dragapult|Dragapult, L50, M|100\/100\n|turn|1\n|\n|t:|1724609280\n|switch|p1b: Clefable|Clefable, L50, F, shiny|100\/100\n|-terastallize|p2b: Dragapult|Dragon\n|move|p2b: Dragapult|Fire Blast|p1a: Kingambit\n|-supereffective|p1a: Kingambit\n|-damage|p1a: Kingambit|16\/100\n|move|p2a: Overqwil|Gunk Shot|p1b: Clefable|[miss]\n|-miss|p2a: Overqwil|p1b: Clefable\n|move|p1a: Kingambit|Swords Dance|p1a: Kingambit\n|-boost|p1a: Kingambit|atk|2\n|\n|upkeep\n|turn|2\n|j| Polka Homie\n|inactive|CarryTheBoats has 30 seconds left.\n|\n|t:|1724609311\n|switch|p2b: Pelipper|Pelipper, L50, M|100\/100\n|-weather|RainDance|[from] ability: Drizzle|[of] p2b: Pelipper\n|-terastallize|p1b: Clefable|Water\n|move|p1b: Clefable|Follow Me|p1b: Clefable\n|-singleturn|p1b: Clefable|move: Follow Me\n|move|p2a: Overqwil|Liquidation|p1b: Clefable\n|-resisted|p1b: Clefable\n|-damage|p1b: Clefable|77\/100\n|-damage|p2a: Overqwil|91\/100|[from] item: Life Orb\n|move|p1a: Kingambit|Kowtow Cleave|p2a: Overqwil\n|-resisted|p2a: Overqwil\n|-damage|p2a: Overqwil|23\/100\n|\n|-weather|RainDance|[upkeep]\n|upkeep\n|turn|3\n|\n|t:|1724609330\n|switch|p2a: Dragonite|Dragonite, L50, M|100\/100\n|move|p1a: Kingambit|Protect|p1a: Kingambit\n|-singleturn|p1a: Kingambit|Protect\n|move|p2b: Pelipper|Hurricane|p1a: Kingambit\n|-activate|p1a: Kingambit|move: Protect\n|move|p1b: Clefable|Moonblast|p2b: Pelipper\n|-damage|p2b: Pelipper|42\/100\n|\n|-weather|RainDance|[upkeep]\n|upkeep\n|turn|4\n|l| Polka Homie\n|j| Polka Homie\n|\n|t:|1724609342\n|move|p1b: Clefable|Follow Me|p1b: Clefable\n|-singleturn|p1b: Clefable|move: Follow Me\n|move|p2a: Dragonite|Outrage|p1b: Clefable\n|-damage|p1b: Clefable|0 fnt\n|faint|p1b: Clefable\n|move|p2b: Pelipper|Hurricane|p1a: Kingambit\n|-resisted|p1a: Kingambit\n|-damage|p1a: Kingambit|0 fnt\n|faint|p1a: Kingambit\n|\n|-weather|RainDance|[upkeep]\n|upkeep\n|\n|t:|1724609350\n|switch|p1b: Dragapult|Dragapult, L50, M|100\/100\n|switch|p1a: Rillaboom|Rillaboom, L50, M, shiny|100\/100\n|-fieldstart|move: Grassy Terrain|[from] ability: Grassy Surge|[of] p1a: Rillaboom\n|turn|5\n|\n|t:|1724609354\n|move|p1b: Dragapult|Draco Meteor|p2a: Dragonite\n|-supereffective|p2a: Dragonite\n|-damage|p2a: Dragonite|0 fnt\n|-unboost|p1b: Dragapult|spa|2\n|faint|p2a: Dragonite\n|move|p2b: Pelipper|Tailwind|p2b: Pelipper\n|-sidestart|p2: hypnosis therapy|move: Tailwind\n|move|p1a: Rillaboom|Wood Hammer|p2b: Pelipper\n|-damage|p2b: Pelipper|0 fnt\n|faint|p2b: Pelipper\n|-damage|p1a: Rillaboom|92\/100|[from] Recoil\n|\n|-weather|RainDance|[upkeep]\n|-heal|p1a: Rillaboom|98\/100|[from] Grassy Terrain\n|upkeep\n|\n|t:|1724609357\n|switch|p2a: Dragapult|Dragapult, L50, M, tera:Dragon|100\/100\n|switch|p2b: Overqwil|Overqwil, L50, M|23\/100\n|turn|6\n|\n|t:|1724609365\n|move|p1a: Rillaboom|Grassy Glide|p2b: Overqwil\n|-resisted|p2b: Overqwil\n|-damage|p2b: Overqwil|2\/100\n|move|p2b: Overqwil|Gunk Shot|p1a: Rillaboom\n|-supereffective|p1a: Rillaboom\n|-damage|p1a: Rillaboom|0 fnt\n|faint|p1a: Rillaboom\n|-damage|p2b: Overqwil|0 fnt|[from] item: Life Orb\n|faint|p2b: Overqwil\n|move|p2a: Dragapult|Shadow Ball|p1b: Dragapult\n|-supereffective|p1b: Dragapult\n|-damage|p1b: Dragapult|0 fnt\n|faint|p1b: Dragapult\n|\n|win|hypnosis therapy\n|raw|CarryTheBoats's rating: 1722 &rarr; <strong>1702<\/strong><br \/>(-20 for losing)\n|raw|hypnosis therapy's rating: 1717 &rarr; <strong>1737<\/strong><br \/>(+20 for winning)\n|l|\u2606hypnosis therapy\n|player|p2|\n|l|\u2606CarryTheBoats\n|player|p1|\n|l| Polka Homie\n","uploadtime":1724609535,"views":148,"formatid":"gen9vgc2024regh","rating":1702,"private":0,"password":null}