{"id":"gen9vgc2024regh-2187484667","format":"[Gen 9] VGC 2024 Reg H","players":["MomeriA12","marcxhenry"],"log":"|j|\u2606MomeriA12\n|j|\u2606marcxhenry\n|t:|1724597868\n|gametype|doubles\n|player|p1|MomeriA12|170|1698\n|player|p2|marcxhenry|169|1667\n|teamsize|p1|6\n|teamsize|p2|6\n|gen|9\n|tier|[Gen 9] VGC 2024 Reg H\n|rated|\n|rule|Species Clause: Limit one of each Pok\u00e9mon\n|rule|Item Clause: Limit 1 of each item\n|clearpoke\n|poke|p1|Staraptor, L50, F|\n|poke|p1|Hydreigon, L50, F|\n|poke|p1|Lilligant-Hisui, L50, F|\n|poke|p1|Torkoal, L50, M|\n|poke|p1|Ursaluna, L50, F|\n|poke|p1|Farigiraf, L50, F|\n|poke|p2|Tatsugiri, L50, M|\n|poke|p2|Weezing, L50, M|\n|poke|p2|Gholdengo, L50|\n|poke|p2|Slaking, L50, M|\n|poke|p2|Dondozo, L50, M|\n|poke|p2|Talonflame, L50, M|\n|teampreview|4\n|\n|t:|1724597898\n|start\n|switch|p1a: Staraptor|Staraptor, L50, F, shiny|100\/100\n|switch|p1b: Farigiraf|Farigiraf, L50, F|100\/100\n|switch|p2a: Weezing|Weezing, L50, M, shiny|100\/100\n|switch|p2b: Slaking|Slaking, L50, M, shiny|100\/100\n|-ability|p2a: Weezing|Neutralizing Gas\n|turn|1\n|\n|t:|1724597913\n|-terastallize|p2b: Slaking|Ghost\n|-terastallize|p1b: Farigiraf|Fairy\n|move|p2a: Weezing|Protect|p2a: Weezing\n|-singleturn|p2a: Weezing|Protect\n|move|p1a: Staraptor|Final Gambit|p2a: Weezing\n|-activate|p2a: Weezing|move: Protect\n|move|p2b: Slaking|Knock Off|p1b: Farigiraf\n|-resisted|p1b: Farigiraf\n|-damage|p1b: Farigiraf|74\/100\n|-enditem|p1b: Farigiraf|Sitrus Berry|[from] move: Knock Off|[of] p2b: Slaking\n|-damage|p2b: Slaking|91\/100|[from] item: Life Orb\n|move|p1b: Farigiraf|Trick Room|p1b: Farigiraf\n|-fieldstart|move: Trick Room|[of] p1b: Farigiraf\n|\n|upkeep\n|turn|2\n|j| tjoahy\n|\n|t:|1724597962\n|move|p2a: Weezing|Poison Gas|p1a: Staraptor|[spread] p1a,p1b\n|-status|p1a: Staraptor|psn\n|-status|p1b: Farigiraf|psn\n|move|p1b: Farigiraf|Psychic Noise|p2a: Weezing\n|-supereffective|p2a: Weezing\n|-damage|p2a: Weezing|48\/100\n|-start|p2a: Weezing|move: Heal Block\n|move|p2b: Slaking|Double-Edge|p1a: Staraptor\n|-damage|p1a: Staraptor|0 fnt\n|faint|p1a: Staraptor\n|-damage|p2b: Slaking|65\/100|[from] Recoil\n|-damage|p2b: Slaking|55\/100|[from] item: Life Orb\n|\n|-damage|p1b: Farigiraf|61\/100 psn|[from] psn\n|upkeep\n|\n|t:|1724597976\n|switch|p1a: Torkoal|Torkoal, L50, M|100\/100\n|turn|3\n|\n|t:|1724597986\n|move|p2a: Weezing|Protect|p2a: Weezing\n|-singleturn|p2a: Weezing|Protect\n|move|p2b: Slaking|Protect|p2b: Slaking\n|-singleturn|p2b: Slaking|Protect\n|move|p1a: Torkoal|Eruption|p2b: Slaking|[spread] \n|-activate|p2a: Weezing|move: Protect\n|-activate|p2b: Slaking|move: Protect\n|move|p1b: Farigiraf|Psychic Noise|p2b: Slaking\n|-activate|p2b: Slaking|move: Protect\n|\n|-damage|p1b: Farigiraf|49\/100 psn|[from] psn\n|-end|p2a: Weezing|move: Heal Block\n|upkeep\n|-enditem|p2a: Weezing|Sitrus Berry|[eat]\n|-heal|p2a: Weezing|73\/100|[from] item: Sitrus Berry\n|turn|4\n|j| Rabbithorn01\n|\n|t:|1724598011\n|-end|p2a: Weezing|ability: Neutralizing Gas\n|-weather|SunnyDay|[from] ability: Drought|[of] p1a: Torkoal\n|switch|p2a: Tatsu the II|Tatsugiri, L50, M|100\/100\n|switch|p1b: Ursaluna|Ursaluna, L50, F|100\/100\n|switch|p2b: Bismarck|Dondozo, L50, M, shiny|100\/100\n|-activate|p2a: Tatsu the II|ability: Commander|[of] p2b: Bismarck\n|-boost|p2b: Bismarck|atk|2\n|-boost|p2b: Bismarck|spa|2\n|-boost|p2b: Bismarck|spe|2\n|-boost|p2b: Bismarck|def|2\n|-boost|p2b: Bismarck|spd|2\n|move|p1a: Torkoal|Eruption|p2a: Tatsu the II|[spread] p2b\n|-miss|p1a: Torkoal|p2a: Tatsu the II\n|-resisted|p2b: Bismarck\n|-damage|p2b: Bismarck|81\/100\n|\n|-weather|SunnyDay|[upkeep]\n|-heal|p2b: Bismarck|88\/100|[from] item: Leftovers\n|-status|p1b: Ursaluna|brn|[from] item: Flame Orb\n|upkeep\n|turn|5\n|\n|t:|1724598032\n|move|p2b: Bismarck|Protect|p2b: Bismarck\n|-singleturn|p2b: Bismarck|Protect\n|move|p1a: Torkoal|Eruption|p2a: Tatsu the II|[spread] \n|-miss|p1a: Torkoal|p2a: Tatsu the II\n|-activate|p2b: Bismarck|move: Protect\n|move|p1b: Ursaluna|Facade|p2b: Bismarck\n|-activate|p2b: Bismarck|move: Protect\n|\n|-weather|SunnyDay|[upkeep]\n|-heal|p2b: Bismarck|94\/100|[from] item: Leftovers\n|-damage|p1b: Ursaluna|95\/100 brn|[from] brn\n|-fieldend|move: Trick Room\n|upkeep\n|turn|6\n|\n|t:|1724598046\n|move|p1b: Ursaluna|Protect|p1b: Ursaluna\n|-singleturn|p1b: Ursaluna|Protect\n|move|p2b: Bismarck|Earthquake|p1a: Torkoal|[spread] p1a\n|-miss|p2b: Bismarck|p2a: Tatsu the II\n|-activate|p1b: Ursaluna|move: Protect\n|-supereffective|p1a: Torkoal\n|-damage|p1a: Torkoal|39\/100\n|move|p1a: Torkoal|Clear Smog|p2b: Bismarck\n|-damage|p2b: Bismarck|88\/100\n|-clearboost|p2b: Bismarck\n|\n|-weather|SunnyDay|[upkeep]\n|-heal|p2b: Bismarck|94\/100|[from] item: Leftovers\n|-damage|p1b: Ursaluna|89\/100 brn|[from] brn\n|upkeep\n|turn|7\n|\n|t:|1724598069\n|move|p2b: Bismarck|Wave Crash|p1b: Ursaluna\n|-supereffective|p1b: Ursaluna\n|-damage|p1b: Ursaluna|50\/100 brn\n|-damage|p2b: Bismarck|81\/100|[from] Recoil\n|move|p1b: Ursaluna|Facade|p2b: Bismarck\n|-damage|p2b: Bismarck|0 fnt\n|faint|p2b: Bismarck\n|move|p1a: Torkoal|Flamethrower|p2a: Tatsu the II\n|-resisted|p2a: Tatsu the II\n|-damage|p2a: Tatsu the II|80\/100\n|-status|p2a: Tatsu the II|brn\n|\n|-weather|SunnyDay|[upkeep]\n|-damage|p2a: Tatsu the II|74\/100 brn|[from] brn\n|-damage|p1b: Ursaluna|44\/100 brn|[from] brn\n|upkeep\n|\n|t:|1724598087\n|switch|p2b: Slaking|Slaking, L50, M, shiny, tera:Ghost|55\/100\n|turn|8\n|\n|t:|1724598111\n|switch|p1a: Farigiraf|Farigiraf, L50, F, tera:Fairy|49\/100 psn\n|move|p1b: Ursaluna|Protect|p1b: Ursaluna\n|-singleturn|p1b: Ursaluna|Protect\n|move|p2a: Tatsu the II|Draco Meteor|p1a: Farigiraf\n|-immune|p1a: Farigiraf\n|move|p2b: Slaking|Drain Punch|p1b: Ursaluna\n|-activate|p1b: Ursaluna|move: Protect\n|\n|-weather|none\n|-damage|p1a: Farigiraf|36\/100 psn|[from] psn\n|-damage|p2a: Tatsu the II|68\/100 brn|[from] brn\n|-damage|p1b: Ursaluna|38\/100 brn|[from] brn\n|upkeep\n|turn|9\n|\n|t:|1724598152\n|switch|p2a: Weezing|Weezing, L50, M, shiny|73\/100\n|-ability|p2a: Weezing|Neutralizing Gas\n|move|p1b: Ursaluna|Protect|p1b: Ursaluna\n|-singleturn|p1b: Ursaluna|Protect\n|move|p2b: Slaking|Double-Edge|p1a: Farigiraf\n|-damage|p1a: Farigiraf|0 fnt\n|faint|p1a: Farigiraf\n|-damage|p2b: Slaking|44\/100|[from] Recoil\n|-damage|p2b: Slaking|34\/100|[from] item: Life Orb\n|\n|-damage|p1b: Ursaluna|32\/100 brn|[from] brn\n|upkeep\n|\n|t:|1724598164\n|switch|p1a: Torkoal|Torkoal, L50, M|39\/100\n|turn|10\n|\n|t:|1724598178\n|move|p2b: Slaking|Drain Punch|p1b: Ursaluna\n|-supereffective|p1b: Ursaluna\n|-damage|p1b: Ursaluna|0 fnt\n|-heal|p2b: Slaking|50\/100|[from] drain|[of] p1b: Ursaluna\n|faint|p1b: Ursaluna\n|-damage|p2b: Slaking|41\/100|[from] item: Life Orb\n|move|p2a: Weezing|Poison Gas|p1a: Torkoal\n|-status|p1a: Torkoal|psn\n|move|p1a: Torkoal|Flamethrower|p2b: Slaking\n|-damage|p2b: Slaking|3\/100\n|\n|-damage|p1a: Torkoal|27\/100 psn|[from] psn\n|upkeep\n|turn|11\n|-message|MomeriA12 forfeited.\n|\n|win|marcxhenry\n|raw|MomeriA12's rating: 1698 &rarr; <strong>1676<\/strong><br \/>(-22 for losing)\n|raw|marcxhenry's rating: 1667 &rarr; <strong>1689<\/strong><br \/>(+22 for winning)\n|l|\u2606MomeriA12\n|player|p1|\n|l|\u2606marcxhenry\n|player|p2|\n|l| tjoahy\n","uploadtime":1724598195,"views":57,"formatid":"gen9vgc2024regh","rating":1676,"private":0,"password":null}