{"id":"gen9vgc2024regh-2187808457","format":"[Gen 9] VGC 2024 Reg H","players":["JerseyBoolin","YxngDaws"],"log":"|j|\u2606JerseyBoolin\n|j|\u2606YxngDaws\n|t:|1724632851\n|gametype|doubles\n|player|p1|JerseyBoolin|170|1767\n|player|p2|YxngDaws|169|1689\n|teamsize|p1|6\n|teamsize|p2|6\n|gen|9\n|tier|[Gen 9] VGC 2024 Reg H\n|rated|\n|rule|Species Clause: Limit one of each Pok\u00e9mon\n|rule|Item Clause: Limit 1 of each item\n|clearpoke\n|poke|p1|Porygon2, L50|\n|poke|p1|Gholdengo, L50|\n|poke|p1|Ursaluna, L50, M|\n|poke|p1|Incineroar, L50, M|\n|poke|p1|Amoonguss, L50, F|\n|poke|p1|Zoroark-Hisui, L50, F|\n|poke|p2|Gholdengo, L50|\n|poke|p2|Rillaboom, L50, M|\n|poke|p2|Tatsugiri, L50, F|\n|poke|p2|Dondozo, L50, F|\n|poke|p2|Pelipper, L50, F|\n|poke|p2|Archaludon, L50, F|\n|teampreview|4\n|\n|t:|1724632898\n|start\n|switch|p1a: Incineroar|Incineroar, L50, M|100\/100\n|switch|p1b: Amoonguss|Amoonguss, L50, F|100\/100\n|switch|p2a: Rillaboom|Rillaboom, L50, M|100\/100\n|switch|p2b: Pelipper|Pelipper, L50, F|100\/100\n|-fieldstart|move: Grassy Terrain|[from] ability: Grassy Surge|[of] p2a: Rillaboom\n|-weather|RainDance|[from] ability: Drizzle|[of] p2b: Pelipper\n|-ability|p1a: Incineroar|Intimidate|boost\n|-unboost|p2a: Rillaboom|atk|1\n|-unboost|p2b: Pelipper|atk|1\n|turn|1\n|inactive|Battle timer is ON: inactive players will automatically lose when time's up. (requested by YxngDaws)\n|\n|t:|1724632921\n|move|p1b: Amoonguss|Protect|p1b: Amoonguss\n|-singleturn|p1b: Amoonguss|Protect\n|move|p2a: Rillaboom|Fake Out|p1a: Incineroar\n|-damage|p1a: Incineroar|92\/100\n|cant|p1a: Incineroar|flinch\n|move|p2b: Pelipper|Weather Ball|p1a: Incineroar\n|-supereffective|p1a: Incineroar\n|-damage|p1a: Incineroar|11\/100\n|-enditem|p1a: Incineroar|Sitrus Berry|[eat]\n|-heal|p1a: Incineroar|36\/100|[from] item: Sitrus Berry\n|\n|-weather|RainDance|[upkeep]\n|-heal|p1a: Incineroar|42\/100|[from] Grassy Terrain\n|upkeep\n|turn|2\n|inactive|JerseyBoolin has 30 seconds left.\n|inactive|YxngDaws has 30 seconds left.\n|\n|t:|1724632953\n|-terastallize|p1b: Amoonguss|Stellar\n|-terastallize|p2b: Pelipper|Grass\n|move|p1b: Amoonguss|Hyper Voice|p2b: Pelipper|[spread] p2a,p2b\n|-damage|p2a: Rillaboom|51\/100\n|-damage|p2b: Pelipper|42\/100\n|move|p2a: Rillaboom|U-turn|p1a: Incineroar\n|-damage|p1a: Incineroar|28\/100\n|\n|t:|1724632961\n|switch|p2a: Archaludon|Archaludon, L50, F|100\/100|[from] U-turn\n|move|p2b: Pelipper|Tailwind|p2b: Pelipper\n|-sidestart|p2: YxngDaws|move: Tailwind\n|move|p1a: Incineroar|Parting Shot|p2b: Pelipper\n|-unboost|p2b: Pelipper|atk|1\n|-unboost|p2b: Pelipper|spa|1\n|\n|t:|1724632969\n|switch|p1a: Amoonguss|Amoonguss, L50, F|100\/100|[from] Parting Shot\n|\n|-weather|RainDance|[upkeep]\n|-heal|p2b: Pelipper|48\/100|[from] Grassy Terrain\n|upkeep\n|turn|3\n|inactive|YxngDaws has 30 seconds left.\n|j| Rabbithorn01\n|\n|t:|1724632999\n|move|p1a: Amoonguss|Rage Powder|p1a: Amoonguss\n|-singleturn|p1a: Amoonguss|move: Rage Powder\n|move|p2a: Archaludon|Electro Shot||[still]\n|-prepare|p2a: Archaludon|Electro Shot\n|-boost|p2a: Archaludon|spa|1\n|-anim|p2a: Archaludon|Electro Shot|p1a: Amoonguss\n|-resisted|p1a: Amoonguss\n|-damage|p1a: Amoonguss|74\/100\n|move|p1b: Amoonguss|Focus Blast|p2a: Archaludon\n|-supereffective|p2a: Archaludon\n|-damage|p2a: Archaludon|39\/100\n|-unboost|p2a: Archaludon|spd|1\n|-ability|p2a: Archaludon|Stamina|boost\n|-boost|p2a: Archaludon|def|1\n|move|p2b: Pelipper|Hurricane|p1a: Amoonguss\n|-supereffective|p1a: Amoonguss\n|-damage|p1a: Amoonguss|30\/100\n|\n|-weather|RainDance|[upkeep]\n|-heal|p2a: Archaludon|45\/100|[from] Grassy Terrain\n|-heal|p2b: Pelipper|54\/100|[from] Grassy Terrain\n|-heal|p1a: Amoonguss|35\/100|[from] Grassy Terrain\n|upkeep\n|turn|4\n|inactive|JerseyBoolin has 30 seconds left.\n|\n|t:|1724633025\n|move|p1a: Amoonguss|Rage Powder|p1a: Amoonguss\n|-singleturn|p1a: Amoonguss|move: Rage Powder\n|move|p2a: Archaludon|Electro Shot||[still]\n|-prepare|p2a: Archaludon|Electro Shot\n|-boost|p2a: Archaludon|spa|1\n|-anim|p2a: Archaludon|Electro Shot|p1a: Amoonguss\n|-resisted|p1a: Amoonguss\n|-crit|p1a: Amoonguss\n|-damage|p1a: Amoonguss|0 fnt\n|faint|p1a: Amoonguss\n|move|p1b: Amoonguss|Focus Blast|p2a: Archaludon\n|-supereffective|p2a: Archaludon\n|-damage|p2a: Archaludon|0 fnt\n|faint|p2a: Archaludon\n|move|p2b: Pelipper|Hurricane|p1b: Amoonguss\n|-damage|p1b: Amoonguss|52\/100\n|replace|p1b: Zoroark|Zoroark-Hisui, L50, F\n|-end|p1b: Zoroark|Illusion\n|\n|-weather|RainDance|[upkeep]\n|-heal|p1b: Zoroark|58\/100|[from] Grassy Terrain\n|-heal|p2b: Pelipper|60\/100|[from] Grassy Terrain\n|upkeep\n|j| Iceriderhater96\n|c|\u2606YxngDaws|2 focus blast in a row lmaoo\n|\n|t:|1724633049\n|switch|p2a: Gholdengo|Gholdengo, L50|100\/100\n|switch|p1a: Incineroar|Incineroar, L50, M|28\/100\n|-enditem|p2a: Gholdengo|Grassy Seed\n|-boost|p2a: Gholdengo|def|1|[from] item: Grassy Seed\n|-ability|p1a: Incineroar|Intimidate|boost\n|-unboost|p2a: Gholdengo|atk|1\n|-unboost|p2b: Pelipper|atk|1\n|turn|5\n|\n|t:|1724633065\n|move|p2a: Gholdengo|Protect|p2a: Gholdengo\n|-singleturn|p2a: Gholdengo|Protect\n|move|p1b: Zoroark|Protect|p1b: Zoroark\n|-singleturn|p1b: Zoroark|Protect\n|move|p1a: Incineroar|Fake Out|p2b: Pelipper\n|-damage|p2b: Pelipper|49\/100\n|move|p2b: Pelipper|Weather Ball|p1a: Incineroar\n|-supereffective|p1a: Incineroar\n|-damage|p1a: Incineroar|0 fnt\n|faint|p1a: Incineroar\n|\n|-weather|none\n|-heal|p1b: Zoroark|64\/100|[from] Grassy Terrain\n|-heal|p2b: Pelipper|55\/100|[from] Grassy Terrain\n|-sideend|p2: YxngDaws|move: Tailwind\n|-fieldend|move: Grassy Terrain\n|upkeep\n|\n|t:|1724633073\n|switch|p1a: Gholdengo|Gholdengo, L50|100\/100\n|turn|6\n|\n|t:|1724633091\n|move|p2b: Pelipper|Wide Guard|p2b: Pelipper\n|-singleturn|p2b: Pelipper|Wide Guard\n|move|p1b: Zoroark|Shadow Ball|p2a: Gholdengo\n|-supereffective|p2a: Gholdengo\n|-damage|p2a: Gholdengo|0 fnt\n|faint|p2a: Gholdengo\n|move|p1a: Gholdengo|Shadow Ball|p2b: Pelipper\n|-damage|p2b: Pelipper|0 fnt\n|faint|p2b: Pelipper\n|\n|upkeep\n|-message|YxngDaws forfeited.\n|\n|win|JerseyBoolin\n|raw|JerseyBoolin's rating: 1767 &rarr; <strong>1783<\/strong><br \/>(+16 for winning)\n|raw|YxngDaws's rating: 1689 &rarr; <strong>1673<\/strong><br \/>(-16 for losing)\n|l|\u2606YxngDaws\n|player|p2|\n|l|\u2606JerseyBoolin\n|player|p1|\n|l| Iceriderhater96\n","uploadtime":1724633108,"views":100,"formatid":"gen9vgc2024regh","rating":1673,"private":0,"password":null}