{"id":"gen9vgc2024regh-2187606660","format":"[Gen 9] VGC 2024 Reg H","players":["actuary97","hypnosis therapy"],"log":"|j|\u2606actuary97\n|j|\u2606hypnosis therapy\n|t:|1724610779\n|gametype|doubles\n|player|p1|actuary97|sabrina-lgpe|1692\n|player|p2|hypnosis therapy|lady|1694\n|teamsize|p1|6\n|teamsize|p2|6\n|gen|9\n|tier|[Gen 9] VGC 2024 Reg H\n|rated|\n|rule|Species Clause: Limit one of each Pok\u00e9mon\n|rule|Item Clause: Limit 1 of each item\n|clearpoke\n|poke|p1|Ursaluna-Bloodmoon, L50, M|\n|poke|p1|Whimsicott, L50, M|\n|poke|p1|Gallade, L50, M|\n|poke|p1|Malamar, L50, M|\n|poke|p1|Indeedee, L50, M|\n|poke|p1|Archaludon, L50, M|\n|poke|p2|Dragonite, L50, F|\n|poke|p2|Dragapult, L50, M|\n|poke|p2|Archaludon, L50, M|\n|poke|p2|Pelipper, L50, F|\n|poke|p2|Overqwil, L50, F|\n|poke|p2|Primarina, L50, F|\n|teampreview|4\n|inactive|Battle timer is ON: inactive players will automatically lose when time's up. (requested by hypnosis therapy)\n|j| Flip a bi\nactuary97 has agreed to open team sheets.\n|j| Lucenzocg\nhypnosis therapy has agreed to open team sheets.\n|inactive|actuary97 has 30 seconds left.\n|inactive|actuary97 has 20 seconds left.\n|inactive|actuary97 has 15 seconds left.\n|inactive|actuary97 has 10 seconds left.\n|\n|t:|1724610856\n|start\n|switch|p1a: Whimsicott|Whimsicott, L50, M, shiny|100\/100\n|switch|p1b: Archaludon|Archaludon, L50, M, shiny|100\/100\n|switch|p2a: Dragapult|Dragapult, L50, M|100\/100\n|switch|p2b: Pelipper|Pelipper, L50, F|100\/100\n|-weather|RainDance|[from] ability: Drizzle|[of] p2b: Pelipper\n|turn|1\n|\n|t:|1724610880\n|-terastallize|p2a: Dragapult|Dragon\n|move|p1a: Whimsicott|Tailwind|p1a: Whimsicott\n|-sidestart|p1: actuary97|move: Tailwind\n|move|p1b: Archaludon|Snarl|p2a: Dragapult|[spread] p2a,p2b\n|-damage|p2a: Dragapult|83\/100\n|-damage|p2b: Pelipper|75\/100\n|-unboost|p2b: Pelipper|spa|1\n|move|p2a: Dragapult|Draco Meteor|p1b: Archaludon|[miss]\n|-miss|p2a: Dragapult|p1b: Archaludon\n|move|p2b: Pelipper|Tailwind|p2b: Pelipper\n|-sidestart|p2: hypnosis therapy|move: Tailwind\n|\n|-weather|RainDance|[upkeep]\n|upkeep\n|turn|2\n|\n|t:|1724610892\n|switch|p2b: Overqwil|Overqwil, L50, F|100\/100\n|move|p2a: Dragapult|Draco Meteor|p1b: Archaludon\n|-damage|p1b: Archaludon|28\/100\n|-unboost|p2a: Dragapult|spa|2\n|-ability|p1b: Archaludon|Stamina|boost\n|-boost|p1b: Archaludon|def|1\n|move|p1a: Whimsicott|Beat Up|p1b: Archaludon\n|-damage|p1b: Archaludon|27\/100\n|-ability|p1b: Archaludon|Stamina|boost\n|-boost|p1b: Archaludon|def|1\n|-damage|p1b: Archaludon|26\/100\n|-ability|p1b: Archaludon|Stamina|boost\n|-boost|p1b: Archaludon|def|1\n|-damage|p1b: Archaludon|25\/100\n|-ability|p1b: Archaludon|Stamina|boost\n|-boost|p1b: Archaludon|def|1\n|-damage|p1b: Archaludon|24\/100\n|-ability|p1b: Archaludon|Stamina|boost\n|-boost|p1b: Archaludon|def|1\n|-hitcount|p1b: Archaludon|4\n|move|p1b: Archaludon|Body Press|p2a: Dragapult\n|-damage|p2a: Dragapult|0 fnt\n|faint|p2a: Dragapult\n|\n|-weather|RainDance|[upkeep]\n|upkeep\n|j| lure shell\n|\n|t:|1724610897\n|switch|p2a: Archaludon|Archaludon, L50, M|100\/100\n|turn|3\n|\n|t:|1724610919\n|switch|p1a: Tapu-Deedee|Indeedee, L50, M, shiny|100\/100\n|-fieldstart|move: Psychic Terrain|[from] ability: Psychic Surge|[of] p1a: Tapu-Deedee\n|move|p2b: Overqwil|Gunk Shot|p1a: Tapu-Deedee\n|-damage|p1a: Tapu-Deedee|0 fnt\n|faint|p1a: Tapu-Deedee\n|-damage|p2b: Overqwil|91\/100|[from] item: Life Orb\n|move|p2a: Archaludon|Draco Meteor|p1b: Archaludon|[miss]\n|-miss|p2a: Archaludon|p1b: Archaludon\n|move|p1b: Archaludon|Body Press|p2a: Archaludon\n|-supereffective|p2a: Archaludon\n|-damage|p2a: Archaludon|0 fnt\n|faint|p2a: Archaludon\n|\n|-weather|RainDance|[upkeep]\n|upkeep\n|c|\u2606actuary97|damn I'm so sorry\n|\n|t:|1724610940\n|switch|p1a: King|Gallade, L50, M, shiny|100\/100\n|switch|p2a: Pelipper|Pelipper, L50, F|75\/100\n|turn|4\n|\n|t:|1724610961\n|move|p2b: Overqwil|Gunk Shot|p1a: King\n|-damage|p1a: King|0 fnt\n|faint|p1a: King\n|-damage|p2b: Overqwil|81\/100|[from] item: Life Orb\n|move|p2a: Pelipper|Hurricane|p1b: Archaludon\n|-resisted|p1b: Archaludon\n|-damage|p1b: Archaludon|9\/100\n|-ability|p1b: Archaludon|Stamina|boost\n|-boost|p1b: Archaludon|def|1\n|move|p1b: Archaludon|Electro Shot||[still]\n|-prepare|p1b: Archaludon|Electro Shot\n|-boost|p1b: Archaludon|spa|1\n|-anim|p1b: Archaludon|Electro Shot|p2b: Overqwil\n|-crit|p2b: Overqwil\n|-damage|p2b: Overqwil|0 fnt\n|faint|p2b: Overqwil\n|\n|-weather|RainDance|[upkeep]\n|-sideend|p2: hypnosis therapy|move: Tailwind\n|-sideend|p1: actuary97|move: Tailwind\n|upkeep\n|\n|t:|1724610964\n|switch|p1a: Whimsicott|Whimsicott, L50, M, shiny|100\/100\n|turn|5\n|\n|t:|1724610967\n|move|p1a: Whimsicott|Tailwind|p1a: Whimsicott\n|-sidestart|p1: actuary97|move: Tailwind\n|move|p1b: Archaludon|Electro Shot||[still]\n|-prepare|p1b: Archaludon|Electro Shot\n|-boost|p1b: Archaludon|spa|1\n|-anim|p1b: Archaludon|Electro Shot|p2a: Pelipper\n|-supereffective|p2a: Pelipper\n|-damage|p2a: Pelipper|0 fnt\n|faint|p2a: Pelipper\n|\n|win|actuary97\n|raw|actuary97's rating: 1692 &rarr; <strong>1712<\/strong><br \/>(+20 for winning)\n|raw|hypnosis therapy's rating: 1694 &rarr; <strong>1674<\/strong><br \/>(-20 for losing)\n|l|\u2606hypnosis therapy\n|player|p2|\n|l| Flip a bi\n|l|\u2606actuary97\n|player|p1|\n|l| Lucenzocg\n","uploadtime":1724611217,"views":76,"formatid":"gen9vgc2024regh","rating":1674,"private":0,"password":null}