{"id":"gen9vgc2024regh-2188327735","format":"[Gen 9] VGC 2024 Reg H","players":["jaurim2521","sarstingnos"],"log":"|j|\u2606jaurim2521\n|j|\u2606sarstingnos\n|t:|1724698647\n|gametype|doubles\n|player|p1|jaurim2521|lady|1697\n|player|p2|sarstingnos|265|1682\n|teamsize|p1|6\n|teamsize|p2|6\n|gen|9\n|tier|[Gen 9] VGC 2024 Reg H\n|rated|\n|rule|Species Clause: Limit one of each Pok\u00e9mon\n|rule|Item Clause: Limit 1 of each item\n|clearpoke\n|poke|p1|Excadrill, L50, F|\n|poke|p1|Tyranitar, L50, F|\n|poke|p1|Primarina, L50, F|\n|poke|p1|Rillaboom, L50, F|\n|poke|p1|Samurott-Hisui, L50, F|\n|poke|p1|Dragapult, L50, F|\n|poke|p2|Charizard, L50, M|\n|poke|p2|Milotic, L50, F|\n|poke|p2|Indeedee, L50, M|\n|poke|p2|Gholdengo, L50|\n|poke|p2|Whimsicott, L50, F|\n|poke|p2|Sneasler, L50, M|\n|teampreview|4\n|inactive|Battle timer is ON: inactive players will automatically lose when time's up. (requested by jaurim2521)\n|\n|t:|1724698668\n|start\n|switch|p1a: Tyranitar|Tyranitar, L50, F, shiny|100\/100\n|switch|p1b: Excadrill|Excadrill, L50, F, shiny|100\/100\n|switch|p2a: Sneasler|Sneasler, L50, M|100\/100\n|switch|p2b: Gholdengo|Gholdengo, L50|100\/100\n|-weather|Sandstorm|[from] ability: Sand Stream|[of] p1a: Tyranitar\n|turn|1\n|\n|t:|1724698683\n|switch|p2b: Indeedee|Indeedee, L50, M|100\/100\n|-fieldstart|move: Psychic Terrain|[from] ability: Psychic Surge|[of] p2b: Indeedee\n|-enditem|p2a: Sneasler|Psychic Seed\n|-boost|p2a: Sneasler|spd|1|[from] item: Psychic Seed\n|move|p1b: Excadrill|Protect|p1b: Excadrill\n|-singleturn|p1b: Excadrill|Protect\n|move|p1a: Tyranitar|Protect|p1a: Tyranitar\n|-singleturn|p1a: Tyranitar|Protect\n|move|p2a: Sneasler|Close Combat|p1b: Excadrill\n|-activate|p1b: Excadrill|move: Protect\n|\n|-weather|Sandstorm|[upkeep]\n|-damage|p2a: Sneasler|95\/100|[from] Sandstorm\n|-damage|p2b: Indeedee|95\/100|[from] Sandstorm\n|upkeep\n|turn|2\n|j| giftedyew\n|l| giftedyew\n|\n|t:|1724698705\n|switch|p1b: Rillaboom|Rillaboom, L50, F|100\/100\n|-fieldstart|move: Grassy Terrain|[from] ability: Grassy Surge|[of] p1b: Rillaboom\n|switch|p2b: Whimsicott|Whimsicott, L50, F|100\/100\n|-terastallize|p1a: Tyranitar|Ghost\n|move|p2a: Sneasler|Protect|p2a: Sneasler\n|-singleturn|p2a: Sneasler|Protect\n|move|p1a: Tyranitar|Rock Tomb|p2a: Sneasler\n|-activate|p2a: Sneasler|move: Protect\n|\n|-weather|Sandstorm|[upkeep]\n|-damage|p2a: Sneasler|89\/100|[from] Sandstorm\n|-damage|p2b: Whimsicott|95\/100|[from] Sandstorm\n|-damage|p1a: Tyranitar|94\/100|[from] Sandstorm\n|-damage|p1b: Rillaboom|95\/100|[from] Sandstorm\n|-heal|p2a: Sneasler|95\/100|[from] Grassy Terrain\n|-heal|p2b: Whimsicott|100\/100|[from] Grassy Terrain\n|-heal|p1a: Tyranitar|100\/100|[from] Grassy Terrain\n|-heal|p1b: Rillaboom|100\/100|[from] Grassy Terrain\n|upkeep\n|turn|3\n|j| timber1313\n|\n|t:|1724698726\n|move|p2a: Sneasler|Protect||[still]\n|-fail|p2a: Sneasler\n|move|p2b: Whimsicott|Sunny Day|p2b: Whimsicott\n|-weather|SunnyDay\n|move|p1a: Tyranitar|Rock Tomb|p2a: Sneasler\n|-resisted|p2a: Sneasler\n|-damage|p2a: Sneasler|66\/100\n|-unboost|p2a: Sneasler|spe|1\n|move|p1b: Rillaboom|U-turn|p2b: Whimsicott\n|-damage|p2b: Whimsicott|61\/100\n|\n|t:|1724698732\n|switch|p1b: Excadrill|Excadrill, L50, F, shiny|100\/100|[from] U-turn\n|\n|-weather|SunnyDay|[upkeep]\n|-heal|p2a: Sneasler|72\/100|[from] Grassy Terrain\n|-heal|p2b: Whimsicott|67\/100|[from] Grassy Terrain\n|upkeep\n|turn|4\n|\n|t:|1724698745\n|switch|p1b: Rillaboom|Rillaboom, L50, F|100\/100\n|move|p2a: Sneasler|Close Combat|p1b: Rillaboom\n|-damage|p1b: Rillaboom|35\/100\n|-unboost|p2a: Sneasler|def|1\n|-unboost|p2a: Sneasler|spd|1\n|move|p2b: Whimsicott|Endeavor|p1b: Rillaboom\n|-immune|p1b: Rillaboom\n|move|p1a: Tyranitar|Rock Tomb|p2b: Whimsicott\n|-damage|p2b: Whimsicott|20\/100\n|-unboost|p2b: Whimsicott|spe|1\n|\n|-weather|SunnyDay|[upkeep]\n|-heal|p2a: Sneasler|78\/100|[from] Grassy Terrain\n|-heal|p2b: Whimsicott|26\/100|[from] Grassy Terrain\n|-heal|p1b: Rillaboom|41\/100|[from] Grassy Terrain\n|upkeep\n|turn|5\n|\n|t:|1724698758\n|switch|p2b: Indeedee|Indeedee, L50, M|95\/100\n|-fieldstart|move: Psychic Terrain|[from] ability: Psychic Surge|[of] p2b: Indeedee\n|-terastallize|p2a: Sneasler|Dark\n|move|p2a: Sneasler|Throat Chop|p1a: Tyranitar\n|-supereffective|p1a: Tyranitar\n|-damage|p1a: Tyranitar|8\/100\n|-start|p1a: Tyranitar|Throat Chop|[silent]\n|move|p1a: Tyranitar|Rock Tomb|p2a: Sneasler\n|-crit|p2a: Sneasler\n|-damage|p2a: Sneasler|0 fnt\n|faint|p2a: Sneasler\n|move|p1b: Rillaboom|Wood Hammer|p2b: Indeedee\n|-damage|p2b: Indeedee|0 fnt\n|faint|p2b: Indeedee\n|-damage|p1b: Rillaboom|20\/100|[from] Recoil\n|\n|-weather|SunnyDay|[upkeep]\n|upkeep\n|\n|t:|1724698768\n|switch|p2a: Gholdengo|Gholdengo, L50|100\/100\n|switch|p2b: Whimsicott|Whimsicott, L50, F|26\/100\n|turn|6\n|j| l pano l\n|\n|t:|1724698787\n|switch|p1b: Samurott|Samurott-Hisui, L50, F|100\/100\n|move|p2b: Whimsicott|Tailwind|p2b: Whimsicott\n|-sidestart|p2: sarstingnos|move: Tailwind\n|move|p2a: Gholdengo|Make It Rain|p1b: Samurott|[spread] p1a,p1b\n|-resisted|p1b: Samurott\n|-damage|p1a: Tyranitar|0 fnt\n|-damage|p1b: Samurott|77\/100\n|-unboost|p2a: Gholdengo|spa|1\n|faint|p1a: Tyranitar\n|\n|-weather|SunnyDay|[upkeep]\n|upkeep\n|\n|t:|1724698792\n|switch|p1a: Rillaboom|Rillaboom, L50, F|20\/100\n|-fieldstart|move: Grassy Terrain|[from] ability: Grassy Surge|[of] p1a: Rillaboom\n|turn|7\n|inactive|sarstingnos has 30 seconds left.\n|\n|t:|1724698818\n|move|p1b: Samurott|Sucker Punch|p2b: Whimsicott\n|-resisted|p2b: Whimsicott\n|-damage|p2b: Whimsicott|1\/100\n|move|p1a: Rillaboom|Grassy Glide|p2b: Whimsicott\n|-resisted|p2b: Whimsicott\n|-damage|p2b: Whimsicott|0 fnt\n|faint|p2b: Whimsicott\n|move|p2a: Gholdengo|Nasty Plot|p2a: Gholdengo\n|-boost|p2a: Gholdengo|spa|2\n|\n|-weather|none\n|-heal|p1b: Samurott|83\/100|[from] Grassy Terrain\n|-heal|p1a: Rillaboom|26\/100|[from] Grassy Terrain\n|upkeep\n|turn|8\n|j| CatnipNtrip\n|\n|t:|1724698826\n|move|p2a: Gholdengo|Make It Rain|p1b: Samurott|[spread] p1a,p1b\n|-resisted|p1b: Samurott\n|-crit|p1b: Samurott\n|-damage|p1a: Rillaboom|0 fnt\n|-damage|p1b: Samurott|36\/100\n|-unboost|p2a: Gholdengo|spa|1\n|faint|p1a: Rillaboom\n|move|p1b: Samurott|Ceaseless Edge|p2a: Gholdengo|[miss]\n|-miss|p1b: Samurott|p2a: Gholdengo\n|\n|-heal|p1b: Samurott|42\/100|[from] Grassy Terrain\n|upkeep\n|\n|t:|1724698830\n|switch|p1a: Excadrill|Excadrill, L50, F, shiny|100\/100\n|turn|9\n|\n|t:|1724698837\n|move|p1b: Samurott|Sucker Punch|p2a: Gholdengo\n|-supereffective|p2a: Gholdengo\n|-damage|p2a: Gholdengo|26\/100\n|move|p2a: Gholdengo|Make It Rain|p1b: Samurott|[spread] p1a,p1b\n|-resisted|p1a: Excadrill\n|-resisted|p1b: Samurott\n|-damage|p1a: Excadrill|61\/100\n|-damage|p1b: Samurott|20\/100\n|-unboost|p2a: Gholdengo|spa|1\n|move|p1a: Excadrill|High Horsepower|p2a: Gholdengo\n|-supereffective|p2a: Gholdengo\n|-damage|p2a: Gholdengo|0 fnt\n|faint|p2a: Gholdengo\n|\n|win|jaurim2521\n|raw|jaurim2521's rating: 1697 &rarr; <strong>1716<\/strong><br \/>(+19 for winning)\n|raw|sarstingnos's rating: 1682 &rarr; <strong>1663<\/strong><br \/>(-19 for losing)\n|l|\u2606jaurim2521\n|player|p1|\n|l| l pano l\n|l| timber1313\n|l| CatnipNtrip\n","uploadtime":1724699103,"views":36,"formatid":"gen9vgc2024regh","rating":1663,"private":0,"password":null}