{"id":"gen9vgc2024regh-2188455589","format":"[Gen 9] VGC 2024 Reg H","players":["sarstingnos","actuary97"],"log":"|j|\u2606sarstingnos\n|j|\u2606actuary97\n|t:|1724711131\n|gametype|doubles\n|player|p1|sarstingnos|169|1624\n|player|p2|actuary97|sabrina-lgpe|1726\n|teamsize|p1|6\n|teamsize|p2|6\n|gen|9\n|tier|[Gen 9] VGC 2024 Reg H\n|rated|\n|rule|Species Clause: Limit one of each Pok\u00e9mon\n|rule|Item Clause: Limit 1 of each item\n|clearpoke\n|poke|p1|Garchomp, L50, F|\n|poke|p1|Murkrow, L50, F|\n|poke|p1|Milotic, L50, F|\n|poke|p1|Indeedee, L50, M|\n|poke|p1|Gholdengo, L50|\n|poke|p1|Sneasler, L50, F|\n|poke|p2|Ursaluna-Bloodmoon, L50, M|\n|poke|p2|Whimsicott, L50, M|\n|poke|p2|Gallade, L50, M|\n|poke|p2|Malamar, L50, M|\n|poke|p2|Indeedee, L50, M|\n|poke|p2|Archaludon, L50, M|\n|teampreview|4\nactuary97 has agreed to open team sheets.\n|j| seanonalia\n|j| randomlybrian\n|\n|t:|1724711209\n|start\n|switch|p1a: Murkrow|Murkrow, L50, F|100\/100\n|switch|p1b: Garchomp|Garchomp, L50, F|100\/100\n|switch|p2a: Ursaluna|Ursaluna-Bloodmoon, L50, M|100\/100\n|switch|p2b: Malamother|Malamar, L50, M, shiny|100\/100\n|turn|1\n|\n|t:|1724711242\n|-terastallize|p1b: Garchomp|Ground\n|move|p1b: Garchomp|Earthquake|p2b: Malamother|[spread] p2a,p2b\n|-immune|p1a: Murkrow\n|-damage|p2a: Ursaluna|61\/100\n|-damage|p2b: Malamother|55\/100\n|move|p1a: Murkrow|Foul Play|p2b: Malamother\n|-damage|p2b: Malamother|25\/100\n|-enditem|p2b: Malamother|Sitrus Berry|[eat]\n|-heal|p2b: Malamother|50\/100|[from] item: Sitrus Berry\n|move|p2a: Ursaluna|Blood Moon|p1a: Murkrow\n|-damage|p1a: Murkrow|16\/100\n|move|p2b: Malamother|Trick Room|p2b: Malamother\n|-fieldstart|move: Trick Room|[of] p2b: Malamother\n|\n|upkeep\n|turn|2\n|\n|t:|1724711262\n|move|p1a: Murkrow|Haze|p1a: Murkrow\n|-clearallboost\n|move|p2a: Ursaluna|Hyper Voice|p1a: Murkrow|[spread] p1a,p1b\n|-damage|p1a: Murkrow|0 fnt\n|-damage|p1b: Garchomp|58\/100\n|faint|p1a: Murkrow\n|move|p2b: Malamother|Superpower|p1b: Garchomp\n|-damage|p1b: Garchomp|30\/100\n|-boost|p2b: Malamother|atk|1\n|-boost|p2b: Malamother|def|1\n|-damage|p2b: Malamother|38\/100|[from] ability: Rough Skin|[of] p1b: Garchomp\n|move|p1b: Garchomp|Earthquake|p2b: Malamother|[spread] p2a,p2b\n|-damage|p2a: Ursaluna|21\/100\n|-damage|p2b: Malamother|6\/100\n|\n|upkeep\n|\n|t:|1724711275\n|switch|p1a: Sneasler|Sneasler, L50, F|100\/100\n|turn|3\n|\n|t:|1724711283\n|move|p1a: Sneasler|Protect|p1a: Sneasler\n|-singleturn|p1a: Sneasler|Protect\n|move|p1b: Garchomp|Protect|p1b: Garchomp\n|-singleturn|p1b: Garchomp|Protect\n|move|p2a: Ursaluna|Hyper Voice|p1b: Garchomp|[spread] \n|-activate|p1a: Sneasler|move: Protect\n|-activate|p1b: Garchomp|move: Protect\n|move|p2b: Malamother|Superpower|p1a: Sneasler\n|-activate|p1a: Sneasler|move: Protect\n|\n|upkeep\n|turn|4\n|\n|t:|1724711300\n|switch|p1b: Indeedee|Indeedee, L50, M|100\/100\n|-fieldstart|move: Psychic Terrain|[from] ability: Psychic Surge|[of] p1b: Indeedee\n|-enditem|p2a: Ursaluna|Psychic Seed\n|-boost|p2a: Ursaluna|spd|1|[from] item: Psychic Seed\n|-enditem|p1a: Sneasler|Psychic Seed\n|-boost|p1a: Sneasler|spd|1|[from] item: Psychic Seed\n|move|p2a: Ursaluna|Blood Moon|p1a: Sneasler\n|-damage|p1a: Sneasler|30\/100\n|move|p2b: Malamother|Superpower|p1b: Indeedee\n|-crit|p1b: Indeedee\n|-damage|p1b: Indeedee|0 fnt\n|-boost|p2b: Malamother|atk|1\n|-boost|p2b: Malamother|def|1\n|faint|p1b: Indeedee\n|move|p1a: Sneasler|Dire Claw|p2a: Ursaluna\n|-resisted|p2a: Ursaluna\n|-damage|p2a: Ursaluna|3\/100\n|\n|upkeep\n|\n|t:|1724711313\n|switch|p1b: Garchomp|Garchomp, L50, F, tera:Ground|30\/100\n|turn|5\n|\n|t:|1724711329\n|move|p1b: Garchomp|Protect|p1b: Garchomp\n|-singleturn|p1b: Garchomp|Protect\n|move|p1a: Sneasler|Protect|p1a: Sneasler\n|-singleturn|p1a: Sneasler|Protect\n|move|p2a: Ursaluna|Hyper Voice|p1a: Sneasler|[spread] \n|-activate|p1a: Sneasler|move: Protect\n|-activate|p1b: Garchomp|move: Protect\n|move|p2b: Malamother|Topsy-Turvy|p1a: Sneasler\n|-activate|p1a: Sneasler|move: Protect\n|\n|-fieldend|move: Trick Room\n|upkeep\n|turn|6\n|\n|t:|1724711342\n|move|p1a: Sneasler|Dire Claw|p2a: Ursaluna\n|-resisted|p2a: Ursaluna\n|-damage|p2a: Ursaluna|0 fnt\n|faint|p2a: Ursaluna\n|move|p1b: Garchomp|Stomping Tantrum|p2b: Malamother\n|-damage|p2b: Malamother|0 fnt\n|faint|p2b: Malamother\n|\n|upkeep\n|\n|t:|1724711345\n|switch|p2b: Tapu-Deedee|Indeedee, L50, M, shiny|100\/100\n|switch|p2a: King|Gallade, L50, M, shiny|100\/100\n|turn|7\n|\n|t:|1724711363\n|-terastallize|p2a: King|Grass\n|move|p1a: Sneasler|Throat Chop|p2b: Tapu-Deedee\n|-supereffective|p2b: Tapu-Deedee\n|-damage|p2b: Tapu-Deedee|0 fnt\n|faint|p2b: Tapu-Deedee\n|move|p1b: Garchomp|Stomping Tantrum|p2a: King\n|-resisted|p2a: King\n|-damage|p2a: King|59\/100\n|move|p2a: King|Psycho Cut|p1a: Sneasler\n|-supereffective|p1a: Sneasler\n|-damage|p1a: Sneasler|0 fnt\n|faint|p1a: Sneasler\n|\n|upkeep\n|turn|8\n|\n|t:|1724711370\n|move|p1b: Garchomp|Dragon Claw|p2a: King\n|-damage|p2a: King|0 fnt\n|faint|p2a: King\n|\n|win|sarstingnos\n|raw|sarstingnos's rating: 1640 &rarr; <strong>1665<\/strong><br \/>(+25 for winning)\n|raw|actuary97's rating: 1726 &rarr; <strong>1701<\/strong><br \/>(-25 for losing)\n|c|\u2606actuary97|gg\n|l|\u2606actuary97\n|player|p2|\n","uploadtime":1724711383,"views":50,"formatid":"gen9vgc2024regh","rating":1665,"private":0,"password":null}