{"id":"gen9vgc2024regh-2188318830","format":"[Gen 9] VGC 2024 Reg H","players":["Grade a type b","Krisuerte"],"log":"|j|\u2606Grade a type b\n|j|\u2606Krisuerte\n|t:|1724697825\n|gametype|doubles\n|player|p1|Grade a type b|101|1661\n|player|p2|Krisuerte|101|1710\n|teamsize|p1|6\n|teamsize|p2|6\n|gen|9\n|tier|[Gen 9] VGC 2024 Reg H\n|rated|\n|rule|Species Clause: Limit one of each Pok\u00e9mon\n|rule|Item Clause: Limit 1 of each item\n|clearpoke\n|poke|p1|Whimsicott, L50, M|\n|poke|p1|Kommo-o, L50, F|\n|poke|p1|Kingambit, L50, F|\n|poke|p1|Ursaluna-Bloodmoon, L50, M|\n|poke|p1|Primarina, L50, M|\n|poke|p1|Typhlosion-Hisui, L50, F|\n|poke|p2|Indeedee-F, L50, F|\n|poke|p2|Armarouge, L50, M|\n|poke|p2|Sinistcha-Masterpiece, L50|\n|poke|p2|Archaludon, L50, F|\n|poke|p2|Ursaluna-Bloodmoon, L50, M|\n|poke|p2|Pelipper, L50, F|\n|teampreview|4\n|j| l pano l\n|j| gfjgffhhc\n|\n|t:|1724697874\n|start\n|switch|p1a: Whimsicott|Whimsicott, L50, M|100\/100\n|switch|p1b: Kingambit|Kingambit, L50, F|100\/100\n|switch|p2a: Armarouge|Armarouge, L50, M|100\/100\n|switch|p2b: Indeedee|Indeedee-F, L50, F|100\/100\n|-fieldstart|move: Psychic Terrain|[from] ability: Psychic Surge|[of] p2b: Indeedee\n|turn|1\n|\n|t:|1724697897\n|move|p2b: Indeedee|Helping Hand|p2a: Armarouge\n|-singleturn|p2a: Armarouge|Helping Hand|[of] p2b: Indeedee\n|move|p2a: Armarouge|Heat Wave|p1b: Kingambit|[spread] p1a,p1b\n|-supereffective|p1a: Whimsicott\n|-supereffective|p1b: Kingambit\n|-damage|p1a: Whimsicott|0 fnt\n|-damage|p1b: Kingambit|27\/100\n|faint|p1a: Whimsicott\n|move|p1b: Kingambit|Kowtow Cleave|p2b: Indeedee\n|-supereffective|p2b: Indeedee\n|-damage|p2b: Indeedee|4\/100\n|-damage|p1b: Kingambit|11\/100|[from] item: Rocky Helmet|[of] p2b: Indeedee\n|\n|upkeep\n|\n|t:|1724697905\n|switch|p1a: Ursaluna|Ursaluna-Bloodmoon, L50, M|100\/100\n|turn|2\n|j| Therazer456\n|\n|t:|1724697933\n|move|p2b: Indeedee|Helping Hand|p2a: Armarouge\n|-singleturn|p2a: Armarouge|Helping Hand|[of] p2b: Indeedee\n|move|p2a: Armarouge|Heat Wave|p1b: Kingambit|[spread] p1b\n|-miss|p2a: Armarouge|p1a: Ursaluna\n|-supereffective|p1b: Kingambit\n|-damage|p1b: Kingambit|0 fnt\n|faint|p1b: Kingambit\n|move|p1a: Ursaluna|Blood Moon|p2a: Armarouge\n|-damage|p2a: Armarouge|0 fnt\n|faint|p2a: Armarouge\n|-damage|p1a: Ursaluna|91\/100|[from] item: Life Orb\n|\n|upkeep\n|l| gfjgffhhc\n|\n|t:|1724697960\n|switch|p2a: Pelipper|Pelipper, L50, F|100\/100\n|switch|p1b: Kommo-o|Kommo-o, L50, F|100\/100\n|-weather|RainDance|[from] ability: Drizzle|[of] p2a: Pelipper\n|turn|3\n|j| gfjgffhhc\n|\n|t:|1724697986\n|move|p1b: Kommo-o|Clanging Scales|p2b: Indeedee|[spread] p2a,p2b\n|-damage|p2a: Pelipper|50\/100\n|-damage|p2b: Indeedee|0 fnt\n|faint|p2b: Indeedee\n|-unboost|p1b: Kommo-o|def|1\n|move|p1a: Ursaluna|Hyper Voice|p2a: Pelipper\n|-damage|p2a: Pelipper|0 fnt\n|faint|p2a: Pelipper\n|-damage|p1a: Ursaluna|81\/100|[from] item: Life Orb\n|\n|-weather|RainDance|[upkeep]\n|upkeep\n|\n|t:|1724698000\n|switch|p2b: Archaludon|Archaludon, L50, F|100\/100\n|turn|4\n|\n|t:|1724698013\n|-terastallize|p1b: Kommo-o|Steel\n|-terastallize|p2b: Archaludon|Electric\n|move|p1a: Ursaluna|Protect|p1a: Ursaluna\n|-singleturn|p1a: Ursaluna|Protect\n|move|p1b: Kommo-o|Clangorous Soul|p1b: Kommo-o\n|-boost|p1b: Kommo-o|atk|1\n|-boost|p1b: Kommo-o|def|1\n|-boost|p1b: Kommo-o|spa|1\n|-boost|p1b: Kommo-o|spd|1\n|-boost|p1b: Kommo-o|spe|1\n|-damage|p1b: Kommo-o|68\/100\n|move|p2b: Archaludon|Body Press|p1a: Ursaluna\n|-activate|p1a: Ursaluna|move: Protect\n|\n|-weather|RainDance|[upkeep]\n|upkeep\n|turn|5\n|\n|t:|1724698036\n|move|p1b: Kommo-o|Clanging Scales|p2b: Archaludon\n|-damage|p2b: Archaludon|41\/100\n|-ability|p2b: Archaludon|Stamina|boost\n|-boost|p2b: Archaludon|def|1\n|-unboost|p1b: Kommo-o|def|1\n|move|p1a: Ursaluna|Blood Moon|p2b: Archaludon\n|-crit|p2b: Archaludon\n|-damage|p2b: Archaludon|0 fnt\n|faint|p2b: Archaludon\n|-damage|p1a: Ursaluna|72\/100|[from] item: Life Orb\n|\n|win|Grade a type b\n|raw|Grade a type b's rating: 1661 &rarr; <strong>1684<\/strong><br \/>(+23 for winning)\n|raw|Krisuerte's rating: 1710 &rarr; <strong>1687<\/strong><br \/>(-23 for losing)\n|l| Therazer456\n|l| gfjgffhhc\n|l| l pano l\n|l|\u2606Grade a type b\n|player|p1|\n|l|\u2606Krisuerte\n|player|p2|\n","uploadtime":1724698261,"views":81,"formatid":"gen9vgc2024regh","rating":1684,"private":0,"password":null}