{"id":"gen9vgc2024regh-2188335666","format":"[Gen 9] VGC 2024 Reg H","players":["duffmcwhaling","Krisuerte"],"log":"|j|\u2606duffmcwhaling\n|j|\u2606Krisuerte\n|t:|1724699375\n|gametype|doubles\n|player|p1|duffmcwhaling|102|1665\n|player|p2|Krisuerte|101|1759\n|teamsize|p1|6\n|teamsize|p2|6\n|gen|9\n|tier|[Gen 9] VGC 2024 Reg H\n|rated|\n|rule|Species Clause: Limit one of each Pok\u00e9mon\n|rule|Item Clause: Limit 1 of each item\n|clearpoke\n|poke|p1|Excadrill, L50, M|\n|poke|p1|Tyranitar, L50, F|\n|poke|p1|Glimmora, L50, F|\n|poke|p1|Talonflame, L50, M|\n|poke|p1|Meowscarada, L50, F|\n|poke|p1|Farigiraf, L50, M|\n|poke|p2|Indeedee-F, L50, F|\n|poke|p2|Armarouge, L50, M|\n|poke|p2|Sinistcha-Masterpiece, L50|\n|poke|p2|Archaludon, L50, M|\n|poke|p2|Ursaluna-Bloodmoon, L50, M|\n|poke|p2|Pelipper, L50, F|\n|teampreview|4\n|\n|t:|1724699419\n|start\n|switch|p1a: Talonflame|Talonflame, L50, M|100\/100\n|switch|p1b: Excadrill|Excadrill, L50, M|100\/100\n|switch|p2a: Indeedee|Indeedee-F, L50, F|100\/100\n|switch|p2b: Armarouge|Armarouge, L50, M|100\/100\n|-fieldstart|move: Psychic Terrain|[from] ability: Psychic Surge|[of] p2a: Indeedee\n|turn|1\n|\n|t:|1724699467\n|-terastallize|p2b: Armarouge|Psychic\n|move|p2a: Indeedee|Helping Hand|p2b: Armarouge\n|-singleturn|p2b: Armarouge|Helping Hand|[of] p2a: Indeedee\n|move|p1a: Talonflame|Taunt|p2b: Armarouge\n|-start|p2b: Armarouge|move: Taunt\n|move|p2b: Armarouge|Heat Wave|p1a: Talonflame|[spread] p1b\n|-miss|p2b: Armarouge|p1a: Talonflame\n|-supereffective|p1b: Excadrill\n|-enditem|p1b: Excadrill|Focus Sash\n|-damage|p1b: Excadrill|1\/100\n|move|p1b: Excadrill|Earthquake|p2b: Armarouge|[spread] p2a,p2b\n|-immune|p1a: Talonflame\n|-damage|p2a: Indeedee|58\/100\n|-damage|p2b: Armarouge|54\/100\n|\n|upkeep\n|turn|2\n|\n|t:|1724699495\n|-terastallize|p1b: Excadrill|Ground\n|move|p1a: Talonflame|Tailwind|p1a: Talonflame\n|-sidestart|p1: duffmcwhaling|move: Tailwind\n|move|p1b: Excadrill|Earthquake|p2b: Armarouge|[spread] p2a,p2b\n|-immune|p1a: Talonflame\n|-damage|p2a: Indeedee|0 fnt\n|-damage|p2b: Armarouge|0 fnt\n|faint|p2a: Indeedee\n|faint|p2b: Armarouge\n|\n|upkeep\n|\n|t:|1724699506\n|switch|p2b: Pelipper|Pelipper, L50, F|100\/100\n|switch|p2a: Archaludon|Archaludon, L50, M|100\/100\n|-weather|RainDance|[from] ability: Drizzle|[of] p2b: Pelipper\n|turn|3\n|\n|t:|1724699528\n|move|p2b: Pelipper|Wide Guard|p2b: Pelipper\n|-singleturn|p2b: Pelipper|Wide Guard\n|move|p1a: Talonflame|Taunt|p2b: Pelipper\n|-start|p2b: Pelipper|move: Taunt\n|move|p1b: Excadrill|Earthquake|p2a: Archaludon|[spread] \n|-activate|p2a: Archaludon|move: Wide Guard\n|-activate|p2b: Pelipper|move: Wide Guard\n|-immune|p1a: Talonflame\n|move|p2a: Archaludon|Body Press|p1b: Excadrill\n|-damage|p1b: Excadrill|0 fnt\n|faint|p1b: Excadrill\n|\n|-weather|RainDance|[upkeep]\n|upkeep\n|\n|t:|1724699537\n|switch|p1b: Glimmora|Glimmora, L50, F|100\/100\n|turn|4\n|\n|t:|1724699569\n|switch|p1a: Tyranitar|Tyranitar, L50, F|100\/100\n|-weather|Sandstorm|[from] ability: Sand Stream|[of] p1a: Tyranitar\n|move|p1b: Glimmora|Meteor Beam||[still]\n|-prepare|p1b: Glimmora|Meteor Beam\n|-boost|p1b: Glimmora|spa|1\n|-enditem|p1b: Glimmora|Power Herb\n|-anim|p1b: Glimmora|Meteor Beam|p2b: Pelipper|[miss]\n|-miss|p1b: Glimmora|p2b: Pelipper\n|move|p2a: Archaludon|Heavy Slam|p1b: Glimmora\n|-supereffective|p1b: Glimmora\n|-damage|p1b: Glimmora|65\/100\n|-activate|p1b: Glimmora|ability: Toxic Debris\n|-sidestart|p2: Krisuerte|move: Toxic Spikes\n|move|p2b: Pelipper|Weather Ball|p1b: Glimmora\n|-damage|p1b: Glimmora|39\/100\n|\n|-weather|Sandstorm|[upkeep]\n|-damage|p2b: Pelipper|95\/100|[from] Sandstorm\n|upkeep\n|turn|5\n|\n|t:|1724699607\n|move|p1b: Glimmora|Earth Power|p2a: Archaludon\n|-supereffective|p2a: Archaludon\n|-damage|p2a: Archaludon|18\/100\n|-unboost|p2a: Archaludon|spd|1\n|-ability|p2a: Archaludon|Stamina|boost\n|-boost|p2a: Archaludon|def|1\n|move|p1a: Tyranitar|Knock Off|p2a: Archaludon\n|-damage|p2a: Archaludon|0 fnt\n|-enditem|p2a: Archaludon|Assault Vest|[from] move: Knock Off|[of] p1a: Tyranitar\n|faint|p2a: Archaludon\n|move|p2b: Pelipper|Weather Ball|p1b: Glimmora\n|-damage|p1b: Glimmora|14\/100\n|\n|-weather|Sandstorm|[upkeep]\n|-damage|p2b: Pelipper|89\/100|[from] Sandstorm\n|-sideend|p1: duffmcwhaling|move: Tailwind\n|-fieldend|move: Psychic Terrain\n|upkeep\n|turn|6\n|l|\u2606Krisuerte\n|player|p2|\n|inactive|Battle timer is ON: inactive players will automatically lose when time's up. (requested by duffmcwhaling)\n|inactive|Krisuerte has 30 seconds to reconnect!\n|inactive|Krisuerte has 20 seconds to reconnect!\n|inactive|Krisuerte has 15 seconds to reconnect!\n|inactive|Krisuerte has 10 seconds to reconnect!\n|inactive|Krisuerte has 5 seconds to reconnect!\n|-message|Krisuerte lost due to inactivity.\n|\n|win|duffmcwhaling\n|raw|duffmcwhaling's rating: 1665 &rarr; <strong>1690<\/strong><br \/>(+25 for winning)\n|raw|Krisuerte's rating: 1759 &rarr; <strong>1734<\/strong><br \/>(-25 for losing)\n|l|\u2606duffmcwhaling\n|player|p1|\n|j|\u2606duffmcwhaling\n|player|p1|duffmcwhaling|102|\n","uploadtime":1724699944,"views":92,"formatid":"gen9vgc2024regh","rating":1690,"private":0,"password":null}