{"id":"gen9vgc2024regh-2188276651","format":"[Gen 9] VGC 2024 Reg H","players":["Krisuerte","bwahacough"],"log":"|j|\u2606Krisuerte\n|j|\u2606bwahacough\n|t:|1724693920\n|gametype|doubles\n|player|p1|Krisuerte|101|1681\n|player|p2|bwahacough|medium|1721\n|teamsize|p1|6\n|teamsize|p2|6\n|gen|9\n|tier|[Gen 9] VGC 2024 Reg H\n|rated|\n|rule|Species Clause: Limit one of each Pok\u00e9mon\n|rule|Item Clause: Limit 1 of each item\n|clearpoke\n|poke|p1|Indeedee-F, L50, F|\n|poke|p1|Armarouge, L50, M|\n|poke|p1|Sinistcha-Masterpiece, L50|\n|poke|p1|Archaludon, L50, M|\n|poke|p1|Ursaluna-Bloodmoon, L50, M|\n|poke|p1|Pelipper, L50, F|\n|poke|p2|Lycanroc, L50, F|\n|poke|p2|Tyranitar, L50, M|\n|poke|p2|Indeedee-F, L50, F|\n|poke|p2|Murkrow, L50, M|\n|poke|p2|Garchomp, L50, M|\n|poke|p2|Gholdengo, L50|\n|teampreview|4\n|\n|t:|1724693935\n|start\n|switch|p1a: Ursaluna|Ursaluna-Bloodmoon, L50, M|100\/100\n|switch|p1b: Indeedee|Indeedee-F, L50, F|100\/100\n|switch|p2a: Lycanroc|Lycanroc, L50, F, shiny|100\/100\n|switch|p2b: Tyranitar|Tyranitar, L50, M|100\/100\n|-fieldstart|move: Psychic Terrain|[from] ability: Psychic Surge|[of] p1b: Indeedee\n|-weather|Sandstorm|[from] ability: Sand Stream|[of] p2b: Tyranitar\n|turn|1\n|j| dblouis\n|\n|t:|1724693959\n|-terastallize|p1b: Indeedee|Fairy\n|move|p1a: Ursaluna|Protect|p1a: Ursaluna\n|-singleturn|p1a: Ursaluna|Protect\n|move|p2a: Lycanroc|Rock Slide|p1b: Indeedee|[spread] p1b\n|-activate|p1a: Ursaluna|move: Protect\n|-damage|p1b: Indeedee|71\/100\n|move|p2b: Tyranitar|Knock Off|p1b: Indeedee\n|-resisted|p1b: Indeedee\n|-damage|p1b: Indeedee|45\/100\n|-damage|p2b: Tyranitar|84\/100|[from] item: Rocky Helmet|[of] p1b: Indeedee\n|-enditem|p1b: Indeedee|Rocky Helmet|[from] move: Knock Off|[of] p2b: Tyranitar\n|move|p1b: Indeedee|Trick Room|p1b: Indeedee\n|-fieldstart|move: Trick Room|[of] p1b: Indeedee\n|\n|-weather|Sandstorm|[upkeep]\n|-damage|p1b: Indeedee|38\/100|[from] Sandstorm\n|upkeep\n|turn|2\n|\n|t:|1724693981\n|switch|p1b: Archaludon|Archaludon, L50, M|100\/100\n|move|p2a: Lycanroc|Protect|p2a: Lycanroc\n|-singleturn|p2a: Lycanroc|Protect\n|move|p1a: Ursaluna|Hyper Voice|p2a: Lycanroc|[spread] p2b\n|-activate|p2a: Lycanroc|move: Protect\n|-resisted|p2b: Tyranitar\n|-damage|p2b: Tyranitar|77\/100\n|-enditem|p1a: Ursaluna|Throat Spray\n|-boost|p1a: Ursaluna|spa|1|[from] item: Throat Spray\n|move|p2b: Tyranitar|Knock Off|p1a: Ursaluna\n|-damage|p1a: Ursaluna|73\/100\n|\n|-weather|Sandstorm|[upkeep]\n|upkeep\n|turn|3\n|\n|t:|1724694016\n|switch|p2a: Indeedee|Indeedee-F, L50, F, shiny|100\/100\n|move|p1a: Ursaluna|Earth Power|p2a: Indeedee\n|-damage|p2a: Indeedee|29\/100\n|-enditem|p2a: Indeedee|Sitrus Berry|[eat]\n|-heal|p2a: Indeedee|54\/100|[from] item: Sitrus Berry\n|move|p2b: Tyranitar|Knock Off|p1b: Archaludon\n|-damage|p1b: Archaludon|58\/100\n|-ability|p1b: Archaludon|Stamina|boost\n|-boost|p1b: Archaludon|def|1\n|-enditem|p1b: Archaludon|Assault Vest|[from] move: Knock Off|[of] p2b: Tyranitar\n|move|p1b: Archaludon|Body Press|p2b: Tyranitar\n|-supereffective|p2b: Tyranitar\n|-damage|p2b: Tyranitar|0 fnt\n|faint|p2b: Tyranitar\n|\n|-weather|Sandstorm|[upkeep]\n|-damage|p2a: Indeedee|48\/100|[from] Sandstorm\n|upkeep\n|\n|t:|1724694019\n|switch|p2b: Gholdengo|Gholdengo, L50|100\/100\n|turn|4\n|\n|t:|1724694048\n|move|p1a: Ursaluna|Protect|p1a: Ursaluna\n|-singleturn|p1a: Ursaluna|Protect\n|move|p2a: Indeedee|Follow Me|p2a: Indeedee\n|-singleturn|p2a: Indeedee|move: Follow Me\n|move|p1b: Archaludon|Body Press|p2a: Indeedee\n|-damage|p2a: Indeedee|15\/100\n|move|p2b: Gholdengo|Nasty Plot|p2b: Gholdengo\n|-boost|p2b: Gholdengo|spa|2\n|\n|-weather|Sandstorm|[upkeep]\n|-damage|p2a: Indeedee|8\/100|[from] Sandstorm\n|upkeep\n|turn|5\n|\n|t:|1724694110\n|move|p2a: Indeedee|Protect|p2a: Indeedee\n|-singleturn|p2a: Indeedee|Protect\n|move|p2b: Gholdengo|Protect|p2b: Gholdengo\n|-singleturn|p2b: Gholdengo|Protect\n|move|p1a: Ursaluna|Hyper Voice|p2b: Gholdengo|[spread] \n|-activate|p2a: Indeedee|move: Protect\n|-activate|p2b: Gholdengo|move: Protect\n|move|p1b: Archaludon|Draco Meteor|p2b: Gholdengo\n|-activate|p2b: Gholdengo|move: Protect\n|\n|-weather|none\n|-fieldend|move: Trick Room\n|-fieldend|move: Psychic Terrain\n|upkeep\n|turn|6\n|\n|t:|1724694129\n|move|p1a: Ursaluna|Protect|p1a: Ursaluna\n|-singleturn|p1a: Ursaluna|Protect\n|move|p2b: Gholdengo|Make It Rain|p1a: Ursaluna|[spread] p1b\n|-activate|p1a: Ursaluna|move: Protect\n|-resisted|p1b: Archaludon\n|-damage|p1b: Archaludon|0 fnt\n|-unboost|p2b: Gholdengo|spa|1\n|faint|p1b: Archaludon\n|-damage|p2b: Gholdengo|91\/100|[from] item: Life Orb\n|move|p2a: Indeedee|Psychic|p1a: Ursaluna\n|-activate|p1a: Ursaluna|move: Protect\n|\n|upkeep\n|\n|t:|1724694147\n|switch|p1b: Pelipper|Pelipper, L50, F|100\/100\n|-weather|RainDance|[from] ability: Drizzle|[of] p1b: Pelipper\n|turn|7\n|\n|t:|1724694199\n|move|p1b: Pelipper|Wide Guard|p1b: Pelipper\n|-singleturn|p1b: Pelipper|Wide Guard\n|move|p2b: Gholdengo|Shadow Ball|p1b: Pelipper\n|-enditem|p1b: Pelipper|Focus Sash\n|-damage|p1b: Pelipper|1\/100\n|-unboost|p1b: Pelipper|spd|1\n|-damage|p2b: Gholdengo|81\/100|[from] item: Life Orb\n|move|p2a: Indeedee|Psychic|p1b: Pelipper\n|-damage|p1b: Pelipper|0 fnt\n|faint|p1b: Pelipper\n|move|p1a: Ursaluna|Earth Power|p2b: Gholdengo\n|-supereffective|p2b: Gholdengo\n|-crit|p2b: Gholdengo\n|-damage|p2b: Gholdengo|0 fnt\n|faint|p2b: Gholdengo\n|\n|-weather|RainDance|[upkeep]\n|upkeep\n|\n|t:|1724694218\n|switch|p2b: Lycanroc|Lycanroc, L50, F, shiny|100\/100\n|switch|p1b: Indeedee|Indeedee-F, L50, F, tera:Fairy|38\/100\n|-fieldstart|move: Psychic Terrain|[from] ability: Psychic Surge|[of] p1b: Indeedee\n|turn|8\n|\n|t:|1724694235\n|move|p1b: Indeedee|Follow Me|p1b: Indeedee\n|-singleturn|p1b: Indeedee|move: Follow Me\n|move|p2b: Lycanroc|Rock Slide|p1a: Ursaluna|[spread] p1a,p1b\n|-resisted|p1a: Ursaluna\n|-damage|p1a: Ursaluna|63\/100\n|-damage|p1b: Indeedee|12\/100\n|move|p2a: Indeedee|Psychic|p1b: Indeedee\n|-damage|p1b: Indeedee|0 fnt\n|faint|p1b: Indeedee\n|move|p1a: Ursaluna|Hyper Voice|p2a: Indeedee|[spread] p2a,p2b\n|-resisted|p2b: Lycanroc\n|-crit|p2b: Lycanroc\n|-damage|p2a: Indeedee|0 fnt\n|-damage|p2b: Lycanroc|37\/100\n|faint|p2a: Indeedee\n|\n|-weather|RainDance|[upkeep]\n|upkeep\n|turn|9\n|j| CatnipNtrip\n|\n|t:|1724694257\n|-terastallize|p2b: Lycanroc|Fighting\n|move|p2b: Lycanroc|Close Combat|p1a: Ursaluna\n|-supereffective|p1a: Ursaluna\n|-damage|p1a: Ursaluna|0 fnt\n|-unboost|p2b: Lycanroc|def|1\n|-unboost|p2b: Lycanroc|spd|1\n|faint|p1a: Ursaluna\n|\n|win|bwahacough\n|raw|Krisuerte's rating: 1681 &rarr; <strong>1663<\/strong><br \/>(-18 for losing)\n|raw|bwahacough's rating: 1711 &rarr; <strong>1729<\/strong><br \/>(+18 for winning)\n|l|\u2606bwahacough\n|player|p2|\n|l|\u2606Krisuerte\n|player|p1|\n|l| dblouis\n|l| CatnipNtrip\n","uploadtime":1724694471,"views":101,"formatid":"gen9vgc2024regh","rating":1663,"private":0,"password":null}