{"id":"gen9vgc2024regh-2188588839","format":"[Gen 9] VGC 2024 Reg H","players":["greenlightdmp","helio list"],"log":"|j|\u2606greenlightdmp\n|j|\u2606helio list\n|t:|1724727611\n|gametype|doubles\n|player|p1|greenlightdmp|169|1688\n|player|p2|helio list|pokemonbreederf|1693\n|teamsize|p1|6\n|teamsize|p2|6\n|gen|9\n|tier|[Gen 9] VGC 2024 Reg H\n|rated|\n|rule|Species Clause: Limit one of each Pok\u00e9mon\n|rule|Item Clause: Limit 1 of each item\n|clearpoke\n|poke|p1|Tyranitar, L50, F|\n|poke|p1|Talonflame, L50, F|\n|poke|p1|Garchomp, L50, F|\n|poke|p1|Cryogonal, L50|\n|poke|p1|Gastrodon-East, L50, F|\n|poke|p1|Gholdengo, L50|\n|poke|p2|Dondozo, L50, F|\n|poke|p2|Maushold-Four, L50|\n|poke|p2|Glimmora, L50, F|\n|poke|p2|Talonflame, L50, F|\n|poke|p2|Gholdengo, L50|\n|poke|p2|Tatsugiri-Stretchy, L50, M|\n|teampreview|4\n|inactive|Battle timer is ON: inactive players will automatically lose when time's up. (requested by helio list)\n|j| salmonpepsi\n|\n|t:|1724727636\n|start\n|switch|p1a: Talonflame|Talonflame, L50, F|100\/100\n|switch|p1b: Gholdengo|Gholdengo, L50|100\/100\n|switch|p2a: Talonflame|Talonflame, L50, F|100\/100\n|switch|p2b: Gholdengo|Gholdengo, L50|100\/100\n|turn|1\n|\n|t:|1724727657\n|-terastallize|p2b: Gholdengo|Steel\n|-terastallize|p1b: Gholdengo|Steel\n|move|p1a: Talonflame|Tailwind|p1a: Talonflame\n|-sidestart|p1: greenlightdmp|move: Tailwind\n|move|p2a: Talonflame|Tailwind|p2a: Talonflame\n|-sidestart|p2: helio list|move: Tailwind\n|move|p2b: Gholdengo|Make It Rain|p1b: Gholdengo|[spread] p1a,p1b\n|-resisted|p1a: Talonflame\n|-resisted|p1b: Gholdengo\n|-damage|p1a: Talonflame|41\/100\n|-damage|p1b: Gholdengo|53\/100\n|-unboost|p2b: Gholdengo|spa|1\n|-damage|p2b: Gholdengo|91\/100|[from] item: Life Orb\n|move|p1b: Gholdengo|Make It Rain|p2a: Talonflame|[spread] p2a,p2b\n|-resisted|p2a: Talonflame\n|-resisted|p2b: Gholdengo\n|-damage|p2a: Talonflame|31\/100\n|-damage|p2b: Gholdengo|35\/100\n|-unboost|p1b: Gholdengo|spa|1\n|\n|upkeep\n|turn|2\n|j| Andromedas\n|inactive|greenlightdmp has 30 seconds left.\n|\n|t:|1724727683\n|move|p2b: Gholdengo|Protect|p2b: Gholdengo\n|-singleturn|p2b: Gholdengo|Protect\n|move|p1a: Talonflame|Flare Blitz|p2b: Gholdengo\n|-activate|p2b: Gholdengo|move: Protect\n|move|p2a: Talonflame|Flare Blitz|p1b: Gholdengo\n|-supereffective|p1b: Gholdengo\n|-damage|p1b: Gholdengo|0 fnt\n|faint|p1b: Gholdengo\n|-damage|p2a: Talonflame|13\/100|[from] Recoil\n|\n|upkeep\n|\n|t:|1724727695\n|switch|p1b: Garchomp|Garchomp, L50, F|100\/100\n|turn|3\n|\n|t:|1724727712\n|switch|p2b: Dondozo|Dondozo, L50, F|100\/100\n|move|p1a: Talonflame|Brave Bird|p2a: Talonflame\n|-damage|p2a: Talonflame|0 fnt\n|faint|p2a: Talonflame\n|-damage|p1a: Talonflame|37\/100|[from] Recoil\n|-damage|p1a: Talonflame|27\/100|[from] item: Life Orb\n|move|p1b: Garchomp|Earthquake|p2b: Dondozo|[spread] p2b\n|-immune|p1a: Talonflame\n|-damage|p2b: Dondozo|76\/100\n|\n|upkeep\n|\n|t:|1724727716\n|switch|p2a: Gholdengo|Gholdengo, L50, tera:Steel|35\/100\n|turn|4\n|\n|t:|1724727737\n|switch|p1a: Cryogonal|Cryogonal, L50|100\/100\n|switch|p2a: Tatsugiri|Tatsugiri-Stretchy, L50, M, shiny|100\/100\n|-activate|p2a: Tatsugiri|ability: Commander|[of] p2b: Dondozo\n|-boost|p2b: Dondozo|atk|2\n|-boost|p2b: Dondozo|spa|2\n|-boost|p2b: Dondozo|spe|2\n|-boost|p2b: Dondozo|def|2\n|-boost|p2b: Dondozo|spd|2\n|move|p1b: Garchomp|Earthquake|p2b: Dondozo|[spread] p2b\n|-miss|p1b: Garchomp|p2a: Tatsugiri\n|-immune|p1a: Cryogonal|[from] ability: Levitate\n|-damage|p2b: Dondozo|63\/100\n|move|p2b: Dondozo|Order Up|p1a: Cryogonal\n|-damage|p1a: Cryogonal|9\/100\n|-boost|p2b: Dondozo|spe|1\n|\n|-sideend|p1: greenlightdmp|move: Tailwind\n|-sideend|p2: helio list|move: Tailwind\n|upkeep\n|turn|5\n|\n|t:|1724727759\n|move|p1a: Cryogonal|Haze|p1a: Cryogonal\n|-clearallboost\n|move|p1b: Garchomp|Dragon Claw|p2b: Dondozo\n|-damage|p2b: Dondozo|33\/100\n|move|p2b: Dondozo|Order Up|p1b: Garchomp\n|-supereffective|p1b: Garchomp\n|-damage|p1b: Garchomp|50\/100\n|-boost|p2b: Dondozo|spe|1\n|\n|upkeep\n|turn|6\n|inactive|greenlightdmp has 30 seconds left.\n|\n|t:|1724727786\n|move|p1a: Cryogonal|Freeze-Dry|p2b: Dondozo\n|-supereffective|p2b: Dondozo\n|-damage|p2b: Dondozo|0 fnt\n|faint|p2b: Dondozo\n|move|p1b: Garchomp|Dragon Claw|p2a: Tatsugiri\n|-supereffective|p2a: Tatsugiri\n|-crit|p2a: Tatsugiri\n|-damage|p2a: Tatsugiri|0 fnt\n|faint|p2a: Tatsugiri\n|\n|upkeep\n|\n|t:|1724727790\n|switch|p2b: Gholdengo|Gholdengo, L50, tera:Steel|35\/100\n|turn|7\n|-message|helio list forfeited.\n|\n|win|greenlightdmp\n|raw|greenlightdmp's rating: 1688 &rarr; <strong>1708<\/strong><br \/>(+20 for winning)\n|raw|helio list's rating: 1693 &rarr; <strong>1673<\/strong><br \/>(-20 for losing)\n|l|\u2606helio list\n|player|p2|\n|l| salmonpepsi\n|l| Andromedas\n|l|\u2606greenlightdmp\n|player|p1|\n|j|\u2606greenlightdmp\n|player|p1|greenlightdmp|169|\n","uploadtime":1724727805,"views":41,"formatid":"gen9vgc2024regh","rating":1673,"private":0,"password":null}