{"id":"gen9vgc2024regh-2188842190","format":"[Gen 9] VGC 2024 Reg H","players":["RustyChair13","TAKETHEEFLAMETHY"],"log":"|j|\u2606RustyChair13\n|j|\u2606TAKETHEEFLAMETHY\n|t:|1724765880\n|gametype|doubles\n|player|p1|RustyChair13|170|1663\n|player|p2|TAKETHEEFLAMETHY|benga|1695\n|teamsize|p1|6\n|teamsize|p2|6\n|gen|9\n|tier|[Gen 9] VGC 2024 Reg H\n|rated|\n|rule|Species Clause: Limit one of each Pok\u00e9mon\n|rule|Item Clause: Limit 1 of each item\n|clearpoke\n|poke|p1|Whimsicott, L50, F|\n|poke|p1|Ursaluna-Bloodmoon, L50, M|\n|poke|p1|Meowscarada, L50, F|\n|poke|p1|Typhlosion-Hisui, L50, M|\n|poke|p1|Indeedee-F, L50, F|\n|poke|p1|Armarouge, L50, M|\n|poke|p2|Salamence, L50, M|\n|poke|p2|Gholdengo, L50|\n|poke|p2|Pelipper, L50, F|\n|poke|p2|Archaludon, L50, M|\n|poke|p2|Sinistcha, L50|\n|poke|p2|Incineroar, L50, M|\n|teampreview|4\n|inactive|Battle timer is ON: inactive players will automatically lose when time's up. (requested by RustyChair13)\n|\n|t:|1724765935\n|start\n|switch|p1a: Whimsicott|Whimsicott, L50, F, shiny|100\/100\n|switch|p1b: Meowscarada|Meowscarada, L50, F|100\/100\n|switch|p2a: Salamence|Salamence, L50, M, shiny|100\/100\n|switch|p2b: Pelipper|Pelipper, L50, F|100\/100\n|-weather|RainDance|[from] ability: Drizzle|[of] p2b: Pelipper\n|turn|1\n|j| urmomtest\n|inactive|TAKETHEEFLAMETHY has 30 seconds left.\n|inactive|TAKETHEEFLAMETHY has 20 seconds left.\n|inactive|TAKETHEEFLAMETHY has 15 seconds left.\n|inactive|TAKETHEEFLAMETHY has 10 seconds left.\n|\n|t:|1724765982\n|switch|p2a: Incineroar|Incineroar, L50, M|100\/100\n|-ability|p2a: Incineroar|Intimidate|boost\n|-unboost|p1a: Whimsicott|atk|1\n|-unboost|p1b: Meowscarada|atk|1\n|move|p1a: Whimsicott|Moonblast|p2b: Pelipper\n|-damage|p2b: Pelipper|39\/100\n|move|p1b: Meowscarada|Knock Off|p2b: Pelipper\n|-start|p1b: Meowscarada|typechange|Dark|[from] ability: Protean\n|-damage|p2b: Pelipper|0 fnt\n|-enditem|p2b: Pelipper|Focus Sash|[from] move: Knock Off|[of] p1b: Meowscarada\n|faint|p2b: Pelipper\n|\n|-weather|RainDance|[upkeep]\n|upkeep\n|\n|t:|1724765996\n|switch|p2b: Archaludon|Archaludon, L50, M|100\/100\n|turn|2\n|\n|t:|1724766013\n|switch|p1a: Indeedee|Indeedee-F, L50, F, shiny|100\/100\n|-fieldstart|move: Psychic Terrain|[from] ability: Psychic Surge|[of] p1a: Indeedee\n|-enditem|p1a: Indeedee|Psychic Seed\n|-boost|p1a: Indeedee|spd|1|[from] item: Psychic Seed\n|move|p1b: Meowscarada|Knock Off|p2b: Archaludon\n|-damage|p2b: Archaludon|65\/100\n|-ability|p2b: Archaludon|Stamina|boost\n|-boost|p2b: Archaludon|def|1\n|-enditem|p2b: Archaludon|Assault Vest|[from] move: Knock Off|[of] p1b: Meowscarada\n|move|p2b: Archaludon|Electro Shot||[still]\n|-prepare|p2b: Archaludon|Electro Shot\n|-boost|p2b: Archaludon|spa|1\n|-anim|p2b: Archaludon|Electro Shot|p1b: Meowscarada\n|-damage|p1b: Meowscarada|0 fnt\n|faint|p1b: Meowscarada\n|move|p2a: Incineroar|Knock Off|p1a: Indeedee\n|-supereffective|p1a: Indeedee\n|-damage|p1a: Indeedee|52\/100\n|\n|-weather|RainDance|[upkeep]\n|upkeep\n|\n|t:|1724766031\n|switch|p1b: Ursaluna|Ursaluna-Bloodmoon, L50, M|100\/100\n|turn|3\n|inactive|TAKETHEEFLAMETHY has 30 seconds left.\n|\n|t:|1724766062\n|-terastallize|p1b: Ursaluna|Normal\n|move|p1a: Indeedee|Follow Me|p1a: Indeedee\n|-singleturn|p1a: Indeedee|move: Follow Me\n|move|p1b: Ursaluna|Blood Moon|p2a: Incineroar\n|-damage|p2a: Incineroar|6\/100\n|-enditem|p2a: Incineroar|Sitrus Berry|[eat]\n|-heal|p2a: Incineroar|31\/100|[from] item: Sitrus Berry\n|-damage|p1b: Ursaluna|91\/100|[from] item: Life Orb\n|move|p2b: Archaludon|Electro Shot||[still]\n|-prepare|p2b: Archaludon|Electro Shot\n|-boost|p2b: Archaludon|spa|1\n|-anim|p2b: Archaludon|Electro Shot|p1a: Indeedee\n|-damage|p1a: Indeedee|2\/100\n|move|p2a: Incineroar|Knock Off|p1a: Indeedee\n|-supereffective|p1a: Indeedee\n|-damage|p1a: Indeedee|0 fnt\n|faint|p1a: Indeedee\n|\n|-weather|RainDance|[upkeep]\n|upkeep\n|\n|t:|1724766071\n|switch|p1a: Whimsicott|Whimsicott, L50, F, shiny|100\/100\n|turn|4\n|j| prahhhh\n|\n|t:|1724766093\n|-terastallize|p2b: Archaludon|Fairy\n|move|p1a: Whimsicott|Tailwind|p1a: Whimsicott\n|-sidestart|p1: RustyChair13|move: Tailwind\n|move|p1b: Ursaluna|Earth Power|p2b: Archaludon\n|-damage|p2b: Archaludon|0 fnt\n|faint|p2b: Archaludon\n|-damage|p1b: Ursaluna|81\/100|[from] item: Life Orb\n|move|p2a: Incineroar|Knock Off|p1b: Ursaluna\n|-damage|p1b: Ursaluna|51\/100\n|-enditem|p1b: Ursaluna|Life Orb|[from] move: Knock Off|[of] p2a: Incineroar\n|\n|-weather|RainDance|[upkeep]\n|upkeep\n|j| Peroquecuones\n|\n|t:|1724766105\n|switch|p2b: Salamence|Salamence, L50, M, shiny|100\/100\n|turn|5\n|\n|t:|1724766125\n|move|p1b: Ursaluna|Protect|p1b: Ursaluna\n|-singleturn|p1b: Ursaluna|Protect\n|move|p2b: Salamence|Protect|p2b: Salamence\n|-singleturn|p2b: Salamence|Protect\n|move|p1a: Whimsicott|Moonblast|p2a: Incineroar\n|-damage|p2a: Incineroar|1\/100\n|move|p2a: Incineroar|Parting Shot|p1b: Ursaluna\n|-activate|p1b: Ursaluna|move: Protect\n|\n|-weather|none\n|upkeep\n|turn|6\n|j| jayjazZa\n|\n|t:|1724766145\n|move|p1a: Whimsicott|Moonblast|p2b: Salamence\n|-supereffective|p2b: Salamence\n|-damage|p2b: Salamence|9\/100\n|move|p1b: Ursaluna|Hyper Voice|p2b: Salamence|[spread] p2a,p2b\n|-damage|p2a: Incineroar|0 fnt\n|-damage|p2b: Salamence|0 fnt\n|faint|p2a: Incineroar\n|faint|p2b: Salamence\n|\n|win|RustyChair13\n|raw|RustyChair13's rating: 1663 &rarr; <strong>1685<\/strong><br \/>(+22 for winning)\n|raw|TAKETHEEFLAMETHY's rating: 1695 &rarr; <strong>1673<\/strong><br \/>(-22 for losing)\n|c|\u2606RustyChair13|gg\n|l|\u2606TAKETHEEFLAMETHY\n|player|p2|\n|l|\u2606RustyChair13\n|player|p1|\n|l| Peroquecuones\n|l| prahhhh\n","uploadtime":1724766379,"views":88,"formatid":"gen9vgc2024regh","rating":1673,"private":0,"password":null}