{"id":"gen9vgc2024regh-2188445697","format":"[Gen 9] VGC 2024 Reg H","players":["Nerd159","jaurim2521"],"log":"|j|\u2606Nerd159\n|j|\u2606jaurim2521\n|t:|1724710057\n|gametype|doubles\n|player|p1|Nerd159|1|1705\n|player|p2|jaurim2521|lady|1753\n|teamsize|p1|6\n|teamsize|p2|6\n|gen|9\n|tier|[Gen 9] VGC 2024 Reg H\n|rated|\n|rule|Species Clause: Limit one of each Pok\u00e9mon\n|rule|Item Clause: Limit 1 of each item\n|clearpoke\n|poke|p1|Blaziken, L50, F|\n|poke|p1|Maushold, L50|\n|poke|p1|Gholdengo, L50|\n|poke|p1|Incineroar, L50, M|\n|poke|p1|Whimsicott, L50, F|\n|poke|p1|Primarina, L50, M|\n|poke|p2|Excadrill, L50, F|\n|poke|p2|Tyranitar, L50, M|\n|poke|p2|Primarina, L50, F|\n|poke|p2|Rillaboom, L50, F|\n|poke|p2|Samurott-Hisui, L50, F|\n|poke|p2|Dragapult, L50, M|\n|teampreview|4\n|inactive|Battle timer is ON: inactive players will automatically lose when time's up. (requested by jaurim2521)\n|j| mr pogostick\n|\n|t:|1724710078\n|start\n|switch|p1a: Blaziken|Blaziken, L50, F|100\/100\n|switch|p1b: Whimsicott|Whimsicott, L50, F|100\/100\n|switch|p2a: Tyranitar|Tyranitar, L50, M, shiny|100\/100\n|switch|p2b: Excadrill|Excadrill, L50, F, shiny|100\/100\n|-weather|Sandstorm|[from] ability: Sand Stream|[of] p2a: Tyranitar\n|turn|1\n|j| jibaobao\n|\n|t:|1724710092\n|move|p1a: Blaziken|Protect|p1a: Blaziken\n|-singleturn|p1a: Blaziken|Protect\n|move|p1b: Whimsicott|Sunny Day|p1b: Whimsicott\n|-weather|SunnyDay\n|move|p2b: Excadrill|Substitute|p2b: Excadrill\n|-start|p2b: Excadrill|Substitute\n|-damage|p2b: Excadrill|76\/100\n|move|p2a: Tyranitar|Rock Tomb|p1a: Blaziken\n|-activate|p1a: Blaziken|move: Protect\n|\n|-weather|SunnyDay|[upkeep]\n|-ability|p1a: Blaziken|Speed Boost|boost\n|-boost|p1a: Blaziken|spe|1\n|upkeep\n|turn|2\n|j| tetsuokaga\n|\n|t:|1724710115\n|move|p1b: Whimsicott|Tailwind|p1b: Whimsicott\n|-sidestart|p1: Nerd159|move: Tailwind\n|move|p1a: Blaziken|Close Combat|p2a: Tyranitar\n|-supereffective|p2a: Tyranitar\n|-enditem|p2a: Tyranitar|Focus Sash\n|-damage|p2a: Tyranitar|1\/100\n|-unboost|p1a: Blaziken|def|1\n|-unboost|p1a: Blaziken|spd|1\n|move|p2b: Excadrill|High Horsepower|p1a: Blaziken\n|-supereffective|p1a: Blaziken\n|-damage|p1a: Blaziken|0 fnt\n|faint|p1a: Blaziken\n|move|p2a: Tyranitar|Rock Tomb|p1b: Whimsicott\n|-damage|p1b: Whimsicott|55\/100\n|-unboost|p1b: Whimsicott|spe|1\n|\n|-weather|SunnyDay|[upkeep]\n|upkeep\n|\n|t:|1724710120\n|switch|p1a: Primarina|Primarina, L50, M|100\/100\n|turn|3\n|\n|t:|1724710125\n|switch|p1b: Maushold|Maushold, L50|100\/100\n|switch|p2a: Rillaboom|Rillaboom, L50, F|100\/100\n|-fieldstart|move: Grassy Terrain|[from] ability: Grassy Surge|[of] p2a: Rillaboom\n|-terastallize|p2b: Excadrill|Steel\n|move|p1a: Primarina|Hyper Voice|p2a: Rillaboom|[spread] p2a,p2b\n|-resisted|p2a: Rillaboom\n|-damage|p2a: Rillaboom|92\/100\n|-damage|p2b: Excadrill|52\/100\n|move|p2b: Excadrill|Iron Head|p1a: Primarina\n|-damage|p1a: Primarina|15\/100\n|-enditem|p1a: Primarina|Sitrus Berry|[eat]\n|-heal|p1a: Primarina|39\/100|[from] item: Sitrus Berry\n|\n|-weather|SunnyDay|[upkeep]\n|-heal|p1a: Primarina|46\/100|[from] Grassy Terrain\n|-heal|p2b: Excadrill|58\/100|[from] Grassy Terrain\n|-heal|p2a: Rillaboom|98\/100|[from] Grassy Terrain\n|upkeep\n|turn|4\n|\n|t:|1724710136\n|switch|p2a: Tyranitar|Tyranitar, L50, M, shiny|1\/100\n|-weather|Sandstorm|[from] ability: Sand Stream|[of] p2a: Tyranitar\n|move|p1b: Maushold|Protect|p1b: Maushold\n|-singleturn|p1b: Maushold|Protect\n|move|p1a: Primarina|Protect|p1a: Primarina\n|-singleturn|p1a: Primarina|Protect\n|move|p2b: Excadrill|Iron Head|p1a: Primarina\n|-activate|p1a: Primarina|move: Protect\n|\n|-weather|Sandstorm|[upkeep]\n|-damage|p1b: Maushold|94\/100|[from] Sandstorm\n|-damage|p1a: Primarina|39\/100|[from] Sandstorm\n|-heal|p1b: Maushold|100\/100|[from] Grassy Terrain\n|-heal|p2b: Excadrill|64\/100|[from] Grassy Terrain\n|-heal|p1a: Primarina|46\/100|[from] Grassy Terrain\n|-heal|p2a: Tyranitar|7\/100|[from] Grassy Terrain\n|upkeep\n|turn|5\n|\n|t:|1724710150\n|-terastallize|p1b: Maushold|Normal\n|move|p1b: Maushold|Population Bomb|p2b: Excadrill\n|-resisted|p2b: Excadrill\n|-activate|p2b: Excadrill|move: Substitute|[damage]\n|-resisted|p2b: Excadrill\n|-activate|p2b: Excadrill|move: Substitute|[damage]\n|-resisted|p2b: Excadrill\n|-end|p2b: Excadrill|Substitute\n|-resisted|p2b: Excadrill\n|-damage|p2b: Excadrill|55\/100\n|-resisted|p2b: Excadrill\n|-damage|p2b: Excadrill|44\/100\n|-resisted|p2b: Excadrill\n|-damage|p2b: Excadrill|33\/100\n|-resisted|p2b: Excadrill\n|-damage|p2b: Excadrill|23\/100\n|-resisted|p2b: Excadrill\n|-damage|p2b: Excadrill|13\/100\n|-resisted|p2b: Excadrill\n|-damage|p2b: Excadrill|3\/100\n|-resisted|p2b: Excadrill\n|-damage|p2b: Excadrill|0 fnt\n|faint|p2b: Excadrill\n|-hitcount|p2: Excadrill|10\n|move|p1a: Primarina|Hyper Voice|p2a: Tyranitar\n|-supereffective|p2a: Tyranitar\n|-damage|p2a: Tyranitar|0 fnt\n|faint|p2a: Tyranitar\n|\n|-weather|Sandstorm|[upkeep]\n|-damage|p1b: Maushold|94\/100|[from] Sandstorm\n|-damage|p1a: Primarina|39\/100|[from] Sandstorm\n|-heal|p1b: Maushold|100\/100|[from] Grassy Terrain\n|-heal|p1a: Primarina|46\/100|[from] Grassy Terrain\n|-sideend|p1: Nerd159|move: Tailwind\n|upkeep\n|\n|t:|1724710160\n|switch|p2b: Rillaboom|Rillaboom, L50, F|98\/100\n|switch|p2a: Samurott|Samurott-Hisui, L50, F|100\/100\n|turn|6\n|\n|t:|1724710176\n|move|p1b: Maushold|Protect|p1b: Maushold\n|-singleturn|p1b: Maushold|Protect\n|move|p2b: Rillaboom|Grassy Glide|p1a: Primarina\n|-supereffective|p1a: Primarina\n|-damage|p1a: Primarina|0 fnt\n|faint|p1a: Primarina\n|move|p2a: Samurott|Sacred Sword|p1b: Maushold\n|-activate|p1b: Maushold|move: Protect\n|\n|-weather|Sandstorm|[upkeep]\n|-damage|p1b: Maushold|94\/100|[from] Sandstorm\n|-damage|p2a: Samurott|94\/100|[from] Sandstorm\n|-damage|p2b: Rillaboom|92\/100|[from] Sandstorm\n|-heal|p1b: Maushold|100\/100|[from] Grassy Terrain\n|-heal|p2a: Samurott|100\/100|[from] Grassy Terrain\n|-heal|p2b: Rillaboom|98\/100|[from] Grassy Terrain\n|upkeep\n|\n|t:|1724710178\n|switch|p1a: Whimsicott|Whimsicott, L50, F|55\/100\n|turn|7\n|\n|t:|1724710182\n|move|p2a: Samurott|Sucker Punch|p1b: Maushold\n|-damage|p1b: Maushold|52\/100\n|move|p2b: Rillaboom|Grassy Glide|p1b: Maushold\n|-damage|p1b: Maushold|0 fnt\n|faint|p1b: Maushold\n|move|p1a: Whimsicott|Moonblast|p2a: Samurott\n|-supereffective|p2a: Samurott\n|-damage|p2a: Samurott|47\/100\n|\n|-weather|Sandstorm|[upkeep]\n|-damage|p1a: Whimsicott|49\/100|[from] Sandstorm\n|-damage|p2a: Samurott|41\/100|[from] Sandstorm\n|-damage|p2b: Rillaboom|92\/100|[from] Sandstorm\n|-heal|p1a: Whimsicott|55\/100|[from] Grassy Terrain\n|-heal|p2a: Samurott|47\/100|[from] Grassy Terrain\n|-heal|p2b: Rillaboom|98\/100|[from] Grassy Terrain\n|-fieldend|move: Grassy Terrain\n|upkeep\n|turn|8\n|j| Thurmos7\n|-message|Nerd159 forfeited.\n|\n|win|jaurim2521\n|raw|Nerd159's rating: 1705 &rarr; <strong>1688<\/strong><br \/>(-17 for losing)\n|raw|jaurim2521's rating: 1753 &rarr; <strong>1770<\/strong><br \/>(+17 for winning)\n|l|\u2606Nerd159\n|player|p1|\n|l|\u2606jaurim2521\n|player|p2|\n|l| tetsuokaga\n|l| mr pogostick\n","uploadtime":1724710460,"views":76,"formatid":"gen9vgc2024regh","rating":1688,"private":0,"password":null}