{"id":"gen9vgc2024regh-2188299827","format":"[Gen 9] VGC 2024 Reg H","players":["jaurim2521","bwahacough"],"log":"|j|\u2606jaurim2521\n|j|\u2606bwahacough\n|t:|1724696078\n|gametype|doubles\n|player|p1|jaurim2521|lady|1751\n|player|p2|bwahacough|medium|1774\n|teamsize|p1|6\n|teamsize|p2|6\n|gen|9\n|tier|[Gen 9] VGC 2024 Reg H\n|rated|\n|rule|Species Clause: Limit one of each Pok\u00e9mon\n|rule|Item Clause: Limit 1 of each item\n|clearpoke\n|poke|p1|Excadrill, L50, F|\n|poke|p1|Tyranitar, L50, F|\n|poke|p1|Primarina, L50, F|\n|poke|p1|Rillaboom, L50, M|\n|poke|p1|Samurott-Hisui, L50, F|\n|poke|p1|Dragapult, L50, M|\n|poke|p2|Lycanroc, L50, M|\n|poke|p2|Tyranitar, L50, F|\n|poke|p2|Indeedee-F, L50, F|\n|poke|p2|Murkrow, L50, F|\n|poke|p2|Garchomp, L50, M|\n|poke|p2|Gholdengo, L50|\n|teampreview|4\n|inactive|Battle timer is ON: inactive players will automatically lose when time's up. (requested by jaurim2521)\n|j| CatnipNtrip\n|j| l pano l\n|inactive|jaurim2521 has 60 seconds left.\n|\n|t:|1724696112\n|start\n|switch|p1a: Samurott|Samurott-Hisui, L50, F|100\/100\n|switch|p1b: Rillaboom|Rillaboom, L50, M|100\/100\n|switch|p2a: Murkrow|Murkrow, L50, F|100\/100\n|switch|p2b: Gholdengo|Gholdengo, L50|100\/100\n|-fieldstart|move: Grassy Terrain|[from] ability: Grassy Surge|[of] p1b: Rillaboom\n|turn|1\n|\n|t:|1724696132\n|move|p2b: Gholdengo|Protect|p2b: Gholdengo\n|-singleturn|p2b: Gholdengo|Protect\n|move|p1b: Rillaboom|Fake Out|p2b: Gholdengo\n|-activate|p2b: Gholdengo|move: Protect\n|move|p1a: Samurott|Ceaseless Edge|p2b: Gholdengo\n|-activate|p2b: Gholdengo|move: Protect\n|move|p2a: Murkrow|Foul Play|p1b: Rillaboom\n|-damage|p1b: Rillaboom|58\/100\n|\n|-heal|p1b: Rillaboom|64\/100|[from] Grassy Terrain\n|upkeep\n|turn|2\n|\n|t:|1724696143\n|-terastallize|p2b: Gholdengo|Fairy\n|move|p2b: Gholdengo|Make It Rain|p1b: Rillaboom|[spread] p1a,p1b\n|-resisted|p1a: Samurott\n|-damage|p1a: Samurott|75\/100\n|-damage|p1b: Rillaboom|0 fnt\n|-unboost|p2b: Gholdengo|spa|1\n|faint|p1b: Rillaboom\n|-damage|p2b: Gholdengo|91\/100|[from] item: Life Orb\n|move|p1a: Samurott|Ceaseless Edge|p2b: Gholdengo\n|-resisted|p2b: Gholdengo\n|-damage|p2b: Gholdengo|68\/100\n|-sidestart|p2: bwahacough|Spikes\n|move|p2a: Murkrow|Foul Play|p1a: Samurott\n|-resisted|p1a: Samurott\n|-damage|p1a: Samurott|50\/100\n|\n|-heal|p2b: Gholdengo|74\/100|[from] Grassy Terrain\n|-heal|p1a: Samurott|56\/100|[from] Grassy Terrain\n|upkeep\n|\n|t:|1724696147\n|switch|p1b: Primarina|Primarina, L50, F, shiny|100\/100\n|turn|3\n|\n|t:|1724696156\n|move|p2a: Murkrow|Haze|p2a: Murkrow\n|-clearallboost\n|move|p2b: Gholdengo|Make It Rain|p1b: Primarina|[spread] p1a,p1b\n|-resisted|p1a: Samurott\n|-damage|p1a: Samurott|30\/100\n|-damage|p1b: Primarina|44\/100\n|-unboost|p2b: Gholdengo|spa|1\n|-enditem|p1b: Primarina|Sitrus Berry|[eat]\n|-heal|p1b: Primarina|69\/100|[from] item: Sitrus Berry\n|-damage|p2b: Gholdengo|65\/100|[from] item: Life Orb\n|move|p1a: Samurott|Aqua Cutter|p2b: Gholdengo\n|-damage|p2b: Gholdengo|15\/100\n|move|p1b: Primarina|Moonblast|p2a: Murkrow\n|-supereffective|p2a: Murkrow\n|-damage|p2a: Murkrow|25\/100\n|\n|-heal|p2b: Gholdengo|21\/100|[from] Grassy Terrain\n|-heal|p1a: Samurott|36\/100|[from] Grassy Terrain\n|-heal|p1b: Primarina|75\/100|[from] Grassy Terrain\n|upkeep\n|turn|4\n|\n|t:|1724696176\n|move|p2b: Gholdengo|Protect|p2b: Gholdengo\n|-singleturn|p2b: Gholdengo|Protect\n|move|p1b: Primarina|Protect|p1b: Primarina\n|-singleturn|p1b: Primarina|Protect\n|move|p1a: Samurott|Sucker Punch||[still]\n|-fail|p1a: Samurott\n|move|p2a: Murkrow|Tailwind|p2a: Murkrow\n|-sidestart|p2: bwahacough|move: Tailwind\n|\n|-heal|p2b: Gholdengo|27\/100|[from] Grassy Terrain\n|-heal|p1a: Samurott|42\/100|[from] Grassy Terrain\n|-heal|p1b: Primarina|81\/100|[from] Grassy Terrain\n|upkeep\n|turn|5\n|\n|t:|1724696194\n|move|p2a: Murkrow|Haze|p2a: Murkrow\n|-clearallboost\n|move|p2b: Gholdengo|Make It Rain|p1a: Samurott|[spread] p1a,p1b\n|-resisted|p1a: Samurott\n|-damage|p1a: Samurott|15\/100\n|-damage|p1b: Primarina|29\/100\n|-unboost|p2b: Gholdengo|spa|1\n|-damage|p2b: Gholdengo|17\/100|[from] item: Life Orb\n|move|p1a: Samurott|Aqua Cutter|p2b: Gholdengo\n|-damage|p2b: Gholdengo|0 fnt\n|faint|p2b: Gholdengo\n|move|p1b: Primarina|Hyper Voice|p2a: Murkrow\n|-damage|p2a: Murkrow|0 fnt\n|faint|p2a: Murkrow\n|\n|-heal|p1a: Samurott|21\/100|[from] Grassy Terrain\n|-heal|p1b: Primarina|35\/100|[from] Grassy Terrain\n|-fieldend|move: Grassy Terrain\n|upkeep\n|\n|t:|1724696196\n|switch|p2b: Garchomp|Garchomp, L50, M, shiny|100\/100\n|switch|p2a: Lycanroc|Lycanroc, L50, M, shiny|100\/100\n|-damage|p2a: Lycanroc|88\/100|[from] Spikes\n|-damage|p2b: Garchomp|88\/100|[from] Spikes\n|turn|6\n|\n|t:|1724696205\n|move|p2a: Lycanroc|Protect|p2a: Lycanroc\n|-singleturn|p2a: Lycanroc|Protect\n|move|p1b: Primarina|Protect|p1b: Primarina\n|-singleturn|p1b: Primarina|Protect\n|move|p1a: Samurott|Sucker Punch||[still]\n|-fail|p1a: Samurott\n|move|p2b: Garchomp|Earthquake|p1a: Samurott|[spread] p1a\n|-activate|p2a: Lycanroc|move: Protect\n|-activate|p1b: Primarina|move: Protect\n|-damage|p1a: Samurott|0 fnt\n|faint|p1a: Samurott\n|\n|upkeep\n|\n|t:|1724696206\n|switch|p1a: Tyranitar|Tyranitar, L50, F, shiny|100\/100\n|-weather|Sandstorm|[from] ability: Sand Stream|[of] p1a: Tyranitar\n|turn|7\n|j| Thurmos7\n|\n|t:|1724696219\n|-terastallize|p1b: Primarina|Grass\n|move|p1a: Tyranitar|Protect|p1a: Tyranitar\n|-singleturn|p1a: Tyranitar|Protect\n|move|p2a: Lycanroc|Close Combat|p1a: Tyranitar\n|-activate|p1a: Tyranitar|move: Protect\n|move|p2b: Garchomp|Poison Jab|p1b: Primarina\n|-supereffective|p1b: Primarina\n|-crit|p1b: Primarina\n|-damage|p1b: Primarina|0 fnt\n|faint|p1b: Primarina\n|\n|-weather|Sandstorm|[upkeep]\n|-sideend|p2: bwahacough|move: Tailwind\n|upkeep\n|turn|8\n|-message|jaurim2521 forfeited.\n|\n|win|bwahacough\n|raw|jaurim2521's rating: 1751 &rarr; <strong>1732<\/strong><br \/>(-19 for losing)\n|raw|bwahacough's rating: 1774 &rarr; <strong>1793<\/strong><br \/>(+19 for winning)\n|l|\u2606jaurim2521\n|player|p1|\n|l|\u2606bwahacough\n|player|p2|\n|l| l pano l\n|l| CatnipNtrip\n","uploadtime":1724696436,"views":449,"formatid":"gen9vgc2024regh","rating":1732,"private":0,"password":null}