{"id":"gen9vgc2024regh-2188967787","format":"[Gen 9] VGC 2024 Reg H","players":["Nerd159","sarstingnos"],"log":"|j|\u2606Nerd159\n|j|\u2606sarstingnos\n|t:|1724777589\n|gametype|doubles\n|player|p1|Nerd159|101|1736\n|player|p2|sarstingnos|169|1764\n|teamsize|p1|6\n|teamsize|p2|6\n|gen|9\n|tier|[Gen 9] VGC 2024 Reg H\n|rated|\n|rule|Species Clause: Limit one of each Pok\u00e9mon\n|rule|Item Clause: Limit 1 of each item\n|clearpoke\n|poke|p1|Blaziken, L50, M|\n|poke|p1|Maushold, L50|\n|poke|p1|Gholdengo, L50|\n|poke|p1|Incineroar, L50, M|\n|poke|p1|Whimsicott, L50, F|\n|poke|p1|Primarina, L50, F|\n|poke|p2|Typhlosion-Hisui, L50, M|\n|poke|p2|Milotic, L50, F|\n|poke|p2|Indeedee, L50, M|\n|poke|p2|Gholdengo, L50|\n|poke|p2|Whimsicott, L50, F|\n|poke|p2|Sneasler, L50, F|\n|teampreview|4\n|\n|t:|1724777620\n|start\n|switch|p1a: Blaziken|Blaziken, L50, M|100\/100\n|switch|p1b: Whimsicott|Whimsicott, L50, F|100\/100\n|switch|p2a: Whimsicott|Whimsicott, L50, F|100\/100\n|switch|p2b: Typhlosion|Typhlosion-Hisui, L50, M|100\/100\n|turn|1\n|\n|t:|1724777633\n|move|p1b: Whimsicott|Tailwind|p1b: Whimsicott\n|-sidestart|p1: Nerd159|move: Tailwind\n|move|p2a: Whimsicott|Tailwind|p2a: Whimsicott\n|-sidestart|p2: sarstingnos|move: Tailwind\n|move|p2b: Typhlosion|Eruption|p1b: Whimsicott|[spread] p1a,p1b\n|-resisted|p1a: Blaziken\n|-supereffective|p1b: Whimsicott\n|-damage|p1a: Blaziken|38\/100\n|-enditem|p1b: Whimsicott|Focus Sash\n|-damage|p1b: Whimsicott|1\/100\n|move|p1a: Blaziken|Knock Off|p2b: Typhlosion\n|-supereffective|p2b: Typhlosion\n|-damage|p2b: Typhlosion|0 fnt\n|-enditem|p2b: Typhlosion|Choice Specs|[from] move: Knock Off|[of] p1a: Blaziken\n|faint|p2b: Typhlosion\n|\n|-ability|p1a: Blaziken|Speed Boost|boost\n|-boost|p1a: Blaziken|spe|1\n|upkeep\n|\n|t:|1724777646\n|switch|p2b: Milotic|Milotic, L50, F|100\/100\n|turn|2\n|\n|t:|1724777661\n|move|p1a: Blaziken|Protect|p1a: Blaziken\n|-singleturn|p1a: Blaziken|Protect\n|move|p1b: Whimsicott|Moonblast|p2b: Milotic\n|-damage|p2b: Milotic|76\/100\n|move|p2a: Whimsicott|Moonblast|p1a: Blaziken\n|-activate|p1a: Blaziken|move: Protect\n|move|p2b: Milotic|Icy Wind|p1b: Whimsicott|[spread] p1b\n|-activate|p1a: Blaziken|move: Protect\n|-supereffective|p1b: Whimsicott\n|-damage|p1b: Whimsicott|0 fnt\n|faint|p1b: Whimsicott\n|\n|-ability|p1a: Blaziken|Speed Boost|boost\n|-boost|p1a: Blaziken|spe|1\n|upkeep\n|\n|t:|1724777666\n|switch|p1b: Primarina|Primarina, L50, F|100\/100\n|turn|3\n|inactive|Battle timer is ON: inactive players will automatically lose when time's up. (requested by Nerd159)\n|\n|t:|1724777685\n|move|p1a: Blaziken|Close Combat|p2b: Milotic\n|-damage|p2b: Milotic|22\/100\n|-unboost|p1a: Blaziken|def|1\n|-unboost|p1a: Blaziken|spd|1\n|-enditem|p2b: Milotic|Sitrus Berry|[eat]\n|-heal|p2b: Milotic|47\/100|[from] item: Sitrus Berry\n|move|p2a: Whimsicott|Moonblast|p1a: Blaziken\n|-damage|p1a: Blaziken|0 fnt\n|faint|p1a: Blaziken\n|move|p2b: Milotic|Recover|p2b: Milotic\n|-heal|p2b: Milotic|97\/100\n|move|p1b: Primarina|Moonblast|p2b: Milotic\n|-damage|p2b: Milotic|58\/100\n|\n|upkeep\n|j| LC333\n|\n|t:|1724777689\n|switch|p1a: Incineroar|Incineroar, L50, M|100\/100\n|-ability|p1a: Incineroar|Intimidate|boost\n|-unboost|p2a: Whimsicott|atk|1\n|-unboost|p2b: Milotic|atk|1\n|-ability|p2b: Milotic|Competitive|boost\n|-boost|p2b: Milotic|spa|2\n|turn|4\n|inactive|sarstingnos has 30 seconds left.\n|j| gfghdfd\n|\n|t:|1724777719\n|move|p1a: Incineroar|Fake Out|p2b: Milotic\n|-damage|p2b: Milotic|48\/100\n|move|p2a: Whimsicott|Endeavor|p1b: Primarina\n|-damage|p1b: Primarina|77\/100\n|cant|p2b: Milotic|flinch\n|move|p1b: Primarina|Moonblast|p2b: Milotic\n|-damage|p2b: Milotic|14\/100\n|\n|-sideend|p1: Nerd159|move: Tailwind\n|-sideend|p2: sarstingnos|move: Tailwind\n|upkeep\n|turn|5\n|j| TigerSkinRoll\n|\n|t:|1724777732\n|-terastallize|p1a: Incineroar|Grass\n|move|p2a: Whimsicott|Tailwind|p2a: Whimsicott\n|-sidestart|p2: sarstingnos|move: Tailwind\n|move|p2b: Milotic|Scald|p1a: Incineroar\n|-resisted|p1a: Incineroar\n|-damage|p1a: Incineroar|78\/100\n|move|p1b: Primarina|Haze|p1b: Primarina\n|-clearallboost\n|move|p1a: Incineroar|Flare Blitz|p2a: Whimsicott\n|-supereffective|p2a: Whimsicott\n|-enditem|p2a: Whimsicott|Focus Sash\n|-damage|p2a: Whimsicott|1\/100\n|-damage|p1a: Incineroar|56\/100|[from] Recoil\n|\n|upkeep\n|turn|6\n|j| shanehuang99\n|\n|t:|1724777747\n|move|p2a: Whimsicott|Endeavor|p1a: Incineroar\n|-damage|p1a: Incineroar|1\/100\n|-damage|p2a: Whimsicott|0 fnt|[from] item: Rocky Helmet|[of] p1a: Incineroar\n|faint|p2a: Whimsicott\n|move|p2b: Milotic|Icy Wind|p1a: Incineroar|[spread] p1a\n|-miss|p2b: Milotic|p1b: Primarina\n|-supereffective|p1a: Incineroar\n|-damage|p1a: Incineroar|0 fnt\n|faint|p1a: Incineroar\n|move|p1b: Primarina|Moonblast|p2b: Milotic\n|-damage|p2b: Milotic|0 fnt\n|faint|p2b: Milotic\n|\n|upkeep\n|\n|t:|1724777755\n|switch|p2b: Sneasler|Sneasler, L50, F|100\/100\n|turn|7\n|\n|t:|1724777759\n|move|p1b: Primarina|Protect|p1b: Primarina\n|-singleturn|p1b: Primarina|Protect\n|move|p2b: Sneasler|Dire Claw|p1b: Primarina\n|-activate|p1b: Primarina|move: Protect\n|\n|upkeep\n|turn|8\n|\n|t:|1724777766\n|move|p2b: Sneasler|Dire Claw|p1b: Primarina\n|-supereffective|p1b: Primarina\n|-damage|p1b: Primarina|0 fnt\n|faint|p1b: Primarina\n|\n|win|sarstingnos\n|raw|Nerd159's rating: 1736 &rarr; <strong>1718<\/strong><br \/>(-18 for losing)\n|raw|sarstingnos's rating: 1764 &rarr; <strong>1782<\/strong><br \/>(+18 for winning)\n|l|\u2606Nerd159\n|player|p1|\n|l| gfghdfd\n|l| TigerSkinRoll\n|l| LC333\n|l| shanehuang99\n","uploadtime":1724777966,"views":130,"formatid":"gen9vgc2024regh","rating":1718,"private":0,"password":null}