{"id":"gen9vgc2024regh-2188450472","format":"[Gen 9] VGC 2024 Reg H","players":["actuary97","jaurim2521"],"log":"|j|\u2606actuary97\n|j|\u2606jaurim2521\n|t:|1724710582\n|gametype|doubles\n|player|p1|actuary97|sabrina-lgpe|1702\n|player|p2|jaurim2521|lady|1778\n|teamsize|p1|6\n|teamsize|p2|6\n|gen|9\n|tier|[Gen 9] VGC 2024 Reg H\n|rated|\n|rule|Species Clause: Limit one of each Pok\u00e9mon\n|rule|Item Clause: Limit 1 of each item\n|clearpoke\n|poke|p1|Ursaluna-Bloodmoon, L50, M|\n|poke|p1|Whimsicott, L50, M|\n|poke|p1|Gallade, L50, M|\n|poke|p1|Malamar, L50, M|\n|poke|p1|Indeedee, L50, M|\n|poke|p1|Archaludon, L50, M|\n|poke|p2|Excadrill, L50, M|\n|poke|p2|Tyranitar, L50, M|\n|poke|p2|Primarina, L50, F|\n|poke|p2|Rillaboom, L50, F|\n|poke|p2|Samurott-Hisui, L50, M|\n|poke|p2|Dragapult, L50, M|\n|teampreview|4\n|inactive|Battle timer is ON: inactive players will automatically lose when time's up. (requested by jaurim2521)\nactuary97 has agreed to open team sheets.\njaurim2521 has agreed to open team sheets.\n|j| PictoChatVGC\n|j| oherrodersir\n|inactive|actuary97 has 30 seconds left.\n|inactive|actuary97 has 20 seconds left.\n|inactive|actuary97 has 15 seconds left.\n|inactive|actuary97 has 10 seconds left.\n|inactive|actuary97 has 5 seconds left.\n|\n|t:|1724710640\n|start\n|switch|p1a: Whimsicott|Whimsicott, L50, M, shiny|100\/100\n|switch|p1b: Archaludon|Archaludon, L50, M, shiny|100\/100\n|switch|p2a: Rillaboom|Rillaboom, L50, F|100\/100\n|switch|p2b: Tyranitar|Tyranitar, L50, M, shiny|100\/100\n|-weather|Sandstorm|[from] ability: Sand Stream|[of] p2b: Tyranitar\n|-fieldstart|move: Grassy Terrain|[from] ability: Grassy Surge|[of] p2a: Rillaboom\n|turn|1\n|\n|t:|1724710656\n|-terastallize|p1a: Whimsicott|Ghost\n|move|p2a: Rillaboom|Fake Out|p1a: Whimsicott\n|-immune|p1a: Whimsicott\n|move|p1a: Whimsicott|Beat Up|p1b: Archaludon\n|-damage|p1b: Archaludon|99\/100\n|-ability|p1b: Archaludon|Stamina|boost\n|-boost|p1b: Archaludon|def|1\n|-damage|p1b: Archaludon|97\/100\n|-ability|p1b: Archaludon|Stamina|boost\n|-boost|p1b: Archaludon|def|1\n|-damage|p1b: Archaludon|96\/100\n|-ability|p1b: Archaludon|Stamina|boost\n|-boost|p1b: Archaludon|def|1\n|-crit|p1b: Archaludon\n|-damage|p1b: Archaludon|93\/100\n|-ability|p1b: Archaludon|Stamina|boost\n|-boost|p1b: Archaludon|def|1\n|-hitcount|p1b: Archaludon|4\n|move|p2b: Tyranitar|Knock Off|p1b: Archaludon\n|-damage|p1b: Archaludon|80\/100\n|-ability|p1b: Archaludon|Stamina|boost\n|-boost|p1b: Archaludon|def|1\n|-enditem|p1b: Archaludon|Assault Vest|[from] move: Knock Off|[of] p2b: Tyranitar\n|move|p1b: Archaludon|Body Press|p2a: Rillaboom\n|-damage|p2a: Rillaboom|25\/100\n|\n|-weather|Sandstorm|[upkeep]\n|-damage|p1a: Whimsicott|95\/100|[from] Sandstorm\n|-damage|p2a: Rillaboom|19\/100|[from] Sandstorm\n|-heal|p1a: Whimsicott|100\/100|[from] Grassy Terrain\n|-heal|p1b: Archaludon|86\/100|[from] Grassy Terrain\n|-heal|p2a: Rillaboom|25\/100|[from] Grassy Terrain\n|upkeep\n|turn|2\n|inactive|jaurim2521 has 30 seconds left.\n|inactive|actuary97 has 30 seconds left.\n|\n|t:|1724710695\n|move|p2a: Rillaboom|Grassy Glide|p1a: Whimsicott\n|-damage|p1a: Whimsicott|30\/100\n|move|p1a: Whimsicott|Moonblast|p2a: Rillaboom\n|-damage|p2a: Rillaboom|0 fnt\n|faint|p2a: Rillaboom\n|move|p2b: Tyranitar|Rock Tomb|p1a: Whimsicott\n|-damage|p1a: Whimsicott|0 fnt\n|faint|p1a: Whimsicott\n|move|p1b: Archaludon|Body Press|p2b: Tyranitar\n|-supereffective|p2b: Tyranitar\n|-enditem|p2b: Tyranitar|Focus Sash\n|-damage|p2b: Tyranitar|1\/100\n|\n|-weather|Sandstorm|[upkeep]\n|-heal|p2b: Tyranitar|7\/100|[from] Grassy Terrain\n|-heal|p1b: Archaludon|92\/100|[from] Grassy Terrain\n|upkeep\n|\n|t:|1724710702\n|switch|p1a: Tapu-Deedee|Indeedee, L50, M, shiny|100\/100\n|switch|p2a: Dragapult|Dragapult, L50, M|100\/100\n|-fieldstart|move: Psychic Terrain|[from] ability: Psychic Surge|[of] p1a: Tapu-Deedee\n|turn|3\n|\n|t:|1724710717\n|-terastallize|p2a: Dragapult|Dragon\n|move|p2a: Dragapult|Draco Meteor|p1a: Tapu-Deedee\n|-damage|p1a: Tapu-Deedee|0 fnt\n|-unboost|p2a: Dragapult|spa|2\n|faint|p1a: Tapu-Deedee\n|move|p2b: Tyranitar|Rock Tomb|p1b: Archaludon\n|-resisted|p1b: Archaludon\n|-damage|p1b: Archaludon|89\/100\n|-unboost|p1b: Archaludon|spe|1\n|-ability|p1b: Archaludon|Stamina|boost\n|-boost|p1b: Archaludon|def|1\n|move|p1b: Archaludon|Flash Cannon|p2a: Dragapult\n|-damage|p2a: Dragapult|52\/100\n|\n|-weather|Sandstorm|[upkeep]\n|-damage|p2a: Dragapult|46\/100|[from] Sandstorm\n|upkeep\n|\n|t:|1724710733\n|switch|p1a: King|Gallade, L50, M, shiny|100\/100\n|turn|4\n|\n|t:|1724710741\n|switch|p2a: Samurott|Samurott-Hisui, L50, M|100\/100\n|move|p1a: King|Sacred Sword|p2b: Tyranitar\n|-supereffective|p2b: Tyranitar\n|-crit|p2b: Tyranitar\n|-damage|p2b: Tyranitar|0 fnt\n|faint|p2b: Tyranitar\n|move|p1b: Archaludon|Body Press|p2a: Samurott\n|-supereffective|p2a: Samurott\n|-damage|p2a: Samurott|0 fnt\n|faint|p2a: Samurott\n|\n|-weather|Sandstorm|[upkeep]\n|-damage|p1a: King|95\/100|[from] Sandstorm\n|upkeep\n|\n|t:|1724710743\n|switch|p2b: Dragapult|Dragapult, L50, M, tera:Dragon|46\/100\n|turn|5\n|\n|t:|1724710749\n|move|p2b: Dragapult|Draco Meteor|p1b: Archaludon\n|-damage|p1b: Archaludon|0 fnt\n|-unboost|p2b: Dragapult|spa|2\n|faint|p1b: Archaludon\n|move|p1a: King|Psycho Cut|p2b: Dragapult\n|-damage|p2b: Dragapult|0 fnt\n|faint|p2b: Dragapult\n|\n|win|actuary97\n|raw|actuary97's rating: 1702 &rarr; <strong>1726<\/strong><br \/>(+24 for winning)\n|raw|jaurim2521's rating: 1778 &rarr; <strong>1754<\/strong><br \/>(-24 for losing)\n|l|\u2606jaurim2521\n|player|p2|\n|c|\u2606actuary97|gg\n|l| PictoChatVGC\n|l| oherrodersir\n","uploadtime":1724710762,"views":183,"formatid":"gen9vgc2024regh","rating":1726,"private":0,"password":null}