{"id":"gen9vgc2024regh-2188257787","format":"[Gen 9] VGC 2024 Reg H","players":["bwahacough","Krisuerte"],"log":"|j|\u2606bwahacough\n|j|\u2606Krisuerte\n|t:|1724692176\n|gametype|doubles\n|player|p1|bwahacough|medium|1727\n|player|p2|Krisuerte|101|1749\n|teamsize|p1|6\n|teamsize|p2|6\n|gen|9\n|tier|[Gen 9] VGC 2024 Reg H\n|rated|\n|rule|Species Clause: Limit one of each Pok\u00e9mon\n|rule|Item Clause: Limit 1 of each item\n|clearpoke\n|poke|p1|Lycanroc, L50, M|\n|poke|p1|Tyranitar, L50, F|\n|poke|p1|Indeedee-F, L50, F|\n|poke|p1|Murkrow, L50, F|\n|poke|p1|Garchomp, L50, F|\n|poke|p1|Gholdengo, L50|\n|poke|p2|Indeedee-F, L50, F|\n|poke|p2|Armarouge, L50, M|\n|poke|p2|Sinistcha-Masterpiece, L50|\n|poke|p2|Archaludon, L50, F|\n|poke|p2|Ursaluna-Bloodmoon, L50, M|\n|poke|p2|Pelipper, L50, F|\n|teampreview|4\n|j| FreakyFae\n|\n|t:|1724692214\n|start\n|switch|p1a: Gholdengo|Gholdengo, L50|100\/100\n|switch|p1b: Tyranitar|Tyranitar, L50, F|100\/100\n|switch|p2a: Indeedee|Indeedee-F, L50, F|100\/100\n|switch|p2b: Ursaluna|Ursaluna-Bloodmoon, L50, M|100\/100\n|-fieldstart|move: Psychic Terrain|[from] ability: Psychic Surge|[of] p2a: Indeedee\n|-weather|Sandstorm|[from] ability: Sand Stream|[of] p1b: Tyranitar\n|turn|1\n|\n|t:|1724692263\n|-terastallize|p1b: Tyranitar|Grass\n|move|p1a: Gholdengo|Make It Rain|p2a: Indeedee|[spread] p2a,p2b\n|-damage|p2a: Indeedee|34\/100\n|-damage|p2b: Ursaluna|31\/100\n|-unboost|p1a: Gholdengo|spa|1\n|-damage|p1a: Gholdengo|91\/100|[from] item: Life Orb\n|move|p1b: Tyranitar|Tera Blast|p2a: Indeedee|[anim] Tera Blast Grass\n|-damage|p2a: Indeedee|0 fnt\n|faint|p2a: Indeedee\n|move|p2b: Ursaluna|Earth Power|p1a: Gholdengo\n|-supereffective|p1a: Gholdengo\n|-damage|p1a: Gholdengo|0 fnt\n|faint|p1a: Gholdengo\n|\n|-weather|Sandstorm|[upkeep]\n|-damage|p1b: Tyranitar|95\/100|[from] Sandstorm\n|upkeep\n|j| CatnipNtrip\n|j| Sork tree\n|\n|t:|1724692300\n|switch|p1a: Garchomp|Garchomp, L50, F, shiny|100\/100\n|switch|p2a: Pelipper|Pelipper, L50, F|100\/100\n|-weather|RainDance|[from] ability: Drizzle|[of] p2a: Pelipper\n|turn|2\n|\n|t:|1724692323\n|switch|p2b: Archaludon|Archaludon, L50, F|100\/100\n|move|p1a: Garchomp|Rock Slide|p2b: Archaludon|[spread] p2a,p2b\n|-supereffective|p2a: Pelipper\n|-resisted|p2b: Archaludon\n|-damage|p2a: Pelipper|31\/100\n|-damage|p2b: Archaludon|88\/100\n|-ability|p2b: Archaludon|Stamina|boost\n|-boost|p2b: Archaludon|def|1\n|move|p2a: Pelipper|Hurricane|p1b: Tyranitar\n|-supereffective|p1b: Tyranitar\n|-damage|p1b: Tyranitar|40\/100\n|-start|p1b: Tyranitar|confusion\n|-activate|p1b: Tyranitar|confusion\n|move|p1b: Tyranitar|Knock Off|p2a: Pelipper\n|-damage|p2a: Pelipper|0 fnt\n|-enditem|p2a: Pelipper|Focus Sash|[from] move: Knock Off|[of] p1b: Tyranitar\n|faint|p2a: Pelipper\n|\n|-weather|RainDance|[upkeep]\n|upkeep\n|j| Millamojake\n|\n|t:|1724692344\n|switch|p2a: Ursaluna|Ursaluna-Bloodmoon, L50, M|31\/100\n|turn|3\n|\n|t:|1724692368\n|switch|p1a: Indeedee|Indeedee-F, L50, F, shiny|100\/100\n|move|p2a: Ursaluna|Protect|p2a: Ursaluna\n|-singleturn|p2a: Ursaluna|Protect\n|move|p2b: Archaludon|Draco Meteor|p1a: Indeedee\n|-damage|p1a: Indeedee|32\/100\n|-unboost|p2b: Archaludon|spa|2\n|-enditem|p1a: Indeedee|Sitrus Berry|[eat]\n|-heal|p1a: Indeedee|57\/100|[from] item: Sitrus Berry\n|-activate|p1b: Tyranitar|confusion\n|move|p1b: Tyranitar|Knock Off|p2a: Ursaluna\n|-activate|p2a: Ursaluna|move: Protect\n|\n|-weather|RainDance|[upkeep]\n|upkeep\n|turn|4\n|j| shanehuang99\n|\n|t:|1724692391\n|move|p1a: Indeedee|Psychic|p2a: Ursaluna\n|-damage|p2a: Ursaluna|0 fnt\n|faint|p2a: Ursaluna\n|move|p2b: Archaludon|Body Press|p1b: Tyranitar\n|-damage|p1b: Tyranitar|12\/100\n|-activate|p1b: Tyranitar|confusion\n|move|p1b: Tyranitar|Knock Off|p2b: Archaludon\n|-damage|p2b: Archaludon|60\/100\n|-ability|p2b: Archaludon|Stamina|boost\n|-boost|p2b: Archaludon|def|1\n|-enditem|p2b: Archaludon|Assault Vest|[from] move: Knock Off|[of] p1b: Tyranitar\n|\n|-weather|RainDance|[upkeep]\n|upkeep\n|turn|5\n|\n|t:|1724692406\n|move|p1a: Indeedee|Psychic|p2b: Archaludon\n|-resisted|p2b: Archaludon\n|-damage|p2b: Archaludon|38\/100\n|-unboost|p2b: Archaludon|spd|1\n|-ability|p2b: Archaludon|Stamina|boost\n|-boost|p2b: Archaludon|def|1\n|move|p2b: Archaludon|Electro Shot||[still]\n|-prepare|p2b: Archaludon|Electro Shot\n|-boost|p2b: Archaludon|spa|1\n|-anim|p2b: Archaludon|Electro Shot|p1b: Tyranitar\n|-resisted|p1b: Tyranitar\n|-damage|p1b: Tyranitar|3\/100\n|-end|p1b: Tyranitar|confusion\n|move|p1b: Tyranitar|Ice Punch|p2b: Archaludon\n|-damage|p2b: Archaludon|29\/100\n|-ability|p2b: Archaludon|Stamina|boost\n|-boost|p2b: Archaludon|def|1\n|\n|-weather|RainDance|[upkeep]\n|-fieldend|move: Psychic Terrain\n|upkeep\n|turn|6\n|\n|t:|1724692425\n|move|p1a: Indeedee|Psychic|p2b: Archaludon\n|-resisted|p2b: Archaludon\n|-damage|p2b: Archaludon|3\/100\n|-ability|p2b: Archaludon|Stamina|boost\n|-boost|p2b: Archaludon|def|1\n|move|p2b: Archaludon|Body Press|p1a: Indeedee\n|-damage|p1a: Indeedee|0 fnt\n|faint|p1a: Indeedee\n|move|p1b: Tyranitar|Ice Punch|p2b: Archaludon\n|-damage|p2b: Archaludon|0 fnt\n|faint|p2b: Archaludon\n|\n|win|bwahacough\n|raw|bwahacough's rating: 1675 &rarr; <strong>1699<\/strong><br \/>(+24 for winning)\n|raw|Krisuerte's rating: 1749 &rarr; <strong>1725<\/strong><br \/>(-24 for losing)\n|l|\u2606bwahacough\n|player|p1|\n|l|\u2606Krisuerte\n|player|p2|\n|l| Millamojake\n|l| CatnipNtrip\n|l| Sork tree\n","uploadtime":1724692646,"views":157,"formatid":"gen9vgc2024regh","rating":1699,"private":0,"password":null}