{"id":"gen9vgc2024regh-2188578204","format":"[Gen 9] VGC 2024 Reg H","players":["goatphonium","fangame10"],"log":"|j|\u2606goatphonium\n|j|\u2606fangame10\n|t:|1724726337\n|gametype|doubles\n|player|p1|goatphonium|266|1691\n|player|p2|fangame10|red|1755\n|teamsize|p1|6\n|teamsize|p2|6\n|gen|9\n|tier|[Gen 9] VGC 2024 Reg H\n|rated|\n|rule|Species Clause: Limit one of each Pok\u00e9mon\n|rule|Item Clause: Limit 1 of each item\n|clearpoke\n|poke|p1|Meowscarada, L50, F|\n|poke|p1|Primarina, L50, F|\n|poke|p1|Sylveon, L50, M|\n|poke|p1|Indeedee, L50, M|\n|poke|p1|Gliscor, L50, F|\n|poke|p1|Decidueye-Hisui, L50, M|\n|poke|p2|Glaceon, L50, F|\n|poke|p2|Ninetales-Alola, L50, F|\n|poke|p2|Primarina, L50, F|\n|poke|p2|Annihilape, L50, F|\n|poke|p2|Ursaluna, L50, M|\n|poke|p2|Sinistcha-Masterpiece, L50|\n|teampreview|4\n|inactive|Battle timer is ON: inactive players will automatically lose when time's up. (requested by fangame10)\n|j| salmonpepsi\n|inactive|fangame10 has 60 seconds left.\n|\n|t:|1724726376\n|start\n|switch|p1a: Indeedee|Indeedee, L50, M|100\/100\n|switch|p1b: Gliscor|Gliscor, L50, F|100\/100\n|switch|p2a: Ninetales|Ninetales-Alola, L50, F, shiny|100\/100\n|switch|p2b: Annihilape|Annihilape, L50, F, shiny|100\/100\n|-weather|Snow|[from] ability: Snow Warning|[of] p2a: Ninetales\n|-fieldstart|move: Psychic Terrain|[from] ability: Psychic Surge|[of] p1a: Indeedee\n|turn|1\n|\n|t:|1724726393\n|-terastallize|p1b: Gliscor|Fire\n|move|p2a: Ninetales|Protect|p2a: Ninetales\n|-singleturn|p2a: Ninetales|Protect\n|move|p2b: Annihilape|Final Gambit|p1a: Indeedee\n|-damage|p1a: Indeedee|0 fnt\n|faint|p2b: Annihilape\n|faint|p1a: Indeedee\n|move|p1b: Gliscor|Taunt|p2a: Ninetales\n|-activate|p2a: Ninetales|move: Protect\n|\n|-weather|Snow|[upkeep]\n|upkeep\n|\n|t:|1724726406\n|switch|p2b: Glaceon|Glaceon, L50, F, shiny|100\/100\n|switch|p1a: Sylveon|Sylveon, L50, M|100\/100\n|turn|2\n|\n|t:|1724726418\n|move|p2a: Ninetales|Aurora Veil|p2a: Ninetales\n|-sidestart|p2: fangame10|move: Aurora Veil\n|move|p1b: Gliscor|Tailwind|p1b: Gliscor\n|-sidestart|p1: goatphonium|move: Tailwind\n|move|p1a: Sylveon|Hyper Voice|p2b: Glaceon|[spread] p2a,p2b\n|-crit|p2a: Ninetales\n|-damage|p2a: Ninetales|0 fnt\n|-damage|p2b: Glaceon|61\/100\n|faint|p2a: Ninetales\n|move|p2b: Glaceon|Calm Mind|p2b: Glaceon\n|-boost|p2b: Glaceon|spa|1\n|-boost|p2b: Glaceon|spd|1\n|\n|-weather|Snow|[upkeep]\n|-heal|p2b: Glaceon|67\/100|[from] ability: Ice Body\n|-heal|p2b: Glaceon|73\/100|[from] item: Leftovers\n|upkeep\n|\n|t:|1724726420\n|switch|p2a: Ursaluna|Ursaluna, L50, M, shiny|100\/100\n|turn|3\n|\n|t:|1724726428\n|move|p2a: Ursaluna|Protect|p2a: Ursaluna\n|-singleturn|p2a: Ursaluna|Protect\n|move|p1b: Gliscor|High Horsepower|p2b: Glaceon\n|-damage|p2b: Glaceon|55\/100\n|-damage|p1b: Gliscor|91\/100|[from] item: Life Orb\n|move|p1a: Sylveon|Hyper Voice|p2b: Glaceon|[spread] p2b\n|-activate|p2a: Ursaluna|move: Protect\n|-damage|p2b: Glaceon|30\/100\n|move|p2b: Glaceon|Blizzard|p1a: Sylveon|[spread] p1a,p1b\n|-resisted|p1b: Gliscor\n|-damage|p1a: Sylveon|59\/100\n|-damage|p1b: Gliscor|58\/100\n|\n|-weather|Snow|[upkeep]\n|-heal|p2b: Glaceon|35\/100|[from] ability: Ice Body\n|-heal|p2b: Glaceon|41\/100|[from] item: Leftovers\n|-status|p2a: Ursaluna|brn|[from] item: Flame Orb\n|upkeep\n|turn|4\n|\n|t:|1724726437\n|move|p2b: Glaceon|Detect|p2b: Glaceon\n|-singleturn|p2b: Glaceon|Protect\n|move|p1b: Gliscor|High Horsepower|p2b: Glaceon\n|-activate|p2b: Glaceon|move: Protect\n|move|p1a: Sylveon|Hyper Voice|p2b: Glaceon|[spread] p2a\n|-activate|p2b: Glaceon|move: Protect\n|-damage|p2a: Ursaluna|67\/100 brn\n|move|p2a: Ursaluna|Earthquake|p1a: Sylveon|[spread] p1a,p1b\n|-activate|p2b: Glaceon|move: Protect\n|-supereffective|p1b: Gliscor\n|-damage|p1a: Sylveon|0 fnt\n|-damage|p1b: Gliscor|0 fnt\n|faint|p1a: Sylveon\n|faint|p1b: Gliscor\n|\n|-weather|Snow|[upkeep]\n|-heal|p2b: Glaceon|47\/100|[from] ability: Ice Body\n|-heal|p2b: Glaceon|53\/100|[from] item: Leftovers\n|-damage|p2a: Ursaluna|61\/100 brn|[from] brn\n|upkeep\n|\n|t:|1724726441\n|switch|p1b: Meowscarada|Meowscarada, L50, F|100\/100\n|turn|5\n|\n|t:|1724726451\n|move|p1b: Meowscarada|Flower Trick|p2b: Glaceon\n|-crit|p2b: Glaceon\n|-damage|p2b: Glaceon|26\/100\n|move|p2b: Glaceon|Blizzard|p1b: Meowscarada\n|-supereffective|p1b: Meowscarada\n|-enditem|p1b: Meowscarada|Focus Sash\n|-damage|p1b: Meowscarada|1\/100\n|move|p2a: Ursaluna|Facade|p1b: Meowscarada\n|-damage|p1b: Meowscarada|0 fnt\n|faint|p1b: Meowscarada\n|\n|win|fangame10\n|raw|goatphonium's rating: 1691 &rarr; <strong>1675<\/strong><br \/>(-16 for losing)\n|raw|fangame10's rating: 1755 &rarr; <strong>1771<\/strong><br \/>(+16 for winning)\n|j| biect\n|l|\u2606goatphonium\n|player|p1|\n","uploadtime":1724726463,"views":62,"formatid":"gen9vgc2024regh","rating":1675,"private":0,"password":null}