{"id":"gen9vgc2024regh-2188102897","format":"[Gen 9] VGC 2024 Reg H","players":["htotoT","qrich27"],"log":"|j|\u2606htotoT\n|j|\u2606qrich27\n|t:|1724676975\n|gametype|doubles\n|player|p1|htotoT|bruno|1693\n|player|p2|qrich27|102|1666\n|teamsize|p1|6\n|teamsize|p2|6\n|gen|9\n|tier|[Gen 9] VGC 2024 Reg H\n|rated|\n|rule|Species Clause: Limit one of each Pok\u00e9mon\n|rule|Item Clause: Limit 1 of each item\n|clearpoke\n|poke|p1|Gholdengo, L50|\n|poke|p1|Murkrow, L50, F|\n|poke|p1|Pelipper, L50, M|\n|poke|p1|Archaludon, L50, F|\n|poke|p1|Perrserker, L50, F|\n|poke|p1|Glimmora, L50, M|\n|poke|p2|Sylveon, L50, M|\n|poke|p2|Dragonite, L50, F|\n|poke|p2|Dondozo, L50, M|\n|poke|p2|Tatsugiri, L50, M|\n|poke|p2|Corviknight, L50, M|\n|poke|p2|Glimmora, L50, F|\n|teampreview|4\n|inactive|Battle timer is ON: inactive players will automatically lose when time's up. (requested by htotoT)\n|j| BionicFox\n|inactive|htotoT has 60 seconds left.\n|\n|t:|1724677008\n|start\n|switch|p1a: Perrserker|Perrserker, L50, F, shiny|100\/100\n|switch|p1b: Gholdengo|Gholdengo, L50|100\/100\n|switch|p2a: Glimmora|Glimmora, L50, F|100\/100\n|switch|p2b: Corviknight|Corviknight, L50, M|100\/100\n|turn|1\n|\n|t:|1724677023\n|-terastallize|p1b: Gholdengo|Steel\n|move|p2a: Glimmora|Spiky Shield|p2a: Glimmora\n|-singleturn|p2a: Glimmora|move: Protect\n|move|p1a: Perrserker|Fake Out|p2a: Glimmora\n|-activate|p2a: Glimmora|move: Protect\n|-damage|p1a: Perrserker|88\/100|[from] Spiky Shield|[of] p2a: Glimmora\n|move|p1b: Gholdengo|Make It Rain|p2a: Glimmora|[spread] p2b\n|-activate|p2a: Glimmora|move: Protect\n|-resisted|p2b: Corviknight\n|-damage|p2b: Corviknight|35\/100\n|-unboost|p1b: Gholdengo|spa|1\n|-enditem|p2b: Corviknight|Sitrus Berry|[eat]\n|-heal|p2b: Corviknight|60\/100|[from] item: Sitrus Berry\n|move|p2b: Corviknight|Body Press|p1a: Perrserker\n|-supereffective|p1a: Perrserker\n|-damage|p1a: Perrserker|61\/100\n|\n|upkeep\n|turn|2\n|inactive|htotoT has 30 seconds left.\n|inactive|qrich27 has 30 seconds left.\n|\n|t:|1724677056\n|switch|p1b: Pelipper|Pelipper, L50, M|100\/100\n|-weather|RainDance|[from] ability: Drizzle|[of] p1b: Pelipper\n|move|p2a: Glimmora|Earth Power|p1a: Perrserker\n|-supereffective|p1a: Perrserker\n|-damage|p1a: Perrserker|0 fnt\n|faint|p1a: Perrserker\n|move|p2b: Corviknight|Roost|p2b: Corviknight\n|-heal|p2b: Corviknight|100\/100\n|-singleturn|p2b: Corviknight|move: Roost\n|\n|-weather|RainDance|[upkeep]\n|upkeep\n|\n|t:|1724677068\n|switch|p1a: Archaludon|Archaludon, L50, F|100\/100\n|turn|3\n|\n|t:|1724677077\n|move|p1a: Archaludon|Electro Shot||[still]\n|-prepare|p1a: Archaludon|Electro Shot\n|-boost|p1a: Archaludon|spa|1\n|-anim|p1a: Archaludon|Electro Shot|p2b: Corviknight\n|-supereffective|p2b: Corviknight\n|-damage|p2b: Corviknight|0 fnt\n|faint|p2b: Corviknight\n|move|p2a: Glimmora|Power Gem|p1b: Pelipper\n|-supereffective|p1b: Pelipper\n|-enditem|p1b: Pelipper|Focus Sash\n|-damage|p1b: Pelipper|1\/100\n|move|p1b: Pelipper|Weather Ball|p2a: Glimmora\n|-supereffective|p2a: Glimmora\n|-enditem|p2a: Glimmora|Focus Sash\n|-damage|p2a: Glimmora|1\/100\n|\n|-weather|RainDance|[upkeep]\n|upkeep\n|\n|t:|1724677093\n|switch|p2b: Dondozo|Dondozo, L50, M|100\/100\n|turn|4\n|\n|t:|1724677103\n|switch|p2a: Tatsugiri|Tatsugiri, L50, M|100\/100\n|-activate|p2a: Tatsugiri|ability: Commander|[of] p2b: Dondozo\n|-boost|p2b: Dondozo|atk|2\n|-boost|p2b: Dondozo|spa|2\n|-boost|p2b: Dondozo|spe|2\n|-boost|p2b: Dondozo|def|2\n|-boost|p2b: Dondozo|spd|2\n|-terastallize|p2b: Dondozo|Grass\n|move|p1b: Pelipper|Protect|p1b: Pelipper\n|-singleturn|p1b: Pelipper|Protect\n|move|p2b: Dondozo|Order Up|p1b: Pelipper\n|-activate|p1b: Pelipper|move: Protect\n|move|p1a: Archaludon|Electro Shot||[still]\n|-prepare|p1a: Archaludon|Electro Shot\n|-boost|p1a: Archaludon|spa|1\n|-anim|p1a: Archaludon|Electro Shot|p2a: Tatsugiri|[miss]\n|-miss|p1a: Archaludon|p2a: Tatsugiri\n|\n|-weather|RainDance|[upkeep]\n|upkeep\n|turn|5\n|\n|t:|1724677126\n|move|p2b: Dondozo|Order Up|p1b: Pelipper\n|-damage|p1b: Pelipper|0 fnt\n|faint|p1b: Pelipper\n|-boost|p2b: Dondozo|atk|1\n|move|p1a: Archaludon|Electro Shot||[still]\n|-prepare|p1a: Archaludon|Electro Shot\n|-boost|p1a: Archaludon|spa|1\n|-anim|p1a: Archaludon|Electro Shot|p2b: Dondozo\n|-resisted|p2b: Dondozo\n|-damage|p2b: Dondozo|89\/100\n|\n|-weather|RainDance|[upkeep]\n|-heal|p2b: Dondozo|95\/100|[from] item: Leftovers\n|upkeep\n|\n|t:|1724677136\n|switch|p1b: Gholdengo|Gholdengo, L50, tera:Steel|100\/100\n|turn|6\n|\n|t:|1724677150\n|move|p2b: Dondozo|Earthquake|p1a: Archaludon|[spread] p1a,p1b\n|-miss|p2b: Dondozo|p2a: Tatsugiri\n|-supereffective|p1a: Archaludon\n|-supereffective|p1b: Gholdengo\n|-damage|p1a: Archaludon|4\/100\n|-damage|p1b: Gholdengo|0 fnt\n|-ability|p1a: Archaludon|Stamina|boost\n|-boost|p1a: Archaludon|def|1\n|faint|p1b: Gholdengo\n|move|p1a: Archaludon|Dragon Pulse|p2b: Dondozo\n|-damage|p2b: Dondozo|71\/100\n|\n|-weather|none\n|-heal|p2b: Dondozo|77\/100|[from] item: Leftovers\n|upkeep\n|turn|7\n|-message|htotoT forfeited.\n|\n|win|qrich27\n|raw|htotoT's rating: 1693 &rarr; <strong>1671<\/strong><br \/>(-22 for losing)\n|raw|qrich27's rating: 1666 &rarr; <strong>1688<\/strong><br \/>(+22 for winning)\n|l|\u2606htotoT\n|player|p1|\n|l|\u2606qrich27\n|player|p2|\n","uploadtime":1724677405,"views":54,"formatid":"gen9vgc2024regh","rating":1671,"private":0,"password":null}