{"id":"gen9vgc2024regh-2188847885","format":"[Gen 9] VGC 2024 Reg H","players":["TAKETHEEFLAMETHY","RustyChair13"],"log":"|j|\u2606TAKETHEEFLAMETHY\n|j|\u2606RustyChair13\n|t:|1724766445\n|gametype|doubles\n|player|p1|TAKETHEEFLAMETHY|benga|1684\n|player|p2|RustyChair13|170|1697\n|teamsize|p1|6\n|teamsize|p2|6\n|gen|9\n|tier|[Gen 9] VGC 2024 Reg H\n|rated|\n|rule|Species Clause: Limit one of each Pok\u00e9mon\n|rule|Item Clause: Limit 1 of each item\n|clearpoke\n|poke|p1|Salamence, L50, M|\n|poke|p1|Gholdengo, L50|\n|poke|p1|Pelipper, L50, F|\n|poke|p1|Archaludon, L50, M|\n|poke|p1|Sinistcha, L50|\n|poke|p1|Incineroar, L50, M|\n|poke|p2|Whimsicott, L50, F|\n|poke|p2|Typhlosion-Hisui, L50, M|\n|poke|p2|Meowscarada, L50, F|\n|poke|p2|Indeedee-F, L50, F|\n|poke|p2|Armarouge, L50, M|\n|poke|p2|Ursaluna-Bloodmoon, L50, M|\n|teampreview|4\n|c|\u2606RustyChair13|glhf\n|\n|t:|1724766475\n|start\n|switch|p1a: Salamence|Salamence, L50, M, shiny|100\/100\n|switch|p1b: Pelipper|Pelipper, L50, F|100\/100\n|switch|p2a: Whimsicott|Whimsicott, L50, F, shiny|100\/100\n|switch|p2b: Meowscarada|Meowscarada, L50, F|100\/100\n|-weather|RainDance|[from] ability: Drizzle|[of] p1b: Pelipper\n|turn|1\n|\n|t:|1724766496\n|move|p2a: Whimsicott|Moonblast|p1a: Salamence\n|-supereffective|p1a: Salamence\n|-damage|p1a: Salamence|9\/100\n|move|p2b: Meowscarada|Knock Off|p1a: Salamence\n|-start|p2b: Meowscarada|typechange|Dark|[from] ability: Protean\n|-damage|p1a: Salamence|0 fnt\n|-enditem|p1a: Salamence|Life Orb|[from] move: Knock Off|[of] p2b: Meowscarada\n|faint|p1a: Salamence\n|move|p1b: Pelipper|Weather Ball|p2b: Meowscarada\n|-damage|p2b: Meowscarada|0 fnt\n|faint|p2b: Meowscarada\n|\n|-weather|RainDance|[upkeep]\n|upkeep\n|inactive|Battle timer is ON: inactive players will automatically lose when time's up. (requested by RustyChair13)\n|\n|t:|1724766521\n|switch|p2b: Ursaluna|Ursaluna-Bloodmoon, L50, M|100\/100\n|switch|p1a: Incineroar|Incineroar, L50, M|100\/100\n|-ability|p1a: Incineroar|Intimidate|boost\n|-unboost|p2a: Whimsicott|atk|1\n|-unboost|p2b: Ursaluna|atk|1\n|turn|2\n|j| lori Kitahara\n|l| lori Kitahara\n|inactive|TAKETHEEFLAMETHY has 30 seconds left.\n|\n|t:|1724766551\n|move|p2a: Whimsicott|Protect|p2a: Whimsicott\n|-singleturn|p2a: Whimsicott|Protect\n|move|p2b: Ursaluna|Protect|p2b: Ursaluna\n|-singleturn|p2b: Ursaluna|Protect\n|move|p1a: Incineroar|Fake Out|p2b: Ursaluna\n|-activate|p2b: Ursaluna|move: Protect\n|move|p1b: Pelipper|Tailwind|p1b: Pelipper\n|-sidestart|p1: TAKETHEEFLAMETHY|move: Tailwind\n|\n|-weather|RainDance|[upkeep]\n|upkeep\n|turn|3\n|j| waiting reg i\n|j| Lavenderawa\n|inactive|TAKETHEEFLAMETHY has 30 seconds left.\n|inactive|TAKETHEEFLAMETHY has 20 seconds left.\n|inactive|TAKETHEEFLAMETHY has 15 seconds left.\n|inactive|TAKETHEEFLAMETHY has 10 seconds left.\n|\n|t:|1724766597\n|switch|p1b: Archaludon|Archaludon, L50, M|100\/100\n|-terastallize|p2b: Ursaluna|Normal\n|move|p2a: Whimsicott|Tailwind|p2a: Whimsicott\n|-sidestart|p2: RustyChair13|move: Tailwind\n|move|p2b: Ursaluna|Blood Moon|p1a: Incineroar\n|-damage|p1a: Incineroar|0 fnt\n|faint|p1a: Incineroar\n|-damage|p2b: Ursaluna|91\/100|[from] item: Life Orb\n|\n|-weather|RainDance|[upkeep]\n|upkeep\n|\n|t:|1724766609\n|switch|p1a: Pelipper|Pelipper, L50, F|100\/100\n|turn|4\n|\n|t:|1724766624\n|move|p2b: Ursaluna|Protect|p2b: Ursaluna\n|-singleturn|p2b: Ursaluna|Protect\n|move|p2a: Whimsicott|Moonblast|p1a: Pelipper\n|-damage|p1a: Pelipper|36\/100\n|move|p1a: Pelipper|Weather Ball|p2b: Ursaluna\n|-activate|p2b: Ursaluna|move: Protect\n|move|p1b: Archaludon|Electro Shot||[still]\n|-prepare|p1b: Archaludon|Electro Shot\n|-boost|p1b: Archaludon|spa|1\n|-anim|p1b: Archaludon|Electro Shot|p2b: Ursaluna\n|-activate|p2b: Ursaluna|move: Protect\n|\n|-weather|RainDance|[upkeep]\n|upkeep\n|turn|5\n|\n|t:|1724766645\n|move|p2a: Whimsicott|Sunny Day|p2a: Whimsicott\n|-weather|SunnyDay\n|move|p1a: Pelipper|Weather Ball|p2b: Ursaluna\n|-damage|p2b: Ursaluna|31\/100\n|move|p2b: Ursaluna|Blood Moon|p1a: Pelipper\n|-damage|p1a: Pelipper|0 fnt\n|faint|p1a: Pelipper\n|-damage|p2b: Ursaluna|21\/100|[from] item: Life Orb\n|move|p1b: Archaludon|Electro Shot||[still]\n|-prepare|p1b: Archaludon|Electro Shot\n|-boost|p1b: Archaludon|spa|1\n|\n|-weather|SunnyDay|[upkeep]\n|-sideend|p1: TAKETHEEFLAMETHY|move: Tailwind\n|upkeep\n|turn|6\n|c|\u2606RustyChair13|gg\n|-message|TAKETHEEFLAMETHY forfeited.\n|\n|win|RustyChair13\n|raw|TAKETHEEFLAMETHY's rating: 1684 &rarr; <strong>1665<\/strong><br \/>(-19 for losing)\n|raw|RustyChair13's rating: 1697 &rarr; <strong>1716<\/strong><br \/>(+19 for winning)\n|l|\u2606TAKETHEEFLAMETHY\n|player|p1|\n|l|\u2606RustyChair13\n|player|p2|\n|l| Lavenderawa\n","uploadtime":1724766932,"views":50,"formatid":"gen9vgc2024regh","rating":1665,"private":0,"password":null}