{"id":"gen9vgc2024regh-2189072919","format":"[Gen 9] VGC 2024 Reg H","players":["MomeriA12","Waffles4breakfast"],"log":"|j|\u2606MomeriA12\n|j|\u2606Waffles4breakfast\n|t:|1724787066\n|gametype|doubles\n|player|p1|MomeriA12|266|1668\n|player|p2|Waffles4breakfast|juggler|1758\n|teamsize|p1|6\n|teamsize|p2|6\n|gen|9\n|tier|[Gen 9] VGC 2024 Reg H\n|rated|\n|rule|Species Clause: Limit one of each Pok\u00e9mon\n|rule|Item Clause: Limit 1 of each item\n|clearpoke\n|poke|p1|Staraptor, L50, M|\n|poke|p1|Hydreigon, L50, M|\n|poke|p1|Lilligant-Hisui, L50, F|\n|poke|p1|Torkoal, L50, F|\n|poke|p1|Ursaluna, L50, F|\n|poke|p1|Farigiraf, L50, F|\n|poke|p2|Archaludon, L50, M|\n|poke|p2|Pelipper, L50, M|\n|poke|p2|Basculegion, L50, M|\n|poke|p2|Amoonguss, L50, F|\n|poke|p2|Gholdengo, L50|\n|poke|p2|Murkrow, L50, F|\n|teampreview|4\n|\n|t:|1724787086\n|start\n|switch|p1a: Lilligant|Lilligant-Hisui, L50, F|100\/100\n|switch|p1b: Farigiraf|Farigiraf, L50, F|100\/100\n|switch|p2a: Gholdengo|Gholdengo, L50|100\/100\n|switch|p2b: Murkrow|Murkrow, L50, F|100\/100\n|turn|1\n|\n|t:|1724787101\n|move|p1b: Farigiraf|Protect|p1b: Farigiraf\n|-singleturn|p1b: Farigiraf|Protect\n|move|p1a: Lilligant|Sleep Powder|p2b: Murkrow\n|-status|p2b: Murkrow|slp|[from] move: Sleep Powder\n|move|p2a: Gholdengo|Make It Rain|p1b: Farigiraf|[spread] p1a\n|-activate|p1b: Farigiraf|move: Protect\n|-enditem|p1a: Lilligant|Focus Sash\n|-damage|p1a: Lilligant|1\/100\n|-unboost|p2a: Gholdengo|spa|1\n|cant|p2b: Murkrow|slp\n|\n|upkeep\n|turn|2\n|\n|t:|1724787121\n|switch|p1a: Ursaluna|Ursaluna, L50, F|100\/100\n|move|p2a: Gholdengo|Make It Rain|p1b: Farigiraf|[spread] p1a,p1b\n|-damage|p1a: Ursaluna|56\/100\n|-damage|p1b: Farigiraf|63\/100\n|-unboost|p2a: Gholdengo|spa|1\n|cant|p2b: Murkrow|slp\n|move|p1b: Farigiraf|Trick Room|p1b: Farigiraf\n|-fieldstart|move: Trick Room|[of] p1b: Farigiraf\n|\n|-status|p1a: Ursaluna|brn|[from] item: Flame Orb\n|upkeep\n|turn|3\n|j| Bugoy Batang Ama\n|j| KavkaDEN\n|\n|t:|1724787147\n|switch|p2a: Pelipper|Pelipper, L50, M|100\/100\n|-weather|RainDance|[from] ability: Drizzle|[of] p2a: Pelipper\n|move|p1a: Ursaluna|Facade|p2b: Murkrow\n|-damage|p2b: Murkrow|0 fnt\n|faint|p2b: Murkrow\n|move|p1b: Farigiraf|Dazzling Gleam|p2a: Pelipper\n|-damage|p2a: Pelipper|67\/100\n|\n|-weather|RainDance|[upkeep]\n|-damage|p1a: Ursaluna|50\/100 brn|[from] brn\n|upkeep\n|\n|t:|1724787154\n|switch|p2b: Amoonguss|Amoonguss, L50, F|100\/100\n|turn|4\n|\n|t:|1724787167\n|move|p2b: Amoonguss|Protect|p2b: Amoonguss\n|-singleturn|p2b: Amoonguss|Protect\n|move|p1a: Ursaluna|Facade|p2b: Amoonguss\n|-activate|p2b: Amoonguss|move: Protect\n|move|p1b: Farigiraf|Psychic Noise|p2b: Amoonguss\n|-activate|p2b: Amoonguss|move: Protect\n|move|p2a: Pelipper|Weather Ball|p1a: Ursaluna\n|-supereffective|p1a: Ursaluna\n|-damage|p1a: Ursaluna|0 fnt\n|faint|p1a: Ursaluna\n|\n|-weather|RainDance|[upkeep]\n|upkeep\n|l| KavkaDEN\n|\n|t:|1724787180\n|switch|p1a: Torkoal|Torkoal, L50, F|100\/100\n|-weather|SunnyDay|[from] ability: Drought|[of] p1a: Torkoal\n|turn|5\n|\n|t:|1724787196\n|-terastallize|p1a: Torkoal|Fire\n|-terastallize|p2b: Amoonguss|Water\n|move|p1a: Torkoal|Eruption|p2b: Amoonguss|[spread] p2a,p2b\n|-resisted|p2a: Pelipper\n|-resisted|p2b: Amoonguss\n|-damage|p2a: Pelipper|0 fnt\n|-damage|p2b: Amoonguss|52\/100\n|faint|p2a: Pelipper\n|move|p2b: Amoonguss|Spore|p1b: Farigiraf\n|-status|p1b: Farigiraf|slp|[from] move: Spore\n|cant|p1b: Farigiraf|slp\n|\n|-weather|SunnyDay|[upkeep]\n|upkeep\n|\n|t:|1724787203\n|switch|p2a: Gholdengo|Gholdengo, L50|100\/100\n|turn|6\n|\n|t:|1724787213\n|move|p1a: Torkoal|Eruption|p2a: Gholdengo|[spread] p2a,p2b\n|-supereffective|p2a: Gholdengo\n|-resisted|p2b: Amoonguss\n|-damage|p2a: Gholdengo|0 fnt\n|-damage|p2b: Amoonguss|5\/100\n|faint|p2a: Gholdengo\n|move|p2b: Amoonguss|Sludge Bomb|p1a: Torkoal\n|-damage|p1a: Torkoal|67\/100\n|cant|p1b: Farigiraf|slp\n|\n|-weather|SunnyDay|[upkeep]\n|-fieldend|move: Trick Room\n|upkeep\n|turn|7\n|-message|Waffles4breakfast forfeited.\n|\n|win|MomeriA12\n|raw|MomeriA12's rating: 1668 &rarr; <strong>1693<\/strong><br \/>(+25 for winning)\n|raw|Waffles4breakfast's rating: 1758 &rarr; <strong>1733<\/strong><br \/>(-25 for losing)\n|l|\u2606Waffles4breakfast\n|player|p2|\n|l|\u2606MomeriA12\n|player|p1|\n|l| Bugoy Batang Ama\n","uploadtime":1724787371,"views":111,"formatid":"gen9vgc2024regh","rating":1693,"private":0,"password":null}