{"id":"gen9vgc2024regh-2189501875","format":"[Gen 9] VGC 2024 Reg H","players":["ramenouo","violet mm"],"log":"|j|\u2606ramenouo\n|j|\u2606violet mm\n|t:|1724844333\n|gametype|doubles\n|player|p1|ramenouo|candice|1656\n|player|p2|violet mm|266|1685\n|teamsize|p1|6\n|teamsize|p2|6\n|gen|9\n|tier|[Gen 9] VGC 2024 Reg H\n|rated|\n|rule|Species Clause: Limit one of each Pok\u00e9mon\n|rule|Item Clause: Limit 1 of each item\n|clearpoke\n|poke|p1|Garchomp, L50, F|\n|poke|p1|Shiftry, L50, F|\n|poke|p1|Murkrow, L50, F|\n|poke|p1|Gholdengo, L50|\n|poke|p1|Rotom-Heat, L50|\n|poke|p1|Bronzong, L50|\n|poke|p2|Incineroar, L50, F|\n|poke|p2|Rillaboom, L50, M|\n|poke|p2|Tyranitar, L50, M|\n|poke|p2|Glimmora, L50, F|\n|poke|p2|Whimsicott, L50, M|\n|poke|p2|Gholdengo, L50|\n|teampreview|4\n|inactive|Battle timer is ON: inactive players will automatically lose when time's up. (requested by ramenouo)\n|inactive|ramenouo has 60 seconds left.\n|\n|t:|1724844371\n|start\n|switch|p1a: Murkrow|Murkrow, L50, F|100\/100\n|switch|p1b: Gholdengo|Gholdengo, L50|100\/100\n|switch|p2a: Glimmora|Glimmora, L50, F|100\/100\n|switch|p2b: Whimsicott|Whimsicott, L50, M|100\/100\n|turn|1\n|\n|t:|1724844377\n|-terastallize|p2a: Glimmora|Ground\n|-terastallize|p1b: Gholdengo|Steel\n|move|p2b: Whimsicott|Tailwind|p2b: Whimsicott\n|-sidestart|p2: violet mm|move: Tailwind\n|move|p1a: Murkrow|Quash|p2a: Glimmora\n|-activate|p2a: Glimmora|move: Quash\n|move|p1b: Gholdengo|Make It Rain|p2a: Glimmora|[spread] p2a,p2b\n|-supereffective|p2b: Whimsicott\n|-enditem|p2a: Glimmora|Focus Sash\n|-damage|p2a: Glimmora|1\/100\n|-damage|p2b: Whimsicott|0 fnt\n|-unboost|p1b: Gholdengo|spa|1\n|faint|p2b: Whimsicott\n|move|p2a: Glimmora|Earth Power|p1b: Gholdengo\n|-supereffective|p1b: Gholdengo\n|-damage|p1b: Gholdengo|7\/100\n|\n|upkeep\n|\n|t:|1724844386\n|switch|p2b: Rillaboom|Rillaboom, L50, M|100\/100\n|-fieldstart|move: Grassy Terrain|[from] ability: Grassy Surge|[of] p2b: Rillaboom\n|turn|2\n|\n|t:|1724844394\n|move|p2b: Rillaboom|Grassy Glide|p1b: Gholdengo\n|-resisted|p1b: Gholdengo\n|-damage|p1b: Gholdengo|0 fnt\n|faint|p1b: Gholdengo\n|move|p1a: Murkrow|Tailwind|p1a: Murkrow\n|-sidestart|p1: ramenouo|move: Tailwind\n|move|p2a: Glimmora|Power Gem|p1a: Murkrow\n|-supereffective|p1a: Murkrow\n|-damage|p1a: Murkrow|16\/100\n|\n|-heal|p2a: Glimmora|7\/100|[from] Grassy Terrain\n|upkeep\n|\n|t:|1724844398\n|switch|p1b: Rotom|Rotom-Heat, L50|100\/100\n|turn|3\n|j| Trfgtred\n|inactive|ramenouo has 30 seconds left.\n|\n|t:|1724844432\n|switch|p2b: Tyranitar|Tyranitar, L50, M|100\/100\n|-weather|Sandstorm|[from] ability: Sand Stream|[of] p2b: Tyranitar\n|move|p2a: Glimmora|Spiky Shield|p2a: Glimmora\n|-singleturn|p2a: Glimmora|move: Protect\n|move|p1a: Murkrow|Foul Play|p2b: Tyranitar\n|-resisted|p2b: Tyranitar\n|-crit|p2b: Tyranitar\n|-damage|p2b: Tyranitar|63\/100\n|move|p1b: Rotom|Overheat|p2b: Tyranitar|[miss]\n|-miss|p1b: Rotom|p2b: Tyranitar\n|\n|-weather|Sandstorm|[upkeep]\n|-damage|p1a: Murkrow|10\/100|[from] Sandstorm\n|-damage|p1b: Rotom|94\/100|[from] Sandstorm\n|-heal|p2a: Glimmora|13\/100|[from] Grassy Terrain\n|-heal|p2b: Tyranitar|70\/100|[from] Grassy Terrain\n|upkeep\n|turn|4\n|inactive|ramenouo has 30 seconds left.\n|inactive|ramenouo has 20 seconds left.\n|inactive|ramenouo has 15 seconds left.\n|inactive|ramenouo has 10 seconds left.\n|inactive|ramenouo has 5 seconds left.\n|\n|t:|1724844485\n|move|p2a: Glimmora|Power Gem|p1b: Rotom\n|-supereffective|p1b: Rotom\n|-damage|p1b: Rotom|5\/100\n|move|p1a: Murkrow|Foul Play|p2a: Glimmora\n|-damage|p2a: Glimmora|0 fnt\n|-activate|p2a: Glimmora|ability: Toxic Debris\n|-sidestart|p1: ramenouo|move: Toxic Spikes\n|faint|p2a: Glimmora\n|move|p1b: Rotom|Electric Terrain|p1b: Rotom\n|-fieldstart|move: Electric Terrain\n|move|p2b: Tyranitar|Rock Slide|p1b: Rotom|[spread] p1b\n|-miss|p2b: Tyranitar|p1a: Murkrow\n|-supereffective|p1b: Rotom\n|-damage|p1b: Rotom|0 fnt\n|faint|p1b: Rotom\n|\n|-weather|Sandstorm|[upkeep]\n|-damage|p1a: Murkrow|4\/100|[from] Sandstorm\n|-sideend|p2: violet mm|move: Tailwind\n|upkeep\n|\n|t:|1724844497\n|switch|p2a: Rillaboom|Rillaboom, L50, M|100\/100\n|switch|p1b: Garchomp|Garchomp, L50, F|100\/100\n|-status|p1b: Garchomp|psn\n|-fieldstart|move: Grassy Terrain|[from] ability: Grassy Surge|[of] p2a: Rillaboom\n|turn|5\n|\n|t:|1724844508\n|move|p1b: Garchomp|Outrage|p2a: Rillaboom\n|-damage|p2a: Rillaboom|0 fnt\n|faint|p2a: Rillaboom\n|move|p1a: Murkrow|Foul Play|p2b: Tyranitar\n|-resisted|p2b: Tyranitar\n|-damage|p2b: Tyranitar|47\/100\n|move|p2b: Tyranitar|Knock Off|p1b: Garchomp\n|-damage|p1b: Garchomp|51\/100 psn\n|-damage|p2b: Tyranitar|35\/100|[from] ability: Rough Skin|[of] p1b: Garchomp\n|-enditem|p1b: Garchomp|Choice Band|[from] move: Knock Off|[of] p2b: Tyranitar\n|\n|-weather|Sandstorm|[upkeep]\n|-damage|p1a: Murkrow|0 fnt|[from] Sandstorm\n|faint|p1a: Murkrow\n|-heal|p1b: Garchomp|58\/100 psn|[from] Grassy Terrain\n|-heal|p2b: Tyranitar|41\/100|[from] Grassy Terrain\n|-damage|p1b: Garchomp|45\/100 psn|[from] psn\n|-sideend|p1: ramenouo|move: Tailwind\n|upkeep\n|turn|6\n|\n|t:|1724844533\n|move|p1b: Garchomp|Outrage|p2b: Tyranitar|[from]lockedmove\n|-damage|p2b: Tyranitar|0 fnt\n|faint|p2b: Tyranitar\n|-start|p1b: Garchomp|confusion|[fatigue]\n|\n|win|ramenouo\n|raw|ramenouo's rating: 1656 &rarr; <strong>1678<\/strong><br \/>(+22 for winning)\n|raw|violet mm's rating: 1685 &rarr; <strong>1663<\/strong><br \/>(-22 for losing)\n|l|\u2606violet mm\n|player|p2|\n|l|\u2606ramenouo\n|player|p1|\n","uploadtime":1724844723,"views":21,"formatid":"gen9vgc2024regh","rating":1663,"private":0,"password":null}