{"id":"gen9vgc2024regh-2189062808","format":"[Gen 9] VGC 2024 Reg H","players":["Krisuerte","htotoT"],"log":"|j|\u2606Krisuerte\n|j|\u2606htotoT\n|t:|1724786114\n|gametype|doubles\n|player|p1|Krisuerte|101|1754\n|player|p2|htotoT|bruno|1645\n|teamsize|p1|6\n|teamsize|p2|6\n|gen|9\n|tier|[Gen 9] VGC 2024 Reg H\n|rated|\n|rule|Species Clause: Limit one of each Pok\u00e9mon\n|rule|Item Clause: Limit 1 of each item\n|clearpoke\n|poke|p1|Indeedee-F, L50, F|\n|poke|p1|Armarouge, L50, F|\n|poke|p1|Sinistcha-Masterpiece, L50|\n|poke|p1|Archaludon, L50, M|\n|poke|p1|Ursaluna-Bloodmoon, L50, M|\n|poke|p1|Pelipper, L50, M|\n|poke|p2|Gholdengo, L50|\n|poke|p2|Murkrow, L50, F|\n|poke|p2|Pelipper, L50, F|\n|poke|p2|Archaludon, L50, M|\n|poke|p2|Perrserker, L50, F|\n|poke|p2|Glimmora, L50, F|\n|teampreview|4\n|inactive|Battle timer is ON: inactive players will automatically lose when time's up. (requested by htotoT)\n|\n|t:|1724786134\n|start\n|switch|p1a: Indeedee|Indeedee-F, L50, F|100\/100\n|switch|p1b: Armarouge|Armarouge, L50, F|100\/100\n|switch|p2a: Perrserker|Perrserker, L50, F, shiny|100\/100\n|switch|p2b: Gholdengo|Gholdengo, L50|100\/100\n|-fieldstart|move: Psychic Terrain|[from] ability: Psychic Surge|[of] p1a: Indeedee\n|turn|1\n|j| Bugoy Batang Ama\n|\n|t:|1724786148\n|-terastallize|p2b: Gholdengo|Steel\n|move|p1a: Indeedee|Helping Hand|p1b: Armarouge\n|-singleturn|p1b: Armarouge|Helping Hand|[of] p1a: Indeedee\n|move|p1b: Armarouge|Heat Wave|p2b: Gholdengo|[spread] p2a\n|-miss|p1b: Armarouge|p2b: Gholdengo\n|-supereffective|p2a: Perrserker\n|-damage|p2a: Perrserker|0 fnt\n|faint|p2a: Perrserker\n|move|p2b: Gholdengo|Make It Rain|p1a: Indeedee|[spread] p1a,p1b\n|-resisted|p1b: Armarouge\n|-damage|p1a: Indeedee|11\/100\n|-damage|p1b: Armarouge|38\/100\n|-unboost|p2b: Gholdengo|spa|1\n|\n|upkeep\n|\n|t:|1724786157\n|switch|p2a: Archaludon|Archaludon, L50, M|100\/100\n|turn|2\n|j| mr pogostick\n|\n|t:|1724786169\n|switch|p2a: Pelipper|Pelipper, L50, F|100\/100\n|-weather|RainDance|[from] ability: Drizzle|[of] p2a: Pelipper\n|move|p1a: Indeedee|Helping Hand|p1b: Armarouge\n|-singleturn|p1b: Armarouge|Helping Hand|[of] p1a: Indeedee\n|move|p1b: Armarouge|Heat Wave|p2b: Gholdengo|[spread] p2a,p2b\n|-resisted|p2a: Pelipper\n|-supereffective|p2b: Gholdengo\n|-damage|p2a: Pelipper|74\/100\n|-damage|p2b: Gholdengo|38\/100\n|move|p2b: Gholdengo|Make It Rain|p1a: Indeedee|[spread] p1a,p1b\n|-resisted|p1b: Armarouge\n|-damage|p1a: Indeedee|0 fnt\n|-damage|p1b: Armarouge|0 fnt\n|-unboost|p2b: Gholdengo|spa|1\n|faint|p1a: Indeedee\n|faint|p1b: Armarouge\n|\n|-weather|RainDance|[upkeep]\n|upkeep\n|\n|t:|1724786190\n|switch|p1b: Archaludon|Archaludon, L50, M|100\/100\n|switch|p1a: Ursaluna|Ursaluna-Bloodmoon, L50, M|100\/100\n|turn|3\n|\n|t:|1724786214\n|move|p2a: Pelipper|Protect|p2a: Pelipper\n|-singleturn|p2a: Pelipper|Protect\n|move|p1a: Ursaluna|Protect|p1a: Ursaluna\n|-singleturn|p1a: Ursaluna|Protect\n|move|p2b: Gholdengo|Make It Rain|p1b: Archaludon|[spread] p1b\n|-activate|p1a: Ursaluna|move: Protect\n|-resisted|p1b: Archaludon\n|-damage|p1b: Archaludon|80\/100\n|-unboost|p2b: Gholdengo|spa|1\n|-ability|p1b: Archaludon|Stamina|boost\n|-boost|p1b: Archaludon|def|1\n|move|p1b: Archaludon|Electro Shot||[still]\n|-prepare|p1b: Archaludon|Electro Shot\n|-boost|p1b: Archaludon|spa|1\n|-anim|p1b: Archaludon|Electro Shot|p2a: Pelipper\n|-activate|p2a: Pelipper|move: Protect\n|\n|-weather|RainDance|[upkeep]\n|upkeep\n|turn|4\n|j| giankam98\n|\n|t:|1724786239\n|switch|p2a: Archaludon|Archaludon, L50, M|100\/100\n|-terastallize|p1a: Ursaluna|Normal\n|move|p2b: Gholdengo|Make It Rain|p1b: Archaludon|[spread] p1a,p1b\n|-resisted|p1b: Archaludon\n|-damage|p1a: Ursaluna|61\/100\n|-damage|p1b: Archaludon|63\/100\n|-unboost|p2b: Gholdengo|spa|1\n|-ability|p1b: Archaludon|Stamina|boost\n|-boost|p1b: Archaludon|def|1\n|move|p1b: Archaludon|Electro Shot||[still]\n|-prepare|p1b: Archaludon|Electro Shot\n|-boost|p1b: Archaludon|spa|1\n|-anim|p1b: Archaludon|Electro Shot|p2a: Archaludon\n|-resisted|p2a: Archaludon\n|-damage|p2a: Archaludon|50\/100\n|-ability|p2a: Archaludon|Stamina|boost\n|-boost|p2a: Archaludon|def|1\n|move|p1a: Ursaluna|Hyper Voice|p2b: Gholdengo|[spread] p2a,p2b\n|-resisted|p2a: Archaludon\n|-resisted|p2b: Gholdengo\n|-damage|p2a: Archaludon|25\/100\n|-damage|p2b: Gholdengo|7\/100\n|-ability|p2a: Archaludon|Stamina|boost\n|-boost|p2a: Archaludon|def|1\n|-enditem|p1a: Ursaluna|Throat Spray\n|-boost|p1a: Ursaluna|spa|1|[from] item: Throat Spray\n|\n|-weather|RainDance|[upkeep]\n|upkeep\n|turn|5\n|l| giankam98\n|inactive|Krisuerte has 30 seconds left.\n|inactive|htotoT has 30 seconds left.\n|\n|t:|1724786269\n|switch|p2b: Pelipper|Pelipper, L50, F|74\/100\n|move|p2a: Archaludon|Aura Sphere|p1b: Archaludon\n|-supereffective|p1b: Archaludon\n|-damage|p1b: Archaludon|17\/100\n|-ability|p1b: Archaludon|Stamina|boost\n|-boost|p1b: Archaludon|def|1\n|move|p1b: Archaludon|Electro Shot||[still]\n|-prepare|p1b: Archaludon|Electro Shot\n|-boost|p1b: Archaludon|spa|1\n|-anim|p1b: Archaludon|Electro Shot|p2a: Archaludon\n|-resisted|p2a: Archaludon\n|-damage|p2a: Archaludon|0 fnt\n|faint|p2a: Archaludon\n|move|p1a: Ursaluna|Hyper Voice|p2b: Pelipper\n|-damage|p2b: Pelipper|0 fnt\n|faint|p2b: Pelipper\n|\n|-weather|RainDance|[upkeep]\n|-fieldend|move: Psychic Terrain\n|upkeep\n|\n|t:|1724786284\n|switch|p2b: Gholdengo|Gholdengo, L50, tera:Steel|7\/100\n|turn|6\n|\n|t:|1724786301\n|move|p2b: Gholdengo|Make It Rain|p1a: Ursaluna|[spread] p1a,p1b\n|-resisted|p1b: Archaludon\n|-damage|p1a: Ursaluna|0 fnt\n|-damage|p1b: Archaludon|0 fnt\n|-unboost|p2b: Gholdengo|spa|1\n|faint|p1a: Ursaluna\n|faint|p1b: Archaludon\n|\n|win|htotoT\n|raw|Krisuerte's rating: 1754 &rarr; <strong>1728<\/strong><br \/>(-26 for losing)\n|raw|htotoT's rating: 1645 &rarr; <strong>1671<\/strong><br \/>(+26 for winning)\n|l|\u2606htotoT\n|player|p2|\n|l|\u2606Krisuerte\n|player|p1|\n|c| Bugoy Batang Ama|take a break :(\n|c| Bugoy Batang Ama|fraud\n|l| mr pogostick\n","uploadtime":1724786554,"views":33,"formatid":"gen9vgc2024regh","rating":1671,"private":0,"password":null}