{"id":"gen9vgc2024regh-2189114860","format":"[Gen 9] VGC 2024 Reg H","players":["nickfanta","sarstingnos"],"log":"|j|\u2606nickfanta\n|j|\u2606sarstingnos\n|t:|1724791024\n|gametype|doubles\n|player|p1|nickfanta|lucas|1660\n|player|p2|sarstingnos|169|1715\n|teamsize|p1|6\n|teamsize|p2|6\n|gen|9\n|tier|[Gen 9] VGC 2024 Reg H\n|rated|\n|rule|Species Clause: Limit one of each Pok\u00e9mon\n|rule|Item Clause: Limit 1 of each item\n|clearpoke\n|poke|p1|Primarina, L50, F|\n|poke|p1|Pelipper, L50, F|\n|poke|p1|Archaludon, L50, F|\n|poke|p1|Kingambit, L50, M|\n|poke|p1|Sneasler, L50, M|\n|poke|p1|Porygon-Z, L50|\n|poke|p2|Typhlosion-Hisui, L50, M|\n|poke|p2|Garganacl, L50, F|\n|poke|p2|Indeedee, L50, M|\n|poke|p2|Gholdengo, L50|\n|poke|p2|Whimsicott, L50, F|\n|poke|p2|Sneasler, L50, M|\n|teampreview|4\n|j| Samevgcmons\n|j| Thurmos7\n|inactive|Battle timer is ON: inactive players will automatically lose when time's up. (requested by nickfanta)\n|inactive|nickfanta has 60 seconds left.\n|j| Giftedyew\n|\n|t:|1724791116\n|start\n|switch|p1a: Primarina|Primarina, L50, F|100\/100\n|switch|p1b: Porygon-Z|Porygon-Z, L50|100\/100\n|switch|p2a: Whimsicott|Whimsicott, L50, F|100\/100\n|switch|p2b: Typhlosion|Typhlosion-Hisui, L50, M|100\/100\n|turn|1\n|\n|t:|1724791134\n|switch|p1b: Pelipper|Pelipper, L50, F|100\/100\n|-weather|RainDance|[from] ability: Drizzle|[of] p1b: Pelipper\n|move|p2a: Whimsicott|Sunny Day|p2a: Whimsicott\n|-weather|SunnyDay\n|move|p2b: Typhlosion|Eruption|p1a: Primarina|[spread] p1a,p1b\n|-resisted|p1a: Primarina\n|-resisted|p1b: Pelipper\n|-damage|p1a: Primarina|53\/100\n|-enditem|p1b: Pelipper|Focus Sash\n|-damage|p1b: Pelipper|1\/100\n|move|p1a: Primarina|Hyper Voice|p2a: Whimsicott|[spread] p2a,p2b\n|-resisted|p2a: Whimsicott\n|-supereffective|p2b: Typhlosion\n|-damage|p2a: Whimsicott|86\/100\n|-damage|p2b: Typhlosion|52\/100\n|-enditem|p1a: Primarina|Throat Spray\n|-boost|p1a: Primarina|spa|1|[from] item: Throat Spray\n|\n|-weather|SunnyDay|[upkeep]\n|upkeep\n|turn|2\n|\n|t:|1724791149\n|move|p1b: Pelipper|Wide Guard|p1b: Pelipper\n|-singleturn|p1b: Pelipper|Wide Guard\n|move|p2a: Whimsicott|Moonblast|p1b: Pelipper\n|-damage|p1b: Pelipper|0 fnt\n|faint|p1b: Pelipper\n|move|p2b: Typhlosion|Eruption|p1a: Primarina\n|-activate|p1a: Primarina|move: Wide Guard\n|move|p1a: Primarina|Hyper Voice|p2a: Whimsicott|[spread] p2a,p2b\n|-resisted|p2a: Whimsicott\n|-supereffective|p2b: Typhlosion\n|-damage|p2a: Whimsicott|61\/100\n|-damage|p2b: Typhlosion|0 fnt\n|faint|p2b: Typhlosion\n|\n|-weather|SunnyDay|[upkeep]\n|upkeep\n|\n|t:|1724791164\n|switch|p2b: Indeedee|Indeedee, L50, M|100\/100\n|switch|p1b: Porygon-Z|Porygon-Z, L50|100\/100\n|-fieldstart|move: Psychic Terrain|[from] ability: Psychic Surge|[of] p2b: Indeedee\n|turn|3\n|\n|t:|1724791174\n|switch|p1b: Kingambit|Kingambit, L50, M|100\/100\n|move|p2b: Indeedee|Expanding Force|p1a: Primarina|[spread] p1a\n|-immune|p1b: Kingambit\n|-damage|p1a: Primarina|5\/100\n|move|p2a: Whimsicott|Endeavor|p1b: Kingambit\n|-damage|p1b: Kingambit|40\/100\n|move|p1a: Primarina|Moonblast|p2b: Indeedee\n|-damage|p2b: Indeedee|0 fnt\n|faint|p2b: Indeedee\n|\n|-weather|SunnyDay|[upkeep]\n|upkeep\n|\n|t:|1724791177\n|switch|p2b: Sneasler|Sneasler, L50, M|100\/100\n|-enditem|p2b: Sneasler|Psychic Seed\n|-boost|p2b: Sneasler|spd|1|[from] item: Psychic Seed\n|turn|4\n|inactive|nickfanta has 30 seconds left.\n|\n|t:|1724791206\n|move|p1b: Kingambit|Protect|p1b: Kingambit\n|-singleturn|p1b: Kingambit|Protect\n|move|p2b: Sneasler|Close Combat|p1b: Kingambit\n|-activate|p1b: Kingambit|move: Protect\n|move|p2a: Whimsicott|Moonblast|p1a: Primarina\n|-damage|p1a: Primarina|0 fnt\n|faint|p1a: Primarina\n|\n|-weather|SunnyDay|[upkeep]\n|upkeep\n|\n|t:|1724791212\n|switch|p1a: Porygon-Z|Porygon-Z, L50|100\/100\n|turn|5\n|\n|t:|1724791228\n|-terastallize|p1a: Porygon-Z|Ground\n|move|p2b: Sneasler|Protect|p2b: Sneasler\n|-singleturn|p2b: Sneasler|Protect\n|move|p1a: Porygon-Z|Tera Blast|p2b: Sneasler|[anim] Tera Blast Ground\n|-activate|p2b: Sneasler|move: Protect\n|move|p2a: Whimsicott|Moonblast|p1b: Kingambit\n|-damage|p1b: Kingambit|5\/100\n|move|p1b: Kingambit|Iron Head|p2a: Whimsicott\n|-supereffective|p2a: Whimsicott\n|-damage|p2a: Whimsicott|0 fnt\n|faint|p2a: Whimsicott\n|\n|-weather|none\n|upkeep\n|turn|6\n|\n|t:|1724791246\n|-terastallize|p2b: Sneasler|Dark\n|move|p2b: Sneasler|Throat Chop|p1b: Kingambit\n|-resisted|p1b: Kingambit\n|-damage|p1b: Kingambit|0 fnt\n|faint|p1b: Kingambit\n|move|p1a: Porygon-Z|Tera Blast|p2b: Sneasler|[anim] Tera Blast Ground\n|-crit|p2b: Sneasler\n|-damage|p2b: Sneasler|0 fnt\n|faint|p2b: Sneasler\n|\n|win|nickfanta\n|raw|nickfanta's rating: 1660 &rarr; <strong>1683<\/strong><br \/>(+23 for winning)\n|raw|sarstingnos's rating: 1715 &rarr; <strong>1692<\/strong><br \/>(-23 for losing)\n|l|\u2606nickfanta\n|player|p1|\n|l| Samevgcmons\n|l| Giftedyew\n","uploadtime":1724791457,"views":41,"formatid":"gen9vgc2024regh","rating":1683,"private":0,"password":null}