{"id":"gen9vgc2024regh-2189368881","format":"[Gen 9] VGC 2024 Reg H","players":["fangame10","lieyanshu"],"log":"|j|\u2606fangame10\n|j|\u2606lieyanshu\n|t:|1724820952\n|gametype|doubles\n|player|p1|fangame10|red|1758\n|player|p2|lieyanshu|lucas|1669\n|teamsize|p1|6\n|teamsize|p2|6\n|gen|9\n|tier|[Gen 9] VGC 2024 Reg H\n|rated|\n|rule|Species Clause: Limit one of each Pok\u00e9mon\n|rule|Item Clause: Limit 1 of each item\n|clearpoke\n|poke|p1|Glaceon, L50, F|\n|poke|p1|Ninetales-Alola, L50, F|\n|poke|p1|Primarina, L50, F|\n|poke|p1|Annihilape, L50, M|\n|poke|p1|Ursaluna, L50, M|\n|poke|p1|Sinistcha-Masterpiece, L50|\n|poke|p2|Gholdengo, L50|\n|poke|p2|Ursaluna-Bloodmoon, L50, M|\n|poke|p2|Dragapult, L50, M|\n|poke|p2|Murkrow, L50, M|\n|poke|p2|Sneasler, L50, M|\n|poke|p2|Kingambit, L50, F|\n|teampreview|4\n|inactive|Battle timer is ON: inactive players will automatically lose when time's up. (requested by fangame10)\n|inactive|lieyanshu has 60 seconds left.\n|\n|t:|1724820998\n|start\n|switch|p1a: Primarina|Primarina, L50, F, shiny|100\/100\n|switch|p1b: Ninetales|Ninetales-Alola, L50, F, shiny|100\/100\n|switch|p2a: Dragapult|Dragapult, L50, M|100\/100\n|switch|p2b: Gholdengo|Gholdengo, L50|100\/100\n|-weather|Snow|[from] ability: Snow Warning|[of] p1b: Ninetales\n|turn|1\n|j| Rabbithorn01\n|inactive|fangame10 has 30 seconds left.\n|\n|t:|1724821032\n|-terastallize|p2b: Gholdengo|Steel\n|-terastallize|p1a: Primarina|Water\n|move|p2a: Dragapult|Phantom Force||[still]\n|-prepare|p2a: Dragapult|Phantom Force\n|move|p1b: Ninetales|Aurora Veil|p1b: Ninetales\n|-sidestart|p1: fangame10|move: Aurora Veil\n|move|p2b: Gholdengo|Make It Rain|p1b: Ninetales|[spread] p1a,p1b\n|-resisted|p1a: Primarina\n|-supereffective|p1b: Ninetales\n|-damage|p1a: Primarina|75\/100\n|-damage|p1b: Ninetales|0 fnt\n|-unboost|p2b: Gholdengo|spa|1\n|faint|p1b: Ninetales\n|move|p1a: Primarina|Hyper Voice|p2b: Gholdengo|[spread] p2b\n|-miss|p1a: Primarina|p2a: Dragapult\n|-damage|p2b: Gholdengo|44\/100\n|-enditem|p1a: Primarina|Throat Spray\n|-boost|p1a: Primarina|spa|1|[from] item: Throat Spray\n|\n|-weather|Snow|[upkeep]\n|upkeep\n|\n|t:|1724821038\n|switch|p1b: Sinistcha|Sinistcha-Masterpiece, L50, shiny|100\/100\n|-heal|p1a: Primarina|99\/100|[from] ability: Hospitality|[of] p1b: Sinistcha\n|turn|2\n|j| mr pogostick\n|inactive|fangame10 has 30 seconds left.\n|\n|t:|1724821069\n|switch|p1b: Ursaluna|Ursaluna, L50, M, shiny|100\/100\n|move|p2a: Dragapult|Phantom Force|p1a: Primarina|[from]lockedmove\n|-damage|p1a: Primarina|38\/100\n|move|p2b: Gholdengo|Make It Rain|p1a: Primarina|[spread] p1a,p1b\n|-resisted|p1a: Primarina\n|-damage|p1a: Primarina|19\/100\n|-damage|p1b: Ursaluna|61\/100\n|-unboost|p2b: Gholdengo|spa|1\n|move|p1a: Primarina|Moonblast|p2a: Dragapult\n|-supereffective|p2a: Dragapult\n|-damage|p2a: Dragapult|0 fnt\n|faint|p2a: Dragapult\n|\n|-weather|Snow|[upkeep]\n|-status|p1b: Ursaluna|brn|[from] item: Flame Orb\n|upkeep\n|\n|t:|1724821085\n|switch|p2a: Sneasler|Sneasler, L50, M|100\/100\n|turn|3\n|\n|t:|1724821098\n|switch|p1b: Sinistcha|Sinistcha-Masterpiece, L50, shiny|100\/100\n|-heal|p1a: Primarina|43\/100|[from] ability: Hospitality|[of] p1b: Sinistcha\n|move|p2a: Sneasler|Close Combat|p1a: Primarina\n|-damage|p1a: Primarina|0 fnt\n|-unboost|p2a: Sneasler|def|1\n|-unboost|p2a: Sneasler|spd|1\n|faint|p1a: Primarina\n|move|p2b: Gholdengo|Make It Rain|p1b: Sinistcha\n|-damage|p1b: Sinistcha|47\/100\n|-unboost|p2b: Gholdengo|spa|1\n|\n|-weather|Snow|[upkeep]\n|upkeep\n|\n|t:|1724821104\n|switch|p1a: Ursaluna|Ursaluna, L50, M, shiny|61\/100 brn\n|turn|4\n|\n|t:|1724821120\n|move|p1a: Ursaluna|Protect|p1a: Ursaluna\n|-singleturn|p1a: Ursaluna|Protect\n|move|p2a: Sneasler|Night Slash|p1b: Sinistcha\n|-supereffective|p1b: Sinistcha\n|-crit|p1b: Sinistcha\n|-damage|p1b: Sinistcha|0 fnt\n|faint|p1b: Sinistcha\n|move|p2b: Gholdengo|Make It Rain|p1a: Ursaluna\n|-activate|p1a: Ursaluna|move: Protect\n|\n|-weather|Snow|[upkeep]\n|-damage|p1a: Ursaluna|55\/100 brn|[from] brn\n|upkeep\n|turn|5\n|-message|fangame10 forfeited.\n|\n|win|lieyanshu\n|raw|fangame10's rating: 1758 &rarr; <strong>1733<\/strong><br \/>(-25 for losing)\n|raw|lieyanshu's rating: 1669 &rarr; <strong>1694<\/strong><br \/>(+25 for winning)\n|l|\u2606fangame10\n|player|p1|\n|l| mr pogostick\n|l|\u2606lieyanshu\n|player|p2|\n|l| Rabbithorn01\n","uploadtime":1724821131,"views":76,"formatid":"gen9vgc2024regh","rating":1694,"private":0,"password":null}