{"id":"gen9vgc2024regh-2189022718","format":"[Gen 9] VGC 2024 Reg H","players":["bieiup","MomeriA12"],"log":"|j|\u2606bieiup\n|j|\u2606MomeriA12\n|t:|1724782476\n|gametype|doubles\n|player|p1|bieiup|lillie-z|1662\n|player|p2|MomeriA12|266|1734\n|teamsize|p1|6\n|teamsize|p2|6\n|gen|9\n|tier|[Gen 9] VGC 2024 Reg H\n|rated|\n|rule|Species Clause: Limit one of each Pok\u00e9mon\n|rule|Item Clause: Limit 1 of each item\n|clearpoke\n|poke|p1|Sableye, L50, M|\n|poke|p1|Sylveon, L50, F|\n|poke|p1|Dragonite, L50, F|\n|poke|p1|Gholdengo, L50|\n|poke|p1|Dondozo, L50, M|\n|poke|p1|Magmar, L50, F|\n|poke|p2|Staraptor, L50, M|\n|poke|p2|Hydreigon, L50, F|\n|poke|p2|Lilligant-Hisui, L50, F|\n|poke|p2|Torkoal, L50, M|\n|poke|p2|Ursaluna, L50, F|\n|poke|p2|Farigiraf, L50, M|\n|teampreview|4\n|j| Giftedyew\n|inactive|Battle timer is ON: inactive players will automatically lose when time's up. (requested by bieiup)\n|\n|t:|1724782514\n|start\n|switch|p1a: Gholdengo|Gholdengo, L50|100\/100\n|switch|p1b: Sableye|Sableye, L50, M|100\/100\n|switch|p2a: Lilligant|Lilligant-Hisui, L50, F|100\/100\n|switch|p2b: Torkoal|Torkoal, L50, M|100\/100\n|-weather|SunnyDay|[from] ability: Drought|[of] p2b: Torkoal\n|turn|1\n|l| Giftedyew\n|j| Giftedyew\n|inactive|bieiup has 30 seconds left.\n|\n|t:|1724782547\n|-terastallize|p1a: Gholdengo|Ground\n|move|p2a: Lilligant|Protect|p2a: Lilligant\n|-singleturn|p2a: Lilligant|Protect\n|move|p2b: Torkoal|Protect|p2b: Torkoal\n|-singleturn|p2b: Torkoal|Protect\n|move|p1b: Sableye|Fake Out|p2b: Torkoal\n|-activate|p2b: Torkoal|move: Protect\n|move|p1a: Gholdengo|Tera Blast|p2b: Torkoal|[anim] Tera Blast Ground\n|-activate|p2b: Torkoal|move: Protect\n|\n|-weather|SunnyDay|[upkeep]\n|upkeep\n|turn|2\n|j| MrBeans_SFW\n|\n|t:|1724782563\n|switch|p2b: Farigiraf|Farigiraf, L50, M|100\/100\n|move|p1b: Sableye|Encore||[still]\n|cant|p2b: Farigiraf|ability: Armor Tail|Encore|[of] p1b: Sableye\n|move|p2a: Lilligant|Close Combat|p1a: Gholdengo\n|-damage|p1a: Gholdengo|43\/100\n|-unboost|p2a: Lilligant|def|1\n|-unboost|p2a: Lilligant|spd|1\n|move|p1a: Gholdengo|Tera Blast|p2b: Farigiraf|[anim] Tera Blast Ground\n|-damage|p2b: Farigiraf|63\/100\n|\n|-weather|SunnyDay|[upkeep]\n|upkeep\n|turn|3\n|l| Giftedyew\n|\n|t:|1724782582\n|switch|p1a: Dragonite|Dragonite, L50, F|100\/100\n|move|p1b: Sableye|Light Screen|p1b: Sableye\n|-sidestart|p1: bieiup|move: Light Screen\n|move|p2a: Lilligant|Close Combat|p1a: Dragonite\n|-resisted|p1a: Dragonite\n|-damage|p1a: Dragonite|88\/100\n|-unboost|p2a: Lilligant|def|1\n|-unboost|p2a: Lilligant|spd|1\n|move|p2b: Farigiraf|Dazzling Gleam|p1a: Dragonite|[spread] p1a,p1b\n|-supereffective|p1a: Dragonite\n|-supereffective|p1b: Sableye\n|-damage|p1a: Dragonite|75\/100\n|-damage|p1b: Sableye|68\/100\n|\n|-weather|SunnyDay|[upkeep]\n|upkeep\n|turn|4\n|inactive|bieiup has 30 seconds left.\n|\n|t:|1724782612\n|move|p1b: Sableye|Will-O-Wisp||[still]\n|cant|p2b: Farigiraf|ability: Armor Tail|Will-O-Wisp|[of] p1b: Sableye\n|move|p2a: Lilligant|Sleep Powder|p1a: Dragonite\n|-status|p1a: Dragonite|slp|[from] move: Sleep Powder\n|cant|p1a: Dragonite|slp\n|move|p2b: Farigiraf|Dazzling Gleam|p1a: Dragonite|[spread] p1a,p1b\n|-supereffective|p1a: Dragonite\n|-supereffective|p1b: Sableye\n|-crit|p1b: Sableye\n|-damage|p1a: Dragonite|63\/100 slp\n|-damage|p1b: Sableye|0 fnt\n|faint|p1b: Sableye\n|\n|-weather|SunnyDay|[upkeep]\n|upkeep\n|\n|t:|1724782617\n|switch|p1b: Dondozo|Dondozo, L50, M|100\/100\n|turn|5\n|\n|t:|1724782631\n|switch|p2a: Ursaluna|Ursaluna, L50, F|100\/100\n|cant|p1a: Dragonite|slp\n|move|p1b: Dondozo|Fissure|p2a: Ursaluna|[miss]\n|-miss|p1b: Dondozo|p2a: Ursaluna\n|move|p2b: Farigiraf|Trick Room|p2b: Farigiraf\n|-fieldstart|move: Trick Room|[of] p2b: Farigiraf\n|\n|-weather|none\n|-status|p2a: Ursaluna|brn|[from] item: Flame Orb\n|upkeep\n|turn|6\n|\n|t:|1724782648\n|move|p1b: Dondozo|Fissure|p2a: Ursaluna\n|-damage|p2a: Ursaluna|0 fnt\n|faint|p2a: Ursaluna\n|-ohko\n|move|p2b: Farigiraf|Dazzling Gleam|p1a: Dragonite|[spread] p1a,p1b\n|-supereffective|p1a: Dragonite\n|-crit|p1b: Dondozo\n|-damage|p1a: Dragonite|51\/100 slp\n|-damage|p1b: Dondozo|86\/100\n|-curestatus|p1a: Dragonite|slp|[msg]\n|move|p1a: Dragonite|Outrage|p2b: Farigiraf\n|-damage|p2b: Farigiraf|0 fnt\n|faint|p2b: Farigiraf\n|\n|upkeep\n|\n|t:|1724782661\n|switch|p2a: Lilligant|Lilligant-Hisui, L50, F|100\/100\n|switch|p2b: Torkoal|Torkoal, L50, M|100\/100\n|-weather|SunnyDay|[from] ability: Drought|[of] p2b: Torkoal\n|turn|7\n|\n|t:|1724782682\n|-terastallize|p2b: Torkoal|Fire\n|move|p2b: Torkoal|Eruption|p1a: Dragonite|[spread] p1a,p1b\n|-resisted|p1a: Dragonite\n|-resisted|p1b: Dondozo\n|-damage|p1a: Dragonite|27\/100\n|-damage|p1b: Dondozo|59\/100\n|move|p1b: Dondozo|Earthquake|p2a: Lilligant|[spread] p2a,p2b\n|-immune|p1a: Dragonite\n|-resisted|p2a: Lilligant\n|-supereffective|p2b: Torkoal\n|-damage|p2a: Lilligant|87\/100\n|-damage|p2b: Torkoal|76\/100\n|move|p1a: Dragonite|Outrage|p2a: Lilligant|[from]lockedmove\n|-damage|p2a: Lilligant|0 fnt\n|faint|p2a: Lilligant\n|\n|-weather|SunnyDay|[upkeep]\n|-sideend|p1: bieiup|move: Light Screen\n|upkeep\n|turn|8\n|\n|t:|1724782699\n|move|p2b: Torkoal|Eruption|p1a: Dragonite|[spread] p1a,p1b\n|-resisted|p1a: Dragonite\n|-resisted|p1b: Dondozo\n|-damage|p1a: Dragonite|0 fnt\n|-damage|p1b: Dondozo|32\/100\n|faint|p1a: Dragonite\n|move|p1b: Dondozo|Rest|p1b: Dondozo\n|-status|p1b: Dondozo|slp|[from] move: Rest\n|-heal|p1b: Dondozo|100\/100 slp|[silent]\n|-enditem|p1b: Dondozo|Chesto Berry|[eat]\n|-curestatus|p1b: Dondozo|slp|[msg]\n|\n|-weather|SunnyDay|[upkeep]\n|upkeep\n|\n|t:|1724782701\n|switch|p1a: Gholdengo|Gholdengo, L50, tera:Ground|43\/100\n|turn|9\n|\n|t:|1724782711\n|move|p2b: Torkoal|Eruption|p1b: Dondozo|[spread] p1a,p1b\n|-resisted|p1b: Dondozo\n|-damage|p1a: Gholdengo|0 fnt\n|-damage|p1b: Dondozo|72\/100\n|faint|p1a: Gholdengo\n|move|p1b: Dondozo|Curse|p1b: Dondozo\n|-unboost|p1b: Dondozo|spe|1\n|-boost|p1b: Dondozo|atk|1\n|-boost|p1b: Dondozo|def|1\n|\n|-weather|SunnyDay|[upkeep]\n|-fieldend|move: Trick Room\n|upkeep\n|turn|10\n|\n|t:|1724782723\n|move|p1b: Dondozo|Earthquake|p2b: Torkoal\n|-supereffective|p2b: Torkoal\n|-damage|p2b: Torkoal|20\/100\n|move|p2b: Torkoal|Flamethrower|p1b: Dondozo\n|-resisted|p1b: Dondozo\n|-damage|p1b: Dondozo|42\/100\n|\n|-weather|SunnyDay|[upkeep]\n|upkeep\n|turn|11\n|c|\u2606MomeriA12|gg\n|\n|t:|1724782733\n|move|p1b: Dondozo|Earthquake|p2b: Torkoal\n|-supereffective|p2b: Torkoal\n|-damage|p2b: Torkoal|0 fnt\n|faint|p2b: Torkoal\n|\n|win|bieiup\n|raw|bieiup's rating: 1662 &rarr; <strong>1686<\/strong><br \/>(+24 for winning)\n|raw|MomeriA12's rating: 1734 &rarr; <strong>1710<\/strong><br \/>(-24 for losing)\n|l| MrBeans_SFW\n|l|\u2606MomeriA12\n|player|p2|\n|l|\u2606bieiup\n|player|p1|\n","uploadtime":1724782871,"views":83,"formatid":"gen9vgc2024regh","rating":1686,"private":0,"password":null}