{"id":"gen9vgc2024regh-2189110492","format":"[Gen 9] VGC 2024 Reg H","players":["Nerd159","Waffles4breakfast"],"log":"|j|\u2606Nerd159\n|j|\u2606Waffles4breakfast\n|t:|1724790606\n|gametype|doubles\n|player|p1|Nerd159|266|1718\n|player|p2|Waffles4breakfast|juggler|1760\n|teamsize|p1|6\n|teamsize|p2|6\n|gen|9\n|tier|[Gen 9] VGC 2024 Reg H\n|rated|\n|rule|Species Clause: Limit one of each Pok\u00e9mon\n|rule|Item Clause: Limit 1 of each item\n|clearpoke\n|poke|p1|Blaziken, L50, M|\n|poke|p1|Maushold, L50|\n|poke|p1|Gholdengo, L50|\n|poke|p1|Incineroar, L50, F|\n|poke|p1|Whimsicott, L50, M|\n|poke|p1|Primarina, L50, F|\n|poke|p2|Archaludon, L50, M|\n|poke|p2|Pelipper, L50, M|\n|poke|p2|Basculegion, L50, M|\n|poke|p2|Amoonguss, L50, F|\n|poke|p2|Gholdengo, L50|\n|poke|p2|Murkrow, L50, M|\n|teampreview|4\n|j| agnalam\n|j| pmg9\n|j| Flip a b\n|inactive|Battle timer is ON: inactive players will automatically lose when time's up. (requested by Waffles4breakfast)\n|\n|t:|1724790650\n|start\n|switch|p1a: Whimsicott|Whimsicott, L50, M|100\/100\n|switch|p1b: Primarina|Primarina, L50, F|100\/100\n|switch|p2a: Gholdengo|Gholdengo, L50|100\/100\n|switch|p2b: Murkrow|Murkrow, L50, M|100\/100\n|turn|1\n|\n|t:|1724790656\n|-terastallize|p2a: Gholdengo|Steel\n|move|p2b: Murkrow|Tailwind|p2b: Murkrow\n|-sidestart|p2: Waffles4breakfast|move: Tailwind\n|move|p2a: Gholdengo|Make It Rain|p1a: Whimsicott|[spread] p1a,p1b\n|-supereffective|p1a: Whimsicott\n|-enditem|p1a: Whimsicott|Focus Sash\n|-damage|p1a: Whimsicott|1\/100\n|-damage|p1b: Primarina|19\/100\n|-unboost|p2a: Gholdengo|spa|1\n|-enditem|p1b: Primarina|Sitrus Berry|[eat]\n|-heal|p1b: Primarina|44\/100|[from] item: Sitrus Berry\n|move|p1a: Whimsicott|Moonblast|p2b: Murkrow\n|-supereffective|p2b: Murkrow\n|-damage|p2b: Murkrow|36\/100\n|-unboost|p2b: Murkrow|spa|1\n|move|p1b: Primarina|Hyper Voice|p2b: Murkrow|[spread] p2a,p2b\n|-damage|p2a: Gholdengo|56\/100\n|-damage|p2b: Murkrow|5\/100\n|\n|upkeep\n|turn|2\n|\n|t:|1724790675\n|move|p1b: Primarina|Protect|p1b: Primarina\n|-singleturn|p1b: Primarina|Protect\n|move|p2b: Murkrow|Haze|p2b: Murkrow\n|-clearallboost\n|move|p1a: Whimsicott|Tailwind|p1a: Whimsicott\n|-sidestart|p1: Nerd159|move: Tailwind\n|move|p2a: Gholdengo|Make It Rain|p1a: Whimsicott|[spread] p1a\n|-activate|p1b: Primarina|move: Protect\n|-supereffective|p1a: Whimsicott\n|-damage|p1a: Whimsicott|0 fnt\n|-unboost|p2a: Gholdengo|spa|1\n|faint|p1a: Whimsicott\n|\n|upkeep\n|j| Giftedyew\n|\n|t:|1724790684\n|switch|p1a: Blaziken|Blaziken, L50, M|100\/100\n|turn|3\n|\n|t:|1724790694\n|switch|p1b: Gholdengo|Gholdengo, L50|100\/100\n|move|p2b: Murkrow|Quash|p1a: Blaziken\n|-activate|p1a: Blaziken|move: Quash\n|move|p2a: Gholdengo|Make It Rain|p1b: Gholdengo|[spread] p1a,p1b\n|-resisted|p1a: Blaziken\n|-resisted|p1b: Gholdengo\n|-damage|p1a: Blaziken|54\/100\n|-damage|p1b: Gholdengo|64\/100\n|-unboost|p2a: Gholdengo|spa|1\n|move|p1a: Blaziken|Flare Blitz|p2a: Gholdengo\n|-supereffective|p2a: Gholdengo\n|-damage|p2a: Gholdengo|0 fnt\n|faint|p2a: Gholdengo\n|-damage|p1a: Blaziken|35\/100|[from] Recoil\n|\n|-ability|p1a: Blaziken|Speed Boost|boost\n|-boost|p1a: Blaziken|spe|1\n|upkeep\n|\n|t:|1724790698\n|switch|p2a: Basculegion|Basculegion, L50, M|100\/100\n|turn|4\n|inactive|Nerd159 has 30 seconds left.\n|\n|t:|1724790728\n|switch|p2b: Pelipper|Pelipper, L50, M|100\/100\n|-weather|RainDance|[from] ability: Drizzle|[of] p2b: Pelipper\n|-terastallize|p1a: Blaziken|Dark\n|move|p2a: Basculegion|Last Respects|p1b: Gholdengo\n|-supereffective|p1b: Gholdengo\n|-damage|p1b: Gholdengo|0 fnt\n|faint|p1b: Gholdengo\n|move|p1a: Blaziken|Knock Off|p2a: Basculegion\n|-supereffective|p2a: Basculegion\n|-damage|p2a: Basculegion|0 fnt\n|-enditem|p2a: Basculegion|Choice Band|[from] move: Knock Off|[of] p1a: Blaziken\n|faint|p2a: Basculegion\n|\n|-weather|RainDance|[upkeep]\n|-sideend|p2: Waffles4breakfast|move: Tailwind\n|-ability|p1a: Blaziken|Speed Boost|boost\n|-boost|p1a: Blaziken|spe|1\n|upkeep\n|\n|t:|1724790747\n|switch|p2a: Murkrow|Murkrow, L50, M|5\/100\n|switch|p1b: Primarina|Primarina, L50, F|44\/100\n|turn|5\n|\n|t:|1724790760\n|move|p2a: Murkrow|Haze|p2a: Murkrow\n|-clearallboost\n|move|p1a: Blaziken|Knock Off|p2b: Pelipper\n|-damage|p2b: Pelipper|34\/100\n|-enditem|p2b: Pelipper|Focus Sash|[from] move: Knock Off|[of] p1a: Blaziken\n|move|p1b: Primarina|Hyper Voice|p2a: Murkrow|[spread] p2a,p2b\n|-resisted|p2b: Pelipper\n|-damage|p2a: Murkrow|0 fnt\n|-damage|p2b: Pelipper|0 fnt\n|faint|p2a: Murkrow\n|faint|p2b: Pelipper\n|\n|win|Nerd159\n|raw|Nerd159's rating: 1718 &rarr; <strong>1740<\/strong><br \/>(+22 for winning)\n|raw|Waffles4breakfast's rating: 1760 &rarr; <strong>1738<\/strong><br \/>(-22 for losing)\n|l|\u2606Waffles4breakfast\n|player|p2|\n|l|\u2606Nerd159\n|player|p1|\n|l| pmg9\n|l| Giftedyew\n|l| agnalam\n|l| Flip a b\n","uploadtime":1724790901,"views":255,"formatid":"gen9vgc2024regh","rating":1738,"private":0,"password":null}