{"id":"gen9vgc2024regh-2189364910","format":"[Gen 9] VGC 2024 Reg H","players":["fangame10","Uber Threat"],"log":"|j|\u2606fangame10\n|j|\u2606Uber Threat\n|t:|1724820295\n|gametype|doubles\n|player|p1|fangame10|red|1799\n|player|p2|Uber Threat|policeman-gen4|1658\n|teamsize|p1|6\n|teamsize|p2|6\n|gen|9\n|tier|[Gen 9] VGC 2024 Reg H\n|rated|\n|rule|Species Clause: Limit one of each Pok\u00e9mon\n|rule|Item Clause: Limit 1 of each item\n|clearpoke\n|poke|p1|Glaceon, L50, F|\n|poke|p1|Ninetales-Alola, L50, F|\n|poke|p1|Primarina, L50, F|\n|poke|p1|Annihilape, L50, M|\n|poke|p1|Ursaluna, L50, M|\n|poke|p1|Sinistcha-Masterpiece, L50|\n|poke|p2|Inteleon, L50, F|\n|poke|p2|Rillaboom, L50, M|\n|poke|p2|Altaria, L50, F|\n|poke|p2|Clefairy, L50, F|\n|poke|p2|Gholdengo, L50|\n|poke|p2|Kingambit, L50, M|\n|teampreview|4\n|inactive|Battle timer is ON: inactive players will automatically lose when time's up. (requested by fangame10)\n|inactive|fangame10 has 60 seconds left.\n|inactive|Uber Threat has 60 seconds left.\n|inactive|Uber Threat has 30 seconds left.\n|\n|t:|1724820355\n|start\n|switch|p1a: Sinistcha|Sinistcha-Masterpiece, L50, shiny|100\/100\n|switch|p1b: Annihilape|Annihilape, L50, M, shiny|100\/100\n|switch|p2a: Gholdengo|Gholdengo, L50|100\/100\n|switch|p2b: Inteleon|Inteleon, L50, F|100\/100\n|turn|1\n|inactive|fangame10 has 30 seconds left.\n|inactive|Uber Threat has 30 seconds left.\n|inactive|fangame10 has 20 seconds left.\n|inactive|Uber Threat has 20 seconds left.\n|inactive|fangame10 has 15 seconds left.\n|inactive|fangame10 has 10 seconds left.\n|inactive|fangame10 has 5 seconds left.\n|\n|t:|1724820407\n|-terastallize|p1a: Sinistcha|Dark\n|move|p2b: Inteleon|Protect|p2b: Inteleon\n|-singleturn|p2b: Inteleon|Protect\n|move|p2a: Gholdengo|Protect|p2a: Gholdengo\n|-singleturn|p2a: Gholdengo|Protect\n|move|p1b: Annihilape|Shadow Claw|p2a: Gholdengo\n|-activate|p2a: Gholdengo|move: Protect\n|move|p1a: Sinistcha|Trick Room|p1a: Sinistcha\n|-fieldstart|move: Trick Room|[of] p1a: Sinistcha\n|\n|upkeep\n|turn|2\n|inactive|Uber Threat has 30 seconds left.\n|j| OkilyDokilyComputr\n|inactive|fangame10 has 30 seconds left.\n|inactive|Uber Threat has 20 seconds left.\n|\n|t:|1724820445\n|switch|p1a: Ursaluna|Ursaluna, L50, M, shiny|100\/100\n|switch|p1b: Primarina|Primarina, L50, F, shiny|100\/100\n|-terastallize|p2a: Gholdengo|Steel\n|move|p2a: Gholdengo|Make It Rain|p1a: Ursaluna|[spread] p1a,p1b\n|-damage|p1a: Ursaluna|47\/100\n|-damage|p1b: Primarina|52\/100\n|-unboost|p2a: Gholdengo|spa|1\n|move|p2b: Inteleon|Snipe Shot|p1a: Ursaluna\n|-supereffective|p1a: Ursaluna\n|-crit|p1a: Ursaluna\n|-damage|p1a: Ursaluna|0 fnt\n|faint|p1a: Ursaluna\n|\n|upkeep\n|\n|t:|1724820452\n|switch|p1a: Sinistcha|Sinistcha-Masterpiece, L50, shiny, tera:Dark|100\/100\n|-heal|p1b: Primarina|77\/100|[from] ability: Hospitality|[of] p1a: Sinistcha\n|turn|3\n|inactive|Uber Threat has 30 seconds left.\n|\n|t:|1724820487\n|move|p2a: Gholdengo|Protect|p2a: Gholdengo\n|-singleturn|p2a: Gholdengo|Protect\n|move|p2b: Inteleon|Protect|p2b: Inteleon\n|-singleturn|p2b: Inteleon|Protect\n|move|p1a: Sinistcha|Matcha Gotcha|p2b: Inteleon|[spread] \n|-activate|p2a: Gholdengo|move: Protect\n|-activate|p2b: Inteleon|move: Protect\n|move|p1b: Primarina|Hyper Voice|p2a: Gholdengo|[spread] \n|-activate|p2a: Gholdengo|move: Protect\n|-activate|p2b: Inteleon|move: Protect\n|\n|upkeep\n|turn|4\n|\n|t:|1724820508\n|switch|p2b: Altaria|Altaria, L50, F|100\/100\n|-ability|p2b: Altaria|Cloud Nine\n|move|p1a: Sinistcha|Matcha Gotcha|p2b: Altaria|[spread] p2a,p2b\n|-resisted|p2a: Gholdengo\n|-resisted|p2b: Altaria\n|-damage|p2a: Gholdengo|86\/100\n|-damage|p2b: Altaria|94\/100\n|move|p1b: Primarina|Hyper Voice|p2a: Gholdengo|[spread] p2a,p2b\n|-resisted|p2b: Altaria\n|-damage|p2a: Gholdengo|43\/100\n|-damage|p2b: Altaria|73\/100\n|-enditem|p1b: Primarina|Throat Spray\n|-boost|p1b: Primarina|spa|1|[from] item: Throat Spray\n|-enditem|p2a: Gholdengo|Mirror Herb\n|-boost|p2a: Gholdengo|spa|1|[from] item: Mirror Herb\n|move|p2a: Gholdengo|Nasty Plot|p2a: Gholdengo\n|-boost|p2a: Gholdengo|spa|2\n|\n|upkeep\n|turn|5\n|inactive|Uber Threat has 30 seconds left.\n|inactive|fangame10 has 30 seconds left.\n|inactive|Uber Threat has 20 seconds left.\n|\n|t:|1724820544\n|switch|p1a: Annihilape|Annihilape, L50, M, shiny|100\/100\n|move|p2a: Gholdengo|Protect|p2a: Gholdengo\n|-singleturn|p2a: Gholdengo|Protect\n|move|p1b: Primarina|Moonblast|p2b: Altaria\n|-supereffective|p2b: Altaria\n|-damage|p2b: Altaria|0 fnt\n|faint|p2b: Altaria\n|\n|-fieldend|move: Trick Room\n|upkeep\n|\n|t:|1724820553\n|switch|p2b: Rillaboom|Rillaboom, L50, M|100\/100\n|-fieldstart|move: Grassy Terrain|[from] ability: Grassy Surge|[of] p2b: Rillaboom\n|turn|6\n|inactive|fangame10 has 30 seconds left.\n|inactive|fangame10 has 20 seconds left.\n|inactive|fangame10 has 15 seconds left.\n|inactive|fangame10 has 10 seconds left.\n|\n|t:|1724820601\n|switch|p2a: Inteleon|Inteleon, L50, F|100\/100\n|move|p1b: Primarina|Protect|p1b: Primarina\n|-singleturn|p1b: Primarina|Protect\n|move|p1a: Annihilape|Close Combat|p2a: Inteleon\n|-damage|p2a: Inteleon|39\/100\n|-unboost|p1a: Annihilape|def|1\n|-unboost|p1a: Annihilape|spd|1\n|move|p2b: Rillaboom|Bullet Seed|p1a: Annihilape\n|-damage|p1a: Annihilape|74\/100\n|-damage|p1a: Annihilape|44\/100\n|-damage|p1a: Annihilape|19\/100\n|-damage|p1a: Annihilape|0 fnt\n|faint|p1a: Annihilape\n|-hitcount|p1: Annihilape|4\n|\n|-heal|p2a: Inteleon|45\/100|[from] Grassy Terrain\n|-heal|p1b: Primarina|83\/100|[from] Grassy Terrain\n|upkeep\n|\n|t:|1724820605\n|switch|p1a: Sinistcha|Sinistcha-Masterpiece, L50, shiny, tera:Dark|100\/100\n|-heal|p1b: Primarina|100\/100|[from] ability: Hospitality|[of] p1a: Sinistcha\n|turn|7\n|\n|t:|1724820627\n|move|p1b: Primarina|Protect||[still]\n|-fail|p1b: Primarina\n|move|p2a: Inteleon|Taunt|p1a: Sinistcha\n|-start|p1a: Sinistcha|move: Taunt\n|-enditem|p1a: Sinistcha|Mental Herb\n|-end|p1a: Sinistcha|move: Taunt\n|move|p2b: Rillaboom|Bullet Seed|p1b: Primarina\n|-supereffective|p1b: Primarina\n|-damage|p1b: Primarina|52\/100\n|-supereffective|p1b: Primarina\n|-damage|p1b: Primarina|4\/100\n|-supereffective|p1b: Primarina\n|-damage|p1b: Primarina|0 fnt\n|faint|p1b: Primarina\n|-hitcount|p1: Primarina|3\n|move|p1a: Sinistcha|Trick Room|p1a: Sinistcha\n|-fieldstart|move: Trick Room|[of] p1a: Sinistcha\n|\n|-heal|p2a: Inteleon|51\/100|[from] Grassy Terrain\n|upkeep\n|turn|8\n|\n|t:|1724820645\n|move|p2a: Inteleon|Protect|p2a: Inteleon\n|-singleturn|p2a: Inteleon|Protect\n|move|p1a: Sinistcha|Matcha Gotcha|p2a: Inteleon|[spread] p2b\n|-activate|p2a: Inteleon|move: Protect\n|-resisted|p2b: Rillaboom\n|-damage|p2b: Rillaboom|81\/100\n|move|p2b: Rillaboom|Bullet Seed|p1a: Sinistcha\n|-damage|p1a: Sinistcha|85\/100\n|-damage|p1a: Sinistcha|70\/100\n|-damage|p1a: Sinistcha|56\/100\n|-damage|p1a: Sinistcha|41\/100\n|-damage|p1a: Sinistcha|27\/100\n|-hitcount|p1a: Sinistcha|5\n|\n|-heal|p1a: Sinistcha|34\/100|[from] Grassy Terrain\n|-heal|p2b: Rillaboom|87\/100|[from] Grassy Terrain\n|-heal|p2a: Inteleon|58\/100|[from] Grassy Terrain\n|upkeep\n|turn|9\n|-message|fangame10 forfeited.\n|\n|win|Uber Threat\n|raw|fangame10's rating: 1799 &rarr; <strong>1771<\/strong><br \/>(-28 for losing)\n|raw|Uber Threat's rating: 1658 &rarr; <strong>1686<\/strong><br \/>(+28 for winning)\n|l|\u2606fangame10\n|player|p1|\n|l| OkilyDokilyComputr\n|l|\u2606Uber Threat\n|player|p2|\n","uploadtime":1724820924,"views":54,"formatid":"gen9vgc2024regh","rating":1686,"private":0,"password":null}