{"id":"gen9vgc2024regh-2189132350","format":"[Gen 9] VGC 2024 Reg H","players":["infinitygroudon","sarstingnos"],"log":"|j|\u2606infinitygroudon\n|j|\u2606sarstingnos\n|t:|1724792762\n|gametype|doubles\n|player|p1|infinitygroudon|1|1709\n|player|p2|sarstingnos|169|1676\n|teamsize|p1|6\n|teamsize|p2|6\n|gen|9\n|tier|[Gen 9] VGC 2024 Reg H\n|rated|\n|rule|Species Clause: Limit one of each Pok\u00e9mon\n|rule|Item Clause: Limit 1 of each item\n|clearpoke\n|poke|p1|Gastrodon-East, L50, M|\n|poke|p1|Zoroark-Hisui, L50, M|\n|poke|p1|Talonflame, L50, F|\n|poke|p1|Rillaboom, L50, F|\n|poke|p1|Corviknight, L50, M|\n|poke|p1|Hydreigon, L50, F|\n|poke|p2|Typhlosion-Hisui, L50, F|\n|poke|p2|Garganacl, L50, F|\n|poke|p2|Indeedee, L50, M|\n|poke|p2|Gholdengo, L50|\n|poke|p2|Whimsicott, L50, F|\n|poke|p2|Sneasler, L50, M|\n|teampreview|4\n|j| Thurmos7\n|inactive|Battle timer is ON: inactive players will automatically lose when time's up. (requested by infinitygroudon)\n|\n|t:|1724792820\n|start\n|switch|p1a: Talonflame|Talonflame, L50, F|100\/100\n|switch|p1b: Hydreigon|Hydreigon, L50, F|100\/100\n|switch|p2a: Whimsicott|Whimsicott, L50, F|100\/100\n|switch|p2b: Typhlosion|Typhlosion-Hisui, L50, F|100\/100\n|turn|1\n|\n|t:|1724792842\n|-terastallize|p2b: Typhlosion|Grass\n|move|p1a: Talonflame|Tailwind|p1a: Talonflame\n|-sidestart|p1: infinitygroudon|move: Tailwind\n|move|p2a: Whimsicott|Tailwind|p2a: Whimsicott\n|-sidestart|p2: sarstingnos|move: Tailwind\n|move|p1b: Hydreigon|Shadow Ball|p2b: Typhlosion\n|-damage|p2b: Typhlosion|18\/100\n|-unboost|p2b: Typhlosion|spd|1\n|move|p2b: Typhlosion|Overheat|p1b: Hydreigon\n|-damage|p1b: Hydreigon|0 fnt\n|-unboost|p2b: Typhlosion|spa|2\n|replace|p1b: Zoroark|Zoroark-Hisui, L50, M\n|-end|p1b: Zoroark|Illusion\n|faint|p1b: Zoroark\n|\n|upkeep\n|\n|t:|1724792855\n|switch|p1b: Lion's Roar|Rillaboom, L50, F|100\/100\n|-fieldstart|move: Grassy Terrain|[from] ability: Grassy Surge|[of] p1b: Lion's Roar\n|turn|2\n|\n|t:|1724792866\n|move|p1a: Talonflame|Flare Blitz|p2a: Whimsicott\n|-supereffective|p2a: Whimsicott\n|-enditem|p2a: Whimsicott|Focus Sash\n|-damage|p2a: Whimsicott|1\/100\n|-damage|p1a: Talonflame|72\/100|[from] Recoil\n|move|p2a: Whimsicott|Moonblast|p1a: Talonflame\n|-resisted|p1a: Talonflame\n|-damage|p1a: Talonflame|45\/100\n|move|p2b: Typhlosion|Overheat|p1b: Lion's Roar\n|-supereffective|p1b: Lion's Roar\n|-damage|p1b: Lion's Roar|7\/100\n|-unboost|p2b: Typhlosion|spa|2\n|move|p1b: Lion's Roar|U-turn|p2b: Typhlosion\n|-supereffective|p2b: Typhlosion\n|-damage|p2b: Typhlosion|0 fnt\n|faint|p2b: Typhlosion\n|j| Giftedyew\n|\n|t:|1724792876\n|switch|p1b: Hydreigon|Hydreigon, L50, F|100\/100|[from] U-turn\n|\n|-heal|p2a: Whimsicott|7\/100|[from] Grassy Terrain\n|upkeep\n|j| mr pogostick\n|\n|t:|1724792882\n|switch|p2b: Garganacl|Garganacl, L50, F|100\/100\n|turn|3\n|j| salmonpepsi\n|j| Suffixussy\n|\n|t:|1724792895\n|move|p1a: Talonflame|Flare Blitz|p2a: Whimsicott\n|-supereffective|p2a: Whimsicott\n|-damage|p2a: Whimsicott|0 fnt\n|faint|p2a: Whimsicott\n|-damage|p1a: Talonflame|43\/100|[from] Recoil\n|move|p1b: Hydreigon|Focus Energy|p1b: Hydreigon\n|-start|p1b: Hydreigon|move: Focus Energy\n|move|p2b: Garganacl|Salt Cure|p1a: Talonflame\n|-supereffective|p1a: Talonflame\n|-damage|p1a: Talonflame|0 fnt\n|faint|p1a: Talonflame\n|\n|upkeep\n|\n|t:|1724792898\n|switch|p1a: Lion's Roar|Rillaboom, L50, F|7\/100\n|switch|p2a: Sneasler|Sneasler, L50, M|100\/100\n|turn|4\n|\n|t:|1724792910\n|move|p2a: Sneasler|Protect|p2a: Sneasler\n|-singleturn|p2a: Sneasler|Protect\n|move|p2b: Garganacl|Protect|p2b: Garganacl\n|-singleturn|p2b: Garganacl|Protect\n|move|p1a: Lion's Roar|Grassy Glide|p2b: Garganacl\n|-activate|p2b: Garganacl|move: Protect\n|move|p1b: Hydreigon|Draco Meteor|p2b: Garganacl\n|-activate|p2b: Garganacl|move: Protect\n|\n|-heal|p1a: Lion's Roar|13\/100|[from] Grassy Terrain\n|-sideend|p2: sarstingnos|move: Tailwind\n|-sideend|p1: infinitygroudon|move: Tailwind\n|upkeep\n|turn|5\n|\n|t:|1724792920\n|move|p2a: Sneasler|Close Combat|p1b: Hydreigon\n|-supereffective|p1b: Hydreigon\n|-damage|p1b: Hydreigon|0 fnt\n|-unboost|p2a: Sneasler|def|1\n|-unboost|p2a: Sneasler|spd|1\n|faint|p1b: Hydreigon\n|move|p1a: Lion's Roar|Wood Hammer|p2b: Garganacl\n|-supereffective|p2b: Garganacl\n|-damage|p2b: Garganacl|2\/100\n|-damage|p1a: Lion's Roar|0 fnt|[from] Recoil\n|faint|p1a: Lion's Roar\n|\n|win|sarstingnos\n|raw|infinitygroudon's rating: 1709 &rarr; <strong>1688<\/strong><br \/>(-21 for losing)\n|raw|sarstingnos's rating: 1691 &rarr; <strong>1712<\/strong><br \/>(+21 for winning)\n|l|\u2606infinitygroudon\n|player|p1|\n|l| Suffixussy\n|l| Giftedyew\n|l| salmonpepsi\n|j| salmonpepsi\n|l| salmonpepsi\n","uploadtime":1724793124,"views":88,"formatid":"gen9vgc2024regh","rating":1688,"private":0,"password":null}