{"id":"gen9vgc2024regh-2189732544","format":"[Gen 9] VGC 2024 Reg H","players":["JasePokemonTwitter","ramenouo"],"log":"|j|\u2606JasePokemonTwitter\n|j|\u2606ramenouo\n|t:|1724867307\n|gametype|doubles\n|player|p1|JasePokemonTwitter|lucas|1688\n|player|p2|ramenouo|candice|1759\n|teamsize|p1|6\n|teamsize|p2|6\n|gen|9\n|tier|[Gen 9] VGC 2024 Reg H\n|rated|\n|rule|Species Clause: Limit one of each Pok\u00e9mon\n|rule|Item Clause: Limit 1 of each item\n|clearpoke\n|poke|p1|Volcarona, L50, F|\n|poke|p1|Tyranitar, L50, F|\n|poke|p1|Grimmsnarl, L50, M|\n|poke|p1|Gholdengo, L50|\n|poke|p1|Amoonguss, L50, F|\n|poke|p1|Incineroar, L50, M|\n|poke|p2|Garchomp, L50, F|\n|poke|p2|Shiftry, L50, F|\n|poke|p2|Murkrow, L50, F|\n|poke|p2|Gholdengo, L50|\n|poke|p2|Rotom-Heat, L50|\n|poke|p2|Bronzong, L50|\n|teampreview|4\n|inactive|Battle timer is ON: inactive players will automatically lose when time's up. (requested by ramenouo)\n|inactive|JasePokemonTwitter also wants the timer to be on.\n|j| oldfashionedvgc\n|\n|t:|1724867328\n|start\n|switch|p1a: Grimmsnarl|Grimmsnarl, L50, M|100\/100\n|switch|p1b: Incineroar|Incineroar, L50, M|100\/100\n|switch|p2a: Murkrow|Murkrow, L50, F|100\/100\n|switch|p2b: Gholdengo|Gholdengo, L50|100\/100\n|-ability|p1b: Incineroar|Intimidate|boost\n|-unboost|p2a: Murkrow|atk|1\n|-unboost|p2b: Gholdengo|atk|1\n|turn|1\n|j| Lavenderawa\n|\n|t:|1724867341\n|-terastallize|p2b: Gholdengo|Steel\n|move|p2a: Murkrow|Tailwind|p2a: Murkrow\n|-sidestart|p2: ramenouo|move: Tailwind\n|move|p1a: Grimmsnarl|Light Screen|p1a: Grimmsnarl\n|-sidestart|p1: JasePokemonTwitter|move: Light Screen\n|move|p2b: Gholdengo|Make It Rain|p1a: Grimmsnarl|[spread] p1a,p1b\n|-supereffective|p1a: Grimmsnarl\n|-resisted|p1b: Incineroar\n|-damage|p1a: Grimmsnarl|0 fnt\n|-damage|p1b: Incineroar|68\/100\n|-unboost|p2b: Gholdengo|spa|1\n|faint|p1a: Grimmsnarl\n|move|p1b: Incineroar|Knock Off|p2b: Gholdengo\n|-damage|p2b: Gholdengo|66\/100\n|-enditem|p2b: Gholdengo|Choice Specs|[from] move: Knock Off|[of] p1b: Incineroar\n|\n|upkeep\n|j| Peroquecuones\n|\n|t:|1724867347\n|switch|p1a: Volcarona|Volcarona, L50, F|100\/100\n|turn|2\n|\n|t:|1724867356\n|move|p2a: Murkrow|Haze|p2a: Murkrow\n|-clearallboost\n|move|p2b: Gholdengo|Make It Rain|p1a: Volcarona|[spread] p1a,p1b\n|-resisted|p1a: Volcarona\n|-resisted|p1b: Incineroar\n|-damage|p1a: Volcarona|78\/100\n|-damage|p1b: Incineroar|47\/100\n|-unboost|p2b: Gholdengo|spa|1\n|move|p1a: Volcarona|Heat Wave|p2a: Murkrow|[spread] \n|-miss|p1a: Volcarona|p2a: Murkrow\n|-miss|p1a: Volcarona|p2b: Gholdengo\n|move|p1b: Incineroar|Knock Off|p2a: Murkrow\n|-resisted|p2a: Murkrow\n|-damage|p2a: Murkrow|79\/100\n|-enditem|p2a: Murkrow|Eviolite|[from] move: Knock Off|[of] p1b: Incineroar\n|\n|upkeep\n|turn|3\n|\n|t:|1724867377\n|move|p2a: Murkrow|Haze|p2a: Murkrow\n|-clearallboost\n|move|p2b: Gholdengo|Make It Rain|p1b: Incineroar|[spread] p1a,p1b\n|-resisted|p1a: Volcarona\n|-resisted|p1b: Incineroar\n|-damage|p1a: Volcarona|55\/100\n|-damage|p1b: Incineroar|24\/100\n|-unboost|p2b: Gholdengo|spa|1\n|move|p1a: Volcarona|Heat Wave|p2b: Gholdengo|[spread] p2b\n|-miss|p1a: Volcarona|p2a: Murkrow\n|-supereffective|p2b: Gholdengo\n|-damage|p2b: Gholdengo|0 fnt\n|faint|p2b: Gholdengo\n|move|p1b: Incineroar|Knock Off|p2a: Murkrow\n|-resisted|p2a: Murkrow\n|-damage|p2a: Murkrow|57\/100\n|\n|upkeep\n|\n|t:|1724867388\n|switch|p2b: Garchomp|Garchomp, L50, F|100\/100\n|turn|4\n|\n|t:|1724867405\n|switch|p2a: Rotom|Rotom-Heat, L50|100\/100\n|-terastallize|p1a: Volcarona|Grass\n|move|p2b: Garchomp|Earthquake|p1b: Incineroar|[spread] p1a,p1b\n|-immune|p2a: Rotom|[from] ability: Levitate\n|-resisted|p1a: Volcarona\n|-supereffective|p1b: Incineroar\n|-damage|p1a: Volcarona|15\/100\n|-damage|p1b: Incineroar|0 fnt\n|faint|p1b: Incineroar\n|move|p1a: Volcarona|Quiver Dance|p1a: Volcarona\n|-boost|p1a: Volcarona|spa|1\n|-boost|p1a: Volcarona|spd|1\n|-boost|p1a: Volcarona|spe|1\n|\n|-sideend|p2: ramenouo|move: Tailwind\n|upkeep\n|\n|t:|1724867417\n|switch|p1b: Gholdengo|Gholdengo, L50|100\/100\n|turn|5\n|\n|t:|1724867424\n|move|p1a: Volcarona|Protect|p1a: Volcarona\n|-singleturn|p1a: Volcarona|Protect\n|move|p1b: Gholdengo|Nasty Plot|p1b: Gholdengo\n|-boost|p1b: Gholdengo|spa|2\n|move|p2b: Garchomp|Earthquake|p1a: Volcarona|[spread] p1b\n|-activate|p1a: Volcarona|move: Protect\n|-immune|p2a: Rotom|[from] ability: Levitate\n|-supereffective|p1b: Gholdengo\n|-damage|p1b: Gholdengo|0 fnt\n|faint|p1b: Gholdengo\n|move|p2a: Rotom|Electroweb|p1a: Volcarona\n|-activate|p1a: Volcarona|move: Protect\n|\n|upkeep\n|turn|6\n|-message|JasePokemonTwitter forfeited.\n|\n|win|ramenouo\n|raw|JasePokemonTwitter's rating: 1688 &rarr; <strong>1672<\/strong><br \/>(-16 for losing)\n|raw|ramenouo's rating: 1759 &rarr; <strong>1775<\/strong><br \/>(+16 for winning)\n|l|\u2606JasePokemonTwitter\n|player|p1|\n|l|\u2606ramenouo\n|player|p2|\n|l| oldfashionedvgc\n|l| Lavenderawa\n|l| Peroquecuones\n","uploadtime":1724867712,"views":45,"formatid":"gen9vgc2024regh","rating":1672,"private":0,"password":null}