{"id":"gen9vgc2024regh-2189934921","format":"[Gen 9] VGC 2024 Reg H","players":["lessreasonable","actuary97"],"log":"|j|\u2606lessreasonable\n|j|\u2606actuary97\n|t:|1724887508\n|gametype|doubles\n|player|p1|lessreasonable|janitor|1663\n|player|p2|actuary97|sabrina-frlg|1744\n|teamsize|p1|6\n|teamsize|p2|6\n|gen|9\n|tier|[Gen 9] VGC 2024 Reg H\n|rated|\n|rule|Species Clause: Limit one of each Pok\u00e9mon\n|rule|Item Clause: Limit 1 of each item\n|clearpoke\n|poke|p1|Gholdengo, L50|\n|poke|p1|Perrserker, L50, M|\n|poke|p1|Dragapult, L50, F|\n|poke|p1|Primarina, L50, M|\n|poke|p1|Rillaboom, L50, M|\n|poke|p1|Talonflame, L50, F|\n|poke|p2|Ursaluna-Bloodmoon, L50, M|\n|poke|p2|Whimsicott, L50, M|\n|poke|p2|Gallade, L50, M|\n|poke|p2|Malamar, L50, M|\n|poke|p2|Indeedee, L50, M|\n|poke|p2|Archaludon, L50, M|\n|teampreview|4\n|inactive|Battle timer is ON: inactive players will automatically lose when time's up. (requested by lessreasonable)\nactuary97 has agreed to open team sheets.\n|j| js3499929\n|inactive|lessreasonable has 60 seconds left.\n|inactive|actuary97 has 60 seconds left.\n|l| js3499929\n|\n|t:|1724887565\n|start\n|switch|p1a: Talonflame|Talonflame, L50, F|100\/100\n|switch|p1b: Primarina|Primarina, L50, M|100\/100\n|switch|p2a: Whimsicott|Whimsicott, L50, M, shiny|100\/100\n|switch|p2b: Archaludon|Archaludon, L50, M, shiny|100\/100\n|turn|1\n|\n|t:|1724887585\n|-terastallize|p1b: Primarina|Grass\n|move|p1a: Talonflame|Brave Bird|p2a: Whimsicott\n|-supereffective|p2a: Whimsicott\n|-enditem|p2a: Whimsicott|Focus Sash\n|-damage|p2a: Whimsicott|1\/100\n|-damage|p1a: Talonflame|71\/100|[from] Recoil\n|-damage|p1a: Talonflame|61\/100|[from] item: Life Orb\n|move|p2a: Whimsicott|Beat Up|p2b: Archaludon\n|-damage|p2b: Archaludon|99\/100\n|-ability|p2b: Archaludon|Stamina|boost\n|-boost|p2b: Archaludon|def|1\n|-damage|p2b: Archaludon|97\/100\n|-ability|p2b: Archaludon|Stamina|boost\n|-boost|p2b: Archaludon|def|1\n|-damage|p2b: Archaludon|96\/100\n|-ability|p2b: Archaludon|Stamina|boost\n|-boost|p2b: Archaludon|def|1\n|-damage|p2b: Archaludon|95\/100\n|-ability|p2b: Archaludon|Stamina|boost\n|-boost|p2b: Archaludon|def|1\n|-hitcount|p2b: Archaludon|4\n|move|p2b: Archaludon|Snarl|p1b: Primarina|[spread] p1a,p1b\n|-crit|p1a: Talonflame\n|-damage|p1a: Talonflame|31\/100\n|-damage|p1b: Primarina|91\/100\n|-unboost|p1a: Talonflame|spa|1\n|-unboost|p1b: Primarina|spa|1\n|move|p1b: Primarina|Hyper Voice|p2a: Whimsicott|[spread] p2a,p2b\n|-resisted|p2a: Whimsicott\n|-resisted|p2b: Archaludon\n|-damage|p2a: Whimsicott|0 fnt\n|-damage|p2b: Archaludon|87\/100\n|-ability|p2b: Archaludon|Stamina|boost\n|-boost|p2b: Archaludon|def|1\n|faint|p2a: Whimsicott\n|-enditem|p1b: Primarina|Throat Spray\n|-boost|p1b: Primarina|spa|1|[from] item: Throat Spray\n|\n|upkeep\n|\n|t:|1724887605\n|switch|p2a: Malamother|Malamar, L50, M, shiny|100\/100\n|turn|2\n|inactive|lessreasonable has 30 seconds left.\n|\n|t:|1724887632\n|-terastallize|p2a: Malamother|Fire\n|move|p1a: Talonflame|Tailwind|p1a: Talonflame\n|-sidestart|p1: lessreasonable|move: Tailwind\n|move|p1b: Primarina|Haze|p1b: Primarina\n|-clearallboost\n|move|p2b: Archaludon|Body Press|p1b: Primarina\n|-damage|p1b: Primarina|63\/100\n|move|p2a: Malamother|Trick Room|p2a: Malamother\n|-fieldstart|move: Trick Room|[of] p2a: Malamother\n|\n|upkeep\n|turn|3\n|inactive|lessreasonable has 30 seconds left.\n|inactive|actuary97 has 30 seconds left.\n|inactive|lessreasonable has 20 seconds left.\n|inactive|lessreasonable has 15 seconds left.\n|inactive|actuary97 has 20 seconds left.\n|inactive|actuary97 has 15 seconds left.\n|\n|t:|1724887680\n|move|p1b: Primarina|Protect|p1b: Primarina\n|-singleturn|p1b: Primarina|Protect\n|move|p1a: Talonflame|Protect|p1a: Talonflame\n|-singleturn|p1a: Talonflame|Protect\n|move|p2a: Malamother|Knock Off|p1b: Primarina\n|-activate|p1b: Primarina|move: Protect\n|move|p2b: Archaludon|Body Press|p1b: Primarina\n|-activate|p1b: Primarina|move: Protect\n|\n|upkeep\n|turn|4\n|inactive|lessreasonable has 30 seconds left.\n|\n|t:|1724887709\n|move|p2a: Malamother|Knock Off|p1b: Primarina\n|-damage|p1b: Primarina|36\/100\n|move|p2b: Archaludon|Flash Cannon|p1b: Primarina\n|-damage|p1b: Primarina|5\/100\n|move|p1b: Primarina|Hyper Voice|p2b: Archaludon|[spread] p2a,p2b\n|-supereffective|p2a: Malamother\n|-resisted|p2b: Archaludon\n|-damage|p2a: Malamother|28\/100\n|-damage|p2b: Archaludon|75\/100\n|-ability|p2b: Archaludon|Stamina|boost\n|-boost|p2b: Archaludon|def|1\n|-enditem|p2a: Malamother|Sitrus Berry|[eat]\n|-heal|p2a: Malamother|53\/100|[from] item: Sitrus Berry\n|move|p1a: Talonflame|Flare Blitz|p2b: Archaludon\n|-damage|p2b: Archaludon|45\/100\n|-status|p2b: Archaludon|brn\n|-ability|p2b: Archaludon|Stamina|boost\n|-boost|p2b: Archaludon|def|1\n|-damage|p1a: Talonflame|17\/100|[from] Recoil\n|-damage|p1a: Talonflame|8\/100|[from] item: Life Orb\n|\n|-damage|p2b: Archaludon|39\/100 brn|[from] brn\n|upkeep\n|turn|5\n|inactive|lessreasonable has 30 seconds left.\n|inactive|lessreasonable has 20 seconds left.\n|inactive|actuary97 has 30 seconds left.\n|\n|t:|1724887751\n|move|p1b: Primarina|Protect|p1b: Primarina\n|-singleturn|p1b: Primarina|Protect\n|move|p1a: Talonflame|Protect|p1a: Talonflame\n|-singleturn|p1a: Talonflame|Protect\n|move|p2a: Malamother|Superpower|p2b: Archaludon\n|-supereffective|p2b: Archaludon\n|-damage|p2b: Archaludon|17\/100 brn\n|-boost|p2a: Malamother|atk|1\n|-boost|p2a: Malamother|def|1\n|-ability|p2b: Archaludon|Stamina|boost\n|-boost|p2b: Archaludon|def|1\n|move|p2b: Archaludon|Snarl|p1a: Talonflame|[spread] \n|-activate|p1a: Talonflame|move: Protect\n|-activate|p1b: Primarina|move: Protect\n|\n|-damage|p2b: Archaludon|11\/100 brn|[from] brn\n|-sideend|p1: lessreasonable|move: Tailwind\n|upkeep\n|turn|6\n|inactive|lessreasonable has 30 seconds left.\n|inactive|lessreasonable has 20 seconds left.\n|inactive|lessreasonable has 15 seconds left.\n|\n|t:|1724887794\n|move|p1b: Primarina|Haze|p1b: Primarina\n|-clearallboost\n|move|p2a: Malamother|Superpower|p1a: Talonflame\n|-resisted|p1a: Talonflame\n|-damage|p1a: Talonflame|0 fnt\n|-boost|p2a: Malamother|atk|1\n|-boost|p2a: Malamother|def|1\n|faint|p1a: Talonflame\n|move|p2b: Archaludon|Snarl|p1b: Primarina\n|-damage|p1b: Primarina|0 fnt\n|faint|p1b: Primarina\n|\n|-damage|p2b: Archaludon|5\/100 brn|[from] brn\n|-fieldend|move: Trick Room\n|upkeep\n|\n|t:|1724887806\n|switch|p1a: Dragapult|Dragapult, L50, F|100\/100\n|switch|p1b: Gholdengo|Gholdengo, L50|100\/100\n|turn|7\n|inactive|lessreasonable has 30 seconds left.\n|\n|t:|1724887833\n|move|p1a: Dragapult|Dragon Darts|p2a: Malamother\n|-damage|p2a: Malamother|27\/100\n|-anim|p1a: Dragapult|Dragon Darts|p2b: Archaludon\n|-damage|p2b: Archaludon|0 fnt\n|faint|p2b: Archaludon\n|move|p1b: Gholdengo|Make It Rain|p2a: Malamother\n|-resisted|p2a: Malamother\n|-damage|p2a: Malamother|0 fnt\n|-unboost|p1b: Gholdengo|spa|1\n|faint|p2a: Malamother\n|\n|upkeep\n|\n|t:|1724887837\n|switch|p2b: King|Gallade, L50, M, shiny|100\/100\n|turn|8\n|c|\u2606actuary97|gg\n|\n|t:|1724887844\n|move|p1a: Dragapult|Dragon Darts|p2b: King\n|-damage|p2b: King|30\/100\n|-anim|p1a: Dragapult|Dragon Darts|p2b: King\n|-damage|p2b: King|0 fnt\n|faint|p2b: King\n|\n|win|lessreasonable\n|raw|lessreasonable's rating: 1663 &rarr; <strong>1688<\/strong><br \/>(+25 for winning)\n|raw|actuary97's rating: 1744 &rarr; <strong>1719<\/strong><br \/>(-25 for losing)\n|c|\u2606actuary97|haze fucked me up\n|l|\u2606actuary97\n|player|p2|\n|c|\u2606lessreasonable|GG, i was lucky prim was slower at the end\n|l|\u2606lessreasonable\n|player|p1|\n|j|\u2606lessreasonable\n|player|p1|lessreasonable|janitor|\n","uploadtime":1724888036,"views":65,"formatid":"gen9vgc2024regh","rating":1688,"private":0,"password":null}