{"id":"gen9vgc2024regh-2189618732","format":"[Gen 9] VGC 2024 Reg H","players":["bieiup","superpowerpoke"],"log":"|j|\u2606bieiup\n|j|\u2606superpowerpoke\n|t:|1724856885\n|gametype|doubles\n|player|p1|bieiup|lillie-z|1731\n|player|p2|superpowerpoke|265|1766\n|teamsize|p1|6\n|teamsize|p2|6\n|gen|9\n|tier|[Gen 9] VGC 2024 Reg H\n|rated|\n|rule|Species Clause: Limit one of each Pok\u00e9mon\n|rule|Item Clause: Limit 1 of each item\n|clearpoke\n|poke|p1|Sableye, L50, M|\n|poke|p1|Sylveon, L50, F|\n|poke|p1|Dragonite, L50, F|\n|poke|p1|Gholdengo, L50|\n|poke|p1|Dondozo, L50, F|\n|poke|p1|Magmar, L50, F|\n|poke|p2|Ursaluna-Bloodmoon, L50, M|\n|poke|p2|Ninetales-Alola, L50, M|\n|poke|p2|Sinistcha, L50|\n|poke|p2|Incineroar, L50, M|\n|poke|p2|Basculegion-F, L50, F|\n|poke|p2|Sneasler, L50, F|\n|teampreview|4\n|inactive|Battle timer is ON: inactive players will automatically lose when time's up. (requested by bieiup)\n|inactive|superpowerpoke has 60 seconds left.\n|\n|t:|1724856931\n|start\n|switch|p1a: Sableye|Sableye, L50, M|100\/100\n|switch|p1b: Sylveon|Sylveon, L50, F|100\/100\n|switch|p2a: Ursaluna|Ursaluna-Bloodmoon, L50, M|100\/100\n|switch|p2b: Basculegion|Basculegion-F, L50, F|100\/100\n|turn|1\n|\n|t:|1724856945\n|-terastallize|p2a: Ursaluna|Normal\n|move|p1a: Sableye|Will-O-Wisp|p2b: Basculegion|[miss]\n|-miss|p1a: Sableye|p2b: Basculegion\n|move|p2b: Basculegion|Muddy Water|p1b: Sylveon|[spread] p1a,p1b\n|-damage|p1a: Sableye|34\/100\n|-damage|p1b: Sylveon|70\/100\n|move|p1b: Sylveon|Hyper Voice|p2b: Basculegion|[spread] p2a,p2b\n|-crit|p2b: Basculegion\n|-damage|p2a: Ursaluna|69\/100\n|-damage|p2b: Basculegion|24\/100\n|-enditem|p1b: Sylveon|Throat Spray\n|-boost|p1b: Sylveon|spa|1|[from] item: Throat Spray\n|move|p2a: Ursaluna|Hyper Voice|p1a: Sableye|[spread] p1a,p1b\n|-damage|p1a: Sableye|0 fnt\n|-damage|p1b: Sylveon|30\/100\n|faint|p1a: Sableye\n|\n|upkeep\n|\n|t:|1724856961\n|switch|p1a: Gholdengo|Gholdengo, L50|100\/100\n|turn|2\n|inactive|superpowerpoke has 30 seconds left.\n|\n|t:|1724856988\n|switch|p2a: Sneasler|Sneasler, L50, F|100\/100\n|move|p1a: Gholdengo|Shadow Ball|p2b: Basculegion\n|-supereffective|p2b: Basculegion\n|-damage|p2b: Basculegion|0 fnt\n|faint|p2b: Basculegion\n|move|p1b: Sylveon|Hyper Voice|p2a: Sneasler\n|-enditem|p2a: Sneasler|Focus Sash\n|-damage|p2a: Sneasler|1\/100\n|\n|upkeep\n|\n|t:|1724857003\n|switch|p2b: Ursaluna|Ursaluna-Bloodmoon, L50, M, tera:Normal|69\/100\n|turn|3\n|\n|t:|1724857012\n|move|p2a: Sneasler|Protect|p2a: Sneasler\n|-singleturn|p2a: Sneasler|Protect\n|move|p1a: Gholdengo|Shadow Ball|p2a: Sneasler\n|-activate|p2a: Sneasler|move: Protect\n|move|p1b: Sylveon|Hyper Voice|p2a: Sneasler|[spread] p2b\n|-activate|p2a: Sneasler|move: Protect\n|-damage|p2b: Ursaluna|20\/100\n|move|p2b: Ursaluna|Hyper Voice|p1b: Sylveon|[spread] p1a,p1b\n|-resisted|p1a: Gholdengo\n|-damage|p1a: Gholdengo|69\/100\n|-damage|p1b: Sylveon|0 fnt\n|faint|p1b: Sylveon\n|\n|upkeep\n|\n|t:|1724857017\n|switch|p1b: Dragonite|Dragonite, L50, F|100\/100\n|turn|4\n|\n|t:|1724857040\n|switch|p2b: Ninetales|Ninetales-Alola, L50, M|100\/100\n|-weather|Snow|[from] ability: Snow Warning|[of] p2b: Ninetales\n|move|p1b: Dragonite|Extreme Speed|p2b: Ninetales\n|-damage|p2b: Ninetales|69\/100\n|move|p2a: Sneasler|Dire Claw|p1b: Dragonite\n|-crit|p1b: Dragonite\n|-damage|p1b: Dragonite|71\/100\n|move|p1a: Gholdengo|Shadow Ball|p2a: Sneasler\n|-damage|p2a: Sneasler|0 fnt\n|faint|p2a: Sneasler\n|\n|-weather|Snow|[upkeep]\n|upkeep\n|\n|t:|1724857056\n|switch|p2a: Ursaluna|Ursaluna-Bloodmoon, L50, M, tera:Normal|20\/100\n|turn|5\n|\n|t:|1724857081\n|-terastallize|p1b: Dragonite|Dark\n|move|p1b: Dragonite|Extreme Speed|p2b: Ninetales\n|-damage|p2b: Ninetales|41\/100\n|move|p1a: Gholdengo|Shadow Ball|p2b: Ninetales\n|-crit|p2b: Ninetales\n|-damage|p2b: Ninetales|0 fnt\n|faint|p2b: Ninetales\n|move|p2a: Ursaluna|Earth Power|p1a: Gholdengo\n|-supereffective|p1a: Gholdengo\n|-damage|p1a: Gholdengo|0 fnt\n|faint|p1a: Gholdengo\n|\n|-weather|Snow|[upkeep]\n|upkeep\n|turn|6\n|j| getyourphil\n|\n|t:|1724857103\n|move|p1b: Dragonite|Extreme Speed|p2a: Ursaluna\n|-damage|p2a: Ursaluna|0 fnt\n|faint|p2a: Ursaluna\n|\n|win|bieiup\n|raw|bieiup's rating: 1731 &rarr; <strong>1753<\/strong><br \/>(+22 for winning)\n|raw|superpowerpoke's rating: 1766 &rarr; <strong>1744<\/strong><br \/>(-22 for losing)\n|j| SNNMEN\n|c|\u2606bieiup|gg\n|l|\u2606superpowerpoke\n|player|p2|\n|l| SNNMEN\n|l|\u2606bieiup\n|player|p1|\n|j|\u2606bieiup\n|player|p1|bieiup|lillie-z|\n","uploadtime":1724857274,"views":322,"formatid":"gen9vgc2024regh","rating":1744,"private":0,"password":null}