{"id":"gen9vgc2024regh-2189303823","format":"[Gen 9] VGC 2024 Reg H","players":["TAKETHEEFLAMETHY","fangame10"],"log":"|j|\u2606TAKETHEEFLAMETHY\n|j|\u2606fangame10\n|t:|1724811956\n|gametype|doubles\n|player|p1|TAKETHEEFLAMETHY|benga|1686\n|player|p2|fangame10|red|1770\n|teamsize|p1|6\n|teamsize|p2|6\n|gen|9\n|tier|[Gen 9] VGC 2024 Reg H\n|rated|\n|rule|Species Clause: Limit one of each Pok\u00e9mon\n|rule|Item Clause: Limit 1 of each item\n|clearpoke\n|poke|p1|Salamence, L50, M|\n|poke|p1|Gholdengo, L50|\n|poke|p1|Pelipper, L50, F|\n|poke|p1|Archaludon, L50, M|\n|poke|p1|Sinistcha, L50|\n|poke|p1|Incineroar, L50, M|\n|poke|p2|Glaceon, L50, F|\n|poke|p2|Ninetales-Alola, L50, F|\n|poke|p2|Primarina, L50, M|\n|poke|p2|Annihilape, L50, F|\n|poke|p2|Ursaluna, L50, M|\n|poke|p2|Sinistcha-Masterpiece, L50|\n|teampreview|4\n|inactive|Battle timer is ON: inactive players will automatically lose when time's up. (requested by fangame10)\n|inactive|TAKETHEEFLAMETHY has 60 seconds left.\n|\n|t:|1724812013\n|start\n|switch|p1a: Sinistcha|Sinistcha, L50|100\/100\n|switch|p1b: Gholdengo|Gholdengo, L50, shiny|100\/100\n|switch|p2a: Annihilape|Annihilape, L50, F, shiny|100\/100\n|switch|p2b: Primarina|Primarina, L50, M, shiny|100\/100\n|turn|1\n|j| Witness343\n|inactive|fangame10 has 30 seconds left.\n|inactive|fangame10 has 20 seconds left.\n|inactive|fangame10 has 15 seconds left.\n|\n|t:|1724812056\n|-terastallize|p1b: Gholdengo|Steel\n|-terastallize|p2b: Primarina|Water\n|move|p1a: Sinistcha|Rage Powder|p1a: Sinistcha\n|-singleturn|p1a: Sinistcha|move: Rage Powder\n|move|p2a: Annihilape|Shadow Claw|p1a: Sinistcha\n|-supereffective|p1a: Sinistcha\n|-damage|p1a: Sinistcha|60\/100\n|-damage|p2a: Annihilape|84\/100|[from] item: Rocky Helmet|[of] p1a: Sinistcha\n|move|p1b: Gholdengo|Make It Rain|p2a: Annihilape|[spread] p2a,p2b\n|-crit|p2a: Annihilape\n|-resisted|p2b: Primarina\n|-damage|p2a: Annihilape|0 fnt\n|-damage|p2b: Primarina|62\/100\n|-unboost|p1b: Gholdengo|spa|1\n|faint|p2a: Annihilape\n|move|p2b: Primarina|Hyper Voice|p1b: Gholdengo|[spread] p1a,p1b\n|-resisted|p1a: Sinistcha\n|-damage|p1a: Sinistcha|30\/100\n|-damage|p1b: Gholdengo|48\/100\n|-enditem|p2b: Primarina|Throat Spray\n|-boost|p2b: Primarina|spa|1|[from] item: Throat Spray\n|\n|upkeep\n|\n|t:|1724812060\n|switch|p2a: Sinistcha|Sinistcha-Masterpiece, L50, shiny|100\/100\n|-heal|p2b: Primarina|87\/100|[from] ability: Hospitality|[of] p2a: Sinistcha\n|turn|2\n|inactive|TAKETHEEFLAMETHY has 30 seconds left.\n|inactive|fangame10 has 30 seconds left.\n|inactive|TAKETHEEFLAMETHY has 20 seconds left.\n|\n|t:|1724812096\n|move|p1b: Gholdengo|Make It Rain|p2a: Sinistcha|[spread] p2a,p2b\n|-resisted|p2b: Primarina\n|-damage|p2a: Sinistcha|27\/100\n|-damage|p2b: Primarina|61\/100\n|-unboost|p1b: Gholdengo|spa|1\n|move|p1a: Sinistcha|Matcha Gotcha|p2b: Primarina|[spread] p2a,p2b\n|-resisted|p2a: Sinistcha\n|-supereffective|p2b: Primarina\n|-damage|p2a: Sinistcha|16\/100\n|-heal|p1a: Sinistcha|36\/100|[from] drain|[of] p2a: Sinistcha\n|-damage|p2b: Primarina|21\/100\n|-heal|p1a: Sinistcha|57\/100|[from] drain|[of] p2b: Primarina\n|move|p2b: Primarina|Hyper Voice|p1a: Sinistcha|[spread] p1a,p1b\n|-resisted|p1a: Sinistcha\n|-damage|p1a: Sinistcha|15\/100\n|-damage|p1b: Gholdengo|0 fnt\n|faint|p1b: Gholdengo\n|move|p2a: Sinistcha|Trick Room|p2a: Sinistcha\n|-fieldstart|move: Trick Room|[of] p2a: Sinistcha\n|\n|upkeep\n|\n|t:|1724812114\n|switch|p1b: Archaludon|Archaludon, L50, M|100\/100\n|turn|3\n|\n|t:|1724812137\n|move|p2a: Sinistcha|Rage Powder|p2a: Sinistcha\n|-singleturn|p2a: Sinistcha|move: Rage Powder\n|move|p2b: Primarina|Moonblast|p1a: Sinistcha\n|-damage|p1a: Sinistcha|0 fnt\n|faint|p1a: Sinistcha\n|move|p1b: Archaludon|Dragon Pulse|p2a: Sinistcha\n|-damage|p2a: Sinistcha|0 fnt\n|faint|p2a: Sinistcha\n|\n|upkeep\n|\n|t:|1724812147\n|switch|p2a: Ursaluna|Ursaluna, L50, M, shiny|100\/100\n|switch|p1a: Incineroar|Incineroar, L50, M|100\/100\n|-ability|p1a: Incineroar|Intimidate|boost\n|-unboost|p2a: Ursaluna|atk|1\n|-unboost|p2b: Primarina|atk|1\n|turn|4\n|inactive|TAKETHEEFLAMETHY has 30 seconds left.\n|\n|t:|1724812172\n|move|p2a: Ursaluna|Protect|p2a: Ursaluna\n|-singleturn|p2a: Ursaluna|Protect\n|move|p2b: Primarina|Protect|p2b: Primarina\n|-singleturn|p2b: Primarina|Protect\n|move|p1a: Incineroar|Fake Out|p2a: Ursaluna\n|-activate|p2a: Ursaluna|move: Protect\n|move|p1b: Archaludon|Aura Sphere|p2a: Ursaluna\n|-activate|p2a: Ursaluna|move: Protect\n|\n|-status|p2a: Ursaluna|brn|[from] item: Flame Orb\n|upkeep\n|turn|5\n|\n|t:|1724812188\n|move|p2a: Ursaluna|Headlong Rush|p1b: Archaludon\n|-supereffective|p1b: Archaludon\n|-damage|p1b: Archaludon|0 fnt\n|-unboost|p2a: Ursaluna|def|1\n|-unboost|p2a: Ursaluna|spd|1\n|faint|p1b: Archaludon\n|move|p2b: Primarina|Hyper Voice|p1a: Incineroar\n|-supereffective|p1a: Incineroar\n|-damage|p1a: Incineroar|0 fnt\n|faint|p1a: Incineroar\n|\n|win|fangame10\n|raw|TAKETHEEFLAMETHY's rating: 1686 &rarr; <strong>1672<\/strong><br \/>(-14 for losing)\n|raw|fangame10's rating: 1785 &rarr; <strong>1799<\/strong><br \/>(+14 for winning)\n|l|\u2606TAKETHEEFLAMETHY\n|player|p1|\n|l|\u2606fangame10\n|player|p2|\n|l| Witness343\n","uploadtime":1724812360,"views":29,"formatid":"gen9vgc2024regh","rating":1672,"private":0,"password":null}