{"id":"gen9vgc2024regh-2189059841","format":"[Gen 9] VGC 2024 Reg H","players":["Waffles4breakfast","Krisuerte"],"log":"|j|\u2606Waffles4breakfast\n|j|\u2606Krisuerte\n|t:|1724785841\n|gametype|doubles\n|player|p1|Waffles4breakfast|juggler|1715\n|player|p2|Krisuerte|101|1777\n|teamsize|p1|6\n|teamsize|p2|6\n|gen|9\n|tier|[Gen 9] VGC 2024 Reg H\n|rated|\n|rule|Species Clause: Limit one of each Pok\u00e9mon\n|rule|Item Clause: Limit 1 of each item\n|clearpoke\n|poke|p1|Archaludon, L50, M|\n|poke|p1|Pelipper, L50, F|\n|poke|p1|Basculegion, L50, M|\n|poke|p1|Amoonguss, L50, M|\n|poke|p1|Gholdengo, L50|\n|poke|p1|Murkrow, L50, M|\n|poke|p2|Indeedee-F, L50, F|\n|poke|p2|Armarouge, L50, F|\n|poke|p2|Sinistcha-Masterpiece, L50|\n|poke|p2|Archaludon, L50, M|\n|poke|p2|Ursaluna-Bloodmoon, L50, M|\n|poke|p2|Pelipper, L50, F|\n|teampreview|4\n|inactive|Battle timer is ON: inactive players will automatically lose when time's up. (requested by Waffles4breakfast)\n|j| Bugoy Batang Ama\n|\n|t:|1724785866\n|start\n|switch|p1a: Basculegion|Basculegion, L50, M|100\/100\n|switch|p1b: Pelipper|Pelipper, L50, F|100\/100\n|switch|p2a: Indeedee|Indeedee-F, L50, F|100\/100\n|switch|p2b: Armarouge|Armarouge, L50, F|100\/100\n|-weather|RainDance|[from] ability: Drizzle|[of] p1b: Pelipper\n|-fieldstart|move: Psychic Terrain|[from] ability: Psychic Surge|[of] p2a: Indeedee\n|turn|1\n|\n|t:|1724785883\n|-terastallize|p2b: Armarouge|Psychic\n|move|p2a: Indeedee|Follow Me|p2a: Indeedee\n|-singleturn|p2a: Indeedee|move: Follow Me\n|move|p1a: Basculegion|Flip Turn|p2a: Indeedee\n|-damage|p2a: Indeedee|39\/100\n|-damage|p1a: Basculegion|84\/100|[from] item: Rocky Helmet|[of] p2a: Indeedee\n|inactive|Waffles4breakfast has 30 seconds left.\n|inactive|Waffles4breakfast has 20 seconds left.\n|\n|t:|1724785920\n|switch|p1a: Archaludon|Archaludon, L50, M|100\/100|[from] Flip Turn\n|move|p2b: Armarouge|Expanding Force|p1a: Archaludon|[spread] p1a,p1b\n|-resisted|p1a: Archaludon\n|-damage|p1a: Archaludon|74\/100\n|-enditem|p1b: Pelipper|Focus Sash\n|-damage|p1b: Pelipper|1\/100\n|-ability|p1a: Archaludon|Stamina|boost\n|-boost|p1a: Archaludon|def|1\n|move|p1b: Pelipper|Weather Ball|p2a: Indeedee\n|-damage|p2a: Indeedee|0 fnt\n|faint|p2a: Indeedee\n|\n|-weather|RainDance|[upkeep]\n|upkeep\n|\n|t:|1724785940\n|switch|p2a: Archaludon|Archaludon, L50, M|100\/100\n|turn|2\n|inactive|Waffles4breakfast has 30 seconds left.\n|\n|t:|1724785967\n|move|p1b: Pelipper|Wide Guard|p1b: Pelipper\n|-singleturn|p1b: Pelipper|Wide Guard\n|move|p2b: Armarouge|Expanding Force|p1b: Pelipper|[spread] \n|-activate|p1a: Archaludon|move: Wide Guard\n|-activate|p1b: Pelipper|move: Wide Guard\n|move|p1a: Archaludon|Electro Shot||[still]\n|-prepare|p1a: Archaludon|Electro Shot\n|-boost|p1a: Archaludon|spa|1\n|-anim|p1a: Archaludon|Electro Shot|p2b: Armarouge\n|-damage|p2b: Armarouge|23\/100\n|move|p2a: Archaludon|Draco Meteor|p1a: Archaludon\n|-damage|p1a: Archaludon|29\/100\n|-unboost|p2a: Archaludon|spa|2\n|-ability|p1a: Archaludon|Stamina|boost\n|-boost|p1a: Archaludon|def|1\n|\n|-weather|RainDance|[upkeep]\n|upkeep\n|turn|3\n|\n|t:|1724785988\n|switch|p2a: Sinistcha|Sinistcha-Masterpiece, L50|100\/100\n|-heal|p2b: Armarouge|47\/100|[from] ability: Hospitality|[of] p2a: Sinistcha\n|move|p2b: Armarouge|Expanding Force|p1a: Archaludon|[spread] p1a,p1b\n|-resisted|p1a: Archaludon\n|-damage|p1a: Archaludon|2\/100\n|-damage|p1b: Pelipper|0 fnt\n|-ability|p1a: Archaludon|Stamina|boost\n|-boost|p1a: Archaludon|def|1\n|faint|p1b: Pelipper\n|move|p1a: Archaludon|Dragon Pulse|p2b: Armarouge\n|-damage|p2b: Armarouge|0 fnt\n|faint|p2b: Armarouge\n|\n|-weather|RainDance|[upkeep]\n|upkeep\n|\n|t:|1724786003\n|switch|p1b: Gholdengo|Gholdengo, L50|100\/100\n|switch|p2b: Archaludon|Archaludon, L50, M|100\/100\n|turn|4\n|\n|t:|1724786025\n|move|p1b: Gholdengo|Shadow Ball|p2b: Archaludon\n|-damage|p2b: Archaludon|50\/100\n|-ability|p2b: Archaludon|Stamina|boost\n|-boost|p2b: Archaludon|def|1\n|move|p1a: Archaludon|Electro Shot||[still]\n|-prepare|p1a: Archaludon|Electro Shot\n|-boost|p1a: Archaludon|spa|1\n|-anim|p1a: Archaludon|Electro Shot|p2b: Archaludon\n|-resisted|p2b: Archaludon\n|-damage|p2b: Archaludon|16\/100\n|-ability|p2b: Archaludon|Stamina|boost\n|-boost|p2b: Archaludon|def|1\n|move|p2b: Archaludon|Electro Shot||[still]\n|-prepare|p2b: Archaludon|Electro Shot\n|-boost|p2b: Archaludon|spa|1\n|-anim|p2b: Archaludon|Electro Shot|p1a: Archaludon\n|-resisted|p1a: Archaludon\n|-damage|p1a: Archaludon|0 fnt\n|faint|p1a: Archaludon\n|move|p2a: Sinistcha|Trick Room|p2a: Sinistcha\n|-fieldstart|move: Trick Room|[of] p2a: Sinistcha\n|-enditem|p2a: Sinistcha|Room Service\n|-unboost|p2a: Sinistcha|spe|1|[from] item: Room Service\n|\n|-weather|RainDance|[upkeep]\n|upkeep\n|\n|t:|1724786030\n|switch|p1a: Basculegion|Basculegion, L50, M|84\/100\n|turn|5\n|inactive|Krisuerte has 30 seconds left.\n|\n|t:|1724786060\n|-terastallize|p1a: Basculegion|Grass\n|move|p2a: Sinistcha|Matcha Gotcha|p1b: Gholdengo|[spread] p1a,p1b\n|-resisted|p1a: Basculegion\n|-resisted|p1b: Gholdengo\n|-damage|p1a: Basculegion|70\/100\n|-damage|p1b: Gholdengo|85\/100\n|move|p2b: Archaludon|Electro Shot||[still]\n|-prepare|p2b: Archaludon|Electro Shot\n|-boost|p2b: Archaludon|spa|1\n|-anim|p2b: Archaludon|Electro Shot|p1b: Gholdengo\n|-damage|p1b: Gholdengo|0 fnt\n|faint|p1b: Gholdengo\n|move|p1a: Basculegion|Last Respects|p2b: Archaludon\n|-crit|p2b: Archaludon\n|-damage|p2b: Archaludon|0 fnt\n|faint|p2b: Archaludon\n|\n|-weather|none\n|-fieldend|move: Psychic Terrain\n|upkeep\n|turn|6\n|\n|t:|1724786081\n|move|p2a: Sinistcha|Matcha Gotcha|p1a: Basculegion\n|-resisted|p1a: Basculegion\n|-damage|p1a: Basculegion|52\/100\n|move|p1a: Basculegion|Last Respects|p2a: Sinistcha\n|-supereffective|p2a: Sinistcha\n|-damage|p2a: Sinistcha|0 fnt\n|faint|p2a: Sinistcha\n|\n|win|Waffles4breakfast\n|raw|Waffles4breakfast's rating: 1733 &rarr; <strong>1756<\/strong><br \/>(+23 for winning)\n|raw|Krisuerte's rating: 1777 &rarr; <strong>1754<\/strong><br \/>(-23 for losing)\n|c| Bugoy Batang Ama|should have killed basc first\n|l| Bugoy Batang Ama\n|j| Bugoy Batang Ama\n|l|\u2606Krisuerte\n|player|p2|\n|l|\u2606Waffles4breakfast\n|player|p1|\n|j|\u2606Waffles4breakfast\n|player|p1|Waffles4breakfast|juggler|\n|c|\u2606Waffles4breakfast|I think either one wins the 1 vs 2\n","uploadtime":1724786281,"views":385,"formatid":"gen9vgc2024regh","rating":1754,"private":0,"password":null}