{"id":"gen9vgc2024regh-2189498890","format":"[Gen 9] VGC 2024 Reg H","players":["Whats reg h","violet mm"],"log":"|j|\u2606Whats reg h\n|j|\u2606violet mm\n|t:|1724843912\n|gametype|doubles\n|player|p1|Whats reg h|fisherman-gen4|1643\n|player|p2|violet mm|266|1697\n|teamsize|p1|6\n|teamsize|p2|6\n|gen|9\n|tier|[Gen 9] VGC 2024 Reg H\n|rated|\n|rule|Species Clause: Limit one of each Pok\u00e9mon\n|rule|Item Clause: Limit 1 of each item\n|clearpoke\n|poke|p1|Tatsugiri-Stretchy, L50, M|\n|poke|p1|Meowscarada, L50, M|\n|poke|p1|Kingambit, L50, M|\n|poke|p1|Dragonite, L50, M|\n|poke|p1|Volcarona, L50, F|\n|poke|p1|Dondozo, L50, F|\n|poke|p2|Incineroar, L50, M|\n|poke|p2|Rillaboom, L50, F|\n|poke|p2|Tyranitar, L50, F|\n|poke|p2|Glimmora, L50, F|\n|poke|p2|Whimsicott, L50, F|\n|poke|p2|Gholdengo, L50|\n|teampreview|4\n|inactive|Battle timer is ON: inactive players will automatically lose when time's up. (requested by Whats reg h)\n|\n|t:|1724843947\n|start\n|switch|p1a: Volcarona|Volcarona, L50, F|100\/100\n|switch|p1b: Kingambit|Kingambit, L50, M|100\/100\n|switch|p2a: Glimmora|Glimmora, L50, F|100\/100\n|switch|p2b: Whimsicott|Whimsicott, L50, F|100\/100\n|turn|1\n|\n|t:|1724843970\n|-terastallize|p1a: Volcarona|Steel\n|-terastallize|p2a: Glimmora|Ground\n|move|p2b: Whimsicott|Moonblast|p1b: Kingambit\n|-damage|p1b: Kingambit|74\/100\n|move|p1a: Volcarona|Heat Wave|p2a: Glimmora|[spread] p2a,p2b\n|-supereffective|p2b: Whimsicott\n|-damage|p2a: Glimmora|25\/100\n|-damage|p2b: Whimsicott|0 fnt\n|faint|p2b: Whimsicott\n|move|p2a: Glimmora|Earth Power|p1b: Kingambit\n|-supereffective|p1b: Kingambit\n|-damage|p1b: Kingambit|0 fnt\n|faint|p1b: Kingambit\n|\n|upkeep\n|\n|t:|1724843984\n|switch|p2b: Tyranitar|Tyranitar, L50, F|100\/100\n|switch|p1b: Dondozo|Dondozo, L50, F|100\/100\n|-weather|Sandstorm|[from] ability: Sand Stream|[of] p2b: Tyranitar\n|turn|2\n|\n|t:|1724843995\n|switch|p1a: Tatsugiri|Tatsugiri-Stretchy, L50, M, shiny|100\/100\n|-activate|p1a: Tatsugiri|ability: Commander|[of] p1b: Dondozo\n|-boost|p1b: Dondozo|atk|2\n|-boost|p1b: Dondozo|spa|2\n|-boost|p1b: Dondozo|spe|2\n|-boost|p1b: Dondozo|def|2\n|-boost|p1b: Dondozo|spd|2\n|move|p2a: Glimmora|Spiky Shield|p2a: Glimmora\n|-singleturn|p2a: Glimmora|move: Protect\n|move|p1b: Dondozo|Earthquake|p2b: Tyranitar|[spread] p2b\n|-miss|p1b: Dondozo|p1a: Tatsugiri\n|-activate|p2a: Glimmora|move: Protect\n|-supereffective|p2b: Tyranitar\n|-damage|p2b: Tyranitar|28\/100\n|move|p2b: Tyranitar|Low Kick|p1a: Tatsugiri|[miss]\n|-miss|p2b: Tyranitar|p1a: Tatsugiri\n|\n|-weather|Sandstorm|[upkeep]\n|-damage|p1a: Tatsugiri|95\/100|[from] Sandstorm\n|-damage|p1b: Dondozo|94\/100|[from] Sandstorm\n|-heal|p1b: Dondozo|100\/100|[from] item: Leftovers\n|upkeep\n|turn|3\n|\n|t:|1724844009\n|switch|p2b: Rillaboom|Rillaboom, L50, F|100\/100\n|-fieldstart|move: Grassy Terrain|[from] ability: Grassy Surge|[of] p2b: Rillaboom\n|move|p1b: Dondozo|Earthquake|p2a: Glimmora|[spread] p2a,p2b\n|-miss|p1b: Dondozo|p1a: Tatsugiri\n|-resisted|p2b: Rillaboom\n|-damage|p2a: Glimmora|0 fnt\n|-damage|p2b: Rillaboom|90\/100\n|-activate|p2a: Glimmora|ability: Toxic Debris\n|-sidestart|p1: Whats reg h|move: Toxic Spikes\n|faint|p2a: Glimmora\n|\n|-weather|Sandstorm|[upkeep]\n|-damage|p1a: Tatsugiri|89\/100|[from] Sandstorm\n|-damage|p1b: Dondozo|94\/100|[from] Sandstorm\n|-damage|p2b: Rillaboom|83\/100|[from] Sandstorm\n|-heal|p1a: Tatsugiri|95\/100|[from] Grassy Terrain\n|-heal|p1b: Dondozo|100\/100|[from] Grassy Terrain\n|-heal|p2b: Rillaboom|90\/100|[from] Grassy Terrain\n|upkeep\n|\n|t:|1724844014\n|switch|p2a: Tyranitar|Tyranitar, L50, F|28\/100\n|turn|4\n|j| Trfgtred\n|\n|t:|1724844024\n|move|p1b: Dondozo|Protect|p1b: Dondozo\n|-singleturn|p1b: Dondozo|Protect\n|move|p2b: Rillaboom|Wood Hammer|p1b: Dondozo\n|-activate|p1b: Dondozo|move: Protect\n|move|p2a: Tyranitar|Knock Off|p1b: Dondozo\n|-activate|p1b: Dondozo|move: Protect\n|\n|-weather|Sandstorm|[upkeep]\n|-damage|p1a: Tatsugiri|89\/100|[from] Sandstorm\n|-damage|p1b: Dondozo|94\/100|[from] Sandstorm\n|-damage|p2b: Rillaboom|83\/100|[from] Sandstorm\n|-heal|p1a: Tatsugiri|95\/100|[from] Grassy Terrain\n|-heal|p1b: Dondozo|100\/100|[from] Grassy Terrain\n|-heal|p2b: Rillaboom|90\/100|[from] Grassy Terrain\n|-heal|p2a: Tyranitar|35\/100|[from] Grassy Terrain\n|upkeep\n|turn|5\n|\n|t:|1724844030\n|move|p1b: Dondozo|Earthquake|p2a: Tyranitar|[spread] p2a,p2b\n|-miss|p1b: Dondozo|p1a: Tatsugiri\n|-supereffective|p2a: Tyranitar\n|-resisted|p2b: Rillaboom\n|-damage|p2a: Tyranitar|0 fnt\n|-damage|p2b: Rillaboom|78\/100\n|faint|p2a: Tyranitar\n|move|p2b: Rillaboom|Wood Hammer|p1b: Dondozo\n|-supereffective|p1b: Dondozo\n|-damage|p1b: Dondozo|8\/100\n|-damage|p2b: Rillaboom|42\/100|[from] Recoil\n|\n|-weather|Sandstorm|[upkeep]\n|-damage|p1a: Tatsugiri|89\/100|[from] Sandstorm\n|-damage|p1b: Dondozo|2\/100|[from] Sandstorm\n|-damage|p2b: Rillaboom|36\/100|[from] Sandstorm\n|-heal|p1a: Tatsugiri|95\/100|[from] Grassy Terrain\n|-heal|p1b: Dondozo|8\/100|[from] Grassy Terrain\n|-heal|p1b: Dondozo|14\/100|[from] item: Leftovers\n|-heal|p2b: Rillaboom|42\/100|[from] Grassy Terrain\n|upkeep\n|turn|6\n|-message|violet mm forfeited.\n|\n|win|Whats reg h\n|raw|Whats reg h's rating: 1643 &rarr; <strong>1666<\/strong><br \/>(+23 for winning)\n|raw|violet mm's rating: 1697 &rarr; <strong>1674<\/strong><br \/>(-23 for losing)\n|l|\u2606violet mm\n|player|p2|\n|l|\u2606Whats reg h\n|player|p1|\n","uploadtime":1724844307,"views":33,"formatid":"gen9vgc2024regh","rating":1666,"private":0,"password":null}