{"id":"gen9vgc2024regh-2189053901","format":"[Gen 9] VGC 2024 Reg H","players":["sarstingnos","Waffles4breakfast"],"log":"|j|\u2606sarstingnos\n|j|\u2606Waffles4breakfast\n|t:|1724785289\n|gametype|doubles\n|player|p1|sarstingnos|169|1697\n|player|p2|Waffles4breakfast|juggler|1684\n|teamsize|p1|6\n|teamsize|p2|6\n|gen|9\n|tier|[Gen 9] VGC 2024 Reg H\n|rated|\n|rule|Species Clause: Limit one of each Pok\u00e9mon\n|rule|Item Clause: Limit 1 of each item\n|clearpoke\n|poke|p1|Typhlosion-Hisui, L50, F|\n|poke|p1|Garganacl, L50, F|\n|poke|p1|Indeedee, L50, M|\n|poke|p1|Gholdengo, L50|\n|poke|p1|Whimsicott, L50, F|\n|poke|p1|Sneasler, L50, M|\n|poke|p2|Archaludon, L50, M|\n|poke|p2|Pelipper, L50, M|\n|poke|p2|Basculegion, L50, M|\n|poke|p2|Amoonguss, L50, F|\n|poke|p2|Gholdengo, L50|\n|poke|p2|Murkrow, L50, F|\n|teampreview|4\n|j| Ibrahimovicvgc\n|l| Ibrahimovicvgc\n|inactive|Battle timer is ON: inactive players will automatically lose when time's up. (requested by Waffles4breakfast)\n|\n|t:|1724785315\n|start\n|switch|p1a: Whimsicott|Whimsicott, L50, F|100\/100\n|switch|p1b: Typhlosion|Typhlosion-Hisui, L50, F|100\/100\n|switch|p2a: Gholdengo|Gholdengo, L50|100\/100\n|switch|p2b: Murkrow|Murkrow, L50, F|100\/100\n|turn|1\n|\n|t:|1724785330\n|move|p2b: Murkrow|Quash|p1b: Typhlosion\n|-activate|p1b: Typhlosion|move: Quash\n|move|p1a: Whimsicott|Moonblast|p2b: Murkrow\n|-supereffective|p2b: Murkrow\n|-damage|p2b: Murkrow|36\/100\n|-unboost|p2b: Murkrow|spa|1\n|move|p2a: Gholdengo|Shadow Ball|p1b: Typhlosion\n|-supereffective|p1b: Typhlosion\n|-damage|p1b: Typhlosion|0 fnt\n|faint|p1b: Typhlosion\n|\n|upkeep\n|\n|t:|1724785340\n|switch|p1b: Sneasler|Sneasler, L50, M|100\/100\n|turn|2\n|\n|t:|1724785346\n|-terastallize|p1b: Sneasler|Dark\n|move|p2b: Murkrow|Tailwind|p2b: Murkrow\n|-sidestart|p2: Waffles4breakfast|move: Tailwind\n|move|p2a: Gholdengo|Shadow Ball|p1a: Whimsicott\n|-enditem|p1a: Whimsicott|Focus Sash\n|-damage|p1a: Whimsicott|1\/100\n|move|p1a: Whimsicott|Moonblast|p2b: Murkrow\n|-supereffective|p2b: Murkrow\n|-damage|p2b: Murkrow|0 fnt\n|faint|p2b: Murkrow\n|move|p1b: Sneasler|Throat Chop|p2a: Gholdengo\n|-supereffective|p2a: Gholdengo\n|-damage|p2a: Gholdengo|0 fnt\n|faint|p2a: Gholdengo\n|\n|upkeep\n|\n|t:|1724785352\n|switch|p2a: Archaludon|Archaludon, L50, M|100\/100\n|switch|p2b: Pelipper|Pelipper, L50, M|100\/100\n|-weather|RainDance|[from] ability: Drizzle|[of] p2b: Pelipper\n|turn|3\n|\n|t:|1724785358\n|-terastallize|p2a: Archaludon|Grass\n|move|p1a: Whimsicott|Sunny Day|p1a: Whimsicott\n|-weather|SunnyDay\n|move|p2b: Pelipper|Weather Ball|p1b: Sneasler\n|-damage|p1b: Sneasler|38\/100\n|move|p2a: Archaludon|Body Press|p1b: Sneasler\n|-supereffective|p1b: Sneasler\n|-damage|p1b: Sneasler|0 fnt\n|faint|p1b: Sneasler\n|\n|-weather|SunnyDay|[upkeep]\n|upkeep\n|\n|t:|1724785361\n|switch|p1b: Garganacl|Garganacl, L50, F|100\/100\n|turn|4\n|\n|t:|1724785381\n|move|p2b: Pelipper|Weather Ball|p1a: Whimsicott\n|-supereffective|p1a: Whimsicott\n|-damage|p1a: Whimsicott|0 fnt\n|faint|p1a: Whimsicott\n|move|p2a: Archaludon|Flash Cannon|p1b: Garganacl\n|-supereffective|p1b: Garganacl\n|-damage|p1b: Garganacl|46\/100\n|move|p1b: Garganacl|Salt Cure|p2a: Archaludon\n|-damage|p2a: Archaludon|90\/100\n|-start|p2a: Archaludon|Salt Cure\n|-ability|p2a: Archaludon|Stamina|boost\n|-boost|p2a: Archaludon|def|1\n|\n|-weather|SunnyDay|[upkeep]\n|-heal|p1b: Garganacl|52\/100|[from] item: Leftovers\n|-damage|p2a: Archaludon|78\/100|[from] Salt Cure\n|upkeep\n|turn|5\n|\n|t:|1724785393\n|move|p2b: Pelipper|Weather Ball|p1b: Garganacl\n|-resisted|p1b: Garganacl\n|-damage|p1b: Garganacl|37\/100\n|move|p2a: Archaludon|Flash Cannon|p1b: Garganacl\n|-supereffective|p1b: Garganacl\n|-damage|p1b: Garganacl|0 fnt\n|faint|p1b: Garganacl\n|\n|win|Waffles4breakfast\n|raw|sarstingnos's rating: 1697 &rarr; <strong>1676<\/strong><br \/>(-21 for losing)\n|raw|Waffles4breakfast's rating: 1684 &rarr; <strong>1705<\/strong><br \/>(+21 for winning)\n|l|\u2606Waffles4breakfast\n|player|p2|\n|l|\u2606sarstingnos\n|player|p1|\n","uploadtime":1724785600,"views":76,"formatid":"gen9vgc2024regh","rating":1676,"private":0,"password":null}