{"id":"gen9vgc2024regh-2189938110","format":"[Gen 9] VGC 2024 Reg H","players":["Slumbering Sinh","actuary97"],"log":"|j|\u2606Slumbering Sinh\n|j|\u2606actuary97\n|t:|1724887877\n|gametype|doubles\n|player|p1|Slumbering Sinh|volo|1641\n|player|p2|actuary97|sabrina-frlg|1719\n|teamsize|p1|6\n|teamsize|p2|6\n|gen|9\n|tier|[Gen 9] VGC 2024 Reg H\n|rated|\n|rule|Species Clause: Limit one of each Pok\u00e9mon\n|rule|Item Clause: Limit 1 of each item\n|clearpoke\n|poke|p1|Glimmora, L50, F|\n|poke|p1|Gholdengo, L50|\n|poke|p1|Talonflame, L50, F|\n|poke|p1|Primarina, L50, F|\n|poke|p1|Tyranitar, L50, M|\n|poke|p1|Garchomp, L50, M|\n|poke|p2|Ursaluna-Bloodmoon, L50, M|\n|poke|p2|Whimsicott, L50, M|\n|poke|p2|Gallade, L50, M|\n|poke|p2|Malamar, L50, M|\n|poke|p2|Indeedee, L50, M|\n|poke|p2|Archaludon, L50, M|\n|teampreview|4\nactuary97 has agreed to open team sheets.\nSlumbering Sinh has agreed to open team sheets.\n|\n|t:|1724887936\n|start\n|switch|p1a: Tyranitar|Tyranitar, L50, M|100\/100\n|switch|p1b: Primarina|Primarina, L50, F|100\/100\n|switch|p2a: Whimsicott|Whimsicott, L50, M, shiny|100\/100\n|switch|p2b: Tapu-Deedee|Indeedee, L50, M, shiny|100\/100\n|-fieldstart|move: Psychic Terrain|[from] ability: Psychic Surge|[of] p2b: Tapu-Deedee\n|-weather|Sandstorm|[from] ability: Sand Stream|[of] p1a: Tyranitar\n|turn|1\n|\n|t:|1724887963\n|move|p1b: Primarina|Protect|p1b: Primarina\n|-singleturn|p1b: Primarina|Protect\n|move|p2a: Whimsicott|Moonblast|p1b: Primarina\n|-activate|p1b: Primarina|move: Protect\n|move|p2b: Tapu-Deedee|Expanding Force|p1b: Primarina|[spread] \n|-activate|p1b: Primarina|move: Protect\n|-immune|p1a: Tyranitar\n|move|p1a: Tyranitar|Knock Off|p2b: Tapu-Deedee\n|-supereffective|p2b: Tapu-Deedee\n|-damage|p2b: Tapu-Deedee|0 fnt\n|-enditem|p2b: Tapu-Deedee|Choice Specs|[from] move: Knock Off|[of] p1a: Tyranitar\n|faint|p2b: Tapu-Deedee\n|\n|-weather|Sandstorm|[upkeep]\n|-damage|p2a: Whimsicott|95\/100|[from] Sandstorm\n|-damage|p1b: Primarina|94\/100|[from] Sandstorm\n|upkeep\n|\n|t:|1724887971\n|switch|p2b: Ursaluna|Ursaluna-Bloodmoon, L50, M|100\/100\n|-enditem|p2b: Ursaluna|Psychic Seed\n|-boost|p2b: Ursaluna|spd|1|[from] item: Psychic Seed\n|turn|2\n|j| NanshanVGC\n|\n|t:|1724887990\n|-terastallize|p2b: Ursaluna|Normal\n|move|p2a: Whimsicott|Moonblast|p1b: Primarina\n|-damage|p1b: Primarina|62\/100\n|move|p1a: Tyranitar|Low Kick|p2b: Ursaluna\n|-supereffective|p2b: Ursaluna\n|-damage|p2b: Ursaluna|30\/100\n|move|p1b: Primarina|Hyper Voice|p2b: Ursaluna|[spread] p2a,p2b\n|-resisted|p2a: Whimsicott\n|-damage|p2a: Whimsicott|66\/100\n|-damage|p2b: Ursaluna|5\/100\n|move|p2b: Ursaluna|Blood Moon|p1b: Primarina\n|-damage|p1b: Primarina|0 fnt\n|faint|p1b: Primarina\n|\n|-weather|Sandstorm|[upkeep]\n|-damage|p2a: Whimsicott|60\/100|[from] Sandstorm\n|-damage|p2b: Ursaluna|0 fnt|[from] Sandstorm\n|faint|p2b: Ursaluna\n|upkeep\n|\n|t:|1724888000\n|switch|p1b: Gholdengo|Gholdengo, L50|100\/100\n|switch|p2b: Archaludon|Archaludon, L50, M, shiny|100\/100\n|turn|3\n|l| NanshanVGC\n|\n|t:|1724888014\n|move|p2a: Whimsicott|Beat Up|p2b: Archaludon\n|-crit|p2b: Archaludon\n|-damage|p2b: Archaludon|98\/100\n|-ability|p2b: Archaludon|Stamina|boost\n|-boost|p2b: Archaludon|def|1\n|-damage|p2b: Archaludon|96\/100\n|-ability|p2b: Archaludon|Stamina|boost\n|-boost|p2b: Archaludon|def|1\n|-hitcount|p2b: Archaludon|2\n|move|p1b: Gholdengo|Shadow Ball|p2a: Whimsicott\n|-damage|p2a: Whimsicott|0 fnt\n|faint|p2a: Whimsicott\n|move|p2b: Archaludon|Snarl|p1a: Tyranitar|[spread] p1a,p1b\n|-resisted|p1a: Tyranitar\n|-supereffective|p1b: Gholdengo\n|-damage|p1a: Tyranitar|98\/100\n|-damage|p1b: Gholdengo|73\/100\n|-unboost|p1a: Tyranitar|spa|1\n|-unboost|p1b: Gholdengo|spa|1\n|move|p1a: Tyranitar|Low Kick|p2b: Archaludon\n|-supereffective|p2b: Archaludon\n|-damage|p2b: Archaludon|72\/100\n|-ability|p2b: Archaludon|Stamina|boost\n|-boost|p2b: Archaludon|def|1\n|\n|-weather|Sandstorm|[upkeep]\n|upkeep\n|turn|4\n|\n|t:|1724888021\n|switch|p1b: Talonflame|Talonflame, L50, F|100\/100\n|move|p2b: Archaludon|Body Press|p1a: Tyranitar\n|-supereffective|p1a: Tyranitar\n|-damage|p1a: Tyranitar|0 fnt\n|faint|p1a: Tyranitar\n|\n|-weather|Sandstorm|[upkeep]\n|-damage|p1b: Talonflame|94\/100|[from] Sandstorm\n|upkeep\n|\n|t:|1724888026\n|switch|p1a: Gholdengo|Gholdengo, L50|73\/100\n|turn|5\n|\n|t:|1724888038\n|move|p1b: Talonflame|Will-O-Wisp|p2b: Archaludon\n|-status|p2b: Archaludon|brn\n|move|p1a: Gholdengo|Shadow Ball|p2b: Archaludon\n|-damage|p2b: Archaludon|24\/100 brn\n|-ability|p2b: Archaludon|Stamina|boost\n|-boost|p2b: Archaludon|def|1\n|move|p2b: Archaludon|Snarl|p1b: Talonflame|[spread] p1a,p1b\n|-supereffective|p1a: Gholdengo\n|-damage|p1a: Gholdengo|46\/100\n|-damage|p1b: Talonflame|77\/100\n|-unboost|p1a: Gholdengo|spa|1\n|\n|-weather|none\n|-damage|p2b: Archaludon|18\/100 brn|[from] brn\n|-fieldend|move: Psychic Terrain\n|upkeep\n|turn|6\n|\n|t:|1724888044\n|move|p1b: Talonflame|Tailwind|p1b: Talonflame\n|-sidestart|p1: Slumbering Sinh|move: Tailwind\n|move|p1a: Gholdengo|Shadow Ball|p2b: Archaludon\n|-damage|p2b: Archaludon|0 fnt\n|faint|p2b: Archaludon\n|\n|win|Slumbering Sinh\n|raw|Slumbering Sinh's rating: 1641 &rarr; <strong>1665<\/strong><br \/>(+24 for winning)\n|raw|actuary97's rating: 1719 &rarr; <strong>1695<\/strong><br \/>(-24 for losing)\n|c|\u2606actuary97|gg\n|c|\u2606Slumbering Sinh|gg\n|l|\u2606actuary97\n|player|p2|\n","uploadtime":1724888057,"views":61,"formatid":"gen9vgc2024regh","rating":1665,"private":0,"password":null}