{"id":"gen9vgc2024regh-2190931302","format":"[Gen 9] VGC 2024 Reg H","players":["superpowerpoke","chin8"],"log":"|j|\u2606superpowerpoke\n|j|\u2606chin8\n|t:|1725014143\n|gametype|doubles\n|player|p1|superpowerpoke|2|1699\n|player|p2|chin8|gentleman-gen4dp|1663\n|teamsize|p1|6\n|teamsize|p2|6\n|gen|9\n|tier|[Gen 9] VGC 2024 Reg H\n|rated|\n|rule|Species Clause: Limit one of each Pok\u00e9mon\n|rule|Item Clause: Limit 1 of each item\n|clearpoke\n|poke|p1|Ursaluna-Bloodmoon, L50, M|\n|poke|p1|Ninetales-Alola, L50, F|\n|poke|p1|Incineroar, L50, F|\n|poke|p1|Basculegion-F, L50, F|\n|poke|p1|Sneasler, L50, M|\n|poke|p1|Rillaboom, L50, M|\n|poke|p2|Baxcalibur, L50, F|\n|poke|p2|Kilowattrel, L50, M|\n|poke|p2|Haxorus, L50, M|\n|poke|p2|Gardevoir, L50, F|\n|poke|p2|Magmortar, L50, M|\n|poke|p2|Gholdengo, L50|\n|teampreview|4\n|inactive|Battle timer is ON: inactive players will automatically lose when time's up. (requested by chin8)\n|inactive|superpowerpoke has 60 seconds left.\n|\n|t:|1725014203\n|start\n|switch|p1a: Ursaluna|Ursaluna-Bloodmoon, L50, M|100\/100\n|switch|p1b: Sneasler|Sneasler, L50, M|100\/100\n|switch|p2a: Gholdengo|Gholdengo, L50|100\/100\n|switch|p2b: Magmortar|Magmortar, L50, M|100\/100\n|turn|1\n|\n|t:|1725014222\n|-terastallize|p1a: Ursaluna|Normal\n|move|p1b: Sneasler|Protect|p1b: Sneasler\n|-singleturn|p1b: Sneasler|Protect\n|move|p2a: Gholdengo|Protect|p2a: Gholdengo\n|-singleturn|p2a: Gholdengo|Protect\n|move|p2b: Magmortar|Protect|p2b: Magmortar\n|-singleturn|p2b: Magmortar|Protect\n|move|p1a: Ursaluna|Blood Moon|p2b: Magmortar\n|-activate|p2b: Magmortar|move: Protect\n|\n|upkeep\n|turn|2\n|\n|t:|1725014237\n|switch|p1b: Incineroar|Incineroar, L50, F|100\/100\n|-ability|p1b: Incineroar|Intimidate|boost\n|-unboost|p2a: Gholdengo|atk|1\n|-unboost|p2b: Magmortar|atk|1\n|move|p2b: Magmortar|Follow Me|p2b: Magmortar\n|-singleturn|p2b: Magmortar|move: Follow Me\n|move|p2a: Gholdengo|Nasty Plot|p2a: Gholdengo\n|-boost|p2a: Gholdengo|spa|2\n|move|p1a: Ursaluna|Earth Power|p2b: Magmortar\n|-supereffective|p2b: Magmortar\n|-damage|p2b: Magmortar|8\/100\n|-enditem|p2b: Magmortar|Sitrus Berry|[eat]\n|-heal|p2b: Magmortar|33\/100|[from] item: Sitrus Berry\n|\n|upkeep\n|turn|3\n|inactive|superpowerpoke has 30 seconds left.\n|inactive|superpowerpoke has 20 seconds left.\n|\n|t:|1725014276\n|move|p2a: Gholdengo|Protect|p2a: Gholdengo\n|-singleturn|p2a: Gholdengo|Protect\n|move|p2b: Magmortar|Heat Wave|p1b: Incineroar|[spread] p1a,p1b\n|-resisted|p1b: Incineroar\n|-damage|p1a: Ursaluna|76\/100\n|-damage|p1b: Incineroar|90\/100\n|move|p1b: Incineroar|Knock Off|p2a: Gholdengo\n|-activate|p2a: Gholdengo|move: Protect\n|move|p1a: Ursaluna|Earth Power|p2a: Gholdengo\n|-activate|p2a: Gholdengo|move: Protect\n|\n|upkeep\n|turn|4\n|\n|t:|1725014289\n|move|p2b: Magmortar|Follow Me|p2b: Magmortar\n|-singleturn|p2b: Magmortar|move: Follow Me\n|move|p2a: Gholdengo|Make It Rain|p1b: Incineroar|[spread] p1a,p1b\n|-resisted|p1b: Incineroar\n|-damage|p1a: Ursaluna|4\/100\n|-damage|p1b: Incineroar|54\/100\n|-unboost|p2a: Gholdengo|spa|1\n|move|p1b: Incineroar|Knock Off|p2b: Magmortar\n|-damage|p2b: Magmortar|6\/100\n|move|p1a: Ursaluna|Earth Power|p2b: Magmortar\n|-supereffective|p2b: Magmortar\n|-damage|p2b: Magmortar|0 fnt\n|faint|p2b: Magmortar\n|\n|upkeep\n|\n|t:|1725014302\n|switch|p2b: Haxorus|Haxorus, L50, M|100\/100\n|-ability|p2b: Haxorus|Mold Breaker\n|turn|5\n|inactive|superpowerpoke has 30 seconds left.\n|\n|t:|1725014327\n|move|p1a: Ursaluna|Vacuum Wave|p2a: Gholdengo\n|-supereffective|p2a: Gholdengo\n|-damage|p2a: Gholdengo|68\/100\n|move|p2b: Haxorus|Dragon Claw|p1b: Incineroar\n|-damage|p1b: Incineroar|11\/100\n|move|p2a: Gholdengo|Make It Rain|p1b: Incineroar|[spread] p1a,p1b\n|-resisted|p1b: Incineroar\n|-damage|p1a: Ursaluna|0 fnt\n|-damage|p1b: Incineroar|0 fnt\n|-unboost|p2a: Gholdengo|spa|1\n|faint|p1a: Ursaluna\n|faint|p1b: Incineroar\n|\n|-heal|p2a: Gholdengo|74\/100|[from] item: Leftovers\n|upkeep\n|\n|t:|1725014336\n|switch|p1b: Sneasler|Sneasler, L50, M|100\/100\n|switch|p1a: Basculegion|Basculegion-F, L50, F|100\/100\n|turn|6\n|\n|t:|1725014351\n|move|p2b: Haxorus|Protect|p2b: Haxorus\n|-singleturn|p2b: Haxorus|Protect\n|move|p2a: Gholdengo|Protect|p2a: Gholdengo\n|-singleturn|p2a: Gholdengo|Protect\n|move|p1b: Sneasler|Fake Out|p2b: Haxorus\n|-activate|p2b: Haxorus|move: Protect\n|move|p1a: Basculegion|Shadow Ball|p2a: Gholdengo\n|-activate|p2a: Gholdengo|move: Protect\n|\n|-heal|p2a: Gholdengo|80\/100|[from] item: Leftovers\n|upkeep\n|turn|7\n|\n|t:|1725014365\n|switch|p2a: Baxcalibur|Baxcalibur, L50, F|100\/100\n|move|p1a: Basculegion|Shadow Ball|p2a: Baxcalibur\n|-damage|p2a: Baxcalibur|71\/100\n|-unboost|p2a: Baxcalibur|spd|1\n|move|p1b: Sneasler|Close Combat|p2a: Baxcalibur\n|-supereffective|p2a: Baxcalibur\n|-damage|p2a: Baxcalibur|0 fnt\n|-unboost|p1b: Sneasler|def|1\n|-unboost|p1b: Sneasler|spd|1\n|faint|p2a: Baxcalibur\n|move|p2b: Haxorus|Dragon Claw|p1a: Basculegion\n|-damage|p1a: Basculegion|34\/100\n|\n|upkeep\n|\n|t:|1725014374\n|switch|p2a: Gholdengo|Gholdengo, L50|80\/100\n|turn|8\n|\n|t:|1725014390\n|-terastallize|p2a: Gholdengo|Water\n|move|p2b: Haxorus|Protect|p2b: Haxorus\n|-singleturn|p2b: Haxorus|Protect\n|move|p1a: Basculegion|Shadow Ball|p2b: Haxorus\n|-activate|p2b: Haxorus|move: Protect\n|move|p1b: Sneasler|Close Combat|p2b: Haxorus\n|-activate|p2b: Haxorus|move: Protect\n|move|p2a: Gholdengo|Shadow Ball|p1a: Basculegion\n|-supereffective|p1a: Basculegion\n|-damage|p1a: Basculegion|0 fnt\n|faint|p1a: Basculegion\n|\n|-heal|p2a: Gholdengo|86\/100|[from] item: Leftovers\n|upkeep\n|turn|9\n|\n|t:|1725014404\n|move|p1b: Sneasler|Close Combat|p2b: Haxorus\n|-damage|p2b: Haxorus|5\/100\n|-unboost|p1b: Sneasler|def|1\n|-unboost|p1b: Sneasler|spd|1\n|move|p2b: Haxorus|Dragon Claw|p1b: Sneasler\n|-enditem|p1b: Sneasler|Focus Sash\n|-damage|p1b: Sneasler|1\/100\n|move|p2a: Gholdengo|Shadow Ball|p1b: Sneasler\n|-damage|p1b: Sneasler|0 fnt\n|faint|p1b: Sneasler\n|\n|win|chin8\n|raw|superpowerpoke's rating: 1699 &rarr; <strong>1677<\/strong><br \/>(-22 for losing)\n|raw|chin8's rating: 1663 &rarr; <strong>1685<\/strong><br \/>(+22 for winning)\n|l|\u2606chin8\n|player|p2|\n|l|\u2606superpowerpoke\n|player|p1|\n","uploadtime":1725014622,"views":60,"formatid":"gen9vgc2024regh","rating":1677,"private":0,"password":null}