{"id":"gen9vgc2024regh-2190746176","format":"[Gen 9] VGC 2024 Reg H","players":["MomeriA12","violet mm"],"log":"|j|\u2606MomeriA12\n|j|\u2606violet mm\n|t:|1724984168\n|gametype|doubles\n|player|p1|MomeriA12|266|1664\n|player|p2|violet mm|1|1770\n|teamsize|p1|6\n|teamsize|p2|6\n|gen|9\n|tier|[Gen 9] VGC 2024 Reg H\n|rated|\n|rule|Species Clause: Limit one of each Pok\u00e9mon\n|rule|Item Clause: Limit 1 of each item\n|clearpoke\n|poke|p1|Staraptor, L50, F|\n|poke|p1|Hydreigon, L50, F|\n|poke|p1|Lilligant-Hisui, L50, F|\n|poke|p1|Torkoal, L50, F|\n|poke|p1|Ursaluna, L50, M|\n|poke|p1|Farigiraf, L50, F|\n|poke|p2|Incineroar, L50, M|\n|poke|p2|Rillaboom, L50, M|\n|poke|p2|Tyranitar, L50, F|\n|poke|p2|Glimmora, L50, F|\n|poke|p2|Whimsicott, L50, F|\n|poke|p2|Gholdengo, L50|\n|teampreview|4\n|j| zacattack110\n|j| ventusinvictus\n|j| Dom testes\n|\n|t:|1724984194\n|start\n|switch|p1a: Lilligant|Lilligant-Hisui, L50, F|100\/100\n|switch|p1b: Farigiraf|Farigiraf, L50, F|100\/100\n|switch|p2a: Glimmora|Glimmora, L50, F|100\/100\n|switch|p2b: Whimsicott|Whimsicott, L50, F|100\/100\n|turn|1\n|j| Solringturn1\n|\n|t:|1724984213\n|move|p1a: Lilligant|Protect|p1a: Lilligant\n|-singleturn|p1a: Lilligant|Protect\n|move|p2a: Glimmora|Spiky Shield|p2a: Glimmora\n|-singleturn|p2a: Glimmora|move: Protect\n|move|p2b: Whimsicott|Moonblast|p1a: Lilligant\n|-activate|p1a: Lilligant|move: Protect\n|move|p1b: Farigiraf|Psychic Noise|p2a: Glimmora\n|-activate|p2a: Glimmora|move: Protect\n|\n|upkeep\n|turn|2\n|\n|t:|1724984232\n|switch|p1a: Ursaluna|Ursaluna, L50, M|100\/100\n|switch|p2a: Incineroar|Incineroar, L50, M|100\/100\n|-ability|p2a: Incineroar|Intimidate|boost\n|-unboost|p1a: Ursaluna|atk|1\n|-unboost|p1b: Farigiraf|atk|1\n|move|p2b: Whimsicott|Moonblast|p1a: Ursaluna\n|-damage|p1a: Ursaluna|75\/100\n|-unboost|p1a: Ursaluna|spa|1\n|move|p1b: Farigiraf|Trick Room|p1b: Farigiraf\n|-fieldstart|move: Trick Room|[of] p1b: Farigiraf\n|\n|-status|p1a: Ursaluna|brn|[from] item: Flame Orb\n|upkeep\n|turn|3\n|\n|t:|1724984247\n|-terastallize|p2a: Incineroar|Ghost\n|move|p2b: Whimsicott|Protect|p2b: Whimsicott\n|-singleturn|p2b: Whimsicott|Protect\n|move|p1a: Ursaluna|Headlong Rush|p2a: Incineroar\n|-damage|p2a: Incineroar|28\/100\n|-unboost|p1a: Ursaluna|def|1\n|-unboost|p1a: Ursaluna|spd|1\n|move|p1b: Farigiraf|Psychic Noise|p2b: Whimsicott\n|-activate|p2b: Whimsicott|move: Protect\n|move|p2a: Incineroar|Parting Shot|p1a: Ursaluna\n|-unboost|p1a: Ursaluna|atk|1\n|-unboost|p1a: Ursaluna|spa|1\n|\n|t:|1724984263\n|switch|p2a: Tyranitar|Tyranitar, L50, F|100\/100|[from] Parting Shot\n|-weather|Sandstorm|[from] ability: Sand Stream|[of] p2a: Tyranitar\n|\n|-weather|Sandstorm|[upkeep]\n|-damage|p1b: Farigiraf|94\/100|[from] Sandstorm\n|-damage|p2b: Whimsicott|95\/100|[from] Sandstorm\n|-damage|p1a: Ursaluna|69\/100 brn|[from] brn\n|upkeep\n|turn|4\n|\n|t:|1724984277\n|switch|p1a: Torkoal|Torkoal, L50, F|100\/100\n|-weather|SunnyDay|[from] ability: Drought|[of] p1a: Torkoal\n|switch|p2b: Incineroar|Incineroar, L50, M, tera:Ghost|28\/100\n|-ability|p2b: Incineroar|Intimidate|boost\n|-unboost|p1a: Torkoal|atk|1\n|-unboost|p1b: Farigiraf|atk|1\n|move|p1b: Farigiraf|Psychic Noise|p2b: Incineroar\n|-damage|p2b: Incineroar|6\/100\n|-start|p2b: Incineroar|move: Heal Block\n|move|p2a: Tyranitar|Knock Off|p1b: Farigiraf\n|-supereffective|p1b: Farigiraf\n|-damage|p1b: Farigiraf|0 fnt\n|-enditem|p1b: Farigiraf|Sitrus Berry|[from] move: Knock Off|[of] p2a: Tyranitar\n|faint|p1b: Farigiraf\n|\n|-weather|SunnyDay|[upkeep]\n|upkeep\n|\n|t:|1724984293\n|switch|p1b: Ursaluna|Ursaluna, L50, M|69\/100 brn\n|turn|5\n|\n|t:|1724984331\n|switch|p2a: Glimmora|Glimmora, L50, F|100\/100\n|-terastallize|p1b: Ursaluna|Ghost\n|move|p2b: Incineroar|Fake Out|p1b: Ursaluna\n|-immune|p1b: Ursaluna\n|move|p1a: Torkoal|Eruption|p2b: Incineroar|[spread] p2a,p2b\n|-resisted|p2a: Glimmora\n|-damage|p2a: Glimmora|40\/100\n|-damage|p2b: Incineroar|0 fnt\n|faint|p2b: Incineroar\n|move|p1b: Ursaluna|Headlong Rush|p2a: Glimmora\n|-supereffective|p2a: Glimmora\n|-damage|p2a: Glimmora|0 fnt\n|-unboost|p1b: Ursaluna|def|1\n|-unboost|p1b: Ursaluna|spd|1\n|-activate|p2a: Glimmora|ability: Toxic Debris\n|-sidestart|p1: MomeriA12|move: Toxic Spikes\n|faint|p2a: Glimmora\n|\n|-weather|SunnyDay|[upkeep]\n|-damage|p1b: Ursaluna|63\/100 brn|[from] brn\n|upkeep\n|\n|t:|1724984337\n|switch|p2b: Whimsicott|Whimsicott, L50, F|95\/100\n|switch|p2a: Tyranitar|Tyranitar, L50, F|100\/100\n|-weather|Sandstorm|[from] ability: Sand Stream|[of] p2a: Tyranitar\n|turn|6\n|\n|t:|1724984356\n|move|p1a: Torkoal|Eruption|p2a: Tyranitar|[spread] p2a,p2b\n|-resisted|p2a: Tyranitar\n|-supereffective|p2b: Whimsicott\n|-damage|p2a: Tyranitar|88\/100\n|-damage|p2b: Whimsicott|0 fnt\n|faint|p2b: Whimsicott\n|move|p1b: Ursaluna|Headlong Rush|p2a: Tyranitar\n|-supereffective|p2a: Tyranitar\n|-damage|p2a: Tyranitar|0 fnt\n|-unboost|p1b: Ursaluna|def|1\n|-unboost|p1b: Ursaluna|spd|1\n|faint|p2a: Tyranitar\n|\n|win|MomeriA12\n|raw|MomeriA12's rating: 1664 &rarr; <strong>1690<\/strong><br \/>(+26 for winning)\n|raw|violet mm's rating: 1770 &rarr; <strong>1744<\/strong><br \/>(-26 for losing)\n|l|\u2606violet mm\n|player|p2|\n|l| Dom testes\n|l| ventusinvictus\n|l| Solringturn1\n|l|\u2606MomeriA12\n|player|p1|\n|l| zacattack110\n","uploadtime":1724984603,"views":28,"formatid":"gen9vgc2024regh","rating":1690,"private":0,"password":null}