{"id":"gen9vgc2024regh-2190548085","format":"[Gen 9] VGC 2024 Reg H","players":["Waffles4breakfast","Xatseye"],"log":"|j|\u2606Waffles4breakfast\n|j|\u2606Xatseye\n|t:|1724962214\n|gametype|doubles\n|player|p1|Waffles4breakfast|juggler|1644\n|player|p2|Xatseye|265|1687\n|teamsize|p1|6\n|teamsize|p2|6\n|gen|9\n|tier|[Gen 9] VGC 2024 Reg H\n|rated|\n|rule|Species Clause: Limit one of each Pok\u00e9mon\n|rule|Item Clause: Limit 1 of each item\n|clearpoke\n|poke|p1|Archaludon, L50, F|\n|poke|p1|Pelipper, L50, M|\n|poke|p1|Basculegion, L50, M|\n|poke|p1|Amoonguss, L50, M|\n|poke|p1|Gholdengo, L50|\n|poke|p1|Murkrow, L50, M|\n|poke|p2|Archaludon, L50, F|\n|poke|p2|Pelipper, L50, F|\n|poke|p2|Gholdengo, L50|\n|poke|p2|Hydreigon, L50, F|\n|poke|p2|Basculegion, L50, M|\n|poke|p2|Amoonguss, L50, M|\n|teampreview|4\n|inactive|Battle timer is ON: inactive players will automatically lose when time's up. (requested by Xatseye)\n|c|\u2606Xatseye|nice team\n|\n|t:|1724962240\n|start\n|switch|p1a: Gholdengo|Gholdengo, L50|100\/100\n|switch|p1b: Basculegion|Basculegion, L50, M|100\/100\n|switch|p2a: Archaludon|Archaludon, L50, F|100\/100\n|switch|p2b: Hydreigon|Hydreigon, L50, F|100\/100\n|turn|1\n|j| Hydrion\n|j| mr pogostick\n|\n|t:|1724962260\n|-terastallize|p1a: Gholdengo|Steel\n|move|p1a: Gholdengo|Shadow Ball|p2a: Archaludon\n|-damage|p2a: Archaludon|49\/100\n|-ability|p2a: Archaludon|Stamina|boost\n|-boost|p2a: Archaludon|def|1\n|move|p2b: Hydreigon|Dark Pulse|p1a: Gholdengo\n|-damage|p1a: Gholdengo|48\/100\n|move|p1b: Basculegion|Wave Crash|p2b: Hydreigon\n|-resisted|p2b: Hydreigon\n|-damage|p2b: Hydreigon|56\/100\n|-damage|p1b: Basculegion|87\/100|[from] Recoil\n|move|p2a: Archaludon|Draco Meteor|p1b: Basculegion\n|-damage|p1b: Basculegion|10\/100\n|-unboost|p2a: Archaludon|spa|2\n|\n|upkeep\n|turn|2\n|inactive|Xatseye has 30 seconds left.\n|c|\u2606Waffles4breakfast|Haha you too\n|\n|t:|1724962295\n|switch|p1b: Murkrow|Murkrow, L50, M|100\/100\n|move|p1a: Gholdengo|Shadow Ball|p2a: Archaludon\n|-damage|p2a: Archaludon|0 fnt\n|faint|p2a: Archaludon\n|move|p2b: Hydreigon|Tailwind|p2b: Hydreigon\n|-sidestart|p2: Xatseye|move: Tailwind\n|\n|upkeep\n|\n|t:|1724962304\n|switch|p2a: Basculegion|Basculegion, L50, M|100\/100\n|turn|3\n|\n|t:|1724962314\n|switch|p1a: Basculegion|Basculegion, L50, M|10\/100\n|move|p1b: Murkrow|Tailwind|p1b: Murkrow\n|-sidestart|p1: Waffles4breakfast|move: Tailwind\n|move|p2b: Hydreigon|Draco Meteor|p1b: Murkrow\n|-damage|p1b: Murkrow|39\/100\n|-unboost|p2b: Hydreigon|spa|2\n|move|p2a: Basculegion|Last Respects|p1a: Basculegion\n|-supereffective|p1a: Basculegion\n|-damage|p1a: Basculegion|0 fnt\n|faint|p1a: Basculegion\n|-damage|p2a: Basculegion|91\/100|[from] item: Life Orb\n|\n|upkeep\n|\n|t:|1724962319\n|switch|p1a: Gholdengo|Gholdengo, L50, tera:Steel|48\/100\n|turn|4\n|\n|t:|1724962333\n|switch|p2b: Pelipper|Pelipper, L50, F|100\/100\n|-weather|RainDance|[from] ability: Drizzle|[of] p2b: Pelipper\n|move|p1b: Murkrow|Quash|p2a: Basculegion\n|-activate|p2a: Basculegion|move: Quash\n|move|p1a: Gholdengo|Shadow Ball|p2a: Basculegion\n|-supereffective|p2a: Basculegion\n|-damage|p2a: Basculegion|0 fnt\n|faint|p2a: Basculegion\n|\n|-weather|RainDance|[upkeep]\n|upkeep\n|\n|t:|1724962343\n|switch|p2a: Hydreigon|Hydreigon, L50, F|56\/100\n|turn|5\n|\n|t:|1724962352\n|move|p1a: Gholdengo|Shadow Ball|p2b: Pelipper\n|-enditem|p2b: Pelipper|Focus Sash\n|-damage|p2b: Pelipper|1\/100\n|move|p2a: Hydreigon|Dark Pulse|p1a: Gholdengo\n|-damage|p1a: Gholdengo|0 fnt\n|faint|p1a: Gholdengo\n|move|p2b: Pelipper|Muddy Water|p1b: Murkrow\n|-damage|p1b: Murkrow|0 fnt\n|faint|p1b: Murkrow\n|\n|-weather|RainDance|[upkeep]\n|-sideend|p2: Xatseye|move: Tailwind\n|upkeep\n|\n|t:|1724962355\n|switch|p1b: Archaludon|Archaludon, L50, F|100\/100\n|turn|6\n|inactive|Xatseye has 30 seconds left.\n|\n|t:|1724962387\n|-terastallize|p2a: Hydreigon|Poison\n|move|p2b: Pelipper|Protect|p2b: Pelipper\n|-singleturn|p2b: Pelipper|Protect\n|move|p1b: Archaludon|Dragon Pulse|p2a: Hydreigon\n|-damage|p2a: Hydreigon|6\/100\n|move|p2a: Hydreigon|Tailwind|p2a: Hydreigon\n|-sidestart|p2: Xatseye|move: Tailwind\n|\n|-weather|RainDance|[upkeep]\n|-sideend|p1: Waffles4breakfast|move: Tailwind\n|upkeep\n|turn|7\n|\n|t:|1724962399\n|move|p2a: Hydreigon|Draco Meteor|p1b: Archaludon\n|-damage|p1b: Archaludon|44\/100\n|-unboost|p2a: Hydreigon|spa|2\n|-ability|p1b: Archaludon|Stamina|boost\n|-boost|p1b: Archaludon|def|1\n|move|p2b: Pelipper|Muddy Water|p1b: Archaludon|[miss]\n|-miss|p2b: Pelipper|p1b: Archaludon\n|move|p1b: Archaludon|Flash Cannon|p2a: Hydreigon\n|-damage|p2a: Hydreigon|0 fnt\n|faint|p2a: Hydreigon\n|\n|-weather|RainDance|[upkeep]\n|upkeep\n|turn|8\n|\n|t:|1724962410\n|move|p2b: Pelipper|Muddy Water|p1b: Archaludon\n|-resisted|p1b: Archaludon\n|-damage|p1b: Archaludon|16\/100\n|-ability|p1b: Archaludon|Stamina|boost\n|-boost|p1b: Archaludon|def|1\n|move|p1b: Archaludon|Flash Cannon|p2b: Pelipper\n|-resisted|p2b: Pelipper\n|-damage|p2b: Pelipper|0 fnt\n|faint|p2b: Pelipper\n|\n|win|Waffles4breakfast\n|raw|Waffles4breakfast's rating: 1644 &rarr; <strong>1666<\/strong><br \/>(+22 for winning)\n|raw|Xatseye's rating: 1687 &rarr; <strong>1665<\/strong><br \/>(-22 for losing)\n|l|\u2606Xatseye\n|player|p2|\n|c|\u2606Waffles4breakfast|Gg\n|l| mr pogostick\n","uploadtime":1724962563,"views":26,"formatid":"gen9vgc2024regh","rating":1665,"private":0,"password":null}