{"id":"gen9vgc2024regh-2190056674","format":"[Gen 9] VGC 2024 Reg H","players":["LechonkBro","philosovgc-x"],"log":"|j|\u2606LechonkBro\n|j|\u2606philosovgc-x\n|t:|1724902128\n|gametype|doubles\n|player|p1|LechonkBro|biker|1712\n|player|p2|philosovgc-x|medium|1790\n|teamsize|p1|6\n|teamsize|p2|6\n|gen|9\n|tier|[Gen 9] VGC 2024 Reg H\n|rated|\n|rule|Species Clause: Limit one of each Pok\u00e9mon\n|rule|Item Clause: Limit 1 of each item\n|clearpoke\n|poke|p1|Archaludon, L50, M|\n|poke|p1|Pelipper, L50, M|\n|poke|p1|Gholdengo, L50|\n|poke|p1|Hydreigon, L50, F|\n|poke|p1|Basculegion, L50, M|\n|poke|p1|Amoonguss, L50, M|\n|poke|p2|Lycanroc, L50, F|\n|poke|p2|Tyranitar, L50, F|\n|poke|p2|Indeedee-F, L50, F|\n|poke|p2|Murkrow, L50, F|\n|poke|p2|Garchomp, L50, F|\n|poke|p2|Gholdengo, L50|\n|teampreview|4\n|inactive|Battle timer is ON: inactive players will automatically lose when time's up. (requested by LechonkBro)\nphilosovgc-x has agreed to open team sheets.\n|inactive|LechonkBro has 60 seconds left.\n|\n|t:|1724902159\n|start\n|switch|p1a: Hydreigon|Hydreigon, L50, F|100\/100\n|switch|p1b: Amoonguss|Amoonguss, L50, M|100\/100\n|switch|p2a: Lycanroc|Lycanroc, L50, F, shiny|100\/100\n|switch|p2b: Tyranitar|Tyranitar, L50, F|100\/100\n|-weather|Sandstorm|[from] ability: Sand Stream|[of] p2b: Tyranitar\n|turn|1\n|\n|t:|1724902177\n|switch|p1a: Archaludon|Archaludon, L50, M|100\/100\n|-terastallize|p2a: Lycanroc|Fighting\n|move|p2a: Lycanroc|Close Combat|p1a: Archaludon\n|-supereffective|p1a: Archaludon\n|-damage|p1a: Archaludon|7\/100\n|-unboost|p2a: Lycanroc|def|1\n|-unboost|p2a: Lycanroc|spd|1\n|-ability|p1a: Archaludon|Stamina|boost\n|-boost|p1a: Archaludon|def|1\n|move|p2b: Tyranitar|Knock Off|p1b: Amoonguss\n|-damage|p1b: Amoonguss|46\/100\n|-damage|p2b: Tyranitar|84\/100|[from] item: Rocky Helmet|[of] p1b: Amoonguss\n|-enditem|p1b: Amoonguss|Rocky Helmet|[from] move: Knock Off|[of] p2b: Tyranitar\n|move|p1b: Amoonguss|Spore|p2a: Lycanroc\n|-status|p2a: Lycanroc|slp|[from] move: Spore\n|\n|-weather|Sandstorm|[upkeep]\n|-damage|p1b: Amoonguss|40\/100|[from] Sandstorm\n|upkeep\n|turn|2\n|inactive|LechonkBro has 30 seconds left.\n|\n|t:|1724902204\n|switch|p1b: Pelipper|Pelipper, L50, M|100\/100\n|-weather|RainDance|[from] ability: Drizzle|[of] p1b: Pelipper\n|cant|p2a: Lycanroc|slp\n|move|p1a: Archaludon|Body Press|p2b: Tyranitar\n|-supereffective|p2b: Tyranitar\n|-damage|p2b: Tyranitar|0 fnt\n|faint|p2b: Tyranitar\n|\n|-weather|RainDance|[upkeep]\n|upkeep\n|\n|t:|1724902208\n|switch|p2b: Gholdengo|Gholdengo, L50|100\/100\n|turn|3\n|\n|t:|1724902222\n|cant|p2a: Lycanroc|slp\n|move|p1a: Archaludon|Electro Shot||[still]\n|-prepare|p1a: Archaludon|Electro Shot\n|-boost|p1a: Archaludon|spa|1\n|-anim|p1a: Archaludon|Electro Shot|p2b: Gholdengo\n|-damage|p2b: Gholdengo|38\/100\n|move|p2b: Gholdengo|Make It Rain|p1b: Pelipper|[spread] p1a,p1b\n|-resisted|p1a: Archaludon\n|-resisted|p1b: Pelipper\n|-damage|p1a: Archaludon|0 fnt\n|-damage|p1b: Pelipper|43\/100\n|-unboost|p2b: Gholdengo|spa|1\n|faint|p1a: Archaludon\n|-damage|p2b: Gholdengo|28\/100|[from] item: Life Orb\n|move|p1b: Pelipper|Tailwind|p1b: Pelipper\n|-sidestart|p1: LechonkBro|move: Tailwind\n|\n|-weather|RainDance|[upkeep]\n|upkeep\n|inactive|LechonkBro has 30 seconds left.\n|\n|t:|1724902248\n|switch|p1a: Amoonguss|Amoonguss, L50, M|73\/100\n|turn|4\n|j| mr pogostick\n|\n|t:|1724902259\n|switch|p2b: Murkrow|Murkrow, L50, F|100\/100\n|move|p1a: Amoonguss|Rage Powder|p1a: Amoonguss\n|-singleturn|p1a: Amoonguss|move: Rage Powder\n|move|p1b: Pelipper|Muddy Water|p2a: Lycanroc|[spread] p2a,p2b\n|-enditem|p2a: Lycanroc|Focus Sash\n|-damage|p2a: Lycanroc|1\/100 slp\n|-damage|p2b: Murkrow|55\/100\n|cant|p2a: Lycanroc|slp\n|\n|-weather|RainDance|[upkeep]\n|upkeep\n|turn|5\n|\n|t:|1724902274\n|-curestatus|p2a: Lycanroc|slp|[msg]\n|move|p2a: Lycanroc|Protect|p2a: Lycanroc\n|-singleturn|p2a: Lycanroc|Protect\n|move|p1a: Amoonguss|Rage Powder|p1a: Amoonguss\n|-singleturn|p1a: Amoonguss|move: Rage Powder\n|move|p2b: Murkrow|Tailwind|p2b: Murkrow\n|-sidestart|p2: philosovgc-x|move: Tailwind\n|move|p1b: Pelipper|Muddy Water|p2b: Murkrow|[spread] p2b\n|-activate|p2a: Lycanroc|move: Protect\n|-damage|p2b: Murkrow|6\/100\n|-unboost|p2b: Murkrow|accuracy|1\n|\n|-weather|RainDance|[upkeep]\n|upkeep\n|turn|6\n|\n|t:|1724902291\n|switch|p2b: Gholdengo|Gholdengo, L50|28\/100\n|move|p1a: Amoonguss|Rage Powder|p1a: Amoonguss\n|-singleturn|p1a: Amoonguss|move: Rage Powder\n|move|p2a: Lycanroc|Rock Slide|p1b: Pelipper|[spread] p1a,p1b\n|-supereffective|p1b: Pelipper\n|-damage|p1a: Amoonguss|47\/100\n|-damage|p1b: Pelipper|0 fnt\n|faint|p1b: Pelipper\n|\n|-weather|none\n|-sideend|p1: LechonkBro|move: Tailwind\n|upkeep\n|\n|t:|1724902308\n|switch|p1b: Hydreigon|Hydreigon, L50, F|100\/100\n|turn|7\n|inactive|LechonkBro has 30 seconds left.\n|\n|t:|1724902335\n|-terastallize|p1b: Hydreigon|Poison\n|move|p2a: Lycanroc|Rock Slide|p1b: Hydreigon|[spread] p1a,p1b\n|-crit|p1b: Hydreigon\n|-damage|p1a: Amoonguss|20\/100\n|-damage|p1b: Hydreigon|49\/100\n|move|p2b: Gholdengo|Make It Rain|p1b: Hydreigon|[spread] p1a,p1b\n|-damage|p1a: Amoonguss|0 fnt\n|-damage|p1b: Hydreigon|0 fnt\n|-unboost|p2b: Gholdengo|spa|1\n|faint|p1a: Amoonguss\n|faint|p1b: Hydreigon\n|-damage|p2b: Gholdengo|19\/100|[from] item: Life Orb\n|\n|win|philosovgc-x\n|raw|LechonkBro's rating: 1712 &rarr; <strong>1696<\/strong><br \/>(-16 for losing)\n|raw|philosovgc-x's rating: 1790 &rarr; <strong>1806<\/strong><br \/>(+16 for winning)\n|l|\u2606LechonkBro\n|player|p1|\n|l| mr pogostick\n|l|\u2606philosovgc-x\n|player|p2|\n","uploadtime":1724902512,"views":128,"formatid":"gen9vgc2024regh","rating":1696,"private":0,"password":null}