{"id":"gen9vgc2024regh-2190299169","format":"[Gen 9] VGC 2024 Reg H","players":["actuary97","infinitygroudon"],"log":"|j|\u2606actuary97\n|j|\u2606infinitygroudon\n|t:|1724939452\n|gametype|doubles\n|player|p1|actuary97|sabrina-frlg|1709\n|player|p2|infinitygroudon|265|1686\n|teamsize|p1|6\n|teamsize|p2|6\n|gen|9\n|tier|[Gen 9] VGC 2024 Reg H\n|rated|\n|rule|Species Clause: Limit one of each Pok\u00e9mon\n|rule|Item Clause: Limit 1 of each item\n|clearpoke\n|poke|p1|Ursaluna-Bloodmoon, L50, M|\n|poke|p1|Whimsicott, L50, M|\n|poke|p1|Gallade, L50, M|\n|poke|p1|Malamar, L50, M|\n|poke|p1|Indeedee, L50, M|\n|poke|p1|Archaludon, L50, M|\n|poke|p2|Gastrodon-East, L50, M|\n|poke|p2|Zoroark-Hisui, L50, M|\n|poke|p2|Talonflame, L50, F|\n|poke|p2|Rillaboom, L50, F|\n|poke|p2|Corviknight, L50, M|\n|poke|p2|Hydreigon, L50, F|\n|teampreview|4\nactuary97 has agreed to open team sheets.\ninfinitygroudon has agreed to open team sheets.\n|c|\u2606actuary97|glhf I always love seeing ur team\n|c|\u2606actuary97|zoroark is sick\n|c|\u2606infinitygroudon|thanks! yours looks awesome too\n|c|\u2606infinitygroudon|gl hf\n|j| Giftedyew\n|\n|t:|1724939515\n|start\n|switch|p1a: Whimsicott|Whimsicott, L50, M, shiny|100\/100\n|switch|p1b: Archaludon|Archaludon, L50, M, shiny|100\/100\n|switch|p2a: Hydreigon|Hydreigon, L50, F|100\/100\n|switch|p2b: Talonflame|Talonflame, L50, F|100\/100\n|turn|1\n|c|\u2606actuary97|!dt dual wingbeat\n|raw|<ul class=\"utilichart\"><li class=\"result\"><span class=\"col movenamecol\"><a href=\"https:\/\/dex.pokemonshowdown.com\/moves\/dualwingbeat\">Dual Wingbeat<\/a><\/span> <span class=\"col typecol\"><img src=\"\/\/play.pokemonshowdown.com\/sprites\/types\/Flying.png\" alt=\"Flying\" width=\"32\" height=\"14\"><img src=\"\/\/play.pokemonshowdown.com\/sprites\/categories\/Physical.png\" alt=\"Physical\" width=\"32\" height=\"14\"><\/span> <span class=\"col labelcol\"><em>Power<\/em><br>40<\/span> <span class=\"col widelabelcol\"><em>Accuracy<\/em><br>90%<\/span> <span class=\"col pplabelcol\"><em>PP<\/em><br>16<\/span> <span class=\"col movedesccol\">Hits 2 times in one turn.<\/span> <\/li><li style=\"clear:both\"><\/li><\/ul>\n|raw|<font size=\"1\"><font color=\"#686868\">Priority:<\/font> 0&nbsp;|&ThickSpace;<font color=\"#686868\">Gen:<\/font> 8&nbsp;|&ThickSpace;&#10003; Contact&nbsp;|&ThickSpace;<font color=\"#686868\">Z-Power:<\/font> 100&nbsp;|&ThickSpace;<font color=\"#686868\">Dynamax Power:<\/font> 130&nbsp;|&ThickSpace;<font color=\"#686868\">Target:<\/font> One Adjacent Pok\u00e9mon<\/font>\n\n|\n|t:|1724939552\n|move|p2b: Talonflame|Tailwind|p2b: Talonflame\n|-sidestart|p2: infinitygroudon|move: Tailwind\n|move|p1a: Whimsicott|Tailwind|p1a: Whimsicott\n|-sidestart|p1: actuary97|move: Tailwind\n|move|p2a: Hydreigon|Shadow Ball|p1a: Whimsicott\n|-damage|p1a: Whimsicott|3\/100\n|move|p1b: Archaludon|Snarl|p2a: Hydreigon|[spread] p2a,p2b\n|-supereffective|p2a: Hydreigon\n|-damage|p2a: Hydreigon|51\/100\n|-damage|p2b: Talonflame|82\/100\n|-unboost|p2a: Hydreigon|spa|1\n|replace|p2a: Zoroark|Zoroark-Hisui, L50, M\n|-end|p2a: Zoroark|Illusion\n|\n|upkeep\n|turn|2\n|\n|t:|1724939569\n|switch|p2a: Hydreigon|Hydreigon, L50, F|100\/100\n|move|p1a: Whimsicott|Encore|p2b: Talonflame\n|-start|p2b: Talonflame|Encore\n|move|p2b: Talonflame|Tailwind||[still]\n|-fail|p2b: Talonflame\n|move|p1b: Archaludon|Snarl|p2a: Hydreigon|[spread] p2a,p2b\n|-resisted|p2a: Hydreigon\n|-crit|p2a: Hydreigon\n|-crit|p2b: Talonflame\n|-damage|p2a: Hydreigon|90\/100\n|-damage|p2b: Talonflame|52\/100\n|-unboost|p2a: Hydreigon|spa|1\n|\n|upkeep\n|turn|3\n|\n|t:|1724939580\n|switch|p2b: Lion's Roar|Rillaboom, L50, F|100\/100\n|-fieldstart|move: Grassy Terrain|[from] ability: Grassy Surge|[of] p2b: Lion's Roar\n|move|p2a: Hydreigon|Protect|p2a: Hydreigon\n|-singleturn|p2a: Hydreigon|Protect\n|move|p1a: Whimsicott|Beat Up|p1b: Archaludon\n|-damage|p1b: Archaludon|99\/100\n|-ability|p1b: Archaludon|Stamina|boost\n|-boost|p1b: Archaludon|def|1\n|-damage|p1b: Archaludon|97\/100\n|-ability|p1b: Archaludon|Stamina|boost\n|-boost|p1b: Archaludon|def|1\n|-damage|p1b: Archaludon|96\/100\n|-ability|p1b: Archaludon|Stamina|boost\n|-boost|p1b: Archaludon|def|1\n|-damage|p1b: Archaludon|95\/100\n|-ability|p1b: Archaludon|Stamina|boost\n|-boost|p1b: Archaludon|def|1\n|-hitcount|p1b: Archaludon|4\n|move|p1b: Archaludon|Body Press|p2a: Hydreigon\n|-activate|p2a: Hydreigon|move: Protect\n|\n|-heal|p1a: Whimsicott|9\/100|[from] Grassy Terrain\n|-heal|p1b: Archaludon|100\/100|[from] Grassy Terrain\n|upkeep\n|turn|4\n|j| AverageGh0st\n|\n|t:|1724939613\n|switch|p1a: Tapu-Deedee|Indeedee, L50, M, shiny|100\/100\n|-fieldstart|move: Psychic Terrain|[from] ability: Psychic Surge|[of] p1a: Tapu-Deedee\n|switch|p2a: Hydreigon|Hydreigon, L50, F|51\/100\n|move|p1b: Archaludon|Body Press|p2b: Lion's Roar\n|-damage|p2b: Lion's Roar|48\/100\n|move|p2b: Lion's Roar|Grassy Glide|p1a: Tapu-Deedee\n|-damage|p1a: Tapu-Deedee|45\/100\n|\n|-sideend|p2: infinitygroudon|move: Tailwind\n|-sideend|p1: actuary97|move: Tailwind\n|upkeep\n|turn|5\n|c|\u2606actuary97|sorry I get so confused with the turns\n|c|\u2606actuary97|this is the zoraork\n|c|\u2606actuary97|ok yeah \ud83d\ude02\n|\n|t:|1724939683\n|switch|p2b: Hydreigon|Hydreigon, L50, F|90\/100\n|move|p2a: Hydreigon|Hyper Voice|p1b: Archaludon|[spread] p1a,p1b\n|-resisted|p1b: Archaludon\n|-damage|p1a: Tapu-Deedee|0 fnt\n|-damage|p1b: Archaludon|83\/100\n|-ability|p1b: Archaludon|Stamina|boost\n|-boost|p1b: Archaludon|def|1\n|faint|p1a: Tapu-Deedee\n|move|p1b: Archaludon|Snarl|p2a: Hydreigon|[spread] p2a,p2b\n|-supereffective|p2a: Hydreigon\n|-crit|p2a: Hydreigon\n|-resisted|p2b: Hydreigon\n|-damage|p2a: Hydreigon|0 fnt\n|-damage|p2b: Hydreigon|83\/100\n|-unboost|p2b: Hydreigon|spa|1\n|replace|p2a: Zoroark|Zoroark-Hisui, L50, M\n|-end|p2a: Zoroark|Illusion\n|faint|p2a: Zoroark\n|\n|upkeep\n|\n|t:|1724939695\n|switch|p2a: Lion's Roar|Rillaboom, L50, F|48\/100\n|switch|p1a: Whimsicott|Whimsicott, L50, M, shiny|9\/100\n|-fieldstart|move: Grassy Terrain|[from] ability: Grassy Surge|[of] p2a: Lion's Roar\n|turn|6\n|\n|t:|1724939706\n|switch|p2b: Talonflame|Talonflame, L50, F|52\/100\n|-terastallize|p1a: Whimsicott|Ghost\n|move|p1a: Whimsicott|Tailwind|p1a: Whimsicott\n|-sidestart|p1: actuary97|move: Tailwind\n|move|p2a: Lion's Roar|Grassy Glide|p1a: Whimsicott\n|-damage|p1a: Whimsicott|0 fnt\n|faint|p1a: Whimsicott\n|move|p1b: Archaludon|Body Press|p2b: Talonflame\n|-resisted|p2b: Talonflame\n|-damage|p2b: Talonflame|0 fnt\n|faint|p2b: Talonflame\n|\n|-heal|p1b: Archaludon|89\/100|[from] Grassy Terrain\n|-heal|p2a: Lion's Roar|54\/100|[from] Grassy Terrain\n|upkeep\n|\n|t:|1724939714\n|switch|p2b: Hydreigon|Hydreigon, L50, F|83\/100\n|switch|p1a: King|Gallade, L50, M, shiny|100\/100\n|turn|7\n|\n|t:|1724939721\n|move|p1a: King|Protect|p1a: King\n|-singleturn|p1a: King|Protect\n|move|p2b: Hydreigon|Protect|p2b: Hydreigon\n|-singleturn|p2b: Hydreigon|Protect\n|move|p1b: Archaludon|Body Press|p2a: Lion's Roar\n|-damage|p2a: Lion's Roar|0 fnt\n|faint|p2a: Lion's Roar\n|\n|-heal|p1b: Archaludon|95\/100|[from] Grassy Terrain\n|upkeep\n|turn|8\n|c|\u2606infinitygroudon|ggwp!\n|\n|t:|1724939728\n|move|p1a: King|Sacred Sword|p2b: Hydreigon\n|-supereffective|p2b: Hydreigon\n|-damage|p2b: Hydreigon|0 fnt\n|faint|p2b: Hydreigon\n|\n|win|actuary97\n|raw|actuary97's rating: 1709 &rarr; <strong>1728<\/strong><br \/>(+19 for winning)\n|raw|infinitygroudon's rating: 1686 &rarr; <strong>1667<\/strong><br \/>(-19 for losing)\n|c|\u2606actuary97|ggwp\n|c|\u2606actuary97|gl\n|c|\u2606infinitygroudon|thanks!\n|l|\u2606infinitygroudon\n|player|p2|\n","uploadtime":1724939745,"views":98,"formatid":"gen9vgc2024regh","rating":1667,"private":0,"password":null}