{"id":"gen9vgc2024regh-2190894684","format":"[Gen 9] VGC 2024 Reg H","players":["azumabi","superpowerpoke"],"log":"|j|\u2606azumabi\n|j|\u2606superpowerpoke\n|t:|1725008024\n|gametype|doubles\n|player|p1|azumabi|265|1690\n|player|p2|superpowerpoke|266|1704\n|teamsize|p1|6\n|teamsize|p2|6\n|gen|9\n|tier|[Gen 9] VGC 2024 Reg H\n|rated|\n|rule|Species Clause: Limit one of each Pok\u00e9mon\n|rule|Item Clause: Limit 1 of each item\n|clearpoke\n|poke|p1|Indeedee, L50, M|\n|poke|p1|Sneasler, L50, M|\n|poke|p1|Whimsicott, L50, F|\n|poke|p1|Typhlosion-Hisui, L50, M|\n|poke|p1|Dragapult, L50, M|\n|poke|p1|Wyrdeer, L50, F|\n|poke|p2|Ursaluna-Bloodmoon, L50, M|\n|poke|p2|Ninetales-Alola, L50, F|\n|poke|p2|Incineroar, L50, M|\n|poke|p2|Basculegion-F, L50, F|\n|poke|p2|Sneasler, L50, F|\n|poke|p2|Rillaboom, L50, F|\n|teampreview|4\n|\n|t:|1725008073\n|start\n|switch|p1a: Whimsicott|Whimsicott, L50, F|100\/100\n|switch|p1b: Typhlosion|Typhlosion-Hisui, L50, M|100\/100\n|switch|p2a: Basculegion|Basculegion-F, L50, F|100\/100\n|switch|p2b: Incineroar|Incineroar, L50, M|100\/100\n|-item|p2a: Basculegion|Choice Scarf|[from] ability: Frisk|[of] p1b: Typhlosion\n|-item|p2b: Incineroar|Safety Goggles|[from] ability: Frisk|[of] p1b: Typhlosion\n|-ability|p2b: Incineroar|Intimidate|boost\n|-unboost|p1a: Whimsicott|atk|1\n|-unboost|p1b: Typhlosion|atk|1\n|turn|1\n|\n|t:|1725008095\n|move|p1a: Whimsicott|Tailwind|p1a: Whimsicott\n|-sidestart|p1: azumabi|move: Tailwind\n|move|p1b: Typhlosion|Shadow Ball|p2a: Basculegion\n|-supereffective|p2a: Basculegion\n|-damage|p2a: Basculegion|4\/100\n|move|p2a: Basculegion|Shadow Ball|p1b: Typhlosion\n|-supereffective|p1b: Typhlosion\n|-damage|p1b: Typhlosion|0 fnt\n|faint|p1b: Typhlosion\n|move|p2b: Incineroar|Flare Blitz|p1a: Whimsicott\n|-supereffective|p1a: Whimsicott\n|-damage|p1a: Whimsicott|0 fnt\n|faint|p1a: Whimsicott\n|-damage|p2b: Incineroar|73\/100|[from] Recoil\n|\n|upkeep\n|\n|t:|1725008103\n|switch|p1b: Sneasler|Sneasler, L50, M|100\/100\n|switch|p1a: Indeedee|Indeedee, L50, M|100\/100\n|-fieldstart|move: Psychic Terrain|[from] ability: Psychic Surge|[of] p1a: Indeedee\n|-enditem|p1b: Sneasler|Psychic Seed\n|-boost|p1b: Sneasler|spd|1|[from] item: Psychic Seed\n|turn|2\n|inactive|Battle timer is ON: inactive players will automatically lose when time's up. (requested by azumabi)\n|\n|t:|1725008143\n|switch|p2b: Ninetales|Ninetales-Alola, L50, F|100\/100\n|-weather|Snow|[from] ability: Snow Warning|[of] p2b: Ninetales\n|move|p1b: Sneasler|Close Combat|p2b: Ninetales\n|-damage|p2b: Ninetales|34\/100\n|-unboost|p1b: Sneasler|def|1\n|-unboost|p1b: Sneasler|spd|1\n|move|p1a: Indeedee|Trick|p2b: Ninetales\n|-activate|p1a: Indeedee|move: Trick|[of] p2b: Ninetales\n|-item|p2b: Ninetales|Choice Scarf|[from] move: Trick\n|-item|p1a: Indeedee|Light Clay|[from] move: Trick\n|move|p2a: Basculegion|Shadow Ball|p1b: Sneasler\n|-damage|p1b: Sneasler|44\/100\n|\n|-weather|Snow|[upkeep]\n|upkeep\n|turn|3\n|inactive|superpowerpoke has 30 seconds left.\n|inactive|superpowerpoke has 20 seconds left.\n|j| xoxomorongo\n|inactive|superpowerpoke has 15 seconds left.\n|inactive|superpowerpoke has 10 seconds left.\n|\n|t:|1725008191\n|move|p2b: Ninetales|Protect|p2b: Ninetales\n|-singleturn|p2b: Ninetales|Protect\n|move|p1b: Sneasler|Dire Claw|p2a: Basculegion\n|-resisted|p2a: Basculegion\n|-damage|p2a: Basculegion|0 fnt\n|faint|p2a: Basculegion\n|move|p1a: Indeedee|Expanding Force|p2b: Ninetales\n|-activate|p2b: Ninetales|move: Protect\n|\n|-weather|Snow|[upkeep]\n|upkeep\n|\n|t:|1725008194\n|switch|p2a: Sneasler|Sneasler, L50, F|100\/100\n|turn|4\n|\n|t:|1725008208\n|move|p2b: Ninetales|Protect|p2b: Ninetales\n|-singleturn|p2b: Ninetales|Protect\n|move|p2a: Sneasler|Protect|p2a: Sneasler\n|-singleturn|p2a: Sneasler|Protect\n|move|p1b: Sneasler|Close Combat|p2a: Sneasler\n|-activate|p2a: Sneasler|move: Protect\n|move|p1a: Indeedee|Expanding Force|p2a: Sneasler|[spread] \n|-activate|p2a: Sneasler|move: Protect\n|-activate|p2b: Ninetales|move: Protect\n|\n|-weather|Snow|[upkeep]\n|-sideend|p1: azumabi|move: Tailwind\n|upkeep\n|turn|5\n|inactive|azumabi has 30 seconds left.\n|inactive|superpowerpoke has 30 seconds left.\n|\n|t:|1725008244\n|switch|p2b: Incineroar|Incineroar, L50, M|73\/100\n|-ability|p2b: Incineroar|Intimidate|boost\n|-unboost|p1a: Indeedee|atk|1\n|-unboost|p1b: Sneasler|atk|1\n|-terastallize|p2a: Sneasler|Fighting\n|move|p1b: Sneasler|Protect|p1b: Sneasler\n|-singleturn|p1b: Sneasler|Protect\n|move|p2a: Sneasler|Close Combat|p1a: Indeedee\n|-damage|p1a: Indeedee|0 fnt\n|-unboost|p2a: Sneasler|def|1\n|-unboost|p2a: Sneasler|spd|1\n|faint|p1a: Indeedee\n|\n|-weather|Snow|[upkeep]\n|upkeep\n|turn|6\n|-message|azumabi forfeited.\n|\n|win|superpowerpoke\n|raw|azumabi's rating: 1690 &rarr; <strong>1671<\/strong><br \/>(-19 for losing)\n|raw|superpowerpoke's rating: 1704 &rarr; <strong>1723<\/strong><br \/>(+19 for winning)\n|l|\u2606azumabi\n|player|p1|\n|l|\u2606superpowerpoke\n|player|p2|\n","uploadtime":1725008499,"views":52,"formatid":"gen9vgc2024regh","rating":1671,"private":0,"password":null}