{"id":"gen9vgc2024regh-2191652633","format":"[Gen 9] VGC 2024 Reg H","players":["Djjwjwwjj","chin8"],"log":"|j|\u2606Djjwjwwjj\n|j|\u2606chin8\n|t:|1725105629\n|gametype|doubles\n|player|p1|Djjwjwwjj|1|1638\n|player|p2|chin8|gentleman-gen4dp|1807\n|teamsize|p1|6\n|teamsize|p2|6\n|gen|9\n|tier|[Gen 9] VGC 2024 Reg H\n|rated|\n|rule|Species Clause: Limit one of each Pok\u00e9mon\n|rule|Item Clause: Limit 1 of each item\n|clearpoke\n|poke|p1|Incineroar, L50, F|\n|poke|p1|Palafin, L50, M|\n|poke|p1|Rillaboom, L50, F|\n|poke|p1|Gholdengo, L50|\n|poke|p1|Pelipper, L50, F|\n|poke|p1|Maushold, L50|\n|poke|p2|Baxcalibur, L50, F|\n|poke|p2|Kilowattrel, L50, F|\n|poke|p2|Haxorus, L50, M|\n|poke|p2|Gardevoir, L50, F|\n|poke|p2|Magmortar, L50, F|\n|poke|p2|Gholdengo, L50|\n|teampreview|4\n|inactive|Battle timer is ON: inactive players will automatically lose when time's up. (requested by Djjwjwwjj)\n|\n|t:|1725105653\n|start\n|switch|p1a: Rillaboom|Rillaboom, L50, F, shiny|100\/100\n|switch|p1b: Gholdengo|Gholdengo, L50|100\/100\n|switch|p2a: Baxcalibur|Baxcalibur, L50, F|100\/100\n|switch|p2b: Kilowattrel|Kilowattrel, L50, F|100\/100\n|-fieldstart|move: Grassy Terrain|[from] ability: Grassy Surge|[of] p1a: Rillaboom\n|turn|1\n|\n|t:|1725105673\n|move|p1a: Rillaboom|Fake Out|p2b: Kilowattrel\n|-damage|p2b: Kilowattrel|73\/100\n|cant|p2b: Kilowattrel|flinch\n|move|p1b: Gholdengo|Nasty Plot|p1b: Gholdengo\n|-boost|p1b: Gholdengo|spa|2\n|move|p2a: Baxcalibur|Icicle Crash|p1a: Rillaboom\n|-supereffective|p1a: Rillaboom\n|-damage|p1a: Rillaboom|13\/100\n|\n|-heal|p1a: Rillaboom|18\/100|[from] Grassy Terrain\n|upkeep\n|turn|2\n|\n|t:|1725105697\n|switch|p1a: Palafin|Palafin, L50, M, shiny|100\/100\n|move|p2b: Kilowattrel|Protect|p2b: Kilowattrel\n|-singleturn|p2b: Kilowattrel|Protect\n|move|p2a: Baxcalibur|Ice Shard|p1a: Palafin\n|-resisted|p1a: Palafin\n|-damage|p1a: Palafin|85\/100\n|move|p1b: Gholdengo|Make It Rain|p2b: Kilowattrel|[spread] p2a\n|-activate|p2b: Kilowattrel|move: Protect\n|-supereffective|p2a: Baxcalibur\n|-damage|p2a: Baxcalibur|14\/100\n|-unboost|p1b: Gholdengo|spa|1\n|\n|-heal|p1a: Palafin|91\/100|[from] Grassy Terrain\n|-heal|p2a: Baxcalibur|21\/100|[from] Grassy Terrain\n|upkeep\n|turn|3\n|j| lori Kitahara\n|inactive|Djjwjwwjj has 30 seconds left.\n|inactive|Djjwjwwjj has 20 seconds left.\n|inactive|Djjwjwwjj has 15 seconds left.\n|\n|t:|1725105741\n|detailschange|p1a: Palafin|Palafin-Hero, L50, M, shiny\n|switch|p1a: Rillaboom|Rillaboom, L50, F, shiny|18\/100\n|move|p2b: Kilowattrel|Tailwind|p2b: Kilowattrel\n|-sidestart|p2: chin8|move: Tailwind\n|move|p2a: Baxcalibur|Glaive Rush|p1a: Rillaboom\n|-damage|p1a: Rillaboom|0 fnt\n|-singlemove|p2a: Baxcalibur|Glaive Rush|[silent]\n|faint|p1a: Rillaboom\n|move|p1b: Gholdengo|Shadow Ball|p2b: Kilowattrel\n|-damage|p2b: Kilowattrel|0 fnt\n|faint|p2b: Kilowattrel\n|\n|-heal|p2a: Baxcalibur|27\/100|[from] Grassy Terrain\n|upkeep\n|\n|t:|1725105758\n|switch|p2b: Gholdengo|Gholdengo, L50|100\/100\n|switch|p1a: Palafin|Palafin-Hero, L50, M, shiny|91\/100\n|-activate|p1a: Palafin|ability: Zero to Hero\n|turn|4\n|\n|t:|1725105768\n|switch|p2a: Haxorus|Haxorus, L50, M|100\/100\n|-ability|p2a: Haxorus|Mold Breaker\n|switch|p1b: Pelipper|Pelipper, L50, F|100\/100\n|-weather|RainDance|[from] ability: Drizzle|[of] p1b: Pelipper\n|-terastallize|p2b: Gholdengo|Water\n|-terastallize|p1a: Palafin|Water\n|move|p1a: Palafin|Jet Punch|p2b: Gholdengo\n|-resisted|p2b: Gholdengo\n|-damage|p2b: Gholdengo|44\/100\n|move|p2b: Gholdengo|Nasty Plot|p2b: Gholdengo\n|-boost|p2b: Gholdengo|spa|2\n|\n|-weather|RainDance|[upkeep]\n|-heal|p2b: Gholdengo|50\/100|[from] Grassy Terrain\n|-heal|p2b: Gholdengo|56\/100|[from] item: Leftovers\n|-heal|p1a: Palafin|97\/100|[from] Grassy Terrain\n|upkeep\n|turn|5\n|inactive|Djjwjwwjj has 30 seconds left.\n|inactive|Djjwjwwjj has 20 seconds left.\n|\n|t:|1725105805\n|move|p2a: Haxorus|Protect|p2a: Haxorus\n|-singleturn|p2a: Haxorus|Protect\n|move|p1a: Palafin|Jet Punch|p2b: Gholdengo\n|-resisted|p2b: Gholdengo\n|-damage|p2b: Gholdengo|0 fnt\n|faint|p2b: Gholdengo\n|move|p1b: Pelipper|Tailwind|p1b: Pelipper\n|-sidestart|p1: Djjwjwwjj|move: Tailwind\n|\n|-weather|RainDance|[upkeep]\n|-heal|p1a: Palafin|100\/100|[from] Grassy Terrain\n|-fieldend|move: Grassy Terrain\n|upkeep\n|-message|chin8 forfeited.\n|\n|win|Djjwjwwjj\n|raw|Djjwjwwjj's rating: 1638 &rarr; <strong>1667<\/strong><br \/>(+29 for winning)\n|raw|chin8's rating: 1807 &rarr; <strong>1778<\/strong><br \/>(-29 for losing)\n|l|\u2606chin8\n|player|p2|\n|l|\u2606Djjwjwwjj\n|player|p1|\n","uploadtime":1725106034,"views":27,"formatid":"gen9vgc2024regh","rating":1667,"private":0,"password":null}