{"id":"gen9vgc2024regh-2191231478","format":"[Gen 9] VGC 2024 Reg H","players":["actuary97","Krisuerte"],"log":"|j|\u2606actuary97\n|j|\u2606Krisuerte\n|t:|1725045269\n|gametype|doubles\n|player|p1|actuary97|sabrina-frlg|1779\n|player|p2|Krisuerte|169|1696\n|teamsize|p1|6\n|teamsize|p2|6\n|gen|9\n|tier|[Gen 9] VGC 2024 Reg H\n|rated|\n|rule|Species Clause: Limit one of each Pok\u00e9mon\n|rule|Item Clause: Limit 1 of each item\n|clearpoke\n|poke|p1|Whimsicott, L50, F|\n|poke|p1|Gallade, L50, M|\n|poke|p1|Hatterene, L50, F|\n|poke|p1|Malamar, L50, F|\n|poke|p1|Indeedee, L50, M|\n|poke|p1|Archaludon, L50, F|\n|poke|p2|Indeedee-F, L50, F|\n|poke|p2|Armarouge, L50, F|\n|poke|p2|Sinistcha-Masterpiece, L50|\n|poke|p2|Archaludon, L50, M|\n|poke|p2|Ursaluna-Bloodmoon, L50, M|\n|poke|p2|Pelipper, L50, F|\n|teampreview|4\nactuary97 has agreed to open team sheets.\n|inactive|Battle timer is ON: inactive players will automatically lose when time's up. (requested by Krisuerte)\n|j| 52dfs52drj\nKrisuerte has agreed to open team sheets.\n|l| 52dfs52drj\n|c|\u2606actuary97|oh scarf armarouge?? that's lit\n|c|\u2606actuary97|I'm glad I checked the sheet \ud83d\ude02\n|inactive|actuary97 has 30 seconds left.\n|inactive|actuary97 has 20 seconds left.\n|inactive|Krisuerte has 30 seconds left.\n|j| giftedyew\n|inactive|Krisuerte has 20 seconds left.\n|inactive|Krisuerte has 15 seconds left.\n|inactive|actuary97 has 15 seconds left.\n|inactive|Krisuerte has 10 seconds left.\n|inactive|actuary97 has 10 seconds left.\n|inactive|Krisuerte has 5 seconds left.\n|\n|t:|1725045372\n|start\n|switch|p1a: Mischief Mother|Whimsicott, L50, F, shiny|100\/100\n|switch|p1b: Bridget|Archaludon, L50, F, shiny|100\/100\n|switch|p2a: Indeedee|Indeedee-F, L50, F|100\/100\n|switch|p2b: Armarouge|Armarouge, L50, F|100\/100\n|-fieldstart|move: Psychic Terrain|[from] ability: Psychic Surge|[of] p2a: Indeedee\n|turn|1\n|inactive|actuary97 has 30 seconds left.\n|inactive|Krisuerte has 30 seconds left.\n|\n|t:|1725045401\n|move|p1a: Mischief Mother|Tailwind|p1a: Mischief Mother\n|-sidestart|p1: actuary97|move: Tailwind\n|move|p1b: Bridget|Snarl|p2a: Indeedee|[spread] p2a,p2b\n|-supereffective|p2a: Indeedee\n|-supereffective|p2b: Armarouge\n|-damage|p2a: Indeedee|72\/100\n|-damage|p2b: Armarouge|64\/100\n|-unboost|p2a: Indeedee|spa|1\n|-unboost|p2b: Armarouge|spa|1\n|move|p2b: Armarouge|Heat Wave|p1b: Bridget|[spread] p1a,p1b\n|-supereffective|p1a: Mischief Mother\n|-damage|p1a: Mischief Mother|8\/100\n|-damage|p1b: Bridget|82\/100\n|-ability|p1b: Bridget|Stamina|boost\n|-boost|p1b: Bridget|def|1\n|move|p2a: Indeedee|Trick Room|p2a: Indeedee\n|-fieldstart|move: Trick Room|[of] p2a: Indeedee\n|\n|upkeep\n|turn|2\n|\n|t:|1725045422\n|move|p2a: Indeedee|Helping Hand|p2b: Armarouge\n|-singleturn|p2b: Armarouge|Helping Hand|[of] p2a: Indeedee\n|move|p2b: Armarouge|Heat Wave|p1b: Bridget|[spread] p1a,p1b\n|-supereffective|p1a: Mischief Mother\n|-damage|p1a: Mischief Mother|0 fnt\n|-damage|p1b: Bridget|57\/100\n|-ability|p1b: Bridget|Stamina|boost\n|-boost|p1b: Bridget|def|1\n|faint|p1a: Mischief Mother\n|move|p1b: Bridget|Snarl|p2a: Indeedee|[spread] p2a,p2b\n|-supereffective|p2a: Indeedee\n|-supereffective|p2b: Armarouge\n|-damage|p2a: Indeedee|46\/100\n|-damage|p2b: Armarouge|30\/100\n|-unboost|p2a: Indeedee|spa|1\n|-unboost|p2b: Armarouge|spa|1\n|\n|upkeep\n|\n|t:|1725045438\n|switch|p1a: Motherene|Hatterene, L50, F, shiny|100\/100\n|turn|3\n|\n|t:|1725045455\n|-terastallize|p1a: Motherene|Fire\n|move|p1a: Motherene|Life Dew||[still]|[spread] p1a,p1b\n|-fail|p1a: Motherene|heal\n|-heal|p1b: Bridget|82\/100\n|move|p2a: Indeedee|Psychic|p1b: Bridget\n|-resisted|p1b: Bridget\n|-damage|p1b: Bridget|75\/100\n|-ability|p1b: Bridget|Stamina|boost\n|-boost|p1b: Bridget|def|1\n|move|p2b: Armarouge|Heat Wave|p1b: Bridget|[spread] p1a,p1b\n|-resisted|p1a: Motherene\n|-damage|p1a: Motherene|90\/100\n|-damage|p1b: Bridget|61\/100\n|-ability|p1b: Bridget|Stamina|boost\n|-boost|p1b: Bridget|def|1\n|move|p1b: Bridget|Electro Shot||[still]\n|-prepare|p1b: Bridget|Electro Shot\n|-boost|p1b: Bridget|spa|1\n|\n|upkeep\n|turn|4\n|inactive|Krisuerte has 30 seconds left.\n|\n|t:|1725045489\n|switch|p2b: Ursaluna|Ursaluna-Bloodmoon, L50, M|100\/100\n|move|p1a: Motherene|Life Dew|p1a: Motherene|[spread] p1a,p1b\n|-heal|p1a: Motherene|100\/100\n|-heal|p1b: Bridget|86\/100\n|move|p2a: Indeedee|Psychic|p1a: Motherene\n|-damage|p1a: Motherene|82\/100\n|move|p1b: Bridget|Electro Shot|p2a: Indeedee|[from]lockedmove\n|-damage|p2a: Indeedee|0 fnt\n|faint|p2a: Indeedee\n|\n|-sideend|p1: actuary97|move: Tailwind\n|upkeep\n|inactive|Krisuerte has 30 seconds left.\n|\n|t:|1725045515\n|switch|p2a: Pelipper|Pelipper, L50, F|100\/100\n|-weather|RainDance|[from] ability: Drizzle|[of] p2a: Pelipper\n|turn|5\n|inactive|actuary97 has 30 seconds left.\n|inactive|Krisuerte has 30 seconds left.\n|inactive|actuary97 has 20 seconds left.\n|inactive|Krisuerte has 20 seconds left.\n|inactive|Krisuerte has 15 seconds left.\n|\n|t:|1725045557\n|move|p2a: Pelipper|Wide Guard|p2a: Pelipper\n|-singleturn|p2a: Pelipper|Wide Guard\n|move|p1a: Motherene|Expanding Force|p2a: Pelipper|[spread] \n|-activate|p2a: Pelipper|move: Wide Guard\n|-activate|p2b: Ursaluna|move: Wide Guard\n|move|p2b: Ursaluna|Hyper Voice|p1a: Motherene|[spread] p1a,p1b\n|-resisted|p1b: Bridget\n|-damage|p1a: Motherene|43\/100\n|-damage|p1b: Bridget|73\/100\n|-ability|p1b: Bridget|Stamina|boost\n|-boost|p1b: Bridget|def|1\n|-enditem|p2b: Ursaluna|Throat Spray\n|-boost|p2b: Ursaluna|spa|1|[from] item: Throat Spray\n|move|p1b: Bridget|Body Press|p2b: Ursaluna\n|-supereffective|p2b: Ursaluna\n|-damage|p2b: Ursaluna|0 fnt\n|faint|p2b: Ursaluna\n|\n|-weather|RainDance|[upkeep]\n|-fieldend|move: Trick Room\n|-fieldend|move: Psychic Terrain\n|upkeep\n|\n|t:|1725045577\n|switch|p2b: Armarouge|Armarouge, L50, F|30\/100\n|turn|6\n|\n|t:|1725045586\n|move|p2b: Armarouge|Aura Sphere|p1b: Bridget\n|-supereffective|p1b: Bridget\n|-damage|p1b: Bridget|33\/100\n|-ability|p1b: Bridget|Stamina|boost\n|-boost|p1b: Bridget|def|1\n|move|p1b: Bridget|Electro Shot||[still]\n|-prepare|p1b: Bridget|Electro Shot\n|-boost|p1b: Bridget|spa|1\n|-anim|p1b: Bridget|Electro Shot|p2b: Armarouge\n|-damage|p2b: Armarouge|0 fnt\n|faint|p2b: Armarouge\n|move|p2a: Pelipper|Weather Ball|p1a: Motherene\n|-supereffective|p1a: Motherene\n|-damage|p1a: Motherene|0 fnt\n|faint|p1a: Motherene\n|\n|-weather|RainDance|[upkeep]\n|upkeep\n|\n|t:|1725045588\n|switch|p1a: \u2694\ufe0fKing\u2694\ufe0f|Gallade, L50, M, shiny|100\/100\n|turn|7\n|\n|t:|1725045606\n|move|p1a: \u2694\ufe0fKing\u2694\ufe0f|Psycho Cut|p2a: Pelipper\n|-crit|p2a: Pelipper\n|-damage|p2a: Pelipper|1\/100\n|move|p1b: Bridget|Body Press|p2a: Pelipper\n|-resisted|p2a: Pelipper\n|-damage|p2a: Pelipper|0 fnt\n|faint|p2a: Pelipper\n|\n|win|actuary97\n|raw|actuary97's rating: 1779 &rarr; <strong>1794<\/strong><br \/>(+15 for winning)\n|raw|Krisuerte's rating: 1696 &rarr; <strong>1681<\/strong><br \/>(-15 for losing)\n|c|\u2606actuary97|gg\n|c|\u2606actuary97|cool team\n|c|\u2606Krisuerte|I am a very bad player\n|c|\u2606actuary97|what's up?\n|c|\u2606actuary97|was there a misplay?\n|c|\u2606Krisuerte|I ned leraning more\n|l|\u2606Krisuerte\n|player|p2|\n|c|\u2606actuary97|I think it was super close\n|l|\u2606actuary97\n|player|p1|\n|j|\u2606actuary97\n|player|p1|actuary97|sabrina-frlg|\n|l|\u2606actuary97\n|player|p1|\n","uploadtime":1725045627,"views":185,"formatid":"gen9vgc2024regh","rating":1681,"private":0,"password":null}