{"id":"gen9vgc2024regh-2191182419","format":"[Gen 9] VGC 2024 Reg H","players":["MomeriA12","JasePokemonTwitter"],"log":"|j|\u2606MomeriA12\n|j|\u2606JasePokemonTwitter\n|t:|1725040493\n|gametype|doubles\n|player|p1|MomeriA12|101|1688\n|player|p2|JasePokemonTwitter|lucas|1649\n|teamsize|p1|6\n|teamsize|p2|6\n|gen|9\n|tier|[Gen 9] VGC 2024 Reg H\n|rated|\n|rule|Species Clause: Limit one of each Pok\u00e9mon\n|rule|Item Clause: Limit 1 of each item\n|clearpoke\n|poke|p1|Staraptor, L50, M|\n|poke|p1|Hydreigon, L50, F|\n|poke|p1|Lilligant-Hisui, L50, F|\n|poke|p1|Torkoal, L50, F|\n|poke|p1|Ursaluna, L50, M|\n|poke|p1|Farigiraf, L50, F|\n|poke|p2|Archaludon, L50, M|\n|poke|p2|Murkrow, L50, M|\n|poke|p2|Garchomp, L50, M|\n|poke|p2|Gholdengo, L50|\n|poke|p2|Tyranitar, L50, M|\n|poke|p2|Gyarados, L50, F|\n|teampreview|4\n|inactive|Battle timer is ON: inactive players will automatically lose when time's up. (requested by JasePokemonTwitter)\n|\n|t:|1725040517\n|start\n|switch|p1a: Lilligant|Lilligant-Hisui, L50, F|100\/100\n|switch|p1b: Farigiraf|Farigiraf, L50, F|100\/100\n|switch|p2a: Tyranitar|Tyranitar, L50, M|100\/100\n|switch|p2b: Garchomp|Garchomp, L50, M|100\/100\n|-weather|Sandstorm|[from] ability: Sand Stream|[of] p2a: Tyranitar\n|turn|1\n|\n|t:|1725040540\n|switch|p2a: Gholdengo|Gholdengo, L50|100\/100\n|switch|p1b: Ursaluna|Ursaluna, L50, M|100\/100\n|-terastallize|p1a: Lilligant|Flying\n|move|p1a: Lilligant|Sleep Powder|p2a: Gholdengo\n|-immune|p2a: Gholdengo|[from] ability: Good as Gold\n|move|p2b: Garchomp|Dragon Claw|p1b: Ursaluna\n|-damage|p1b: Ursaluna|55\/100\n|\n|-weather|Sandstorm|[upkeep]\n|-damage|p1a: Lilligant|94\/100|[from] Sandstorm\n|-status|p1b: Ursaluna|brn|[from] item: Flame Orb\n|upkeep\n|turn|2\n|\n|t:|1725040562\n|move|p1a: Lilligant|After You|p1b: Ursaluna\n|-activate|p1b: Ursaluna|move: After You\n|move|p1b: Ursaluna|Earthquake|p2b: Garchomp|[spread] p2a,p2b\n|-immune|p1a: Lilligant\n|-supereffective|p2a: Gholdengo\n|-damage|p2a: Gholdengo|0 fnt\n|-damage|p2b: Garchomp|33\/100\n|faint|p2a: Gholdengo\n|move|p2b: Garchomp|Dragon Claw|p1a: Lilligant\n|-damage|p1a: Lilligant|0 fnt\n|faint|p1a: Lilligant\n|\n|-weather|Sandstorm|[upkeep]\n|-damage|p1b: Ursaluna|49\/100 brn|[from] brn\n|upkeep\n|\n|t:|1725040574\n|switch|p1a: Farigiraf|Farigiraf, L50, F|100\/100\n|switch|p2a: Tyranitar|Tyranitar, L50, M|100\/100\n|turn|3\n|\n|t:|1725040583\n|-terastallize|p2a: Tyranitar|Flying\n|move|p1a: Farigiraf|Protect|p1a: Farigiraf\n|-singleturn|p1a: Farigiraf|Protect\n|move|p2b: Garchomp|Dragon Claw|p1a: Farigiraf\n|-activate|p1a: Farigiraf|move: Protect\n|move|p2a: Tyranitar|Knock Off|p1a: Farigiraf\n|-activate|p1a: Farigiraf|move: Protect\n|move|p1b: Ursaluna|Earthquake|p2b: Garchomp|[spread] p2b\n|-activate|p1a: Farigiraf|move: Protect\n|-immune|p2a: Tyranitar\n|-damage|p2b: Garchomp|0 fnt\n|faint|p2b: Garchomp\n|\n|-weather|Sandstorm|[upkeep]\n|-damage|p2a: Tyranitar|95\/100|[from] Sandstorm\n|-damage|p1a: Farigiraf|94\/100|[from] Sandstorm\n|-damage|p1b: Ursaluna|43\/100 brn|[from] brn\n|upkeep\n|\n|t:|1725040588\n|switch|p2b: Archaludon|Archaludon, L50, M|100\/100\n|turn|4\n|\n|t:|1725040604\n|move|p2b: Archaludon|Draco Meteor|p1b: Ursaluna\n|-damage|p1b: Ursaluna|0 fnt\n|-unboost|p2b: Archaludon|spa|2\n|faint|p1b: Ursaluna\n|move|p2a: Tyranitar|Knock Off|p1a: Farigiraf\n|-supereffective|p1a: Farigiraf\n|-damage|p1a: Farigiraf|0 fnt\n|-enditem|p1a: Farigiraf|Sitrus Berry|[from] move: Knock Off|[of] p2a: Tyranitar\n|faint|p1a: Farigiraf\n|\n|-weather|Sandstorm|[upkeep]\n|-damage|p2a: Tyranitar|89\/100|[from] Sandstorm\n|upkeep\n|\n|t:|1725040617\n|switch|p1b: Torkoal|Torkoal, L50, F|100\/100\n|-weather|SunnyDay|[from] ability: Drought|[of] p1b: Torkoal\n|turn|5\n|\n|t:|1725040623\n|move|p2b: Archaludon|Electro Shot||[still]\n|-prepare|p2b: Archaludon|Electro Shot\n|-boost|p2b: Archaludon|spa|1\n|-enditem|p2b: Archaludon|Power Herb\n|-anim|p2b: Archaludon|Electro Shot|p1b: Torkoal\n|-crit|p1b: Torkoal\n|-damage|p1b: Torkoal|8\/100\n|move|p2a: Tyranitar|Knock Off|p1b: Torkoal\n|-damage|p1b: Torkoal|0 fnt\n|-enditem|p1b: Torkoal|Charcoal|[from] move: Knock Off|[of] p2a: Tyranitar\n|faint|p1b: Torkoal\n|\n|win|JasePokemonTwitter\n|raw|MomeriA12's rating: 1688 &rarr; <strong>1666<\/strong><br \/>(-22 for losing)\n|raw|JasePokemonTwitter's rating: 1649 &rarr; <strong>1671<\/strong><br \/>(+22 for winning)\n|l|\u2606MomeriA12\n|player|p1|\n|l|\u2606JasePokemonTwitter\n|player|p2|\n","uploadtime":1725040851,"views":32,"formatid":"gen9vgc2024regh","rating":1666,"private":0,"password":null}