{"id":"gen9vgc2024regh-2191864230","format":"[Gen 9] VGC 2024 Reg H","players":["Waffles4breakfast","nicouser"],"log":"|j|\u2606Waffles4breakfast\n|j|\u2606nicouser\n|t:|1725130876\n|gametype|doubles\n|player|p1|Waffles4breakfast|juggler|1648\n|player|p2|nicouser|169|1698\n|teamsize|p1|6\n|teamsize|p2|6\n|gen|9\n|tier|[Gen 9] VGC 2024 Reg H\n|rated|\n|rule|Species Clause: Limit one of each Pok\u00e9mon\n|rule|Item Clause: Limit 1 of each item\n|clearpoke\n|poke|p1|Archaludon, L50, F|\n|poke|p1|Pelipper, L50, M|\n|poke|p1|Basculegion, L50, M|\n|poke|p1|Amoonguss, L50, M|\n|poke|p1|Gholdengo, L50|\n|poke|p1|Murkrow, L50, F|\n|poke|p2|Kilowattrel, L50, F|\n|poke|p2|Garchomp, L50, F|\n|poke|p2|Arcanine-Hisui, L50, F|\n|poke|p2|Gholdengo, L50|\n|poke|p2|Rillaboom, L50, F|\n|poke|p2|Primarina, L50, M|\n|teampreview|4\n|\n|t:|1725130885\n|start\n|switch|p1a: Murkrow|Murkrow, L50, F|100\/100\n|switch|p1b: Gholdengo|Gholdengo, L50|100\/100\n|switch|p2a: Kilowattrel|Kilowattrel, L50, F, shiny|100\/100\n|switch|p2b: Garchomp|Garchomp, L50, F|100\/100\n|turn|1\n|inactive|Battle timer is ON: inactive players will automatically lose when time's up. (requested by Waffles4breakfast)\n|\n|t:|1725130899\n|-terastallize|p2b: Garchomp|Ground\n|-terastallize|p1b: Gholdengo|Steel\n|move|p1a: Murkrow|Quash|p2b: Garchomp\n|-activate|p2b: Garchomp|move: Quash\n|move|p2a: Kilowattrel|Tailwind|p2a: Kilowattrel\n|-sidestart|p2: nicouser|move: Tailwind\n|move|p1b: Gholdengo|Make It Rain|p2b: Garchomp|[spread] p2a,p2b\n|-resisted|p2a: Kilowattrel\n|-damage|p2a: Kilowattrel|13\/100\n|-damage|p2b: Garchomp|0 fnt\n|-unboost|p1b: Gholdengo|spa|1\n|faint|p2b: Garchomp\n|\n|upkeep\n|\n|t:|1725130909\n|switch|p2b: Gholdengo|Gholdengo, L50, shiny|100\/100\n|turn|2\n|\n|t:|1725130918\n|move|p1a: Murkrow|Quash|p2a: Kilowattrel\n|-activate|p2a: Kilowattrel|move: Quash\n|move|p2b: Gholdengo|Shadow Ball|p1b: Gholdengo\n|-damage|p1b: Gholdengo|26\/100\n|-unboost|p1b: Gholdengo|spd|1\n|move|p1b: Gholdengo|Make It Rain|p2b: Gholdengo|[spread] p2a,p2b\n|-resisted|p2a: Kilowattrel\n|-resisted|p2b: Gholdengo\n|-damage|p2a: Kilowattrel|0 fnt\n|-damage|p2b: Gholdengo|71\/100\n|-unboost|p1b: Gholdengo|spa|1\n|faint|p2a: Kilowattrel\n|\n|upkeep\n|\n|t:|1725130923\n|switch|p2a: Rillaboom|Rillaboom, L50, F, shiny|100\/100\n|-fieldstart|move: Grassy Terrain|[from] ability: Grassy Surge|[of] p2a: Rillaboom\n|turn|3\n|\n|t:|1725130933\n|move|p2a: Rillaboom|Fake Out|p1a: Murkrow\n|-damage|p1a: Murkrow|81\/100\n|cant|p1a: Murkrow|flinch\n|move|p2b: Gholdengo|Shadow Ball|p1b: Gholdengo\n|-damage|p1b: Gholdengo|0 fnt\n|faint|p1b: Gholdengo\n|\n|-heal|p2b: Gholdengo|77\/100|[from] Grassy Terrain\n|upkeep\n|\n|t:|1725130935\n|switch|p1b: Archaludon|Archaludon, L50, F|100\/100\n|turn|4\n|\n|t:|1725130950\n|switch|p1b: Pelipper|Pelipper, L50, M|100\/100\n|-weather|RainDance|[from] ability: Drizzle|[of] p1b: Pelipper\n|move|p1a: Murkrow|Tailwind|p1a: Murkrow\n|-sidestart|p1: Waffles4breakfast|move: Tailwind\n|move|p2b: Gholdengo|Shadow Ball|p1b: Pelipper\n|-enditem|p1b: Pelipper|Focus Sash\n|-damage|p1b: Pelipper|1\/100\n|-unboost|p1b: Pelipper|spd|1\n|move|p2a: Rillaboom|Wood Hammer|p1a: Murkrow\n|-resisted|p1a: Murkrow\n|-damage|p1a: Murkrow|29\/100\n|-damage|p2a: Rillaboom|85\/100|[from] Recoil\n|\n|-weather|RainDance|[upkeep]\n|-heal|p2b: Gholdengo|83\/100|[from] Grassy Terrain\n|-heal|p2a: Rillaboom|92\/100|[from] Grassy Terrain\n|-sideend|p2: nicouser|move: Tailwind\n|upkeep\n|turn|5\n|\n|t:|1725130959\n|move|p2a: Rillaboom|Grassy Glide|p1b: Pelipper\n|-damage|p1b: Pelipper|0 fnt\n|faint|p1b: Pelipper\n|move|p1a: Murkrow|Foul Play|p2b: Gholdengo\n|-supereffective|p2b: Gholdengo\n|-damage|p2b: Gholdengo|52\/100\n|move|p2b: Gholdengo|Shadow Ball|p1a: Murkrow\n|-resisted|p1a: Murkrow\n|-damage|p1a: Murkrow|2\/100\n|\n|-weather|RainDance|[upkeep]\n|-heal|p2b: Gholdengo|58\/100|[from] Grassy Terrain\n|-heal|p2a: Rillaboom|98\/100|[from] Grassy Terrain\n|upkeep\n|\n|t:|1725130961\n|switch|p1b: Archaludon|Archaludon, L50, F|100\/100\n|turn|6\n|\n|t:|1725130969\n|move|p2a: Rillaboom|Grassy Glide|p1a: Murkrow\n|-resisted|p1a: Murkrow\n|-damage|p1a: Murkrow|0 fnt\n|faint|p1a: Murkrow\n|move|p1b: Archaludon|Electro Shot||[still]\n|-prepare|p1b: Archaludon|Electro Shot\n|-boost|p1b: Archaludon|spa|1\n|-anim|p1b: Archaludon|Electro Shot|p2b: Gholdengo\n|-damage|p2b: Gholdengo|0 fnt\n|faint|p2b: Gholdengo\n|\n|-weather|RainDance|[upkeep]\n|-heal|p2a: Rillaboom|100\/100|[from] Grassy Terrain\n|upkeep\n|turn|7\n|\n|t:|1725130981\n|move|p1b: Archaludon|Electro Shot||[still]\n|-prepare|p1b: Archaludon|Electro Shot\n|-boost|p1b: Archaludon|spa|1\n|-anim|p1b: Archaludon|Electro Shot|p2a: Rillaboom\n|-resisted|p2a: Rillaboom\n|-damage|p2a: Rillaboom|67\/100\n|move|p2a: Rillaboom|Wood Hammer|p1b: Archaludon\n|-resisted|p1b: Archaludon\n|-damage|p1b: Archaludon|85\/100\n|-ability|p1b: Archaludon|Stamina|boost\n|-boost|p1b: Archaludon|def|1\n|-damage|p2a: Rillaboom|61\/100|[from] Recoil\n|\n|-weather|RainDance|[upkeep]\n|-heal|p1b: Archaludon|91\/100|[from] Grassy Terrain\n|-heal|p2a: Rillaboom|68\/100|[from] Grassy Terrain\n|-sideend|p1: Waffles4breakfast|move: Tailwind\n|-fieldend|move: Grassy Terrain\n|upkeep\n|turn|8\n|l|\u2606nicouser\n|inactive|nicouser disconnected and has a minute to reconnect!\n|player|p2|\n|inactive|nicouser has 30 seconds left.\n|inactive|nicouser has 20 seconds left.\n|inactive|nicouser has 15 seconds left.\n|inactive|nicouser has 10 seconds left.\n|inactive|nicouser has 5 seconds left.\n|-message|nicouser lost due to inactivity.\n|\n|win|Waffles4breakfast\n|raw|Waffles4breakfast's rating: 1648 &rarr; <strong>1671<\/strong><br \/>(+23 for winning)\n|raw|nicouser's rating: 1698 &rarr; <strong>1675<\/strong><br \/>(-23 for losing)\n|l|\u2606Waffles4breakfast\n|player|p1|\n","uploadtime":1725131218,"views":64,"formatid":"gen9vgc2024regh","rating":1671,"private":0,"password":null}