{"id":"gen9vgc2024regh-2192616778","format":"[Gen 9] VGC 2024 Reg H","players":["patoathie","evenifyoustumble"],"log":"|j|\u2606patoathie\n|j|\u2606evenifyoustumble\n|t:|1725231410\n|gametype|doubles\n|player|p1|patoathie|101|1757\n|player|p2|evenifyoustumble|lady|1666\n|teamsize|p1|6\n|teamsize|p2|6\n|gen|9\n|tier|[Gen 9] VGC 2024 Reg H\n|rated|\n|rule|Species Clause: Limit one of each Pok\u00e9mon\n|rule|Item Clause: Limit 1 of each item\n|clearpoke\n|poke|p1|Pawmot, L50, F|\n|poke|p1|Volcarona, L50, M|\n|poke|p1|Rillaboom, L50, M|\n|poke|p1|Primarina, L50, F|\n|poke|p1|Gholdengo, L50|\n|poke|p1|Hydreigon, L50, M|\n|poke|p2|Arcanine-Hisui, L50, F|\n|poke|p2|Serperior, L50, M|\n|poke|p2|Ninetales-Alola, L50, F|\n|poke|p2|Ursaluna-Bloodmoon, L50, M|\n|poke|p2|Basculegion, L50, M|\n|poke|p2|Empoleon, L50, M|\n|teampreview|4\n|inactive|Battle timer is ON: inactive players will automatically lose when time's up. (requested by evenifyoustumble)\n|inactive|patoathie has 60 seconds left.\n|inactive|patoathie has 30 seconds left.\n|inactive|patoathie has 20 seconds left.\n|inactive|patoathie has 15 seconds left.\n|inactive|patoathie has 10 seconds left.\n|inactive|patoathie has 5 seconds left.\n|\n|t:|1725231499\n|start\n|switch|p1a: Gholdengo|Gholdengo, L50, shiny|100\/100\n|switch|p1b: Pawmot|Pawmot, L50, F, shiny|100\/100\n|switch|p2a: YELLOW COLOR|Serperior, L50, M|100\/100\n|switch|p2b: Arcanine|Arcanine-Hisui, L50, F, shiny|100\/100\n|turn|1\n|\n|t:|1725231513\n|-terastallize|p1a: Gholdengo|Steel\n|move|p2a: YELLOW COLOR|Protect|p2a: YELLOW COLOR\n|-singleturn|p2a: YELLOW COLOR|Protect\n|move|p2b: Arcanine|Protect|p2b: Arcanine\n|-singleturn|p2b: Arcanine|Protect\n|move|p1b: Pawmot|Fake Out|p2a: YELLOW COLOR\n|-activate|p2a: YELLOW COLOR|move: Protect\n|move|p1a: Gholdengo|Make It Rain|p2b: Arcanine|[spread] \n|-activate|p2a: YELLOW COLOR|move: Protect\n|-activate|p2b: Arcanine|move: Protect\n|\n|upkeep\n|turn|2\n|\n|t:|1725231526\n|move|p1a: Gholdengo|Make It Rain|p2a: YELLOW COLOR|[spread] p2a,p2b\n|-damage|p2a: YELLOW COLOR|30\/100\n|-damage|p2b: Arcanine|6\/100\n|-unboost|p1a: Gholdengo|spa|1\n|-enditem|p2a: YELLOW COLOR|Sitrus Berry|[eat]\n|-heal|p2a: YELLOW COLOR|55\/100|[from] item: Sitrus Berry\n|move|p2a: YELLOW COLOR|Leaf Storm|p1b: Pawmot\n|-damage|p1b: Pawmot|34\/100\n|-boost|p2a: YELLOW COLOR|spa|2\n|move|p1b: Pawmot|Close Combat|p2b: Arcanine\n|-supereffective|p2b: Arcanine\n|-damage|p2b: Arcanine|0 fnt\n|-unboost|p1b: Pawmot|def|1\n|-unboost|p1b: Pawmot|spd|1\n|faint|p2b: Arcanine\n|\n|upkeep\n|\n|t:|1725231545\n|switch|p2b: Ursaluna|Ursaluna-Bloodmoon, L50, M|100\/100\n|turn|3\n|\n|t:|1725231550\n|switch|p1b: Rillaboom|Rillaboom, L50, M, shiny|100\/100\n|-fieldstart|move: Grassy Terrain|[from] ability: Grassy Surge|[of] p1b: Rillaboom\n|-terastallize|p2a: YELLOW COLOR|Fire\n|move|p1a: Gholdengo|Make It Rain|p2a: YELLOW COLOR|[spread] p2a,p2b\n|-resisted|p2a: YELLOW COLOR\n|-damage|p2a: YELLOW COLOR|32\/100\n|-damage|p2b: Ursaluna|69\/100\n|-unboost|p1a: Gholdengo|spa|1\n|move|p2a: YELLOW COLOR|Leaf Storm|p1b: Rillaboom|[miss]\n|-miss|p2a: YELLOW COLOR|p1b: Rillaboom\n|move|p2b: Ursaluna|Earth Power|p1a: Gholdengo\n|-supereffective|p1a: Gholdengo\n|-damage|p1a: Gholdengo|0 fnt\n|faint|p1a: Gholdengo\n|\n|-heal|p2a: YELLOW COLOR|38\/100|[from] Grassy Terrain\n|-heal|p2b: Ursaluna|75\/100|[from] Grassy Terrain\n|upkeep\n|\n|t:|1725231561\n|switch|p1a: Pawmot|Pawmot, L50, F, shiny|34\/100\n|turn|4\n|j| hachiware\n|\n|t:|1725231584\n|switch|p1b: Primarina|Primarina, L50, F, shiny|100\/100\n|move|p2a: YELLOW COLOR|Protect|p2a: YELLOW COLOR\n|-singleturn|p2a: YELLOW COLOR|Protect\n|move|p1a: Pawmot|Nuzzle|p2a: YELLOW COLOR\n|-activate|p2a: YELLOW COLOR|move: Protect\n|move|p2b: Ursaluna|Blood Moon|p1b: Primarina\n|-damage|p1b: Primarina|36\/100\n|\n|-heal|p2a: YELLOW COLOR|45\/100|[from] Grassy Terrain\n|-heal|p1a: Pawmot|40\/100|[from] Grassy Terrain\n|-heal|p1b: Primarina|42\/100|[from] Grassy Terrain\n|-heal|p2b: Ursaluna|81\/100|[from] Grassy Terrain\n|upkeep\n|turn|5\n|j| Eylam\n|l| Eylam\n|\n|t:|1725231607\n|switch|p1a: Rillaboom|Rillaboom, L50, M, shiny|100\/100\n|move|p2a: YELLOW COLOR|Leaf Storm|p1a: Rillaboom\n|-resisted|p1a: Rillaboom\n|-crit|p1a: Rillaboom\n|-damage|p1a: Rillaboom|43\/100\n|-boost|p2a: YELLOW COLOR|spa|2\n|move|p1b: Primarina|Hyper Voice|p2a: YELLOW COLOR|[spread] p2a,p2b\n|-supereffective|p2a: YELLOW COLOR\n|-supereffective|p2b: Ursaluna\n|-damage|p2a: YELLOW COLOR|0 fnt\n|-damage|p2b: Ursaluna|43\/100\n|faint|p2a: YELLOW COLOR\n|-enditem|p1b: Primarina|Throat Spray\n|-boost|p1b: Primarina|spa|1|[from] item: Throat Spray\n|move|p2b: Ursaluna|Earth Power|p1b: Primarina\n|-damage|p1b: Primarina|6\/100\n|\n|-heal|p1a: Rillaboom|49\/100|[from] Grassy Terrain\n|-heal|p1b: Primarina|12\/100|[from] Grassy Terrain\n|-heal|p2b: Ursaluna|49\/100|[from] Grassy Terrain\n|upkeep\n|\n|t:|1725231615\n|switch|p2a: Basculegion|Basculegion, L50, M, shiny|100\/100\n|turn|6\n|\n|t:|1725231635\n|move|p1a: Rillaboom|Grassy Glide|p2a: Basculegion\n|-supereffective|p2a: Basculegion\n|-damage|p2a: Basculegion|6\/100\n|move|p2a: Basculegion|Last Respects|p1b: Primarina\n|-damage|p1b: Primarina|0 fnt\n|faint|p1b: Primarina\n|move|p2b: Ursaluna|Blood Moon|p1a: Rillaboom\n|-damage|p1a: Rillaboom|0 fnt\n|faint|p1a: Rillaboom\n|\n|-heal|p2a: Basculegion|12\/100|[from] Grassy Terrain\n|-heal|p2b: Ursaluna|55\/100|[from] Grassy Terrain\n|upkeep\n|\n|t:|1725231648\n|switch|p1b: Pawmot|Pawmot, L50, F, shiny|40\/100\n|turn|7\n|\n|t:|1725231656\n|move|p2a: Basculegion|Last Respects|p1b: Pawmot\n|-damage|p1b: Pawmot|0 fnt\n|faint|p1b: Pawmot\n|\n|win|evenifyoustumble\n|raw|patoathie's rating: 1757 &rarr; <strong>1732<\/strong><br \/>(-25 for losing)\n|raw|evenifyoustumble's rating: 1666 &rarr; <strong>1691<\/strong><br \/>(+25 for winning)\n|l|\u2606evenifyoustumble\n|player|p2|\n|l|\u2606patoathie\n|player|p1|\n|l| hachiware\n","uploadtime":1725231912,"views":21,"formatid":"gen9vgc2024regh","rating":1691,"private":0,"password":null}