{"id":"gen9vgc2024regh-2192673827","format":"[Gen 9] VGC 2024 Reg H","players":["evenifyoustumble","caigangying"],"log":"|j|\u2606evenifyoustumble\n|j|\u2606caigangying\n|t:|1725238463\n|gametype|doubles\n|player|p1|evenifyoustumble|lady|1720\n|player|p2|caigangying|beauty-gen4dp|1752\n|teamsize|p1|6\n|teamsize|p2|6\n|gen|9\n|tier|[Gen 9] VGC 2024 Reg H\n|rated|\n|rule|Species Clause: Limit one of each Pok\u00e9mon\n|rule|Item Clause: Limit 1 of each item\n|clearpoke\n|poke|p1|Arcanine-Hisui, L50, M|\n|poke|p1|Serperior, L50, F|\n|poke|p1|Ninetales-Alola, L50, F|\n|poke|p1|Ursaluna-Bloodmoon, L50, M|\n|poke|p1|Basculegion, L50, M|\n|poke|p1|Altaria, L50, F|\n|poke|p2|Pelipper, L50, M|\n|poke|p2|Maushold-Four, L50|\n|poke|p2|Archaludon, L50, F|\n|poke|p2|Annihilape, L50, M|\n|poke|p2|Murkrow, L50, M|\n|poke|p2|Basculegion, L50, M|\n|teampreview|4\n|inactive|Battle timer is ON: inactive players will automatically lose when time's up. (requested by caigangying)\n|inactive|evenifyoustumble also wants the timer to be on.\n|\n|t:|1725238493\n|start\n|switch|p1a: YELLOW COLOR|Serperior, L50, F|100\/100\n|switch|p1b: Arcanine|Arcanine-Hisui, L50, M, shiny|100\/100\n|switch|p2a: Maushold|Maushold-Four, L50|100\/100\n|switch|p2b: Archaludon|Archaludon, L50, F|100\/100\n|turn|1\n|inactive|caigangying has 30 seconds left.\n|inactive|caigangying has 20 seconds left.\n|\n|t:|1725238528\n|move|p1a: YELLOW COLOR|Glare|p2a: Maushold\n|-status|p2a: Maushold|par\n|move|p1b: Arcanine|Head Smash|p2a: Maushold|[miss]\n|-miss|p1b: Arcanine|p2a: Maushold\n|move|p2b: Archaludon|Body Press|p1b: Arcanine\n|-supereffective|p1b: Arcanine\n|-damage|p1b: Arcanine|43\/100\n|move|p2a: Maushold|Population Bomb|p1a: YELLOW COLOR\n|-damage|p1a: YELLOW COLOR|90\/100\n|-damage|p1a: YELLOW COLOR|78\/100\n|-damage|p1a: YELLOW COLOR|65\/100\n|-damage|p1a: YELLOW COLOR|53\/100\n|-damage|p1a: YELLOW COLOR|41\/100\n|-enditem|p1a: YELLOW COLOR|Sitrus Berry|[eat]\n|-heal|p1a: YELLOW COLOR|66\/100|[from] item: Sitrus Berry\n|-hitcount|p1a: YELLOW COLOR|5\n|\n|upkeep\n|turn|2\n|\n|t:|1725238553\n|move|p2a: Maushold|Protect|p2a: Maushold\n|-singleturn|p2a: Maushold|Protect\n|move|p1a: YELLOW COLOR|Leaf Storm|p2a: Maushold\n|-activate|p2a: Maushold|move: Protect\n|move|p1b: Arcanine|Flare Blitz|p2a: Maushold\n|-activate|p2a: Maushold|move: Protect\n|move|p2b: Archaludon|Body Press|p1b: Arcanine\n|-supereffective|p1b: Arcanine\n|-damage|p1b: Arcanine|0 fnt\n|faint|p1b: Arcanine\n|\n|upkeep\n|\n|t:|1725238557\n|switch|p1b: Basculegion|Basculegion, L50, M, shiny|100\/100\n|turn|3\n|\n|t:|1725238575\n|move|p1b: Basculegion|Flip Turn|p2a: Maushold\n|-damage|p2a: Maushold|41\/100 par\n|\n|t:|1725238577\n|switch|p1b: Ninetales|Ninetales-Alola, L50, F, shiny|100\/100|[from] Flip Turn\n|-weather|Snow|[from] ability: Snow Warning|[of] p1b: Ninetales\n|move|p1a: YELLOW COLOR|Leaf Storm|p2a: Maushold\n|-damage|p2a: Maushold|0 fnt\n|-boost|p1a: YELLOW COLOR|spa|2\n|faint|p2a: Maushold\n|move|p2b: Archaludon|Draco Meteor|p1b: Ninetales\n|-immune|p1b: Ninetales\n|\n|-weather|Snow|[upkeep]\n|upkeep\n|\n|t:|1725238589\n|switch|p2a: Pelipper|Pelipper, L50, M|100\/100\n|-weather|RainDance|[from] ability: Drizzle|[of] p2a: Pelipper\n|turn|4\n|\n|t:|1725238601\n|-terastallize|p1b: Ninetales|Dark\n|move|p1a: YELLOW COLOR|Leaf Storm|p2a: Pelipper\n|-enditem|p2a: Pelipper|Focus Sash\n|-damage|p2a: Pelipper|1\/100\n|-boost|p1a: YELLOW COLOR|spa|2\n|move|p1b: Ninetales|Freeze-Dry|p2a: Pelipper\n|-supereffective|p2a: Pelipper\n|-damage|p2a: Pelipper|0 fnt\n|faint|p2a: Pelipper\n|move|p2b: Archaludon|Electro Shot||[still]\n|-prepare|p2b: Archaludon|Electro Shot\n|-boost|p2b: Archaludon|spa|1\n|-anim|p2b: Archaludon|Electro Shot|p1a: YELLOW COLOR\n|-resisted|p1a: YELLOW COLOR\n|-crit|p1a: YELLOW COLOR\n|-damage|p1a: YELLOW COLOR|25\/100\n|\n|-weather|RainDance|[upkeep]\n|upkeep\n|\n|t:|1725238616\n|switch|p2a: Basculegion|Basculegion, L50, M|100\/100\n|turn|5\n|inactive|caigangying has 30 seconds left.\n|\n|t:|1725238644\n|move|p2a: Basculegion|Protect|p2a: Basculegion\n|-singleturn|p2a: Basculegion|Protect\n|move|p1a: YELLOW COLOR|Protect|p1a: YELLOW COLOR\n|-singleturn|p1a: YELLOW COLOR|Protect\n|move|p1b: Ninetales|Freeze-Dry|p2a: Basculegion\n|-activate|p2a: Basculegion|move: Protect\n|move|p2b: Archaludon|Electro Shot||[still]\n|-prepare|p2b: Archaludon|Electro Shot\n|-boost|p2b: Archaludon|spa|1\n|-anim|p2b: Archaludon|Electro Shot|p1a: YELLOW COLOR\n|-activate|p1a: YELLOW COLOR|move: Protect\n|\n|-weather|RainDance|[upkeep]\n|upkeep\n|turn|6\n|inactive|caigangying has 30 seconds left.\n|inactive|evenifyoustumble has 30 seconds left.\n|\n|t:|1725238690\n|switch|p1a: Basculegion|Basculegion, L50, M, shiny|100\/100\n|move|p1b: Ninetales|Protect|p1b: Ninetales\n|-singleturn|p1b: Ninetales|Protect\n|move|p2a: Basculegion|Wave Crash|p1b: Ninetales\n|-activate|p1b: Ninetales|move: Protect\n|move|p2b: Archaludon|Electro Shot||[still]\n|-prepare|p2b: Archaludon|Electro Shot\n|-boost|p2b: Archaludon|spa|1\n|-anim|p2b: Archaludon|Electro Shot|p1a: Basculegion\n|-supereffective|p1a: Basculegion\n|-damage|p1a: Basculegion|0 fnt\n|faint|p1a: Basculegion\n|\n|-weather|RainDance|[upkeep]\n|upkeep\n|\n|t:|1725238692\n|switch|p1a: YELLOW COLOR|Serperior, L50, F|25\/100\n|turn|7\n|-message|evenifyoustumble forfeited.\n|\n|win|caigangying\n|raw|evenifyoustumble's rating: 1720 &rarr; <strong>1702<\/strong><br \/>(-18 for losing)\n|raw|caigangying's rating: 1752 &rarr; <strong>1770<\/strong><br \/>(+18 for winning)\n|l|\u2606evenifyoustumble\n|player|p1|\n|l|\u2606caigangying\n|player|p2|\n","uploadtime":1725238845,"views":27,"formatid":"gen9vgc2024regh","rating":1702,"private":0,"password":null}