{"id":"gen9vgc2024regh-2192603845","format":"[Gen 9] VGC 2024 Reg H","players":["gothitellevgc","anton19"],"log":"|j|\u2606gothitellevgc\n|j|\u2606anton19\n|t:|1725229894\n|gametype|doubles\n|player|p1|gothitellevgc|palmer|1779\n|player|p2|anton19|102|1647\n|teamsize|p1|6\n|teamsize|p2|6\n|gen|9\n|tier|[Gen 9] VGC 2024 Reg H\n|rated|\n|rule|Species Clause: Limit one of each Pok\u00e9mon\n|rule|Item Clause: Limit 1 of each item\n|clearpoke\n|poke|p1|Lycanroc, L50, F|\n|poke|p1|Tyranitar, L50, F|\n|poke|p1|Indeedee-F, L50, F|\n|poke|p1|Armarouge, L50, F|\n|poke|p1|Dondozo, L50, F|\n|poke|p1|Tatsugiri-Droopy, L50, F|\n|poke|p2|Gholdengo, L50|\n|poke|p2|Pelipper, L50, M|\n|poke|p2|Maushold-Four, L50|\n|poke|p2|Annihilape, L50, F|\n|poke|p2|Archaludon, L50, F|\n|poke|p2|Rillaboom, L50, M|\n|teampreview|4\n|inactive|Battle timer is ON: inactive players will automatically lose when time's up. (requested by anton19)\n|inactive|gothitellevgc also wants the timer to be on.\nanton19 has agreed to open team sheets.\n|\n|t:|1725229917\n|start\n|switch|p1a: Lycanroc|Lycanroc, L50, F|100\/100\n|switch|p1b: Tyranitar|Tyranitar, L50, F|100\/100\n|switch|p2a: Maushold|Maushold-Four, L50|100\/100\n|switch|p2b: Annihilape|Annihilape, L50, F|100\/100\n|-weather|Sandstorm|[from] ability: Sand Stream|[of] p1b: Tyranitar\n|turn|1\n|j| DaN00biest\n|inactive|gothitellevgc has 30 seconds left.\n|inactive|gothitellevgc has 20 seconds left.\n|j| Manchester1997!\n|\n|t:|1725229957\n|-terastallize|p1b: Tyranitar|Flying\n|move|p1a: Lycanroc|Close Combat|p2a: Maushold\n|-supereffective|p2a: Maushold\n|-damage|p2a: Maushold|3\/100\n|-unboost|p1a: Lycanroc|def|1\n|-unboost|p1a: Lycanroc|spd|1\n|move|p2a: Maushold|Beat Up|p2b: Annihilape\n|-damage|p2b: Annihilape|99\/100\n|-damage|p2b: Annihilape|97\/100\n|-damage|p2b: Annihilape|95\/100\n|-damage|p2b: Annihilape|93\/100\n|-hitcount|p2b: Annihilape|4\n|move|p2b: Annihilape|Rage Fist|p1b: Tyranitar\n|-damage|p1b: Tyranitar|6\/100\n|move|p1b: Tyranitar|Assurance|p2a: Maushold\n|-damage|p2a: Maushold|0 fnt\n|faint|p2a: Maushold\n|\n|-weather|Sandstorm|[upkeep]\n|-damage|p2b: Annihilape|87\/100|[from] Sandstorm\n|-damage|p1b: Tyranitar|0 fnt|[from] Sandstorm\n|faint|p1b: Tyranitar\n|-heal|p2b: Annihilape|93\/100|[from] item: Leftovers\n|upkeep\n|\n|t:|1725229986\n|switch|p2a: Rillaboom|Rillaboom, L50, M|100\/100\n|switch|p1b: Tatsugiri|Tatsugiri-Droopy, L50, F|100\/100\n|-fieldstart|move: Grassy Terrain|[from] ability: Grassy Surge|[of] p2a: Rillaboom\n|turn|2\n|j| SparkySign\n|l| Manchester1997!\n|\n|t:|1725230005\n|move|p1a: Lycanroc|Rock Slide|p2b: Annihilape|[spread] p2a,p2b\n|-resisted|p2b: Annihilape\n|-damage|p2a: Rillaboom|72\/100\n|-damage|p2b: Annihilape|80\/100\n|move|p2b: Annihilape|Rage Fist|p1a: Lycanroc\n|-crit|p1a: Lycanroc\n|-enditem|p1a: Lycanroc|Focus Sash\n|-damage|p1a: Lycanroc|1\/100\n|move|p1b: Tatsugiri|Draco Meteor|p2b: Annihilape\n|-damage|p2b: Annihilape|0 fnt\n|-unboost|p1b: Tatsugiri|spa|2\n|faint|p2b: Annihilape\n|cant|p2a: Rillaboom|flinch\n|\n|-weather|Sandstorm|[upkeep]\n|-damage|p1b: Tatsugiri|94\/100|[from] Sandstorm\n|-damage|p2a: Rillaboom|66\/100|[from] Sandstorm\n|-heal|p1a: Lycanroc|7\/100|[from] Grassy Terrain\n|-heal|p1b: Tatsugiri|100\/100|[from] Grassy Terrain\n|-heal|p2a: Rillaboom|72\/100|[from] Grassy Terrain\n|upkeep\n|\n|t:|1725230008\n|switch|p2b: Pelipper|Pelipper, L50, M|100\/100\n|-weather|RainDance|[from] ability: Drizzle|[of] p2b: Pelipper\n|turn|3\n|inactive|gothitellevgc has 30 seconds left.\n|\n|t:|1725230037\n|switch|p1a: Dondozo|Dondozo, L50, F|100\/100\n|-activate|p1b: Tatsugiri|ability: Commander|[of] p1a: Dondozo\n|-boost|p1a: Dondozo|atk|2\n|-boost|p1a: Dondozo|spa|2\n|-boost|p1a: Dondozo|spe|2\n|-boost|p1a: Dondozo|def|2\n|-boost|p1a: Dondozo|spd|2\n|move|p2a: Rillaboom|Grassy Glide|p1a: Dondozo\n|-supereffective|p1a: Dondozo\n|-damage|p1a: Dondozo|65\/100\n|move|p2b: Pelipper|Tailwind|p2b: Pelipper\n|-sidestart|p2: anton19|move: Tailwind\n|\n|-weather|RainDance|[upkeep]\n|-heal|p2a: Rillaboom|78\/100|[from] Grassy Terrain\n|-heal|p1a: Dondozo|71\/100|[from] Grassy Terrain\n|upkeep\n|turn|4\n|\n|t:|1725230047\n|move|p2b: Pelipper|Hurricane|p1a: Dondozo\n|-damage|p1a: Dondozo|40\/100\n|move|p2a: Rillaboom|Wood Hammer|p1a: Dondozo\n|-supereffective|p1a: Dondozo\n|-damage|p1a: Dondozo|0 fnt\n|faint|p1a: Dondozo\n|-damage|p2a: Rillaboom|64\/100|[from] Recoil\n|\n|-weather|RainDance|[upkeep]\n|-heal|p2a: Rillaboom|70\/100|[from] Grassy Terrain\n|upkeep\n|\n|t:|1725230052\n|switch|p1a: Lycanroc|Lycanroc, L50, F|7\/100\n|turn|5\n|j| mr pogostick\n|l| SparkySign\n|\n|t:|1725230068\n|move|p1a: Lycanroc|Protect|p1a: Lycanroc\n|-singleturn|p1a: Lycanroc|Protect\n|move|p2a: Rillaboom|Grassy Glide|p1a: Lycanroc\n|-activate|p1a: Lycanroc|move: Protect\n|move|p2b: Pelipper|Hurricane|p1b: Tatsugiri\n|-damage|p1b: Tatsugiri|31\/100\n|move|p1b: Tatsugiri|Draco Meteor|p2a: Rillaboom\n|-damage|p2a: Rillaboom|13\/100\n|-unboost|p1b: Tatsugiri|spa|2\n|\n|-weather|RainDance|[upkeep]\n|-heal|p2a: Rillaboom|19\/100|[from] Grassy Terrain\n|-heal|p1a: Lycanroc|13\/100|[from] Grassy Terrain\n|-heal|p1b: Tatsugiri|37\/100|[from] Grassy Terrain\n|upkeep\n|turn|6\n|\n|t:|1725230079\n|move|p1a: Lycanroc|Protect||[still]\n|-fail|p1a: Lycanroc\n|move|p2a: Rillaboom|Grassy Glide|p1a: Lycanroc\n|-supereffective|p1a: Lycanroc\n|-damage|p1a: Lycanroc|0 fnt\n|faint|p1a: Lycanroc\n|move|p2b: Pelipper|Hurricane|p1b: Tatsugiri\n|-damage|p1b: Tatsugiri|0 fnt\n|faint|p1b: Tatsugiri\n|\n|win|anton19\n|raw|gothitellevgc's rating: 1779 &rarr; <strong>1752<\/strong><br \/>(-27 for losing)\n|raw|anton19's rating: 1647 &rarr; <strong>1674<\/strong><br \/>(+27 for winning)\n|l| mr pogostick\n|l| DaN00biest\n","uploadtime":1725230347,"views":27,"formatid":"gen9vgc2024regh","rating":1674,"private":0,"password":null}