{"id":"gen9vgc2024regh-2192837281","format":"[Gen 9] VGC 2024 Reg H","players":["Tommytinkle","superpowerpoke"],"log":"|j|\u2606Tommytinkle\n|j|\u2606superpowerpoke\n|t:|1725262379\n|gametype|doubles\n|player|p1|Tommytinkle|1|1745\n|player|p2|superpowerpoke|101|1803\n|teamsize|p1|6\n|teamsize|p2|6\n|gen|9\n|tier|[Gen 9] VGC 2024 Reg H\n|rated|\n|rule|Species Clause: Limit one of each Pok\u00e9mon\n|rule|Item Clause: Limit 1 of each item\n|clearpoke\n|poke|p1|Garchomp, L50, F|\n|poke|p1|Dragonite, L50, M|\n|poke|p1|Annihilape, L50, F|\n|poke|p1|Maushold, L50|\n|poke|p1|Tyranitar, L50, M|\n|poke|p1|Primarina, L50, F|\n|poke|p2|Ursaluna-Bloodmoon, L50, M|\n|poke|p2|Ninetales-Alola, L50, F|\n|poke|p2|Incineroar, L50, M|\n|poke|p2|Basculegion-F, L50, F|\n|poke|p2|Sneasler, L50, M|\n|poke|p2|Armarouge, L50, F|\n|teampreview|4\n|inactive|Battle timer is ON: inactive players will automatically lose when time's up. (requested by Tommytinkle)\n|inactive|Tommytinkle has 60 seconds left.\n|\n|t:|1725262416\n|start\n|switch|p1a: Garchomp|Garchomp, L50, F|100\/100\n|switch|p1b: Dragonite|Dragonite, L50, M|100\/100\n|switch|p2a: Sneasler|Sneasler, L50, M|100\/100\n|switch|p2b: Basculegion|Basculegion-F, L50, F|100\/100\n|turn|1\n|\n|t:|1725262428\n|switch|p2a: Ninetales|Ninetales-Alola, L50, F|100\/100\n|-weather|Snow|[from] ability: Snow Warning|[of] p2a: Ninetales\n|move|p1a: Garchomp|Protect|p1a: Garchomp\n|-singleturn|p1a: Garchomp|Protect\n|move|p2b: Basculegion|Blizzard|p1a: Garchomp|[spread] p1b\n|-activate|p1a: Garchomp|move: Protect\n|-supereffective|p1b: Dragonite\n|-damage|p1b: Dragonite|60\/100\n|-status|p1b: Dragonite|frz\n|-curestatus|p1b: Dragonite|frz|[msg]\n|move|p1b: Dragonite|Tailwind|p1b: Dragonite\n|-sidestart|p1: Tommytinkle|move: Tailwind\n|\n|-weather|Snow|[upkeep]\n|upkeep\n|turn|2\n|inactive|Tommytinkle has 30 seconds left.\n|inactive|superpowerpoke has 30 seconds left.\n|\n|t:|1725262461\n|switch|p1b: Tyranitar|Tyranitar, L50, M|100\/100\n|-weather|Sandstorm|[from] ability: Sand Stream|[of] p1b: Tyranitar\n|switch|p2a: Ursaluna|Ursaluna-Bloodmoon, L50, M|100\/100\n|move|p1a: Garchomp|Rock Slide|p2b: Basculegion|[spread] p2a,p2b\n|-resisted|p2a: Ursaluna\n|-damage|p2a: Ursaluna|91\/100\n|-damage|p2b: Basculegion|69\/100\n|-damage|p1a: Garchomp|91\/100|[from] item: Life Orb\n|move|p2b: Basculegion|Blizzard|p1b: Tyranitar|[spread] p1b\n|-miss|p2b: Basculegion|p1a: Garchomp\n|-damage|p1b: Tyranitar|91\/100\n|\n|-weather|Sandstorm|[upkeep]\n|-damage|p2b: Basculegion|63\/100|[from] Sandstorm\n|upkeep\n|turn|3\n|inactive|Tommytinkle has 30 seconds left.\n|inactive|superpowerpoke has 30 seconds left.\n|inactive|superpowerpoke has 20 seconds left.\n|inactive|superpowerpoke has 15 seconds left.\n|\n|t:|1725262502\n|switch|p2b: Ninetales|Ninetales-Alola, L50, F|100\/100\n|-weather|Snow|[from] ability: Snow Warning|[of] p2b: Ninetales\n|switch|p1b: Dragonite|Dragonite, L50, M|60\/100\n|-terastallize|p1a: Garchomp|Ground\n|move|p1a: Garchomp|Earthquake|p2b: Ninetales|[spread] p2a,p2b\n|-immune|p1b: Dragonite\n|-damage|p2a: Ursaluna|37\/100\n|-damage|p2b: Ninetales|38\/100\n|-damage|p1a: Garchomp|81\/100|[from] item: Life Orb\n|move|p2a: Ursaluna|Blood Moon|p1a: Garchomp\n|-damage|p1a: Garchomp|0 fnt\n|faint|p1a: Garchomp\n|\n|-weather|Snow|[upkeep]\n|upkeep\n|j| garonpappa\n|\n|t:|1725262521\n|switch|p1a: Tyranitar|Tyranitar, L50, M|91\/100\n|-weather|Sandstorm|[from] ability: Sand Stream|[of] p1a: Tyranitar\n|turn|4\n|\n|t:|1725262545\n|move|p2b: Ninetales|Protect|p2b: Ninetales\n|-singleturn|p2b: Ninetales|Protect\n|move|p1b: Dragonite|Thunder Wave|p2b: Ninetales\n|-activate|p2b: Ninetales|move: Protect\n|move|p1a: Tyranitar|Low Kick|p2a: Ursaluna\n|-supereffective|p2a: Ursaluna\n|-damage|p2a: Ursaluna|0 fnt\n|faint|p2a: Ursaluna\n|\n|-weather|Sandstorm|[upkeep]\n|-damage|p1b: Dragonite|54\/100|[from] Sandstorm\n|-damage|p2b: Ninetales|32\/100|[from] Sandstorm\n|-sideend|p1: Tommytinkle|move: Tailwind\n|upkeep\n|\n|t:|1725262559\n|switch|p2a: Sneasler|Sneasler, L50, M|100\/100\n|turn|5\n|\n|t:|1725262568\n|switch|p1a: Primarina|Primarina, L50, F|100\/100\n|move|p2a: Sneasler|Close Combat|p1a: Primarina\n|-resisted|p1a: Primarina\n|-damage|p1a: Primarina|62\/100\n|-unboost|p2a: Sneasler|def|1\n|-unboost|p2a: Sneasler|spd|1\n|move|p2b: Ninetales|Moonblast|p1b: Dragonite\n|-supereffective|p1b: Dragonite\n|-damage|p1b: Dragonite|0 fnt\n|faint|p1b: Dragonite\n|\n|-weather|Sandstorm|[upkeep]\n|-damage|p2a: Sneasler|95\/100|[from] Sandstorm\n|-damage|p2b: Ninetales|26\/100|[from] Sandstorm\n|-damage|p1a: Primarina|56\/100|[from] Sandstorm\n|upkeep\n|\n|t:|1725262578\n|switch|p1b: Tyranitar|Tyranitar, L50, M|91\/100\n|turn|6\n|\n|t:|1725262590\n|move|p2a: Sneasler|Close Combat|p1b: Tyranitar\n|-supereffective|p1b: Tyranitar\n|-damage|p1b: Tyranitar|0 fnt\n|-unboost|p2a: Sneasler|def|1\n|-unboost|p2a: Sneasler|spd|1\n|faint|p1b: Tyranitar\n|move|p2b: Ninetales|Moonblast|p1a: Primarina\n|-damage|p1a: Primarina|20\/100\n|-enditem|p1a: Primarina|Sitrus Berry|[eat]\n|-heal|p1a: Primarina|45\/100|[from] item: Sitrus Berry\n|move|p1a: Primarina|Hyper Voice|p2b: Ninetales|[spread] p2a,p2b\n|-damage|p2a: Sneasler|0 fnt\n|-damage|p2b: Ninetales|0 fnt\n|faint|p2a: Sneasler\n|faint|p2b: Ninetales\n|\n|-weather|Sandstorm|[upkeep]\n|-damage|p1a: Primarina|39\/100|[from] Sandstorm\n|upkeep\n|\n|t:|1725262603\n|switch|p2b: Basculegion|Basculegion-F, L50, F|63\/100\n|turn|7\n|\n|t:|1725262609\n|move|p2b: Basculegion|Shadow Ball|p1a: Primarina\n|-damage|p1a: Primarina|0 fnt\n|faint|p1a: Primarina\n|\n|win|superpowerpoke\n|raw|Tommytinkle's rating: 1745 &rarr; <strong>1728<\/strong><br \/>(-17 for losing)\n|raw|superpowerpoke's rating: 1803 &rarr; <strong>1820<\/strong><br \/>(+17 for winning)\n|l|\u2606Tommytinkle\n|player|p1|\n|l|\u2606superpowerpoke\n|player|p2|\n|l| garonpappa\n","uploadtime":1725262875,"views":127,"formatid":"gen9vgc2024regh","rating":1728,"private":0,"password":null}