{"id":"gen9vgc2024regh-2192895455","format":"[Gen 9] VGC 2024 Reg H","players":["stbai","MattManectric"],"log":"|j|\u2606stbai\n|j|\u2606MattManectric\n|t:|1725272854\n|gametype|doubles\n|player|p1|stbai|janitor|1649\n|player|p2|MattManectric|riley|1708\n|teamsize|p1|6\n|teamsize|p2|6\n|gen|9\n|tier|[Gen 9] VGC 2024 Reg H\n|rated|\n|rule|Species Clause: Limit one of each Pok\u00e9mon\n|rule|Item Clause: Limit 1 of each item\n|clearpoke\n|poke|p1|Tatsugiri, L50, M|\n|poke|p1|Smeargle, L50, F|\n|poke|p1|Gholdengo, L50|\n|poke|p1|Kleavor, L50, F|\n|poke|p1|Ursaluna-Bloodmoon, L50, M|\n|poke|p1|Dondozo, L50, M|\n|poke|p2|Porygon2, L50|\n|poke|p2|Ursaluna, L50, F|\n|poke|p2|Amoonguss, L50, M|\n|poke|p2|Incineroar, L50, F|\n|poke|p2|Basculegion, L50, M|\n|poke|p2|Flamigo, L50, M|\n|teampreview|4\n|inactive|Battle timer is ON: inactive players will automatically lose when time's up. (requested by stbai)\n|inactive|MattManectric has 60 seconds left.\n|\n|t:|1725272895\n|start\n|switch|p1a: Smeargle|Smeargle, L50, F|100\/100\n|switch|p1b: Kleavor|Kleavor, L50, F|100\/100\n|switch|p2a: Amoonguss|Amoonguss, L50, M|100\/100\n|switch|p2b: Incineroar|Incineroar, L50, F|100\/100\n|-ability|p2b: Incineroar|Intimidate|boost\n|-unboost|p1a: Smeargle|atk|1\n|-fail|p1b: Kleavor|unboost|[from] item: Clear Amulet|[of] p1b: Kleavor\n|turn|1\n|\n|t:|1725272918\n|move|p1a: Smeargle|Baneful Bunker|p1a: Smeargle\n|-singleturn|p1a: Smeargle|move: Protect\n|move|p2b: Incineroar|Fake Out|p1b: Kleavor\n|-resisted|p1b: Kleavor\n|-damage|p1b: Kleavor|93\/100\n|cant|p1b: Kleavor|flinch\n|move|p2a: Amoonguss|Spore|p1a: Smeargle\n|-activate|p1a: Smeargle|move: Protect\n|\n|-ability|p1a: Smeargle|Moody|boost\n|-boost|p1a: Smeargle|spd|2\n|-unboost|p1a: Smeargle|spa|1\n|upkeep\n|turn|2\n|inactive|MattManectric has 30 seconds left.\n|\n|t:|1725272948\n|switch|p2b: Ursaluna|Ursaluna, L50, F|100\/100\n|move|p1b: Kleavor|Stone Axe|p2b: Ursaluna\n|-resisted|p2b: Ursaluna\n|-crit|p2b: Ursaluna\n|-damage|p2b: Ursaluna|74\/100\n|-sidestart|p2: MattManectric|move: Stealth Rock\n|move|p1a: Smeargle|Salt Cure|p2b: Ursaluna\n|-resisted|p2b: Ursaluna\n|-damage|p2b: Ursaluna|73\/100\n|-start|p2b: Ursaluna|Salt Cure\n|move|p2a: Amoonguss|Spore|p1b: Kleavor\n|-status|p1b: Kleavor|slp|[from] move: Spore\n|\n|-damage|p2b: Ursaluna|61\/100|[from] Salt Cure\n|-ability|p1a: Smeargle|Moody|boost\n|-boost|p1a: Smeargle|atk|2\n|-unboost|p1a: Smeargle|spa|1\n|-status|p2b: Ursaluna|brn|[from] item: Flame Orb\n|upkeep\n|turn|3\n|\n|t:|1725272961\n|switch|p1b: Dondozo|Dondozo, L50, M|100\/100\n|move|p1a: Smeargle|Simple Beam|p1b: Dondozo\n|-endability|p1b: Dondozo|Unaware|[from] move: Simple Beam\n|-ability|p1b: Dondozo|Simple|[from] move: Simple Beam\n|move|p2b: Ursaluna|Headlong Rush|p1b: Dondozo\n|-damage|p1b: Dondozo|24\/100\n|-unboost|p2b: Ursaluna|def|1\n|-unboost|p2b: Ursaluna|spd|1\n|move|p2a: Amoonguss|Sludge Bomb|p1a: Smeargle\n|-damage|p1a: Smeargle|74\/100\n|\n|-heal|p1b: Dondozo|30\/100|[from] item: Leftovers\n|-damage|p2b: Ursaluna|55\/100 brn|[from] brn\n|-damage|p2b: Ursaluna|43\/100 brn|[from] Salt Cure\n|-ability|p1a: Smeargle|Moody|boost\n|-boost|p1a: Smeargle|atk|2\n|-unboost|p1a: Smeargle|spe|1\n|upkeep\n|turn|4\n|\n|t:|1725272985\n|switch|p1a: Tatsugiri|Tatsugiri, L50, M|100\/100\n|-activate|p1a: Tatsugiri|ability: Commander|[of] p1b: Dondozo\n|-boost|p1b: Dondozo|atk|4\n|-boost|p1b: Dondozo|spa|4\n|-boost|p1b: Dondozo|spe|4\n|-boost|p1b: Dondozo|def|4\n|-boost|p1b: Dondozo|spd|4\n|move|p2a: Amoonguss|Rage Powder|p2a: Amoonguss\n|-singleturn|p2a: Amoonguss|move: Rage Powder\n|move|p1b: Dondozo|Substitute|p1b: Dondozo\n|-start|p1b: Dondozo|Substitute\n|-damage|p1b: Dondozo|5\/100\n|move|p2b: Ursaluna|Facade|p1a: Tatsugiri|[miss]\n|-miss|p2b: Ursaluna|p1a: Tatsugiri\n|\n|-heal|p1b: Dondozo|11\/100|[from] item: Leftovers\n|-damage|p2b: Ursaluna|37\/100 brn|[from] brn\n|-damage|p2b: Ursaluna|25\/100 brn|[from] Salt Cure\n|upkeep\n|turn|5\n|j| blazikenite97\n|inactive|MattManectric has 30 seconds left.\n|inactive|MattManectric has 20 seconds left.\n|inactive|MattManectric has 15 seconds left.\n|\n|t:|1725273028\n|move|p1b: Dondozo|Protect|p1b: Dondozo\n|-singleturn|p1b: Dondozo|Protect\n|move|p2a: Amoonguss|Rage Powder|p2a: Amoonguss\n|-singleturn|p2a: Amoonguss|move: Rage Powder\n|move|p2b: Ursaluna|Facade|p1b: Dondozo\n|-activate|p1b: Dondozo|move: Protect\n|\n|-heal|p1b: Dondozo|17\/100|[from] item: Leftovers\n|-damage|p2b: Ursaluna|19\/100 brn|[from] brn\n|-damage|p2b: Ursaluna|6\/100 brn|[from] Salt Cure\n|upkeep\n|turn|6\n|j| kuvii\n|\n|t:|1725273042\n|move|p1b: Dondozo|Earthquake|p2a: Amoonguss|[spread] p2a,p2b\n|-miss|p1b: Dondozo|p1a: Tatsugiri\n|-damage|p2a: Amoonguss|43\/100\n|-damage|p2b: Ursaluna|0 fnt\n|faint|p2b: Ursaluna\n|move|p2a: Amoonguss|Sludge Bomb|p1b: Dondozo\n|-activate|p1b: Dondozo|move: Substitute|[damage]\n|\n|-heal|p1b: Dondozo|23\/100|[from] item: Leftovers\n|upkeep\n|\n|t:|1725273049\n|switch|p2b: Basculegion|Basculegion, L50, M|100\/100\n|-damage|p2b: Basculegion|88\/100|[from] Stealth Rock\n|turn|7\n|\n|t:|1725273063\n|switch|p2b: Incineroar|Incineroar, L50, F|100\/100\n|-damage|p2b: Incineroar|75\/100|[from] Stealth Rock\n|-ability|p2b: Incineroar|Intimidate|boost\n|-unboost|p1a: Tatsugiri|atk|1\n|-immune|p1b: Dondozo\n|move|p2a: Amoonguss|Protect|p2a: Amoonguss\n|-singleturn|p2a: Amoonguss|Protect\n|move|p1b: Dondozo|Earthquake|p2b: Incineroar|[spread] p2b\n|-miss|p1b: Dondozo|p1a: Tatsugiri\n|-activate|p2a: Amoonguss|move: Protect\n|-supereffective|p2b: Incineroar\n|-damage|p2b: Incineroar|0 fnt\n|faint|p2b: Incineroar\n|\n|-heal|p1b: Dondozo|29\/100|[from] item: Leftovers\n|upkeep\n|\n|t:|1725273066\n|switch|p2b: Basculegion|Basculegion, L50, M|88\/100\n|-damage|p2b: Basculegion|76\/100|[from] Stealth Rock\n|turn|8\n|\n|t:|1725273084\n|-terastallize|p2b: Basculegion|Ghost\n|move|p1b: Dondozo|Order Up|p2a: Amoonguss\n|-damage|p2a: Amoonguss|0 fnt\n|faint|p2a: Amoonguss\n|-boost|p1b: Dondozo|atk|2\n|move|p2b: Basculegion|Last Respects|p1b: Dondozo\n|-end|p1b: Dondozo|Substitute\n|\n|-heal|p1b: Dondozo|35\/100|[from] item: Leftovers\n|upkeep\n|turn|9\n|\n|t:|1725273097\n|move|p1b: Dondozo|Order Up|p2b: Basculegion\n|-damage|p2b: Basculegion|0 fnt\n|faint|p2b: Basculegion\n|\n|win|stbai\n|raw|stbai's rating: 1649 &rarr; <strong>1672<\/strong><br \/>(+23 for winning)\n|raw|MattManectric's rating: 1708 &rarr; <strong>1685<\/strong><br \/>(-23 for losing)\n|l|\u2606MattManectric\n|player|p2|\n|l| blazikenite97\n|l|\u2606stbai\n|player|p1|\n","uploadtime":1725273106,"views":41,"formatid":"gen9vgc2024regh","rating":1672,"private":0,"password":null}