{"id":"gen9vgc2024regh-2192465284","format":"[Gen 9] VGC 2024 Reg H","players":["patoathie","nicouser"],"log":"|j|\u2606patoathie\n|j|\u2606nicouser\n|t:|1725214770\n|gametype|doubles\n|player|p1|patoathie|170|1758\n|player|p2|nicouser|265|1693\n|teamsize|p1|6\n|teamsize|p2|6\n|gen|9\n|tier|[Gen 9] VGC 2024 Reg H\n|rated|\n|rule|Species Clause: Limit one of each Pok\u00e9mon\n|rule|Item Clause: Limit 1 of each item\n|clearpoke\n|poke|p1|Pawmot, L50, F|\n|poke|p1|Volcarona, L50, M|\n|poke|p1|Gholdengo, L50|\n|poke|p1|Rillaboom, L50, M|\n|poke|p1|Primarina, L50, M|\n|poke|p1|Hydreigon, L50, M|\n|poke|p2|Kilowattrel, L50, M|\n|poke|p2|Garchomp, L50, F|\n|poke|p2|Arcanine-Hisui, L50, F|\n|poke|p2|Gholdengo, L50|\n|poke|p2|Rillaboom, L50, F|\n|poke|p2|Primarina, L50, F|\n|teampreview|4\n|j| Andy8105\n|\n|t:|1725214855\n|start\n|switch|p1a: Pawmot|Pawmot, L50, F, shiny|100\/100\n|switch|p1b: Hydreigon|Hydreigon, L50, M|100\/100\n|switch|p2a: Kilowattrel|Kilowattrel, L50, M, shiny|100\/100\n|switch|p2b: Garchomp|Garchomp, L50, F|100\/100\n|turn|1\n|\n|t:|1725214892\n|move|p2a: Kilowattrel|Protect|p2a: Kilowattrel\n|-singleturn|p2a: Kilowattrel|Protect\n|move|p2b: Garchomp|Protect|p2b: Garchomp\n|-singleturn|p2b: Garchomp|Protect\n|move|p1a: Pawmot|Fake Out|p2b: Garchomp\n|-activate|p2b: Garchomp|move: Protect\n|move|p1b: Hydreigon|Tailwind|p1b: Hydreigon\n|-sidestart|p1: patoathie|move: Tailwind\n|\n|upkeep\n|turn|2\n|\n|t:|1725214924\n|move|p1a: Pawmot|Double Shock|p2a: Kilowattrel\n|-enditem|p2a: Kilowattrel|Focus Sash\n|-damage|p2a: Kilowattrel|1\/100\n|-start|p1a: Pawmot|typechange|???\/Fighting|[from] move: Double Shock\n|move|p1b: Hydreigon|Dark Pulse|p2a: Kilowattrel\n|-damage|p2a: Kilowattrel|0 fnt\n|faint|p2a: Kilowattrel\n|-damage|p1b: Hydreigon|91\/100|[from] item: Life Orb\n|move|p2b: Garchomp|Earthquake|p1b: Hydreigon|[spread] p1a\n|-immune|p1b: Hydreigon|[from] ability: Levitate\n|-crit|p1a: Pawmot\n|-damage|p1a: Pawmot|11\/100\n|\n|upkeep\n|\n|t:|1725214933\n|switch|p2a: Arcanine|Arcanine-Hisui, L50, F|100\/100\n|-ability|p2a: Arcanine|Intimidate|boost\n|-unboost|p1a: Pawmot|atk|1\n|-unboost|p1b: Hydreigon|atk|1\n|turn|3\n|\n|t:|1725214960\n|move|p2a: Arcanine|Extreme Speed|p1a: Pawmot\n|-damage|p1a: Pawmot|0 fnt\n|faint|p1a: Pawmot\n|move|p1b: Hydreigon|Draco Meteor|p2b: Garchomp\n|-supereffective|p2b: Garchomp\n|-damage|p2b: Garchomp|0 fnt\n|-unboost|p1b: Hydreigon|spa|2\n|faint|p2b: Garchomp\n|-damage|p1b: Hydreigon|81\/100|[from] item: Life Orb\n|\n|upkeep\n|\n|t:|1725214967\n|switch|p1a: Gholdengo|Gholdengo, L50, shiny|100\/100\n|switch|p2b: Gholdengo|Gholdengo, L50, shiny|100\/100\n|turn|4\n|\n|t:|1725214978\n|-terastallize|p1a: Gholdengo|Steel\n|-terastallize|p2a: Arcanine|Grass\n|move|p2a: Arcanine|Extreme Speed|p1b: Hydreigon\n|-damage|p1b: Hydreigon|38\/100\n|move|p1a: Gholdengo|Make It Rain|p2a: Arcanine|[spread] p2a,p2b\n|-resisted|p2b: Gholdengo\n|-damage|p2a: Arcanine|19\/100\n|-damage|p2b: Gholdengo|65\/100\n|-unboost|p1a: Gholdengo|spa|1\n|move|p1b: Hydreigon|Dark Pulse|p2b: Gholdengo\n|-supereffective|p2b: Gholdengo\n|-damage|p2b: Gholdengo|15\/100\n|-damage|p1b: Hydreigon|28\/100|[from] item: Life Orb\n|move|p2b: Gholdengo|Shadow Ball|p1a: Gholdengo\n|-damage|p1a: Gholdengo|30\/100\n|\n|-sideend|p1: patoathie|move: Tailwind\n|upkeep\n|turn|5\n|\n|t:|1725215005\n|move|p1b: Hydreigon|Protect|p1b: Hydreigon\n|-singleturn|p1b: Hydreigon|Protect\n|move|p2a: Arcanine|Extreme Speed|p1b: Hydreigon\n|-activate|p1b: Hydreigon|move: Protect\n|move|p1a: Gholdengo|Make It Rain|p2b: Gholdengo|[spread] p2a,p2b\n|-resisted|p2b: Gholdengo\n|-damage|p2a: Arcanine|0 fnt\n|-damage|p2b: Gholdengo|0 fnt\n|-unboost|p1a: Gholdengo|spa|1\n|faint|p2a: Arcanine\n|faint|p2b: Gholdengo\n|\n|win|patoathie\n|raw|patoathie's rating: 1758 &rarr; <strong>1774<\/strong><br \/>(+16 for winning)\n|raw|nicouser's rating: 1693 &rarr; <strong>1677<\/strong><br \/>(-16 for losing)\n|l| Andy8105\n|l|\u2606patoathie\n|player|p1|\n","uploadtime":1725215264,"views":16,"formatid":"gen9vgc2024regh","rating":1677,"private":0,"password":null}