{"id":"gen9vgc2024regh-2192608511","format":"[Gen 9] VGC 2024 Reg H","players":["gothitellevgc","dex2299"],"log":"|j|\u2606gothitellevgc\n|j|\u2606dex2299\n|t:|1725230445\n|gametype|doubles\n|player|p1|gothitellevgc|palmer|1703\n|player|p2|dex2299|265|1671\n|teamsize|p1|6\n|teamsize|p2|6\n|gen|9\n|tier|[Gen 9] VGC 2024 Reg H\n|rated|\n|rule|Species Clause: Limit one of each Pok\u00e9mon\n|rule|Item Clause: Limit 1 of each item\n|clearpoke\n|poke|p1|Lycanroc, L50, F|\n|poke|p1|Tyranitar, L50, F|\n|poke|p1|Indeedee-F, L50, F|\n|poke|p1|Armarouge, L50, F|\n|poke|p1|Dondozo, L50, F|\n|poke|p1|Tatsugiri-Droopy, L50, M|\n|poke|p2|Whimsicott, L50, M|\n|poke|p2|Typhlosion-Hisui, L50, M|\n|poke|p2|Farigiraf, L50, F|\n|poke|p2|Rillaboom, L50, F|\n|poke|p2|Primarina, L50, M|\n|poke|p2|Incineroar, L50, F|\n|teampreview|4\n|inactive|Battle timer is ON: inactive players will automatically lose when time's up. (requested by gothitellevgc)\n|inactive|dex2299 has 60 seconds left.\n|\n|t:|1725230483\n|start\n|switch|p1a: Armarouge|Armarouge, L50, F|100\/100\n|switch|p1b: Dondozo|Dondozo, L50, F|100\/100\n|switch|p2a: Incineroar|Incineroar, L50, F|100\/100\n|switch|p2b: Primarina|Primarina, L50, M|100\/100\n|-ability|p2a: Incineroar|Intimidate|boost\n|-unboost|p1a: Armarouge|atk|1\n|-unboost|p1b: Dondozo|atk|1\n|turn|1\n|inactive|gothitellevgc has 30 seconds left.\n|\n|t:|1725230510\n|switch|p1b: Indeedee|Indeedee-F, L50, F|100\/100\n|-fieldstart|move: Psychic Terrain|[from] ability: Psychic Surge|[of] p1b: Indeedee\n|move|p1a: Armarouge|Energy Ball|p2b: Primarina\n|-supereffective|p2b: Primarina\n|-damage|p2b: Primarina|24\/100\n|-damage|p1a: Armarouge|91\/100|[from] item: Life Orb\n|move|p2a: Incineroar|Knock Off|p1b: Indeedee\n|-supereffective|p1b: Indeedee\n|-damage|p1b: Indeedee|28\/100\n|-enditem|p1b: Indeedee|Safety Goggles|[from] move: Knock Off|[of] p2a: Incineroar\n|move|p2b: Primarina|Hyper Voice|p1a: Armarouge|[spread] p1a,p1b\n|-supereffective|p1a: Armarouge\n|-damage|p1a: Armarouge|5\/100\n|-damage|p1b: Indeedee|0 fnt\n|faint|p1b: Indeedee\n|-enditem|p2b: Primarina|Throat Spray\n|-boost|p2b: Primarina|spa|1|[from] item: Throat Spray\n|\n|upkeep\n|\n|t:|1725230519\n|switch|p1b: Dondozo|Dondozo, L50, F|100\/100\n|turn|2\n|j| orangedbarnes\n|\n|t:|1725230534\n|switch|p1a: Tatsugiri|Tatsugiri-Droopy, L50, M|100\/100\n|-activate|p1a: Tatsugiri|ability: Commander|[of] p1b: Dondozo\n|-boost|p1b: Dondozo|atk|2\n|-boost|p1b: Dondozo|spa|2\n|-boost|p1b: Dondozo|spe|2\n|-boost|p1b: Dondozo|def|2\n|-boost|p1b: Dondozo|spd|2\n|switch|p2b: Farigiraf|Farigiraf, L50, F|100\/100\n|move|p1b: Dondozo|Wave Crash|p2a: Incineroar\n|-supereffective|p2a: Incineroar\n|-crit|p2a: Incineroar\n|-damage|p2a: Incineroar|0 fnt\n|faint|p2a: Incineroar\n|-damage|p1b: Dondozo|71\/100|[from] Recoil\n|\n|upkeep\n|\n|t:|1725230551\n|switch|p2a: Rillaboom|Rillaboom, L50, F|100\/100\n|-fieldstart|move: Grassy Terrain|[from] ability: Grassy Surge|[of] p2a: Rillaboom\n|turn|3\n|\n|t:|1725230556\n|-terastallize|p1b: Dondozo|Grass\n|move|p2a: Rillaboom|Fake Out|p1b: Dondozo\n|-damage|p1b: Dondozo|66\/100\n|cant|p1b: Dondozo|flinch\n|move|p2b: Farigiraf|Trick Room|p2b: Farigiraf\n|-fieldstart|move: Trick Room|[of] p2b: Farigiraf\n|\n|-heal|p1b: Dondozo|72\/100|[from] Grassy Terrain\n|upkeep\n|turn|4\n|\n|t:|1725230575\n|move|p2b: Farigiraf|Helping Hand|p2a: Rillaboom\n|-singleturn|p2a: Rillaboom|Helping Hand|[of] p2b: Farigiraf\n|move|p2a: Rillaboom|U-turn|p1b: Dondozo\n|-supereffective|p1b: Dondozo\n|-damage|p1b: Dondozo|45\/100\n|\n|t:|1725230580\n|switch|p2a: Primarina|Primarina, L50, M|24\/100|[from] U-turn\n|move|p1b: Dondozo|Tera Blast|p2b: Farigiraf|[anim] Tera Blast Grass\n|-damage|p2b: Farigiraf|14\/100\n|-enditem|p2b: Farigiraf|Sitrus Berry|[eat]\n|-heal|p2b: Farigiraf|39\/100|[from] item: Sitrus Berry\n|\n|-heal|p2b: Farigiraf|45\/100|[from] Grassy Terrain\n|-heal|p2a: Primarina|30\/100|[from] Grassy Terrain\n|-heal|p1b: Dondozo|52\/100|[from] Grassy Terrain\n|upkeep\n|turn|5\n|\n|t:|1725230600\n|move|p2b: Farigiraf|Psychic|p1b: Dondozo\n|-damage|p1b: Dondozo|30\/100\n|move|p2a: Primarina|Haze|p2a: Primarina\n|-clearallboost\n|move|p1b: Dondozo|Rest|p1b: Dondozo\n|-status|p1b: Dondozo|slp|[from] move: Rest\n|-enditem|p1b: Dondozo|Lum Berry|[eat]\n|-curestatus|p1b: Dondozo|slp|[msg]\n|-heal|p1b: Dondozo|100\/100|[silent]\n|\n|-heal|p2b: Farigiraf|50\/100|[from] Grassy Terrain\n|-heal|p2a: Primarina|35\/100|[from] Grassy Terrain\n|upkeep\n|turn|6\n|\n|t:|1725230613\n|move|p2b: Farigiraf|Psychic|p1b: Dondozo\n|-damage|p1b: Dondozo|56\/100\n|move|p2a: Primarina|Moonblast|p1b: Dondozo\n|-damage|p1b: Dondozo|0 fnt\n|faint|p1b: Dondozo\n|\n|-heal|p2b: Farigiraf|56\/100|[from] Grassy Terrain\n|-heal|p2a: Primarina|41\/100|[from] Grassy Terrain\n|upkeep\n|\n|t:|1725230618\n|switch|p1b: Armarouge|Armarouge, L50, F|5\/100\n|turn|7\n|\n|t:|1725230626\n|move|p2b: Farigiraf|Hyper Voice|p1b: Armarouge|[spread] p1a,p1b\n|-damage|p1a: Tatsugiri|65\/100\n|-damage|p1b: Armarouge|0 fnt\n|faint|p1b: Armarouge\n|move|p2a: Primarina|Moonblast|p1a: Tatsugiri\n|-supereffective|p1a: Tatsugiri\n|-damage|p1a: Tatsugiri|0 fnt\n|faint|p1a: Tatsugiri\n|\n|win|dex2299\n|raw|gothitellevgc's rating: 1703 &rarr; <strong>1681<\/strong><br \/>(-22 for losing)\n|raw|dex2299's rating: 1671 &rarr; <strong>1693<\/strong><br \/>(+22 for winning)\n|j| Scribbles40k\n|l|\u2606gothitellevgc\n|player|p1|\n|l|\u2606dex2299\n|player|p2|\n|c| orangedbarnes|gg\n|l| orangedbarnes\n","uploadtime":1725230774,"views":19,"formatid":"gen9vgc2024regh","rating":1681,"private":0,"password":null}