{"id":"gen9vgc2024regh-2192858001","format":"[Gen 9] VGC 2024 Reg H","players":["lieyanshu","superpowerpoke"],"log":"|j|\u2606lieyanshu\n|j|\u2606superpowerpoke\n|t:|1725266232\n|gametype|doubles\n|player|p1|lieyanshu|lucas|1685\n|player|p2|superpowerpoke|101|1796\n|teamsize|p1|6\n|teamsize|p2|6\n|gen|9\n|tier|[Gen 9] VGC 2024 Reg H\n|rated|\n|rule|Species Clause: Limit one of each Pok\u00e9mon\n|rule|Item Clause: Limit 1 of each item\n|clearpoke\n|poke|p1|Garchomp, L50, F|\n|poke|p1|Talonflame, L50, M|\n|poke|p1|Slaking, L50, M|\n|poke|p1|Weezing, L50, F|\n|poke|p1|Dondozo, L50, M|\n|poke|p1|Tatsugiri, L50, F|\n|poke|p2|Ursaluna-Bloodmoon, L50, M|\n|poke|p2|Ninetales-Alola, L50, F|\n|poke|p2|Incineroar, L50, F|\n|poke|p2|Basculegion-F, L50, F|\n|poke|p2|Sneasler, L50, M|\n|poke|p2|Armarouge, L50, M|\n|teampreview|4\n|\n|t:|1725266250\n|start\n|switch|p1a: Slaking|Slaking, L50, M|100\/100\n|switch|p1b: Weezing|Weezing, L50, F, shiny|100\/100\n|switch|p2a: Ursaluna|Ursaluna-Bloodmoon, L50, M|100\/100\n|switch|p2b: Sneasler|Sneasler, L50, M|100\/100\n|-ability|p1b: Weezing|Neutralizing Gas\n|turn|1\n|\n|t:|1725266275\n|-terastallize|p1a: Slaking|Ghost\n|move|p2b: Sneasler|Protect|p2b: Sneasler\n|-singleturn|p2b: Sneasler|Protect\n|move|p1a: Slaking|Knock Off|p2a: Ursaluna\n|-damage|p2a: Ursaluna|67\/100\n|-enditem|p2a: Ursaluna|Assault Vest|[from] move: Knock Off|[of] p1a: Slaking\n|move|p1b: Weezing|Toxic Spikes|p2a: Ursaluna\n|-sidestart|p2: superpowerpoke|move: Toxic Spikes\n|move|p2a: Ursaluna|Earth Power|p1b: Weezing\n|-supereffective|p1b: Weezing\n|-damage|p1b: Weezing|0 fnt\n|faint|p1b: Weezing\n|-end|p1b: Weezing|ability: Neutralizing Gas\n|\n|upkeep\n|j| skersh88\n|\n|t:|1725266287\n|switch|p1b: Dondozo|Dondozo, L50, M|100\/100\n|turn|2\n|\n|t:|1725266309\n|switch|p1a: Tatsugiri|Tatsugiri, L50, F|100\/100\n|-activate|p1a: Tatsugiri|ability: Commander|[of] p1b: Dondozo\n|-boost|p1b: Dondozo|atk|2\n|-boost|p1b: Dondozo|spa|2\n|-boost|p1b: Dondozo|spe|2\n|-boost|p1b: Dondozo|def|2\n|-boost|p1b: Dondozo|spd|2\n|-terastallize|p2a: Ursaluna|Normal\n|move|p1b: Dondozo|Protect|p1b: Dondozo\n|-singleturn|p1b: Dondozo|Protect\n|move|p2b: Sneasler|Dire Claw|p1b: Dondozo\n|-activate|p1b: Dondozo|move: Protect\n|move|p2a: Ursaluna|Blood Moon|p1b: Dondozo\n|-activate|p1b: Dondozo|move: Protect\n|\n|upkeep\n|turn|3\n|\n|t:|1725266325\n|move|p2b: Sneasler|Dire Claw|p1b: Dondozo\n|-damage|p1b: Dondozo|87\/100\n|-status|p1b: Dondozo|par\n|cant|p1b: Dondozo|par\n|move|p2a: Ursaluna|Hyper Voice|p1b: Dondozo|[spread] p1b\n|-miss|p2a: Ursaluna|p1a: Tatsugiri\n|-damage|p1b: Dondozo|64\/100 par\n|\n|-heal|p1b: Dondozo|70\/100 par|[from] item: Leftovers\n|upkeep\n|turn|4\n|\n|t:|1725266337\n|move|p2b: Sneasler|Close Combat|p1b: Dondozo\n|-damage|p1b: Dondozo|48\/100 par\n|-unboost|p2b: Sneasler|def|1\n|-unboost|p2b: Sneasler|spd|1\n|move|p1b: Dondozo|Earthquake|p2a: Ursaluna|[spread] p2a,p2b\n|-miss|p1b: Dondozo|p1a: Tatsugiri\n|-supereffective|p2b: Sneasler\n|-damage|p2a: Ursaluna|44\/100\n|-enditem|p2b: Sneasler|Focus Sash\n|-damage|p2b: Sneasler|1\/100\n|move|p2a: Ursaluna|Hyper Voice|p1b: Dondozo|[spread] p1b\n|-miss|p2a: Ursaluna|p1a: Tatsugiri\n|-damage|p1b: Dondozo|26\/100 par\n|\n|-heal|p1b: Dondozo|33\/100 par|[from] item: Leftovers\n|upkeep\n|turn|5\n|\n|t:|1725266354\n|move|p2b: Sneasler|Close Combat|p1b: Dondozo\n|-damage|p1b: Dondozo|12\/100 par\n|-unboost|p2b: Sneasler|def|1\n|-unboost|p2b: Sneasler|spd|1\n|move|p1b: Dondozo|Earthquake|p2b: Sneasler|[spread] p2a,p2b\n|-miss|p1b: Dondozo|p1a: Tatsugiri\n|-supereffective|p2b: Sneasler\n|-damage|p2a: Ursaluna|20\/100\n|-damage|p2b: Sneasler|0 fnt\n|faint|p2b: Sneasler\n|move|p2a: Ursaluna|Hyper Voice|p1b: Dondozo|[spread] p1b\n|-miss|p2a: Ursaluna|p1a: Tatsugiri\n|-damage|p1b: Dondozo|0 fnt\n|faint|p1b: Dondozo\n|\n|upkeep\n|\n|t:|1725266372\n|switch|p2b: Ninetales|Ninetales-Alola, L50, F|100\/100\n|switch|p1b: Slaking|Slaking, L50, M, tera:Ghost|100\/100\n|-status|p2b: Ninetales|psn\n|-weather|Snow|[from] ability: Snow Warning|[of] p2b: Ninetales\n|turn|6\n|\n|t:|1725266395\n|move|p2a: Ursaluna|Vacuum Wave|p1a: Tatsugiri\n|-damage|p1a: Tatsugiri|81\/100\n|move|p1b: Slaking|Double-Edge|p2b: Ninetales\n|-damage|p2b: Ninetales|19\/100 psn\n|-damage|p1b: Slaking|82\/100|[from] Recoil\n|move|p2b: Ninetales|Moonblast|p1a: Tatsugiri\n|-supereffective|p1a: Tatsugiri\n|-damage|p1a: Tatsugiri|0 fnt\n|faint|p1a: Tatsugiri\n|\n|-weather|Snow|[upkeep]\n|-damage|p2b: Ninetales|6\/100 psn|[from] psn\n|upkeep\n|turn|7\n|\n|t:|1725266408\n|cant|p1b: Slaking|ability: Truant\n|move|p2b: Ninetales|Blizzard|p1b: Slaking\n|-damage|p1b: Slaking|40\/100\n|move|p2a: Ursaluna|Blood Moon|p1b: Slaking\n|-damage|p1b: Slaking|0 fnt\n|faint|p1b: Slaking\n|\n|win|superpowerpoke\n|raw|lieyanshu's rating: 1685 &rarr; <strong>1671<\/strong><br \/>(-14 for losing)\n|raw|superpowerpoke's rating: 1796 &rarr; <strong>1810<\/strong><br \/>(+14 for winning)\n|l|\u2606lieyanshu\n|player|p1|\n|l| skersh88\n","uploadtime":1725266656,"views":74,"formatid":"gen9vgc2024regh","rating":1671,"private":0,"password":null}