{"id":"gen9vgc2024regh-2192987831","format":"[Gen 9] VGC 2024 Reg H","players":["dex2299","lieyanshu"],"log":"|j|\u2606dex2299\n|j|\u2606lieyanshu\n|t:|1725285644\n|gametype|doubles\n|player|p1|dex2299|169|1793\n|player|p2|lieyanshu|lucas|1722\n|teamsize|p1|6\n|teamsize|p2|6\n|gen|9\n|tier|[Gen 9] VGC 2024 Reg H\n|rated|\n|rule|Species Clause: Limit one of each Pok\u00e9mon\n|rule|Item Clause: Limit 1 of each item\n|clearpoke\n|poke|p1|Whimsicott, L50, M|\n|poke|p1|Typhlosion-Hisui, L50, M|\n|poke|p1|Farigiraf, L50, M|\n|poke|p1|Rillaboom, L50, F|\n|poke|p1|Primarina, L50, F|\n|poke|p1|Incineroar, L50, F|\n|poke|p2|Archaludon, L50, M|\n|poke|p2|Indeedee, L50, M|\n|poke|p2|Volcarona, L50, F|\n|poke|p2|Sneasler, L50, F|\n|poke|p2|Dondozo, L50, M|\n|poke|p2|Tatsugiri, L50, M|\n|teampreview|4\n|inactive|Battle timer is ON: inactive players will automatically lose when time's up. (requested by dex2299)\n|\n|t:|1725285683\n|start\n|switch|p1a: Whimsicott|Whimsicott, L50, M|100\/100\n|switch|p1b: Typhlosion|Typhlosion-Hisui, L50, M|100\/100\n|switch|p2a: Sneasler|Sneasler, L50, F|100\/100\n|switch|p2b: Indeedee|Indeedee, L50, M|100\/100\n|-fieldstart|move: Psychic Terrain|[from] ability: Psychic Surge|[of] p2b: Indeedee\n|-enditem|p2a: Sneasler|Psychic Seed\n|-boost|p2a: Sneasler|spd|1|[from] item: Psychic Seed\n|turn|1\n|\n|t:|1725285701\n|-terastallize|p1b: Typhlosion|Fire\n|move|p2a: Sneasler|Protect|p2a: Sneasler\n|-singleturn|p2a: Sneasler|Protect\n|move|p1a: Whimsicott|Tailwind|p1a: Whimsicott\n|-sidestart|p1: dex2299|move: Tailwind\n|move|p1b: Typhlosion|Heat Wave|p2a: Sneasler|[spread] p2b\n|-activate|p2a: Sneasler|move: Protect\n|-damage|p2b: Indeedee|11\/100\n|move|p2b: Indeedee|Trick Room|p2b: Indeedee\n|-fieldstart|move: Trick Room|[of] p2b: Indeedee\n|\n|upkeep\n|turn|2\n|inactive|dex2299 has 30 seconds left.\n|\n|t:|1725285732\n|switch|p1b: Rillaboom|Rillaboom, L50, F|100\/100\n|-fieldstart|move: Grassy Terrain|[from] ability: Grassy Surge|[of] p1b: Rillaboom\n|move|p1a: Whimsicott|Encore|p2a: Sneasler\n|-start|p2a: Sneasler|Encore\n|move|p2b: Indeedee|Expanding Force|p1a: Whimsicott\n|-damage|p1a: Whimsicott|52\/100\n|move|p2a: Sneasler|Protect||[still]\n|-fail|p2a: Sneasler\n|\n|-heal|p2b: Indeedee|17\/100|[from] Grassy Terrain\n|-heal|p1a: Whimsicott|58\/100|[from] Grassy Terrain\n|upkeep\n|turn|3\n|inactive|dex2299 has 30 seconds left.\n|\n|t:|1725285758\n|switch|p2b: Archaludon|Archaludon, L50, M|100\/100\n|switch|p1a: Primarina|Primarina, L50, F|100\/100\n|switch|p2a: Volcarona|Volcarona, L50, F|100\/100\n|move|p1b: Rillaboom|U-turn|p2b: Archaludon\n|-resisted|p2b: Archaludon\n|-damage|p2b: Archaludon|90\/100\n|\n|t:|1725285770\n|switch|p1b: Whimsicott|Whimsicott, L50, M|58\/100|[from] U-turn\n|\n|-heal|p2b: Archaludon|96\/100|[from] Grassy Terrain\n|-heal|p1b: Whimsicott|64\/100|[from] Grassy Terrain\n|upkeep\n|turn|4\n|j| flowerfields\n|inactive|dex2299 has 30 seconds left.\n|\n|t:|1725285798\n|-terastallize|p2a: Volcarona|Grass\n|move|p1a: Primarina|Protect|p1a: Primarina\n|-singleturn|p1a: Primarina|Protect\n|move|p1b: Whimsicott|Fake Tears|p2a: Volcarona\n|-unboost|p2a: Volcarona|spd|2\n|move|p2b: Archaludon|Electro Shot||[still]\n|-prepare|p2b: Archaludon|Electro Shot\n|-boost|p2b: Archaludon|spa|1\n|-enditem|p2b: Archaludon|Power Herb\n|-anim|p2b: Archaludon|Electro Shot|p1a: Primarina\n|-activate|p1a: Primarina|move: Protect\n|move|p2a: Volcarona|Heat Wave|p1b: Whimsicott|[spread] p1b\n|-activate|p1a: Primarina|move: Protect\n|-supereffective|p1b: Whimsicott\n|-crit|p1b: Whimsicott\n|-damage|p1b: Whimsicott|0 fnt\n|faint|p1b: Whimsicott\n|\n|-heal|p2b: Archaludon|100\/100|[from] Grassy Terrain\n|-sideend|p1: dex2299|move: Tailwind\n|upkeep\n|\n|t:|1725285819\n|switch|p1b: Rillaboom|Rillaboom, L50, F|100\/100\n|turn|5\n|\n|t:|1725285836\n|switch|p1b: Typhlosion|Typhlosion-Hisui, L50, M, tera:Fire|100\/100\n|switch|p2b: Indeedee|Indeedee, L50, M|17\/100\n|-fieldstart|move: Psychic Terrain|[from] ability: Psychic Surge|[of] p2b: Indeedee\n|move|p1a: Primarina|Moonblast|p2a: Volcarona\n|-damage|p2a: Volcarona|0 fnt\n|faint|p2a: Volcarona\n|\n|-fieldend|move: Trick Room\n|upkeep\n|\n|t:|1725285849\n|switch|p2a: Archaludon|Archaludon, L50, M|100\/100\n|turn|6\n|\n|t:|1725285865\n|move|p1b: Typhlosion|Eruption|p2a: Archaludon|[spread] p2a,p2b\n|-ability|p2a: Archaludon|Sturdy\n|-damage|p2a: Archaludon|1\/100\n|-damage|p2b: Indeedee|0 fnt\n|faint|p2b: Indeedee\n|move|p2a: Archaludon|Draco Meteor|p1b: Typhlosion\n|-damage|p1b: Typhlosion|0 fnt\n|-unboost|p2a: Archaludon|spa|2\n|faint|p1b: Typhlosion\n|move|p1a: Primarina|Hyper Voice|p2a: Archaludon\n|-resisted|p2a: Archaludon\n|-damage|p2a: Archaludon|0 fnt\n|faint|p2a: Archaludon\n|-enditem|p1a: Primarina|Throat Spray\n|-boost|p1a: Primarina|spa|1|[from] item: Throat Spray\n|\n|upkeep\n|\n|t:|1725285881\n|switch|p1b: Rillaboom|Rillaboom, L50, F|100\/100\n|switch|p2b: Sneasler|Sneasler, L50, F|100\/100\n|-fieldstart|move: Grassy Terrain|[from] ability: Grassy Surge|[of] p1b: Rillaboom\n|turn|7\n|\n|t:|1725285889\n|move|p2b: Sneasler|Protect|p2b: Sneasler\n|-singleturn|p2b: Sneasler|Protect\n|move|p1b: Rillaboom|Fake Out|p2b: Sneasler\n|-activate|p2b: Sneasler|move: Protect\n|move|p1a: Primarina|Moonblast|p2b: Sneasler\n|-activate|p2b: Sneasler|move: Protect\n|\n|upkeep\n|turn|8\n|\n|t:|1725285898\n|move|p2b: Sneasler|Dire Claw|p1a: Primarina\n|-supereffective|p1a: Primarina\n|-damage|p1a: Primarina|0 fnt\n|faint|p1a: Primarina\n|move|p1b: Rillaboom|Wood Hammer|p2b: Sneasler\n|-resisted|p2b: Sneasler\n|-damage|p2b: Sneasler|38\/100\n|-damage|p1b: Rillaboom|85\/100|[from] Recoil\n|\n|-heal|p2b: Sneasler|44\/100|[from] Grassy Terrain\n|-heal|p1b: Rillaboom|91\/100|[from] Grassy Terrain\n|upkeep\n|turn|9\n|inactive|lieyanshu has 30 seconds left.\n|\n|t:|1725285925\n|move|p2b: Sneasler|Dire Claw|p1b: Rillaboom\n|-supereffective|p1b: Rillaboom\n|-damage|p1b: Rillaboom|0 fnt\n|faint|p1b: Rillaboom\n|\n|win|lieyanshu\n|raw|dex2299's rating: 1793 &rarr; <strong>1769<\/strong><br \/>(-24 for losing)\n|raw|lieyanshu's rating: 1722 &rarr; <strong>1746<\/strong><br \/>(+24 for winning)\n|l|\u2606dex2299\n|player|p1|\n|c| flowerfields|wowww\n|l| flowerfields\n|l|\u2606lieyanshu\n|player|p2|\n","uploadtime":1725286152,"views":164,"formatid":"gen9vgc2024regh","rating":1746,"private":0,"password":null}