{"id":"gen9vgc2024regh-2192897743","format":"[Gen 9] VGC 2024 Reg H","players":["Mdraa","dex2299"],"log":"|j|\u2606Mdraa\n|j|\u2606dex2299\n|t:|1725273246\n|gametype|doubles\n|player|p1|Mdraa|doubleteam|1652\n|player|p2|dex2299|169|1735\n|teamsize|p1|6\n|teamsize|p2|6\n|gen|9\n|tier|[Gen 9] VGC 2024 Reg H\n|rated|\n|rule|Species Clause: Limit one of each Pok\u00e9mon\n|rule|Item Clause: Limit 1 of each item\n|clearpoke\n|poke|p1|Indeedee-F, L50, F|\n|poke|p1|Hatterene, L50, F|\n|poke|p1|Bronzong, L50|\n|poke|p1|Ursaluna, L50, M|\n|poke|p1|Torkoal, L50, M|\n|poke|p1|Araquanid, L50, F|\n|poke|p2|Whimsicott, L50, M|\n|poke|p2|Typhlosion-Hisui, L50, F|\n|poke|p2|Farigiraf, L50, M|\n|poke|p2|Rillaboom, L50, M|\n|poke|p2|Primarina, L50, F|\n|poke|p2|Incineroar, L50, M|\n|teampreview|4\n|j| epikdoge\n|\n|t:|1725273278\n|start\n|switch|p1a: Indeedee|Indeedee-F, L50, F|100\/100\n|switch|p1b: Araquanid|Araquanid, L50, F|100\/100\n|switch|p2a: Typhlosion|Typhlosion-Hisui, L50, F|100\/100\n|switch|p2b: Primarina|Primarina, L50, F|100\/100\n|-fieldstart|move: Psychic Terrain|[from] ability: Psychic Surge|[of] p1a: Indeedee\n|-enditem|p1a: Indeedee|Psychic Seed\n|-boost|p1a: Indeedee|spd|1|[from] item: Psychic Seed\n|turn|1\n|j| stbai\n|j| Escatross\n|\n|t:|1725273317\n|-terastallize|p2a: Typhlosion|Fire\n|move|p2a: Typhlosion|Overheat|p1a: Indeedee\n|-damage|p1a: Indeedee|27\/100\n|-unboost|p2a: Typhlosion|spa|2\n|move|p2b: Primarina|Moonblast|p1a: Indeedee\n|-damage|p1a: Indeedee|0 fnt\n|faint|p1a: Indeedee\n|move|p1b: Araquanid|Liquidation|p2a: Typhlosion\n|-supereffective|p2a: Typhlosion\n|-damage|p2a: Typhlosion|0 fnt\n|faint|p2a: Typhlosion\n|\n|upkeep\n|\n|t:|1725273329\n|switch|p2a: Rillaboom|Rillaboom, L50, M|100\/100\n|switch|p1a: Bronzong|Bronzong, L50|100\/100\n|-fieldstart|move: Grassy Terrain|[from] ability: Grassy Surge|[of] p2a: Rillaboom\n|turn|2\n|\n|t:|1725273343\n|move|p2a: Rillaboom|Fake Out|p1a: Bronzong\n|-resisted|p1a: Bronzong\n|-damage|p1a: Bronzong|95\/100\n|move|p2b: Primarina|Hyper Voice|p1a: Bronzong|[spread] p1a,p1b\n|-resisted|p1b: Araquanid\n|-damage|p1a: Bronzong|68\/100\n|-damage|p1b: Araquanid|85\/100\n|-enditem|p2b: Primarina|Throat Spray\n|-boost|p2b: Primarina|spa|1|[from] item: Throat Spray\n|move|p1b: Araquanid|Leech Life|p2a: Rillaboom\n|-supereffective|p2a: Rillaboom\n|-damage|p2a: Rillaboom|47\/100\n|-heal|p1b: Araquanid|100\/100|[from] drain|[of] p2a: Rillaboom\n|cant|p1a: Bronzong|flinch\n|\n|-heal|p2a: Rillaboom|53\/100|[from] Grassy Terrain\n|upkeep\n|turn|3\n|\n|t:|1725273361\n|move|p1b: Araquanid|Protect|p1b: Araquanid\n|-singleturn|p1b: Araquanid|Protect\n|move|p2a: Rillaboom|Wood Hammer|p1b: Araquanid\n|-activate|p1b: Araquanid|move: Protect\n|move|p2b: Primarina|Moonblast|p1b: Araquanid\n|-activate|p1b: Araquanid|move: Protect\n|move|p1a: Bronzong|Trick Room|p1a: Bronzong\n|-fieldstart|move: Trick Room|[of] p1a: Bronzong\n|\n|-heal|p2a: Rillaboom|59\/100|[from] Grassy Terrain\n|upkeep\n|turn|4\n|\n|t:|1725273377\n|switch|p2a: Incineroar|Incineroar, L50, M|100\/100\n|-ability|p2a: Incineroar|Intimidate|boost\n|-unboost|p1a: Bronzong|atk|1\n|-fail|p1b: Araquanid|unboost|[from] item: Clear Amulet|[of] p1b: Araquanid\n|move|p1b: Araquanid|Leech Life|p2a: Incineroar\n|-damage|p2a: Incineroar|72\/100\n|move|p1a: Bronzong|Body Press|p2a: Incineroar\n|-supereffective|p2a: Incineroar\n|-damage|p2a: Incineroar|38\/100\n|move|p2b: Primarina|Hyper Voice|p1a: Bronzong|[spread] p1a,p1b\n|-resisted|p1b: Araquanid\n|-damage|p1a: Bronzong|27\/100\n|-damage|p1b: Araquanid|78\/100\n|\n|-heal|p1b: Araquanid|83\/100|[from] Grassy Terrain\n|-heal|p2a: Incineroar|44\/100|[from] Grassy Terrain\n|upkeep\n|turn|5\n|\n|t:|1725273400\n|move|p1b: Araquanid|Protect|p1b: Araquanid\n|-singleturn|p1b: Araquanid|Protect\n|move|p2a: Incineroar|Fake Out|p1b: Araquanid\n|-activate|p1b: Araquanid|move: Protect\n|move|p1a: Bronzong|Heavy Slam|p2b: Primarina\n|-damage|p2b: Primarina|75\/100\n|move|p2b: Primarina|Moonblast|p1b: Araquanid\n|-activate|p1b: Araquanid|move: Protect\n|\n|-heal|p1b: Araquanid|89\/100|[from] Grassy Terrain\n|-heal|p2b: Primarina|81\/100|[from] Grassy Terrain\n|-heal|p2a: Incineroar|50\/100|[from] Grassy Terrain\n|upkeep\n|turn|6\n|\n|t:|1725273431\n|switch|p2a: Rillaboom|Rillaboom, L50, M|59\/100\n|move|p1b: Araquanid|Leech Life|p2a: Rillaboom\n|-supereffective|p2a: Rillaboom\n|-damage|p2a: Rillaboom|0 fnt\n|-heal|p1b: Araquanid|100\/100|[from] drain|[of] p2a: Rillaboom\n|faint|p2a: Rillaboom\n|move|p1a: Bronzong|Body Press|p2b: Primarina\n|-resisted|p2b: Primarina\n|-crit|p2b: Primarina\n|-damage|p2b: Primarina|61\/100\n|move|p2b: Primarina|Moonblast|p1b: Araquanid\n|-damage|p1b: Araquanid|35\/100\n|\n|-heal|p1b: Araquanid|40\/100|[from] Grassy Terrain\n|-heal|p2b: Primarina|67\/100|[from] Grassy Terrain\n|-fieldend|move: Grassy Terrain\n|upkeep\n|\n|t:|1725273445\n|switch|p2a: Incineroar|Incineroar, L50, M|50\/100\n|-ability|p2a: Incineroar|Intimidate|boost\n|-unboost|p1a: Bronzong|atk|1\n|-fail|p1b: Araquanid|unboost|[from] item: Clear Amulet|[of] p1b: Araquanid\n|turn|7\n|\n|t:|1725273460\n|move|p1b: Araquanid|Protect|p1b: Araquanid\n|-singleturn|p1b: Araquanid|Protect\n|move|p2a: Incineroar|Fake Out|p1b: Araquanid\n|-activate|p1b: Araquanid|move: Protect\n|move|p1a: Bronzong|Body Press|p2a: Incineroar\n|-supereffective|p2a: Incineroar\n|-damage|p2a: Incineroar|9\/100\n|move|p2b: Primarina|Hyper Voice|p1b: Araquanid|[spread] p1a\n|-activate|p1b: Araquanid|move: Protect\n|-damage|p1a: Bronzong|0 fnt\n|faint|p1a: Bronzong\n|\n|-fieldend|move: Trick Room\n|upkeep\n|\n|t:|1725273465\n|switch|p1a: Ursaluna|Ursaluna, L50, M|100\/100\n|turn|8\n|\n|t:|1725273486\n|move|p1b: Araquanid|Wide Guard|p1b: Araquanid\n|-singleturn|p1b: Araquanid|Wide Guard\n|move|p2a: Incineroar|Knock Off|p1a: Ursaluna\n|-damage|p1a: Ursaluna|74\/100\n|-enditem|p1a: Ursaluna|Flame Orb|[from] move: Knock Off|[of] p2a: Incineroar\n|move|p2b: Primarina|Moonblast|p1b: Araquanid\n|-damage|p1b: Araquanid|0 fnt\n|faint|p1b: Araquanid\n|move|p1a: Ursaluna|Earthquake|p2b: Primarina|[spread] p2a,p2b\n|-supereffective|p2a: Incineroar\n|-damage|p2a: Incineroar|0 fnt\n|-damage|p2b: Primarina|7\/100\n|faint|p2a: Incineroar\n|\n|upkeep\n|turn|9\n|\n|t:|1725273501\n|move|p1a: Ursaluna|Protect|p1a: Ursaluna\n|-singleturn|p1a: Ursaluna|Protect\n|move|p2b: Primarina|Hyper Voice|p1a: Ursaluna\n|-activate|p1a: Ursaluna|move: Protect\n|\n|upkeep\n|turn|10\n|\n|t:|1725273506\n|-terastallize|p1a: Ursaluna|Grass\n|move|p2b: Primarina|Hyper Voice|p1a: Ursaluna\n|-resisted|p1a: Ursaluna\n|-damage|p1a: Ursaluna|38\/100\n|move|p1a: Ursaluna|Facade|p2b: Primarina\n|-damage|p2b: Primarina|0 fnt\n|faint|p2b: Primarina\n|\n|win|Mdraa\n|raw|Mdraa's rating: 1652 &rarr; <strong>1677<\/strong><br \/>(+25 for winning)\n|raw|dex2299's rating: 1735 &rarr; <strong>1710<\/strong><br \/>(-25 for losing)\n|l|\u2606dex2299\n|player|p2|\n|l| stbai\n|l|\u2606Mdraa\n|player|p1|\n","uploadtime":1725273649,"views":20,"formatid":"gen9vgc2024regh","rating":1677,"private":0,"password":null}