{"id":"gen9vgc2024regh-2192870940","format":"[Gen 9] VGC 2024 Reg H","players":["Sauce Queso Cool","something123"],"log":"|j|\u2606Sauce Queso Cool\n|j|\u2606something123\n|t:|1725268547\n|gametype|doubles\n|player|p1|Sauce Queso Cool|102|1774\n|player|p2|something123|102|1795\n|teamsize|p1|6\n|teamsize|p2|6\n|gen|9\n|tier|[Gen 9] VGC 2024 Reg H\n|rated|\n|rule|Species Clause: Limit one of each Pok\u00e9mon\n|rule|Item Clause: Limit 1 of each item\n|clearpoke\n|poke|p1|Kingambit, L50, M|\n|poke|p1|Annihilape, L50, M|\n|poke|p1|Clefairy, L50, M|\n|poke|p1|Rillaboom, L50, F|\n|poke|p1|Espathra, L50, F|\n|poke|p1|Incineroar, L50, M|\n|poke|p2|Typhlosion-Hisui, L50, F|\n|poke|p2|Primarina, L50, F|\n|poke|p2|Meowscarada, L50, M|\n|poke|p2|Murkrow, L50, M|\n|poke|p2|Indeedee-F, L50, F|\n|poke|p2|Tyranitar, L50, F|\n|teampreview|4\n|inactive|Battle timer is ON: inactive players will automatically lose when time's up. (requested by Sauce Queso Cool)\n|inactive|something123 has 60 seconds left.\n|\n|t:|1725268621\n|start\n|switch|p1a: Clefairy|Clefairy, L50, M|100\/100\n|switch|p1b: Incineroar|Incineroar, L50, M|100\/100\n|switch|p2a: Primarina|Primarina, L50, F|100\/100\n|switch|p2b: Meowscarada|Meowscarada, L50, M|100\/100\n|-ability|p1b: Incineroar|Intimidate|boost\n|-unboost|p2a: Primarina|atk|1\n|-unboost|p2b: Meowscarada|atk|1\n|turn|1\n|\n|t:|1725268630\n|switch|p1b: Rillaboom|Rillaboom, L50, F|100\/100\n|-fieldstart|move: Grassy Terrain|[from] ability: Grassy Surge|[of] p1b: Rillaboom\n|move|p2b: Meowscarada|Protect|p2b: Meowscarada\n|-singleturn|p2b: Meowscarada|Protect\n|move|p2a: Primarina|Protect|p2a: Primarina\n|-singleturn|p2a: Primarina|Protect\n|move|p1a: Clefairy|Protect||[still]\n|-fail|p1a: Clefairy\n|\n|upkeep\n|turn|2\n|\n|t:|1725268653\n|switch|p2a: Typhlosion|Typhlosion-Hisui, L50, F|100\/100\n|move|p2b: Meowscarada|Knock Off|p1b: Rillaboom\n|-damage|p1b: Rillaboom|80\/100\n|-enditem|p1b: Rillaboom|Assault Vest|[from] move: Knock Off|[of] p2b: Meowscarada\n|move|p1b: Rillaboom|Wood Hammer|p2a: Typhlosion\n|-resisted|p2a: Typhlosion\n|-damage|p2a: Typhlosion|41\/100\n|-damage|p1b: Rillaboom|65\/100|[from] Recoil\n|move|p1a: Clefairy|Life Dew||[still]|[spread] p1a,p1b\n|-fail|p1a: Clefairy|heal\n|-heal|p1b: Rillaboom|90\/100\n|\n|-heal|p2a: Typhlosion|47\/100|[from] Grassy Terrain\n|-heal|p1b: Rillaboom|96\/100|[from] Grassy Terrain\n|upkeep\n|turn|3\n|inactive|something123 has 30 seconds left.\n|\n|t:|1725268679\n|switch|p1b: Incineroar|Incineroar, L50, M|100\/100\n|-ability|p1b: Incineroar|Intimidate|boost\n|-unboost|p2a: Typhlosion|atk|1\n|-unboost|p2b: Meowscarada|atk|1\n|move|p2b: Meowscarada|Flower Trick|p1a: Clefairy\n|-crit|p1a: Clefairy\n|-damage|p1a: Clefairy|51\/100\n|move|p2a: Typhlosion|Heat Wave|p1b: Incineroar|[spread] p1a,p1b\n|-resisted|p1b: Incineroar\n|-damage|p1a: Clefairy|3\/100\n|-damage|p1b: Incineroar|85\/100\n|move|p1a: Clefairy|Life Dew|p1a: Clefairy|[spread] p1a,p1b\n|-heal|p1a: Clefairy|28\/100\n|-heal|p1b: Incineroar|100\/100\n|\n|-heal|p2a: Typhlosion|52\/100|[from] Grassy Terrain\n|-heal|p1a: Clefairy|35\/100|[from] Grassy Terrain\n|upkeep\n|turn|4\n|inactive|something123 has 30 seconds left.\n|inactive|something123 has 20 seconds left.\n|inactive|something123 has 15 seconds left.\n|\n|t:|1725268722\n|switch|p2a: Tyranitar|Tyranitar, L50, F|100\/100\n|-weather|Sandstorm|[from] ability: Sand Stream|[of] p2a: Tyranitar\n|move|p1a: Clefairy|Protect|p1a: Clefairy\n|-singleturn|p1a: Clefairy|Protect\n|move|p2b: Meowscarada|Flower Trick|p1a: Clefairy\n|-activate|p1a: Clefairy|move: Protect\n|move|p1b: Incineroar|Parting Shot|p2a: Tyranitar\n|-unboost|p2a: Tyranitar|atk|1\n|-unboost|p2a: Tyranitar|spa|1\n|\n|t:|1725268732\n|switch|p1b: Espathra|Espathra, L50, F|100\/100|[from] Parting Shot\n|\n|-weather|Sandstorm|[upkeep]\n|-damage|p2b: Meowscarada|95\/100|[from] Sandstorm\n|-damage|p1b: Espathra|95\/100|[from] Sandstorm\n|-damage|p1a: Clefairy|28\/100|[from] Sandstorm\n|-heal|p2b: Meowscarada|100\/100|[from] Grassy Terrain\n|-heal|p1b: Espathra|100\/100|[from] Grassy Terrain\n|-heal|p1a: Clefairy|35\/100|[from] Grassy Terrain\n|upkeep\n|turn|5\n|\n|t:|1725268754\n|switch|p1a: Incineroar|Incineroar, L50, M|100\/100\n|-ability|p1a: Incineroar|Intimidate|boost\n|-unboost|p2a: Tyranitar|atk|1\n|-unboost|p2b: Meowscarada|atk|1\n|move|p1b: Espathra|Protect|p1b: Espathra\n|-singleturn|p1b: Espathra|Protect\n|move|p2b: Meowscarada|Flower Trick|p1a: Incineroar\n|-resisted|p1a: Incineroar\n|-crit|p1a: Incineroar\n|-damage|p1a: Incineroar|67\/100\n|move|p2a: Tyranitar|Knock Off|p1b: Espathra\n|-activate|p1b: Espathra|move: Protect\n|\n|-weather|Sandstorm|[upkeep]\n|-damage|p2b: Meowscarada|95\/100|[from] Sandstorm\n|-damage|p1b: Espathra|95\/100|[from] Sandstorm\n|-heal|p2b: Meowscarada|100\/100|[from] Grassy Terrain\n|-heal|p1b: Espathra|100\/100|[from] Grassy Terrain\n|-heal|p1a: Incineroar|73\/100|[from] Grassy Terrain\n|-fieldend|move: Grassy Terrain\n|-ability|p1b: Espathra|Speed Boost|boost\n|-boost|p1b: Espathra|spe|1\n|upkeep\n|turn|6\n|\n|t:|1725268778\n|-terastallize|p1b: Espathra|Water\n|move|p2b: Meowscarada|Protect|p2b: Meowscarada\n|-singleturn|p2b: Meowscarada|Protect\n|move|p1a: Incineroar|Fake Out|p2b: Meowscarada\n|-activate|p2b: Meowscarada|move: Protect\n|move|p1b: Espathra|Calm Mind|p1b: Espathra\n|-boost|p1b: Espathra|spa|1\n|-boost|p1b: Espathra|spd|1\n|move|p2a: Tyranitar|Knock Off|p1b: Espathra\n|-damage|p1b: Espathra|72\/100\n|-enditem|p1b: Espathra|Leftovers|[from] move: Knock Off|[of] p2a: Tyranitar\n|\n|-weather|Sandstorm|[upkeep]\n|-damage|p1b: Espathra|66\/100|[from] Sandstorm\n|-damage|p2b: Meowscarada|95\/100|[from] Sandstorm\n|-ability|p1b: Espathra|Speed Boost|boost\n|-boost|p1b: Espathra|spe|1\n|upkeep\n|turn|7\n|inactive|Sauce Queso Cool has 30 seconds left.\n|inactive|something123 has 30 seconds left.\n|inactive|Sauce Queso Cool has 20 seconds left.\n|inactive|something123 has 20 seconds left.\n|inactive|Sauce Queso Cool has 15 seconds left.\n|inactive|something123 has 15 seconds left.\n|inactive|something123 has 10 seconds left.\n|inactive|something123 has 5 seconds left.\n|\n|t:|1725268833\n|move|p1b: Espathra|Protect|p1b: Espathra\n|-singleturn|p1b: Espathra|Protect\n|move|p2b: Meowscarada|Knock Off|p1b: Espathra\n|-activate|p1b: Espathra|move: Protect\n|move|p2a: Tyranitar|Rock Slide|p1b: Espathra|[spread] p1a\n|-activate|p1b: Espathra|move: Protect\n|-supereffective|p1a: Incineroar\n|-damage|p1a: Incineroar|41\/100\n|cant|p1a: Incineroar|flinch\n|\n|-weather|Sandstorm|[upkeep]\n|-damage|p1b: Espathra|60\/100|[from] Sandstorm\n|-damage|p2b: Meowscarada|89\/100|[from] Sandstorm\n|-ability|p1b: Espathra|Speed Boost|boost\n|-boost|p1b: Espathra|spe|1\n|upkeep\n|turn|8\n|inactive|something123 has 30 seconds left.\n|j| Pikakado\n|inactive|something123 has 20 seconds left.\n|inactive|something123 has 15 seconds left.\n|\n|t:|1725268874\n|switch|p1a: Rillaboom|Rillaboom, L50, F|96\/100\n|-fieldstart|move: Grassy Terrain|[from] ability: Grassy Surge|[of] p1a: Rillaboom\n|move|p1b: Espathra|Dazzling Gleam|p2b: Meowscarada|[spread] p2a,p2b\n|-supereffective|p2a: Tyranitar\n|-supereffective|p2b: Meowscarada\n|-damage|p2a: Tyranitar|80\/100\n|-damage|p2b: Meowscarada|22\/100\n|move|p2b: Meowscarada|Flower Trick|p1b: Espathra\n|-supereffective|p1b: Espathra\n|-crit|p1b: Espathra\n|-damage|p1b: Espathra|0 fnt\n|faint|p1b: Espathra\n|move|p2a: Tyranitar|Low Kick|p1a: Rillaboom\n|-damage|p1a: Rillaboom|83\/100\n|\n|-weather|none\n|-heal|p2b: Meowscarada|28\/100|[from] Grassy Terrain\n|-heal|p2a: Tyranitar|87\/100|[from] Grassy Terrain\n|-heal|p1a: Rillaboom|88\/100|[from] Grassy Terrain\n|upkeep\n|-message|Sauce Queso Cool forfeited.\n|\n|win|something123\n|raw|Sauce Queso Cool's rating: 1774 &rarr; <strong>1755<\/strong><br \/>(-19 for losing)\n|raw|something123's rating: 1795 &rarr; <strong>1814<\/strong><br \/>(+19 for winning)\n|l|\u2606Sauce Queso Cool\n|player|p1|\n|l|\u2606something123\n|player|p2|\n|l| Pikakado\n","uploadtime":1725268889,"views":259,"formatid":"gen9vgc2024regh","rating":1755,"private":0,"password":null}