{"id":"gen9vgc2024regh-2192893180","format":"[Gen 9] VGC 2024 Reg H","players":["something123","MattManectric"],"log":"|j|\u2606something123\n|j|\u2606MattManectric\n|t:|1725272469\n|gametype|doubles\n|player|p1|something123|102|1714\n|player|p2|MattManectric|riley|1686\n|teamsize|p1|6\n|teamsize|p2|6\n|gen|9\n|tier|[Gen 9] VGC 2024 Reg H\n|rated|\n|rule|Species Clause: Limit one of each Pok\u00e9mon\n|rule|Item Clause: Limit 1 of each item\n|clearpoke\n|poke|p1|Typhlosion-Hisui, L50, F|\n|poke|p1|Primarina, L50, M|\n|poke|p1|Meowscarada, L50, F|\n|poke|p1|Murkrow, L50, M|\n|poke|p1|Indeedee-F, L50, F|\n|poke|p1|Tyranitar, L50, M|\n|poke|p2|Porygon2, L50|\n|poke|p2|Ursaluna, L50, M|\n|poke|p2|Amoonguss, L50, M|\n|poke|p2|Incineroar, L50, F|\n|poke|p2|Basculegion, L50, M|\n|poke|p2|Flamigo, L50, M|\n|teampreview|4\n|inactive|Battle timer is ON: inactive players will automatically lose when time's up. (requested by MattManectric)\n|\n|t:|1725272528\n|start\n|switch|p1a: Primarina|Primarina, L50, M|100\/100\n|switch|p1b: Meowscarada|Meowscarada, L50, F|100\/100\n|switch|p2a: Porygon2|Porygon2, L50|100\/100\n|switch|p2b: Flamigo|Flamigo, L50, M|100\/100\n|-ability|p2a: Porygon2|Download|boost\n|-boost|p2a: Porygon2|atk|1\n|turn|1\n|\n|t:|1725272546\n|switch|p2b: Amoonguss|Amoonguss, L50, M|100\/100\n|move|p1b: Meowscarada|Knock Off|p2a: Porygon2\n|-damage|p2a: Porygon2|72\/100\n|-enditem|p2a: Porygon2|Eviolite|[from] move: Knock Off|[of] p1b: Meowscarada\n|move|p1a: Primarina|Moonblast|p2b: Amoonguss\n|-resisted|p2b: Amoonguss\n|-damage|p2b: Amoonguss|83\/100\n|-unboost|p2b: Amoonguss|spa|1\n|move|p2a: Porygon2|Trick Room|p2a: Porygon2\n|-fieldstart|move: Trick Room|[of] p2a: Porygon2\n|\n|upkeep\n|turn|2\n|inactive|something123 has 30 seconds left.\n|inactive|something123 has 20 seconds left.\n|\n|t:|1725272582\n|move|p2b: Amoonguss|Sludge Bomb|p1a: Primarina\n|-supereffective|p1a: Primarina\n|-damage|p1a: Primarina|65\/100\n|move|p2a: Porygon2|Tera Blast|p1a: Primarina\n|-damage|p1a: Primarina|30\/100\n|-enditem|p1a: Primarina|Sitrus Berry|[eat]\n|-heal|p1a: Primarina|55\/100|[from] item: Sitrus Berry\n|move|p1a: Primarina|Hyper Voice|p2a: Porygon2|[spread] p2a,p2b\n|-resisted|p2b: Amoonguss\n|-damage|p2a: Porygon2|47\/100\n|-damage|p2b: Amoonguss|71\/100\n|move|p1b: Meowscarada|Knock Off|p2a: Porygon2\n|-damage|p2a: Porygon2|20\/100\n|\n|upkeep\n|turn|3\n|j| hachiware\n|inactive|something123 has 30 seconds left.\n|\n|t:|1725272615\n|-terastallize|p1a: Primarina|Steel\n|move|p2b: Amoonguss|Spore|p1a: Primarina\n|-status|p1a: Primarina|slp|[from] move: Spore\n|move|p2a: Porygon2|Recover|p2a: Porygon2\n|-heal|p2a: Porygon2|70\/100\n|cant|p1a: Primarina|slp\n|move|p1b: Meowscarada|Flower Trick|p2a: Porygon2\n|-crit|p2a: Porygon2\n|-damage|p2a: Porygon2|25\/100\n|\n|upkeep\n|turn|4\n|\n|t:|1725272633\n|move|p1b: Meowscarada|Protect|p1b: Meowscarada\n|-singleturn|p1b: Meowscarada|Protect\n|move|p2b: Amoonguss|Sludge Bomb|p1b: Meowscarada\n|-activate|p1b: Meowscarada|move: Protect\n|move|p2a: Porygon2|Recover|p2a: Porygon2\n|-heal|p2a: Porygon2|75\/100\n|cant|p1a: Primarina|slp\n|\n|upkeep\n|turn|5\n|l| hachiware\n|\n|t:|1725272646\n|switch|p1b: Typhlosion|Typhlosion-Hisui, L50, F|100\/100\n|move|p2b: Amoonguss|Sludge Bomb|p1b: Typhlosion\n|-resisted|p1b: Typhlosion\n|-crit|p1b: Typhlosion\n|-damage|p1b: Typhlosion|75\/100\n|-status|p1b: Typhlosion|psn\n|move|p2a: Porygon2|Ice Beam|p1b: Typhlosion\n|-resisted|p1b: Typhlosion\n|-damage|p1b: Typhlosion|60\/100 psn\n|cant|p1a: Primarina|slp\n|\n|-damage|p1b: Typhlosion|47\/100 psn|[from] psn\n|-fieldend|move: Trick Room\n|upkeep\n|turn|6\n|\n|t:|1725272664\n|switch|p2b: Flamigo|Flamigo, L50, M|100\/100\n|move|p1b: Typhlosion|Heat Wave|p2a: Porygon2|[spread] p2a,p2b\n|-damage|p2a: Porygon2|30\/100\n|-damage|p2b: Flamigo|14\/100\n|-curestatus|p1a: Primarina|slp|[msg]\n|move|p1a: Primarina|Hyper Voice|p2a: Porygon2|[spread] p2a,p2b\n|-damage|p2a: Porygon2|2\/100\n|-damage|p2b: Flamigo|0 fnt\n|faint|p2b: Flamigo\n|move|p2a: Porygon2|Trick Room|p2a: Porygon2\n|-fieldstart|move: Trick Room|[of] p2a: Porygon2\n|\n|-damage|p1b: Typhlosion|35\/100 psn|[from] psn\n|upkeep\n|\n|t:|1725272667\n|switch|p2b: Ursaluna|Ursaluna, L50, M|100\/100\n|turn|7\n|j| epikdoge\n|\n|t:|1725272686\n|-terastallize|p2a: Porygon2|Flying\n|move|p2b: Ursaluna|Earthquake|p1a: Primarina|[spread] p1a,p1b\n|-immune|p2a: Porygon2\n|-supereffective|p1a: Primarina\n|-supereffective|p1b: Typhlosion\n|-damage|p1a: Primarina|0 fnt\n|-damage|p1b: Typhlosion|0 fnt\n|faint|p1a: Primarina\n|faint|p1b: Typhlosion\n|move|p2a: Porygon2|Recover|p2a: Porygon2\n|-heal|p2a: Porygon2|52\/100\n|\n|-status|p2b: Ursaluna|brn|[from] item: Flame Orb\n|upkeep\n|\n|t:|1725272693\n|switch|p1a: Tyranitar|Tyranitar, L50, M|100\/100\n|switch|p1b: Meowscarada|Meowscarada, L50, F|100\/100\n|-weather|Sandstorm|[from] ability: Sand Stream|[of] p1a: Tyranitar\n|turn|8\n|inactive|something123 has 30 seconds left.\n|\n|t:|1725272720\n|move|p2b: Ursaluna|Earthquake|p1b: Meowscarada|[spread] p1a,p1b\n|-immune|p2a: Porygon2\n|-supereffective|p1a: Tyranitar\n|-resisted|p1b: Meowscarada\n|-damage|p1a: Tyranitar|0 fnt\n|-damage|p1b: Meowscarada|49\/100\n|faint|p1a: Tyranitar\n|move|p2a: Porygon2|Tera Blast|p1b: Meowscarada|[anim] Tera Blast Flying\n|-supereffective|p1b: Meowscarada\n|-damage|p1b: Meowscarada|0 fnt\n|faint|p1b: Meowscarada\n|\n|win|MattManectric\n|raw|something123's rating: 1714 &rarr; <strong>1692<\/strong><br \/>(-22 for losing)\n|raw|MattManectric's rating: 1686 &rarr; <strong>1708<\/strong><br \/>(+22 for winning)\n|l|\u2606something123\n|player|p1|\n|l|\u2606MattManectric\n|player|p2|\n","uploadtime":1725272954,"views":38,"formatid":"gen9vgc2024regh","rating":1692,"private":0,"password":null}