{"id":"gen9vgc2024regh-2192879099","format":"[Gen 9] VGC 2024 Reg H","players":["caigangying","something123"],"log":"|j|\u2606caigangying\n|j|\u2606something123\n|t:|1725270001\n|gametype|doubles\n|player|p1|caigangying|beauty-gen4dp|1672\n|player|p2|something123|102|1814\n|teamsize|p1|6\n|teamsize|p2|6\n|gen|9\n|tier|[Gen 9] VGC 2024 Reg H\n|rated|\n|rule|Species Clause: Limit one of each Pok\u00e9mon\n|rule|Item Clause: Limit 1 of each item\n|clearpoke\n|poke|p1|Pelipper, L50, M|\n|poke|p1|Maushold-Four, L50|\n|poke|p1|Archaludon, L50, F|\n|poke|p1|Annihilape, L50, M|\n|poke|p1|Murkrow, L50, F|\n|poke|p1|Basculegion, L50, M|\n|poke|p2|Typhlosion-Hisui, L50, F|\n|poke|p2|Primarina, L50, F|\n|poke|p2|Meowscarada, L50, F|\n|poke|p2|Murkrow, L50, M|\n|poke|p2|Indeedee-F, L50, F|\n|poke|p2|Tyranitar, L50, F|\n|teampreview|4\n|inactive|Battle timer is ON: inactive players will automatically lose when time's up. (requested by caigangying)\n|\n|t:|1725270025\n|start\n|switch|p1a: Murkrow|Murkrow, L50, F|100\/100\n|switch|p1b: Archaludon|Archaludon, L50, F|100\/100\n|switch|p2a: Primarina|Primarina, L50, F|100\/100\n|switch|p2b: Meowscarada|Meowscarada, L50, F|100\/100\n|turn|1\n|inactive|caigangying has 30 seconds left.\n|\n|t:|1725270052\n|-terastallize|p1a: Murkrow|Steel\n|-terastallize|p2a: Primarina|Steel\n|move|p1a: Murkrow|Rain Dance|p1a: Murkrow\n|-weather|RainDance\n|move|p2b: Meowscarada|Grass Pledge|p1b: Archaludon\n|-waiting|p2b: Meowscarada|p2a: Primarina\n|move|p2a: Primarina|Water Pledge|p1b: Archaludon|[from]move: Grass Pledge\n|-combine\n|-resisted|p1b: Archaludon\n|-damage|p1b: Archaludon|89\/100\n|-sidestart|p1: caigangying|Grass Pledge\n|-ability|p1b: Archaludon|Stamina|boost\n|-boost|p1b: Archaludon|def|1\n|move|p1b: Archaludon|Electro Shot||[still]\n|-prepare|p1b: Archaludon|Electro Shot\n|-boost|p1b: Archaludon|spa|1\n|-anim|p1b: Archaludon|Electro Shot|p2a: Primarina\n|-damage|p2a: Primarina|44\/100\n|-enditem|p2a: Primarina|Sitrus Berry|[eat]\n|-heal|p2a: Primarina|69\/100|[from] item: Sitrus Berry\n|\n|-weather|RainDance|[upkeep]\n|upkeep\n|turn|2\n|\n|t:|1725270076\n|move|p1a: Murkrow|Tailwind|p1a: Murkrow\n|-sidestart|p1: caigangying|move: Tailwind\n|move|p2b: Meowscarada|Knock Off|p1b: Archaludon\n|-damage|p1b: Archaludon|66\/100\n|-ability|p1b: Archaludon|Stamina|boost\n|-boost|p1b: Archaludon|def|1\n|-enditem|p1b: Archaludon|Assault Vest|[from] move: Knock Off|[of] p2b: Meowscarada\n|move|p2a: Primarina|Moonblast|p1b: Archaludon\n|-damage|p1b: Archaludon|19\/100\n|-unboost|p1b: Archaludon|spa|1\n|-ability|p1b: Archaludon|Stamina|boost\n|-boost|p1b: Archaludon|def|1\n|move|p1b: Archaludon|Body Press|p2a: Primarina\n|-supereffective|p2a: Primarina\n|-damage|p2a: Primarina|0 fnt\n|faint|p2a: Primarina\n|\n|-weather|RainDance|[upkeep]\n|upkeep\n|\n|t:|1725270092\n|switch|p2a: Typhlosion|Typhlosion-Hisui, L50, F|100\/100\n|turn|3\n|\n|t:|1725270107\n|move|p2b: Meowscarada|Knock Off|p1a: Murkrow\n|-damage|p1a: Murkrow|56\/100\n|-enditem|p1a: Murkrow|Eviolite|[from] move: Knock Off|[of] p2b: Meowscarada\n|move|p2a: Typhlosion|Eruption|p1a: Murkrow|[spread] p1a,p1b\n|-supereffective|p1a: Murkrow\n|-damage|p1a: Murkrow|0 fnt\n|-damage|p1b: Archaludon|0 fnt\n|faint|p1a: Murkrow\n|faint|p1b: Archaludon\n|\n|-weather|RainDance|[upkeep]\n|upkeep\n|\n|t:|1725270117\n|switch|p1a: Pelipper|Pelipper, L50, M|100\/100\n|switch|p1b: Basculegion|Basculegion, L50, M|100\/100\n|turn|4\n|inactive|something123 has 30 seconds left.\n|\n|t:|1725270143\n|switch|p2a: Tyranitar|Tyranitar, L50, F|100\/100\n|-weather|Sandstorm|[from] ability: Sand Stream|[of] p2a: Tyranitar\n|move|p1b: Basculegion|Protect|p1b: Basculegion\n|-singleturn|p1b: Basculegion|Protect\n|move|p2b: Meowscarada|Flower Trick|p1b: Basculegion\n|-activate|p1b: Basculegion|move: Protect\n|move|p1a: Pelipper|Muddy Water|p2a: Tyranitar|[spread] p2b\n|-miss|p1a: Pelipper|p2a: Tyranitar\n|-resisted|p2b: Meowscarada\n|-damage|p2b: Meowscarada|75\/100\n|-unboost|p2b: Meowscarada|accuracy|1\n|\n|-weather|Sandstorm|[upkeep]\n|-damage|p2b: Meowscarada|69\/100|[from] Sandstorm\n|-damage|p1b: Basculegion|94\/100|[from] Sandstorm\n|-damage|p1a: Pelipper|95\/100|[from] Sandstorm\n|-sideend|p1: caigangying|Grass Pledge\n|upkeep\n|turn|5\n|\n|t:|1725270162\n|move|p1b: Basculegion|Wave Crash|p2a: Tyranitar\n|-supereffective|p2a: Tyranitar\n|-damage|p2a: Tyranitar|0 fnt\n|faint|p2a: Tyranitar\n|-damage|p1b: Basculegion|64\/100|[from] Recoil\n|-damage|p1b: Basculegion|55\/100|[from] item: Life Orb\n|move|p1a: Pelipper|Hurricane|p2b: Meowscarada\n|-supereffective|p2b: Meowscarada\n|-damage|p2b: Meowscarada|0 fnt\n|faint|p2b: Meowscarada\n|\n|-weather|Sandstorm|[upkeep]\n|-damage|p1b: Basculegion|48\/100|[from] Sandstorm\n|-damage|p1a: Pelipper|89\/100|[from] Sandstorm\n|-sideend|p1: caigangying|move: Tailwind\n|upkeep\n|\n|t:|1725270172\n|switch|p2b: Typhlosion|Typhlosion-Hisui, L50, F|100\/100\n|turn|6\n|\n|t:|1725270178\n|move|p1b: Basculegion|Protect|p1b: Basculegion\n|-singleturn|p1b: Basculegion|Protect\n|move|p2b: Typhlosion|Eruption|p1b: Basculegion|[spread] p1a\n|-activate|p1b: Basculegion|move: Protect\n|-resisted|p1a: Pelipper\n|-damage|p1a: Pelipper|14\/100\n|move|p1a: Pelipper|Tailwind|p1a: Pelipper\n|-sidestart|p1: caigangying|move: Tailwind\n|\n|-weather|Sandstorm|[upkeep]\n|-damage|p1b: Basculegion|42\/100|[from] Sandstorm\n|-damage|p1a: Pelipper|8\/100|[from] Sandstorm\n|-damage|p2b: Typhlosion|95\/100|[from] Sandstorm\n|upkeep\n|turn|7\n|\n|t:|1725270195\n|move|p1b: Basculegion|Last Respects|p2b: Typhlosion\n|-supereffective|p2b: Typhlosion\n|-damage|p2b: Typhlosion|0 fnt\n|faint|p2b: Typhlosion\n|-damage|p1b: Basculegion|33\/100|[from] item: Life Orb\n|\n|win|caigangying\n|raw|caigangying's rating: 1672 &rarr; <strong>1700<\/strong><br \/>(+28 for winning)\n|raw|something123's rating: 1814 &rarr; <strong>1786<\/strong><br \/>(-28 for losing)\n|l|\u2606something123\n|player|p2|\n|l|\u2606caigangying\n|player|p1|\n","uploadtime":1725270416,"views":28,"formatid":"gen9vgc2024regh","rating":1700,"private":0,"password":null}