{"id":"gen9vgc2024regh-2192883968","format":"[Gen 9] VGC 2024 Reg H","players":["something123","caigangying"],"log":"|j|\u2606something123\n|j|\u2606caigangying\n|t:|1725270863\n|gametype|doubles\n|player|p1|something123|102|1730\n|player|p2|caigangying|beauty-gen4dp|1709\n|teamsize|p1|6\n|teamsize|p2|6\n|gen|9\n|tier|[Gen 9] VGC 2024 Reg H\n|rated|\n|rule|Species Clause: Limit one of each Pok\u00e9mon\n|rule|Item Clause: Limit 1 of each item\n|clearpoke\n|poke|p1|Typhlosion-Hisui, L50, F|\n|poke|p1|Primarina, L50, M|\n|poke|p1|Meowscarada, L50, F|\n|poke|p1|Murkrow, L50, M|\n|poke|p1|Indeedee-F, L50, F|\n|poke|p1|Tyranitar, L50, M|\n|poke|p2|Pelipper, L50, M|\n|poke|p2|Maushold-Four, L50|\n|poke|p2|Archaludon, L50, F|\n|poke|p2|Annihilape, L50, F|\n|poke|p2|Murkrow, L50, F|\n|poke|p2|Basculegion, L50, M|\n|teampreview|4\n|inactive|Battle timer is ON: inactive players will automatically lose when time's up. (requested by caigangying)\n|inactive|something123 has 60 seconds left.\n|inactive|caigangying has 60 seconds left.\n|\n|t:|1725270905\n|start\n|switch|p1a: Primarina|Primarina, L50, M|100\/100\n|switch|p1b: Meowscarada|Meowscarada, L50, F|100\/100\n|switch|p2a: Murkrow|Murkrow, L50, F|100\/100\n|switch|p2b: Annihilape|Annihilape, L50, F|100\/100\n|turn|1\n|\n|t:|1725270927\n|move|p2a: Murkrow|Tailwind|p2a: Murkrow\n|-sidestart|p2: caigangying|move: Tailwind\n|move|p2b: Annihilape|Final Gambit|p1a: Primarina\n|-damage|p1a: Primarina|0 fnt\n|faint|p2b: Annihilape\n|faint|p1a: Primarina\n|move|p1b: Meowscarada|Grass Pledge|p2a: Murkrow\n|-resisted|p2a: Murkrow\n|-damage|p2a: Murkrow|89\/100\n|\n|upkeep\n|\n|t:|1725270946\n|switch|p2b: Archaludon|Archaludon, L50, F|100\/100\n|switch|p1a: Typhlosion|Typhlosion-Hisui, L50, F|100\/100\n|turn|2\n|\n|t:|1725270963\n|move|p2a: Murkrow|Rain Dance|p2a: Murkrow\n|-weather|RainDance\n|move|p2b: Archaludon|Electro Shot||[still]\n|-prepare|p2b: Archaludon|Electro Shot\n|-boost|p2b: Archaludon|spa|1\n|-anim|p2b: Archaludon|Electro Shot|p1a: Typhlosion\n|-damage|p1a: Typhlosion|22\/100\n|move|p1b: Meowscarada|Knock Off|p2b: Archaludon\n|-damage|p2b: Archaludon|71\/100\n|-ability|p2b: Archaludon|Stamina|boost\n|-boost|p2b: Archaludon|def|1\n|-enditem|p2b: Archaludon|Assault Vest|[from] move: Knock Off|[of] p1b: Meowscarada\n|move|p1a: Typhlosion|Shadow Ball|p2b: Archaludon\n|-damage|p2b: Archaludon|14\/100\n|-ability|p2b: Archaludon|Stamina|boost\n|-boost|p2b: Archaludon|def|1\n|\n|-weather|RainDance|[upkeep]\n|upkeep\n|turn|3\n|inactive|something123 has 30 seconds left.\n|inactive|something123 has 20 seconds left.\n|inactive|something123 has 15 seconds left.\n|inactive|caigangying has 30 seconds left.\n|inactive|something123 has 10 seconds left.\n|inactive|something123 has 5 seconds left.\n|\n|t:|1725271014\n|move|p2a: Murkrow|Foul Play|p1b: Meowscarada\n|-resisted|p1b: Meowscarada\n|-damage|p1b: Meowscarada|67\/100\n|move|p2b: Archaludon|Body Press|p1a: Typhlosion\n|-immune|p1a: Typhlosion\n|move|p1b: Meowscarada|Knock Off|p2b: Archaludon\n|-damage|p2b: Archaludon|4\/100\n|-ability|p2b: Archaludon|Stamina|boost\n|-boost|p2b: Archaludon|def|1\n|move|p1a: Typhlosion|Shadow Ball|p2b: Archaludon\n|-damage|p2b: Archaludon|0 fnt\n|faint|p2b: Archaludon\n|\n|-weather|RainDance|[upkeep]\n|upkeep\n|\n|t:|1725271028\n|switch|p2b: Pelipper|Pelipper, L50, M|100\/100\n|turn|4\n|\n|t:|1725271040\n|-terastallize|p2b: Pelipper|Water\n|move|p1b: Meowscarada|Protect|p1b: Meowscarada\n|-singleturn|p1b: Meowscarada|Protect\n|move|p2b: Pelipper|Muddy Water|p1a: Typhlosion|[spread] p1a\n|-activate|p1b: Meowscarada|move: Protect\n|-supereffective|p1a: Typhlosion\n|-damage|p1a: Typhlosion|0 fnt\n|faint|p1a: Typhlosion\n|move|p2a: Murkrow|Foul Play|p1b: Meowscarada\n|-activate|p1b: Meowscarada|move: Protect\n|\n|-weather|RainDance|[upkeep]\n|-sideend|p2: caigangying|move: Tailwind\n|upkeep\n|\n|t:|1725271047\n|switch|p1a: Tyranitar|Tyranitar, L50, M|100\/100\n|-weather|Sandstorm|[from] ability: Sand Stream|[of] p1a: Tyranitar\n|turn|5\n|inactive|something123 has 30 seconds left.\n|inactive|something123 has 20 seconds left.\n|inactive|something123 has 15 seconds left.\n|\n|t:|1725271089\n|move|p2a: Murkrow|Rain Dance|p2a: Murkrow\n|-weather|RainDance\n|move|p1b: Meowscarada|Knock Off|p2a: Murkrow\n|-resisted|p2a: Murkrow\n|-damage|p2a: Murkrow|66\/100\n|-enditem|p2a: Murkrow|Eviolite|[from] move: Knock Off|[of] p1b: Meowscarada\n|move|p2b: Pelipper|Muddy Water|p1a: Tyranitar|[spread] p1b\n|-miss|p2b: Pelipper|p1a: Tyranitar\n|-resisted|p1b: Meowscarada\n|-damage|p1b: Meowscarada|14\/100\n|-unboost|p1b: Meowscarada|accuracy|1\n|move|p1a: Tyranitar|Knock Off|p2b: Pelipper\n|-damage|p2b: Pelipper|23\/100\n|-enditem|p2b: Pelipper|Focus Sash|[from] move: Knock Off|[of] p1a: Tyranitar\n|\n|-weather|RainDance|[upkeep]\n|upkeep\n|turn|6\n|inactive|something123 has 30 seconds left.\n|\n|t:|1725271117\n|-terastallize|p1a: Tyranitar|Flying\n|move|p1b: Meowscarada|Protect|p1b: Meowscarada\n|-singleturn|p1b: Meowscarada|Protect\n|move|p2b: Pelipper|Muddy Water|p1b: Meowscarada|[spread] p1a\n|-activate|p1b: Meowscarada|move: Protect\n|-damage|p1a: Tyranitar|55\/100\n|move|p2a: Murkrow|Foul Play|p1a: Tyranitar\n|-damage|p1a: Tyranitar|5\/100\n|move|p1a: Tyranitar|Rock Slide|p2a: Murkrow|[spread] p2a,p2b\n|-supereffective|p2a: Murkrow\n|-damage|p2a: Murkrow|0 fnt\n|-damage|p2b: Pelipper|0 fnt\n|faint|p2a: Murkrow\n|faint|p2b: Pelipper\n|\n|win|something123\n|raw|something123's rating: 1730 &rarr; <strong>1749<\/strong><br \/>(+19 for winning)\n|raw|caigangying's rating: 1709 &rarr; <strong>1690<\/strong><br \/>(-19 for losing)\n|l|\u2606caigangying\n|player|p2|\n|l|\u2606something123\n|player|p1|\n","uploadtime":1725271275,"views":18,"formatid":"gen9vgc2024regh","rating":1690,"private":0,"password":null}