{"id":"gen9vgc2024regh-2192981055","format":"[Gen 9] VGC 2024 Reg H","players":["lieyanshu","dex2299"],"log":"|j|\u2606lieyanshu\n|j|\u2606dex2299\n|t:|1725284878\n|gametype|doubles\n|player|p1|lieyanshu|lucas|1728\n|player|p2|dex2299|169|1749\n|teamsize|p1|6\n|teamsize|p2|6\n|gen|9\n|tier|[Gen 9] VGC 2024 Reg H\n|rated|\n|rule|Species Clause: Limit one of each Pok\u00e9mon\n|rule|Item Clause: Limit 1 of each item\n|clearpoke\n|poke|p1|Archaludon, L50, F|\n|poke|p1|Indeedee, L50, M|\n|poke|p1|Volcarona, L50, M|\n|poke|p1|Sneasler, L50, F|\n|poke|p1|Dondozo, L50, F|\n|poke|p1|Tatsugiri, L50, F|\n|poke|p2|Whimsicott, L50, F|\n|poke|p2|Typhlosion-Hisui, L50, M|\n|poke|p2|Farigiraf, L50, F|\n|poke|p2|Rillaboom, L50, M|\n|poke|p2|Primarina, L50, M|\n|poke|p2|Incineroar, L50, F|\n|teampreview|4\n|inactive|Battle timer is ON: inactive players will automatically lose when time's up. (requested by dex2299)\n|\n|t:|1725284926\n|start\n|switch|p1a: Indeedee|Indeedee, L50, M|100\/100\n|switch|p1b: Archaludon|Archaludon, L50, F|100\/100\n|switch|p2a: Farigiraf|Farigiraf, L50, F|100\/100\n|switch|p2b: Primarina|Primarina, L50, M|100\/100\n|-fieldstart|move: Psychic Terrain|[from] ability: Psychic Surge|[of] p1a: Indeedee\n|turn|1\n|j| donbozolozocozo\n|inactive|lieyanshu has 30 seconds left.\n|\n|t:|1725284957\n|switch|p2a: Rillaboom|Rillaboom, L50, M|100\/100\n|-fieldstart|move: Grassy Terrain|[from] ability: Grassy Surge|[of] p2a: Rillaboom\n|-terastallize|p2b: Primarina|Grass\n|move|p1a: Indeedee|Expanding Force|p2a: Rillaboom\n|-damage|p2a: Rillaboom|75\/100\n|move|p1b: Archaludon|Electro Shot||[still]\n|-prepare|p1b: Archaludon|Electro Shot\n|-boost|p1b: Archaludon|spa|1\n|-enditem|p1b: Archaludon|Power Herb\n|-anim|p1b: Archaludon|Electro Shot|p2b: Primarina\n|-resisted|p2b: Primarina\n|-damage|p2b: Primarina|71\/100\n|move|p2b: Primarina|Moonblast|p1b: Archaludon\n|-damage|p1b: Archaludon|13\/100\n|-unboost|p1b: Archaludon|spa|1\n|\n|-heal|p1b: Archaludon|19\/100|[from] Grassy Terrain\n|-heal|p2a: Rillaboom|81\/100|[from] Grassy Terrain\n|-heal|p2b: Primarina|77\/100|[from] Grassy Terrain\n|upkeep\n|turn|2\n|inactive|lieyanshu has 30 seconds left.\n|inactive|dex2299 has 30 seconds left.\n|inactive|lieyanshu has 20 seconds left.\n|inactive|dex2299 has 20 seconds left.\n|inactive|lieyanshu has 15 seconds left.\n|\n|t:|1725284997\n|switch|p1a: Volcarona|Volcarona, L50, M|100\/100\n|move|p1b: Archaludon|Protect|p1b: Archaludon\n|-singleturn|p1b: Archaludon|Protect\n|move|p2a: Rillaboom|U-turn|p1b: Archaludon\n|-activate|p1b: Archaludon|move: Protect\n|move|p2b: Primarina|Hyper Voice|p1a: Volcarona|[spread] p1a\n|-activate|p1b: Archaludon|move: Protect\n|-supereffective|p1a: Volcarona\n|-damage|p1a: Volcarona|37\/100\n|-enditem|p2b: Primarina|Throat Spray\n|-boost|p2b: Primarina|spa|1|[from] item: Throat Spray\n|\n|-heal|p1a: Volcarona|43\/100|[from] Grassy Terrain\n|-heal|p1a: Volcarona|49\/100|[from] item: Leftovers\n|-heal|p1b: Archaludon|25\/100|[from] Grassy Terrain\n|-heal|p2a: Rillaboom|87\/100|[from] Grassy Terrain\n|-heal|p2b: Primarina|83\/100|[from] Grassy Terrain\n|upkeep\n|turn|3\n|inactive|lieyanshu has 30 seconds left.\n|inactive|dex2299 has 30 seconds left.\n|inactive|lieyanshu has 20 seconds left.\n|inactive|lieyanshu has 15 seconds left.\n|inactive|lieyanshu has 10 seconds left.\n|j| The flash 01\n|inactive|dex2299 has 20 seconds left.\n|inactive|dex2299 has 15 seconds left.\n|\n|t:|1725285061\n|-terastallize|p1a: Volcarona|Grass\n|move|p1a: Volcarona|Heat Wave|p2b: Primarina|[spread] p2a,p2b\n|-supereffective|p2a: Rillaboom\n|-supereffective|p2b: Primarina\n|-damage|p2a: Rillaboom|46\/100\n|-damage|p2b: Primarina|19\/100\n|move|p1b: Archaludon|Draco Meteor|p2b: Primarina|[miss]\n|-miss|p1b: Archaludon|p2b: Primarina\n|move|p2a: Rillaboom|U-turn|p1b: Archaludon\n|-resisted|p1b: Archaludon\n|-damage|p1b: Archaludon|15\/100\n|\n|t:|1725285073\n|switch|p2a: Farigiraf|Farigiraf, L50, F|100\/100|[from] U-turn\n|move|p2b: Primarina|Hyper Voice|p1b: Archaludon|[spread] p1a,p1b\n|-resisted|p1a: Volcarona\n|-resisted|p1b: Archaludon\n|-damage|p1a: Volcarona|22\/100\n|-damage|p1b: Archaludon|0 fnt\n|faint|p1b: Archaludon\n|\n|-heal|p1a: Volcarona|28\/100|[from] Grassy Terrain\n|-heal|p1a: Volcarona|34\/100|[from] item: Leftovers\n|-heal|p2b: Primarina|25\/100|[from] Grassy Terrain\n|upkeep\n|\n|t:|1725285090\n|switch|p1b: Indeedee|Indeedee, L50, M|100\/100\n|-fieldstart|move: Psychic Terrain|[from] ability: Psychic Surge|[of] p1b: Indeedee\n|turn|4\n|\n|t:|1725285114\n|move|p1a: Volcarona|Heat Wave|p2a: Farigiraf|[spread] p2a,p2b\n|-supereffective|p2b: Primarina\n|-crit|p2b: Primarina\n|-damage|p2a: Farigiraf|72\/100\n|-damage|p2b: Primarina|0 fnt\n|faint|p2b: Primarina\n|move|p1b: Indeedee|Imprison|p1b: Indeedee\n|-start|p1b: Indeedee|move: Imprison\n|move|p2a: Farigiraf|Hyper Voice|p1a: Volcarona|[spread] p1a,p1b\n|-damage|p1a: Volcarona|8\/100\n|-damage|p1b: Indeedee|65\/100\n|\n|-heal|p1a: Volcarona|14\/100|[from] item: Leftovers\n|upkeep\n|\n|t:|1725285124\n|switch|p2b: Incineroar|Incineroar, L50, F|100\/100\n|-ability|p2b: Incineroar|Intimidate|boost\n|-unboost|p1a: Volcarona|atk|1\n|-unboost|p1b: Indeedee|atk|1\n|turn|5\n|\n|t:|1725285147\n|move|p1a: Volcarona|Protect|p1a: Volcarona\n|-singleturn|p1a: Volcarona|Protect\n|move|p1b: Indeedee|Expanding Force|p2b: Incineroar|[spread] p2a\n|-immune|p2b: Incineroar\n|-resisted|p2a: Farigiraf\n|-damage|p2a: Farigiraf|47\/100\n|-enditem|p2a: Farigiraf|Sitrus Berry|[eat]\n|-heal|p2a: Farigiraf|72\/100|[from] item: Sitrus Berry\n|move|p2b: Incineroar|Flare Blitz|p1b: Indeedee\n|-crit|p1b: Indeedee\n|-damage|p1b: Indeedee|0 fnt\n|faint|p1b: Indeedee\n|-damage|p2b: Incineroar|86\/100|[from] Recoil\n|move|p2a: Farigiraf|Hyper Voice|p1a: Volcarona\n|-activate|p1a: Volcarona|move: Protect\n|\n|-heal|p1a: Volcarona|20\/100|[from] item: Leftovers\n|upkeep\n|\n|t:|1725285163\n|switch|p1b: Sneasler|Sneasler, L50, F|100\/100\n|-enditem|p1b: Sneasler|Psychic Seed\n|-boost|p1b: Sneasler|spd|1|[from] item: Psychic Seed\n|turn|6\n|\n|t:|1725285182\n|move|p1b: Sneasler|Lash Out|p2a: Farigiraf\n|-supereffective|p2a: Farigiraf\n|-damage|p2a: Farigiraf|22\/100\n|move|p1a: Volcarona|Heat Wave|p2a: Farigiraf|[spread] p2a\n|-miss|p1a: Volcarona|p2b: Incineroar\n|-damage|p2a: Farigiraf|0 fnt\n|faint|p2a: Farigiraf\n|move|p2b: Incineroar|Flare Blitz|p1a: Volcarona\n|-supereffective|p1a: Volcarona\n|-damage|p1a: Volcarona|0 fnt\n|faint|p1a: Volcarona\n|-damage|p2b: Incineroar|80\/100|[from] Recoil\n|\n|upkeep\n|\n|t:|1725285191\n|switch|p2a: Rillaboom|Rillaboom, L50, M|46\/100\n|-fieldstart|move: Grassy Terrain|[from] ability: Grassy Surge|[of] p2a: Rillaboom\n|turn|7\n|\n|t:|1725285200\n|move|p2a: Rillaboom|Fake Out|p1b: Sneasler\n|-damage|p1b: Sneasler|77\/100\n|cant|p1b: Sneasler|flinch\n|move|p2b: Incineroar|Flare Blitz|p1b: Sneasler\n|-damage|p1b: Sneasler|0 fnt\n|faint|p1b: Sneasler\n|-damage|p2b: Incineroar|60\/100|[from] Recoil\n|\n|win|dex2299\n|raw|lieyanshu's rating: 1728 &rarr; <strong>1709<\/strong><br \/>(-19 for losing)\n|raw|dex2299's rating: 1749 &rarr; <strong>1768<\/strong><br \/>(+19 for winning)\n|l|\u2606lieyanshu\n|player|p1|\n|l|\u2606dex2299\n|player|p2|\n","uploadtime":1725285460,"views":41,"formatid":"gen9vgc2024regh","rating":1709,"private":0,"password":null}