{"id":"gen9vgc2024regh-2192890841","format":"[Gen 9] VGC 2024 Reg H","players":["dex2299","something123"],"log":"|j|\u2606dex2299\n|j|\u2606something123\n|t:|1725272071\n|gametype|doubles\n|player|p1|dex2299|169|1742\n|player|p2|something123|102|1733\n|teamsize|p1|6\n|teamsize|p2|6\n|gen|9\n|tier|[Gen 9] VGC 2024 Reg H\n|rated|\n|rule|Species Clause: Limit one of each Pok\u00e9mon\n|rule|Item Clause: Limit 1 of each item\n|clearpoke\n|poke|p1|Whimsicott, L50, M|\n|poke|p1|Typhlosion-Hisui, L50, M|\n|poke|p1|Farigiraf, L50, F|\n|poke|p1|Rillaboom, L50, F|\n|poke|p1|Primarina, L50, F|\n|poke|p1|Incineroar, L50, F|\n|poke|p2|Typhlosion-Hisui, L50, F|\n|poke|p2|Primarina, L50, M|\n|poke|p2|Meowscarada, L50, F|\n|poke|p2|Murkrow, L50, M|\n|poke|p2|Indeedee-F, L50, F|\n|poke|p2|Tyranitar, L50, M|\n|teampreview|4\n|inactive|Battle timer is ON: inactive players will automatically lose when time's up. (requested by something123)\n|inactive|dex2299 has 60 seconds left.\n|j| Blinged\n|inactive|dex2299 has 30 seconds left.\n|\n|t:|1725272161\n|start\n|switch|p1a: Farigiraf|Farigiraf, L50, F|100\/100\n|switch|p1b: Primarina|Primarina, L50, F|100\/100\n|switch|p2a: Typhlosion|Typhlosion-Hisui, L50, F|100\/100\n|switch|p2b: Primarina|Primarina, L50, M|100\/100\n|turn|1\n|inactive|something123 has 30 seconds left.\n|inactive|something123 has 20 seconds left.\n|inactive|dex2299 has 30 seconds left.\n|\n|t:|1725272205\n|-terastallize|p1a: Farigiraf|Water\n|move|p1b: Primarina|Protect|p1b: Primarina\n|-singleturn|p1b: Primarina|Protect\n|move|p2a: Typhlosion|Eruption|p1a: Farigiraf|[spread] p1a\n|-activate|p1b: Primarina|move: Protect\n|-resisted|p1a: Farigiraf\n|-damage|p1a: Farigiraf|62\/100\n|move|p2b: Primarina|Hyper Voice|p1a: Farigiraf|[spread] p1a\n|-activate|p1b: Primarina|move: Protect\n|-resisted|p1a: Farigiraf\n|-damage|p1a: Farigiraf|46\/100\n|-enditem|p1a: Farigiraf|Sitrus Berry|[eat]\n|-heal|p1a: Farigiraf|71\/100|[from] item: Sitrus Berry\n|move|p1a: Farigiraf|Trick Room|p1a: Farigiraf\n|-fieldstart|move: Trick Room|[of] p1a: Farigiraf\n|\n|upkeep\n|turn|2\n|inactive|something123 has 30 seconds left.\n|inactive|something123 has 20 seconds left.\n|\n|t:|1725272240\n|switch|p2a: Tyranitar|Tyranitar, L50, M|100\/100\n|-weather|Sandstorm|[from] ability: Sand Stream|[of] p2a: Tyranitar\n|move|p1a: Farigiraf|Helping Hand|p1b: Primarina\n|-singleturn|p1b: Primarina|Helping Hand|[of] p1a: Farigiraf\n|move|p1b: Primarina|Hyper Voice|p2a: Tyranitar|[spread] p2a,p2b\n|-supereffective|p2a: Tyranitar\n|-resisted|p2b: Primarina\n|-damage|p2a: Tyranitar|52\/100\n|-damage|p2b: Primarina|75\/100\n|-enditem|p1b: Primarina|Throat Spray\n|-boost|p1b: Primarina|spa|1|[from] item: Throat Spray\n|move|p2b: Primarina|Moonblast|p1b: Primarina\n|-damage|p1b: Primarina|62\/100\n|\n|-weather|Sandstorm|[upkeep]\n|-damage|p1a: Farigiraf|65\/100|[from] Sandstorm\n|-damage|p1b: Primarina|56\/100|[from] Sandstorm\n|-damage|p2b: Primarina|69\/100|[from] Sandstorm\n|upkeep\n|turn|3\n|inactive|something123 has 30 seconds left.\n|inactive|something123 has 20 seconds left.\n|inactive|something123 has 15 seconds left.\n|inactive|something123 has 10 seconds left.\n|inactive|something123 has 5 seconds left.\n|\n|t:|1725272291\n|-terastallize|p2a: Tyranitar|Flying\n|move|p1a: Farigiraf|Helping Hand|p1b: Primarina\n|-singleturn|p1b: Primarina|Helping Hand|[of] p1a: Farigiraf\n|move|p2b: Primarina|Protect|p2b: Primarina\n|-singleturn|p2b: Primarina|Protect\n|move|p1b: Primarina|Hyper Voice|p2b: Primarina|[spread] p2a\n|-activate|p2b: Primarina|move: Protect\n|-damage|p2a: Tyranitar|1\/100\n|move|p2a: Tyranitar|Tera Blast|p1b: Primarina|[anim] Tera Blast Flying\n|-damage|p1b: Primarina|0 fnt\n|faint|p1b: Primarina\n|\n|-weather|Sandstorm|[upkeep]\n|-damage|p1a: Farigiraf|59\/100|[from] Sandstorm\n|-damage|p2b: Primarina|63\/100|[from] Sandstorm\n|-damage|p2a: Tyranitar|0 fnt|[from] Sandstorm\n|faint|p2a: Tyranitar\n|upkeep\n|l| Blinged\n|\n|t:|1725272309\n|switch|p1b: Rillaboom|Rillaboom, L50, F|100\/100\n|switch|p2a: Meowscarada|Meowscarada, L50, F|100\/100\n|-fieldstart|move: Grassy Terrain|[from] ability: Grassy Surge|[of] p1b: Rillaboom\n|turn|4\n|inactive|something123 has 30 seconds left.\n|\n|t:|1725272334\n|switch|p2b: Typhlosion|Typhlosion-Hisui, L50, F|100\/100\n|move|p1b: Rillaboom|Grassy Glide|p2b: Typhlosion\n|-resisted|p2b: Typhlosion\n|-damage|p2b: Typhlosion|75\/100\n|move|p1a: Farigiraf|Hyper Voice|p2a: Meowscarada|[spread] p2a\n|-immune|p2b: Typhlosion\n|-damage|p2a: Meowscarada|60\/100\n|move|p2a: Meowscarada|Flower Trick|p1a: Farigiraf\n|-supereffective|p1a: Farigiraf\n|-crit|p1a: Farigiraf\n|-damage|p1a: Farigiraf|0 fnt\n|faint|p1a: Farigiraf\n|\n|-weather|Sandstorm|[upkeep]\n|-damage|p1b: Rillaboom|95\/100|[from] Sandstorm\n|-damage|p2b: Typhlosion|69\/100|[from] Sandstorm\n|-damage|p2a: Meowscarada|54\/100|[from] Sandstorm\n|-heal|p1b: Rillaboom|100\/100|[from] Grassy Terrain\n|-heal|p2b: Typhlosion|75\/100|[from] Grassy Terrain\n|-heal|p2a: Meowscarada|60\/100|[from] Grassy Terrain\n|upkeep\n|\n|t:|1725272345\n|switch|p1a: Incineroar|Incineroar, L50, F|100\/100\n|-ability|p1a: Incineroar|Intimidate|boost\n|-unboost|p2a: Meowscarada|atk|1\n|-unboost|p2b: Typhlosion|atk|1\n|turn|5\n|j| epikdoge\n|inactive|something123 has 30 seconds left.\n|inactive|something123 has 20 seconds left.\n|\n|t:|1725272387\n|switch|p2b: Primarina|Primarina, L50, M|63\/100\n|move|p1a: Incineroar|Knock Off|p2b: Primarina\n|-resisted|p2b: Primarina\n|-damage|p2b: Primarina|40\/100\n|-enditem|p2b: Primarina|Sitrus Berry|[from] move: Knock Off|[of] p1a: Incineroar\n|move|p1b: Rillaboom|U-turn|p2a: Meowscarada\n|-supereffective|p2a: Meowscarada\n|-damage|p2a: Meowscarada|0 fnt\n|faint|p2a: Meowscarada\n|\n|-weather|Sandstorm|[upkeep]\n|-damage|p1b: Rillaboom|95\/100|[from] Sandstorm\n|-damage|p2b: Primarina|34\/100|[from] Sandstorm\n|-heal|p1b: Rillaboom|100\/100|[from] Grassy Terrain\n|-heal|p2b: Primarina|40\/100|[from] Grassy Terrain\n|-fieldend|move: Trick Room\n|upkeep\n|\n|t:|1725272396\n|switch|p2a: Typhlosion|Typhlosion-Hisui, L50, F|75\/100\n|turn|6\n|inactive|something123 has 30 seconds left.\n|inactive|dex2299 has 30 seconds left.\n|inactive|dex2299 has 20 seconds left.\n|inactive|dex2299 has 15 seconds left.\n|\n|t:|1725272446\n|move|p2b: Primarina|Protect|p2b: Primarina\n|-singleturn|p2b: Primarina|Protect\n|move|p1b: Rillaboom|Grassy Glide|p2b: Primarina\n|-activate|p2b: Primarina|move: Protect\n|move|p2a: Typhlosion|Flamethrower|p1b: Rillaboom\n|-supereffective|p1b: Rillaboom\n|-damage|p1b: Rillaboom|6\/100\n|move|p1a: Incineroar|Knock Off|p2a: Typhlosion\n|-supereffective|p2a: Typhlosion\n|-damage|p2a: Typhlosion|0 fnt\n|-enditem|p2a: Typhlosion|Choice Specs|[from] move: Knock Off|[of] p1a: Incineroar\n|faint|p2a: Typhlosion\n|\n|-weather|none\n|-heal|p2b: Primarina|47\/100|[from] Grassy Terrain\n|-heal|p1b: Rillaboom|12\/100|[from] Grassy Terrain\n|upkeep\n|turn|7\n|\n|t:|1725272464\n|move|p1b: Rillaboom|Grassy Glide|p2b: Primarina\n|-supereffective|p2b: Primarina\n|-damage|p2b: Primarina|0 fnt\n|faint|p2b: Primarina\n|\n|win|dex2299\n|raw|dex2299's rating: 1742 &rarr; <strong>1761<\/strong><br \/>(+19 for winning)\n|raw|something123's rating: 1733 &rarr; <strong>1714<\/strong><br \/>(-19 for losing)\n|l|\u2606something123\n|player|p2|\n|l|\u2606dex2299\n|player|p1|\n|l| epikdoge\n","uploadtime":1725272676,"views":35,"formatid":"gen9vgc2024regh","rating":1714,"private":0,"password":null}