{"id":"gen9vgc2024regh-2193428536","format":"[Gen 9] VGC 2024 Reg H","players":["It'sJustKen VGC","lieyanshu"],"log":"|j|\u2606It'sJustKen VGC\n|j|\u2606lieyanshu\n|t:|1725332983\n|gametype|doubles\n|player|p1|It'sJustKen VGC|turo|1683\n|player|p2|lieyanshu|lucas|1732\n|teamsize|p1|6\n|teamsize|p2|6\n|gen|9\n|tier|[Gen 9] VGC 2024 Reg H\n|rated|\n|rule|Species Clause: Limit one of each Pok\u00e9mon\n|rule|Item Clause: Limit 1 of each item\n|clearpoke\n|poke|p1|Gholdengo, L50|\n|poke|p1|Whimsicott, L50, F|\n|poke|p1|Sneasler, L50, M|\n|poke|p1|Hydreigon, L50, M|\n|poke|p1|Glimmora, L50, M|\n|poke|p1|Farigiraf, L50, F|\n|poke|p2|Archaludon, L50, F|\n|poke|p2|Indeedee, L50, M|\n|poke|p2|Volcarona, L50, F|\n|poke|p2|Sneasler, L50, M|\n|poke|p2|Dondozo, L50, F|\n|poke|p2|Tatsugiri, L50, F|\n|teampreview|4\n|inactive|Battle timer is ON: inactive players will automatically lose when time's up. (requested by It'sJustKen VGC)\n|inactive|It'sJustKen VGC has 60 seconds left.\n|inactive|lieyanshu has 60 seconds left.\nlieyanshu rejected open team sheets.\n|\n|t:|1725333035\n|start\n|switch|p1a: *hears the music*|Gholdengo, L50|100\/100\n|switch|p1b: BUTTERSCOTCH|Whimsicott, L50, F|100\/100\n|switch|p2a: Indeedee|Indeedee, L50, M|100\/100\n|switch|p2b: Sneasler|Sneasler, L50, M|100\/100\n|-fieldstart|move: Psychic Terrain|[from] ability: Psychic Surge|[of] p2a: Indeedee\n|-enditem|p2b: Sneasler|Psychic Seed\n|-boost|p2b: Sneasler|spd|1|[from] item: Psychic Seed\n|turn|1\n|\n|t:|1725333060\n|-terastallize|p2b: Sneasler|Dark\n|-terastallize|p1a: *hears the music*|Steel\n|move|p1b: BUTTERSCOTCH|Tailwind|p1b: BUTTERSCOTCH\n|-sidestart|p1: It'sJustKen VGC|move: Tailwind\n|move|p2b: Sneasler|Lash Out|p1a: *hears the music*\n|-damage|p1a: *hears the music*|51\/100\n|move|p1a: *hears the music*|Make It Rain|p2a: Indeedee|[spread] p2a,p2b\n|-enditem|p2a: Indeedee|Focus Sash\n|-damage|p2a: Indeedee|1\/100\n|-damage|p2b: Sneasler|17\/100\n|-unboost|p1a: *hears the music*|spa|1\n|move|p2a: Indeedee|Shadow Ball|p1a: *hears the music*\n|-damage|p1a: *hears the music*|18\/100\n|-unboost|p1a: *hears the music*|spd|1\n|\n|upkeep\n|turn|2\n|inactive|lieyanshu has 30 seconds left.\n|\n|t:|1725333088\n|move|p1b: BUTTERSCOTCH|Moonblast|p2b: Sneasler\n|-supereffective|p2b: Sneasler\n|-damage|p2b: Sneasler|0 fnt\n|faint|p2b: Sneasler\n|move|p1a: *hears the music*|Make It Rain|p2a: Indeedee\n|-damage|p2a: Indeedee|0 fnt\n|-unboost|p1a: *hears the music*|spa|1\n|faint|p2a: Indeedee\n|\n|upkeep\n|\n|t:|1725333098\n|switch|p2b: Dondozo|Dondozo, L50, F|100\/100\n|switch|p2a: Volcarona|Volcarona, L50, F|100\/100\n|turn|3\n|\n|t:|1725333117\n|switch|p1a: Hi!Dry!Gone!|Hydreigon, L50, M|100\/100\n|move|p1b: BUTTERSCOTCH|Moonblast|p2b: Dondozo\n|-damage|p2b: Dondozo|65\/100\n|move|p2a: Volcarona|Heat Wave|p1a: Hi!Dry!Gone!|[spread] p1a\n|-miss|p2a: Volcarona|p1b: BUTTERSCOTCH\n|-resisted|p1a: Hi!Dry!Gone!\n|-damage|p1a: Hi!Dry!Gone!|79\/100\n|move|p2b: Dondozo|Wave Crash|p1b: BUTTERSCOTCH\n|-resisted|p1b: BUTTERSCOTCH\n|-damage|p1b: BUTTERSCOTCH|56\/100\n|-damage|p2b: Dondozo|56\/100|[from] Recoil\n|\n|upkeep\n|turn|4\n|j| oherrodersir\n|inactive|It'sJustKen VGC has 30 seconds left.\n|inactive|It'sJustKen VGC has 20 seconds left.\n|inactive|It'sJustKen VGC has 15 seconds left.\n|inactive|It'sJustKen VGC has 10 seconds left.\n|\n|t:|1725333163\n|move|p1a: Hi!Dry!Gone!|Protect|p1a: Hi!Dry!Gone!\n|-singleturn|p1a: Hi!Dry!Gone!|Protect\n|move|p1b: BUTTERSCOTCH|Moonblast|p2b: Dondozo\n|-damage|p2b: Dondozo|20\/100\n|move|p2a: Volcarona|Heat Wave|p1b: BUTTERSCOTCH|[spread] p1b\n|-activate|p1a: Hi!Dry!Gone!|move: Protect\n|-supereffective|p1b: BUTTERSCOTCH\n|-damage|p1b: BUTTERSCOTCH|0 fnt\n|faint|p1b: BUTTERSCOTCH\n|move|p2b: Dondozo|Order Up|p1a: Hi!Dry!Gone!\n|-activate|p1a: Hi!Dry!Gone!|move: Protect\n|\n|-sideend|p1: It'sJustKen VGC|move: Tailwind\n|upkeep\n|\n|t:|1725333167\n|switch|p1b: *hears the music*|Gholdengo, L50, tera:Steel|18\/100\n|turn|5\n|\n|t:|1725333185\n|move|p1a: Hi!Dry!Gone!|Dark Pulse|p2b: Dondozo\n|-crit|p2b: Dondozo\n|-damage|p2b: Dondozo|0 fnt\n|faint|p2b: Dondozo\n|move|p2a: Volcarona|Heat Wave|p1b: *hears the music*|[spread] p1a,p1b\n|-resisted|p1a: Hi!Dry!Gone!\n|-supereffective|p1b: *hears the music*\n|-damage|p1a: Hi!Dry!Gone!|58\/100\n|-damage|p1b: *hears the music*|0 fnt\n|-status|p1a: Hi!Dry!Gone!|brn\n|faint|p1b: *hears the music*\n|\n|-damage|p1a: Hi!Dry!Gone!|52\/100 brn|[from] brn\n|-fieldend|move: Psychic Terrain\n|upkeep\n|\n|t:|1725333189\n|switch|p1b: Aah-Aah-Coo!|Sneasler, L50, M|100\/100\n|turn|6\n|\n|t:|1725333206\n|move|p1b: Aah-Aah-Coo!|Dire Claw|p2a: Volcarona\n|-damage|p2a: Volcarona|26\/100\n|-status|p2a: Volcarona|slp\n|-damage|p1b: Aah-Aah-Coo!|91\/100|[from] item: Life Orb\n|move|p1a: Hi!Dry!Gone!|Dark Pulse|p2a: Volcarona\n|-damage|p2a: Volcarona|0 fnt\n|faint|p2a: Volcarona\n|\n|win|It'sJustKen VGC\n|raw|It&apos;sJustKen VGC's rating: 1683 &rarr; <strong>1706<\/strong><br \/>(+23 for winning)\n|raw|lieyanshu's rating: 1732 &rarr; <strong>1709<\/strong><br \/>(-23 for losing)\n|l|\u2606It'sJustKen VGC\n|player|p1|\n|l|\u2606lieyanshu\n|player|p2|\n","uploadtime":1725333417,"views":33,"formatid":"gen9vgc2024regh","rating":1706,"private":0,"password":null}