{"id":"gen9vgc2024regh-2193745144","format":"[Gen 9] VGC 2024 Reg H","players":["SolarmanX","oscraft89"],"log":"|j|\u2606SolarmanX\n|j|\u2606oscraft89\n|t:|1725378290\n|gametype|doubles\n|player|p1|SolarmanX|clay|1646\n|player|p2|oscraft89|169|1737\n|teamsize|p1|6\n|teamsize|p2|6\n|gen|9\n|tier|[Gen 9] VGC 2024 Reg H\n|rated|\n|rule|Species Clause: Limit one of each Pok\u00e9mon\n|rule|Item Clause: Limit 1 of each item\n|clearpoke\n|poke|p1|Amoonguss, L50, F|\n|poke|p1|Ursaluna-Bloodmoon, L50, M|\n|poke|p1|Incineroar, L50, F|\n|poke|p1|Porygon2, L50|\n|poke|p1|Araquanid, L50, M|\n|poke|p1|Gholdengo, L50|\n|poke|p2|Talonflame, L50, F|\n|poke|p2|Tyranitar, L50, M|\n|poke|p2|Garchomp, L50, M|\n|poke|p2|Rillaboom, L50, M|\n|poke|p2|Primarina, L50, M|\n|poke|p2|Gholdengo, L50|\n|teampreview|4\n|inactive|Battle timer is ON: inactive players will automatically lose when time's up. (requested by SolarmanX)\n|\n|t:|1725378338\n|start\n|switch|p1a: Porygon2|Porygon2, L50|100\/100\n|switch|p1b: Gholdengo|Gholdengo, L50|100\/100\n|switch|p2a: Rillaboom|Rillaboom, L50, M|100\/100\n|switch|p2b: Gholdengo|Gholdengo, L50, shiny|100\/100\n|-fieldstart|move: Grassy Terrain|[from] ability: Grassy Surge|[of] p2a: Rillaboom\n|-ability|p1a: Porygon2|Download|boost\n|-boost|p1a: Porygon2|spa|1\n|turn|1\n|\n|t:|1725378349\n|-terastallize|p2b: Gholdengo|Steel\n|-terastallize|p1b: Gholdengo|Steel\n|move|p2a: Rillaboom|Fake Out|p1a: Porygon2\n|-damage|p1a: Porygon2|92\/100\n|move|p2b: Gholdengo|Make It Rain|p1a: Porygon2|[spread] p1a,p1b\n|-resisted|p1b: Gholdengo\n|-damage|p1a: Porygon2|46\/100\n|-damage|p1b: Gholdengo|43\/100\n|-unboost|p2b: Gholdengo|spa|1\n|move|p1b: Gholdengo|Make It Rain|p2b: Gholdengo|[spread] p2a,p2b\n|-resisted|p2b: Gholdengo\n|-damage|p2a: Rillaboom|28\/100\n|-damage|p2b: Gholdengo|39\/100\n|-unboost|p1b: Gholdengo|spa|1\n|cant|p1a: Porygon2|flinch\n|\n|-heal|p2b: Gholdengo|44\/100|[from] Grassy Terrain\n|-heal|p1b: Gholdengo|48\/100|[from] Grassy Terrain\n|-heal|p2a: Rillaboom|34\/100|[from] Grassy Terrain\n|-heal|p1a: Porygon2|51\/100|[from] Grassy Terrain\n|upkeep\n|turn|2\n|\n|t:|1725378373\n|move|p2a: Rillaboom|Grassy Glide|p1a: Porygon2\n|-damage|p1a: Porygon2|29\/100\n|move|p2b: Gholdengo|Make It Rain|p1a: Porygon2|[spread] p1a,p1b\n|-resisted|p1b: Gholdengo\n|-damage|p1a: Porygon2|0 fnt\n|-damage|p1b: Gholdengo|9\/100\n|-unboost|p2b: Gholdengo|spa|1\n|faint|p1a: Porygon2\n|move|p1b: Gholdengo|Make It Rain|p2a: Rillaboom|[spread] p2a,p2b\n|-resisted|p2b: Gholdengo\n|-damage|p2a: Rillaboom|0 fnt\n|-damage|p2b: Gholdengo|3\/100\n|-unboost|p1b: Gholdengo|spa|1\n|faint|p2a: Rillaboom\n|\n|-heal|p2b: Gholdengo|9\/100|[from] Grassy Terrain\n|-heal|p1b: Gholdengo|15\/100|[from] Grassy Terrain\n|upkeep\n|\n|t:|1725378395\n|switch|p2a: Primarina|Primarina, L50, M|100\/100\n|switch|p1a: Araquanid|Araquanid, L50, M|100\/100\n|turn|3\n|\n|t:|1725378412\n|switch|p1b: Ursaluna|Ursaluna-Bloodmoon, L50, M|100\/100\n|move|p1a: Araquanid|Wide Guard|p1a: Araquanid\n|-singleturn|p1a: Araquanid|Wide Guard\n|move|p2b: Gholdengo|Make It Rain|p1b: Ursaluna|[spread] \n|-activate|p1a: Araquanid|move: Wide Guard\n|-activate|p1b: Ursaluna|move: Wide Guard\n|move|p2a: Primarina|Hyper Voice|p1a: Araquanid|[spread] \n|-activate|p1a: Araquanid|move: Wide Guard\n|-activate|p1b: Ursaluna|move: Wide Guard\n|\n|-heal|p2b: Gholdengo|14\/100|[from] Grassy Terrain\n|upkeep\n|turn|4\n|\n|t:|1725378425\n|move|p2a: Primarina|Protect|p2a: Primarina\n|-singleturn|p2a: Primarina|Protect\n|move|p2b: Gholdengo|Make It Rain|p1a: Araquanid|[spread] p1a,p1b\n|-resisted|p1a: Araquanid\n|-damage|p1a: Araquanid|78\/100\n|-damage|p1b: Ursaluna|46\/100\n|-unboost|p2b: Gholdengo|spa|1\n|move|p1b: Ursaluna|Blood Moon|p2a: Primarina\n|-activate|p2a: Primarina|move: Protect\n|move|p1a: Araquanid|Substitute|p1a: Araquanid\n|-start|p1a: Araquanid|Substitute\n|-damage|p1a: Araquanid|53\/100\n|\n|-heal|p2b: Gholdengo|20\/100|[from] Grassy Terrain\n|-heal|p1b: Ursaluna|52\/100|[from] Grassy Terrain\n|-heal|p1a: Araquanid|59\/100|[from] Grassy Terrain\n|upkeep\n|turn|5\n|\n|t:|1725378442\n|switch|p2b: Tyranitar|Tyranitar, L50, M, shiny|100\/100\n|-weather|Sandstorm|[from] ability: Sand Stream|[of] p2b: Tyranitar\n|move|p1a: Araquanid|Wide Guard|p1a: Araquanid\n|-singleturn|p1a: Araquanid|Wide Guard\n|move|p2a: Primarina|Moonblast|p1b: Ursaluna\n|-damage|p1b: Ursaluna|0 fnt\n|faint|p1b: Ursaluna\n|\n|-weather|Sandstorm|[upkeep]\n|-damage|p2a: Primarina|94\/100|[from] Sandstorm\n|-heal|p2a: Primarina|100\/100|[from] Grassy Terrain\n|-heal|p1a: Araquanid|64\/100|[from] Grassy Terrain\n|-fieldend|move: Grassy Terrain\n|upkeep\n|\n|t:|1725378445\n|switch|p1b: Gholdengo|Gholdengo, L50, tera:Steel|15\/100\n|turn|6\n|inactive|oscraft89 has 30 seconds left.\n|inactive|SolarmanX has 30 seconds left.\n|inactive|oscraft89 has 20 seconds left.\n|\n|t:|1725378480\n|move|p1b: Gholdengo|Make It Rain|p2b: Tyranitar|[spread] p2a,p2b\n|-supereffective|p2b: Tyranitar\n|-damage|p2a: Primarina|7\/100\n|-damage|p2b: Tyranitar|0 fnt\n|-unboost|p1b: Gholdengo|spa|1\n|faint|p2b: Tyranitar\n|move|p2a: Primarina|Moonblast|p1b: Gholdengo\n|-resisted|p1b: Gholdengo\n|-damage|p1b: Gholdengo|0 fnt\n|faint|p1b: Gholdengo\n|move|p1a: Araquanid|Liquidation|p2a: Primarina\n|-resisted|p2a: Primarina\n|-damage|p2a: Primarina|0 fnt\n|faint|p2a: Primarina\n|\n|-weather|Sandstorm|[upkeep]\n|upkeep\n|\n|t:|1725378486\n|switch|p2b: Gholdengo|Gholdengo, L50, shiny, tera:Steel|20\/100\n|turn|7\n|\n|t:|1725378492\n|move|p2b: Gholdengo|Thunderbolt|p1a: Araquanid\n|-supereffective|p1a: Araquanid\n|-end|p1a: Araquanid|Substitute\n|move|p1a: Araquanid|Liquidation|p2b: Gholdengo\n|-crit|p2b: Gholdengo\n|-damage|p2b: Gholdengo|0 fnt\n|faint|p2b: Gholdengo\n|\n|win|SolarmanX\n|raw|SolarmanX's rating: 1646 &rarr; <strong>1671<\/strong><br \/>(+25 for winning)\n|raw|oscraft89's rating: 1737 &rarr; <strong>1712<\/strong><br \/>(-25 for losing)\n|l|\u2606oscraft89\n|player|p2|\n","uploadtime":1725378501,"views":54,"formatid":"gen9vgc2024regh","rating":1671,"private":0,"password":null}