{"id":"gen9vgc2024regh-2193340949","format":"[Gen 9] VGC 2024 Reg H","players":["evenifyoustumble","actuary97"],"log":"|j|\u2606evenifyoustumble\n|j|\u2606actuary97\n|t:|1725322485\n|gametype|doubles\n|player|p1|evenifyoustumble|lady|1819\n|player|p2|actuary97|sabrina-frlg|1789\n|teamsize|p1|6\n|teamsize|p2|6\n|gen|9\n|tier|[Gen 9] VGC 2024 Reg H\n|rated|\n|rule|Species Clause: Limit one of each Pok\u00e9mon\n|rule|Item Clause: Limit 1 of each item\n|clearpoke\n|poke|p1|Arcanine-Hisui, L50, M|\n|poke|p1|Serperior, L50, F|\n|poke|p1|Ursaluna-Bloodmoon, L50, M|\n|poke|p1|Samurott-Hisui, L50, M|\n|poke|p1|Gholdengo, L50|\n|poke|p1|Dragonite, L50, F|\n|poke|p2|Whimsicott, L50, F|\n|poke|p2|Gallade, L50, M|\n|poke|p2|Hatterene, L50, F|\n|poke|p2|Malamar, L50, F|\n|poke|p2|Indeedee, L50, M|\n|poke|p2|Archaludon, L50, F|\n|teampreview|4\n|inactive|Battle timer is ON: inactive players will automatically lose when time's up. (requested by evenifyoustumble)\nactuary97 has agreed to open team sheets.\nevenifyoustumble has agreed to open team sheets.\n|inactive|actuary97 has 30 seconds left.\n|inactive|actuary97 has 20 seconds left.\n|inactive|actuary97 has 15 seconds left.\n|\n|t:|1725322532\n|start\n|switch|p1a: Dragonite|Dragonite, L50, F|100\/100\n|switch|p1b: Arcanine|Arcanine-Hisui, L50, M, shiny|100\/100\n|switch|p2a: Mischief Mother|Whimsicott, L50, F, shiny|100\/100\n|switch|p2b: Tapu Deedee|Indeedee, L50, M, shiny|100\/100\n|-fieldstart|move: Psychic Terrain|[from] ability: Psychic Surge|[of] p2b: Tapu Deedee\n|turn|1\n|j| Amparocks\n|j| Therazer456\n|\n|t:|1725322550\n|switch|p2b: Bridget|Archaludon, L50, F, shiny|100\/100\n|-terastallize|p1a: Dragonite|Steel\n|move|p1b: Arcanine|Protect|p1b: Arcanine\n|-singleturn|p1b: Arcanine|Protect\n|move|p2a: Mischief Mother|Beat Up|p2b: Bridget\n|-damage|p2b: Bridget|99\/100\n|-ability|p2b: Bridget|Stamina|boost\n|-boost|p2b: Bridget|def|1\n|-damage|p2b: Bridget|97\/100\n|-ability|p2b: Bridget|Stamina|boost\n|-boost|p2b: Bridget|def|1\n|-damage|p2b: Bridget|96\/100\n|-ability|p2b: Bridget|Stamina|boost\n|-boost|p2b: Bridget|def|1\n|-damage|p2b: Bridget|95\/100\n|-ability|p2b: Bridget|Stamina|boost\n|-boost|p2b: Bridget|def|1\n|-hitcount|p2b: Bridget|4\n|move|p1a: Dragonite|Ice Spinner|p2a: Mischief Mother\n|-supereffective|p2a: Mischief Mother\n|-damage|p2a: Mischief Mother|12\/100\n|-fieldend|move: Psychic Terrain\n|\n|upkeep\n|turn|2\n|\n|t:|1725322562\n|switch|p2a: Tapu Deedee|Indeedee, L50, M, shiny|100\/100\n|-fieldstart|move: Psychic Terrain|[from] ability: Psychic Surge|[of] p2a: Tapu Deedee\n|move|p1b: Arcanine|Extreme Speed|p2a: Tapu Deedee\n|-activate|p2a: Tapu Deedee|move: Psychic Terrain\n|move|p2b: Bridget|Body Press|p1a: Dragonite\n|-supereffective|p1a: Dragonite\n|-damage|p1a: Dragonite|41\/100\n|move|p1a: Dragonite|Haze|p1a: Dragonite\n|-clearallboost\n|\n|upkeep\n|turn|3\n|inactive|actuary97 has 30 seconds left.\n|\n|t:|1725322590\n|move|p2a: Tapu Deedee|Expanding Force|p1b: Arcanine|[spread] p1a,p1b\n|-resisted|p1a: Dragonite\n|-damage|p1a: Dragonite|6\/100\n|-enditem|p1b: Arcanine|Focus Sash\n|-damage|p1b: Arcanine|1\/100\n|move|p1b: Arcanine|Flare Blitz|p2a: Tapu Deedee\n|-damage|p2a: Tapu Deedee|0 fnt\n|faint|p2a: Tapu Deedee\n|move|p2b: Bridget|Body Press|p1b: Arcanine\n|-supereffective|p1b: Arcanine\n|-damage|p1b: Arcanine|0 fnt\n|faint|p1b: Arcanine\n|move|p1a: Dragonite|Ice Spinner|p2b: Bridget\n|-damage|p2b: Bridget|75\/100\n|-ability|p2b: Bridget|Stamina|boost\n|-boost|p2b: Bridget|def|1\n|-fieldend|move: Psychic Terrain\n|\n|upkeep\n|\n|t:|1725322601\n|switch|p2a: Mischief Mother|Whimsicott, L50, F, shiny|12\/100\n|switch|p1b: Ursaluna|Ursaluna-Bloodmoon, L50, M|100\/100\n|turn|4\n|j| Weathered Wayfarer\n|\n|t:|1725322623\n|move|p2a: Mischief Mother|Beat Up|p2b: Bridget\n|-damage|p2b: Bridget|73\/100\n|-ability|p2b: Bridget|Stamina|boost\n|-boost|p2b: Bridget|def|1\n|-damage|p2b: Bridget|72\/100\n|-ability|p2b: Bridget|Stamina|boost\n|-boost|p2b: Bridget|def|1\n|-damage|p2b: Bridget|71\/100\n|-ability|p2b: Bridget|Stamina|boost\n|-boost|p2b: Bridget|def|1\n|-hitcount|p2b: Bridget|3\n|move|p2b: Bridget|Snarl|p1b: Ursaluna|[spread] p1a,p1b\n|-crit|p1b: Ursaluna\n|-damage|p1a: Dragonite|0 fnt\n|-damage|p1b: Ursaluna|88\/100\n|-unboost|p1b: Ursaluna|spa|1\n|faint|p1a: Dragonite\n|move|p1b: Ursaluna|Blood Moon|p2b: Bridget\n|-resisted|p2b: Bridget\n|-damage|p2b: Bridget|55\/100\n|-ability|p2b: Bridget|Stamina|boost\n|-boost|p2b: Bridget|def|1\n|\n|upkeep\n|\n|t:|1725322628\n|switch|p1a: Samurott|Samurott-Hisui, L50, M|100\/100\n|turn|5\n|\n|t:|1725322641\n|move|p2a: Mischief Mother|Tailwind|p2a: Mischief Mother\n|-sidestart|p2: actuary97|move: Tailwind\n|move|p2b: Bridget|Body Press|p1b: Ursaluna\n|-supereffective|p1b: Ursaluna\n|-damage|p1b: Ursaluna|0 fnt\n|faint|p1b: Ursaluna\n|move|p1a: Samurott|Sacred Sword|p2b: Bridget\n|-supereffective|p2b: Bridget\n|-damage|p2b: Bridget|0 fnt\n|faint|p2b: Bridget\n|-damage|p1a: Samurott|91\/100|[from] item: Life Orb\n|\n|upkeep\n|\n|t:|1725322645\n|switch|p2b: \u2694\ufe0fKing\u2694\ufe0f|Gallade, L50, M, shiny|100\/100\n|turn|6\n|\n|t:|1725322656\n|-terastallize|p2b: \u2694\ufe0fKing\u2694\ufe0f|Grass\n|move|p2a: Mischief Mother|Moonblast|p1a: Samurott\n|-supereffective|p1a: Samurott\n|-damage|p1a: Samurott|6\/100\n|move|p2b: \u2694\ufe0fKing\u2694\ufe0f|Leaf Blade|p1a: Samurott\n|-supereffective|p1a: Samurott\n|-crit|p1a: Samurott\n|-damage|p1a: Samurott|0 fnt\n|faint|p1a: Samurott\n|\n|win|actuary97\n|raw|evenifyoustumble's rating: 1819 &rarr; <strong>1797<\/strong><br \/>(-22 for losing)\n|raw|actuary97's rating: 1789 &rarr; <strong>1811<\/strong><br \/>(+22 for winning)\n|l|\u2606evenifyoustumble\n|player|p1|\n|l| Therazer456\n|l| Amparocks\n|l|\u2606actuary97\n|player|p2|\n","uploadtime":1725322740,"views":638,"formatid":"gen9vgc2024regh","rating":1797,"private":0,"password":null}