{"id":"gen9vgc2024regh-2193220427","format":"[Gen 9] VGC 2024 Reg H","players":["gephicka","henchanted"],"log":"|j|\u2606gephicka\n|j|\u2606henchanted\n|t:|1725309270\n|gametype|doubles\n|player|p1|gephicka|adaman|1658\n|player|p2|henchanted|dragontamer-gen9|1758\n|teamsize|p1|6\n|teamsize|p2|6\n|gen|9\n|tier|[Gen 9] VGC 2024 Reg H\n|rated|\n|rule|Species Clause: Limit one of each Pok\u00e9mon\n|rule|Item Clause: Limit 1 of each item\n|clearpoke\n|poke|p1|Grimmsnarl, L50, M|\n|poke|p1|Archaludon, L50, M|\n|poke|p1|Volcarona, L50, M|\n|poke|p1|Palafin, L50, F|\n|poke|p1|Pawmot, L50, F|\n|poke|p1|Amoonguss, L50, M|\n|poke|p2|Lycanroc, L50, M|\n|poke|p2|Tyranitar, L50, F|\n|poke|p2|Indeedee-F, L50, F|\n|poke|p2|Armarouge, L50, M|\n|poke|p2|Dondozo, L50, M|\n|poke|p2|Tatsugiri-Droopy, L50, M|\n|teampreview|4\n|inactive|Battle timer is ON: inactive players will automatically lose when time's up. (requested by henchanted)\n|inactive|gephicka also wants the timer to be on.\n|c|\u2606gephicka|hf\n|c|\u2606henchanted|u2\n|\n|t:|1725309289\n|start\n|switch|p1a: Grimmsnarl|Grimmsnarl, L50, M|100\/100\n|switch|p1b: bridge guy|Archaludon, L50, M|100\/100\n|switch|p2a: Lycanroc|Lycanroc, L50, M|100\/100\n|switch|p2b: Tyranitar|Tyranitar, L50, F|100\/100\n|-weather|Sandstorm|[from] ability: Sand Stream|[of] p2b: Tyranitar\n|turn|1\n|j| Trfgtred\n|\n|t:|1725309313\n|-terastallize|p2b: Tyranitar|Flying\n|-terastallize|p1b: bridge guy|Fairy\n|move|p1a: Grimmsnarl|Reflect|p1a: Grimmsnarl\n|-sidestart|p1: gephicka|Reflect\n|move|p2a: Lycanroc|Close Combat|p1b: bridge guy\n|-resisted|p1b: bridge guy\n|-damage|p1b: bridge guy|91\/100\n|-unboost|p2a: Lycanroc|def|1\n|-unboost|p2a: Lycanroc|spd|1\n|-ability|p1b: bridge guy|Stamina|boost\n|-boost|p1b: bridge guy|def|1\n|move|p2b: Tyranitar|Rock Slide|p1b: bridge guy|[spread] p1a,p1b\n|-damage|p1a: Grimmsnarl|67\/100\n|-damage|p1b: bridge guy|75\/100\n|-ability|p1b: bridge guy|Stamina|boost\n|-boost|p1b: bridge guy|def|1\n|move|p1b: bridge guy|Body Press|p2b: Tyranitar\n|-resisted|p2b: Tyranitar\n|-damage|p2b: Tyranitar|80\/100\n|\n|-weather|Sandstorm|[upkeep]\n|-damage|p1b: bridge guy|69\/100|[from] Sandstorm\n|-damage|p2b: Tyranitar|74\/100|[from] Sandstorm\n|-damage|p1a: Grimmsnarl|61\/100|[from] Sandstorm\n|upkeep\n|turn|2\n|\n|t:|1725309328\n|move|p2a: Lycanroc|Rock Slide|p1a: Grimmsnarl|[spread] p1a,p1b\n|-damage|p1a: Grimmsnarl|41\/100\n|-damage|p1b: bridge guy|62\/100\n|-ability|p1b: bridge guy|Stamina|boost\n|-boost|p1b: bridge guy|def|1\n|move|p1b: bridge guy|Draco Meteor|p2b: Tyranitar\n|-damage|p2b: Tyranitar|16\/100\n|-unboost|p1b: bridge guy|spa|2\n|move|p2b: Tyranitar|Rock Slide|p1b: bridge guy|[spread] p1a,p1b\n|-damage|p1a: Grimmsnarl|4\/100\n|-damage|p1b: bridge guy|52\/100\n|-ability|p1b: bridge guy|Stamina|boost\n|-boost|p1b: bridge guy|def|1\n|move|p1a: Grimmsnarl|Spirit Break|p2a: Lycanroc\n|-damage|p2a: Lycanroc|28\/100\n|-unboost|p2a: Lycanroc|spa|1\n|\n|-weather|Sandstorm|[upkeep]\n|-damage|p1b: bridge guy|46\/100|[from] Sandstorm\n|-damage|p2b: Tyranitar|10\/100|[from] Sandstorm\n|-damage|p1a: Grimmsnarl|0 fnt|[from] Sandstorm\n|faint|p1a: Grimmsnarl\n|upkeep\n|\n|t:|1725309335\n|switch|p1a: shrooming|Amoonguss, L50, M|100\/100\n|turn|3\n|\n|t:|1725309344\n|move|p2a: Lycanroc|Endeavor|p1a: shrooming\n|-damage|p1a: shrooming|19\/100\n|-enditem|p1a: shrooming|Sitrus Berry|[eat]\n|-heal|p1a: shrooming|44\/100|[from] item: Sitrus Berry\n|move|p1b: bridge guy|Body Press|p2a: Lycanroc\n|-supereffective|p2a: Lycanroc\n|-damage|p2a: Lycanroc|0 fnt\n|faint|p2a: Lycanroc\n|move|p2b: Tyranitar|Rock Slide|p1a: shrooming|[spread] p1a,p1b\n|-damage|p1a: shrooming|16\/100\n|-damage|p1b: bridge guy|37\/100\n|-ability|p1b: bridge guy|Stamina|boost\n|-boost|p1b: bridge guy|def|1\n|move|p1a: shrooming|Pollen Puff|p1b: bridge guy\n|-heal|p1b: bridge guy|87\/100\n|\n|-weather|Sandstorm|[upkeep]\n|-damage|p1b: bridge guy|80\/100|[from] Sandstorm\n|-damage|p2b: Tyranitar|4\/100|[from] Sandstorm\n|-damage|p1a: shrooming|10\/100|[from] Sandstorm\n|upkeep\n|\n|t:|1725309359\n|switch|p2a: Dondozo|Dondozo, L50, M|100\/100\n|turn|4\n|\n|t:|1725309366\n|switch|p2b: Tatsugiri|Tatsugiri-Droopy, L50, M|100\/100\n|-activate|p2b: Tatsugiri|ability: Commander|[of] p2a: Dondozo\n|-boost|p2a: Dondozo|atk|2\n|-boost|p2a: Dondozo|spa|2\n|-boost|p2a: Dondozo|spe|2\n|-boost|p2a: Dondozo|def|2\n|-boost|p2a: Dondozo|spd|2\n|switch|p1a: Pawmot|Pawmot, L50, F|100\/100\n|move|p2a: Dondozo|Rock Slide|p1b: bridge guy|[spread] p1a,p1b\n|-resisted|p1a: Pawmot\n|-damage|p1a: Pawmot|80\/100\n|-damage|p1b: bridge guy|62\/100\n|-ability|p1b: bridge guy|Stamina|boost\n|-boost|p1b: bridge guy|def|1\n|move|p1b: bridge guy|Draco Meteor|p2a: Dondozo\n|-damage|p2a: Dondozo|67\/100\n|-unboost|p1b: bridge guy|spa|2\n|\n|-weather|Sandstorm|[upkeep]\n|-damage|p2a: Dondozo|60\/100|[from] Sandstorm\n|-damage|p1a: Pawmot|74\/100|[from] Sandstorm\n|-damage|p2b: Tatsugiri|94\/100|[from] Sandstorm\n|-damage|p1b: bridge guy|56\/100|[from] Sandstorm\n|upkeep\n|turn|5\n|\n|t:|1725309379\n|move|p1a: Pawmot|Fake Out|p2a: Dondozo\n|-damage|p2a: Dondozo|56\/100\n|cant|p2a: Dondozo|flinch\n|move|p1b: bridge guy|Draco Meteor|p2a: Dondozo|[miss]\n|-miss|p1b: bridge guy|p2a: Dondozo\n|\n|-weather|none\n|upkeep\n|turn|6\n|\n|t:|1725309398\n|move|p2a: Dondozo|Wave Crash|p1b: bridge guy\n|-damage|p1b: bridge guy|0 fnt\n|faint|p1b: bridge guy\n|-damage|p2a: Dondozo|40\/100|[from] Recoil\n|move|p1a: Pawmot|Double Shock|p2a: Dondozo\n|-supereffective|p2a: Dondozo\n|-damage|p2a: Dondozo|0 fnt\n|-start|p1a: Pawmot|typechange|???\/Fighting|[from] move: Double Shock\n|faint|p2a: Dondozo\n|\n|upkeep\n|\n|t:|1725309402\n|switch|p1b: shrooming|Amoonguss, L50, M|43\/100\n|switch|p2a: Tyranitar|Tyranitar, L50, F, tera:Flying|4\/100\n|-weather|Sandstorm|[from] ability: Sand Stream|[of] p2a: Tyranitar\n|turn|7\n|\n|t:|1725309413\n|move|p1b: shrooming|Rage Powder|p1b: shrooming\n|-singleturn|p1b: shrooming|move: Rage Powder\n|move|p1a: Pawmot|Close Combat|p2b: Tatsugiri\n|-crit|p2b: Tatsugiri\n|-damage|p2b: Tatsugiri|0 fnt\n|-unboost|p1a: Pawmot|def|1\n|-unboost|p1a: Pawmot|spd|1\n|faint|p2b: Tatsugiri\n|move|p2a: Tyranitar|Tera Blast|p1b: shrooming|[anim] Tera Blast Flying\n|-supereffective|p1b: shrooming\n|-damage|p1b: shrooming|0 fnt\n|faint|p1b: shrooming\n|\n|-weather|Sandstorm|[upkeep]\n|-damage|p1a: Pawmot|68\/100|[from] Sandstorm\n|-damage|p2a: Tyranitar|0 fnt|[from] Sandstorm\n|faint|p2a: Tyranitar\n|\n|win|gephicka\n|upkeep\n|raw|gephicka's rating: 1658 &rarr; <strong>1684<\/strong><br \/>(+26 for winning)\n|raw|henchanted's rating: 1758 &rarr; <strong>1732<\/strong><br \/>(-26 for losing)\n|l|\u2606henchanted\n|player|p2|\n|l|\u2606gephicka\n|player|p1|\n","uploadtime":1725309611,"views":20,"formatid":"gen9vgc2024regh","rating":1684,"private":0,"password":null}