{"id":"gen9vgc2024regh-2193268207","format":"[Gen 9] VGC 2024 Reg H","players":["gephicka","dex2299"],"log":"|j|\u2606gephicka\n|j|\u203ddex2299\n|t:|1725314218\n|gametype|doubles\n|player|p1|gephicka|adaman|1680\n|player|p2|dex2299|102|1789\n|teamsize|p1|6\n|teamsize|p2|6\n|gen|9\n|tier|[Gen 9] VGC 2024 Reg H\n|rated|\n|rule|Species Clause: Limit one of each Pok\u00e9mon\n|rule|Item Clause: Limit 1 of each item\n|clearpoke\n|poke|p1|Dondozo, L50, F|\n|poke|p1|Tatsugiri, L50, F|\n|poke|p1|Talonflame, L50, M|\n|poke|p1|Gholdengo, L50|\n|poke|p1|Pawmot, L50, M|\n|poke|p1|Dragonite, L50, F|\n|poke|p2|Whimsicott, L50, F|\n|poke|p2|Typhlosion-Hisui, L50, F|\n|poke|p2|Farigiraf, L50, M|\n|poke|p2|Rillaboom, L50, F|\n|poke|p2|Primarina, L50, M|\n|poke|p2|Incineroar, L50, M|\n|teampreview|4\n|inactive|Battle timer is ON: inactive players will automatically lose when time's up. (requested by gephicka)\n|c|\u2606gephicka|hf\n|j| Valspluga\n|inactive|gephicka has 60 seconds left.\n|inactive|dex2299 has 60 seconds left.\n|\n|t:|1725314272\n|start\n|switch|p1a: Dragonite|Dragonite, L50, F|100\/100\n|switch|p1b: Pawmot|Pawmot, L50, M|100\/100\n|switch|p2a: Farigiraf|Farigiraf, L50, M|100\/100\n|switch|p2b: Primarina|Primarina, L50, M|100\/100\n|turn|1\n|j| Trfgtred\n|\n|t:|1725314283\n|-terastallize|p1a: Dragonite|Flying\n|move|p2b: Primarina|Protect|p2b: Primarina\n|-singleturn|p2b: Primarina|Protect\n|move|p1b: Pawmot|Double Shock|p2b: Primarina\n|-activate|p2b: Primarina|move: Protect\n|move|p1a: Dragonite|Tera Blast|p2a: Farigiraf|[anim] Tera Blast Flying\n|-damage|p2a: Farigiraf|22\/100\n|-enditem|p2a: Farigiraf|Sitrus Berry|[eat]\n|-heal|p2a: Farigiraf|46\/100|[from] item: Sitrus Berry\n|move|p2a: Farigiraf|Trick Room|p2a: Farigiraf\n|-fieldstart|move: Trick Room|[of] p2a: Farigiraf\n|\n|upkeep\n|turn|2\n|\n|t:|1725314303\n|switch|p1b: Dondozo|Dondozo, L50, F|100\/100\n|move|p2a: Farigiraf|Psychic|p1b: Dondozo\n|-damage|p1b: Dondozo|60\/100\n|move|p2b: Primarina|Hyper Voice|p1b: Dondozo|[spread] p1a,p1b\n|-resisted|p1b: Dondozo\n|-crit|p1b: Dondozo\n|-damage|p1a: Dragonite|59\/100\n|-damage|p1b: Dondozo|30\/100\n|-enditem|p2b: Primarina|Throat Spray\n|-boost|p2b: Primarina|spa|1|[from] item: Throat Spray\n|move|p1a: Dragonite|Tera Blast|p2a: Farigiraf|[anim] Tera Blast Flying\n|-damage|p2a: Farigiraf|0 fnt\n|faint|p2a: Farigiraf\n|\n|-heal|p1b: Dondozo|36\/100|[from] item: Leftovers\n|upkeep\n|\n|t:|1725314322\n|switch|p2a: Incineroar|Incineroar, L50, M|100\/100\n|-ability|p2a: Incineroar|Intimidate|boost\n|-fail|p1a: Dragonite|unboost|Attack|[from] ability: Inner Focus|[of] p1a: Dragonite\n|-unboost|p1b: Dondozo|atk|1\n|turn|3\n|inactive|dex2299 has 30 seconds left.\n|\n|t:|1725314349\n|move|p1b: Dondozo|Protect|p1b: Dondozo\n|-singleturn|p1b: Dondozo|Protect\n|move|p2a: Incineroar|Fake Out|p1b: Dondozo\n|-activate|p1b: Dondozo|move: Protect\n|move|p2b: Primarina|Hyper Voice|p1a: Dragonite|[spread] p1a\n|-activate|p1b: Dondozo|move: Protect\n|-damage|p1a: Dragonite|0 fnt\n|faint|p1a: Dragonite\n|\n|-heal|p1b: Dondozo|42\/100|[from] item: Leftovers\n|upkeep\n|\n|t:|1725314360\n|switch|p1a: Pawmot|Pawmot, L50, M|100\/100\n|turn|4\n|j| Fulimba\n|\n|t:|1725314385\n|switch|p2a: Rillaboom|Rillaboom, L50, F|100\/100\n|-fieldstart|move: Grassy Terrain|[from] ability: Grassy Surge|[of] p2a: Rillaboom\n|-terastallize|p2b: Primarina|Grass\n|move|p1a: Pawmot|Fake Out|p2b: Primarina\n|-damage|p2b: Primarina|86\/100\n|cant|p2b: Primarina|flinch\n|move|p1b: Dondozo|Wave Crash|p2a: Rillaboom\n|-resisted|p2a: Rillaboom\n|-damage|p2a: Rillaboom|84\/100\n|-damage|p1b: Dondozo|37\/100|[from] Recoil\n|\n|-heal|p2b: Primarina|92\/100|[from] Grassy Terrain\n|-heal|p1b: Dondozo|43\/100|[from] Grassy Terrain\n|-heal|p1b: Dondozo|50\/100|[from] item: Leftovers\n|-heal|p2a: Rillaboom|89\/100|[from] Grassy Terrain\n|upkeep\n|turn|5\n|\n|t:|1725314409\n|move|p1b: Dondozo|Protect|p1b: Dondozo\n|-singleturn|p1b: Dondozo|Protect\n|move|p2b: Primarina|Moonblast|p1b: Dondozo\n|-activate|p1b: Dondozo|move: Protect\n|move|p2a: Rillaboom|Wood Hammer|p1a: Pawmot\n|-enditem|p1a: Pawmot|Focus Sash\n|-damage|p1a: Pawmot|1\/100\n|-damage|p2a: Rillaboom|66\/100|[from] Recoil\n|move|p1a: Pawmot|Revival Blessing|p1a: Pawmot\n|\n|t:|1725314413\n|-heal|p1: Dragonite|50\/100|[from] move: Revival Blessing\n|\n|-heal|p2b: Primarina|98\/100|[from] Grassy Terrain\n|-heal|p1b: Dondozo|56\/100|[from] Grassy Terrain\n|-heal|p1b: Dondozo|62\/100|[from] item: Leftovers\n|-heal|p2a: Rillaboom|72\/100|[from] Grassy Terrain\n|-heal|p1a: Pawmot|7\/100|[from] Grassy Terrain\n|-fieldend|move: Trick Room\n|upkeep\n|turn|6\n|inactive|gephicka has 30 seconds left.\n|\n|t:|1725314441\n|switch|p1b: Dragonite|Dragonite, L50, F|50\/100\n|move|p1a: Pawmot|Close Combat|p2b: Primarina\n|-damage|p2b: Primarina|33\/100\n|-unboost|p1a: Pawmot|def|1\n|-unboost|p1a: Pawmot|spd|1\n|move|p2a: Rillaboom|U-turn|p1a: Pawmot\n|-resisted|p1a: Pawmot\n|-damage|p1a: Pawmot|0 fnt\n|faint|p1a: Pawmot\n|\n|t:|1725314447\n|switch|p2a: Incineroar|Incineroar, L50, M|100\/100|[from] U-turn\n|-ability|p2a: Incineroar|Intimidate|boost\n|-fail|p1b: Dragonite|unboost|Attack|[from] ability: Inner Focus|[of] p1b: Dragonite\n|move|p2b: Primarina|Moonblast|p1b: Dragonite\n|-supereffective|p1b: Dragonite\n|-damage|p1b: Dragonite|0 fnt\n|faint|p1b: Dragonite\n|\n|-heal|p2b: Primarina|39\/100|[from] Grassy Terrain\n|upkeep\n|\n|t:|1725314450\n|switch|p1a: Tatsugiri|Tatsugiri, L50, F|100\/100\n|switch|p1b: Dondozo|Dondozo, L50, F|62\/100\n|-activate|p1a: Tatsugiri|ability: Commander|[of] p1b: Dondozo\n|-boost|p1b: Dondozo|atk|2\n|-boost|p1b: Dondozo|spa|2\n|-boost|p1b: Dondozo|spe|2\n|-boost|p1b: Dondozo|def|2\n|-boost|p1b: Dondozo|spd|2\n|turn|7\n|\n|t:|1725314459\n|move|p2a: Incineroar|Fake Out|p1b: Dondozo\n|-damage|p1b: Dondozo|58\/100\n|cant|p1b: Dondozo|flinch\n|move|p2b: Primarina|Haze|p2b: Primarina\n|-clearallboost\n|\n|-heal|p1b: Dondozo|65\/100|[from] Grassy Terrain\n|-heal|p1b: Dondozo|71\/100|[from] item: Leftovers\n|-heal|p2b: Primarina|45\/100|[from] Grassy Terrain\n|upkeep\n|turn|8\n|\n|t:|1725314468\n|move|p1b: Dondozo|Order Up|p2b: Primarina\n|-damage|p2b: Primarina|18\/100\n|-boost|p1b: Dondozo|atk|1\n|move|p2a: Incineroar|Parting Shot|p1b: Dondozo\n|-unboost|p1b: Dondozo|atk|1\n|-unboost|p1b: Dondozo|spa|1\n|-message|gephicka forfeited.\n|\n|win|dex2299\n|raw|gephicka's rating: 1680 &rarr; <strong>1666<\/strong><br \/>(-14 for losing)\n|raw|dex2299's rating: 1789 &rarr; <strong>1803<\/strong><br \/>(+14 for winning)\n|l|\u2606gephicka\n|player|p1|\n|l|\u203ddex2299\n|player|p2|\n|l| Fulimba\n","uploadtime":1725314665,"views":18,"formatid":"gen9vgc2024regh","rating":1666,"private":0,"password":null}