{"id":"gen9vgc2024regh-2193275727","format":"[Gen 9] VGC 2024 Reg H","players":["evenifyoustumble","dex2299"],"log":"|j|\u2606evenifyoustumble\n|j|\u203ddex2299\n|t:|1725315033\n|gametype|doubles\n|player|p1|evenifyoustumble|lady|1831\n|player|p2|dex2299|102|1749\n|teamsize|p1|6\n|teamsize|p2|6\n|gen|9\n|tier|[Gen 9] VGC 2024 Reg H\n|rated|\n|rule|Species Clause: Limit one of each Pok\u00e9mon\n|rule|Item Clause: Limit 1 of each item\n|clearpoke\n|poke|p1|Arcanine-Hisui, L50, F|\n|poke|p1|Serperior, L50, F|\n|poke|p1|Ursaluna-Bloodmoon, L50, M|\n|poke|p1|Samurott-Hisui, L50, M|\n|poke|p1|Gholdengo, L50|\n|poke|p1|Dragonite, L50, M|\n|poke|p2|Whimsicott, L50, F|\n|poke|p2|Typhlosion-Hisui, L50, F|\n|poke|p2|Farigiraf, L50, F|\n|poke|p2|Rillaboom, L50, F|\n|poke|p2|Primarina, L50, F|\n|poke|p2|Incineroar, L50, M|\n|teampreview|4\n|inactive|Battle timer is ON: inactive players will automatically lose when time's up. (requested by evenifyoustumble)\n|inactive|evenifyoustumble has 60 seconds left.\n|inactive|dex2299 has 60 seconds left.\n|\n|t:|1725315085\n|start\n|switch|p1a: Arcanine|Arcanine-Hisui, L50, F, shiny|100\/100\n|switch|p1b: Samurott|Samurott-Hisui, L50, M|100\/100\n|switch|p2a: Whimsicott|Whimsicott, L50, F|100\/100\n|switch|p2b: Primarina|Primarina, L50, F|100\/100\n|turn|1\n|\n|t:|1725315098\n|move|p2a: Whimsicott|Tailwind|p2a: Whimsicott\n|-sidestart|p2: dex2299|move: Tailwind\n|move|p2b: Primarina|Hyper Voice|p1a: Arcanine|[spread] p1a,p1b\n|-supereffective|p1a: Arcanine\n|-resisted|p1b: Samurott\n|-enditem|p1a: Arcanine|Focus Sash\n|-damage|p1a: Arcanine|1\/100\n|-damage|p1b: Samurott|77\/100\n|-enditem|p2b: Primarina|Throat Spray\n|-boost|p2b: Primarina|spa|1|[from] item: Throat Spray\n|move|p1a: Arcanine|Head Smash|p2b: Primarina\n|-damage|p2b: Primarina|9\/100\n|move|p1b: Samurott|Ceaseless Edge|p2a: Whimsicott\n|-resisted|p2a: Whimsicott\n|-damage|p2a: Whimsicott|63\/100\n|-sidestart|p2: dex2299|Spikes\n|-damage|p1b: Samurott|67\/100|[from] item: Life Orb\n|\n|upkeep\n|turn|2\n|inactive|evenifyoustumble has 30 seconds left.\n|inactive|dex2299 has 30 seconds left.\n|\n|t:|1725315127\n|move|p2b: Primarina|Protect|p2b: Primarina\n|-singleturn|p2b: Primarina|Protect\n|move|p1a: Arcanine|Protect|p1a: Arcanine\n|-singleturn|p1a: Arcanine|Protect\n|move|p2a: Whimsicott|Moonblast|p1b: Samurott\n|-supereffective|p1b: Samurott\n|-damage|p1b: Samurott|0 fnt\n|faint|p1b: Samurott\n|\n|upkeep\n|\n|t:|1725315133\n|switch|p1b: Ursaluna|Ursaluna-Bloodmoon, L50, M|100\/100\n|turn|3\n|\n|t:|1725315148\n|move|p1a: Arcanine|Extreme Speed|p2b: Primarina\n|-damage|p2b: Primarina|0 fnt\n|faint|p2b: Primarina\n|move|p2a: Whimsicott|Fake Tears|p1b: Ursaluna\n|-unboost|p1b: Ursaluna|spd|2\n|move|p1b: Ursaluna|Hyper Voice|p2a: Whimsicott\n|-damage|p2a: Whimsicott|0 fnt\n|faint|p2a: Whimsicott\n|\n|upkeep\n|\n|t:|1725315156\n|switch|p2a: Typhlosion|Typhlosion-Hisui, L50, F|100\/100\n|switch|p2b: Rillaboom|Rillaboom, L50, F|100\/100\n|-damage|p2a: Typhlosion|88\/100|[from] Spikes\n|-damage|p2b: Rillaboom|88\/100|[from] Spikes\n|-fieldstart|move: Grassy Terrain|[from] ability: Grassy Surge|[of] p2b: Rillaboom\n|turn|4\n|j| Peroquecuones\n|\n|t:|1725315172\n|move|p1a: Arcanine|Protect|p1a: Arcanine\n|-singleturn|p1a: Arcanine|Protect\n|move|p2b: Rillaboom|Fake Out|p1a: Arcanine\n|-activate|p1a: Arcanine|move: Protect\n|move|p1b: Ursaluna|Vacuum Wave|p2a: Typhlosion\n|-damage|p2a: Typhlosion|70\/100\n|move|p2a: Typhlosion|Eruption|p1b: Ursaluna|[spread] p1b\n|-activate|p1a: Arcanine|move: Protect\n|-damage|p1b: Ursaluna|32\/100\n|\n|-heal|p2a: Typhlosion|76\/100|[from] Grassy Terrain\n|-heal|p2b: Rillaboom|94\/100|[from] Grassy Terrain\n|-heal|p1a: Arcanine|7\/100|[from] Grassy Terrain\n|-heal|p1b: Ursaluna|38\/100|[from] Grassy Terrain\n|-sideend|p2: dex2299|move: Tailwind\n|upkeep\n|turn|5\n|\n|t:|1725315189\n|move|p1a: Arcanine|Extreme Speed|p2b: Rillaboom\n|-damage|p2b: Rillaboom|68\/100\n|move|p2b: Rillaboom|Grassy Glide|p1a: Arcanine\n|-damage|p1a: Arcanine|0 fnt\n|faint|p1a: Arcanine\n|move|p2a: Typhlosion|Eruption|p1b: Ursaluna\n|-damage|p1b: Ursaluna|0 fnt\n|faint|p1b: Ursaluna\n|\n|-heal|p2a: Typhlosion|82\/100|[from] Grassy Terrain\n|-heal|p2b: Rillaboom|74\/100|[from] Grassy Terrain\n|upkeep\n|\n|t:|1725315190\n|switch|p1b: YELLOW COLOR|Serperior, L50, F|100\/100\n|turn|6\n|\n|t:|1725315204\n|-terastallize|p1b: YELLOW COLOR|Fire\n|-terastallize|p2a: Typhlosion|Fire\n|move|p1b: YELLOW COLOR|Leaf Storm|p2a: Typhlosion\n|-resisted|p2a: Typhlosion\n|-damage|p2a: Typhlosion|49\/100\n|-boost|p1b: YELLOW COLOR|spa|2\n|move|p2a: Typhlosion|Eruption|p1b: YELLOW COLOR\n|-resisted|p1b: YELLOW COLOR\n|-damage|p1b: YELLOW COLOR|64\/100\n|move|p2b: Rillaboom|U-turn|p1b: YELLOW COLOR\n|-resisted|p1b: YELLOW COLOR\n|-damage|p1b: YELLOW COLOR|52\/100\n|\n|-heal|p1b: YELLOW COLOR|58\/100|[from] Grassy Terrain\n|-heal|p2a: Typhlosion|56\/100|[from] Grassy Terrain\n|-heal|p2b: Rillaboom|80\/100|[from] Grassy Terrain\n|upkeep\n|turn|7\n|\n|t:|1725315219\n|move|p1b: YELLOW COLOR|Leaf Storm|p2a: Typhlosion\n|-resisted|p2a: Typhlosion\n|-damage|p2a: Typhlosion|0 fnt\n|-boost|p1b: YELLOW COLOR|spa|2\n|faint|p2a: Typhlosion\n|move|p2b: Rillaboom|Wood Hammer|p1b: YELLOW COLOR\n|-resisted|p1b: YELLOW COLOR\n|-damage|p1b: YELLOW COLOR|17\/100\n|-enditem|p1b: YELLOW COLOR|Sitrus Berry|[eat]\n|-heal|p1b: YELLOW COLOR|42\/100|[from] item: Sitrus Berry\n|-damage|p2b: Rillaboom|68\/100|[from] Recoil\n|\n|-heal|p1b: YELLOW COLOR|48\/100|[from] Grassy Terrain\n|-heal|p2b: Rillaboom|74\/100|[from] Grassy Terrain\n|upkeep\n|turn|8\n|\n|t:|1725315227\n|move|p1b: YELLOW COLOR|Protect|p1b: YELLOW COLOR\n|-singleturn|p1b: YELLOW COLOR|Protect\n|move|p2b: Rillaboom|Wood Hammer|p1b: YELLOW COLOR\n|-activate|p1b: YELLOW COLOR|move: Protect\n|\n|-heal|p1b: YELLOW COLOR|54\/100|[from] Grassy Terrain\n|-heal|p2b: Rillaboom|80\/100|[from] Grassy Terrain\n|-fieldend|move: Grassy Terrain\n|upkeep\n|turn|9\n|\n|t:|1725315231\n|move|p1b: YELLOW COLOR|Tera Blast|p2b: Rillaboom|[anim] Tera Blast Fire\n|-supereffective|p2b: Rillaboom\n|-damage|p2b: Rillaboom|0 fnt\n|faint|p2b: Rillaboom\n|\n|win|evenifyoustumble\n|raw|evenifyoustumble's rating: 1831 &rarr; <strong>1846<\/strong><br \/>(+15 for winning)\n|raw|dex2299's rating: 1749 &rarr; <strong>1734<\/strong><br \/>(-15 for losing)\n|l|\u2606evenifyoustumble\n|player|p1|\n|l|\u203ddex2299\n|player|p2|\n","uploadtime":1725315507,"views":97,"formatid":"gen9vgc2024regh","rating":1734,"private":0,"password":null}