{"id":"gen9vgc2024regh-2193373128","format":"[Gen 9] VGC 2024 Reg H","players":["imnotagni","evenifyoustumble"],"log":"|j|\u2606imnotagni\n|j|\u2606evenifyoustumble\n|t:|1725326208\n|gametype|doubles\n|player|p1|imnotagni|magmasuit|1678\n|player|p2|evenifyoustumble|lady|1779\n|teamsize|p1|6\n|teamsize|p2|6\n|gen|9\n|tier|[Gen 9] VGC 2024 Reg H\n|rated|\n|rule|Species Clause: Limit one of each Pok\u00e9mon\n|rule|Item Clause: Limit 1 of each item\n|clearpoke\n|poke|p1|Sneasler, L50, F|\n|poke|p1|Indeedee, L50, M|\n|poke|p1|Gholdengo, L50|\n|poke|p1|Murkrow, L50, M|\n|poke|p1|Garchomp, L50, M|\n|poke|p1|Decidueye-Hisui, L50, F|\n|poke|p2|Arcanine-Hisui, L50, F|\n|poke|p2|Serperior, L50, M|\n|poke|p2|Ninetales-Alola, L50, F|\n|poke|p2|Ursaluna-Bloodmoon, L50, M|\n|poke|p2|Basculegion, L50, M|\n|poke|p2|Altaria, L50, M|\n|teampreview|4\n|inactive|Battle timer is ON: inactive players will automatically lose when time's up. (requested by evenifyoustumble)\n|inactive|imnotagni also wants the timer to be on.\n|j| guido2002\n|j| PeeWeePika\n|c|\u2606imnotagni|u liar u said u we\u2019re gonna take a break\n|c|\u2606evenifyoustumble|its been a few hours\n|c|\u2606imnotagni|\ud83d\ude2d\ud83d\ude2d\ud83d\ude2d\n|j| Weathered Wayfarer\n|inactive|imnotagni has 60 seconds left.\n|inactive|evenifyoustumble has 60 seconds left.\n|j| QueensServant91\n|c|\u2606imnotagni|alright well\n|c|\u2606evenifyoustumble|dw different team\n|c|\u2606imnotagni|im gonna try and give it my best again\n|inactive|imnotagni has 30 seconds left.\n|inactive|imnotagni has 20 seconds left.\n|inactive|imnotagni has 15 seconds left.\n|j| mr pogostick\n|inactive|imnotagni has 10 seconds left.\n|inactive|imnotagni has 5 seconds left.\n|\n|t:|1725326298\n|start\n|switch|p1a: You|Murkrow, L50, M, shiny|100\/100\n|switch|p1b: Her Ex|Gholdengo, L50|100\/100\n|switch|p2a: Ninetales|Ninetales-Alola, L50, F, shiny|100\/100\n|switch|p2b: Ursaluna|Ursaluna-Bloodmoon, L50, M|100\/100\n|-weather|Snow|[from] ability: Snow Warning|[of] p2a: Ninetales\n|turn|1\n|inactive|imnotagni has 30 seconds left.\n|inactive|imnotagni has 20 seconds left.\n|inactive|imnotagni has 15 seconds left.\n|inactive|imnotagni has 10 seconds left.\n|\n|t:|1725326346\n|move|p2a: Ninetales|Protect|p2a: Ninetales\n|-singleturn|p2a: Ninetales|Protect\n|move|p1a: You|Taunt|p2a: Ninetales\n|-activate|p2a: Ninetales|move: Protect\n|move|p1b: Her Ex|Make It Rain|p2a: Ninetales|[spread] p2b\n|-activate|p2a: Ninetales|move: Protect\n|-damage|p2b: Ursaluna|55\/100\n|-unboost|p1b: Her Ex|spa|1\n|move|p2b: Ursaluna|Earth Power|p1b: Her Ex\n|-supereffective|p1b: Her Ex\n|-damage|p1b: Her Ex|0 fnt\n|faint|p1b: Her Ex\n|\n|-weather|Snow|[upkeep]\n|upkeep\n|\n|t:|1725326357\n|switch|p1b: Her Stepbrother|Indeedee, L50, M|100\/100\n|-fieldstart|move: Psychic Terrain|[from] ability: Psychic Surge|[of] p1b: Her Stepbrother\n|turn|2\n|\n|t:|1725326377\n|-terastallize|p2a: Ninetales|Dark\n|-terastallize|p1b: Her Stepbrother|Psychic\n|move|p1a: You|Tailwind|p1a: You\n|-sidestart|p1: imnotagni|move: Tailwind\n|move|p1b: Her Stepbrother|Expanding Force|p2a: Ninetales|[spread] p2b\n|-immune|p2a: Ninetales\n|-damage|p2b: Ursaluna|10\/100\n|move|p2a: Ninetales|Aurora Veil|p2a: Ninetales\n|-sidestart|p2: evenifyoustumble|move: Aurora Veil\n|move|p2b: Ursaluna|Blood Moon|p1a: You\n|-damage|p1a: You|29\/100\n|\n|-weather|Snow|[upkeep]\n|upkeep\n|turn|3\n|\n|t:|1725326396\n|move|p2b: Ursaluna|Vacuum Wave|p1a: You\n|-hint|Psychic Terrain doesn't affect Pok\u00e9mon immune to Ground.\n|-damage|p1a: You|14\/100\n|move|p1b: Her Stepbrother|Dazzling Gleam|p2a: Ninetales|[spread] p2a,p2b\n|-supereffective|p2a: Ninetales\n|-damage|p2a: Ninetales|74\/100\n|-damage|p2b: Ursaluna|2\/100\n|move|p1a: You|Foul Play|p2a: Ninetales\n|-resisted|p2a: Ninetales\n|-damage|p2a: Ninetales|66\/100\n|move|p2a: Ninetales|Freeze-Dry|p1b: Her Stepbrother\n|-damage|p1b: Her Stepbrother|64\/100\n|\n|-weather|Snow|[upkeep]\n|upkeep\n|turn|4\n|\n|t:|1725326418\n|move|p1b: Her Stepbrother|Dazzling Gleam|p2b: Ursaluna|[spread] p2a,p2b\n|-supereffective|p2a: Ninetales\n|-damage|p2a: Ninetales|37\/100\n|-damage|p2b: Ursaluna|0 fnt\n|faint|p2b: Ursaluna\n|move|p1a: You|Foul Play|p2a: Ninetales\n|-resisted|p2a: Ninetales\n|-damage|p2a: Ninetales|29\/100\n|move|p2a: Ninetales|Freeze-Dry|p1a: You\n|-supereffective|p1a: You\n|-damage|p1a: You|0 fnt\n|faint|p1a: You\n|\n|-weather|Snow|[upkeep]\n|upkeep\n|\n|t:|1725326425\n|switch|p1a: Her Bf|Sneasler, L50, F|100\/100\n|switch|p2b: YELLOW COLOR|Serperior, L50, M|100\/100\n|-enditem|p1a: Her Bf|Psychic Seed\n|-boost|p1a: Her Bf|spd|1|[from] item: Psychic Seed\n|turn|5\n|\n|t:|1725326438\n|move|p2b: YELLOW COLOR|Protect|p2b: YELLOW COLOR\n|-singleturn|p2b: YELLOW COLOR|Protect\n|move|p2a: Ninetales|Protect|p2a: Ninetales\n|-singleturn|p2a: Ninetales|Protect\n|move|p1a: Her Bf|Dire Claw|p2b: YELLOW COLOR\n|-activate|p2b: YELLOW COLOR|move: Protect\n|move|p1b: Her Stepbrother|Dazzling Gleam|p2a: Ninetales|[spread] \n|-activate|p2a: Ninetales|move: Protect\n|-activate|p2b: YELLOW COLOR|move: Protect\n|\n|-weather|none\n|-sideend|p1: imnotagni|move: Tailwind\n|upkeep\n|turn|6\n|\n|t:|1725326451\n|move|p1a: Her Bf|Dire Claw|p2b: YELLOW COLOR\n|-supereffective|p2b: YELLOW COLOR\n|-damage|p2b: YELLOW COLOR|33\/100\n|-enditem|p2b: YELLOW COLOR|Sitrus Berry|[eat]\n|-heal|p2b: YELLOW COLOR|58\/100|[from] item: Sitrus Berry\n|move|p2b: YELLOW COLOR|Glare|p1b: Her Stepbrother\n|-status|p1b: Her Stepbrother|par\n|move|p2a: Ninetales|Encore|p1a: Her Bf\n|-start|p1a: Her Bf|Encore\n|move|p1b: Her Stepbrother|Dazzling Gleam|p2b: YELLOW COLOR|[spread] p2a,p2b\n|-supereffective|p2a: Ninetales\n|-damage|p2a: Ninetales|4\/100\n|-damage|p2b: YELLOW COLOR|45\/100\n|\n|-sideend|p2: evenifyoustumble|move: Aurora Veil\n|-fieldend|move: Psychic Terrain\n|upkeep\n|turn|7\n|\n|t:|1725326467\n|move|p2b: YELLOW COLOR|Protect|p2b: YELLOW COLOR\n|-singleturn|p2b: YELLOW COLOR|Protect\n|move|p1a: Her Bf|Dire Claw|p2a: Ninetales\n|-damage|p2a: Ninetales|0 fnt\n|faint|p2a: Ninetales\n|move|p1b: Her Stepbrother|Expanding Force|p2b: YELLOW COLOR\n|-activate|p2b: YELLOW COLOR|move: Protect\n|\n|upkeep\n|\n|t:|1725326469\n|switch|p2a: Arcanine|Arcanine-Hisui, L50, F, shiny|100\/100\n|turn|8\n|j| xutoso\n|\n|t:|1725326487\n|move|p1a: Her Bf|Dire Claw|p2b: YELLOW COLOR\n|-supereffective|p2b: YELLOW COLOR\n|-damage|p2b: YELLOW COLOR|0 fnt\n|faint|p2b: YELLOW COLOR\n|move|p2a: Arcanine|Flare Blitz|p1a: Her Bf\n|-damage|p1a: Her Bf|5\/100\n|move|p1b: Her Stepbrother|Expanding Force|p2a: Arcanine\n|-damage|p2a: Arcanine|42\/100\n|\n|upkeep\n|turn|9\n|\n|t:|1725326492\n|move|p1a: Her Bf|Dire Claw|p2a: Arcanine\n|-resisted|p2a: Arcanine\n|-damage|p2a: Arcanine|10\/100\n|-status|p2a: Arcanine|slp\n|cant|p2a: Arcanine|slp\n|cant|p1b: Her Stepbrother|par\n|\n|-end|p1a: Her Bf|Encore\n|upkeep\n|turn|10\n|-message|evenifyoustumble forfeited.\n|\n|win|imnotagni\n|raw|imnotagni's rating: 1678 &rarr; <strong>1704<\/strong><br \/>(+26 for winning)\n|raw|evenifyoustumble's rating: 1779 &rarr; <strong>1753<\/strong><br \/>(-26 for losing)\n|l|\u2606evenifyoustumble\n|player|p2|\n|c|\u2606imnotagni|i\u2019ve done it\n|l| mr pogostick\n|c|\u2606imnotagni|i\u2019m 0-8 against this guy\n|l|\u2606imnotagni\n|player|p1|\n|l| QueensServant91\n|l| xutoso\n","uploadtime":1725326750,"views":61,"formatid":"gen9vgc2024regh","rating":1704,"private":0,"password":null}