{"id":"gen9vgc2024regh-2193369099","format":"[Gen 9] VGC 2024 Reg H","players":["capn bozo","evenifyoustumble"],"log":"|j|\u2606capn bozo\n|j|\u2606evenifyoustumble\n|t:|1725325740\n|gametype|doubles\n|player|p1|capn bozo|102|1644\n|player|p2|evenifyoustumble|lady|1794\n|teamsize|p1|6\n|teamsize|p2|6\n|gen|9\n|tier|[Gen 9] VGC 2024 Reg H\n|rated|\n|rule|Species Clause: Limit one of each Pok\u00e9mon\n|rule|Item Clause: Limit 1 of each item\n|clearpoke\n|poke|p1|Volcarona, L50, F|\n|poke|p1|Amoonguss, L50, M|\n|poke|p1|Incineroar, L50, F|\n|poke|p1|Porygon2, L50|\n|poke|p1|Ursaluna, L50, F|\n|poke|p1|Hydreigon, L50, M|\n|poke|p2|Arcanine-Hisui, L50, F|\n|poke|p2|Serperior, L50, M|\n|poke|p2|Ninetales-Alola, L50, F|\n|poke|p2|Ursaluna-Bloodmoon, L50, M|\n|poke|p2|Basculegion, L50, M|\n|poke|p2|Altaria, L50, F|\n|teampreview|4\n|inactive|Battle timer is ON: inactive players will automatically lose when time's up. (requested by evenifyoustumble)\n|inactive|capn bozo has 60 seconds left.\n|\n|t:|1725325795\n|start\n|switch|p1a: Incineroar|Incineroar, L50, F|100\/100\n|switch|p1b: Porygon2|Porygon2, L50|100\/100\n|switch|p2a: Ninetales|Ninetales-Alola, L50, F, shiny|100\/100\n|switch|p2b: Arcanine|Arcanine-Hisui, L50, F, shiny|100\/100\n|-weather|Snow|[from] ability: Snow Warning|[of] p2a: Ninetales\n|-ability|p1a: Incineroar|Intimidate|boost\n|-unboost|p2a: Ninetales|atk|1\n|-unboost|p2b: Arcanine|atk|1\n|-ability|p1b: Porygon2|Download|boost\n|-boost|p1b: Porygon2|atk|1\n|turn|1\n|\n|t:|1725325800\n|move|p1a: Incineroar|Fake Out|p2a: Ninetales\n|-damage|p2a: Ninetales|89\/100\n|move|p2a: Ninetales|Aurora Veil|p2a: Ninetales\n|-sidestart|p2: evenifyoustumble|move: Aurora Veil\n|move|p2b: Arcanine|Head Smash|p1a: Incineroar|[miss]\n|-miss|p2b: Arcanine|p1a: Incineroar\n|move|p1b: Porygon2|Trick Room|p1b: Porygon2\n|-fieldstart|move: Trick Room|[of] p1b: Porygon2\n|\n|-weather|Snow|[upkeep]\n|upkeep\n|turn|2\n|inactive|capn bozo has 30 seconds left.\n|inactive|evenifyoustumble has 30 seconds left.\n|inactive|capn bozo has 20 seconds left.\n|inactive|capn bozo has 15 seconds left.\n|\n|t:|1725325841\n|switch|p1b: Ursaluna|Ursaluna, L50, F|100\/100\n|move|p2b: Arcanine|Protect|p2b: Arcanine\n|-singleturn|p2b: Arcanine|Protect\n|move|p1a: Incineroar|Parting Shot|p2a: Ninetales\n|-unboost|p2a: Ninetales|atk|1\n|-unboost|p2a: Ninetales|spa|1\n|\n|t:|1725325851\n|switch|p1a: Porygon2|Porygon2, L50|100\/100|[from] Parting Shot\n|-ability|p1a: Porygon2|Download|boost\n|-boost|p1a: Porygon2|atk|1\n|move|p2a: Ninetales|Encore||[still]\n|-fail|p2a: Ninetales\n|\n|-weather|Snow|[upkeep]\n|-status|p1b: Ursaluna|brn|[from] item: Flame Orb\n|upkeep\n|turn|3\n|j| PeeWeePika\n|\n|t:|1725325873\n|-terastallize|p1a: Porygon2|Flying\n|move|p2a: Ninetales|Protect|p2a: Ninetales\n|-singleturn|p2a: Ninetales|Protect\n|move|p1b: Ursaluna|Earthquake|p2b: Arcanine|[spread] p2b\n|-activate|p2a: Ninetales|move: Protect\n|-immune|p1a: Porygon2\n|-supereffective|p2b: Arcanine\n|-enditem|p2b: Arcanine|Focus Sash\n|-damage|p2b: Arcanine|1\/100\n|move|p1a: Porygon2|Tera Blast|p2a: Ninetales|[anim] Tera Blast Flying\n|-activate|p2a: Ninetales|move: Protect\n|move|p2b: Arcanine|Flare Blitz|p1b: Ursaluna\n|-damage|p1b: Ursaluna|74\/100 brn\n|\n|-weather|Snow|[upkeep]\n|-damage|p1b: Ursaluna|68\/100 brn|[from] brn\n|upkeep\n|turn|4\n|\n|t:|1725325890\n|move|p2b: Arcanine|Protect|p2b: Arcanine\n|-singleturn|p2b: Arcanine|Protect\n|move|p1b: Ursaluna|Facade|p2a: Ninetales\n|-damage|p2a: Ninetales|14\/100\n|move|p1a: Porygon2|Tera Blast|p2b: Arcanine|[anim] Tera Blast Flying\n|-activate|p2b: Arcanine|move: Protect\n|move|p2a: Ninetales|Freeze-Dry|p1a: Porygon2\n|-supereffective|p1a: Porygon2\n|-damage|p1a: Porygon2|81\/100\n|\n|-weather|Snow|[upkeep]\n|-damage|p1b: Ursaluna|62\/100 brn|[from] brn\n|upkeep\n|turn|5\n|\n|t:|1725325904\n|switch|p1b: Incineroar|Incineroar, L50, F|100\/100\n|-ability|p1b: Incineroar|Intimidate|boost\n|-unboost|p2a: Ninetales|atk|1\n|-unboost|p2b: Arcanine|atk|1\n|move|p2a: Ninetales|Protect|p2a: Ninetales\n|-singleturn|p2a: Ninetales|Protect\n|move|p2b: Arcanine|Extreme Speed|p1b: Incineroar\n|-damage|p1b: Incineroar|88\/100\n|move|p1a: Porygon2|Tera Blast|p2b: Arcanine|[anim] Tera Blast Flying\n|-resisted|p2b: Arcanine\n|-damage|p2b: Arcanine|0 fnt\n|faint|p2b: Arcanine\n|\n|-weather|none\n|-sideend|p2: evenifyoustumble|move: Aurora Veil\n|-fieldend|move: Trick Room\n|upkeep\n|\n|t:|1725325906\n|switch|p2b: Ursaluna|Ursaluna-Bloodmoon, L50, M|100\/100\n|turn|6\n|inactive|capn bozo has 30 seconds left.\n|inactive|capn bozo has 20 seconds left.\n|\n|t:|1725325942\n|move|p2a: Ninetales|Encore|p1a: Porygon2\n|-start|p1a: Porygon2|Encore\n|move|p1b: Incineroar|Knock Off|p2b: Ursaluna\n|-damage|p2b: Ursaluna|71\/100\n|-enditem|p2b: Ursaluna|Assault Vest|[from] move: Knock Off|[of] p1b: Incineroar\n|move|p2b: Ursaluna|Earth Power|p1b: Incineroar\n|-supereffective|p1b: Incineroar\n|-damage|p1b: Incineroar|0 fnt\n|faint|p1b: Incineroar\n|move|p1a: Porygon2|Tera Blast|p2b: Ursaluna|[anim] Tera Blast Flying\n|-damage|p2b: Ursaluna|46\/100\n|\n|upkeep\n|\n|t:|1725325961\n|switch|p1b: Amoonguss|Amoonguss, L50, M|100\/100\n|turn|7\n|\n|t:|1725325970\n|switch|p2b: YELLOW COLOR|Serperior, L50, M|100\/100\n|move|p2a: Ninetales|Freeze-Dry|p1b: Amoonguss\n|-supereffective|p1b: Amoonguss\n|-damage|p1b: Amoonguss|70\/100\n|move|p1a: Porygon2|Tera Blast|p2a: Ninetales|[anim] Tera Blast Flying\n|-damage|p2a: Ninetales|0 fnt\n|faint|p2a: Ninetales\n|move|p1b: Amoonguss|Spore|p2b: YELLOW COLOR\n|-immune|p2b: YELLOW COLOR\n|\n|upkeep\n|\n|t:|1725325971\n|switch|p2a: Ursaluna|Ursaluna-Bloodmoon, L50, M|46\/100\n|turn|8\n|\n|t:|1725325978\n|-terastallize|p2b: YELLOW COLOR|Fire\n|move|p2b: YELLOW COLOR|Tera Blast|p1b: Amoonguss|[anim] Tera Blast Fire\n|-supereffective|p1b: Amoonguss\n|-damage|p1b: Amoonguss|29\/100\n|move|p2a: Ursaluna|Blood Moon|p1b: Amoonguss\n|-damage|p1b: Amoonguss|0 fnt\n|faint|p1b: Amoonguss\n|move|p1a: Porygon2|Tera Blast|p2b: YELLOW COLOR|[anim] Tera Blast Flying\n|-damage|p2b: YELLOW COLOR|65\/100\n|\n|-end|p1a: Porygon2|Encore\n|upkeep\n|\n|t:|1725325985\n|switch|p1b: Ursaluna|Ursaluna, L50, F|62\/100 brn\n|turn|9\n|j| Weathered Wayfarer\n|\n|t:|1725325993\n|move|p1b: Ursaluna|Protect|p1b: Ursaluna\n|-singleturn|p1b: Ursaluna|Protect\n|move|p2b: YELLOW COLOR|Glare|p1a: Porygon2\n|-status|p1a: Porygon2|par\n|move|p2a: Ursaluna|Hyper Voice|p1b: Ursaluna|[spread] p1a\n|-activate|p1b: Ursaluna|move: Protect\n|-damage|p1a: Porygon2|57\/100 par\n|move|p1a: Porygon2|Trick Room|p1a: Porygon2\n|-fieldstart|move: Trick Room|[of] p1a: Porygon2\n|\n|-damage|p1b: Ursaluna|56\/100 brn|[from] brn\n|upkeep\n|turn|10\n|\n|t:|1725326005\n|move|p2b: YELLOW COLOR|Protect|p2b: YELLOW COLOR\n|-singleturn|p2b: YELLOW COLOR|Protect\n|move|p1a: Porygon2|Ice Beam|p2a: Ursaluna\n|-supereffective|p2a: Ursaluna\n|-damage|p2a: Ursaluna|0 fnt\n|faint|p2a: Ursaluna\n|move|p1b: Ursaluna|Earthquake|p2b: YELLOW COLOR|[spread] \n|-activate|p2b: YELLOW COLOR|move: Protect\n|-immune|p1a: Porygon2\n|\n|-damage|p1b: Ursaluna|50\/100 brn|[from] brn\n|upkeep\n|turn|11\n|-message|evenifyoustumble forfeited.\n|\n|win|capn bozo\n|raw|capn bozo's rating: 1644 &rarr; <strong>1672<\/strong><br \/>(+28 for winning)\n|raw|evenifyoustumble's rating: 1794 &rarr; <strong>1766<\/strong><br \/>(-28 for losing)\n|l|\u2606evenifyoustumble\n|player|p2|\n|l|\u2606capn bozo\n|player|p1|\n","uploadtime":1725326197,"views":16,"formatid":"gen9vgc2024regh","rating":1672,"private":0,"password":null}