{"id":"gen9vgc2024regh-2193414735","format":"[Gen 9] VGC 2024 Reg H","players":["superpowerpoke","evenifyoustumble"],"log":"|j|\u2606superpowerpoke\n|j|\u2606evenifyoustumble\n|t:|1725331228\n|gametype|doubles\n|player|p1|superpowerpoke|101|1797\n|player|p2|evenifyoustumble|lady|1770\n|teamsize|p1|6\n|teamsize|p2|6\n|gen|9\n|tier|[Gen 9] VGC 2024 Reg H\n|rated|\n|rule|Species Clause: Limit one of each Pok\u00e9mon\n|rule|Item Clause: Limit 1 of each item\n|clearpoke\n|poke|p1|Ursaluna-Bloodmoon, L50, M|\n|poke|p1|Ninetales-Alola, L50, M|\n|poke|p1|Incineroar, L50, F|\n|poke|p1|Basculegion-F, L50, F|\n|poke|p1|Sneasler, L50, F|\n|poke|p1|Armarouge, L50, F|\n|poke|p2|Arcanine-Hisui, L50, F|\n|poke|p2|Serperior, L50, M|\n|poke|p2|Ninetales-Alola, L50, F|\n|poke|p2|Ursaluna-Bloodmoon, L50, M|\n|poke|p2|Basculegion, L50, M|\n|poke|p2|Dragonite, L50, M|\n|teampreview|4\n|inactive|Battle timer is ON: inactive players will automatically lose when time's up. (requested by evenifyoustumble)\n|inactive|superpowerpoke has 60 seconds left.\n|inactive|evenifyoustumble has 60 seconds left.\n|j| bluestraggler01\n|inactive|superpowerpoke has 30 seconds left.\n|l| bluestraggler01\n|inactive|superpowerpoke has 20 seconds left.\n|inactive|superpowerpoke has 15 seconds left.\n|inactive|superpowerpoke has 10 seconds left.\n|inactive|superpowerpoke has 5 seconds left.\n|j| bluestraggler01\n|\n|t:|1725331318\n|start\n|switch|p1a: Ursaluna|Ursaluna-Bloodmoon, L50, M|100\/100\n|switch|p1b: Ninetales|Ninetales-Alola, L50, M|100\/100\n|switch|p2a: YELLOW COLOR|Serperior, L50, M|100\/100\n|switch|p2b: Arcanine|Arcanine-Hisui, L50, F, shiny|100\/100\n|-weather|Snow|[from] ability: Snow Warning|[of] p1b: Ninetales\n|turn|1\n|inactive|superpowerpoke has 30 seconds left.\n|inactive|superpowerpoke has 20 seconds left.\n|\n|t:|1725331355\n|move|p2a: YELLOW COLOR|Glare|p1b: Ninetales\n|-status|p1b: Ninetales|par\n|move|p2b: Arcanine|Head Smash|p1b: Ninetales\n|-supereffective|p1b: Ninetales\n|-damage|p1b: Ninetales|0 fnt\n|faint|p1b: Ninetales\n|move|p1a: Ursaluna|Earth Power|p2b: Arcanine\n|-supereffective|p2b: Arcanine\n|-enditem|p2b: Arcanine|Focus Sash\n|-damage|p2b: Arcanine|1\/100\n|\n|-weather|Snow|[upkeep]\n|upkeep\n|\n|t:|1725331370\n|switch|p1b: Basculegion|Basculegion-F, L50, F|100\/100\n|turn|2\n|\n|t:|1725331380\n|move|p2b: Arcanine|Protect|p2b: Arcanine\n|-singleturn|p2b: Arcanine|Protect\n|move|p1b: Basculegion|Blizzard|p2a: YELLOW COLOR|[spread] p2a\n|-activate|p2b: Arcanine|move: Protect\n|-supereffective|p2a: YELLOW COLOR\n|-damage|p2a: YELLOW COLOR|47\/100\n|-enditem|p2a: YELLOW COLOR|Sitrus Berry|[eat]\n|-heal|p2a: YELLOW COLOR|72\/100|[from] item: Sitrus Berry\n|move|p2a: YELLOW COLOR|Glare|p1b: Basculegion\n|-status|p1b: Basculegion|par\n|move|p1a: Ursaluna|Hyper Voice|p2a: YELLOW COLOR|[spread] p2a\n|-activate|p2b: Arcanine|move: Protect\n|-damage|p2a: YELLOW COLOR|33\/100\n|\n|-weather|Snow|[upkeep]\n|upkeep\n|turn|3\n|\n|t:|1725331391\n|move|p1a: Ursaluna|Vacuum Wave|p2b: Arcanine\n|-supereffective|p2b: Arcanine\n|-damage|p2b: Arcanine|0 fnt\n|faint|p2b: Arcanine\n|move|p2a: YELLOW COLOR|Leaf Storm|p1a: Ursaluna\n|-supereffective|p1a: Ursaluna\n|-damage|p1a: Ursaluna|49\/100\n|-boost|p2a: YELLOW COLOR|spa|2\n|cant|p1b: Basculegion|par\n|\n|-weather|Snow|[upkeep]\n|upkeep\n|\n|t:|1725331398\n|switch|p2b: Ursaluna|Ursaluna-Bloodmoon, L50, M|100\/100\n|turn|4\n|\n|t:|1725331424\n|-terastallize|p1b: Basculegion|Ice\n|move|p2b: Ursaluna|Vacuum Wave|p1b: Basculegion\n|-supereffective|p1b: Basculegion\n|-damage|p1b: Basculegion|65\/100 par\n|move|p2a: YELLOW COLOR|Leaf Storm|p1b: Basculegion\n|-damage|p1b: Basculegion|0 fnt\n|-boost|p2a: YELLOW COLOR|spa|2\n|faint|p1b: Basculegion\n|move|p1a: Ursaluna|Blood Moon|p2b: Ursaluna\n|-damage|p2b: Ursaluna|46\/100\n|\n|-weather|Snow|[upkeep]\n|upkeep\n|\n|t:|1725331439\n|switch|p1b: Incineroar|Incineroar, L50, F|100\/100\n|-ability|p1b: Incineroar|Intimidate|boost\n|-boost|p2a: YELLOW COLOR|atk|1\n|-unboost|p2b: Ursaluna|atk|1\n|turn|5\n|\n|t:|1725331450\n|-terastallize|p2b: Ursaluna|Ghost\n|move|p1a: Ursaluna|Vacuum Wave|p2b: Ursaluna\n|-damage|p2b: Ursaluna|37\/100\n|move|p2a: YELLOW COLOR|Leaf Storm|p1a: Ursaluna\n|-supereffective|p1a: Ursaluna\n|-damage|p1a: Ursaluna|0 fnt\n|-boost|p2a: YELLOW COLOR|spa|2\n|faint|p1a: Ursaluna\n|move|p1b: Incineroar|Flare Blitz|p2a: YELLOW COLOR\n|-supereffective|p2a: YELLOW COLOR\n|-damage|p2a: YELLOW COLOR|0 fnt\n|faint|p2a: YELLOW COLOR\n|-damage|p1b: Incineroar|91\/100|[from] Recoil\n|move|p2b: Ursaluna|Blood Moon|p1b: Incineroar\n|-damage|p1b: Incineroar|33\/100\n|\n|-weather|none\n|upkeep\n|\n|t:|1725331455\n|switch|p2a: Dragonite|Dragonite, L50, M|100\/100\n|turn|6\n|j| Rabbithorn01\n|\n|t:|1725331459\n|move|p2a: Dragonite|Stomping Tantrum|p1b: Incineroar\n|-supereffective|p1b: Incineroar\n|-damage|p1b: Incineroar|0 fnt\n|faint|p1b: Incineroar\n|\n|win|evenifyoustumble\n|raw|superpowerpoke's rating: 1797 &rarr; <strong>1775<\/strong><br \/>(-22 for losing)\n|raw|evenifyoustumble's rating: 1770 &rarr; <strong>1792<\/strong><br \/>(+22 for winning)\n|l|\u2606evenifyoustumble\n|player|p2|\n|l|\u2606superpowerpoke\n|player|p1|\n","uploadtime":1725331511,"views":440,"formatid":"gen9vgc2024regh","rating":1775,"private":0,"password":null}