{"id":"gen9vgc2024regh-2193271543","format":"[Gen 9] VGC 2024 Reg H","players":["imnotagni","evenifyoustumble"],"log":"|j|\u2606imnotagni\n|j|\u2606evenifyoustumble\n|t:|1725314575\n|gametype|doubles\n|player|p1|imnotagni|magmasuit|1678\n|player|p2|evenifyoustumble|lady|1807\n|teamsize|p1|6\n|teamsize|p2|6\n|gen|9\n|tier|[Gen 9] VGC 2024 Reg H\n|rated|\n|rule|Species Clause: Limit one of each Pok\u00e9mon\n|rule|Item Clause: Limit 1 of each item\n|clearpoke\n|poke|p1|Sneasler, L50, F|\n|poke|p1|Indeedee, L50, M|\n|poke|p1|Gholdengo, L50|\n|poke|p1|Murkrow, L50, F|\n|poke|p1|Garchomp, L50, M|\n|poke|p1|Maushold, L50|\n|poke|p2|Arcanine-Hisui, L50, F|\n|poke|p2|Serperior, L50, F|\n|poke|p2|Ninetales-Alola, L50, F|\n|poke|p2|Ursaluna-Bloodmoon, L50, M|\n|poke|p2|Basculegion, L50, M|\n|poke|p2|Altaria, L50, M|\n|teampreview|4\n|inactive|Battle timer is ON: inactive players will automatically lose when time's up. (requested by evenifyoustumble)\n|inactive|imnotagni also wants the timer to be on.\n|inactive|imnotagni has 60 seconds left.\n|inactive|evenifyoustumble has 60 seconds left.\n|j| Trfgtred\n|\n|t:|1725314624\n|start\n|switch|p1a: You|Murkrow, L50, F, shiny|100\/100\n|switch|p1b: Her Ex|Gholdengo, L50|100\/100\n|switch|p2a: Arcanine|Arcanine-Hisui, L50, F, shiny|100\/100\n|switch|p2b: Ursaluna|Ursaluna-Bloodmoon, L50, M|100\/100\n|turn|1\n|\n|t:|1725314632\n|-terastallize|p1b: Her Ex|Steel\n|move|p1a: You|Tailwind|p1a: You\n|-sidestart|p1: imnotagni|move: Tailwind\n|move|p1b: Her Ex|Make It Rain|p2b: Ursaluna|[spread] p2a,p2b\n|-enditem|p2a: Arcanine|Focus Sash\n|-damage|p2a: Arcanine|1\/100\n|-damage|p2b: Ursaluna|40\/100\n|-unboost|p1b: Her Ex|spa|1\n|move|p2a: Arcanine|Head Smash|p1a: You\n|-supereffective|p1a: You\n|-damage|p1a: You|0 fnt\n|faint|p1a: You\n|move|p2b: Ursaluna|Earth Power|p1b: Her Ex\n|-supereffective|p1b: Her Ex\n|-damage|p1b: Her Ex|0 fnt\n|faint|p1b: Her Ex\n|\n|upkeep\n|c|\u2606imnotagni|gah dam\n|\n|t:|1725314649\n|switch|p1b: Her Stepbrother|Indeedee, L50, M|100\/100\n|switch|p1a: Her Bf|Sneasler, L50, F|100\/100\n|-fieldstart|move: Psychic Terrain|[from] ability: Psychic Surge|[of] p1b: Her Stepbrother\n|-enditem|p1a: Her Bf|Psychic Seed\n|-boost|p1a: Her Bf|spd|1|[from] item: Psychic Seed\n|turn|2\n|\n|t:|1725314664\n|move|p2a: Arcanine|Protect|p2a: Arcanine\n|-singleturn|p2a: Arcanine|Protect\n|move|p1a: Her Bf|Dire Claw|p2a: Arcanine\n|-activate|p2a: Arcanine|move: Protect\n|move|p1b: Her Stepbrother|Expanding Force|p2b: Ursaluna|[spread] p2b\n|-activate|p2a: Arcanine|move: Protect\n|-damage|p2b: Ursaluna|6\/100\n|move|p2b: Ursaluna|Blood Moon|p1b: Her Stepbrother\n|-damage|p1b: Her Stepbrother|3\/100\n|\n|upkeep\n|turn|3\n|\n|t:|1725314682\n|move|p2a: Arcanine|Protect|p2a: Arcanine\n|-singleturn|p2a: Arcanine|Protect\n|move|p1a: Her Bf|Dire Claw|p2a: Arcanine\n|-activate|p2a: Arcanine|move: Protect\n|move|p1b: Her Stepbrother|Expanding Force|p2a: Arcanine|[spread] p2b\n|-activate|p2a: Arcanine|move: Protect\n|-damage|p2b: Ursaluna|0 fnt\n|faint|p2b: Ursaluna\n|\n|upkeep\n|\n|t:|1725314684\n|switch|p2b: YELLOW COLOR|Serperior, L50, F|100\/100\n|turn|4\n|\n|t:|1725314699\n|move|p2b: YELLOW COLOR|Protect|p2b: YELLOW COLOR\n|-singleturn|p2b: YELLOW COLOR|Protect\n|move|p1a: Her Bf|Close Combat|p2b: YELLOW COLOR\n|-activate|p2b: YELLOW COLOR|move: Protect\n|move|p1b: Her Stepbrother|Expanding Force|p2a: Arcanine|[spread] p2a\n|-activate|p2b: YELLOW COLOR|move: Protect\n|-damage|p2a: Arcanine|0 fnt\n|faint|p2a: Arcanine\n|\n|-sideend|p1: imnotagni|move: Tailwind\n|upkeep\n|\n|t:|1725314702\n|switch|p2a: Basculegion|Basculegion, L50, M, shiny|100\/100\n|turn|5\n|\n|t:|1725314715\n|move|p1a: Her Bf|Throat Chop|p2a: Basculegion\n|-supereffective|p2a: Basculegion\n|-damage|p2a: Basculegion|16\/100\n|-start|p2a: Basculegion|Throat Chop|[silent]\n|move|p2a: Basculegion|Last Respects|p1a: Her Bf\n|-damage|p1a: Her Bf|0 fnt\n|faint|p1a: Her Bf\n|move|p2b: YELLOW COLOR|Leaf Storm|p1b: Her Stepbrother|[miss]\n|-miss|p2b: YELLOW COLOR|p1b: Her Stepbrother\n|move|p1b: Her Stepbrother|Expanding Force|p2b: YELLOW COLOR|[spread] p2a,p2b\n|-damage|p2a: Basculegion|0 fnt\n|-damage|p2b: YELLOW COLOR|50\/100\n|-enditem|p2b: YELLOW COLOR|Sitrus Berry|[eat]\n|-heal|p2b: YELLOW COLOR|75\/100|[from] item: Sitrus Berry\n|faint|p2a: Basculegion\n|\n|upkeep\n|turn|6\n|\n|t:|1725314721\n|move|p2b: YELLOW COLOR|Tera Blast|p1b: Her Stepbrother\n|-damage|p1b: Her Stepbrother|0 fnt\n|faint|p1b: Her Stepbrother\n|\n|win|evenifyoustumble\n|raw|imnotagni's rating: 1678 &rarr; <strong>1665<\/strong><br \/>(-13 for losing)\n|raw|evenifyoustumble's rating: 1807 &rarr; <strong>1820<\/strong><br \/>(+13 for winning)\n|l|\u2606evenifyoustumble\n|player|p2|\n|l| Trfgtred\n","uploadtime":1725314946,"views":12,"formatid":"gen9vgc2024regh","rating":1665,"private":0,"password":null}