{"id":"gen9vgc2024regh-2193007903","format":"[Gen 9] VGC 2024 Reg H","players":["lieyanshu","dex2299"],"log":"|j|\u2606lieyanshu\n|j|\u2606dex2299\n|t:|1725287843\n|gametype|doubles\n|player|p1|lieyanshu|lucas|1755\n|player|p2|dex2299|169|1767\n|teamsize|p1|6\n|teamsize|p2|6\n|gen|9\n|tier|[Gen 9] VGC 2024 Reg H\n|rated|\n|rule|Species Clause: Limit one of each Pok\u00e9mon\n|rule|Item Clause: Limit 1 of each item\n|clearpoke\n|poke|p1|Archaludon, L50, F|\n|poke|p1|Indeedee, L50, M|\n|poke|p1|Volcarona, L50, M|\n|poke|p1|Sneasler, L50, M|\n|poke|p1|Dondozo, L50, F|\n|poke|p1|Tatsugiri, L50, F|\n|poke|p2|Whimsicott, L50, F|\n|poke|p2|Typhlosion-Hisui, L50, F|\n|poke|p2|Farigiraf, L50, F|\n|poke|p2|Rillaboom, L50, F|\n|poke|p2|Primarina, L50, M|\n|poke|p2|Incineroar, L50, M|\n|teampreview|4\nlieyanshu rejected open team sheets.\n|inactive|Battle timer is ON: inactive players will automatically lose when time's up. (requested by dex2299)\n|\n|t:|1725287908\n|start\n|switch|p1a: Indeedee|Indeedee, L50, M|100\/100\n|switch|p1b: Sneasler|Sneasler, L50, M|100\/100\n|switch|p2a: Rillaboom|Rillaboom, L50, F|100\/100\n|switch|p2b: Farigiraf|Farigiraf, L50, F|100\/100\n|-fieldstart|move: Psychic Terrain|[from] ability: Psychic Surge|[of] p1a: Indeedee\n|-enditem|p1b: Sneasler|Psychic Seed\n|-boost|p1b: Sneasler|spd|1|[from] item: Psychic Seed\n|-fieldstart|move: Grassy Terrain|[from] ability: Grassy Surge|[of] p2a: Rillaboom\n|turn|1\n|inactive|lieyanshu has 30 seconds left.\n|inactive|lieyanshu has 20 seconds left.\n|inactive|dex2299 has 30 seconds left.\n|\n|t:|1725287950\n|switch|p2a: Incineroar|Incineroar, L50, M|100\/100\n|-ability|p2a: Incineroar|Intimidate|boost\n|-unboost|p1a: Indeedee|atk|1\n|-unboost|p1b: Sneasler|atk|1\n|move|p1b: Sneasler|Protect|p1b: Sneasler\n|-singleturn|p1b: Sneasler|Protect\n|move|p1a: Indeedee|Expanding Force|p2b: Farigiraf\n|-resisted|p2b: Farigiraf\n|-damage|p2b: Farigiraf|83\/100\n|move|p2b: Farigiraf|Psychic|p1b: Sneasler\n|-activate|p1b: Sneasler|move: Protect\n|\n|-heal|p2b: Farigiraf|89\/100|[from] Grassy Terrain\n|upkeep\n|turn|2\n|j| giftedyew\n|inactive|dex2299 has 30 seconds left.\n|\n|t:|1725287982\n|switch|p1b: Tatsugiri|Tatsugiri, L50, F|100\/100\n|switch|p1a: Dondozo|Dondozo, L50, F|100\/100\n|-activate|p1b: Tatsugiri|ability: Commander|[of] p1a: Dondozo\n|-boost|p1a: Dondozo|atk|2\n|-boost|p1a: Dondozo|spa|2\n|-boost|p1a: Dondozo|spe|2\n|-boost|p1a: Dondozo|def|2\n|-boost|p1a: Dondozo|spd|2\n|move|p2a: Incineroar|Fake Out|p1a: Dondozo\n|-damage|p1a: Dondozo|97\/100\n|move|p2b: Farigiraf|Psychic|p1b: Tatsugiri|[miss]\n|-miss|p2b: Farigiraf|p1b: Tatsugiri\n|\n|-heal|p1a: Dondozo|100\/100|[from] Grassy Terrain\n|-heal|p2b: Farigiraf|95\/100|[from] Grassy Terrain\n|upkeep\n|turn|3\n|inactive|lieyanshu has 30 seconds left.\n|inactive|dex2299 has 30 seconds left.\n|\n|t:|1725288010\n|-terastallize|p2b: Farigiraf|Water\n|move|p1a: Dondozo|Wave Crash|p2b: Farigiraf\n|-resisted|p2b: Farigiraf\n|-damage|p2b: Farigiraf|46\/100\n|-enditem|p2b: Farigiraf|Sitrus Berry|[eat]\n|-heal|p2b: Farigiraf|71\/100|[from] item: Sitrus Berry\n|-damage|p1a: Dondozo|85\/100|[from] Recoil\n|move|p2a: Incineroar|Parting Shot|p1a: Dondozo\n|-fail|p1a: Dondozo|unboost|[from] item: Clear Amulet|[of] p1a: Dondozo\n|move|p2b: Farigiraf|Trick Room|p2b: Farigiraf\n|-fieldstart|move: Trick Room|[of] p2b: Farigiraf\n|\n|-heal|p2b: Farigiraf|77\/100|[from] Grassy Terrain\n|-heal|p1a: Dondozo|91\/100|[from] Grassy Terrain\n|upkeep\n|turn|4\n|j| BlackWu\n|\n|t:|1725288032\n|switch|p2a: Primarina|Primarina, L50, M|100\/100\n|move|p2b: Farigiraf|Psychic|p1a: Dondozo\n|-damage|p1a: Dondozo|70\/100\n|move|p1a: Dondozo|Wave Crash|p2a: Primarina\n|-resisted|p2a: Primarina\n|-damage|p2a: Primarina|39\/100\n|-damage|p1a: Dondozo|53\/100|[from] Recoil\n|\n|-heal|p2b: Farigiraf|83\/100|[from] Grassy Terrain\n|-heal|p2a: Primarina|45\/100|[from] Grassy Terrain\n|-heal|p1a: Dondozo|60\/100|[from] Grassy Terrain\n|upkeep\n|turn|5\n|\n|t:|1725288052\n|move|p2b: Farigiraf|Psychic|p1a: Dondozo\n|-damage|p1a: Dondozo|41\/100\n|move|p2a: Primarina|Haze|p2a: Primarina\n|-clearallboost\n|move|p1a: Dondozo|Earthquake|p2b: Farigiraf|[spread] p2a,p2b\n|-miss|p1a: Dondozo|p1b: Tatsugiri\n|-damage|p2a: Primarina|30\/100\n|-damage|p2b: Farigiraf|73\/100\n|\n|-heal|p2b: Farigiraf|79\/100|[from] Grassy Terrain\n|-heal|p2a: Primarina|36\/100|[from] Grassy Terrain\n|-heal|p1a: Dondozo|47\/100|[from] Grassy Terrain\n|-fieldend|move: Grassy Terrain\n|upkeep\n|turn|6\n|\n|t:|1725288076\n|switch|p2a: Rillaboom|Rillaboom, L50, F|100\/100\n|-fieldstart|move: Grassy Terrain|[from] ability: Grassy Surge|[of] p2a: Rillaboom\n|move|p1a: Dondozo|Protect|p1a: Dondozo\n|-singleturn|p1a: Dondozo|Protect\n|move|p2b: Farigiraf|Psychic|p1a: Dondozo\n|-activate|p1a: Dondozo|move: Protect\n|\n|-heal|p2b: Farigiraf|85\/100|[from] Grassy Terrain\n|-heal|p1a: Dondozo|53\/100|[from] Grassy Terrain\n|upkeep\n|turn|7\n|inactive|lieyanshu has 30 seconds left.\n|\n|t:|1725288101\n|-terastallize|p1a: Dondozo|Grass\n|move|p2b: Farigiraf|Helping Hand|p2a: Rillaboom\n|-singleturn|p2a: Rillaboom|Helping Hand|[of] p2b: Farigiraf\n|move|p1a: Dondozo|Order Up|p2a: Rillaboom\n|-damage|p2a: Rillaboom|79\/100\n|-boost|p1a: Dondozo|atk|1\n|move|p2a: Rillaboom|U-turn|p1a: Dondozo\n|-supereffective|p1a: Dondozo\n|-damage|p1a: Dondozo|8\/100\n|\n|t:|1725288116\n|switch|p2a: Primarina|Primarina, L50, M|36\/100|[from] U-turn\n|\n|-heal|p2b: Farigiraf|91\/100|[from] Grassy Terrain\n|-heal|p2a: Primarina|42\/100|[from] Grassy Terrain\n|-heal|p1a: Dondozo|14\/100|[from] Grassy Terrain\n|-fieldend|move: Trick Room\n|upkeep\n|turn|8\n|\n|t:|1725288130\n|move|p1a: Dondozo|Wave Crash|p2b: Farigiraf\n|-resisted|p2b: Farigiraf\n|-damage|p2b: Farigiraf|56\/100\n|-damage|p1a: Dondozo|3\/100|[from] Recoil\n|move|p2a: Primarina|Moonblast|p1a: Dondozo\n|-damage|p1a: Dondozo|0 fnt\n|faint|p1a: Dondozo\n|move|p2b: Farigiraf|Psychic|p1b: Tatsugiri\n|-damage|p1b: Tatsugiri|56\/100\n|\n|-heal|p1b: Tatsugiri|62\/100|[from] Grassy Terrain\n|-heal|p2a: Primarina|48\/100|[from] Grassy Terrain\n|-heal|p2b: Farigiraf|62\/100|[from] Grassy Terrain\n|upkeep\n|\n|t:|1725288144\n|switch|p1a: Sneasler|Sneasler, L50, M|100\/100\n|turn|9\n|\n|t:|1725288158\n|switch|p2a: Incineroar|Incineroar, L50, M|100\/100\n|-ability|p2a: Incineroar|Intimidate|boost\n|-unboost|p1a: Sneasler|atk|1\n|-unboost|p1b: Tatsugiri|atk|1\n|move|p1b: Tatsugiri|Draco Meteor|p2b: Farigiraf\n|-damage|p2b: Farigiraf|0 fnt\n|-unboost|p1b: Tatsugiri|spa|2\n|faint|p2b: Farigiraf\n|move|p1a: Sneasler|Dire Claw|p2a: Incineroar\n|-damage|p2a: Incineroar|75\/100\n|\n|-heal|p1b: Tatsugiri|69\/100|[from] Grassy Terrain\n|-heal|p2a: Incineroar|81\/100|[from] Grassy Terrain\n|upkeep\n|\n|t:|1725288174\n|switch|p2b: Rillaboom|Rillaboom, L50, F|79\/100\n|turn|10\n|l| giftedyew\n|j| giftedyew\n|l| BlackWu\n|inactive|lieyanshu has 30 seconds left.\n|\n|t:|1725288200\n|switch|p1b: Indeedee|Indeedee, L50, M|100\/100\n|-fieldstart|move: Psychic Terrain|[from] ability: Psychic Surge|[of] p1b: Indeedee\n|switch|p2b: Primarina|Primarina, L50, M|48\/100\n|move|p1a: Sneasler|Protect|p1a: Sneasler\n|-singleturn|p1a: Sneasler|Protect\n|move|p2a: Incineroar|Flare Blitz|p1a: Sneasler\n|-activate|p1a: Sneasler|move: Protect\n|\n|upkeep\n|turn|11\n|\n|t:|1725288220\n|switch|p1b: Tatsugiri|Tatsugiri, L50, F|69\/100\n|move|p1a: Sneasler|Dire Claw|p2b: Primarina\n|-supereffective|p2b: Primarina\n|-damage|p2b: Primarina|0 fnt\n|faint|p2b: Primarina\n|move|p2a: Incineroar|Knock Off|p1b: Tatsugiri\n|-damage|p1b: Tatsugiri|0 fnt\n|-enditem|p1b: Tatsugiri|Choice Scarf|[from] move: Knock Off|[of] p2a: Incineroar\n|faint|p1b: Tatsugiri\n|\n|upkeep\n|\n|t:|1725288232\n|switch|p1b: Indeedee|Indeedee, L50, M|100\/100\n|switch|p2b: Rillaboom|Rillaboom, L50, F|79\/100\n|-fieldstart|move: Grassy Terrain|[from] ability: Grassy Surge|[of] p2b: Rillaboom\n|turn|12\n|\n|t:|1725288242\n|move|p1a: Sneasler|Protect|p1a: Sneasler\n|-singleturn|p1a: Sneasler|Protect\n|move|p2b: Rillaboom|Fake Out|p1b: Indeedee\n|-damage|p1b: Indeedee|72\/100\n|cant|p1b: Indeedee|flinch\n|move|p2a: Incineroar|Knock Off|p1b: Indeedee\n|-supereffective|p1b: Indeedee\n|-damage|p1b: Indeedee|0 fnt\n|-enditem|p1b: Indeedee|Focus Sash|[from] move: Knock Off|[of] p2a: Incineroar\n|faint|p1b: Indeedee\n|\n|-heal|p2b: Rillaboom|84\/100|[from] Grassy Terrain\n|-heal|p2a: Incineroar|87\/100|[from] Grassy Terrain\n|upkeep\n|turn|13\n|\n|t:|1725288256\n|move|p1a: Sneasler|Close Combat|p2a: Incineroar\n|-supereffective|p2a: Incineroar\n|-damage|p2a: Incineroar|15\/100\n|-unboost|p1a: Sneasler|def|1\n|-unboost|p1a: Sneasler|spd|1\n|move|p2b: Rillaboom|Wood Hammer|p1a: Sneasler\n|-resisted|p1a: Sneasler\n|-damage|p1a: Sneasler|6\/100\n|-damage|p2b: Rillaboom|61\/100|[from] Recoil\n|move|p2a: Incineroar|Flare Blitz|p1a: Sneasler\n|-damage|p1a: Sneasler|0 fnt\n|faint|p1a: Sneasler\n|-damage|p2a: Incineroar|14\/100|[from] Recoil\n|\n|win|dex2299\n|raw|lieyanshu's rating: 1755 &rarr; <strong>1736<\/strong><br \/>(-19 for losing)\n|raw|dex2299's rating: 1767 &rarr; <strong>1786<\/strong><br \/>(+19 for winning)\n|l|\u2606dex2299\n|player|p2|\n","uploadtime":1725288504,"views":93,"formatid":"gen9vgc2024regh","rating":1736,"private":0,"password":null}