{"id":"gen9vgc2024regh-2193420459","format":"[Gen 9] VGC 2024 Reg H","players":["lieyanshu","philosovgc-x"],"log":"|j|\u2606lieyanshu\n|j|\u2606philosovgc-x\n|t:|1725331942\n|gametype|doubles\n|player|p1|lieyanshu|lucas|1685\n|player|p2|philosovgc-x|medium|1802\n|teamsize|p1|6\n|teamsize|p2|6\n|gen|9\n|tier|[Gen 9] VGC 2024 Reg H\n|rated|\n|rule|Species Clause: Limit one of each Pok\u00e9mon\n|rule|Item Clause: Limit 1 of each item\n|clearpoke\n|poke|p1|Archaludon, L50, F|\n|poke|p1|Indeedee, L50, M|\n|poke|p1|Volcarona, L50, M|\n|poke|p1|Sneasler, L50, F|\n|poke|p1|Dondozo, L50, F|\n|poke|p1|Tatsugiri, L50, M|\n|poke|p2|Lycanroc, L50, M|\n|poke|p2|Tyranitar, L50, F|\n|poke|p2|Indeedee-F, L50, F|\n|poke|p2|Murkrow, L50, F|\n|poke|p2|Garchomp, L50, M|\n|poke|p2|Gholdengo, L50|\n|teampreview|4\n|\n|t:|1725331980\n|start\n|switch|p1a: Indeedee|Indeedee, L50, M|100\/100\n|switch|p1b: Sneasler|Sneasler, L50, F|100\/100\n|switch|p2a: Lycanroc|Lycanroc, L50, M, shiny|100\/100\n|switch|p2b: Tyranitar|Tyranitar, L50, F|100\/100\n|-fieldstart|move: Psychic Terrain|[from] ability: Psychic Surge|[of] p1a: Indeedee\n|-enditem|p1b: Sneasler|Psychic Seed\n|-boost|p1b: Sneasler|spd|1|[from] item: Psychic Seed\n|-weather|Sandstorm|[from] ability: Sand Stream|[of] p2b: Tyranitar\n|turn|1\n|\n|t:|1725331999\n|-terastallize|p2b: Tyranitar|Flying\n|move|p1b: Sneasler|Close Combat|p2b: Tyranitar\n|-resisted|p2b: Tyranitar\n|-crit|p2b: Tyranitar\n|-damage|p2b: Tyranitar|58\/100\n|-unboost|p1b: Sneasler|def|1\n|-unboost|p1b: Sneasler|spd|1\n|move|p2a: Lycanroc|Rock Slide|p1b: Sneasler|[spread] p1a,p1b\n|-resisted|p1b: Sneasler\n|-damage|p1a: Indeedee|34\/100\n|-damage|p1b: Sneasler|66\/100\n|move|p1a: Indeedee|Expanding Force|p2b: Tyranitar|[spread] p2a,p2b\n|-crit|p2b: Tyranitar\n|-damage|p2a: Lycanroc|40\/100\n|-damage|p2b: Tyranitar|9\/100\n|move|p2b: Tyranitar|Tera Blast|p1b: Sneasler|[anim] Tera Blast Flying\n|-supereffective|p1b: Sneasler\n|-damage|p1b: Sneasler|0 fnt\n|faint|p1b: Sneasler\n|\n|-weather|Sandstorm|[upkeep]\n|-damage|p1a: Indeedee|28\/100|[from] Sandstorm\n|-damage|p2b: Tyranitar|3\/100|[from] Sandstorm\n|upkeep\n|\n|t:|1725332029\n|switch|p1b: Volcarona|Volcarona, L50, M|100\/100\n|turn|2\n|\n|t:|1725332036\n|move|p1b: Volcarona|Protect|p1b: Volcarona\n|-singleturn|p1b: Volcarona|Protect\n|move|p2a: Lycanroc|Rock Slide|p1b: Volcarona|[spread] p1a\n|-activate|p1b: Volcarona|move: Protect\n|-damage|p1a: Indeedee|0 fnt\n|faint|p1a: Indeedee\n|move|p2b: Tyranitar|Knock Off|p1b: Volcarona\n|-activate|p1b: Volcarona|move: Protect\n|\n|-weather|Sandstorm|[upkeep]\n|-damage|p1b: Volcarona|94\/100|[from] Sandstorm\n|-damage|p2b: Tyranitar|0 fnt|[from] Sandstorm\n|faint|p2b: Tyranitar\n|-heal|p1b: Volcarona|100\/100|[from] item: Leftovers\n|upkeep\n|\n|t:|1725332049\n|switch|p1a: Archaludon|Archaludon, L50, F|100\/100\n|switch|p2b: Murkrow|Murkrow, L50, F|100\/100\n|turn|3\n|\n|t:|1725332065\n|-terastallize|p1b: Volcarona|Grass\n|move|p2a: Lycanroc|Protect|p2a: Lycanroc\n|-singleturn|p2a: Lycanroc|Protect\n|move|p2b: Murkrow|Tailwind|p2b: Murkrow\n|-sidestart|p2: philosovgc-x|move: Tailwind\n|move|p1b: Volcarona|Giga Drain|p2a: Lycanroc\n|-activate|p2a: Lycanroc|move: Protect\n|move|p1a: Archaludon|Electro Shot||[still]\n|-prepare|p1a: Archaludon|Electro Shot\n|-boost|p1a: Archaludon|spa|1\n|-enditem|p1a: Archaludon|Power Herb\n|-anim|p1a: Archaludon|Electro Shot|p2b: Murkrow\n|-supereffective|p2b: Murkrow\n|-damage|p2b: Murkrow|0 fnt\n|faint|p2b: Murkrow\n|\n|-weather|Sandstorm|[upkeep]\n|-damage|p1b: Volcarona|94\/100|[from] Sandstorm\n|-heal|p1b: Volcarona|100\/100|[from] item: Leftovers\n|upkeep\n|c|\u2606lieyanshu|?\n|inactive|Battle timer is ON: inactive players will automatically lose when time's up. (requested by lieyanshu)\n|inactive|philosovgc-x has 60 seconds left.\n|inactive|philosovgc-x has 30 seconds left.\n|\n|t:|1725332190\n|switch|p2b: Garchomp|Garchomp, L50, M, shiny|100\/100\n|turn|4\n|\n|t:|1725332201\n|move|p1a: Archaludon|Protect|p1a: Archaludon\n|-singleturn|p1a: Archaludon|Protect\n|move|p2a: Lycanroc|Endeavor|p1a: Archaludon\n|-activate|p1a: Archaludon|move: Protect\n|move|p2b: Garchomp|Earthquake|p1b: Volcarona|[spread] p2a,p1b\n|-activate|p1a: Archaludon|move: Protect\n|-supereffective|p2a: Lycanroc\n|-resisted|p1b: Volcarona\n|-damage|p2a: Lycanroc|0 fnt\n|-damage|p1b: Volcarona|76\/100\n|faint|p2a: Lycanroc\n|move|p1b: Volcarona|Giga Drain|p2b: Garchomp|[miss]\n|-miss|p1b: Volcarona|p2b: Garchomp\n|\n|-weather|Sandstorm|[upkeep]\n|-damage|p1b: Volcarona|70\/100|[from] Sandstorm\n|-heal|p1b: Volcarona|76\/100|[from] item: Leftovers\n|upkeep\n|turn|5\n|inactive|lieyanshu has 30 seconds left.\n|\n|t:|1725332226\n|move|p2b: Garchomp|Poison Jab|p1b: Volcarona\n|-supereffective|p1b: Volcarona\n|-damage|p1b: Volcarona|1\/100\n|-status|p2b: Garchomp|brn|[from] ability: Flame Body|[of] p1b: Volcarona\n|move|p1b: Volcarona|Quiver Dance|p1b: Volcarona\n|-boost|p1b: Volcarona|spa|1\n|-boost|p1b: Volcarona|spd|1\n|-boost|p1b: Volcarona|spe|1\n|move|p1a: Archaludon|Draco Meteor|p2b: Garchomp\n|-supereffective|p2b: Garchomp\n|-damage|p2b: Garchomp|0 fnt\n|-unboost|p1a: Archaludon|spa|2\n|faint|p2b: Garchomp\n|\n|win|lieyanshu\n|raw|lieyanshu's rating: 1685 &rarr; <strong>1710<\/strong><br \/>(+25 for winning)\n|raw|philosovgc-x's rating: 1767 &rarr; <strong>1742<\/strong><br \/>(-25 for losing)\n|l|\u2606philosovgc-x\n|player|p2|\n|l|\u2606lieyanshu\n|player|p1|\n","uploadtime":1725332443,"views":77,"formatid":"gen9vgc2024regh","rating":1710,"private":0,"password":null}