{"id":"gen9vgc2024regh-2193556971","format":"[Gen 9] VGC 2024 Reg H","players":["lieyanshu","saltrice1225"],"log":"|j|\u2606lieyanshu\n|j|\u2606saltrice1225\n|t:|1725355470\n|gametype|doubles\n|player|p1|lieyanshu|lucas|1685\n|player|p2|saltrice1225|rosa|1679\n|teamsize|p1|6\n|teamsize|p2|6\n|gen|9\n|tier|[Gen 9] VGC 2024 Reg H\n|rated|\n|rule|Species Clause: Limit one of each Pok\u00e9mon\n|rule|Item Clause: Limit 1 of each item\n|clearpoke\n|poke|p1|Archaludon, L50, M|\n|poke|p1|Indeedee, L50, M|\n|poke|p1|Volcarona, L50, M|\n|poke|p1|Sneasler, L50, M|\n|poke|p1|Dondozo, L50, F|\n|poke|p1|Tatsugiri, L50, M|\n|poke|p2|Maushold-Four, L50|\n|poke|p2|Archaludon, L50, F|\n|poke|p2|Pelipper, L50, F|\n|poke|p2|Gholdengo, L50|\n|poke|p2|Rillaboom, L50, M|\n|poke|p2|Gastrodon, L50, M|\n|teampreview|4\n|inactive|Battle timer is ON: inactive players will automatically lose when time's up. (requested by saltrice1225)\n|inactive|lieyanshu has 60 seconds left.\nlieyanshu rejected open team sheets.\n|\n|t:|1725355516\n|start\n|switch|p1a: Indeedee|Indeedee, L50, M|100\/100\n|switch|p1b: Sneasler|Sneasler, L50, M|100\/100\n|switch|p2a: Gholdengo|Gholdengo, L50|100\/100\n|switch|p2b: Rillaboom|Rillaboom, L50, M|100\/100\n|-fieldstart|move: Psychic Terrain|[from] ability: Psychic Surge|[of] p1a: Indeedee\n|-enditem|p1b: Sneasler|Psychic Seed\n|-boost|p1b: Sneasler|spd|1|[from] item: Psychic Seed\n|-fieldstart|move: Grassy Terrain|[from] ability: Grassy Surge|[of] p2b: Rillaboom\n|turn|1\n|inactive|saltrice1225 has 30 seconds left.\n|\n|t:|1725355542\n|move|p1b: Sneasler|Protect|p1b: Sneasler\n|-singleturn|p1b: Sneasler|Protect\n|move|p2b: Rillaboom|Fake Out|p1b: Sneasler\n|-activate|p1b: Sneasler|move: Protect\n|move|p2a: Gholdengo|Shadow Ball|p1b: Sneasler\n|-activate|p1b: Sneasler|move: Protect\n|move|p1a: Indeedee|Shadow Ball|p2a: Gholdengo\n|-supereffective|p2a: Gholdengo\n|-damage|p2a: Gholdengo|43\/100\n|\n|-heal|p2a: Gholdengo|49\/100|[from] Grassy Terrain\n|upkeep\n|turn|2\n|inactive|lieyanshu has 30 seconds left.\n|\n|t:|1725355571\n|-terastallize|p1b: Sneasler|Dark\n|move|p1b: Sneasler|Lash Out|p2a: Gholdengo\n|-supereffective|p2a: Gholdengo\n|-damage|p2a: Gholdengo|0 fnt\n|faint|p2a: Gholdengo\n|move|p1a: Indeedee|Expanding Force|p2b: Rillaboom\n|-damage|p2b: Rillaboom|59\/100\n|move|p2b: Rillaboom|High Horsepower|p1b: Sneasler\n|-damage|p1b: Sneasler|38\/100\n|\n|-heal|p1b: Sneasler|44\/100|[from] Grassy Terrain\n|-heal|p2b: Rillaboom|65\/100|[from] Grassy Terrain\n|upkeep\n|\n|t:|1725355584\n|switch|p2a: Pelipper|Pelipper, L50, F|100\/100\n|-weather|RainDance|[from] ability: Drizzle|[of] p2a: Pelipper\n|turn|3\n|inactive|lieyanshu has 30 seconds left.\n|\n|t:|1725355610\n|switch|p2b: Gastrodon|Gastrodon, L50, M|100\/100\n|move|p1b: Sneasler|Protect|p1b: Sneasler\n|-singleturn|p1b: Sneasler|Protect\n|move|p1a: Indeedee|Shadow Ball|p2b: Gastrodon\n|-damage|p2b: Gastrodon|73\/100\n|move|p2a: Pelipper|Surf|p1b: Sneasler|[spread] p1a\n|-activate|p1b: Sneasler|move: Protect\n|-ability|p2b: Gastrodon|Storm Drain|boost\n|-boost|p2b: Gastrodon|spa|1\n|-damage|p1a: Indeedee|45\/100\n|\n|-weather|RainDance|[upkeep]\n|-heal|p1b: Sneasler|50\/100|[from] Grassy Terrain\n|-heal|p1a: Indeedee|51\/100|[from] Grassy Terrain\n|-heal|p2b: Gastrodon|79\/100|[from] Grassy Terrain\n|upkeep\n|turn|4\n|\n|t:|1725355632\n|move|p2b: Gastrodon|Protect|p2b: Gastrodon\n|-singleturn|p2b: Gastrodon|Protect\n|move|p1b: Sneasler|Dire Claw|p2a: Pelipper\n|-damage|p2a: Pelipper|40\/100\n|move|p1a: Indeedee|Expanding Force|p2b: Gastrodon\n|-activate|p2b: Gastrodon|move: Protect\n|move|p2a: Pelipper|Tailwind|p2a: Pelipper\n|-sidestart|p2: saltrice1225|move: Tailwind\n|\n|-weather|RainDance|[upkeep]\n|-heal|p1b: Sneasler|56\/100|[from] Grassy Terrain\n|-heal|p1a: Indeedee|57\/100|[from] Grassy Terrain\n|-heal|p2b: Gastrodon|85\/100|[from] Grassy Terrain\n|upkeep\n|turn|5\n|inactive|lieyanshu has 30 seconds left.\n|\n|t:|1725355664\n|move|p1b: Sneasler|Dire Claw|p2b: Gastrodon\n|-resisted|p2b: Gastrodon\n|-damage|p2b: Gastrodon|60\/100\n|-status|p2b: Gastrodon|par\n|move|p2a: Pelipper|Surf|p1b: Sneasler|[spread] p1a,p1b\n|-ability|p2b: Gastrodon|Storm Drain|boost\n|-boost|p2b: Gastrodon|spa|1\n|-damage|p1a: Indeedee|0 fnt\n|-damage|p1b: Sneasler|19\/100\n|faint|p1a: Indeedee\n|move|p2b: Gastrodon|Earth Power|p1b: Sneasler\n|-damage|p1b: Sneasler|0 fnt\n|faint|p1b: Sneasler\n|\n|-weather|RainDance|[upkeep]\n|-heal|p2b: Gastrodon|66\/100 par|[from] Grassy Terrain\n|-fieldend|move: Grassy Terrain\n|upkeep\n|\n|t:|1725355679\n|switch|p1b: Tatsugiri|Tatsugiri, L50, M|100\/100\n|switch|p1a: Dondozo|Dondozo, L50, F|100\/100\n|-activate|p1b: Tatsugiri|ability: Commander|[of] p1a: Dondozo\n|-boost|p1a: Dondozo|atk|2\n|-boost|p1a: Dondozo|spa|2\n|-boost|p1a: Dondozo|spe|2\n|-boost|p1a: Dondozo|def|2\n|-boost|p1a: Dondozo|spd|2\n|turn|6\n|\n|t:|1725355692\n|switch|p2a: Rillaboom|Rillaboom, L50, M|65\/100\n|-fieldstart|move: Grassy Terrain|[from] ability: Grassy Surge|[of] p2a: Rillaboom\n|move|p2b: Gastrodon|Protect|p2b: Gastrodon\n|-singleturn|p2b: Gastrodon|Protect\n|move|p1a: Dondozo|Order Up|p2a: Rillaboom\n|-damage|p2a: Rillaboom|18\/100\n|-boost|p1a: Dondozo|atk|1\n|\n|-weather|RainDance|[upkeep]\n|-heal|p2a: Rillaboom|24\/100|[from] Grassy Terrain\n|-heal|p2b: Gastrodon|72\/100 par|[from] Grassy Terrain\n|upkeep\n|turn|7\n|\n|t:|1725355709\n|move|p1a: Dondozo|Protect|p1a: Dondozo\n|-singleturn|p1a: Dondozo|Protect\n|move|p2a: Rillaboom|Fake Out|p1a: Dondozo\n|-activate|p1a: Dondozo|move: Protect\n|move|p2b: Gastrodon|Clear Smog|p1a: Dondozo\n|-activate|p1a: Dondozo|move: Protect\n|\n|-weather|none\n|-heal|p2a: Rillaboom|30\/100|[from] Grassy Terrain\n|-heal|p2b: Gastrodon|78\/100 par|[from] Grassy Terrain\n|-sideend|p2: saltrice1225|move: Tailwind\n|upkeep\n|turn|8\n|\n|t:|1725355725\n|switch|p2a: Pelipper|Pelipper, L50, F|40\/100\n|-weather|RainDance|[from] ability: Drizzle|[of] p2a: Pelipper\n|move|p1a: Dondozo|Order Up|p2a: Pelipper\n|-damage|p2a: Pelipper|0 fnt\n|faint|p2a: Pelipper\n|-boost|p1a: Dondozo|atk|1\n|move|p2b: Gastrodon|Clear Smog|p1a: Dondozo\n|-damage|p1a: Dondozo|93\/100\n|-clearboost|p1a: Dondozo\n|\n|-weather|RainDance|[upkeep]\n|-heal|p1a: Dondozo|99\/100|[from] Grassy Terrain\n|-heal|p2b: Gastrodon|84\/100 par|[from] Grassy Terrain\n|upkeep\n|\n|t:|1725355739\n|switch|p2a: Rillaboom|Rillaboom, L50, M|30\/100\n|turn|9\n|\n|t:|1725355751\n|move|p1a: Dondozo|Protect|p1a: Dondozo\n|-singleturn|p1a: Dondozo|Protect\n|move|p2a: Rillaboom|Fake Out|p1a: Dondozo\n|-activate|p1a: Dondozo|move: Protect\n|move|p2b: Gastrodon|Earth Power|p1a: Dondozo\n|-activate|p1a: Dondozo|move: Protect\n|\n|-weather|RainDance|[upkeep]\n|-heal|p2a: Rillaboom|35\/100|[from] Grassy Terrain\n|-heal|p1a: Dondozo|100\/100|[from] Grassy Terrain\n|-heal|p2b: Gastrodon|90\/100 par|[from] Grassy Terrain\n|upkeep\n|turn|10\n|\n|t:|1725355763\n|move|p2a: Rillaboom|Wood Hammer|p1a: Dondozo\n|-supereffective|p1a: Dondozo\n|-damage|p1a: Dondozo|0 fnt\n|faint|p1a: Dondozo\n|-damage|p2a: Rillaboom|0 fnt|[from] Recoil\n|faint|p2a: Rillaboom\n|move|p2b: Gastrodon|Earth Power|p1b: Tatsugiri\n|-damage|p1b: Tatsugiri|4\/100\n|\n|-weather|RainDance|[upkeep]\n|-heal|p1b: Tatsugiri|10\/100|[from] Grassy Terrain\n|-heal|p2b: Gastrodon|96\/100 par|[from] Grassy Terrain\n|-fieldend|move: Grassy Terrain\n|upkeep\n|turn|11\n|\n|t:|1725355777\n|move|p2b: Gastrodon|Protect|p2b: Gastrodon\n|-singleturn|p2b: Gastrodon|Protect\n|move|p1b: Tatsugiri|Draco Meteor|p2b: Gastrodon\n|-activate|p2b: Gastrodon|move: Protect\n|\n|-weather|RainDance|[upkeep]\n|upkeep\n|turn|12\n|\n|t:|1725355784\n|move|p1b: Tatsugiri|Draco Meteor|p2b: Gastrodon\n|-damage|p2b: Gastrodon|24\/100 par\n|-unboost|p1b: Tatsugiri|spa|2\n|-enditem|p2b: Gastrodon|Sitrus Berry|[eat]\n|-heal|p2b: Gastrodon|49\/100 par|[from] item: Sitrus Berry\n|cant|p2b: Gastrodon|par\n|\n|-weather|none\n|upkeep\n|turn|13\n|\n|t:|1725355793\n|move|p1b: Tatsugiri|Draco Meteor|p2b: Gastrodon\n|-damage|p2b: Gastrodon|15\/100 par\n|-unboost|p1b: Tatsugiri|spa|2\n|move|p2b: Gastrodon|Earth Power|p1b: Tatsugiri\n|-damage|p1b: Tatsugiri|0 fnt\n|faint|p1b: Tatsugiri\n|\n|win|saltrice1225\n|raw|lieyanshu's rating: 1685 &rarr; <strong>1665<\/strong><br \/>(-20 for losing)\n|raw|saltrice1225's rating: 1679 &rarr; <strong>1699<\/strong><br \/>(+20 for winning)\n|l|\u2606lieyanshu\n|player|p1|\n|l|\u2606saltrice1225\n|player|p2|\n","uploadtime":1725355965,"views":24,"formatid":"gen9vgc2024regh","rating":1665,"private":0,"password":null}