{"id":"gen9vgc2024regh-2193020222","format":"[Gen 9] VGC 2024 Reg H","players":["lieyanshu","boby maltezer"],"log":"|j|\u2606lieyanshu\n|j|\u2606boby maltezer\n|t:|1725289126\n|gametype|doubles\n|player|p1|lieyanshu|lucas|1703\n|player|p2|boby maltezer|1|1672\n|teamsize|p1|6\n|teamsize|p2|6\n|gen|9\n|tier|[Gen 9] VGC 2024 Reg H\n|rated|\n|rule|Species Clause: Limit one of each Pok\u00e9mon\n|rule|Item Clause: Limit 1 of each item\n|clearpoke\n|poke|p1|Archaludon, L50, F|\n|poke|p1|Indeedee, L50, M|\n|poke|p1|Volcarona, L50, F|\n|poke|p1|Sneasler, L50, F|\n|poke|p1|Dondozo, L50, F|\n|poke|p1|Tatsugiri, L50, M|\n|poke|p2|Volcarona, L50, M|\n|poke|p2|Tauros-Paldea-Aqua, L50, M|\n|poke|p2|Rillaboom, L50, M|\n|poke|p2|Clefable, L50, F|\n|poke|p2|Kingambit, L50, F|\n|poke|p2|Dragapult, L50, F|\n|teampreview|4\n|inactive|Battle timer is ON: inactive players will automatically lose when time's up. (requested by boby maltezer)\n|\n|t:|1725289156\n|start\n|switch|p1a: Sneasler|Sneasler, L50, F|100\/100\n|switch|p1b: Indeedee|Indeedee, L50, M|100\/100\n|switch|p2a: Dragapult|Dragapult, L50, F|100\/100\n|switch|p2b: Tauros|Tauros-Paldea-Aqua, L50, M|100\/100\n|-fieldstart|move: Psychic Terrain|[from] ability: Psychic Surge|[of] p1b: Indeedee\n|-enditem|p1a: Sneasler|Psychic Seed\n|-boost|p1a: Sneasler|spd|1|[from] item: Psychic Seed\n|-enditem|p2b: Tauros|Mirror Herb\n|-boost|p2b: Tauros|spd|1|[from] item: Mirror Herb\n|-ability|p2b: Tauros|Intimidate|boost\n|-unboost|p1a: Sneasler|atk|1\n|-unboost|p1b: Indeedee|atk|1\n|turn|1\n|\n|t:|1725289176\n|switch|p2b: Rillaboom|Rillaboom, L50, M|100\/100\n|-fieldstart|move: Grassy Terrain|[from] ability: Grassy Surge|[of] p2b: Rillaboom\n|-terastallize|p1a: Sneasler|Dark\n|move|p1a: Sneasler|Lash Out|p2a: Dragapult\n|-supereffective|p2a: Dragapult\n|-damage|p2a: Dragapult|0 fnt\n|faint|p2a: Dragapult\n|move|p1b: Indeedee|Expanding Force|p2b: Rillaboom\n|-damage|p2b: Rillaboom|74\/100\n|\n|-heal|p2b: Rillaboom|80\/100|[from] Grassy Terrain\n|upkeep\n|\n|t:|1725289189\n|switch|p2a: Tauros|Tauros-Paldea-Aqua, L50, M|100\/100\n|-ability|p2a: Tauros|Intimidate|boost\n|-unboost|p1a: Sneasler|atk|1\n|-unboost|p1b: Indeedee|atk|1\n|turn|2\n|\n|t:|1725289206\n|move|p1a: Sneasler|Protect|p1a: Sneasler\n|-singleturn|p1a: Sneasler|Protect\n|move|p1b: Indeedee|Expanding Force|p2b: Rillaboom\n|-damage|p2b: Rillaboom|51\/100\n|move|p2a: Tauros|Close Combat|p1a: Sneasler\n|-activate|p1a: Sneasler|move: Protect\n|move|p2b: Rillaboom|Wood Hammer|p1b: Indeedee\n|-enditem|p1b: Indeedee|Focus Sash\n|-damage|p1b: Indeedee|1\/100\n|-damage|p2b: Rillaboom|29\/100|[from] Recoil\n|\n|-heal|p1b: Indeedee|7\/100|[from] Grassy Terrain\n|-heal|p2b: Rillaboom|35\/100|[from] Grassy Terrain\n|upkeep\n|turn|3\n|j| BonoboF\n|\n|t:|1725289231\n|-terastallize|p2b: Rillaboom|Fire\n|move|p2b: Rillaboom|Grassy Glide|p1b: Indeedee\n|-crit|p1b: Indeedee\n|-damage|p1b: Indeedee|0 fnt\n|faint|p1b: Indeedee\n|move|p1a: Sneasler|Dire Claw|p2b: Rillaboom\n|-damage|p2b: Rillaboom|15\/100\n|move|p2a: Tauros|Close Combat|p1a: Sneasler\n|-supereffective|p1a: Sneasler\n|-damage|p1a: Sneasler|0 fnt\n|-unboost|p2a: Tauros|def|1\n|-unboost|p2a: Tauros|spd|1\n|faint|p1a: Sneasler\n|\n|-heal|p2b: Rillaboom|21\/100|[from] Grassy Terrain\n|upkeep\n|\n|t:|1725289246\n|switch|p1a: Dondozo|Dondozo, L50, F|100\/100\n|switch|p1b: Tatsugiri|Tatsugiri, L50, M|100\/100\n|-activate|p1b: Tatsugiri|ability: Commander|[of] p1a: Dondozo\n|-boost|p1a: Dondozo|atk|2\n|-boost|p1a: Dondozo|spa|2\n|-boost|p1a: Dondozo|spe|2\n|-boost|p1a: Dondozo|def|2\n|-boost|p1a: Dondozo|spd|2\n|turn|4\n|\n|t:|1725289258\n|switch|p2b: Clefable|Clefable, L50, F, shiny|100\/100\n|move|p2a: Tauros|Protect|p2a: Tauros\n|-singleturn|p2a: Tauros|Protect\n|move|p1a: Dondozo|Earthquake|p2a: Tauros|[spread] p2b\n|-miss|p1a: Dondozo|p1b: Tatsugiri\n|-activate|p2a: Tauros|move: Protect\n|-damage|p2b: Clefable|92\/100\n|\n|-heal|p2b: Clefable|98\/100|[from] Grassy Terrain\n|upkeep\n|turn|5\n|\n|t:|1725289272\n|move|p1a: Dondozo|Protect|p1a: Dondozo\n|-singleturn|p1a: Dondozo|Protect\n|move|p2a: Tauros|Close Combat|p1a: Dondozo\n|-activate|p1a: Dondozo|move: Protect\n|move|p2b: Clefable|Moonblast|p1a: Dondozo\n|-activate|p1a: Dondozo|move: Protect\n|\n|-heal|p2b: Clefable|100\/100|[from] Grassy Terrain\n|-fieldend|move: Grassy Terrain\n|upkeep\n|turn|6\n|\n|t:|1725289288\n|switch|p2a: Rillaboom|Rillaboom, L50, M, tera:Fire|21\/100\n|-fieldstart|move: Grassy Terrain|[from] ability: Grassy Surge|[of] p2a: Rillaboom\n|move|p1a: Dondozo|Earthquake|p2a: Rillaboom|[spread] p2a,p2b\n|-miss|p1a: Dondozo|p1b: Tatsugiri\n|-supereffective|p2a: Rillaboom\n|-damage|p2a: Rillaboom|0 fnt\n|-damage|p2b: Clefable|91\/100\n|faint|p2a: Rillaboom\n|move|p2b: Clefable|Moonblast|p1a: Dondozo\n|-damage|p1a: Dondozo|67\/100\n|\n|-heal|p1a: Dondozo|73\/100|[from] Grassy Terrain\n|-heal|p2b: Clefable|97\/100|[from] Grassy Terrain\n|upkeep\n|\n|t:|1725289302\n|switch|p2a: Tauros|Tauros-Paldea-Aqua, L50, M|100\/100\n|-ability|p2a: Tauros|Intimidate|boost\n|-fail|p1a: Dondozo|unboost|[from] item: Clear Amulet|[of] p1a: Dondozo\n|-unboost|p1b: Tatsugiri|atk|1\n|turn|7\n|\n|t:|1725289321\n|move|p1a: Dondozo|Protect|p1a: Dondozo\n|-singleturn|p1a: Dondozo|Protect\n|move|p2a: Tauros|Protect|p2a: Tauros\n|-singleturn|p2a: Tauros|Protect\n|move|p2b: Clefable|Moonblast|p1a: Dondozo\n|-activate|p1a: Dondozo|move: Protect\n|\n|-heal|p1a: Dondozo|79\/100|[from] Grassy Terrain\n|-heal|p2b: Clefable|100\/100|[from] Grassy Terrain\n|upkeep\n|turn|8\n|j| urmomtest\n|j| Surve\n|\n|t:|1725289332\n|move|p1a: Dondozo|Wave Crash|p2a: Tauros\n|-resisted|p2a: Tauros\n|-damage|p2a: Tauros|47\/100\n|-damage|p1a: Dondozo|67\/100|[from] Recoil\n|move|p2a: Tauros|Raging Bull|p1a: Dondozo\n|-resisted|p1a: Dondozo\n|-damage|p1a: Dondozo|59\/100\n|move|p2b: Clefable|Moonblast|p1a: Dondozo\n|-damage|p1a: Dondozo|27\/100\n|\n|-heal|p1a: Dondozo|33\/100|[from] Grassy Terrain\n|-heal|p2a: Tauros|53\/100|[from] Grassy Terrain\n|upkeep\n|turn|9\n|\n|t:|1725289355\n|move|p1a: Dondozo|Protect|p1a: Dondozo\n|-singleturn|p1a: Dondozo|Protect\n|move|p2a: Tauros|Protect|p2a: Tauros\n|-singleturn|p2a: Tauros|Protect\n|move|p2b: Clefable|Moonblast|p1a: Dondozo\n|-activate|p1a: Dondozo|move: Protect\n|\n|-heal|p1a: Dondozo|39\/100|[from] Grassy Terrain\n|-heal|p2a: Tauros|59\/100|[from] Grassy Terrain\n|upkeep\n|turn|10\n|\n|t:|1725289377\n|move|p1a: Dondozo|Wave Crash|p2a: Tauros\n|-resisted|p2a: Tauros\n|-damage|p2a: Tauros|0 fnt\n|faint|p2a: Tauros\n|-damage|p1a: Dondozo|26\/100|[from] Recoil\n|move|p2b: Clefable|Moonblast|p1a: Dondozo\n|-damage|p1a: Dondozo|0 fnt\n|faint|p1a: Dondozo\n|\n|-fieldend|move: Grassy Terrain\n|upkeep\n|turn|11\n|\n|t:|1725289387\n|move|p1b: Tatsugiri|Hydro Pump|p2b: Clefable\n|-damage|p2b: Clefable|45\/100\n|-enditem|p2b: Clefable|Sitrus Berry|[eat]\n|-heal|p2b: Clefable|70\/100|[from] item: Sitrus Berry\n|move|p2b: Clefable|Moonblast|p1b: Tatsugiri\n|-supereffective|p1b: Tatsugiri\n|-damage|p1b: Tatsugiri|9\/100\n|\n|upkeep\n|turn|12\n|\n|t:|1725289396\n|move|p1b: Tatsugiri|Hydro Pump|p2b: Clefable\n|-damage|p2b: Clefable|21\/100\n|move|p2b: Clefable|Moonblast|p1b: Tatsugiri\n|-supereffective|p1b: Tatsugiri\n|-damage|p1b: Tatsugiri|0 fnt\n|faint|p1b: Tatsugiri\n|\n|win|boby maltezer\n|raw|lieyanshu's rating: 1703 &rarr; <strong>1681<\/strong><br \/>(-22 for losing)\n|raw|boby maltezer's rating: 1672 &rarr; <strong>1694<\/strong><br \/>(+22 for winning)\n|l|\u2606boby maltezer\n|player|p2|\n|l| BonoboF\n","uploadtime":1725289611,"views":34,"formatid":"gen9vgc2024regh","rating":1681,"private":0,"password":null}