{"id":"gen9vgc2024regh-2193728685","format":"[Gen 9] VGC 2024 Reg H","players":["BIO26R","MomeriA12"],"log":"|j|\u2606BIO26R\n|j|\u2606MomeriA12\n|t:|1725376763\n|gametype|doubles\n|player|p1|BIO26R|scientist|1660\n|player|p2|MomeriA12|102|1716\n|teamsize|p1|6\n|teamsize|p2|6\n|gen|9\n|tier|[Gen 9] VGC 2024 Reg H\n|rated|\n|rule|Species Clause: Limit one of each Pok\u00e9mon\n|rule|Item Clause: Limit 1 of each item\n|clearpoke\n|poke|p1|Whimsicott, L50, M|\n|poke|p1|Amoonguss, L50, F|\n|poke|p1|Basculegion, L50, M|\n|poke|p1|Archaludon, L50, M|\n|poke|p1|Typhlosion-Hisui, L50, M|\n|poke|p1|Pelipper, L50, M|\n|poke|p2|Staraptor, L50, F|\n|poke|p2|Hydreigon, L50, F|\n|poke|p2|Lilligant-Hisui, L50, F|\n|poke|p2|Torkoal, L50, M|\n|poke|p2|Ursaluna, L50, F|\n|poke|p2|Farigiraf, L50, M|\n|teampreview|4\n|inactive|Battle timer is ON: inactive players will automatically lose when time's up. (requested by BIO26R)\n|inactive|BIO26R has 60 seconds left.\n|\n|t:|1725376807\n|start\n|switch|p1a: Typhlosion|Typhlosion-Hisui, L50, M, shiny|100\/100\n|switch|p1b: Basculegion|Basculegion, L50, M, shiny|100\/100\n|switch|p2a: Lilligant|Lilligant-Hisui, L50, F|100\/100\n|switch|p2b: Farigiraf|Farigiraf, L50, M|100\/100\n|turn|1\n|inactive|BIO26R has 30 seconds left.\n|\n|t:|1725376835\n|switch|p1a: Amoonguss|Amoonguss, L50, F|100\/100\n|move|p2a: Lilligant|Protect|p2a: Lilligant\n|-singleturn|p2a: Lilligant|Protect\n|move|p2b: Farigiraf|Protect|p2b: Farigiraf\n|-singleturn|p2b: Farigiraf|Protect\n|move|p1b: Basculegion|Wave Crash|p2b: Farigiraf\n|-activate|p2b: Farigiraf|move: Protect\n|\n|upkeep\n|turn|2\n|\n|t:|1725376859\n|switch|p1b: Pelipper|Pelipper, L50, M, shiny|100\/100\n|-weather|RainDance|[from] ability: Drizzle|[of] p1b: Pelipper\n|move|p2a: Lilligant|Sleep Powder|p1b: Pelipper\n|-status|p1b: Pelipper|slp|[from] move: Sleep Powder\n|move|p2b: Farigiraf|Psychic Noise|p1a: Amoonguss\n|-supereffective|p1a: Amoonguss\n|-damage|p1a: Amoonguss|53\/100\n|-start|p1a: Amoonguss|move: Heal Block\n|move|p1a: Amoonguss|Spore|p2b: Farigiraf\n|-status|p2b: Farigiraf|slp|[from] move: Spore\n|\n|-weather|RainDance|[upkeep]\n|upkeep\n|turn|3\n|\n|t:|1725376884\n|switch|p2b: Ursaluna|Ursaluna, L50, F|100\/100\n|switch|p1a: Typhlosion|Typhlosion-Hisui, L50, M, shiny|100\/100\n|move|p2a: Lilligant|Sleep Powder|p1a: Typhlosion\n|-status|p1a: Typhlosion|slp|[from] move: Sleep Powder\n|cant|p1b: Pelipper|slp\n|\n|-weather|RainDance|[upkeep]\n|-status|p2b: Ursaluna|brn|[from] item: Flame Orb\n|upkeep\n|turn|4\n|inactive|MomeriA12 has 30 seconds left.\n|inactive|MomeriA12 has 20 seconds left.\n|\n|t:|1725376919\n|switch|p2a: Torkoal|Torkoal, L50, M|100\/100\n|-weather|SunnyDay|[from] ability: Drought|[of] p2a: Torkoal\n|switch|p1a: Amoonguss|Amoonguss, L50, F|86\/100\n|-curestatus|p1b: Pelipper|slp|[msg]\n|move|p1b: Pelipper|Weather Ball|p2b: Ursaluna\n|-damage|p2b: Ursaluna|63\/100 brn\n|move|p2b: Ursaluna|Headlong Rush|p1a: Amoonguss\n|-damage|p1a: Amoonguss|0 fnt\n|-unboost|p2b: Ursaluna|def|1\n|-unboost|p2b: Ursaluna|spd|1\n|-damage|p2b: Ursaluna|47\/100 brn|[from] item: Rocky Helmet|[of] p1a: Amoonguss\n|faint|p1a: Amoonguss\n|\n|-weather|SunnyDay|[upkeep]\n|-damage|p2b: Ursaluna|41\/100 brn|[from] brn\n|upkeep\n|\n|t:|1725376942\n|switch|p1a: Basculegion|Basculegion, L50, M, shiny|100\/100\n|turn|5\n|\n|t:|1725376959\n|switch|p2a: Lilligant|Lilligant-Hisui, L50, F|100\/100\n|-terastallize|p1a: Basculegion|Water\n|move|p2b: Ursaluna|Protect|p2b: Ursaluna\n|-singleturn|p2b: Ursaluna|Protect\n|move|p1a: Basculegion|Wave Crash|p2a: Lilligant\n|-resisted|p2a: Lilligant\n|-damage|p2a: Lilligant|68\/100\n|-damage|p1a: Basculegion|92\/100|[from] Recoil\n|move|p1b: Pelipper|Weather Ball|p2b: Ursaluna\n|-activate|p2b: Ursaluna|move: Protect\n|\n|-weather|SunnyDay|[upkeep]\n|-damage|p2b: Ursaluna|35\/100 brn|[from] brn\n|upkeep\n|turn|6\n|\n|t:|1725376978\n|-terastallize|p2b: Ursaluna|Ghost\n|move|p2a: Lilligant|Sleep Powder|p1b: Pelipper|[miss]\n|-miss|p2a: Lilligant|p1b: Pelipper\n|move|p1a: Basculegion|Wave Crash|p2b: Ursaluna\n|-damage|p2b: Ursaluna|0 fnt\n|faint|p2b: Ursaluna\n|-damage|p1a: Basculegion|79\/100|[from] Recoil\n|move|p1b: Pelipper|Weather Ball|p2a: Lilligant\n|-supereffective|p2a: Lilligant\n|-damage|p2a: Lilligant|0 fnt\n|faint|p2a: Lilligant\n|\n|-weather|SunnyDay|[upkeep]\n|upkeep\n|-message|MomeriA12 forfeited.\n|\n|win|BIO26R\n|raw|BIO26R's rating: 1660 &rarr; <strong>1683<\/strong><br \/>(+23 for winning)\n|raw|MomeriA12's rating: 1716 &rarr; <strong>1693<\/strong><br \/>(-23 for losing)\n|l|\u2606MomeriA12\n|player|p2|\n|c|\u2606BIO26R|Gg\n|l|\u2606BIO26R\n|player|p1|\n","uploadtime":1725377006,"views":25,"formatid":"gen9vgc2024regh","rating":1683,"private":0,"password":null}