{"id":"gen9vgc2024regh-2193437352","format":"[Gen 9] VGC 2024 Reg H","players":["bieiup","philosovgc-x"],"log":"|j|\u2606bieiup\n|j|\u2606philosovgc-x\n|t:|1725334186\n|gametype|doubles\n|player|p1|bieiup|lillie-z|1736\n|player|p2|philosovgc-x|medium|1819\n|teamsize|p1|6\n|teamsize|p2|6\n|gen|9\n|tier|[Gen 9] VGC 2024 Reg H\n|rated|\n|rule|Species Clause: Limit one of each Pok\u00e9mon\n|rule|Item Clause: Limit 1 of each item\n|clearpoke\n|poke|p1|Sableye, L50, M|\n|poke|p1|Sylveon, L50, F|\n|poke|p1|Dragonite, L50, M|\n|poke|p1|Gholdengo, L50|\n|poke|p1|Dondozo, L50, F|\n|poke|p1|Ursaluna-Bloodmoon, L50, M|\n|poke|p2|Lycanroc, L50, F|\n|poke|p2|Tyranitar, L50, M|\n|poke|p2|Indeedee-F, L50, F|\n|poke|p2|Murkrow, L50, F|\n|poke|p2|Garchomp, L50, M|\n|poke|p2|Gholdengo, L50|\n|teampreview|4\n|\n|t:|1725334217\n|start\n|switch|p1a: Sableye|Sableye, L50, M|100\/100\n|switch|p1b: Sylveon|Sylveon, L50, F|100\/100\n|switch|p2a: Tyranitar|Tyranitar, L50, M|100\/100\n|switch|p2b: Gholdengo|Gholdengo, L50|100\/100\n|-weather|Sandstorm|[from] ability: Sand Stream|[of] p2a: Tyranitar\n|turn|1\n|j| banded_slowbro\n|\n|t:|1725334236\n|-terastallize|p1b: Sylveon|Fire\n|move|p1a: Sableye|Fake Out|p2a: Tyranitar\n|-resisted|p2a: Tyranitar\n|-damage|p2a: Tyranitar|98\/100\n|move|p2b: Gholdengo|Nasty Plot|p2b: Gholdengo\n|-boost|p2b: Gholdengo|spa|2\n|cant|p2a: Tyranitar|flinch\n|move|p1b: Sylveon|Tera Blast|p2b: Gholdengo|[anim] Tera Blast Fire\n|-supereffective|p2b: Gholdengo\n|-damage|p2b: Gholdengo|16\/100\n|\n|-weather|Sandstorm|[upkeep]\n|-damage|p1a: Sableye|95\/100|[from] Sandstorm\n|-damage|p1b: Sylveon|95\/100|[from] Sandstorm\n|upkeep\n|turn|2\n|\n|t:|1725334245\n|move|p1a: Sableye|Encore|p1b: Sylveon\n|-start|p1b: Sylveon|Encore\n|move|p1b: Sylveon|Tera Blast|p2b: Gholdengo|[anim] Tera Blast Fire\n|-supereffective|p2b: Gholdengo\n|-damage|p2b: Gholdengo|0 fnt\n|faint|p2b: Gholdengo\n|move|p2a: Tyranitar|Rock Slide|p1a: Sableye|[spread] p1a,p1b\n|-supereffective|p1b: Sylveon\n|-damage|p1a: Sableye|47\/100\n|-damage|p1b: Sylveon|10\/100\n|\n|-weather|Sandstorm|[upkeep]\n|-damage|p1a: Sableye|41\/100|[from] Sandstorm\n|-damage|p1b: Sylveon|4\/100|[from] Sandstorm\n|upkeep\n|\n|t:|1725334249\n|switch|p2b: Lycanroc|Lycanroc, L50, F, shiny|100\/100\n|turn|3\n|\n|t:|1725334257\n|switch|p2a: Indeedee|Indeedee-F, L50, F, shiny|100\/100\n|-fieldstart|move: Psychic Terrain|[from] ability: Psychic Surge|[of] p2a: Indeedee\n|move|p1a: Sableye|Will-O-Wisp|p2b: Lycanroc\n|-activate|p2b: Lycanroc|move: Psychic Terrain\n|move|p2b: Lycanroc|Rock Slide|p1b: Sylveon|[spread] p1a,p1b\n|-supereffective|p1b: Sylveon\n|-damage|p1a: Sableye|1\/100\n|-damage|p1b: Sylveon|0 fnt\n|faint|p1b: Sylveon\n|\n|-weather|Sandstorm|[upkeep]\n|-damage|p1a: Sableye|0 fnt|[from] Sandstorm\n|faint|p1a: Sableye\n|upkeep\n|\n|t:|1725334259\n|switch|p1a: Dragonite|Dragonite, L50, M|100\/100\n|switch|p1b: Dondozo|Dondozo, L50, F|100\/100\n|turn|4\n|\n|t:|1725334268\n|move|p2a: Indeedee|Follow Me|p2a: Indeedee\n|-singleturn|p2a: Indeedee|move: Follow Me\n|move|p2b: Lycanroc|Rock Slide|p1b: Dondozo|[spread] p1a\n|-miss|p2b: Lycanroc|p1b: Dondozo\n|-supereffective|p1a: Dragonite\n|-damage|p1a: Dragonite|74\/100\n|move|p1a: Dragonite|Earthquake|p2a: Indeedee|[spread] p1b,p2a,p2b\n|-supereffective|p2b: Lycanroc\n|-damage|p1b: Dondozo|82\/100\n|-damage|p2a: Indeedee|72\/100\n|-enditem|p2b: Lycanroc|Focus Sash\n|-damage|p2b: Lycanroc|1\/100\n|move|p1b: Dondozo|Curse|p1b: Dondozo\n|-unboost|p1b: Dondozo|spe|1\n|-boost|p1b: Dondozo|atk|1\n|-boost|p1b: Dondozo|def|1\n|\n|-weather|Sandstorm|[upkeep]\n|-damage|p1a: Dragonite|68\/100|[from] Sandstorm\n|-damage|p1b: Dondozo|76\/100|[from] Sandstorm\n|upkeep\n|turn|5\n|\n|t:|1725334288\n|move|p2a: Indeedee|Protect|p2a: Indeedee\n|-singleturn|p2a: Indeedee|Protect\n|move|p2b: Lycanroc|Endeavor|p1b: Dondozo\n|-damage|p1b: Dondozo|1\/100\n|move|p1a: Dragonite|Earthquake|p2a: Indeedee|[spread] p1b,p2b\n|-activate|p2a: Indeedee|move: Protect\n|-supereffective|p2b: Lycanroc\n|-damage|p1b: Dondozo|0 fnt\n|-damage|p2b: Lycanroc|0 fnt\n|faint|p1b: Dondozo\n|faint|p2b: Lycanroc\n|\n|-weather|none\n|upkeep\n|\n|t:|1725334291\n|switch|p2b: Tyranitar|Tyranitar, L50, M|98\/100\n|-weather|Sandstorm|[from] ability: Sand Stream|[of] p2b: Tyranitar\n|turn|6\n|inactive|Battle timer is ON: inactive players will automatically lose when time's up. (requested by bieiup)\n|\n|t:|1725334295\n|-terastallize|p2b: Tyranitar|Flying\n|move|p2a: Indeedee|Psychic|p1a: Dragonite\n|-damage|p1a: Dragonite|44\/100\n|move|p1a: Dragonite|Earthquake|p2a: Indeedee|[spread] p2a\n|-immune|p2b: Tyranitar\n|-damage|p2a: Indeedee|45\/100\n|move|p2b: Tyranitar|Rock Slide|p1a: Dragonite\n|-supereffective|p1a: Dragonite\n|-damage|p1a: Dragonite|0 fnt\n|faint|p1a: Dragonite\n|\n|win|philosovgc-x\n|raw|bieiup's rating: 1736 &rarr; <strong>1721<\/strong><br \/>(-15 for losing)\n|raw|philosovgc-x's rating: 1834 &rarr; <strong>1849<\/strong><br \/>(+15 for winning)\n|l|\u2606philosovgc-x\n|player|p2|\n|l|\u2606bieiup\n|player|p1|\n|l| banded_slowbro\n|j| banded_slowbro\n|l| banded_slowbro\n|j| banded_slowbro\n|l| banded_slowbro\n","uploadtime":1725334524,"views":77,"formatid":"gen9vgc2024regh","rating":1721,"private":0,"password":null}