{"id":"gen9vgc2024regh-2193277642","format":"[Gen 9] VGC 2024 Reg H","players":["evenifyoustumble","Krisuerte"],"log":"|j|\u2606evenifyoustumble\n|j|\u2606Krisuerte\n|t:|1725315245\n|gametype|doubles\n|player|p1|evenifyoustumble|lady|1846\n|player|p2|Krisuerte|101|1739\n|teamsize|p1|6\n|teamsize|p2|6\n|gen|9\n|tier|[Gen 9] VGC 2024 Reg H\n|rated|\n|rule|Species Clause: Limit one of each Pok\u00e9mon\n|rule|Item Clause: Limit 1 of each item\n|clearpoke\n|poke|p1|Arcanine-Hisui, L50, F|\n|poke|p1|Serperior, L50, F|\n|poke|p1|Ursaluna-Bloodmoon, L50, M|\n|poke|p1|Samurott-Hisui, L50, F|\n|poke|p1|Gholdengo, L50|\n|poke|p1|Dragonite, L50, M|\n|poke|p2|Indeedee-F, L50, F|\n|poke|p2|Armarouge, L50, F|\n|poke|p2|Sinistcha-Masterpiece, L50|\n|poke|p2|Archaludon, L50, M|\n|poke|p2|Ursaluna-Bloodmoon, L50, M|\n|poke|p2|Pelipper, L50, F|\n|teampreview|4\n|inactive|Battle timer is ON: inactive players will automatically lose when time's up. (requested by evenifyoustumble)\n|j| Peroquecuones\n|\n|t:|1725315272\n|start\n|switch|p1a: Dragonite|Dragonite, L50, M|100\/100\n|switch|p1b: Gholdengo|Gholdengo, L50|100\/100\n|switch|p2a: Indeedee|Indeedee-F, L50, F|100\/100\n|switch|p2b: Armarouge|Armarouge, L50, F|100\/100\n|-fieldstart|move: Psychic Terrain|[from] ability: Psychic Surge|[of] p2a: Indeedee\n|turn|1\n|j| Trfgtred\n|\n|t:|1725315290\n|move|p2b: Armarouge|Armor Cannon|p1b: Gholdengo\n|-supereffective|p1b: Gholdengo\n|-damage|p1b: Gholdengo|0 fnt\n|-unboost|p2b: Armarouge|def|1\n|-unboost|p2b: Armarouge|spd|1\n|faint|p1b: Gholdengo\n|move|p1a: Dragonite|Ice Spinner|p2a: Indeedee\n|-damage|p2a: Indeedee|73\/100\n|-damage|p1a: Dragonite|84\/100|[from] item: Rocky Helmet|[of] p2a: Indeedee\n|-fieldend|move: Psychic Terrain\n|move|p2a: Indeedee|Psychic|p1a: Dragonite\n|-damage|p1a: Dragonite|60\/100\n|\n|upkeep\n|\n|t:|1725315295\n|switch|p1b: Ursaluna|Ursaluna-Bloodmoon, L50, M|100\/100\n|turn|2\n|\n|t:|1725315311\n|switch|p2a: Archaludon|Archaludon, L50, M|100\/100\n|move|p2b: Armarouge|Armor Cannon|p1b: Ursaluna\n|-damage|p1b: Ursaluna|58\/100\n|-unboost|p2b: Armarouge|def|1\n|-unboost|p2b: Armarouge|spd|1\n|move|p1a: Dragonite|Stomping Tantrum|p2b: Armarouge\n|-supereffective|p2b: Armarouge\n|-damage|p2b: Armarouge|0 fnt\n|faint|p2b: Armarouge\n|move|p1b: Ursaluna|Hyper Voice|p2a: Archaludon\n|-resisted|p2a: Archaludon\n|-damage|p2a: Archaludon|78\/100\n|-ability|p2a: Archaludon|Stamina|boost\n|-boost|p2a: Archaludon|def|1\n|\n|upkeep\n|j| Hariyama Lover\n|\n|t:|1725315327\n|switch|p2b: Pelipper|Pelipper, L50, F|100\/100\n|-weather|RainDance|[from] ability: Drizzle|[of] p2b: Pelipper\n|turn|3\n|\n|t:|1725315352\n|-terastallize|p1b: Ursaluna|Ghost\n|move|p1a: Dragonite|Ice Spinner|p2a: Archaludon\n|-damage|p2a: Archaludon|63\/100\n|-ability|p2a: Archaludon|Stamina|boost\n|-boost|p2a: Archaludon|def|1\n|move|p2a: Archaludon|Electro Shot||[still]\n|-prepare|p2a: Archaludon|Electro Shot\n|-boost|p2a: Archaludon|spa|1\n|-anim|p2a: Archaludon|Electro Shot|p1a: Dragonite\n|-damage|p1a: Dragonite|2\/100\n|move|p2b: Pelipper|Weather Ball|p1b: Ursaluna\n|-damage|p1b: Ursaluna|16\/100\n|move|p1b: Ursaluna|Blood Moon|p2b: Pelipper\n|-enditem|p2b: Pelipper|Focus Sash\n|-damage|p2b: Pelipper|1\/100\n|\n|-weather|RainDance|[upkeep]\n|upkeep\n|turn|4\n|\n|t:|1725315376\n|move|p2b: Pelipper|Protect|p2b: Pelipper\n|-singleturn|p2b: Pelipper|Protect\n|move|p1b: Ursaluna|Vacuum Wave|p2b: Pelipper\n|-activate|p2b: Pelipper|move: Protect\n|move|p1a: Dragonite|Haze|p1a: Dragonite\n|-clearallboost\n|move|p2a: Archaludon|Electro Shot||[still]\n|-prepare|p2a: Archaludon|Electro Shot\n|-boost|p2a: Archaludon|spa|1\n|-anim|p2a: Archaludon|Electro Shot|p1b: Ursaluna\n|-damage|p1b: Ursaluna|0 fnt\n|faint|p1b: Ursaluna\n|\n|-weather|RainDance|[upkeep]\n|upkeep\n|\n|t:|1725315378\n|switch|p1b: Arcanine|Arcanine-Hisui, L50, F, shiny|100\/100\n|turn|5\n|inactive|Krisuerte has 30 seconds left.\n|inactive|Krisuerte has 20 seconds left.\n|\n|t:|1725315415\n|switch|p2b: Indeedee|Indeedee-F, L50, F|73\/100\n|-fieldstart|move: Psychic Terrain|[from] ability: Psychic Surge|[of] p2b: Indeedee\n|-terastallize|p2a: Archaludon|Electric\n|move|p1b: Arcanine|Head Smash|p2a: Archaludon\n|-damage|p2a: Archaludon|4\/100\n|-ability|p2a: Archaludon|Stamina|boost\n|-boost|p2a: Archaludon|def|1\n|move|p1a: Dragonite|Stomping Tantrum|p2a: Archaludon\n|-supereffective|p2a: Archaludon\n|-damage|p2a: Archaludon|0 fnt\n|faint|p2a: Archaludon\n|\n|-weather|RainDance|[upkeep]\n|upkeep\n|l| Trfgtred\n|\n|t:|1725315432\n|switch|p2a: Pelipper|Pelipper, L50, F|1\/100\n|turn|6\n|\n|t:|1725315454\n|move|p1b: Arcanine|Protect|p1b: Arcanine\n|-singleturn|p1b: Arcanine|Protect\n|move|p2a: Pelipper|Protect|p2a: Pelipper\n|-singleturn|p2a: Pelipper|Protect\n|move|p1a: Dragonite|Haze|p1a: Dragonite\n|-clearallboost\n|move|p2b: Indeedee|Trick Room|p2b: Indeedee\n|-fieldstart|move: Trick Room|[of] p2b: Indeedee\n|\n|-weather|RainDance|[upkeep]\n|upkeep\n|turn|7\n|\n|t:|1725315474\n|move|p2b: Indeedee|Follow Me|p2b: Indeedee\n|-singleturn|p2b: Indeedee|move: Follow Me\n|move|p1b: Arcanine|Extreme Speed|p2b: Indeedee\n|-activate|p2b: Indeedee|move: Psychic Terrain\n|move|p2a: Pelipper|Weather Ball|p1b: Arcanine\n|-supereffective|p1b: Arcanine\n|-enditem|p1b: Arcanine|Focus Sash\n|-damage|p1b: Arcanine|1\/100\n|move|p1a: Dragonite|Ice Spinner|p2b: Indeedee\n|-damage|p2b: Indeedee|47\/100\n|-damage|p1a: Dragonite|0 fnt|[from] item: Rocky Helmet|[of] p2b: Indeedee\n|faint|p1a: Dragonite\n|\n|-weather|none\n|upkeep\n|turn|8\n|\n|t:|1725315493\n|move|p2b: Indeedee|Follow Me|p2b: Indeedee\n|-singleturn|p2b: Indeedee|move: Follow Me\n|move|p1b: Arcanine|Extreme Speed|p2b: Indeedee\n|-activate|p2b: Indeedee|move: Psychic Terrain\n|move|p2a: Pelipper|Weather Ball|p1b: Arcanine\n|-resisted|p1b: Arcanine\n|-damage|p1b: Arcanine|0 fnt\n|faint|p1b: Arcanine\n|\n|win|Krisuerte\n|raw|evenifyoustumble's rating: 1846 &rarr; <strong>1820<\/strong><br \/>(-26 for losing)\n|raw|Krisuerte's rating: 1739 &rarr; <strong>1765<\/strong><br \/>(+26 for winning)\n|l| Peroquecuones\n|l|\u2606evenifyoustumble\n|player|p1|\n|l|\u2606Krisuerte\n|player|p2|\n","uploadtime":1725315564,"views":278,"formatid":"gen9vgc2024regh","rating":1765,"private":0,"password":null}