{"id":"gen9vgc2024regh-2194124834","format":"[Gen 9] VGC 2024 Reg H","players":["Becccca","bieiup"],"log":"|j|\u2606Becccca\n|j|\u2606bieiup\n|t:|1725417906\n|gametype|doubles\n|player|p1|Becccca|170|1648\n|player|p2|bieiup|lillie-z|1741\n|teamsize|p1|6\n|teamsize|p2|6\n|gen|9\n|tier|[Gen 9] VGC 2024 Reg H\n|rated|\n|rule|Species Clause: Limit one of each Pok\u00e9mon\n|rule|Item Clause: Limit 1 of each item\n|clearpoke\n|poke|p1|Talonflame, L50, F|\n|poke|p1|Garchomp, L50, M|\n|poke|p1|Gengar, L50, F|\n|poke|p1|Hydreigon, L50, M|\n|poke|p1|Gholdengo, L50|\n|poke|p1|Flamigo, L50, F|\n|poke|p2|Sableye, L50, M|\n|poke|p2|Dondozo, L50, M|\n|poke|p2|Sylveon, L50, F|\n|poke|p2|Dragonite, L50, M|\n|poke|p2|Gholdengo, L50|\n|poke|p2|Ursaluna-Bloodmoon, L50, M|\n|teampreview|4\n|\n|t:|1725417941\n|start\n|switch|p1a: Talonflame|Talonflame, L50, F|100\/100\n|switch|p1b: Gholdengo|Gholdengo, L50|100\/100\n|switch|p2a: Sableye|Sableye, L50, M|100\/100\n|switch|p2b: Sylveon|Sylveon, L50, F|100\/100\n|turn|1\n|inactive|Battle timer is ON: inactive players will automatically lose when time's up. (requested by Becccca)\n|inactive|bieiup also wants the timer to be on.\n|\n|t:|1725417971\n|-terastallize|p2b: Sylveon|Fire\n|move|p1a: Talonflame|Brave Bird|p2a: Sableye\n|-damage|p2a: Sableye|41\/100\n|-damage|p1a: Talonflame|82\/100|[from] Recoil\n|move|p2a: Sableye|Light Screen|p2a: Sableye\n|-sidestart|p2: bieiup|move: Light Screen\n|move|p1b: Gholdengo|Make It Rain|p2a: Sableye|[spread] p2a,p2b\n|-resisted|p2b: Sylveon\n|-damage|p2a: Sableye|0 fnt\n|-damage|p2b: Sylveon|83\/100\n|-unboost|p1b: Gholdengo|spa|1\n|faint|p2a: Sableye\n|move|p2b: Sylveon|Tera Blast|p1b: Gholdengo|[anim] Tera Blast Fire\n|-supereffective|p1b: Gholdengo\n|-damage|p1b: Gholdengo|22\/100\n|\n|upkeep\n|\n|t:|1725417986\n|switch|p2a: Gholdengo|Gholdengo, L50|100\/100\n|turn|2\n|\n|t:|1725417998\n|move|p2a: Gholdengo|Shadow Ball|p1a: Talonflame\n|-damage|p1a: Talonflame|10\/100\n|move|p1a: Talonflame|Brave Bird|p2b: Sylveon\n|-damage|p2b: Sylveon|31\/100\n|-damage|p1a: Talonflame|0 fnt|[from] Recoil\n|faint|p1a: Talonflame\n|move|p1b: Gholdengo|Make It Rain|p2a: Gholdengo|[spread] p2a,p2b\n|-resisted|p2a: Gholdengo\n|-resisted|p2b: Sylveon\n|-damage|p2a: Gholdengo|81\/100\n|-damage|p2b: Sylveon|20\/100\n|-unboost|p1b: Gholdengo|spa|1\n|move|p2b: Sylveon|Hyper Voice|p1b: Gholdengo\n|-resisted|p1b: Gholdengo\n|-damage|p1b: Gholdengo|0 fnt\n|faint|p1b: Gholdengo\n|-enditem|p2b: Sylveon|Throat Spray\n|-boost|p2b: Sylveon|spa|1|[from] item: Throat Spray\n|\n|upkeep\n|\n|t:|1725418020\n|switch|p1a: Garchomp|Garchomp, L50, M|100\/100\n|switch|p1b: Gengar|Gengar, L50, F|100\/100\n|turn|3\n|\n|t:|1725418038\n|move|p1b: Gengar|Protect|p1b: Gengar\n|-singleturn|p1b: Gengar|Protect\n|move|p2b: Sylveon|Quick Attack|p1b: Gengar\n|-activate|p1b: Gengar|move: Protect\n|move|p2a: Gholdengo|Shadow Ball|p1b: Gengar\n|-activate|p1b: Gengar|move: Protect\n|move|p1a: Garchomp|Earthquake|p2a: Gholdengo|[spread] p2a,p2b\n|-activate|p1b: Gengar|move: Protect\n|-supereffective|p2a: Gholdengo\n|-supereffective|p2b: Sylveon\n|-damage|p2a: Gholdengo|0 fnt\n|-damage|p2b: Sylveon|0 fnt\n|faint|p2a: Gholdengo\n|faint|p2b: Sylveon\n|\n|upkeep\n|\n|t:|1725418044\n|switch|p2a: Dragonite|Dragonite, L50, M|100\/100\n|turn|4\n|j| Rabbithorn01\n|\n|t:|1725418059\n|-terastallize|p1a: Garchomp|Steel\n|move|p1b: Gengar|Shadow Ball|p2a: Dragonite\n|-damage|p2a: Dragonite|92\/100\n|move|p1a: Garchomp|Rock Slide|p2a: Dragonite|[miss]\n|-miss|p1a: Garchomp|p2a: Dragonite\n|move|p2a: Dragonite|Outrage|p1b: Gengar\n|-enditem|p1b: Gengar|Focus Sash\n|-damage|p1b: Gengar|1\/100\n|\n|upkeep\n|turn|5\n|\n|t:|1725418073\n|move|p1b: Gengar|Shadow Ball|p2a: Dragonite\n|-damage|p2a: Dragonite|75\/100\n|move|p1a: Garchomp|Rock Slide|p2a: Dragonite\n|-supereffective|p2a: Dragonite\n|-damage|p2a: Dragonite|23\/100\n|move|p2a: Dragonite|Outrage|p1a: Garchomp|[from]lockedmove\n|-resisted|p1a: Garchomp\n|-damage|p1a: Garchomp|70\/100\n|-damage|p2a: Dragonite|11\/100|[from] ability: Rough Skin|[of] p1a: Garchomp\n|-start|p2a: Dragonite|confusion|[fatigue]\n|\n|-sideend|p2: bieiup|move: Light Screen\n|upkeep\n|turn|6\n|\n|t:|1725418088\n|move|p1b: Gengar|Shadow Ball|p2a: Dragonite\n|-damage|p2a: Dragonite|0 fnt\n|faint|p2a: Dragonite\n|\n|win|Becccca\n|raw|Becccca's rating: 1648 &rarr; <strong>1673<\/strong><br \/>(+25 for winning)\n|raw|bieiup's rating: 1741 &rarr; <strong>1716<\/strong><br \/>(-25 for losing)\n|l|\u2606bieiup\n|player|p2|\n|l|\u2606Becccca\n|player|p1|\n","uploadtime":1725418147,"views":37,"formatid":"gen9vgc2024regh","rating":1673,"private":0,"password":null}