{"id":"gen9vgc2024regh-2194114315","format":"[Gen 9] VGC 2024 Reg H","players":["bieiup","philosovgc-x"],"log":"|j|\u2606bieiup\n|j|\u2606philosovgc-x\n|t:|1725416594\n|gametype|doubles\n|player|p1|bieiup|lillie-z|1721\n|player|p2|philosovgc-x|medium|1846\n|teamsize|p1|6\n|teamsize|p2|6\n|gen|9\n|tier|[Gen 9] VGC 2024 Reg H\n|rated|\n|rule|Species Clause: Limit one of each Pok\u00e9mon\n|rule|Item Clause: Limit 1 of each item\n|clearpoke\n|poke|p1|Sableye, L50, M|\n|poke|p1|Dondozo, L50, M|\n|poke|p1|Sylveon, L50, F|\n|poke|p1|Dragonite, L50, F|\n|poke|p1|Gholdengo, L50|\n|poke|p1|Ursaluna-Bloodmoon, L50, M|\n|poke|p2|Lycanroc, L50, F|\n|poke|p2|Tyranitar, L50, M|\n|poke|p2|Indeedee-F, L50, F|\n|poke|p2|Murkrow, L50, M|\n|poke|p2|Garchomp, L50, M|\n|poke|p2|Gholdengo, L50|\n|teampreview|4\n|j| garonpappa\n|inactive|Battle timer is ON: inactive players will automatically lose when time's up. (requested by bieiup)\n|j| SGillfish\n|inactive|bieiup has 60 seconds left.\nphilosovgc-x has agreed to open team sheets.\n|j| Gab92\n|\n|t:|1725416718\n|start\n|switch|p1a: Sableye|Sableye, L50, M|100\/100\n|switch|p1b: Gholdengo|Gholdengo, L50|100\/100\n|switch|p2a: Lycanroc|Lycanroc, L50, F, shiny|100\/100\n|switch|p2b: Tyranitar|Tyranitar, L50, M|100\/100\n|-weather|Sandstorm|[from] ability: Sand Stream|[of] p2b: Tyranitar\n|turn|1\n|\n|t:|1725416739\n|switch|p2a: Indeedee|Indeedee-F, L50, F, shiny|100\/100\n|-fieldstart|move: Psychic Terrain|[from] ability: Psychic Surge|[of] p2a: Indeedee\n|move|p1a: Sableye|Fake Out|p2a: Indeedee\n|-activate|p2a: Indeedee|move: Psychic Terrain\n|move|p1b: Gholdengo|Make It Rain|p2b: Tyranitar|[spread] p2a,p2b\n|-supereffective|p2b: Tyranitar\n|-damage|p2a: Indeedee|54\/100\n|-damage|p2b: Tyranitar|62\/100\n|-unboost|p1b: Gholdengo|spa|1\n|move|p2b: Tyranitar|Knock Off|p1b: Gholdengo\n|-supereffective|p1b: Gholdengo\n|-damage|p1b: Gholdengo|0 fnt\n|-enditem|p1b: Gholdengo|Choice Scarf|[from] move: Knock Off|[of] p2b: Tyranitar\n|faint|p1b: Gholdengo\n|\n|-weather|Sandstorm|[upkeep]\n|-damage|p1a: Sableye|95\/100|[from] Sandstorm\n|upkeep\n|\n|t:|1725416742\n|switch|p1b: Sylveon|Sylveon, L50, F|100\/100\n|turn|2\n|\n|t:|1725416747\n|move|p1a: Sableye|Light Screen|p1a: Sableye\n|-sidestart|p1: bieiup|move: Light Screen\n|move|p2a: Indeedee|Psychic|p1a: Sableye\n|-immune|p1a: Sableye\n|move|p2b: Tyranitar|Rock Slide|p1b: Sylveon|[spread] p1a,p1b\n|-damage|p1a: Sableye|51\/100\n|-damage|p1b: Sylveon|61\/100\n|move|p1b: Sylveon|Hyper Voice|p2b: Tyranitar|[spread] p2a,p2b\n|-crit|p2a: Indeedee\n|-supereffective|p2b: Tyranitar\n|-damage|p2a: Indeedee|0 fnt\n|-damage|p2b: Tyranitar|28\/100\n|faint|p2a: Indeedee\n|-enditem|p1b: Sylveon|Throat Spray\n|-boost|p1b: Sylveon|spa|1|[from] item: Throat Spray\n|\n|-weather|Sandstorm|[upkeep]\n|-damage|p1a: Sableye|45\/100|[from] Sandstorm\n|-damage|p1b: Sylveon|55\/100|[from] Sandstorm\n|upkeep\n|\n|t:|1725416749\n|switch|p2a: Gholdengo|Gholdengo, L50|100\/100\n|turn|3\n|\n|t:|1725416768\n|move|p1b: Sylveon|Protect|p1b: Sylveon\n|-singleturn|p1b: Sylveon|Protect\n|move|p1a: Sableye|Will-O-Wisp|p2a: Gholdengo\n|-activate|p2a: Gholdengo|move: Psychic Terrain\n|move|p2a: Gholdengo|Make It Rain|p1a: Sableye|[spread] p1a\n|-activate|p1b: Sylveon|move: Protect\n|-damage|p1a: Sableye|0 fnt\n|-unboost|p2a: Gholdengo|spa|1\n|faint|p1a: Sableye\n|-damage|p2a: Gholdengo|91\/100|[from] item: Life Orb\n|move|p2b: Tyranitar|Rock Slide|p1b: Sylveon\n|-activate|p1b: Sylveon|move: Protect\n|\n|-weather|Sandstorm|[upkeep]\n|-damage|p1b: Sylveon|49\/100|[from] Sandstorm\n|upkeep\n|\n|t:|1725416769\n|switch|p1a: Ursaluna|Ursaluna-Bloodmoon, L50, M|100\/100\n|turn|4\n|\n|t:|1725416791\n|-terastallize|p1b: Sylveon|Fire\n|move|p2a: Gholdengo|Protect|p2a: Gholdengo\n|-singleturn|p2a: Gholdengo|Protect\n|move|p2b: Tyranitar|Knock Off|p1a: Ursaluna\n|-damage|p1a: Ursaluna|59\/100\n|-enditem|p1a: Ursaluna|Life Orb|[from] move: Knock Off|[of] p2b: Tyranitar\n|move|p1b: Sylveon|Hyper Voice|p2b: Tyranitar|[spread] p2b\n|-activate|p2a: Gholdengo|move: Protect\n|-supereffective|p2b: Tyranitar\n|-damage|p2b: Tyranitar|0 fnt\n|faint|p2b: Tyranitar\n|move|p1a: Ursaluna|Earth Power|p2a: Gholdengo\n|-activate|p2a: Gholdengo|move: Protect\n|\n|-weather|Sandstorm|[upkeep]\n|-damage|p1b: Sylveon|43\/100|[from] Sandstorm\n|upkeep\n|\n|t:|1725416794\n|switch|p2b: Lycanroc|Lycanroc, L50, F, shiny|100\/100\n|turn|5\n|\n|t:|1725416816\n|-terastallize|p2a: Gholdengo|Steel\n|move|p1b: Sylveon|Protect|p1b: Sylveon\n|-singleturn|p1b: Sylveon|Protect\n|move|p2b: Lycanroc|Close Combat|p1a: Ursaluna\n|-supereffective|p1a: Ursaluna\n|-damage|p1a: Ursaluna|6\/100\n|-unboost|p2b: Lycanroc|def|1\n|-unboost|p2b: Lycanroc|spd|1\n|move|p2a: Gholdengo|Make It Rain|p1b: Sylveon|[spread] p1a\n|-activate|p1b: Sylveon|move: Protect\n|-damage|p1a: Ursaluna|0 fnt\n|-unboost|p2a: Gholdengo|spa|1\n|faint|p1a: Ursaluna\n|-damage|p2a: Gholdengo|81\/100|[from] item: Life Orb\n|\n|-weather|none\n|-fieldend|move: Psychic Terrain\n|upkeep\n|turn|6\n|\n|t:|1725416834\n|move|p2b: Lycanroc|Rock Slide|p1b: Sylveon|[miss]\n|-miss|p2b: Lycanroc|p1b: Sylveon\n|move|p2a: Gholdengo|Nasty Plot|p2a: Gholdengo\n|-boost|p2a: Gholdengo|spa|2\n|move|p1b: Sylveon|Hyper Voice|p2a: Gholdengo|[spread] p2a,p2b\n|-resisted|p2a: Gholdengo\n|-damage|p2a: Gholdengo|45\/100\n|-enditem|p2b: Lycanroc|Focus Sash\n|-damage|p2b: Lycanroc|1\/100\n|\n|-sideend|p1: bieiup|move: Light Screen\n|upkeep\n|turn|7\n|\n|t:|1725416840\n|move|p1b: Sylveon|Protect|p1b: Sylveon\n|-singleturn|p1b: Sylveon|Protect\n|move|p2b: Lycanroc|Rock Slide|p1b: Sylveon\n|-activate|p1b: Sylveon|move: Protect\n|move|p2a: Gholdengo|Shadow Ball|p1b: Sylveon\n|-activate|p1b: Sylveon|move: Protect\n|\n|upkeep\n|turn|8\n|\n|t:|1725416847\n|move|p2b: Lycanroc|Rock Slide|p1b: Sylveon\n|-supereffective|p1b: Sylveon\n|-damage|p1b: Sylveon|0 fnt\n|faint|p1b: Sylveon\n|\n|win|philosovgc-x\n|raw|bieiup's rating: 1721 &rarr; <strong>1708<\/strong><br \/>(-13 for losing)\n|raw|philosovgc-x's rating: 1846 &rarr; <strong>1859<\/strong><br \/>(+13 for winning)\n|l|\u2606bieiup\n|player|p1|\n|l|\u2606philosovgc-x\n|player|p2|\n|l| Gab92\n|l| garonpappa\n","uploadtime":1725416996,"views":70,"formatid":"gen9vgc2024regh","rating":1708,"private":0,"password":null}