{"id":"gen9vgc2024regh-2194839281","format":"[Gen 9] VGC 2024 Reg H","players":["WobCob","CarryTheBoats"],"log":"|j|\u2606WobCob\n|j|\u2606CarryTheBoats\n|t:|1725505223\n|gametype|doubles\n|player|p1|WobCob|caitlin|1679\n|player|p2|CarryTheBoats|crasherwake|1731\n|teamsize|p1|6\n|teamsize|p2|6\n|gen|9\n|tier|[Gen 9] VGC 2024 Reg H\n|rated|\n|rule|Species Clause: Limit one of each Pok\u00e9mon\n|rule|Item Clause: Limit 1 of each item\n|clearpoke\n|poke|p1|Lycanroc, L50, F|\n|poke|p1|Garchomp, L50, F|\n|poke|p1|Volcarona, L50, F|\n|poke|p1|Corviknight, L50, F|\n|poke|p1|Tyranitar, L50, F|\n|poke|p1|Amoonguss, L50, F|\n|poke|p2|Amoonguss, L50, M|\n|poke|p2|Porygon2, L50|\n|poke|p2|Ursaluna, L50, F|\n|poke|p2|Tyranitar, L50, M|\n|poke|p2|Tauros-Paldea-Blaze, L50, M|\n|poke|p2|Basculegion, L50, M|\n|teampreview|4\n|inactive|Battle timer is ON: inactive players will automatically lose when time's up. (requested by WobCob)\n|inactive|WobCob has 60 seconds left.\n|\n|t:|1725505272\n|start\n|switch|p1a: Corviknight|Corviknight, L50, F, shiny|100\/100\n|switch|p1b: Garchomp|Garchomp, L50, F|100\/100\n|switch|p2a: Tauros|Tauros-Paldea-Blaze, L50, M|100\/100\n|switch|p2b: Porygon2|Porygon2, L50|100\/100\n|-ability|p2a: Tauros|Intimidate|boost\n|-ability|p1a: Corviknight|Mirror Armor\n|-unboost|p2a: Tauros|atk|1\n|-unboost|p1b: Garchomp|atk|1\n|-ability|p2b: Porygon2|Download|boost\n|-boost|p2b: Porygon2|spa|1\n|turn|1\n|j| gffdghs\n|\n|t:|1725505295\n|move|p1b: Garchomp|Earthquake|p2a: Tauros|[spread] p2a,p2b\n|-immune|p1a: Corviknight\n|-supereffective|p2a: Tauros\n|-damage|p2a: Tauros|28\/100\n|-damage|p2b: Porygon2|82\/100\n|-damage|p1b: Garchomp|91\/100|[from] item: Life Orb\n|move|p2a: Tauros|Will-O-Wisp|p1a: Corviknight\n|-status|p1a: Corviknight|brn\n|move|p1a: Corviknight|Bulk Up|p1a: Corviknight\n|-boost|p1a: Corviknight|atk|1\n|-boost|p1a: Corviknight|def|1\n|move|p2b: Porygon2|Ice Beam|p1b: Garchomp\n|-supereffective|p1b: Garchomp\n|-damage|p1b: Garchomp|0 fnt\n|faint|p1b: Garchomp\n|\n|-damage|p1a: Corviknight|95\/100 brn|[from] brn\n|upkeep\n|\n|t:|1725505311\n|switch|p1b: Tyranitar|Tyranitar, L50, F, shiny|100\/100\n|-weather|Sandstorm|[from] ability: Sand Stream|[of] p1b: Tyranitar\n|turn|2\n|\n|t:|1725505322\n|switch|p1b: Amoonguss|Amoonguss, L50, F, shiny|100\/100\n|move|p2a: Tauros|Will-O-Wisp|p1b: Amoonguss|[miss]\n|-miss|p2a: Tauros|p1b: Amoonguss\n|move|p1a: Corviknight|Bulk Up|p1a: Corviknight\n|-boost|p1a: Corviknight|atk|1\n|-boost|p1a: Corviknight|def|1\n|move|p2b: Porygon2|Trick Room|p2b: Porygon2\n|-fieldstart|move: Trick Room|[of] p2b: Porygon2\n|\n|-weather|Sandstorm|[upkeep]\n|-damage|p1b: Amoonguss|95\/100|[from] Sandstorm\n|-damage|p2b: Porygon2|76\/100|[from] Sandstorm\n|-damage|p1a: Corviknight|89\/100 brn|[from] brn\n|upkeep\n|turn|3\n|\n|t:|1725505352\n|move|p1b: Amoonguss|Spore|p2a: Tauros\n|-activate|p2a: Tauros|item: Safety Goggles|Spore\n|move|p2b: Porygon2|Ice Beam|p1b: Amoonguss\n|-supereffective|p1b: Amoonguss\n|-damage|p1b: Amoonguss|29\/100\n|-enditem|p1b: Amoonguss|Sitrus Berry|[eat]\n|-heal|p1b: Amoonguss|54\/100|[from] item: Sitrus Berry\n|move|p1a: Corviknight|Bulk Up|p1a: Corviknight\n|-boost|p1a: Corviknight|atk|1\n|-boost|p1a: Corviknight|def|1\n|move|p2a: Tauros|Flare Blitz|p1b: Amoonguss\n|-supereffective|p1b: Amoonguss\n|-damage|p1b: Amoonguss|0 fnt\n|faint|p1b: Amoonguss\n|-damage|p2a: Tauros|4\/100|[from] Recoil\n|\n|-weather|Sandstorm|[upkeep]\n|-damage|p2b: Porygon2|70\/100|[from] Sandstorm\n|-damage|p1a: Corviknight|83\/100 brn|[from] brn\n|upkeep\n|\n|t:|1725505368\n|switch|p1b: Tyranitar|Tyranitar, L50, F, shiny|100\/100\n|turn|4\n|\n|t:|1725505385\n|switch|p2a: Tyranitar|Tyranitar, L50, M|100\/100\n|-terastallize|p2b: Porygon2|Fighting\n|move|p2b: Porygon2|Tera Blast|p1b: Tyranitar|[anim] Tera Blast Fighting\n|-supereffective|p1b: Tyranitar\n|-damage|p1b: Tyranitar|25\/100\n|move|p1b: Tyranitar|Rock Slide|p2b: Porygon2|[spread] p2b\n|-miss|p1b: Tyranitar|p2a: Tyranitar\n|-resisted|p2b: Porygon2\n|-damage|p2b: Porygon2|61\/100\n|move|p1a: Corviknight|Brave Bird|p2b: Porygon2\n|-supereffective|p2b: Porygon2\n|-damage|p2b: Porygon2|0 fnt\n|faint|p2b: Porygon2\n|-damage|p1a: Corviknight|64\/100 brn|[from] Recoil\n|\n|-weather|Sandstorm|[upkeep]\n|-damage|p1a: Corviknight|59\/100 brn|[from] brn\n|upkeep\n|\n|t:|1725505401\n|switch|p2b: Ursaluna|Ursaluna, L50, F|100\/100\n|turn|5\n|\n|t:|1725505417\n|move|p2b: Ursaluna|Facade|p1b: Tyranitar\n|-resisted|p1b: Tyranitar\n|-damage|p1b: Tyranitar|8\/100\n|move|p1b: Tyranitar|Low Kick|p2a: Tyranitar\n|-supereffective|p2a: Tyranitar\n|-damage|p2a: Tyranitar|0 fnt\n|faint|p2a: Tyranitar\n|move|p1a: Corviknight|Bulk Up|p1a: Corviknight\n|-boost|p1a: Corviknight|atk|1\n|-boost|p1a: Corviknight|def|1\n|\n|-weather|Sandstorm|[upkeep]\n|-damage|p1a: Corviknight|53\/100 brn|[from] brn\n|-status|p2b: Ursaluna|brn|[from] item: Flame Orb\n|upkeep\n|\n|t:|1725505422\n|switch|p2a: Tauros|Tauros-Paldea-Blaze, L50, M|4\/100\n|-ability|p2a: Tauros|Intimidate|boost\n|-ability|p1a: Corviknight|Mirror Armor\n|-unboost|p2a: Tauros|atk|1\n|-unboost|p1b: Tyranitar|atk|1\n|turn|6\n|inactive|CarryTheBoats has 30 seconds left.\n|\n|t:|1725505447\n|-terastallize|p1b: Tyranitar|Flying\n|move|p2b: Ursaluna|Facade|p1b: Tyranitar\n|-damage|p1b: Tyranitar|0 fnt\n|faint|p1b: Tyranitar\n|move|p1a: Corviknight|Roost|p1a: Corviknight\n|-heal|p1a: Corviknight|100\/100 brn\n|-singleturn|p1a: Corviknight|move: Roost\n|move|p2a: Tauros|Close Combat|p1a: Corviknight\n|-supereffective|p1a: Corviknight\n|-damage|p1a: Corviknight|80\/100 brn\n|-unboost|p2a: Tauros|def|1\n|-unboost|p2a: Tauros|spd|1\n|-damage|p2a: Tauros|0 fnt|[from] item: Rocky Helmet|[of] p1a: Corviknight\n|faint|p2a: Tauros\n|\n|-weather|none\n|-damage|p2b: Ursaluna|95\/100 brn|[from] brn\n|-damage|p1a: Corviknight|74\/100 brn|[from] brn\n|-fieldend|move: Trick Room\n|upkeep\n|turn|7\n|\n|t:|1725505467\n|move|p1a: Corviknight|Bulk Up|p1a: Corviknight\n|-boost|p1a: Corviknight|atk|1\n|-boost|p1a: Corviknight|def|1\n|move|p2b: Ursaluna|Facade|p1a: Corviknight\n|-resisted|p1a: Corviknight\n|-damage|p1a: Corviknight|59\/100 brn\n|-damage|p2b: Ursaluna|78\/100 brn|[from] item: Rocky Helmet|[of] p1a: Corviknight\n|\n|-damage|p1a: Corviknight|53\/100 brn|[from] brn\n|-damage|p2b: Ursaluna|72\/100 brn|[from] brn\n|upkeep\n|turn|8\n|\n|t:|1725505477\n|move|p1a: Corviknight|Brave Bird|p2b: Ursaluna\n|-damage|p2b: Ursaluna|19\/100 brn\n|-damage|p1a: Corviknight|32\/100 brn|[from] Recoil\n|move|p2b: Ursaluna|Facade|p1a: Corviknight\n|-resisted|p1a: Corviknight\n|-damage|p1a: Corviknight|18\/100 brn\n|-damage|p2b: Ursaluna|3\/100 brn|[from] item: Rocky Helmet|[of] p1a: Corviknight\n|\n|-damage|p1a: Corviknight|12\/100 brn|[from] brn\n|-damage|p2b: Ursaluna|0 fnt|[from] brn\n|faint|p2b: Ursaluna\n|\n|win|WobCob\n|upkeep\n|raw|WobCob's rating: 1679 &rarr; <strong>1702<\/strong><br \/>(+23 for winning)\n|raw|CarryTheBoats's rating: 1731 &rarr; <strong>1708<\/strong><br \/>(-23 for losing)\n|l|\u2606CarryTheBoats\n|player|p2|\n|l|\u2606WobCob\n|player|p1|\n","uploadtime":1725505638,"views":46,"formatid":"gen9vgc2024regh","rating":1702,"private":0,"password":null}