{"id":"gen9vgc2024regh-2194004675","format":"[Gen 9] VGC 2024 Reg H","players":["TwitterJasePokemon","rexonagirl"],"log":"|j|\u2606TwitterJasePokemon\n|j|\u2606rexonagirl\n|t:|1725403564\n|gametype|doubles\n|player|p1|TwitterJasePokemon|lucas|1644\n|player|p2|rexonagirl|grimsley-masters|1698\n|teamsize|p1|6\n|teamsize|p2|6\n|gen|9\n|tier|[Gen 9] VGC 2024 Reg H\n|rated|\n|rule|Species Clause: Limit one of each Pok\u00e9mon\n|rule|Item Clause: Limit 1 of each item\n|clearpoke\n|poke|p1|Archaludon, L50, F|\n|poke|p1|Murkrow, L50, M|\n|poke|p1|Garchomp, L50, F|\n|poke|p1|Gholdengo, L50|\n|poke|p1|Tyranitar, L50, F|\n|poke|p1|Armarouge, L50, M|\n|poke|p2|Archaludon, L50, F|\n|poke|p2|Ursaluna-Bloodmoon, L50, M|\n|poke|p2|Rillaboom, L50, M|\n|poke|p2|Pelipper, L50, F|\n|poke|p2|Incineroar, L50, M|\n|poke|p2|Farigiraf, L50, F|\n|teampreview|4\n|inactive|Battle timer is ON: inactive players will automatically lose when time's up. (requested by TwitterJasePokemon)\n|inactive|rexonagirl also wants the timer to be on.\n|inactive|rexonagirl has 60 seconds left.\n|inactive|rexonagirl has 30 seconds left.\n|inactive|rexonagirl has 20 seconds left.\n|inactive|rexonagirl has 15 seconds left.\n|\n|t:|1725403640\n|start\n|switch|p1a: Gholdengo|Gholdengo, L50|100\/100\n|switch|p1b: Archaludon|Archaludon, L50, F|100\/100\n|switch|p2a: Incineroar|Incineroar, L50, M|100\/100\n|switch|p2b: Farigiraf|Farigiraf, L50, F|100\/100\n|-ability|p2a: Incineroar|Intimidate|boost\n|-unboost|p1a: Gholdengo|atk|1\n|-unboost|p1b: Archaludon|atk|1\n|turn|1\n|\n|t:|1725403657\n|move|p2b: Farigiraf|Protect|p2b: Farigiraf\n|-singleturn|p2b: Farigiraf|Protect\n|move|p1a: Gholdengo|Make It Rain|p2b: Farigiraf|[spread] p2a\n|-activate|p2b: Farigiraf|move: Protect\n|-resisted|p2a: Incineroar\n|-damage|p2a: Incineroar|69\/100\n|-unboost|p1a: Gholdengo|spa|1\n|move|p1b: Archaludon|Electro Shot||[still]\n|-prepare|p1b: Archaludon|Electro Shot\n|-boost|p1b: Archaludon|spa|1\n|-enditem|p1b: Archaludon|Power Herb\n|-anim|p1b: Archaludon|Electro Shot|p2b: Farigiraf\n|-activate|p2b: Farigiraf|move: Protect\n|move|p2a: Incineroar|Knock Off|p1a: Gholdengo\n|-supereffective|p1a: Gholdengo\n|-damage|p1a: Gholdengo|16\/100\n|-enditem|p1a: Gholdengo|Choice Specs|[from] move: Knock Off|[of] p2a: Incineroar\n|\n|upkeep\n|turn|2\n|inactive|rexonagirl has 30 seconds left.\n|inactive|rexonagirl has 20 seconds left.\n|inactive|rexonagirl has 15 seconds left.\n|inactive|rexonagirl has 10 seconds left.\n|\n|t:|1725403704\n|-terastallize|p2b: Farigiraf|Water\n|move|p1a: Gholdengo|Make It Rain|p2a: Incineroar|[spread] p2a,p2b\n|-resisted|p2a: Incineroar\n|-resisted|p2b: Farigiraf\n|-damage|p2a: Incineroar|55\/100\n|-damage|p2b: Farigiraf|86\/100\n|-unboost|p1a: Gholdengo|spa|1\n|move|p1b: Archaludon|Draco Meteor|p2b: Farigiraf\n|-damage|p2b: Farigiraf|0 fnt\n|-unboost|p1b: Archaludon|spa|2\n|faint|p2b: Farigiraf\n|move|p2a: Incineroar|Parting Shot|p1b: Archaludon\n|-unboost|p1b: Archaludon|atk|1\n|-unboost|p1b: Archaludon|spa|1\n|\n|t:|1725403715\n|switch|p2a: Ursaluna|Ursaluna-Bloodmoon, L50, M|100\/100|[from] Parting Shot\n|\n|upkeep\n|\n|t:|1725403718\n|switch|p2b: Incineroar|Incineroar, L50, M|55\/100\n|-ability|p2b: Incineroar|Intimidate|boost\n|-unboost|p1a: Gholdengo|atk|1\n|-unboost|p1b: Archaludon|atk|1\n|turn|3\n|\n|t:|1725403733\n|switch|p1a: Tyranitar|Tyranitar, L50, F|100\/100\n|-weather|Sandstorm|[from] ability: Sand Stream|[of] p1a: Tyranitar\n|switch|p1b: Garchomp|Garchomp, L50, F|100\/100\n|move|p2b: Incineroar|Knock Off|p1a: Tyranitar\n|-resisted|p1a: Tyranitar\n|-damage|p1a: Tyranitar|84\/100\n|-enditem|p1a: Tyranitar|Assault Vest|[from] move: Knock Off|[of] p2b: Incineroar\n|move|p2a: Ursaluna|Earth Power|p1b: Garchomp\n|-damage|p1b: Garchomp|20\/100\n|-damage|p2a: Ursaluna|91\/100|[from] item: Life Orb\n|\n|-weather|Sandstorm|[upkeep]\n|-damage|p2b: Incineroar|49\/100|[from] Sandstorm\n|-enditem|p2b: Incineroar|Sitrus Berry|[eat]\n|-heal|p2b: Incineroar|74\/100|[from] item: Sitrus Berry\n|upkeep\n|turn|4\n|j| hachiware\n|\n|t:|1725403761\n|switch|p2b: Archaludon|Archaludon, L50, F, shiny|100\/100\n|-terastallize|p1a: Tyranitar|Flying\n|move|p2a: Ursaluna|Protect|p2a: Ursaluna\n|-singleturn|p2a: Ursaluna|Protect\n|move|p1b: Garchomp|Earthquake|p2b: Archaludon|[spread] p2b\n|-activate|p2a: Ursaluna|move: Protect\n|-immune|p1a: Tyranitar\n|-supereffective|p2b: Archaludon\n|-damage|p2b: Archaludon|17\/100\n|-ability|p2b: Archaludon|Stamina|boost\n|-boost|p2b: Archaludon|def|1\n|move|p1a: Tyranitar|Low Kick|p2a: Ursaluna\n|-activate|p2a: Ursaluna|move: Protect\n|\n|-weather|Sandstorm|[upkeep]\n|-damage|p1a: Tyranitar|79\/100|[from] Sandstorm\n|upkeep\n|turn|5\n|j| Peroquecuones\n|\n|t:|1725403774\n|switch|p2b: Incineroar|Incineroar, L50, M|74\/100\n|-ability|p2b: Incineroar|Intimidate|boost\n|-unboost|p1a: Tyranitar|atk|1\n|-unboost|p1b: Garchomp|atk|1\n|move|p1b: Garchomp|Earthquake|p2b: Incineroar|[spread] p2a,p2b\n|-immune|p1a: Tyranitar\n|-supereffective|p2b: Incineroar\n|-damage|p2a: Ursaluna|64\/100\n|-damage|p2b: Incineroar|14\/100\n|move|p1a: Tyranitar|Low Kick|p2a: Ursaluna\n|-supereffective|p2a: Ursaluna\n|-damage|p2a: Ursaluna|21\/100\n|move|p2a: Ursaluna|Hyper Voice|p1b: Garchomp|[spread] p1a,p1b\n|-damage|p1a: Tyranitar|33\/100\n|-damage|p1b: Garchomp|0 fnt\n|faint|p1b: Garchomp\n|-damage|p2a: Ursaluna|12\/100|[from] item: Life Orb\n|\n|-weather|Sandstorm|[upkeep]\n|-damage|p2b: Incineroar|8\/100|[from] Sandstorm\n|-damage|p1a: Tyranitar|27\/100|[from] Sandstorm\n|upkeep\n|\n|t:|1725403786\n|switch|p1b: Gholdengo|Gholdengo, L50|16\/100\n|turn|6\n|l| hachiware\n|inactive|rexonagirl has 30 seconds left.\n|inactive|rexonagirl has 20 seconds left.\n|inactive|rexonagirl has 15 seconds left.\n|inactive|rexonagirl has 10 seconds left.\n|\n|t:|1725403833\n|move|p2a: Ursaluna|Protect|p2a: Ursaluna\n|-singleturn|p2a: Ursaluna|Protect\n|move|p2b: Incineroar|Fake Out|p1a: Tyranitar\n|-damage|p1a: Tyranitar|17\/100\n|move|p1b: Gholdengo|Make It Rain|p2b: Incineroar|[spread] p2b\n|-activate|p2a: Ursaluna|move: Protect\n|-resisted|p2b: Incineroar\n|-damage|p2b: Incineroar|0 fnt\n|-unboost|p1b: Gholdengo|spa|1\n|faint|p2b: Incineroar\n|cant|p1a: Tyranitar|flinch\n|\n|-weather|Sandstorm|[upkeep]\n|-damage|p1a: Tyranitar|12\/100|[from] Sandstorm\n|upkeep\n|\n|t:|1725403839\n|switch|p2b: Archaludon|Archaludon, L50, F, shiny|17\/100\n|turn|7\n|-message|rexonagirl forfeited.\n|\n|win|TwitterJasePokemon\n|raw|TwitterJasePokemon's rating: 1644 &rarr; <strong>1667<\/strong><br \/>(+23 for winning)\n|raw|rexonagirl's rating: 1698 &rarr; <strong>1675<\/strong><br \/>(-23 for losing)\n|l|\u2606rexonagirl\n|player|p2|\n|l|\u2606TwitterJasePokemon\n|player|p1|\n","uploadtime":1725404007,"views":13,"formatid":"gen9vgc2024regh","rating":1667,"private":0,"password":null}