{"id":"gen9vgc2024regh-2194082445","format":"[Gen 9] VGC 2024 Reg H","players":["bieiup","actuary97"],"log":"|j|\u2606bieiup\n|j|\u2606actuary97\n|t:|1725412753\n|gametype|doubles\n|player|p1|bieiup|lillie-z|1755\n|player|p2|actuary97|sabrina-frlg|1735\n|teamsize|p1|6\n|teamsize|p2|6\n|gen|9\n|tier|[Gen 9] VGC 2024 Reg H\n|rated|\n|rule|Species Clause: Limit one of each Pok\u00e9mon\n|rule|Item Clause: Limit 1 of each item\n|clearpoke\n|poke|p1|Sableye, L50, M|\n|poke|p1|Dondozo, L50, M|\n|poke|p1|Sylveon, L50, M|\n|poke|p1|Dragonite, L50, M|\n|poke|p1|Gholdengo, L50|\n|poke|p1|Ursaluna-Bloodmoon, L50, M|\n|poke|p2|Whimsicott, L50, F|\n|poke|p2|Gallade, L50, M|\n|poke|p2|Hatterene, L50, F|\n|poke|p2|Malamar, L50, F|\n|poke|p2|Indeedee, L50, M|\n|poke|p2|Archaludon, L50, F|\n|teampreview|4\n|j| testerboi1220\n|c|\u2606actuary97|cool team glhf\nactuary97 has agreed to open team sheets.\n|c|\u2606bieiup|glhf\n|\n|t:|1725412801\n|start\n|switch|p1a: Sableye|Sableye, L50, M|100\/100\n|switch|p1b: Sylveon|Sylveon, L50, M|100\/100\n|switch|p2a: Mischief Mother|Whimsicott, L50, F, shiny|100\/100\n|switch|p2b: Bridget|Archaludon, L50, F, shiny|100\/100\n|turn|1\n|inactive|Battle timer is ON: inactive players will automatically lose when time's up. (requested by bieiup)\n|\n|t:|1725412822\n|switch|p2a: Tapu Deedee|Indeedee, L50, M, shiny|100\/100\n|-fieldstart|move: Psychic Terrain|[from] ability: Psychic Surge|[of] p2a: Tapu Deedee\n|move|p1a: Sableye|Fake Out|p2b: Bridget\n|-activate|p2b: Bridget|move: Psychic Terrain\n|move|p2b: Bridget|Snarl|p1a: Sableye|[spread] p1a,p1b\n|-resisted|p1b: Sylveon\n|-damage|p1a: Sableye|81\/100\n|-damage|p1b: Sylveon|96\/100\n|-unboost|p1a: Sableye|spa|1\n|-unboost|p1b: Sylveon|spa|1\n|move|p1b: Sylveon|Hyper Voice|p2b: Bridget|[spread] p2a,p2b\n|-damage|p2a: Tapu Deedee|62\/100\n|-damage|p2b: Bridget|82\/100\n|-ability|p2b: Bridget|Stamina|boost\n|-boost|p2b: Bridget|def|1\n|-enditem|p1b: Sylveon|Throat Spray\n|-boost|p1b: Sylveon|spa|1|[from] item: Throat Spray\n|\n|upkeep\n|turn|2\n|inactive|actuary97 has 30 seconds left.\n|\n|t:|1725412852\n|-terastallize|p2a: Tapu Deedee|Fairy\n|move|p1a: Sableye|Light Screen|p1a: Sableye\n|-sidestart|p1: bieiup|move: Light Screen\n|move|p2a: Tapu Deedee|Dazzling Gleam|p1a: Sableye|[spread] p1a,p1b\n|-supereffective|p1a: Sableye\n|-damage|p1a: Sableye|0 fnt\n|-damage|p1b: Sylveon|74\/100\n|faint|p1a: Sableye\n|move|p2b: Bridget|Snarl|p1b: Sylveon\n|-resisted|p1b: Sylveon\n|-damage|p1b: Sylveon|70\/100\n|-unboost|p1b: Sylveon|spa|1\n|move|p1b: Sylveon|Hyper Voice|p2a: Tapu Deedee|[spread] p2a,p2b\n|-damage|p2a: Tapu Deedee|24\/100\n|-damage|p2b: Bridget|64\/100\n|-ability|p2b: Bridget|Stamina|boost\n|-boost|p2b: Bridget|def|1\n|\n|upkeep\n|j| Dead Orchid\n|\n|t:|1725412870\n|switch|p1a: Dondozo|Dondozo, L50, M|100\/100\n|turn|3\n|\n|t:|1725412881\n|move|p2a: Tapu Deedee|Dazzling Gleam|p1b: Sylveon|[spread] p1a,p1b\n|-damage|p1a: Dondozo|80\/100\n|-damage|p1b: Sylveon|49\/100\n|move|p2b: Bridget|Flash Cannon|p1b: Sylveon\n|-supereffective|p1b: Sylveon\n|-damage|p1b: Sylveon|11\/100\n|-unboost|p1b: Sylveon|spd|1\n|move|p1b: Sylveon|Hyper Voice|p2a: Tapu Deedee|[spread] p2a,p2b\n|-crit|p2a: Tapu Deedee\n|-damage|p2a: Tapu Deedee|0 fnt\n|-damage|p2b: Bridget|43\/100\n|-ability|p2b: Bridget|Stamina|boost\n|-boost|p2b: Bridget|def|1\n|faint|p2a: Tapu Deedee\n|move|p1a: Dondozo|Fissure|p2b: Bridget\n|-damage|p2b: Bridget|0 fnt\n|faint|p2b: Bridget\n|-ohko\n|\n|upkeep\n|j| NanshanVGC\n|\n|t:|1725412887\n|switch|p2a: \u2694\ufe0fKing\u2694\ufe0f|Gallade, L50, M, shiny|100\/100\n|switch|p2b: Mischief Mother|Whimsicott, L50, F, shiny|100\/100\n|turn|4\n|\n|t:|1725412898\n|move|p2b: Mischief Mother|Moonblast|p1b: Sylveon\n|-damage|p1b: Sylveon|0 fnt\n|faint|p1b: Sylveon\n|move|p2a: \u2694\ufe0fKing\u2694\ufe0f|Leaf Blade|p1a: Dondozo\n|-supereffective|p1a: Dondozo\n|-damage|p1a: Dondozo|24\/100\n|move|p1a: Dondozo|Fissure|p2b: Mischief Mother|[miss]\n|-miss|p1a: Dondozo|p2b: Mischief Mother\n|\n|upkeep\n|\n|t:|1725412901\n|switch|p1b: Dragonite|Dragonite, L50, M|100\/100\n|turn|5\n|\n|t:|1725412916\n|move|p2b: Mischief Mother|Moonblast|p1b: Dragonite\n|-supereffective|p1b: Dragonite\n|-damage|p1b: Dragonite|85\/100\n|-unboost|p1b: Dragonite|spa|1\n|move|p2a: \u2694\ufe0fKing\u2694\ufe0f|Psycho Cut|p1b: Dragonite\n|-crit|p1b: Dragonite\n|-damage|p1b: Dragonite|0 fnt\n|faint|p1b: Dragonite\n|move|p1a: Dondozo|Rest|p1a: Dondozo\n|-status|p1a: Dondozo|slp|[from] move: Rest\n|-heal|p1a: Dondozo|100\/100 slp|[silent]\n|-enditem|p1a: Dondozo|Chesto Berry|[eat]\n|-curestatus|p1a: Dondozo|slp|[msg]\n|\n|-fieldend|move: Psychic Terrain\n|upkeep\n|turn|6\n|j| Rabbithorn01\n|j| The_Beast1440\n|c|\u2606actuary97|gg\n|c|\u2606bieiup|gg\n|\n|t:|1725412944\n|-terastallize|p1a: Dondozo|Ghost\n|move|p2b: Mischief Mother|Encore|p1a: Dondozo\n|-start|p1a: Dondozo|Encore\n|move|p2a: \u2694\ufe0fKing\u2694\ufe0f|Leaf Blade|p1a: Dondozo\n|-crit|p1a: Dondozo\n|-damage|p1a: Dondozo|51\/100\n|move|p1a: Dondozo|Rest|p1a: Dondozo\n|-status|p1a: Dondozo|slp|[from] move: Rest\n|-heal|p1a: Dondozo|100\/100 slp|[silent]\n|\n|-sideend|p1: bieiup|move: Light Screen\n|upkeep\n|turn|7\n|-message|bieiup forfeited.\n|\n|win|actuary97\n|raw|bieiup's rating: 1755 &rarr; <strong>1734<\/strong><br \/>(-21 for losing)\n|raw|actuary97's rating: 1735 &rarr; <strong>1756<\/strong><br \/>(+21 for winning)\n|l|\u2606bieiup\n|player|p1|\n|l| The_Beast1440\n|l| NanshanVGC\n|l| Dead Orchid\n|l| testerboi1220\n|l|\u2606actuary97\n|player|p2|\n","uploadtime":1725413001,"views":106,"formatid":"gen9vgc2024regh","rating":1734,"private":0,"password":null}