{"id":"gen9vgc2024regh-2194143772","format":"[Gen 9] VGC 2024 Reg H","players":["Becccca","lelouchswag"],"log":"|j|\u2606Becccca\n|j|\u2606lelouchswag\n|t:|1725420390\n|gametype|doubles\n|player|p1|Becccca|170|1691\n|player|p2|lelouchswag|2|1781\n|teamsize|p1|6\n|teamsize|p2|6\n|gen|9\n|tier|[Gen 9] VGC 2024 Reg H\n|rated|\n|rule|Species Clause: Limit one of each Pok\u00e9mon\n|rule|Item Clause: Limit 1 of each item\n|clearpoke\n|poke|p1|Talonflame, L50, F|\n|poke|p1|Garchomp, L50, F|\n|poke|p1|Gengar, L50, M|\n|poke|p1|Hydreigon, L50, M|\n|poke|p1|Gholdengo, L50|\n|poke|p1|Flamigo, L50, M|\n|poke|p2|Meowscarada, L50, M|\n|poke|p2|Primarina, L50, F|\n|poke|p2|Murkrow, L50, F|\n|poke|p2|Indeedee, L50, M|\n|poke|p2|Typhlosion-Hisui, L50, F|\n|poke|p2|Decidueye-Hisui, L50, M|\n|teampreview|4\n|\n|t:|1725420427\n|start\n|switch|p1a: Flamigo|Flamigo, L50, M|100\/100\n|switch|p1b: Garchomp|Garchomp, L50, F|100\/100\n|switch|p2a: Meowscarada|Meowscarada, L50, M|100\/100\n|switch|p2b: Primarina|Primarina, L50, F|100\/100\n|turn|1\n|\n|t:|1725420441\n|move|p1a: Flamigo|Brave Bird|p2b: Primarina\n|-damage|p2b: Primarina|25\/100\n|-damage|p1a: Flamigo|75\/100|[from] Recoil\n|move|p2a: Meowscarada|Grass Pledge|p1a: Flamigo\n|-waiting|p2a: Meowscarada|p2b: Primarina\n|move|p2b: Primarina|Water Pledge|p1a: Flamigo|[from]move: Grass Pledge\n|-combine\n|-resisted|p1a: Flamigo\n|-damage|p1a: Flamigo|7\/100\n|-sidestart|p1: Becccca|Grass Pledge\n|move|p1b: Garchomp|Earthquake|p2b: Primarina|[spread] p2a,p2b\n|-immune|p1a: Flamigo\n|-resisted|p2a: Meowscarada\n|-damage|p2a: Meowscarada|70\/100\n|-damage|p2b: Primarina|0 fnt\n|faint|p2b: Primarina\n|\n|upkeep\n|\n|t:|1725420452\n|switch|p2b: Typhlosion|Typhlosion-Hisui, L50, F|100\/100\n|-item|p1a: Flamigo|Choice Scarf|[from] ability: Frisk|[of] p2b: Typhlosion\n|-item|p1b: Garchomp|Clear Amulet|[from] ability: Frisk|[of] p2b: Typhlosion\n|turn|2\n|\n|t:|1725420482\n|-terastallize|p2b: Typhlosion|Fire\n|move|p1b: Garchomp|Protect|p1b: Garchomp\n|-singleturn|p1b: Garchomp|Protect\n|move|p2a: Meowscarada|Flower Trick|p1b: Garchomp\n|-activate|p1b: Garchomp|move: Protect\n|move|p2b: Typhlosion|Eruption|p1b: Garchomp|[spread] p1a\n|-activate|p1b: Garchomp|move: Protect\n|-crit|p1a: Flamigo\n|-damage|p1a: Flamigo|0 fnt\n|faint|p1a: Flamigo\n|\n|upkeep\n|\n|t:|1725420496\n|switch|p1a: Talonflame|Talonflame, L50, F|100\/100\n|turn|3\n|\n|t:|1725420519\n|move|p1a: Talonflame|Brave Bird|p2a: Meowscarada\n|-supereffective|p2a: Meowscarada\n|-damage|p2a: Meowscarada|0 fnt\n|faint|p2a: Meowscarada\n|-damage|p1a: Talonflame|79\/100|[from] Recoil\n|move|p2b: Typhlosion|Eruption|p1b: Garchomp|[spread] p1a,p1b\n|-resisted|p1a: Talonflame\n|-resisted|p1b: Garchomp\n|-damage|p1a: Talonflame|0 fnt\n|-damage|p1b: Garchomp|43\/100\n|faint|p1a: Talonflame\n|move|p1b: Garchomp|Earthquake|p2b: Typhlosion\n|-supereffective|p2b: Typhlosion\n|-damage|p2b: Typhlosion|0 fnt\n|faint|p2b: Typhlosion\n|\n|upkeep\n|\n|t:|1725420535\n|switch|p1a: Gengar|Gengar, L50, M|100\/100\n|switch|p2b: Decidueye|Decidueye-Hisui, L50, M|100\/100\n|turn|4\n|\n|t:|1725420542\n|move|p1a: Gengar|Protect|p1a: Gengar\n|-singleturn|p1a: Gengar|Protect\n|move|p1b: Garchomp|Protect|p1b: Garchomp\n|-singleturn|p1b: Garchomp|Protect\n|move|p2b: Decidueye|Close Combat|p1a: Gengar\n|-activate|p1a: Gengar|move: Protect\n|\n|-sideend|p1: Becccca|Grass Pledge\n|upkeep\n|turn|5\n|-message|lelouchswag forfeited.\n|\n|win|Becccca\n|raw|Becccca's rating: 1691 &rarr; <strong>1716<\/strong><br \/>(+25 for winning)\n|raw|lelouchswag's rating: 1781 &rarr; <strong>1756<\/strong><br \/>(-25 for losing)\n|l|\u2606lelouchswag\n|player|p2|\n|l|\u2606Becccca\n|player|p1|\n","uploadtime":1725420557,"views":119,"formatid":"gen9vgc2024regh","rating":1716,"private":0,"password":null}