{"id":"gen9vgc2024regh-2194014878","format":"[Gen 9] VGC 2024 Reg H","players":["Auraen","evenifyoustumble"],"log":"|j|\u2606Auraen\n|j|\u2606evenifyoustumble\n|t:|1725404754\n|gametype|doubles\n|player|p1|Auraen|harlequin|1637\n|player|p2|evenifyoustumble|lady|1775\n|teamsize|p1|6\n|teamsize|p2|6\n|gen|9\n|tier|[Gen 9] VGC 2024 Reg H\n|rated|\n|rule|Species Clause: Limit one of each Pok\u00e9mon\n|rule|Item Clause: Limit 1 of each item\n|clearpoke\n|poke|p1|Goodra-Hisui, L50, F|\n|poke|p1|Tyranitar, L50, F|\n|poke|p1|Gastrodon-East, L50, M|\n|poke|p1|Sinistcha, L50|\n|poke|p1|Magmar, L50, M|\n|poke|p1|Salamence, L50, F|\n|poke|p2|Arcanine-Hisui, L50, F|\n|poke|p2|Serperior, L50, M|\n|poke|p2|Ninetales-Alola, L50, F|\n|poke|p2|Ursaluna-Bloodmoon, L50, M|\n|poke|p2|Dragonite, L50, M|\n|poke|p2|Archaludon, L50, F|\n|teampreview|4\n|inactive|Battle timer is ON: inactive players will automatically lose when time's up. (requested by evenifyoustumble)\n|j| NanshanVGC\n|j| Peroquecuones\n|j| UI Rain\n|l| NanshanVGC\n|inactive|evenifyoustumble has 60 seconds left.\n|\n|t:|1725404786\n|start\n|switch|p1a: Magmar|Magmar, L50, M|100\/100\n|switch|p1b: Goodra|Goodra-Hisui, L50, F|100\/100\n|switch|p2a: Arcanine|Arcanine-Hisui, L50, F, shiny|100\/100\n|switch|p2b: Archaludon|Archaludon, L50, F|100\/100\n|turn|1\n|\n|t:|1725404795\n|move|p1a: Magmar|Follow Me|p1a: Magmar\n|-singleturn|p1a: Magmar|move: Follow Me\n|move|p2a: Arcanine|Head Smash|p1a: Magmar\n|-supereffective|p1a: Magmar\n|-damage|p1a: Magmar|3\/100\n|move|p2b: Archaludon|Electro Shot||[still]\n|-prepare|p2b: Archaludon|Electro Shot\n|-boost|p2b: Archaludon|spa|1\n|-enditem|p2b: Archaludon|Power Herb\n|-anim|p2b: Archaludon|Electro Shot|p1a: Magmar\n|-damage|p1a: Magmar|0 fnt\n|faint|p1a: Magmar\n|move|p1b: Goodra|Shelter|p1b: Goodra\n|-boost|p1b: Goodra|def|2\n|\n|upkeep\n|\n|t:|1725404799\n|switch|p1a: Gastrodon|Gastrodon-East, L50, M|100\/100\n|turn|2\n|\n|t:|1725404810\n|move|p2a: Arcanine|Flare Blitz|p1b: Goodra\n|-damage|p1b: Goodra|78\/100\n|move|p2b: Archaludon|Draco Meteor|p1b: Goodra\n|-damage|p1b: Goodra|13\/100\n|-unboost|p2b: Archaludon|spa|2\n|move|p1b: Goodra|Shelter|p1b: Goodra\n|-boost|p1b: Goodra|def|2\n|move|p1a: Gastrodon|Yawn|p2b: Archaludon\n|-start|p2b: Archaludon|move: Yawn|[of] p1a: Gastrodon\n|\n|-heal|p1b: Goodra|19\/100|[from] item: Leftovers\n|upkeep\n|turn|3\n|\n|t:|1725404828\n|move|p1b: Goodra|Protect|p1b: Goodra\n|-singleturn|p1b: Goodra|Protect\n|move|p2a: Arcanine|Flare Blitz|p1b: Goodra\n|-activate|p1b: Goodra|move: Protect\n|move|p2b: Archaludon|Draco Meteor|p1b: Goodra\n|-activate|p1b: Goodra|move: Protect\n|move|p1a: Gastrodon|Earth Power|p2a: Arcanine\n|-supereffective|p2a: Arcanine\n|-enditem|p2a: Arcanine|Focus Sash\n|-damage|p2a: Arcanine|1\/100\n|\n|-heal|p1b: Goodra|25\/100|[from] item: Leftovers\n|-end|p2b: Archaludon|move: Yawn|[silent]\n|-status|p2b: Archaludon|slp\n|upkeep\n|turn|4\n|\n|t:|1725404837\n|move|p2a: Arcanine|Flare Blitz|p1b: Goodra\n|-damage|p1b: Goodra|11\/100\n|-status|p1b: Goodra|brn\n|cant|p2b: Archaludon|slp\n|move|p1b: Goodra|Body Press|p2b: Archaludon\n|-supereffective|p2b: Archaludon\n|-damage|p2b: Archaludon|45\/100 slp\n|move|p1a: Gastrodon|Earth Power|p2b: Archaludon\n|-supereffective|p2b: Archaludon\n|-damage|p2b: Archaludon|0 fnt\n|faint|p2b: Archaludon\n|\n|-heal|p1b: Goodra|17\/100 brn|[from] item: Leftovers\n|-damage|p1b: Goodra|11\/100 brn|[from] brn\n|upkeep\n|\n|t:|1725404840\n|switch|p2b: YELLOW COLOR|Serperior, L50, M|100\/100\n|turn|5\n|\n|t:|1725404849\n|-terastallize|p1a: Gastrodon|Fire\n|move|p2b: YELLOW COLOR|Leaf Storm|p1a: Gastrodon\n|-resisted|p1a: Gastrodon\n|-damage|p1a: Gastrodon|87\/100\n|-boost|p2b: YELLOW COLOR|spa|2\n|move|p2a: Arcanine|Head Smash|p1a: Gastrodon|[miss]\n|-miss|p2a: Arcanine|p1a: Gastrodon\n|move|p1b: Goodra|Body Press|p2a: Arcanine\n|-supereffective|p2a: Arcanine\n|-damage|p2a: Arcanine|0 fnt\n|faint|p2a: Arcanine\n|move|p1a: Gastrodon|Yawn|p2b: YELLOW COLOR\n|-start|p2b: YELLOW COLOR|move: Yawn|[of] p1a: Gastrodon\n|\n|-heal|p1b: Goodra|17\/100 brn|[from] item: Leftovers\n|-damage|p1b: Goodra|11\/100 brn|[from] brn\n|upkeep\n|c|\u2606evenifyoustumble|xd\n|\n|t:|1725404857\n|switch|p2a: Ursaluna|Ursaluna-Bloodmoon, L50, M|100\/100\n|turn|6\n|\n|t:|1725404867\n|move|p1b: Goodra|Protect|p1b: Goodra\n|-singleturn|p1b: Goodra|Protect\n|move|p1a: Gastrodon|Protect|p1a: Gastrodon\n|-singleturn|p1a: Gastrodon|Protect\n|move|p2b: YELLOW COLOR|Leaf Storm|p1b: Goodra\n|-activate|p1b: Goodra|move: Protect\n|move|p2a: Ursaluna|Earth Power|p1a: Gastrodon\n|-activate|p1a: Gastrodon|move: Protect\n|\n|-heal|p1b: Goodra|17\/100 brn|[from] item: Leftovers\n|-damage|p1b: Goodra|11\/100 brn|[from] brn\n|-end|p2b: YELLOW COLOR|move: Yawn|[silent]\n|-status|p2b: YELLOW COLOR|slp\n|upkeep\n|turn|7\n|\n|t:|1725404873\n|move|p2a: Ursaluna|Vacuum Wave|p1b: Goodra\n|-supereffective|p1b: Goodra\n|-damage|p1b: Goodra|0 fnt\n|faint|p1b: Goodra\n|cant|p2b: YELLOW COLOR|slp\n|move|p1a: Gastrodon|Yawn|p2a: Ursaluna\n|-start|p2a: Ursaluna|move: Yawn|[of] p1a: Gastrodon\n|\n|upkeep\n|\n|t:|1725404875\n|switch|p1b: Tyranitar|Tyranitar, L50, F|100\/100\n|-weather|Sandstorm|[from] ability: Sand Stream|[of] p1b: Tyranitar\n|turn|8\n|\n|t:|1725404884\n|cant|p2b: YELLOW COLOR|slp\n|move|p1b: Tyranitar|Knock Off|p2b: YELLOW COLOR\n|-damage|p2b: YELLOW COLOR|39\/100 slp\n|-enditem|p2b: YELLOW COLOR|Sitrus Berry|[from] move: Knock Off|[of] p1b: Tyranitar\n|move|p2a: Ursaluna|Blood Moon|p1b: Tyranitar\n|-resisted|p1b: Tyranitar\n|-damage|p1b: Tyranitar|86\/100\n|move|p1a: Gastrodon|Ice Beam|p2b: YELLOW COLOR\n|-supereffective|p2b: YELLOW COLOR\n|-damage|p2b: YELLOW COLOR|0 fnt\n|faint|p2b: YELLOW COLOR\n|\n|-weather|Sandstorm|[upkeep]\n|-damage|p1a: Gastrodon|81\/100|[from] Sandstorm\n|-end|p2a: Ursaluna|move: Yawn|[silent]\n|-status|p2a: Ursaluna|slp\n|upkeep\n|turn|9\n|-message|evenifyoustumble forfeited.\n|\n|win|Auraen\n|raw|Auraen's rating: 1637 &rarr; <strong>1665<\/strong><br \/>(+28 for winning)\n|raw|evenifyoustumble's rating: 1775 &rarr; <strong>1747<\/strong><br \/>(-28 for losing)\n|l|\u2606evenifyoustumble\n|player|p2|\n|l|\u2606Auraen\n|player|p1|\n|l| Peroquecuones\n","uploadtime":1725405110,"views":83,"formatid":"gen9vgc2024regh","rating":1665,"private":0,"password":null}