{"id":"gen9vgc2024regh-2194020989","format":"[Gen 9] VGC 2024 Reg H","players":["actuary97","evenifyoustumble"],"log":"|j|\u2606actuary97\n|j|\u2606evenifyoustumble\n|t:|1725405472\n|gametype|doubles\n|player|p1|actuary97|sabrina-frlg|1763\n|player|p2|evenifyoustumble|lady|1787\n|teamsize|p1|6\n|teamsize|p2|6\n|gen|9\n|tier|[Gen 9] VGC 2024 Reg H\n|rated|\n|rule|Species Clause: Limit one of each Pok\u00e9mon\n|rule|Item Clause: Limit 1 of each item\n|clearpoke\n|poke|p1|Whimsicott, L50, F|\n|poke|p1|Gallade, L50, M|\n|poke|p1|Hatterene, L50, F|\n|poke|p1|Malamar, L50, F|\n|poke|p1|Indeedee, L50, M|\n|poke|p1|Archaludon, L50, F|\n|poke|p2|Arcanine-Hisui, L50, M|\n|poke|p2|Serperior, L50, F|\n|poke|p2|Ninetales-Alola, L50, F|\n|poke|p2|Ursaluna-Bloodmoon, L50, M|\n|poke|p2|Dragonite, L50, M|\n|poke|p2|Archaludon, L50, F|\n|teampreview|4\n|inactive|Battle timer is ON: inactive players will automatically lose when time's up. (requested by evenifyoustumble)\nactuary97 has agreed to open team sheets.\nevenifyoustumble has agreed to open team sheets.\n|c|\u2606actuary97|glhf\n|c|\u2606actuary97|I saw you climbed the ladder to top 10 nice\n|c|\u2606evenifyoustumble|been up and down\n|inactive|actuary97 has 30 seconds left.\n|inactive|evenifyoustumble has 30 seconds left.\n|inactive|actuary97 has 20 seconds left.\n|c|\u2606actuary97|same here\n|inactive|actuary97 has 15 seconds left.\n|\n|t:|1725405521\n|start\n|switch|p1a: Mischief Mother|Whimsicott, L50, F, shiny|100\/100\n|switch|p1b: Bridget|Archaludon, L50, F, shiny|100\/100\n|switch|p2a: Dragonite|Dragonite, L50, M|100\/100\n|switch|p2b: Arcanine|Arcanine-Hisui, L50, M, shiny|100\/100\n|turn|1\n|inactive|actuary97 has 30 seconds left.\n|\n|t:|1725405550\n|switch|p2b: YELLOW COLOR|Serperior, L50, F|100\/100\n|move|p1a: Mischief Mother|Beat Up|p1b: Bridget\n|-damage|p1b: Bridget|99\/100\n|-ability|p1b: Bridget|Stamina|boost\n|-boost|p1b: Bridget|def|1\n|-damage|p1b: Bridget|97\/100\n|-ability|p1b: Bridget|Stamina|boost\n|-boost|p1b: Bridget|def|1\n|-damage|p1b: Bridget|96\/100\n|-ability|p1b: Bridget|Stamina|boost\n|-boost|p1b: Bridget|def|1\n|-crit|p1b: Bridget\n|-damage|p1b: Bridget|93\/100\n|-ability|p1b: Bridget|Stamina|boost\n|-boost|p1b: Bridget|def|1\n|-hitcount|p1b: Bridget|4\n|move|p1b: Bridget|Body Press|p2b: YELLOW COLOR\n|-damage|p2b: YELLOW COLOR|32\/100\n|-enditem|p2b: YELLOW COLOR|Sitrus Berry|[eat]\n|-heal|p2b: YELLOW COLOR|57\/100|[from] item: Sitrus Berry\n|move|p2a: Dragonite|Ice Spinner|p1a: Mischief Mother\n|-supereffective|p1a: Mischief Mother\n|-damage|p1a: Mischief Mother|24\/100\n|\n|upkeep\n|turn|2\n|j| Pagoplata\n|\n|t:|1725405569\n|move|p2b: YELLOW COLOR|Protect|p2b: YELLOW COLOR\n|-singleturn|p2b: YELLOW COLOR|Protect\n|move|p1a: Mischief Mother|Encore|p2a: Dragonite\n|-start|p2a: Dragonite|Encore\n|move|p1b: Bridget|Body Press|p2b: YELLOW COLOR\n|-activate|p2b: YELLOW COLOR|move: Protect\n|move|p2a: Dragonite|Ice Spinner|p1b: Bridget\n|-damage|p1b: Bridget|86\/100\n|-ability|p1b: Bridget|Stamina|boost\n|-boost|p1b: Bridget|def|1\n|\n|upkeep\n|turn|3\n|\n|t:|1725405585\n|switch|p2b: Arcanine|Arcanine-Hisui, L50, M, shiny|100\/100\n|move|p1a: Mischief Mother|Encore||[still]\n|-fail|p1a: Mischief Mother\n|move|p1b: Bridget|Body Press|p2a: Dragonite\n|-resisted|p2a: Dragonite\n|-damage|p2a: Dragonite|81\/100\n|move|p2a: Dragonite|Ice Spinner|p1a: Mischief Mother\n|-supereffective|p1a: Mischief Mother\n|-damage|p1a: Mischief Mother|0 fnt\n|faint|p1a: Mischief Mother\n|\n|upkeep\n|\n|t:|1725405589\n|switch|p1a: Tapu Deedee|Indeedee, L50, M, shiny|100\/100\n|-fieldstart|move: Psychic Terrain|[from] ability: Psychic Surge|[of] p1a: Tapu Deedee\n|turn|4\n|\n|t:|1725405598\n|move|p2b: Arcanine|Protect|p2b: Arcanine\n|-singleturn|p2b: Arcanine|Protect\n|move|p1a: Tapu Deedee|Expanding Force|p2a: Dragonite|[spread] p2a\n|-activate|p2b: Arcanine|move: Protect\n|-damage|p2a: Dragonite|11\/100\n|move|p1b: Bridget|Body Press|p2b: Arcanine\n|-activate|p2b: Arcanine|move: Protect\n|move|p2a: Dragonite|Ice Spinner|p1a: Tapu Deedee\n|-damage|p1a: Tapu Deedee|47\/100\n|-fieldend|move: Psychic Terrain\n|\n|-end|p2a: Dragonite|Encore\n|upkeep\n|turn|5\n|inactive|actuary97 has 30 seconds left.\n|\n|t:|1725405626\n|switch|p2a: YELLOW COLOR|Serperior, L50, F|57\/100\n|-terastallize|p2b: Arcanine|Ghost\n|move|p2b: Arcanine|Flare Blitz|p1a: Tapu Deedee\n|-damage|p1a: Tapu Deedee|0 fnt\n|faint|p1a: Tapu Deedee\n|move|p1b: Bridget|Flash Cannon|p2b: Arcanine\n|-damage|p2b: Arcanine|56\/100\n|\n|upkeep\n|\n|t:|1725405628\n|switch|p1a: \u2694\ufe0fKing\u2694\ufe0f|Gallade, L50, M, shiny|100\/100\n|turn|6\n|\n|t:|1725405640\n|move|p1a: \u2694\ufe0fKing\u2694\ufe0f|Protect|p1a: \u2694\ufe0fKing\u2694\ufe0f\n|-singleturn|p1a: \u2694\ufe0fKing\u2694\ufe0f|Protect\n|move|p2a: YELLOW COLOR|Glare|p1b: Bridget\n|-status|p1b: Bridget|par\n|move|p2b: Arcanine|Flare Blitz|p1a: \u2694\ufe0fKing\u2694\ufe0f\n|-activate|p1a: \u2694\ufe0fKing\u2694\ufe0f|move: Protect\n|cant|p1b: Bridget|par\n|\n|upkeep\n|turn|7\n|c|\u2606actuary97|para always kills me\n|inactive|actuary97 has 30 seconds left.\n|\n|t:|1725405666\n|move|p2a: YELLOW COLOR|Leaf Storm|p1a: \u2694\ufe0fKing\u2694\ufe0f|[miss]\n|-miss|p2a: YELLOW COLOR|p1a: \u2694\ufe0fKing\u2694\ufe0f\n|move|p2b: Arcanine|Flare Blitz|p1a: \u2694\ufe0fKing\u2694\ufe0f\n|-damage|p1a: \u2694\ufe0fKing\u2694\ufe0f|4\/100\n|move|p1a: \u2694\ufe0fKing\u2694\ufe0f|Psycho Cut|p2a: YELLOW COLOR\n|-damage|p2a: YELLOW COLOR|0 fnt\n|faint|p2a: YELLOW COLOR\n|cant|p1b: Bridget|par\n|\n|upkeep\n|\n|t:|1725405672\n|switch|p2a: Dragonite|Dragonite, L50, M|11\/100\n|turn|8\n|\n|t:|1725405680\n|move|p2b: Arcanine|Flare Blitz|p1a: \u2694\ufe0fKing\u2694\ufe0f\n|-damage|p1a: \u2694\ufe0fKing\u2694\ufe0f|0 fnt\n|faint|p1a: \u2694\ufe0fKing\u2694\ufe0f\n|move|p2a: Dragonite|Haze|p2a: Dragonite\n|-clearallboost\n|move|p1b: Bridget|Flash Cannon|p2a: Dragonite\n|-damage|p2a: Dragonite|0 fnt\n|faint|p2a: Dragonite\n|\n|upkeep\n|c|\u2606evenifyoustumble|just needed it slower for haze\n|\n|t:|1725405685\n|switch|p2a: Archaludon|Archaludon, L50, F|100\/100\n|turn|9\n|c|\u2606actuary97|yeah true gg\n|\n|t:|1725405696\n|move|p2b: Arcanine|Flare Blitz|p1b: Bridget\n|-damage|p1b: Bridget|46\/100 par\n|-ability|p1b: Bridget|Stamina|boost\n|-boost|p1b: Bridget|def|1\n|move|p2a: Archaludon|Electro Shot||[still]\n|-prepare|p2a: Archaludon|Electro Shot\n|-boost|p2a: Archaludon|spa|1\n|-enditem|p2a: Archaludon|Power Herb\n|-anim|p2a: Archaludon|Electro Shot|p1b: Bridget\n|-resisted|p1b: Bridget\n|-damage|p1b: Bridget|23\/100 par\n|-ability|p1b: Bridget|Stamina|boost\n|-boost|p1b: Bridget|def|1\n|move|p1b: Bridget|Flash Cannon|p2b: Arcanine\n|-damage|p2b: Arcanine|9\/100\n|\n|upkeep\n|turn|10\n|c|\u2606evenifyoustumble|gg\n|\n|t:|1725405704\n|move|p2b: Arcanine|Flare Blitz|p1b: Bridget\n|-damage|p1b: Bridget|0 fnt\n|faint|p1b: Bridget\n|\n|win|evenifyoustumble\n|raw|actuary97's rating: 1763 &rarr; <strong>1744<\/strong><br \/>(-19 for losing)\n|raw|evenifyoustumble's rating: 1787 &rarr; <strong>1806<\/strong><br \/>(+19 for winning)\n|l|\u2606evenifyoustumble\n|player|p2|\n|l|\u2606actuary97\n|player|p1|\n|j|\u2606actuary97\n|player|p1|actuary97|sabrina-frlg|\n|l|\u2606actuary97\n|player|p1|\n","uploadtime":1725405710,"views":203,"formatid":"gen9vgc2024regh","rating":1744,"private":0,"password":null}