{"id":"gen9vgc2024regh-2194006735","format":"[Gen 9] VGC 2024 Reg H","players":["evenifyoustumble","AndyLaVGC"],"log":"|j|\u2606evenifyoustumble\n|j|\u2606AndyLaVGC\n|t:|1725403800\n|gametype|doubles\n|player|p1|evenifyoustumble|lady|1718\n|player|p2|AndyLaVGC|102|1664\n|teamsize|p1|6\n|teamsize|p2|6\n|gen|9\n|tier|[Gen 9] VGC 2024 Reg H\n|rated|\n|rule|Species Clause: Limit one of each Pok\u00e9mon\n|rule|Item Clause: Limit 1 of each item\n|clearpoke\n|poke|p1|Arcanine-Hisui, L50, F|\n|poke|p1|Serperior, L50, M|\n|poke|p1|Ninetales-Alola, L50, F|\n|poke|p1|Ursaluna-Bloodmoon, L50, M|\n|poke|p1|Dragonite, L50, F|\n|poke|p1|Archaludon, L50, F|\n|poke|p2|Dondozo, L50, M|\n|poke|p2|Tatsugiri, L50, F|\n|poke|p2|Pelipper, L50, M|\n|poke|p2|Archaludon, L50, F|\n|poke|p2|Basculegion, L50, M|\n|poke|p2|Rillaboom, L50, M|\n|teampreview|4\n|inactive|Battle timer is ON: inactive players will automatically lose when time's up. (requested by evenifyoustumble)\n|\n|t:|1725403813\n|start\n|switch|p1a: Archaludon|Archaludon, L50, F|100\/100\n|switch|p1b: Arcanine|Arcanine-Hisui, L50, F, shiny|100\/100\n|switch|p2a: Dondozo|Dondozo, L50, M|100\/100\n|switch|p2b: Pelipper|Pelipper, L50, M|100\/100\n|-weather|RainDance|[from] ability: Drizzle|[of] p2b: Pelipper\n|turn|1\n|\n|t:|1725403825\n|switch|p1b: Dragonite|Dragonite, L50, F|100\/100\n|switch|p2b: Tatsugiri|Tatsugiri, L50, F|100\/100\n|-activate|p2b: Tatsugiri|ability: Commander|[of] p2a: Dondozo\n|-boost|p2a: Dondozo|atk|2\n|-boost|p2a: Dondozo|spa|2\n|-boost|p2a: Dondozo|spe|2\n|-boost|p2a: Dondozo|def|2\n|-boost|p2a: Dondozo|spd|2\n|-terastallize|p2a: Dondozo|Water\n|move|p2a: Dondozo|Surf|p1b: Dragonite|[spread] p1a,p1b\n|-miss|p2a: Dondozo|p2b: Tatsugiri\n|-resisted|p1a: Archaludon\n|-resisted|p1b: Dragonite\n|-damage|p1a: Archaludon|4\/100\n|-damage|p1b: Dragonite|76\/100\n|-damage|p2a: Dondozo|91\/100|[from] item: Life Orb\n|move|p1a: Archaludon|Electro Shot||[still]\n|-prepare|p1a: Archaludon|Electro Shot\n|-boost|p1a: Archaludon|spa|1\n|-anim|p1a: Archaludon|Electro Shot|p2a: Dondozo\n|-supereffective|p2a: Dondozo\n|-damage|p2a: Dondozo|43\/100\n|\n|-weather|RainDance|[upkeep]\n|upkeep\n|turn|2\n|\n|t:|1725403842\n|move|p1a: Archaludon|Protect|p1a: Archaludon\n|-singleturn|p1a: Archaludon|Protect\n|move|p2a: Dondozo|Surf|p1a: Archaludon|[spread] p1b\n|-miss|p2a: Dondozo|p2b: Tatsugiri\n|-activate|p1a: Archaludon|move: Protect\n|-resisted|p1b: Dragonite\n|-crit|p1b: Dragonite\n|-damage|p1b: Dragonite|1\/100\n|-damage|p2a: Dondozo|33\/100|[from] item: Life Orb\n|move|p1b: Dragonite|Haze|p1b: Dragonite\n|-clearallboost\n|\n|-weather|RainDance|[upkeep]\n|upkeep\n|turn|3\n|\n|t:|1725403852\n|move|p1a: Archaludon|Electro Shot||[still]\n|-prepare|p1a: Archaludon|Electro Shot\n|-boost|p1a: Archaludon|spa|1\n|-anim|p1a: Archaludon|Electro Shot|p2a: Dondozo\n|-supereffective|p2a: Dondozo\n|-damage|p2a: Dondozo|0 fnt\n|faint|p2a: Dondozo\n|move|p1b: Dragonite|Ice Spinner|p2b: Tatsugiri\n|-damage|p2b: Tatsugiri|54\/100\n|\n|-weather|RainDance|[upkeep]\n|upkeep\n|\n|t:|1725403860\n|switch|p2a: Basculegion|Basculegion, L50, M|100\/100\n|turn|4\n|\n|t:|1725403870\n|move|p1a: Archaludon|Protect|p1a: Archaludon\n|-singleturn|p1a: Archaludon|Protect\n|move|p2a: Basculegion|Last Respects|p1b: Dragonite\n|-damage|p1b: Dragonite|0 fnt\n|faint|p1b: Dragonite\n|move|p2b: Tatsugiri|Muddy Water|p1a: Archaludon\n|-activate|p1a: Archaludon|move: Protect\n|\n|-weather|RainDance|[upkeep]\n|upkeep\n|\n|t:|1725403874\n|switch|p1b: YELLOW COLOR|Serperior, L50, M|100\/100\n|turn|5\n|\n|t:|1725403878\n|move|p2a: Basculegion|Last Respects|p1b: YELLOW COLOR\n|-damage|p1b: YELLOW COLOR|17\/100\n|-enditem|p1b: YELLOW COLOR|Sitrus Berry|[eat]\n|-heal|p1b: YELLOW COLOR|42\/100|[from] item: Sitrus Berry\n|move|p2b: Tatsugiri|Muddy Water|p1a: Archaludon|[spread] p1a,p1b\n|-resisted|p1a: Archaludon\n|-resisted|p1b: YELLOW COLOR\n|-damage|p1a: Archaludon|0 fnt\n|-damage|p1b: YELLOW COLOR|17\/100\n|faint|p1a: Archaludon\n|move|p1b: YELLOW COLOR|Leaf Storm|p2a: Basculegion\n|-supereffective|p2a: Basculegion\n|-damage|p2a: Basculegion|9\/100\n|-boost|p1b: YELLOW COLOR|spa|2\n|\n|-weather|none\n|upkeep\n|\n|t:|1725403888\n|switch|p1a: Arcanine|Arcanine-Hisui, L50, F, shiny|100\/100\n|turn|6\n|\n|t:|1725403898\n|switch|p2b: Pelipper|Pelipper, L50, M|100\/100\n|-weather|RainDance|[from] ability: Drizzle|[of] p2b: Pelipper\n|move|p2a: Basculegion|Last Respects|p1a: Arcanine\n|-damage|p1a: Arcanine|8\/100\n|move|p1b: YELLOW COLOR|Leaf Storm|p2a: Basculegion\n|-supereffective|p2a: Basculegion\n|-damage|p2a: Basculegion|0 fnt\n|-boost|p1b: YELLOW COLOR|spa|2\n|faint|p2a: Basculegion\n|move|p1a: Arcanine|Head Smash|p2b: Pelipper|[miss]\n|-miss|p1a: Arcanine|p2b: Pelipper\n|\n|-weather|RainDance|[upkeep]\n|upkeep\n|\n|t:|1725403900\n|switch|p2a: Tatsugiri|Tatsugiri, L50, F|54\/100\n|turn|7\n|\n|t:|1725403915\n|move|p1b: YELLOW COLOR|Protect|p1b: YELLOW COLOR\n|-singleturn|p1b: YELLOW COLOR|Protect\n|move|p1a: Arcanine|Extreme Speed|p2a: Tatsugiri\n|-damage|p2a: Tatsugiri|5\/100\n|move|p2a: Tatsugiri|Muddy Water|p1a: Arcanine|[spread] p1a\n|-activate|p1b: YELLOW COLOR|move: Protect\n|-supereffective|p1a: Arcanine\n|-damage|p1a: Arcanine|0 fnt\n|faint|p1a: Arcanine\n|move|p2b: Pelipper|Hurricane|p1b: YELLOW COLOR\n|-activate|p1b: YELLOW COLOR|move: Protect\n|\n|-weather|RainDance|[upkeep]\n|upkeep\n|turn|8\n|-message|evenifyoustumble forfeited.\n|\n|win|AndyLaVGC\n|raw|evenifyoustumble's rating: 1718 &rarr; <strong>1695<\/strong><br \/>(-23 for losing)\n|raw|AndyLaVGC's rating: 1664 &rarr; <strong>1687<\/strong><br \/>(+23 for winning)\n|l|\u2606evenifyoustumble\n|player|p1|\n|l|\u2606AndyLaVGC\n|player|p2|\n","uploadtime":1725404145,"views":58,"formatid":"gen9vgc2024regh","rating":1687,"private":0,"password":null}