{"id":"gen9vgc2024regh-2194023493","format":"[Gen 9] VGC 2024 Reg H","players":["actuary97","rexonagirl"],"log":"|j|\u2606actuary97\n|j|\u2606rexonagirl\n|t:|1725405757\n|gametype|doubles\n|player|p1|actuary97|sabrina-frlg|1744\n|player|p2|rexonagirl|grimsley-masters|1643\n|teamsize|p1|6\n|teamsize|p2|6\n|gen|9\n|tier|[Gen 9] VGC 2024 Reg H\n|rated|\n|rule|Species Clause: Limit one of each Pok\u00e9mon\n|rule|Item Clause: Limit 1 of each item\n|clearpoke\n|poke|p1|Whimsicott, L50, F|\n|poke|p1|Gallade, L50, M|\n|poke|p1|Hatterene, L50, F|\n|poke|p1|Malamar, L50, F|\n|poke|p1|Indeedee, L50, M|\n|poke|p1|Archaludon, L50, F|\n|poke|p2|Archaludon, L50, M|\n|poke|p2|Ursaluna-Bloodmoon, L50, M|\n|poke|p2|Rillaboom, L50, M|\n|poke|p2|Pelipper, L50, M|\n|poke|p2|Incineroar, L50, M|\n|poke|p2|Farigiraf, L50, M|\n|teampreview|4\n|inactive|Battle timer is ON: inactive players will automatically lose when time's up. (requested by rexonagirl)\nactuary97 has agreed to open team sheets.\n|\n|t:|1725405783\n|start\n|switch|p1a: Mischief Mother|Whimsicott, L50, F, shiny|100\/100\n|switch|p1b: Bridget|Archaludon, L50, F, shiny|100\/100\n|switch|p2a: Farigiraf|Farigiraf, L50, M|100\/100\n|switch|p2b: Ursaluna|Ursaluna-Bloodmoon, L50, M|100\/100\n|turn|1\n|inactive|actuary97 has 30 seconds left.\n|\n|t:|1725405811\n|move|p2b: Ursaluna|Protect|p2b: Ursaluna\n|-singleturn|p2b: Ursaluna|Protect\n|move|p1a: Mischief Mother|Beat Up|p1b: Bridget\n|-damage|p1b: Bridget|99\/100\n|-ability|p1b: Bridget|Stamina|boost\n|-boost|p1b: Bridget|def|1\n|-damage|p1b: Bridget|97\/100\n|-ability|p1b: Bridget|Stamina|boost\n|-boost|p1b: Bridget|def|1\n|-damage|p1b: Bridget|96\/100\n|-ability|p1b: Bridget|Stamina|boost\n|-boost|p1b: Bridget|def|1\n|-damage|p1b: Bridget|95\/100\n|-ability|p1b: Bridget|Stamina|boost\n|-boost|p1b: Bridget|def|1\n|-hitcount|p1b: Bridget|4\n|move|p1b: Bridget|Body Press|p2a: Farigiraf\n|-damage|p2a: Farigiraf|45\/100\n|move|p2a: Farigiraf|Trick Room|p2a: Farigiraf\n|-fieldstart|move: Trick Room|[of] p2a: Farigiraf\n|\n|upkeep\n|turn|2\n|j| Peroquecuones\n|j| Rabbithorn01\n|inactive|actuary97 has 30 seconds left.\n|\n|t:|1725405843\n|-terastallize|p2b: Ursaluna|Normal\n|-terastallize|p1b: Bridget|Flying\n|move|p2a: Farigiraf|Hyper Voice|p1a: Mischief Mother|[spread] p1a,p1b\n|-damage|p1a: Mischief Mother|61\/100\n|-damage|p1b: Bridget|80\/100\n|-ability|p1b: Bridget|Stamina|boost\n|-boost|p1b: Bridget|def|1\n|move|p2b: Ursaluna|Blood Moon|p1b: Bridget\n|-damage|p1b: Bridget|0 fnt\n|faint|p1b: Bridget\n|-damage|p2b: Ursaluna|91\/100|[from] item: Life Orb\n|move|p1a: Mischief Mother|Moonblast|p2a: Farigiraf\n|-damage|p2a: Farigiraf|12\/100\n|\n|upkeep\n|\n|t:|1725405858\n|switch|p1b: Tapu Deedee|Indeedee, L50, M, shiny|100\/100\n|-fieldstart|move: Psychic Terrain|[from] ability: Psychic Surge|[of] p1b: Tapu Deedee\n|turn|3\n|\n|t:|1725405872\n|switch|p2a: Rillaboom|Rillaboom, L50, M|100\/100\n|-fieldstart|move: Grassy Terrain|[from] ability: Grassy Surge|[of] p2a: Rillaboom\n|move|p2b: Ursaluna|Hyper Voice|p1b: Tapu Deedee|[spread] p1a,p1b\n|-damage|p1a: Mischief Mother|0 fnt\n|-damage|p1b: Tapu Deedee|12\/100\n|faint|p1a: Mischief Mother\n|-damage|p2b: Ursaluna|81\/100|[from] item: Life Orb\n|move|p1b: Tapu Deedee|Expanding Force|p2a: Rillaboom\n|-damage|p2a: Rillaboom|39\/100\n|\n|-heal|p2b: Ursaluna|88\/100|[from] Grassy Terrain\n|-heal|p2a: Rillaboom|45\/100|[from] Grassy Terrain\n|-heal|p1b: Tapu Deedee|18\/100|[from] Grassy Terrain\n|upkeep\n|\n|t:|1725405874\n|switch|p1a: \u2694\ufe0fKing\u2694\ufe0f|Gallade, L50, M, shiny|100\/100\n|turn|4\n|j| jorginhotv\n|inactive|rexonagirl has 30 seconds left.\n|\n|t:|1725405904\n|move|p1a: \u2694\ufe0fKing\u2694\ufe0f|Protect|p1a: \u2694\ufe0fKing\u2694\ufe0f\n|-singleturn|p1a: \u2694\ufe0fKing\u2694\ufe0f|Protect\n|move|p2a: Rillaboom|Fake Out|p1a: \u2694\ufe0fKing\u2694\ufe0f\n|-activate|p1a: \u2694\ufe0fKing\u2694\ufe0f|move: Protect\n|move|p2b: Ursaluna|Earth Power|p1b: Tapu Deedee\n|-damage|p1b: Tapu Deedee|0 fnt\n|faint|p1b: Tapu Deedee\n|-damage|p2b: Ursaluna|78\/100|[from] item: Life Orb\n|\n|-heal|p2b: Ursaluna|84\/100|[from] Grassy Terrain\n|-heal|p2a: Rillaboom|51\/100|[from] Grassy Terrain\n|upkeep\n|turn|5\n|\n|t:|1725405914\n|move|p1a: \u2694\ufe0fKing\u2694\ufe0f|Protect||[still]\n|-fail|p1a: \u2694\ufe0fKing\u2694\ufe0f\n|move|p2a: Rillaboom|Grassy Glide|p1a: \u2694\ufe0fKing\u2694\ufe0f\n|-damage|p1a: \u2694\ufe0fKing\u2694\ufe0f|17\/100\n|move|p2b: Ursaluna|Blood Moon|p1a: \u2694\ufe0fKing\u2694\ufe0f\n|-damage|p1a: \u2694\ufe0fKing\u2694\ufe0f|0 fnt\n|faint|p1a: \u2694\ufe0fKing\u2694\ufe0f\n|-damage|p2b: Ursaluna|75\/100|[from] item: Life Orb\n|\n|win|rexonagirl\n|raw|actuary97's rating: 1744 &rarr; <strong>1718<\/strong><br \/>(-26 for losing)\n|raw|rexonagirl's rating: 1643 &rarr; <strong>1669<\/strong><br \/>(+26 for winning)\n|c|\u2606actuary97|gg\n|l|\u2606actuary97\n|player|p1|\n|c|\u2606rexonagirl|gg\n|l| Peroquecuones\n","uploadtime":1725405935,"views":30,"formatid":"gen9vgc2024regh","rating":1669,"private":0,"password":null}