{"id":"gen9vgc2024regh-2194003989","format":"[Gen 9] VGC 2024 Reg H","players":["actuary97","oscraft89"],"log":"|j|\u2606actuary97\n|j|\u2606oscraft89\n|t:|1725403488\n|gametype|doubles\n|player|p1|actuary97|sabrina-frlg|1780\n|player|p2|oscraft89|101|1715\n|teamsize|p1|6\n|teamsize|p2|6\n|gen|9\n|tier|[Gen 9] VGC 2024 Reg H\n|rated|\n|rule|Species Clause: Limit one of each Pok\u00e9mon\n|rule|Item Clause: Limit 1 of each item\n|clearpoke\n|poke|p1|Whimsicott, L50, F|\n|poke|p1|Gallade, L50, M|\n|poke|p1|Hatterene, L50, F|\n|poke|p1|Malamar, L50, F|\n|poke|p1|Indeedee, L50, M|\n|poke|p1|Archaludon, L50, F|\n|poke|p2|Talonflame, L50, F|\n|poke|p2|Tyranitar, L50, F|\n|poke|p2|Garchomp, L50, F|\n|poke|p2|Rillaboom, L50, M|\n|poke|p2|Primarina, L50, F|\n|poke|p2|Gholdengo, L50|\n|teampreview|4\nactuary97 has agreed to open team sheets.\noscraft89 has agreed to open team sheets.\n|j| mr pogostick\n|\n|t:|1725403528\n|start\n|switch|p1a: Mischief Mother|Whimsicott, L50, F, shiny|100\/100\n|switch|p1b: Tapu Deedee|Indeedee, L50, M, shiny|100\/100\n|switch|p2a: Brave bird|Talonflame, L50, F, shiny|100\/100\n|switch|p2b: Gholdengo|Gholdengo, L50, shiny|100\/100\n|-fieldstart|move: Psychic Terrain|[from] ability: Psychic Surge|[of] p1b: Tapu Deedee\n|turn|1\n|\n|t:|1725403545\n|move|p2a: Brave bird|Tailwind|p2a: Brave bird\n|-sidestart|p2: oscraft89|move: Tailwind\n|move|p1a: Mischief Mother|Tailwind|p1a: Mischief Mother\n|-sidestart|p1: actuary97|move: Tailwind\n|move|p1b: Tapu Deedee|Expanding Force|p2a: Brave bird|[spread] p2a,p2b\n|-crit|p2a: Brave bird\n|-resisted|p2b: Gholdengo\n|-damage|p2a: Brave bird|0 fnt\n|-damage|p2b: Gholdengo|54\/100\n|faint|p2a: Brave bird\n|move|p2b: Gholdengo|Make It Rain|p1b: Tapu Deedee|[spread] p1a,p1b\n|-supereffective|p1a: Mischief Mother\n|-crit|p1b: Tapu Deedee\n|-enditem|p1a: Mischief Mother|Focus Sash\n|-damage|p1a: Mischief Mother|1\/100\n|-damage|p1b: Tapu Deedee|0 fnt\n|-unboost|p2b: Gholdengo|spa|1\n|faint|p1b: Tapu Deedee\n|\n|upkeep\n|j| hachiware\n|j| Peroquecuones\n|\n|t:|1725403561\n|switch|p2a: Rillaboom|Rillaboom, L50, M|100\/100\n|switch|p1b: \u2694\ufe0fKing\u2694\ufe0f|Gallade, L50, M, shiny|100\/100\n|-fieldstart|move: Grassy Terrain|[from] ability: Grassy Surge|[of] p2a: Rillaboom\n|turn|2\n|\n|t:|1725403591\n|switch|p1a: Bridget|Archaludon, L50, F, shiny|100\/100\n|switch|p2b: Tyranitar|Tyranitar, L50, F, shiny|100\/100\n|-weather|Sandstorm|[from] ability: Sand Stream|[of] p2b: Tyranitar\n|move|p1b: \u2694\ufe0fKing\u2694\ufe0f|Protect|p1b: \u2694\ufe0fKing\u2694\ufe0f\n|-singleturn|p1b: \u2694\ufe0fKing\u2694\ufe0f|Protect\n|move|p2a: Rillaboom|Fake Out|p1a: Bridget\n|-resisted|p1a: Bridget\n|-damage|p1a: Bridget|96\/100\n|-ability|p1a: Bridget|Stamina|boost\n|-boost|p1a: Bridget|def|1\n|\n|-weather|Sandstorm|[upkeep]\n|-damage|p1b: \u2694\ufe0fKing\u2694\ufe0f|95\/100|[from] Sandstorm\n|-damage|p2a: Rillaboom|95\/100|[from] Sandstorm\n|-heal|p1b: \u2694\ufe0fKing\u2694\ufe0f|100\/100|[from] Grassy Terrain\n|-heal|p2a: Rillaboom|100\/100|[from] Grassy Terrain\n|-heal|p1a: Bridget|100\/100|[from] Grassy Terrain\n|upkeep\n|turn|3\n|\n|t:|1725403643\n|-terastallize|p1b: \u2694\ufe0fKing\u2694\ufe0f|Grass\n|-terastallize|p2b: Tyranitar|Flying\n|move|p1b: \u2694\ufe0fKing\u2694\ufe0f|Leaf Blade|p2b: Tyranitar\n|-resisted|p2b: Tyranitar\n|-damage|p2b: Tyranitar|62\/100\n|move|p2a: Rillaboom|Wood Hammer|p1b: \u2694\ufe0fKing\u2694\ufe0f\n|-resisted|p1b: \u2694\ufe0fKing\u2694\ufe0f\n|-damage|p1b: \u2694\ufe0fKing\u2694\ufe0f|34\/100\n|-damage|p2a: Rillaboom|83\/100|[from] Recoil\n|move|p1a: Bridget|Electro Shot||[still]\n|-prepare|p1a: Bridget|Electro Shot\n|-boost|p1a: Bridget|spa|1\n|move|p2b: Tyranitar|Dragon Dance|p2b: Tyranitar\n|-boost|p2b: Tyranitar|atk|1\n|-boost|p2b: Tyranitar|spe|1\n|\n|-weather|Sandstorm|[upkeep]\n|-damage|p1b: \u2694\ufe0fKing\u2694\ufe0f|28\/100|[from] Sandstorm\n|-damage|p2a: Rillaboom|77\/100|[from] Sandstorm\n|-heal|p1b: \u2694\ufe0fKing\u2694\ufe0f|34\/100|[from] Grassy Terrain\n|-heal|p2a: Rillaboom|83\/100|[from] Grassy Terrain\n|upkeep\n|turn|4\n|\n|t:|1725403662\n|switch|p2a: Gholdengo|Gholdengo, L50, shiny|54\/100\n|move|p1b: \u2694\ufe0fKing\u2694\ufe0f|Protect|p1b: \u2694\ufe0fKing\u2694\ufe0f\n|-singleturn|p1b: \u2694\ufe0fKing\u2694\ufe0f|Protect\n|move|p2b: Tyranitar|Knock Off|p1a: Bridget\n|-damage|p1a: Bridget|65\/100\n|-ability|p1a: Bridget|Stamina|boost\n|-boost|p1a: Bridget|def|1\n|-enditem|p1a: Bridget|Assault Vest|[from] move: Knock Off|[of] p2b: Tyranitar\n|move|p1a: Bridget|Electro Shot|p2b: Tyranitar|[from]lockedmove\n|-supereffective|p2b: Tyranitar\n|-damage|p2b: Tyranitar|0 fnt\n|faint|p2b: Tyranitar\n|\n|-weather|Sandstorm|[upkeep]\n|-damage|p1b: \u2694\ufe0fKing\u2694\ufe0f|28\/100|[from] Sandstorm\n|-heal|p2a: Gholdengo|59\/100|[from] Grassy Terrain\n|-heal|p1b: \u2694\ufe0fKing\u2694\ufe0f|34\/100|[from] Grassy Terrain\n|-heal|p1a: Bridget|71\/100|[from] Grassy Terrain\n|-sideend|p2: oscraft89|move: Tailwind\n|-sideend|p1: actuary97|move: Tailwind\n|upkeep\n|\n|t:|1725403673\n|switch|p2b: Rillaboom|Rillaboom, L50, M|83\/100\n|turn|5\n|\n|t:|1725403690\n|move|p2b: Rillaboom|Fake Out|p1b: \u2694\ufe0fKing\u2694\ufe0f\n|-damage|p1b: \u2694\ufe0fKing\u2694\ufe0f|10\/100\n|move|p2a: Gholdengo|Shadow Ball|p1a: Bridget\n|-damage|p1a: Bridget|2\/100\n|-ability|p1a: Bridget|Stamina|boost\n|-boost|p1a: Bridget|def|1\n|cant|p1b: \u2694\ufe0fKing\u2694\ufe0f|flinch\n|move|p1a: Bridget|Snarl|p2a: Gholdengo|[spread] p2a,p2b\n|-supereffective|p2a: Gholdengo\n|-damage|p2a: Gholdengo|16\/100\n|-damage|p2b: Rillaboom|71\/100\n|-unboost|p2a: Gholdengo|spa|1\n|-unboost|p2b: Rillaboom|spa|1\n|\n|-weather|Sandstorm|[upkeep]\n|-damage|p1b: \u2694\ufe0fKing\u2694\ufe0f|4\/100|[from] Sandstorm\n|-damage|p2b: Rillaboom|65\/100|[from] Sandstorm\n|-heal|p2a: Gholdengo|21\/100|[from] Grassy Terrain\n|-heal|p1b: \u2694\ufe0fKing\u2694\ufe0f|10\/100|[from] Grassy Terrain\n|-heal|p2b: Rillaboom|71\/100|[from] Grassy Terrain\n|-heal|p1a: Bridget|8\/100|[from] Grassy Terrain\n|upkeep\n|turn|6\n|\n|t:|1725403726\n|move|p2b: Rillaboom|Grassy Glide|p1b: \u2694\ufe0fKing\u2694\ufe0f\n|-resisted|p1b: \u2694\ufe0fKing\u2694\ufe0f\n|-damage|p1b: \u2694\ufe0fKing\u2694\ufe0f|0 fnt\n|faint|p1b: \u2694\ufe0fKing\u2694\ufe0f\n|move|p2a: Gholdengo|Shadow Ball|p1a: Bridget\n|-damage|p1a: Bridget|0 fnt\n|faint|p1a: Bridget\n|\n|-weather|none\n|-heal|p2a: Gholdengo|27\/100|[from] Grassy Terrain\n|-heal|p2b: Rillaboom|76\/100|[from] Grassy Terrain\n|-fieldend|move: Grassy Terrain\n|upkeep\n|\n|t:|1725403729\n|switch|p1b: Mischief Mother|Whimsicott, L50, F, shiny|1\/100\n|turn|7\n|l| hachiware\n|j| hachiware\n|l| hachiware\n|\n|t:|1725403740\n|move|p1b: Mischief Mother|Moonblast|p2a: Gholdengo\n|-resisted|p2a: Gholdengo\n|-damage|p2a: Gholdengo|6\/100\n|move|p2a: Gholdengo|Shadow Ball|p1b: Mischief Mother\n|-damage|p1b: Mischief Mother|0 fnt\n|faint|p1b: Mischief Mother\n|\n|win|oscraft89\n|raw|actuary97's rating: 1780 &rarr; <strong>1756<\/strong><br \/>(-24 for losing)\n|raw|oscraft89's rating: 1715 &rarr; <strong>1739<\/strong><br \/>(+24 for winning)\n|l|\u2606oscraft89\n|player|p2|\n|l| Peroquecuones\n|l|\u2606actuary97\n|player|p1|\n|l| mr pogostick\n","uploadtime":1725404007,"views":112,"formatid":"gen9vgc2024regh","rating":1739,"private":0,"password":null}