{"id":"gen9vgc2024regh-2194811496","format":"[Gen 9] VGC 2024 Reg H","players":["CarryTheBoats","actuary97"],"log":"|j|\u2606CarryTheBoats\n|j|\u2606actuary97\n|t:|1725501747\n|gametype|doubles\n|player|p1|CarryTheBoats|crasherwake|1748\n|player|p2|actuary97|sabrina-frlg|1795\n|teamsize|p1|6\n|teamsize|p2|6\n|gen|9\n|tier|[Gen 9] VGC 2024 Reg H\n|rated|\n|rule|Species Clause: Limit one of each Pok\u00e9mon\n|rule|Item Clause: Limit 1 of each item\n|clearpoke\n|poke|p1|Amoonguss, L50, F|\n|poke|p1|Porygon2, L50|\n|poke|p1|Ursaluna, L50, M|\n|poke|p1|Tyranitar, L50, F|\n|poke|p1|Tauros-Paldea-Blaze, L50, M|\n|poke|p1|Basculegion, L50, M|\n|poke|p2|Whimsicott, L50, F|\n|poke|p2|Gallade, L50, M|\n|poke|p2|Hatterene, L50, F|\n|poke|p2|Malamar, L50, F|\n|poke|p2|Indeedee, L50, M|\n|poke|p2|Archaludon, L50, F|\n|teampreview|4\nactuary97 has agreed to open team sheets.\n|c|\u2606actuary97|cool team I literally love fire tauros\n|\n|t:|1725501829\n|start\n|switch|p1a: Tauros|Tauros-Paldea-Blaze, L50, M|100\/100\n|switch|p1b: Basculegion|Basculegion, L50, M|100\/100\n|switch|p2a: Mischief Mother|Whimsicott, L50, F, shiny|100\/100\n|switch|p2b: Bridget|Archaludon, L50, F, shiny|100\/100\n|-ability|p1a: Tauros|Intimidate|boost\n|-unboost|p2a: Mischief Mother|atk|1\n|-unboost|p2b: Bridget|atk|1\n|turn|1\n|j| hachiware\n|\n|t:|1725501847\n|move|p1b: Basculegion|Aqua Jet|p2b: Bridget\n|-resisted|p2b: Bridget\n|-damage|p2b: Bridget|89\/100\n|-ability|p2b: Bridget|Stamina|boost\n|-boost|p2b: Bridget|def|1\n|move|p2a: Mischief Mother|Beat Up|p2b: Bridget\n|-damage|p2b: Bridget|88\/100\n|-ability|p2b: Bridget|Stamina|boost\n|-boost|p2b: Bridget|def|1\n|-damage|p2b: Bridget|87\/100\n|-ability|p2b: Bridget|Stamina|boost\n|-boost|p2b: Bridget|def|1\n|-damage|p2b: Bridget|87\/100\n|-ability|p2b: Bridget|Stamina|boost\n|-boost|p2b: Bridget|def|1\n|-damage|p2b: Bridget|86\/100\n|-ability|p2b: Bridget|Stamina|boost\n|-boost|p2b: Bridget|def|1\n|-hitcount|p2b: Bridget|4\n|move|p1a: Tauros|Close Combat|p2b: Bridget\n|-supereffective|p2b: Bridget\n|-damage|p2b: Bridget|61\/100\n|-unboost|p1a: Tauros|def|1\n|-unboost|p1a: Tauros|spd|1\n|-ability|p2b: Bridget|Stamina|boost\n|-boost|p2b: Bridget|def|1\n|move|p2b: Bridget|Body Press|p1a: Tauros\n|-damage|p1a: Tauros|0 fnt\n|faint|p1a: Tauros\n|\n|upkeep\n|\n|t:|1725501871\n|switch|p1a: Porygon2|Porygon2, L50|100\/100\n|-ability|p1a: Porygon2|Download|boost\n|-boost|p1a: Porygon2|spa|1\n|turn|2\n|\n|t:|1725501887\n|switch|p1b: Tyranitar|Tyranitar, L50, F|100\/100\n|-weather|Sandstorm|[from] ability: Sand Stream|[of] p1b: Tyranitar\n|-terastallize|p1a: Porygon2|Fighting\n|move|p2a: Mischief Mother|Encore|p1b: Tyranitar\n|-hint|Since gen 7, Dark is immune to Prankster moves.\n|-immune|p1b: Tyranitar\n|move|p2b: Bridget|Snarl|p1a: Porygon2|[spread] p1a,p1b\n|-resisted|p1a: Porygon2\n|-resisted|p1b: Tyranitar\n|-damage|p1a: Porygon2|97\/100\n|-damage|p1b: Tyranitar|98\/100\n|-unboost|p1a: Porygon2|spa|1\n|-unboost|p1b: Tyranitar|spa|1\n|move|p1a: Porygon2|Trick Room|p1a: Porygon2\n|-fieldstart|move: Trick Room|[of] p1a: Porygon2\n|\n|-weather|Sandstorm|[upkeep]\n|-damage|p1a: Porygon2|91\/100|[from] Sandstorm\n|-damage|p2a: Mischief Mother|95\/100|[from] Sandstorm\n|upkeep\n|turn|3\n|j| gffdghs\n|\n|t:|1725501900\n|switch|p1a: Basculegion|Basculegion, L50, M|100\/100\n|move|p2a: Mischief Mother|Encore||[still]\n|-fail|p2a: Mischief Mother\n|move|p1b: Tyranitar|Ice Punch|p2a: Mischief Mother\n|-supereffective|p2a: Mischief Mother\n|-damage|p2a: Mischief Mother|6\/100\n|move|p2b: Bridget|Body Press|p1b: Tyranitar\n|-supereffective|p1b: Tyranitar\n|-damage|p1b: Tyranitar|0 fnt\n|faint|p1b: Tyranitar\n|\n|-weather|Sandstorm|[upkeep]\n|-damage|p2a: Mischief Mother|0 fnt|[from] Sandstorm\n|-damage|p1a: Basculegion|94\/100|[from] Sandstorm\n|faint|p2a: Mischief Mother\n|upkeep\n|\n|t:|1725501924\n|switch|p1b: Porygon2|Porygon2, L50, tera:Fighting|91\/100\n|switch|p2a: \u2694\ufe0fKing\u2694\ufe0f|Gallade, L50, M, shiny|100\/100\n|-ability|p1b: Porygon2|Download|boost\n|-boost|p1b: Porygon2|spa|1\n|turn|4\n|\n|t:|1725501943\n|-terastallize|p2a: \u2694\ufe0fKing\u2694\ufe0f|Grass\n|move|p1b: Porygon2|Tera Blast|p2b: Bridget|[anim] Tera Blast Fighting\n|-supereffective|p2b: Bridget\n|-damage|p2b: Bridget|0 fnt\n|faint|p2b: Bridget\n|move|p2a: \u2694\ufe0fKing\u2694\ufe0f|Psycho Cut|p1b: Porygon2\n|-supereffective|p1b: Porygon2\n|-crit|p1b: Porygon2\n|-damage|p1b: Porygon2|0 fnt\n|faint|p1b: Porygon2\n|move|p1a: Basculegion|Last Respects|p2a: \u2694\ufe0fKing\u2694\ufe0f\n|-damage|p2a: \u2694\ufe0fKing\u2694\ufe0f|0 fnt\n|faint|p2a: \u2694\ufe0fKing\u2694\ufe0f\n|\n|-weather|Sandstorm|[upkeep]\n|-damage|p1a: Basculegion|88\/100|[from] Sandstorm\n|upkeep\n|\n|t:|1725501951\n|switch|p2b: Tapu Deedee|Indeedee, L50, M, shiny|100\/100\n|-fieldstart|move: Psychic Terrain|[from] ability: Psychic Surge|[of] p2b: Tapu Deedee\n|turn|5\n|\n|t:|1725501956\n|move|p2b: Tapu Deedee|Expanding Force|p1a: Basculegion\n|-damage|p1a: Basculegion|0 fnt\n|faint|p1a: Basculegion\n|\n|win|actuary97\n|raw|CarryTheBoats's rating: 1748 &rarr; <strong>1731<\/strong><br \/>(-17 for losing)\n|raw|actuary97's rating: 1795 &rarr; <strong>1812<\/strong><br \/>(+17 for winning)\n|c|\u2606actuary97|gg\n|c|\u2606actuary97|really cool team\n|c|\u2606actuary97|is that scarf?\n|c|\u2606actuary97|normally my indeedee actually outspeed so I thought I was cooked\n|l|\u2606CarryTheBoats\n|player|p1|\n|l| hachiware\n|l|\u2606actuary97\n|player|p2|\n|j|\u2606CarryTheBoats\n|player|p1|CarryTheBoats|crasherwake|\n|l|\u2606CarryTheBoats\n|player|p1|\n","uploadtime":1725501991,"views":115,"formatid":"gen9vgc2024regh","rating":1731,"private":0,"password":null}