{"id":"gen9vgc2024regh-2194569900","format":"[Gen 9] VGC 2024 Reg H","players":["Xatseye","ansego"],"log":"|j|\u2606Xatseye\n|j|\u2606ansego\n|t:|1725475171\n|gametype|doubles\n|player|p1|Xatseye|265|1696\n|player|p2|ansego|265|1674\n|teamsize|p1|6\n|teamsize|p2|6\n|gen|9\n|tier|[Gen 9] VGC 2024 Reg H\n|rated|\n|rule|Species Clause: Limit one of each Pok\u00e9mon\n|rule|Item Clause: Limit 1 of each item\n|clearpoke\n|poke|p1|Archaludon, L50, F|\n|poke|p1|Pelipper, L50, M|\n|poke|p1|Gholdengo, L50|\n|poke|p1|Hydreigon, L50, M|\n|poke|p1|Basculegion, L50, M|\n|poke|p1|Amoonguss, L50, F|\n|poke|p2|Indeedee, L50, M|\n|poke|p2|Sneasler, L50, M|\n|poke|p2|Milotic, L50, F|\n|poke|p2|Whimsicott, L50, F|\n|poke|p2|Incineroar, L50, F|\n|poke|p2|Archaludon, L50, M|\n|teampreview|4\n|inactive|Battle timer is ON: inactive players will automatically lose when time's up. (requested by Xatseye)\n|j| giftedyew\n|j| Therazer456\n|inactive|Xatseye has 60 seconds left.\n|\n|t:|1725475221\n|start\n|switch|p1a: Gholdengo|Gholdengo, L50|100\/100\n|switch|p1b: Pelipper|Pelipper, L50, M|100\/100\n|switch|p2a: Incineroar|Incineroar, L50, F|100\/100\n|switch|p2b: Archaludon|Archaludon, L50, M|100\/100\n|-weather|RainDance|[from] ability: Drizzle|[of] p1b: Pelipper\n|-ability|p2a: Incineroar|Intimidate|boost\n|-unboost|p1a: Gholdengo|atk|1\n|-unboost|p1b: Pelipper|atk|1\n|turn|1\n|j| dorkalork\n|\n|t:|1725475239\n|switch|p1b: Archaludon|Archaludon, L50, F|100\/100\n|move|p1a: Gholdengo|Focus Blast|p2b: Archaludon|[miss]\n|-miss|p1a: Gholdengo|p2b: Archaludon\n|move|p2b: Archaludon|Electro Shot||[still]\n|-prepare|p2b: Archaludon|Electro Shot\n|-boost|p2b: Archaludon|spa|1\n|-anim|p2b: Archaludon|Electro Shot|p1b: Archaludon\n|-resisted|p1b: Archaludon\n|-damage|p1b: Archaludon|70\/100\n|-ability|p1b: Archaludon|Stamina|boost\n|-boost|p1b: Archaludon|def|1\n|move|p2a: Incineroar|Knock Off|p1a: Gholdengo\n|-supereffective|p1a: Gholdengo\n|-damage|p1a: Gholdengo|13\/100\n|-enditem|p1a: Gholdengo|Choice Specs|[from] move: Knock Off|[of] p2a: Incineroar\n|\n|-weather|RainDance|[upkeep]\n|upkeep\n|turn|2\n|l| giftedyew\n|\n|t:|1725475258\n|move|p1a: Gholdengo|Focus Blast|p2b: Archaludon\n|-supereffective|p2b: Archaludon\n|-damage|p2b: Archaludon|36\/100\n|-ability|p2b: Archaludon|Stamina|boost\n|-boost|p2b: Archaludon|def|1\n|move|p1b: Archaludon|Draco Meteor|p2b: Archaludon\n|-damage|p2b: Archaludon|0 fnt\n|-unboost|p1b: Archaludon|spa|2\n|faint|p2b: Archaludon\n|move|p2a: Incineroar|Knock Off|p1b: Archaludon\n|-damage|p1b: Archaludon|50\/100\n|-ability|p1b: Archaludon|Stamina|boost\n|-boost|p1b: Archaludon|def|1\n|-enditem|p1b: Archaludon|Assault Vest|[from] move: Knock Off|[of] p2a: Incineroar\n|\n|-weather|RainDance|[upkeep]\n|upkeep\n|\n|t:|1725475265\n|switch|p2b: Indeedee|Indeedee, L50, M|100\/100\n|-fieldstart|move: Psychic Terrain|[from] ability: Psychic Surge|[of] p2b: Indeedee\n|turn|3\n|\n|t:|1725475281\n|move|p2b: Indeedee|Expanding Force|p1b: Archaludon|[spread] p1a,p1b\n|-resisted|p1a: Gholdengo\n|-resisted|p1b: Archaludon\n|-damage|p1a: Gholdengo|0 fnt\n|-damage|p1b: Archaludon|15\/100\n|-ability|p1b: Archaludon|Stamina|boost\n|-boost|p1b: Archaludon|def|1\n|faint|p1a: Gholdengo\n|move|p1b: Archaludon|Body Press|p2a: Incineroar\n|-supereffective|p2a: Incineroar\n|-damage|p2a: Incineroar|11\/100\n|-enditem|p2a: Incineroar|Sitrus Berry|[eat]\n|-heal|p2a: Incineroar|36\/100|[from] item: Sitrus Berry\n|move|p2a: Incineroar|Flare Blitz|p1b: Archaludon\n|-damage|p1b: Archaludon|8\/100\n|-ability|p1b: Archaludon|Stamina|boost\n|-boost|p1b: Archaludon|def|1\n|-damage|p2a: Incineroar|33\/100|[from] Recoil\n|\n|-weather|RainDance|[upkeep]\n|upkeep\n|\n|t:|1725475297\n|switch|p1a: Basculegion|Basculegion, L50, M|100\/100\n|turn|4\n|\n|t:|1725475302\n|move|p1a: Basculegion|Wave Crash|p2b: Indeedee\n|-enditem|p2b: Indeedee|Focus Sash\n|-damage|p2b: Indeedee|1\/100\n|-damage|p1a: Basculegion|78\/100|[from] Recoil\n|-damage|p1a: Basculegion|68\/100|[from] item: Life Orb\n|move|p2b: Indeedee|Expanding Force|p1a: Basculegion|[spread] p1a,p1b\n|-resisted|p1b: Archaludon\n|-damage|p1a: Basculegion|3\/100\n|-damage|p1b: Archaludon|0 fnt\n|faint|p1b: Archaludon\n|move|p2a: Incineroar|Knock Off|p1a: Basculegion\n|-supereffective|p1a: Basculegion\n|-damage|p1a: Basculegion|0 fnt\n|-enditem|p1a: Basculegion|Life Orb|[from] move: Knock Off|[of] p2a: Incineroar\n|faint|p1a: Basculegion\n|\n|-weather|RainDance|[upkeep]\n|upkeep\n|\n|t:|1725475316\n|switch|p1b: Pelipper|Pelipper, L50, M|100\/100\n|turn|5\n|\n|t:|1725475324\n|move|p2b: Indeedee|Expanding Force|p1b: Pelipper\n|-enditem|p1b: Pelipper|Focus Sash\n|-damage|p1b: Pelipper|1\/100\n|move|p1b: Pelipper|Muddy Water|p2b: Indeedee|[spread] p2a,p2b\n|-supereffective|p2a: Incineroar\n|-damage|p2a: Incineroar|0 fnt\n|-damage|p2b: Indeedee|0 fnt\n|faint|p2a: Incineroar\n|faint|p2b: Indeedee\n|\n|-weather|none\n|upkeep\n|\n|t:|1725475328\n|switch|p2a: Sneasler|Sneasler, L50, M, shiny|100\/100\n|-enditem|p2a: Sneasler|Psychic Seed\n|-boost|p2a: Sneasler|spd|1|[from] item: Psychic Seed\n|turn|6\n|-message|Xatseye forfeited.\n|\n|win|ansego\n|raw|Xatseye's rating: 1696 &rarr; <strong>1675<\/strong><br \/>(-21 for losing)\n|raw|ansego's rating: 1674 &rarr; <strong>1695<\/strong><br \/>(+21 for winning)\n|l|\u2606Xatseye\n|player|p1|\n|l| dorkalork\n|l| Therazer456\n|l|\u2606ansego\n|player|p2|\n","uploadtime":1725475588,"views":15,"formatid":"gen9vgc2024regh","rating":1675,"private":0,"password":null}