{"id":"gen9vgc2024regh-2195058537","format":"[Gen 9] VGC 2024 Reg H","players":["Waffles4breakfast","BirdKeeperNeek"],"log":"|j|\u2606Waffles4breakfast\n|j|\u2606BirdKeeperNeek\n|t:|1725540920\n|gametype|doubles\n|player|p1|Waffles4breakfast|juggler|1749\n|player|p2|BirdKeeperNeek|falkner|1638\n|teamsize|p1|6\n|teamsize|p2|6\n|gen|9\n|tier|[Gen 9] VGC 2024 Reg H\n|rated|\n|rule|Species Clause: Limit one of each Pok\u00e9mon\n|rule|Item Clause: Limit 1 of each item\n|clearpoke\n|poke|p1|Archaludon, L50, F|\n|poke|p1|Pelipper, L50, F|\n|poke|p1|Basculegion, L50, M|\n|poke|p1|Amoonguss, L50, M|\n|poke|p1|Gholdengo, L50|\n|poke|p1|Murkrow, L50, M|\n|poke|p2|Baxcalibur, L50, F|\n|poke|p2|Whimsicott, L50, F|\n|poke|p2|Gholdengo, L50|\n|poke|p2|Rillaboom, L50, M|\n|poke|p2|Tauros-Paldea-Blaze, L50, M|\n|poke|p2|Primarina, L50, M|\n|teampreview|4\n|c|\u2606BirdKeeperNeek|I love waffles\n|inactive|Battle timer is ON: inactive players will automatically lose when time's up. (requested by Waffles4breakfast)\n|j| Figo_44\n|inactive|BirdKeeperNeek has 60 seconds left.\n|j| taolathang\n|j| NanshanVGC\n|\n|t:|1725541000\n|start\n|switch|p1a: Gholdengo|Gholdengo, L50|100\/100\n|switch|p1b: Murkrow|Murkrow, L50, M|100\/100\n|switch|p2a: Whimsicott|Whimsicott, L50, F, shiny|100\/100\n|switch|p2b: Primarina|Primarina, L50, M|100\/100\n|turn|1\n|\n|t:|1725541018\n|-terastallize|p1a: Gholdengo|Steel\n|move|p1b: Murkrow|Tailwind|p1b: Murkrow\n|-sidestart|p1: Waffles4breakfast|move: Tailwind\n|move|p1a: Gholdengo|Make It Rain|p2a: Whimsicott|[spread] p2a,p2b\n|-supereffective|p2a: Whimsicott\n|-enditem|p2a: Whimsicott|Focus Sash\n|-damage|p2a: Whimsicott|1\/100\n|-damage|p2b: Primarina|17\/100\n|-unboost|p1a: Gholdengo|spa|1\n|move|p2a: Whimsicott|Moonblast|p1b: Murkrow\n|-supereffective|p1b: Murkrow\n|-crit|p1b: Murkrow\n|-damage|p1b: Murkrow|11\/100\n|move|p2b: Primarina|Hyper Voice|p1a: Gholdengo|[spread] p1a,p1b\n|-damage|p1a: Gholdengo|58\/100\n|-damage|p1b: Murkrow|0 fnt\n|faint|p1b: Murkrow\n|-enditem|p2b: Primarina|Throat Spray\n|-boost|p2b: Primarina|spa|1|[from] item: Throat Spray\n|\n|upkeep\n|\n|t:|1725541024\n|switch|p1b: Archaludon|Archaludon, L50, F|100\/100\n|turn|2\n|\n|t:|1725541043\n|move|p2a: Whimsicott|Tailwind|p2a: Whimsicott\n|-sidestart|p2: BirdKeeperNeek|move: Tailwind\n|move|p1a: Gholdengo|Make It Rain|p2a: Whimsicott|[spread] p2a,p2b\n|-supereffective|p2a: Whimsicott\n|-crit|p2a: Whimsicott\n|-damage|p2a: Whimsicott|0 fnt\n|-damage|p2b: Primarina|0 fnt\n|-unboost|p1a: Gholdengo|spa|1\n|faint|p2a: Whimsicott\n|faint|p2b: Primarina\n|move|p1b: Archaludon|Electro Shot||[still]\n|-prepare|p1b: Archaludon|Electro Shot\n|-boost|p1b: Archaludon|spa|1\n|\n|upkeep\n|\n|t:|1725541059\n|switch|p2a: Gholdengo|Gholdengo, L50|100\/100\n|switch|p2b: Rillaboom|Rillaboom, L50, M|100\/100\n|-fieldstart|move: Grassy Terrain|[from] ability: Grassy Surge|[of] p2b: Rillaboom\n|turn|3\n|inactive|BirdKeeperNeek has 30 seconds left.\n|\n|t:|1725541087\n|switch|p1a: Pelipper|Pelipper, L50, F|100\/100\n|-weather|RainDance|[from] ability: Drizzle|[of] p1a: Pelipper\n|move|p2b: Rillaboom|Fake Out|p1b: Archaludon\n|-resisted|p1b: Archaludon\n|-damage|p1b: Archaludon|96\/100\n|-ability|p1b: Archaludon|Stamina|boost\n|-boost|p1b: Archaludon|def|1\n|move|p2a: Gholdengo|Shadow Ball|p1b: Archaludon\n|-damage|p1b: Archaludon|35\/100\n|-ability|p1b: Archaludon|Stamina|boost\n|-boost|p1b: Archaludon|def|1\n|cant|p1b: Archaludon|flinch\n|\n|-weather|RainDance|[upkeep]\n|-heal|p1b: Archaludon|41\/100|[from] Grassy Terrain\n|upkeep\n|turn|4\n|\n|t:|1725541107\n|move|p1a: Pelipper|Weather Ball|p2a: Gholdengo\n|-damage|p2a: Gholdengo|24\/100\n|move|p2a: Gholdengo|Shadow Ball|p1b: Archaludon\n|-damage|p1b: Archaludon|0 fnt\n|faint|p1b: Archaludon\n|move|p2b: Rillaboom|Wood Hammer|p1a: Pelipper\n|-damage|p1a: Pelipper|1\/100\n|-damage|p2b: Rillaboom|79\/100|[from] Recoil\n|\n|-weather|RainDance|[upkeep]\n|-heal|p2a: Gholdengo|30\/100|[from] Grassy Terrain\n|-heal|p2b: Rillaboom|85\/100|[from] Grassy Terrain\n|-sideend|p1: Waffles4breakfast|move: Tailwind\n|upkeep\n|\n|t:|1725541116\n|switch|p1b: Gholdengo|Gholdengo, L50, tera:Steel|58\/100\n|turn|5\n|\n|t:|1725541131\n|-terastallize|p2b: Rillaboom|Fire\n|move|p1a: Pelipper|Protect|p1a: Pelipper\n|-singleturn|p1a: Pelipper|Protect\n|move|p2b: Rillaboom|Grassy Glide|p1a: Pelipper\n|-activate|p1a: Pelipper|move: Protect\n|move|p2a: Gholdengo|Shadow Ball|p1b: Gholdengo\n|-damage|p1b: Gholdengo|0 fnt\n|faint|p1b: Gholdengo\n|\n|-weather|RainDance|[upkeep]\n|-heal|p2a: Gholdengo|36\/100|[from] Grassy Terrain\n|-heal|p2b: Rillaboom|90\/100|[from] Grassy Terrain\n|-sideend|p2: BirdKeeperNeek|move: Tailwind\n|upkeep\n|turn|6\n|-message|Waffles4breakfast forfeited.\n|\n|win|BirdKeeperNeek\n|raw|Waffles4breakfast's rating: 1749 &rarr; <strong>1723<\/strong><br \/>(-26 for losing)\n|raw|BirdKeeperNeek's rating: 1638 &rarr; <strong>1664<\/strong><br \/>(+26 for winning)\n|l|\u2606Waffles4breakfast\n|player|p1|\n|c|\u2606BirdKeeperNeek|gg\n|l|\u2606BirdKeeperNeek\n|player|p2|\n|l| Figo_44\n|l| taolathang\n|l| NanshanVGC\n","uploadtime":1725541369,"views":12,"formatid":"gen9vgc2024regh","rating":1664,"private":0,"password":null}