{"id":"gen9vgc2024regh-2195658386","format":"[Gen 9] VGC 2024 Reg H","players":["AsukaHikaru","nerd159"],"log":"|j|\u2606AsukaHikaru\n|j|\u2606nerd159\n|t:|1725610480\n|gametype|doubles\n|player|p1|AsukaHikaru|volkner|1693\n|player|p2|nerd159|101|1721\n|teamsize|p1|6\n|teamsize|p2|6\n|gen|9\n|tier|[Gen 9] VGC 2024 Reg H\n|rated|\n|rule|Species Clause: Limit one of each Pok\u00e9mon\n|rule|Item Clause: Limit 1 of each item\n|clearpoke\n|poke|p1|Indeedee, L50, M|\n|poke|p1|Sneasler, L50, M|\n|poke|p1|Tatsugiri, L50, F|\n|poke|p1|Archaludon, L50, M|\n|poke|p1|Pelipper, L50, M|\n|poke|p1|Dondozo, L50, F|\n|poke|p2|Ursaluna-Bloodmoon, L50, M|\n|poke|p2|Gholdengo, L50|\n|poke|p2|Sinistcha, L50|\n|poke|p2|Dragonite, L50, F|\n|poke|p2|Incineroar, L50, F|\n|poke|p2|Primarina, L50, F|\n|teampreview|4\n|\n|t:|1725610514\n|start\n|switch|p1a: Sneasler|Sneasler, L50, M|100\/100\n|switch|p1b: Indeedee|Indeedee, L50, M|100\/100\n|switch|p2a: Gholdengo|Gholdengo, L50|100\/100\n|switch|p2b: Incineroar|Incineroar, L50, F|100\/100\n|-fieldstart|move: Psychic Terrain|[from] ability: Psychic Surge|[of] p1b: Indeedee\n|-enditem|p1a: Sneasler|Psychic Seed\n|-boost|p1a: Sneasler|spd|1|[from] item: Psychic Seed\n|-ability|p2b: Incineroar|Intimidate|boost\n|-unboost|p1a: Sneasler|atk|1\n|-unboost|p1b: Indeedee|atk|1\n|turn|1\n|\n|t:|1725610531\n|move|p1a: Sneasler|Lash Out|p2a: Gholdengo\n|-supereffective|p2a: Gholdengo\n|-damage|p2a: Gholdengo|49\/100\n|move|p1b: Indeedee|Expanding Force|p2a: Gholdengo|[spread] p2a\n|-immune|p2b: Incineroar\n|-resisted|p2a: Gholdengo\n|-damage|p2a: Gholdengo|22\/100\n|move|p2a: Gholdengo|Nasty Plot|p2a: Gholdengo\n|-boost|p2a: Gholdengo|spa|2\n|move|p2b: Incineroar|Will-O-Wisp|p1a: Sneasler\n|-status|p1a: Sneasler|brn\n|\n|-damage|p1a: Sneasler|95\/100 brn|[from] brn\n|upkeep\n|turn|2\n|inactive|Battle timer is ON: inactive players will automatically lose when time's up. (requested by nerd159)\n|\n|t:|1725610548\n|switch|p2b: Sinistcha|Sinistcha, L50|100\/100\n|-heal|p2a: Gholdengo|47\/100|[from] ability: Hospitality|[of] p2b: Sinistcha\n|move|p1a: Sneasler|Close Combat|p2b: Sinistcha\n|-immune|p2b: Sinistcha\n|move|p1b: Indeedee|Expanding Force|p2b: Sinistcha|[spread] p2a,p2b\n|-resisted|p2a: Gholdengo\n|-damage|p2a: Gholdengo|20\/100\n|-damage|p2b: Sinistcha|45\/100\n|move|p2a: Gholdengo|Recover|p2a: Gholdengo\n|-heal|p2a: Gholdengo|70\/100\n|\n|-damage|p1a: Sneasler|89\/100 brn|[from] brn\n|upkeep\n|turn|3\n|\n|t:|1725610568\n|switch|p2b: Incineroar|Incineroar, L50, F|100\/100\n|-ability|p2b: Incineroar|Intimidate|boost\n|-unboost|p1a: Sneasler|atk|1\n|-unboost|p1b: Indeedee|atk|1\n|move|p1a: Sneasler|Lash Out|p2a: Gholdengo\n|-supereffective|p2a: Gholdengo\n|-damage|p2a: Gholdengo|53\/100\n|move|p1b: Indeedee|Expanding Force|p2a: Gholdengo|[spread] p2a\n|-immune|p2b: Incineroar\n|-resisted|p2a: Gholdengo\n|-damage|p2a: Gholdengo|27\/100\n|move|p2a: Gholdengo|Make It Rain|p1a: Sneasler|[spread] p1a,p1b\n|-damage|p1a: Sneasler|21\/100 brn\n|-enditem|p1b: Indeedee|Focus Sash\n|-damage|p1b: Indeedee|1\/100\n|-unboost|p2a: Gholdengo|spa|1\n|\n|-damage|p1a: Sneasler|15\/100 brn|[from] brn\n|upkeep\n|turn|4\n|j| nistaka\n|\n|t:|1725610589\n|switch|p2b: Sinistcha|Sinistcha, L50|45\/100\n|-heal|p2a: Gholdengo|52\/100|[from] ability: Hospitality|[of] p2b: Sinistcha\n|move|p1a: Sneasler|Lash Out|p2a: Gholdengo\n|-supereffective|p2a: Gholdengo\n|-damage|p2a: Gholdengo|43\/100\n|move|p1b: Indeedee|Expanding Force|p2a: Gholdengo|[spread] p2a,p2b\n|-resisted|p2a: Gholdengo\n|-damage|p2a: Gholdengo|16\/100\n|-damage|p2b: Sinistcha|0 fnt\n|faint|p2b: Sinistcha\n|move|p2a: Gholdengo|Recover|p2a: Gholdengo\n|-heal|p2a: Gholdengo|66\/100\n|\n|-damage|p1a: Sneasler|9\/100 brn|[from] brn\n|upkeep\n|\n|t:|1725610593\n|switch|p2b: Primarina|Primarina, L50, F|100\/100\n|turn|5\n|\n|t:|1725610612\n|move|p2b: Primarina|Protect|p2b: Primarina\n|-singleturn|p2b: Primarina|Protect\n|move|p1a: Sneasler|Acrobatics|p2b: Primarina\n|-activate|p2b: Primarina|move: Protect\n|move|p1b: Indeedee|Expanding Force|p2b: Primarina|[spread] p2a\n|-activate|p2b: Primarina|move: Protect\n|-resisted|p2a: Gholdengo\n|-damage|p2a: Gholdengo|38\/100\n|move|p2a: Gholdengo|Recover|p2a: Gholdengo\n|-heal|p2a: Gholdengo|88\/100\n|\n|-damage|p1a: Sneasler|4\/100 brn|[from] brn\n|-fieldend|move: Psychic Terrain\n|upkeep\n|turn|6\n|\n|t:|1725610632\n|switch|p1b: Pelipper|Pelipper, L50, M|100\/100\n|-weather|RainDance|[from] ability: Drizzle|[of] p1b: Pelipper\n|move|p1a: Sneasler|Acrobatics|p2b: Primarina\n|-damage|p2b: Primarina|88\/100\n|move|p2a: Gholdengo|Make It Rain|p1b: Pelipper|[spread] p1a,p1b\n|-resisted|p1b: Pelipper\n|-damage|p1a: Sneasler|0 fnt\n|-damage|p1b: Pelipper|65\/100\n|-unboost|p2a: Gholdengo|spa|1\n|faint|p1a: Sneasler\n|move|p2b: Primarina|Substitute|p2b: Primarina\n|-start|p2b: Primarina|Substitute\n|-damage|p2b: Primarina|63\/100\n|\n|-weather|RainDance|[upkeep]\n|upkeep\n|\n|t:|1725610645\n|switch|p1a: Archaludon|Archaludon, L50, M|100\/100\n|turn|7\n|\n|t:|1725610669\n|-terastallize|p1a: Archaludon|Electric\n|move|p1a: Archaludon|Electro Shot||[still]\n|-prepare|p1a: Archaludon|Electro Shot\n|-boost|p1a: Archaludon|spa|1\n|-anim|p1a: Archaludon|Electro Shot|p2a: Gholdengo\n|-damage|p2a: Gholdengo|0 fnt\n|faint|p2a: Gholdengo\n|move|p2b: Primarina|Moonblast|p1b: Pelipper\n|-damage|p1b: Pelipper|7\/100\n|-enditem|p1b: Pelipper|Sitrus Berry|[eat]\n|-heal|p1b: Pelipper|32\/100|[from] item: Sitrus Berry\n|move|p1b: Pelipper|Weather Ball|p2b: Primarina\n|-resisted|p2b: Primarina\n|-end|p2b: Primarina|Substitute\n|\n|-weather|RainDance|[upkeep]\n|upkeep\n|\n|t:|1725610684\n|switch|p2a: Incineroar|Incineroar, L50, F|100\/100\n|-ability|p2a: Incineroar|Intimidate|boost\n|-unboost|p1a: Archaludon|atk|1\n|-unboost|p1b: Pelipper|atk|1\n|turn|8\n|\n|t:|1725610692\n|switch|p1b: Indeedee|Indeedee, L50, M|1\/100\n|-fieldstart|move: Psychic Terrain|[from] ability: Psychic Surge|[of] p1b: Indeedee\n|-terastallize|p2b: Primarina|Grass\n|move|p1a: Archaludon|Electro Shot||[still]\n|-prepare|p1a: Archaludon|Electro Shot\n|-boost|p1a: Archaludon|spa|1\n|-anim|p1a: Archaludon|Electro Shot|p2a: Incineroar\n|-damage|p2a: Incineroar|0 fnt\n|faint|p2a: Incineroar\n|move|p2b: Primarina|Hyper Voice|p1b: Indeedee|[spread] p1a,p1b\n|-damage|p1a: Archaludon|10\/100\n|-damage|p1b: Indeedee|0 fnt\n|faint|p1b: Indeedee\n|-enditem|p2b: Primarina|Throat Spray\n|-boost|p2b: Primarina|spa|1|[from] item: Throat Spray\n|\n|-weather|RainDance|[upkeep]\n|upkeep\n|\n|t:|1725610707\n|switch|p1b: Pelipper|Pelipper, L50, M|32\/100\n|turn|9\n|l| nistaka\n|\n|t:|1725610715\n|move|p2b: Primarina|Protect|p2b: Primarina\n|-singleturn|p2b: Primarina|Protect\n|move|p1a: Archaludon|Draco Meteor|p2b: Primarina\n|-activate|p2b: Primarina|move: Protect\n|move|p1b: Pelipper|Tailwind|p1b: Pelipper\n|-sidestart|p1: AsukaHikaru|move: Tailwind\n|\n|-weather|RainDance|[upkeep]\n|upkeep\n|turn|10\n|j| nistaka\n|l| nistaka\n|\n|t:|1725610731\n|move|p2b: Primarina|Protect||[still]\n|-fail|p2b: Primarina\n|move|p1a: Archaludon|Flash Cannon|p2b: Primarina\n|-damage|p2b: Primarina|0 fnt\n|faint|p2b: Primarina\n|\n|win|AsukaHikaru\n|raw|AsukaHikaru's rating: 1693 &rarr; <strong>1715<\/strong><br \/>(+22 for winning)\n|raw|nerd159's rating: 1721 &rarr; <strong>1699<\/strong><br \/>(-22 for losing)\n|l|\u2606AsukaHikaru\n|player|p1|\n","uploadtime":1725610872,"views":19,"formatid":"gen9vgc2024regh","rating":1699,"private":0,"password":null}