{"id":"gen9vgc2024regh-2195233597","format":"[Gen 9] VGC 2024 Reg H","players":["cammmmy","philosovgc-x"],"log":"|j|\u2606cammmmy\n|j|\u2606philosovgc-x\n|t:|1725557533\n|gametype|doubles\n|player|p1|cammmmy|1|1632\n|player|p2|philosovgc-x|medium|1849\n|teamsize|p1|6\n|teamsize|p2|6\n|gen|9\n|tier|[Gen 9] VGC 2024 Reg H\n|rated|\n|rule|Species Clause: Limit one of each Pok\u00e9mon\n|rule|Item Clause: Limit 1 of each item\n|clearpoke\n|poke|p1|Palafin, L50, F|\n|poke|p1|Incineroar, L50, F|\n|poke|p1|Rillaboom, L50, M|\n|poke|p1|Weezing, L50, M|\n|poke|p1|Dragapult, L50, F|\n|poke|p1|Volcarona, L50, M|\n|poke|p2|Lycanroc, L50, F|\n|poke|p2|Tyranitar, L50, M|\n|poke|p2|Indeedee-F, L50, F|\n|poke|p2|Murkrow, L50, F|\n|poke|p2|Garchomp, L50, F|\n|poke|p2|Gholdengo, L50|\n|teampreview|4\ncammmmy has agreed to open team sheets.\nphilosovgc-x has agreed to open team sheets.\n|\n|t:|1725557577\n|start\n|switch|p1a: Palafin|Palafin, L50, F|100\/100\n|switch|p1b: Weezing|Weezing, L50, M|100\/100\n|switch|p2a: Garchomp|Garchomp, L50, F, shiny|100\/100\n|switch|p2b: Gholdengo|Gholdengo, L50|100\/100\n|-ability|p1b: Weezing|Neutralizing Gas\n|turn|1\n|\n|t:|1725557592\n|detailschange|p1a: Palafin|Palafin-Hero, L50, F\n|switch|p1a: Incineroar|Incineroar, L50, F|100\/100\n|-ability|p1a: Incineroar|Intimidate|boost\n|-fail|p2a: Garchomp|unboost|[from] item: Clear Amulet|[of] p2a: Garchomp\n|-unboost|p2b: Gholdengo|atk|1\n|-terastallize|p1b: Weezing|Dark\n|move|p2a: Garchomp|Breaking Swipe|p1b: Weezing|[spread] p1a,p1b\n|-damage|p1a: Incineroar|78\/100\n|-damage|p1b: Weezing|78\/100\n|-unboost|p1a: Incineroar|atk|1\n|-unboost|p1b: Weezing|atk|1\n|move|p2b: Gholdengo|Nasty Plot|p2b: Gholdengo\n|-boost|p2b: Gholdengo|spa|2\n|move|p1b: Weezing|Will-O-Wisp|p2a: Garchomp\n|-status|p2a: Garchomp|brn\n|\n|-damage|p2a: Garchomp|95\/100 brn|[from] brn\n|upkeep\n|turn|2\n|\n|t:|1725557601\n|move|p1b: Weezing|Protect|p1b: Weezing\n|-singleturn|p1b: Weezing|Protect\n|move|p2a: Garchomp|Earthquake|p1b: Weezing|[spread] p2b,p1a\n|-activate|p1b: Weezing|move: Protect\n|-supereffective|p2b: Gholdengo\n|-supereffective|p1a: Incineroar\n|-damage|p2b: Gholdengo|59\/100\n|-damage|p1a: Incineroar|43\/100\n|move|p2b: Gholdengo|Make It Rain|p1a: Incineroar|[spread] p1a\n|-activate|p1b: Weezing|move: Protect\n|-resisted|p1a: Incineroar\n|-damage|p1a: Incineroar|0 fnt\n|-unboost|p2b: Gholdengo|spa|1\n|faint|p1a: Incineroar\n|-damage|p2b: Gholdengo|49\/100|[from] item: Life Orb\n|\n|-damage|p2a: Garchomp|89\/100 brn|[from] brn\n|upkeep\n|\n|t:|1725557605\n|switch|p1a: Palafin|Palafin-Hero, L50, F|100\/100\n|-activate|p1a: Palafin|ability: Zero to Hero\n|turn|3\n|\n|t:|1725557618\n|switch|p2a: Indeedee|Indeedee-F, L50, F, shiny|100\/100\n|move|p2b: Gholdengo|Protect|p2b: Gholdengo\n|-singleturn|p2b: Gholdengo|Protect\n|move|p1a: Palafin|Wave Crash|p2b: Gholdengo\n|-activate|p2b: Gholdengo|move: Protect\n|move|p1b: Weezing|Gunk Shot|p2a: Indeedee|[miss]\n|-miss|p1b: Weezing|p2a: Indeedee\n|\n|upkeep\n|turn|4\n|\n|t:|1725557624\n|-terastallize|p2a: Indeedee|Dragon\n|move|p1a: Palafin|Protect|p1a: Palafin\n|-singleturn|p1a: Palafin|Protect\n|move|p2a: Indeedee|Follow Me|p2a: Indeedee\n|-singleturn|p2a: Indeedee|move: Follow Me\n|move|p2b: Gholdengo|Shadow Ball|p1a: Palafin\n|-activate|p1a: Palafin|move: Protect\n|move|p1b: Weezing|Taunt|p2a: Indeedee\n|-start|p2a: Indeedee|move: Taunt\n|\n|upkeep\n|turn|5\n|\n|t:|1725557630\n|move|p2b: Gholdengo|Protect|p2b: Gholdengo\n|-singleturn|p2b: Gholdengo|Protect\n|move|p1a: Palafin|Wave Crash|p2b: Gholdengo\n|-activate|p2b: Gholdengo|move: Protect\n|move|p2a: Indeedee|Psychic|p1a: Palafin\n|-damage|p1a: Palafin|69\/100\n|move|p1b: Weezing|Gunk Shot|p2a: Indeedee\n|-damage|p2a: Indeedee|78\/100\n|-status|p2a: Indeedee|psn\n|\n|-damage|p2a: Indeedee|65\/100 psn|[from] psn\n|upkeep\n|turn|6\n|\n|t:|1725557636\n|switch|p2b: Garchomp|Garchomp, L50, F, shiny|89\/100 brn\n|move|p1a: Palafin|Wave Crash|p2b: Garchomp\n|-damage|p2b: Garchomp|0 fnt\n|faint|p2b: Garchomp\n|-damage|p1a: Palafin|40\/100|[from] Recoil\n|move|p2a: Indeedee|Psychic|p1a: Palafin\n|-damage|p1a: Palafin|8\/100\n|move|p1b: Weezing|Gunk Shot|p2a: Indeedee\n|-damage|p2a: Indeedee|42\/100 psn\n|\n|-damage|p2a: Indeedee|29\/100 psn|[from] psn\n|upkeep\n|\n|t:|1725557640\n|switch|p2b: Gholdengo|Gholdengo, L50|49\/100\n|turn|7\n|j| bieiup\n|\n|t:|1725557643\n|move|p1a: Palafin|Protect|p1a: Palafin\n|-singleturn|p1a: Palafin|Protect\n|move|p2b: Gholdengo|Protect|p2b: Gholdengo\n|-singleturn|p2b: Gholdengo|Protect\n|move|p2a: Indeedee|Psychic|p1a: Palafin\n|-activate|p1a: Palafin|move: Protect\n|move|p1b: Weezing|Gunk Shot|p2a: Indeedee|[miss]\n|-miss|p1b: Weezing|p2a: Indeedee\n|\n|-damage|p2a: Indeedee|17\/100 psn|[from] psn\n|-end|p2a: Indeedee|move: Taunt\n|upkeep\n|turn|8\n|l| bieiup\n|\n|t:|1725557655\n|switch|p1a: Dragapult|Dragapult, L50, F|100\/100\n|move|p2a: Indeedee|Follow Me|p2a: Indeedee\n|-singleturn|p2a: Indeedee|move: Follow Me\n|move|p2b: Gholdengo|Make It Rain|p1a: Dragapult|[spread] p1a,p1b\n|-damage|p1a: Dragapult|5\/100\n|-damage|p1b: Weezing|13\/100\n|-unboost|p2b: Gholdengo|spa|1\n|-enditem|p1b: Weezing|Sitrus Berry|[eat]\n|-heal|p1b: Weezing|38\/100|[from] item: Sitrus Berry\n|-damage|p2b: Gholdengo|39\/100|[from] item: Life Orb\n|move|p1b: Weezing|Gunk Shot|p2a: Indeedee\n|-damage|p2a: Indeedee|0 fnt\n|faint|p2a: Indeedee\n|\n|upkeep\n|\n|t:|1725557658\n|switch|p2a: Tyranitar|Tyranitar, L50, M|100\/100\n|turn|9\n|\n|t:|1725557675\n|move|p1b: Weezing|Protect|p1b: Weezing\n|-singleturn|p1b: Weezing|Protect\n|move|p1a: Dragapult|Phantom Force||[still]\n|-prepare|p1a: Dragapult|Phantom Force\n|move|p2b: Gholdengo|Make It Rain|p1a: Dragapult|[spread] \n|-miss|p2b: Gholdengo|p1a: Dragapult\n|-activate|p1b: Weezing|move: Protect\n|move|p2a: Tyranitar|Rock Slide|p1b: Weezing|[spread] \n|-miss|p2a: Tyranitar|p1a: Dragapult\n|-activate|p1b: Weezing|move: Protect\n|\n|upkeep\n|turn|10\n|\n|t:|1725557683\n|move|p1a: Dragapult|Phantom Force|p2b: Gholdengo|[from]lockedmove\n|-supereffective|p2b: Gholdengo\n|-damage|p2b: Gholdengo|0 fnt\n|faint|p2b: Gholdengo\n|move|p2a: Tyranitar|Rock Slide|p1a: Dragapult|[spread] p1a,p1b\n|-damage|p1a: Dragapult|0 fnt\n|-damage|p1b: Weezing|10\/100\n|faint|p1a: Dragapult\n|move|p1b: Weezing|Will-O-Wisp|p2a: Tyranitar\n|-status|p2a: Tyranitar|brn\n|\n|-damage|p2a: Tyranitar|95\/100 brn|[from] brn\n|upkeep\n|\n|t:|1725557687\n|switch|p1a: Palafin|Palafin-Hero, L50, F|8\/100\n|turn|11\n|\n|t:|1725557692\n|move|p1a: Palafin|Wave Crash|p2a: Tyranitar\n|-supereffective|p2a: Tyranitar\n|-damage|p2a: Tyranitar|0 fnt\n|faint|p2a: Tyranitar\n|-damage|p1a: Palafin|0 fnt|[from] Recoil\n|faint|p1a: Palafin\n|\n|win|cammmmy\n|raw|cammmmy's rating: 1632 &rarr; <strong>1663<\/strong><br \/>(+31 for winning)\n|raw|philosovgc-x's rating: 1849 &rarr; <strong>1818<\/strong><br \/>(-31 for losing)\n|l|\u2606philosovgc-x\n|player|p2|\n|c|\u2606cammmmy|gg\n","uploadtime":1725557724,"views":64,"formatid":"gen9vgc2024regh","rating":1663,"private":0,"password":null}