{"id":"gen9vgc2024regh-2195492968","format":"[Gen 9] VGC 2024 Reg H","players":["Moosewii7","evenifyoustumble"],"log":"|j|\u2606Moosewii7\n|j|\u2606evenifyoustumble\n|t:|1725584709\n|gametype|doubles\n|player|p1|Moosewii7|101|1667\n|player|p2|evenifyoustumble|lady|1808\n|teamsize|p1|6\n|teamsize|p2|6\n|gen|9\n|tier|[Gen 9] VGC 2024 Reg H\n|rated|\n|rule|Species Clause: Limit one of each Pok\u00e9mon\n|rule|Item Clause: Limit 1 of each item\n|clearpoke\n|poke|p1|Garganacl, L50, F|\n|poke|p1|Amoonguss, L50, M|\n|poke|p1|Dragapult, L50, M|\n|poke|p1|Kingambit, L50, M|\n|poke|p1|Dragonite, L50, M|\n|poke|p1|Ninetales-Alola, L50, M|\n|poke|p2|Arcanine-Hisui, L50, F|\n|poke|p2|Serperior, L50, F|\n|poke|p2|Ninetales-Alola, L50, F|\n|poke|p2|Ursaluna-Bloodmoon, L50, M|\n|poke|p2|Dragonite, L50, F|\n|poke|p2|Archaludon, L50, M|\n|teampreview|4\n|inactive|Battle timer is ON: inactive players will automatically lose when time's up. (requested by evenifyoustumble)\n|inactive|Moosewii7 has 60 seconds left.\n|inactive|evenifyoustumble has 60 seconds left.\n|\n|t:|1725584744\n|start\n|switch|p1a: Garganacl|Garganacl, L50, F|100\/100\n|switch|p1b: Dragonite|Dragonite, L50, M|100\/100\n|switch|p2a: Arcanine|Arcanine-Hisui, L50, F, shiny|100\/100\n|switch|p2b: YELLOW COLOR|Serperior, L50, F|100\/100\n|turn|1\n|j| zzz1994000\n|inactive|Moosewii7 has 30 seconds left.\n|\n|t:|1725584775\n|-terastallize|p1a: Garganacl|Fairy\n|move|p1b: Dragonite|Protect|p1b: Dragonite\n|-singleturn|p1b: Dragonite|Protect\n|move|p2b: YELLOW COLOR|Leaf Storm|p1b: Dragonite\n|-activate|p1b: Dragonite|move: Protect\n|move|p2a: Arcanine|Head Smash|p1b: Dragonite\n|-activate|p1b: Dragonite|move: Protect\n|move|p1a: Garganacl|Salt Cure|p2a: Arcanine\n|-supereffective|p2a: Arcanine\n|-damage|p2a: Arcanine|64\/100\n|-start|p2a: Arcanine|Salt Cure\n|\n|-damage|p2a: Arcanine|52\/100|[from] Salt Cure\n|upkeep\n|turn|2\n|inactive|Moosewii7 has 30 seconds left.\n|\n|t:|1725584802\n|switch|p1b: Dragapult|Dragapult, L50, M|100\/100\n|move|p2b: YELLOW COLOR|Leaf Storm|p1b: Dragapult|[miss]\n|-miss|p2b: YELLOW COLOR|p1b: Dragapult\n|move|p2a: Arcanine|Head Smash|p1b: Dragapult|[miss]\n|-miss|p2a: Arcanine|p1b: Dragapult\n|move|p1a: Garganacl|Salt Cure|p2a: Arcanine\n|-supereffective|p2a: Arcanine\n|-damage|p2a: Arcanine|17\/100\n|\n|-damage|p2a: Arcanine|5\/100|[from] Salt Cure\n|upkeep\n|turn|3\n|c|\u2606Moosewii7|Lol\n|inactive|Moosewii7 has 30 seconds left.\n|\n|t:|1725584830\n|move|p2b: YELLOW COLOR|Protect|p2b: YELLOW COLOR\n|-singleturn|p2b: YELLOW COLOR|Protect\n|move|p2a: Arcanine|Extreme Speed|p1a: Garganacl\n|-damage|p1a: Garganacl|83\/100\n|move|p1b: Dragapult|Sucker Punch||[still]\n|-fail|p1b: Dragapult\n|move|p1a: Garganacl|Salt Cure|p2b: YELLOW COLOR\n|-activate|p2b: YELLOW COLOR|move: Protect\n|\n|-heal|p1a: Garganacl|88\/100|[from] item: Leftovers\n|-damage|p2a: Arcanine|0 fnt|[from] Salt Cure\n|faint|p2a: Arcanine\n|upkeep\n|\n|t:|1725584835\n|switch|p2a: Dragonite|Dragonite, L50, F|100\/100\n|turn|4\n|\n|t:|1725584846\n|-terastallize|p2a: Dragonite|Steel\n|move|p2b: YELLOW COLOR|Leaf Storm|p1a: Garganacl\n|-damage|p1a: Garganacl|64\/100\n|-boost|p2b: YELLOW COLOR|spa|2\n|move|p1b: Dragapult|Dragon Darts|p2a: Dragonite\n|-resisted|p2a: Dragonite\n|-damage|p2a: Dragonite|93\/100\n|-anim|p1b: Dragapult|Dragon Darts|p2b: YELLOW COLOR\n|-damage|p2b: YELLOW COLOR|67\/100\n|-damage|p1b: Dragapult|91\/100|[from] item: Life Orb\n|move|p2a: Dragonite|Iron Head|p1a: Garganacl\n|-supereffective|p1a: Garganacl\n|-damage|p1a: Garganacl|9\/100\n|move|p1a: Garganacl|Salt Cure|p2a: Dragonite\n|-resisted|p2a: Dragonite\n|-damage|p2a: Dragonite|86\/100\n|-start|p2a: Dragonite|Salt Cure\n|\n|-heal|p1a: Garganacl|15\/100|[from] item: Leftovers\n|-damage|p2a: Dragonite|61\/100|[from] Salt Cure\n|upkeep\n|turn|5\n|inactive|Moosewii7 has 30 seconds left.\n|\n|t:|1725584873\n|move|p2b: YELLOW COLOR|Glare|p1b: Dragapult\n|-status|p1b: Dragapult|par\n|move|p2a: Dragonite|Iron Head|p1a: Garganacl\n|-supereffective|p1a: Garganacl\n|-damage|p1a: Garganacl|0 fnt\n|faint|p1a: Garganacl\n|cant|p1b: Dragapult|par\n|\n|-damage|p2a: Dragonite|36\/100|[from] Salt Cure\n|upkeep\n|\n|t:|1725584886\n|switch|p1a: Ninetales|Ninetales-Alola, L50, M|100\/100\n|-weather|Snow|[from] ability: Snow Warning|[of] p1a: Ninetales\n|turn|6\n|\n|t:|1725584895\n|move|p2b: YELLOW COLOR|Protect|p2b: YELLOW COLOR\n|-singleturn|p2b: YELLOW COLOR|Protect\n|move|p1a: Ninetales|Protect|p1a: Ninetales\n|-singleturn|p1a: Ninetales|Protect\n|move|p2a: Dragonite|Iron Head|p1a: Ninetales\n|-activate|p1a: Ninetales|move: Protect\n|move|p1b: Dragapult|Phantom Force||[still]\n|-prepare|p1b: Dragapult|Phantom Force\n|\n|-weather|Snow|[upkeep]\n|-damage|p2a: Dragonite|12\/100|[from] Salt Cure\n|upkeep\n|turn|7\n|\n|t:|1725584911\n|switch|p1a: Dragonite|Dragonite, L50, M|100\/100\n|move|p2b: YELLOW COLOR|Glare|p1a: Dragonite\n|-status|p1a: Dragonite|par\n|move|p2a: Dragonite|Iron Head|p1a: Dragonite\n|-damage|p1a: Dragonite|82\/100 par\n|cant|p1b: Dragapult|par\n|\n|-weather|Snow|[upkeep]\n|-damage|p2a: Dragonite|0 fnt|[from] Salt Cure\n|faint|p2a: Dragonite\n|upkeep\n|\n|t:|1725584914\n|switch|p2a: Ursaluna|Ursaluna-Bloodmoon, L50, M|100\/100\n|turn|8\n|inactive|Moosewii7 has 30 seconds left.\n|inactive|Moosewii7 has 20 seconds left.\n|inactive|Moosewii7 has 15 seconds left.\n|inactive|Moosewii7 has 10 seconds left.\n|\n|t:|1725584962\n|move|p2b: YELLOW COLOR|Leaf Storm|p1a: Dragonite|[miss]\n|-miss|p2b: YELLOW COLOR|p1a: Dragonite\n|move|p1b: Dragapult|Phantom Force||[still]\n|-prepare|p1b: Dragapult|Phantom Force\n|move|p2a: Ursaluna|Blood Moon|p1a: Dragonite\n|-damage|p1a: Dragonite|11\/100 par\n|cant|p1a: Dragonite|par\n|\n|-weather|Snow|[upkeep]\n|upkeep\n|turn|9\n|\n|t:|1725584979\n|cant|p1a: Dragonite|par\n|move|p2b: YELLOW COLOR|Leaf Storm|p1a: Dragonite\n|-resisted|p1a: Dragonite\n|-damage|p1a: Dragonite|0 fnt\n|-boost|p2b: YELLOW COLOR|spa|2\n|faint|p1a: Dragonite\n|move|p1b: Dragapult|Phantom Force|p2b: YELLOW COLOR|[from]lockedmove\n|-damage|p2b: YELLOW COLOR|0 fnt\n|faint|p2b: YELLOW COLOR\n|-damage|p1b: Dragapult|81\/100 par|[from] item: Life Orb\n|move|p2a: Ursaluna|Hyper Voice|p1b: Dragapult\n|-damage|p1b: Dragapult|30\/100 par\n|\n|-weather|Snow|[upkeep]\n|upkeep\n|\n|t:|1725584996\n|switch|p1a: Ninetales|Ninetales-Alola, L50, M|100\/100\n|turn|10\n|\n|t:|1725585008\n|move|p1a: Ninetales|Aurora Veil|p1a: Ninetales\n|-sidestart|p1: Moosewii7|move: Aurora Veil\n|move|p1b: Dragapult|Dragon Darts|p2a: Ursaluna\n|-damage|p2a: Ursaluna|76\/100\n|-anim|p1b: Dragapult|Dragon Darts|p2a: Ursaluna\n|-damage|p2a: Ursaluna|51\/100\n|-damage|p1b: Dragapult|20\/100 par|[from] item: Life Orb\n|move|p2a: Ursaluna|Hyper Voice|p1a: Ninetales|[spread] p1a,p1b\n|-damage|p1a: Ninetales|79\/100\n|-damage|p1b: Dragapult|0 fnt\n|faint|p1b: Dragapult\n|\n|-weather|none\n|upkeep\n|turn|11\n|\n|t:|1725585024\n|move|p1a: Ninetales|Moonblast|p2a: Ursaluna\n|-damage|p2a: Ursaluna|33\/100\n|-unboost|p2a: Ursaluna|spa|1\n|move|p2a: Ursaluna|Blood Moon|p1a: Ninetales\n|-damage|p1a: Ninetales|48\/100\n|\n|upkeep\n|turn|12\n|c|\u2606evenifyoustumble|dude\n|c|\u2606evenifyoustumble|please\n|\n|t:|1725585033\n|move|p1a: Ninetales|Moonblast|p2a: Ursaluna\n|-damage|p2a: Ursaluna|17\/100\n|move|p2a: Ursaluna|Earth Power|p1a: Ninetales\n|-damage|p1a: Ninetales|27\/100\n|\n|upkeep\n|turn|13\n|\n|t:|1725585041\n|move|p1a: Ninetales|Moonblast|p2a: Ursaluna\n|-damage|p2a: Ursaluna|0 fnt\n|faint|p2a: Ursaluna\n|\n|win|Moosewii7\n|raw|Moosewii7's rating: 1667 &rarr; <strong>1695<\/strong><br \/>(+28 for winning)\n|raw|evenifyoustumble's rating: 1808 &rarr; <strong>1780<\/strong><br \/>(-28 for losing)\n|l|\u2606evenifyoustumble\n|player|p2|\n|l| zzz1994000\n","uploadtime":1725585247,"views":86,"formatid":"gen9vgc2024regh","rating":1695,"private":0,"password":null}