{"id":"gen9vgc2024regh-2195255608","format":"[Gen 9] VGC 2024 Reg H","players":["Waffles4breakfast","philosovgc-x"],"log":"|j|\u2606Waffles4breakfast\n|j|\u2606philosovgc-x\n|t:|1725559536\n|gametype|doubles\n|player|p1|Waffles4breakfast|juggler|1737\n|player|p2|philosovgc-x|medium|1857\n|teamsize|p1|6\n|teamsize|p2|6\n|gen|9\n|tier|[Gen 9] VGC 2024 Reg H\n|rated|\n|rule|Species Clause: Limit one of each Pok\u00e9mon\n|rule|Item Clause: Limit 1 of each item\n|clearpoke\n|poke|p1|Archaludon, L50, F|\n|poke|p1|Pelipper, L50, F|\n|poke|p1|Basculegion, L50, M|\n|poke|p1|Amoonguss, L50, F|\n|poke|p1|Gholdengo, L50|\n|poke|p1|Murkrow, L50, F|\n|poke|p2|Lycanroc, L50, F|\n|poke|p2|Tyranitar, L50, M|\n|poke|p2|Indeedee-F, L50, F|\n|poke|p2|Murkrow, L50, F|\n|poke|p2|Garchomp, L50, F|\n|poke|p2|Gholdengo, L50|\n|teampreview|4\n|\n|t:|1725559544\n|start\n|switch|p1a: Murkrow|Murkrow, L50, F|100\/100\n|switch|p1b: Gholdengo|Gholdengo, L50|100\/100\n|switch|p2a: Lycanroc|Lycanroc, L50, F, shiny|100\/100\n|switch|p2b: Tyranitar|Tyranitar, L50, M|100\/100\n|-weather|Sandstorm|[from] ability: Sand Stream|[of] p2b: Tyranitar\n|turn|1\n|j| oberficker123\n|\n|t:|1725559566\n|-terastallize|p1b: Gholdengo|Steel\n|move|p1a: Murkrow|Quash|p2a: Lycanroc\n|-activate|p2a: Lycanroc|move: Quash\n|move|p1b: Gholdengo|Make It Rain|p2b: Tyranitar|[spread] p2a,p2b\n|-supereffective|p2a: Lycanroc\n|-supereffective|p2b: Tyranitar\n|-enditem|p2a: Lycanroc|Focus Sash\n|-damage|p2a: Lycanroc|1\/100\n|-damage|p2b: Tyranitar|26\/100\n|-unboost|p1b: Gholdengo|spa|1\n|move|p2b: Tyranitar|Knock Off|p1b: Gholdengo\n|-damage|p1b: Gholdengo|41\/100\n|-enditem|p1b: Gholdengo|Choice Specs|[from] move: Knock Off|[of] p2b: Tyranitar\n|move|p2a: Lycanroc|Rock Slide|p1a: Murkrow|[spread] p1a\n|-miss|p2a: Lycanroc|p1b: Gholdengo\n|-supereffective|p1a: Murkrow\n|-damage|p1a: Murkrow|24\/100\n|\n|-weather|Sandstorm|[upkeep]\n|-damage|p1a: Murkrow|18\/100|[from] Sandstorm\n|upkeep\n|turn|2\n|\n|t:|1725559582\n|switch|p2b: Indeedee|Indeedee-F, L50, F, shiny|100\/100\n|-fieldstart|move: Psychic Terrain|[from] ability: Psychic Surge|[of] p2b: Indeedee\n|move|p1a: Murkrow|Quash|p2a: Lycanroc\n|-activate|p2a: Lycanroc|move: Psychic Terrain\n|move|p2a: Lycanroc|Close Combat|p1b: Gholdengo\n|-supereffective|p1b: Gholdengo\n|-damage|p1b: Gholdengo|0 fnt\n|-unboost|p2a: Lycanroc|def|1\n|-unboost|p2a: Lycanroc|spd|1\n|faint|p1b: Gholdengo\n|\n|-weather|Sandstorm|[upkeep]\n|-damage|p1a: Murkrow|12\/100|[from] Sandstorm\n|upkeep\n|j| its maruchan\n|\n|t:|1725559588\n|switch|p1b: Pelipper|Pelipper, L50, F|100\/100\n|-weather|RainDance|[from] ability: Drizzle|[of] p1b: Pelipper\n|turn|3\n|j| deli(again)\n|\n|t:|1725559595\n|move|p1a: Murkrow|Tailwind|p1a: Murkrow\n|-sidestart|p1: Waffles4breakfast|move: Tailwind\n|move|p1b: Pelipper|Weather Ball|p2a: Lycanroc\n|-supereffective|p2a: Lycanroc\n|-damage|p2a: Lycanroc|0 fnt\n|faint|p2a: Lycanroc\n|move|p2b: Indeedee|Psychic|p1b: Pelipper\n|-damage|p1b: Pelipper|34\/100\n|\n|-weather|RainDance|[upkeep]\n|upkeep\n|\n|t:|1725559597\n|switch|p2a: Tyranitar|Tyranitar, L50, M|26\/100\n|-weather|Sandstorm|[from] ability: Sand Stream|[of] p2a: Tyranitar\n|turn|4\n|\n|t:|1725559606\n|move|p2b: Indeedee|Follow Me|p2b: Indeedee\n|-singleturn|p2b: Indeedee|move: Follow Me\n|move|p1b: Pelipper|Weather Ball|p2b: Indeedee\n|-damage|p2b: Indeedee|71\/100\n|move|p1a: Murkrow|Foul Play|p2b: Indeedee\n|-supereffective|p2b: Indeedee\n|-damage|p2b: Indeedee|40\/100\n|move|p2a: Tyranitar|Rock Slide|p1b: Pelipper|[spread] p1a,p1b\n|-supereffective|p1a: Murkrow\n|-supereffective|p1b: Pelipper\n|-damage|p1a: Murkrow|0 fnt\n|-damage|p1b: Pelipper|0 fnt\n|faint|p1a: Murkrow\n|faint|p1b: Pelipper\n|\n|-weather|Sandstorm|[upkeep]\n|upkeep\n|\n|t:|1725559608\n|switch|p1b: Basculegion|Basculegion, L50, M|100\/100\n|turn|5\n|\n|t:|1725559611\n|move|p2b: Indeedee|Follow Me|p2b: Indeedee\n|-singleturn|p2b: Indeedee|move: Follow Me\n|move|p1b: Basculegion|Wave Crash|p2b: Indeedee\n|-damage|p2b: Indeedee|0 fnt\n|faint|p2b: Indeedee\n|-damage|p1b: Basculegion|89\/100|[from] Recoil\n|move|p2a: Tyranitar|Knock Off|p1b: Basculegion\n|-supereffective|p1b: Basculegion\n|-damage|p1b: Basculegion|0 fnt\n|-enditem|p1b: Basculegion|Choice Band|[from] move: Knock Off|[of] p2a: Tyranitar\n|faint|p1b: Basculegion\n|\n|win|philosovgc-x\n|raw|Waffles4breakfast's rating: 1737 &rarr; <strong>1724<\/strong><br \/>(-13 for losing)\n|raw|philosovgc-x's rating: 1857 &rarr; <strong>1870<\/strong><br \/>(+13 for winning)\n|j| geoluc\n|l|\u2606Waffles4breakfast\n|player|p1|\n|l|\u2606philosovgc-x\n|player|p2|\n","uploadtime":1725559614,"views":115,"formatid":"gen9vgc2024regh","rating":1724,"private":0,"password":null}