{"id":"gen9vgc2024regh-2195139474","format":"[Gen 9] VGC 2024 Reg H","players":["ansego","CarryTheBoats"],"log":"|j|\u2606ansego\n|j|\u2606CarryTheBoats\n|t:|1725548934\n|gametype|doubles\n|player|p1|ansego|170|1706\n|player|p2|CarryTheBoats|crasherwake|1693\n|teamsize|p1|6\n|teamsize|p2|6\n|gen|9\n|tier|[Gen 9] VGC 2024 Reg H\n|rated|\n|rule|Species Clause: Limit one of each Pok\u00e9mon\n|rule|Item Clause: Limit 1 of each item\n|clearpoke\n|poke|p1|Indeedee, L50, M|\n|poke|p1|Sneasler, L50, M|\n|poke|p1|Milotic, L50, F|\n|poke|p1|Whimsicott, L50, F|\n|poke|p1|Incineroar, L50, M|\n|poke|p1|Archaludon, L50, M|\n|poke|p2|Porygon2, L50|\n|poke|p2|Amoonguss, L50, M|\n|poke|p2|Ursaluna, L50, F|\n|poke|p2|Tyranitar, L50, F|\n|poke|p2|Dragapult, L50, F|\n|poke|p2|Tauros-Paldea-Blaze, L50, M|\n|teampreview|4\n|j| Bot 0008\n|j| AverageGh0st\n|j| Fairynanbawan\n|\n|t:|1725548970\n|start\n|switch|p1a: Incineroar|Incineroar, L50, M|100\/100\n|switch|p1b: Sneasler|Sneasler, L50, M, shiny|100\/100\n|switch|p2a: Tyranitar|Tyranitar, L50, F|100\/100\n|switch|p2b: Amoonguss|Amoonguss, L50, M|100\/100\n|-weather|Sandstorm|[from] ability: Sand Stream|[of] p2a: Tyranitar\n|-ability|p1a: Incineroar|Intimidate|boost\n|-unboost|p2a: Tyranitar|atk|1\n|-unboost|p2b: Amoonguss|atk|1\n|turn|1\n|\n|t:|1725548994\n|switch|p2a: Dragapult|Dragapult, L50, F|100\/100\n|move|p1b: Sneasler|Protect|p1b: Sneasler\n|-singleturn|p1b: Sneasler|Protect\n|move|p1a: Incineroar|Fake Out|p2a: Dragapult\n|-immune|p2a: Dragapult\n|move|p2b: Amoonguss|Spore|p1b: Sneasler\n|-activate|p1b: Sneasler|move: Protect\n|\n|-weather|Sandstorm|[upkeep]\n|-damage|p2a: Dragapult|94\/100|[from] Sandstorm\n|-damage|p1b: Sneasler|95\/100|[from] Sandstorm\n|-damage|p1a: Incineroar|94\/100|[from] Sandstorm\n|-damage|p2b: Amoonguss|95\/100|[from] Sandstorm\n|upkeep\n|turn|2\n|\n|t:|1725549023\n|switch|p1b: Milotic|Milotic, L50, F|100\/100\n|move|p2a: Dragapult|Draco Meteor|p1b: Milotic\n|-damage|p1b: Milotic|34\/100\n|-unboost|p2a: Dragapult|spa|2\n|move|p1a: Incineroar|Knock Off|p2a: Dragapult\n|-supereffective|p2a: Dragapult\n|-damage|p2a: Dragapult|0 fnt\n|-enditem|p2a: Dragapult|Choice Specs|[from] move: Knock Off|[of] p1a: Incineroar\n|faint|p2a: Dragapult\n|move|p2b: Amoonguss|Spore|p1b: Milotic\n|-status|p1b: Milotic|slp|[from] move: Spore\n|\n|-weather|Sandstorm|[upkeep]\n|-damage|p1b: Milotic|27\/100 slp|[from] Sandstorm\n|-damage|p1a: Incineroar|88\/100|[from] Sandstorm\n|-damage|p2b: Amoonguss|89\/100|[from] Sandstorm\n|-heal|p1b: Milotic|34\/100 slp|[from] item: Leftovers\n|upkeep\n|\n|t:|1725549055\n|switch|p2a: Tyranitar|Tyranitar, L50, F|100\/100\n|turn|3\n|\n|t:|1725549062\n|cant|p1b: Milotic|slp\n|move|p2a: Tyranitar|Knock Off|p1a: Incineroar\n|-resisted|p1a: Incineroar\n|-damage|p1a: Incineroar|68\/100\n|-enditem|p1a: Incineroar|Sitrus Berry|[from] move: Knock Off|[of] p2a: Tyranitar\n|move|p1a: Incineroar|Taunt|p2b: Amoonguss\n|-start|p2b: Amoonguss|move: Taunt\n|cant|p2b: Amoonguss|move: Taunt|Spore\n|\n|-weather|Sandstorm|[upkeep]\n|-damage|p1b: Milotic|27\/100 slp|[from] Sandstorm\n|-damage|p1a: Incineroar|62\/100|[from] Sandstorm\n|-damage|p2b: Amoonguss|83\/100|[from] Sandstorm\n|-heal|p1b: Milotic|34\/100 slp|[from] item: Leftovers\n|upkeep\n|turn|4\n|l| Bot 0008\n|\n|t:|1725549072\n|cant|p1b: Milotic|slp\n|move|p2a: Tyranitar|Rock Slide|p1a: Incineroar|[spread] p1a,p1b\n|-supereffective|p1a: Incineroar\n|-crit|p1a: Incineroar\n|-damage|p1a: Incineroar|0 fnt\n|-damage|p1b: Milotic|4\/100 slp\n|faint|p1a: Incineroar\n|move|p2b: Amoonguss|Sludge Bomb|p1b: Milotic\n|-damage|p1b: Milotic|0 fnt\n|faint|p1b: Milotic\n|\n|-weather|Sandstorm|[upkeep]\n|-damage|p2b: Amoonguss|77\/100|[from] Sandstorm\n|upkeep\n|l| Fairynanbawan\n|\n|t:|1725549079\n|switch|p1b: Indeedee|Indeedee, L50, M|100\/100\n|switch|p1a: Sneasler|Sneasler, L50, M, shiny|95\/100\n|-fieldstart|move: Psychic Terrain|[from] ability: Psychic Surge|[of] p1b: Indeedee\n|-enditem|p1a: Sneasler|Psychic Seed\n|-boost|p1a: Sneasler|spd|1|[from] item: Psychic Seed\n|turn|5\n|\n|t:|1725549088\n|-terastallize|p1a: Sneasler|Flying\n|-terastallize|p2a: Tyranitar|Grass\n|move|p1a: Sneasler|Acrobatics|p2b: Amoonguss\n|-supereffective|p2b: Amoonguss\n|-damage|p2b: Amoonguss|0 fnt\n|faint|p2b: Amoonguss\n|move|p1b: Indeedee|Expanding Force|p2a: Tyranitar\n|-damage|p2a: Tyranitar|57\/100\n|move|p2a: Tyranitar|Knock Off|p1b: Indeedee\n|-supereffective|p1b: Indeedee\n|-enditem|p1b: Indeedee|Focus Sash\n|-damage|p1b: Indeedee|1\/100\n|\n|-weather|none\n|upkeep\n|\n|t:|1725549094\n|switch|p2b: Porygon2|Porygon2, L50|100\/100\n|-ability|p2b: Porygon2|Download|boost\n|-boost|p2b: Porygon2|atk|1\n|turn|6\n|\n|t:|1725549106\n|move|p1a: Sneasler|Acrobatics|p2a: Tyranitar\n|-supereffective|p2a: Tyranitar\n|-damage|p2a: Tyranitar|0 fnt\n|faint|p2a: Tyranitar\n|move|p1b: Indeedee|Expanding Force|p2b: Porygon2\n|-damage|p2b: Porygon2|56\/100\n|move|p2b: Porygon2|Trick Room|p2b: Porygon2\n|-fieldstart|move: Trick Room|[of] p2b: Porygon2\n|\n|upkeep\n|turn|7\n|\n|t:|1725549112\n|move|p2b: Porygon2|Ice Beam|p1a: Sneasler\n|-supereffective|p1a: Sneasler\n|-damage|p1a: Sneasler|43\/100\n|move|p1b: Indeedee|Expanding Force|p2b: Porygon2\n|-damage|p2b: Porygon2|12\/100\n|move|p1a: Sneasler|Close Combat|p2b: Porygon2\n|-supereffective|p2b: Porygon2\n|-crit|p2b: Porygon2\n|-damage|p2b: Porygon2|0 fnt\n|-unboost|p1a: Sneasler|def|1\n|-unboost|p1a: Sneasler|spd|1\n|faint|p2b: Porygon2\n|\n|win|ansego\n|raw|ansego's rating: 1706 &rarr; <strong>1725<\/strong><br \/>(+19 for winning)\n|raw|CarryTheBoats's rating: 1693 &rarr; <strong>1674<\/strong><br \/>(-19 for losing)\n|l|\u2606CarryTheBoats\n|player|p2|\n|l|\u2606ansego\n|player|p1|\n|l| AverageGh0st\n","uploadtime":1725549268,"views":23,"formatid":"gen9vgc2024regh","rating":1674,"private":0,"password":null}