{"id":"gen9vgc2024regh-2195258290","format":"[Gen 9] VGC 2024 Reg H","players":["Krisuerte","philosovgc-x"],"log":"|j|\u2606Krisuerte\n|j|\u2606philosovgc-x\n|t:|1725559790\n|gametype|doubles\n|player|p1|Krisuerte|2|1797\n|player|p2|philosovgc-x|medium|1870\n|teamsize|p1|6\n|teamsize|p2|6\n|gen|9\n|tier|[Gen 9] VGC 2024 Reg H\n|rated|\n|rule|Species Clause: Limit one of each Pok\u00e9mon\n|rule|Item Clause: Limit 1 of each item\n|clearpoke\n|poke|p1|Indeedee-F, L50, F|\n|poke|p1|Armarouge, L50, F|\n|poke|p1|Sinistcha-Masterpiece, L50|\n|poke|p1|Archaludon, L50, M|\n|poke|p1|Ursaluna-Bloodmoon, L50, M|\n|poke|p1|Pelipper, L50, F|\n|poke|p2|Lycanroc, L50, F|\n|poke|p2|Tyranitar, L50, M|\n|poke|p2|Indeedee-F, L50, F|\n|poke|p2|Murkrow, L50, M|\n|poke|p2|Garchomp, L50, M|\n|poke|p2|Gholdengo, L50|\n|teampreview|4\n|\n|t:|1725559826\n|start\n|switch|p1a: Indeedee|Indeedee-F, L50, F|100\/100\n|switch|p1b: Armarouge|Armarouge, L50, F|100\/100\n|switch|p2a: Tyranitar|Tyranitar, L50, M|100\/100\n|switch|p2b: Garchomp|Garchomp, L50, M, shiny|100\/100\n|-fieldstart|move: Psychic Terrain|[from] ability: Psychic Surge|[of] p1a: Indeedee\n|-weather|Sandstorm|[from] ability: Sand Stream|[of] p2a: Tyranitar\n|turn|1\n|j| oberficker123\n|\n|t:|1725559850\n|switch|p1b: Pelipper|Pelipper, L50, F|100\/100\n|-weather|RainDance|[from] ability: Drizzle|[of] p1b: Pelipper\n|-terastallize|p1a: Indeedee|Fairy\n|move|p2b: Garchomp|Poison Jab|p1b: Pelipper\n|-damage|p1b: Pelipper|65\/100\n|move|p2a: Tyranitar|Knock Off|p1a: Indeedee\n|-resisted|p1a: Indeedee\n|-damage|p1a: Indeedee|76\/100\n|-damage|p2a: Tyranitar|84\/100|[from] item: Rocky Helmet|[of] p1a: Indeedee\n|-enditem|p1a: Indeedee|Rocky Helmet|[from] move: Knock Off|[of] p2a: Tyranitar\n|move|p1a: Indeedee|Trick Room|p1a: Indeedee\n|-fieldstart|move: Trick Room|[of] p1a: Indeedee\n|\n|-weather|RainDance|[upkeep]\n|upkeep\n|turn|2\n|j| its maruchan\n|\n|t:|1725559881\n|switch|p1a: Ursaluna|Ursaluna-Bloodmoon, L50, M|100\/100\n|move|p1b: Pelipper|Protect|p1b: Pelipper\n|-singleturn|p1b: Pelipper|Protect\n|move|p2a: Tyranitar|Rock Slide|p1a: Ursaluna|[spread] p1a\n|-activate|p1b: Pelipper|move: Protect\n|-resisted|p1a: Ursaluna\n|-damage|p1a: Ursaluna|89\/100\n|move|p2b: Garchomp|Poison Jab|p1a: Ursaluna\n|-resisted|p1a: Ursaluna\n|-crit|p1a: Ursaluna\n|-damage|p1a: Ursaluna|72\/100\n|-status|p1a: Ursaluna|psn\n|\n|-weather|RainDance|[upkeep]\n|-damage|p1a: Ursaluna|60\/100 psn|[from] psn\n|upkeep\n|turn|3\n|j| lpolk965\n|\n|t:|1725559903\n|move|p1a: Ursaluna|Hyper Voice|p2b: Garchomp|[spread] p2a,p2b\n|-resisted|p2a: Tyranitar\n|-damage|p2a: Tyranitar|73\/100\n|-damage|p2b: Garchomp|60\/100\n|-enditem|p1a: Ursaluna|Throat Spray\n|-boost|p1a: Ursaluna|spa|1|[from] item: Throat Spray\n|move|p2a: Tyranitar|Rock Slide|p1a: Ursaluna|[spread] p1a,p1b\n|-resisted|p1a: Ursaluna\n|-supereffective|p1b: Pelipper\n|-damage|p1a: Ursaluna|49\/100 psn\n|-damage|p1b: Pelipper|0 fnt\n|faint|p1b: Pelipper\n|move|p2b: Garchomp|Breaking Swipe|p1a: Ursaluna\n|-damage|p1a: Ursaluna|24\/100 psn\n|-unboost|p1a: Ursaluna|atk|1\n|\n|-weather|RainDance|[upkeep]\n|-damage|p1a: Ursaluna|12\/100 psn|[from] psn\n|upkeep\n|l| lpolk965\n|\n|t:|1725559923\n|switch|p1b: Indeedee|Indeedee-F, L50, F, tera:Fairy|76\/100\n|turn|4\n|\n|t:|1725559932\n|switch|p2a: Lycanroc|Lycanroc, L50, F, shiny|100\/100\n|move|p2b: Garchomp|Protect|p2b: Garchomp\n|-singleturn|p2b: Garchomp|Protect\n|move|p1b: Indeedee|Follow Me|p1b: Indeedee\n|-singleturn|p1b: Indeedee|move: Follow Me\n|move|p1a: Ursaluna|Earth Power|p2a: Lycanroc\n|-supereffective|p2a: Lycanroc\n|-enditem|p2a: Lycanroc|Focus Sash\n|-damage|p2a: Lycanroc|1\/100\n|\n|-weather|RainDance|[upkeep]\n|-damage|p1a: Ursaluna|0 fnt|[from] psn\n|faint|p1a: Ursaluna\n|upkeep\n|\n|t:|1725559947\n|switch|p1a: Armarouge|Armarouge, L50, F|100\/100\n|turn|5\n|\n|t:|1725559961\n|move|p1b: Indeedee|Helping Hand|p1a: Armarouge\n|-singleturn|p1a: Armarouge|Helping Hand|[of] p1b: Indeedee\n|move|p2a: Lycanroc|Protect|p2a: Lycanroc\n|-singleturn|p2a: Lycanroc|Protect\n|move|p2b: Garchomp|Earthquake|p1a: Armarouge|[spread] p1a,p1b\n|-activate|p2a: Lycanroc|move: Protect\n|-supereffective|p1a: Armarouge\n|-damage|p1a: Armarouge|0 fnt\n|-damage|p1b: Indeedee|37\/100\n|faint|p1a: Armarouge\n|\n|-weather|none\n|-fieldend|move: Trick Room\n|-fieldend|move: Psychic Terrain\n|upkeep\n|turn|6\n|-message|Krisuerte forfeited.\n|\n|win|philosovgc-x\n|raw|Krisuerte's rating: 1797 &rarr; <strong>1781<\/strong><br \/>(-16 for losing)\n|raw|philosovgc-x's rating: 1870 &rarr; <strong>1886<\/strong><br \/>(+16 for winning)\n|l|\u2606Krisuerte\n|player|p1|\n|l|\u2606philosovgc-x\n|player|p2|\n|l| its maruchan\n|l| oberficker123\n|j| Valspluga\n","uploadtime":1725560198,"views":472,"formatid":"gen9vgc2024regh","rating":1781,"private":0,"password":null}