{"id":"gen9vgc2024regh-2195256699","format":"[Gen 9] VGC 2024 Reg H","players":["TwitterJasePokemon","Waffles4breakfast"],"log":"|j|\u2606TwitterJasePokemon\n|j|\u2606Waffles4breakfast\n|t:|1725559639\n|gametype|doubles\n|player|p1|TwitterJasePokemon|lucas|1656\n|player|p2|Waffles4breakfast|juggler|1724\n|teamsize|p1|6\n|teamsize|p2|6\n|gen|9\n|tier|[Gen 9] VGC 2024 Reg H\n|rated|\n|rule|Species Clause: Limit one of each Pok\u00e9mon\n|rule|Item Clause: Limit 1 of each item\n|clearpoke\n|poke|p1|Archaludon, L50, M|\n|poke|p1|Murkrow, L50, F|\n|poke|p1|Dragonite, L50, M|\n|poke|p1|Kingambit, L50, F|\n|poke|p1|Rillaboom, L50, F|\n|poke|p1|Gholdengo, L50|\n|poke|p2|Archaludon, L50, F|\n|poke|p2|Pelipper, L50, F|\n|poke|p2|Basculegion, L50, M|\n|poke|p2|Amoonguss, L50, M|\n|poke|p2|Gholdengo, L50|\n|poke|p2|Murkrow, L50, F|\n|teampreview|4\n|inactive|Battle timer is ON: inactive players will automatically lose when time's up. (requested by TwitterJasePokemon)\n|\n|t:|1725559653\n|start\n|switch|p1a: Gholdengo|Gholdengo, L50|100\/100\n|switch|p1b: Murkrow|Murkrow, L50, F|100\/100\n|switch|p2a: Gholdengo|Gholdengo, L50|100\/100\n|switch|p2b: Archaludon|Archaludon, L50, F|100\/100\n|turn|1\n|j| oberficker123\n|l| oberficker123\n|\n|t:|1725559671\n|switch|p1b: Archaludon|Archaludon, L50, M|100\/100\n|-terastallize|p2a: Gholdengo|Steel\n|move|p1a: Gholdengo|Shadow Ball|p2a: Gholdengo\n|-damage|p2a: Gholdengo|31\/100\n|-unboost|p2a: Gholdengo|spd|1\n|move|p2a: Gholdengo|Make It Rain|p1a: Gholdengo|[spread] p1a,p1b\n|-resisted|p1a: Gholdengo\n|-resisted|p1b: Archaludon\n|-damage|p1a: Gholdengo|47\/100\n|-damage|p1b: Archaludon|26\/100\n|-unboost|p2a: Gholdengo|spa|1\n|move|p2b: Archaludon|Body Press|p1a: Gholdengo\n|-immune|p1a: Gholdengo\n|\n|upkeep\n|turn|2\n|j| oberficker123\n|\n|t:|1725559687\n|move|p1a: Gholdengo|Shadow Ball|p2a: Gholdengo\n|-damage|p2a: Gholdengo|0 fnt\n|faint|p2a: Gholdengo\n|move|p1b: Archaludon|Electro Shot||[still]\n|-prepare|p1b: Archaludon|Electro Shot\n|-boost|p1b: Archaludon|spa|1\n|-enditem|p1b: Archaludon|Power Herb\n|-anim|p1b: Archaludon|Electro Shot|p2b: Archaludon\n|-resisted|p2b: Archaludon\n|-damage|p2b: Archaludon|72\/100\n|-ability|p2b: Archaludon|Stamina|boost\n|-boost|p2b: Archaludon|def|1\n|move|p2b: Archaludon|Body Press|p1b: Archaludon\n|-supereffective|p1b: Archaludon\n|-damage|p1b: Archaludon|0 fnt\n|faint|p1b: Archaludon\n|\n|upkeep\n|\n|t:|1725559702\n|switch|p2a: Amoonguss|Amoonguss, L50, M|100\/100\n|switch|p1b: Murkrow|Murkrow, L50, F|100\/100\n|turn|3\n|\n|t:|1725559720\n|move|p2a: Amoonguss|Rage Powder|p2a: Amoonguss\n|-singleturn|p2a: Amoonguss|move: Rage Powder\n|move|p1b: Murkrow|Haze|p1b: Murkrow\n|-clearallboost\n|move|p1a: Gholdengo|Shadow Ball|p2a: Amoonguss\n|-damage|p2a: Amoonguss|47\/100\n|move|p2b: Archaludon|Flash Cannon|p1a: Gholdengo\n|-resisted|p1a: Gholdengo\n|-damage|p1a: Gholdengo|23\/100\n|\n|upkeep\n|turn|4\n|j| Valspluga\n|j| RAWAXXX\n|\n|t:|1725559744\n|switch|p1a: Kingambit|Kingambit, L50, F|100\/100\n|move|p2a: Amoonguss|Protect|p2a: Amoonguss\n|-singleturn|p2a: Amoonguss|Protect\n|move|p2b: Archaludon|Flash Cannon|p1a: Kingambit\n|-resisted|p1a: Kingambit\n|-damage|p1a: Kingambit|77\/100\n|move|p1b: Murkrow|Foul Play|p2b: Archaludon\n|-damage|p2b: Archaludon|52\/100\n|-ability|p2b: Archaludon|Stamina|boost\n|-boost|p2b: Archaludon|def|1\n|\n|upkeep\n|turn|5\n|\n|t:|1725559754\n|-terastallize|p1a: Kingambit|Dark\n|move|p1b: Murkrow|Haze|p1b: Murkrow\n|-clearallboost\n|move|p2b: Archaludon|Body Press|p1a: Kingambit\n|-supereffective|p1a: Kingambit\n|-damage|p1a: Kingambit|41\/100\n|move|p1a: Kingambit|Kowtow Cleave|p2b: Archaludon\n|-damage|p2b: Archaludon|0 fnt\n|faint|p2b: Archaludon\n|move|p2a: Amoonguss|Spore|p1b: Murkrow\n|-status|p1b: Murkrow|slp|[from] move: Spore\n|\n|upkeep\n|\n|t:|1725559759\n|switch|p2b: Basculegion|Basculegion, L50, M|100\/100\n|turn|6\n|\n|t:|1725559772\n|move|p1a: Kingambit|Protect|p1a: Kingambit\n|-singleturn|p1a: Kingambit|Protect\n|move|p2a: Amoonguss|Rage Powder|p2a: Amoonguss\n|-singleturn|p2a: Amoonguss|move: Rage Powder\n|cant|p1b: Murkrow|slp\n|move|p2b: Basculegion|Wave Crash|p1a: Kingambit\n|-activate|p1a: Kingambit|move: Protect\n|\n|upkeep\n|turn|7\n|\n|t:|1725559790\n|move|p2a: Amoonguss|Rage Powder|p2a: Amoonguss\n|-singleturn|p2a: Amoonguss|move: Rage Powder\n|cant|p1b: Murkrow|slp\n|move|p1a: Kingambit|Sucker Punch||[still]\n|-fail|p1a: Kingambit\n|move|p2b: Basculegion|Wave Crash|p1a: Kingambit\n|-damage|p1a: Kingambit|0 fnt\n|faint|p1a: Kingambit\n|-damage|p2b: Basculegion|87\/100|[from] Recoil\n|\n|upkeep\n|\n|t:|1725559793\n|switch|p1a: Gholdengo|Gholdengo, L50|23\/100\n|turn|8\n|\n|t:|1725559806\n|move|p2a: Amoonguss|Rage Powder|p2a: Amoonguss\n|-singleturn|p2a: Amoonguss|move: Rage Powder\n|-curestatus|p1b: Murkrow|slp|[msg]\n|move|p1b: Murkrow|Tailwind|p1b: Murkrow\n|-sidestart|p1: TwitterJasePokemon|move: Tailwind\n|move|p1a: Gholdengo|Shadow Ball|p2a: Amoonguss\n|-damage|p2a: Amoonguss|0 fnt\n|faint|p2a: Amoonguss\n|move|p2b: Basculegion|Wave Crash|p1a: Gholdengo\n|-damage|p1a: Gholdengo|0 fnt\n|faint|p1a: Gholdengo\n|-damage|p2b: Basculegion|81\/100|[from] Recoil\n|\n|upkeep\n|turn|9\n|\n|t:|1725559819\n|move|p1b: Murkrow|Foul Play|p2b: Basculegion\n|-supereffective|p2b: Basculegion\n|-damage|p2b: Basculegion|0 fnt\n|faint|p2b: Basculegion\n|\n|win|TwitterJasePokemon\n|raw|TwitterJasePokemon's rating: 1656 &rarr; <strong>1680<\/strong><br \/>(+24 for winning)\n|raw|Waffles4breakfast's rating: 1724 &rarr; <strong>1700<\/strong><br \/>(-24 for losing)\n|l|\u2606TwitterJasePokemon\n|player|p1|\n|l| oberficker123\n|l|\u2606Waffles4breakfast\n|player|p2|\n|l| Valspluga\n","uploadtime":1725560059,"views":13,"formatid":"gen9vgc2024regh","rating":1680,"private":0,"password":null}