{"id":"gen9vgc2024regh-2195482551","format":"[Gen 9] VGC 2024 Reg H","players":["TwitterJasePokemon","SeaWolfMikess"],"log":"|j|\u2606TwitterJasePokemon\n|j|\u2606SeaWolfMikess\n|t:|1725583406\n|gametype|doubles\n|player|p1|TwitterJasePokemon|lucas|1701\n|player|p2|SeaWolfMikess|hugh|1752\n|teamsize|p1|6\n|teamsize|p2|6\n|gen|9\n|tier|[Gen 9] VGC 2024 Reg H\n|rated|\n|rule|Species Clause: Limit one of each Pok\u00e9mon\n|rule|Item Clause: Limit 1 of each item\n|clearpoke\n|poke|p1|Archaludon, L50, M|\n|poke|p1|Murkrow, L50, F|\n|poke|p1|Dragonite, L50, M|\n|poke|p1|Kingambit, L50, F|\n|poke|p1|Rillaboom, L50, F|\n|poke|p1|Gholdengo, L50|\n|poke|p2|Pelipper, L50, M|\n|poke|p2|Archaludon, L50, M|\n|poke|p2|Rillaboom, L50, M|\n|poke|p2|Incineroar, L50, M|\n|poke|p2|Sneasler, L50, F|\n|poke|p2|Kingambit, L50, M|\n|teampreview|4\n|inactive|Battle timer is ON: inactive players will automatically lose when time's up. (requested by TwitterJasePokemon)\n|j| Weathered Wayfarer\n|inactive|SeaWolfMikess has 60 seconds left.\n|\n|t:|1725583443\n|start\n|switch|p1a: Dragonite|Dragonite, L50, M|100\/100\n|switch|p1b: Archaludon|Archaludon, L50, M|100\/100\n|switch|p2a: Pelipper|Pelipper, L50, M|100\/100\n|switch|p2b: Archaludon|Archaludon, L50, M|100\/100\n|-weather|RainDance|[from] ability: Drizzle|[of] p2a: Pelipper\n|turn|1\n|\n|t:|1725583460\n|-terastallize|p2b: Archaludon|Electric\n|move|p1a: Dragonite|Extreme Speed|p2a: Pelipper\n|-crit|p2a: Pelipper\n|-damage|p2a: Pelipper|39\/100\n|move|p2b: Archaludon|Electro Shot||[still]\n|-prepare|p2b: Archaludon|Electro Shot\n|-boost|p2b: Archaludon|spa|1\n|-anim|p2b: Archaludon|Electro Shot|p1a: Dragonite\n|-damage|p1a: Dragonite|72\/100\n|move|p1b: Archaludon|Electro Shot||[still]\n|-prepare|p1b: Archaludon|Electro Shot\n|-boost|p1b: Archaludon|spa|1\n|-anim|p1b: Archaludon|Electro Shot|p2a: Pelipper\n|-supereffective|p2a: Pelipper\n|-damage|p2a: Pelipper|0 fnt\n|faint|p2a: Pelipper\n|\n|-weather|RainDance|[upkeep]\n|upkeep\n|inactive|SeaWolfMikess has 30 seconds left.\n|inactive|SeaWolfMikess has 20 seconds left.\n|inactive|SeaWolfMikess has 15 seconds left.\n|inactive|SeaWolfMikess has 10 seconds left.\n|\n|t:|1725583505\n|switch|p2a: Sneasler|Sneasler, L50, F|100\/100\n|turn|2\n|\n|t:|1725583514\n|move|p1a: Dragonite|Extreme Speed|p2b: Archaludon\n|-damage|p2b: Archaludon|74\/100\n|move|p2a: Sneasler|Close Combat|p1b: Archaludon\n|-supereffective|p1b: Archaludon\n|-ability|p1b: Archaludon|Sturdy\n|-damage|p1b: Archaludon|1\/100\n|-unboost|p2a: Sneasler|def|1\n|-unboost|p2a: Sneasler|spd|1\n|move|p2b: Archaludon|Electro Shot||[still]\n|-prepare|p2b: Archaludon|Electro Shot\n|-boost|p2b: Archaludon|spa|1\n|-anim|p2b: Archaludon|Electro Shot|p1a: Dragonite\n|-damage|p1a: Dragonite|0 fnt\n|faint|p1a: Dragonite\n|move|p1b: Archaludon|Electro Shot||[still]\n|-prepare|p1b: Archaludon|Electro Shot\n|-boost|p1b: Archaludon|spa|1\n|-anim|p1b: Archaludon|Electro Shot|p2b: Archaludon\n|-resisted|p2b: Archaludon\n|-damage|p2b: Archaludon|0 fnt\n|faint|p2b: Archaludon\n|\n|-weather|RainDance|[upkeep]\n|upkeep\n|\n|t:|1725583527\n|switch|p2b: Kingambit|Kingambit, L50, M|100\/100\n|switch|p1a: Gholdengo|Gholdengo, L50|100\/100\n|turn|3\n|\n|t:|1725583540\n|-terastallize|p1a: Gholdengo|Steel\n|move|p2a: Sneasler|Protect|p2a: Sneasler\n|-singleturn|p2a: Sneasler|Protect\n|move|p2b: Kingambit|Sucker Punch|p1b: Archaludon\n|-damage|p1b: Archaludon|0 fnt\n|faint|p1b: Archaludon\n|move|p1a: Gholdengo|Make It Rain|p2b: Kingambit|[spread] p2b\n|-activate|p2a: Sneasler|move: Protect\n|-resisted|p2b: Kingambit\n|-damage|p2b: Kingambit|56\/100\n|-unboost|p1a: Gholdengo|spa|1\n|\n|-weather|RainDance|[upkeep]\n|upkeep\n|\n|t:|1725583545\n|switch|p1b: Kingambit|Kingambit, L50, F|100\/100\n|turn|4\n|\n|t:|1725583555\n|move|p2a: Sneasler|Close Combat|p1b: Kingambit\n|-supereffective|p1b: Kingambit\n|-damage|p1b: Kingambit|0 fnt\n|-unboost|p2a: Sneasler|def|1\n|-unboost|p2a: Sneasler|spd|1\n|faint|p1b: Kingambit\n|move|p1a: Gholdengo|Make It Rain|p2b: Kingambit|[spread] p2a,p2b\n|-resisted|p2b: Kingambit\n|-damage|p2a: Sneasler|0 fnt\n|-damage|p2b: Kingambit|26\/100\n|-unboost|p1a: Gholdengo|spa|1\n|faint|p2a: Sneasler\n|move|p2b: Kingambit|Kowtow Cleave|p1a: Gholdengo\n|-damage|p1a: Gholdengo|47\/100\n|\n|-weather|RainDance|[upkeep]\n|upkeep\n|turn|5\n|\n|t:|1725583564\n|move|p1a: Gholdengo|Make It Rain|p2b: Kingambit\n|-resisted|p2b: Kingambit\n|-damage|p2b: Kingambit|0 fnt\n|-unboost|p1a: Gholdengo|spa|1\n|faint|p2b: Kingambit\n|\n|win|TwitterJasePokemon\n|raw|TwitterJasePokemon's rating: 1701 &rarr; <strong>1724<\/strong><br \/>(+23 for winning)\n|raw|SeaWolfMikess's rating: 1752 &rarr; <strong>1729<\/strong><br \/>(-23 for losing)\n|l|\u2606SeaWolfMikess\n|player|p2|\n|l|\u2606TwitterJasePokemon\n|player|p1|\n","uploadtime":1725583727,"views":44,"formatid":"gen9vgc2024regh","rating":1724,"private":0,"password":null}