{"id":"gen9vgc2024regh-2195509280","format":"[Gen 9] VGC 2024 Reg H","players":["Moosewii7","evenifyoustumble"],"log":"|j|\u2606Moosewii7\n|j|\u2606evenifyoustumble\n|t:|1725586666\n|gametype|doubles\n|player|p1|Moosewii7|101|1673\n|player|p2|evenifyoustumble|lady|1739\n|teamsize|p1|6\n|teamsize|p2|6\n|gen|9\n|tier|[Gen 9] VGC 2024 Reg H\n|rated|\n|rule|Species Clause: Limit one of each Pok\u00e9mon\n|rule|Item Clause: Limit 1 of each item\n|clearpoke\n|poke|p1|Garganacl, L50, F|\n|poke|p1|Amoonguss, L50, M|\n|poke|p1|Dragapult, L50, M|\n|poke|p1|Kingambit, L50, M|\n|poke|p1|Dragonite, L50, M|\n|poke|p1|Ninetales-Alola, L50, M|\n|poke|p2|Arcanine-Hisui, L50, M|\n|poke|p2|Serperior, L50, M|\n|poke|p2|Ninetales-Alola, L50, F|\n|poke|p2|Ursaluna-Bloodmoon, L50, M|\n|poke|p2|Dragonite, L50, F|\n|poke|p2|Archaludon, L50, F|\n|teampreview|4\n|inactive|Battle timer is ON: inactive players will automatically lose when time's up. (requested by evenifyoustumble)\nMoosewii7 rejected open team sheets.\n|inactive|Moosewii7 has 60 seconds left.\n|inactive|Moosewii7 has 30 seconds left.\n|inactive|Moosewii7 has 20 seconds left.\n|inactive|Moosewii7 has 15 seconds left.\n|inactive|Moosewii7 has 10 seconds left.\n|inactive|Moosewii7 has 5 seconds left.\n|\n|t:|1725586753\n|start\n|switch|p1a: Garganacl|Garganacl, L50, F|100\/100\n|switch|p1b: Dragapult|Dragapult, L50, M|100\/100\n|switch|p2a: YELLOW COLOR|Serperior, L50, M|100\/100\n|switch|p2b: Arcanine|Arcanine-Hisui, L50, M, shiny|100\/100\n|turn|1\n|\n|t:|1725586776\n|-terastallize|p1a: Garganacl|Fairy\n|move|p2a: YELLOW COLOR|Leaf Storm|p1a: Garganacl\n|-damage|p1a: Garganacl|77\/100\n|-boost|p2a: YELLOW COLOR|spa|2\n|move|p1b: Dragapult|Phantom Force||[still]\n|-prepare|p1b: Dragapult|Phantom Force\n|move|p2b: Arcanine|Head Smash|p1a: Garganacl\n|-damage|p1a: Garganacl|23\/100\n|move|p1a: Garganacl|Salt Cure|p2b: Arcanine\n|-supereffective|p2b: Arcanine\n|-damage|p2b: Arcanine|65\/100\n|-start|p2b: Arcanine|Salt Cure\n|\n|-heal|p1a: Garganacl|29\/100|[from] item: Leftovers\n|-damage|p2b: Arcanine|53\/100|[from] Salt Cure\n|upkeep\n|turn|2\n|\n|t:|1725586801\n|switch|p1a: Dragonite|Dragonite, L50, M|100\/100\n|move|p2a: YELLOW COLOR|Leaf Storm|p1a: Dragonite\n|-resisted|p1a: Dragonite\n|-damage|p1a: Dragonite|92\/100\n|-boost|p2a: YELLOW COLOR|spa|2\n|move|p1b: Dragapult|Phantom Force|p2b: Arcanine|[from]lockedmove\n|-damage|p2b: Arcanine|0 fnt\n|faint|p2b: Arcanine\n|-damage|p1b: Dragapult|91\/100|[from] item: Life Orb\n|\n|upkeep\n|\n|t:|1725586812\n|switch|p2b: Archaludon|Archaludon, L50, F|100\/100\n|turn|3\n|\n|t:|1725586827\n|move|p2a: YELLOW COLOR|Glare|p1b: Dragapult\n|-status|p1b: Dragapult|par\n|move|p2b: Archaludon|Draco Meteor|p1b: Dragapult\n|-supereffective|p1b: Dragapult\n|-damage|p1b: Dragapult|0 fnt\n|-unboost|p2b: Archaludon|spa|2\n|faint|p1b: Dragapult\n|move|p1a: Dragonite|Ice Spinner|p2a: YELLOW COLOR\n|-supereffective|p2a: YELLOW COLOR\n|-damage|p2a: YELLOW COLOR|36\/100\n|-enditem|p2a: YELLOW COLOR|Sitrus Berry|[eat]\n|-heal|p2a: YELLOW COLOR|61\/100|[from] item: Sitrus Berry\n|\n|upkeep\n|\n|t:|1725586841\n|switch|p1b: Ninetales|Ninetales-Alola, L50, M|100\/100\n|-weather|Snow|[from] ability: Snow Warning|[of] p1b: Ninetales\n|turn|4\n|j| DingusMcRingus\n|\n|t:|1725586856\n|switch|p2b: Ninetales|Ninetales-Alola, L50, F, shiny|100\/100\n|move|p2a: YELLOW COLOR|Protect|p2a: YELLOW COLOR\n|-singleturn|p2a: YELLOW COLOR|Protect\n|move|p1b: Ninetales|Blizzard|p2b: Ninetales|[spread] p2b\n|-activate|p2a: YELLOW COLOR|move: Protect\n|-resisted|p2b: Ninetales\n|-damage|p2b: Ninetales|87\/100\n|move|p1a: Dragonite|Ice Spinner|p2b: Ninetales\n|-resisted|p2b: Ninetales\n|-crit|p2b: Ninetales\n|-damage|p2b: Ninetales|66\/100\n|\n|-weather|Snow|[upkeep]\n|upkeep\n|turn|5\n|\n|t:|1725586877\n|-terastallize|p2a: YELLOW COLOR|Fire\n|move|p1b: Ninetales|Protect|p1b: Ninetales\n|-singleturn|p1b: Ninetales|Protect\n|move|p2a: YELLOW COLOR|Tera Blast|p1b: Ninetales|[anim] Tera Blast Fire\n|-activate|p1b: Ninetales|move: Protect\n|move|p2b: Ninetales|Freeze-Dry|p1a: Dragonite\n|-supereffective|p1a: Dragonite\n|-damage|p1a: Dragonite|2\/100\n|-enditem|p1a: Dragonite|Weakness Policy\n|-boost|p1a: Dragonite|atk|2|[from] item: Weakness Policy\n|-boost|p1a: Dragonite|spa|2|[from] item: Weakness Policy\n|move|p1a: Dragonite|Earthquake|p2b: Ninetales|[spread] p2a,p2b\n|-activate|p1b: Ninetales|move: Protect\n|-supereffective|p2a: YELLOW COLOR\n|-damage|p2a: YELLOW COLOR|0 fnt\n|-damage|p2b: Ninetales|11\/100\n|faint|p2a: YELLOW COLOR\n|\n|-weather|Snow|[upkeep]\n|upkeep\n|\n|t:|1725586881\n|switch|p2a: Archaludon|Archaludon, L50, F|100\/100\n|turn|6\n|inactive|Moosewii7 has 30 seconds left.\n|\n|t:|1725586912\n|move|p1a: Dragonite|Protect|p1a: Dragonite\n|-singleturn|p1a: Dragonite|Protect\n|move|p2b: Ninetales|Encore|p1b: Ninetales\n|-start|p1b: Ninetales|Encore\n|move|p2a: Archaludon|Flash Cannon|p1a: Dragonite\n|-activate|p1a: Dragonite|move: Protect\n|move|p1b: Ninetales|Protect||[still]\n|-fail|p1b: Ninetales\n|\n|-weather|Snow|[upkeep]\n|upkeep\n|turn|7\n|\n|t:|1725586926\n|switch|p1b: Garganacl|Garganacl, L50, F, tera:Fairy|29\/100\n|move|p1a: Dragonite|Extreme Speed|p2b: Ninetales\n|-damage|p2b: Ninetales|0 fnt\n|faint|p2b: Ninetales\n|move|p2a: Archaludon|Flash Cannon|p1b: Garganacl\n|-supereffective|p1b: Garganacl\n|-damage|p1b: Garganacl|0 fnt\n|faint|p1b: Garganacl\n|\n|-weather|Snow|[upkeep]\n|upkeep\n|\n|t:|1725586938\n|switch|p1b: Ninetales|Ninetales-Alola, L50, M|100\/100\n|turn|8\n|inactive|Moosewii7 has 30 seconds left.\n|inactive|Moosewii7 has 20 seconds left.\n|\n|t:|1725586975\n|move|p1a: Dragonite|Protect|p1a: Dragonite\n|-singleturn|p1a: Dragonite|Protect\n|move|p2a: Archaludon|Flash Cannon|p1a: Dragonite\n|-activate|p1a: Dragonite|move: Protect\n|move|p1b: Ninetales|Moonblast|p2a: Archaludon\n|-damage|p2a: Archaludon|57\/100\n|\n|-weather|none\n|upkeep\n|turn|9\n|l| DingusMcRingus\n|j| DingusMcRingus\n|\n|t:|1725586990\n|move|p1a: Dragonite|Extreme Speed|p2a: Archaludon\n|-resisted|p2a: Archaludon\n|-damage|p2a: Archaludon|29\/100\n|move|p2a: Archaludon|Flash Cannon|p1a: Dragonite\n|-damage|p1a: Dragonite|0 fnt\n|faint|p1a: Dragonite\n|move|p1b: Ninetales|Moonblast|p2a: Archaludon\n|-damage|p2a: Archaludon|0 fnt\n|faint|p2a: Archaludon\n|\n|win|Moosewii7\n|raw|Moosewii7's rating: 1673 &rarr; <strong>1697<\/strong><br \/>(+24 for winning)\n|raw|evenifyoustumble's rating: 1739 &rarr; <strong>1715<\/strong><br \/>(-24 for losing)\n|l|\u2606evenifyoustumble\n|player|p2|\n|l| DingusMcRingus\n|l|\u2606Moosewii7\n|player|p1|\n","uploadtime":1725587182,"views":129,"formatid":"gen9vgc2024regh","rating":1697,"private":0,"password":null}