{"id":"gen9vgc2024regh-2195112698","format":"[Gen 9] VGC 2024 Reg H","players":["lpelpe","BirdKeeperNeek"],"log":"|j|\u2606lpelpe\n|j|\u2606BirdKeeperNeek\n|t:|1725546465\n|gametype|doubles\n|player|p1|lpelpe|265|1683\n|player|p2|BirdKeeperNeek|falkner|1723\n|teamsize|p1|6\n|teamsize|p2|6\n|gen|9\n|tier|[Gen 9] VGC 2024 Reg H\n|rated|\n|rule|Species Clause: Limit one of each Pok\u00e9mon\n|rule|Item Clause: Limit 1 of each item\n|clearpoke\n|poke|p1|Hariyama, L50, F|\n|poke|p1|Farigiraf, L50, M|\n|poke|p1|Ursaluna-Bloodmoon, L50, M|\n|poke|p1|Samurott-Hisui, L50, F|\n|poke|p1|Sinistcha, L50|\n|poke|p1|Skeledirge, L50, F|\n|poke|p2|Baxcalibur, L50, F|\n|poke|p2|Whimsicott, L50, M|\n|poke|p2|Gholdengo, L50|\n|poke|p2|Rillaboom, L50, F|\n|poke|p2|Tauros-Paldea-Blaze, L50, M|\n|poke|p2|Primarina, L50, M|\n|teampreview|4\n|c|\u2606BirdKeeperNeek|hf\n|inactive|Battle timer is ON: inactive players will automatically lose when time's up. (requested by lpelpe)\nBirdKeeperNeek has agreed to open team sheets.\n|inactive|BirdKeeperNeek has 60 seconds left.\n|\n|t:|1725546512\n|start\n|switch|p1a: Hariyama|Hariyama, L50, F|100\/100\n|switch|p1b: Farigiraf|Farigiraf, L50, M|100\/100\n|switch|p2a: Tauros|Tauros-Paldea-Blaze, L50, M|100\/100\n|switch|p2b: Rillaboom|Rillaboom, L50, F|100\/100\n|-ability|p2a: Tauros|Intimidate|boost\n|-unboost|p1a: Hariyama|atk|1\n|-unboost|p1b: Farigiraf|atk|1\n|-fieldstart|move: Grassy Terrain|[from] ability: Grassy Surge|[of] p2b: Rillaboom\n|turn|1\n|\n|t:|1725546533\n|move|p1a: Hariyama|Fake Out|p2b: Rillaboom\n|-damage|p2b: Rillaboom|91\/100\n|move|p2a: Tauros|Close Combat|p1b: Farigiraf\n|-damage|p1b: Farigiraf|56\/100\n|-unboost|p2a: Tauros|def|1\n|-unboost|p2a: Tauros|spd|1\n|cant|p2b: Rillaboom|flinch\n|move|p1b: Farigiraf|Trick Room|p1b: Farigiraf\n|-fieldstart|move: Trick Room|[of] p1b: Farigiraf\n|\n|-heal|p1b: Farigiraf|62\/100|[from] Grassy Terrain\n|-heal|p2b: Rillaboom|97\/100|[from] Grassy Terrain\n|-status|p1a: Hariyama|brn|[from] item: Flame Orb\n|upkeep\n|turn|2\n|inactive|BirdKeeperNeek has 30 seconds left.\n|\n|t:|1725546564\n|switch|p2a: Gholdengo|Gholdengo, L50|100\/100\n|move|p1a: Hariyama|Knock Off|p2b: Rillaboom\n|-damage|p2b: Rillaboom|64\/100\n|-enditem|p2b: Rillaboom|Assault Vest|[from] move: Knock Off|[of] p1a: Hariyama\n|move|p1b: Farigiraf|Psychic Noise|p2a: Gholdengo\n|-resisted|p2a: Gholdengo\n|-damage|p2a: Gholdengo|86\/100\n|-start|p2a: Gholdengo|move: Heal Block\n|move|p2b: Rillaboom|Wood Hammer|p1b: Farigiraf\n|-damage|p1b: Farigiraf|0 fnt\n|faint|p1b: Farigiraf\n|-damage|p2b: Rillaboom|43\/100|[from] Recoil\n|\n|-heal|p2b: Rillaboom|48\/100|[from] Grassy Terrain\n|-damage|p1a: Hariyama|94\/100 brn|[from] brn\n|upkeep\n|\n|t:|1725546579\n|switch|p1b: Ursaluna|Ursaluna-Bloodmoon, L50, M|100\/100\n|turn|3\n|\n|t:|1725546601\n|switch|p2a: Whimsicott|Whimsicott, L50, M, shiny|100\/100\n|-terastallize|p1b: Ursaluna|Normal\n|move|p2b: Rillaboom|Grassy Glide|p1b: Ursaluna\n|-damage|p1b: Ursaluna|72\/100\n|move|p1a: Hariyama|Close Combat|p2a: Whimsicott\n|-resisted|p2a: Whimsicott\n|-damage|p2a: Whimsicott|49\/100\n|-unboost|p1a: Hariyama|def|1\n|-unboost|p1a: Hariyama|spd|1\n|move|p1b: Ursaluna|Earth Power|p2a: Whimsicott\n|-resisted|p2a: Whimsicott\n|-damage|p2a: Whimsicott|0 fnt\n|faint|p2a: Whimsicott\n|-damage|p1b: Ursaluna|62\/100|[from] item: Life Orb\n|\n|-heal|p1a: Hariyama|100\/100 brn|[from] Grassy Terrain\n|-heal|p1b: Ursaluna|68\/100|[from] Grassy Terrain\n|-heal|p2b: Rillaboom|54\/100|[from] Grassy Terrain\n|-damage|p1a: Hariyama|94\/100 brn|[from] brn\n|upkeep\n|inactive|BirdKeeperNeek has 30 seconds left.\n|\n|t:|1725546629\n|switch|p2a: Tauros|Tauros-Paldea-Blaze, L50, M|100\/100\n|-ability|p2a: Tauros|Intimidate|boost\n|-unboost|p1a: Hariyama|atk|1\n|-unboost|p1b: Ursaluna|atk|1\n|turn|4\n|\n|t:|1725546655\n|switch|p1a: Skeledirge|Skeledirge, L50, F|100\/100\n|move|p2a: Tauros|Protect|p2a: Tauros\n|-singleturn|p2a: Tauros|Protect\n|move|p2b: Rillaboom|Grassy Glide|p1a: Skeledirge\n|-resisted|p1a: Skeledirge\n|-damage|p1a: Skeledirge|85\/100\n|move|p1b: Ursaluna|Hyper Voice|p2b: Rillaboom|[spread] p2b\n|-activate|p2a: Tauros|move: Protect\n|-damage|p2b: Rillaboom|0 fnt\n|faint|p2b: Rillaboom\n|-damage|p1b: Ursaluna|58\/100|[from] item: Life Orb\n|\n|-heal|p1b: Ursaluna|64\/100|[from] Grassy Terrain\n|-heal|p1a: Skeledirge|91\/100|[from] Grassy Terrain\n|upkeep\n|\n|t:|1725546667\n|switch|p2b: Gholdengo|Gholdengo, L50|86\/100\n|turn|5\n|j| Rabbithorn05\n|inactive|BirdKeeperNeek has 30 seconds left.\n|\n|t:|1725546696\n|move|p2a: Tauros|Protect||[still]\n|-fail|p2a: Tauros\n|move|p1b: Ursaluna|Blood Moon|p2a: Tauros\n|-damage|p2a: Tauros|0 fnt\n|faint|p2a: Tauros\n|-damage|p1b: Ursaluna|54\/100|[from] item: Life Orb\n|move|p1a: Skeledirge|Torch Song|p2b: Gholdengo\n|-supereffective|p2b: Gholdengo\n|-damage|p2b: Gholdengo|0 fnt\n|-boost|p1a: Skeledirge|spa|1\n|faint|p2b: Gholdengo\n|\n|win|lpelpe\n|raw|lpelpe's rating: 1683 &rarr; <strong>1705<\/strong><br \/>(+22 for winning)\n|raw|BirdKeeperNeek's rating: 1723 &rarr; <strong>1701<\/strong><br \/>(-22 for losing)\n|c|\u2606BirdKeeperNeek|gg\n|l|\u2606BirdKeeperNeek\n|player|p2|\n|l|\u2606lpelpe\n|player|p1|\n","uploadtime":1725546783,"views":28,"formatid":"gen9vgc2024regh","rating":1701,"private":0,"password":null}