{"id":"gen9vgc2024regh-2195185203","format":"[Gen 9] VGC 2024 Reg H","players":["CarryTheBoats","spikemonkey76701"],"log":"|j|\u2606CarryTheBoats\n|j|\u2606spikemonkey76701\n|t:|1725553150\n|gametype|doubles\n|player|p1|CarryTheBoats|crasherwake|1667\n|player|p2|spikemonkey76701|swimmerf|1710\n|teamsize|p1|6\n|teamsize|p2|6\n|gen|9\n|tier|[Gen 9] VGC 2024 Reg H\n|rated|\n|rule|Species Clause: Limit one of each Pok\u00e9mon\n|rule|Item Clause: Limit 1 of each item\n|clearpoke\n|poke|p1|Porygon2, L50|\n|poke|p1|Amoonguss, L50, M|\n|poke|p1|Ursaluna, L50, F|\n|poke|p1|Tyranitar, L50, M|\n|poke|p1|Dragapult, L50, M|\n|poke|p1|Tauros-Paldea-Blaze, L50, M|\n|poke|p2|Archaludon, L50, F|\n|poke|p2|Pelipper, L50, M|\n|poke|p2|Farigiraf, L50, F|\n|poke|p2|Whimsicott, L50, M|\n|poke|p2|Kingdra, L50, F|\n|poke|p2|Gholdengo, L50|\n|teampreview|4\n|inactive|Battle timer is ON: inactive players will automatically lose when time's up. (requested by spikemonkey76701)\n|\n|t:|1725553191\n|start\n|switch|p1a: Dragapult|Dragapult, L50, M|100\/100\n|switch|p1b: Porygon2|Porygon2, L50|100\/100\n|switch|p2a: Whimsicott|Whimsicott, L50, M|100\/100\n|switch|p2b: Kingdra|Kingdra, L50, F|100\/100\n|-ability|p1b: Porygon2|Download|boost\n|-boost|p1b: Porygon2|spa|1\n|turn|1\n|j| lpolk965\n|l| lpolk965\n|\n|t:|1725553202\n|move|p2b: Kingdra|Protect|p2b: Kingdra\n|-singleturn|p2b: Kingdra|Protect\n|move|p2a: Whimsicott|Taunt|p1b: Porygon2\n|-start|p1b: Porygon2|move: Taunt\n|move|p1a: Dragapult|Draco Meteor|p2b: Kingdra\n|-activate|p2b: Kingdra|move: Protect\n|cant|p1b: Porygon2|move: Taunt|Trick Room\n|\n|upkeep\n|turn|2\n|\n|t:|1725553216\n|switch|p1b: Tyranitar|Tyranitar, L50, M|100\/100\n|-weather|Sandstorm|[from] ability: Sand Stream|[of] p1b: Tyranitar\n|move|p2a: Whimsicott|Tailwind|p2a: Whimsicott\n|-sidestart|p2: spikemonkey76701|move: Tailwind\n|move|p2b: Kingdra|Draco Meteor|p1a: Dragapult\n|-supereffective|p1a: Dragapult\n|-damage|p1a: Dragapult|0 fnt\n|-unboost|p2b: Kingdra|spa|2\n|faint|p1a: Dragapult\n|-damage|p2b: Kingdra|90\/100|[from] item: Life Orb\n|\n|-weather|Sandstorm|[upkeep]\n|-damage|p2a: Whimsicott|95\/100|[from] Sandstorm\n|-damage|p2b: Kingdra|84\/100|[from] Sandstorm\n|upkeep\n|\n|t:|1725553226\n|switch|p1a: Porygon2|Porygon2, L50|100\/100\n|-ability|p1a: Porygon2|Download|boost\n|-boost|p1a: Porygon2|spa|1\n|turn|3\n|\n|t:|1725553238\n|switch|p1b: Ursaluna|Ursaluna, L50, F|100\/100\n|move|p2a: Whimsicott|Taunt|p1a: Porygon2\n|-start|p1a: Porygon2|move: Taunt\n|move|p2b: Kingdra|Muddy Water|p1a: Porygon2|[spread] p1a,p1b\n|-supereffective|p1b: Ursaluna\n|-damage|p1a: Porygon2|88\/100\n|-damage|p1b: Ursaluna|68\/100\n|-unboost|p1b: Ursaluna|accuracy|1\n|-damage|p2b: Kingdra|74\/100|[from] item: Life Orb\n|move|p1a: Porygon2|Ice Beam|p2a: Whimsicott\n|-supereffective|p2a: Whimsicott\n|-damage|p2a: Whimsicott|0 fnt\n|faint|p2a: Whimsicott\n|\n|-weather|Sandstorm|[upkeep]\n|-damage|p2b: Kingdra|68\/100|[from] Sandstorm\n|-damage|p1a: Porygon2|83\/100|[from] Sandstorm\n|-status|p1b: Ursaluna|brn|[from] item: Flame Orb\n|upkeep\n|\n|t:|1725553254\n|switch|p2a: Pelipper|Pelipper, L50, M|100\/100\n|-weather|RainDance|[from] ability: Drizzle|[of] p2a: Pelipper\n|turn|4\n|\n|t:|1725553268\n|switch|p1a: Tyranitar|Tyranitar, L50, M|100\/100\n|-weather|Sandstorm|[from] ability: Sand Stream|[of] p1a: Tyranitar\n|move|p2b: Kingdra|Muddy Water|p1b: Ursaluna|[spread] p1b\n|-miss|p2b: Kingdra|p1a: Tyranitar\n|-supereffective|p1b: Ursaluna\n|-damage|p1b: Ursaluna|31\/100 brn\n|-damage|p2b: Kingdra|58\/100|[from] item: Life Orb\n|move|p2a: Pelipper|Weather Ball|p1a: Tyranitar\n|-damage|p1a: Tyranitar|89\/100\n|move|p1b: Ursaluna|Facade|p2a: Pelipper|[miss]\n|-miss|p1b: Ursaluna|p2a: Pelipper\n|\n|-weather|Sandstorm|[upkeep]\n|-damage|p2b: Kingdra|52\/100|[from] Sandstorm\n|-damage|p2a: Pelipper|95\/100|[from] Sandstorm\n|-damage|p1b: Ursaluna|25\/100 brn|[from] brn\n|upkeep\n|turn|5\n|inactive|CarryTheBoats has 30 seconds left.\n|\n|t:|1725553294\n|switch|p2a: Archaludon|Archaludon, L50, F|100\/100\n|switch|p1a: Porygon2|Porygon2, L50|83\/100\n|-ability|p1a: Porygon2|Download|boost\n|-boost|p1a: Porygon2|spa|1\n|move|p2b: Kingdra|Protect|p2b: Kingdra\n|-singleturn|p2b: Kingdra|Protect\n|move|p1b: Ursaluna|Headlong Rush|p2a: Archaludon\n|-supereffective|p2a: Archaludon\n|-damage|p2a: Archaludon|0 fnt\n|-unboost|p1b: Ursaluna|def|1\n|-unboost|p1b: Ursaluna|spd|1\n|faint|p2a: Archaludon\n|\n|-weather|Sandstorm|[upkeep]\n|-damage|p2b: Kingdra|46\/100|[from] Sandstorm\n|-damage|p1a: Porygon2|77\/100|[from] Sandstorm\n|-damage|p1b: Ursaluna|19\/100 brn|[from] brn\n|-sideend|p2: spikemonkey76701|move: Tailwind\n|upkeep\n|\n|t:|1725553311\n|switch|p2a: Pelipper|Pelipper, L50, M|95\/100\n|-weather|RainDance|[from] ability: Drizzle|[of] p2a: Pelipper\n|turn|6\n|\n|t:|1725553324\n|switch|p1b: Tyranitar|Tyranitar, L50, M|89\/100\n|-weather|Sandstorm|[from] ability: Sand Stream|[of] p1b: Tyranitar\n|move|p2b: Kingdra|Muddy Water|p1a: Porygon2|[spread] p1a,p1b\n|-supereffective|p1b: Tyranitar\n|-damage|p1a: Porygon2|66\/100\n|-damage|p1b: Tyranitar|72\/100\n|-damage|p2b: Kingdra|36\/100|[from] item: Life Orb\n|move|p2a: Pelipper|Weather Ball|p1a: Porygon2\n|-damage|p1a: Porygon2|48\/100\n|move|p1a: Porygon2|Trick Room|p1a: Porygon2\n|-fieldstart|move: Trick Room|[of] p1a: Porygon2\n|\n|-weather|Sandstorm|[upkeep]\n|-damage|p1a: Porygon2|42\/100|[from] Sandstorm\n|-damage|p2a: Pelipper|89\/100|[from] Sandstorm\n|-damage|p2b: Kingdra|30\/100|[from] Sandstorm\n|upkeep\n|turn|7\n|\n|t:|1725553345\n|move|p2b: Kingdra|Protect|p2b: Kingdra\n|-singleturn|p2b: Kingdra|Protect\n|move|p1a: Porygon2|Recover|p1a: Porygon2\n|-heal|p1a: Porygon2|92\/100\n|move|p2a: Pelipper|Weather Ball|p1a: Porygon2\n|-damage|p1a: Porygon2|73\/100\n|move|p1b: Tyranitar|Knock Off|p2b: Kingdra\n|-activate|p2b: Kingdra|move: Protect\n|\n|-weather|Sandstorm|[upkeep]\n|-damage|p1a: Porygon2|67\/100|[from] Sandstorm\n|-damage|p2a: Pelipper|83\/100|[from] Sandstorm\n|-damage|p2b: Kingdra|24\/100|[from] Sandstorm\n|upkeep\n|turn|8\n|inactive|spikemonkey76701 has 30 seconds left.\n|\n|t:|1725553376\n|-terastallize|p2a: Pelipper|Flying\n|move|p2b: Kingdra|Protect|p2b: Kingdra\n|-singleturn|p2b: Kingdra|Protect\n|move|p1a: Porygon2|Tera Blast|p2a: Pelipper\n|-damage|p2a: Pelipper|0 fnt\n|faint|p2a: Pelipper\n|move|p1b: Tyranitar|Knock Off|p2b: Kingdra\n|-activate|p2b: Kingdra|move: Protect\n|\n|-weather|Sandstorm|[upkeep]\n|-damage|p1a: Porygon2|61\/100|[from] Sandstorm\n|-damage|p2b: Kingdra|18\/100|[from] Sandstorm\n|upkeep\n|turn|9\n|\n|t:|1725553391\n|move|p1a: Porygon2|Recover|p1a: Porygon2\n|-heal|p1a: Porygon2|100\/100\n|move|p1b: Tyranitar|Knock Off|p2b: Kingdra\n|-damage|p2b: Kingdra|0 fnt\n|-enditem|p2b: Kingdra|Life Orb|[from] move: Knock Off|[of] p1b: Tyranitar\n|faint|p2b: Kingdra\n|\n|win|CarryTheBoats\n|raw|CarryTheBoats's rating: 1667 &rarr; <strong>1689<\/strong><br \/>(+22 for winning)\n|raw|spikemonkey76701's rating: 1710 &rarr; <strong>1688<\/strong><br \/>(-22 for losing)\n|l|\u2606CarryTheBoats\n|player|p1|\n","uploadtime":1725553552,"views":50,"formatid":"gen9vgc2024regh","rating":1688,"private":0,"password":null}