{"id":"gen9vgc2024regh-2195244677","format":"[Gen 9] VGC 2024 Reg H","players":["KSunfr","philosovgc-x"],"log":"|j|\u2606KSunfr\n|j|\u2606philosovgc-x\n|t:|1725558531\n|gametype|doubles\n|player|p1|KSunfr|101|1776\n|player|p2|philosovgc-x|medium|1841\n|teamsize|p1|6\n|teamsize|p2|6\n|gen|9\n|tier|[Gen 9] VGC 2024 Reg H\n|rated|\n|rule|Species Clause: Limit one of each Pok\u00e9mon\n|rule|Item Clause: Limit 1 of each item\n|clearpoke\n|poke|p1|Dragonite, L50, M|\n|poke|p1|Archaludon, L50, F|\n|poke|p1|Kingambit, L50, F|\n|poke|p1|Primarina, L50, M|\n|poke|p1|Glimmora, L50, F|\n|poke|p1|Tauros-Paldea-Blaze, L50, M|\n|poke|p2|Lycanroc, L50, M|\n|poke|p2|Tyranitar, L50, M|\n|poke|p2|Indeedee-F, L50, F|\n|poke|p2|Murkrow, L50, F|\n|poke|p2|Garchomp, L50, M|\n|poke|p2|Gholdengo, L50|\n|teampreview|4\n|inactive|Battle timer is ON: inactive players will automatically lose when time's up. (requested by KSunfr)\n|inactive|KSunfr has 60 seconds left.\n|\n|t:|1725558563\n|start\n|switch|p1a: Archaludon|Archaludon, L50, F|100\/100\n|switch|p1b: Tauros|Tauros-Paldea-Blaze, L50, M|100\/100\n|switch|p2a: Murkrow|Murkrow, L50, F|100\/100\n|switch|p2b: Garchomp|Garchomp, L50, M, shiny|100\/100\n|-ability|p1b: Tauros|Intimidate|boost\n|-unboost|p2a: Murkrow|atk|1\n|-fail|p2b: Garchomp|unboost|[from] item: Clear Amulet|[of] p2b: Garchomp\n|turn|1\n|j| number86\n|\n|t:|1725558579\n|-terastallize|p1b: Tauros|Grass\n|move|p1a: Archaludon|Protect|p1a: Archaludon\n|-singleturn|p1a: Archaludon|Protect\n|move|p2a: Murkrow|Tailwind|p2a: Murkrow\n|-sidestart|p2: philosovgc-x|move: Tailwind\n|move|p2b: Garchomp|Earthquake|p1b: Tauros|[spread] p1b\n|-activate|p1a: Archaludon|move: Protect\n|-immune|p2a: Murkrow\n|-resisted|p1b: Tauros\n|-damage|p1b: Tauros|78\/100\n|move|p1b: Tauros|Will-O-Wisp|p2b: Garchomp\n|-status|p2b: Garchomp|brn\n|\n|-damage|p2b: Garchomp|95\/100 brn|[from] brn\n|upkeep\n|turn|2\n|j| TaylorisLife\n|\n|t:|1725558598\n|switch|p1b: Primarina|Primarina, L50, M|100\/100\n|-terastallize|p2b: Garchomp|Poison\n|move|p2a: Murkrow|Screech|p1b: Primarina\n|-unboost|p1b: Primarina|def|2\n|move|p2b: Garchomp|Poison Jab|p1b: Primarina\n|-supereffective|p1b: Primarina\n|-damage|p1b: Primarina|0 fnt\n|faint|p1b: Primarina\n|move|p1a: Archaludon|Electro Shot||[still]\n|-prepare|p1a: Archaludon|Electro Shot\n|-boost|p1a: Archaludon|spa|1\n|-enditem|p1a: Archaludon|Power Herb\n|-anim|p1a: Archaludon|Electro Shot|p2a: Murkrow\n|-supereffective|p2a: Murkrow\n|-damage|p2a: Murkrow|0 fnt\n|faint|p2a: Murkrow\n|\n|-damage|p2b: Garchomp|89\/100 brn|[from] brn\n|upkeep\n|\n|t:|1725558614\n|switch|p2a: Gholdengo|Gholdengo, L50|100\/100\n|switch|p1b: Dragonite|Dragonite, L50, M|100\/100\n|turn|3\n|\n|t:|1725558630\n|move|p2a: Gholdengo|Protect|p2a: Gholdengo\n|-singleturn|p2a: Gholdengo|Protect\n|move|p2b: Garchomp|Breaking Swipe|p1a: Archaludon|[spread] p1a,p1b\n|-supereffective|p1b: Dragonite\n|-damage|p1a: Archaludon|90\/100\n|-damage|p1b: Dragonite|88\/100\n|-unboost|p1a: Archaludon|atk|1\n|-unboost|p1b: Dragonite|atk|1\n|move|p1a: Archaludon|Draco Meteor|p2b: Garchomp\n|-damage|p2b: Garchomp|0 fnt\n|-unboost|p1a: Archaludon|spa|2\n|faint|p2b: Garchomp\n|move|p1b: Dragonite|Stomping Tantrum|p2a: Gholdengo\n|-activate|p2a: Gholdengo|move: Protect\n|\n|upkeep\n|\n|t:|1725558635\n|switch|p2b: Tyranitar|Tyranitar, L50, M|100\/100\n|-weather|Sandstorm|[from] ability: Sand Stream|[of] p2b: Tyranitar\n|turn|4\n|\n|t:|1725558655\n|switch|p1b: Tauros|Tauros-Paldea-Blaze, L50, M, tera:Grass|78\/100\n|-ability|p1b: Tauros|Intimidate|boost\n|-unboost|p2a: Gholdengo|atk|1\n|-unboost|p2b: Tyranitar|atk|1\n|move|p1a: Archaludon|Protect|p1a: Archaludon\n|-singleturn|p1a: Archaludon|Protect\n|move|p2a: Gholdengo|Shadow Ball|p1b: Tauros\n|-damage|p1b: Tauros|0 fnt\n|faint|p1b: Tauros\n|-damage|p2a: Gholdengo|91\/100|[from] item: Life Orb\n|move|p2b: Tyranitar|Rock Slide|p1a: Archaludon\n|-activate|p1a: Archaludon|move: Protect\n|\n|-weather|Sandstorm|[upkeep]\n|-sideend|p2: philosovgc-x|move: Tailwind\n|upkeep\n|\n|t:|1725558666\n|switch|p1b: Dragonite|Dragonite, L50, M|88\/100\n|turn|5\n|\n|t:|1725558681\n|move|p2a: Gholdengo|Protect|p2a: Gholdengo\n|-singleturn|p2a: Gholdengo|Protect\n|move|p1a: Archaludon|Flash Cannon|p2b: Tyranitar\n|-supereffective|p2b: Tyranitar\n|-damage|p2b: Tyranitar|77\/100\n|move|p1b: Dragonite|Stomping Tantrum|p2b: Tyranitar\n|-supereffective|p2b: Tyranitar\n|-damage|p2b: Tyranitar|10\/100\n|move|p2b: Tyranitar|Knock Off|p1b: Dragonite\n|-damage|p1b: Dragonite|52\/100\n|-enditem|p1b: Dragonite|Choice Band|[from] move: Knock Off|[of] p2b: Tyranitar\n|\n|-weather|Sandstorm|[upkeep]\n|-damage|p1b: Dragonite|46\/100|[from] Sandstorm\n|upkeep\n|turn|6\n|\n|t:|1725558706\n|move|p1b: Dragonite|Extreme Speed|p2b: Tyranitar\n|-resisted|p2b: Tyranitar\n|-damage|p2b: Tyranitar|0 fnt\n|faint|p2b: Tyranitar\n|move|p1a: Archaludon|Electro Shot||[still]\n|-prepare|p1a: Archaludon|Electro Shot\n|-boost|p1a: Archaludon|spa|1\n|move|p2a: Gholdengo|Make It Rain|p1a: Archaludon|[spread] p1a,p1b\n|-resisted|p1a: Archaludon\n|-damage|p1a: Archaludon|38\/100\n|-damage|p1b: Dragonite|0 fnt\n|-unboost|p2a: Gholdengo|spa|1\n|faint|p1b: Dragonite\n|-damage|p2a: Gholdengo|81\/100|[from] item: Life Orb\n|\n|-weather|Sandstorm|[upkeep]\n|upkeep\n|turn|7\n|\n|t:|1725558714\n|move|p2a: Gholdengo|Protect|p2a: Gholdengo\n|-singleturn|p2a: Gholdengo|Protect\n|move|p1a: Archaludon|Electro Shot|p2a: Gholdengo|[from]lockedmove\n|-activate|p2a: Gholdengo|move: Protect\n|\n|-weather|Sandstorm|[upkeep]\n|upkeep\n|turn|8\n|\n|t:|1725558721\n|move|p1a: Archaludon|Draco Meteor|p2a: Gholdengo\n|-resisted|p2a: Gholdengo\n|-damage|p2a: Gholdengo|46\/100\n|-unboost|p1a: Archaludon|spa|2\n|move|p2a: Gholdengo|Nasty Plot|p2a: Gholdengo\n|-boost|p2a: Gholdengo|spa|2\n|\n|-weather|none\n|upkeep\n|turn|9\n|\n|t:|1725558725\n|move|p1a: Archaludon|Draco Meteor|p2a: Gholdengo\n|-resisted|p2a: Gholdengo\n|-damage|p2a: Gholdengo|29\/100\n|-unboost|p1a: Archaludon|spa|2\n|move|p2a: Gholdengo|Shadow Ball|p1a: Archaludon\n|-damage|p1a: Archaludon|0 fnt\n|faint|p1a: Archaludon\n|-damage|p2a: Gholdengo|19\/100|[from] item: Life Orb\n|\n|win|philosovgc-x\n|raw|KSunfr's rating: 1776 &rarr; <strong>1760<\/strong><br \/>(-16 for losing)\n|raw|philosovgc-x's rating: 1841 &rarr; <strong>1857<\/strong><br \/>(+16 for winning)\n|l|\u2606philosovgc-x\n|player|p2|\n|l|\u2606KSunfr\n|player|p1|\n|l| TaylorisLife\n|l| number86\n","uploadtime":1725558952,"views":271,"formatid":"gen9vgc2024regh","rating":1760,"private":0,"password":null}