{"id":"gen9vgc2024regh-2195153358","format":"[Gen 9] VGC 2024 Reg H","players":["dcerza127","RomanTogepi"],"log":"|j|\u2606dcerza127\n|j|\u2606RomanTogepi\n|t:|1725550202\n|gametype|doubles\n|player|p1|dcerza127|266|1656\n|player|p2|RomanTogepi|169|1726\n|teamsize|p1|6\n|teamsize|p2|6\n|gen|9\n|tier|[Gen 9] VGC 2024 Reg H\n|rated|\n|rule|Species Clause: Limit one of each Pok\u00e9mon\n|rule|Item Clause: Limit 1 of each item\n|clearpoke\n|poke|p1|Primarina, L50, F|\n|poke|p1|Decidueye-Hisui, L50, F|\n|poke|p1|Indeedee, L50, M|\n|poke|p1|Sneasler, L50, F|\n|poke|p1|Meowscarada, L50, F|\n|poke|p1|Arcanine-Hisui, L50, M|\n|poke|p2|Grimmsnarl, L50, M|\n|poke|p2|Rillaboom, L50, M|\n|poke|p2|Kingambit, L50, F|\n|poke|p2|Volcarona, L50, M|\n|poke|p2|Tauros-Paldea-Aqua, L50, M|\n|poke|p2|Gengar, L50, F|\n|teampreview|4\n|inactive|Battle timer is ON: inactive players will automatically lose when time's up. (requested by dcerza127)\n|inactive|dcerza127 has 60 seconds left.\n|inactive|RomanTogepi has 60 seconds left.\n|\n|t:|1725550246\n|start\n|switch|p1a: Meowscarada|Meowscarada, L50, F|100\/100\n|switch|p1b: Primarina|Primarina, L50, F|100\/100\n|switch|p2a: Grimmsnarl|Grimmsnarl, L50, M|100\/100\n|switch|p2b: Volcarona|Volcarona, L50, M|100\/100\n|turn|1\n|j| BonoboF\n|\n|t:|1725550258\n|move|p2b: Volcarona|Protect|p2b: Volcarona\n|-singleturn|p2b: Volcarona|Protect\n|move|p2a: Grimmsnarl|Light Screen|p2a: Grimmsnarl\n|-sidestart|p2: RomanTogepi|move: Light Screen\n|move|p1a: Meowscarada|Taunt|p2b: Volcarona\n|-activate|p2b: Volcarona|move: Protect\n|move|p1b: Primarina|Hyper Voice|p2a: Grimmsnarl|[spread] p2a\n|-activate|p2b: Volcarona|move: Protect\n|-damage|p2a: Grimmsnarl|79\/100\n|\n|upkeep\n|turn|2\n|inactive|RomanTogepi has 30 seconds left.\n|\n|t:|1725550291\n|-terastallize|p2b: Volcarona|Dragon\n|move|p1a: Meowscarada|Taunt|p2b: Volcarona\n|-start|p2b: Volcarona|move: Taunt\n|move|p2b: Volcarona|Heat Wave|p1b: Primarina|[spread] p1a,p1b\n|-supereffective|p1a: Meowscarada\n|-resisted|p1b: Primarina\n|-enditem|p1a: Meowscarada|Focus Sash\n|-damage|p1a: Meowscarada|1\/100\n|-damage|p1b: Primarina|86\/100\n|move|p1b: Primarina|Moonblast|p2a: Grimmsnarl\n|-supereffective|p2a: Grimmsnarl\n|-damage|p2a: Grimmsnarl|17\/100\n|move|p2a: Grimmsnarl|Spirit Break|p1b: Primarina\n|-damage|p1b: Primarina|49\/100\n|\n|upkeep\n|turn|3\n|\n|t:|1725550316\n|switch|p2b: Rillaboom|Rillaboom, L50, M|100\/100\n|-fieldstart|move: Grassy Terrain|[from] ability: Grassy Surge|[of] p2b: Rillaboom\n|move|p2a: Grimmsnarl|Parting Shot|p1b: Primarina\n|-unboost|p1b: Primarina|atk|1\n|-unboost|p1b: Primarina|spa|1\n|\n|t:|1725550325\n|switch|p2a: Tauros|Tauros-Paldea-Aqua, L50, M|100\/100|[from] Parting Shot\n|-ability|p2a: Tauros|Intimidate|boost\n|-unboost|p1a: Meowscarada|atk|1\n|-unboost|p1b: Primarina|atk|1\n|move|p1a: Meowscarada|Grass Pledge|p2a: Tauros\n|-waiting|p1a: Meowscarada|p1b: Primarina\n|move|p1b: Primarina|Water Pledge|p2a: Tauros|[from]move: Grass Pledge\n|-combine\n|-supereffective|p2a: Tauros\n|-damage|p2a: Tauros|0 fnt\n|-sidestart|p2: RomanTogepi|Grass Pledge\n|faint|p2a: Tauros\n|\n|-heal|p1a: Meowscarada|7\/100|[from] Grassy Terrain\n|-heal|p1b: Primarina|55\/100|[from] Grassy Terrain\n|upkeep\n|j| Rabbithorn05\n|\n|t:|1725550339\n|switch|p2a: Volcarona|Volcarona, L50, M, tera:Dragon|100\/100\n|turn|4\n|\n|t:|1725550364\n|switch|p1b: Indeedee|Indeedee, L50, M|100\/100\n|-fieldstart|move: Psychic Terrain|[from] ability: Psychic Surge|[of] p1b: Indeedee\n|move|p2a: Volcarona|Protect|p2a: Volcarona\n|-singleturn|p2a: Volcarona|Protect\n|move|p1a: Meowscarada|Taunt|p2a: Volcarona\n|-activate|p2a: Volcarona|move: Protect\n|move|p2b: Rillaboom|Wood Hammer|p1b: Indeedee\n|-damage|p1b: Indeedee|0 fnt\n|faint|p1b: Indeedee\n|-damage|p2b: Rillaboom|78\/100|[from] Recoil\n|\n|upkeep\n|\n|t:|1725550379\n|switch|p1b: Primarina|Primarina, L50, F|55\/100\n|turn|5\n|\n|t:|1725550387\n|switch|p2a: Grimmsnarl|Grimmsnarl, L50, M|17\/100\n|-terastallize|p1b: Primarina|Poison\n|move|p1a: Meowscarada|Knock Off|p2a: Grimmsnarl\n|-resisted|p2a: Grimmsnarl\n|-damage|p2a: Grimmsnarl|10\/100\n|-enditem|p2a: Grimmsnarl|Light Clay|[from] move: Knock Off|[of] p1a: Meowscarada\n|move|p1b: Primarina|Moonblast|p2a: Grimmsnarl\n|-supereffective|p2a: Grimmsnarl\n|-damage|p2a: Grimmsnarl|0 fnt\n|faint|p2a: Grimmsnarl\n|move|p2b: Rillaboom|U-turn|p1a: Meowscarada\n|-supereffective|p1a: Meowscarada\n|-damage|p1a: Meowscarada|0 fnt\n|faint|p1a: Meowscarada\n|\n|t:|1725550398\n|switch|p2b: Volcarona|Volcarona, L50, M, tera:Dragon|100\/100|[from] U-turn\n|\n|upkeep\n|\n|t:|1725550404\n|switch|p1a: Arcanine|Arcanine-Hisui, L50, M|100\/100\n|switch|p2a: Rillaboom|Rillaboom, L50, M|78\/100\n|-fieldstart|move: Grassy Terrain|[from] ability: Grassy Surge|[of] p2a: Rillaboom\n|turn|6\n|\n|t:|1725550421\n|move|p2a: Rillaboom|Fake Out|p1a: Arcanine\n|-resisted|p1a: Arcanine\n|-damage|p1a: Arcanine|93\/100\n|cant|p1a: Arcanine|flinch\n|move|p1b: Primarina|Moonblast|p2a: Rillaboom\n|-damage|p2a: Rillaboom|54\/100\n|move|p2b: Volcarona|Quiver Dance|p2b: Volcarona\n|-boost|p2b: Volcarona|spa|1\n|-boost|p2b: Volcarona|spd|1\n|-boost|p2b: Volcarona|spe|1\n|\n|-heal|p1a: Arcanine|99\/100|[from] Grassy Terrain\n|-heal|p1b: Primarina|61\/100|[from] Grassy Terrain\n|-heal|p2a: Rillaboom|60\/100|[from] Grassy Terrain\n|-sideend|p2: RomanTogepi|Grass Pledge\n|upkeep\n|turn|7\n|inactive|RomanTogepi has 30 seconds left.\n|\n|t:|1725550449\n|move|p2b: Volcarona|Heat Wave|p1a: Arcanine|[spread] p1a\n|-miss|p2b: Volcarona|p1b: Primarina\n|-resisted|p1a: Arcanine\n|-crit|p1a: Arcanine\n|-damage|p1a: Arcanine|76\/100\n|move|p1a: Arcanine|Flare Blitz|p2a: Rillaboom\n|-supereffective|p2a: Rillaboom\n|-damage|p2a: Rillaboom|0 fnt\n|faint|p2a: Rillaboom\n|move|p1b: Primarina|Moonblast|p2b: Volcarona\n|-supereffective|p2b: Volcarona\n|-damage|p2b: Volcarona|60\/100\n|\n|-heal|p2b: Volcarona|66\/100|[from] Grassy Terrain\n|-heal|p1a: Arcanine|82\/100|[from] Grassy Terrain\n|-heal|p1b: Primarina|67\/100|[from] Grassy Terrain\n|upkeep\n|turn|8\n|\n|t:|1725550468\n|move|p2b: Volcarona|Heat Wave|p1b: Primarina|[spread] p1a,p1b\n|-resisted|p1a: Arcanine\n|-damage|p1a: Arcanine|68\/100\n|-damage|p1b: Primarina|28\/100\n|move|p1a: Arcanine|Head Smash|p2b: Volcarona\n|-damage|p2b: Volcarona|0 fnt\n|faint|p2b: Volcarona\n|\n|win|dcerza127\n|raw|dcerza127's rating: 1656 &rarr; <strong>1680<\/strong><br \/>(+24 for winning)\n|raw|RomanTogepi's rating: 1726 &rarr; <strong>1702<\/strong><br \/>(-24 for losing)\n|l| BonoboF\n|l|\u2606dcerza127\n|player|p1|\n","uploadtime":1725550479,"views":19,"formatid":"gen9vgc2024regh","rating":1680,"private":0,"password":null}