{"id":"gen9vgc2024regh-2195487829","format":"[Gen 9] VGC 2024 Reg H","players":["evenifyoustumble","TwitterJasePokemon"],"log":"|j|\u2606evenifyoustumble\n|j|\u2606TwitterJasePokemon\n|t:|1725584059\n|gametype|doubles\n|player|p1|evenifyoustumble|lady|1792\n|player|p2|TwitterJasePokemon|lucas|1758\n|teamsize|p1|6\n|teamsize|p2|6\n|gen|9\n|tier|[Gen 9] VGC 2024 Reg H\n|rated|\n|rule|Species Clause: Limit one of each Pok\u00e9mon\n|rule|Item Clause: Limit 1 of each item\n|clearpoke\n|poke|p1|Arcanine-Hisui, L50, M|\n|poke|p1|Serperior, L50, M|\n|poke|p1|Ninetales-Alola, L50, F|\n|poke|p1|Ursaluna-Bloodmoon, L50, M|\n|poke|p1|Dragonite, L50, M|\n|poke|p1|Archaludon, L50, F|\n|poke|p2|Archaludon, L50, F|\n|poke|p2|Murkrow, L50, M|\n|poke|p2|Dragonite, L50, M|\n|poke|p2|Kingambit, L50, M|\n|poke|p2|Rillaboom, L50, M|\n|poke|p2|Gholdengo, L50|\n|teampreview|4\n|inactive|Battle timer is ON: inactive players will automatically lose when time's up. (requested by TwitterJasePokemon)\n|inactive|evenifyoustumble also wants the timer to be on.\n|inactive|evenifyoustumble has 60 seconds left.\n|\n|t:|1725584112\n|start\n|switch|p1a: Arcanine|Arcanine-Hisui, L50, M, shiny|100\/100\n|switch|p1b: Ursaluna|Ursaluna-Bloodmoon, L50, M|100\/100\n|switch|p2a: Murkrow|Murkrow, L50, M|100\/100\n|switch|p2b: Gholdengo|Gholdengo, L50|100\/100\n|turn|1\n|j| lpsu9\n|\n|t:|1725584135\n|-terastallize|p2b: Gholdengo|Steel\n|move|p2a: Murkrow|Tailwind|p2a: Murkrow\n|-sidestart|p2: TwitterJasePokemon|move: Tailwind\n|move|p2b: Gholdengo|Make It Rain|p1a: Arcanine|[spread] p1a,p1b\n|-enditem|p1a: Arcanine|Focus Sash\n|-damage|p1a: Arcanine|1\/100\n|-damage|p1b: Ursaluna|41\/100\n|-unboost|p2b: Gholdengo|spa|1\n|move|p1a: Arcanine|Head Smash|p2a: Murkrow\n|-supereffective|p2a: Murkrow\n|-damage|p2a: Murkrow|0 fnt\n|faint|p2a: Murkrow\n|move|p1b: Ursaluna|Earth Power|p2b: Gholdengo\n|-supereffective|p2b: Gholdengo\n|-damage|p2b: Gholdengo|0 fnt\n|faint|p2b: Gholdengo\n|\n|upkeep\n|l| lpsu9\n|\n|t:|1725584146\n|switch|p2b: Archaludon|Archaludon, L50, F|100\/100\n|switch|p2a: Dragonite|Dragonite, L50, M|100\/100\n|turn|2\n|inactive|evenifyoustumble has 30 seconds left.\n|inactive|evenifyoustumble has 20 seconds left.\n|inactive|evenifyoustumble has 15 seconds left.\n|inactive|evenifyoustumble has 10 seconds left.\n|inactive|evenifyoustumble has 5 seconds left.\n|\n|t:|1725584201\n|move|p1a: Arcanine|Protect|p1a: Arcanine\n|-singleturn|p1a: Arcanine|Protect\n|move|p2b: Archaludon|Electro Shot||[still]\n|-prepare|p2b: Archaludon|Electro Shot\n|-boost|p2b: Archaludon|spa|1\n|-enditem|p2b: Archaludon|Power Herb\n|-anim|p2b: Archaludon|Electro Shot|p1a: Arcanine\n|-activate|p1a: Arcanine|move: Protect\n|move|p2a: Dragonite|Low Kick|p1b: Ursaluna\n|-supereffective|p1b: Ursaluna\n|-damage|p1b: Ursaluna|0 fnt\n|faint|p1b: Ursaluna\n|\n|upkeep\n|\n|t:|1725584205\n|switch|p1b: Archaludon|Archaludon, L50, F|100\/100\n|turn|3\n|\n|t:|1725584227\n|-terastallize|p1a: Arcanine|Ghost\n|move|p1b: Archaludon|Protect|p1b: Archaludon\n|-singleturn|p1b: Archaludon|Protect\n|move|p2b: Archaludon|Draco Meteor|p1b: Archaludon\n|-activate|p1b: Archaludon|move: Protect\n|move|p2a: Dragonite|Low Kick|p1b: Archaludon\n|-activate|p1b: Archaludon|move: Protect\n|move|p1a: Arcanine|Head Smash|p2a: Dragonite\n|-supereffective|p2a: Dragonite\n|-damage|p2a: Dragonite|27\/100\n|\n|upkeep\n|turn|4\n|\n|t:|1725584249\n|switch|p1b: YELLOW COLOR|Serperior, L50, M|100\/100\n|move|p1a: Arcanine|Protect|p1a: Arcanine\n|-singleturn|p1a: Arcanine|Protect\n|move|p2b: Archaludon|Draco Meteor|p1b: YELLOW COLOR\n|-damage|p1b: YELLOW COLOR|0 fnt\n|-unboost|p2b: Archaludon|spa|2\n|faint|p1b: YELLOW COLOR\n|move|p2a: Dragonite|Dragon Claw|p1a: Arcanine\n|-activate|p1a: Arcanine|move: Protect\n|\n|-sideend|p2: TwitterJasePokemon|move: Tailwind\n|upkeep\n|\n|t:|1725584256\n|switch|p1b: Archaludon|Archaludon, L50, F|100\/100\n|turn|5\n|j| onlinefunctions\n|\n|t:|1725584265\n|move|p1a: Arcanine|Flare Blitz|p2b: Archaludon\n|-damage|p2b: Archaludon|54\/100\n|move|p1b: Archaludon|Electro Shot||[still]\n|-prepare|p1b: Archaludon|Electro Shot\n|-boost|p1b: Archaludon|spa|1\n|-enditem|p1b: Archaludon|Power Herb\n|-anim|p1b: Archaludon|Electro Shot|p2a: Dragonite\n|-damage|p2a: Dragonite|0 fnt\n|faint|p2a: Dragonite\n|move|p2b: Archaludon|Draco Meteor|p1b: Archaludon\n|-damage|p1b: Archaludon|22\/100\n|-unboost|p2b: Archaludon|spa|2\n|\n|upkeep\n|turn|6\n|\n|t:|1725584275\n|move|p1a: Arcanine|Flare Blitz|p2b: Archaludon\n|-damage|p2b: Archaludon|8\/100\n|-status|p2b: Archaludon|brn\n|move|p1b: Archaludon|Flash Cannon|p2b: Archaludon\n|-resisted|p2b: Archaludon\n|-damage|p2b: Archaludon|0 fnt\n|faint|p2b: Archaludon\n|\n|win|evenifyoustumble\n|raw|evenifyoustumble's rating: 1765 &rarr; <strong>1785<\/strong><br \/>(+20 for winning)\n|raw|TwitterJasePokemon's rating: 1758 &rarr; <strong>1738<\/strong><br \/>(-20 for losing)\n|l|\u2606evenifyoustumble\n|player|p1|\n|l|\u2606TwitterJasePokemon\n|player|p2|\n","uploadtime":1725584418,"views":98,"formatid":"gen9vgc2024regh","rating":1738,"private":0,"password":null}