{"id":"gen9vgc2024regh-2195031288","format":"[Gen 9] VGC 2024 Reg H","players":["actuary97","SeaWolfMikess"],"log":"|j|\u2606actuary97\n|j|\u2606SeaWolfMikess\n|t:|1725537640\n|gametype|doubles\n|player|p1|actuary97|sabrina-frlg|1812\n|player|p2|SeaWolfMikess|hugh|1742\n|teamsize|p1|6\n|teamsize|p2|6\n|gen|9\n|tier|[Gen 9] VGC 2024 Reg H\n|rated|\n|rule|Species Clause: Limit one of each Pok\u00e9mon\n|rule|Item Clause: Limit 1 of each item\n|clearpoke\n|poke|p1|Whimsicott, L50, F|\n|poke|p1|Gallade, L50, M|\n|poke|p1|Hatterene, L50, F|\n|poke|p1|Malamar, L50, F|\n|poke|p1|Indeedee, L50, M|\n|poke|p1|Archaludon, L50, F|\n|poke|p2|Pelipper, L50, F|\n|poke|p2|Archaludon, L50, M|\n|poke|p2|Rillaboom, L50, F|\n|poke|p2|Incineroar, L50, F|\n|poke|p2|Sneasler, L50, M|\n|poke|p2|Kingambit, L50, F|\n|teampreview|4\nactuary97 has agreed to open team sheets.\nSeaWolfMikess rejected open team sheets.\n|j| garonpappa\n|j| lori Kitahara\n|inactive|Battle timer is ON: inactive players will automatically lose when time's up. (requested by actuary97)\n|\n|t:|1725537693\n|start\n|switch|p1a: Mischief Mother|Whimsicott, L50, F, shiny|100\/100\n|switch|p1b: Bridget|Archaludon, L50, F, shiny|100\/100\n|switch|p2a: Pelipper|Pelipper, L50, F|100\/100\n|switch|p2b: Archaludon|Archaludon, L50, M|100\/100\n|-weather|RainDance|[from] ability: Drizzle|[of] p2a: Pelipper\n|turn|1\n|\n|t:|1725537700\n|move|p1a: Mischief Mother|Beat Up|p1b: Bridget\n|-damage|p1b: Bridget|99\/100\n|-ability|p1b: Bridget|Stamina|boost\n|-boost|p1b: Bridget|def|1\n|-damage|p1b: Bridget|97\/100\n|-ability|p1b: Bridget|Stamina|boost\n|-boost|p1b: Bridget|def|1\n|-damage|p1b: Bridget|96\/100\n|-ability|p1b: Bridget|Stamina|boost\n|-boost|p1b: Bridget|def|1\n|-damage|p1b: Bridget|95\/100\n|-ability|p1b: Bridget|Stamina|boost\n|-boost|p1b: Bridget|def|1\n|-hitcount|p1b: Bridget|4\n|move|p2b: Archaludon|Flash Cannon|p1a: Mischief Mother\n|-supereffective|p1a: Mischief Mother\n|-enditem|p1a: Mischief Mother|Focus Sash\n|-damage|p1a: Mischief Mother|1\/100\n|move|p2a: Pelipper|Tailwind|p2a: Pelipper\n|-sidestart|p2: SeaWolfMikess|move: Tailwind\n|move|p1b: Bridget|Body Press|p2b: Archaludon\n|-supereffective|p2b: Archaludon\n|-ability|p2b: Archaludon|Sturdy\n|-damage|p2b: Archaludon|1\/100\n|\n|-weather|RainDance|[upkeep]\n|upkeep\n|turn|2\n|\n|t:|1725537724\n|move|p1a: Mischief Mother|Tailwind|p1a: Mischief Mother\n|-sidestart|p1: actuary97|move: Tailwind\n|move|p2b: Archaludon|Dragon Pulse|p1b: Bridget\n|-damage|p1b: Bridget|64\/100\n|-ability|p1b: Bridget|Stamina|boost\n|-boost|p1b: Bridget|def|1\n|move|p2a: Pelipper|Weather Ball|p1b: Bridget\n|-resisted|p1b: Bridget\n|-damage|p1b: Bridget|43\/100\n|-ability|p1b: Bridget|Stamina|boost\n|-boost|p1b: Bridget|def|1\n|move|p1b: Bridget|Snarl|p2b: Archaludon|[spread] p2a,p2b\n|-damage|p2a: Pelipper|77\/100\n|-damage|p2b: Archaludon|0 fnt\n|-unboost|p2a: Pelipper|spa|1\n|faint|p2b: Archaludon\n|\n|-weather|RainDance|[upkeep]\n|upkeep\n|\n|t:|1725537735\n|switch|p2b: Sneasler|Sneasler, L50, M|100\/100\n|turn|3\n|\n|t:|1725537748\n|switch|p1a: Tapu Deedee|Indeedee, L50, M, shiny|100\/100\n|-fieldstart|move: Psychic Terrain|[from] ability: Psychic Surge|[of] p1a: Tapu Deedee\n|move|p2b: Sneasler|Close Combat|p1b: Bridget\n|-supereffective|p1b: Bridget\n|-damage|p1b: Bridget|17\/100\n|-unboost|p2b: Sneasler|def|1\n|-unboost|p2b: Sneasler|spd|1\n|move|p2a: Pelipper|Weather Ball|p1b: Bridget\n|-resisted|p1b: Bridget\n|-damage|p1b: Bridget|3\/100\n|move|p1b: Bridget|Electro Shot||[still]\n|-prepare|p1b: Bridget|Electro Shot\n|-boost|p1b: Bridget|spa|1\n|-anim|p1b: Bridget|Electro Shot|p2a: Pelipper\n|-supereffective|p2a: Pelipper\n|-crit|p2a: Pelipper\n|-damage|p2a: Pelipper|0 fnt\n|faint|p2a: Pelipper\n|\n|-weather|RainDance|[upkeep]\n|upkeep\n|\n|t:|1725537760\n|switch|p2a: Rillaboom|Rillaboom, L50, F|100\/100\n|-fieldstart|move: Grassy Terrain|[from] ability: Grassy Surge|[of] p2a: Rillaboom\n|-enditem|p2b: Sneasler|Grassy Seed\n|-boost|p2b: Sneasler|def|1|[from] item: Grassy Seed\n|turn|4\n|inactive|actuary97 has 30 seconds left.\n|\n|t:|1725537792\n|switch|p1a: \u2694\ufe0fKing\u2694\ufe0f|Gallade, L50, M, shiny|100\/100\n|-terastallize|p2b: Sneasler|Dark\n|move|p2b: Sneasler|Close Combat|p1b: Bridget\n|-supereffective|p1b: Bridget\n|-damage|p1b: Bridget|0 fnt\n|-unboost|p2b: Sneasler|def|1\n|-unboost|p2b: Sneasler|spd|1\n|faint|p1b: Bridget\n|move|p2a: Rillaboom|Wood Hammer|p1a: \u2694\ufe0fKing\u2694\ufe0f\n|-damage|p1a: \u2694\ufe0fKing\u2694\ufe0f|0 fnt\n|faint|p1a: \u2694\ufe0fKing\u2694\ufe0f\n|-damage|p2a: Rillaboom|76\/100|[from] Recoil\n|\n|-weather|RainDance|[upkeep]\n|-heal|p2a: Rillaboom|82\/100|[from] Grassy Terrain\n|-sideend|p2: SeaWolfMikess|move: Tailwind\n|upkeep\n|\n|t:|1725537795\n|switch|p1a: Tapu Deedee|Indeedee, L50, M, shiny|100\/100\n|switch|p1b: Mischief Mother|Whimsicott, L50, F, shiny|1\/100\n|-fieldstart|move: Psychic Terrain|[from] ability: Psychic Surge|[of] p1a: Tapu Deedee\n|turn|5\n|\n|t:|1725537809\n|-terastallize|p1a: Tapu Deedee|Fairy\n|move|p1b: Mischief Mother|Moonblast|p2b: Sneasler\n|-supereffective|p2b: Sneasler\n|-damage|p2b: Sneasler|0 fnt\n|faint|p2b: Sneasler\n|move|p1a: Tapu Deedee|Dazzling Gleam|p2a: Rillaboom\n|-damage|p2a: Rillaboom|43\/100\n|move|p2a: Rillaboom|Wood Hammer|p1a: Tapu Deedee\n|-damage|p1a: Tapu Deedee|0 fnt\n|faint|p1a: Tapu Deedee\n|-damage|p2a: Rillaboom|21\/100|[from] Recoil\n|\n|-weather|none\n|-sideend|p1: actuary97|move: Tailwind\n|upkeep\n|turn|6\n|\n|t:|1725537816\n|move|p1b: Mischief Mother|Moonblast|p2a: Rillaboom\n|-damage|p2a: Rillaboom|0 fnt\n|faint|p2a: Rillaboom\n|\n|win|actuary97\n|raw|actuary97's rating: 1812 &rarr; <strong>1829<\/strong><br \/>(+17 for winning)\n|raw|SeaWolfMikess's rating: 1758 &rarr; <strong>1741<\/strong><br \/>(-17 for losing)\n|l|\u2606SeaWolfMikess\n|player|p2|\n|c|\u2606actuary97|gg\n|l|\u2606actuary97\n|player|p1|\n|l| garonpappa\n|l| lori Kitahara\n","uploadtime":1725537825,"views":108,"formatid":"gen9vgc2024regh","rating":1741,"private":0,"password":null}