{"id":"gen9vgc2024regh-2195722622","format":"[Gen 9] VGC 2024 Reg H","players":["SeaWolfMikess","Luca8"],"log":"|j|\u2606SeaWolfMikess\n|j|\u2606Luca8\n|t:|1725621384\n|gametype|doubles\n|player|p1|SeaWolfMikess|hugh|1693\n|player|p2|Luca8|flint|1649\n|teamsize|p1|6\n|teamsize|p2|6\n|gen|9\n|tier|[Gen 9] VGC 2024 Reg H\n|rated|\n|rule|Species Clause: Limit one of each Pok\u00e9mon\n|rule|Item Clause: Limit 1 of each item\n|clearpoke\n|poke|p1|Pelipper, L50, F|\n|poke|p1|Archaludon, L50, F|\n|poke|p1|Rillaboom, L50, F|\n|poke|p1|Arcanine-Hisui, L50, F|\n|poke|p1|Sneasler, L50, F|\n|poke|p1|Kingambit, L50, F|\n|poke|p2|Rillaboom, L50, M|\n|poke|p2|Torkoal, L50, F|\n|poke|p2|Oranguru, L50, M|\n|poke|p2|Ursaluna-Bloodmoon, L50, M|\n|poke|p2|Mienshao, L50, M|\n|poke|p2|Hydreigon, L50, F|\n|teampreview|4\n|\n|t:|1725621411\n|start\n|switch|p1a: Sneasler|Sneasler, L50, F|100\/100\n|switch|p1b: Arcanine|Arcanine-Hisui, L50, F|100\/100\n|switch|p2a: Oranguru|Oranguru, L50, M|100\/100\n|switch|p2b: Mienshao|Mienshao, L50, M|100\/100\n|-ability|p1b: Arcanine|Intimidate|boost\n|-fail|p2a: Oranguru|unboost|Attack|[from] ability: Inner Focus|[of] p2a: Oranguru\n|-fail|p2b: Mienshao|unboost|Attack|[from] ability: Inner Focus|[of] p2b: Mienshao\n|turn|1\n|\n|t:|1725621428\n|move|p2b: Mienshao|Fake Out|p1a: Sneasler\n|-damage|p1a: Sneasler|75\/100\n|cant|p1a: Sneasler|flinch\n|move|p1b: Arcanine|Flare Blitz|p2a: Oranguru\n|-damage|p2a: Oranguru|11\/100\n|-damage|p1b: Arcanine|67\/100|[from] Recoil\n|move|p2a: Oranguru|Trick Room|p2a: Oranguru\n|-fieldstart|move: Trick Room|[of] p2a: Oranguru\n|\n|upkeep\n|turn|2\n|inactive|Battle timer is ON: inactive players will automatically lose when time's up. (requested by Luca8)\n|\n|t:|1725621449\n|move|p2a: Oranguru|Psychic|p1a: Sneasler\n|-supereffective|p1a: Sneasler\n|-damage|p1a: Sneasler|0 fnt\n|faint|p1a: Sneasler\n|move|p1b: Arcanine|Flare Blitz|p2a: Oranguru\n|-damage|p2a: Oranguru|0 fnt\n|faint|p2a: Oranguru\n|-damage|p1b: Arcanine|63\/100|[from] Recoil\n|move|p2b: Mienshao|Close Combat|p1b: Arcanine\n|-supereffective|p1b: Arcanine\n|-damage|p1b: Arcanine|0 fnt\n|-unboost|p2b: Mienshao|def|1\n|-unboost|p2b: Mienshao|spd|1\n|faint|p1b: Arcanine\n|\n|upkeep\n|\n|t:|1725621467\n|switch|p2a: Ursaluna|Ursaluna-Bloodmoon, L50, M|100\/100\n|switch|p1b: Rillaboom|Rillaboom, L50, F|100\/100\n|switch|p1a: Archaludon|Archaludon, L50, F|100\/100\n|-fieldstart|move: Grassy Terrain|[from] ability: Grassy Surge|[of] p1b: Rillaboom\n|turn|3\n|inactive|Luca8 has 30 seconds left.\n|\n|t:|1725621494\n|-terastallize|p2a: Ursaluna|Ghost\n|move|p1b: Rillaboom|Grassy Glide|p2b: Mienshao\n|-enditem|p2b: Mienshao|Focus Sash\n|-damage|p2b: Mienshao|1\/100\n|move|p2a: Ursaluna|Blood Moon|p1b: Rillaboom\n|-damage|p1b: Rillaboom|38\/100\n|-damage|p2a: Ursaluna|91\/100|[from] item: Life Orb\n|move|p1a: Archaludon|Electro Shot||[still]\n|-prepare|p1a: Archaludon|Electro Shot\n|-boost|p1a: Archaludon|spa|1\n|-enditem|p1a: Archaludon|Power Herb\n|-anim|p1a: Archaludon|Electro Shot|p2b: Mienshao\n|-damage|p2b: Mienshao|0 fnt\n|faint|p2b: Mienshao\n|\n|-heal|p2a: Ursaluna|97\/100|[from] Grassy Terrain\n|-heal|p1b: Rillaboom|43\/100|[from] Grassy Terrain\n|upkeep\n|\n|t:|1725621515\n|switch|p2b: Torkoal|Torkoal, L50, F|100\/100\n|-weather|SunnyDay|[from] ability: Drought|[of] p2b: Torkoal\n|turn|4\n|\n|t:|1725621525\n|-terastallize|p1b: Rillaboom|Fire\n|move|p1a: Archaludon|Protect|p1a: Archaludon\n|-singleturn|p1a: Archaludon|Protect\n|move|p2b: Torkoal|Eruption|p1b: Rillaboom|[spread] p1b\n|-activate|p1a: Archaludon|move: Protect\n|-resisted|p1b: Rillaboom\n|-damage|p1b: Rillaboom|21\/100\n|move|p2a: Ursaluna|Earth Power|p1a: Archaludon\n|-activate|p1a: Archaludon|move: Protect\n|move|p1b: Rillaboom|Wood Hammer|p2a: Ursaluna\n|-damage|p2a: Ursaluna|44\/100\n|-damage|p1b: Rillaboom|3\/100|[from] Recoil\n|\n|-weather|SunnyDay|[upkeep]\n|-heal|p2a: Ursaluna|50\/100|[from] Grassy Terrain\n|-heal|p1b: Rillaboom|9\/100|[from] Grassy Terrain\n|upkeep\n|turn|5\n|inactive|SeaWolfMikess has 30 seconds left.\n|\n|t:|1725621551\n|move|p1a: Archaludon|Protect||[still]\n|-fail|p1a: Archaludon\n|move|p1b: Rillaboom|Grassy Glide|p2a: Ursaluna\n|-damage|p2a: Ursaluna|26\/100\n|move|p2b: Torkoal|Eruption|p1b: Rillaboom|[spread] p1a,p1b\n|-resisted|p1b: Rillaboom\n|-ability|p1a: Archaludon|Sturdy\n|-damage|p1a: Archaludon|1\/100\n|-damage|p1b: Rillaboom|0 fnt\n|faint|p1b: Rillaboom\n|move|p2a: Ursaluna|Earth Power|p1a: Archaludon\n|-supereffective|p1a: Archaludon\n|-damage|p1a: Archaludon|0 fnt\n|faint|p1a: Archaludon\n|-damage|p2a: Ursaluna|16\/100|[from] item: Life Orb\n|\n|win|Luca8\n|raw|SeaWolfMikess's rating: 1693 &rarr; <strong>1670<\/strong><br \/>(-23 for losing)\n|raw|Luca8's rating: 1649 &rarr; <strong>1672<\/strong><br \/>(+23 for winning)\n|l|\u2606SeaWolfMikess\n|player|p1|\n|l|\u2606Luca8\n|player|p2|\n","uploadtime":1725621697,"views":19,"formatid":"gen9vgc2024regh","rating":1670,"private":0,"password":null}