{"id":"gen9vgc2024regh-2195268775","format":"[Gen 9] VGC 2024 Reg H","players":["Albright4","thantologist"],"log":"|j|\u2606Albright4\n|j|\u2606thantologist\n|t:|1725560757\n|gametype|doubles\n|player|p1|Albright4|swimmer-gen4|1732\n|player|p2|thantologist|morty|1638\n|teamsize|p1|6\n|teamsize|p2|6\n|gen|9\n|tier|[Gen 9] VGC 2024 Reg H\n|rated|\n|rule|Species Clause: Limit one of each Pok\u00e9mon\n|rule|Item Clause: Limit 1 of each item\n|clearpoke\n|poke|p1|Lycanroc, L50, F|\n|poke|p1|Tyranitar, L50, F|\n|poke|p1|Rillaboom, L50, M|\n|poke|p1|Volcarona, L50, M|\n|poke|p1|Grimmsnarl, L50, M|\n|poke|p1|Empoleon, L50, F|\n|poke|p2|Kommo-o, L50, F|\n|poke|p2|Sneasler, L50, F|\n|poke|p2|Frosmoth, L50, M|\n|poke|p2|Ursaluna, L50, F|\n|poke|p2|Magmar, L50, F|\n|poke|p2|Indeedee, L50, M|\n|teampreview|4\n|inactive|Battle timer is ON: inactive players will automatically lose when time's up. (requested by thantologist)\n|inactive|Albright4 has 60 seconds left.\n|\n|t:|1725560801\n|start\n|switch|p1a: Volcarona|Volcarona, L50, M, shiny|100\/100\n|switch|p1b: Rillaboom|Rillaboom, L50, M|100\/100\n|switch|p2a: Frosmoth|Frosmoth, L50, M, shiny|100\/100\n|switch|p2b: Kommo-o|Kommo-o, L50, F|100\/100\n|-fieldstart|move: Grassy Terrain|[from] ability: Grassy Surge|[of] p1b: Rillaboom\n|turn|1\n|\n|t:|1725560824\n|switch|p2b: Indeedee|Indeedee, L50, M, shiny|100\/100\n|-fieldstart|move: Psychic Terrain|[from] ability: Psychic Surge|[of] p2b: Indeedee\n|move|p1a: Volcarona|Quiver Dance|p1a: Volcarona\n|-boost|p1a: Volcarona|spa|1\n|-boost|p1a: Volcarona|spd|1\n|-boost|p1a: Volcarona|spe|1\n|move|p1b: Rillaboom|U-turn|p2a: Frosmoth\n|-damage|p2a: Frosmoth|67\/100\n|\n|t:|1725560834\n|switch|p1b: Lycanroc|Lycanroc, L50, F, shiny|100\/100|[from] U-turn\n|move|p2a: Frosmoth|Struggle Bug|p1b: Lycanroc|[spread] p1a,p1b\n|-resisted|p1a: Volcarona\n|-damage|p1a: Volcarona|95\/100\n|-damage|p1b: Lycanroc|72\/100\n|-unboost|p1a: Volcarona|spa|1\n|-unboost|p1b: Lycanroc|spa|1\n|\n|upkeep\n|turn|2\n|inactive|thantologist has 30 seconds left.\n|\n|t:|1725560862\n|switch|p2b: Sneasler|Sneasler, L50, F, shiny|100\/100\n|-enditem|p2b: Sneasler|Psychic Seed\n|-boost|p2b: Sneasler|spd|1|[from] item: Psychic Seed\n|switch|p2a: Kommo-o|Kommo-o, L50, F|100\/100\n|move|p1a: Volcarona|Bug Buzz|p2b: Sneasler\n|-resisted|p2b: Sneasler\n|-damage|p2b: Sneasler|89\/100\n|move|p1b: Lycanroc|Close Combat|p2a: Kommo-o\n|-damage|p2a: Kommo-o|65\/100\n|-unboost|p1b: Lycanroc|def|1\n|-unboost|p1b: Lycanroc|spd|1\n|\n|upkeep\n|turn|3\n|\n|t:|1725560879\n|switch|p1b: Rillaboom|Rillaboom, L50, M|100\/100\n|-fieldstart|move: Grassy Terrain|[from] ability: Grassy Surge|[of] p1b: Rillaboom\n|move|p1a: Volcarona|Protect|p1a: Volcarona\n|-singleturn|p1a: Volcarona|Protect\n|move|p2b: Sneasler|Rock Slide|p1a: Volcarona|[spread] p1b\n|-activate|p1a: Volcarona|move: Protect\n|-damage|p1b: Rillaboom|78\/100\n|move|p2a: Kommo-o|Clangorous Soul|p2a: Kommo-o\n|-boost|p2a: Kommo-o|atk|1\n|-boost|p2a: Kommo-o|def|1\n|-boost|p2a: Kommo-o|spa|1\n|-boost|p2a: Kommo-o|spd|1\n|-boost|p2a: Kommo-o|spe|1\n|-damage|p2a: Kommo-o|33\/100\n|-enditem|p2a: Kommo-o|Throat Spray\n|-boost|p2a: Kommo-o|spa|1|[from] item: Throat Spray\n|\n|-heal|p2b: Sneasler|95\/100|[from] Grassy Terrain\n|-heal|p1a: Volcarona|100\/100|[from] Grassy Terrain\n|-heal|p2a: Kommo-o|39\/100|[from] Grassy Terrain\n|-heal|p1b: Rillaboom|84\/100|[from] Grassy Terrain\n|upkeep\n|turn|4\n|\n|t:|1725560901\n|switch|p2b: Indeedee|Indeedee, L50, M, shiny|100\/100\n|-fieldstart|move: Psychic Terrain|[from] ability: Psychic Surge|[of] p2b: Indeedee\n|-terastallize|p1a: Volcarona|Dragon\n|move|p1a: Volcarona|Heat Wave|p2b: Indeedee|[spread] p2a,p2b\n|-resisted|p2a: Kommo-o\n|-damage|p2a: Kommo-o|24\/100\n|-damage|p2b: Indeedee|45\/100\n|move|p2a: Kommo-o|Clanging Scales|p1a: Volcarona|[spread] p1a,p1b\n|-supereffective|p1a: Volcarona\n|-damage|p1a: Volcarona|7\/100\n|-damage|p1b: Rillaboom|0 fnt\n|faint|p1b: Rillaboom\n|-unboost|p2a: Kommo-o|def|1\n|\n|upkeep\n|j| RAWAXXX\n|\n|t:|1725560919\n|switch|p1b: Tyranitar|Tyranitar, L50, F|100\/100\n|-weather|Sandstorm|[from] ability: Sand Stream|[of] p1b: Tyranitar\n|turn|5\n|\n|t:|1725560936\n|move|p1a: Volcarona|Heat Wave|p2b: Indeedee|[spread] p2a,p2b\n|-resisted|p2a: Kommo-o\n|-damage|p2a: Kommo-o|8\/100\n|-damage|p2b: Indeedee|0 fnt\n|faint|p2b: Indeedee\n|move|p2a: Kommo-o|Clanging Scales|p1b: Tyranitar|[spread] p1a,p1b\n|-supereffective|p1a: Volcarona\n|-damage|p1a: Volcarona|0 fnt\n|-damage|p1b: Tyranitar|73\/100\n|faint|p1a: Volcarona\n|-unboost|p2a: Kommo-o|def|1\n|move|p1b: Tyranitar|Rock Slide|p2a: Kommo-o\n|-resisted|p2a: Kommo-o\n|-damage|p2a: Kommo-o|0 fnt\n|faint|p2a: Kommo-o\n|\n|-weather|Sandstorm|[upkeep]\n|upkeep\n|j| oberficker123\n|\n|t:|1725560945\n|switch|p2b: Sneasler|Sneasler, L50, F, shiny|95\/100\n|switch|p1a: Lycanroc|Lycanroc, L50, F, shiny|72\/100\n|switch|p2a: Frosmoth|Frosmoth, L50, M, shiny|67\/100\n|turn|6\n|\n|t:|1725560968\n|-terastallize|p2b: Sneasler|Stellar\n|move|p2a: Frosmoth|Wide Guard|p2a: Frosmoth\n|-singleturn|p2a: Frosmoth|Wide Guard\n|move|p1a: Lycanroc|Close Combat|p2a: Frosmoth\n|-damage|p2a: Frosmoth|15\/100\n|-unboost|p1a: Lycanroc|def|1\n|-unboost|p1a: Lycanroc|spd|1\n|move|p2b: Sneasler|Close Combat|p1a: Lycanroc\n|-supereffective|p1a: Lycanroc\n|-damage|p1a: Lycanroc|0 fnt\n|-unboost|p2b: Sneasler|def|1\n|-unboost|p2b: Sneasler|spd|1\n|faint|p1a: Lycanroc\n|move|p1b: Tyranitar|Tera Blast|p2b: Sneasler\n|-damage|p2b: Sneasler|61\/100\n|\n|-weather|Sandstorm|[upkeep]\n|-damage|p2b: Sneasler|55\/100|[from] Sandstorm\n|-damage|p2a: Frosmoth|8\/100|[from] Sandstorm\n|upkeep\n|turn|7\n|l| oberficker123\n|inactive|thantologist has 30 seconds left.\n|\n|t:|1725560998\n|move|p2b: Sneasler|Dire Claw|p1b: Tyranitar\n|-resisted|p1b: Tyranitar\n|-damage|p1b: Tyranitar|49\/100\n|-status|p1b: Tyranitar|psn\n|move|p2a: Frosmoth|Struggle Bug|p1b: Tyranitar\n|-supereffective|p1b: Tyranitar\n|-damage|p1b: Tyranitar|31\/100 psn\n|-unboost|p1b: Tyranitar|spa|1\n|move|p1b: Tyranitar|Rock Slide|p2a: Frosmoth|[spread] p2a,p2b\n|-supereffective|p2a: Frosmoth\n|-resisted|p2b: Sneasler\n|-damage|p2a: Frosmoth|0 fnt\n|-damage|p2b: Sneasler|15\/100\n|faint|p2a: Frosmoth\n|\n|-weather|Sandstorm|[upkeep]\n|-damage|p2b: Sneasler|9\/100|[from] Sandstorm\n|-damage|p1b: Tyranitar|19\/100 psn|[from] psn\n|upkeep\n|turn|8\n|\n|t:|1725561015\n|move|p2b: Sneasler|Close Combat|p1b: Tyranitar\n|-supereffective|p1b: Tyranitar\n|-damage|p1b: Tyranitar|0 fnt\n|-unboost|p2b: Sneasler|def|1\n|-unboost|p2b: Sneasler|spd|1\n|faint|p1b: Tyranitar\n|\n|win|thantologist\n|raw|Albright4's rating: 1732 &rarr; <strong>1707<\/strong><br \/>(-25 for losing)\n|raw|thantologist's rating: 1638 &rarr; <strong>1663<\/strong><br \/>(+25 for winning)\n|l|\u2606Albright4\n|player|p1|\n","uploadtime":1725561167,"views":28,"formatid":"gen9vgc2024regh","rating":1663,"private":0,"password":null}