{"id":"gen9vgc2024regh-2195236133","format":"[Gen 9] VGC 2024 Reg H","players":["KSunfr","philosovgc-x"],"log":"|j|\u2606KSunfr\n|j|\u2606philosovgc-x\n|t:|1725557763\n|gametype|doubles\n|player|p1|KSunfr|101|1750\n|player|p2|philosovgc-x|medium|1849\n|teamsize|p1|6\n|teamsize|p2|6\n|gen|9\n|tier|[Gen 9] VGC 2024 Reg H\n|rated|\n|rule|Species Clause: Limit one of each Pok\u00e9mon\n|rule|Item Clause: Limit 1 of each item\n|clearpoke\n|poke|p1|Dragonite, L50, F|\n|poke|p1|Archaludon, L50, F|\n|poke|p1|Kingambit, L50, F|\n|poke|p1|Primarina, L50, F|\n|poke|p1|Glimmora, L50, F|\n|poke|p1|Tauros-Paldea-Blaze, L50, M|\n|poke|p2|Lycanroc, L50, F|\n|poke|p2|Tyranitar, L50, M|\n|poke|p2|Indeedee-F, L50, F|\n|poke|p2|Murkrow, L50, F|\n|poke|p2|Garchomp, L50, M|\n|poke|p2|Gholdengo, L50|\n|teampreview|4\n|inactive|Battle timer is ON: inactive players will automatically lose when time's up. (requested by KSunfr)\n|\n|t:|1725557791\n|start\n|switch|p1a: Archaludon|Archaludon, L50, F|100\/100\n|switch|p1b: Glimmora|Glimmora, L50, F|100\/100\n|switch|p2a: Murkrow|Murkrow, L50, F|100\/100\n|switch|p2b: Garchomp|Garchomp, L50, M, shiny|100\/100\n|turn|1\n|inactive|philosovgc-x has 30 seconds left.\n|\n|t:|1725557820\n|move|p2a: Murkrow|Tailwind|p2a: Murkrow\n|-sidestart|p2: philosovgc-x|move: Tailwind\n|move|p2b: Garchomp|Earthquake|p1a: Archaludon|[spread] p1a,p1b\n|-immune|p2a: Murkrow\n|-supereffective|p1a: Archaludon\n|-supereffective|p1b: Glimmora\n|-crit|p1b: Glimmora\n|-damage|p1a: Archaludon|31\/100\n|-enditem|p1b: Glimmora|Focus Sash\n|-damage|p1b: Glimmora|1\/100\n|-activate|p1b: Glimmora|ability: Toxic Debris\n|-sidestart|p2: philosovgc-x|move: Toxic Spikes\n|move|p1b: Glimmora|Sludge Wave|p2b: Garchomp|[spread] p2a,p2b\n|-immune|p1a: Archaludon\n|-resisted|p2b: Garchomp\n|-damage|p2a: Murkrow|66\/100\n|-damage|p2b: Garchomp|80\/100\n|move|p1a: Archaludon|Draco Meteor|p2b: Garchomp\n|-supereffective|p2b: Garchomp\n|-damage|p2b: Garchomp|0 fnt\n|-unboost|p1a: Archaludon|spa|2\n|faint|p2b: Garchomp\n|\n|upkeep\n|\n|t:|1725557828\n|switch|p2b: Lycanroc|Lycanroc, L50, F, shiny|100\/100\n|-status|p2b: Lycanroc|psn\n|turn|2\n|\n|t:|1725557834\n|move|p1b: Glimmora|Spiky Shield|p1b: Glimmora\n|-singleturn|p1b: Glimmora|move: Protect\n|move|p1a: Archaludon|Protect|p1a: Archaludon\n|-singleturn|p1a: Archaludon|Protect\n|move|p2b: Lycanroc|Close Combat|p1a: Archaludon\n|-activate|p1a: Archaludon|move: Protect\n|move|p2a: Murkrow|Foul Play|p1b: Glimmora\n|-activate|p1b: Glimmora|move: Protect\n|-damage|p2a: Murkrow|54\/100|[from] Spiky Shield|[of] p1b: Glimmora\n|\n|-damage|p2b: Lycanroc|88\/100 psn|[from] psn\n|upkeep\n|turn|3\n|\n|t:|1725557858\n|switch|p1a: Primarina|Primarina, L50, F|100\/100\n|move|p2b: Lycanroc|Close Combat|p1a: Primarina\n|-resisted|p1a: Primarina\n|-damage|p1a: Primarina|75\/100\n|-unboost|p2b: Lycanroc|def|1\n|-unboost|p2b: Lycanroc|spd|1\n|move|p2a: Murkrow|Foul Play|p1b: Glimmora\n|-damage|p1b: Glimmora|0 fnt\n|-activate|p1b: Glimmora|ability: Toxic Debris\n|-sidestart|p2: philosovgc-x|move: Toxic Spikes\n|faint|p1b: Glimmora\n|\n|-damage|p2b: Lycanroc|76\/100 psn|[from] psn\n|upkeep\n|\n|t:|1725557870\n|switch|p1b: Dragonite|Dragonite, L50, F|100\/100\n|turn|4\n|\n|t:|1725557889\n|switch|p2a: Tyranitar|Tyranitar, L50, M|100\/100\n|-status|p2a: Tyranitar|tox\n|-weather|Sandstorm|[from] ability: Sand Stream|[of] p2a: Tyranitar\n|move|p1b: Dragonite|Extreme Speed|p2b: Lycanroc\n|-resisted|p2b: Lycanroc\n|-damage|p2b: Lycanroc|18\/100 psn\n|move|p2b: Lycanroc|Rock Slide|p1a: Primarina|[spread] p1b\n|-miss|p2b: Lycanroc|p1a: Primarina\n|-supereffective|p1b: Dragonite\n|-damage|p1b: Dragonite|71\/100\n|move|p1a: Primarina|Moonblast|p2a: Tyranitar\n|-supereffective|p2a: Tyranitar\n|-damage|p2a: Tyranitar|62\/100 tox\n|-unboost|p2a: Tyranitar|spa|1\n|\n|-weather|Sandstorm|[upkeep]\n|-damage|p1b: Dragonite|65\/100|[from] Sandstorm\n|-damage|p1a: Primarina|70\/100|[from] Sandstorm\n|-damage|p2b: Lycanroc|6\/100 psn|[from] psn\n|-damage|p2a: Tyranitar|56\/100 tox|[from] psn\n|-sideend|p2: philosovgc-x|move: Tailwind\n|upkeep\n|turn|5\n|\n|t:|1725557905\n|move|p1b: Dragonite|Extreme Speed|p2b: Lycanroc\n|-resisted|p2b: Lycanroc\n|-damage|p2b: Lycanroc|0 fnt\n|faint|p2b: Lycanroc\n|move|p1a: Primarina|Hyper Voice|p2a: Tyranitar\n|-supereffective|p2a: Tyranitar\n|-damage|p2a: Tyranitar|16\/100 tox\n|move|p2a: Tyranitar|Rock Slide|p1b: Dragonite|[spread] p1a,p1b\n|-supereffective|p1b: Dragonite\n|-crit|p1b: Dragonite\n|-damage|p1a: Primarina|32\/100\n|-damage|p1b: Dragonite|0 fnt\n|-enditem|p1a: Primarina|Sitrus Berry|[eat]\n|-heal|p1a: Primarina|57\/100|[from] item: Sitrus Berry\n|faint|p1b: Dragonite\n|\n|-weather|Sandstorm|[upkeep]\n|-damage|p1a: Primarina|51\/100|[from] Sandstorm\n|-damage|p2a: Tyranitar|4\/100 tox|[from] psn\n|upkeep\n|\n|t:|1725557916\n|switch|p2b: Murkrow|Murkrow, L50, F|54\/100\n|switch|p1b: Archaludon|Archaludon, L50, F|31\/100\n|turn|6\n|\n|t:|1725557922\n|move|p1b: Archaludon|Protect|p1b: Archaludon\n|-singleturn|p1b: Archaludon|Protect\n|move|p1a: Primarina|Protect|p1a: Primarina\n|-singleturn|p1a: Primarina|Protect\n|move|p2b: Murkrow|Tailwind|p2b: Murkrow\n|-sidestart|p2: philosovgc-x|move: Tailwind\n|move|p2a: Tyranitar|Rock Slide|p1a: Primarina|[spread] \n|-activate|p1a: Primarina|move: Protect\n|-activate|p1b: Archaludon|move: Protect\n|\n|-weather|Sandstorm|[upkeep]\n|-damage|p2b: Murkrow|48\/100|[from] Sandstorm\n|-damage|p1a: Primarina|45\/100|[from] Sandstorm\n|-damage|p2a: Tyranitar|0 fnt|[from] psn\n|faint|p2a: Tyranitar\n|upkeep\n|turn|7\n|\n|t:|1725557934\n|move|p2b: Murkrow|Foul Play|p1b: Archaludon\n|-damage|p1b: Archaludon|7\/100\n|move|p1b: Archaludon|Electro Shot||[still]\n|-prepare|p1b: Archaludon|Electro Shot\n|-boost|p1b: Archaludon|spa|1\n|-enditem|p1b: Archaludon|Power Herb\n|-anim|p1b: Archaludon|Electro Shot|p2b: Murkrow\n|-supereffective|p2b: Murkrow\n|-damage|p2b: Murkrow|0 fnt\n|faint|p2b: Murkrow\n|\n|win|KSunfr\n|raw|KSunfr's rating: 1750 &rarr; <strong>1774<\/strong><br \/>(+24 for winning)\n|raw|philosovgc-x's rating: 1818 &rarr; <strong>1794<\/strong><br \/>(-24 for losing)\n|l|\u2606philosovgc-x\n|player|p2|\n|l|\u2606KSunfr\n|player|p1|\n","uploadtime":1725558121,"views":297,"formatid":"gen9vgc2024regh","rating":1774,"private":0,"password":null}