{"id":"gen9vgc2024regh-2195238622","format":"[Gen 9] VGC 2024 Reg H","players":["actuary97","KSunfr"],"log":"|j|\u2606actuary97\n|j|\u2606KSunfr\n|t:|1725557985\n|gametype|doubles\n|player|p1|actuary97|sabrina-frlg|1759\n|player|p2|KSunfr|101|1774\n|teamsize|p1|6\n|teamsize|p2|6\n|gen|9\n|tier|[Gen 9] VGC 2024 Reg H\n|rated|\n|rule|Species Clause: Limit one of each Pok\u00e9mon\n|rule|Item Clause: Limit 1 of each item\n|clearpoke\n|poke|p1|Whimsicott, L50, F|\n|poke|p1|Gallade, L50, M|\n|poke|p1|Hatterene, L50, F|\n|poke|p1|Malamar, L50, F|\n|poke|p1|Indeedee, L50, M|\n|poke|p1|Archaludon, L50, F|\n|poke|p2|Dragonite, L50, F|\n|poke|p2|Archaludon, L50, F|\n|poke|p2|Kingambit, L50, M|\n|poke|p2|Primarina, L50, M|\n|poke|p2|Glimmora, L50, F|\n|poke|p2|Tauros-Paldea-Blaze, L50, M|\n|teampreview|4\n|inactive|Battle timer is ON: inactive players will automatically lose when time's up. (requested by KSunfr)\nactuary97 has agreed to open team sheets.\n|j| uneasyfishalliance\n|\n|t:|1725558010\n|start\n|switch|p1a: Mischief Mother|Whimsicott, L50, F, shiny|100\/100\n|switch|p1b: Tapu Deedee|Indeedee, L50, M, shiny|100\/100\n|switch|p2a: Glimmora|Glimmora, L50, F|100\/100\n|switch|p2b: Archaludon|Archaludon, L50, F|100\/100\n|-fieldstart|move: Psychic Terrain|[from] ability: Psychic Surge|[of] p1b: Tapu Deedee\n|turn|1\n|\n|t:|1725558017\n|move|p1a: Mischief Mother|Tailwind|p1a: Mischief Mother\n|-sidestart|p1: actuary97|move: Tailwind\n|move|p1b: Tapu Deedee|Expanding Force|p2b: Archaludon|[spread] p2a,p2b\n|-supereffective|p2a: Glimmora\n|-resisted|p2b: Archaludon\n|-enditem|p2a: Glimmora|Focus Sash\n|-damage|p2a: Glimmora|1\/100\n|-damage|p2b: Archaludon|32\/100\n|move|p2a: Glimmora|Sludge Wave|p1b: Tapu Deedee|[spread] p1a,p1b\n|-immune|p2b: Archaludon\n|-supereffective|p1a: Mischief Mother\n|-enditem|p1a: Mischief Mother|Focus Sash\n|-damage|p1a: Mischief Mother|1\/100\n|-damage|p1b: Tapu Deedee|47\/100\n|move|p2b: Archaludon|Electro Shot||[still]\n|-prepare|p2b: Archaludon|Electro Shot\n|-boost|p2b: Archaludon|spa|1\n|-enditem|p2b: Archaludon|Power Herb\n|-anim|p2b: Archaludon|Electro Shot|p1b: Tapu Deedee\n|-damage|p1b: Tapu Deedee|0 fnt\n|faint|p1b: Tapu Deedee\n|\n|upkeep\n|\n|t:|1725558024\n|switch|p1b: Bridget|Archaludon, L50, F, shiny|100\/100\n|turn|2\n|\n|t:|1725558027\n|move|p2a: Glimmora|Spiky Shield|p2a: Glimmora\n|-singleturn|p2a: Glimmora|move: Protect\n|move|p2b: Archaludon|Protect|p2b: Archaludon\n|-singleturn|p2b: Archaludon|Protect\n|move|p1a: Mischief Mother|Beat Up|p1b: Bridget\n|-damage|p1b: Bridget|99\/100\n|-ability|p1b: Bridget|Stamina|boost\n|-boost|p1b: Bridget|def|1\n|-damage|p1b: Bridget|97\/100\n|-ability|p1b: Bridget|Stamina|boost\n|-boost|p1b: Bridget|def|1\n|-damage|p1b: Bridget|96\/100\n|-ability|p1b: Bridget|Stamina|boost\n|-boost|p1b: Bridget|def|1\n|-hitcount|p1b: Bridget|3\n|move|p1b: Bridget|Snarl|p2a: Glimmora|[spread] \n|-activate|p2a: Glimmora|move: Protect\n|-activate|p2b: Archaludon|move: Protect\n|\n|upkeep\n|turn|3\n|inactive|KSunfr has 30 seconds left.\n|inactive|KSunfr has 20 seconds left.\n|\n|t:|1725558065\n|switch|p2a: Dragonite|Dragonite, L50, F|100\/100\n|switch|p2b: Primarina|Primarina, L50, M|100\/100\n|move|p1a: Mischief Mother|Moonblast|p2a: Dragonite\n|-supereffective|p2a: Dragonite\n|-damage|p2a: Dragonite|69\/100\n|move|p1b: Bridget|Body Press|p2b: Primarina\n|-resisted|p2b: Primarina\n|-damage|p2b: Primarina|66\/100\n|\n|upkeep\n|turn|4\n|inactive|KSunfr has 30 seconds left.\n|inactive|actuary97 has 30 seconds left.\n|inactive|actuary97 has 20 seconds left.\n|inactive|actuary97 has 15 seconds left.\n|inactive|actuary97 has 10 seconds left.\n|inactive|actuary97 has 5 seconds left.\n|\n|t:|1725558123\n|switch|p1a: \u2694\ufe0fKing\u2694\ufe0f|Gallade, L50, M, shiny|100\/100\n|-terastallize|p2a: Dragonite|Normal\n|move|p2b: Primarina|Protect|p2b: Primarina\n|-singleturn|p2b: Primarina|Protect\n|move|p1b: Bridget|Flash Cannon|p2a: Dragonite\n|-damage|p2a: Dragonite|35\/100\n|move|p2a: Dragonite|Ice Spinner|p1a: \u2694\ufe0fKing\u2694\ufe0f\n|-damage|p1a: \u2694\ufe0fKing\u2694\ufe0f|27\/100\n|-fieldend|move: Psychic Terrain\n|\n|-sideend|p1: actuary97|move: Tailwind\n|upkeep\n|turn|5\n|inactive|KSunfr has 30 seconds left.\n|\n|t:|1725558150\n|move|p1a: \u2694\ufe0fKing\u2694\ufe0f|Protect|p1a: \u2694\ufe0fKing\u2694\ufe0f\n|-singleturn|p1a: \u2694\ufe0fKing\u2694\ufe0f|Protect\n|move|p1b: Bridget|Body Press|p2a: Dragonite\n|-supereffective|p2a: Dragonite\n|-damage|p2a: Dragonite|0 fnt\n|faint|p2a: Dragonite\n|move|p2b: Primarina|Moonblast|p1b: Bridget\n|-damage|p1b: Bridget|61\/100\n|-ability|p1b: Bridget|Stamina|boost\n|-boost|p1b: Bridget|def|1\n|\n|upkeep\n|inactive|KSunfr has 30 seconds left.\n|\n|t:|1725558182\n|switch|p2a: Glimmora|Glimmora, L50, F|1\/100\n|turn|6\n|\n|t:|1725558198\n|-terastallize|p1a: \u2694\ufe0fKing\u2694\ufe0f|Grass\n|move|p2a: Glimmora|Earth Power|p1b: Bridget\n|-supereffective|p1b: Bridget\n|-damage|p1b: Bridget|14\/100\n|-ability|p1b: Bridget|Stamina|boost\n|-boost|p1b: Bridget|def|1\n|move|p1a: \u2694\ufe0fKing\u2694\ufe0f|Leaf Blade|p2b: Primarina\n|-supereffective|p2b: Primarina\n|-damage|p2b: Primarina|0 fnt\n|faint|p2b: Primarina\n|move|p1b: Bridget|Snarl|p2a: Glimmora\n|-damage|p2a: Glimmora|0 fnt\n|faint|p2a: Glimmora\n|\n|upkeep\n|\n|t:|1725558213\n|switch|p2b: Archaludon|Archaludon, L50, F|32\/100\n|turn|7\n|\n|t:|1725558222\n|move|p2b: Archaludon|Flash Cannon|p1a: \u2694\ufe0fKing\u2694\ufe0f\n|-damage|p1a: \u2694\ufe0fKing\u2694\ufe0f|0 fnt\n|faint|p1a: \u2694\ufe0fKing\u2694\ufe0f\n|move|p1b: Bridget|Body Press|p2b: Archaludon\n|-supereffective|p2b: Archaludon\n|-damage|p2b: Archaludon|0 fnt\n|faint|p2b: Archaludon\n|\n|win|actuary97\n|raw|actuary97's rating: 1759 &rarr; <strong>1780<\/strong><br \/>(+21 for winning)\n|raw|KSunfr's rating: 1774 &rarr; <strong>1753<\/strong><br \/>(-21 for losing)\n|c|\u2606actuary97|gg\n|c|\u2606KSunfr|Gg\n|l| uneasyfishalliance\n|l|\u2606actuary97\n|player|p1|\n","uploadtime":1725558238,"views":116,"formatid":"gen9vgc2024regh","rating":1753,"private":0,"password":null}