{"id":"gen9vgc2024regh-2195465786","format":"[Gen 9] VGC 2024 Reg H","players":["actuary97","evenifyoustumble"],"log":"|j|\u2606actuary97\n|j|\u2606evenifyoustumble\n|t:|1725581442\n|gametype|doubles\n|player|p1|actuary97|sabrina-frlg|1667\n|player|p2|evenifyoustumble|lady|1857\n|teamsize|p1|6\n|teamsize|p2|6\n|gen|9\n|tier|[Gen 9] VGC 2024 Reg H\n|rated|\n|rule|Species Clause: Limit one of each Pok\u00e9mon\n|rule|Item Clause: Limit 1 of each item\n|clearpoke\n|poke|p1|Whimsicott, L50, F|\n|poke|p1|Armarouge, L50, M|\n|poke|p1|Gallade, L50, M|\n|poke|p1|Malamar, L50, F|\n|poke|p1|Indeedee, L50, M|\n|poke|p1|Archaludon, L50, F|\n|poke|p2|Arcanine-Hisui, L50, F|\n|poke|p2|Serperior, L50, F|\n|poke|p2|Ninetales-Alola, L50, F|\n|poke|p2|Ursaluna-Bloodmoon, L50, M|\n|poke|p2|Dragonite, L50, M|\n|poke|p2|Archaludon, L50, F|\n|teampreview|4\n|inactive|Battle timer is ON: inactive players will automatically lose when time's up. (requested by evenifyoustumble)\n|c|\u2606actuary97|hey! glhf\nactuary97 has agreed to open team sheets.\n|c|\u2606actuary97|I meant to ask this is stupid\nevenifyoustumble has agreed to open team sheets.\n|c|\u2606actuary97|is this Jaime boyt? I assume no but he really likes serp and you play well\n|c|\u2606evenifyoustumble|nah\n|c|\u2606actuary97|haha ok that's what I guessed\n|inactive|actuary97 has 30 seconds left.\n|inactive|evenifyoustumble has 30 seconds left.\n|c|\u2606actuary97|you climbed an insane amt\n|j| carlinss\n|inactive|actuary97 has 20 seconds left.\n|inactive|evenifyoustumble has 20 seconds left.\n|inactive|actuary97 has 15 seconds left.\n|\n|t:|1725581513\n|start\n|switch|p1a: Mischief Mother|Whimsicott, L50, F, shiny|100\/100\n|switch|p1b: Tapu Deedee|Indeedee, L50, M, shiny|100\/100\n|switch|p2a: Dragonite|Dragonite, L50, M|100\/100\n|switch|p2b: Arcanine|Arcanine-Hisui, L50, F, shiny|100\/100\n|-fieldstart|move: Psychic Terrain|[from] ability: Psychic Surge|[of] p1b: Tapu Deedee\n|turn|1\n|\n|t:|1725581529\n|switch|p1b: Bridget|Archaludon, L50, F, shiny|100\/100\n|-terastallize|p2a: Dragonite|Steel\n|move|p2b: Arcanine|Protect|p2b: Arcanine\n|-singleturn|p2b: Arcanine|Protect\n|move|p1a: Mischief Mother|Beat Up|p1b: Bridget\n|-damage|p1b: Bridget|99\/100\n|-ability|p1b: Bridget|Stamina|boost\n|-boost|p1b: Bridget|def|1\n|-damage|p1b: Bridget|97\/100\n|-ability|p1b: Bridget|Stamina|boost\n|-boost|p1b: Bridget|def|1\n|-damage|p1b: Bridget|96\/100\n|-ability|p1b: Bridget|Stamina|boost\n|-boost|p1b: Bridget|def|1\n|-damage|p1b: Bridget|95\/100\n|-ability|p1b: Bridget|Stamina|boost\n|-boost|p1b: Bridget|def|1\n|-hitcount|p1b: Bridget|4\n|move|p2a: Dragonite|Ice Spinner|p1b: Bridget\n|-damage|p1b: Bridget|88\/100\n|-ability|p1b: Bridget|Stamina|boost\n|-boost|p1b: Bridget|def|1\n|-fieldend|move: Psychic Terrain\n|\n|upkeep\n|turn|2\n|\n|t:|1725581540\n|move|p1a: Mischief Mother|Encore|p2b: Arcanine\n|-start|p2b: Arcanine|Encore\n|move|p2b: Arcanine|Protect|p2b: Arcanine\n|-singleturn|p2b: Arcanine|Protect\n|move|p1b: Bridget|Body Press|p2a: Dragonite\n|-supereffective|p2a: Dragonite\n|-damage|p2a: Dragonite|31\/100\n|move|p2a: Dragonite|Haze|p2a: Dragonite\n|-clearallboost\n|\n|upkeep\n|turn|3\n|\n|t:|1725581553\n|switch|p2b: Ursaluna|Ursaluna-Bloodmoon, L50, M|100\/100\n|switch|p2a: Archaludon|Archaludon, L50, F|100\/100\n|move|p1a: Mischief Mother|Beat Up|p1b: Bridget\n|-damage|p1b: Bridget|86\/100\n|-ability|p1b: Bridget|Stamina|boost\n|-boost|p1b: Bridget|def|1\n|-damage|p1b: Bridget|85\/100\n|-ability|p1b: Bridget|Stamina|boost\n|-boost|p1b: Bridget|def|1\n|-damage|p1b: Bridget|84\/100\n|-ability|p1b: Bridget|Stamina|boost\n|-boost|p1b: Bridget|def|1\n|-damage|p1b: Bridget|83\/100\n|-ability|p1b: Bridget|Stamina|boost\n|-boost|p1b: Bridget|def|1\n|-hitcount|p1b: Bridget|4\n|move|p1b: Bridget|Body Press|p2a: Archaludon\n|-supereffective|p2a: Archaludon\n|-ability|p2a: Archaludon|Sturdy\n|-damage|p2a: Archaludon|1\/100\n|\n|upkeep\n|turn|4\n|\n|t:|1725581566\n|move|p2a: Archaludon|Protect|p2a: Archaludon\n|-singleturn|p2a: Archaludon|Protect\n|move|p1a: Mischief Mother|Moonblast|p2b: Ursaluna\n|-damage|p2b: Ursaluna|77\/100\n|-unboost|p2b: Ursaluna|spa|1\n|move|p1b: Bridget|Snarl|p2a: Archaludon|[spread] p2b\n|-activate|p2a: Archaludon|move: Protect\n|-damage|p2b: Ursaluna|68\/100\n|-unboost|p2b: Ursaluna|spa|1\n|move|p2b: Ursaluna|Blood Moon|p1a: Mischief Mother\n|-crit|p1a: Mischief Mother\n|-enditem|p1a: Mischief Mother|Focus Sash\n|-damage|p1a: Mischief Mother|1\/100\n|\n|upkeep\n|turn|5\n|\n|t:|1725581584\n|switch|p1a: Tapu Deedee|Indeedee, L50, M, shiny|100\/100\n|-fieldstart|move: Psychic Terrain|[from] ability: Psychic Surge|[of] p1a: Tapu Deedee\n|move|p2b: Ursaluna|Vacuum Wave|p1a: Tapu Deedee\n|-activate|p1a: Tapu Deedee|move: Psychic Terrain\n|move|p2a: Archaludon|Draco Meteor|p1b: Bridget\n|-damage|p1b: Bridget|38\/100\n|-unboost|p2a: Archaludon|spa|2\n|-ability|p1b: Bridget|Stamina|boost\n|-boost|p1b: Bridget|def|1\n|move|p1b: Bridget|Snarl|p2b: Ursaluna|[spread] p2a,p2b\n|-damage|p2a: Archaludon|0 fnt\n|-damage|p2b: Ursaluna|60\/100\n|-unboost|p2b: Ursaluna|spa|1\n|faint|p2a: Archaludon\n|\n|upkeep\n|\n|t:|1725581587\n|switch|p2a: Arcanine|Arcanine-Hisui, L50, F, shiny|100\/100\n|turn|6\n|\n|t:|1725581603\n|switch|p2b: Dragonite|Dragonite, L50, M, tera:Steel|31\/100\n|move|p2a: Arcanine|Protect|p2a: Arcanine\n|-singleturn|p2a: Arcanine|Protect\n|move|p1a: Tapu Deedee|Expanding Force|p2a: Arcanine|[spread] p2b\n|-activate|p2a: Arcanine|move: Protect\n|-resisted|p2b: Dragonite\n|-damage|p2b: Dragonite|0 fnt\n|faint|p2b: Dragonite\n|move|p1b: Bridget|Body Press|p2a: Arcanine\n|-activate|p2a: Arcanine|move: Protect\n|\n|upkeep\n|\n|t:|1725581608\n|switch|p2b: Ursaluna|Ursaluna-Bloodmoon, L50, M|60\/100\n|turn|7\n|\n|t:|1725581615\n|move|p2a: Arcanine|Head Smash|p1a: Tapu Deedee|[miss]\n|-miss|p2a: Arcanine|p1a: Tapu Deedee\n|move|p1a: Tapu Deedee|Expanding Force|p2a: Arcanine|[spread] p2a,p2b\n|-enditem|p2a: Arcanine|Focus Sash\n|-damage|p2a: Arcanine|1\/100\n|-damage|p2b: Ursaluna|10\/100\n|move|p1b: Bridget|Body Press|p2a: Arcanine\n|-supereffective|p2a: Arcanine\n|-damage|p2a: Arcanine|0 fnt\n|faint|p2a: Arcanine\n|move|p2b: Ursaluna|Earth Power|p1b: Bridget\n|-supereffective|p1b: Bridget\n|-damage|p1b: Bridget|0 fnt\n|faint|p1b: Bridget\n|\n|upkeep\n|\n|t:|1725581618\n|switch|p1b: Mischief Mother|Whimsicott, L50, F, shiny|1\/100\n|turn|8\n|-message|evenifyoustumble forfeited.\n|\n|win|actuary97\n|raw|actuary97's rating: 1667 &rarr; <strong>1697<\/strong><br \/>(+30 for winning)\n|raw|evenifyoustumble's rating: 1857 &rarr; <strong>1827<\/strong><br \/>(-30 for losing)\n|l|\u2606evenifyoustumble\n|player|p2|\n|j|\u2606evenifyoustumble\n|player|p2|evenifyoustumble|lady|\n|l|\u2606evenifyoustumble\n|player|p2|\n|l| carlinss\n|l|\u2606actuary97\n|player|p1|\n","uploadtime":1725581624,"views":52,"formatid":"gen9vgc2024regh","rating":1697,"private":0,"password":null}