{"id":"gen9vgc2024regh-2195386755","format":"[Gen 9] VGC 2024 Reg H","players":["nerd159","BirdKeeperNeek"],"log":"|j|\u2606nerd159\n|j|\u2606BirdKeeperNeek\n|t:|1725572302\n|gametype|doubles\n|player|p1|nerd159|101|1709\n|player|p2|BirdKeeperNeek|falkner|1644\n|teamsize|p1|6\n|teamsize|p2|6\n|gen|9\n|tier|[Gen 9] VGC 2024 Reg H\n|rated|\n|rule|Species Clause: Limit one of each Pok\u00e9mon\n|rule|Item Clause: Limit 1 of each item\n|clearpoke\n|poke|p1|Ursaluna-Bloodmoon, L50, M|\n|poke|p1|Gholdengo, L50|\n|poke|p1|Sinistcha, L50|\n|poke|p1|Dragonite, L50, F|\n|poke|p1|Incineroar, L50, M|\n|poke|p1|Primarina, L50, F|\n|poke|p2|Baxcalibur, L50, M|\n|poke|p2|Whimsicott, L50, M|\n|poke|p2|Gholdengo, L50|\n|poke|p2|Rillaboom, L50, F|\n|poke|p2|Tauros-Paldea-Blaze, L50, M|\n|poke|p2|Primarina, L50, M|\n|teampreview|4\n|j| Happppyyyyyy\n|c|\u2606BirdKeeperNeek|hi again\n|c|\u2606nerd159|hey\n|\n|t:|1725572337\n|start\n|switch|p1a: Primarina|Primarina, L50, F|100\/100\n|switch|p1b: Incineroar|Incineroar, L50, M|100\/100\n|switch|p2a: Baxcalibur|Baxcalibur, L50, M|100\/100\n|switch|p2b: Gholdengo|Gholdengo, L50|100\/100\n|-ability|p1b: Incineroar|Intimidate|boost\n|-fail|p2a: Baxcalibur|unboost|[from] item: Clear Amulet|[of] p2a: Baxcalibur\n|-unboost|p2b: Gholdengo|atk|1\n|turn|1\n|inactive|Battle timer is ON: inactive players will automatically lose when time's up. (requested by nerd159)\n|\n|t:|1725572364\n|-terastallize|p2b: Gholdengo|Steel\n|move|p2b: Gholdengo|Make It Rain|p1a: Primarina|[spread] p1a,p1b\n|-resisted|p1b: Incineroar\n|-damage|p1a: Primarina|15\/100\n|-damage|p1b: Incineroar|62\/100\n|-unboost|p2b: Gholdengo|spa|1\n|move|p2a: Baxcalibur|High Horsepower|p1b: Incineroar\n|-supereffective|p1b: Incineroar\n|-damage|p1b: Incineroar|2\/100\n|-enditem|p1b: Incineroar|Sitrus Berry|[eat]\n|-heal|p1b: Incineroar|27\/100|[from] item: Sitrus Berry\n|move|p1a: Primarina|Substitute|p1a: Primarina\n|-fail|p1a: Primarina|move: Substitute|[weak]\n|move|p1b: Incineroar|Knock Off|p2b: Gholdengo\n|-damage|p2b: Gholdengo|57\/100\n|-enditem|p2b: Gholdengo|Choice Specs|[from] move: Knock Off|[of] p1b: Incineroar\n|\n|upkeep\n|turn|2\n|j| midnight labworks\n|\n|t:|1725572385\n|switch|p2a: Whimsicott|Whimsicott, L50, M, shiny|100\/100\n|switch|p1b: Sinistcha|Sinistcha, L50|100\/100\n|-heal|p1a: Primarina|39\/100|[from] ability: Hospitality|[of] p1b: Sinistcha\n|move|p1a: Primarina|Protect|p1a: Primarina\n|-singleturn|p1a: Primarina|Protect\n|move|p2b: Gholdengo|Make It Rain|p1b: Sinistcha|[spread] p1b\n|-activate|p1a: Primarina|move: Protect\n|-damage|p1b: Sinistcha|47\/100\n|-unboost|p2b: Gholdengo|spa|1\n|\n|upkeep\n|turn|3\n|inactive|nerd159 has 30 seconds left.\n|\n|t:|1725572411\n|switch|p2b: Baxcalibur|Baxcalibur, L50, M|100\/100\n|switch|p1a: Gholdengo|Gholdengo, L50|100\/100\n|switch|p1b: Incineroar|Incineroar, L50, M|27\/100\n|-ability|p1b: Incineroar|Intimidate|boost\n|-unboost|p2a: Whimsicott|atk|1\n|-fail|p2b: Baxcalibur|unboost|[from] item: Clear Amulet|[of] p2b: Baxcalibur\n|move|p2a: Whimsicott|Encore|p1a: Gholdengo\n|-immune|p1a: Gholdengo|[from] ability: Good as Gold\n|\n|upkeep\n|turn|4\n|\n|t:|1725572429\n|move|p2a: Whimsicott|Protect|p2a: Whimsicott\n|-singleturn|p2a: Whimsicott|Protect\n|move|p2b: Baxcalibur|Protect|p2b: Baxcalibur\n|-singleturn|p2b: Baxcalibur|Protect\n|move|p1b: Incineroar|Fake Out|p2b: Baxcalibur\n|-activate|p2b: Baxcalibur|move: Protect\n|move|p1a: Gholdengo|Nasty Plot|p1a: Gholdengo\n|-boost|p1a: Gholdengo|spa|2\n|\n|upkeep\n|turn|5\n|\n|t:|1725572449\n|move|p2a: Whimsicott|Tailwind|p2a: Whimsicott\n|-sidestart|p2: BirdKeeperNeek|move: Tailwind\n|move|p2b: Baxcalibur|High Horsepower|p1a: Gholdengo\n|-supereffective|p1a: Gholdengo\n|-damage|p1a: Gholdengo|53\/100\n|move|p1a: Gholdengo|Make It Rain|p2b: Baxcalibur|[spread] p2a,p2b\n|-supereffective|p2a: Whimsicott\n|-supereffective|p2b: Baxcalibur\n|-enditem|p2a: Whimsicott|Focus Sash\n|-damage|p2a: Whimsicott|1\/100\n|-damage|p2b: Baxcalibur|0 fnt\n|-unboost|p1a: Gholdengo|spa|1\n|faint|p2b: Baxcalibur\n|move|p1b: Incineroar|Parting Shot|p2a: Whimsicott\n|-unboost|p2a: Whimsicott|atk|1\n|-unboost|p2a: Whimsicott|spa|1\n|\n|t:|1725572453\n|switch|p1b: Sinistcha|Sinistcha, L50|47\/100|[from] Parting Shot\n|-heal|p1a: Gholdengo|78\/100|[from] ability: Hospitality|[of] p1b: Sinistcha\n|\n|upkeep\n|\n|t:|1725572470\n|switch|p2b: Tauros|Tauros-Paldea-Blaze, L50, M|100\/100\n|-ability|p2b: Tauros|Intimidate|boost\n|-unboost|p1a: Gholdengo|atk|1\n|-unboost|p1b: Sinistcha|atk|1\n|turn|6\n|\n|t:|1725572492\n|switch|p1b: Incineroar|Incineroar, L50, M|27\/100\n|-ability|p1b: Incineroar|Intimidate|boost\n|-unboost|p2a: Whimsicott|atk|1\n|-unboost|p2b: Tauros|atk|1\n|-terastallize|p1a: Gholdengo|Normal\n|move|p2b: Tauros|Protect|p2b: Tauros\n|-singleturn|p2b: Tauros|Protect\n|move|p2a: Whimsicott|Moonblast|p1b: Incineroar\n|-damage|p1b: Incineroar|7\/100\n|move|p1a: Gholdengo|Shadow Ball|p2b: Tauros\n|-activate|p2b: Tauros|move: Protect\n|\n|upkeep\n|turn|7\n|inactive|BirdKeeperNeek has 30 seconds left.\n|inactive|BirdKeeperNeek has 20 seconds left.\n|inactive|BirdKeeperNeek has 15 seconds left.\n|\n|t:|1725572535\n|switch|p2b: Gholdengo|Gholdengo, L50, tera:Steel|57\/100\n|move|p1b: Incineroar|Fake Out|p2b: Gholdengo\n|-resisted|p2b: Gholdengo\n|-damage|p2b: Gholdengo|51\/100\n|move|p2a: Whimsicott|Moonblast|p1b: Incineroar\n|-damage|p1b: Incineroar|0 fnt\n|faint|p1b: Incineroar\n|move|p1a: Gholdengo|Shadow Ball|p2b: Gholdengo\n|-damage|p2b: Gholdengo|0 fnt\n|faint|p2b: Gholdengo\n|\n|upkeep\n|\n|t:|1725572546\n|switch|p2b: Tauros|Tauros-Paldea-Blaze, L50, M|100\/100\n|switch|p1b: Sinistcha|Sinistcha, L50|47\/100\n|-ability|p2b: Tauros|Intimidate|boost\n|-unboost|p1a: Gholdengo|atk|1\n|-unboost|p1b: Sinistcha|atk|1\n|-heal|p1a: Gholdengo|100\/100|[from] ability: Hospitality|[of] p1b: Sinistcha\n|turn|8\n|\n|t:|1725572564\n|move|p2a: Whimsicott|Protect|p2a: Whimsicott\n|-singleturn|p2a: Whimsicott|Protect\n|move|p2b: Tauros|Raging Bull|p1b: Sinistcha\n|-supereffective|p1b: Sinistcha\n|-damage|p1b: Sinistcha|0 fnt\n|-damage|p2b: Tauros|84\/100|[from] item: Rocky Helmet|[of] p1b: Sinistcha\n|faint|p1b: Sinistcha\n|move|p1a: Gholdengo|Shadow Ball|p2a: Whimsicott\n|-activate|p2a: Whimsicott|move: Protect\n|\n|-sideend|p2: BirdKeeperNeek|move: Tailwind\n|upkeep\n|\n|t:|1725572567\n|switch|p1b: Primarina|Primarina, L50, F|39\/100\n|turn|9\n|c|\u2606nerd159|great read\n|c|\u2606BirdKeeperNeek|ty\n|inactive|BirdKeeperNeek has 30 seconds left.\n|inactive|BirdKeeperNeek has 20 seconds left.\n|inactive|nerd159 has 30 seconds left.\n|inactive|BirdKeeperNeek has 15 seconds left.\n|inactive|BirdKeeperNeek has 10 seconds left.\n|\n|t:|1725572616\n|move|p2a: Whimsicott|Moonblast|p1b: Primarina\n|-damage|p1b: Primarina|19\/100\n|-unboost|p1b: Primarina|spa|1\n|move|p2b: Tauros|Wild Charge|p1b: Primarina\n|-supereffective|p1b: Primarina\n|-damage|p1b: Primarina|0 fnt\n|faint|p1b: Primarina\n|-damage|p2b: Tauros|78\/100|[from] Recoil\n|move|p1a: Gholdengo|Shadow Ball|p2b: Tauros\n|-damage|p2b: Tauros|2\/100\n|\n|upkeep\n|turn|10\n|c|\u2606nerd159|damn\n|c|\u2606nerd159|gg\n|c|\u2606BirdKeeperNeek|gg's\n|\n|t:|1725572634\n|move|p2a: Whimsicott|Moonblast|p1a: Gholdengo\n|-damage|p1a: Gholdengo|78\/100\n|move|p2b: Tauros|Close Combat|p1a: Gholdengo\n|-supereffective|p1a: Gholdengo\n|-damage|p1a: Gholdengo|0 fnt\n|-unboost|p2b: Tauros|def|1\n|-unboost|p2b: Tauros|spd|1\n|faint|p1a: Gholdengo\n|\n|win|BirdKeeperNeek\n|raw|nerd159's rating: 1709 &rarr; <strong>1685<\/strong><br \/>(-24 for losing)\n|raw|BirdKeeperNeek's rating: 1644 &rarr; <strong>1668<\/strong><br \/>(+24 for winning)\n|l|\u2606nerd159\n|player|p1|\n|l|\u2606BirdKeeperNeek\n|player|p2|\n|l| Happppyyyyyy\n","uploadtime":1725572654,"views":28,"formatid":"gen9vgc2024regh","rating":1668,"private":0,"password":null}