{"id":"gen9vgc2024regh-2195522262","format":"[Gen 9] VGC 2024 Reg H","players":["actuary97","violet mm"],"log":"|j|\u2606actuary97\n|j|\u2606violet mm\n|t:|1725588245\n|gametype|doubles\n|player|p1|actuary97|sabrina-frlg|1668\n|player|p2|violet mm|169|1685\n|teamsize|p1|6\n|teamsize|p2|6\n|gen|9\n|tier|[Gen 9] VGC 2024 Reg H\n|rated|\n|rule|Species Clause: Limit one of each Pok\u00e9mon\n|rule|Item Clause: Limit 1 of each item\n|clearpoke\n|poke|p1|Whimsicott, L50, F|\n|poke|p1|Armarouge, L50, M|\n|poke|p1|Gallade, L50, M|\n|poke|p1|Malamar, L50, F|\n|poke|p1|Indeedee, L50, M|\n|poke|p1|Archaludon, L50, F|\n|poke|p2|Dusclops, L50, M|\n|poke|p2|Torkoal, L50, F|\n|poke|p2|Indeedee-F, L50, F|\n|poke|p2|Hatterene, L50, F|\n|poke|p2|Gallade, L50, M|\n|poke|p2|Maushold, L50|\n|teampreview|4\nactuary97 has agreed to open team sheets.\n|inactive|Battle timer is ON: inactive players will automatically lose when time's up. (requested by violet mm)\n|\n|t:|1725588289\n|start\n|switch|p1a: Armarouge|Armarouge, L50, M, shiny|100\/100\n|switch|p1b: Tapu Deedee|Indeedee, L50, M, shiny|100\/100\n|switch|p2a: Gallade|Gallade, L50, M|100\/100\n|switch|p2b: Indeedee|Indeedee-F, L50, F|100\/100\n|-fieldstart|move: Psychic Terrain|[from] ability: Psychic Surge|[of] p1b: Tapu Deedee\n|-enditem|p1a: Armarouge|Psychic Seed\n|-boost|p1a: Armarouge|spd|1|[from] item: Psychic Seed\n|turn|1\n|inactive|actuary97 has 30 seconds left.\n|inactive|actuary97 has 20 seconds left.\n|\n|t:|1725588324\n|move|p2a: Gallade|Wide Guard|p2a: Gallade\n|-singleturn|p2a: Gallade|Wide Guard\n|move|p1b: Tapu Deedee|Trick|p2b: Indeedee\n|-activate|p1b: Tapu Deedee|move: Trick|[of] p2b: Indeedee\n|-item|p2b: Indeedee|Choice Specs|[from] move: Trick\n|-item|p1b: Tapu Deedee|Rocky Helmet|[from] move: Trick\n|move|p1a: Armarouge|Expanding Force|p2b: Indeedee|[spread] \n|-activate|p2a: Gallade|move: Wide Guard\n|-activate|p2b: Indeedee|move: Wide Guard\n|move|p2b: Indeedee|Trick Room|p2b: Indeedee\n|-fieldstart|move: Trick Room|[of] p2b: Indeedee\n|\n|upkeep\n|turn|2\n|\n|t:|1725588342\n|switch|p2b: Hatterene|Hatterene, L50, F|100\/100\n|move|p2a: Gallade|Wide Guard|p2a: Gallade\n|-singleturn|p2a: Gallade|Wide Guard\n|move|p1a: Armarouge|Expanding Force|p2a: Gallade|[spread] \n|-activate|p2a: Gallade|move: Wide Guard\n|-activate|p2b: Hatterene|move: Wide Guard\n|move|p1b: Tapu Deedee|Expanding Force|p2a: Gallade|[spread] \n|-activate|p2a: Gallade|move: Wide Guard\n|-activate|p2b: Hatterene|move: Wide Guard\n|\n|upkeep\n|turn|3\n|\n|t:|1725588365\n|move|p2b: Hatterene|Dazzling Gleam|p1a: Armarouge|[spread] p1a,p1b\n|-resisted|p1a: Armarouge\n|-damage|p1a: Armarouge|87\/100\n|-damage|p1b: Tapu Deedee|34\/100\n|-damage|p2b: Hatterene|91\/100|[from] item: Life Orb\n|move|p2a: Gallade|Sacred Sword|p1b: Tapu Deedee\n|-damage|p1b: Tapu Deedee|0 fnt\n|-damage|p2a: Gallade|84\/100|[from] item: Rocky Helmet|[of] p1b: Tapu Deedee\n|faint|p1b: Tapu Deedee\n|move|p1a: Armarouge|Trick Room|p1a: Armarouge\n|-fieldend|move: Trick Room\n|\n|upkeep\n|\n|t:|1725588375\n|switch|p1b: \u2694\ufe0fKing\u2694\ufe0f|Gallade, L50, M, shiny|100\/100\n|turn|4\n|inactive|violet mm has 30 seconds left.\n|j| AverageGh0st\n|\n|t:|1725588407\n|switch|p2b: Indeedee|Indeedee-F, L50, F|100\/100\n|-terastallize|p1b: \u2694\ufe0fKing\u2694\ufe0f|Grass\n|move|p1b: \u2694\ufe0fKing\u2694\ufe0f|Leaf Blade|p2b: Indeedee\n|-crit|p2b: Indeedee\n|-damage|p2b: Indeedee|0 fnt\n|faint|p2b: Indeedee\n|move|p2a: Gallade|Sacred Sword|p1a: Armarouge\n|-resisted|p1a: Armarouge\n|-damage|p1a: Armarouge|54\/100\n|move|p1a: Armarouge|Expanding Force|p2a: Gallade\n|-damage|p2a: Gallade|20\/100\n|\n|upkeep\n|\n|t:|1725588418\n|switch|p2b: Torkoal|Torkoal, L50, F|100\/100\n|-weather|SunnyDay|[from] ability: Drought|[of] p2b: Torkoal\n|turn|5\n|\n|t:|1725588437\n|move|p2a: Gallade|Wide Guard|p2a: Gallade\n|-singleturn|p2a: Gallade|Wide Guard\n|move|p1b: \u2694\ufe0fKing\u2694\ufe0f|Psycho Cut|p2a: Gallade\n|-crit|p2a: Gallade\n|-damage|p2a: Gallade|0 fnt\n|faint|p2a: Gallade\n|move|p1a: Armarouge|Armor Cannon|p2b: Torkoal\n|-resisted|p2b: Torkoal\n|-damage|p2b: Torkoal|38\/100\n|-unboost|p1a: Armarouge|def|1\n|-unboost|p1a: Armarouge|spd|1\n|move|p2b: Torkoal|Weather Ball|p1b: \u2694\ufe0fKing\u2694\ufe0f\n|-supereffective|p1b: \u2694\ufe0fKing\u2694\ufe0f\n|-damage|p1b: \u2694\ufe0fKing\u2694\ufe0f|0 fnt\n|faint|p1b: \u2694\ufe0fKing\u2694\ufe0f\n|\n|-weather|SunnyDay|[upkeep]\n|-fieldend|move: Psychic Terrain\n|upkeep\n|\n|t:|1725588442\n|switch|p1b: Bridget|Archaludon, L50, F, shiny|100\/100\n|switch|p2a: Hatterene|Hatterene, L50, F|91\/100\n|turn|6\n|\n|t:|1725588459\n|-terastallize|p2a: Hatterene|Fire\n|move|p1b: Bridget|Snarl|p2b: Torkoal|[spread] p2a,p2b\n|-damage|p2a: Hatterene|76\/100\n|-damage|p2b: Torkoal|20\/100\n|-unboost|p2a: Hatterene|spa|1\n|-unboost|p2b: Torkoal|spa|1\n|move|p1a: Armarouge|Expanding Force|p2b: Torkoal\n|-damage|p2b: Torkoal|0 fnt\n|faint|p2b: Torkoal\n|move|p2a: Hatterene|Mystical Fire|p1b: Bridget\n|-damage|p1b: Bridget|58\/100\n|-unboost|p1b: Bridget|spa|1\n|-ability|p1b: Bridget|Stamina|boost\n|-boost|p1b: Bridget|def|1\n|-damage|p2a: Hatterene|66\/100|[from] item: Life Orb\n|\n|-weather|SunnyDay|[upkeep]\n|upkeep\n|turn|7\n|-message|violet mm forfeited.\n|\n|win|actuary97\n|raw|actuary97's rating: 1668 &rarr; <strong>1689<\/strong><br \/>(+21 for winning)\n|raw|violet mm's rating: 1685 &rarr; <strong>1664<\/strong><br \/>(-21 for losing)\n|l|\u2606violet mm\n|player|p2|\n|l| AverageGh0st\n","uploadtime":1725588702,"views":57,"formatid":"gen9vgc2024regh","rating":1664,"private":0,"password":null}