{"id":"gen9vgc2024regh-2195222988","format":"[Gen 9] VGC 2024 Reg H","players":["WobCob","philosovgc-x"],"log":"|j|\u2606WobCob\n|j|\u2606philosovgc-x\n|t:|1725556565\n|gametype|doubles\n|player|p1|WobCob|caitlin|1712\n|player|p2|philosovgc-x|medium|1849\n|teamsize|p1|6\n|teamsize|p2|6\n|gen|9\n|tier|[Gen 9] VGC 2024 Reg H\n|rated|\n|rule|Species Clause: Limit one of each Pok\u00e9mon\n|rule|Item Clause: Limit 1 of each item\n|clearpoke\n|poke|p1|Talonflame, L50, M|\n|poke|p1|Gholdengo, L50|\n|poke|p1|Kommo-o, L50, M|\n|poke|p1|Rillaboom, L50, M|\n|poke|p1|Primarina, L50, F|\n|poke|p1|Tyranitar, L50, F|\n|poke|p2|Lycanroc, L50, F|\n|poke|p2|Tyranitar, L50, M|\n|poke|p2|Indeedee-F, L50, F|\n|poke|p2|Murkrow, L50, M|\n|poke|p2|Garchomp, L50, F|\n|poke|p2|Gholdengo, L50|\n|teampreview|4\n|inactive|Battle timer is ON: inactive players will automatically lose when time's up. (requested by WobCob)\n|inactive|WobCob has 60 seconds left.\n|\n|t:|1725556598\n|start\n|switch|p1a: Talonflame|Talonflame, L50, M|100\/100\n|switch|p1b: Gholdengo|Gholdengo, L50|100\/100\n|switch|p2a: Lycanroc|Lycanroc, L50, F, shiny|100\/100\n|switch|p2b: Tyranitar|Tyranitar, L50, M|100\/100\n|-weather|Sandstorm|[from] ability: Sand Stream|[of] p2b: Tyranitar\n|turn|1\n|inactive|WobCob has 30 seconds left.\n|j| enjoyepicalyx\n|inactive|WobCob has 20 seconds left.\n|inactive|WobCob has 15 seconds left.\n|\n|t:|1725556639\n|-terastallize|p1b: Gholdengo|Steel\n|move|p1a: Talonflame|Brave Bird|p2a: Lycanroc\n|-resisted|p2a: Lycanroc\n|-damage|p2a: Lycanroc|57\/100\n|-damage|p1a: Talonflame|86\/100|[from] Recoil\n|move|p2a: Lycanroc|Rock Slide|p1a: Talonflame|[spread] p1a,p1b\n|-supereffective|p1a: Talonflame\n|-resisted|p1b: Gholdengo\n|-damage|p1a: Talonflame|0 fnt\n|-damage|p1b: Gholdengo|84\/100\n|faint|p1a: Talonflame\n|cant|p1b: Gholdengo|flinch\n|move|p2b: Tyranitar|Knock Off|p1b: Gholdengo\n|-damage|p1b: Gholdengo|13\/100\n|-enditem|p1b: Gholdengo|Choice Specs|[from] move: Knock Off|[of] p2b: Tyranitar\n|\n|-weather|Sandstorm|[upkeep]\n|upkeep\n|\n|t:|1725556654\n|switch|p1a: Kommo-o|Kommo-o, L50, M|100\/100\n|turn|2\n|\n|t:|1725556668\n|switch|p1b: Rillaboom|Rillaboom, L50, M|100\/100\n|-fieldstart|move: Grassy Terrain|[from] ability: Grassy Surge|[of] p1b: Rillaboom\n|move|p2a: Lycanroc|Close Combat|p1b: Rillaboom\n|-damage|p1b: Rillaboom|61\/100\n|-unboost|p2a: Lycanroc|def|1\n|-unboost|p2a: Lycanroc|spd|1\n|move|p1a: Kommo-o|Iron Defense|p1a: Kommo-o\n|-boost|p1a: Kommo-o|def|2\n|move|p2b: Tyranitar|Knock Off|p1a: Kommo-o\n|-resisted|p1a: Kommo-o\n|-damage|p1a: Kommo-o|89\/100\n|-enditem|p1a: Kommo-o|Leftovers|[from] move: Knock Off|[of] p2b: Tyranitar\n|\n|-weather|Sandstorm|[upkeep]\n|-damage|p1a: Kommo-o|83\/100|[from] Sandstorm\n|-damage|p1b: Rillaboom|55\/100|[from] Sandstorm\n|-heal|p2a: Lycanroc|62\/100|[from] Grassy Terrain\n|-heal|p1a: Kommo-o|89\/100|[from] Grassy Terrain\n|-heal|p1b: Rillaboom|61\/100|[from] Grassy Terrain\n|upkeep\n|turn|3\n|inactive|WobCob has 30 seconds left.\n|\n|t:|1725556695\n|-terastallize|p2b: Tyranitar|Flying\n|move|p2a: Lycanroc|Protect|p2a: Lycanroc\n|-singleturn|p2a: Lycanroc|Protect\n|move|p1b: Rillaboom|Grassy Glide|p2a: Lycanroc\n|-activate|p2a: Lycanroc|move: Protect\n|move|p1a: Kommo-o|Body Press|p2b: Tyranitar\n|-resisted|p2b: Tyranitar\n|-damage|p2b: Tyranitar|72\/100\n|move|p2b: Tyranitar|Tera Blast|p1b: Rillaboom|[anim] Tera Blast Flying\n|-supereffective|p1b: Rillaboom\n|-damage|p1b: Rillaboom|0 fnt\n|faint|p1b: Rillaboom\n|\n|-weather|Sandstorm|[upkeep]\n|-damage|p1a: Kommo-o|83\/100|[from] Sandstorm\n|-damage|p2b: Tyranitar|66\/100|[from] Sandstorm\n|-heal|p2a: Lycanroc|68\/100|[from] Grassy Terrain\n|-heal|p1a: Kommo-o|89\/100|[from] Grassy Terrain\n|upkeep\n|\n|t:|1725556711\n|switch|p1b: Gholdengo|Gholdengo, L50, tera:Steel|13\/100\n|turn|4\n|\n|t:|1725556723\n|move|p2a: Lycanroc|Close Combat|p1b: Gholdengo\n|-supereffective|p1b: Gholdengo\n|-damage|p1b: Gholdengo|0 fnt\n|-unboost|p2a: Lycanroc|def|1\n|-unboost|p2a: Lycanroc|spd|1\n|faint|p1b: Gholdengo\n|move|p1a: Kommo-o|Iron Defense|p1a: Kommo-o\n|-boost|p1a: Kommo-o|def|2\n|move|p2b: Tyranitar|Tera Blast|p1a: Kommo-o|[anim] Tera Blast Flying\n|-supereffective|p1a: Kommo-o\n|-damage|p1a: Kommo-o|68\/100\n|\n|-weather|Sandstorm|[upkeep]\n|-damage|p1a: Kommo-o|61\/100|[from] Sandstorm\n|-damage|p2b: Tyranitar|60\/100|[from] Sandstorm\n|-heal|p2a: Lycanroc|74\/100|[from] Grassy Terrain\n|-heal|p1a: Kommo-o|68\/100|[from] Grassy Terrain\n|upkeep\n|turn|5\n|\n|t:|1725556740\n|switch|p2b: Indeedee|Indeedee-F, L50, F, shiny|100\/100\n|-fieldstart|move: Psychic Terrain|[from] ability: Psychic Surge|[of] p2b: Indeedee\n|move|p2a: Lycanroc|Rock Slide|p1a: Kommo-o\n|-resisted|p1a: Kommo-o\n|-damage|p1a: Kommo-o|62\/100\n|move|p1a: Kommo-o|Body Press|p2b: Indeedee\n|-damage|p2b: Indeedee|0 fnt\n|faint|p2b: Indeedee\n|\n|-weather|none\n|upkeep\n|\n|t:|1725556743\n|switch|p2b: Gholdengo|Gholdengo, L50|100\/100\n|turn|6\n|\n|t:|1725556758\n|switch|p2a: Tyranitar|Tyranitar, L50, M, tera:Flying|60\/100\n|-weather|Sandstorm|[from] ability: Sand Stream|[of] p2a: Tyranitar\n|move|p2b: Gholdengo|Nasty Plot|p2b: Gholdengo\n|-boost|p2b: Gholdengo|spa|2\n|move|p1a: Kommo-o|Dragon Claw|p2b: Gholdengo\n|-resisted|p2b: Gholdengo\n|-damage|p2b: Gholdengo|85\/100\n|\n|-weather|Sandstorm|[upkeep]\n|-damage|p1a: Kommo-o|56\/100|[from] Sandstorm\n|-damage|p2a: Tyranitar|54\/100|[from] Sandstorm\n|upkeep\n|turn|7\n|\n|t:|1725556769\n|move|p2b: Gholdengo|Make It Rain|p1a: Kommo-o\n|-damage|p1a: Kommo-o|0 fnt\n|-unboost|p2b: Gholdengo|spa|1\n|faint|p1a: Kommo-o\n|-damage|p2b: Gholdengo|75\/100|[from] item: Life Orb\n|\n|win|philosovgc-x\n|raw|WobCob's rating: 1712 &rarr; <strong>1698<\/strong><br \/>(-14 for losing)\n|raw|philosovgc-x's rating: 1822 &rarr; <strong>1836<\/strong><br \/>(+14 for winning)\n|l|\u2606WobCob\n|player|p1|\n|l| enjoyepicalyx\n|l|\u2606philosovgc-x\n|player|p2|\n","uploadtime":1725557013,"views":74,"formatid":"gen9vgc2024regh","rating":1698,"private":0,"password":null}