{"id":"gen9vgc2024regh-2195260442","format":"[Gen 9] VGC 2024 Reg H","players":["actuary97","Krisuerte"],"log":"|j|\u2606actuary97\n|j|\u2606Krisuerte\n|t:|1725559990\n|gametype|doubles\n|player|p1|actuary97|sabrina-frlg|1780\n|player|p2|Krisuerte|2|1781\n|teamsize|p1|6\n|teamsize|p2|6\n|gen|9\n|tier|[Gen 9] VGC 2024 Reg H\n|rated|\n|rule|Species Clause: Limit one of each Pok\u00e9mon\n|rule|Item Clause: Limit 1 of each item\n|clearpoke\n|poke|p1|Whimsicott, L50, F|\n|poke|p1|Gallade, L50, M|\n|poke|p1|Hatterene, L50, F|\n|poke|p1|Malamar, L50, F|\n|poke|p1|Indeedee, L50, M|\n|poke|p1|Archaludon, L50, F|\n|poke|p2|Indeedee-F, L50, F|\n|poke|p2|Armarouge, L50, M|\n|poke|p2|Sinistcha-Masterpiece, L50|\n|poke|p2|Archaludon, L50, M|\n|poke|p2|Ursaluna-Bloodmoon, L50, M|\n|poke|p2|Pelipper, L50, M|\n|teampreview|4\nactuary97 has agreed to open team sheets.\n|j| oberficker123\n|j| its maruchan\n|l| oberficker123\n|l| its maruchan\n|j| number86\n|inactive|Battle timer is ON: inactive players will automatically lose when time's up. (requested by Krisuerte)\n|j| oberficker123\n|\n|t:|1725560037\n|start\n|switch|p1a: Mischief Mother|Whimsicott, L50, F, shiny|100\/100\n|switch|p1b: Bridget|Archaludon, L50, F, shiny|100\/100\n|switch|p2a: Indeedee|Indeedee-F, L50, F|100\/100\n|switch|p2b: Armarouge|Armarouge, L50, M|100\/100\n|-fieldstart|move: Psychic Terrain|[from] ability: Psychic Surge|[of] p2a: Indeedee\n|turn|1\n|j| RAWAXXX\n|inactive|actuary97 has 30 seconds left.\n|inactive|Krisuerte has 30 seconds left.\n|\n|t:|1725560064\n|move|p2b: Armarouge|Heat Wave|p1a: Mischief Mother|[spread] p1a\n|-miss|p2b: Armarouge|p1b: Bridget\n|-supereffective|p1a: Mischief Mother\n|-enditem|p1a: Mischief Mother|Focus Sash\n|-damage|p1a: Mischief Mother|1\/100\n|move|p1a: Mischief Mother|Moonblast|p2a: Indeedee\n|-damage|p2a: Indeedee|68\/100\n|move|p1b: Bridget|Snarl|p2b: Armarouge|[spread] p2a,p2b\n|-supereffective|p2a: Indeedee\n|-supereffective|p2b: Armarouge\n|-damage|p2a: Indeedee|43\/100\n|-damage|p2b: Armarouge|63\/100\n|-unboost|p2a: Indeedee|spa|1\n|-unboost|p2b: Armarouge|spa|1\n|move|p2a: Indeedee|Trick Room|p2a: Indeedee\n|-fieldstart|move: Trick Room|[of] p2a: Indeedee\n|\n|upkeep\n|turn|2\n|\n|t:|1725560085\n|switch|p1a: Motherene|Hatterene, L50, F, shiny|100\/100\n|switch|p2b: Archaludon|Archaludon, L50, M|100\/100\n|move|p2a: Indeedee|Psychic|p1a: Motherene\n|-resisted|p1a: Motherene\n|-damage|p1a: Motherene|88\/100\n|-unboost|p1a: Motherene|spd|1\n|move|p1b: Bridget|Snarl|p2b: Archaludon|[spread] p2b\n|-miss|p1b: Bridget|p2a: Indeedee\n|-damage|p2b: Archaludon|90\/100\n|-unboost|p2b: Archaludon|spa|1\n|-ability|p2b: Archaludon|Stamina|boost\n|-boost|p2b: Archaludon|def|1\n|\n|upkeep\n|turn|3\n|inactive|actuary97 has 30 seconds left.\n|inactive|actuary97 has 20 seconds left.\n|inactive|actuary97 has 15 seconds left.\n|inactive|actuary97 has 10 seconds left.\n|\n|t:|1725560131\n|switch|p1a: Mischief Mother|Whimsicott, L50, F, shiny|1\/100\n|-terastallize|p1b: Bridget|Flying\n|move|p2a: Indeedee|Helping Hand|p2b: Archaludon\n|-singleturn|p2b: Archaludon|Helping Hand|[of] p2a: Indeedee\n|move|p2b: Archaludon|Body Press|p1b: Bridget\n|-resisted|p1b: Bridget\n|-damage|p1b: Bridget|82\/100\n|-ability|p1b: Bridget|Stamina|boost\n|-boost|p1b: Bridget|def|1\n|move|p1b: Bridget|Snarl|p2b: Archaludon|[spread] p2a\n|-miss|p1b: Bridget|p2b: Archaludon\n|-supereffective|p2a: Indeedee\n|-damage|p2a: Indeedee|17\/100\n|-unboost|p2a: Indeedee|spa|1\n|\n|upkeep\n|turn|4\n|inactive|actuary97 has 30 seconds left.\n|inactive|Krisuerte has 30 seconds left.\n|j| dullb0y da cabiuna\n|inactive|actuary97 has 20 seconds left.\n|inactive|Krisuerte has 20 seconds left.\n|j| its maruchan\n|inactive|actuary97 has 15 seconds left.\n|inactive|Krisuerte has 15 seconds left.\n|inactive|actuary97 has 10 seconds left.\n|inactive|Krisuerte has 10 seconds left.\n|l| its maruchan\n|inactive|Krisuerte has 5 seconds left.\n|j| Valspluga\n|\n|t:|1725560186\n|move|p2a: Indeedee|Follow Me|p2a: Indeedee\n|-singleturn|p2a: Indeedee|move: Follow Me\n|move|p2b: Archaludon|Electro Shot||[still]\n|-prepare|p2b: Archaludon|Electro Shot\n|-boost|p2b: Archaludon|spa|1\n|move|p1b: Bridget|Snarl|p2b: Archaludon|[spread] p2a,p2b\n|-supereffective|p2a: Indeedee\n|-damage|p2a: Indeedee|0 fnt\n|-damage|p2b: Archaludon|80\/100\n|-unboost|p2b: Archaludon|spa|1\n|-ability|p2b: Archaludon|Stamina|boost\n|-boost|p2b: Archaludon|def|1\n|faint|p2a: Indeedee\n|move|p1a: Mischief Mother|Beat Up|p1b: Bridget\n|-damage|p1b: Bridget|81\/100\n|-ability|p1b: Bridget|Stamina|boost\n|-boost|p1b: Bridget|def|1\n|-damage|p1b: Bridget|80\/100\n|-ability|p1b: Bridget|Stamina|boost\n|-boost|p1b: Bridget|def|1\n|-damage|p1b: Bridget|79\/100\n|-ability|p1b: Bridget|Stamina|boost\n|-boost|p1b: Bridget|def|1\n|-damage|p1b: Bridget|78\/100\n|-ability|p1b: Bridget|Stamina|boost\n|-boost|p1b: Bridget|def|1\n|-hitcount|p1b: Bridget|4\n|\n|upkeep\n|\n|t:|1725560211\n|switch|p2a: Ursaluna|Ursaluna-Bloodmoon, L50, M|100\/100\n|turn|5\n|inactive|actuary97 has 30 seconds left.\n|inactive|actuary97 has 20 seconds left.\n|\n|t:|1725560248\n|-terastallize|p2a: Ursaluna|Normal\n|move|p2a: Ursaluna|Hyper Voice|p1b: Bridget|[spread] p1a,p1b\n|-damage|p1a: Mischief Mother|0 fnt\n|-damage|p1b: Bridget|40\/100\n|-ability|p1b: Bridget|Stamina|boost\n|-boost|p1b: Bridget|def|1\n|faint|p1a: Mischief Mother\n|-enditem|p2a: Ursaluna|Throat Spray\n|-boost|p2a: Ursaluna|spa|1|[from] item: Throat Spray\n|move|p2b: Archaludon|Electro Shot|p1b: Bridget|[from]lockedmove\n|-supereffective|p1b: Bridget\n|-damage|p1b: Bridget|0 fnt\n|faint|p1b: Bridget\n|\n|-fieldend|move: Trick Room\n|-fieldend|move: Psychic Terrain\n|upkeep\n|\n|t:|1725560252\n|switch|p1a: Motherene|Hatterene, L50, F, shiny|88\/100\n|switch|p1b: Tapu Deedee|Indeedee, L50, M, shiny|100\/100\n|-fieldstart|move: Psychic Terrain|[from] ability: Psychic Surge|[of] p1b: Tapu Deedee\n|turn|6\n|inactive|Krisuerte has 30 seconds left.\n|\n|t:|1725560277\n|move|p1b: Tapu Deedee|Expanding Force|p2a: Ursaluna|[spread] p2a,p2b\n|-resisted|p2b: Archaludon\n|-damage|p2a: Ursaluna|16\/100\n|-damage|p2b: Archaludon|43\/100\n|-ability|p2b: Archaludon|Stamina|boost\n|-boost|p2b: Archaludon|def|1\n|move|p2b: Archaludon|Body Press|p1b: Tapu Deedee\n|-damage|p1b: Tapu Deedee|0 fnt\n|faint|p1b: Tapu Deedee\n|move|p2a: Ursaluna|Blood Moon|p1a: Motherene\n|-damage|p1a: Motherene|0 fnt\n|faint|p1a: Motherene\n|\n|win|Krisuerte\n|raw|actuary97's rating: 1780 &rarr; <strong>1760<\/strong><br \/>(-20 for losing)\n|raw|Krisuerte's rating: 1781 &rarr; <strong>1801<\/strong><br \/>(+20 for winning)\n|c|\u2606actuary97|gg\n|l| Valspluga\n|l|\u2606actuary97\n|player|p1|\n|l|\u2606Krisuerte\n|player|p2|\n|l| oberficker123\n|l| number86\n|l| dullb0y da cabiuna\n","uploadtime":1725560475,"views":229,"formatid":"gen9vgc2024regh","rating":1760,"private":0,"password":null}