{"id":"gen9vgc2024regh-2195399744","format":"[Gen 9] VGC 2024 Reg H","players":["lelouchswag","Abidada"],"log":"|j|\u2606lelouchswag\n|j|\u2606Abidada\n|t:|1725573726\n|gametype|doubles\n|player|p1|lelouchswag|101|1706\n|player|p2|Abidada|266|1676\n|teamsize|p1|6\n|teamsize|p2|6\n|gen|9\n|tier|[Gen 9] VGC 2024 Reg H\n|rated|\n|rule|Species Clause: Limit one of each Pok\u00e9mon\n|rule|Item Clause: Limit 1 of each item\n|clearpoke\n|poke|p1|Meowscarada, L50, F|\n|poke|p1|Primarina, L50, F|\n|poke|p1|Sylveon, L50, M|\n|poke|p1|Indeedee, L50, M|\n|poke|p1|Gliscor, L50, F|\n|poke|p1|Decidueye-Hisui, L50, F|\n|poke|p2|Dondozo, L50, F|\n|poke|p2|Tatsugiri, L50, F|\n|poke|p2|Weezing, L50, F|\n|poke|p2|Slaking, L50, M|\n|poke|p2|Talonflame, L50, F|\n|poke|p2|Gholdengo, L50|\n|teampreview|4\n|\n|t:|1725573744\n|start\n|switch|p1a: Meowscarada|Meowscarada, L50, F|100\/100\n|switch|p1b: Primarina|Primarina, L50, F|100\/100\n|switch|p2a: Weezing|Weezing, L50, F|100\/100\n|switch|p2b: Slaking|Slaking, L50, M|100\/100\n|-ability|p2a: Weezing|Neutralizing Gas\n|turn|1\n|\n|t:|1725573773\n|-terastallize|p1b: Primarina|Steel\n|move|p2b: Slaking|Protect|p2b: Slaking\n|-singleturn|p2b: Slaking|Protect\n|move|p1a: Meowscarada|Grass Pledge|p2b: Slaking\n|-waiting|p1a: Meowscarada|p1b: Primarina\n|move|p1b: Primarina|Water Pledge|p2b: Slaking|[from]move: Grass Pledge\n|-activate|p2b: Slaking|move: Protect\n|move|p2a: Weezing|Poison Gas|p1b: Primarina|[spread] p1a\n|-miss|p2a: Weezing|p1b: Primarina\n|-status|p1a: Meowscarada|psn\n|\n|-damage|p1a: Meowscarada|89\/100 psn|[from] psn\n|upkeep\n|turn|2\n|\n|t:|1725573796\n|move|p1a: Meowscarada|Grass Pledge|p2b: Slaking\n|-waiting|p1a: Meowscarada|p1b: Primarina\n|move|p1b: Primarina|Water Pledge|p2b: Slaking|[from]move: Grass Pledge\n|-combine\n|-damage|p2b: Slaking|9\/100\n|-sidestart|p2: Abidada|Grass Pledge\n|move|p2b: Slaking|High Horsepower|p1b: Primarina\n|-supereffective|p1b: Primarina\n|-damage|p1b: Primarina|0 fnt\n|faint|p1b: Primarina\n|-damage|p2b: Slaking|0 fnt|[from] item: Life Orb\n|faint|p2b: Slaking\n|move|p2a: Weezing|Toxic Spikes|p1a: Meowscarada\n|-sidestart|p1: lelouchswag|move: Toxic Spikes\n|\n|-damage|p1a: Meowscarada|77\/100 psn|[from] psn\n|upkeep\n|\n|t:|1725573812\n|switch|p2b: Dondozo|Dondozo, L50, F|100\/100\n|switch|p1b: Indeedee|Indeedee, L50, M|100\/100\n|-status|p1b: Indeedee|psn\n|turn|3\n|\n|t:|1725573824\n|switch|p1a: Decidueye|Decidueye-Hisui, L50, F|100\/100\n|-status|p1a: Decidueye|psn\n|move|p2b: Dondozo|Protect|p2b: Dondozo\n|-singleturn|p2b: Dondozo|Protect\n|move|p2a: Weezing|Protect|p2a: Weezing\n|-singleturn|p2a: Weezing|Protect\n|move|p1b: Indeedee|Expanding Force|p2a: Weezing\n|-activate|p2a: Weezing|move: Protect\n|\n|-damage|p1b: Indeedee|88\/100 psn|[from] psn\n|-damage|p1a: Decidueye|88\/100 psn|[from] psn\n|upkeep\n|turn|4\n|\n|t:|1725573860\n|-terastallize|p2a: Weezing|Dark\n|move|p1b: Indeedee|Expanding Force|p2a: Weezing\n|-immune|p2a: Weezing\n|move|p1a: Decidueye|Haze|p1a: Decidueye\n|-clearallboost\n|move|p2b: Dondozo|Wave Crash|p1b: Indeedee\n|-damage|p1b: Indeedee|0 fnt\n|faint|p1b: Indeedee\n|-damage|p2b: Dondozo|83\/100|[from] Recoil\n|move|p2a: Weezing|Sludge Bomb|p1a: Decidueye\n|-supereffective|p1a: Decidueye\n|-damage|p1a: Decidueye|33\/100 psn\n|\n|-heal|p2b: Dondozo|89\/100|[from] item: Leftovers\n|-damage|p1a: Decidueye|21\/100 psn|[from] psn\n|upkeep\n|\n|t:|1725573864\n|switch|p1b: Meowscarada|Meowscarada, L50, F|77\/100 psn\n|turn|5\n|\n|t:|1725573884\n|move|p2b: Dondozo|Protect|p2b: Dondozo\n|-singleturn|p2b: Dondozo|Protect\n|move|p1b: Meowscarada|Flower Trick|p2b: Dondozo\n|-activate|p2b: Dondozo|move: Protect\n|move|p1a: Decidueye|Triple Arrows|p2a: Weezing\n|-supereffective|p2a: Weezing\n|-damage|p2a: Weezing|16\/100\n|-enditem|p2a: Weezing|Sitrus Berry|[eat]\n|-heal|p2a: Weezing|41\/100|[from] item: Sitrus Berry\n|cant|p2a: Weezing|flinch\n|\n|-heal|p2b: Dondozo|96\/100|[from] item: Leftovers\n|-damage|p1b: Meowscarada|65\/100 psn|[from] psn\n|-damage|p1a: Decidueye|8\/100 psn|[from] psn\n|-sideend|p2: Abidada|Grass Pledge\n|upkeep\n|turn|6\n|\n|t:|1725573907\n|-end|p2a: Weezing|ability: Neutralizing Gas\n|switch|p2a: Tatsugiri|Tatsugiri, L50, F|100\/100\n|-activate|p2a: Tatsugiri|ability: Commander|[of] p2b: Dondozo\n|-boost|p2b: Dondozo|atk|2\n|-boost|p2b: Dondozo|spa|2\n|-boost|p2b: Dondozo|spe|2\n|-boost|p2b: Dondozo|def|2\n|-boost|p2b: Dondozo|spd|2\n|move|p1b: Meowscarada|Flower Trick|p2b: Dondozo\n|-supereffective|p2b: Dondozo\n|-crit|p2b: Dondozo\n|-damage|p2b: Dondozo|32\/100\n|move|p2b: Dondozo|Earthquake|p1b: Meowscarada|[spread] p1a,p1b\n|-miss|p2b: Dondozo|p2a: Tatsugiri\n|-resisted|p1a: Decidueye\n|-resisted|p1b: Meowscarada\n|-damage|p1a: Decidueye|0 fnt\n|-damage|p1b: Meowscarada|28\/100 psn\n|faint|p1a: Decidueye\n|\n|-heal|p2b: Dondozo|38\/100|[from] item: Leftovers\n|-damage|p1b: Meowscarada|16\/100 psn|[from] psn\n|upkeep\n|turn|7\n|-message|lelouchswag forfeited.\n|\n|win|Abidada\n|raw|lelouchswag's rating: 1706 &rarr; <strong>1684<\/strong><br \/>(-22 for losing)\n|raw|Abidada's rating: 1676 &rarr; <strong>1698<\/strong><br \/>(+22 for winning)\n|l|\u2606lelouchswag\n|player|p1|\n|l|\u2606Abidada\n|player|p2|\n","uploadtime":1725574149,"views":9,"formatid":"gen9vgc2024regh","rating":1684,"private":0,"password":null}