{"id":"gen9vgc2024regh-2195101801","format":"[Gen 9] VGC 2024 Reg H","players":["CarryTheBoats","lpelpe"],"log":"|j|\u2606CarryTheBoats\n|j|\u2606lpelpe\n|t:|1725545420\n|gametype|doubles\n|player|p1|CarryTheBoats|crasherwake|1761\n|player|p2|lpelpe|265|1665\n|teamsize|p1|6\n|teamsize|p2|6\n|gen|9\n|tier|[Gen 9] VGC 2024 Reg H\n|rated|\n|rule|Species Clause: Limit one of each Pok\u00e9mon\n|rule|Item Clause: Limit 1 of each item\n|clearpoke\n|poke|p1|Amoonguss, L50, F|\n|poke|p1|Porygon2, L50|\n|poke|p1|Ursaluna, L50, F|\n|poke|p1|Tyranitar, L50, F|\n|poke|p1|Tauros-Paldea-Blaze, L50, M|\n|poke|p1|Basculegion, L50, M|\n|poke|p2|Hariyama, L50, F|\n|poke|p2|Farigiraf, L50, F|\n|poke|p2|Armarouge, L50, F|\n|poke|p2|Ursaluna-Bloodmoon, L50, M|\n|poke|p2|Samurott-Hisui, L50, F|\n|poke|p2|Sinistcha, L50|\n|teampreview|4\n|inactive|Battle timer is ON: inactive players will automatically lose when time's up. (requested by lpelpe)\n|\n|t:|1725545452\n|start\n|switch|p1a: Basculegion|Basculegion, L50, M|100\/100\n|switch|p1b: Amoonguss|Amoonguss, L50, F|100\/100\n|switch|p2a: Sinistcha|Sinistcha, L50|100\/100\n|switch|p2b: Farigiraf|Farigiraf, L50, F|100\/100\n|turn|1\n|j| Rabbithorn05\n|\n|t:|1725545471\n|move|p1a: Basculegion|Flip Turn|p2a: Sinistcha\n|-resisted|p2a: Sinistcha\n|-damage|p2a: Sinistcha|80\/100\n|\n|t:|1725545474\n|switch|p1a: Porygon2|Porygon2, L50|100\/100|[from] Flip Turn\n|-ability|p1a: Porygon2|Download|boost\n|-boost|p1a: Porygon2|atk|1\n|move|p2a: Sinistcha|Matcha Gotcha|p1a: Porygon2|[spread] p1a,p1b\n|-resisted|p1b: Amoonguss\n|-damage|p1a: Porygon2|85\/100\n|-heal|p2a: Sinistcha|88\/100|[from] drain|[of] p1a: Porygon2\n|-damage|p1b: Amoonguss|95\/100\n|-heal|p2a: Sinistcha|92\/100|[from] drain|[of] p1b: Amoonguss\n|-status|p1a: Porygon2|brn\n|move|p1b: Amoonguss|Spore|p2b: Farigiraf\n|-activate|p2b: Farigiraf|item: Safety Goggles|Spore\n|move|p2b: Farigiraf|Trick Room|p2b: Farigiraf\n|-fieldstart|move: Trick Room|[of] p2b: Farigiraf\n|\n|-damage|p1a: Porygon2|79\/100 brn|[from] brn\n|upkeep\n|turn|2\n|\n|t:|1725545496\n|move|p1b: Amoonguss|Spore|p2a: Sinistcha\n|-immune|p2a: Sinistcha\n|move|p2b: Farigiraf|Nasty Plot|p2b: Farigiraf\n|-boost|p2b: Farigiraf|spa|2\n|move|p2a: Sinistcha|Shadow Ball|p1b: Amoonguss\n|-damage|p1b: Amoonguss|65\/100\n|-unboost|p1b: Amoonguss|spd|1\n|move|p1a: Porygon2|Ice Beam|p2a: Sinistcha\n|-supereffective|p2a: Sinistcha\n|-damage|p2a: Sinistcha|48\/100\n|\n|-damage|p1a: Porygon2|73\/100 brn|[from] brn\n|upkeep\n|turn|3\n|\n|t:|1725545513\n|move|p1b: Amoonguss|Sludge Bomb|p2b: Farigiraf\n|-crit|p2b: Farigiraf\n|-damage|p2b: Farigiraf|65\/100\n|-status|p2b: Farigiraf|psn\n|move|p2b: Farigiraf|Psychic Noise|p1b: Amoonguss\n|-supereffective|p1b: Amoonguss\n|-crit|p1b: Amoonguss\n|-damage|p1b: Amoonguss|0 fnt\n|faint|p1b: Amoonguss\n|move|p2a: Sinistcha|Matcha Gotcha|p1a: Porygon2\n|-damage|p1a: Porygon2|53\/100 brn\n|-heal|p2a: Sinistcha|59\/100|[from] drain|[of] p1a: Porygon2\n|move|p1a: Porygon2|Tera Blast|p2b: Farigiraf\n|-damage|p2b: Farigiraf|36\/100 psn\n|\n|-damage|p2b: Farigiraf|23\/100 psn|[from] psn\n|-damage|p1a: Porygon2|47\/100 brn|[from] brn\n|upkeep\n|j| AverageGh0st\n|\n|t:|1725545528\n|switch|p1b: Ursaluna|Ursaluna, L50, F|100\/100\n|turn|4\n|\n|t:|1725545540\n|move|p1b: Ursaluna|Protect|p1b: Ursaluna\n|-singleturn|p1b: Ursaluna|Protect\n|move|p1a: Porygon2|Recover|p1a: Porygon2\n|-heal|p1a: Porygon2|97\/100 brn\n|move|p2b: Farigiraf|Trick Room|p2b: Farigiraf\n|-fieldend|move: Trick Room\n|move|p2a: Sinistcha|Trick Room|p2a: Sinistcha\n|-fieldstart|move: Trick Room|[of] p2a: Sinistcha\n|\n|-damage|p2b: Farigiraf|11\/100 psn|[from] psn\n|-damage|p1a: Porygon2|92\/100 brn|[from] brn\n|-status|p1b: Ursaluna|brn|[from] item: Flame Orb\n|upkeep\n|turn|5\n|\n|t:|1725545559\n|move|p1b: Ursaluna|Facade|p2b: Farigiraf\n|-damage|p2b: Farigiraf|0 fnt\n|faint|p2b: Farigiraf\n|move|p2a: Sinistcha|Matcha Gotcha|p1b: Ursaluna|[spread] p1b\n|-miss|p2a: Sinistcha|p1a: Porygon2\n|-supereffective|p1b: Ursaluna\n|-damage|p1b: Ursaluna|57\/100 brn\n|-heal|p2a: Sinistcha|88\/100|[from] drain|[of] p1b: Ursaluna\n|move|p1a: Porygon2|Ice Beam|p2a: Sinistcha\n|-supereffective|p2a: Sinistcha\n|-damage|p2a: Sinistcha|44\/100\n|\n|-damage|p1b: Ursaluna|52\/100 brn|[from] brn\n|-damage|p1a: Porygon2|86\/100 brn|[from] brn\n|upkeep\n|\n|t:|1725545563\n|switch|p2b: Ursaluna|Ursaluna-Bloodmoon, L50, M|100\/100\n|turn|6\n|\n|t:|1725545569\n|-terastallize|p2b: Ursaluna|Normal\n|-terastallize|p1a: Porygon2|Fighting\n|move|p1b: Ursaluna|Protect|p1b: Ursaluna\n|-singleturn|p1b: Ursaluna|Protect\n|move|p2b: Ursaluna|Hyper Voice|p1a: Porygon2|[spread] p1a\n|-activate|p1b: Ursaluna|move: Protect\n|-damage|p1a: Porygon2|45\/100 brn\n|-damage|p2b: Ursaluna|91\/100|[from] item: Life Orb\n|move|p2a: Sinistcha|Matcha Gotcha|p1b: Ursaluna|[spread] p1a\n|-activate|p1b: Ursaluna|move: Protect\n|-damage|p1a: Porygon2|29\/100 brn\n|-heal|p2a: Sinistcha|52\/100|[from] drain|[of] p1a: Porygon2\n|move|p1a: Porygon2|Tera Blast|p2b: Ursaluna|[anim] Tera Blast Fighting\n|-supereffective|p2b: Ursaluna\n|-damage|p2b: Ursaluna|65\/100\n|\n|-damage|p1b: Ursaluna|46\/100 brn|[from] brn\n|-damage|p1a: Porygon2|24\/100 brn|[from] brn\n|upkeep\n|turn|7\n|\n|t:|1725545583\n|move|p2a: Sinistcha|Rage Powder|p2a: Sinistcha\n|-singleturn|p2a: Sinistcha|move: Rage Powder\n|move|p1b: Ursaluna|Facade|p2a: Sinistcha\n|-immune|p2a: Sinistcha\n|move|p2b: Ursaluna|Hyper Voice|p1a: Porygon2|[spread] p1a,p1b\n|-damage|p1a: Porygon2|0 fnt\n|-damage|p1b: Ursaluna|0 fnt\n|faint|p1a: Porygon2\n|faint|p1b: Ursaluna\n|-damage|p2b: Ursaluna|55\/100|[from] item: Life Orb\n|\n|upkeep\n|\n|t:|1725545586\n|switch|p1b: Basculegion|Basculegion, L50, M|100\/100\n|turn|8\n|\n|t:|1725545594\n|move|p2a: Sinistcha|Rage Powder|p2a: Sinistcha\n|-singleturn|p2a: Sinistcha|move: Rage Powder\n|move|p2b: Ursaluna|Hyper Voice|p1b: Basculegion\n|-damage|p1b: Basculegion|0 fnt\n|faint|p1b: Basculegion\n|-damage|p2b: Ursaluna|45\/100|[from] item: Life Orb\n|\n|win|lpelpe\n|raw|CarryTheBoats's rating: 1761 &rarr; <strong>1736<\/strong><br \/>(-25 for losing)\n|raw|lpelpe's rating: 1665 &rarr; <strong>1690<\/strong><br \/>(+25 for winning)\n|l|\u2606CarryTheBoats\n|player|p1|\n|l|\u2606lpelpe\n|player|p2|\n|l| AverageGh0st\n","uploadtime":1725545625,"views":21,"formatid":"gen9vgc2024regh","rating":1690,"private":0,"password":null}