{"id":"gen9vgc2024regh-2195454150","format":"[Gen 9] VGC 2024 Reg H","players":["fangame10","evenifyoustumble"],"log":"|j|\u2606fangame10\n|j|\u2606evenifyoustumble\n|t:|1725580043\n|gametype|doubles\n|player|p1|fangame10|red|1764\n|player|p2|evenifyoustumble|lady|1873\n|teamsize|p1|6\n|teamsize|p2|6\n|gen|9\n|tier|[Gen 9] VGC 2024 Reg H\n|rated|\n|rule|Species Clause: Limit one of each Pok\u00e9mon\n|rule|Item Clause: Limit 1 of each item\n|clearpoke\n|poke|p1|Baxcalibur, L50, F|\n|poke|p1|Ninetales-Alola, L50, F|\n|poke|p1|Milotic, L50, M|\n|poke|p1|Skeledirge, L50, F|\n|poke|p1|Rillaboom, L50, M|\n|poke|p1|Sneasler, L50, M|\n|poke|p2|Arcanine-Hisui, L50, F|\n|poke|p2|Serperior, L50, F|\n|poke|p2|Ninetales-Alola, L50, F|\n|poke|p2|Ursaluna-Bloodmoon, L50, M|\n|poke|p2|Dragonite, L50, M|\n|poke|p2|Archaludon, L50, M|\n|teampreview|4\n|inactive|Battle timer is ON: inactive players will automatically lose when time's up. (requested by evenifyoustumble)\n|inactive|fangame10 also wants the timer to be on.\n|inactive|fangame10 has 60 seconds left.\n|\n|t:|1725580086\n|start\n|switch|p1a: Ninetales|Ninetales-Alola, L50, F, shiny|100\/100\n|switch|p1b: Rillaboom|Rillaboom, L50, M|100\/100\n|switch|p2a: Archaludon|Archaludon, L50, M|100\/100\n|switch|p2b: Arcanine|Arcanine-Hisui, L50, F, shiny|100\/100\n|-weather|Snow|[from] ability: Snow Warning|[of] p1a: Ninetales\n|-fieldstart|move: Grassy Terrain|[from] ability: Grassy Surge|[of] p1b: Rillaboom\n|turn|1\n|\n|t:|1725580105\n|-terastallize|p2b: Arcanine|Ghost\n|move|p1a: Ninetales|Aurora Veil|p1a: Ninetales\n|-sidestart|p1: fangame10|move: Aurora Veil\n|move|p2b: Arcanine|Flare Blitz|p1a: Ninetales\n|-supereffective|p1a: Ninetales\n|-damage|p1a: Ninetales|30\/100\n|move|p2a: Archaludon|Snarl|p1a: Ninetales|[spread] p1a,p1b\n|-resisted|p1a: Ninetales\n|-damage|p1a: Ninetales|24\/100\n|-damage|p1b: Rillaboom|94\/100\n|-unboost|p1a: Ninetales|spa|1\n|-unboost|p1b: Rillaboom|spa|1\n|move|p1b: Rillaboom|High Horsepower|p2b: Arcanine\n|-damage|p2b: Arcanine|60\/100\n|\n|-weather|Snow|[upkeep]\n|-heal|p1a: Ninetales|30\/100|[from] Grassy Terrain\n|-heal|p2b: Arcanine|66\/100|[from] Grassy Terrain\n|-heal|p1b: Rillaboom|99\/100|[from] Grassy Terrain\n|upkeep\n|turn|2\n|\n|t:|1725580123\n|move|p1b: Rillaboom|Grassy Glide|p2b: Arcanine\n|-damage|p2b: Arcanine|19\/100\n|move|p1a: Ninetales|Moonblast|p2b: Arcanine\n|-damage|p2b: Arcanine|0 fnt\n|faint|p2b: Arcanine\n|move|p2a: Archaludon|Electro Shot||[still]\n|-prepare|p2a: Archaludon|Electro Shot\n|-boost|p2a: Archaludon|spa|1\n|-enditem|p2a: Archaludon|Power Herb\n|-anim|p2a: Archaludon|Electro Shot|p1a: Ninetales\n|-damage|p1a: Ninetales|0 fnt\n|faint|p1a: Ninetales\n|\n|-weather|Snow|[upkeep]\n|-heal|p1b: Rillaboom|100\/100|[from] Grassy Terrain\n|upkeep\n|\n|t:|1725580140\n|switch|p1a: Skeledirge|Skeledirge, L50, F|100\/100\n|switch|p2b: YELLOW COLOR|Serperior, L50, F|100\/100\n|turn|3\n|j| KOPLUS\n|\n|t:|1725580155\n|move|p2b: YELLOW COLOR|Leaf Storm|p1b: Rillaboom\n|-resisted|p1b: Rillaboom\n|-damage|p1b: Rillaboom|88\/100\n|-boost|p2b: YELLOW COLOR|spa|2\n|move|p2a: Archaludon|Snarl|p1a: Skeledirge|[spread] p1b\n|-miss|p2a: Archaludon|p1a: Skeledirge\n|-damage|p1b: Rillaboom|79\/100\n|-unboost|p1b: Rillaboom|spa|1\n|move|p1b: Rillaboom|Wood Hammer|p2b: YELLOW COLOR\n|-resisted|p2b: YELLOW COLOR\n|-damage|p2b: YELLOW COLOR|61\/100\n|-damage|p1b: Rillaboom|68\/100|[from] Recoil\n|move|p1a: Skeledirge|Torch Song|p2b: YELLOW COLOR\n|-supereffective|p2b: YELLOW COLOR\n|-damage|p2b: YELLOW COLOR|0 fnt\n|-boost|p1a: Skeledirge|spa|1\n|faint|p2b: YELLOW COLOR\n|\n|-weather|Snow|[upkeep]\n|-heal|p1b: Rillaboom|74\/100|[from] Grassy Terrain\n|upkeep\n|\n|t:|1725580162\n|switch|p2b: Ursaluna|Ursaluna-Bloodmoon, L50, M|100\/100\n|turn|4\n|\n|t:|1725580177\n|move|p2a: Archaludon|Draco Meteor|p1b: Rillaboom\n|-damage|p1b: Rillaboom|24\/100\n|-unboost|p2a: Archaludon|spa|2\n|move|p1b: Rillaboom|Wood Hammer|p2b: Ursaluna\n|-supereffective|p2b: Ursaluna\n|-damage|p2b: Ursaluna|0 fnt\n|faint|p2b: Ursaluna\n|-damage|p1b: Rillaboom|0 fnt|[from] Recoil\n|faint|p1b: Rillaboom\n|move|p1a: Skeledirge|Torch Song|p2a: Archaludon\n|-damage|p2a: Archaludon|10\/100\n|-boost|p1a: Skeledirge|spa|1\n|\n|-weather|Snow|[upkeep]\n|-heal|p2a: Archaludon|16\/100|[from] Grassy Terrain\n|upkeep\n|\n|t:|1725580180\n|switch|p1b: Baxcalibur|Baxcalibur, L50, F, shiny|100\/100\n|turn|5\n|-message|evenifyoustumble forfeited.\n|\n|win|fangame10\n|raw|fangame10's rating: 1764 &rarr; <strong>1790<\/strong><br \/>(+26 for winning)\n|raw|evenifyoustumble's rating: 1873 &rarr; <strong>1847<\/strong><br \/>(-26 for losing)\n|l|\u2606evenifyoustumble\n|player|p2|\n","uploadtime":1725580185,"views":442,"formatid":"gen9vgc2024regh","rating":1790,"private":0,"password":null}