{"id":"gen9vgc2024regh-2195376869","format":"[Gen 9] VGC 2024 Reg H","players":["PritzShow","oscraft89"],"log":"|j|\u2606PritzShow\n|j|\u2606oscraft89\n|t:|1725571256\n|gametype|doubles\n|player|p1|PritzShow|266|1681\n|player|p2|oscraft89|101|1734\n|teamsize|p1|6\n|teamsize|p2|6\n|gen|9\n|tier|[Gen 9] VGC 2024 Reg H\n|rated|\n|rule|Species Clause: Limit one of each Pok\u00e9mon\n|rule|Item Clause: Limit 1 of each item\n|clearpoke\n|poke|p1|Garchomp, L50, M|\n|poke|p1|Kilowattrel, L50, F|\n|poke|p1|Ursaluna-Bloodmoon, L50, M|\n|poke|p1|Dusclops, L50, M|\n|poke|p1|Incineroar, L50, M|\n|poke|p1|Glimmora, L50, F|\n|poke|p2|Talonflame, L50, F|\n|poke|p2|Tyranitar, L50, M|\n|poke|p2|Garchomp, L50, M|\n|poke|p2|Rillaboom, L50, F|\n|poke|p2|Primarina, L50, F|\n|poke|p2|Gholdengo, L50|\n|teampreview|4\n|inactive|Battle timer is ON: inactive players will automatically lose when time's up. (requested by PritzShow)\n|j| Hydrion\n|inactive|oscraft89 has 60 seconds left.\n|\n|t:|1725571314\n|start\n|switch|p1a: Garchomp|Garchomp, L50, M|100\/100\n|switch|p1b: Glimmora|Glimmora, L50, F|100\/100\n|switch|p2a: Brave bird|Talonflame, L50, F, shiny|100\/100\n|switch|p2b: Garchomp|Garchomp, L50, M, shiny|100\/100\n|turn|1\n|\n|t:|1725571336\n|-terastallize|p1a: Garchomp|Fire\n|move|p2a: Brave bird|Tailwind|p2a: Brave bird\n|-sidestart|p2: oscraft89|move: Tailwind\n|move|p2b: Garchomp|Stomping Tantrum|p1b: Glimmora\n|-supereffective|p1b: Glimmora\n|-damage|p1b: Glimmora|0 fnt\n|-activate|p1b: Glimmora|ability: Toxic Debris\n|-sidestart|p2: oscraft89|move: Toxic Spikes\n|faint|p1b: Glimmora\n|move|p1a: Garchomp|Dragon Claw|p2b: Garchomp\n|-supereffective|p2b: Garchomp\n|-damage|p2b: Garchomp|19\/100\n|\n|upkeep\n|\n|t:|1725571342\n|switch|p1b: Dusclops|Dusclops, L50, M|100\/100\n|-item|p2a: Brave bird|Covert Cloak|[from] ability: Frisk|[of] p1b: Dusclops\n|-item|p2b: Garchomp|Clear Amulet|[from] ability: Frisk|[of] p1b: Dusclops\n|turn|2\n|inactive|oscraft89 has 30 seconds left.\n|inactive|oscraft89 has 20 seconds left.\n|inactive|oscraft89 has 15 seconds left.\n|inactive|oscraft89 has 10 seconds left.\n|\n|t:|1725571391\n|move|p2b: Garchomp|Protect|p2b: Garchomp\n|-singleturn|p2b: Garchomp|Protect\n|move|p1a: Garchomp|Protect|p1a: Garchomp\n|-singleturn|p1a: Garchomp|Protect\n|move|p2a: Brave bird|Taunt|p1b: Dusclops\n|-start|p1b: Dusclops|move: Taunt\n|move|p1b: Dusclops|Night Shade|p2b: Garchomp\n|-activate|p2b: Garchomp|move: Protect\n|\n|upkeep\n|turn|3\n|\n|t:|1725571402\n|switch|p1a: Ursaluna|Ursaluna-Bloodmoon, L50, M|100\/100\n|move|p2a: Brave bird|Brave Bird|p1a: Ursaluna\n|-damage|p1a: Ursaluna|67\/100\n|-damage|p2a: Brave bird|85\/100|[from] Recoil\n|move|p2b: Garchomp|Stomping Tantrum|p1a: Ursaluna\n|-damage|p1a: Ursaluna|35\/100\n|move|p1b: Dusclops|Night Shade|p2b: Garchomp\n|-damage|p2b: Garchomp|0 fnt\n|faint|p2b: Garchomp\n|\n|upkeep\n|l| Hydrion\n|j| Hydrion\n|l| Hydrion\n|\n|t:|1725571420\n|switch|p2b: Gholdengo|Gholdengo, L50, shiny|100\/100\n|turn|4\n|j| Peroquecuones\n|j| Hydrion\n|\n|t:|1725571441\n|move|p2a: Brave bird|Brave Bird|p1b: Dusclops\n|-damage|p1b: Dusclops|72\/100\n|-damage|p2a: Brave bird|76\/100|[from] Recoil\n|move|p2b: Gholdengo|Make It Rain|p1b: Dusclops|[spread] p1a,p1b\n|-damage|p1a: Ursaluna|0 fnt\n|-damage|p1b: Dusclops|29\/100\n|-unboost|p2b: Gholdengo|spa|1\n|faint|p1a: Ursaluna\n|move|p1b: Dusclops|Night Shade|p2a: Brave bird\n|-damage|p2a: Brave bird|43\/100\n|\n|-end|p1b: Dusclops|move: Taunt\n|-sideend|p2: oscraft89|move: Tailwind\n|upkeep\n|\n|t:|1725571466\n|switch|p1a: Garchomp|Garchomp, L50, M, tera:Fire|100\/100\n|turn|5\n|l| Peroquecuones\n|\n|t:|1725571486\n|switch|p2a: Rillaboom|Rillaboom, L50, F|100\/100\n|-status|p2a: Rillaboom|psn\n|-fieldstart|move: Grassy Terrain|[from] ability: Grassy Surge|[of] p2a: Rillaboom\n|-terastallize|p2b: Gholdengo|Steel\n|move|p1a: Garchomp|Dragon Claw|p2a: Rillaboom\n|-damage|p2a: Rillaboom|60\/100 psn\n|move|p2b: Gholdengo|Make It Rain|p1b: Dusclops|[spread] p1a,p1b\n|-resisted|p1a: Garchomp\n|-damage|p1a: Garchomp|64\/100\n|-damage|p1b: Dusclops|0 fnt\n|-unboost|p2b: Gholdengo|spa|1\n|faint|p1b: Dusclops\n|\n|-heal|p1a: Garchomp|70\/100|[from] Grassy Terrain\n|-heal|p2a: Rillaboom|65\/100 psn|[from] Grassy Terrain\n|-damage|p2a: Rillaboom|53\/100 psn|[from] psn\n|upkeep\n|turn|6\n|inactive|PritzShow has 30 seconds left.\n|inactive|PritzShow has 20 seconds left.\n|inactive|PritzShow has 15 seconds left.\n|\n|t:|1725571527\n|switch|p2b: Brave bird|Talonflame, L50, F, shiny|43\/100\n|move|p1a: Garchomp|Protect|p1a: Garchomp\n|-singleturn|p1a: Garchomp|Protect\n|move|p2a: Rillaboom|Fake Out|p1a: Garchomp\n|-activate|p1a: Garchomp|move: Protect\n|\n|-heal|p1a: Garchomp|75\/100|[from] Grassy Terrain\n|-heal|p2a: Rillaboom|59\/100 psn|[from] Grassy Terrain\n|-damage|p2a: Rillaboom|47\/100 psn|[from] psn\n|upkeep\n|turn|7\n|-message|PritzShow forfeited.\n|\n|win|oscraft89\n|raw|PritzShow's rating: 1681 &rarr; <strong>1664<\/strong><br \/>(-17 for losing)\n|raw|oscraft89's rating: 1734 &rarr; <strong>1751<\/strong><br \/>(+17 for winning)\n|l|\u2606PritzShow\n|player|p1|\n|l|\u2606oscraft89\n|player|p2|\n|l| Hydrion\n","uploadtime":1725571728,"views":28,"formatid":"gen9vgc2024regh","rating":1664,"private":0,"password":null}