{"id":"gen9vgc2024regh-2195590932","format":"[Gen 9] VGC 2024 Reg H","players":["nicouser","lelouchswag"],"log":"|j|\u2606nicouser\n|j|\u2606lelouchswag\n|t:|1725597840\n|gametype|doubles\n|player|p1|nicouser|102|1725\n|player|p2|lelouchswag|101|1720\n|teamsize|p1|6\n|teamsize|p2|6\n|gen|9\n|tier|[Gen 9] VGC 2024 Reg H\n|rated|\n|rule|Species Clause: Limit one of each Pok\u00e9mon\n|rule|Item Clause: Limit 1 of each item\n|clearpoke\n|poke|p1|Kilowattrel, L50, F|\n|poke|p1|Garchomp, L50, M|\n|poke|p1|Arcanine-Hisui, L50, F|\n|poke|p1|Gholdengo, L50|\n|poke|p1|Rillaboom, L50, F|\n|poke|p1|Primarina, L50, M|\n|poke|p2|Meowscarada, L50, F|\n|poke|p2|Primarina, L50, M|\n|poke|p2|Sylveon, L50, F|\n|poke|p2|Indeedee, L50, M|\n|poke|p2|Gliscor, L50, F|\n|poke|p2|Decidueye-Hisui, L50, M|\n|teampreview|4\n|\n|t:|1725597863\n|start\n|switch|p1a: Kilowattrel|Kilowattrel, L50, F, shiny|100\/100\n|switch|p1b: Garchomp|Garchomp, L50, M|100\/100\n|switch|p2a: Meowscarada|Meowscarada, L50, F|100\/100\n|switch|p2b: Primarina|Primarina, L50, M|100\/100\n|turn|1\n|inactive|Battle timer is ON: inactive players will automatically lose when time's up. (requested by nicouser)\n|j| mr pogostick\n|\n|t:|1725597875\n|move|p1b: Garchomp|Protect|p1b: Garchomp\n|-singleturn|p1b: Garchomp|Protect\n|move|p1a: Kilowattrel|Air Slash|p2a: Meowscarada\n|-supereffective|p2a: Meowscarada\n|-damage|p2a: Meowscarada|1\/100\n|move|p2a: Meowscarada|Grass Pledge|p1a: Kilowattrel\n|-waiting|p2a: Meowscarada|p2b: Primarina\n|move|p2b: Primarina|Water Pledge|p1a: Kilowattrel|[from]move: Grass Pledge\n|-combine\n|-resisted|p1a: Kilowattrel\n|-damage|p1a: Kilowattrel|20\/100\n|-sidestart|p1: nicouser|Grass Pledge\n|\n|upkeep\n|turn|2\n|inactive|nicouser has 30 seconds left.\n|\n|t:|1725597903\n|move|p1a: Kilowattrel|Protect|p1a: Kilowattrel\n|-singleturn|p1a: Kilowattrel|Protect\n|move|p2a: Meowscarada|Knock Off|p1b: Garchomp\n|-crit|p1b: Garchomp\n|-damage|p1b: Garchomp|30\/100\n|-damage|p2a: Meowscarada|0 fnt|[from] ability: Rough Skin|[of] p1b: Garchomp\n|faint|p2a: Meowscarada\n|move|p2b: Primarina|Hyper Voice|p1a: Kilowattrel|[spread] p1b\n|-activate|p1a: Kilowattrel|move: Protect\n|-damage|p1b: Garchomp|0 fnt\n|faint|p1b: Garchomp\n|\n|upkeep\n|\n|t:|1725597914\n|switch|p2a: Sylveon|Sylveon, L50, F|100\/100\n|switch|p1b: Rillaboom|Rillaboom, L50, F, shiny|100\/100\n|-fieldstart|move: Grassy Terrain|[from] ability: Grassy Surge|[of] p1b: Rillaboom\n|turn|3\n|\n|t:|1725597936\n|switch|p1a: Gholdengo|Gholdengo, L50, shiny|100\/100\n|-terastallize|p2b: Primarina|Steel\n|move|p2b: Primarina|Hyper Voice|p1a: Gholdengo|[spread] p1a,p1b\n|-resisted|p1b: Rillaboom\n|-damage|p1a: Gholdengo|63\/100\n|-damage|p1b: Rillaboom|89\/100\n|move|p2a: Sylveon|Hyper Voice|p1a: Gholdengo|[spread] p1a,p1b\n|-resisted|p1a: Gholdengo\n|-damage|p1a: Gholdengo|30\/100\n|-damage|p1b: Rillaboom|49\/100\n|move|p1b: Rillaboom|Wood Hammer|p2b: Primarina\n|-resisted|p2b: Primarina\n|-damage|p2b: Primarina|37\/100\n|-damage|p1b: Rillaboom|32\/100|[from] Recoil\n|\n|-heal|p2b: Primarina|43\/100|[from] Grassy Terrain\n|-heal|p1a: Gholdengo|36\/100|[from] Grassy Terrain\n|-heal|p1b: Rillaboom|38\/100|[from] Grassy Terrain\n|upkeep\n|turn|4\n|\n|t:|1725597954\n|switch|p1a: Kilowattrel|Kilowattrel, L50, F, shiny|20\/100\n|move|p1b: Rillaboom|Grassy Glide|p2b: Primarina\n|-resisted|p2b: Primarina\n|-damage|p2b: Primarina|13\/100\n|move|p2b: Primarina|Hyper Voice|p1b: Rillaboom|[spread] p1a,p1b\n|-resisted|p1b: Rillaboom\n|-damage|p1a: Kilowattrel|0 fnt\n|-damage|p1b: Rillaboom|26\/100\n|faint|p1a: Kilowattrel\n|move|p2a: Sylveon|Hyper Voice|p1b: Rillaboom\n|-damage|p1b: Rillaboom|0 fnt\n|faint|p1b: Rillaboom\n|\n|-heal|p2b: Primarina|19\/100|[from] Grassy Terrain\n|-sideend|p1: nicouser|Grass Pledge\n|upkeep\n|\n|t:|1725597956\n|switch|p1b: Gholdengo|Gholdengo, L50, shiny|36\/100\n|turn|5\n|\n|t:|1725597965\n|-terastallize|p1b: Gholdengo|Steel\n|move|p2b: Primarina|Protect|p2b: Primarina\n|-singleturn|p2b: Primarina|Protect\n|move|p1b: Gholdengo|Make It Rain|p2a: Sylveon|[spread] p2a\n|-activate|p2b: Primarina|move: Protect\n|-supereffective|p2a: Sylveon\n|-damage|p2a: Sylveon|0 fnt\n|-unboost|p1b: Gholdengo|spa|1\n|faint|p2a: Sylveon\n|\n|-heal|p1b: Gholdengo|43\/100|[from] Grassy Terrain\n|-heal|p2b: Primarina|24\/100|[from] Grassy Terrain\n|upkeep\n|\n|t:|1725597966\n|switch|p2a: Decidueye|Decidueye-Hisui, L50, M|100\/100\n|turn|6\n|\n|t:|1725597969\n|move|p1b: Gholdengo|Make It Rain|p2b: Primarina|[spread] p2a,p2b\n|-resisted|p2b: Primarina\n|-damage|p2a: Decidueye|27\/100\n|-damage|p2b: Primarina|0 fnt\n|-unboost|p1b: Gholdengo|spa|1\n|faint|p2b: Primarina\n|move|p2a: Decidueye|Triple Arrows|p1b: Gholdengo\n|-supereffective|p1b: Gholdengo\n|-damage|p1b: Gholdengo|0 fnt\n|faint|p1b: Gholdengo\n|\n|win|lelouchswag\n|raw|nicouser's rating: 1725 &rarr; <strong>1705<\/strong><br \/>(-20 for losing)\n|raw|lelouchswag's rating: 1720 &rarr; <strong>1740<\/strong><br \/>(+20 for winning)\n|l|\u2606lelouchswag\n|player|p2|\n|l| mr pogostick\n|l|\u2606nicouser\n|player|p1|\n","uploadtime":1725598144,"views":43,"formatid":"gen9vgc2024regh","rating":1705,"private":0,"password":null}