{"id":"gen9vgc2024regh-2195480983","format":"[Gen 9] VGC 2024 Reg H","players":["SeaWolfMikess","evenifyoustumble"],"log":"|j|\u2606SeaWolfMikess\n|j|\u2606evenifyoustumble\n|t:|1725583224\n|gametype|doubles\n|player|p1|SeaWolfMikess|hugh|1770\n|player|p2|evenifyoustumble|lady|1802\n|teamsize|p1|6\n|teamsize|p2|6\n|gen|9\n|tier|[Gen 9] VGC 2024 Reg H\n|rated|\n|rule|Species Clause: Limit one of each Pok\u00e9mon\n|rule|Item Clause: Limit 1 of each item\n|clearpoke\n|poke|p1|Pelipper, L50, M|\n|poke|p1|Archaludon, L50, F|\n|poke|p1|Rillaboom, L50, F|\n|poke|p1|Incineroar, L50, M|\n|poke|p1|Sneasler, L50, F|\n|poke|p1|Kingambit, L50, M|\n|poke|p2|Arcanine-Hisui, L50, M|\n|poke|p2|Serperior, L50, M|\n|poke|p2|Ninetales-Alola, L50, F|\n|poke|p2|Ursaluna-Bloodmoon, L50, M|\n|poke|p2|Dragonite, L50, F|\n|poke|p2|Archaludon, L50, F|\n|teampreview|4\n|inactive|Battle timer is ON: inactive players will automatically lose when time's up. (requested by evenifyoustumble)\n|\n|t:|1725583251\n|start\n|switch|p1a: Archaludon|Archaludon, L50, F|100\/100\n|switch|p1b: Kingambit|Kingambit, L50, M|100\/100\n|switch|p2a: Arcanine|Arcanine-Hisui, L50, M, shiny|100\/100\n|switch|p2b: Archaludon|Archaludon, L50, F|100\/100\n|turn|1\n|j| Weathered Wayfarer\n|\n|t:|1725583259\n|move|p1b: Kingambit|Sucker Punch|p2a: Arcanine\n|-damage|p2a: Arcanine|46\/100\n|move|p2a: Arcanine|Flare Blitz|p1b: Kingambit\n|-supereffective|p1b: Kingambit\n|-damage|p1b: Kingambit|14\/100\n|move|p1a: Archaludon|Electro Shot||[still]\n|-prepare|p1a: Archaludon|Electro Shot\n|-boost|p1a: Archaludon|spa|1\n|-enditem|p1a: Archaludon|Power Herb\n|-anim|p1a: Archaludon|Electro Shot|p2a: Arcanine\n|-damage|p2a: Arcanine|0 fnt\n|faint|p2a: Arcanine\n|move|p2b: Archaludon|Electro Shot||[still]\n|-prepare|p2b: Archaludon|Electro Shot\n|-boost|p2b: Archaludon|spa|1\n|-enditem|p2b: Archaludon|Power Herb\n|-anim|p2b: Archaludon|Electro Shot|p1b: Kingambit\n|-damage|p1b: Kingambit|0 fnt\n|faint|p1b: Kingambit\n|\n|upkeep\n|\n|t:|1725583269\n|switch|p2a: YELLOW COLOR|Serperior, L50, M|100\/100\n|switch|p1b: Sneasler|Sneasler, L50, F|100\/100\n|turn|2\n|j| number86\n|\n|t:|1725583275\n|move|p2a: YELLOW COLOR|Protect|p2a: YELLOW COLOR\n|-singleturn|p2a: YELLOW COLOR|Protect\n|move|p2b: Archaludon|Protect|p2b: Archaludon\n|-singleturn|p2b: Archaludon|Protect\n|move|p1b: Sneasler|Close Combat|p2b: Archaludon\n|-activate|p2b: Archaludon|move: Protect\n|move|p1a: Archaludon|Dragon Pulse|p2b: Archaludon\n|-activate|p2b: Archaludon|move: Protect\n|\n|upkeep\n|turn|3\n|l| number86\n|\n|t:|1725583294\n|move|p2a: YELLOW COLOR|Glare|p1a: Archaludon\n|-status|p1a: Archaludon|par\n|move|p1b: Sneasler|Close Combat|p2b: Archaludon\n|-supereffective|p2b: Archaludon\n|-ability|p2b: Archaludon|Sturdy\n|-damage|p2b: Archaludon|1\/100\n|-unboost|p1b: Sneasler|def|1\n|-unboost|p1b: Sneasler|spd|1\n|move|p2b: Archaludon|Draco Meteor|p1b: Sneasler\n|-damage|p1b: Sneasler|0 fnt\n|-unboost|p2b: Archaludon|spa|2\n|faint|p1b: Sneasler\n|move|p1a: Archaludon|Dragon Pulse|p2b: Archaludon\n|-damage|p2b: Archaludon|0 fnt\n|faint|p2b: Archaludon\n|\n|upkeep\n|\n|t:|1725583304\n|switch|p1b: Pelipper|Pelipper, L50, M|100\/100\n|switch|p2b: Ninetales|Ninetales-Alola, L50, F, shiny|100\/100\n|-weather|Snow|[from] ability: Snow Warning|[of] p2b: Ninetales\n|-weather|RainDance|[from] ability: Drizzle|[of] p1b: Pelipper\n|turn|4\n|\n|t:|1725583324\n|-terastallize|p2a: YELLOW COLOR|Fire\n|move|p2a: YELLOW COLOR|Leaf Storm|p1b: Pelipper\n|-damage|p1b: Pelipper|32\/100\n|-boost|p2a: YELLOW COLOR|spa|2\n|move|p2b: Ninetales|Encore|p1a: Archaludon\n|-start|p1a: Archaludon|Encore\n|move|p1b: Pelipper|Hurricane|p2a: YELLOW COLOR\n|-damage|p2a: YELLOW COLOR|55\/100\n|cant|p1a: Archaludon|par\n|\n|-weather|RainDance|[upkeep]\n|upkeep\n|turn|5\n|\n|t:|1725583338\n|move|p2a: YELLOW COLOR|Protect|p2a: YELLOW COLOR\n|-singleturn|p2a: YELLOW COLOR|Protect\n|move|p1b: Pelipper|Protect|p1b: Pelipper\n|-singleturn|p1b: Pelipper|Protect\n|move|p2b: Ninetales|Freeze-Dry|p1b: Pelipper\n|-activate|p1b: Pelipper|move: Protect\n|move|p1a: Archaludon|Dragon Pulse|p2a: YELLOW COLOR\n|-activate|p2a: YELLOW COLOR|move: Protect\n|\n|-weather|RainDance|[upkeep]\n|upkeep\n|turn|6\n|\n|t:|1725583346\n|move|p1b: Pelipper|Protect||[still]\n|-fail|p1b: Pelipper\n|move|p2a: YELLOW COLOR|Tera Blast|p1a: Archaludon|[anim] Tera Blast Fire\n|-damage|p1a: Archaludon|67\/100 par\n|move|p2b: Ninetales|Freeze-Dry|p1b: Pelipper\n|-supereffective|p1b: Pelipper\n|-damage|p1b: Pelipper|0 fnt\n|faint|p1b: Pelipper\n|move|p1a: Archaludon|Dragon Pulse|p2a: YELLOW COLOR\n|-damage|p2a: YELLOW COLOR|0 fnt\n|faint|p2a: YELLOW COLOR\n|\n|-weather|RainDance|[upkeep]\n|-end|p1a: Archaludon|Encore\n|upkeep\n|turn|7\n|j| lpsu9\n|\n|t:|1725583356\n|move|p2b: Ninetales|Encore|p1a: Archaludon\n|-start|p1a: Archaludon|Encore\n|move|p1a: Archaludon|Dragon Pulse|p2b: Ninetales\n|-immune|p2b: Ninetales\n|\n|-weather|RainDance|[upkeep]\n|upkeep\n|turn|8\n|\n|t:|1725583358\n|move|p2b: Ninetales|Freeze-Dry|p1a: Archaludon\n|-damage|p1a: Archaludon|33\/100 par\n|move|p1a: Archaludon|Dragon Pulse|p2b: Ninetales\n|-immune|p2b: Ninetales\n|\n|-weather|none\n|upkeep\n|turn|9\n|-message|SeaWolfMikess forfeited.\n|\n|win|evenifyoustumble\n|raw|SeaWolfMikess's rating: 1770 &rarr; <strong>1752<\/strong><br \/>(-18 for losing)\n|raw|evenifyoustumble's rating: 1802 &rarr; <strong>1820<\/strong><br \/>(+18 for winning)\n|l|\u2606SeaWolfMikess\n|player|p1|\n|l|\u2606evenifyoustumble\n|player|p2|\n|l| lpsu9\n","uploadtime":1725583589,"views":127,"formatid":"gen9vgc2024regh","rating":1752,"private":0,"password":null}