{"id":"gen9vgc2024regh-2195126330","format":"[Gen 9] VGC 2024 Reg H","players":["Luca8","CarryTheBoats"],"log":"|j|\u2606Luca8\n|j|\u2606CarryTheBoats\n|t:|1725547736\n|gametype|doubles\n|player|p1|Luca8|flint|1642\n|player|p2|CarryTheBoats|crasherwake|1703\n|teamsize|p1|6\n|teamsize|p2|6\n|gen|9\n|tier|[Gen 9] VGC 2024 Reg H\n|rated|\n|rule|Species Clause: Limit one of each Pok\u00e9mon\n|rule|Item Clause: Limit 1 of each item\n|clearpoke\n|poke|p1|Rillaboom, L50, F|\n|poke|p1|Torkoal, L50, M|\n|poke|p1|Oranguru, L50, F|\n|poke|p1|Ursaluna-Bloodmoon, L50, M|\n|poke|p1|Mienshao, L50, F|\n|poke|p1|Hydreigon, L50, M|\n|poke|p2|Porygon2, L50|\n|poke|p2|Amoonguss, L50, M|\n|poke|p2|Ursaluna, L50, M|\n|poke|p2|Tyranitar, L50, F|\n|poke|p2|Dragapult, L50, F|\n|poke|p2|Tauros-Paldea-Aqua, L50, M|\n|teampreview|4\n|inactive|Battle timer is ON: inactive players will automatically lose when time's up. (requested by Luca8)\n|j| Fairynanbawan\n|j| Rabbithorn05\n|j| ksfhbghh\n|j| mine_hang\n|inactive|Luca8 has 60 seconds left.\n|inactive|CarryTheBoats has 60 seconds left.\n|inactive|Luca8 has 30 seconds left.\n|\n|t:|1725547805\n|start\n|switch|p1a: Oranguru|Oranguru, L50, F|100\/100\n|switch|p1b: Rillaboom|Rillaboom, L50, F|100\/100\n|switch|p2a: Dragapult|Dragapult, L50, F|100\/100\n|switch|p2b: Porygon2|Porygon2, L50|100\/100\n|-fieldstart|move: Grassy Terrain|[from] ability: Grassy Surge|[of] p1b: Rillaboom\n|-ability|p2b: Porygon2|Download|boost\n|-boost|p2b: Porygon2|atk|1\n|turn|1\n|inactive|Luca8 has 30 seconds left.\n|inactive|CarryTheBoats has 30 seconds left.\n|\n|t:|1725547833\n|move|p2a: Dragapult|Draco Meteor|p1a: Oranguru|[miss]\n|-miss|p2a: Dragapult|p1a: Oranguru\n|move|p1b: Rillaboom|Wood Hammer|p2a: Dragapult\n|-resisted|p2a: Dragapult\n|-damage|p2a: Dragapult|41\/100\n|-damage|p1b: Rillaboom|85\/100|[from] Recoil\n|move|p1a: Oranguru|Psychic|p2a: Dragapult\n|-damage|p2a: Dragapult|1\/100\n|move|p2b: Porygon2|Tera Blast|p1a: Oranguru\n|-damage|p1a: Oranguru|76\/100\n|\n|-heal|p2a: Dragapult|7\/100|[from] Grassy Terrain\n|-heal|p1b: Rillaboom|91\/100|[from] Grassy Terrain\n|-heal|p1a: Oranguru|82\/100|[from] Grassy Terrain\n|upkeep\n|turn|2\n|inactive|Luca8 has 30 seconds left.\n|inactive|Luca8 has 20 seconds left.\n|inactive|Luca8 has 15 seconds left.\n|inactive|Luca8 has 10 seconds left.\n|inactive|Luca8 has 5 seconds left.\n|\n|t:|1725547885\n|move|p1b: Rillaboom|Grassy Glide|p2a: Dragapult\n|-resisted|p2a: Dragapult\n|-damage|p2a: Dragapult|0 fnt\n|faint|p2a: Dragapult\n|move|p1a: Oranguru|Light Screen|p1a: Oranguru\n|-sidestart|p1: Luca8|move: Light Screen\n|move|p2b: Porygon2|Tera Blast|p1a: Oranguru\n|-damage|p1a: Oranguru|65\/100\n|\n|-heal|p1b: Rillaboom|97\/100|[from] Grassy Terrain\n|-heal|p1a: Oranguru|72\/100|[from] Grassy Terrain\n|upkeep\n|\n|t:|1725547888\n|switch|p2a: Tyranitar|Tyranitar, L50, F|100\/100\n|-weather|Sandstorm|[from] ability: Sand Stream|[of] p2a: Tyranitar\n|turn|3\n|\n|t:|1725547908\n|move|p1b: Rillaboom|Wood Hammer|p2b: Porygon2\n|-damage|p2b: Porygon2|50\/100\n|-damage|p1b: Rillaboom|81\/100|[from] Recoil\n|move|p2a: Tyranitar|Knock Off|p1b: Rillaboom\n|-damage|p1b: Rillaboom|30\/100\n|-enditem|p1b: Rillaboom|Assault Vest|[from] move: Knock Off|[of] p2a: Tyranitar\n|move|p2b: Porygon2|Ice Beam|p1b: Rillaboom\n|-supereffective|p1b: Rillaboom\n|-damage|p1b: Rillaboom|0 fnt\n|faint|p1b: Rillaboom\n|move|p1a: Oranguru|Trick Room|p1a: Oranguru\n|-fieldstart|move: Trick Room|[of] p1a: Oranguru\n|\n|-weather|Sandstorm|[upkeep]\n|-damage|p2b: Porygon2|44\/100|[from] Sandstorm\n|-damage|p1a: Oranguru|65\/100|[from] Sandstorm\n|-heal|p2b: Porygon2|50\/100|[from] Grassy Terrain\n|-heal|p1a: Oranguru|72\/100|[from] Grassy Terrain\n|upkeep\n|\n|t:|1725547927\n|switch|p1b: Torkoal|Torkoal, L50, M|100\/100\n|-weather|SunnyDay|[from] ability: Drought|[of] p1b: Torkoal\n|turn|4\n|\n|t:|1725547935\n|switch|p1a: Ursaluna|Ursaluna-Bloodmoon, L50, M|100\/100\n|-terastallize|p1b: Torkoal|Fire\n|move|p1b: Torkoal|Eruption|p2a: Tyranitar|[spread] p2a,p2b\n|-resisted|p2a: Tyranitar\n|-damage|p2a: Tyranitar|76\/100\n|-damage|p2b: Porygon2|0 fnt\n|faint|p2b: Porygon2\n|move|p2a: Tyranitar|Knock Off|p1b: Torkoal\n|-damage|p1b: Torkoal|59\/100\n|-enditem|p1b: Torkoal|Safety Goggles|[from] move: Knock Off|[of] p2a: Tyranitar\n|\n|-weather|SunnyDay|[upkeep]\n|-heal|p1b: Torkoal|65\/100|[from] Grassy Terrain\n|-heal|p2a: Tyranitar|82\/100|[from] Grassy Terrain\n|upkeep\n|\n|t:|1725547943\n|switch|p2b: Ursaluna|Ursaluna, L50, M|100\/100\n|turn|5\n|l| ksfhbghh\n|\n|t:|1725547968\n|move|p2b: Ursaluna|Protect|p2b: Ursaluna\n|-singleturn|p2b: Ursaluna|Protect\n|move|p1b: Torkoal|Solar Beam||[still]\n|-prepare|p1b: Torkoal|Solar Beam\n|-anim|p1b: Torkoal|Solar Beam|p2a: Tyranitar\n|-supereffective|p2a: Tyranitar\n|-damage|p2a: Tyranitar|31\/100\n|move|p1a: Ursaluna|Earth Power|p2a: Tyranitar\n|-supereffective|p2a: Tyranitar\n|-damage|p2a: Tyranitar|0 fnt\n|faint|p2a: Tyranitar\n|-damage|p1a: Ursaluna|91\/100|[from] item: Life Orb\n|\n|-weather|SunnyDay|[upkeep]\n|-heal|p1b: Torkoal|71\/100|[from] Grassy Terrain\n|-heal|p1a: Ursaluna|97\/100|[from] Grassy Terrain\n|-fieldend|move: Grassy Terrain\n|-status|p2b: Ursaluna|brn|[from] item: Flame Orb\n|upkeep\n|turn|6\n|inactive|Luca8 has 30 seconds left.\n|\n|t:|1725548000\n|-terastallize|p2b: Ursaluna|Ghost\n|move|p1a: Ursaluna|Vacuum Wave|p2b: Ursaluna\n|-damage|p2b: Ursaluna|81\/100 brn\n|-damage|p1a: Ursaluna|87\/100|[from] item: Life Orb\n|move|p1b: Torkoal|Eruption|p2b: Ursaluna\n|-damage|p2b: Ursaluna|6\/100 brn\n|move|p2b: Ursaluna|Facade|p1a: Ursaluna\n|-damage|p1a: Ursaluna|0 fnt\n|faint|p1a: Ursaluna\n|\n|-weather|SunnyDay|[upkeep]\n|-damage|p2b: Ursaluna|0 fnt|[from] brn\n|faint|p2b: Ursaluna\n|\n|win|Luca8\n|upkeep\n|raw|Luca8's rating: 1642 &rarr; <strong>1665<\/strong><br \/>(+23 for winning)\n|raw|CarryTheBoats's rating: 1703 &rarr; <strong>1680<\/strong><br \/>(-23 for losing)\n|l|\u2606CarryTheBoats\n|player|p2|\n|l|\u2606Luca8\n|player|p1|\n|l| mine_hang\n","uploadtime":1725548159,"views":36,"formatid":"gen9vgc2024regh","rating":1665,"private":0,"password":null}