{"id":"gen9vgc2024regh-2195400322","format":"[Gen 9] VGC 2024 Reg H","players":["actuary97","fangame10"],"log":"|j|\u2606actuary97\n|j|\u2606fangame10\n|t:|1725573790\n|gametype|doubles\n|player|p1|actuary97|sabrina-frlg|1736\n|player|p2|fangame10|red|1744\n|teamsize|p1|6\n|teamsize|p2|6\n|gen|9\n|tier|[Gen 9] VGC 2024 Reg H\n|rated|\n|rule|Species Clause: Limit one of each Pok\u00e9mon\n|rule|Item Clause: Limit 1 of each item\n|clearpoke\n|poke|p1|Whimsicott, L50, F|\n|poke|p1|Gallade, L50, M|\n|poke|p1|Hatterene, L50, F|\n|poke|p1|Malamar, L50, F|\n|poke|p1|Indeedee, L50, M|\n|poke|p1|Archaludon, L50, F|\n|poke|p2|Baxcalibur, L50, F|\n|poke|p2|Ninetales-Alola, L50, F|\n|poke|p2|Milotic, L50, M|\n|poke|p2|Skeledirge, L50, M|\n|poke|p2|Rillaboom, L50, F|\n|poke|p2|Sneasler, L50, M|\n|teampreview|4\n|inactive|Battle timer is ON: inactive players will automatically lose when time's up. (requested by fangame10)\nactuary97 has agreed to open team sheets.\nfangame10 has agreed to open team sheets.\n|c|\u2606actuary97|cool team glhf\n|c|\u2606fangame10|thanks u2!\n|inactive|actuary97 has 30 seconds left.\n|inactive|fangame10 has 30 seconds left.\n|inactive|actuary97 has 20 seconds left.\n|inactive|fangame10 has 20 seconds left.\n|inactive|actuary97 has 15 seconds left.\n|inactive|fangame10 has 15 seconds left.\n|inactive|actuary97 has 10 seconds left.\n|\n|t:|1725573847\n|start\n|switch|p1a: Mischief Mother|Whimsicott, L50, F, shiny|100\/100\n|switch|p1b: Bridget|Archaludon, L50, F, shiny|100\/100\n|switch|p2a: Ninetales|Ninetales-Alola, L50, F, shiny|100\/100\n|switch|p2b: Skeledirge|Skeledirge, L50, M|100\/100\n|-weather|Snow|[from] ability: Snow Warning|[of] p2a: Ninetales\n|turn|1\n|inactive|fangame10 has 30 seconds left.\n|inactive|actuary97 has 30 seconds left.\n|\n|t:|1725573880\n|-terastallize|p2a: Ninetales|Water\n|move|p1a: Mischief Mother|Tailwind|p1a: Mischief Mother\n|-sidestart|p1: actuary97|move: Tailwind\n|move|p1b: Bridget|Flash Cannon|p2a: Ninetales\n|-resisted|p2a: Ninetales\n|-damage|p2a: Ninetales|79\/100\n|move|p2a: Ninetales|Aurora Veil|p2a: Ninetales\n|-sidestart|p2: fangame10|move: Aurora Veil\n|move|p2b: Skeledirge|Torch Song|p1a: Mischief Mother\n|-supereffective|p1a: Mischief Mother\n|-enditem|p1a: Mischief Mother|Focus Sash\n|-damage|p1a: Mischief Mother|1\/100\n|-boost|p2b: Skeledirge|spa|1\n|\n|-weather|Snow|[upkeep]\n|upkeep\n|turn|2\n|\n|t:|1725573900\n|switch|p1a: Tapu Deedee|Indeedee, L50, M, shiny|100\/100\n|-fieldstart|move: Psychic Terrain|[from] ability: Psychic Surge|[of] p1a: Tapu Deedee\n|switch|p2a: Milotic|Milotic, L50, M, shiny|100\/100\n|move|p1b: Bridget|Electro Shot||[still]\n|-prepare|p1b: Bridget|Electro Shot\n|-boost|p1b: Bridget|spa|1\n|move|p2b: Skeledirge|Torch Song|p1b: Bridget\n|-damage|p1b: Bridget|59\/100\n|-boost|p2b: Skeledirge|spa|1\n|-ability|p1b: Bridget|Stamina|boost\n|-boost|p1b: Bridget|def|1\n|\n|-weather|Snow|[upkeep]\n|upkeep\n|turn|3\n|\n|t:|1725573921\n|switch|p2a: Rillaboom|Rillaboom, L50, F|100\/100\n|-fieldstart|move: Grassy Terrain|[from] ability: Grassy Surge|[of] p2a: Rillaboom\n|move|p2b: Skeledirge|Protect|p2b: Skeledirge\n|-singleturn|p2b: Skeledirge|Protect\n|move|p1a: Tapu Deedee|Expanding Force|p2b: Skeledirge\n|-activate|p2b: Skeledirge|move: Protect\n|move|p1b: Bridget|Electro Shot|p2a: Rillaboom|[from]lockedmove\n|-resisted|p2a: Rillaboom\n|-damage|p2a: Rillaboom|85\/100\n|\n|-weather|Snow|[upkeep]\n|-heal|p1b: Bridget|65\/100|[from] Grassy Terrain\n|-heal|p2a: Rillaboom|91\/100|[from] Grassy Terrain\n|upkeep\n|turn|4\n|inactive|actuary97 has 30 seconds left.\n|inactive|actuary97 has 20 seconds left.\n|\n|t:|1725573960\n|move|p1a: Tapu Deedee|Expanding Force|p2a: Rillaboom\n|-damage|p2a: Rillaboom|62\/100\n|move|p1b: Bridget|Snarl|p2a: Rillaboom|[spread] p2a,p2b\n|-supereffective|p2b: Skeledirge\n|-damage|p2a: Rillaboom|53\/100\n|-damage|p2b: Skeledirge|84\/100\n|-unboost|p2a: Rillaboom|spa|1\n|-unboost|p2b: Skeledirge|spa|1\n|move|p2a: Rillaboom|Wood Hammer|p1a: Tapu Deedee\n|-damage|p1a: Tapu Deedee|0 fnt\n|faint|p1a: Tapu Deedee\n|-damage|p2a: Rillaboom|31\/100|[from] Recoil\n|move|p2b: Skeledirge|Torch Song|p1b: Bridget\n|-damage|p1b: Bridget|22\/100\n|-boost|p2b: Skeledirge|spa|1\n|-ability|p1b: Bridget|Stamina|boost\n|-boost|p1b: Bridget|def|1\n|\n|-weather|Snow|[upkeep]\n|-heal|p1b: Bridget|29\/100|[from] Grassy Terrain\n|-heal|p2a: Rillaboom|37\/100|[from] Grassy Terrain\n|-heal|p2b: Skeledirge|89\/100|[from] Grassy Terrain\n|-heal|p2b: Skeledirge|95\/100|[from] item: Leftovers\n|-sideend|p1: actuary97|move: Tailwind\n|upkeep\n|\n|t:|1725573972\n|switch|p1a: Mischief Mother|Whimsicott, L50, F, shiny|1\/100\n|turn|5\n|\n|t:|1725573986\n|move|p1a: Mischief Mother|Tailwind|p1a: Mischief Mother\n|-sidestart|p1: actuary97|move: Tailwind\n|move|p2a: Rillaboom|Grassy Glide|p1a: Mischief Mother\n|-resisted|p1a: Mischief Mother\n|-damage|p1a: Mischief Mother|0 fnt\n|faint|p1a: Mischief Mother\n|move|p1b: Bridget|Snarl|p2a: Rillaboom|[spread] p2a,p2b\n|-supereffective|p2b: Skeledirge\n|-damage|p2a: Rillaboom|27\/100\n|-damage|p2b: Skeledirge|79\/100\n|-unboost|p2a: Rillaboom|spa|1\n|-unboost|p2b: Skeledirge|spa|1\n|move|p2b: Skeledirge|Torch Song|p1b: Bridget\n|-damage|p1b: Bridget|0 fnt\n|-boost|p2b: Skeledirge|spa|1\n|faint|p1b: Bridget\n|\n|-weather|none\n|-heal|p2a: Rillaboom|33\/100|[from] Grassy Terrain\n|-heal|p2b: Skeledirge|85\/100|[from] Grassy Terrain\n|-heal|p2b: Skeledirge|91\/100|[from] item: Leftovers\n|upkeep\n|\n|t:|1725573988\n|switch|p1b: \u2694\ufe0fKing\u2694\ufe0f|Gallade, L50, M, shiny|100\/100\n|turn|6\n|\n|t:|1725573994\n|-terastallize|p1b: \u2694\ufe0fKing\u2694\ufe0f|Grass\n|move|p1b: \u2694\ufe0fKing\u2694\ufe0f|Psycho Cut|p2b: Skeledirge\n|-damage|p2b: Skeledirge|55\/100\n|move|p2a: Rillaboom|Wood Hammer|p1b: \u2694\ufe0fKing\u2694\ufe0f\n|-resisted|p1b: \u2694\ufe0fKing\u2694\ufe0f\n|-damage|p1b: \u2694\ufe0fKing\u2694\ufe0f|30\/100\n|-damage|p2a: Rillaboom|15\/100|[from] Recoil\n|move|p2b: Skeledirge|Shadow Ball|p1b: \u2694\ufe0fKing\u2694\ufe0f\n|-damage|p1b: \u2694\ufe0fKing\u2694\ufe0f|0 fnt\n|faint|p1b: \u2694\ufe0fKing\u2694\ufe0f\n|\n|win|fangame10\n|raw|actuary97's rating: 1736 &rarr; <strong>1716<\/strong><br \/>(-20 for losing)\n|raw|fangame10's rating: 1744 &rarr; <strong>1764<\/strong><br \/>(+20 for winning)\n|c|\u2606fangame10|gg\n|c|\u2606actuary97|gg\n|l|\u2606actuary97\n|player|p1|\n|l|\u2606fangame10\n|player|p2|\n","uploadtime":1725574004,"views":116,"formatid":"gen9vgc2024regh","rating":1716,"private":0,"password":null}