{"id":"gen9vgc2024regh-2195427395","format":"[Gen 9] VGC 2024 Reg H","players":["BIO26R","BigSalta"],"log":"|j|\u2606BIO26R\n|j|\u2606BigSalta\n|t:|1725576926\n|gametype|doubles\n|player|p1|BIO26R|scientist|1718\n|player|p2|BigSalta|cynthia|1663\n|teamsize|p1|6\n|teamsize|p2|6\n|gen|9\n|tier|[Gen 9] VGC 2024 Reg H\n|rated|\n|rule|Species Clause: Limit one of each Pok\u00e9mon\n|rule|Item Clause: Limit 1 of each item\n|clearpoke\n|poke|p1|Whimsicott, L50, F|\n|poke|p1|Amoonguss, L50, M|\n|poke|p1|Basculegion, L50, M|\n|poke|p1|Archaludon, L50, M|\n|poke|p1|Typhlosion-Hisui, L50, F|\n|poke|p1|Pelipper, L50, F|\n|poke|p2|Amoonguss, L50, M|\n|poke|p2|Incineroar, L50, M|\n|poke|p2|Palafin, L50, M|\n|poke|p2|Dragapult, L50, F|\n|poke|p2|Gholdengo, L50|\n|poke|p2|Garganacl, L50, M|\n|teampreview|4\n|inactive|Battle timer is ON: inactive players will automatically lose when time's up. (requested by BIO26R)\n|inactive|BIO26R has 60 seconds left.\n|\n|t:|1725576990\n|start\n|switch|p1a: Whimsicott|Whimsicott, L50, F, shiny|100\/100\n|switch|p1b: Typhlosion|Typhlosion-Hisui, L50, F, shiny|100\/100\n|switch|p2a: Palafin|Palafin, L50, M|100\/100\n|switch|p2b: Garganacl|Garganacl, L50, M|100\/100\n|turn|1\n|\n|t:|1725577010\n|switch|p1b: Basculegion|Basculegion, L50, M, shiny|100\/100\n|move|p2a: Palafin|Protect|p2a: Palafin\n|-singleturn|p2a: Palafin|Protect\n|move|p1a: Whimsicott|Moonblast|p2a: Palafin\n|-activate|p2a: Palafin|move: Protect\n|move|p2b: Garganacl|Salt Cure|p1b: Basculegion\n|-damage|p1b: Basculegion|82\/100\n|-start|p1b: Basculegion|Salt Cure\n|\n|-damage|p1b: Basculegion|57\/100|[from] Salt Cure\n|upkeep\n|turn|2\n|inactive|BigSalta has 30 seconds left.\n|\n|t:|1725577037\n|detailschange|p2a: Palafin|Palafin-Hero, L50, M\n|switch|p2a: Incineroar|Incineroar, L50, M|100\/100\n|-ability|p2a: Incineroar|Intimidate|boost\n|-unboost|p1a: Whimsicott|atk|1\n|-unboost|p1b: Basculegion|atk|1\n|move|p1a: Whimsicott|Encore|p2a: Incineroar\n|-hint|Since gen 7, Dark is immune to Prankster moves.\n|-immune|p2a: Incineroar\n|move|p1b: Basculegion|Flip Turn|p2b: Garganacl\n|-supereffective|p2b: Garganacl\n|-damage|p2b: Garganacl|66\/100\n|\n|t:|1725577041\n|switch|p1b: Pelipper|Pelipper, L50, F, shiny|100\/100|[from] Flip Turn\n|-weather|RainDance|[from] ability: Drizzle|[of] p1b: Pelipper\n|move|p2b: Garganacl|Salt Cure|p1a: Whimsicott\n|-damage|p1a: Whimsicott|81\/100\n|\n|-weather|RainDance|[upkeep]\n|-heal|p2b: Garganacl|72\/100|[from] item: Leftovers\n|upkeep\n|turn|3\n|inactive|BIO26R has 30 seconds left.\n|\n|t:|1725577069\n|-terastallize|p1b: Pelipper|Ghost\n|move|p1a: Whimsicott|Moonblast|p2b: Garganacl\n|-damage|p2b: Garganacl|47\/100\n|-unboost|p2b: Garganacl|spa|1\n|move|p1b: Pelipper|Weather Ball|p2a: Incineroar\n|-supereffective|p2a: Incineroar\n|-damage|p2a: Incineroar|0 fnt\n|faint|p2a: Incineroar\n|move|p2b: Garganacl|Salt Cure|p1b: Pelipper\n|-damage|p1b: Pelipper|82\/100\n|-start|p1b: Pelipper|Salt Cure\n|\n|-weather|RainDance|[upkeep]\n|-heal|p2b: Garganacl|53\/100|[from] item: Leftovers\n|-damage|p1b: Pelipper|70\/100|[from] Salt Cure\n|upkeep\n|inactive|BigSalta has 30 seconds left.\n|\n|t:|1725577102\n|switch|p2a: Amoonguss|Amoonguss, L50, M|100\/100\n|turn|4\n|inactive|BIO26R has 30 seconds left.\n|inactive|BIO26R has 20 seconds left.\n|\n|t:|1725577141\n|move|p2b: Garganacl|Protect|p2b: Garganacl\n|-singleturn|p2b: Garganacl|Protect\n|move|p1a: Whimsicott|Sunny Day|p1a: Whimsicott\n|-weather|SunnyDay\n|move|p1b: Pelipper|Weather Ball|p2a: Amoonguss\n|-supereffective|p2a: Amoonguss\n|-damage|p2a: Amoonguss|18\/100\n|-enditem|p2a: Amoonguss|Sitrus Berry|[eat]\n|-heal|p2a: Amoonguss|43\/100|[from] item: Sitrus Berry\n|move|p2a: Amoonguss|Spore|p1b: Pelipper\n|-status|p1b: Pelipper|slp|[from] move: Spore\n|\n|-weather|SunnyDay|[upkeep]\n|-heal|p2b: Garganacl|58\/100|[from] item: Leftovers\n|-damage|p1b: Pelipper|57\/100 slp|[from] Salt Cure\n|upkeep\n|turn|5\n|j| mr pogostick\n|\n|t:|1725577165\n|switch|p1b: Typhlosion|Typhlosion-Hisui, L50, F, shiny|100\/100\n|move|p1a: Whimsicott|Encore|p2b: Garganacl\n|-start|p2b: Garganacl|Encore\n|move|p2a: Amoonguss|Sludge Bomb|p1a: Whimsicott\n|-supereffective|p1a: Whimsicott\n|-damage|p1a: Whimsicott|0 fnt\n|faint|p1a: Whimsicott\n|move|p2b: Garganacl|Protect||[still]\n|-fail|p2b: Garganacl\n|\n|-weather|SunnyDay|[upkeep]\n|-heal|p2b: Garganacl|64\/100|[from] item: Leftovers\n|upkeep\n|\n|t:|1725577178\n|switch|p1a: Basculegion|Basculegion, L50, M, shiny|57\/100\n|turn|6\n|\n|t:|1725577198\n|move|p2a: Amoonguss|Protect|p2a: Amoonguss\n|-singleturn|p2a: Amoonguss|Protect\n|move|p2b: Garganacl|Protect|p2b: Garganacl\n|-singleturn|p2b: Garganacl|Protect\n|move|p1a: Basculegion|Last Respects|p2b: Garganacl\n|-activate|p2b: Garganacl|move: Protect\n|move|p1b: Typhlosion|Eruption|p2b: Garganacl|[spread] \n|-activate|p2a: Amoonguss|move: Protect\n|-activate|p2b: Garganacl|move: Protect\n|\n|-weather|SunnyDay|[upkeep]\n|-heal|p2b: Garganacl|70\/100|[from] item: Leftovers\n|upkeep\n|turn|7\n|j| Weathered Wayfarer\n|inactive|BigSalta has 30 seconds left.\n|\n|t:|1725577225\n|switch|p2a: Palafin|Palafin-Hero, L50, M|100\/100\n|-activate|p2a: Palafin|ability: Zero to Hero\n|move|p2b: Garganacl|Protect|p2b: Garganacl\n|-singleturn|p2b: Garganacl|Protect\n|move|p1a: Basculegion|Last Respects|p2b: Garganacl\n|-activate|p2b: Garganacl|move: Protect\n|move|p1b: Typhlosion|Eruption|p2b: Garganacl|[spread] p2a\n|-activate|p2b: Garganacl|move: Protect\n|-resisted|p2a: Palafin\n|-damage|p2a: Palafin|47\/100\n|\n|-weather|SunnyDay|[upkeep]\n|-heal|p2b: Garganacl|76\/100|[from] item: Leftovers\n|-end|p2b: Garganacl|Encore\n|upkeep\n|turn|8\n|j| enjoyepicalyx\n|l| enjoyepicalyx\n|\n|t:|1725577249\n|move|p1b: Typhlosion|Protect|p1b: Typhlosion\n|-singleturn|p1b: Typhlosion|Protect\n|move|p2a: Palafin|Protect|p2a: Palafin\n|-singleturn|p2a: Palafin|Protect\n|move|p1a: Basculegion|Last Respects|p2a: Palafin\n|-activate|p2a: Palafin|move: Protect\n|move|p2b: Garganacl|Salt Cure|p1b: Typhlosion\n|-activate|p1b: Typhlosion|move: Protect\n|\n|-weather|none\n|-heal|p2b: Garganacl|82\/100|[from] item: Leftovers\n|upkeep\n|turn|9\n|inactive|BIO26R has 30 seconds left.\n|inactive|BigSalta has 30 seconds left.\n|\n|t:|1725577279\n|switch|p1b: Pelipper|Pelipper, L50, F, shiny, tera:Ghost|57\/100 slp\n|-weather|RainDance|[from] ability: Drizzle|[of] p1b: Pelipper\n|switch|p2a: Amoonguss|Amoonguss, L50, M|76\/100\n|move|p1a: Basculegion|Last Respects|p2a: Amoonguss\n|-damage|p2a: Amoonguss|30\/100\n|move|p2b: Garganacl|Salt Cure|p1a: Basculegion\n|-damage|p1a: Basculegion|38\/100\n|-start|p1a: Basculegion|Salt Cure\n|\n|-weather|RainDance|[upkeep]\n|-heal|p2b: Garganacl|87\/100|[from] item: Leftovers\n|-damage|p1a: Basculegion|14\/100|[from] Salt Cure\n|upkeep\n|turn|10\n|inactive|BIO26R has 30 seconds left.\n|inactive|BigSalta has 30 seconds left.\n|\n|t:|1725577314\n|switch|p1a: Typhlosion|Typhlosion-Hisui, L50, F, shiny|100\/100\n|cant|p1b: Pelipper|slp\n|move|p2a: Amoonguss|Spore|p1a: Typhlosion\n|-status|p1a: Typhlosion|slp|[from] move: Spore\n|move|p2b: Garganacl|Salt Cure|p1b: Pelipper\n|-damage|p1b: Pelipper|39\/100 slp\n|-start|p1b: Pelipper|Salt Cure\n|\n|-weather|RainDance|[upkeep]\n|-heal|p2b: Garganacl|93\/100|[from] item: Leftovers\n|-damage|p1b: Pelipper|27\/100 slp|[from] Salt Cure\n|upkeep\n|turn|11\n|\n|t:|1725577333\n|cant|p1a: Typhlosion|slp\n|cant|p1b: Pelipper|slp\n|move|p2a: Amoonguss|Sludge Bomb|p1b: Pelipper\n|-resisted|p1b: Pelipper\n|-damage|p1b: Pelipper|1\/100 slp\n|move|p2b: Garganacl|Salt Cure|p1a: Typhlosion\n|-supereffective|p1a: Typhlosion\n|-damage|p1a: Typhlosion|60\/100 slp\n|-start|p1a: Typhlosion|Salt Cure\n|\n|-weather|RainDance|[upkeep]\n|-heal|p2b: Garganacl|99\/100|[from] item: Leftovers\n|-damage|p1a: Typhlosion|48\/100 slp|[from] Salt Cure\n|-damage|p1b: Pelipper|0 fnt|[from] Salt Cure\n|faint|p1b: Pelipper\n|upkeep\n|\n|t:|1725577337\n|switch|p1b: Basculegion|Basculegion, L50, M, shiny|14\/100\n|turn|12\n|-message|BIO26R forfeited.\n|\n|win|BigSalta\n|raw|BIO26R's rating: 1718 &rarr; <strong>1695<\/strong><br \/>(-23 for losing)\n|raw|BigSalta's rating: 1663 &rarr; <strong>1686<\/strong><br \/>(+23 for winning)\n|l|\u2606BIO26R\n|player|p1|\n|l| mr pogostick\n","uploadtime":1725577568,"views":18,"formatid":"gen9vgc2024regh","rating":1686,"private":0,"password":null}