{"id":"gen9vgc2024regh-2195093291","format":"[Gen 9] VGC 2024 Reg H","players":["actuary97","BirdKeeperNeek"],"log":"|j|\u2606actuary97\n|j|\u2606BirdKeeperNeek\n|t:|1725544595\n|gametype|doubles\n|player|p1|actuary97|sabrina-frlg|1787\n|player|p2|BirdKeeperNeek|falkner|1640\n|teamsize|p1|6\n|teamsize|p2|6\n|gen|9\n|tier|[Gen 9] VGC 2024 Reg H\n|rated|\n|rule|Species Clause: Limit one of each Pok\u00e9mon\n|rule|Item Clause: Limit 1 of each item\n|clearpoke\n|poke|p1|Whimsicott, L50, F|\n|poke|p1|Gallade, L50, M|\n|poke|p1|Hatterene, L50, F|\n|poke|p1|Malamar, L50, F|\n|poke|p1|Indeedee, L50, M|\n|poke|p1|Archaludon, L50, F|\n|poke|p2|Baxcalibur, L50, M|\n|poke|p2|Whimsicott, L50, F|\n|poke|p2|Gholdengo, L50|\n|poke|p2|Rillaboom, L50, M|\n|poke|p2|Tauros-Paldea-Blaze, L50, M|\n|poke|p2|Primarina, L50, F|\n|teampreview|4\n|j| Hydrion\nactuary97 has agreed to open team sheets.\nBirdKeeperNeek has agreed to open team sheets.\n|j| garonpappa\n|c|\u2606BirdKeeperNeek|hf\n|c|\u2606actuary97|glhf\n|c|\u2606actuary97|cool team i LOVE fire tauros\n|c|\u2606actuary97|I never see it around\n|j| thejruth3\n|l| Hydrion\n|j| NemonaRider\n|\n|t:|1725544683\n|start\n|switch|p1a: Mischief Mother|Whimsicott, L50, F, shiny|100\/100\n|switch|p1b: Tapu Deedee|Indeedee, L50, M, shiny|100\/100\n|switch|p2a: Gholdengo|Gholdengo, L50|100\/100\n|switch|p2b: Primarina|Primarina, L50, F|100\/100\n|-fieldstart|move: Psychic Terrain|[from] ability: Psychic Surge|[of] p1b: Tapu Deedee\n|turn|1\n|\n|t:|1725544710\n|move|p1a: Mischief Mother|Tailwind|p1a: Mischief Mother\n|-sidestart|p1: actuary97|move: Tailwind\n|move|p1b: Tapu Deedee|Expanding Force|p2b: Primarina|[spread] p2a,p2b\n|-resisted|p2a: Gholdengo\n|-damage|p2a: Gholdengo|55\/100\n|-damage|p2b: Primarina|26\/100\n|move|p2a: Gholdengo|Make It Rain|p1a: Mischief Mother|[spread] p1a,p1b\n|-supereffective|p1a: Mischief Mother\n|-enditem|p1a: Mischief Mother|Focus Sash\n|-damage|p1a: Mischief Mother|1\/100\n|-damage|p1b: Tapu Deedee|0 fnt\n|-unboost|p2a: Gholdengo|spa|1\n|faint|p1b: Tapu Deedee\n|move|p2b: Primarina|Hyper Voice|p1a: Mischief Mother\n|-resisted|p1a: Mischief Mother\n|-damage|p1a: Mischief Mother|0 fnt\n|faint|p1a: Mischief Mother\n|-enditem|p2b: Primarina|Throat Spray\n|-boost|p2b: Primarina|spa|1|[from] item: Throat Spray\n|\n|upkeep\n|\n|t:|1725544715\n|switch|p1a: \u2694\ufe0fKing\u2694\ufe0f|Gallade, L50, M, shiny|100\/100\n|switch|p1b: Bridget|Archaludon, L50, F, shiny|100\/100\n|turn|2\n|c|\u2606BirdKeeperNeek|Tapu deedee is funny\n|c|\u2606actuary97|haha thank u\n|\n|t:|1725544753\n|switch|p2b: Rillaboom|Rillaboom, L50, M|100\/100\n|-fieldstart|move: Grassy Terrain|[from] ability: Grassy Surge|[of] p2b: Rillaboom\n|move|p1a: \u2694\ufe0fKing\u2694\ufe0f|Psycho Cut|p2b: Rillaboom\n|-crit|p2b: Rillaboom\n|-damage|p2b: Rillaboom|26\/100\n|move|p1b: Bridget|Snarl|p2a: Gholdengo|[spread] p2a,p2b\n|-supereffective|p2a: Gholdengo\n|-damage|p2a: Gholdengo|27\/100\n|-damage|p2b: Rillaboom|16\/100\n|-unboost|p2a: Gholdengo|spa|1\n|-unboost|p2b: Rillaboom|spa|1\n|move|p2a: Gholdengo|Make It Rain|p1a: \u2694\ufe0fKing\u2694\ufe0f|[spread] p1a,p1b\n|-resisted|p1b: Bridget\n|-damage|p1a: \u2694\ufe0fKing\u2694\ufe0f|59\/100\n|-damage|p1b: Bridget|88\/100\n|-unboost|p2a: Gholdengo|spa|1\n|-ability|p1b: Bridget|Stamina|boost\n|-boost|p1b: Bridget|def|1\n|\n|-heal|p1a: \u2694\ufe0fKing\u2694\ufe0f|65\/100|[from] Grassy Terrain\n|-heal|p1b: Bridget|94\/100|[from] Grassy Terrain\n|-heal|p2a: Gholdengo|32\/100|[from] Grassy Terrain\n|-heal|p2b: Rillaboom|22\/100|[from] Grassy Terrain\n|upkeep\n|turn|3\n|\n|t:|1725544781\n|switch|p2a: Whimsicott|Whimsicott, L50, F, shiny|100\/100\n|move|p1a: \u2694\ufe0fKing\u2694\ufe0f|Protect|p1a: \u2694\ufe0fKing\u2694\ufe0f\n|-singleturn|p1a: \u2694\ufe0fKing\u2694\ufe0f|Protect\n|move|p2b: Rillaboom|Fake Out|p1b: Bridget\n|-resisted|p1b: Bridget\n|-damage|p1b: Bridget|91\/100\n|-ability|p1b: Bridget|Stamina|boost\n|-boost|p1b: Bridget|def|1\n|cant|p1b: Bridget|flinch\n|\n|-heal|p1a: \u2694\ufe0fKing\u2694\ufe0f|70\/100|[from] Grassy Terrain\n|-heal|p1b: Bridget|97\/100|[from] Grassy Terrain\n|-heal|p2b: Rillaboom|28\/100|[from] Grassy Terrain\n|upkeep\n|turn|4\n|j| Hydrion\n|\n|t:|1725544823\n|-terastallize|p1a: \u2694\ufe0fKing\u2694\ufe0f|Grass\n|move|p2a: Whimsicott|Encore|p1a: \u2694\ufe0fKing\u2694\ufe0f\n|-start|p1a: \u2694\ufe0fKing\u2694\ufe0f|Encore\n|move|p1a: \u2694\ufe0fKing\u2694\ufe0f|Protect|p1a: \u2694\ufe0fKing\u2694\ufe0f\n|-singleturn|p1a: \u2694\ufe0fKing\u2694\ufe0f|Protect\n|move|p1b: Bridget|Flash Cannon|p2a: Whimsicott\n|-supereffective|p2a: Whimsicott\n|-enditem|p2a: Whimsicott|Focus Sash\n|-damage|p2a: Whimsicott|1\/100\n|move|p2b: Rillaboom|High Horsepower|p1b: Bridget\n|-supereffective|p1b: Bridget\n|-damage|p1b: Bridget|71\/100\n|-ability|p1b: Bridget|Stamina|boost\n|-boost|p1b: Bridget|def|1\n|\n|-heal|p1a: \u2694\ufe0fKing\u2694\ufe0f|76\/100|[from] Grassy Terrain\n|-heal|p1b: Bridget|78\/100|[from] Grassy Terrain\n|-heal|p2a: Whimsicott|7\/100|[from] Grassy Terrain\n|-heal|p2b: Rillaboom|34\/100|[from] Grassy Terrain\n|-sideend|p1: actuary97|move: Tailwind\n|upkeep\n|turn|5\n|\n|t:|1725544853\n|move|p1a: \u2694\ufe0fKing\u2694\ufe0f|Protect||[still]\n|-fail|p1a: \u2694\ufe0fKing\u2694\ufe0f\n|move|p2a: Whimsicott|Tailwind|p2a: Whimsicott\n|-sidestart|p2: BirdKeeperNeek|move: Tailwind\n|move|p2b: Rillaboom|Wood Hammer|p1a: \u2694\ufe0fKing\u2694\ufe0f\n|-resisted|p1a: \u2694\ufe0fKing\u2694\ufe0f\n|-damage|p1a: \u2694\ufe0fKing\u2694\ufe0f|7\/100\n|-damage|p2b: Rillaboom|17\/100|[from] Recoil\n|move|p1b: Bridget|Snarl|p2a: Whimsicott|[spread] p2a,p2b\n|-resisted|p2a: Whimsicott\n|-damage|p2a: Whimsicott|0 fnt\n|-damage|p2b: Rillaboom|7\/100\n|-unboost|p2b: Rillaboom|spa|1\n|faint|p2a: Whimsicott\n|\n|-heal|p2b: Rillaboom|13\/100|[from] Grassy Terrain\n|-heal|p1a: \u2694\ufe0fKing\u2694\ufe0f|13\/100|[from] Grassy Terrain\n|-heal|p1b: Bridget|84\/100|[from] Grassy Terrain\n|upkeep\n|\n|t:|1725544874\n|switch|p2a: Gholdengo|Gholdengo, L50|32\/100\n|turn|6\n|c|\u2606actuary97|I shouldn't have protect\n|c|\u2606actuary97|idk what I was thinking\n|c|\u2606BirdKeeperNeek|I did double\n|c|\u2606BirdKeeperNeek|so it wasn't super obvious\n|c|\u2606actuary97|true\n|c|\u2606actuary97|I was contemplating the rilla to fake out arch though\n|\n|t:|1725544912\n|move|p1a: \u2694\ufe0fKing\u2694\ufe0f|Protect|p1a: \u2694\ufe0fKing\u2694\ufe0f\n|-singleturn|p1a: \u2694\ufe0fKing\u2694\ufe0f|Protect\n|move|p2a: Gholdengo|Shadow Ball|p1b: Bridget\n|-damage|p1b: Bridget|36\/100\n|-ability|p1b: Bridget|Stamina|boost\n|-boost|p1b: Bridget|def|1\n|move|p2b: Rillaboom|High Horsepower|p1b: Bridget\n|-supereffective|p1b: Bridget\n|-damage|p1b: Bridget|19\/100\n|-ability|p1b: Bridget|Stamina|boost\n|-boost|p1b: Bridget|def|1\n|move|p1b: Bridget|Snarl|p2a: Gholdengo|[spread] p2b\n|-miss|p1b: Bridget|p2a: Gholdengo\n|-damage|p2b: Rillaboom|4\/100\n|-unboost|p2b: Rillaboom|spa|1\n|\n|-heal|p2a: Gholdengo|38\/100|[from] Grassy Terrain\n|-heal|p2b: Rillaboom|10\/100|[from] Grassy Terrain\n|-heal|p1a: \u2694\ufe0fKing\u2694\ufe0f|19\/100|[from] Grassy Terrain\n|-heal|p1b: Bridget|25\/100|[from] Grassy Terrain\n|-end|p1a: \u2694\ufe0fKing\u2694\ufe0f|Encore\n|-fieldend|move: Grassy Terrain\n|upkeep\n|turn|7\n|c|\u2606actuary97|so that would've sealed the deal\n|c|\u2606actuary97|c'mon snarl!!!\n|c|\u2606BirdKeeperNeek|rip\n|\n|t:|1725544936\n|move|p2a: Gholdengo|Shadow Ball|p1b: Bridget\n|-damage|p1b: Bridget|0 fnt\n|faint|p1b: Bridget\n|move|p2b: Rillaboom|Wood Hammer|p1a: \u2694\ufe0fKing\u2694\ufe0f\n|-resisted|p1a: \u2694\ufe0fKing\u2694\ufe0f\n|-damage|p1a: \u2694\ufe0fKing\u2694\ufe0f|0 fnt\n|faint|p1a: \u2694\ufe0fKing\u2694\ufe0f\n|-damage|p2b: Rillaboom|6\/100|[from] Recoil\n|\n|win|BirdKeeperNeek\n|raw|actuary97's rating: 1787 &rarr; <strong>1759<\/strong><br \/>(-28 for losing)\n|raw|BirdKeeperNeek's rating: 1640 &rarr; <strong>1668<\/strong><br \/>(+28 for winning)\n|c|\u2606actuary97|gg\n|l| garonpappa\n|c|\u2606BirdKeeperNeek|gg's\n|l|\u2606actuary97\n|player|p1|\n|l| NemonaRider\n|l|\u2606BirdKeeperNeek\n|player|p2|\n|l| thejruth3\n","uploadtime":1725545110,"views":21,"formatid":"gen9vgc2024regh","rating":1668,"private":0,"password":null}