{"id":"gen9vgc2024regh-2195358908","format":"[Gen 9] VGC 2024 Reg H","players":["nerd159","Cereales_Testing"],"log":"|j|\u2606nerd159\n|j|\u2606Cereales_Testing\n|t:|1725569402\n|gametype|doubles\n|player|p1|nerd159|101|1705\n|player|p2|Cereales_Testing|170|1651\n|teamsize|p1|6\n|teamsize|p2|6\n|gen|9\n|tier|[Gen 9] VGC 2024 Reg H\n|rated|\n|rule|Species Clause: Limit one of each Pok\u00e9mon\n|rule|Item Clause: Limit 1 of each item\n|clearpoke\n|poke|p1|Ursaluna-Bloodmoon, L50, M|\n|poke|p1|Gholdengo, L50|\n|poke|p1|Sinistcha, L50|\n|poke|p1|Dragonite, L50, M|\n|poke|p1|Incineroar, L50, M|\n|poke|p1|Primarina, L50, M|\n|poke|p2|Muk-Alola, L50, F|\n|poke|p2|Mandibuzz, L50, F|\n|poke|p2|Bastiodon, L50, M|\n|poke|p2|Gengar, L50, F|\n|poke|p2|Ninetales-Alola, L50, M|\n|poke|p2|Tauros-Paldea-Aqua, L50, M|\n|teampreview|4\n|c|\u2606nerd159|your team is epic\n|c|\u2606nerd159|glhf\n|c|\u2606Cereales_Testing|=\n|\n|t:|1725569435\n|start\n|switch|p1a: Incineroar|Incineroar, L50, M|100\/100\n|switch|p1b: Gholdengo|Gholdengo, L50|100\/100\n|switch|p2a: Smile|Gengar, L50, F|100\/100\n|switch|p2b: Torapia|Tauros-Paldea-Aqua, L50, M|100\/100\n|-ability|p2b: Torapia|Intimidate|boost\n|-unboost|p1a: Incineroar|atk|1\n|-unboost|p1b: Gholdengo|atk|1\n|-ability|p1a: Incineroar|Intimidate|boost\n|-unboost|p2a: Smile|atk|1\n|-unboost|p2b: Torapia|atk|1\n|turn|1\n|\n|t:|1725569448\n|-terastallize|p1b: Gholdengo|Normal\n|move|p2a: Smile|Protect|p2a: Smile\n|-singleturn|p2a: Smile|Protect\n|move|p2b: Torapia|Protect|p2b: Torapia\n|-singleturn|p2b: Torapia|Protect\n|move|p1a: Incineroar|Fake Out|p2b: Torapia\n|-activate|p2b: Torapia|move: Protect\n|move|p1b: Gholdengo|Nasty Plot|p1b: Gholdengo\n|-boost|p1b: Gholdengo|spa|2\n|\n|upkeep\n|turn|2\n|\n|t:|1725569467\n|switch|p2a: E=MC^2|Muk-Alola, L50, F, shiny|100\/100\n|move|p2b: Torapia|Close Combat|p1b: Gholdengo\n|-supereffective|p1b: Gholdengo\n|-damage|p1b: Gholdengo|31\/100\n|-unboost|p2b: Torapia|def|1\n|-unboost|p2b: Torapia|spd|1\n|-damage|p2b: Torapia|90\/100|[from] item: Life Orb\n|move|p1b: Gholdengo|Recover|p1b: Gholdengo\n|-heal|p1b: Gholdengo|81\/100\n|move|p1a: Incineroar|Will-O-Wisp|p2b: Torapia\n|-status|p2b: Torapia|brn\n|\n|-damage|p2b: Torapia|84\/100 brn|[from] brn\n|upkeep\n|turn|3\n|\n|t:|1725569489\n|switch|p1a: Sinistcha|Sinistcha, L50|100\/100\n|-heal|p1b: Gholdengo|100\/100|[from] ability: Hospitality|[of] p1a: Sinistcha\n|move|p2b: Torapia|Close Combat|p1b: Gholdengo\n|-supereffective|p1b: Gholdengo\n|-damage|p1b: Gholdengo|62\/100\n|-unboost|p2b: Torapia|def|1\n|-unboost|p2b: Torapia|spd|1\n|-damage|p2b: Torapia|74\/100 brn|[from] item: Life Orb\n|move|p1b: Gholdengo|Recover|p1b: Gholdengo\n|-heal|p1b: Gholdengo|100\/100\n|move|p2a: E=MC^2|Knock Off|p1b: Gholdengo\n|-damage|p1b: Gholdengo|71\/100\n|-enditem|p1b: Gholdengo|Covert Cloak|[from] move: Knock Off|[of] p2a: E=MC^2\n|\n|-damage|p2b: Torapia|68\/100 brn|[from] brn\n|upkeep\n|turn|4\n|\n|t:|1725569516\n|switch|p1a: Incineroar|Incineroar, L50, M|100\/100\n|-ability|p1a: Incineroar|Intimidate|boost\n|-unboost|p2a: E=MC^2|atk|1\n|-unboost|p2b: Torapia|atk|1\n|move|p2b: Torapia|Close Combat|p1b: Gholdengo\n|-supereffective|p1b: Gholdengo\n|-damage|p1b: Gholdengo|44\/100\n|-unboost|p2b: Torapia|def|1\n|-unboost|p2b: Torapia|spd|1\n|-damage|p2b: Torapia|58\/100 brn|[from] item: Life Orb\n|move|p1b: Gholdengo|Make It Rain|p2a: E=MC^2|[spread] p2a,p2b\n|-resisted|p2b: Torapia\n|-damage|p2a: E=MC^2|60\/100\n|-damage|p2b: Torapia|0 fnt\n|-unboost|p1b: Gholdengo|spa|1\n|faint|p2b: Torapia\n|move|p2a: E=MC^2|Poison Jab|p1b: Gholdengo\n|-damage|p1b: Gholdengo|27\/100\n|\n|upkeep\n|\n|t:|1725569536\n|switch|p2b: Smile|Gengar, L50, F|100\/100\n|turn|5\n|\n|t:|1725569541\n|move|p2b: Smile|Sludge Wave|p1b: Gholdengo|[spread] p2a,p1a,p1b\n|-resisted|p2a: E=MC^2\n|-damage|p2a: E=MC^2|52\/100\n|-damage|p1a: Incineroar|72\/100\n|-damage|p1b: Gholdengo|0 fnt\n|faint|p1b: Gholdengo\n|move|p1a: Incineroar|Knock Off|p2b: Smile\n|-supereffective|p2b: Smile\n|-enditem|p2b: Smile|Focus Sash\n|-damage|p2b: Smile|1\/100\n|move|p2a: E=MC^2|Drain Punch|p1a: Incineroar\n|-supereffective|p1a: Incineroar\n|-damage|p1a: Incineroar|46\/100\n|-heal|p2a: E=MC^2|64\/100|[from] drain|[of] p1a: Incineroar\n|-enditem|p1a: Incineroar|Sitrus Berry|[eat]\n|-heal|p1a: Incineroar|71\/100|[from] item: Sitrus Berry\n|\n|upkeep\n|\n|t:|1725569549\n|switch|p1b: Sinistcha|Sinistcha, L50|100\/100\n|-heal|p1a: Incineroar|96\/100|[from] ability: Hospitality|[of] p1b: Sinistcha\n|turn|6\n|\n|t:|1725569559\n|switch|p1b: Ursaluna|Ursaluna-Bloodmoon, L50, M|100\/100\n|move|p2b: Smile|Destiny Bond|p2b: Smile\n|-singlemove|p2b: Smile|Destiny Bond\n|move|p1a: Incineroar|Knock Off|p2b: Smile\n|-supereffective|p2b: Smile\n|-damage|p2b: Smile|0 fnt\n|faint|p2b: Smile\n|-activate|p2b: Smile|move: Destiny Bond\n|faint|p1a: Incineroar\n|move|p2a: E=MC^2|Knock Off|p1b: Ursaluna\n|-crit|p1b: Ursaluna\n|-damage|p1b: Ursaluna|56\/100\n|-status|p1b: Ursaluna|psn|[from] ability: Poison Touch|[of] p2a: E=MC^2\n|-enditem|p1b: Ursaluna|Leftovers|[from] move: Knock Off|[of] p2a: E=MC^2\n|\n|-damage|p1b: Ursaluna|44\/100 psn|[from] psn\n|upkeep\n|c|\u2606nerd159|oh\n|\n|t:|1725569573\n|switch|p2b: Foxy Shards|Ninetales-Alola, L50, M|100\/100\n|switch|p1a: Sinistcha|Sinistcha, L50|100\/100\n|-weather|Snow|[from] ability: Snow Warning|[of] p2b: Foxy Shards\n|-heal|p1b: Ursaluna|69\/100 psn|[from] ability: Hospitality|[of] p1a: Sinistcha\n|turn|7\n|\n|t:|1725569593\n|move|p2b: Foxy Shards|Blizzard|p1b: Ursaluna|[spread] p1a,p1b\n|-supereffective|p1a: Sinistcha\n|-supereffective|p1b: Ursaluna\n|-damage|p1a: Sinistcha|25\/100\n|-damage|p1b: Ursaluna|17\/100 psn\n|move|p1b: Ursaluna|Calm Mind|p1b: Ursaluna\n|-boost|p1b: Ursaluna|spa|1\n|-boost|p1b: Ursaluna|spd|1\n|move|p2a: E=MC^2|Knock Off|p1b: Ursaluna\n|-damage|p1b: Ursaluna|2\/100 psn\n|move|p1a: Sinistcha|Trick Room|p1a: Sinistcha\n|-fieldstart|move: Trick Room|[of] p1a: Sinistcha\n|\n|-weather|Snow|[upkeep]\n|-damage|p1b: Ursaluna|0 fnt|[from] psn\n|faint|p1b: Ursaluna\n|upkeep\n|turn|8\n|-message|nerd159 forfeited.\n|\n|win|Cereales_Testing\n|raw|nerd159's rating: 1705 &rarr; <strong>1682<\/strong><br \/>(-23 for losing)\n|raw|Cereales_Testing's rating: 1651 &rarr; <strong>1674<\/strong><br \/>(+23 for winning)\n|l|\u2606nerd159\n|player|p1|\n|l|\u2606Cereales_Testing\n|player|p2|\n","uploadtime":1725569875,"views":18,"formatid":"gen9vgc2024regh","rating":1674,"private":0,"password":null}