{"id":"gen9vgc2024regh-2195587180","format":"[Gen 9] VGC 2024 Reg H","players":["Jigglyjoe13","chuanOVO"],"log":"|j|\u2606Jigglyjoe13\n|j|\u2606chuanOVO\n|t:|1725597221\n|gametype|doubles\n|player|p1|Jigglyjoe13|101|1639\n|player|p2|chuanOVO|n|1728\n|teamsize|p1|6\n|teamsize|p2|6\n|gen|9\n|tier|[Gen 9] VGC 2024 Reg H\n|rated|\n|rule|Species Clause: Limit one of each Pok\u00e9mon\n|rule|Item Clause: Limit 1 of each item\n|clearpoke\n|poke|p1|Meowscarada, L50, F|\n|poke|p1|Baxcalibur, L50, F|\n|poke|p1|Empoleon, L50, M|\n|poke|p1|Vikavolt, L50, M|\n|poke|p1|Gallade, L50, M|\n|poke|p1|Farigiraf, L50, F|\n|poke|p2|Sneasler, L50, M|\n|poke|p2|Gholdengo, L50|\n|poke|p2|Glimmora, L50, M|\n|poke|p2|Dragonite, L50, M|\n|poke|p2|Dondozo, L50, M|\n|poke|p2|Tatsugiri, L50, M|\n|teampreview|4\n|inactive|Battle timer is ON: inactive players will automatically lose when time's up. (requested by Jigglyjoe13)\n|\n|t:|1725597284\n|start\n|switch|p1a: Meowscarada|Meowscarada, L50, F|100\/100\n|switch|p1b: Empoleon|Empoleon, L50, M|100\/100\n|switch|p2a: Glimmora|Glimmora, L50, M, shiny|100\/100\n|switch|p2b: Sneasler|Sneasler, L50, M, shiny|100\/100\n|turn|1\n|inactive|chuanOVO has 30 seconds left.\n|\n|t:|1725597313\n|-terastallize|p2a: Glimmora|Grass\n|move|p1a: Meowscarada|Protect|p1a: Meowscarada\n|-singleturn|p1a: Meowscarada|Protect\n|move|p1b: Empoleon|Protect|p1b: Empoleon\n|-singleturn|p1b: Empoleon|Protect\n|move|p2b: Sneasler|Fake Out|p1a: Meowscarada\n|-activate|p1a: Meowscarada|move: Protect\n|move|p2a: Glimmora|Meteor Beam||[still]\n|-prepare|p2a: Glimmora|Meteor Beam\n|-boost|p2a: Glimmora|spa|1\n|-enditem|p2a: Glimmora|Power Herb\n|-anim|p2a: Glimmora|Meteor Beam|p1a: Meowscarada\n|-activate|p1a: Meowscarada|move: Protect\n|\n|upkeep\n|turn|2\n|inactive|chuanOVO has 30 seconds left.\n|\n|t:|1725597339\n|move|p1a: Meowscarada|Grass Pledge|p2b: Sneasler\n|-waiting|p1a: Meowscarada|p1b: Empoleon\n|move|p1b: Empoleon|Water Pledge|p2b: Sneasler|[from]move: Grass Pledge\n|-combine\n|-resisted|p2b: Sneasler\n|-damage|p2b: Sneasler|30\/100\n|-sidestart|p2: chuanOVO|Grass Pledge\n|-damage|p1b: Empoleon|91\/100|[from] item: Life Orb\n|move|p2b: Sneasler|Dire Claw|p1a: Meowscarada\n|-supereffective|p1a: Meowscarada\n|-enditem|p1a: Meowscarada|Focus Sash\n|-damage|p1a: Meowscarada|1\/100\n|move|p2a: Glimmora|Earth Power|p1b: Empoleon\n|-supereffective|p1b: Empoleon\n|-damage|p1b: Empoleon|0 fnt\n|faint|p1b: Empoleon\n|\n|upkeep\n|\n|t:|1725597358\n|switch|p1b: Baxcalibur|Baxcalibur, L50, F|100\/100\n|turn|3\n|\n|t:|1725597367\n|move|p2a: Glimmora|Spiky Shield|p2a: Glimmora\n|-singleturn|p2a: Glimmora|move: Protect\n|move|p2b: Sneasler|Feint|p1a: Meowscarada\n|-damage|p1a: Meowscarada|0 fnt\n|faint|p1a: Meowscarada\n|move|p1b: Baxcalibur|Icicle Spear|p2a: Glimmora\n|-activate|p2a: Glimmora|move: Protect\n|\n|upkeep\n|\n|t:|1725597373\n|switch|p1a: Vikavolt|Vikavolt, L50, M|100\/100\n|turn|4\n|\n|t:|1725597387\n|switch|p2b: Dragonite|Dragonite, L50, M, shiny|100\/100\n|switch|p2a: Gholdengo|Gholdengo, L50, shiny|100\/100\n|move|p1b: Baxcalibur|Icicle Spear|p2a: Gholdengo\n|-resisted|p2a: Gholdengo\n|-damage|p2a: Gholdengo|93\/100\n|-resisted|p2a: Gholdengo\n|-crit|p2a: Gholdengo\n|-damage|p2a: Gholdengo|81\/100\n|-resisted|p2a: Gholdengo\n|-damage|p2a: Gholdengo|72\/100\n|-resisted|p2a: Gholdengo\n|-damage|p2a: Gholdengo|65\/100\n|-hitcount|p2a: Gholdengo|4\n|move|p1a: Vikavolt|Thunderbolt|p2b: Dragonite\n|-damage|p2b: Dragonite|44\/100\n|\n|upkeep\n|turn|5\n|l|\u2606chuanOVO\n|inactive|chuanOVO disconnected and has a minute to reconnect!\n|player|p2|\n|inactive|chuanOVO has 30 seconds left.\n|inactive|chuanOVO has 20 seconds left.\n|inactive|chuanOVO has 15 seconds left.\n|inactive|chuanOVO has 10 seconds left.\n|inactive|chuanOVO has 5 seconds left.\n|-message|chuanOVO lost due to inactivity.\n|\n|win|Jigglyjoe13\n|raw|Jigglyjoe13's rating: 1639 &rarr; <strong>1664<\/strong><br \/>(+25 for winning)\n|raw|chuanOVO's rating: 1728 &rarr; <strong>1703<\/strong><br \/>(-25 for losing)\n|l|\u2606Jigglyjoe13\n|player|p1|\n","uploadtime":1725597587,"views":16,"formatid":"gen9vgc2024regh","rating":1664,"private":0,"password":null}