{"id":"gen9vgc2024regh-2196605476","format":"[Gen 9] VGC 2024 Reg H","players":["actuary97","ansego"],"log":"|j|\u2606actuary97\n|j|\u2606ansego\n|t:|1725730543\n|gametype|doubles\n|player|p1|actuary97|sabrina-frlg|1746\n|player|p2|ansego|170|1721\n|teamsize|p1|6\n|teamsize|p2|6\n|gen|9\n|tier|[Gen 9] VGC 2024 Reg H\n|rated|\n|rule|Species Clause: Limit one of each Pok\u00e9mon\n|rule|Item Clause: Limit 1 of each item\n|clearpoke\n|poke|p1|Whimsicott, L50, F|\n|poke|p1|Armarouge, L50, M|\n|poke|p1|Gallade, L50, M|\n|poke|p1|Malamar, L50, F|\n|poke|p1|Indeedee, L50, M|\n|poke|p1|Archaludon, L50, F|\n|poke|p2|Indeedee, L50, M|\n|poke|p2|Sneasler, L50, M|\n|poke|p2|Milotic, L50, F|\n|poke|p2|Whimsicott, L50, F|\n|poke|p2|Incineroar, L50, F|\n|poke|p2|Archaludon, L50, M|\n|teampreview|4\nactuary97 has agreed to open team sheets.\n|c|\u2606actuary97|cool team similar ideas\n|\n|t:|1725730613\n|start\n|switch|p1a: Mischief Mother|Whimsicott, L50, F, shiny|100\/100\n|switch|p1b: Bridget|Archaludon, L50, F, shiny|100\/100\n|switch|p2a: Sneasler|Sneasler, L50, M, shiny|100\/100\n|switch|p2b: Milotic|Milotic, L50, F|100\/100\n|turn|1\n|\n|t:|1725730640\n|-terastallize|p1b: Bridget|Flying\n|move|p1a: Mischief Mother|Beat Up|p1b: Bridget\n|-damage|p1b: Bridget|99\/100\n|-ability|p1b: Bridget|Stamina|boost\n|-boost|p1b: Bridget|def|1\n|-damage|p1b: Bridget|97\/100\n|-ability|p1b: Bridget|Stamina|boost\n|-boost|p1b: Bridget|def|1\n|-damage|p1b: Bridget|96\/100\n|-ability|p1b: Bridget|Stamina|boost\n|-boost|p1b: Bridget|def|1\n|-damage|p1b: Bridget|95\/100\n|-ability|p1b: Bridget|Stamina|boost\n|-boost|p1b: Bridget|def|1\n|-hitcount|p1b: Bridget|4\n|move|p2a: Sneasler|Close Combat|p1b: Bridget\n|-resisted|p1b: Bridget\n|-damage|p1b: Bridget|87\/100\n|-unboost|p2a: Sneasler|def|1\n|-unboost|p2a: Sneasler|spd|1\n|-ability|p1b: Bridget|Stamina|boost\n|-boost|p1b: Bridget|def|1\n|move|p1b: Bridget|Body Press|p2b: Milotic\n|-damage|p2b: Milotic|21\/100\n|move|p2b: Milotic|Muddy Water|p1b: Bridget|[spread] p1a,p1b\n|-resisted|p1a: Mischief Mother\n|-damage|p1a: Mischief Mother|76\/100\n|-damage|p1b: Bridget|68\/100\n|-unboost|p1b: Bridget|accuracy|1\n|-ability|p1b: Bridget|Stamina|boost\n|-boost|p1b: Bridget|def|1\n|\n|-heal|p2b: Milotic|27\/100|[from] item: Leftovers\n|upkeep\n|turn|2\n|\n|t:|1725730657\n|move|p1a: Mischief Mother|Tailwind|p1a: Mischief Mother\n|-sidestart|p1: actuary97|move: Tailwind\n|move|p1b: Bridget|Body Press|p2a: Sneasler\n|-resisted|p2a: Sneasler\n|-damage|p2a: Sneasler|0 fnt\n|faint|p2a: Sneasler\n|move|p2b: Milotic|Haze|p2b: Milotic\n|-clearallboost\n|\n|-heal|p2b: Milotic|34\/100|[from] item: Leftovers\n|upkeep\n|\n|t:|1725730663\n|switch|p2a: Indeedee|Indeedee, L50, M|100\/100\n|-fieldstart|move: Psychic Terrain|[from] ability: Psychic Surge|[of] p2a: Indeedee\n|turn|3\n|\n|t:|1725730678\n|move|p1a: Mischief Mother|Beat Up|p1b: Bridget\n|-crit|p1b: Bridget\n|-damage|p1b: Bridget|65\/100\n|-ability|p1b: Bridget|Stamina|boost\n|-boost|p1b: Bridget|def|1\n|-crit|p1b: Bridget\n|-damage|p1b: Bridget|62\/100\n|-ability|p1b: Bridget|Stamina|boost\n|-boost|p1b: Bridget|def|1\n|-damage|p1b: Bridget|61\/100\n|-ability|p1b: Bridget|Stamina|boost\n|-boost|p1b: Bridget|def|1\n|-damage|p1b: Bridget|60\/100\n|-ability|p1b: Bridget|Stamina|boost\n|-boost|p1b: Bridget|def|1\n|-hitcount|p1b: Bridget|4\n|move|p1b: Bridget|Body Press|p2a: Indeedee\n|-enditem|p2a: Indeedee|Focus Sash\n|-damage|p2a: Indeedee|1\/100\n|move|p2a: Indeedee|Expanding Force|p1a: Mischief Mother|[spread] p1a,p1b\n|-damage|p1a: Mischief Mother|0 fnt\n|-damage|p1b: Bridget|25\/100\n|-ability|p1b: Bridget|Stamina|boost\n|-boost|p1b: Bridget|def|1\n|faint|p1a: Mischief Mother\n|move|p2b: Milotic|Ice Beam|p1b: Bridget\n|-supereffective|p1b: Bridget\n|-damage|p1b: Bridget|0 fnt\n|faint|p1b: Bridget\n|\n|-heal|p2b: Milotic|40\/100|[from] item: Leftovers\n|upkeep\n|\n|t:|1725730680\n|switch|p1a: Malamother|Malamar, L50, F, shiny|100\/100\n|switch|p1b: \u2694\ufe0fKing\u2694\ufe0f|Gallade, L50, M, shiny|100\/100\n|turn|4\n|\n|t:|1725730700\n|switch|p2a: Incineroar|Incineroar, L50, F|100\/100\n|-ability|p2a: Incineroar|Intimidate|boost\n|-boost|p1a: Malamother|atk|1\n|-unboost|p1b: \u2694\ufe0fKing\u2694\ufe0f|atk|1\n|move|p1b: \u2694\ufe0fKing\u2694\ufe0f|Sacred Sword|p2b: Milotic\n|-damage|p2b: Milotic|0 fnt\n|faint|p2b: Milotic\n|move|p1a: Malamother|Superpower|p2a: Incineroar\n|-supereffective|p2a: Incineroar\n|-crit|p2a: Incineroar\n|-damage|p2a: Incineroar|0 fnt\n|-boost|p1a: Malamother|atk|1\n|-boost|p1a: Malamother|def|1\n|faint|p2a: Incineroar\n|\n|upkeep\n|\n|t:|1725730703\n|switch|p2b: Indeedee|Indeedee, L50, M|1\/100\n|turn|5\n|\n|t:|1725730708\n|move|p2b: Indeedee|Protect|p2b: Indeedee\n|-singleturn|p2b: Indeedee|Protect\n|move|p1b: \u2694\ufe0fKing\u2694\ufe0f|Psycho Cut|p2b: Indeedee\n|-activate|p2b: Indeedee|move: Protect\n|move|p1a: Malamother|Trick Room|p1a: Malamother\n|-fieldstart|move: Trick Room|[of] p1a: Malamother\n|\n|-sideend|p1: actuary97|move: Tailwind\n|upkeep\n|turn|6\n|\n|t:|1725730712\n|-terastallize|p2b: Indeedee|Fairy\n|move|p1a: Malamother|Superpower|p2b: Indeedee\n|-resisted|p2b: Indeedee\n|-damage|p2b: Indeedee|0 fnt\n|-boost|p1a: Malamother|atk|1\n|-boost|p1a: Malamother|def|1\n|faint|p2b: Indeedee\n|\n|win|actuary97\n|raw|actuary97's rating: 1746 &rarr; <strong>1765<\/strong><br \/>(+19 for winning)\n|raw|ansego's rating: 1721 &rarr; <strong>1702<\/strong><br \/>(-19 for losing)\n|l|\u2606ansego\n|player|p2|\n|l|\u2606actuary97\n|player|p1|\n|j|\u2606actuary97\n|player|p1|actuary97|sabrina-frlg|\n|l|\u2606actuary97\n|player|p1|\n","uploadtime":1725730721,"views":32,"formatid":"gen9vgc2024regh","rating":1702,"private":0,"password":null}