{"id":"gen9vgc2024regh-2196946151","format":"[Gen 9] VGC 2024 Reg H","players":["falcon108","lelouchswag"],"log":"|j|\u2606falcon108\n|j|\u2606lelouchswag\n|t:|1725770552\n|gametype|doubles\n|player|p1|falcon108|palmer|1667\n|player|p2|lelouchswag|1|1740\n|teamsize|p1|6\n|teamsize|p2|6\n|gen|9\n|tier|[Gen 9] VGC 2024 Reg H\n|rated|\n|rule|Species Clause: Limit one of each Pok\u00e9mon\n|rule|Item Clause: Limit 1 of each item\n|clearpoke\n|poke|p1|Volcarona, L50, F|\n|poke|p1|Ursaluna-Bloodmoon, L50, M|\n|poke|p1|Tyranitar, L50, F|\n|poke|p1|Grimmsnarl, L50, M|\n|poke|p1|Gholdengo, L50|\n|poke|p1|Amoonguss, L50, F|\n|poke|p2|Meowscarada, L50, M|\n|poke|p2|Primarina, L50, F|\n|poke|p2|Sylveon, L50, F|\n|poke|p2|Indeedee, L50, M|\n|poke|p2|Gliscor, L50, F|\n|poke|p2|Decidueye-Hisui, L50, F|\n|teampreview|4\n|inactive|Battle timer is ON: inactive players will automatically lose when time's up. (requested by falcon108)\n|j| asdfghjkllkjhgfds\n|inactive|falcon108 has 60 seconds left.\n|\n|t:|1725770595\n|start\n|switch|p1a: Grimmsnarl|Grimmsnarl, L50, M|100\/100\n|switch|p1b: Tyranitar|Tyranitar, L50, F|100\/100\n|switch|p2a: Gliscor|Gliscor, L50, F|100\/100\n|switch|p2b: Sylveon|Sylveon, L50, F|100\/100\n|-weather|Sandstorm|[from] ability: Sand Stream|[of] p1b: Tyranitar\n|turn|1\n|\n|t:|1725770601\n|move|p1a: Grimmsnarl|Light Screen|p1a: Grimmsnarl\n|-sidestart|p1: falcon108|move: Light Screen\n|move|p2a: Gliscor|Tailwind|p2a: Gliscor\n|-sidestart|p2: lelouchswag|move: Tailwind\n|move|p2b: Sylveon|Hyper Voice|p1b: Tyranitar|[spread] p1a,p1b\n|-supereffective|p1a: Grimmsnarl\n|-supereffective|p1b: Tyranitar\n|-damage|p1a: Grimmsnarl|17\/100\n|-damage|p1b: Tyranitar|67\/100\n|move|p1b: Tyranitar|Rock Slide|p2b: Sylveon|[spread] p2a,p2b\n|-damage|p2a: Gliscor|70\/100\n|-damage|p2b: Sylveon|52\/100\n|\n|-weather|Sandstorm|[upkeep]\n|-damage|p2b: Sylveon|47\/100|[from] Sandstorm\n|-damage|p1a: Grimmsnarl|11\/100|[from] Sandstorm\n|upkeep\n|turn|2\n|\n|t:|1725770619\n|move|p1a: Grimmsnarl|Reflect|p1a: Grimmsnarl\n|-sidestart|p1: falcon108|Reflect\n|move|p2a: Gliscor|High Horsepower|p1b: Tyranitar|[miss]\n|-miss|p2a: Gliscor|p1b: Tyranitar\n|move|p2b: Sylveon|Hyper Voice|p1a: Grimmsnarl|[spread] p1a,p1b\n|-supereffective|p1a: Grimmsnarl\n|-supereffective|p1b: Tyranitar\n|-damage|p1a: Grimmsnarl|0 fnt\n|-damage|p1b: Tyranitar|34\/100\n|faint|p1a: Grimmsnarl\n|move|p1b: Tyranitar|Rock Slide|p2b: Sylveon|[spread] p2a,p2b\n|-damage|p2a: Gliscor|41\/100\n|-damage|p2b: Sylveon|2\/100\n|\n|-weather|Sandstorm|[upkeep]\n|-damage|p2b: Sylveon|0 fnt|[from] Sandstorm\n|faint|p2b: Sylveon\n|upkeep\n|\n|t:|1725770628\n|switch|p2b: Indeedee|Indeedee, L50, M|100\/100\n|switch|p1a: Volcarona|Volcarona, L50, F|100\/100\n|-fieldstart|move: Psychic Terrain|[from] ability: Psychic Surge|[of] p2b: Indeedee\n|turn|3\n|inactive|falcon108 has 30 seconds left.\n|\n|t:|1725770654\n|-terastallize|p2a: Gliscor|Fire\n|-terastallize|p1a: Volcarona|Grass\n|move|p2b: Indeedee|Expanding Force|p1a: Volcarona|[spread] p1a\n|-immune|p1b: Tyranitar\n|-damage|p1a: Volcarona|54\/100\n|move|p2a: Gliscor|High Horsepower|p1b: Tyranitar\n|-supereffective|p1b: Tyranitar\n|-damage|p1b: Tyranitar|0 fnt\n|faint|p1b: Tyranitar\n|-damage|p2a: Gliscor|32\/100|[from] item: Life Orb\n|move|p1a: Volcarona|Giga Drain|p2a: Gliscor\n|-resisted|p2a: Gliscor\n|-damage|p2a: Gliscor|4\/100\n|-heal|p1a: Volcarona|67\/100|[from] drain|[of] p2a: Gliscor\n|\n|-weather|Sandstorm|[upkeep]\n|-damage|p2b: Indeedee|95\/100|[from] Sandstorm\n|-damage|p2a: Gliscor|0 fnt|[from] Sandstorm\n|-damage|p1a: Volcarona|60\/100|[from] Sandstorm\n|faint|p2a: Gliscor\n|upkeep\n|j| judang\n|\n|t:|1725770663\n|switch|p2a: Decidueye|Decidueye-Hisui, L50, F|100\/100\n|switch|p1b: Gholdengo|Gholdengo, L50, shiny|100\/100\n|turn|4\n|\n|t:|1725770670\n|move|p1a: Volcarona|Protect|p1a: Volcarona\n|-singleturn|p1a: Volcarona|Protect\n|move|p1b: Gholdengo|Protect|p1b: Gholdengo\n|-singleturn|p1b: Gholdengo|Protect\n|move|p2b: Indeedee|Expanding Force|p1a: Volcarona|[spread] \n|-activate|p1a: Volcarona|move: Protect\n|-activate|p1b: Gholdengo|move: Protect\n|move|p2a: Decidueye|Triple Arrows|p1b: Gholdengo\n|-activate|p1b: Gholdengo|move: Protect\n|\n|-weather|Sandstorm|[upkeep]\n|-damage|p2b: Indeedee|89\/100|[from] Sandstorm\n|-damage|p2a: Decidueye|94\/100|[from] Sandstorm\n|-damage|p1a: Volcarona|54\/100|[from] Sandstorm\n|-sideend|p2: lelouchswag|move: Tailwind\n|upkeep\n|turn|5\n|\n|t:|1725770683\n|move|p2b: Indeedee|Expanding Force|p1a: Volcarona|[spread] p1a,p1b\n|-resisted|p1b: Gholdengo\n|-damage|p1a: Volcarona|11\/100\n|-damage|p1b: Gholdengo|79\/100\n|move|p1a: Volcarona|Heat Wave|p2a: Decidueye|[spread] p2a,p2b\n|-supereffective|p2a: Decidueye\n|-damage|p2a: Decidueye|16\/100\n|-damage|p2b: Indeedee|36\/100\n|move|p1b: Gholdengo|Make It Rain|p2b: Indeedee|[spread] p2a,p2b\n|-damage|p2a: Decidueye|0 fnt\n|-damage|p2b: Indeedee|0 fnt\n|-unboost|p1b: Gholdengo|spa|1\n|faint|p2a: Decidueye\n|faint|p2b: Indeedee\n|\n|win|falcon108\n|raw|falcon108's rating: 1667 &rarr; <strong>1691<\/strong><br \/>(+24 for winning)\n|raw|lelouchswag's rating: 1740 &rarr; <strong>1716<\/strong><br \/>(-24 for losing)\n|l|\u2606lelouchswag\n|player|p2|\n|c| asdfghjkllkjhgfds|lucky\n|l| asdfghjkllkjhgfds\n|l|\u2606falcon108\n|player|p1|\n","uploadtime":1725770896,"views":16,"formatid":"gen9vgc2024regh","rating":1691,"private":0,"password":null}