{"id":"gen9vgc2024regh-2196706038","format":"[Gen 9] VGC 2024 Reg H","players":["yung elmers glue","RomanTogepi"],"log":"|j|\u2606yung elmers glue\n|j|\u2606RomanTogepi\n|t:|1725741161\n|gametype|doubles\n|player|p1|yung elmers glue|juan|1708\n|player|p2|RomanTogepi|102|1683\n|teamsize|p1|6\n|teamsize|p2|6\n|gen|9\n|tier|[Gen 9] VGC 2024 Reg H\n|rated|\n|rule|Species Clause: Limit one of each Pok\u00e9mon\n|rule|Item Clause: Limit 1 of each item\n|clearpoke\n|poke|p1|Dondozo, L50, M|\n|poke|p1|Tatsugiri, L50, F|\n|poke|p1|Archaludon, L50, F|\n|poke|p1|Talonflame, L50, F|\n|poke|p1|Dragonite, L50, F|\n|poke|p1|Glimmora, L50, M|\n|poke|p2|Goodra-Hisui, L50, M|\n|poke|p2|Incineroar, L50, M|\n|poke|p2|Rillaboom, L50, M|\n|poke|p2|Pelipper, L50, F|\n|poke|p2|Gholdengo, L50|\n|poke|p2|Grimmsnarl, L50, M|\n|teampreview|4\n|\n|t:|1725741189\n|start\n|switch|p1a: Glimmora|Glimmora, L50, M|100\/100\n|switch|p1b: Archaludon|Archaludon, L50, F|100\/100\n|switch|p2a: Rillaboom|Rillaboom, L50, M|100\/100\n|switch|p2b: Grimmsnarl|Grimmsnarl, L50, M, shiny|100\/100\n|-fieldstart|move: Grassy Terrain|[from] ability: Grassy Surge|[of] p2a: Rillaboom\n|turn|1\n|inactive|Battle timer is ON: inactive players will automatically lose when time's up. (requested by RomanTogepi)\n|\n|t:|1725741214\n|move|p2b: Grimmsnarl|Thunder Wave|p1a: Glimmora\n|-status|p1a: Glimmora|par\n|move|p1b: Archaludon|Electro Shot||[still]\n|-prepare|p1b: Archaludon|Electro Shot\n|-boost|p1b: Archaludon|spa|1\n|-enditem|p1b: Archaludon|Power Herb\n|-anim|p1b: Archaludon|Electro Shot|p2b: Grimmsnarl\n|-damage|p2b: Grimmsnarl|35\/100\n|move|p2a: Rillaboom|Wood Hammer|p1a: Glimmora\n|-enditem|p1a: Glimmora|Focus Sash\n|-damage|p1a: Glimmora|1\/100 par\n|-activate|p1a: Glimmora|ability: Toxic Debris\n|-sidestart|p2: RomanTogepi|move: Toxic Spikes\n|-damage|p2a: Rillaboom|73\/100|[from] Recoil\n|cant|p1a: Glimmora|par\n|\n|-heal|p2a: Rillaboom|80\/100|[from] Grassy Terrain\n|-heal|p2b: Grimmsnarl|41\/100|[from] Grassy Terrain\n|-heal|p1a: Glimmora|7\/100 par|[from] Grassy Terrain\n|upkeep\n|turn|2\n|\n|t:|1725741238\n|move|p2a: Rillaboom|Grassy Glide|p1a: Glimmora\n|-damage|p1a: Glimmora|0 fnt\n|-activate|p1a: Glimmora|ability: Toxic Debris\n|-sidestart|p2: RomanTogepi|move: Toxic Spikes\n|faint|p1a: Glimmora\n|move|p2b: Grimmsnarl|Light Screen|p2b: Grimmsnarl\n|-sidestart|p2: RomanTogepi|move: Light Screen\n|move|p1b: Archaludon|Flash Cannon|p2b: Grimmsnarl\n|-supereffective|p2b: Grimmsnarl\n|-damage|p2b: Grimmsnarl|0 fnt\n|faint|p2b: Grimmsnarl\n|\n|-heal|p2a: Rillaboom|86\/100|[from] Grassy Terrain\n|upkeep\n|\n|t:|1725741254\n|switch|p1a: Dondozo|Dondozo, L50, M|100\/100\n|switch|p2b: Goodra|Goodra-Hisui, L50, M|100\/100\n|turn|3\n|\n|t:|1725741270\n|switch|p2a: Pelipper|Pelipper, L50, F|100\/100\n|-weather|RainDance|[from] ability: Drizzle|[of] p2a: Pelipper\n|-terastallize|p2b: Goodra|Water\n|move|p1a: Dondozo|Protect|p1a: Dondozo\n|-singleturn|p1a: Dondozo|Protect\n|move|p1b: Archaludon|Draco Meteor|p2a: Pelipper\n|-enditem|p2a: Pelipper|Focus Sash\n|-damage|p2a: Pelipper|1\/100\n|-unboost|p1b: Archaludon|spa|2\n|move|p2b: Goodra|Muddy Water|p1a: Dondozo|[spread] p1b\n|-activate|p1a: Dondozo|move: Protect\n|-resisted|p1b: Archaludon\n|-damage|p1b: Archaludon|41\/100\n|\n|-weather|RainDance|[upkeep]\n|-heal|p1b: Archaludon|47\/100|[from] Grassy Terrain\n|upkeep\n|turn|4\n|\n|t:|1725741292\n|switch|p1b: Tatsugiri|Tatsugiri, L50, F|100\/100\n|-activate|p1b: Tatsugiri|ability: Commander|[of] p1a: Dondozo\n|-boost|p1a: Dondozo|atk|2\n|-boost|p1a: Dondozo|spa|2\n|-boost|p1a: Dondozo|spe|2\n|-boost|p1a: Dondozo|def|2\n|-boost|p1a: Dondozo|spd|2\n|switch|p2a: Rillaboom|Rillaboom, L50, M|86\/100\n|-status|p2a: Rillaboom|tox\n|move|p1a: Dondozo|Order Up|p2a: Rillaboom\n|-damage|p2a: Rillaboom|45\/100 tox\n|-boost|p1a: Dondozo|atk|1\n|move|p2b: Goodra|Muddy Water|p1a: Dondozo|[spread] \n|-miss|p2b: Goodra|p1b: Tatsugiri\n|-miss|p2b: Goodra|p1a: Dondozo\n|\n|-weather|RainDance|[upkeep]\n|-heal|p2a: Rillaboom|51\/100 tox|[from] Grassy Terrain\n|-damage|p2a: Rillaboom|45\/100 tox|[from] psn\n|upkeep\n|turn|5\n|inactive|yung elmers glue has 30 seconds left.\n|\n|t:|1725741319\n|move|p1a: Dondozo|Protect|p1a: Dondozo\n|-singleturn|p1a: Dondozo|Protect\n|move|p2a: Rillaboom|Fake Out|p1a: Dondozo\n|-activate|p1a: Dondozo|move: Protect\n|move|p2b: Goodra|Muddy Water|p1b: Tatsugiri|[spread] \n|-miss|p2b: Goodra|p1b: Tatsugiri\n|-activate|p1a: Dondozo|move: Protect\n|\n|-weather|RainDance|[upkeep]\n|-heal|p2a: Rillaboom|51\/100 tox|[from] Grassy Terrain\n|-damage|p2a: Rillaboom|39\/100 tox|[from] psn\n|-fieldend|move: Grassy Terrain\n|upkeep\n|turn|6\n|\n|t:|1725741323\n|move|p1a: Dondozo|Order Up|p2a: Rillaboom\n|-damage|p2a: Rillaboom|0 fnt\n|faint|p2a: Rillaboom\n|-boost|p1a: Dondozo|atk|1\n|move|p2b: Goodra|Muddy Water|p1a: Dondozo|[spread] \n|-miss|p2b: Goodra|p1b: Tatsugiri\n|-miss|p2b: Goodra|p1a: Dondozo\n|\n|-weather|RainDance|[upkeep]\n|upkeep\n|\n|t:|1725741325\n|switch|p2a: Pelipper|Pelipper, L50, F|1\/100\n|turn|7\n|\n|t:|1725741329\n|move|p2a: Pelipper|Protect|p2a: Pelipper\n|-singleturn|p2a: Pelipper|Protect\n|move|p1a: Dondozo|Order Up|p2a: Pelipper\n|-activate|p2a: Pelipper|move: Protect\n|move|p2b: Goodra|Muddy Water|p1b: Tatsugiri|[spread] p1a\n|-miss|p2b: Goodra|p1b: Tatsugiri\n|-resisted|p1a: Dondozo\n|-damage|p1a: Dondozo|84\/100\n|\n|-weather|none\n|-heal|p1a: Dondozo|90\/100|[from] item: Leftovers\n|upkeep\n|turn|8\n|\n|t:|1725741339\n|move|p1a: Dondozo|Order Up|p2a: Pelipper\n|-crit|p2a: Pelipper\n|-damage|p2a: Pelipper|0 fnt\n|faint|p2a: Pelipper\n|-boost|p1a: Dondozo|atk|1\n|move|p2b: Goodra|Muddy Water|p1b: Tatsugiri|[spread] \n|-miss|p2b: Goodra|p1b: Tatsugiri\n|-miss|p2b: Goodra|p1a: Dondozo\n|\n|-heal|p1a: Dondozo|97\/100|[from] item: Leftovers\n|upkeep\n|turn|9\n|-message|RomanTogepi forfeited.\n|\n|win|yung elmers glue\n|raw|yung elmers glue's rating: 1708 &rarr; <strong>1727<\/strong><br \/>(+19 for winning)\n|raw|RomanTogepi's rating: 1683 &rarr; <strong>1664<\/strong><br \/>(-19 for losing)\n|l|\u2606RomanTogepi\n|player|p2|\n|l|\u2606yung elmers glue\n|player|p1|\n|j| SneakyFaves\n","uploadtime":1725741624,"views":26,"formatid":"gen9vgc2024regh","rating":1664,"private":0,"password":null}