{"id":"gen9vgc2024regh-2196381838","format":"[Gen 9] VGC 2024 Reg H","players":["bieiup","Super Crist"],"log":"|j|\u2606bieiup\n|j|\u203dSuper Crist\n|t:|1725700569\n|gametype|doubles\n|player|p1|bieiup|lillie-z|1729\n|player|p2|Super Crist|sabrina|1658\n|teamsize|p1|6\n|teamsize|p2|6\n|gen|9\n|tier|[Gen 9] VGC 2024 Reg H\n|rated|\n|rule|Species Clause: Limit one of each Pok\u00e9mon\n|rule|Item Clause: Limit 1 of each item\n|clearpoke\n|poke|p1|Sableye, L50, M|\n|poke|p1|Dondozo, L50, F|\n|poke|p1|Sylveon, L50, M|\n|poke|p1|Dragonite, L50, F|\n|poke|p1|Gholdengo, L50|\n|poke|p1|Ursaluna-Bloodmoon, L50, M|\n|poke|p2|Ribombee, L50, F|\n|poke|p2|Primarina, L50, F|\n|poke|p2|Gothitelle, L50, F|\n|poke|p2|Ursaluna-Bloodmoon, L50, M|\n|poke|p2|Incineroar, L50, F|\n|poke|p2|Gholdengo, L50|\n|teampreview|4\n|inactive|Battle timer is ON: inactive players will automatically lose when time's up. (requested by Super Crist)\n|j| Digimonuniverse\n|inactive|bieiup has 60 seconds left.\n|inactive|Super Crist has 60 seconds left.\n|\n|t:|1725700618\n|start\n|switch|p1a: Sableye|Sableye, L50, M|100\/100\n|switch|p1b: Sylveon|Sylveon, L50, M|100\/100\n|switch|p2a: Ribombee|Ribombee, L50, F, shiny|100\/100\n|switch|p2b: Gholdengo|Gholdengo, L50, shiny|100\/100\n|turn|1\n|\n|t:|1725700630\n|-terastallize|p1b: Sylveon|Fire\n|move|p1a: Sableye|Fake Out|p2a: Ribombee\n|-damage|p2a: Ribombee|86\/100\n|move|p2a: Ribombee|Fake Tears|p1b: Sylveon\n|-unboost|p1b: Sylveon|spd|2\n|move|p2b: Gholdengo|Make It Rain|p1b: Sylveon|[spread] p1a,p1b\n|-resisted|p1b: Sylveon\n|-enditem|p1a: Sableye|Focus Sash\n|-damage|p1a: Sableye|1\/100\n|-damage|p1b: Sylveon|42\/100\n|-unboost|p2b: Gholdengo|spa|1\n|move|p1b: Sylveon|Tera Blast|p2b: Gholdengo|[anim] Tera Blast Fire\n|-supereffective|p2b: Gholdengo\n|-damage|p2b: Gholdengo|0 fnt\n|faint|p2b: Gholdengo\n|\n|upkeep\n|\n|t:|1725700635\n|switch|p2b: Primarina|Primarina, L50, F, shiny|100\/100\n|turn|2\n|\n|t:|1725700649\n|move|p1a: Sableye|Encore|p1b: Sylveon\n|-start|p1b: Sylveon|Encore\n|move|p1b: Sylveon|Tera Blast|p2b: Primarina|[anim] Tera Blast Fire\n|-resisted|p2b: Primarina\n|-damage|p2b: Primarina|83\/100\n|move|p2a: Ribombee|Moonblast|p1a: Sableye\n|-supereffective|p1a: Sableye\n|-damage|p1a: Sableye|0 fnt\n|faint|p1a: Sableye\n|move|p2b: Primarina|Hyper Voice|p1b: Sylveon\n|-supereffective|p1b: Sylveon\n|-damage|p1b: Sylveon|0 fnt\n|faint|p1b: Sylveon\n|-enditem|p2b: Primarina|Throat Spray\n|-boost|p2b: Primarina|spa|1|[from] item: Throat Spray\n|\n|upkeep\n|\n|t:|1725700654\n|switch|p1a: Gholdengo|Gholdengo, L50|100\/100\n|switch|p1b: Dragonite|Dragonite, L50, F|100\/100\n|turn|3\n|\n|t:|1725700673\n|move|p2a: Ribombee|Protect|p2a: Ribombee\n|-singleturn|p2a: Ribombee|Protect\n|move|p2b: Primarina|Protect|p2b: Primarina\n|-singleturn|p2b: Primarina|Protect\n|move|p1a: Gholdengo|Make It Rain|p2b: Primarina|[spread] \n|-activate|p2a: Ribombee|move: Protect\n|-activate|p2b: Primarina|move: Protect\n|move|p1b: Dragonite|Aerial Ace|p2b: Primarina\n|-activate|p2b: Primarina|move: Protect\n|\n|upkeep\n|turn|4\n|\n|t:|1725700688\n|move|p1a: Gholdengo|Make It Rain|p2a: Ribombee|[spread] p2a,p2b\n|-supereffective|p2a: Ribombee\n|-damage|p2a: Ribombee|0 fnt\n|-damage|p2b: Primarina|35\/100\n|-unboost|p1a: Gholdengo|spa|1\n|faint|p2a: Ribombee\n|move|p1b: Dragonite|Earthquake|p2b: Primarina|[spread] p1a,p2b\n|-supereffective|p1a: Gholdengo\n|-damage|p1a: Gholdengo|33\/100\n|-damage|p2b: Primarina|2\/100\n|move|p2b: Primarina|Moonblast|p1b: Dragonite\n|-supereffective|p1b: Dragonite\n|-damage|p1b: Dragonite|55\/100\n|\n|upkeep\n|\n|t:|1725700692\n|switch|p2a: Incineroar|Incineroar, L50, F, shiny|100\/100\n|-ability|p2a: Incineroar|Intimidate|boost\n|-unboost|p1a: Gholdengo|atk|1\n|-unboost|p1b: Dragonite|atk|1\n|turn|5\n|inactive|bieiup has 30 seconds left.\n|inactive|bieiup has 20 seconds left.\n|inactive|bieiup has 15 seconds left.\n|\n|t:|1725700733\n|move|p2b: Primarina|Protect|p2b: Primarina\n|-singleturn|p2b: Primarina|Protect\n|move|p2a: Incineroar|Fake Out|p1b: Dragonite\n|-damage|p1b: Dragonite|41\/100\n|cant|p1b: Dragonite|flinch\n|move|p1a: Gholdengo|Make It Rain|p2a: Incineroar|[spread] p2a\n|-activate|p2b: Primarina|move: Protect\n|-resisted|p2a: Incineroar\n|-damage|p2a: Incineroar|83\/100\n|-unboost|p1a: Gholdengo|spa|1\n|\n|upkeep\n|turn|6\n|\n|t:|1725700746\n|move|p1a: Gholdengo|Make It Rain|p2a: Incineroar|[spread] p2a,p2b\n|-resisted|p2a: Incineroar\n|-damage|p2a: Incineroar|71\/100\n|-damage|p2b: Primarina|0 fnt\n|-unboost|p1a: Gholdengo|spa|1\n|faint|p2b: Primarina\n|move|p1b: Dragonite|Outrage|p2a: Incineroar\n|-damage|p2a: Incineroar|25\/100\n|-enditem|p2a: Incineroar|Sitrus Berry|[eat]\n|-heal|p2a: Incineroar|50\/100|[from] item: Sitrus Berry\n|move|p2a: Incineroar|Knock Off|p1b: Dragonite\n|-damage|p1b: Dragonite|0 fnt\n|-enditem|p1b: Dragonite|Assault Vest|[from] move: Knock Off|[of] p2a: Incineroar\n|faint|p1b: Dragonite\n|\n|upkeep\n|turn|7\n|\n|t:|1725700751\n|move|p1a: Gholdengo|Make It Rain|p2a: Incineroar\n|-resisted|p2a: Incineroar\n|-damage|p2a: Incineroar|35\/100\n|-unboost|p1a: Gholdengo|spa|1\n|move|p2a: Incineroar|Knock Off|p1a: Gholdengo\n|-supereffective|p1a: Gholdengo\n|-crit|p1a: Gholdengo\n|-damage|p1a: Gholdengo|0 fnt\n|-enditem|p1a: Gholdengo|Choice Scarf|[from] move: Knock Off|[of] p2a: Incineroar\n|faint|p1a: Gholdengo\n|\n|win|Super Crist\n|raw|bieiup's rating: 1729 &rarr; <strong>1705<\/strong><br \/>(-24 for losing)\n|raw|Super Crist's rating: 1658 &rarr; <strong>1682<\/strong><br \/>(+24 for winning)\n|l|\u2606bieiup\n|player|p1|\n|l| Digimonuniverse\n|l|\u203dSuper Crist\n|player|p2|\n|j|\u2606bieiup\n|player|p1|bieiup|lillie-z|\n|l|\u2606bieiup\n|player|p1|\n","uploadtime":1725700988,"views":32,"formatid":"gen9vgc2024regh","rating":1682,"private":0,"password":null}