{"id":"gen9vgc2024regh-2196950139","format":"[Gen 9] VGC 2024 Reg H","players":["falcon108","lelouchswag"],"log":"|j|\u2606falcon108\n|j|\u2606lelouchswag\n|t:|1725771141\n|gametype|doubles\n|player|p1|falcon108|palmer|1662\n|player|p2|lelouchswag|1|1747\n|teamsize|p1|6\n|teamsize|p2|6\n|gen|9\n|tier|[Gen 9] VGC 2024 Reg H\n|rated|\n|rule|Species Clause: Limit one of each Pok\u00e9mon\n|rule|Item Clause: Limit 1 of each item\n|clearpoke\n|poke|p1|Volcarona, L50, F|\n|poke|p1|Ursaluna-Bloodmoon, L50, M|\n|poke|p1|Tyranitar, L50, F|\n|poke|p1|Grimmsnarl, L50, M|\n|poke|p1|Gholdengo, L50|\n|poke|p1|Amoonguss, L50, F|\n|poke|p2|Meowscarada, L50, M|\n|poke|p2|Primarina, L50, F|\n|poke|p2|Sylveon, L50, F|\n|poke|p2|Indeedee, L50, M|\n|poke|p2|Gliscor, L50, M|\n|poke|p2|Decidueye-Hisui, L50, M|\n|teampreview|4\n|inactive|Battle timer is ON: inactive players will automatically lose when time's up. (requested by falcon108)\n|inactive|falcon108 has 60 seconds left.\n|\n|t:|1725771174\n|start\n|switch|p1a: Grimmsnarl|Grimmsnarl, L50, M|100\/100\n|switch|p1b: Gholdengo|Gholdengo, L50, shiny|100\/100\n|switch|p2a: Gliscor|Gliscor, L50, M|100\/100\n|switch|p2b: Sylveon|Sylveon, L50, F|100\/100\n|turn|1\n|\n|t:|1725771191\n|-terastallize|p2a: Gliscor|Fire\n|move|p1a: Grimmsnarl|Light Screen|p1a: Grimmsnarl\n|-sidestart|p1: falcon108|move: Light Screen\n|move|p2a: Gliscor|Tailwind|p2a: Gliscor\n|-sidestart|p2: lelouchswag|move: Tailwind\n|move|p2b: Sylveon|Hyper Voice|p1b: Gholdengo|[spread] p1a,p1b\n|-supereffective|p1a: Grimmsnarl\n|-resisted|p1b: Gholdengo\n|-damage|p1a: Grimmsnarl|25\/100\n|-damage|p1b: Gholdengo|80\/100\n|move|p1b: Gholdengo|Make It Rain|p2a: Gliscor|[spread] p2a,p2b\n|-resisted|p2a: Gliscor\n|-supereffective|p2b: Sylveon\n|-damage|p2a: Gliscor|69\/100\n|-damage|p2b: Sylveon|32\/100\n|-unboost|p1b: Gholdengo|spa|1\n|\n|-heal|p1b: Gholdengo|86\/100|[from] item: Leftovers\n|upkeep\n|turn|2\n|j| judang\n|\n|t:|1725771205\n|move|p1b: Gholdengo|Protect|p1b: Gholdengo\n|-singleturn|p1b: Gholdengo|Protect\n|move|p1a: Grimmsnarl|Reflect|p1a: Grimmsnarl\n|-sidestart|p1: falcon108|Reflect\n|move|p2a: Gliscor|High Horsepower|p1b: Gholdengo\n|-activate|p1b: Gholdengo|move: Protect\n|move|p2b: Sylveon|Hyper Voice|p1a: Grimmsnarl|[spread] p1a\n|-activate|p1b: Gholdengo|move: Protect\n|-supereffective|p1a: Grimmsnarl\n|-damage|p1a: Grimmsnarl|0 fnt\n|faint|p1a: Grimmsnarl\n|\n|-heal|p1b: Gholdengo|92\/100|[from] item: Leftovers\n|upkeep\n|\n|t:|1725771211\n|switch|p1a: Amoonguss|Amoonguss, L50, F, shiny|100\/100\n|turn|3\n|\n|t:|1725771217\n|switch|p2b: Decidueye|Decidueye-Hisui, L50, M|100\/100\n|switch|p1b: Volcarona|Volcarona, L50, F|100\/100\n|move|p2a: Gliscor|Taunt|p1a: Amoonguss\n|-start|p1a: Amoonguss|move: Taunt\n|cant|p1a: Amoonguss|move: Taunt|Spore\n|\n|upkeep\n|turn|4\n|\n|t:|1725771238\n|switch|p2b: Indeedee|Indeedee, L50, M|100\/100\n|-fieldstart|move: Psychic Terrain|[from] ability: Psychic Surge|[of] p2b: Indeedee\n|move|p2a: Gliscor|Dual Wingbeat|p1b: Volcarona\n|-supereffective|p1b: Volcarona\n|-damage|p1b: Volcarona|59\/100\n|-supereffective|p1b: Volcarona\n|-damage|p1b: Volcarona|20\/100\n|-hitcount|p1b: Volcarona|2\n|-damage|p2a: Gliscor|60\/100|[from] item: Life Orb\n|move|p1b: Volcarona|Quiver Dance|p1b: Volcarona\n|-boost|p1b: Volcarona|spa|1\n|-boost|p1b: Volcarona|spd|1\n|-boost|p1b: Volcarona|spe|1\n|move|p1a: Amoonguss|Pollen Puff|p1b: Volcarona\n|-heal|p1b: Volcarona|70\/100\n|\n|-sideend|p2: lelouchswag|move: Tailwind\n|upkeep\n|turn|5\n|j| TacoBellThor\n|j| zer90\n|inactive|falcon108 has 30 seconds left.\n|\n|t:|1725771265\n|-terastallize|p1a: Amoonguss|Water\n|move|p1b: Volcarona|Protect|p1b: Volcarona\n|-singleturn|p1b: Volcarona|Protect\n|move|p2b: Indeedee|Expanding Force|p1b: Volcarona|[spread] p1a\n|-activate|p1b: Volcarona|move: Protect\n|-damage|p1a: Amoonguss|58\/100\n|move|p2a: Gliscor|Tailwind|p2a: Gliscor\n|-sidestart|p2: lelouchswag|move: Tailwind\n|move|p1a: Amoonguss|Pollen Puff|p2b: Indeedee\n|-supereffective|p2b: Indeedee\n|-damage|p2b: Indeedee|52\/100\n|\n|-end|p1a: Amoonguss|move: Taunt\n|upkeep\n|turn|6\n|\n|t:|1725771278\n|move|p1a: Amoonguss|Rage Powder|p1a: Amoonguss\n|-singleturn|p1a: Amoonguss|move: Rage Powder\n|move|p2b: Indeedee|Expanding Force|p1a: Amoonguss|[spread] p1a,p1b\n|-damage|p1a: Amoonguss|20\/100\n|-damage|p1b: Volcarona|39\/100\n|-enditem|p1a: Amoonguss|Sitrus Berry|[eat]\n|-heal|p1a: Amoonguss|45\/100|[from] item: Sitrus Berry\n|move|p2a: Gliscor|Taunt|p1a: Amoonguss\n|-start|p1a: Amoonguss|move: Taunt\n|move|p1b: Volcarona|Heat Wave|p2b: Indeedee|[spread] p2a,p2b\n|-resisted|p2a: Gliscor\n|-damage|p2a: Gliscor|22\/100\n|-damage|p2b: Indeedee|0 fnt\n|faint|p2b: Indeedee\n|\n|upkeep\n|\n|t:|1725771283\n|switch|p2b: Sylveon|Sylveon, L50, F|32\/100\n|turn|7\n|\n|t:|1725771305\n|switch|p1a: Gholdengo|Gholdengo, L50, shiny|92\/100\n|move|p1b: Volcarona|Protect|p1b: Volcarona\n|-singleturn|p1b: Volcarona|Protect\n|move|p2a: Gliscor|High Horsepower|p1a: Gholdengo\n|-supereffective|p1a: Gholdengo\n|-damage|p1a: Gholdengo|19\/100\n|-damage|p2a: Gliscor|12\/100|[from] item: Life Orb\n|move|p2b: Sylveon|Hyper Voice|p1a: Gholdengo|[spread] p1a\n|-activate|p1b: Volcarona|move: Protect\n|-resisted|p1a: Gholdengo\n|-crit|p1a: Gholdengo\n|-damage|p1a: Gholdengo|0 fnt\n|faint|p1a: Gholdengo\n|\n|upkeep\n|\n|t:|1725771308\n|switch|p1a: Amoonguss|Amoonguss, L50, F, shiny, tera:Water|78\/100\n|turn|8\n|\n|t:|1725771324\n|move|p1a: Amoonguss|Rage Powder|p1a: Amoonguss\n|-singleturn|p1a: Amoonguss|move: Rage Powder\n|move|p2a: Gliscor|Dual Wingbeat|p1a: Amoonguss\n|-damage|p1a: Amoonguss|65\/100\n|-damage|p1a: Amoonguss|53\/100\n|-hitcount|p1a: Amoonguss|2\n|-damage|p2a: Gliscor|3\/100|[from] item: Life Orb\n|move|p1b: Volcarona|Heat Wave|p2a: Gliscor|[spread] p2a,p2b\n|-resisted|p2a: Gliscor\n|-crit|p2a: Gliscor\n|-damage|p2a: Gliscor|0 fnt\n|-damage|p2b: Sylveon|0 fnt\n|faint|p2a: Gliscor\n|faint|p2b: Sylveon\n|\n|-sideend|p1: falcon108|move: Light Screen\n|-sideend|p2: lelouchswag|move: Tailwind\n|-fieldend|move: Psychic Terrain\n|upkeep\n|\n|t:|1725771333\n|switch|p2b: Decidueye|Decidueye-Hisui, L50, M|100\/100\n|turn|9\n|-message|lelouchswag forfeited.\n|\n|win|falcon108\n|raw|falcon108's rating: 1662 &rarr; <strong>1687<\/strong><br \/>(+25 for winning)\n|raw|lelouchswag's rating: 1747 &rarr; <strong>1722<\/strong><br \/>(-25 for losing)\n|l|\u2606lelouchswag\n|player|p2|\n|l| judang\n","uploadtime":1725771591,"views":13,"formatid":"gen9vgc2024regh","rating":1687,"private":0,"password":null}