{"id":"gen9vgc2024regh-2196942739","format":"[Gen 9] VGC 2024 Reg H","players":["fangame10","lelouchswag"],"log":"|j|\u2606fangame10\n|j|\u2606lelouchswag\n|t:|1725770062\n|gametype|doubles\n|player|p1|fangame10|red|1802\n|player|p2|lelouchswag|1|1723\n|teamsize|p1|6\n|teamsize|p2|6\n|gen|9\n|tier|[Gen 9] VGC 2024 Reg H\n|rated|\n|rule|Species Clause: Limit one of each Pok\u00e9mon\n|rule|Item Clause: Limit 1 of each item\n|clearpoke\n|poke|p1|Baxcalibur, L50, F|\n|poke|p1|Ninetales-Alola, L50, F|\n|poke|p1|Milotic, L50, M|\n|poke|p1|Skeledirge, L50, F|\n|poke|p1|Rillaboom, L50, F|\n|poke|p1|Tauros-Paldea-Blaze, L50, M|\n|poke|p2|Meowscarada, L50, M|\n|poke|p2|Primarina, L50, F|\n|poke|p2|Sylveon, L50, M|\n|poke|p2|Indeedee, L50, M|\n|poke|p2|Gliscor, L50, M|\n|poke|p2|Decidueye-Hisui, L50, F|\n|teampreview|4\n|inactive|Battle timer is ON: inactive players will automatically lose when time's up. (requested by fangame10)\n|inactive|fangame10 has 60 seconds left.\n|inactive|lelouchswag has 60 seconds left.\n|j| fgfdhgfds\n|\n|t:|1725770122\n|start\n|switch|p1a: Ninetales|Ninetales-Alola, L50, F, shiny|100\/100\n|switch|p1b: Skeledirge|Skeledirge, L50, F|100\/100\n|switch|p2a: Gliscor|Gliscor, L50, M|100\/100\n|switch|p2b: Sylveon|Sylveon, L50, M|100\/100\n|-weather|Snow|[from] ability: Snow Warning|[of] p1a: Ninetales\n|turn|1\n|j| zer90\n|\n|t:|1725770132\n|-terastallize|p2a: Gliscor|Fire\n|move|p1b: Skeledirge|Protect|p1b: Skeledirge\n|-singleturn|p1b: Skeledirge|Protect\n|move|p1a: Ninetales|Aurora Veil|p1a: Ninetales\n|-sidestart|p1: fangame10|move: Aurora Veil\n|move|p2a: Gliscor|Tailwind|p2a: Gliscor\n|-sidestart|p2: lelouchswag|move: Tailwind\n|move|p2b: Sylveon|Hyper Voice|p1b: Skeledirge|[spread] p1a\n|-activate|p1b: Skeledirge|move: Protect\n|-damage|p1a: Ninetales|53\/100\n|\n|-weather|Snow|[upkeep]\n|upkeep\n|turn|2\n|\n|t:|1725770145\n|switch|p1a: Rillaboom|Rillaboom, L50, F, shiny|100\/100\n|-fieldstart|move: Grassy Terrain|[from] ability: Grassy Surge|[of] p1a: Rillaboom\n|move|p2a: Gliscor|High Horsepower|p1b: Skeledirge\n|-supereffective|p1b: Skeledirge\n|-damage|p1b: Skeledirge|40\/100\n|-damage|p2a: Gliscor|91\/100|[from] item: Life Orb\n|move|p2b: Sylveon|Hyper Voice|p1b: Skeledirge|[spread] p1a,p1b\n|-crit|p1a: Rillaboom\n|-resisted|p1b: Skeledirge\n|-damage|p1a: Rillaboom|32\/100\n|-damage|p1b: Skeledirge|18\/100\n|move|p1b: Skeledirge|Torch Song|p2b: Sylveon\n|-damage|p2b: Sylveon|66\/100\n|-boost|p1b: Skeledirge|spa|1\n|\n|-weather|Snow|[upkeep]\n|-heal|p2a: Gliscor|97\/100|[from] Grassy Terrain\n|-heal|p2b: Sylveon|72\/100|[from] Grassy Terrain\n|-heal|p1a: Rillaboom|38\/100|[from] Grassy Terrain\n|-heal|p1b: Skeledirge|24\/100|[from] Grassy Terrain\n|-heal|p1b: Skeledirge|30\/100|[from] item: Leftovers\n|upkeep\n|turn|3\n|inactive|fangame10 has 30 seconds left.\n|inactive|fangame10 has 20 seconds left.\n|inactive|fangame10 has 15 seconds left.\n|inactive|fangame10 has 10 seconds left.\n|inactive|fangame10 has 5 seconds left.\n|\n|t:|1725770198\n|switch|p2b: Indeedee|Indeedee, L50, M|100\/100\n|-fieldstart|move: Psychic Terrain|[from] ability: Psychic Surge|[of] p2b: Indeedee\n|switch|p1b: Tauros|Tauros-Paldea-Blaze, L50, M, shiny|100\/100\n|-ability|p1b: Tauros|Intimidate|boost\n|-fail|p2a: Gliscor|unboost|Attack|[from] ability: Hyper Cutter|[of] p2a: Gliscor\n|-unboost|p2b: Indeedee|atk|1\n|move|p1a: Rillaboom|Fake Out|p2b: Indeedee\n|-activate|p2b: Indeedee|move: Psychic Terrain\n|move|p2a: Gliscor|Dual Wingbeat|p1a: Rillaboom\n|-supereffective|p1a: Rillaboom\n|-damage|p1a: Rillaboom|4\/100\n|-supereffective|p1a: Rillaboom\n|-damage|p1a: Rillaboom|0 fnt\n|faint|p1a: Rillaboom\n|-hitcount|p1: Rillaboom|2\n|-damage|p2a: Gliscor|87\/100|[from] item: Life Orb\n|\n|-weather|Snow|[upkeep]\n|upkeep\n|\n|t:|1725770205\n|switch|p1a: Skeledirge|Skeledirge, L50, F|30\/100\n|turn|4\n|\n|t:|1725770219\n|move|p1b: Tauros|Protect|p1b: Tauros\n|-singleturn|p1b: Tauros|Protect\n|move|p1a: Skeledirge|Protect|p1a: Skeledirge\n|-singleturn|p1a: Skeledirge|Protect\n|move|p2b: Indeedee|Expanding Force|p1b: Tauros|[spread] \n|-activate|p1a: Skeledirge|move: Protect\n|-activate|p1b: Tauros|move: Protect\n|move|p2a: Gliscor|Dual Wingbeat|p1b: Tauros\n|-activate|p1b: Tauros|move: Protect\n|\n|-weather|Snow|[upkeep]\n|-heal|p1a: Skeledirge|36\/100|[from] item: Leftovers\n|-sideend|p2: lelouchswag|move: Tailwind\n|upkeep\n|turn|5\n|\n|t:|1725770238\n|-terastallize|p1a: Skeledirge|Dark\n|move|p1b: Tauros|Close Combat|p2a: Gliscor\n|-damage|p2a: Gliscor|34\/100\n|-unboost|p1b: Tauros|def|1\n|-unboost|p1b: Tauros|spd|1\n|move|p2b: Indeedee|Expanding Force|p1b: Tauros|[spread] p1b\n|-immune|p1a: Skeledirge\n|-supereffective|p1b: Tauros\n|-enditem|p1b: Tauros|Focus Sash\n|-damage|p1b: Tauros|1\/100\n|move|p2a: Gliscor|Tailwind|p2a: Gliscor\n|-sidestart|p2: lelouchswag|move: Tailwind\n|move|p1a: Skeledirge|Shadow Ball|p2a: Gliscor\n|-damage|p2a: Gliscor|0 fnt\n|faint|p2a: Gliscor\n|\n|-weather|none\n|-heal|p1a: Skeledirge|42\/100|[from] item: Leftovers\n|upkeep\n|\n|t:|1725770248\n|switch|p2a: Sylveon|Sylveon, L50, M|72\/100\n|turn|6\n|-message|fangame10 forfeited.\n|\n|win|lelouchswag\n|raw|fangame10's rating: 1802 &rarr; <strong>1778<\/strong><br \/>(-24 for losing)\n|raw|lelouchswag's rating: 1723 &rarr; <strong>1747<\/strong><br \/>(+24 for winning)\n|l|\u2606fangame10\n|player|p1|\n|l|\u2606lelouchswag\n|player|p2|\n|l| fgfdhgfds\n","uploadtime":1725770480,"views":150,"formatid":"gen9vgc2024regh","rating":1747,"private":0,"password":null}