{"id":"gen9vgc2024regh-2196117687","format":"[Gen 9] VGC 2024 Reg H","players":["Abidada","actuary97"],"log":"|j|\u2606Abidada\n|j|\u2606actuary97\n|t:|1725661122\n|gametype|doubles\n|player|p1|Abidada|265|1753\n|player|p2|actuary97|sabrina-frlg|1775\n|teamsize|p1|6\n|teamsize|p2|6\n|gen|9\n|tier|[Gen 9] VGC 2024 Reg H\n|rated|\n|rule|Species Clause: Limit one of each Pok\u00e9mon\n|rule|Item Clause: Limit 1 of each item\n|clearpoke\n|poke|p1|Dondozo, L50, F|\n|poke|p1|Tatsugiri, L50, F|\n|poke|p1|Weezing, L50, F|\n|poke|p1|Slaking, L50, M|\n|poke|p1|Ribombee, L50, F|\n|poke|p1|Gholdengo, L50|\n|poke|p2|Whimsicott, L50, F|\n|poke|p2|Gallade, L50, M|\n|poke|p2|Hatterene, L50, F|\n|poke|p2|Malamar, L50, F|\n|poke|p2|Indeedee, L50, M|\n|poke|p2|Archaludon, L50, F|\n|teampreview|4\nactuary97 has agreed to open team sheets.\n|c|\u2606actuary97|at least I know the slacking cheese now\n|j| MatMan94\n|\n|t:|1725661169\n|start\n|switch|p1a: Weezing|Weezing, L50, F|100\/100\n|switch|p1b: Slaking|Slaking, L50, M|100\/100\n|switch|p2a: Mischief Mother|Whimsicott, L50, F, shiny|100\/100\n|switch|p2b: \u2694\ufe0fKing\u2694\ufe0f|Gallade, L50, M, shiny|100\/100\n|-ability|p1a: Weezing|Neutralizing Gas\n|turn|1\n|j| mr pogostick\n|\n|t:|1725661190\n|move|p2b: \u2694\ufe0fKing\u2694\ufe0f|Protect|p2b: \u2694\ufe0fKing\u2694\ufe0f\n|-singleturn|p2b: \u2694\ufe0fKing\u2694\ufe0f|Protect\n|move|p2a: Mischief Mother|Tailwind|p2a: Mischief Mother\n|-sidestart|p2: actuary97|move: Tailwind\n|move|p1b: Slaking|Double-Edge|p2b: \u2694\ufe0fKing\u2694\ufe0f\n|-activate|p2b: \u2694\ufe0fKing\u2694\ufe0f|move: Protect\n|move|p1a: Weezing|Sludge Bomb|p2a: Mischief Mother\n|-supereffective|p2a: Mischief Mother\n|-enditem|p2a: Mischief Mother|Focus Sash\n|-damage|p2a: Mischief Mother|1\/100\n|\n|upkeep\n|turn|2\n|j| axelb1337\n|\n|t:|1725661235\n|-terastallize|p1b: Slaking|Ghost\n|move|p1a: Weezing|Protect|p1a: Weezing\n|-singleturn|p1a: Weezing|Protect\n|move|p2a: Mischief Mother|Encore|p1b: Slaking\n|-start|p1b: Slaking|Encore\n|move|p2b: \u2694\ufe0fKing\u2694\ufe0f|Psycho Cut|p1a: Weezing\n|-activate|p1a: Weezing|move: Protect\n|move|p1b: Slaking|Double-Edge|p2b: \u2694\ufe0fKing\u2694\ufe0f\n|-damage|p2b: \u2694\ufe0fKing\u2694\ufe0f|0 fnt\n|faint|p2b: \u2694\ufe0fKing\u2694\ufe0f\n|-damage|p1b: Slaking|78\/100|[from] Recoil\n|-damage|p1b: Slaking|69\/100|[from] item: Life Orb\n|\n|upkeep\n|\n|t:|1725661248\n|switch|p2b: Malamother|Malamar, L50, F, shiny|100\/100\n|turn|3\n|\n|t:|1725661266\n|-end|p1a: Weezing|ability: Neutralizing Gas\n|switch|p1a: Dondozo|Dondozo, L50, F|100\/100\n|move|p2a: Mischief Mother|Encore||[still]\n|-fail|p2a: Mischief Mother\n|move|p2b: Malamother|Knock Off|p1b: Slaking\n|-supereffective|p1b: Slaking\n|-damage|p1b: Slaking|8\/100\n|-enditem|p1b: Slaking|Life Orb|[from] move: Knock Off|[of] p2b: Malamother\n|move|p1b: Slaking|Double-Edge|p2b: Malamother\n|-damage|p2b: Malamother|29\/100\n|-enditem|p2b: Malamother|Sitrus Berry|[eat]\n|-heal|p2b: Malamother|54\/100|[from] item: Sitrus Berry\n|-damage|p1b: Slaking|0 fnt|[from] Recoil\n|faint|p1b: Slaking\n|\n|upkeep\n|j| bbbb13\n|\n|t:|1725661287\n|switch|p1b: Weezing|Weezing, L50, F|100\/100\n|-ability|p1b: Weezing|Neutralizing Gas\n|turn|4\n|l| bbbb13\n|\n|t:|1725661314\n|switch|p2a: Tapu Deedee|Indeedee, L50, M, shiny|100\/100\n|move|p1b: Weezing|Protect|p1b: Weezing\n|-singleturn|p1b: Weezing|Protect\n|move|p2b: Malamother|Topsy-Turvy||[still]\n|-fail|p2b: Malamother\n|move|p1a: Dondozo|Earthquake|p2a: Tapu Deedee|[spread] p2a,p2b\n|-activate|p1b: Weezing|move: Protect\n|-damage|p2a: Tapu Deedee|50\/100\n|-damage|p2b: Malamother|32\/100\n|\n|-sideend|p2: actuary97|move: Tailwind\n|upkeep\n|turn|5\n|\n|t:|1725661340\n|-end|p1b: Weezing|ability: Neutralizing Gas\n|-fieldstart|move: Psychic Terrain|[from] ability: Psychic Surge|[of] p2a: Tapu Deedee\n|switch|p1b: Tatsugiri|Tatsugiri, L50, F|100\/100\n|-activate|p1b: Tatsugiri|ability: Commander|[of] p1a: Dondozo\n|-boost|p1a: Dondozo|atk|2\n|-boost|p1a: Dondozo|spa|2\n|-boost|p1a: Dondozo|spe|2\n|-boost|p1a: Dondozo|def|2\n|-boost|p1a: Dondozo|spd|2\n|move|p1a: Dondozo|Earthquake|p2b: Malamother|[spread] p2a,p2b\n|-miss|p1a: Dondozo|p1b: Tatsugiri\n|-damage|p2a: Tapu Deedee|0 fnt\n|-damage|p2b: Malamother|0 fnt\n|faint|p2a: Tapu Deedee\n|faint|p2b: Malamother\n|\n|upkeep\n|\n|t:|1725661343\n|switch|p2b: Mischief Mother|Whimsicott, L50, F, shiny|1\/100\n|turn|6\n|c|\u2606actuary97|gg\n|j| lol lol lol blue\n|-message|actuary97 forfeited.\n|\n|win|Abidada\n|raw|Abidada's rating: 1753 &rarr; <strong>1774<\/strong><br \/>(+21 for winning)\n|raw|actuary97's rating: 1775 &rarr; <strong>1754<\/strong><br \/>(-21 for losing)\n|l|\u2606actuary97\n|player|p2|\n|l|\u2606Abidada\n|player|p1|\n|l| MatMan94\n|l| mr pogostick\n|l| lol lol lol blue\n|l| axelb1337\n","uploadtime":1725661642,"views":137,"formatid":"gen9vgc2024regh","rating":1754,"private":0,"password":null}