{"id":"gen9vgc2024regh-2196878645","format":"[Gen 9] VGC 2024 Reg H","players":["actuary97","younholic"],"log":"|j|\u2606actuary97\n|j|\u2606younholic\n|t:|1725761513\n|gametype|doubles\n|player|p1|actuary97|sabrina-frlg|1699\n|player|p2|younholic|lady|1828\n|teamsize|p1|6\n|teamsize|p2|6\n|gen|9\n|tier|[Gen 9] VGC 2024 Reg H\n|rated|\n|rule|Species Clause: Limit one of each Pok\u00e9mon\n|rule|Item Clause: Limit 1 of each item\n|clearpoke\n|poke|p1|Whimsicott, L50, F|\n|poke|p1|Arcanine, L50, M|\n|poke|p1|Gallade, L50, M|\n|poke|p1|Malamar, L50, F|\n|poke|p1|Indeedee, L50, M|\n|poke|p1|Archaludon, L50, F|\n|poke|p2|Arcanine-Hisui, L50, F|\n|poke|p2|Serperior, L50, F|\n|poke|p2|Mandibuzz, L50, F|\n|poke|p2|Ursaluna-Bloodmoon, L50, M|\n|poke|p2|Dragonite, L50, F|\n|poke|p2|Archaludon, L50, M|\n|teampreview|4\n|inactive|Battle timer is ON: inactive players will automatically lose when time's up. (requested by younholic)\nactuary97 has agreed to open team sheets.\nyounholic has agreed to open team sheets.\n|c|\u2606actuary97|oh nice this is a variant of that one team\n|c|\u2606younholic|yea the ninetales was useless\n|c|\u2606actuary97|I have played the stumble guy a bunch\n|inactive|actuary97 has 30 seconds left.\n|inactive|younholic has 30 seconds left.\n|c|\u2606actuary97|yeah veil is tricky\n|c|\u2606younholic|same guy just a diff alt for this one\n|c|\u2606actuary97|ohhh nice!\n|inactive|actuary97 has 20 seconds left.\n|inactive|younholic has 20 seconds left.\n|inactive|actuary97 has 15 seconds left.\n|inactive|younholic has 15 seconds left.\n|j| xutoso\n|inactive|younholic has 10 seconds left.\n|\n|t:|1725761565\n|start\n|switch|p1a: Mischief Mother|Whimsicott, L50, F, shiny|100\/100\n|switch|p1b: Tapu Deedee|Indeedee, L50, M, shiny|100\/100\n|switch|p2a: Mandibuzz|Mandibuzz, L50, F, shiny|100\/100\n|switch|p2b: Ursaluna|Ursaluna-Bloodmoon, L50, M|100\/100\n|-fieldstart|move: Psychic Terrain|[from] ability: Psychic Surge|[of] p1b: Tapu Deedee\n|turn|1\n|\n|t:|1725761588\n|-terastallize|p1b: Tapu Deedee|Fairy\n|move|p2a: Mandibuzz|Protect|p2a: Mandibuzz\n|-singleturn|p2a: Mandibuzz|Protect\n|move|p1a: Mischief Mother|Moonblast|p2a: Mandibuzz\n|-activate|p2a: Mandibuzz|move: Protect\n|move|p1b: Tapu Deedee|Dazzling Gleam|p2b: Ursaluna|[spread] p2b\n|-activate|p2a: Mandibuzz|move: Protect\n|-damage|p2b: Ursaluna|73\/100\n|move|p2b: Ursaluna|Blood Moon|p1b: Tapu Deedee\n|-damage|p1b: Tapu Deedee|0 fnt\n|faint|p1b: Tapu Deedee\n|\n|upkeep\n|\n|t:|1725761613\n|switch|p1b: Bridget|Archaludon, L50, F, shiny|100\/100\n|turn|2\n|\n|t:|1725761626\n|move|p1a: Mischief Mother|Moonblast|p2a: Mandibuzz\n|-supereffective|p2a: Mandibuzz\n|-damage|p2a: Mandibuzz|45\/100\n|move|p1b: Bridget|Snarl|p2b: Ursaluna|[spread] p2a,p2b\n|-resisted|p2a: Mandibuzz\n|-damage|p2a: Mandibuzz|40\/100\n|-damage|p2b: Ursaluna|64\/100\n|-unboost|p2b: Ursaluna|spa|1\n|move|p2a: Mandibuzz|Snarl|p1a: Mischief Mother|[spread] p1a,p1b\n|-resisted|p1a: Mischief Mother\n|-crit|p1b: Bridget\n|-damage|p1a: Mischief Mother|93\/100\n|-damage|p1b: Bridget|91\/100\n|-unboost|p1a: Mischief Mother|spa|1\n|-unboost|p1b: Bridget|spa|1\n|-ability|p1b: Bridget|Stamina|boost\n|-boost|p1b: Bridget|def|1\n|move|p2b: Ursaluna|Earth Power|p1b: Bridget\n|-supereffective|p1b: Bridget\n|-damage|p1b: Bridget|50\/100\n|-ability|p1b: Bridget|Stamina|boost\n|-boost|p1b: Bridget|def|1\n|\n|upkeep\n|turn|3\n|\n|t:|1725761643\n|-terastallize|p2b: Ursaluna|Ghost\n|move|p1a: Mischief Mother|Moonblast|p2b: Ursaluna\n|-damage|p2b: Ursaluna|51\/100\n|-unboost|p2b: Ursaluna|spa|1\n|move|p1b: Bridget|Snarl|p2a: Mandibuzz|[spread] p2a,p2b\n|-resisted|p2a: Mandibuzz\n|-crit|p2a: Mandibuzz\n|-supereffective|p2b: Ursaluna\n|-crit|p2b: Ursaluna\n|-damage|p2a: Mandibuzz|32\/100\n|-damage|p2b: Ursaluna|24\/100\n|-unboost|p2b: Ursaluna|spa|1\n|move|p2a: Mandibuzz|Taunt|p1a: Mischief Mother\n|-start|p1a: Mischief Mother|move: Taunt\n|move|p2b: Ursaluna|Earth Power|p1b: Bridget\n|-supereffective|p1b: Bridget\n|-damage|p1b: Bridget|21\/100\n|-ability|p1b: Bridget|Stamina|boost\n|-boost|p1b: Bridget|def|1\n|\n|upkeep\n|turn|4\n|\n|t:|1725761665\n|switch|p1a: \u2694\ufe0fKing\u2694\ufe0f|Gallade, L50, M, shiny|100\/100\n|move|p1b: Bridget|Body Press|p2a: Mandibuzz\n|-damage|p2a: Mandibuzz|0 fnt\n|faint|p2a: Mandibuzz\n|move|p2b: Ursaluna|Earth Power|p1b: Bridget\n|-supereffective|p1b: Bridget\n|-damage|p1b: Bridget|0 fnt\n|faint|p1b: Bridget\n|\n|upkeep\n|\n|t:|1725761673\n|switch|p1b: Mischief Mother|Whimsicott, L50, F, shiny|93\/100\n|switch|p2a: Arcanine|Arcanine-Hisui, L50, F, shiny|100\/100\n|turn|5\n|\n|t:|1725761687\n|switch|p2b: Archaludon|Archaludon, L50, M|100\/100\n|move|p1a: \u2694\ufe0fKing\u2694\ufe0f|Protect|p1a: \u2694\ufe0fKing\u2694\ufe0f\n|-singleturn|p1a: \u2694\ufe0fKing\u2694\ufe0f|Protect\n|move|p1b: Mischief Mother|Moonblast|p2a: Arcanine\n|-resisted|p2a: Arcanine\n|-damage|p2a: Arcanine|77\/100\n|-unboost|p2a: Arcanine|spa|1\n|move|p2a: Arcanine|Flare Blitz|p1b: Mischief Mother\n|-supereffective|p1b: Mischief Mother\n|-damage|p1b: Mischief Mother|0 fnt\n|faint|p1b: Mischief Mother\n|\n|-fieldend|move: Psychic Terrain\n|upkeep\n|turn|6\n|\n|t:|1725761694\n|move|p2a: Arcanine|Flare Blitz|p1a: \u2694\ufe0fKing\u2694\ufe0f\n|-damage|p1a: \u2694\ufe0fKing\u2694\ufe0f|14\/100\n|move|p2b: Archaludon|Electro Shot||[still]\n|-prepare|p2b: Archaludon|Electro Shot\n|-boost|p2b: Archaludon|spa|1\n|-enditem|p2b: Archaludon|Power Herb\n|-anim|p2b: Archaludon|Electro Shot|p1a: \u2694\ufe0fKing\u2694\ufe0f\n|-damage|p1a: \u2694\ufe0fKing\u2694\ufe0f|0 fnt\n|faint|p1a: \u2694\ufe0fKing\u2694\ufe0f\n|\n|win|younholic\n|raw|actuary97's rating: 1699 &rarr; <strong>1686<\/strong><br \/>(-13 for losing)\n|raw|younholic's rating: 1828 &rarr; <strong>1841<\/strong><br \/>(+13 for winning)\n|l|\u2606younholic\n|player|p2|\n|c|\u2606actuary97|gg\n|l| xutoso\n|l|\u2606actuary97\n|player|p1|\n|j|\u2606actuary97\n|player|p1|actuary97|sabrina-frlg|\n|l|\u2606actuary97\n|player|p1|\n","uploadtime":1725761708,"views":37,"formatid":"gen9vgc2024regh","rating":1686,"private":0,"password":null}