{"id":"gen9vgc2024regh-2196303515","format":"[Gen 9] VGC 2024 Reg H","players":["nicouser","something123"],"log":"|j|\u2606nicouser\n|j|\u2606something123\n|t:|1725685582\n|gametype|doubles\n|player|p1|nicouser|102|1705\n|player|p2|something123|101|1683\n|teamsize|p1|6\n|teamsize|p2|6\n|gen|9\n|tier|[Gen 9] VGC 2024 Reg H\n|rated|\n|rule|Species Clause: Limit one of each Pok\u00e9mon\n|rule|Item Clause: Limit 1 of each item\n|clearpoke\n|poke|p1|Kilowattrel, L50, M|\n|poke|p1|Garchomp, L50, M|\n|poke|p1|Arcanine-Hisui, L50, M|\n|poke|p1|Gholdengo, L50|\n|poke|p1|Rillaboom, L50, F|\n|poke|p1|Primarina, L50, M|\n|poke|p2|Clefable, L50, M|\n|poke|p2|Typhlosion-Hisui, L50, M|\n|poke|p2|Primarina, L50, M|\n|poke|p2|Meowscarada, L50, F|\n|poke|p2|Tyranitar, L50, F|\n|poke|p2|Braviary, L50, M|\n|teampreview|4\n|inactive|Battle timer is ON: inactive players will automatically lose when time's up. (requested by something123)\n|j| Sleepy Guthix\n|inactive|nicouser has 60 seconds left.\n|\n|t:|1725685676\n|start\n|switch|p1a: Kilowattrel|Kilowattrel, L50, M, shiny|100\/100\n|switch|p1b: Garchomp|Garchomp, L50, M|100\/100\n|switch|p2a: Primarina|Primarina, L50, M|100\/100\n|switch|p2b: Meowscarada|Meowscarada, L50, F|100\/100\n|turn|1\n|\n|t:|1725685690\n|move|p1a: Kilowattrel|Tailwind|p1a: Kilowattrel\n|-sidestart|p1: nicouser|move: Tailwind\n|move|p1b: Garchomp|Earthquake|p2b: Meowscarada|[spread] p2a,p2b\n|-immune|p1a: Kilowattrel\n|-resisted|p2b: Meowscarada\n|-damage|p2a: Primarina|58\/100\n|-damage|p2b: Meowscarada|72\/100\n|move|p2b: Meowscarada|Grass Pledge|p1a: Kilowattrel\n|-waiting|p2b: Meowscarada|p2a: Primarina\n|move|p2a: Primarina|Water Pledge|p1a: Kilowattrel|[from]move: Grass Pledge\n|-combine\n|-resisted|p1a: Kilowattrel\n|-damage|p1a: Kilowattrel|35\/100\n|-sidestart|p1: nicouser|Grass Pledge\n|\n|upkeep\n|turn|2\n|inactive|something123 has 30 seconds left.\n|\n|t:|1725685720\n|move|p2b: Meowscarada|Knock Off|p1b: Garchomp\n|-damage|p1b: Garchomp|52\/100\n|-damage|p2b: Meowscarada|60\/100|[from] ability: Rough Skin|[of] p1b: Garchomp\n|-enditem|p1b: Garchomp|Clear Amulet|[from] move: Knock Off|[of] p2b: Meowscarada\n|move|p2a: Primarina|Hyper Voice|p1b: Garchomp|[spread] p1a,p1b\n|-damage|p1a: Kilowattrel|0 fnt\n|-damage|p1b: Garchomp|16\/100\n|faint|p1a: Kilowattrel\n|move|p1b: Garchomp|Earthquake|p2a: Primarina|[spread] p2a,p2b\n|-resisted|p2b: Meowscarada\n|-damage|p2a: Primarina|11\/100\n|-damage|p2b: Meowscarada|31\/100\n|-enditem|p2a: Primarina|Sitrus Berry|[eat]\n|-heal|p2a: Primarina|36\/100|[from] item: Sitrus Berry\n|\n|upkeep\n|inactive|nicouser has 30 seconds left.\n|inactive|nicouser has 20 seconds left.\n|inactive|nicouser has 15 seconds left.\n|\n|t:|1725685763\n|switch|p1a: Rillaboom|Rillaboom, L50, F, shiny|100\/100\n|-fieldstart|move: Grassy Terrain|[from] ability: Grassy Surge|[of] p1a: Rillaboom\n|turn|3\n|inactive|something123 has 30 seconds left.\n|\n|t:|1725685793\n|-terastallize|p2a: Primarina|Steel\n|move|p1a: Rillaboom|Fake Out|p2b: Meowscarada\n|-damage|p2b: Meowscarada|9\/100\n|cant|p2b: Meowscarada|flinch\n|move|p2a: Primarina|Hyper Voice|p1a: Rillaboom|[spread] p1a,p1b\n|-resisted|p1a: Rillaboom\n|-damage|p1a: Rillaboom|91\/100\n|-damage|p1b: Garchomp|0 fnt\n|faint|p1b: Garchomp\n|\n|-heal|p2b: Meowscarada|15\/100|[from] Grassy Terrain\n|-heal|p2a: Primarina|42\/100|[from] Grassy Terrain\n|-heal|p1a: Rillaboom|97\/100|[from] Grassy Terrain\n|upkeep\n|\n|t:|1725685801\n|switch|p1b: Gholdengo|Gholdengo, L50, shiny|100\/100\n|turn|4\n|j| maya hoppins\n|inactive|something123 has 30 seconds left.\n|inactive|something123 has 20 seconds left.\n|inactive|something123 has 15 seconds left.\n|\n|t:|1725685843\n|switch|p2b: Typhlosion|Typhlosion-Hisui, L50, M|100\/100\n|-item|p1a: Rillaboom|Assault Vest|[from] ability: Frisk|[of] p2b: Typhlosion\n|-item|p1b: Gholdengo|Choice Specs|[from] ability: Frisk|[of] p2b: Typhlosion\n|move|p1a: Rillaboom|Grassy Glide|p2b: Typhlosion\n|-resisted|p2b: Typhlosion\n|-damage|p2b: Typhlosion|75\/100\n|move|p2a: Primarina|Hyper Voice|p1a: Rillaboom|[spread] p1a,p1b\n|-resisted|p1a: Rillaboom\n|-damage|p1a: Rillaboom|86\/100\n|-damage|p1b: Gholdengo|70\/100\n|move|p1b: Gholdengo|Make It Rain|p2a: Primarina|[spread] p2a,p2b\n|-resisted|p2a: Primarina\n|-resisted|p2b: Typhlosion\n|-damage|p2a: Primarina|13\/100\n|-damage|p2b: Typhlosion|29\/100\n|-unboost|p1b: Gholdengo|spa|1\n|\n|-heal|p2b: Typhlosion|35\/100|[from] Grassy Terrain\n|-heal|p2a: Primarina|19\/100|[from] Grassy Terrain\n|-heal|p1b: Gholdengo|77\/100|[from] Grassy Terrain\n|-heal|p1a: Rillaboom|93\/100|[from] Grassy Terrain\n|-sideend|p1: nicouser|move: Tailwind\n|-sideend|p1: nicouser|Grass Pledge\n|upkeep\n|turn|5\n|inactive|nicouser has 30 seconds left.\n|inactive|something123 has 30 seconds left.\n|inactive|nicouser has 20 seconds left.\n|\n|t:|1725685880\n|-terastallize|p1a: Rillaboom|Grass\n|move|p2a: Primarina|Protect|p2a: Primarina\n|-singleturn|p2a: Primarina|Protect\n|move|p1a: Rillaboom|Grassy Glide|p2b: Typhlosion\n|-resisted|p2b: Typhlosion\n|-damage|p2b: Typhlosion|0 fnt\n|faint|p2b: Typhlosion\n|move|p1b: Gholdengo|Make It Rain|p2a: Primarina\n|-activate|p2a: Primarina|move: Protect\n|\n|-heal|p1b: Gholdengo|83\/100|[from] Grassy Terrain\n|-heal|p2a: Primarina|25\/100|[from] Grassy Terrain\n|-heal|p1a: Rillaboom|99\/100|[from] Grassy Terrain\n|upkeep\n|\n|t:|1725685893\n|switch|p2b: Braviary|Braviary, L50, M|100\/100\n|turn|6\n|l| maya hoppins\n|\n|t:|1725685901\n|move|p1a: Rillaboom|Grassy Glide|p2a: Primarina\n|-resisted|p2a: Primarina\n|-damage|p2a: Primarina|0 fnt\n|faint|p2a: Primarina\n|move|p2b: Braviary|Brave Bird|p1a: Rillaboom\n|-supereffective|p1a: Rillaboom\n|-damage|p1a: Rillaboom|0 fnt\n|faint|p1a: Rillaboom\n|-damage|p2b: Braviary|65\/100|[from] Recoil\n|move|p1b: Gholdengo|Make It Rain|p2b: Braviary\n|-damage|p2b: Braviary|0 fnt\n|-unboost|p1b: Gholdengo|spa|1\n|faint|p2b: Braviary\n|\n|-heal|p1b: Gholdengo|89\/100|[from] Grassy Terrain\n|upkeep\n|\n|t:|1725685909\n|switch|p2b: Meowscarada|Meowscarada, L50, F|15\/100\n|turn|7\n|\n|t:|1725685912\n|move|p2b: Meowscarada|Knock Off|p1b: Gholdengo\n|-supereffective|p1b: Gholdengo\n|-damage|p1b: Gholdengo|5\/100\n|-enditem|p1b: Gholdengo|Choice Specs|[from] move: Knock Off|[of] p2b: Meowscarada\n|move|p1b: Gholdengo|Make It Rain|p2b: Meowscarada\n|-damage|p2b: Meowscarada|0 fnt\n|-unboost|p1b: Gholdengo|spa|1\n|faint|p2b: Meowscarada\n|\n|win|nicouser\n|raw|nicouser's rating: 1705 &rarr; <strong>1724<\/strong><br \/>(+19 for winning)\n|raw|something123's rating: 1683 &rarr; <strong>1664<\/strong><br \/>(-19 for losing)\n|l|\u2606something123\n|player|p2|\n|l|\u2606nicouser\n|player|p1|\n","uploadtime":1725686088,"views":14,"formatid":"gen9vgc2024regh","rating":1664,"private":0,"password":null}