{"id":"gen9vgc2024regh-2196951480","format":"[Gen 9] VGC 2024 Reg H","players":["VGCNEOPHYTE","lelouchswag"],"log":"|j|\u2606VGCNEOPHYTE\n|j|\u2606lelouchswag\n|t:|1725771349\n|gametype|doubles\n|player|p1|VGCNEOPHYTE|chuck|1710\n|player|p2|lelouchswag|1|1722\n|teamsize|p1|6\n|teamsize|p2|6\n|gen|9\n|tier|[Gen 9] VGC 2024 Reg H\n|rated|\n|rule|Species Clause: Limit one of each Pok\u00e9mon\n|rule|Item Clause: Limit 1 of each item\n|clearpoke\n|poke|p1|Dondozo, L50, F|\n|poke|p1|Tatsugiri, L50, M|\n|poke|p1|Dragonite, L50, F|\n|poke|p1|Gholdengo, L50|\n|poke|p1|Pawmot, L50, M|\n|poke|p1|Talonflame, L50, M|\n|poke|p2|Meowscarada, L50, F|\n|poke|p2|Primarina, L50, M|\n|poke|p2|Sylveon, L50, M|\n|poke|p2|Indeedee, L50, M|\n|poke|p2|Gliscor, L50, M|\n|poke|p2|Decidueye-Hisui, L50, F|\n|teampreview|4\n|inactive|Battle timer is ON: inactive players will automatically lose when time's up. (requested by VGCNEOPHYTE)\n|j| geekaleek\n|inactive|VGCNEOPHYTE has 60 seconds left.\n|\n|t:|1725771381\n|start\n|switch|p1a: Gholdengo|Gholdengo, L50|100\/100\n|switch|p1b: Dragonite|Dragonite, L50, F|100\/100\n|switch|p2a: Meowscarada|Meowscarada, L50, F|100\/100\n|switch|p2b: Primarina|Primarina, L50, M|100\/100\n|turn|1\n|\n|t:|1725771397\n|-terastallize|p1a: Gholdengo|Steel\n|move|p2a: Meowscarada|Protect|p2a: Meowscarada\n|-singleturn|p2a: Meowscarada|Protect\n|move|p2b: Primarina|Protect|p2b: Primarina\n|-singleturn|p2b: Primarina|Protect\n|move|p1b: Dragonite|Extreme Speed|p2a: Meowscarada\n|-activate|p2a: Meowscarada|move: Protect\n|move|p1a: Gholdengo|Make It Rain|p2b: Primarina|[spread] \n|-activate|p2a: Meowscarada|move: Protect\n|-activate|p2b: Primarina|move: Protect\n|\n|upkeep\n|turn|2\n|j| fdgdgdsfs\n|j| judang\n|\n|t:|1725771416\n|-terastallize|p2b: Primarina|Steel\n|move|p1b: Dragonite|Extreme Speed|p2a: Meowscarada\n|-damage|p2a: Meowscarada|28\/100\n|move|p2a: Meowscarada|Grass Pledge|p1a: Gholdengo\n|-waiting|p2a: Meowscarada|p2b: Primarina\n|move|p2b: Primarina|Water Pledge|p1a: Gholdengo|[from]move: Grass Pledge\n|-combine\n|-resisted|p1a: Gholdengo\n|-damage|p1a: Gholdengo|54\/100\n|-sidestart|p1: VGCNEOPHYTE|Grass Pledge\n|move|p1a: Gholdengo|Make It Rain|p2b: Primarina|[spread] p2a,p2b\n|-resisted|p2b: Primarina\n|-damage|p2a: Meowscarada|0 fnt\n|-damage|p2b: Primarina|46\/100\n|-unboost|p1a: Gholdengo|spa|1\n|faint|p2a: Meowscarada\n|\n|upkeep\n|\n|t:|1725771422\n|switch|p2a: Indeedee|Indeedee, L50, M|100\/100\n|-fieldstart|move: Psychic Terrain|[from] ability: Psychic Surge|[of] p2a: Indeedee\n|turn|3\n|j| imomusi\n|\n|t:|1725771430\n|switch|p1b: Dondozo|Dondozo, L50, F|100\/100\n|move|p2a: Indeedee|Expanding Force|p1b: Dondozo|[spread] p1a,p1b\n|-resisted|p1a: Gholdengo\n|-damage|p1a: Gholdengo|12\/100\n|-damage|p1b: Dondozo|31\/100\n|move|p2b: Primarina|Hyper Voice|p1b: Dondozo|[spread] p1a,p1b\n|-resisted|p1b: Dondozo\n|-damage|p1a: Gholdengo|0 fnt\n|-damage|p1b: Dondozo|9\/100\n|faint|p1a: Gholdengo\n|\n|-heal|p1b: Dondozo|16\/100|[from] item: Leftovers\n|upkeep\n|\n|t:|1725771442\n|switch|p1a: Tatsugiri|Tatsugiri, L50, M|100\/100\n|-activate|p1a: Tatsugiri|ability: Commander|[of] p1b: Dondozo\n|-boost|p1b: Dondozo|atk|2\n|-boost|p1b: Dondozo|spa|2\n|-boost|p1b: Dondozo|spe|2\n|-boost|p1b: Dondozo|def|2\n|-boost|p1b: Dondozo|spd|2\n|turn|4\n|\n|t:|1725771450\n|switch|p2b: Decidueye|Decidueye-Hisui, L50, F|100\/100\n|move|p1b: Dondozo|Protect|p1b: Dondozo\n|-singleturn|p1b: Dondozo|Protect\n|move|p2a: Indeedee|Expanding Force|p1b: Dondozo|[spread] \n|-miss|p2a: Indeedee|p1a: Tatsugiri\n|-activate|p1b: Dondozo|move: Protect\n|\n|-heal|p1b: Dondozo|22\/100|[from] item: Leftovers\n|upkeep\n|turn|5\n|\n|t:|1725771462\n|move|p2a: Indeedee|Expanding Force|p1b: Dondozo|[spread] p1b\n|-miss|p2a: Indeedee|p1a: Tatsugiri\n|-damage|p1b: Dondozo|0 fnt\n|faint|p1b: Dondozo\n|move|p2b: Decidueye|Tailwind|p2b: Decidueye\n|-sidestart|p2: lelouchswag|move: Tailwind\n|\n|-sideend|p1: VGCNEOPHYTE|Grass Pledge\n|upkeep\n|\n|t:|1725771469\n|switch|p1b: Dragonite|Dragonite, L50, F|100\/100\n|turn|6\n|\n|t:|1725771476\n|move|p2a: Indeedee|Expanding Force|p1b: Dragonite|[spread] p1a,p1b\n|-damage|p1a: Tatsugiri|9\/100\n|-damage|p1b: Dragonite|35\/100\n|move|p1a: Tatsugiri|Muddy Water|p2b: Decidueye|[spread] p2a,p2b\n|-resisted|p2b: Decidueye\n|-damage|p2a: Indeedee|49\/100\n|-damage|p2b: Decidueye|81\/100\n|-unboost|p2a: Indeedee|accuracy|1\n|move|p2b: Decidueye|Triple Arrows|p1a: Tatsugiri\n|-crit|p1a: Tatsugiri\n|-damage|p1a: Tatsugiri|0 fnt\n|faint|p1a: Tatsugiri\n|move|p1b: Dragonite|Outrage|p2b: Decidueye\n|-damage|p2b: Decidueye|0 fnt\n|faint|p2b: Decidueye\n|\n|upkeep\n|\n|t:|1725771482\n|switch|p2b: Primarina|Primarina, L50, M, tera:Steel|46\/100\n|turn|7\n|-message|VGCNEOPHYTE forfeited.\n|\n|win|lelouchswag\n|raw|VGCNEOPHYTE's rating: 1710 &rarr; <strong>1691<\/strong><br \/>(-19 for losing)\n|raw|lelouchswag's rating: 1722 &rarr; <strong>1741<\/strong><br \/>(+19 for winning)\n|l|\u2606VGCNEOPHYTE\n|player|p1|\n|j| NG\u4e0dNG\n|l| NG\u4e0dNG\n|l|\u2606lelouchswag\n|player|p2|\n|l| geekaleek\n|l| fdgdgdsfs\n|l| imomusi\n|l| judang\n","uploadtime":1725771536,"views":25,"formatid":"gen9vgc2024regh","rating":1691,"private":0,"password":null}