{"id":"gen9vgc2024regh-2196377875","format":"[Gen 9] VGC 2024 Reg H","players":["pokehys3","fangame10"],"log":"|j|\u2606pokehys3\n|j|\u2606fangame10\n|t:|1725699824\n|gametype|doubles\n|player|p1|pokehys3|265|1704\n|player|p2|fangame10|red|1801\n|teamsize|p1|6\n|teamsize|p2|6\n|gen|9\n|tier|[Gen 9] VGC 2024 Reg H\n|rated|\n|rule|Species Clause: Limit one of each Pok\u00e9mon\n|rule|Item Clause: Limit 1 of each item\n|clearpoke\n|poke|p1|Gholdengo, L50|\n|poke|p1|Talonflame, L50, F|\n|poke|p1|Sneasler, L50, M|\n|poke|p1|Indeedee, L50, M|\n|poke|p1|Mamoswine, L50, M|\n|poke|p1|Amoonguss, L50, F|\n|poke|p2|Baxcalibur, L50, F|\n|poke|p2|Ninetales-Alola, L50, F|\n|poke|p2|Milotic, L50, M|\n|poke|p2|Skeledirge, L50, F|\n|poke|p2|Rillaboom, L50, F|\n|poke|p2|Sneasler, L50, M|\n|teampreview|4\n|inactive|Battle timer is ON: inactive players will automatically lose when time's up. (requested by fangame10)\n|inactive|pokehys3 also wants the timer to be on.\n|j| Digimonuniverse\n|j| Therazer456\n|inactive|pokehys3 has 60 seconds left.\n|inactive|fangame10 has 60 seconds left.\n|\n|t:|1725699878\n|start\n|switch|p1a: Talonflame|Talonflame, L50, F|100\/100\n|switch|p1b: Gholdengo|Gholdengo, L50|100\/100\n|switch|p2a: Milotic|Milotic, L50, M, shiny|100\/100\n|switch|p2b: Rillaboom|Rillaboom, L50, F, shiny|100\/100\n|-fieldstart|move: Grassy Terrain|[from] ability: Grassy Surge|[of] p2b: Rillaboom\n|turn|1\n|inactive|pokehys3 has 30 seconds left.\n|\n|t:|1725699908\n|-terastallize|p1a: Talonflame|Ghost\n|-terastallize|p2b: Rillaboom|Fire\n|move|p1a: Talonflame|Taunt|p2a: Milotic\n|-start|p2a: Milotic|move: Taunt\n|move|p1b: Gholdengo|Make It Rain|p2b: Rillaboom|[spread] p2a,p2b\n|-resisted|p2a: Milotic\n|-resisted|p2b: Rillaboom\n|-damage|p2a: Milotic|75\/100\n|-damage|p2b: Rillaboom|73\/100\n|-unboost|p1b: Gholdengo|spa|1\n|move|p2a: Milotic|Muddy Water|p1b: Gholdengo|[spread] p1a,p1b\n|-damage|p1a: Talonflame|67\/100\n|-damage|p1b: Gholdengo|74\/100\n|move|p2b: Rillaboom|High Horsepower|p1b: Gholdengo\n|-supereffective|p1b: Gholdengo\n|-crit|p1b: Gholdengo\n|-damage|p1b: Gholdengo|0 fnt\n|faint|p1b: Gholdengo\n|\n|-heal|p1a: Talonflame|73\/100|[from] Grassy Terrain\n|-heal|p2a: Milotic|81\/100|[from] Grassy Terrain\n|-heal|p2b: Rillaboom|79\/100|[from] Grassy Terrain\n|upkeep\n|\n|t:|1725699919\n|switch|p1b: Indeedee|Indeedee, L50, M|100\/100\n|-fieldstart|move: Psychic Terrain|[from] ability: Psychic Surge|[of] p1b: Indeedee\n|turn|2\n|\n|t:|1725699928\n|switch|p2b: Ninetales|Ninetales-Alola, L50, F, shiny|100\/100\n|-weather|Snow|[from] ability: Snow Warning|[of] p2b: Ninetales\n|move|p1b: Indeedee|Expanding Force|p2b: Ninetales|[spread] p2a,p2b\n|-damage|p2a: Milotic|48\/100\n|-damage|p2b: Ninetales|43\/100\n|-enditem|p2a: Milotic|Sitrus Berry|[eat]\n|-heal|p2a: Milotic|73\/100|[from] item: Sitrus Berry\n|move|p1a: Talonflame|Brave Bird|p2b: Ninetales\n|-damage|p2b: Ninetales|0 fnt\n|faint|p2b: Ninetales\n|-damage|p1a: Talonflame|58\/100|[from] Recoil\n|-damage|p1a: Talonflame|49\/100|[from] item: Life Orb\n|move|p2a: Milotic|Muddy Water|p1a: Talonflame|[spread] p1a,p1b\n|-damage|p1a: Talonflame|11\/100\n|-damage|p1b: Indeedee|69\/100\n|\n|-weather|Snow|[upkeep]\n|upkeep\n|\n|t:|1725699934\n|switch|p2b: Rillaboom|Rillaboom, L50, F, shiny, tera:Fire|79\/100\n|-fieldstart|move: Grassy Terrain|[from] ability: Grassy Surge|[of] p2b: Rillaboom\n|turn|3\n|\n|t:|1725699944\n|switch|p1b: Sneasler|Sneasler, L50, M|100\/100\n|switch|p2b: Skeledirge|Skeledirge, L50, F|100\/100\n|move|p1a: Talonflame|Brave Bird|p2b: Skeledirge\n|-damage|p2b: Skeledirge|50\/100\n|-damage|p1a: Talonflame|0 fnt|[from] Recoil\n|faint|p1a: Talonflame\n|move|p2a: Milotic|Muddy Water|p1b: Sneasler\n|-damage|p1b: Sneasler|59\/100\n|\n|-weather|Snow|[upkeep]\n|-heal|p1b: Sneasler|65\/100|[from] Grassy Terrain\n|-heal|p2a: Milotic|79\/100|[from] Grassy Terrain\n|-heal|p2b: Skeledirge|55\/100|[from] Grassy Terrain\n|-heal|p2b: Skeledirge|61\/100|[from] item: Leftovers\n|-end|p2a: Milotic|move: Taunt\n|upkeep\n|\n|t:|1725699946\n|switch|p1a: Indeedee|Indeedee, L50, M|69\/100\n|-fieldstart|move: Psychic Terrain|[from] ability: Psychic Surge|[of] p1a: Indeedee\n|-enditem|p1b: Sneasler|Psychic Seed\n|-boost|p1b: Sneasler|spd|1|[from] item: Psychic Seed\n|turn|4\n|j| bieiup\n|inactive|pokehys3 has 30 seconds left.\n|inactive|fangame10 has 30 seconds left.\n|\n|t:|1725699976\n|switch|p2b: Rillaboom|Rillaboom, L50, F, shiny, tera:Fire|79\/100\n|-fieldstart|move: Grassy Terrain|[from] ability: Grassy Surge|[of] p2b: Rillaboom\n|move|p1b: Sneasler|Throat Chop|p2b: Rillaboom\n|-damage|p2b: Rillaboom|50\/100\n|-start|p2b: Rillaboom|Throat Chop|[silent]\n|move|p1a: Indeedee|Expanding Force|p2b: Rillaboom\n|-damage|p2b: Rillaboom|20\/100\n|move|p2a: Milotic|Muddy Water|p1b: Sneasler|[spread] p1a,p1b\n|-damage|p1a: Indeedee|40\/100\n|-damage|p1b: Sneasler|45\/100\n|\n|-weather|Snow|[upkeep]\n|-heal|p1b: Sneasler|51\/100|[from] Grassy Terrain\n|-heal|p1a: Indeedee|46\/100|[from] Grassy Terrain\n|-heal|p2a: Milotic|85\/100|[from] Grassy Terrain\n|-heal|p2b: Rillaboom|26\/100|[from] Grassy Terrain\n|upkeep\n|turn|5\n|-message|pokehys3 forfeited.\n|\n|win|fangame10\n|raw|pokehys3's rating: 1704 &rarr; <strong>1688<\/strong><br \/>(-16 for losing)\n|raw|fangame10's rating: 1775 &rarr; <strong>1791<\/strong><br \/>(+16 for winning)\n|l|\u2606fangame10\n|player|p2|\n|l| Therazer456\n|l| Digimonuniverse\n|l| bieiup\n","uploadtime":1725700009,"views":43,"formatid":"gen9vgc2024regh","rating":1688,"private":0,"password":null}