{"id":"gen9vgc2024regh-2196941265","format":"[Gen 9] VGC 2024 Reg H","players":["Waffles4breakfast","falcon108"],"log":"|j|\u2606Waffles4breakfast\n|j|\u2606falcon108\n|t:|1725769837\n|gametype|doubles\n|player|p1|Waffles4breakfast|juggler|1700\n|player|p2|falcon108|palmer|1697\n|teamsize|p1|6\n|teamsize|p2|6\n|gen|9\n|tier|[Gen 9] VGC 2024 Reg H\n|rated|\n|rule|Species Clause: Limit one of each Pok\u00e9mon\n|rule|Item Clause: Limit 1 of each item\n|clearpoke\n|poke|p1|Archaludon, L50, F|\n|poke|p1|Pelipper, L50, F|\n|poke|p1|Basculegion, L50, M|\n|poke|p1|Amoonguss, L50, F|\n|poke|p1|Gholdengo, L50|\n|poke|p1|Murkrow, L50, M|\n|poke|p2|Volcarona, L50, F|\n|poke|p2|Ursaluna-Bloodmoon, L50, M|\n|poke|p2|Tyranitar, L50, M|\n|poke|p2|Grimmsnarl, L50, M|\n|poke|p2|Gholdengo, L50|\n|poke|p2|Amoonguss, L50, F|\n|teampreview|4\n|inactive|Battle timer is ON: inactive players will automatically lose when time's up. (requested by falcon108)\n|inactive|falcon108 has 60 seconds left.\n|\n|t:|1725769873\n|start\n|switch|p1a: Gholdengo|Gholdengo, L50|100\/100\n|switch|p1b: Basculegion|Basculegion, L50, M|100\/100\n|switch|p2a: Ursaluna|Ursaluna-Bloodmoon, L50, M|100\/100\n|switch|p2b: Grimmsnarl|Grimmsnarl, L50, M|100\/100\n|turn|1\n|j| zer90\n|j| lori Kitahara\n|inactive|falcon108 has 30 seconds left.\n|\n|t:|1725769905\n|-terastallize|p1a: Gholdengo|Steel\n|move|p2a: Ursaluna|Protect|p2a: Ursaluna\n|-singleturn|p2a: Ursaluna|Protect\n|move|p2b: Grimmsnarl|Light Screen|p2b: Grimmsnarl\n|-sidestart|p2: falcon108|move: Light Screen\n|move|p1a: Gholdengo|Make It Rain|p2b: Grimmsnarl|[spread] p2b\n|-activate|p2a: Ursaluna|move: Protect\n|-supereffective|p2b: Grimmsnarl\n|-damage|p2b: Grimmsnarl|0 fnt\n|-unboost|p1a: Gholdengo|spa|1\n|faint|p2b: Grimmsnarl\n|move|p1b: Basculegion|Flip Turn|p2a: Ursaluna\n|-activate|p2a: Ursaluna|move: Protect\n|\n|upkeep\n|j| fgfdhgfds\n|\n|t:|1725769920\n|switch|p2b: Gholdengo|Gholdengo, L50, shiny|100\/100\n|turn|2\n|\n|t:|1725769937\n|switch|p1a: Pelipper|Pelipper, L50, F|100\/100\n|-weather|RainDance|[from] ability: Drizzle|[of] p1a: Pelipper\n|move|p1b: Basculegion|Flip Turn|p2a: Ursaluna\n|-supereffective|p2a: Ursaluna\n|-damage|p2a: Ursaluna|2\/100\n|\n|t:|1725769944\n|switch|p1b: Archaludon|Archaludon, L50, F|100\/100|[from] Flip Turn\n|move|p2b: Gholdengo|Nasty Plot|p2b: Gholdengo\n|-boost|p2b: Gholdengo|spa|2\n|move|p2a: Ursaluna|Earth Power|p1a: Pelipper\n|-immune|p1a: Pelipper\n|\n|-weather|RainDance|[upkeep]\n|upkeep\n|turn|3\n|l| lori Kitahara\n|inactive|falcon108 has 30 seconds left.\n|\n|t:|1725769974\n|move|p1a: Pelipper|Weather Ball|p2a: Ursaluna\n|-supereffective|p2a: Ursaluna\n|-damage|p2a: Ursaluna|0 fnt\n|faint|p2a: Ursaluna\n|move|p2b: Gholdengo|Shadow Ball|p1b: Archaludon\n|-damage|p1b: Archaludon|35\/100\n|-ability|p1b: Archaludon|Stamina|boost\n|-boost|p1b: Archaludon|def|1\n|move|p1b: Archaludon|Electro Shot||[still]\n|-prepare|p1b: Archaludon|Electro Shot\n|-boost|p1b: Archaludon|spa|1\n|-anim|p1b: Archaludon|Electro Shot|p2b: Gholdengo\n|-damage|p2b: Gholdengo|53\/100\n|\n|-weather|RainDance|[upkeep]\n|-heal|p2b: Gholdengo|60\/100|[from] item: Leftovers\n|upkeep\n|\n|t:|1725769977\n|switch|p2a: Tyranitar|Tyranitar, L50, M|100\/100\n|-weather|Sandstorm|[from] ability: Sand Stream|[of] p2a: Tyranitar\n|turn|4\n|\n|t:|1725769995\n|switch|p1a: Gholdengo|Gholdengo, L50, tera:Steel|100\/100\n|-terastallize|p2a: Tyranitar|Flying\n|move|p2b: Gholdengo|Shadow Ball|p1b: Archaludon\n|-damage|p1b: Archaludon|0 fnt\n|faint|p1b: Archaludon\n|move|p2a: Tyranitar|Rock Slide|p1a: Gholdengo\n|-resisted|p1a: Gholdengo\n|-damage|p1a: Gholdengo|75\/100\n|\n|-weather|Sandstorm|[upkeep]\n|-damage|p2a: Tyranitar|95\/100|[from] Sandstorm\n|-heal|p2b: Gholdengo|66\/100|[from] item: Leftovers\n|upkeep\n|\n|t:|1725770004\n|switch|p1b: Pelipper|Pelipper, L50, F|100\/100\n|-weather|RainDance|[from] ability: Drizzle|[of] p1b: Pelipper\n|turn|5\n|\n|t:|1725770023\n|move|p2b: Gholdengo|Protect|p2b: Gholdengo\n|-singleturn|p2b: Gholdengo|Protect\n|move|p1a: Gholdengo|Shadow Ball|p2b: Gholdengo\n|-activate|p2b: Gholdengo|move: Protect\n|move|p1b: Pelipper|Weather Ball|p2a: Tyranitar\n|-damage|p2a: Tyranitar|69\/100\n|move|p2a: Tyranitar|Rock Slide|p1a: Gholdengo|[spread] p1a,p1b\n|-resisted|p1a: Gholdengo\n|-supereffective|p1b: Pelipper\n|-damage|p1a: Gholdengo|57\/100\n|-damage|p1b: Pelipper|17\/100\n|\n|-weather|RainDance|[upkeep]\n|-heal|p2b: Gholdengo|72\/100|[from] item: Leftovers\n|upkeep\n|turn|6\n|inactive|falcon108 has 30 seconds left.\n|inactive|falcon108 has 20 seconds left.\n|\n|t:|1725770061\n|move|p1a: Gholdengo|Shadow Ball|p2b: Gholdengo\n|-supereffective|p2b: Gholdengo\n|-damage|p2b: Gholdengo|0 fnt\n|faint|p2b: Gholdengo\n|move|p1b: Pelipper|Weather Ball|p2a: Tyranitar\n|-damage|p2a: Tyranitar|44\/100\n|move|p2a: Tyranitar|Knock Off|p1a: Gholdengo\n|-damage|p1a: Gholdengo|0 fnt\n|-enditem|p1a: Gholdengo|Choice Specs|[from] move: Knock Off|[of] p2a: Tyranitar\n|faint|p1a: Gholdengo\n|\n|-weather|RainDance|[upkeep]\n|upkeep\n|l| zer90\n|\n|t:|1725770064\n|switch|p1a: Basculegion|Basculegion, L50, M|100\/100\n|turn|7\n|\n|t:|1725770068\n|move|p1a: Basculegion|Last Respects|p2a: Tyranitar\n|-damage|p2a: Tyranitar|0 fnt\n|faint|p2a: Tyranitar\n|\n|win|Waffles4breakfast\n|raw|Waffles4breakfast's rating: 1700 &rarr; <strong>1720<\/strong><br \/>(+20 for winning)\n|raw|falcon108's rating: 1697 &rarr; <strong>1677<\/strong><br \/>(-20 for losing)\n|l|\u2606falcon108\n|player|p2|\n|l|\u2606Waffles4breakfast\n|player|p1|\n|l| fgfdhgfds\n","uploadtime":1725770341,"views":28,"formatid":"gen9vgc2024regh","rating":1677,"private":0,"password":null}