{"id":"gen9vgc2024regh-2196115265","format":"[Gen 9] VGC 2024 Reg H","players":["yung elmers glue","Moosewii7"],"log":"|j|\u2606yung elmers glue\n|j|\u2606Moosewii7\n|t:|1725660841\n|gametype|doubles\n|player|p1|yung elmers glue|juan|1718\n|player|p2|Moosewii7|102|1741\n|teamsize|p1|6\n|teamsize|p2|6\n|gen|9\n|tier|[Gen 9] VGC 2024 Reg H\n|rated|\n|rule|Species Clause: Limit one of each Pok\u00e9mon\n|rule|Item Clause: Limit 1 of each item\n|clearpoke\n|poke|p1|Dondozo, L50, M|\n|poke|p1|Tatsugiri, L50, M|\n|poke|p1|Archaludon, L50, M|\n|poke|p1|Rillaboom, L50, F|\n|poke|p1|Dragonite, L50, F|\n|poke|p1|Glimmora, L50, F|\n|poke|p2|Garganacl, L50, F|\n|poke|p2|Amoonguss, L50, M|\n|poke|p2|Dragapult, L50, M|\n|poke|p2|Kingambit, L50, F|\n|poke|p2|Dragonite, L50, M|\n|poke|p2|Ninetales-Alola, L50, M|\n|teampreview|4\n|inactive|Battle timer is ON: inactive players will automatically lose when time's up. (requested by Moosewii7)\n|\n|t:|1725660865\n|start\n|switch|p1a: Dondozo|Dondozo, L50, M|100\/100\n|switch|p1b: Glimmora|Glimmora, L50, F|100\/100\n|switch|p2a: Dragonite|Dragonite, L50, M|100\/100\n|switch|p2b: Dragapult|Dragapult, L50, M|100\/100\n|turn|1\n|inactive|yung elmers glue has 30 seconds left.\n|inactive|yung elmers glue has 20 seconds left.\n|\n|t:|1725660904\n|move|p2b: Dragapult|Protect|p2b: Dragapult\n|-singleturn|p2b: Dragapult|Protect\n|move|p2a: Dragonite|Protect|p2a: Dragonite\n|-singleturn|p2a: Dragonite|Protect\n|move|p1b: Glimmora|Power Gem|p2a: Dragonite\n|-activate|p2a: Dragonite|move: Protect\n|move|p1a: Dondozo|Order Up|p2a: Dragonite\n|-activate|p2a: Dragonite|move: Protect\n|\n|upkeep\n|turn|2\n|\n|t:|1725660924\n|switch|p2b: Garganacl|Garganacl, L50, F|100\/100\n|switch|p2a: Amoonguss|Amoonguss, L50, M|100\/100\n|move|p1a: Dondozo|Protect|p1a: Dondozo\n|-singleturn|p1a: Dondozo|Protect\n|move|p1b: Glimmora|Power Gem|p2a: Amoonguss\n|-damage|p2a: Amoonguss|64\/100\n|\n|upkeep\n|turn|3\n|\n|t:|1725660946\n|-terastallize|p1a: Dondozo|Grass\n|-terastallize|p2b: Garganacl|Fairy\n|move|p1b: Glimmora|Sludge Bomb|p2a: Amoonguss\n|-damage|p2a: Amoonguss|26\/100\n|-enditem|p2a: Amoonguss|Sitrus Berry|[eat]\n|-heal|p2a: Amoonguss|51\/100|[from] item: Sitrus Berry\n|move|p1a: Dondozo|Earthquake|p2a: Amoonguss|[spread] p1b,p2a,p2b\n|-supereffective|p1b: Glimmora\n|-enditem|p1b: Glimmora|Focus Sash\n|-damage|p1b: Glimmora|1\/100\n|-damage|p2a: Amoonguss|33\/100\n|-damage|p2b: Garganacl|85\/100\n|-activate|p1b: Glimmora|ability: Toxic Debris\n|-sidestart|p2: Moosewii7|move: Toxic Spikes\n|move|p2b: Garganacl|Salt Cure|p1a: Dondozo\n|-damage|p1a: Dondozo|91\/100\n|-start|p1a: Dondozo|Salt Cure\n|move|p2a: Amoonguss|Spore|p1b: Glimmora\n|-status|p1b: Glimmora|slp|[from] move: Spore\n|\n|-heal|p1a: Dondozo|97\/100|[from] item: Leftovers\n|-heal|p2b: Garganacl|91\/100|[from] item: Leftovers\n|-damage|p1a: Dondozo|85\/100|[from] Salt Cure\n|upkeep\n|turn|4\n|j| MatMan94\n|inactive|Moosewii7 has 30 seconds left.\n|\n|t:|1725660973\n|switch|p1a: Tatsugiri|Tatsugiri, L50, M|100\/100\n|switch|p2a: Dragonite|Dragonite, L50, M|100\/100\n|cant|p1b: Glimmora|slp\n|move|p2b: Garganacl|Salt Cure|p1b: Glimmora\n|-damage|p1b: Glimmora|0 fnt\n|-activate|p1b: Glimmora|ability: Toxic Debris\n|-sidestart|p2: Moosewii7|move: Toxic Spikes\n|faint|p1b: Glimmora\n|\n|-heal|p2b: Garganacl|97\/100|[from] item: Leftovers\n|upkeep\n|j| mr pogostick\n|j| axelb1337\n|\n|t:|1725660986\n|switch|p1b: Dondozo|Dondozo, L50, M, tera:Grass|85\/100\n|-activate|p1a: Tatsugiri|ability: Commander|[of] p1b: Dondozo\n|-boost|p1b: Dondozo|atk|2\n|-boost|p1b: Dondozo|spa|2\n|-boost|p1b: Dondozo|spe|2\n|-boost|p1b: Dondozo|def|2\n|-boost|p1b: Dondozo|spd|2\n|turn|5\n|\n|t:|1725660997\n|move|p1b: Dondozo|Order Up|p2a: Dragonite\n|-supereffective|p2a: Dragonite\n|-damage|p2a: Dragonite|55\/100\n|-enditem|p2a: Dragonite|Weakness Policy\n|-boost|p2a: Dragonite|atk|2|[from] item: Weakness Policy\n|-boost|p2a: Dragonite|spa|2|[from] item: Weakness Policy\n|-boost|p1b: Dondozo|atk|1\n|move|p2a: Dragonite|Ice Spinner|p1b: Dondozo\n|-supereffective|p1b: Dondozo\n|-damage|p1b: Dondozo|64\/100\n|move|p2b: Garganacl|Salt Cure|p1b: Dondozo\n|-damage|p1b: Dondozo|59\/100\n|-start|p1b: Dondozo|Salt Cure\n|\n|-heal|p1b: Dondozo|66\/100|[from] item: Leftovers\n|-heal|p2b: Garganacl|100\/100|[from] item: Leftovers\n|-damage|p1b: Dondozo|53\/100|[from] Salt Cure\n|upkeep\n|turn|6\n|\n|t:|1725661020\n|switch|p2b: Amoonguss|Amoonguss, L50, M|66\/100\n|-sideend|p2: Moosewii7|move: Toxic Spikes|[of] p2b: Amoonguss\n|move|p2a: Dragonite|Protect|p2a: Dragonite\n|-singleturn|p2a: Dragonite|Protect\n|move|p1b: Dondozo|Order Up|p2a: Dragonite\n|-activate|p2a: Dragonite|move: Protect\n|\n|-heal|p1b: Dondozo|59\/100|[from] item: Leftovers\n|-damage|p1b: Dondozo|47\/100|[from] Salt Cure\n|upkeep\n|turn|7\n|inactive|Moosewii7 has 30 seconds left.\n|inactive|Moosewii7 has 20 seconds left.\n|inactive|Moosewii7 has 15 seconds left.\n|\n|t:|1725661061\n|move|p2a: Dragonite|Extreme Speed|p1b: Dondozo\n|-damage|p1b: Dondozo|36\/100\n|move|p1b: Dondozo|Wave Crash|p2a: Dragonite\n|-resisted|p2a: Dragonite\n|-damage|p2a: Dragonite|0 fnt\n|faint|p2a: Dragonite\n|-damage|p1b: Dondozo|20\/100|[from] Recoil\n|move|p2b: Amoonguss|Pollen Puff|p1b: Dondozo\n|-supereffective|p1b: Dondozo\n|-damage|p1b: Dondozo|3\/100\n|\n|-heal|p1b: Dondozo|9\/100|[from] item: Leftovers\n|-damage|p1b: Dondozo|0 fnt|[from] Salt Cure\n|faint|p1b: Dondozo\n|upkeep\n|\n|t:|1725661086\n|switch|p2a: Garganacl|Garganacl, L50, F, tera:Fairy|100\/100\n|switch|p1b: Archaludon|Archaludon, L50, M|100\/100\n|turn|8\n|\n|t:|1725661111\n|move|p2b: Amoonguss|Rage Powder|p2b: Amoonguss\n|-singleturn|p2b: Amoonguss|move: Rage Powder\n|move|p1a: Tatsugiri|Draco Meteor|p2b: Amoonguss\n|-damage|p2b: Amoonguss|20\/100\n|-unboost|p1a: Tatsugiri|spa|2\n|move|p1b: Archaludon|Electro Shot||[still]\n|-prepare|p1b: Archaludon|Electro Shot\n|-boost|p1b: Archaludon|spa|1\n|-enditem|p1b: Archaludon|Power Herb\n|-anim|p1b: Archaludon|Electro Shot|p2b: Amoonguss\n|-resisted|p2b: Amoonguss\n|-damage|p2b: Amoonguss|0 fnt\n|faint|p2b: Amoonguss\n|move|p2a: Garganacl|Salt Cure|p1b: Archaludon\n|-resisted|p1b: Archaludon\n|-damage|p1b: Archaludon|94\/100\n|-start|p1b: Archaludon|Salt Cure\n|\n|-damage|p1b: Archaludon|69\/100|[from] Salt Cure\n|upkeep\n|\n|t:|1725661128\n|switch|p2b: Dragapult|Dragapult, L50, M|100\/100\n|turn|9\n|j| bbbb13\n|\n|t:|1725661135\n|move|p2b: Dragapult|Protect|p2b: Dragapult\n|-singleturn|p2b: Dragapult|Protect\n|move|p2a: Garganacl|Protect|p2a: Garganacl\n|-singleturn|p2a: Garganacl|Protect\n|move|p1a: Tatsugiri|Draco Meteor|p2b: Dragapult\n|-activate|p2b: Dragapult|move: Protect\n|move|p1b: Archaludon|Flash Cannon|p2a: Garganacl\n|-activate|p2a: Garganacl|move: Protect\n|\n|-damage|p1b: Archaludon|44\/100|[from] Salt Cure\n|upkeep\n|turn|10\n|\n|t:|1725661150\n|move|p1a: Tatsugiri|Draco Meteor|p2b: Dragapult|[miss]\n|-miss|p1a: Tatsugiri|p2b: Dragapult\n|move|p2b: Dragapult|Phantom Force||[still]\n|-prepare|p2b: Dragapult|Phantom Force\n|move|p1b: Archaludon|Flash Cannon|p2a: Garganacl\n|-supereffective|p2a: Garganacl\n|-damage|p2a: Garganacl|5\/100\n|move|p2a: Garganacl|Recover|p2a: Garganacl\n|-heal|p2a: Garganacl|55\/100\n|\n|-heal|p2a: Garganacl|61\/100|[from] item: Leftovers\n|-damage|p1b: Archaludon|20\/100|[from] Salt Cure\n|upkeep\n|turn|11\n|\n|t:|1725661169\n|move|p1a: Tatsugiri|Draco Meteor|p2b: Dragapult|[miss]\n|-miss|p1a: Tatsugiri|p2b: Dragapult\n|move|p2b: Dragapult|Phantom Force|p1b: Archaludon|[from]lockedmove\n|-crit|p1b: Archaludon\n|-damage|p1b: Archaludon|0 fnt\n|faint|p1b: Archaludon\n|-damage|p2b: Dragapult|91\/100|[from] item: Life Orb\n|move|p2a: Garganacl|Salt Cure|p1a: Tatsugiri\n|-damage|p1a: Tatsugiri|77\/100\n|-start|p1a: Tatsugiri|Salt Cure\n|\n|-heal|p2a: Garganacl|67\/100|[from] item: Leftovers\n|-damage|p1a: Tatsugiri|52\/100|[from] Salt Cure\n|upkeep\n|turn|12\n|-message|yung elmers glue forfeited.\n|\n|win|Moosewii7\n|raw|yung elmers glue's rating: 1718 &rarr; <strong>1699<\/strong><br \/>(-19 for losing)\n|raw|Moosewii7's rating: 1741 &rarr; <strong>1760<\/strong><br \/>(+19 for winning)\n|l|\u2606yung elmers glue\n|player|p1|\n|l| mr pogostick\n|l| axelb1337\n|l| MatMan94\n|l| bbbb13\n","uploadtime":1725661355,"views":32,"formatid":"gen9vgc2024regh","rating":1699,"private":0,"password":null}