{"id":"gen9vgc2024regh-2196763077","format":"[Gen 9] VGC 2024 Reg H","players":["TempaMental","TwitterJasePokemon"],"log":"|j|\u2606TempaMental\n|j|\u2606TwitterJasePokemon\n|t:|1725747469\n|gametype|doubles\n|player|p1|TempaMental|266|1636\n|player|p2|TwitterJasePokemon|lucas|1785\n|teamsize|p1|6\n|teamsize|p2|6\n|gen|9\n|tier|[Gen 9] VGC 2024 Reg H\n|rated|\n|rule|Species Clause: Limit one of each Pok\u00e9mon\n|rule|Item Clause: Limit 1 of each item\n|clearpoke\n|poke|p1|Indeedee-F, L50, F|\n|poke|p1|Sneasler, L50, F|\n|poke|p1|Basculegion, L50, M|\n|poke|p1|Pelipper, L50, F|\n|poke|p1|Archaludon, L50, M|\n|poke|p1|Gholdengo, L50|\n|poke|p2|Archaludon, L50, F|\n|poke|p2|Murkrow, L50, M|\n|poke|p2|Dragonite, L50, M|\n|poke|p2|Kingambit, L50, F|\n|poke|p2|Gholdengo, L50|\n|poke|p2|Meowscarada, L50, M|\n|teampreview|4\n|inactive|Battle timer is ON: inactive players will automatically lose when time's up. (requested by TempaMental)\n|inactive|TwitterJasePokemon also wants the timer to be on.\n|inactive|TempaMental has 60 seconds left.\n|\n|t:|1725747520\n|start\n|switch|p1a: Sneasler|Sneasler, L50, F|100\/100\n|switch|p1b: Archaludon|Archaludon, L50, M|100\/100\n|switch|p2a: Archaludon|Archaludon, L50, F|100\/100\n|switch|p2b: Murkrow|Murkrow, L50, M|100\/100\n|turn|1\n|\n|t:|1725747541\n|switch|p1b: Indeedee|Indeedee-F, L50, F|100\/100\n|-fieldstart|move: Psychic Terrain|[from] ability: Psychic Surge|[of] p1b: Indeedee\n|-enditem|p1a: Sneasler|Psychic Seed\n|-boost|p1a: Sneasler|spd|1|[from] item: Psychic Seed\n|-terastallize|p2b: Murkrow|Ghost\n|move|p2a: Archaludon|Protect|p2a: Archaludon\n|-singleturn|p2a: Archaludon|Protect\n|move|p2b: Murkrow|Tailwind|p2b: Murkrow\n|-sidestart|p2: TwitterJasePokemon|move: Tailwind\n|move|p1a: Sneasler|Close Combat|p2a: Archaludon\n|-activate|p2a: Archaludon|move: Protect\n|\n|upkeep\n|turn|2\n|inactive|TempaMental has 30 seconds left.\n|inactive|TempaMental has 20 seconds left.\n|inactive|TempaMental has 15 seconds left.\n|j| judang\n|inactive|TempaMental has 10 seconds left.\n|\n|t:|1725747587\n|move|p1b: Indeedee|Follow Me|p1b: Indeedee\n|-singleturn|p1b: Indeedee|move: Follow Me\n|move|p1a: Sneasler|Close Combat|p2a: Archaludon\n|-supereffective|p2a: Archaludon\n|-ability|p2a: Archaludon|Sturdy\n|-damage|p2a: Archaludon|1\/100\n|-unboost|p1a: Sneasler|def|1\n|-unboost|p1a: Sneasler|spd|1\n|move|p2a: Archaludon|Electro Shot||[still]\n|-prepare|p2a: Archaludon|Electro Shot\n|-boost|p2a: Archaludon|spa|1\n|-enditem|p2a: Archaludon|Power Herb\n|-anim|p2a: Archaludon|Electro Shot|p1b: Indeedee\n|-damage|p1b: Indeedee|33\/100\n|move|p2b: Murkrow|Foul Play|p1b: Indeedee\n|-supereffective|p1b: Indeedee\n|-damage|p1b: Indeedee|2\/100\n|-damage|p2b: Murkrow|84\/100|[from] item: Rocky Helmet|[of] p1b: Indeedee\n|\n|upkeep\n|turn|3\n|inactive|TempaMental has 30 seconds left.\n|inactive|TempaMental has 20 seconds left.\n|inactive|TempaMental has 15 seconds left.\n|inactive|TempaMental has 10 seconds left.\n|inactive|TempaMental has 5 seconds left.\n|\n|t:|1725747640\n|switch|p2a: Gholdengo|Gholdengo, L50|100\/100\n|move|p1b: Indeedee|Follow Me|p1b: Indeedee\n|-singleturn|p1b: Indeedee|move: Follow Me\n|move|p1a: Sneasler|Dire Claw|p2b: Murkrow\n|-resisted|p2b: Murkrow\n|-damage|p2b: Murkrow|66\/100\n|move|p2b: Murkrow|Foul Play|p1b: Indeedee\n|-supereffective|p1b: Indeedee\n|-damage|p1b: Indeedee|0 fnt\n|-damage|p2b: Murkrow|50\/100|[from] item: Rocky Helmet|[of] p1b: Indeedee\n|faint|p1b: Indeedee\n|\n|upkeep\n|\n|t:|1725747654\n|switch|p1b: Pelipper|Pelipper, L50, F|100\/100\n|-weather|RainDance|[from] ability: Drizzle|[of] p1b: Pelipper\n|turn|4\n|j| mr pogostick\n|\n|t:|1725747674\n|-terastallize|p1a: Sneasler|Dark\n|move|p1a: Sneasler|Throat Chop|p2a: Gholdengo\n|-supereffective|p2a: Gholdengo\n|-damage|p2a: Gholdengo|0 fnt\n|faint|p2a: Gholdengo\n|move|p2b: Murkrow|Foul Play|p1a: Sneasler\n|-resisted|p1a: Sneasler\n|-damage|p1a: Sneasler|40\/100\n|move|p1b: Pelipper|Tailwind|p1b: Pelipper\n|-sidestart|p1: TempaMental|move: Tailwind\n|\n|-weather|RainDance|[upkeep]\n|-sideend|p2: TwitterJasePokemon|move: Tailwind\n|upkeep\n|\n|t:|1725747685\n|switch|p2a: Dragonite|Dragonite, L50, M|100\/100\n|turn|5\n|\n|t:|1725747710\n|move|p2b: Murkrow|Tailwind|p2b: Murkrow\n|-sidestart|p2: TwitterJasePokemon|move: Tailwind\n|move|p1a: Sneasler|Dire Claw|p2a: Dragonite\n|-damage|p2a: Dragonite|81\/100\n|-status|p2a: Dragonite|par\n|move|p1b: Pelipper|Hurricane|p2a: Dragonite\n|-damage|p2a: Dragonite|48\/100 par\n|cant|p2a: Dragonite|par\n|\n|-weather|RainDance|[upkeep]\n|-fieldend|move: Psychic Terrain\n|upkeep\n|turn|6\n|\n|t:|1725747732\n|move|p2a: Dragonite|Extreme Speed|p1a: Sneasler\n|-damage|p1a: Sneasler|0 fnt\n|faint|p1a: Sneasler\n|move|p1b: Pelipper|Hurricane|p2a: Dragonite\n|-damage|p2a: Dragonite|18\/100 par\n|move|p2b: Murkrow|Foul Play|p1b: Pelipper\n|-damage|p1b: Pelipper|81\/100\n|\n|-weather|RainDance|[upkeep]\n|upkeep\n|\n|t:|1725747737\n|switch|p1a: Archaludon|Archaludon, L50, M|100\/100\n|turn|7\n|\n|t:|1725747757\n|move|p1b: Pelipper|Hurricane|p2a: Dragonite\n|-damage|p2a: Dragonite|0 fnt\n|faint|p2a: Dragonite\n|move|p1a: Archaludon|Electro Shot||[still]\n|-prepare|p1a: Archaludon|Electro Shot\n|-boost|p1a: Archaludon|spa|1\n|-anim|p1a: Archaludon|Electro Shot|p2b: Murkrow\n|-damage|p2b: Murkrow|0 fnt\n|faint|p2b: Murkrow\n|\n|-weather|RainDance|[upkeep]\n|-sideend|p1: TempaMental|move: Tailwind\n|upkeep\n|c|\u2606TempaMental|gg\n|-message|TwitterJasePokemon forfeited.\n|\n|win|TempaMental\n|raw|TempaMental's rating: 1636 &rarr; <strong>1664<\/strong><br \/>(+28 for winning)\n|raw|TwitterJasePokemon's rating: 1785 &rarr; <strong>1757<\/strong><br \/>(-28 for losing)\n|l| mr pogostick\n|c|\u2606TwitterJasePokemon|Gg\n|l|\u2606TwitterJasePokemon\n|player|p2|\n|l|\u2606TempaMental\n|player|p1|\n","uploadtime":1725748034,"views":11,"formatid":"gen9vgc2024regh","rating":1664,"private":0,"password":null}