{"id":"gen9vgc2024regh-2196751675","format":"[Gen 9] VGC 2024 Reg H","players":["virticul","Tempest Flute"],"log":"|j|\u2606virticul\n|j|\u2606Tempest Flute\n|t:|1725746181\n|gametype|doubles\n|player|p1|virticul|gambler|1713\n|player|p2|Tempest Flute|magmasuit|1704\n|teamsize|p1|6\n|teamsize|p2|6\n|gen|9\n|tier|[Gen 9] VGC 2024 Reg H\n|rated|\n|rule|Species Clause: Limit one of each Pok\u00e9mon\n|rule|Item Clause: Limit 1 of each item\n|clearpoke\n|poke|p1|Electrode-Hisui, L50|\n|poke|p1|Annihilape, L50, M|\n|poke|p1|Dondozo, L50, F|\n|poke|p1|Tatsugiri, L50, F|\n|poke|p1|Kingambit, L50, F|\n|poke|p1|Farigiraf, L50, M|\n|poke|p2|Gholdengo, L50|\n|poke|p2|Sneasler, L50, M|\n|poke|p2|Indeedee, L50, M|\n|poke|p2|Garchomp, L50, M|\n|poke|p2|Typhlosion-Hisui, L50, M|\n|poke|p2|Murkrow, L50, M|\n|teampreview|4\n|inactive|Battle timer is ON: inactive players will automatically lose when time's up. (requested by Tempest Flute)\n|inactive|virticul also wants the timer to be on.\n|l|\u2606Tempest Flute\n|inactive|Tempest Flute disconnected and has a minute to reconnect!\n|player|p2|\n|j|\u2606Tempest Flute\n|inactive|Tempest Flute reconnected and has 80 seconds left.\n|player|p2|Tempest Flute|magmasuit|\n|inactive|Tempest Flute has 60 seconds left.\n|\n|t:|1725746213\n|start\n|switch|p1a: Farigiraf|Farigiraf, L50, M|100\/100\n|switch|p1b: Kingambit|Kingambit, L50, F|100\/100\n|switch|p2a: Her Stepbrother|Indeedee, L50, M, shiny|100\/100\n|switch|p2b: Her Bf|Sneasler, L50, M, shiny|100\/100\n|-fieldstart|move: Psychic Terrain|[from] ability: Psychic Surge|[of] p2a: Her Stepbrother\n|-enditem|p2b: Her Bf|Psychic Seed\n|-boost|p2b: Her Bf|spd|1|[from] item: Psychic Seed\n|turn|1\n|\n|t:|1725746233\n|-terastallize|p2b: Her Bf|Dark\n|move|p1b: Kingambit|Protect|p1b: Kingambit\n|-singleturn|p1b: Kingambit|Protect\n|move|p2b: Her Bf|Throat Chop|p1a: Farigiraf\n|-supereffective|p1a: Farigiraf\n|-damage|p1a: Farigiraf|13\/100\n|-start|p1a: Farigiraf|Throat Chop|[silent]\n|move|p2a: Her Stepbrother|Imprison|p2a: Her Stepbrother\n|-start|p2a: Her Stepbrother|move: Imprison\n|cant|p1a: Farigiraf|move: Throat Chop\n|\n|upkeep\n|turn|2\n|j| Samevgcmons\n|\n|t:|1725746253\n|switch|p1a: Dondozo|Dondozo, L50, F|100\/100\n|-terastallize|p1b: Kingambit|Dark\n|move|p2b: Her Bf|Close Combat|p1b: Kingambit\n|-supereffective|p1b: Kingambit\n|-damage|p1b: Kingambit|7\/100\n|-unboost|p2b: Her Bf|def|1\n|-unboost|p2b: Her Bf|spd|1\n|move|p2a: Her Stepbrother|Expanding Force|p1b: Kingambit|[spread] p1a\n|-immune|p1b: Kingambit\n|-damage|p1a: Dondozo|48\/100\n|move|p1b: Kingambit|Kowtow Cleave|p2a: Her Stepbrother\n|-supereffective|p2a: Her Stepbrother\n|-enditem|p2a: Her Stepbrother|Focus Sash\n|-damage|p2a: Her Stepbrother|1\/100\n|\n|-heal|p1a: Dondozo|54\/100|[from] item: Leftovers\n|upkeep\n|turn|3\n|inactive|virticul has 30 seconds left.\n|inactive|Tempest Flute has 30 seconds left.\n|\n|t:|1725746285\n|switch|p2b: You|Murkrow, L50, M, shiny|100\/100\n|move|p1a: Dondozo|Protect|p1a: Dondozo\n|-singleturn|p1a: Dondozo|Protect\n|move|p1b: Kingambit|Protect|p1b: Kingambit\n|-singleturn|p1b: Kingambit|Protect\n|move|p2a: Her Stepbrother|Expanding Force|p1a: Dondozo|[spread] \n|-activate|p1a: Dondozo|move: Protect\n|-activate|p1b: Kingambit|move: Protect\n|\n|-heal|p1a: Dondozo|61\/100|[from] item: Leftovers\n|upkeep\n|turn|4\n|inactive|virticul has 30 seconds left.\n|inactive|Tempest Flute has 30 seconds left.\n|j| Hydrion\n|inactive|Tempest Flute has 20 seconds left.\n|\n|t:|1725746322\n|switch|p1b: Tatsugiri|Tatsugiri, L50, F|100\/100\n|-activate|p1b: Tatsugiri|ability: Commander|[of] p1a: Dondozo\n|-boost|p1a: Dondozo|atk|2\n|-boost|p1a: Dondozo|spa|2\n|-boost|p1a: Dondozo|spe|2\n|-boost|p1a: Dondozo|def|2\n|-boost|p1a: Dondozo|spd|2\n|move|p2b: You|Tailwind|p2b: You\n|-sidestart|p2: Tempest Flute|move: Tailwind\n|move|p2a: Her Stepbrother|Dazzling Gleam|p1a: Dondozo|[spread] p1a\n|-miss|p2a: Her Stepbrother|p1b: Tatsugiri\n|-damage|p1a: Dondozo|50\/100\n|move|p1a: Dondozo|Wave Crash|p2b: You\n|-damage|p2b: You|0 fnt\n|faint|p2b: You\n|-damage|p1a: Dondozo|26\/100|[from] Recoil\n|\n|-heal|p1a: Dondozo|32\/100|[from] item: Leftovers\n|upkeep\n|\n|t:|1725746336\n|switch|p2b: Her Ex|Gholdengo, L50, shiny|100\/100\n|turn|5\n|\n|t:|1725746347\n|switch|p2a: Her Bf|Sneasler, L50, M, shiny, tera:Dark|100\/100\n|move|p1a: Dondozo|Protect|p1a: Dondozo\n|-singleturn|p1a: Dondozo|Protect\n|move|p2b: Her Ex|Shadow Ball|p1a: Dondozo\n|-activate|p1a: Dondozo|move: Protect\n|\n|-heal|p1a: Dondozo|39\/100|[from] item: Leftovers\n|-fieldend|move: Psychic Terrain\n|upkeep\n|turn|6\n|\n|t:|1725746363\n|move|p2a: Her Bf|Close Combat|p1a: Dondozo\n|-damage|p1a: Dondozo|12\/100\n|-unboost|p2a: Her Bf|def|1\n|-unboost|p2a: Her Bf|spd|1\n|move|p2b: Her Ex|Shadow Ball|p1a: Dondozo\n|-damage|p1a: Dondozo|0 fnt\n|faint|p1a: Dondozo\n|\n|upkeep\n|l| Samevgcmons\n|\n|t:|1725746375\n|switch|p1a: Farigiraf|Farigiraf, L50, M|13\/100\n|turn|7\n|\n|t:|1725746390\n|move|p2a: Her Bf|Throat Chop|p1a: Farigiraf\n|-supereffective|p1a: Farigiraf\n|-damage|p1a: Farigiraf|0 fnt\n|faint|p1a: Farigiraf\n|move|p2b: Her Ex|Shadow Ball|p1b: Tatsugiri\n|-damage|p1b: Tatsugiri|25\/100\n|-unboost|p1b: Tatsugiri|spd|1\n|move|p1b: Tatsugiri|Muddy Water|p2b: Her Ex|[spread] p2b\n|-miss|p1b: Tatsugiri|p2a: Her Bf\n|-damage|p2b: Her Ex|63\/100\n|\n|-sideend|p2: Tempest Flute|move: Tailwind\n|upkeep\n|\n|t:|1725746402\n|switch|p1a: Kingambit|Kingambit, L50, F, tera:Dark|7\/100\n|turn|8\n|\n|t:|1725746416\n|switch|p2b: Her Stepbrother|Indeedee, L50, M, shiny|1\/100\n|-fieldstart|move: Psychic Terrain|[from] ability: Psychic Surge|[of] p2b: Her Stepbrother\n|move|p1a: Kingambit|Sucker Punch|p2a: Her Bf\n|-activate|p2a: Her Bf|move: Psychic Terrain\n|move|p2a: Her Bf|Dire Claw|p1b: Tatsugiri\n|-damage|p1b: Tatsugiri|0 fnt\n|faint|p1b: Tatsugiri\n|\n|upkeep\n|turn|9\n|-message|virticul forfeited.\n|\n|win|Tempest Flute\n|raw|virticul's rating: 1713 &rarr; <strong>1692<\/strong><br \/>(-21 for losing)\n|raw|Tempest Flute's rating: 1704 &rarr; <strong>1725<\/strong><br \/>(+21 for winning)\n|l|\u2606virticul\n|player|p1|\n|c|\u2606Tempest Flute|to brazil with u\n|l| Hydrion\n|l|\u2606Tempest Flute\n|player|p2|\n","uploadtime":1725746610,"views":26,"formatid":"gen9vgc2024regh","rating":1692,"private":0,"password":null}