{"id":"gen9vgc2024regh-2196077748","format":"[Gen 9] VGC 2024 Reg H","players":["grade a type b","chuanOVO"],"log":"|j|\u2606grade a type b\n|j|\u2606chuanOVO\n|t:|1725656709\n|gametype|doubles\n|player|p1|grade a type b|169|1697\n|player|p2|chuanOVO|n|1696\n|teamsize|p1|6\n|teamsize|p2|6\n|gen|9\n|tier|[Gen 9] VGC 2024 Reg H\n|rated|\n|rule|Species Clause: Limit one of each Pok\u00e9mon\n|rule|Item Clause: Limit 1 of each item\n|clearpoke\n|poke|p1|Ursaluna-Bloodmoon, L50, M|\n|poke|p1|Whimsicott, L50, M|\n|poke|p1|Archaludon, L50, M|\n|poke|p1|Primarina, L50, F|\n|poke|p1|Armarouge, L50, F|\n|poke|p1|Dragapult, L50, M|\n|poke|p2|Sneasler, L50, M|\n|poke|p2|Gholdengo, L50|\n|poke|p2|Glimmora, L50, M|\n|poke|p2|Dragonite, L50, M|\n|poke|p2|Dondozo, L50, M|\n|poke|p2|Tatsugiri, L50, M|\n|teampreview|4\n|inactive|Battle timer is ON: inactive players will automatically lose when time's up. (requested by chuanOVO)\n|\n|t:|1725656737\n|start\n|switch|p1a: D-LAND'S SHROOMS|Whimsicott, L50, M|100\/100\n|switch|p1b: GLAH!|Ursaluna-Bloodmoon, L50, M|100\/100\n|switch|p2a: Gholdengo|Gholdengo, L50, shiny|100\/100\n|switch|p2b: Sneasler|Sneasler, L50, M, shiny|100\/100\n|turn|1\n|\n|t:|1725656753\n|-terastallize|p2a: Gholdengo|Steel\n|move|p1b: GLAH!|Protect|p1b: GLAH!\n|-singleturn|p1b: GLAH!|Protect\n|move|p2b: Sneasler|Feint|p1b: GLAH!\n|-activate|p1b: GLAH!|move: Feint\n|-damage|p1b: GLAH!|92\/100\n|move|p1a: D-LAND'S SHROOMS|Tailwind|p1a: D-LAND'S SHROOMS\n|-sidestart|p1: grade a type b|move: Tailwind\n|move|p2a: Gholdengo|Make It Rain|p1a: D-LAND'S SHROOMS|[spread] p1a,p1b\n|-supereffective|p1a: D-LAND'S SHROOMS\n|-damage|p1a: D-LAND'S SHROOMS|0 fnt\n|-damage|p1b: GLAH!|0 fnt\n|-unboost|p2a: Gholdengo|spa|1\n|faint|p1a: D-LAND'S SHROOMS\n|faint|p1b: GLAH!\n|\n|upkeep\n|\n|t:|1725656760\n|switch|p1a: Mega Man Goat|Armarouge, L50, F|100\/100\n|switch|p1b: Rena|Primarina, L50, F|100\/100\n|turn|2\n|\n|t:|1725656776\n|switch|p2b: Tatsugiri|Tatsugiri, L50, M, shiny|100\/100\n|switch|p2a: Dondozo|Dondozo, L50, M, shiny|100\/100\n|-activate|p2b: Tatsugiri|ability: Commander|[of] p2a: Dondozo\n|-boost|p2a: Dondozo|atk|2\n|-boost|p2a: Dondozo|spa|2\n|-boost|p2a: Dondozo|spe|2\n|-boost|p2a: Dondozo|def|2\n|-boost|p2a: Dondozo|spd|2\n|move|p1b: Rena|Protect|p1b: Rena\n|-singleturn|p1b: Rena|Protect\n|move|p1a: Mega Man Goat|Armor Cannon|p2a: Dondozo\n|-resisted|p2a: Dondozo\n|-damage|p2a: Dondozo|86\/100\n|-unboost|p1a: Mega Man Goat|def|1\n|-unboost|p1a: Mega Man Goat|spd|1\n|\n|-heal|p2a: Dondozo|92\/100|[from] item: Leftovers\n|upkeep\n|turn|3\n|j| judang\n|\n|t:|1725656800\n|-terastallize|p1a: Mega Man Goat|Grass\n|move|p1a: Mega Man Goat|Wide Guard|p1a: Mega Man Goat\n|-singleturn|p1a: Mega Man Goat|Wide Guard\n|move|p2a: Dondozo|Earthquake|p1b: Rena|[spread] \n|-miss|p2a: Dondozo|p2b: Tatsugiri\n|-activate|p1a: Mega Man Goat|move: Wide Guard\n|-activate|p1b: Rena|move: Wide Guard\n|move|p1b: Rena|Haze|p1b: Rena\n|-clearallboost\n|\n|-heal|p2a: Dondozo|98\/100|[from] item: Leftovers\n|upkeep\n|turn|4\n|\n|t:|1725656814\n|move|p2a: Dondozo|Protect|p2a: Dondozo\n|-singleturn|p2a: Dondozo|Protect\n|move|p1a: Mega Man Goat|Energy Ball|p2a: Dondozo\n|-activate|p2a: Dondozo|move: Protect\n|move|p1b: Rena|Moonblast|p2a: Dondozo\n|-activate|p2a: Dondozo|move: Protect\n|\n|-heal|p2a: Dondozo|100\/100|[from] item: Leftovers\n|-sideend|p1: grade a type b|move: Tailwind\n|upkeep\n|turn|5\n|\n|t:|1725656832\n|move|p1a: Mega Man Goat|Energy Ball|p2a: Dondozo\n|-supereffective|p2a: Dondozo\n|-damage|p2a: Dondozo|5\/100\n|move|p2a: Dondozo|Order Up|p1a: Mega Man Goat\n|-damage|p1a: Mega Man Goat|80\/100\n|-boost|p2a: Dondozo|atk|1\n|move|p1b: Rena|Moonblast|p2a: Dondozo\n|-damage|p2a: Dondozo|0 fnt\n|faint|p2a: Dondozo\n|\n|upkeep\n|\n|t:|1725656848\n|switch|p2a: Sneasler|Sneasler, L50, M, shiny|100\/100\n|turn|6\n|\n|t:|1725656863\n|move|p2a: Sneasler|Fake Out|p1b: Rena\n|-damage|p1b: Rena|82\/100\n|-status|p1b: Rena|psn|[from] ability: Poison Touch|[of] p2a: Sneasler\n|move|p2b: Tatsugiri|Draco Meteor|p1a: Mega Man Goat\n|-damage|p1a: Mega Man Goat|3\/100\n|-unboost|p2b: Tatsugiri|spa|2\n|-enditem|p1a: Mega Man Goat|Sitrus Berry|[eat]\n|-heal|p1a: Mega Man Goat|28\/100|[from] item: Sitrus Berry\n|move|p1a: Mega Man Goat|Psychic|p2a: Sneasler\n|-supereffective|p2a: Sneasler\n|-enditem|p2a: Sneasler|Focus Sash\n|-damage|p2a: Sneasler|1\/100\n|cant|p1b: Rena|flinch\n|\n|-damage|p1b: Rena|70\/100 psn|[from] psn\n|upkeep\n|turn|7\n|j| Prometheus756\n|\n|t:|1725656885\n|switch|p2a: Gholdengo|Gholdengo, L50, shiny, tera:Steel|100\/100\n|move|p1b: Rena|Protect|p1b: Rena\n|-singleturn|p1b: Rena|Protect\n|move|p2b: Tatsugiri|Draco Meteor|p1a: Mega Man Goat\n|-damage|p1a: Mega Man Goat|0 fnt\n|-unboost|p2b: Tatsugiri|spa|2\n|faint|p1a: Mega Man Goat\n|\n|-damage|p1b: Rena|58\/100 psn|[from] psn\n|upkeep\n|turn|8\n|-message|grade a type b forfeited.\n|\n|win|chuanOVO\n|raw|grade a type b's rating: 1697 &rarr; <strong>1677<\/strong><br \/>(-20 for losing)\n|raw|chuanOVO's rating: 1696 &rarr; <strong>1716<\/strong><br \/>(+20 for winning)\n|l|\u2606grade a type b\n|player|p1|\n|l|\u2606chuanOVO\n|player|p2|\n|l| Prometheus756\n","uploadtime":1725657052,"views":26,"formatid":"gen9vgc2024regh","rating":1677,"private":0,"password":null}