{"id":"gen9vgc2024regh-2196532332","format":"[Gen 9] VGC 2024 Reg H","players":["Moosewii7","Coffi724"],"log":"|j|\u2606Moosewii7\n|j|\u2606Coffi724\n|t:|1725722822\n|gametype|doubles\n|player|p1|Moosewii7|169|1780\n|player|p2|Coffi724|102|1716\n|teamsize|p1|6\n|teamsize|p2|6\n|gen|9\n|tier|[Gen 9] VGC 2024 Reg H\n|rated|\n|rule|Species Clause: Limit one of each Pok\u00e9mon\n|rule|Item Clause: Limit 1 of each item\n|clearpoke\n|poke|p1|Garganacl, L50, F|\n|poke|p1|Amoonguss, L50, M|\n|poke|p1|Dragapult, L50, M|\n|poke|p1|Kingambit, L50, M|\n|poke|p1|Dragonite, L50, F|\n|poke|p1|Ninetales-Alola, L50, M|\n|poke|p2|Baxcalibur, L50, F|\n|poke|p2|Ninetales-Alola, L50, M|\n|poke|p2|Kingambit, L50, F|\n|poke|p2|Rillaboom, L50, M|\n|poke|p2|Gholdengo, L50|\n|poke|p2|Talonflame, L50, M|\n|teampreview|4\n|j| BonoboF\n|\n|t:|1725722869\n|start\n|switch|p1a: Garganacl|Garganacl, L50, F|100\/100\n|switch|p1b: Dragonite|Dragonite, L50, F|100\/100\n|switch|p2a: Gholdengo|Gholdengo, L50|100\/100\n|switch|p2b: Talonflame|Talonflame, L50, M|100\/100\n|turn|1\n|\n|t:|1725722878\n|-terastallize|p1b: Dragonite|Fire\n|move|p1a: Garganacl|Wide Guard|p1a: Garganacl\n|-singleturn|p1a: Garganacl|Wide Guard\n|move|p2b: Talonflame|Will-O-Wisp|p1b: Dragonite|[miss]\n|-miss|p2b: Talonflame|p1b: Dragonite\n|move|p2a: Gholdengo|Nasty Plot|p2a: Gholdengo\n|-boost|p2a: Gholdengo|spa|2\n|move|p1b: Dragonite|Earthquake|p2a: Gholdengo|[spread] p2a\n|-activate|p1a: Garganacl|move: Wide Guard\n|-immune|p2b: Talonflame\n|-supereffective|p2a: Gholdengo\n|-damage|p2a: Gholdengo|34\/100\n|\n|-heal|p2a: Gholdengo|40\/100|[from] item: Leftovers\n|upkeep\n|turn|2\n|\n|t:|1725722896\n|move|p2a: Gholdengo|Protect|p2a: Gholdengo\n|-singleturn|p2a: Gholdengo|Protect\n|move|p1b: Dragonite|Protect|p1b: Dragonite\n|-singleturn|p1b: Dragonite|Protect\n|move|p2b: Talonflame|Tailwind|p2b: Talonflame\n|-sidestart|p2: Coffi724|move: Tailwind\n|move|p1a: Garganacl|Salt Cure|p2a: Gholdengo\n|-activate|p2a: Gholdengo|move: Protect\n|\n|-heal|p2a: Gholdengo|46\/100|[from] item: Leftovers\n|upkeep\n|turn|3\n|inactive|Battle timer is ON: inactive players will automatically lose when time's up. (requested by Moosewii7)\n|\n|t:|1725722910\n|move|p1a: Garganacl|Wide Guard|p1a: Garganacl\n|-singleturn|p1a: Garganacl|Wide Guard\n|move|p2b: Talonflame|Brave Bird|p1b: Dragonite\n|-damage|p1b: Dragonite|80\/100\n|-damage|p2b: Talonflame|92\/100|[from] Recoil\n|move|p2a: Gholdengo|Shadow Ball|p1b: Dragonite\n|-damage|p1b: Dragonite|13\/100\n|move|p1b: Dragonite|Earthquake|p2a: Gholdengo|[spread] p2a\n|-activate|p1a: Garganacl|move: Wide Guard\n|-immune|p2b: Talonflame\n|-supereffective|p2a: Gholdengo\n|-damage|p2a: Gholdengo|0 fnt\n|faint|p2a: Gholdengo\n|\n|upkeep\n|\n|t:|1725722922\n|switch|p2a: Ninetales|Ninetales-Alola, L50, M|100\/100\n|-weather|Snow|[from] ability: Snow Warning|[of] p2a: Ninetales\n|turn|4\n|\n|t:|1725722932\n|move|p1b: Dragonite|Protect|p1b: Dragonite\n|-singleturn|p1b: Dragonite|Protect\n|move|p2b: Talonflame|Brave Bird|p1b: Dragonite\n|-activate|p1b: Dragonite|move: Protect\n|move|p2a: Ninetales|Encore|p1a: Garganacl\n|-start|p1a: Garganacl|Encore\n|move|p1a: Garganacl|Wide Guard||[still]\n|-fail|p1a: Garganacl\n|\n|-weather|Snow|[upkeep]\n|upkeep\n|turn|5\n|j| hachiware\n|\n|t:|1725722954\n|switch|p1a: Kingambit|Kingambit, L50, M|100\/100\n|move|p1b: Dragonite|Extreme Speed|p2b: Talonflame\n|-damage|p2b: Talonflame|42\/100\n|move|p2b: Talonflame|Brave Bird|p1b: Dragonite\n|-damage|p1b: Dragonite|0 fnt\n|faint|p1b: Dragonite\n|-damage|p2b: Talonflame|36\/100|[from] Recoil\n|move|p2a: Ninetales|Blizzard|p1a: Kingambit\n|-resisted|p1a: Kingambit\n|-damage|p1a: Kingambit|84\/100\n|\n|-weather|Snow|[upkeep]\n|-sideend|p2: Coffi724|move: Tailwind\n|upkeep\n|\n|t:|1725722971\n|switch|p1b: Garganacl|Garganacl, L50, F|100\/100\n|turn|6\n|j| sitojuri\n|\n|t:|1725722995\n|move|p1a: Kingambit|Sucker Punch||[still]\n|-fail|p1a: Kingambit\n|move|p2b: Talonflame|Will-O-Wisp|p1a: Kingambit\n|-status|p1a: Kingambit|brn\n|-enditem|p1a: Kingambit|Lum Berry|[eat]\n|-curestatus|p1a: Kingambit|brn|[msg]\n|move|p2a: Ninetales|Aurora Veil|p2a: Ninetales\n|-sidestart|p2: Coffi724|move: Aurora Veil\n|move|p1b: Garganacl|Salt Cure|p2a: Ninetales\n|-supereffective|p2a: Ninetales\n|-damage|p2a: Ninetales|82\/100\n|-start|p2a: Ninetales|Salt Cure\n|\n|-weather|Snow|[upkeep]\n|-damage|p2a: Ninetales|69\/100|[from] Salt Cure\n|upkeep\n|turn|7\n|\n|t:|1725723013\n|switch|p2b: Baxcalibur|Baxcalibur, L50, F|100\/100\n|move|p1a: Kingambit|Protect|p1a: Kingambit\n|-singleturn|p1a: Kingambit|Protect\n|move|p2a: Ninetales|Encore|p1a: Kingambit\n|-activate|p1a: Kingambit|move: Protect\n|move|p1b: Garganacl|Salt Cure|p2b: Baxcalibur\n|-supereffective|p2b: Baxcalibur\n|-damage|p2b: Baxcalibur|89\/100\n|-start|p2b: Baxcalibur|Salt Cure\n|\n|-weather|Snow|[upkeep]\n|-damage|p2a: Ninetales|57\/100|[from] Salt Cure\n|-damage|p2b: Baxcalibur|77\/100|[from] Salt Cure\n|upkeep\n|turn|8\n|inactive|Moosewii7 has 30 seconds left.\n|inactive|Moosewii7 has 20 seconds left.\n|\n|t:|1725723051\n|switch|p1a: Dragapult|Dragapult, L50, M|100\/100\n|move|p1b: Garganacl|Wide Guard|p1b: Garganacl\n|-singleturn|p1b: Garganacl|Wide Guard\n|move|p2a: Ninetales|Blizzard|p1b: Garganacl|[spread] \n|-activate|p1a: Dragapult|move: Wide Guard\n|-activate|p1b: Garganacl|move: Wide Guard\n|move|p2b: Baxcalibur|Icicle Spear|p1b: Garganacl\n|-damage|p1b: Garganacl|90\/100\n|-damage|p1b: Garganacl|80\/100\n|-damage|p1b: Garganacl|70\/100\n|-damage|p1b: Garganacl|59\/100\n|-damage|p1b: Garganacl|48\/100\n|-hitcount|p1b: Garganacl|5\n|\n|-weather|none\n|-heal|p1b: Garganacl|54\/100|[from] item: Leftovers\n|-damage|p2a: Ninetales|45\/100|[from] Salt Cure\n|-damage|p2b: Baxcalibur|65\/100|[from] Salt Cure\n|upkeep\n|turn|9\n|inactive|Moosewii7 has 30 seconds left.\n|\n|t:|1725723081\n|move|p2b: Baxcalibur|Protect|p2b: Baxcalibur\n|-singleturn|p2b: Baxcalibur|Protect\n|move|p2a: Ninetales|Disable|p1b: Garganacl\n|-start|p1b: Garganacl|Disable|Wide Guard\n|move|p1a: Dragapult|Phantom Force||[still]\n|-prepare|p1a: Dragapult|Phantom Force\n|move|p1b: Garganacl|Recover|p1b: Garganacl\n|-heal|p1b: Garganacl|100\/100\n|\n|-damage|p2a: Ninetales|33\/100|[from] Salt Cure\n|-damage|p2b: Baxcalibur|52\/100|[from] Salt Cure\n|upkeep\n|turn|10\n|j| SnarkyShane\n|\n|t:|1725723097\n|switch|p2b: Talonflame|Talonflame, L50, M|36\/100\n|move|p2a: Ninetales|Blizzard|p1a: Dragapult|[spread] p1b\n|-miss|p2a: Ninetales|p1a: Dragapult\n|-damage|p1b: Garganacl|80\/100\n|move|p1a: Dragapult|Phantom Force|p2b: Talonflame|[from]lockedmove\n|-damage|p2b: Talonflame|0 fnt\n|faint|p2b: Talonflame\n|-damage|p1a: Dragapult|91\/100|[from] item: Life Orb\n|move|p1b: Garganacl|Salt Cure|p2a: Ninetales\n|-supereffective|p2a: Ninetales\n|-damage|p2a: Ninetales|5\/100\n|\n|-heal|p1b: Garganacl|86\/100|[from] item: Leftovers\n|-damage|p2a: Ninetales|0 fnt|[from] Salt Cure\n|faint|p2a: Ninetales\n|upkeep\n|-message|Coffi724 forfeited.\n|\n|win|Moosewii7\n|raw|Moosewii7's rating: 1780 &rarr; <strong>1796<\/strong><br \/>(+16 for winning)\n|raw|Coffi724's rating: 1716 &rarr; <strong>1700<\/strong><br \/>(-16 for losing)\n|l|\u2606Coffi724\n|player|p2|\n|l| hachiware\n|l| sitojuri\n|l| BonoboF\n|l|\u2606Moosewii7\n|player|p1|\n|l| SnarkyShane\n","uploadtime":1725723159,"views":34,"formatid":"gen9vgc2024regh","rating":1700,"private":0,"password":null}