{"id":"gen9vgc2024regh-2196792512","format":"[Gen 9] VGC 2024 Reg H","players":["TwitterJasePokemon","RomanTogepi"],"log":"|j|\u2606TwitterJasePokemon\n|j|\u2606RomanTogepi\n|t:|1725750947\n|gametype|doubles\n|player|p1|TwitterJasePokemon|lucas|1774\n|player|p2|RomanTogepi|102|1709\n|teamsize|p1|6\n|teamsize|p2|6\n|gen|9\n|tier|[Gen 9] VGC 2024 Reg H\n|rated|\n|rule|Species Clause: Limit one of each Pok\u00e9mon\n|rule|Item Clause: Limit 1 of each item\n|clearpoke\n|poke|p1|Archaludon, L50, F|\n|poke|p1|Murkrow, L50, M|\n|poke|p1|Dragonite, L50, M|\n|poke|p1|Kingambit, L50, M|\n|poke|p1|Gholdengo, L50|\n|poke|p1|Meowscarada, L50, M|\n|poke|p2|Goodra-Hisui, L50, F|\n|poke|p2|Farigiraf, L50, M|\n|poke|p2|Rillaboom, L50, F|\n|poke|p2|Pelipper, L50, F|\n|poke|p2|Ursaluna-Bloodmoon, L50, M|\n|poke|p2|Grimmsnarl, L50, M|\n|teampreview|4\n|inactive|Battle timer is ON: inactive players will automatically lose when time's up. (requested by TwitterJasePokemon)\n|inactive|RomanTogepi has 60 seconds left.\n|inactive|RomanTogepi has 30 seconds left.\n|\n|t:|1725751010\n|start\n|switch|p1a: Gholdengo|Gholdengo, L50|100\/100\n|switch|p1b: Archaludon|Archaludon, L50, F|100\/100\n|switch|p2a: Ursaluna|Ursaluna-Bloodmoon, L50, M|100\/100\n|switch|p2b: Grimmsnarl|Grimmsnarl, L50, M, shiny|100\/100\n|turn|1\n|\n|t:|1725751028\n|-terastallize|p1a: Gholdengo|Steel\n|move|p2a: Ursaluna|Protect|p2a: Ursaluna\n|-singleturn|p2a: Ursaluna|Protect\n|move|p2b: Grimmsnarl|Light Screen|p2b: Grimmsnarl\n|-sidestart|p2: RomanTogepi|move: Light Screen\n|move|p1a: Gholdengo|Make It Rain|p2b: Grimmsnarl|[spread] p2b\n|-activate|p2a: Ursaluna|move: Protect\n|-supereffective|p2b: Grimmsnarl\n|-damage|p2b: Grimmsnarl|0 fnt\n|-unboost|p1a: Gholdengo|spa|1\n|faint|p2b: Grimmsnarl\n|move|p1b: Archaludon|Draco Meteor|p2a: Ursaluna\n|-activate|p2a: Ursaluna|move: Protect\n|\n|upkeep\n|\n|t:|1725751051\n|switch|p2b: Farigiraf|Farigiraf, L50, M|100\/100\n|turn|2\n|\n|t:|1725751058\n|move|p1a: Gholdengo|Make It Rain|p2b: Farigiraf|[spread] p2a,p2b\n|-damage|p2a: Ursaluna|58\/100\n|-damage|p2b: Farigiraf|65\/100\n|-unboost|p1a: Gholdengo|spa|1\n|move|p1b: Archaludon|Draco Meteor|p2a: Ursaluna\n|-damage|p2a: Ursaluna|16\/100\n|-unboost|p1b: Archaludon|spa|2\n|move|p2a: Ursaluna|Calm Mind|p2a: Ursaluna\n|-boost|p2a: Ursaluna|spa|1\n|-boost|p2a: Ursaluna|spd|1\n|move|p2b: Farigiraf|Trick Room|p2b: Farigiraf\n|-fieldstart|move: Trick Room|[of] p2b: Farigiraf\n|\n|-heal|p2a: Ursaluna|22\/100|[from] item: Leftovers\n|upkeep\n|turn|3\n|j| MatMan94\n|\n|t:|1725751079\n|switch|p2b: Rillaboom|Rillaboom, L50, F|100\/100\n|-fieldstart|move: Grassy Terrain|[from] ability: Grassy Surge|[of] p2b: Rillaboom\n|move|p2a: Ursaluna|Protect|p2a: Ursaluna\n|-singleturn|p2a: Ursaluna|Protect\n|move|p1b: Archaludon|Draco Meteor|p2a: Ursaluna\n|-activate|p2a: Ursaluna|move: Protect\n|move|p1a: Gholdengo|Make It Rain|p2b: Rillaboom|[spread] p2b\n|-activate|p2a: Ursaluna|move: Protect\n|-damage|p2b: Rillaboom|66\/100\n|-unboost|p1a: Gholdengo|spa|1\n|\n|-heal|p2a: Ursaluna|29\/100|[from] Grassy Terrain\n|-heal|p2a: Ursaluna|35\/100|[from] item: Leftovers\n|-heal|p2b: Rillaboom|72\/100|[from] Grassy Terrain\n|upkeep\n|turn|4\n|inactive|RomanTogepi has 30 seconds left.\n|\n|t:|1725751106\n|switch|p1a: Dragonite|Dragonite, L50, M|100\/100\n|-terastallize|p2a: Ursaluna|Fairy\n|move|p2b: Rillaboom|Fake Out|p1b: Archaludon\n|-resisted|p1b: Archaludon\n|-damage|p1b: Archaludon|94\/100\n|move|p2a: Ursaluna|Earth Power|p1a: Dragonite\n|-immune|p1a: Dragonite\n|cant|p1b: Archaludon|flinch\n|\n|-heal|p2a: Ursaluna|41\/100|[from] Grassy Terrain\n|-heal|p2a: Ursaluna|47\/100|[from] item: Leftovers\n|-heal|p2b: Rillaboom|78\/100|[from] Grassy Terrain\n|-heal|p1b: Archaludon|99\/100|[from] Grassy Terrain\n|upkeep\n|turn|5\n|\n|t:|1725751130\n|switch|p2b: Farigiraf|Farigiraf, L50, M|65\/100\n|move|p2a: Ursaluna|Earth Power|p1b: Archaludon\n|-supereffective|p1b: Archaludon\n|-damage|p1b: Archaludon|0 fnt\n|faint|p1b: Archaludon\n|move|p1a: Dragonite|Ice Spinner|p2a: Ursaluna\n|-damage|p2a: Ursaluna|23\/100\n|-fieldend|move: Grassy Terrain\n|\n|-heal|p2a: Ursaluna|29\/100|[from] item: Leftovers\n|upkeep\n|\n|t:|1725751152\n|switch|p1b: Gholdengo|Gholdengo, L50, tera:Steel|100\/100\n|turn|6\n|\n|t:|1725751166\n|switch|p1b: Meowscarada|Meowscarada, L50, M|100\/100\n|move|p2a: Ursaluna|Earth Power|p1b: Meowscarada\n|-resisted|p1b: Meowscarada\n|-damage|p1b: Meowscarada|48\/100\n|move|p2b: Farigiraf|Hyper Voice|p1a: Dragonite|[spread] p1a,p1b\n|-damage|p1a: Dragonite|92\/100\n|-damage|p1b: Meowscarada|6\/100\n|move|p1a: Dragonite|Dragon Claw|p2b: Farigiraf\n|-damage|p2b: Farigiraf|26\/100\n|-enditem|p2b: Farigiraf|Sitrus Berry|[eat]\n|-heal|p2b: Farigiraf|51\/100|[from] item: Sitrus Berry\n|\n|-heal|p2a: Ursaluna|35\/100|[from] item: Leftovers\n|-fieldend|move: Trick Room\n|upkeep\n|turn|7\n|inactive|TwitterJasePokemon has 30 seconds left.\n|inactive|RomanTogepi has 30 seconds left.\n|inactive|TwitterJasePokemon has 20 seconds left.\n|inactive|TwitterJasePokemon has 15 seconds left.\n|inactive|TwitterJasePokemon has 10 seconds left.\n|\n|t:|1725751213\n|move|p1b: Meowscarada|Flower Trick|p2a: Ursaluna\n|-crit|p2a: Ursaluna\n|-damage|p2a: Ursaluna|0 fnt\n|faint|p2a: Ursaluna\n|move|p1a: Dragonite|Ice Spinner|p2b: Farigiraf\n|-damage|p2b: Farigiraf|26\/100\n|move|p2b: Farigiraf|Trick Room|p2b: Farigiraf\n|-fieldstart|move: Trick Room|[of] p2b: Farigiraf\n|\n|upkeep\n|-message|RomanTogepi forfeited.\n|\n|win|TwitterJasePokemon\n|raw|TwitterJasePokemon's rating: 1774 &rarr; <strong>1790<\/strong><br \/>(+16 for winning)\n|raw|RomanTogepi's rating: 1709 &rarr; <strong>1693<\/strong><br \/>(-16 for losing)\n|l|\u2606RomanTogepi\n|player|p2|\n|l|\u2606TwitterJasePokemon\n|player|p1|\n|l| MatMan94\n","uploadtime":1725751453,"views":25,"formatid":"gen9vgc2024regh","rating":1693,"private":0,"password":null}