{"id":"gen9vgc2024regh-2196945967","format":"[Gen 9] VGC 2024 Reg H","players":["fangame10","yuzuda"],"log":"|j|\u2606fangame10\n|j|\u2606yuzuda\n|t:|1725770525\n|gametype|doubles\n|player|p1|fangame10|red|1794\n|player|p2|yuzuda|265|1698\n|teamsize|p1|6\n|teamsize|p2|6\n|gen|9\n|tier|[Gen 9] VGC 2024 Reg H\n|rated|\n|rule|Species Clause: Limit one of each Pok\u00e9mon\n|rule|Item Clause: Limit 1 of each item\n|clearpoke\n|poke|p1|Baxcalibur, L50, F|\n|poke|p1|Ninetales-Alola, L50, F|\n|poke|p1|Milotic, L50, M|\n|poke|p1|Skeledirge, L50, M|\n|poke|p1|Rillaboom, L50, M|\n|poke|p1|Sneasler, L50, M|\n|poke|p2|Typhlosion-Hisui, L50, M|\n|poke|p2|Maushold, L50|\n|poke|p2|Whimsicott, L50, F|\n|poke|p2|Annihilape, L50, F|\n|poke|p2|Archaludon, L50, M|\n|poke|p2|Pelipper, L50, M|\n|teampreview|4\n|inactive|Battle timer is ON: inactive players will automatically lose when time's up. (requested by fangame10)\n|inactive|yuzuda also wants the timer to be on.\n|j| zer90\n|inactive|fangame10 has 60 seconds left.\n|inactive|yuzuda has 60 seconds left.\n|\n|t:|1725770562\n|start\n|switch|p1a: Ninetales|Ninetales-Alola, L50, F, shiny|100\/100\n|switch|p1b: Skeledirge|Skeledirge, L50, M|100\/100\n|switch|p2a: Typhlosion|Typhlosion-Hisui, L50, M|100\/100\n|switch|p2b: Whimsicott|Whimsicott, L50, F|100\/100\n|-weather|Snow|[from] ability: Snow Warning|[of] p1a: Ninetales\n|-item|p1a: Ninetales|Light Clay|[from] ability: Frisk|[of] p2a: Typhlosion\n|-item|p1b: Skeledirge|Leftovers|[from] ability: Frisk|[of] p2a: Typhlosion\n|turn|1\n|j| mr pogostick\n|\n|t:|1725770587\n|switch|p1a: Milotic|Milotic, L50, M, shiny|100\/100\n|-terastallize|p2a: Typhlosion|Fire\n|move|p2b: Whimsicott|Sunny Day|p2b: Whimsicott\n|-weather|SunnyDay\n|move|p2a: Typhlosion|Eruption|p1b: Skeledirge|[spread] p1a,p1b\n|-resisted|p1a: Milotic\n|-resisted|p1b: Skeledirge\n|-damage|p1a: Milotic|48\/100\n|-damage|p1b: Skeledirge|21\/100\n|-enditem|p1a: Milotic|Sitrus Berry|[eat]\n|-heal|p1a: Milotic|72\/100|[from] item: Sitrus Berry\n|move|p1b: Skeledirge|Shadow Ball|p2a: Typhlosion\n|-damage|p2a: Typhlosion|52\/100\n|\n|-weather|SunnyDay|[upkeep]\n|-heal|p1b: Skeledirge|27\/100|[from] item: Leftovers\n|upkeep\n|turn|2\n|inactive|fangame10 has 30 seconds left.\n|inactive|yuzuda has 30 seconds left.\n|inactive|fangame10 has 20 seconds left.\n|\n|t:|1725770623\n|move|p1b: Skeledirge|Protect|p1b: Skeledirge\n|-singleturn|p1b: Skeledirge|Protect\n|move|p2b: Whimsicott|Tailwind|p2b: Whimsicott\n|-sidestart|p2: yuzuda|move: Tailwind\n|move|p2a: Typhlosion|Eruption|p1a: Milotic|[spread] p1a\n|-activate|p1b: Skeledirge|move: Protect\n|-resisted|p1a: Milotic\n|-damage|p1a: Milotic|49\/100\n|move|p1a: Milotic|Hypnosis|p2a: Typhlosion\n|-status|p2a: Typhlosion|slp|[from] move: Hypnosis\n|\n|-weather|SunnyDay|[upkeep]\n|-heal|p1b: Skeledirge|33\/100|[from] item: Leftovers\n|upkeep\n|turn|3\n|j| TacoBellThor\n|j| judang\n|inactive|fangame10 has 30 seconds left.\n|inactive|yuzuda has 30 seconds left.\n|\n|t:|1725770654\n|switch|p2a: Maushold|Maushold, L50|100\/100\n|-terastallize|p1b: Skeledirge|Dark\n|move|p2b: Whimsicott|Beat Up|p1b: Skeledirge\n|-resisted|p1b: Skeledirge\n|-damage|p1b: Skeledirge|32\/100\n|-resisted|p1b: Skeledirge\n|-damage|p1b: Skeledirge|32\/100\n|-resisted|p1b: Skeledirge\n|-damage|p1b: Skeledirge|31\/100\n|-hitcount|p1b: Skeledirge|3\n|move|p1a: Milotic|Life Dew|p1a: Milotic|[spread] p1a,p1b\n|-heal|p1a: Milotic|74\/100\n|-heal|p1b: Skeledirge|56\/100\n|move|p1b: Skeledirge|Torch Song|p2a: Maushold\n|-damage|p2a: Maushold|18\/100\n|-boost|p1b: Skeledirge|spa|1\n|\n|-weather|SunnyDay|[upkeep]\n|-heal|p1b: Skeledirge|62\/100|[from] item: Leftovers\n|upkeep\n|turn|4\n|inactive|fangame10 has 30 seconds left.\n|inactive|yuzuda has 30 seconds left.\n|\n|t:|1725770685\n|switch|p2b: Typhlosion|Typhlosion-Hisui, L50, M, tera:Fire|52\/100 slp\n|-item|p1b: Skeledirge|Leftovers|[from] ability: Frisk|[of] p2b: Typhlosion\n|move|p1b: Skeledirge|Protect|p1b: Skeledirge\n|-singleturn|p1b: Skeledirge|Protect\n|move|p2a: Maushold|Population Bomb|p1a: Milotic\n|-damage|p1a: Milotic|60\/100\n|-damage|p1a: Milotic|48\/100\n|-damage|p1a: Milotic|35\/100\n|-damage|p1a: Milotic|23\/100\n|-damage|p1a: Milotic|9\/100\n|-damage|p1a: Milotic|0 fnt\n|faint|p1a: Milotic\n|-hitcount|p1: Milotic|6\n|\n|-weather|SunnyDay|[upkeep]\n|-heal|p1b: Skeledirge|67\/100|[from] item: Leftovers\n|upkeep\n|\n|t:|1725770690\n|switch|p1a: Ninetales|Ninetales-Alola, L50, F, shiny|100\/100\n|-weather|Snow|[from] ability: Snow Warning|[of] p1a: Ninetales\n|turn|5\n|inactive|yuzuda has 30 seconds left.\n|inactive|fangame10 has 30 seconds left.\n|\n|t:|1725770724\n|move|p2a: Maushold|Population Bomb|p1b: Skeledirge\n|-damage|p1b: Skeledirge|57\/100\n|-damage|p1b: Skeledirge|45\/100\n|-damage|p1b: Skeledirge|35\/100\n|-damage|p1b: Skeledirge|23\/100\n|-damage|p1b: Skeledirge|13\/100\n|-damage|p1b: Skeledirge|3\/100\n|-damage|p1b: Skeledirge|0 fnt\n|faint|p1b: Skeledirge\n|-hitcount|p1: Skeledirge|7\n|cant|p2b: Typhlosion|slp\n|move|p1a: Ninetales|Blizzard|p2a: Maushold|[spread] p2a,p2b\n|-resisted|p2b: Typhlosion\n|-damage|p2a: Maushold|0 fnt\n|-damage|p2b: Typhlosion|31\/100 slp\n|faint|p2a: Maushold\n|\n|-weather|Snow|[upkeep]\n|-sideend|p2: yuzuda|move: Tailwind\n|upkeep\n|j| fdgdgdsfs\n|\n|t:|1725770747\n|switch|p2a: Whimsicott|Whimsicott, L50, F|100\/100\n|switch|p1b: Sneasler|Sneasler, L50, M, shiny|100\/100\n|turn|6\n|\n|t:|1725770768\n|move|p1b: Sneasler|Dire Claw|p2b: Typhlosion\n|-damage|p2b: Typhlosion|0 fnt\n|faint|p2b: Typhlosion\n|move|p2a: Whimsicott|Endeavor|p1b: Sneasler\n|-immune|p1b: Sneasler\n|move|p1a: Ninetales|Blizzard|p2a: Whimsicott\n|-supereffective|p2a: Whimsicott\n|-damage|p2a: Whimsicott|2\/100\n|-status|p2a: Whimsicott|frz\n|\n|-weather|Snow|[upkeep]\n|upkeep\n|\n|t:|1725770782\n|switch|p2b: Archaludon|Archaludon, L50, M|100\/100\n|turn|7\n|\n|t:|1725770803\n|move|p1b: Sneasler|Close Combat|p2b: Archaludon\n|-supereffective|p2b: Archaludon\n|-damage|p2b: Archaludon|17\/100\n|-unboost|p1b: Sneasler|def|1\n|-unboost|p1b: Sneasler|spd|1\n|-ability|p2b: Archaludon|Stamina|boost\n|-boost|p2b: Archaludon|def|1\n|cant|p2a: Whimsicott|frz\n|move|p1a: Ninetales|Blizzard|p2a: Whimsicott|[spread] p2a,p2b\n|-supereffective|p2a: Whimsicott\n|-damage|p2a: Whimsicott|0 fnt\n|-damage|p2b: Archaludon|0 fnt\n|faint|p2a: Whimsicott\n|faint|p2b: Archaludon\n|\n|win|fangame10\n|raw|fangame10's rating: 1794 &rarr; <strong>1809<\/strong><br \/>(+15 for winning)\n|raw|yuzuda's rating: 1698 &rarr; <strong>1683<\/strong><br \/>(-15 for losing)\n|l|\u2606fangame10\n|player|p1|\n|l|\u2606yuzuda\n|player|p2|\n|l| zer90\n|l| judang\n","uploadtime":1725771036,"views":49,"formatid":"gen9vgc2024regh","rating":1683,"private":0,"password":null}