{"id":"gen9vgc2024regh-2196154533","format":"[Gen 9] VGC 2024 Reg H","players":["lelouchswag","actuary97"],"log":"|j|\u2606lelouchswag\n|j|\u2606actuary97\n|t:|1725665516\n|gametype|doubles\n|player|p1|lelouchswag|170|1680\n|player|p2|actuary97|sabrina-frlg|1727\n|teamsize|p1|6\n|teamsize|p2|6\n|gen|9\n|tier|[Gen 9] VGC 2024 Reg H\n|rated|\n|rule|Species Clause: Limit one of each Pok\u00e9mon\n|rule|Item Clause: Limit 1 of each item\n|clearpoke\n|poke|p1|Meowscarada, L50, M|\n|poke|p1|Primarina, L50, F|\n|poke|p1|Sylveon, L50, M|\n|poke|p1|Indeedee, L50, M|\n|poke|p1|Gliscor, L50, M|\n|poke|p1|Decidueye-Hisui, L50, M|\n|poke|p2|Whimsicott, L50, F|\n|poke|p2|Armarouge, L50, M|\n|poke|p2|Gallade, L50, M|\n|poke|p2|Malamar, L50, F|\n|poke|p2|Indeedee, L50, M|\n|poke|p2|Archaludon, L50, F|\n|teampreview|4\nactuary97 has agreed to open team sheets.\nlelouchswag has agreed to open team sheets.\n|\n|t:|1725665559\n|start\n|switch|p1a: Gliscor|Gliscor, L50, M|100\/100\n|switch|p1b: Indeedee|Indeedee, L50, M|100\/100\n|switch|p2a: Mischief Mother|Whimsicott, L50, F, shiny|100\/100\n|switch|p2b: Armarouge|Armarouge, L50, M, shiny|100\/100\n|-fieldstart|move: Psychic Terrain|[from] ability: Psychic Surge|[of] p1b: Indeedee\n|-enditem|p2b: Armarouge|Psychic Seed\n|-boost|p2b: Armarouge|spd|1|[from] item: Psychic Seed\n|turn|1\n|\n|t:|1725665590\n|move|p2a: Mischief Mother|Tailwind|p2a: Mischief Mother\n|-sidestart|p2: actuary97|move: Tailwind\n|move|p2b: Armarouge|Will-O-Wisp|p1a: Gliscor\n|-status|p1a: Gliscor|brn\n|move|p1a: Gliscor|High Horsepower|p2b: Armarouge\n|-supereffective|p2b: Armarouge\n|-damage|p2b: Armarouge|53\/100\n|-damage|p1a: Gliscor|91\/100 brn|[from] item: Life Orb\n|move|p1b: Indeedee|Trick Room|p1b: Indeedee\n|-fieldstart|move: Trick Room|[of] p1b: Indeedee\n|\n|-damage|p1a: Gliscor|85\/100 brn|[from] brn\n|upkeep\n|turn|2\n|\n|t:|1725665607\n|switch|p2a: Bridget|Archaludon, L50, F, shiny|100\/100\n|move|p1a: Gliscor|High Horsepower|p2b: Armarouge\n|-supereffective|p2b: Armarouge\n|-damage|p2b: Armarouge|3\/100\n|-damage|p1a: Gliscor|76\/100 brn|[from] item: Life Orb\n|move|p1b: Indeedee|Expanding Force|p2a: Bridget|[spread] p2a,p2b\n|-resisted|p2a: Bridget\n|-resisted|p2b: Armarouge\n|-damage|p2a: Bridget|78\/100\n|-damage|p2b: Armarouge|0 fnt\n|-ability|p2a: Bridget|Stamina|boost\n|-boost|p2a: Bridget|def|1\n|faint|p2b: Armarouge\n|\n|-damage|p1a: Gliscor|70\/100 brn|[from] brn\n|upkeep\n|\n|t:|1725665619\n|switch|p2b: \u2694\ufe0fKing\u2694\ufe0f|Gallade, L50, M, shiny|100\/100\n|turn|3\n|\n|t:|1725665627\n|move|p2b: \u2694\ufe0fKing\u2694\ufe0f|Protect|p2b: \u2694\ufe0fKing\u2694\ufe0f\n|-singleturn|p2b: \u2694\ufe0fKing\u2694\ufe0f|Protect\n|move|p1a: Gliscor|Dual Wingbeat|p2b: \u2694\ufe0fKing\u2694\ufe0f\n|-activate|p2b: \u2694\ufe0fKing\u2694\ufe0f|move: Protect\n|move|p1b: Indeedee|Expanding Force|p2a: Bridget|[spread] p2a\n|-activate|p2b: \u2694\ufe0fKing\u2694\ufe0f|move: Protect\n|-resisted|p2a: Bridget\n|-damage|p2a: Bridget|55\/100\n|-ability|p2a: Bridget|Stamina|boost\n|-boost|p2a: Bridget|def|1\n|move|p2a: Bridget|Snarl|p1a: Gliscor|[spread] p1a,p1b\n|-supereffective|p1b: Indeedee\n|-damage|p1a: Gliscor|53\/100 brn\n|-damage|p1b: Indeedee|62\/100\n|-unboost|p1a: Gliscor|spa|1\n|-unboost|p1b: Indeedee|spa|1\n|\n|-damage|p1a: Gliscor|47\/100 brn|[from] brn\n|upkeep\n|turn|4\n|\n|t:|1725665640\n|move|p1a: Gliscor|Dual Wingbeat|p2b: \u2694\ufe0fKing\u2694\ufe0f\n|-supereffective|p2b: \u2694\ufe0fKing\u2694\ufe0f\n|-damage|p2b: \u2694\ufe0fKing\u2694\ufe0f|61\/100\n|-supereffective|p2b: \u2694\ufe0fKing\u2694\ufe0f\n|-damage|p2b: \u2694\ufe0fKing\u2694\ufe0f|25\/100\n|-hitcount|p2b: \u2694\ufe0fKing\u2694\ufe0f|2\n|-damage|p1a: Gliscor|38\/100 brn|[from] item: Life Orb\n|move|p1b: Indeedee|Expanding Force|p2b: \u2694\ufe0fKing\u2694\ufe0f|[spread] p2a,p2b\n|-resisted|p2a: Bridget\n|-damage|p2a: Bridget|40\/100\n|-damage|p2b: \u2694\ufe0fKing\u2694\ufe0f|0 fnt\n|-ability|p2a: Bridget|Stamina|boost\n|-boost|p2a: Bridget|def|1\n|faint|p2b: \u2694\ufe0fKing\u2694\ufe0f\n|move|p2a: Bridget|Snarl|p1a: Gliscor|[spread] p1a,p1b\n|-supereffective|p1b: Indeedee\n|-damage|p1a: Gliscor|23\/100 brn\n|-damage|p1b: Indeedee|25\/100\n|-unboost|p1a: Gliscor|spa|1\n|-unboost|p1b: Indeedee|spa|1\n|\n|-damage|p1a: Gliscor|17\/100 brn|[from] brn\n|-sideend|p2: actuary97|move: Tailwind\n|upkeep\n|\n|t:|1725665643\n|switch|p2b: Mischief Mother|Whimsicott, L50, F, shiny|100\/100\n|turn|5\n|\n|t:|1725665660\n|-terastallize|p2b: Mischief Mother|Ghost\n|move|p2a: Bridget|Snarl|p1a: Gliscor|[spread] p1a,p1b\n|-supereffective|p1b: Indeedee\n|-damage|p1a: Gliscor|0 fnt\n|-damage|p1b: Indeedee|0 fnt\n|faint|p1a: Gliscor\n|faint|p1b: Indeedee\n|move|p2b: Mischief Mother|Moonblast|p1: Gliscor|[notarget]\n|-fail|p2b: Mischief Mother\n|\n|-fieldend|move: Trick Room\n|-fieldend|move: Psychic Terrain\n|upkeep\n|\n|t:|1725665665\n|switch|p1b: Sylveon|Sylveon, L50, M|100\/100\n|switch|p1a: Meowscarada|Meowscarada, L50, M|100\/100\n|turn|6\n|\n|t:|1725665682\n|-terastallize|p1b: Sylveon|Fairy\n|move|p2b: Mischief Mother|Tailwind|p2b: Mischief Mother\n|-sidestart|p2: actuary97|move: Tailwind\n|move|p2a: Bridget|Snarl|p1a: Meowscarada|[spread] p1a,p1b\n|-resisted|p1a: Meowscarada\n|-resisted|p1b: Sylveon\n|-damage|p1a: Meowscarada|91\/100\n|-damage|p1b: Sylveon|95\/100\n|-unboost|p1a: Meowscarada|spa|1\n|-unboost|p1b: Sylveon|spa|1\n|move|p1a: Meowscarada|Knock Off|p2b: Mischief Mother\n|-supereffective|p2b: Mischief Mother\n|-enditem|p2b: Mischief Mother|Focus Sash\n|-damage|p2b: Mischief Mother|1\/100\n|move|p1b: Sylveon|Hyper Voice|p2a: Bridget|[spread] p2a,p2b\n|-damage|p2a: Bridget|6\/100\n|-damage|p2b: Mischief Mother|0 fnt\n|-ability|p2a: Bridget|Stamina|boost\n|-boost|p2a: Bridget|def|1\n|faint|p2b: Mischief Mother\n|\n|upkeep\n|turn|7\n|c|\u2606actuary97|gg\n|\n|t:|1725665694\n|move|p2a: Bridget|Flash Cannon|p1b: Sylveon\n|-supereffective|p1b: Sylveon\n|-damage|p1b: Sylveon|39\/100\n|move|p1a: Meowscarada|Flower Trick|p2a: Bridget\n|-resisted|p2a: Bridget\n|-crit|p2a: Bridget\n|-damage|p2a: Bridget|0 fnt\n|faint|p2a: Bridget\n|\n|win|lelouchswag\n|raw|lelouchswag's rating: 1680 &rarr; <strong>1703<\/strong><br \/>(+23 for winning)\n|raw|actuary97's rating: 1727 &rarr; <strong>1704<\/strong><br \/>(-23 for losing)\n|c|\u2606lelouchswag|gg\n|l|\u2606actuary97\n|player|p2|\n|l|\u2606lelouchswag\n|player|p1|\n","uploadtime":1725665935,"views":35,"formatid":"gen9vgc2024regh","rating":1703,"private":0,"password":null}