{"id":"gen9vgc2024regh-2197812928","format":"[Gen 9] VGC 2024 Reg H","players":["rainha678","chin8"],"log":"|j|\u2606rainha678\n|j|\u2606chin8\n|t:|1725889367\n|gametype|doubles\n|player|p1|rainha678|101|1670\n|player|p2|chin8|gentleman-gen4dp|1789\n|teamsize|p1|6\n|teamsize|p2|6\n|gen|9\n|tier|[Gen 9] VGC 2024 Reg H\n|rated|\n|rule|Species Clause: Limit one of each Pok\u00e9mon\n|rule|Item Clause: Limit 1 of each item\n|clearpoke\n|poke|p1|Murkrow, L50, F|\n|poke|p1|Indeedee-F, L50, F|\n|poke|p1|Armarouge, L50, F|\n|poke|p1|Garchomp, L50, M|\n|poke|p1|Tinkaton, L50, F|\n|poke|p1|Annihilape, L50, M|\n|poke|p2|Baxcalibur, L50, M|\n|poke|p2|Kilowattrel, L50, M|\n|poke|p2|Haxorus, L50, M|\n|poke|p2|Gardevoir, L50, M|\n|poke|p2|Magmortar, L50, F|\n|poke|p2|Gholdengo, L50|\n|teampreview|4\n|inactive|Battle timer is ON: inactive players will automatically lose when time's up. (requested by chin8)\n|\n|t:|1725889407\n|start\n|switch|p1a: Garchomp|Garchomp, L50, M|100\/100\n|switch|p1b: Murkrow|Murkrow, L50, F|100\/100\n|switch|p2a: Kilowattrel|Kilowattrel, L50, M|100\/100\n|switch|p2b: Baxcalibur|Baxcalibur, L50, M|100\/100\n|turn|1\n|\n|t:|1725889426\n|-terastallize|p1a: Garchomp|Steel\n|-terastallize|p2b: Baxcalibur|Ground\n|move|p1b: Murkrow|Tailwind|p1b: Murkrow\n|-sidestart|p1: rainha678|move: Tailwind\n|move|p1a: Garchomp|Outrage|p2b: Baxcalibur\n|-damage|p2b: Baxcalibur|31\/100\n|-damage|p1a: Garchomp|91\/100|[from] item: Life Orb\n|move|p2a: Kilowattrel|Thunderbolt|p1b: Murkrow\n|-supereffective|p1b: Murkrow\n|-damage|p1b: Murkrow|13\/100\n|move|p2b: Baxcalibur|Earthquake|p1a: Garchomp|[spread] p1a\n|-immune|p2a: Kilowattrel\n|-immune|p1b: Murkrow\n|-supereffective|p1a: Garchomp\n|-damage|p1a: Garchomp|2\/100\n|\n|upkeep\n|turn|2\n|inactive|rainha678 has 30 seconds left.\n|inactive|rainha678 has 20 seconds left.\n|\n|t:|1725889461\n|switch|p1b: Annihilape|Annihilape, L50, M|100\/100\n|move|p2b: Baxcalibur|Ice Shard|p1a: Garchomp\n|-resisted|p1a: Garchomp\n|-damage|p1a: Garchomp|0 fnt\n|faint|p1a: Garchomp\n|move|p2a: Kilowattrel|Tailwind|p2a: Kilowattrel\n|-sidestart|p2: chin8|move: Tailwind\n|\n|upkeep\n|\n|t:|1725889474\n|switch|p1a: Armarouge|Armarouge, L50, F, shiny|100\/100\n|turn|3\n|\n|t:|1725889481\n|move|p1b: Annihilape|Close Combat|p2b: Baxcalibur\n|-damage|p2b: Baxcalibur|0 fnt\n|-unboost|p1b: Annihilape|def|1\n|-unboost|p1b: Annihilape|spd|1\n|faint|p2b: Baxcalibur\n|move|p2a: Kilowattrel|Thunderbolt|p1a: Armarouge\n|-damage|p1a: Armarouge|48\/100\n|move|p1a: Armarouge|Meteor Beam||[still]\n|-prepare|p1a: Armarouge|Meteor Beam\n|-boost|p1a: Armarouge|spa|1\n|-enditem|p1a: Armarouge|Power Herb\n|-anim|p1a: Armarouge|Meteor Beam|p2a: Kilowattrel\n|-supereffective|p2a: Kilowattrel\n|-enditem|p2a: Kilowattrel|Focus Sash\n|-damage|p2a: Kilowattrel|1\/100\n|\n|upkeep\n|\n|t:|1725889487\n|switch|p2b: Magmortar|Magmortar, L50, F|100\/100\n|turn|4\n|\n|t:|1725889510\n|move|p1a: Armarouge|Protect|p1a: Armarouge\n|-singleturn|p1a: Armarouge|Protect\n|move|p2b: Magmortar|Follow Me|p2b: Magmortar\n|-singleturn|p2b: Magmortar|move: Follow Me\n|move|p1b: Annihilape|Close Combat|p2b: Magmortar\n|-damage|p2b: Magmortar|36\/100\n|-unboost|p1b: Annihilape|def|1\n|-unboost|p1b: Annihilape|spd|1\n|-enditem|p2b: Magmortar|Sitrus Berry|[eat]\n|-heal|p2b: Magmortar|60\/100|[from] item: Sitrus Berry\n|move|p2a: Kilowattrel|Thunderbolt|p1a: Armarouge\n|-activate|p1a: Armarouge|move: Protect\n|\n|-sideend|p1: rainha678|move: Tailwind\n|upkeep\n|turn|5\n|j| skersh88\n|inactive|rainha678 has 30 seconds left.\n|\n|t:|1725889536\n|switch|p1a: Murkrow|Murkrow, L50, F|13\/100\n|move|p2b: Magmortar|Follow Me|p2b: Magmortar\n|-singleturn|p2b: Magmortar|move: Follow Me\n|move|p2a: Kilowattrel|Thunderbolt|p1a: Murkrow\n|-supereffective|p1a: Murkrow\n|-damage|p1a: Murkrow|0 fnt\n|faint|p1a: Murkrow\n|move|p1b: Annihilape|Close Combat|p2b: Magmortar\n|-damage|p2b: Magmortar|0 fnt\n|-unboost|p1b: Annihilape|def|1\n|-unboost|p1b: Annihilape|spd|1\n|faint|p2b: Magmortar\n|\n|-sideend|p2: chin8|move: Tailwind\n|upkeep\n|\n|t:|1725889550\n|switch|p1a: Armarouge|Armarouge, L50, F, shiny|48\/100\n|switch|p2b: Gholdengo|Gholdengo, L50|100\/100\n|turn|6\n|\n|t:|1725889565\n|move|p2a: Kilowattrel|Protect|p2a: Kilowattrel\n|-singleturn|p2a: Kilowattrel|Protect\n|move|p1b: Annihilape|Close Combat|p1a: Armarouge\n|-resisted|p1a: Armarouge\n|-damage|p1a: Armarouge|19\/100\n|-unboost|p1b: Annihilape|def|1\n|-unboost|p1b: Annihilape|spd|1\n|-ability|p1a: Armarouge|Weak Armor|boost\n|-unboost|p1a: Armarouge|def|1\n|-boost|p1a: Armarouge|spe|2\n|move|p1a: Armarouge|Armor Cannon|p2b: Gholdengo\n|-supereffective|p2b: Gholdengo\n|-damage|p2b: Gholdengo|0 fnt\n|-unboost|p1a: Armarouge|def|1\n|-unboost|p1a: Armarouge|spd|1\n|faint|p2b: Gholdengo\n|\n|upkeep\n|turn|7\n|-message|chin8 forfeited.\n|\n|win|rainha678\n|raw|rainha678's rating: 1670 &rarr; <strong>1697<\/strong><br \/>(+27 for winning)\n|raw|chin8's rating: 1789 &rarr; <strong>1762<\/strong><br \/>(-27 for losing)\n|l|\u2606chin8\n|player|p2|\n|l|\u2606rainha678\n|player|p1|\n|l| skersh88\n","uploadtime":1725889846,"views":20,"formatid":"gen9vgc2024regh","rating":1697,"private":0,"password":null}