{"id":"gen9vgc2024regh-2197422576","format":"[Gen 9] VGC 2024 Reg H","players":["Tempest Flute","TempaMental"],"log":"|j|\u2606Tempest Flute\n|j|\u2606TempaMental\n|t:|1725833739\n|gametype|doubles\n|player|p1|Tempest Flute|magmasuit|1746\n|player|p2|TempaMental|266|1775\n|teamsize|p1|6\n|teamsize|p2|6\n|gen|9\n|tier|[Gen 9] VGC 2024 Reg H\n|rated|\n|rule|Species Clause: Limit one of each Pok\u00e9mon\n|rule|Item Clause: Limit 1 of each item\n|clearpoke\n|poke|p1|Gholdengo, L50|\n|poke|p1|Sneasler, L50, M|\n|poke|p1|Indeedee, L50, M|\n|poke|p1|Garchomp, L50, M|\n|poke|p1|Typhlosion-Hisui, L50, M|\n|poke|p1|Murkrow, L50, M|\n|poke|p2|Indeedee-F, L50, F|\n|poke|p2|Sneasler, L50, M|\n|poke|p2|Basculegion, L50, M|\n|poke|p2|Dragonite, L50, F|\n|poke|p2|Pelipper, L50, M|\n|poke|p2|Gholdengo, L50|\n|teampreview|4\n|inactive|Battle timer is ON: inactive players will automatically lose when time's up. (requested by TempaMental)\n|inactive|Tempest Flute also wants the timer to be on.\n|j| lktz777\n|inactive|Tempest Flute has 60 seconds left.\n|inactive|Tempest Flute has 30 seconds left.\n|\n|t:|1725833807\n|start\n|switch|p1a: Her Stepbrother|Indeedee, L50, M, shiny|100\/100\n|switch|p1b: Her Bf|Sneasler, L50, M, shiny|100\/100\n|switch|p2a: Sneasler|Sneasler, L50, M|100\/100\n|switch|p2b: Pelipper|Pelipper, L50, M|100\/100\n|-fieldstart|move: Psychic Terrain|[from] ability: Psychic Surge|[of] p1a: Her Stepbrother\n|-enditem|p1b: Her Bf|Psychic Seed\n|-boost|p1b: Her Bf|spd|1|[from] item: Psychic Seed\n|-enditem|p2a: Sneasler|Psychic Seed\n|-boost|p2a: Sneasler|spd|1|[from] item: Psychic Seed\n|-weather|RainDance|[from] ability: Drizzle|[of] p2b: Pelipper\n|turn|1\n|j| Hydrion\n|inactive|Tempest Flute has 30 seconds left.\n|inactive|Tempest Flute has 20 seconds left.\n|\n|t:|1725833846\n|-terastallize|p1b: Her Bf|Dark\n|-terastallize|p2a: Sneasler|Dark\n|move|p1b: Her Bf|Dire Claw|p2b: Pelipper\n|-damage|p2b: Pelipper|34\/100\n|-status|p2b: Pelipper|slp\n|move|p2a: Sneasler|Throat Chop|p1a: Her Stepbrother\n|-supereffective|p1a: Her Stepbrother\n|-crit|p1a: Her Stepbrother\n|-enditem|p1a: Her Stepbrother|Focus Sash\n|-damage|p1a: Her Stepbrother|1\/100\n|-start|p1a: Her Stepbrother|Throat Chop|[silent]\n|move|p1a: Her Stepbrother|Expanding Force|p2b: Pelipper|[spread] p2b\n|-immune|p2a: Sneasler\n|-damage|p2b: Pelipper|0 fnt\n|faint|p2b: Pelipper\n|\n|-weather|RainDance|[upkeep]\n|upkeep\n|\n|t:|1725833860\n|switch|p2b: Basculegion|Basculegion, L50, M|100\/100\n|turn|2\n|inactive|Tempest Flute has 30 seconds left.\n|inactive|TempaMental has 30 seconds left.\n|\n|t:|1725833893\n|move|p1b: Her Bf|Close Combat|p2a: Sneasler\n|-supereffective|p2a: Sneasler\n|-damage|p2a: Sneasler|0 fnt\n|-unboost|p1b: Her Bf|def|1\n|-unboost|p1b: Her Bf|spd|1\n|faint|p2a: Sneasler\n|move|p2b: Basculegion|Wave Crash|p1a: Her Stepbrother\n|-damage|p1a: Her Stepbrother|0 fnt\n|faint|p1a: Her Stepbrother\n|-damage|p2b: Basculegion|99\/100|[from] Recoil\n|-damage|p2b: Basculegion|90\/100|[from] item: Life Orb\n|\n|-weather|RainDance|[upkeep]\n|upkeep\n|\n|t:|1725833900\n|switch|p2a: Indeedee|Indeedee-F, L50, F|100\/100\n|switch|p1a: You|Murkrow, L50, M, shiny|100\/100\n|turn|3\n|\n|t:|1725833922\n|move|p2b: Basculegion|Protect|p2b: Basculegion\n|-singleturn|p2b: Basculegion|Protect\n|move|p1b: Her Bf|Throat Chop|p2b: Basculegion\n|-activate|p2b: Basculegion|move: Protect\n|move|p1a: You|Foul Play|p2b: Basculegion\n|-activate|p2b: Basculegion|move: Protect\n|move|p2a: Indeedee|Trick Room|p2a: Indeedee\n|-fieldstart|move: Trick Room|[of] p2a: Indeedee\n|\n|-weather|RainDance|[upkeep]\n|upkeep\n|turn|4\n|\n|t:|1725833940\n|move|p2a: Indeedee|Follow Me|p2a: Indeedee\n|-singleturn|p2a: Indeedee|move: Follow Me\n|move|p1a: You|Foul Play|p2a: Indeedee\n|-supereffective|p2a: Indeedee\n|-damage|p2a: Indeedee|73\/100\n|-damage|p1a: You|84\/100|[from] item: Rocky Helmet|[of] p2a: Indeedee\n|move|p2b: Basculegion|Last Respects|p1a: You\n|-resisted|p1a: You\n|-damage|p1a: You|30\/100\n|-damage|p2b: Basculegion|81\/100|[from] item: Life Orb\n|move|p1b: Her Bf|Throat Chop|p2a: Indeedee\n|-supereffective|p2a: Indeedee\n|-damage|p2a: Indeedee|0 fnt\n|-damage|p1b: Her Bf|84\/100|[from] item: Rocky Helmet|[of] p2a: Indeedee\n|faint|p2a: Indeedee\n|\n|-weather|RainDance|[upkeep]\n|upkeep\n|turn|5\n|j| pepowiner\n|\n|t:|1725833952\n|move|p2b: Basculegion|Protect|p2b: Basculegion\n|-singleturn|p2b: Basculegion|Protect\n|move|p1a: You|Foul Play|p2b: Basculegion\n|-activate|p2b: Basculegion|move: Protect\n|move|p1b: Her Bf|Throat Chop|p2b: Basculegion\n|-activate|p2b: Basculegion|move: Protect\n|\n|-weather|none\n|-fieldend|move: Psychic Terrain\n|upkeep\n|turn|6\n|\n|t:|1725833962\n|move|p2b: Basculegion|Wave Crash|p1b: Her Bf\n|-damage|p1b: Her Bf|0 fnt\n|faint|p1b: Her Bf\n|-damage|p2b: Basculegion|59\/100|[from] Recoil\n|-damage|p2b: Basculegion|50\/100|[from] item: Life Orb\n|move|p1a: You|Foul Play|p2b: Basculegion\n|-supereffective|p2b: Basculegion\n|-damage|p2b: Basculegion|0 fnt\n|faint|p2b: Basculegion\n|\n|win|Tempest Flute\n|raw|Tempest Flute's rating: 1746 &rarr; <strong>1768<\/strong><br \/>(+22 for winning)\n|raw|TempaMental's rating: 1775 &rarr; <strong>1753<\/strong><br \/>(-22 for losing)\n|l|\u2606TempaMental\n|player|p2|\n|c|\u2606Tempest Flute|to brazil with you\n|c|\u2606Tempest Flute|i\u2019m sending you to Thacrow\n|l|\u2606Tempest Flute\n|player|p1|\n","uploadtime":1725834186,"views":116,"formatid":"gen9vgc2024regh","rating":1753,"private":0,"password":null}