{"id":"gen9vgc2024regh-2197909888","format":"[Gen 9] VGC 2024 Reg H","players":["greenlightdmp","ggttmmhh"],"log":"|j|\u2606greenlightdmp\n|j|\u2606ggttmmhh\n|t:|1725898254\n|gametype|doubles\n|player|p1|greenlightdmp|169|1706\n|player|p2|ggttmmhh|169|1733\n|teamsize|p1|6\n|teamsize|p2|6\n|gen|9\n|tier|[Gen 9] VGC 2024 Reg H\n|rated|\n|rule|Species Clause: Limit one of each Pok\u00e9mon\n|rule|Item Clause: Limit 1 of each item\n|clearpoke\n|poke|p1|Tyranitar, L50, F|\n|poke|p1|Talonflame, L50, F|\n|poke|p1|Garchomp, L50, F|\n|poke|p1|Cryogonal, L50|\n|poke|p1|Gastrodon-East, L50, F|\n|poke|p1|Gholdengo, L50|\n|poke|p2|Archaludon, L50, F|\n|poke|p2|Typhlosion-Hisui, L50, M|\n|poke|p2|Primarina, L50, M|\n|poke|p2|Meowscarada, L50, M|\n|poke|p2|Ursaluna-Bloodmoon, L50, M|\n|poke|p2|Murkrow, L50, F|\n|teampreview|4\ngreenlightdmp has agreed to open team sheets.\n|\n|t:|1725898346\n|start\n|switch|p1a: Talonflame|Talonflame, L50, F|100\/100\n|switch|p1b: Garchomp|Garchomp, L50, F|100\/100\n|switch|p2a: Meowscarada|Meowscarada, L50, M|100\/100\n|switch|p2b: Primarina|Primarina, L50, M|100\/100\n|turn|1\n|\n|t:|1725898369\n|move|p1a: Talonflame|Brave Bird|p2b: Primarina\n|-damage|p2b: Primarina|49\/100\n|-damage|p1a: Talonflame|80\/100|[from] Recoil\n|move|p2a: Meowscarada|Grass Pledge|p1a: Talonflame\n|-waiting|p2a: Meowscarada|p2b: Primarina\n|move|p2b: Primarina|Water Pledge|p1a: Talonflame|[from]move: Grass Pledge\n|-combine\n|-resisted|p1a: Talonflame\n|-damage|p1a: Talonflame|47\/100\n|-sidestart|p1: greenlightdmp|Grass Pledge\n|move|p1b: Garchomp|Earthquake|p2a: Meowscarada|[spread] p2a,p2b\n|-immune|p1a: Talonflame\n|-resisted|p2a: Meowscarada\n|-damage|p2a: Meowscarada|64\/100\n|-damage|p2b: Primarina|0 fnt\n|faint|p2b: Primarina\n|-damage|p1b: Garchomp|91\/100|[from] item: Life Orb\n|\n|upkeep\n|\n|t:|1725898388\n|switch|p2b: Ursaluna|Ursaluna-Bloodmoon, L50, M|100\/100\n|turn|2\n|\n|t:|1725898423\n|move|p1b: Garchomp|Protect|p1b: Garchomp\n|-singleturn|p1b: Garchomp|Protect\n|move|p2a: Meowscarada|Knock Off|p1a: Talonflame\n|-start|p2a: Meowscarada|typechange|Dark|[from] ability: Protean\n|-damage|p1a: Talonflame|0 fnt\n|-enditem|p1a: Talonflame|Covert Cloak|[from] move: Knock Off|[of] p2a: Meowscarada\n|faint|p1a: Talonflame\n|move|p2b: Ursaluna|Blood Moon|p1b: Garchomp\n|-activate|p1b: Garchomp|move: Protect\n|\n|upkeep\n|\n|t:|1725898436\n|switch|p1a: Gholdengo|Gholdengo, L50|100\/100\n|turn|3\n|inactive|Battle timer is ON: inactive players will automatically lose when time's up. (requested by greenlightdmp)\n|\n|t:|1725898507\n|switch|p1a: Cryogonal|Cryogonal, L50|100\/100\n|move|p2a: Meowscarada|Knock Off|p1b: Garchomp\n|-damage|p1b: Garchomp|46\/100\n|-damage|p2a: Meowscarada|51\/100|[from] ability: Rough Skin|[of] p1b: Garchomp\n|-enditem|p1b: Garchomp|Life Orb|[from] move: Knock Off|[of] p2a: Meowscarada\n|move|p2b: Ursaluna|Earth Power|p1a: Cryogonal\n|-immune|p1a: Cryogonal|[from] ability: Levitate\n|move|p1b: Garchomp|Earthquake|p2b: Ursaluna|[spread] p2a,p2b\n|-immune|p1a: Cryogonal|[from] ability: Levitate\n|-damage|p2a: Meowscarada|0 fnt\n|-damage|p2b: Ursaluna|71\/100\n|faint|p2a: Meowscarada\n|\n|upkeep\n|\n|t:|1725898510\n|switch|p2a: Archaludon|Archaludon, L50, F|100\/100\n|turn|4\n|inactive|ggttmmhh has 30 seconds left.\n|inactive|ggttmmhh has 20 seconds left.\n|inactive|ggttmmhh has 15 seconds left.\n|\n|t:|1725898554\n|-terastallize|p2a: Archaludon|Electric\n|move|p1a: Cryogonal|Protect|p1a: Cryogonal\n|-singleturn|p1a: Cryogonal|Protect\n|move|p1b: Garchomp|Protect|p1b: Garchomp\n|-singleturn|p1b: Garchomp|Protect\n|move|p2a: Archaludon|Electro Shot||[still]\n|-prepare|p2a: Archaludon|Electro Shot\n|-boost|p2a: Archaludon|spa|1\n|-enditem|p2a: Archaludon|Power Herb\n|-anim|p2a: Archaludon|Electro Shot|p1a: Cryogonal\n|-activate|p1a: Cryogonal|move: Protect\n|move|p2b: Ursaluna|Hyper Voice|p1b: Garchomp|[spread] \n|-activate|p1a: Cryogonal|move: Protect\n|-activate|p1b: Garchomp|move: Protect\n|\n|-sideend|p1: greenlightdmp|Grass Pledge\n|upkeep\n|turn|5\n|inactive|greenlightdmp has 30 seconds left.\n|inactive|ggttmmhh has 30 seconds left.\n|inactive|ggttmmhh has 20 seconds left.\n|inactive|ggttmmhh has 15 seconds left.\n|inactive|ggttmmhh has 10 seconds left.\n|\n|t:|1725898604\n|move|p2a: Archaludon|Protect|p2a: Archaludon\n|-singleturn|p2a: Archaludon|Protect\n|move|p1a: Cryogonal|Freeze-Dry|p2b: Ursaluna\n|-supereffective|p2b: Ursaluna\n|-damage|p2b: Ursaluna|0 fnt\n|faint|p2b: Ursaluna\n|move|p1b: Garchomp|Earthquake|p2a: Archaludon|[spread] \n|-activate|p2a: Archaludon|move: Protect\n|-immune|p1a: Cryogonal|[from] ability: Levitate\n|\n|upkeep\n|turn|6\n|\n|t:|1725898627\n|move|p1a: Cryogonal|Freeze-Dry|p2a: Archaludon\n|-damage|p2a: Archaludon|54\/100\n|move|p1b: Garchomp|Earthquake|p2a: Archaludon|[spread] p2a\n|-immune|p1a: Cryogonal|[from] ability: Levitate\n|-supereffective|p2a: Archaludon\n|-damage|p2a: Archaludon|0 fnt\n|faint|p2a: Archaludon\n|\n|win|greenlightdmp\n|raw|greenlightdmp's rating: 1706 &rarr; <strong>1728<\/strong><br \/>(+22 for winning)\n|raw|ggttmmhh's rating: 1733 &rarr; <strong>1711<\/strong><br \/>(-22 for losing)\n|l|\u2606ggttmmhh\n|player|p2|\n|l|\u2606greenlightdmp\n|player|p1|\n","uploadtime":1725898867,"views":38,"formatid":"gen9vgc2024regh","rating":1711,"private":0,"password":null}