{"id":"gen9vgc2024regh-2197994104","format":"[Gen 9] VGC 2024 Reg H","players":["Ibrahimovicvgc","nicouser"],"log":"|j|\u2606Ibrahimovicvgc\n|j|\u2606nicouser\n|t:|1725905697\n|gametype|doubles\n|player|p1|Ibrahimovicvgc|1|1760\n|player|p2|nicouser|265|1668\n|teamsize|p1|6\n|teamsize|p2|6\n|gen|9\n|tier|[Gen 9] VGC 2024 Reg H\n|rated|\n|rule|Species Clause: Limit one of each Pok\u00e9mon\n|rule|Item Clause: Limit 1 of each item\n|clearpoke\n|poke|p1|Gholdengo, L50|\n|poke|p1|Talonflame, L50, M|\n|poke|p1|Dragonite, L50, M|\n|poke|p1|Dondozo, L50, F|\n|poke|p1|Tatsugiri, L50, F|\n|poke|p1|Clodsire, L50, M|\n|poke|p2|Kilowattrel, L50, F|\n|poke|p2|Garchomp, L50, M|\n|poke|p2|Arcanine-Hisui, L50, F|\n|poke|p2|Gholdengo, L50|\n|poke|p2|Rillaboom, L50, F|\n|poke|p2|Primarina, L50, M|\n|teampreview|4\n|inactive|Battle timer is ON: inactive players will automatically lose when time's up. (requested by Ibrahimovicvgc)\n|inactive|Ibrahimovicvgc has 60 seconds left.\n|\n|t:|1725905742\n|start\n|switch|p1a: Talonflame|Talonflame, L50, M|100\/100\n|switch|p1b: Dragonite|Dragonite, L50, M|100\/100\n|switch|p2a: Kilowattrel|Kilowattrel, L50, F, shiny|100\/100\n|switch|p2b: Gholdengow|Gholdengo, L50, shiny|100\/100\n|turn|1\n|inactive|Ibrahimovicvgc has 30 seconds left.\n|inactive|nicouser has 30 seconds left.\n|\n|t:|1725905773\n|move|p1b: Dragonite|Extreme Speed|p2a: Kilowattrel\n|-damage|p2a: Kilowattrel|12\/100\n|move|p2a: Kilowattrel|Tailwind|p2a: Kilowattrel\n|-sidestart|p2: nicouser|move: Tailwind\n|move|p2b: Gholdengow|Make It Rain|p1a: Talonflame|[spread] p1a,p1b\n|-resisted|p1a: Talonflame\n|-damage|p1a: Talonflame|43\/100\n|-damage|p1b: Dragonite|38\/100\n|-unboost|p2b: Gholdengow|spa|1\n|move|p1a: Talonflame|Flare Blitz|p2b: Gholdengow\n|-supereffective|p2b: Gholdengow\n|-damage|p2b: Gholdengow|0 fnt\n|faint|p2b: Gholdengow\n|-damage|p1a: Talonflame|2\/100|[from] Recoil\n|-damage|p1a: Talonflame|0 fnt|[from] item: Life Orb\n|faint|p1a: Talonflame\n|\n|upkeep\n|\n|t:|1725905794\n|switch|p1a: Dondozo|Dondozo, L50, F|100\/100\n|switch|p2b: Primarina|Primarina, L50, M, shiny|100\/100\n|turn|2\n|\n|t:|1725905816\n|switch|p2a: Rillaboom|Rillaboom, L50, F, shiny|100\/100\n|-fieldstart|move: Grassy Terrain|[from] ability: Grassy Surge|[of] p2a: Rillaboom\n|move|p1b: Dragonite|Extreme Speed|p2a: Rillaboom\n|-crit|p2a: Rillaboom\n|-damage|p2a: Rillaboom|33\/100\n|move|p2b: Primarina|Moonblast|p1b: Dragonite\n|-supereffective|p1b: Dragonite\n|-damage|p1b: Dragonite|0 fnt\n|faint|p1b: Dragonite\n|-damage|p2b: Primarina|91\/100|[from] item: Life Orb\n|move|p1a: Dondozo|Earthquake|p2a: Rillaboom|[spread] p2a,p2b\n|-resisted|p2a: Rillaboom\n|-damage|p2a: Rillaboom|27\/100\n|-damage|p2b: Primarina|76\/100\n|\n|-heal|p2a: Rillaboom|33\/100|[from] Grassy Terrain\n|-heal|p2b: Primarina|83\/100|[from] Grassy Terrain\n|upkeep\n|\n|t:|1725905831\n|switch|p1b: Tatsugiri|Tatsugiri, L50, F|100\/100\n|-activate|p1b: Tatsugiri|ability: Commander|[of] p1a: Dondozo\n|-boost|p1a: Dondozo|atk|2\n|-boost|p1a: Dondozo|spa|2\n|-boost|p1a: Dondozo|spe|2\n|-boost|p1a: Dondozo|def|2\n|-boost|p1a: Dondozo|spd|2\n|turn|3\n|\n|t:|1725905843\n|move|p2a: Rillaboom|Fake Out|p1a: Dondozo\n|-damage|p1a: Dondozo|95\/100\n|move|p2b: Primarina|Haze|p2b: Primarina\n|-clearallboost\n|cant|p1a: Dondozo|flinch\n|\n|-heal|p2a: Rillaboom|39\/100|[from] Grassy Terrain\n|-heal|p2b: Primarina|89\/100|[from] Grassy Terrain\n|-heal|p1a: Dondozo|100\/100|[from] Grassy Terrain\n|upkeep\n|turn|4\n|\n|t:|1725905855\n|-terastallize|p1a: Dondozo|Grass\n|move|p2a: Rillaboom|Wood Hammer|p1a: Dondozo\n|-resisted|p1a: Dondozo\n|-damage|p1a: Dondozo|70\/100\n|-damage|p2a: Rillaboom|28\/100|[from] Recoil\n|move|p2b: Primarina|Moonblast|p1a: Dondozo\n|-damage|p1a: Dondozo|0 fnt\n|faint|p1a: Dondozo\n|-damage|p2b: Primarina|79\/100|[from] item: Life Orb\n|\n|-heal|p2a: Rillaboom|34\/100|[from] Grassy Terrain\n|-heal|p2b: Primarina|85\/100|[from] Grassy Terrain\n|-sideend|p2: nicouser|move: Tailwind\n|upkeep\n|turn|5\n|\n|t:|1725905869\n|-terastallize|p2a: Rillaboom|Grass\n|move|p2a: Rillaboom|Grassy Glide|p1b: Tatsugiri\n|-damage|p1b: Tatsugiri|5\/100\n|move|p1b: Tatsugiri|Muddy Water|p2b: Primarina|[spread] p2a\n|-miss|p1b: Tatsugiri|p2b: Primarina\n|-resisted|p2a: Rillaboom\n|-damage|p2a: Rillaboom|23\/100\n|move|p2b: Primarina|Moonblast|p1b: Tatsugiri\n|-supereffective|p1b: Tatsugiri\n|-damage|p1b: Tatsugiri|0 fnt\n|faint|p1b: Tatsugiri\n|-damage|p2b: Primarina|76\/100|[from] item: Life Orb\n|\n|win|nicouser\n|raw|Ibrahimovicvgc's rating: 1760 &rarr; <strong>1735<\/strong><br \/>(-25 for losing)\n|raw|nicouser's rating: 1668 &rarr; <strong>1693<\/strong><br \/>(+25 for winning)\n|l|\u2606Ibrahimovicvgc\n|player|p1|\n","uploadtime":1725906098,"views":18,"formatid":"gen9vgc2024regh","rating":1693,"private":0,"password":null}