{"id":"gen9vgc2024regh-2197727985","format":"[Gen 9] VGC 2024 Reg H","players":["kojimuranishi","Tapuleletiamo"],"log":"|j|\u2606kojimuranishi\n|j|\u2606Tapuleletiamo\n|t:|1725878727\n|gametype|doubles\n|player|p1|kojimuranishi|170|1715\n|player|p2|Tapuleletiamo|102|1648\n|teamsize|p1|6\n|teamsize|p2|6\n|gen|9\n|tier|[Gen 9] VGC 2024 Reg H\n|rated|\n|rule|Species Clause: Limit one of each Pok\u00e9mon\n|rule|Item Clause: Limit 1 of each item\n|clearpoke\n|poke|p1|Incineroar, L50, F|\n|poke|p1|Gholdengo, L50|\n|poke|p1|Ursaluna-Bloodmoon, L50, M|\n|poke|p1|Whimsicott, L50, M|\n|poke|p1|Glimmora, L50, M|\n|poke|p1|Primarina, L50, F|\n|poke|p2|Dondozo, L50, F|\n|poke|p2|Tatsugiri, L50, M|\n|poke|p2|Pelipper, L50, M|\n|poke|p2|Archaludon, L50, M|\n|poke|p2|Weezing, L50, M|\n|poke|p2|Slaking, L50, F|\n|teampreview|4\n|inactive|Battle timer is ON: inactive players will automatically lose when time's up. (requested by kojimuranishi)\n|j| bjvgc555\n|inactive|Tapuleletiamo has 60 seconds left.\n|j| qazwsxedcrfgtgb\n|\n|t:|1725878764\n|start\n|switch|p1a: Whimsicott|Whimsicott, L50, M|100\/100\n|switch|p1b: Gholdengo|Gholdengo, L50|100\/100\n|switch|p2a: Weezing|Weezing, L50, M|100\/100\n|switch|p2b: Slaking|Slaking, L50, F|100\/100\n|-ability|p2a: Weezing|Neutralizing Gas\n|turn|1\n|\n|t:|1725878784\n|-terastallize|p1b: Gholdengo|Steel\n|move|p2a: Weezing|Protect|p2a: Weezing\n|-singleturn|p2a: Weezing|Protect\n|move|p1a: Whimsicott|Tailwind|p1a: Whimsicott\n|-sidestart|p1: kojimuranishi|move: Tailwind\n|move|p1b: Gholdengo|Make It Rain|p2b: Slaking|[spread] p2b\n|-activate|p2a: Weezing|move: Protect\n|-damage|p2b: Slaking|0 fnt\n|-unboost|p1b: Gholdengo|spa|1\n|faint|p2b: Slaking\n|\n|upkeep\n|\n|t:|1725878800\n|switch|p2b: Dondozo|Dondozo, L50, F|100\/100\n|turn|2\n|\n|t:|1725878816\n|-end|p2a: Weezing|ability: Neutralizing Gas\n|switch|p2a: Tatsugiri|Tatsugiri, L50, M|100\/100\n|-activate|p2a: Tatsugiri|ability: Commander|[of] p2b: Dondozo\n|-boost|p2b: Dondozo|atk|2\n|-boost|p2b: Dondozo|spa|2\n|-boost|p2b: Dondozo|spe|2\n|-boost|p2b: Dondozo|def|2\n|-boost|p2b: Dondozo|spd|2\n|move|p1a: Whimsicott|Moonblast|p2b: Dondozo\n|-damage|p2b: Dondozo|81\/100\n|move|p1b: Gholdengo|Make It Rain|p2a: Tatsugiri|[spread] p2b\n|-miss|p1b: Gholdengo|p2a: Tatsugiri\n|-resisted|p2b: Dondozo\n|-damage|p2b: Dondozo|64\/100\n|-unboost|p1b: Gholdengo|spa|1\n|move|p2b: Dondozo|Earthquake|p1b: Gholdengo|[spread] p1a,p1b\n|-miss|p2b: Dondozo|p2a: Tatsugiri\n|-resisted|p1a: Whimsicott\n|-supereffective|p1b: Gholdengo\n|-damage|p1a: Whimsicott|65\/100\n|-damage|p1b: Gholdengo|7\/100\n|\n|-heal|p2b: Dondozo|70\/100|[from] item: Leftovers\n|upkeep\n|turn|3\n|inactive|kojimuranishi has 30 seconds left.\n|inactive|Tapuleletiamo has 30 seconds left.\n|j| lori Kitahara\n|inactive|kojimuranishi has 20 seconds left.\n|\n|t:|1725878856\n|switch|p1b: Primarina|Primarina, L50, F|100\/100\n|move|p1a: Whimsicott|Protect|p1a: Whimsicott\n|-singleturn|p1a: Whimsicott|Protect\n|move|p2b: Dondozo|Earthquake|p1b: Primarina|[spread] p1b\n|-miss|p2b: Dondozo|p2a: Tatsugiri\n|-activate|p1a: Whimsicott|move: Protect\n|-crit|p1b: Primarina\n|-damage|p1b: Primarina|13\/100\n|\n|-heal|p2b: Dondozo|76\/100|[from] item: Leftovers\n|upkeep\n|turn|4\n|\n|t:|1725878872\n|move|p1b: Primarina|Energy Ball|p2b: Dondozo\n|-supereffective|p2b: Dondozo\n|-damage|p2b: Dondozo|41\/100\n|move|p2b: Dondozo|Earthquake|p1b: Primarina|[spread] p1a,p1b\n|-miss|p2b: Dondozo|p2a: Tatsugiri\n|-resisted|p1a: Whimsicott\n|-damage|p1a: Whimsicott|32\/100\n|-damage|p1b: Primarina|0 fnt\n|faint|p1b: Primarina\n|move|p1a: Whimsicott|Trick Room|p1a: Whimsicott\n|-fieldstart|move: Trick Room|[of] p1a: Whimsicott\n|\n|-heal|p2b: Dondozo|47\/100|[from] item: Leftovers\n|-sideend|p1: kojimuranishi|move: Tailwind\n|upkeep\n|\n|t:|1725878887\n|switch|p1b: Ursaluna|Ursaluna-Bloodmoon, L50, M|100\/100\n|turn|5\n|\n|t:|1725878907\n|move|p2b: Dondozo|Protect|p2b: Dondozo\n|-singleturn|p2b: Dondozo|Protect\n|move|p1b: Ursaluna|Blood Moon|p2b: Dondozo\n|-activate|p2b: Dondozo|move: Protect\n|move|p1a: Whimsicott|Moonblast|p2b: Dondozo\n|-activate|p2b: Dondozo|move: Protect\n|\n|-heal|p2b: Dondozo|53\/100|[from] item: Leftovers\n|upkeep\n|turn|6\n|inactive|kojimuranishi has 30 seconds left.\n|\n|t:|1725878932\n|move|p1b: Ursaluna|Hyper Voice|p2b: Dondozo|[spread] p2b\n|-miss|p1b: Ursaluna|p2a: Tatsugiri\n|-damage|p2b: Dondozo|28\/100\n|-damage|p1b: Ursaluna|91\/100|[from] item: Life Orb\n|move|p2b: Dondozo|Waterfall|p1b: Ursaluna\n|-supereffective|p1b: Ursaluna\n|-damage|p1b: Ursaluna|0 fnt\n|faint|p1b: Ursaluna\n|move|p1a: Whimsicott|Moonblast|p2b: Dondozo\n|-damage|p2b: Dondozo|9\/100\n|\n|-heal|p2b: Dondozo|15\/100|[from] item: Leftovers\n|upkeep\n|\n|t:|1725878946\n|switch|p1b: Gholdengo|Gholdengo, L50, tera:Steel|7\/100\n|turn|7\n|\n|t:|1725878962\n|move|p2b: Dondozo|Protect|p2b: Dondozo\n|-singleturn|p2b: Dondozo|Protect\n|move|p1b: Gholdengo|Shadow Ball|p2b: Dondozo\n|-activate|p2b: Dondozo|move: Protect\n|move|p1a: Whimsicott|Moonblast|p2b: Dondozo\n|-activate|p2b: Dondozo|move: Protect\n|\n|-heal|p2b: Dondozo|22\/100|[from] item: Leftovers\n|upkeep\n|turn|8\n|\n|t:|1725878979\n|move|p2b: Dondozo|Protect||[still]\n|-fail|p2b: Dondozo\n|move|p1b: Gholdengo|Shadow Ball|p2b: Dondozo\n|-damage|p2b: Dondozo|0 fnt\n|faint|p2b: Dondozo\n|move|p1a: Whimsicott|Moonblast|p2a: Tatsugiri\n|-supereffective|p2a: Tatsugiri\n|-damage|p2a: Tatsugiri|0 fnt\n|faint|p2a: Tatsugiri\n|\n|-fieldend|move: Trick Room\n|upkeep\n|\n|t:|1725878987\n|switch|p2a: Weezing|Weezing, L50, M|100\/100\n|-ability|p2a: Weezing|Neutralizing Gas\n|turn|9\n|\n|t:|1725879002\n|move|p1a: Whimsicott|Tailwind|p1a: Whimsicott\n|-sidestart|p1: kojimuranishi|move: Tailwind\n|move|p1b: Gholdengo|Shadow Ball|p2a: Weezing\n|-damage|p2a: Weezing|39\/100\n|move|p2a: Weezing|Will-O-Wisp|p1b: Gholdengo\n|-status|p1b: Gholdengo|brn\n|\n|-damage|p1b: Gholdengo|2\/100 brn|[from] brn\n|upkeep\n|turn|10\n|l| lori Kitahara\n|inactive|kojimuranishi has 30 seconds left.\n|l| qazwsxedcrfgtgb\n|\n|t:|1725879035\n|move|p2a: Weezing|Protect|p2a: Weezing\n|-singleturn|p2a: Weezing|Protect\n|move|p1a: Whimsicott|Moonblast|p2a: Weezing\n|-activate|p2a: Weezing|move: Protect\n|move|p1b: Gholdengo|Shadow Ball|p2a: Weezing\n|-activate|p2a: Weezing|move: Protect\n|\n|-damage|p1b: Gholdengo|0 fnt|[from] brn\n|faint|p1b: Gholdengo\n|upkeep\n|turn|11\n|\n|t:|1725879048\n|move|p1a: Whimsicott|Moonblast|p2a: Weezing\n|-resisted|p2a: Weezing\n|-damage|p2a: Weezing|21\/100\n|-unboost|p2a: Weezing|spa|1\n|move|p2a: Weezing|Gunk Shot|p1a: Whimsicott\n|-supereffective|p1a: Whimsicott\n|-damage|p1a: Whimsicott|0 fnt\n|faint|p1a: Whimsicott\n|\n|win|Tapuleletiamo\n|raw|kojimuranishi's rating: 1715 &rarr; <strong>1691<\/strong><br \/>(-24 for losing)\n|raw|Tapuleletiamo's rating: 1648 &rarr; <strong>1672<\/strong><br \/>(+24 for winning)\n|l| bjvgc555\n|l|\u2606kojimuranishi\n|player|p1|\n","uploadtime":1725879212,"views":14,"formatid":"gen9vgc2024regh","rating":1672,"private":0,"password":null}