{"id":"gen9vgc2024regh-2197513309","format":"[Gen 9] VGC 2024 Reg H","players":["Riverpasta","TwitterJasePokemon"],"log":"|j|\u2606Riverpasta\n|j|\u2606TwitterJasePokemon\n|t:|1725844422\n|gametype|doubles\n|player|p1|Riverpasta|red|1781\n|player|p2|TwitterJasePokemon|lucas|1738\n|teamsize|p1|6\n|teamsize|p2|6\n|gen|9\n|tier|[Gen 9] VGC 2024 Reg H\n|rated|\n|rule|Species Clause: Limit one of each Pok\u00e9mon\n|rule|Item Clause: Limit 1 of each item\n|clearpoke\n|poke|p1|Ursaluna-Bloodmoon, L50, M|\n|poke|p1|Incineroar, L50, M|\n|poke|p1|Bellibolt, L50, M|\n|poke|p1|Rillaboom, L50, F|\n|poke|p1|Zoroark-Hisui, L50, F|\n|poke|p1|Slowking, L50, F|\n|poke|p2|Archaludon, L50, F|\n|poke|p2|Murkrow, L50, F|\n|poke|p2|Dragonite, L50, M|\n|poke|p2|Gholdengo, L50|\n|poke|p2|Meowscarada, L50, F|\n|poke|p2|Ursaluna-Bloodmoon, L50, M|\n|teampreview|4\n|inactive|Battle timer is ON: inactive players will automatically lose when time's up. (requested by TwitterJasePokemon)\n|j| Togekiss2000\n|\n|t:|1725844441\n|start\n|switch|p1a: Incineroar|Incineroar, L50, M|100\/100\n|switch|p1b: Ursaluna|Ursaluna-Bloodmoon, L50, M|100\/100\n|switch|p2a: Gholdengo|Gholdengo, L50|100\/100\n|switch|p2b: Meowscarada|Meowscarada, L50, F|100\/100\n|-ability|p1a: Incineroar|Intimidate|boost\n|-unboost|p2a: Gholdengo|atk|1\n|-unboost|p2b: Meowscarada|atk|1\n|turn|1\n|j| JayJayAG\n|\n|t:|1725844463\n|-terastallize|p2a: Gholdengo|Steel\n|move|p2b: Meowscarada|Knock Off|p1b: Ursaluna\n|-supereffective|p1b: Ursaluna\n|-enditem|p1b: Ursaluna|Focus Sash\n|-damage|p1b: Ursaluna|1\/100\n|replace|p1b: Zoroark|Zoroark-Hisui, L50, F\n|-end|p1b: Zoroark|Illusion\n|move|p1b: Zoroark|Hyper Voice|p2b: Meowscarada|[spread] p2a,p2b\n|-resisted|p2a: Gholdengo\n|-damage|p2a: Gholdengo|80\/100\n|-damage|p2b: Meowscarada|50\/100\n|move|p2a: Gholdengo|Make It Rain|p1a: Incineroar|[spread] p1a,p1b\n|-resisted|p1a: Incineroar\n|-damage|p1a: Incineroar|65\/100\n|-damage|p1b: Zoroark|0 fnt\n|-unboost|p2a: Gholdengo|spa|1\n|faint|p1b: Zoroark\n|move|p1a: Incineroar|Knock Off|p2a: Gholdengo\n|-damage|p2a: Gholdengo|37\/100\n|-enditem|p2a: Gholdengo|Choice Specs|[from] move: Knock Off|[of] p1a: Incineroar\n|\n|upkeep\n|\n|t:|1725844478\n|switch|p1b: Rillaboom|Rillaboom, L50, F|100\/100\n|-fieldstart|move: Grassy Terrain|[from] ability: Grassy Surge|[of] p1b: Rillaboom\n|turn|2\n|inactive|TwitterJasePokemon has 30 seconds left.\n|\n|t:|1725844505\n|switch|p2b: Archaludon|Archaludon, L50, F|100\/100\n|switch|p2a: Dragonite|Dragonite, L50, M|100\/100\n|move|p1b: Rillaboom|U-turn|p2b: Archaludon\n|-resisted|p2b: Archaludon\n|-damage|p2b: Archaludon|90\/100\n|\n|t:|1725844510\n|switch|p1b: Ursaluna|Ursaluna-Bloodmoon, L50, M|100\/100|[from] U-turn\n|move|p1a: Incineroar|Parting Shot|p2a: Dragonite\n|-unboost|p2a: Dragonite|atk|1\n|-unboost|p2a: Dragonite|spa|1\n|\n|t:|1725844511\n|switch|p1a: Rillaboom|Rillaboom, L50, F|100\/100|[from] Parting Shot\n|\n|-heal|p2b: Archaludon|96\/100|[from] Grassy Terrain\n|upkeep\n|turn|3\n|\n|t:|1725844533\n|move|p2b: Archaludon|Protect|p2b: Archaludon\n|-singleturn|p2b: Archaludon|Protect\n|move|p1a: Rillaboom|Fake Out|p2b: Archaludon\n|-activate|p2b: Archaludon|move: Protect\n|move|p2a: Dragonite|Ice Spinner|p1a: Rillaboom\n|-supereffective|p1a: Rillaboom\n|-damage|p1a: Rillaboom|56\/100\n|-fieldend|move: Grassy Terrain\n|move|p1b: Ursaluna|Calm Mind|p1b: Ursaluna\n|-boost|p1b: Ursaluna|spa|1\n|-boost|p1b: Ursaluna|spd|1\n|\n|upkeep\n|turn|4\n|inactive|Riverpasta has 30 seconds left.\n|\n|t:|1725844561\n|move|p2b: Archaludon|Electro Shot||[still]\n|-prepare|p2b: Archaludon|Electro Shot\n|-boost|p2b: Archaludon|spa|1\n|-enditem|p2b: Archaludon|Power Herb\n|-anim|p2b: Archaludon|Electro Shot|p1a: Rillaboom\n|-resisted|p1a: Rillaboom\n|-damage|p1a: Rillaboom|14\/100\n|move|p1a: Rillaboom|U-turn|p2a: Dragonite\n|-resisted|p2a: Dragonite\n|-damage|p2a: Dragonite|94\/100\n|\n|t:|1725844569\n|switch|p1a: Incineroar|Incineroar, L50, M|65\/100|[from] U-turn\n|-ability|p1a: Incineroar|Intimidate|boost\n|-unboost|p2a: Dragonite|atk|1\n|-unboost|p2b: Archaludon|atk|1\n|move|p2a: Dragonite|Low Kick|p1b: Ursaluna\n|-supereffective|p1b: Ursaluna\n|-damage|p1b: Ursaluna|69\/100\n|move|p1b: Ursaluna|Earth Power|p2b: Archaludon\n|-supereffective|p2b: Archaludon\n|-damage|p2b: Archaludon|0 fnt\n|faint|p2b: Archaludon\n|\n|-heal|p1b: Ursaluna|75\/100|[from] item: Leftovers\n|upkeep\n|\n|t:|1725844584\n|switch|p2b: Meowscarada|Meowscarada, L50, F|50\/100\n|turn|5\n|\n|t:|1725844606\n|switch|p2b: Gholdengo|Gholdengo, L50, tera:Steel|37\/100\n|move|p1a: Incineroar|Fake Out|p2b: Gholdengo\n|-resisted|p2b: Gholdengo\n|-damage|p2b: Gholdengo|31\/100\n|move|p2a: Dragonite|Low Kick|p1a: Incineroar\n|-supereffective|p1a: Incineroar\n|-damage|p1a: Incineroar|38\/100\n|move|p1b: Ursaluna|Blood Moon|p2a: Dragonite\n|-damage|p2a: Dragonite|35\/100\n|\n|-heal|p1b: Ursaluna|81\/100|[from] item: Leftovers\n|upkeep\n|turn|6\n|\n|t:|1725844628\n|switch|p2b: Meowscarada|Meowscarada, L50, F|50\/100\n|switch|p1a: Rillaboom|Rillaboom, L50, F|14\/100\n|-fieldstart|move: Grassy Terrain|[from] ability: Grassy Surge|[of] p1a: Rillaboom\n|move|p1b: Ursaluna|Protect|p1b: Ursaluna\n|-singleturn|p1b: Ursaluna|Protect\n|move|p2a: Dragonite|Ice Spinner|p1a: Rillaboom\n|-supereffective|p1a: Rillaboom\n|-damage|p1a: Rillaboom|0 fnt\n|-fieldend|move: Grassy Terrain\n|faint|p1a: Rillaboom\n|\n|-heal|p1b: Ursaluna|88\/100|[from] item: Leftovers\n|upkeep\n|\n|t:|1725844633\n|switch|p1a: Incineroar|Incineroar, L50, M|38\/100\n|-ability|p1a: Incineroar|Intimidate|boost\n|-unboost|p2a: Dragonite|atk|1\n|-unboost|p2b: Meowscarada|atk|1\n|turn|7\n|\n|t:|1725844647\n|move|p1a: Incineroar|Fake Out|p2b: Meowscarada\n|-damage|p2b: Meowscarada|32\/100\n|cant|p2b: Meowscarada|flinch\n|move|p2a: Dragonite|Low Kick|p1b: Ursaluna\n|-supereffective|p1b: Ursaluna\n|-damage|p1b: Ursaluna|63\/100\n|move|p1b: Ursaluna|Earth Power|p2b: Meowscarada\n|-resisted|p2b: Meowscarada\n|-damage|p2b: Meowscarada|0 fnt\n|faint|p2b: Meowscarada\n|\n|-heal|p1b: Ursaluna|69\/100|[from] item: Leftovers\n|upkeep\n|\n|t:|1725844657\n|switch|p2b: Gholdengo|Gholdengo, L50, tera:Steel|31\/100\n|turn|8\n|\n|t:|1725844664\n|-terastallize|p1b: Ursaluna|Poison\n|move|p2b: Gholdengo|Make It Rain|p1a: Incineroar|[spread] p1a,p1b\n|-resisted|p1a: Incineroar\n|-crit|p1b: Ursaluna\n|-damage|p1a: Incineroar|16\/100\n|-damage|p1b: Ursaluna|0 fnt\n|-unboost|p2b: Gholdengo|spa|1\n|faint|p1b: Ursaluna\n|move|p2a: Dragonite|Low Kick|p1a: Incineroar\n|-supereffective|p1a: Incineroar\n|-damage|p1a: Incineroar|0 fnt\n|faint|p1a: Incineroar\n|\n|win|TwitterJasePokemon\n|raw|Riverpasta's rating: 1781 &rarr; <strong>1759<\/strong><br \/>(-22 for losing)\n|raw|TwitterJasePokemon's rating: 1738 &rarr; <strong>1760<\/strong><br \/>(+22 for winning)\n|c|\u2606Riverpasta|NOOOOOO\n|c|\u2606Riverpasta|Gg\n|c|\u2606TwitterJasePokemon|Sorry\n|c|\u2606Riverpasta|Man it stings to lose to a crit like that\n|c|\u2606TwitterJasePokemon|Gg\n|l| JayJayAG\n|l| Togekiss2000\n|c|\u2606TwitterJasePokemon|Sick team\n|c|\u2606Riverpasta|Thanks\n|l|\u2606TwitterJasePokemon\n|player|p2|\n|c|\u2606Riverpasta|Its really hard to beat all the archaludon running around so i settled on calm mind ursaluna\n|l|\u2606Riverpasta\n|player|p1|\n","uploadtime":1725844874,"views":195,"formatid":"gen9vgc2024regh","rating":1759,"private":0,"password":null}