{"id":"gen9vgc2024regh-2197528250","format":"[Gen 9] VGC 2024 Reg H","players":["TwitterJasePokemon","nicouser"],"log":"|j|\u2606TwitterJasePokemon\n|j|\u2606nicouser\n|t:|1725846121\n|gametype|doubles\n|player|p1|TwitterJasePokemon|lucas|1801\n|player|p2|nicouser|102|1732\n|teamsize|p1|6\n|teamsize|p2|6\n|gen|9\n|tier|[Gen 9] VGC 2024 Reg H\n|rated|\n|rule|Species Clause: Limit one of each Pok\u00e9mon\n|rule|Item Clause: Limit 1 of each item\n|clearpoke\n|poke|p1|Archaludon, L50, F|\n|poke|p1|Murkrow, L50, M|\n|poke|p1|Dragonite, L50, F|\n|poke|p1|Gholdengo, L50|\n|poke|p1|Meowscarada, L50, F|\n|poke|p1|Ursaluna-Bloodmoon, L50, M|\n|poke|p2|Kilowattrel, L50, M|\n|poke|p2|Garchomp, L50, M|\n|poke|p2|Arcanine-Hisui, L50, F|\n|poke|p2|Gholdengo, L50|\n|poke|p2|Rillaboom, L50, M|\n|poke|p2|Primarina, L50, M|\n|teampreview|4\n|inactive|Battle timer is ON: inactive players will automatically lose when time's up. (requested by TwitterJasePokemon)\n|inactive|TwitterJasePokemon has 60 seconds left.\n|\n|t:|1725846163\n|start\n|switch|p1a: Murkrow|Murkrow, L50, M|100\/100\n|switch|p1b: Gholdengo|Gholdengo, L50|100\/100\n|switch|p2a: Kilowattrel|Kilowattrel, L50, M, shiny|100\/100\n|switch|p2b: Garchomp|Garchomp, L50, M, shiny|100\/100\n|turn|1\n|\n|t:|1725846177\n|-terastallize|p1b: Gholdengo|Steel\n|move|p2b: Garchomp|Protect|p2b: Garchomp\n|-singleturn|p2b: Garchomp|Protect\n|move|p1a: Murkrow|Quash|p2b: Garchomp\n|-activate|p2b: Garchomp|move: Protect\n|move|p2a: Kilowattrel|Tailwind|p2a: Kilowattrel\n|-sidestart|p2: nicouser|move: Tailwind\n|move|p1b: Gholdengo|Make It Rain|p2a: Kilowattrel|[spread] p2a\n|-activate|p2b: Garchomp|move: Protect\n|-resisted|p2a: Kilowattrel\n|-damage|p2a: Kilowattrel|6\/100\n|-unboost|p1b: Gholdengo|spa|1\n|\n|upkeep\n|turn|2\n|\n|t:|1725846193\n|move|p1a: Murkrow|Quash|p2b: Garchomp\n|-activate|p2b: Garchomp|move: Quash\n|move|p2a: Kilowattrel|Thunderbolt|p1a: Murkrow\n|-supereffective|p1a: Murkrow\n|-damage|p1a: Murkrow|0 fnt\n|faint|p1a: Murkrow\n|move|p1b: Gholdengo|Make It Rain|p2a: Kilowattrel|[spread] p2a,p2b\n|-resisted|p2a: Kilowattrel\n|-crit|p2b: Garchomp\n|-damage|p2a: Kilowattrel|0 fnt\n|-damage|p2b: Garchomp|0 fnt\n|-unboost|p1b: Gholdengo|spa|1\n|faint|p2a: Kilowattrel\n|faint|p2b: Garchomp\n|\n|upkeep\n|j| judang\n|inactive|nicouser has 30 seconds left.\n|\n|t:|1725846225\n|switch|p2a: Gholdengow|Gholdengo, L50, shiny|100\/100\n|switch|p2b: Rillaboom|Rillaboom, L50, M, shiny|100\/100\n|switch|p1a: Archaludon|Archaludon, L50, F|100\/100\n|-fieldstart|move: Grassy Terrain|[from] ability: Grassy Surge|[of] p2b: Rillaboom\n|turn|3\n|\n|t:|1725846233\n|move|p1a: Archaludon|Protect|p1a: Archaludon\n|-singleturn|p1a: Archaludon|Protect\n|move|p2b: Rillaboom|Fake Out|p1b: Gholdengo\n|-resisted|p1b: Gholdengo\n|-damage|p1b: Gholdengo|93\/100\n|move|p2a: Gholdengow|Shadow Ball|p1a: Archaludon\n|-activate|p1a: Archaludon|move: Protect\n|cant|p1b: Gholdengo|flinch\n|\n|-heal|p1b: Gholdengo|99\/100|[from] Grassy Terrain\n|upkeep\n|turn|4\n|\n|t:|1725846257\n|switch|p1b: Dragonite|Dragonite, L50, F|100\/100\n|-terastallize|p2b: Rillaboom|Grass\n|move|p2a: Gholdengow|Shadow Ball|p1a: Archaludon\n|-ability|p1a: Archaludon|Sturdy\n|-damage|p1a: Archaludon|1\/100\n|move|p2b: Rillaboom|Wood Hammer|p1b: Dragonite\n|-resisted|p1b: Dragonite\n|-damage|p1b: Dragonite|88\/100\n|-damage|p2b: Rillaboom|96\/100|[from] Recoil\n|move|p1a: Archaludon|Electro Shot||[still]\n|-prepare|p1a: Archaludon|Electro Shot\n|-boost|p1a: Archaludon|spa|1\n|-enditem|p1a: Archaludon|Power Herb\n|-anim|p1a: Archaludon|Electro Shot|p2a: Gholdengow\n|-damage|p2a: Gholdengow|25\/100\n|\n|-heal|p2a: Gholdengow|32\/100|[from] Grassy Terrain\n|-heal|p2b: Rillaboom|100\/100|[from] Grassy Terrain\n|-heal|p1a: Archaludon|7\/100|[from] Grassy Terrain\n|-sideend|p2: nicouser|move: Tailwind\n|upkeep\n|turn|5\n|inactive|TwitterJasePokemon has 30 seconds left.\n|\n|t:|1725846291\n|move|p2b: Rillaboom|Grassy Glide|p1a: Archaludon\n|-resisted|p1a: Archaludon\n|-damage|p1a: Archaludon|0 fnt\n|faint|p1a: Archaludon\n|move|p2a: Gholdengow|Shadow Ball|p1b: Dragonite\n|-damage|p1b: Dragonite|52\/100\n|move|p1b: Dragonite|Ice Spinner|p2b: Rillaboom\n|-supereffective|p2b: Rillaboom\n|-damage|p2b: Rillaboom|36\/100\n|-fieldend|move: Grassy Terrain\n|\n|upkeep\n|\n|t:|1725846294\n|switch|p1a: Gholdengo|Gholdengo, L50, tera:Steel|99\/100\n|turn|6\n|\n|t:|1725846303\n|move|p1a: Gholdengo|Make It Rain|p2a: Gholdengow|[spread] p2a,p2b\n|-resisted|p2a: Gholdengow\n|-damage|p2a: Gholdengow|0 fnt\n|-damage|p2b: Rillaboom|0 fnt\n|-unboost|p1a: Gholdengo|spa|1\n|faint|p2a: Gholdengow\n|faint|p2b: Rillaboom\n|\n|win|TwitterJasePokemon\n|raw|TwitterJasePokemon's rating: 1801 &rarr; <strong>1817<\/strong><br \/>(+16 for winning)\n|raw|nicouser's rating: 1732 &rarr; <strong>1716<\/strong><br \/>(-16 for losing)\n|l|\u2606TwitterJasePokemon\n|player|p1|\n|l|\u2606nicouser\n|player|p2|\n","uploadtime":1725846549,"views":50,"formatid":"gen9vgc2024regh","rating":1716,"private":0,"password":null}