{"id":"gen9vgc2024regh-2197864213","format":"[Gen 9] VGC 2024 Reg H","players":["reg g rock","very demure"],"log":"|j|\u2606reg g rock\n|j|\u2606very demure\n|t:|1725894161\n|gametype|doubles\n|player|p1|reg g rock|grusha|1739\n|player|p2|very demure|dawn-gen4pt|1700\n|teamsize|p1|6\n|teamsize|p2|6\n|gen|9\n|tier|[Gen 9] VGC 2024 Reg H\n|rated|\n|rule|Species Clause: Limit one of each Pok\u00e9mon\n|rule|Item Clause: Limit 1 of each item\n|clearpoke\n|poke|p1|Gholdengo, L50|\n|poke|p1|Perrserker, L50, F|\n|poke|p1|Talonflame, L50, F|\n|poke|p1|Rillaboom, L50, F|\n|poke|p1|Primarina, L50, F|\n|poke|p1|Dragapult, L50, F|\n|poke|p2|Incineroar, L50, M|\n|poke|p2|Amoonguss, L50, F|\n|poke|p2|Ursaluna, L50, F|\n|poke|p2|Porygon2, L50|\n|poke|p2|Gholdengo, L50|\n|poke|p2|Dragapult, L50, M|\n|teampreview|4\n|inactive|Battle timer is ON: inactive players will automatically lose when time's up. (requested by reg g rock)\n|inactive|very demure has 60 seconds left.\n|j| Hyperhit94\n|inactive|reg g rock has 60 seconds left.\n|inactive|very demure has 30 seconds left.\n|inactive|very demure has 20 seconds left.\n|\n|t:|1725894236\n|start\n|switch|p1a: Gholdengo|Gholdengo, L50|100\/100\n|switch|p1b: Perrserker|Perrserker, L50, F|100\/100\n|switch|p2a: Porygon2|Porygon2, L50|100\/100\n|switch|p2b: Incineroar|Incineroar, L50, M|100\/100\n|-ability|p2b: Incineroar|Intimidate|boost\n|-unboost|p1a: Gholdengo|atk|1\n|-unboost|p1b: Perrserker|atk|1\n|-ability|p2a: Porygon2|Download|boost\n|-boost|p2a: Porygon2|spa|1\n|turn|1\n|j| randy.zhang2023\n|\n|t:|1725894258\n|-terastallize|p1a: Gholdengo|Steel\n|move|p1a: Gholdengo|Make It Rain|p2a: Porygon2|[spread] p2a,p2b\n|-resisted|p2b: Incineroar\n|-damage|p2a: Porygon2|30\/100\n|-damage|p2b: Incineroar|42\/100\n|-unboost|p1a: Gholdengo|spa|1\n|-damage|p1a: Gholdengo|91\/100|[from] item: Life Orb\n|move|p2b: Incineroar|Flare Blitz|p1a: Gholdengo\n|-supereffective|p1a: Gholdengo\n|-damage|p1a: Gholdengo|0 fnt\n|faint|p1a: Gholdengo\n|-damage|p2b: Incineroar|17\/100|[from] Recoil\n|move|p1b: Perrserker|Taunt|p2a: Porygon2\n|-start|p2a: Porygon2|move: Taunt\n|cant|p2a: Porygon2|move: Taunt|Trick Room\n|\n|upkeep\n|\n|t:|1725894271\n|switch|p1a: Primarina|Primarina, L50, F|100\/100\n|turn|2\n|\n|t:|1725894289\n|switch|p2a: Amoonguss|Amoonguss, L50, F|100\/100\n|move|p2b: Incineroar|Flare Blitz|p1b: Perrserker\n|-supereffective|p1b: Perrserker\n|-crit|p1b: Perrserker\n|-damage|p1b: Perrserker|0 fnt\n|faint|p1b: Perrserker\n|-damage|p2b: Incineroar|0 fnt|[from] Recoil\n|faint|p2b: Incineroar\n|move|p1a: Primarina|Hyper Voice|p2a: Amoonguss\n|-resisted|p2a: Amoonguss\n|-damage|p2a: Amoonguss|81\/100\n|-enditem|p1a: Primarina|Throat Spray\n|-boost|p1a: Primarina|spa|1|[from] item: Throat Spray\n|\n|upkeep\n|\n|t:|1725894302\n|switch|p2b: Ursaluna|Ursaluna, L50, F|100\/100\n|switch|p1b: Rillaboom|Rillaboom, L50, F|100\/100\n|-fieldstart|move: Grassy Terrain|[from] ability: Grassy Surge|[of] p1b: Rillaboom\n|turn|3\n|inactive|reg g rock has 30 seconds left.\n|inactive|very demure has 30 seconds left.\n|inactive|reg g rock has 20 seconds left.\n|inactive|very demure has 20 seconds left.\n|inactive|reg g rock has 15 seconds left.\n|inactive|very demure has 15 seconds left.\n|inactive|reg g rock has 10 seconds left.\n|\n|t:|1725894347\n|switch|p2b: Porygon2|Porygon2, L50|30\/100\n|-ability|p2b: Porygon2|Download|boost\n|-boost|p2b: Porygon2|atk|1\n|move|p1b: Rillaboom|Wood Hammer|p2b: Porygon2\n|-damage|p2b: Porygon2|0 fnt\n|faint|p2b: Porygon2\n|-damage|p1b: Rillaboom|91\/100|[from] Recoil\n|move|p1a: Primarina|Hyper Voice|p2a: Amoonguss\n|-resisted|p2a: Amoonguss\n|-damage|p2a: Amoonguss|53\/100\n|move|p2a: Amoonguss|Spore|p1a: Primarina\n|-status|p1a: Primarina|slp|[from] move: Spore\n|\n|-heal|p1b: Rillaboom|97\/100|[from] Grassy Terrain\n|-heal|p2a: Amoonguss|58\/100|[from] Grassy Terrain\n|upkeep\n|\n|t:|1725894353\n|switch|p2b: Ursaluna|Ursaluna, L50, F|100\/100\n|turn|4\n|inactive|very demure has 30 seconds left.\n|\n|t:|1725894383\n|move|p2b: Ursaluna|Protect|p2b: Ursaluna\n|-singleturn|p2b: Ursaluna|Protect\n|move|p1b: Rillaboom|Wood Hammer|p2b: Ursaluna\n|-activate|p2b: Ursaluna|move: Protect\n|cant|p1a: Primarina|slp\n|move|p2a: Amoonguss|Clear Smog|p1a: Primarina\n|-supereffective|p1a: Primarina\n|-damage|p1a: Primarina|77\/100 slp\n|-clearboost|p1a: Primarina\n|\n|-heal|p1b: Rillaboom|100\/100|[from] Grassy Terrain\n|-heal|p1a: Primarina|83\/100 slp|[from] Grassy Terrain\n|-heal|p2a: Amoonguss|64\/100|[from] Grassy Terrain\n|-status|p2b: Ursaluna|brn|[from] item: Flame Orb\n|upkeep\n|turn|5\n|\n|t:|1725894396\n|-terastallize|p2b: Ursaluna|Ghost\n|move|p1b: Rillaboom|Wood Hammer|p2b: Ursaluna\n|-damage|p2b: Ursaluna|37\/100 brn\n|-damage|p1b: Rillaboom|75\/100|[from] Recoil\n|cant|p1a: Primarina|slp\n|move|p2b: Ursaluna|Facade|p1b: Rillaboom\n|-damage|p1b: Rillaboom|0 fnt\n|faint|p1b: Rillaboom\n|move|p2a: Amoonguss|Spore|p1a: Primarina\n|-fail|p1a: Primarina|slp\n|\n|-heal|p1a: Primarina|89\/100 slp|[from] Grassy Terrain\n|-heal|p2b: Ursaluna|43\/100 brn|[from] Grassy Terrain\n|-heal|p2a: Amoonguss|70\/100|[from] Grassy Terrain\n|-damage|p2b: Ursaluna|37\/100 brn|[from] brn\n|upkeep\n|turn|6\n|inactive|very demure has 30 seconds left.\n|\n|t:|1725894431\n|move|p2b: Ursaluna|Protect|p2b: Ursaluna\n|-singleturn|p2b: Ursaluna|Protect\n|cant|p1a: Primarina|slp\n|move|p2a: Amoonguss|Spore|p1a: Primarina\n|-fail|p1a: Primarina|slp\n|\n|-heal|p1a: Primarina|95\/100 slp|[from] Grassy Terrain\n|-heal|p2b: Ursaluna|43\/100 brn|[from] Grassy Terrain\n|-heal|p2a: Amoonguss|76\/100|[from] Grassy Terrain\n|-damage|p2b: Ursaluna|37\/100 brn|[from] brn\n|upkeep\n|turn|7\n|inactive|very demure has 30 seconds left.\n|inactive|very demure has 20 seconds left.\n|inactive|very demure has 15 seconds left.\n|inactive|very demure has 10 seconds left.\n|\n|t:|1725894479\n|move|p2a: Amoonguss|Rage Powder|p2a: Amoonguss\n|-singleturn|p2a: Amoonguss|move: Rage Powder\n|-curestatus|p1a: Primarina|slp|[msg]\n|move|p1a: Primarina|Hyper Voice|p2b: Ursaluna|[spread] p2a,p2b\n|-resisted|p2a: Amoonguss\n|-damage|p2a: Amoonguss|64\/100\n|-damage|p2b: Ursaluna|8\/100 brn\n|move|p2b: Ursaluna|Facade|p1a: Primarina\n|-damage|p1a: Primarina|0 fnt\n|faint|p1a: Primarina\n|\n|win|very demure\n|raw|reg g rock's rating: 1739 &rarr; <strong>1717<\/strong><br \/>(-22 for losing)\n|raw|very demure's rating: 1700 &rarr; <strong>1722<\/strong><br \/>(+22 for winning)\n|c|\u2606reg g rock|crit\n|l|\u2606reg g rock\n|player|p1|\n|c|\u2606very demure|nt\n|l|\u2606very demure\n|player|p2|\n|l| Hyperhit94\n|j|\u2606very demure\n|player|p2|very demure|dawn-gen4pt|\n","uploadtime":1725894490,"views":49,"formatid":"gen9vgc2024regh","rating":1717,"private":0,"password":null}