{"id":"gen9vgc2024regh-2197281881","format":"[Gen 9] VGC 2024 Reg H","players":["testalt4949","bwahacough"],"log":"|j|\u2606testalt4949\n|j|\u2606bwahacough\n|t:|1725818975\n|gametype|doubles\n|player|p1|testalt4949|2|1728\n|player|p2|bwahacough|medium|1738\n|teamsize|p1|6\n|teamsize|p2|6\n|gen|9\n|tier|[Gen 9] VGC 2024 Reg H\n|rated|\n|rule|Species Clause: Limit one of each Pok\u00e9mon\n|rule|Item Clause: Limit 1 of each item\n|clearpoke\n|poke|p1|Archaludon, L50, M|\n|poke|p1|Pelipper, L50, F|\n|poke|p1|Basculegion, L50, M|\n|poke|p1|Incineroar, L50, M|\n|poke|p1|Amoonguss, L50, F|\n|poke|p1|Garchomp, L50, M|\n|poke|p2|Lycanroc-Dusk, L50, F|\n|poke|p2|Clefable, L50, M|\n|poke|p2|Rillaboom, L50, M|\n|poke|p2|Palafin, L50, F|\n|poke|p2|Talonflame, L50, M|\n|poke|p2|Gholdengo, L50|\n|teampreview|4\ntestalt4949 has agreed to open team sheets.\nbwahacough has agreed to open team sheets.\n|\n|t:|1725819020\n|start\n|switch|p1a: Pelipper|Pelipper, L50, F|100\/100\n|switch|p1b: Archaludon|Archaludon, L50, M|100\/100\n|switch|p2a: Palafin|Palafin, L50, F, shiny|100\/100\n|switch|p2b: Talonflame|Talonflame, L50, M|100\/100\n|-weather|RainDance|[from] ability: Drizzle|[of] p1a: Pelipper\n|turn|1\n|\n|t:|1725819035\n|detailschange|p2a: Palafin|Palafin-Hero, L50, F, shiny\n|switch|p2a: Gholdengo|Gholdengo, L50|100\/100\n|move|p2b: Talonflame|Taunt|p1a: Pelipper\n|-start|p1a: Pelipper|move: Taunt\n|move|p1b: Archaludon|Electro Shot||[still]\n|-prepare|p1b: Archaludon|Electro Shot\n|-boost|p1b: Archaludon|spa|1\n|-anim|p1b: Archaludon|Electro Shot|p2b: Talonflame\n|-supereffective|p2b: Talonflame\n|-damage|p2b: Talonflame|0 fnt\n|faint|p2b: Talonflame\n|cant|p1a: Pelipper|move: Taunt|Tailwind\n|\n|-weather|RainDance|[upkeep]\n|upkeep\n|\n|t:|1725819046\n|switch|p2b: Rillaboom|Rillaboom, L50, M|100\/100\n|-fieldstart|move: Grassy Terrain|[from] ability: Grassy Surge|[of] p2b: Rillaboom\n|turn|2\n|\n|t:|1725819055\n|-terastallize|p2a: Gholdengo|Steel\n|move|p2b: Rillaboom|Fake Out|p1b: Archaludon\n|-resisted|p1b: Archaludon\n|-damage|p1b: Archaludon|94\/100\n|cant|p1b: Archaludon|flinch\n|move|p2a: Gholdengo|Make It Rain|p1a: Pelipper|[spread] p1a,p1b\n|-resisted|p1a: Pelipper\n|-resisted|p1b: Archaludon\n|-damage|p1a: Pelipper|12\/100\n|-damage|p1b: Archaludon|19\/100\n|-unboost|p2a: Gholdengo|spa|1\n|move|p1a: Pelipper|Hurricane|p2b: Rillaboom\n|-supereffective|p2b: Rillaboom\n|-damage|p2b: Rillaboom|31\/100\n|\n|-weather|RainDance|[upkeep]\n|-heal|p1b: Archaludon|25\/100|[from] Grassy Terrain\n|-heal|p2b: Rillaboom|37\/100|[from] Grassy Terrain\n|upkeep\n|turn|3\n|\n|t:|1725819073\n|move|p1b: Archaludon|Electro Shot||[still]\n|-prepare|p1b: Archaludon|Electro Shot\n|-boost|p1b: Archaludon|spa|1\n|-anim|p1b: Archaludon|Electro Shot|p2a: Gholdengo\n|-damage|p2a: Gholdengo|5\/100\n|move|p2a: Gholdengo|Make It Rain|p1a: Pelipper|[spread] p1a,p1b\n|-resisted|p1a: Pelipper\n|-resisted|p1b: Archaludon\n|-damage|p1a: Pelipper|0 fnt\n|-damage|p1b: Archaludon|0 fnt\n|-unboost|p2a: Gholdengo|spa|1\n|faint|p1a: Pelipper\n|faint|p1b: Archaludon\n|move|p2b: Rillaboom|U-turn|p1: Pelipper|[notarget]\n|-fail|p2b: Rillaboom\n|\n|-weather|RainDance|[upkeep]\n|-heal|p2a: Gholdengo|12\/100|[from] Grassy Terrain\n|-heal|p2b: Rillaboom|43\/100|[from] Grassy Terrain\n|upkeep\n|\n|t:|1725819078\n|switch|p1b: Garchomp|Garchomp, L50, M|100\/100\n|switch|p1a: Basculegion|Basculegion, L50, M|100\/100\n|turn|4\n|j| AntigonosII\n|\n|t:|1725819104\n|switch|p2b: Palafin|Palafin-Hero, L50, F, shiny|100\/100\n|-activate|p2b: Palafin|ability: Zero to Hero\n|-terastallize|p1a: Basculegion|Grass\n|move|p1a: Basculegion|Wave Crash|p2b: Palafin\n|-resisted|p2b: Palafin\n|-damage|p2b: Palafin|55\/100\n|-damage|p1a: Basculegion|85\/100|[from] Recoil\n|-damage|p1a: Basculegion|75\/100|[from] item: Life Orb\n|move|p1b: Garchomp|Stomping Tantrum|p2a: Gholdengo\n|-supereffective|p2a: Gholdengo\n|-damage|p2a: Gholdengo|0 fnt\n|faint|p2a: Gholdengo\n|\n|-weather|RainDance|[upkeep]\n|-heal|p1a: Basculegion|81\/100|[from] Grassy Terrain\n|-heal|p2b: Palafin|60\/100|[from] Grassy Terrain\n|upkeep\n|\n|t:|1725819106\n|switch|p2a: Rillaboom|Rillaboom, L50, M|43\/100\n|turn|5\n|j| Moon7777alt2\n|\n|t:|1725819127\n|move|p2a: Rillaboom|Fake Out|p1a: Basculegion\n|-damage|p1a: Basculegion|65\/100\n|cant|p1a: Basculegion|flinch\n|move|p1b: Garchomp|Stomping Tantrum|p2b: Palafin\n|-damage|p2b: Palafin|8\/100\n|move|p2b: Palafin|Wave Crash|p1b: Garchomp\n|-damage|p1b: Garchomp|0 fnt\n|-damage|p2b: Palafin|0 fnt|[from] ability: Rough Skin|[of] p1b: Garchomp\n|faint|p1b: Garchomp\n|faint|p2b: Palafin\n|\n|-weather|none\n|-heal|p1a: Basculegion|71\/100|[from] Grassy Terrain\n|-heal|p2a: Rillaboom|48\/100|[from] Grassy Terrain\n|upkeep\n|turn|6\n|\n|t:|1725819142\n|move|p1a: Basculegion|Last Respects|p2a: Rillaboom\n|-damage|p2a: Rillaboom|0 fnt\n|faint|p2a: Rillaboom\n|-damage|p1a: Basculegion|62\/100|[from] item: Life Orb\n|\n|win|testalt4949\n|raw|testalt4949's rating: 1728 &rarr; <strong>1749<\/strong><br \/>(+21 for winning)\n|raw|bwahacough's rating: 1738 &rarr; <strong>1717<\/strong><br \/>(-21 for losing)\n|l|\u2606bwahacough\n|player|p2|\n|l| Moon7777alt2\n|l| AntigonosII\n","uploadtime":1725819434,"views":165,"formatid":"gen9vgc2024regh","rating":1717,"private":0,"password":null}