{"id":"gen9vgc2024regh-2197996424","format":"[Gen 9] VGC 2024 Reg H","players":["ggttmmhh","Ibrahimovicvgc"],"log":"|j|\u2606ggttmmhh\n|j|\u2606Ibrahimovicvgc\n|t:|1725905900\n|gametype|doubles\n|player|p1|ggttmmhh|266|1725\n|player|p2|Ibrahimovicvgc|1|1735\n|teamsize|p1|6\n|teamsize|p2|6\n|gen|9\n|tier|[Gen 9] VGC 2024 Reg H\n|rated|\n|rule|Species Clause: Limit one of each Pok\u00e9mon\n|rule|Item Clause: Limit 1 of each item\n|clearpoke\n|poke|p1|Archaludon, L50, F|\n|poke|p1|Typhlosion-Hisui, L50, M|\n|poke|p1|Primarina, L50, F|\n|poke|p1|Meowscarada, L50, M|\n|poke|p1|Ursaluna-Bloodmoon, L50, M|\n|poke|p1|Murkrow, L50, F|\n|poke|p2|Gholdengo, L50|\n|poke|p2|Talonflame, L50, F|\n|poke|p2|Dragonite, L50, M|\n|poke|p2|Dondozo, L50, M|\n|poke|p2|Tatsugiri, L50, M|\n|poke|p2|Clodsire, L50, F|\n|teampreview|4\n|inactive|Battle timer is ON: inactive players will automatically lose when time's up. (requested by Ibrahimovicvgc)\n|inactive|ggttmmhh has 60 seconds left.\n|inactive|Ibrahimovicvgc has 60 seconds left.\n|inactive|ggttmmhh has 30 seconds left.\n|inactive|ggttmmhh has 20 seconds left.\n|inactive|ggttmmhh has 15 seconds left.\n|inactive|ggttmmhh has 10 seconds left.\n|inactive|ggttmmhh has 5 seconds left.\n|\n|t:|1725905993\n|start\n|switch|p1a: Murkrow|Murkrow, L50, F|100\/100\n|switch|p1b: Typhlosion|Typhlosion-Hisui, L50, M|100\/100\n|switch|p2a: Dragonite|Dragonite, L50, M|100\/100\n|switch|p2b: Clodsire|Clodsire, L50, F|100\/100\n|turn|1\n|inactive|ggttmmhh has 30 seconds left.\n|inactive|ggttmmhh has 20 seconds left.\n|\n|t:|1725906030\n|-terastallize|p1b: Typhlosion|Fire\n|move|p2a: Dragonite|Extreme Speed|p1a: Murkrow\n|-damage|p1a: Murkrow|59\/100\n|move|p1a: Murkrow|Sunny Day|p1a: Murkrow\n|-weather|SunnyDay\n|move|p1b: Typhlosion|Eruption|p2b: Clodsire|[spread] p2a,p2b\n|-resisted|p2a: Dragonite\n|-damage|p2a: Dragonite|18\/100\n|-damage|p2b: Clodsire|0 fnt\n|faint|p2b: Clodsire\n|\n|-weather|SunnyDay|[upkeep]\n|upkeep\n|\n|t:|1725906047\n|switch|p2b: Dondozo|Dondozo, L50, M|100\/100\n|turn|2\n|inactive|Ibrahimovicvgc has 30 seconds left.\n|\n|t:|1725906082\n|switch|p1a: Primarina|Primarina, L50, F|100\/100\n|move|p2a: Dragonite|Extreme Speed|p1b: Typhlosion\n|-damage|p1b: Typhlosion|29\/100\n|move|p1b: Typhlosion|Eruption|p2b: Dondozo|[spread] p2a,p2b\n|-resisted|p2a: Dragonite\n|-resisted|p2b: Dondozo\n|-damage|p2a: Dragonite|0 fnt\n|-damage|p2b: Dondozo|57\/100\n|faint|p2a: Dragonite\n|move|p2b: Dondozo|Earthquake|p1b: Typhlosion|[spread] p1a,p1b\n|-supereffective|p1b: Typhlosion\n|-damage|p1a: Primarina|69\/100\n|-damage|p1b: Typhlosion|0 fnt\n|faint|p1b: Typhlosion\n|\n|-weather|SunnyDay|[upkeep]\n|-heal|p2b: Dondozo|63\/100|[from] item: Leftovers\n|upkeep\n|\n|t:|1725906096\n|switch|p1b: Murkrow|Murkrow, L50, F|59\/100\n|switch|p2a: Tatsugiri|Tatsugiri, L50, M|100\/100\n|-activate|p2a: Tatsugiri|ability: Commander|[of] p2b: Dondozo\n|-boost|p2b: Dondozo|atk|2\n|-boost|p2b: Dondozo|spa|2\n|-boost|p2b: Dondozo|spe|2\n|-boost|p2b: Dondozo|def|2\n|-boost|p2b: Dondozo|spd|2\n|turn|3\n|\n|t:|1725906114\n|move|p1b: Murkrow|Haze|p1b: Murkrow\n|-clearallboost\n|move|p1a: Primarina|Moonblast|p2b: Dondozo\n|-damage|p2b: Dondozo|4\/100\n|move|p2b: Dondozo|Earthquake|p1a: Primarina|[spread] p1a\n|-miss|p2b: Dondozo|p2a: Tatsugiri\n|-immune|p1b: Murkrow\n|-damage|p1a: Primarina|37\/100\n|\n|-weather|SunnyDay|[upkeep]\n|-heal|p2b: Dondozo|10\/100|[from] item: Leftovers\n|upkeep\n|turn|4\n|\n|t:|1725906133\n|move|p1b: Murkrow|Foul Play|p2b: Dondozo\n|-damage|p2b: Dondozo|0 fnt\n|faint|p2b: Dondozo\n|move|p1a: Primarina|Moonblast|p2a: Tatsugiri\n|-supereffective|p2a: Tatsugiri\n|-enditem|p2a: Tatsugiri|Focus Sash\n|-damage|p2a: Tatsugiri|1\/100\n|\n|-weather|SunnyDay|[upkeep]\n|upkeep\n|turn|5\n|-message|Ibrahimovicvgc forfeited.\n|\n|win|ggttmmhh\n|raw|ggttmmhh's rating: 1725 &rarr; <strong>1746<\/strong><br \/>(+21 for winning)\n|raw|Ibrahimovicvgc's rating: 1735 &rarr; <strong>1714<\/strong><br \/>(-21 for losing)\n|l|\u2606Ibrahimovicvgc\n|player|p2|\n|l|\u2606ggttmmhh\n|player|p1|\n","uploadtime":1725906376,"views":48,"formatid":"gen9vgc2024regh","rating":1714,"private":0,"password":null}