{"id":"gen9vgc2024regh-2197108398","format":"[Gen 9] VGC 2024 Reg H","players":["nerd159","Waffles4breakfast"],"log":"|j|\u2606nerd159\n|j|\u2606Waffles4breakfast\n|t:|1725799218\n|gametype|doubles\n|player|p1|nerd159|266|1710\n|player|p2|Waffles4breakfast|juggler|1719\n|teamsize|p1|6\n|teamsize|p2|6\n|gen|9\n|tier|[Gen 9] VGC 2024 Reg H\n|rated|\n|rule|Species Clause: Limit one of each Pok\u00e9mon\n|rule|Item Clause: Limit 1 of each item\n|clearpoke\n|poke|p1|Umbreon, L50, F|\n|poke|p1|Amoonguss, L50, F|\n|poke|p1|Pelipper, L50, F|\n|poke|p1|Archaludon, L50, F|\n|poke|p1|Maushold-Four, L50|\n|poke|p1|Incineroar, L50, M|\n|poke|p2|Archaludon, L50, F|\n|poke|p2|Pelipper, L50, F|\n|poke|p2|Basculegion, L50, M|\n|poke|p2|Amoonguss, L50, F|\n|poke|p2|Gholdengo, L50|\n|poke|p2|Murkrow, L50, M|\n|teampreview|4\n|inactive|Battle timer is ON: inactive players will automatically lose when time's up. (requested by nerd159)\n|\n|t:|1725799269\n|start\n|switch|p1a: Umbreon|Umbreon, L50, F|100\/100\n|switch|p1b: Maushold|Maushold-Four, L50|100\/100\n|switch|p2a: Gholdengo|Gholdengo, L50|100\/100\n|switch|p2b: Amoonguss|Amoonguss, L50, F|100\/100\n|turn|1\n|\n|t:|1725799274\n|-terastallize|p2a: Gholdengo|Steel\n|move|p2b: Amoonguss|Rage Powder|p2b: Amoonguss\n|-singleturn|p2b: Amoonguss|move: Rage Powder\n|move|p1b: Maushold|Taunt|p2b: Amoonguss\n|-start|p2b: Amoonguss|move: Taunt\n|move|p2a: Gholdengo|Make It Rain|p1a: Umbreon|[spread] p1a,p1b\n|-damage|p1a: Umbreon|34\/100\n|-damage|p1b: Maushold|0 fnt\n|-unboost|p2a: Gholdengo|spa|1\n|faint|p1b: Maushold\n|move|p1a: Umbreon|Calm Mind|p1a: Umbreon\n|-boost|p1a: Umbreon|spa|1\n|-boost|p1a: Umbreon|spd|1\n|\n|-heal|p1a: Umbreon|40\/100|[from] item: Leftovers\n|upkeep\n|\n|t:|1725799282\n|switch|p1b: Amoonguss|Amoonguss, L50, F|100\/100\n|turn|2\n|\n|t:|1725799289\n|move|p2a: Gholdengo|Make It Rain|p1a: Umbreon|[spread] p1a,p1b\n|-damage|p1a: Umbreon|7\/100\n|-damage|p1b: Amoonguss|43\/100\n|-unboost|p2a: Gholdengo|spa|1\n|move|p1a: Umbreon|Yawn|p2b: Amoonguss\n|-start|p2b: Amoonguss|move: Yawn|[of] p1a: Umbreon\n|move|p1b: Amoonguss|Pollen Puff|p1a: Umbreon\n|-heal|p1a: Umbreon|57\/100\n|move|p2b: Amoonguss|Sludge Bomb|p1a: Umbreon\n|-damage|p1a: Umbreon|43\/100\n|\n|-heal|p1a: Umbreon|49\/100|[from] item: Leftovers\n|upkeep\n|turn|3\n|inactive|nerd159 has 30 seconds left.\n|\n|t:|1725799321\n|switch|p2b: Pelipper|Pelipper, L50, F|100\/100\n|-weather|RainDance|[from] ability: Drizzle|[of] p2b: Pelipper\n|-terastallize|p1b: Amoonguss|Water\n|move|p2a: Gholdengo|Make It Rain|p1b: Amoonguss|[spread] p1a,p1b\n|-resisted|p1b: Amoonguss\n|-damage|p1a: Umbreon|26\/100\n|-damage|p1b: Amoonguss|21\/100\n|-unboost|p2a: Gholdengo|spa|1\n|move|p1a: Umbreon|Calm Mind|p1a: Umbreon\n|-boost|p1a: Umbreon|spa|1\n|-boost|p1a: Umbreon|spd|1\n|move|p1b: Amoonguss|Pollen Puff|p1a: Umbreon\n|-heal|p1a: Umbreon|76\/100\n|\n|-weather|RainDance|[upkeep]\n|-heal|p1a: Umbreon|82\/100|[from] item: Leftovers\n|upkeep\n|turn|4\n|\n|t:|1725799342\n|switch|p2a: Amoonguss|Amoonguss, L50, F|100\/100\n|move|p1b: Amoonguss|Protect|p1b: Amoonguss\n|-singleturn|p1b: Amoonguss|Protect\n|move|p2b: Pelipper|Hurricane|p1b: Amoonguss\n|-activate|p1b: Amoonguss|move: Protect\n|move|p1a: Umbreon|Dark Pulse|p2b: Pelipper\n|-damage|p2b: Pelipper|34\/100\n|\n|-weather|RainDance|[upkeep]\n|-heal|p1a: Umbreon|88\/100|[from] item: Leftovers\n|upkeep\n|turn|5\n|\n|t:|1725799352\n|switch|p1b: Incineroar|Incineroar, L50, M|100\/100\n|-ability|p1b: Incineroar|Intimidate|boost\n|-unboost|p2a: Amoonguss|atk|1\n|-unboost|p2b: Pelipper|atk|1\n|move|p2b: Pelipper|Hurricane|p1b: Incineroar\n|-damage|p1b: Incineroar|61\/100\n|move|p1a: Umbreon|Dark Pulse|p2b: Pelipper\n|-damage|p2b: Pelipper|0 fnt\n|faint|p2b: Pelipper\n|move|p2a: Amoonguss|Spore|p1a: Umbreon\n|-status|p1a: Umbreon|slp|[from] move: Spore\n|\n|-weather|RainDance|[upkeep]\n|-heal|p1a: Umbreon|94\/100 slp|[from] item: Leftovers\n|upkeep\n|\n|t:|1725799358\n|switch|p2b: Archaludon|Archaludon, L50, F|100\/100\n|turn|6\n|\n|t:|1725799366\n|move|p1b: Incineroar|Fake Out|p2b: Archaludon\n|-resisted|p2b: Archaludon\n|-damage|p2b: Archaludon|97\/100\n|-ability|p2b: Archaludon|Stamina|boost\n|-boost|p2b: Archaludon|def|1\n|cant|p2b: Archaludon|flinch\n|cant|p1a: Umbreon|slp\n|move|p2a: Amoonguss|Sludge Bomb|p1b: Incineroar\n|-damage|p1b: Incineroar|40\/100\n|\n|-weather|RainDance|[upkeep]\n|-heal|p1a: Umbreon|99\/100 slp|[from] item: Leftovers\n|upkeep\n|turn|7\n|\n|t:|1725799381\n|move|p2b: Archaludon|Body Press|p1b: Incineroar\n|-supereffective|p1b: Incineroar\n|-damage|p1b: Incineroar|0 fnt\n|faint|p1b: Incineroar\n|cant|p1a: Umbreon|slp\n|move|p2a: Amoonguss|Sludge Bomb|p1a: Umbreon\n|-damage|p1a: Umbreon|91\/100 slp\n|\n|-weather|none\n|-heal|p1a: Umbreon|97\/100 slp|[from] item: Leftovers\n|upkeep\n|\n|t:|1725799384\n|switch|p1b: Amoonguss|Amoonguss, L50, F, tera:Water|54\/100\n|turn|8\n|\n|t:|1725799391\n|switch|p2b: Gholdengo|Gholdengo, L50, tera:Steel|100\/100\n|move|p1b: Amoonguss|Protect|p1b: Amoonguss\n|-singleturn|p1b: Amoonguss|Protect\n|cant|p1a: Umbreon|slp\n|move|p2a: Amoonguss|Spore|p1b: Amoonguss\n|-activate|p1b: Amoonguss|move: Protect\n|\n|-heal|p1a: Umbreon|100\/100 slp|[from] item: Leftovers\n|upkeep\n|turn|9\n|\n|t:|1725799401\n|move|p1b: Amoonguss|Protect|p1b: Amoonguss\n|-singleturn|p1b: Amoonguss|Protect\n|move|p2b: Gholdengo|Make It Rain|p1b: Amoonguss|[spread] p1a\n|-activate|p1b: Amoonguss|move: Protect\n|-damage|p1a: Umbreon|67\/100 slp\n|-unboost|p2b: Gholdengo|spa|1\n|-curestatus|p1a: Umbreon|slp|[msg]\n|move|p1a: Umbreon|Dark Pulse|p2a: Amoonguss\n|-damage|p2a: Amoonguss|67\/100\n|move|p2a: Amoonguss|Spore|p1b: Amoonguss\n|-activate|p1b: Amoonguss|move: Protect\n|\n|-heal|p1a: Umbreon|73\/100|[from] item: Leftovers\n|upkeep\n|turn|10\n|\n|t:|1725799416\n|move|p2b: Gholdengo|Make It Rain|p1b: Amoonguss|[spread] p1a,p1b\n|-resisted|p1b: Amoonguss\n|-damage|p1a: Umbreon|50\/100\n|-damage|p1b: Amoonguss|26\/100\n|-unboost|p2b: Gholdengo|spa|1\n|move|p1a: Umbreon|Dark Pulse|p2a: Amoonguss\n|-damage|p2a: Amoonguss|33\/100\n|move|p1b: Amoonguss|Pollen Puff|p1a: Umbreon\n|-heal|p1a: Umbreon|99\/100\n|move|p2a: Amoonguss|Spore|p1b: Amoonguss\n|-status|p1b: Amoonguss|slp|[from] move: Spore\n|\n|-heal|p1a: Umbreon|100\/100|[from] item: Leftovers\n|upkeep\n|turn|11\n|\n|t:|1725799426\n|switch|p2a: Archaludon|Archaludon, L50, F|97\/100\n|cant|p1b: Amoonguss|slp\n|move|p2b: Gholdengo|Make It Rain|p1a: Umbreon|[spread] p1a,p1b\n|-resisted|p1b: Amoonguss\n|-damage|p1a: Umbreon|83\/100\n|-damage|p1b: Amoonguss|6\/100 slp\n|-unboost|p2b: Gholdengo|spa|1\n|move|p1a: Umbreon|Calm Mind|p1a: Umbreon\n|-boost|p1a: Umbreon|spa|1\n|-boost|p1a: Umbreon|spd|1\n|\n|-heal|p1a: Umbreon|89\/100|[from] item: Leftovers\n|upkeep\n|turn|12\n|\n|t:|1725799444\n|cant|p1b: Amoonguss|slp\n|move|p2b: Gholdengo|Make It Rain|p1a: Umbreon|[spread] p1a,p1b\n|-resisted|p1b: Amoonguss\n|-damage|p1a: Umbreon|76\/100\n|-damage|p1b: Amoonguss|0 fnt\n|-unboost|p2b: Gholdengo|spa|1\n|faint|p1b: Amoonguss\n|move|p2a: Archaludon|Body Press|p1a: Umbreon\n|-supereffective|p1a: Umbreon\n|-damage|p1a: Umbreon|44\/100\n|move|p1a: Umbreon|Calm Mind|p1a: Umbreon\n|-boost|p1a: Umbreon|spa|1\n|-boost|p1a: Umbreon|spd|1\n|\n|-heal|p1a: Umbreon|50\/100|[from] item: Leftovers\n|upkeep\n|turn|13\n|inactive|nerd159 has 30 seconds left.\n|\n|t:|1725799470\n|switch|p2b: Amoonguss|Amoonguss, L50, F|66\/100\n|move|p1a: Umbreon|Protect|p1a: Umbreon\n|-singleturn|p1a: Umbreon|Protect\n|move|p2a: Archaludon|Body Press|p1a: Umbreon\n|-activate|p1a: Umbreon|move: Protect\n|\n|-heal|p1a: Umbreon|56\/100|[from] item: Leftovers\n|upkeep\n|turn|14\n|\n|t:|1725799483\n|move|p2a: Archaludon|Body Press|p1a: Umbreon\n|-supereffective|p1a: Umbreon\n|-damage|p1a: Umbreon|27\/100\n|move|p1a: Umbreon|Dark Pulse|p2b: Amoonguss\n|-damage|p2b: Amoonguss|17\/100\n|move|p2b: Amoonguss|Spore|p1a: Umbreon\n|-status|p1a: Umbreon|slp|[from] move: Spore\n|\n|-heal|p1a: Umbreon|33\/100 slp|[from] item: Leftovers\n|upkeep\n|turn|15\n|-message|nerd159 forfeited.\n|\n|win|Waffles4breakfast\n|raw|nerd159's rating: 1710 &rarr; <strong>1691<\/strong><br \/>(-19 for losing)\n|raw|Waffles4breakfast's rating: 1719 &rarr; <strong>1738<\/strong><br \/>(+19 for winning)\n|l|\u2606nerd159\n|player|p1|\n|l|\u2606Waffles4breakfast\n|player|p2|\n","uploadtime":1725799714,"views":32,"formatid":"gen9vgc2024regh","rating":1691,"private":0,"password":null}