{"id":"gen9vgc2024regh-2197531920","format":"[Gen 9] VGC 2024 Reg H","players":["TwitterJasePokemon","MiraiArgentina\ufe0f\u26a7\ufe0f"],"log":"|j|\u2606TwitterJasePokemon\n|j|\u2606MiraiArgentina\ufe0f\u26a7\ufe0f\n|t:|1725846537\n|gametype|doubles\n|player|p1|TwitterJasePokemon|lucas|1789\n|player|p2|MiraiArgentina\ufe0f\u26a7\ufe0f|shadowtriad|1686\n|teamsize|p1|6\n|teamsize|p2|6\n|gen|9\n|tier|[Gen 9] VGC 2024 Reg H\n|rated|\n|rule|Species Clause: Limit one of each Pok\u00e9mon\n|rule|Item Clause: Limit 1 of each item\n|clearpoke\n|poke|p1|Archaludon, L50, M|\n|poke|p1|Murkrow, L50, M|\n|poke|p1|Dragonite, L50, M|\n|poke|p1|Gholdengo, L50|\n|poke|p1|Meowscarada, L50, F|\n|poke|p1|Ursaluna-Bloodmoon, L50, M|\n|poke|p2|Dondozo, L50, F|\n|poke|p2|Tatsugiri, L50, F|\n|poke|p2|Gholdengo, L50|\n|poke|p2|Talonflame, L50, F|\n|poke|p2|Dragonite, L50, F|\n|poke|p2|Pawmot, L50, F|\n|teampreview|4\n|inactive|Battle timer is ON: inactive players will automatically lose when time's up. (requested by TwitterJasePokemon)\n|inactive|MiraiArgentina\ufe0f\u26a7\ufe0f also wants the timer to be on.\n|j| judang\n|inactive|TwitterJasePokemon has 60 seconds left.\n|inactive|MiraiArgentina\ufe0f\u26a7\ufe0f has 60 seconds left.\n|\n|t:|1725846575\n|start\n|switch|p1a: Archaludon|Archaludon, L50, M|100\/100\n|switch|p1b: Murkrow|Murkrow, L50, M|100\/100\n|switch|p2a: Talonflame|Talonflame, L50, F|100\/100\n|switch|p2b: Dragonite|Dragonite, L50, F|100\/100\n|turn|1\n|\n|t:|1725846582\n|-terastallize|p2b: Dragonite|Flying\n|move|p2a: Talonflame|Tailwind|p2a: Talonflame\n|-sidestart|p2: MiraiArgentina\ufe0f\u26a7\ufe0f|move: Tailwind\n|move|p2b: Dragonite|Tera Blast|p1b: Murkrow|[anim] Tera Blast Flying\n|-crit|p1b: Murkrow\n|-damage|p1b: Murkrow|0 fnt\n|faint|p1b: Murkrow\n|move|p1a: Archaludon|Electro Shot||[still]\n|-prepare|p1a: Archaludon|Electro Shot\n|-boost|p1a: Archaludon|spa|1\n|-enditem|p1a: Archaludon|Power Herb\n|-anim|p1a: Archaludon|Electro Shot|p2a: Talonflame\n|-supereffective|p2a: Talonflame\n|-damage|p2a: Talonflame|0 fnt\n|faint|p2a: Talonflame\n|\n|upkeep\n|\n|t:|1725846589\n|switch|p2a: Dondozo|Dondozo, L50, F|100\/100\n|switch|p1b: Gholdengo|Gholdengo, L50|100\/100\n|turn|2\n|\n|t:|1725846604\n|switch|p2b: Tatsugiri|Tatsugiri, L50, F|100\/100\n|-activate|p2b: Tatsugiri|ability: Commander|[of] p2a: Dondozo\n|-boost|p2a: Dondozo|atk|2\n|-boost|p2a: Dondozo|spa|2\n|-boost|p2a: Dondozo|spe|2\n|-boost|p2a: Dondozo|def|2\n|-boost|p2a: Dondozo|spd|2\n|move|p1a: Archaludon|Protect|p1a: Archaludon\n|-singleturn|p1a: Archaludon|Protect\n|move|p2a: Dondozo|Earthquake|p1b: Gholdengo|[spread] p1b\n|-miss|p2a: Dondozo|p2b: Tatsugiri\n|-activate|p1a: Archaludon|move: Protect\n|-supereffective|p1b: Gholdengo\n|-damage|p1b: Gholdengo|0 fnt\n|faint|p1b: Gholdengo\n|\n|upkeep\n|\n|t:|1725846618\n|switch|p1b: Meowscarada|Meowscarada, L50, F|100\/100\n|turn|3\n|\n|t:|1725846634\n|move|p2a: Dondozo|Earthquake|p1a: Archaludon|[spread] p1a,p1b\n|-miss|p2a: Dondozo|p2b: Tatsugiri\n|-supereffective|p1a: Archaludon\n|-resisted|p1b: Meowscarada\n|-damage|p1a: Archaludon|20\/100\n|-damage|p1b: Meowscarada|65\/100\n|move|p1b: Meowscarada|Flower Trick|p2a: Dondozo\n|-supereffective|p2a: Dondozo\n|-crit|p2a: Dondozo\n|-damage|p2a: Dondozo|38\/100\n|move|p1a: Archaludon|Draco Meteor|p2a: Dondozo\n|-damage|p2a: Dondozo|4\/100\n|-unboost|p1a: Archaludon|spa|2\n|\n|-heal|p2a: Dondozo|10\/100|[from] item: Leftovers\n|upkeep\n|turn|4\n|\n|t:|1725846641\n|move|p2a: Dondozo|Earthquake|p1a: Archaludon|[spread] p1a,p1b\n|-miss|p2a: Dondozo|p2b: Tatsugiri\n|-supereffective|p1a: Archaludon\n|-resisted|p1b: Meowscarada\n|-damage|p1a: Archaludon|0 fnt\n|-damage|p1b: Meowscarada|31\/100\n|faint|p1a: Archaludon\n|move|p1b: Meowscarada|Flower Trick|p2a: Dondozo\n|-supereffective|p2a: Dondozo\n|-crit|p2a: Dondozo\n|-damage|p2a: Dondozo|0 fnt\n|faint|p2a: Dondozo\n|\n|-sideend|p2: MiraiArgentina\ufe0f\u26a7\ufe0f|move: Tailwind\n|upkeep\n|\n|t:|1725846645\n|switch|p2a: Dragonite|Dragonite, L50, F, tera:Flying|100\/100\n|turn|5\n|\n|t:|1725846652\n|move|p2a: Dragonite|Extreme Speed|p1b: Meowscarada\n|-damage|p1b: Meowscarada|0 fnt\n|faint|p1b: Meowscarada\n|\n|win|MiraiArgentina\ufe0f\u26a7\ufe0f\n|raw|TwitterJasePokemon's rating: 1789 &rarr; <strong>1763<\/strong><br \/>(-26 for losing)\n|raw|MiraiArgentina\ufe0f\u26a7\ufe0f's rating: 1686 &rarr; <strong>1712<\/strong><br \/>(+26 for winning)\n|l|\u2606MiraiArgentina\ufe0f\u26a7\ufe0f\n|player|p2|\n|l|\u2606TwitterJasePokemon\n|player|p1|\n","uploadtime":1725846828,"views":19,"formatid":"gen9vgc2024regh","rating":1712,"private":0,"password":null}