{"id":"gen9vgc2024regh-2197999211","format":"[Gen 9] VGC 2024 Reg H","players":["Ibrahimovicvgc","Krisuerte"],"log":"|j|\u2606Ibrahimovicvgc\n|j|\u2606Krisuerte\n|t:|1725906142\n|gametype|doubles\n|player|p1|Ibrahimovicvgc|1|1714\n|player|p2|Krisuerte|102|1797\n|teamsize|p1|6\n|teamsize|p2|6\n|gen|9\n|tier|[Gen 9] VGC 2024 Reg H\n|rated|\n|rule|Species Clause: Limit one of each Pok\u00e9mon\n|rule|Item Clause: Limit 1 of each item\n|clearpoke\n|poke|p1|Gholdengo, L50|\n|poke|p1|Talonflame, L50, M|\n|poke|p1|Dragonite, L50, M|\n|poke|p1|Dondozo, L50, M|\n|poke|p1|Tatsugiri, L50, M|\n|poke|p1|Clodsire, L50, F|\n|poke|p2|Indeedee-F, L50, F|\n|poke|p2|Armarouge, L50, F|\n|poke|p2|Sinistcha-Masterpiece, L50|\n|poke|p2|Archaludon, L50, M|\n|poke|p2|Ursaluna-Bloodmoon, L50, M|\n|poke|p2|Pelipper, L50, F|\n|teampreview|4\n|inactive|Battle timer is ON: inactive players will automatically lose when time's up. (requested by Ibrahimovicvgc)\n|inactive|Ibrahimovicvgc has 60 seconds left.\n|\n|t:|1725906197\n|start\n|switch|p1a: Dragonite|Dragonite, L50, M|100\/100\n|switch|p1b: Clodsire|Clodsire, L50, F|100\/100\n|switch|p2a: Indeedee|Indeedee-F, L50, F|100\/100\n|switch|p2b: Armarouge|Armarouge, L50, F|100\/100\n|-fieldstart|move: Psychic Terrain|[from] ability: Psychic Surge|[of] p2a: Indeedee\n|turn|1\n|\n|t:|1725906213\n|-terastallize|p2b: Armarouge|Psychic\n|move|p2a: Indeedee|Helping Hand|p2b: Armarouge\n|-singleturn|p2b: Armarouge|Helping Hand|[of] p2a: Indeedee\n|move|p2b: Armarouge|Expanding Force|p1a: Dragonite|[spread] p1a,p1b\n|-supereffective|p1b: Clodsire\n|-damage|p1a: Dragonite|0 fnt\n|-damage|p1b: Clodsire|0 fnt\n|faint|p1a: Dragonite\n|faint|p1b: Clodsire\n|\n|upkeep\n|\n|t:|1725906225\n|switch|p1a: Tatsugiri|Tatsugiri, L50, M|100\/100\n|switch|p1b: Dondozo|Dondozo, L50, M|100\/100\n|-activate|p1a: Tatsugiri|ability: Commander|[of] p1b: Dondozo\n|-boost|p1b: Dondozo|atk|2\n|-boost|p1b: Dondozo|spa|2\n|-boost|p1b: Dondozo|spe|2\n|-boost|p1b: Dondozo|def|2\n|-boost|p1b: Dondozo|spd|2\n|turn|2\n|\n|t:|1725906237\n|move|p2a: Indeedee|Helping Hand|p2b: Armarouge\n|-singleturn|p2b: Armarouge|Helping Hand|[of] p2a: Indeedee\n|move|p2b: Armarouge|Expanding Force|p1a: Tatsugiri|[spread] p1b\n|-miss|p2b: Armarouge|p1a: Tatsugiri\n|-damage|p1b: Dondozo|25\/100\n|move|p1b: Dondozo|Earthquake|p2a: Indeedee|[spread] p2a,p2b\n|-miss|p1b: Dondozo|p1a: Tatsugiri\n|-damage|p2a: Indeedee|54\/100\n|-damage|p2b: Armarouge|47\/100\n|\n|-heal|p1b: Dondozo|31\/100|[from] item: Leftovers\n|upkeep\n|turn|3\n|\n|t:|1725906253\n|move|p2a: Indeedee|Helping Hand|p2b: Armarouge\n|-singleturn|p2b: Armarouge|Helping Hand|[of] p2a: Indeedee\n|move|p1b: Dondozo|Protect|p1b: Dondozo\n|-singleturn|p1b: Dondozo|Protect\n|move|p2b: Armarouge|Expanding Force|p1b: Dondozo|[spread] \n|-miss|p2b: Armarouge|p1a: Tatsugiri\n|-activate|p1b: Dondozo|move: Protect\n|\n|-heal|p1b: Dondozo|38\/100|[from] item: Leftovers\n|upkeep\n|turn|4\n|\n|t:|1725906268\n|move|p2a: Indeedee|Helping Hand|p2b: Armarouge\n|-singleturn|p2b: Armarouge|Helping Hand|[of] p2a: Indeedee\n|move|p1b: Dondozo|Protect||[still]\n|-fail|p1b: Dondozo\n|move|p2b: Armarouge|Expanding Force|p1a: Tatsugiri|[spread] p1b\n|-miss|p2b: Armarouge|p1a: Tatsugiri\n|-damage|p1b: Dondozo|0 fnt\n|faint|p1b: Dondozo\n|\n|upkeep\n|turn|5\n|\n|t:|1725906282\n|-terastallize|p1a: Tatsugiri|Stellar\n|move|p2a: Indeedee|Follow Me|p2a: Indeedee\n|-singleturn|p2a: Indeedee|move: Follow Me\n|move|p2b: Armarouge|Expanding Force|p1a: Tatsugiri\n|-enditem|p1a: Tatsugiri|Focus Sash\n|-damage|p1a: Tatsugiri|1\/100\n|move|p1a: Tatsugiri|Muddy Water|p2a: Indeedee|[spread] p2a,p2b\n|-damage|p2a: Indeedee|12\/100\n|-damage|p2b: Armarouge|0 fnt\n|faint|p2b: Armarouge\n|\n|-fieldend|move: Psychic Terrain\n|upkeep\n|\n|t:|1725906295\n|switch|p2b: Archaludon|Archaludon, L50, M|100\/100\n|turn|6\n|\n|t:|1725906301\n|move|p1a: Tatsugiri|Muddy Water|p2a: Indeedee|[spread] p2a,p2b\n|-resisted|p2b: Archaludon\n|-crit|p2b: Archaludon\n|-damage|p2a: Indeedee|0 fnt\n|-damage|p2b: Archaludon|78\/100\n|-ability|p2b: Archaludon|Stamina|boost\n|-boost|p2b: Archaludon|def|1\n|faint|p2a: Indeedee\n|move|p2b: Archaludon|Body Press|p1a: Tatsugiri\n|-damage|p1a: Tatsugiri|0 fnt\n|faint|p1a: Tatsugiri\n|\n|win|Krisuerte\n|raw|Ibrahimovicvgc's rating: 1714 &rarr; <strong>1699<\/strong><br \/>(-15 for losing)\n|raw|Krisuerte's rating: 1797 &rarr; <strong>1812<\/strong><br \/>(+15 for winning)\n|l|\u2606Ibrahimovicvgc\n|player|p1|\n|l|\u2606Krisuerte\n|player|p2|\n","uploadtime":1725906515,"views":20,"formatid":"gen9vgc2024regh","rating":1699,"private":0,"password":null}