{"id":"gen9vgc2024regh-2197489911","format":"[Gen 9] VGC 2024 Reg H","players":["Betsie","Riverpasta"],"log":"|j|\u2606Betsie\n|j|\u2606Riverpasta\n|t:|1725841660\n|gametype|doubles\n|player|p1|Betsie|grimsley-masters|1711\n|player|p2|Riverpasta|red|1796\n|teamsize|p1|6\n|teamsize|p2|6\n|gen|9\n|tier|[Gen 9] VGC 2024 Reg H\n|rated|\n|rule|Species Clause: Limit one of each Pok\u00e9mon\n|rule|Item Clause: Limit 1 of each item\n|clearpoke\n|poke|p1|Archaludon, L50, M|\n|poke|p1|Ursaluna-Bloodmoon, L50, M|\n|poke|p1|Rillaboom, L50, M|\n|poke|p1|Pelipper, L50, M|\n|poke|p1|Incineroar, L50, F|\n|poke|p1|Farigiraf, L50, M|\n|poke|p2|Serperior, L50, M|\n|poke|p2|Skeledirge, L50, F|\n|poke|p2|Mamoswine, L50, M|\n|poke|p2|Primarina, L50, M|\n|poke|p2|Kingambit, L50, M|\n|poke|p2|Staraptor, L50, F|\n|teampreview|4\n|inactive|Battle timer is ON: inactive players will automatically lose when time's up. (requested by Betsie)\n|j| JayJayAG\n|\n|t:|1725841685\n|start\n|switch|p1a: Farigiraf|Farigiraf, L50, M|100\/100\n|switch|p1b: Ursaluna|Ursaluna-Bloodmoon, L50, M|100\/100\n|switch|p2a: Mamoswine|Mamoswine, L50, M|100\/100\n|switch|p2b: Primarina|Primarina, L50, M|100\/100\n|turn|1\n|\n|t:|1725841699\n|-terastallize|p1a: Farigiraf|Water\n|move|p1b: Ursaluna|Protect|p1b: Ursaluna\n|-singleturn|p1b: Ursaluna|Protect\n|move|p2a: Mamoswine|High Horsepower|p1a: Farigiraf\n|-damage|p1a: Farigiraf|55\/100\n|move|p2b: Primarina|Hyper Voice|p1a: Farigiraf|[spread] p1a\n|-activate|p1b: Ursaluna|move: Protect\n|-resisted|p1a: Farigiraf\n|-damage|p1a: Farigiraf|32\/100\n|-damage|p2b: Primarina|91\/100|[from] item: Life Orb\n|move|p1a: Farigiraf|Trick Room|p1a: Farigiraf\n|-fieldstart|move: Trick Room|[of] p1a: Farigiraf\n|\n|upkeep\n|turn|2\n|c|\u2606Riverpasta|Well played\n|inactive|Betsie has 30 seconds left.\n|\n|t:|1725841726\n|move|p1a: Farigiraf|Hyper Voice|p2a: Mamoswine|[spread] p2a,p2b\n|-damage|p2a: Mamoswine|65\/100\n|-damage|p2b: Primarina|71\/100\n|move|p1b: Ursaluna|Hyper Voice|p2b: Primarina|[spread] p2a,p2b\n|-damage|p2a: Mamoswine|0 fnt\n|-damage|p2b: Primarina|28\/100\n|faint|p2a: Mamoswine\n|-damage|p1b: Ursaluna|91\/100|[from] item: Life Orb\n|move|p2b: Primarina|Hyper Voice|p1b: Ursaluna|[spread] p1a,p1b\n|-resisted|p1a: Farigiraf\n|-supereffective|p1b: Ursaluna\n|-damage|p1a: Farigiraf|9\/100\n|-damage|p1b: Ursaluna|0 fnt\n|faint|p1b: Ursaluna\n|-damage|p2b: Primarina|19\/100|[from] item: Life Orb\n|\n|upkeep\n|\n|t:|1725841736\n|switch|p1b: Archaludon|Archaludon, L50, M|100\/100\n|switch|p2a: Skeledirge|Skeledirge, L50, F|100\/100\n|turn|3\n|\n|t:|1725841746\n|switch|p1a: Pelipper|Pelipper, L50, M|100\/100\n|-weather|RainDance|[from] ability: Drizzle|[of] p1a: Pelipper\n|move|p2b: Primarina|Protect|p2b: Primarina\n|-singleturn|p2b: Primarina|Protect\n|move|p2a: Skeledirge|Torch Song|p1a: Pelipper\n|-resisted|p1a: Pelipper\n|-damage|p1a: Pelipper|90\/100\n|-boost|p2a: Skeledirge|spa|1\n|-enditem|p2a: Skeledirge|Throat Spray\n|-boost|p2a: Skeledirge|spa|1|[from] item: Throat Spray\n|move|p1b: Archaludon|Electro Shot||[still]\n|-prepare|p1b: Archaludon|Electro Shot\n|-boost|p1b: Archaludon|spa|1\n|-anim|p1b: Archaludon|Electro Shot|p2b: Primarina\n|-activate|p2b: Primarina|move: Protect\n|\n|-weather|RainDance|[upkeep]\n|upkeep\n|turn|4\n|j| Pikakado\n|inactive|Riverpasta has 30 seconds left.\n|j| Peroquecuones\n|\n|t:|1725841774\n|-terastallize|p2a: Skeledirge|Fairy\n|move|p2b: Primarina|Moonblast|p1a: Pelipper\n|-damage|p1a: Pelipper|0 fnt\n|faint|p1a: Pelipper\n|-damage|p2b: Primarina|9\/100|[from] item: Life Orb\n|move|p2a: Skeledirge|Alluring Voice|p1b: Archaludon\n|-damage|p1b: Archaludon|49\/100\n|-ability|p1b: Archaludon|Stamina|boost\n|-boost|p1b: Archaludon|def|1\n|move|p1b: Archaludon|Electro Shot||[still]\n|-prepare|p1b: Archaludon|Electro Shot\n|-boost|p1b: Archaludon|spa|1\n|-anim|p1b: Archaludon|Electro Shot|p2a: Skeledirge\n|-damage|p2a: Skeledirge|64\/100\n|\n|-weather|RainDance|[upkeep]\n|upkeep\n|\n|t:|1725841789\n|switch|p1a: Farigiraf|Farigiraf, L50, M, tera:Water|9\/100\n|turn|5\n|\n|t:|1725841799\n|move|p1a: Farigiraf|Psychic|p2a: Skeledirge\n|-damage|p2a: Skeledirge|33\/100\n|move|p2b: Primarina|Hyper Voice|p1b: Archaludon|[spread] p1a,p1b\n|-resisted|p1a: Farigiraf\n|-resisted|p1b: Archaludon\n|-damage|p1a: Farigiraf|0 fnt\n|-damage|p1b: Archaludon|24\/100\n|-ability|p1b: Archaludon|Stamina|boost\n|-boost|p1b: Archaludon|def|1\n|faint|p1a: Farigiraf\n|-damage|p2b: Primarina|0 fnt|[from] item: Life Orb\n|faint|p2b: Primarina\n|move|p2a: Skeledirge|Alluring Voice|p1b: Archaludon\n|-crit|p1b: Archaludon\n|-damage|p1b: Archaludon|0 fnt\n|faint|p1b: Archaludon\n|\n|win|Riverpasta\n|raw|Betsie's rating: 1711 &rarr; <strong>1696<\/strong><br \/>(-15 for losing)\n|raw|Riverpasta's rating: 1796 &rarr; <strong>1811<\/strong><br \/>(+15 for winning)\n|l|\u2606Riverpasta\n|player|p2|\n|l|\u2606Betsie\n|player|p1|\n|l| JayJayAG\n|l| Peroquecuones\n|l| Pikakado\n","uploadtime":1725841942,"views":30,"formatid":"gen9vgc2024regh","rating":1696,"private":0,"password":null}