{"id":"gen9vgc2024regh-2198419294","format":"[Gen 9] VGC 2024 Reg H","players":["falcon108","wuyao"],"log":"|j|\u2606falcon108\n|j|\u2606wuyao\n|t:|1725957981\n|gametype|doubles\n|player|p1|falcon108|palmer|1729\n|player|p2|wuyao|lyra|1642\n|teamsize|p1|6\n|teamsize|p2|6\n|gen|9\n|tier|[Gen 9] VGC 2024 Reg H\n|rated|\n|rule|Species Clause: Limit one of each Pok\u00e9mon\n|rule|Item Clause: Limit 1 of each item\n|clearpoke\n|poke|p1|Whimsicott, L50, M|\n|poke|p1|Ursaluna-Bloodmoon, L50, M|\n|poke|p1|Arcanine-Hisui, L50, M|\n|poke|p1|Tyranitar, L50, F|\n|poke|p1|Gholdengo, L50|\n|poke|p1|Amoonguss, L50, M|\n|poke|p2|Annihilape, L50, F|\n|poke|p2|Meowscarada, L50, M|\n|poke|p2|Primarina, L50, F|\n|poke|p2|Ursaluna-Bloodmoon, L50, M|\n|poke|p2|Archaludon, L50, M|\n|poke|p2|Maushold, L50|\n|teampreview|4\n|inactive|Battle timer is ON: inactive players will automatically lose when time's up. (requested by falcon108)\n|j| mr pogostick\n|inactive|wuyao has 60 seconds left.\n|\n|t:|1725958012\n|start\n|switch|p1a: Whimsicott|Whimsicott, L50, M, shiny|100\/100\n|switch|p1b: Arcanine|Arcanine-Hisui, L50, M|100\/100\n|switch|p2a: Ursaluna|Ursaluna-Bloodmoon, L50, M|100\/100\n|switch|p2b: Archaludon|Archaludon, L50, M|100\/100\n|-ability|p1b: Arcanine|Intimidate|boost\n|-unboost|p2a: Ursaluna|atk|1\n|-unboost|p2b: Archaludon|atk|1\n|turn|1\n|\n|t:|1725958032\n|move|p1a: Whimsicott|Tailwind|p1a: Whimsicott\n|-sidestart|p1: falcon108|move: Tailwind\n|move|p1b: Arcanine|Flare Blitz|p2b: Archaludon\n|-damage|p2b: Archaludon|20\/100\n|-damage|p1b: Arcanine|75\/100|[from] Recoil\n|move|p2b: Archaludon|Electro Shot||[still]\n|-prepare|p2b: Archaludon|Electro Shot\n|-boost|p2b: Archaludon|spa|1\n|-enditem|p2b: Archaludon|Power Herb\n|-anim|p2b: Archaludon|Electro Shot|p1b: Arcanine\n|-damage|p1b: Arcanine|0 fnt\n|faint|p1b: Arcanine\n|move|p2a: Ursaluna|Blood Moon|p1a: Whimsicott\n|-damage|p1a: Whimsicott|4\/100\n|\n|upkeep\n|\n|t:|1725958038\n|switch|p1b: Ursaluna|Ursaluna-Bloodmoon, L50, M|100\/100\n|turn|2\n|j| Manchester1997!\n|\n|t:|1725958061\n|switch|p1a: Gholdengo|Gholdengo, L50, shiny|100\/100\n|-terastallize|p1b: Ursaluna|Normal\n|move|p2b: Archaludon|Protect|p2b: Archaludon\n|-singleturn|p2b: Archaludon|Protect\n|move|p1b: Ursaluna|Hyper Voice|p2b: Archaludon|[spread] p2a\n|-activate|p2b: Archaludon|move: Protect\n|-damage|p2a: Ursaluna|55\/100\n|-damage|p1b: Ursaluna|91\/100|[from] item: Life Orb\n|move|p2a: Ursaluna|Hyper Voice|p1a: Gholdengo|[spread] p1a,p1b\n|-resisted|p1a: Gholdengo\n|-damage|p1a: Gholdengo|81\/100\n|-damage|p1b: Ursaluna|38\/100\n|\n|-heal|p1a: Gholdengo|87\/100|[from] item: Leftovers\n|upkeep\n|turn|3\n|\n|t:|1725958085\n|move|p2a: Ursaluna|Vacuum Wave|p1b: Ursaluna\n|-supereffective|p1b: Ursaluna\n|-damage|p1b: Ursaluna|0 fnt\n|faint|p1b: Ursaluna\n|move|p1a: Gholdengo|Shadow Ball|p2b: Archaludon\n|-damage|p2b: Archaludon|0 fnt\n|faint|p2b: Archaludon\n|\n|-heal|p1a: Gholdengo|93\/100|[from] item: Leftovers\n|upkeep\n|\n|t:|1725958095\n|switch|p2b: Meowscarada|Meowscarada, L50, M|100\/100\n|switch|p1b: Whimsicott|Whimsicott, L50, M, shiny|4\/100\n|turn|4\n|\n|t:|1725958105\n|move|p2a: Ursaluna|Vacuum Wave|p1b: Whimsicott\n|-resisted|p1b: Whimsicott\n|-damage|p1b: Whimsicott|0 fnt\n|faint|p1b: Whimsicott\n|move|p1a: Gholdengo|Make It Rain|p2a: Ursaluna|[spread] p2a,p2b\n|-damage|p2a: Ursaluna|22\/100\n|-damage|p2b: Meowscarada|24\/100\n|-unboost|p1a: Gholdengo|spa|1\n|move|p2b: Meowscarada|Knock Off|p1a: Gholdengo\n|-supereffective|p1a: Gholdengo\n|-damage|p1a: Gholdengo|4\/100\n|-enditem|p1a: Gholdengo|Leftovers|[from] move: Knock Off|[of] p2b: Meowscarada\n|\n|-sideend|p1: falcon108|move: Tailwind\n|upkeep\n|turn|5\n|-message|falcon108 forfeited.\n|\n|win|wuyao\n|raw|falcon108's rating: 1729 &rarr; <strong>1704<\/strong><br \/>(-25 for losing)\n|raw|wuyao's rating: 1642 &rarr; <strong>1667<\/strong><br \/>(+25 for winning)\n|l|\u2606falcon108\n|player|p1|\n|l| Manchester1997!\n|l|\u2606wuyao\n|player|p2|\n|l| mr pogostick\n","uploadtime":1725958274,"views":12,"formatid":"gen9vgc2024regh","rating":1667,"private":0,"password":null}