{"id":"gen9vgc2024regh-2198308092","format":"[Gen 9] VGC 2024 Reg H","players":["Joe Sheboygan","helio list"],"log":"|j|\u2606Joe Sheboygan\n|j|\u2606helio list\n|t:|1725938740\n|gametype|doubles\n|player|p1|Joe Sheboygan|red|1740\n|player|p2|helio list|pokemonbreederf|1646\n|teamsize|p1|6\n|teamsize|p2|6\n|gen|9\n|tier|[Gen 9] VGC 2024 Reg H\n|rated|\n|rule|Species Clause: Limit one of each Pok\u00e9mon\n|rule|Item Clause: Limit 1 of each item\n|clearpoke\n|poke|p1|Gholdengo, L50|\n|poke|p1|Tyranitar, L50, M|\n|poke|p1|Rillaboom, L50, F|\n|poke|p1|Primarina, L50, M|\n|poke|p1|Talonflame, L50, F|\n|poke|p1|Electabuzz, L50, M|\n|poke|p2|Dondozo, L50, F|\n|poke|p2|Maushold-Four, L50|\n|poke|p2|Glimmora, L50, F|\n|poke|p2|Talonflame, L50, F|\n|poke|p2|Gholdengo, L50|\n|poke|p2|Tatsugiri-Stretchy, L50, F|\n|teampreview|4\n|inactive|Battle timer is ON: inactive players will automatically lose when time's up. (requested by helio list)\n|inactive|helio list has 60 seconds left.\n|\n|t:|1725938792\n|start\n|switch|p1a: Talonflame|Talonflame, L50, F|100\/100\n|switch|p1b: Gholdengo|Gholdengo, L50|100\/100\n|switch|p2a: Maushold|Maushold-Four, L50|100\/100\n|switch|p2b: Gholdengo|Gholdengo, L50|100\/100\n|turn|1\n|inactive|Joe Sheboygan has 30 seconds left.\n|inactive|Joe Sheboygan has 20 seconds left.\n|inactive|Joe Sheboygan has 15 seconds left.\n|inactive|Joe Sheboygan has 10 seconds left.\n|\n|t:|1725938839\n|-terastallize|p1b: Gholdengo|Steel\n|move|p1a: Talonflame|Tailwind|p1a: Talonflame\n|-sidestart|p1: Joe Sheboygan|move: Tailwind\n|move|p1b: Gholdengo|Make It Rain|p2b: Gholdengo|[spread] p2a,p2b\n|-resisted|p2b: Gholdengo\n|-damage|p2a: Maushold|0 fnt\n|-damage|p2b: Gholdengo|50\/100\n|-unboost|p1b: Gholdengo|spa|1\n|faint|p2a: Maushold\n|-damage|p1b: Gholdengo|91\/100|[from] item: Life Orb\n|move|p2b: Gholdengo|Shadow Ball|p1b: Gholdengo\n|-damage|p1b: Gholdengo|29\/100\n|-damage|p2b: Gholdengo|40\/100|[from] item: Life Orb\n|\n|upkeep\n|\n|t:|1725938844\n|switch|p2a: Talonflame|Talonflame, L50, F|100\/100\n|turn|2\n|\n|t:|1725938852\n|move|p2b: Gholdengo|Protect|p2b: Gholdengo\n|-singleturn|p2b: Gholdengo|Protect\n|move|p2a: Talonflame|Tailwind|p2a: Talonflame\n|-sidestart|p2: helio list|move: Tailwind\n|move|p1a: Talonflame|Flare Blitz|p2b: Gholdengo\n|-activate|p2b: Gholdengo|move: Protect\n|move|p1b: Gholdengo|Shadow Ball|p2a: Talonflame\n|-damage|p2a: Talonflame|46\/100\n|-damage|p1b: Gholdengo|19\/100|[from] item: Life Orb\n|\n|upkeep\n|turn|3\n|\n|t:|1725938862\n|move|p1a: Talonflame|Brave Bird|p2a: Talonflame\n|-damage|p2a: Talonflame|0 fnt\n|faint|p2a: Talonflame\n|-damage|p1a: Talonflame|85\/100|[from] Recoil\n|move|p2b: Gholdengo|Make It Rain|p1b: Gholdengo|[spread] p1a,p1b\n|-resisted|p1a: Talonflame\n|-resisted|p1b: Gholdengo\n|-damage|p1a: Talonflame|39\/100\n|-damage|p1b: Gholdengo|0 fnt\n|-unboost|p2b: Gholdengo|spa|1\n|faint|p1b: Gholdengo\n|-damage|p2b: Gholdengo|31\/100|[from] item: Life Orb\n|\n|upkeep\n|\n|t:|1725938866\n|switch|p2a: Glimmora|Glimmora, L50, F|100\/100\n|switch|p1b: Primarina|Primarina, L50, M|100\/100\n|turn|4\n|\n|t:|1725938889\n|switch|p1a: Rillaboom|Rillaboom, L50, F|100\/100\n|-fieldstart|move: Grassy Terrain|[from] ability: Grassy Surge|[of] p1a: Rillaboom\n|-terastallize|p2a: Glimmora|Grass\n|move|p2b: Gholdengo|Protect|p2b: Gholdengo\n|-singleturn|p2b: Gholdengo|Protect\n|move|p2a: Glimmora|Sludge Bomb|p1a: Rillaboom\n|-supereffective|p1a: Rillaboom\n|-damage|p1a: Rillaboom|0 fnt\n|faint|p1a: Rillaboom\n|move|p1b: Primarina|Hyper Voice|p2a: Glimmora|[spread] p2a\n|-activate|p2b: Gholdengo|move: Protect\n|-resisted|p2a: Glimmora\n|-damage|p2a: Glimmora|78\/100\n|-enditem|p1b: Primarina|Throat Spray\n|-boost|p1b: Primarina|spa|1|[from] item: Throat Spray\n|\n|-heal|p2a: Glimmora|84\/100|[from] Grassy Terrain\n|-heal|p2b: Gholdengo|37\/100|[from] Grassy Terrain\n|-sideend|p1: Joe Sheboygan|move: Tailwind\n|upkeep\n|\n|t:|1725938904\n|switch|p1a: Talonflame|Talonflame, L50, F|39\/100\n|turn|5\n|\n|t:|1725938910\n|move|p2a: Glimmora|Sludge Bomb|p1b: Primarina\n|-supereffective|p1b: Primarina\n|-damage|p1b: Primarina|0 fnt\n|faint|p1b: Primarina\n|move|p2b: Gholdengo|Shadow Ball|p1a: Talonflame\n|-damage|p1a: Talonflame|0 fnt\n|faint|p1a: Talonflame\n|-damage|p2b: Gholdengo|27\/100|[from] item: Life Orb\n|\n|win|helio list\n|raw|Joe Sheboygan's rating: 1740 &rarr; <strong>1715<\/strong><br \/>(-25 for losing)\n|raw|helio list's rating: 1646 &rarr; <strong>1671<\/strong><br \/>(+25 for winning)\n|l|\u2606Joe Sheboygan\n|player|p1|\n|l|\u2606helio list\n|player|p2|\n","uploadtime":1725939167,"views":17,"formatid":"gen9vgc2024regh","rating":1671,"private":0,"password":null}