{"id":"gen9vgc2024regh-2198473578","format":"[Gen 9] VGC 2024 Reg H","players":["SeaWolfMikess","kojimuranishi"],"log":"|badge|p1|bronze|gen9doublesou|100-2\n|uhtml|medal-msg|<div class=\"broadcast-blue\">Curious what those medals under the avatar are? PS now has Ladder Seasons! For more information, check out the <a href=\"https:\/\/www.smogon.com\/forums\/threads\/3740067\/\">thread on Smogon.<\/a><\/div>\n|j|\u2606SeaWolfMikess\n|j|\u2606kojimuranishi\n|t:|1725966996\n|gametype|doubles\n|player|p1|SeaWolfMikess|hugh|1766\n|player|p2|kojimuranishi|265|1742\n|teamsize|p1|6\n|teamsize|p2|6\n|gen|9\n|tier|[Gen 9] VGC 2024 Reg H\n|rated|\n|rule|Species Clause: Limit one of each Pok\u00e9mon\n|rule|Item Clause: Limit 1 of each item\n|clearpoke\n|poke|p1|Pelipper, L50, M|\n|poke|p1|Archaludon, L50, M|\n|poke|p1|Rillaboom, L50, F|\n|poke|p1|Incineroar, L50, F|\n|poke|p1|Sneasler, L50, M|\n|poke|p1|Kingambit, L50, F|\n|poke|p2|Incineroar, L50, F|\n|poke|p2|Gholdengo, L50|\n|poke|p2|Ursaluna-Bloodmoon, L50, M|\n|poke|p2|Whimsicott, L50, M|\n|poke|p2|Dragonite, L50, M|\n|poke|p2|Primarina, L50, M|\n|teampreview|4\n|inactive|Battle timer is ON: inactive players will automatically lose when time's up. (requested by kojimuranishi)\n|j| aghis love\n|inactive|kojimuranishi has 60 seconds left.\n|inactive|kojimuranishi has 30 seconds left.\n|inactive|kojimuranishi has 20 seconds left.\n|\n|t:|1725967073\n|start\n|switch|p1a: Pelipper|Pelipper, L50, M|100\/100\n|switch|p1b: Archaludon|Archaludon, L50, M|100\/100\n|switch|p2a: Incineroar|Incineroar, L50, F|100\/100\n|switch|p2b: Primarina|Primarina, L50, M|100\/100\n|-weather|RainDance|[from] ability: Drizzle|[of] p1a: Pelipper\n|-ability|p2a: Incineroar|Intimidate|boost\n|-unboost|p1a: Pelipper|atk|1\n|-unboost|p1b: Archaludon|atk|1\n|turn|1\n|inactive|kojimuranishi has 30 seconds left.\n|inactive|SeaWolfMikess has 30 seconds left.\n|\n|t:|1725967106\n|switch|p2b: Ursaluna|Ursaluna-Bloodmoon, L50, M|100\/100\n|move|p1b: Archaludon|Electro Shot||[still]\n|-prepare|p1b: Archaludon|Electro Shot\n|-boost|p1b: Archaludon|spa|1\n|-anim|p1b: Archaludon|Electro Shot|p2b: Ursaluna\n|-immune|p2b: Ursaluna\n|move|p1a: Pelipper|Hurricane|p2b: Ursaluna\n|-damage|p2b: Ursaluna|43\/100\n|-start|p2b: Ursaluna|confusion\n|move|p2a: Incineroar|Snarl|p1a: Pelipper|[spread] p1a,p1b\n|-damage|p1a: Pelipper|82\/100\n|-damage|p1b: Archaludon|82\/100\n|-unboost|p1a: Pelipper|spa|1\n|-unboost|p1b: Archaludon|spa|1\n|\n|-weather|RainDance|[upkeep]\n|upkeep\n|turn|2\n|inactive|kojimuranishi has 30 seconds left.\n|\n|t:|1725967136\n|switch|p2b: Primarina|Primarina, L50, M|100\/100\n|move|p1b: Archaludon|Electro Shot||[still]\n|-prepare|p1b: Archaludon|Electro Shot\n|-boost|p1b: Archaludon|spa|1\n|-anim|p1b: Archaludon|Electro Shot|p2a: Incineroar\n|-damage|p2a: Incineroar|48\/100\n|-enditem|p2a: Incineroar|Sitrus Berry|[eat]\n|-heal|p2a: Incineroar|73\/100|[from] item: Sitrus Berry\n|move|p1a: Pelipper|Weather Ball|p2b: Primarina\n|-resisted|p2b: Primarina\n|-crit|p2b: Primarina\n|-damage|p2b: Primarina|71\/100\n|move|p2a: Incineroar|Snarl|p1b: Archaludon|[spread] p1a,p1b\n|-damage|p1a: Pelipper|64\/100\n|-damage|p1b: Archaludon|67\/100\n|-unboost|p1a: Pelipper|spa|1\n|-unboost|p1b: Archaludon|spa|1\n|\n|-weather|RainDance|[upkeep]\n|upkeep\n|turn|3\n|inactive|kojimuranishi has 30 seconds left.\n|inactive|kojimuranishi has 20 seconds left.\n|\n|t:|1725967173\n|move|p1b: Archaludon|Electro Shot||[still]\n|-prepare|p1b: Archaludon|Electro Shot\n|-boost|p1b: Archaludon|spa|1\n|-anim|p1b: Archaludon|Electro Shot|p2b: Primarina\n|-supereffective|p2b: Primarina\n|-damage|p2b: Primarina|0 fnt\n|faint|p2b: Primarina\n|move|p1a: Pelipper|Weather Ball|p2a: Incineroar\n|-supereffective|p2a: Incineroar\n|-damage|p2a: Incineroar|27\/100\n|move|p2a: Incineroar|Knock Off|p1b: Archaludon\n|-damage|p1b: Archaludon|35\/100\n|-enditem|p1b: Archaludon|Power Herb|[from] move: Knock Off|[of] p2a: Incineroar\n|\n|-weather|RainDance|[upkeep]\n|upkeep\n|\n|t:|1725967190\n|switch|p2b: Dragonite|Dragonite, L50, M|100\/100\n|turn|4\n|inactive|kojimuranishi has 30 seconds left.\n|inactive|kojimuranishi has 20 seconds left.\n|inactive|kojimuranishi has 15 seconds left.\n|inactive|kojimuranishi has 10 seconds left.\n|\n|t:|1725967238\n|move|p1b: Archaludon|Electro Shot||[still]\n|-prepare|p1b: Archaludon|Electro Shot\n|-boost|p1b: Archaludon|spa|1\n|-anim|p1b: Archaludon|Electro Shot|p2b: Dragonite\n|-damage|p2b: Dragonite|55\/100\n|move|p1a: Pelipper|Weather Ball|p2a: Incineroar\n|-supereffective|p2a: Incineroar\n|-damage|p2a: Incineroar|0 fnt\n|faint|p2a: Incineroar\n|move|p2b: Dragonite|Outrage|p1a: Pelipper\n|-damage|p1a: Pelipper|0 fnt\n|faint|p1a: Pelipper\n|\n|-weather|RainDance|[upkeep]\n|upkeep\n|\n|t:|1725967253\n|switch|p1a: Sneasler|Sneasler, L50, M|100\/100\n|switch|p2a: Ursaluna|Ursaluna-Bloodmoon, L50, M|43\/100\n|turn|5\n|-message|kojimuranishi forfeited.\n|\n|win|SeaWolfMikess\n|raw|SeaWolfMikess's rating: 1781 &rarr; <strong>1799<\/strong><br \/>(+18 for winning)\n|raw|kojimuranishi's rating: 1742 &rarr; <strong>1724<\/strong><br \/>(-18 for losing)\n|l|\u2606kojimuranishi\n|player|p2|\n|l|\u2606SeaWolfMikess\n|player|p1|\n","uploadtime":1725967423,"views":53,"formatid":"gen9vgc2024regh","rating":1724,"private":0,"password":null}