{"id":"gen9vgc2024regh-2198727627","format":"[Gen 9] VGC 2024 Reg H","players":["plyingfress","pokequimico"],"log":"|j|\u2606plyingfress\n|j|\u2606pokequimico\n|t:|1725991613\n|gametype|doubles\n|player|p1|plyingfress|101|1693\n|player|p2|pokequimico|lucas|1664\n|teamsize|p1|6\n|teamsize|p2|6\n|gen|9\n|tier|[Gen 9] VGC 2024 Reg H\n|rated|\n|rule|Species Clause: Limit one of each Pok\u00e9mon\n|rule|Item Clause: Limit 1 of each item\n|clearpoke\n|poke|p1|Ursaluna-Bloodmoon, L50, M|\n|poke|p1|Incineroar, L50, M|\n|poke|p1|Rillaboom, L50, M|\n|poke|p1|Whimsicott, L50, M|\n|poke|p1|Palafin, L50, F|\n|poke|p1|Dragonite, L50, M|\n|poke|p2|Archaludon, L50, F|\n|poke|p2|Pelipper, L50, F|\n|poke|p2|Basculegion, L50, M|\n|poke|p2|Meowscarada, L50, F|\n|poke|p2|Ursaluna, L50, M|\n|poke|p2|Dusclops, L50, M|\n|teampreview|4\n|inactive|Battle timer is ON: inactive players will automatically lose when time's up. (requested by pokequimico)\n|inactive|plyingfress has 60 seconds left.\n|\n|t:|1725991678\n|start\n|switch|p1a: Palafin|Palafin, L50, F|100\/100\n|switch|p1b: Incineroar|Incineroar, L50, M|100\/100\n|switch|p2a: Archaludon|Archaludon, L50, F|100\/100\n|switch|p2b: Basculegion|Basculegion, L50, M|100\/100\n|-ability|p1b: Incineroar|Intimidate|boost\n|-unboost|p2a: Archaludon|atk|1\n|-unboost|p2b: Basculegion|atk|1\n|turn|1\n|inactive|plyingfress has 30 seconds left.\n|\n|t:|1725991704\n|detailschange|p1a: Palafin|Palafin-Hero, L50, F\n|switch|p1a: Ursaluna|Ursaluna-Bloodmoon, L50, M|100\/100\n|switch|p2b: Pelipper|Pelipper, L50, F|100\/100\n|-weather|RainDance|[from] ability: Drizzle|[of] p2b: Pelipper\n|switch|p1b: Whimsicott|Whimsicott, L50, M|100\/100\n|move|p2a: Archaludon|Electro Shot||[still]\n|-prepare|p2a: Archaludon|Electro Shot\n|-boost|p2a: Archaludon|spa|1\n|-anim|p2a: Archaludon|Electro Shot|p1b: Whimsicott\n|-resisted|p1b: Whimsicott\n|-damage|p1b: Whimsicott|48\/100\n|\n|-weather|RainDance|[upkeep]\n|upkeep\n|turn|2\n|j| deadagainagainpoe\n|inactive|plyingfress has 30 seconds left.\n|inactive|plyingfress has 20 seconds left.\n|inactive|plyingfress has 15 seconds left.\n|inactive|plyingfress has 10 seconds left.\n|inactive|plyingfress has 5 seconds left.\n|\n|t:|1725991758\n|-terastallize|p2a: Archaludon|Grass\n|move|p1a: Ursaluna|Protect|p1a: Ursaluna\n|-singleturn|p1a: Ursaluna|Protect\n|move|p1b: Whimsicott|Tailwind|p1b: Whimsicott\n|-sidestart|p1: plyingfress|move: Tailwind\n|move|p2b: Pelipper|Hurricane|p1b: Whimsicott\n|-supereffective|p1b: Whimsicott\n|-damage|p1b: Whimsicott|0 fnt\n|faint|p1b: Whimsicott\n|move|p2a: Archaludon|Draco Meteor|p1a: Ursaluna\n|-activate|p1a: Ursaluna|move: Protect\n|\n|-weather|RainDance|[upkeep]\n|upkeep\n|\n|t:|1725991775\n|switch|p1b: Incineroar|Incineroar, L50, M|100\/100\n|-ability|p1b: Incineroar|Intimidate|boost\n|-unboost|p2a: Archaludon|atk|1\n|-unboost|p2b: Pelipper|atk|1\n|turn|3\n|inactive|plyingfress has 30 seconds left.\n|\n|t:|1725991802\n|switch|p2b: Basculegion|Basculegion, L50, M|100\/100\n|switch|p2a: Meowscarada|Meowscarada, L50, F|100\/100\n|-terastallize|p1a: Ursaluna|Normal\n|move|p1b: Incineroar|Fake Out|p2b: Basculegion\n|-immune|p2b: Basculegion\n|move|p1a: Ursaluna|Blood Moon|p2a: Meowscarada\n|-damage|p2a: Meowscarada|0 fnt\n|faint|p2a: Meowscarada\n|-damage|p1a: Ursaluna|91\/100|[from] item: Life Orb\n|\n|-weather|RainDance|[upkeep]\n|upkeep\n|\n|t:|1725991818\n|switch|p2a: Pelipper|Pelipper, L50, F|100\/100\n|turn|4\n|\n|t:|1725991831\n|move|p1a: Ursaluna|Protect|p1a: Ursaluna\n|-singleturn|p1a: Ursaluna|Protect\n|move|p2a: Pelipper|Wide Guard|p2a: Pelipper\n|-singleturn|p2a: Pelipper|Wide Guard\n|move|p2b: Basculegion|Wave Crash|p1b: Incineroar\n|-supereffective|p1b: Incineroar\n|-damage|p1b: Incineroar|0 fnt\n|faint|p1b: Incineroar\n|-damage|p2b: Basculegion|66\/100|[from] Recoil\n|-damage|p2b: Basculegion|56\/100|[from] item: Life Orb\n|\n|-weather|RainDance|[upkeep]\n|upkeep\n|j| BonoboF\n|\n|t:|1725991834\n|switch|p1b: Palafin|Palafin-Hero, L50, F|100\/100\n|-activate|p1b: Palafin|ability: Zero to Hero\n|turn|5\n|\n|t:|1725991859\n|move|p1b: Palafin|Jet Punch|p2b: Basculegion\n|-resisted|p2b: Basculegion\n|-damage|p2b: Basculegion|8\/100\n|move|p2b: Basculegion|Wave Crash|p1a: Ursaluna\n|-damage|p1a: Ursaluna|0 fnt\n|faint|p1a: Ursaluna\n|-damage|p2b: Basculegion|0 fnt|[from] Recoil\n|faint|p2b: Basculegion\n|move|p2a: Pelipper|Hurricane|p1b: Palafin\n|-damage|p1b: Palafin|47\/100\n|-start|p1b: Palafin|confusion\n|\n|-weather|none\n|-sideend|p1: plyingfress|move: Tailwind\n|upkeep\n|-message|plyingfress forfeited.\n|\n|win|pokequimico\n|raw|plyingfress's rating: 1693 &rarr; <strong>1671<\/strong><br \/>(-22 for losing)\n|raw|pokequimico's rating: 1664 &rarr; <strong>1686<\/strong><br \/>(+22 for winning)\n|l|\u2606plyingfress\n|player|p1|\n|l| BonoboF\n|l|\u2606pokequimico\n|player|p2|\n","uploadtime":1725992063,"views":13,"formatid":"gen9vgc2024regh","rating":1671,"private":0,"password":null}