{"id":"gen9vgc2024regh-2198032731","format":"[Gen 9] VGC 2024 Reg H","players":["crimson_requiem5","Ibrahimovicvgc"],"log":"|j|\u2606crimson_requiem5\n|j|\u2606Ibrahimovicvgc\n|t:|1725909124\n|gametype|doubles\n|player|p1|crimson_requiem5|alder|1679\n|player|p2|Ibrahimovicvgc|1|1741\n|teamsize|p1|6\n|teamsize|p2|6\n|gen|9\n|tier|[Gen 9] VGC 2024 Reg H\n|rated|\n|rule|Species Clause: Limit one of each Pok\u00e9mon\n|rule|Item Clause: Limit 1 of each item\n|clearpoke\n|poke|p1|Ursaluna, L50, M|\n|poke|p1|Pelipper, L50, F|\n|poke|p1|Incineroar, L50, M|\n|poke|p1|Porygon2, L50|\n|poke|p1|Archaludon, L50, M|\n|poke|p1|Amoonguss, L50, M|\n|poke|p2|Gholdengo, L50|\n|poke|p2|Talonflame, L50, F|\n|poke|p2|Dragonite, L50, F|\n|poke|p2|Dondozo, L50, M|\n|poke|p2|Tatsugiri, L50, F|\n|poke|p2|Clodsire, L50, M|\n|teampreview|4\n|inactive|Battle timer is ON: inactive players will automatically lose when time's up. (requested by crimson_requiem5)\n|\n|t:|1725909151\n|start\n|switch|p1a: Pelipper|Pelipper, L50, F, shiny|100\/100\n|switch|p1b: Archaludon|Archaludon, L50, M, shiny|100\/100\n|switch|p2a: Clodsire|Clodsire, L50, M|100\/100\n|switch|p2b: Gholdengo|Gholdengo, L50|100\/100\n|-weather|RainDance|[from] ability: Drizzle|[of] p1a: Pelipper\n|turn|1\n|\n|t:|1725909175\n|-terastallize|p1b: Archaludon|Grass\n|move|p1a: Pelipper|Wide Guard|p1a: Pelipper\n|-singleturn|p1a: Pelipper|Wide Guard\n|move|p2b: Gholdengo|Shadow Ball|p1a: Pelipper\n|-damage|p1a: Pelipper|16\/100\n|move|p1b: Archaludon|Electro Shot||[still]\n|-prepare|p1b: Archaludon|Electro Shot\n|-boost|p1b: Archaludon|spa|1\n|-anim|p1b: Archaludon|Electro Shot|p2b: Gholdengo\n|-damage|p2b: Gholdengo|23\/100\n|move|p2a: Clodsire|High Horsepower|p1b: Archaludon\n|-resisted|p1b: Archaludon\n|-damage|p1b: Archaludon|87\/100\n|-ability|p1b: Archaludon|Stamina|boost\n|-boost|p1b: Archaludon|def|1\n|\n|-weather|RainDance|[upkeep]\n|upkeep\n|turn|2\n|j| lol lol lol blue\n|j| Henristormer99\n|inactive|Ibrahimovicvgc has 30 seconds left.\n|\n|t:|1725909204\n|move|p1a: Pelipper|Protect||[still]\n|-fail|p1a: Pelipper\n|move|p2b: Gholdengo|Shadow Ball|p1a: Pelipper\n|-damage|p1a: Pelipper|0 fnt\n|faint|p1a: Pelipper\n|move|p1b: Archaludon|Electro Shot||[still]\n|-prepare|p1b: Archaludon|Electro Shot\n|-boost|p1b: Archaludon|spa|1\n|-anim|p1b: Archaludon|Electro Shot|p2b: Gholdengo\n|-damage|p2b: Gholdengo|0 fnt\n|faint|p2b: Gholdengo\n|move|p2a: Clodsire|Poison Jab|p1b: Archaludon\n|-supereffective|p1b: Archaludon\n|-damage|p1b: Archaludon|59\/100\n|-ability|p1b: Archaludon|Stamina|boost\n|-boost|p1b: Archaludon|def|1\n|\n|-weather|RainDance|[upkeep]\n|upkeep\n|inactive|Ibrahimovicvgc has 30 seconds left.\n|\n|t:|1725909229\n|switch|p2b: Dondozo|Dondozo, L50, M|100\/100\n|switch|p1a: Amoonguss|Amoonguss, L50, M, shiny|100\/100\n|turn|3\n|inactive|Ibrahimovicvgc has 30 seconds left.\n|j| AnotherWTake\n|inactive|Ibrahimovicvgc has 20 seconds left.\n|\n|t:|1725909265\n|switch|p2a: Tatsugiri|Tatsugiri, L50, F|100\/100\n|-activate|p2a: Tatsugiri|ability: Commander|[of] p2b: Dondozo\n|-boost|p2b: Dondozo|atk|2\n|-boost|p2b: Dondozo|spa|2\n|-boost|p2b: Dondozo|spe|2\n|-boost|p2b: Dondozo|def|2\n|-boost|p2b: Dondozo|spd|2\n|-terastallize|p2b: Dondozo|Grass\n|move|p2b: Dondozo|Earthquake|p1b: Archaludon|[spread] p1a,p1b\n|-miss|p2b: Dondozo|p2a: Tatsugiri\n|-resisted|p1b: Archaludon\n|-damage|p1a: Amoonguss|64\/100\n|-damage|p1b: Archaludon|42\/100\n|-ability|p1b: Archaludon|Stamina|boost\n|-boost|p1b: Archaludon|def|1\n|move|p1b: Archaludon|Electro Shot||[still]\n|-prepare|p1b: Archaludon|Electro Shot\n|-boost|p1b: Archaludon|spa|1\n|-anim|p1b: Archaludon|Electro Shot|p2b: Dondozo\n|-resisted|p2b: Dondozo\n|-crit|p2b: Dondozo\n|-damage|p2b: Dondozo|66\/100\n|move|p1a: Amoonguss|Spore|p2a: Tatsugiri|[miss]\n|-miss|p1a: Amoonguss|p2a: Tatsugiri\n|\n|-weather|RainDance|[upkeep]\n|-heal|p2b: Dondozo|73\/100|[from] item: Leftovers\n|upkeep\n|turn|4\n|j| Moon7777alt2\n|inactive|Ibrahimovicvgc has 30 seconds left.\n|\n|t:|1725909291\n|move|p2b: Dondozo|Wave Crash|p1b: Archaludon\n|-resisted|p1b: Archaludon\n|-damage|p1b: Archaludon|0 fnt\n|faint|p1b: Archaludon\n|-damage|p2b: Dondozo|61\/100|[from] Recoil\n|move|p1a: Amoonguss|Sludge Bomb|p2b: Dondozo\n|-supereffective|p2b: Dondozo\n|-damage|p2b: Dondozo|27\/100\n|\n|-weather|RainDance|[upkeep]\n|-heal|p2b: Dondozo|33\/100|[from] item: Leftovers\n|upkeep\n|\n|t:|1725909298\n|switch|p1b: Ursaluna|Ursaluna, L50, M|100\/100\n|turn|5\n|\n|t:|1725909321\n|move|p2b: Dondozo|Protect|p2b: Dondozo\n|-singleturn|p2b: Dondozo|Protect\n|move|p1b: Ursaluna|Facade|p2b: Dondozo\n|-activate|p2b: Dondozo|move: Protect\n|move|p1a: Amoonguss|Sludge Bomb|p2b: Dondozo\n|-activate|p2b: Dondozo|move: Protect\n|\n|-weather|none\n|-heal|p2b: Dondozo|39\/100|[from] item: Leftovers\n|-status|p1b: Ursaluna|brn|[from] item: Flame Orb\n|upkeep\n|turn|6\n|\n|t:|1725909335\n|move|p1b: Ursaluna|Protect|p1b: Ursaluna\n|-singleturn|p1b: Ursaluna|Protect\n|move|p2b: Dondozo|Wave Crash|p1b: Ursaluna\n|-activate|p1b: Ursaluna|move: Protect\n|move|p1a: Amoonguss|Sludge Bomb|p2b: Dondozo\n|-supereffective|p2b: Dondozo\n|-damage|p2b: Dondozo|4\/100\n|\n|-heal|p2b: Dondozo|11\/100|[from] item: Leftovers\n|-damage|p1b: Ursaluna|95\/100 brn|[from] brn\n|upkeep\n|turn|7\n|\n|t:|1725909346\n|move|p1b: Ursaluna|Protect||[still]\n|-fail|p1b: Ursaluna\n|move|p2b: Dondozo|Wave Crash|p1b: Ursaluna\n|-supereffective|p1b: Ursaluna\n|-damage|p1b: Ursaluna|0 fnt\n|faint|p1b: Ursaluna\n|-damage|p2b: Dondozo|0 fnt|[from] Recoil\n|faint|p2b: Dondozo\n|move|p1a: Amoonguss|Sludge Bomb|p2a: Tatsugiri\n|-damage|p2a: Tatsugiri|61\/100\n|\n|upkeep\n|\n|t:|1725909357\n|switch|p2b: Clodsire|Clodsire, L50, M|100\/100\n|turn|8\n|\n|t:|1725909364\n|move|p1a: Amoonguss|Protect|p1a: Amoonguss\n|-singleturn|p1a: Amoonguss|Protect\n|move|p2a: Tatsugiri|Draco Meteor|p1a: Amoonguss\n|-activate|p1a: Amoonguss|move: Protect\n|move|p2b: Clodsire|Poison Jab|p1a: Amoonguss\n|-activate|p1a: Amoonguss|move: Protect\n|\n|upkeep\n|turn|9\n|j| stickywall\n|\n|t:|1725909374\n|move|p2a: Tatsugiri|Draco Meteor|p1a: Amoonguss\n|-damage|p1a: Amoonguss|4\/100\n|-unboost|p2a: Tatsugiri|spa|2\n|-enditem|p1a: Amoonguss|Sitrus Berry|[eat]\n|-heal|p1a: Amoonguss|29\/100|[from] item: Sitrus Berry\n|move|p2b: Clodsire|Poison Jab|p1a: Amoonguss\n|-damage|p1a: Amoonguss|6\/100\n|move|p1a: Amoonguss|Spore|p2a: Tatsugiri\n|-status|p2a: Tatsugiri|slp|[from] move: Spore\n|\n|upkeep\n|turn|10\n|\n|t:|1725909387\n|cant|p2a: Tatsugiri|slp\n|move|p2b: Clodsire|Poison Jab|p1a: Amoonguss\n|-damage|p1a: Amoonguss|0 fnt\n|faint|p1a: Amoonguss\n|\n|win|Ibrahimovicvgc\n|raw|crimson_requiem5's rating: 1679 &rarr; <strong>1663<\/strong><br \/>(-16 for losing)\n|raw|Ibrahimovicvgc's rating: 1741 &rarr; <strong>1757<\/strong><br \/>(+16 for winning)\n|c|\u2606crimson_requiem5|gg\n|l|\u2606crimson_requiem5\n|player|p1|\n|l| AnotherWTake\n|l| Moon7777alt2\n","uploadtime":1725909571,"views":27,"formatid":"gen9vgc2024regh","rating":1663,"private":0,"password":null}