{"id":"gen9vgc2024regh-2198816140","format":"[Gen 9] VGC 2024 Reg H","players":["Tempest Flute","Smible"],"log":"|j|\u2606Tempest Flute\n|j|\u2606Smible\n|t:|1725999506\n|gametype|doubles\n|player|p1|Tempest Flute|magmasuit|1743\n|player|p2|Smible|caitlin|1691\n|teamsize|p1|6\n|teamsize|p2|6\n|gen|9\n|tier|[Gen 9] VGC 2024 Reg H\n|rated|\n|rule|Species Clause: Limit one of each Pok\u00e9mon\n|rule|Item Clause: Limit 1 of each item\n|clearpoke\n|poke|p1|Murkrow, L50, M|\n|poke|p1|Gholdengo, L50|\n|poke|p1|Sneasler, L50, M|\n|poke|p1|Indeedee, L50, M|\n|poke|p1|Garchomp, L50, M|\n|poke|p1|Typhlosion-Hisui, L50, M|\n|poke|p2|Whimsicott, L50, F|\n|poke|p2|Salamence, L50, F|\n|poke|p2|Typhlosion-Hisui, L50, F|\n|poke|p2|Sneasler, L50, F|\n|poke|p2|Rillaboom, L50, F|\n|poke|p2|Kingambit, L50, F|\n|teampreview|4\n|inactive|Battle timer is ON: inactive players will automatically lose when time's up. (requested by Smible)\n|inactive|Tempest Flute also wants the timer to be on.\n|inactive|Tempest Flute has 60 seconds left.\n|inactive|Smible has 60 seconds left.\n|j| YSE-Mill\n|\n|t:|1725999563\n|start\n|switch|p1a: Her Cat|Typhlosion-Hisui, L50, M, shiny|100\/100\n|switch|p1b: You|Murkrow, L50, M, shiny|100\/100\n|switch|p2a: Salamence|Salamence, L50, F, shiny|100\/100\n|switch|p2b: Whimsicott|Whimsicott, L50, F, shiny|100\/100\n|-ability|p2a: Salamence|Intimidate|boost\n|-unboost|p1a: Her Cat|atk|1\n|-unboost|p1b: You|atk|1\n|turn|1\n|inactive|Tempest Flute has 30 seconds left.\n|\n|t:|1725999595\n|move|p2a: Salamence|Protect|p2a: Salamence\n|-singleturn|p2a: Salamence|Protect\n|move|p1b: You|Tailwind|p1b: You\n|-sidestart|p1: Tempest Flute|move: Tailwind\n|move|p1a: Her Cat|Eruption|p2a: Salamence|[spread] p2b\n|-activate|p2a: Salamence|move: Protect\n|-supereffective|p2b: Whimsicott\n|-enditem|p2b: Whimsicott|Focus Sash\n|-damage|p2b: Whimsicott|1\/100\n|-damage|p1a: Her Cat|91\/100|[from] item: Life Orb\n|move|p2b: Whimsicott|Moonblast|p1b: You\n|-supereffective|p1b: You\n|-damage|p1b: You|32\/100\n|-unboost|p1b: You|spa|1\n|\n|upkeep\n|turn|2\n|inactive|Tempest Flute has 30 seconds left.\n|\n|t:|1725999622\n|move|p2b: Whimsicott|Tailwind|p2b: Whimsicott\n|-sidestart|p2: Smible|move: Tailwind\n|move|p2a: Salamence|Focus Energy|p2a: Salamence\n|-start|p2a: Salamence|move: Focus Energy\n|move|p1a: Her Cat|Eruption|p2a: Salamence|[spread] p2a,p2b\n|-resisted|p2a: Salamence\n|-supereffective|p2b: Whimsicott\n|-damage|p2a: Salamence|59\/100\n|-damage|p2b: Whimsicott|0 fnt\n|faint|p2b: Whimsicott\n|-damage|p1a: Her Cat|82\/100|[from] item: Life Orb\n|move|p1b: You|Foul Play|p2a: Salamence\n|-damage|p2a: Salamence|17\/100\n|\n|upkeep\n|\n|t:|1725999638\n|switch|p2b: Rillaboom|Rillaboom, L50, F|100\/100\n|-fieldstart|move: Grassy Terrain|[from] ability: Grassy Surge|[of] p2b: Rillaboom\n|turn|3\n|\n|t:|1725999660\n|move|p1a: Her Cat|Protect|p1a: Her Cat\n|-singleturn|p1a: Her Cat|Protect\n|move|p2a: Salamence|Draco Meteor|p1a: Her Cat\n|-activate|p1a: Her Cat|move: Protect\n|move|p1b: You|Foul Play|p2a: Salamence\n|-damage|p2a: Salamence|0 fnt\n|faint|p2a: Salamence\n|move|p2b: Rillaboom|U-turn|p1b: You\n|-damage|p1b: You|4\/100\n|\n|t:|1725999669\n|switch|p2b: Sneasler|Sneasler, L50, F, shiny|100\/100|[from] U-turn\n|-enditem|p2b: Sneasler|Grassy Seed\n|-boost|p2b: Sneasler|def|1|[from] item: Grassy Seed\n|\n|-heal|p1a: Her Cat|88\/100|[from] Grassy Terrain\n|upkeep\n|\n|t:|1725999675\n|switch|p2a: Rillaboom|Rillaboom, L50, F|100\/100\n|turn|4\n|inactive|Tempest Flute has 30 seconds left.\n|\n|t:|1725999710\n|switch|p1b: Her Bf|Sneasler, L50, M, shiny|100\/100\n|-terastallize|p2b: Sneasler|Stellar\n|move|p2b: Sneasler|Throat Chop|p1a: Her Cat\n|-supereffective|p1a: Her Cat\n|-damage|p1a: Her Cat|0 fnt\n|faint|p1a: Her Cat\n|move|p2a: Rillaboom|Wood Hammer|p1b: Her Bf\n|-resisted|p1b: Her Bf\n|-damage|p1b: Her Bf|30\/100\n|-damage|p2a: Rillaboom|83\/100|[from] Recoil\n|\n|-heal|p1b: Her Bf|36\/100|[from] Grassy Terrain\n|-heal|p2a: Rillaboom|89\/100|[from] Grassy Terrain\n|-sideend|p1: Tempest Flute|move: Tailwind\n|upkeep\n|inactive|Tempest Flute has 30 seconds left.\n|\n|t:|1725999738\n|switch|p1a: Her Stepbrother|Indeedee, L50, M, shiny|100\/100\n|-fieldstart|move: Psychic Terrain|[from] ability: Psychic Surge|[of] p1a: Her Stepbrother\n|-enditem|p1b: Her Bf|Psychic Seed\n|-boost|p1b: Her Bf|spd|1|[from] item: Psychic Seed\n|turn|5\n|inactive|Tempest Flute has 30 seconds left.\n|\n|t:|1725999765\n|move|p2b: Sneasler|Close Combat|p1a: Her Stepbrother\n|-enditem|p1a: Her Stepbrother|Focus Sash\n|-damage|p1a: Her Stepbrother|1\/100\n|-unboost|p2b: Sneasler|def|1\n|-unboost|p2b: Sneasler|spd|1\n|move|p1b: Her Bf|Dire Claw|p2a: Rillaboom\n|-supereffective|p2a: Rillaboom\n|-damage|p2a: Rillaboom|6\/100\n|move|p2a: Rillaboom|Wood Hammer|p1a: Her Stepbrother\n|-damage|p1a: Her Stepbrother|0 fnt\n|faint|p1a: Her Stepbrother\n|-damage|p2a: Rillaboom|6\/100|[from] Recoil\n|\n|-sideend|p2: Smible|move: Tailwind\n|upkeep\n|\n|t:|1725999775\n|switch|p1a: You|Murkrow, L50, M, shiny|4\/100\n|turn|6\n|inactive|Tempest Flute has 30 seconds left.\n|inactive|Tempest Flute has 20 seconds left.\n|inactive|Tempest Flute has 15 seconds left.\n|\n|t:|1725999817\n|move|p1b: Her Bf|Protect|p1b: Her Bf\n|-singleturn|p1b: Her Bf|Protect\n|move|p2b: Sneasler|Dire Claw|p1b: Her Bf\n|-activate|p1b: Her Bf|move: Protect\n|move|p1a: You|Foul Play|p2a: Rillaboom\n|-damage|p2a: Rillaboom|0 fnt\n|faint|p2a: Rillaboom\n|\n|upkeep\n|turn|7\n|\n|t:|1725999840\n|move|p1b: Her Bf|Close Combat|p2b: Sneasler\n|-resisted|p2b: Sneasler\n|-damage|p2b: Sneasler|49\/100\n|-unboost|p1b: Her Bf|def|1\n|-unboost|p1b: Her Bf|spd|1\n|move|p2b: Sneasler|Dire Claw|p1b: Her Bf\n|-resisted|p1b: Her Bf\n|-damage|p1b: Her Bf|0 fnt\n|faint|p1b: Her Bf\n|move|p1a: You|Foul Play|p2b: Sneasler\n|-resisted|p2b: Sneasler\n|-damage|p2b: Sneasler|9\/100\n|\n|upkeep\n|turn|8\n|\n|t:|1725999854\n|move|p2b: Sneasler|Close Combat|p1a: You\n|-damage|p1a: You|0 fnt\n|-unboost|p2b: Sneasler|def|1\n|-unboost|p2b: Sneasler|spd|1\n|faint|p1a: You\n|\n|win|Smible\n|raw|Tempest Flute's rating: 1743 &rarr; <strong>1720<\/strong><br \/>(-23 for losing)\n|raw|Smible's rating: 1691 &rarr; <strong>1714<\/strong><br \/>(+23 for winning)\n|l|\u2606Smible\n|player|p2|\n|l|\u2606Tempest Flute\n|player|p1|\n","uploadtime":1726000091,"views":30,"formatid":"gen9vgc2024regh","rating":1714,"private":0,"password":null}