{"id":"gen9vgc2024regh-2198355182","format":"[Gen 9] VGC 2024 Reg H","players":["falcon108","yung elmers glue"],"log":"|j|\u2606falcon108\n|j|\u2606yung elmers glue\n|t:|1725946130\n|gametype|doubles\n|player|p1|falcon108|palmer|1671\n|player|p2|yung elmers glue|juan|1781\n|teamsize|p1|6\n|teamsize|p2|6\n|gen|9\n|tier|[Gen 9] VGC 2024 Reg H\n|rated|\n|rule|Species Clause: Limit one of each Pok\u00e9mon\n|rule|Item Clause: Limit 1 of each item\n|clearpoke\n|poke|p1|Whimsicott, L50, F|\n|poke|p1|Ursaluna-Bloodmoon, L50, M|\n|poke|p1|Arcanine-Hisui, L50, M|\n|poke|p1|Tyranitar, L50, M|\n|poke|p1|Gholdengo, L50|\n|poke|p1|Amoonguss, L50, F|\n|poke|p2|Dondozo, L50, F|\n|poke|p2|Tatsugiri, L50, M|\n|poke|p2|Archaludon, L50, M|\n|poke|p2|Talonflame, L50, M|\n|poke|p2|Dragonite, L50, M|\n|poke|p2|Glimmora, L50, F|\n|teampreview|4\n|inactive|Battle timer is ON: inactive players will automatically lose when time's up. (requested by falcon108)\n|\n|t:|1725946147\n|start\n|switch|p1a: Arcanine|Arcanine-Hisui, L50, M|100\/100\n|switch|p1b: Whimsicott|Whimsicott, L50, F, shiny|100\/100\n|switch|p2a: Talonflame|Talonflame, L50, M|100\/100\n|switch|p2b: Glimmora|Glimmora, L50, F|100\/100\n|-ability|p1a: Arcanine|Intimidate|boost\n|-unboost|p2a: Talonflame|atk|1\n|-unboost|p2b: Glimmora|atk|1\n|turn|1\n|\n|t:|1725946159\n|switch|p1b: Gholdengo|Gholdengo, L50, shiny|100\/100\n|move|p2a: Talonflame|Tailwind|p2a: Talonflame\n|-sidestart|p2: yung elmers glue|move: Tailwind\n|move|p2b: Glimmora|Sludge Bomb|p1b: Gholdengo\n|-immune|p1b: Gholdengo\n|move|p1a: Arcanine|Rock Slide|p2a: Talonflame|[spread] p2a,p2b\n|-supereffective|p2a: Talonflame\n|-crit|p2a: Talonflame\n|-damage|p2a: Talonflame|0 fnt\n|-damage|p2b: Glimmora|51\/100\n|-activate|p2b: Glimmora|ability: Toxic Debris\n|-sidestart|p1: falcon108|move: Toxic Spikes\n|faint|p2a: Talonflame\n|\n|upkeep\n|\n|t:|1725946167\n|switch|p2a: Archaludon|Archaludon, L50, M|100\/100\n|turn|2\n|j| sprocke123\n|inactive|falcon108 has 30 seconds left.\n|inactive|falcon108 has 20 seconds left.\n|\n|t:|1725946204\n|switch|p1a: Amoonguss|Amoonguss, L50, F, shiny|100\/100\n|-sideend|p1: falcon108|move: Toxic Spikes|[of] p1a: Amoonguss\n|-terastallize|p2a: Archaludon|Stellar\n|move|p1b: Gholdengo|Protect|p1b: Gholdengo\n|-singleturn|p1b: Gholdengo|Protect\n|move|p2b: Glimmora|Earth Power|p1a: Amoonguss\n|-damage|p1a: Amoonguss|75\/100\n|move|p2a: Archaludon|Electro Shot||[still]\n|-prepare|p2a: Archaludon|Electro Shot\n|-boost|p2a: Archaludon|spa|1\n|-enditem|p2a: Archaludon|Power Herb\n|-anim|p2a: Archaludon|Electro Shot|p1b: Gholdengo\n|-activate|p1b: Gholdengo|move: Protect\n|\n|upkeep\n|turn|3\n|j| wickedthunder\n|inactive|falcon108 has 30 seconds left.\n|inactive|falcon108 has 20 seconds left.\n|inactive|falcon108 has 15 seconds left.\n|\n|t:|1725946246\n|move|p2a: Archaludon|Protect|p2a: Archaludon\n|-singleturn|p2a: Archaludon|Protect\n|move|p1a: Amoonguss|Rage Powder|p1a: Amoonguss\n|-singleturn|p1a: Amoonguss|move: Rage Powder\n|move|p2b: Glimmora|Earth Power|p1a: Amoonguss\n|-damage|p1a: Amoonguss|46\/100\n|-enditem|p1a: Amoonguss|Sitrus Berry|[eat]\n|-heal|p1a: Amoonguss|71\/100|[from] item: Sitrus Berry\n|move|p1b: Gholdengo|Make It Rain|p2b: Glimmora|[spread] p2b\n|-activate|p2a: Archaludon|move: Protect\n|-supereffective|p2b: Glimmora\n|-damage|p2b: Glimmora|0 fnt\n|-unboost|p1b: Gholdengo|spa|1\n|faint|p2b: Glimmora\n|\n|upkeep\n|\n|t:|1725946257\n|switch|p2b: Dragonite|Dragonite, L50, M|100\/100\n|turn|4\n|j| stewpeed\n|\n|t:|1725946267\n|switch|p1b: Whimsicott|Whimsicott, L50, F, shiny|100\/100\n|-terastallize|p1a: Amoonguss|Fairy\n|move|p2a: Archaludon|Draco Meteor|p1a: Amoonguss\n|-immune|p1a: Amoonguss\n|move|p2b: Dragonite|Stomping Tantrum|p1b: Whimsicott\n|-resisted|p1b: Whimsicott\n|-damage|p1b: Whimsicott|80\/100\n|move|p1a: Amoonguss|Spore|p2a: Archaludon\n|-status|p2a: Archaludon|slp|[from] move: Spore\n|\n|-sideend|p2: yung elmers glue|move: Tailwind\n|upkeep\n|turn|5\n|-message|yung elmers glue forfeited.\n|\n|win|falcon108\n|raw|falcon108's rating: 1671 &rarr; <strong>1697<\/strong><br \/>(+26 for winning)\n|raw|yung elmers glue's rating: 1781 &rarr; <strong>1755<\/strong><br \/>(-26 for losing)\n|l|\u2606yung elmers glue\n|player|p2|\n|l| sprocke123\n|l| stewpeed\n","uploadtime":1725946333,"views":18,"formatid":"gen9vgc2024regh","rating":1697,"private":0,"password":null}