{"id":"gen9vgc2024regh-2198283577","format":"[Gen 9] VGC 2024 Reg H","players":["Joe Sheboygan","very demure"],"log":"|j|\u2606Joe Sheboygan\n|j|\u2606very demure\n|t:|1725935615\n|gametype|doubles\n|player|p1|Joe Sheboygan|red|1723\n|player|p2|very demure|roxanne-masters|1747\n|teamsize|p1|6\n|teamsize|p2|6\n|gen|9\n|tier|[Gen 9] VGC 2024 Reg H\n|rated|\n|rule|Species Clause: Limit one of each Pok\u00e9mon\n|rule|Item Clause: Limit 1 of each item\n|clearpoke\n|poke|p1|Gholdengo, L50|\n|poke|p1|Tyranitar, L50, F|\n|poke|p1|Rillaboom, L50, M|\n|poke|p1|Primarina, L50, F|\n|poke|p1|Talonflame, L50, F|\n|poke|p1|Electabuzz, L50, M|\n|poke|p2|Primarina, L50, F|\n|poke|p2|Kingambit, L50, M|\n|poke|p2|Rillaboom, L50, M|\n|poke|p2|Sneasler, L50, F|\n|poke|p2|Clefable, L50, M|\n|poke|p2|Volcarona, L50, F|\n|teampreview|4\n|\n|t:|1725935656\n|start\n|switch|p1a: Tyranitar|Tyranitar, L50, F|100\/100\n|switch|p1b: Talonflame|Talonflame, L50, F|100\/100\n|switch|p2a: Kingambit|Kingambit, L50, M|100\/100\n|switch|p2b: Sneasler|Sneasler, L50, F|100\/100\n|-weather|Sandstorm|[from] ability: Sand Stream|[of] p1a: Tyranitar\n|turn|1\n|\n|t:|1725935684\n|switch|p1a: Gholdengo|Gholdengo, L50|100\/100\n|switch|p2a: Primarina|Primarina, L50, F|100\/100\n|-terastallize|p1b: Talonflame|Ghost\n|move|p1b: Talonflame|Will-O-Wisp|p2a: Primarina\n|-status|p2a: Primarina|brn\n|move|p2b: Sneasler|Close Combat|p1a: Gholdengo\n|-immune|p1a: Gholdengo\n|\n|-weather|Sandstorm|[upkeep]\n|-damage|p1b: Talonflame|95\/100|[from] Sandstorm\n|-damage|p2b: Sneasler|95\/100|[from] Sandstorm\n|-damage|p2a: Primarina|95\/100 brn|[from] Sandstorm\n|-damage|p2a: Primarina|89\/100 brn|[from] brn\n|upkeep\n|turn|2\n|\n|t:|1725935708\n|move|p1b: Talonflame|Brave Bird|p2b: Sneasler\n|-supereffective|p2b: Sneasler\n|-damage|p2b: Sneasler|0 fnt\n|faint|p2b: Sneasler\n|-damage|p1b: Talonflame|63\/100|[from] Recoil\n|move|p1a: Gholdengo|Nasty Plot|p1a: Gholdengo\n|-boost|p1a: Gholdengo|spa|2\n|move|p2a: Primarina|Hyper Voice|p1a: Gholdengo|[spread] p1a,p1b\n|-damage|p1a: Gholdengo|48\/100\n|-damage|p1b: Talonflame|0 fnt\n|faint|p1b: Talonflame\n|-damage|p2a: Primarina|79\/100 brn|[from] item: Life Orb\n|\n|-weather|Sandstorm|[upkeep]\n|-damage|p2a: Primarina|73\/100 brn|[from] Sandstorm\n|-damage|p2a: Primarina|67\/100 brn|[from] brn\n|upkeep\n|\n|t:|1725935731\n|switch|p1b: Primarina|Primarina, L50, F|100\/100\n|switch|p2b: Kingambit|Kingambit, L50, M|100\/100\n|turn|3\n|\n|t:|1725935746\n|move|p1a: Gholdengo|Protect|p1a: Gholdengo\n|-singleturn|p1a: Gholdengo|Protect\n|move|p2b: Kingambit|Sucker Punch||[still]\n|-fail|p2b: Kingambit\n|move|p2a: Primarina|Moonblast|p1b: Primarina\n|-damage|p1b: Primarina|46\/100\n|-damage|p2a: Primarina|58\/100 brn|[from] item: Life Orb\n|move|p1b: Primarina|Hyper Voice|p2b: Kingambit|[spread] p2a,p2b\n|-resisted|p2a: Primarina\n|-damage|p2a: Primarina|45\/100 brn\n|-damage|p2b: Kingambit|66\/100\n|-enditem|p1b: Primarina|Throat Spray\n|-boost|p1b: Primarina|spa|1|[from] item: Throat Spray\n|\n|-weather|Sandstorm|[upkeep]\n|-damage|p2a: Primarina|39\/100 brn|[from] Sandstorm\n|-damage|p1b: Primarina|40\/100|[from] Sandstorm\n|-damage|p2a: Primarina|33\/100 brn|[from] brn\n|upkeep\n|turn|4\n|\n|t:|1725935767\n|switch|p1a: Tyranitar|Tyranitar, L50, F|100\/100\n|move|p1b: Primarina|Protect|p1b: Primarina\n|-singleturn|p1b: Primarina|Protect\n|move|p2b: Kingambit|Sucker Punch||[still]\n|-fail|p2b: Kingambit\n|move|p2a: Primarina|Moonblast|p1b: Primarina\n|-activate|p1b: Primarina|move: Protect\n|\n|-weather|Sandstorm|[upkeep]\n|-damage|p2a: Primarina|27\/100 brn|[from] Sandstorm\n|-damage|p1b: Primarina|34\/100|[from] Sandstorm\n|-damage|p2a: Primarina|21\/100 brn|[from] brn\n|upkeep\n|turn|5\n|\n|t:|1725935778\n|move|p2b: Kingambit|Protect|p2b: Kingambit\n|-singleturn|p2b: Kingambit|Protect\n|move|p1a: Tyranitar|Low Kick|p2b: Kingambit\n|-activate|p2b: Kingambit|move: Protect\n|move|p2a: Primarina|Hyper Voice|p1a: Tyranitar|[spread] p1a,p1b\n|-supereffective|p1a: Tyranitar\n|-resisted|p1b: Primarina\n|-damage|p1a: Tyranitar|65\/100\n|-damage|p1b: Primarina|16\/100\n|-damage|p2a: Primarina|12\/100 brn|[from] item: Life Orb\n|move|p1b: Primarina|Moonblast|p2a: Primarina\n|-damage|p2a: Primarina|0 fnt\n|faint|p2a: Primarina\n|\n|-weather|none\n|upkeep\n|\n|t:|1725935787\n|switch|p2a: Rillaboom|Rillaboom, L50, M|100\/100\n|-fieldstart|move: Grassy Terrain|[from] ability: Grassy Surge|[of] p2a: Rillaboom\n|turn|6\n|\n|t:|1725935836\n|move|p2a: Rillaboom|Fake Out|p1a: Tyranitar\n|-resisted|p1a: Tyranitar\n|-damage|p1a: Tyranitar|59\/100\n|move|p2b: Kingambit|Sucker Punch|p1b: Primarina\n|-resisted|p1b: Primarina\n|-damage|p1b: Primarina|0 fnt\n|faint|p1b: Primarina\n|cant|p1a: Tyranitar|flinch\n|\n|-heal|p1a: Tyranitar|65\/100|[from] Grassy Terrain\n|-heal|p2b: Kingambit|72\/100|[from] Grassy Terrain\n|upkeep\n|\n|t:|1725935839\n|switch|p1b: Gholdengo|Gholdengo, L50|48\/100\n|turn|7\n|\n|t:|1725935845\n|move|p2b: Kingambit|Protect|p2b: Kingambit\n|-singleturn|p2b: Kingambit|Protect\n|move|p1b: Gholdengo|Nasty Plot|p1b: Gholdengo\n|-boost|p1b: Gholdengo|spa|2\n|move|p2a: Rillaboom|Wood Hammer|p1a: Tyranitar\n|-supereffective|p1a: Tyranitar\n|-damage|p1a: Tyranitar|0 fnt\n|faint|p1a: Tyranitar\n|-damage|p2a: Rillaboom|82\/100|[from] Recoil\n|\n|-heal|p1b: Gholdengo|54\/100|[from] Grassy Terrain\n|-heal|p2a: Rillaboom|87\/100|[from] Grassy Terrain\n|-heal|p2b: Kingambit|77\/100|[from] Grassy Terrain\n|upkeep\n|turn|8\n|\n|t:|1725935857\n|-terastallize|p2a: Rillaboom|Fire\n|move|p1b: Gholdengo|Protect|p1b: Gholdengo\n|-singleturn|p1b: Gholdengo|Protect\n|move|p2b: Kingambit|Sucker Punch||[still]\n|-fail|p2b: Kingambit\n|move|p2a: Rillaboom|Wood Hammer|p1b: Gholdengo\n|-activate|p1b: Gholdengo|move: Protect\n|\n|-heal|p1b: Gholdengo|60\/100|[from] Grassy Terrain\n|-heal|p2a: Rillaboom|93\/100|[from] Grassy Terrain\n|-heal|p2b: Kingambit|83\/100|[from] Grassy Terrain\n|upkeep\n|turn|9\n|\n|t:|1725935861\n|move|p2b: Kingambit|Sucker Punch||[still]\n|-fail|p2b: Kingambit\n|move|p1b: Gholdengo|Nasty Plot|p1b: Gholdengo\n|-boost|p1b: Gholdengo|spa|2\n|move|p2a: Rillaboom|Wood Hammer|p1b: Gholdengo\n|-resisted|p1b: Gholdengo\n|-crit|p1b: Gholdengo\n|-damage|p1b: Gholdengo|0 fnt\n|faint|p1b: Gholdengo\n|-damage|p2a: Rillaboom|78\/100|[from] Recoil\n|\n|win|very demure\n|raw|Joe Sheboygan's rating: 1723 &rarr; <strong>1704<\/strong><br \/>(-19 for losing)\n|raw|very demure's rating: 1747 &rarr; <strong>1766<\/strong><br \/>(+19 for winning)\n|l|\u2606very demure\n|player|p2|\n|l|\u2606Joe Sheboygan\n|player|p1|\n","uploadtime":1725936118,"views":33,"formatid":"gen9vgc2024regh","rating":1704,"private":0,"password":null}