{"id":"gen9vgc2024regh-2198050595","format":"[Gen 9] VGC 2024 Reg H","players":["bwahacough","Tempest Flute"],"log":"|j|\u2606bwahacough\n|j|\u2606Tempest Flute\n|t:|1725910710\n|gametype|doubles\n|player|p1|bwahacough|medium|1767\n|player|p2|Tempest Flute|magmasuit|1781\n|teamsize|p1|6\n|teamsize|p2|6\n|gen|9\n|tier|[Gen 9] VGC 2024 Reg H\n|rated|\n|rule|Species Clause: Limit one of each Pok\u00e9mon\n|rule|Item Clause: Limit 1 of each item\n|clearpoke\n|poke|p1|Lycanroc-Dusk, L50, M|\n|poke|p1|Clefable, L50, M|\n|poke|p1|Rillaboom, L50, F|\n|poke|p1|Tauros-Paldea-Aqua, L50, M|\n|poke|p1|Talonflame, L50, M|\n|poke|p1|Gholdengo, L50|\n|poke|p2|Gholdengo, L50|\n|poke|p2|Sneasler, L50, M|\n|poke|p2|Indeedee, L50, M|\n|poke|p2|Garchomp, L50, M|\n|poke|p2|Typhlosion-Hisui, L50, M|\n|poke|p2|Murkrow, L50, M|\n|teampreview|4\n|inactive|Battle timer is ON: inactive players will automatically lose when time's up. (requested by Tempest Flute)\n|j| WAAWE!\n|j| Henristormer99\n|inactive|Tempest Flute has 60 seconds left.\n|inactive|Tempest Flute has 30 seconds left.\nbwahacough has agreed to open team sheets.\n|\n|t:|1725910772\n|start\n|switch|p1a: Tauros|Tauros-Paldea-Aqua, L50, M, shiny|100\/100\n|switch|p1b: Gholdengo|Gholdengo, L50, shiny|100\/100\n|switch|p2a: Her Father|Garchomp, L50, M, shiny|100\/100\n|switch|p2b: You|Murkrow, L50, M, shiny|100\/100\n|-ability|p1a: Tauros|Intimidate|boost\n|-fail|p2a: Her Father|unboost|[from] item: Clear Amulet|[of] p2a: Her Father\n|-unboost|p2b: You|atk|1\n|turn|1\n|j| mr pogostick\n|\n|t:|1725910785\n|switch|p1a: Rillaboom|Rillaboom, L50, F|100\/100\n|-fieldstart|move: Grassy Terrain|[from] ability: Grassy Surge|[of] p1a: Rillaboom\n|-terastallize|p1b: Gholdengo|Steel\n|move|p2b: You|Tailwind|p2b: You\n|-sidestart|p2: Tempest Flute|move: Tailwind\n|move|p2a: Her Father|Stomping Tantrum|p1b: Gholdengo\n|-supereffective|p1b: Gholdengo\n|-damage|p1b: Gholdengo|0 fnt\n|faint|p1b: Gholdengo\n|\n|upkeep\n|\n|t:|1725910797\n|switch|p1b: Tauros|Tauros-Paldea-Aqua, L50, M, shiny|100\/100\n|-ability|p1b: Tauros|Intimidate|boost\n|-fail|p2a: Her Father|unboost|[from] item: Clear Amulet|[of] p2a: Her Father\n|-unboost|p2b: You|atk|1\n|turn|2\n|\n|t:|1725910809\n|move|p2a: Her Father|Protect|p2a: Her Father\n|-singleturn|p2a: Her Father|Protect\n|move|p1a: Rillaboom|Fake Out|p2b: You\n|-damage|p2b: You|86\/100\n|cant|p2b: You|flinch\n|move|p1b: Tauros|Wave Crash|p2b: You\n|-damage|p2b: You|5\/100\n|-damage|p1b: Tauros|74\/100|[from] Recoil\n|-damage|p1b: Tauros|64\/100|[from] item: Life Orb\n|\n|-heal|p1b: Tauros|70\/100|[from] Grassy Terrain\n|upkeep\n|turn|3\n|j| lol lol lol blue\n|j| practice bee\n|\n|t:|1725910825\n|move|p1a: Rillaboom|Grassy Glide|p2b: You\n|-resisted|p2b: You\n|-damage|p2b: You|0 fnt\n|faint|p2b: You\n|move|p2a: Her Father|Dragon Claw|p1b: Tauros\n|-damage|p1b: Tauros|26\/100\n|move|p1b: Tauros|Wave Crash|p2a: Her Father\n|-damage|p2a: Her Father|13\/100\n|-damage|p1b: Tauros|14\/100|[from] ability: Rough Skin|[of] p2a: Her Father\n|-damage|p1b: Tauros|0 fnt|[from] Recoil\n|faint|p1b: Tauros\n|\n|-heal|p2a: Her Father|19\/100|[from] Grassy Terrain\n|upkeep\n|\n|t:|1725910838\n|switch|p1b: Lycanroc|Lycanroc-Dusk, L50, M|100\/100\n|switch|p2b: Her Stepbrother|Indeedee, L50, M, shiny|100\/100\n|-fieldstart|move: Psychic Terrain|[from] ability: Psychic Surge|[of] p2b: Her Stepbrother\n|turn|4\n|\n|t:|1725910853\n|-terastallize|p2b: Her Stepbrother|Psychic\n|move|p1b: Lycanroc|Protect|p1b: Lycanroc\n|-singleturn|p1b: Lycanroc|Protect\n|move|p2a: Her Father|Dragon Claw|p1a: Rillaboom\n|-damage|p1a: Rillaboom|58\/100\n|move|p2b: Her Stepbrother|Expanding Force|p1b: Lycanroc|[spread] p1a\n|-activate|p1b: Lycanroc|move: Protect\n|-damage|p1a: Rillaboom|5\/100\n|move|p1a: Rillaboom|U-turn|p2b: Her Stepbrother\n|-supereffective|p2b: Her Stepbrother\n|-damage|p2b: Her Stepbrother|4\/100\n|\n|-sideend|p2: Tempest Flute|move: Tailwind\n|upkeep\n|turn|5\n|\n|t:|1725910871\n|move|p1b: Lycanroc|Rock Slide|p2b: Her Stepbrother|[spread] p2a,p2b\n|-resisted|p2a: Her Father\n|-damage|p2a: Her Father|5\/100\n|-damage|p2b: Her Stepbrother|0 fnt\n|faint|p2b: Her Stepbrother\n|move|p2a: Her Father|Rock Slide|p1b: Lycanroc|[spread] p1a,p1b\n|-damage|p1a: Rillaboom|0 fnt\n|-damage|p1b: Lycanroc|63\/100\n|faint|p1a: Rillaboom\n|\n|upkeep\n|\n|t:|1725910874\n|switch|p2b: Her Bf|Sneasler, L50, M, shiny|100\/100\n|-enditem|p2b: Her Bf|Psychic Seed\n|-boost|p2b: Her Bf|spd|1|[from] item: Psychic Seed\n|turn|6\n|l| Henristormer99\n|\n|t:|1725910897\n|move|p2b: Her Bf|Close Combat|p1b: Lycanroc\n|-supereffective|p1b: Lycanroc\n|-crit|p1b: Lycanroc\n|-damage|p1b: Lycanroc|0 fnt\n|-unboost|p2b: Her Bf|def|1\n|-unboost|p2b: Her Bf|spd|1\n|faint|p1b: Lycanroc\n|\n|win|Tempest Flute\n|raw|bwahacough's rating: 1767 &rarr; <strong>1748<\/strong><br \/>(-19 for losing)\n|raw|Tempest Flute's rating: 1781 &rarr; <strong>1800<\/strong><br \/>(+19 for winning)\n|l| lol lol lol blue\n|c|\u2606Tempest Flute|gg goat\n|l|\u2606bwahacough\n|player|p1|\n","uploadtime":1725910901,"views":126,"formatid":"gen9vgc2024regh","rating":1748,"private":0,"password":null}