{"id":"gen9vgc2024regh-2198123112","format":"[Gen 9] VGC 2024 Reg H","players":["reg g rock","bwahacough"],"log":"|j|\u2606reg g rock\n|j|\u2606bwahacough\n|t:|1725917611\n|gametype|doubles\n|player|p1|reg g rock|grusha|1652\n|player|p2|bwahacough|medium|1788\n|teamsize|p1|6\n|teamsize|p2|6\n|gen|9\n|tier|[Gen 9] VGC 2024 Reg H\n|rated|\n|rule|Species Clause: Limit one of each Pok\u00e9mon\n|rule|Item Clause: Limit 1 of each item\n|clearpoke\n|poke|p1|Gholdengo, L50|\n|poke|p1|Perrserker, L50, M|\n|poke|p1|Talonflame, L50, F|\n|poke|p1|Rillaboom, L50, F|\n|poke|p1|Hydreigon, L50, F|\n|poke|p1|Tauros-Paldea-Aqua, L50, M|\n|poke|p2|Lycanroc, L50, M|\n|poke|p2|Tyranitar, L50, F|\n|poke|p2|Indeedee-F, L50, F|\n|poke|p2|Murkrow, L50, M|\n|poke|p2|Garchomp, L50, M|\n|poke|p2|Gholdengo, L50|\n|teampreview|4\n|inactive|Battle timer is ON: inactive players will automatically lose when time's up. (requested by reg g rock)\n|inactive|reg g rock has 60 seconds left.\n|inactive|reg g rock has 30 seconds left.\nbwahacough has agreed to open team sheets.\n|inactive|reg g rock has 20 seconds left.\n|\n|t:|1725917684\n|start\n|switch|p1a: Tauros|Tauros-Paldea-Aqua, L50, M|100\/100\n|switch|p1b: Rillaboom|Rillaboom, L50, F|100\/100\n|switch|p2a: Lycanroc|Lycanroc, L50, M, shiny|100\/100\n|switch|p2b: Tyranitar|Tyranitar, L50, F|100\/100\n|-ability|p1a: Tauros|Intimidate|boost\n|-unboost|p2a: Lycanroc|atk|1\n|-unboost|p2b: Tyranitar|atk|1\n|-fieldstart|move: Grassy Terrain|[from] ability: Grassy Surge|[of] p1b: Rillaboom\n|-weather|Sandstorm|[from] ability: Sand Stream|[of] p2b: Tyranitar\n|turn|1\n|\n|t:|1725917693\n|switch|p2b: Indeedee|Indeedee-F, L50, F, shiny|100\/100\n|-fieldstart|move: Psychic Terrain|[from] ability: Psychic Surge|[of] p2b: Indeedee\n|move|p2a: Lycanroc|Swords Dance|p2a: Lycanroc\n|-boost|p2a: Lycanroc|atk|2\n|-enditem|p1a: Tauros|Mirror Herb\n|-boost|p1a: Tauros|atk|2|[from] item: Mirror Herb\n|move|p1a: Tauros|Wave Crash|p2b: Indeedee\n|-damage|p2b: Indeedee|0 fnt\n|faint|p2b: Indeedee\n|-damage|p1a: Tauros|65\/100|[from] Recoil\n|move|p1b: Rillaboom|Wood Hammer|p2a: Lycanroc\n|-supereffective|p2a: Lycanroc\n|-enditem|p2a: Lycanroc|Focus Sash\n|-damage|p2a: Lycanroc|1\/100\n|-damage|p1b: Rillaboom|76\/100|[from] Recoil\n|\n|-weather|Sandstorm|[upkeep]\n|-damage|p1a: Tauros|59\/100|[from] Sandstorm\n|-damage|p1b: Rillaboom|70\/100|[from] Sandstorm\n|upkeep\n|\n|t:|1725917697\n|switch|p2b: Garchomp|Garchomp, L50, M, shiny|100\/100\n|turn|2\n|j| mr pogostick\n|j| yulias\n|\n|t:|1725917722\n|switch|p1b: Hydreigon|Hydreigon, L50, F|100\/100\n|move|p1a: Tauros|Protect|p1a: Tauros\n|-singleturn|p1a: Tauros|Protect\n|move|p2a: Lycanroc|Rock Slide|p1a: Tauros|[spread] p1b\n|-activate|p1a: Tauros|move: Protect\n|-damage|p1b: Hydreigon|54\/100\n|move|p2b: Garchomp|Breaking Swipe|p1b: Hydreigon|[spread] p1b\n|-activate|p1a: Tauros|move: Protect\n|-supereffective|p1b: Hydreigon\n|-damage|p1b: Hydreigon|0 fnt\n|faint|p1b: Hydreigon\n|\n|-weather|Sandstorm|[upkeep]\n|-damage|p1a: Tauros|53\/100|[from] Sandstorm\n|upkeep\n|\n|t:|1725917726\n|switch|p1b: Rillaboom|Rillaboom, L50, F|70\/100\n|-fieldstart|move: Grassy Terrain|[from] ability: Grassy Surge|[of] p1b: Rillaboom\n|turn|3\n|\n|t:|1725917737\n|move|p2a: Lycanroc|Protect|p2a: Lycanroc\n|-singleturn|p2a: Lycanroc|Protect\n|move|p2b: Garchomp|Protect|p2b: Garchomp\n|-singleturn|p2b: Garchomp|Protect\n|move|p1b: Rillaboom|Fake Out|p2a: Lycanroc\n|-activate|p2a: Lycanroc|move: Protect\n|move|p1a: Tauros|Wave Crash|p2b: Garchomp\n|-activate|p2b: Garchomp|move: Protect\n|\n|-weather|Sandstorm|[upkeep]\n|-damage|p1a: Tauros|47\/100|[from] Sandstorm\n|-damage|p1b: Rillaboom|63\/100|[from] Sandstorm\n|-heal|p2a: Lycanroc|7\/100|[from] Grassy Terrain\n|-heal|p1a: Tauros|53\/100|[from] Grassy Terrain\n|-heal|p1b: Rillaboom|70\/100|[from] Grassy Terrain\n|upkeep\n|turn|4\n|\n|t:|1725917754\n|switch|p2a: Tyranitar|Tyranitar, L50, F|100\/100\n|-terastallize|p2b: Garchomp|Poison\n|move|p1a: Tauros|Aqua Jet|p2a: Tyranitar\n|-supereffective|p2a: Tyranitar\n|-damage|p2a: Tyranitar|44\/100\n|move|p2b: Garchomp|Poison Jab|p1a: Tauros\n|-damage|p1a: Tauros|8\/100\n|move|p1b: Rillaboom|Wood Hammer|p2b: Garchomp\n|-resisted|p2b: Garchomp\n|-damage|p2b: Garchomp|59\/100\n|-damage|p1b: Rillaboom|56\/100|[from] Recoil\n|\n|-weather|Sandstorm|[upkeep]\n|-damage|p1a: Tauros|2\/100|[from] Sandstorm\n|-damage|p1b: Rillaboom|50\/100|[from] Sandstorm\n|-heal|p2b: Garchomp|65\/100|[from] Grassy Terrain\n|-heal|p1a: Tauros|8\/100|[from] Grassy Terrain\n|-heal|p1b: Rillaboom|56\/100|[from] Grassy Terrain\n|-heal|p2a: Tyranitar|50\/100|[from] Grassy Terrain\n|upkeep\n|turn|5\n|\n|t:|1725917774\n|switch|p2a: Lycanroc|Lycanroc, L50, M, shiny|7\/100\n|move|p1a: Tauros|Aqua Jet|p2a: Lycanroc\n|-supereffective|p2a: Lycanroc\n|-crit|p2a: Lycanroc\n|-damage|p2a: Lycanroc|0 fnt\n|faint|p2a: Lycanroc\n|move|p2b: Garchomp|Breaking Swipe|p1a: Tauros|[spread] p1a,p1b\n|-damage|p1a: Tauros|0 fnt\n|-damage|p1b: Rillaboom|32\/100\n|-unboost|p1b: Rillaboom|atk|1\n|faint|p1a: Tauros\n|move|p1b: Rillaboom|High Horsepower|p2b: Garchomp\n|-supereffective|p2b: Garchomp\n|-damage|p2b: Garchomp|17\/100\n|\n|-weather|none\n|-heal|p2b: Garchomp|22\/100|[from] Grassy Terrain\n|-heal|p1b: Rillaboom|38\/100|[from] Grassy Terrain\n|upkeep\n|\n|t:|1725917778\n|switch|p2a: Tyranitar|Tyranitar, L50, F|50\/100\n|switch|p1a: Talonflame|Talonflame, L50, F|100\/100\n|-weather|Sandstorm|[from] ability: Sand Stream|[of] p2a: Tyranitar\n|turn|6\n|\n|t:|1725917796\n|move|p1b: Rillaboom|Grassy Glide|p2a: Tyranitar\n|-supereffective|p2a: Tyranitar\n|-damage|p2a: Tyranitar|6\/100\n|move|p1a: Talonflame|Flare Blitz|p2a: Tyranitar\n|-resisted|p2a: Tyranitar\n|-damage|p2a: Tyranitar|0 fnt\n|faint|p2a: Tyranitar\n|-damage|p1a: Talonflame|98\/100|[from] Recoil\n|move|p2b: Garchomp|Poison Jab|p1b: Rillaboom\n|-supereffective|p1b: Rillaboom\n|-damage|p1b: Rillaboom|0 fnt\n|faint|p1b: Rillaboom\n|\n|-weather|Sandstorm|[upkeep]\n|-damage|p1a: Talonflame|92\/100|[from] Sandstorm\n|-heal|p2b: Garchomp|28\/100|[from] Grassy Terrain\n|upkeep\n|turn|7\n|j| practice bee\n|\n|t:|1725917805\n|move|p2b: Garchomp|Protect|p2b: Garchomp\n|-singleturn|p2b: Garchomp|Protect\n|move|p1a: Talonflame|Flare Blitz|p2b: Garchomp\n|-activate|p2b: Garchomp|move: Protect\n|\n|-weather|Sandstorm|[upkeep]\n|-damage|p1a: Talonflame|86\/100|[from] Sandstorm\n|-heal|p2b: Garchomp|34\/100|[from] Grassy Terrain\n|-fieldend|move: Grassy Terrain\n|upkeep\n|turn|8\n|\n|t:|1725917808\n|move|p1a: Talonflame|Flare Blitz|p2b: Garchomp\n|-damage|p2b: Garchomp|0 fnt\n|faint|p2b: Garchomp\n|-damage|p1a: Talonflame|73\/100|[from] Recoil\n|\n|win|reg g rock\n|raw|reg g rock's rating: 1652 &rarr; <strong>1678<\/strong><br \/>(+26 for winning)\n|raw|bwahacough's rating: 1763 &rarr; <strong>1737<\/strong><br \/>(-26 for losing)\n|l|\u2606bwahacough\n|player|p2|\n|l|\u2606reg g rock\n|player|p1|\n|l| mr pogostick\n","uploadtime":1725918051,"views":54,"formatid":"gen9vgc2024regh","rating":1678,"private":0,"password":null}