{"id":"gen9vgc2024regh-2198065832","format":"[Gen 9] VGC 2024 Reg H","players":["bwahacough","chin8"],"log":"|j|\u2606bwahacough\n|j|\u2606chin8\n|t:|1725912087\n|gametype|doubles\n|player|p1|bwahacough|medium|1805\n|player|p2|chin8|gentleman-gen4dp|1736\n|teamsize|p1|6\n|teamsize|p2|6\n|gen|9\n|tier|[Gen 9] VGC 2024 Reg H\n|rated|\n|rule|Species Clause: Limit one of each Pok\u00e9mon\n|rule|Item Clause: Limit 1 of each item\n|clearpoke\n|poke|p1|Lycanroc, L50, F|\n|poke|p1|Tyranitar, L50, M|\n|poke|p1|Indeedee-F, L50, F|\n|poke|p1|Murkrow, L50, M|\n|poke|p1|Garchomp, L50, M|\n|poke|p1|Gholdengo, L50|\n|poke|p2|Baxcalibur, L50, F|\n|poke|p2|Kilowattrel, L50, M|\n|poke|p2|Haxorus, L50, F|\n|poke|p2|Gardevoir, L50, F|\n|poke|p2|Magmortar, L50, F|\n|poke|p2|Gholdengo, L50|\n|teampreview|4\n|\n|t:|1725912096\n|start\n|switch|p1a: Lycanroc|Lycanroc, L50, F, shiny|100\/100\n|switch|p1b: Tyranitar|Tyranitar, L50, M|100\/100\n|switch|p2a: Kilowattrel|Kilowattrel, L50, M|100\/100\n|switch|p2b: Baxcalibur|Baxcalibur, L50, F|100\/100\n|-weather|Sandstorm|[from] ability: Sand Stream|[of] p1b: Tyranitar\n|turn|1\n|\n|t:|1725912100\n|-terastallize|p2b: Baxcalibur|Ground\n|-terastallize|p1b: Tyranitar|Flying\n|move|p1a: Lycanroc|Rock Slide|p2a: Kilowattrel|[spread] p2a,p2b\n|-supereffective|p2a: Kilowattrel\n|-resisted|p2b: Baxcalibur\n|-enditem|p2a: Kilowattrel|Focus Sash\n|-damage|p2a: Kilowattrel|1\/100\n|-damage|p2b: Baxcalibur|88\/100\n|move|p2a: Kilowattrel|Tailwind|p2a: Kilowattrel\n|-sidestart|p2: chin8|move: Tailwind\n|move|p2b: Baxcalibur|Earthquake|p1a: Lycanroc|[spread] p1a\n|-immune|p2a: Kilowattrel\n|-immune|p1b: Tyranitar\n|-supereffective|p1a: Lycanroc\n|-enditem|p1a: Lycanroc|Focus Sash\n|-damage|p1a: Lycanroc|1\/100\n|move|p1b: Tyranitar|Knock Off|p2b: Baxcalibur\n|-damage|p2b: Baxcalibur|35\/100\n|-enditem|p2b: Baxcalibur|Assault Vest|[from] move: Knock Off|[of] p1b: Tyranitar\n|\n|-weather|Sandstorm|[upkeep]\n|-damage|p2a: Kilowattrel|0 fnt|[from] Sandstorm\n|-damage|p1b: Tyranitar|95\/100|[from] Sandstorm\n|faint|p2a: Kilowattrel\n|upkeep\n|\n|t:|1725912106\n|switch|p2a: Haxorus|Haxorus, L50, F, shiny|100\/100\n|-ability|p2a: Haxorus|Mold Breaker\n|turn|2\n|j| PlagueWagon\n|\n|t:|1725912133\n|move|p1a: Lycanroc|Protect|p1a: Lycanroc\n|-singleturn|p1a: Lycanroc|Protect\n|move|p2a: Haxorus|Rock Slide|p1b: Tyranitar|[spread] p1b\n|-activate|p1a: Lycanroc|move: Protect\n|-supereffective|p1b: Tyranitar\n|-damage|p1b: Tyranitar|61\/100\n|move|p2b: Baxcalibur|Icicle Crash|p1b: Tyranitar\n|-supereffective|p1b: Tyranitar\n|-damage|p1b: Tyranitar|0 fnt\n|faint|p1b: Tyranitar\n|\n|-weather|Sandstorm|[upkeep]\n|-damage|p2a: Haxorus|95\/100|[from] Sandstorm\n|upkeep\n|\n|t:|1725912139\n|switch|p1b: Murkrow|Murkrow, L50, M|100\/100\n|turn|3\n|\n|t:|1725912144\n|move|p2b: Baxcalibur|Ice Shard|p1a: Lycanroc\n|-damage|p1a: Lycanroc|0 fnt\n|faint|p1a: Lycanroc\n|move|p1b: Murkrow|Tailwind|p1b: Murkrow\n|-sidestart|p1: bwahacough|move: Tailwind\n|move|p2a: Haxorus|Rock Slide|p1b: Murkrow\n|-supereffective|p1b: Murkrow\n|-crit|p1b: Murkrow\n|-damage|p1b: Murkrow|0 fnt\n|faint|p1b: Murkrow\n|\n|-weather|Sandstorm|[upkeep]\n|-damage|p2a: Haxorus|89\/100|[from] Sandstorm\n|upkeep\n|\n|t:|1725912147\n|switch|p1b: Gholdengo|Gholdengo, L50|100\/100\n|turn|4\n|\n|t:|1725912159\n|move|p2a: Haxorus|Protect|p2a: Haxorus\n|-singleturn|p2a: Haxorus|Protect\n|move|p1b: Gholdengo|Protect|p1b: Gholdengo\n|-singleturn|p1b: Gholdengo|Protect\n|move|p2b: Baxcalibur|Earthquake|p1b: Gholdengo|[spread] \n|-activate|p2a: Haxorus|move: Protect\n|-activate|p1b: Gholdengo|move: Protect\n|\n|-weather|Sandstorm|[upkeep]\n|-damage|p2a: Haxorus|83\/100|[from] Sandstorm\n|-sideend|p2: chin8|move: Tailwind\n|upkeep\n|turn|5\n|j| mr pogostick\n|\n|t:|1725912171\n|move|p1b: Gholdengo|Make It Rain|p2a: Haxorus|[spread] p2a,p2b\n|-damage|p2a: Haxorus|0 fnt\n|-damage|p2b: Baxcalibur|0 fnt\n|-unboost|p1b: Gholdengo|spa|1\n|faint|p2a: Haxorus\n|faint|p2b: Baxcalibur\n|-damage|p1b: Gholdengo|91\/100|[from] item: Life Orb\n|\n|-weather|none\n|upkeep\n|\n|t:|1725912175\n|switch|p2a: Gholdengo|Gholdengo, L50|100\/100\n|turn|6\n|\n|t:|1725912181\n|move|p1b: Gholdengo|Shadow Ball|p2a: Gholdengo\n|-supereffective|p2a: Gholdengo\n|-damage|p2a: Gholdengo|28\/100\n|-damage|p1b: Gholdengo|81\/100|[from] item: Life Orb\n|move|p2a: Gholdengo|Shadow Ball|p1b: Gholdengo\n|-supereffective|p1b: Gholdengo\n|-damage|p1b: Gholdengo|0 fnt\n|faint|p1b: Gholdengo\n|\n|win|chin8\n|raw|bwahacough's rating: 1777 &rarr; <strong>1755<\/strong><br \/>(-22 for losing)\n|raw|chin8's rating: 1736 &rarr; <strong>1758<\/strong><br \/>(+22 for winning)\n|l|\u2606bwahacough\n|player|p1|\n|l| mr pogostick\n|l|\u2606chin8\n|player|p2|\n|l| PlagueWagon\n","uploadtime":1725912413,"views":172,"formatid":"gen9vgc2024regh","rating":1755,"private":0,"password":null}