{"id":"gen9vgc2024regh-2198064789","format":"[Gen 9] VGC 2024 Reg H","players":["Revoked","bwahacough"],"log":"|j|\u2606Revoked\n|j|\u2606bwahacough\n|t:|1725911990\n|gametype|doubles\n|player|p1|Revoked|ghetsis-gen5bw|1649\n|player|p2|bwahacough|medium|1778\n|teamsize|p1|6\n|teamsize|p2|6\n|gen|9\n|tier|[Gen 9] VGC 2024 Reg H\n|rated|\n|rule|Species Clause: Limit one of each Pok\u00e9mon\n|rule|Item Clause: Limit 1 of each item\n|clearpoke\n|poke|p1|Milotic, L50, F|\n|poke|p1|Rillaboom, L50, F|\n|poke|p1|Incineroar, L50, M|\n|poke|p1|Gholdengo, L50|\n|poke|p1|Garchomp, L50, M|\n|poke|p1|Tyranitar, L50, F|\n|poke|p2|Lycanroc, L50, M|\n|poke|p2|Tyranitar, L50, F|\n|poke|p2|Indeedee-F, L50, F|\n|poke|p2|Murkrow, L50, F|\n|poke|p2|Garchomp, L50, F|\n|poke|p2|Gholdengo, L50|\n|teampreview|4\n|j| Henristormer99\n|j| Mad deedee\n|j| PlagueWagon\n|\n|t:|1725912013\n|start\n|switch|p1a: Milotic|Milotic, L50, F|100\/100\n|switch|p1b: Incineroar|Incineroar, L50, M|100\/100\n|switch|p2a: Gholdengo|Gholdengo, L50|100\/100\n|switch|p2b: Indeedee|Indeedee-F, L50, F, shiny|100\/100\n|-fieldstart|move: Psychic Terrain|[from] ability: Psychic Surge|[of] p2b: Indeedee\n|-ability|p1b: Incineroar|Intimidate|boost\n|-unboost|p2a: Gholdengo|atk|1\n|-unboost|p2b: Indeedee|atk|1\n|turn|1\n|inactive|Battle timer is ON: inactive players will automatically lose when time's up. (requested by Revoked)\n|\n|t:|1725912030\n|move|p2b: Indeedee|Follow Me|p2b: Indeedee\n|-singleturn|p2b: Indeedee|move: Follow Me\n|move|p2a: Gholdengo|Nasty Plot|p2a: Gholdengo\n|-boost|p2a: Gholdengo|spa|2\n|move|p1a: Milotic|Scald|p2b: Indeedee\n|-damage|p2b: Indeedee|73\/100\n|move|p1b: Incineroar|Knock Off|p2b: Indeedee\n|-supereffective|p2b: Indeedee\n|-damage|p2b: Indeedee|0 fnt\n|-enditem|p2b: Indeedee|Safety Goggles|[from] move: Knock Off|[of] p1b: Incineroar\n|faint|p2b: Indeedee\n|\n|upkeep\n|\n|t:|1725912035\n|switch|p2b: Garchomp|Garchomp, L50, F, shiny|100\/100\n|turn|2\n|\n|t:|1725912049\n|switch|p1b: Rillaboom|Rillaboom, L50, F|100\/100\n|-fieldstart|move: Grassy Terrain|[from] ability: Grassy Surge|[of] p1b: Rillaboom\n|-enditem|p1b: Rillaboom|Grassy Seed\n|-boost|p1b: Rillaboom|def|1|[from] item: Grassy Seed\n|move|p2a: Gholdengo|Protect|p2a: Gholdengo\n|-singleturn|p2a: Gholdengo|Protect\n|move|p2b: Garchomp|Earthquake|p1a: Milotic|[spread] p1a,p1b\n|-activate|p2a: Gholdengo|move: Protect\n|-resisted|p1b: Rillaboom\n|-damage|p1a: Milotic|81\/100\n|-damage|p1b: Rillaboom|94\/100\n|move|p1a: Milotic|Ice Beam|p2b: Garchomp\n|-supereffective|p2b: Garchomp\n|-damage|p2b: Garchomp|6\/100\n|\n|-heal|p2b: Garchomp|12\/100|[from] Grassy Terrain\n|-heal|p1b: Rillaboom|99\/100|[from] Grassy Terrain\n|-heal|p1a: Milotic|87\/100|[from] Grassy Terrain\n|-heal|p1a: Milotic|93\/100|[from] item: Leftovers\n|upkeep\n|turn|3\n|c|\u2606Revoked|how tf do u eat that\n|inactive|Revoked has 30 seconds left.\n|inactive|Revoked has 20 seconds left.\n|l| Mad deedee\n|\n|t:|1725912087\n|switch|p2b: Murkrow|Murkrow, L50, F|100\/100\n|move|p1b: Rillaboom|Grassy Glide|p2b: Murkrow\n|-resisted|p2b: Murkrow\n|-damage|p2b: Murkrow|78\/100\n|move|p2a: Gholdengo|Nasty Plot|p2a: Gholdengo\n|-boost|p2a: Gholdengo|spa|2\n|move|p1a: Milotic|Scald|p2a: Gholdengo\n|-damage|p2a: Gholdengo|65\/100\n|-status|p2a: Gholdengo|brn\n|\n|-heal|p2a: Gholdengo|71\/100 brn|[from] Grassy Terrain\n|-heal|p1b: Rillaboom|100\/100|[from] Grassy Terrain\n|-heal|p1a: Milotic|99\/100|[from] Grassy Terrain\n|-heal|p1a: Milotic|100\/100|[from] item: Leftovers\n|-damage|p2a: Gholdengo|65\/100 brn|[from] brn\n|upkeep\n|turn|4\n|\n|t:|1725912106\n|move|p2b: Murkrow|Tailwind|p2b: Murkrow\n|-sidestart|p2: bwahacough|move: Tailwind\n|move|p2a: Gholdengo|Make It Rain|p1b: Rillaboom|[spread] p1a,p1b\n|-resisted|p1a: Milotic\n|-damage|p1a: Milotic|36\/100\n|-damage|p1b: Rillaboom|0 fnt\n|-unboost|p2a: Gholdengo|spa|1\n|faint|p1b: Rillaboom\n|-damage|p2a: Gholdengo|55\/100 brn|[from] item: Life Orb\n|move|p1a: Milotic|Haze|p1a: Milotic\n|-clearallboost\n|\n|-heal|p2a: Gholdengo|61\/100 brn|[from] Grassy Terrain\n|-heal|p1a: Milotic|42\/100|[from] Grassy Terrain\n|-heal|p1a: Milotic|48\/100|[from] item: Leftovers\n|-damage|p2a: Gholdengo|55\/100 brn|[from] brn\n|upkeep\n|\n|t:|1725912117\n|switch|p1b: Incineroar|Incineroar, L50, M|100\/100\n|-ability|p1b: Incineroar|Intimidate|boost\n|-unboost|p2a: Gholdengo|atk|1\n|-unboost|p2b: Murkrow|atk|1\n|turn|5\n|\n|t:|1725912122\n|move|p2a: Gholdengo|Shadow Ball|p1a: Milotic\n|-damage|p1a: Milotic|3\/100\n|-unboost|p1a: Milotic|spd|1\n|-ability|p1a: Milotic|Competitive|boost\n|-boost|p1a: Milotic|spa|2\n|-damage|p2a: Gholdengo|45\/100 brn|[from] item: Life Orb\n|move|p2b: Murkrow|Foul Play|p1a: Milotic\n|-damage|p1a: Milotic|0 fnt\n|faint|p1a: Milotic\n|move|p1b: Incineroar|Flare Blitz|p2a: Gholdengo\n|-supereffective|p2a: Gholdengo\n|-damage|p2a: Gholdengo|0 fnt\n|faint|p2a: Gholdengo\n|-damage|p1b: Incineroar|88\/100|[from] Recoil\n|\n|-heal|p1b: Incineroar|94\/100|[from] Grassy Terrain\n|upkeep\n|inactive|Revoked has 30 seconds left.\n|\n|t:|1725912153\n|switch|p2a: Garchomp|Garchomp, L50, F, shiny|12\/100\n|switch|p1a: Garchomp|Garchomp, L50, M|100\/100\n|turn|6\n|\n|t:|1725912162\n|move|p2a: Garchomp|Protect|p2a: Garchomp\n|-singleturn|p2a: Garchomp|Protect\n|move|p1a: Garchomp|Dragon Claw|p2a: Garchomp\n|-activate|p2a: Garchomp|move: Protect\n|move|p2b: Murkrow|Foul Play|p1a: Garchomp\n|-damage|p1a: Garchomp|46\/100\n|move|p1b: Incineroar|Knock Off|p2b: Murkrow\n|-resisted|p2b: Murkrow\n|-damage|p2b: Murkrow|47\/100\n|-enditem|p2b: Murkrow|Eviolite|[from] move: Knock Off|[of] p1b: Incineroar\n|\n|-heal|p2a: Garchomp|18\/100|[from] Grassy Terrain\n|-heal|p1a: Garchomp|52\/100|[from] Grassy Terrain\n|-heal|p1b: Incineroar|99\/100|[from] Grassy Terrain\n|-fieldend|move: Grassy Terrain\n|upkeep\n|turn|7\n|\n|t:|1725912173\n|move|p2a: Garchomp|Breaking Swipe|p1a: Garchomp|[spread] p1a,p1b\n|-supereffective|p1a: Garchomp\n|-damage|p1a: Garchomp|2\/100\n|-damage|p1b: Incineroar|76\/100\n|-unboost|p1a: Garchomp|atk|1\n|-unboost|p1b: Incineroar|atk|1\n|move|p1a: Garchomp|Dragon Claw|p2a: Garchomp\n|-supereffective|p2a: Garchomp\n|-damage|p2a: Garchomp|0 fnt\n|faint|p2a: Garchomp\n|move|p2b: Murkrow|Foul Play|p1b: Incineroar\n|-resisted|p1b: Incineroar\n|-damage|p1b: Incineroar|61\/100\n|move|p1b: Incineroar|Flare Blitz|p2b: Murkrow\n|-damage|p2b: Murkrow|0 fnt\n|faint|p2b: Murkrow\n|-damage|p1b: Incineroar|49\/100|[from] Recoil\n|-enditem|p1b: Incineroar|Sitrus Berry|[eat]\n|-heal|p1b: Incineroar|73\/100|[from] item: Sitrus Berry\n|\n|win|Revoked\n|raw|Revoked's rating: 1649 &rarr; <strong>1677<\/strong><br \/>(+28 for winning)\n|raw|bwahacough's rating: 1805 &rarr; <strong>1777<\/strong><br \/>(-28 for losing)\n|l|\u2606Revoked\n|player|p1|\n|l|\u2606bwahacough\n|player|p2|\n|l| PlagueWagon\n|l| Henristormer99\n","uploadtime":1725912413,"views":52,"formatid":"gen9vgc2024regh","rating":1677,"private":0,"password":null}