{"id":"gen9vgc2024regh-2198719937","format":"[Gen 9] VGC 2024 Reg H","players":["nano jump","Beccca"],"log":"|j|\u2606nano jump\n|j|\u2606Beccca\n|t:|1725990927\n|gametype|doubles\n|player|p1|nano jump|steven-masters|1685\n|player|p2|Beccca|170|1759\n|teamsize|p1|6\n|teamsize|p2|6\n|gen|9\n|tier|[Gen 9] VGC 2024 Reg H\n|rated|\n|rule|Species Clause: Limit one of each Pok\u00e9mon\n|rule|Item Clause: Limit 1 of each item\n|clearpoke\n|poke|p1|Dondozo, L50, M|\n|poke|p1|Tatsugiri-Stretchy, L50, M|\n|poke|p1|Pawmot, L50, F|\n|poke|p1|Dragonite, L50, F|\n|poke|p1|Talonflame, L50, M|\n|poke|p1|Gholdengo, L50|\n|poke|p2|Talonflame, L50, M|\n|poke|p2|Garchomp, L50, F|\n|poke|p2|Gengar, L50, M|\n|poke|p2|Hydreigon, L50, F|\n|poke|p2|Gholdengo, L50|\n|poke|p2|Mimikyu, L50, M|\n|teampreview|4\n|j| mr pogostick\n|inactive|Battle timer is ON: inactive players will automatically lose when time's up. (requested by nano jump)\n|\n|t:|1725990959\n|start\n|switch|p1a: Dragonite|Dragonite, L50, F, shiny|100\/100\n|switch|p1b: Talonflame|Talonflame, L50, M, shiny|100\/100\n|switch|p2a: Talonflame|Talonflame, L50, M|100\/100\n|switch|p2b: Garchomp|Garchomp, L50, F|100\/100\n|turn|1\n|\n|t:|1725990972\n|move|p2a: Talonflame|Tailwind|p2a: Talonflame\n|-sidestart|p2: Beccca|move: Tailwind\n|move|p1b: Talonflame|Tailwind|p1b: Talonflame\n|-sidestart|p1: nano jump|move: Tailwind\n|move|p2b: Garchomp|Rock Slide|p1a: Dragonite|[spread] p1a,p1b\n|-supereffective|p1a: Dragonite\n|-supereffective|p1b: Talonflame\n|-damage|p1a: Dragonite|49\/100\n|-damage|p1b: Talonflame|0 fnt\n|faint|p1b: Talonflame\n|move|p1a: Dragonite|Outrage|p2a: Talonflame\n|-damage|p2a: Talonflame|0 fnt\n|faint|p2a: Talonflame\n|\n|upkeep\n|\n|t:|1725990987\n|switch|p2a: Gengar|Gengar, L50, M|100\/100\n|switch|p1b: Pawmot|Pawmot, L50, F, shiny|100\/100\n|turn|2\n|\n|t:|1725991008\n|move|p2a: Gengar|Shadow Ball|p1b: Pawmot\n|-damage|p1b: Pawmot|30\/100\n|-unboost|p1b: Pawmot|spd|1\n|move|p1b: Pawmot|Revival Blessing|p1b: Pawmot\n|\n|t:|1725991013\n|-heal|p1: Talonflame|50\/100|[from] move: Revival Blessing\n|move|p2b: Garchomp|Rock Slide|p1b: Pawmot|[spread] p1a,p1b\n|-supereffective|p1a: Dragonite\n|-resisted|p1b: Pawmot\n|-damage|p1a: Dragonite|3\/100\n|-damage|p1b: Pawmot|13\/100\n|move|p1a: Dragonite|Outrage|p2a: Gengar|[from]lockedmove\n|-enditem|p2a: Gengar|Focus Sash\n|-damage|p2a: Gengar|1\/100\n|-start|p1a: Dragonite|confusion|[fatigue]\n|\n|upkeep\n|turn|3\n|inactive|nano jump has 30 seconds left.\n|\n|t:|1725991046\n|switch|p1a: Gholdengo|Gholdengo, L50|100\/100\n|move|p2a: Gengar|Shadow Ball|p1b: Pawmot\n|-damage|p1b: Pawmot|0 fnt\n|faint|p1b: Pawmot\n|move|p2b: Garchomp|Rock Slide|p1a: Gholdengo\n|-resisted|p1a: Gholdengo\n|-damage|p1a: Gholdengo|83\/100\n|\n|upkeep\n|inactive|nano jump has 30 seconds left.\n|inactive|nano jump has 20 seconds left.\n|inactive|nano jump has 15 seconds left.\n|j| BonoboF\n|inactive|nano jump has 10 seconds left.\n|\n|t:|1725991091\n|switch|p1b: Talonflame|Talonflame, L50, M, shiny|50\/100\n|turn|4\n|\n|t:|1725991107\n|-terastallize|p1a: Gholdengo|Flying\n|move|p2a: Gengar|Protect|p2a: Gengar\n|-singleturn|p2a: Gengar|Protect\n|move|p1b: Talonflame|Brave Bird|p2b: Garchomp\n|-damage|p2b: Garchomp|44\/100\n|-damage|p1b: Talonflame|38\/100|[from] ability: Rough Skin|[of] p2b: Garchomp\n|-damage|p1b: Talonflame|15\/100|[from] Recoil\n|-damage|p1b: Talonflame|6\/100|[from] item: Life Orb\n|move|p2b: Garchomp|Rock Slide|p1a: Gholdengo|[spread] p1a,p1b\n|-supereffective|p1a: Gholdengo\n|-supereffective|p1b: Talonflame\n|-damage|p1a: Gholdengo|35\/100\n|-damage|p1b: Talonflame|0 fnt\n|faint|p1b: Talonflame\n|cant|p1a: Gholdengo|flinch\n|\n|-sideend|p1: nano jump|move: Tailwind\n|-sideend|p2: Beccca|move: Tailwind\n|upkeep\n|\n|t:|1725991111\n|switch|p1b: Dragonite|Dragonite, L50, F, shiny|3\/100\n|turn|5\n|\n|t:|1725991132\n|move|p2b: Garchomp|Protect|p2b: Garchomp\n|-singleturn|p2b: Garchomp|Protect\n|move|p1b: Dragonite|Extreme Speed|p2b: Garchomp\n|-activate|p2b: Garchomp|move: Protect\n|move|p2a: Gengar|Acid Spray|p1b: Dragonite\n|-damage|p1b: Dragonite|0 fnt\n|faint|p1b: Dragonite\n|move|p1a: Gholdengo|Make It Rain|p2b: Garchomp|[spread] p2a\n|-activate|p2b: Garchomp|move: Protect\n|-damage|p2a: Gengar|0 fnt\n|-unboost|p1a: Gholdengo|spa|1\n|-start|p1a: Gholdengo|Disable|Make It Rain|[from] ability: Cursed Body|[of] p2a: Gengar\n|faint|p2a: Gengar\n|\n|upkeep\n|-message|nano jump forfeited.\n|\n|win|Beccca\n|raw|nano jump's rating: 1685 &rarr; <strong>1669<\/strong><br \/>(-16 for losing)\n|raw|Beccca's rating: 1759 &rarr; <strong>1775<\/strong><br \/>(+16 for winning)\n|l|\u2606nano jump\n|player|p1|\n|l| BonoboF\n|l|\u2606Beccca\n|player|p2|\n|l| mr pogostick\n","uploadtime":1725991370,"views":16,"formatid":"gen9vgc2024regh","rating":1669,"private":0,"password":null}