{"id":"gen9vgc2024regh-2198092434","format":"[Gen 9] VGC 2024 Reg H","players":["Ibrahimovicvgc","bwahacough"],"log":"|j|\u2606Ibrahimovicvgc\n|j|\u2606bwahacough\n|t:|1725914569\n|gametype|doubles\n|player|p1|Ibrahimovicvgc|1|1747\n|player|p2|bwahacough|medium|1778\n|teamsize|p1|6\n|teamsize|p2|6\n|gen|9\n|tier|[Gen 9] VGC 2024 Reg H\n|rated|\n|rule|Species Clause: Limit one of each Pok\u00e9mon\n|rule|Item Clause: Limit 1 of each item\n|clearpoke\n|poke|p1|Gholdengo, L50|\n|poke|p1|Talonflame, L50, F|\n|poke|p1|Dragonite, L50, M|\n|poke|p1|Dondozo, L50, M|\n|poke|p1|Tatsugiri, L50, M|\n|poke|p1|Clodsire, L50, F|\n|poke|p2|Lycanroc, L50, F|\n|poke|p2|Tyranitar, L50, M|\n|poke|p2|Indeedee-F, L50, F|\n|poke|p2|Murkrow, L50, M|\n|poke|p2|Garchomp, L50, F|\n|poke|p2|Gholdengo, L50|\n|teampreview|4\n|inactive|Battle timer is ON: inactive players will automatically lose when time's up. (requested by Ibrahimovicvgc)\n|\n|t:|1725914584\n|start\n|switch|p1a: Gholdengo|Gholdengo, L50|100\/100\n|switch|p1b: Clodsire|Clodsire, L50, F|100\/100\n|switch|p2a: Lycanroc|Lycanroc, L50, F, shiny|100\/100\n|switch|p2b: Tyranitar|Tyranitar, L50, M|100\/100\n|-weather|Sandstorm|[from] ability: Sand Stream|[of] p2b: Tyranitar\n|turn|1\n|j| practice bee\n|j| PlagueWagon\n|\n|t:|1725914607\n|-terastallize|p1a: Gholdengo|Steel\n|move|p2a: Lycanroc|Protect|p2a: Lycanroc\n|-singleturn|p2a: Lycanroc|Protect\n|move|p1a: Gholdengo|Make It Rain|p2a: Lycanroc|[spread] p2b\n|-activate|p2a: Lycanroc|move: Protect\n|-supereffective|p2b: Tyranitar\n|-damage|p2b: Tyranitar|27\/100\n|-unboost|p1a: Gholdengo|spa|1\n|move|p2b: Tyranitar|Knock Off|p1a: Gholdengo\n|-damage|p1a: Gholdengo|43\/100\n|-enditem|p1a: Gholdengo|Choice Specs|[from] move: Knock Off|[of] p2b: Tyranitar\n|move|p1b: Clodsire|High Horsepower|p2a: Lycanroc\n|-activate|p2a: Lycanroc|move: Protect\n|\n|-weather|Sandstorm|[upkeep]\n|upkeep\n|turn|2\n|\n|t:|1725914625\n|move|p2a: Lycanroc|Close Combat|p1a: Gholdengo\n|-supereffective|p1a: Gholdengo\n|-damage|p1a: Gholdengo|0 fnt\n|-unboost|p2a: Lycanroc|def|1\n|-unboost|p2a: Lycanroc|spd|1\n|faint|p1a: Gholdengo\n|move|p2b: Tyranitar|Knock Off|p1b: Clodsire\n|-damage|p1b: Clodsire|42\/100\n|-enditem|p1b: Clodsire|Sitrus Berry|[from] move: Knock Off|[of] p2b: Tyranitar\n|move|p1b: Clodsire|High Horsepower|p2a: Lycanroc\n|-supereffective|p2a: Lycanroc\n|-crit|p2a: Lycanroc\n|-enditem|p2a: Lycanroc|Focus Sash\n|-damage|p2a: Lycanroc|1\/100\n|\n|-weather|Sandstorm|[upkeep]\n|upkeep\n|\n|t:|1725914643\n|switch|p1a: Dondozo|Dondozo, L50, M|100\/100\n|turn|3\n|\n|t:|1725914650\n|switch|p1b: Tatsugiri|Tatsugiri, L50, M|100\/100\n|-activate|p1b: Tatsugiri|ability: Commander|[of] p1a: Dondozo\n|-boost|p1a: Dondozo|atk|2\n|-boost|p1a: Dondozo|spa|2\n|-boost|p1a: Dondozo|spe|2\n|-boost|p1a: Dondozo|def|2\n|-boost|p1a: Dondozo|spd|2\n|-terastallize|p2a: Lycanroc|Fighting\n|move|p2a: Lycanroc|Close Combat|p1b: Tatsugiri|[miss]\n|-miss|p2a: Lycanroc|p1b: Tatsugiri\n|move|p1a: Dondozo|Order Up|p2b: Tyranitar\n|-damage|p2b: Tyranitar|0 fnt\n|faint|p2b: Tyranitar\n|-boost|p1a: Dondozo|atk|1\n|\n|-weather|Sandstorm|[upkeep]\n|-damage|p1a: Dondozo|94\/100|[from] Sandstorm\n|-damage|p1b: Tatsugiri|95\/100|[from] Sandstorm\n|-heal|p1a: Dondozo|100\/100|[from] item: Leftovers\n|upkeep\n|\n|t:|1725914651\n|switch|p2b: Murkrow|Murkrow, L50, M|100\/100\n|turn|4\n|j| Peroquecuones\n|inactive|Ibrahimovicvgc has 30 seconds left.\n|\n|t:|1725914679\n|move|p2b: Murkrow|Haze|p2b: Murkrow\n|-clearallboost\n|move|p2a: Lycanroc|Close Combat|p1a: Dondozo\n|-damage|p1a: Dondozo|57\/100\n|-unboost|p2a: Lycanroc|def|1\n|-unboost|p2a: Lycanroc|spd|1\n|move|p1a: Dondozo|Order Up|p2a: Lycanroc\n|-damage|p2a: Lycanroc|0 fnt\n|faint|p2a: Lycanroc\n|-boost|p1a: Dondozo|atk|1\n|\n|-weather|Sandstorm|[upkeep]\n|-damage|p1b: Tatsugiri|89\/100|[from] Sandstorm\n|-damage|p2b: Murkrow|95\/100|[from] Sandstorm\n|-damage|p1a: Dondozo|50\/100|[from] Sandstorm\n|-heal|p1a: Dondozo|57\/100|[from] item: Leftovers\n|upkeep\n|\n|t:|1725914684\n|switch|p2a: Garchomp|Garchomp, L50, F, shiny|100\/100\n|turn|5\n|\n|t:|1725914690\n|move|p2a: Garchomp|Earthquake|p1a: Dondozo|[spread] p1a\n|-miss|p2a: Garchomp|p1b: Tatsugiri\n|-immune|p2b: Murkrow\n|-damage|p1a: Dondozo|26\/100\n|move|p2b: Murkrow|Foul Play|p1a: Dondozo\n|-damage|p1a: Dondozo|0 fnt\n|faint|p1a: Dondozo\n|\n|-weather|none\n|upkeep\n|\n|t:|1725914699\n|switch|p1a: Clodsire|Clodsire, L50, F|42\/100\n|turn|6\n|\n|t:|1725914708\n|move|p2a: Garchomp|Protect|p2a: Garchomp\n|-singleturn|p2a: Garchomp|Protect\n|move|p2b: Murkrow|Tailwind|p2b: Murkrow\n|-sidestart|p2: bwahacough|move: Tailwind\n|move|p1b: Tatsugiri|Draco Meteor|p2a: Garchomp\n|-activate|p2a: Garchomp|move: Protect\n|move|p1a: Clodsire|Poison Jab|p2b: Murkrow\n|-damage|p2b: Murkrow|60\/100\n|-status|p2b: Murkrow|psn\n|\n|-damage|p2b: Murkrow|48\/100 psn|[from] psn\n|upkeep\n|turn|7\n|\n|t:|1725914725\n|move|p2b: Murkrow|Screech|p1b: Tatsugiri\n|-unboost|p1b: Tatsugiri|def|2\n|move|p2a: Garchomp|Earthquake|p1b: Tatsugiri|[spread] p1a,p1b\n|-immune|p2b: Murkrow\n|-supereffective|p1a: Clodsire\n|-damage|p1a: Clodsire|0 fnt\n|-damage|p1b: Tatsugiri|0 fnt\n|faint|p1a: Clodsire\n|faint|p1b: Tatsugiri\n|\n|win|bwahacough\n|raw|Ibrahimovicvgc's rating: 1747 &rarr; <strong>1729<\/strong><br \/>(-18 for losing)\n|raw|bwahacough's rating: 1778 &rarr; <strong>1796<\/strong><br \/>(+18 for winning)\n|l|\u2606bwahacough\n|player|p2|\n|l|\u2606Ibrahimovicvgc\n|player|p1|\n|l| PlagueWagon\n","uploadtime":1725914888,"views":62,"formatid":"gen9vgc2024regh","rating":1729,"private":0,"password":null}