{"id":"gen9vgc2024regh-2198664694","format":"[Gen 9] VGC 2024 Reg H","players":["DarkAlex69","ImmaOustYourOger"],"log":"|j|\u2606DarkAlex69\n|j|\u2606ImmaOustYourOger\n|t:|1725986130\n|gametype|doubles\n|player|p1|DarkAlex69|cynthia|1755\n|player|p2|ImmaOustYourOger|blackbelt-gen4dp|1639\n|teamsize|p1|6\n|teamsize|p2|6\n|gen|9\n|tier|[Gen 9] VGC 2024 Reg H\n|rated|\n|rule|Species Clause: Limit one of each Pok\u00e9mon\n|rule|Item Clause: Limit 1 of each item\n|clearpoke\n|poke|p1|Armarouge, L50, F|\n|poke|p1|Indeedee-F, L50, F|\n|poke|p1|Torkoal, L50, M|\n|poke|p1|Annihilape, L50, M|\n|poke|p1|Archaludon, L50, M|\n|poke|p1|Dragonite, L50, M|\n|poke|p2|Archaludon, L50, M|\n|poke|p2|Amoonguss, L50, M|\n|poke|p2|Pelipper, L50, M|\n|poke|p2|Rillaboom, L50, M|\n|poke|p2|Gholdengo, L50|\n|poke|p2|Basculegion, L50, M|\n|teampreview|4\nDarkAlex69 rejected open team sheets.\n|j| p1atypus\n|l| p1atypus\n|j| p1atypus\n|inactive|Battle timer is ON: inactive players will automatically lose when time's up. (requested by DarkAlex69)\n|inactive|ImmaOustYourOger has 60 seconds left.\n|\n|t:|1725986208\n|start\n|switch|p1a: Armarouge|Armarouge, L50, F|100\/100\n|switch|p1b: Archaludon|Archaludon, L50, M|100\/100\n|switch|p2a: Shiitake|Amoonguss, L50, M, shiny|100\/100\n|switch|p2b: Goldy|Gholdengo, L50, shiny|100\/100\n|turn|1\n|\n|t:|1725986229\n|switch|p1b: Torkoal|Torkoal, L50, M|100\/100\n|-weather|SunnyDay|[from] ability: Drought|[of] p1b: Torkoal\n|-terastallize|p2a: Shiitake|Dark\n|move|p2b: Goldy|Protect|p2b: Goldy\n|-singleturn|p2b: Goldy|Protect\n|move|p1a: Armarouge|Heat Wave|p2a: Shiitake|[spread] p2a\n|-activate|p2b: Goldy|move: Protect\n|-crit|p2a: Shiitake\n|-damage|p2a: Shiitake|21\/100\n|-status|p2a: Shiitake|brn\n|move|p2a: Shiitake|Spore|p1a: Armarouge\n|-status|p1a: Armarouge|slp|[from] move: Spore\n|\n|-weather|SunnyDay|[upkeep]\n|-damage|p2a: Shiitake|15\/100 brn|[from] brn\n|upkeep\n|turn|2\n|inactive|ImmaOustYourOger has 30 seconds left.\n|\n|t:|1725986255\n|move|p2b: Goldy|Nasty Plot|p2b: Goldy\n|-boost|p2b: Goldy|spa|2\n|cant|p1a: Armarouge|slp\n|move|p1b: Torkoal|Heat Wave|p2a: Shiitake|[spread] p2a\n|-miss|p1b: Torkoal|p2b: Goldy\n|-damage|p2a: Shiitake|0 fnt\n|faint|p2a: Shiitake\n|\n|-weather|SunnyDay|[upkeep]\n|upkeep\n|\n|t:|1725986269\n|switch|p2a: Truss|Archaludon, L50, M, shiny|100\/100\n|turn|3\n|\n|t:|1725986277\n|move|p2b: Goldy|Shadow Ball|p1b: Torkoal\n|-damage|p1b: Torkoal|0 fnt\n|faint|p1b: Torkoal\n|-damage|p2b: Goldy|91\/100|[from] item: Life Orb\n|move|p2a: Truss|Snarl|p1a: Armarouge\n|-supereffective|p1a: Armarouge\n|-damage|p1a: Armarouge|55\/100 slp\n|-unboost|p1a: Armarouge|spa|1\n|cant|p1a: Armarouge|slp\n|\n|-weather|SunnyDay|[upkeep]\n|upkeep\n|j| Mega Delibird X\n|\n|t:|1725986289\n|switch|p1b: Indeedee|Indeedee-F, L50, F|100\/100\n|-fieldstart|move: Psychic Terrain|[from] ability: Psychic Surge|[of] p1b: Indeedee\n|-enditem|p1b: Indeedee|Psychic Seed\n|-boost|p1b: Indeedee|spd|1|[from] item: Psychic Seed\n|turn|4\n|\n|t:|1725986298\n|move|p1b: Indeedee|Follow Me|p1b: Indeedee\n|-singleturn|p1b: Indeedee|move: Follow Me\n|move|p2b: Goldy|Make It Rain|p1b: Indeedee|[spread] p1a,p1b\n|-resisted|p1a: Armarouge\n|-damage|p1a: Armarouge|0 fnt\n|-damage|p1b: Indeedee|47\/100\n|-unboost|p2b: Goldy|spa|1\n|faint|p1a: Armarouge\n|-damage|p2b: Goldy|81\/100|[from] item: Life Orb\n|move|p2a: Truss|Snarl|p1b: Indeedee\n|-supereffective|p1b: Indeedee\n|-damage|p1b: Indeedee|32\/100\n|-unboost|p1b: Indeedee|spa|1\n|\n|-weather|SunnyDay|[upkeep]\n|upkeep\n|j| Peroquecuones\n|\n|t:|1725986311\n|switch|p1a: Archaludon|Archaludon, L50, M|100\/100\n|turn|5\n|\n|t:|1725986330\n|move|p2b: Goldy|Protect|p2b: Goldy\n|-singleturn|p2b: Goldy|Protect\n|move|p1b: Indeedee|Follow Me|p1b: Indeedee\n|-singleturn|p1b: Indeedee|move: Follow Me\n|move|p2a: Truss|Snarl|p1b: Indeedee|[spread] p1a,p1b\n|-supereffective|p1b: Indeedee\n|-damage|p1a: Archaludon|94\/100\n|-damage|p1b: Indeedee|21\/100\n|-unboost|p1a: Archaludon|spa|1\n|-unboost|p1b: Indeedee|spa|1\n|-ability|p1a: Archaludon|Stamina|boost\n|-boost|p1a: Archaludon|def|1\n|move|p1a: Archaludon|Electro Shot||[still]\n|-prepare|p1a: Archaludon|Electro Shot\n|-boost|p1a: Archaludon|spa|1\n|\n|-weather|none\n|upkeep\n|turn|6\n|\n|t:|1725986352\n|move|p1b: Indeedee|Helping Hand|p1a: Archaludon\n|-singleturn|p1a: Archaludon|Helping Hand|[of] p1b: Indeedee\n|move|p2b: Goldy|Make It Rain|p1b: Indeedee|[spread] p1a,p1b\n|-resisted|p1a: Archaludon\n|-damage|p1a: Archaludon|67\/100\n|-damage|p1b: Indeedee|0 fnt\n|-unboost|p2b: Goldy|spa|1\n|-ability|p1a: Archaludon|Stamina|boost\n|-boost|p1a: Archaludon|def|1\n|faint|p1b: Indeedee\n|-damage|p2b: Goldy|71\/100|[from] item: Life Orb\n|move|p2a: Truss|Snarl|p1a: Archaludon\n|-damage|p1a: Archaludon|58\/100\n|-unboost|p1a: Archaludon|spa|1\n|-ability|p1a: Archaludon|Stamina|boost\n|-boost|p1a: Archaludon|def|1\n|move|p1a: Archaludon|Electro Shot|p2b: Goldy|[from]lockedmove\n|-damage|p2b: Goldy|26\/100\n|\n|upkeep\n|turn|7\n|inactive|DarkAlex69 has 30 seconds left.\n|inactive|ImmaOustYourOger has 30 seconds left.\n|\n|t:|1725986382\n|move|p2b: Goldy|Make It Rain|p1a: Archaludon\n|-resisted|p1a: Archaludon\n|-damage|p1a: Archaludon|34\/100\n|-unboost|p2b: Goldy|spa|1\n|-ability|p1a: Archaludon|Stamina|boost\n|-boost|p1a: Archaludon|def|1\n|-damage|p2b: Goldy|16\/100|[from] item: Life Orb\n|move|p2a: Truss|Draco Meteor|p1a: Archaludon\n|-damage|p1a: Archaludon|0 fnt\n|-unboost|p2a: Truss|spa|2\n|faint|p1a: Archaludon\n|\n|win|ImmaOustYourOger\n|raw|DarkAlex69's rating: 1755 &rarr; <strong>1729<\/strong><br \/>(-26 for losing)\n|raw|ImmaOustYourOger's rating: 1639 &rarr; <strong>1665<\/strong><br \/>(+26 for winning)\n|l|\u2606ImmaOustYourOger\n|player|p2|\n|l| p1atypus\n|l| Mega Delibird X\n|l| Peroquecuones\n","uploadtime":1725986652,"views":13,"formatid":"gen9vgc2024regh","rating":1665,"private":0,"password":null}