{"id":"gen9vgc2024regh-2198778953","format":"[Gen 9] VGC 2024 Reg H","players":["ggttmmhh","Slumbering Sinh"],"log":"|j|\u2606ggttmmhh\n|j|\u2606Slumbering Sinh\n|t:|1725996176\n|gametype|doubles\n|player|p1|ggttmmhh|2|1676\n|player|p2|Slumbering Sinh|volo|1718\n|teamsize|p1|6\n|teamsize|p2|6\n|gen|9\n|tier|[Gen 9] VGC 2024 Reg H\n|rated|\n|rule|Species Clause: Limit one of each Pok\u00e9mon\n|rule|Item Clause: Limit 1 of each item\n|clearpoke\n|poke|p1|Archaludon, L50, F|\n|poke|p1|Typhlosion-Hisui, L50, M|\n|poke|p1|Primarina, L50, M|\n|poke|p1|Meowscarada, L50, M|\n|poke|p1|Ursaluna-Bloodmoon, L50, M|\n|poke|p1|Murkrow, L50, F|\n|poke|p2|Glimmora, L50, F|\n|poke|p2|Gholdengo, L50|\n|poke|p2|Talonflame, L50, M|\n|poke|p2|Primarina, L50, F|\n|poke|p2|Tyranitar, L50, F|\n|poke|p2|Garchomp, L50, M|\n|teampreview|4\n|\n|t:|1725996211\n|start\n|switch|p1a: Primarina|Primarina, L50, M|100\/100\n|switch|p1b: Meowscarada|Meowscarada, L50, M|100\/100\n|switch|p2a: Glimmora|Glimmora, L50, F|100\/100\n|switch|p2b: Gholdengo|Gholdengo, L50|100\/100\n|turn|1\n|\n|t:|1725996221\n|move|p2a: Glimmora|Spiky Shield|p2a: Glimmora\n|-singleturn|p2a: Glimmora|move: Protect\n|move|p1b: Meowscarada|Grass Pledge|p2a: Glimmora\n|-waiting|p1b: Meowscarada|p1a: Primarina\n|move|p1a: Primarina|Water Pledge|p2a: Glimmora|[from]move: Grass Pledge\n|-activate|p2a: Glimmora|move: Protect\n|move|p2b: Gholdengo|Make It Rain|p1b: Meowscarada|[spread] p1a,p1b\n|-damage|p1a: Primarina|42\/100\n|-enditem|p1b: Meowscarada|Focus Sash\n|-damage|p1b: Meowscarada|1\/100\n|-unboost|p2b: Gholdengo|spa|1\n|\n|upkeep\n|turn|2\n|\n|t:|1725996245\n|move|p1b: Meowscarada|Grass Pledge|p2a: Glimmora\n|-waiting|p1b: Meowscarada|p1a: Primarina\n|move|p1a: Primarina|Water Pledge|p2a: Glimmora|[from]move: Grass Pledge\n|-combine\n|-damage|p2a: Glimmora|0 fnt\n|-sidestart|p2: Slumbering Sinh|Grass Pledge\n|faint|p2a: Glimmora\n|move|p2b: Gholdengo|Make It Rain|p1b: Meowscarada|[spread] p1a,p1b\n|-damage|p1a: Primarina|2\/100\n|-damage|p1b: Meowscarada|0 fnt\n|-unboost|p2b: Gholdengo|spa|1\n|faint|p1b: Meowscarada\n|\n|upkeep\n|\n|t:|1725996267\n|switch|p1b: Ursaluna|Ursaluna-Bloodmoon, L50, M|100\/100\n|switch|p2a: Talonflame|Talonflame, L50, M|100\/100\n|turn|3\n|j| duringwork\n|\n|t:|1725996288\n|switch|p2b: Garchomp|Garchomp, L50, M|100\/100\n|move|p2a: Talonflame|Brave Bird|p1a: Primarina\n|-crit|p1a: Primarina\n|-damage|p1a: Primarina|0 fnt\n|faint|p1a: Primarina\n|-damage|p2a: Talonflame|99\/100|[from] Recoil\n|move|p1b: Ursaluna|Earth Power|p2b: Garchomp\n|-damage|p2b: Garchomp|22\/100\n|-damage|p1b: Ursaluna|91\/100|[from] item: Life Orb\n|\n|upkeep\n|\n|t:|1725996295\n|switch|p1a: Archaludon|Archaludon, L50, F|100\/100\n|turn|4\n|j| OkilyDokilyComputr\n|l| duringwork\n|\n|t:|1725996344\n|-terastallize|p1b: Ursaluna|Normal\n|move|p2b: Garchomp|Protect|p2b: Garchomp\n|-singleturn|p2b: Garchomp|Protect\n|move|p1a: Archaludon|Flash Cannon|p2a: Talonflame\n|-resisted|p2a: Talonflame\n|-damage|p2a: Talonflame|73\/100\n|move|p1b: Ursaluna|Hyper Voice|p2b: Garchomp|[spread] p2a\n|-activate|p2b: Garchomp|move: Protect\n|-damage|p2a: Talonflame|0 fnt\n|faint|p2a: Talonflame\n|-damage|p1b: Ursaluna|81\/100|[from] item: Life Orb\n|\n|upkeep\n|\n|t:|1725996349\n|switch|p2a: Gholdengo|Gholdengo, L50|100\/100\n|turn|5\n|\n|t:|1725996357\n|-terastallize|p2a: Gholdengo|Steel\n|move|p1a: Archaludon|Flash Cannon|p2b: Garchomp\n|-damage|p2b: Garchomp|0 fnt\n|faint|p2b: Garchomp\n|move|p1b: Ursaluna|Earth Power|p2a: Gholdengo\n|-supereffective|p2a: Gholdengo\n|-damage|p2a: Gholdengo|0 fnt\n|faint|p2a: Gholdengo\n|-damage|p1b: Ursaluna|72\/100|[from] item: Life Orb\n|\n|win|ggttmmhh\n|raw|ggttmmhh's rating: 1676 &rarr; <strong>1698<\/strong><br \/>(+22 for winning)\n|raw|Slumbering Sinh's rating: 1718 &rarr; <strong>1696<\/strong><br \/>(-22 for losing)\n|l|\u2606Slumbering Sinh\n|player|p2|\n|l|\u2606ggttmmhh\n|player|p1|\n","uploadtime":1725996506,"views":17,"formatid":"gen9vgc2024regh","rating":1696,"private":0,"password":null}