{"id":"gen9vgc2024regh-2198708069","format":"[Gen 9] VGC 2024 Reg H","players":["TwitterJasePokemon","nano jump"],"log":"|j|\u2606TwitterJasePokemon\n|j|\u2606nano jump\n|t:|1725989911\n|gametype|doubles\n|player|p1|TwitterJasePokemon|lucas|1657\n|player|p2|nano jump|steven-masters|1700\n|teamsize|p1|6\n|teamsize|p2|6\n|gen|9\n|tier|[Gen 9] VGC 2024 Reg H\n|rated|\n|rule|Species Clause: Limit one of each Pok\u00e9mon\n|rule|Item Clause: Limit 1 of each item\n|clearpoke\n|poke|p1|Archaludon, L50, M|\n|poke|p1|Murkrow, L50, F|\n|poke|p1|Dragonite, L50, M|\n|poke|p1|Gholdengo, L50|\n|poke|p1|Meowscarada, L50, M|\n|poke|p1|Ursaluna-Bloodmoon, L50, M|\n|poke|p2|Dondozo, L50, F|\n|poke|p2|Tatsugiri-Stretchy, L50, M|\n|poke|p2|Pawmot, L50, F|\n|poke|p2|Dragonite, L50, M|\n|poke|p2|Talonflame, L50, M|\n|poke|p2|Gholdengo, L50|\n|teampreview|4\n|inactive|Battle timer is ON: inactive players will automatically lose when time's up. (requested by TwitterJasePokemon)\n|\n|t:|1725989933\n|start\n|switch|p1a: Murkrow|Murkrow, L50, F|100\/100\n|switch|p1b: Archaludon|Archaludon, L50, M|100\/100\n|switch|p2a: Talonflame|Talonflame, L50, M, shiny|100\/100\n|switch|p2b: Dragonite|Dragonite, L50, M, shiny|100\/100\n|turn|1\n|j| FigTheFoxVGC\n|inactive|nano jump has 30 seconds left.\n|inactive|nano jump has 20 seconds left.\n|\n|t:|1725989969\n|move|p2a: Talonflame|Tailwind|p2a: Talonflame\n|-sidestart|p2: nano jump|move: Tailwind\n|move|p2b: Dragonite|Outrage|p1a: Murkrow\n|-damage|p1a: Murkrow|12\/100\n|move|p1b: Archaludon|Electro Shot||[still]\n|-prepare|p1b: Archaludon|Electro Shot\n|-boost|p1b: Archaludon|spa|1\n|-enditem|p1b: Archaludon|Power Herb\n|-anim|p1b: Archaludon|Electro Shot|p2a: Talonflame\n|-supereffective|p2a: Talonflame\n|-damage|p2a: Talonflame|0 fnt\n|faint|p2a: Talonflame\n|move|p1a: Murkrow|Foul Play|p2b: Dragonite\n|-damage|p2b: Dragonite|44\/100\n|\n|upkeep\n|\n|t:|1725989979\n|switch|p2a: Pawmot|Pawmot, L50, F, shiny|100\/100\n|turn|2\n|\n|t:|1725989996\n|-terastallize|p1a: Murkrow|Ghost\n|move|p2a: Pawmot|Fake Out|p1a: Murkrow\n|-immune|p1a: Murkrow\n|move|p1a: Murkrow|Tailwind|p1a: Murkrow\n|-sidestart|p1: TwitterJasePokemon|move: Tailwind\n|move|p2b: Dragonite|Outrage|p1a: Murkrow|[from]lockedmove\n|-damage|p1a: Murkrow|0 fnt\n|faint|p1a: Murkrow\n|move|p1b: Archaludon|Flash Cannon|p2a: Pawmot\n|-resisted|p2a: Pawmot\n|-damage|p2a: Pawmot|40\/100\n|\n|upkeep\n|\n|t:|1725990005\n|switch|p1a: Meowscarada|Meowscarada, L50, M|100\/100\n|turn|3\n|\n|t:|1725990010\n|switch|p2a: Gholdengo|Gholdengo, L50|100\/100\n|move|p1a: Meowscarada|Flower Trick|p2a: Gholdengo\n|-resisted|p2a: Gholdengo\n|-crit|p2a: Gholdengo\n|-damage|p2a: Gholdengo|74\/100\n|move|p2b: Dragonite|Outrage|p1b: Archaludon|[from]lockedmove\n|-damage|p1b: Archaludon|23\/100\n|-start|p2b: Dragonite|confusion|[fatigue]\n|move|p1b: Archaludon|Flash Cannon|p2b: Dragonite\n|-damage|p2b: Dragonite|0 fnt\n|faint|p2b: Dragonite\n|\n|upkeep\n|\n|t:|1725990012\n|switch|p2b: Pawmot|Pawmot, L50, F, shiny|40\/100\n|turn|4\n|inactive|TwitterJasePokemon has 30 seconds left.\n|\n|t:|1725990045\n|move|p1a: Meowscarada|Flower Trick|p2b: Pawmot\n|-crit|p2b: Pawmot\n|-damage|p2b: Pawmot|0 fnt\n|faint|p2b: Pawmot\n|move|p1b: Archaludon|Draco Meteor|p2a: Gholdengo\n|-resisted|p2a: Gholdengo\n|-damage|p2a: Gholdengo|12\/100\n|-unboost|p1b: Archaludon|spa|2\n|move|p2a: Gholdengo|Make It Rain|p1b: Archaludon|[spread] p1a,p1b\n|-resisted|p1b: Archaludon\n|-enditem|p1a: Meowscarada|Focus Sash\n|-damage|p1a: Meowscarada|1\/100\n|-damage|p1b: Archaludon|0 fnt\n|-unboost|p2a: Gholdengo|spa|1\n|faint|p1b: Archaludon\n|\n|-sideend|p2: nano jump|move: Tailwind\n|upkeep\n|\n|t:|1725990050\n|switch|p1b: Ursaluna|Ursaluna-Bloodmoon, L50, M|100\/100\n|turn|5\n|-message|nano jump forfeited.\n|\n|win|TwitterJasePokemon\n|raw|TwitterJasePokemon's rating: 1657 &rarr; <strong>1679<\/strong><br \/>(+22 for winning)\n|raw|nano jump's rating: 1700 &rarr; <strong>1678<\/strong><br \/>(-22 for losing)\n|l|\u2606nano jump\n|player|p2|\n|l|\u2606TwitterJasePokemon\n|player|p1|\n|l| FigTheFoxVGC\n","uploadtime":1725990260,"views":11,"formatid":"gen9vgc2024regh","rating":1678,"private":0,"password":null}