{"id":"gen9vgc2024regh-2198714562","format":"[Gen 9] VGC 2024 Reg H","players":["ketoconazol","TwitterJasePokemon"],"log":"|j|\u2606ketoconazol\n|j|\u2606TwitterJasePokemon\n|t:|1725990462\n|gametype|doubles\n|player|p1|ketoconazol|grimsley|1649\n|player|p2|TwitterJasePokemon|lucas|1735\n|teamsize|p1|6\n|teamsize|p2|6\n|gen|9\n|tier|[Gen 9] VGC 2024 Reg H\n|rated|\n|rule|Species Clause: Limit one of each Pok\u00e9mon\n|rule|Item Clause: Limit 1 of each item\n|clearpoke\n|poke|p1|Sneasler, L50, M|\n|poke|p1|Indeedee, L50, M|\n|poke|p1|Archaludon, L50, F|\n|poke|p1|Delphox, L50, F|\n|poke|p1|Maushold-Four, L50|\n|poke|p1|Murkrow, L50, M|\n|poke|p2|Archaludon, L50, F|\n|poke|p2|Murkrow, L50, M|\n|poke|p2|Dragonite, L50, F|\n|poke|p2|Gholdengo, L50|\n|poke|p2|Meowscarada, L50, F|\n|poke|p2|Ursaluna-Bloodmoon, L50, M|\n|teampreview|4\n|inactive|Battle timer is ON: inactive players will automatically lose when time's up. (requested by TwitterJasePokemon)\n|\n|t:|1725990485\n|start\n|switch|p1a: Sneasler|Sneasler, L50, M|100\/100\n|switch|p1b: Indeedee|Indeedee, L50, M|100\/100\n|switch|p2a: Ursaluna|Ursaluna-Bloodmoon, L50, M|100\/100\n|switch|p2b: Meowscarada|Meowscarada, L50, F|100\/100\n|-fieldstart|move: Psychic Terrain|[from] ability: Psychic Surge|[of] p1b: Indeedee\n|-enditem|p1a: Sneasler|Psychic Seed\n|-boost|p1a: Sneasler|spd|1|[from] item: Psychic Seed\n|turn|1\n|\n|t:|1725990504\n|switch|p2a: Gholdengo|Gholdengo, L50|100\/100\n|move|p1a: Sneasler|Close Combat|p2a: Gholdengo\n|-immune|p2a: Gholdengo\n|move|p2b: Meowscarada|Knock Off|p1b: Indeedee\n|-supereffective|p1b: Indeedee\n|-enditem|p1b: Indeedee|Focus Sash\n|-damage|p1b: Indeedee|1\/100\n|move|p1b: Indeedee|Tera Blast|p2b: Meowscarada\n|-damage|p2b: Meowscarada|45\/100\n|\n|upkeep\n|turn|2\n|\n|t:|1725990526\n|switch|p1b: Murkrow|Murkrow, L50, M|100\/100\n|-terastallize|p1a: Sneasler|Dark\n|move|p1a: Sneasler|Throat Chop|p2a: Gholdengo\n|-supereffective|p2a: Gholdengo\n|-damage|p2a: Gholdengo|4\/100\n|-start|p2a: Gholdengo|Throat Chop|[silent]\n|move|p2b: Meowscarada|Knock Off|p1b: Murkrow\n|-resisted|p1b: Murkrow\n|-damage|p1b: Murkrow|78\/100\n|-enditem|p1b: Murkrow|Eviolite|[from] move: Knock Off|[of] p2b: Meowscarada\n|move|p2a: Gholdengo|Make It Rain|p1a: Sneasler|[spread] p1a,p1b\n|-damage|p1a: Sneasler|38\/100\n|-damage|p1b: Murkrow|0 fnt\n|-unboost|p2a: Gholdengo|spa|1\n|faint|p1b: Murkrow\n|\n|upkeep\n|\n|t:|1725990538\n|switch|p1b: Archaludon|Archaludon, L50, F|100\/100\n|turn|3\n|\n|t:|1725990549\n|move|p1a: Sneasler|Dire Claw|p2b: Meowscarada\n|-supereffective|p2b: Meowscarada\n|-damage|p2b: Meowscarada|0 fnt\n|faint|p2b: Meowscarada\n|move|p1b: Archaludon|Flash Cannon|p2a: Gholdengo\n|-resisted|p2a: Gholdengo\n|-damage|p2a: Gholdengo|0 fnt\n|faint|p2a: Gholdengo\n|\n|upkeep\n|\n|t:|1725990555\n|switch|p2b: Ursaluna|Ursaluna-Bloodmoon, L50, M|100\/100\n|switch|p2a: Archaludon|Archaludon, L50, F|100\/100\n|turn|4\n|j| FigTheFoxVGC\n|\n|t:|1725990570\n|-terastallize|p2b: Ursaluna|Normal\n|move|p1a: Sneasler|Protect|p1a: Sneasler\n|-singleturn|p1a: Sneasler|Protect\n|move|p1b: Archaludon|Protect|p1b: Archaludon\n|-singleturn|p1b: Archaludon|Protect\n|move|p2a: Archaludon|Protect|p2a: Archaludon\n|-singleturn|p2a: Archaludon|Protect\n|move|p2b: Ursaluna|Hyper Voice|p1a: Sneasler|[spread] \n|-activate|p1a: Sneasler|move: Protect\n|-activate|p1b: Archaludon|move: Protect\n|\n|upkeep\n|turn|5\n|\n|t:|1725990589\n|move|p1a: Sneasler|Close Combat|p2a: Archaludon\n|-supereffective|p2a: Archaludon\n|-ability|p2a: Archaludon|Sturdy\n|-damage|p2a: Archaludon|1\/100\n|-unboost|p1a: Sneasler|def|1\n|-unboost|p1a: Sneasler|spd|1\n|move|p1b: Archaludon|Electro Shot||[still]\n|-prepare|p1b: Archaludon|Electro Shot\n|-boost|p1b: Archaludon|spa|1\n|-enditem|p1b: Archaludon|Power Herb\n|-anim|p1b: Archaludon|Electro Shot|p2a: Archaludon\n|-resisted|p2a: Archaludon\n|-damage|p2a: Archaludon|0 fnt\n|faint|p2a: Archaludon\n|move|p2b: Ursaluna|Hyper Voice|p1b: Archaludon|[spread] p1a,p1b\n|-resisted|p1b: Archaludon\n|-damage|p1a: Sneasler|0 fnt\n|-damage|p1b: Archaludon|61\/100\n|faint|p1a: Sneasler\n|\n|-fieldend|move: Psychic Terrain\n|upkeep\n|j| Millamojake\n|\n|t:|1725990601\n|switch|p1a: Indeedee|Indeedee, L50, M|1\/100\n|-fieldstart|move: Psychic Terrain|[from] ability: Psychic Surge|[of] p1a: Indeedee\n|turn|6\n|\n|t:|1725990609\n|move|p1a: Indeedee|Expanding Force|p2b: Ursaluna\n|-damage|p2b: Ursaluna|55\/100\n|move|p1b: Archaludon|Flash Cannon|p2b: Ursaluna\n|-damage|p2b: Ursaluna|11\/100\n|move|p2b: Ursaluna|Earth Power|p1b: Archaludon\n|-supereffective|p1b: Archaludon\n|-damage|p1b: Archaludon|0 fnt\n|faint|p1b: Archaludon\n|\n|upkeep\n|turn|7\n|\n|t:|1725990616\n|move|p1a: Indeedee|Expanding Force|p2b: Ursaluna\n|-damage|p2b: Ursaluna|0 fnt\n|faint|p2b: Ursaluna\n|\n|win|ketoconazol\n|raw|ketoconazol's rating: 1649 &rarr; <strong>1674<\/strong><br \/>(+25 for winning)\n|raw|TwitterJasePokemon's rating: 1735 &rarr; <strong>1710<\/strong><br \/>(-25 for losing)\n|l|\u2606TwitterJasePokemon\n|player|p2|\n|l| FigTheFoxVGC\n|l|\u2606ketoconazol\n|player|p1|\n|l| Millamojake\n","uploadtime":1725990815,"views":20,"formatid":"gen9vgc2024regh","rating":1674,"private":0,"password":null}