{"id":"gen9vgc2024regh-2198724889","format":"[Gen 9] VGC 2024 Reg H","players":["TwitterJasePokemon","plyingfress"],"log":"|j|\u2606TwitterJasePokemon\n|j|\u2606plyingfress\n|t:|1725991368\n|gametype|doubles\n|player|p1|TwitterJasePokemon|lucas|1702\n|player|p2|plyingfress|101|1671\n|teamsize|p1|6\n|teamsize|p2|6\n|gen|9\n|tier|[Gen 9] VGC 2024 Reg H\n|rated|\n|rule|Species Clause: Limit one of each Pok\u00e9mon\n|rule|Item Clause: Limit 1 of each item\n|clearpoke\n|poke|p1|Archaludon, L50, F|\n|poke|p1|Murkrow, L50, M|\n|poke|p1|Dragonite, L50, M|\n|poke|p1|Gholdengo, L50|\n|poke|p1|Meowscarada, L50, M|\n|poke|p1|Ursaluna-Bloodmoon, L50, M|\n|poke|p2|Ursaluna-Bloodmoon, L50, M|\n|poke|p2|Incineroar, L50, F|\n|poke|p2|Rillaboom, L50, F|\n|poke|p2|Whimsicott, L50, F|\n|poke|p2|Palafin, L50, M|\n|poke|p2|Dragonite, L50, F|\n|teampreview|4\n|inactive|Battle timer is ON: inactive players will automatically lose when time's up. (requested by TwitterJasePokemon)\n|inactive|TwitterJasePokemon has 60 seconds left.\n|inactive|plyingfress has 60 seconds left.\n|j| BonoboF\n|j| Therazer456\n|inactive|plyingfress has 30 seconds left.\n|\n|t:|1725991429\n|start\n|switch|p1a: Gholdengo|Gholdengo, L50|100\/100\n|switch|p1b: Ursaluna|Ursaluna-Bloodmoon, L50, M|100\/100\n|switch|p2a: Palafin|Palafin, L50, M|100\/100\n|switch|p2b: Incineroar|Incineroar, L50, F|100\/100\n|-ability|p2b: Incineroar|Intimidate|boost\n|-unboost|p1a: Gholdengo|atk|1\n|-unboost|p1b: Ursaluna|atk|1\n|turn|1\n|j| FigTheFoxVGC\n|j| mr pogostick\n|\n|t:|1725991450\n|detailschange|p2a: Palafin|Palafin-Hero, L50, M\n|switch|p2a: Whimsicott|Whimsicott, L50, F|100\/100\n|-terastallize|p1a: Gholdengo|Steel\n|move|p2b: Incineroar|Fake Out|p1b: Ursaluna\n|-damage|p1b: Ursaluna|93\/100\n|move|p1a: Gholdengo|Make It Rain|p2b: Incineroar|[spread] p2a,p2b\n|-supereffective|p2a: Whimsicott\n|-resisted|p2b: Incineroar\n|-enditem|p2a: Whimsicott|Focus Sash\n|-damage|p2a: Whimsicott|1\/100\n|-damage|p2b: Incineroar|62\/100\n|-unboost|p1a: Gholdengo|spa|1\n|cant|p1b: Ursaluna|flinch\n|\n|upkeep\n|turn|2\n|\n|t:|1725991472\n|move|p2a: Whimsicott|Tailwind|p2a: Whimsicott\n|-sidestart|p2: plyingfress|move: Tailwind\n|move|p2b: Incineroar|Flare Blitz|p1a: Gholdengo\n|-supereffective|p1a: Gholdengo\n|-damage|p1a: Gholdengo|0 fnt\n|faint|p1a: Gholdengo\n|-damage|p2b: Incineroar|35\/100|[from] Recoil\n|move|p1b: Ursaluna|Earth Power|p2b: Incineroar\n|-supereffective|p2b: Incineroar\n|-damage|p2b: Incineroar|0 fnt\n|faint|p2b: Incineroar\n|\n|upkeep\n|\n|t:|1725991484\n|switch|p1a: Dragonite|Dragonite, L50, M|100\/100\n|switch|p2b: Palafin|Palafin-Hero, L50, M|100\/100\n|-activate|p2b: Palafin|ability: Zero to Hero\n|turn|3\n|inactive|plyingfress has 30 seconds left.\n|inactive|plyingfress has 20 seconds left.\n|inactive|plyingfress has 15 seconds left.\n|\n|t:|1725991527\n|move|p2a: Whimsicott|Protect|p2a: Whimsicott\n|-singleturn|p2a: Whimsicott|Protect\n|move|p1b: Ursaluna|Vacuum Wave|p2a: Whimsicott\n|-activate|p2a: Whimsicott|move: Protect\n|move|p2b: Palafin|Wave Crash|p1b: Ursaluna\n|-supereffective|p1b: Ursaluna\n|-damage|p1b: Ursaluna|0 fnt\n|faint|p1b: Ursaluna\n|-damage|p2b: Palafin|68\/100|[from] Recoil\n|move|p1a: Dragonite|Outrage|p2a: Whimsicott\n|-activate|p2a: Whimsicott|move: Protect\n|\n|upkeep\n|\n|t:|1725991540\n|switch|p1b: Archaludon|Archaludon, L50, F|100\/100\n|turn|4\n|\n|t:|1725991559\n|-terastallize|p2b: Palafin|Water\n|move|p2a: Whimsicott|Moonblast|p1a: Dragonite\n|-supereffective|p1a: Dragonite\n|-damage|p1a: Dragonite|62\/100\n|-unboost|p1a: Dragonite|spa|1\n|move|p2b: Palafin|Wave Crash|p1a: Dragonite\n|-resisted|p1a: Dragonite\n|-damage|p1a: Dragonite|0 fnt\n|faint|p1a: Dragonite\n|-damage|p2b: Palafin|50\/100|[from] Recoil\n|move|p1b: Archaludon|Flash Cannon|p2a: Whimsicott\n|-supereffective|p2a: Whimsicott\n|-damage|p2a: Whimsicott|0 fnt\n|faint|p2a: Whimsicott\n|\n|upkeep\n|\n|t:|1725991570\n|switch|p2a: Ursaluna|Ursaluna-Bloodmoon, L50, M|100\/100\n|turn|5\n|\n|t:|1725991576\n|move|p1b: Archaludon|Protect|p1b: Archaludon\n|-singleturn|p1b: Archaludon|Protect\n|move|p2b: Palafin|Wave Crash|p1b: Archaludon\n|-activate|p1b: Archaludon|move: Protect\n|move|p2a: Ursaluna|Earth Power|p1b: Archaludon\n|-activate|p1b: Archaludon|move: Protect\n|\n|-sideend|p2: plyingfress|move: Tailwind\n|upkeep\n|turn|6\n|\n|t:|1725991590\n|move|p2b: Palafin|Wave Crash|p1b: Archaludon\n|-resisted|p1b: Archaludon\n|-crit|p1b: Archaludon\n|-damage|p1b: Archaludon|22\/100\n|-damage|p2b: Palafin|28\/100|[from] Recoil\n|move|p1b: Archaludon|Electro Shot||[still]\n|-prepare|p1b: Archaludon|Electro Shot\n|-boost|p1b: Archaludon|spa|1\n|-enditem|p1b: Archaludon|Power Herb\n|-anim|p1b: Archaludon|Electro Shot|p2b: Palafin\n|-supereffective|p2b: Palafin\n|-damage|p2b: Palafin|0 fnt\n|faint|p2b: Palafin\n|move|p2a: Ursaluna|Earth Power|p1b: Archaludon\n|-supereffective|p1b: Archaludon\n|-damage|p1b: Archaludon|0 fnt\n|faint|p1b: Archaludon\n|-damage|p2a: Ursaluna|91\/100|[from] item: Life Orb\n|\n|win|plyingfress\n|raw|TwitterJasePokemon's rating: 1702 &rarr; <strong>1680<\/strong><br \/>(-22 for losing)\n|raw|plyingfress's rating: 1671 &rarr; <strong>1693<\/strong><br \/>(+22 for winning)\n|l|\u2606TwitterJasePokemon\n|player|p1|\n|l|\u2606plyingfress\n|player|p2|\n|l| mr pogostick\n|l| FigTheFoxVGC\n|l| Therazer456\n|l| BonoboF\n","uploadtime":1725991786,"views":17,"formatid":"gen9vgc2024regh","rating":1680,"private":0,"password":null}