{"id":"gen9vgc2024regh-2198062580","format":"[Gen 9] VGC 2024 Reg H","players":["Ibrahimovicvgc","bwahacough"],"log":"|j|\u2606Ibrahimovicvgc\n|j|\u2606bwahacough\n|t:|1725911788\n|gametype|doubles\n|player|p1|Ibrahimovicvgc|1|1787\n|player|p2|bwahacough|medium|1778\n|teamsize|p1|6\n|teamsize|p2|6\n|gen|9\n|tier|[Gen 9] VGC 2024 Reg H\n|rated|\n|rule|Species Clause: Limit one of each Pok\u00e9mon\n|rule|Item Clause: Limit 1 of each item\n|clearpoke\n|poke|p1|Gholdengo, L50|\n|poke|p1|Talonflame, L50, M|\n|poke|p1|Dragonite, L50, M|\n|poke|p1|Dondozo, L50, F|\n|poke|p1|Tatsugiri, L50, F|\n|poke|p1|Clodsire, L50, F|\n|poke|p2|Lycanroc, L50, M|\n|poke|p2|Tyranitar, L50, M|\n|poke|p2|Indeedee-F, L50, F|\n|poke|p2|Murkrow, L50, F|\n|poke|p2|Garchomp, L50, F|\n|poke|p2|Gholdengo, L50|\n|teampreview|4\n|inactive|Battle timer is ON: inactive players will automatically lose when time's up. (requested by Ibrahimovicvgc)\n|inactive|Ibrahimovicvgc has 60 seconds left.\n|\n|t:|1725911843\n|start\n|switch|p1a: Gholdengo|Gholdengo, L50|100\/100\n|switch|p1b: Dondozo|Dondozo, L50, F|100\/100\n|switch|p2a: Lycanroc|Lycanroc, L50, M, shiny|100\/100\n|switch|p2b: Tyranitar|Tyranitar, L50, M|100\/100\n|-weather|Sandstorm|[from] ability: Sand Stream|[of] p2b: Tyranitar\n|turn|1\n|j| Henristormer99\n|j| PlagueWagon\n|\n|t:|1725911863\n|-terastallize|p1a: Gholdengo|Steel\n|-terastallize|p2b: Tyranitar|Flying\n|move|p2a: Lycanroc|Protect|p2a: Lycanroc\n|-singleturn|p2a: Lycanroc|Protect\n|move|p1a: Gholdengo|Make It Rain|p2a: Lycanroc|[spread] p2b\n|-activate|p2a: Lycanroc|move: Protect\n|-damage|p2b: Tyranitar|47\/100\n|-unboost|p1a: Gholdengo|spa|1\n|move|p1b: Dondozo|Wave Crash|p2b: Tyranitar\n|-damage|p2b: Tyranitar|6\/100\n|-damage|p1b: Dondozo|88\/100|[from] Recoil\n|move|p2b: Tyranitar|Knock Off|p1a: Gholdengo\n|-damage|p1a: Gholdengo|34\/100\n|-enditem|p1a: Gholdengo|Choice Specs|[from] move: Knock Off|[of] p2b: Tyranitar\n|\n|-weather|Sandstorm|[upkeep]\n|-damage|p1b: Dondozo|82\/100|[from] Sandstorm\n|-damage|p2b: Tyranitar|0 fnt|[from] Sandstorm\n|faint|p2b: Tyranitar\n|-heal|p1b: Dondozo|88\/100|[from] item: Leftovers\n|upkeep\n|\n|t:|1725911868\n|switch|p2b: Garchomp|Garchomp, L50, F, shiny|100\/100\n|turn|2\n|inactive|Ibrahimovicvgc has 30 seconds left.\n|\n|t:|1725911897\n|switch|p1a: Tatsugiri|Tatsugiri, L50, F|100\/100\n|-activate|p1a: Tatsugiri|ability: Commander|[of] p1b: Dondozo\n|-boost|p1b: Dondozo|atk|2\n|-boost|p1b: Dondozo|spa|2\n|-boost|p1b: Dondozo|spe|2\n|-boost|p1b: Dondozo|def|2\n|-boost|p1b: Dondozo|spd|2\n|move|p2a: Lycanroc|Close Combat|p1a: Tatsugiri|[miss]\n|-miss|p2a: Lycanroc|p1a: Tatsugiri\n|move|p1b: Dondozo|Order Up|p2b: Garchomp\n|-supereffective|p2b: Garchomp\n|-damage|p2b: Garchomp|0 fnt\n|faint|p2b: Garchomp\n|-boost|p1b: Dondozo|atk|1\n|\n|-weather|Sandstorm|[upkeep]\n|-damage|p1b: Dondozo|82\/100|[from] Sandstorm\n|-damage|p1a: Tatsugiri|95\/100|[from] Sandstorm\n|-heal|p1b: Dondozo|88\/100|[from] item: Leftovers\n|upkeep\n|\n|t:|1725911899\n|switch|p2b: Murkrow|Murkrow, L50, F|100\/100\n|turn|3\n|\n|t:|1725911916\n|move|p2b: Murkrow|Haze|p2b: Murkrow\n|-clearallboost\n|move|p2a: Lycanroc|Swords Dance|p2a: Lycanroc\n|-boost|p2a: Lycanroc|atk|2\n|move|p1b: Dondozo|Wave Crash|p2b: Murkrow\n|-damage|p2b: Murkrow|34\/100\n|-damage|p1b: Dondozo|72\/100|[from] Recoil\n|\n|-weather|Sandstorm|[upkeep]\n|-damage|p1a: Tatsugiri|89\/100|[from] Sandstorm\n|-damage|p2b: Murkrow|28\/100|[from] Sandstorm\n|-damage|p1b: Dondozo|66\/100|[from] Sandstorm\n|-heal|p1b: Dondozo|72\/100|[from] item: Leftovers\n|upkeep\n|turn|4\n|j| practice bee\n|c| practice bee|swords dance is rad\n|\n|t:|1725911937\n|move|p2b: Murkrow|Screech|p1b: Dondozo\n|-unboost|p1b: Dondozo|def|2\n|move|p2a: Lycanroc|Close Combat|p1b: Dondozo\n|-damage|p1b: Dondozo|15\/100\n|-unboost|p2a: Lycanroc|def|1\n|-unboost|p2a: Lycanroc|spd|1\n|move|p1b: Dondozo|Wave Crash|p2b: Murkrow\n|-damage|p2b: Murkrow|0 fnt\n|faint|p2b: Murkrow\n|-damage|p1b: Dondozo|8\/100|[from] Recoil\n|\n|-weather|Sandstorm|[upkeep]\n|-damage|p1a: Tatsugiri|84\/100|[from] Sandstorm\n|-damage|p1b: Dondozo|2\/100|[from] Sandstorm\n|-heal|p1b: Dondozo|8\/100|[from] item: Leftovers\n|upkeep\n|turn|5\n|\n|t:|1725911952\n|move|p2a: Lycanroc|Rock Slide|p1a: Tatsugiri|[spread] p1b\n|-miss|p2a: Lycanroc|p1a: Tatsugiri\n|-damage|p1b: Dondozo|0 fnt\n|faint|p1b: Dondozo\n|\n|-weather|none\n|upkeep\n|\n|t:|1725911960\n|switch|p1b: Gholdengo|Gholdengo, L50, tera:Steel|34\/100\n|turn|6\n|\n|t:|1725911966\n|move|p2a: Lycanroc|Rock Slide|p1b: Gholdengo|[spread] p1a,p1b\n|-resisted|p1b: Gholdengo\n|-damage|p1a: Tatsugiri|0 fnt\n|-damage|p1b: Gholdengo|2\/100\n|faint|p1a: Tatsugiri\n|move|p1b: Gholdengo|Make It Rain|p2a: Lycanroc\n|-supereffective|p2a: Lycanroc\n|-enditem|p2a: Lycanroc|Focus Sash\n|-damage|p2a: Lycanroc|1\/100\n|-unboost|p1b: Gholdengo|spa|1\n|\n|upkeep\n|\n|t:|1725911973\n|switch|p1a: Clodsire|Clodsire, L50, F|100\/100\n|turn|7\n|\n|t:|1725911980\n|move|p2a: Lycanroc|Rock Slide|p1a: Clodsire|[spread] p1a,p1b\n|-resisted|p1a: Clodsire\n|-resisted|p1b: Gholdengo\n|-damage|p1a: Clodsire|65\/100\n|-damage|p1b: Gholdengo|0 fnt\n|faint|p1b: Gholdengo\n|cant|p1a: Clodsire|flinch\n|\n|upkeep\n|turn|8\n|\n|t:|1725911989\n|move|p2a: Lycanroc|Close Combat|p1a: Clodsire\n|-resisted|p1a: Clodsire\n|-crit|p1a: Clodsire\n|-damage|p1a: Clodsire|0 fnt\n|-unboost|p2a: Lycanroc|def|1\n|-unboost|p2a: Lycanroc|spd|1\n|faint|p1a: Clodsire\n|\n|win|bwahacough\n|raw|Ibrahimovicvgc's rating: 1787 &rarr; <strong>1767<\/strong><br \/>(-20 for losing)\n|raw|bwahacough's rating: 1785 &rarr; <strong>1805<\/strong><br \/>(+20 for winning)\n|c| practice bee|NO WAY\n|c| practice bee|NO FREEAKIN WAY\n|l| Henristormer99\n|l| PlagueWagon\n","uploadtime":1725912016,"views":203,"formatid":"gen9vgc2024regh","rating":1767,"private":0,"password":null}