{"id":"gen9vgc2024regh-2198446047","format":"[Gen 9] VGC 2024 Reg H","players":["kojimuranishi","wuyao"],"log":"|j|\u2606kojimuranishi\n|j|\u2606wuyao\n|t:|1725962645\n|gametype|doubles\n|player|p1|kojimuranishi|265|1656\n|player|p2|wuyao|lyra|1694\n|teamsize|p1|6\n|teamsize|p2|6\n|gen|9\n|tier|[Gen 9] VGC 2024 Reg H\n|rated|\n|rule|Species Clause: Limit one of each Pok\u00e9mon\n|rule|Item Clause: Limit 1 of each item\n|clearpoke\n|poke|p1|Incineroar, L50, F|\n|poke|p1|Gholdengo, L50|\n|poke|p1|Ursaluna-Bloodmoon, L50, M|\n|poke|p1|Whimsicott, L50, F|\n|poke|p1|Dragonite, L50, F|\n|poke|p1|Primarina, L50, M|\n|poke|p2|Annihilape, L50, F|\n|poke|p2|Meowscarada, L50, F|\n|poke|p2|Primarina, L50, F|\n|poke|p2|Ursaluna-Bloodmoon, L50, M|\n|poke|p2|Archaludon, L50, M|\n|poke|p2|Maushold, L50|\n|teampreview|4\n|inactive|Battle timer is ON: inactive players will automatically lose when time's up. (requested by kojimuranishi)\n|\n|t:|1725962667\n|start\n|switch|p1a: Whimsicott|Whimsicott, L50, F|100\/100\n|switch|p1b: Gholdengo|Gholdengo, L50|100\/100\n|switch|p2a: Annihilape|Annihilape, L50, F|100\/100\n|switch|p2b: Maushold|Maushold, L50|100\/100\n|turn|1\n|inactive|wuyao has 30 seconds left.\n|\n|t:|1725962693\n|-terastallize|p1b: Gholdengo|Steel\n|move|p2b: Maushold|Protect|p2b: Maushold\n|-singleturn|p2b: Maushold|Protect\n|move|p1a: Whimsicott|Tailwind|p1a: Whimsicott\n|-sidestart|p1: kojimuranishi|move: Tailwind\n|move|p1b: Gholdengo|Make It Rain|p2a: Annihilape|[spread] p2a\n|-activate|p2b: Maushold|move: Protect\n|-damage|p2a: Annihilape|2\/100\n|-unboost|p1b: Gholdengo|spa|1\n|move|p2a: Annihilape|Close Combat|p1b: Gholdengo\n|-supereffective|p1b: Gholdengo\n|-damage|p1b: Gholdengo|0 fnt\n|-unboost|p2a: Annihilape|def|1\n|-unboost|p2a: Annihilape|spd|1\n|faint|p1b: Gholdengo\n|\n|upkeep\n|\n|t:|1725962713\n|switch|p1b: Ursaluna|Ursaluna-Bloodmoon, L50, M|100\/100\n|turn|2\n|\n|t:|1725962728\n|move|p1a: Whimsicott|Moonblast|p2b: Maushold\n|-damage|p2b: Maushold|42\/100\n|move|p1b: Ursaluna|Hyper Voice|p2b: Maushold|[spread] p2a,p2b\n|-damage|p2a: Annihilape|0 fnt\n|-damage|p2b: Maushold|0 fnt\n|faint|p2a: Annihilape\n|faint|p2b: Maushold\n|-damage|p1b: Ursaluna|91\/100|[from] item: Life Orb\n|\n|upkeep\n|\n|t:|1725962739\n|switch|p2b: Meowscarada|Meowscarada, L50, F|100\/100\n|switch|p2a: Archaludon|Archaludon, L50, M|100\/100\n|turn|3\n|inactive|kojimuranishi has 30 seconds left.\n|inactive|kojimuranishi has 20 seconds left.\n|\n|t:|1725962777\n|move|p2b: Meowscarada|Protect|p2b: Meowscarada\n|-singleturn|p2b: Meowscarada|Protect\n|move|p1a: Whimsicott|Moonblast|p2b: Meowscarada\n|-activate|p2b: Meowscarada|move: Protect\n|move|p1b: Ursaluna|Hyper Voice|p2a: Archaludon|[spread] p2a\n|-activate|p2b: Meowscarada|move: Protect\n|-resisted|p2a: Archaludon\n|-damage|p2a: Archaludon|64\/100\n|-damage|p1b: Ursaluna|81\/100|[from] item: Life Orb\n|move|p2a: Archaludon|Draco Meteor|p1b: Ursaluna\n|-damage|p1b: Ursaluna|0 fnt\n|-unboost|p2a: Archaludon|spa|2\n|faint|p1b: Ursaluna\n|\n|upkeep\n|\n|t:|1725962793\n|switch|p1b: Dragonite|Dragonite, L50, F|100\/100\n|turn|4\n|inactive|wuyao has 30 seconds left.\n|inactive|wuyao has 20 seconds left.\n|j| hackervgc\n|inactive|wuyao has 15 seconds left.\n|inactive|wuyao has 10 seconds left.\n|inactive|wuyao has 5 seconds left.\n|\n|t:|1725962847\n|move|p2b: Meowscarada|Protect||[still]\n|-fail|p2b: Meowscarada\n|move|p2a: Archaludon|Protect|p2a: Archaludon\n|-singleturn|p2a: Archaludon|Protect\n|move|p1a: Whimsicott|Moonblast|p2b: Meowscarada\n|-supereffective|p2b: Meowscarada\n|-enditem|p2b: Meowscarada|Focus Sash\n|-damage|p2b: Meowscarada|1\/100\n|-unboost|p2b: Meowscarada|spa|1\n|move|p1b: Dragonite|Outrage|p2a: Archaludon\n|-activate|p2a: Archaludon|move: Protect\n|\n|-sideend|p1: kojimuranishi|move: Tailwind\n|upkeep\n|turn|5\n|\n|t:|1725962872\n|-terastallize|p2a: Archaludon|Stellar\n|move|p1a: Whimsicott|Tailwind|p1a: Whimsicott\n|-sidestart|p1: kojimuranishi|move: Tailwind\n|move|p1b: Dragonite|Outrage|p2a: Archaludon\n|-damage|p2a: Archaludon|0 fnt\n|faint|p2a: Archaludon\n|move|p2b: Meowscarada|Knock Off|p1b: Dragonite\n|-damage|p1b: Dragonite|79\/100\n|-enditem|p1b: Dragonite|Choice Band|[from] move: Knock Off|[of] p2b: Meowscarada\n|\n|upkeep\n|turn|6\n|inactive|wuyao has 30 seconds left.\n|inactive|wuyao has 20 seconds left.\n|inactive|wuyao has 15 seconds left.\n|l|\u2606kojimuranishi\n|inactive|kojimuranishi disconnected and has a minute to reconnect!\n|player|p1|\n|inactive|wuyao has 10 seconds left.\n|inactive|wuyao has 5 seconds left.\n|\n|t:|1725962927\n|move|p1a: Whimsicott|Moonblast|p2b: Meowscarada\n|-supereffective|p2b: Meowscarada\n|-crit|p2b: Meowscarada\n|-damage|p2b: Meowscarada|0 fnt\n|faint|p2b: Meowscarada\n|\n|win|kojimuranishi\n|raw|kojimuranishi's rating: 1656 &rarr; <strong>1678<\/strong><br \/>(+22 for winning)\n|raw|wuyao's rating: 1694 &rarr; <strong>1672<\/strong><br \/>(-22 for losing)\n|l| hackervgc\n|l|\u2606wuyao\n|player|p2|\n|j|\u2606kojimuranishi\n|player|p1|kojimuranishi|265|\n|l|\u2606kojimuranishi\n|player|p1|\n","uploadtime":1725963125,"views":17,"formatid":"gen9vgc2024regh","rating":1672,"private":0,"password":null}