{"id":"gen9vgc2024regh-2198704601","format":"[Gen 9] VGC 2024 Reg H","players":["Wild248","nano jump"],"log":"|j|\u2606Wild248\n|j|\u2606nano jump\n|t:|1725989613\n|gametype|doubles\n|player|p1|Wild248|170|1660\n|player|p2|nano jump|steven-masters|1724\n|teamsize|p1|6\n|teamsize|p2|6\n|gen|9\n|tier|[Gen 9] VGC 2024 Reg H\n|rated|\n|rule|Species Clause: Limit one of each Pok\u00e9mon\n|rule|Item Clause: Limit 1 of each item\n|clearpoke\n|poke|p1|Pelipper, L50, M|\n|poke|p1|Archaludon, L50, M|\n|poke|p1|Basculegion, L50, M|\n|poke|p1|Toxicroak, L50, M|\n|poke|p1|Ludicolo, L50, M|\n|poke|p1|Incineroar, L50, M|\n|poke|p2|Dondozo, L50, M|\n|poke|p2|Tatsugiri-Stretchy, L50, F|\n|poke|p2|Pawmot, L50, M|\n|poke|p2|Dragonite, L50, M|\n|poke|p2|Talonflame, L50, F|\n|poke|p2|Gholdengo, L50|\n|teampreview|4\n|inactive|Battle timer is ON: inactive players will automatically lose when time's up. (requested by nano jump)\n|inactive|Wild248 has 60 seconds left.\n|\n|t:|1725989669\n|start\n|switch|p1a: Pelipper|Pelipper, L50, M|100\/100\n|switch|p1b: Basculegion|Basculegion, L50, M|100\/100\n|switch|p2a: Dragonite|Dragonite, L50, M, shiny|100\/100\n|switch|p2b: Pawmot|Pawmot, L50, M, shiny|100\/100\n|-weather|RainDance|[from] ability: Drizzle|[of] p1a: Pelipper\n|turn|1\n|\n|t:|1725989691\n|-terastallize|p1a: Pelipper|Ghost\n|move|p1b: Basculegion|Flip Turn|p2b: Pawmot\n|-enditem|p2b: Pawmot|Focus Sash\n|-damage|p2b: Pawmot|1\/100\n|\n|t:|1725989700\n|switch|p1b: Archaludon|Archaludon, L50, M|100\/100|[from] Flip Turn\n|move|p2b: Pawmot|Double Shock|p1b: Archaludon\n|-resisted|p1b: Archaludon\n|-damage|p1b: Archaludon|78\/100\n|-start|p2b: Pawmot|typechange|???\/Fighting|[from] move: Double Shock\n|-ability|p1b: Archaludon|Stamina|boost\n|-boost|p1b: Archaludon|def|1\n|move|p2a: Dragonite|Outrage|p1b: Archaludon\n|-damage|p1b: Archaludon|33\/100\n|-ability|p1b: Archaludon|Stamina|boost\n|-boost|p1b: Archaludon|def|1\n|move|p1a: Pelipper|Tailwind|p1a: Pelipper\n|-sidestart|p1: Wild248|move: Tailwind\n|\n|-weather|RainDance|[upkeep]\n|upkeep\n|turn|2\n|\n|t:|1725989722\n|move|p1a: Pelipper|Weather Ball|p2b: Pawmot\n|-damage|p2b: Pawmot|0 fnt\n|faint|p2b: Pawmot\n|move|p1b: Archaludon|Draco Meteor|p2a: Dragonite\n|-supereffective|p2a: Dragonite\n|-damage|p2a: Dragonite|0 fnt\n|-unboost|p1b: Archaludon|spa|2\n|faint|p2a: Dragonite\n|\n|-weather|RainDance|[upkeep]\n|upkeep\n|\n|t:|1725989725\n|switch|p2b: Tatsugiri|Tatsugiri-Stretchy, L50, F|100\/100\n|switch|p2a: Dondozo|Dondozo, L50, M, shiny|100\/100\n|-activate|p2b: Tatsugiri|ability: Commander|[of] p2a: Dondozo\n|-boost|p2a: Dondozo|atk|2\n|-boost|p2a: Dondozo|spa|2\n|-boost|p2a: Dondozo|spe|2\n|-boost|p2a: Dondozo|def|2\n|-boost|p2a: Dondozo|spd|2\n|turn|3\n|inactive|nano jump has 30 seconds left.\n|inactive|nano jump has 20 seconds left.\n|\n|t:|1725989762\n|switch|p1a: Ludicolo|Ludicolo, L50, M|100\/100\n|move|p1b: Archaludon|Electro Shot||[still]\n|-prepare|p1b: Archaludon|Electro Shot\n|-boost|p1b: Archaludon|spa|1\n|-anim|p1b: Archaludon|Electro Shot|p2a: Dondozo\n|-supereffective|p2a: Dondozo\n|-damage|p2a: Dondozo|74\/100\n|move|p2a: Dondozo|Order Up|p1b: Archaludon\n|-crit|p1b: Archaludon\n|-damage|p1b: Archaludon|0 fnt\n|faint|p1b: Archaludon\n|-boost|p2a: Dondozo|spe|1\n|\n|-weather|RainDance|[upkeep]\n|upkeep\n|\n|t:|1725989784\n|switch|p1b: Basculegion|Basculegion, L50, M|100\/100\n|turn|4\n|inactive|nano jump has 30 seconds left.\n|\n|t:|1725989814\n|-terastallize|p2a: Dondozo|Steel\n|move|p1a: Ludicolo|Fake Out|p2a: Dondozo\n|-resisted|p2a: Dondozo\n|-damage|p2a: Dondozo|72\/100\n|-damage|p1a: Ludicolo|91\/100|[from] item: Life Orb\n|move|p1b: Basculegion|Last Respects|p2a: Dondozo\n|-damage|p2a: Dondozo|48\/100\n|move|p2a: Dondozo|Rest|p2a: Dondozo\n|-status|p2a: Dondozo|slp|[from] move: Rest\n|-heal|p2a: Dondozo|100\/100 slp|[silent]\n|\n|-weather|RainDance|[upkeep]\n|-sideend|p1: Wild248|move: Tailwind\n|upkeep\n|turn|5\n|\n|t:|1725989827\n|switch|p1b: Pelipper|Pelipper, L50, M, tera:Ghost|100\/100\n|move|p1a: Ludicolo|Muddy Water|p2b: Tatsugiri|[spread] p2a\n|-miss|p1a: Ludicolo|p2b: Tatsugiri\n|-damage|p2a: Dondozo|80\/100 slp\n|-damage|p1a: Ludicolo|81\/100|[from] item: Life Orb\n|cant|p2a: Dondozo|slp\n|move|p2a: Dondozo|Sleep Talk|p2a: Dondozo\n|move|p2a: Dondozo|Fissure|p1a: Ludicolo|[from]move: Sleep Talk|[miss]\n|-miss|p2a: Dondozo|p1a: Ludicolo\n|\n|-weather|none\n|upkeep\n|turn|6\n|\n|t:|1725989833\n|switch|p1b: Basculegion|Basculegion, L50, M|100\/100\n|cant|p2a: Dondozo|slp\n|move|p1a: Ludicolo|Muddy Water|p2b: Tatsugiri|[spread] p2a\n|-miss|p1a: Ludicolo|p2b: Tatsugiri\n|-damage|p2a: Dondozo|67\/100 slp\n|-damage|p1a: Ludicolo|72\/100|[from] item: Life Orb\n|\n|upkeep\n|turn|7\n|\n|t:|1725989843\n|switch|p1a: Pelipper|Pelipper, L50, M, tera:Ghost|100\/100\n|-weather|RainDance|[from] ability: Drizzle|[of] p1a: Pelipper\n|move|p1b: Basculegion|Wave Crash|p2a: Dondozo\n|-damage|p2a: Dondozo|26\/100 slp\n|-damage|p1b: Basculegion|83\/100|[from] Recoil\n|-curestatus|p2a: Dondozo|slp|[msg]\n|move|p2a: Dondozo|Rest|p2a: Dondozo\n|-status|p2a: Dondozo|slp|[from] move: Rest\n|-heal|p2a: Dondozo|100\/100 slp|[silent]\n|\n|-weather|RainDance|[upkeep]\n|upkeep\n|turn|8\n|\n|t:|1725989859\n|move|p1b: Basculegion|Wave Crash|p2a: Dondozo\n|-damage|p2a: Dondozo|55\/100 slp\n|-damage|p1b: Basculegion|64\/100|[from] Recoil\n|cant|p2a: Dondozo|slp\n|move|p2a: Dondozo|Sleep Talk|p2a: Dondozo\n|move|p2a: Dondozo|Rest||[from]move: Sleep Talk|[still]\n|-fail|p2a: Dondozo\n|move|p1a: Pelipper|Weather Ball|p2a: Dondozo\n|-damage|p2a: Dondozo|30\/100 slp\n|\n|-weather|RainDance|[upkeep]\n|upkeep\n|turn|9\n|\n|t:|1725989868\n|move|p1b: Basculegion|Wave Crash|p2a: Dondozo\n|-damage|p2a: Dondozo|0 fnt\n|faint|p2a: Dondozo\n|-damage|p1b: Basculegion|52\/100|[from] Recoil\n|move|p1a: Pelipper|Hurricane|p2b: Tatsugiri\n|-damage|p2b: Tatsugiri|32\/100\n|\n|-weather|RainDance|[upkeep]\n|upkeep\n|turn|10\n|\n|t:|1725989878\n|move|p2b: Tatsugiri|Protect|p2b: Tatsugiri\n|-singleturn|p2b: Tatsugiri|Protect\n|move|p1b: Basculegion|Wave Crash|p2b: Tatsugiri\n|-activate|p2b: Tatsugiri|move: Protect\n|move|p1a: Pelipper|Tailwind|p1a: Pelipper\n|-sidestart|p1: Wild248|move: Tailwind\n|\n|-weather|RainDance|[upkeep]\n|upkeep\n|turn|11\n|-message|nano jump forfeited.\n|\n|win|Wild248\n|raw|Wild248's rating: 1660 &rarr; <strong>1684<\/strong><br \/>(+24 for winning)\n|raw|nano jump's rating: 1724 &rarr; <strong>1700<\/strong><br \/>(-24 for losing)\n|l|\u2606nano jump\n|player|p2|\n|l|\u2606Wild248\n|player|p1|\n","uploadtime":1725990121,"views":18,"formatid":"gen9vgc2024regh","rating":1684,"private":0,"password":null}