{"id":"gen9vgc2024regh-2198309459","format":"[Gen 9] VGC 2024 Reg H","players":["Joe Sheboygan","VGCNEOPHYTE"],"log":"|j|\u2606Joe Sheboygan\n|j|\u2606VGCNEOPHYTE\n|t:|1725938919\n|gametype|doubles\n|player|p1|Joe Sheboygan|red|1715\n|player|p2|VGCNEOPHYTE|chuck|1667\n|teamsize|p1|6\n|teamsize|p2|6\n|gen|9\n|tier|[Gen 9] VGC 2024 Reg H\n|rated|\n|rule|Species Clause: Limit one of each Pok\u00e9mon\n|rule|Item Clause: Limit 1 of each item\n|clearpoke\n|poke|p1|Gholdengo, L50|\n|poke|p1|Tyranitar, L50, F|\n|poke|p1|Rillaboom, L50, M|\n|poke|p1|Primarina, L50, F|\n|poke|p1|Talonflame, L50, F|\n|poke|p1|Electabuzz, L50, M|\n|poke|p2|Dondozo, L50, M|\n|poke|p2|Tatsugiri, L50, F|\n|poke|p2|Dragonite, L50, M|\n|poke|p2|Gholdengo, L50|\n|poke|p2|Pawmot, L50, M|\n|poke|p2|Talonflame, L50, F|\n|teampreview|4\n|inactive|Battle timer is ON: inactive players will automatically lose when time's up. (requested by VGCNEOPHYTE)\n|j| Emoney017\n|inactive|VGCNEOPHYTE has 60 seconds left.\n|\n|t:|1725938953\n|start\n|switch|p1a: Gholdengo|Gholdengo, L50|100\/100\n|switch|p1b: Talonflame|Talonflame, L50, F|100\/100\n|switch|p2a: Pawmot|Pawmot, L50, M|100\/100\n|switch|p2b: Dragonite|Dragonite, L50, M|100\/100\n|turn|1\n|inactive|Joe Sheboygan has 30 seconds left.\n|inactive|VGCNEOPHYTE has 30 seconds left.\n|\n|t:|1725938985\n|-terastallize|p1b: Talonflame|Ghost\n|move|p2b: Dragonite|Extreme Speed|p1b: Talonflame\n|-immune|p1b: Talonflame\n|move|p1b: Talonflame|Tailwind|p1b: Talonflame\n|-sidestart|p1: Joe Sheboygan|move: Tailwind\n|move|p1a: Gholdengo|Make It Rain|p2a: Pawmot|[spread] p2a,p2b\n|-resisted|p2a: Pawmot\n|-damage|p2a: Pawmot|42\/100\n|-damage|p2b: Dragonite|48\/100\n|-unboost|p1a: Gholdengo|spa|1\n|-damage|p1a: Gholdengo|91\/100|[from] item: Life Orb\n|move|p2a: Pawmot|Double Shock|p1a: Gholdengo\n|-damage|p1a: Gholdengo|30\/100\n|-start|p2a: Pawmot|typechange|???\/Fighting|[from] move: Double Shock\n|\n|upkeep\n|turn|2\n|inactive|VGCNEOPHYTE has 30 seconds left.\n|\n|t:|1725939011\n|switch|p2a: Talonflame|Talonflame, L50, F|100\/100\n|switch|p2b: Gholdengo|Gholdengo, L50|100\/100\n|move|p1b: Talonflame|Brave Bird|p2b: Gholdengo\n|-resisted|p2b: Gholdengo\n|-damage|p2b: Gholdengo|75\/100\n|-damage|p1b: Talonflame|91\/100|[from] Recoil\n|move|p1a: Gholdengo|Make It Rain|p2a: Talonflame|[spread] p2a,p2b\n|-resisted|p2a: Talonflame\n|-resisted|p2b: Gholdengo\n|-damage|p2a: Talonflame|67\/100\n|-damage|p2b: Gholdengo|53\/100\n|-unboost|p1a: Gholdengo|spa|1\n|-damage|p1a: Gholdengo|20\/100|[from] item: Life Orb\n|\n|upkeep\n|turn|3\n|inactive|VGCNEOPHYTE has 30 seconds left.\n|\n|t:|1725939039\n|switch|p2b: Dragonite|Dragonite, L50, M|48\/100\n|move|p1b: Talonflame|Flare Blitz|p2b: Dragonite\n|-resisted|p2b: Dragonite\n|-damage|p2b: Dragonite|25\/100\n|-damage|p1b: Talonflame|81\/100|[from] Recoil\n|move|p1a: Gholdengo|Shadow Ball|p2a: Talonflame\n|-damage|p2a: Talonflame|27\/100\n|-damage|p1a: Gholdengo|10\/100|[from] item: Life Orb\n|move|p2a: Talonflame|Tailwind|p2a: Talonflame\n|-sidestart|p2: VGCNEOPHYTE|move: Tailwind\n|\n|upkeep\n|turn|4\n|\n|t:|1725939060\n|move|p1b: Talonflame|Brave Bird|p2a: Talonflame\n|-damage|p2a: Talonflame|0 fnt\n|faint|p2a: Talonflame\n|-damage|p1b: Talonflame|72\/100|[from] Recoil\n|move|p1a: Gholdengo|Make It Rain|p2b: Dragonite\n|-damage|p2b: Dragonite|0 fnt\n|-unboost|p1a: Gholdengo|spa|1\n|faint|p2b: Dragonite\n|-damage|p1a: Gholdengo|0 fnt|[from] item: Life Orb\n|faint|p1a: Gholdengo\n|\n|-sideend|p1: Joe Sheboygan|move: Tailwind\n|upkeep\n|\n|t:|1725939074\n|switch|p2a: Pawmot|Pawmot, L50, M|42\/100\n|switch|p1a: Rillaboom|Rillaboom, L50, M|100\/100\n|switch|p2b: Gholdengo|Gholdengo, L50|53\/100\n|-fieldstart|move: Grassy Terrain|[from] ability: Grassy Surge|[of] p1a: Rillaboom\n|turn|5\n|\n|t:|1725939088\n|switch|p1b: Primarina|Primarina, L50, F|100\/100\n|-terastallize|p2b: Gholdengo|Steel\n|move|p2a: Pawmot|Fake Out|p1a: Rillaboom\n|-damage|p1a: Rillaboom|88\/100\n|cant|p1a: Rillaboom|flinch\n|move|p2b: Gholdengo|Make It Rain|p1a: Rillaboom|[spread] p1a,p1b\n|-damage|p1a: Rillaboom|0 fnt\n|-damage|p1b: Primarina|14\/100\n|-unboost|p2b: Gholdengo|spa|1\n|faint|p1a: Rillaboom\n|\n|-heal|p2a: Pawmot|48\/100|[from] Grassy Terrain\n|-heal|p2b: Gholdengo|59\/100|[from] Grassy Terrain\n|-heal|p1b: Primarina|20\/100|[from] Grassy Terrain\n|upkeep\n|\n|t:|1725939094\n|switch|p1a: Talonflame|Talonflame, L50, F, tera:Ghost|72\/100\n|turn|6\n|\n|t:|1725939108\n|move|p2a: Pawmot|Double Shock|p1a: Talonflame\n|-crit|p1a: Talonflame\n|-damage|p1a: Talonflame|0 fnt\n|-start|p2a: Pawmot|typechange|???\/Fighting|[from] move: Double Shock\n|faint|p1a: Talonflame\n|move|p2b: Gholdengo|Make It Rain|p1b: Primarina\n|-damage|p1b: Primarina|0 fnt\n|-unboost|p2b: Gholdengo|spa|1\n|faint|p1b: Primarina\n|\n|win|VGCNEOPHYTE\n|raw|Joe Sheboygan's rating: 1715 &rarr; <strong>1692<\/strong><br \/>(-23 for losing)\n|raw|VGCNEOPHYTE's rating: 1667 &rarr; <strong>1690<\/strong><br \/>(+23 for winning)\n|c|\u2606VGCNEOPHYTE|gg\n|l|\u2606Joe Sheboygan\n|player|p1|\n|l| Emoney017\n|l|\u2606VGCNEOPHYTE\n|player|p2|\n","uploadtime":1725939306,"views":20,"formatid":"gen9vgc2024regh","rating":1690,"private":0,"password":null}