{"id":"gen9vgc2024regh-2198475432","format":"[Gen 9] VGC 2024 Reg H","players":["SeaWolfMikess","123something"],"log":"|badge|p1|bronze|gen9doublesou|100-2\n|uhtml|medal-msg|<div class=\"broadcast-blue\">Curious what those medals under the avatar are? PS now has Ladder Seasons! For more information, check out the <a href=\"https:\/\/www.smogon.com\/forums\/threads\/3740067\/\">thread on Smogon.<\/a><\/div>\n|j|\u2606SeaWolfMikess\n|j|\u2606123something\n|t:|1725967265\n|gametype|doubles\n|player|p1|SeaWolfMikess|hugh|1799\n|player|p2|123something|169|1753\n|teamsize|p1|6\n|teamsize|p2|6\n|gen|9\n|tier|[Gen 9] VGC 2024 Reg H\n|rated|\n|rule|Species Clause: Limit one of each Pok\u00e9mon\n|rule|Item Clause: Limit 1 of each item\n|clearpoke\n|poke|p1|Pelipper, L50, F|\n|poke|p1|Archaludon, L50, M|\n|poke|p1|Rillaboom, L50, M|\n|poke|p1|Incineroar, L50, M|\n|poke|p1|Sneasler, L50, F|\n|poke|p1|Kingambit, L50, M|\n|poke|p2|Whimsicott, L50, F|\n|poke|p2|Typhlosion-Hisui, L50, F|\n|poke|p2|Primarina, L50, M|\n|poke|p2|Meowscarada, L50, M|\n|poke|p2|Tyranitar, L50, M|\n|poke|p2|Annihilape, L50, F|\n|teampreview|4\n|\n|t:|1725967311\n|start\n|switch|p1a: Pelipper|Pelipper, L50, F|100\/100\n|switch|p1b: Archaludon|Archaludon, L50, M|100\/100\n|switch|p2a: Annihilape|Annihilape, L50, F|100\/100\n|switch|p2b: Whimsicott|Whimsicott, L50, F|100\/100\n|-weather|RainDance|[from] ability: Drizzle|[of] p1a: Pelipper\n|turn|1\n|\n|t:|1725967374\n|move|p2b: Whimsicott|Sunny Day|p2b: Whimsicott\n|-weather|SunnyDay\n|move|p1b: Archaludon|Electro Shot||[still]\n|-prepare|p1b: Archaludon|Electro Shot\n|-boost|p1b: Archaludon|spa|1\n|-enditem|p1b: Archaludon|Power Herb\n|-anim|p1b: Archaludon|Electro Shot|p2a: Annihilape\n|-damage|p2a: Annihilape|43\/100\n|-enditem|p2a: Annihilape|Sitrus Berry|[eat]\n|-heal|p2a: Annihilape|68\/100|[from] item: Sitrus Berry\n|move|p2a: Annihilape|Close Combat|p1b: Archaludon\n|-supereffective|p1b: Archaludon\n|-ability|p1b: Archaludon|Sturdy\n|-damage|p1b: Archaludon|1\/100\n|-unboost|p2a: Annihilape|def|1\n|-unboost|p2a: Annihilape|spd|1\n|move|p1a: Pelipper|Tailwind|p1a: Pelipper\n|-sidestart|p1: SeaWolfMikess|move: Tailwind\n|\n|-weather|SunnyDay|[upkeep]\n|upkeep\n|turn|2\n|inactive|Battle timer is ON: inactive players will automatically lose when time's up. (requested by SeaWolfMikess)\n|\n|t:|1725967445\n|switch|p1a: Rillaboom|Rillaboom, L50, M|100\/100\n|-fieldstart|move: Grassy Terrain|[from] ability: Grassy Surge|[of] p1a: Rillaboom\n|switch|p2a: Typhlosion|Typhlosion-Hisui, L50, F|100\/100\n|-item|p1a: Rillaboom|Assault Vest|[from] ability: Frisk|[of] p2a: Typhlosion\n|-terastallize|p2b: Whimsicott|Dark\n|move|p2b: Whimsicott|Tailwind|p2b: Whimsicott\n|-sidestart|p2: 123something|move: Tailwind\n|move|p1b: Archaludon|Dragon Pulse|p2a: Typhlosion\n|-damage|p2a: Typhlosion|11\/100\n|\n|-weather|SunnyDay|[upkeep]\n|-heal|p2a: Typhlosion|17\/100|[from] Grassy Terrain\n|-heal|p1b: Archaludon|7\/100|[from] Grassy Terrain\n|upkeep\n|turn|3\n|inactive|SeaWolfMikess has 30 seconds left.\n|inactive|123something has 30 seconds left.\n|inactive|123something has 20 seconds left.\n|\n|t:|1725967483\n|switch|p2a: Annihilape|Annihilape, L50, F|68\/100\n|switch|p1b: Sneasler|Sneasler, L50, F|100\/100\n|-enditem|p1b: Sneasler|Grassy Seed\n|-boost|p1b: Sneasler|def|1|[from] item: Grassy Seed\n|move|p1a: Rillaboom|Grassy Glide|p2a: Annihilape\n|-damage|p2a: Annihilape|30\/100\n|move|p2b: Whimsicott|Moonblast|p1b: Sneasler\n|-damage|p1b: Sneasler|60\/100\n|\n|-weather|SunnyDay|[upkeep]\n|-heal|p1b: Sneasler|66\/100|[from] Grassy Terrain\n|-heal|p2a: Annihilape|36\/100|[from] Grassy Terrain\n|upkeep\n|turn|4\n|\n|t:|1725967505\n|switch|p2b: Typhlosion|Typhlosion-Hisui, L50, F|17\/100\n|-item|p1a: Rillaboom|Assault Vest|[from] ability: Frisk|[of] p2b: Typhlosion\n|move|p2a: Annihilape|Protect|p2a: Annihilape\n|-singleturn|p2a: Annihilape|Protect\n|move|p1a: Rillaboom|Grassy Glide|p2a: Annihilape\n|-activate|p2a: Annihilape|move: Protect\n|move|p1b: Sneasler|Close Combat|p2b: Typhlosion\n|-immune|p2b: Typhlosion\n|\n|-weather|SunnyDay|[upkeep]\n|-heal|p1b: Sneasler|72\/100|[from] Grassy Terrain\n|-heal|p2b: Typhlosion|23\/100|[from] Grassy Terrain\n|-heal|p2a: Annihilape|42\/100|[from] Grassy Terrain\n|-sideend|p1: SeaWolfMikess|move: Tailwind\n|upkeep\n|turn|5\n|inactive|123something has 30 seconds left.\n|inactive|123something has 20 seconds left.\n|inactive|123something has 15 seconds left.\n|inactive|123something has 10 seconds left.\n|\n|t:|1725967554\n|move|p1b: Sneasler|Throat Chop|p2b: Typhlosion\n|-supereffective|p2b: Typhlosion\n|-damage|p2b: Typhlosion|0 fnt\n|faint|p2b: Typhlosion\n|move|p2a: Annihilape|Rage Fist|p1a: Rillaboom\n|-damage|p1a: Rillaboom|29\/100\n|move|p1a: Rillaboom|Wood Hammer|p2a: Annihilape\n|-damage|p2a: Annihilape|0 fnt\n|faint|p2a: Annihilape\n|-damage|p1a: Rillaboom|15\/100|[from] Recoil\n|\n|-weather|none\n|-heal|p1b: Sneasler|77\/100|[from] Grassy Terrain\n|-heal|p1a: Rillaboom|21\/100|[from] Grassy Terrain\n|-sideend|p2: 123something|move: Tailwind\n|upkeep\n|\n|t:|1725967561\n|switch|p2b: Tyranitar|Tyranitar, L50, M|100\/100\n|switch|p2a: Whimsicott|Whimsicott, L50, F, tera:Dark|100\/100\n|-weather|Sandstorm|[from] ability: Sand Stream|[of] p2b: Tyranitar\n|turn|6\n|\n|t:|1725967575\n|move|p2a: Whimsicott|Tailwind|p2a: Whimsicott\n|-sidestart|p2: 123something|move: Tailwind\n|move|p1b: Sneasler|Close Combat|p2b: Tyranitar\n|-supereffective|p2b: Tyranitar\n|-damage|p2b: Tyranitar|0 fnt\n|-unboost|p1b: Sneasler|def|1\n|-unboost|p1b: Sneasler|spd|1\n|faint|p2b: Tyranitar\n|move|p1a: Rillaboom|Wood Hammer|p2a: Whimsicott\n|-damage|p2a: Whimsicott|31\/100\n|-damage|p1a: Rillaboom|3\/100|[from] Recoil\n|\n|-weather|Sandstorm|[upkeep]\n|-damage|p1b: Sneasler|72\/100|[from] Sandstorm\n|-damage|p2a: Whimsicott|25\/100|[from] Sandstorm\n|-damage|p1a: Rillaboom|0 fnt|[from] Sandstorm\n|faint|p1a: Rillaboom\n|-heal|p1b: Sneasler|77\/100|[from] Grassy Terrain\n|-heal|p2a: Whimsicott|31\/100|[from] Grassy Terrain\n|-fieldend|move: Grassy Terrain\n|upkeep\n|-message|123something forfeited.\n|\n|win|SeaWolfMikess\n|raw|SeaWolfMikess's rating: 1799 &rarr; <strong>1816<\/strong><br \/>(+17 for winning)\n|raw|123something's rating: 1753 &rarr; <strong>1736<\/strong><br \/>(-17 for losing)\n|l|\u2606123something\n|player|p2|\n|l|\u2606SeaWolfMikess\n|player|p1|\n","uploadtime":1725967839,"views":99,"formatid":"gen9vgc2024regh","rating":1736,"private":0,"password":null}