{"id":"gen9vgc2024regh-2198292862","format":"[Gen 9] VGC 2024 Reg H","players":["shahuang","Joe Sheboygan"],"log":"|j|\u2606shahuang\n|j|\u2606Joe Sheboygan\n|t:|1725936759\n|gametype|doubles\n|player|p1|shahuang|lyra|1692\n|player|p2|Joe Sheboygan|red|1736\n|teamsize|p1|6\n|teamsize|p2|6\n|gen|9\n|tier|[Gen 9] VGC 2024 Reg H\n|rated|\n|rule|Species Clause: Limit one of each Pok\u00e9mon\n|rule|Item Clause: Limit 1 of each item\n|clearpoke\n|poke|p1|Annihilape, L50, M|\n|poke|p1|Maushold, L50|\n|poke|p1|Meowscarada, L50, M|\n|poke|p1|Primarina, L50, M|\n|poke|p1|Ursaluna-Bloodmoon, L50, M|\n|poke|p1|Archaludon, L50, F|\n|poke|p2|Gholdengo, L50|\n|poke|p2|Tyranitar, L50, F|\n|poke|p2|Rillaboom, L50, F|\n|poke|p2|Primarina, L50, F|\n|poke|p2|Talonflame, L50, F|\n|poke|p2|Electabuzz, L50, M|\n|teampreview|4\n|\n|t:|1725936821\n|start\n|switch|p1a: Primarina|Primarina, L50, M|100\/100\n|switch|p1b: Meowscarada|Meowscarada, L50, M|100\/100\n|switch|p2a: Tyranitar|Tyranitar, L50, F|100\/100\n|switch|p2b: Talonflame|Talonflame, L50, F|100\/100\n|-weather|Sandstorm|[from] ability: Sand Stream|[of] p2a: Tyranitar\n|turn|1\n|\n|t:|1725936852\n|-terastallize|p2a: Tyranitar|Flying\n|move|p2b: Talonflame|Brave Bird|p1b: Meowscarada\n|-supereffective|p1b: Meowscarada\n|-enditem|p1b: Meowscarada|Focus Sash\n|-damage|p1b: Meowscarada|1\/100\n|-damage|p2b: Talonflame|68\/100|[from] Recoil\n|move|p1b: Meowscarada|Flower Trick|p2a: Tyranitar\n|-resisted|p2a: Tyranitar\n|-crit|p2a: Tyranitar\n|-damage|p2a: Tyranitar|70\/100\n|move|p2a: Tyranitar|Tera Blast|p1a: Primarina|[anim] Tera Blast Flying\n|-damage|p1a: Primarina|49\/100\n|move|p1a: Primarina|Hyper Voice|p2a: Tyranitar|[spread] p2a,p2b\n|-supereffective|p2b: Talonflame\n|-damage|p2a: Tyranitar|37\/100\n|-damage|p2b: Talonflame|0 fnt\n|faint|p2b: Talonflame\n|\n|-weather|Sandstorm|[upkeep]\n|-damage|p1b: Meowscarada|0 fnt|[from] Sandstorm\n|-damage|p2a: Tyranitar|31\/100|[from] Sandstorm\n|-damage|p1a: Primarina|43\/100|[from] Sandstorm\n|faint|p1b: Meowscarada\n|upkeep\n|\n|t:|1725936875\n|switch|p2b: Gholdengo|Gholdengo, L50|100\/100\n|switch|p1b: Archaludon|Archaludon, L50, F|100\/100\n|turn|2\n|\n|t:|1725936896\n|move|p1b: Archaludon|Electro Shot||[still]\n|-prepare|p1b: Archaludon|Electro Shot\n|-boost|p1b: Archaludon|spa|1\n|-enditem|p1b: Archaludon|Power Herb\n|-anim|p1b: Archaludon|Electro Shot|p2a: Tyranitar\n|-supereffective|p2a: Tyranitar\n|-damage|p2a: Tyranitar|0 fnt\n|faint|p2a: Tyranitar\n|move|p2b: Gholdengo|Nasty Plot|p2b: Gholdengo\n|-boost|p2b: Gholdengo|spa|2\n|move|p1a: Primarina|Hyper Voice|p2b: Gholdengo\n|-damage|p2b: Gholdengo|17\/100\n|\n|-weather|Sandstorm|[upkeep]\n|-damage|p1a: Primarina|37\/100|[from] Sandstorm\n|upkeep\n|\n|t:|1725936907\n|switch|p2a: Primarina|Primarina, L50, F|100\/100\n|turn|3\n|j| bluestraggler02\n|\n|t:|1725936924\n|move|p1b: Archaludon|Flash Cannon|p2a: Primarina\n|-damage|p2a: Primarina|52\/100\n|move|p2b: Gholdengo|Shadow Ball|p1b: Archaludon\n|-ability|p1b: Archaludon|Sturdy\n|-damage|p1b: Archaludon|1\/100\n|-damage|p2b: Gholdengo|7\/100|[from] item: Life Orb\n|move|p2a: Primarina|Moonblast|p1a: Primarina\n|-damage|p1a: Primarina|0 fnt\n|faint|p1a: Primarina\n|\n|-weather|Sandstorm|[upkeep]\n|-damage|p2a: Primarina|46\/100|[from] Sandstorm\n|upkeep\n|\n|t:|1725936939\n|switch|p1a: Ursaluna|Ursaluna-Bloodmoon, L50, M|100\/100\n|turn|4\n|\n|t:|1725936957\n|-terastallize|p1a: Ursaluna|Grass\n|move|p2b: Gholdengo|Protect|p2b: Gholdengo\n|-singleturn|p2b: Gholdengo|Protect\n|move|p1a: Ursaluna|Vacuum Wave|p2b: Gholdengo\n|-activate|p2b: Gholdengo|move: Protect\n|move|p1b: Archaludon|Flash Cannon|p2a: Primarina\n|-damage|p2a: Primarina|0 fnt\n|faint|p2a: Primarina\n|\n|-weather|Sandstorm|[upkeep]\n|-damage|p1a: Ursaluna|95\/100|[from] Sandstorm\n|upkeep\n|turn|5\n|\n|t:|1725936974\n|move|p1a: Ursaluna|Vacuum Wave|p2b: Gholdengo\n|-supereffective|p2b: Gholdengo\n|-damage|p2b: Gholdengo|0 fnt\n|faint|p2b: Gholdengo\n|\n|win|shahuang\n|raw|shahuang's rating: 1692 &rarr; <strong>1715<\/strong><br \/>(+23 for winning)\n|raw|Joe Sheboygan's rating: 1736 &rarr; <strong>1713<\/strong><br \/>(-23 for losing)\n|l|\u2606Joe Sheboygan\n|player|p2|\n|l|\u2606shahuang\n|player|p1|\n","uploadtime":1725937229,"views":26,"formatid":"gen9vgc2024regh","rating":1713,"private":0,"password":null}