{"id":"gen9vgc2024regh-2198107454","format":"[Gen 9] VGC 2024 Reg H","players":["Ibrahimovicvgc","bwahacough"],"log":"|j|\u2606Ibrahimovicvgc\n|j|\u2606bwahacough\n|t:|1725916034\n|gametype|doubles\n|player|p1|Ibrahimovicvgc|1|1692\n|player|p2|bwahacough|medium|1833\n|teamsize|p1|6\n|teamsize|p2|6\n|gen|9\n|tier|[Gen 9] VGC 2024 Reg H\n|rated|\n|rule|Species Clause: Limit one of each Pok\u00e9mon\n|rule|Item Clause: Limit 1 of each item\n|clearpoke\n|poke|p1|Gholdengo, L50|\n|poke|p1|Talonflame, L50, F|\n|poke|p1|Dragonite, L50, M|\n|poke|p1|Dondozo, L50, F|\n|poke|p1|Tatsugiri, L50, F|\n|poke|p1|Clodsire, L50, M|\n|poke|p2|Lycanroc, L50, M|\n|poke|p2|Tyranitar, L50, M|\n|poke|p2|Indeedee-F, L50, F|\n|poke|p2|Murkrow, L50, M|\n|poke|p2|Garchomp, L50, M|\n|poke|p2|Gholdengo, L50|\n|teampreview|4\n|inactive|Battle timer is ON: inactive players will automatically lose when time's up. (requested by Ibrahimovicvgc)\n|\n|t:|1725916060\n|start\n|switch|p1a: Dondozo|Dondozo, L50, F|100\/100\n|switch|p1b: Gholdengo|Gholdengo, L50|100\/100\n|switch|p2a: Lycanroc|Lycanroc, L50, M, shiny|100\/100\n|switch|p2b: Tyranitar|Tyranitar, L50, M|100\/100\n|-weather|Sandstorm|[from] ability: Sand Stream|[of] p2b: Tyranitar\n|turn|1\n|j| PlagueWagon\n|\n|t:|1725916074\n|switch|p1b: Tatsugiri|Tatsugiri, L50, F|100\/100\n|-activate|p1b: Tatsugiri|ability: Commander|[of] p1a: Dondozo\n|-boost|p1a: Dondozo|atk|2\n|-boost|p1a: Dondozo|spa|2\n|-boost|p1a: Dondozo|spe|2\n|-boost|p1a: Dondozo|def|2\n|-boost|p1a: Dondozo|spd|2\n|-terastallize|p2a: Lycanroc|Fighting\n|move|p2a: Lycanroc|Close Combat|p1b: Tatsugiri|[miss]\n|-miss|p2a: Lycanroc|p1b: Tatsugiri\n|move|p1a: Dondozo|Wave Crash|p2b: Tyranitar\n|-supereffective|p2b: Tyranitar\n|-damage|p2b: Tyranitar|0 fnt\n|faint|p2b: Tyranitar\n|-damage|p1a: Dondozo|70\/100|[from] Recoil\n|\n|-weather|Sandstorm|[upkeep]\n|-damage|p1a: Dondozo|64\/100|[from] Sandstorm\n|-damage|p1b: Tatsugiri|95\/100|[from] Sandstorm\n|-heal|p1a: Dondozo|70\/100|[from] item: Leftovers\n|upkeep\n|\n|t:|1725916077\n|switch|p2b: Murkrow|Murkrow, L50, M|100\/100\n|turn|2\n|\n|t:|1725916097\n|move|p2a: Lycanroc|Protect|p2a: Lycanroc\n|-singleturn|p2a: Lycanroc|Protect\n|move|p2b: Murkrow|Haze|p2b: Murkrow\n|-clearallboost\n|move|p1a: Dondozo|Order Up|p2b: Murkrow\n|-damage|p2b: Murkrow|70\/100\n|-boost|p1a: Dondozo|atk|1\n|\n|-weather|Sandstorm|[upkeep]\n|-damage|p1b: Tatsugiri|89\/100|[from] Sandstorm\n|-damage|p2b: Murkrow|64\/100|[from] Sandstorm\n|-damage|p1a: Dondozo|64\/100|[from] Sandstorm\n|-heal|p1a: Dondozo|70\/100|[from] item: Leftovers\n|upkeep\n|turn|3\n|\n|t:|1725916118\n|move|p2a: Lycanroc|Swords Dance|p2a: Lycanroc\n|-boost|p2a: Lycanroc|atk|2\n|move|p2b: Murkrow|Foul Play|p1a: Dondozo\n|-damage|p1a: Dondozo|41\/100\n|move|p1a: Dondozo|Wave Crash|p2a: Lycanroc\n|-enditem|p2a: Lycanroc|Focus Sash\n|-damage|p2a: Lycanroc|1\/100\n|-damage|p1a: Dondozo|20\/100|[from] Recoil\n|\n|-weather|Sandstorm|[upkeep]\n|-damage|p1b: Tatsugiri|84\/100|[from] Sandstorm\n|-damage|p2b: Murkrow|58\/100|[from] Sandstorm\n|-damage|p1a: Dondozo|13\/100|[from] Sandstorm\n|-heal|p1a: Dondozo|20\/100|[from] item: Leftovers\n|upkeep\n|turn|4\n|\n|t:|1725916133\n|move|p2a: Lycanroc|Close Combat|p1a: Dondozo\n|-damage|p1a: Dondozo|0 fnt\n|-unboost|p2a: Lycanroc|def|1\n|-unboost|p2a: Lycanroc|spd|1\n|faint|p1a: Dondozo\n|move|p2b: Murkrow|Foul Play|p1b: Tatsugiri\n|-damage|p1b: Tatsugiri|60\/100\n|\n|-weather|Sandstorm|[upkeep]\n|-damage|p1b: Tatsugiri|54\/100|[from] Sandstorm\n|-damage|p2b: Murkrow|52\/100|[from] Sandstorm\n|upkeep\n|\n|t:|1725916145\n|switch|p1a: Dragonite|Dragonite, L50, M|100\/100\n|turn|5\n|\n|t:|1725916151\n|move|p2a: Lycanroc|Protect|p2a: Lycanroc\n|-singleturn|p2a: Lycanroc|Protect\n|move|p1a: Dragonite|Extreme Speed|p2a: Lycanroc\n|-activate|p2a: Lycanroc|move: Protect\n|move|p2b: Murkrow|Tailwind|p2b: Murkrow\n|-sidestart|p2: bwahacough|move: Tailwind\n|move|p1b: Tatsugiri|Draco Meteor|p2b: Murkrow\n|-damage|p2b: Murkrow|0 fnt\n|-unboost|p1b: Tatsugiri|spa|2\n|faint|p2b: Murkrow\n|\n|-weather|none\n|upkeep\n|\n|t:|1725916154\n|switch|p2b: Garchomp|Garchomp, L50, M, shiny|100\/100\n|turn|6\n|j| practice bee\n|c| practice bee|my gosh you guys fight alot\n|\n|t:|1725916177\n|-terastallize|p1a: Dragonite|Normal\n|move|p2a: Lycanroc|Protect|p2a: Lycanroc\n|-singleturn|p2a: Lycanroc|Protect\n|move|p1a: Dragonite|Extreme Speed|p2a: Lycanroc\n|-activate|p2a: Lycanroc|move: Protect\n|move|p2b: Garchomp|Breaking Swipe|p1a: Dragonite|[spread] p1a,p1b\n|-supereffective|p1b: Tatsugiri\n|-damage|p1a: Dragonite|74\/100\n|-damage|p1b: Tatsugiri|0 fnt\n|-unboost|p1a: Dragonite|atk|1\n|faint|p1b: Tatsugiri\n|\n|upkeep\n|\n|t:|1725916188\n|switch|p1b: Gholdengo|Gholdengo, L50|100\/100\n|turn|7\n|\n|t:|1725916201\n|move|p2a: Lycanroc|Protect||[still]\n|-fail|p2a: Lycanroc\n|move|p1a: Dragonite|Extreme Speed|p2a: Lycanroc\n|-damage|p2a: Lycanroc|0 fnt\n|faint|p2a: Lycanroc\n|move|p2b: Garchomp|Earthquake|p1a: Dragonite|[spread] p1a,p1b\n|-supereffective|p1b: Gholdengo\n|-damage|p1a: Dragonite|31\/100\n|-damage|p1b: Gholdengo|11\/100\n|move|p1b: Gholdengo|Make It Rain|p2b: Garchomp\n|-damage|p2b: Garchomp|4\/100\n|-unboost|p1b: Gholdengo|spa|1\n|\n|upkeep\n|turn|8\n|-message|bwahacough forfeited.\n|\n|win|Ibrahimovicvgc\n|raw|Ibrahimovicvgc's rating: 1692 &rarr; <strong>1720<\/strong><br \/>(+28 for winning)\n|raw|bwahacough's rating: 1833 &rarr; <strong>1805<\/strong><br \/>(-28 for losing)\n|l|\u2606bwahacough\n|player|p2|\n|l|\u2606Ibrahimovicvgc\n|player|p1|\n|l| PlagueWagon\n","uploadtime":1725916401,"views":76,"formatid":"gen9vgc2024regh","rating":1720,"private":0,"password":null}