{"id":"gen9vgc2024regh-2198961756","format":"[Gen 9] VGC 2024 Reg H","players":["Isloe","Ratrap"],"log":"|j|\u2606Isloe\n|j|\u2606Ratrap\n|t:|1726015307\n|gametype|doubles\n|player|p1|Isloe|dahlia|1709\n|player|p2|Ratrap|elesa|1687\n|teamsize|p1|6\n|teamsize|p2|6\n|gen|9\n|tier|[Gen 9] VGC 2024 Reg H\n|rated|\n|rule|Species Clause: Limit one of each Pok\u00e9mon\n|rule|Item Clause: Limit 1 of each item\n|clearpoke\n|poke|p1|Kingambit, L50, F|\n|poke|p1|Tauros-Paldea-Aqua, L50, M|\n|poke|p1|Rillaboom, L50, F|\n|poke|p1|Volcarona, L50, F|\n|poke|p1|Clefable, L50, F|\n|poke|p1|Gengar, L50, F|\n|poke|p2|Tyranitar, L50, M|\n|poke|p2|Garchomp, L50, M|\n|poke|p2|Excadrill, L50, M|\n|poke|p2|Braviary, L50, M|\n|poke|p2|Dragonite, L50, M|\n|poke|p2|Salamence, L50, M|\n|teampreview|4\n|inactive|Battle timer is ON: inactive players will automatically lose when time's up. (requested by Ratrap)\n|inactive|Isloe has 60 seconds left.\n|inactive|Isloe has 30 seconds left.\n|\n|t:|1726015369\n|start\n|switch|p1a: Gengar|Gengar, L50, F|100\/100\n|switch|p1b: Rillaboom|Rillaboom, L50, F|100\/100\n|switch|p2a: Braviary|Braviary, L50, M|100\/100\n|switch|p2b: Excadrill|Excadrill, L50, M|100\/100\n|-fieldstart|move: Grassy Terrain|[from] ability: Grassy Surge|[of] p1b: Rillaboom\n|turn|1\n|inactive|Isloe has 30 seconds left.\n|inactive|Isloe has 20 seconds left.\n|\n|t:|1726015405\n|switch|p1b: Kingambit|Kingambit, L50, F|100\/100\n|move|p1a: Gengar|Sludge Bomb|p2a: Braviary\n|-damage|p2a: Braviary|44\/100\n|move|p2a: Braviary|Tailwind|p2a: Braviary\n|-sidestart|p2: Ratrap|move: Tailwind\n|move|p2b: Excadrill|High Horsepower|p1a: Gengar\n|-supereffective|p1a: Gengar\n|-enditem|p1a: Gengar|Focus Sash\n|-damage|p1a: Gengar|1\/100\n|\n|-heal|p1a: Gengar|7\/100|[from] Grassy Terrain\n|upkeep\n|turn|2\n|inactive|Isloe has 30 seconds left.\n|inactive|Isloe has 20 seconds left.\n|inactive|Isloe has 15 seconds left.\n|\n|t:|1726015447\n|switch|p1a: Tauros|Tauros-Paldea-Aqua, L50, M|100\/100\n|-ability|p1a: Tauros|Intimidate|boost\n|-unboost|p2a: Braviary|atk|1\n|-ability|p2a: Braviary|Defiant|boost\n|-boost|p2a: Braviary|atk|2\n|-unboost|p2b: Excadrill|atk|1\n|move|p1b: Kingambit|Sucker Punch|p2a: Braviary\n|-damage|p2a: Braviary|0 fnt\n|faint|p2a: Braviary\n|move|p2b: Excadrill|High Horsepower|p1b: Kingambit\n|-supereffective|p1b: Kingambit\n|-damage|p1b: Kingambit|22\/100\n|\n|-heal|p1b: Kingambit|28\/100|[from] Grassy Terrain\n|upkeep\n|\n|t:|1726015462\n|switch|p2a: Tyranitar|Tyranitar, L50, M|100\/100\n|-weather|Sandstorm|[from] ability: Sand Stream|[of] p2a: Tyranitar\n|turn|3\n|\n|t:|1726015482\n|-terastallize|p2a: Tyranitar|Flying\n|move|p1a: Tauros|Protect|p1a: Tauros\n|-singleturn|p1a: Tauros|Protect\n|move|p1b: Kingambit|Protect|p1b: Kingambit\n|-singleturn|p1b: Kingambit|Protect\n|move|p2b: Excadrill|High Horsepower|p1b: Kingambit\n|-activate|p1b: Kingambit|move: Protect\n|move|p2a: Tyranitar|Tera Blast|p1a: Tauros|[anim] Tera Blast Flying\n|-activate|p1a: Tauros|move: Protect\n|\n|-weather|Sandstorm|[upkeep]\n|-damage|p2a: Tyranitar|95\/100|[from] Sandstorm\n|-damage|p1a: Tauros|95\/100|[from] Sandstorm\n|-heal|p1a: Tauros|100\/100|[from] Grassy Terrain\n|-heal|p1b: Kingambit|34\/100|[from] Grassy Terrain\n|upkeep\n|turn|4\n|\n|t:|1726015494\n|-terastallize|p1a: Tauros|Steel\n|move|p1a: Tauros|Aqua Jet|p2b: Excadrill\n|-supereffective|p2b: Excadrill\n|-damage|p2b: Excadrill|51\/100\n|move|p1b: Kingambit|Sucker Punch|p2b: Excadrill\n|-damage|p2b: Excadrill|0 fnt\n|faint|p2b: Excadrill\n|move|p2a: Tyranitar|Tera Blast|p1a: Tauros|[anim] Tera Blast Flying\n|-resisted|p1a: Tauros\n|-damage|p1a: Tauros|75\/100\n|\n|-weather|Sandstorm|[upkeep]\n|-damage|p2a: Tyranitar|89\/100|[from] Sandstorm\n|-heal|p1a: Tauros|81\/100|[from] Grassy Terrain\n|-heal|p1b: Kingambit|40\/100|[from] Grassy Terrain\n|-sideend|p2: Ratrap|move: Tailwind\n|upkeep\n|\n|t:|1726015502\n|switch|p2b: Dragonite|Dragonite, L50, M|100\/100\n|turn|5\n|\n|t:|1726015515\n|move|p1a: Tauros|Protect|p1a: Tauros\n|-singleturn|p1a: Tauros|Protect\n|move|p1b: Kingambit|Protect|p1b: Kingambit\n|-singleturn|p1b: Kingambit|Protect\n|move|p2b: Dragonite|Fire Spin|p1a: Tauros\n|-activate|p1a: Tauros|move: Protect\n|move|p2a: Tyranitar|Low Kick|p1b: Kingambit\n|-activate|p1b: Kingambit|move: Protect\n|\n|-weather|Sandstorm|[upkeep]\n|-damage|p2a: Tyranitar|83\/100|[from] Sandstorm\n|-heal|p1a: Tauros|87\/100|[from] Grassy Terrain\n|-heal|p1b: Kingambit|45\/100|[from] Grassy Terrain\n|-fieldend|move: Grassy Terrain\n|upkeep\n|turn|6\n|j| BionicFox\n|inactive|Isloe has 30 seconds left.\n|\n|t:|1726015549\n|switch|p1b: Rillaboom|Rillaboom, L50, F|100\/100\n|-fieldstart|move: Grassy Terrain|[from] ability: Grassy Surge|[of] p1b: Rillaboom\n|move|p1a: Tauros|Wave Crash|p2a: Tyranitar\n|-damage|p2a: Tyranitar|39\/100\n|-damage|p1a: Tauros|67\/100|[from] Recoil\n|move|p2b: Dragonite|Fire Spin|p1b: Rillaboom\n|-supereffective|p1b: Rillaboom\n|-damage|p1b: Rillaboom|90\/100\n|-activate|p1b: Rillaboom|move: Fire Spin|[of] p2b: Dragonite\n|move|p2a: Tyranitar|Knock Off|p1b: Rillaboom\n|-damage|p1b: Rillaboom|35\/100\n|-enditem|p1b: Rillaboom|Assault Vest|[from] move: Knock Off|[of] p2a: Tyranitar\n|\n|-weather|Sandstorm|[upkeep]\n|-damage|p1b: Rillaboom|29\/100|[from] Sandstorm\n|-damage|p2a: Tyranitar|33\/100|[from] Sandstorm\n|-heal|p1a: Tauros|73\/100|[from] Grassy Terrain\n|-heal|p1b: Rillaboom|35\/100|[from] Grassy Terrain\n|-damage|p1b: Rillaboom|23\/100|[from] move: Fire Spin|[partiallytrapped]\n|upkeep\n|turn|7\n|inactive|Isloe has 30 seconds left.\n|inactive|Ratrap has 30 seconds left.\n|\n|t:|1726015579\n|move|p1b: Rillaboom|Fake Out|p2b: Dragonite\n|-damage|p2b: Dragonite|96\/100\n|move|p1a: Tauros|Wave Crash|p2a: Tyranitar\n|-damage|p2a: Tyranitar|0 fnt\n|faint|p2a: Tyranitar\n|-damage|p1a: Tauros|58\/100|[from] Recoil\n|cant|p2b: Dragonite|flinch\n|\n|-weather|none\n|-heal|p1a: Tauros|64\/100|[from] Grassy Terrain\n|-heal|p1b: Rillaboom|29\/100|[from] Grassy Terrain\n|-damage|p1b: Rillaboom|16\/100|[from] move: Fire Spin|[partiallytrapped]\n|upkeep\n|turn|8\n|j| Hyperhit94\n|\n|t:|1726015596\n|move|p1a: Tauros|Wave Crash|p2b: Dragonite\n|-resisted|p2b: Dragonite\n|-damage|p2b: Dragonite|77\/100\n|-damage|p1a: Tauros|55\/100|[from] Recoil\n|move|p1b: Rillaboom|Wood Hammer|p2b: Dragonite\n|-resisted|p2b: Dragonite\n|-damage|p2b: Dragonite|64\/100\n|-damage|p1b: Rillaboom|13\/100|[from] Recoil\n|move|p2b: Dragonite|Fire Spin|p1a: Tauros\n|-supereffective|p1a: Tauros\n|-damage|p1a: Tauros|33\/100\n|-activate|p1a: Tauros|move: Fire Spin|[of] p2b: Dragonite\n|\n|-heal|p1a: Tauros|39\/100|[from] Grassy Terrain\n|-heal|p1b: Rillaboom|18\/100|[from] Grassy Terrain\n|-damage|p1a: Tauros|27\/100|[from] move: Fire Spin|[partiallytrapped]\n|-damage|p1b: Rillaboom|6\/100|[from] move: Fire Spin|[partiallytrapped]\n|upkeep\n|turn|9\n|\n|t:|1726015621\n|move|p1a: Tauros|Wave Crash|p2b: Dragonite\n|-resisted|p2b: Dragonite\n|-damage|p2b: Dragonite|42\/100\n|-damage|p1a: Tauros|18\/100|[from] Recoil\n|move|p1b: Rillaboom|Wood Hammer|p2b: Dragonite\n|-resisted|p2b: Dragonite\n|-damage|p2b: Dragonite|29\/100\n|-damage|p1b: Rillaboom|2\/100|[from] Recoil\n|move|p2b: Dragonite|Roost|p2b: Dragonite\n|-heal|p2b: Dragonite|79\/100\n|-singleturn|p2b: Dragonite|move: Roost\n|\n|-heal|p1a: Tauros|24\/100|[from] Grassy Terrain\n|-heal|p1b: Rillaboom|8\/100|[from] Grassy Terrain\n|-heal|p2b: Dragonite|85\/100|[from] Grassy Terrain\n|-damage|p1a: Tauros|12\/100|[from] move: Fire Spin|[partiallytrapped]\n|-damage|p1b: Rillaboom|0 fnt|[from] move: Fire Spin|[partiallytrapped]\n|faint|p1b: Rillaboom\n|upkeep\n|\n|t:|1726015630\n|switch|p1b: Gengar|Gengar, L50, F|7\/100\n|turn|10\n|inactive|Ratrap has 30 seconds left.\n|\n|t:|1726015656\n|move|p1b: Gengar|Protect|p1b: Gengar\n|-singleturn|p1b: Gengar|Protect\n|move|p1a: Tauros|Wave Crash|p2b: Dragonite\n|-resisted|p2b: Dragonite\n|-damage|p2b: Dragonite|63\/100\n|-damage|p1a: Tauros|2\/100|[from] Recoil\n|move|p2b: Dragonite|Ice Spinner|p1b: Gengar\n|-activate|p1b: Gengar|move: Protect\n|\n|-heal|p1b: Gengar|13\/100|[from] Grassy Terrain\n|-heal|p1a: Tauros|8\/100|[from] Grassy Terrain\n|-damage|p1a: Tauros|0 fnt|[from] move: Fire Spin|[partiallytrapped]\n|faint|p1a: Tauros\n|-fieldend|move: Grassy Terrain\n|upkeep\n|\n|t:|1726015658\n|switch|p1a: Kingambit|Kingambit, L50, F|45\/100\n|turn|11\n|\n|t:|1726015671\n|move|p1b: Gengar|Taunt|p2b: Dragonite\n|-start|p2b: Dragonite|move: Taunt\n|move|p2b: Dragonite|Fire Spin|p1b: Gengar\n|-damage|p1b: Gengar|0 fnt\n|faint|p1b: Gengar\n|move|p1a: Kingambit|Kowtow Cleave|p2b: Dragonite\n|-damage|p2b: Dragonite|18\/100\n|\n|upkeep\n|turn|12\n|\n|t:|1726015682\n|move|p1a: Kingambit|Sucker Punch|p2b: Dragonite\n|-damage|p2b: Dragonite|0 fnt\n|faint|p2b: Dragonite\n|\n|win|Isloe\n|raw|Isloe's rating: 1709 &rarr; <strong>1728<\/strong><br \/>(+19 for winning)\n|raw|Ratrap's rating: 1687 &rarr; <strong>1668<\/strong><br \/>(-19 for losing)\n|c|\u2606Ratrap|Gg\n|c|\u2606Isloe|gg\n|c|\u2606Ratrap|That tera\n|l| BionicFox\n","uploadtime":1726015891,"views":19,"formatid":"gen9vgc2024regh","rating":1668,"private":0,"password":null}