{"id":"gen9vgc2024regh-2198279814","format":"[Gen 9] VGC 2024 Reg H","players":["ClessVGC","very demure"],"log":"|j|\u2606ClessVGC\n|j|\u2606very demure\n|t:|1725935166\n|gametype|doubles\n|player|p1|ClessVGC|169|1646\n|player|p2|very demure|roxanne-masters|1757\n|teamsize|p1|6\n|teamsize|p2|6\n|gen|9\n|tier|[Gen 9] VGC 2024 Reg H\n|rated|\n|rule|Species Clause: Limit one of each Pok\u00e9mon\n|rule|Item Clause: Limit 1 of each item\n|clearpoke\n|poke|p1|Dragapult, L50, M|\n|poke|p1|Weezing, L50, M|\n|poke|p1|Gholdengo, L50|\n|poke|p1|Slaking, L50, M|\n|poke|p1|Hydreigon, L50, F|\n|poke|p1|Hitmontop, L50, M|\n|poke|p2|Primarina, L50, M|\n|poke|p2|Kingambit, L50, M|\n|poke|p2|Rillaboom, L50, F|\n|poke|p2|Sneasler, L50, F|\n|poke|p2|Clefable, L50, F|\n|poke|p2|Volcarona, L50, F|\n|teampreview|4\n|inactive|Battle timer is ON: inactive players will automatically lose when time's up. (requested by ClessVGC)\n|inactive|ClessVGC has 60 seconds left.\n|inactive|very demure has 60 seconds left.\n|\n|t:|1725935215\n|start\n|switch|p1a: Hitmontop|Hitmontop, L50, M|100\/100\n|switch|p1b: Gholdengo|Gholdengo, L50|100\/100\n|switch|p2a: Sneasler|Sneasler, L50, F|100\/100\n|switch|p2b: Kingambit|Kingambit, L50, M|100\/100\n|-ability|p1a: Hitmontop|Intimidate|boost\n|-unboost|p2a: Sneasler|atk|1\n|-unboost|p2b: Kingambit|atk|1\n|-ability|p2b: Kingambit|Defiant|boost\n|-boost|p2b: Kingambit|atk|2\n|turn|1\n|j| Rabbithorn05\n|\n|t:|1725935233\n|switch|p1b: Hydreigon|Hydreigon, L50, F|100\/100\n|move|p2a: Sneasler|Fake Out|p1a: Hitmontop\n|-damage|p1a: Hitmontop|90\/100\n|cant|p1a: Hitmontop|flinch\n|move|p2b: Kingambit|Kowtow Cleave|p1b: Hydreigon\n|-resisted|p1b: Hydreigon\n|-damage|p1b: Hydreigon|56\/100\n|\n|upkeep\n|turn|2\n|\n|t:|1725935248\n|-terastallize|p1b: Hydreigon|Poison\n|move|p2b: Kingambit|Protect|p2b: Kingambit\n|-singleturn|p2b: Kingambit|Protect\n|move|p2a: Sneasler|Close Combat|p1b: Hydreigon\n|-resisted|p1b: Hydreigon\n|-damage|p1b: Hydreigon|34\/100\n|-unboost|p2a: Sneasler|def|1\n|-unboost|p2a: Sneasler|spd|1\n|move|p1b: Hydreigon|Heat Wave|p2b: Kingambit|[spread] p2a\n|-activate|p2b: Kingambit|move: Protect\n|-damage|p2a: Sneasler|55\/100\n|-status|p2a: Sneasler|brn\n|move|p1a: Hitmontop|Close Combat|p2b: Kingambit\n|-activate|p2b: Kingambit|move: Protect\n|\n|-damage|p2a: Sneasler|50\/100 brn|[from] brn\n|upkeep\n|turn|3\n|\n|t:|1725935272\n|-terastallize|p2b: Kingambit|Dark\n|move|p2b: Kingambit|Sucker Punch|p1b: Hydreigon\n|-damage|p1b: Hydreigon|0 fnt\n|faint|p1b: Hydreigon\n|move|p2a: Sneasler|Dire Claw|p1a: Hitmontop\n|-damage|p1a: Hitmontop|72\/100\n|-status|p1a: Hitmontop|par\n|move|p1a: Hitmontop|Close Combat|p2b: Kingambit\n|-supereffective|p2b: Kingambit\n|-damage|p2b: Kingambit|43\/100\n|-unboost|p1a: Hitmontop|def|1\n|-unboost|p1a: Hitmontop|spd|1\n|\n|-damage|p2a: Sneasler|44\/100 brn|[from] brn\n|upkeep\n|\n|t:|1725935287\n|switch|p1b: Dragapult|Dragapult, L50, M|100\/100\n|turn|4\n|\n|t:|1725935301\n|move|p1b: Dragapult|Protect|p1b: Dragapult\n|-singleturn|p1b: Dragapult|Protect\n|move|p2b: Kingambit|Protect|p2b: Kingambit\n|-singleturn|p2b: Kingambit|Protect\n|move|p2a: Sneasler|Close Combat|p1a: Hitmontop\n|-damage|p1a: Hitmontop|38\/100 par\n|-unboost|p2a: Sneasler|def|1\n|-unboost|p2a: Sneasler|spd|1\n|cant|p1a: Hitmontop|par\n|\n|-damage|p2a: Sneasler|38\/100 brn|[from] brn\n|upkeep\n|turn|5\n|inactive|very demure has 30 seconds left.\n|\n|t:|1725935341\n|switch|p1a: Gholdengo|Gholdengo, L50|100\/100\n|move|p2b: Kingambit|Sucker Punch||[still]\n|-fail|p2b: Kingambit\n|move|p1b: Dragapult|Draco Meteor|p2b: Kingambit\n|-damage|p2b: Kingambit|0 fnt\n|-unboost|p1b: Dragapult|spa|2\n|faint|p2b: Kingambit\n|-damage|p1b: Dragapult|91\/100|[from] item: Life Orb\n|move|p2a: Sneasler|Close Combat|p1a: Gholdengo\n|-immune|p1a: Gholdengo\n|\n|-damage|p2a: Sneasler|32\/100 brn|[from] brn\n|upkeep\n|\n|t:|1725935348\n|switch|p2b: Primarina|Primarina, L50, M|100\/100\n|turn|6\n|\n|t:|1725935364\n|move|p1b: Dragapult|Shadow Ball|p2a: Sneasler\n|-damage|p2a: Sneasler|0 fnt\n|faint|p2a: Sneasler\n|-damage|p1b: Dragapult|82\/100|[from] item: Life Orb\n|move|p1a: Gholdengo|Make It Rain|p2b: Primarina\n|-damage|p2b: Primarina|28\/100\n|-unboost|p1a: Gholdengo|spa|1\n|move|p2b: Primarina|Hyper Voice|p1a: Gholdengo|[spread] p1a,p1b\n|-resisted|p1b: Dragapult\n|-damage|p1a: Gholdengo|45\/100\n|-damage|p1b: Dragapult|51\/100\n|-damage|p2b: Primarina|18\/100|[from] item: Life Orb\n|\n|upkeep\n|-message|very demure forfeited.\n|\n|win|ClessVGC\n|raw|ClessVGC's rating: 1646 &rarr; <strong>1672<\/strong><br \/>(+26 for winning)\n|raw|very demure's rating: 1757 &rarr; <strong>1731<\/strong><br \/>(-26 for losing)\n|j| burbmade1977\n|l|\u2606very demure\n|player|p2|\n|l|\u2606ClessVGC\n|player|p1|\n|l| burbmade1977\n","uploadtime":1725935564,"views":33,"formatid":"gen9vgc2024regh","rating":1672,"private":0,"password":null}