{"id":"gen9vgc2024regh-2199116921","format":"[Gen 9] VGC 2024 Reg H","players":["fangame10","Sarfy"],"log":"|j|\u2606fangame10\n|j|\u2606Sarfy\n|t:|1726036557\n|gametype|doubles\n|player|p1|fangame10|red|1732\n|player|p2|Sarfy|adaman|1713\n|teamsize|p1|6\n|teamsize|p2|6\n|gen|9\n|tier|[Gen 9] VGC 2024 Reg H\n|rated|\n|rule|Species Clause: Limit one of each Pok\u00e9mon\n|rule|Item Clause: Limit 1 of each item\n|clearpoke\n|poke|p1|Baxcalibur, L50, F|\n|poke|p1|Ninetales-Alola, L50, F|\n|poke|p1|Milotic, L50, M|\n|poke|p1|Skeledirge, L50, F|\n|poke|p1|Rillaboom, L50, M|\n|poke|p1|Sneasler, L50, M|\n|poke|p2|Weezing, L50, F|\n|poke|p2|Slaking, L50, M|\n|poke|p2|Dragapult, L50, M|\n|poke|p2|Arcanine-Hisui, L50, F|\n|poke|p2|Tauros-Paldea-Aqua, L50, M|\n|poke|p2|Sinistcha-Masterpiece, L50|\n|teampreview|4\n|inactive|Battle timer is ON: inactive players will automatically lose when time's up. (requested by fangame10)\nSarfy has agreed to open team sheets.\n|j| hackervgc\n|inactive|fangame10 has 60 seconds left.\n|inactive|Sarfy has 60 seconds left.\n|inactive|Sarfy has 30 seconds left.\n|inactive|Sarfy has 20 seconds left.\n|inactive|Sarfy has 15 seconds left.\n|inactive|Sarfy has 10 seconds left.\n|inactive|Sarfy has 5 seconds left.\n|\n|t:|1726036646\n|start\n|switch|p1a: Milotic|Milotic, L50, M, shiny|100\/100\n|switch|p1b: Baxcalibur|Baxcalibur, L50, F, shiny|100\/100\n|switch|p2a: Weezing|Weezing, L50, F|100\/100\n|switch|p2b: Tauros|Tauros-Paldea-Aqua, L50, M|100\/100\n|-ability|p2a: Weezing|Neutralizing Gas\n|-block|p2b: Tauros|item: Ability Shield\n|-ability|p2b: Tauros|Intimidate|boost\n|-unboost|p1a: Milotic|atk|1\n|-fail|p1b: Baxcalibur|unboost|[from] item: Clear Amulet|[of] p1b: Baxcalibur\n|turn|1\n|inactive|Sarfy has 30 seconds left.\n|inactive|Sarfy has 20 seconds left.\n|inactive|Sarfy has 15 seconds left.\n|inactive|Sarfy has 10 seconds left.\n|\n|t:|1726036692\n|move|p2b: Tauros|Protect|p2b: Tauros\n|-singleturn|p2b: Tauros|Protect\n|move|p1b: Baxcalibur|Protect|p1b: Baxcalibur\n|-singleturn|p1b: Baxcalibur|Protect\n|move|p1a: Milotic|Hypnosis|p2b: Tauros\n|-activate|p2b: Tauros|move: Protect\n|move|p2a: Weezing|Will-O-Wisp|p1b: Baxcalibur\n|-activate|p1b: Baxcalibur|move: Protect\n|\n|upkeep\n|turn|2\n|\n|t:|1726036703\n|-terastallize|p1b: Baxcalibur|Fire\n|move|p2b: Tauros|Close Combat|p1b: Baxcalibur\n|-damage|p1b: Baxcalibur|42\/100\n|-unboost|p2b: Tauros|def|1\n|-unboost|p2b: Tauros|spd|1\n|move|p1b: Baxcalibur|Dragon Dance|p1b: Baxcalibur\n|-boost|p1b: Baxcalibur|atk|1\n|-boost|p1b: Baxcalibur|spe|1\n|move|p1a: Milotic|Hypnosis|p2b: Tauros|[miss]\n|-miss|p1a: Milotic|p2b: Tauros\n|move|p2a: Weezing|Taunt|p1a: Milotic\n|-start|p1a: Milotic|move: Taunt\n|\n|upkeep\n|turn|3\n|inactive|Sarfy has 30 seconds left.\n|c|\u2606Sarfy|so you gave it more speed evs huh\n|inactive|fangame10 has 30 seconds left.\n|\n|t:|1726036737\n|switch|p1a: Sneasler|Sneasler, L50, M, shiny|100\/100\n|move|p1b: Baxcalibur|Protect|p1b: Baxcalibur\n|-singleturn|p1b: Baxcalibur|Protect\n|move|p2b: Tauros|Aqua Jet|p1b: Baxcalibur\n|-activate|p1b: Baxcalibur|move: Protect\n|move|p2a: Weezing|Sludge Bomb|p1a: Sneasler\n|-resisted|p1a: Sneasler\n|-damage|p1a: Sneasler|83\/100\n|\n|upkeep\n|turn|4\n|c|\u2606fangame10|it was at 122\n|c|\u2606Sarfy|yeah weez outsped last time\n|j| edoreon55555\n|c|\u2606fangame10|yea\n|inactive|Sarfy has 30 seconds left.\n|inactive|Sarfy has 20 seconds left.\n|inactive|Sarfy has 15 seconds left.\n|inactive|Sarfy has 10 seconds left.\n|inactive|Sarfy has 5 seconds left.\n|\n|t:|1726036788\n|move|p1a: Sneasler|Fake Out|p2b: Tauros\n|-damage|p2b: Tauros|74\/100\n|cant|p2b: Tauros|flinch\n|move|p1b: Baxcalibur|Glaive Rush|p2a: Weezing\n|-damage|p2a: Weezing|0 fnt\n|-singlemove|p1b: Baxcalibur|Glaive Rush|[silent]\n|faint|p2a: Weezing\n|-end|p2a: Weezing|ability: Neutralizing Gas\n|\n|upkeep\n|\n|t:|1726036800\n|switch|p2a: Slaking|Slaking, L50, M|100\/100\n|turn|5\n|l| edoreon55555\n|j| edoreon55555\n|inactive|Sarfy has 30 seconds left.\n|inactive|Sarfy has 20 seconds left.\n|inactive|Sarfy has 15 seconds left.\n|inactive|Sarfy has 10 seconds left.\n|\n|t:|1726036846\n|-terastallize|p2a: Slaking|Ghost\n|move|p1b: Baxcalibur|Protect|p1b: Baxcalibur\n|-singleturn|p1b: Baxcalibur|Protect\n|move|p1a: Sneasler|Dire Claw|p2b: Tauros\n|-damage|p2b: Tauros|0 fnt\n|faint|p2b: Tauros\n|move|p2a: Slaking|Double-Edge|p1a: Sneasler\n|-damage|p1a: Sneasler|0 fnt\n|faint|p1a: Sneasler\n|-damage|p2a: Slaking|82\/100|[from] Recoil\n|-damage|p2a: Slaking|72\/100|[from] item: Life Orb\n|\n|upkeep\n|\n|t:|1726036858\n|switch|p1a: Milotic|Milotic, L50, M, shiny|100\/100\n|switch|p2b: Dragapult|Dragapult, L50, M|100\/100\n|turn|6\n|\n|t:|1726036880\n|move|p2b: Dragapult|Phantom Force||[still]\n|-prepare|p2b: Dragapult|Phantom Force\n|move|p1b: Baxcalibur|Glaive Rush|p2a: Slaking\n|-damage|p2a: Slaking|0 fnt\n|-singlemove|p1b: Baxcalibur|Glaive Rush|[silent]\n|faint|p2a: Slaking\n|move|p1a: Milotic|Coil|p1a: Milotic\n|-boost|p1a: Milotic|atk|1\n|-boost|p1a: Milotic|def|1\n|-boost|p1a: Milotic|accuracy|1\n|\n|upkeep\n|turn|7\n|\n|t:|1726036890\n|move|p2b: Dragapult|Phantom Force|p1b: Baxcalibur|[from]lockedmove\n|-damage|p1b: Baxcalibur|0 fnt\n|faint|p1b: Baxcalibur\n|move|p1a: Milotic|Hypnosis|p2b: Dragapult\n|-status|p2b: Dragapult|slp|[from] move: Hypnosis\n|\n|upkeep\n|\n|t:|1726036892\n|switch|p1b: Skeledirge|Skeledirge, L50, F|100\/100\n|turn|8\n|\n|t:|1726036899\n|cant|p2b: Dragapult|slp\n|move|p1a: Milotic|Coil|p1a: Milotic\n|-boost|p1a: Milotic|atk|1\n|-boost|p1a: Milotic|def|1\n|-boost|p1a: Milotic|accuracy|1\n|move|p1b: Skeledirge|Shadow Ball|p2b: Dragapult\n|-supereffective|p2b: Dragapult\n|-damage|p2b: Dragapult|2\/100 slp\n|\n|upkeep\n|turn|9\n|c|\u2606Sarfy|gg\n|c|\u2606fangame10|gg\n|\n|t:|1726036906\n|cant|p2b: Dragapult|slp\n|move|p1a: Milotic|Muddy Water|p2b: Dragapult\n|-resisted|p2b: Dragapult\n|-damage|p2b: Dragapult|0 fnt\n|faint|p2b: Dragapult\n|\n|win|fangame10\n|raw|fangame10's rating: 1732 &rarr; <strong>1751<\/strong><br \/>(+19 for winning)\n|raw|Sarfy's rating: 1713 &rarr; <strong>1694<\/strong><br \/>(-19 for losing)\n|l| edoreon55555\n|l|\u2606Sarfy\n|player|p2|\n|l|\u2606fangame10\n|player|p1|\n|l| hackervgc\n","uploadtime":1726037114,"views":49,"formatid":"gen9vgc2024regh","rating":1694,"private":0,"password":null}