{"id":"gen9vgc2024regh-2199066750","format":"[Gen 9] VGC 2024 Reg H","players":["Djjwjwwjj","123something"],"log":"|j|\u2606Djjwjwwjj\n|j|\u2606123something\n|t:|1726027861\n|gametype|doubles\n|player|p1|Djjwjwwjj|266|1673\n|player|p2|123something|2|1727\n|teamsize|p1|6\n|teamsize|p2|6\n|gen|9\n|tier|[Gen 9] VGC 2024 Reg H\n|rated|\n|rule|Species Clause: Limit one of each Pok\u00e9mon\n|rule|Item Clause: Limit 1 of each item\n|clearpoke\n|poke|p1|Incineroar, L50, F|\n|poke|p1|Palafin, L50, F|\n|poke|p1|Gholdengo, L50|\n|poke|p1|Pelipper, L50, M|\n|poke|p1|Amoonguss, L50, M|\n|poke|p1|Rillaboom, L50, F|\n|poke|p2|Whimsicott, L50, F|\n|poke|p2|Typhlosion-Hisui, L50, M|\n|poke|p2|Primarina, L50, M|\n|poke|p2|Meowscarada, L50, M|\n|poke|p2|Tyranitar, L50, M|\n|poke|p2|Annihilape, L50, F|\n|teampreview|4\n|inactive|Battle timer is ON: inactive players will automatically lose when time's up. (requested by Djjwjwwjj)\n|inactive|Djjwjwwjj has 60 seconds left.\n|inactive|123something has 60 seconds left.\n|j| Lavenderawa\n|\n|t:|1726027916\n|start\n|switch|p1a: Palafin|Palafin, L50, F, shiny|100\/100\n|switch|p1b: Incineroar|Incineroar, L50, F, shiny|100\/100\n|switch|p2a: Whimsicott|Whimsicott, L50, F|100\/100\n|switch|p2b: Annihilape|Annihilape, L50, F|100\/100\n|-ability|p1b: Incineroar|Intimidate|boost\n|-unboost|p2a: Whimsicott|atk|1\n|-unboost|p2b: Annihilape|atk|1\n|-ability|p2b: Annihilape|Defiant|boost\n|-boost|p2b: Annihilape|atk|2\n|turn|1\n|j|+Gross Sweep \u2603\n|inactive|Djjwjwwjj has 30 seconds left.\n|inactive|123something has 30 seconds left.\n|inactive|Djjwjwwjj has 20 seconds left.\n|inactive|123something has 20 seconds left.\n|inactive|123something has 15 seconds left.\n|inactive|123something has 10 seconds left.\n|inactive|123something has 5 seconds left.\n|\n|t:|1726027966\n|detailschange|p1a: Palafin|Palafin-Hero, L50, F, shiny\n|switch|p1a: Amoonguss|Amoonguss, L50, M|100\/100\n|move|p2b: Annihilape|Protect|p2b: Annihilape\n|-singleturn|p2b: Annihilape|Protect\n|move|p2a: Whimsicott|Tailwind|p2a: Whimsicott\n|-sidestart|p2: 123something|move: Tailwind\n|move|p1b: Incineroar|Flare Blitz|p2a: Whimsicott\n|-supereffective|p2a: Whimsicott\n|-damage|p2a: Whimsicott|5\/100\n|-damage|p1b: Incineroar|74\/100|[from] Recoil\n|\n|upkeep\n|turn|2\n|inactive|Djjwjwwjj has 30 seconds left.\n|\n|t:|1726027993\n|move|p1a: Amoonguss|Rage Powder|p1a: Amoonguss\n|-singleturn|p1a: Amoonguss|move: Rage Powder\n|move|p2a: Whimsicott|Sunny Day|p2a: Whimsicott\n|-weather|SunnyDay\n|move|p2b: Annihilape|Close Combat|p1a: Amoonguss\n|-resisted|p1a: Amoonguss\n|-damage|p1a: Amoonguss|64\/100\n|-unboost|p2b: Annihilape|def|1\n|-unboost|p2b: Annihilape|spd|1\n|move|p1b: Incineroar|Knock Off|p2a: Whimsicott\n|-resisted|p2a: Whimsicott\n|-damage|p2a: Whimsicott|0 fnt\n|-enditem|p2a: Whimsicott|Covert Cloak|[from] move: Knock Off|[of] p1b: Incineroar\n|faint|p2a: Whimsicott\n|\n|-weather|SunnyDay|[upkeep]\n|upkeep\n|\n|t:|1726028002\n|switch|p2a: Typhlosion|Typhlosion-Hisui, L50, M|100\/100\n|-item|p1a: Amoonguss|Covert Cloak|[from] ability: Frisk|[of] p2a: Typhlosion\n|-item|p1b: Incineroar|Sitrus Berry|[from] ability: Frisk|[of] p2a: Typhlosion\n|turn|3\n|inactive|123something has 30 seconds left.\n|inactive|123something has 20 seconds left.\n|\n|t:|1726028042\n|switch|p1a: Pelipper|Pelipper, L50, M|100\/100\n|-weather|RainDance|[from] ability: Drizzle|[of] p1a: Pelipper\n|move|p2a: Typhlosion|Eruption|p1a: Pelipper|[spread] p1a,p1b\n|-resisted|p1a: Pelipper\n|-resisted|p1b: Incineroar\n|-damage|p1a: Pelipper|70\/100\n|-damage|p1b: Incineroar|57\/100\n|move|p2b: Annihilape|Close Combat|p1b: Incineroar\n|-supereffective|p1b: Incineroar\n|-damage|p1b: Incineroar|0 fnt\n|-unboost|p2b: Annihilape|def|1\n|-unboost|p2b: Annihilape|spd|1\n|faint|p1b: Incineroar\n|\n|-weather|RainDance|[upkeep]\n|upkeep\n|\n|t:|1726028060\n|switch|p1b: Palafin|Palafin-Hero, L50, F, shiny|100\/100\n|-activate|p1b: Palafin|ability: Zero to Hero\n|turn|4\n|inactive|Djjwjwwjj has 30 seconds left.\n|inactive|123something has 30 seconds left.\n|inactive|123something has 20 seconds left.\n|inactive|123something has 15 seconds left.\n|inactive|123something has 10 seconds left.\n|inactive|123something has 5 seconds left.\n|\n|t:|1726028111\n|switch|p2a: Meowscarada|Meowscarada, L50, M|100\/100\n|-terastallize|p1b: Palafin|Water\n|move|p2b: Annihilape|Protect|p2b: Annihilape\n|-singleturn|p2b: Annihilape|Protect\n|move|p1b: Palafin|Jet Punch|p2b: Annihilape\n|-activate|p2b: Annihilape|move: Protect\n|move|p1a: Pelipper|Tailwind|p1a: Pelipper\n|-sidestart|p1: Djjwjwwjj|move: Tailwind\n|\n|-weather|RainDance|[upkeep]\n|-sideend|p2: 123something|move: Tailwind\n|upkeep\n|turn|5\n|\n|t:|1726028134\n|move|p2a: Meowscarada|Protect|p2a: Meowscarada\n|-singleturn|p2a: Meowscarada|Protect\n|move|p1b: Palafin|Jet Punch|p2b: Annihilape\n|-damage|p2b: Annihilape|0 fnt\n|faint|p2b: Annihilape\n|move|p1a: Pelipper|Hurricane|p2a: Meowscarada\n|-activate|p2a: Meowscarada|move: Protect\n|\n|-weather|RainDance|[upkeep]\n|upkeep\n|\n|t:|1726028140\n|switch|p2b: Typhlosion|Typhlosion-Hisui, L50, M|100\/100\n|-item|p1a: Pelipper|Focus Sash|[from] ability: Frisk|[of] p2b: Typhlosion\n|-item|p1b: Palafin|Choice Band|[from] ability: Frisk|[of] p2b: Typhlosion\n|turn|6\n|\n|t:|1726028157\n|-terastallize|p2a: Meowscarada|Ghost\n|move|p1b: Palafin|Jet Punch|p2b: Typhlosion\n|-supereffective|p2b: Typhlosion\n|-damage|p2b: Typhlosion|0 fnt\n|faint|p2b: Typhlosion\n|move|p1a: Pelipper|Hurricane|p2a: Meowscarada\n|-damage|p2a: Meowscarada|15\/100\n|move|p2a: Meowscarada|Flower Trick|p1b: Palafin\n|-supereffective|p1b: Palafin\n|-crit|p1b: Palafin\n|-damage|p1b: Palafin|0 fnt\n|faint|p1b: Palafin\n|\n|-weather|RainDance|[upkeep]\n|upkeep\n|\n|t:|1726028172\n|switch|p1b: Amoonguss|Amoonguss, L50, M|97\/100\n|turn|7\n|\n|t:|1726028180\n|move|p2a: Meowscarada|Protect|p2a: Meowscarada\n|-singleturn|p2a: Meowscarada|Protect\n|move|p1a: Pelipper|Hurricane|p2a: Meowscarada\n|-activate|p2a: Meowscarada|move: Protect\n|move|p1b: Amoonguss|Pollen Puff|p2a: Meowscarada\n|-activate|p2a: Meowscarada|move: Protect\n|\n|-weather|none\n|-sideend|p1: Djjwjwwjj|move: Tailwind\n|upkeep\n|turn|8\n|\n|t:|1726028198\n|move|p2a: Meowscarada|Flower Trick|p1a: Pelipper\n|-crit|p1a: Pelipper\n|-damage|p1a: Pelipper|0 fnt\n|faint|p1a: Pelipper\n|move|p1b: Amoonguss|Pollen Puff|p2a: Meowscarada\n|-resisted|p2a: Meowscarada\n|-damage|p2a: Meowscarada|0 fnt\n|faint|p2a: Meowscarada\n|\n|win|Djjwjwwjj\n|raw|Djjwjwwjj's rating: 1673 &rarr; <strong>1696<\/strong><br \/>(+23 for winning)\n|raw|123something's rating: 1727 &rarr; <strong>1704<\/strong><br \/>(-23 for losing)\n|l|\u2606123something\n|player|p2|\n|l|\u2606Djjwjwwjj\n|player|p1|\n|l| Lavenderawa\n|l|+Gross Sweep \u2603\n","uploadtime":1726028453,"views":16,"formatid":"gen9vgc2024regh","rating":1696,"private":0,"password":null}