{"id":"gen9vgc2024regh-2199040492","format":"[Gen 9] VGC 2024 Reg H","players":["fangame10","123something"],"log":"|j|\u2606fangame10\n|j|\u2606123something\n|t:|1726024239\n|gametype|doubles\n|player|p1|fangame10|red|1802\n|player|p2|123something|2|1740\n|teamsize|p1|6\n|teamsize|p2|6\n|gen|9\n|tier|[Gen 9] VGC 2024 Reg H\n|rated|\n|rule|Species Clause: Limit one of each Pok\u00e9mon\n|rule|Item Clause: Limit 1 of each item\n|clearpoke\n|poke|p1|Baxcalibur, L50, F|\n|poke|p1|Ninetales-Alola, L50, F|\n|poke|p1|Milotic, L50, M|\n|poke|p1|Skeledirge, L50, F|\n|poke|p1|Rillaboom, L50, M|\n|poke|p1|Pawmot, L50, F|\n|poke|p2|Whimsicott, L50, M|\n|poke|p2|Typhlosion-Hisui, L50, M|\n|poke|p2|Primarina, L50, M|\n|poke|p2|Meowscarada, L50, M|\n|poke|p2|Tyranitar, L50, M|\n|poke|p2|Annihilape, L50, M|\n|teampreview|4\n|inactive|Battle timer is ON: inactive players will automatically lose when time's up. (requested by fangame10)\n|inactive|fangame10 has 60 seconds left.\n|inactive|fangame10 has 30 seconds left.\n|inactive|fangame10 has 20 seconds left.\n|\n|t:|1726024314\n|start\n|switch|p1a: Ninetales|Ninetales-Alola, L50, F, shiny|100\/100\n|switch|p1b: Skeledirge|Skeledirge, L50, F|100\/100\n|switch|p2a: Whimsicott|Whimsicott, L50, M|100\/100\n|switch|p2b: Annihilape|Annihilape, L50, M|100\/100\n|-weather|Snow|[from] ability: Snow Warning|[of] p1a: Ninetales\n|turn|1\n|inactive|123something has 30 seconds left.\n|inactive|fangame10 has 30 seconds left.\n|inactive|123something has 20 seconds left.\n|inactive|123something has 15 seconds left.\n|inactive|fangame10 has 20 seconds left.\n|inactive|fangame10 has 15 seconds left.\n|inactive|fangame10 has 10 seconds left.\n|inactive|123something has 10 seconds left.\n|inactive|123something has 5 seconds left.\n|\n|t:|1726024382\n|-terastallize|p1b: Skeledirge|Dark\n|move|p2a: Whimsicott|Sunny Day|p2a: Whimsicott\n|-weather|SunnyDay\n|move|p1a: Ninetales|Aurora Veil||[still]\n|-fail|p1a: Ninetales\n|move|p2b: Annihilape|Rage Fist|p1b: Skeledirge\n|-resisted|p1b: Skeledirge\n|-damage|p1b: Skeledirge|90\/100\n|move|p1b: Skeledirge|Shadow Ball|p2b: Annihilape\n|-supereffective|p2b: Annihilape\n|-damage|p2b: Annihilape|19\/100\n|\n|-weather|SunnyDay|[upkeep]\n|-heal|p1b: Skeledirge|96\/100|[from] item: Leftovers\n|upkeep\n|turn|2\n|inactive|fangame10 has 30 seconds left.\n|inactive|123something has 30 seconds left.\n|\n|t:|1726024417\n|move|p2b: Annihilape|Protect|p2b: Annihilape\n|-singleturn|p2b: Annihilape|Protect\n|move|p2a: Whimsicott|Tailwind|p2a: Whimsicott\n|-sidestart|p2: 123something|move: Tailwind\n|move|p1a: Ninetales|Moonblast|p2b: Annihilape\n|-activate|p2b: Annihilape|move: Protect\n|move|p1b: Skeledirge|Torch Song|p2a: Whimsicott\n|-supereffective|p2a: Whimsicott\n|-crit|p2a: Whimsicott\n|-damage|p2a: Whimsicott|0 fnt\n|-boost|p1b: Skeledirge|spa|1\n|faint|p2a: Whimsicott\n|\n|-weather|SunnyDay|[upkeep]\n|-heal|p1b: Skeledirge|100\/100|[from] item: Leftovers\n|upkeep\n|\n|t:|1726024425\n|switch|p2a: Typhlosion|Typhlosion-Hisui, L50, M|100\/100\n|-item|p1a: Ninetales|Light Clay|[from] ability: Frisk|[of] p2a: Typhlosion\n|-item|p1b: Skeledirge|Leftovers|[from] ability: Frisk|[of] p2a: Typhlosion\n|turn|3\n|inactive|fangame10 has 30 seconds left.\n|inactive|fangame10 has 20 seconds left.\n|inactive|fangame10 has 15 seconds left.\n|\n|t:|1726024468\n|switch|p1a: Rillaboom|Rillaboom, L50, M, shiny|100\/100\n|-fieldstart|move: Grassy Terrain|[from] ability: Grassy Surge|[of] p1a: Rillaboom\n|move|p1b: Skeledirge|Protect|p1b: Skeledirge\n|-singleturn|p1b: Skeledirge|Protect\n|move|p2a: Typhlosion|Eruption|p1a: Rillaboom|[spread] p1a\n|-activate|p1b: Skeledirge|move: Protect\n|-supereffective|p1a: Rillaboom\n|-damage|p1a: Rillaboom|0 fnt\n|faint|p1a: Rillaboom\n|move|p2b: Annihilape|Close Combat|p1b: Skeledirge\n|-activate|p1b: Skeledirge|move: Protect\n|\n|-weather|SunnyDay|[upkeep]\n|-heal|p2b: Annihilape|25\/100|[from] Grassy Terrain\n|upkeep\n|\n|t:|1726024475\n|switch|p1a: Pawmot|Pawmot, L50, F, shiny|100\/100\n|turn|4\n|j| Lavenderawa\n|inactive|fangame10 has 30 seconds left.\n|inactive|fangame10 has 20 seconds left.\n|inactive|fangame10 has 15 seconds left.\n|inactive|fangame10 has 10 seconds left.\n|\n|t:|1726024524\n|move|p1b: Skeledirge|Protect||[still]\n|-fail|p1b: Skeledirge\n|move|p2a: Typhlosion|Eruption|p1b: Skeledirge|[spread] p1a,p1b\n|-enditem|p1a: Pawmot|Focus Sash\n|-damage|p1a: Pawmot|1\/100\n|-damage|p1b: Skeledirge|0 fnt\n|faint|p1b: Skeledirge\n|move|p2b: Annihilape|Close Combat|p1a: Pawmot\n|-damage|p1a: Pawmot|0 fnt\n|-unboost|p2b: Annihilape|def|1\n|-unboost|p2b: Annihilape|spd|1\n|faint|p1a: Pawmot\n|\n|-weather|SunnyDay|[upkeep]\n|-heal|p2b: Annihilape|31\/100|[from] Grassy Terrain\n|upkeep\n|\n|t:|1726024530\n|switch|p1b: Ninetales|Ninetales-Alola, L50, F, shiny|100\/100\n|-weather|Snow|[from] ability: Snow Warning|[of] p1b: Ninetales\n|turn|5\n|\n|t:|1726024538\n|switch|p2b: Meowscarada|Meowscarada, L50, M|100\/100\n|move|p1b: Ninetales|Protect|p1b: Ninetales\n|-singleturn|p1b: Ninetales|Protect\n|move|p2a: Typhlosion|Eruption|p1b: Ninetales\n|-activate|p1b: Ninetales|move: Protect\n|\n|-weather|Snow|[upkeep]\n|-sideend|p2: 123something|move: Tailwind\n|upkeep\n|turn|6\n|\n|t:|1726024551\n|move|p2b: Meowscarada|Flower Trick|p1b: Ninetales\n|-crit|p1b: Ninetales\n|-damage|p1b: Ninetales|45\/100\n|move|p1b: Ninetales|Blizzard|p2a: Typhlosion|[spread] p2a,p2b\n|-resisted|p2a: Typhlosion\n|-supereffective|p2b: Meowscarada\n|-damage|p2a: Typhlosion|83\/100\n|-damage|p2b: Meowscarada|12\/100\n|move|p2a: Typhlosion|Eruption|p1b: Ninetales\n|-supereffective|p1b: Ninetales\n|-damage|p1b: Ninetales|0 fnt\n|faint|p1b: Ninetales\n|\n|win|123something\n|raw|fangame10's rating: 1802 &rarr; <strong>1778<\/strong><br \/>(-24 for losing)\n|raw|123something's rating: 1740 &rarr; <strong>1764<\/strong><br \/>(+24 for winning)\n|l|\u2606fangame10\n|player|p1|\n|l|\u2606123something\n|player|p2|\n|l| Lavenderawa\n","uploadtime":1726024825,"views":180,"formatid":"gen9vgc2024regh","rating":1764,"private":0,"password":null}