{"id":"gen9vgc2024regh-2199190058","format":"[Gen 9] VGC 2024 Reg H","players":["pokequimico","zhanlinxie"],"log":"|j|\u2606pokequimico\n|j|\u2606zhanlinxie\n|t:|1726049435\n|gametype|doubles\n|player|p1|pokequimico|lucas|1709\n|player|p2|zhanlinxie|marley|1747\n|teamsize|p1|6\n|teamsize|p2|6\n|gen|9\n|tier|[Gen 9] VGC 2024 Reg H\n|rated|\n|rule|Species Clause: Limit one of each Pok\u00e9mon\n|rule|Item Clause: Limit 1 of each item\n|clearpoke\n|poke|p1|Sneasler, L50, M|\n|poke|p1|Pelipper, L50, M|\n|poke|p1|Basculegion, L50, M|\n|poke|p1|Rillaboom, L50, M|\n|poke|p1|Ursaluna, L50, M|\n|poke|p1|Dusclops, L50, M|\n|poke|p2|Meowscarada, L50, F|\n|poke|p2|Archaludon, L50, F|\n|poke|p2|Ursaluna-Bloodmoon, L50, M|\n|poke|p2|Primarina, L50, F|\n|poke|p2|Annihilape, L50, F|\n|poke|p2|Maushold-Four, L50|\n|teampreview|4\n|inactive|Battle timer is ON: inactive players will automatically lose when time's up. (requested by pokequimico)\n|\n|t:|1726049479\n|start\n|switch|p1a: Sneasler|Sneasler, L50, M|100\/100\n|switch|p1b: Rillaboom|Rillaboom, L50, M|100\/100\n|switch|p2a: Meowscarada|Meowscarada, L50, F|100\/100\n|switch|p2b: Maushold|Maushold-Four, L50|100\/100\n|-fieldstart|move: Grassy Terrain|[from] ability: Grassy Surge|[of] p1b: Rillaboom\n|-enditem|p1a: Sneasler|Grassy Seed\n|-boost|p1a: Sneasler|def|1|[from] item: Grassy Seed\n|turn|1\n|j| mr pogostick\n|\n|t:|1726049500\n|move|p1a: Sneasler|Protect|p1a: Sneasler\n|-singleturn|p1a: Sneasler|Protect\n|move|p2a: Meowscarada|Protect|p2a: Meowscarada\n|-singleturn|p2a: Meowscarada|Protect\n|move|p2b: Maushold|Protect|p2b: Maushold\n|-singleturn|p2b: Maushold|Protect\n|move|p1b: Rillaboom|U-turn|p2a: Meowscarada\n|-activate|p2a: Meowscarada|move: Protect\n|\n|upkeep\n|turn|2\n|inactive|zhanlinxie has 30 seconds left.\n|\n|t:|1726049531\n|move|p2b: Maushold|Follow Me|p2b: Maushold\n|-singleturn|p2b: Maushold|move: Follow Me\n|move|p1b: Rillaboom|Grassy Glide|p2b: Maushold\n|-damage|p2b: Maushold|41\/100\n|move|p1a: Sneasler|Dire Claw|p2b: Maushold\n|-damage|p2b: Maushold|0 fnt\n|faint|p2b: Maushold\n|move|p2a: Meowscarada|Knock Off|p1b: Rillaboom\n|-damage|p1b: Rillaboom|56\/100\n|-enditem|p1b: Rillaboom|Assault Vest|[from] move: Knock Off|[of] p2a: Meowscarada\n|\n|-heal|p1b: Rillaboom|62\/100|[from] Grassy Terrain\n|upkeep\n|inactive|zhanlinxie has 30 seconds left.\n|\n|t:|1726049560\n|switch|p2b: Primarina|Primarina, L50, F|100\/100\n|turn|3\n|\n|t:|1726049571\n|-terastallize|p2b: Primarina|Ghost\n|move|p1a: Sneasler|Protect|p1a: Sneasler\n|-singleturn|p1a: Sneasler|Protect\n|move|p2a: Meowscarada|Grass Pledge|p1a: Sneasler\n|-waiting|p2a: Meowscarada|p2b: Primarina\n|move|p2b: Primarina|Water Pledge|p1a: Sneasler|[from]move: Grass Pledge\n|-activate|p1a: Sneasler|move: Protect\n|move|p1b: Rillaboom|U-turn|p2a: Meowscarada\n|-supereffective|p2a: Meowscarada\n|-enditem|p2a: Meowscarada|Focus Sash\n|-damage|p2a: Meowscarada|1\/100\n|\n|t:|1726049591\n|switch|p1b: Basculegion|Basculegion, L50, M|100\/100|[from] U-turn\n|\n|-heal|p2a: Meowscarada|7\/100|[from] Grassy Terrain\n|upkeep\n|turn|4\n|inactive|zhanlinxie has 30 seconds left.\n|\n|t:|1726049622\n|-terastallize|p1a: Sneasler|Stellar\n|move|p2a: Meowscarada|Protect|p2a: Meowscarada\n|-singleturn|p2a: Meowscarada|Protect\n|move|p1b: Basculegion|Protect|p1b: Basculegion\n|-singleturn|p1b: Basculegion|Protect\n|move|p1a: Sneasler|Throat Chop|p2b: Primarina\n|-supereffective|p2b: Primarina\n|-damage|p2b: Primarina|12\/100\n|-start|p2b: Primarina|Throat Chop|[silent]\n|cant|p2b: Primarina|move: Throat Chop\n|\n|-heal|p2a: Meowscarada|13\/100|[from] Grassy Terrain\n|-heal|p2b: Primarina|18\/100|[from] Grassy Terrain\n|upkeep\n|turn|5\n|-message|zhanlinxie forfeited.\n|\n|win|pokequimico\n|raw|pokequimico's rating: 1709 &rarr; <strong>1731<\/strong><br \/>(+22 for winning)\n|raw|zhanlinxie's rating: 1747 &rarr; <strong>1725<\/strong><br \/>(-22 for losing)\n|l|\u2606zhanlinxie\n|player|p2|\n|l| mr pogostick\n|l|\u2606pokequimico\n|player|p1|\n","uploadtime":1726049787,"views":36,"formatid":"gen9vgc2024regh","rating":1725,"private":0,"password":null}