{"id":"gen9vgc2024regh-2199112724","format":"[Gen 9] VGC 2024 Reg H","players":["Sarfy","fangame10"],"log":"|j|\u2606Sarfy\n|j|\u2606fangame10\n|t:|1726035788\n|gametype|doubles\n|player|p1|Sarfy|adaman|1720\n|player|p2|fangame10|red|1729\n|teamsize|p1|6\n|teamsize|p2|6\n|gen|9\n|tier|[Gen 9] VGC 2024 Reg H\n|rated|\n|rule|Species Clause: Limit one of each Pok\u00e9mon\n|rule|Item Clause: Limit 1 of each item\n|clearpoke\n|poke|p1|Weezing, L50, F|\n|poke|p1|Slaking, L50, M|\n|poke|p1|Dragapult, L50, F|\n|poke|p1|Arcanine-Hisui, L50, F|\n|poke|p1|Tauros-Paldea-Aqua, L50, M|\n|poke|p1|Sinistcha-Masterpiece, L50|\n|poke|p2|Baxcalibur, L50, F|\n|poke|p2|Ninetales-Alola, L50, F|\n|poke|p2|Milotic, L50, M|\n|poke|p2|Skeledirge, L50, M|\n|poke|p2|Rillaboom, L50, M|\n|poke|p2|Sneasler, L50, M|\n|teampreview|4\n|inactive|Battle timer is ON: inactive players will automatically lose when time's up. (requested by fangame10)\n|inactive|Sarfy has 60 seconds left.\n|inactive|Sarfy has 30 seconds left.\n|inactive|Sarfy has 20 seconds left.\n|inactive|Sarfy has 15 seconds left.\n|inactive|Sarfy has 10 seconds left.\n|j| midnight labworks\n|\n|t:|1726035871\n|start\n|switch|p1a: Weezing|Weezing, L50, F|100\/100\n|switch|p1b: Dragapult|Dragapult, L50, F|100\/100\n|switch|p2a: Sneasler|Sneasler, L50, M, shiny|100\/100\n|switch|p2b: Milotic|Milotic, L50, M, shiny|100\/100\n|-ability|p1a: Weezing|Neutralizing Gas\n|turn|1\n|j| falcon108\n|inactive|Sarfy has 30 seconds left.\n|inactive|Sarfy has 20 seconds left.\n|inactive|Sarfy has 15 seconds left.\n|inactive|fangame10 has 30 seconds left.\n|\n|t:|1726035922\n|-terastallize|p1b: Dragapult|Dragon\n|-terastallize|p2a: Sneasler|Dark\n|move|p1b: Dragapult|Dragon Darts|p2b: Milotic\n|-damage|p2b: Milotic|41\/100\n|-enditem|p2b: Milotic|Sitrus Berry|[eat]\n|-heal|p2b: Milotic|66\/100|[from] item: Sitrus Berry\n|-anim|p1b: Dragapult|Dragon Darts|p2a: Sneasler\n|-damage|p2a: Sneasler|11\/100\n|move|p2a: Sneasler|Throat Chop|p1b: Dragapult\n|-damage|p1b: Dragapult|46\/100\n|-start|p1b: Dragapult|Throat Chop|[silent]\n|move|p1a: Weezing|Taunt|p2b: Milotic\n|-start|p2b: Milotic|move: Taunt\n|cant|p2b: Milotic|move: Taunt|Hypnosis\n|\n|upkeep\n|turn|2\n|inactive|fangame10 has 30 seconds left.\n|\n|t:|1726035950\n|move|p1b: Dragapult|Dragon Darts|p2b: Milotic\n|-damage|p2b: Milotic|13\/100\n|-anim|p1b: Dragapult|Dragon Darts|p2a: Sneasler\n|-damage|p2a: Sneasler|0 fnt\n|faint|p2a: Sneasler\n|move|p1a: Weezing|Sludge Bomb|p2b: Milotic\n|-damage|p2b: Milotic|0 fnt\n|faint|p2b: Milotic\n|\n|-end|p1b: Dragapult|Throat Chop|[silent]\n|upkeep\n|\n|t:|1726035952\n|switch|p2a: Ninetales|Ninetales-Alola, L50, F, shiny|100\/100\n|switch|p2b: Baxcalibur|Baxcalibur, L50, F, shiny|100\/100\n|turn|3\n|inactive|Sarfy has 30 seconds left.\n|inactive|Sarfy has 20 seconds left.\n|\n|t:|1726035990\n|move|p2b: Baxcalibur|Protect|p2b: Baxcalibur\n|-singleturn|p2b: Baxcalibur|Protect\n|move|p1b: Dragapult|Dragon Darts|p2b: Baxcalibur\n|-immune|p2a: Ninetales\n|move|p2a: Ninetales|Blizzard|p1a: Weezing|[spread] p1a,p1b\n|-supereffective|p1b: Dragapult\n|-damage|p1a: Weezing|63\/100\n|-damage|p1b: Dragapult|0 fnt\n|faint|p1b: Dragapult\n|move|p1a: Weezing|Sludge Bomb|p2a: Ninetales\n|-supereffective|p2a: Ninetales\n|-damage|p2a: Ninetales|42\/100\n|\n|upkeep\n|\n|t:|1726036013\n|switch|p1b: Slaking|Slaking, L50, M|100\/100\n|turn|4\n|\n|t:|1726036026\n|move|p2a: Ninetales|Protect|p2a: Ninetales\n|-singleturn|p2a: Ninetales|Protect\n|move|p1b: Slaking|Double-Edge|p2b: Baxcalibur\n|-damage|p2b: Baxcalibur|0 fnt\n|faint|p2b: Baxcalibur\n|-damage|p1b: Slaking|70\/100|[from] Recoil\n|-damage|p1b: Slaking|60\/100|[from] item: Life Orb\n|move|p1a: Weezing|Sludge Bomb|p2a: Ninetales\n|-activate|p2a: Ninetales|move: Protect\n|\n|upkeep\n|turn|5\n|\n|t:|1726036039\n|move|p2a: Ninetales|Blizzard|p1a: Weezing|[spread] p1a\n|-miss|p2a: Ninetales|p1b: Slaking\n|-damage|p1a: Weezing|28\/100\n|-enditem|p1a: Weezing|Sitrus Berry|[eat]\n|-heal|p1a: Weezing|53\/100|[from] item: Sitrus Berry\n|move|p1b: Slaking|Double-Edge|p2a: Ninetales\n|-damage|p2a: Ninetales|0 fnt\n|faint|p2a: Ninetales\n|-damage|p1b: Slaking|51\/100|[from] Recoil\n|-damage|p1b: Slaking|41\/100|[from] item: Life Orb\n|\n|win|Sarfy\n|raw|Sarfy's rating: 1720 &rarr; <strong>1741<\/strong><br \/>(+21 for winning)\n|raw|fangame10's rating: 1729 &rarr; <strong>1708<\/strong><br \/>(-21 for losing)\n|l|\u2606fangame10\n|player|p2|\n|l|\u2606Sarfy\n|player|p1|\n","uploadtime":1726036290,"views":117,"formatid":"gen9vgc2024regh","rating":1708,"private":0,"password":null}