{"id":"gen9vgc2024regh-2199459713","format":"[Gen 9] VGC 2024 Reg H","players":["pokequimico","Krisuerte"],"log":"|j|\u2606pokequimico\n|j|\u2606Krisuerte\n|t:|1726077121\n|gametype|doubles\n|player|p1|pokequimico|lucas|1703\n|player|p2|Krisuerte|265|1802\n|teamsize|p1|6\n|teamsize|p2|6\n|gen|9\n|tier|[Gen 9] VGC 2024 Reg H\n|rated|\n|rule|Species Clause: Limit one of each Pok\u00e9mon\n|rule|Item Clause: Limit 1 of each item\n|clearpoke\n|poke|p1|Archaludon, L50, F|\n|poke|p1|Pelipper, L50, M|\n|poke|p1|Basculegion, L50, M|\n|poke|p1|Meowscarada, L50, F|\n|poke|p1|Ursaluna, L50, M|\n|poke|p1|Dusclops, L50, F|\n|poke|p2|Annihilape, L50, F|\n|poke|p2|Archaludon, L50, F|\n|poke|p2|Whimsicott, L50, M|\n|poke|p2|Kingambit, L50, M|\n|poke|p2|Incineroar, L50, F|\n|poke|p2|Politoed, L50, F|\n|teampreview|4\n|\n|t:|1726077155\n|start\n|switch|p1a: Basculegion|Basculegion, L50, M|100\/100\n|switch|p1b: Dusclops|Dusclops, L50, F|100\/100\n|switch|p2a: Annihilape|Annihilape, L50, F|100\/100\n|switch|p2b: Whimsicott|Whimsicott, L50, M|100\/100\n|-item|p2a: Annihilape|Choice Scarf|[from] ability: Frisk|[of] p1b: Dusclops\n|-item|p2b: Whimsicott|Covert Cloak|[from] ability: Frisk|[of] p1b: Dusclops\n|turn|1\n|inactive|Battle timer is ON: inactive players will automatically lose when time's up. (requested by pokequimico)\n|\n|t:|1726077183\n|-terastallize|p2a: Annihilape|Grass\n|-terastallize|p1b: Dusclops|Dark\n|move|p2b: Whimsicott|Beat Up|p2a: Annihilape\n|-damage|p2a: Annihilape|98\/100\n|-damage|p2a: Annihilape|96\/100\n|-damage|p2a: Annihilape|94\/100\n|-damage|p2a: Annihilape|91\/100\n|-hitcount|p2a: Annihilape|4\n|move|p2a: Annihilape|Rage Fist|p1b: Dusclops\n|-resisted|p1b: Dusclops\n|-damage|p1b: Dusclops|60\/100\n|move|p1a: Basculegion|Flip Turn|p2b: Whimsicott\n|-resisted|p2b: Whimsicott\n|-damage|p2b: Whimsicott|77\/100\n|-damage|p1a: Basculegion|91\/100|[from] item: Life Orb\n|\n|t:|1726077194\n|switch|p1a: Ursaluna|Ursaluna, L50, M|100\/100|[from] Flip Turn\n|move|p1b: Dusclops|Trick Room|p1b: Dusclops\n|-fieldstart|move: Trick Room|[of] p1b: Dusclops\n|\n|-status|p1a: Ursaluna|brn|[from] item: Flame Orb\n|upkeep\n|turn|2\n|inactive|Krisuerte has 30 seconds left.\n|\n|t:|1726077228\n|switch|p2a: Kingambit|Kingambit, L50, M|100\/100\n|switch|p2b: Archaludon|Archaludon, L50, F|100\/100\n|move|p1b: Dusclops|Pain Split|p2a: Kingambit\n|-sethp|p2a: Kingambit|72\/100|[from] move: Pain Split|[silent]\n|-sethp|p1b: Dusclops|98\/100|[from] move: Pain Split\n|move|p1a: Ursaluna|Facade|p2b: Archaludon\n|-resisted|p2b: Archaludon\n|-damage|p2b: Archaludon|46\/100\n|\n|-damage|p1a: Ursaluna|95\/100 brn|[from] brn\n|upkeep\n|turn|3\n|j| Peroquecuones\n|inactive|pokequimico has 30 seconds left.\n|inactive|Krisuerte has 30 seconds left.\n|\n|t:|1726077262\n|move|p1a: Ursaluna|Protect|p1a: Ursaluna\n|-singleturn|p1a: Ursaluna|Protect\n|move|p2b: Archaludon|Protect|p2b: Archaludon\n|-singleturn|p2b: Archaludon|Protect\n|move|p2a: Kingambit|Sucker Punch||[still]\n|-fail|p2a: Kingambit\n|move|p1b: Dusclops|Night Shade|p2b: Archaludon\n|-activate|p2b: Archaludon|move: Protect\n|\n|-damage|p1a: Ursaluna|89\/100 brn|[from] brn\n|upkeep\n|turn|4\n|j| Voltax974\n|inactive|Krisuerte has 30 seconds left.\n|\n|t:|1726077291\n|move|p1b: Dusclops|Night Shade|p2a: Kingambit\n|-damage|p2a: Kingambit|47\/100\n|move|p1a: Ursaluna|Earthquake|p2b: Archaludon|[spread] p1b,p2a,p2b\n|-supereffective|p2a: Kingambit\n|-crit|p2a: Kingambit\n|-supereffective|p2b: Archaludon\n|-damage|p1b: Dusclops|56\/100\n|-damage|p2a: Kingambit|0 fnt\n|-damage|p2b: Archaludon|0 fnt\n|faint|p2a: Kingambit\n|faint|p2b: Archaludon\n|\n|-damage|p1a: Ursaluna|83\/100 brn|[from] brn\n|upkeep\n|\n|t:|1726077305\n|switch|p2a: Annihilape|Annihilape, L50, F, tera:Grass|91\/100\n|switch|p2b: Whimsicott|Whimsicott, L50, M|77\/100\n|turn|5\n|inactive|Krisuerte has 30 seconds left.\n|\n|t:|1726077334\n|move|p2b: Whimsicott|Encore|p1a: Ursaluna\n|-start|p1a: Ursaluna|Encore\n|move|p1b: Dusclops|Pain Split|p2a: Annihilape\n|-sethp|p2a: Annihilape|65\/100|[from] move: Pain Split|[silent]\n|-sethp|p1b: Dusclops|92\/100|[from] move: Pain Split\n|move|p1a: Ursaluna|Earthquake|p2b: Whimsicott|[spread] p1b,p2a,p2b\n|-resisted|p2a: Annihilape\n|-resisted|p2b: Whimsicott\n|-damage|p1b: Dusclops|52\/100\n|-damage|p2a: Annihilape|33\/100\n|-damage|p2b: Whimsicott|34\/100\n|move|p2a: Annihilape|Close Combat|p1b: Dusclops\n|-supereffective|p1b: Dusclops\n|-damage|p1b: Dusclops|0 fnt\n|-unboost|p2a: Annihilape|def|1\n|-unboost|p2a: Annihilape|spd|1\n|faint|p1b: Dusclops\n|\n|-damage|p1a: Ursaluna|77\/100 brn|[from] brn\n|-fieldend|move: Trick Room\n|upkeep\n|\n|t:|1726077344\n|switch|p1b: Basculegion|Basculegion, L50, M|91\/100\n|turn|6\n|\n|t:|1726077362\n|move|p2b: Whimsicott|Moonblast|p1b: Basculegion\n|-damage|p1b: Basculegion|59\/100\n|move|p2a: Annihilape|Close Combat|p1a: Ursaluna\n|-supereffective|p1a: Ursaluna\n|-damage|p1a: Ursaluna|0 fnt\n|-unboost|p2a: Annihilape|def|1\n|-unboost|p2a: Annihilape|spd|1\n|faint|p1a: Ursaluna\n|move|p1b: Basculegion|Last Respects|p2a: Annihilape\n|-damage|p2a: Annihilape|0 fnt\n|faint|p2a: Annihilape\n|-damage|p1b: Basculegion|50\/100|[from] item: Life Orb\n|\n|upkeep\n|\n|t:|1726077368\n|switch|p1a: Archaludon|Archaludon, L50, F|100\/100\n|turn|7\n|\n|t:|1726077382\n|move|p2b: Whimsicott|Moonblast|p1b: Basculegion\n|-damage|p1b: Basculegion|16\/100\n|move|p1b: Basculegion|Last Respects|p2b: Whimsicott\n|-damage|p2b: Whimsicott|0 fnt\n|faint|p2b: Whimsicott\n|-damage|p1b: Basculegion|6\/100|[from] item: Life Orb\n|\n|win|pokequimico\n|raw|pokequimico's rating: 1703 &rarr; <strong>1729<\/strong><br \/>(+26 for winning)\n|raw|Krisuerte's rating: 1802 &rarr; <strong>1776<\/strong><br \/>(-26 for losing)\n","uploadtime":1726077390,"views":62,"formatid":"gen9vgc2024regh","rating":1729,"private":0,"password":null}