{"id":"gen9vgc2024regh-2199794545","format":"[Gen 9] VGC 2024 Reg H","players":["bieiup","yung elmers glue"],"log":"|j|\u2606bieiup\n|j|\u2606yung elmers glue\n|t:|1726112581\n|gametype|doubles\n|player|p1|bieiup|lillie-z|1719\n|player|p2|yung elmers glue|juan|1735\n|teamsize|p1|6\n|teamsize|p2|6\n|gen|9\n|tier|[Gen 9] VGC 2024 Reg H\n|rated|\n|rule|Species Clause: Limit one of each Pok\u00e9mon\n|rule|Item Clause: Limit 1 of each item\n|clearpoke\n|poke|p1|Sableye, L50, M|\n|poke|p1|Dondozo, L50, M|\n|poke|p1|Sylveon, L50, M|\n|poke|p1|Dragonite, L50, F|\n|poke|p1|Gholdengo, L50|\n|poke|p1|Ursaluna-Bloodmoon, L50, M|\n|poke|p2|Dondozo, L50, M|\n|poke|p2|Tatsugiri, L50, F|\n|poke|p2|Archaludon, L50, M|\n|poke|p2|Talonflame, L50, M|\n|poke|p2|Dragonite, L50, M|\n|poke|p2|Glimmora, L50, F|\n|teampreview|4\n|j| mr pogostick\n|j| Chysial\n|inactive|Battle timer is ON: inactive players will automatically lose when time's up. (requested by bieiup)\n|\n|t:|1726112621\n|start\n|switch|p1a: Sableye|Sableye, L50, M|100\/100\n|switch|p1b: Ursaluna|Ursaluna-Bloodmoon, L50, M|100\/100\n|switch|p2a: Archaludon|Archaludon, L50, M|100\/100\n|switch|p2b: Glimmora|Glimmora, L50, F|100\/100\n|turn|1\n|\n|t:|1726112639\n|-terastallize|p2b: Glimmora|Grass\n|move|p1a: Sableye|Fake Out|p2b: Glimmora\n|-damage|p2b: Glimmora|91\/100\n|-activate|p2b: Glimmora|ability: Toxic Debris\n|-sidestart|p1: bieiup|move: Toxic Spikes\n|cant|p2b: Glimmora|flinch\n|move|p2a: Archaludon|Electro Shot||[still]\n|-prepare|p2a: Archaludon|Electro Shot\n|-boost|p2a: Archaludon|spa|1\n|-enditem|p2a: Archaludon|Power Herb\n|-anim|p2a: Archaludon|Electro Shot|p1a: Sableye\n|-enditem|p1a: Sableye|Focus Sash\n|-damage|p1a: Sableye|1\/100\n|move|p1b: Ursaluna|Earth Power|p2a: Archaludon\n|-supereffective|p2a: Archaludon\n|-crit|p2a: Archaludon\n|-ability|p2a: Archaludon|Sturdy\n|-damage|p2a: Archaludon|1\/100\n|-unboost|p2a: Archaludon|spd|1\n|-damage|p1b: Ursaluna|91\/100|[from] item: Life Orb\n|\n|upkeep\n|turn|2\n|c| Chysial|no speed control method available \uff1f\n|j| BreadTest\n|c|\u2606bieiup|what you me ?\n|inactive|bieiup has 30 seconds left.\n|\n|t:|1726112668\n|-terastallize|p1b: Ursaluna|Steel\n|move|p2a: Archaludon|Protect|p2a: Archaludon\n|-singleturn|p2a: Archaludon|Protect\n|move|p1a: Sableye|Will-O-Wisp|p2a: Archaludon\n|-activate|p2a: Archaludon|move: Protect\n|move|p2b: Glimmora|Sludge Bomb|p1a: Sableye\n|-resisted|p1a: Sableye\n|-damage|p1a: Sableye|0 fnt\n|faint|p1a: Sableye\n|move|p1b: Ursaluna|Blood Moon|p2b: Glimmora\n|-damage|p2b: Glimmora|0 fnt\n|faint|p2b: Glimmora\n|-damage|p1b: Ursaluna|81\/100|[from] item: Life Orb\n|\n|upkeep\n|c| Chysial|yea\n|\n|t:|1726112686\n|switch|p2b: Dondozo|Dondozo, L50, M|100\/100\n|switch|p1a: Dondozo|Dondozo, L50, M|100\/100\n|-status|p1a: Dondozo|psn\n|turn|3\n|\n|t:|1726112693\n|move|p2b: Dondozo|Protect|p2b: Dondozo\n|-singleturn|p2b: Dondozo|Protect\n|move|p1b: Ursaluna|Vacuum Wave|p2a: Archaludon\n|-supereffective|p2a: Archaludon\n|-damage|p2a: Archaludon|0 fnt\n|faint|p2a: Archaludon\n|-damage|p1b: Ursaluna|72\/100|[from] item: Life Orb\n|move|p1a: Dondozo|Curse|p1a: Dondozo\n|-unboost|p1a: Dondozo|spe|1\n|-boost|p1a: Dondozo|atk|1\n|-boost|p1a: Dondozo|def|1\n|\n|-damage|p1a: Dondozo|88\/100 psn|[from] psn\n|upkeep\n|\n|t:|1726112702\n|switch|p2a: Tatsugiri|Tatsugiri, L50, F|100\/100\n|-activate|p2a: Tatsugiri|ability: Commander|[of] p2b: Dondozo\n|-boost|p2b: Dondozo|atk|2\n|-boost|p2b: Dondozo|spa|2\n|-boost|p2b: Dondozo|spe|2\n|-boost|p2b: Dondozo|def|2\n|-boost|p2b: Dondozo|spd|2\n|turn|4\n|\n|t:|1726112709\n|move|p2b: Dondozo|Earthquake|p1a: Dondozo|[spread] p1a,p1b\n|-miss|p2b: Dondozo|p2a: Tatsugiri\n|-supereffective|p1b: Ursaluna\n|-damage|p1a: Dondozo|74\/100 psn\n|-damage|p1b: Ursaluna|8\/100\n|move|p1b: Ursaluna|Blood Moon|p2b: Dondozo\n|-damage|p2b: Dondozo|57\/100\n|-damage|p1b: Ursaluna|0 fnt|[from] item: Life Orb\n|faint|p1b: Ursaluna\n|move|p1a: Dondozo|Curse|p1a: Dondozo\n|-unboost|p1a: Dondozo|spe|1\n|-boost|p1a: Dondozo|atk|1\n|-boost|p1a: Dondozo|def|1\n|\n|-heal|p2b: Dondozo|63\/100|[from] item: Leftovers\n|-damage|p1a: Dondozo|62\/100 psn|[from] psn\n|upkeep\n|\n|t:|1726112711\n|switch|p1b: Gholdengo|Gholdengo, L50|100\/100\n|turn|5\n|\n|t:|1726112722\n|move|p2b: Dondozo|Protect|p2b: Dondozo\n|-singleturn|p2b: Dondozo|Protect\n|move|p1b: Gholdengo|Trick|p2b: Dondozo\n|-activate|p2b: Dondozo|move: Protect\n|move|p1a: Dondozo|Curse|p1a: Dondozo\n|-unboost|p1a: Dondozo|spe|1\n|-boost|p1a: Dondozo|atk|1\n|-boost|p1a: Dondozo|def|1\n|\n|-heal|p2b: Dondozo|69\/100|[from] item: Leftovers\n|-damage|p1a: Dondozo|50\/100 psn|[from] psn\n|upkeep\n|turn|6\n|\n|t:|1726112730\n|move|p1b: Gholdengo|Trick|p2b: Dondozo\n|-activate|p1b: Gholdengo|move: Trick|[of] p2b: Dondozo\n|-item|p2b: Dondozo|Choice Scarf|[from] move: Trick\n|-item|p1b: Gholdengo|Leftovers|[from] move: Trick\n|move|p2b: Dondozo|Wave Crash|p1b: Gholdengo\n|-damage|p1b: Gholdengo|0 fnt\n|faint|p1b: Gholdengo\n|-damage|p2b: Dondozo|45\/100|[from] Recoil\n|move|p1a: Dondozo|Rest|p1a: Dondozo\n|-status|p1a: Dondozo|slp|[from] move: Rest\n|-heal|p1a: Dondozo|100\/100 slp|[silent]\n|-enditem|p1a: Dondozo|Chesto Berry|[eat]\n|-curestatus|p1a: Dondozo|slp|[msg]\n|\n|upkeep\n|turn|7\n|\n|t:|1726112740\n|move|p2b: Dondozo|Wave Crash|p1a: Dondozo\n|-resisted|p1a: Dondozo\n|-damage|p1a: Dondozo|85\/100\n|-damage|p2b: Dondozo|39\/100|[from] Recoil\n|move|p1a: Dondozo|Curse|p1a: Dondozo\n|-unboost|p1a: Dondozo|spe|1\n|-boost|p1a: Dondozo|atk|1\n|-boost|p1a: Dondozo|def|1\n|\n|upkeep\n|turn|8\n|\n|t:|1726112745\n|move|p2b: Dondozo|Wave Crash|p1a: Dondozo\n|-resisted|p1a: Dondozo\n|-damage|p1a: Dondozo|70\/100\n|-damage|p2b: Dondozo|34\/100|[from] Recoil\n|move|p1a: Dondozo|Curse|p1a: Dondozo\n|-unboost|p1a: Dondozo|spe|1\n|-boost|p1a: Dondozo|atk|1\n|-boost|p1a: Dondozo|def|1\n|\n|upkeep\n|turn|9\n|\n|t:|1726112750\n|move|p2b: Dondozo|Wave Crash|p1a: Dondozo\n|-resisted|p1a: Dondozo\n|-damage|p1a: Dondozo|54\/100\n|-damage|p2b: Dondozo|27\/100|[from] Recoil\n|move|p1a: Dondozo|Curse|p1a: Dondozo\n|-unboost|p1a: Dondozo|spe|1\n|-boost|p1a: Dondozo|atk|1\n|-boost|p1a: Dondozo|def|1\n|\n|upkeep\n|turn|10\n|\n|t:|1726112759\n|move|p2b: Dondozo|Wave Crash|p1a: Dondozo\n|-resisted|p1a: Dondozo\n|-damage|p1a: Dondozo|39\/100\n|-damage|p2b: Dondozo|22\/100|[from] Recoil\n|move|p1a: Dondozo|Curse|p1a: Dondozo\n|\n|upkeep\n|turn|11\n|\n|t:|1726112765\n|move|p2b: Dondozo|Wave Crash|p1a: Dondozo\n|-resisted|p1a: Dondozo\n|-damage|p1a: Dondozo|23\/100\n|-damage|p2b: Dondozo|16\/100|[from] Recoil\n|move|p1a: Dondozo|Rest|p1a: Dondozo\n|-status|p1a: Dondozo|slp|[from] move: Rest\n|-heal|p1a: Dondozo|100\/100 slp|[silent]\n|\n|upkeep\n|turn|12\n|\n|t:|1726112768\n|move|p2b: Dondozo|Wave Crash|p1a: Dondozo\n|-resisted|p1a: Dondozo\n|-damage|p1a: Dondozo|83\/100 slp\n|-damage|p2b: Dondozo|9\/100|[from] Recoil\n|cant|p1a: Dondozo|slp\n|\n|upkeep\n|turn|13\n|\n|t:|1726112770\n|move|p2b: Dondozo|Wave Crash|p1a: Dondozo\n|-resisted|p1a: Dondozo\n|-damage|p1a: Dondozo|67\/100 slp\n|-damage|p2b: Dondozo|3\/100|[from] Recoil\n|cant|p1a: Dondozo|slp\n|\n|upkeep\n|turn|14\n|c| Chysial|what\u300b\n|\n|t:|1726112772\n|move|p2b: Dondozo|Wave Crash|p1a: Dondozo\n|-resisted|p1a: Dondozo\n|-damage|p1a: Dondozo|53\/100 slp\n|-damage|p2b: Dondozo|0 fnt|[from] Recoil\n|faint|p2b: Dondozo\n|-curestatus|p1a: Dondozo|slp|[msg]\n|move|p1a: Dondozo|Earthquake|p2a: Tatsugiri\n|-damage|p2a: Tatsugiri|0 fnt\n|faint|p2a: Tatsugiri\n|\n|win|bieiup\n|raw|bieiup's rating: 1719 &rarr; <strong>1740<\/strong><br \/>(+21 for winning)\n|raw|yung elmers glue's rating: 1735 &rarr; <strong>1714<\/strong><br \/>(-21 for losing)\n|c|\u2606bieiup|gg\n|c|\u2606bieiup|hahah\n|c|\u2606bieiup|Dondozo so funny\n|l| mr pogostick\n|l| BreadTest\n|c| Chysial|fight\n|n|\u2606yung elmers glue@!|yungelmersglue\n","uploadtime":1726113273,"views":46,"formatid":"gen9vgc2024regh","rating":1714,"private":0,"password":null}