{"id":"gen9vgc2024regh-2199889276","format":"[Gen 9] VGC 2024 Reg H","players":["bieiup","chin8"],"log":"|j|\u2606bieiup\n|j|\u2606chin8\n|t:|1726128391\n|gametype|doubles\n|player|p1|bieiup|lillie-z|1758\n|player|p2|chin8|gentleman-gen4dp|1761\n|teamsize|p1|6\n|teamsize|p2|6\n|gen|9\n|tier|[Gen 9] VGC 2024 Reg H\n|rated|\n|rule|Species Clause: Limit one of each Pok\u00e9mon\n|rule|Item Clause: Limit 1 of each item\n|clearpoke\n|poke|p1|Sableye, L50, M|\n|poke|p1|Dondozo, L50, F|\n|poke|p1|Sylveon, L50, M|\n|poke|p1|Dragonite, L50, M|\n|poke|p1|Gholdengo, L50|\n|poke|p1|Ursaluna-Bloodmoon, L50, M|\n|poke|p2|Baxcalibur, L50, F|\n|poke|p2|Kilowattrel, L50, F|\n|poke|p2|Haxorus, L50, F|\n|poke|p2|Gardevoir, L50, F|\n|poke|p2|Magmortar, L50, F|\n|poke|p2|Gholdengo, L50|\n|teampreview|4\n|inactive|Battle timer is ON: inactive players will automatically lose when time's up. (requested by bieiup)\n|inactive|bieiup has 60 seconds left.\n|inactive|bieiup has 30 seconds left.\n|inactive|bieiup has 20 seconds left.\n|j| bluestraggler02\n|inactive|bieiup has 15 seconds left.\n|\n|t:|1726128482\n|start\n|switch|p1a: Sableye|Sableye, L50, M|100\/100\n|switch|p1b: Sylveon|Sylveon, L50, M|100\/100\n|switch|p2a: Baxcalibur|Baxcalibur, L50, F|100\/100\n|switch|p2b: Kilowattrel|Kilowattrel, L50, F|100\/100\n|turn|1\n|\n|t:|1726128493\n|-terastallize|p2a: Baxcalibur|Ground\n|move|p1a: Sableye|Fake Out|p2a: Baxcalibur\n|-damage|p2a: Baxcalibur|93\/100\n|move|p2b: Kilowattrel|Thunderbolt|p1a: Sableye\n|-damage|p1a: Sableye|41\/100\n|cant|p2a: Baxcalibur|flinch\n|move|p1b: Sylveon|Hyper Voice|p2b: Kilowattrel|[spread] p2a,p2b\n|-damage|p2a: Baxcalibur|70\/100\n|-damage|p2b: Kilowattrel|27\/100\n|-enditem|p1b: Sylveon|Throat Spray\n|-boost|p1b: Sylveon|spa|1|[from] item: Throat Spray\n|\n|upkeep\n|turn|2\n|\n|t:|1726128501\n|move|p1a: Sableye|Encore|p1b: Sylveon\n|-start|p1b: Sylveon|Encore\n|move|p1b: Sylveon|Hyper Voice|p2a: Baxcalibur|[spread] p2a,p2b\n|-damage|p2a: Baxcalibur|34\/100\n|-damage|p2b: Kilowattrel|0 fnt\n|faint|p2b: Kilowattrel\n|move|p2a: Baxcalibur|Earthquake|p1a: Sableye|[spread] p1a,p1b\n|-damage|p1a: Sableye|0 fnt\n|-damage|p1b: Sylveon|45\/100\n|faint|p1a: Sableye\n|\n|upkeep\n|\n|t:|1726128512\n|switch|p2b: Magmortar|Magmortar, L50, F|100\/100\n|switch|p1a: Gholdengo|Gholdengo, L50|100\/100\n|turn|3\n|\n|t:|1726128519\n|-terastallize|p1a: Gholdengo|Ground\n|move|p2b: Magmortar|Protect|p2b: Magmortar\n|-singleturn|p2b: Magmortar|Protect\n|move|p1a: Gholdengo|Tera Blast|p2b: Magmortar|[anim] Tera Blast Ground\n|-activate|p2b: Magmortar|move: Protect\n|move|p2a: Baxcalibur|Earthquake|p1b: Sylveon|[spread] p1a,p1b\n|-activate|p2b: Magmortar|move: Protect\n|-damage|p1a: Gholdengo|51\/100\n|-damage|p1b: Sylveon|0 fnt\n|faint|p1b: Sylveon\n|\n|upkeep\n|\n|t:|1726128523\n|switch|p1b: Dragonite|Dragonite, L50, M|100\/100\n|turn|4\n|\n|t:|1726128538\n|move|p2b: Magmortar|Follow Me|p2b: Magmortar\n|-singleturn|p2b: Magmortar|move: Follow Me\n|move|p1a: Gholdengo|Tera Blast|p2b: Magmortar|[anim] Tera Blast Ground\n|-supereffective|p2b: Magmortar\n|-damage|p2b: Magmortar|15\/100\n|-enditem|p2b: Magmortar|Sitrus Berry|[eat]\n|-heal|p2b: Magmortar|40\/100|[from] item: Sitrus Berry\n|move|p2a: Baxcalibur|Icicle Crash|p1a: Gholdengo\n|-supereffective|p1a: Gholdengo\n|-damage|p1a: Gholdengo|0 fnt\n|faint|p1a: Gholdengo\n|move|p1b: Dragonite|Earthquake|p2b: Magmortar|[spread] p2a,p2b\n|-supereffective|p2b: Magmortar\n|-damage|p2a: Baxcalibur|6\/100\n|-damage|p2b: Magmortar|0 fnt\n|faint|p2b: Magmortar\n|\n|upkeep\n|j| Pikakado\n|\n|t:|1726128550\n|switch|p2b: Gholdengo|Gholdengo, L50|100\/100\n|turn|5\n|\n|t:|1726128555\n|move|p1b: Dragonite|Extreme Speed|p2a: Baxcalibur\n|-damage|p2a: Baxcalibur|0 fnt\n|faint|p2a: Baxcalibur\n|move|p2b: Gholdengo|Shadow Ball|p1b: Dragonite\n|-damage|p1b: Dragonite|86\/100\n|\n|upkeep\n|turn|6\n|\n|t:|1726128562\n|move|p2b: Gholdengo|Nasty Plot|p2b: Gholdengo\n|-boost|p2b: Gholdengo|spa|2\n|move|p1b: Dragonite|Earthquake|p2b: Gholdengo\n|-supereffective|p2b: Gholdengo\n|-damage|p2b: Gholdengo|26\/100\n|\n|-heal|p2b: Gholdengo|32\/100|[from] item: Leftovers\n|upkeep\n|turn|7\n|\n|t:|1726128565\n|move|p2b: Gholdengo|Make It Rain|p1b: Dragonite\n|-damage|p1b: Dragonite|6\/100\n|-unboost|p2b: Gholdengo|spa|1\n|move|p1b: Dragonite|Earthquake|p2b: Gholdengo\n|-supereffective|p2b: Gholdengo\n|-damage|p2b: Gholdengo|0 fnt\n|faint|p2b: Gholdengo\n|\n|win|bieiup\n|raw|bieiup's rating: 1758 &rarr; <strong>1778<\/strong><br \/>(+20 for winning)\n|raw|chin8's rating: 1761 &rarr; <strong>1741<\/strong><br \/>(-20 for losing)\n|j| Manchester1997!\n|l|\u2606chin8\n|player|p2|\n|c|\u2606bieiup|gg\n","uploadtime":1726128708,"views":65,"formatid":"gen9vgc2024regh","rating":1741,"private":0,"password":null}