{"id":"gen9vgc2024regh-2199765380","format":"[Gen 9] VGC 2024 Reg H","players":["bieiup","Apneic"],"log":"|j|\u2606bieiup\n|j|\u2606Apneic\n|t:|1726108912\n|gametype|doubles\n|player|p1|bieiup|lillie-z|1655\n|player|p2|Apneic|101|1699\n|teamsize|p1|6\n|teamsize|p2|6\n|gen|9\n|tier|[Gen 9] VGC 2024 Reg H\n|rated|\n|rule|Species Clause: Limit one of each Pok\u00e9mon\n|rule|Item Clause: Limit 1 of each item\n|clearpoke\n|poke|p1|Sableye, L50, M|\n|poke|p1|Dondozo, L50, M|\n|poke|p1|Sylveon, L50, F|\n|poke|p1|Dragonite, L50, F|\n|poke|p1|Gholdengo, L50|\n|poke|p1|Ursaluna-Bloodmoon, L50, M|\n|poke|p2|Tyranitar, L50, M|\n|poke|p2|Annihilape, L50, F|\n|poke|p2|Greninja-*, L50, F|\n|poke|p2|Electabuzz, L50, M|\n|poke|p2|Volcarona, L50, M|\n|poke|p2|Mandibuzz, L50, F|\n|teampreview|4\n|j| mr pogostick\n|inactive|Battle timer is ON: inactive players will automatically lose when time's up. (requested by bieiup)\n|\n|t:|1726108959\n|start\n|switch|p1a: Sableye|Sableye, L50, M|100\/100\n|switch|p1b: Sylveon|Sylveon, L50, F|100\/100\n|switch|p2a: Annihilape|Annihilape, L50, F|100\/100\n|switch|p2b: Greninja|Greninja, L50, F|100\/100\n|turn|1\n|inactive|Apneic has 30 seconds left.\n|\n|t:|1726108987\n|move|p2b: Greninja|Protect|p2b: Greninja\n|-singleturn|p2b: Greninja|Protect\n|move|p1a: Sableye|Fake Out|p2b: Greninja\n|-activate|p2b: Greninja|move: Protect\n|move|p2a: Annihilape|U-turn|p1a: Sableye\n|-damage|p1a: Sableye|71\/100\n|\n|t:|1726108995\n|switch|p2a: Reptar|Tyranitar, L50, M, shiny|100\/100|[from] U-turn\n|-weather|Sandstorm|[from] ability: Sand Stream|[of] p2a: Reptar\n|move|p1b: Sylveon|Hyper Voice|p2a: Reptar|[spread] p2a\n|-activate|p2b: Greninja|move: Protect\n|-supereffective|p2a: Reptar\n|-damage|p2a: Reptar|61\/100\n|-enditem|p1b: Sylveon|Throat Spray\n|-boost|p1b: Sylveon|spa|1|[from] item: Throat Spray\n|\n|-weather|Sandstorm|[upkeep]\n|-damage|p2b: Greninja|94\/100|[from] Sandstorm\n|-damage|p1a: Sableye|65\/100|[from] Sandstorm\n|-damage|p1b: Sylveon|95\/100|[from] Sandstorm\n|upkeep\n|turn|2\n|\n|t:|1726109016\n|switch|p2b: Electabuzz|Electabuzz, L50, M|100\/100\n|move|p1a: Sableye|Encore||[still]\n|-fail|p1a: Sableye\n|move|p2a: Reptar|Rock Slide|p1b: Sylveon|[spread] p1a,p1b\n|-damage|p1a: Sableye|20\/100\n|-damage|p1b: Sylveon|53\/100\n|move|p1b: Sylveon|Hyper Voice|p2a: Reptar|[spread] p2a,p2b\n|-supereffective|p2a: Reptar\n|-damage|p2a: Reptar|10\/100\n|-damage|p2b: Electabuzz|53\/100\n|\n|-weather|Sandstorm|[upkeep]\n|-damage|p2b: Electabuzz|48\/100|[from] Sandstorm\n|-damage|p1a: Sableye|14\/100|[from] Sandstorm\n|-damage|p1b: Sylveon|47\/100|[from] Sandstorm\n|upkeep\n|turn|3\n|inactive|Apneic has 30 seconds left.\n|\n|t:|1726109047\n|move|p1a: Sableye|Encore|p1b: Sylveon\n|-start|p1b: Sylveon|Encore\n|move|p1b: Sylveon|Hyper Voice|p2b: Electabuzz|[spread] p2a,p2b\n|-supereffective|p2a: Reptar\n|-damage|p2a: Reptar|0 fnt\n|-damage|p2b: Electabuzz|0 fnt\n|faint|p2a: Reptar\n|faint|p2b: Electabuzz\n|\n|-weather|Sandstorm|[upkeep]\n|-damage|p1a: Sableye|8\/100|[from] Sandstorm\n|-damage|p1b: Sylveon|41\/100|[from] Sandstorm\n|upkeep\n|c|\u2606Apneic|That was a sick ass tech!\n|\n|t:|1726109069\n|switch|p2b: Annihilape|Annihilape, L50, F|100\/100\n|switch|p2a: Greninja|Greninja, L50, F|94\/100\n|turn|4\n|c|\u2606bieiup|\uff1f\n|inactive|Apneic has 30 seconds left.\n|inactive|Apneic has 20 seconds left.\n|\n|t:|1726109106\n|move|p2a: Greninja|Water Shuriken|p2b: Annihilape\n|-damage|p2b: Annihilape|93\/100\n|-damage|p2b: Annihilape|86\/100\n|-damage|p2b: Annihilape|80\/100\n|-damage|p2b: Annihilape|74\/100\n|-hitcount|p2b: Annihilape|4\n|move|p1a: Sableye|Light Screen|p1a: Sableye\n|-sidestart|p1: bieiup|move: Light Screen\n|move|p2b: Annihilape|Rage Fist|p1b: Sylveon\n|-damage|p1b: Sylveon|0 fnt\n|faint|p1b: Sylveon\n|\n|-weather|Sandstorm|[upkeep]\n|-damage|p2b: Annihilape|67\/100|[from] Sandstorm\n|-damage|p2a: Greninja|88\/100|[from] Sandstorm\n|-damage|p1a: Sableye|2\/100|[from] Sandstorm\n|upkeep\n|\n|t:|1726109125\n|switch|p1b: Dragonite|Dragonite, L50, F|100\/100\n|turn|5\n|c|\u2606Apneic|How did your sylveon move first?\n|inactive|Apneic has 30 seconds left.\n|c|\u2606bieiup|this is my secert\n|\n|t:|1726109156\n|-terastallize|p1b: Dragonite|Dark\n|move|p2a: Greninja|Protect|p2a: Greninja\n|-singleturn|p2a: Greninja|Protect\n|move|p1a: Sableye|Encore|p2b: Annihilape\n|-start|p2b: Annihilape|Encore\n|move|p2b: Annihilape|Rage Fist|p1a: Sableye\n|-damage|p1a: Sableye|0 fnt\n|faint|p1a: Sableye\n|move|p1b: Dragonite|Aerial Ace|p2b: Annihilape\n|-supereffective|p2b: Annihilape\n|-damage|p2b: Annihilape|0 fnt\n|faint|p2b: Annihilape\n|\n|-weather|none\n|upkeep\n|\n|t:|1726109159\n|switch|p1a: Dondozo|Dondozo, L50, M|100\/100\n|turn|6\n|inactive|Apneic has 30 seconds left.\n|inactive|Apneic has 20 seconds left.\n|c|\u2606Apneic|I\u2019m going to assume sylvy is slower than sab and you quick atk into encore\n|inactive|Apneic has 15 seconds left.\n|c|\u2606Apneic|Gg wp\n|inactive|Apneic has 10 seconds left.\n|c|\u2606bieiup|maybe\n|inactive|Apneic has 5 seconds left.\n|-message|Apneic forfeited.\n|\n|win|bieiup\n|raw|bieiup's rating: 1655 &rarr; <strong>1678<\/strong><br \/>(+23 for winning)\n|raw|Apneic's rating: 1699 &rarr; <strong>1676<\/strong><br \/>(-23 for losing)\n|l|\u2606Apneic\n|player|p2|\n|l|\u2606bieiup\n|player|p1|\n","uploadtime":1726109476,"views":13,"formatid":"gen9vgc2024regh","rating":1676,"private":0,"password":null}