{"id":"gen9vgc2024regh-2199101773","format":"[Gen 9] VGC 2024 Reg H","players":["fangame10","randy.zhang2023"],"log":"|j|\u2606fangame10\n|j|\u2606randy.zhang2023\n|t:|1726033724\n|gametype|doubles\n|player|p1|fangame10|red|1769\n|player|p2|randy.zhang2023|170|1664\n|teamsize|p1|6\n|teamsize|p2|6\n|gen|9\n|tier|[Gen 9] VGC 2024 Reg H\n|rated|\n|rule|Species Clause: Limit one of each Pok\u00e9mon\n|rule|Item Clause: Limit 1 of each item\n|clearpoke\n|poke|p1|Baxcalibur, L50, F|\n|poke|p1|Ninetales-Alola, L50, F|\n|poke|p1|Milotic, L50, M|\n|poke|p1|Skeledirge, L50, M|\n|poke|p1|Rillaboom, L50, M|\n|poke|p1|Sneasler, L50, M|\n|poke|p2|Torkoal, L50, F|\n|poke|p2|Exeggutor, L50, M|\n|poke|p2|Indeedee-F, L50, F|\n|poke|p2|Hatterene, L50, F|\n|poke|p2|Gallade, L50, M|\n|poke|p2|Maushold-Four, L50|\n|teampreview|4\n|inactive|Battle timer is ON: inactive players will automatically lose when time's up. (requested by fangame10)\n|j| wee25\n|j| ConnieChristmas\n|inactive|fangame10 has 60 seconds left.\n|inactive|randy.zhang2023 has 60 seconds left.\n|j| burbmade1977\n|inactive|fangame10 has 30 seconds left.\n|inactive|fangame10 has 20 seconds left.\n|\n|t:|1726033798\n|start\n|switch|p1a: Skeledirge|Skeledirge, L50, M|100\/100\n|switch|p1b: Ninetales|Ninetales-Alola, L50, F, shiny|100\/100\n|switch|p2a: Gallade|Gallade, L50, M|100\/100\n|switch|p2b: Maushold|Maushold-Four, L50|100\/100\n|-weather|Snow|[from] ability: Snow Warning|[of] p1b: Ninetales\n|turn|1\n|j| TFT Boomer5\n|inactive|fangame10 has 30 seconds left.\n|inactive|randy.zhang2023 has 30 seconds left.\n|\n|t:|1726033827\n|-terastallize|p2b: Maushold|Normal\n|move|p2b: Maushold|Population Bomb|p1b: Ninetales\n|-damage|p1b: Ninetales|87\/100\n|-damage|p1b: Ninetales|72\/100\n|-damage|p1b: Ninetales|58\/100\n|-damage|p1b: Ninetales|44\/100\n|-damage|p1b: Ninetales|31\/100\n|-damage|p1b: Ninetales|18\/100\n|-damage|p1b: Ninetales|4\/100\n|-damage|p1b: Ninetales|0 fnt\n|faint|p1b: Ninetales\n|-hitcount|p1: Ninetales|8\n|move|p1a: Skeledirge|Shadow Ball|p2a: Gallade\n|-supereffective|p2a: Gallade\n|-damage|p2a: Gallade|25\/100\n|move|p2a: Gallade|Trick Room|p2a: Gallade\n|-fieldstart|move: Trick Room|[of] p2a: Gallade\n|\n|-weather|Snow|[upkeep]\n|upkeep\n|\n|t:|1726033837\n|switch|p1b: Milotic|Milotic, L50, M, shiny|100\/100\n|turn|2\n|inactive|fangame10 has 30 seconds left.\n|\n|t:|1726033864\n|move|p2a: Gallade|Psycho Cut|p1a: Skeledirge\n|-damage|p1a: Skeledirge|53\/100\n|move|p1a: Skeledirge|Torch Song|p2b: Maushold\n|-crit|p2b: Maushold\n|-damage|p2b: Maushold|8\/100\n|-boost|p1a: Skeledirge|spa|1\n|move|p1b: Milotic|Muddy Water|p2a: Gallade|[spread] p2a,p2b\n|-damage|p2a: Gallade|4\/100\n|-damage|p2b: Maushold|0 fnt\n|faint|p2b: Maushold\n|\n|-weather|Snow|[upkeep]\n|-heal|p1a: Skeledirge|59\/100|[from] item: Leftovers\n|upkeep\n|\n|t:|1726033876\n|switch|p2b: Hatterene|Hatterene, L50, F|100\/100\n|turn|3\n|\n|t:|1726033893\n|-terastallize|p1a: Skeledirge|Dark\n|move|p2b: Hatterene|Shadow Ball|p1a: Skeledirge\n|-resisted|p1a: Skeledirge\n|-damage|p1a: Skeledirge|40\/100\n|-damage|p2b: Hatterene|91\/100|[from] item: Life Orb\n|move|p2a: Gallade|Sacred Sword|p1b: Milotic\n|-damage|p1b: Milotic|22\/100\n|-enditem|p1b: Milotic|Sitrus Berry|[eat]\n|-heal|p1b: Milotic|46\/100|[from] item: Sitrus Berry\n|move|p1a: Skeledirge|Snarl|p2a: Gallade|[spread] p2a,p2b\n|-damage|p2a: Gallade|0 fnt\n|-damage|p2b: Hatterene|55\/100\n|-unboost|p2b: Hatterene|spa|1\n|faint|p2a: Gallade\n|move|p1b: Milotic|Life Dew|p1b: Milotic|[spread] p1a,p1b\n|-heal|p1a: Skeledirge|66\/100\n|-heal|p1b: Milotic|71\/100\n|\n|-weather|Snow|[upkeep]\n|-heal|p1a: Skeledirge|71\/100|[from] item: Leftovers\n|upkeep\n|\n|t:|1726033912\n|switch|p2a: Torkoal|Torkoal, L50, F|100\/100\n|-weather|SunnyDay|[from] ability: Drought|[of] p2a: Torkoal\n|turn|4\n|\n|t:|1726033919\n|move|p1a: Skeledirge|Protect|p1a: Skeledirge\n|-singleturn|p1a: Skeledirge|Protect\n|move|p2a: Torkoal|Eruption|p1b: Milotic|[spread] p1b\n|-activate|p1a: Skeledirge|move: Protect\n|-resisted|p1b: Milotic\n|-damage|p1b: Milotic|48\/100\n|move|p2b: Hatterene|Dazzling Gleam|p1b: Milotic|[spread] p1b\n|-activate|p1a: Skeledirge|move: Protect\n|-damage|p1b: Milotic|28\/100\n|-damage|p2b: Hatterene|46\/100|[from] item: Life Orb\n|move|p1b: Milotic|Muddy Water|p2a: Torkoal|[spread] p2a,p2b\n|-supereffective|p2a: Torkoal\n|-damage|p2a: Torkoal|74\/100\n|-damage|p2b: Hatterene|34\/100\n|\n|-weather|SunnyDay|[upkeep]\n|-heal|p1a: Skeledirge|77\/100|[from] item: Leftovers\n|upkeep\n|turn|5\n|j| Taylwind\n|\n|t:|1726033940\n|move|p2a: Torkoal|Eruption|p1b: Milotic|[spread] p1a,p1b\n|-crit|p1a: Skeledirge\n|-resisted|p1b: Milotic\n|-damage|p1a: Skeledirge|0 fnt\n|-damage|p1b: Milotic|12\/100\n|faint|p1a: Skeledirge\n|move|p2b: Hatterene|Dazzling Gleam|p1b: Milotic\n|-damage|p1b: Milotic|0 fnt\n|faint|p1b: Milotic\n|-damage|p2b: Hatterene|25\/100|[from] item: Life Orb\n|\n|-weather|SunnyDay|[upkeep]\n|-fieldend|move: Trick Room\n|upkeep\n|\n|t:|1726033942\n|switch|p1b: Sneasler|Sneasler, L50, M, shiny|100\/100\n|turn|6\n|\n|t:|1726033957\n|move|p1b: Sneasler|Dire Claw|p2b: Hatterene\n|-supereffective|p2b: Hatterene\n|-damage|p2b: Hatterene|0 fnt\n|faint|p2b: Hatterene\n|move|p2a: Torkoal|Weather Ball|p1b: Sneasler\n|-crit|p1b: Sneasler\n|-enditem|p1b: Sneasler|Focus Sash\n|-damage|p1b: Sneasler|1\/100\n|\n|-weather|SunnyDay|[upkeep]\n|upkeep\n|turn|7\n|j| Rabbithorn05\n|\n|t:|1726033968\n|move|p1b: Sneasler|Dire Claw|p2a: Torkoal\n|-damage|p2a: Torkoal|40\/100\n|move|p2a: Torkoal|Weather Ball|p1b: Sneasler\n|-damage|p1b: Sneasler|0 fnt\n|faint|p1b: Sneasler\n|\n|win|randy.zhang2023\n|raw|fangame10's rating: 1769 &rarr; <strong>1743<\/strong><br \/>(-26 for losing)\n|raw|randy.zhang2023's rating: 1664 &rarr; <strong>1690<\/strong><br \/>(+26 for winning)\n|l|\u2606fangame10\n|player|p1|\n|l| burbmade1977\n|l| TFT Boomer5\n|l| Taylwind\n|l| ConnieChristmas\n","uploadtime":1726034024,"views":74,"formatid":"gen9vgc2024regh","rating":1690,"private":0,"password":null}