{"id":"gen9vgc2024regh-2199050295","format":"[Gen 9] VGC 2024 Reg H","players":["123something","Isloe"],"log":"|j|\u2606123something\n|j|\u2606Isloe\n|t:|1726025526\n|gametype|doubles\n|player|p1|123something|2|1777\n|player|p2|Isloe|dahlia|1652\n|teamsize|p1|6\n|teamsize|p2|6\n|gen|9\n|tier|[Gen 9] VGC 2024 Reg H\n|rated|\n|rule|Species Clause: Limit one of each Pok\u00e9mon\n|rule|Item Clause: Limit 1 of each item\n|clearpoke\n|poke|p1|Whimsicott, L50, M|\n|poke|p1|Typhlosion-Hisui, L50, M|\n|poke|p1|Primarina, L50, M|\n|poke|p1|Meowscarada, L50, M|\n|poke|p1|Tyranitar, L50, M|\n|poke|p1|Annihilape, L50, M|\n|poke|p2|Garchomp, L50, M|\n|poke|p2|Weezing, L50, F|\n|poke|p2|Murkrow, L50, M|\n|poke|p2|Gholdengo, L50|\n|poke|p2|Rotom-Heat, L50|\n|poke|p2|Maushold, L50|\n|teampreview|4\n|inactive|Battle timer is ON: inactive players will automatically lose when time's up. (requested by 123something)\n|j| zacolii\n|inactive|Isloe has 60 seconds left.\n|j| Tian15\n|\n|t:|1726025593\n|start\n|switch|p1a: Primarina|Primarina, L50, M|100\/100\n|switch|p1b: Meowscarada|Meowscarada, L50, M|100\/100\n|switch|p2a: Gholdengo|Gholdengo, L50|100\/100\n|switch|p2b: Murkrow|Murkrow, L50, M|100\/100\n|turn|1\n|j| Rabbithorn01\n|inactive|Isloe has 30 seconds left.\n|\n|t:|1726025624\n|-terastallize|p1a: Primarina|Steel\n|move|p2a: Gholdengo|Protect|p2a: Gholdengo\n|-singleturn|p2a: Gholdengo|Protect\n|move|p2b: Murkrow|Tailwind|p2b: Murkrow\n|-sidestart|p2: Isloe|move: Tailwind\n|move|p1b: Meowscarada|Grass Pledge|p2a: Gholdengo\n|-waiting|p1b: Meowscarada|p1a: Primarina\n|move|p1a: Primarina|Water Pledge|p2a: Gholdengo|[from]move: Grass Pledge\n|-activate|p2a: Gholdengo|move: Protect\n|\n|upkeep\n|turn|2\n|inactive|123something has 30 seconds left.\n|\n|t:|1726025654\n|move|p1b: Meowscarada|Protect|p1b: Meowscarada\n|-singleturn|p1b: Meowscarada|Protect\n|move|p2a: Gholdengo|Make It Rain|p1b: Meowscarada|[spread] p1a\n|-activate|p1b: Meowscarada|move: Protect\n|-resisted|p1a: Primarina\n|-damage|p1a: Primarina|73\/100\n|-unboost|p2a: Gholdengo|spa|1\n|move|p2b: Murkrow|Brave Bird|p1b: Meowscarada\n|-activate|p1b: Meowscarada|move: Protect\n|move|p1a: Primarina|Moonblast|p2b: Murkrow\n|-supereffective|p2b: Murkrow\n|-damage|p2b: Murkrow|0 fnt\n|faint|p2b: Murkrow\n|-damage|p1a: Primarina|63\/100|[from] item: Life Orb\n|\n|upkeep\n|\n|t:|1726025664\n|switch|p2b: Garchomp|Garchomp, L50, M|100\/100\n|turn|3\n|j| bieiup\n|inactive|123something has 30 seconds left.\n|inactive|Isloe has 30 seconds left.\n|inactive|Isloe has 20 seconds left.\n|\n|t:|1726025712\n|-terastallize|p2b: Garchomp|Steel\n|move|p1a: Primarina|Protect|p1a: Primarina\n|-singleturn|p1a: Primarina|Protect\n|move|p2b: Garchomp|Dragon Claw|p1b: Meowscarada\n|-damage|p1b: Meowscarada|17\/100\n|-damage|p2b: Garchomp|91\/100|[from] item: Life Orb\n|move|p2a: Gholdengo|Shadow Ball|p1b: Meowscarada\n|-resisted|p1b: Meowscarada\n|-damage|p1b: Meowscarada|0 fnt\n|faint|p1b: Meowscarada\n|\n|upkeep\n|\n|t:|1726025725\n|switch|p1b: Whimsicott|Whimsicott, L50, M|100\/100\n|turn|4\n|inactive|123something has 30 seconds left.\n|inactive|123something has 20 seconds left.\n|\n|t:|1726025760\n|switch|p2a: Rotom|Rotom-Heat, L50|100\/100\n|move|p1a: Primarina|Protect||[still]\n|-fail|p1a: Primarina\n|move|p1b: Whimsicott|Tailwind|p1b: Whimsicott\n|-sidestart|p1: 123something|move: Tailwind\n|move|p2b: Garchomp|Earthquake|p1b: Whimsicott|[spread] p1a,p1b\n|-immune|p2a: Rotom|[from] ability: Levitate\n|-supereffective|p1a: Primarina\n|-resisted|p1b: Whimsicott\n|-damage|p1a: Primarina|0 fnt\n|-damage|p1b: Whimsicott|74\/100\n|faint|p1a: Primarina\n|-damage|p2b: Garchomp|81\/100|[from] item: Life Orb\n|\n|-sideend|p2: Isloe|move: Tailwind\n|upkeep\n|l| bieiup\n|\n|t:|1726025765\n|switch|p1a: Typhlosion|Typhlosion-Hisui, L50, M|100\/100\n|-item|p2a: Rotom|Choice Specs|[from] ability: Frisk|[of] p1a: Typhlosion\n|-item|p2b: Garchomp|Life Orb|[from] ability: Frisk|[of] p1a: Typhlosion\n|turn|5\n|\n|t:|1726025779\n|move|p2b: Garchomp|Protect|p2b: Garchomp\n|-singleturn|p2b: Garchomp|Protect\n|move|p1b: Whimsicott|Sunny Day|p1b: Whimsicott\n|-weather|SunnyDay\n|move|p1a: Typhlosion|Eruption|p2a: Rotom|[spread] p2a\n|-activate|p2b: Garchomp|move: Protect\n|-resisted|p2a: Rotom\n|-damage|p2a: Rotom|24\/100\n|move|p2a: Rotom|Thunderbolt|p1a: Typhlosion\n|-crit|p1a: Typhlosion\n|-damage|p1a: Typhlosion|0 fnt\n|faint|p1a: Typhlosion\n|\n|-weather|SunnyDay|[upkeep]\n|upkeep\n|turn|6\n|-message|123something forfeited.\n|\n|win|Isloe\n|raw|123something's rating: 1777 &rarr; <strong>1750<\/strong><br \/>(-27 for losing)\n|raw|Isloe's rating: 1652 &rarr; <strong>1679<\/strong><br \/>(+27 for winning)\n|l|\u2606123something\n|player|p1|\n","uploadtime":1726025800,"views":13,"formatid":"gen9vgc2024regh","rating":1679,"private":0,"password":null}