{"id":"gen9vgc2024regh-2199769981","format":"[Gen 9] VGC 2024 Reg H","players":["jwofsgo","bieiup"],"log":"|j|\u2606jwofsgo\n|j|\u2606bieiup\n|t:|1726109466\n|gametype|doubles\n|player|p1|jwofsgo|scientist-gen4|1700\n|player|p2|bieiup|lillie-z|1700\n|teamsize|p1|6\n|teamsize|p2|6\n|gen|9\n|tier|[Gen 9] VGC 2024 Reg H\n|rated|\n|rule|Species Clause: Limit one of each Pok\u00e9mon\n|rule|Item Clause: Limit 1 of each item\n|clearpoke\n|poke|p1|Indeedee, L50, M|\n|poke|p1|Sneasler, L50, M|\n|poke|p1|Armarouge, L50, M|\n|poke|p1|Whimsicott, L50, F|\n|poke|p1|Typhlosion-Hisui, L50, M|\n|poke|p1|Dragapult, L50, M|\n|poke|p2|Sableye, L50, M|\n|poke|p2|Dondozo, L50, M|\n|poke|p2|Sylveon, L50, F|\n|poke|p2|Dragonite, L50, M|\n|poke|p2|Gholdengo, L50|\n|poke|p2|Ursaluna-Bloodmoon, L50, M|\n|teampreview|4\n|inactive|Battle timer is ON: inactive players will automatically lose when time's up. (requested by bieiup)\n|j| arrito\n|inactive|bieiup has 60 seconds left.\n|\n|t:|1726109501\n|start\n|switch|p1a: Indeedee|Indeedee, L50, M|100\/100\n|switch|p1b: Sneasler|Sneasler, L50, M|100\/100\n|switch|p2a: Sableye|Sableye, L50, M|100\/100\n|switch|p2b: Dragonite|Dragonite, L50, M|100\/100\n|-fieldstart|move: Psychic Terrain|[from] ability: Psychic Surge|[of] p1a: Indeedee\n|-enditem|p1b: Sneasler|Psychic Seed\n|-boost|p1b: Sneasler|spd|1|[from] item: Psychic Seed\n|turn|1\n|\n|t:|1726109514\n|move|p1b: Sneasler|Protect|p1b: Sneasler\n|-singleturn|p1b: Sneasler|Protect\n|move|p2a: Sableye|Light Screen|p2a: Sableye\n|-sidestart|p2: bieiup|move: Light Screen\n|move|p1a: Indeedee|Dazzling Gleam|p2b: Dragonite|[spread] p2a,p2b\n|-supereffective|p2a: Sableye\n|-supereffective|p2b: Dragonite\n|-damage|p2a: Sableye|57\/100\n|-damage|p2b: Dragonite|92\/100\n|move|p2b: Dragonite|Aerial Ace|p1b: Sneasler\n|-activate|p1b: Sneasler|move: Protect\n|\n|upkeep\n|turn|2\n|inactive|jwofsgo has 30 seconds left.\n|inactive|jwofsgo has 20 seconds left.\n|\n|t:|1726109550\n|switch|p2a: Gholdengo|Gholdengo, L50|100\/100\n|move|p1b: Sneasler|Dire Claw|p2b: Dragonite\n|-damage|p2b: Dragonite|51\/100\n|-status|p2b: Dragonite|psn\n|move|p1a: Indeedee|Dazzling Gleam|p2a: Gholdengo|[spread] p2a,p2b\n|-resisted|p2a: Gholdengo\n|-supereffective|p2b: Dragonite\n|-damage|p2a: Gholdengo|93\/100\n|-damage|p2b: Dragonite|37\/100 psn\n|move|p2b: Dragonite|Outrage|p1a: Indeedee\n|-enditem|p1a: Indeedee|Focus Sash\n|-damage|p1a: Indeedee|1\/100\n|\n|-damage|p2b: Dragonite|24\/100 psn|[from] psn\n|upkeep\n|turn|3\n|inactive|jwofsgo has 30 seconds left.\n|\n|t:|1726109576\n|-terastallize|p2a: Gholdengo|Ground\n|move|p1b: Sneasler|Throat Chop|p2a: Gholdengo\n|-damage|p2a: Gholdengo|59\/100\n|-start|p2a: Gholdengo|Throat Chop|[silent]\n|move|p2a: Gholdengo|Make It Rain|p1b: Sneasler|[spread] p1a,p1b\n|-damage|p1a: Indeedee|0 fnt\n|-damage|p1b: Sneasler|56\/100\n|-unboost|p2a: Gholdengo|spa|1\n|faint|p1a: Indeedee\n|move|p2b: Dragonite|Outrage|p1b: Sneasler|[from]lockedmove\n|-damage|p1b: Sneasler|0 fnt\n|faint|p1b: Sneasler\n|-start|p2b: Dragonite|confusion|[fatigue]\n|\n|-damage|p2b: Dragonite|12\/100 psn|[from] psn\n|upkeep\n|\n|t:|1726109592\n|switch|p1b: Armarouge|Armarouge, L50, M|100\/100\n|switch|p1a: Whimsicott|Whimsicott, L50, F|100\/100\n|turn|4\n|inactive|jwofsgo has 30 seconds left.\n|\n|t:|1726109622\n|switch|p2b: Sableye|Sableye, L50, M|57\/100\n|-terastallize|p1b: Armarouge|Psychic\n|move|p1a: Whimsicott|Tailwind|p1a: Whimsicott\n|-sidestart|p1: jwofsgo|move: Tailwind\n|move|p1b: Armarouge|Heat Wave|p2b: Sableye|[spread] p2a,p2b\n|-damage|p2a: Gholdengo|27\/100\n|-damage|p2b: Sableye|16\/100\n|move|p2a: Gholdengo|Make It Rain|p1a: Whimsicott|[spread] p1a,p1b\n|-supereffective|p1a: Whimsicott\n|-damage|p1a: Whimsicott|5\/100\n|-damage|p1b: Armarouge|54\/100\n|-unboost|p2a: Gholdengo|spa|1\n|\n|-end|p2a: Gholdengo|Throat Chop|[silent]\n|upkeep\n|turn|5\n|inactive|jwofsgo has 30 seconds left.\n|\n|t:|1726109649\n|switch|p2b: Dondozo|Dondozo, L50, M|100\/100\n|move|p1a: Whimsicott|Sunny Day|p1a: Whimsicott\n|-weather|SunnyDay\n|move|p1b: Armarouge|Heat Wave|p2b: Dondozo|[spread] p2a,p2b\n|-resisted|p2b: Dondozo\n|-damage|p2a: Gholdengo|0 fnt\n|-damage|p2b: Dondozo|87\/100\n|faint|p2a: Gholdengo\n|\n|-weather|SunnyDay|[upkeep]\n|-sideend|p2: bieiup|move: Light Screen\n|-fieldend|move: Psychic Terrain\n|upkeep\n|\n|t:|1726109652\n|switch|p2a: Sableye|Sableye, L50, M|16\/100\n|turn|6\n|inactive|jwofsgo has 30 seconds left.\n|\n|t:|1726109681\n|move|p2a: Sableye|Fake Out|p1a: Whimsicott\n|-damage|p1a: Whimsicott|0 fnt\n|faint|p1a: Whimsicott\n|move|p1b: Armarouge|Stored Power|p2b: Dondozo\n|-damage|p2b: Dondozo|58\/100\n|move|p2b: Dondozo|Earthquake|p1b: Armarouge|[spread] p2a,p1b\n|-damage|p2a: Sableye|0 fnt\n|-damage|p1b: Armarouge|34\/100\n|-ability|p1b: Armarouge|Weak Armor|boost\n|-unboost|p1b: Armarouge|def|1\n|-boost|p1b: Armarouge|spe|2\n|faint|p2a: Sableye\n|\n|-weather|SunnyDay|[upkeep]\n|upkeep\n|\n|t:|1726109685\n|switch|p2a: Dragonite|Dragonite, L50, M|12\/100 psn\n|turn|7\n|\n|t:|1726109696\n|move|p1b: Armarouge|Protect|p1b: Armarouge\n|-singleturn|p1b: Armarouge|Protect\n|move|p2a: Dragonite|Extreme Speed|p1b: Armarouge\n|-activate|p1b: Armarouge|move: Protect\n|move|p2b: Dondozo|Rest|p2b: Dondozo\n|-status|p2b: Dondozo|slp|[from] move: Rest\n|-heal|p2b: Dondozo|100\/100 slp|[silent]\n|-enditem|p2b: Dondozo|Chesto Berry|[eat]\n|-curestatus|p2b: Dondozo|slp|[msg]\n|\n|-weather|SunnyDay|[upkeep]\n|-damage|p2a: Dragonite|0 fnt|[from] psn\n|faint|p2a: Dragonite\n|-sideend|p1: jwofsgo|move: Tailwind\n|upkeep\n|turn|8\n|l| arrito\n|\n|t:|1726109714\n|move|p1b: Armarouge|Expanding Force|p2b: Dondozo\n|-damage|p2b: Dondozo|58\/100\n|move|p2b: Dondozo|Curse|p2b: Dondozo\n|-unboost|p2b: Dondozo|spe|1\n|-boost|p2b: Dondozo|atk|1\n|-boost|p2b: Dondozo|def|1\n|\n|-weather|SunnyDay|[upkeep]\n|upkeep\n|turn|9\n|\n|t:|1726109724\n|move|p1b: Armarouge|Protect|p1b: Armarouge\n|-singleturn|p1b: Armarouge|Protect\n|move|p2b: Dondozo|Earthquake|p1b: Armarouge\n|-activate|p1b: Armarouge|move: Protect\n|\n|-weather|none\n|upkeep\n|turn|10\n|\n|t:|1726109738\n|move|p1b: Armarouge|Expanding Force|p2b: Dondozo\n|-damage|p2b: Dondozo|21\/100\n|move|p2b: Dondozo|Earthquake|p1b: Armarouge\n|-damage|p1b: Armarouge|0 fnt\n|faint|p1b: Armarouge\n|\n|win|bieiup\n|raw|jwofsgo's rating: 1700 &rarr; <strong>1680<\/strong><br \/>(-20 for losing)\n|raw|bieiup's rating: 1700 &rarr; <strong>1720<\/strong><br \/>(+20 for winning)\n|l|\u2606jwofsgo\n|player|p1|\n|l|\u2606bieiup\n|player|p2|\n","uploadtime":1726109893,"views":12,"formatid":"gen9vgc2024regh","rating":1680,"private":0,"password":null}