{"id":"gen9vgc2024regh-2199779814","format":"[Gen 9] VGC 2024 Reg H","players":["roykeenkennedy","jwofsgo"],"log":"|j|\u2606roykeenkennedy\n|j|\u2606jwofsgo\n|t:|1726110687\n|gametype|doubles\n|player|p1|roykeenkennedy|alder|1760\n|player|p2|jwofsgo|scientist-gen4|1695\n|teamsize|p1|6\n|teamsize|p2|6\n|gen|9\n|tier|[Gen 9] VGC 2024 Reg H\n|rated|\n|rule|Species Clause: Limit one of each Pok\u00e9mon\n|rule|Item Clause: Limit 1 of each item\n|clearpoke\n|poke|p1|Salamence, L50, M|\n|poke|p1|Incineroar, L50, M|\n|poke|p1|Weezing, L50, M|\n|poke|p1|Dragapult, L50, F|\n|poke|p1|Ursaluna-Bloodmoon, L50, M|\n|poke|p1|Tauros-Paldea-Aqua, L50, M|\n|poke|p2|Indeedee, L50, M|\n|poke|p2|Sneasler, L50, M|\n|poke|p2|Armarouge, L50, M|\n|poke|p2|Whimsicott, L50, F|\n|poke|p2|Typhlosion-Hisui, L50, M|\n|poke|p2|Dragapult, L50, M|\n|teampreview|4\n|j| mr pogostick\n|\n|t:|1726110719\n|start\n|switch|p1a: Salamence|Salamence, L50, M|100\/100\n|switch|p1b: Weezing|Weezing, L50, M|100\/100\n|switch|p2a: Armarouge|Armarouge, L50, M|100\/100\n|switch|p2b: Whimsicott|Whimsicott, L50, F|100\/100\n|-ability|p1b: Weezing|Neutralizing Gas\n|turn|1\n|inactive|Battle timer is ON: inactive players will automatically lose when time's up. (requested by jwofsgo)\n|inactive|jwofsgo has 60 seconds left.\n|\n|t:|1726110763\n|-terastallize|p1a: Salamence|Steel\n|move|p1a: Salamence|Dual Wingbeat|p2b: Whimsicott\n|-supereffective|p2b: Whimsicott\n|-damage|p2b: Whimsicott|38\/100\n|-supereffective|p2b: Whimsicott\n|-damage|p2b: Whimsicott|0 fnt\n|faint|p2b: Whimsicott\n|-hitcount|p2: Whimsicott|2\n|move|p2a: Armarouge|Expanding Force|p1a: Salamence\n|-resisted|p1a: Salamence\n|-damage|p1a: Salamence|71\/100\n|move|p1b: Weezing|Sludge Bomb|p2a: Armarouge\n|-damage|p2a: Armarouge|64\/100\n|\n|upkeep\n|\n|t:|1726110782\n|switch|p2b: Dragapult|Dragapult, L50, M|100\/100\n|turn|2\n|\n|t:|1726110797\n|switch|p1a: Ursaluna|Ursaluna-Bloodmoon, L50, M|100\/100\n|-terastallize|p2b: Dragapult|Dragon\n|move|p1b: Weezing|Protect|p1b: Weezing\n|-singleturn|p1b: Weezing|Protect\n|move|p2b: Dragapult|Dragon Darts|p1a: Ursaluna\n|-damage|p1a: Ursaluna|58\/100\n|-anim|p2b: Dragapult|Dragon Darts|p1a: Ursaluna\n|-damage|p1a: Ursaluna|13\/100\n|move|p2a: Armarouge|Heat Wave|p1b: Weezing|[spread] p1a\n|-activate|p1b: Weezing|move: Protect\n|-damage|p1a: Ursaluna|0 fnt\n|faint|p1a: Ursaluna\n|\n|upkeep\n|\n|t:|1726110819\n|switch|p1a: Salamence|Salamence, L50, M, tera:Steel|71\/100\n|turn|3\n|\n|t:|1726110828\n|move|p1a: Salamence|Rock Slide|p2b: Dragapult|[spread] p2a,p2b\n|-supereffective|p2a: Armarouge\n|-damage|p2a: Armarouge|12\/100\n|-damage|p2b: Dragapult|71\/100\n|-enditem|p2a: Armarouge|Weakness Policy\n|-boost|p2a: Armarouge|atk|2|[from] item: Weakness Policy\n|-boost|p2a: Armarouge|spa|2|[from] item: Weakness Policy\n|cant|p2b: Dragapult|flinch\n|cant|p2a: Armarouge|flinch\n|move|p1b: Weezing|Sludge Bomb|p2a: Armarouge\n|-damage|p2a: Armarouge|0 fnt\n|faint|p2a: Armarouge\n|\n|upkeep\n|\n|t:|1726110840\n|switch|p2a: Typhlosion|Typhlosion-Hisui, L50, M|100\/100\n|turn|4\n|\n|t:|1726110849\n|move|p1a: Salamence|Rock Slide|p2b: Dragapult|[spread] p2a,p2b\n|-supereffective|p2a: Typhlosion\n|-crit|p2a: Typhlosion\n|-damage|p2a: Typhlosion|2\/100\n|-damage|p2b: Dragapult|39\/100\n|move|p2b: Dragapult|Dragon Darts|p1b: Weezing\n|-damage|p1b: Weezing|51\/100\n|-anim|p2b: Dragapult|Dragon Darts|p1a: Salamence\n|-resisted|p1a: Salamence\n|-damage|p1a: Salamence|36\/100\n|cant|p2a: Typhlosion|flinch\n|move|p1b: Weezing|Will-O-Wisp|p2b: Dragapult\n|-status|p2b: Dragapult|brn\n|\n|-heal|p1b: Weezing|57\/100|[from] item: Leftovers\n|-damage|p2b: Dragapult|33\/100 brn|[from] brn\n|upkeep\n|turn|5\n|c|\u2606roykeenkennedy|Srry\n|\n|t:|1726110870\n|move|p1b: Weezing|Protect|p1b: Weezing\n|-singleturn|p1b: Weezing|Protect\n|move|p1a: Salamence|Rock Slide|p2a: Typhlosion|[spread] p2a,p2b\n|-supereffective|p2a: Typhlosion\n|-damage|p2a: Typhlosion|0 fnt\n|-damage|p2b: Dragapult|0 fnt\n|faint|p2a: Typhlosion\n|faint|p2b: Dragapult\n|\n|win|roykeenkennedy\n|raw|roykeenkennedy's rating: 1760 &rarr; <strong>1776<\/strong><br \/>(+16 for winning)\n|raw|jwofsgo's rating: 1695 &rarr; <strong>1679<\/strong><br \/>(-16 for losing)\n|c|\u2606roykeenkennedy|That was so lucky on my part\n|l|\u2606jwofsgo\n|player|p2|\n|l| mr pogostick\n|l|\u2606roykeenkennedy\n|player|p1|\n","uploadtime":1726111142,"views":20,"formatid":"gen9vgc2024regh","rating":1679,"private":0,"password":null}