{"id":"gen9vgc2024regh-2199607022","format":"[Gen 9] VGC 2024 Reg H","players":["chin8","kd-vgc711"],"log":"|j|\u2606chin8\n|j|\u2606kd-vgc711\n|t:|1726090870\n|gametype|doubles\n|player|p1|chin8|gentleman-gen4dp|1840\n|player|p2|kd-vgc711|169|1729\n|teamsize|p1|6\n|teamsize|p2|6\n|gen|9\n|tier|[Gen 9] VGC 2024 Reg H\n|rated|\n|rule|Species Clause: Limit one of each Pok\u00e9mon\n|rule|Item Clause: Limit 1 of each item\n|clearpoke\n|poke|p1|Baxcalibur, L50, M|\n|poke|p1|Kilowattrel, L50, F|\n|poke|p1|Haxorus, L50, M|\n|poke|p1|Gardevoir, L50, M|\n|poke|p1|Magmortar, L50, M|\n|poke|p1|Gholdengo, L50|\n|poke|p2|Rillaboom, L50, M|\n|poke|p2|Palafin, L50, F|\n|poke|p2|Salamence, L50, M|\n|poke|p2|Kingambit, L50, F|\n|poke|p2|Volcarona, L50, M|\n|poke|p2|Primarina, L50, F|\n|teampreview|4\n|inactive|Battle timer is ON: inactive players will automatically lose when time's up. (requested by chin8)\n|\n|t:|1726090894\n|start\n|switch|p1a: Kilowattrel|Kilowattrel, L50, F|100\/100\n|switch|p1b: Haxorus|Haxorus, L50, M, shiny|100\/100\n|switch|p2a: Rillaboom|Rillaboom, L50, M, shiny|100\/100\n|switch|p2b: Volcarona|Volcarona, L50, M, shiny|100\/100\n|-ability|p1b: Haxorus|Mold Breaker\n|-fieldstart|move: Grassy Terrain|[from] ability: Grassy Surge|[of] p2a: Rillaboom\n|-enditem|p2b: Volcarona|Grassy Seed\n|-boost|p2b: Volcarona|def|1|[from] item: Grassy Seed\n|turn|1\n|\n|t:|1726090904\n|move|p2a: Rillaboom|Fake Out|p1a: Kilowattrel\n|-damage|p1a: Kilowattrel|74\/100\n|cant|p1a: Kilowattrel|flinch\n|move|p2b: Volcarona|Quiver Dance|p2b: Volcarona\n|-boost|p2b: Volcarona|spa|1\n|-boost|p2b: Volcarona|spd|1\n|-boost|p2b: Volcarona|spe|1\n|move|p1b: Haxorus|Rock Slide|p2b: Volcarona|[spread] p2a,p2b\n|-supereffective|p2b: Volcarona\n|-crit|p2b: Volcarona\n|-damage|p2a: Rillaboom|77\/100\n|-damage|p2b: Volcarona|0 fnt\n|faint|p2b: Volcarona\n|\n|-heal|p2a: Rillaboom|83\/100|[from] Grassy Terrain\n|upkeep\n|\n|t:|1726090913\n|switch|p2b: Kingambit|Kingambit, L50, F, shiny|100\/100\n|turn|2\n|\n|t:|1726090923\n|-terastallize|p2b: Kingambit|Dark\n|move|p2a: Rillaboom|Grassy Glide|p1b: Haxorus\n|-resisted|p1b: Haxorus\n|-damage|p1b: Haxorus|75\/100\n|move|p2b: Kingambit|Sucker Punch|p1b: Haxorus\n|-damage|p1b: Haxorus|0 fnt\n|faint|p1b: Haxorus\n|move|p1a: Kilowattrel|Air Slash|p2a: Rillaboom\n|-supereffective|p2a: Rillaboom\n|-damage|p2a: Rillaboom|35\/100\n|\n|-heal|p2a: Rillaboom|42\/100|[from] Grassy Terrain\n|upkeep\n|j| Fishyyism\n|\n|t:|1726090931\n|switch|p1b: Baxcalibur|Baxcalibur, L50, M|100\/100\n|turn|3\n|\n|t:|1726090942\n|switch|p2a: Palafin|Palafin, L50, F, shiny|100\/100\n|move|p2b: Kingambit|Sucker Punch|p1a: Kilowattrel\n|-damage|p1a: Kilowattrel|0 fnt\n|faint|p1a: Kilowattrel\n|move|p1b: Baxcalibur|Glaive Rush|p2b: Kingambit\n|-damage|p2b: Kingambit|52\/100\n|-singlemove|p1b: Baxcalibur|Glaive Rush|[silent]\n|\n|-heal|p2b: Kingambit|58\/100|[from] Grassy Terrain\n|upkeep\n|\n|t:|1726090946\n|switch|p1a: Gholdengo|Gholdengo, L50|100\/100\n|turn|4\n|j| epschrad\n|\n|t:|1726090965\n|detailschange|p2a: Palafin|Palafin-Hero, L50, F, shiny\n|switch|p2a: Rillaboom|Rillaboom, L50, M, shiny|42\/100\n|-terastallize|p1a: Gholdengo|Water\n|move|p2b: Kingambit|Protect|p2b: Kingambit\n|-singleturn|p2b: Kingambit|Protect\n|move|p1b: Baxcalibur|Glaive Rush|p2a: Rillaboom\n|-damage|p2a: Rillaboom|0 fnt\n|-singlemove|p1b: Baxcalibur|Glaive Rush|[silent]\n|faint|p2a: Rillaboom\n|move|p1a: Gholdengo|Make It Rain|p2b: Kingambit\n|-activate|p2b: Kingambit|move: Protect\n|\n|-heal|p2b: Kingambit|64\/100|[from] Grassy Terrain\n|upkeep\n|\n|t:|1726090970\n|switch|p2a: Palafin|Palafin-Hero, L50, F, shiny|100\/100\n|-activate|p2a: Palafin|ability: Zero to Hero\n|turn|5\n|\n|t:|1726090976\n|move|p1b: Baxcalibur|Ice Shard|p2b: Kingambit\n|-damage|p2b: Kingambit|47\/100\n|move|p2b: Kingambit|Sucker Punch|p1a: Gholdengo\n|-damage|p1a: Gholdengo|42\/100\n|move|p2a: Palafin|Wave Crash|p1a: Gholdengo\n|-resisted|p1a: Gholdengo\n|-damage|p1a: Gholdengo|0 fnt\n|faint|p1a: Gholdengo\n|-damage|p2a: Palafin|87\/100|[from] Recoil\n|\n|-heal|p2a: Palafin|93\/100|[from] Grassy Terrain\n|-heal|p2b: Kingambit|53\/100|[from] Grassy Terrain\n|-fieldend|move: Grassy Terrain\n|upkeep\n|turn|6\n|\n|t:|1726090994\n|move|p2a: Palafin|Wave Crash|p1b: Baxcalibur\n|-resisted|p1b: Baxcalibur\n|-damage|p1b: Baxcalibur|59\/100\n|-damage|p2a: Palafin|79\/100|[from] Recoil\n|move|p1b: Baxcalibur|Icicle Crash|p2b: Kingambit\n|-damage|p2b: Kingambit|17\/100\n|move|p2b: Kingambit|Kowtow Cleave|p1b: Baxcalibur\n|-damage|p1b: Baxcalibur|0 fnt\n|faint|p1b: Baxcalibur\n|\n|win|kd-vgc711\n|raw|chin8's rating: 1840 &rarr; <strong>1814<\/strong><br \/>(-26 for losing)\n|raw|kd-vgc711's rating: 1729 &rarr; <strong>1755<\/strong><br \/>(+26 for winning)\n|l|\u2606chin8\n|player|p1|\n|l|\u2606kd-vgc711\n|player|p2|\n|j|\u2606kd-vgc711\n|player|p2|kd-vgc711|169|\n|l| Fishyyism\n|l|\u2606kd-vgc711\n|player|p2|\n","uploadtime":1726091229,"views":97,"formatid":"gen9vgc2024regh","rating":1755,"private":0,"password":null}