{"id":"gen9vgc2024regh-2199979418","format":"[Gen 9] VGC 2024 Reg H","players":["ketoconazol","htotoT"],"log":"|j|\u2606ketoconazol\n|j|\u2606htotoT\n|t:|1726142533\n|gametype|doubles\n|player|p1|ketoconazol|266|1718\n|player|p2|htotoT|bruno|1721\n|teamsize|p1|6\n|teamsize|p2|6\n|gen|9\n|tier|[Gen 9] VGC 2024 Reg H\n|rated|\n|rule|Species Clause: Limit one of each Pok\u00e9mon\n|rule|Item Clause: Limit 1 of each item\n|clearpoke\n|poke|p1|Murkrow, L50, F|\n|poke|p1|Indeedee, L50, M|\n|poke|p1|Archaludon, L50, M|\n|poke|p1|Sneasler, L50, M|\n|poke|p1|Basculegion, L50, M|\n|poke|p1|Delphox, L50, F|\n|poke|p2|Klefki, L50, M|\n|poke|p2|Ursaluna-Bloodmoon, L50, M|\n|poke|p2|Amoonguss, L50, F|\n|poke|p2|Annihilape, L50, F|\n|poke|p2|Maushold, L50|\n|poke|p2|Kingambit, L50, M|\n|teampreview|4\n|inactive|Battle timer is ON: inactive players will automatically lose when time's up. (requested by htotoT)\n|inactive|ketoconazol also wants the timer to be on.\n|j| ollcat\n|\n|t:|1726142552\n|start\n|switch|p1a: Indeedee|Indeedee, L50, M|100\/100\n|switch|p1b: Sneasler|Sneasler, L50, M|100\/100\n|switch|p2a: Ursaluna|Ursaluna-Bloodmoon, L50, M|100\/100\n|switch|p2b: Klefki|Klefki, L50, M|100\/100\n|-fieldstart|move: Psychic Terrain|[from] ability: Psychic Surge|[of] p1a: Indeedee\n|-enditem|p1b: Sneasler|Psychic Seed\n|-boost|p1b: Sneasler|spd|1|[from] item: Psychic Seed\n|turn|1\n|inactive|htotoT has 30 seconds left.\n|\n|t:|1726142578\n|-terastallize|p2a: Ursaluna|Normal\n|move|p2b: Klefki|Light Screen|p2b: Klefki\n|-sidestart|p2: htotoT|move: Light Screen\n|move|p1b: Sneasler|Close Combat|p2a: Ursaluna\n|-supereffective|p2a: Ursaluna\n|-damage|p2a: Ursaluna|0 fnt\n|-unboost|p1b: Sneasler|def|1\n|-unboost|p1b: Sneasler|spd|1\n|faint|p2a: Ursaluna\n|move|p1a: Indeedee|Expanding Force|p2b: Klefki\n|-resisted|p2b: Klefki\n|-damage|p2b: Klefki|75\/100\n|\n|upkeep\n|\n|t:|1726142587\n|switch|p2a: Annihilape|Annihilape, L50, F|100\/100\n|turn|2\n|\n|t:|1726142599\n|move|p2a: Annihilape|Protect|p2a: Annihilape\n|-singleturn|p2a: Annihilape|Protect\n|move|p2b: Klefki|Reflect|p2b: Klefki\n|-sidestart|p2: htotoT|Reflect\n|move|p1b: Sneasler|Dire Claw|p2a: Annihilape\n|-activate|p2a: Annihilape|move: Protect\n|move|p1a: Indeedee|Expanding Force|p2a: Annihilape|[spread] p2b\n|-activate|p2a: Annihilape|move: Protect\n|-resisted|p2b: Klefki\n|-damage|p2b: Klefki|55\/100\n|\n|upkeep\n|turn|3\n|\n|t:|1726142612\n|move|p1b: Sneasler|Protect|p1b: Sneasler\n|-singleturn|p1b: Sneasler|Protect\n|move|p1a: Indeedee|Expanding Force|p2a: Annihilape|[spread] p2a,p2b\n|-supereffective|p2a: Annihilape\n|-resisted|p2b: Klefki\n|-damage|p2a: Annihilape|35\/100\n|-damage|p2b: Klefki|37\/100\n|move|p2a: Annihilape|Drain Punch|p1a: Indeedee\n|-damage|p1a: Indeedee|40\/100\n|-heal|p2a: Annihilape|54\/100|[from] drain|[of] p1a: Indeedee\n|move|p2b: Klefki|Foul Play|p1a: Indeedee\n|-supereffective|p1a: Indeedee\n|-damage|p1a: Indeedee|0 fnt\n|faint|p1a: Indeedee\n|\n|-heal|p2a: Annihilape|61\/100|[from] item: Leftovers\n|upkeep\n|\n|t:|1726142620\n|switch|p1a: Delphox|Delphox, L50, F|100\/100\n|turn|4\n|j| DSpydr84\n|\n|t:|1726142633\n|move|p2a: Annihilape|Protect|p2a: Annihilape\n|-singleturn|p2a: Annihilape|Protect\n|move|p1b: Sneasler|Dire Claw|p2a: Annihilape\n|-activate|p2a: Annihilape|move: Protect\n|move|p1a: Delphox|Expanding Force|p2a: Annihilape|[spread] p2b\n|-activate|p2a: Annihilape|move: Protect\n|-resisted|p2b: Klefki\n|-damage|p2b: Klefki|7\/100\n|move|p2b: Klefki|Foul Play|p1b: Sneasler\n|-resisted|p1b: Sneasler\n|-damage|p1b: Sneasler|51\/100\n|\n|-heal|p2a: Annihilape|67\/100|[from] item: Leftovers\n|upkeep\n|turn|5\n|\n|t:|1726142652\n|switch|p2b: Maushold|Maushold, L50|100\/100\n|move|p1b: Sneasler|Dire Claw|p2a: Annihilape\n|-resisted|p2a: Annihilape\n|-damage|p2a: Annihilape|57\/100\n|-status|p2a: Annihilape|par\n|move|p1a: Delphox|Expanding Force|p2a: Annihilape|[spread] p2a,p2b\n|-supereffective|p2a: Annihilape\n|-damage|p2a: Annihilape|0 fnt\n|-damage|p2b: Maushold|38\/100\n|faint|p2a: Annihilape\n|\n|-fieldend|move: Psychic Terrain\n|upkeep\n|\n|t:|1726142662\n|switch|p2a: Klefki|Klefki, L50, M|7\/100\n|turn|6\n|-message|htotoT forfeited.\n|\n|win|ketoconazol\n|raw|ketoconazol's rating: 1718 &rarr; <strong>1738<\/strong><br \/>(+20 for winning)\n|raw|htotoT's rating: 1721 &rarr; <strong>1701<\/strong><br \/>(-20 for losing)\n|l|\u2606htotoT\n|player|p2|\n|l|\u2606ketoconazol\n|player|p1|\n|l| ollcat\n","uploadtime":1726142853,"views":28,"formatid":"gen9vgc2024regh","rating":1701,"private":0,"password":null}