{"id":"gen9vgc2024regh-2199570965","format":"[Gen 9] VGC 2024 Reg H","players":["p1atypus","BirdKeeperNeek"],"log":"|j|\u2606p1atypus\n|j|\u2606BirdKeeperNeek\n|t:|1726087213\n|gametype|doubles\n|player|p1|p1atypus|170|1713\n|player|p2|BirdKeeperNeek|266|1753\n|teamsize|p1|6\n|teamsize|p2|6\n|gen|9\n|tier|[Gen 9] VGC 2024 Reg H\n|rated|\n|rule|Species Clause: Limit one of each Pok\u00e9mon\n|rule|Item Clause: Limit 1 of each item\n|clearpoke\n|poke|p1|Incineroar, L50, F|\n|poke|p1|Rillaboom, L50, F|\n|poke|p1|Tauros-Paldea-Aqua, L50, M|\n|poke|p1|Whimsicott, L50, F|\n|poke|p1|Glimmora, L50, M|\n|poke|p1|Farigiraf, L50, M|\n|poke|p2|Baxcalibur, L50, F|\n|poke|p2|Whimsicott, L50, M|\n|poke|p2|Gholdengo, L50|\n|poke|p2|Rillaboom, L50, F|\n|poke|p2|Tauros-Paldea-Blaze, L50, M|\n|poke|p2|Primarina, L50, F|\n|teampreview|4\n|inactive|Battle timer is ON: inactive players will automatically lose when time's up. (requested by p1atypus)\n|c|\u2606BirdKeeperNeek|hf\np1atypus has agreed to open team sheets.\nBirdKeeperNeek has agreed to open team sheets.\n|c|\u2606p1atypus|u 2\n|inactive|p1atypus has 30 seconds left.\n|inactive|BirdKeeperNeek has 30 seconds left.\n|j| BonoboF\n|inactive|p1atypus has 20 seconds left.\n|inactive|BirdKeeperNeek has 20 seconds left.\n|inactive|p1atypus has 15 seconds left.\n|\n|t:|1726087262\n|start\n|switch|p1a: Whimsicott|Whimsicott, L50, F|100\/100\n|switch|p1b: Tauros|Tauros-Paldea-Aqua, L50, M|100\/100\n|switch|p2a: Whimsicott|Whimsicott, L50, M, shiny|100\/100\n|switch|p2b: Gholdengo|Gholdengo, L50|100\/100\n|-ability|p1b: Tauros|Intimidate|boost\n|-unboost|p2a: Whimsicott|atk|1\n|-unboost|p2b: Gholdengo|atk|1\n|turn|1\n|c|\u2606BirdKeeperNeek|Bonobo who are you\n|inactive|p1atypus has 30 seconds left.\n|\n|t:|1726087288\n|-terastallize|p1b: Tauros|Water\n|move|p1a: Whimsicott|Tailwind|p1a: Whimsicott\n|-sidestart|p1: p1atypus|move: Tailwind\n|move|p1b: Tauros|Wave Crash|p2b: Gholdengo\n|-damage|p2b: Gholdengo|0 fnt\n|faint|p2b: Gholdengo\n|-damage|p1b: Tauros|62\/100|[from] Recoil\n|-damage|p1b: Tauros|52\/100|[from] item: Life Orb\n|move|p2a: Whimsicott|Moonblast|p1b: Tauros\n|-damage|p1b: Tauros|0 fnt\n|faint|p1b: Tauros\n|\n|upkeep\n|\n|t:|1726087307\n|switch|p1b: Glimmora|Glimmora, L50, M|100\/100\n|switch|p2b: Rillaboom|Rillaboom, L50, F|100\/100\n|-fieldstart|move: Grassy Terrain|[from] ability: Grassy Surge|[of] p2b: Rillaboom\n|turn|2\n|\n|t:|1726087329\n|move|p1b: Glimmora|Spiky Shield|p1b: Glimmora\n|-singleturn|p1b: Glimmora|move: Protect\n|move|p2b: Rillaboom|Fake Out|p1b: Glimmora\n|-activate|p1b: Glimmora|move: Protect\n|-damage|p2b: Rillaboom|88\/100|[from] Spiky Shield|[of] p1b: Glimmora\n|move|p1a: Whimsicott|Moonblast|p2b: Rillaboom\n|-damage|p2b: Rillaboom|64\/100\n|move|p2a: Whimsicott|Moonblast|p1a: Whimsicott\n|-damage|p1a: Whimsicott|38\/100\n|-unboost|p1a: Whimsicott|spa|1\n|\n|-heal|p1a: Whimsicott|44\/100|[from] Grassy Terrain\n|-heal|p2b: Rillaboom|70\/100|[from] Grassy Terrain\n|upkeep\n|turn|3\n|inactive|BirdKeeperNeek has 30 seconds left.\n|inactive|BirdKeeperNeek has 20 seconds left.\n|\n|t:|1726087368\n|move|p1a: Whimsicott|Moonblast|p2b: Rillaboom\n|-damage|p2b: Rillaboom|54\/100\n|-unboost|p2b: Rillaboom|spa|1\n|move|p1b: Glimmora|Meteor Beam||[still]\n|-prepare|p1b: Glimmora|Meteor Beam\n|-boost|p1b: Glimmora|spa|1\n|-enditem|p1b: Glimmora|Power Herb\n|-anim|p1b: Glimmora|Meteor Beam|p2b: Rillaboom\n|-damage|p2b: Rillaboom|0 fnt\n|faint|p2b: Rillaboom\n|move|p2a: Whimsicott|Moonblast|p1a: Whimsicott\n|-damage|p1a: Whimsicott|0 fnt\n|faint|p1a: Whimsicott\n|\n|upkeep\n|\n|t:|1726087380\n|switch|p1a: Incineroar|Incineroar, L50, F|100\/100\n|switch|p2b: Tauros|Tauros-Paldea-Blaze, L50, M|100\/100\n|-ability|p1a: Incineroar|Intimidate|boost\n|-unboost|p2a: Whimsicott|atk|1\n|-unboost|p2b: Tauros|atk|1\n|-ability|p2b: Tauros|Intimidate|boost\n|-unboost|p1a: Incineroar|atk|1\n|-unboost|p1b: Glimmora|atk|1\n|turn|4\n|inactive|p1atypus has 30 seconds left.\n|\n|t:|1726087410\n|move|p2a: Whimsicott|Protect|p2a: Whimsicott\n|-singleturn|p2a: Whimsicott|Protect\n|move|p2b: Tauros|Protect|p2b: Tauros\n|-singleturn|p2b: Tauros|Protect\n|move|p1a: Incineroar|Fake Out|p2b: Tauros\n|-activate|p2b: Tauros|move: Protect\n|move|p1b: Glimmora|Meteor Beam||[still]\n|-prepare|p1b: Glimmora|Meteor Beam\n|-boost|p1b: Glimmora|spa|1\n|-enditem|p2b: Tauros|Mirror Herb\n|-boost|p2b: Tauros|spa|1|[from] item: Mirror Herb\n|\n|-sideend|p1: p1atypus|move: Tailwind\n|upkeep\n|turn|5\n|inactive|p1atypus has 30 seconds left.\n|\n|t:|1726087437\n|-terastallize|p2b: Tauros|Stellar\n|move|p2a: Whimsicott|Moonblast|p1b: Glimmora\n|-resisted|p1b: Glimmora\n|-damage|p1b: Glimmora|77\/100\n|move|p2b: Tauros|Close Combat|p1b: Glimmora\n|-damage|p1b: Glimmora|19\/100\n|-unboost|p2b: Tauros|def|1\n|-unboost|p2b: Tauros|spd|1\n|-activate|p1b: Glimmora|ability: Toxic Debris\n|-sidestart|p2: BirdKeeperNeek|move: Toxic Spikes\n|move|p1b: Glimmora|Meteor Beam|p2b: Tauros|[from]lockedmove\n|-damage|p2b: Tauros|0 fnt\n|faint|p2b: Tauros\n|move|p1a: Incineroar|Knock Off|p2a: Whimsicott\n|-resisted|p2a: Whimsicott\n|-damage|p2a: Whimsicott|80\/100\n|-enditem|p2a: Whimsicott|Focus Sash|[from] move: Knock Off|[of] p1a: Incineroar\n|\n|-heal|p2a: Whimsicott|86\/100|[from] Grassy Terrain\n|-heal|p1b: Glimmora|24\/100|[from] Grassy Terrain\n|upkeep\n|turn|6\n|c|\u2606BirdKeeperNeek|gg\n|\n|t:|1726087457\n|move|p2a: Whimsicott|Moonblast|p1b: Glimmora\n|-resisted|p1b: Glimmora\n|-damage|p1b: Glimmora|0 fnt\n|faint|p1b: Glimmora\n|move|p1a: Incineroar|Flare Blitz|p2a: Whimsicott\n|-supereffective|p2a: Whimsicott\n|-damage|p2a: Whimsicott|0 fnt\n|faint|p2a: Whimsicott\n|-damage|p1a: Incineroar|81\/100|[from] Recoil\n|\n|win|p1atypus\n|raw|p1atypus's rating: 1713 &rarr; <strong>1735<\/strong><br \/>(+22 for winning)\n|raw|BirdKeeperNeek's rating: 1753 &rarr; <strong>1731<\/strong><br \/>(-22 for losing)\n|c|\u2606p1atypus|gg\n|l| BonoboF\n|l|\u2606BirdKeeperNeek\n|player|p2|\n","uploadtime":1726087604,"views":44,"formatid":"gen9vgc2024regh","rating":1731,"private":0,"password":null}