{"id":"gen9vgc2024regh-2199576846","format":"[Gen 9] VGC 2024 Reg H","players":["TTX25","Cereales_Testing"],"log":"|j|\u2606TTX25\n|j|\u2606Cereales_Testing\n|t:|1726087785\n|gametype|doubles\n|player|p1|TTX25|102|1706\n|player|p2|Cereales_Testing|101|1723\n|teamsize|p1|6\n|teamsize|p2|6\n|gen|9\n|tier|[Gen 9] VGC 2024 Reg H\n|rated|\n|rule|Species Clause: Limit one of each Pok\u00e9mon\n|rule|Item Clause: Limit 1 of each item\n|clearpoke\n|poke|p1|Perrserker, L50, M|\n|poke|p1|Gholdengo, L50|\n|poke|p1|Lycanroc, L50, F|\n|poke|p1|Tyranitar, L50, M|\n|poke|p1|Tatsugiri, L50, M|\n|poke|p1|Dondozo, L50, F|\n|poke|p2|Muk-Alola, L50, F|\n|poke|p2|Mandibuzz, L50, F|\n|poke|p2|Hydrapple, L50, M|\n|poke|p2|Gengar, L50, M|\n|poke|p2|Porygon2, L50|\n|poke|p2|Tauros-Paldea-Aqua, L50, M|\n|teampreview|4\n|c|\u2606TTX25|this team looks awesome\n|\n|t:|1726087811\n|start\n|switch|p1a: Perrserker|Perrserker, L50, M|100\/100\n|switch|p1b: Money Boy|Gholdengo, L50|100\/100\n|switch|p2a: Smile|Gengar, L50, M|100\/100\n|switch|p2b: Torapia|Tauros-Paldea-Aqua, L50, M|100\/100\n|-ability|p2b: Torapia|Intimidate|boost\n|-unboost|p1a: Perrserker|atk|1\n|-unboost|p1b: Money Boy|atk|1\n|turn|1\n|\n|t:|1726087829\n|-terastallize|p1b: Money Boy|Steel\n|move|p2a: Smile|Protect|p2a: Smile\n|-singleturn|p2a: Smile|Protect\n|move|p2b: Torapia|Protect|p2b: Torapia\n|-singleturn|p2b: Torapia|Protect\n|move|p1b: Money Boy|Make It Rain|p2b: Torapia|[spread] \n|-activate|p2a: Smile|move: Protect\n|-activate|p2b: Torapia|move: Protect\n|move|p1a: Perrserker|Knock Off|p2a: Smile\n|-activate|p2a: Smile|move: Protect\n|\n|upkeep\n|turn|2\n|\n|t:|1726087845\n|-terastallize|p2b: Torapia|Steel\n|move|p2a: Smile|Shadow Ball|p1a: Perrserker\n|-damage|p1a: Perrserker|55\/100\n|-unboost|p1a: Perrserker|spd|1\n|move|p2b: Torapia|Close Combat|p1b: Money Boy\n|-supereffective|p1b: Money Boy\n|-damage|p1b: Money Boy|0 fnt\n|-unboost|p2b: Torapia|def|1\n|-unboost|p2b: Torapia|spd|1\n|faint|p1b: Money Boy\n|-damage|p2b: Torapia|90\/100|[from] item: Life Orb\n|move|p1a: Perrserker|Stealth Rock|p2b: Torapia\n|-sidestart|p2: Cereales_Testing|move: Stealth Rock\n|\n|upkeep\n|\n|t:|1726087864\n|switch|p1b: Dondozo|Dondozo, L50, F|100\/100\n|turn|3\n|\n|t:|1726087874\n|switch|p1a: Tatsugiri|Tatsugiri, L50, M|100\/100\n|-activate|p1a: Tatsugiri|ability: Commander|[of] p1b: Dondozo\n|-boost|p1b: Dondozo|atk|2\n|-boost|p1b: Dondozo|spa|2\n|-boost|p1b: Dondozo|spe|2\n|-boost|p1b: Dondozo|def|2\n|-boost|p1b: Dondozo|spd|2\n|move|p2b: Torapia|Protect|p2b: Torapia\n|-singleturn|p2b: Torapia|Protect\n|move|p2a: Smile|Shadow Ball|p1a: Tatsugiri|[miss]\n|-miss|p2a: Smile|p1a: Tatsugiri\n|move|p1b: Dondozo|Earthquake|p2a: Smile|[spread] p2a\n|-miss|p1b: Dondozo|p1a: Tatsugiri\n|-activate|p2b: Torapia|move: Protect\n|-supereffective|p2a: Smile\n|-enditem|p2a: Smile|Focus Sash\n|-damage|p2a: Smile|1\/100\n|\n|upkeep\n|turn|4\n|\n|t:|1726087898\n|switch|p2b: GF Hunter|Mandibuzz, L50, F, shiny|100\/100\n|-damage|p2b: GF Hunter|76\/100|[from] Stealth Rock\n|move|p2a: Smile|Destiny Bond|p2a: Smile\n|-singlemove|p2a: Smile|Destiny Bond\n|move|p1b: Dondozo|Earthquake|p2a: Smile|[spread] p2a\n|-miss|p1b: Dondozo|p1a: Tatsugiri\n|-immune|p2b: GF Hunter\n|-supereffective|p2a: Smile\n|-damage|p2a: Smile|0 fnt\n|faint|p2a: Smile\n|-activate|p2a: Smile|move: Destiny Bond\n|faint|p1b: Dondozo\n|\n|upkeep\n|j| sauromon\n|c|\u2606TTX25|thats cool\n|\n|t:|1726087911\n|switch|p2a: Torapia|Tauros-Paldea-Aqua, L50, M, tera:Steel|90\/100\n|switch|p1b: Perrserker|Perrserker, L50, M|55\/100\n|-damage|p2a: Torapia|84\/100|[from] Stealth Rock\n|-ability|p2a: Torapia|Intimidate|boost\n|-unboost|p1a: Tatsugiri|atk|1\n|-unboost|p1b: Perrserker|atk|1\n|turn|5\n|\n|t:|1726087927\n|move|p2a: Torapia|Protect|p2a: Torapia\n|-singleturn|p2a: Torapia|Protect\n|move|p2b: GF Hunter|Protect|p2b: GF Hunter\n|-singleturn|p2b: GF Hunter|Protect\n|move|p1b: Perrserker|Fake Out|p2b: GF Hunter\n|-activate|p2b: GF Hunter|move: Protect\n|move|p1a: Tatsugiri|Muddy Water|p2a: Torapia|[spread] \n|-activate|p2a: Torapia|move: Protect\n|-activate|p2b: GF Hunter|move: Protect\n|\n|upkeep\n|turn|6\n|\n|t:|1726087944\n|move|p1a: Tatsugiri|Muddy Water|p2b: GF Hunter|[spread] p2a,p2b\n|-damage|p2a: Torapia|32\/100\n|-damage|p2b: GF Hunter|49\/100\n|move|p2a: Torapia|Close Combat|p1b: Perrserker\n|-supereffective|p1b: Perrserker\n|-damage|p1b: Perrserker|0 fnt\n|-unboost|p2a: Torapia|def|1\n|-unboost|p2a: Torapia|spd|1\n|-damage|p2a: Torapia|15\/100|[from] item: Rocky Helmet|[of] p1b: Perrserker\n|faint|p1b: Perrserker\n|-damage|p2a: Torapia|5\/100|[from] item: Life Orb\n|move|p2b: GF Hunter|Roost|p2b: GF Hunter\n|-heal|p2b: GF Hunter|99\/100\n|-singleturn|p2b: GF Hunter|move: Roost\n|\n|upkeep\n|turn|7\n|\n|t:|1726087960\n|move|p2a: Torapia|Aqua Jet|p1a: Tatsugiri\n|-resisted|p1a: Tatsugiri\n|-damage|p1a: Tatsugiri|87\/100\n|-damage|p2a: Torapia|0 fnt|[from] item: Life Orb\n|faint|p2a: Torapia\n|move|p1a: Tatsugiri|Muddy Water|p2b: GF Hunter\n|-damage|p2b: GF Hunter|65\/100\n|move|p2b: GF Hunter|Toxic|p1a: Tatsugiri|[miss]\n|-miss|p2b: GF Hunter|p1a: Tatsugiri\n|\n|upkeep\n|j| geekaleek\n|\n|t:|1726087969\n|switch|p2a: King Ghidorah|Hydrapple, L50, M, shiny|100\/100\n|-damage|p2a: King Ghidorah|88\/100|[from] Stealth Rock\n|turn|8\n|\n|t:|1726087974\n|move|p1a: Tatsugiri|Muddy Water|p2a: King Ghidorah|[spread] p2a,p2b\n|-resisted|p2a: King Ghidorah\n|-damage|p2a: King Ghidorah|81\/100\n|-damage|p2b: GF Hunter|36\/100\n|-unboost|p2a: King Ghidorah|accuracy|1\n|move|p2b: GF Hunter|Roost|p2b: GF Hunter\n|-heal|p2b: GF Hunter|87\/100\n|-singleturn|p2b: GF Hunter|move: Roost\n|move|p2a: King Ghidorah|Fickle Beam|p1a: Tatsugiri|[miss]\n|-miss|p2a: King Ghidorah|p1a: Tatsugiri\n|\n|upkeep\n|turn|9\n|c|\u2606Cereales_Testing|lmao\n|\n|t:|1726087989\n|move|p1a: Tatsugiri|Muddy Water|p2b: GF Hunter|[spread] p2a,p2b\n|-resisted|p2a: King Ghidorah\n|-damage|p2a: King Ghidorah|73\/100\n|-damage|p2b: GF Hunter|60\/100\n|move|p2b: GF Hunter|Toxic|p1a: Tatsugiri\n|-status|p1a: Tatsugiri|tox\n|move|p2a: King Ghidorah|Fickle Beam|p1a: Tatsugiri\n|-supereffective|p1a: Tatsugiri\n|-damage|p1a: Tatsugiri|0 fnt\n|faint|p1a: Tatsugiri\n|\n|win|Cereales_Testing\n|raw|TTX25's rating: 1706 &rarr; <strong>1687<\/strong><br \/>(-19 for losing)\n|raw|Cereales_Testing's rating: 1723 &rarr; <strong>1742<\/strong><br \/>(+19 for winning)\n|c|\u2606TTX25|lol go tatsu go\n|l|\u2606Cereales_Testing\n|player|p2|\n|c|\u2606TTX25|gg\n|l|\u2606TTX25\n|player|p1|\n|l| sauromon\n|l| geekaleek\n","uploadtime":1726088161,"views":25,"formatid":"gen9vgc2024regh","rating":1687,"private":0,"password":null}