{"id":"gen9vgc2024regh-2199091770","format":"[Gen 9] VGC 2024 Reg H","players":["Tommytinkle","TTX25"],"log":"|j|\u2606Tommytinkle\n|j|\u2606TTX25\n|t:|1726031960\n|gametype|doubles\n|player|p1|Tommytinkle|265|1753\n|player|p2|TTX25|101|1654\n|teamsize|p1|6\n|teamsize|p2|6\n|gen|9\n|tier|[Gen 9] VGC 2024 Reg H\n|rated|\n|rule|Species Clause: Limit one of each Pok\u00e9mon\n|rule|Item Clause: Limit 1 of each item\n|clearpoke\n|poke|p1|Garchomp, L50, F|\n|poke|p1|Dragonite, L50, M|\n|poke|p1|Annihilape, L50, M|\n|poke|p1|Maushold, L50|\n|poke|p1|Tyranitar, L50, F|\n|poke|p1|Primarina, L50, F|\n|poke|p2|Perrserker, L50, M|\n|poke|p2|Gholdengo, L50|\n|poke|p2|Lycanroc, L50, M|\n|poke|p2|Tyranitar, L50, F|\n|poke|p2|Tatsugiri, L50, M|\n|poke|p2|Dondozo, L50, M|\n|teampreview|4\n|inactive|Battle timer is ON: inactive players will automatically lose when time's up. (requested by Tommytinkle)\n|inactive|TTX25 has 60 seconds left.\n|j| Samevgcmons\n|\n|t:|1726032015\n|start\n|switch|p1a: Garchomp|Garchomp, L50, F|100\/100\n|switch|p1b: Dragonite|Dragonite, L50, M|100\/100\n|switch|p2a: Perrserker|Perrserker, L50, M|100\/100\n|switch|p2b: Money Boy|Gholdengo, L50|100\/100\n|turn|1\n|\n|t:|1726032032\n|-terastallize|p2b: Money Boy|Steel\n|move|p2a: Perrserker|Fake Out|p1a: Garchomp\n|-damage|p1a: Garchomp|90\/100\n|cant|p1a: Garchomp|flinch\n|move|p2b: Money Boy|Make It Rain|p1a: Garchomp|[spread] p1a,p1b\n|-damage|p1a: Garchomp|0 fnt\n|-damage|p1b: Dragonite|50\/100\n|-unboost|p2b: Money Boy|spa|1\n|faint|p1a: Garchomp\n|move|p1b: Dragonite|Tailwind|p1b: Dragonite\n|-sidestart|p1: Tommytinkle|move: Tailwind\n|\n|upkeep\n|\n|t:|1726032048\n|switch|p1a: Tyranitar|Tyranitar, L50, F|100\/100\n|-weather|Sandstorm|[from] ability: Sand Stream|[of] p1a: Tyranitar\n|turn|2\n|j| ConnieChristmas\n|\n|t:|1726032065\n|move|p1b: Dragonite|Thunder Wave|p2a: Perrserker\n|-status|p2a: Perrserker|par\n|move|p1a: Tyranitar|Knock Off|p2b: Money Boy\n|-damage|p2b: Money Boy|44\/100\n|-enditem|p2b: Money Boy|Choice Specs|[from] move: Knock Off|[of] p1a: Tyranitar\n|move|p2b: Money Boy|Make It Rain|p1a: Tyranitar|[spread] p1a,p1b\n|-supereffective|p1a: Tyranitar\n|-damage|p1a: Tyranitar|56\/100\n|-damage|p1b: Dragonite|3\/100\n|-unboost|p2b: Money Boy|spa|1\n|move|p2a: Perrserker|Knock Off|p1a: Tyranitar\n|-resisted|p1a: Tyranitar\n|-damage|p1a: Tyranitar|46\/100\n|-enditem|p1a: Tyranitar|Assault Vest|[from] move: Knock Off|[of] p2a: Perrserker\n|\n|-weather|Sandstorm|[upkeep]\n|-damage|p1b: Dragonite|0 fnt|[from] Sandstorm\n|faint|p1b: Dragonite\n|upkeep\n|\n|t:|1726032080\n|switch|p1b: Primarina|Primarina, L50, F|100\/100\n|turn|3\n|inactive|Tommytinkle has 30 seconds left.\n|\n|t:|1726032114\n|switch|p2b: Dondozo|Dondozo, L50, M|100\/100\n|switch|p2a: Tatsugiri|Tatsugiri, L50, M|100\/100\n|-activate|p2a: Tatsugiri|ability: Commander|[of] p2b: Dondozo\n|-boost|p2b: Dondozo|atk|2\n|-boost|p2b: Dondozo|spa|2\n|-boost|p2b: Dondozo|spe|2\n|-boost|p2b: Dondozo|def|2\n|-boost|p2b: Dondozo|spd|2\n|-terastallize|p1b: Primarina|Grass\n|move|p1a: Tyranitar|Knock Off|p2a: Tatsugiri|[miss]\n|-miss|p1a: Tyranitar|p2a: Tatsugiri\n|move|p1b: Primarina|Hyper Voice|p2a: Tatsugiri|[spread] p2b\n|-miss|p1b: Primarina|p2a: Tatsugiri\n|-resisted|p2b: Dondozo\n|-damage|p2b: Dondozo|91\/100\n|\n|-weather|Sandstorm|[upkeep]\n|-damage|p2a: Tatsugiri|94\/100|[from] Sandstorm\n|-damage|p2b: Dondozo|85\/100|[from] Sandstorm\n|-damage|p1b: Primarina|95\/100|[from] Sandstorm\n|-heal|p2b: Dondozo|91\/100|[from] item: Leftovers\n|upkeep\n|turn|4\n|\n|t:|1726032123\n|move|p2b: Dondozo|Waterfall|p1a: Tyranitar\n|-supereffective|p1a: Tyranitar\n|-damage|p1a: Tyranitar|0 fnt\n|faint|p1a: Tyranitar\n|move|p1b: Primarina|Haze|p1b: Primarina\n|-clearallboost\n|\n|-weather|Sandstorm|[upkeep]\n|-damage|p2a: Tatsugiri|88\/100|[from] Sandstorm\n|-damage|p1b: Primarina|89\/100|[from] Sandstorm\n|-damage|p2b: Dondozo|85\/100|[from] Sandstorm\n|-heal|p2b: Dondozo|91\/100|[from] item: Leftovers\n|-sideend|p1: Tommytinkle|move: Tailwind\n|upkeep\n|turn|5\n|-message|Tommytinkle forfeited.\n|\n|win|TTX25\n|raw|Tommytinkle's rating: 1753 &rarr; <strong>1727<\/strong><br \/>(-26 for losing)\n|raw|TTX25's rating: 1654 &rarr; <strong>1680<\/strong><br \/>(+26 for winning)\n|l|\u2606Tommytinkle\n|player|p1|\n|l|\u2606TTX25\n|player|p2|\n|l| Samevgcmons\n","uploadtime":1726032305,"views":14,"formatid":"gen9vgc2024regh","rating":1680,"private":0,"password":null}