{"id":"gen9vgc2024regh-2199057727","format":"[Gen 9] VGC 2024 Reg H","players":["zhanlinxie","dayron91"],"log":"|j|\u2606zhanlinxie\n|j|\u2606dayron91\n|t:|1726026544\n|gametype|doubles\n|player|p1|zhanlinxie|marley|1726\n|player|p2|dayron91|dragontamer|1678\n|teamsize|p1|6\n|teamsize|p2|6\n|gen|9\n|tier|[Gen 9] VGC 2024 Reg H\n|rated|\n|rule|Species Clause: Limit one of each Pok\u00e9mon\n|rule|Item Clause: Limit 1 of each item\n|clearpoke\n|poke|p1|Meowscarada, L50, F|\n|poke|p1|Archaludon, L50, F|\n|poke|p1|Ursaluna-Bloodmoon, L50, M|\n|poke|p1|Primarina, L50, F|\n|poke|p1|Annihilape, L50, F|\n|poke|p1|Maushold-Four, L50|\n|poke|p2|Annihilape, L50, M|\n|poke|p2|Archaludon, L50, F|\n|poke|p2|Whimsicott, L50, M|\n|poke|p2|Sinistcha, L50|\n|poke|p2|Incineroar, L50, M|\n|poke|p2|Politoed, L50, F|\n|teampreview|4\n|j| hachiware\n|\n|t:|1726026594\n|start\n|switch|p1a: Meowscarada|Meowscarada, L50, F|100\/100\n|switch|p1b: Primarina|Primarina, L50, F|100\/100\n|switch|p2a: Annihilape|Annihilape, L50, M|100\/100\n|switch|p2b: Whimsicott|Whimsicott, L50, M|100\/100\n|turn|1\n|j| Luxraykeeper\n|l| Luxraykeeper\n|\n|t:|1726026623\n|-terastallize|p1b: Primarina|Ghost\n|move|p2b: Whimsicott|Tailwind|p2b: Whimsicott\n|-sidestart|p2: dayron91|move: Tailwind\n|move|p2a: Annihilape|U-turn|p1a: Meowscarada\n|-supereffective|p1a: Meowscarada\n|-enditem|p1a: Meowscarada|Focus Sash\n|-damage|p1a: Meowscarada|1\/100\n|\n|t:|1726026632\n|switch|p2a: Archaludon|Archaludon, L50, F|100\/100|[from] U-turn\n|move|p1a: Meowscarada|Grass Pledge|p2a: Archaludon\n|-waiting|p1a: Meowscarada|p1b: Primarina\n|move|p1b: Primarina|Water Pledge|p2a: Archaludon|[from]move: Grass Pledge\n|-combine\n|-resisted|p2a: Archaludon\n|-damage|p2a: Archaludon|86\/100\n|-sidestart|p2: dayron91|Grass Pledge\n|-ability|p2a: Archaludon|Stamina|boost\n|-boost|p2a: Archaludon|def|1\n|\n|upkeep\n|turn|2\n|\n|t:|1726026655\n|move|p1a: Meowscarada|Knock Off|p2a: Archaludon\n|-damage|p2a: Archaludon|65\/100\n|-ability|p2a: Archaludon|Stamina|boost\n|-boost|p2a: Archaludon|def|1\n|-enditem|p2a: Archaludon|Assault Vest|[from] move: Knock Off|[of] p1a: Meowscarada\n|move|p2b: Whimsicott|Beat Up|p2a: Archaludon\n|-damage|p2a: Archaludon|64\/100\n|-ability|p2a: Archaludon|Stamina|boost\n|-boost|p2a: Archaludon|def|1\n|-damage|p2a: Archaludon|64\/100\n|-ability|p2a: Archaludon|Stamina|boost\n|-boost|p2a: Archaludon|def|1\n|-damage|p2a: Archaludon|63\/100\n|-ability|p2a: Archaludon|Stamina|boost\n|-boost|p2a: Archaludon|def|1\n|-damage|p2a: Archaludon|62\/100\n|-ability|p2a: Archaludon|Stamina|boost\n|-boost|p2a: Archaludon|def|1\n|-hitcount|p2a: Archaludon|4\n|move|p1b: Primarina|Moonblast|p2a: Archaludon\n|-damage|p2a: Archaludon|11\/100\n|-unboost|p2a: Archaludon|spa|1\n|move|p2a: Archaludon|Snarl|p1b: Primarina|[spread] p1a,p1b\n|-resisted|p1a: Meowscarada\n|-supereffective|p1b: Primarina\n|-damage|p1a: Meowscarada|0 fnt\n|-damage|p1b: Primarina|86\/100\n|-unboost|p1b: Primarina|spa|1\n|faint|p1a: Meowscarada\n|\n|upkeep\n|j| zacolii\n|\n|t:|1726026689\n|switch|p1a: Ursaluna|Ursaluna-Bloodmoon, L50, M|100\/100\n|turn|3\n|l|\u2606zhanlinxie\n|player|p1|\n|j|\u2606zhanlinxie\n|player|p1|zhanlinxie|marley|\n|inactive|Battle timer is ON: inactive players will automatically lose when time's up. (requested by zhanlinxie)\n|\n|t:|1726026751\n|switch|p2a: Annihilape|Annihilape, L50, M|100\/100\n|move|p2b: Whimsicott|Light Screen|p2b: Whimsicott\n|-sidestart|p2: dayron91|move: Light Screen\n|move|p1b: Primarina|Moonblast|p2a: Annihilape\n|-supereffective|p2a: Annihilape\n|-damage|p2a: Annihilape|61\/100\n|move|p1a: Ursaluna|Blood Moon|p2b: Whimsicott\n|-damage|p2b: Whimsicott|10\/100\n|-damage|p1a: Ursaluna|91\/100|[from] item: Life Orb\n|\n|upkeep\n|turn|4\n|inactive|dayron91 has 30 seconds left.\n|inactive|dayron91 has 20 seconds left.\n|inactive|zhanlinxie has 30 seconds left.\n|inactive|dayron91 has 15 seconds left.\n|inactive|dayron91 has 10 seconds left.\n|inactive|zhanlinxie has 20 seconds left.\n|inactive|dayron91 has 5 seconds left.\n|inactive|zhanlinxie has 15 seconds left.\n|inactive|zhanlinxie has 10 seconds left.\n|\n|t:|1726026813\n|switch|p2b: Sinistcha|Sinistcha, L50|100\/100\n|-heal|p2a: Annihilape|86\/100|[from] ability: Hospitality|[of] p2b: Sinistcha\n|move|p1a: Ursaluna|Protect|p1a: Ursaluna\n|-singleturn|p1a: Ursaluna|Protect\n|move|p2a: Annihilape|Rage Fist|p1b: Primarina\n|-supereffective|p1b: Primarina\n|-damage|p1b: Primarina|0 fnt\n|faint|p1b: Primarina\n|\n|-sideend|p2: dayron91|move: Tailwind\n|-sideend|p2: dayron91|Grass Pledge\n|upkeep\n|\n|t:|1726026819\n|switch|p1b: Archaludon|Archaludon, L50, F|100\/100\n|turn|5\n|l| hachiware\n|inactive|dayron91 has 30 seconds left.\n|inactive|dayron91 has 20 seconds left.\n|inactive|dayron91 has 15 seconds left.\n|inactive|dayron91 has 10 seconds left.\n|\n|t:|1726026867\n|move|p2a: Annihilape|Rage Fist|p1b: Archaludon\n|-crit|p1b: Archaludon\n|-damage|p1b: Archaludon|35\/100\n|move|p1b: Archaludon|Draco Meteor|p2b: Sinistcha\n|-damage|p2b: Sinistcha|60\/100\n|-unboost|p1b: Archaludon|spa|2\n|move|p2b: Sinistcha|Life Dew|p2b: Sinistcha|[spread] p2a,p2b\n|-heal|p2a: Annihilape|100\/100\n|-heal|p2b: Sinistcha|85\/100\n|move|p1a: Ursaluna|Blood Moon|p2b: Sinistcha\n|-damage|p2b: Sinistcha|23\/100\n|-enditem|p2b: Sinistcha|Figy Berry|[eat]\n|-heal|p2b: Sinistcha|56\/100|[from] item: Figy Berry\n|-start|p2b: Sinistcha|confusion\n|-damage|p1a: Ursaluna|81\/100|[from] item: Life Orb\n|\n|upkeep\n|turn|6\n|l|\u2606zhanlinxie\n|inactive|zhanlinxie disconnected and has a minute to reconnect!\n|player|p1|\n|inactive|zhanlinxie has 30 seconds left.\n|inactive|dayron91 has 30 seconds left.\n|inactive|zhanlinxie has 20 seconds left.\n|j|\u2606zhanlinxie\n|inactive|zhanlinxie reconnected and has 20 seconds left.\n|player|p1|zhanlinxie|marley|\n|inactive|zhanlinxie has 15 seconds left.\n|inactive|zhanlinxie has 10 seconds left.\n|inactive|zhanlinxie has 5 seconds left.\n|l|\u2606zhanlinxie\n|inactive|zhanlinxie disconnected and has a minute to reconnect!\n|player|p1|\n|-message|zhanlinxie lost due to inactivity.\n|\n|win|dayron91\n|raw|zhanlinxie's rating: 1726 &rarr; <strong>1703<\/strong><br \/>(-23 for losing)\n|raw|dayron91's rating: 1678 &rarr; <strong>1701<\/strong><br \/>(+23 for winning)\n","uploadtime":1726026931,"views":50,"formatid":"gen9vgc2024regh","rating":1701,"private":0,"password":null}