{"id":"gen9vgc2024regh-2199995364","format":"[Gen 9] VGC 2024 Reg H","players":["Soulstirring1","Shannah92"],"log":"|j|\u2606Soulstirring1\n|j|\u2606Shannah92\n|t:|1726144399\n|gametype|doubles\n|player|p1|Soulstirring1|169|1649\n|player|p2|Shannah92|1|1686\n|teamsize|p1|6\n|teamsize|p2|6\n|gen|9\n|tier|[Gen 9] VGC 2024 Reg H\n|rated|\n|rule|Species Clause: Limit one of each Pok\u00e9mon\n|rule|Item Clause: Limit 1 of each item\n|clearpoke\n|poke|p1|Indeedee, L50, M|\n|poke|p1|Sneasler, L50, M|\n|poke|p1|Dondozo, L50, F|\n|poke|p1|Tatsugiri, L50, M|\n|poke|p1|Mienshao, L50, F|\n|poke|p1|Incineroar, L50, F|\n|poke|p2|Zoroark-Hisui, L50, F|\n|poke|p2|Archaludon, L50, M|\n|poke|p2|Flamigo, L50, M|\n|poke|p2|Kingambit, L50, M|\n|poke|p2|Amoonguss, L50, M|\n|poke|p2|Dragonite, L50, M|\n|teampreview|4\n|\n|t:|1726144439\n|start\n|switch|p1a: Indeedee|Indeedee, L50, M|100\/100\n|switch|p1b: Sneasler|Sneasler, L50, M|100\/100\n|switch|p2a: Dragonite|Dragonite, L50, M|100\/100\n|switch|p2b: Kingambit|Kingambit, L50, M|100\/100\n|-fieldstart|move: Psychic Terrain|[from] ability: Psychic Surge|[of] p1a: Indeedee\n|-enditem|p1b: Sneasler|Psychic Seed\n|-boost|p1b: Sneasler|spd|1|[from] item: Psychic Seed\n|turn|1\n|\n|t:|1726144461\n|move|p1b: Sneasler|Throat Chop|p2b: Kingambit\n|-supereffective|p2b: Kingambit\n|-damage|p2b: Kingambit|0 fnt\n|replace|p2b: Zoroark|Zoroark-Hisui, L50, F\n|-end|p2b: Zoroark|Illusion\n|faint|p2b: Zoroark\n|move|p1a: Indeedee|Expanding Force|p2a: Dragonite\n|-damage|p2a: Dragonite|50\/100\n|move|p2a: Dragonite|Ice Spinner|p1a: Indeedee\n|-damage|p1a: Indeedee|32\/100\n|-fieldend|move: Psychic Terrain\n|\n|upkeep\n|\n|t:|1726144471\n|switch|p2b: Amoonguss|Amoonguss, L50, M|100\/100\n|turn|2\n|\n|t:|1726144488\n|switch|p1a: Dondozo|Dondozo, L50, F|100\/100\n|-terastallize|p2b: Amoonguss|Water\n|move|p1b: Sneasler|Taunt|p2b: Amoonguss\n|-start|p2b: Amoonguss|move: Taunt\n|move|p2a: Dragonite|Stomping Tantrum|p1b: Sneasler\n|-supereffective|p1b: Sneasler\n|-crit|p1b: Sneasler\n|-damage|p1b: Sneasler|0 fnt\n|faint|p1b: Sneasler\n|cant|p2b: Amoonguss|move: Taunt|Spore\n|\n|upkeep\n|\n|t:|1726144501\n|switch|p1b: Indeedee|Indeedee, L50, M|32\/100\n|-fieldstart|move: Psychic Terrain|[from] ability: Psychic Surge|[of] p1b: Indeedee\n|turn|3\n|j| maplezzz\n|\n|t:|1726144537\n|switch|p2a: Kingambit|Kingambit, L50, M|100\/100\n|-terastallize|p1b: Indeedee|Psychic\n|move|p1b: Indeedee|Expanding Force|p2b: Amoonguss|[spread] p2b\n|-immune|p2a: Kingambit\n|-damage|p2b: Amoonguss|35\/100\n|-enditem|p2b: Amoonguss|Sitrus Berry|[eat]\n|-heal|p2b: Amoonguss|59\/100|[from] item: Sitrus Berry\n|move|p1a: Dondozo|Wave Crash|p2a: Kingambit\n|-damage|p2a: Kingambit|56\/100\n|-damage|p1a: Dondozo|87\/100|[from] Recoil\n|move|p2b: Amoonguss|Clear Smog|p1a: Dondozo\n|-damage|p1a: Dondozo|72\/100\n|-clearboost|p1a: Dondozo\n|\n|-heal|p1a: Dondozo|78\/100|[from] item: Leftovers\n|upkeep\n|turn|4\n|\n|t:|1726144564\n|move|p1b: Indeedee|Expanding Force|p2a: Kingambit|[spread] p2b\n|-immune|p2a: Kingambit\n|-damage|p2b: Amoonguss|0 fnt\n|faint|p2b: Amoonguss\n|move|p1a: Dondozo|Wave Crash|p2a: Kingambit\n|-damage|p2a: Kingambit|12\/100\n|-damage|p1a: Dondozo|64\/100|[from] Recoil\n|move|p2a: Kingambit|Kowtow Cleave|p1b: Indeedee\n|-supereffective|p1b: Indeedee\n|-damage|p1b: Indeedee|0 fnt\n|faint|p1b: Indeedee\n|\n|-heal|p1a: Dondozo|71\/100|[from] item: Leftovers\n|upkeep\n|\n|t:|1726144570\n|switch|p1b: Tatsugiri|Tatsugiri, L50, M|100\/100\n|switch|p2b: Dragonite|Dragonite, L50, M|50\/100\n|-activate|p1b: Tatsugiri|ability: Commander|[of] p1a: Dondozo\n|-boost|p1a: Dondozo|atk|2\n|-boost|p1a: Dondozo|spa|2\n|-boost|p1a: Dondozo|spe|2\n|-boost|p1a: Dondozo|def|2\n|-boost|p1a: Dondozo|spd|2\n|turn|5\n|-message|Shannah92 forfeited.\n|\n|win|Soulstirring1\n|raw|Soulstirring1's rating: 1649 &rarr; <strong>1671<\/strong><br \/>(+22 for winning)\n|raw|Shannah92's rating: 1686 &rarr; <strong>1664<\/strong><br \/>(-22 for losing)\n|l|\u2606Shannah92\n|player|p2|\n|l|\u2606Soulstirring1\n|player|p1|\n","uploadtime":1726144802,"views":13,"formatid":"gen9vgc2024regh","rating":1664,"private":0,"password":null}