{"id":"gen9vgc2024regh-2199182911","format":"[Gen 9] VGC 2024 Reg H","players":["toritonpoke","Beccca"],"log":"|j|\u2606toritonpoke\n|j|\u2606Beccca\n|t:|1726048233\n|gametype|doubles\n|player|p1|toritonpoke|265|1810\n|player|p2|Beccca|1|1833\n|teamsize|p1|6\n|teamsize|p2|6\n|gen|9\n|tier|[Gen 9] VGC 2024 Reg H\n|rated|\n|rule|Species Clause: Limit one of each Pok\u00e9mon\n|rule|Item Clause: Limit 1 of each item\n|clearpoke\n|poke|p1|Dondozo, L50, F|\n|poke|p1|Tatsugiri-Stretchy, L50, M|\n|poke|p1|Sylveon, L50, F|\n|poke|p1|Archaludon, L50, F|\n|poke|p1|Dragonite, L50, F|\n|poke|p1|Gholdengo, L50|\n|poke|p2|Talonflame, L50, M|\n|poke|p2|Garchomp, L50, M|\n|poke|p2|Gengar, L50, F|\n|poke|p2|Hydreigon, L50, M|\n|poke|p2|Gholdengo, L50|\n|poke|p2|Mimikyu, L50, F|\n|teampreview|4\n|l|\u2606toritonpoke\n|player|p1|\n|\n|t:|1726048270\n|start\n|switch|p1a: Dondozo|Dondozo, L50, F|100\/100\n|switch|p1b: Dragonite|Dragonite, L50, F|100\/100\n|switch|p2a: Gengar|Gengar, L50, F|100\/100\n|switch|p2b: Gholdengo|Gholdengo, L50|100\/100\n|turn|1\n|j|\u2606toritonpoke\n|player|p1|toritonpoke|265|\n|\n|t:|1726048291\n|switch|p1b: Tatsugiri|Tatsugiri-Stretchy, L50, M|100\/100\n|-activate|p1b: Tatsugiri|ability: Commander|[of] p1a: Dondozo\n|-boost|p1a: Dondozo|atk|2\n|-boost|p1a: Dondozo|spa|2\n|-boost|p1a: Dondozo|spe|2\n|-boost|p1a: Dondozo|def|2\n|-boost|p1a: Dondozo|spd|2\n|-terastallize|p2b: Gholdengo|Fairy\n|move|p2a: Gengar|Acid Spray|p1b: Tatsugiri|[miss]\n|-miss|p2a: Gengar|p1b: Tatsugiri\n|move|p1a: Dondozo|Earthquake|p2a: Gengar|[spread] p2a,p2b\n|-miss|p1a: Dondozo|p1b: Tatsugiri\n|-supereffective|p2a: Gengar\n|-enditem|p2a: Gengar|Focus Sash\n|-damage|p2a: Gengar|1\/100\n|-damage|p2b: Gholdengo|57\/100\n|move|p2b: Gholdengo|Dazzling Gleam|p1a: Dondozo|[spread] p1a\n|-miss|p2b: Gholdengo|p1b: Tatsugiri\n|-damage|p1a: Dondozo|74\/100\n|\n|upkeep\n|turn|2\n|inactive|Battle timer is ON: inactive players will automatically lose when time's up. (requested by toritonpoke)\n|\n|t:|1726048322\n|switch|p2b: Hydreigon|Hydreigon, L50, M|100\/100\n|move|p2a: Gengar|Haze|p2a: Gengar\n|-clearallboost\n|move|p1a: Dondozo|Wave Crash|p2b: Hydreigon\n|-resisted|p2b: Hydreigon\n|-damage|p2b: Hydreigon|72\/100\n|-damage|p1a: Dondozo|66\/100|[from] Recoil\n|\n|upkeep\n|turn|3\n|\n|t:|1726048339\n|move|p2a: Gengar|Shadow Ball|p1a: Dondozo\n|-damage|p1a: Dondozo|19\/100\n|-enditem|p1a: Dondozo|Figy Berry|[eat]\n|-heal|p1a: Dondozo|52\/100|[from] item: Figy Berry\n|move|p2b: Hydreigon|Dark Pulse|p1a: Dondozo\n|-damage|p1a: Dondozo|11\/100\n|move|p1a: Dondozo|Wave Crash|p2a: Gengar\n|-damage|p2a: Gengar|0 fnt\n|faint|p2a: Gengar\n|-damage|p1a: Dondozo|10\/100|[from] Recoil\n|\n|upkeep\n|\n|t:|1726048353\n|switch|p2a: Mimikyu|Mimikyu, L50, F|100\/100\n|turn|4\n|\n|t:|1726048359\n|move|p2b: Hydreigon|Dark Pulse|p1a: Dondozo\n|-damage|p1a: Dondozo|0 fnt\n|faint|p1a: Dondozo\n|move|p2a: Mimikyu|Play Rough|p1b: Tatsugiri\n|-supereffective|p1b: Tatsugiri\n|-enditem|p1b: Tatsugiri|Focus Sash\n|-damage|p1b: Tatsugiri|1\/100\n|-damage|p2a: Mimikyu|91\/100|[from] item: Life Orb\n|\n|upkeep\n|\n|t:|1726048372\n|switch|p1a: Dragonite|Dragonite, L50, F|100\/100\n|turn|5\n|\n|t:|1726048394\n|-terastallize|p1a: Dragonite|Normal\n|move|p1b: Tatsugiri|Helping Hand|p1a: Dragonite\n|-singleturn|p1a: Dragonite|Helping Hand|[of] p1b: Tatsugiri\n|move|p1a: Dragonite|Extreme Speed|p2b: Hydreigon\n|-damage|p2b: Hydreigon|0 fnt\n|faint|p2b: Hydreigon\n|move|p2a: Mimikyu|Play Rough|p1a: Dragonite\n|-damage|p1a: Dragonite|75\/100\n|-damage|p2a: Mimikyu|81\/100|[from] item: Life Orb\n|\n|upkeep\n|\n|t:|1726048407\n|switch|p2b: Gholdengo|Gholdengo, L50, tera:Fairy|57\/100\n|turn|6\n|\n|t:|1726048416\n|move|p1b: Tatsugiri|Helping Hand|p1a: Dragonite\n|-singleturn|p1a: Dragonite|Helping Hand|[of] p1b: Tatsugiri\n|move|p1a: Dragonite|Extreme Speed|p2b: Gholdengo\n|-damage|p2b: Gholdengo|0 fnt\n|faint|p2b: Gholdengo\n|move|p2a: Mimikyu|Play Rough|p1a: Dragonite\n|-damage|p1a: Dragonite|24\/100\n|-damage|p2a: Mimikyu|71\/100|[from] item: Life Orb\n|\n|upkeep\n|turn|7\n|\n|t:|1726048429\n|move|p2a: Mimikyu|Shadow Sneak|p1b: Tatsugiri\n|-damage|p1b: Tatsugiri|0 fnt\n|faint|p1b: Tatsugiri\n|-damage|p2a: Mimikyu|61\/100|[from] item: Life Orb\n|move|p1a: Dragonite|Ice Spinner|p2a: Mimikyu\n|-activate|p2a: Mimikyu|ability: Disguise\n|-damage|p2a: Mimikyu|61\/100\n|detailschange|p2a: Mimikyu|Mimikyu-Busted, L50, F\n|-damage|p2a: Mimikyu|49\/100|[from] pokemon: Mimikyu-Busted\n|\n|upkeep\n|\n|t:|1726048436\n|switch|p1b: Archaludon|Archaludon, L50, F|100\/100\n|turn|8\n|-message|Beccca forfeited.\n|\n|win|toritonpoke\n|raw|toritonpoke's rating: 1810 &rarr; <strong>1831<\/strong><br \/>(+21 for winning)\n|raw|Beccca's rating: 1833 &rarr; <strong>1812<\/strong><br \/>(-21 for losing)\n|l|\u2606Beccca\n|player|p2|\n|l|\u2606toritonpoke\n|player|p1|\n","uploadtime":1726048638,"views":747,"formatid":"gen9vgc2024regh","rating":1812,"private":0,"password":null}