{"id":"gen9vgc2024regh-2199760994","format":"[Gen 9] VGC 2024 Reg H","players":["bieiup","jwofsgo"],"log":"|j|\u2606bieiup\n|j|\u2606jwofsgo\n|t:|1726108390\n|gametype|doubles\n|player|p1|bieiup|lillie-z|1689\n|player|p2|jwofsgo|scientist-gen4|1690\n|teamsize|p1|6\n|teamsize|p2|6\n|gen|9\n|tier|[Gen 9] VGC 2024 Reg H\n|rated|\n|rule|Species Clause: Limit one of each Pok\u00e9mon\n|rule|Item Clause: Limit 1 of each item\n|clearpoke\n|poke|p1|Sableye, L50, M|\n|poke|p1|Dondozo, L50, F|\n|poke|p1|Sylveon, L50, M|\n|poke|p1|Dragonite, L50, M|\n|poke|p1|Gholdengo, L50|\n|poke|p1|Ursaluna-Bloodmoon, L50, M|\n|poke|p2|Armarouge, L50, M|\n|poke|p2|Zoroark-Hisui, L50, M|\n|poke|p2|Indeedee, L50, M|\n|poke|p2|Annihilape, L50, M|\n|poke|p2|Sneasler, L50, M|\n|poke|p2|Whimsicott, L50, F|\n|teampreview|4\n|inactive|Battle timer is ON: inactive players will automatically lose when time's up. (requested by bieiup)\n|\n|t:|1726108420\n|start\n|switch|p1a: Sableye|Sableye, L50, M|100\/100\n|switch|p1b: Dragonite|Dragonite, L50, M|100\/100\n|switch|p2a: Healing|Indeedee, L50, M, shiny|100\/100\n|switch|p2b: Shift|Sneasler, L50, M, shiny|100\/100\n|-fieldstart|move: Psychic Terrain|[from] ability: Psychic Surge|[of] p2a: Healing\n|-enditem|p2b: Shift|Psychic Seed\n|-boost|p2b: Shift|spd|1|[from] item: Psychic Seed\n|turn|1\n|\n|t:|1726108441\n|-terastallize|p1b: Dragonite|Dark\n|move|p1a: Sableye|Light Screen|p1a: Sableye\n|-sidestart|p1: bieiup|move: Light Screen\n|move|p2b: Shift|Dire Claw|p1b: Dragonite\n|-damage|p1b: Dragonite|79\/100\n|-status|p1b: Dragonite|par\n|move|p2a: Healing|Expanding Force|p1a: Sableye|[spread] \n|-immune|p1a: Sableye\n|-immune|p1b: Dragonite\n|move|p1b: Dragonite|Earthquake|p2b: Shift|[spread] p1a,p2a,p2b\n|-supereffective|p2b: Shift\n|-damage|p1a: Sableye|57\/100\n|-damage|p2a: Healing|39\/100\n|-damage|p2b: Shift|3\/100\n|\n|upkeep\n|turn|2\n|\n|t:|1726108460\n|move|p1a: Sableye|Will-O-Wisp|p2b: Shift\n|-activate|p2b: Shift|move: Psychic Terrain\n|move|p2b: Shift|Close Combat|p1b: Dragonite\n|-supereffective|p1b: Dragonite\n|-damage|p1b: Dragonite|0 fnt\n|-unboost|p2b: Shift|def|1\n|-unboost|p2b: Shift|spd|1\n|faint|p1b: Dragonite\n|move|p2a: Healing|Dazzling Gleam|p1a: Sableye\n|-supereffective|p1a: Sableye\n|-damage|p1a: Sableye|5\/100\n|\n|upkeep\n|\n|t:|1726108463\n|switch|p1b: Gholdengo|Gholdengo, L50|100\/100\n|turn|3\n|\n|t:|1726108483\n|-terastallize|p2b: Shift|Dark\n|move|p1a: Sableye|Will-O-Wisp|p2b: Shift\n|-activate|p2b: Shift|move: Psychic Terrain\n|move|p2b: Shift|Throat Chop|p1b: Gholdengo\n|-supereffective|p1b: Gholdengo\n|-damage|p1b: Gholdengo|4\/100\n|-start|p1b: Gholdengo|Throat Chop|[silent]\n|move|p1b: Gholdengo|Make It Rain|p2b: Shift|[spread] p2a,p2b\n|-damage|p2a: Healing|0 fnt\n|-damage|p2b: Shift|0 fnt\n|-unboost|p1b: Gholdengo|spa|1\n|faint|p2a: Healing\n|faint|p2b: Shift\n|\n|upkeep\n|\n|t:|1726108494\n|switch|p2b: Cannon|Armarouge, L50, M, shiny|100\/100\n|switch|p2a: Cannon|Armarouge, L50, M, shiny|100\/100\n|turn|4\n|\n|t:|1726108507\n|move|p1a: Sableye|Will-O-Wisp|p2b: Cannon\n|-activate|p2b: Cannon|move: Psychic Terrain\n|move|p2b: Cannon|U-turn|p2a: Cannon\n|-damage|p2a: Cannon|87\/100\n|-ability|p2a: Cannon|Weak Armor|boost\n|-unboost|p2a: Cannon|def|1\n|-boost|p2a: Cannon|spe|2\n|move|p2a: Cannon|Heat Wave|p1a: Sableye|[spread] p1a,p1b\n|-supereffective|p1b: Gholdengo\n|-damage|p1a: Sableye|0 fnt\n|-damage|p1b: Gholdengo|0 fnt\n|faint|p1a: Sableye\n|faint|p1b: Gholdengo\n|\n|upkeep\n|\n|t:|1726108511\n|switch|p1a: Dondozo|Dondozo, L50, F|100\/100\n|turn|5\n|\n|t:|1726108531\n|move|p2b: Cannon|U-turn|p1a: Dondozo\n|-damage|p1a: Dondozo|92\/100\n|move|p2a: Cannon|Expanding Force|p1a: Dondozo\n|-damage|p1a: Dondozo|57\/100\n|move|p1a: Dondozo|Earthquake|p2a: Cannon|[spread] p2a,p2b\n|-supereffective|p2a: Cannon\n|-damage|p2a: Cannon|44\/100\n|-damage|p2b: Cannon|65\/100\n|-ability|p2a: Cannon|Weak Armor|boost\n|-unboost|p2a: Cannon|def|1\n|-boost|p2a: Cannon|spe|2\n|-enditem|p2a: Cannon|Weakness Policy\n|-boost|p2a: Cannon|atk|2|[from] item: Weakness Policy\n|-boost|p2a: Cannon|spa|2|[from] item: Weakness Policy\n|replace|p2b: Mystery|Zoroark-Hisui, L50, M, shiny\n|-end|p2b: Mystery|Illusion\n|\n|-sideend|p1: bieiup|move: Light Screen\n|-fieldend|move: Psychic Terrain\n|upkeep\n|turn|6\n|\n|t:|1726108551\n|move|p2a: Cannon|Stored Power|p1a: Dondozo\n|-damage|p1a: Dondozo|0 fnt\n|faint|p1a: Dondozo\n|\n|win|jwofsgo\n|raw|bieiup's rating: 1689 &rarr; <strong>1669<\/strong><br \/>(-20 for losing)\n|raw|jwofsgo's rating: 1690 &rarr; <strong>1710<\/strong><br \/>(+20 for winning)\n|l|\u2606jwofsgo\n|player|p2|\n|l|\u2606bieiup\n|player|p1|\n","uploadtime":1726108783,"views":15,"formatid":"gen9vgc2024regh","rating":1669,"private":0,"password":null}