{"id":"gen9vgc2024regh-2199590697","format":"[Gen 9] VGC 2024 Reg H","players":["zhanlinxie","kd-vgc711"],"log":"|j|\u2606zhanlinxie\n|j|\u2606kd-vgc711\n|t:|1726089184\n|gametype|doubles\n|player|p1|zhanlinxie|marley|1684\n|player|p2|kd-vgc711|169|1684\n|teamsize|p1|6\n|teamsize|p2|6\n|gen|9\n|tier|[Gen 9] VGC 2024 Reg H\n|rated|\n|rule|Species Clause: Limit one of each Pok\u00e9mon\n|rule|Item Clause: Limit 1 of each item\n|clearpoke\n|poke|p1|Meowscarada, L50, F|\n|poke|p1|Archaludon, L50, F|\n|poke|p1|Ursaluna-Bloodmoon, L50, M|\n|poke|p1|Primarina, L50, F|\n|poke|p1|Annihilape, L50, F|\n|poke|p1|Maushold-Four, L50|\n|poke|p2|Rillaboom, L50, M|\n|poke|p2|Palafin, L50, F|\n|poke|p2|Salamence, L50, F|\n|poke|p2|Kingambit, L50, M|\n|poke|p2|Volcarona, L50, M|\n|poke|p2|Primarina, L50, M|\n|teampreview|4\n|inactive|Battle timer is ON: inactive players will automatically lose when time's up. (requested by kd-vgc711)\n|\n|t:|1726089220\n|start\n|switch|p1a: Meowscarada|Meowscarada, L50, F|100\/100\n|switch|p1b: Annihilape|Annihilape, L50, F|100\/100\n|switch|p2a: Rillaboom|Rillaboom, L50, M, shiny|100\/100\n|switch|p2b: Volcarona|Volcarona, L50, M, shiny|100\/100\n|-fieldstart|move: Grassy Terrain|[from] ability: Grassy Surge|[of] p2a: Rillaboom\n|-enditem|p2b: Volcarona|Grassy Seed\n|-boost|p2b: Volcarona|def|1|[from] item: Grassy Seed\n|turn|1\n|\n|t:|1726089229\n|move|p1a: Meowscarada|Protect|p1a: Meowscarada\n|-singleturn|p1a: Meowscarada|Protect\n|move|p2a: Rillaboom|Fake Out|p1a: Meowscarada\n|-activate|p1a: Meowscarada|move: Protect\n|move|p1b: Annihilape|Final Gambit|p2b: Volcarona\n|-damage|p2b: Volcarona|0 fnt\n|faint|p1b: Annihilape\n|faint|p2b: Volcarona\n|\n|upkeep\n|inactive|zhanlinxie has 30 seconds left.\n|\n|t:|1726089254\n|switch|p2b: Kingambit|Kingambit, L50, M, shiny|100\/100\n|switch|p1b: Archaludon|Archaludon, L50, F|100\/100\n|turn|2\n|\n|t:|1726089271\n|move|p2b: Kingambit|Protect|p2b: Kingambit\n|-singleturn|p2b: Kingambit|Protect\n|move|p1a: Meowscarada|Knock Off|p2a: Rillaboom\n|-damage|p2a: Rillaboom|53\/100\n|-enditem|p2a: Rillaboom|Assault Vest|[from] move: Knock Off|[of] p1a: Meowscarada\n|move|p1b: Archaludon|Electro Shot||[still]\n|-prepare|p1b: Archaludon|Electro Shot\n|-boost|p1b: Archaludon|spa|1\n|-enditem|p1b: Archaludon|Power Herb\n|-anim|p1b: Archaludon|Electro Shot|p2a: Rillaboom\n|-resisted|p2a: Rillaboom\n|-damage|p2a: Rillaboom|12\/100\n|move|p2a: Rillaboom|U-turn|p1a: Meowscarada\n|-supereffective|p1a: Meowscarada\n|-crit|p1a: Meowscarada\n|-enditem|p1a: Meowscarada|Focus Sash\n|-damage|p1a: Meowscarada|1\/100\n|\n|t:|1726089281\n|switch|p2a: Salamence|Salamence, L50, F, shiny|100\/100|[from] U-turn\n|-ability|p2a: Salamence|Intimidate|boost\n|-unboost|p1a: Meowscarada|atk|1\n|-unboost|p1b: Archaludon|atk|1\n|\n|-heal|p1a: Meowscarada|7\/100|[from] Grassy Terrain\n|upkeep\n|turn|3\n|\n|t:|1726089303\n|switch|p1a: Primarina|Primarina, L50, F|100\/100\n|-terastallize|p2a: Salamence|Steel\n|move|p2a: Salamence|Draco Meteor|p1b: Archaludon|[miss]\n|-miss|p2a: Salamence|p1b: Archaludon\n|move|p1b: Archaludon|Draco Meteor|p2a: Salamence\n|-resisted|p2a: Salamence\n|-damage|p2a: Salamence|43\/100\n|-unboost|p1b: Archaludon|spa|2\n|move|p2b: Kingambit|Swords Dance|p2b: Kingambit\n|-boost|p2b: Kingambit|atk|2\n|\n|-heal|p2a: Salamence|49\/100|[from] Grassy Terrain\n|upkeep\n|turn|4\n|\n|t:|1726089321\n|move|p2b: Kingambit|Sucker Punch|p1b: Archaludon\n|-damage|p1b: Archaludon|24\/100\n|move|p2a: Salamence|Draco Meteor|p1b: Archaludon\n|-damage|p1b: Archaludon|0 fnt\n|-unboost|p2a: Salamence|spa|2\n|faint|p1b: Archaludon\n|move|p1a: Primarina|Haze|p1a: Primarina\n|-clearallboost\n|\n|-heal|p2a: Salamence|55\/100|[from] Grassy Terrain\n|upkeep\n|\n|t:|1726089326\n|switch|p1b: Meowscarada|Meowscarada, L50, F|7\/100\n|turn|5\n|\n|t:|1726089340\n|move|p1b: Meowscarada|Protect|p1b: Meowscarada\n|-singleturn|p1b: Meowscarada|Protect\n|move|p2b: Kingambit|Sucker Punch||[still]\n|-fail|p2b: Kingambit\n|move|p2a: Salamence|Tailwind|p2a: Salamence\n|-sidestart|p2: kd-vgc711|move: Tailwind\n|move|p1a: Primarina|Hyper Voice|p2b: Kingambit|[spread] p2a,p2b\n|-damage|p2a: Salamence|4\/100\n|-damage|p2b: Kingambit|57\/100\n|\n|-heal|p2a: Salamence|10\/100|[from] Grassy Terrain\n|-heal|p1b: Meowscarada|13\/100|[from] Grassy Terrain\n|-heal|p2b: Kingambit|63\/100|[from] Grassy Terrain\n|-fieldend|move: Grassy Terrain\n|upkeep\n|turn|6\n|\n|t:|1726089354\n|move|p2a: Salamence|Draco Meteor|p1b: Meowscarada\n|-damage|p1b: Meowscarada|0 fnt\n|-unboost|p2a: Salamence|spa|2\n|faint|p1b: Meowscarada\n|move|p2b: Kingambit|Swords Dance|p2b: Kingambit\n|-boost|p2b: Kingambit|atk|2\n|move|p1a: Primarina|Hyper Voice|p2a: Salamence|[spread] p2a,p2b\n|-damage|p2a: Salamence|0 fnt\n|-damage|p2b: Kingambit|20\/100\n|faint|p2a: Salamence\n|\n|upkeep\n|\n|t:|1726089356\n|switch|p2a: Rillaboom|Rillaboom, L50, M, shiny|12\/100\n|-fieldstart|move: Grassy Terrain|[from] ability: Grassy Surge|[of] p2a: Rillaboom\n|turn|7\n|\n|t:|1726089359\n|-terastallize|p1a: Primarina|Ghost\n|move|p2a: Rillaboom|Fake Out|p1a: Primarina\n|-immune|p1a: Primarina\n|move|p2b: Kingambit|Swords Dance|p2b: Kingambit\n|-boost|p2b: Kingambit|atk|2\n|move|p1a: Primarina|Hyper Voice|p2a: Rillaboom|[spread] p2a,p2b\n|-resisted|p2a: Rillaboom\n|-damage|p2a: Rillaboom|0 fnt\n|-damage|p2b: Kingambit|0 fnt\n|faint|p2a: Rillaboom\n|faint|p2b: Kingambit\n|\n|win|zhanlinxie\n|raw|zhanlinxie's rating: 1684 &rarr; <strong>1704<\/strong><br \/>(+20 for winning)\n|raw|kd-vgc711's rating: 1684 &rarr; <strong>1664<\/strong><br \/>(-20 for losing)\n|l|\u2606zhanlinxie\n|player|p1|\n|l|\u2606kd-vgc711\n|player|p2|\n","uploadtime":1726089560,"views":15,"formatid":"gen9vgc2024regh","rating":1664,"private":0,"password":null}