{"id":"gen9vgc2024regh-2199585536","format":"[Gen 9] VGC 2024 Reg H","players":["chin8","kd-vgc711"],"log":"|j|\u2606chin8\n|j|\u2606kd-vgc711\n|t:|1726088660\n|gametype|doubles\n|player|p1|chin8|gentleman-gen4dp|1769\n|player|p2|kd-vgc711|169|1707\n|teamsize|p1|6\n|teamsize|p2|6\n|gen|9\n|tier|[Gen 9] VGC 2024 Reg H\n|rated|\n|rule|Species Clause: Limit one of each Pok\u00e9mon\n|rule|Item Clause: Limit 1 of each item\n|clearpoke\n|poke|p1|Baxcalibur, L50, M|\n|poke|p1|Kilowattrel, L50, F|\n|poke|p1|Haxorus, L50, F|\n|poke|p1|Gardevoir, L50, F|\n|poke|p1|Magmortar, L50, F|\n|poke|p1|Gholdengo, L50|\n|poke|p2|Rillaboom, L50, M|\n|poke|p2|Palafin, L50, F|\n|poke|p2|Salamence, L50, F|\n|poke|p2|Kingambit, L50, F|\n|poke|p2|Volcarona, L50, M|\n|poke|p2|Primarina, L50, M|\n|teampreview|4\n|j| pmg9\n|j| alolaninetales92\n|j| sauromon\n|inactive|Battle timer is ON: inactive players will automatically lose when time's up. (requested by chin8)\n|\n|t:|1726088687\n|start\n|switch|p1a: Haxorus|Haxorus, L50, F, shiny|100\/100\n|switch|p1b: Kilowattrel|Kilowattrel, L50, F|100\/100\n|switch|p2a: Palafin|Palafin, L50, F, shiny|100\/100\n|switch|p2b: Kingambit|Kingambit, L50, F, shiny|100\/100\n|-ability|p1a: Haxorus|Mold Breaker\n|turn|1\n|\n|t:|1726088699\n|detailschange|p2a: Palafin|Palafin-Hero, L50, F, shiny\n|switch|p2a: Salamence|Salamence, L50, F, shiny|100\/100\n|-ability|p2a: Salamence|Intimidate|boost\n|-fail|p1a: Haxorus|unboost|[from] item: Clear Amulet|[of] p1a: Haxorus\n|-unboost|p1b: Kilowattrel|atk|1\n|-ability|p1b: Kilowattrel|Competitive|boost\n|-boost|p1b: Kilowattrel|spa|2\n|move|p2b: Kingambit|Protect|p2b: Kingambit\n|-singleturn|p2b: Kingambit|Protect\n|move|p1b: Kilowattrel|Air Slash|p2a: Salamence\n|-damage|p2a: Salamence|20\/100\n|move|p1a: Haxorus|Close Combat|p2b: Kingambit\n|-activate|p2b: Kingambit|move: Protect\n|\n|upkeep\n|turn|2\n|inactive|kd-vgc711 has 30 seconds left.\n|\n|t:|1726088733\n|-terastallize|p2b: Kingambit|Dark\n|move|p2b: Kingambit|Sucker Punch|p1b: Kilowattrel\n|-enditem|p1b: Kilowattrel|Focus Sash\n|-damage|p1b: Kilowattrel|1\/100\n|move|p1b: Kilowattrel|Thunderbolt|p2a: Salamence\n|-damage|p2a: Salamence|0 fnt\n|faint|p2a: Salamence\n|move|p1a: Haxorus|Close Combat|p2b: Kingambit\n|-supereffective|p2b: Kingambit\n|-damage|p2b: Kingambit|31\/100\n|-unboost|p1a: Haxorus|def|1\n|-unboost|p1a: Haxorus|spd|1\n|\n|upkeep\n|\n|t:|1726088740\n|switch|p2a: Palafin|Palafin-Hero, L50, F, shiny|100\/100\n|-activate|p2a: Palafin|ability: Zero to Hero\n|turn|3\n|\n|t:|1726088746\n|move|p2a: Palafin|Jet Punch|p1b: Kilowattrel\n|-damage|p1b: Kilowattrel|0 fnt\n|faint|p1b: Kilowattrel\n|move|p2b: Kingambit|Sucker Punch|p1a: Haxorus\n|-damage|p1a: Haxorus|0 fnt\n|faint|p1a: Haxorus\n|\n|upkeep\n|\n|t:|1726088750\n|switch|p1b: Gholdengo|Gholdengo, L50|100\/100\n|switch|p1a: Baxcalibur|Baxcalibur, L50, M|100\/100\n|turn|4\n|\n|t:|1726088763\n|move|p2a: Palafin|Jet Punch|p1b: Gholdengo\n|-damage|p1b: Gholdengo|51\/100\n|move|p2b: Kingambit|Sucker Punch||[still]\n|-fail|p2b: Kingambit\n|move|p1b: Gholdengo|Nasty Plot|p1b: Gholdengo\n|-boost|p1b: Gholdengo|spa|2\n|move|p1a: Baxcalibur|Icicle Crash|p2b: Kingambit\n|-damage|p2b: Kingambit|0 fnt\n|faint|p2b: Kingambit\n|\n|-heal|p1b: Gholdengo|57\/100|[from] item: Leftovers\n|upkeep\n|\n|t:|1726088768\n|switch|p2b: Primarina|Primarina, L50, M, shiny|100\/100\n|turn|5\n|\n|t:|1726088783\n|-terastallize|p1b: Gholdengo|Water\n|move|p2b: Primarina|Protect|p2b: Primarina\n|-singleturn|p2b: Primarina|Protect\n|move|p2a: Palafin|Haze|p2a: Palafin\n|-clearallboost\n|move|p1a: Baxcalibur|Glaive Rush|p2a: Palafin\n|-damage|p2a: Palafin|32\/100\n|-singlemove|p1a: Baxcalibur|Glaive Rush|[silent]\n|move|p1b: Gholdengo|Make It Rain|p2a: Palafin|[spread] p2a\n|-activate|p2b: Primarina|move: Protect\n|-resisted|p2a: Palafin\n|-damage|p2a: Palafin|7\/100\n|-unboost|p1b: Gholdengo|spa|1\n|\n|-heal|p1b: Gholdengo|63\/100|[from] item: Leftovers\n|upkeep\n|turn|6\n|\n|t:|1726088795\n|move|p1a: Baxcalibur|Ice Shard|p2a: Palafin\n|-resisted|p2a: Palafin\n|-damage|p2a: Palafin|0 fnt\n|faint|p2a: Palafin\n|move|p1b: Gholdengo|Nasty Plot|p1b: Gholdengo\n|-boost|p1b: Gholdengo|spa|2\n|move|p2b: Primarina|Moonblast|p1a: Baxcalibur\n|-supereffective|p1a: Baxcalibur\n|-damage|p1a: Baxcalibur|51\/100\n|-unboost|p1a: Baxcalibur|spa|1\n|\n|-heal|p1b: Gholdengo|70\/100|[from] item: Leftovers\n|upkeep\n|turn|7\n|\n|t:|1726088806\n|move|p1b: Gholdengo|Make It Rain|p2b: Primarina\n|-damage|p2b: Primarina|16\/100\n|-unboost|p1b: Gholdengo|spa|1\n|move|p1a: Baxcalibur|Icicle Crash|p2b: Primarina|[miss]\n|-miss|p1a: Baxcalibur|p2b: Primarina\n|move|p2b: Primarina|Hyper Voice|p1b: Gholdengo|[spread] p1a,p1b\n|-resisted|p1a: Baxcalibur\n|-resisted|p1b: Gholdengo\n|-damage|p1a: Baxcalibur|42\/100\n|-damage|p1b: Gholdengo|55\/100\n|-enditem|p2b: Primarina|Throat Spray\n|-boost|p2b: Primarina|spa|1|[from] item: Throat Spray\n|\n|-heal|p1b: Gholdengo|61\/100|[from] item: Leftovers\n|upkeep\n|turn|8\n|-message|kd-vgc711 forfeited.\n|\n|win|chin8\n|raw|chin8's rating: 1769 &rarr; <strong>1785<\/strong><br \/>(+16 for winning)\n|raw|kd-vgc711's rating: 1707 &rarr; <strong>1691<\/strong><br \/>(-16 for losing)\n|l|\u2606kd-vgc711\n|player|p2|\n|l|\u2606chin8\n|player|p1|\n|l| pmg9\n|l| alolaninetales92\n|l| sauromon\n","uploadtime":1726089002,"views":14,"formatid":"gen9vgc2024regh","rating":1691,"private":0,"password":null}