{"id":"gen9vgc2024regh-2199708350","format":"[Gen 9] VGC 2024 Reg H","players":["TwitterJasePokemon","roykeenkennedy"],"log":"|j|\u2606TwitterJasePokemon\n|j|\u2606roykeenkennedy\n|t:|1726102285\n|gametype|doubles\n|player|p1|TwitterJasePokemon|lucas|1748\n|player|p2|roykeenkennedy|alder|1742\n|teamsize|p1|6\n|teamsize|p2|6\n|gen|9\n|tier|[Gen 9] VGC 2024 Reg H\n|rated|\n|rule|Species Clause: Limit one of each Pok\u00e9mon\n|rule|Item Clause: Limit 1 of each item\n|clearpoke\n|poke|p1|Archaludon, L50, M|\n|poke|p1|Murkrow, L50, F|\n|poke|p1|Gholdengo, L50|\n|poke|p1|Arcanine-Hisui, L50, M|\n|poke|p1|Samurott-Hisui, L50, F|\n|poke|p1|Dragapult, L50, M|\n|poke|p2|Salamence, L50, M|\n|poke|p2|Incineroar, L50, M|\n|poke|p2|Weezing, L50, M|\n|poke|p2|Dragapult, L50, M|\n|poke|p2|Gyarados, L50, F|\n|poke|p2|Ursaluna-Bloodmoon, L50, M|\n|teampreview|4\n|inactive|Battle timer is ON: inactive players will automatically lose when time's up. (requested by TwitterJasePokemon)\n|\n|t:|1726102302\n|start\n|switch|p1a: Dragapult|Dragapult, L50, M|100\/100\n|switch|p1b: Murkrow|Murkrow, L50, F|100\/100\n|switch|p2a: Salamence|Salamence, L50, M|100\/100\n|switch|p2b: Weezing|Weezing, L50, M|100\/100\n|-ability|p2b: Weezing|Neutralizing Gas\n|turn|1\n|j| THUNDERSND77\n|\n|t:|1726102324\n|-terastallize|p2a: Salamence|Steel\n|move|p2a: Salamence|Breaking Swipe|p1b: Murkrow|[spread] p1a,p1b\n|-supereffective|p1a: Dragapult\n|-damage|p1a: Dragapult|27\/100\n|-damage|p1b: Murkrow|79\/100\n|-unboost|p1a: Dragapult|atk|1\n|-unboost|p1b: Murkrow|atk|1\n|move|p1a: Dragapult|Dragon Darts|p2b: Weezing\n|-damage|p2b: Weezing|76\/100\n|-anim|p1a: Dragapult|Dragon Darts|p2a: Salamence\n|-resisted|p2a: Salamence\n|-damage|p2a: Salamence|84\/100\n|move|p1b: Murkrow|Tailwind|p1b: Murkrow\n|-sidestart|p1: TwitterJasePokemon|move: Tailwind\n|move|p2b: Weezing|Sludge Bomb|p1b: Murkrow\n|-damage|p1b: Murkrow|41\/100\n|\n|-heal|p2b: Weezing|82\/100|[from] item: Leftovers\n|upkeep\n|turn|2\n|\n|t:|1726102349\n|-end|p2b: Weezing|ability: Neutralizing Gas\n|switch|p2b: Ursaluna|Ursaluna-Bloodmoon, L50, M|100\/100\n|move|p1a: Dragapult|Dragon Darts|p2b: Ursaluna\n|-damage|p2b: Ursaluna|78\/100\n|-anim|p1a: Dragapult|Dragon Darts|p2a: Salamence\n|-resisted|p2a: Salamence\n|-damage|p2a: Salamence|67\/100\n|move|p2a: Salamence|Breaking Swipe|p1a: Dragapult|[spread] p1a,p1b\n|-supereffective|p1a: Dragapult\n|-damage|p1a: Dragapult|0 fnt\n|-damage|p1b: Murkrow|20\/100\n|-unboost|p1b: Murkrow|atk|1\n|faint|p1a: Dragapult\n|-ability|p2a: Salamence|Moxie|boost\n|-boost|p2a: Salamence|atk|1\n|move|p1b: Murkrow|Foul Play|p2a: Salamence\n|-damage|p2a: Salamence|0 fnt\n|faint|p2a: Salamence\n|\n|upkeep\n|\n|t:|1726102370\n|switch|p1a: Archaludon|Archaludon, L50, M|100\/100\n|switch|p2a: Weezing|Weezing, L50, M|82\/100\n|-ability|p2a: Weezing|Neutralizing Gas\n|turn|3\n|inactive|roykeenkennedy has 30 seconds left.\n|\n|t:|1726102402\n|move|p2a: Weezing|Protect|p2a: Weezing\n|-singleturn|p2a: Weezing|Protect\n|move|p1a: Archaludon|Draco Meteor|p2b: Ursaluna\n|-damage|p2b: Ursaluna|21\/100\n|-unboost|p1a: Archaludon|spa|2\n|move|p1b: Murkrow|Foul Play|p2b: Ursaluna\n|-damage|p2b: Ursaluna|6\/100\n|move|p2b: Ursaluna|Earth Power|p1a: Archaludon\n|-supereffective|p1a: Archaludon\n|-damage|p1a: Archaludon|0 fnt\n|faint|p1a: Archaludon\n|\n|-heal|p2a: Weezing|89\/100|[from] item: Leftovers\n|upkeep\n|\n|t:|1726102412\n|switch|p1a: Arcanine|Arcanine-Hisui, L50, M|100\/100\n|turn|4\n|\n|t:|1726102426\n|move|p1a: Arcanine|Extreme Speed|p2b: Ursaluna\n|-damage|p2b: Ursaluna|0 fnt\n|faint|p2b: Ursaluna\n|move|p1b: Murkrow|Foul Play|p2a: Weezing\n|-damage|p2a: Weezing|68\/100\n|move|p2a: Weezing|Sludge Bomb|p1b: Murkrow\n|-damage|p1b: Murkrow|0 fnt\n|faint|p1b: Murkrow\n|\n|-heal|p2a: Weezing|74\/100|[from] item: Leftovers\n|-sideend|p1: TwitterJasePokemon|move: Tailwind\n|upkeep\n|\n|t:|1726102440\n|switch|p2b: Dragapult|Dragapult, L50, M|100\/100\n|turn|5\n|\n|t:|1726102452\n|move|p2b: Dragapult|Outrage|p1a: Arcanine\n|-enditem|p1a: Arcanine|Focus Sash\n|-damage|p1a: Arcanine|1\/100\n|move|p1a: Arcanine|Head Smash|p2a: Weezing\n|-damage|p2a: Weezing|9\/100\n|-damage|p1a: Arcanine|0 fnt|[from] Recoil\n|faint|p1a: Arcanine\n|\n|win|roykeenkennedy\n|raw|TwitterJasePokemon's rating: 1748 &rarr; <strong>1728<\/strong><br \/>(-20 for losing)\n|raw|roykeenkennedy's rating: 1742 &rarr; <strong>1762<\/strong><br \/>(+20 for winning)\n|l| THUNDERSND77\n|l|\u2606TwitterJasePokemon\n|player|p1|\n|l|\u2606roykeenkennedy\n|player|p2|\n","uploadtime":1726102677,"views":37,"formatid":"gen9vgc2024regh","rating":1728,"private":0,"password":null}