{"id":"gen9vgc2024regh-2199983086","format":"[Gen 9] VGC 2024 Reg H","players":["htotoT","ketoconazol"],"log":"|j|\u2606htotoT\n|j|\u2606ketoconazol\n|t:|1726142978\n|gametype|doubles\n|player|p1|htotoT|bruno|1721\n|player|p2|ketoconazol|266|1751\n|teamsize|p1|6\n|teamsize|p2|6\n|gen|9\n|tier|[Gen 9] VGC 2024 Reg H\n|rated|\n|rule|Species Clause: Limit one of each Pok\u00e9mon\n|rule|Item Clause: Limit 1 of each item\n|clearpoke\n|poke|p1|Klefki, L50, F|\n|poke|p1|Ursaluna-Bloodmoon, L50, M|\n|poke|p1|Amoonguss, L50, M|\n|poke|p1|Annihilape, L50, F|\n|poke|p1|Maushold, L50|\n|poke|p1|Kingambit, L50, M|\n|poke|p2|Murkrow, L50, F|\n|poke|p2|Indeedee, L50, M|\n|poke|p2|Archaludon, L50, M|\n|poke|p2|Sneasler, L50, M|\n|poke|p2|Basculegion, L50, M|\n|poke|p2|Delphox, L50, F|\n|teampreview|4\n|inactive|Battle timer is ON: inactive players will automatically lose when time's up. (requested by ketoconazol)\n|inactive|htotoT also wants the timer to be on.\n|j| ollcat\n|j| DSpydr84\n|c| ollcat|\u6885\u5f00\u4e8c\u5ea6\n|inactive|htotoT has 60 seconds left.\n|\n|t:|1726143013\n|start\n|switch|p1a: Amoonguss|Amoonguss, L50, M, shiny|100\/100\n|switch|p1b: Klefki|Klefki, L50, F|100\/100\n|switch|p2a: Indeedee|Indeedee, L50, M|100\/100\n|switch|p2b: Archaludon|Archaludon, L50, M|100\/100\n|-fieldstart|move: Psychic Terrain|[from] ability: Psychic Surge|[of] p2a: Indeedee\n|turn|1\n|\n|t:|1726143026\n|-terastallize|p2b: Archaludon|Stellar\n|-terastallize|p1a: Amoonguss|Dark\n|move|p1b: Klefki|Light Screen|p1b: Klefki\n|-sidestart|p1: htotoT|move: Light Screen\n|move|p2a: Indeedee|Expanding Force|p1b: Klefki|[spread] p1b\n|-immune|p1a: Amoonguss\n|-resisted|p1b: Klefki\n|-damage|p1b: Klefki|82\/100\n|move|p2b: Archaludon|Electro Shot||[still]\n|-prepare|p2b: Archaludon|Electro Shot\n|-boost|p2b: Archaludon|spa|1\n|-enditem|p2b: Archaludon|Power Herb\n|-anim|p2b: Archaludon|Electro Shot|p1a: Amoonguss\n|-damage|p1a: Amoonguss|60\/100\n|move|p1a: Amoonguss|Spore|p2b: Archaludon\n|-status|p2b: Archaludon|slp|[from] move: Spore\n|\n|upkeep\n|turn|2\n|\n|t:|1726143048\n|switch|p1b: Ursaluna|Ursaluna-Bloodmoon, L50, M|100\/100\n|move|p2a: Indeedee|Tera Blast|p1a: Amoonguss\n|-damage|p1a: Amoonguss|40\/100\n|cant|p2b: Archaludon|slp\n|move|p1a: Amoonguss|Spore|p2a: Indeedee\n|-status|p2a: Indeedee|slp|[from] move: Spore\n|\n|upkeep\n|turn|3\n|\n|t:|1726143064\n|switch|p1a: Klefki|Klefki, L50, F|82\/100\n|cant|p2a: Indeedee|slp\n|cant|p2b: Archaludon|slp\n|move|p1b: Ursaluna|Earth Power|p2b: Archaludon\n|-supereffective|p2b: Archaludon\n|-ability|p2b: Archaludon|Sturdy\n|-damage|p2b: Archaludon|1\/100 slp\n|\n|upkeep\n|turn|4\n|\n|t:|1726143080\n|-curestatus|p2b: Archaludon|slp|[msg]\n|move|p2b: Archaludon|Protect|p2b: Archaludon\n|-singleturn|p2b: Archaludon|Protect\n|-curestatus|p2a: Indeedee|slp|[msg]\n|move|p2a: Indeedee|Expanding Force|p1a: Klefki|[spread] p1a,p1b\n|-resisted|p1a: Klefki\n|-damage|p1a: Klefki|65\/100\n|-damage|p1b: Ursaluna|73\/100\n|move|p1a: Klefki|Foul Play|p2b: Archaludon\n|-activate|p2b: Archaludon|move: Protect\n|move|p1b: Ursaluna|Blood Moon|p2a: Indeedee\n|-enditem|p2a: Indeedee|Focus Sash\n|-damage|p2a: Indeedee|1\/100\n|\n|upkeep\n|turn|5\n|\n|t:|1726143105\n|switch|p2a: Sneasler|Sneasler, L50, M|100\/100\n|-enditem|p2a: Sneasler|Psychic Seed\n|-boost|p2a: Sneasler|spd|1|[from] item: Psychic Seed\n|move|p2b: Archaludon|Draco Meteor|p1b: Ursaluna\n|-damage|p1b: Ursaluna|3\/100\n|-unboost|p2b: Archaludon|spa|2\n|move|p1a: Klefki|Foul Play|p2b: Archaludon\n|-damage|p2b: Archaludon|0 fnt\n|faint|p2b: Archaludon\n|move|p1b: Ursaluna|Hyper Voice|p2a: Sneasler\n|-damage|p2a: Sneasler|50\/100\n|\n|-fieldend|move: Psychic Terrain\n|upkeep\n|\n|t:|1726143118\n|switch|p2b: Indeedee|Indeedee, L50, M|1\/100\n|-fieldstart|move: Psychic Terrain|[from] ability: Psychic Surge|[of] p2b: Indeedee\n|turn|6\n|inactive|ketoconazol has 30 seconds left.\n|inactive|htotoT has 30 seconds left.\n|\n|t:|1726143155\n|move|p1a: Klefki|Reflect|p1a: Klefki\n|-sidestart|p1: htotoT|Reflect\n|move|p2a: Sneasler|Close Combat|p1a: Klefki\n|-damage|p1a: Klefki|18\/100\n|-unboost|p2a: Sneasler|def|1\n|-unboost|p2a: Sneasler|spd|1\n|move|p2b: Indeedee|Expanding Force|p1a: Klefki|[spread] p1a,p1b\n|-resisted|p1a: Klefki\n|-damage|p1a: Klefki|1\/100\n|-damage|p1b: Ursaluna|0 fnt\n|faint|p1b: Ursaluna\n|\n|upkeep\n|\n|t:|1726143175\n|switch|p1b: Amoonguss|Amoonguss, L50, M, shiny, tera:Dark|73\/100\n|turn|7\n|\n|t:|1726143186\n|move|p2a: Sneasler|Protect|p2a: Sneasler\n|-singleturn|p2a: Sneasler|Protect\n|move|p2b: Indeedee|Tera Blast|p1b: Amoonguss\n|-crit|p1b: Amoonguss\n|-damage|p1b: Amoonguss|28\/100\n|move|p1a: Klefki|Foul Play|p2a: Sneasler\n|-activate|p2a: Sneasler|move: Protect\n|move|p1b: Amoonguss|Spore|p2b: Indeedee\n|-status|p2b: Indeedee|slp|[from] move: Spore\n|\n|upkeep\n|turn|8\n|\n|t:|1726143202\n|switch|p2b: Delphox|Delphox, L50, F|100\/100\n|move|p1b: Amoonguss|Protect|p1b: Amoonguss\n|-singleturn|p1b: Amoonguss|Protect\n|move|p2a: Sneasler|Close Combat|p1b: Amoonguss\n|-activate|p1b: Amoonguss|move: Protect\n|move|p1a: Klefki|Foul Play|p2a: Sneasler\n|-resisted|p2a: Sneasler\n|-damage|p2a: Sneasler|6\/100\n|\n|-sideend|p1: htotoT|move: Light Screen\n|upkeep\n|turn|9\n|\n|t:|1726143223\n|switch|p1b: Annihilape|Annihilape, L50, F|100\/100\n|move|p2a: Sneasler|Close Combat|p1b: Annihilape\n|-immune|p1b: Annihilape\n|move|p2b: Delphox|Expanding Force|p1b: Annihilape|[spread] p1a,p1b\n|-resisted|p1a: Klefki\n|-supereffective|p1b: Annihilape\n|-damage|p1a: Klefki|0 fnt\n|-damage|p1b: Annihilape|0 fnt\n|faint|p1a: Klefki\n|faint|p1b: Annihilape\n|\n|upkeep\n|\n|t:|1726143232\n|switch|p1b: Amoonguss|Amoonguss, L50, M, shiny, tera:Dark|61\/100\n|turn|10\n|\n|t:|1726143239\n|switch|p2b: Indeedee|Indeedee, L50, M|1\/100 slp\n|move|p2a: Sneasler|Protect|p2a: Sneasler\n|-singleturn|p2a: Sneasler|Protect\n|move|p1b: Amoonguss|Clear Smog|p2a: Sneasler\n|-activate|p2a: Sneasler|move: Protect\n|\n|-fieldend|move: Psychic Terrain\n|upkeep\n|turn|11\n|j| Millamojake\n|\n|t:|1726143251\n|move|p2a: Sneasler|Close Combat|p1b: Amoonguss\n|-supereffective|p1b: Amoonguss\n|-damage|p1b: Amoonguss|0 fnt\n|-unboost|p2a: Sneasler|def|1\n|-unboost|p2a: Sneasler|spd|1\n|faint|p1b: Amoonguss\n|\n|win|ketoconazol\n|raw|htotoT's rating: 1721 &rarr; <strong>1703<\/strong><br \/>(-18 for losing)\n|raw|ketoconazol's rating: 1751 &rarr; <strong>1769<\/strong><br \/>(+18 for winning)\n|l|\u2606htotoT\n|player|p1|\n|l|\u2606ketoconazol\n|player|p2|\n|l| DSpydr84\n|l| ollcat\n|l| Millamojake\n","uploadtime":1726143409,"views":36,"formatid":"gen9vgc2024regh","rating":1703,"private":0,"password":null}