{"id":"gen9vgc2024regh-2199792330","format":"[Gen 9] VGC 2024 Reg H","players":["fangame10","bieiup"],"log":"|j|\u2606fangame10\n|j|\u2606bieiup\n|t:|1726112286\n|gametype|doubles\n|player|p1|fangame10|red|1749\n|player|p2|bieiup|lillie-z|1738\n|teamsize|p1|6\n|teamsize|p2|6\n|gen|9\n|tier|[Gen 9] VGC 2024 Reg H\n|rated|\n|rule|Species Clause: Limit one of each Pok\u00e9mon\n|rule|Item Clause: Limit 1 of each item\n|clearpoke\n|poke|p1|Baxcalibur, L50, F|\n|poke|p1|Ninetales-Alola, L50, F|\n|poke|p1|Milotic, L50, M|\n|poke|p1|Skeledirge, L50, F|\n|poke|p1|Rillaboom, L50, M|\n|poke|p1|Sneasler, L50, M|\n|poke|p2|Sableye, L50, M|\n|poke|p2|Dondozo, L50, M|\n|poke|p2|Sylveon, L50, F|\n|poke|p2|Dragonite, L50, M|\n|poke|p2|Gholdengo, L50|\n|poke|p2|Ursaluna-Bloodmoon, L50, M|\n|teampreview|4\n|inactive|Battle timer is ON: inactive players will automatically lose when time's up. (requested by fangame10)\n|c|\u2606bieiup|sick team\n|j| asymposium\n|j| Chysial\n|c|\u2606fangame10|thanks!\n|c|\u2606fangame10|It's hard to run snow this regulation\n|inactive|fangame10 has 60 seconds left.\n|inactive|bieiup has 60 seconds left.\n|c| asymposium|why\n|c|\u2606fangame10|gholdengo right there\n|inactive|fangame10 has 30 seconds left.\n|inactive|bieiup has 30 seconds left.\n|c|\u2606bieiup|I don't say the snow, i Mean  Milotic \/ Skeledirge  terrible sick\n|c| asymposium|true\n|inactive|fangame10 has 20 seconds left.\n|inactive|bieiup has 20 seconds left.\n|inactive|bieiup has 15 seconds left.\n|l| asymposium\n|inactive|bieiup has 10 seconds left.\n|\n|t:|1726112369\n|start\n|switch|p1a: Milotic|Milotic, L50, M, shiny|100\/100\n|switch|p1b: Rillaboom|Rillaboom, L50, M, shiny|100\/100\n|switch|p2a: Sableye|Sableye, L50, M|100\/100\n|switch|p2b: Sylveon|Sylveon, L50, F|100\/100\n|-fieldstart|move: Grassy Terrain|[from] ability: Grassy Surge|[of] p1b: Rillaboom\n|turn|1\n|c|\u2606fangame10|oh the dirge milotic combo yeh\n|c|\u2606fangame10|it's a weird one\n|j| mr pogostick\n|\n|t:|1726112390\n|switch|p1b: Skeledirge|Skeledirge, L50, F|100\/100\n|move|p2b: Sylveon|Protect|p2b: Sylveon\n|-singleturn|p2b: Sylveon|Protect\n|move|p2a: Sableye|Will-O-Wisp|p1b: Skeledirge\n|-immune|p1b: Skeledirge\n|move|p1a: Milotic|Hypnosis|p2b: Sylveon\n|-activate|p2b: Sylveon|move: Protect\n|\n|upkeep\n|turn|2\n|j| BreadTest\n|inactive|bieiup has 30 seconds left.\n|inactive|fangame10 has 30 seconds left.\n|inactive|bieiup has 20 seconds left.\n|\n|t:|1726112428\n|move|p2a: Sableye|Light Screen|p2a: Sableye\n|-sidestart|p2: bieiup|move: Light Screen\n|move|p1a: Milotic|Hypnosis|p2a: Sableye\n|-status|p2a: Sableye|slp|[from] move: Hypnosis\n|move|p1b: Skeledirge|Torch Song|p2b: Sylveon\n|-damage|p2b: Sylveon|83\/100\n|-boost|p1b: Skeledirge|spa|1\n|move|p2b: Sylveon|Hyper Voice|p1b: Skeledirge|[spread] p1a,p1b\n|-crit|p1a: Milotic\n|-resisted|p1b: Skeledirge\n|-damage|p1a: Milotic|65\/100\n|-damage|p1b: Skeledirge|82\/100\n|-enditem|p2b: Sylveon|Throat Spray\n|-boost|p2b: Sylveon|spa|1|[from] item: Throat Spray\n|\n|-heal|p1a: Milotic|71\/100|[from] Grassy Terrain\n|-heal|p1b: Skeledirge|88\/100|[from] Grassy Terrain\n|-heal|p1b: Skeledirge|94\/100|[from] item: Leftovers\n|-heal|p2b: Sylveon|89\/100|[from] Grassy Terrain\n|upkeep\n|turn|3\n|l| BreadTest\n|j| BreadTest\n|j| BlindMagneton\n|c|\u2606bieiup|Hypnosis is really 60 % accuary ?????\n|c|\u2606fangame10|yea\n|inactive|bieiup has 30 seconds left.\n|\n|t:|1726112458\n|cant|p2a: Sableye|slp\n|move|p1a: Milotic|Coil|p1a: Milotic\n|-boost|p1a: Milotic|atk|1\n|-boost|p1a: Milotic|def|1\n|-boost|p1a: Milotic|accuracy|1\n|move|p1b: Skeledirge|Torch Song|p2a: Sableye\n|-damage|p2a: Sableye|40\/100 slp\n|-boost|p1b: Skeledirge|spa|1\n|move|p2b: Sylveon|Hyper Voice|p1a: Milotic|[spread] p1a,p1b\n|-resisted|p1b: Skeledirge\n|-damage|p1a: Milotic|33\/100\n|-damage|p1b: Skeledirge|72\/100\n|-enditem|p1a: Milotic|Sitrus Berry|[eat]\n|-heal|p1a: Milotic|58\/100|[from] item: Sitrus Berry\n|\n|-heal|p1a: Milotic|64\/100|[from] Grassy Terrain\n|-heal|p2a: Sableye|46\/100 slp|[from] Grassy Terrain\n|-heal|p1b: Skeledirge|78\/100|[from] Grassy Terrain\n|-heal|p1b: Skeledirge|84\/100|[from] item: Leftovers\n|-heal|p2b: Sylveon|95\/100|[from] Grassy Terrain\n|upkeep\n|turn|4\n|\n|t:|1726112467\n|cant|p2a: Sableye|slp\n|move|p1a: Milotic|Hypnosis|p2b: Sylveon\n|-status|p2b: Sylveon|slp|[from] move: Hypnosis\n|move|p1b: Skeledirge|Torch Song|p2a: Sableye\n|-damage|p2a: Sableye|0 fnt\n|-boost|p1b: Skeledirge|spa|1\n|faint|p2a: Sableye\n|cant|p2b: Sylveon|slp\n|\n|-heal|p1a: Milotic|70\/100|[from] Grassy Terrain\n|-heal|p1b: Skeledirge|90\/100|[from] Grassy Terrain\n|-heal|p1b: Skeledirge|96\/100|[from] item: Leftovers\n|-heal|p2b: Sylveon|100\/100 slp|[from] Grassy Terrain\n|upkeep\n|\n|t:|1726112472\n|switch|p2a: Dondozo|Dondozo, L50, M|100\/100\n|turn|5\n|\n|t:|1726112482\n|-terastallize|p1b: Skeledirge|Dark\n|move|p1a: Milotic|Hypnosis|p2a: Dondozo\n|-status|p2a: Dondozo|slp|[from] move: Hypnosis\n|-enditem|p2a: Dondozo|Chesto Berry|[eat]\n|-curestatus|p2a: Dondozo|slp|[msg]\n|move|p1b: Skeledirge|Shadow Ball|p2a: Dondozo\n|-damage|p2a: Dondozo|83\/100\n|cant|p2b: Sylveon|slp\n|move|p2a: Dondozo|Fissure|p1a: Milotic|[miss]\n|-miss|p2a: Dondozo|p1a: Milotic\n|\n|-heal|p1a: Milotic|76\/100|[from] Grassy Terrain\n|-heal|p1b: Skeledirge|100\/100|[from] Grassy Terrain\n|-heal|p2a: Dondozo|89\/100|[from] Grassy Terrain\n|-fieldend|move: Grassy Terrain\n|upkeep\n|turn|6\n|\n|t:|1726112500\n|move|p1a: Milotic|Hypnosis|p2a: Dondozo\n|-status|p2a: Dondozo|slp|[from] move: Hypnosis\n|move|p1b: Skeledirge|Torch Song|p2b: Sylveon\n|-damage|p2b: Sylveon|58\/100 slp\n|-boost|p1b: Skeledirge|spa|1\n|cant|p2b: Sylveon|slp\n|cant|p2a: Dondozo|slp\n|\n|-sideend|p2: bieiup|move: Light Screen\n|upkeep\n|turn|7\n|\n|t:|1726112510\n|-terastallize|p2b: Sylveon|Fire\n|move|p1a: Milotic|Coil|p1a: Milotic\n|-boost|p1a: Milotic|atk|1\n|-boost|p1a: Milotic|def|1\n|-boost|p1a: Milotic|accuracy|1\n|move|p1b: Skeledirge|Torch Song|p2b: Sylveon\n|-resisted|p2b: Sylveon\n|-damage|p2b: Sylveon|16\/100 slp\n|-boost|p1b: Skeledirge|spa|1\n|-curestatus|p2b: Sylveon|slp|[msg]\n|move|p2b: Sylveon|Hyper Voice|p1b: Skeledirge|[spread] p1a,p1b\n|-supereffective|p1b: Skeledirge\n|-damage|p1a: Milotic|38\/100\n|-damage|p1b: Skeledirge|18\/100\n|-curestatus|p2a: Dondozo|slp|[msg]\n|move|p2a: Dondozo|Fissure|p1a: Milotic\n|-damage|p1a: Milotic|0 fnt\n|faint|p1a: Milotic\n|-ohko\n|\n|-heal|p1b: Skeledirge|24\/100|[from] item: Leftovers\n|upkeep\n|\n|t:|1726112517\n|switch|p1a: Rillaboom|Rillaboom, L50, M, shiny|100\/100\n|-fieldstart|move: Grassy Terrain|[from] ability: Grassy Surge|[of] p1a: Rillaboom\n|turn|8\n|c| Chysial|3turn sleep\n|\n|t:|1726112526\n|switch|p2a: Dragonite|Dragonite, L50, M|100\/100\n|move|p2b: Sylveon|Protect|p2b: Sylveon\n|-singleturn|p2b: Sylveon|Protect\n|move|p1a: Rillaboom|Wood Hammer|p2a: Dragonite\n|-resisted|p2a: Dragonite\n|-damage|p2a: Dragonite|91\/100\n|-damage|p1a: Rillaboom|98\/100|[from] Recoil\n|move|p1b: Skeledirge|Shadow Ball|p2b: Sylveon\n|-activate|p2b: Sylveon|move: Protect\n|\n|-heal|p1a: Rillaboom|100\/100|[from] Grassy Terrain\n|-heal|p1b: Skeledirge|30\/100|[from] Grassy Terrain\n|-heal|p1b: Skeledirge|35\/100|[from] item: Leftovers\n|-heal|p2b: Sylveon|22\/100|[from] Grassy Terrain\n|upkeep\n|turn|9\n|inactive|bieiup has 30 seconds left.\n|\n|t:|1726112554\n|move|p2a: Dragonite|Extreme Speed|p1b: Skeledirge\n|-damage|p1b: Skeledirge|7\/100\n|move|p1a: Rillaboom|Wood Hammer|p2b: Sylveon\n|-resisted|p2b: Sylveon\n|-damage|p2b: Sylveon|0 fnt\n|faint|p2b: Sylveon\n|-damage|p1a: Rillaboom|93\/100|[from] Recoil\n|move|p1b: Skeledirge|Shadow Ball|p2a: Dragonite\n|-damage|p2a: Dragonite|9\/100\n|-unboost|p2a: Dragonite|spd|1\n|\n|-heal|p1a: Rillaboom|99\/100|[from] Grassy Terrain\n|-heal|p1b: Skeledirge|13\/100|[from] Grassy Terrain\n|-heal|p1b: Skeledirge|18\/100|[from] item: Leftovers\n|upkeep\n|\n|t:|1726112557\n|switch|p2b: Dondozo|Dondozo, L50, M|89\/100\n|turn|10\n|\n|t:|1726112569\n|move|p1a: Rillaboom|Wood Hammer|p2b: Dondozo\n|-supereffective|p2b: Dondozo\n|-damage|p2b: Dondozo|0 fnt\n|faint|p2b: Dondozo\n|-damage|p1a: Rillaboom|62\/100|[from] Recoil\n|move|p2a: Dragonite|Aerial Ace|p1a: Rillaboom\n|-supereffective|p1a: Rillaboom\n|-crit|p1a: Rillaboom\n|-damage|p1a: Rillaboom|0 fnt\n|faint|p1a: Rillaboom\n|move|p1b: Skeledirge|Shadow Ball|p2a: Dragonite\n|-damage|p2a: Dragonite|0 fnt\n|faint|p2a: Dragonite\n|\n|win|fangame10\n|raw|fangame10's rating: 1749 &rarr; <strong>1768<\/strong><br \/>(+19 for winning)\n|raw|bieiup's rating: 1738 &rarr; <strong>1719<\/strong><br \/>(-19 for losing)\n|l|\u2606bieiup\n|player|p2|\n|c|\u2606fangame10|gg\n|l| mr pogostick\n","uploadtime":1726112589,"views":80,"formatid":"gen9vgc2024regh","rating":1719,"private":0,"password":null}