{"id":"gen9vgc2024regh-2199186297","format":"[Gen 9] VGC 2024 Reg H","players":["reg g rock","Vouldoon"],"log":"|j|\u2606reg g rock\n|j|\u2606Vouldoon\n|t:|1726048794\n|gametype|doubles\n|player|p1|reg g rock|grusha|1732\n|player|p2|Vouldoon|101|1639\n|teamsize|p1|6\n|teamsize|p2|6\n|gen|9\n|tier|[Gen 9] VGC 2024 Reg H\n|rated|\n|rule|Species Clause: Limit one of each Pok\u00e9mon\n|rule|Item Clause: Limit 1 of each item\n|clearpoke\n|poke|p1|Gholdengo, L50|\n|poke|p1|Perrserker, L50, F|\n|poke|p1|Talonflame, L50, F|\n|poke|p1|Electabuzz, L50, F|\n|poke|p1|Hydreigon, L50, M|\n|poke|p1|Tauros-Paldea-Aqua, L50, M|\n|poke|p2|Whimsicott, L50, M|\n|poke|p2|Blastoise, L50, M|\n|poke|p2|Arcanine-Hisui, L50, M|\n|poke|p2|Gholdengo, L50|\n|poke|p2|Dragonite, L50, M|\n|poke|p2|Annihilape, L50, F|\n|teampreview|4\n|inactive|Battle timer is ON: inactive players will automatically lose when time's up. (requested by reg g rock)\n|inactive|reg g rock has 60 seconds left.\n|inactive|Vouldoon has 60 seconds left.\n|\n|t:|1726048854\n|start\n|switch|p1a: Tauros|Tauros-Paldea-Aqua, L50, M|100\/100\n|switch|p1b: Talonflame|Talonflame, L50, F|100\/100\n|switch|p2a: Arcanine|Arcanine-Hisui, L50, M|100\/100\n|switch|p2b: Annihilape|Annihilape, L50, F|100\/100\n|-ability|p2a: Arcanine|Intimidate|boost\n|-unboost|p1a: Tauros|atk|1\n|-unboost|p1b: Talonflame|atk|1\n|-ability|p1a: Tauros|Intimidate|boost\n|-fail|p2a: Arcanine|unboost|[from] item: Clear Amulet|[of] p2a: Arcanine\n|-unboost|p2b: Annihilape|atk|1\n|-ability|p2b: Annihilape|Defiant|boost\n|-boost|p2b: Annihilape|atk|2\n|-enditem|p1a: Tauros|Mirror Herb\n|-boost|p1a: Tauros|atk|2|[from] item: Mirror Herb\n|turn|1\n|\n|t:|1726048878\n|-terastallize|p2a: Arcanine|Grass\n|move|p1b: Talonflame|Tailwind|p1b: Talonflame\n|-sidestart|p1: reg g rock|move: Tailwind\n|move|p1a: Tauros|Wave Crash|p2a: Arcanine\n|-resisted|p2a: Arcanine\n|-damage|p2a: Arcanine|45\/100\n|-damage|p1a: Tauros|81\/100|[from] Recoil\n|move|p2b: Annihilape|Close Combat|p1a: Tauros\n|-damage|p1a: Tauros|10\/100\n|-unboost|p2b: Annihilape|def|1\n|-unboost|p2b: Annihilape|spd|1\n|move|p2a: Arcanine|Rock Slide|p1b: Talonflame|[spread] p1a,p1b\n|-resisted|p1a: Tauros\n|-supereffective|p1b: Talonflame\n|-damage|p1a: Tauros|0 fnt\n|-damage|p1b: Talonflame|0 fnt\n|faint|p1a: Tauros\n|faint|p1b: Talonflame\n|\n|upkeep\n|\n|t:|1726048885\n|switch|p1b: Gholdengo|Gholdengo, L50|100\/100\n|switch|p1a: Hydreigon|Hydreigon, L50, M|100\/100\n|turn|2\n|\n|t:|1726048903\n|-terastallize|p1a: Hydreigon|Fairy\n|move|p2a: Arcanine|Protect|p2a: Arcanine\n|-singleturn|p2a: Arcanine|Protect\n|move|p1a: Hydreigon|Draco Meteor|p2a: Arcanine\n|-activate|p2a: Arcanine|move: Protect\n|move|p1b: Gholdengo|Nasty Plot|p1b: Gholdengo\n|-boost|p1b: Gholdengo|spa|2\n|move|p2b: Annihilape|Close Combat|p1a: Hydreigon\n|-resisted|p1a: Hydreigon\n|-damage|p1a: Hydreigon|60\/100\n|-unboost|p2b: Annihilape|def|1\n|-unboost|p2b: Annihilape|spd|1\n|\n|upkeep\n|turn|3\n|\n|t:|1726048918\n|move|p1a: Hydreigon|Focus Energy|p1a: Hydreigon\n|-start|p1a: Hydreigon|move: Focus Energy\n|move|p1b: Gholdengo|Make It Rain|p2b: Annihilape|[spread] p2a,p2b\n|-damage|p2a: Arcanine|0 fnt\n|-damage|p2b: Annihilape|0 fnt\n|-unboost|p1b: Gholdengo|spa|1\n|faint|p2a: Arcanine\n|faint|p2b: Annihilape\n|-damage|p1b: Gholdengo|91\/100|[from] item: Life Orb\n|\n|upkeep\n|\n|t:|1726048923\n|switch|p2a: Dragonite|Dragonite, L50, M|100\/100\n|switch|p2b: Whimsicott|Whimsicott, L50, M|100\/100\n|turn|4\n|\n|t:|1726048933\n|move|p2b: Whimsicott|Encore|p1a: Hydreigon\n|-start|p1a: Hydreigon|Encore\n|move|p1a: Hydreigon|Focus Energy||[still]\n|-fail|p1a: Hydreigon\n|move|p1b: Gholdengo|Make It Rain|p2a: Dragonite|[spread] p2a,p2b\n|-supereffective|p2b: Whimsicott\n|-damage|p2a: Dragonite|17\/100\n|-damage|p2b: Whimsicott|0 fnt\n|-unboost|p1b: Gholdengo|spa|1\n|faint|p2b: Whimsicott\n|-damage|p1b: Gholdengo|82\/100|[from] item: Life Orb\n|move|p2a: Dragonite|Stomping Tantrum|p1b: Gholdengo\n|-supereffective|p1b: Gholdengo\n|-damage|p1b: Gholdengo|0 fnt\n|faint|p1b: Gholdengo\n|-damage|p2a: Dragonite|7\/100|[from] item: Life Orb\n|\n|-sideend|p1: reg g rock|move: Tailwind\n|upkeep\n|turn|5\n|-message|reg g rock forfeited.\n|\n|win|Vouldoon\n|raw|reg g rock's rating: 1732 &rarr; <strong>1707<\/strong><br \/>(-25 for losing)\n|raw|Vouldoon's rating: 1639 &rarr; <strong>1664<\/strong><br \/>(+25 for winning)\n|l|\u2606reg g rock\n|player|p1|\n|l|\u2606Vouldoon\n|player|p2|\n","uploadtime":1726049210,"views":10,"formatid":"gen9vgc2024regh","rating":1664,"private":0,"password":null}