{"id":"gen9vgc2024regh-2199755537","format":"[Gen 9] VGC 2024 Reg H","players":["roykeenkennedy","bieiup"],"log":"|j|\u2606roykeenkennedy\n|j|\u2606bieiup\n|t:|1726107741\n|gametype|doubles\n|player|p1|roykeenkennedy|alder|1684\n|player|p2|bieiup|lillie-z|1696\n|teamsize|p1|6\n|teamsize|p2|6\n|gen|9\n|tier|[Gen 9] VGC 2024 Reg H\n|rated|\n|rule|Species Clause: Limit one of each Pok\u00e9mon\n|rule|Item Clause: Limit 1 of each item\n|clearpoke\n|poke|p1|Salamence, L50, F|\n|poke|p1|Incineroar, L50, F|\n|poke|p1|Weezing, L50, F|\n|poke|p1|Dragapult, L50, M|\n|poke|p1|Ursaluna-Bloodmoon, L50, M|\n|poke|p1|Tauros-Paldea-Aqua, L50, M|\n|poke|p2|Sableye, L50, M|\n|poke|p2|Dondozo, L50, M|\n|poke|p2|Sylveon, L50, F|\n|poke|p2|Dragonite, L50, F|\n|poke|p2|Gholdengo, L50|\n|poke|p2|Ursaluna-Bloodmoon, L50, M|\n|teampreview|4\n|inactive|Battle timer is ON: inactive players will automatically lose when time's up. (requested by roykeenkennedy)\n|\n|t:|1726107782\n|start\n|switch|p1a: Weezing|Weezing, L50, F|100\/100\n|switch|p1b: Dragapult|Dragapult, L50, M|100\/100\n|switch|p2a: Sableye|Sableye, L50, M|100\/100\n|switch|p2b: Sylveon|Sylveon, L50, F|100\/100\n|-ability|p1a: Weezing|Neutralizing Gas\n|turn|1\n|\n|t:|1726107795\n|-terastallize|p1b: Dragapult|Ghost\n|move|p2b: Sylveon|Protect|p2b: Sylveon\n|-singleturn|p2b: Sylveon|Protect\n|move|p1b: Dragapult|Tera Blast|p2a: Sableye|[anim] Tera Blast Ghost\n|-enditem|p2a: Sableye|Focus Sash\n|-damage|p2a: Sableye|1\/100\n|move|p2a: Sableye|Will-O-Wisp|p1b: Dragapult\n|-status|p1b: Dragapult|brn\n|move|p1a: Weezing|Sludge Bomb|p2b: Sylveon\n|-activate|p2b: Sylveon|move: Protect\n|\n|-damage|p1b: Dragapult|94\/100 brn|[from] brn\n|upkeep\n|turn|2\n|inactive|bieiup has 30 seconds left.\n|inactive|bieiup has 20 seconds left.\n|\n|t:|1726107832\n|move|p1b: Dragapult|Tera Blast|p2b: Sylveon|[anim] Tera Blast Ghost\n|-damage|p2b: Sylveon|45\/100\n|move|p2a: Sableye|Light Screen|p2a: Sableye\n|-sidestart|p2: bieiup|move: Light Screen\n|move|p1a: Weezing|Sludge Bomb|p2b: Sylveon\n|-supereffective|p2b: Sylveon\n|-damage|p2b: Sylveon|19\/100\n|-status|p2b: Sylveon|psn\n|move|p2b: Sylveon|Hyper Voice|p1a: Weezing|[spread] p1a\n|-immune|p1b: Dragapult\n|-damage|p1a: Weezing|74\/100\n|-enditem|p2b: Sylveon|Throat Spray\n|-boost|p2b: Sylveon|spa|1|[from] item: Throat Spray\n|\n|-heal|p1a: Weezing|80\/100|[from] item: Leftovers\n|-damage|p2b: Sylveon|7\/100 psn|[from] psn\n|-damage|p1b: Dragapult|88\/100 brn|[from] brn\n|upkeep\n|turn|3\n|\n|t:|1726107852\n|move|p1a: Weezing|Protect|p1a: Weezing\n|-singleturn|p1a: Weezing|Protect\n|move|p2b: Sylveon|Quick Attack|p1a: Weezing\n|-activate|p1a: Weezing|move: Protect\n|move|p1b: Dragapult|Tera Blast|p2a: Sableye|[anim] Tera Blast Ghost\n|-damage|p2a: Sableye|0 fnt\n|faint|p2a: Sableye\n|\n|-heal|p1a: Weezing|86\/100|[from] item: Leftovers\n|-damage|p2b: Sylveon|0 fnt|[from] psn\n|faint|p2b: Sylveon\n|-damage|p1b: Dragapult|82\/100 brn|[from] brn\n|upkeep\n|\n|t:|1726107854\n|switch|p2a: Dragonite|Dragonite, L50, F|100\/100\n|switch|p2b: Dondozo|Dondozo, L50, M|100\/100\n|turn|4\n|\n|t:|1726107878\n|move|p1b: Dragapult|Tera Blast|p2a: Dragonite|[anim] Tera Blast Ghost\n|-crit|p2a: Dragonite\n|-damage|p2a: Dragonite|38\/100\n|move|p2a: Dragonite|Outrage|p1b: Dragapult\n|-damage|p1b: Dragapult|0 fnt\n|faint|p1b: Dragapult\n|move|p1a: Weezing|Will-O-Wisp|p2a: Dragonite\n|-status|p2a: Dragonite|brn\n|move|p2b: Dondozo|Curse|p2b: Dondozo\n|-unboost|p2b: Dondozo|spe|1\n|-boost|p2b: Dondozo|atk|1\n|-boost|p2b: Dondozo|def|1\n|\n|-heal|p1a: Weezing|92\/100|[from] item: Leftovers\n|-damage|p2a: Dragonite|32\/100 brn|[from] brn\n|upkeep\n|\n|t:|1726107898\n|switch|p1b: Tauros|Tauros-Paldea-Aqua, L50, M|100\/100\n|turn|5\n|\n|t:|1726107907\n|move|p1b: Tauros|Wild Charge|p2b: Dondozo\n|-supereffective|p2b: Dondozo\n|-damage|p2b: Dondozo|76\/100\n|-damage|p1b: Tauros|90\/100|[from] Recoil\n|move|p2a: Dragonite|Outrage|p1b: Tauros|[from]lockedmove\n|-damage|p1b: Tauros|48\/100\n|-start|p2a: Dragonite|confusion|[fatigue]\n|move|p1a: Weezing|Will-O-Wisp|p2b: Dondozo\n|-status|p2b: Dondozo|brn\n|move|p2b: Dondozo|Curse|p2b: Dondozo\n|-unboost|p2b: Dondozo|spe|1\n|-boost|p2b: Dondozo|atk|1\n|-boost|p2b: Dondozo|def|1\n|\n|-heal|p1a: Weezing|99\/100|[from] item: Leftovers\n|-damage|p2a: Dragonite|26\/100 brn|[from] brn\n|-damage|p2b: Dondozo|69\/100 brn|[from] brn\n|upkeep\n|turn|6\n|j| Rabbithorn05\n|\n|t:|1726107936\n|move|p1b: Tauros|Wild Charge|p2b: Dondozo\n|-supereffective|p2b: Dondozo\n|-damage|p2b: Dondozo|51\/100 brn\n|-damage|p1b: Tauros|40\/100|[from] Recoil\n|-activate|p2a: Dragonite|confusion\n|move|p2a: Dragonite|Aerial Ace|p1b: Tauros\n|-supereffective|p1b: Tauros\n|-damage|p1b: Tauros|0 fnt\n|faint|p1b: Tauros\n|move|p1a: Weezing|Taunt|p2b: Dondozo\n|-start|p2b: Dondozo|move: Taunt\n|move|p2b: Dondozo|Fissure|p1a: Weezing|[miss]\n|-miss|p2b: Dondozo|p1a: Weezing\n|\n|-heal|p1a: Weezing|100\/100|[from] item: Leftovers\n|-damage|p2a: Dragonite|20\/100 brn|[from] brn\n|-damage|p2b: Dondozo|45\/100 brn|[from] brn\n|-sideend|p2: bieiup|move: Light Screen\n|upkeep\n|\n|t:|1726107954\n|switch|p1b: Ursaluna|Ursaluna-Bloodmoon, L50, M|100\/100\n|turn|7\n|\n|t:|1726107959\n|-activate|p2a: Dragonite|confusion\n|move|p2a: Dragonite|Outrage|p1a: Weezing\n|-damage|p1a: Weezing|70\/100\n|move|p1a: Weezing|Sludge Bomb|p2b: Dondozo\n|-damage|p2b: Dondozo|25\/100 brn\n|move|p1b: Ursaluna|Hyper Voice|p2b: Dondozo|[spread] p2a,p2b\n|-crit|p2b: Dondozo\n|-damage|p2a: Dragonite|0 fnt\n|-damage|p2b: Dondozo|0 fnt\n|faint|p2a: Dragonite\n|faint|p2b: Dondozo\n|\n|win|roykeenkennedy\n|raw|roykeenkennedy's rating: 1684 &rarr; <strong>1705<\/strong><br \/>(+21 for winning)\n|raw|bieiup's rating: 1696 &rarr; <strong>1675<\/strong><br \/>(-21 for losing)\n|l|\u2606bieiup\n|player|p2|\n|l|\u2606roykeenkennedy\n|player|p1|\n","uploadtime":1726108008,"views":11,"formatid":"gen9vgc2024regh","rating":1675,"private":0,"password":null}