{"id":"gen9vgc2024regh-2199188476","format":"[Gen 9] VGC 2024 Reg H","players":["reg g rock","Djjwjwwjj"],"log":"|j|\u2606reg g rock\n|j|\u2606Djjwjwwjj\n|t:|1726049172\n|gametype|doubles\n|player|p1|reg g rock|grusha|1681\n|player|p2|Djjwjwwjj|170|1700\n|teamsize|p1|6\n|teamsize|p2|6\n|gen|9\n|tier|[Gen 9] VGC 2024 Reg H\n|rated|\n|rule|Species Clause: Limit one of each Pok\u00e9mon\n|rule|Item Clause: Limit 1 of each item\n|clearpoke\n|poke|p1|Gholdengo, L50|\n|poke|p1|Perrserker, L50, F|\n|poke|p1|Talonflame, L50, F|\n|poke|p1|Electabuzz, L50, M|\n|poke|p1|Hydreigon, L50, M|\n|poke|p1|Tauros-Paldea-Aqua, L50, M|\n|poke|p2|Incineroar, L50, M|\n|poke|p2|Palafin, L50, M|\n|poke|p2|Gholdengo, L50|\n|poke|p2|Pelipper, L50, M|\n|poke|p2|Amoonguss, L50, M|\n|poke|p2|Rillaboom, L50, M|\n|teampreview|4\n|inactive|Battle timer is ON: inactive players will automatically lose when time's up. (requested by Djjwjwwjj)\n|inactive|reg g rock also wants the timer to be on.\n|inactive|reg g rock has 60 seconds left.\n|inactive|Djjwjwwjj has 60 seconds left.\n|\n|t:|1726049215\n|start\n|switch|p1a: Gholdengo|Gholdengo, L50|100\/100\n|switch|p1b: Perrserker|Perrserker, L50, F|100\/100\n|switch|p2a: Palafin|Palafin, L50, M, shiny|100\/100\n|switch|p2b: Incineroar|Incineroar, L50, M, shiny|100\/100\n|-ability|p2b: Incineroar|Intimidate|boost\n|-unboost|p1a: Gholdengo|atk|1\n|-unboost|p1b: Perrserker|atk|1\n|turn|1\n|\n|t:|1726049236\n|move|p1b: Perrserker|Fake Out|p2b: Incineroar\n|-damage|p2b: Incineroar|93\/100\n|move|p2a: Palafin|Flip Turn|p1b: Perrserker\n|-damage|p1b: Perrserker|78\/100\n|\n|t:|1726049247\n|detailschange|p2a: Palafin|Palafin-Hero, L50, M, shiny\n|switch|p2a: Rillaboom|Rillaboom, L50, M|100\/100|[from] Flip Turn\n|-fieldstart|move: Grassy Terrain|[from] ability: Grassy Surge|[of] p2a: Rillaboom\n|move|p1a: Gholdengo|Nasty Plot|p1a: Gholdengo\n|-boost|p1a: Gholdengo|spa|2\n|cant|p2b: Incineroar|flinch\n|\n|-heal|p2b: Incineroar|99\/100|[from] Grassy Terrain\n|-heal|p1b: Perrserker|84\/100|[from] Grassy Terrain\n|upkeep\n|turn|2\n|j| hackervgc\n|\n|t:|1726049267\n|switch|p1b: Tauros|Tauros-Paldea-Aqua, L50, M|100\/100\n|-ability|p1b: Tauros|Intimidate|boost\n|-unboost|p2a: Rillaboom|atk|1\n|-unboost|p2b: Incineroar|atk|1\n|move|p1a: Gholdengo|Protect|p1a: Gholdengo\n|-singleturn|p1a: Gholdengo|Protect\n|move|p2b: Incineroar|Flare Blitz|p1b: Tauros\n|-resisted|p1b: Tauros\n|-damage|p1b: Tauros|81\/100\n|-damage|p2b: Incineroar|94\/100|[from] Recoil\n|move|p2a: Rillaboom|U-turn|p1b: Tauros\n|-resisted|p1b: Tauros\n|-damage|p1b: Tauros|73\/100\n|\n|t:|1726049280\n|switch|p2a: Palafin|Palafin-Hero, L50, M, shiny|100\/100|[from] U-turn\n|-activate|p2a: Palafin|ability: Zero to Hero\n|\n|-heal|p1b: Tauros|80\/100|[from] Grassy Terrain\n|-heal|p2b: Incineroar|99\/100|[from] Grassy Terrain\n|upkeep\n|turn|3\n|\n|t:|1726049296\n|switch|p1a: Perrserker|Perrserker, L50, F|84\/100\n|-terastallize|p2a: Palafin|Water\n|move|p1b: Tauros|Close Combat|p2b: Incineroar\n|-supereffective|p2b: Incineroar\n|-damage|p2b: Incineroar|0 fnt\n|-unboost|p1b: Tauros|def|1\n|-unboost|p1b: Tauros|spd|1\n|faint|p2b: Incineroar\n|move|p2a: Palafin|Wave Crash|p1a: Perrserker\n|-damage|p1a: Perrserker|0 fnt\n|faint|p1a: Perrserker\n|-damage|p2a: Palafin|75\/100|[from] Recoil\n|\n|-heal|p1b: Tauros|86\/100|[from] Grassy Terrain\n|-heal|p2a: Palafin|82\/100|[from] Grassy Terrain\n|upkeep\n|\n|t:|1726049317\n|switch|p2b: Amoonguss|Amoonguss, L50, M|100\/100\n|switch|p1a: Hydreigon|Hydreigon, L50, M|100\/100\n|turn|4\n|\n|t:|1726049331\n|-terastallize|p1b: Tauros|Grass\n|move|p2b: Amoonguss|Rage Powder|p2b: Amoonguss\n|-singleturn|p2b: Amoonguss|move: Rage Powder\n|move|p1b: Tauros|Close Combat|p2a: Palafin\n|-damage|p2a: Palafin|27\/100\n|-unboost|p1b: Tauros|def|1\n|-unboost|p1b: Tauros|spd|1\n|move|p2a: Palafin|Wave Crash|p1b: Tauros\n|-resisted|p1b: Tauros\n|-damage|p1b: Tauros|0 fnt\n|faint|p1b: Tauros\n|-damage|p2a: Palafin|3\/100|[from] Recoil\n|move|p1a: Hydreigon|Dark Pulse|p2b: Amoonguss\n|-crit|p2b: Amoonguss\n|-damage|p2b: Amoonguss|54\/100\n|\n|-heal|p2a: Palafin|9\/100|[from] Grassy Terrain\n|-heal|p2b: Amoonguss|60\/100|[from] Grassy Terrain\n|upkeep\n|\n|t:|1726049341\n|switch|p1b: Gholdengo|Gholdengo, L50|100\/100\n|turn|5\n|\n|t:|1726049357\n|move|p2b: Amoonguss|Rage Powder|p2b: Amoonguss\n|-singleturn|p2b: Amoonguss|move: Rage Powder\n|move|p1a: Hydreigon|Focus Energy|p1a: Hydreigon\n|-start|p1a: Hydreigon|move: Focus Energy\n|move|p2a: Palafin|Wave Crash|p1b: Gholdengo\n|-damage|p1b: Gholdengo|0 fnt\n|faint|p1b: Gholdengo\n|-damage|p2a: Palafin|0 fnt|[from] Recoil\n|faint|p2a: Palafin\n|\n|-heal|p2b: Amoonguss|66\/100|[from] Grassy Terrain\n|-fieldend|move: Grassy Terrain\n|upkeep\n|\n|t:|1726049371\n|switch|p2a: Rillaboom|Rillaboom, L50, M|100\/100\n|-fieldstart|move: Grassy Terrain|[from] ability: Grassy Surge|[of] p2a: Rillaboom\n|turn|6\n|\n|t:|1726049379\n|move|p1a: Hydreigon|Protect|p1a: Hydreigon\n|-singleturn|p1a: Hydreigon|Protect\n|move|p2a: Rillaboom|Fake Out|p1a: Hydreigon\n|-activate|p1a: Hydreigon|move: Protect\n|move|p2b: Amoonguss|Spore|p1a: Hydreigon\n|-activate|p1a: Hydreigon|move: Protect\n|\n|-heal|p2b: Amoonguss|72\/100|[from] Grassy Terrain\n|upkeep\n|turn|7\n|\n|t:|1726049394\n|move|p1a: Hydreigon|Draco Meteor|p2b: Amoonguss\n|-crit|p2b: Amoonguss\n|-damage|p2b: Amoonguss|0 fnt\n|-unboost|p1a: Hydreigon|spa|2\n|faint|p2b: Amoonguss\n|move|p2a: Rillaboom|U-turn|p1a: Hydreigon\n|-supereffective|p1a: Hydreigon\n|-damage|p1a: Hydreigon|55\/100\n|\n|upkeep\n|turn|8\n|\n|t:|1726049405\n|move|p1a: Hydreigon|Protect|p1a: Hydreigon\n|-singleturn|p1a: Hydreigon|Protect\n|move|p2a: Rillaboom|U-turn|p1a: Hydreigon\n|-activate|p1a: Hydreigon|move: Protect\n|\n|upkeep\n|turn|9\n|\n|t:|1726049412\n|move|p1a: Hydreigon|Draco Meteor|p2a: Rillaboom\n|-crit|p2a: Rillaboom\n|-damage|p2a: Rillaboom|32\/100\n|-unboost|p1a: Hydreigon|spa|2\n|move|p2a: Rillaboom|U-turn|p1a: Hydreigon\n|-supereffective|p1a: Hydreigon\n|-damage|p1a: Hydreigon|9\/100\n|\n|-heal|p2a: Rillaboom|38\/100|[from] Grassy Terrain\n|upkeep\n|turn|10\n|\n|t:|1726049422\n|move|p1a: Hydreigon|Protect|p1a: Hydreigon\n|-singleturn|p1a: Hydreigon|Protect\n|move|p2a: Rillaboom|Grassy Glide|p1a: Hydreigon\n|-activate|p1a: Hydreigon|move: Protect\n|\n|-heal|p2a: Rillaboom|43\/100|[from] Grassy Terrain\n|-fieldend|move: Grassy Terrain\n|upkeep\n|turn|11\n|\n|t:|1726049432\n|move|p1a: Hydreigon|Draco Meteor|p2a: Rillaboom\n|-crit|p2a: Rillaboom\n|-damage|p2a: Rillaboom|0 fnt\n|-unboost|p1a: Hydreigon|spa|2\n|faint|p2a: Rillaboom\n|\n|win|reg g rock\n|raw|reg g rock's rating: 1681 &rarr; <strong>1702<\/strong><br \/>(+21 for winning)\n|raw|Djjwjwwjj's rating: 1700 &rarr; <strong>1679<\/strong><br \/>(-21 for losing)\n|l|\u2606Djjwjwwjj\n|player|p2|\n|l|\u2606reg g rock\n|player|p1|\n|l| hackervgc\n","uploadtime":1726049642,"views":20,"formatid":"gen9vgc2024regh","rating":1679,"private":0,"password":null}