{"id":"gen9vgc2024regh-2199588901","format":"[Gen 9] VGC 2024 Reg H","players":["YxngDaws","zhanlinxie"],"log":"|j|\u2606YxngDaws\n|j|\u2606zhanlinxie\n|t:|1726089003\n|gametype|doubles\n|player|p1|YxngDaws|102|1639\n|player|p2|zhanlinxie|marley|1708\n|teamsize|p1|6\n|teamsize|p2|6\n|gen|9\n|tier|[Gen 9] VGC 2024 Reg H\n|rated|\n|rule|Species Clause: Limit one of each Pok\u00e9mon\n|rule|Item Clause: Limit 1 of each item\n|clearpoke\n|poke|p1|Talonflame, L50, M|\n|poke|p1|Kingambit, L50, F|\n|poke|p1|Sneasler, L50, M|\n|poke|p1|Hydreigon, L50, M|\n|poke|p1|Tauros-Paldea-Aqua, L50, M|\n|poke|p1|Clefable, L50, M|\n|poke|p2|Meowscarada, L50, F|\n|poke|p2|Archaludon, L50, F|\n|poke|p2|Ursaluna-Bloodmoon, L50, M|\n|poke|p2|Primarina, L50, F|\n|poke|p2|Annihilape, L50, F|\n|poke|p2|Maushold-Four, L50|\n|teampreview|4\n|inactive|Battle timer is ON: inactive players will automatically lose when time's up. (requested by YxngDaws)\n|\n|t:|1726089027\n|start\n|switch|p1a: Clefable|Clefable, L50, M|100\/100\n|switch|p1b: Sneasler|Sneasler, L50, M|100\/100\n|switch|p2a: Meowscarada|Meowscarada, L50, F|100\/100\n|switch|p2b: Primarina|Primarina, L50, F|100\/100\n|turn|1\n|\n|t:|1726089044\n|move|p1a: Clefable|Follow Me|p1a: Clefable\n|-singleturn|p1a: Clefable|move: Follow Me\n|move|p2a: Meowscarada|Grass Pledge|p1a: Clefable\n|-waiting|p2a: Meowscarada|p2b: Primarina\n|move|p2b: Primarina|Water Pledge|p1a: Clefable|[from]move: Grass Pledge\n|-combine\n|-damage|p1a: Clefable|34\/100\n|-sidestart|p1: YxngDaws|Grass Pledge\n|-enditem|p1a: Clefable|Sitrus Berry|[eat]\n|-heal|p1a: Clefable|58\/100|[from] item: Sitrus Berry\n|move|p1b: Sneasler|Swords Dance|p1b: Sneasler\n|-boost|p1b: Sneasler|atk|2\n|\n|upkeep\n|turn|2\n|\n|t:|1726089061\n|move|p1a: Clefable|Follow Me|p1a: Clefable\n|-singleturn|p1a: Clefable|move: Follow Me\n|move|p2a: Meowscarada|Flower Trick|p1a: Clefable\n|-crit|p1a: Clefable\n|-damage|p1a: Clefable|18\/100\n|move|p2b: Primarina|Haze|p2b: Primarina\n|-clearallboost\n|move|p1b: Sneasler|Close Combat|p2a: Meowscarada\n|-supereffective|p2a: Meowscarada\n|-enditem|p2a: Meowscarada|Focus Sash\n|-damage|p2a: Meowscarada|1\/100\n|-unboost|p1b: Sneasler|def|1\n|-unboost|p1b: Sneasler|spd|1\n|-enditem|p1b: Sneasler|White Herb\n|-clearnegativeboost|p1b: Sneasler|[silent]\n|\n|upkeep\n|turn|3\n|inactive|zhanlinxie has 30 seconds left.\n|inactive|YxngDaws has 30 seconds left.\n|\n|t:|1726089100\n|move|p1a: Clefable|Protect|p1a: Clefable\n|-singleturn|p1a: Clefable|Protect\n|move|p2a: Meowscarada|Flower Trick|p1a: Clefable\n|-activate|p1a: Clefable|move: Protect\n|move|p1b: Sneasler|Dire Claw|p2b: Primarina\n|-supereffective|p2b: Primarina\n|-damage|p2b: Primarina|0 fnt\n|faint|p2b: Primarina\n|\n|upkeep\n|inactive|zhanlinxie has 30 seconds left.\n|\n|t:|1726089133\n|switch|p2b: Ursaluna|Ursaluna-Bloodmoon, L50, M|100\/100\n|turn|4\n|\n|t:|1726089145\n|-terastallize|p2b: Ursaluna|Normal\n|move|p1b: Sneasler|Protect|p1b: Sneasler\n|-singleturn|p1b: Sneasler|Protect\n|move|p2a: Meowscarada|Flower Trick|p1a: Clefable\n|-crit|p1a: Clefable\n|-damage|p1a: Clefable|0 fnt\n|faint|p1a: Clefable\n|move|p2b: Ursaluna|Blood Moon|p1b: Sneasler\n|-activate|p1b: Sneasler|move: Protect\n|\n|-sideend|p1: YxngDaws|Grass Pledge\n|upkeep\n|\n|t:|1726089161\n|switch|p1a: Talonflame|Talonflame, L50, M|100\/100\n|turn|5\n|\n|t:|1726089172\n|move|p1a: Talonflame|Brave Bird|p2a: Meowscarada\n|-supereffective|p2a: Meowscarada\n|-damage|p2a: Meowscarada|0 fnt\n|faint|p2a: Meowscarada\n|-damage|p1a: Talonflame|99\/100|[from] Recoil\n|move|p1b: Sneasler|Close Combat|p2b: Ursaluna\n|-supereffective|p2b: Ursaluna\n|-damage|p2b: Ursaluna|0 fnt\n|-unboost|p1b: Sneasler|def|1\n|-unboost|p1b: Sneasler|spd|1\n|faint|p2b: Ursaluna\n|\n|upkeep\n|\n|t:|1726089176\n|switch|p2b: Archaludon|Archaludon, L50, F|100\/100\n|turn|6\n|-message|zhanlinxie forfeited.\n|\n|win|YxngDaws\n|raw|YxngDaws's rating: 1639 &rarr; <strong>1663<\/strong><br \/>(+24 for winning)\n|raw|zhanlinxie's rating: 1708 &rarr; <strong>1684<\/strong><br \/>(-24 for losing)\n|l|\u2606zhanlinxie\n|player|p2|\n|l|\u2606YxngDaws\n|player|p1|\n","uploadtime":1726089420,"views":10,"formatid":"gen9vgc2024regh","rating":1663,"private":0,"password":null}