{"id":"gen9vgc2024regh-2199834016","format":"[Gen 9] VGC 2024 Reg H","players":["Paradox Mourinho","bieiup"],"log":"|j|\u2606Paradox Mourinho\n|j|\u2606bieiup\n|t:|1726118560\n|gametype|doubles\n|player|p1|Paradox Mourinho|lance|1651\n|player|p2|bieiup|lillie-z|1747\n|teamsize|p1|6\n|teamsize|p2|6\n|gen|9\n|tier|[Gen 9] VGC 2024 Reg H\n|rated|\n|rule|Species Clause: Limit one of each Pok\u00e9mon\n|rule|Item Clause: Limit 1 of each item\n|clearpoke\n|poke|p1|Dondozo, L50, F|\n|poke|p1|Tatsugiri, L50, F|\n|poke|p1|Indeedee-F, L50, F|\n|poke|p1|Hatterene, L50, F|\n|poke|p1|Gallade, L50, M|\n|poke|p1|Torkoal, L50, M|\n|poke|p2|Sableye, L50, M|\n|poke|p2|Dondozo, L50, F|\n|poke|p2|Sylveon, L50, F|\n|poke|p2|Dragonite, L50, M|\n|poke|p2|Gholdengo, L50|\n|poke|p2|Ursaluna-Bloodmoon, L50, M|\n|teampreview|4\n|j| LudocyelZ\n|j| randy.zhang2023\n|\n|t:|1726118589\n|start\n|switch|p1a: Hatterene|Hatterene, L50, F|100\/100\n|switch|p1b: Indeedee|Indeedee-F, L50, F|100\/100\n|switch|p2a: Dragonite|Dragonite, L50, M|100\/100\n|switch|p2b: Gholdengo|Gholdengo, L50|100\/100\n|-fieldstart|move: Psychic Terrain|[from] ability: Psychic Surge|[of] p1b: Indeedee\n|-enditem|p1b: Indeedee|Psychic Seed\n|-boost|p1b: Indeedee|spd|1|[from] item: Psychic Seed\n|turn|1\n|inactive|Battle timer is ON: inactive players will automatically lose when time's up. (requested by Paradox Mourinho)\n|j| EllAkuro\n|\n|t:|1726118604\n|-terastallize|p1a: Hatterene|Fire\n|move|p2b: Gholdengo|Trick|p1a: Hatterene\n|-activate|p2b: Gholdengo|move: Trick|[of] p1a: Hatterene\n|-item|p1a: Hatterene|Choice Scarf|[from] move: Trick\n|-item|p2b: Gholdengo|Life Orb|[from] move: Trick\n|move|p2a: Dragonite|Aerial Ace|p1a: Hatterene\n|-damage|p1a: Hatterene|60\/100\n|move|p1a: Hatterene|Mystical Fire|p2b: Gholdengo\n|-supereffective|p2b: Gholdengo\n|-damage|p2b: Gholdengo|0 fnt\n|faint|p2b: Gholdengo\n|move|p1b: Indeedee|Trick Room|p1b: Indeedee\n|-fieldstart|move: Trick Room|[of] p1b: Indeedee\n|\n|upkeep\n|\n|t:|1726118609\n|switch|p2b: Dondozo|Dondozo, L50, F|100\/100\n|turn|2\n|\n|t:|1726118626\n|switch|p1a: Dondozo|Dondozo, L50, F|100\/100\n|move|p2b: Dondozo|Curse|p2b: Dondozo\n|-unboost|p2b: Dondozo|spe|1\n|-boost|p2b: Dondozo|atk|1\n|-boost|p2b: Dondozo|def|1\n|move|p2a: Dragonite|Outrage|p1b: Indeedee\n|-damage|p1b: Indeedee|34\/100\n|move|p1b: Indeedee|Psychic|p2a: Dragonite\n|-damage|p2a: Dragonite|90\/100\n|\n|upkeep\n|turn|3\n|\n|t:|1726118644\n|move|p2b: Dondozo|Fissure|p1a: Dondozo|[miss]\n|-miss|p2b: Dondozo|p1a: Dondozo\n|move|p1a: Dondozo|Rock Slide|p2b: Dondozo|[spread] p2a,p2b\n|-supereffective|p2a: Dragonite\n|-damage|p2a: Dragonite|41\/100\n|-damage|p2b: Dondozo|90\/100\n|move|p2a: Dragonite|Outrage|p1b: Indeedee|[from]lockedmove\n|-damage|p1b: Indeedee|0 fnt\n|faint|p1b: Indeedee\n|\n|upkeep\n|l| EllAkuro\n|\n|t:|1726118654\n|switch|p1b: Hatterene|Hatterene, L50, F, tera:Fire|60\/100\n|turn|4\n|\n|t:|1726118660\n|move|p2b: Dondozo|Earthquake|p1a: Dondozo|[spread] p1a,p1b\n|-immune|p2a: Dragonite\n|-supereffective|p1b: Hatterene\n|-damage|p1a: Dondozo|84\/100\n|-damage|p1b: Hatterene|2\/100\n|move|p1b: Hatterene|Expanding Force|p2a: Dragonite|[spread] p2a,p2b\n|-damage|p2a: Dragonite|0 fnt\n|-damage|p2b: Dondozo|42\/100\n|faint|p2a: Dragonite\n|move|p1a: Dondozo|Rock Slide|p2b: Dondozo\n|-damage|p2b: Dondozo|27\/100\n|\n|upkeep\n|\n|t:|1726118664\n|switch|p2a: Sylveon|Sylveon, L50, F|100\/100\n|turn|5\n|inactive|bieiup has 30 seconds left.\n|\n|t:|1726118695\n|switch|p1b: Tatsugiri|Tatsugiri, L50, F|100\/100\n|-activate|p1b: Tatsugiri|ability: Commander|[of] p1a: Dondozo\n|-boost|p1a: Dondozo|atk|2\n|-boost|p1a: Dondozo|spa|2\n|-boost|p1a: Dondozo|spe|2\n|-boost|p1a: Dondozo|def|2\n|-boost|p1a: Dondozo|spd|2\n|move|p2b: Dondozo|Rest|p2b: Dondozo\n|-status|p2b: Dondozo|slp|[from] move: Rest\n|-heal|p2b: Dondozo|100\/100 slp|[silent]\n|-enditem|p2b: Dondozo|Chesto Berry|[eat]\n|-curestatus|p2b: Dondozo|slp|[msg]\n|move|p2a: Sylveon|Hyper Voice|p1b: Tatsugiri|[spread] p1a\n|-miss|p2a: Sylveon|p1b: Tatsugiri\n|-damage|p1a: Dondozo|66\/100\n|-enditem|p2a: Sylveon|Throat Spray\n|-boost|p2a: Sylveon|spa|1|[from] item: Throat Spray\n|move|p1a: Dondozo|Rock Slide|p2b: Dondozo|[spread] p2a,p2b\n|-damage|p2a: Sylveon|38\/100\n|-damage|p2b: Dondozo|90\/100\n|\n|-fieldend|move: Trick Room\n|-fieldend|move: Psychic Terrain\n|upkeep\n|turn|6\n|\n|t:|1726118704\n|move|p1a: Dondozo|Rock Slide|p2b: Dondozo|[spread] p2a,p2b\n|-damage|p2a: Sylveon|0 fnt\n|-damage|p2b: Dondozo|80\/100\n|faint|p2a: Sylveon\n|cant|p2b: Dondozo|flinch\n|\n|upkeep\n|turn|7\n|\n|t:|1726118708\n|move|p1a: Dondozo|Rock Slide|p2b: Dondozo\n|-damage|p2b: Dondozo|65\/100\n|move|p2b: Dondozo|Curse|p2b: Dondozo\n|-unboost|p2b: Dondozo|spe|1\n|-boost|p2b: Dondozo|atk|1\n|-boost|p2b: Dondozo|def|1\n|\n|upkeep\n|turn|8\n|\n|t:|1726118710\n|move|p1a: Dondozo|Rock Slide|p2b: Dondozo\n|-damage|p2b: Dondozo|55\/100\n|move|p2b: Dondozo|Curse|p2b: Dondozo\n|-unboost|p2b: Dondozo|spe|1\n|-boost|p2b: Dondozo|atk|1\n|-boost|p2b: Dondozo|def|1\n|\n|upkeep\n|turn|9\n|\n|t:|1726118712\n|move|p1a: Dondozo|Rock Slide|p2b: Dondozo\n|-damage|p2b: Dondozo|46\/100\n|move|p2b: Dondozo|Curse|p2b: Dondozo\n|-unboost|p2b: Dondozo|spe|1\n|-boost|p2b: Dondozo|atk|1\n|-boost|p2b: Dondozo|def|1\n|\n|upkeep\n|turn|10\n|\n|t:|1726118715\n|move|p1a: Dondozo|Rock Slide|p2b: Dondozo\n|-damage|p2b: Dondozo|38\/100\n|move|p2b: Dondozo|Curse|p2b: Dondozo\n|-unboost|p2b: Dondozo|spe|1\n|-boost|p2b: Dondozo|atk|1\n|-boost|p2b: Dondozo|def|1\n|\n|upkeep\n|turn|11\n|\n|t:|1726118719\n|move|p1a: Dondozo|Rock Slide|p2b: Dondozo|[miss]\n|-miss|p1a: Dondozo|p2b: Dondozo\n|move|p2b: Dondozo|Curse|p2b: Dondozo\n|-unboost|p2b: Dondozo|spe|1\n|-boost|p2b: Dondozo|atk|1\n|-boost|p2b: Dondozo|def|1\n|\n|upkeep\n|turn|12\n|\n|t:|1726118725\n|move|p1a: Dondozo|Rock Slide|p2b: Dondozo|[miss]\n|-miss|p1a: Dondozo|p2b: Dondozo\n|move|p2b: Dondozo|Rest|p2b: Dondozo\n|-status|p2b: Dondozo|slp|[from] move: Rest\n|-heal|p2b: Dondozo|100\/100 slp|[silent]\n|\n|upkeep\n|turn|13\n|\n|t:|1726118734\n|move|p1a: Dondozo|Rock Slide|p2b: Dondozo|[miss]\n|-miss|p1a: Dondozo|p2b: Dondozo\n|cant|p2b: Dondozo|slp\n|\n|upkeep\n|turn|14\n|j| EllAkuro\n|\n|t:|1726118742\n|move|p1a: Dondozo|Rock Slide|p2b: Dondozo\n|-damage|p2b: Dondozo|95\/100 slp\n|cant|p2b: Dondozo|slp\n|\n|upkeep\n|turn|15\n|\n|t:|1726118744\n|move|p1a: Dondozo|Rock Slide|p2b: Dondozo\n|-crit|p2b: Dondozo\n|-damage|p2b: Dondozo|60\/100 slp\n|-curestatus|p2b: Dondozo|slp|[msg]\n|move|p2b: Dondozo|Curse|p2b: Dondozo\n|\n|upkeep\n|turn|16\n|\n|t:|1726118746\n|move|p1a: Dondozo|Rock Slide|p2b: Dondozo\n|-damage|p2b: Dondozo|53\/100\n|cant|p2b: Dondozo|flinch\n|\n|upkeep\n|turn|17\n|\n|t:|1726118749\n|move|p1a: Dondozo|Rock Slide|p2b: Dondozo\n|-damage|p2b: Dondozo|48\/100\n|cant|p2b: Dondozo|flinch\n|\n|upkeep\n|turn|18\n|\n|t:|1726118764\n|move|p1a: Dondozo|Rock Slide|p2b: Dondozo\n|-damage|p2b: Dondozo|42\/100\n|move|p2b: Dondozo|Curse|p2b: Dondozo\n|\n|upkeep\n|turn|19\n|\n|t:|1726118769\n|-activate|p1a: Dondozo|move: Struggle\n|move|p1a: Dondozo|Struggle|p2b: Dondozo\n|-damage|p2b: Dondozo|37\/100\n|-damage|p1a: Dondozo|41\/100|[from] recoil\n|move|p2b: Dondozo|Curse|p2b: Dondozo\n|\n|upkeep\n|turn|20\n|inactive|bieiup has 30 seconds left.\n|\n|t:|1726118799\n|-activate|p1a: Dondozo|move: Struggle\n|move|p1a: Dondozo|Struggle|p2b: Dondozo\n|-damage|p2b: Dondozo|33\/100\n|-damage|p1a: Dondozo|16\/100|[from] recoil\n|move|p2b: Dondozo|Rest|p2b: Dondozo\n|-status|p2b: Dondozo|slp|[from] move: Rest\n|-heal|p2b: Dondozo|100\/100 slp|[silent]\n|\n|upkeep\n|turn|21\n|\n|t:|1726118802\n|-activate|p1a: Dondozo|move: Struggle\n|move|p1a: Dondozo|Struggle|p2b: Dondozo\n|-damage|p2b: Dondozo|96\/100 slp\n|-damage|p1a: Dondozo|0 fnt|[from] recoil\n|faint|p1a: Dondozo\n|cant|p2b: Dondozo|slp\n|\n|upkeep\n|\n|t:|1726118804\n|switch|p1a: Hatterene|Hatterene, L50, F, tera:Fire|2\/100\n|turn|22\n|\n|t:|1726118809\n|move|p1b: Tatsugiri|Draco Meteor|p2b: Dondozo|[miss]\n|-miss|p1b: Tatsugiri|p2b: Dondozo\n|move|p1a: Hatterene|Expanding Force|p2b: Dondozo\n|-damage|p2b: Dondozo|66\/100 slp\n|cant|p2b: Dondozo|slp\n|\n|upkeep\n|turn|23\n|\n|t:|1726118814\n|move|p1b: Tatsugiri|Draco Meteor|p2b: Dondozo\n|-damage|p2b: Dondozo|26\/100 slp\n|-unboost|p1b: Tatsugiri|spa|2\n|move|p1a: Hatterene|Expanding Force|p2b: Dondozo\n|-damage|p2b: Dondozo|0 fnt\n|faint|p2b: Dondozo\n|\n|win|Paradox Mourinho\n|raw|Paradox Mourinho's rating: 1651 &rarr; <strong>1676<\/strong><br \/>(+25 for winning)\n|raw|bieiup's rating: 1747 &rarr; <strong>1722<\/strong><br \/>(-25 for losing)\n|l|\u2606bieiup\n|player|p2|\n|l| LudocyelZ\n|l|\u2606Paradox Mourinho\n|player|p1|\n|l| EllAkuro\n|j|\u2606bieiup\n|player|p2|bieiup|lillie-z|\n|l|\u2606bieiup\n|player|p2|\n","uploadtime":1726118821,"views":28,"formatid":"gen9vgc2024regh","rating":1676,"private":0,"password":null}