{"id":"gen9vgc2024regh-2199743053","format":"[Gen 9] VGC 2024 Reg H","players":["lieyanshu","TwitterJasePokemon"],"log":"|j|\u2606lieyanshu\n|j|\u2606TwitterJasePokemon\n|t:|1726106282\n|gametype|doubles\n|player|p1|lieyanshu|lucas|1663\n|player|p2|TwitterJasePokemon|lucas|1703\n|teamsize|p1|6\n|teamsize|p2|6\n|gen|9\n|tier|[Gen 9] VGC 2024 Reg H\n|rated|\n|rule|Species Clause: Limit one of each Pok\u00e9mon\n|rule|Item Clause: Limit 1 of each item\n|clearpoke\n|poke|p1|Gholdengo, L50|\n|poke|p1|Ursaluna-Bloodmoon, L50, M|\n|poke|p1|Dragapult, L50, M|\n|poke|p1|Murkrow, L50, F|\n|poke|p1|Kingambit, L50, M|\n|poke|p1|Sneasler, L50, F|\n|poke|p2|Archaludon, L50, F|\n|poke|p2|Murkrow, L50, F|\n|poke|p2|Gholdengo, L50|\n|poke|p2|Arcanine-Hisui, L50, F|\n|poke|p2|Samurott-Hisui, L50, F|\n|poke|p2|Dragapult, L50, F|\n|teampreview|4\n|inactive|Battle timer is ON: inactive players will automatically lose when time's up. (requested by TwitterJasePokemon)\n|inactive|lieyanshu has 60 seconds left.\n|inactive|lieyanshu has 30 seconds left.\n|\n|t:|1726106349\n|start\n|switch|p1a: Murkrow|Murkrow, L50, F|100\/100\n|switch|p1b: Gholdengo|Gholdengo, L50|100\/100\n|switch|p2a: Murkrow|Murkrow, L50, F|100\/100\n|switch|p2b: Samurott|Samurott-Hisui, L50, F|100\/100\n|turn|1\n|\n|t:|1726106365\n|-terastallize|p1b: Gholdengo|Steel\n|move|p1a: Murkrow|Tailwind|p1a: Murkrow\n|-sidestart|p1: lieyanshu|move: Tailwind\n|move|p2a: Murkrow|Tailwind|p2a: Murkrow\n|-sidestart|p2: TwitterJasePokemon|move: Tailwind\n|move|p2b: Samurott|Ceaseless Edge|p1b: Gholdengo\n|-damage|p1b: Gholdengo|51\/100\n|-sidestart|p1: lieyanshu|Spikes\n|move|p1b: Gholdengo|Make It Rain|p2a: Murkrow|[spread] p2a,p2b\n|-crit|p2a: Murkrow\n|-resisted|p2b: Samurott\n|-damage|p2a: Murkrow|0 fnt\n|-damage|p2b: Samurott|48\/100\n|-unboost|p1b: Gholdengo|spa|1\n|faint|p2a: Murkrow\n|\n|upkeep\n|\n|t:|1726106377\n|switch|p2a: Arcanine|Arcanine-Hisui, L50, F|100\/100\n|turn|2\n|\n|t:|1726106385\n|move|p2a: Arcanine|Head Smash|p1a: Murkrow\n|-supereffective|p1a: Murkrow\n|-damage|p1a: Murkrow|0 fnt\n|faint|p1a: Murkrow\n|move|p2b: Samurott|Sacred Sword|p1b: Gholdengo\n|-supereffective|p1b: Gholdengo\n|-crit|p1b: Gholdengo\n|-damage|p1b: Gholdengo|0 fnt\n|faint|p1b: Gholdengo\n|\n|upkeep\n|\n|t:|1726106393\n|switch|p1b: Kingambit|Kingambit, L50, M|100\/100\n|switch|p1a: Sneasler|Sneasler, L50, F|100\/100\n|-damage|p1a: Sneasler|88\/100|[from] Spikes\n|-damage|p1b: Kingambit|88\/100|[from] Spikes\n|turn|3\n|\n|t:|1726106414\n|-terastallize|p2a: Arcanine|Ghost\n|move|p1b: Kingambit|Sucker Punch|p2a: Arcanine\n|-supereffective|p2a: Arcanine\n|-crit|p2a: Arcanine\n|-enditem|p2a: Arcanine|Focus Sash\n|-damage|p2a: Arcanine|1\/100\n|move|p1a: Sneasler|Close Combat|p2b: Samurott\n|-supereffective|p2b: Samurott\n|-damage|p2b: Samurott|0 fnt\n|-unboost|p1a: Sneasler|def|1\n|-unboost|p1a: Sneasler|spd|1\n|faint|p2b: Samurott\n|move|p2a: Arcanine|Close Combat|p1b: Kingambit\n|-supereffective|p1b: Kingambit\n|-damage|p1b: Kingambit|0 fnt\n|-unboost|p2a: Arcanine|def|1\n|-unboost|p2a: Arcanine|spd|1\n|faint|p1b: Kingambit\n|\n|upkeep\n|\n|t:|1726106422\n|switch|p2b: Archaludon|Archaludon, L50, F|100\/100\n|turn|4\n|\n|t:|1726106437\n|move|p2a: Arcanine|Extreme Speed|p1a: Sneasler\n|-damage|p1a: Sneasler|17\/100\n|move|p1a: Sneasler|Rock Slide|p2a: Arcanine|[spread] p2a,p2b\n|-resisted|p2b: Archaludon\n|-damage|p2a: Arcanine|0 fnt\n|-damage|p2b: Archaludon|91\/100\n|faint|p2a: Arcanine\n|cant|p2b: Archaludon|flinch\n|\n|-sideend|p1: lieyanshu|move: Tailwind\n|-sideend|p2: TwitterJasePokemon|move: Tailwind\n|upkeep\n|turn|5\n|\n|t:|1726106447\n|move|p1a: Sneasler|Close Combat|p2b: Archaludon\n|-supereffective|p2b: Archaludon\n|-damage|p2b: Archaludon|0 fnt\n|-unboost|p1a: Sneasler|def|1\n|-unboost|p1a: Sneasler|spd|1\n|faint|p2b: Archaludon\n|\n|win|lieyanshu\n|raw|lieyanshu's rating: 1663 &rarr; <strong>1685<\/strong><br \/>(+22 for winning)\n|raw|TwitterJasePokemon's rating: 1703 &rarr; <strong>1681<\/strong><br \/>(-22 for losing)\n|l|\u2606lieyanshu\n|player|p1|\n|l|\u2606TwitterJasePokemon\n|player|p2|\n","uploadtime":1726106702,"views":12,"formatid":"gen9vgc2024regh","rating":1681,"private":0,"password":null}