{"id":"gen9vgc2024regh-2199773057","format":"[Gen 9] VGC 2024 Reg H","players":["bieiup","birdkeeperneek"],"log":"|j|\u2606bieiup\n|j|\u2606birdkeeperneek\n|t:|1726109844\n|gametype|doubles\n|player|p1|bieiup|lillie-z|1720\n|player|p2|birdkeeperneek|falkner|1744\n|teamsize|p1|6\n|teamsize|p2|6\n|gen|9\n|tier|[Gen 9] VGC 2024 Reg H\n|rated|\n|rule|Species Clause: Limit one of each Pok\u00e9mon\n|rule|Item Clause: Limit 1 of each item\n|clearpoke\n|poke|p1|Sableye, L50, M|\n|poke|p1|Dondozo, L50, M|\n|poke|p1|Sylveon, L50, F|\n|poke|p1|Dragonite, L50, M|\n|poke|p1|Gholdengo, L50|\n|poke|p1|Ursaluna-Bloodmoon, L50, M|\n|poke|p2|Baxcalibur, L50, M|\n|poke|p2|Whimsicott, L50, F|\n|poke|p2|Gholdengo, L50|\n|poke|p2|Rillaboom, L50, M|\n|poke|p2|Tauros-Paldea-Blaze, L50, M|\n|poke|p2|Primarina, L50, M|\n|teampreview|4\n|c|\u2606birdkeeperneek|hf\n|inactive|Battle timer is ON: inactive players will automatically lose when time's up. (requested by bieiup)\nbirdkeeperneek has agreed to open team sheets.\n|inactive|birdkeeperneek has 60 seconds left.\n|\n|t:|1726109902\n|start\n|switch|p1a: Sableye|Sableye, L50, M|100\/100\n|switch|p1b: Sylveon|Sylveon, L50, F|100\/100\n|switch|p2a: Gholdengo|Gholdengo, L50|100\/100\n|switch|p2b: Tauros|Tauros-Paldea-Blaze, L50, M|100\/100\n|-ability|p2b: Tauros|Intimidate|boost\n|-unboost|p1a: Sableye|atk|1\n|-unboost|p1b: Sylveon|atk|1\n|turn|1\n|\n|t:|1726109918\n|-terastallize|p1b: Sylveon|Fire\n|move|p1a: Sableye|Fake Out|p2b: Tauros\n|-damage|p2b: Tauros|94\/100\n|cant|p2b: Tauros|flinch\n|move|p2a: Gholdengo|Make It Rain|p1a: Sableye|[spread] p1a,p1b\n|-resisted|p1b: Sylveon\n|-enditem|p1a: Sableye|Focus Sash\n|-damage|p1a: Sableye|1\/100\n|-damage|p1b: Sylveon|76\/100\n|-unboost|p2a: Gholdengo|spa|1\n|move|p1b: Sylveon|Hyper Voice|p2a: Gholdengo|[spread] p2a,p2b\n|-resisted|p2a: Gholdengo\n|-damage|p2a: Gholdengo|78\/100\n|-damage|p2b: Tauros|24\/100\n|-enditem|p1b: Sylveon|Throat Spray\n|-boost|p1b: Sylveon|spa|1|[from] item: Throat Spray\n|-enditem|p2b: Tauros|Mirror Herb\n|-boost|p2b: Tauros|spa|1|[from] item: Mirror Herb\n|\n|upkeep\n|turn|2\n|j| BlindMagneton\n|inactive|birdkeeperneek has 30 seconds left.\n|\n|t:|1726109950\n|move|p2b: Tauros|Protect|p2b: Tauros\n|-singleturn|p2b: Tauros|Protect\n|move|p1a: Sableye|Encore|p1b: Sylveon\n|-start|p1b: Sylveon|Encore\n|move|p1b: Sylveon|Hyper Voice|p2a: Gholdengo|[spread] p2a\n|-activate|p2b: Tauros|move: Protect\n|-resisted|p2a: Gholdengo\n|-damage|p2a: Gholdengo|47\/100\n|move|p2a: Gholdengo|Make It Rain|p1b: Sylveon|[spread] p1a,p1b\n|-resisted|p1b: Sylveon\n|-damage|p1a: Sableye|0 fnt\n|-damage|p1b: Sylveon|59\/100\n|-unboost|p2a: Gholdengo|spa|1\n|faint|p1a: Sableye\n|\n|upkeep\n|\n|t:|1726109955\n|switch|p1a: Gholdengo|Gholdengo, L50|100\/100\n|turn|3\n|inactive|birdkeeperneek has 30 seconds left.\n|\n|t:|1726109989\n|move|p1a: Gholdengo|Shadow Ball|p2b: Tauros\n|-damage|p2b: Tauros|0 fnt\n|faint|p2b: Tauros\n|move|p2a: Gholdengo|Make It Rain|p1b: Sylveon|[spread] p1a,p1b\n|-resisted|p1a: Gholdengo\n|-resisted|p1b: Sylveon\n|-damage|p1a: Gholdengo|78\/100\n|-damage|p1b: Sylveon|45\/100\n|-unboost|p2a: Gholdengo|spa|1\n|move|p1b: Sylveon|Hyper Voice|p2a: Gholdengo\n|-resisted|p2a: Gholdengo\n|-damage|p2a: Gholdengo|0 fnt\n|faint|p2a: Gholdengo\n|\n|upkeep\n|\n|t:|1726109996\n|switch|p2b: Primarina|Primarina, L50, M|100\/100\n|switch|p2a: Whimsicott|Whimsicott, L50, F, shiny|100\/100\n|turn|4\n|\n|t:|1726110005\n|move|p2a: Whimsicott|Tailwind|p2a: Whimsicott\n|-sidestart|p2: birdkeeperneek|move: Tailwind\n|move|p1a: Gholdengo|Shadow Ball|p2b: Primarina\n|-damage|p2b: Primarina|60\/100\n|move|p2b: Primarina|Hyper Voice|p1a: Gholdengo|[spread] p1a,p1b\n|-supereffective|p1b: Sylveon\n|-crit|p1b: Sylveon\n|-damage|p1a: Gholdengo|38\/100\n|-damage|p1b: Sylveon|0 fnt\n|faint|p1b: Sylveon\n|-enditem|p2b: Primarina|Throat Spray\n|-boost|p2b: Primarina|spa|1|[from] item: Throat Spray\n|\n|upkeep\n|\n|t:|1726110006\n|switch|p1b: Dragonite|Dragonite, L50, M|100\/100\n|turn|5\n|\n|t:|1726110030\n|move|p2b: Primarina|Protect|p2b: Primarina\n|-singleturn|p2b: Primarina|Protect\n|move|p1b: Dragonite|Extreme Speed|p2b: Primarina\n|-activate|p2b: Primarina|move: Protect\n|move|p2a: Whimsicott|Moonblast|p1b: Dragonite\n|-supereffective|p1b: Dragonite\n|-damage|p1b: Dragonite|79\/100\n|move|p1a: Gholdengo|Shadow Ball|p2b: Primarina\n|-activate|p2b: Primarina|move: Protect\n|\n|upkeep\n|turn|6\n|inactive|birdkeeperneek has 30 seconds left.\n|\n|t:|1726110057\n|-terastallize|p2a: Whimsicott|Ghost\n|move|p1b: Dragonite|Extreme Speed|p2b: Primarina\n|-damage|p2b: Primarina|26\/100\n|move|p2a: Whimsicott|Moonblast|p1a: Gholdengo\n|-resisted|p1a: Gholdengo\n|-damage|p1a: Gholdengo|16\/100\n|move|p1a: Gholdengo|Shadow Ball|p2b: Primarina\n|-damage|p2b: Primarina|0 fnt\n|faint|p2b: Primarina\n|\n|upkeep\n|turn|7\n|\n|t:|1726110074\n|move|p2a: Whimsicott|Moonblast|p1a: Gholdengo\n|-resisted|p1a: Gholdengo\n|-damage|p1a: Gholdengo|0 fnt\n|faint|p1a: Gholdengo\n|move|p1b: Dragonite|Outrage|p2a: Whimsicott\n|-enditem|p2a: Whimsicott|Focus Sash\n|-damage|p2a: Whimsicott|1\/100\n|\n|-sideend|p2: birdkeeperneek|move: Tailwind\n|upkeep\n|turn|8\n|\n|t:|1726110082\n|move|p2a: Whimsicott|Protect|p2a: Whimsicott\n|-singleturn|p2a: Whimsicott|Protect\n|move|p1b: Dragonite|Outrage|p2a: Whimsicott|[from]lockedmove\n|-activate|p2a: Whimsicott|move: Protect\n|-start|p1b: Dragonite|confusion|[fatigue]\n|\n|upkeep\n|turn|9\n|j| mr pogostick\n|\n|t:|1726110089\n|move|p2a: Whimsicott|Moonblast|p1b: Dragonite\n|-supereffective|p1b: Dragonite\n|-damage|p1b: Dragonite|37\/100\n|-activate|p1b: Dragonite|confusion\n|-damage|p1b: Dragonite|23\/100|[from] confusion\n|\n|upkeep\n|turn|10\n|c|\u2606bieiup|.......\n|\n|t:|1726110097\n|move|p2a: Whimsicott|Moonblast|p1b: Dragonite\n|-supereffective|p1b: Dragonite\n|-damage|p1b: Dragonite|0 fnt\n|faint|p1b: Dragonite\n|\n|win|birdkeeperneek\n|raw|bieiup's rating: 1720 &rarr; <strong>1701<\/strong><br \/>(-19 for losing)\n|raw|birdkeeperneek's rating: 1744 &rarr; <strong>1763<\/strong><br \/>(+19 for winning)\n|l|\u2606bieiup\n|player|p1|\n|c|\u2606birdkeeperneek|I played for it but\n|c|\u2606birdkeeperneek|sorry anyway\n|l| mr pogostick\n|l|\u2606birdkeeperneek\n|player|p2|\n|l| BlindMagneton\n","uploadtime":1726110309,"views":30,"formatid":"gen9vgc2024regh","rating":1701,"private":0,"password":null}