{"id":"gen9vgc2024regh-2199090899","format":"[Gen 9] VGC 2024 Reg H","players":["Tommytinkle","fangame10"],"log":"|j|\u2606Tommytinkle\n|j|\u2606fangame10\n|t:|1726031799\n|gametype|doubles\n|player|p1|Tommytinkle|265|1771\n|player|p2|fangame10|red|1810\n|teamsize|p1|6\n|teamsize|p2|6\n|gen|9\n|tier|[Gen 9] VGC 2024 Reg H\n|rated|\n|rule|Species Clause: Limit one of each Pok\u00e9mon\n|rule|Item Clause: Limit 1 of each item\n|clearpoke\n|poke|p1|Garchomp, L50, M|\n|poke|p1|Dragonite, L50, M|\n|poke|p1|Annihilape, L50, M|\n|poke|p1|Maushold, L50|\n|poke|p1|Tyranitar, L50, M|\n|poke|p1|Primarina, L50, M|\n|poke|p2|Baxcalibur, L50, F|\n|poke|p2|Ninetales-Alola, L50, F|\n|poke|p2|Milotic, L50, M|\n|poke|p2|Skeledirge, L50, F|\n|poke|p2|Rillaboom, L50, M|\n|poke|p2|Sneasler, L50, M|\n|teampreview|4\n|inactive|Battle timer is ON: inactive players will automatically lose when time's up. (requested by fangame10)\n|inactive|Tommytinkle has 60 seconds left.\n|inactive|fangame10 has 60 seconds left.\n|\n|t:|1726031832\n|start\n|switch|p1a: Annihilape|Annihilape, L50, M|100\/100\n|switch|p1b: Maushold|Maushold, L50|100\/100\n|switch|p2a: Sneasler|Sneasler, L50, M, shiny|100\/100\n|switch|p2b: Ninetales|Ninetales-Alola, L50, F, shiny|100\/100\n|-weather|Snow|[from] ability: Snow Warning|[of] p2b: Ninetales\n|turn|1\n|\n|t:|1726031853\n|switch|p1b: Tyranitar|Tyranitar, L50, M|100\/100\n|-weather|Sandstorm|[from] ability: Sand Stream|[of] p1b: Tyranitar\n|move|p2a: Sneasler|Dire Claw|p1a: Annihilape\n|-resisted|p1a: Annihilape\n|-crit|p1a: Annihilape\n|-damage|p1a: Annihilape|67\/100\n|-status|p1a: Annihilape|par\n|move|p2b: Ninetales|Moonblast|p1a: Annihilape\n|-supereffective|p1a: Annihilape\n|-damage|p1a: Annihilape|12\/100 par\n|move|p1a: Annihilape|Bulk Up|p1a: Annihilape\n|-boost|p1a: Annihilape|atk|1\n|-boost|p1a: Annihilape|def|1\n|\n|-weather|Sandstorm|[upkeep]\n|-damage|p2a: Sneasler|95\/100|[from] Sandstorm\n|-damage|p2b: Ninetales|94\/100|[from] Sandstorm\n|-damage|p1a: Annihilape|6\/100 par|[from] Sandstorm\n|-heal|p1a: Annihilape|12\/100 par|[from] item: Leftovers\n|upkeep\n|turn|2\n|inactive|Tommytinkle has 30 seconds left.\n|inactive|fangame10 has 30 seconds left.\n|inactive|fangame10 has 20 seconds left.\n|\n|t:|1726031888\n|switch|p2b: Rillaboom|Rillaboom, L50, M, shiny|100\/100\n|-fieldstart|move: Grassy Terrain|[from] ability: Grassy Surge|[of] p2b: Rillaboom\n|-terastallize|p1b: Tyranitar|Flying\n|move|p2a: Sneasler|Dire Claw|p1a: Annihilape\n|-resisted|p1a: Annihilape\n|-damage|p1a: Annihilape|0 fnt\n|faint|p1a: Annihilape\n|move|p1b: Tyranitar|Tera Blast|p2a: Sneasler|[anim] Tera Blast Flying\n|-supereffective|p2a: Sneasler\n|-damage|p2a: Sneasler|0 fnt\n|faint|p2a: Sneasler\n|\n|-weather|Sandstorm|[upkeep]\n|-damage|p2b: Rillaboom|95\/100|[from] Sandstorm\n|-damage|p1b: Tyranitar|95\/100|[from] Sandstorm\n|-heal|p2b: Rillaboom|100\/100|[from] Grassy Terrain\n|upkeep\n|\n|t:|1726031912\n|switch|p2a: Ninetales|Ninetales-Alola, L50, F, shiny|94\/100\n|switch|p1a: Maushold|Maushold, L50|100\/100\n|-weather|Snow|[from] ability: Snow Warning|[of] p2a: Ninetales\n|turn|3\n|\n|t:|1726031928\n|move|p2a: Ninetales|Blizzard|p1a: Maushold|[spread] p1a,p1b\n|-supereffective|p1b: Tyranitar\n|-damage|p1a: Maushold|67\/100\n|-damage|p1b: Tyranitar|70\/100\n|-status|p1a: Maushold|frz\n|-status|p1b: Tyranitar|frz\n|cant|p1a: Maushold|frz\n|move|p2b: Rillaboom|Wood Hammer|p1a: Maushold\n|-damage|p1a: Maushold|0 fnt\n|faint|p1a: Maushold\n|-damage|p2b: Rillaboom|81\/100|[from] Recoil\n|cant|p1b: Tyranitar|frz\n|\n|-weather|Snow|[upkeep]\n|-heal|p2a: Ninetales|100\/100|[from] Grassy Terrain\n|-heal|p2b: Rillaboom|87\/100|[from] Grassy Terrain\n|upkeep\n|\n|t:|1726031936\n|switch|p1a: Primarina|Primarina, L50, M|100\/100\n|turn|4\n|\n|t:|1726031940\n|move|p1a: Primarina|Protect|p1a: Primarina\n|-singleturn|p1a: Primarina|Protect\n|move|p2a: Ninetales|Aurora Veil|p2a: Ninetales\n|-sidestart|p2: fangame10|move: Aurora Veil\n|move|p2b: Rillaboom|Wood Hammer|p1a: Primarina\n|-activate|p1a: Primarina|move: Protect\n|cant|p1b: Tyranitar|frz\n|\n|-weather|Snow|[upkeep]\n|-heal|p2b: Rillaboom|93\/100|[from] Grassy Terrain\n|upkeep\n|turn|5\n|\n|t:|1726031951\n|move|p1a: Primarina|Protect||[still]\n|-fail|p1a: Primarina\n|move|p2a: Ninetales|Blizzard|p1b: Tyranitar|[spread] p1a,p1b\n|-resisted|p1a: Primarina\n|-crit|p1a: Primarina\n|-supereffective|p1b: Tyranitar\n|-damage|p1a: Primarina|82\/100\n|-damage|p1b: Tyranitar|40\/100 frz\n|move|p2b: Rillaboom|Wood Hammer|p1a: Primarina\n|-supereffective|p1a: Primarina\n|-damage|p1a: Primarina|0 fnt\n|faint|p1a: Primarina\n|-damage|p2b: Rillaboom|68\/100|[from] Recoil\n|-curestatus|p1b: Tyranitar|frz|[msg]\n|move|p1b: Tyranitar|Tera Blast|p2b: Rillaboom|[anim] Tera Blast Flying\n|-supereffective|p2b: Rillaboom\n|-damage|p2b: Rillaboom|12\/100\n|\n|-weather|Snow|[upkeep]\n|-heal|p2b: Rillaboom|18\/100|[from] Grassy Terrain\n|upkeep\n|turn|6\n|-message|Tommytinkle forfeited.\n|\n|win|fangame10\n|raw|Tommytinkle's rating: 1771 &rarr; <strong>1753<\/strong><br \/>(-18 for losing)\n|raw|fangame10's rating: 1810 &rarr; <strong>1828<\/strong><br \/>(+18 for winning)\n|l|\u2606Tommytinkle\n|player|p1|\n|l|\u2606fangame10\n|player|p2|\n","uploadtime":1726032167,"views":139,"formatid":"gen9vgc2024regh","rating":1753,"private":0,"password":null}