{"id":"gen9vgc2024regh-2199179503","format":"[Gen 9] VGC 2024 Reg H","players":["kojimuranishi","toritonpoke"],"log":"|j|\u2606kojimuranishi\n|j|\u2606toritonpoke\n|t:|1726047660\n|gametype|doubles\n|player|p1|kojimuranishi|101|1752\n|player|p2|toritonpoke|265|1826\n|teamsize|p1|6\n|teamsize|p2|6\n|gen|9\n|tier|[Gen 9] VGC 2024 Reg H\n|rated|\n|rule|Species Clause: Limit one of each Pok\u00e9mon\n|rule|Item Clause: Limit 1 of each item\n|clearpoke\n|poke|p1|Incineroar, L50, M|\n|poke|p1|Gholdengo, L50|\n|poke|p1|Ursaluna-Bloodmoon, L50, M|\n|poke|p1|Whimsicott, L50, F|\n|poke|p1|Dragonite, L50, F|\n|poke|p1|Primarina, L50, F|\n|poke|p2|Dondozo, L50, M|\n|poke|p2|Tatsugiri-Stretchy, L50, F|\n|poke|p2|Sylveon, L50, M|\n|poke|p2|Archaludon, L50, F|\n|poke|p2|Dragonite, L50, F|\n|poke|p2|Gholdengo, L50|\n|teampreview|4\n|inactive|Battle timer is ON: inactive players will automatically lose when time's up. (requested by kojimuranishi)\n|inactive|kojimuranishi has 60 seconds left.\n|inactive|toritonpoke has 60 seconds left.\n|\n|t:|1726047701\n|start\n|switch|p1a: Whimsicott|Whimsicott, L50, F|100\/100\n|switch|p1b: Ursaluna|Ursaluna-Bloodmoon, L50, M|100\/100\n|switch|p2a: Dondozo|Dondozo, L50, M|100\/100\n|switch|p2b: Sylveon|Sylveon, L50, M|100\/100\n|turn|1\n|j| m0rten_vallah\n|\n|t:|1726047720\n|switch|p2b: Tatsugiri|Tatsugiri-Stretchy, L50, F|100\/100\n|-activate|p2b: Tatsugiri|ability: Commander|[of] p2a: Dondozo\n|-boost|p2a: Dondozo|atk|2\n|-boost|p2a: Dondozo|spa|2\n|-boost|p2a: Dondozo|spe|2\n|-boost|p2a: Dondozo|def|2\n|-boost|p2a: Dondozo|spd|2\n|move|p1a: Whimsicott|Protect|p1a: Whimsicott\n|-singleturn|p1a: Whimsicott|Protect\n|move|p1b: Ursaluna|Protect|p1b: Ursaluna\n|-singleturn|p1b: Ursaluna|Protect\n|move|p2a: Dondozo|Wave Crash|p1b: Ursaluna\n|-activate|p1b: Ursaluna|move: Protect\n|\n|upkeep\n|turn|2\n|inactive|kojimuranishi has 30 seconds left.\n|\n|t:|1726047747\n|-terastallize|p1b: Ursaluna|Normal\n|move|p1a: Whimsicott|Tailwind|p1a: Whimsicott\n|-sidestart|p1: kojimuranishi|move: Tailwind\n|move|p1b: Ursaluna|Blood Moon|p2a: Dondozo\n|-damage|p2a: Dondozo|29\/100\n|-damage|p1b: Ursaluna|91\/100|[from] item: Life Orb\n|move|p2a: Dondozo|Wave Crash|p1b: Ursaluna\n|-damage|p1b: Ursaluna|0 fnt\n|faint|p1b: Ursaluna\n|-damage|p2a: Dondozo|4\/100|[from] Recoil\n|-enditem|p2a: Dondozo|Figy Berry|[eat]\n|-heal|p2a: Dondozo|37\/100|[from] item: Figy Berry\n|\n|upkeep\n|\n|t:|1726047767\n|switch|p1b: Gholdengo|Gholdengo, L50|100\/100\n|turn|3\n|\n|t:|1726047774\n|move|p1a: Whimsicott|Moonblast|p2a: Dondozo\n|-damage|p2a: Dondozo|14\/100\n|move|p1b: Gholdengo|Shadow Ball|p2a: Dondozo\n|-damage|p2a: Dondozo|0 fnt\n|faint|p2a: Dondozo\n|\n|upkeep\n|\n|t:|1726047780\n|switch|p2a: Archaludon|Archaludon, L50, F|100\/100\n|turn|4\n|\n|t:|1726047792\n|move|p1a: Whimsicott|Moonblast|p2a: Archaludon\n|-damage|p2a: Archaludon|44\/100\n|move|p1b: Gholdengo|Shadow Ball|p2a: Archaludon\n|-damage|p2a: Archaludon|0 fnt\n|faint|p2a: Archaludon\n|move|p2b: Tatsugiri|Icy Wind|p1b: Gholdengo|[spread] p1a,p1b\n|-supereffective|p1a: Whimsicott\n|-resisted|p1b: Gholdengo\n|-damage|p1a: Whimsicott|53\/100\n|-damage|p1b: Gholdengo|94\/100\n|-unboost|p1a: Whimsicott|spe|1\n|-unboost|p1b: Gholdengo|spe|1\n|\n|upkeep\n|\n|t:|1726047801\n|switch|p2a: Sylveon|Sylveon, L50, M|100\/100\n|turn|5\n|\n|t:|1726047809\n|-terastallize|p2a: Sylveon|Steel\n|move|p1a: Whimsicott|Moonblast|p2a: Sylveon\n|-resisted|p2a: Sylveon\n|-damage|p2a: Sylveon|85\/100\n|move|p1b: Gholdengo|Shadow Ball|p2a: Sylveon\n|-damage|p2a: Sylveon|31\/100\n|move|p2b: Tatsugiri|Muddy Water|p1b: Gholdengo|[spread] p1a,p1b\n|-resisted|p1a: Whimsicott\n|-damage|p1a: Whimsicott|26\/100\n|-damage|p1b: Gholdengo|61\/100\n|move|p2a: Sylveon|Hyper Voice|p1b: Gholdengo|[spread] p1a,p1b\n|-resisted|p1b: Gholdengo\n|-damage|p1a: Whimsicott|0 fnt\n|-damage|p1b: Gholdengo|30\/100\n|faint|p1a: Whimsicott\n|\n|-sideend|p1: kojimuranishi|move: Tailwind\n|upkeep\n|l| m0rten_vallah\n|\n|t:|1726047827\n|switch|p1a: Primarina|Primarina, L50, F|100\/100\n|turn|6\n|\n|t:|1726047836\n|move|p2b: Tatsugiri|Icy Wind|p1b: Gholdengo|[spread] p1a,p1b\n|-resisted|p1a: Primarina\n|-resisted|p1b: Gholdengo\n|-damage|p1a: Primarina|96\/100\n|-damage|p1b: Gholdengo|23\/100\n|-unboost|p1a: Primarina|spe|1\n|-unboost|p1b: Gholdengo|spe|1\n|move|p2a: Sylveon|Hyper Voice|p1a: Primarina|[spread] p1a,p1b\n|-resisted|p1b: Gholdengo\n|-damage|p1a: Primarina|51\/100\n|-damage|p1b: Gholdengo|0 fnt\n|faint|p1b: Gholdengo\n|move|p1a: Primarina|Hyper Voice|p2b: Tatsugiri|[spread] p2a,p2b\n|-resisted|p2b: Tatsugiri\n|-damage|p2a: Sylveon|3\/100\n|-damage|p2b: Tatsugiri|88\/100\n|\n|upkeep\n|turn|7\n|inactive|kojimuranishi has 30 seconds left.\n|\n|t:|1726047869\n|move|p2b: Tatsugiri|Helping Hand|p2a: Sylveon\n|-singleturn|p2a: Sylveon|Helping Hand|[of] p2b: Tatsugiri\n|move|p2a: Sylveon|Hyper Voice|p1a: Primarina\n|-damage|p1a: Primarina|0 fnt\n|faint|p1a: Primarina\n|\n|win|toritonpoke\n|raw|kojimuranishi's rating: 1752 &rarr; <strong>1736<\/strong><br \/>(-16 for losing)\n|raw|toritonpoke's rating: 1826 &rarr; <strong>1842<\/strong><br \/>(+16 for winning)\n|l|\u2606toritonpoke\n|player|p2|\n","uploadtime":1726048065,"views":193,"formatid":"gen9vgc2024regh","rating":1736,"private":0,"password":null}