{"id":"gen9vgc2024regh-2200377481","format":"[Gen 9] VGC 2024 Reg H","players":["bieiup","oznerolvgc"],"log":"|j|\u2606bieiup\n|j|\u2606oznerolvgc\n|t:|1726179875\n|gametype|doubles\n|player|p1|bieiup|lillie-z|1774\n|player|p2|oznerolvgc|265|1656\n|teamsize|p1|6\n|teamsize|p2|6\n|gen|9\n|tier|[Gen 9] VGC 2024 Reg H\n|rated|\n|rule|Species Clause: Limit one of each Pok\u00e9mon\n|rule|Item Clause: Limit 1 of each item\n|clearpoke\n|poke|p1|Sableye, L50, M|\n|poke|p1|Dondozo, L50, F|\n|poke|p1|Sylveon, L50, F|\n|poke|p1|Dragonite, L50, M|\n|poke|p1|Gholdengo, L50|\n|poke|p1|Ursaluna-Bloodmoon, L50, M|\n|poke|p2|Pelipper, L50, M|\n|poke|p2|Archaludon, L50, F|\n|poke|p2|Basculegion, L50, M|\n|poke|p2|Salamence, L50, F|\n|poke|p2|Kingambit, L50, M|\n|poke|p2|Amoonguss, L50, M|\n|teampreview|4\n|inactive|Battle timer is ON: inactive players will automatically lose when time's up. (requested by oznerolvgc)\n|\n|t:|1726179905\n|start\n|switch|p1a: Sableye|Sableye, L50, M|100\/100\n|switch|p1b: Sylveon|Sylveon, L50, F|100\/100\n|switch|p2a: Pelipper|Pelipper, L50, M|100\/100\n|switch|p2b: Basculegion|Basculegion, L50, M|100\/100\n|-weather|RainDance|[from] ability: Drizzle|[of] p2a: Pelipper\n|turn|1\n|\n|t:|1726179929\n|move|p1b: Sylveon|Protect|p1b: Sylveon\n|-singleturn|p1b: Sylveon|Protect\n|move|p2a: Pelipper|Wide Guard|p2a: Pelipper\n|-singleturn|p2a: Pelipper|Wide Guard\n|move|p1a: Sableye|Will-O-Wisp|p2b: Basculegion\n|-status|p2b: Basculegion|brn\n|move|p2b: Basculegion|Wave Crash|p1a: Sableye\n|-damage|p1a: Sableye|1\/100\n|-damage|p2b: Basculegion|77\/100 brn|[from] Recoil\n|\n|-weather|RainDance|[upkeep]\n|-damage|p2b: Basculegion|71\/100 brn|[from] brn\n|upkeep\n|turn|2\n|\n|t:|1726179953\n|move|p1a: Sableye|Encore|p2a: Pelipper\n|-start|p2a: Pelipper|Encore\n|move|p2b: Basculegion|Wave Crash|p1b: Sylveon\n|-damage|p1b: Sylveon|16\/100\n|-damage|p2b: Basculegion|45\/100 brn|[from] Recoil\n|move|p2a: Pelipper|Wide Guard|p2a: Pelipper\n|-singleturn|p2a: Pelipper|Wide Guard\n|move|p1b: Sylveon|Tera Blast|p2b: Basculegion\n|-damage|p2b: Basculegion|0 fnt\n|faint|p2b: Basculegion\n|\n|-weather|RainDance|[upkeep]\n|upkeep\n|\n|t:|1726179968\n|switch|p2b: Archaludon|Archaludon, L50, F|100\/100\n|turn|3\n|\n|t:|1726179985\n|switch|p2a: Amoonguss|Amoonguss, L50, M|100\/100\n|switch|p1b: Ursaluna|Ursaluna-Bloodmoon, L50, M|100\/100\n|move|p1a: Sableye|Light Screen|p1a: Sableye\n|-sidestart|p1: bieiup|move: Light Screen\n|move|p2b: Archaludon|Snarl|p1b: Ursaluna|[spread] p1a,p1b\n|-damage|p1a: Sableye|0 fnt\n|-damage|p1b: Ursaluna|90\/100\n|-unboost|p1b: Ursaluna|spa|1\n|faint|p1a: Sableye\n|\n|-weather|RainDance|[upkeep]\n|upkeep\n|\n|t:|1726179993\n|switch|p1a: Dragonite|Dragonite, L50, M|100\/100\n|turn|4\n|j| kas1123\n|\n|t:|1726180008\n|-terastallize|p2b: Archaludon|Grass\n|move|p2b: Archaludon|Snarl|p1b: Ursaluna|[spread] p1a,p1b\n|-damage|p1a: Dragonite|97\/100\n|-damage|p1b: Ursaluna|81\/100\n|-unboost|p1a: Dragonite|spa|1\n|-unboost|p1b: Ursaluna|spa|1\n|move|p1a: Dragonite|Aerial Ace|p2a: Amoonguss\n|-supereffective|p2a: Amoonguss\n|-damage|p2a: Amoonguss|40\/100\n|-enditem|p2a: Amoonguss|Sitrus Berry|[eat]\n|-heal|p2a: Amoonguss|65\/100|[from] item: Sitrus Berry\n|move|p1b: Ursaluna|Blood Moon|p2a: Amoonguss\n|-damage|p2a: Amoonguss|27\/100\n|-damage|p1b: Ursaluna|72\/100|[from] item: Life Orb\n|move|p2a: Amoonguss|Spore|p1a: Dragonite\n|-status|p1a: Dragonite|slp|[from] move: Spore\n|\n|-weather|RainDance|[upkeep]\n|upkeep\n|turn|5\n|inactive|bieiup has 30 seconds left.\n|inactive|oznerolvgc has 30 seconds left.\n|\n|t:|1726180037\n|switch|p2a: Pelipper|Pelipper, L50, M|100\/100\n|move|p2b: Archaludon|Electro Shot||[still]\n|-prepare|p2b: Archaludon|Electro Shot\n|-boost|p2b: Archaludon|spa|1\n|-anim|p2b: Archaludon|Electro Shot|p1a: Dragonite\n|-damage|p1a: Dragonite|72\/100 slp\n|cant|p1a: Dragonite|slp\n|move|p1b: Ursaluna|Hyper Voice|p2a: Pelipper|[spread] p2a,p2b\n|-damage|p2a: Pelipper|55\/100\n|-damage|p2b: Archaludon|82\/100\n|-ability|p2b: Archaludon|Stamina|boost\n|-boost|p2b: Archaludon|def|1\n|-damage|p1b: Ursaluna|62\/100|[from] item: Life Orb\n|\n|-weather|none\n|upkeep\n|turn|6\n|inactive|oznerolvgc has 30 seconds left.\n|\n|t:|1726180063\n|switch|p2a: Amoonguss|Amoonguss, L50, M|60\/100\n|switch|p1b: Sylveon|Sylveon, L50, F|16\/100\n|move|p2b: Archaludon|Dragon Pulse|p1a: Dragonite\n|-supereffective|p1a: Dragonite\n|-damage|p1a: Dragonite|21\/100 slp\n|-curestatus|p1a: Dragonite|slp|[msg]\n|move|p1a: Dragonite|Outrage|p2a: Amoonguss\n|-damage|p2a: Amoonguss|0 fnt\n|faint|p2a: Amoonguss\n|\n|upkeep\n|\n|t:|1726180076\n|switch|p2a: Pelipper|Pelipper, L50, M|55\/100\n|-weather|RainDance|[from] ability: Drizzle|[of] p2a: Pelipper\n|turn|7\n|\n|t:|1726180100\n|move|p2b: Archaludon|Electro Shot||[still]\n|-prepare|p2b: Archaludon|Electro Shot\n|-boost|p2b: Archaludon|spa|1\n|-anim|p2b: Archaludon|Electro Shot|p1b: Sylveon\n|-damage|p1b: Sylveon|0 fnt\n|faint|p1b: Sylveon\n|move|p2a: Pelipper|Weather Ball|p1a: Dragonite\n|-resisted|p1a: Dragonite\n|-damage|p1a: Dragonite|7\/100\n|move|p1a: Dragonite|Outrage|p2a: Pelipper|[from]lockedmove\n|-damage|p2a: Pelipper|0 fnt\n|faint|p2a: Pelipper\n|\n|-weather|RainDance|[upkeep]\n|-sideend|p1: bieiup|move: Light Screen\n|upkeep\n|\n|t:|1726180105\n|switch|p1b: Ursaluna|Ursaluna-Bloodmoon, L50, M|62\/100\n|turn|8\n|\n|t:|1726180116\n|-terastallize|p1b: Ursaluna|Steel\n|move|p2b: Archaludon|Snarl|p1b: Ursaluna|[spread] p1a,p1b\n|-crit|p1b: Ursaluna\n|-damage|p1a: Dragonite|0 fnt\n|-damage|p1b: Ursaluna|18\/100\n|-unboost|p1b: Ursaluna|spa|1\n|faint|p1a: Dragonite\n|move|p1b: Ursaluna|Blood Moon|p2b: Archaludon\n|-damage|p2b: Archaludon|28\/100\n|-ability|p2b: Archaludon|Stamina|boost\n|-boost|p2b: Archaludon|def|1\n|-damage|p1b: Ursaluna|9\/100|[from] item: Life Orb\n|\n|-weather|RainDance|[upkeep]\n|upkeep\n|turn|9\n|\n|t:|1726180129\n|move|p1b: Ursaluna|Vacuum Wave|p2b: Archaludon\n|-damage|p2b: Archaludon|17\/100\n|-ability|p2b: Archaludon|Stamina|boost\n|-boost|p2b: Archaludon|def|1\n|-damage|p1b: Ursaluna|0 fnt|[from] item: Life Orb\n|faint|p1b: Ursaluna\n|\n|win|oznerolvgc\n|raw|bieiup's rating: 1774 &rarr; <strong>1747<\/strong><br \/>(-27 for losing)\n|raw|oznerolvgc's rating: 1656 &rarr; <strong>1683<\/strong><br \/>(+27 for winning)\n|l|\u2606bieiup\n|player|p1|\n|l| kas1123\n","uploadtime":1726180301,"views":10,"formatid":"gen9vgc2024regh","rating":1683,"private":0,"password":null}