{"id":"gen9vgc2024regh-2200428341","format":"[Gen 9] VGC 2024 Reg H","players":["CarryTheBoats","TwitterJasePokemon"],"log":"|j|\u2606CarryTheBoats\n|j|\u2606TwitterJasePokemon\n|t:|1726185798\n|gametype|doubles\n|player|p1|CarryTheBoats|crasherwake|1748\n|player|p2|TwitterJasePokemon|lucas|1699\n|teamsize|p1|6\n|teamsize|p2|6\n|gen|9\n|tier|[Gen 9] VGC 2024 Reg H\n|rated|\n|rule|Species Clause: Limit one of each Pok\u00e9mon\n|rule|Item Clause: Limit 1 of each item\n|clearpoke\n|poke|p1|Amoonguss, L50, F|\n|poke|p1|Kingambit, L50, M|\n|poke|p1|Salamence, L50, F|\n|poke|p1|Archaludon, L50, M|\n|poke|p1|Pelipper, L50, M|\n|poke|p1|Basculegion, L50, M|\n|poke|p2|Archaludon, L50, M|\n|poke|p2|Murkrow, L50, F|\n|poke|p2|Gholdengo, L50|\n|poke|p2|Arcanine-Hisui, L50, F|\n|poke|p2|Samurott-Hisui, L50, F|\n|poke|p2|Decidueye-Hisui, L50, F|\n|teampreview|4\n|inactive|Battle timer is ON: inactive players will automatically lose when time's up. (requested by TwitterJasePokemon)\n|\n|t:|1726185826\n|start\n|switch|p1a: Salamence|Salamence, L50, F, shiny|100\/100\n|switch|p1b: Archaludon|Archaludon, L50, M|100\/100\n|switch|p2a: Archaludon|Archaludon, L50, M|100\/100\n|switch|p2b: Decidueye|Decidueye-Hisui, L50, F|100\/100\n|-ability|p1a: Salamence|Intimidate|boost\n|-unboost|p2a: Archaludon|atk|1\n|-fail|p2b: Decidueye|unboost|Attack|[from] ability: Scrappy|[of] p2b: Decidueye\n|turn|1\n|\n|t:|1726185840\n|-terastallize|p1a: Salamence|Steel\n|move|p2b: Decidueye|Triple Arrows|p1b: Archaludon\n|-supereffective|p1b: Archaludon\n|-damage|p1b: Archaludon|23\/100\n|move|p1a: Salamence|Air Slash|p2b: Decidueye\n|-supereffective|p2b: Decidueye\n|-damage|p2b: Decidueye|0 fnt\n|faint|p2b: Decidueye\n|move|p1b: Archaludon|Dragon Pulse|p2a: Archaludon\n|-damage|p2a: Archaludon|30\/100\n|move|p2a: Archaludon|Electro Shot||[still]\n|-prepare|p2a: Archaludon|Electro Shot\n|-boost|p2a: Archaludon|spa|1\n|-enditem|p2a: Archaludon|Power Herb\n|-anim|p2a: Archaludon|Electro Shot|p1b: Archaludon\n|-resisted|p1b: Archaludon\n|-damage|p1b: Archaludon|0 fnt\n|faint|p1b: Archaludon\n|\n|upkeep\n|\n|t:|1726185856\n|switch|p1b: Kingambit|Kingambit, L50, M, shiny|100\/100\n|switch|p2b: Samurott|Samurott-Hisui, L50, F|100\/100\n|turn|2\n|\n|t:|1726185865\n|move|p2a: Archaludon|Protect|p2a: Archaludon\n|-singleturn|p2a: Archaludon|Protect\n|move|p1b: Kingambit|Sucker Punch|p2b: Samurott\n|-resisted|p2b: Samurott\n|-damage|p2b: Samurott|73\/100\n|move|p1a: Salamence|Draco Meteor|p2b: Samurott\n|-crit|p2b: Samurott\n|-damage|p2b: Samurott|0 fnt\n|-unboost|p1a: Salamence|spa|2\n|faint|p2b: Samurott\n|\n|upkeep\n|j| hariyama lover\n|\n|t:|1726185874\n|switch|p2b: Arcanine|Arcanine-Hisui, L50, F|100\/100\n|turn|3\n|\n|t:|1726185888\n|switch|p1b: Pelipper|Pelipper, L50, M|100\/100\n|-weather|RainDance|[from] ability: Drizzle|[of] p1b: Pelipper\n|move|p1a: Salamence|Tailwind|p1a: Salamence\n|-sidestart|p1: CarryTheBoats|move: Tailwind\n|move|p2b: Arcanine|Close Combat|p1b: Pelipper\n|-resisted|p1b: Pelipper\n|-damage|p1b: Pelipper|75\/100\n|-unboost|p2b: Arcanine|def|1\n|-unboost|p2b: Arcanine|spd|1\n|move|p2a: Archaludon|Draco Meteor|p1a: Salamence\n|-resisted|p1a: Salamence\n|-damage|p1a: Salamence|28\/100\n|-unboost|p2a: Archaludon|spa|2\n|\n|-weather|RainDance|[upkeep]\n|upkeep\n|turn|4\n|j| BertrandParadox\n|\n|t:|1726185905\n|move|p1a: Salamence|Draco Meteor|p2a: Archaludon\n|-damage|p2a: Archaludon|0 fnt\n|-unboost|p1a: Salamence|spa|2\n|faint|p2a: Archaludon\n|move|p1b: Pelipper|Weather Ball|p2b: Arcanine\n|-supereffective|p2b: Arcanine\n|-enditem|p2b: Arcanine|Focus Sash\n|-damage|p2b: Arcanine|1\/100\n|move|p2b: Arcanine|Flare Blitz|p1a: Salamence\n|-supereffective|p1a: Salamence\n|-damage|p1a: Salamence|0 fnt\n|faint|p1a: Salamence\n|\n|-weather|RainDance|[upkeep]\n|upkeep\n|\n|t:|1726185908\n|switch|p1a: Kingambit|Kingambit, L50, M, shiny|100\/100\n|turn|5\n|-message|TwitterJasePokemon forfeited.\n|\n|win|CarryTheBoats\n|raw|CarryTheBoats's rating: 1748 &rarr; <strong>1765<\/strong><br \/>(+17 for winning)\n|raw|TwitterJasePokemon's rating: 1699 &rarr; <strong>1682<\/strong><br \/>(-17 for losing)\n|l|\u2606TwitterJasePokemon\n|player|p2|\n|l| BertrandParadox\n|l| hariyama lover\n|l|\u2606CarryTheBoats\n|player|p1|\n","uploadtime":1726186181,"views":39,"formatid":"gen9vgc2024regh","rating":1682,"private":0,"password":null}