{"id":"gen9vgc2024regh-2200011088","format":"[Gen 9] VGC 2024 Reg H","players":["roykeenkennedy","LilTic"],"log":"|j|\u2606roykeenkennedy\n|j|\u2606LilTic\n|t:|1726146160\n|gametype|doubles\n|player|p1|roykeenkennedy|alder|1687\n|player|p2|LilTic|ninjaboy|1657\n|teamsize|p1|6\n|teamsize|p2|6\n|gen|9\n|tier|[Gen 9] VGC 2024 Reg H\n|rated|\n|rule|Species Clause: Limit one of each Pok\u00e9mon\n|rule|Item Clause: Limit 1 of each item\n|clearpoke\n|poke|p1|Salamence, L50, F|\n|poke|p1|Incineroar, L50, F|\n|poke|p1|Weezing, L50, M|\n|poke|p1|Dragapult, L50, M|\n|poke|p1|Ursaluna-Bloodmoon, L50, M|\n|poke|p1|Primarina, L50, F|\n|poke|p2|Volcarona, L50, F|\n|poke|p2|Ninetales-Alola, L50, F|\n|poke|p2|Milotic, L50, F|\n|poke|p2|Incineroar, L50, F|\n|poke|p2|Amoonguss, L50, F|\n|poke|p2|Kingambit, L50, F|\n|teampreview|4\n|inactive|Battle timer is ON: inactive players will automatically lose when time's up. (requested by roykeenkennedy)\n|\n|t:|1726146190\n|start\n|switch|p1a: Salamence|Salamence, L50, F|100\/100\n|switch|p1b: Weezing|Weezing, L50, M|100\/100\n|switch|p2a: Milotic|Milotic, L50, F|100\/100\n|switch|p2b: Incineroar|Incineroar, L50, F|100\/100\n|-ability|p1b: Weezing|Neutralizing Gas\n|turn|1\n|inactive|roykeenkennedy has 30 seconds left.\n|\n|t:|1726146215\n|switch|p1a: Primarina|Primarina, L50, F|100\/100\n|move|p2b: Incineroar|Fake Out|p1a: Primarina\n|-damage|p1a: Primarina|89\/100\n|move|p2a: Milotic|Scald|p1b: Weezing\n|-damage|p1b: Weezing|61\/100\n|-status|p1b: Weezing|brn\n|move|p1b: Weezing|Sludge Bomb|p2a: Milotic\n|-damage|p2a: Milotic|80\/100\n|\n|-heal|p1b: Weezing|67\/100 brn|[from] item: Leftovers\n|-damage|p1b: Weezing|61\/100 brn|[from] brn\n|upkeep\n|turn|2\n|inactive|roykeenkennedy has 30 seconds left.\n|\n|t:|1726146240\n|-end|p1b: Weezing|ability: Neutralizing Gas\n|-ability|p2b: Incineroar|Intimidate|boost\n|-unboost|p1a: Primarina|atk|1\n|-unboost|p1b: Weezing|atk|1\n|switch|p1b: Salamence|Salamence, L50, F|100\/100\n|move|p2a: Milotic|Scald|p1a: Primarina\n|-resisted|p1a: Primarina\n|-damage|p1a: Primarina|76\/100\n|move|p1a: Primarina|Hyper Voice|p2b: Incineroar|[spread] p2a,p2b\n|-resisted|p2a: Milotic\n|-supereffective|p2b: Incineroar\n|-damage|p2a: Milotic|67\/100\n|-damage|p2b: Incineroar|38\/100\n|-enditem|p1a: Primarina|Throat Spray\n|-boost|p1a: Primarina|spa|1|[from] item: Throat Spray\n|move|p2b: Incineroar|Knock Off|p1b: Salamence\n|-damage|p1b: Salamence|57\/100\n|-enditem|p1b: Salamence|Choice Scarf|[from] move: Knock Off|[of] p2b: Incineroar\n|\n|upkeep\n|turn|3\n|\n|t:|1726146263\n|switch|p2b: Amoonguss|Amoonguss, L50, F|100\/100\n|move|p1b: Salamence|Tailwind|p1b: Salamence\n|-sidestart|p1: roykeenkennedy|move: Tailwind\n|move|p1a: Primarina|Energy Ball|p2a: Milotic\n|-supereffective|p2a: Milotic\n|-damage|p2a: Milotic|2\/100\n|-enditem|p2a: Milotic|Sitrus Berry|[eat]\n|-heal|p2a: Milotic|27\/100|[from] item: Sitrus Berry\n|move|p2a: Milotic|Scald|p1b: Salamence\n|-resisted|p1b: Salamence\n|-damage|p1b: Salamence|36\/100\n|-status|p1b: Salamence|brn\n|\n|-damage|p1b: Salamence|31\/100 brn|[from] brn\n|upkeep\n|turn|4\n|inactive|roykeenkennedy has 30 seconds left.\n|\n|t:|1726146297\n|-terastallize|p1a: Primarina|Grass\n|move|p2a: Milotic|Protect|p2a: Milotic\n|-singleturn|p2a: Milotic|Protect\n|move|p1b: Salamence|Dual Wingbeat|p2b: Amoonguss|[miss]\n|-miss|p1b: Salamence|p2b: Amoonguss\n|move|p1a: Primarina|Hyper Voice|p2a: Milotic|[spread] p2b\n|-activate|p2a: Milotic|move: Protect\n|-resisted|p2b: Amoonguss\n|-damage|p2b: Amoonguss|77\/100\n|move|p2b: Amoonguss|Spore|p1a: Primarina\n|-immune|p1a: Primarina\n|\n|-damage|p1b: Salamence|25\/100 brn|[from] brn\n|upkeep\n|turn|5\n|\n|t:|1726146316\n|move|p2b: Amoonguss|Protect|p2b: Amoonguss\n|-singleturn|p2b: Amoonguss|Protect\n|move|p1b: Salamence|Dual Wingbeat|p2a: Milotic\n|-damage|p2a: Milotic|17\/100\n|-damage|p2a: Milotic|7\/100\n|-hitcount|p2a: Milotic|2\n|move|p1a: Primarina|Hyper Voice|p2a: Milotic|[spread] p2a\n|-activate|p2b: Amoonguss|move: Protect\n|-resisted|p2a: Milotic\n|-damage|p2a: Milotic|0 fnt\n|faint|p2a: Milotic\n|\n|-damage|p1b: Salamence|19\/100 brn|[from] brn\n|upkeep\n|\n|t:|1726146321\n|switch|p2a: Volcarona|Volcarona, L50, F|100\/100\n|turn|6\n|\n|t:|1726146341\n|-terastallize|p2a: Volcarona|Grass\n|move|p2b: Amoonguss|Rage Powder|p2b: Amoonguss\n|-singleturn|p2b: Amoonguss|move: Rage Powder\n|move|p1b: Salamence|Rock Slide|p2b: Amoonguss|[spread] p2a,p2b\n|-damage|p2a: Volcarona|88\/100\n|-damage|p2b: Amoonguss|69\/100\n|move|p1a: Primarina|Hyper Voice|p2b: Amoonguss|[spread] p2a,p2b\n|-resisted|p2a: Volcarona\n|-resisted|p2b: Amoonguss\n|-damage|p2a: Volcarona|65\/100\n|-damage|p2b: Amoonguss|48\/100\n|move|p2a: Volcarona|Quiver Dance|p2a: Volcarona\n|-boost|p2a: Volcarona|spa|1\n|-boost|p2a: Volcarona|spd|1\n|-boost|p2a: Volcarona|spe|1\n|\n|-heal|p2a: Volcarona|71\/100|[from] item: Leftovers\n|-damage|p1b: Salamence|14\/100 brn|[from] brn\n|-sideend|p1: roykeenkennedy|move: Tailwind\n|upkeep\n|turn|7\n|inactive|roykeenkennedy has 30 seconds left.\n|\n|t:|1726146366\n|move|p1a: Primarina|Protect|p1a: Primarina\n|-singleturn|p1a: Primarina|Protect\n|move|p2a: Volcarona|Fiery Dance|p1b: Salamence\n|-resisted|p1b: Salamence\n|-damage|p1b: Salamence|0 fnt\n|-boost|p2a: Volcarona|spa|1\n|faint|p1b: Salamence\n|move|p2b: Amoonguss|Pollen Puff|p2a: Volcarona\n|-heal|p2a: Volcarona|100\/100\n|\n|upkeep\n|\n|t:|1726146382\n|switch|p1b: Incineroar|Incineroar, L50, F|100\/100\n|-ability|p1b: Incineroar|Intimidate|boost\n|-unboost|p2a: Volcarona|atk|1\n|-unboost|p2b: Amoonguss|atk|1\n|turn|8\n|inactive|LilTic has 30 seconds left.\n|inactive|roykeenkennedy has 30 seconds left.\n|\n|t:|1726146421\n|move|p2a: Volcarona|Protect|p2a: Volcarona\n|-singleturn|p2a: Volcarona|Protect\n|move|p2b: Amoonguss|Protect|p2b: Amoonguss\n|-singleturn|p2b: Amoonguss|Protect\n|move|p1b: Incineroar|Fake Out|p2a: Volcarona\n|-activate|p2a: Volcarona|move: Protect\n|move|p1a: Primarina|Hyper Voice|p2b: Amoonguss|[spread] \n|-activate|p2a: Volcarona|move: Protect\n|-activate|p2b: Amoonguss|move: Protect\n|\n|upkeep\n|turn|9\n|\n|t:|1726146434\n|switch|p2b: Incineroar|Incineroar, L50, F|38\/100\n|-ability|p2b: Incineroar|Intimidate|boost\n|-unboost|p1a: Primarina|atk|1\n|-unboost|p1b: Incineroar|atk|1\n|move|p1a: Primarina|Protect|p1a: Primarina\n|-singleturn|p1a: Primarina|Protect\n|move|p2a: Volcarona|Fiery Dance|p1b: Incineroar\n|-resisted|p1b: Incineroar\n|-damage|p1b: Incineroar|70\/100\n|-boost|p2a: Volcarona|spa|1\n|move|p1b: Incineroar|Flare Blitz|p2a: Volcarona\n|-supereffective|p2a: Volcarona\n|-damage|p2a: Volcarona|24\/100\n|-damage|p1b: Incineroar|46\/100|[from] Recoil\n|\n|-heal|p2a: Volcarona|31\/100|[from] item: Leftovers\n|upkeep\n|turn|10\n|\n|t:|1726146457\n|switch|p1b: Weezing|Weezing, L50, M|61\/100 brn\n|-ability|p1b: Weezing|Neutralizing Gas\n|move|p2b: Incineroar|Fake Out|p1b: Weezing\n|-damage|p1b: Weezing|51\/100 brn\n|move|p2a: Volcarona|Fiery Dance|p1a: Primarina\n|-supereffective|p1a: Primarina\n|-damage|p1a: Primarina|0 fnt\n|faint|p1a: Primarina\n|\n|-heal|p2a: Volcarona|37\/100|[from] item: Leftovers\n|-heal|p1b: Weezing|57\/100 brn|[from] item: Leftovers\n|-damage|p1b: Weezing|51\/100 brn|[from] brn\n|upkeep\n|\n|t:|1726146473\n|switch|p1a: Incineroar|Incineroar, L50, F|46\/100\n|-ability|p1a: Incineroar|Intimidate|boost\n|-unboost|p2a: Volcarona|atk|1\n|-unboost|p2b: Incineroar|atk|1\n|turn|11\n|\n|t:|1726146480\n|switch|p2b: Amoonguss|Amoonguss, L50, F|81\/100\n|move|p2a: Volcarona|Protect|p2a: Volcarona\n|-singleturn|p2a: Volcarona|Protect\n|move|p1a: Incineroar|Fake Out|p2a: Volcarona\n|-activate|p2a: Volcarona|move: Protect\n|move|p1b: Weezing|Taunt|p2b: Amoonguss\n|-start|p2b: Amoonguss|move: Taunt\n|\n|-heal|p2a: Volcarona|43\/100|[from] item: Leftovers\n|-heal|p1b: Weezing|57\/100 brn|[from] item: Leftovers\n|-damage|p1b: Weezing|51\/100 brn|[from] brn\n|upkeep\n|turn|12\n|\n|t:|1726146497\n|move|p1b: Weezing|Protect|p1b: Weezing\n|-singleturn|p1b: Weezing|Protect\n|move|p2a: Volcarona|Fiery Dance|p1a: Incineroar\n|-resisted|p1a: Incineroar\n|-damage|p1a: Incineroar|7\/100\n|move|p1a: Incineroar|Flare Blitz|p2a: Volcarona\n|-supereffective|p2a: Volcarona\n|-damage|p2a: Volcarona|0 fnt\n|faint|p2a: Volcarona\n|-damage|p1a: Incineroar|0 fnt|[from] Recoil\n|faint|p1a: Incineroar\n|move|p2b: Amoonguss|Pollen Puff|p1b: Weezing\n|-activate|p1b: Weezing|move: Protect\n|\n|-heal|p1b: Weezing|57\/100 brn|[from] item: Leftovers\n|-damage|p1b: Weezing|51\/100 brn|[from] brn\n|upkeep\n|\n|t:|1726146504\n|switch|p2a: Incineroar|Incineroar, L50, F|38\/100\n|turn|13\n|\n|t:|1726146519\n|move|p2a: Incineroar|Fake Out|p1b: Weezing\n|-damage|p1b: Weezing|41\/100 brn\n|cant|p1b: Weezing|flinch\n|move|p2b: Amoonguss|Pollen Puff|p2a: Incineroar\n|-heal|p2a: Incineroar|88\/100\n|\n|-heal|p1b: Weezing|48\/100 brn|[from] item: Leftovers\n|-damage|p1b: Weezing|41\/100 brn|[from] brn\n|-end|p2b: Amoonguss|move: Taunt\n|upkeep\n|turn|14\n|\n|t:|1726146535\n|move|p1b: Weezing|Sludge Bomb|p2b: Amoonguss\n|-damage|p2b: Amoonguss|58\/100\n|move|p2a: Incineroar|Knock Off|p1b: Weezing\n|-damage|p1b: Weezing|7\/100 brn\n|-enditem|p1b: Weezing|Leftovers|[from] move: Knock Off|[of] p2a: Incineroar\n|move|p2b: Amoonguss|Pollen Puff|p1b: Weezing\n|-resisted|p1b: Weezing\n|-damage|p1b: Weezing|0 fnt\n|faint|p1b: Weezing\n|-end|p1b: Weezing|ability: Neutralizing Gas\n|\n|win|LilTic\n|raw|roykeenkennedy's rating: 1687 &rarr; <strong>1665<\/strong><br \/>(-22 for losing)\n|raw|LilTic's rating: 1657 &rarr; <strong>1679<\/strong><br \/>(+22 for winning)\n|l|\u2606LilTic\n|player|p2|\n|l|\u2606roykeenkennedy\n|player|p1|\n","uploadtime":1726146764,"views":13,"formatid":"gen9vgc2024regh","rating":1665,"private":0,"password":null}