{"id":"gen9vgc2024regh-2200445950","format":"[Gen 9] VGC 2024 Reg H","players":["oznerolvgc","ggttmmhh"],"log":"|j|\u2606oznerolvgc\n|j|\u2606ggttmmhh\n|t:|1726187878\n|gametype|doubles\n|player|p1|oznerolvgc|265|1794\n|player|p2|ggttmmhh|265|1779\n|teamsize|p1|6\n|teamsize|p2|6\n|gen|9\n|tier|[Gen 9] VGC 2024 Reg H\n|rated|\n|rule|Species Clause: Limit one of each Pok\u00e9mon\n|rule|Item Clause: Limit 1 of each item\n|clearpoke\n|poke|p1|Pelipper, L50, F|\n|poke|p1|Archaludon, L50, M|\n|poke|p1|Basculegion, L50, M|\n|poke|p1|Salamence, L50, F|\n|poke|p1|Kingambit, L50, F|\n|poke|p1|Amoonguss, L50, M|\n|poke|p2|Archaludon, L50, M|\n|poke|p2|Chandelure, L50, F|\n|poke|p2|Primarina, L50, F|\n|poke|p2|Meowscarada, L50, F|\n|poke|p2|Ursaluna-Bloodmoon, L50, M|\n|poke|p2|Murkrow, L50, F|\n|teampreview|4\n|inactive|Battle timer is ON: inactive players will automatically lose when time's up. (requested by oznerolvgc)\n|j| BertrandParadox\n|inactive|oznerolvgc has 60 seconds left.\n|\n|t:|1726187933\n|start\n|switch|p1a: Pelipper|Pelipper, L50, F|100\/100\n|switch|p1b: Basculegion|Basculegion, L50, M|100\/100\n|switch|p2a: Meowscarada|Meowscarada, L50, F|100\/100\n|switch|p2b: Primarina|Primarina, L50, F|100\/100\n|-weather|RainDance|[from] ability: Drizzle|[of] p1a: Pelipper\n|turn|1\n|j| qiyeO.o\n|\n|t:|1726187955\n|switch|p1b: Archaludon|Archaludon, L50, M|100\/100\n|move|p2a: Meowscarada|Grass Pledge|p1a: Pelipper\n|-waiting|p2a: Meowscarada|p2b: Primarina\n|move|p2b: Primarina|Water Pledge|p1a: Pelipper|[from]move: Grass Pledge\n|-combine\n|-enditem|p1a: Pelipper|Focus Sash\n|-damage|p1a: Pelipper|1\/100\n|-sidestart|p1: oznerolvgc|Grass Pledge\n|move|p1a: Pelipper|Hurricane|p2a: Meowscarada\n|-supereffective|p2a: Meowscarada\n|-enditem|p2a: Meowscarada|Focus Sash\n|-damage|p2a: Meowscarada|1\/100\n|\n|-weather|RainDance|[upkeep]\n|upkeep\n|turn|2\n|inactive|oznerolvgc has 30 seconds left.\n|inactive|ggttmmhh has 30 seconds left.\n|inactive|oznerolvgc has 20 seconds left.\n|inactive|ggttmmhh has 20 seconds left.\n|inactive|ggttmmhh has 15 seconds left.\n|inactive|oznerolvgc has 15 seconds left.\n|inactive|ggttmmhh has 10 seconds left.\n|inactive|oznerolvgc has 10 seconds left.\n|\n|t:|1726188005\n|switch|p1a: Kingambit|Kingambit, L50, F|100\/100\n|move|p2a: Meowscarada|Knock Off|p1b: Archaludon\n|-damage|p1b: Archaludon|67\/100\n|-ability|p1b: Archaludon|Stamina|boost\n|-boost|p1b: Archaludon|def|1\n|-enditem|p1b: Archaludon|Assault Vest|[from] move: Knock Off|[of] p2a: Meowscarada\n|move|p2b: Primarina|Moonblast|p1a: Kingambit\n|-damage|p1a: Kingambit|43\/100\n|move|p1b: Archaludon|Snarl|p2a: Meowscarada|[spread] p2a,p2b\n|-resisted|p2a: Meowscarada\n|-resisted|p2b: Primarina\n|-damage|p2a: Meowscarada|0 fnt\n|-damage|p2b: Primarina|94\/100\n|-unboost|p2b: Primarina|spa|1\n|faint|p2a: Meowscarada\n|\n|-weather|RainDance|[upkeep]\n|upkeep\n|j| raityangontyan\n|\n|t:|1726188030\n|switch|p2a: Ursaluna|Ursaluna-Bloodmoon, L50, M|100\/100\n|turn|3\n|inactive|oznerolvgc has 30 seconds left.\n|inactive|oznerolvgc has 20 seconds left.\n|inactive|oznerolvgc has 15 seconds left.\n|inactive|oznerolvgc has 10 seconds left.\n|inactive|oznerolvgc has 5 seconds left.\n|\n|t:|1726188081\n|-terastallize|p2a: Ursaluna|Normal\n|-terastallize|p1b: Archaludon|Grass\n|move|p1a: Kingambit|Protect|p1a: Kingambit\n|-singleturn|p1a: Kingambit|Protect\n|move|p2b: Primarina|Hyper Voice|p1a: Kingambit|[spread] p1b\n|-activate|p1a: Kingambit|move: Protect\n|-resisted|p1b: Archaludon\n|-damage|p1b: Archaludon|45\/100\n|-ability|p1b: Archaludon|Stamina|boost\n|-boost|p1b: Archaludon|def|1\n|move|p2a: Ursaluna|Hyper Voice|p1b: Archaludon|[spread] p1b\n|-activate|p1a: Kingambit|move: Protect\n|-damage|p1b: Archaludon|0 fnt\n|faint|p1b: Archaludon\n|-damage|p2a: Ursaluna|91\/100|[from] item: Life Orb\n|\n|-weather|RainDance|[upkeep]\n|upkeep\n|\n|t:|1726188101\n|switch|p1b: Pelipper|Pelipper, L50, F|1\/100\n|turn|4\n|inactive|ggttmmhh has 30 seconds left.\n|inactive|ggttmmhh has 20 seconds left.\n|\n|t:|1726188137\n|switch|p1a: Basculegion|Basculegion, L50, M|100\/100\n|move|p1b: Pelipper|Wide Guard|p1b: Pelipper\n|-singleturn|p1b: Pelipper|Wide Guard\n|move|p2b: Primarina|Moonblast|p1b: Pelipper\n|-damage|p1b: Pelipper|0 fnt\n|faint|p1b: Pelipper\n|move|p2a: Ursaluna|Earth Power|p1a: Basculegion\n|-damage|p1a: Basculegion|31\/100\n|-damage|p2a: Ursaluna|81\/100|[from] item: Life Orb\n|\n|-weather|RainDance|[upkeep]\n|-sideend|p1: oznerolvgc|Grass Pledge\n|upkeep\n|\n|t:|1726188148\n|switch|p1b: Kingambit|Kingambit, L50, F|43\/100\n|turn|5\n|inactive|oznerolvgc has 30 seconds left.\n|inactive|oznerolvgc has 20 seconds left.\n|\n|t:|1726188185\n|move|p2a: Ursaluna|Vacuum Wave|p1b: Kingambit\n|-supereffective|p1b: Kingambit\n|-damage|p1b: Kingambit|0 fnt\n|faint|p1b: Kingambit\n|-damage|p2a: Ursaluna|72\/100|[from] item: Life Orb\n|move|p1a: Basculegion|Last Respects|p2b: Primarina\n|-damage|p2b: Primarina|0 fnt\n|faint|p2b: Primarina\n|\n|-weather|none\n|upkeep\n|\n|t:|1726188192\n|switch|p2b: Archaludon|Archaludon, L50, M|100\/100\n|turn|6\n|\n|t:|1726188198\n|move|p2b: Archaludon|Protect|p2b: Archaludon\n|-singleturn|p2b: Archaludon|Protect\n|move|p1a: Basculegion|Last Respects|p2b: Archaludon\n|-activate|p2b: Archaludon|move: Protect\n|move|p2a: Ursaluna|Blood Moon|p1a: Basculegion\n|-damage|p1a: Basculegion|0 fnt\n|faint|p1a: Basculegion\n|-damage|p2a: Ursaluna|62\/100|[from] item: Life Orb\n|\n|win|ggttmmhh\n|raw|oznerolvgc's rating: 1794 &rarr; <strong>1773<\/strong><br \/>(-21 for losing)\n|raw|ggttmmhh's rating: 1779 &rarr; <strong>1800<\/strong><br \/>(+21 for winning)\n|l|\u2606ggttmmhh\n|player|p2|\n|l| qiyeO.o\n|l| raityangontyan\n|l| BertrandParadox\n","uploadtime":1726188407,"views":175,"formatid":"gen9vgc2024regh","rating":1773,"private":0,"password":null}