{"id":"gen9vgc2024regh-2200928902","format":"[Gen 9] VGC 2024 Reg H","players":["ggttmmhh","ketoconazol"],"log":"|j|\u2606ggttmmhh\n|j|\u2606ketoconazol\n|t:|1726248667\n|gametype|doubles\n|player|p1|ggttmmhh|101|1722\n|player|p2|ketoconazol|grimsley|1698\n|teamsize|p1|6\n|teamsize|p2|6\n|gen|9\n|tier|[Gen 9] VGC 2024 Reg H\n|rated|\n|rule|Species Clause: Limit one of each Pok\u00e9mon\n|rule|Item Clause: Limit 1 of each item\n|clearpoke\n|poke|p1|Archaludon, L50, M|\n|poke|p1|Chandelure, L50, F|\n|poke|p1|Primarina, L50, F|\n|poke|p1|Meowscarada, L50, M|\n|poke|p1|Ursaluna-Bloodmoon, L50, M|\n|poke|p1|Murkrow, L50, F|\n|poke|p2|Sneasler, L50, F|\n|poke|p2|Indeedee, L50, M|\n|poke|p2|Archaludon, L50, F|\n|poke|p2|Delphox, L50, M|\n|poke|p2|Maushold-Four, L50|\n|poke|p2|Murkrow, L50, M|\n|teampreview|4\n|\n|t:|1726248717\n|start\n|switch|p1a: Meowscarada|Meowscarada, L50, M|100\/100\n|switch|p1b: Primarina|Primarina, L50, F|100\/100\n|switch|p2a: Sneasler|Sneasler, L50, F|100\/100\n|switch|p2b: Indeedee|Indeedee, L50, M|100\/100\n|-fieldstart|move: Psychic Terrain|[from] ability: Psychic Surge|[of] p2b: Indeedee\n|-enditem|p2a: Sneasler|Psychic Seed\n|-boost|p2a: Sneasler|spd|1|[from] item: Psychic Seed\n|turn|1\n|\n|t:|1726248749\n|move|p1a: Meowscarada|Protect|p1a: Meowscarada\n|-singleturn|p1a: Meowscarada|Protect\n|move|p1b: Primarina|Protect|p1b: Primarina\n|-singleturn|p1b: Primarina|Protect\n|move|p2a: Sneasler|Dire Claw|p1b: Primarina\n|-activate|p1b: Primarina|move: Protect\n|move|p2b: Indeedee|Tera Blast|p1a: Meowscarada\n|-activate|p1a: Meowscarada|move: Protect\n|\n|upkeep\n|turn|2\n|\n|t:|1726248772\n|move|p2a: Sneasler|Protect|p2a: Sneasler\n|-singleturn|p2a: Sneasler|Protect\n|move|p1a: Meowscarada|Grass Pledge|p2b: Indeedee\n|-waiting|p1a: Meowscarada|p1b: Primarina\n|move|p1b: Primarina|Water Pledge|p2b: Indeedee|[from]move: Grass Pledge\n|-combine\n|-enditem|p2b: Indeedee|Focus Sash\n|-damage|p2b: Indeedee|1\/100\n|-sidestart|p2: ketoconazol|Grass Pledge\n|move|p2b: Indeedee|Expanding Force|p1a: Meowscarada|[spread] p1b\n|-immune|p1a: Meowscarada\n|-damage|p1b: Primarina|51\/100\n|\n|upkeep\n|turn|3\n|j| mr pogostick\n|\n|t:|1726248801\n|move|p1a: Meowscarada|Flower Trick|p2a: Sneasler\n|-resisted|p2a: Sneasler\n|-crit|p2a: Sneasler\n|-damage|p2a: Sneasler|56\/100\n|move|p1b: Primarina|Hyper Voice|p2a: Sneasler|[spread] p2a,p2b\n|-crit|p2b: Indeedee\n|-damage|p2a: Sneasler|15\/100\n|-damage|p2b: Indeedee|0 fnt\n|faint|p2b: Indeedee\n|move|p2a: Sneasler|Dire Claw|p1b: Primarina\n|-supereffective|p1b: Primarina\n|-damage|p1b: Primarina|0 fnt\n|faint|p1b: Primarina\n|\n|upkeep\n|\n|t:|1726248814\n|switch|p2b: Murkrow|Murkrow, L50, M|100\/100\n|switch|p1b: Archaludon|Archaludon, L50, M|100\/100\n|turn|4\n|\n|t:|1726248829\n|move|p2a: Sneasler|Protect|p2a: Sneasler\n|-singleturn|p2a: Sneasler|Protect\n|move|p2b: Murkrow|Tailwind|p2b: Murkrow\n|-sidestart|p2: ketoconazol|move: Tailwind\n|move|p1a: Meowscarada|Flower Trick|p2a: Sneasler\n|-activate|p2a: Sneasler|move: Protect\n|move|p1b: Archaludon|Electro Shot||[still]\n|-prepare|p1b: Archaludon|Electro Shot\n|-boost|p1b: Archaludon|spa|1\n|-enditem|p1b: Archaludon|Power Herb\n|-anim|p1b: Archaludon|Electro Shot|p2b: Murkrow\n|-supereffective|p2b: Murkrow\n|-damage|p2b: Murkrow|0 fnt\n|faint|p2b: Murkrow\n|\n|upkeep\n|\n|t:|1726248837\n|switch|p2b: Archaludon|Archaludon, L50, F|100\/100\n|turn|5\n|\n|t:|1726248852\n|move|p1a: Meowscarada|Flower Trick|p2a: Sneasler\n|-resisted|p2a: Sneasler\n|-crit|p2a: Sneasler\n|-damage|p2a: Sneasler|0 fnt\n|faint|p2a: Sneasler\n|move|p1b: Archaludon|Draco Meteor|p2b: Archaludon\n|-ability|p2b: Archaludon|Sturdy\n|-damage|p2b: Archaludon|1\/100\n|-unboost|p1b: Archaludon|spa|2\n|move|p2b: Archaludon|Flash Cannon|p1b: Archaludon\n|-resisted|p1b: Archaludon\n|-damage|p1b: Archaludon|67\/100\n|\n|-sideend|p2: ketoconazol|Grass Pledge\n|-fieldend|move: Psychic Terrain\n|upkeep\n|turn|6\n|-message|ketoconazol forfeited.\n|\n|win|ggttmmhh\n|raw|ggttmmhh's rating: 1722 &rarr; <strong>1741<\/strong><br \/>(+19 for winning)\n|raw|ketoconazol's rating: 1698 &rarr; <strong>1679<\/strong><br \/>(-19 for losing)\n|l|\u2606ketoconazol\n|player|p2|\n|l|\u2606ggttmmhh\n|player|p1|\n|l| mr pogostick\n","uploadtime":1726249039,"views":16,"formatid":"gen9vgc2024regh","rating":1679,"private":0,"password":null}