{"id":"gen9vgc2024regh-2200400413","format":"[Gen 9] VGC 2024 Reg H","players":["oznerolvgc","roykeenkennedy"],"log":"|j|\u2606oznerolvgc\n|j|\u2606roykeenkennedy\n|t:|1726182546\n|gametype|doubles\n|player|p1|oznerolvgc|265|1680\n|player|p2|roykeenkennedy|alder|1775\n|teamsize|p1|6\n|teamsize|p2|6\n|gen|9\n|tier|[Gen 9] VGC 2024 Reg H\n|rated|\n|rule|Species Clause: Limit one of each Pok\u00e9mon\n|rule|Item Clause: Limit 1 of each item\n|clearpoke\n|poke|p1|Pelipper, L50, F|\n|poke|p1|Archaludon, L50, M|\n|poke|p1|Basculegion, L50, M|\n|poke|p1|Salamence, L50, M|\n|poke|p1|Kingambit, L50, F|\n|poke|p1|Amoonguss, L50, F|\n|poke|p2|Salamence, L50, M|\n|poke|p2|Incineroar, L50, M|\n|poke|p2|Weezing, L50, M|\n|poke|p2|Dragapult, L50, F|\n|poke|p2|Ursaluna-Bloodmoon, L50, M|\n|poke|p2|Primarina, L50, F|\n|teampreview|4\n|inactive|Battle timer is ON: inactive players will automatically lose when time's up. (requested by oznerolvgc)\n|inactive|oznerolvgc has 60 seconds left.\n|\n|t:|1726182578\n|start\n|switch|p1a: Salamence|Salamence, L50, M|100\/100\n|switch|p1b: Kingambit|Kingambit, L50, F|100\/100\n|switch|p2a: Salamence|Salamence, L50, M|100\/100\n|switch|p2b: Dragapult|Dragapult, L50, F|100\/100\n|-ability|p1a: Salamence|Intimidate|boost\n|-unboost|p2a: Salamence|atk|1\n|-fail|p2b: Dragapult|unboost|[from] ability: Clear Body|[of] p2b: Dragapult\n|turn|1\n|inactive|oznerolvgc has 30 seconds left.\n|inactive|oznerolvgc has 20 seconds left.\n|\n|t:|1726182617\n|switch|p2b: Weezing|Weezing, L50, M|100\/100\n|-ability|p2b: Weezing|Neutralizing Gas\n|-terastallize|p2a: Salamence|Steel\n|-terastallize|p1a: Salamence|Steel\n|move|p1b: Kingambit|Sucker Punch||[still]\n|-fail|p1b: Kingambit\n|move|p2a: Salamence|Breaking Swipe|p1a: Salamence|[spread] p1a,p1b\n|-resisted|p1a: Salamence\n|-resisted|p1b: Kingambit\n|-damage|p1a: Salamence|90\/100\n|-damage|p1b: Kingambit|93\/100\n|-unboost|p1a: Salamence|atk|1\n|-unboost|p1b: Kingambit|atk|1\n|move|p1a: Salamence|Air Slash|p2b: Weezing\n|-damage|p2b: Weezing|40\/100\n|-damage|p1a: Salamence|81\/100|[from] item: Life Orb\n|\n|-heal|p2b: Weezing|46\/100|[from] item: Leftovers\n|upkeep\n|turn|2\n|j| tzer99\n|inactive|oznerolvgc has 30 seconds left.\n|inactive|oznerolvgc has 20 seconds left.\n|inactive|oznerolvgc has 15 seconds left.\n|\n|t:|1726182657\n|switch|p2a: Ursaluna|Ursaluna-Bloodmoon, L50, M|100\/100\n|switch|p1b: Archaludon|Archaludon, L50, M|100\/100\n|move|p2b: Weezing|Protect|p2b: Weezing\n|-singleturn|p2b: Weezing|Protect\n|move|p1a: Salamence|Air Slash|p2b: Weezing\n|-activate|p2b: Weezing|move: Protect\n|\n|-heal|p2b: Weezing|53\/100|[from] item: Leftovers\n|upkeep\n|turn|3\n|inactive|roykeenkennedy has 30 seconds left.\n|\n|t:|1726182684\n|-end|p2b: Weezing|ability: Neutralizing Gas\n|-ability|p1a: Salamence|Intimidate|boost\n|-unboost|p2a: Ursaluna|atk|1\n|-unboost|p2b: Weezing|atk|1\n|switch|p2b: Salamence|Salamence, L50, M, tera:Steel|100\/100\n|move|p1a: Salamence|Air Slash|p2b: Salamence\n|-resisted|p2b: Salamence\n|-damage|p2b: Salamence|71\/100\n|-damage|p1a: Salamence|71\/100|[from] item: Life Orb\n|move|p1b: Archaludon|Snarl|p2b: Salamence|[spread] p2a,p2b\n|-crit|p2a: Ursaluna\n|-damage|p2a: Ursaluna|86\/100\n|-damage|p2b: Salamence|54\/100\n|-unboost|p2a: Ursaluna|spa|1\n|-unboost|p2b: Salamence|spa|1\n|move|p2a: Ursaluna|Earth Power|p1b: Archaludon\n|-supereffective|p1b: Archaludon\n|-damage|p1b: Archaludon|47\/100\n|-ability|p1b: Archaludon|Stamina|boost\n|-boost|p1b: Archaludon|def|1\n|\n|upkeep\n|turn|4\n|inactive|oznerolvgc has 30 seconds left.\n|inactive|oznerolvgc has 20 seconds left.\n|\n|t:|1726182724\n|move|p2b: Salamence|Tailwind|p2b: Salamence\n|-sidestart|p2: roykeenkennedy|move: Tailwind\n|move|p2a: Ursaluna|Earth Power|p1b: Archaludon\n|-supereffective|p1b: Archaludon\n|-damage|p1b: Archaludon|0 fnt\n|faint|p1b: Archaludon\n|move|p1a: Salamence|Draco Meteor|p2a: Ursaluna\n|-damage|p2a: Ursaluna|25\/100\n|-unboost|p1a: Salamence|spa|2\n|-damage|p1a: Salamence|62\/100|[from] item: Life Orb\n|\n|upkeep\n|\n|t:|1726182737\n|switch|p1b: Kingambit|Kingambit, L50, F|93\/100\n|turn|5\n|\n|t:|1726182761\n|switch|p2b: Weezing|Weezing, L50, M|53\/100\n|-ability|p2b: Weezing|Neutralizing Gas\n|move|p2a: Ursaluna|Vacuum Wave|p1b: Kingambit\n|-supereffective|p1b: Kingambit\n|-damage|p1b: Kingambit|48\/100\n|move|p1a: Salamence|Draco Meteor|p2a: Ursaluna\n|-damage|p2a: Ursaluna|0 fnt\n|-unboost|p1a: Salamence|spa|2\n|faint|p2a: Ursaluna\n|-damage|p1a: Salamence|52\/100|[from] item: Life Orb\n|move|p1b: Kingambit|Kowtow Cleave|p2b: Weezing\n|-damage|p2b: Weezing|0 fnt\n|faint|p2b: Weezing\n|-end|p2b: Weezing|ability: Neutralizing Gas\n|\n|upkeep\n|\n|t:|1726182780\n|switch|p2b: Dragapult|Dragapult, L50, F|100\/100\n|switch|p2a: Salamence|Salamence, L50, M, tera:Steel|54\/100\n|turn|6\n|inactive|oznerolvgc has 30 seconds left.\n|-message|roykeenkennedy forfeited.\n|\n|win|oznerolvgc\n|raw|oznerolvgc's rating: 1680 &rarr; <strong>1705<\/strong><br \/>(+25 for winning)\n|raw|roykeenkennedy's rating: 1775 &rarr; <strong>1750<\/strong><br \/>(-25 for losing)\n|l|\u2606roykeenkennedy\n|player|p2|\n|l|\u2606oznerolvgc\n|player|p1|\n","uploadtime":1726183085,"views":14,"formatid":"gen9vgc2024regh","rating":1705,"private":0,"password":null}