{"id":"gen9vgc2024regh-2200778460","format":"[Gen 9] VGC 2024 Reg H","players":["chin8","Phononmode"],"log":"|j|\u2606chin8\n|j|\u2606Phononmode\n|t:|1726235392\n|gametype|doubles\n|player|p1|chin8|gentleman-gen4dp|1656\n|player|p2|Phononmode|266|1751\n|teamsize|p1|6\n|teamsize|p2|6\n|gen|9\n|tier|[Gen 9] VGC 2024 Reg H\n|rated|\n|rule|Species Clause: Limit one of each Pok\u00e9mon\n|rule|Item Clause: Limit 1 of each item\n|clearpoke\n|poke|p1|Baxcalibur, L50, F|\n|poke|p1|Kilowattrel, L50, M|\n|poke|p1|Haxorus, L50, F|\n|poke|p1|Gardevoir, L50, M|\n|poke|p1|Magmortar, L50, F|\n|poke|p1|Gholdengo, L50|\n|poke|p2|Pawmot, L50, F|\n|poke|p2|Dondozo, L50, M|\n|poke|p2|Tatsugiri, L50, M|\n|poke|p2|Dragapult, L50, M|\n|poke|p2|Weezing, L50, F|\n|poke|p2|Incineroar, L50, M|\n|teampreview|4\nPhononmode has agreed to open team sheets.\n|inactive|Battle timer is ON: inactive players will automatically lose when time's up. (requested by Phononmode)\n|\n|t:|1726235412\n|start\n|switch|p1a: Kilowattrel|Kilowattrel, L50, M|100\/100\n|switch|p1b: Baxcalibur|Baxcalibur, L50, F|100\/100\n|switch|p2a: Wee-o-miss|Weezing, L50, F|100\/100\n|switch|p2b: Incineroar|Incineroar, L50, M|100\/100\n|-ability|p2a: Wee-o-miss|Neutralizing Gas\n|-block|p2b: Incineroar|item: Ability Shield\n|-ability|p2b: Incineroar|Intimidate|boost\n|-unboost|p1a: Kilowattrel|atk|1\n|-unboost|p1b: Baxcalibur|atk|1\n|turn|1\n|j| lori Kitahara\n|\n|t:|1726235436\n|switch|p1b: Gholdengo|Gholdengo, L50|100\/100\n|move|p1a: Kilowattrel|Thunderbolt|p2a: Wee-o-miss\n|-damage|p2a: Wee-o-miss|60\/100\n|move|p2b: Incineroar|Knock Off|p1a: Kilowattrel\n|-damage|p1a: Kilowattrel|11\/100\n|-enditem|p1a: Kilowattrel|Focus Sash|[from] move: Knock Off|[of] p2b: Incineroar\n|move|p2a: Wee-o-miss|Sludge Bomb|p1a: Kilowattrel\n|-crit|p1a: Kilowattrel\n|-damage|p1a: Kilowattrel|0 fnt\n|faint|p1a: Kilowattrel\n|\n|upkeep\n|\n|t:|1726235444\n|switch|p1a: Baxcalibur|Baxcalibur, L50, F|100\/100\n|turn|2\n|\n|t:|1726235461\n|-terastallize|p1a: Baxcalibur|Ground\n|-terastallize|p2b: Incineroar|Flying\n|move|p1b: Gholdengo|Protect|p1b: Gholdengo\n|-singleturn|p1b: Gholdengo|Protect\n|move|p2a: Wee-o-miss|Protect|p2a: Wee-o-miss\n|-singleturn|p2a: Wee-o-miss|Protect\n|move|p1a: Baxcalibur|Earthquake|p2b: Incineroar|[spread] \n|-activate|p1b: Gholdengo|move: Protect\n|-activate|p2a: Wee-o-miss|move: Protect\n|-immune|p2b: Incineroar\n|move|p2b: Incineroar|Flare Blitz|p1b: Gholdengo\n|-activate|p1b: Gholdengo|move: Protect\n|\n|upkeep\n|turn|3\n|\n|t:|1726235474\n|switch|p2b: Dondozo|Dondozo, L50, M|100\/100\n|move|p1a: Baxcalibur|Icicle Crash|p2b: Dondozo\n|-resisted|p2b: Dondozo\n|-damage|p2b: Dondozo|83\/100\n|move|p1b: Gholdengo|Make It Rain|p2a: Wee-o-miss|[spread] p2a,p2b\n|-resisted|p2b: Dondozo\n|-damage|p2a: Wee-o-miss|13\/100\n|-damage|p2b: Dondozo|61\/100\n|-unboost|p1b: Gholdengo|spa|1\n|-enditem|p2a: Wee-o-miss|Sitrus Berry|[eat]\n|-heal|p2a: Wee-o-miss|38\/100|[from] item: Sitrus Berry\n|move|p2a: Wee-o-miss|Will-O-Wisp|p1a: Baxcalibur\n|-status|p1a: Baxcalibur|brn\n|\n|-heal|p2b: Dondozo|67\/100|[from] item: Leftovers\n|-damage|p1a: Baxcalibur|94\/100 brn|[from] brn\n|upkeep\n|turn|4\n|\n|t:|1726235494\n|switch|p1b: Gardevoir|Gardevoir, L50, M|100\/100\n|switch|p2b: Incineroar|Incineroar, L50, M, tera:Flying|100\/100\n|-ability|p2b: Incineroar|Intimidate|boost\n|-unboost|p1a: Baxcalibur|atk|1\n|-unboost|p1b: Gardevoir|atk|1\n|move|p2a: Wee-o-miss|Protect|p2a: Wee-o-miss\n|-singleturn|p2a: Wee-o-miss|Protect\n|move|p1a: Baxcalibur|Icicle Crash|p2a: Wee-o-miss\n|-activate|p2a: Wee-o-miss|move: Protect\n|\n|-damage|p1a: Baxcalibur|88\/100 brn|[from] brn\n|upkeep\n|turn|5\n|j| Therazer456\n|\n|t:|1726235517\n|move|p1b: Gardevoir|Protect|p1b: Gardevoir\n|-singleturn|p1b: Gardevoir|Protect\n|move|p1a: Baxcalibur|Glaive Rush|p2a: Wee-o-miss\n|-damage|p2a: Wee-o-miss|15\/100\n|-singlemove|p1a: Baxcalibur|Glaive Rush|[silent]\n|move|p2b: Incineroar|Flare Blitz|p1b: Gardevoir\n|-activate|p1b: Gardevoir|move: Protect\n|move|p2a: Wee-o-miss|Sludge Bomb|p1b: Gardevoir\n|-activate|p1b: Gardevoir|move: Protect\n|\n|-damage|p1a: Baxcalibur|82\/100 brn|[from] brn\n|upkeep\n|turn|6\n|\n|t:|1726235536\n|switch|p1b: Gholdengo|Gholdengo, L50|100\/100\n|move|p2a: Wee-o-miss|Protect|p2a: Wee-o-miss\n|-singleturn|p2a: Wee-o-miss|Protect\n|move|p1a: Baxcalibur|Icicle Crash|p2b: Incineroar|[miss]\n|-miss|p1a: Baxcalibur|p2b: Incineroar\n|move|p2b: Incineroar|Flare Blitz|p1b: Gholdengo\n|-supereffective|p1b: Gholdengo\n|-damage|p1b: Gholdengo|0 fnt\n|faint|p1b: Gholdengo\n|-damage|p2b: Incineroar|65\/100|[from] Recoil\n|\n|-damage|p1a: Baxcalibur|76\/100 brn|[from] brn\n|upkeep\n|\n|t:|1726235539\n|switch|p1b: Gardevoir|Gardevoir, L50, M|100\/100\n|turn|7\n|\n|t:|1726235548\n|move|p1a: Baxcalibur|Icicle Crash|p2b: Incineroar\n|-supereffective|p2b: Incineroar\n|-damage|p2b: Incineroar|27\/100\n|cant|p2b: Incineroar|flinch\n|move|p1b: Gardevoir|Dazzling Gleam|p2a: Wee-o-miss|[spread] p2a,p2b\n|-resisted|p2a: Wee-o-miss\n|-damage|p2a: Wee-o-miss|1\/100\n|-damage|p2b: Incineroar|0 fnt\n|faint|p2b: Incineroar\n|move|p2a: Wee-o-miss|Sludge Bomb|p1b: Gardevoir\n|-supereffective|p1b: Gardevoir\n|-damage|p1b: Gardevoir|48\/100\n|\n|-damage|p1a: Baxcalibur|69\/100 brn|[from] brn\n|upkeep\n|\n|t:|1726235568\n|switch|p2b: Dondozo|Dondozo, L50, M|67\/100\n|turn|8\n|\n|t:|1726235575\n|move|p2b: Dondozo|Protect|p2b: Dondozo\n|-singleturn|p2b: Dondozo|Protect\n|move|p1a: Baxcalibur|Ice Shard|p2a: Wee-o-miss\n|-damage|p2a: Wee-o-miss|0 fnt\n|faint|p2a: Wee-o-miss\n|-end|p2a: Wee-o-miss|ability: Neutralizing Gas\n|-activate|p1a: Baxcalibur|ability: Thermal Exchange\n|-curestatus|p1a: Baxcalibur|brn|[msg]\n|move|p1b: Gardevoir|Skill Swap|p2b: Dondozo\n|-activate|p2b: Dondozo|move: Protect\n|\n|-heal|p2b: Dondozo|73\/100|[from] item: Leftovers\n|upkeep\n|\n|t:|1726235577\n|switch|p2a: Tatsugiri|Tatsugiri, L50, M|100\/100\n|-activate|p2a: Tatsugiri|ability: Commander|[of] p2b: Dondozo\n|-boost|p2b: Dondozo|atk|2\n|-boost|p2b: Dondozo|spa|2\n|-boost|p2b: Dondozo|spe|2\n|-boost|p2b: Dondozo|def|2\n|-boost|p2b: Dondozo|spd|2\n|-enditem|p1b: Gardevoir|Mirror Herb\n|-boost|p1b: Gardevoir|atk|2|[from] item: Mirror Herb\n|-boost|p1b: Gardevoir|spa|2|[from] item: Mirror Herb\n|-boost|p1b: Gardevoir|spe|2|[from] item: Mirror Herb\n|-boost|p1b: Gardevoir|def|2|[from] item: Mirror Herb\n|-boost|p1b: Gardevoir|spd|2|[from] item: Mirror Herb\n|turn|9\n|\n|t:|1726235584\n|move|p1b: Gardevoir|Skill Swap|p2b: Dondozo\n|-activate|p1b: Gardevoir|move: Skill Swap|Unaware|Telepathy|[of] p2b: Dondozo\n|move|p2b: Dondozo|Wave Crash|p1b: Gardevoir\n|-damage|p1b: Gardevoir|15\/100\n|-damage|p2b: Dondozo|65\/100|[from] Recoil\n|move|p1a: Baxcalibur|Glaive Rush|p2b: Dondozo\n|-damage|p2b: Dondozo|47\/100\n|-singlemove|p1a: Baxcalibur|Glaive Rush|[silent]\n|\n|-heal|p2b: Dondozo|53\/100|[from] item: Leftovers\n|upkeep\n|turn|10\n|j| stewpeed\n|\n|t:|1726235594\n|move|p1b: Gardevoir|Dazzling Gleam|p2a: Tatsugiri|[spread] p2b\n|-miss|p1b: Gardevoir|p2a: Tatsugiri\n|-damage|p2b: Dondozo|0 fnt\n|faint|p2b: Dondozo\n|move|p1a: Baxcalibur|Glaive Rush|p2a: Tatsugiri\n|-supereffective|p2a: Tatsugiri\n|-damage|p2a: Tatsugiri|0 fnt\n|-singlemove|p1a: Baxcalibur|Glaive Rush|[silent]\n|faint|p2a: Tatsugiri\n|\n|win|chin8\n|raw|chin8's rating: 1656 &rarr; <strong>1681<\/strong><br \/>(+25 for winning)\n|raw|Phononmode's rating: 1751 &rarr; <strong>1726<\/strong><br \/>(-25 for losing)\n|l|\u2606Phononmode\n|player|p2|\n|l|\u2606chin8\n|player|p1|\n|l| Therazer456\n|l| lori Kitahara\n","uploadtime":1726235772,"views":35,"formatid":"gen9vgc2024regh","rating":1681,"private":0,"password":null}