{"id":"gen9vgc2024regh-2200387176","format":"[Gen 9] VGC 2024 Reg H","players":["bwahacough","bieiup"],"log":"|j|\u2606bwahacough\n|j|\u2606bieiup\n|t:|1726180988\n|gametype|doubles\n|player|p1|bwahacough|medium|1789\n|player|p2|bieiup|lillie-z|1751\n|teamsize|p1|6\n|teamsize|p2|6\n|gen|9\n|tier|[Gen 9] VGC 2024 Reg H\n|rated|\n|rule|Species Clause: Limit one of each Pok\u00e9mon\n|rule|Item Clause: Limit 1 of each item\n|clearpoke\n|poke|p1|Lycanroc, L50, M|\n|poke|p1|Tyranitar, L50, F|\n|poke|p1|Indeedee-F, L50, F|\n|poke|p1|Murkrow, L50, M|\n|poke|p1|Garchomp, L50, M|\n|poke|p1|Gholdengo, L50|\n|poke|p2|Sableye, L50, M|\n|poke|p2|Dondozo, L50, F|\n|poke|p2|Sylveon, L50, F|\n|poke|p2|Dragonite, L50, M|\n|poke|p2|Gholdengo, L50|\n|poke|p2|Ursaluna-Bloodmoon, L50, M|\n|teampreview|4\n|j| practice bee\n|inactive|Battle timer is ON: inactive players will automatically lose when time's up. (requested by bieiup)\n|inactive|bwahacough has 60 seconds left.\n|\n|t:|1726181064\n|start\n|switch|p1a: Lycanroc|Lycanroc, L50, M, shiny|100\/100\n|switch|p1b: Tyranitar|Tyranitar, L50, F|100\/100\n|switch|p2a: Sableye|Sableye, L50, M|100\/100\n|switch|p2b: Sylveon|Sylveon, L50, F|100\/100\n|-weather|Sandstorm|[from] ability: Sand Stream|[of] p1b: Tyranitar\n|turn|1\n|\n|t:|1726181070\n|move|p1a: Lycanroc|Protect|p1a: Lycanroc\n|-singleturn|p1a: Lycanroc|Protect\n|move|p2a: Sableye|Fake Out|p1b: Tyranitar\n|-resisted|p1b: Tyranitar\n|-damage|p1b: Tyranitar|98\/100\n|cant|p1b: Tyranitar|flinch\n|move|p2b: Sylveon|Hyper Voice|p1a: Lycanroc|[spread] p1b\n|-activate|p1a: Lycanroc|move: Protect\n|-supereffective|p1b: Tyranitar\n|-damage|p1b: Tyranitar|68\/100\n|-enditem|p2b: Sylveon|Throat Spray\n|-boost|p2b: Sylveon|spa|1|[from] item: Throat Spray\n|\n|-weather|Sandstorm|[upkeep]\n|-damage|p2a: Sableye|95\/100|[from] Sandstorm\n|-damage|p2b: Sylveon|95\/100|[from] Sandstorm\n|upkeep\n|turn|2\n|j| kas1123\n|\n|t:|1726181079\n|switch|p1b: Indeedee|Indeedee-F, L50, F, shiny|100\/100\n|-fieldstart|move: Psychic Terrain|[from] ability: Psychic Surge|[of] p1b: Indeedee\n|move|p2a: Sableye|Encore|p1a: Lycanroc\n|-activate|p1a: Lycanroc|move: Psychic Terrain\n|move|p1a: Lycanroc|Rock Slide|p2b: Sylveon|[spread] p2a,p2b\n|-damage|p2a: Sableye|51\/100\n|-damage|p2b: Sylveon|57\/100\n|move|p2b: Sylveon|Hyper Voice|p1b: Indeedee|[spread] p1a,p1b\n|-damage|p1a: Lycanroc|36\/100\n|-damage|p1b: Indeedee|45\/100\n|\n|-weather|Sandstorm|[upkeep]\n|-damage|p2a: Sableye|45\/100|[from] Sandstorm\n|-damage|p2b: Sylveon|51\/100|[from] Sandstorm\n|upkeep\n|turn|3\n|\n|t:|1726181084\n|move|p2a: Sableye|Light Screen|p2a: Sableye\n|-sidestart|p2: bieiup|move: Light Screen\n|move|p1a: Lycanroc|Rock Slide|p2b: Sylveon|[spread] p2a,p2b\n|-damage|p2a: Sableye|4\/100\n|-damage|p2b: Sylveon|13\/100\n|move|p1b: Indeedee|Psychic|p2b: Sylveon\n|-damage|p2b: Sylveon|0 fnt\n|faint|p2b: Sylveon\n|\n|-weather|Sandstorm|[upkeep]\n|-damage|p2a: Sableye|0 fnt|[from] Sandstorm\n|faint|p2a: Sableye\n|upkeep\n|\n|t:|1726181087\n|switch|p2a: Dragonite|Dragonite, L50, M|100\/100\n|switch|p2b: Gholdengo|Gholdengo, L50|100\/100\n|turn|4\n|inactive|bieiup has 30 seconds left.\n|\n|t:|1726181117\n|move|p1a: Lycanroc|Protect|p1a: Lycanroc\n|-singleturn|p1a: Lycanroc|Protect\n|move|p1b: Indeedee|Protect|p1b: Indeedee\n|-singleturn|p1b: Indeedee|Protect\n|move|p2b: Gholdengo|Make It Rain|p1b: Indeedee|[spread] \n|-activate|p1a: Lycanroc|move: Protect\n|-activate|p1b: Indeedee|move: Protect\n|move|p2a: Dragonite|Aerial Ace|p1a: Lycanroc\n|-activate|p1a: Lycanroc|move: Protect\n|\n|-weather|Sandstorm|[upkeep]\n|-damage|p2a: Dragonite|94\/100|[from] Sandstorm\n|upkeep\n|turn|5\n|j| nocritplz\n|\n|t:|1726181131\n|-terastallize|p2a: Dragonite|Dark\n|move|p1b: Indeedee|Protect||[still]\n|-fail|p1b: Indeedee\n|move|p1a: Lycanroc|Bulldoze|p2b: Gholdengo|[spread] p1b,p2a,p2b\n|-supereffective|p2b: Gholdengo\n|-damage|p1b: Indeedee|29\/100\n|-damage|p2a: Dragonite|80\/100\n|-damage|p2b: Gholdengo|62\/100\n|-unboost|p1b: Indeedee|spe|1\n|-unboost|p2a: Dragonite|spe|1\n|-unboost|p2b: Gholdengo|spe|1\n|move|p2b: Gholdengo|Make It Rain|p1b: Indeedee|[spread] p1a,p1b\n|-supereffective|p1a: Lycanroc\n|-damage|p1a: Lycanroc|0 fnt\n|-damage|p1b: Indeedee|0 fnt\n|-unboost|p2b: Gholdengo|spa|1\n|faint|p1a: Lycanroc\n|faint|p1b: Indeedee\n|move|p2a: Dragonite|Aerial Ace|p1: Lycanroc|[notarget]\n|-fail|p2a: Dragonite\n|\n|-weather|none\n|upkeep\n|\n|t:|1726181133\n|switch|p1a: Tyranitar|Tyranitar, L50, F|68\/100\n|switch|p1b: Garchomp|Garchomp, L50, M, shiny|100\/100\n|-weather|Sandstorm|[from] ability: Sand Stream|[of] p1a: Tyranitar\n|turn|6\n|\n|t:|1726181142\n|-terastallize|p1a: Tyranitar|Flying\n|move|p1b: Garchomp|Earthquake|p2a: Dragonite|[spread] p2a,p2b\n|-immune|p1a: Tyranitar\n|-supereffective|p2b: Gholdengo\n|-damage|p2a: Dragonite|39\/100\n|-damage|p2b: Gholdengo|0 fnt\n|faint|p2b: Gholdengo\n|move|p1a: Tyranitar|Knock Off|p2a: Dragonite\n|-resisted|p2a: Dragonite\n|-damage|p2a: Dragonite|15\/100\n|-enditem|p2a: Dragonite|Assault Vest|[from] move: Knock Off|[of] p1a: Tyranitar\n|move|p2a: Dragonite|Outrage|p1a: Tyranitar\n|-damage|p1a: Tyranitar|15\/100\n|\n|-weather|Sandstorm|[upkeep]\n|-damage|p1a: Tyranitar|9\/100|[from] Sandstorm\n|-damage|p2a: Dragonite|9\/100|[from] Sandstorm\n|-fieldend|move: Psychic Terrain\n|upkeep\n|turn|7\n|\n|t:|1726181149\n|move|p1b: Garchomp|Breaking Swipe|p2a: Dragonite\n|-damage|p2a: Dragonite|0 fnt\n|faint|p2a: Dragonite\n|\n|win|bwahacough\n|raw|bwahacough's rating: 1760 &rarr; <strong>1779<\/strong><br \/>(+19 for winning)\n|raw|bieiup's rating: 1751 &rarr; <strong>1732<\/strong><br \/>(-19 for losing)\n|l|\u2606bieiup\n|player|p2|\n|l| kas1123\n|l| nocritplz\n|l|\u2606bwahacough\n|player|p1|\n","uploadtime":1726181415,"views":76,"formatid":"gen9vgc2024regh","rating":1732,"private":0,"password":null}