{"id":"gen9vgc2024regh-2200967358","format":"[Gen 9] VGC 2024 Reg H","players":["woochivgc","Cereales_Hacendado"],"log":"|j|\u2606woochivgc\n|j|\u2606Cereales_Hacendado\n|t:|1726252107\n|gametype|doubles\n|player|p1|woochivgc|skierf-gen4dp|1689\n|player|p2|Cereales_Hacendado|102|1717\n|teamsize|p1|6\n|teamsize|p2|6\n|gen|9\n|tier|[Gen 9] VGC 2024 Reg H\n|rated|\n|rule|Species Clause: Limit one of each Pok\u00e9mon\n|rule|Item Clause: Limit 1 of each item\n|clearpoke\n|poke|p1|Excadrill, L50, F|\n|poke|p1|Indeedee-F, L50, F|\n|poke|p1|Tyranitar, L50, F|\n|poke|p1|Ursaluna-Bloodmoon, L50, M|\n|poke|p1|Armarouge, L50, M|\n|poke|p1|Sneasler, L50, M|\n|poke|p2|Muk-Alola, L50, F|\n|poke|p2|Mandibuzz, L50, F|\n|poke|p2|Hydrapple, L50, F|\n|poke|p2|Gengar, L50, M|\n|poke|p2|Whiscash, L50, M|\n|poke|p2|Tauros-Paldea-Aqua, L50, M|\n|teampreview|4\n|\n|t:|1726252132\n|start\n|switch|p1a: \uc598 \uc4f4\ub2e4..|Indeedee-F, L50, F|100\/100\n|switch|p1b: \ub85d\ub9e8|Armarouge, L50, M|100\/100\n|switch|p2a: Torapia|Tauros-Paldea-Aqua, L50, M|100\/100\n|switch|p2b: E=MC^2|Muk-Alola, L50, F, shiny|100\/100\n|-ability|p2a: Torapia|Intimidate|boost\n|-unboost|p1a: \uc598 \uc4f4\ub2e4..|atk|1\n|-unboost|p1b: \ub85d\ub9e8|atk|1\n|-fieldstart|move: Psychic Terrain|[from] ability: Psychic Surge|[of] p1a: \uc598 \uc4f4\ub2e4..\n|turn|1\n|inactive|Battle timer is ON: inactive players will automatically lose when time's up. (requested by woochivgc)\n|\n|t:|1726252145\n|move|p2a: Torapia|Protect|p2a: Torapia\n|-singleturn|p2a: Torapia|Protect\n|move|p1a: \uc598 \uc4f4\ub2e4..|Follow Me|p1a: \uc598 \uc4f4\ub2e4..\n|-singleturn|p1a: \uc598 \uc4f4\ub2e4..|move: Follow Me\n|move|p2b: E=MC^2|Knock Off|p1a: \uc598 \uc4f4\ub2e4..\n|-supereffective|p1a: \uc598 \uc4f4\ub2e4..\n|-damage|p1a: \uc598 \uc4f4\ub2e4..|0 fnt\n|-enditem|p1a: \uc598 \uc4f4\ub2e4..|Mental Herb|[from] move: Knock Off|[of] p2b: E=MC^2\n|faint|p1a: \uc598 \uc4f4\ub2e4..\n|move|p1b: \ub85d\ub9e8|Trick Room|p1b: \ub85d\ub9e8\n|-fieldstart|move: Trick Room|[of] p1b: \ub85d\ub9e8\n|\n|upkeep\n|\n|t:|1726252150\n|switch|p1a: \uac1c\uc0ac\uae30|Ursaluna-Bloodmoon, L50, M|100\/100\n|turn|2\n|inactive|Cereales_Hacendado has 30 seconds left.\n|\n|t:|1726252181\n|move|p1a: \uac1c\uc0ac\uae30|Hyper Voice|p2b: E=MC^2|[spread] p2a,p2b\n|-damage|p2a: Torapia|40\/100\n|-damage|p2b: E=MC^2|81\/100\n|-enditem|p1a: \uac1c\uc0ac\uae30|Throat Spray\n|-boost|p1a: \uac1c\uc0ac\uae30|spa|1|[from] item: Throat Spray\n|move|p2b: E=MC^2|Knock Off|p1b: \ub85d\ub9e8\n|-supereffective|p1b: \ub85d\ub9e8\n|-damage|p1b: \ub85d\ub9e8|18\/100\n|-status|p1b: \ub85d\ub9e8|psn|[from] ability: Poison Touch|[of] p2b: E=MC^2\n|-enditem|p1b: \ub85d\ub9e8|Life Orb|[from] move: Knock Off|[of] p2b: E=MC^2\n|move|p1b: \ub85d\ub9e8|Expanding Force|p2b: E=MC^2|[spread] p2a\n|-immune|p2b: E=MC^2\n|-supereffective|p2a: Torapia\n|-damage|p2a: Torapia|0 fnt\n|faint|p2a: Torapia\n|\n|-damage|p1b: \ub85d\ub9e8|6\/100 psn|[from] psn\n|upkeep\n|\n|t:|1726252196\n|switch|p2a: King Ghidorah|Hydrapple, L50, F, shiny|100\/100\n|turn|3\n|\n|t:|1726252213\n|-terastallize|p1a: \uac1c\uc0ac\uae30|Grass\n|move|p2a: King Ghidorah|Protect|p2a: King Ghidorah\n|-singleturn|p2a: King Ghidorah|Protect\n|move|p1a: \uac1c\uc0ac\uae30|Earth Power|p2b: E=MC^2\n|-supereffective|p2b: E=MC^2\n|-damage|p2b: E=MC^2|0 fnt\n|faint|p2b: E=MC^2\n|move|p1b: \ub85d\ub9e8|Expanding Force|p2a: King Ghidorah\n|-activate|p2a: King Ghidorah|move: Protect\n|\n|-damage|p1b: \ub85d\ub9e8|0 fnt|[from] psn\n|faint|p1b: \ub85d\ub9e8\n|upkeep\n|\n|t:|1726252224\n|switch|p2b: GF Hunter|Mandibuzz, L50, F, shiny|100\/100\n|switch|p1b: \uae38\ucb49\uc774|Sneasler, L50, M|100\/100\n|-enditem|p1b: \uae38\ucb49\uc774|Psychic Seed\n|-boost|p1b: \uae38\ucb49\uc774|spd|1|[from] item: Psychic Seed\n|turn|4\n|\n|t:|1726252234\n|-terastallize|p2a: King Ghidorah|Steel\n|move|p2a: King Ghidorah|Fickle Beam|p1a: \uac1c\uc0ac\uae30|[anim] Fickle Beam All Out\n|-activate|p2a: King Ghidorah|move: Fickle Beam\n|-damage|p1a: \uac1c\uc0ac\uae30|7\/100\n|move|p1a: \uac1c\uc0ac\uae30|Blood Moon|p2a: King Ghidorah\n|-resisted|p2a: King Ghidorah\n|-damage|p2a: King Ghidorah|47\/100\n|move|p2b: GF Hunter|Foul Play|p1b: \uae38\ucb49\uc774\n|-resisted|p1b: \uae38\ucb49\uc774\n|-damage|p1b: \uae38\ucb49\uc774|53\/100\n|move|p1b: \uae38\ucb49\uc774|Dire Claw|p2a: King Ghidorah\n|-immune|p2a: King Ghidorah\n|\n|upkeep\n|turn|5\n|\n|t:|1726252252\n|move|p1b: \uae38\ucb49\uc774|Protect|p1b: \uae38\ucb49\uc774\n|-singleturn|p1b: \uae38\ucb49\uc774|Protect\n|move|p2a: King Ghidorah|Earth Power|p1b: \uae38\ucb49\uc774\n|-activate|p1b: \uae38\ucb49\uc774|move: Protect\n|move|p1a: \uac1c\uc0ac\uae30|Hyper Voice|p2a: King Ghidorah|[spread] p2a,p2b\n|-resisted|p2a: King Ghidorah\n|-damage|p2a: King Ghidorah|17\/100\n|-damage|p2b: GF Hunter|53\/100\n|move|p2b: GF Hunter|Foul Play|p1a: \uac1c\uc0ac\uae30\n|-crit|p1a: \uac1c\uc0ac\uae30\n|-damage|p1a: \uac1c\uc0ac\uae30|0 fnt\n|faint|p1a: \uac1c\uc0ac\uae30\n|\n|-fieldend|move: Trick Room\n|-fieldend|move: Psychic Terrain\n|upkeep\n|turn|6\n|inactive|woochivgc has 30 seconds left.\n|inactive|woochivgc has 20 seconds left.\n|\n|t:|1726252288\n|move|p1b: \uae38\ucb49\uc774|Close Combat|p2b: GF Hunter\n|-damage|p2b: GF Hunter|15\/100\n|-unboost|p1b: \uae38\ucb49\uc774|def|1\n|-unboost|p1b: \uae38\ucb49\uc774|spd|1\n|move|p2b: GF Hunter|Roost|p2b: GF Hunter\n|-heal|p2b: GF Hunter|65\/100\n|-singleturn|p2b: GF Hunter|move: Roost\n|move|p2a: King Ghidorah|Earth Power|p1b: \uae38\ucb49\uc774\n|-supereffective|p1b: \uae38\ucb49\uc774\n|-damage|p1b: \uae38\ucb49\uc774|0 fnt\n|faint|p1b: \uae38\ucb49\uc774\n|\n|win|Cereales_Hacendado\n|raw|woochivgc's rating: 1689 &rarr; <strong>1671<\/strong><br \/>(-18 for losing)\n|raw|Cereales_Hacendado's rating: 1717 &rarr; <strong>1735<\/strong><br \/>(+18 for winning)\n|c|\u2606woochivgc|gg\n|l|\u2606Cereales_Hacendado\n|player|p2|\n|l|\u2606woochivgc\n|player|p1|\n","uploadtime":1726252506,"views":20,"formatid":"gen9vgc2024regh","rating":1671,"private":0,"password":null}