{"id":"gen9vgc2024regh-2200651499","format":"[Gen 9] VGC 2024 Reg H","players":["chappell murkroan","mine_hang"],"log":"|j|\u2606chappell murkroan\n|j|\u2606mine_hang\n|t:|1726218707\n|gametype|doubles\n|player|p1|chappell murkroan|caitlin|1695\n|player|p2|mine_hang|102|1694\n|teamsize|p1|6\n|teamsize|p2|6\n|gen|9\n|tier|[Gen 9] VGC 2024 Reg H\n|rated|\n|rule|Species Clause: Limit one of each Pok\u00e9mon\n|rule|Item Clause: Limit 1 of each item\n|clearpoke\n|poke|p1|Ursaluna-Bloodmoon, L50, M|\n|poke|p1|Archaludon, L50, M|\n|poke|p1|Dragonite, L50, F|\n|poke|p1|Kingambit, L50, F|\n|poke|p1|Ribombee, L50, M|\n|poke|p1|Amoonguss, L50, F|\n|poke|p2|Indeedee-F, L50, F|\n|poke|p2|Pelipper, L50, M|\n|poke|p2|Archaludon, L50, F|\n|poke|p2|Primarina, L50, M|\n|poke|p2|Gallade, L50, M|\n|poke|p2|Armarouge, L50, M|\n|teampreview|4\n|inactive|Battle timer is ON: inactive players will automatically lose when time's up. (requested by chappell murkroan)\n|j| Shinay star hunter\n|\n|t:|1726218735\n|start\n|switch|p1a: Dragonite|Dragonite, L50, F|100\/100\n|switch|p1b: Archaludon|Archaludon, L50, M|100\/100\n|switch|p2a: Indeedee|Indeedee-F, L50, F|100\/100\n|switch|p2b: Gallade|Gallade, L50, M|100\/100\n|-fieldstart|move: Psychic Terrain|[from] ability: Psychic Surge|[of] p2a: Indeedee\n|turn|1\n|\n|t:|1726218748\n|move|p2a: Indeedee|Follow Me|p2a: Indeedee\n|-singleturn|p2a: Indeedee|move: Follow Me\n|move|p1b: Archaludon|Electro Shot||[still]\n|-prepare|p1b: Archaludon|Electro Shot\n|-boost|p1b: Archaludon|spa|1\n|-enditem|p1b: Archaludon|Power Herb\n|-anim|p1b: Archaludon|Electro Shot|p2a: Indeedee\n|-damage|p2a: Indeedee|33\/100\n|move|p2b: Gallade|Triple Axel|p1a: Dragonite\n|-supereffective|p1a: Dragonite\n|-damage|p1a: Dragonite|83\/100\n|-supereffective|p1a: Dragonite\n|-damage|p1a: Dragonite|20\/100\n|-supereffective|p1a: Dragonite\n|-damage|p1a: Dragonite|0 fnt\n|faint|p1a: Dragonite\n|-hitcount|p1: Dragonite|3\n|\n|upkeep\n|\n|t:|1726218758\n|switch|p1a: Kingambit|Kingambit, L50, F|100\/100\n|turn|2\n|\n|t:|1726218776\n|-terastallize|p1a: Kingambit|Fire\n|move|p2a: Indeedee|Follow Me|p2a: Indeedee\n|-singleturn|p2a: Indeedee|move: Follow Me\n|move|p1b: Archaludon|Flash Cannon|p2a: Indeedee\n|-damage|p2a: Indeedee|0 fnt\n|faint|p2a: Indeedee\n|move|p2b: Gallade|Sacred Sword|p1b: Archaludon\n|-supereffective|p1b: Archaludon\n|-ability|p1b: Archaludon|Sturdy\n|-damage|p1b: Archaludon|1\/100\n|move|p1a: Kingambit|Kowtow Cleave|p2b: Gallade\n|-damage|p2b: Gallade|19\/100\n|\n|upkeep\n|\n|t:|1726218793\n|switch|p2a: Primarina|Primarina, L50, M|100\/100\n|turn|3\n|\n|t:|1726218805\n|move|p1b: Archaludon|Flash Cannon|p2b: Gallade\n|-damage|p2b: Gallade|0 fnt\n|faint|p2b: Gallade\n|move|p2a: Primarina|Hyper Voice|p1a: Kingambit|[spread] p1a,p1b\n|-supereffective|p1a: Kingambit\n|-resisted|p1b: Archaludon\n|-damage|p1a: Kingambit|24\/100\n|-damage|p1b: Archaludon|0 fnt\n|faint|p1b: Archaludon\n|move|p1a: Kingambit|Iron Head|p2a: Primarina\n|-damage|p2a: Primarina|41\/100\n|-enditem|p2a: Primarina|Sitrus Berry|[eat]\n|-heal|p2a: Primarina|66\/100|[from] item: Sitrus Berry\n|\n|upkeep\n|j| THUNDERSND77\n|\n|t:|1726218818\n|switch|p1b: Ursaluna|Ursaluna-Bloodmoon, L50, M|100\/100\n|switch|p2b: Armarouge|Armarouge, L50, M|100\/100\n|turn|4\n|\n|t:|1726218826\n|move|p1a: Kingambit|Protect|p1a: Kingambit\n|-singleturn|p1a: Kingambit|Protect\n|move|p2a: Primarina|Aqua Jet|p2b: Armarouge\n|-supereffective|p2b: Armarouge\n|-damage|p2b: Armarouge|78\/100\n|-ability|p2b: Armarouge|Weak Armor|boost\n|-unboost|p2b: Armarouge|def|1\n|-boost|p2b: Armarouge|spe|2\n|-enditem|p2b: Armarouge|Weakness Policy\n|-boost|p2b: Armarouge|atk|2|[from] item: Weakness Policy\n|-boost|p2b: Armarouge|spa|2|[from] item: Weakness Policy\n|move|p2b: Armarouge|Expanding Force|p1b: Ursaluna|[spread] p1b\n|-activate|p1a: Kingambit|move: Protect\n|-damage|p1b: Ursaluna|0 fnt\n|faint|p1b: Ursaluna\n|\n|upkeep\n|turn|5\n|-message|chappell murkroan forfeited.\n|\n|win|mine_hang\n|raw|chappell murkroan's rating: 1695 &rarr; <strong>1675<\/strong><br \/>(-20 for losing)\n|raw|mine_hang's rating: 1694 &rarr; <strong>1714<\/strong><br \/>(+20 for winning)\n|l|\u2606mine_hang\n|player|p2|\n|l| THUNDERSND77\n|l| Shinay star hunter\n","uploadtime":1726219100,"views":10,"formatid":"gen9vgc2024regh","rating":1675,"private":0,"password":null}