{"id":"gen9vgc2024regh-2200363923","format":"[Gen 9] VGC 2024 Reg H","players":["bwahacough","roykeenkennedy"],"log":"|j|\u2606bwahacough\n|j|\u2606roykeenkennedy\n|t:|1726178379\n|gametype|doubles\n|player|p1|bwahacough|medium|1778\n|player|p2|roykeenkennedy|alder|1794\n|teamsize|p1|6\n|teamsize|p2|6\n|gen|9\n|tier|[Gen 9] VGC 2024 Reg H\n|rated|\n|rule|Species Clause: Limit one of each Pok\u00e9mon\n|rule|Item Clause: Limit 1 of each item\n|clearpoke\n|poke|p1|Lycanroc, L50, M|\n|poke|p1|Tyranitar, L50, F|\n|poke|p1|Indeedee-F, L50, F|\n|poke|p1|Murkrow, L50, F|\n|poke|p1|Garchomp, L50, M|\n|poke|p1|Gholdengo, L50|\n|poke|p2|Salamence, L50, M|\n|poke|p2|Incineroar, L50, F|\n|poke|p2|Weezing, L50, M|\n|poke|p2|Dragapult, L50, M|\n|poke|p2|Ursaluna-Bloodmoon, L50, M|\n|poke|p2|Primarina, L50, M|\n|teampreview|4\n|j| abud00\n|\n|t:|1726178427\n|start\n|switch|p1a: Gholdengo|Gholdengo, L50|100\/100\n|switch|p1b: Murkrow|Murkrow, L50, F|100\/100\n|switch|p2a: Salamence|Salamence, L50, M|100\/100\n|switch|p2b: Primarina|Primarina, L50, M|100\/100\n|turn|1\n|\n|t:|1726178449\n|-terastallize|p2a: Salamence|Steel\n|move|p1a: Gholdengo|Protect|p1a: Gholdengo\n|-singleturn|p1a: Gholdengo|Protect\n|move|p2a: Salamence|Tailwind|p2a: Salamence\n|-sidestart|p2: roykeenkennedy|move: Tailwind\n|move|p2b: Primarina|Hyper Voice|p1b: Murkrow|[spread] p1b\n|-activate|p1a: Gholdengo|move: Protect\n|-damage|p1b: Murkrow|66\/100\n|-enditem|p2b: Primarina|Throat Spray\n|-boost|p2b: Primarina|spa|1|[from] item: Throat Spray\n|move|p1b: Murkrow|Foul Play|p2a: Salamence\n|-damage|p2a: Salamence|28\/100\n|\n|upkeep\n|turn|2\n|\n|t:|1726178469\n|switch|p2a: Incineroar|Incineroar, L50, F|100\/100\n|-ability|p2a: Incineroar|Intimidate|boost\n|-unboost|p1a: Gholdengo|atk|1\n|-unboost|p1b: Murkrow|atk|1\n|move|p1b: Murkrow|Haze|p1b: Murkrow\n|-clearallboost\n|move|p2b: Primarina|Hyper Voice|p1a: Gholdengo|[spread] p1a,p1b\n|-crit|p1b: Murkrow\n|-damage|p1a: Gholdengo|63\/100\n|-damage|p1b: Murkrow|18\/100\n|move|p1a: Gholdengo|Nasty Plot|p1a: Gholdengo\n|-boost|p1a: Gholdengo|spa|2\n|\n|upkeep\n|turn|3\n|\n|t:|1726178491\n|-terastallize|p1b: Murkrow|Ghost\n|move|p1b: Murkrow|Tailwind|p1b: Murkrow\n|-sidestart|p1: bwahacough|move: Tailwind\n|move|p1a: Gholdengo|Make It Rain|p2a: Incineroar|[spread] p2a,p2b\n|-resisted|p2a: Incineroar\n|-crit|p2a: Incineroar\n|-damage|p2a: Incineroar|31\/100\n|-damage|p2b: Primarina|0 fnt\n|-unboost|p1a: Gholdengo|spa|1\n|faint|p2b: Primarina\n|-damage|p1a: Gholdengo|54\/100|[from] item: Life Orb\n|move|p2a: Incineroar|Flare Blitz|p1a: Gholdengo\n|-supereffective|p1a: Gholdengo\n|-damage|p1a: Gholdengo|0 fnt\n|faint|p1a: Gholdengo\n|-damage|p2a: Incineroar|16\/100|[from] Recoil\n|\n|upkeep\n|\n|t:|1726178516\n|switch|p1a: Lycanroc|Lycanroc, L50, M, shiny|100\/100\n|switch|p2b: Ursaluna|Ursaluna-Bloodmoon, L50, M|100\/100\n|turn|4\n|\n|t:|1726178527\n|move|p1b: Murkrow|Screech|p2b: Ursaluna\n|-unboost|p2b: Ursaluna|def|2\n|move|p1a: Lycanroc|Close Combat|p2b: Ursaluna\n|-supereffective|p2b: Ursaluna\n|-damage|p2b: Ursaluna|0 fnt\n|-unboost|p1a: Lycanroc|def|1\n|-unboost|p1a: Lycanroc|spd|1\n|faint|p2b: Ursaluna\n|move|p2a: Incineroar|Parting Shot|p1a: Lycanroc\n|-unboost|p1a: Lycanroc|atk|1\n|-unboost|p1a: Lycanroc|spa|1\n|\n|t:|1726178539\n|switch|p2a: Salamence|Salamence, L50, M, tera:Steel|28\/100|[from] Parting Shot\n|\n|-sideend|p2: roykeenkennedy|move: Tailwind\n|upkeep\n|j| mr pogostick\n|\n|t:|1726178544\n|switch|p2b: Incineroar|Incineroar, L50, F|16\/100\n|-ability|p2b: Incineroar|Intimidate|boost\n|-unboost|p1a: Lycanroc|atk|1\n|-unboost|p1b: Murkrow|atk|1\n|turn|5\n|\n|t:|1726178554\n|move|p1a: Lycanroc|Protect|p1a: Lycanroc\n|-singleturn|p1a: Lycanroc|Protect\n|move|p2b: Incineroar|Fake Out|p1a: Lycanroc\n|-activate|p1a: Lycanroc|move: Protect\n|move|p1b: Murkrow|Haze|p1b: Murkrow\n|-clearallboost\n|move|p2a: Salamence|Breaking Swipe|p1b: Murkrow|[spread] p1b\n|-activate|p1a: Lycanroc|move: Protect\n|-damage|p1b: Murkrow|0 fnt\n|faint|p1b: Murkrow\n|-ability|p2a: Salamence|Moxie|boost\n|-boost|p2a: Salamence|atk|1\n|\n|upkeep\n|j| epschrad\n|\n|t:|1726178558\n|switch|p1b: Tyranitar|Tyranitar, L50, F|100\/100\n|-weather|Sandstorm|[from] ability: Sand Stream|[of] p1b: Tyranitar\n|turn|6\n|\n|t:|1726178575\n|move|p1a: Lycanroc|Close Combat|p2a: Salamence\n|-supereffective|p2a: Salamence\n|-damage|p2a: Salamence|0 fnt\n|-unboost|p1a: Lycanroc|def|1\n|-unboost|p1a: Lycanroc|spd|1\n|faint|p2a: Salamence\n|move|p1b: Tyranitar|Rock Slide|p2b: Incineroar\n|-supereffective|p2b: Incineroar\n|-damage|p2b: Incineroar|0 fnt\n|faint|p2b: Incineroar\n|\n|win|bwahacough\n|raw|bwahacough's rating: 1763 &rarr; <strong>1785<\/strong><br \/>(+22 for winning)\n|raw|roykeenkennedy's rating: 1794 &rarr; <strong>1772<\/strong><br \/>(-22 for losing)\n|l|\u2606roykeenkennedy\n|player|p2|\n|l|\u2606bwahacough\n|player|p1|\n|l| mr pogostick\n|l| epschrad\n","uploadtime":1726178769,"views":98,"formatid":"gen9vgc2024regh","rating":1772,"private":0,"password":null}