{"id":"gen9vgc2024regh-2200984083","format":"[Gen 9] VGC 2024 Reg H","players":["Cereales_Testing","elvegis1"],"log":"|j|\u2606Cereales_Testing\n|j|\u2606elvegis1\n|t:|1726253657\n|gametype|doubles\n|player|p1|Cereales_Testing|102|1736\n|player|p2|elvegis1|lucas|1731\n|teamsize|p1|6\n|teamsize|p2|6\n|gen|9\n|tier|[Gen 9] VGC 2024 Reg H\n|rated|\n|rule|Species Clause: Limit one of each Pok\u00e9mon\n|rule|Item Clause: Limit 1 of each item\n|clearpoke\n|poke|p1|Muk-Alola, L50, M|\n|poke|p1|Mandibuzz, L50, F|\n|poke|p1|Hydrapple, L50, M|\n|poke|p1|Gengar, L50, F|\n|poke|p1|Whiscash, L50, M|\n|poke|p1|Tauros-Paldea-Aqua, L50, M|\n|poke|p2|Annihilape, L50, M|\n|poke|p2|Electabuzz, L50, M|\n|poke|p2|Murkrow, L50, F|\n|poke|p2|Primarina, L50, F|\n|poke|p2|Archaludon, L50, F|\n|poke|p2|Sinistcha, L50|\n|teampreview|4\n|inactive|Battle timer is ON: inactive players will automatically lose when time's up. (requested by elvegis1)\nCereales_Testing rejected open team sheets.\n|inactive|elvegis1 has 60 seconds left.\n|inactive|elvegis1 has 30 seconds left.\n|\n|t:|1726253737\n|start\n|switch|p1a: Smile|Gengar, L50, F|100\/100\n|switch|p1b: E=MC^2|Muk-Alola, L50, M, shiny|100\/100\n|switch|p2a: Electabuzz|Electabuzz, L50, M|100\/100\n|switch|p2b: Archaludon|Archaludon, L50, F|100\/100\n|turn|1\n|\n|t:|1726253761\n|move|p1a: Smile|Protect|p1a: Smile\n|-singleturn|p1a: Smile|Protect\n|move|p2a: Electabuzz|Thunder Wave|p1b: E=MC^2\n|-status|p1b: E=MC^2|par\n|move|p2b: Archaludon|Flash Cannon|p1a: Smile\n|-activate|p1a: Smile|move: Protect\n|move|p1b: E=MC^2|Knock Off|p2a: Electabuzz\n|-damage|p2a: Electabuzz|67\/100\n|-enditem|p2a: Electabuzz|Eviolite|[from] move: Knock Off|[of] p1b: E=MC^2\n|\n|upkeep\n|turn|2\n|\n|t:|1726253783\n|move|p2a: Electabuzz|Protect|p2a: Electabuzz\n|-singleturn|p2a: Electabuzz|Protect\n|move|p1a: Smile|Shadow Ball|p2a: Electabuzz\n|-activate|p2a: Electabuzz|move: Protect\n|move|p2b: Archaludon|Flash Cannon|p1a: Smile\n|-damage|p1a: Smile|32\/100\n|-start|p2b: Archaludon|Disable|Flash Cannon|[from] ability: Cursed Body|[of] p1a: Smile\n|move|p1b: E=MC^2|Poison Jab|p2a: Electabuzz\n|-activate|p2a: Electabuzz|move: Protect\n|\n|upkeep\n|turn|3\n|\n|t:|1726253803\n|move|p1a: Smile|Destiny Bond|p1a: Smile\n|-singlemove|p1a: Smile|Destiny Bond\n|move|p2a: Electabuzz|Thunderbolt|p1a: Smile\n|-damage|p1a: Smile|0 fnt\n|faint|p1a: Smile\n|-activate|p1a: Smile|move: Destiny Bond\n|faint|p2a: Electabuzz\n|move|p2b: Archaludon|Electro Shot||[still]\n|-prepare|p2b: Archaludon|Electro Shot\n|-boost|p2b: Archaludon|spa|1\n|move|p1b: E=MC^2|Poison Jab|p2b: Archaludon\n|-immune|p2b: Archaludon\n|\n|upkeep\n|\n|t:|1726253818\n|switch|p1a: King Ghidorah|Hydrapple, L50, M, shiny|100\/100\n|switch|p2a: Annihilape|Annihilape, L50, M|100\/100\n|turn|4\n|\n|t:|1726253834\n|move|p2a: Annihilape|Bulk Up|p2a: Annihilape\n|-boost|p2a: Annihilape|atk|1\n|-boost|p2a: Annihilape|def|1\n|move|p2b: Archaludon|Electro Shot|p1a: King Ghidorah|[from]lockedmove\n|-resisted|p1a: King Ghidorah\n|-damage|p1a: King Ghidorah|86\/100\n|move|p1a: King Ghidorah|Earth Power|p2b: Archaludon\n|-supereffective|p2b: Archaludon\n|-damage|p2b: Archaludon|53\/100\n|-unboost|p2b: Archaludon|spd|1\n|-ability|p2b: Archaludon|Stamina|boost\n|-boost|p2b: Archaludon|def|1\n|move|p1b: E=MC^2|Knock Off|p2b: Archaludon\n|-damage|p2b: Archaludon|31\/100\n|-ability|p2b: Archaludon|Stamina|boost\n|-boost|p2b: Archaludon|def|1\n|-enditem|p2b: Archaludon|Assault Vest|[from] move: Knock Off|[of] p1b: E=MC^2\n|\n|upkeep\n|turn|5\n|inactive|Cereales_Testing has 30 seconds left.\n|inactive|elvegis1 has 30 seconds left.\n|inactive|elvegis1 has 20 seconds left.\n|\n|t:|1726253872\n|-terastallize|p1a: King Ghidorah|Steel\n|move|p2a: Annihilape|Drain Punch|p1a: King Ghidorah\n|-supereffective|p1a: King Ghidorah\n|-damage|p1a: King Ghidorah|0 fnt\n|-damage|p2a: Annihilape|84\/100|[from] item: Rocky Helmet|[of] p1a: King Ghidorah\n|faint|p1a: King Ghidorah\n|move|p2b: Archaludon|Body Press|p1b: E=MC^2\n|-damage|p1b: E=MC^2|47\/100 par\n|move|p1b: E=MC^2|Poison Jab|p2a: Annihilape\n|-resisted|p2a: Annihilape\n|-damage|p2a: Annihilape|73\/100\n|-status|p2a: Annihilape|psn\n|\n|-heal|p2a: Annihilape|79\/100 psn|[from] item: Leftovers\n|-damage|p2a: Annihilape|67\/100 psn|[from] psn\n|-end|p2b: Archaludon|Disable\n|upkeep\n|\n|t:|1726253887\n|switch|p1a: GF Hunter|Mandibuzz, L50, F, shiny|100\/100\n|turn|6\n|j| mr pogostick\n|\n|t:|1726253897\n|move|p1b: E=MC^2|Shadow Sneak|p2a: Annihilape\n|-supereffective|p2a: Annihilape\n|-damage|p2a: Annihilape|49\/100 psn\n|move|p2a: Annihilape|Drain Punch|p1a: GF Hunter\n|-damage|p1a: GF Hunter|70\/100\n|-heal|p2a: Annihilape|66\/100 psn|[from] drain|[of] p1a: GF Hunter\n|move|p2b: Archaludon|Body Press|p1b: E=MC^2\n|-damage|p1b: E=MC^2|0 fnt\n|faint|p1b: E=MC^2\n|move|p1a: GF Hunter|Foul Play|p2b: Archaludon\n|-damage|p2b: Archaludon|20\/100\n|-ability|p2b: Archaludon|Stamina|boost\n|-boost|p2b: Archaludon|def|1\n|\n|-heal|p2a: Annihilape|72\/100 psn|[from] item: Leftovers\n|-damage|p2a: Annihilape|59\/100 psn|[from] psn\n|upkeep\n|turn|7\n|\n|t:|1726253914\n|move|p2a: Annihilape|Drain Punch|p1a: GF Hunter\n|-damage|p1a: GF Hunter|39\/100\n|-heal|p2a: Annihilape|75\/100 psn|[from] drain|[of] p1a: GF Hunter\n|move|p2b: Archaludon|Body Press|p1a: GF Hunter\n|-damage|p1a: GF Hunter|5\/100\n|move|p1a: GF Hunter|Roost|p1a: GF Hunter\n|-heal|p1a: GF Hunter|55\/100\n|-singleturn|p1a: GF Hunter|move: Roost\n|\n|-heal|p2a: Annihilape|81\/100 psn|[from] item: Leftovers\n|-damage|p2a: Annihilape|69\/100 psn|[from] psn\n|upkeep\n|turn|8\n|\n|t:|1726253928\n|move|p2a: Annihilape|Drain Punch|p1a: GF Hunter\n|-damage|p1a: GF Hunter|27\/100\n|-heal|p2a: Annihilape|84\/100 psn|[from] drain|[of] p1a: GF Hunter\n|move|p2b: Archaludon|Body Press|p1a: GF Hunter\n|-damage|p1a: GF Hunter|0 fnt\n|faint|p1a: GF Hunter\n|\n|win|elvegis1\n|raw|Cereales_Testing's rating: 1736 &rarr; <strong>1716<\/strong><br \/>(-20 for losing)\n|raw|elvegis1's rating: 1731 &rarr; <strong>1751<\/strong><br \/>(+20 for winning)\n|j| Daniel1VGC\n|l|\u2606Cereales_Testing\n|player|p1|\n|l|\u2606elvegis1\n|player|p2|\n|l| Daniel1VGC\n","uploadtime":1726254168,"views":40,"formatid":"gen9vgc2024regh","rating":1716,"private":0,"password":null}