{"id":"gen9vgc2024regh-2200572814","format":"[Gen 9] VGC 2024 Reg H","players":["woochivgc","TubbbbbyToucan"],"log":"|j|\u2606woochivgc\n|j|\u2606TubbbbbyToucan\n|t:|1726204726\n|gametype|doubles\n|player|p1|woochivgc|skierf-gen4dp|1713\n|player|p2|TubbbbbyToucan|169|1641\n|teamsize|p1|6\n|teamsize|p2|6\n|gen|9\n|tier|[Gen 9] VGC 2024 Reg H\n|rated|\n|rule|Species Clause: Limit one of each Pok\u00e9mon\n|rule|Item Clause: Limit 1 of each item\n|clearpoke\n|poke|p1|Excadrill, L50, M|\n|poke|p1|Indeedee-F, L50, F|\n|poke|p1|Tyranitar, L50, M|\n|poke|p1|Ursaluna-Bloodmoon, L50, M|\n|poke|p1|Armarouge, L50, F|\n|poke|p1|Sneasler, L50, F|\n|poke|p2|Pelipper, L50, M|\n|poke|p2|Kingambit, L50, F|\n|poke|p2|Archaludon, L50, F|\n|poke|p2|Ursaluna-Bloodmoon, L50, M|\n|poke|p2|Farigiraf, L50, F|\n|poke|p2|Amoonguss, L50, M|\n|teampreview|4\n|j| Dirt in eyes\n|\n|t:|1726204769\n|start\n|switch|p1a: \ubab0?\ub8e8|Excadrill, L50, M|100\/100\n|switch|p1b: \ub9c8\uae30\uafbc|Tyranitar, L50, M|100\/100\n|switch|p2a: Archaludon|Archaludon, L50, F|100\/100\n|switch|p2b: Kingambit|Kingambit, L50, F|100\/100\n|-weather|Sandstorm|[from] ability: Sand Stream|[of] p1b: \ub9c8\uae30\uafbc\n|turn|1\n|\n|t:|1726204787\n|switch|p2b: Pelipper|Pelipper, L50, M, shiny|100\/100\n|-weather|RainDance|[from] ability: Drizzle|[of] p2b: Pelipper\n|-terastallize|p2a: Archaludon|Grass\n|-terastallize|p1b: \ub9c8\uae30\uafbc|Flying\n|move|p1a: \ubab0?\ub8e8|Earthquake|p2a: Archaludon|[spread] p2a\n|-immune|p1b: \ub9c8\uae30\uafbc\n|-immune|p2b: Pelipper\n|-resisted|p2a: Archaludon\n|-damage|p2a: Archaludon|85\/100\n|-ability|p2a: Archaludon|Stamina|boost\n|-boost|p2a: Archaludon|def|1\n|move|p2a: Archaludon|Electro Shot||[still]\n|-prepare|p2a: Archaludon|Electro Shot\n|-boost|p2a: Archaludon|spa|1\n|-anim|p2a: Archaludon|Electro Shot|p1b: \ub9c8\uae30\uafbc\n|-supereffective|p1b: \ub9c8\uae30\uafbc\n|-damage|p1b: \ub9c8\uae30\uafbc|0 fnt\n|faint|p1b: \ub9c8\uae30\uafbc\n|\n|-weather|RainDance|[upkeep]\n|upkeep\n|\n|t:|1726204796\n|switch|p1b: \uc598 \uc4f4\ub2e4..|Indeedee-F, L50, F|100\/100\n|-fieldstart|move: Psychic Terrain|[from] ability: Psychic Surge|[of] p1b: \uc598 \uc4f4\ub2e4..\n|turn|2\n|\n|t:|1726204809\n|move|p1a: \ubab0?\ub8e8|Iron Head|p2b: Pelipper\n|-resisted|p2b: Pelipper\n|-damage|p2b: Pelipper|70\/100\n|move|p2b: Pelipper|Weather Ball|p1a: \ubab0?\ub8e8\n|-supereffective|p1a: \ubab0?\ub8e8\n|-crit|p1a: \ubab0?\ub8e8\n|-enditem|p1a: \ubab0?\ub8e8|Focus Sash\n|-damage|p1a: \ubab0?\ub8e8|1\/100\n|move|p2a: Archaludon|Body Press|p1a: \ubab0?\ub8e8\n|-supereffective|p1a: \ubab0?\ub8e8\n|-damage|p1a: \ubab0?\ub8e8|0 fnt\n|faint|p1a: \ubab0?\ub8e8\n|move|p1b: \uc598 \uc4f4\ub2e4..|Psychic|p2b: Pelipper\n|-damage|p2b: Pelipper|8\/100\n|-unboost|p2b: Pelipper|spd|1\n|\n|-weather|RainDance|[upkeep]\n|upkeep\n|l| Dirt in eyes\n|\n|t:|1726204819\n|switch|p1a: \uae38\ucb49\uc774|Sneasler, L50, F|100\/100\n|-enditem|p1a: \uae38\ucb49\uc774|Psychic Seed\n|-boost|p1a: \uae38\ucb49\uc774|spd|1|[from] item: Psychic Seed\n|turn|3\n|l|\u2606woochivgc\n|player|p1|\n|j| BlindMagneton\n|inactive|Battle timer is ON: inactive players will automatically lose when time's up. (requested by TubbbbbyToucan)\n|j|\u2606woochivgc\n|inactive|woochivgc reconnected and has 90 seconds left.\n|player|p1|woochivgc|skierf-gen4dp|\n|\n|t:|1726204892\n|move|p1a: \uae38\ucb49\uc774|Dire Claw|p2b: Pelipper\n|-damage|p2b: Pelipper|0 fnt\n|faint|p2b: Pelipper\n|move|p2a: Archaludon|Electro Shot||[still]\n|-prepare|p2a: Archaludon|Electro Shot\n|-boost|p2a: Archaludon|spa|1\n|-anim|p2a: Archaludon|Electro Shot|p1a: \uae38\ucb49\uc774\n|-damage|p1a: \uae38\ucb49\uc774|26\/100\n|move|p1b: \uc598 \uc4f4\ub2e4..|Psychic|p2a: Archaludon\n|-damage|p2a: Archaludon|59\/100\n|-ability|p2a: Archaludon|Stamina|boost\n|-boost|p2a: Archaludon|def|1\n|\n|-weather|RainDance|[upkeep]\n|upkeep\n|\n|t:|1726204904\n|switch|p2b: Kingambit|Kingambit, L50, F|100\/100\n|turn|4\n|\n|t:|1726204919\n|move|p1b: \uc598 \uc4f4\ub2e4..|Follow Me|p1b: \uc598 \uc4f4\ub2e4..\n|-singleturn|p1b: \uc598 \uc4f4\ub2e4..|move: Follow Me\n|move|p1a: \uae38\ucb49\uc774|Close Combat|p2b: Kingambit\n|-supereffective|p2b: Kingambit\n|-damage|p2b: Kingambit|0 fnt\n|-unboost|p1a: \uae38\ucb49\uc774|def|1\n|-unboost|p1a: \uae38\ucb49\uc774|spd|1\n|faint|p2b: Kingambit\n|move|p2a: Archaludon|Electro Shot||[still]\n|-prepare|p2a: Archaludon|Electro Shot\n|-boost|p2a: Archaludon|spa|1\n|-anim|p2a: Archaludon|Electro Shot|p1b: \uc598 \uc4f4\ub2e4..\n|-damage|p1b: \uc598 \uc4f4\ub2e4..|22\/100\n|\n|-weather|RainDance|[upkeep]\n|upkeep\n|\n|t:|1726204931\n|switch|p2b: Ursaluna|Ursaluna-Bloodmoon, L50, M|100\/100\n|turn|5\n|\n|t:|1726204940\n|move|p1b: \uc598 \uc4f4\ub2e4..|Follow Me|p1b: \uc598 \uc4f4\ub2e4..\n|-singleturn|p1b: \uc598 \uc4f4\ub2e4..|move: Follow Me\n|move|p1a: \uae38\ucb49\uc774|Close Combat|p2b: Ursaluna\n|-supereffective|p2b: Ursaluna\n|-damage|p2b: Ursaluna|12\/100\n|-unboost|p1a: \uae38\ucb49\uc774|def|1\n|-unboost|p1a: \uae38\ucb49\uc774|spd|1\n|move|p2a: Archaludon|Electro Shot||[still]\n|-prepare|p2a: Archaludon|Electro Shot\n|-boost|p2a: Archaludon|spa|1\n|-anim|p2a: Archaludon|Electro Shot|p1b: \uc598 \uc4f4\ub2e4..\n|-damage|p1b: \uc598 \uc4f4\ub2e4..|0 fnt\n|faint|p1b: \uc598 \uc4f4\ub2e4..\n|move|p2b: Ursaluna|Hyper Voice|p1a: \uae38\ucb49\uc774\n|-damage|p1a: \uae38\ucb49\uc774|0 fnt\n|faint|p1a: \uae38\ucb49\uc774\n|-damage|p2b: Ursaluna|2\/100|[from] item: Life Orb\n|\n|win|TubbbbbyToucan\n|raw|woochivgc's rating: 1713 &rarr; <strong>1689<\/strong><br \/>(-24 for losing)\n|raw|TubbbbbyToucan's rating: 1641 &rarr; <strong>1665<\/strong><br \/>(+24 for winning)\n|l|\u2606woochivgc\n|player|p1|\n|l|\u2606TubbbbbyToucan\n|player|p2|\n","uploadtime":1726205206,"views":12,"formatid":"gen9vgc2024regh","rating":1665,"private":0,"password":null}