{"id":"gen9vgc2024regh-2200213187","format":"[Gen 9] VGC 2024 Reg H","players":["Phononmode","HappyDuckJJ"],"log":"|j|\u2606Phononmode\n|j|\u2606HappyDuckJJ\n|t:|1726164051\n|gametype|doubles\n|player|p1|Phononmode|170|1701\n|player|p2|HappyDuckJJ|169|1695\n|teamsize|p1|6\n|teamsize|p2|6\n|gen|9\n|tier|[Gen 9] VGC 2024 Reg H\n|rated|\n|rule|Species Clause: Limit one of each Pok\u00e9mon\n|rule|Item Clause: Limit 1 of each item\n|clearpoke\n|poke|p1|Pawmot, L50, M|\n|poke|p1|Dondozo, L50, F|\n|poke|p1|Tatsugiri, L50, F|\n|poke|p1|Dragapult, L50, F|\n|poke|p1|Weezing, L50, F|\n|poke|p1|Incineroar, L50, M|\n|poke|p2|Glimmora, L50, F|\n|poke|p2|Dragonite, L50, M|\n|poke|p2|Dondozo, L50, F|\n|poke|p2|Tatsugiri, L50, F|\n|poke|p2|Gengar, L50, F|\n|poke|p2|Sylveon, L50, F|\n|teampreview|4\n|\n|t:|1726164085\n|start\n|switch|p1a: will-o-miss|Weezing, L50, F|100\/100\n|switch|p1b: Incineroar|Incineroar, L50, M|100\/100\n|switch|p2a: Glimmora|Glimmora, L50, F, shiny|100\/100\n|switch|p2b: Dondozo|Dondozo, L50, F|100\/100\n|-ability|p1a: will-o-miss|Neutralizing Gas\n|-block|p1b: Incineroar|item: Ability Shield\n|-ability|p1b: Incineroar|Intimidate|boost\n|-unboost|p2a: Glimmora|atk|1\n|-unboost|p2b: Dondozo|atk|1\n|turn|1\n|\n|t:|1726164112\n|move|p2b: Dondozo|Protect|p2b: Dondozo\n|-singleturn|p2b: Dondozo|Protect\n|move|p2a: Glimmora|Earth Power|p1a: will-o-miss\n|-supereffective|p1a: will-o-miss\n|-damage|p1a: will-o-miss|48\/100\n|-enditem|p1a: will-o-miss|Sitrus Berry|[eat]\n|-heal|p1a: will-o-miss|73\/100|[from] item: Sitrus Berry\n|move|p1b: Incineroar|Knock Off|p2b: Dondozo\n|-activate|p2b: Dondozo|move: Protect\n|move|p1a: will-o-miss|Will-O-Wisp|p2b: Dondozo\n|-activate|p2b: Dondozo|move: Protect\n|\n|upkeep\n|turn|2\n|\n|t:|1726164136\n|switch|p2b: Sylveon|Sylveon, L50, F|100\/100\n|move|p2a: Glimmora|Earth Power|p1b: Incineroar\n|-supereffective|p1b: Incineroar\n|-damage|p1b: Incineroar|49\/100\n|move|p1b: Incineroar|Knock Off|p2b: Sylveon\n|-resisted|p2b: Sylveon\n|-damage|p2b: Sylveon|78\/100\n|-enditem|p2b: Sylveon|Sitrus Berry|[from] move: Knock Off|[of] p1b: Incineroar\n|move|p1a: will-o-miss|Will-O-Wisp|p2b: Sylveon\n|-status|p2b: Sylveon|brn\n|\n|-damage|p2b: Sylveon|72\/100 brn|[from] brn\n|upkeep\n|turn|3\n|\n|t:|1726164159\n|switch|p2b: Dondozo|Dondozo, L50, F|100\/100\n|move|p2a: Glimmora|Power Gem|p1b: Incineroar\n|-supereffective|p1b: Incineroar\n|-damage|p1b: Incineroar|0 fnt\n|faint|p1b: Incineroar\n|move|p1a: will-o-miss|Sludge Bomb|p2b: Dondozo\n|-damage|p2b: Dondozo|74\/100\n|\n|-heal|p2b: Dondozo|80\/100|[from] item: Leftovers\n|upkeep\n|\n|t:|1726164170\n|switch|p1b: Dondozo|Dondozo, L50, F|100\/100\n|turn|4\n|\n|t:|1726164178\n|-terastallize|p2a: Glimmora|Grass\n|move|p2b: Dondozo|Protect|p2b: Dondozo\n|-singleturn|p2b: Dondozo|Protect\n|move|p1b: Dondozo|Protect|p1b: Dondozo\n|-singleturn|p1b: Dondozo|Protect\n|move|p2a: Glimmora|Earth Power|p1a: will-o-miss\n|-supereffective|p1a: will-o-miss\n|-damage|p1a: will-o-miss|16\/100\n|move|p1a: will-o-miss|Sludge Bomb|p2a: Glimmora\n|-supereffective|p2a: Glimmora\n|-damage|p2a: Glimmora|59\/100\n|\n|-heal|p2b: Dondozo|86\/100|[from] item: Leftovers\n|upkeep\n|turn|5\n|\n|t:|1726164193\n|switch|p2b: Sylveon|Sylveon, L50, F|72\/100 brn\n|-end|p1a: will-o-miss|ability: Neutralizing Gas\n|switch|p1a: Tatsugiri|Tatsugiri, L50, F|100\/100\n|-activate|p1a: Tatsugiri|ability: Commander|[of] p1b: Dondozo\n|-boost|p1b: Dondozo|atk|2\n|-boost|p1b: Dondozo|spa|2\n|-boost|p1b: Dondozo|spe|2\n|-boost|p1b: Dondozo|def|2\n|-boost|p1b: Dondozo|spd|2\n|move|p1b: Dondozo|Order Up|p2a: Glimmora\n|-crit|p2a: Glimmora\n|-damage|p2a: Glimmora|10\/100\n|-activate|p2a: Glimmora|ability: Toxic Debris\n|-sidestart|p1: Phononmode|move: Toxic Spikes\n|-boost|p1b: Dondozo|atk|1\n|move|p2a: Glimmora|Mortal Spin|p1a: Tatsugiri|[spread] p1b\n|-miss|p2a: Glimmora|p1a: Tatsugiri\n|-damage|p1b: Dondozo|99\/100\n|-status|p1b: Dondozo|psn\n|\n|-heal|p1b: Dondozo|100\/100 psn|[from] item: Leftovers\n|-damage|p1b: Dondozo|88\/100 psn|[from] psn\n|-damage|p2b: Sylveon|66\/100 brn|[from] brn\n|upkeep\n|turn|6\n|\n|t:|1726164199\n|switch|p2a: Tatsugiri|Tatsugiri, L50, F|100\/100\n|switch|p2b: Dondozo|Dondozo, L50, F|86\/100\n|-activate|p2a: Tatsugiri|ability: Commander|[of] p2b: Dondozo\n|-boost|p2b: Dondozo|atk|2\n|-boost|p2b: Dondozo|spa|2\n|-boost|p2b: Dondozo|spe|2\n|-boost|p2b: Dondozo|def|2\n|-boost|p2b: Dondozo|spd|2\n|move|p1b: Dondozo|Wave Crash|p2b: Dondozo\n|-resisted|p2b: Dondozo\n|-damage|p2b: Dondozo|70\/100\n|-damage|p1b: Dondozo|83\/100 psn|[from] Recoil\n|\n|-heal|p2b: Dondozo|76\/100|[from] item: Leftovers\n|-heal|p1b: Dondozo|89\/100 psn|[from] item: Leftovers\n|-damage|p1b: Dondozo|77\/100 psn|[from] psn\n|upkeep\n|turn|7\n|\n|t:|1726164203\n|move|p2b: Dondozo|Protect|p2b: Dondozo\n|-singleturn|p2b: Dondozo|Protect\n|move|p1b: Dondozo|Fissure|p2b: Dondozo\n|-activate|p2b: Dondozo|move: Protect\n|\n|-heal|p2b: Dondozo|82\/100|[from] item: Leftovers\n|-heal|p1b: Dondozo|83\/100 psn|[from] item: Leftovers\n|-damage|p1b: Dondozo|70\/100 psn|[from] psn\n|upkeep\n|turn|8\n|\n|t:|1726164210\n|move|p2b: Dondozo|Order Up|p1b: Dondozo\n|-damage|p1b: Dondozo|54\/100 psn\n|-boost|p2b: Dondozo|atk|1\n|move|p1b: Dondozo|Fissure|p2b: Dondozo|[miss]\n|-miss|p1b: Dondozo|p2b: Dondozo\n|\n|-heal|p2b: Dondozo|89\/100|[from] item: Leftovers\n|-heal|p1b: Dondozo|60\/100 psn|[from] item: Leftovers\n|-damage|p1b: Dondozo|48\/100 psn|[from] psn\n|upkeep\n|turn|9\n|\n|t:|1726164213\n|move|p2b: Dondozo|Protect|p2b: Dondozo\n|-singleturn|p2b: Dondozo|Protect\n|move|p1b: Dondozo|Fissure|p2b: Dondozo\n|-activate|p2b: Dondozo|move: Protect\n|\n|-heal|p2b: Dondozo|95\/100|[from] item: Leftovers\n|-heal|p1b: Dondozo|54\/100 psn|[from] item: Leftovers\n|-damage|p1b: Dondozo|42\/100 psn|[from] psn\n|upkeep\n|turn|10\n|\n|t:|1726164217\n|move|p2b: Dondozo|Order Up|p1b: Dondozo\n|-damage|p1b: Dondozo|25\/100 psn\n|-boost|p2b: Dondozo|atk|1\n|move|p1b: Dondozo|Fissure|p2b: Dondozo\n|-damage|p2b: Dondozo|0 fnt\n|faint|p2b: Dondozo\n|-ohko\n|\n|-heal|p1b: Dondozo|31\/100 psn|[from] item: Leftovers\n|-damage|p1b: Dondozo|19\/100 psn|[from] psn\n|upkeep\n|\n|t:|1726164222\n|switch|p2b: Sylveon|Sylveon, L50, F|66\/100 brn\n|turn|11\n|\n|t:|1726164271\n|move|p2a: Tatsugiri|Protect|p2a: Tatsugiri\n|-singleturn|p2a: Tatsugiri|Protect\n|move|p1b: Dondozo|Order Up|p2a: Tatsugiri\n|-activate|p2a: Tatsugiri|move: Protect\n|move|p2b: Sylveon|Psych Up|p1b: Dondozo\n|-copyboost|p2b: Sylveon|p1b: Dondozo|[from] move: Psych Up\n|\n|-heal|p1b: Dondozo|25\/100 psn|[from] item: Leftovers\n|-damage|p1b: Dondozo|12\/100 psn|[from] psn\n|-damage|p2b: Sylveon|60\/100 brn|[from] brn\n|upkeep\n|turn|12\n|\n|t:|1726164280\n|move|p2b: Sylveon|Protect|p2b: Sylveon\n|-singleturn|p2b: Sylveon|Protect\n|move|p1b: Dondozo|Wave Crash|p2b: Sylveon\n|-activate|p2b: Sylveon|move: Protect\n|move|p2a: Tatsugiri|Draco Meteor|p1b: Dondozo\n|-damage|p1b: Dondozo|0 fnt\n|-unboost|p2a: Tatsugiri|spa|2\n|faint|p1b: Dondozo\n|\n|-damage|p2b: Sylveon|54\/100 brn|[from] brn\n|upkeep\n|\n|t:|1726164283\n|switch|p1b: will-o-miss|Weezing, L50, F|16\/100\n|-ability|p1b: will-o-miss|Neutralizing Gas\n|-block|p2a: Tatsugiri|item: Ability Shield\n|-sideend|p1: Phononmode|move: Toxic Spikes|[of] p1b: will-o-miss\n|turn|13\n|j| Hydrion\n|\n|t:|1726164298\n|switch|p2a: Glimmora|Glimmora, L50, F, shiny, tera:Grass|10\/100\n|-terastallize|p1a: Tatsugiri|Stellar\n|move|p1a: Tatsugiri|Muddy Water|p2a: Glimmora|[spread] p2a\n|-miss|p1a: Tatsugiri|p2b: Sylveon\n|-resisted|p2a: Glimmora\n|-damage|p2a: Glimmora|0 fnt\n|faint|p2a: Glimmora\n|move|p2b: Sylveon|Hyper Voice|p1a: Tatsugiri|[spread] p1a,p1b\n|-damage|p1a: Tatsugiri|59\/100\n|-damage|p1b: will-o-miss|0 fnt\n|faint|p1b: will-o-miss\n|-end|p1b: will-o-miss|ability: Neutralizing Gas\n|\n|-damage|p2b: Sylveon|48\/100 brn|[from] brn\n|upkeep\n|\n|t:|1726164300\n|switch|p2a: Tatsugiri|Tatsugiri, L50, F|100\/100\n|turn|14\n|\n|t:|1726164311\n|move|p1a: Tatsugiri|Muddy Water|p2a: Tatsugiri|[spread] p2a,p2b\n|-resisted|p2a: Tatsugiri\n|-damage|p2a: Tatsugiri|92\/100\n|-damage|p2b: Sylveon|39\/100 brn\n|move|p2b: Sylveon|Hyper Voice|p1a: Tatsugiri\n|-supereffective|p1a: Tatsugiri\n|-damage|p1a: Tatsugiri|0 fnt\n|faint|p1a: Tatsugiri\n|\n|win|HappyDuckJJ\n|raw|Phononmode's rating: 1701 &rarr; <strong>1681<\/strong><br \/>(-20 for losing)\n|raw|HappyDuckJJ's rating: 1695 &rarr; <strong>1715<\/strong><br \/>(+20 for winning)\n|l|\u2606Phononmode\n|player|p1|\n|l|\u2606HappyDuckJJ\n|player|p2|\n","uploadtime":1726164482,"views":12,"formatid":"gen9vgc2024regh","rating":1681,"private":0,"password":null}