{"id":"gen9vgc2024regh-2200558696","format":"[Gen 9] VGC 2024 Reg H","players":["roykeenkennedy","lieyanshu"],"log":"|j|\u2606roykeenkennedy\n|j|\u2606lieyanshu\n|t:|1726202350\n|gametype|doubles\n|player|p1|roykeenkennedy|alder|1687\n|player|p2|lieyanshu|lucas|1669\n|teamsize|p1|6\n|teamsize|p2|6\n|gen|9\n|tier|[Gen 9] VGC 2024 Reg H\n|rated|\n|rule|Species Clause: Limit one of each Pok\u00e9mon\n|rule|Item Clause: Limit 1 of each item\n|clearpoke\n|poke|p1|Salamence, L50, F|\n|poke|p1|Incineroar, L50, M|\n|poke|p1|Weezing, L50, F|\n|poke|p1|Dragapult, L50, F|\n|poke|p1|Ursaluna-Bloodmoon, L50, M|\n|poke|p1|Primarina, L50, M|\n|poke|p2|Archaludon, L50, F|\n|poke|p2|Amoonguss, L50, F|\n|poke|p2|Kingambit, L50, F|\n|poke|p2|Basculegion, L50, M|\n|poke|p2|Salamence, L50, F|\n|poke|p2|Pelipper, L50, F|\n|teampreview|4\n|j| hachiware\n|j| ChavaCore\n|j| Tian15\n|\n|t:|1726202392\n|start\n|switch|p1a: Salamence|Salamence, L50, F|100\/100\n|switch|p1b: Weezing|Weezing, L50, F|100\/100\n|switch|p2a: Salamence|Salamence, L50, F|100\/100\n|switch|p2b: Kingambit|Kingambit, L50, F|100\/100\n|-ability|p1b: Weezing|Neutralizing Gas\n|turn|1\n|\n|t:|1726202415\n|-terastallize|p1a: Salamence|Steel\n|-terastallize|p2a: Salamence|Steel\n|move|p1a: Salamence|Breaking Swipe|p2b: Kingambit|[spread] p2a,p2b\n|-resisted|p2a: Salamence\n|-resisted|p2b: Kingambit\n|-damage|p2a: Salamence|85\/100\n|-damage|p2b: Kingambit|90\/100\n|-unboost|p2a: Salamence|atk|1\n|-unboost|p2b: Kingambit|atk|1\n|move|p2a: Salamence|Tailwind|p2a: Salamence\n|-sidestart|p2: lieyanshu|move: Tailwind\n|move|p2b: Kingambit|Swords Dance|p2b: Kingambit\n|-boost|p2b: Kingambit|atk|2\n|move|p1b: Weezing|Will-O-Wisp|p2b: Kingambit\n|-status|p2b: Kingambit|brn\n|\n|-damage|p2b: Kingambit|84\/100 brn|[from] brn\n|upkeep\n|turn|2\n|j| Daniel1VGC\n|\n|t:|1726202439\n|move|p2a: Salamence|Draco Meteor|p1b: Weezing\n|-damage|p1b: Weezing|11\/100\n|-unboost|p2a: Salamence|spa|2\n|-damage|p2a: Salamence|75\/100|[from] item: Life Orb\n|move|p1a: Salamence|Breaking Swipe|p2a: Salamence|[spread] p2a,p2b\n|-resisted|p2a: Salamence\n|-resisted|p2b: Kingambit\n|-damage|p2a: Salamence|60\/100\n|-damage|p2b: Kingambit|73\/100 brn\n|-unboost|p2a: Salamence|atk|1\n|-unboost|p2b: Kingambit|atk|1\n|move|p2b: Kingambit|Kowtow Cleave|p1b: Weezing\n|-damage|p1b: Weezing|0 fnt\n|faint|p1b: Weezing\n|-end|p1b: Weezing|ability: Neutralizing Gas\n|-ability|p2a: Salamence|Intimidate|boost\n|-unboost|p1a: Salamence|atk|1\n|\n|-damage|p2b: Kingambit|67\/100 brn|[from] brn\n|upkeep\n|\n|t:|1726202459\n|switch|p1b: Ursaluna|Ursaluna-Bloodmoon, L50, M|100\/100\n|turn|3\n|\n|t:|1726202483\n|switch|p1a: Incineroar|Incineroar, L50, M|100\/100\n|-ability|p1a: Incineroar|Intimidate|boost\n|-unboost|p2a: Salamence|atk|1\n|-unboost|p2b: Kingambit|atk|1\n|-ability|p2b: Kingambit|Defiant|boost\n|-boost|p2b: Kingambit|atk|2\n|move|p2b: Kingambit|Sucker Punch|p1b: Ursaluna\n|-damage|p1b: Ursaluna|73\/100\n|move|p2a: Salamence|Draco Meteor|p1b: Ursaluna\n|-damage|p1b: Ursaluna|42\/100\n|-unboost|p2a: Salamence|spa|2\n|-damage|p2a: Salamence|50\/100|[from] item: Life Orb\n|move|p1b: Ursaluna|Earth Power|p2b: Kingambit\n|-supereffective|p2b: Kingambit\n|-damage|p2b: Kingambit|0 fnt\n|faint|p2b: Kingambit\n|\n|upkeep\n|\n|t:|1726202501\n|switch|p2b: Archaludon|Archaludon, L50, F|100\/100\n|turn|4\n|\n|t:|1726202518\n|switch|p2b: Pelipper|Pelipper, L50, F|100\/100\n|-weather|RainDance|[from] ability: Drizzle|[of] p2b: Pelipper\n|move|p1a: Incineroar|Fake Out|p2b: Pelipper\n|-damage|p2b: Pelipper|87\/100\n|move|p2a: Salamence|Draco Meteor|p1b: Ursaluna\n|-damage|p1b: Ursaluna|22\/100\n|-unboost|p2a: Salamence|spa|2\n|-damage|p2a: Salamence|40\/100|[from] item: Life Orb\n|move|p1b: Ursaluna|Earth Power|p2b: Pelipper\n|-immune|p2b: Pelipper\n|\n|-weather|RainDance|[upkeep]\n|-sideend|p2: lieyanshu|move: Tailwind\n|upkeep\n|turn|5\n|\n|t:|1726202541\n|switch|p2a: Archaludon|Archaludon, L50, F|100\/100\n|switch|p1b: Salamence|Salamence, L50, F, tera:Steel|100\/100\n|move|p2b: Pelipper|Weather Ball|p1a: Incineroar\n|-supereffective|p1a: Incineroar\n|-damage|p1a: Incineroar|1\/100\n|move|p1a: Incineroar|Knock Off|p2b: Pelipper\n|-damage|p2b: Pelipper|34\/100\n|-enditem|p2b: Pelipper|Focus Sash|[from] move: Knock Off|[of] p1a: Incineroar\n|\n|-weather|RainDance|[upkeep]\n|upkeep\n|turn|6\n|l| hachiware\n|\n|t:|1726202573\n|move|p2b: Pelipper|Protect|p2b: Pelipper\n|-singleturn|p2b: Pelipper|Protect\n|move|p1b: Salamence|Tailwind|p1b: Salamence\n|-sidestart|p1: roykeenkennedy|move: Tailwind\n|move|p1a: Incineroar|Knock Off|p2a: Archaludon\n|-damage|p2a: Archaludon|74\/100\n|-ability|p2a: Archaludon|Stamina|boost\n|-boost|p2a: Archaludon|def|1\n|-enditem|p2a: Archaludon|Assault Vest|[from] move: Knock Off|[of] p1a: Incineroar\n|move|p2a: Archaludon|Electro Shot||[still]\n|-prepare|p2a: Archaludon|Electro Shot\n|-boost|p2a: Archaludon|spa|1\n|-anim|p2a: Archaludon|Electro Shot|p1a: Incineroar\n|-damage|p1a: Incineroar|0 fnt\n|faint|p1a: Incineroar\n|\n|-weather|RainDance|[upkeep]\n|upkeep\n|j| hachiware\n|\n|t:|1726202592\n|switch|p1a: Ursaluna|Ursaluna-Bloodmoon, L50, M|22\/100\n|turn|7\n|\n|t:|1726202613\n|switch|p2a: Salamence|Salamence, L50, F, tera:Steel|40\/100\n|-ability|p2a: Salamence|Intimidate|boost\n|-unboost|p1a: Ursaluna|atk|1\n|-unboost|p1b: Salamence|atk|1\n|move|p1b: Salamence|Tailwind||[still]\n|-fail|p1b: Salamence\n|move|p1a: Ursaluna|Earth Power|p2a: Salamence\n|-supereffective|p2a: Salamence\n|-damage|p2a: Salamence|0 fnt\n|faint|p2a: Salamence\n|move|p2b: Pelipper|Hurricane|p1a: Ursaluna\n|-damage|p1a: Ursaluna|0 fnt\n|faint|p1a: Ursaluna\n|\n|-weather|RainDance|[upkeep]\n|upkeep\n|\n|t:|1726202627\n|switch|p2a: Archaludon|Archaludon, L50, F|74\/100\n|turn|8\n|j| aqua argo\n|-message|roykeenkennedy forfeited.\n|\n|win|lieyanshu\n|raw|roykeenkennedy's rating: 1687 &rarr; <strong>1666<\/strong><br \/>(-21 for losing)\n|raw|lieyanshu's rating: 1669 &rarr; <strong>1690<\/strong><br \/>(+21 for winning)\n|l|\u2606roykeenkennedy\n|player|p1|\n|l| ChavaCore\n|l|\u2606lieyanshu\n|player|p2|\n|l| aqua argo\n|l| Daniel1VGC\n|l| hachiware\n|l| Tian15\n","uploadtime":1726202839,"views":11,"formatid":"gen9vgc2024regh","rating":1666,"private":0,"password":null}