{"id":"gen9vgc2024regh-2200162768","format":"[Gen 9] VGC 2024 Reg H","players":["Islaire","Phononmode"],"log":"|j|\u2606Islaire\n|j|\u2606Phononmode\n|t:|1726159785\n|gametype|doubles\n|player|p1|Islaire|cheryl|1724\n|player|p2|Phononmode|170|1723\n|teamsize|p1|6\n|teamsize|p2|6\n|gen|9\n|tier|[Gen 9] VGC 2024 Reg H\n|rated|\n|rule|Species Clause: Limit one of each Pok\u00e9mon\n|rule|Item Clause: Limit 1 of each item\n|clearpoke\n|poke|p1|Whimsicott, L50, M|\n|poke|p1|Primarina, L50, F|\n|poke|p1|Baxcalibur, L50, F|\n|poke|p1|Decidueye-Hisui, L50, M|\n|poke|p1|Gholdengo, L50|\n|poke|p1|Espathra, L50, F|\n|poke|p2|Pawmot, L50, F|\n|poke|p2|Dondozo, L50, F|\n|poke|p2|Tatsugiri, L50, F|\n|poke|p2|Dragapult, L50, M|\n|poke|p2|Weezing, L50, F|\n|poke|p2|Incineroar, L50, M|\n|teampreview|4\n|j| Aeqe\nPhononmode has agreed to open team sheets.\n|inactive|Battle timer is ON: inactive players will automatically lose when time's up. (requested by Phononmode)\n|l| Aeqe\n|\n|t:|1726159809\n|start\n|switch|p1a: Whimsicott|Whimsicott, L50, M|100\/100\n|switch|p1b: Gholdengo|Gholdengo, L50|100\/100\n|switch|p2a: will-o-miss|Weezing, L50, F|100\/100\n|switch|p2b: Incineroar|Incineroar, L50, M|100\/100\n|-ability|p2a: will-o-miss|Neutralizing Gas\n|-block|p2b: Incineroar|item: Ability Shield\n|-ability|p2b: Incineroar|Intimidate|boost\n|-unboost|p1a: Whimsicott|atk|1\n|-unboost|p1b: Gholdengo|atk|1\n|turn|1\n|\n|t:|1726159817\n|-terastallize|p1b: Gholdengo|Water\n|move|p1a: Whimsicott|Tailwind|p1a: Whimsicott\n|-sidestart|p1: Islaire|move: Tailwind\n|move|p1b: Gholdengo|Nasty Plot|p1b: Gholdengo\n|-boost|p1b: Gholdengo|spa|2\n|move|p2b: Incineroar|Flare Blitz|p1b: Gholdengo\n|-resisted|p1b: Gholdengo\n|-damage|p1b: Gholdengo|76\/100\n|-damage|p2b: Incineroar|92\/100|[from] Recoil\n|move|p2a: will-o-miss|Sludge Bomb|p1a: Whimsicott\n|-supereffective|p1a: Whimsicott\n|-enditem|p1a: Whimsicott|Focus Sash\n|-damage|p1a: Whimsicott|1\/100\n|\n|-heal|p1b: Gholdengo|82\/100|[from] item: Leftovers\n|upkeep\n|turn|2\n|\n|t:|1726159833\n|switch|p1a: Primarina|Primarina, L50, F|100\/100\n|-terastallize|p2a: will-o-miss|Water\n|move|p1b: Gholdengo|Make It Rain|p2a: will-o-miss|[spread] p2a,p2b\n|-resisted|p2a: will-o-miss\n|-resisted|p2b: Incineroar\n|-crit|p2b: Incineroar\n|-damage|p2a: will-o-miss|57\/100\n|-damage|p2b: Incineroar|35\/100\n|-unboost|p1b: Gholdengo|spa|1\n|move|p2b: Incineroar|Knock Off|p1b: Gholdengo\n|-damage|p1b: Gholdengo|39\/100\n|-enditem|p1b: Gholdengo|Leftovers|[from] move: Knock Off|[of] p2b: Incineroar\n|move|p2a: will-o-miss|Sludge Bomb|p1b: Gholdengo\n|-damage|p1b: Gholdengo|15\/100\n|\n|upkeep\n|turn|3\n|\n|t:|1726159855\n|move|p2a: will-o-miss|Protect|p2a: will-o-miss\n|-singleturn|p2a: will-o-miss|Protect\n|move|p1b: Gholdengo|Shadow Ball|p2a: will-o-miss\n|-activate|p2a: will-o-miss|move: Protect\n|move|p1a: Primarina|Moonblast|p2b: Incineroar\n|-damage|p2b: Incineroar|0 fnt\n|faint|p2b: Incineroar\n|\n|upkeep\n|\n|t:|1726159866\n|switch|p2b: Dragapult|Dragapult, L50, M|100\/100\n|turn|4\n|\n|t:|1726159882\n|move|p2b: Dragapult|Phantom Force||[still]\n|-prepare|p2b: Dragapult|Phantom Force\n|move|p1b: Gholdengo|Shadow Ball|p2a: will-o-miss\n|-damage|p2a: will-o-miss|2\/100\n|-enditem|p2a: will-o-miss|Sitrus Berry|[eat]\n|-heal|p2a: will-o-miss|27\/100|[from] item: Sitrus Berry\n|move|p1a: Primarina|Moonblast|p2b: Dragapult|[miss]\n|-miss|p1a: Primarina|p2b: Dragapult\n|move|p2a: will-o-miss|Sludge Bomb|p1a: Primarina\n|-supereffective|p1a: Primarina\n|-damage|p1a: Primarina|55\/100\n|-status|p1a: Primarina|psn\n|\n|-damage|p1a: Primarina|42\/100 psn|[from] psn\n|-sideend|p1: Islaire|move: Tailwind\n|upkeep\n|turn|5\n|\n|t:|1726159898\n|-end|p2a: will-o-miss|ability: Neutralizing Gas\n|switch|p2a: Pawmot|Pawmot, L50, F|100\/100\n|move|p2b: Dragapult|Phantom Force|p1a: Primarina|[from]lockedmove\n|-damage|p1a: Primarina|0 fnt\n|faint|p1a: Primarina\n|move|p1b: Gholdengo|Shadow Ball|p2b: Dragapult\n|-supereffective|p2b: Dragapult\n|-damage|p2b: Dragapult|0 fnt\n|faint|p2b: Dragapult\n|\n|upkeep\n|j| wally1021\n|\n|t:|1726159907\n|switch|p2b: will-o-miss|Weezing, L50, F, tera:Water|27\/100\n|switch|p1a: Whimsicott|Whimsicott, L50, M|1\/100\n|-ability|p2b: will-o-miss|Neutralizing Gas\n|turn|6\n|\n|t:|1726159924\n|move|p2b: will-o-miss|Protect|p2b: will-o-miss\n|-singleturn|p2b: will-o-miss|Protect\n|move|p2a: Pawmot|Fake Out|p1a: Whimsicott\n|-damage|p1a: Whimsicott|0 fnt\n|faint|p1a: Whimsicott\n|move|p1b: Gholdengo|Shadow Ball|p2b: will-o-miss\n|-activate|p2b: will-o-miss|move: Protect\n|\n|upkeep\n|\n|t:|1726159928\n|switch|p1a: Decidueye|Decidueye-Hisui, L50, M|100\/100\n|turn|7\n|\n|t:|1726159941\n|move|p1b: Gholdengo|Protect|p1b: Gholdengo\n|-singleturn|p1b: Gholdengo|Protect\n|move|p2a: Pawmot|Revival Blessing|p2a: Pawmot\n|\n|t:|1726159944\n|-heal|p2: Dragapult|50\/100|[from] move: Revival Blessing\n|move|p1a: Decidueye|Triple Arrows|p2a: Pawmot\n|-damage|p2a: Pawmot|27\/100\n|-unboost|p2a: Pawmot|def|1\n|move|p2b: will-o-miss|Will-O-Wisp|p1a: Decidueye\n|-status|p1a: Decidueye|brn\n|\n|-damage|p1a: Decidueye|94\/100 brn|[from] brn\n|upkeep\n|turn|8\n|j| bouillote\n|inactive|Islaire has 30 seconds left.\n|\n|t:|1726159972\n|move|p2a: Pawmot|Double Shock|p1b: Gholdengo\n|-supereffective|p1b: Gholdengo\n|-damage|p1b: Gholdengo|0 fnt\n|-start|p2a: Pawmot|typechange|???\/Fighting|[from] move: Double Shock\n|faint|p1b: Gholdengo\n|move|p1a: Decidueye|Triple Arrows|p2a: Pawmot\n|-crit|p2a: Pawmot\n|-damage|p2a: Pawmot|0 fnt\n|faint|p2a: Pawmot\n|move|p2b: will-o-miss|Sludge Bomb|p1a: Decidueye\n|-supereffective|p1a: Decidueye\n|-damage|p1a: Decidueye|31\/100 brn\n|\n|-damage|p1a: Decidueye|24\/100 brn|[from] brn\n|upkeep\n|\n|t:|1726159985\n|switch|p2a: Dragapult|Dragapult, L50, M|50\/100\n|turn|9\n|\n|t:|1726159988\n|move|p2a: Dragapult|Dragon Darts|p1a: Decidueye\n|-damage|p1a: Decidueye|0 fnt\n|faint|p1a: Decidueye\n|\n|win|Phononmode\n|raw|Islaire's rating: 1724 &rarr; <strong>1704<\/strong><br \/>(-20 for losing)\n|raw|Phononmode's rating: 1723 &rarr; <strong>1743<\/strong><br \/>(+20 for winning)\n|l|\u2606Islaire\n|player|p1|\n|l|\u2606Phononmode\n|player|p2|\n|l| bouillote\n","uploadtime":1726160163,"views":26,"formatid":"gen9vgc2024regh","rating":1704,"private":0,"password":null}