{"id":"gen9vgc2024regh-2200402901","format":"[Gen 9] VGC 2024 Reg H","players":["CarryTheBoats","oznerolvgc"],"log":"|j|\u2606CarryTheBoats\n|j|\u2606oznerolvgc\n|t:|1726182837\n|gametype|doubles\n|player|p1|CarryTheBoats|crasherwake|1712\n|player|p2|oznerolvgc|265|1705\n|teamsize|p1|6\n|teamsize|p2|6\n|gen|9\n|tier|[Gen 9] VGC 2024 Reg H\n|rated|\n|rule|Species Clause: Limit one of each Pok\u00e9mon\n|rule|Item Clause: Limit 1 of each item\n|clearpoke\n|poke|p1|Amoonguss, L50, M|\n|poke|p1|Kingambit, L50, M|\n|poke|p1|Salamence, L50, M|\n|poke|p1|Archaludon, L50, F|\n|poke|p1|Pelipper, L50, F|\n|poke|p1|Basculegion, L50, M|\n|poke|p2|Pelipper, L50, M|\n|poke|p2|Archaludon, L50, M|\n|poke|p2|Basculegion, L50, M|\n|poke|p2|Salamence, L50, F|\n|poke|p2|Kingambit, L50, F|\n|poke|p2|Amoonguss, L50, F|\n|teampreview|4\n|inactive|Battle timer is ON: inactive players will automatically lose when time's up. (requested by oznerolvgc)\n|inactive|oznerolvgc has 60 seconds left.\n|\n|t:|1726182883\n|start\n|switch|p1a: Archaludon|Archaludon, L50, F|100\/100\n|switch|p1b: Salamence|Salamence, L50, M, shiny|100\/100\n|switch|p2a: Pelipper|Pelipper, L50, M|100\/100\n|switch|p2b: Basculegion|Basculegion, L50, M|100\/100\n|-ability|p1b: Salamence|Intimidate|boost\n|-unboost|p2a: Pelipper|atk|1\n|-unboost|p2b: Basculegion|atk|1\n|-weather|RainDance|[from] ability: Drizzle|[of] p2a: Pelipper\n|turn|1\n|\n|t:|1726182908\n|switch|p2a: Archaludon|Archaludon, L50, M|100\/100\n|move|p2b: Basculegion|Flip Turn|p1b: Salamence\n|-resisted|p1b: Salamence\n|-damage|p1b: Salamence|70\/100\n|\n|t:|1726182924\n|switch|p2b: Pelipper|Pelipper, L50, M|100\/100|[from] Flip Turn\n|move|p1b: Salamence|Air Slash|p2a: Archaludon\n|-resisted|p2a: Archaludon\n|-damage|p2a: Archaludon|87\/100\n|-ability|p2a: Archaludon|Stamina|boost\n|-boost|p2a: Archaludon|def|1\n|move|p1a: Archaludon|Electro Shot||[still]\n|-prepare|p1a: Archaludon|Electro Shot\n|-boost|p1a: Archaludon|spa|1\n|-anim|p1a: Archaludon|Electro Shot|p2a: Archaludon\n|-resisted|p2a: Archaludon\n|-damage|p2a: Archaludon|61\/100\n|-ability|p2a: Archaludon|Stamina|boost\n|-boost|p2a: Archaludon|def|1\n|\n|-weather|RainDance|[upkeep]\n|upkeep\n|turn|2\n|inactive|oznerolvgc has 30 seconds left.\n|inactive|oznerolvgc has 20 seconds left.\n|\n|t:|1726182963\n|switch|p2b: Salamence|Salamence, L50, F|100\/100\n|-ability|p2b: Salamence|Intimidate|boost\n|-unboost|p1a: Archaludon|atk|1\n|-unboost|p1b: Salamence|atk|1\n|-terastallize|p2a: Archaludon|Grass\n|move|p1b: Salamence|Draco Meteor|p2a: Archaludon\n|-damage|p2a: Archaludon|20\/100\n|-unboost|p1b: Salamence|spa|2\n|-ability|p2a: Archaludon|Stamina|boost\n|-boost|p2a: Archaludon|def|1\n|move|p1a: Archaludon|Flash Cannon|p2a: Archaludon\n|-damage|p2a: Archaludon|0 fnt\n|faint|p2a: Archaludon\n|\n|-weather|RainDance|[upkeep]\n|upkeep\n|\n|t:|1726182980\n|switch|p2a: Basculegion|Basculegion, L50, M|100\/100\n|turn|3\n|\n|t:|1726182991\n|move|p1a: Archaludon|Protect|p1a: Archaludon\n|-singleturn|p1a: Archaludon|Protect\n|move|p2a: Basculegion|Last Respects|p1a: Archaludon\n|-activate|p1a: Archaludon|move: Protect\n|move|p1b: Salamence|Tailwind|p1b: Salamence\n|-sidestart|p1: CarryTheBoats|move: Tailwind\n|move|p2b: Salamence|Draco Meteor|p1a: Archaludon\n|-activate|p1a: Archaludon|move: Protect\n|\n|-weather|RainDance|[upkeep]\n|upkeep\n|turn|4\n|\n|t:|1726183004\n|switch|p2a: Pelipper|Pelipper, L50, M|100\/100\n|move|p1b: Salamence|Draco Meteor|p2b: Salamence\n|-supereffective|p2b: Salamence\n|-damage|p2b: Salamence|30\/100\n|-unboost|p1b: Salamence|spa|2\n|move|p1a: Archaludon|Electro Shot||[still]\n|-prepare|p1a: Archaludon|Electro Shot\n|-boost|p1a: Archaludon|spa|1\n|-anim|p1a: Archaludon|Electro Shot|p2a: Pelipper\n|-supereffective|p2a: Pelipper\n|-enditem|p2a: Pelipper|Focus Sash\n|-damage|p2a: Pelipper|1\/100\n|move|p2b: Salamence|Draco Meteor|p1a: Archaludon\n|-crit|p1a: Archaludon\n|-ability|p1a: Archaludon|Sturdy\n|-damage|p1a: Archaludon|1\/100\n|-unboost|p2b: Salamence|spa|2\n|-damage|p2b: Salamence|20\/100|[from] item: Life Orb\n|\n|-weather|RainDance|[upkeep]\n|upkeep\n|turn|5\n|inactive|oznerolvgc has 30 seconds left.\n|j| Sr_Palpitoad14\n|inactive|oznerolvgc has 20 seconds left.\n|\n|t:|1726183041\n|switch|p2a: Basculegion|Basculegion, L50, M|100\/100\n|move|p2b: Salamence|Protect|p2b: Salamence\n|-singleturn|p2b: Salamence|Protect\n|move|p1b: Salamence|Air Slash|p2a: Basculegion\n|-damage|p2a: Basculegion|88\/100\n|move|p1a: Archaludon|Electro Shot||[still]\n|-prepare|p1a: Archaludon|Electro Shot\n|-boost|p1a: Archaludon|spa|1\n|-anim|p1a: Archaludon|Electro Shot|p2b: Salamence\n|-activate|p2b: Salamence|move: Protect\n|\n|-weather|none\n|upkeep\n|turn|6\n|inactive|oznerolvgc has 30 seconds left.\n|\n|t:|1726183071\n|switch|p1b: Kingambit|Kingambit, L50, M, shiny|100\/100\n|move|p1a: Archaludon|Protect|p1a: Archaludon\n|-singleturn|p1a: Archaludon|Protect\n|move|p2a: Basculegion|Aqua Jet|p1a: Archaludon\n|-activate|p1a: Archaludon|move: Protect\n|move|p2b: Salamence|Tailwind|p2b: Salamence\n|-sidestart|p2: oznerolvgc|move: Tailwind\n|\n|-sideend|p1: CarryTheBoats|move: Tailwind\n|upkeep\n|turn|7\n|j| bobbybottleservice\n|\n|t:|1726183091\n|switch|p2a: Pelipper|Pelipper, L50, M|1\/100\n|-weather|RainDance|[from] ability: Drizzle|[of] p2a: Pelipper\n|move|p1b: Kingambit|Sucker Punch|p2b: Salamence\n|-damage|p2b: Salamence|0 fnt\n|faint|p2b: Salamence\n|move|p1a: Archaludon|Electro Shot||[still]\n|-prepare|p1a: Archaludon|Electro Shot\n|-boost|p1a: Archaludon|spa|1\n|-anim|p1a: Archaludon|Electro Shot|p2a: Pelipper\n|-supereffective|p2a: Pelipper\n|-damage|p2a: Pelipper|0 fnt\n|faint|p2a: Pelipper\n|\n|-weather|RainDance|[upkeep]\n|upkeep\n|\n|t:|1726183098\n|switch|p2b: Basculegion|Basculegion, L50, M|88\/100\n|turn|8\n|\n|t:|1726183105\n|switch|p1a: Salamence|Salamence, L50, M, shiny|70\/100\n|-ability|p1a: Salamence|Intimidate|boost\n|-unboost|p2b: Basculegion|atk|1\n|move|p2b: Basculegion|Wave Crash|p1b: Kingambit\n|-damage|p1b: Kingambit|36\/100\n|-damage|p2b: Basculegion|67\/100|[from] Recoil\n|move|p1b: Kingambit|Kowtow Cleave|p2b: Basculegion\n|-supereffective|p2b: Basculegion\n|-damage|p2b: Basculegion|0 fnt\n|faint|p2b: Basculegion\n|\n|win|CarryTheBoats\n|raw|CarryTheBoats's rating: 1712 &rarr; <strong>1732<\/strong><br \/>(+20 for winning)\n|raw|oznerolvgc's rating: 1705 &rarr; <strong>1685<\/strong><br \/>(-20 for losing)\n|l| bobbybottleservice\n|l|\u2606CarryTheBoats\n|player|p1|\n|l| Sr_Palpitoad14\n","uploadtime":1726183111,"views":46,"formatid":"gen9vgc2024regh","rating":1685,"private":0,"password":null}