{"id":"gen9vgc2024regh-2200347612","format":"[Gen 9] VGC 2024 Reg H","players":["roykeenkennedy","bwahacough"],"log":"|j|\u2606roykeenkennedy\n|j|\u2606bwahacough\n|t:|1726176618\n|gametype|doubles\n|player|p1|roykeenkennedy|alder|1744\n|player|p2|bwahacough|medium|1856\n|teamsize|p1|6\n|teamsize|p2|6\n|gen|9\n|tier|[Gen 9] VGC 2024 Reg H\n|rated|\n|rule|Species Clause: Limit one of each Pok\u00e9mon\n|rule|Item Clause: Limit 1 of each item\n|clearpoke\n|poke|p1|Salamence, L50, M|\n|poke|p1|Incineroar, L50, M|\n|poke|p1|Weezing, L50, F|\n|poke|p1|Dragapult, L50, M|\n|poke|p1|Ursaluna-Bloodmoon, L50, M|\n|poke|p1|Primarina, L50, M|\n|poke|p2|Lycanroc, L50, M|\n|poke|p2|Tyranitar, L50, F|\n|poke|p2|Indeedee-F, L50, F|\n|poke|p2|Murkrow, L50, F|\n|poke|p2|Garchomp, L50, F|\n|poke|p2|Gholdengo, L50|\n|teampreview|4\n|\n|t:|1726176648\n|start\n|switch|p1a: Primarina|Primarina, L50, M|100\/100\n|switch|p1b: Salamence|Salamence, L50, M|100\/100\n|switch|p2a: Gholdengo|Gholdengo, L50|100\/100\n|switch|p2b: Indeedee|Indeedee-F, L50, F, shiny|100\/100\n|-fieldstart|move: Psychic Terrain|[from] ability: Psychic Surge|[of] p2b: Indeedee\n|turn|1\n|j| sitojuri\n|\n|t:|1726176666\n|move|p2b: Indeedee|Helping Hand|p2a: Gholdengo\n|-immune|p2a: Gholdengo|[from] ability: Good as Gold\n|move|p1b: Salamence|Rock Slide|p2a: Gholdengo|[spread] p2a\n|-miss|p1b: Salamence|p2b: Indeedee\n|-resisted|p2a: Gholdengo\n|-damage|p2a: Gholdengo|88\/100\n|move|p2a: Gholdengo|Make It Rain|p1a: Primarina|[spread] p1a,p1b\n|-damage|p1a: Primarina|45\/100\n|-damage|p1b: Salamence|22\/100\n|-unboost|p2a: Gholdengo|spa|1\n|-damage|p2a: Gholdengo|78\/100|[from] item: Life Orb\n|move|p1a: Primarina|Hyper Voice|p2a: Gholdengo|[spread] p2a,p2b\n|-damage|p2a: Gholdengo|43\/100\n|-damage|p2b: Indeedee|65\/100\n|-enditem|p1a: Primarina|Throat Spray\n|-boost|p1a: Primarina|spa|1|[from] item: Throat Spray\n|\n|upkeep\n|turn|2\n|\n|t:|1726176689\n|switch|p2a: Tyranitar|Tyranitar, L50, F|100\/100\n|-weather|Sandstorm|[from] ability: Sand Stream|[of] p2a: Tyranitar\n|move|p2b: Indeedee|Protect|p2b: Indeedee\n|-singleturn|p2b: Indeedee|Protect\n|move|p1b: Salamence|Rock Slide|p2a: Tyranitar|[spread] p2a\n|-activate|p2b: Indeedee|move: Protect\n|-damage|p2a: Tyranitar|84\/100\n|move|p1a: Primarina|Hyper Voice|p2a: Tyranitar|[spread] p2a\n|-activate|p2b: Indeedee|move: Protect\n|-supereffective|p2a: Tyranitar\n|-damage|p2a: Tyranitar|48\/100\n|\n|-weather|Sandstorm|[upkeep]\n|-damage|p1b: Salamence|16\/100|[from] Sandstorm\n|-damage|p1a: Primarina|39\/100|[from] Sandstorm\n|upkeep\n|turn|3\n|j| bieiup\n|\n|t:|1726176714\n|switch|p1b: Weezing|Weezing, L50, F|100\/100\n|-ability|p1b: Weezing|Neutralizing Gas\n|move|p2b: Indeedee|Psychic|p1a: Primarina\n|-damage|p1a: Primarina|5\/100\n|move|p1a: Primarina|Moonblast|p2a: Tyranitar\n|-supereffective|p2a: Tyranitar\n|-damage|p2a: Tyranitar|0 fnt\n|faint|p2a: Tyranitar\n|\n|-weather|Sandstorm|[upkeep]\n|-damage|p1b: Weezing|94\/100|[from] Sandstorm\n|-damage|p1a: Primarina|0 fnt|[from] Sandstorm\n|faint|p1a: Primarina\n|-heal|p1b: Weezing|100\/100|[from] item: Leftovers\n|upkeep\n|\n|t:|1726176732\n|switch|p1a: Salamence|Salamence, L50, M|16\/100\n|switch|p2a: Gholdengo|Gholdengo, L50|43\/100\n|turn|4\n|\n|t:|1726176749\n|move|p2b: Indeedee|Follow Me|p2b: Indeedee\n|-singleturn|p2b: Indeedee|move: Follow Me\n|move|p1a: Salamence|Tailwind|p1a: Salamence\n|-sidestart|p1: roykeenkennedy|move: Tailwind\n|move|p1b: Weezing|Taunt|p2b: Indeedee\n|-start|p2b: Indeedee|move: Taunt\n|move|p2a: Gholdengo|Make It Rain|p1b: Weezing|[spread] p1a,p1b\n|-damage|p1a: Salamence|0 fnt\n|-damage|p1b: Weezing|28\/100\n|-unboost|p2a: Gholdengo|spa|1\n|faint|p1a: Salamence\n|-damage|p2a: Gholdengo|33\/100|[from] item: Life Orb\n|\n|-weather|Sandstorm|[upkeep]\n|-damage|p1b: Weezing|22\/100|[from] Sandstorm\n|-heal|p1b: Weezing|28\/100|[from] item: Leftovers\n|upkeep\n|j| karaflas\n|\n|t:|1726176767\n|switch|p1a: Ursaluna|Ursaluna-Bloodmoon, L50, M|100\/100\n|turn|5\n|\n|t:|1726176776\n|move|p1b: Weezing|Sludge Bomb|p2b: Indeedee\n|-damage|p2b: Indeedee|37\/100\n|move|p1a: Ursaluna|Earth Power|p2a: Gholdengo\n|-supereffective|p2a: Gholdengo\n|-damage|p2a: Gholdengo|0 fnt\n|faint|p2a: Gholdengo\n|move|p2b: Indeedee|Psychic|p1b: Weezing\n|-supereffective|p1b: Weezing\n|-damage|p1b: Weezing|0 fnt\n|faint|p1b: Weezing\n|-end|p1b: Weezing|ability: Neutralizing Gas\n|\n|-weather|Sandstorm|[upkeep]\n|-fieldend|move: Psychic Terrain\n|upkeep\n|\n|t:|1726176778\n|switch|p2a: Lycanroc|Lycanroc, L50, M, shiny|100\/100\n|turn|6\n|\n|t:|1726176800\n|-terastallize|p2a: Lycanroc|Fighting\n|-terastallize|p1a: Ursaluna|Normal\n|move|p2a: Lycanroc|Close Combat|p1a: Ursaluna\n|-supereffective|p1a: Ursaluna\n|-damage|p1a: Ursaluna|10\/100\n|-unboost|p2a: Lycanroc|def|1\n|-unboost|p2a: Lycanroc|spd|1\n|move|p1a: Ursaluna|Hyper Voice|p2b: Indeedee|[spread] p2a,p2b\n|-enditem|p2a: Lycanroc|Focus Sash\n|-damage|p2a: Lycanroc|1\/100\n|-damage|p2b: Indeedee|0 fnt\n|faint|p2b: Indeedee\n|\n|-weather|none\n|upkeep\n|turn|7\n|\n|t:|1726176817\n|move|p2a: Lycanroc|Protect|p2a: Lycanroc\n|-singleturn|p2a: Lycanroc|Protect\n|move|p1a: Ursaluna|Vacuum Wave|p2a: Lycanroc\n|-activate|p2a: Lycanroc|move: Protect\n|\n|-sideend|p1: roykeenkennedy|move: Tailwind\n|upkeep\n|turn|8\n|\n|t:|1726176825\n|move|p1a: Ursaluna|Vacuum Wave|p2a: Lycanroc\n|-damage|p2a: Lycanroc|0 fnt\n|faint|p2a: Lycanroc\n|\n|win|roykeenkennedy\n|raw|roykeenkennedy's rating: 1744 &rarr; <strong>1770<\/strong><br \/>(+26 for winning)\n|raw|bwahacough's rating: 1856 &rarr; <strong>1830<\/strong><br \/>(-26 for losing)\n|c|\u2606roykeenkennedy|Gg\n|l|\u2606bwahacough\n|player|p2|\n|l|\u2606roykeenkennedy\n|player|p1|\n|l| bieiup\n|l| sitojuri\n","uploadtime":1726176832,"views":77,"formatid":"gen9vgc2024regh","rating":1770,"private":0,"password":null}