{"id":"gen9vgc2024regh-2200317058","format":"[Gen 9] VGC 2024 Reg H","players":["bieiup","HappyDuckJJ"],"log":"|j|\u2606bieiup\n|j|\u2606HappyDuckJJ\n|t:|1726173531\n|gametype|doubles\n|player|p1|bieiup|lillie-z|1652\n|player|p2|HappyDuckJJ|169|1698\n|teamsize|p1|6\n|teamsize|p2|6\n|gen|9\n|tier|[Gen 9] VGC 2024 Reg H\n|rated|\n|rule|Species Clause: Limit one of each Pok\u00e9mon\n|rule|Item Clause: Limit 1 of each item\n|clearpoke\n|poke|p1|Sableye, L50, M|\n|poke|p1|Dondozo, L50, M|\n|poke|p1|Sylveon, L50, F|\n|poke|p1|Dragonite, L50, F|\n|poke|p1|Gholdengo, L50|\n|poke|p1|Ursaluna-Bloodmoon, L50, M|\n|poke|p2|Glimmora, L50, F|\n|poke|p2|Dragonite, L50, F|\n|poke|p2|Dondozo, L50, F|\n|poke|p2|Tatsugiri, L50, F|\n|poke|p2|Gengar, L50, F|\n|poke|p2|Sylveon, L50, F|\n|teampreview|4\n|j| mr pogostick\n|inactive|Battle timer is ON: inactive players will automatically lose when time's up. (requested by bieiup)\n|inactive|HappyDuckJJ has 60 seconds left.\n|j| BonoboF\n|j| Titantula\n|\n|t:|1726173608\n|start\n|switch|p1a: Sableye|Sableye, L50, M|100\/100\n|switch|p1b: Sylveon|Sylveon, L50, F|100\/100\n|switch|p2a: Glimmora|Glimmora, L50, F, shiny|100\/100\n|switch|p2b: Dragonite|Dragonite, L50, F, shiny|100\/100\n|turn|1\n|\n|t:|1726173616\n|-terastallize|p2b: Dragonite|Normal\n|move|p1b: Sylveon|Protect|p1b: Sylveon\n|-singleturn|p1b: Sylveon|Protect\n|move|p2b: Dragonite|Extreme Speed|p1b: Sylveon\n|-activate|p1b: Sylveon|move: Protect\n|move|p1a: Sableye|Will-O-Wisp|p2b: Dragonite|[miss]\n|-miss|p1a: Sableye|p2b: Dragonite\n|move|p2a: Glimmora|Mortal Spin|p1b: Sylveon|[spread] p1a\n|-activate|p1b: Sylveon|move: Protect\n|-resisted|p1a: Sableye\n|-damage|p1a: Sableye|97\/100\n|-status|p1a: Sableye|psn\n|\n|-damage|p1a: Sableye|85\/100 psn|[from] psn\n|upkeep\n|turn|2\n|\n|t:|1726173635\n|switch|p1b: Gholdengo|Gholdengo, L50|100\/100\n|move|p2b: Dragonite|Extreme Speed|p1b: Gholdengo\n|-immune|p1b: Gholdengo\n|move|p1a: Sableye|Will-O-Wisp|p2b: Dragonite\n|-status|p2b: Dragonite|brn\n|move|p2a: Glimmora|Earth Power|p1b: Gholdengo\n|-supereffective|p1b: Gholdengo\n|-damage|p1b: Gholdengo|43\/100\n|\n|-damage|p1a: Sableye|73\/100 psn|[from] psn\n|-damage|p2b: Dragonite|94\/100 brn|[from] brn\n|upkeep\n|turn|3\n|\n|t:|1726173657\n|switch|p1b: Sylveon|Sylveon, L50, F|100\/100\n|move|p2b: Dragonite|Extreme Speed|p2a: Glimmora\n|-resisted|p2a: Glimmora\n|-damage|p2a: Glimmora|87\/100\n|-activate|p2a: Glimmora|ability: Toxic Debris\n|-sidestart|p1: bieiup|move: Toxic Spikes\n|move|p1a: Sableye|Light Screen|p1a: Sableye\n|-sidestart|p1: bieiup|move: Light Screen\n|move|p2a: Glimmora|Earth Power|p1b: Sylveon\n|-damage|p1b: Sylveon|88\/100\n|\n|-damage|p1a: Sableye|61\/100 psn|[from] psn\n|-damage|p2b: Dragonite|88\/100 brn|[from] brn\n|upkeep\n|turn|4\n|\n|t:|1726173666\n|move|p2b: Dragonite|Extreme Speed|p1b: Sylveon\n|-damage|p1b: Sylveon|46\/100\n|move|p1a: Sableye|Encore|p2a: Glimmora\n|-start|p2a: Glimmora|Encore\n|move|p2a: Glimmora|Earth Power|p1b: Sylveon\n|-damage|p1b: Sylveon|34\/100\n|move|p1b: Sylveon|Hyper Voice|p2b: Dragonite|[spread] p2a,p2b\n|-resisted|p2a: Glimmora\n|-damage|p2a: Glimmora|70\/100\n|-damage|p2b: Dragonite|53\/100 brn\n|-enditem|p1b: Sylveon|Throat Spray\n|-boost|p1b: Sylveon|spa|1|[from] item: Throat Spray\n|\n|-damage|p1a: Sableye|49\/100 psn|[from] psn\n|-damage|p2b: Dragonite|47\/100 brn|[from] brn\n|upkeep\n|turn|5\n|\n|t:|1726173684\n|move|p1b: Sylveon|Protect|p1b: Sylveon\n|-singleturn|p1b: Sylveon|Protect\n|move|p2b: Dragonite|Extreme Speed|p1b: Sylveon\n|-activate|p1b: Sylveon|move: Protect\n|move|p1a: Sableye|Will-O-Wisp|p2a: Glimmora\n|-status|p2a: Glimmora|brn\n|move|p2a: Glimmora|Earth Power|p1a: Sableye\n|-damage|p1a: Sableye|23\/100 psn\n|\n|-damage|p1a: Sableye|11\/100 psn|[from] psn\n|-damage|p2a: Glimmora|65\/100 brn|[from] brn\n|-damage|p2b: Dragonite|41\/100 brn|[from] brn\n|upkeep\n|turn|6\n|\n|t:|1726173707\n|switch|p1b: Dondozo|Dondozo, L50, M|100\/100\n|-status|p1b: Dondozo|psn\n|move|p2b: Dragonite|Extreme Speed|p1b: Dondozo\n|-damage|p1b: Dondozo|80\/100 psn\n|move|p1a: Sableye|Encore||[still]\n|-fail|p1a: Sableye\n|move|p2a: Glimmora|Earth Power|p1a: Sableye\n|-damage|p1a: Sableye|0 fnt\n|faint|p1a: Sableye\n|\n|-damage|p1b: Dondozo|68\/100 psn|[from] psn\n|-damage|p2a: Glimmora|59\/100 brn|[from] brn\n|-damage|p2b: Dragonite|35\/100 brn|[from] brn\n|-end|p2a: Glimmora|Encore\n|upkeep\n|\n|t:|1726173711\n|switch|p1a: Gholdengo|Gholdengo, L50|43\/100\n|turn|7\n|j| jronclad\n|\n|t:|1726173724\n|move|p2b: Dragonite|Extreme Speed|p1b: Dondozo\n|-damage|p1b: Dondozo|46\/100 psn\n|move|p1a: Gholdengo|Make It Rain|p2a: Glimmora|[spread] p2a,p2b\n|-supereffective|p2a: Glimmora\n|-damage|p2a: Glimmora|0 fnt\n|-damage|p2b: Dragonite|0 fnt\n|-unboost|p1a: Gholdengo|spa|1\n|faint|p2a: Glimmora\n|faint|p2b: Dragonite\n|move|p1b: Dondozo|Rest|p1b: Dondozo\n|-status|p1b: Dondozo|slp|[from] move: Rest\n|-heal|p1b: Dondozo|100\/100 slp|[silent]\n|-enditem|p1b: Dondozo|Chesto Berry|[eat]\n|-curestatus|p1b: Dondozo|slp|[msg]\n|\n|-sideend|p1: bieiup|move: Light Screen\n|upkeep\n|\n|t:|1726173727\n|switch|p2a: Tatsugiri|Tatsugiri, L50, F|100\/100\n|switch|p2b: Dondozo|Dondozo, L50, F|100\/100\n|-activate|p2a: Tatsugiri|ability: Commander|[of] p2b: Dondozo\n|-boost|p2b: Dondozo|atk|2\n|-boost|p2b: Dondozo|spa|2\n|-boost|p2b: Dondozo|spe|2\n|-boost|p2b: Dondozo|def|2\n|-boost|p2b: Dondozo|spd|2\n|turn|8\n|\n|t:|1726173732\n|switch|p1a: Sylveon|Sylveon, L50, F|34\/100\n|-status|p1a: Sylveon|psn\n|move|p2b: Dondozo|Order Up|p1b: Dondozo\n|-damage|p1b: Dondozo|85\/100\n|-boost|p2b: Dondozo|atk|1\n|move|p1b: Dondozo|Curse|p1b: Dondozo\n|-unboost|p1b: Dondozo|spe|1\n|-boost|p1b: Dondozo|atk|1\n|-boost|p1b: Dondozo|def|1\n|\n|-damage|p1a: Sylveon|21\/100 psn|[from] psn\n|upkeep\n|turn|9\n|\n|t:|1726173739\n|move|p2b: Dondozo|Earthquake|p1b: Dondozo|[spread] p1a,p1b\n|-miss|p2b: Dondozo|p2a: Tatsugiri\n|-damage|p1a: Sylveon|0 fnt\n|-damage|p1b: Dondozo|71\/100\n|faint|p1a: Sylveon\n|move|p1b: Dondozo|Curse|p1b: Dondozo\n|-unboost|p1b: Dondozo|spe|1\n|-boost|p1b: Dondozo|atk|1\n|-boost|p1b: Dondozo|def|1\n|\n|upkeep\n|\n|t:|1726173741\n|switch|p1a: Gholdengo|Gholdengo, L50|43\/100\n|turn|10\n|\n|t:|1726173749\n|-terastallize|p1a: Gholdengo|Ground\n|move|p1a: Gholdengo|Trick|p2b: Dondozo\n|-activate|p1a: Gholdengo|move: Trick|[of] p2b: Dondozo\n|-item|p2b: Dondozo|Choice Scarf|[from] move: Trick\n|-item|p1a: Gholdengo|Leftovers|[from] move: Trick\n|move|p2b: Dondozo|Earthquake|p1a: Gholdengo|[spread] p1a,p1b\n|-miss|p2b: Dondozo|p2a: Tatsugiri\n|-damage|p1a: Gholdengo|0 fnt\n|-damage|p1b: Dondozo|57\/100\n|faint|p1a: Gholdengo\n|move|p1b: Dondozo|Curse|p1b: Dondozo\n|-unboost|p1b: Dondozo|spe|1\n|-boost|p1b: Dondozo|atk|1\n|-boost|p1b: Dondozo|def|1\n|\n|upkeep\n|turn|11\n|\n|t:|1726173753\n|move|p2b: Dondozo|Earthquake|p1b: Dondozo|[spread] p1b\n|-miss|p2b: Dondozo|p2a: Tatsugiri\n|-damage|p1b: Dondozo|44\/100\n|move|p1b: Dondozo|Curse|p1b: Dondozo\n|-unboost|p1b: Dondozo|spe|1\n|-boost|p1b: Dondozo|atk|1\n|-boost|p1b: Dondozo|def|1\n|\n|upkeep\n|turn|12\n|\n|t:|1726173756\n|move|p2b: Dondozo|Earthquake|p1b: Dondozo|[spread] p1b\n|-miss|p2b: Dondozo|p2a: Tatsugiri\n|-damage|p1b: Dondozo|31\/100\n|move|p1b: Dondozo|Curse|p1b: Dondozo\n|-unboost|p1b: Dondozo|spe|1\n|-boost|p1b: Dondozo|atk|1\n|-boost|p1b: Dondozo|def|1\n|\n|upkeep\n|turn|13\n|\n|t:|1726173760\n|move|p2b: Dondozo|Earthquake|p1b: Dondozo|[spread] p1b\n|-miss|p2b: Dondozo|p2a: Tatsugiri\n|-damage|p1b: Dondozo|16\/100\n|move|p1b: Dondozo|Rest|p1b: Dondozo\n|-status|p1b: Dondozo|slp|[from] move: Rest\n|-heal|p1b: Dondozo|100\/100 slp|[silent]\n|\n|upkeep\n|turn|14\n|\n|t:|1726173765\n|move|p2b: Dondozo|Earthquake|p1b: Dondozo|[spread] p1b\n|-miss|p2b: Dondozo|p2a: Tatsugiri\n|-damage|p1b: Dondozo|86\/100 slp\n|cant|p1b: Dondozo|slp\n|\n|upkeep\n|turn|15\n|\n|t:|1726173767\n|move|p2b: Dondozo|Earthquake|p1b: Dondozo|[spread] p1b\n|-miss|p2b: Dondozo|p2a: Tatsugiri\n|-damage|p1b: Dondozo|73\/100 slp\n|cant|p1b: Dondozo|slp\n|\n|upkeep\n|turn|16\n|\n|t:|1726173768\n|move|p2b: Dondozo|Earthquake|p1b: Dondozo|[spread] p1b\n|-miss|p2b: Dondozo|p2a: Tatsugiri\n|-damage|p1b: Dondozo|60\/100 slp\n|-curestatus|p1b: Dondozo|slp|[msg]\n|move|p1b: Dondozo|Curse|p1b: Dondozo\n|-unboost|p1b: Dondozo|spe|1\n|-boost|p1b: Dondozo|atk|1\n|-boost|p1b: Dondozo|def|1\n|\n|upkeep\n|turn|17\n|\n|t:|1726173778\n|move|p2b: Dondozo|Earthquake|p1b: Dondozo|[spread] p1b\n|-miss|p2b: Dondozo|p2a: Tatsugiri\n|-damage|p1b: Dondozo|47\/100\n|move|p1b: Dondozo|Curse|p1b: Dondozo\n|\n|upkeep\n|turn|18\n|\n|t:|1726173779\n|move|p2b: Dondozo|Earthquake|p1b: Dondozo|[spread] p1b\n|-miss|p2b: Dondozo|p2a: Tatsugiri\n|-damage|p1b: Dondozo|34\/100\n|move|p1b: Dondozo|Curse|p1b: Dondozo\n|\n|upkeep\n|turn|19\n|\n|t:|1726173782\n|move|p2b: Dondozo|Earthquake|p1b: Dondozo|[spread] p1b\n|-miss|p2b: Dondozo|p2a: Tatsugiri\n|-damage|p1b: Dondozo|21\/100\n|move|p1b: Dondozo|Rest|p1b: Dondozo\n|-status|p1b: Dondozo|slp|[from] move: Rest\n|-heal|p1b: Dondozo|100\/100 slp|[silent]\n|\n|upkeep\n|turn|20\n|c|\u2606HappyDuckJJ|I would\u2019ve won on timer in game by now lol\n|\n|t:|1726173799\n|move|p2b: Dondozo|Earthquake|p1b: Dondozo|[spread] p1b\n|-miss|p2b: Dondozo|p2a: Tatsugiri\n|-damage|p1b: Dondozo|88\/100 slp\n|cant|p1b: Dondozo|slp\n|\n|upkeep\n|turn|21\n|j| Hydrion\n|l| Titantula\n|c|\u2606bieiup|this can't happen\n|inactive|bieiup has 30 seconds left.\n|c|\u2606bieiup|I have fissure\n|\n|t:|1726173829\n|move|p2b: Dondozo|Earthquake|p1b: Dondozo|[spread] p1b\n|-miss|p2b: Dondozo|p2a: Tatsugiri\n|-damage|p1b: Dondozo|74\/100 slp\n|cant|p1b: Dondozo|slp\n|\n|upkeep\n|turn|22\n|inactive|HappyDuckJJ has 30 seconds left.\n|\n|t:|1726173860\n|move|p2b: Dondozo|Earthquake|p1b: Dondozo|[spread] p1b\n|-miss|p2b: Dondozo|p2a: Tatsugiri\n|-damage|p1b: Dondozo|60\/100 slp\n|-curestatus|p1b: Dondozo|slp|[msg]\n|move|p1b: Dondozo|Earthquake|p2a: Tatsugiri|[spread] p2b\n|-miss|p1b: Dondozo|p2a: Tatsugiri\n|-damage|p2b: Dondozo|89\/100\n|\n|upkeep\n|turn|23\n|\n|t:|1726173878\n|move|p2b: Dondozo|Earthquake|p1b: Dondozo|[spread] p1b\n|-miss|p2b: Dondozo|p2a: Tatsugiri\n|-damage|p1b: Dondozo|46\/100\n|move|p1b: Dondozo|Earthquake|p2b: Dondozo|[spread] p2b\n|-miss|p1b: Dondozo|p2a: Tatsugiri\n|-damage|p2b: Dondozo|76\/100\n|\n|upkeep\n|turn|24\n|\n|t:|1726173893\n|move|p2b: Dondozo|Earthquake|p1b: Dondozo|[spread] p1b\n|-miss|p2b: Dondozo|p2a: Tatsugiri\n|-damage|p1b: Dondozo|34\/100\n|move|p1b: Dondozo|Earthquake|p2b: Dondozo|[spread] p2b\n|-miss|p1b: Dondozo|p2a: Tatsugiri\n|-damage|p2b: Dondozo|64\/100\n|\n|upkeep\n|turn|25\n|c|\u2606bieiup|last pp\n|\n|t:|1726173907\n|-activate|p2b: Dondozo|move: Struggle\n|move|p2b: Dondozo|Struggle|p1b: Dondozo\n|-damage|p1b: Dondozo|24\/100\n|-damage|p2b: Dondozo|39\/100|[from] recoil\n|move|p1b: Dondozo|Rest|p1b: Dondozo\n|-status|p1b: Dondozo|slp|[from] move: Rest\n|-heal|p1b: Dondozo|100\/100 slp|[silent]\n|\n|upkeep\n|turn|26\n|\n|t:|1726173911\n|-activate|p2b: Dondozo|move: Struggle\n|move|p2b: Dondozo|Struggle|p1b: Dondozo\n|-damage|p1b: Dondozo|92\/100 slp\n|-damage|p2b: Dondozo|13\/100|[from] recoil\n|cant|p1b: Dondozo|slp\n|\n|upkeep\n|turn|27\n|\n|t:|1726173921\n|-activate|p2b: Dondozo|move: Struggle\n|move|p2b: Dondozo|Struggle|p1b: Dondozo\n|-damage|p1b: Dondozo|82\/100 slp\n|-damage|p2b: Dondozo|0 fnt|[from] recoil\n|faint|p2b: Dondozo\n|cant|p1b: Dondozo|slp\n|\n|upkeep\n|turn|28\n|inactive|HappyDuckJJ has 30 seconds left.\n|inactive|HappyDuckJJ has 20 seconds left.\n|\n|t:|1726173957\n|move|p2a: Tatsugiri|Draco Meteor|p1b: Dondozo\n|-damage|p1b: Dondozo|48\/100 slp\n|-unboost|p2a: Tatsugiri|spa|2\n|-curestatus|p1b: Dondozo|slp|[msg]\n|move|p1b: Dondozo|Earthquake|p2a: Tatsugiri\n|-damage|p2a: Tatsugiri|8\/100\n|\n|upkeep\n|turn|29\n|\n|t:|1726173966\n|move|p2a: Tatsugiri|Draco Meteor|p1b: Dondozo\n|-damage|p1b: Dondozo|14\/100\n|-unboost|p2a: Tatsugiri|spa|2\n|move|p1b: Dondozo|Earthquake|p2a: Tatsugiri\n|-damage|p2a: Tatsugiri|0 fnt\n|faint|p2a: Tatsugiri\n|\n|win|bieiup\n|raw|bieiup's rating: 1652 &rarr; <strong>1675<\/strong><br \/>(+23 for winning)\n|raw|HappyDuckJJ's rating: 1698 &rarr; <strong>1675<\/strong><br \/>(-23 for losing)\n|c|\u2606bieiup|gg\n|l| BonoboF\n|l| jronclad\n","uploadtime":1726174167,"views":10,"formatid":"gen9vgc2024regh","rating":1675,"private":0,"password":null}