{"id":"gen9vgc2024regh-2200381597","format":"[Gen 9] VGC 2024 Reg H","players":["bwahacough","oznerolvgc"],"log":"|j|\u2606bwahacough\n|j|\u2606oznerolvgc\n|t:|1726180345\n|gametype|doubles\n|player|p1|bwahacough|medium|1734\n|player|p2|oznerolvgc|265|1699\n|teamsize|p1|6\n|teamsize|p2|6\n|gen|9\n|tier|[Gen 9] VGC 2024 Reg H\n|rated|\n|rule|Species Clause: Limit one of each Pok\u00e9mon\n|rule|Item Clause: Limit 1 of each item\n|clearpoke\n|poke|p1|Lycanroc, L50, M|\n|poke|p1|Tyranitar, L50, F|\n|poke|p1|Indeedee-F, L50, F|\n|poke|p1|Murkrow, L50, F|\n|poke|p1|Garchomp, L50, F|\n|poke|p1|Gholdengo, L50|\n|poke|p2|Pelipper, L50, M|\n|poke|p2|Archaludon, L50, F|\n|poke|p2|Basculegion, L50, M|\n|poke|p2|Salamence, L50, F|\n|poke|p2|Kingambit, L50, M|\n|poke|p2|Amoonguss, L50, F|\n|teampreview|4\n|inactive|Battle timer is ON: inactive players will automatically lose when time's up. (requested by oznerolvgc)\n|j| kas1123\n|inactive|bwahacough has 60 seconds left.\n|inactive|bwahacough has 30 seconds left.\n|\n|t:|1726180412\n|start\n|switch|p1a: Lycanroc|Lycanroc, L50, M, shiny|100\/100\n|switch|p1b: Tyranitar|Tyranitar, L50, F|100\/100\n|switch|p2a: Salamence|Salamence, L50, F|100\/100\n|switch|p2b: Archaludon|Archaludon, L50, F|100\/100\n|-ability|p2a: Salamence|Intimidate|boost\n|-unboost|p1a: Lycanroc|atk|1\n|-unboost|p1b: Tyranitar|atk|1\n|-weather|Sandstorm|[from] ability: Sand Stream|[of] p1b: Tyranitar\n|turn|1\n|inactive|oznerolvgc has 30 seconds left.\n|inactive|oznerolvgc has 20 seconds left.\n|inactive|oznerolvgc has 15 seconds left.\n|inactive|oznerolvgc has 10 seconds left.\n|inactive|oznerolvgc has 5 seconds left.\n|\n|t:|1726180467\n|-terastallize|p2b: Archaludon|Grass\n|move|p1a: Lycanroc|Rock Slide|p2a: Salamence|[spread] p2a,p2b\n|-supereffective|p2a: Salamence\n|-damage|p2a: Salamence|59\/100\n|-damage|p2b: Archaludon|86\/100\n|-ability|p2b: Archaludon|Stamina|boost\n|-boost|p2b: Archaludon|def|1\n|cant|p2a: Salamence|flinch\n|move|p2b: Archaludon|Electro Shot||[still]\n|-prepare|p2b: Archaludon|Electro Shot\n|-boost|p2b: Archaludon|spa|1\n|move|p1b: Tyranitar|Knock Off|p2b: Archaludon\n|-damage|p2b: Archaludon|69\/100\n|-ability|p2b: Archaludon|Stamina|boost\n|-boost|p2b: Archaludon|def|1\n|-enditem|p2b: Archaludon|Assault Vest|[from] move: Knock Off|[of] p1b: Tyranitar\n|\n|-weather|Sandstorm|[upkeep]\n|-damage|p2a: Salamence|53\/100|[from] Sandstorm\n|-damage|p2b: Archaludon|62\/100|[from] Sandstorm\n|upkeep\n|turn|2\n|\n|t:|1726180489\n|switch|p1b: Indeedee|Indeedee-F, L50, F, shiny|100\/100\n|-fieldstart|move: Psychic Terrain|[from] ability: Psychic Surge|[of] p1b: Indeedee\n|move|p1a: Lycanroc|Rock Slide|p2b: Archaludon|[spread] p2b\n|-miss|p1a: Lycanroc|p2a: Salamence\n|-damage|p2b: Archaludon|55\/100\n|-ability|p2b: Archaludon|Stamina|boost\n|-boost|p2b: Archaludon|def|1\n|move|p2a: Salamence|Tailwind|p2a: Salamence\n|-sidestart|p2: oznerolvgc|move: Tailwind\n|move|p2b: Archaludon|Electro Shot|p1b: Indeedee|[from]lockedmove\n|-damage|p1b: Indeedee|40\/100\n|\n|-weather|Sandstorm|[upkeep]\n|-damage|p2a: Salamence|48\/100|[from] Sandstorm\n|-damage|p2b: Archaludon|48\/100|[from] Sandstorm\n|upkeep\n|turn|3\n|j| testerigres\n|inactive|oznerolvgc has 30 seconds left.\n|\n|t:|1726180521\n|move|p1a: Lycanroc|Rock Slide|p2b: Archaludon|[spread] p2a,p2b\n|-supereffective|p2a: Salamence\n|-damage|p2a: Salamence|0 fnt\n|-damage|p2b: Archaludon|43\/100\n|-ability|p2b: Archaludon|Stamina|boost\n|-boost|p2b: Archaludon|def|1\n|faint|p2a: Salamence\n|move|p2b: Archaludon|Electro Shot||[still]\n|-prepare|p2b: Archaludon|Electro Shot\n|-boost|p2b: Archaludon|spa|1\n|move|p1b: Indeedee|Psychic|p2b: Archaludon\n|-damage|p2b: Archaludon|0 fnt\n|faint|p2b: Archaludon\n|\n|-weather|Sandstorm|[upkeep]\n|upkeep\n|\n|t:|1726180536\n|switch|p2a: Pelipper|Pelipper, L50, M|100\/100\n|switch|p2b: Basculegion|Basculegion, L50, M|100\/100\n|-weather|RainDance|[from] ability: Drizzle|[of] p2a: Pelipper\n|turn|4\n|\n|t:|1726180548\n|switch|p1a: Tyranitar|Tyranitar, L50, F|100\/100\n|-weather|Sandstorm|[from] ability: Sand Stream|[of] p1a: Tyranitar\n|move|p1b: Indeedee|Follow Me|p1b: Indeedee\n|-singleturn|p1b: Indeedee|move: Follow Me\n|move|p2a: Pelipper|Weather Ball|p1b: Indeedee\n|-damage|p1b: Indeedee|10\/100\n|move|p2b: Basculegion|Wave Crash|p1b: Indeedee\n|-damage|p1b: Indeedee|0 fnt\n|faint|p1b: Indeedee\n|-damage|p2b: Basculegion|98\/100|[from] Recoil\n|\n|-weather|Sandstorm|[upkeep]\n|-damage|p2a: Pelipper|95\/100|[from] Sandstorm\n|-damage|p2b: Basculegion|92\/100|[from] Sandstorm\n|upkeep\n|\n|t:|1726180549\n|switch|p1b: Lycanroc|Lycanroc, L50, M, shiny|100\/100\n|turn|5\n|\n|t:|1726180567\n|-terastallize|p1a: Tyranitar|Flying\n|move|p2a: Pelipper|Wide Guard|p2a: Pelipper\n|-singleturn|p2a: Pelipper|Wide Guard\n|move|p1b: Lycanroc|Rock Slide|p2b: Basculegion|[spread] \n|-activate|p2a: Pelipper|move: Wide Guard\n|-activate|p2b: Basculegion|move: Wide Guard\n|move|p2b: Basculegion|Wave Crash|p1a: Tyranitar\n|-crit|p1a: Tyranitar\n|-damage|p1a: Tyranitar|0 fnt\n|faint|p1a: Tyranitar\n|-damage|p2b: Basculegion|61\/100|[from] Recoil\n|\n|-weather|Sandstorm|[upkeep]\n|-damage|p2a: Pelipper|89\/100|[from] Sandstorm\n|-damage|p2b: Basculegion|55\/100|[from] Sandstorm\n|-sideend|p2: oznerolvgc|move: Tailwind\n|upkeep\n|\n|t:|1726180583\n|switch|p1a: Gholdengo|Gholdengo, L50|100\/100\n|turn|6\n|inactive|oznerolvgc has 30 seconds left.\n|\n|t:|1726180609\n|move|p2a: Pelipper|Wide Guard|p2a: Pelipper\n|-singleturn|p2a: Pelipper|Wide Guard\n|move|p1b: Lycanroc|Rock Slide|p2a: Pelipper|[spread] \n|-activate|p2a: Pelipper|move: Wide Guard\n|-activate|p2b: Basculegion|move: Wide Guard\n|move|p1a: Gholdengo|Shadow Ball|p2b: Basculegion\n|-supereffective|p2b: Basculegion\n|-damage|p2b: Basculegion|0 fnt\n|faint|p2b: Basculegion\n|-damage|p1a: Gholdengo|91\/100|[from] item: Life Orb\n|\n|-weather|Sandstorm|[upkeep]\n|-damage|p2a: Pelipper|83\/100|[from] Sandstorm\n|-fieldend|move: Psychic Terrain\n|upkeep\n|turn|7\n|\n|t:|1726180621\n|move|p1b: Lycanroc|Rock Slide|p2a: Pelipper\n|-supereffective|p2a: Pelipper\n|-damage|p2a: Pelipper|0 fnt\n|faint|p2a: Pelipper\n|\n|win|bwahacough\n|raw|bwahacough's rating: 1766 &rarr; <strong>1782<\/strong><br \/>(+16 for winning)\n|raw|oznerolvgc's rating: 1699 &rarr; <strong>1683<\/strong><br \/>(-16 for losing)\n|l|\u2606bwahacough\n|player|p1|\n|l| kas1123\n","uploadtime":1726180858,"views":24,"formatid":"gen9vgc2024regh","rating":1683,"private":0,"password":null}