{"id":"gen9vgc2024regh-2200384335","format":"[Gen 9] VGC 2024 Reg H","players":["bwahacough","roykeenkennedy"],"log":"|j|\u2606bwahacough\n|j|\u2606roykeenkennedy\n|t:|1726180656\n|gametype|doubles\n|player|p1|bwahacough|medium|1782\n|player|p2|roykeenkennedy|alder|1798\n|teamsize|p1|6\n|teamsize|p2|6\n|gen|9\n|tier|[Gen 9] VGC 2024 Reg H\n|rated|\n|rule|Species Clause: Limit one of each Pok\u00e9mon\n|rule|Item Clause: Limit 1 of each item\n|clearpoke\n|poke|p1|Lycanroc, L50, F|\n|poke|p1|Tyranitar, L50, M|\n|poke|p1|Indeedee-F, L50, F|\n|poke|p1|Murkrow, L50, F|\n|poke|p1|Garchomp, L50, F|\n|poke|p1|Gholdengo, L50|\n|poke|p2|Salamence, L50, F|\n|poke|p2|Incineroar, L50, M|\n|poke|p2|Weezing, L50, M|\n|poke|p2|Dragapult, L50, F|\n|poke|p2|Ursaluna-Bloodmoon, L50, M|\n|poke|p2|Primarina, L50, F|\n|teampreview|4\n|c|\u2606roykeenkennedy|Round 7\n|\n|t:|1726180703\n|start\n|switch|p1a: Lycanroc|Lycanroc, L50, F, shiny|100\/100\n|switch|p1b: Tyranitar|Tyranitar, L50, M|100\/100\n|switch|p2a: Dragapult|Dragapult, L50, F|100\/100\n|switch|p2b: Primarina|Primarina, L50, F|100\/100\n|-weather|Sandstorm|[from] ability: Sand Stream|[of] p1b: Tyranitar\n|turn|1\n|j| practice bee\n|j| testerigres\n|\n|t:|1726180736\n|switch|p2b: Weezing|Weezing, L50, M|100\/100\n|-ability|p2b: Weezing|Neutralizing Gas\n|move|p2a: Dragapult|U-turn|p1b: Tyranitar\n|-supereffective|p1b: Tyranitar\n|-damage|p1b: Tyranitar|40\/100\n|\n|t:|1726180744\n|switch|p2a: Ursaluna|Ursaluna-Bloodmoon, L50, M|100\/100|[from] U-turn\n|move|p1a: Lycanroc|Rock Slide|p2b: Weezing|[spread] p2a,p2b\n|-resisted|p2a: Ursaluna\n|-damage|p2a: Ursaluna|90\/100\n|-damage|p2b: Weezing|76\/100\n|move|p1b: Tyranitar|Knock Off|p2a: Ursaluna\n|-damage|p2a: Ursaluna|49\/100\n|-enditem|p2a: Ursaluna|Assault Vest|[from] move: Knock Off|[of] p1b: Tyranitar\n|\n|-weather|Sandstorm|[upkeep]\n|-damage|p2b: Weezing|70\/100|[from] Sandstorm\n|-heal|p2b: Weezing|76\/100|[from] item: Leftovers\n|upkeep\n|turn|2\n|\n|t:|1726180762\n|move|p2a: Ursaluna|Vacuum Wave|p1a: Lycanroc\n|-supereffective|p1a: Lycanroc\n|-damage|p1a: Lycanroc|63\/100\n|move|p1a: Lycanroc|Close Combat|p2a: Ursaluna\n|-supereffective|p2a: Ursaluna\n|-crit|p2a: Ursaluna\n|-damage|p2a: Ursaluna|0 fnt\n|-unboost|p1a: Lycanroc|def|1\n|-unboost|p1a: Lycanroc|spd|1\n|faint|p2a: Ursaluna\n|move|p2b: Weezing|Will-O-Wisp|p1b: Tyranitar\n|-status|p1b: Tyranitar|brn\n|move|p1b: Tyranitar|Knock Off|p2b: Weezing\n|-damage|p2b: Weezing|51\/100\n|-enditem|p2b: Weezing|Leftovers|[from] move: Knock Off|[of] p1b: Tyranitar\n|\n|-weather|Sandstorm|[upkeep]\n|-damage|p2b: Weezing|45\/100|[from] Sandstorm\n|-damage|p1b: Tyranitar|34\/100 brn|[from] brn\n|upkeep\n|\n|t:|1726180783\n|switch|p2a: Dragapult|Dragapult, L50, F|100\/100\n|turn|3\n|\n|t:|1726180793\n|move|p2a: Dragapult|Dragon Darts|p1a: Lycanroc\n|-damage|p1a: Lycanroc|0 fnt\n|-anim|p2a: Dragapult|Dragon Darts|p1b: Tyranitar\n|-damage|p1b: Tyranitar|2\/100 brn\n|faint|p1a: Lycanroc\n|move|p2b: Weezing|Sludge Bomb|p1b: Tyranitar\n|-resisted|p1b: Tyranitar\n|-damage|p1b: Tyranitar|0 fnt\n|faint|p1b: Tyranitar\n|\n|-weather|Sandstorm|[upkeep]\n|-damage|p2a: Dragapult|94\/100|[from] Sandstorm\n|-damage|p2b: Weezing|38\/100|[from] Sandstorm\n|upkeep\n|\n|t:|1726180802\n|switch|p1a: Indeedee|Indeedee-F, L50, F, shiny|100\/100\n|switch|p1b: Gholdengo|Gholdengo, L50|100\/100\n|turn|4\n|j| kas1123\n|\n|t:|1726180825\n|switch|p2a: Primarina|Primarina, L50, F|100\/100\n|move|p2b: Weezing|Protect|p2b: Weezing\n|-singleturn|p2b: Weezing|Protect\n|move|p1b: Gholdengo|Nasty Plot|p1b: Gholdengo\n|-boost|p1b: Gholdengo|spa|2\n|move|p1a: Indeedee|Psychic|p2b: Weezing\n|-activate|p2b: Weezing|move: Protect\n|\n|-weather|Sandstorm|[upkeep]\n|-damage|p2b: Weezing|32\/100|[from] Sandstorm\n|-damage|p2a: Primarina|94\/100|[from] Sandstorm\n|upkeep\n|turn|5\n|\n|t:|1726180846\n|move|p1a: Indeedee|Follow Me|p1a: Indeedee\n|-singleturn|p1a: Indeedee|move: Follow Me\n|move|p1b: Gholdengo|Make It Rain|p2a: Primarina|[spread] p2a,p2b\n|-damage|p2a: Primarina|0 fnt\n|-damage|p2b: Weezing|0 fnt\n|-unboost|p1b: Gholdengo|spa|1\n|faint|p2a: Primarina\n|faint|p2b: Weezing\n|-end|p2b: Weezing|ability: Neutralizing Gas\n|-fieldstart|move: Psychic Terrain|[from] ability: Psychic Surge|[of] p1a: Indeedee\n|-damage|p1b: Gholdengo|91\/100|[from] item: Life Orb\n|\n|-weather|none\n|upkeep\n|c|\u2606roykeenkennedy|Gg\n|-message|roykeenkennedy forfeited.\n|\n|win|bwahacough\n|raw|bwahacough's rating: 1753 &rarr; <strong>1776<\/strong><br \/>(+23 for winning)\n|raw|roykeenkennedy's rating: 1798 &rarr; <strong>1775<\/strong><br \/>(-23 for losing)\n|l|\u2606roykeenkennedy\n|player|p2|\n|l| testerigres\n|l| kas1123\n|l| practice bee\n","uploadtime":1726181137,"views":192,"formatid":"gen9vgc2024regh","rating":1775,"private":0,"password":null}