{"id":"gen9vgc2024regh-2200909765","format":"[Gen 9] VGC 2024 Reg H","players":["gottabadfeeling","Cereales_Hacendado"],"log":"|j|\u2606gottabadfeeling\n|j|\u2606Cereales_Hacendado\n|t:|1726246978\n|gametype|doubles\n|player|p1|gottabadfeeling|magmasuit|1680\n|player|p2|Cereales_Hacendado|102|1729\n|teamsize|p1|6\n|teamsize|p2|6\n|gen|9\n|tier|[Gen 9] VGC 2024 Reg H\n|rated|\n|rule|Species Clause: Limit one of each Pok\u00e9mon\n|rule|Item Clause: Limit 1 of each item\n|clearpoke\n|poke|p1|Sneasler, L50, M|\n|poke|p1|Indeedee, L50, M|\n|poke|p1|Murkrow, L50, M|\n|poke|p1|Typhlosion-Hisui, L50, M|\n|poke|p1|Decidueye-Hisui, L50, F|\n|poke|p1|Dragapult, L50, M|\n|poke|p2|Muk-Alola, L50, M|\n|poke|p2|Mandibuzz, L50, F|\n|poke|p2|Hydrapple, L50, F|\n|poke|p2|Gengar, L50, F|\n|poke|p2|Gallade, L50, M|\n|poke|p2|Tauros-Paldea-Aqua, L50, M|\n|teampreview|4\n|inactive|Battle timer is ON: inactive players will automatically lose when time's up. (requested by gottabadfeeling)\nCereales_Hacendado rejected open team sheets.\n|inactive|gottabadfeeling has 60 seconds left.\n|\n|t:|1726247023\n|start\n|switch|p1a: Murkrow|Murkrow, L50, M, shiny|100\/100\n|switch|p1b: Typhlosion|Typhlosion-Hisui, L50, M, shiny|100\/100\n|switch|p2a: E=MC^2|Muk-Alola, L50, M, shiny|100\/100\n|switch|p2b: Torapia|Tauros-Paldea-Aqua, L50, M|100\/100\n|-ability|p2b: Torapia|Intimidate|boost\n|-unboost|p1a: Murkrow|atk|1\n|-unboost|p1b: Typhlosion|atk|1\n|turn|1\n|\n|t:|1726247038\n|-terastallize|p1b: Typhlosion|Fire\n|move|p2b: Torapia|Protect|p2b: Torapia\n|-singleturn|p2b: Torapia|Protect\n|move|p1a: Murkrow|Sunny Day|p1a: Murkrow\n|-weather|SunnyDay\n|move|p1b: Typhlosion|Eruption|p2b: Torapia|[spread] p2a\n|-activate|p2b: Torapia|move: Protect\n|-damage|p2a: E=MC^2|28\/100\n|move|p2a: E=MC^2|Knock Off|p1b: Typhlosion\n|-damage|p1b: Typhlosion|38\/100\n|-enditem|p1b: Typhlosion|Choice Specs|[from] move: Knock Off|[of] p2a: E=MC^2\n|\n|-weather|SunnyDay|[upkeep]\n|upkeep\n|turn|2\n|\n|t:|1726247057\n|move|p2b: Torapia|Aqua Jet|p1b: Typhlosion\n|-supereffective|p1b: Typhlosion\n|-damage|p1b: Typhlosion|1\/100\n|-damage|p2b: Torapia|90\/100|[from] item: Life Orb\n|move|p1a: Murkrow|Tailwind|p1a: Murkrow\n|-sidestart|p1: gottabadfeeling|move: Tailwind\n|move|p1b: Typhlosion|Heat Wave|p2b: Torapia|[spread] p2a,p2b\n|-resisted|p2b: Torapia\n|-damage|p2a: E=MC^2|0 fnt\n|-damage|p2b: Torapia|12\/100\n|faint|p2a: E=MC^2\n|\n|-weather|SunnyDay|[upkeep]\n|upkeep\n|\n|t:|1726247070\n|switch|p2a: GF Hunter|Mandibuzz, L50, F, shiny|100\/100\n|turn|3\n|\n|t:|1726247080\n|switch|p1a: Indeedee|Indeedee, L50, M, shiny|100\/100\n|-fieldstart|move: Psychic Terrain|[from] ability: Psychic Surge|[of] p1a: Indeedee\n|move|p2b: Torapia|Protect|p2b: Torapia\n|-singleturn|p2b: Torapia|Protect\n|move|p2a: GF Hunter|Protect|p2a: GF Hunter\n|-singleturn|p2a: GF Hunter|Protect\n|move|p1b: Typhlosion|Heat Wave|p2b: Torapia|[spread] \n|-activate|p2a: GF Hunter|move: Protect\n|-activate|p2b: Torapia|move: Protect\n|\n|-weather|SunnyDay|[upkeep]\n|upkeep\n|turn|4\n|j| luckelule\n|\n|t:|1726247096\n|move|p2b: Torapia|Protect|p2b: Torapia\n|-singleturn|p2b: Torapia|Protect\n|move|p1b: Typhlosion|Heat Wave|p2a: GF Hunter|[spread] p2a\n|-activate|p2b: Torapia|move: Protect\n|-crit|p2a: GF Hunter\n|-damage|p2a: GF Hunter|0 fnt\n|faint|p2a: GF Hunter\n|move|p1a: Indeedee|Dazzling Gleam|p2b: Torapia\n|-activate|p2b: Torapia|move: Protect\n|\n|-weather|SunnyDay|[upkeep]\n|upkeep\n|c|\u2606Cereales_Hacendado|lmao\n|\n|t:|1726247108\n|switch|p2a: Smile|Gengar, L50, F|100\/100\n|turn|5\n|l| luckelule\n|\n|t:|1726247116\n|-terastallize|p2a: Smile|Poison\n|move|p2b: Torapia|Protect||[still]\n|-fail|p2b: Torapia\n|move|p1b: Typhlosion|Shadow Ball|p2a: Smile\n|-damage|p2a: Smile|34\/100\n|-start|p1b: Typhlosion|Disable|Shadow Ball|[from] ability: Cursed Body|[of] p2a: Smile\n|move|p1a: Indeedee|Expanding Force|p2b: Torapia|[spread] p2a,p2b\n|-supereffective|p2a: Smile\n|-supereffective|p2b: Torapia\n|-crit|p2b: Torapia\n|-damage|p2a: Smile|0 fnt\n|-damage|p2b: Torapia|0 fnt\n|faint|p2a: Smile\n|faint|p2b: Torapia\n|\n|win|gottabadfeeling\n|raw|gottabadfeeling's rating: 1680 &rarr; <strong>1703<\/strong><br \/>(+23 for winning)\n|raw|Cereales_Hacendado's rating: 1729 &rarr; <strong>1706<\/strong><br \/>(-23 for losing)\n|l|\u2606Cereales_Hacendado\n|player|p2|\n|l|\u2606gottabadfeeling\n|player|p1|\n","uploadtime":1726247372,"views":29,"formatid":"gen9vgc2024regh","rating":1703,"private":0,"password":null}