{"id":"gen9vgc2024regh-2200967046","format":"[Gen 9] VGC 2024 Reg H","players":["jetshavel","Vouldoon"],"log":"|j|\u2606jetshavel\n|j|\u2606Vouldoon\n|t:|1726252081\n|gametype|doubles\n|player|p1|jetshavel|265|1688\n|player|p2|Vouldoon|170|1659\n|teamsize|p1|6\n|teamsize|p2|6\n|gen|9\n|tier|[Gen 9] VGC 2024 Reg H\n|rated|\n|rule|Species Clause: Limit one of each Pok\u00e9mon\n|rule|Item Clause: Limit 1 of each item\n|clearpoke\n|poke|p1|Archaludon, L50, M|\n|poke|p1|Typhlosion-Hisui, L50, F|\n|poke|p1|Primarina, L50, F|\n|poke|p1|Meowscarada, L50, M|\n|poke|p1|Ursaluna-Bloodmoon, L50, M|\n|poke|p1|Murkrow, L50, M|\n|poke|p2|Whimsicott, L50, F|\n|poke|p2|Blastoise, L50, M|\n|poke|p2|Arcanine-Hisui, L50, F|\n|poke|p2|Gholdengo, L50|\n|poke|p2|Dragonite, L50, F|\n|poke|p2|Annihilape, L50, M|\n|teampreview|4\njetshavel has agreed to open team sheets.\n|inactive|Battle timer is ON: inactive players will automatically lose when time's up. (requested by jetshavel)\n|\n|t:|1726252115\n|start\n|switch|p1a: Primarina|Primarina, L50, F|100\/100\n|switch|p1b: Meowscarada|Meowscarada, L50, M|100\/100\n|switch|p2a: Whimsicott|Whimsicott, L50, F|100\/100\n|switch|p2b: Annihilape|Annihilape, L50, M|100\/100\n|turn|1\n|inactive|jetshavel has 30 seconds left.\n|\n|t:|1726252148\n|-terastallize|p2b: Annihilape|Fire\n|move|p1a: Primarina|Protect|p1a: Primarina\n|-singleturn|p1a: Primarina|Protect\n|move|p1b: Meowscarada|Flower Trick|p2b: Annihilape\n|-resisted|p2b: Annihilape\n|-crit|p2b: Annihilape\n|-damage|p2b: Annihilape|76\/100\n|move|p2a: Whimsicott|Energy Ball|p1a: Primarina\n|-activate|p1a: Primarina|move: Protect\n|move|p2b: Annihilape|Rage Fist|p1a: Primarina\n|-activate|p1a: Primarina|move: Protect\n|\n|upkeep\n|turn|2\n|inactive|jetshavel has 30 seconds left.\n|inactive|jetshavel has 20 seconds left.\n|inactive|jetshavel has 15 seconds left.\n|\n|t:|1726252188\n|move|p2a: Whimsicott|Encore|p1a: Primarina\n|-start|p1a: Primarina|Encore\n|move|p1b: Meowscarada|Grass Pledge|p2a: Whimsicott\n|-waiting|p1b: Meowscarada|p1a: Primarina\n|move|p1a: Primarina|Protect||[from]move: Grass Pledge|[still]\n|-fail|p1a: Primarina\n|move|p2b: Annihilape|Drain Punch|p1b: Meowscarada\n|-supereffective|p1b: Meowscarada\n|-enditem|p1b: Meowscarada|Focus Sash\n|-damage|p1b: Meowscarada|1\/100\n|-heal|p2b: Annihilape|100\/100|[from] drain|[of] p1b: Meowscarada\n|\n|upkeep\n|turn|3\n|\n|t:|1726252203\n|switch|p1a: Ursaluna|Ursaluna-Bloodmoon, L50, M|100\/100\n|move|p1b: Meowscarada|Protect|p1b: Meowscarada\n|-singleturn|p1b: Meowscarada|Protect\n|move|p2a: Whimsicott|Tailwind|p2a: Whimsicott\n|-sidestart|p2: Vouldoon|move: Tailwind\n|move|p2b: Annihilape|Rage Fist|p1b: Meowscarada\n|-activate|p1b: Meowscarada|move: Protect\n|\n|upkeep\n|turn|4\n|inactive|jetshavel has 30 seconds left.\n|inactive|jetshavel has 20 seconds left.\n|inactive|jetshavel has 15 seconds left.\n|\n|t:|1726252247\n|move|p1a: Ursaluna|Protect|p1a: Ursaluna\n|-singleturn|p1a: Ursaluna|Protect\n|move|p2a: Whimsicott|Moonblast|p1a: Ursaluna\n|-activate|p1a: Ursaluna|move: Protect\n|move|p2b: Annihilape|Rage Fist|p1b: Meowscarada\n|-resisted|p1b: Meowscarada\n|-damage|p1b: Meowscarada|0 fnt\n|faint|p1b: Meowscarada\n|\n|upkeep\n|\n|t:|1726252258\n|switch|p1b: Primarina|Primarina, L50, F|100\/100\n|turn|5\n|\n|t:|1726252273\n|switch|p1a: Archaludon|Archaludon, L50, M|100\/100\n|move|p2a: Whimsicott|Energy Ball|p1b: Primarina\n|-supereffective|p1b: Primarina\n|-damage|p1b: Primarina|33\/100\n|move|p2b: Annihilape|Rage Fist|p1b: Primarina\n|-damage|p1b: Primarina|0 fnt\n|faint|p1b: Primarina\n|\n|upkeep\n|-message|jetshavel forfeited.\n|\n|win|Vouldoon\n|raw|jetshavel's rating: 1688 &rarr; <strong>1666<\/strong><br \/>(-22 for losing)\n|raw|Vouldoon's rating: 1659 &rarr; <strong>1681<\/strong><br \/>(+22 for winning)\n|l|\u2606jetshavel\n|player|p1|\n|l|\u2606Vouldoon\n|player|p2|\n","uploadtime":1726252506,"views":12,"formatid":"gen9vgc2024regh","rating":1666,"private":0,"password":null}