{"id":"gen9vgc2024regh-2200326147","format":"[Gen 9] VGC 2024 Reg H","players":["bieiup","bwahacough"],"log":"|j|\u2606bieiup\n|j|\u2606bwahacough\n|t:|1726174426\n|gametype|doubles\n|player|p1|bieiup|lillie-z|1675\n|player|p2|bwahacough|medium|1850\n|teamsize|p1|6\n|teamsize|p2|6\n|gen|9\n|tier|[Gen 9] VGC 2024 Reg H\n|rated|\n|rule|Species Clause: Limit one of each Pok\u00e9mon\n|rule|Item Clause: Limit 1 of each item\n|clearpoke\n|poke|p1|Sableye, L50, M|\n|poke|p1|Dondozo, L50, M|\n|poke|p1|Sylveon, L50, F|\n|poke|p1|Dragonite, L50, F|\n|poke|p1|Gholdengo, L50|\n|poke|p1|Ursaluna-Bloodmoon, L50, M|\n|poke|p2|Lycanroc, L50, M|\n|poke|p2|Tyranitar, L50, M|\n|poke|p2|Indeedee-F, L50, F|\n|poke|p2|Murkrow, L50, M|\n|poke|p2|Garchomp, L50, F|\n|poke|p2|Gholdengo, L50|\n|teampreview|4\n|inactive|Battle timer is ON: inactive players will automatically lose when time's up. (requested by bieiup)\n|inactive|bieiup has 60 seconds left.\n|\n|t:|1726174478\n|start\n|switch|p1a: Dragonite|Dragonite, L50, F|100\/100\n|switch|p1b: Gholdengo|Gholdengo, L50|100\/100\n|switch|p2a: Lycanroc|Lycanroc, L50, M, shiny|100\/100\n|switch|p2b: Tyranitar|Tyranitar, L50, M|100\/100\n|-weather|Sandstorm|[from] ability: Sand Stream|[of] p2b: Tyranitar\n|turn|1\n|\n|t:|1726174484\n|-terastallize|p1a: Dragonite|Dark\n|move|p2a: Lycanroc|Protect|p2a: Lycanroc\n|-singleturn|p2a: Lycanroc|Protect\n|move|p1b: Gholdengo|Make It Rain|p2b: Tyranitar|[spread] p2b\n|-activate|p2a: Lycanroc|move: Protect\n|-supereffective|p2b: Tyranitar\n|-crit|p2b: Tyranitar\n|-damage|p2b: Tyranitar|36\/100\n|-unboost|p1b: Gholdengo|spa|1\n|move|p1a: Dragonite|Earthquake|p2b: Tyranitar|[spread] p1b,p2b\n|-activate|p2a: Lycanroc|move: Protect\n|-supereffective|p1b: Gholdengo\n|-supereffective|p2b: Tyranitar\n|-damage|p1b: Gholdengo|34\/100\n|-damage|p2b: Tyranitar|0 fnt\n|faint|p2b: Tyranitar\n|\n|-weather|Sandstorm|[upkeep]\n|-damage|p1a: Dragonite|94\/100|[from] Sandstorm\n|upkeep\n|\n|t:|1726174492\n|switch|p2b: Garchomp|Garchomp, L50, F, shiny|100\/100\n|turn|2\n|\n|t:|1726174508\n|-terastallize|p2a: Lycanroc|Fighting\n|move|p2a: Lycanroc|Close Combat|p1a: Dragonite\n|-supereffective|p1a: Dragonite\n|-damage|p1a: Dragonite|0 fnt\n|-unboost|p2a: Lycanroc|def|1\n|-unboost|p2a: Lycanroc|spd|1\n|faint|p1a: Dragonite\n|move|p1b: Gholdengo|Make It Rain|p2a: Lycanroc|[spread] p2a,p2b\n|-damage|p2a: Lycanroc|6\/100\n|-damage|p2b: Garchomp|63\/100\n|-unboost|p1b: Gholdengo|spa|1\n|move|p2b: Garchomp|Earthquake|p1b: Gholdengo|[spread] p2a,p1b\n|-supereffective|p1b: Gholdengo\n|-damage|p2a: Lycanroc|0 fnt\n|-damage|p1b: Gholdengo|0 fnt\n|faint|p2a: Lycanroc\n|faint|p1b: Gholdengo\n|\n|-weather|Sandstorm|[upkeep]\n|upkeep\n|j| Hydrion\n|\n|t:|1726174512\n|switch|p2a: Indeedee|Indeedee-F, L50, F, shiny|100\/100\n|switch|p1b: Ursaluna|Ursaluna-Bloodmoon, L50, M|100\/100\n|switch|p1a: Dondozo|Dondozo, L50, M|100\/100\n|-fieldstart|move: Psychic Terrain|[from] ability: Psychic Surge|[of] p2a: Indeedee\n|turn|3\n|\n|t:|1726174519\n|move|p2b: Garchomp|Protect|p2b: Garchomp\n|-singleturn|p2b: Garchomp|Protect\n|move|p2a: Indeedee|Psychic|p1b: Ursaluna\n|-damage|p1b: Ursaluna|54\/100\n|-unboost|p1b: Ursaluna|spd|1\n|move|p1b: Ursaluna|Blood Moon|p2b: Garchomp\n|-activate|p2b: Garchomp|move: Protect\n|move|p1a: Dondozo|Curse|p1a: Dondozo\n|-unboost|p1a: Dondozo|spe|1\n|-boost|p1a: Dondozo|atk|1\n|-boost|p1a: Dondozo|def|1\n|\n|-weather|Sandstorm|[upkeep]\n|-damage|p1a: Dondozo|94\/100|[from] Sandstorm\n|upkeep\n|turn|4\n|\n|t:|1726174534\n|move|p2b: Garchomp|Breaking Swipe|p1a: Dondozo|[spread] p1a,p1b\n|-damage|p1a: Dondozo|85\/100\n|-damage|p1b: Ursaluna|37\/100\n|-unboost|p1a: Dondozo|atk|1\n|-unboost|p1b: Ursaluna|atk|1\n|move|p2a: Indeedee|Psychic|p1a: Dondozo\n|-damage|p1a: Dondozo|58\/100\n|move|p1b: Ursaluna|Hyper Voice|p2a: Indeedee|[spread] p2a,p2b\n|-damage|p2a: Indeedee|52\/100\n|-damage|p2b: Garchomp|6\/100\n|-damage|p1b: Ursaluna|28\/100|[from] item: Life Orb\n|move|p1a: Dondozo|Fissure|p2a: Indeedee\n|-damage|p2a: Indeedee|0 fnt\n|faint|p2a: Indeedee\n|-ohko\n|\n|-weather|Sandstorm|[upkeep]\n|-damage|p1a: Dondozo|51\/100|[from] Sandstorm\n|upkeep\n|turn|5\n|c|\u2606bieiup|hahaha\n|\n|t:|1726174547\n|move|p2b: Garchomp|Earthquake|p1a: Dondozo|[spread] p1a,p1b\n|-damage|p1a: Dondozo|35\/100\n|-damage|p1b: Ursaluna|0 fnt\n|faint|p1b: Ursaluna\n|move|p1a: Dondozo|Earthquake|p2b: Garchomp\n|-damage|p2b: Garchomp|0 fnt\n|faint|p2b: Garchomp\n|\n|win|bieiup\n|raw|bieiup's rating: 1675 &rarr; <strong>1703<\/strong><br \/>(+28 for winning)\n|raw|bwahacough's rating: 1815 &rarr; <strong>1787<\/strong><br \/>(-28 for losing)\n|l|\u2606bwahacough\n|player|p2|\n|l|\u2606bieiup\n|player|p1|\n","uploadtime":1726174724,"views":13,"formatid":"gen9vgc2024regh","rating":1703,"private":0,"password":null}