{"id":"gen9vgc2024regh-2200160020","format":"[Gen 9] VGC 2024 Reg H","players":["bwahacough","Islaire"],"log":"|j|\u2606bwahacough\n|j|\u2606Islaire\n|t:|1726159560\n|gametype|doubles\n|player|p1|bwahacough|medium|1707\n|player|p2|Islaire|cheryl|1746\n|teamsize|p1|6\n|teamsize|p2|6\n|gen|9\n|tier|[Gen 9] VGC 2024 Reg H\n|rated|\n|rule|Species Clause: Limit one of each Pok\u00e9mon\n|rule|Item Clause: Limit 1 of each item\n|clearpoke\n|poke|p1|Lycanroc, L50, F|\n|poke|p1|Tyranitar, L50, M|\n|poke|p1|Indeedee-F, L50, F|\n|poke|p1|Murkrow, L50, M|\n|poke|p1|Garchomp, L50, F|\n|poke|p1|Gholdengo, L50|\n|poke|p2|Whimsicott, L50, M|\n|poke|p2|Primarina, L50, M|\n|poke|p2|Baxcalibur, L50, F|\n|poke|p2|Decidueye-Hisui, L50, F|\n|poke|p2|Gholdengo, L50|\n|poke|p2|Espathra, L50, F|\n|teampreview|4\nbwahacough has agreed to open team sheets.\n|\n|t:|1726159602\n|start\n|switch|p1a: Lycanroc|Lycanroc, L50, F, shiny|100\/100\n|switch|p1b: Tyranitar|Tyranitar, L50, M|100\/100\n|switch|p2a: Baxcalibur|Baxcalibur, L50, F|100\/100\n|switch|p2b: Whimsicott|Whimsicott, L50, M|100\/100\n|-weather|Sandstorm|[from] ability: Sand Stream|[of] p1b: Tyranitar\n|turn|1\n|\n|t:|1726159638\n|-terastallize|p2a: Baxcalibur|Ground\n|move|p1a: Lycanroc|Rock Slide|p2a: Baxcalibur|[spread] p2a,p2b\n|-resisted|p2a: Baxcalibur\n|-damage|p2a: Baxcalibur|88\/100\n|-damage|p2b: Whimsicott|64\/100\n|cant|p2b: Whimsicott|flinch\n|move|p2a: Baxcalibur|High Horsepower|p1a: Lycanroc\n|-supereffective|p1a: Lycanroc\n|-enditem|p1a: Lycanroc|Focus Sash\n|-damage|p1a: Lycanroc|1\/100\n|move|p1b: Tyranitar|Knock Off|p2a: Baxcalibur\n|-damage|p2a: Baxcalibur|44\/100\n|-enditem|p2a: Baxcalibur|Assault Vest|[from] move: Knock Off|[of] p1b: Tyranitar\n|\n|-weather|Sandstorm|[upkeep]\n|-damage|p2b: Whimsicott|58\/100|[from] Sandstorm\n|upkeep\n|turn|2\n|j| mr pogostick\n|\n|t:|1726159656\n|-terastallize|p1b: Tyranitar|Flying\n|move|p1a: Lycanroc|Protect|p1a: Lycanroc\n|-singleturn|p1a: Lycanroc|Protect\n|move|p2b: Whimsicott|Tailwind|p2b: Whimsicott\n|-sidestart|p2: Islaire|move: Tailwind\n|move|p2a: Baxcalibur|Ice Shard|p1a: Lycanroc\n|-activate|p1a: Lycanroc|move: Protect\n|move|p1b: Tyranitar|Low Kick|p2a: Baxcalibur\n|-damage|p2a: Baxcalibur|6\/100\n|\n|-weather|Sandstorm|[upkeep]\n|-damage|p2b: Whimsicott|52\/100|[from] Sandstorm\n|-damage|p1b: Tyranitar|95\/100|[from] Sandstorm\n|upkeep\n|turn|3\n|\n|t:|1726159678\n|switch|p1a: Murkrow|Murkrow, L50, M|100\/100\n|move|p2b: Whimsicott|Moonblast|p1a: Murkrow\n|-supereffective|p1a: Murkrow\n|-damage|p1a: Murkrow|42\/100\n|move|p2a: Baxcalibur|Icicle Crash|p1b: Tyranitar\n|-supereffective|p1b: Tyranitar\n|-damage|p1b: Tyranitar|4\/100\n|move|p1b: Tyranitar|Tera Blast|p2b: Whimsicott|[anim] Tera Blast Flying\n|-supereffective|p2b: Whimsicott\n|-damage|p2b: Whimsicott|0 fnt\n|faint|p2b: Whimsicott\n|\n|-weather|Sandstorm|[upkeep]\n|-damage|p1a: Murkrow|36\/100|[from] Sandstorm\n|-damage|p1b: Tyranitar|0 fnt|[from] Sandstorm\n|faint|p1b: Tyranitar\n|upkeep\n|\n|t:|1726159694\n|switch|p2b: Primarina|Primarina, L50, M|100\/100\n|switch|p1b: Garchomp|Garchomp, L50, F, shiny|100\/100\n|turn|4\n|\n|t:|1726159712\n|move|p2a: Baxcalibur|Ice Shard|p1a: Murkrow\n|-supereffective|p1a: Murkrow\n|-damage|p1a: Murkrow|0 fnt\n|faint|p1a: Murkrow\n|move|p2b: Primarina|Moonblast|p1b: Garchomp\n|-supereffective|p1b: Garchomp\n|-damage|p1b: Garchomp|3\/100\n|move|p1b: Garchomp|Earthquake|p2b: Primarina|[spread] p2a,p2b\n|-damage|p2a: Baxcalibur|0 fnt\n|-damage|p2b: Primarina|56\/100\n|faint|p2a: Baxcalibur\n|\n|-weather|Sandstorm|[upkeep]\n|-damage|p2b: Primarina|50\/100|[from] Sandstorm\n|upkeep\n|\n|t:|1726159715\n|switch|p1a: Lycanroc|Lycanroc, L50, F, shiny|1\/100\n|switch|p2a: Decidueye|Decidueye-Hisui, L50, F|100\/100\n|turn|5\n|\n|t:|1726159727\n|move|p1a: Lycanroc|Protect|p1a: Lycanroc\n|-singleturn|p1a: Lycanroc|Protect\n|move|p1b: Garchomp|Protect|p1b: Garchomp\n|-singleturn|p1b: Garchomp|Protect\n|move|p2a: Decidueye|Triple Arrows|p1a: Lycanroc\n|-activate|p1a: Lycanroc|move: Protect\n|move|p2b: Primarina|Hyper Voice|p1b: Garchomp|[spread] \n|-activate|p1a: Lycanroc|move: Protect\n|-activate|p1b: Garchomp|move: Protect\n|\n|-weather|none\n|-sideend|p2: Islaire|move: Tailwind\n|upkeep\n|turn|6\n|\n|t:|1726159735\n|move|p1a: Lycanroc|Rock Slide|p2a: Decidueye|[spread] p2a,p2b\n|-resisted|p2a: Decidueye\n|-crit|p2b: Primarina\n|-damage|p2a: Decidueye|82\/100\n|-damage|p2b: Primarina|3\/100\n|move|p1b: Garchomp|Poison Jab|p2b: Primarina\n|-supereffective|p2b: Primarina\n|-damage|p2b: Primarina|0 fnt\n|faint|p2b: Primarina\n|cant|p2a: Decidueye|flinch\n|\n|upkeep\n|turn|7\n|\n|t:|1726159742\n|move|p1a: Lycanroc|Close Combat|p2a: Decidueye\n|-damage|p2a: Decidueye|30\/100\n|-unboost|p1a: Lycanroc|def|1\n|-unboost|p1a: Lycanroc|spd|1\n|move|p1b: Garchomp|Poison Jab|p2a: Decidueye\n|-supereffective|p2a: Decidueye\n|-damage|p2a: Decidueye|0 fnt\n|faint|p2a: Decidueye\n|\n|win|bwahacough\n|raw|bwahacough's rating: 1707 &rarr; <strong>1729<\/strong><br \/>(+22 for winning)\n|raw|Islaire's rating: 1746 &rarr; <strong>1724<\/strong><br \/>(-22 for losing)\n|l| mr pogostick\n|l|\u2606Islaire\n|player|p2|\n","uploadtime":1726159884,"views":26,"formatid":"gen9vgc2024regh","rating":1724,"private":0,"password":null}