{"id":"gen9vgc2024regh-2200389160","format":"[Gen 9] VGC 2024 Reg H","players":["Vividedenne","oznerolvgc"],"log":"|j|\u2606Vividedenne\n|j|\u2606oznerolvgc\n|t:|1726181222\n|gametype|doubles\n|player|p1|Vividedenne|#npl2023|1655\n|player|p2|oznerolvgc|265|1700\n|teamsize|p1|6\n|teamsize|p2|6\n|gen|9\n|tier|[Gen 9] VGC 2024 Reg H\n|rated|\n|rule|Species Clause: Limit one of each Pok\u00e9mon\n|rule|Item Clause: Limit 1 of each item\n|clearpoke\n|poke|p1|Typhlosion-Hisui, L50, M|\n|poke|p1|Whimsicott, L50, F|\n|poke|p1|Tauros-Paldea-Aqua, L50, M|\n|poke|p1|Ursaluna-Bloodmoon, L50, M|\n|poke|p1|Kingambit, L50, F|\n|poke|p1|Maushold-Four, L50|\n|poke|p2|Pelipper, L50, F|\n|poke|p2|Archaludon, L50, M|\n|poke|p2|Basculegion, L50, M|\n|poke|p2|Salamence, L50, M|\n|poke|p2|Kingambit, L50, M|\n|poke|p2|Amoonguss, L50, F|\n|teampreview|4\n|inactive|Battle timer is ON: inactive players will automatically lose when time's up. (requested by oznerolvgc)\n|inactive|oznerolvgc has 60 seconds left.\n|\n|t:|1726181270\n|start\n|switch|p1a: Whimsicott|Whimsicott, L50, F|100\/100\n|switch|p1b: Typhlosion|Typhlosion-Hisui, L50, M|100\/100\n|switch|p2a: Pelipper|Pelipper, L50, F|100\/100\n|switch|p2b: Kingambit|Kingambit, L50, M|100\/100\n|-item|p2a: Pelipper|Focus Sash|[from] ability: Frisk|[of] p1b: Typhlosion\n|-item|p2b: Kingambit|Black Glasses|[from] ability: Frisk|[of] p1b: Typhlosion\n|-weather|RainDance|[from] ability: Drizzle|[of] p2a: Pelipper\n|turn|1\n|inactive|Vividedenne has 30 seconds left.\n|inactive|oznerolvgc has 30 seconds left.\n|\n|t:|1726181304\n|-terastallize|p1b: Typhlosion|Fire\n|-terastallize|p2b: Kingambit|Dark\n|move|p2a: Pelipper|Wide Guard|p2a: Pelipper\n|-singleturn|p2a: Pelipper|Wide Guard\n|move|p1a: Whimsicott|Sunny Day|p1a: Whimsicott\n|-weather|SunnyDay\n|move|p1b: Typhlosion|Overheat|p2b: Kingambit\n|-damage|p2b: Kingambit|0 fnt\n|-unboost|p1b: Typhlosion|spa|2\n|faint|p2b: Kingambit\n|\n|-weather|SunnyDay|[upkeep]\n|upkeep\n|\n|t:|1726181320\n|switch|p2b: Salamence|Salamence, L50, M|100\/100\n|-ability|p2b: Salamence|Intimidate|boost\n|-unboost|p1a: Whimsicott|atk|1\n|-unboost|p1b: Typhlosion|atk|1\n|turn|2\n|inactive|Vividedenne has 30 seconds left.\n|\n|t:|1726181348\n|move|p1a: Whimsicott|Moonblast|p2a: Pelipper\n|-damage|p2a: Pelipper|48\/100\n|move|p1b: Typhlosion|Overheat|p2a: Pelipper|[miss]\n|-miss|p1b: Typhlosion|p2a: Pelipper\n|move|p2b: Salamence|Tailwind|p2b: Salamence\n|-sidestart|p2: oznerolvgc|move: Tailwind\n|move|p2a: Pelipper|Weather Ball|p1a: Whimsicott\n|-supereffective|p1a: Whimsicott\n|-crit|p1a: Whimsicott\n|-damage|p1a: Whimsicott|0 fnt\n|faint|p1a: Whimsicott\n|\n|-weather|SunnyDay|[upkeep]\n|upkeep\n|\n|t:|1726181367\n|switch|p1a: Ursaluna|Ursaluna-Bloodmoon, L50, M|100\/100\n|turn|3\n|inactive|Vividedenne has 30 seconds left.\n|inactive|oznerolvgc has 30 seconds left.\n|inactive|Vividedenne has 20 seconds left.\n|inactive|oznerolvgc has 20 seconds left.\n|\n|t:|1726181405\n|switch|p1b: Kingambit|Kingambit, L50, F|100\/100\n|move|p2b: Salamence|Draco Meteor|p1b: Kingambit\n|-resisted|p1b: Kingambit\n|-damage|p1b: Kingambit|72\/100\n|-unboost|p2b: Salamence|spa|2\n|-damage|p2b: Salamence|91\/100|[from] item: Life Orb\n|move|p2a: Pelipper|Weather Ball|p1b: Kingambit\n|-supereffective|p1b: Kingambit\n|-damage|p1b: Kingambit|8\/100\n|move|p1a: Ursaluna|Earth Power|p2a: Pelipper\n|-immune|p2a: Pelipper\n|\n|-weather|SunnyDay|[upkeep]\n|upkeep\n|turn|4\n|inactive|oznerolvgc has 30 seconds left.\n|inactive|oznerolvgc has 20 seconds left.\n|\n|t:|1726181443\n|switch|p2b: Archaludon|Archaludon, L50, M|100\/100\n|move|p2a: Pelipper|Wide Guard|p2a: Pelipper\n|-singleturn|p2a: Pelipper|Wide Guard\n|move|p1b: Kingambit|Sucker Punch||[still]\n|-fail|p1b: Kingambit\n|move|p1a: Ursaluna|Hyper Voice|p2a: Pelipper|[spread] \n|-activate|p2a: Pelipper|move: Wide Guard\n|-activate|p2b: Archaludon|move: Wide Guard\n|\n|-weather|SunnyDay|[upkeep]\n|upkeep\n|turn|5\n|inactive|oznerolvgc has 30 seconds left.\n|\n|t:|1726181470\n|switch|p2a: Salamence|Salamence, L50, M|91\/100\n|-ability|p2a: Salamence|Intimidate|boost\n|-unboost|p1a: Ursaluna|atk|1\n|-unboost|p1b: Kingambit|atk|1\n|-ability|p1b: Kingambit|Defiant|boost\n|-boost|p1b: Kingambit|atk|2\n|move|p1b: Kingambit|Sucker Punch||[still]\n|-fail|p1b: Kingambit\n|move|p2b: Archaludon|Snarl|p1b: Kingambit|[spread] p1a,p1b\n|-resisted|p1b: Kingambit\n|-damage|p1a: Ursaluna|83\/100\n|-damage|p1b: Kingambit|3\/100\n|-unboost|p1a: Ursaluna|spa|1\n|-unboost|p1b: Kingambit|spa|1\n|-ability|p1b: Kingambit|Defiant|boost\n|-boost|p1b: Kingambit|atk|2\n|move|p1a: Ursaluna|Earth Power|p2b: Archaludon\n|-supereffective|p2b: Archaludon\n|-damage|p2b: Archaludon|30\/100\n|-ability|p2b: Archaludon|Stamina|boost\n|-boost|p2b: Archaludon|def|1\n|-damage|p1a: Ursaluna|73\/100|[from] item: Life Orb\n|\n|-weather|none\n|-sideend|p2: oznerolvgc|move: Tailwind\n|upkeep\n|turn|6\n|j| kas1123\n|inactive|Vividedenne has 30 seconds left.\n|inactive|oznerolvgc has 30 seconds left.\n|\n|t:|1726181500\n|switch|p2b: Pelipper|Pelipper, L50, F|48\/100\n|-weather|RainDance|[from] ability: Drizzle|[of] p2b: Pelipper\n|move|p1b: Kingambit|Sucker Punch||[still]\n|-fail|p1b: Kingambit\n|move|p2a: Salamence|Air Slash|p1b: Kingambit\n|-resisted|p1b: Kingambit\n|-damage|p1b: Kingambit|0 fnt\n|faint|p1b: Kingambit\n|-damage|p2a: Salamence|81\/100|[from] item: Life Orb\n|move|p1a: Ursaluna|Hyper Voice|p2a: Salamence|[spread] p2a,p2b\n|-damage|p2a: Salamence|42\/100\n|-damage|p2b: Pelipper|0 fnt\n|faint|p2b: Pelipper\n|-damage|p1a: Ursaluna|63\/100|[from] item: Life Orb\n|\n|-weather|RainDance|[upkeep]\n|upkeep\n|\n|t:|1726181514\n|switch|p2b: Archaludon|Archaludon, L50, M|30\/100\n|switch|p1b: Typhlosion|Typhlosion-Hisui, L50, M, tera:Fire|100\/100\n|-item|p2a: Salamence|Life Orb|[from] ability: Frisk|[of] p1b: Typhlosion\n|-item|p2b: Archaludon|Assault Vest|[from] ability: Frisk|[of] p1b: Typhlosion\n|turn|7\n|\n|t:|1726181538\n|move|p1b: Typhlosion|Shadow Ball|p2b: Archaludon\n|-damage|p2b: Archaludon|0 fnt\n|faint|p2b: Archaludon\n|move|p2a: Salamence|Draco Meteor|p1a: Ursaluna\n|-damage|p1a: Ursaluna|0 fnt\n|-unboost|p2a: Salamence|spa|2\n|faint|p1a: Ursaluna\n|-damage|p2a: Salamence|33\/100|[from] item: Life Orb\n|\n|-weather|RainDance|[upkeep]\n|upkeep\n|turn|8\n|\n|t:|1726181548\n|move|p1b: Typhlosion|Shadow Ball|p2a: Salamence\n|-damage|p2a: Salamence|0 fnt\n|faint|p2a: Salamence\n|\n|win|Vividedenne\n|raw|Vividedenne's rating: 1655 &rarr; <strong>1678<\/strong><br \/>(+23 for winning)\n|raw|oznerolvgc's rating: 1700 &rarr; <strong>1677<\/strong><br \/>(-23 for losing)\n|l|\u2606Vividedenne\n|player|p1|\n|l| kas1123\n","uploadtime":1726181694,"views":11,"formatid":"gen9vgc2024regh","rating":1677,"private":0,"password":null}