{"id":"gen9vgc2024regh-2200392877","format":"[Gen 9] VGC 2024 Reg H","players":["oznerolvgc","CarryTheBoats"],"log":"|j|\u2606oznerolvgc\n|j|\u2606CarryTheBoats\n|t:|1726181650\n|gametype|doubles\n|player|p1|oznerolvgc|265|1695\n|player|p2|CarryTheBoats|crasherwake|1672\n|teamsize|p1|6\n|teamsize|p2|6\n|gen|9\n|tier|[Gen 9] VGC 2024 Reg H\n|rated|\n|rule|Species Clause: Limit one of each Pok\u00e9mon\n|rule|Item Clause: Limit 1 of each item\n|clearpoke\n|poke|p1|Pelipper, L50, F|\n|poke|p1|Archaludon, L50, M|\n|poke|p1|Basculegion, L50, M|\n|poke|p1|Salamence, L50, M|\n|poke|p1|Kingambit, L50, M|\n|poke|p1|Amoonguss, L50, F|\n|poke|p2|Amoonguss, L50, M|\n|poke|p2|Kingambit, L50, M|\n|poke|p2|Salamence, L50, M|\n|poke|p2|Archaludon, L50, F|\n|poke|p2|Pelipper, L50, M|\n|poke|p2|Basculegion, L50, M|\n|teampreview|4\n|inactive|Battle timer is ON: inactive players will automatically lose when time's up. (requested by oznerolvgc)\n|j| kas1123\n|inactive|CarryTheBoats has 60 seconds left.\noznerolvgc rejected open team sheets.\n|l| kas1123\n|\n|t:|1726181686\n|start\n|switch|p1a: Pelipper|Pelipper, L50, F|100\/100\n|switch|p1b: Archaludon|Archaludon, L50, M|100\/100\n|switch|p2a: Salamence|Salamence, L50, M, shiny|100\/100\n|switch|p2b: Archaludon|Archaludon, L50, F|100\/100\n|-ability|p2a: Salamence|Intimidate|boost\n|-unboost|p1a: Pelipper|atk|1\n|-unboost|p1b: Archaludon|atk|1\n|-weather|RainDance|[from] ability: Drizzle|[of] p1a: Pelipper\n|turn|1\n|inactive|oznerolvgc has 30 seconds left.\n|\n|t:|1726181715\n|-terastallize|p1b: Archaludon|Grass\n|move|p2a: Salamence|Air Slash|p1a: Pelipper\n|-damage|p1a: Pelipper|34\/100\n|move|p2b: Archaludon|Electro Shot||[still]\n|-prepare|p2b: Archaludon|Electro Shot\n|-boost|p2b: Archaludon|spa|1\n|-anim|p2b: Archaludon|Electro Shot|p1a: Pelipper\n|-supereffective|p1a: Pelipper\n|-damage|p1a: Pelipper|0 fnt\n|faint|p1a: Pelipper\n|move|p1b: Archaludon|Electro Shot||[still]\n|-prepare|p1b: Archaludon|Electro Shot\n|-boost|p1b: Archaludon|spa|1\n|-anim|p1b: Archaludon|Electro Shot|p2a: Salamence\n|-damage|p2a: Salamence|23\/100\n|\n|-weather|RainDance|[upkeep]\n|upkeep\n|\n|t:|1726181737\n|switch|p1a: Basculegion|Basculegion, L50, M|100\/100\n|turn|2\n|\n|t:|1726181746\n|move|p1a: Basculegion|Flip Turn|p2a: Salamence\n|-resisted|p2a: Salamence\n|-damage|p2a: Salamence|0 fnt\n|faint|p2a: Salamence\n|\n|t:|1726181749\n|switch|p1a: Salamence|Salamence, L50, M|100\/100|[from] Flip Turn\n|-ability|p1a: Salamence|Intimidate|boost\n|-unboost|p2b: Archaludon|atk|1\n|move|p2b: Archaludon|Electro Shot||[still]\n|-prepare|p2b: Archaludon|Electro Shot\n|-boost|p2b: Archaludon|spa|1\n|-anim|p2b: Archaludon|Electro Shot|p1a: Salamence\n|-damage|p1a: Salamence|0 fnt\n|faint|p1a: Salamence\n|move|p1b: Archaludon|Dragon Pulse|p2b: Archaludon\n|-damage|p2b: Archaludon|9\/100\n|\n|-weather|RainDance|[upkeep]\n|upkeep\n|\n|t:|1726181763\n|switch|p2a: Kingambit|Kingambit, L50, M, shiny|100\/100\n|switch|p1a: Basculegion|Basculegion, L50, M|100\/100\n|turn|3\n|inactive|oznerolvgc has 30 seconds left.\n|\n|t:|1726181789\n|-terastallize|p2a: Kingambit|Fairy\n|move|p2b: Archaludon|Protect|p2b: Archaludon\n|-singleturn|p2b: Archaludon|Protect\n|move|p1a: Basculegion|Aqua Jet|p2b: Archaludon\n|-activate|p2b: Archaludon|move: Protect\n|move|p1b: Archaludon|Electro Shot||[still]\n|-prepare|p1b: Archaludon|Electro Shot\n|-boost|p1b: Archaludon|spa|1\n|-anim|p1b: Archaludon|Electro Shot|p2a: Kingambit\n|-damage|p2a: Kingambit|47\/100\n|move|p2a: Kingambit|Kowtow Cleave|p1a: Basculegion\n|-supereffective|p1a: Basculegion\n|-damage|p1a: Basculegion|0 fnt\n|faint|p1a: Basculegion\n|\n|-weather|RainDance|[upkeep]\n|upkeep\n|turn|4\n|inactive|oznerolvgc has 30 seconds left.\n|\n|t:|1726181815\n|move|p2b: Archaludon|Dragon Pulse|p1b: Archaludon\n|-damage|p1b: Archaludon|36\/100\n|-ability|p1b: Archaludon|Stamina|boost\n|-boost|p1b: Archaludon|def|1\n|move|p1b: Archaludon|Electro Shot||[still]\n|-prepare|p1b: Archaludon|Electro Shot\n|-boost|p1b: Archaludon|spa|1\n|-anim|p1b: Archaludon|Electro Shot|p2b: Archaludon\n|-resisted|p2b: Archaludon\n|-damage|p2b: Archaludon|0 fnt\n|faint|p2b: Archaludon\n|move|p2a: Kingambit|Tera Blast|p1b: Archaludon|[anim] Tera Blast Fairy\n|-damage|p1b: Archaludon|14\/100\n|-ability|p1b: Archaludon|Stamina|boost\n|-boost|p1b: Archaludon|def|1\n|\n|-weather|RainDance|[upkeep]\n|upkeep\n|\n|t:|1726181818\n|switch|p2b: Basculegion|Basculegion, L50, M|100\/100\n|turn|5\n|\n|t:|1726181826\n|move|p2a: Kingambit|Sucker Punch|p1b: Archaludon\n|-damage|p1b: Archaludon|1\/100\n|-ability|p1b: Archaludon|Stamina|boost\n|-boost|p1b: Archaludon|def|1\n|move|p2b: Basculegion|Last Respects|p1b: Archaludon\n|-crit|p1b: Archaludon\n|-damage|p1b: Archaludon|0 fnt\n|faint|p1b: Archaludon\n|\n|win|CarryTheBoats\n|raw|oznerolvgc's rating: 1695 &rarr; <strong>1674<\/strong><br \/>(-21 for losing)\n|raw|CarryTheBoats's rating: 1672 &rarr; <strong>1693<\/strong><br \/>(+21 for winning)\n|l|\u2606CarryTheBoats\n|player|p2|\n|j|\u2606CarryTheBoats\n|player|p2|CarryTheBoats|crasherwake|\n|l|\u2606CarryTheBoats\n|player|p2|\n|j|\u2606CarryTheBoats\n|player|p2|CarryTheBoats|crasherwake|\n|l|\u2606CarryTheBoats\n|player|p2|\n","uploadtime":1726181831,"views":22,"formatid":"gen9vgc2024regh","rating":1674,"private":0,"password":null}