{"id":"gen9vgc2024regh-2200371681","format":"[Gen 9] VGC 2024 Reg H","players":["oznerolvgc","bwahacough"],"log":"|j|\u2606oznerolvgc\n|j|\u2606bwahacough\n|t:|1726179227\n|gametype|doubles\n|player|p1|oznerolvgc|265|1637\n|player|p2|bwahacough|medium|1766\n|teamsize|p1|6\n|teamsize|p2|6\n|gen|9\n|tier|[Gen 9] VGC 2024 Reg H\n|rated|\n|rule|Species Clause: Limit one of each Pok\u00e9mon\n|rule|Item Clause: Limit 1 of each item\n|clearpoke\n|poke|p1|Pelipper, L50, M|\n|poke|p1|Archaludon, L50, M|\n|poke|p1|Basculegion, L50, M|\n|poke|p1|Salamence, L50, M|\n|poke|p1|Kingambit, L50, M|\n|poke|p1|Amoonguss, L50, M|\n|poke|p2|Lycanroc, L50, F|\n|poke|p2|Tyranitar, L50, M|\n|poke|p2|Indeedee-F, L50, F|\n|poke|p2|Murkrow, L50, M|\n|poke|p2|Garchomp, L50, M|\n|poke|p2|Gholdengo, L50|\n|teampreview|4\n|inactive|Battle timer is ON: inactive players will automatically lose when time's up. (requested by oznerolvgc)\n|j| practice bee\nbwahacough has agreed to open team sheets.\n|j| Andy8105\n|j| mr pogostick\n|inactive|oznerolvgc has 60 seconds left.\n|\n|t:|1726179258\n|start\n|switch|p1a: Salamence|Salamence, L50, M|100\/100\n|switch|p1b: Archaludon|Archaludon, L50, M|100\/100\n|switch|p2a: Lycanroc|Lycanroc, L50, F, shiny|100\/100\n|switch|p2b: Indeedee|Indeedee-F, L50, F, shiny|100\/100\n|-ability|p1a: Salamence|Intimidate|boost\n|-unboost|p2a: Lycanroc|atk|1\n|-unboost|p2b: Indeedee|atk|1\n|-fieldstart|move: Psychic Terrain|[from] ability: Psychic Surge|[of] p2b: Indeedee\n|turn|1\n|\n|t:|1726179281\n|-terastallize|p2a: Lycanroc|Fighting\n|-terastallize|p1b: Archaludon|Grass\n|move|p2b: Indeedee|Helping Hand|p2a: Lycanroc\n|-singleturn|p2a: Lycanroc|Helping Hand|[of] p2b: Indeedee\n|move|p2a: Lycanroc|Close Combat|p1b: Archaludon\n|-damage|p1b: Archaludon|52\/100\n|-unboost|p2a: Lycanroc|def|1\n|-unboost|p2a: Lycanroc|spd|1\n|-ability|p1b: Archaludon|Stamina|boost\n|-boost|p1b: Archaludon|def|1\n|move|p1a: Salamence|Draco Meteor|p2a: Lycanroc\n|-enditem|p2a: Lycanroc|Focus Sash\n|-damage|p2a: Lycanroc|1\/100\n|-unboost|p1a: Salamence|spa|2\n|-damage|p1a: Salamence|91\/100|[from] item: Life Orb\n|move|p1b: Archaludon|Dragon Pulse|p2a: Lycanroc\n|-damage|p2a: Lycanroc|0 fnt\n|faint|p2a: Lycanroc\n|\n|upkeep\n|\n|t:|1726179301\n|switch|p2a: Gholdengo|Gholdengo, L50|100\/100\n|turn|2\n|\n|t:|1726179324\n|move|p1a: Salamence|Tailwind|p1a: Salamence\n|-sidestart|p1: oznerolvgc|move: Tailwind\n|move|p1b: Archaludon|Snarl|p2a: Gholdengo|[spread] p2a,p2b\n|-supereffective|p2a: Gholdengo\n|-supereffective|p2b: Indeedee\n|-damage|p2a: Gholdengo|75\/100\n|-damage|p2b: Indeedee|77\/100\n|-unboost|p2a: Gholdengo|spa|1\n|-unboost|p2b: Indeedee|spa|1\n|move|p2a: Gholdengo|Make It Rain|p1b: Archaludon|[spread] p1a,p1b\n|-damage|p1a: Salamence|36\/100\n|-damage|p1b: Archaludon|19\/100\n|-unboost|p2a: Gholdengo|spa|1\n|-ability|p1b: Archaludon|Stamina|boost\n|-boost|p1b: Archaludon|def|1\n|-damage|p2a: Gholdengo|65\/100|[from] item: Life Orb\n|move|p2b: Indeedee|Psychic|p1a: Salamence\n|-damage|p1a: Salamence|8\/100\n|\n|upkeep\n|turn|3\n|j| kas1123\n|inactive|oznerolvgc has 30 seconds left.\n|\n|t:|1726179352\n|move|p1a: Salamence|Draco Meteor|p2b: Indeedee\n|-damage|p2b: Indeedee|37\/100\n|-unboost|p1a: Salamence|spa|2\n|-damage|p1a: Salamence|0 fnt|[from] item: Life Orb\n|faint|p1a: Salamence\n|move|p1b: Archaludon|Snarl|p2b: Indeedee|[spread] p2a,p2b\n|-supereffective|p2a: Gholdengo\n|-supereffective|p2b: Indeedee\n|-damage|p2a: Gholdengo|38\/100\n|-damage|p2b: Indeedee|12\/100\n|-unboost|p2a: Gholdengo|spa|1\n|-unboost|p2b: Indeedee|spa|1\n|move|p2a: Gholdengo|Nasty Plot|p2a: Gholdengo\n|-boost|p2a: Gholdengo|spa|2\n|move|p2b: Indeedee|Psychic|p1b: Archaludon\n|-damage|p1b: Archaludon|5\/100\n|-ability|p1b: Archaludon|Stamina|boost\n|-boost|p1b: Archaludon|def|1\n|\n|upkeep\n|\n|t:|1726179374\n|switch|p1a: Basculegion|Basculegion, L50, M|100\/100\n|turn|4\n|\n|t:|1726179383\n|move|p2a: Gholdengo|Protect|p2a: Gholdengo\n|-singleturn|p2a: Gholdengo|Protect\n|move|p2b: Indeedee|Protect|p2b: Indeedee\n|-singleturn|p2b: Indeedee|Protect\n|move|p1b: Archaludon|Snarl|p2a: Gholdengo|[spread] \n|-activate|p2a: Gholdengo|move: Protect\n|-activate|p2b: Indeedee|move: Protect\n|move|p1a: Basculegion|Wave Crash|p2b: Indeedee\n|-activate|p2b: Indeedee|move: Protect\n|\n|upkeep\n|turn|5\n|\n|t:|1726179397\n|switch|p2a: Tyranitar|Tyranitar, L50, M|100\/100\n|-weather|Sandstorm|[from] ability: Sand Stream|[of] p2a: Tyranitar\n|move|p2b: Indeedee|Protect||[still]\n|-fail|p2b: Indeedee\n|move|p1b: Archaludon|Snarl|p2b: Indeedee|[spread] p2a\n|-miss|p1b: Archaludon|p2b: Indeedee\n|-resisted|p2a: Tyranitar\n|-damage|p2a: Tyranitar|98\/100\n|-unboost|p2a: Tyranitar|spa|1\n|move|p1a: Basculegion|Wave Crash|p2a: Tyranitar\n|-supereffective|p2a: Tyranitar\n|-damage|p2a: Tyranitar|0 fnt\n|faint|p2a: Tyranitar\n|-damage|p1a: Basculegion|70\/100|[from] Recoil\n|\n|-weather|Sandstorm|[upkeep]\n|-damage|p1b: Archaludon|0 fnt|[from] Sandstorm\n|-damage|p1a: Basculegion|64\/100|[from] Sandstorm\n|faint|p1b: Archaludon\n|-sideend|p1: oznerolvgc|move: Tailwind\n|-fieldend|move: Psychic Terrain\n|upkeep\n|\n|t:|1726179413\n|switch|p1b: Pelipper|Pelipper, L50, M|100\/100\n|switch|p2a: Gholdengo|Gholdengo, L50|38\/100\n|-weather|RainDance|[from] ability: Drizzle|[of] p1b: Pelipper\n|turn|6\n|\n|t:|1726179421\n|move|p2b: Indeedee|Follow Me|p2b: Indeedee\n|-singleturn|p2b: Indeedee|move: Follow Me\n|move|p1a: Basculegion|Wave Crash|p2b: Indeedee\n|-damage|p2b: Indeedee|0 fnt\n|faint|p2b: Indeedee\n|-damage|p1a: Basculegion|61\/100|[from] Recoil\n|move|p2a: Gholdengo|Shadow Ball|p1a: Basculegion\n|-supereffective|p1a: Basculegion\n|-damage|p1a: Basculegion|0 fnt\n|faint|p1a: Basculegion\n|-damage|p2a: Gholdengo|29\/100|[from] item: Life Orb\n|move|p1b: Pelipper|Weather Ball|p2a: Gholdengo\n|-damage|p2a: Gholdengo|0 fnt\n|faint|p2a: Gholdengo\n|\n|win|oznerolvgc\n|raw|oznerolvgc's rating: 1637 &rarr; <strong>1665<\/strong><br \/>(+28 for winning)\n|raw|bwahacough's rating: 1780 &rarr; <strong>1752<\/strong><br \/>(-28 for losing)\n|l|\u2606bwahacough\n|player|p2|\n|l| Andy8105\n|l| mr pogostick\n","uploadtime":1726179605,"views":14,"formatid":"gen9vgc2024regh","rating":1665,"private":0,"password":null}