{"id":"gen9vgc2024regh-2200780661","format":"[Gen 9] VGC 2024 Reg H","players":["Phononmode","Super Crist"],"log":"|j|\u2606Phononmode\n|j|\u203dSuper Crist\n|t:|1726235604\n|gametype|doubles\n|player|p1|Phononmode|266|1726\n|player|p2|Super Crist|sabrina|1730\n|teamsize|p1|6\n|teamsize|p2|6\n|gen|9\n|tier|[Gen 9] VGC 2024 Reg H\n|rated|\n|rule|Species Clause: Limit one of each Pok\u00e9mon\n|rule|Item Clause: Limit 1 of each item\n|clearpoke\n|poke|p1|Pawmot, L50, F|\n|poke|p1|Dondozo, L50, F|\n|poke|p1|Tatsugiri, L50, M|\n|poke|p1|Dragapult, L50, M|\n|poke|p1|Weezing, L50, M|\n|poke|p1|Incineroar, L50, F|\n|poke|p2|Tyranitar, L50, M|\n|poke|p2|Amoonguss, L50, M|\n|poke|p2|Incineroar, L50, M|\n|poke|p2|Gholdengo, L50|\n|poke|p2|Porygon2, L50|\n|poke|p2|Ursaluna, L50, M|\n|teampreview|4\n|inactive|Battle timer is ON: inactive players will automatically lose when time's up. (requested by Super Crist)\nPhononmode has agreed to open team sheets.\n|j| SMOOOORC\n|j| Therazer456\n|inactive|Super Crist has 60 seconds left.\n|\n|t:|1726235651\n|start\n|switch|p1a: Wee-o-miss|Weezing, L50, M|100\/100\n|switch|p1b: Incineroar|Incineroar, L50, F|100\/100\n|switch|p2a: Gholdengo|Gholdengo, L50, shiny|100\/100\n|switch|p2b: Incineroar|Incineroar, L50, M, shiny|100\/100\n|-ability|p1a: Wee-o-miss|Neutralizing Gas\n|-block|p1b: Incineroar|item: Ability Shield\n|-ability|p1b: Incineroar|Intimidate|boost\n|-unboost|p2a: Gholdengo|atk|1\n|-unboost|p2b: Incineroar|atk|1\n|turn|1\n|j| workinvgctest\n|\n|t:|1726235674\n|move|p2b: Incineroar|Fake Out|p1b: Incineroar\n|-damage|p1b: Incineroar|93\/100\n|move|p2a: Gholdengo|Nasty Plot|p2a: Gholdengo\n|-boost|p2a: Gholdengo|spa|2\n|cant|p1b: Incineroar|flinch\n|move|p1a: Wee-o-miss|Sludge Bomb|p2b: Incineroar\n|-damage|p2b: Incineroar|75\/100\n|\n|upkeep\n|turn|2\n|\n|t:|1726235696\n|-terastallize|p2a: Gholdengo|Dragon\n|move|p2a: Gholdengo|Nasty Plot|p2a: Gholdengo\n|-boost|p2a: Gholdengo|spa|2\n|move|p1b: Incineroar|Flare Blitz|p2b: Incineroar\n|-resisted|p2b: Incineroar\n|-damage|p2b: Incineroar|52\/100\n|-damage|p1b: Incineroar|84\/100|[from] Recoil\n|move|p2b: Incineroar|Parting Shot|p1b: Incineroar\n|-unboost|p1b: Incineroar|atk|1\n|-unboost|p1b: Incineroar|spa|1\n|\n|t:|1726235716\n|switch|p2b: Amoonguss|Amoonguss, L50, M, shiny|100\/100|[from] Parting Shot\n|move|p1a: Wee-o-miss|Sludge Bomb|p2b: Amoonguss\n|-damage|p2b: Amoonguss|74\/100\n|\n|upkeep\n|turn|3\n|j| thejruth3\n|inactive|Super Crist has 30 seconds left.\n|\n|t:|1726235746\n|switch|p2b: Incineroar|Incineroar, L50, M, shiny|52\/100\n|move|p1a: Wee-o-miss|Protect|p1a: Wee-o-miss\n|-singleturn|p1a: Wee-o-miss|Protect\n|move|p2a: Gholdengo|Make It Rain|p1b: Incineroar|[spread] p1b\n|-activate|p1a: Wee-o-miss|move: Protect\n|-resisted|p1b: Incineroar\n|-damage|p1b: Incineroar|19\/100\n|-unboost|p2a: Gholdengo|spa|1\n|move|p1b: Incineroar|Flare Blitz|p2b: Incineroar\n|-resisted|p2b: Incineroar\n|-damage|p2b: Incineroar|36\/100\n|-damage|p1b: Incineroar|13\/100|[from] Recoil\n|\n|upkeep\n|turn|4\n|\n|t:|1726235766\n|switch|p1b: Dondozo|Dondozo, L50, F|100\/100\n|switch|p2b: Porygon2|Porygon2, L50, shiny|100\/100\n|-end|p1a: Wee-o-miss|ability: Neutralizing Gas\n|-ability|p2b: Porygon2|Download|boost\n|-boost|p2b: Porygon2|spa|1\n|switch|p1a: Tatsugiri|Tatsugiri, L50, M|100\/100\n|-activate|p1a: Tatsugiri|ability: Commander|[of] p1b: Dondozo\n|-boost|p1b: Dondozo|atk|2\n|-boost|p1b: Dondozo|spa|2\n|-boost|p1b: Dondozo|spe|2\n|-boost|p1b: Dondozo|def|2\n|-boost|p1b: Dondozo|spd|2\n|move|p2a: Gholdengo|Make It Rain|p1b: Dondozo|[spread] p1b\n|-miss|p2a: Gholdengo|p1a: Tatsugiri\n|-resisted|p1b: Dondozo\n|-damage|p1b: Dondozo|90\/100\n|-unboost|p2a: Gholdengo|spa|1\n|\n|-heal|p1b: Dondozo|96\/100|[from] item: Leftovers\n|upkeep\n|turn|5\n|\n|t:|1726235787\n|switch|p2a: Amoonguss|Amoonguss, L50, M, shiny|74\/100\n|move|p1b: Dondozo|Order Up|p2b: Porygon2\n|-damage|p2b: Porygon2|74\/100\n|-boost|p1b: Dondozo|atk|1\n|move|p2b: Porygon2|Trick Room|p2b: Porygon2\n|-fieldstart|move: Trick Room|[of] p2b: Porygon2\n|\n|-heal|p1b: Dondozo|100\/100|[from] item: Leftovers\n|upkeep\n|turn|6\n|\n|t:|1726235798\n|move|p1b: Dondozo|Protect|p1b: Dondozo\n|-singleturn|p1b: Dondozo|Protect\n|move|p2a: Amoonguss|Clear Smog|p1b: Dondozo\n|-activate|p1b: Dondozo|move: Protect\n|move|p2b: Porygon2|Tera Blast|p1b: Dondozo\n|-activate|p1b: Dondozo|move: Protect\n|\n|upkeep\n|turn|7\n|j| stewpeed\n|\n|t:|1726235807\n|move|p2a: Amoonguss|Clear Smog|p1b: Dondozo\n|-damage|p1b: Dondozo|93\/100\n|-clearboost|p1b: Dondozo\n|move|p2b: Porygon2|Tera Blast|p1b: Dondozo\n|-damage|p1b: Dondozo|64\/100\n|move|p1b: Dondozo|Fissure|p2a: Amoonguss|[miss]\n|-miss|p1b: Dondozo|p2a: Amoonguss\n|\n|-heal|p1b: Dondozo|70\/100|[from] item: Leftovers\n|upkeep\n|turn|8\n|\n|t:|1726235820\n|move|p2a: Amoonguss|Spore|p1b: Dondozo\n|-status|p1b: Dondozo|slp|[from] move: Spore\n|move|p2b: Porygon2|Tera Blast|p1b: Dondozo\n|-damage|p1b: Dondozo|36\/100 slp\n|cant|p1b: Dondozo|slp\n|\n|-heal|p1b: Dondozo|43\/100 slp|[from] item: Leftovers\n|upkeep\n|turn|9\n|inactive|Super Crist has 30 seconds left.\n|\n|t:|1726235847\n|switch|p2b: Incineroar|Incineroar, L50, M, shiny|36\/100\n|-ability|p2b: Incineroar|Intimidate|boost\n|-unboost|p1a: Tatsugiri|atk|1\n|-unboost|p1b: Dondozo|atk|1\n|move|p2a: Amoonguss|Pollen Puff|p2b: Incineroar\n|-heal|p2b: Incineroar|86\/100\n|cant|p1b: Dondozo|slp\n|\n|-heal|p1b: Dondozo|49\/100 slp|[from] item: Leftovers\n|-fieldend|move: Trick Room\n|upkeep\n|turn|10\n|\n|t:|1726235861\n|switch|p2a: Porygon2|Porygon2, L50, shiny|74\/100\n|-ability|p2a: Porygon2|Download|boost\n|-boost|p2a: Porygon2|atk|1\n|cant|p1b: Dondozo|slp\n|move|p2b: Incineroar|Fake Out|p1b: Dondozo\n|-damage|p1b: Dondozo|41\/100 slp\n|\n|-heal|p1b: Dondozo|47\/100 slp|[from] item: Leftovers\n|upkeep\n|turn|11\n|\n|t:|1726235869\n|move|p2b: Incineroar|Parting Shot|p1b: Dondozo\n|-unboost|p1b: Dondozo|atk|1\n|-unboost|p1b: Dondozo|spa|1\n|\n|t:|1726235872\n|switch|p2b: Amoonguss|Amoonguss, L50, M, shiny|100\/100|[from] Parting Shot\n|-curestatus|p1b: Dondozo|slp|[msg]\n|move|p1b: Dondozo|Fissure|p2a: Porygon2|[miss]\n|-miss|p1b: Dondozo|p2a: Porygon2\n|move|p2a: Porygon2|Trick Room|p2a: Porygon2\n|-fieldstart|move: Trick Room|[of] p2a: Porygon2\n|\n|-heal|p1b: Dondozo|53\/100|[from] item: Leftovers\n|upkeep\n|turn|12\n|\n|t:|1726235882\n|switch|p2a: Gholdengo|Gholdengo, L50, shiny, tera:Dragon|100\/100\n|move|p1b: Dondozo|Protect|p1b: Dondozo\n|-singleturn|p1b: Dondozo|Protect\n|move|p2b: Amoonguss|Spore|p1b: Dondozo\n|-activate|p1b: Dondozo|move: Protect\n|\n|-heal|p1b: Dondozo|59\/100|[from] item: Leftovers\n|upkeep\n|turn|13\n|\n|t:|1726235890\n|-terastallize|p1b: Dondozo|Grass\n|move|p2b: Amoonguss|Spore|p1b: Dondozo\n|-immune|p1b: Dondozo\n|move|p1b: Dondozo|Fissure|p2a: Gholdengo|[miss]\n|-miss|p1b: Dondozo|p2a: Gholdengo\n|move|p2a: Gholdengo|Nasty Plot|p2a: Gholdengo\n|-boost|p2a: Gholdengo|spa|2\n|\n|-heal|p1b: Dondozo|66\/100|[from] item: Leftovers\n|upkeep\n|turn|14\n|\n|t:|1726235902\n|move|p2b: Amoonguss|Pollen Puff|p1b: Dondozo\n|-supereffective|p1b: Dondozo\n|-damage|p1b: Dondozo|32\/100\n|move|p1b: Dondozo|Fissure|p2a: Gholdengo|[miss]\n|-miss|p1b: Dondozo|p2a: Gholdengo\n|move|p2a: Gholdengo|Shadow Ball|p1b: Dondozo\n|-damage|p1b: Dondozo|0 fnt\n|faint|p1b: Dondozo\n|\n|upkeep\n|\n|t:|1726235909\n|switch|p1b: Incineroar|Incineroar, L50, F|13\/100\n|-ability|p1b: Incineroar|Intimidate|boost\n|-unboost|p2a: Gholdengo|atk|1\n|-unboost|p2b: Amoonguss|atk|1\n|turn|15\n|\n|t:|1726235924\n|move|p2b: Amoonguss|Spore|p1a: Tatsugiri\n|-status|p1a: Tatsugiri|slp|[from] move: Spore\n|move|p1b: Incineroar|Flare Blitz|p2b: Amoonguss\n|-supereffective|p2b: Amoonguss\n|-damage|p2b: Amoonguss|4\/100\n|-enditem|p2b: Amoonguss|Sitrus Berry|[eat]\n|-heal|p2b: Amoonguss|28\/100|[from] item: Sitrus Berry\n|-damage|p1b: Incineroar|0 fnt|[from] Recoil\n|faint|p1b: Incineroar\n|move|p2a: Gholdengo|Make It Rain|p1a: Tatsugiri\n|-resisted|p1a: Tatsugiri\n|-damage|p1a: Tatsugiri|22\/100 slp\n|-unboost|p2a: Gholdengo|spa|1\n|cant|p1a: Tatsugiri|slp\n|\n|-fieldend|move: Trick Room\n|upkeep\n|\n|t:|1726235934\n|switch|p1b: Wee-o-miss|Weezing, L50, M|100\/100\n|-ability|p1b: Wee-o-miss|Neutralizing Gas\n|turn|16\n|\n|t:|1726235945\n|switch|p2b: Incineroar|Incineroar, L50, M, shiny|86\/100\n|-curestatus|p1a: Tatsugiri|slp|[msg]\n|move|p1a: Tatsugiri|Muddy Water|p2b: Incineroar|[spread] p2a,p2b\n|-resisted|p2a: Gholdengo\n|-supereffective|p2b: Incineroar\n|-damage|p2a: Gholdengo|82\/100\n|-damage|p2b: Incineroar|25\/100\n|move|p2a: Gholdengo|Make It Rain|p1a: Tatsugiri|[spread] p1a,p1b\n|-resisted|p1a: Tatsugiri\n|-damage|p1a: Tatsugiri|0 fnt\n|-damage|p1b: Wee-o-miss|39\/100\n|-unboost|p2a: Gholdengo|spa|1\n|-enditem|p1b: Wee-o-miss|Sitrus Berry|[eat]\n|-heal|p1b: Wee-o-miss|64\/100|[from] item: Sitrus Berry\n|faint|p1a: Tatsugiri\n|move|p1b: Wee-o-miss|Sludge Bomb|p2a: Gholdengo\n|-damage|p2a: Gholdengo|55\/100\n|\n|-heal|p2a: Gholdengo|61\/100|[from] item: Leftovers\n|upkeep\n|turn|17\n|-message|Phononmode forfeited.\n|\n|win|Super Crist\n|raw|Phononmode's rating: 1726 &rarr; <strong>1706<\/strong><br \/>(-20 for losing)\n|raw|Super Crist's rating: 1730 &rarr; <strong>1750<\/strong><br \/>(+20 for winning)\n|l|\u2606Phononmode\n|player|p1|\n|l| stewpeed\n|l| thejruth3\n|l|\u203dSuper Crist\n|player|p2|\n","uploadtime":1726236182,"views":31,"formatid":"gen9vgc2024regh","rating":1706,"private":0,"password":null}