{"id":"gen9vgc2024regh-2200017190","format":"[Gen 9] VGC 2024 Reg H","players":["chin8","bieiup"],"log":"|j|\u2606chin8\n|j|\u2606bieiup\n|t:|1726146804\n|gametype|doubles\n|player|p1|chin8|gentleman-gen4dp|1746\n|player|p2|bieiup|lillie-z|1699\n|teamsize|p1|6\n|teamsize|p2|6\n|gen|9\n|tier|[Gen 9] VGC 2024 Reg H\n|rated|\n|rule|Species Clause: Limit one of each Pok\u00e9mon\n|rule|Item Clause: Limit 1 of each item\n|clearpoke\n|poke|p1|Baxcalibur, L50, M|\n|poke|p1|Kilowattrel, L50, M|\n|poke|p1|Haxorus, L50, M|\n|poke|p1|Gardevoir, L50, M|\n|poke|p1|Magmortar, L50, M|\n|poke|p1|Gholdengo, L50|\n|poke|p2|Sableye, L50, M|\n|poke|p2|Dondozo, L50, F|\n|poke|p2|Sylveon, L50, M|\n|poke|p2|Dragonite, L50, F|\n|poke|p2|Gholdengo, L50|\n|poke|p2|Ursaluna-Bloodmoon, L50, M|\n|teampreview|4\n|inactive|Battle timer is ON: inactive players will automatically lose when time's up. (requested by bieiup)\n|\n|t:|1726146839\n|start\n|switch|p1a: Kilowattrel|Kilowattrel, L50, M|100\/100\n|switch|p1b: Baxcalibur|Baxcalibur, L50, M|100\/100\n|switch|p2a: Sableye|Sableye, L50, M|100\/100\n|switch|p2b: Sylveon|Sylveon, L50, M|100\/100\n|turn|1\n|\n|t:|1726146848\n|-terastallize|p1b: Baxcalibur|Ground\n|move|p2a: Sableye|Fake Out|p1b: Baxcalibur\n|-damage|p1b: Baxcalibur|93\/100\n|move|p1a: Kilowattrel|Thunderbolt|p2b: Sylveon\n|-damage|p2b: Sylveon|71\/100\n|-status|p2b: Sylveon|par\n|cant|p1b: Baxcalibur|flinch\n|move|p2b: Sylveon|Hyper Voice|p1a: Kilowattrel|[spread] p1a,p1b\n|-damage|p1a: Kilowattrel|27\/100\n|-damage|p1b: Baxcalibur|71\/100\n|-enditem|p2b: Sylveon|Throat Spray\n|-boost|p2b: Sylveon|spa|1|[from] item: Throat Spray\n|\n|upkeep\n|turn|2\n|\n|t:|1726146864\n|move|p1a: Kilowattrel|Protect|p1a: Kilowattrel\n|-singleturn|p1a: Kilowattrel|Protect\n|move|p2a: Sableye|Encore|p2b: Sylveon\n|-start|p2b: Sylveon|Encore\n|move|p2b: Sylveon|Hyper Voice|p1a: Kilowattrel|[spread] p1b\n|-activate|p1a: Kilowattrel|move: Protect\n|-damage|p1b: Baxcalibur|40\/100\n|move|p1b: Baxcalibur|Earthquake|p2b: Sylveon|[spread] p2a,p2b\n|-activate|p1a: Kilowattrel|move: Protect\n|-damage|p2a: Sableye|39\/100\n|-damage|p2b: Sylveon|15\/100 par\n|\n|upkeep\n|turn|3\n|\n|t:|1726146873\n|move|p2a: Sableye|Encore|p1a: Kilowattrel\n|-start|p1a: Kilowattrel|Encore\n|move|p1b: Baxcalibur|Ice Shard|p2b: Sylveon\n|-crit|p2b: Sylveon\n|-damage|p2b: Sylveon|0 fnt\n|faint|p2b: Sylveon\n|move|p1a: Kilowattrel|Protect||[still]\n|-fail|p1a: Kilowattrel\n|\n|upkeep\n|\n|t:|1726146878\n|switch|p2b: Dragonite|Dragonite, L50, F|100\/100\n|turn|4\n|j| maplezzz\n|\n|t:|1726146899\n|switch|p1a: Magmortar|Magmortar, L50, M|100\/100\n|-terastallize|p2b: Dragonite|Dark\n|move|p2b: Dragonite|Extreme Speed|p1a: Magmortar\n|-damage|p1a: Magmortar|68\/100\n|move|p2a: Sableye|Light Screen|p2a: Sableye\n|-sidestart|p2: bieiup|move: Light Screen\n|move|p1b: Baxcalibur|Ice Shard|p2b: Dragonite\n|-damage|p2b: Dragonite|88\/100\n|\n|upkeep\n|turn|5\n|\n|t:|1726146909\n|move|p1a: Magmortar|Follow Me|p1a: Magmortar\n|-singleturn|p1a: Magmortar|move: Follow Me\n|move|p2a: Sableye|Encore|p1a: Magmortar\n|-start|p1a: Magmortar|Encore\n|move|p1b: Baxcalibur|Icicle Crash|p2b: Dragonite\n|-damage|p2b: Dragonite|41\/100\n|move|p2b: Dragonite|Earthquake|p1b: Baxcalibur|[spread] p2a,p1a,p1b\n|-supereffective|p1a: Magmortar\n|-damage|p2a: Sableye|0 fnt\n|-damage|p1a: Magmortar|4\/100\n|-damage|p1b: Baxcalibur|15\/100\n|-enditem|p1a: Magmortar|Sitrus Berry|[eat]\n|-heal|p1a: Magmortar|29\/100|[from] item: Sitrus Berry\n|faint|p2a: Sableye\n|\n|upkeep\n|\n|t:|1726146911\n|switch|p2a: Dondozo|Dondozo, L50, F|100\/100\n|turn|6\n|\n|t:|1726146925\n|move|p1a: Magmortar|Follow Me|p1a: Magmortar\n|-singleturn|p1a: Magmortar|move: Follow Me\n|move|p2b: Dragonite|Extreme Speed|p1a: Magmortar\n|-damage|p1a: Magmortar|0 fnt\n|faint|p1a: Magmortar\n|move|p1b: Baxcalibur|Glaive Rush|p2b: Dragonite\n|-damage|p2b: Dragonite|0 fnt\n|-singlemove|p1b: Baxcalibur|Glaive Rush|[silent]\n|faint|p2b: Dragonite\n|move|p2a: Dondozo|Fissure|p1b: Baxcalibur\n|-damage|p1b: Baxcalibur|0 fnt\n|faint|p1b: Baxcalibur\n|-ohko\n|\n|upkeep\n|\n|t:|1726146927\n|switch|p1b: Kilowattrel|Kilowattrel, L50, M|27\/100\n|switch|p1a: Gholdengo|Gholdengo, L50|100\/100\n|turn|7\n|\n|t:|1726146938\n|move|p1b: Kilowattrel|Protect|p1b: Kilowattrel\n|-singleturn|p1b: Kilowattrel|Protect\n|move|p1a: Gholdengo|Protect|p1a: Gholdengo\n|-singleturn|p1a: Gholdengo|Protect\n|move|p2a: Dondozo|Earthquake|p1b: Kilowattrel|[spread] \n|-activate|p1a: Gholdengo|move: Protect\n|-activate|p1b: Kilowattrel|move: Protect\n|\n|upkeep\n|turn|8\n|\n|t:|1726146949\n|move|p1b: Kilowattrel|Thunderbolt|p2a: Dondozo\n|-supereffective|p2a: Dondozo\n|-damage|p2a: Dondozo|62\/100\n|move|p1a: Gholdengo|Shadow Ball|p2a: Dondozo\n|-damage|p2a: Dondozo|42\/100\n|move|p2a: Dondozo|Fissure|p1a: Gholdengo|[miss]\n|-miss|p2a: Dondozo|p1a: Gholdengo\n|\n|-sideend|p2: bieiup|move: Light Screen\n|upkeep\n|turn|9\n|-message|bieiup forfeited.\n|\n|win|chin8\n|raw|chin8's rating: 1746 &rarr; <strong>1763<\/strong><br \/>(+17 for winning)\n|raw|bieiup's rating: 1699 &rarr; <strong>1682<\/strong><br \/>(-17 for losing)\n|l|\u2606bieiup\n|player|p2|\n|l|\u2606chin8\n|player|p1|\n|l| maplezzz\n","uploadtime":1726147185,"views":24,"formatid":"gen9vgc2024regh","rating":1682,"private":0,"password":null}