{"id":"gen9vgc2024regh-2200441390","format":"[Gen 9] VGC 2024 Reg H","players":["birdkeeperneek","ggttmmhh"],"log":"|j|\u2606birdkeeperneek\n|j|\u2606ggttmmhh\n|t:|1726187342\n|gametype|doubles\n|player|p1|birdkeeperneek|falkner|1661\n|player|p2|ggttmmhh|265|1807\n|teamsize|p1|6\n|teamsize|p2|6\n|gen|9\n|tier|[Gen 9] VGC 2024 Reg H\n|rated|\n|rule|Species Clause: Limit one of each Pok\u00e9mon\n|rule|Item Clause: Limit 1 of each item\n|clearpoke\n|poke|p1|Baxcalibur, L50, F|\n|poke|p1|Whimsicott, L50, F|\n|poke|p1|Gholdengo, L50|\n|poke|p1|Rillaboom, L50, F|\n|poke|p1|Tauros-Paldea-Blaze, L50, M|\n|poke|p1|Primarina, L50, F|\n|poke|p2|Archaludon, L50, M|\n|poke|p2|Chandelure, L50, F|\n|poke|p2|Primarina, L50, M|\n|poke|p2|Meowscarada, L50, M|\n|poke|p2|Ursaluna-Bloodmoon, L50, M|\n|poke|p2|Murkrow, L50, M|\n|teampreview|4\n|j| BertrandParadox\nbirdkeeperneek has agreed to open team sheets.\n|inactive|Battle timer is ON: inactive players will automatically lose when time's up. (requested by ggttmmhh)\n|\n|t:|1726187406\n|start\n|switch|p1a: Rillaboom|Rillaboom, L50, F|100\/100\n|switch|p1b: Baxcalibur|Baxcalibur, L50, F|100\/100\n|switch|p2a: Meowscarada|Meowscarada, L50, M|100\/100\n|switch|p2b: Primarina|Primarina, L50, M|100\/100\n|-fieldstart|move: Grassy Terrain|[from] ability: Grassy Surge|[of] p1a: Rillaboom\n|turn|1\n|inactive|ggttmmhh has 30 seconds left.\n|\n|t:|1726187433\n|switch|p1a: Whimsicott|Whimsicott, L50, F, shiny|100\/100\n|move|p2b: Primarina|Protect|p2b: Primarina\n|-singleturn|p2b: Primarina|Protect\n|move|p2a: Meowscarada|Knock Off|p1a: Whimsicott\n|-resisted|p1a: Whimsicott\n|-damage|p1a: Whimsicott|67\/100\n|-enditem|p1a: Whimsicott|Focus Sash|[from] move: Knock Off|[of] p2a: Meowscarada\n|move|p1b: Baxcalibur|Icicle Crash|p2a: Meowscarada\n|-supereffective|p2a: Meowscarada\n|-enditem|p2a: Meowscarada|Focus Sash\n|-damage|p2a: Meowscarada|1\/100\n|\n|-heal|p2a: Meowscarada|7\/100|[from] Grassy Terrain\n|-heal|p1a: Whimsicott|73\/100|[from] Grassy Terrain\n|upkeep\n|turn|2\n|inactive|birdkeeperneek has 30 seconds left.\n|inactive|ggttmmhh has 30 seconds left.\n|inactive|ggttmmhh has 20 seconds left.\n|inactive|ggttmmhh has 15 seconds left.\n|\n|t:|1726187483\n|switch|p2b: Chandelure|Chandelure, L50, F|100\/100\n|move|p2a: Meowscarada|Protect|p2a: Meowscarada\n|-singleturn|p2a: Meowscarada|Protect\n|move|p1a: Whimsicott|Tailwind|p1a: Whimsicott\n|-sidestart|p1: birdkeeperneek|move: Tailwind\n|move|p1b: Baxcalibur|High Horsepower|p2a: Meowscarada\n|-activate|p2a: Meowscarada|move: Protect\n|\n|-heal|p1a: Whimsicott|79\/100|[from] Grassy Terrain\n|-heal|p2a: Meowscarada|13\/100|[from] Grassy Terrain\n|upkeep\n|turn|3\n|\n|t:|1726187511\n|switch|p2a: Primarina|Primarina, L50, M|100\/100\n|move|p1a: Whimsicott|Moonblast|p2a: Primarina\n|-damage|p2a: Primarina|67\/100\n|move|p1b: Baxcalibur|High Horsepower|p2b: Chandelure\n|-supereffective|p2b: Chandelure\n|-damage|p2b: Chandelure|13\/100\n|move|p2b: Chandelure|Trick Room|p2b: Chandelure\n|-fieldstart|move: Trick Room|[of] p2b: Chandelure\n|\n|-heal|p2a: Primarina|73\/100|[from] Grassy Terrain\n|-heal|p2b: Chandelure|19\/100|[from] Grassy Terrain\n|-heal|p1a: Whimsicott|85\/100|[from] Grassy Terrain\n|upkeep\n|turn|4\n|inactive|birdkeeperneek has 30 seconds left.\n|inactive|birdkeeperneek has 20 seconds left.\n|\n|t:|1726187548\n|switch|p2b: Archaludon|Archaludon, L50, M|100\/100\n|move|p1b: Baxcalibur|Protect|p1b: Baxcalibur\n|-singleturn|p1b: Baxcalibur|Protect\n|move|p1a: Whimsicott|Encore||[still]\n|-fail|p1a: Whimsicott\n|move|p2a: Primarina|Moonblast|p1b: Baxcalibur\n|-activate|p1b: Baxcalibur|move: Protect\n|\n|-heal|p2a: Primarina|80\/100|[from] Grassy Terrain\n|-heal|p1a: Whimsicott|91\/100|[from] Grassy Terrain\n|upkeep\n|turn|5\n|inactive|birdkeeperneek has 30 seconds left.\n|inactive|ggttmmhh has 30 seconds left.\n|inactive|ggttmmhh has 20 seconds left.\n|inactive|ggttmmhh has 15 seconds left.\n|\n|t:|1726187591\n|switch|p1b: Gholdengo|Gholdengo, L50|100\/100\n|switch|p1a: Rillaboom|Rillaboom, L50, F|100\/100\n|move|p2a: Primarina|Moonblast|p1b: Gholdengo\n|-resisted|p1b: Gholdengo\n|-damage|p1b: Gholdengo|73\/100\n|-unboost|p1b: Gholdengo|spa|1\n|move|p2b: Archaludon|Flash Cannon|p1b: Gholdengo\n|-resisted|p1b: Gholdengo\n|-damage|p1b: Gholdengo|47\/100\n|-unboost|p1b: Gholdengo|spd|1\n|\n|-heal|p2a: Primarina|86\/100|[from] Grassy Terrain\n|-heal|p1b: Gholdengo|52\/100|[from] Grassy Terrain\n|-sideend|p1: birdkeeperneek|move: Tailwind\n|-fieldend|move: Grassy Terrain\n|upkeep\n|turn|6\n|inactive|birdkeeperneek has 30 seconds left.\n|inactive|ggttmmhh has 30 seconds left.\n|inactive|ggttmmhh has 20 seconds left.\n|\n|t:|1726187630\n|switch|p1b: Whimsicott|Whimsicott, L50, F, shiny|91\/100\n|-terastallize|p2a: Primarina|Water\n|move|p1a: Rillaboom|Fake Out|p2b: Archaludon\n|-resisted|p2b: Archaludon\n|-damage|p2b: Archaludon|94\/100\n|move|p2a: Primarina|Hyper Voice|p1a: Rillaboom|[spread] p1a,p1b\n|-resisted|p1a: Rillaboom\n|-resisted|p1b: Whimsicott\n|-damage|p1a: Rillaboom|80\/100\n|-damage|p1b: Whimsicott|41\/100\n|cant|p2b: Archaludon|flinch\n|\n|upkeep\n|turn|7\n|inactive|ggttmmhh has 30 seconds left.\n|inactive|ggttmmhh has 20 seconds left.\n|inactive|ggttmmhh has 15 seconds left.\n|inactive|ggttmmhh has 10 seconds left.\n|\n|t:|1726187678\n|move|p1b: Whimsicott|Protect|p1b: Whimsicott\n|-singleturn|p1b: Whimsicott|Protect\n|move|p2a: Primarina|Hyper Voice|p1a: Rillaboom|[spread] p1a\n|-activate|p1b: Whimsicott|move: Protect\n|-resisted|p1a: Rillaboom\n|-damage|p1a: Rillaboom|61\/100\n|move|p1a: Rillaboom|Wood Hammer|p2a: Primarina\n|-supereffective|p2a: Primarina\n|-damage|p2a: Primarina|0 fnt\n|faint|p2a: Primarina\n|-damage|p1a: Rillaboom|36\/100|[from] Recoil\n|move|p2b: Archaludon|Flash Cannon|p1a: Rillaboom\n|-damage|p1a: Rillaboom|6\/100\n|\n|-fieldend|move: Trick Room\n|upkeep\n|inactive|ggttmmhh has 30 seconds left.\n|\n|t:|1726187709\n|switch|p2a: Meowscarada|Meowscarada, L50, M|13\/100\n|turn|8\n|inactive|birdkeeperneek has 30 seconds left.\n|inactive|ggttmmhh has 30 seconds left.\n|inactive|ggttmmhh has 20 seconds left.\n|inactive|ggttmmhh has 15 seconds left.\n|inactive|ggttmmhh has 10 seconds left.\n|\n|t:|1726187756\n|move|p1b: Whimsicott|Tailwind|p1b: Whimsicott\n|-sidestart|p1: birdkeeperneek|move: Tailwind\n|move|p1a: Rillaboom|High Horsepower|p2b: Archaludon\n|-supereffective|p2b: Archaludon\n|-damage|p2b: Archaludon|38\/100\n|move|p2a: Meowscarada|Flower Trick|p1b: Whimsicott\n|-resisted|p1b: Whimsicott\n|-crit|p1b: Whimsicott\n|-damage|p1b: Whimsicott|0 fnt\n|faint|p1b: Whimsicott\n|move|p2b: Archaludon|Flash Cannon|p1a: Rillaboom\n|-damage|p1a: Rillaboom|0 fnt\n|faint|p1a: Rillaboom\n|\n|upkeep\n|\n|t:|1726187767\n|switch|p1b: Baxcalibur|Baxcalibur, L50, F|100\/100\n|switch|p1a: Gholdengo|Gholdengo, L50|52\/100\n|turn|9\n|inactive|ggttmmhh has 30 seconds left.\n|\n|t:|1726187799\n|switch|p2b: Chandelure|Chandelure, L50, F|19\/100\n|-terastallize|p1a: Gholdengo|Steel\n|move|p2a: Meowscarada|Protect|p2a: Meowscarada\n|-singleturn|p2a: Meowscarada|Protect\n|move|p1a: Gholdengo|Make It Rain|p2b: Chandelure|[spread] p2b\n|-activate|p2a: Meowscarada|move: Protect\n|-resisted|p2b: Chandelure\n|-damage|p2b: Chandelure|0 fnt\n|-unboost|p1a: Gholdengo|spa|1\n|faint|p2b: Chandelure\n|move|p1b: Baxcalibur|Glaive Rush|p2a: Meowscarada\n|-activate|p2a: Meowscarada|move: Protect\n|\n|upkeep\n|\n|t:|1726187809\n|switch|p2b: Archaludon|Archaludon, L50, M|38\/100\n|turn|10\n|\n|t:|1726187826\n|move|p2a: Meowscarada|Protect||[still]\n|-fail|p2a: Meowscarada\n|move|p2b: Archaludon|Protect|p2b: Archaludon\n|-singleturn|p2b: Archaludon|Protect\n|move|p1a: Gholdengo|Make It Rain|p2a: Meowscarada|[spread] p2a\n|-activate|p2b: Archaludon|move: Protect\n|-damage|p2a: Meowscarada|0 fnt\n|-unboost|p1a: Gholdengo|spa|1\n|faint|p2a: Meowscarada\n|move|p1b: Baxcalibur|Glaive Rush|p2b: Archaludon\n|-activate|p2b: Archaludon|move: Protect\n|\n|upkeep\n|turn|11\n|\n|t:|1726187835\n|move|p2b: Archaludon|Protect|p2b: Archaludon\n|-singleturn|p2b: Archaludon|Protect\n|move|p1a: Gholdengo|Make It Rain|p2b: Archaludon\n|-activate|p2b: Archaludon|move: Protect\n|move|p1b: Baxcalibur|Glaive Rush|p2b: Archaludon\n|-activate|p2b: Archaludon|move: Protect\n|\n|-sideend|p1: birdkeeperneek|move: Tailwind\n|upkeep\n|turn|12\n|\n|t:|1726187852\n|move|p2b: Archaludon|Draco Meteor|p1b: Baxcalibur\n|-supereffective|p1b: Baxcalibur\n|-damage|p1b: Baxcalibur|0 fnt\n|-unboost|p2b: Archaludon|spa|2\n|faint|p1b: Baxcalibur\n|move|p1a: Gholdengo|Make It Rain|p2b: Archaludon\n|-resisted|p2b: Archaludon\n|-damage|p2b: Archaludon|0 fnt\n|-unboost|p1a: Gholdengo|spa|1\n|faint|p2b: Archaludon\n|\n|win|birdkeeperneek\n|raw|birdkeeperneek's rating: 1661 &rarr; <strong>1689<\/strong><br \/>(+28 for winning)\n|raw|ggttmmhh's rating: 1807 &rarr; <strong>1779<\/strong><br \/>(-28 for losing)\n|l|\u2606birdkeeperneek\n|player|p1|\n|l|\u2606ggttmmhh\n|player|p2|\n|l| BertrandParadox\n","uploadtime":1726188128,"views":17,"formatid":"gen9vgc2024regh","rating":1689,"private":0,"password":null}