{"id":"gen9vgc2024regh-2200005128","format":"[Gen 9] VGC 2024 Reg H","players":["Super Crist","chin8"],"log":"|j|\u203dSuper Crist\n|j|\u2606chin8\n|t:|1726145510\n|gametype|doubles\n|player|p1|Super Crist|sabrina|1696\n|player|p2|chin8|gentleman-gen4dp|1747\n|teamsize|p1|6\n|teamsize|p2|6\n|gen|9\n|tier|[Gen 9] VGC 2024 Reg H\n|rated|\n|rule|Species Clause: Limit one of each Pok\u00e9mon\n|rule|Item Clause: Limit 1 of each item\n|clearpoke\n|poke|p1|Tyranitar, L50, F|\n|poke|p1|Amoonguss, L50, M|\n|poke|p1|Incineroar, L50, M|\n|poke|p1|Gholdengo, L50|\n|poke|p1|Porygon2, L50|\n|poke|p1|Ursaluna, L50, F|\n|poke|p2|Baxcalibur, L50, F|\n|poke|p2|Kilowattrel, L50, F|\n|poke|p2|Haxorus, L50, F|\n|poke|p2|Gardevoir, L50, F|\n|poke|p2|Magmortar, L50, M|\n|poke|p2|Gholdengo, L50|\n|teampreview|4\n|inactive|Battle timer is ON: inactive players will automatically lose when time's up. (requested by Super Crist)\n|inactive|Super Crist has 60 seconds left.\n|\n|t:|1726145554\n|start\n|switch|p1a: Tyranitar|Tyranitar, L50, F, shiny|100\/100\n|switch|p1b: Incineroar|Incineroar, L50, M, shiny|100\/100\n|switch|p2a: Gholdengo|Gholdengo, L50|100\/100\n|switch|p2b: Magmortar|Magmortar, L50, M|100\/100\n|-ability|p1b: Incineroar|Intimidate|boost\n|-unboost|p2a: Gholdengo|atk|1\n|-unboost|p2b: Magmortar|atk|1\n|-weather|Sandstorm|[from] ability: Sand Stream|[of] p1a: Tyranitar\n|turn|1\n|\n|t:|1726145576\n|switch|p2b: Haxorus|Haxorus, L50, F, shiny|100\/100\n|-ability|p2b: Haxorus|Mold Breaker\n|-terastallize|p1a: Tyranitar|Flying\n|move|p2a: Gholdengo|Protect|p2a: Gholdengo\n|-singleturn|p2a: Gholdengo|Protect\n|move|p1b: Incineroar|Knock Off|p2a: Gholdengo\n|-activate|p2a: Gholdengo|move: Protect\n|move|p1a: Tyranitar|Rock Slide|p2b: Haxorus|[spread] p2b\n|-activate|p2a: Gholdengo|move: Protect\n|-damage|p2b: Haxorus|62\/100\n|\n|-weather|Sandstorm|[upkeep]\n|-damage|p2b: Haxorus|56\/100|[from] Sandstorm\n|-damage|p1a: Tyranitar|95\/100|[from] Sandstorm\n|upkeep\n|turn|2\n|inactive|Super Crist has 30 seconds left.\n|\n|t:|1726145607\n|switch|p2a: Magmortar|Magmortar, L50, M|100\/100\n|move|p2b: Haxorus|Rock Slide|p1a: Tyranitar|[spread] p1a,p1b\n|-supereffective|p1a: Tyranitar\n|-supereffective|p1b: Incineroar\n|-damage|p1a: Tyranitar|55\/100\n|-damage|p1b: Incineroar|65\/100\n|cant|p1b: Incineroar|flinch\n|cant|p1a: Tyranitar|flinch\n|\n|-weather|Sandstorm|[upkeep]\n|-damage|p2b: Haxorus|50\/100|[from] Sandstorm\n|-damage|p2a: Magmortar|94\/100|[from] Sandstorm\n|-damage|p1a: Tyranitar|49\/100|[from] Sandstorm\n|upkeep\n|turn|3\n|j| Peroquecuones\n|\n|t:|1726145624\n|switch|p1a: Porygon2|Porygon2, L50, shiny|100\/100\n|-ability|p1a: Porygon2|Download|boost\n|-boost|p1a: Porygon2|atk|1\n|move|p2a: Magmortar|Protect|p2a: Magmortar\n|-singleturn|p2a: Magmortar|Protect\n|move|p2b: Haxorus|Rock Slide|p1b: Incineroar|[spread] p1a,p1b\n|-supereffective|p1b: Incineroar\n|-damage|p1a: Porygon2|87\/100\n|-damage|p1b: Incineroar|27\/100\n|move|p1b: Incineroar|Parting Shot|p2b: Haxorus\n|-fail|p2b: Haxorus|unboost|[from] item: Clear Amulet|[of] p2b: Haxorus\n|\n|-weather|Sandstorm|[upkeep]\n|-damage|p2b: Haxorus|45\/100|[from] Sandstorm\n|-damage|p2a: Magmortar|88\/100|[from] Sandstorm\n|-damage|p1a: Porygon2|81\/100|[from] Sandstorm\n|upkeep\n|turn|4\n|\n|t:|1726145643\n|switch|p1b: Ursaluna|Ursaluna, L50, F, shiny|100\/100\n|move|p2b: Haxorus|Rock Slide|p1a: Porygon2|[spread] p1a,p1b\n|-resisted|p1b: Ursaluna\n|-damage|p1a: Porygon2|67\/100\n|-damage|p1b: Ursaluna|92\/100\n|move|p2a: Magmortar|Taunt|p1a: Porygon2\n|-start|p1a: Porygon2|move: Taunt\n|cant|p1a: Porygon2|move: Taunt|Trick Room\n|\n|-weather|Sandstorm|[upkeep]\n|-damage|p2b: Haxorus|39\/100|[from] Sandstorm\n|-damage|p2a: Magmortar|82\/100|[from] Sandstorm\n|-damage|p1a: Porygon2|61\/100|[from] Sandstorm\n|-status|p1b: Ursaluna|brn|[from] item: Flame Orb\n|upkeep\n|turn|5\n|inactive|Super Crist has 30 seconds left.\n|\n|t:|1726145674\n|switch|p1a: Tyranitar|Tyranitar, L50, F, shiny, tera:Flying|49\/100\n|move|p2b: Haxorus|Close Combat|p1b: Ursaluna\n|-supereffective|p1b: Ursaluna\n|-damage|p1b: Ursaluna|23\/100 brn\n|-unboost|p2b: Haxorus|def|1\n|-unboost|p2b: Haxorus|spd|1\n|move|p2a: Magmortar|Heat Wave|p1b: Ursaluna|[spread] p1b\n|-miss|p2a: Magmortar|p1a: Tyranitar\n|-damage|p1b: Ursaluna|0 fnt\n|faint|p1b: Ursaluna\n|\n|-weather|none\n|upkeep\n|\n|t:|1726145686\n|switch|p1b: Porygon2|Porygon2, L50, shiny|61\/100\n|-ability|p1b: Porygon2|Download|boost\n|-boost|p1b: Porygon2|atk|1\n|turn|6\n|-message|Super Crist forfeited.\n|\n|win|chin8\n|raw|Super Crist's rating: 1696 &rarr; <strong>1679<\/strong><br \/>(-17 for losing)\n|raw|chin8's rating: 1747 &rarr; <strong>1764<\/strong><br \/>(+17 for winning)\n|l|\u203dSuper Crist\n|player|p1|\n|l|\u2606chin8\n|player|p2|\n|l| Peroquecuones\n","uploadtime":1726145923,"views":38,"formatid":"gen9vgc2024regh","rating":1679,"private":0,"password":null}