{"id":"gen9vgc2024regh-2200402773","format":"[Gen 9] VGC 2024 Reg H","players":["lpelpe","bwahacough"],"log":"|j|\u2606lpelpe\n|j|\u2606bwahacough\n|t:|1726182823\n|gametype|doubles\n|player|p1|lpelpe|265|1685\n|player|p2|bwahacough|medium|1801\n|teamsize|p1|6\n|teamsize|p2|6\n|gen|9\n|tier|[Gen 9] VGC 2024 Reg H\n|rated|\n|rule|Species Clause: Limit one of each Pok\u00e9mon\n|rule|Item Clause: Limit 1 of each item\n|clearpoke\n|poke|p1|Indeedee-F, L50, F|\n|poke|p1|Armarouge, L50, M|\n|poke|p1|Ursaluna-Bloodmoon, L50, M|\n|poke|p1|Exeggutor-Alola, L50, M|\n|poke|p1|Primarina, L50, F|\n|poke|p1|Tyranitar, L50, F|\n|poke|p2|Lycanroc, L50, M|\n|poke|p2|Tyranitar, L50, F|\n|poke|p2|Indeedee-F, L50, F|\n|poke|p2|Murkrow, L50, M|\n|poke|p2|Garchomp, L50, M|\n|poke|p2|Gholdengo, L50|\n|teampreview|4\n|inactive|Battle timer is ON: inactive players will automatically lose when time's up. (requested by lpelpe)\n|inactive|lpelpe has 60 seconds left.\n|inactive|lpelpe has 30 seconds left.\n|inactive|lpelpe has 20 seconds left.\n|inactive|lpelpe has 15 seconds left.\n|inactive|lpelpe has 10 seconds left.\n|\n|t:|1726182914\n|start\n|switch|p1a: Indeedee|Indeedee-F, L50, F|100\/100\n|switch|p1b: Armarouge|Armarouge, L50, M|100\/100\n|switch|p2a: Lycanroc|Lycanroc, L50, M, shiny|100\/100\n|switch|p2b: Tyranitar|Tyranitar, L50, F|100\/100\n|-weather|Sandstorm|[from] ability: Sand Stream|[of] p2b: Tyranitar\n|-fieldstart|move: Psychic Terrain|[from] ability: Psychic Surge|[of] p1a: Indeedee\n|turn|1\n|\n|t:|1726182924\n|move|p1b: Armarouge|Wide Guard|p1b: Armarouge\n|-singleturn|p1b: Armarouge|Wide Guard\n|move|p2a: Lycanroc|Rock Slide|p1b: Armarouge|[spread] \n|-activate|p1a: Indeedee|move: Wide Guard\n|-activate|p1b: Armarouge|move: Wide Guard\n|move|p2b: Tyranitar|Rock Slide|p1b: Armarouge|[spread] \n|-activate|p1a: Indeedee|move: Wide Guard\n|-activate|p1b: Armarouge|move: Wide Guard\n|move|p1a: Indeedee|Trick Room|p1a: Indeedee\n|-fieldstart|move: Trick Room|[of] p1a: Indeedee\n|\n|-weather|Sandstorm|[upkeep]\n|-damage|p1b: Armarouge|95\/100|[from] Sandstorm\n|upkeep\n|turn|2\n|\n|t:|1726182939\n|move|p2a: Lycanroc|Protect|p2a: Lycanroc\n|-singleturn|p2a: Lycanroc|Protect\n|move|p1b: Armarouge|Expanding Force|p2b: Tyranitar|[spread] \n|-activate|p2a: Lycanroc|move: Protect\n|-immune|p2b: Tyranitar\n|move|p1a: Indeedee|Dazzling Gleam|p2b: Tyranitar|[spread] p2b\n|-activate|p2a: Lycanroc|move: Protect\n|-supereffective|p2b: Tyranitar\n|-damage|p2b: Tyranitar|90\/100\n|move|p2b: Tyranitar|Rock Slide|p1a: Indeedee|[spread] p1a,p1b\n|-supereffective|p1b: Armarouge\n|-damage|p1a: Indeedee|59\/100\n|-damage|p1b: Armarouge|31\/100\n|\n|-weather|Sandstorm|[upkeep]\n|-damage|p1b: Armarouge|25\/100|[from] Sandstorm\n|upkeep\n|turn|3\n|\n|t:|1726182957\n|switch|p2a: Indeedee|Indeedee-F, L50, F, shiny|100\/100\n|move|p1b: Armarouge|Expanding Force|p2b: Tyranitar|[spread] p2a\n|-immune|p2b: Tyranitar\n|-resisted|p2a: Indeedee\n|-damage|p2a: Indeedee|70\/100\n|move|p1a: Indeedee|Dazzling Gleam|p2b: Tyranitar|[spread] p2a,p2b\n|-supereffective|p2b: Tyranitar\n|-damage|p2a: Indeedee|58\/100\n|-damage|p2b: Tyranitar|79\/100\n|move|p2b: Tyranitar|Knock Off|p1a: Indeedee\n|-supereffective|p1a: Indeedee\n|-damage|p1a: Indeedee|0 fnt\n|-enditem|p1a: Indeedee|Safety Goggles|[from] move: Knock Off|[of] p2b: Tyranitar\n|faint|p1a: Indeedee\n|\n|-weather|Sandstorm|[upkeep]\n|-damage|p1b: Armarouge|19\/100|[from] Sandstorm\n|upkeep\n|\n|t:|1726182965\n|switch|p1a: Primarina|Primarina, L50, F|100\/100\n|turn|4\n|\n|t:|1726182984\n|move|p2a: Indeedee|Protect|p2a: Indeedee\n|-singleturn|p2a: Indeedee|Protect\n|move|p1a: Primarina|Hyper Voice|p2a: Indeedee|[spread] p2b\n|-activate|p2a: Indeedee|move: Protect\n|-supereffective|p2b: Tyranitar\n|-damage|p2b: Tyranitar|50\/100\n|-enditem|p1a: Primarina|Throat Spray\n|-boost|p1a: Primarina|spa|1|[from] item: Throat Spray\n|move|p1b: Armarouge|Armor Cannon|p2a: Indeedee\n|-activate|p2a: Indeedee|move: Protect\n|move|p2b: Tyranitar|Knock Off|p1b: Armarouge\n|-supereffective|p1b: Armarouge\n|-damage|p1b: Armarouge|0 fnt\n|-enditem|p1b: Armarouge|Focus Sash|[from] move: Knock Off|[of] p2b: Tyranitar\n|faint|p1b: Armarouge\n|\n|-weather|Sandstorm|[upkeep]\n|-damage|p1a: Primarina|95\/100|[from] Sandstorm\n|upkeep\n|\n|t:|1726182986\n|switch|p1b: Ursaluna|Ursaluna-Bloodmoon, L50, M|100\/100\n|turn|5\n|\n|t:|1726182997\n|-terastallize|p1b: Ursaluna|Normal\n|move|p2a: Indeedee|Follow Me|p2a: Indeedee\n|-singleturn|p2a: Indeedee|move: Follow Me\n|move|p1b: Ursaluna|Hyper Voice|p2b: Tyranitar|[spread] p2a,p2b\n|-resisted|p2b: Tyranitar\n|-damage|p2a: Indeedee|0 fnt\n|-damage|p2b: Tyranitar|37\/100\n|faint|p2a: Indeedee\n|-damage|p1b: Ursaluna|91\/100|[from] item: Life Orb\n|move|p1a: Primarina|Hyper Voice|p2b: Tyranitar\n|-supereffective|p2b: Tyranitar\n|-damage|p2b: Tyranitar|0 fnt\n|faint|p2b: Tyranitar\n|\n|-weather|none\n|-fieldend|move: Trick Room\n|-fieldend|move: Psychic Terrain\n|upkeep\n|\n|t:|1726183000\n|switch|p2a: Gholdengo|Gholdengo, L50|100\/100\n|switch|p2b: Lycanroc|Lycanroc, L50, M, shiny|100\/100\n|turn|6\n|\n|t:|1726183007\n|move|p2a: Gholdengo|Protect|p2a: Gholdengo\n|-singleturn|p2a: Gholdengo|Protect\n|move|p1a: Primarina|Protect|p1a: Primarina\n|-singleturn|p1a: Primarina|Protect\n|move|p2b: Lycanroc|Rock Slide|p1b: Ursaluna|[spread] p1b\n|-activate|p1a: Primarina|move: Protect\n|-damage|p1b: Ursaluna|69\/100\n|move|p1b: Ursaluna|Earth Power|p2a: Gholdengo\n|-activate|p2a: Gholdengo|move: Protect\n|\n|upkeep\n|turn|7\n|\n|t:|1726183020\n|-terastallize|p2b: Lycanroc|Fighting\n|move|p1a: Primarina|Protect||[still]\n|-fail|p1a: Primarina\n|move|p2b: Lycanroc|Close Combat|p1b: Ursaluna\n|-supereffective|p1b: Ursaluna\n|-damage|p1b: Ursaluna|0 fnt\n|-unboost|p2b: Lycanroc|def|1\n|-unboost|p2b: Lycanroc|spd|1\n|faint|p1b: Ursaluna\n|move|p2a: Gholdengo|Nasty Plot|p2a: Gholdengo\n|-boost|p2a: Gholdengo|spa|2\n|\n|upkeep\n|turn|8\n|-message|lpelpe forfeited.\n|\n|win|bwahacough\n|raw|lpelpe's rating: 1685 &rarr; <strong>1671<\/strong><br \/>(-14 for losing)\n|raw|bwahacough's rating: 1801 &rarr; <strong>1815<\/strong><br \/>(+14 for winning)\n|l|\u2606lpelpe\n|player|p1|\n|l|\u2606bwahacough\n|player|p2|\n","uploadtime":1726183225,"views":50,"formatid":"gen9vgc2024regh","rating":1671,"private":0,"password":null}