{"id":"gen9vgc2024regh-2200510987","format":"[Gen 9] VGC 2024 Reg H","players":["Rivers3k","toriton_poke"],"log":"|j|\u2606Rivers3k\n|j|\u2606toriton_poke\n|t:|1726195631\n|gametype|doubles\n|player|p1|Rivers3k|266|1684\n|player|p2|toriton_poke|1|1820\n|teamsize|p1|6\n|teamsize|p2|6\n|gen|9\n|tier|[Gen 9] VGC 2024 Reg H\n|rated|\n|rule|Species Clause: Limit one of each Pok\u00e9mon\n|rule|Item Clause: Limit 1 of each item\n|clearpoke\n|poke|p1|Zoroark-Hisui, L50, M|\n|poke|p1|Kingambit, L50, M|\n|poke|p1|Rillaboom, L50, F|\n|poke|p1|Archaludon, L50, M|\n|poke|p1|Electabuzz, L50, M|\n|poke|p1|Sneasler, L50, F|\n|poke|p2|Dondozo, L50, F|\n|poke|p2|Tatsugiri-Stretchy, L50, M|\n|poke|p2|Sylveon, L50, M|\n|poke|p2|Archaludon, L50, F|\n|poke|p2|Dragonite, L50, M|\n|poke|p2|Amoonguss, L50, F|\n|teampreview|4\n|j| hariyama lover\n|\n|t:|1726195655\n|start\n|switch|p1a: Kingambit|Kingambit, L50, M|100\/100\n|switch|p1b: Archaludon|Archaludon, L50, M|100\/100\n|switch|p2a: Dondozo|Dondozo, L50, F|100\/100\n|switch|p2b: Sylveon|Sylveon, L50, M|100\/100\n|turn|1\n|\n|t:|1726195666\n|switch|p2b: Tatsugiri|Tatsugiri-Stretchy, L50, M|100\/100\n|-activate|p2b: Tatsugiri|ability: Commander|[of] p2a: Dondozo\n|-boost|p2a: Dondozo|atk|2\n|-boost|p2a: Dondozo|spa|2\n|-boost|p2a: Dondozo|spe|2\n|-boost|p2a: Dondozo|def|2\n|-boost|p2a: Dondozo|spd|2\n|move|p2a: Dondozo|Wave Crash|p1a: Kingambit\n|-damage|p1a: Kingambit|16\/100\n|-damage|p2a: Dondozo|75\/100|[from] Recoil\n|move|p1b: Archaludon|Electro Shot||[still]\n|-prepare|p1b: Archaludon|Electro Shot\n|-boost|p1b: Archaludon|spa|1\n|-enditem|p1b: Archaludon|Power Herb\n|-anim|p1b: Archaludon|Electro Shot|p2a: Dondozo\n|-supereffective|p2a: Dondozo\n|-damage|p2a: Dondozo|0 fnt\n|faint|p2a: Dondozo\n|move|p1a: Kingambit|Swords Dance|p1a: Kingambit\n|-boost|p1a: Kingambit|atk|2\n|\n|upkeep\n|j| mattelweon\n|inactive|Battle timer is ON: inactive players will automatically lose when time's up. (requested by Rivers3k)\n|l| mattelweon\n|inactive|toriton_poke has 60 seconds left.\n|\n|t:|1726195715\n|switch|p2a: Sylveon|Sylveon, L50, M|100\/100\n|turn|2\n|\n|t:|1726195725\n|-terastallize|p1b: Archaludon|Stellar\n|move|p1a: Kingambit|Sucker Punch|p2b: Tatsugiri\n|-enditem|p2b: Tatsugiri|Focus Sash\n|-damage|p2b: Tatsugiri|1\/100\n|move|p2b: Tatsugiri|Icy Wind|p1b: Archaludon|[spread] p1a,p1b\n|-resisted|p1a: Kingambit\n|-damage|p1a: Kingambit|10\/100\n|-damage|p1b: Archaludon|79\/100\n|-unboost|p1a: Kingambit|spe|1\n|-ability|p1a: Kingambit|Defiant|boost\n|-boost|p1a: Kingambit|atk|2\n|-unboost|p1b: Archaludon|spe|1\n|move|p1b: Archaludon|Flash Cannon|p2a: Sylveon\n|-supereffective|p2a: Sylveon\n|-damage|p2a: Sylveon|0 fnt\n|faint|p2a: Sylveon\n|\n|upkeep\n|inactive|toriton_poke has 30 seconds left.\n|inactive|toriton_poke has 20 seconds left.\n|l| hariyama lover\n|inactive|toriton_poke has 15 seconds left.\n|j| hariyama lover\n|inactive|toriton_poke has 10 seconds left.\n|inactive|toriton_poke has 5 seconds left.\n|\n|t:|1726195780\n|switch|p2a: Dragonite|Dragonite, L50, M|100\/100\n|turn|3\n|l| hariyama lover\n|\n|t:|1726195792\n|move|p2a: Dragonite|Extreme Speed|p1a: Kingambit\n|-resisted|p1a: Kingambit\n|-damage|p1a: Kingambit|0 fnt\n|faint|p1a: Kingambit\n|move|p2b: Tatsugiri|Draco Meteor|p1b: Archaludon\n|-damage|p1b: Archaludon|0 fnt\n|-unboost|p2b: Tatsugiri|spa|2\n|faint|p1b: Archaludon\n|\n|upkeep\n|\n|t:|1726195796\n|switch|p1b: Rillaboom|Rillaboom, L50, F|100\/100\n|switch|p1a: Sneasler|Sneasler, L50, F|100\/100\n|-fieldstart|move: Grassy Terrain|[from] ability: Grassy Surge|[of] p1b: Rillaboom\n|-enditem|p1a: Sneasler|Grassy Seed\n|-boost|p1a: Sneasler|def|1|[from] item: Grassy Seed\n|turn|4\n|\n|t:|1726195810\n|move|p2b: Tatsugiri|Helping Hand|p2a: Dragonite\n|-singleturn|p2a: Dragonite|Helping Hand|[of] p2b: Tatsugiri\n|move|p1b: Rillaboom|Grassy Glide|p2b: Tatsugiri\n|-damage|p2b: Tatsugiri|0 fnt\n|faint|p2b: Tatsugiri\n|move|p1a: Sneasler|Dire Claw|p2a: Dragonite\n|-damage|p2a: Dragonite|79\/100\n|move|p2a: Dragonite|Ice Spinner|p1b: Rillaboom\n|-supereffective|p1b: Rillaboom\n|-damage|p1b: Rillaboom|17\/100\n|-fieldend|move: Grassy Terrain\n|\n|upkeep\n|turn|5\n|inactive|toriton_poke has 30 seconds left.\n|\n|t:|1726195842\n|move|p2a: Dragonite|Extreme Speed|p1b: Rillaboom\n|-damage|p1b: Rillaboom|0 fnt\n|faint|p1b: Rillaboom\n|move|p1a: Sneasler|Dire Claw|p2a: Dragonite\n|-damage|p2a: Dragonite|33\/100\n|\n|upkeep\n|turn|6\n|\n|t:|1726195854\n|-terastallize|p2a: Dragonite|Normal\n|move|p2a: Dragonite|Extreme Speed|p1a: Sneasler\n|-damage|p1a: Sneasler|40\/100\n|move|p1a: Sneasler|Dire Claw|p2a: Dragonite\n|-damage|p2a: Dragonite|0 fnt\n|faint|p2a: Dragonite\n|\n|win|Rivers3k\n|raw|Rivers3k's rating: 1684 &rarr; <strong>1711<\/strong><br \/>(+27 for winning)\n|raw|toriton_poke's rating: 1820 &rarr; <strong>1793<\/strong><br \/>(-27 for losing)\n|l|\u2606toriton_poke\n|player|p2|\n|l|\u2606Rivers3k\n|player|p1|\n","uploadtime":1726196065,"views":74,"formatid":"gen9vgc2024regh","rating":1711,"private":0,"password":null}