{"id":"gen9vgc2024regh-2200160149","format":"[Gen 9] VGC 2024 Reg H","players":["Spottedwoot","Phononmode"],"log":"|j|\u2606Spottedwoot\n|j|\u2606Phononmode\n|t:|1726159570\n|gametype|doubles\n|player|p1|Spottedwoot|266|1657\n|player|p2|Phononmode|170|1748\n|teamsize|p1|6\n|teamsize|p2|6\n|gen|9\n|tier|[Gen 9] VGC 2024 Reg H\n|rated|\n|rule|Species Clause: Limit one of each Pok\u00e9mon\n|rule|Item Clause: Limit 1 of each item\n|clearpoke\n|poke|p1|Rillaboom, L50, M|\n|poke|p1|Kingambit, L50, F|\n|poke|p1|Primarina, L50, M|\n|poke|p1|Salamence, L50, F|\n|poke|p1|Gholdengo, L50|\n|poke|p1|Tauros-Paldea-Blaze, L50, M|\n|poke|p2|Pawmot, L50, M|\n|poke|p2|Dondozo, L50, M|\n|poke|p2|Tatsugiri, L50, M|\n|poke|p2|Dragapult, L50, F|\n|poke|p2|Weezing, L50, M|\n|poke|p2|Incineroar, L50, F|\n|teampreview|4\nPhononmode has agreed to open team sheets.\n|inactive|Battle timer is ON: inactive players will automatically lose when time's up. (requested by Phononmode)\n|inactive|Spottedwoot has 60 seconds left.\n|\n|t:|1726159606\n|start\n|switch|p1a: Kingambit|Kingambit, L50, F|100\/100\n|switch|p1b: Gholdengo|Gholdengo, L50|100\/100\n|switch|p2a: will-o-miss|Weezing, L50, M|100\/100\n|switch|p2b: Incineroar|Incineroar, L50, F|100\/100\n|-ability|p2a: will-o-miss|Neutralizing Gas\n|-block|p2b: Incineroar|item: Ability Shield\n|-ability|p2b: Incineroar|Intimidate|boost\n|-unboost|p1a: Kingambit|atk|1\n|-unboost|p1b: Gholdengo|atk|1\n|turn|1\n|inactive|Phononmode has 30 seconds left.\n|inactive|Phononmode has 20 seconds left.\n|\n|t:|1726159642\n|switch|p1a: Primarina|Primarina, L50, M|100\/100\n|-terastallize|p1b: Gholdengo|Steel\n|move|p1b: Gholdengo|Make It Rain|p2a: will-o-miss|[spread] p2a,p2b\n|-resisted|p2b: Incineroar\n|-damage|p2a: will-o-miss|11\/100\n|-damage|p2b: Incineroar|60\/100\n|-unboost|p1b: Gholdengo|spa|1\n|-enditem|p2a: will-o-miss|Sitrus Berry|[eat]\n|-heal|p2a: will-o-miss|36\/100|[from] item: Sitrus Berry\n|move|p2b: Incineroar|Flare Blitz|p1b: Gholdengo\n|-supereffective|p1b: Gholdengo\n|-damage|p1b: Gholdengo|0 fnt\n|faint|p1b: Gholdengo\n|-damage|p2b: Incineroar|32\/100|[from] Recoil\n|move|p2a: will-o-miss|Will-O-Wisp|p1a: Primarina\n|-status|p1a: Primarina|brn\n|\n|-damage|p1a: Primarina|95\/100 brn|[from] brn\n|upkeep\n|\n|t:|1726159659\n|switch|p1b: Kingambit|Kingambit, L50, F|100\/100\n|turn|2\n|\n|t:|1726159670\n|move|p1b: Kingambit|Sucker Punch|p2b: Incineroar\n|-resisted|p2b: Incineroar\n|-damage|p2b: Incineroar|11\/100\n|move|p1a: Primarina|Hyper Voice|p2a: will-o-miss|[spread] p2a,p2b\n|-damage|p2a: will-o-miss|12\/100\n|-damage|p2b: Incineroar|0 fnt\n|faint|p2b: Incineroar\n|-enditem|p1a: Primarina|Throat Spray\n|-boost|p1a: Primarina|spa|1|[from] item: Throat Spray\n|move|p2a: will-o-miss|Sludge Bomb|p1a: Primarina\n|-supereffective|p1a: Primarina\n|-damage|p1a: Primarina|46\/100 brn\n|\n|-damage|p1a: Primarina|41\/100 brn|[from] brn\n|upkeep\n|\n|t:|1726159678\n|switch|p2b: Pawmot|Pawmot, L50, M|100\/100\n|turn|3\n|\n|t:|1726159692\n|switch|p1b: Rillaboom|Rillaboom, L50, M|100\/100\n|move|p1a: Primarina|Protect|p1a: Primarina\n|-singleturn|p1a: Primarina|Protect\n|move|p2b: Pawmot|Fake Out|p1a: Primarina\n|-activate|p1a: Primarina|move: Protect\n|move|p2a: will-o-miss|Will-O-Wisp|p1b: Rillaboom\n|-status|p1b: Rillaboom|brn\n|\n|-damage|p1b: Rillaboom|95\/100 brn|[from] brn\n|-damage|p1a: Primarina|35\/100 brn|[from] brn\n|upkeep\n|turn|4\n|inactive|Phononmode has 30 seconds left.\n|\n|t:|1726159719\n|-terastallize|p2b: Pawmot|Electric\n|move|p1b: Rillaboom|Fake Out|p2b: Pawmot\n|-damage|p2b: Pawmot|90\/100\n|cant|p2b: Pawmot|flinch\n|move|p1a: Primarina|Hyper Voice|p2a: will-o-miss|[spread] p2a,p2b\n|-damage|p2a: will-o-miss|0 fnt\n|-damage|p2b: Pawmot|29\/100\n|faint|p2a: will-o-miss\n|-end|p2a: will-o-miss|ability: Neutralizing Gas\n|-fieldstart|move: Grassy Terrain|[from] ability: Grassy Surge|[of] p1b: Rillaboom\n|\n|-heal|p2b: Pawmot|35\/100|[from] Grassy Terrain\n|-heal|p1b: Rillaboom|100\/100 brn|[from] Grassy Terrain\n|-heal|p1a: Primarina|41\/100 brn|[from] Grassy Terrain\n|-damage|p1b: Rillaboom|95\/100 brn|[from] brn\n|-damage|p1a: Primarina|35\/100 brn|[from] brn\n|upkeep\n|\n|t:|1726159727\n|switch|p2a: Dragapult|Dragapult, L50, F|100\/100\n|turn|5\n|\n|t:|1726159736\n|move|p1a: Primarina|Protect|p1a: Primarina\n|-singleturn|p1a: Primarina|Protect\n|move|p2a: Dragapult|Dragon Darts|p1b: Rillaboom\n|-damage|p1b: Rillaboom|60\/100 brn\n|-anim|p2a: Dragapult|Dragon Darts|p1b: Rillaboom\n|-damage|p1b: Rillaboom|27\/100 brn\n|move|p2b: Pawmot|Revival Blessing|p2b: Pawmot\n|j| bouillote\n|\n|t:|1726159747\n|-heal|p2: Incineroar|50\/100|[from] move: Revival Blessing\n|move|p1b: Rillaboom|Wood Hammer|p2b: Pawmot\n|-damage|p2b: Pawmot|0 fnt\n|faint|p2b: Pawmot\n|-damage|p1b: Rillaboom|18\/100 brn|[from] Recoil\n|\n|-heal|p1b: Rillaboom|24\/100 brn|[from] Grassy Terrain\n|-heal|p1a: Primarina|41\/100 brn|[from] Grassy Terrain\n|-damage|p1b: Rillaboom|18\/100 brn|[from] brn\n|-damage|p1a: Primarina|35\/100 brn|[from] brn\n|upkeep\n|\n|t:|1726159752\n|switch|p2b: Incineroar|Incineroar, L50, F|50\/100\n|-ability|p2b: Incineroar|Intimidate|boost\n|-unboost|p1a: Primarina|atk|1\n|-unboost|p1b: Rillaboom|atk|1\n|turn|6\n|j| mr pogostick\n|\n|t:|1726159768\n|move|p2a: Dragapult|Dragon Darts|p1b: Rillaboom\n|-damage|p1b: Rillaboom|0 fnt\n|faint|p1b: Rillaboom\n|move|p1a: Primarina|Hyper Voice|p2b: Incineroar|[spread] p2a,p2b\n|-resisted|p2a: Dragapult\n|-supereffective|p2b: Incineroar\n|-damage|p2a: Dragapult|64\/100\n|-damage|p2b: Incineroar|0 fnt\n|faint|p2b: Incineroar\n|\n|-heal|p2a: Dragapult|70\/100|[from] Grassy Terrain\n|-heal|p1a: Primarina|41\/100 brn|[from] Grassy Terrain\n|-damage|p1a: Primarina|35\/100 brn|[from] brn\n|upkeep\n|\n|t:|1726159770\n|switch|p1b: Kingambit|Kingambit, L50, F|100\/100\n|turn|7\n|-message|Phononmode forfeited.\n|\n|win|Spottedwoot\n|raw|Spottedwoot's rating: 1657 &rarr; <strong>1682<\/strong><br \/>(+25 for winning)\n|raw|Phononmode's rating: 1748 &rarr; <strong>1723<\/strong><br \/>(-25 for losing)\n|l|\u2606Phononmode\n|player|p2|\n|l| mr pogostick\n|l|\u2606Spottedwoot\n|player|p1|\n|l| bouillote\n","uploadtime":1726159775,"views":117,"formatid":"gen9vgc2024regh","rating":1682,"private":0,"password":null}