{"id":"gen9vgc2024regh-2200009808","format":"[Gen 9] VGC 2024 Reg H","players":["Super Crist","chin8"],"log":"|j|\u203dSuper Crist\n|j|\u2606chin8\n|t:|1726146021\n|gametype|doubles\n|player|p1|Super Crist|sabrina|1697\n|player|p2|chin8|gentleman-gen4dp|1727\n|teamsize|p1|6\n|teamsize|p2|6\n|gen|9\n|tier|[Gen 9] VGC 2024 Reg H\n|rated|\n|rule|Species Clause: Limit one of each Pok\u00e9mon\n|rule|Item Clause: Limit 1 of each item\n|clearpoke\n|poke|p1|Tyranitar, L50, M|\n|poke|p1|Amoonguss, L50, F|\n|poke|p1|Incineroar, L50, M|\n|poke|p1|Gholdengo, L50|\n|poke|p1|Porygon2, L50|\n|poke|p1|Ursaluna, L50, M|\n|poke|p2|Baxcalibur, L50, M|\n|poke|p2|Kilowattrel, L50, F|\n|poke|p2|Haxorus, L50, F|\n|poke|p2|Gardevoir, L50, M|\n|poke|p2|Magmortar, L50, F|\n|poke|p2|Gholdengo, L50|\n|teampreview|4\n|inactive|Battle timer is ON: inactive players will automatically lose when time's up. (requested by Super Crist)\n|j| skersh88\n|l| skersh88\n|inactive|Super Crist has 60 seconds left.\n|inactive|chin8 has 60 seconds left.\n|\n|t:|1726146064\n|start\n|switch|p1a: Porygon2|Porygon2, L50, shiny|100\/100\n|switch|p1b: Incineroar|Incineroar, L50, M, shiny|100\/100\n|switch|p2a: Kilowattrel|Kilowattrel, L50, F|100\/100\n|switch|p2b: Baxcalibur|Baxcalibur, L50, M|100\/100\n|-ability|p1b: Incineroar|Intimidate|boost\n|-unboost|p2a: Kilowattrel|atk|1\n|-ability|p2a: Kilowattrel|Competitive|boost\n|-boost|p2a: Kilowattrel|spa|2\n|-unboost|p2b: Baxcalibur|atk|1\n|-ability|p1a: Porygon2|Download|boost\n|-boost|p1a: Porygon2|atk|1\n|turn|1\n|inactive|Super Crist has 30 seconds left.\n|inactive|Super Crist has 20 seconds left.\n|inactive|Super Crist has 15 seconds left.\n|\n|t:|1726146106\n|move|p2a: Kilowattrel|Air Slash|p1a: Porygon2\n|-damage|p1a: Porygon2|61\/100\n|move|p2b: Baxcalibur|Icicle Crash|p1a: Porygon2\n|-damage|p1a: Porygon2|39\/100\n|move|p1b: Incineroar|Parting Shot|p2b: Baxcalibur\n|-unboost|p2b: Baxcalibur|atk|1\n|-unboost|p2b: Baxcalibur|spa|1\n|j| SpectatorJimothy\n|\n|t:|1726146119\n|switch|p1b: Tyranitar|Tyranitar, L50, M, shiny|100\/100|[from] Parting Shot\n|-weather|Sandstorm|[from] ability: Sand Stream|[of] p1b: Tyranitar\n|move|p1a: Porygon2|Trick Room|p1a: Porygon2\n|-fieldstart|move: Trick Room|[of] p1a: Porygon2\n|\n|-weather|Sandstorm|[upkeep]\n|-damage|p1a: Porygon2|33\/100|[from] Sandstorm\n|-damage|p2b: Baxcalibur|94\/100|[from] Sandstorm\n|-damage|p2a: Kilowattrel|94\/100|[from] Sandstorm\n|upkeep\n|turn|2\n|\n|t:|1726146128\n|switch|p2b: Gholdengo|Gholdengo, L50|100\/100\n|move|p2a: Kilowattrel|Protect|p2a: Kilowattrel\n|-singleturn|p2a: Kilowattrel|Protect\n|move|p1a: Porygon2|Recover|p1a: Porygon2\n|-heal|p1a: Porygon2|83\/100\n|move|p1b: Tyranitar|Rock Slide|p2b: Gholdengo|[spread] p2b\n|-activate|p2a: Kilowattrel|move: Protect\n|-resisted|p2b: Gholdengo\n|-damage|p2b: Gholdengo|87\/100\n|\n|-weather|Sandstorm|[upkeep]\n|-damage|p1a: Porygon2|77\/100|[from] Sandstorm\n|-damage|p2a: Kilowattrel|88\/100|[from] Sandstorm\n|-heal|p2b: Gholdengo|93\/100|[from] item: Leftovers\n|upkeep\n|turn|3\n|\n|t:|1726146142\n|move|p2b: Gholdengo|Protect|p2b: Gholdengo\n|-singleturn|p2b: Gholdengo|Protect\n|move|p1a: Porygon2|Ice Beam|p2a: Kilowattrel\n|-supereffective|p2a: Kilowattrel\n|-damage|p2a: Kilowattrel|0 fnt\n|faint|p2a: Kilowattrel\n|move|p1b: Tyranitar|Knock Off|p2b: Gholdengo\n|-activate|p2b: Gholdengo|move: Protect\n|\n|-weather|Sandstorm|[upkeep]\n|-damage|p1a: Porygon2|70\/100|[from] Sandstorm\n|-heal|p2b: Gholdengo|99\/100|[from] item: Leftovers\n|upkeep\n|\n|t:|1726146147\n|switch|p2a: Baxcalibur|Baxcalibur, L50, M|94\/100\n|turn|4\n|\n|t:|1726146155\n|switch|p1a: Incineroar|Incineroar, L50, M, shiny|100\/100\n|-ability|p1a: Incineroar|Intimidate|boost\n|-unboost|p2a: Baxcalibur|atk|1\n|-unboost|p2b: Gholdengo|atk|1\n|-terastallize|p2a: Baxcalibur|Ground\n|move|p2b: Gholdengo|Protect||[still]\n|-fail|p2b: Gholdengo\n|move|p1b: Tyranitar|Knock Off|p2b: Gholdengo\n|-supereffective|p2b: Gholdengo\n|-damage|p2b: Gholdengo|3\/100\n|-enditem|p2b: Gholdengo|Leftovers|[from] move: Knock Off|[of] p1b: Tyranitar\n|move|p2a: Baxcalibur|Earthquake|p1b: Tyranitar|[spread] p2b,p1a,p1b\n|-supereffective|p2b: Gholdengo\n|-supereffective|p1a: Incineroar\n|-supereffective|p1b: Tyranitar\n|-damage|p2b: Gholdengo|0 fnt\n|-damage|p1a: Incineroar|58\/100\n|-damage|p1b: Tyranitar|56\/100\n|faint|p2b: Gholdengo\n|\n|-weather|Sandstorm|[upkeep]\n|upkeep\n|\n|t:|1726146162\n|switch|p2b: Haxorus|Haxorus, L50, F, shiny|100\/100\n|-ability|p2b: Haxorus|Mold Breaker\n|turn|5\n|inactive|Super Crist has 30 seconds left.\n|\n|t:|1726146187\n|move|p2b: Haxorus|Protect|p2b: Haxorus\n|-singleturn|p2b: Haxorus|Protect\n|move|p1b: Tyranitar|Knock Off|p2b: Haxorus\n|-activate|p2b: Haxorus|move: Protect\n|move|p1a: Incineroar|Parting Shot|p2a: Baxcalibur\n|-unboost|p2a: Baxcalibur|atk|1\n|-unboost|p2a: Baxcalibur|spa|1\n|\n|t:|1726146190\n|switch|p1a: Porygon2|Porygon2, L50, shiny|70\/100|[from] Parting Shot\n|-ability|p1a: Porygon2|Download|boost\n|-boost|p1a: Porygon2|spa|1\n|move|p2a: Baxcalibur|Earthquake|p1a: Porygon2|[spread] p1a,p1b\n|-activate|p2b: Haxorus|move: Protect\n|-supereffective|p1b: Tyranitar\n|-damage|p1a: Porygon2|56\/100\n|-damage|p1b: Tyranitar|18\/100\n|\n|-weather|none\n|-fieldend|move: Trick Room\n|upkeep\n|turn|6\n|\n|t:|1726146210\n|move|p2b: Haxorus|Close Combat|p1a: Porygon2\n|-supereffective|p1a: Porygon2\n|-damage|p1a: Porygon2|0 fnt\n|-unboost|p2b: Haxorus|def|1\n|-unboost|p2b: Haxorus|spd|1\n|faint|p1a: Porygon2\n|move|p2a: Baxcalibur|Icicle Crash|p1b: Tyranitar\n|-damage|p1b: Tyranitar|0 fnt\n|faint|p1b: Tyranitar\n|\n|upkeep\n|\n|t:|1726146214\n|switch|p1b: Ursaluna|Ursaluna, L50, M, shiny|100\/100\n|switch|p1a: Incineroar|Incineroar, L50, M, shiny|58\/100\n|-ability|p1a: Incineroar|Intimidate|boost\n|-unboost|p2a: Baxcalibur|atk|1\n|-fail|p2b: Haxorus|unboost|[from] item: Clear Amulet|[of] p2b: Haxorus\n|turn|7\n|inactive|Super Crist has 30 seconds left.\n|inactive|Super Crist has 20 seconds left.\n|inactive|Super Crist has 15 seconds left.\n|inactive|Super Crist has 10 seconds left.\n|\n|t:|1726146263\n|move|p2b: Haxorus|Protect|p2b: Haxorus\n|-singleturn|p2b: Haxorus|Protect\n|move|p1b: Ursaluna|Protect|p1b: Ursaluna\n|-singleturn|p1b: Ursaluna|Protect\n|move|p2a: Baxcalibur|Icicle Crash|p1b: Ursaluna\n|-activate|p1b: Ursaluna|move: Protect\n|move|p1a: Incineroar|Knock Off|p2b: Haxorus\n|-activate|p2b: Haxorus|move: Protect\n|\n|-status|p1b: Ursaluna|brn|[from] item: Flame Orb\n|upkeep\n|turn|8\n|\n|t:|1726146284\n|-terastallize|p1b: Ursaluna|Ghost\n|move|p2b: Haxorus|Rock Slide|p1b: Ursaluna|[spread] p1a,p1b\n|-supereffective|p1a: Incineroar\n|-damage|p1a: Incineroar|23\/100\n|-damage|p1b: Ursaluna|83\/100 brn\n|move|p2a: Baxcalibur|Icicle Crash|p1b: Ursaluna|[miss]\n|-miss|p2a: Baxcalibur|p1b: Ursaluna\n|cant|p1a: Incineroar|flinch\n|move|p1b: Ursaluna|Facade|p2b: Haxorus\n|-crit|p2b: Haxorus\n|-damage|p2b: Haxorus|0 fnt\n|faint|p2b: Haxorus\n|\n|-damage|p1b: Ursaluna|77\/100 brn|[from] brn\n|upkeep\n|turn|9\n|-message|chin8 forfeited.\n|\n|win|Super Crist\n|raw|Super Crist's rating: 1697 &rarr; <strong>1719<\/strong><br \/>(+22 for winning)\n|raw|chin8's rating: 1727 &rarr; <strong>1705<\/strong><br \/>(-22 for losing)\n|l|\u2606chin8\n|player|p2|\n|l|\u203dSuper Crist\n|player|p1|\n","uploadtime":1726146485,"views":38,"formatid":"gen9vgc2024regh","rating":1705,"private":0,"password":null}