{"id":"gen9vgc2024regh-2200165431","format":"[Gen 9] VGC 2024 Reg H","players":["Spottedwoot","chin8"],"log":"|j|\u2606Spottedwoot\n|j|\u2606chin8\n|t:|1726160010\n|gametype|doubles\n|player|p1|Spottedwoot|266|1703\n|player|p2|chin8|gentleman-gen4dp|1714\n|teamsize|p1|6\n|teamsize|p2|6\n|gen|9\n|tier|[Gen 9] VGC 2024 Reg H\n|rated|\n|rule|Species Clause: Limit one of each Pok\u00e9mon\n|rule|Item Clause: Limit 1 of each item\n|clearpoke\n|poke|p1|Rillaboom, L50, F|\n|poke|p1|Kingambit, L50, F|\n|poke|p1|Primarina, L50, M|\n|poke|p1|Salamence, L50, M|\n|poke|p1|Gholdengo, L50|\n|poke|p1|Tauros-Paldea-Blaze, L50, M|\n|poke|p2|Baxcalibur, L50, M|\n|poke|p2|Kilowattrel, L50, F|\n|poke|p2|Haxorus, L50, M|\n|poke|p2|Gardevoir, L50, F|\n|poke|p2|Magmortar, L50, M|\n|poke|p2|Gholdengo, L50|\n|teampreview|4\n|inactive|Battle timer is ON: inactive players will automatically lose when time's up. (requested by chin8)\n|\n|t:|1726160050\n|start\n|switch|p1a: Salamence|Salamence, L50, M|100\/100\n|switch|p1b: Gholdengo|Gholdengo, L50|100\/100\n|switch|p2a: Haxorus|Haxorus, L50, M, shiny|100\/100\n|switch|p2b: Kilowattrel|Kilowattrel, L50, F|100\/100\n|-ability|p1a: Salamence|Intimidate|boost\n|-fail|p2a: Haxorus|unboost|[from] item: Clear Amulet|[of] p2a: Haxorus\n|-unboost|p2b: Kilowattrel|atk|1\n|-ability|p2b: Kilowattrel|Competitive|boost\n|-boost|p2b: Kilowattrel|spa|2\n|-ability|p2a: Haxorus|Mold Breaker\n|turn|1\n|\n|t:|1726160061\n|-terastallize|p1b: Gholdengo|Steel\n|move|p2b: Kilowattrel|Tailwind|p2b: Kilowattrel\n|-sidestart|p2: chin8|move: Tailwind\n|move|p2a: Haxorus|Rock Slide|p1b: Gholdengo|[spread] p1a,p1b\n|-supereffective|p1a: Salamence\n|-resisted|p1b: Gholdengo\n|-damage|p1a: Salamence|36\/100\n|-damage|p1b: Gholdengo|86\/100\n|cant|p1a: Salamence|flinch\n|move|p1b: Gholdengo|Make It Rain|p2a: Haxorus|[spread] p2a,p2b\n|-resisted|p2b: Kilowattrel\n|-damage|p2a: Haxorus|0 fnt\n|-damage|p2b: Kilowattrel|12\/100\n|-unboost|p1b: Gholdengo|spa|1\n|faint|p2a: Haxorus\n|\n|upkeep\n|\n|t:|1726160074\n|switch|p2a: Baxcalibur|Baxcalibur, L50, M|100\/100\n|turn|2\n|\n|t:|1726160082\n|-terastallize|p2a: Baxcalibur|Ground\n|move|p1a: Salamence|Protect|p1a: Salamence\n|-singleturn|p1a: Salamence|Protect\n|move|p2b: Kilowattrel|Thunderbolt|p1a: Salamence\n|-activate|p1a: Salamence|move: Protect\n|move|p2a: Baxcalibur|Earthquake|p1a: Salamence|[spread] p1b\n|-activate|p1a: Salamence|move: Protect\n|-immune|p2b: Kilowattrel\n|-supereffective|p1b: Gholdengo\n|-damage|p1b: Gholdengo|0 fnt\n|faint|p1b: Gholdengo\n|\n|upkeep\n|\n|t:|1726160092\n|switch|p1b: Primarina|Primarina, L50, M|100\/100\n|turn|3\n|\n|t:|1726160104\n|move|p1b: Primarina|Protect|p1b: Primarina\n|-singleturn|p1b: Primarina|Protect\n|move|p2a: Baxcalibur|Ice Shard|p1a: Salamence\n|-supereffective|p1a: Salamence\n|-damage|p1a: Salamence|0 fnt\n|faint|p1a: Salamence\n|move|p2b: Kilowattrel|Thunderbolt|p1b: Primarina\n|-activate|p1b: Primarina|move: Protect\n|\n|upkeep\n|\n|t:|1726160109\n|switch|p1a: Kingambit|Kingambit, L50, F|100\/100\n|turn|4\n|\n|t:|1726160113\n|move|p2b: Kilowattrel|Protect|p2b: Kilowattrel\n|-singleturn|p2b: Kilowattrel|Protect\n|move|p1a: Kingambit|Sucker Punch||[still]\n|-fail|p1a: Kingambit\n|move|p2a: Baxcalibur|Earthquake|p1a: Kingambit|[spread] p1a,p1b\n|-activate|p2b: Kilowattrel|move: Protect\n|-supereffective|p1a: Kingambit\n|-damage|p1a: Kingambit|30\/100\n|-damage|p1b: Primarina|49\/100\n|move|p1b: Primarina|Hyper Voice|p2b: Kilowattrel|[spread] p2a\n|-activate|p2b: Kilowattrel|move: Protect\n|-supereffective|p2a: Baxcalibur\n|-damage|p2a: Baxcalibur|63\/100\n|-enditem|p1b: Primarina|Throat Spray\n|-boost|p1b: Primarina|spa|1|[from] item: Throat Spray\n|\n|-sideend|p2: chin8|move: Tailwind\n|upkeep\n|turn|5\n|inactive|Spottedwoot has 30 seconds left.\n|\n|t:|1726160138\n|move|p1a: Kingambit|Sucker Punch|p2b: Kilowattrel\n|-damage|p2b: Kilowattrel|0 fnt\n|faint|p2b: Kilowattrel\n|move|p2a: Baxcalibur|Earthquake|p1a: Kingambit|[spread] p1a,p1b\n|-supereffective|p1a: Kingambit\n|-damage|p1a: Kingambit|0 fnt\n|-damage|p1b: Primarina|0 fnt\n|faint|p1a: Kingambit\n|faint|p1b: Primarina\n|\n|win|chin8\n|raw|Spottedwoot's rating: 1703 &rarr; <strong>1684<\/strong><br \/>(-19 for losing)\n|raw|chin8's rating: 1714 &rarr; <strong>1733<\/strong><br \/>(+19 for winning)\n|l|\u2606chin8\n|player|p2|\n|l|\u2606Spottedwoot\n|player|p1|\n|j| Tobiaszek\n","uploadtime":1726160142,"views":127,"formatid":"gen9vgc2024regh","rating":1684,"private":0,"password":null}