{"id":"gen9vgc2024regh-2200369842","format":"[Gen 9] VGC 2024 Reg H","players":["bieiup","bwahacough"],"log":"|j|\u2606bieiup\n|j|\u2606bwahacough\n|t:|1726179022\n|gametype|doubles\n|player|p1|bieiup|lillie-z|1752\n|player|p2|bwahacough|medium|1738\n|teamsize|p1|6\n|teamsize|p2|6\n|gen|9\n|tier|[Gen 9] VGC 2024 Reg H\n|rated|\n|rule|Species Clause: Limit one of each Pok\u00e9mon\n|rule|Item Clause: Limit 1 of each item\n|clearpoke\n|poke|p1|Sableye, L50, M|\n|poke|p1|Dondozo, L50, M|\n|poke|p1|Sylveon, L50, F|\n|poke|p1|Dragonite, L50, M|\n|poke|p1|Gholdengo, L50|\n|poke|p1|Ursaluna-Bloodmoon, L50, M|\n|poke|p2|Lycanroc, L50, M|\n|poke|p2|Tyranitar, L50, M|\n|poke|p2|Indeedee-F, L50, F|\n|poke|p2|Murkrow, L50, F|\n|poke|p2|Garchomp, L50, F|\n|poke|p2|Gholdengo, L50|\n|teampreview|4\n|\n|t:|1726179037\n|start\n|switch|p1a: Sylveon|Sylveon, L50, F|100\/100\n|switch|p1b: Sableye|Sableye, L50, M|100\/100\n|switch|p2a: Lycanroc|Lycanroc, L50, M, shiny|100\/100\n|switch|p2b: Tyranitar|Tyranitar, L50, M|100\/100\n|-weather|Sandstorm|[from] ability: Sand Stream|[of] p2b: Tyranitar\n|turn|1\n|j| practice bee\n|j| Peroquecuones\n|\n|t:|1726179051\n|move|p1b: Sableye|Fake Out|p2a: Lycanroc\n|-resisted|p2a: Lycanroc\n|-damage|p2a: Lycanroc|94\/100\n|cant|p2a: Lycanroc|flinch\n|move|p2b: Tyranitar|Rock Slide|p1b: Sableye|[spread] p1a,p1b\n|-damage|p1a: Sylveon|62\/100\n|-damage|p1b: Sableye|53\/100\n|move|p1a: Sylveon|Hyper Voice|p2b: Tyranitar|[spread] p2a,p2b\n|-supereffective|p2b: Tyranitar\n|-damage|p2a: Lycanroc|51\/100\n|-damage|p2b: Tyranitar|67\/100\n|-enditem|p1a: Sylveon|Throat Spray\n|-boost|p1a: Sylveon|spa|1|[from] item: Throat Spray\n|\n|-weather|Sandstorm|[upkeep]\n|-damage|p1b: Sableye|47\/100|[from] Sandstorm\n|-damage|p1a: Sylveon|56\/100|[from] Sandstorm\n|upkeep\n|turn|2\n|\n|t:|1726179059\n|move|p1b: Sableye|Encore|p1a: Sylveon\n|-start|p1a: Sylveon|Encore\n|move|p1a: Sylveon|Hyper Voice|p2a: Lycanroc|[spread] p2a,p2b\n|-supereffective|p2b: Tyranitar\n|-damage|p2a: Lycanroc|0 fnt\n|-damage|p2b: Tyranitar|20\/100\n|faint|p2a: Lycanroc\n|move|p2b: Tyranitar|Rock Slide|p1b: Sableye|[spread] p1a,p1b\n|-crit|p1a: Sylveon\n|-damage|p1a: Sylveon|0 fnt\n|-damage|p1b: Sableye|0 fnt\n|faint|p1a: Sylveon\n|faint|p1b: Sableye\n|\n|-weather|Sandstorm|[upkeep]\n|upkeep\n|inactive|Battle timer is ON: inactive players will automatically lose when time's up. (requested by bieiup)\n|\n|t:|1726179074\n|switch|p2a: Gholdengo|Gholdengo, L50|100\/100\n|switch|p1b: Gholdengo|Gholdengo, L50|100\/100\n|switch|p1a: Dragonite|Dragonite, L50, M|100\/100\n|turn|3\n|\n|t:|1726179089\n|-terastallize|p1b: Gholdengo|Ground\n|-terastallize|p2a: Gholdengo|Flying\n|move|p1a: Dragonite|Extreme Speed|p2b: Tyranitar\n|-resisted|p2b: Tyranitar\n|-damage|p2b: Tyranitar|7\/100\n|move|p1b: Gholdengo|Tera Blast|p2a: Gholdengo|[anim] Tera Blast Ground\n|-immune|p2a: Gholdengo\n|move|p2a: Gholdengo|Shadow Ball|p1b: Gholdengo\n|-damage|p1b: Gholdengo|31\/100\n|-damage|p2a: Gholdengo|91\/100|[from] item: Life Orb\n|move|p2b: Tyranitar|Knock Off|p1a: Dragonite\n|-damage|p1a: Dragonite|76\/100\n|-enditem|p1a: Dragonite|Assault Vest|[from] move: Knock Off|[of] p2b: Tyranitar\n|\n|-weather|Sandstorm|[upkeep]\n|-damage|p2a: Gholdengo|85\/100|[from] Sandstorm\n|-damage|p1a: Dragonite|70\/100|[from] Sandstorm\n|upkeep\n|turn|4\n|c|\u2606bieiup|???????\n|\n|t:|1726179110\n|switch|p2b: Indeedee|Indeedee-F, L50, F, shiny|100\/100\n|-fieldstart|move: Psychic Terrain|[from] ability: Psychic Surge|[of] p2b: Indeedee\n|move|p1b: Gholdengo|Tera Blast|p2b: Indeedee|[anim] Tera Blast Ground\n|-damage|p2b: Indeedee|56\/100\n|move|p2a: Gholdengo|Make It Rain|p1a: Dragonite|[spread] p1a,p1b\n|-damage|p1a: Dragonite|12\/100\n|-damage|p1b: Gholdengo|0 fnt\n|-unboost|p2a: Gholdengo|spa|1\n|faint|p1b: Gholdengo\n|-damage|p2a: Gholdengo|75\/100|[from] item: Life Orb\n|move|p1a: Dragonite|Outrage|p2a: Gholdengo\n|-damage|p2a: Gholdengo|6\/100\n|\n|-weather|Sandstorm|[upkeep]\n|-damage|p2a: Gholdengo|0 fnt|[from] Sandstorm\n|-damage|p1a: Dragonite|6\/100|[from] Sandstorm\n|faint|p2a: Gholdengo\n|upkeep\n|\n|t:|1726179115\n|switch|p2a: Tyranitar|Tyranitar, L50, M|7\/100\n|turn|5\n|\n|t:|1726179117\n|move|p2b: Indeedee|Psychic|p1a: Dragonite\n|-damage|p1a: Dragonite|0 fnt\n|faint|p1a: Dragonite\n|\n|win|bwahacough\n|raw|bieiup's rating: 1752 &rarr; <strong>1732<\/strong><br \/>(-20 for losing)\n|raw|bwahacough's rating: 1746 &rarr; <strong>1766<\/strong><br \/>(+20 for winning)\n|l|\u2606bwahacough\n|player|p2|\n|l|\u2606bieiup\n|player|p1|\n|l| Peroquecuones\n","uploadtime":1726179326,"views":50,"formatid":"gen9vgc2024regh","rating":1732,"private":0,"password":null}