{"id":"gen9vgc2024regh-2200045508","format":"[Gen 9] VGC 2024 Reg H","players":["pokehys3","zhanlinxie"],"log":"|j|\u2606pokehys3\n|j|\u2606zhanlinxie\n|t:|1726149593\n|gametype|doubles\n|player|p1|pokehys3|266|1670\n|player|p2|zhanlinxie|marley|1735\n|teamsize|p1|6\n|teamsize|p2|6\n|gen|9\n|tier|[Gen 9] VGC 2024 Reg H\n|rated|\n|rule|Species Clause: Limit one of each Pok\u00e9mon\n|rule|Item Clause: Limit 1 of each item\n|clearpoke\n|poke|p1|Gholdengo, L50|\n|poke|p1|Talonflame, L50, F|\n|poke|p1|Sneasler, L50, M|\n|poke|p1|Indeedee, L50, M|\n|poke|p1|Primarina, L50, M|\n|poke|p1|Dragapult, L50, M|\n|poke|p2|Meowscarada, L50, F|\n|poke|p2|Archaludon, L50, F|\n|poke|p2|Ursaluna-Bloodmoon, L50, M|\n|poke|p2|Primarina, L50, F|\n|poke|p2|Annihilape, L50, F|\n|poke|p2|Maushold-Four, L50|\n|teampreview|4\n|inactive|Battle timer is ON: inactive players will automatically lose when time's up. (requested by pokehys3)\n|inactive|zhanlinxie has 60 seconds left.\n|\n|t:|1726149633\n|start\n|switch|p1a: Talonflame|Talonflame, L50, F|100\/100\n|switch|p1b: Gholdengo|Gholdengo, L50|100\/100\n|switch|p2a: Meowscarada|Meowscarada, L50, F|100\/100\n|switch|p2b: Primarina|Primarina, L50, F|100\/100\n|turn|1\n|inactive|pokehys3 has 30 seconds left.\n|inactive|pokehys3 has 20 seconds left.\n|\n|t:|1726149669\n|-terastallize|p1b: Gholdengo|Steel\n|move|p1a: Talonflame|Brave Bird|p2a: Meowscarada\n|-supereffective|p2a: Meowscarada\n|-enditem|p2a: Meowscarada|Focus Sash\n|-damage|p2a: Meowscarada|1\/100\n|-damage|p1a: Talonflame|68\/100|[from] Recoil\n|-damage|p1a: Talonflame|58\/100|[from] item: Life Orb\n|move|p2a: Meowscarada|Grass Pledge|p1a: Talonflame\n|-waiting|p2a: Meowscarada|p2b: Primarina\n|move|p2b: Primarina|Water Pledge|p1a: Talonflame|[from]move: Grass Pledge\n|-combine\n|-resisted|p1a: Talonflame\n|-damage|p1a: Talonflame|26\/100\n|-sidestart|p1: pokehys3|Grass Pledge\n|move|p1b: Gholdengo|Make It Rain|p2b: Primarina|[spread] p2a,p2b\n|-damage|p2a: Meowscarada|0 fnt\n|-damage|p2b: Primarina|7\/100\n|-unboost|p1b: Gholdengo|spa|1\n|faint|p2a: Meowscarada\n|\n|upkeep\n|inactive|zhanlinxie has 30 seconds left.\n|inactive|zhanlinxie has 20 seconds left.\n|\n|t:|1726149705\n|switch|p2a: Ursaluna|Ursaluna-Bloodmoon, L50, M|100\/100\n|turn|2\n|\n|t:|1726149713\n|switch|p1a: Sneasler|Sneasler, L50, M|100\/100\n|switch|p1b: Indeedee|Indeedee, L50, M|100\/100\n|-fieldstart|move: Psychic Terrain|[from] ability: Psychic Surge|[of] p1b: Indeedee\n|-enditem|p1a: Sneasler|Psychic Seed\n|-boost|p1a: Sneasler|spd|1|[from] item: Psychic Seed\n|move|p2b: Primarina|Hyper Voice|p1b: Indeedee|[spread] p1a,p1b\n|-damage|p1a: Sneasler|59\/100\n|-damage|p1b: Indeedee|36\/100\n|move|p2a: Ursaluna|Earth Power|p1b: Indeedee\n|-damage|p1b: Indeedee|0 fnt\n|faint|p1b: Indeedee\n|-damage|p2a: Ursaluna|91\/100|[from] item: Life Orb\n|\n|upkeep\n|\n|t:|1726149727\n|switch|p1b: Gholdengo|Gholdengo, L50, tera:Steel|100\/100\n|turn|3\n|\n|t:|1726149754\n|switch|p1b: Talonflame|Talonflame, L50, F|26\/100\n|move|p2a: Ursaluna|Protect|p2a: Ursaluna\n|-singleturn|p2a: Ursaluna|Protect\n|move|p1a: Sneasler|Dire Claw|p2b: Primarina\n|-supereffective|p2b: Primarina\n|-damage|p2b: Primarina|0 fnt\n|faint|p2b: Primarina\n|\n|upkeep\n|\n|t:|1726149756\n|switch|p2b: Archaludon|Archaludon, L50, F|100\/100\n|turn|4\n|\n|t:|1726149770\n|move|p1a: Sneasler|Protect|p1a: Sneasler\n|-singleturn|p1a: Sneasler|Protect\n|move|p2b: Archaludon|Electro Shot||[still]\n|-prepare|p2b: Archaludon|Electro Shot\n|-boost|p2b: Archaludon|spa|1\n|-enditem|p2b: Archaludon|Power Herb\n|-anim|p2b: Archaludon|Electro Shot|p1a: Sneasler\n|-activate|p1a: Sneasler|move: Protect\n|move|p2a: Ursaluna|Hyper Voice|p1b: Talonflame|[spread] p1b\n|-activate|p1a: Sneasler|move: Protect\n|-crit|p1b: Talonflame\n|-damage|p1b: Talonflame|0 fnt\n|faint|p1b: Talonflame\n|-damage|p2a: Ursaluna|81\/100|[from] item: Life Orb\n|\n|-sideend|p1: pokehys3|Grass Pledge\n|upkeep\n|\n|t:|1726149781\n|switch|p1b: Gholdengo|Gholdengo, L50, tera:Steel|100\/100\n|turn|5\n|\n|t:|1726149804\n|-terastallize|p2b: Archaludon|Stellar\n|move|p2a: Ursaluna|Protect|p2a: Ursaluna\n|-singleturn|p2a: Ursaluna|Protect\n|move|p1a: Sneasler|Close Combat|p2b: Archaludon\n|-supereffective|p2b: Archaludon\n|-ability|p2b: Archaludon|Sturdy\n|-damage|p2b: Archaludon|1\/100\n|-unboost|p1a: Sneasler|def|1\n|-unboost|p1a: Sneasler|spd|1\n|move|p2b: Archaludon|Draco Meteor|p1a: Sneasler\n|-crit|p1a: Sneasler\n|-damage|p1a: Sneasler|0 fnt\n|-unboost|p2b: Archaludon|spa|2\n|faint|p1a: Sneasler\n|move|p1b: Gholdengo|Make It Rain|p2a: Ursaluna|[spread] p2b\n|-activate|p2a: Ursaluna|move: Protect\n|-resisted|p2b: Archaludon\n|-damage|p2b: Archaludon|0 fnt\n|-unboost|p1b: Gholdengo|spa|1\n|faint|p2b: Archaludon\n|\n|upkeep\n|turn|6\n|\n|t:|1726149808\n|move|p1b: Gholdengo|Make It Rain|p2a: Ursaluna\n|-crit|p2a: Ursaluna\n|-damage|p2a: Ursaluna|0 fnt\n|-unboost|p1b: Gholdengo|spa|1\n|faint|p2a: Ursaluna\n|\n|win|pokehys3\n|raw|pokehys3's rating: 1670 &rarr; <strong>1694<\/strong><br \/>(+24 for winning)\n|raw|zhanlinxie's rating: 1735 &rarr; <strong>1711<\/strong><br \/>(-24 for losing)\n|l|\u2606zhanlinxie\n|player|p2|\n","uploadtime":1726149970,"views":28,"formatid":"gen9vgc2024regh","rating":1694,"private":0,"password":null}