{"id":"gen9vgc2024regh-2200393135","format":"[Gen 9] VGC 2024 Reg H","players":["ssb5199","bieiup"],"log":"|j|\u2606ssb5199\n|j|\u2606bieiup\n|t:|1726181678\n|gametype|doubles\n|player|p1|ssb5199|dawn|1657\n|player|p2|bieiup|lillie-z|1705\n|teamsize|p1|6\n|teamsize|p2|6\n|gen|9\n|tier|[Gen 9] VGC 2024 Reg H\n|rated|\n|rule|Species Clause: Limit one of each Pok\u00e9mon\n|rule|Item Clause: Limit 1 of each item\n|clearpoke\n|poke|p1|Quaquaval, L50, M|\n|poke|p1|Archaludon, L50, F|\n|poke|p1|Basculegion, L50, M|\n|poke|p1|Kingambit, L50, F|\n|poke|p1|Amoonguss, L50, F|\n|poke|p1|Pelipper, L50, F|\n|poke|p2|Sableye, L50, M|\n|poke|p2|Dondozo, L50, M|\n|poke|p2|Sylveon, L50, F|\n|poke|p2|Dragonite, L50, M|\n|poke|p2|Gholdengo, L50|\n|poke|p2|Ursaluna-Bloodmoon, L50, M|\n|teampreview|4\n|inactive|Battle timer is ON: inactive players will automatically lose when time's up. (requested by bieiup)\n|\n|t:|1726181713\n|start\n|switch|p1a: Archaludon|Archaludon, L50, F|100\/100\n|switch|p1b: Amoonguss|Amoonguss, L50, F|100\/100\n|switch|p2a: Sableye|Sableye, L50, M|100\/100\n|switch|p2b: Sylveon|Sylveon, L50, F|100\/100\n|turn|1\n|\n|t:|1726181728\n|move|p2a: Sableye|Will-O-Wisp|p2b: Sylveon\n|-status|p2b: Sylveon|brn\n|move|p1a: Archaludon|Flash Cannon|p2b: Sylveon\n|-supereffective|p2b: Sylveon\n|-damage|p2b: Sylveon|46\/100 brn\n|move|p2b: Sylveon|Hyper Voice|p1a: Archaludon|[spread] p1a,p1b\n|-resisted|p1b: Amoonguss\n|-damage|p1a: Archaludon|66\/100\n|-damage|p1b: Amoonguss|82\/100\n|-ability|p1a: Archaludon|Stamina|boost\n|-boost|p1a: Archaludon|def|1\n|-enditem|p2b: Sylveon|Throat Spray\n|-boost|p2b: Sylveon|spa|1|[from] item: Throat Spray\n|move|p1b: Amoonguss|Clear Smog|p2b: Sylveon\n|-supereffective|p2b: Sylveon\n|-damage|p2b: Sylveon|24\/100 brn\n|-clearboost|p2b: Sylveon\n|\n|-damage|p2b: Sylveon|18\/100 brn|[from] brn\n|upkeep\n|turn|2\n|\n|t:|1726181748\n|move|p2a: Sableye|Encore|p1b: Amoonguss\n|-start|p1b: Amoonguss|Encore\n|move|p1a: Archaludon|Flash Cannon|p2b: Sylveon\n|-supereffective|p2b: Sylveon\n|-crit|p2b: Sylveon\n|-damage|p2b: Sylveon|0 fnt\n|faint|p2b: Sylveon\n|move|p1b: Amoonguss|Clear Smog|p2a: Sableye\n|-resisted|p2a: Sableye\n|-damage|p2a: Sableye|89\/100\n|-clearboost|p2a: Sableye\n|\n|upkeep\n|\n|t:|1726181752\n|switch|p2b: Dragonite|Dragonite, L50, M|100\/100\n|turn|3\n|\n|t:|1726181763\n|-terastallize|p1a: Archaludon|Grass\n|move|p2a: Sableye|Encore|p1a: Archaludon\n|-start|p1a: Archaludon|Encore\n|move|p1a: Archaludon|Flash Cannon|p2b: Dragonite\n|-damage|p2b: Dragonite|87\/100\n|move|p2b: Dragonite|Earthquake|p1a: Archaludon|[spread] p2a,p1a,p1b\n|-crit|p2a: Sableye\n|-resisted|p1a: Archaludon\n|-damage|p2a: Sableye|22\/100\n|-damage|p1a: Archaludon|58\/100\n|-damage|p1b: Amoonguss|58\/100\n|-ability|p1a: Archaludon|Stamina|boost\n|-boost|p1a: Archaludon|def|1\n|move|p1b: Amoonguss|Clear Smog|p2b: Dragonite\n|-damage|p2b: Dragonite|78\/100\n|-clearboost|p2b: Dragonite\n|\n|upkeep\n|turn|4\n|\n|t:|1726181783\n|move|p2a: Sableye|Will-O-Wisp|p1a: Archaludon|[miss]\n|-miss|p2a: Sableye|p1a: Archaludon\n|move|p1a: Archaludon|Flash Cannon|p2b: Dragonite\n|-damage|p2b: Dragonite|53\/100\n|move|p2b: Dragonite|Aerial Ace|p1b: Amoonguss\n|-supereffective|p1b: Amoonguss\n|-damage|p1b: Amoonguss|1\/100\n|-enditem|p1b: Amoonguss|Sitrus Berry|[eat]\n|-heal|p1b: Amoonguss|26\/100|[from] item: Sitrus Berry\n|move|p1b: Amoonguss|Clear Smog|p2b: Dragonite\n|-damage|p2b: Dragonite|44\/100\n|-clearboost|p2b: Dragonite\n|\n|-end|p1b: Amoonguss|Encore\n|upkeep\n|turn|5\n|\n|t:|1726181798\n|move|p1b: Amoonguss|Protect|p1b: Amoonguss\n|-singleturn|p1b: Amoonguss|Protect\n|move|p2b: Dragonite|Extreme Speed|p1a: Archaludon\n|-damage|p1a: Archaludon|46\/100\n|-ability|p1a: Archaludon|Stamina|boost\n|-boost|p1a: Archaludon|def|1\n|move|p2a: Sableye|Encore|p1b: Amoonguss\n|-activate|p1b: Amoonguss|move: Protect\n|move|p1a: Archaludon|Flash Cannon|p2a: Sableye\n|-damage|p2a: Sableye|0 fnt\n|faint|p2a: Sableye\n|\n|-end|p1a: Archaludon|Encore\n|upkeep\n|\n|t:|1726181801\n|switch|p2a: Dondozo|Dondozo, L50, M|100\/100\n|turn|6\n|\n|t:|1726181824\n|move|p1a: Archaludon|Body Press|p2a: Dondozo\n|-damage|p2a: Dondozo|85\/100\n|move|p2b: Dragonite|Aerial Ace|p1b: Amoonguss\n|-supereffective|p1b: Amoonguss\n|-damage|p1b: Amoonguss|0 fnt\n|faint|p1b: Amoonguss\n|move|p2a: Dondozo|Curse|p2a: Dondozo\n|-unboost|p2a: Dondozo|spe|1\n|-boost|p2a: Dondozo|atk|1\n|-boost|p2a: Dondozo|def|1\n|\n|upkeep\n|\n|t:|1726181830\n|switch|p1b: Quaquaval|Quaquaval, L50, M|100\/100\n|turn|7\n|\n|t:|1726181847\n|move|p1b: Quaquaval|Close Combat|p2b: Dragonite\n|-resisted|p2b: Dragonite\n|-damage|p2b: Dragonite|13\/100\n|-unboost|p1b: Quaquaval|def|1\n|-unboost|p1b: Quaquaval|spd|1\n|move|p1a: Archaludon|Draco Meteor|p2a: Dondozo\n|-crit|p2a: Dondozo\n|-damage|p2a: Dondozo|24\/100\n|-unboost|p1a: Archaludon|spa|2\n|move|p2b: Dragonite|Aerial Ace|p1a: Archaludon\n|-supereffective|p1a: Archaludon\n|-damage|p1a: Archaludon|23\/100\n|-ability|p1a: Archaludon|Stamina|boost\n|-boost|p1a: Archaludon|def|1\n|move|p2a: Dondozo|Fissure|p1a: Archaludon|[miss]\n|-miss|p2a: Dondozo|p1a: Archaludon\n|\n|upkeep\n|turn|8\n|l|\u2606ssb5199\n|inactive|ssb5199 disconnected and has a minute to reconnect!\n|player|p1|\n|inactive|ssb5199 has 30 seconds left.\n|inactive|ssb5199 has 20 seconds left.\n|inactive|ssb5199 has 15 seconds left.\n|inactive|ssb5199 has 10 seconds left.\n|inactive|ssb5199 has 5 seconds left.\n|j|\u2606ssb5199\n|inactive|ssb5199 reconnected and has 5 seconds left.\n|player|p1|ssb5199|dawn|\n|\n|t:|1726181903\n|move|p1b: Quaquaval|Aqua Step|p2a: Dondozo\n|-resisted|p2a: Dondozo\n|-damage|p2a: Dondozo|15\/100\n|-boost|p1b: Quaquaval|spe|1\n|move|p1a: Archaludon|Electro Shot||[still]\n|-prepare|p1a: Archaludon|Electro Shot\n|-boost|p1a: Archaludon|spa|1\n|move|p2b: Dragonite|Aerial Ace|p1b: Quaquaval\n|-supereffective|p1b: Quaquaval\n|-enditem|p1b: Quaquaval|Focus Sash\n|-damage|p1b: Quaquaval|1\/100\n|move|p2a: Dondozo|Rest|p2a: Dondozo\n|-status|p2a: Dondozo|slp|[from] move: Rest\n|-heal|p2a: Dondozo|100\/100 slp|[silent]\n|-enditem|p2a: Dondozo|Chesto Berry|[eat]\n|-curestatus|p2a: Dondozo|slp|[msg]\n|\n|upkeep\n|turn|9\n|j| tzer99\n|\n|t:|1726181922\n|move|p2b: Dragonite|Extreme Speed|p1b: Quaquaval\n|-damage|p1b: Quaquaval|0 fnt\n|faint|p1b: Quaquaval\n|move|p1a: Archaludon|Electro Shot|p2a: Dondozo|[from]lockedmove\n|-supereffective|p2a: Dondozo\n|-damage|p2a: Dondozo|46\/100\n|move|p2a: Dondozo|Fissure|p1a: Archaludon|[miss]\n|-miss|p2a: Dondozo|p1a: Archaludon\n|\n|upkeep\n|\n|t:|1726181931\n|switch|p1b: Kingambit|Kingambit, L50, F|100\/100\n|turn|10\n|\n|t:|1726181939\n|move|p2b: Dragonite|Extreme Speed|p1a: Archaludon\n|-damage|p1a: Archaludon|16\/100\n|-ability|p1a: Archaludon|Stamina|boost\n|-boost|p1a: Archaludon|def|1\n|move|p1a: Archaludon|Draco Meteor|p2a: Dondozo\n|-damage|p2a: Dondozo|1\/100\n|-unboost|p1a: Archaludon|spa|2\n|move|p1b: Kingambit|Kowtow Cleave|p2b: Dragonite\n|-damage|p2b: Dragonite|0 fnt\n|faint|p2b: Dragonite\n|move|p2a: Dondozo|Fissure|p1a: Archaludon|[miss]\n|-miss|p2a: Dondozo|p1a: Archaludon\n|\n|upkeep\n|turn|11\n|-message|bieiup forfeited.\n|\n|win|ssb5199\n|raw|ssb5199's rating: 1657 &rarr; <strong>1680<\/strong><br \/>(+23 for winning)\n|raw|bieiup's rating: 1705 &rarr; <strong>1682<\/strong><br \/>(-23 for losing)\n|l|\u2606ssb5199\n|player|p1|\n|l|\u2606bieiup\n|player|p2|\n","uploadtime":1726182111,"views":20,"formatid":"gen9vgc2024regh","rating":1680,"private":0,"password":null}