{"id":"gen9vgc2024regh-2200969507","format":"[Gen 9] VGC 2024 Reg H","players":["Cereales_Hacendado","Vouldoon"],"log":"|j|\u2606Cereales_Hacendado\n|j|\u2606Vouldoon\n|t:|1726252306\n|gametype|doubles\n|player|p1|Cereales_Hacendado|102|1735\n|player|p2|Vouldoon|170|1681\n|teamsize|p1|6\n|teamsize|p2|6\n|gen|9\n|tier|[Gen 9] VGC 2024 Reg H\n|rated|\n|rule|Species Clause: Limit one of each Pok\u00e9mon\n|rule|Item Clause: Limit 1 of each item\n|clearpoke\n|poke|p1|Muk-Alola, L50, M|\n|poke|p1|Mandibuzz, L50, F|\n|poke|p1|Hydrapple, L50, F|\n|poke|p1|Gengar, L50, M|\n|poke|p1|Whiscash, L50, M|\n|poke|p1|Tauros-Paldea-Aqua, L50, M|\n|poke|p2|Whimsicott, L50, F|\n|poke|p2|Blastoise, L50, F|\n|poke|p2|Arcanine-Hisui, L50, M|\n|poke|p2|Gholdengo, L50|\n|poke|p2|Dragonite, L50, F|\n|poke|p2|Annihilape, L50, M|\n|teampreview|4\n|inactive|Battle timer is ON: inactive players will automatically lose when time's up. (requested by Vouldoon)\n|\n|t:|1726252349\n|start\n|switch|p1a: Smile|Gengar, L50, M|100\/100\n|switch|p1b: E=MC^2|Muk-Alola, L50, M, shiny|100\/100\n|switch|p2a: Annihilape|Annihilape, L50, M|100\/100\n|switch|p2b: Arcanine|Arcanine-Hisui, L50, M|100\/100\n|-ability|p2b: Arcanine|Intimidate|boost\n|-unboost|p1a: Smile|atk|1\n|-unboost|p1b: E=MC^2|atk|1\n|turn|1\n|j| mr pogostick\n|\n|t:|1726252366\n|move|p1a: Smile|Shadow Ball|p2a: Annihilape\n|-supereffective|p2a: Annihilape\n|-damage|p2a: Annihilape|47\/100\n|move|p2b: Arcanine|Flare Blitz|p1b: E=MC^2\n|-damage|p1b: E=MC^2|31\/100\n|-damage|p2b: Arcanine|72\/100|[from] Recoil\n|move|p2a: Annihilape|Final Gambit|p1b: E=MC^2\n|-damage|p1b: E=MC^2|0 fnt\n|faint|p2a: Annihilape\n|faint|p1b: E=MC^2\n|\n|upkeep\n|\n|t:|1726252377\n|switch|p2a: Whimsicott|Whimsicott, L50, F|100\/100\n|switch|p1b: Torapia|Tauros-Paldea-Aqua, L50, M|100\/100\n|-ability|p1b: Torapia|Intimidate|boost\n|-unboost|p2a: Whimsicott|atk|1\n|-fail|p2b: Arcanine|unboost|[from] item: Clear Amulet|[of] p2b: Arcanine\n|turn|2\n|\n|t:|1726252393\n|-terastallize|p2a: Whimsicott|Ghost\n|move|p1b: Torapia|Protect|p1b: Torapia\n|-singleturn|p1b: Torapia|Protect\n|move|p2a: Whimsicott|Tailwind|p2a: Whimsicott\n|-sidestart|p2: Vouldoon|move: Tailwind\n|move|p2b: Arcanine|Flare Blitz|p1a: Smile\n|-enditem|p1a: Smile|Focus Sash\n|-damage|p1a: Smile|1\/100\n|-damage|p2b: Arcanine|46\/100|[from] Recoil\n|move|p1a: Smile|Sludge Wave|p2b: Arcanine|[spread] p2a,p2b\n|-activate|p1b: Torapia|move: Protect\n|-resisted|p2a: Whimsicott\n|-resisted|p2b: Arcanine\n|-damage|p2a: Whimsicott|75\/100\n|-damage|p2b: Arcanine|25\/100\n|\n|upkeep\n|turn|3\n|\n|t:|1726252415\n|move|p2a: Whimsicott|Encore|p1b: Torapia\n|-start|p1b: Torapia|Encore\n|move|p1b: Torapia|Protect||[still]\n|-fail|p1b: Torapia\n|move|p2b: Arcanine|Flare Blitz|p1a: Smile\n|-damage|p1a: Smile|0 fnt\n|faint|p1a: Smile\n|-damage|p2b: Arcanine|24\/100|[from] Recoil\n|\n|upkeep\n|\n|t:|1726252423\n|switch|p1a: GF Hunter|Mandibuzz, L50, F, shiny|100\/100\n|turn|4\n|\n|t:|1726252430\n|-terastallize|p1a: GF Hunter|Poison\n|move|p1b: Torapia|Protect|p1b: Torapia\n|-singleturn|p1b: Torapia|Protect\n|move|p2b: Arcanine|Rock Slide|p1a: GF Hunter|[spread] p1a\n|-activate|p1b: Torapia|move: Protect\n|-damage|p1a: GF Hunter|84\/100\n|move|p2a: Whimsicott|Moonblast|p1a: GF Hunter\n|-resisted|p1a: GF Hunter\n|-damage|p1a: GF Hunter|67\/100\n|move|p1a: GF Hunter|Foul Play|p2a: Whimsicott\n|-supereffective|p2a: Whimsicott\n|-damage|p2a: Whimsicott|47\/100\n|\n|upkeep\n|turn|5\n|\n|t:|1726252448\n|move|p1b: Torapia|Protect||[still]\n|-fail|p1b: Torapia\n|move|p2b: Arcanine|Rock Slide|p1b: Torapia|[spread] p1a,p1b\n|-resisted|p1b: Torapia\n|-damage|p1a: GF Hunter|48\/100\n|-damage|p1b: Torapia|82\/100\n|move|p2a: Whimsicott|Energy Ball|p1b: Torapia\n|-supereffective|p1b: Torapia\n|-damage|p1b: Torapia|0 fnt\n|faint|p1b: Torapia\n|move|p1a: GF Hunter|Foul Play|p2b: Arcanine\n|-damage|p2b: Arcanine|0 fnt\n|faint|p2b: Arcanine\n|\n|-sideend|p2: Vouldoon|move: Tailwind\n|upkeep\n|\n|t:|1726252450\n|switch|p2b: Blastoise|Blastoise, L50, F|100\/100\n|turn|6\n|\n|t:|1726252469\n|move|p2a: Whimsicott|Tailwind|p2a: Whimsicott\n|-sidestart|p2: Vouldoon|move: Tailwind\n|move|p2b: Blastoise|Water Spout|p1a: GF Hunter\n|-damage|p1a: GF Hunter|0 fnt\n|faint|p1a: GF Hunter\n|\n|win|Vouldoon\n|raw|Cereales_Hacendado's rating: 1735 &rarr; <strong>1712<\/strong><br \/>(-23 for losing)\n|raw|Vouldoon's rating: 1681 &rarr; <strong>1704<\/strong><br \/>(+23 for winning)\n|l|\u2606Cereales_Hacendado\n|player|p1|\n|l|\u2606Vouldoon\n|player|p2|\n","uploadtime":1726252644,"views":45,"formatid":"gen9vgc2024regh","rating":1704,"private":0,"password":null}