{"id":"gen9vgc2024regh-2200902937","format":"[Gen 9] VGC 2024 Reg H","players":["Cereales_Hacendado","gottabadfeeling"],"log":"|j|\u2606Cereales_Hacendado\n|j|\u2606gottabadfeeling\n|t:|1726246380\n|gametype|doubles\n|player|p1|Cereales_Hacendado|102|1690\n|player|p2|gottabadfeeling|magmasuit|1756\n|teamsize|p1|6\n|teamsize|p2|6\n|gen|9\n|tier|[Gen 9] VGC 2024 Reg H\n|rated|\n|rule|Species Clause: Limit one of each Pok\u00e9mon\n|rule|Item Clause: Limit 1 of each item\n|clearpoke\n|poke|p1|Muk-Alola, L50, F|\n|poke|p1|Mandibuzz, L50, F|\n|poke|p1|Hydrapple, L50, F|\n|poke|p1|Gengar, L50, M|\n|poke|p1|Gallade, L50, M|\n|poke|p1|Tauros-Paldea-Aqua, L50, M|\n|poke|p2|Sneasler, L50, M|\n|poke|p2|Indeedee, L50, M|\n|poke|p2|Murkrow, L50, M|\n|poke|p2|Typhlosion-Hisui, L50, M|\n|poke|p2|Decidueye-Hisui, L50, M|\n|poke|p2|Dragapult, L50, F|\n|teampreview|4\n|inactive|Battle timer is ON: inactive players will automatically lose when time's up. (requested by gottabadfeeling)\nCereales_Hacendado rejected open team sheets.\n|j| luckelule\n|l| luckelule\n|inactive|gottabadfeeling has 60 seconds left.\n|\n|t:|1726246429\n|start\n|switch|p1a: Smile|Gengar, L50, M|100\/100\n|switch|p1b: E=MC^2|Muk-Alola, L50, F, shiny|100\/100\n|switch|p2a: Sneasler|Sneasler, L50, M, shiny|100\/100\n|switch|p2b: Indeedee|Indeedee, L50, M, shiny|100\/100\n|-fieldstart|move: Psychic Terrain|[from] ability: Psychic Surge|[of] p2b: Indeedee\n|-enditem|p2a: Sneasler|Psychic Seed\n|-boost|p2a: Sneasler|spd|1|[from] item: Psychic Seed\n|turn|1\n|\n|t:|1726246447\n|move|p1a: Smile|Protect|p1a: Smile\n|-singleturn|p1a: Smile|Protect\n|move|p2a: Sneasler|Throat Chop|p1a: Smile\n|-activate|p1a: Smile|move: Protect\n|move|p2b: Indeedee|Expanding Force|p1a: Smile|[spread] \n|-activate|p1a: Smile|move: Protect\n|-immune|p1b: E=MC^2\n|move|p1b: E=MC^2|Knock Off|p2b: Indeedee\n|-supereffective|p2b: Indeedee\n|-enditem|p2b: Indeedee|Focus Sash\n|-damage|p2b: Indeedee|1\/100\n|\n|upkeep\n|turn|2\n|\n|t:|1726246468\n|move|p2a: Sneasler|Close Combat|p1b: E=MC^2\n|-damage|p1b: E=MC^2|30\/100\n|-unboost|p2a: Sneasler|def|1\n|-unboost|p2a: Sneasler|spd|1\n|move|p1a: Smile|Sludge Wave|p2b: Indeedee|[spread] p1b,p2a,p2b\n|-resisted|p1b: E=MC^2\n|-resisted|p2a: Sneasler\n|-damage|p1b: E=MC^2|21\/100\n|-damage|p2a: Sneasler|73\/100\n|-damage|p2b: Indeedee|0 fnt\n|faint|p2b: Indeedee\n|move|p1b: E=MC^2|Poison Jab|p2a: Sneasler\n|-resisted|p2a: Sneasler\n|-crit|p2a: Sneasler\n|-damage|p2a: Sneasler|7\/100\n|\n|upkeep\n|\n|t:|1726246478\n|switch|p2b: Decidueye|Decidueye-Hisui, L50, M|100\/100\n|turn|3\n|\n|t:|1726246490\n|-terastallize|p2b: Decidueye|Steel\n|move|p2a: Sneasler|Throat Chop|p1a: Smile\n|-supereffective|p1a: Smile\n|-enditem|p1a: Smile|Focus Sash\n|-damage|p1a: Smile|1\/100\n|-start|p1a: Smile|Throat Chop|[silent]\n|move|p1a: Smile|Sludge Wave|p2a: Sneasler|[spread] p1b,p2a\n|-immune|p2b: Decidueye\n|-resisted|p1b: E=MC^2\n|-resisted|p2a: Sneasler\n|-damage|p1b: E=MC^2|12\/100\n|-damage|p2a: Sneasler|0 fnt\n|faint|p2a: Sneasler\n|move|p2b: Decidueye|Triple Arrows|p1b: E=MC^2\n|-crit|p1b: E=MC^2\n|-damage|p1b: E=MC^2|0 fnt\n|faint|p1b: E=MC^2\n|\n|upkeep\n|\n|t:|1726246505\n|switch|p2a: Murkrow|Murkrow, L50, M, shiny|100\/100\n|switch|p1b: Torapia|Tauros-Paldea-Aqua, L50, M|100\/100\n|-ability|p1b: Torapia|Intimidate|boost\n|-unboost|p2a: Murkrow|atk|1\n|-fail|p2b: Decidueye|unboost|Attack|[from] ability: Scrappy|[of] p2b: Decidueye\n|turn|4\n|\n|t:|1726246522\n|switch|p1b: GF Hunter|Mandibuzz, L50, F, shiny|100\/100\n|move|p2a: Murkrow|Tailwind|p2a: Murkrow\n|-sidestart|p2: gottabadfeeling|move: Tailwind\n|move|p2b: Decidueye|Leaf Blade|p1b: GF Hunter\n|-resisted|p1b: GF Hunter\n|-damage|p1b: GF Hunter|86\/100\n|move|p1a: Smile|Destiny Bond|p1a: Smile\n|-singlemove|p1a: Smile|Destiny Bond\n|\n|-end|p1a: Smile|Throat Chop|[silent]\n|upkeep\n|turn|5\n|\n|t:|1726246536\n|move|p2b: Decidueye|Triple Arrows|p1b: GF Hunter\n|-damage|p1b: GF Hunter|61\/100\n|move|p2a: Murkrow|Foul Play|p1b: GF Hunter\n|-resisted|p1b: GF Hunter\n|-damage|p1b: GF Hunter|56\/100\n|move|p1a: Smile|Shadow Ball|p2b: Decidueye\n|-damage|p2b: Decidueye|52\/100\n|move|p1b: GF Hunter|Foul Play|p2b: Decidueye\n|-damage|p2b: Decidueye|0 fnt\n|faint|p2b: Decidueye\n|\n|-fieldend|move: Psychic Terrain\n|upkeep\n|turn|6\n|j| SpectatorJimothy\n|-message|gottabadfeeling forfeited.\n|\n|win|Cereales_Hacendado\n|raw|Cereales_Hacendado's rating: 1690 &rarr; <strong>1714<\/strong><br \/>(+24 for winning)\n|raw|gottabadfeeling's rating: 1756 &rarr; <strong>1732<\/strong><br \/>(-24 for losing)\n|l|\u2606gottabadfeeling\n|player|p2|\n|l|\u2606Cereales_Hacendado\n|player|p1|\n|l| SpectatorJimothy\n","uploadtime":1726246817,"views":37,"formatid":"gen9vgc2024regh","rating":1714,"private":0,"password":null}