{"id":"gen9vgc2024regh-2200755810","format":"[Gen 9] VGC 2024 Reg H","players":["Phononmode","chin8"],"log":"|j|\u2606Phononmode\n|j|\u2606chin8\n|t:|1726233150\n|gametype|doubles\n|player|p1|Phononmode|266|1702\n|player|p2|chin8|gentleman-gen4dp|1725\n|teamsize|p1|6\n|teamsize|p2|6\n|gen|9\n|tier|[Gen 9] VGC 2024 Reg H\n|rated|\n|rule|Species Clause: Limit one of each Pok\u00e9mon\n|rule|Item Clause: Limit 1 of each item\n|clearpoke\n|poke|p1|Pawmot, L50, M|\n|poke|p1|Dondozo, L50, F|\n|poke|p1|Tatsugiri, L50, M|\n|poke|p1|Dragapult, L50, F|\n|poke|p1|Weezing, L50, F|\n|poke|p1|Incineroar, L50, F|\n|poke|p2|Baxcalibur, L50, M|\n|poke|p2|Kilowattrel, L50, M|\n|poke|p2|Haxorus, L50, F|\n|poke|p2|Gardevoir, L50, F|\n|poke|p2|Magmortar, L50, F|\n|poke|p2|Gholdengo, L50|\n|teampreview|4\nPhononmode has agreed to open team sheets.\n|inactive|Battle timer is ON: inactive players will automatically lose when time's up. (requested by Phononmode)\n|\n|t:|1726233177\n|start\n|switch|p1a: Wee-o-miss|Weezing, L50, F|100\/100\n|switch|p1b: Incineroar|Incineroar, L50, F|100\/100\n|switch|p2a: Kilowattrel|Kilowattrel, L50, M|100\/100\n|switch|p2b: Baxcalibur|Baxcalibur, L50, M|100\/100\n|-ability|p1a: Wee-o-miss|Neutralizing Gas\n|-block|p1b: Incineroar|item: Ability Shield\n|-ability|p1b: Incineroar|Intimidate|boost\n|-unboost|p2a: Kilowattrel|atk|1\n|-unboost|p2b: Baxcalibur|atk|1\n|turn|1\n|\n|t:|1726233200\n|-terastallize|p2b: Baxcalibur|Ground\n|move|p1b: Incineroar|Fake Out|p2b: Baxcalibur\n|-damage|p2b: Baxcalibur|87\/100\n|move|p2a: Kilowattrel|Thunderbolt|p1a: Wee-o-miss\n|-damage|p1a: Wee-o-miss|62\/100\n|-status|p1a: Wee-o-miss|par\n|cant|p2b: Baxcalibur|flinch\n|move|p1a: Wee-o-miss|Will-O-Wisp|p2b: Baxcalibur\n|-status|p2b: Baxcalibur|brn\n|\n|-damage|p2b: Baxcalibur|80\/100 brn|[from] brn\n|upkeep\n|turn|2\n|\n|t:|1726233218\n|move|p1a: Wee-o-miss|Protect|p1a: Wee-o-miss\n|-singleturn|p1a: Wee-o-miss|Protect\n|move|p2a: Kilowattrel|Thunderbolt|p1b: Incineroar\n|-damage|p1b: Incineroar|56\/100\n|move|p2b: Baxcalibur|Earthquake|p1a: Wee-o-miss|[spread] p1b\n|-activate|p1a: Wee-o-miss|move: Protect\n|-immune|p2a: Kilowattrel\n|-supereffective|p1b: Incineroar\n|-damage|p1b: Incineroar|22\/100\n|move|p1b: Incineroar|Knock Off|p2a: Kilowattrel\n|-damage|p2a: Kilowattrel|11\/100\n|-enditem|p2a: Kilowattrel|Focus Sash|[from] move: Knock Off|[of] p1b: Incineroar\n|\n|-damage|p2b: Baxcalibur|74\/100 brn|[from] brn\n|upkeep\n|turn|3\n|\n|t:|1726233234\n|move|p2a: Kilowattrel|Tailwind|p2a: Kilowattrel\n|-sidestart|p2: chin8|move: Tailwind\n|move|p2b: Baxcalibur|Earthquake|p1b: Incineroar|[spread] p1a,p1b\n|-immune|p2a: Kilowattrel\n|-supereffective|p1a: Wee-o-miss\n|-supereffective|p1b: Incineroar\n|-damage|p1a: Wee-o-miss|36\/100 par\n|-damage|p1b: Incineroar|0 fnt\n|-enditem|p1a: Wee-o-miss|Sitrus Berry|[eat]\n|-heal|p1a: Wee-o-miss|61\/100 par|[from] item: Sitrus Berry\n|faint|p1b: Incineroar\n|move|p1a: Wee-o-miss|Sludge Bomb|p2a: Kilowattrel\n|-damage|p2a: Kilowattrel|0 fnt\n|faint|p2a: Kilowattrel\n|\n|-damage|p2b: Baxcalibur|68\/100 brn|[from] brn\n|upkeep\n|\n|t:|1726233241\n|switch|p2a: Gardevoir|Gardevoir, L50, F|100\/100\n|switch|p1b: Dondozo|Dondozo, L50, F|100\/100\n|turn|4\n|\n|t:|1726233251\n|switch|p2b: Gholdengo|Gholdengo, L50|100\/100\n|-terastallize|p1a: Wee-o-miss|Water\n|move|p1b: Dondozo|Protect|p1b: Dondozo\n|-singleturn|p1b: Dondozo|Protect\n|move|p2a: Gardevoir|Skill Swap|p1b: Dondozo\n|-activate|p1b: Dondozo|move: Protect\n|move|p1a: Wee-o-miss|Sludge Bomb|p2a: Gardevoir\n|-supereffective|p2a: Gardevoir\n|-damage|p2a: Gardevoir|55\/100\n|-status|p2a: Gardevoir|psn\n|\n|-damage|p2a: Gardevoir|43\/100 psn|[from] psn\n|upkeep\n|turn|5\n|-message|chin8 forfeited.\n|\n|win|Phononmode\n|raw|Phononmode's rating: 1702 &rarr; <strong>1723<\/strong><br \/>(+21 for winning)\n|raw|chin8's rating: 1725 &rarr; <strong>1704<\/strong><br \/>(-21 for losing)\n|l|\u2606chin8\n|player|p2|\n|l|\u2606Phononmode\n|player|p1|\n","uploadtime":1726233453,"views":42,"formatid":"gen9vgc2024regh","rating":1704,"private":0,"password":null}