{"id":"gen9vgc2024regh-2200729605","format":"[Gen 9] VGC 2024 Reg H","players":["Super Crist","BirdKeeperNeek"],"log":"|j|\u203dSuper Crist\n|j|\u2606BirdKeeperNeek\n|t:|1726230293\n|gametype|doubles\n|player|p1|Super Crist|sabrina|1711\n|player|p2|BirdKeeperNeek|265|1693\n|teamsize|p1|6\n|teamsize|p2|6\n|gen|9\n|tier|[Gen 9] VGC 2024 Reg H\n|rated|\n|rule|Species Clause: Limit one of each Pok\u00e9mon\n|rule|Item Clause: Limit 1 of each item\n|clearpoke\n|poke|p1|Tyranitar, L50, F|\n|poke|p1|Amoonguss, L50, F|\n|poke|p1|Incineroar, L50, F|\n|poke|p1|Gholdengo, L50|\n|poke|p1|Porygon2, L50|\n|poke|p1|Ursaluna, L50, F|\n|poke|p2|Baxcalibur, L50, F|\n|poke|p2|Whimsicott, L50, M|\n|poke|p2|Gholdengo, L50|\n|poke|p2|Rillaboom, L50, M|\n|poke|p2|Tauros-Paldea-Blaze, L50, M|\n|poke|p2|Primarina, L50, F|\n|teampreview|4\n|inactive|Battle timer is ON: inactive players will automatically lose when time's up. (requested by Super Crist)\n|inactive|BirdKeeperNeek has 60 seconds left.\n|j| ilovevoltturn\n|\n|t:|1726230344\n|start\n|switch|p1a: Gholdengo|Gholdengo, L50, shiny|100\/100\n|switch|p1b: Incineroar|Incineroar, L50, F, shiny|100\/100\n|switch|p2a: Whimsicott|Whimsicott, L50, M, shiny|100\/100\n|switch|p2b: Primarina|Primarina, L50, F|100\/100\n|-ability|p1b: Incineroar|Intimidate|boost\n|-unboost|p2a: Whimsicott|atk|1\n|-unboost|p2b: Primarina|atk|1\n|turn|1\n|\n|t:|1726230359\n|move|p2a: Whimsicott|Protect|p2a: Whimsicott\n|-singleturn|p2a: Whimsicott|Protect\n|move|p2b: Primarina|Protect|p2b: Primarina\n|-singleturn|p2b: Primarina|Protect\n|move|p1b: Incineroar|Fake Out|p2b: Primarina\n|-activate|p2b: Primarina|move: Protect\n|move|p1a: Gholdengo|Nasty Plot|p1a: Gholdengo\n|-boost|p1a: Gholdengo|spa|2\n|\n|upkeep\n|turn|2\n|\n|t:|1726230377\n|switch|p1b: Porygon2|Porygon2, L50, shiny|100\/100\n|-ability|p1b: Porygon2|Download|boost\n|-boost|p1b: Porygon2|atk|1\n|move|p2a: Whimsicott|Tailwind|p2a: Whimsicott\n|-sidestart|p2: BirdKeeperNeek|move: Tailwind\n|move|p2b: Primarina|Hyper Voice|p1b: Porygon2|[spread] p1a,p1b\n|-damage|p1a: Gholdengo|50\/100\n|-damage|p1b: Porygon2|71\/100\n|-damage|p2b: Primarina|91\/100|[from] item: Life Orb\n|move|p1a: Gholdengo|Make It Rain|p2b: Primarina|[spread] p2a,p2b\n|-supereffective|p2a: Whimsicott\n|-enditem|p2a: Whimsicott|Focus Sash\n|-damage|p2a: Whimsicott|1\/100\n|-damage|p2b: Primarina|12\/100\n|-unboost|p1a: Gholdengo|spa|1\n|\n|-heal|p1a: Gholdengo|56\/100|[from] item: Leftovers\n|upkeep\n|turn|3\n|j| DSpydr84\n|inactive|BirdKeeperNeek has 30 seconds left.\n|j| Therazer456\n|inactive|BirdKeeperNeek has 20 seconds left.\n|\n|t:|1726230415\n|switch|p2a: Tauros|Tauros-Paldea-Blaze, L50, M|100\/100\n|-ability|p2a: Tauros|Intimidate|boost\n|-unboost|p1a: Gholdengo|atk|1\n|-unboost|p1b: Porygon2|atk|1\n|switch|p2b: Baxcalibur|Baxcalibur, L50, F|100\/100\n|move|p1a: Gholdengo|Protect|p1a: Gholdengo\n|-singleturn|p1a: Gholdengo|Protect\n|move|p1b: Porygon2|Trick Room|p1b: Porygon2\n|-fieldstart|move: Trick Room|[of] p1b: Porygon2\n|\n|-heal|p1a: Gholdengo|62\/100|[from] item: Leftovers\n|upkeep\n|turn|4\n|\n|t:|1726230436\n|-terastallize|p1b: Porygon2|Flying\n|-terastallize|p2b: Baxcalibur|Ground\n|move|p2a: Tauros|Protect|p2a: Tauros\n|-singleturn|p2a: Tauros|Protect\n|move|p1b: Porygon2|Tera Blast|p2a: Tauros|[anim] Tera Blast Flying\n|-activate|p2a: Tauros|move: Protect\n|move|p1a: Gholdengo|Make It Rain|p2b: Baxcalibur|[spread] p2b\n|-activate|p2a: Tauros|move: Protect\n|-damage|p2b: Baxcalibur|51\/100\n|-unboost|p1a: Gholdengo|spa|1\n|move|p2b: Baxcalibur|High Horsepower|p1a: Gholdengo\n|-supereffective|p1a: Gholdengo\n|-damage|p1a: Gholdengo|0 fnt\n|faint|p1a: Gholdengo\n|\n|upkeep\n|\n|t:|1726230443\n|switch|p1a: Ursaluna|Ursaluna, L50, F, shiny|100\/100\n|turn|5\n|inactive|BirdKeeperNeek has 30 seconds left.\n|\n|t:|1726230474\n|switch|p2a: Whimsicott|Whimsicott, L50, M, shiny|1\/100\n|move|p2b: Baxcalibur|Protect|p2b: Baxcalibur\n|-singleturn|p2b: Baxcalibur|Protect\n|move|p1a: Ursaluna|Headlong Rush|p2a: Whimsicott\n|-resisted|p2a: Whimsicott\n|-damage|p2a: Whimsicott|0 fnt\n|-unboost|p1a: Ursaluna|def|1\n|-unboost|p1a: Ursaluna|spd|1\n|faint|p2a: Whimsicott\n|move|p1b: Porygon2|Ice Beam|p2b: Baxcalibur\n|-activate|p2b: Baxcalibur|move: Protect\n|\n|-sideend|p2: BirdKeeperNeek|move: Tailwind\n|-status|p1a: Ursaluna|brn|[from] item: Flame Orb\n|upkeep\n|\n|t:|1726230492\n|switch|p2a: Tauros|Tauros-Paldea-Blaze, L50, M|100\/100\n|-ability|p2a: Tauros|Intimidate|boost\n|-unboost|p1a: Ursaluna|atk|1\n|-unboost|p1b: Porygon2|atk|1\n|turn|6\n|\n|t:|1726230515\n|move|p2a: Tauros|Protect|p2a: Tauros\n|-singleturn|p2a: Tauros|Protect\n|move|p1a: Ursaluna|Earthquake|p2a: Tauros|[spread] p2b\n|-activate|p2a: Tauros|move: Protect\n|-immune|p1b: Porygon2\n|-damage|p2b: Baxcalibur|16\/100\n|move|p1b: Porygon2|Ice Beam|p2b: Baxcalibur\n|-supereffective|p2b: Baxcalibur\n|-damage|p2b: Baxcalibur|0 fnt\n|faint|p2b: Baxcalibur\n|\n|-damage|p1a: Ursaluna|95\/100 brn|[from] brn\n|upkeep\n|\n|t:|1726230526\n|switch|p2b: Primarina|Primarina, L50, F|12\/100\n|turn|7\n|\n|t:|1726230532\n|move|p2b: Primarina|Protect|p2b: Primarina\n|-singleturn|p2b: Primarina|Protect\n|move|p2a: Tauros|Protect||[still]\n|-fail|p2a: Tauros\n|move|p1a: Ursaluna|Headlong Rush|p2a: Tauros\n|-supereffective|p2a: Tauros\n|-damage|p2a: Tauros|0 fnt\n|-unboost|p1a: Ursaluna|def|1\n|-unboost|p1a: Ursaluna|spd|1\n|faint|p2a: Tauros\n|move|p1b: Porygon2|Tera Blast|p2b: Primarina|[anim] Tera Blast Flying\n|-activate|p2b: Primarina|move: Protect\n|\n|-damage|p1a: Ursaluna|89\/100 brn|[from] brn\n|-fieldend|move: Trick Room\n|upkeep\n|turn|8\n|\n|t:|1726230547\n|move|p1a: Ursaluna|Protect|p1a: Ursaluna\n|-singleturn|p1a: Ursaluna|Protect\n|move|p2b: Primarina|Hyper Voice|p1a: Ursaluna|[spread] p1b\n|-activate|p1a: Ursaluna|move: Protect\n|-damage|p1b: Porygon2|43\/100\n|-damage|p2b: Primarina|3\/100|[from] item: Life Orb\n|move|p1b: Porygon2|Tera Blast|p2b: Primarina|[anim] Tera Blast Flying\n|-damage|p2b: Primarina|0 fnt\n|faint|p2b: Primarina\n|\n|win|Super Crist\n|raw|Super Crist's rating: 1711 &rarr; <strong>1730<\/strong><br \/>(+19 for winning)\n|raw|BirdKeeperNeek's rating: 1693 &rarr; <strong>1674<\/strong><br \/>(-19 for losing)\n|l|\u203dSuper Crist\n|player|p1|\n|l| Therazer456\n|l|\u2606BirdKeeperNeek\n|player|p2|\n|l| DSpydr84\n|l| ilovevoltturn\n","uploadtime":1726230728,"views":5,"formatid":"gen9vgc2024regh","rating":1674,"private":0,"password":null}