{"id":"gen9vgc2024regh-2200331832","format":"[Gen 9] VGC 2024 Reg H","players":["bieiup","HappyDuckJJ"],"log":"|j|\u2606bieiup\n|j|\u2606HappyDuckJJ\n|t:|1726174994\n|gametype|doubles\n|player|p1|bieiup|lillie-z|1698\n|player|p2|HappyDuckJJ|169|1682\n|teamsize|p1|6\n|teamsize|p2|6\n|gen|9\n|tier|[Gen 9] VGC 2024 Reg H\n|rated|\n|rule|Species Clause: Limit one of each Pok\u00e9mon\n|rule|Item Clause: Limit 1 of each item\n|clearpoke\n|poke|p1|Sableye, L50, M|\n|poke|p1|Dondozo, L50, M|\n|poke|p1|Sylveon, L50, F|\n|poke|p1|Dragonite, L50, M|\n|poke|p1|Gholdengo, L50|\n|poke|p1|Ursaluna-Bloodmoon, L50, M|\n|poke|p2|Glimmora, L50, M|\n|poke|p2|Dragonite, L50, F|\n|poke|p2|Dondozo, L50, F|\n|poke|p2|Tatsugiri, L50, M|\n|poke|p2|Gengar, L50, M|\n|poke|p2|Sylveon, L50, F|\n|teampreview|4\n|j| Galarian Quenga\n|inactive|Battle timer is ON: inactive players will automatically lose when time's up. (requested by bieiup)\n|c|\u2606bieiup|BO3 ?\n|c|\u2606HappyDuckJJ|Nah\n|c|\u2606HappyDuckJJ|im gc prepping\n|inactive|bieiup has 60 seconds left.\n|inactive|bieiup has 30 seconds left.\n|\n|t:|1726175060\n|start\n|switch|p1a: Sableye|Sableye, L50, M|100\/100\n|switch|p1b: Dragonite|Dragonite, L50, M|100\/100\n|switch|p2a: Glimmora|Glimmora, L50, M, shiny|100\/100\n|switch|p2b: Dragonite|Dragonite, L50, F, shiny|100\/100\n|turn|1\n|\n|t:|1726175070\n|switch|p1b: Gholdengo|Gholdengo, L50|100\/100\n|move|p2b: Dragonite|Extreme Speed|p2a: Glimmora\n|-resisted|p2a: Glimmora\n|-damage|p2a: Glimmora|82\/100\n|-activate|p2a: Glimmora|ability: Toxic Debris\n|-sidestart|p1: bieiup|move: Toxic Spikes\n|move|p1a: Sableye|Will-O-Wisp|p2b: Dragonite\n|-status|p2b: Dragonite|brn\n|move|p2a: Glimmora|Power Gem|p1b: Gholdengo\n|-resisted|p1b: Gholdengo\n|-damage|p1b: Gholdengo|78\/100\n|\n|-damage|p2b: Dragonite|94\/100 brn|[from] brn\n|upkeep\n|turn|2\n|\n|t:|1726175090\n|-terastallize|p2a: Glimmora|Grass\n|move|p2b: Dragonite|Extreme Speed|p1b: Gholdengo\n|-immune|p1b: Gholdengo\n|move|p1a: Sableye|Encore|p2a: Glimmora\n|-start|p2a: Glimmora|Encore\n|move|p1b: Gholdengo|Make It Rain|p2b: Dragonite|[spread] p2a,p2b\n|-damage|p2a: Glimmora|44\/100\n|-damage|p2b: Dragonite|50\/100 brn\n|-unboost|p1b: Gholdengo|spa|1\n|move|p2a: Glimmora|Power Gem|p1a: Sableye\n|-damage|p1a: Sableye|45\/100\n|\n|-damage|p2b: Dragonite|44\/100 brn|[from] brn\n|upkeep\n|turn|3\n|\n|t:|1726175105\n|move|p2b: Dragonite|Extreme Speed|p2a: Glimmora\n|-damage|p2a: Glimmora|25\/100\n|-activate|p2a: Glimmora|ability: Toxic Debris\n|-sidestart|p1: bieiup|move: Toxic Spikes\n|move|p1a: Sableye|Will-O-Wisp|p2a: Glimmora\n|-status|p2a: Glimmora|brn\n|move|p1b: Gholdengo|Make It Rain|p2a: Glimmora|[spread] p2a,p2b\n|-damage|p2a: Glimmora|0 fnt\n|-damage|p2b: Dragonite|16\/100 brn\n|-unboost|p1b: Gholdengo|spa|1\n|faint|p2a: Glimmora\n|\n|-damage|p2b: Dragonite|10\/100 brn|[from] brn\n|upkeep\n|\n|t:|1726175110\n|switch|p2a: Dondozo|Dondozo, L50, F|100\/100\n|turn|4\n|\n|t:|1726175129\n|switch|p1b: Dragonite|Dragonite, L50, M|100\/100\n|switch|p2b: Tatsugiri|Tatsugiri, L50, M|100\/100\n|-activate|p2b: Tatsugiri|ability: Commander|[of] p2a: Dondozo\n|-boost|p2a: Dondozo|atk|2\n|-boost|p2a: Dondozo|spa|2\n|-boost|p2a: Dondozo|spe|2\n|-boost|p2a: Dondozo|def|2\n|-boost|p2a: Dondozo|spd|2\n|move|p1a: Sableye|Will-O-Wisp|p2a: Dondozo\n|-status|p2a: Dondozo|brn\n|move|p2a: Dondozo|Order Up|p1b: Dragonite\n|-supereffective|p1b: Dragonite\n|-damage|p1b: Dragonite|78\/100\n|-boost|p2a: Dondozo|atk|1\n|\n|-damage|p2a: Dondozo|94\/100 brn|[from] brn\n|upkeep\n|turn|5\n|\n|t:|1726175143\n|move|p1a: Sableye|Encore|p2a: Dondozo\n|-start|p2a: Dondozo|Encore\n|move|p2a: Dondozo|Order Up|p1b: Dragonite\n|-supereffective|p1b: Dragonite\n|-damage|p1b: Dragonite|20\/100\n|-boost|p2a: Dondozo|atk|1\n|move|p1b: Dragonite|Outrage|p2a: Dondozo\n|-damage|p2a: Dondozo|69\/100 brn\n|\n|-heal|p2a: Dondozo|75\/100 brn|[from] item: Leftovers\n|-damage|p2a: Dondozo|69\/100 brn|[from] brn\n|upkeep\n|turn|6\n|\n|t:|1726175153\n|move|p1a: Sableye|Light Screen|p1a: Sableye\n|-sidestart|p1: bieiup|move: Light Screen\n|move|p2a: Dondozo|Order Up|p1b: Dragonite\n|-supereffective|p1b: Dragonite\n|-damage|p1b: Dragonite|0 fnt\n|faint|p1b: Dragonite\n|-boost|p2a: Dondozo|atk|1\n|\n|-heal|p2a: Dondozo|75\/100 brn|[from] item: Leftovers\n|-damage|p2a: Dondozo|69\/100 brn|[from] brn\n|upkeep\n|\n|t:|1726175156\n|switch|p1b: Gholdengo|Gholdengo, L50|78\/100\n|turn|7\n|j| edoreon55555\n|\n|t:|1726175172\n|switch|p1a: Dondozo|Dondozo, L50, M|100\/100\n|-status|p1a: Dondozo|tox\n|move|p1b: Gholdengo|Trick|p2a: Dondozo\n|-activate|p1b: Gholdengo|move: Trick|[of] p2a: Dondozo\n|-item|p2a: Dondozo|Choice Scarf|[from] move: Trick\n|-item|p1b: Gholdengo|Leftovers|[from] move: Trick\n|move|p2a: Dondozo|Order Up|p1a: Dondozo\n|-damage|p1a: Dondozo|93\/100 tox\n|-boost|p2a: Dondozo|atk|1\n|\n|-heal|p1b: Gholdengo|85\/100|[from] item: Leftovers\n|-damage|p1a: Dondozo|86\/100 tox|[from] psn\n|-damage|p2a: Dondozo|63\/100 brn|[from] brn\n|-end|p2a: Dondozo|Encore\n|upkeep\n|turn|8\n|\n|t:|1726175181\n|move|p2a: Dondozo|Order Up|p1b: Gholdengo\n|-resisted|p1b: Gholdengo\n|-damage|p1b: Gholdengo|58\/100\n|-boost|p2a: Dondozo|atk|0\n|move|p1b: Gholdengo|Shadow Ball|p2a: Dondozo\n|-damage|p2a: Dondozo|39\/100 brn\n|-unboost|p2a: Dondozo|spd|1\n|move|p1a: Dondozo|Curse|p1a: Dondozo\n|-unboost|p1a: Dondozo|spe|1\n|-boost|p1a: Dondozo|atk|1\n|-boost|p1a: Dondozo|def|1\n|\n|-heal|p1b: Gholdengo|64\/100|[from] item: Leftovers\n|-damage|p1a: Dondozo|74\/100 tox|[from] psn\n|-damage|p2a: Dondozo|33\/100 brn|[from] brn\n|upkeep\n|turn|9\n|inactive|bieiup has 30 seconds left.\n|\n|t:|1726175213\n|move|p2a: Dondozo|Order Up|p1b: Gholdengo\n|-resisted|p1b: Gholdengo\n|-damage|p1b: Gholdengo|39\/100\n|-boost|p2a: Dondozo|atk|0\n|move|p1b: Gholdengo|Trick|p1a: Dondozo\n|-activate|p1b: Gholdengo|move: Trick|[of] p1a: Dondozo\n|-item|p1a: Dondozo|Leftovers|[from] move: Trick\n|-item|p1b: Gholdengo|Chesto Berry|[from] move: Trick\n|move|p1a: Dondozo|Curse|p1a: Dondozo\n|-unboost|p1a: Dondozo|spe|1\n|-boost|p1a: Dondozo|atk|1\n|-boost|p1a: Dondozo|def|1\n|\n|-heal|p1a: Dondozo|80\/100 tox|[from] item: Leftovers\n|-damage|p1a: Dondozo|62\/100 tox|[from] psn\n|-damage|p2a: Dondozo|27\/100 brn|[from] brn\n|upkeep\n|turn|10\n|inactive|bieiup has 30 seconds left.\n|inactive|bieiup has 20 seconds left.\n|inactive|bieiup has 15 seconds left.\n|inactive|bieiup has 10 seconds left.\n|\n|t:|1726175259\n|move|p2a: Dondozo|Order Up|p1a: Dondozo\n|-damage|p1a: Dondozo|54\/100 tox\n|-boost|p2a: Dondozo|atk|0\n|move|p1b: Gholdengo|Trick|p1a: Dondozo\n|-activate|p1b: Gholdengo|move: Trick|[of] p1a: Dondozo\n|-item|p1a: Dondozo|Chesto Berry|[from] move: Trick\n|-item|p1b: Gholdengo|Leftovers|[from] move: Trick\n|move|p1a: Dondozo|Rest|p1a: Dondozo\n|-status|p1a: Dondozo|slp|[from] move: Rest\n|-heal|p1a: Dondozo|100\/100 slp|[silent]\n|-enditem|p1a: Dondozo|Chesto Berry|[eat]\n|-curestatus|p1a: Dondozo|slp|[msg]\n|\n|-heal|p1b: Gholdengo|45\/100|[from] item: Leftovers\n|-damage|p2a: Dondozo|20\/100 brn|[from] brn\n|-sideend|p1: bieiup|move: Light Screen\n|upkeep\n|turn|11\n|-message|HappyDuckJJ forfeited.\n|\n|win|bieiup\n|raw|bieiup's rating: 1698 &rarr; <strong>1717<\/strong><br \/>(+19 for winning)\n|raw|HappyDuckJJ's rating: 1682 &rarr; <strong>1663<\/strong><br \/>(-19 for losing)\n|l|\u2606HappyDuckJJ\n|player|p2|\n|c|\u2606bieiup|gg\n|l| edoreon55555\n|l| Galarian Quenga\n|l|\u2606bieiup\n|player|p1|\n","uploadtime":1726175421,"views":13,"formatid":"gen9vgc2024regh","rating":1663,"private":0,"password":null}