{"id":"gen9vgc2024regh-2200343028","format":"[Gen 9] VGC 2024 Reg H","players":["roykeenkennedy","BrodaxVGC"],"log":"|j|\u2606roykeenkennedy\n|j|\u2606BrodaxVGC\n|t:|1726176149\n|gametype|doubles\n|player|p1|roykeenkennedy|alder|1748\n|player|p2|BrodaxVGC|170|1671\n|teamsize|p1|6\n|teamsize|p2|6\n|gen|9\n|tier|[Gen 9] VGC 2024 Reg H\n|rated|\n|rule|Species Clause: Limit one of each Pok\u00e9mon\n|rule|Item Clause: Limit 1 of each item\n|clearpoke\n|poke|p1|Salamence, L50, M|\n|poke|p1|Incineroar, L50, F|\n|poke|p1|Weezing, L50, M|\n|poke|p1|Dragapult, L50, M|\n|poke|p1|Ursaluna-Bloodmoon, L50, M|\n|poke|p1|Primarina, L50, F|\n|poke|p2|Gholdengo, L50|\n|poke|p2|Incineroar, L50, F|\n|poke|p2|Rillaboom, L50, M|\n|poke|p2|Pelipper, L50, M|\n|poke|p2|Basculegion, L50, M|\n|poke|p2|Archaludon, L50, F|\n|teampreview|4\n|inactive|Battle timer is ON: inactive players will automatically lose when time's up. (requested by BrodaxVGC)\n|\n|t:|1726176178\n|start\n|switch|p1a: Salamence|Salamence, L50, M|100\/100\n|switch|p1b: Dragapult|Dragapult, L50, M|100\/100\n|switch|p2a: Gholdengo|Gholdengo, L50|100\/100\n|switch|p2b: Incineroar|Incineroar, L50, F|100\/100\n|-ability|p2b: Incineroar|Intimidate|boost\n|-unboost|p1a: Salamence|atk|1\n|-fail|p1b: Dragapult|unboost|[from] ability: Clear Body|[of] p1b: Dragapult\n|turn|1\n|j| sauromon\n|\n|t:|1726176201\n|-terastallize|p1b: Dragapult|Ghost\n|move|p1a: Salamence|Tailwind|p1a: Salamence\n|-sidestart|p1: roykeenkennedy|move: Tailwind\n|move|p1b: Dragapult|Tera Blast|p2a: Gholdengo|[anim] Tera Blast Ghost\n|-supereffective|p2a: Gholdengo\n|-damage|p2a: Gholdengo|0 fnt\n|faint|p2a: Gholdengo\n|move|p2b: Incineroar|Knock Off|p1b: Dragapult\n|-supereffective|p1b: Dragapult\n|-damage|p1b: Dragapult|0 fnt\n|-enditem|p1b: Dragapult|Choice Band|[from] move: Knock Off|[of] p2b: Incineroar\n|faint|p1b: Dragapult\n|\n|upkeep\n|\n|t:|1726176221\n|switch|p1b: Ursaluna|Ursaluna-Bloodmoon, L50, M|100\/100\n|switch|p2a: Basculegion|Basculegion, L50, M|100\/100\n|turn|2\n|\n|t:|1726176246\n|switch|p1a: Weezing|Weezing, L50, M|100\/100\n|-ability|p1a: Weezing|Neutralizing Gas\n|-terastallize|p2a: Basculegion|Water\n|move|p1b: Ursaluna|Blood Moon|p2b: Incineroar\n|-damage|p2b: Incineroar|32\/100\n|-enditem|p2b: Incineroar|Sitrus Berry|[eat]\n|-heal|p2b: Incineroar|57\/100|[from] item: Sitrus Berry\n|move|p2a: Basculegion|Flip Turn|p1b: Ursaluna\n|-supereffective|p1b: Ursaluna\n|-damage|p1b: Ursaluna|0 fnt\n|faint|p1b: Ursaluna\n|\n|t:|1726176262\n|switch|p2a: Rillaboom|Rillaboom, L50, M|100\/100|[from] Flip Turn\n|move|p2b: Incineroar|Knock Off|p1a: Weezing\n|-damage|p1a: Weezing|66\/100\n|-enditem|p1a: Weezing|Leftovers|[from] move: Knock Off|[of] p2b: Incineroar\n|\n|upkeep\n|\n|t:|1726176270\n|switch|p1b: Salamence|Salamence, L50, M|100\/100\n|turn|3\n|inactive|BrodaxVGC has 30 seconds left.\n|\n|t:|1726176296\n|move|p2a: Rillaboom|Fake Out|p1b: Salamence\n|-damage|p1b: Salamence|78\/100\n|-damage|p2a: Rillaboom|91\/100|[from] item: Life Orb\n|cant|p1b: Salamence|flinch\n|move|p1a: Weezing|Will-O-Wisp|p2a: Rillaboom\n|-status|p2a: Rillaboom|brn\n|move|p2b: Incineroar|Knock Off|p1b: Salamence\n|-damage|p1b: Salamence|19\/100\n|-enditem|p1b: Salamence|Choice Scarf|[from] move: Knock Off|[of] p2b: Incineroar\n|\n|-damage|p2a: Rillaboom|85\/100 brn|[from] brn\n|upkeep\n|turn|4\n|l|\u2606BrodaxVGC\n|inactive|BrodaxVGC disconnected and has a minute to reconnect!\n|player|p2|\n|inactive|BrodaxVGC has 30 seconds left.\n|j|\u2606BrodaxVGC\n|inactive|BrodaxVGC reconnected and has 30 seconds left.\n|player|p2|BrodaxVGC|170|\n|\n|t:|1726176328\n|move|p1b: Salamence|Breaking Swipe|p2a: Rillaboom|[spread] p2a,p2b\n|-damage|p2a: Rillaboom|61\/100 brn\n|-damage|p2b: Incineroar|35\/100\n|-unboost|p2a: Rillaboom|atk|1\n|-unboost|p2b: Incineroar|atk|1\n|move|p1a: Weezing|Sludge Bomb|p2b: Incineroar\n|-damage|p2b: Incineroar|12\/100\n|move|p2a: Rillaboom|High Horsepower|p1a: Weezing\n|-supereffective|p1a: Weezing\n|-damage|p1a: Weezing|43\/100\n|-damage|p2a: Rillaboom|51\/100 brn|[from] item: Life Orb\n|move|p2b: Incineroar|Knock Off|p1b: Salamence\n|-damage|p1b: Salamence|0 fnt\n|faint|p1b: Salamence\n|\n|-damage|p2a: Rillaboom|45\/100 brn|[from] brn\n|-sideend|p1: roykeenkennedy|move: Tailwind\n|upkeep\n|turn|5\n|\n|t:|1726176350\n|move|p1a: Weezing|Protect|p1a: Weezing\n|-singleturn|p1a: Weezing|Protect\n|move|p2a: Rillaboom|High Horsepower|p1a: Weezing\n|-activate|p1a: Weezing|move: Protect\n|move|p2b: Incineroar|Flare Blitz|p1a: Weezing\n|-activate|p1a: Weezing|move: Protect\n|\n|-damage|p2a: Rillaboom|39\/100 brn|[from] brn\n|upkeep\n|turn|6\n|\n|t:|1726176362\n|move|p2a: Rillaboom|High Horsepower|p1a: Weezing\n|-supereffective|p1a: Weezing\n|-damage|p1a: Weezing|19\/100\n|-damage|p2a: Rillaboom|29\/100 brn|[from] item: Life Orb\n|move|p1a: Weezing|Sludge Bomb|p2b: Incineroar\n|-damage|p2b: Incineroar|0 fnt\n|faint|p2b: Incineroar\n|\n|-damage|p2a: Rillaboom|23\/100 brn|[from] brn\n|upkeep\n|\n|t:|1726176368\n|switch|p2b: Basculegion|Basculegion, L50, M, tera:Water|100\/100\n|turn|7\n|l| sauromon\n|-message|roykeenkennedy forfeited.\n|\n|win|BrodaxVGC\n|raw|roykeenkennedy's rating: 1748 &rarr; <strong>1724<\/strong><br \/>(-24 for losing)\n|raw|BrodaxVGC's rating: 1671 &rarr; <strong>1695<\/strong><br \/>(+24 for winning)\n|l|\u2606roykeenkennedy\n|player|p1|\n|l|\u2606BrodaxVGC\n|player|p2|\n","uploadtime":1726176540,"views":20,"formatid":"gen9vgc2024regh","rating":1695,"private":0,"password":null}