{"id":"gen9vgc2024regh-2200616183","format":"[Gen 9] VGC 2024 Reg H","players":["gottabadfeeling","lieyanshu"],"log":"|j|\u2606gottabadfeeling\n|j|\u2606lieyanshu\n|t:|1726212550\n|gametype|doubles\n|player|p1|gottabadfeeling|magmasuit|1740\n|player|p2|lieyanshu|lucas|1716\n|teamsize|p1|6\n|teamsize|p2|6\n|gen|9\n|tier|[Gen 9] VGC 2024 Reg H\n|rated|\n|rule|Species Clause: Limit one of each Pok\u00e9mon\n|rule|Item Clause: Limit 1 of each item\n|clearpoke\n|poke|p1|Sneasler, L50, M|\n|poke|p1|Indeedee, L50, M|\n|poke|p1|Murkrow, L50, M|\n|poke|p1|Typhlosion-Hisui, L50, M|\n|poke|p1|Decidueye-Hisui, L50, M|\n|poke|p1|Dragapult, L50, M|\n|poke|p2|Archaludon, L50, M|\n|poke|p2|Amoonguss, L50, F|\n|poke|p2|Kingambit, L50, M|\n|poke|p2|Basculegion, L50, M|\n|poke|p2|Salamence, L50, M|\n|poke|p2|Pelipper, L50, F|\n|teampreview|4\n|inactive|Battle timer is ON: inactive players will automatically lose when time's up. (requested by gottabadfeeling)\n|j| BlindMagneton\n|inactive|gottabadfeeling has 60 seconds left.\n|inactive|lieyanshu has 60 seconds left.\n|\n|t:|1726212605\n|start\n|switch|p1a: Sneasler|Sneasler, L50, M, shiny|100\/100\n|switch|p1b: Indeedee|Indeedee, L50, M, shiny|100\/100\n|switch|p2a: Kingambit|Kingambit, L50, M|100\/100\n|switch|p2b: Salamence|Salamence, L50, M|100\/100\n|-ability|p2b: Salamence|Intimidate|boost\n|-unboost|p1a: Sneasler|atk|1\n|-unboost|p1b: Indeedee|atk|1\n|-fieldstart|move: Psychic Terrain|[from] ability: Psychic Surge|[of] p1b: Indeedee\n|-enditem|p1a: Sneasler|Psychic Seed\n|-boost|p1a: Sneasler|spd|1|[from] item: Psychic Seed\n|turn|1\n|\n|t:|1726212628\n|-terastallize|p2b: Salamence|Steel\n|move|p2a: Kingambit|Protect|p2a: Kingambit\n|-singleturn|p2a: Kingambit|Protect\n|move|p1a: Sneasler|Dire Claw|p2b: Salamence\n|-immune|p2b: Salamence\n|move|p2b: Salamence|Hurricane|p1a: Sneasler|[miss]\n|-miss|p2b: Salamence|p1a: Sneasler\n|move|p1b: Indeedee|Expanding Force|p2a: Kingambit|[spread] p2b\n|-activate|p2a: Kingambit|move: Protect\n|-resisted|p2b: Salamence\n|-damage|p2b: Salamence|67\/100\n|\n|upkeep\n|turn|2\n|j| bluestraggler02\n|j| carrotvg\n|inactive|lieyanshu has 30 seconds left.\n|\n|t:|1726212657\n|switch|p1b: Murkrow|Murkrow, L50, M, shiny|100\/100\n|move|p1a: Sneasler|Close Combat|p2b: Salamence\n|-supereffective|p2b: Salamence\n|-damage|p2b: Salamence|0 fnt\n|-unboost|p1a: Sneasler|def|1\n|-unboost|p1a: Sneasler|spd|1\n|faint|p2b: Salamence\n|move|p2a: Kingambit|Kowtow Cleave|p1b: Murkrow\n|-resisted|p1b: Murkrow\n|-damage|p1b: Murkrow|66\/100\n|\n|upkeep\n|\n|t:|1726212670\n|switch|p2b: Pelipper|Pelipper, L50, F|100\/100\n|-weather|RainDance|[from] ability: Drizzle|[of] p2b: Pelipper\n|turn|3\n|inactive|gottabadfeeling has 30 seconds left.\n|\n|t:|1726212696\n|move|p1a: Sneasler|Protect|p1a: Sneasler\n|-singleturn|p1a: Sneasler|Protect\n|move|p2a: Kingambit|Protect|p2a: Kingambit\n|-singleturn|p2a: Kingambit|Protect\n|move|p1b: Murkrow|Sunny Day|p1b: Murkrow\n|-weather|SunnyDay\n|move|p2b: Pelipper|Weather Ball|p1b: Murkrow\n|-damage|p1b: Murkrow|18\/100\n|\n|-weather|SunnyDay|[upkeep]\n|upkeep\n|turn|4\n|\n|t:|1726212718\n|move|p2a: Kingambit|Protect|p2a: Kingambit\n|-singleturn|p2a: Kingambit|Protect\n|move|p1b: Murkrow|Tailwind|p1b: Murkrow\n|-sidestart|p1: gottabadfeeling|move: Tailwind\n|move|p1a: Sneasler|Close Combat|p2a: Kingambit\n|-activate|p2a: Kingambit|move: Protect\n|move|p2b: Pelipper|Weather Ball|p1b: Murkrow\n|-damage|p1b: Murkrow|0 fnt\n|faint|p1b: Murkrow\n|\n|-weather|SunnyDay|[upkeep]\n|upkeep\n|\n|t:|1726212723\n|switch|p1b: Typhlosion|Typhlosion-Hisui, L50, M, shiny|100\/100\n|turn|5\n|j| Unf_nny\n|inactive|lieyanshu has 30 seconds left.\n|j| Rabbithorn01\n|inactive|lieyanshu has 20 seconds left.\n|inactive|lieyanshu has 15 seconds left.\n|\n|t:|1726212764\n|switch|p2a: Archaludon|Archaludon, L50, M|100\/100\n|-terastallize|p1b: Typhlosion|Fire\n|move|p1a: Sneasler|Close Combat|p2a: Archaludon\n|-supereffective|p2a: Archaludon\n|-damage|p2a: Archaludon|39\/100\n|-unboost|p1a: Sneasler|def|1\n|-unboost|p1a: Sneasler|spd|1\n|-ability|p2a: Archaludon|Stamina|boost\n|-boost|p2a: Archaludon|def|1\n|move|p1b: Typhlosion|Eruption|p2b: Pelipper|[spread] p2a,p2b\n|-resisted|p2b: Pelipper\n|-damage|p2a: Archaludon|0 fnt\n|-enditem|p2b: Pelipper|Focus Sash\n|-damage|p2b: Pelipper|1\/100\n|faint|p2a: Archaludon\n|move|p2b: Pelipper|Hurricane|p1a: Sneasler|[miss]\n|-miss|p2b: Pelipper|p1a: Sneasler\n|\n|-weather|SunnyDay|[upkeep]\n|-fieldend|move: Psychic Terrain\n|upkeep\n|\n|t:|1726212782\n|switch|p2a: Kingambit|Kingambit, L50, M|100\/100\n|turn|6\n|-message|lieyanshu forfeited.\n|\n|win|gottabadfeeling\n|raw|gottabadfeeling's rating: 1740 &rarr; <strong>1759<\/strong><br \/>(+19 for winning)\n|raw|lieyanshu's rating: 1716 &rarr; <strong>1697<\/strong><br \/>(-19 for losing)\n|l|\u2606lieyanshu\n|player|p2|\n|c|\u2606gottabadfeeling|gggss\n|l| Unf_nny\n|l| carrotvg\n|l| bluestraggler02\n|l| BlindMagneton\n|l|\u2606gottabadfeeling\n|player|p1|\n","uploadtime":1726212824,"views":21,"formatid":"gen9vgc2024regh","rating":1697,"private":0,"password":null}