{"id":"gen9vgc2024regh-2201337791","format":"[Gen 9] VGC 2024 Reg H","players":["fangame10","lelouchswag"],"log":"|j|\u2606fangame10\n|j|\u2606lelouchswag\n|t:|1726299411\n|gametype|doubles\n|player|p1|fangame10|red|1796\n|player|p2|lelouchswag|266|1805\n|teamsize|p1|6\n|teamsize|p2|6\n|gen|9\n|tier|[Gen 9] VGC 2024 Reg H\n|rated|\n|rule|Species Clause: Limit one of each Pok\u00e9mon\n|rule|Item Clause: Limit 1 of each item\n|clearpoke\n|poke|p1|Baxcalibur, L50, F|\n|poke|p1|Ninetales-Alola, L50, F|\n|poke|p1|Milotic, L50, M|\n|poke|p1|Skeledirge, L50, M|\n|poke|p1|Rillaboom, L50, M|\n|poke|p1|Sneasler, L50, M|\n|poke|p2|Meowscarada, L50, F|\n|poke|p2|Primarina, L50, M|\n|poke|p2|Sylveon, L50, F|\n|poke|p2|Indeedee, L50, M|\n|poke|p2|Gliscor, L50, M|\n|poke|p2|Decidueye-Hisui, L50, F|\n|teampreview|4\n|inactive|Battle timer is ON: inactive players will automatically lose when time's up. (requested by fangame10)\n|inactive|fangame10 has 60 seconds left.\n|inactive|lelouchswag has 60 seconds left.\n|\n|t:|1726299456\n|start\n|switch|p1a: Ninetales|Ninetales-Alola, L50, F, shiny|100\/100\n|switch|p1b: Sneasler|Sneasler, L50, M, shiny|100\/100\n|switch|p2a: Meowscarada|Meowscarada, L50, F|100\/100\n|switch|p2b: Primarina|Primarina, L50, M|100\/100\n|-weather|Snow|[from] ability: Snow Warning|[of] p1a: Ninetales\n|turn|1\n|\n|t:|1726299468\n|-terastallize|p2a: Meowscarada|Ghost\n|move|p1b: Sneasler|Fake Out|p2b: Primarina\n|-damage|p2b: Primarina|81\/100\n|move|p2a: Meowscarada|Grass Pledge|p1b: Sneasler\n|-waiting|p2a: Meowscarada|p2b: Primarina\n|move|p2b: Primarina|Water Pledge|p1b: Sneasler|[from]move: Grass Pledge\n|-combine\n|-resisted|p1b: Sneasler\n|-damage|p1b: Sneasler|46\/100\n|-sidestart|p1: fangame10|Grass Pledge\n|move|p1a: Ninetales|Aurora Veil|p1a: Ninetales\n|-sidestart|p1: fangame10|move: Aurora Veil\n|\n|-weather|Snow|[upkeep]\n|upkeep\n|turn|2\n|\n|t:|1726299488\n|switch|p2a: Indeedee|Indeedee, L50, M|100\/100\n|-fieldstart|move: Psychic Terrain|[from] ability: Psychic Surge|[of] p2a: Indeedee\n|switch|p1b: Rillaboom|Rillaboom, L50, M, shiny|100\/100\n|-fieldstart|move: Grassy Terrain|[from] ability: Grassy Surge|[of] p1b: Rillaboom\n|move|p2b: Primarina|Moonblast|p1b: Rillaboom\n|-damage|p1b: Rillaboom|77\/100\n|-unboost|p1b: Rillaboom|spa|1\n|move|p1a: Ninetales|Blizzard|p2a: Indeedee|[spread] p2a,p2b\n|-resisted|p2b: Primarina\n|-damage|p2a: Indeedee|60\/100\n|-damage|p2b: Primarina|66\/100\n|\n|-weather|Snow|[upkeep]\n|-heal|p2a: Indeedee|66\/100|[from] Grassy Terrain\n|-heal|p2b: Primarina|72\/100|[from] Grassy Terrain\n|-heal|p1b: Rillaboom|82\/100|[from] Grassy Terrain\n|upkeep\n|turn|3\n|\n|t:|1726299503\n|switch|p2a: Sylveon|Sylveon, L50, F|100\/100\n|switch|p1a: Milotic|Milotic, L50, M, shiny|100\/100\n|move|p2b: Primarina|Moonblast|p1b: Rillaboom\n|-damage|p1b: Rillaboom|58\/100\n|-unboost|p1b: Rillaboom|spa|1\n|move|p1b: Rillaboom|Wood Hammer|p2a: Sylveon\n|-crit|p2a: Sylveon\n|-damage|p2a: Sylveon|0 fnt\n|faint|p2a: Sylveon\n|-damage|p1b: Rillaboom|30\/100|[from] Recoil\n|\n|-weather|Snow|[upkeep]\n|-heal|p2b: Primarina|77\/100|[from] Grassy Terrain\n|-heal|p1b: Rillaboom|36\/100|[from] Grassy Terrain\n|upkeep\n|\n|t:|1726299512\n|switch|p2a: Meowscarada|Meowscarada, L50, F, tera:Ghost|100\/100\n|turn|4\n|\n|t:|1726299525\n|switch|p1b: Sneasler|Sneasler, L50, M, shiny|46\/100\n|-terastallize|p1a: Milotic|Grass\n|move|p2b: Primarina|Protect|p2b: Primarina\n|-singleturn|p2b: Primarina|Protect\n|move|p2a: Meowscarada|Knock Off|p1b: Sneasler\n|-resisted|p1b: Sneasler\n|-damage|p1b: Sneasler|20\/100\n|-enditem|p1b: Sneasler|Focus Sash|[from] move: Knock Off|[of] p2a: Meowscarada\n|move|p1a: Milotic|Coil|p1a: Milotic\n|-boost|p1a: Milotic|atk|1\n|-boost|p1a: Milotic|def|1\n|-boost|p1a: Milotic|accuracy|1\n|\n|-weather|Snow|[upkeep]\n|-heal|p2b: Primarina|83\/100|[from] Grassy Terrain\n|-heal|p1b: Sneasler|26\/100|[from] Grassy Terrain\n|-sideend|p1: fangame10|Grass Pledge\n|upkeep\n|turn|5\n|\n|t:|1726299538\n|move|p2a: Meowscarada|Grass Pledge|p1b: Sneasler\n|-waiting|p2a: Meowscarada|p2b: Primarina\n|move|p2b: Primarina|Water Pledge|p1b: Sneasler|[from]move: Grass Pledge\n|-combine\n|-resisted|p1b: Sneasler\n|-damage|p1b: Sneasler|0 fnt\n|-sidestart|p1: fangame10|Grass Pledge\n|faint|p1b: Sneasler\n|move|p1a: Milotic|Hypnosis|p2a: Meowscarada\n|-status|p2a: Meowscarada|slp|[from] move: Hypnosis\n|\n|-weather|none\n|-heal|p2b: Primarina|89\/100|[from] Grassy Terrain\n|upkeep\n|inactive|fangame10 has 30 seconds left.\n|\n|t:|1726299565\n|switch|p1b: Rillaboom|Rillaboom, L50, M, shiny|36\/100\n|turn|6\n|\n|t:|1726299570\n|switch|p2a: Indeedee|Indeedee, L50, M|66\/100\n|-fieldstart|move: Psychic Terrain|[from] ability: Psychic Surge|[of] p2a: Indeedee\n|move|p2b: Primarina|Moonblast|p1b: Rillaboom\n|-damage|p1b: Rillaboom|9\/100\n|move|p1a: Milotic|Life Dew||[still]|[spread] p1a,p1b\n|-fail|p1a: Milotic|heal\n|-heal|p1b: Rillaboom|34\/100\n|move|p1b: Rillaboom|Wood Hammer|p2b: Primarina\n|-supereffective|p2b: Primarina\n|-damage|p2b: Primarina|0 fnt\n|faint|p2b: Primarina\n|-damage|p1b: Rillaboom|11\/100|[from] Recoil\n|\n|upkeep\n|\n|t:|1726299576\n|switch|p2b: Meowscarada|Meowscarada, L50, F, tera:Ghost|100\/100 slp\n|turn|7\n|\n|t:|1726299589\n|switch|p1b: Ninetales|Ninetales-Alola, L50, F, shiny|100\/100\n|-weather|Snow|[from] ability: Snow Warning|[of] p1b: Ninetales\n|cant|p2b: Meowscarada|slp\n|move|p2a: Indeedee|Expanding Force|p1b: Ninetales|[spread] p1a,p1b\n|-crit|p1a: Milotic\n|-damage|p1a: Milotic|40\/100\n|-damage|p1b: Ninetales|51\/100\n|-enditem|p1a: Milotic|Sitrus Berry|[eat]\n|-heal|p1a: Milotic|64\/100|[from] item: Sitrus Berry\n|move|p1a: Milotic|Hypnosis|p2a: Indeedee\n|-status|p2a: Indeedee|slp|[from] move: Hypnosis\n|\n|-weather|Snow|[upkeep]\n|upkeep\n|turn|8\n|\n|t:|1726299600\n|-curestatus|p2b: Meowscarada|slp|[msg]\n|move|p2b: Meowscarada|Flower Trick|p1a: Milotic\n|-resisted|p1a: Milotic\n|-crit|p1a: Milotic\n|-damage|p1a: Milotic|37\/100\n|cant|p2a: Indeedee|slp\n|move|p1b: Ninetales|Blizzard|p2a: Indeedee|[spread] p2a,p2b\n|-damage|p2a: Indeedee|26\/100 slp\n|-damage|p2b: Meowscarada|53\/100\n|move|p1a: Milotic|Muddy Water|p2b: Meowscarada|[spread] p2a,p2b\n|-damage|p2a: Indeedee|0 fnt\n|-damage|p2b: Meowscarada|16\/100\n|faint|p2a: Indeedee\n|\n|-weather|Snow|[upkeep]\n|-sideend|p1: fangame10|Grass Pledge\n|-sideend|p1: fangame10|move: Aurora Veil\n|upkeep\n|turn|9\n|-message|lelouchswag forfeited.\n|\n|win|fangame10\n|raw|fangame10's rating: 1796 &rarr; <strong>1817<\/strong><br \/>(+21 for winning)\n|raw|lelouchswag's rating: 1805 &rarr; <strong>1784<\/strong><br \/>(-21 for losing)\n|l|\u2606lelouchswag\n|player|p2|\n","uploadtime":1726299614,"views":265,"formatid":"gen9vgc2024regh","rating":1784,"private":0,"password":null}