{"id":"gen9vgc2024regh-2201199899","format":"[Gen 9] VGC 2024 Reg H","players":["Vividedenne","TwitterJasePokemon"],"log":"|j|\u2606Vividedenne\n|j|\u2606TwitterJasePokemon\n|t:|1726277820\n|gametype|doubles\n|player|p1|Vividedenne|#npl2023|1646\n|player|p2|TwitterJasePokemon|lucas|1697\n|teamsize|p1|6\n|teamsize|p2|6\n|gen|9\n|tier|[Gen 9] VGC 2024 Reg H\n|rated|\n|rule|Species Clause: Limit one of each Pok\u00e9mon\n|rule|Item Clause: Limit 1 of each item\n|clearpoke\n|poke|p1|Grimmsnarl, L50, M|\n|poke|p1|Kingambit, L50, M|\n|poke|p1|Primarina, L50, M|\n|poke|p1|Volcarona, L50, M|\n|poke|p1|Zoroark-Hisui, L50, M|\n|poke|p1|Rillaboom, L50, M|\n|poke|p2|Archaludon, L50, F|\n|poke|p2|Murkrow, L50, M|\n|poke|p2|Dragonite, L50, M|\n|poke|p2|Gholdengo, L50|\n|poke|p2|Meowscarada, L50, F|\n|poke|p2|Ursaluna-Bloodmoon, L50, M|\n|teampreview|4\n|inactive|Battle timer is ON: inactive players will automatically lose when time's up. (requested by TwitterJasePokemon)\n|j| StaticPikaVGC\n|inactive|Vividedenne has 60 seconds left.\n|\n|t:|1726277855\n|start\n|switch|p1a: Grimmsnarl|Grimmsnarl, L50, M|100\/100\n|switch|p1b: Volcarona|Volcarona, L50, M|100\/100\n|switch|p2a: Gholdengo|Gholdengo, L50|100\/100\n|switch|p2b: Ursaluna|Ursaluna-Bloodmoon, L50, M|100\/100\n|turn|1\n|inactive|Vividedenne has 30 seconds left.\n|\n|t:|1726277881\n|move|p1a: Grimmsnarl|Light Screen|p1a: Grimmsnarl\n|-sidestart|p1: Vividedenne|move: Light Screen\n|move|p1b: Volcarona|Shadow Ball|p2a: Gholdengo\n|-supereffective|p2a: Gholdengo\n|-crit|p2a: Gholdengo\n|-damage|p2a: Gholdengo|0 fnt\n|faint|p2a: Gholdengo\n|move|p2b: Ursaluna|Hyper Voice|p1a: Grimmsnarl|[spread] p1a,p1b\n|-damage|p1a: Grimmsnarl|76\/100\n|-damage|p1b: Volcarona|42\/100\n|replace|p1b: Zoroark|Zoroark-Hisui, L50, M\n|-end|p1b: Zoroark|Illusion\n|\n|upkeep\n|\n|t:|1726277887\n|switch|p2a: Dragonite|Dragonite, L50, M|100\/100\n|turn|2\n|\n|t:|1726277909\n|move|p1a: Grimmsnarl|Reflect|p1a: Grimmsnarl\n|-sidestart|p1: Vividedenne|Reflect\n|move|p1b: Zoroark|Will-O-Wisp|p2a: Dragonite\n|-status|p2a: Dragonite|brn\n|move|p2a: Dragonite|Scale Shot|p1b: Zoroark\n|-damage|p1b: Zoroark|32\/100\n|-damage|p1b: Zoroark|23\/100\n|-crit|p1b: Zoroark\n|-damage|p1b: Zoroark|1\/100\n|-damage|p1b: Zoroark|0 fnt\n|faint|p1b: Zoroark\n|-hitcount|p1: Zoroark|4\n|-unboost|p2a: Dragonite|def|1\n|-boost|p2a: Dragonite|spe|1\n|move|p2b: Ursaluna|Blood Moon|p1a: Grimmsnarl\n|-damage|p1a: Grimmsnarl|23\/100\n|\n|-damage|p2a: Dragonite|95\/100 brn|[from] brn\n|upkeep\n|\n|t:|1726277920\n|switch|p1b: Rillaboom|Rillaboom, L50, M|100\/100\n|-fieldstart|move: Grassy Terrain|[from] ability: Grassy Surge|[of] p1b: Rillaboom\n|turn|3\n|\n|t:|1726277939\n|-terastallize|p2a: Dragonite|Flying\n|move|p2a: Dragonite|Tera Blast|p1b: Rillaboom|[anim] Tera Blast Flying\n|-supereffective|p1b: Rillaboom\n|-damage|p1b: Rillaboom|64\/100\n|move|p1b: Rillaboom|Wood Hammer|p2a: Dragonite\n|-resisted|p2a: Dragonite\n|-damage|p2a: Dragonite|21\/100 brn\n|-damage|p1b: Rillaboom|45\/100|[from] Recoil\n|move|p1a: Grimmsnarl|Spirit Break|p2a: Dragonite\n|-damage|p2a: Dragonite|0 fnt\n|faint|p2a: Dragonite\n|move|p2b: Ursaluna|Hyper Voice|p1a: Grimmsnarl|[spread] p1a,p1b\n|-damage|p1a: Grimmsnarl|0 fnt\n|-damage|p1b: Rillaboom|24\/100\n|faint|p1a: Grimmsnarl\n|\n|-heal|p1b: Rillaboom|29\/100|[from] Grassy Terrain\n|upkeep\n|\n|t:|1726277945\n|switch|p2a: Archaludon|Archaludon, L50, F|100\/100\n|switch|p1a: Volcarona|Volcarona, L50, M|100\/100\n|turn|4\n|\n|t:|1726277957\n|move|p1a: Volcarona|Quiver Dance|p1a: Volcarona\n|-boost|p1a: Volcarona|spa|1\n|-boost|p1a: Volcarona|spd|1\n|-boost|p1a: Volcarona|spe|1\n|move|p2a: Archaludon|Draco Meteor|p1a: Volcarona\n|-damage|p1a: Volcarona|70\/100\n|-unboost|p2a: Archaludon|spa|2\n|move|p1b: Rillaboom|Wood Hammer|p2b: Ursaluna\n|-supereffective|p2b: Ursaluna\n|-damage|p2b: Ursaluna|0 fnt\n|faint|p2b: Ursaluna\n|-damage|p1b: Rillaboom|0 fnt|[from] Recoil\n|faint|p1b: Rillaboom\n|\n|-heal|p1a: Volcarona|76\/100|[from] Grassy Terrain\n|-heal|p1a: Volcarona|82\/100|[from] item: Leftovers\n|upkeep\n|turn|5\n|\n|t:|1726277970\n|move|p1a: Volcarona|Protect|p1a: Volcarona\n|-singleturn|p1a: Volcarona|Protect\n|move|p2a: Archaludon|Draco Meteor|p1a: Volcarona\n|-activate|p1a: Volcarona|move: Protect\n|\n|-heal|p1a: Volcarona|88\/100|[from] Grassy Terrain\n|-heal|p1a: Volcarona|94\/100|[from] item: Leftovers\n|upkeep\n|turn|6\n|\n|t:|1726277974\n|move|p1a: Volcarona|Quiver Dance|p1a: Volcarona\n|-boost|p1a: Volcarona|spa|1\n|-boost|p1a: Volcarona|spd|1\n|-boost|p1a: Volcarona|spe|1\n|move|p2a: Archaludon|Draco Meteor|p1a: Volcarona\n|-damage|p1a: Volcarona|82\/100\n|-unboost|p2a: Archaludon|spa|2\n|\n|-heal|p1a: Volcarona|88\/100|[from] Grassy Terrain\n|-heal|p1a: Volcarona|94\/100|[from] item: Leftovers\n|upkeep\n|turn|7\n|\n|t:|1726277977\n|move|p1a: Volcarona|Flamethrower|p2a: Archaludon\n|-ability|p2a: Archaludon|Sturdy\n|-damage|p2a: Archaludon|1\/100\n|-status|p2a: Archaludon|brn\n|move|p2a: Archaludon|Draco Meteor|p1a: Volcarona\n|-damage|p1a: Volcarona|86\/100\n|-unboost|p2a: Archaludon|spa|2\n|\n|-heal|p1a: Volcarona|92\/100|[from] Grassy Terrain\n|-heal|p1a: Volcarona|98\/100|[from] item: Leftovers\n|-heal|p2a: Archaludon|7\/100 brn|[from] Grassy Terrain\n|-damage|p2a: Archaludon|1\/100 brn|[from] brn\n|-fieldend|move: Grassy Terrain\n|upkeep\n|turn|8\n|-message|TwitterJasePokemon forfeited.\n|\n|win|Vividedenne\n|raw|Vividedenne's rating: 1646 &rarr; <strong>1669<\/strong><br \/>(+23 for winning)\n|raw|TwitterJasePokemon's rating: 1697 &rarr; <strong>1674<\/strong><br \/>(-23 for losing)\n|l|\u2606TwitterJasePokemon\n|player|p2|\n|c|\u2606Vividedenne|gg\n|l|\u2606Vividedenne\n|player|p1|\n|l| StaticPikaVGC\n","uploadtime":1726278132,"views":11,"formatid":"gen9vgc2024regh","rating":1669,"private":0,"password":null}