{"id":"gen9vgc2024regh-2201900912","format":"[Gen 9] VGC 2024 Reg H","players":["CarryTheBoats","jetshavel"],"log":"|j|\u2606CarryTheBoats\n|j|\u2606jetshavel\n|t:|1726370313\n|gametype|doubles\n|player|p1|CarryTheBoats|crasherwake|1728\n|player|p2|jetshavel|2|1713\n|teamsize|p1|6\n|teamsize|p2|6\n|gen|9\n|tier|[Gen 9] VGC 2024 Reg H\n|rated|\n|rule|Species Clause: Limit one of each Pok\u00e9mon\n|rule|Item Clause: Limit 1 of each item\n|clearpoke\n|poke|p1|Amoonguss, L50, F|\n|poke|p1|Kingambit, L50, F|\n|poke|p1|Salamence, L50, F|\n|poke|p1|Archaludon, L50, F|\n|poke|p1|Pelipper, L50, M|\n|poke|p1|Basculegion, L50, M|\n|poke|p2|Archaludon, L50, F|\n|poke|p2|Typhlosion-Hisui, L50, F|\n|poke|p2|Primarina, L50, M|\n|poke|p2|Meowscarada, L50, F|\n|poke|p2|Ursaluna-Bloodmoon, L50, M|\n|poke|p2|Murkrow, L50, M|\n|teampreview|4\njetshavel has agreed to open team sheets.\nCarryTheBoats rejected open team sheets.\n|\n|t:|1726370350\n|start\n|switch|p1a: Salamence|Salamence, L50, F, shiny|100\/100\n|switch|p1b: Kingambit|Kingambit, L50, F, shiny|100\/100\n|switch|p2a: Typhlosion|Typhlosion-Hisui, L50, F|100\/100\n|switch|p2b: Murkrow|Murkrow, L50, M|100\/100\n|-ability|p1a: Salamence|Intimidate|boost\n|-unboost|p2a: Typhlosion|atk|1\n|-unboost|p2b: Murkrow|atk|1\n|turn|1\n|inactive|Battle timer is ON: inactive players will automatically lose when time's up. (requested by CarryTheBoats)\n|\n|t:|1726370366\n|switch|p2a: Ursaluna|Ursaluna-Bloodmoon, L50, M|100\/100\n|-terastallize|p1b: Kingambit|Fairy\n|move|p1b: Kingambit|Sucker Punch||[still]\n|-fail|p1b: Kingambit\n|move|p1a: Salamence|Air Slash|p2a: Ursaluna\n|-damage|p2a: Ursaluna|55\/100\n|move|p2b: Murkrow|Foul Play|p1a: Salamence\n|-damage|p1a: Salamence|61\/100\n|\n|upkeep\n|turn|2\n|\n|t:|1726370384\n|-terastallize|p2a: Ursaluna|Normal\n|move|p1a: Salamence|Protect|p1a: Salamence\n|-singleturn|p1a: Salamence|Protect\n|move|p2b: Murkrow|Tailwind|p2b: Murkrow\n|-sidestart|p2: jetshavel|move: Tailwind\n|move|p2a: Ursaluna|Hyper Voice|p1b: Kingambit|[spread] p1b\n|-activate|p1a: Salamence|move: Protect\n|-damage|p1b: Kingambit|57\/100\n|-damage|p2a: Ursaluna|46\/100|[from] item: Life Orb\n|move|p1b: Kingambit|Kowtow Cleave|p2a: Ursaluna\n|-damage|p2a: Ursaluna|6\/100\n|\n|upkeep\n|turn|3\n|inactive|jetshavel has 30 seconds left.\n|\n|t:|1726370416\n|move|p1b: Kingambit|Sucker Punch|p2a: Ursaluna\n|-damage|p2a: Ursaluna|0 fnt\n|faint|p2a: Ursaluna\n|move|p2b: Murkrow|Foul Play|p1a: Salamence\n|-damage|p1a: Salamence|19\/100\n|move|p1a: Salamence|Tailwind|p1a: Salamence\n|-sidestart|p1: CarryTheBoats|move: Tailwind\n|\n|upkeep\n|\n|t:|1726370423\n|switch|p2a: Meowscarada|Meowscarada, L50, F|100\/100\n|turn|4\n|\n|t:|1726370433\n|move|p2a: Meowscarada|Grass Pledge|p1b: Kingambit\n|-damage|p1b: Kingambit|44\/100\n|move|p1a: Salamence|Air Slash|p2a: Meowscarada\n|-supereffective|p2a: Meowscarada\n|-enditem|p2a: Meowscarada|Focus Sash\n|-damage|p2a: Meowscarada|1\/100\n|move|p2b: Murkrow|Foul Play|p1b: Kingambit\n|-resisted|p1b: Kingambit\n|-damage|p1b: Kingambit|26\/100\n|move|p1b: Kingambit|Tera Blast|p2b: Murkrow|[anim] Tera Blast Fairy\n|-supereffective|p2b: Murkrow\n|-damage|p2b: Murkrow|27\/100\n|\n|upkeep\n|turn|5\n|\n|t:|1726370449\n|move|p2a: Meowscarada|Flower Trick|p1b: Kingambit\n|-crit|p1b: Kingambit\n|-damage|p1b: Kingambit|0 fnt\n|faint|p1b: Kingambit\n|move|p1a: Salamence|Draco Meteor|p2b: Murkrow\n|-damage|p2b: Murkrow|0 fnt\n|-unboost|p1a: Salamence|spa|2\n|faint|p2b: Murkrow\n|\n|-sideend|p2: jetshavel|move: Tailwind\n|upkeep\n|j| Satansinlaw\n|\n|t:|1726370469\n|switch|p2b: Typhlosion|Typhlosion-Hisui, L50, F|100\/100\n|switch|p1b: Basculegion|Basculegion, L50, M|100\/100\n|turn|6\n|\n|t:|1726370487\n|move|p1b: Basculegion|Aqua Jet|p2b: Typhlosion\n|-supereffective|p2b: Typhlosion\n|-damage|p2b: Typhlosion|16\/100\n|move|p1a: Salamence|Air Slash|p2b: Typhlosion\n|-damage|p2b: Typhlosion|0 fnt\n|faint|p2b: Typhlosion\n|move|p2a: Meowscarada|Knock Off|p1a: Salamence\n|-damage|p1a: Salamence|0 fnt\n|-enditem|p1a: Salamence|Covert Cloak|[from] move: Knock Off|[of] p2a: Meowscarada\n|faint|p1a: Salamence\n|\n|-sideend|p1: CarryTheBoats|move: Tailwind\n|upkeep\n|\n|t:|1726370493\n|switch|p1a: Archaludon|Archaludon, L50, F|100\/100\n|turn|7\n|-message|jetshavel forfeited.\n|\n|win|CarryTheBoats\n|raw|CarryTheBoats's rating: 1728 &rarr; <strong>1747<\/strong><br \/>(+19 for winning)\n|raw|jetshavel's rating: 1713 &rarr; <strong>1694<\/strong><br \/>(-19 for losing)\n|l|\u2606jetshavel\n|player|p2|\n|l|\u2606CarryTheBoats\n|player|p1|\n|l| Satansinlaw\n","uploadtime":1726370692,"views":26,"formatid":"gen9vgc2024regh","rating":1694,"private":0,"password":null}