{"id":"gen9vgc2024regh-2201726776","format":"[Gen 9] VGC 2024 Reg H","players":["fangame10","asNsnK"],"log":"|j|\u2606fangame10\n|j|\u2606asNsnK\n|t:|1726349390\n|gametype|doubles\n|player|p1|fangame10|red|1732\n|player|p2|asNsnK|ninjaboy|1691\n|teamsize|p1|6\n|teamsize|p2|6\n|gen|9\n|tier|[Gen 9] VGC 2024 Reg H\n|rated|\n|rule|Species Clause: Limit one of each Pok\u00e9mon\n|rule|Item Clause: Limit 1 of each item\n|clearpoke\n|poke|p1|Baxcalibur, L50, F|\n|poke|p1|Ninetales-Alola, L50, F|\n|poke|p1|Milotic, L50, M|\n|poke|p1|Skeledirge, L50, M|\n|poke|p1|Rillaboom, L50, M|\n|poke|p1|Sneasler, L50, M|\n|poke|p2|Sneasler, L50, F|\n|poke|p2|Electabuzz, L50, F|\n|poke|p2|Volcarona, L50, M|\n|poke|p2|Rillaboom, L50, F|\n|poke|p2|Dragapult, L50, M|\n|poke|p2|Primarina, L50, F|\n|teampreview|4\n|inactive|Battle timer is ON: inactive players will automatically lose when time's up. (requested by fangame10)\n|\n|t:|1726349415\n|start\n|switch|p1a: Sneasler|Sneasler, L50, M, shiny|100\/100\n|switch|p1b: Ninetales|Ninetales-Alola, L50, F, shiny|100\/100\n|switch|p2a: Volcarona|Volcarona, L50, M|100\/100\n|switch|p2b: Primarina|Primarina, L50, F|100\/100\n|-weather|Snow|[from] ability: Snow Warning|[of] p1b: Ninetales\n|turn|1\n|\n|t:|1726349429\n|move|p1a: Sneasler|Dire Claw|p2b: Primarina\n|-supereffective|p2b: Primarina\n|-damage|p2b: Primarina|8\/100\n|-status|p2b: Primarina|psn|[from] ability: Poison Touch|[of] p1a: Sneasler\n|-enditem|p2b: Primarina|Sitrus Berry|[eat]\n|-heal|p2b: Primarina|33\/100 psn|[from] item: Sitrus Berry\n|move|p1b: Ninetales|Aurora Veil|p1b: Ninetales\n|-sidestart|p1: fangame10|move: Aurora Veil\n|move|p2a: Volcarona|Quiver Dance|p2a: Volcarona\n|-boost|p2a: Volcarona|spa|1\n|-boost|p2a: Volcarona|spd|1\n|-boost|p2a: Volcarona|spe|1\n|move|p2b: Primarina|Hyper Voice|p1b: Ninetales|[spread] p1a,p1b\n|-damage|p1a: Sneasler|71\/100\n|-damage|p1b: Ninetales|72\/100\n|\n|-weather|Snow|[upkeep]\n|-damage|p2b: Primarina|21\/100 psn|[from] psn\n|upkeep\n|turn|2\n|\n|t:|1726349445\n|move|p2a: Volcarona|Heat Wave|p1a: Sneasler|[spread] p1a,p1b\n|-supereffective|p1b: Ninetales\n|-damage|p1a: Sneasler|24\/100\n|-damage|p1b: Ninetales|0 fnt\n|-status|p1a: Sneasler|brn\n|faint|p1b: Ninetales\n|move|p1a: Sneasler|Dire Claw|p2a: Volcarona\n|-damage|p2a: Volcarona|75\/100\n|move|p2b: Primarina|Moonblast|p1a: Sneasler\n|-damage|p1a: Sneasler|0 fnt\n|faint|p1a: Sneasler\n|\n|-weather|Snow|[upkeep]\n|-heal|p2a: Volcarona|81\/100|[from] item: Leftovers\n|-damage|p2b: Primarina|8\/100 psn|[from] psn\n|upkeep\n|\n|t:|1726349449\n|switch|p1a: Skeledirge|Skeledirge, L50, M, shiny|100\/100\n|switch|p1b: Baxcalibur|Baxcalibur, L50, F, shiny|100\/100\n|turn|3\n|\n|t:|1726349462\n|move|p2a: Volcarona|Protect|p2a: Volcarona\n|-singleturn|p2a: Volcarona|Protect\n|move|p1b: Baxcalibur|Dragon Dance|p1b: Baxcalibur\n|-boost|p1b: Baxcalibur|atk|1\n|-boost|p1b: Baxcalibur|spe|1\n|move|p1a: Skeledirge|Torch Song|p2a: Volcarona\n|-activate|p2a: Volcarona|move: Protect\n|move|p2b: Primarina|Moonblast|p1b: Baxcalibur\n|-supereffective|p1b: Baxcalibur\n|-damage|p1b: Baxcalibur|42\/100\n|\n|-weather|Snow|[upkeep]\n|-heal|p1b: Baxcalibur|48\/100|[from] ability: Ice Body\n|-heal|p2a: Volcarona|86\/100|[from] item: Leftovers\n|-damage|p2b: Primarina|0 fnt|[from] psn\n|faint|p2b: Primarina\n|upkeep\n|\n|t:|1726349474\n|switch|p2b: Electabuzz|Electabuzz, L50, F|100\/100\n|turn|4\n|\n|t:|1726349486\n|move|p1b: Baxcalibur|Protect|p1b: Baxcalibur\n|-singleturn|p1b: Baxcalibur|Protect\n|move|p2a: Volcarona|Heat Wave|p1b: Baxcalibur|[spread] p1a\n|-activate|p1b: Baxcalibur|move: Protect\n|-resisted|p1a: Skeledirge\n|-damage|p1a: Skeledirge|90\/100\n|move|p2b: Electabuzz|Electroweb|p1b: Baxcalibur|[spread] p1a\n|-activate|p1b: Baxcalibur|move: Protect\n|-crit|p1a: Skeledirge\n|-damage|p1a: Skeledirge|71\/100\n|-unboost|p1a: Skeledirge|spe|1\n|move|p1a: Skeledirge|Torch Song|p2a: Volcarona\n|-damage|p2a: Volcarona|53\/100\n|-boost|p1a: Skeledirge|spa|1\n|\n|-weather|Snow|[upkeep]\n|-heal|p1b: Baxcalibur|53\/100|[from] ability: Ice Body\n|-heal|p2a: Volcarona|59\/100|[from] item: Leftovers\n|-heal|p1a: Skeledirge|77\/100|[from] item: Leftovers\n|upkeep\n|turn|5\n|inactive|fangame10 has 30 seconds left.\n|\n|t:|1726349515\n|-terastallize|p1b: Baxcalibur|Dragon\n|move|p2a: Volcarona|Heat Wave|p1b: Baxcalibur|[spread] p1a,p1b\n|-resisted|p1a: Skeledirge\n|-resisted|p1b: Baxcalibur\n|-damage|p1a: Skeledirge|67\/100\n|-damage|p1b: Baxcalibur|37\/100\n|move|p1b: Baxcalibur|High Horsepower|p2b: Electabuzz\n|-supereffective|p2b: Electabuzz\n|-damage|p2b: Electabuzz|5\/100\n|-status|p1b: Baxcalibur|par|[from] ability: Static|[of] p2b: Electabuzz\n|move|p2b: Electabuzz|Electroweb|p1a: Skeledirge|[spread] p1a,p1b\n|-resisted|p1b: Baxcalibur\n|-damage|p1a: Skeledirge|58\/100\n|-damage|p1b: Baxcalibur|33\/100 par\n|-unboost|p1a: Skeledirge|spe|1\n|move|p1a: Skeledirge|Shadow Ball|p2b: Electabuzz\n|-damage|p2b: Electabuzz|0 fnt\n|faint|p2b: Electabuzz\n|\n|-weather|none\n|-heal|p2a: Volcarona|65\/100|[from] item: Leftovers\n|-heal|p1a: Skeledirge|64\/100|[from] item: Leftovers\n|upkeep\n|\n|t:|1726349525\n|switch|p2b: Dragapult|Dragapult, L50, M|100\/100\n|turn|6\n|\n|t:|1726349531\n|-terastallize|p2b: Dragapult|Dragon\n|move|p2a: Volcarona|Heat Wave|p1b: Baxcalibur|[spread] p1a,p1b\n|-resisted|p1a: Skeledirge\n|-resisted|p1b: Baxcalibur\n|-damage|p1a: Skeledirge|55\/100\n|-damage|p1b: Baxcalibur|17\/100 par\n|move|p2b: Dragapult|Dragon Darts|p1b: Baxcalibur\n|-supereffective|p1b: Baxcalibur\n|-damage|p1b: Baxcalibur|0 fnt\n|-anim|p2b: Dragapult|Dragon Darts|p1a: Skeledirge\n|-damage|p1a: Skeledirge|22\/100\n|faint|p1b: Baxcalibur\n|move|p1a: Skeledirge|Shadow Ball|p2b: Dragapult\n|-damage|p2b: Dragapult|23\/100\n|\n|-heal|p2a: Volcarona|71\/100|[from] item: Leftovers\n|-heal|p1a: Skeledirge|28\/100|[from] item: Leftovers\n|upkeep\n|turn|7\n|-message|fangame10 forfeited.\n|\n|win|asNsnK\n|raw|fangame10's rating: 1751 &rarr; <strong>1728<\/strong><br \/>(-23 for losing)\n|raw|asNsnK's rating: 1691 &rarr; <strong>1714<\/strong><br \/>(+23 for winning)\n|l|\u2606fangame10\n|player|p1|\n|l|\u2606asNsnK\n|player|p2|\n","uploadtime":1726349709,"views":87,"formatid":"gen9vgc2024regh","rating":1714,"private":0,"password":null}