{"id":"gen9vgc2024regh-2201428919","format":"[Gen 9] VGC 2024 Reg H","players":["chin8","Super Crist"],"log":"|j|\u2606chin8\n|j|\u203dSuper Crist\n|t:|1726315845\n|gametype|doubles\n|player|p1|chin8|gentleman-gen4dp|1789\n|player|p2|Super Crist|sabrina|1729\n|teamsize|p1|6\n|teamsize|p2|6\n|gen|9\n|tier|[Gen 9] VGC 2024 Reg H\n|rated|\n|rule|Species Clause: Limit one of each Pok\u00e9mon\n|rule|Item Clause: Limit 1 of each item\n|clearpoke\n|poke|p1|Baxcalibur, L50, F|\n|poke|p1|Kilowattrel, L50, M|\n|poke|p1|Haxorus, L50, F|\n|poke|p1|Gardevoir, L50, F|\n|poke|p1|Magmortar, L50, M|\n|poke|p1|Gholdengo, L50|\n|poke|p2|Tyranitar, L50, M|\n|poke|p2|Amoonguss, L50, F|\n|poke|p2|Incineroar, L50, F|\n|poke|p2|Gholdengo, L50|\n|poke|p2|Porygon2, L50|\n|poke|p2|Ursaluna, L50, M|\n|teampreview|4\n|inactive|Battle timer is ON: inactive players will automatically lose when time's up. (requested by Super Crist)\n|j| Daniel1VGC\n|inactive|Super Crist has 60 seconds left.\n|\n|t:|1726315887\n|start\n|switch|p1a: Magmortar|Magmortar, L50, M|100\/100\n|switch|p1b: Gholdengo|Gholdengo, L50|100\/100\n|switch|p2a: Tyranitar|Tyranitar, L50, M, shiny|100\/100\n|switch|p2b: Porygon2|Porygon2, L50, shiny|100\/100\n|-weather|Sandstorm|[from] ability: Sand Stream|[of] p2a: Tyranitar\n|-ability|p2b: Porygon2|Download|boost\n|-boost|p2b: Porygon2|atk|1\n|turn|1\n|inactive|Super Crist has 30 seconds left.\n|inactive|Super Crist has 20 seconds left.\n|l| Daniel1VGC\n|inactive|Super Crist has 15 seconds left.\n|inactive|Super Crist has 10 seconds left.\n|inactive|Super Crist has 5 seconds left.\n|\n|t:|1726315937\n|switch|p2b: Incineroar|Incineroar, L50, F, shiny|100\/100\n|-ability|p2b: Incineroar|Intimidate|boost\n|-unboost|p1a: Magmortar|atk|1\n|-unboost|p1b: Gholdengo|atk|1\n|move|p1b: Gholdengo|Nasty Plot|p1b: Gholdengo\n|-boost|p1b: Gholdengo|spa|2\n|move|p1a: Magmortar|Taunt|p2b: Incineroar\n|-start|p2b: Incineroar|move: Taunt\n|move|p2a: Tyranitar|Knock Off|p1b: Gholdengo\n|-supereffective|p1b: Gholdengo\n|-damage|p1b: Gholdengo|0 fnt\n|-enditem|p1b: Gholdengo|Leftovers|[from] move: Knock Off|[of] p2a: Tyranitar\n|faint|p1b: Gholdengo\n|\n|-weather|Sandstorm|[upkeep]\n|-damage|p1a: Magmortar|94\/100|[from] Sandstorm\n|upkeep\n|\n|t:|1726315944\n|switch|p1b: Baxcalibur|Baxcalibur, L50, F|100\/100\n|turn|2\n|\n|t:|1726315960\n|switch|p2b: Porygon2|Porygon2, L50, shiny|100\/100\n|-ability|p2b: Porygon2|Download|boost\n|-boost|p2b: Porygon2|atk|1\n|-terastallize|p1b: Baxcalibur|Ground\n|move|p1a: Magmortar|Protect|p1a: Magmortar\n|-singleturn|p1a: Magmortar|Protect\n|move|p1b: Baxcalibur|Earthquake|p2b: Porygon2|[spread] p2a,p2b\n|-activate|p1a: Magmortar|move: Protect\n|-supereffective|p2a: Tyranitar\n|-damage|p2a: Tyranitar|31\/100\n|-damage|p2b: Porygon2|69\/100\n|move|p2a: Tyranitar|Rock Slide|p1b: Baxcalibur|[spread] p1b\n|-activate|p1a: Magmortar|move: Protect\n|-resisted|p1b: Baxcalibur\n|-damage|p1b: Baxcalibur|86\/100\n|\n|-weather|Sandstorm|[upkeep]\n|-damage|p1a: Magmortar|88\/100|[from] Sandstorm\n|-damage|p2b: Porygon2|63\/100|[from] Sandstorm\n|upkeep\n|turn|3\n|inactive|Super Crist has 30 seconds left.\n|\n|t:|1726315995\n|switch|p2b: Incineroar|Incineroar, L50, F, shiny|100\/100\n|-ability|p2b: Incineroar|Intimidate|boost\n|-unboost|p1a: Magmortar|atk|1\n|-unboost|p1b: Baxcalibur|atk|1\n|move|p1b: Baxcalibur|Icicle Crash|p2a: Tyranitar\n|-damage|p2a: Tyranitar|2\/100\n|move|p1a: Magmortar|Taunt|p2b: Incineroar\n|-start|p2b: Incineroar|move: Taunt\n|move|p2a: Tyranitar|Rock Slide|p1b: Baxcalibur|[spread] p1a,p1b\n|-supereffective|p1a: Magmortar\n|-resisted|p1b: Baxcalibur\n|-damage|p1a: Magmortar|19\/100\n|-damage|p1b: Baxcalibur|70\/100\n|-enditem|p1a: Magmortar|Sitrus Berry|[eat]\n|-heal|p1a: Magmortar|44\/100|[from] item: Sitrus Berry\n|\n|-weather|Sandstorm|[upkeep]\n|-damage|p1a: Magmortar|38\/100|[from] Sandstorm\n|upkeep\n|turn|4\n|inactive|Super Crist has 30 seconds left.\n|inactive|Super Crist has 20 seconds left.\n|inactive|Super Crist has 15 seconds left.\n|inactive|Super Crist has 10 seconds left.\n|inactive|Super Crist has 5 seconds left.\n|\n|t:|1726316047\n|switch|p2b: Porygon2|Porygon2, L50, shiny|63\/100\n|-ability|p2b: Porygon2|Download|boost\n|-boost|p2b: Porygon2|atk|1\n|move|p1b: Baxcalibur|Icicle Crash|p2b: Porygon2\n|-damage|p2b: Porygon2|43\/100\n|move|p1a: Magmortar|Heat Wave|p2b: Porygon2|[spread] p2a,p2b\n|-resisted|p2a: Tyranitar\n|-damage|p2a: Tyranitar|0 fnt\n|-damage|p2b: Porygon2|23\/100\n|faint|p2a: Tyranitar\n|\n|-weather|Sandstorm|[upkeep]\n|-damage|p1a: Magmortar|32\/100|[from] Sandstorm\n|-damage|p2b: Porygon2|17\/100|[from] Sandstorm\n|upkeep\n|inactive|Super Crist has 30 seconds left.\n|\n|t:|1726316073\n|switch|p2a: Ursaluna|Ursaluna, L50, M, shiny|100\/100\n|turn|5\n|\n|t:|1726316081\n|switch|p1b: Kilowattrel|Kilowattrel, L50, M|100\/100\n|switch|p2b: Incineroar|Incineroar, L50, F, shiny|100\/100\n|-ability|p2b: Incineroar|Intimidate|boost\n|-unboost|p1a: Magmortar|atk|1\n|-unboost|p1b: Kilowattrel|atk|1\n|-ability|p1b: Kilowattrel|Competitive|boost\n|-boost|p1b: Kilowattrel|spa|2\n|move|p2a: Ursaluna|Protect|p2a: Ursaluna\n|-singleturn|p2a: Ursaluna|Protect\n|move|p1a: Magmortar|Heat Wave|p2b: Incineroar|[spread] p2b\n|-activate|p2a: Ursaluna|move: Protect\n|-resisted|p2b: Incineroar\n|-damage|p2b: Incineroar|88\/100\n|\n|-weather|none\n|-status|p2a: Ursaluna|brn|[from] item: Flame Orb\n|upkeep\n|turn|6\n|\n|t:|1726316101\n|move|p1b: Kilowattrel|Protect|p1b: Kilowattrel\n|-singleturn|p1b: Kilowattrel|Protect\n|move|p2b: Incineroar|Fake Out|p1b: Kilowattrel\n|-activate|p1b: Kilowattrel|move: Protect\n|move|p1a: Magmortar|Heat Wave|p2a: Ursaluna|[spread] p2a,p2b\n|-resisted|p2b: Incineroar\n|-damage|p2a: Ursaluna|71\/100 brn\n|-damage|p2b: Incineroar|75\/100\n|move|p2a: Ursaluna|Facade|p1b: Kilowattrel\n|-activate|p1b: Kilowattrel|move: Protect\n|\n|-damage|p2a: Ursaluna|65\/100 brn|[from] brn\n|upkeep\n|turn|7\n|\n|t:|1726316121\n|move|p2a: Ursaluna|Protect|p2a: Ursaluna\n|-singleturn|p2a: Ursaluna|Protect\n|move|p1b: Kilowattrel|Thunderbolt|p2b: Incineroar\n|-damage|p2b: Incineroar|4\/100\n|move|p1a: Magmortar|Heat Wave|p2a: Ursaluna|[spread] p2b\n|-activate|p2a: Ursaluna|move: Protect\n|-resisted|p2b: Incineroar\n|-damage|p2b: Incineroar|0 fnt\n|faint|p2b: Incineroar\n|\n|-damage|p2a: Ursaluna|60\/100 brn|[from] brn\n|upkeep\n|\n|t:|1726316133\n|switch|p2b: Porygon2|Porygon2, L50, shiny|17\/100\n|-ability|p2b: Porygon2|Download|boost\n|-boost|p2b: Porygon2|atk|1\n|turn|8\n|-message|Super Crist forfeited.\n|\n|win|chin8\n|raw|chin8's rating: 1789 &rarr; <strong>1806<\/strong><br \/>(+17 for winning)\n|raw|Super Crist's rating: 1729 &rarr; <strong>1712<\/strong><br \/>(-17 for losing)\n|l|\u203dSuper Crist\n|player|p2|\n|l|\u2606chin8\n|player|p1|\n","uploadtime":1726316358,"views":37,"formatid":"gen9vgc2024regh","rating":1712,"private":0,"password":null}