{"id":"gen9vgc2024regh-2201166473","format":"[Gen 9] VGC 2024 Reg H","players":["rexonagirl","bwahacough"],"log":"|j|\u2606rexonagirl\n|j|\u2606bwahacough\n|t:|1726273595\n|gametype|doubles\n|player|p1|rexonagirl|grimsley-masters|1694\n|player|p2|bwahacough|medium|1727\n|teamsize|p1|6\n|teamsize|p2|6\n|gen|9\n|tier|[Gen 9] VGC 2024 Reg H\n|rated|\n|rule|Species Clause: Limit one of each Pok\u00e9mon\n|rule|Item Clause: Limit 1 of each item\n|clearpoke\n|poke|p1|Archaludon, L50, F|\n|poke|p1|Ursaluna-Bloodmoon, L50, M|\n|poke|p1|Rillaboom, L50, F|\n|poke|p1|Pelipper, L50, M|\n|poke|p1|Incineroar, L50, F|\n|poke|p1|Farigiraf, L50, F|\n|poke|p2|Lycanroc, L50, M|\n|poke|p2|Tyranitar, L50, F|\n|poke|p2|Indeedee-F, L50, F|\n|poke|p2|Murkrow, L50, F|\n|poke|p2|Garchomp, L50, M|\n|poke|p2|Gholdengo, L50|\n|teampreview|4\n|inactive|Battle timer is ON: inactive players will automatically lose when time's up. (requested by rexonagirl)\n|inactive|rexonagirl has 60 seconds left.\n|\n|t:|1726273638\n|start\n|switch|p1a: Farigiraf|Farigiraf, L50, F|100\/100\n|switch|p1b: Incineroar|Incineroar, L50, F|100\/100\n|switch|p2a: Tyranitar|Tyranitar, L50, F|100\/100\n|switch|p2b: Garchomp|Garchomp, L50, M, shiny|100\/100\n|-ability|p1b: Incineroar|Intimidate|boost\n|-unboost|p2a: Tyranitar|atk|1\n|-fail|p2b: Garchomp|unboost|[from] item: Clear Amulet|[of] p2b: Garchomp\n|-weather|Sandstorm|[from] ability: Sand Stream|[of] p2a: Tyranitar\n|turn|1\n|inactive|rexonagirl has 30 seconds left.\n|inactive|bwahacough has 30 seconds left.\n|inactive|bwahacough has 20 seconds left.\n|\n|t:|1726273677\n|-terastallize|p2a: Tyranitar|Flying\n|move|p1b: Incineroar|Fake Out|p2a: Tyranitar\n|-damage|p2a: Tyranitar|93\/100\n|move|p2b: Garchomp|Earthquake|p1a: Farigiraf|[spread] p1a,p1b\n|-immune|p2a: Tyranitar\n|-supereffective|p1b: Incineroar\n|-damage|p1a: Farigiraf|67\/100\n|-damage|p1b: Incineroar|34\/100\n|cant|p2a: Tyranitar|flinch\n|move|p1a: Farigiraf|Trick Room|p1a: Farigiraf\n|-fieldstart|move: Trick Room|[of] p1a: Farigiraf\n|\n|-weather|Sandstorm|[upkeep]\n|-damage|p1a: Farigiraf|61\/100|[from] Sandstorm\n|-damage|p2a: Tyranitar|87\/100|[from] Sandstorm\n|upkeep\n|turn|2\n|inactive|rexonagirl has 30 seconds left.\n|\n|t:|1726273702\n|move|p1a: Farigiraf|Psychic|p2b: Garchomp\n|-damage|p2b: Garchomp|65\/100\n|move|p2a: Tyranitar|Knock Off|p1a: Farigiraf\n|-supereffective|p1a: Farigiraf\n|-damage|p1a: Farigiraf|0 fnt\n|-enditem|p1a: Farigiraf|Sitrus Berry|[from] move: Knock Off|[of] p2a: Tyranitar\n|faint|p1a: Farigiraf\n|move|p1b: Incineroar|Knock Off|p2a: Tyranitar\n|-damage|p2a: Tyranitar|59\/100\n|-enditem|p2a: Tyranitar|Assault Vest|[from] move: Knock Off|[of] p1b: Incineroar\n|move|p2b: Garchomp|Earthquake|p1b: Incineroar|[spread] p1b\n|-immune|p2a: Tyranitar\n|-supereffective|p1b: Incineroar\n|-crit|p1b: Incineroar\n|-damage|p1b: Incineroar|0 fnt\n|faint|p1b: Incineroar\n|\n|-weather|Sandstorm|[upkeep]\n|-damage|p2a: Tyranitar|53\/100|[from] Sandstorm\n|upkeep\n|\n|t:|1726273707\n|switch|p1a: Pelipper|Pelipper, L50, M|100\/100\n|switch|p1b: Archaludon|Archaludon, L50, F|100\/100\n|-weather|RainDance|[from] ability: Drizzle|[of] p1a: Pelipper\n|turn|3\n|\n|t:|1726273725\n|switch|p2a: Indeedee|Indeedee-F, L50, F, shiny|100\/100\n|-fieldstart|move: Psychic Terrain|[from] ability: Psychic Surge|[of] p2a: Indeedee\n|-terastallize|p1b: Archaludon|Grass\n|move|p2b: Garchomp|Protect|p2b: Garchomp\n|-singleturn|p2b: Garchomp|Protect\n|move|p1b: Archaludon|Electro Shot||[still]\n|-prepare|p1b: Archaludon|Electro Shot\n|-boost|p1b: Archaludon|spa|1\n|-anim|p1b: Archaludon|Electro Shot|p2a: Indeedee\n|-damage|p2a: Indeedee|37\/100\n|move|p1a: Pelipper|Weather Ball|p2b: Garchomp\n|-activate|p2b: Garchomp|move: Protect\n|\n|-weather|RainDance|[upkeep]\n|upkeep\n|turn|4\n|\n|t:|1726273745\n|switch|p2b: Tyranitar|Tyranitar, L50, F, tera:Flying|53\/100\n|-weather|Sandstorm|[from] ability: Sand Stream|[of] p2b: Tyranitar\n|move|p1b: Archaludon|Draco Meteor|p2b: Tyranitar|[miss]\n|-miss|p1b: Archaludon|p2b: Tyranitar\n|move|p2a: Indeedee|Psychic|p1a: Pelipper\n|-damage|p1a: Pelipper|33\/100\n|move|p1a: Pelipper|Weather Ball|p2a: Indeedee\n|-damage|p2a: Indeedee|5\/100\n|\n|-weather|Sandstorm|[upkeep]\n|-damage|p2b: Tyranitar|47\/100|[from] Sandstorm\n|-damage|p1b: Archaludon|94\/100|[from] Sandstorm\n|-damage|p1a: Pelipper|27\/100|[from] Sandstorm\n|upkeep\n|turn|5\n|\n|t:|1726273766\n|move|p2b: Tyranitar|Knock Off|p1b: Archaludon\n|-damage|p1b: Archaludon|54\/100\n|-ability|p1b: Archaludon|Stamina|boost\n|-boost|p1b: Archaludon|def|1\n|-enditem|p1b: Archaludon|Assault Vest|[from] move: Knock Off|[of] p2b: Tyranitar\n|move|p1b: Archaludon|Flash Cannon|p2b: Tyranitar\n|-damage|p2b: Tyranitar|1\/100\n|move|p2a: Indeedee|Psychic|p1a: Pelipper\n|-damage|p1a: Pelipper|0 fnt\n|faint|p1a: Pelipper\n|\n|-weather|Sandstorm|[upkeep]\n|-damage|p2b: Tyranitar|0 fnt|[from] Sandstorm\n|-damage|p1b: Archaludon|48\/100|[from] Sandstorm\n|faint|p2b: Tyranitar\n|-fieldend|move: Trick Room\n|upkeep\n|\n|t:|1726273773\n|switch|p2b: Gholdengo|Gholdengo, L50|100\/100\n|turn|6\n|-message|rexonagirl forfeited.\n|\n|win|bwahacough\n|raw|rexonagirl's rating: 1694 &rarr; <strong>1676<\/strong><br \/>(-18 for losing)\n|raw|bwahacough's rating: 1724 &rarr; <strong>1742<\/strong><br \/>(+18 for winning)\n|l|\u2606rexonagirl\n|player|p1|\n|l|\u2606bwahacough\n|player|p2|\n","uploadtime":1726274046,"views":14,"formatid":"gen9vgc2024regh","rating":1676,"private":0,"password":null}