{"id":"gen9vgc2024regh-2201301545","format":"[Gen 9] VGC 2024 Reg H","players":["fangame10","lieyanshu"],"log":"|j|\u2606fangame10\n|j|\u2606lieyanshu\n|t:|1726292368\n|gametype|doubles\n|player|p1|fangame10|red|1752\n|player|p2|lieyanshu|lucas|1651\n|teamsize|p1|6\n|teamsize|p2|6\n|gen|9\n|tier|[Gen 9] VGC 2024 Reg H\n|rated|\n|rule|Species Clause: Limit one of each Pok\u00e9mon\n|rule|Item Clause: Limit 1 of each item\n|clearpoke\n|poke|p1|Baxcalibur, L50, F|\n|poke|p1|Ninetales-Alola, L50, F|\n|poke|p1|Milotic, L50, M|\n|poke|p1|Skeledirge, L50, M|\n|poke|p1|Rillaboom, L50, M|\n|poke|p1|Sneasler, L50, M|\n|poke|p2|Gholdengo, L50|\n|poke|p2|Ursaluna-Bloodmoon, L50, M|\n|poke|p2|Dragapult, L50, M|\n|poke|p2|Murkrow, L50, M|\n|poke|p2|Kingambit, L50, F|\n|poke|p2|Sneasler, L50, F|\n|teampreview|4\n|inactive|Battle timer is ON: inactive players will automatically lose when time's up. (requested by fangame10)\n|inactive|fangame10 has 60 seconds left.\n|inactive|lieyanshu has 60 seconds left.\n|\n|t:|1726292416\n|start\n|switch|p1a: Ninetales|Ninetales-Alola, L50, F, shiny|100\/100\n|switch|p1b: Baxcalibur|Baxcalibur, L50, F, shiny|100\/100\n|switch|p2a: Murkrow|Murkrow, L50, M|100\/100\n|switch|p2b: Ursaluna|Ursaluna-Bloodmoon, L50, M|100\/100\n|-weather|Snow|[from] ability: Snow Warning|[of] p1a: Ninetales\n|turn|1\n|inactive|fangame10 has 30 seconds left.\n|\n|t:|1726292446\n|-terastallize|p1b: Baxcalibur|Dragon\n|-terastallize|p2a: Murkrow|Electric\n|move|p1a: Ninetales|Protect|p1a: Ninetales\n|-singleturn|p1a: Ninetales|Protect\n|move|p2b: Ursaluna|Protect|p2b: Ursaluna\n|-singleturn|p2b: Ursaluna|Protect\n|move|p2a: Murkrow|Sunny Day|p2a: Murkrow\n|-weather|SunnyDay\n|move|p1b: Baxcalibur|Glaive Rush|p2a: Murkrow\n|-damage|p2a: Murkrow|3\/100\n|-singlemove|p1b: Baxcalibur|Glaive Rush|[silent]\n|\n|-weather|SunnyDay|[upkeep]\n|upkeep\n|turn|2\n|\n|t:|1726292465\n|switch|p1b: Milotic|Milotic, L50, M, shiny|100\/100\n|move|p1a: Ninetales|Protect||[still]\n|-fail|p1a: Ninetales\n|move|p2a: Murkrow|Tailwind|p2a: Murkrow\n|-sidestart|p2: lieyanshu|move: Tailwind\n|move|p2b: Ursaluna|Blood Moon|p1a: Ninetales\n|-damage|p1a: Ninetales|0 fnt\n|faint|p1a: Ninetales\n|-damage|p2b: Ursaluna|91\/100|[from] item: Life Orb\n|\n|-weather|SunnyDay|[upkeep]\n|upkeep\n|\n|t:|1726292476\n|switch|p1a: Baxcalibur|Baxcalibur, L50, F, shiny, tera:Dragon|100\/100\n|turn|3\n|\n|t:|1726292488\n|move|p2a: Murkrow|Brave Bird|p1b: Milotic\n|-damage|p1b: Milotic|58\/100\n|-damage|p2a: Murkrow|0 fnt|[from] Recoil\n|faint|p2a: Murkrow\n|move|p2b: Ursaluna|Hyper Voice|p1b: Milotic|[spread] p1a,p1b\n|-damage|p1a: Baxcalibur|49\/100\n|-damage|p1b: Milotic|23\/100\n|-enditem|p1b: Milotic|Sitrus Berry|[eat]\n|-heal|p1b: Milotic|48\/100|[from] item: Sitrus Berry\n|-damage|p2b: Ursaluna|81\/100|[from] item: Life Orb\n|move|p1a: Baxcalibur|Dragon Dance|p1a: Baxcalibur\n|-boost|p1a: Baxcalibur|atk|1\n|-boost|p1a: Baxcalibur|spe|1\n|move|p1b: Milotic|Hypnosis|p2b: Ursaluna|[miss]\n|-miss|p1b: Milotic|p2b: Ursaluna\n|\n|-weather|SunnyDay|[upkeep]\n|upkeep\n|\n|t:|1726292503\n|switch|p2a: Dragapult|Dragapult, L50, M|100\/100\n|turn|4\n|\n|t:|1726292512\n|move|p1a: Baxcalibur|Protect|p1a: Baxcalibur\n|-singleturn|p1a: Baxcalibur|Protect\n|move|p2a: Dragapult|Dragon Darts|p1b: Milotic\n|-damage|p1b: Milotic|7\/100\n|-anim|p2a: Dragapult|Dragon Darts|p1b: Milotic\n|-damage|p1b: Milotic|0 fnt\n|faint|p1b: Milotic\n|move|p2b: Ursaluna|Blood Moon|p1a: Baxcalibur\n|-activate|p1a: Baxcalibur|move: Protect\n|\n|-weather|SunnyDay|[upkeep]\n|upkeep\n|\n|t:|1726292513\n|switch|p1b: Skeledirge|Skeledirge, L50, M, shiny|100\/100\n|turn|5\n|\n|t:|1726292527\n|move|p1a: Baxcalibur|Protect||[still]\n|-fail|p1a: Baxcalibur\n|move|p1b: Skeledirge|Protect|p1b: Skeledirge\n|-singleturn|p1b: Skeledirge|Protect\n|move|p2a: Dragapult|Dragon Darts|p1a: Baxcalibur\n|-supereffective|p1a: Baxcalibur\n|-damage|p1a: Baxcalibur|0 fnt\n|faint|p1a: Baxcalibur\n|move|p2b: Ursaluna|Hyper Voice|p1b: Skeledirge\n|-activate|p1b: Skeledirge|move: Protect\n|\n|-weather|none\n|-sideend|p2: lieyanshu|move: Tailwind\n|upkeep\n|turn|6\n|-message|fangame10 forfeited.\n|\n|win|lieyanshu\n|raw|fangame10's rating: 1752 &rarr; <strong>1726<\/strong><br \/>(-26 for losing)\n|raw|lieyanshu's rating: 1651 &rarr; <strong>1677<\/strong><br \/>(+26 for winning)\n|l|\u2606fangame10\n|player|p1|\n|l|\u2606lieyanshu\n|player|p2|\n","uploadtime":1726292783,"views":51,"formatid":"gen9vgc2024regh","rating":1677,"private":0,"password":null}