{"id":"gen9vgc2024regh-2201813645","format":"[Gen 9] VGC 2024 Reg H","players":["pokehys3","elvegis1"],"log":"|j|\u2606pokehys3\n|j|\u2606elvegis1\n|t:|1726359337\n|gametype|doubles\n|player|p1|pokehys3|102|1650\n|player|p2|elvegis1|lucas|1736\n|teamsize|p1|6\n|teamsize|p2|6\n|gen|9\n|tier|[Gen 9] VGC 2024 Reg H\n|rated|\n|rule|Species Clause: Limit one of each Pok\u00e9mon\n|rule|Item Clause: Limit 1 of each item\n|clearpoke\n|poke|p1|Gholdengo, L50|\n|poke|p1|Talonflame, L50, M|\n|poke|p1|Sneasler, L50, F|\n|poke|p1|Indeedee, L50, M|\n|poke|p1|Primarina, L50, M|\n|poke|p1|Dragapult, L50, M|\n|poke|p2|Annihilape, L50, M|\n|poke|p2|Electabuzz, L50, F|\n|poke|p2|Murkrow, L50, M|\n|poke|p2|Primarina, L50, M|\n|poke|p2|Archaludon, L50, F|\n|poke|p2|Sinistcha, L50|\n|teampreview|4\n|inactive|Battle timer is ON: inactive players will automatically lose when time's up. (requested by pokehys3)\n|inactive|pokehys3 has 60 seconds left.\n|inactive|elvegis1 has 60 seconds left.\n|inactive|pokehys3 has 30 seconds left.\n|inactive|elvegis1 has 30 seconds left.\n|\n|t:|1726359410\n|start\n|switch|p1a: Sneasler|Sneasler, L50, F|100\/100\n|switch|p1b: Indeedee|Indeedee, L50, M|100\/100\n|switch|p2a: Archaludon|Archaludon, L50, F|100\/100\n|switch|p2b: Electabuzz|Electabuzz, L50, F|100\/100\n|-fieldstart|move: Psychic Terrain|[from] ability: Psychic Surge|[of] p1b: Indeedee\n|-enditem|p1a: Sneasler|Psychic Seed\n|-boost|p1a: Sneasler|spd|1|[from] item: Psychic Seed\n|turn|1\n|inactive|pokehys3 has 30 seconds left.\n|inactive|elvegis1 has 30 seconds left.\n|inactive|pokehys3 has 20 seconds left.\n|inactive|elvegis1 has 20 seconds left.\n|inactive|pokehys3 has 15 seconds left.\n|inactive|elvegis1 has 15 seconds left.\n|\n|t:|1726359454\n|-terastallize|p2b: Electabuzz|Ghost\n|move|p1a: Sneasler|Protect|p1a: Sneasler\n|-singleturn|p1a: Sneasler|Protect\n|move|p2b: Electabuzz|Follow Me|p2b: Electabuzz\n|-singleturn|p2b: Electabuzz|move: Follow Me\n|move|p1b: Indeedee|Psyshock|p2b: Electabuzz\n|-damage|p2b: Electabuzz|60\/100\n|move|p2a: Archaludon|Flash Cannon|p1b: Indeedee\n|-damage|p1b: Indeedee|47\/100\n|\n|upkeep\n|turn|2\n|inactive|elvegis1 has 30 seconds left.\n|\n|t:|1726359486\n|switch|p1b: Gholdengo|Gholdengo, L50|100\/100\n|-terastallize|p1a: Sneasler|Dark\n|move|p1a: Sneasler|Throat Chop|p2b: Electabuzz\n|-supereffective|p2b: Electabuzz\n|-damage|p2b: Electabuzz|0 fnt\n|faint|p2b: Electabuzz\n|move|p2a: Archaludon|Flash Cannon|p1a: Sneasler\n|-damage|p1a: Sneasler|66\/100\n|\n|upkeep\n|\n|t:|1726359500\n|switch|p2b: Murkrow|Murkrow, L50, M|100\/100\n|turn|3\n|\n|t:|1726359513\n|move|p2b: Murkrow|Tailwind|p2b: Murkrow\n|-sidestart|p2: elvegis1|move: Tailwind\n|move|p1a: Sneasler|Close Combat|p2a: Archaludon\n|-supereffective|p2a: Archaludon\n|-damage|p2a: Archaludon|4\/100\n|-unboost|p1a: Sneasler|def|1\n|-unboost|p1a: Sneasler|spd|1\n|-ability|p2a: Archaludon|Stamina|boost\n|-boost|p2a: Archaludon|def|1\n|move|p2a: Archaludon|Body Press|p1a: Sneasler\n|-supereffective|p1a: Sneasler\n|-damage|p1a: Sneasler|0 fnt\n|faint|p1a: Sneasler\n|move|p1b: Gholdengo|Make It Rain|p2b: Murkrow|[spread] p2a,p2b\n|-resisted|p2a: Archaludon\n|-damage|p2a: Archaludon|0 fnt\n|-enditem|p2b: Murkrow|Focus Sash\n|-damage|p2b: Murkrow|1\/100\n|-unboost|p1b: Gholdengo|spa|1\n|faint|p2a: Archaludon\n|\n|upkeep\n|\n|t:|1726359527\n|switch|p1a: Talonflame|Talonflame, L50, M|100\/100\n|switch|p2a: Sinistcha|Sinistcha, L50|100\/100\n|-heal|p2b: Murkrow|26\/100|[from] ability: Hospitality|[of] p2a: Sinistcha\n|turn|4\n|\n|t:|1726359541\n|move|p1a: Talonflame|Tailwind|p1a: Talonflame\n|-sidestart|p1: pokehys3|move: Tailwind\n|move|p2b: Murkrow|Foul Play|p1b: Gholdengo\n|-supereffective|p1b: Gholdengo\n|-damage|p1b: Gholdengo|55\/100\n|move|p1b: Gholdengo|Make It Rain|p2b: Murkrow|[spread] p2a,p2b\n|-damage|p2a: Sinistcha|48\/100\n|-damage|p2b: Murkrow|0 fnt\n|-unboost|p1b: Gholdengo|spa|1\n|-enditem|p2a: Sinistcha|Sitrus Berry|[eat]\n|-heal|p2a: Sinistcha|73\/100|[from] item: Sitrus Berry\n|faint|p2b: Murkrow\n|move|p2a: Sinistcha|Matcha Gotcha|p1a: Talonflame|[spread] p1a,p1b\n|-resisted|p1a: Talonflame\n|-resisted|p1b: Gholdengo\n|-damage|p1a: Talonflame|90\/100\n|-heal|p2a: Sinistcha|77\/100|[from] drain|[of] p1a: Talonflame\n|-damage|p1b: Gholdengo|41\/100\n|-heal|p2a: Sinistcha|84\/100|[from] drain|[of] p1b: Gholdengo\n|-status|p1b: Gholdengo|brn\n|\n|-damage|p1b: Gholdengo|35\/100 brn|[from] brn\n|upkeep\n|turn|5\n|\n|t:|1726359550\n|move|p1a: Talonflame|Flare Blitz|p2a: Sinistcha\n|-supereffective|p2a: Sinistcha\n|-damage|p2a: Sinistcha|0 fnt\n|faint|p2a: Sinistcha\n|-damage|p1a: Talonflame|58\/100|[from] Recoil\n|-damage|p1a: Talonflame|49\/100|[from] item: Life Orb\n|\n|win|pokehys3\n|raw|pokehys3's rating: 1650 &rarr; <strong>1675<\/strong><br \/>(+25 for winning)\n|raw|elvegis1's rating: 1736 &rarr; <strong>1711<\/strong><br \/>(-25 for losing)\n|l|\u2606elvegis1\n|player|p2|\n|l|\u2606pokehys3\n|player|p1|\n","uploadtime":1726359793,"views":11,"formatid":"gen9vgc2024regh","rating":1675,"private":0,"password":null}