{"id":"gen9vgc2024regh-2201542287","format":"[Gen 9] VGC 2024 Reg H","players":["Soulstirring1","bwahacough"],"log":"|j|\u2606Soulstirring1\n|j|\u2606bwahacough\n|t:|1726329709\n|gametype|doubles\n|player|p1|Soulstirring1|2|1773\n|player|p2|bwahacough|medium|1765\n|teamsize|p1|6\n|teamsize|p2|6\n|gen|9\n|tier|[Gen 9] VGC 2024 Reg H\n|rated|\n|rule|Species Clause: Limit one of each Pok\u00e9mon\n|rule|Item Clause: Limit 1 of each item\n|clearpoke\n|poke|p1|Indeedee, L50, M|\n|poke|p1|Sneasler, L50, F|\n|poke|p1|Dondozo, L50, F|\n|poke|p1|Tatsugiri, L50, M|\n|poke|p1|Mienshao, L50, F|\n|poke|p1|Incineroar, L50, M|\n|poke|p2|Lycanroc, L50, F|\n|poke|p2|Tyranitar, L50, F|\n|poke|p2|Indeedee-F, L50, F|\n|poke|p2|Murkrow, L50, M|\n|poke|p2|Gholdengo, L50|\n|poke|p2|Kommo-o, L50, M|\n|teampreview|4\n|j| never win once\n|\n|t:|1726329751\n|start\n|switch|p1a: Sneasler|Sneasler, L50, F|100\/100\n|switch|p1b: Incineroar|Incineroar, L50, M|100\/100\n|switch|p2a: Lycanroc|Lycanroc, L50, F, shiny|100\/100\n|switch|p2b: Tyranitar|Tyranitar, L50, F|100\/100\n|-weather|Sandstorm|[from] ability: Sand Stream|[of] p2b: Tyranitar\n|-ability|p1b: Incineroar|Intimidate|boost\n|-unboost|p2a: Lycanroc|atk|1\n|-unboost|p2b: Tyranitar|atk|1\n|turn|1\n|\n|t:|1726329777\n|-terastallize|p1b: Incineroar|Water\n|-terastallize|p2b: Tyranitar|Flying\n|move|p1b: Incineroar|Fake Out|p2a: Lycanroc\n|-resisted|p2a: Lycanroc\n|-damage|p2a: Lycanroc|90\/100\n|cant|p2a: Lycanroc|flinch\n|move|p1a: Sneasler|Dire Claw|p2b: Tyranitar\n|-damage|p2b: Tyranitar|68\/100\n|-status|p2b: Tyranitar|psn\n|move|p2b: Tyranitar|Tera Blast|p1a: Sneasler|[anim] Tera Blast Flying\n|-supereffective|p1a: Sneasler\n|-damage|p1a: Sneasler|4\/100\n|\n|-weather|Sandstorm|[upkeep]\n|-damage|p1a: Sneasler|0 fnt|[from] Sandstorm\n|-damage|p2b: Tyranitar|62\/100 psn|[from] Sandstorm\n|-damage|p1b: Incineroar|94\/100|[from] Sandstorm\n|faint|p1a: Sneasler\n|-damage|p2b: Tyranitar|50\/100 psn|[from] psn\n|upkeep\n|\n|t:|1726329810\n|switch|p1a: Indeedee|Indeedee, L50, M|100\/100\n|-fieldstart|move: Psychic Terrain|[from] ability: Psychic Surge|[of] p1a: Indeedee\n|turn|2\n|\n|t:|1726329831\n|move|p2a: Lycanroc|Bulldoze|p1b: Incineroar|[spread] p1a,p1b\n|-immune|p2b: Tyranitar\n|-damage|p1a: Indeedee|76\/100\n|-damage|p1b: Incineroar|83\/100\n|-unboost|p1a: Indeedee|spe|1\n|-unboost|p1b: Incineroar|spe|1\n|move|p1a: Indeedee|Expanding Force|p2a: Lycanroc|[spread] p2a,p2b\n|-damage|p2a: Lycanroc|24\/100\n|-damage|p2b: Tyranitar|16\/100 psn\n|move|p2b: Tyranitar|Knock Off|p1a: Indeedee\n|-supereffective|p1a: Indeedee\n|-damage|p1a: Indeedee|0 fnt\n|-enditem|p1a: Indeedee|Choice Scarf|[from] move: Knock Off|[of] p2b: Tyranitar\n|faint|p1a: Indeedee\n|move|p1b: Incineroar|Parting Shot|p2b: Tyranitar\n|-unboost|p2b: Tyranitar|atk|1\n|-unboost|p2b: Tyranitar|spa|1\n|\n|t:|1726329839\n|switch|p1b: Dondozo|Dondozo, L50, F|100\/100|[from] Parting Shot\n|\n|-weather|Sandstorm|[upkeep]\n|-damage|p2b: Tyranitar|10\/100 psn|[from] Sandstorm\n|-damage|p1b: Dondozo|94\/100|[from] Sandstorm\n|-heal|p1b: Dondozo|100\/100|[from] item: Leftovers\n|-damage|p2b: Tyranitar|0 fnt|[from] psn\n|faint|p2b: Tyranitar\n|upkeep\n|\n|t:|1726329849\n|switch|p1a: Incineroar|Incineroar, L50, M, tera:Water|83\/100\n|switch|p2b: Murkrow|Murkrow, L50, M|100\/100\n|-ability|p1a: Incineroar|Intimidate|boost\n|-unboost|p2a: Lycanroc|atk|1\n|-unboost|p2b: Murkrow|atk|1\n|turn|3\n|\n|t:|1726329874\n|move|p2a: Lycanroc|Protect|p2a: Lycanroc\n|-singleturn|p2a: Lycanroc|Protect\n|move|p1a: Incineroar|Fake Out|p2a: Lycanroc\n|-activate|p2a: Lycanroc|move: Psychic Terrain\n|move|p2b: Murkrow|Haze|p2b: Murkrow\n|-clearallboost\n|move|p1b: Dondozo|Wave Crash|p2a: Lycanroc\n|-activate|p2a: Lycanroc|move: Protect\n|\n|-weather|Sandstorm|[upkeep]\n|-damage|p2b: Murkrow|95\/100|[from] Sandstorm\n|-damage|p1a: Incineroar|77\/100|[from] Sandstorm\n|-damage|p1b: Dondozo|94\/100|[from] Sandstorm\n|-heal|p1b: Dondozo|100\/100|[from] item: Leftovers\n|upkeep\n|turn|4\n|\n|t:|1726329894\n|move|p1b: Dondozo|Protect|p1b: Dondozo\n|-singleturn|p1b: Dondozo|Protect\n|move|p2a: Lycanroc|Close Combat|p1a: Incineroar\n|-damage|p1a: Incineroar|35\/100\n|-unboost|p2a: Lycanroc|def|1\n|-unboost|p2a: Lycanroc|spd|1\n|-enditem|p1a: Incineroar|Sitrus Berry|[eat]\n|-heal|p1a: Incineroar|60\/100|[from] item: Sitrus Berry\n|move|p2b: Murkrow|Foul Play|p1a: Incineroar\n|-damage|p1a: Incineroar|14\/100\n|move|p1a: Incineroar|Knock Off|p2a: Lycanroc\n|-damage|p2a: Lycanroc|0 fnt\n|-enditem|p2a: Lycanroc|Focus Sash|[from] move: Knock Off|[of] p1a: Incineroar\n|faint|p2a: Lycanroc\n|\n|-weather|Sandstorm|[upkeep]\n|-damage|p2b: Murkrow|89\/100|[from] Sandstorm\n|-damage|p1a: Incineroar|8\/100|[from] Sandstorm\n|-damage|p1b: Dondozo|94\/100|[from] Sandstorm\n|-heal|p1b: Dondozo|100\/100|[from] item: Leftovers\n|upkeep\n|\n|t:|1726329902\n|switch|p2a: Gholdengo|Gholdengo, L50|100\/100\n|turn|5\n|\n|t:|1726329916\n|move|p2a: Gholdengo|Nasty Plot|p2a: Gholdengo\n|-boost|p2a: Gholdengo|spa|2\n|move|p2b: Murkrow|Foul Play|p1a: Incineroar\n|-damage|p1a: Incineroar|0 fnt\n|faint|p1a: Incineroar\n|move|p1b: Dondozo|Wave Crash|p2a: Gholdengo\n|-damage|p2a: Gholdengo|36\/100\n|-damage|p1b: Dondozo|84\/100|[from] Recoil\n|\n|-weather|none\n|-heal|p1b: Dondozo|90\/100|[from] item: Leftovers\n|upkeep\n|turn|6\n|\n|t:|1726329938\n|move|p1b: Dondozo|Protect|p1b: Dondozo\n|-singleturn|p1b: Dondozo|Protect\n|move|p2a: Gholdengo|Shadow Ball|p1b: Dondozo\n|-activate|p1b: Dondozo|move: Protect\n|move|p2b: Murkrow|Foul Play|p1b: Dondozo\n|-activate|p1b: Dondozo|move: Protect\n|\n|-heal|p1b: Dondozo|96\/100|[from] item: Leftovers\n|-fieldend|move: Psychic Terrain\n|upkeep\n|turn|7\n|\n|t:|1726329958\n|move|p2a: Gholdengo|Protect|p2a: Gholdengo\n|-singleturn|p2a: Gholdengo|Protect\n|move|p2b: Murkrow|Screech|p1b: Dondozo\n|-unboost|p1b: Dondozo|def|2\n|move|p1b: Dondozo|Wave Crash|p2a: Gholdengo\n|-activate|p2a: Gholdengo|move: Protect\n|\n|-heal|p1b: Dondozo|100\/100|[from] item: Leftovers\n|upkeep\n|turn|8\n|\n|t:|1726329963\n|move|p2a: Gholdengo|Shadow Ball|p1b: Dondozo\n|-damage|p1b: Dondozo|41\/100\n|-damage|p2a: Gholdengo|27\/100|[from] item: Life Orb\n|move|p2b: Murkrow|Foul Play|p1b: Dondozo\n|-damage|p1b: Dondozo|0 fnt\n|faint|p1b: Dondozo\n|\n|win|bwahacough\n|raw|Soulstirring1's rating: 1773 &rarr; <strong>1751<\/strong><br \/>(-22 for losing)\n|raw|bwahacough's rating: 1736 &rarr; <strong>1758<\/strong><br \/>(+22 for winning)\n|l| never win once\n|l|\u2606Soulstirring1\n|player|p1|\n","uploadtime":1726330169,"views":160,"formatid":"gen9vgc2024regh","rating":1751,"private":0,"password":null}