{"id":"gen9vgc2024regh-2201158450","format":"[Gen 9] VGC 2024 Reg H","players":["bwahacough","Slumbering Sinh"],"log":"|j|\u2606bwahacough\n|j|\u2606Slumbering Sinh\n|t:|1726272570\n|gametype|doubles\n|player|p1|bwahacough|medium|1756\n|player|p2|Slumbering Sinh|volo|1655\n|teamsize|p1|6\n|teamsize|p2|6\n|gen|9\n|tier|[Gen 9] VGC 2024 Reg H\n|rated|\n|rule|Species Clause: Limit one of each Pok\u00e9mon\n|rule|Item Clause: Limit 1 of each item\n|clearpoke\n|poke|p1|Lycanroc, L50, F|\n|poke|p1|Tyranitar, L50, F|\n|poke|p1|Indeedee-F, L50, F|\n|poke|p1|Murkrow, L50, F|\n|poke|p1|Garchomp, L50, M|\n|poke|p1|Gholdengo, L50|\n|poke|p2|Glimmora, L50, M|\n|poke|p2|Gholdengo, L50|\n|poke|p2|Talonflame, L50, M|\n|poke|p2|Primarina, L50, M|\n|poke|p2|Tyranitar, L50, F|\n|poke|p2|Garchomp, L50, M|\n|teampreview|4\nSlumbering Sinh has agreed to open team sheets.\nbwahacough has agreed to open team sheets.\n|\n|t:|1726272601\n|start\n|switch|p1a: Lycanroc|Lycanroc, L50, F, shiny|100\/100\n|switch|p1b: Tyranitar|Tyranitar, L50, F|100\/100\n|switch|p2a: Garchomp|Garchomp, L50, M|100\/100\n|switch|p2b: Talonflame|Talonflame, L50, M|100\/100\n|-weather|Sandstorm|[from] ability: Sand Stream|[of] p1b: Tyranitar\n|turn|1\n|\n|t:|1726272612\n|-terastallize|p1b: Tyranitar|Flying\n|move|p2b: Talonflame|Tailwind|p2b: Talonflame\n|-sidestart|p2: Slumbering Sinh|move: Tailwind\n|move|p1a: Lycanroc|Rock Slide|p2a: Garchomp|[spread] p2b\n|-miss|p1a: Lycanroc|p2a: Garchomp\n|-supereffective|p2b: Talonflame\n|-damage|p2b: Talonflame|0 fnt\n|faint|p2b: Talonflame\n|move|p2a: Garchomp|Earthquake|p1a: Lycanroc|[spread] p1a\n|-immune|p1b: Tyranitar\n|-supereffective|p1a: Lycanroc\n|-enditem|p1a: Lycanroc|Focus Sash\n|-damage|p1a: Lycanroc|1\/100\n|move|p1b: Tyranitar|Knock Off|p2a: Garchomp|[miss]\n|-miss|p1b: Tyranitar|p2a: Garchomp\n|\n|-weather|Sandstorm|[upkeep]\n|-damage|p1b: Tyranitar|95\/100|[from] Sandstorm\n|upkeep\n|\n|t:|1726272617\n|switch|p2b: Tyranitar|Tyranitar, L50, F|100\/100\n|turn|2\n|j| DSpydr84\n|\n|t:|1726272629\n|-terastallize|p2b: Tyranitar|Flying\n|move|p1a: Lycanroc|Protect|p1a: Lycanroc\n|-singleturn|p1a: Lycanroc|Protect\n|move|p2a: Garchomp|Swords Dance|p2a: Garchomp\n|-boost|p2a: Garchomp|atk|2\n|move|p2b: Tyranitar|Rock Slide|p1b: Tyranitar|[spread] p1b\n|-activate|p1a: Lycanroc|move: Protect\n|-supereffective|p1b: Tyranitar\n|-damage|p1b: Tyranitar|47\/100\n|cant|p1b: Tyranitar|flinch\n|\n|-weather|Sandstorm|[upkeep]\n|-damage|p2b: Tyranitar|94\/100|[from] Sandstorm\n|-damage|p1b: Tyranitar|41\/100|[from] Sandstorm\n|upkeep\n|turn|3\n|j| hachiware\n|\n|t:|1726272643\n|switch|p1b: Murkrow|Murkrow, L50, F|100\/100\n|move|p1a: Lycanroc|Rock Slide|p2a: Garchomp|[spread] p2b\n|-miss|p1a: Lycanroc|p2a: Garchomp\n|-supereffective|p2b: Tyranitar\n|-damage|p2b: Tyranitar|45\/100\n|move|p2a: Garchomp|Dragon Claw|p1b: Murkrow\n|-damage|p1b: Murkrow|5\/100\n|cant|p2b: Tyranitar|flinch\n|\n|-weather|Sandstorm|[upkeep]\n|-damage|p2b: Tyranitar|39\/100|[from] Sandstorm\n|-damage|p1b: Murkrow|0 fnt|[from] Sandstorm\n|faint|p1b: Murkrow\n|upkeep\n|\n|t:|1726272667\n|switch|p1b: Garchomp|Garchomp, L50, M, shiny|100\/100\n|turn|4\n|\n|t:|1726272672\n|move|p1a: Lycanroc|Rock Slide|p2b: Tyranitar|[spread] p2b\n|-miss|p1a: Lycanroc|p2a: Garchomp\n|-supereffective|p2b: Tyranitar\n|-damage|p2b: Tyranitar|0 fnt\n|faint|p2b: Tyranitar\n|move|p2a: Garchomp|Earthquake|p1a: Lycanroc|[spread] p1a,p1b\n|-supereffective|p1a: Lycanroc\n|-damage|p1a: Lycanroc|0 fnt\n|-damage|p1b: Garchomp|25\/100\n|faint|p1a: Lycanroc\n|move|p1b: Garchomp|Breaking Swipe|p2a: Garchomp\n|-supereffective|p2a: Garchomp\n|-crit|p2a: Garchomp\n|-damage|p2a: Garchomp|3\/100\n|\n|-weather|Sandstorm|[upkeep]\n|-sideend|p2: Slumbering Sinh|move: Tailwind\n|upkeep\n|\n|t:|1726272676\n|switch|p1a: Tyranitar|Tyranitar, L50, F, tera:Flying|41\/100\n|switch|p2b: Primarina|Primarina, L50, M|100\/100\n|turn|5\n|\n|t:|1726272692\n|move|p1b: Garchomp|Protect|p1b: Garchomp\n|-singleturn|p1b: Garchomp|Protect\n|move|p2a: Garchomp|Dragon Claw|p1a: Tyranitar\n|-damage|p1a: Tyranitar|0 fnt\n|faint|p1a: Tyranitar\n|move|p2b: Primarina|Hyper Voice|p1b: Garchomp\n|-activate|p1b: Garchomp|move: Protect\n|\n|-weather|none\n|upkeep\n|turn|6\n|\n|t:|1726272699\n|move|p2a: Garchomp|Dragon Claw|p1b: Garchomp\n|-supereffective|p1b: Garchomp\n|-damage|p1b: Garchomp|0 fnt\n|faint|p1b: Garchomp\n|\n|win|Slumbering Sinh\n|raw|bwahacough's rating: 1756 &rarr; <strong>1730<\/strong><br \/>(-26 for losing)\n|raw|Slumbering Sinh's rating: 1655 &rarr; <strong>1681<\/strong><br \/>(+26 for winning)\n|l|\u2606bwahacough\n|player|p1|\n|l|\u2606Slumbering Sinh\n|player|p2|\n|l| DSpydr84\n|l| hachiware\n","uploadtime":1726272956,"views":31,"formatid":"gen9vgc2024regh","rating":1681,"private":0,"password":null}