{"id":"gen9vgc2024regh-2201514373","format":"[Gen 9] VGC 2024 Reg H","players":["caZISA","bwahacough"],"log":"|j|\u2606caZISA\n|j|\u2606bwahacough\n|t:|1726326669\n|gametype|doubles\n|player|p1|caZISA|red|1643\n|player|p2|bwahacough|medium|1749\n|teamsize|p1|6\n|teamsize|p2|6\n|gen|9\n|tier|[Gen 9] VGC 2024 Reg H\n|rated|\n|rule|Species Clause: Limit one of each Pok\u00e9mon\n|rule|Item Clause: Limit 1 of each item\n|clearpoke\n|poke|p1|Lilligant-Hisui, L50, F|\n|poke|p1|Torkoal, L50, F|\n|poke|p1|Gyarados, L50, M|\n|poke|p1|Ursaluna-Bloodmoon, L50, M|\n|poke|p1|Kingambit, L50, M|\n|poke|p1|Gothitelle, L50, M|\n|poke|p2|Lycanroc, L50, F|\n|poke|p2|Tyranitar, L50, F|\n|poke|p2|Indeedee-F, L50, F|\n|poke|p2|Murkrow, L50, F|\n|poke|p2|Garchomp, L50, M|\n|poke|p2|Gholdengo, L50|\n|teampreview|4\n|\n|t:|1726326714\n|start\n|switch|p1a: Gothitelle|Gothitelle, L50, M|100\/100\n|switch|p1b: Kingambit|Kingambit, L50, M|100\/100\n|switch|p2a: Gholdengo|Gholdengo, L50|100\/100\n|switch|p2b: Indeedee|Indeedee-F, L50, F, shiny|100\/100\n|-fieldstart|move: Psychic Terrain|[from] ability: Psychic Surge|[of] p2b: Indeedee\n|turn|1\n|inactive|Battle timer is ON: inactive players will automatically lose when time's up. (requested by caZISA)\n|\n|t:|1726326727\n|move|p1a: Gothitelle|Protect|p1a: Gothitelle\n|-singleturn|p1a: Gothitelle|Protect\n|move|p2a: Gholdengo|Nasty Plot|p2a: Gholdengo\n|-boost|p2a: Gholdengo|spa|2\n|move|p2b: Indeedee|Dazzling Gleam|p1a: Gothitelle|[spread] p1b\n|-activate|p1a: Gothitelle|move: Protect\n|-damage|p1b: Kingambit|91\/100\n|move|p1b: Kingambit|Kowtow Cleave|p2a: Gholdengo\n|-supereffective|p2a: Gholdengo\n|-damage|p2a: Gholdengo|0 fnt\n|faint|p2a: Gholdengo\n|\n|upkeep\n|\n|t:|1726326730\n|switch|p2a: Tyranitar|Tyranitar, L50, F|100\/100\n|-weather|Sandstorm|[from] ability: Sand Stream|[of] p2a: Tyranitar\n|turn|2\n|\n|t:|1726326748\n|switch|p1a: Gyarados|Gyarados, L50, M|100\/100\n|-ability|p1a: Gyarados|Intimidate|boost\n|-unboost|p2a: Tyranitar|atk|1\n|-unboost|p2b: Indeedee|atk|1\n|move|p2b: Indeedee|Dazzling Gleam|p1b: Kingambit|[spread] p1a,p1b\n|-damage|p1a: Gyarados|88\/100\n|-damage|p1b: Kingambit|83\/100\n|move|p2a: Tyranitar|Low Kick|p1b: Kingambit\n|-supereffective|p1b: Kingambit\n|-damage|p1b: Kingambit|8\/100\n|move|p1b: Kingambit|Brick Break|p2a: Tyranitar\n|-supereffective|p2a: Tyranitar\n|-damage|p2a: Tyranitar|0 fnt\n|faint|p2a: Tyranitar\n|\n|-weather|Sandstorm|[upkeep]\n|-damage|p1a: Gyarados|82\/100|[from] Sandstorm\n|upkeep\n|\n|t:|1726326751\n|switch|p2a: Lycanroc|Lycanroc, L50, F, shiny|100\/100\n|turn|3\n|\n|t:|1726326763\n|switch|p1a: Gothitelle|Gothitelle, L50, M|100\/100\n|move|p2a: Lycanroc|Rock Slide|p1b: Kingambit|[spread] p1a,p1b\n|-resisted|p1b: Kingambit\n|-damage|p1a: Gothitelle|73\/100\n|-damage|p1b: Kingambit|0 fnt\n|faint|p1b: Kingambit\n|move|p2b: Indeedee|Psychic|p1a: Gothitelle\n|-resisted|p1a: Gothitelle\n|-damage|p1a: Gothitelle|57\/100\n|\n|-weather|Sandstorm|[upkeep]\n|-damage|p1a: Gothitelle|51\/100|[from] Sandstorm\n|upkeep\n|\n|t:|1726326769\n|switch|p1b: Gyarados|Gyarados, L50, M|82\/100\n|-ability|p1b: Gyarados|Intimidate|boost\n|-unboost|p2a: Lycanroc|atk|1\n|-unboost|p2b: Indeedee|atk|1\n|turn|4\n|\n|t:|1726326776\n|-terastallize|p2b: Indeedee|Fairy\n|move|p2a: Lycanroc|Rock Slide|p1b: Gyarados|[spread] p1a,p1b\n|-supereffective|p1b: Gyarados\n|-damage|p1a: Gothitelle|33\/100\n|-damage|p1b: Gyarados|50\/100\n|move|p1b: Gyarados|Waterfall|p2a: Lycanroc\n|-supereffective|p2a: Lycanroc\n|-enditem|p2a: Lycanroc|Focus Sash\n|-damage|p2a: Lycanroc|1\/100\n|move|p2b: Indeedee|Dazzling Gleam|p1a: Gothitelle|[spread] p1a,p1b\n|-damage|p1a: Gothitelle|18\/100\n|-damage|p1b: Gyarados|33\/100\n|move|p1a: Gothitelle|Trick Room|p1a: Gothitelle\n|-fieldstart|move: Trick Room|[of] p1a: Gothitelle\n|\n|-weather|Sandstorm|[upkeep]\n|-damage|p1a: Gothitelle|12\/100|[from] Sandstorm\n|-damage|p1b: Gyarados|27\/100|[from] Sandstorm\n|upkeep\n|turn|5\n|\n|t:|1726326789\n|move|p2a: Lycanroc|Protect|p2a: Lycanroc\n|-singleturn|p2a: Lycanroc|Protect\n|move|p1a: Gothitelle|Psychic|p2a: Lycanroc\n|-activate|p2a: Lycanroc|move: Protect\n|move|p2b: Indeedee|Dazzling Gleam|p1a: Gothitelle|[spread] p1a,p1b\n|-damage|p1a: Gothitelle|0 fnt\n|-damage|p1b: Gyarados|8\/100\n|-enditem|p1b: Gyarados|Figy Berry|[eat]\n|-heal|p1b: Gyarados|42\/100|[from] item: Figy Berry\n|faint|p1a: Gothitelle\n|move|p1b: Gyarados|Taunt|p2b: Indeedee\n|-start|p2b: Indeedee|move: Taunt\n|\n|-weather|Sandstorm|[upkeep]\n|-damage|p1b: Gyarados|35\/100|[from] Sandstorm\n|-fieldend|move: Psychic Terrain\n|upkeep\n|\n|t:|1726326794\n|switch|p1a: Torkoal|Torkoal, L50, F|100\/100\n|-weather|SunnyDay|[from] ability: Drought|[of] p1a: Torkoal\n|turn|6\n|\n|t:|1726326810\n|-terastallize|p1a: Torkoal|Fire\n|move|p1a: Torkoal|Eruption|p2b: Indeedee|[spread] p2a,p2b\n|-resisted|p2a: Lycanroc\n|-damage|p2a: Lycanroc|0 fnt\n|-damage|p2b: Indeedee|0 fnt\n|faint|p2a: Lycanroc\n|faint|p2b: Indeedee\n|\n|win|caZISA\n|raw|caZISA's rating: 1643 &rarr; <strong>1669<\/strong><br \/>(+26 for winning)\n|raw|bwahacough's rating: 1749 &rarr; <strong>1723<\/strong><br \/>(-26 for losing)\n|l|\u2606bwahacough\n|player|p2|\n","uploadtime":1726327042,"views":42,"formatid":"gen9vgc2024regh","rating":1669,"private":0,"password":null}