{"id":"gen9vgc2024regh-2201723068","format":"[Gen 9] VGC 2024 Reg H","players":["asNsnK","fangame10"],"log":"|j|\u2606asNsnK\n|j|\u2606fangame10\n|t:|1726348987\n|gametype|doubles\n|player|p1|asNsnK|ninjaboy|1715\n|player|p2|fangame10|red|1754\n|teamsize|p1|6\n|teamsize|p2|6\n|gen|9\n|tier|[Gen 9] VGC 2024 Reg H\n|rated|\n|rule|Species Clause: Limit one of each Pok\u00e9mon\n|rule|Item Clause: Limit 1 of each item\n|clearpoke\n|poke|p1|Sneasler, L50, F|\n|poke|p1|Electabuzz, L50, M|\n|poke|p1|Volcarona, L50, F|\n|poke|p1|Rillaboom, L50, M|\n|poke|p1|Dragapult, L50, F|\n|poke|p1|Primarina, L50, M|\n|poke|p2|Baxcalibur, L50, F|\n|poke|p2|Ninetales-Alola, L50, F|\n|poke|p2|Milotic, L50, M|\n|poke|p2|Skeledirge, L50, M|\n|poke|p2|Rillaboom, L50, M|\n|poke|p2|Sneasler, L50, M|\n|teampreview|4\n|inactive|Battle timer is ON: inactive players will automatically lose when time's up. (requested by fangame10)\n|inactive|fangame10 has 60 seconds left.\n|\n|t:|1726349024\n|start\n|switch|p1a: Sneasler|Sneasler, L50, F|100\/100\n|switch|p1b: Primarina|Primarina, L50, M|100\/100\n|switch|p2a: Sneasler|Sneasler, L50, M, shiny|100\/100\n|switch|p2b: Ninetales|Ninetales-Alola, L50, F, shiny|100\/100\n|-weather|Snow|[from] ability: Snow Warning|[of] p2b: Ninetales\n|turn|1\n|\n|t:|1726349036\n|move|p1a: Sneasler|Fake Out|p2b: Ninetales\n|-damage|p2b: Ninetales|86\/100\n|move|p2a: Sneasler|Fake Out|p1a: Sneasler\n|-damage|p1a: Sneasler|75\/100\n|cant|p2b: Ninetales|flinch\n|move|p1b: Primarina|Hyper Voice|p2b: Ninetales|[spread] p2a,p2b\n|-damage|p2a: Sneasler|55\/100\n|-damage|p2b: Ninetales|48\/100\n|\n|-weather|Snow|[upkeep]\n|upkeep\n|turn|2\n|\n|t:|1726349051\n|move|p2b: Ninetales|Protect|p2b: Ninetales\n|-singleturn|p2b: Ninetales|Protect\n|move|p2a: Sneasler|Dire Claw|p1b: Primarina\n|-supereffective|p1b: Primarina\n|-damage|p1b: Primarina|12\/100\n|-status|p1b: Primarina|psn|[from] ability: Poison Touch|[of] p2a: Sneasler\n|-enditem|p1b: Primarina|Sitrus Berry|[eat]\n|-heal|p1b: Primarina|37\/100 psn|[from] item: Sitrus Berry\n|move|p1a: Sneasler|Dire Claw|p2b: Ninetales\n|-activate|p2b: Ninetales|move: Protect\n|move|p1b: Primarina|Moonblast|p2a: Sneasler\n|-damage|p2a: Sneasler|0 fnt\n|faint|p2a: Sneasler\n|\n|-weather|Snow|[upkeep]\n|-damage|p1b: Primarina|25\/100 psn|[from] psn\n|upkeep\n|\n|t:|1726349054\n|switch|p2a: Baxcalibur|Baxcalibur, L50, F, shiny|100\/100\n|turn|3\n|j| mr pogostick\n|\n|t:|1726349066\n|switch|p2b: Skeledirge|Skeledirge, L50, M, shiny|100\/100\n|move|p1a: Sneasler|Dire Claw|p2b: Skeledirge\n|-resisted|p2b: Skeledirge\n|-damage|p2b: Skeledirge|84\/100\n|move|p2a: Baxcalibur|High Horsepower|p1a: Sneasler\n|-supereffective|p1a: Sneasler\n|-damage|p1a: Sneasler|0 fnt\n|faint|p1a: Sneasler\n|move|p1b: Primarina|Moonblast|p2a: Baxcalibur\n|-supereffective|p2a: Baxcalibur\n|-damage|p2a: Baxcalibur|12\/100\n|\n|-weather|Snow|[upkeep]\n|-heal|p2a: Baxcalibur|18\/100|[from] ability: Ice Body\n|-heal|p2b: Skeledirge|89\/100|[from] item: Leftovers\n|-damage|p1b: Primarina|12\/100 psn|[from] psn\n|upkeep\n|\n|t:|1726349070\n|switch|p1a: Dragapult|Dragapult, L50, F|100\/100\n|turn|4\n|j| Hydrion\n|\n|t:|1726349090\n|-terastallize|p1a: Dragapult|Dragon\n|move|p2b: Skeledirge|Protect|p2b: Skeledirge\n|-singleturn|p2b: Skeledirge|Protect\n|move|p1a: Dragapult|Dragon Darts|p2a: Baxcalibur\n|-supereffective|p2a: Baxcalibur\n|-damage|p2a: Baxcalibur|0 fnt\n|faint|p2a: Baxcalibur\n|move|p1b: Primarina|Hyper Voice|p2b: Skeledirge\n|-activate|p2b: Skeledirge|move: Protect\n|\n|-weather|Snow|[upkeep]\n|-heal|p2b: Skeledirge|95\/100|[from] item: Leftovers\n|-damage|p1b: Primarina|0 fnt|[from] psn\n|faint|p1b: Primarina\n|upkeep\n|\n|t:|1726349093\n|switch|p2a: Ninetales|Ninetales-Alola, L50, F, shiny|48\/100\n|switch|p1b: Volcarona|Volcarona, L50, F|100\/100\n|turn|5\n|inactive|fangame10 has 30 seconds left.\n|j| Daniel1VGC\n|\n|t:|1726349126\n|-terastallize|p2a: Ninetales|Electric\n|move|p1a: Dragapult|Dragon Darts|p2b: Skeledirge\n|-damage|p2b: Skeledirge|50\/100\n|-anim|p1a: Dragapult|Dragon Darts|p2a: Ninetales\n|-damage|p2a: Ninetales|0 fnt\n|faint|p2a: Ninetales\n|move|p1b: Volcarona|Heat Wave|p2b: Skeledirge\n|-resisted|p2b: Skeledirge\n|-damage|p2b: Skeledirge|30\/100\n|move|p2b: Skeledirge|Shadow Ball|p1a: Dragapult\n|-damage|p1a: Dragapult|51\/100\n|\n|-weather|none\n|-heal|p2b: Skeledirge|36\/100|[from] item: Leftovers\n|upkeep\n|turn|6\n|l| Daniel1VGC\n|-message|fangame10 forfeited.\n|\n|win|asNsnK\n|raw|asNsnK's rating: 1715 &rarr; <strong>1737<\/strong><br \/>(+22 for winning)\n|raw|fangame10's rating: 1754 &rarr; <strong>1732<\/strong><br \/>(-22 for losing)\n|l|\u2606fangame10\n|player|p2|\n|l| mr pogostick\n|l|\u2606asNsnK\n|player|p1|\n","uploadtime":1726349291,"views":120,"formatid":"gen9vgc2024regh","rating":1732,"private":0,"password":null}