{"id":"gen9vgc2024regh-2201162463","format":"[Gen 9] VGC 2024 Reg H","players":["bwahacough","Super Crist"],"log":"|j|\u2606bwahacough\n|j|\u2606Super Crist\n|t:|1726273091\n|gametype|doubles\n|player|p1|bwahacough|medium|1712\n|player|p2|Super Crist|sabrina|1750\n|teamsize|p1|6\n|teamsize|p2|6\n|gen|9\n|tier|[Gen 9] VGC 2024 Reg H\n|rated|\n|rule|Species Clause: Limit one of each Pok\u00e9mon\n|rule|Item Clause: Limit 1 of each item\n|clearpoke\n|poke|p1|Lycanroc, L50, F|\n|poke|p1|Tyranitar, L50, M|\n|poke|p1|Indeedee-F, L50, F|\n|poke|p1|Murkrow, L50, M|\n|poke|p1|Garchomp, L50, F|\n|poke|p1|Gholdengo, L50|\n|poke|p2|Tyranitar, L50, F|\n|poke|p2|Amoonguss, L50, F|\n|poke|p2|Incineroar, L50, F|\n|poke|p2|Gholdengo, L50|\n|poke|p2|Porygon2, L50|\n|poke|p2|Ursaluna, L50, M|\n|teampreview|4\n|inactive|Battle timer is ON: inactive players will automatically lose when time's up. (requested by Super Crist)\nbwahacough has agreed to open team sheets.\n|j| ollcat\n|inactive|Super Crist has 60 seconds left.\n|\n|t:|1726273144\n|start\n|switch|p1a: Gholdengo|Gholdengo, L50|100\/100\n|switch|p1b: Garchomp|Garchomp, L50, F, shiny|100\/100\n|switch|p2a: Gholdengo|Gholdengo, L50, shiny|100\/100\n|switch|p2b: Porygon2|Porygon2, L50, shiny|100\/100\n|-ability|p2b: Porygon2|Download|boost\n|-boost|p2b: Porygon2|spa|1\n|turn|1\n|\n|t:|1726273161\n|-terastallize|p2b: Porygon2|Flying\n|move|p1a: Gholdengo|Protect|p1a: Gholdengo\n|-singleturn|p1a: Gholdengo|Protect\n|move|p1b: Garchomp|Earthquake|p2a: Gholdengo|[spread] p2a\n|-activate|p1a: Gholdengo|move: Protect\n|-immune|p2b: Porygon2\n|-supereffective|p2a: Gholdengo\n|-damage|p2a: Gholdengo|9\/100\n|move|p2a: Gholdengo|Shadow Ball|p1a: Gholdengo\n|-activate|p1a: Gholdengo|move: Protect\n|move|p2b: Porygon2|Trick Room|p2b: Porygon2\n|-fieldstart|move: Trick Room|[of] p2b: Porygon2\n|\n|-heal|p2a: Gholdengo|15\/100|[from] item: Leftovers\n|upkeep\n|turn|2\n|\n|t:|1726273181\n|switch|p1b: Indeedee|Indeedee-F, L50, F, shiny|100\/100\n|-fieldstart|move: Psychic Terrain|[from] ability: Psychic Surge|[of] p1b: Indeedee\n|move|p2b: Porygon2|Ice Beam|p1b: Indeedee\n|-damage|p1b: Indeedee|59\/100\n|-status|p1b: Indeedee|frz\n|move|p1a: Gholdengo|Make It Rain|p2a: Gholdengo|[spread] p2a,p2b\n|-resisted|p2a: Gholdengo\n|-damage|p2a: Gholdengo|0 fnt\n|-damage|p2b: Porygon2|56\/100\n|-unboost|p1a: Gholdengo|spa|1\n|faint|p2a: Gholdengo\n|-damage|p1a: Gholdengo|91\/100|[from] item: Life Orb\n|\n|upkeep\n|\n|t:|1726273185\n|switch|p2a: Ursaluna|Ursaluna, L50, M, shiny|100\/100\n|turn|3\n|\n|t:|1726273204\n|cant|p1b: Indeedee|frz\n|move|p2a: Ursaluna|Earthquake|p1b: Indeedee|[spread] p1a,p1b\n|-immune|p2b: Porygon2\n|-supereffective|p1a: Gholdengo\n|-damage|p1a: Gholdengo|0 fnt\n|-damage|p1b: Indeedee|12\/100 frz\n|faint|p1a: Gholdengo\n|move|p2b: Porygon2|Ice Beam|p1b: Indeedee\n|-damage|p1b: Indeedee|0 fnt\n|faint|p1b: Indeedee\n|\n|-status|p2a: Ursaluna|brn|[from] item: Flame Orb\n|upkeep\n|\n|t:|1726273206\n|switch|p1b: Tyranitar|Tyranitar, L50, M|100\/100\n|switch|p1a: Garchomp|Garchomp, L50, F, shiny|100\/100\n|-weather|Sandstorm|[from] ability: Sand Stream|[of] p1b: Tyranitar\n|turn|4\n|\n|t:|1726273224\n|-terastallize|p1b: Tyranitar|Flying\n|move|p1a: Garchomp|Protect|p1a: Garchomp\n|-singleturn|p1a: Garchomp|Protect\n|move|p2a: Ursaluna|Earthquake|p1b: Tyranitar|[spread] \n|-activate|p1a: Garchomp|move: Protect\n|-immune|p2b: Porygon2\n|-immune|p1b: Tyranitar\n|move|p2b: Porygon2|Ice Beam|p1a: Garchomp\n|-activate|p1a: Garchomp|move: Protect\n|move|p1b: Tyranitar|Rock Slide|p2b: Porygon2|[spread] p2a\n|-miss|p1b: Tyranitar|p2b: Porygon2\n|-resisted|p2a: Ursaluna\n|-damage|p2a: Ursaluna|90\/100 brn\n|\n|-weather|Sandstorm|[upkeep]\n|-damage|p2b: Porygon2|49\/100|[from] Sandstorm\n|-damage|p1b: Tyranitar|95\/100|[from] Sandstorm\n|-damage|p2a: Ursaluna|84\/100 brn|[from] brn\n|upkeep\n|turn|5\n|\n|t:|1726273237\n|move|p2a: Ursaluna|Facade|p1b: Tyranitar\n|-damage|p1b: Tyranitar|0 fnt\n|faint|p1b: Tyranitar\n|move|p2b: Porygon2|Ice Beam|p1a: Garchomp\n|-supereffective|p1a: Garchomp\n|-damage|p1a: Garchomp|0 fnt\n|faint|p1a: Garchomp\n|\n|win|Super Crist\n|raw|bwahacough's rating: 1721 &rarr; <strong>1703<\/strong><br \/>(-18 for losing)\n|raw|Super Crist's rating: 1750 &rarr; <strong>1768<\/strong><br \/>(+18 for winning)\n|l|\u2606bwahacough\n|player|p1|\n|l| ollcat\n|l|\u2606Super Crist\n|player|p2|\n","uploadtime":1726273501,"views":51,"formatid":"gen9vgc2024regh","rating":1703,"private":0,"password":null}