{"id":"gen9vgc2024regh-2201724525","format":"[Gen 9] VGC 2024 Reg H","players":["pokehys3","fangame10"],"log":"|j|\u2606pokehys3\n|j|\u2606fangame10\n|t:|1726349147\n|gametype|doubles\n|player|p1|pokehys3|102|1721\n|player|p2|fangame10|red|1732\n|teamsize|p1|6\n|teamsize|p2|6\n|gen|9\n|tier|[Gen 9] VGC 2024 Reg H\n|rated|\n|rule|Species Clause: Limit one of each Pok\u00e9mon\n|rule|Item Clause: Limit 1 of each item\n|clearpoke\n|poke|p1|Gholdengo, L50|\n|poke|p1|Talonflame, L50, F|\n|poke|p1|Sneasler, L50, F|\n|poke|p1|Indeedee, L50, M|\n|poke|p1|Primarina, L50, F|\n|poke|p1|Dragapult, L50, M|\n|poke|p2|Baxcalibur, L50, F|\n|poke|p2|Ninetales-Alola, L50, F|\n|poke|p2|Milotic, L50, M|\n|poke|p2|Skeledirge, L50, M|\n|poke|p2|Rillaboom, L50, M|\n|poke|p2|Sneasler, L50, M|\n|teampreview|4\n|inactive|Battle timer is ON: inactive players will automatically lose when time's up. (requested by fangame10)\n|inactive|pokehys3 also wants the timer to be on.\n|inactive|fangame10 has 60 seconds left.\n|\n|t:|1726349184\n|start\n|switch|p1a: Talonflame|Talonflame, L50, F|100\/100\n|switch|p1b: Gholdengo|Gholdengo, L50|100\/100\n|switch|p2a: Ninetales|Ninetales-Alola, L50, F, shiny|100\/100\n|switch|p2b: Milotic|Milotic, L50, M, shiny|100\/100\n|-weather|Snow|[from] ability: Snow Warning|[of] p2a: Ninetales\n|turn|1\n|\n|t:|1726349195\n|-terastallize|p2a: Ninetales|Electric\n|move|p1a: Talonflame|Taunt|p2b: Milotic\n|-start|p2b: Milotic|move: Taunt\n|move|p2a: Ninetales|Aurora Veil|p2a: Ninetales\n|-sidestart|p2: fangame10|move: Aurora Veil\n|move|p1b: Gholdengo|Make It Rain|p2a: Ninetales|[spread] p2a,p2b\n|-resisted|p2a: Ninetales\n|-resisted|p2b: Milotic\n|-damage|p2a: Ninetales|71\/100\n|-damage|p2b: Milotic|83\/100\n|-unboost|p1b: Gholdengo|spa|1\n|cant|p2b: Milotic|move: Taunt|Hypnosis\n|\n|-weather|Snow|[upkeep]\n|upkeep\n|turn|2\n|inactive|pokehys3 has 30 seconds left.\n|j| Sa1ty808\n|inactive|pokehys3 has 20 seconds left.\n|inactive|pokehys3 has 15 seconds left.\n|inactive|pokehys3 has 10 seconds left.\n|\n|t:|1726349245\n|switch|p1a: Indeedee|Indeedee, L50, M|100\/100\n|-fieldstart|move: Psychic Terrain|[from] ability: Psychic Surge|[of] p1a: Indeedee\n|switch|p1b: Sneasler|Sneasler, L50, F|100\/100\n|-enditem|p1b: Sneasler|Psychic Seed\n|-boost|p1b: Sneasler|spd|1|[from] item: Psychic Seed\n|move|p2a: Ninetales|Blizzard|p1a: Indeedee|[spread] p1a,p1b\n|-damage|p1a: Indeedee|60\/100\n|-damage|p1b: Sneasler|71\/100\n|move|p2b: Milotic|Muddy Water|p1a: Indeedee|[spread] p1a\n|-miss|p2b: Milotic|p1b: Sneasler\n|-damage|p1a: Indeedee|27\/100\n|\n|-weather|Snow|[upkeep]\n|upkeep\n|turn|3\n|j| Hydrion\n|inactive|pokehys3 has 30 seconds left.\n|\n|t:|1726349272\n|move|p1b: Sneasler|Dire Claw|p2b: Milotic\n|-damage|p2b: Milotic|49\/100\n|-enditem|p2b: Milotic|Sitrus Berry|[eat]\n|-heal|p2b: Milotic|74\/100|[from] item: Sitrus Berry\n|move|p1a: Indeedee|Expanding Force|p2b: Milotic|[spread] p2a,p2b\n|-crit|p2b: Milotic\n|-damage|p2a: Ninetales|29\/100\n|-damage|p2b: Milotic|23\/100\n|move|p2a: Ninetales|Blizzard|p1b: Sneasler|[spread] p1a,p1b\n|-damage|p1a: Indeedee|0 fnt\n|-damage|p1b: Sneasler|42\/100\n|faint|p1a: Indeedee\n|move|p2b: Milotic|Muddy Water|p1b: Sneasler|[miss]\n|-miss|p2b: Milotic|p1b: Sneasler\n|\n|-weather|Snow|[upkeep]\n|-end|p2b: Milotic|move: Taunt\n|upkeep\n|\n|t:|1726349279\n|switch|p1a: Talonflame|Talonflame, L50, F|100\/100\n|turn|4\n|\n|t:|1726349291\n|move|p1a: Talonflame|Brave Bird|p2b: Milotic\n|-activate|p2b: Milotic|move: Psychic Terrain\n|move|p1b: Sneasler|Dire Claw|p2a: Ninetales\n|-damage|p2a: Ninetales|0 fnt\n|faint|p2a: Ninetales\n|move|p2b: Milotic|Muddy Water|p1b: Sneasler|[spread] p1b\n|-miss|p2b: Milotic|p1a: Talonflame\n|-damage|p1b: Sneasler|18\/100\n|-unboost|p1b: Sneasler|accuracy|1\n|\n|-weather|Snow|[upkeep]\n|upkeep\n|\n|t:|1726349303\n|switch|p2a: Sneasler|Sneasler, L50, M, shiny|100\/100\n|turn|5\n|inactive|pokehys3 has 30 seconds left.\n|\n|t:|1726349331\n|-terastallize|p1a: Talonflame|Ghost\n|move|p1a: Talonflame|Tailwind|p1a: Talonflame\n|-sidestart|p1: pokehys3|move: Tailwind\n|move|p1b: Sneasler|Dire Claw|p2b: Milotic|[miss]\n|-miss|p1b: Sneasler|p2b: Milotic\n|move|p2a: Sneasler|Dire Claw|p1b: Sneasler\n|-resisted|p1b: Sneasler\n|-damage|p1b: Sneasler|0 fnt\n|faint|p1b: Sneasler\n|move|p2b: Milotic|Muddy Water|p1a: Talonflame\n|-damage|p1a: Talonflame|55\/100\n|\n|-weather|none\n|upkeep\n|\n|t:|1726349336\n|switch|p1b: Gholdengo|Gholdengo, L50|100\/100\n|turn|6\n|inactive|pokehys3 has 30 seconds left.\n|inactive|fangame10 has 30 seconds left.\n|\n|t:|1726349366\n|switch|p2a: Skeledirge|Skeledirge, L50, M, shiny|100\/100\n|move|p1a: Talonflame|Brave Bird|p2b: Milotic\n|-damage|p2b: Milotic|0 fnt\n|faint|p2b: Milotic\n|-damage|p1a: Talonflame|45\/100|[from] Recoil\n|-damage|p1a: Talonflame|36\/100|[from] item: Life Orb\n|move|p1b: Gholdengo|Shadow Ball|p2a: Skeledirge\n|-supereffective|p2a: Skeledirge\n|-damage|p2a: Skeledirge|17\/100\n|\n|-heal|p2a: Skeledirge|22\/100|[from] item: Leftovers\n|-fieldend|move: Psychic Terrain\n|upkeep\n|\n|t:|1726349373\n|switch|p2b: Sneasler|Sneasler, L50, M, shiny|100\/100\n|turn|7\n|inactive|pokehys3 has 30 seconds left.\n|inactive|pokehys3 has 20 seconds left.\n|inactive|pokehys3 has 15 seconds left.\n|inactive|pokehys3 has 10 seconds left.\n|\n|t:|1726349425\n|move|p2a: Skeledirge|Protect|p2a: Skeledirge\n|-singleturn|p2a: Skeledirge|Protect\n|move|p1a: Talonflame|Brave Bird|p2a: Skeledirge\n|-activate|p2a: Skeledirge|move: Protect\n|move|p1b: Gholdengo|Shadow Ball|p2a: Skeledirge\n|-activate|p2a: Skeledirge|move: Protect\n|move|p2b: Sneasler|Throat Chop|p1a: Talonflame\n|-supereffective|p1a: Talonflame\n|-damage|p1a: Talonflame|0 fnt\n|faint|p1a: Talonflame\n|\n|-heal|p2a: Skeledirge|28\/100|[from] item: Leftovers\n|upkeep\n|turn|8\n|-message|pokehys3 forfeited.\n|\n|win|fangame10\n|raw|pokehys3's rating: 1721 &rarr; <strong>1702<\/strong><br \/>(-19 for losing)\n|raw|fangame10's rating: 1732 &rarr; <strong>1751<\/strong><br \/>(+19 for winning)\n|l|\u2606pokehys3\n|player|p1|\n|l| Sa1ty808\n|l|\u2606fangame10\n|player|p2|\n|l| Hydrion\n","uploadtime":1726349709,"views":93,"formatid":"gen9vgc2024regh","rating":1702,"private":0,"password":null}