{"id":"gen9vgc2024regh-2201705082","format":"[Gen 9] VGC 2024 Reg H","players":["asNsnK","elvegis1"],"log":"|j|\u2606asNsnK\n|j|\u2606elvegis1\n|t:|1726347021\n|gametype|doubles\n|player|p1|asNsnK|ninjaboy|1640\n|player|p2|elvegis1|lucas|1731\n|teamsize|p1|6\n|teamsize|p2|6\n|gen|9\n|tier|[Gen 9] VGC 2024 Reg H\n|rated|\n|rule|Species Clause: Limit one of each Pok\u00e9mon\n|rule|Item Clause: Limit 1 of each item\n|clearpoke\n|poke|p1|Sneasler, L50, F|\n|poke|p1|Electabuzz, L50, F|\n|poke|p1|Volcarona, L50, F|\n|poke|p1|Rillaboom, L50, M|\n|poke|p1|Dragapult, L50, M|\n|poke|p1|Primarina, L50, M|\n|poke|p2|Annihilape, L50, M|\n|poke|p2|Electabuzz, L50, F|\n|poke|p2|Murkrow, L50, F|\n|poke|p2|Primarina, L50, F|\n|poke|p2|Archaludon, L50, F|\n|poke|p2|Sinistcha, L50|\n|teampreview|4\n|inactive|Battle timer is ON: inactive players will automatically lose when time's up. (requested by elvegis1)\n|inactive|asNsnK has 60 seconds left.\n|inactive|elvegis1 has 60 seconds left.\n|\n|t:|1726347076\n|start\n|switch|p1a: Rillaboom|Rillaboom, L50, M|100\/100\n|switch|p1b: Dragapult|Dragapult, L50, M|100\/100\n|switch|p2a: Annihilape|Annihilape, L50, M|100\/100\n|switch|p2b: Murkrow|Murkrow, L50, F|100\/100\n|-fieldstart|move: Grassy Terrain|[from] ability: Grassy Surge|[of] p1a: Rillaboom\n|turn|1\n|inactive|asNsnK has 30 seconds left.\n|\n|t:|1726347107\n|-terastallize|p1b: Dragapult|Dragon\n|-terastallize|p2b: Murkrow|Ghost\n|move|p2a: Annihilape|Protect|p2a: Annihilape\n|-singleturn|p2a: Annihilape|Protect\n|move|p1a: Rillaboom|Fake Out|p2b: Murkrow\n|-immune|p2b: Murkrow\n|move|p1b: Dragapult|Dragon Darts|p2b: Murkrow\n|-enditem|p2b: Murkrow|Focus Sash\n|-damage|p2b: Murkrow|1\/100\n|-anim|p1b: Dragapult|Dragon Darts|p2b: Murkrow\n|-damage|p2b: Murkrow|0 fnt\n|faint|p2b: Murkrow\n|\n|upkeep\n|\n|t:|1726347121\n|switch|p2b: Electabuzz|Electabuzz, L50, F|100\/100\n|turn|2\n|\n|t:|1726347126\n|move|p2b: Electabuzz|Follow Me|p2b: Electabuzz\n|-singleturn|p2b: Electabuzz|move: Follow Me\n|move|p1b: Dragapult|Dragon Darts|p2b: Electabuzz\n|-damage|p2b: Electabuzz|60\/100\n|-anim|p1b: Dragapult|Dragon Darts|p2b: Electabuzz\n|-damage|p2b: Electabuzz|15\/100\n|move|p2a: Annihilape|Bulk Up|p2a: Annihilape\n|-boost|p2a: Annihilape|atk|1\n|-boost|p2a: Annihilape|def|1\n|move|p1a: Rillaboom|High Horsepower|p2b: Electabuzz\n|-supereffective|p2b: Electabuzz\n|-crit|p2b: Electabuzz\n|-damage|p2b: Electabuzz|0 fnt\n|faint|p2b: Electabuzz\n|\n|upkeep\n|\n|t:|1726347137\n|switch|p2b: Sinistcha|Sinistcha, L50|100\/100\n|turn|3\n|\n|t:|1726347150\n|switch|p1b: Volcarona|Volcarona, L50, F|100\/100\n|switch|p1a: Electabuzz|Electabuzz, L50, F|100\/100\n|move|p2a: Annihilape|Rage Fist|p1b: Volcarona\n|-damage|p1b: Volcarona|59\/100\n|move|p2b: Sinistcha|Life Dew||[still]|[still]|[spread] \n|-fail|p2a: Annihilape|heal\n|-fail|p2b: Sinistcha|heal\n|\n|-heal|p1b: Volcarona|65\/100|[from] Grassy Terrain\n|-heal|p1b: Volcarona|71\/100|[from] item: Leftovers\n|upkeep\n|turn|4\n|\n|t:|1726347166\n|move|p1b: Volcarona|Quiver Dance|p1b: Volcarona\n|-boost|p1b: Volcarona|spa|1\n|-boost|p1b: Volcarona|spd|1\n|-boost|p1b: Volcarona|spe|1\n|move|p2a: Annihilape|Drain Punch|p1a: Electabuzz\n|-damage|p1a: Electabuzz|58\/100\n|move|p1a: Electabuzz|Taunt|p2b: Sinistcha\n|-start|p2b: Sinistcha|move: Taunt\n|cant|p2b: Sinistcha|move: Taunt|Trick Room\n|\n|-heal|p1b: Volcarona|76\/100|[from] Grassy Terrain\n|-heal|p1b: Volcarona|82\/100|[from] item: Leftovers\n|-heal|p1a: Electabuzz|64\/100|[from] Grassy Terrain\n|upkeep\n|turn|5\n|\n|t:|1726347180\n|move|p1a: Electabuzz|Helping Hand|p1b: Volcarona\n|-singleturn|p1b: Volcarona|Helping Hand|[of] p1a: Electabuzz\n|move|p1b: Volcarona|Heat Wave|p2a: Annihilape|[spread] p2a,p2b\n|-supereffective|p2b: Sinistcha\n|-damage|p2a: Annihilape|30\/100\n|-damage|p2b: Sinistcha|0 fnt\n|-status|p2a: Annihilape|brn\n|faint|p2b: Sinistcha\n|move|p2a: Annihilape|Rage Fist|p1b: Volcarona\n|-damage|p1b: Volcarona|43\/100\n|\n|-heal|p1b: Volcarona|49\/100|[from] Grassy Terrain\n|-heal|p1b: Volcarona|55\/100|[from] item: Leftovers\n|-heal|p2a: Annihilape|36\/100 brn|[from] Grassy Terrain\n|-heal|p2a: Annihilape|43\/100 brn|[from] item: Leftovers\n|-heal|p1a: Electabuzz|70\/100|[from] Grassy Terrain\n|-damage|p2a: Annihilape|36\/100 brn|[from] brn\n|-fieldend|move: Grassy Terrain\n|upkeep\n|turn|6\n|-message|elvegis1 forfeited.\n|\n|win|asNsnK\n|raw|asNsnK's rating: 1640 &rarr; <strong>1665<\/strong><br \/>(+25 for winning)\n|raw|elvegis1's rating: 1731 &rarr; <strong>1706<\/strong><br \/>(-25 for losing)\n|l|\u2606elvegis1\n|player|p2|\n|l|\u2606asNsnK\n|player|p1|\n","uploadtime":1726347342,"views":10,"formatid":"gen9vgc2024regh","rating":1665,"private":0,"password":null}