{"id":"gen9vgc2024regh-2201724673","format":"[Gen 9] VGC 2024 Reg H","players":["TTX25","asNsnK"],"log":"|j|\u2606TTX25\n|j|\u2606asNsnK\n|t:|1726349162\n|gametype|doubles\n|player|p1|TTX25|102|1660\n|player|p2|asNsnK|ninjaboy|1737\n|teamsize|p1|6\n|teamsize|p2|6\n|gen|9\n|tier|[Gen 9] VGC 2024 Reg H\n|rated|\n|rule|Species Clause: Limit one of each Pok\u00e9mon\n|rule|Item Clause: Limit 1 of each item\n|clearpoke\n|poke|p1|Perrserker, L50, F|\n|poke|p1|Gholdengo, L50|\n|poke|p1|Lycanroc, L50, M|\n|poke|p1|Tyranitar, L50, M|\n|poke|p1|Tatsugiri, L50, F|\n|poke|p1|Dondozo, L50, M|\n|poke|p2|Sneasler, L50, F|\n|poke|p2|Electabuzz, L50, M|\n|poke|p2|Volcarona, L50, F|\n|poke|p2|Rillaboom, L50, M|\n|poke|p2|Dragapult, L50, M|\n|poke|p2|Primarina, L50, F|\n|teampreview|4\n|\n|t:|1726349200\n|start\n|switch|p1a: Cloud|Lycanroc, L50, M|100\/100\n|switch|p1b: Tyranitar|Tyranitar, L50, M|100\/100\n|switch|p2a: Electabuzz|Electabuzz, L50, M|100\/100\n|switch|p2b: Volcarona|Volcarona, L50, F|100\/100\n|-weather|Sandstorm|[from] ability: Sand Stream|[of] p1b: Tyranitar\n|turn|1\n|\n|t:|1726349209\n|move|p2b: Volcarona|Protect|p2b: Volcarona\n|-singleturn|p2b: Volcarona|Protect\n|move|p1a: Cloud|Rock Slide|p2a: Electabuzz|[spread] p2a\n|-activate|p2b: Volcarona|move: Protect\n|-damage|p2a: Electabuzz|77\/100\n|move|p2a: Electabuzz|Electroweb|p1b: Tyranitar|[spread] p1a,p1b\n|-crit|p1b: Tyranitar\n|-damage|p1a: Cloud|84\/100\n|-damage|p1b: Tyranitar|92\/100\n|-unboost|p1a: Cloud|spe|1\n|-unboost|p1b: Tyranitar|spe|1\n|move|p1b: Tyranitar|Rock Slide|p2b: Volcarona|[spread] p2a\n|-activate|p2b: Volcarona|move: Protect\n|-crit|p2a: Electabuzz\n|-damage|p2a: Electabuzz|36\/100\n|\n|-weather|Sandstorm|[upkeep]\n|-damage|p2b: Volcarona|95\/100|[from] Sandstorm\n|-damage|p2a: Electabuzz|30\/100|[from] Sandstorm\n|-heal|p2b: Volcarona|100\/100|[from] item: Leftovers\n|upkeep\n|turn|2\n|\n|t:|1726349233\n|switch|p2a: Rillaboom|Rillaboom, L50, M|100\/100\n|-fieldstart|move: Grassy Terrain|[from] ability: Grassy Surge|[of] p2a: Rillaboom\n|-terastallize|p2b: Volcarona|Grass\n|-terastallize|p1b: Tyranitar|Flying\n|move|p1a: Cloud|Rock Slide|p2a: Rillaboom|[spread] p2a,p2b\n|-damage|p2a: Rillaboom|75\/100\n|-damage|p2b: Volcarona|66\/100\n|move|p2b: Volcarona|Quiver Dance|p2b: Volcarona\n|-boost|p2b: Volcarona|spa|1\n|-boost|p2b: Volcarona|spd|1\n|-boost|p2b: Volcarona|spe|1\n|move|p1b: Tyranitar|Tera Blast|p2b: Volcarona|[anim] Tera Blast Flying\n|-supereffective|p2b: Volcarona\n|-damage|p2b: Volcarona|0 fnt\n|faint|p2b: Volcarona\n|\n|-weather|Sandstorm|[upkeep]\n|-damage|p2a: Rillaboom|69\/100|[from] Sandstorm\n|-damage|p1b: Tyranitar|86\/100|[from] Sandstorm\n|-heal|p1a: Cloud|90\/100|[from] Grassy Terrain\n|-heal|p2a: Rillaboom|75\/100|[from] Grassy Terrain\n|upkeep\n|\n|t:|1726349244\n|switch|p2b: Primarina|Primarina, L50, F|100\/100\n|turn|3\n|\n|t:|1726349251\n|move|p1a: Cloud|Protect|p1a: Cloud\n|-singleturn|p1a: Cloud|Protect\n|move|p2a: Rillaboom|Fake Out|p1b: Tyranitar\n|-damage|p1b: Tyranitar|74\/100\n|move|p2b: Primarina|Hyper Voice|p1b: Tyranitar|[spread] p1b\n|-activate|p1a: Cloud|move: Protect\n|-damage|p1b: Tyranitar|56\/100\n|cant|p1b: Tyranitar|flinch\n|\n|-weather|Sandstorm|[upkeep]\n|-damage|p2a: Rillaboom|69\/100|[from] Sandstorm\n|-damage|p2b: Primarina|95\/100|[from] Sandstorm\n|-damage|p1b: Tyranitar|49\/100|[from] Sandstorm\n|-heal|p1a: Cloud|96\/100|[from] Grassy Terrain\n|-heal|p2a: Rillaboom|75\/100|[from] Grassy Terrain\n|-heal|p2b: Primarina|100\/100|[from] Grassy Terrain\n|upkeep\n|turn|4\n|\n|t:|1726349262\n|switch|p1a: Toothless|Perrserker, L50, F|100\/100\n|move|p2a: Rillaboom|Grassy Glide|p1a: Toothless\n|-resisted|p1a: Toothless\n|-damage|p1a: Toothless|82\/100\n|-damage|p2a: Rillaboom|59\/100|[from] item: Rocky Helmet|[of] p1a: Toothless\n|move|p2b: Primarina|Moonblast|p1b: Tyranitar\n|-damage|p1b: Tyranitar|22\/100\n|-unboost|p1b: Tyranitar|spa|1\n|move|p1b: Tyranitar|Tera Blast|p2a: Rillaboom|[anim] Tera Blast Flying\n|-supereffective|p2a: Rillaboom\n|-damage|p2a: Rillaboom|0 fnt\n|faint|p2a: Rillaboom\n|\n|-weather|Sandstorm|[upkeep]\n|-damage|p2b: Primarina|95\/100|[from] Sandstorm\n|-damage|p1b: Tyranitar|16\/100|[from] Sandstorm\n|-heal|p1a: Toothless|88\/100|[from] Grassy Terrain\n|-heal|p2b: Primarina|100\/100|[from] Grassy Terrain\n|upkeep\n|j| Hydrion\n|\n|t:|1726349264\n|switch|p2a: Electabuzz|Electabuzz, L50, M|30\/100\n|turn|5\n|\n|t:|1726349290\n|move|p2b: Primarina|Protect|p2b: Primarina\n|-singleturn|p2b: Primarina|Protect\n|move|p2a: Electabuzz|Electroweb|p1a: Toothless|[spread] p1a,p1b\n|-supereffective|p1b: Tyranitar\n|-damage|p1a: Toothless|74\/100\n|-damage|p1b: Tyranitar|0 fnt\n|-unboost|p1a: Toothless|spe|1\n|faint|p1b: Tyranitar\n|move|p1a: Toothless|Knock Off|p2a: Electabuzz\n|-damage|p2a: Electabuzz|11\/100\n|-enditem|p2a: Electabuzz|Eviolite|[from] move: Knock Off|[of] p1a: Toothless\n|\n|-weather|none\n|-heal|p2a: Electabuzz|17\/100|[from] Grassy Terrain\n|-heal|p1a: Toothless|80\/100|[from] Grassy Terrain\n|upkeep\n|\n|t:|1726349303\n|switch|p1b: Cloud|Lycanroc, L50, M|96\/100\n|turn|6\n|\n|t:|1726349309\n|move|p2a: Electabuzz|Helping Hand|p2b: Primarina\n|-singleturn|p2b: Primarina|Helping Hand|[of] p2a: Electabuzz\n|move|p1b: Cloud|Rock Slide|p2b: Primarina|[spread] p2a,p2b\n|-damage|p2a: Electabuzz|0 fnt\n|-damage|p2b: Primarina|71\/100\n|faint|p2a: Electabuzz\n|cant|p2b: Primarina|flinch\n|move|p1a: Toothless|Iron Head|p2b: Primarina\n|-damage|p2b: Primarina|20\/100\n|-enditem|p2b: Primarina|Sitrus Berry|[eat]\n|-heal|p2b: Primarina|45\/100|[from] item: Sitrus Berry\n|\n|-heal|p1b: Cloud|100\/100|[from] Grassy Terrain\n|-heal|p2b: Primarina|51\/100|[from] Grassy Terrain\n|-heal|p1a: Toothless|86\/100|[from] Grassy Terrain\n|-fieldend|move: Grassy Terrain\n|upkeep\n|turn|7\n|-message|asNsnK forfeited.\n|\n|win|TTX25\n|raw|TTX25's rating: 1660 &rarr; <strong>1684<\/strong><br \/>(+24 for winning)\n|raw|asNsnK's rating: 1737 &rarr; <strong>1713<\/strong><br \/>(-24 for losing)\n|l|\u2606asNsnK\n|player|p2|\n|l|\u2606TTX25\n|player|p1|\n|l| Hydrion\n","uploadtime":1726349570,"views":18,"formatid":"gen9vgc2024regh","rating":1684,"private":0,"password":null}