{"id":"gen9vgc2024regh-2201440961","format":"[Gen 9] VGC 2024 Reg H","players":["naetheanimal97","Super Crist"],"log":"|j|\u2606naetheanimal97\n|j|\u203dSuper Crist\n|t:|1726317631\n|gametype|doubles\n|player|p1|naetheanimal97|n|1741\n|player|p2|Super Crist|sabrina|1733\n|teamsize|p1|6\n|teamsize|p2|6\n|gen|9\n|tier|[Gen 9] VGC 2024 Reg H\n|rated|\n|rule|Species Clause: Limit one of each Pok\u00e9mon\n|rule|Item Clause: Limit 1 of each item\n|clearpoke\n|poke|p1|Tyranitar, L50, M|\n|poke|p1|Garchomp, L50, F|\n|poke|p1|Murkrow, L50, M|\n|poke|p1|Indeedee-F, L50, F|\n|poke|p1|Hatterene, L50, F|\n|poke|p1|Lycanroc, L50, M|\n|poke|p2|Tyranitar, L50, M|\n|poke|p2|Amoonguss, L50, M|\n|poke|p2|Incineroar, L50, M|\n|poke|p2|Gholdengo, L50|\n|poke|p2|Porygon2, L50|\n|poke|p2|Ursaluna, L50, F|\n|teampreview|4\n|inactive|Battle timer is ON: inactive players will automatically lose when time's up. (requested by Super Crist)\n|inactive|Super Crist has 60 seconds left.\n|\n|t:|1726317685\n|start\n|switch|p1a: Tara|Lycanroc, L50, M, shiny|100\/100\n|switch|p1b: Monger|Indeedee-F, L50, F|100\/100\n|switch|p2a: Gholdengo|Gholdengo, L50, shiny|100\/100\n|switch|p2b: Incineroar|Incineroar, L50, M, shiny|100\/100\n|-ability|p2b: Incineroar|Intimidate|boost\n|-unboost|p1a: Tara|atk|1\n|-unboost|p1b: Monger|atk|1\n|-fieldstart|move: Psychic Terrain|[from] ability: Psychic Surge|[of] p1b: Monger\n|turn|1\n|j| salmonsoftdrink\n|inactive|naetheanimal97 has 30 seconds left.\n|inactive|naetheanimal97 has 20 seconds left.\n|inactive|Super Crist has 30 seconds left.\n|inactive|naetheanimal97 has 15 seconds left.\n|inactive|naetheanimal97 has 10 seconds left.\n|\n|t:|1726317734\n|switch|p2b: Porygon2|Porygon2, L50, shiny|100\/100\n|-ability|p2b: Porygon2|Download|boost\n|-boost|p2b: Porygon2|spa|1\n|move|p1a: Tara|Rock Slide|p2a: Gholdengo|[spread] p2b\n|-miss|p1a: Tara|p2a: Gholdengo\n|-crit|p2b: Porygon2\n|-damage|p2b: Porygon2|72\/100\n|move|p2a: Gholdengo|Nasty Plot|p2a: Gholdengo\n|-boost|p2a: Gholdengo|spa|2\n|move|p1b: Monger|Trick Room|p1b: Monger\n|-fieldstart|move: Trick Room|[of] p1b: Monger\n|\n|upkeep\n|turn|2\n|inactive|naetheanimal97 has 30 seconds left.\n|inactive|Super Crist has 30 seconds left.\n|inactive|Super Crist has 20 seconds left.\n|inactive|Super Crist has 15 seconds left.\n|j| juhhas\n|inactive|Super Crist has 10 seconds left.\n|inactive|Super Crist has 5 seconds left.\n|\n|t:|1726317785\n|switch|p2b: Incineroar|Incineroar, L50, M, shiny|100\/100\n|-ability|p2b: Incineroar|Intimidate|boost\n|-unboost|p1a: Tara|atk|1\n|-unboost|p1b: Monger|atk|1\n|move|p1b: Monger|Helping Hand|p1a: Tara\n|-singleturn|p1a: Tara|Helping Hand|[of] p1b: Monger\n|move|p2a: Gholdengo|Nasty Plot|p2a: Gholdengo\n|-boost|p2a: Gholdengo|spa|2\n|move|p1a: Tara|Close Combat|p2b: Incineroar\n|-supereffective|p2b: Incineroar\n|-damage|p2b: Incineroar|55\/100\n|-unboost|p1a: Tara|def|1\n|-unboost|p1a: Tara|spd|1\n|\n|upkeep\n|turn|3\n|inactive|naetheanimal97 has 30 seconds left.\n|inactive|Super Crist has 30 seconds left.\n|inactive|naetheanimal97 has 20 seconds left.\n|\n|t:|1726317823\n|switch|p1a: Ragnarok|Tyranitar, L50, M|100\/100\n|-weather|Sandstorm|[from] ability: Sand Stream|[of] p1a: Ragnarok\n|move|p1b: Monger|Follow Me|p1b: Monger\n|-singleturn|p1b: Monger|move: Follow Me\n|move|p2b: Incineroar|Parting Shot|p1b: Monger\n|-unboost|p1b: Monger|atk|1\n|-unboost|p1b: Monger|spa|1\n|\n|t:|1726317848\n|switch|p2b: Porygon2|Porygon2, L50, shiny|72\/100|[from] Parting Shot\n|-ability|p2b: Porygon2|Download|boost\n|-boost|p2b: Porygon2|spa|1\n|move|p2a: Gholdengo|Nasty Plot|p2a: Gholdengo\n|-boost|p2a: Gholdengo|spa|2\n|\n|-weather|Sandstorm|[upkeep]\n|-damage|p2b: Porygon2|66\/100|[from] Sandstorm\n|upkeep\n|turn|4\n|inactive|naetheanimal97 has 30 seconds left.\n|inactive|Super Crist has 30 seconds left.\n|inactive|naetheanimal97 has 20 seconds left.\n|inactive|naetheanimal97 has 15 seconds left.\n|\n|t:|1726317889\n|switch|p1b: Final Judgment|Hatterene, L50, F|100\/100\n|move|p2a: Gholdengo|Protect|p2a: Gholdengo\n|-singleturn|p2a: Gholdengo|Protect\n|move|p1a: Ragnarok|Knock Off|p2a: Gholdengo\n|-activate|p2a: Gholdengo|move: Protect\n|move|p2b: Porygon2|Trick Room|p2b: Porygon2\n|-fieldend|move: Trick Room\n|\n|-weather|Sandstorm|[upkeep]\n|-damage|p2b: Porygon2|59\/100|[from] Sandstorm\n|-damage|p1b: Final Judgment|94\/100|[from] Sandstorm\n|upkeep\n|turn|5\n|inactive|naetheanimal97 has 30 seconds left.\n|inactive|Super Crist has 30 seconds left.\n|inactive|naetheanimal97 has 20 seconds left.\n|\n|t:|1726317927\n|switch|p1a: Tara|Lycanroc, L50, M, shiny|100\/100\n|move|p1b: Final Judgment|Protect|p1b: Final Judgment\n|-singleturn|p1b: Final Judgment|Protect\n|move|p2a: Gholdengo|Make It Rain|p1b: Final Judgment|[spread] p1a\n|-activate|p1b: Final Judgment|move: Protect\n|-supereffective|p1a: Tara\n|-enditem|p1a: Tara|Focus Sash\n|-damage|p1a: Tara|1\/100\n|-unboost|p2a: Gholdengo|spa|1\n|move|p2b: Porygon2|Recover|p2b: Porygon2\n|-heal|p2b: Porygon2|100\/100\n|\n|-weather|Sandstorm|[upkeep]\n|-damage|p2b: Porygon2|94\/100|[from] Sandstorm\n|-damage|p1b: Final Judgment|88\/100|[from] Sandstorm\n|-fieldend|move: Psychic Terrain\n|upkeep\n|turn|6\n|inactive|Super Crist has 30 seconds left.\n|\n|t:|1726317959\n|-terastallize|p1b: Final Judgment|Fire\n|move|p1a: Tara|Endeavor|p2b: Porygon2\n|-damage|p2b: Porygon2|1\/100\n|move|p2a: Gholdengo|Make It Rain|p1a: Tara|[spread] p1a,p1b\n|-supereffective|p1a: Tara\n|-resisted|p1b: Final Judgment\n|-damage|p1a: Tara|0 fnt\n|-damage|p1b: Final Judgment|4\/100\n|-unboost|p2a: Gholdengo|spa|1\n|faint|p1a: Tara\n|move|p2b: Porygon2|Recover|p2b: Porygon2\n|-heal|p2b: Porygon2|51\/100\n|move|p1b: Final Judgment|Mystical Fire|p2a: Gholdengo\n|-supereffective|p2a: Gholdengo\n|-damage|p2a: Gholdengo|0 fnt\n|faint|p2a: Gholdengo\n|-damage|p1b: Final Judgment|0 fnt|[from] item: Life Orb\n|faint|p1b: Final Judgment\n|\n|-weather|Sandstorm|[upkeep]\n|-damage|p2b: Porygon2|45\/100|[from] Sandstorm\n|upkeep\n|inactive|Super Crist has 30 seconds left.\n|inactive|Super Crist has 20 seconds left.\n|inactive|Super Crist has 15 seconds left.\n|\n|t:|1726318000\n|switch|p1a: Ragnarok|Tyranitar, L50, M|100\/100\n|switch|p2a: Incineroar|Incineroar, L50, M, shiny|55\/100\n|switch|p1b: Monger|Indeedee-F, L50, F|100\/100\n|-ability|p2a: Incineroar|Intimidate|boost\n|-unboost|p1a: Ragnarok|atk|1\n|-unboost|p1b: Monger|atk|1\n|-fieldstart|move: Psychic Terrain|[from] ability: Psychic Surge|[of] p1b: Monger\n|turn|7\n|\n|t:|1726318020\n|-terastallize|p2a: Incineroar|Grass\n|move|p1b: Monger|Helping Hand|p1a: Ragnarok\n|-singleturn|p1a: Ragnarok|Helping Hand|[of] p1b: Monger\n|move|p2a: Incineroar|Parting Shot|p1a: Ragnarok\n|-unboost|p1a: Ragnarok|atk|1\n|-unboost|p1a: Ragnarok|spa|1\n|\n|t:|1726318027\n|switch|p2a: Tyranitar|Tyranitar, L50, M, shiny|100\/100|[from] Parting Shot\n|move|p1a: Ragnarok|Rock Slide|p2a: Tyranitar|[spread] p2a,p2b\n|-damage|p2a: Tyranitar|81\/100\n|-damage|p2b: Porygon2|29\/100\n|cant|p2b: Porygon2|flinch\n|\n|-weather|none\n|upkeep\n|turn|8\n|l| juhhas\n|\n|t:|1726318044\n|switch|p2a: Incineroar|Incineroar, L50, M, shiny, tera:Grass|55\/100\n|-ability|p2a: Incineroar|Intimidate|boost\n|-unboost|p1a: Ragnarok|atk|1\n|-unboost|p1b: Monger|atk|1\n|move|p1b: Monger|Helping Hand|p1a: Ragnarok\n|-singleturn|p1a: Ragnarok|Helping Hand|[of] p1b: Monger\n|move|p1a: Ragnarok|Ice Punch|p2a: Incineroar\n|-supereffective|p2a: Incineroar\n|-damage|p2a: Incineroar|27\/100\n|-status|p2a: Incineroar|frz\n|move|p2b: Porygon2|Recover|p2b: Porygon2\n|-heal|p2b: Porygon2|79\/100\n|\n|upkeep\n|turn|9\n|inactive|Super Crist has 30 seconds left.\n|\n|t:|1726318070\n|move|p1b: Monger|Helping Hand|p1a: Ragnarok\n|-singleturn|p1a: Ragnarok|Helping Hand|[of] p1b: Monger\n|-curestatus|p2a: Incineroar|frz|[from] move: Flare Blitz\n|move|p2a: Incineroar|Flare Blitz|p1b: Monger\n|-damage|p1b: Monger|58\/100\n|-damage|p2a: Incineroar|15\/100|[from] Recoil\n|move|p1a: Ragnarok|Ice Punch|p2a: Incineroar\n|-supereffective|p2a: Incineroar\n|-damage|p2a: Incineroar|0 fnt\n|faint|p2a: Incineroar\n|move|p2b: Porygon2|Tera Blast|p1b: Monger\n|-damage|p1b: Monger|7\/100\n|\n|upkeep\n|j| lord bidoof spiky\n|\n|t:|1726318076\n|switch|p2a: Tyranitar|Tyranitar, L50, M, shiny|81\/100\n|-weather|Sandstorm|[from] ability: Sand Stream|[of] p2a: Tyranitar\n|turn|10\n|\n|t:|1726318094\n|move|p1b: Monger|Follow Me|p1b: Monger\n|-singleturn|p1b: Monger|move: Follow Me\n|move|p1a: Ragnarok|Ice Punch|p2a: Tyranitar\n|-damage|p2a: Tyranitar|72\/100\n|move|p2a: Tyranitar|Low Kick|p1b: Monger\n|-damage|p1b: Monger|0 fnt\n|faint|p1b: Monger\n|move|p2b: Porygon2|Tera Blast|p1a: Ragnarok\n|-resisted|p1a: Ragnarok\n|-damage|p1a: Ragnarok|90\/100\n|\n|-weather|Sandstorm|[upkeep]\n|-damage|p2b: Porygon2|72\/100|[from] Sandstorm\n|upkeep\n|turn|11\n|j| Hyperhit94\n|\n|t:|1726318105\n|move|p1a: Ragnarok|Knock Off|p2a: Tyranitar\n|-resisted|p2a: Tyranitar\n|-damage|p2a: Tyranitar|61\/100\n|-enditem|p2a: Tyranitar|Assault Vest|[from] move: Knock Off|[of] p1a: Ragnarok\n|move|p2a: Tyranitar|Low Kick|p1a: Ragnarok\n|-supereffective|p1a: Ragnarok\n|-damage|p1a: Ragnarok|0 fnt\n|faint|p1a: Ragnarok\n|\n|win|Super Crist\n|raw|naetheanimal97's rating: 1741 &rarr; <strong>1721<\/strong><br \/>(-20 for losing)\n|raw|Super Crist's rating: 1733 &rarr; <strong>1753<\/strong><br \/>(+20 for winning)\n|l|\u2606naetheanimal97\n|player|p1|\n|l| salmonsoftdrink\n|l|\u203dSuper Crist\n|player|p2|\n|l| lord bidoof spiky\n","uploadtime":1726318354,"views":39,"formatid":"gen9vgc2024regh","rating":1721,"private":0,"password":null}