{"id":"gen9vgc2024regh-2201305076","format":"[Gen 9] VGC 2024 Reg H","players":["lieyanshu","fangame10"],"log":"|j|\u2606lieyanshu\n|j|\u2606fangame10\n|t:|1726293008\n|gametype|doubles\n|player|p1|lieyanshu|lucas|1690\n|player|p2|fangame10|red|1722\n|teamsize|p1|6\n|teamsize|p2|6\n|gen|9\n|tier|[Gen 9] VGC 2024 Reg H\n|rated|\n|rule|Species Clause: Limit one of each Pok\u00e9mon\n|rule|Item Clause: Limit 1 of each item\n|clearpoke\n|poke|p1|Gholdengo, L50|\n|poke|p1|Ursaluna-Bloodmoon, L50, M|\n|poke|p1|Dragapult, L50, M|\n|poke|p1|Murkrow, L50, F|\n|poke|p1|Kingambit, L50, M|\n|poke|p1|Sneasler, L50, M|\n|poke|p2|Baxcalibur, L50, F|\n|poke|p2|Ninetales-Alola, L50, F|\n|poke|p2|Milotic, L50, M|\n|poke|p2|Skeledirge, L50, M|\n|poke|p2|Rillaboom, L50, M|\n|poke|p2|Sneasler, L50, M|\n|teampreview|4\n|inactive|Battle timer is ON: inactive players will automatically lose when time's up. (requested by fangame10)\n|inactive|lieyanshu has 60 seconds left.\n|\n|t:|1726293045\n|start\n|switch|p1a: Murkrow|Murkrow, L50, F|100\/100\n|switch|p1b: Ursaluna|Ursaluna-Bloodmoon, L50, M|100\/100\n|switch|p2a: Milotic|Milotic, L50, M, shiny|100\/100\n|switch|p2b: Sneasler|Sneasler, L50, M, shiny|100\/100\n|turn|1\n|\n|t:|1726293061\n|-terastallize|p1b: Ursaluna|Ghost\n|move|p1a: Murkrow|Tailwind|p1a: Murkrow\n|-sidestart|p1: lieyanshu|move: Tailwind\n|move|p2b: Sneasler|Dire Claw|p1a: Murkrow\n|-damage|p1a: Murkrow|57\/100\n|-status|p1a: Murkrow|par\n|move|p1b: Ursaluna|Blood Moon|p2a: Milotic\n|-damage|p2a: Milotic|37\/100\n|-enditem|p2a: Milotic|Sitrus Berry|[eat]\n|-heal|p2a: Milotic|62\/100|[from] item: Sitrus Berry\n|-damage|p1b: Ursaluna|91\/100|[from] item: Life Orb\n|move|p2a: Milotic|Hypnosis||[still]\n|-fail|p2a: Milotic\n|\n|upkeep\n|turn|2\n|\n|t:|1726293085\n|move|p2b: Sneasler|Dire Claw|p1b: Ursaluna\n|-resisted|p1b: Ursaluna\n|-crit|p1b: Ursaluna\n|-damage|p1b: Ursaluna|67\/100\n|-status|p1b: Ursaluna|psn|[from] ability: Poison Touch|[of] p2b: Sneasler\n|move|p1b: Ursaluna|Hyper Voice|p2b: Sneasler|[spread] p2a,p2b\n|-damage|p2a: Milotic|26\/100\n|-damage|p2b: Sneasler|37\/100\n|-damage|p1b: Ursaluna|58\/100 psn|[from] item: Life Orb\n|move|p2a: Milotic|Hypnosis||[still]\n|-fail|p2a: Milotic\n|move|p1a: Murkrow|Brave Bird|p2b: Sneasler\n|-supereffective|p2b: Sneasler\n|-damage|p2b: Sneasler|0 fnt\n|faint|p2b: Sneasler\n|-damage|p1a: Murkrow|46\/100 par|[from] Recoil\n|\n|-damage|p1b: Ursaluna|45\/100 psn|[from] psn\n|upkeep\n|\n|t:|1726293106\n|switch|p2b: Baxcalibur|Baxcalibur, L50, F, shiny|100\/100\n|turn|3\n|\n|t:|1726293122\n|move|p2b: Baxcalibur|Protect|p2b: Baxcalibur\n|-singleturn|p2b: Baxcalibur|Protect\n|move|p1b: Ursaluna|Blood Moon|p2b: Baxcalibur\n|-activate|p2b: Baxcalibur|move: Protect\n|move|p2a: Milotic|Life Dew||[still]|[spread] p2a,p2b\n|-heal|p2a: Milotic|51\/100\n|-fail|p2b: Baxcalibur|heal\n|move|p1a: Murkrow|Brave Bird|p2a: Milotic\n|-damage|p2a: Milotic|10\/100\n|-damage|p1a: Murkrow|30\/100 par|[from] Recoil\n|\n|-damage|p1b: Ursaluna|33\/100 psn|[from] psn\n|upkeep\n|turn|4\n|j| mr pogostick\n|\n|t:|1726293140\n|move|p1b: Ursaluna|Hyper Voice|p2b: Baxcalibur|[spread] p2a,p2b\n|-damage|p2a: Milotic|0 fnt\n|-damage|p2b: Baxcalibur|54\/100\n|faint|p2a: Milotic\n|-damage|p1b: Ursaluna|23\/100 psn|[from] item: Life Orb\n|move|p2b: Baxcalibur|Glaive Rush|p1b: Ursaluna\n|-damage|p1b: Ursaluna|0 fnt\n|-singlemove|p2b: Baxcalibur|Glaive Rush|[silent]\n|faint|p1b: Ursaluna\n|move|p1a: Murkrow|Brave Bird|p2b: Baxcalibur\n|-damage|p2b: Baxcalibur|0 fnt\n|faint|p2b: Baxcalibur\n|-damage|p1a: Murkrow|8\/100 par|[from] Recoil\n|\n|-sideend|p1: lieyanshu|move: Tailwind\n|upkeep\n|\n|t:|1726293155\n|switch|p2b: Ninetales|Ninetales-Alola, L50, F, shiny|100\/100\n|switch|p1b: Dragapult|Dragapult, L50, M|100\/100\n|-weather|Snow|[from] ability: Snow Warning|[of] p2b: Ninetales\n|turn|5\n|\n|t:|1726293162\n|cant|p1a: Murkrow|par\n|move|p1b: Dragapult|Phantom Force||[still]\n|-prepare|p1b: Dragapult|Phantom Force\n|move|p2b: Ninetales|Blizzard|p1b: Dragapult|[spread] p1a\n|-miss|p2b: Ninetales|p1b: Dragapult\n|-supereffective|p1a: Murkrow\n|-damage|p1a: Murkrow|0 fnt\n|faint|p1a: Murkrow\n|\n|-weather|Snow|[upkeep]\n|upkeep\n|\n|t:|1726293171\n|switch|p1a: Gholdengo|Gholdengo, L50|100\/100\n|turn|6\n|\n|t:|1726293176\n|-terastallize|p2b: Ninetales|Electric\n|move|p1b: Dragapult|Phantom Force|p2b: Ninetales|[from]lockedmove\n|-damage|p2b: Ninetales|0 fnt\n|faint|p2b: Ninetales\n|\n|win|lieyanshu\n|raw|lieyanshu's rating: 1690 &rarr; <strong>1712<\/strong><br \/>(+22 for winning)\n|raw|fangame10's rating: 1722 &rarr; <strong>1700<\/strong><br \/>(-22 for losing)\n|l|\u2606fangame10\n|player|p2|\n|l| mr pogostick\n|l|\u2606lieyanshu\n|player|p1|\n","uploadtime":1726293336,"views":79,"formatid":"gen9vgc2024regh","rating":1700,"private":0,"password":null}