{"id":"gen9vgc2024regh-2201176891","format":"[Gen 9] VGC 2024 Reg H","players":["rexonagirl","mine_hang"],"log":"|j|\u2606rexonagirl\n|j|\u2606mine_hang\n|t:|1726274922\n|gametype|doubles\n|player|p1|rexonagirl|grimsley-masters|1690\n|player|p2|mine_hang|2|1666\n|teamsize|p1|6\n|teamsize|p2|6\n|gen|9\n|tier|[Gen 9] VGC 2024 Reg H\n|rated|\n|rule|Species Clause: Limit one of each Pok\u00e9mon\n|rule|Item Clause: Limit 1 of each item\n|clearpoke\n|poke|p1|Archaludon, L50, M|\n|poke|p1|Ursaluna-Bloodmoon, L50, M|\n|poke|p1|Rillaboom, L50, F|\n|poke|p1|Pelipper, L50, F|\n|poke|p1|Palafin, L50, F|\n|poke|p1|Farigiraf, L50, F|\n|poke|p2|Indeedee-F, L50, F|\n|poke|p2|Pelipper, L50, F|\n|poke|p2|Archaludon, L50, F|\n|poke|p2|Primarina, L50, F|\n|poke|p2|Gallade, L50, M|\n|poke|p2|Armarouge, L50, F|\n|teampreview|4\n|inactive|Battle timer is ON: inactive players will automatically lose when time's up. (requested by rexonagirl)\n|j| strikesuitzero\n|inactive|rexonagirl has 60 seconds left.\n|inactive|mine_hang has 60 seconds left.\n|\n|t:|1726274975\n|start\n|switch|p1a: Ursaluna|Ursaluna-Bloodmoon, L50, M|100\/100\n|switch|p1b: Farigiraf|Farigiraf, L50, F|100\/100\n|switch|p2a: Pelipper|Pelipper, L50, F|100\/100\n|switch|p2b: Armarouge|Armarouge, L50, F|100\/100\n|-weather|RainDance|[from] ability: Drizzle|[of] p2a: Pelipper\n|turn|1\n|\n|t:|1726274990\n|-terastallize|p2b: Armarouge|Psychic\n|move|p1a: Ursaluna|Protect|p1a: Ursaluna\n|-singleturn|p1a: Ursaluna|Protect\n|move|p2a: Pelipper|U-turn|p2b: Armarouge\n|-supereffective|p2b: Armarouge\n|-damage|p2b: Armarouge|82\/100\n|-ability|p2b: Armarouge|Weak Armor|boost\n|-unboost|p2b: Armarouge|def|1\n|-boost|p2b: Armarouge|spe|2\n|-enditem|p2b: Armarouge|Weakness Policy\n|-boost|p2b: Armarouge|atk|2|[from] item: Weakness Policy\n|-boost|p2b: Armarouge|spa|2|[from] item: Weakness Policy\n|\n|t:|1726275002\n|switch|p2a: Indeedee|Indeedee-F, L50, F|100\/100|[from] U-turn\n|-fieldstart|move: Psychic Terrain|[from] ability: Psychic Surge|[of] p2a: Indeedee\n|move|p2b: Armarouge|Expanding Force|p1a: Ursaluna|[spread] p1b\n|-activate|p1a: Ursaluna|move: Protect\n|-resisted|p1b: Farigiraf\n|-damage|p1b: Farigiraf|16\/100\n|-enditem|p1b: Farigiraf|Sitrus Berry|[eat]\n|-heal|p1b: Farigiraf|41\/100|[from] item: Sitrus Berry\n|move|p1b: Farigiraf|Trick Room|p1b: Farigiraf\n|-fieldstart|move: Trick Room|[of] p1b: Farigiraf\n|\n|-weather|RainDance|[upkeep]\n|upkeep\n|turn|2\n|\n|t:|1726275018\n|-terastallize|p1a: Ursaluna|Normal\n|move|p2b: Armarouge|Protect|p2b: Armarouge\n|-singleturn|p2b: Armarouge|Protect\n|move|p1b: Farigiraf|Hyper Voice|p2b: Armarouge|[spread] p2a\n|-activate|p2b: Armarouge|move: Protect\n|-damage|p2a: Indeedee|78\/100\n|move|p1a: Ursaluna|Hyper Voice|p2b: Armarouge|[spread] p2a\n|-activate|p2b: Armarouge|move: Protect\n|-damage|p2a: Indeedee|12\/100\n|-damage|p1a: Ursaluna|91\/100|[from] item: Life Orb\n|move|p2a: Indeedee|Trick Room|p2a: Indeedee\n|-fieldend|move: Trick Room\n|\n|-weather|RainDance|[upkeep]\n|upkeep\n|turn|3\n|\n|t:|1726275039\n|switch|p1b: Rillaboom|Rillaboom, L50, F|100\/100\n|-fieldstart|move: Grassy Terrain|[from] ability: Grassy Surge|[of] p1b: Rillaboom\n|move|p1a: Ursaluna|Protect|p1a: Ursaluna\n|-singleturn|p1a: Ursaluna|Protect\n|move|p2b: Armarouge|Expanding Force|p1a: Ursaluna\n|-activate|p1a: Ursaluna|move: Protect\n|move|p2a: Indeedee|Psychic|p1a: Ursaluna\n|-activate|p1a: Ursaluna|move: Protect\n|\n|-weather|RainDance|[upkeep]\n|-heal|p2b: Armarouge|88\/100|[from] Grassy Terrain\n|-heal|p2a: Indeedee|19\/100|[from] Grassy Terrain\n|-heal|p1a: Ursaluna|97\/100|[from] Grassy Terrain\n|upkeep\n|turn|4\n|inactive|rexonagirl has 30 seconds left.\n|\n|t:|1726275064\n|switch|p2a: Pelipper|Pelipper, L50, F|100\/100\n|move|p2b: Armarouge|Protect|p2b: Armarouge\n|-singleturn|p2b: Armarouge|Protect\n|move|p1b: Rillaboom|U-turn|p2a: Pelipper\n|-resisted|p2a: Pelipper\n|-damage|p2a: Pelipper|84\/100\n|\n|t:|1726275072\n|switch|p1b: Farigiraf|Farigiraf, L50, F|41\/100|[from] U-turn\n|move|p1a: Ursaluna|Hyper Voice|p2a: Pelipper|[spread] p2a\n|-activate|p2b: Armarouge|move: Protect\n|-damage|p2a: Pelipper|0 fnt\n|faint|p2a: Pelipper\n|-damage|p1a: Ursaluna|88\/100|[from] item: Life Orb\n|\n|-weather|RainDance|[upkeep]\n|-heal|p2b: Armarouge|94\/100|[from] Grassy Terrain\n|-heal|p1a: Ursaluna|94\/100|[from] Grassy Terrain\n|-heal|p1b: Farigiraf|47\/100|[from] Grassy Terrain\n|upkeep\n|j| The_Beast1440\n|\n|t:|1726275089\n|switch|p2a: Primarina|Primarina, L50, F|100\/100\n|turn|5\n|\n|t:|1726275110\n|move|p1a: Ursaluna|Protect|p1a: Ursaluna\n|-singleturn|p1a: Ursaluna|Protect\n|move|p1b: Farigiraf|Protect|p1b: Farigiraf\n|-singleturn|p1b: Farigiraf|Protect\n|move|p2b: Armarouge|Stored Power|p1a: Ursaluna\n|-activate|p1a: Ursaluna|move: Protect\n|move|p2a: Primarina|Hyper Voice|p1a: Ursaluna|[spread] \n|-activate|p1a: Ursaluna|move: Protect\n|-activate|p1b: Farigiraf|move: Protect\n|\n|-weather|none\n|-heal|p2b: Armarouge|100\/100|[from] Grassy Terrain\n|-heal|p1a: Ursaluna|99\/100|[from] Grassy Terrain\n|-heal|p1b: Farigiraf|53\/100|[from] Grassy Terrain\n|upkeep\n|turn|6\n|\n|t:|1726275129\n|switch|p2a: Indeedee|Indeedee-F, L50, F|19\/100\n|-fieldstart|move: Psychic Terrain|[from] ability: Psychic Surge|[of] p2a: Indeedee\n|switch|p1a: Archaludon|Archaludon, L50, M, shiny|100\/100\n|move|p2b: Armarouge|Expanding Force|p1a: Archaludon|[spread] p1a,p1b\n|-resisted|p1a: Archaludon\n|-resisted|p1b: Farigiraf\n|-damage|p1a: Archaludon|47\/100\n|-damage|p1b: Farigiraf|0 fnt\n|-ability|p1a: Archaludon|Stamina|boost\n|-boost|p1a: Archaludon|def|1\n|faint|p1b: Farigiraf\n|\n|upkeep\n|\n|t:|1726275135\n|switch|p1b: Rillaboom|Rillaboom, L50, F|100\/100\n|-fieldstart|move: Grassy Terrain|[from] ability: Grassy Surge|[of] p1b: Rillaboom\n|turn|7\n|\n|t:|1726275148\n|switch|p2a: Primarina|Primarina, L50, F|100\/100\n|move|p2b: Armarouge|Protect|p2b: Armarouge\n|-singleturn|p2b: Armarouge|Protect\n|move|p1b: Rillaboom|Fake Out|p2b: Armarouge\n|-activate|p2b: Armarouge|move: Protect\n|move|p1a: Archaludon|Flash Cannon|p2a: Primarina\n|-damage|p2a: Primarina|65\/100\n|-unboost|p2a: Primarina|spd|1\n|\n|-heal|p1a: Archaludon|53\/100|[from] Grassy Terrain\n|-heal|p2a: Primarina|71\/100|[from] Grassy Terrain\n|upkeep\n|turn|8\n|inactive|rexonagirl has 30 seconds left.\n|inactive|rexonagirl has 20 seconds left.\n|inactive|mine_hang has 30 seconds left.\n|\n|t:|1726275189\n|switch|p2a: Indeedee|Indeedee-F, L50, F|19\/100\n|-fieldstart|move: Psychic Terrain|[from] ability: Psychic Surge|[of] p2a: Indeedee\n|move|p2b: Armarouge|Expanding Force|p1b: Rillaboom|[spread] p1a,p1b\n|-resisted|p1a: Archaludon\n|-damage|p1a: Archaludon|0 fnt\n|-damage|p1b: Rillaboom|0 fnt\n|faint|p1a: Archaludon\n|faint|p1b: Rillaboom\n|\n|upkeep\n|-message|rexonagirl forfeited.\n|\n|win|mine_hang\n|raw|rexonagirl's rating: 1690 &rarr; <strong>1669<\/strong><br \/>(-21 for losing)\n|raw|mine_hang's rating: 1666 &rarr; <strong>1687<\/strong><br \/>(+21 for winning)\n|l|\u2606rexonagirl\n|player|p1|\n|l| strikesuitzero\n|l| The_Beast1440\n|l|\u2606mine_hang\n|player|p2|\n","uploadtime":1726275408,"views":21,"formatid":"gen9vgc2024regh","rating":1669,"private":0,"password":null}