{"id":"gen9vgc2024regh-2201090546","format":"[Gen 9] VGC 2024 Reg H","players":["UnluckyTogekissZ","Crying for Rain"],"log":"|j|\u2606UnluckyTogekissZ\n|j|\u2606Crying for Rain\n|t:|1726264475\n|gametype|doubles\n|player|p1|UnluckyTogekissZ|cheren-gen5bw2|1684\n|player|p2|Crying for Rain|rocketgruntf|1690\n|teamsize|p1|6\n|teamsize|p2|6\n|gen|9\n|tier|[Gen 9] VGC 2024 Reg H\n|rated|\n|rule|Species Clause: Limit one of each Pok\u00e9mon\n|rule|Item Clause: Limit 1 of each item\n|clearpoke\n|poke|p1|Glimmora, L50, M|\n|poke|p1|Gholdengo, L50|\n|poke|p1|Talonflame, L50, F|\n|poke|p1|Primarina, L50, M|\n|poke|p1|Tyranitar, L50, M|\n|poke|p1|Garchomp, L50, M|\n|poke|p2|Whimsicott, L50, F|\n|poke|p2|Gholdengo, L50|\n|poke|p2|Dragonite, L50, M|\n|poke|p2|Ursaluna-Bloodmoon, L50, M|\n|poke|p2|Arcanine-Hisui, L50, M|\n|poke|p2|Mimikyu, L50, F|\n|teampreview|4\n|inactive|Battle timer is ON: inactive players will automatically lose when time's up. (requested by Crying for Rain)\n|\n|t:|1726264525\n|start\n|switch|p1a: Talonflame|Talonflame, L50, F|100\/100\n|switch|p1b: Primarina|Primarina, L50, M|100\/100\n|switch|p2a: Gholdengo|Gholdengo, L50, shiny|100\/100\n|switch|p2b: Ursaluna|Ursaluna-Bloodmoon, L50, M|100\/100\n|turn|1\n|j| pmg9\n|j| COSMONAUTA J\n|\n|t:|1726264541\n|move|p1b: Primarina|Protect|p1b: Primarina\n|-singleturn|p1b: Primarina|Protect\n|move|p1a: Talonflame|Tailwind|p1a: Talonflame\n|-sidestart|p1: UnluckyTogekissZ|move: Tailwind\n|move|p2a: Gholdengo|Power Gem|p1a: Talonflame\n|-supereffective|p1a: Talonflame\n|-damage|p1a: Talonflame|0 fnt\n|faint|p1a: Talonflame\n|move|p2b: Ursaluna|Blood Moon|p1b: Primarina\n|-activate|p1b: Primarina|move: Protect\n|\n|upkeep\n|j| mr pogostick\n|\n|t:|1726264550\n|switch|p1a: Gholdengo|Gholdengo, L50|100\/100\n|turn|2\n|j| Weathered Wayfarer\n|inactive|Crying for Rain has 30 seconds left.\n|\n|t:|1726264576\n|switch|p2a: Dragonite|Dragonite, L50, M, shiny|100\/100\n|-terastallize|p2b: Ursaluna|Normal\n|move|p1a: Gholdengo|Trick|p2a: Dragonite\n|-activate|p1a: Gholdengo|move: Trick|[of] p2a: Dragonite\n|-item|p2a: Dragonite|Choice Specs|[from] move: Trick\n|-item|p1a: Gholdengo|Choice Band|[from] move: Trick\n|move|p1b: Primarina|Hyper Voice|p2a: Dragonite|[spread] p2a,p2b\n|-resisted|p2a: Dragonite\n|-crit|p2b: Ursaluna\n|-damage|p2a: Dragonite|91\/100\n|-damage|p2b: Ursaluna|57\/100\n|move|p2b: Ursaluna|Earth Power|p1a: Gholdengo\n|-supereffective|p1a: Gholdengo\n|-damage|p1a: Gholdengo|0 fnt\n|faint|p1a: Gholdengo\n|\n|upkeep\n|\n|t:|1726264585\n|switch|p1a: Tyranitar|Tyranitar, L50, M|100\/100\n|-weather|Sandstorm|[from] ability: Sand Stream|[of] p1a: Tyranitar\n|turn|3\n|\n|t:|1726264609\n|switch|p2a: Whimsicott|Whimsicott, L50, F, shiny|100\/100\n|move|p1a: Tyranitar|Rock Slide|p2a: Whimsicott|[spread] p2a,p2b\n|-damage|p2a: Whimsicott|68\/100\n|-damage|p2b: Ursaluna|34\/100\n|move|p1b: Primarina|Hyper Voice|p2a: Whimsicott|[spread] p2a,p2b\n|-resisted|p2a: Whimsicott\n|-damage|p2a: Whimsicott|46\/100\n|-damage|p2b: Ursaluna|1\/100\n|cant|p2b: Ursaluna|flinch\n|\n|-weather|Sandstorm|[upkeep]\n|-damage|p1b: Primarina|95\/100|[from] Sandstorm\n|-damage|p2a: Whimsicott|40\/100|[from] Sandstorm\n|-damage|p2b: Ursaluna|0 fnt|[from] Sandstorm\n|faint|p2b: Ursaluna\n|upkeep\n|\n|t:|1726264627\n|switch|p2b: Dragonite|Dragonite, L50, M, shiny|91\/100\n|turn|4\n|inactive|UnluckyTogekissZ has 30 seconds left.\n|inactive|UnluckyTogekissZ has 20 seconds left.\n|\n|t:|1726264664\n|-terastallize|p1a: Tyranitar|Flying\n|move|p2a: Whimsicott|Tailwind|p2a: Whimsicott\n|-sidestart|p2: Crying for Rain|move: Tailwind\n|move|p2b: Dragonite|Low Kick|p1a: Tyranitar\n|-resisted|p1a: Tyranitar\n|-damage|p1a: Tyranitar|82\/100\n|move|p1a: Tyranitar|Rock Slide|p2a: Whimsicott|[spread] p2b\n|-miss|p1a: Tyranitar|p2a: Whimsicott\n|-supereffective|p2b: Dragonite\n|-damage|p2b: Dragonite|19\/100\n|move|p1b: Primarina|Moonblast|p2b: Dragonite\n|-supereffective|p2b: Dragonite\n|-damage|p2b: Dragonite|0 fnt\n|faint|p2b: Dragonite\n|\n|-weather|Sandstorm|[upkeep]\n|-damage|p2a: Whimsicott|34\/100|[from] Sandstorm\n|-damage|p1a: Tyranitar|76\/100|[from] Sandstorm\n|-damage|p1b: Primarina|89\/100|[from] Sandstorm\n|-sideend|p1: UnluckyTogekissZ|move: Tailwind\n|upkeep\n|\n|t:|1726264683\n|switch|p2b: Gholdengo|Gholdengo, L50, shiny|100\/100\n|turn|5\n|\n|t:|1726264699\n|move|p2b: Gholdengo|Make It Rain|p1a: Tyranitar|[spread] p1a,p1b\n|-damage|p1a: Tyranitar|48\/100\n|-damage|p1b: Primarina|47\/100\n|-unboost|p2b: Gholdengo|spa|1\n|move|p2a: Whimsicott|Moonblast|p1a: Tyranitar\n|-damage|p1a: Tyranitar|33\/100\n|move|p1a: Tyranitar|Knock Off|p2b: Gholdengo\n|-supereffective|p2b: Gholdengo\n|-damage|p2b: Gholdengo|0 fnt\n|-enditem|p2b: Gholdengo|Choice Scarf|[from] move: Knock Off|[of] p1a: Tyranitar\n|faint|p2b: Gholdengo\n|move|p1b: Primarina|Hyper Voice|p2a: Whimsicott\n|-resisted|p2a: Whimsicott\n|-damage|p2a: Whimsicott|3\/100\n|\n|-weather|Sandstorm|[upkeep]\n|-damage|p2a: Whimsicott|0 fnt|[from] Sandstorm\n|-damage|p1a: Tyranitar|27\/100|[from] Sandstorm\n|-damage|p1b: Primarina|41\/100|[from] Sandstorm\n|faint|p2a: Whimsicott\n|\n|win|UnluckyTogekissZ\n|upkeep\n|raw|UnluckyTogekissZ's rating: 1684 &rarr; <strong>1704<\/strong><br \/>(+20 for winning)\n|raw|Crying for Rain's rating: 1690 &rarr; <strong>1670<\/strong><br \/>(-20 for losing)\n|l|\u2606Crying for Rain\n|player|p2|\n|l| pmg9\n|l| COSMONAUTA J\n","uploadtime":1726264957,"views":22,"formatid":"gen9vgc2024regh","rating":1670,"private":0,"password":null}