{"id":"gen9vgc2024regh-2201814601","format":"[Gen 9] VGC 2024 Reg H","players":["Tommytinkle","Cereales_Testing"],"log":"|j|\u2606Tommytinkle\n|j|\u2606Cereales_Testing\n|t:|1726359456\n|gametype|doubles\n|player|p1|Tommytinkle|2|1698\n|player|p2|Cereales_Testing|101|1642\n|teamsize|p1|6\n|teamsize|p2|6\n|gen|9\n|tier|[Gen 9] VGC 2024 Reg H\n|rated|\n|rule|Species Clause: Limit one of each Pok\u00e9mon\n|rule|Item Clause: Limit 1 of each item\n|clearpoke\n|poke|p1|Garchomp, L50, M|\n|poke|p1|Dragonite, L50, F|\n|poke|p1|Annihilape, L50, M|\n|poke|p1|Maushold, L50|\n|poke|p1|Tyranitar, L50, M|\n|poke|p1|Primarina, L50, F|\n|poke|p2|Muk-Alola, L50, M|\n|poke|p2|Mandibuzz, L50, F|\n|poke|p2|Hydrapple, L50, F|\n|poke|p2|Gengar, L50, M|\n|poke|p2|Spiritomb, L50, M|\n|poke|p2|Tauros-Paldea-Aqua, L50, M|\n|teampreview|4\n|inactive|Battle timer is ON: inactive players will automatically lose when time's up. (requested by Tommytinkle)\n|inactive|Cereales_Testing has 60 seconds left.\n|\n|t:|1726359525\n|start\n|switch|p1a: Garchomp|Garchomp, L50, M|100\/100\n|switch|p1b: Dragonite|Dragonite, L50, F|100\/100\n|switch|p2a: Smile|Gengar, L50, M|100\/100\n|switch|p2b: GF Hunter|Mandibuzz, L50, F, shiny|100\/100\n|turn|1\n|\n|t:|1726359546\n|move|p1a: Garchomp|Protect|p1a: Garchomp\n|-singleturn|p1a: Garchomp|Protect\n|move|p2a: Smile|Shadow Ball|p1a: Garchomp\n|-activate|p1a: Garchomp|move: Protect\n|move|p1b: Dragonite|Tailwind|p1b: Dragonite\n|-sidestart|p1: Tommytinkle|move: Tailwind\n|move|p2b: GF Hunter|Foul Play|p1b: Dragonite\n|-damage|p1b: Dragonite|81\/100\n|-damage|p2b: GF Hunter|84\/100|[from] item: Rocky Helmet|[of] p1b: Dragonite\n|\n|upkeep\n|turn|2\n|\n|t:|1726359570\n|move|p2a: Smile|Protect|p2a: Smile\n|-singleturn|p2a: Smile|Protect\n|move|p1a: Garchomp|Rock Slide|p2b: GF Hunter|[spread] p2b\n|-activate|p2a: Smile|move: Protect\n|-supereffective|p2b: GF Hunter\n|-damage|p2b: GF Hunter|53\/100\n|-damage|p1a: Garchomp|91\/100|[from] item: Life Orb\n|move|p1b: Dragonite|Thunder Wave|p2a: Smile\n|-activate|p2a: Smile|move: Protect\n|move|p2b: GF Hunter|Toxic|p1a: Garchomp\n|-status|p1a: Garchomp|tox\n|\n|-damage|p1a: Garchomp|85\/100 tox|[from] psn\n|upkeep\n|turn|3\n|\n|t:|1726359591\n|move|p1a: Garchomp|Earthquake|p2a: Smile|[spread] p2a\n|-immune|p1b: Dragonite\n|-immune|p2b: GF Hunter\n|-supereffective|p2a: Smile\n|-crit|p2a: Smile\n|-enditem|p2a: Smile|Focus Sash\n|-damage|p2a: Smile|1\/100\n|-damage|p1a: Garchomp|75\/100 tox|[from] item: Life Orb\n|move|p1b: Dragonite|Thunder Wave|p2b: GF Hunter|[miss]\n|-miss|p1b: Dragonite|p2b: GF Hunter\n|move|p2a: Smile|Shadow Ball|p1a: Garchomp\n|-damage|p1a: Garchomp|33\/100 tox\n|-unboost|p1a: Garchomp|spd|1\n|move|p2b: GF Hunter|Roost|p2b: GF Hunter\n|-heal|p2b: GF Hunter|100\/100\n|-singleturn|p2b: GF Hunter|move: Roost\n|\n|-damage|p1a: Garchomp|21\/100 tox|[from] psn\n|upkeep\n|turn|4\n|j| geekaleek\n|\n|t:|1726359613\n|move|p2a: Smile|Protect|p2a: Smile\n|-singleturn|p2a: Smile|Protect\n|move|p2b: GF Hunter|Protect|p2b: GF Hunter\n|-singleturn|p2b: GF Hunter|Protect\n|move|p1a: Garchomp|Rock Slide|p2b: GF Hunter|[spread] \n|-activate|p2a: Smile|move: Protect\n|-activate|p2b: GF Hunter|move: Protect\n|move|p1b: Dragonite|Thunder Wave|p2b: GF Hunter\n|-activate|p2b: GF Hunter|move: Protect\n|\n|-damage|p1a: Garchomp|3\/100 tox|[from] psn\n|-sideend|p1: Tommytinkle|move: Tailwind\n|upkeep\n|turn|5\n|\n|t:|1726359636\n|move|p2a: Smile|Shadow Ball|p1a: Garchomp\n|-damage|p1a: Garchomp|0 fnt\n|faint|p1a: Garchomp\n|move|p1b: Dragonite|Tailwind|p1b: Dragonite\n|-sidestart|p1: Tommytinkle|move: Tailwind\n|move|p2b: GF Hunter|Foul Play|p1b: Dragonite\n|-damage|p1b: Dragonite|41\/100\n|-damage|p2b: GF Hunter|84\/100|[from] item: Rocky Helmet|[of] p1b: Dragonite\n|\n|upkeep\n|\n|t:|1726359649\n|switch|p1a: Tyranitar|Tyranitar, L50, M|100\/100\n|-weather|Sandstorm|[from] ability: Sand Stream|[of] p1a: Tyranitar\n|turn|6\n|\n|t:|1726359665\n|move|p2b: GF Hunter|Protect|p2b: GF Hunter\n|-singleturn|p2b: GF Hunter|Protect\n|move|p1b: Dragonite|Thunder Wave|p2b: GF Hunter\n|-activate|p2b: GF Hunter|move: Protect\n|move|p2a: Smile|Destiny Bond|p2a: Smile\n|-singlemove|p2a: Smile|Destiny Bond\n|move|p1a: Tyranitar|Rock Slide|p2b: GF Hunter|[spread] p2a\n|-activate|p2b: GF Hunter|move: Protect\n|-damage|p2a: Smile|0 fnt\n|faint|p2a: Smile\n|-activate|p2a: Smile|move: Destiny Bond\n|faint|p1a: Tyranitar\n|\n|-weather|Sandstorm|[upkeep]\n|-damage|p1b: Dragonite|35\/100|[from] Sandstorm\n|upkeep\n|\n|t:|1726359679\n|switch|p2a: Torapia|Tauros-Paldea-Aqua, L50, M|100\/100\n|switch|p1a: Primarina|Primarina, L50, F|100\/100\n|-ability|p2a: Torapia|Intimidate|boost\n|-unboost|p1a: Primarina|atk|1\n|-unboost|p1b: Dragonite|atk|1\n|turn|7\n|\n|t:|1726359691\n|-terastallize|p2b: GF Hunter|Poison\n|move|p2a: Torapia|Protect|p2a: Torapia\n|-singleturn|p2a: Torapia|Protect\n|move|p1b: Dragonite|Thunder Wave|p2a: Torapia\n|-activate|p2a: Torapia|move: Protect\n|move|p1a: Primarina|Moonblast|p2b: GF Hunter\n|-resisted|p2b: GF Hunter\n|-damage|p2b: GF Hunter|62\/100\n|move|p2b: GF Hunter|Toxic|p1b: Dragonite\n|-status|p1b: Dragonite|tox\n|\n|-weather|Sandstorm|[upkeep]\n|-damage|p1b: Dragonite|29\/100 tox|[from] Sandstorm\n|-damage|p1a: Primarina|95\/100|[from] Sandstorm\n|-damage|p2a: Torapia|94\/100|[from] Sandstorm\n|-damage|p1b: Dragonite|23\/100 tox|[from] psn\n|upkeep\n|turn|8\n|\n|t:|1726359714\n|-terastallize|p1b: Dragonite|Normal\n|move|p1b: Dragonite|Extreme Speed|p2b: GF Hunter\n|-damage|p2b: GF Hunter|48\/100\n|move|p1a: Primarina|Moonblast|p2a: Torapia\n|-supereffective|p2a: Torapia\n|-damage|p2a: Torapia|0 fnt\n|faint|p2a: Torapia\n|move|p2b: GF Hunter|Roost|p2b: GF Hunter\n|-heal|p2b: GF Hunter|98\/100\n|\n|-weather|Sandstorm|[upkeep]\n|-damage|p1b: Dragonite|17\/100 tox|[from] Sandstorm\n|-damage|p1a: Primarina|89\/100|[from] Sandstorm\n|-damage|p1b: Dragonite|5\/100 tox|[from] psn\n|-sideend|p1: Tommytinkle|move: Tailwind\n|upkeep\n|\n|t:|1726359728\n|switch|p2a: King Ghidorah|Hydrapple, L50, F, shiny|100\/100\n|turn|9\n|\n|t:|1726359739\n|move|p2a: King Ghidorah|Protect|p2a: King Ghidorah\n|-singleturn|p2a: King Ghidorah|Protect\n|move|p1b: Dragonite|Extreme Speed|p2a: King Ghidorah\n|-activate|p2a: King Ghidorah|move: Protect\n|move|p2b: GF Hunter|Toxic|p1a: Primarina\n|-status|p1a: Primarina|tox\n|move|p1a: Primarina|Moonblast|p2a: King Ghidorah\n|-activate|p2a: King Ghidorah|move: Protect\n|\n|-weather|Sandstorm|[upkeep]\n|-damage|p1b: Dragonite|0 fnt|[from] Sandstorm\n|-damage|p1a: Primarina|83\/100 tox|[from] Sandstorm\n|-damage|p2a: King Ghidorah|94\/100|[from] Sandstorm\n|faint|p1b: Dragonite\n|-damage|p1a: Primarina|77\/100 tox|[from] psn\n|upkeep\n|turn|10\n|-message|Tommytinkle forfeited.\n|\n|win|Cereales_Testing\n|raw|Tommytinkle's rating: 1698 &rarr; <strong>1675<\/strong><br \/>(-23 for losing)\n|raw|Cereales_Testing's rating: 1642 &rarr; <strong>1665<\/strong><br \/>(+23 for winning)\n|l|\u2606Tommytinkle\n|player|p1|\n|l|\u2606Cereales_Testing\n|player|p2|\n|l| geekaleek\n","uploadtime":1726359933,"views":11,"formatid":"gen9vgc2024regh","rating":1665,"private":0,"password":null}