{"id":"gen9vgc2024regh-2201180360","format":"[Gen 9] VGC 2024 Reg H","players":["rexonagirl","bwahacough"],"log":"|j|\u2606rexonagirl\n|j|\u2606bwahacough\n|t:|1726275369\n|gametype|doubles\n|player|p1|rexonagirl|grimsley-masters|1681\n|player|p2|bwahacough|medium|1757\n|teamsize|p1|6\n|teamsize|p2|6\n|gen|9\n|tier|[Gen 9] VGC 2024 Reg H\n|rated|\n|rule|Species Clause: Limit one of each Pok\u00e9mon\n|rule|Item Clause: Limit 1 of each item\n|clearpoke\n|poke|p1|Archaludon, L50, F|\n|poke|p1|Ursaluna-Bloodmoon, L50, M|\n|poke|p1|Rillaboom, L50, F|\n|poke|p1|Pelipper, L50, M|\n|poke|p1|Palafin, L50, M|\n|poke|p1|Farigiraf, L50, M|\n|poke|p2|Lycanroc, L50, F|\n|poke|p2|Tyranitar, L50, F|\n|poke|p2|Indeedee-F, L50, F|\n|poke|p2|Murkrow, L50, M|\n|poke|p2|Garchomp, L50, F|\n|poke|p2|Gholdengo, L50|\n|teampreview|4\n|inactive|Battle timer is ON: inactive players will automatically lose when time's up. (requested by rexonagirl)\n|j| webern enjoyer\n|j| The_Beast1440\n|inactive|rexonagirl has 60 seconds left.\n|j| strikesuitzero\n|\n|t:|1726275428\n|start\n|switch|p1a: Palafin|Palafin, L50, M|100\/100\n|switch|p1b: Rillaboom|Rillaboom, L50, F|100\/100\n|switch|p2a: Lycanroc|Lycanroc, L50, F, shiny|100\/100\n|switch|p2b: Tyranitar|Tyranitar, L50, F|100\/100\n|-weather|Sandstorm|[from] ability: Sand Stream|[of] p2b: Tyranitar\n|-fieldstart|move: Grassy Terrain|[from] ability: Grassy Surge|[of] p1b: Rillaboom\n|turn|1\n|\n|t:|1726275437\n|detailschange|p1a: Palafin|Palafin-Hero, L50, M\n|switch|p1a: Archaludon|Archaludon, L50, F, shiny|100\/100\n|-terastallize|p2b: Tyranitar|Flying\n|move|p1b: Rillaboom|Fake Out|p2a: Lycanroc\n|-resisted|p2a: Lycanroc\n|-damage|p2a: Lycanroc|88\/100\n|cant|p2a: Lycanroc|flinch\n|move|p2b: Tyranitar|Tera Blast|p1b: Rillaboom|[anim] Tera Blast Flying\n|-supereffective|p1b: Rillaboom\n|-damage|p1b: Rillaboom|18\/100\n|\n|-weather|Sandstorm|[upkeep]\n|-damage|p2b: Tyranitar|95\/100|[from] Sandstorm\n|-damage|p1b: Rillaboom|13\/100|[from] Sandstorm\n|-heal|p2a: Lycanroc|94\/100|[from] Grassy Terrain\n|-heal|p1b: Rillaboom|18\/100|[from] Grassy Terrain\n|upkeep\n|turn|2\n|\n|t:|1726275454\n|switch|p1b: Pelipper|Pelipper, L50, M|100\/100\n|-weather|RainDance|[from] ability: Drizzle|[of] p1b: Pelipper\n|move|p2a: Lycanroc|Protect|p2a: Lycanroc\n|-singleturn|p2a: Lycanroc|Protect\n|move|p1a: Archaludon|Electro Shot||[still]\n|-prepare|p1a: Archaludon|Electro Shot\n|-boost|p1a: Archaludon|spa|1\n|-anim|p1a: Archaludon|Electro Shot|p2b: Tyranitar\n|-supereffective|p2b: Tyranitar\n|-damage|p2b: Tyranitar|30\/100\n|move|p2b: Tyranitar|Knock Off|p1a: Archaludon\n|-damage|p1a: Archaludon|58\/100\n|-ability|p1a: Archaludon|Stamina|boost\n|-boost|p1a: Archaludon|def|1\n|-enditem|p1a: Archaludon|Assault Vest|[from] move: Knock Off|[of] p2b: Tyranitar\n|\n|-weather|RainDance|[upkeep]\n|-heal|p2a: Lycanroc|99\/100|[from] Grassy Terrain\n|-heal|p1a: Archaludon|64\/100|[from] Grassy Terrain\n|upkeep\n|turn|3\n|\n|t:|1726275473\n|move|p2a: Lycanroc|Rock Slide|p1b: Pelipper|[spread] p1a,p1b\n|-resisted|p1a: Archaludon\n|-supereffective|p1b: Pelipper\n|-damage|p1a: Archaludon|57\/100\n|-damage|p1b: Pelipper|19\/100\n|-ability|p1a: Archaludon|Stamina|boost\n|-boost|p1a: Archaludon|def|1\n|move|p1b: Pelipper|Tailwind|p1b: Pelipper\n|-sidestart|p1: rexonagirl|move: Tailwind\n|move|p1a: Archaludon|Electro Shot||[still]\n|-prepare|p1a: Archaludon|Electro Shot\n|-boost|p1a: Archaludon|spa|1\n|-anim|p1a: Archaludon|Electro Shot|p2b: Tyranitar\n|-supereffective|p2b: Tyranitar\n|-damage|p2b: Tyranitar|0 fnt\n|faint|p2b: Tyranitar\n|\n|-weather|RainDance|[upkeep]\n|-heal|p1a: Archaludon|63\/100|[from] Grassy Terrain\n|-heal|p2a: Lycanroc|100\/100|[from] Grassy Terrain\n|upkeep\n|\n|t:|1726275477\n|switch|p2b: Indeedee|Indeedee-F, L50, F, shiny|100\/100\n|-fieldstart|move: Psychic Terrain|[from] ability: Psychic Surge|[of] p2b: Indeedee\n|turn|4\n|\n|t:|1726275496\n|move|p2a: Lycanroc|Protect|p2a: Lycanroc\n|-singleturn|p2a: Lycanroc|Protect\n|move|p2b: Indeedee|Protect|p2b: Indeedee\n|-singleturn|p2b: Indeedee|Protect\n|move|p1b: Pelipper|Hurricane|p2b: Indeedee\n|-activate|p2b: Indeedee|move: Protect\n|move|p1a: Archaludon|Electro Shot||[still]\n|-prepare|p1a: Archaludon|Electro Shot\n|-boost|p1a: Archaludon|spa|1\n|-anim|p1a: Archaludon|Electro Shot|p2b: Indeedee\n|-activate|p2b: Indeedee|move: Protect\n|\n|-weather|RainDance|[upkeep]\n|upkeep\n|turn|5\n|\n|t:|1726275514\n|switch|p1b: Rillaboom|Rillaboom, L50, F|18\/100\n|-fieldstart|move: Grassy Terrain|[from] ability: Grassy Surge|[of] p1b: Rillaboom\n|move|p1a: Archaludon|Draco Meteor|p2b: Indeedee|[miss]\n|-miss|p1a: Archaludon|p2b: Indeedee\n|move|p2a: Lycanroc|Rock Slide|p1b: Rillaboom|[spread] p1a,p1b\n|-resisted|p1a: Archaludon\n|-damage|p1a: Archaludon|58\/100\n|-damage|p1b: Rillaboom|0 fnt\n|-ability|p1a: Archaludon|Stamina|boost\n|-boost|p1a: Archaludon|def|1\n|faint|p1b: Rillaboom\n|move|p2b: Indeedee|Dazzling Gleam|p1a: Archaludon\n|-damage|p1a: Archaludon|39\/100\n|-ability|p1a: Archaludon|Stamina|boost\n|-boost|p1a: Archaludon|def|1\n|\n|-weather|RainDance|[upkeep]\n|-heal|p1a: Archaludon|45\/100|[from] Grassy Terrain\n|upkeep\n|\n|t:|1726275527\n|switch|p1b: Pelipper|Pelipper, L50, M|19\/100\n|turn|6\n|\n|t:|1726275540\n|move|p2a: Lycanroc|Protect|p2a: Lycanroc\n|-singleturn|p2a: Lycanroc|Protect\n|move|p2b: Indeedee|Protect|p2b: Indeedee\n|-singleturn|p2b: Indeedee|Protect\n|move|p1b: Pelipper|Wide Guard|p1b: Pelipper\n|-singleturn|p1b: Pelipper|Wide Guard\n|move|p1a: Archaludon|Electro Shot||[still]\n|-prepare|p1a: Archaludon|Electro Shot\n|-boost|p1a: Archaludon|spa|1\n|-anim|p1a: Archaludon|Electro Shot|p2b: Indeedee\n|-activate|p2b: Indeedee|move: Protect\n|\n|-weather|none\n|-heal|p1a: Archaludon|51\/100|[from] Grassy Terrain\n|-sideend|p1: rexonagirl|move: Tailwind\n|upkeep\n|turn|7\n|inactive|bwahacough has 30 seconds left.\n|inactive|rexonagirl has 30 seconds left.\n|\n|t:|1726275585\n|switch|p1b: Palafin|Palafin-Hero, L50, M|100\/100\n|-activate|p1b: Palafin|ability: Zero to Hero\n|move|p2a: Lycanroc|Close Combat|p1b: Palafin\n|-damage|p1b: Palafin|66\/100\n|-unboost|p2a: Lycanroc|def|1\n|-unboost|p2a: Lycanroc|spd|1\n|move|p2b: Indeedee|Dazzling Gleam|p1a: Archaludon|[spread] p1a,p1b\n|-crit|p1a: Archaludon\n|-damage|p1a: Archaludon|32\/100\n|-damage|p1b: Palafin|52\/100\n|-ability|p1a: Archaludon|Stamina|boost\n|-boost|p1a: Archaludon|def|1\n|move|p1a: Archaludon|Flash Cannon|p2b: Indeedee\n|-damage|p2b: Indeedee|0 fnt\n|faint|p2b: Indeedee\n|\n|-heal|p1b: Palafin|58\/100|[from] Grassy Terrain\n|-heal|p1a: Archaludon|38\/100|[from] Grassy Terrain\n|upkeep\n|\n|t:|1726275606\n|switch|p2b: Gholdengo|Gholdengo, L50|100\/100\n|turn|8\n|inactive|rexonagirl has 30 seconds left.\n|inactive|rexonagirl has 20 seconds left.\n|\n|t:|1726275642\n|switch|p1a: Pelipper|Pelipper, L50, M|19\/100\n|-weather|RainDance|[from] ability: Drizzle|[of] p1a: Pelipper\n|-terastallize|p1b: Palafin|Water\n|move|p2b: Gholdengo|Protect|p2b: Gholdengo\n|-singleturn|p2b: Gholdengo|Protect\n|move|p1b: Palafin|Jet Punch|p2b: Gholdengo\n|-activate|p2b: Gholdengo|move: Protect\n|move|p2a: Lycanroc|Bulldoze|p1b: Palafin|[spread] p1b\n|-activate|p2b: Gholdengo|move: Protect\n|-immune|p1a: Pelipper\n|-damage|p1b: Palafin|51\/100\n|-unboost|p1b: Palafin|spe|1\n|\n|-weather|RainDance|[upkeep]\n|-heal|p1b: Palafin|57\/100|[from] Grassy Terrain\n|upkeep\n|turn|9\n|\n|t:|1726275658\n|move|p1a: Pelipper|Wide Guard|p1a: Pelipper\n|-singleturn|p1a: Pelipper|Wide Guard\n|move|p1b: Palafin|Jet Punch|p2b: Gholdengo\n|-damage|p2b: Gholdengo|0 fnt\n|faint|p2b: Gholdengo\n|move|p2a: Lycanroc|Close Combat|p1a: Pelipper\n|-resisted|p1a: Pelipper\n|-damage|p1a: Pelipper|0 fnt\n|-unboost|p2a: Lycanroc|def|1\n|-unboost|p2a: Lycanroc|spd|1\n|faint|p1a: Pelipper\n|\n|-weather|RainDance|[upkeep]\n|-heal|p1b: Palafin|62\/100|[from] Grassy Terrain\n|-fieldend|move: Grassy Terrain\n|upkeep\n|\n|t:|1726275665\n|switch|p1a: Archaludon|Archaludon, L50, F, shiny|38\/100\n|turn|10\n|\n|t:|1726275668\n|move|p2a: Lycanroc|Protect|p2a: Lycanroc\n|-singleturn|p2a: Lycanroc|Protect\n|move|p1b: Palafin|Jet Punch|p2a: Lycanroc\n|-activate|p2a: Lycanroc|move: Protect\n|move|p1a: Archaludon|Flash Cannon|p2a: Lycanroc\n|-activate|p2a: Lycanroc|move: Protect\n|\n|-weather|RainDance|[upkeep]\n|upkeep\n|turn|11\n|\n|t:|1726275677\n|move|p1b: Palafin|Jet Punch|p2a: Lycanroc\n|-supereffective|p2a: Lycanroc\n|-enditem|p2a: Lycanroc|Focus Sash\n|-damage|p2a: Lycanroc|1\/100\n|move|p2a: Lycanroc|Close Combat|p1b: Palafin\n|-damage|p1b: Palafin|28\/100\n|-unboost|p2a: Lycanroc|def|1\n|-unboost|p2a: Lycanroc|spd|1\n|move|p1a: Archaludon|Flash Cannon|p2a: Lycanroc\n|-supereffective|p2a: Lycanroc\n|-damage|p2a: Lycanroc|0 fnt\n|faint|p2a: Lycanroc\n|\n|win|rexonagirl\n|raw|rexonagirl's rating: 1681 &rarr; <strong>1705<\/strong><br \/>(+24 for winning)\n|raw|bwahacough's rating: 1743 &rarr; <strong>1719<\/strong><br \/>(-24 for losing)\n|l|\u2606bwahacough\n|player|p2|\n|l| strikesuitzero\n","uploadtime":1726275817,"views":47,"formatid":"gen9vgc2024regh","rating":1705,"private":0,"password":null}