{"id":"gen9vgc2024regh-2201169673","format":"[Gen 9] VGC 2024 Reg H","players":["bwahacough","HappyDuckJJ"],"log":"|j|\u2606bwahacough\n|j|\u2606HappyDuckJJ\n|t:|1726273998\n|gametype|doubles\n|player|p1|bwahacough|medium|1742\n|player|p2|HappyDuckJJ|ash|1652\n|teamsize|p1|6\n|teamsize|p2|6\n|gen|9\n|tier|[Gen 9] VGC 2024 Reg H\n|rated|\n|rule|Species Clause: Limit one of each Pok\u00e9mon\n|rule|Item Clause: Limit 1 of each item\n|clearpoke\n|poke|p1|Lycanroc, L50, F|\n|poke|p1|Tyranitar, L50, F|\n|poke|p1|Indeedee-F, L50, F|\n|poke|p1|Murkrow, L50, M|\n|poke|p1|Garchomp, L50, F|\n|poke|p1|Gholdengo, L50|\n|poke|p2|Glimmora, L50, F|\n|poke|p2|Dragonite, L50, F|\n|poke|p2|Dondozo, L50, F|\n|poke|p2|Tatsugiri, L50, M|\n|poke|p2|Gengar, L50, F|\n|poke|p2|Sylveon, L50, M|\n|teampreview|4\n|\n|t:|1726274012\n|start\n|switch|p1a: Lycanroc|Lycanroc, L50, F, shiny|100\/100\n|switch|p1b: Tyranitar|Tyranitar, L50, F|100\/100\n|switch|p2a: Glimmora|Glimmora, L50, F, shiny|100\/100\n|switch|p2b: Dragonite|Dragonite, L50, F, shiny|100\/100\n|-weather|Sandstorm|[from] ability: Sand Stream|[of] p1b: Tyranitar\n|turn|1\n|\n|t:|1726274044\n|-terastallize|p2a: Glimmora|Grass\n|move|p1a: Lycanroc|Protect|p1a: Lycanroc\n|-singleturn|p1a: Lycanroc|Protect\n|move|p2a: Glimmora|Mortal Spin|p1b: Tyranitar|[spread] p1b\n|-activate|p1a: Lycanroc|move: Protect\n|-resisted|p1b: Tyranitar\n|-damage|p1b: Tyranitar|99\/100\n|-status|p1b: Tyranitar|psn\n|move|p2b: Dragonite|Earthquake|p1b: Tyranitar|[spread] p2a,p1b\n|-activate|p1a: Lycanroc|move: Protect\n|-resisted|p2a: Glimmora\n|-supereffective|p1b: Tyranitar\n|-damage|p2a: Glimmora|84\/100\n|-damage|p1b: Tyranitar|28\/100 psn\n|-activate|p2a: Glimmora|ability: Toxic Debris\n|-sidestart|p1: bwahacough|move: Toxic Spikes\n|move|p1b: Tyranitar|Rock Slide|p2b: Dragonite|[spread] p2a\n|-miss|p1b: Tyranitar|p2b: Dragonite\n|-damage|p2a: Glimmora|56\/100\n|-activate|p2a: Glimmora|ability: Toxic Debris\n|-sidestart|p1: bwahacough|move: Toxic Spikes\n|\n|-weather|Sandstorm|[upkeep]\n|-damage|p2a: Glimmora|50\/100|[from] Sandstorm\n|-damage|p2b: Dragonite|94\/100|[from] Sandstorm\n|-damage|p1b: Tyranitar|16\/100 psn|[from] psn\n|upkeep\n|turn|2\n|\n|t:|1726274057\n|switch|p2b: Dondozo|Dondozo, L50, F|100\/100\n|switch|p1b: Murkrow|Murkrow, L50, M|100\/100\n|move|p1a: Lycanroc|Rock Slide|p2a: Glimmora|[spread] p2a,p2b\n|-damage|p2a: Glimmora|27\/100\n|-damage|p2b: Dondozo|79\/100\n|move|p2a: Glimmora|Mortal Spin|p1b: Murkrow|[spread] p1a,p1b\n|-resisted|p1a: Lycanroc\n|-damage|p1a: Lycanroc|96\/100\n|-damage|p1b: Murkrow|95\/100\n|-status|p1a: Lycanroc|psn\n|-status|p1b: Murkrow|psn\n|\n|-weather|Sandstorm|[upkeep]\n|-damage|p2a: Glimmora|21\/100|[from] Sandstorm\n|-damage|p1b: Murkrow|89\/100 psn|[from] Sandstorm\n|-damage|p2b: Dondozo|73\/100|[from] Sandstorm\n|-heal|p2b: Dondozo|79\/100|[from] item: Leftovers\n|-damage|p1a: Lycanroc|84\/100 psn|[from] psn\n|-damage|p1b: Murkrow|77\/100 psn|[from] psn\n|upkeep\n|turn|3\n|\n|t:|1726274072\n|move|p2b: Dondozo|Protect|p2b: Dondozo\n|-singleturn|p2b: Dondozo|Protect\n|move|p1b: Murkrow|Screech|p2b: Dondozo\n|-activate|p2b: Dondozo|move: Protect\n|move|p1a: Lycanroc|Rock Slide|p2a: Glimmora|[spread] p2a\n|-activate|p2b: Dondozo|move: Protect\n|-damage|p2a: Glimmora|0 fnt\n|faint|p2a: Glimmora\n|\n|-weather|Sandstorm|[upkeep]\n|-damage|p1b: Murkrow|71\/100 psn|[from] Sandstorm\n|-damage|p2b: Dondozo|73\/100|[from] Sandstorm\n|-heal|p2b: Dondozo|79\/100|[from] item: Leftovers\n|-damage|p1a: Lycanroc|72\/100 psn|[from] psn\n|-damage|p1b: Murkrow|59\/100 psn|[from] psn\n|upkeep\n|\n|t:|1726274080\n|switch|p2a: Dragonite|Dragonite, L50, F, shiny|94\/100\n|turn|4\n|\n|t:|1726274091\n|switch|p1b: Tyranitar|Tyranitar, L50, F|16\/100 psn\n|move|p2a: Dragonite|Extreme Speed|p1b: Tyranitar\n|-resisted|p1b: Tyranitar\n|-damage|p1b: Tyranitar|0 fnt\n|faint|p1b: Tyranitar\n|move|p1a: Lycanroc|Rock Slide|p2a: Dragonite|[spread] p2a,p2b\n|-supereffective|p2a: Dragonite\n|-damage|p2a: Dragonite|40\/100\n|-damage|p2b: Dondozo|60\/100\n|move|p2b: Dondozo|Wave Crash|p1a: Lycanroc\n|-supereffective|p1a: Lycanroc\n|-damage|p1a: Lycanroc|0 fnt\n|faint|p1a: Lycanroc\n|-damage|p2b: Dondozo|44\/100|[from] Recoil\n|\n|-weather|Sandstorm|[upkeep]\n|-damage|p2a: Dragonite|34\/100|[from] Sandstorm\n|-damage|p2b: Dondozo|38\/100|[from] Sandstorm\n|-heal|p2b: Dondozo|44\/100|[from] item: Leftovers\n|upkeep\n|\n|t:|1726274093\n|switch|p1a: Murkrow|Murkrow, L50, M|59\/100 psn\n|switch|p1b: Garchomp|Garchomp, L50, F, shiny|100\/100\n|-status|p1b: Garchomp|tox\n|turn|5\n|\n|t:|1726274101\n|-terastallize|p1a: Murkrow|Ghost\n|move|p2b: Dondozo|Protect|p2b: Dondozo\n|-singleturn|p2b: Dondozo|Protect\n|move|p2a: Dragonite|Extreme Speed|p1a: Murkrow\n|-immune|p1a: Murkrow\n|move|p1b: Garchomp|Breaking Swipe|p2a: Dragonite|[spread] p2a\n|-activate|p2b: Dondozo|move: Protect\n|-supereffective|p2a: Dragonite\n|-crit|p2a: Dragonite\n|-damage|p2a: Dragonite|0 fnt\n|faint|p2a: Dragonite\n|move|p1a: Murkrow|Foul Play|p2b: Dondozo\n|-activate|p2b: Dondozo|move: Protect\n|\n|-weather|none\n|-heal|p2b: Dondozo|50\/100|[from] item: Leftovers\n|-damage|p1b: Garchomp|95\/100 tox|[from] psn\n|-damage|p1a: Murkrow|47\/100 psn|[from] psn\n|upkeep\n|\n|t:|1726274103\n|switch|p2a: Tatsugiri|Tatsugiri, L50, M|100\/100\n|-activate|p2a: Tatsugiri|ability: Commander|[of] p2b: Dondozo\n|-boost|p2b: Dondozo|atk|2\n|-boost|p2b: Dondozo|spa|2\n|-boost|p2b: Dondozo|spe|2\n|-boost|p2b: Dondozo|def|2\n|-boost|p2b: Dondozo|spd|2\n|turn|6\n|\n|t:|1726274107\n|move|p1a: Murkrow|Haze|p1a: Murkrow\n|-clearallboost\n|move|p1b: Garchomp|Breaking Swipe|p2b: Dondozo|[spread] p2b\n|-miss|p1b: Garchomp|p2a: Tatsugiri\n|-damage|p2b: Dondozo|32\/100\n|-unboost|p2b: Dondozo|atk|1\n|move|p2b: Dondozo|Order Up|p1b: Garchomp\n|-supereffective|p1b: Garchomp\n|-damage|p1b: Garchomp|66\/100 tox\n|-boost|p2b: Dondozo|atk|1\n|\n|-heal|p2b: Dondozo|39\/100|[from] item: Leftovers\n|-damage|p1b: Garchomp|54\/100 tox|[from] psn\n|-damage|p1a: Murkrow|35\/100 psn|[from] psn\n|upkeep\n|turn|7\n|\n|t:|1726274118\n|move|p2b: Dondozo|Protect|p2b: Dondozo\n|-singleturn|p2b: Dondozo|Protect\n|move|p1a: Murkrow|Screech|p2b: Dondozo\n|-activate|p2b: Dondozo|move: Protect\n|move|p1b: Garchomp|Earthquake|p2a: Tatsugiri|[spread] p1a\n|-miss|p1b: Garchomp|p2a: Tatsugiri\n|-activate|p2b: Dondozo|move: Protect\n|-damage|p1a: Murkrow|0 fnt\n|faint|p1a: Murkrow\n|\n|-heal|p2b: Dondozo|45\/100|[from] item: Leftovers\n|-damage|p1b: Garchomp|36\/100 tox|[from] psn\n|upkeep\n|turn|8\n|\n|t:|1726274125\n|move|p1b: Garchomp|Earthquake|p2b: Dondozo|[spread] p2b\n|-miss|p1b: Garchomp|p2a: Tatsugiri\n|-damage|p2b: Dondozo|15\/100\n|move|p2b: Dondozo|Order Up|p1b: Garchomp\n|-supereffective|p1b: Garchomp\n|-damage|p1b: Garchomp|0 fnt\n|faint|p1b: Garchomp\n|\n|win|HappyDuckJJ\n|raw|bwahacough's rating: 1716 &rarr; <strong>1692<\/strong><br \/>(-24 for losing)\n|raw|HappyDuckJJ's rating: 1652 &rarr; <strong>1676<\/strong><br \/>(+24 for winning)\n|l|\u2606bwahacough\n|player|p1|\n|l|\u2606HappyDuckJJ\n|player|p2|\n","uploadtime":1726274318,"views":18,"formatid":"gen9vgc2024regh","rating":1676,"private":0,"password":null}