{"id":"gen9vgc2024regh-2202840697","format":"[Gen 9] VGC 2024 Reg H","players":["mine_hang","Boby maltezer"],"log":"|j|\u2606mine_hang\n|j|\u2606Boby maltezer\n|t:|1726497042\n|gametype|doubles\n|player|p1|mine_hang|170|1710\n|player|p2|Boby maltezer|170|1680\n|teamsize|p1|6\n|teamsize|p2|6\n|gen|9\n|tier|[Gen 9] VGC 2024 Reg H\n|rated|\n|rule|Species Clause: Limit one of each Pok\u00e9mon\n|rule|Item Clause: Limit 1 of each item\n|clearpoke\n|poke|p1|Indeedee-F, L50, F|\n|poke|p1|Pelipper, L50, F|\n|poke|p1|Archaludon, L50, F|\n|poke|p1|Primarina, L50, M|\n|poke|p1|Gallade, L50, M|\n|poke|p1|Armarouge, L50, F|\n|poke|p2|Volcarona, L50, M|\n|poke|p2|Tauros-Paldea-Aqua, L50, M|\n|poke|p2|Rillaboom, L50, M|\n|poke|p2|Clefable, L50, F|\n|poke|p2|Kingambit, L50, M|\n|poke|p2|Dragapult, L50, F|\n|teampreview|4\n|j| Rabbithorn01\n|inactive|Battle timer is ON: inactive players will automatically lose when time's up. (requested by mine_hang)\n|\n|t:|1726497085\n|start\n|switch|p1a: Indeedee|Indeedee-F, L50, F|100\/100\n|switch|p1b: Gallade|Gallade, L50, M|100\/100\n|switch|p2a: Clefable|Clefable, L50, F, shiny|100\/100\n|switch|p2b: Dragapult|Dragapult, L50, F|100\/100\n|-fieldstart|move: Psychic Terrain|[from] ability: Psychic Surge|[of] p1a: Indeedee\n|turn|1\n|inactive|Boby maltezer has 30 seconds left.\n|\n|t:|1726497113\n|move|p1a: Indeedee|Follow Me|p1a: Indeedee\n|-singleturn|p1a: Indeedee|move: Follow Me\n|move|p2b: Dragapult|U-turn|p1a: Indeedee\n|-supereffective|p1a: Indeedee\n|-damage|p1a: Indeedee|28\/100\n|\n|t:|1726497117\n|switch|p2b: Rillaboom|Rillaboom, L50, M, shiny|100\/100|[from] U-turn\n|-fieldstart|move: Grassy Terrain|[from] ability: Grassy Surge|[of] p2b: Rillaboom\n|move|p1b: Gallade|Psycho Cut|p2a: Clefable\n|-damage|p2a: Clefable|50\/100\n|-enditem|p2a: Clefable|Sitrus Berry|[eat]\n|-heal|p2a: Clefable|75\/100|[from] item: Sitrus Berry\n|move|p2a: Clefable|Moonblast|p1a: Indeedee\n|-damage|p1a: Indeedee|0 fnt\n|faint|p1a: Indeedee\n|\n|-heal|p2a: Clefable|82\/100|[from] Grassy Terrain\n|upkeep\n|\n|t:|1726497137\n|switch|p1a: Armarouge|Armarouge, L50, F|100\/100\n|turn|2\n|\n|t:|1726497148\n|move|p2b: Rillaboom|Fake Out|p1a: Armarouge\n|-damage|p1a: Armarouge|83\/100\n|-ability|p1a: Armarouge|Weak Armor|boost\n|-unboost|p1a: Armarouge|def|1\n|-boost|p1a: Armarouge|spe|2\n|cant|p1a: Armarouge|flinch\n|move|p1b: Gallade|Psycho Cut|p2a: Clefable\n|-damage|p2a: Clefable|33\/100\n|move|p2a: Clefable|Moonblast|p1b: Gallade\n|-supereffective|p1b: Gallade\n|-damage|p1b: Gallade|30\/100\n|\n|-heal|p1a: Armarouge|89\/100|[from] Grassy Terrain\n|-heal|p1b: Gallade|36\/100|[from] Grassy Terrain\n|-heal|p2a: Clefable|40\/100|[from] Grassy Terrain\n|upkeep\n|turn|3\n|\n|t:|1726497173\n|-terastallize|p2b: Rillaboom|Fire\n|move|p2a: Clefable|Protect|p2a: Clefable\n|-singleturn|p2a: Clefable|Protect\n|move|p1a: Armarouge|Heat Wave|p2a: Clefable|[spread] p2b\n|-activate|p2a: Clefable|move: Protect\n|-resisted|p2b: Rillaboom\n|-damage|p2b: Rillaboom|85\/100\n|move|p1b: Gallade|Psycho Cut|p2a: Clefable\n|-activate|p2a: Clefable|move: Protect\n|move|p2b: Rillaboom|Wood Hammer|p1a: Armarouge\n|-resisted|p1a: Armarouge\n|-damage|p1a: Armarouge|20\/100\n|-ability|p1a: Armarouge|Weak Armor|boost\n|-unboost|p1a: Armarouge|def|1\n|-boost|p1a: Armarouge|spe|2\n|-damage|p2b: Rillaboom|66\/100|[from] Recoil\n|\n|-heal|p1a: Armarouge|27\/100|[from] Grassy Terrain\n|-heal|p1b: Gallade|42\/100|[from] Grassy Terrain\n|-heal|p2b: Rillaboom|73\/100|[from] Grassy Terrain\n|-heal|p2a: Clefable|46\/100|[from] Grassy Terrain\n|upkeep\n|turn|4\n|inactive|mine_hang has 30 seconds left.\n|inactive|Boby maltezer has 30 seconds left.\n|\n|t:|1726497204\n|move|p2b: Rillaboom|Grassy Glide|p1a: Armarouge\n|-resisted|p1a: Armarouge\n|-damage|p1a: Armarouge|0 fnt\n|faint|p1a: Armarouge\n|move|p1b: Gallade|Psycho Cut|p2a: Clefable\n|-damage|p2a: Clefable|0 fnt\n|faint|p2a: Clefable\n|\n|-heal|p1b: Gallade|48\/100|[from] Grassy Terrain\n|-heal|p2b: Rillaboom|79\/100|[from] Grassy Terrain\n|upkeep\n|\n|t:|1726497219\n|switch|p1a: Primarina|Primarina, L50, M|100\/100\n|switch|p2a: Dragapult|Dragapult, L50, F|100\/100\n|turn|5\n|\n|t:|1726497233\n|-terastallize|p1a: Primarina|Grass\n|move|p2b: Rillaboom|Grassy Glide|p1b: Gallade\n|-damage|p1b: Gallade|0 fnt\n|faint|p1b: Gallade\n|move|p2a: Dragapult|Phantom Force||[still]\n|-prepare|p2a: Dragapult|Phantom Force\n|move|p1a: Primarina|Hyper Voice|p2a: Dragapult|[spread] p2b\n|-miss|p1a: Primarina|p2a: Dragapult\n|-supereffective|p2b: Rillaboom\n|-damage|p2b: Rillaboom|20\/100\n|\n|-heal|p2b: Rillaboom|26\/100|[from] Grassy Terrain\n|-fieldend|move: Grassy Terrain\n|upkeep\n|turn|6\n|j| ollcat\n|\n|t:|1726497250\n|move|p2a: Dragapult|Phantom Force|p1a: Primarina|[from]lockedmove\n|-damage|p1a: Primarina|13\/100\n|-enditem|p1a: Primarina|Sitrus Berry|[eat]\n|-heal|p1a: Primarina|38\/100|[from] item: Sitrus Berry\n|move|p2b: Rillaboom|U-turn|p1a: Primarina\n|-supereffective|p1a: Primarina\n|-damage|p1a: Primarina|0 fnt\n|faint|p1a: Primarina\n|\n|win|Boby maltezer\n|raw|mine_hang's rating: 1710 &rarr; <strong>1688<\/strong><br \/>(-22 for losing)\n|raw|Boby maltezer's rating: 1680 &rarr; <strong>1702<\/strong><br \/>(+22 for winning)\n|l|\u2606mine_hang\n|player|p1|\n|l|\u2606Boby maltezer\n|player|p2|\n","uploadtime":1726497352,"views":17,"formatid":"gen9vgc2024regh","rating":1688,"private":0,"password":null}