{"id":"gen9vgc2024regh-2202848508","format":"[Gen 9] VGC 2024 Reg H","players":["randy.zhang2023","CarryTheBoats"],"log":"|j|\u2606randy.zhang2023\n|j|\u2606CarryTheBoats\n|t:|1726497736\n|gametype|doubles\n|player|p1|randy.zhang2023|169|1687\n|player|p2|CarryTheBoats|crasherwake|1748\n|teamsize|p1|6\n|teamsize|p2|6\n|gen|9\n|tier|[Gen 9] VGC 2024 Reg H\n|rated|\n|rule|Species Clause: Limit one of each Pok\u00e9mon\n|rule|Item Clause: Limit 1 of each item\n|clearpoke\n|poke|p1|Torkoal, L50, F|\n|poke|p1|Exeggutor, L50, M|\n|poke|p1|Indeedee-F, L50, F|\n|poke|p1|Hatterene, L50, F|\n|poke|p1|Gallade, L50, M|\n|poke|p1|Maushold-Four, L50|\n|poke|p2|Kingambit, L50, M|\n|poke|p2|Salamence, L50, F|\n|poke|p2|Archaludon, L50, M|\n|poke|p2|Pelipper, L50, M|\n|poke|p2|Basculegion, L50, M|\n|poke|p2|Amoonguss, L50, F|\n|teampreview|4\n|inactive|Battle timer is ON: inactive players will automatically lose when time's up. (requested by randy.zhang2023)\n|\n|t:|1726497781\n|start\n|switch|p1a: Indeedee|Indeedee-F, L50, F|100\/100\n|switch|p1b: Gallade|Gallade, L50, M|100\/100\n|switch|p2a: Pelipper|Pelipper, L50, M|100\/100\n|switch|p2b: Basculegion|Basculegion, L50, M|100\/100\n|-weather|RainDance|[from] ability: Drizzle|[of] p2a: Pelipper\n|-fieldstart|move: Psychic Terrain|[from] ability: Psychic Surge|[of] p1a: Indeedee\n|turn|1\n|\n|t:|1726497800\n|-terastallize|p1b: Gallade|Steel\n|move|p1a: Indeedee|Follow Me|p1a: Indeedee\n|-singleturn|p1a: Indeedee|move: Follow Me\n|move|p2b: Basculegion|Wave Crash|p1a: Indeedee\n|-damage|p1a: Indeedee|0 fnt\n|faint|p1a: Indeedee\n|-damage|p2b: Basculegion|71\/100|[from] Recoil\n|move|p2a: Pelipper|Hurricane|p1b: Gallade\n|-resisted|p1b: Gallade\n|-damage|p1b: Gallade|78\/100\n|move|p1b: Gallade|Trick Room|p1b: Gallade\n|-fieldstart|move: Trick Room|[of] p1b: Gallade\n|\n|-weather|RainDance|[upkeep]\n|upkeep\n|\n|t:|1726497814\n|switch|p1a: Hatterene|Hatterene, L50, F|100\/100\n|turn|2\n|\n|t:|1726497828\n|move|p2a: Pelipper|Wide Guard|p2a: Pelipper\n|-singleturn|p2a: Pelipper|Wide Guard\n|move|p1a: Hatterene|Expanding Force|p2b: Basculegion|[spread] \n|-activate|p2a: Pelipper|move: Wide Guard\n|-activate|p2b: Basculegion|move: Wide Guard\n|move|p1b: Gallade|Psycho Cut|p2b: Basculegion\n|-crit|p2b: Basculegion\n|-damage|p2b: Basculegion|0 fnt\n|faint|p2b: Basculegion\n|\n|-weather|RainDance|[upkeep]\n|upkeep\n|\n|t:|1726497838\n|switch|p2b: Archaludon|Archaludon, L50, M|100\/100\n|turn|3\n|\n|t:|1726497849\n|move|p2a: Pelipper|Wide Guard|p2a: Pelipper\n|-singleturn|p2a: Pelipper|Wide Guard\n|move|p1a: Hatterene|Shadow Ball|p2b: Archaludon\n|-damage|p2b: Archaludon|36\/100\n|-damage|p1a: Hatterene|91\/100|[from] item: Life Orb\n|move|p1b: Gallade|Sacred Sword|p2b: Archaludon\n|-supereffective|p2b: Archaludon\n|-damage|p2b: Archaludon|0 fnt\n|faint|p2b: Archaludon\n|\n|-weather|RainDance|[upkeep]\n|upkeep\n|\n|t:|1726497854\n|switch|p2b: Salamence|Salamence, L50, F, shiny|100\/100\n|-ability|p2b: Salamence|Intimidate|boost\n|-unboost|p1a: Hatterene|atk|1\n|-fail|p1b: Gallade|unboost|[from] item: Clear Amulet|[of] p1b: Gallade\n|turn|4\n|inactive|CarryTheBoats has 30 seconds left.\n|\n|t:|1726497884\n|-terastallize|p2b: Salamence|Steel\n|move|p1a: Hatterene|Shadow Ball|p2a: Pelipper\n|-crit|p2a: Pelipper\n|-enditem|p2a: Pelipper|Focus Sash\n|-damage|p2a: Pelipper|1\/100\n|-damage|p1a: Hatterene|82\/100|[from] item: Life Orb\n|move|p1b: Gallade|Psycho Cut|p2a: Pelipper\n|-damage|p2a: Pelipper|0 fnt\n|faint|p2a: Pelipper\n|move|p2b: Salamence|Air Slash|p1a: Hatterene\n|-damage|p1a: Hatterene|42\/100\n|\n|-weather|RainDance|[upkeep]\n|upkeep\n|turn|5\n|j| Rabbithorn01\n|c|\u2606randy.zhang2023|gg\n|-message|CarryTheBoats forfeited.\n|\n|win|randy.zhang2023\n|raw|randy.zhang2023's rating: 1687 &rarr; <strong>1710<\/strong><br \/>(+23 for winning)\n|raw|CarryTheBoats's rating: 1748 &rarr; <strong>1725<\/strong><br \/>(-23 for losing)\n|l|\u2606CarryTheBoats\n|player|p2|\n","uploadtime":1726497951,"views":30,"formatid":"gen9vgc2024regh","rating":1710,"private":0,"password":null}