{"id":"gen9vgc2024regh-2202464660","format":"[Gen 9] VGC 2024 Reg H","players":["CarryTheBoats","SeaWolfMikess"],"log":"|badge|p2|bronze|gen9doublesou|100-2\n|uhtml|medal-msg|<div class=\"broadcast-blue\">Curious what those medals under the avatar are? PS now has Ladder Seasons! For more information, check out the <a href=\"https:\/\/www.smogon.com\/forums\/threads\/3740067\/\">thread on Smogon.<\/a><\/div>\n|j|\u2606CarryTheBoats\n|j|\u2606SeaWolfMikess\n|t:|1726445093\n|gametype|doubles\n|player|p1|CarryTheBoats|crasherwake|1729\n|player|p2|SeaWolfMikess|hugh|1768\n|teamsize|p1|6\n|teamsize|p2|6\n|gen|9\n|tier|[Gen 9] VGC 2024 Reg H\n|rated|\n|rule|Species Clause: Limit one of each Pok\u00e9mon\n|rule|Item Clause: Limit 1 of each item\n|clearpoke\n|poke|p1|Kingambit, L50, F|\n|poke|p1|Salamence, L50, M|\n|poke|p1|Archaludon, L50, F|\n|poke|p1|Pelipper, L50, M|\n|poke|p1|Basculegion, L50, M|\n|poke|p1|Maushold, L50|\n|poke|p2|Pelipper, L50, F|\n|poke|p2|Archaludon, L50, M|\n|poke|p2|Rillaboom, L50, M|\n|poke|p2|Incineroar, L50, F|\n|poke|p2|Sneasler, L50, M|\n|poke|p2|Kingambit, L50, M|\n|teampreview|4\n|j| DesertGardener\n|l| DesertGardener\n|j| DesertGardener\n|l| DesertGardener\n|\n|t:|1726445233\n|start\n|switch|p1a: Maushold|Maushold, L50|100\/100\n|switch|p1b: Archaludon|Archaludon, L50, F|100\/100\n|switch|p2a: Sneasler|Sneasler, L50, M|100\/100\n|switch|p2b: Kingambit|Kingambit, L50, M|100\/100\n|turn|1\n|j| yassineVGC\n|\n|t:|1726445243\n|switch|p2b: Rillaboom|Rillaboom, L50, M|100\/100\n|-fieldstart|move: Grassy Terrain|[from] ability: Grassy Surge|[of] p2b: Rillaboom\n|-enditem|p2a: Sneasler|Grassy Seed\n|-boost|p2a: Sneasler|def|1|[from] item: Grassy Seed\n|move|p1a: Maushold|Protect|p1a: Maushold\n|-singleturn|p1a: Maushold|Protect\n|move|p2a: Sneasler|Close Combat|p1a: Maushold\n|-activate|p1a: Maushold|move: Protect\n|move|p1b: Archaludon|Electro Shot||[still]\n|-prepare|p1b: Archaludon|Electro Shot\n|-boost|p1b: Archaludon|spa|1\n|-enditem|p1b: Archaludon|Power Herb\n|-anim|p1b: Archaludon|Electro Shot|p2b: Rillaboom\n|-resisted|p2b: Rillaboom\n|-damage|p2b: Rillaboom|80\/100\n|\n|-heal|p2b: Rillaboom|86\/100|[from] Grassy Terrain\n|upkeep\n|turn|2\n|\n|t:|1726445252\n|switch|p1a: Salamence|Salamence, L50, M, shiny|100\/100\n|-ability|p1a: Salamence|Intimidate|boost\n|-unboost|p2a: Sneasler|atk|1\n|-unboost|p2b: Rillaboom|atk|1\n|-terastallize|p2a: Sneasler|Dark\n|move|p2b: Rillaboom|Grassy Glide|p1a: Salamence\n|-resisted|p1a: Salamence\n|-damage|p1a: Salamence|94\/100\n|move|p2a: Sneasler|Throat Chop|p1a: Salamence\n|-damage|p1a: Salamence|53\/100\n|move|p1b: Archaludon|Dragon Pulse|p2a: Sneasler\n|-crit|p2a: Sneasler\n|-damage|p2a: Sneasler|0 fnt\n|faint|p2a: Sneasler\n|\n|-heal|p2b: Rillaboom|92\/100|[from] Grassy Terrain\n|upkeep\n|\n|t:|1726445255\n|switch|p2a: Kingambit|Kingambit, L50, M|100\/100\n|turn|3\n|\n|t:|1726445277\n|switch|p2b: Archaludon|Archaludon, L50, M|100\/100\n|move|p1a: Salamence|Tailwind|p1a: Salamence\n|-sidestart|p1: CarryTheBoats|move: Tailwind\n|move|p1b: Archaludon|Electro Shot||[still]\n|-prepare|p1b: Archaludon|Electro Shot\n|-boost|p1b: Archaludon|spa|1\n|move|p2a: Kingambit|Swords Dance|p2a: Kingambit\n|-boost|p2a: Kingambit|atk|2\n|\n|upkeep\n|turn|4\n|j| DesertGardener\n|inactive|Battle timer is ON: inactive players will automatically lose when time's up. (requested by CarryTheBoats)\n|\n|t:|1726445330\n|move|p2a: Kingambit|Sucker Punch|p1b: Archaludon\n|-damage|p1b: Archaludon|28\/100\n|move|p1a: Salamence|Draco Meteor|p2a: Kingambit\n|-resisted|p2a: Kingambit\n|-damage|p2a: Kingambit|72\/100\n|-unboost|p1a: Salamence|spa|2\n|move|p1b: Archaludon|Electro Shot|p2a: Kingambit|[from]lockedmove\n|-damage|p2a: Kingambit|0 fnt\n|faint|p2a: Kingambit\n|move|p2b: Archaludon|Dragon Pulse|p1b: Archaludon\n|-damage|p1b: Archaludon|0 fnt\n|faint|p1b: Archaludon\n|\n|upkeep\n|\n|t:|1726445339\n|switch|p1b: Maushold|Maushold, L50|100\/100\n|switch|p2a: Rillaboom|Rillaboom, L50, M|92\/100\n|turn|5\n|inactive|SeaWolfMikess has 30 seconds left.\n|inactive|SeaWolfMikess has 20 seconds left.\n|inactive|SeaWolfMikess has 15 seconds left.\n|\n|t:|1726445383\n|-terastallize|p1b: Maushold|Ghost\n|move|p1b: Maushold|Population Bomb|p2a: Rillaboom\n|-crit|p2a: Rillaboom\n|-damage|p2a: Rillaboom|74\/100\n|-damage|p2a: Rillaboom|63\/100\n|-damage|p2a: Rillaboom|51\/100\n|-damage|p2a: Rillaboom|40\/100\n|-damage|p2a: Rillaboom|29\/100\n|-damage|p2a: Rillaboom|19\/100\n|-damage|p2a: Rillaboom|7\/100\n|-damage|p2a: Rillaboom|0 fnt\n|faint|p2a: Rillaboom\n|-hitcount|p2: Rillaboom|8\n|move|p1a: Salamence|Air Slash|p2b: Archaludon\n|-resisted|p2b: Archaludon\n|-crit|p2b: Archaludon\n|-damage|p2b: Archaludon|62\/100\n|move|p2b: Archaludon|Electro Shot||[still]\n|-prepare|p2b: Archaludon|Electro Shot\n|-boost|p2b: Archaludon|spa|1\n|-enditem|p2b: Archaludon|Power Herb\n|-anim|p2b: Archaludon|Electro Shot|p1a: Salamence\n|-damage|p1a: Salamence|0 fnt\n|faint|p1a: Salamence\n|\n|-heal|p2b: Archaludon|68\/100|[from] Grassy Terrain\n|-fieldend|move: Grassy Terrain\n|upkeep\n|\n|t:|1726445388\n|switch|p1a: Basculegion|Basculegion, L50, M|100\/100\n|turn|6\n|\n|t:|1726445399\n|move|p2b: Archaludon|Protect|p2b: Archaludon\n|-singleturn|p2b: Archaludon|Protect\n|move|p1b: Maushold|Encore|p2b: Archaludon\n|-activate|p2b: Archaludon|move: Protect\n|move|p1a: Basculegion|Last Respects|p2b: Archaludon\n|-activate|p2b: Archaludon|move: Protect\n|\n|-sideend|p1: CarryTheBoats|move: Tailwind\n|upkeep\n|turn|7\n|\n|t:|1726445405\n|move|p1b: Maushold|Encore|p2b: Archaludon\n|-start|p2b: Archaludon|Encore\n|move|p2b: Archaludon|Protect||[still]\n|-fail|p2b: Archaludon\n|move|p1a: Basculegion|Last Respects|p2b: Archaludon\n|-damage|p2b: Archaludon|0 fnt\n|faint|p2b: Archaludon\n|\n|win|CarryTheBoats\n|raw|CarryTheBoats's rating: 1729 &rarr; <strong>1751<\/strong><br \/>(+22 for winning)\n|raw|SeaWolfMikess's rating: 1768 &rarr; <strong>1746<\/strong><br \/>(-22 for losing)\n|l|\u2606SeaWolfMikess\n|player|p2|\n|l|\u2606CarryTheBoats\n|player|p1|\n|l| DesertGardener\n|l| yassineVGC\n","uploadtime":1726445657,"views":40,"formatid":"gen9vgc2024regh","rating":1746,"private":0,"password":null}