{"id":"gen9vgc2024regh-2202899754","format":"[Gen 9] VGC 2024 Reg H","players":["very demure","chin8"],"log":"|j|\u2606very demure\n|j|\u2606chin8\n|t:|1726502265\n|gametype|doubles\n|player|p1|very demure|dawn-gen4pt|1768\n|player|p2|chin8|gentleman-gen4dp|1747\n|teamsize|p1|6\n|teamsize|p2|6\n|gen|9\n|tier|[Gen 9] VGC 2024 Reg H\n|rated|\n|rule|Species Clause: Limit one of each Pok\u00e9mon\n|rule|Item Clause: Limit 1 of each item\n|clearpoke\n|poke|p1|Dondozo, L50, M|\n|poke|p1|Dragapult, L50, M|\n|poke|p1|Magmar, L50, F|\n|poke|p1|Kingambit, L50, M|\n|poke|p1|Rillaboom, L50, F|\n|poke|p1|Sneasler, L50, F|\n|poke|p2|Baxcalibur, L50, M|\n|poke|p2|Kilowattrel, L50, M|\n|poke|p2|Haxorus, L50, M|\n|poke|p2|Gardevoir, L50, M|\n|poke|p2|Magmortar, L50, M|\n|poke|p2|Gholdengo, L50|\n|teampreview|4\n|inactive|Battle timer is ON: inactive players will automatically lose when time's up. (requested by chin8)\n|inactive|very demure has 60 seconds left.\n|inactive|very demure has 30 seconds left.\n|inactive|very demure has 20 seconds left.\n|inactive|very demure has 15 seconds left.\n|inactive|very demure has 10 seconds left.\n|inactive|very demure has 5 seconds left.\n|\n|t:|1726502365\n|start\n|switch|p1a: Dondozo|Dondozo, L50, M|100\/100\n|switch|p1b: Dragapult|Dragapult, L50, M|100\/100\n|switch|p2a: Kilowattrel|Kilowattrel, L50, M|100\/100\n|switch|p2b: Baxcalibur|Baxcalibur, L50, M|100\/100\n|turn|1\n|inactive|very demure has 30 seconds left.\n|j| BonoboF\n|j| snowflakeshateme\n|inactive|very demure has 20 seconds left.\n|inactive|very demure has 15 seconds left.\n|inactive|very demure has 10 seconds left.\n|inactive|very demure has 5 seconds left.\n|\n|t:|1726502421\n|move|p1a: Dondozo|Protect|p1a: Dondozo\n|-singleturn|p1a: Dondozo|Protect\n|move|p1b: Dragapult|Dragon Darts|p2a: Kilowattrel\n|-damage|p2a: Kilowattrel|29\/100\n|-anim|p1b: Dragapult|Dragon Darts|p2b: Baxcalibur\n|-supereffective|p2b: Baxcalibur\n|-damage|p2b: Baxcalibur|29\/100\n|move|p2a: Kilowattrel|Tailwind|p2a: Kilowattrel\n|-sidestart|p2: chin8|move: Tailwind\n|move|p2b: Baxcalibur|Icicle Crash|p1b: Dragapult\n|-supereffective|p1b: Dragapult\n|-damage|p1b: Dragapult|0 fnt\n|faint|p1b: Dragapult\n|\n|upkeep\n|\n|t:|1726502438\n|switch|p1b: Kingambit|Kingambit, L50, M|100\/100\n|turn|2\n|\n|t:|1726502452\n|move|p2a: Kilowattrel|Protect|p2a: Kilowattrel\n|-singleturn|p2a: Kilowattrel|Protect\n|move|p1b: Kingambit|Sucker Punch||[still]\n|-fail|p1b: Kingambit\n|move|p2b: Baxcalibur|Earthquake|p1a: Dondozo|[spread] p1a,p1b\n|-activate|p2a: Kilowattrel|move: Protect\n|-supereffective|p1b: Kingambit\n|-damage|p1a: Dondozo|83\/100\n|-damage|p1b: Kingambit|59\/100\n|move|p1a: Dondozo|Curse|p1a: Dondozo\n|-unboost|p1a: Dondozo|spe|1\n|-boost|p1a: Dondozo|atk|1\n|-boost|p1a: Dondozo|def|1\n|\n|-heal|p1a: Dondozo|89\/100|[from] item: Leftovers\n|upkeep\n|turn|3\n|inactive|very demure has 30 seconds left.\n|inactive|chin8 has 30 seconds left.\n|\n|t:|1726502481\n|move|p1a: Dondozo|Protect|p1a: Dondozo\n|-singleturn|p1a: Dondozo|Protect\n|move|p2a: Kilowattrel|Thunderbolt|p1a: Dondozo\n|-activate|p1a: Dondozo|move: Protect\n|move|p2b: Baxcalibur|Earthquake|p1a: Dondozo|[spread] p1b\n|-activate|p1a: Dondozo|move: Protect\n|-immune|p2a: Kilowattrel\n|-supereffective|p1b: Kingambit\n|-damage|p1b: Kingambit|17\/100\n|move|p1b: Kingambit|Kowtow Cleave|p2a: Kilowattrel\n|-damage|p2a: Kilowattrel|0 fnt\n|faint|p2a: Kilowattrel\n|\n|-heal|p1a: Dondozo|95\/100|[from] item: Leftovers\n|upkeep\n|\n|t:|1726502484\n|switch|p2a: Magmortar|Magmortar, L50, M|100\/100\n|turn|4\n|\n|t:|1726502495\n|switch|p2b: Gholdengo|Gholdengo, L50|100\/100\n|move|p1b: Kingambit|Sucker Punch||[still]\n|-fail|p1b: Kingambit\n|move|p2a: Magmortar|Heat Wave|p1a: Dondozo|[spread] p1b\n|-miss|p2a: Magmortar|p1a: Dondozo\n|-supereffective|p1b: Kingambit\n|-damage|p1b: Kingambit|0 fnt\n|faint|p1b: Kingambit\n|move|p1a: Dondozo|Wave Crash|p2a: Magmortar\n|-supereffective|p2a: Magmortar\n|-damage|p2a: Magmortar|0 fnt\n|faint|p2a: Magmortar\n|-damage|p1a: Dondozo|72\/100|[from] Recoil\n|\n|-heal|p1a: Dondozo|78\/100|[from] item: Leftovers\n|-sideend|p2: chin8|move: Tailwind\n|upkeep\n|j| WallKitty\n|\n|t:|1726502503\n|switch|p2a: Baxcalibur|Baxcalibur, L50, M|29\/100\n|switch|p1b: Magmar|Magmar, L50, F|100\/100\n|turn|5\n|\n|t:|1726502517\n|-terastallize|p2b: Gholdengo|Water\n|move|p1b: Magmar|Protect|p1b: Magmar\n|-singleturn|p1b: Magmar|Protect\n|move|p1a: Dondozo|Protect|p1a: Dondozo\n|-singleturn|p1a: Dondozo|Protect\n|move|p2a: Baxcalibur|Glaive Rush|p1b: Magmar\n|-activate|p1b: Magmar|move: Protect\n|move|p2b: Gholdengo|Shadow Ball|p1a: Dondozo\n|-activate|p1a: Dondozo|move: Protect\n|\n|-heal|p1a: Dondozo|85\/100|[from] item: Leftovers\n|upkeep\n|turn|6\n|inactive|very demure has 30 seconds left.\n|\n|t:|1726502544\n|move|p1b: Magmar|Flamethrower|p2b: Gholdengo\n|-resisted|p2b: Gholdengo\n|-damage|p2b: Gholdengo|85\/100\n|-status|p2b: Gholdengo|brn\n|move|p2b: Gholdengo|Shadow Ball|p1b: Magmar\n|-damage|p1b: Magmar|67\/100\n|move|p2a: Baxcalibur|Glaive Rush|p1b: Magmar\n|-damage|p1b: Magmar|19\/100\n|-singlemove|p2a: Baxcalibur|Glaive Rush|[silent]\n|move|p1a: Dondozo|Wave Crash|p2a: Baxcalibur\n|-resisted|p2a: Baxcalibur\n|-damage|p2a: Baxcalibur|0 fnt\n|faint|p2a: Baxcalibur\n|-damage|p1a: Dondozo|77\/100|[from] Recoil\n|\n|-heal|p2b: Gholdengo|91\/100 brn|[from] item: Leftovers\n|-heal|p1a: Dondozo|83\/100|[from] item: Leftovers\n|-damage|p2b: Gholdengo|85\/100 brn|[from] brn\n|upkeep\n|turn|7\n|inactive|very demure has 30 seconds left.\n|\n|t:|1726502573\n|move|p1b: Magmar|Protect|p1b: Magmar\n|-singleturn|p1b: Magmar|Protect\n|move|p2b: Gholdengo|Nasty Plot|p2b: Gholdengo\n|-boost|p2b: Gholdengo|spa|2\n|move|p1a: Dondozo|Curse|p1a: Dondozo\n|-unboost|p1a: Dondozo|spe|1\n|-boost|p1a: Dondozo|atk|1\n|-boost|p1a: Dondozo|def|1\n|\n|-heal|p2b: Gholdengo|91\/100 brn|[from] item: Leftovers\n|-heal|p1a: Dondozo|90\/100|[from] item: Leftovers\n|-damage|p2b: Gholdengo|85\/100 brn|[from] brn\n|upkeep\n|turn|8\n|\n|t:|1726502583\n|move|p1b: Magmar|Flamethrower|p2b: Gholdengo\n|-resisted|p2b: Gholdengo\n|-damage|p2b: Gholdengo|70\/100 brn\n|move|p2b: Gholdengo|Make It Rain|p1b: Magmar|[spread] p1a,p1b\n|-resisted|p1a: Dondozo\n|-resisted|p1b: Magmar\n|-damage|p1a: Dondozo|73\/100\n|-damage|p1b: Magmar|0 fnt\n|-unboost|p2b: Gholdengo|spa|1\n|faint|p1b: Magmar\n|move|p1a: Dondozo|Wave Crash|p2b: Gholdengo\n|-resisted|p2b: Gholdengo\n|-damage|p2b: Gholdengo|28\/100 brn\n|-damage|p1a: Dondozo|63\/100|[from] Recoil\n|\n|-heal|p2b: Gholdengo|35\/100 brn|[from] item: Leftovers\n|-heal|p1a: Dondozo|69\/100|[from] item: Leftovers\n|-damage|p2b: Gholdengo|28\/100 brn|[from] brn\n|upkeep\n|turn|9\n|-message|chin8 forfeited.\n|\n|win|very demure\n|raw|very demure's rating: 1768 &rarr; <strong>1787<\/strong><br \/>(+19 for winning)\n|raw|chin8's rating: 1747 &rarr; <strong>1728<\/strong><br \/>(-19 for losing)\n|l|\u2606chin8\n|player|p2|\n|c|\u2606very demure|gg sorry i was afk\n|l| BonoboF\n|l| snowflakeshateme\n|l| WallKitty\n|l|\u2606very demure\n|player|p1|\n","uploadtime":1726502601,"views":36,"formatid":"gen9vgc2024regh","rating":1728,"private":0,"password":null}