{"id":"gen9vgc2024regh-2202165409","format":"[Gen 9] VGC 2024 Reg H","players":["Soulstirring1","ggttmmhh"],"log":"|j|\u2606Soulstirring1\n|j|\u2606ggttmmhh\n|t:|1726412471\n|gametype|doubles\n|player|p1|Soulstirring1|266|1749\n|player|p2|ggttmmhh|170|1753\n|teamsize|p1|6\n|teamsize|p2|6\n|gen|9\n|tier|[Gen 9] VGC 2024 Reg H\n|rated|\n|rule|Species Clause: Limit one of each Pok\u00e9mon\n|rule|Item Clause: Limit 1 of each item\n|clearpoke\n|poke|p1|Indeedee, L50, M|\n|poke|p1|Sneasler, L50, M|\n|poke|p1|Dondozo, L50, M|\n|poke|p1|Tatsugiri, L50, M|\n|poke|p1|Mienshao, L50, M|\n|poke|p1|Incineroar, L50, F|\n|poke|p2|Archaludon, L50, F|\n|poke|p2|Chandelure, L50, M|\n|poke|p2|Primarina, L50, M|\n|poke|p2|Meowscarada, L50, F|\n|poke|p2|Ursaluna-Bloodmoon, L50, M|\n|poke|p2|Murkrow, L50, F|\n|teampreview|4\n|inactive|Battle timer is ON: inactive players will automatically lose when time's up. (requested by Soulstirring1)\n|inactive|ggttmmhh has 60 seconds left.\n|j| Rabbithorn01\n|inactive|ggttmmhh has 30 seconds left.\n|\n|t:|1726412559\n|start\n|switch|p1a: Indeedee|Indeedee, L50, M|100\/100\n|switch|p1b: Sneasler|Sneasler, L50, M|100\/100\n|switch|p2a: Meowscarada|Meowscarada, L50, F|100\/100\n|switch|p2b: Primarina|Primarina, L50, M|100\/100\n|-fieldstart|move: Psychic Terrain|[from] ability: Psychic Surge|[of] p1a: Indeedee\n|-enditem|p1b: Sneasler|Psychic Seed\n|-boost|p1b: Sneasler|spd|1|[from] item: Psychic Seed\n|turn|1\n|\n|t:|1726412574\n|-terastallize|p2b: Primarina|Water\n|move|p1b: Sneasler|Dire Claw|p2a: Meowscarada\n|-supereffective|p2a: Meowscarada\n|-enditem|p2a: Meowscarada|Focus Sash\n|-damage|p2a: Meowscarada|1\/100\n|move|p1a: Indeedee|Expanding Force|p2a: Meowscarada|[spread] p2b\n|-immune|p2a: Meowscarada\n|-damage|p2b: Primarina|51\/100\n|move|p2a: Meowscarada|Grass Pledge|p1b: Sneasler\n|-waiting|p2a: Meowscarada|p2b: Primarina\n|move|p2b: Primarina|Water Pledge|p1b: Sneasler|[from]move: Grass Pledge\n|-combine\n|-resisted|p1b: Sneasler\n|-damage|p1b: Sneasler|64\/100\n|-sidestart|p1: Soulstirring1|Grass Pledge\n|\n|upkeep\n|turn|2\n|inactive|Soulstirring1 has 30 seconds left.\n|inactive|ggttmmhh has 30 seconds left.\n|inactive|ggttmmhh has 20 seconds left.\n|inactive|ggttmmhh has 15 seconds left.\n|inactive|ggttmmhh has 10 seconds left.\n|\n|t:|1726412623\n|move|p2a: Meowscarada|Flower Trick|p1a: Indeedee\n|-crit|p1a: Indeedee\n|-damage|p1a: Indeedee|0 fnt\n|faint|p1a: Indeedee\n|move|p2b: Primarina|Water Pledge|p1b: Sneasler\n|-damage|p1b: Sneasler|9\/100\n|move|p1b: Sneasler|Dire Claw|p2a: Meowscarada\n|-supereffective|p2a: Meowscarada\n|-damage|p2a: Meowscarada|0 fnt\n|faint|p2a: Meowscarada\n|\n|upkeep\n|inactive|ggttmmhh has 30 seconds left.\n|inactive|ggttmmhh has 20 seconds left.\n|inactive|ggttmmhh has 15 seconds left.\n|inactive|ggttmmhh has 10 seconds left.\n|\n|t:|1726412671\n|switch|p2a: Murkrow|Murkrow, L50, F|100\/100\n|switch|p1a: Mienshao|Mienshao, L50, M|100\/100\n|turn|3\n|inactive|Soulstirring1 has 30 seconds left.\n|inactive|ggttmmhh has 30 seconds left.\n|\n|t:|1726412701\n|move|p2a: Murkrow|Foul Play|p1b: Sneasler\n|-resisted|p1b: Sneasler\n|-damage|p1b: Sneasler|0 fnt\n|faint|p1b: Sneasler\n|move|p2b: Primarina|Hyper Voice|p1a: Mienshao\n|-enditem|p1a: Mienshao|Focus Sash\n|-damage|p1a: Mienshao|1\/100\n|move|p1a: Mienshao|Close Combat|p2b: Primarina\n|-damage|p2b: Primarina|0 fnt\n|-unboost|p1a: Mienshao|def|1\n|-unboost|p1a: Mienshao|spd|1\n|faint|p2b: Primarina\n|\n|upkeep\n|\n|t:|1726412705\n|switch|p1b: Incineroar|Incineroar, L50, F|100\/100\n|switch|p2b: Ursaluna|Ursaluna-Bloodmoon, L50, M|100\/100\n|-ability|p1b: Incineroar|Intimidate|boost\n|-unboost|p2a: Murkrow|atk|1\n|-unboost|p2b: Ursaluna|atk|1\n|turn|4\n|inactive|ggttmmhh has 30 seconds left.\n|\n|t:|1726412733\n|move|p1a: Mienshao|Wide Guard|p1a: Mienshao\n|-singleturn|p1a: Mienshao|Wide Guard\n|move|p1b: Incineroar|Fake Out|p2a: Murkrow\n|-hint|Psychic Terrain doesn't affect Pok\u00e9mon immune to Ground.\n|-damage|p2a: Murkrow|89\/100\n|cant|p2a: Murkrow|flinch\n|move|p2b: Ursaluna|Blood Moon|p1b: Incineroar\n|-damage|p1b: Incineroar|10\/100\n|-enditem|p1b: Incineroar|Sitrus Berry|[eat]\n|-heal|p1b: Incineroar|35\/100|[from] item: Sitrus Berry\n|-damage|p2b: Ursaluna|91\/100|[from] item: Life Orb\n|\n|-sideend|p1: Soulstirring1|Grass Pledge\n|upkeep\n|turn|5\n|\n|t:|1726412755\n|move|p2a: Murkrow|Tailwind|p2a: Murkrow\n|-sidestart|p2: ggttmmhh|move: Tailwind\n|move|p2b: Ursaluna|Hyper Voice|p1a: Mienshao|[spread] p1a,p1b\n|-damage|p1a: Mienshao|0 fnt\n|-damage|p1b: Incineroar|0 fnt\n|faint|p1a: Mienshao\n|faint|p1b: Incineroar\n|-damage|p2b: Ursaluna|81\/100|[from] item: Life Orb\n|\n|win|ggttmmhh\n|raw|Soulstirring1's rating: 1749 &rarr; <strong>1729<\/strong><br \/>(-20 for losing)\n|raw|ggttmmhh's rating: 1753 &rarr; <strong>1773<\/strong><br \/>(+20 for winning)\n|l|\u2606Soulstirring1\n|player|p1|\n|l|\u2606ggttmmhh\n|player|p2|\n","uploadtime":1726412774,"views":51,"formatid":"gen9vgc2024regh","rating":1729,"private":0,"password":null}