{"id":"gen9vgc2024regh-2202827778","format":"[Gen 9] VGC 2024 Reg H","players":["mine_hang","pmawarrior"],"log":"|j|\u2606mine_hang\n|j|\u2606pmawarrior\n|t:|1726495843\n|gametype|doubles\n|player|p1|mine_hang|170|1724\n|player|p2|pmawarrior|1|1723\n|teamsize|p1|6\n|teamsize|p2|6\n|gen|9\n|tier|[Gen 9] VGC 2024 Reg H\n|rated|\n|rule|Species Clause: Limit one of each Pok\u00e9mon\n|rule|Item Clause: Limit 1 of each item\n|clearpoke\n|poke|p1|Indeedee-F, L50, F|\n|poke|p1|Pelipper, L50, M|\n|poke|p1|Archaludon, L50, F|\n|poke|p1|Primarina, L50, M|\n|poke|p1|Gallade, L50, M|\n|poke|p1|Armarouge, L50, F|\n|poke|p2|Annihilape, L50, F|\n|poke|p2|Maushold-Four, L50|\n|poke|p2|Dondozo, L50, M|\n|poke|p2|Tatsugiri, L50, M|\n|poke|p2|Glimmora, L50, F|\n|poke|p2|Dragonite, L50, M|\n|teampreview|4\n|inactive|Battle timer is ON: inactive players will automatically lose when time's up. (requested by mine_hang)\n|\n|t:|1726495873\n|start\n|switch|p1a: Indeedee|Indeedee-F, L50, F|100\/100\n|switch|p1b: Gallade|Gallade, L50, M|100\/100\n|switch|p2a: Maushold|Maushold-Four, L50|100\/100\n|switch|p2b: Annihilape|Annihilape, L50, F|100\/100\n|-fieldstart|move: Psychic Terrain|[from] ability: Psychic Surge|[of] p1a: Indeedee\n|turn|1\n|\n|t:|1726495888\n|move|p1a: Indeedee|Follow Me|p1a: Indeedee\n|-singleturn|p1a: Indeedee|move: Follow Me\n|move|p2a: Maushold|Population Bomb|p1a: Indeedee\n|-damage|p1a: Indeedee|90\/100\n|-damage|p1a: Indeedee|80\/100\n|-crit|p1a: Indeedee\n|-damage|p1a: Indeedee|63\/100\n|-damage|p1a: Indeedee|51\/100\n|-damage|p1a: Indeedee|39\/100\n|-damage|p1a: Indeedee|28\/100\n|-damage|p1a: Indeedee|17\/100\n|-damage|p1a: Indeedee|6\/100\n|-damage|p1a: Indeedee|0 fnt\n|faint|p1a: Indeedee\n|-hitcount|p1: Indeedee|9\n|move|p2b: Annihilape|Final Gambit|p1b: Gallade\n|-enditem|p1b: Gallade|Focus Sash\n|-damage|p1b: Gallade|1\/100\n|faint|p2b: Annihilape\n|move|p1b: Gallade|Psycho Cut|p2a: Maushold\n|-damage|p2a: Maushold|0 fnt\n|faint|p2a: Maushold\n|\n|upkeep\n|inactive|mine_hang has 30 seconds left.\n|\n|t:|1726495914\n|switch|p2a: Dondozo|Dondozo, L50, M|100\/100\n|switch|p2b: Tatsugiri|Tatsugiri, L50, M|100\/100\n|switch|p1a: Armarouge|Armarouge, L50, F|100\/100\n|-activate|p2b: Tatsugiri|ability: Commander|[of] p2a: Dondozo\n|-boost|p2a: Dondozo|atk|2\n|-boost|p2a: Dondozo|spa|2\n|-boost|p2a: Dondozo|spe|2\n|-boost|p2a: Dondozo|def|2\n|-boost|p2a: Dondozo|spd|2\n|turn|2\n|\n|t:|1726495932\n|move|p1a: Armarouge|Protect|p1a: Armarouge\n|-singleturn|p1a: Armarouge|Protect\n|move|p2a: Dondozo|Heavy Slam|p1b: Gallade\n|-damage|p1b: Gallade|0 fnt\n|faint|p1b: Gallade\n|\n|upkeep\n|\n|t:|1726495940\n|switch|p1b: Primarina|Primarina, L50, M|100\/100\n|turn|3\n|j| Rabbithorn01\n|j| tetsuokaga\n|\n|t:|1726495964\n|-terastallize|p1a: Armarouge|Psychic\n|move|p2a: Dondozo|Earthquake|p1b: Primarina|[spread] p1a,p1b\n|-miss|p2a: Dondozo|p2b: Tatsugiri\n|-damage|p1a: Armarouge|51\/100\n|-damage|p1b: Primarina|41\/100\n|-ability|p1a: Armarouge|Weak Armor|boost\n|-unboost|p1a: Armarouge|def|1\n|-boost|p1a: Armarouge|spe|2\n|-enditem|p1b: Primarina|Sitrus Berry|[eat]\n|-heal|p1b: Primarina|66\/100|[from] item: Sitrus Berry\n|move|p1a: Armarouge|Expanding Force|p2a: Dondozo|[spread] p2a\n|-miss|p1a: Armarouge|p2b: Tatsugiri\n|-damage|p2a: Dondozo|54\/100\n|move|p1b: Primarina|Haze|p1b: Primarina\n|-clearallboost\n|\n|upkeep\n|turn|4\n|\n|t:|1726495984\n|move|p2a: Dondozo|Protect|p2a: Dondozo\n|-singleturn|p2a: Dondozo|Protect\n|move|p1a: Armarouge|Expanding Force|p2b: Tatsugiri|[spread] \n|-miss|p1a: Armarouge|p2b: Tatsugiri\n|-activate|p2a: Dondozo|move: Protect\n|move|p1b: Primarina|Moonblast|p2a: Dondozo\n|-activate|p2a: Dondozo|move: Protect\n|\n|upkeep\n|turn|5\n|\n|t:|1726495996\n|-terastallize|p2a: Dondozo|Steel\n|move|p1a: Armarouge|Expanding Force|p2a: Dondozo|[spread] p2a\n|-miss|p1a: Armarouge|p2b: Tatsugiri\n|-resisted|p2a: Dondozo\n|-damage|p2a: Dondozo|9\/100\n|move|p2a: Dondozo|Heavy Slam|p1b: Primarina\n|-damage|p1b: Primarina|0 fnt\n|faint|p1b: Primarina\n|\n|-fieldend|move: Psychic Terrain\n|upkeep\n|turn|6\n|\n|t:|1726496012\n|move|p1a: Armarouge|Expanding Force|p2a: Dondozo\n|-resisted|p2a: Dondozo\n|-damage|p2a: Dondozo|0 fnt\n|faint|p2a: Dondozo\n|\n|upkeep\n|turn|7\n|\n|t:|1726496017\n|move|p1a: Armarouge|Protect|p1a: Armarouge\n|-singleturn|p1a: Armarouge|Protect\n|move|p2b: Tatsugiri|Draco Meteor|p1a: Armarouge\n|-activate|p1a: Armarouge|move: Protect\n|\n|upkeep\n|turn|8\n|\n|t:|1726496024\n|move|p2b: Tatsugiri|Draco Meteor|p1a: Armarouge\n|-damage|p1a: Armarouge|0 fnt\n|-unboost|p2b: Tatsugiri|spa|2\n|faint|p1a: Armarouge\n|-damage|p2b: Tatsugiri|91\/100|[from] item: Life Orb\n|\n|win|pmawarrior\n|raw|mine_hang's rating: 1724 &rarr; <strong>1704<\/strong><br \/>(-20 for losing)\n|raw|pmawarrior's rating: 1723 &rarr; <strong>1743<\/strong><br \/>(+20 for winning)\n|l| tetsuokaga\n|l|\u2606mine_hang\n|player|p1|\n|l|\u2606pmawarrior\n|player|p2|\n|j| tetsuokaga\n","uploadtime":1726496117,"views":28,"formatid":"gen9vgc2024regh","rating":1704,"private":0,"password":null}