{"id":"gen9vgc2024regh-2202147082","format":"[Gen 9] VGC 2024 Reg H","players":["superpowerpoke","efuti"],"log":"|j|\u2606superpowerpoke\n|j|\u2606efuti\n|t:|1726410405\n|gametype|doubles\n|player|p1|superpowerpoke|266|1894\n|player|p2|efuti|2|1689\n|teamsize|p1|6\n|teamsize|p2|6\n|gen|9\n|tier|[Gen 9] VGC 2024 Reg H\n|rated|\n|rule|Species Clause: Limit one of each Pok\u00e9mon\n|rule|Item Clause: Limit 1 of each item\n|clearpoke\n|poke|p1|Ursaluna-Bloodmoon, L50, M|\n|poke|p1|Ninetales-Alola, L50, M|\n|poke|p1|Basculegion-F, L50, F|\n|poke|p1|Sneasler, L50, M|\n|poke|p1|Armarouge, L50, M|\n|poke|p1|Muk-Alola, L50, F|\n|poke|p2|Annihilape, L50, F|\n|poke|p2|Whimsicott, L50, M|\n|poke|p2|Archaludon, L50, F|\n|poke|p2|Pelipper, L50, F|\n|poke|p2|Clefable, L50, F|\n|poke|p2|Gholdengo, L50|\n|teampreview|4\nsuperpowerpoke rejected open team sheets.\n|\n|t:|1726410470\n|start\n|switch|p1a: Sneasler|Sneasler, L50, M|100\/100\n|switch|p1b: Basculegion|Basculegion-F, L50, F|100\/100\n|switch|p2a: Whimsicott|Whimsicott, L50, M|100\/100\n|switch|p2b: Pelipper|Pelipper, L50, F|100\/100\n|-weather|RainDance|[from] ability: Drizzle|[of] p2b: Pelipper\n|turn|1\n|j| mr pogostick\n|j| Rabbithorn01\n|j| Hyperhit94\n|\n|t:|1726410505\n|move|p2a: Whimsicott|Tailwind|p2a: Whimsicott\n|-sidestart|p2: efuti|move: Tailwind\n|move|p1b: Basculegion|Shadow Ball|p2b: Pelipper\n|-damage|p2b: Pelipper|26\/100\n|-unboost|p2b: Pelipper|spd|1\n|move|p2b: Pelipper|Weather Ball|p1a: Sneasler\n|-enditem|p1a: Sneasler|Focus Sash\n|-damage|p1a: Sneasler|1\/100\n|move|p1a: Sneasler|Dire Claw|p2a: Whimsicott\n|-supereffective|p2a: Whimsicott\n|-enditem|p2a: Whimsicott|Focus Sash\n|-damage|p2a: Whimsicott|1\/100\n|-status|p2a: Whimsicott|psn\n|\n|-weather|RainDance|[upkeep]\n|-damage|p2a: Whimsicott|0 fnt|[from] psn\n|faint|p2a: Whimsicott\n|upkeep\n|\n|t:|1726410544\n|switch|p2a: Gholdengo|Gholdengo, L50|100\/100\n|turn|2\n|\n|t:|1726410556\n|-terastallize|p2a: Gholdengo|Dark\n|move|p2b: Pelipper|Protect|p2b: Pelipper\n|-singleturn|p2b: Pelipper|Protect\n|move|p1a: Sneasler|Dire Claw|p2b: Pelipper\n|-activate|p2b: Pelipper|move: Protect\n|move|p2a: Gholdengo|Tera Blast|p1b: Basculegion|[anim] Tera Blast Dark\n|-supereffective|p1b: Basculegion\n|-damage|p1b: Basculegion|0 fnt\n|faint|p1b: Basculegion\n|-damage|p2a: Gholdengo|91\/100|[from] item: Life Orb\n|\n|-weather|RainDance|[upkeep]\n|upkeep\n|\n|t:|1726410586\n|switch|p1b: Muk|Muk-Alola, L50, F|100\/100\n|turn|3\n|\n|t:|1726410606\n|move|p1a: Sneasler|Dire Claw|p2b: Pelipper\n|-damage|p2b: Pelipper|0 fnt\n|faint|p2b: Pelipper\n|move|p2a: Gholdengo|Nasty Plot|p2a: Gholdengo\n|-boost|p2a: Gholdengo|spa|2\n|move|p1b: Muk|Brick Break|p2a: Gholdengo\n|-supereffective|p2a: Gholdengo\n|-damage|p2a: Gholdengo|47\/100\n|\n|-weather|RainDance|[upkeep]\n|upkeep\n|\n|t:|1726410615\n|switch|p2b: Archaludon|Archaludon, L50, F|100\/100\n|turn|4\n|\n|t:|1726410624\n|switch|p1b: Ninetales|Ninetales-Alola, L50, M|100\/100\n|-weather|Snow|[from] ability: Snow Warning|[of] p1b: Ninetales\n|move|p1a: Sneasler|Protect|p1a: Sneasler\n|-singleturn|p1a: Sneasler|Protect\n|move|p2a: Gholdengo|Protect|p2a: Gholdengo\n|-singleturn|p2a: Gholdengo|Protect\n|move|p2b: Archaludon|Electro Shot||[still]\n|-prepare|p2b: Archaludon|Electro Shot\n|-boost|p2b: Archaludon|spa|1\n|\n|-weather|Snow|[upkeep]\n|-sideend|p2: efuti|move: Tailwind\n|upkeep\n|turn|5\n|\n|t:|1726410639\n|move|p1a: Sneasler|Close Combat|p2b: Archaludon\n|-supereffective|p2b: Archaludon\n|-damage|p2b: Archaludon|2\/100\n|-unboost|p1a: Sneasler|def|1\n|-unboost|p1a: Sneasler|spd|1\n|-ability|p2b: Archaludon|Stamina|boost\n|-boost|p2b: Archaludon|def|1\n|move|p1b: Ninetales|Moonblast|p2a: Gholdengo\n|-supereffective|p2a: Gholdengo\n|-damage|p2a: Gholdengo|0 fnt\n|faint|p2a: Gholdengo\n|move|p2b: Archaludon|Electro Shot|p1a: Sneasler|[from]lockedmove\n|-damage|p1a: Sneasler|0 fnt\n|faint|p1a: Sneasler\n|\n|-weather|Snow|[upkeep]\n|upkeep\n|\n|t:|1726410652\n|switch|p1a: Muk|Muk-Alola, L50, F|100\/100\n|turn|6\n|-message|efuti forfeited.\n|\n|win|superpowerpoke\n|raw|superpowerpoke's rating: 1894 &rarr; <strong>1903<\/strong><br \/>(+9 for winning)\n|raw|efuti's rating: 1689 &rarr; <strong>1680<\/strong><br \/>(-9 for losing)\n|l|\u2606efuti\n|player|p2|\n|l| mr pogostick\n","uploadtime":1726410664,"views":93,"formatid":"gen9vgc2024regh","rating":1680,"private":0,"password":null}