{"id":"gen9vgc2024regh-2202415320","format":"[Gen 9] VGC 2024 Reg H","players":["Burn Them Bridges","gottabadfeeling"],"log":"|j|\u2606Burn Them Bridges\n|j|\u2606gottabadfeeling\n|t:|1726439160\n|gametype|doubles\n|player|p1|Burn Them Bridges|lucas|1639\n|player|p2|gottabadfeeling|magmasuit|1715\n|teamsize|p1|6\n|teamsize|p2|6\n|gen|9\n|tier|[Gen 9] VGC 2024 Reg H\n|rated|\n|rule|Species Clause: Limit one of each Pok\u00e9mon\n|rule|Item Clause: Limit 1 of each item\n|clearpoke\n|poke|p1|Murkrow, L50, M|\n|poke|p1|Typhlosion-Hisui, L50, F|\n|poke|p1|Archaludon, L50, M|\n|poke|p1|Tauros-Paldea-Aqua, L50, M|\n|poke|p1|Indeedee, L50, M|\n|poke|p1|Tsareena, L50, F|\n|poke|p2|Sneasler, L50, M|\n|poke|p2|Indeedee, L50, M|\n|poke|p2|Murkrow, L50, M|\n|poke|p2|Typhlosion-Hisui, L50, F|\n|poke|p2|Decidueye-Hisui, L50, F|\n|poke|p2|Dragapult, L50, M|\n|teampreview|4\n|inactive|Battle timer is ON: inactive players will automatically lose when time's up. (requested by gottabadfeeling)\n|c|\u2606gottabadfeeling|lol noooo\nBurn Them Bridges has agreed to open team sheets.\ngottabadfeeling has agreed to open team sheets.\n|c|\u2606Burn Them Bridges|Loool rematch time\n|c|\u2606Burn Them Bridges|Glhf\n|inactive|gottabadfeeling has 30 seconds left.\n|inactive|gottabadfeeling has 20 seconds left.\n|inactive|gottabadfeeling has 15 seconds left.\n|\n|t:|1726439213\n|start\n|switch|p1a: Agent Krow|Murkrow, L50, M|100\/100\n|switch|p1b: Agent Bridge|Archaludon, L50, M|100\/100\n|switch|p2a: Sneasler|Sneasler, L50, M, shiny|100\/100\n|switch|p2b: Indeedee|Indeedee, L50, M, shiny|100\/100\n|-fieldstart|move: Psychic Terrain|[from] ability: Psychic Surge|[of] p2b: Indeedee\n|-enditem|p2a: Sneasler|Psychic Seed\n|-boost|p2a: Sneasler|spd|1|[from] item: Psychic Seed\n|turn|1\n|j| mr pogostick\n|inactive|gottabadfeeling has 30 seconds left.\n|\n|t:|1726439247\n|move|p1b: Agent Bridge|Protect|p1b: Agent Bridge\n|-singleturn|p1b: Agent Bridge|Protect\n|move|p2a: Sneasler|Dire Claw|p1a: Agent Krow\n|-damage|p1a: Agent Krow|48\/100\n|move|p2b: Indeedee|Dazzling Gleam|p1a: Agent Krow|[spread] p1a\n|-activate|p1b: Agent Bridge|move: Protect\n|-supereffective|p1a: Agent Krow\n|-damage|p1a: Agent Krow|6\/100\n|move|p1a: Agent Krow|Foul Play|p2a: Sneasler\n|-resisted|p2a: Sneasler\n|-damage|p2a: Sneasler|52\/100\n|\n|upkeep\n|turn|2\n|\n|t:|1726439269\n|-terastallize|p1b: Agent Bridge|Electric\n|move|p1a: Agent Krow|Tailwind|p1a: Agent Krow\n|-sidestart|p1: Burn Them Bridges|move: Tailwind\n|move|p2a: Sneasler|Close Combat|p1b: Agent Bridge\n|-damage|p1b: Agent Bridge|44\/100\n|-unboost|p2a: Sneasler|def|1\n|-unboost|p2a: Sneasler|spd|1\n|move|p1b: Agent Bridge|Electro Shot||[still]\n|-prepare|p1b: Agent Bridge|Electro Shot\n|-boost|p1b: Agent Bridge|spa|1\n|-enditem|p1b: Agent Bridge|Power Herb\n|-anim|p1b: Agent Bridge|Electro Shot|p2a: Sneasler\n|-damage|p2a: Sneasler|0 fnt\n|faint|p2a: Sneasler\n|move|p2b: Indeedee|Dazzling Gleam|p1b: Agent Bridge|[spread] p1a,p1b\n|-supereffective|p1a: Agent Krow\n|-damage|p1a: Agent Krow|0 fnt\n|-damage|p1b: Agent Bridge|14\/100\n|faint|p1a: Agent Krow\n|\n|upkeep\n|\n|t:|1726439287\n|switch|p2a: Murkrow|Murkrow, L50, M, shiny|100\/100\n|switch|p1a: Agent Hyph|Typhlosion-Hisui, L50, F|100\/100\n|turn|3\n|inactive|Burn Them Bridges has 30 seconds left.\n|inactive|gottabadfeeling has 30 seconds left.\n|\n|t:|1726439314\n|move|p2a: Murkrow|Tailwind|p2a: Murkrow\n|-sidestart|p2: gottabadfeeling|move: Tailwind\n|move|p1a: Agent Hyph|Eruption|p2b: Indeedee|[spread] p2a,p2b\n|-damage|p2a: Murkrow|21\/100\n|-enditem|p2b: Indeedee|Focus Sash\n|-damage|p2b: Indeedee|1\/100\n|move|p2b: Indeedee|Expanding Force|p1b: Agent Bridge|[spread] p1a,p1b\n|-damage|p1a: Agent Hyph|17\/100\n|-damage|p1b: Agent Bridge|0 fnt\n|faint|p1b: Agent Bridge\n|\n|upkeep\n|\n|t:|1726439316\n|switch|p1b: Agent Bull|Tauros-Paldea-Aqua, L50, M|100\/100\n|-ability|p1b: Agent Bull|Intimidate|boost\n|-unboost|p2a: Murkrow|atk|1\n|-unboost|p2b: Indeedee|atk|1\n|turn|4\n|inactive|gottabadfeeling has 30 seconds left.\n|\n|t:|1726439343\n|move|p2a: Murkrow|Sunny Day|p2a: Murkrow\n|-weather|SunnyDay\n|move|p1b: Agent Bull|Wave Crash|p2a: Murkrow\n|-damage|p2a: Murkrow|0 fnt\n|faint|p2a: Murkrow\n|-damage|p1b: Agent Bull|92\/100|[from] Recoil\n|-damage|p1b: Agent Bull|82\/100|[from] item: Life Orb\n|move|p1a: Agent Hyph|Eruption|p2b: Indeedee\n|-damage|p2b: Indeedee|0 fnt\n|faint|p2b: Indeedee\n|\n|-weather|SunnyDay|[upkeep]\n|upkeep\n|\n|t:|1726439345\n|switch|p2b: Typhlosion|Typhlosion-Hisui, L50, F, shiny|100\/100\n|turn|5\n|c|\u2606gottabadfeeling|ah i\u2019m cooked again\n|\n|t:|1726439361\n|-terastallize|p2b: Typhlosion|Fire\n|move|p1b: Agent Bull|Wave Crash|p2b: Typhlosion\n|-supereffective|p2b: Typhlosion\n|-damage|p2b: Typhlosion|0 fnt\n|faint|p2b: Typhlosion\n|-damage|p1b: Agent Bull|50\/100|[from] Recoil\n|-damage|p1b: Agent Bull|40\/100|[from] item: Life Orb\n|\n|win|Burn Them Bridges\n|raw|Burn Them Bridges's rating: 1639 &rarr; <strong>1663<\/strong><br \/>(+24 for winning)\n|raw|gottabadfeeling's rating: 1715 &rarr; <strong>1691<\/strong><br \/>(-24 for losing)\n|c|\u2606Burn Them Bridges|Gg wp\n|l| mr pogostick\n","uploadtime":1726439381,"views":56,"formatid":"gen9vgc2024regh","rating":1663,"private":0,"password":null}