{"id":"gen9vgc2024regh-2202837882","format":"[Gen 9] VGC 2024 Reg H","players":["randy.zhang2023","Boby maltezer"],"log":"|j|\u2606randy.zhang2023\n|j|\u2606Boby maltezer\n|t:|1726496779\n|gametype|doubles\n|player|p1|randy.zhang2023|169|1735\n|player|p2|Boby maltezer|170|1656\n|teamsize|p1|6\n|teamsize|p2|6\n|gen|9\n|tier|[Gen 9] VGC 2024 Reg H\n|rated|\n|rule|Species Clause: Limit one of each Pok\u00e9mon\n|rule|Item Clause: Limit 1 of each item\n|clearpoke\n|poke|p1|Torkoal, L50, F|\n|poke|p1|Exeggutor, L50, F|\n|poke|p1|Indeedee-F, L50, F|\n|poke|p1|Hatterene, L50, F|\n|poke|p1|Gallade, L50, M|\n|poke|p1|Maushold-Four, L50|\n|poke|p2|Volcarona, L50, F|\n|poke|p2|Tauros-Paldea-Aqua, L50, M|\n|poke|p2|Rillaboom, L50, F|\n|poke|p2|Clefable, L50, F|\n|poke|p2|Kingambit, L50, F|\n|poke|p2|Dragapult, L50, M|\n|teampreview|4\n|j| Rabbithorn01\n|inactive|Battle timer is ON: inactive players will automatically lose when time's up. (requested by Boby maltezer)\n|\n|t:|1726496805\n|start\n|switch|p1a: Indeedee|Indeedee-F, L50, F|100\/100\n|switch|p1b: Gallade|Gallade, L50, M|100\/100\n|switch|p2a: Dragapult|Dragapult, L50, M|100\/100\n|switch|p2b: Volcarona|Volcarona, L50, F, shiny|100\/100\n|-fieldstart|move: Psychic Terrain|[from] ability: Psychic Surge|[of] p1a: Indeedee\n|turn|1\n|inactive|Boby maltezer has 30 seconds left.\n|\n|t:|1726496835\n|move|p1a: Indeedee|Follow Me|p1a: Indeedee\n|-singleturn|p1a: Indeedee|move: Follow Me\n|move|p2a: Dragapult|Dragon Darts|p1a: Indeedee\n|-damage|p1a: Indeedee|64\/100\n|-anim|p2a: Dragapult|Dragon Darts|p1a: Indeedee\n|-damage|p1a: Indeedee|23\/100\n|move|p2b: Volcarona|Heat Wave|p1a: Indeedee|[spread] p1a,p1b\n|-damage|p1a: Indeedee|0 fnt\n|-damage|p1b: Gallade|67\/100\n|faint|p1a: Indeedee\n|move|p1b: Gallade|Trick Room|p1b: Gallade\n|-fieldstart|move: Trick Room|[of] p1b: Gallade\n|\n|upkeep\n|\n|t:|1726496848\n|switch|p1a: Hatterene|Hatterene, L50, F|100\/100\n|turn|2\n|inactive|Boby maltezer has 30 seconds left.\n|\n|t:|1726496881\n|move|p2b: Volcarona|Protect|p2b: Volcarona\n|-singleturn|p2b: Volcarona|Protect\n|move|p1a: Hatterene|Dazzling Gleam|p2a: Dragapult|[spread] p2a\n|-activate|p2b: Volcarona|move: Protect\n|-supereffective|p2a: Dragapult\n|-damage|p2a: Dragapult|0 fnt\n|faint|p2a: Dragapult\n|-damage|p1a: Hatterene|91\/100|[from] item: Life Orb\n|move|p1b: Gallade|Psycho Cut|p2b: Volcarona\n|-activate|p2b: Volcarona|move: Protect\n|\n|upkeep\n|\n|t:|1726496895\n|switch|p2a: Rillaboom|Rillaboom, L50, F, shiny|100\/100\n|-fieldstart|move: Grassy Terrain|[from] ability: Grassy Surge|[of] p2a: Rillaboom\n|turn|3\n|j| Standard European\n|l| Standard European\n|\n|t:|1726496915\n|switch|p1b: Torkoal|Torkoal, L50, F|100\/100\n|-weather|SunnyDay|[from] ability: Drought|[of] p1b: Torkoal\n|move|p2a: Rillaboom|Fake Out|p1a: Hatterene\n|-damage|p1a: Hatterene|73\/100\n|cant|p1a: Hatterene|flinch\n|move|p2b: Volcarona|Quiver Dance|p2b: Volcarona\n|-boost|p2b: Volcarona|spa|1\n|-boost|p2b: Volcarona|spd|1\n|-boost|p2b: Volcarona|spe|1\n|\n|-weather|SunnyDay|[upkeep]\n|-heal|p1a: Hatterene|78\/100|[from] Grassy Terrain\n|upkeep\n|turn|4\n|inactive|Boby maltezer has 30 seconds left.\n|inactive|Boby maltezer has 20 seconds left.\n|inactive|Boby maltezer has 15 seconds left.\n|\n|t:|1726496955\n|-terastallize|p1b: Torkoal|Fire\n|-terastallize|p2a: Rillaboom|Fire\n|move|p2b: Volcarona|Protect|p2b: Volcarona\n|-singleturn|p2b: Volcarona|Protect\n|move|p1b: Torkoal|Eruption|p2a: Rillaboom|[spread] p2a\n|-activate|p2b: Volcarona|move: Protect\n|-resisted|p2a: Rillaboom\n|-damage|p2a: Rillaboom|62\/100\n|move|p1a: Hatterene|Expanding Force|p2b: Volcarona\n|-activate|p2b: Volcarona|move: Protect\n|move|p2a: Rillaboom|U-turn|p1a: Hatterene\n|-damage|p1a: Hatterene|48\/100\n|\n|t:|1726496970\n|switch|p2a: Kingambit|Kingambit, L50, F|100\/100|[from] U-turn\n|\n|-weather|SunnyDay|[upkeep]\n|-heal|p1a: Hatterene|54\/100|[from] Grassy Terrain\n|upkeep\n|turn|5\n|\n|t:|1726496985\n|move|p2a: Kingambit|Sucker Punch|p1b: Torkoal\n|-damage|p1b: Torkoal|59\/100\n|move|p1b: Torkoal|Eruption|p2a: Kingambit|[spread] p2a,p2b\n|-supereffective|p2a: Kingambit\n|-damage|p2a: Kingambit|0 fnt\n|-damage|p2b: Volcarona|63\/100\n|faint|p2a: Kingambit\n|move|p1a: Hatterene|Dazzling Gleam|p2b: Volcarona\n|-resisted|p2b: Volcarona\n|-damage|p2b: Volcarona|43\/100\n|-damage|p1a: Hatterene|45\/100|[from] item: Life Orb\n|move|p2b: Volcarona|Heat Wave|p1a: Hatterene|[spread] p1b\n|-miss|p2b: Volcarona|p1a: Hatterene\n|-resisted|p1b: Torkoal\n|-crit|p1b: Torkoal\n|-damage|p1b: Torkoal|0 fnt\n|faint|p1b: Torkoal\n|\n|-weather|SunnyDay|[upkeep]\n|-heal|p1a: Hatterene|50\/100|[from] Grassy Terrain\n|-heal|p2b: Volcarona|49\/100|[from] Grassy Terrain\n|-heal|p2b: Volcarona|56\/100|[from] item: Leftovers\n|-fieldend|move: Trick Room\n|upkeep\n|\n|t:|1726497007\n|switch|p2a: Rillaboom|Rillaboom, L50, F, shiny, tera:Fire|62\/100\n|switch|p1b: Gallade|Gallade, L50, M|67\/100\n|turn|6\n|\n|t:|1726497017\n|move|p2a: Rillaboom|Fake Out|p1b: Gallade\n|-crit|p1b: Gallade\n|-damage|p1b: Gallade|35\/100\n|cant|p1b: Gallade|flinch\n|move|p2b: Volcarona|Heat Wave|p1b: Gallade|[spread] p1a,p1b\n|-damage|p1a: Hatterene|0 fnt\n|-damage|p1b: Gallade|0 fnt\n|faint|p1a: Hatterene\n|faint|p1b: Gallade\n|\n|win|Boby maltezer\n|raw|randy.zhang2023's rating: 1735 &rarr; <strong>1711<\/strong><br \/>(-24 for losing)\n|raw|Boby maltezer's rating: 1656 &rarr; <strong>1680<\/strong><br \/>(+24 for winning)\n|l|\u2606randy.zhang2023\n|player|p1|\n|l|\u2606Boby maltezer\n|player|p2|\n","uploadtime":1726497034,"views":12,"formatid":"gen9vgc2024regh","rating":1680,"private":0,"password":null}