{"id":"gen9vgc2024regh-2202507355","format":"[Gen 9] VGC 2024 Reg H","players":["Super Crist","SeaWolfMikess"],"log":"|badge|p2|bronze|gen9doublesou|100-2\n|uhtml|medal-msg|<div class=\"broadcast-blue\">Curious what those medals under the avatar are? PS now has Ladder Seasons! For more information, check out the <a href=\"https:\/\/www.smogon.com\/forums\/threads\/3740067\/\">thread on Smogon.<\/a><\/div>\n|j|\u203dSuper Crist\n|j|\u2606SeaWolfMikess\n|t:|1726450227\n|gametype|doubles\n|player|p1|Super Crist|sabrina|1696\n|player|p2|SeaWolfMikess|hugh|1736\n|teamsize|p1|6\n|teamsize|p2|6\n|gen|9\n|tier|[Gen 9] VGC 2024 Reg H\n|rated|\n|rule|Species Clause: Limit one of each Pok\u00e9mon\n|rule|Item Clause: Limit 1 of each item\n|clearpoke\n|poke|p1|Ribombee, L50, M|\n|poke|p1|Primarina, L50, F|\n|poke|p1|Gothitelle, L50, M|\n|poke|p1|Ursaluna-Bloodmoon, L50, M|\n|poke|p1|Incineroar, L50, M|\n|poke|p1|Gholdengo, L50|\n|poke|p2|Ninetales-Alola, L50, M|\n|poke|p2|Garchomp, L50, M|\n|poke|p2|Sneasler, L50, F|\n|poke|p2|Talonflame, L50, F|\n|poke|p2|Gholdengo, L50|\n|poke|p2|Electabuzz, L50, F|\n|teampreview|4\n|inactive|Battle timer is ON: inactive players will automatically lose when time's up. (requested by Super Crist)\n|j| Rabbithorn01\n|inactive|Super Crist has 60 seconds left.\n|\n|t:|1726450273\n|start\n|switch|p1a: Gothitelle|Gothitelle, L50, M, shiny|100\/100\n|switch|p1b: Incineroar|Incineroar, L50, M, shiny|100\/100\n|switch|p2a: Sneasler|Sneasler, L50, F|100\/100\n|switch|p2b: Talonflame|Talonflame, L50, F|100\/100\n|-ability|p1b: Incineroar|Intimidate|boost\n|-unboost|p2a: Sneasler|atk|1\n|-unboost|p2b: Talonflame|atk|1\n|turn|1\n|inactive|Super Crist has 30 seconds left.\n|inactive|Super Crist has 20 seconds left.\n|inactive|Super Crist has 15 seconds left.\n|\n|t:|1726450314\n|move|p1a: Gothitelle|Protect|p1a: Gothitelle\n|-singleturn|p1a: Gothitelle|Protect\n|move|p1b: Incineroar|Protect|p1b: Incineroar\n|-singleturn|p1b: Incineroar|Protect\n|move|p2b: Talonflame|Flare Blitz|p1a: Gothitelle\n|-activate|p1a: Gothitelle|move: Protect\n|move|p2a: Sneasler|Throat Chop|p1a: Gothitelle\n|-activate|p1a: Gothitelle|move: Protect\n|\n|upkeep\n|turn|2\n|inactive|Super Crist has 30 seconds left.\n|inactive|Super Crist has 20 seconds left.\n|\n|t:|1726450350\n|switch|p1b: Ursaluna|Ursaluna-Bloodmoon, L50, M|100\/100\n|move|p2b: Talonflame|Brave Bird|p1a: Gothitelle\n|-damage|p1a: Gothitelle|70\/100\n|-damage|p2b: Talonflame|89\/100|[from] Recoil\n|move|p2a: Sneasler|Dire Claw|p1a: Gothitelle\n|-damage|p1a: Gothitelle|39\/100\n|-status|p1a: Gothitelle|slp\n|cant|p1a: Gothitelle|slp\n|\n|upkeep\n|turn|3\n|inactive|Super Crist has 30 seconds left.\n|inactive|SeaWolfMikess has 30 seconds left.\n|\n|t:|1726450383\n|switch|p1a: Incineroar|Incineroar, L50, M, shiny|100\/100\n|-ability|p1a: Incineroar|Intimidate|boost\n|-unboost|p2a: Sneasler|atk|1\n|-unboost|p2b: Talonflame|atk|1\n|move|p1b: Ursaluna|Protect|p1b: Ursaluna\n|-singleturn|p1b: Ursaluna|Protect\n|move|p2b: Talonflame|Brave Bird|p1a: Incineroar\n|-damage|p1a: Incineroar|79\/100\n|-damage|p2b: Talonflame|80\/100|[from] Recoil\n|move|p2a: Sneasler|Close Combat|p1b: Ursaluna\n|-activate|p1b: Ursaluna|move: Protect\n|\n|upkeep\n|turn|4\n|\n|t:|1726450392\n|move|p2a: Sneasler|Protect|p2a: Sneasler\n|-singleturn|p2a: Sneasler|Protect\n|move|p1a: Incineroar|Fake Out|p2a: Sneasler\n|-activate|p2a: Sneasler|move: Protect\n|move|p2b: Talonflame|Brave Bird|p1b: Ursaluna\n|-damage|p1b: Ursaluna|83\/100\n|-damage|p2b: Talonflame|73\/100|[from] Recoil\n|move|p1b: Ursaluna|Hyper Voice|p2a: Sneasler|[spread] p2b\n|-activate|p2a: Sneasler|move: Protect\n|-damage|p2b: Talonflame|0 fnt\n|faint|p2b: Talonflame\n|-damage|p1b: Ursaluna|73\/100|[from] item: Life Orb\n|\n|upkeep\n|\n|t:|1726450396\n|switch|p2b: Gholdengo|Gholdengo, L50|100\/100\n|turn|5\n|\n|t:|1726450419\n|switch|p1a: Gothitelle|Gothitelle, L50, M, shiny|39\/100 slp\n|move|p1b: Ursaluna|Protect|p1b: Ursaluna\n|-singleturn|p1b: Ursaluna|Protect\n|move|p2a: Sneasler|Close Combat|p1a: Gothitelle\n|-resisted|p1a: Gothitelle\n|-damage|p1a: Gothitelle|22\/100 slp\n|-unboost|p2a: Sneasler|def|1\n|-unboost|p2a: Sneasler|spd|1\n|move|p2b: Gholdengo|Make It Rain|p1b: Ursaluna|[spread] p1a\n|-activate|p1b: Ursaluna|move: Protect\n|-damage|p1a: Gothitelle|0 fnt\n|-unboost|p2b: Gholdengo|spa|1\n|faint|p1a: Gothitelle\n|\n|upkeep\n|\n|t:|1726450432\n|switch|p1a: Incineroar|Incineroar, L50, M, shiny|79\/100\n|-ability|p1a: Incineroar|Intimidate|boost\n|-unboost|p2a: Sneasler|atk|1\n|-unboost|p2b: Gholdengo|atk|1\n|turn|6\n|\n|t:|1726450451\n|-terastallize|p2b: Gholdengo|Steel\n|move|p1a: Incineroar|Fake Out|p2a: Sneasler\n|-damage|p2a: Sneasler|63\/100\n|cant|p2a: Sneasler|flinch\n|move|p2b: Gholdengo|Make It Rain|p1b: Ursaluna|[spread] p1a,p1b\n|-resisted|p1a: Incineroar\n|-crit|p1b: Ursaluna\n|-damage|p1a: Incineroar|48\/100\n|-damage|p1b: Ursaluna|0 fnt\n|-unboost|p2b: Gholdengo|spa|1\n|-enditem|p1a: Incineroar|Sitrus Berry|[eat]\n|-heal|p1a: Incineroar|73\/100|[from] item: Sitrus Berry\n|faint|p1b: Ursaluna\n|\n|upkeep\n|\n|t:|1726450457\n|switch|p1b: Primarina|Primarina, L50, F, shiny|100\/100\n|turn|7\n|\n|t:|1726450477\n|move|p1a: Incineroar|Protect|p1a: Incineroar\n|-singleturn|p1a: Incineroar|Protect\n|move|p2a: Sneasler|Close Combat|p1a: Incineroar\n|-activate|p1a: Incineroar|move: Protect\n|move|p2b: Gholdengo|Make It Rain|p1a: Incineroar|[spread] p1b\n|-activate|p1a: Incineroar|move: Protect\n|-damage|p1b: Primarina|57\/100\n|-unboost|p2b: Gholdengo|spa|1\n|move|p1b: Primarina|Hyper Voice|p2a: Sneasler|[spread] p2a,p2b\n|-damage|p2a: Sneasler|0 fnt\n|-damage|p2b: Gholdengo|61\/100\n|faint|p2a: Sneasler\n|-enditem|p1b: Primarina|Throat Spray\n|-boost|p1b: Primarina|spa|1|[from] item: Throat Spray\n|\n|upkeep\n|\n|t:|1726450493\n|switch|p2a: Garchomp|Garchomp, L50, M|100\/100\n|turn|8\n|\n|t:|1726450516\n|-terastallize|p1a: Incineroar|Grass\n|move|p1b: Primarina|Protect|p1b: Primarina\n|-singleturn|p1b: Primarina|Protect\n|move|p2a: Garchomp|Stomping Tantrum|p1a: Incineroar\n|-resisted|p1a: Incineroar\n|-damage|p1a: Incineroar|46\/100\n|-damage|p2a: Garchomp|91\/100|[from] item: Life Orb\n|move|p2b: Gholdengo|Make It Rain|p1a: Incineroar|[spread] p1a\n|-activate|p1b: Primarina|move: Protect\n|-damage|p1a: Incineroar|6\/100\n|-unboost|p2b: Gholdengo|spa|1\n|move|p1a: Incineroar|Flare Blitz|p2b: Gholdengo\n|-supereffective|p2b: Gholdengo\n|-damage|p2b: Gholdengo|0 fnt\n|faint|p2b: Gholdengo\n|-damage|p1a: Incineroar|0 fnt|[from] Recoil\n|faint|p1a: Incineroar\n|\n|upkeep\n|turn|9\n|\n|t:|1726450529\n|move|p2a: Garchomp|Earthquake|p1b: Primarina\n|-damage|p1b: Primarina|0 fnt\n|faint|p1b: Primarina\n|-damage|p2a: Garchomp|81\/100|[from] item: Life Orb\n|\n|win|SeaWolfMikess\n|raw|Super Crist's rating: 1696 &rarr; <strong>1675<\/strong><br \/>(-21 for losing)\n|raw|SeaWolfMikess's rating: 1685 &rarr; <strong>1706<\/strong><br \/>(+21 for winning)\n|l|\u2606SeaWolfMikess\n|player|p2|\n|l|\u203dSuper Crist\n|player|p1|\n","uploadtime":1726450715,"views":16,"formatid":"gen9vgc2024regh","rating":1675,"private":0,"password":null}