{"id":"gen9vgc2024regh-2202496026","format":"[Gen 9] VGC 2024 Reg H","players":["Spottedwoot","tommytinkle"],"log":"|j|\u2606Spottedwoot\n|j|\u2606tommytinkle\n|t:|1726448879\n|gametype|doubles\n|player|p1|Spottedwoot|266|1717\n|player|p2|tommytinkle|linebacker|1750\n|teamsize|p1|6\n|teamsize|p2|6\n|gen|9\n|tier|[Gen 9] VGC 2024 Reg H\n|rated|\n|rule|Species Clause: Limit one of each Pok\u00e9mon\n|rule|Item Clause: Limit 1 of each item\n|clearpoke\n|poke|p1|Rillaboom, L50, F|\n|poke|p1|Kingambit, L50, M|\n|poke|p1|Primarina, L50, M|\n|poke|p1|Salamence, L50, F|\n|poke|p1|Gholdengo, L50|\n|poke|p1|Sneasler, L50, F|\n|poke|p2|Garchomp, L50, M|\n|poke|p2|Dragonite, L50, F|\n|poke|p2|Annihilape, L50, F|\n|poke|p2|Maushold, L50|\n|poke|p2|Tyranitar, L50, M|\n|poke|p2|Primarina, L50, F|\n|teampreview|4\n|\n|t:|1726448923\n|start\n|switch|p1a: Salamence|Salamence, L50, F|100\/100\n|switch|p1b: Gholdengo|Gholdengo, L50|100\/100\n|switch|p2a: Annihilape|Annihilape, L50, F|100\/100\n|switch|p2b: Maushold|Maushold, L50|100\/100\n|-ability|p1a: Salamence|Intimidate|boost\n|-unboost|p2a: Annihilape|atk|1\n|-ability|p2a: Annihilape|Defiant|boost\n|-boost|p2a: Annihilape|atk|2\n|-unboost|p2b: Maushold|atk|1\n|turn|1\n|inactive|Battle timer is ON: inactive players will automatically lose when time's up. (requested by tommytinkle)\n|\n|t:|1726448945\n|-terastallize|p1b: Gholdengo|Steel\n|-terastallize|p2a: Annihilape|Fire\n|move|p1a: Salamence|Tailwind|p1a: Salamence\n|-sidestart|p1: Spottedwoot|move: Tailwind\n|move|p1b: Gholdengo|Make It Rain|p2a: Annihilape|[spread] p2a,p2b\n|-resisted|p2a: Annihilape\n|-damage|p2a: Annihilape|66\/100\n|-damage|p2b: Maushold|7\/100\n|-unboost|p1b: Gholdengo|spa|1\n|move|p2b: Maushold|Beat Up|p2a: Annihilape\n|-damage|p2a: Annihilape|65\/100\n|-damage|p2a: Annihilape|63\/100\n|-damage|p2a: Annihilape|61\/100\n|-damage|p2a: Annihilape|60\/100\n|-hitcount|p2a: Annihilape|4\n|move|p2a: Annihilape|Rage Fist|p1b: Gholdengo\n|-damage|p1b: Gholdengo|0 fnt\n|faint|p1b: Gholdengo\n|\n|-heal|p2a: Annihilape|66\/100|[from] item: Leftovers\n|upkeep\n|\n|t:|1726448957\n|switch|p1b: Primarina|Primarina, L50, M|100\/100\n|turn|2\n|\n|t:|1726448973\n|move|p2b: Maushold|Follow Me|p2b: Maushold\n|-singleturn|p2b: Maushold|move: Follow Me\n|move|p1a: Salamence|Hurricane|p2b: Maushold|[miss]\n|-miss|p1a: Salamence|p2b: Maushold\n|move|p1b: Primarina|Hyper Voice|p2a: Annihilape|[spread] p2a,p2b\n|-supereffective|p2a: Annihilape\n|-damage|p2a: Annihilape|18\/100\n|-damage|p2b: Maushold|0 fnt\n|faint|p2b: Maushold\n|-enditem|p1b: Primarina|Throat Spray\n|-boost|p1b: Primarina|spa|1|[from] item: Throat Spray\n|move|p2a: Annihilape|Rage Fist|p1b: Primarina\n|-damage|p1b: Primarina|0 fnt\n|faint|p1b: Primarina\n|\n|-heal|p2a: Annihilape|24\/100|[from] item: Leftovers\n|upkeep\n|\n|t:|1726448992\n|switch|p2b: Primarina|Primarina, L50, F|100\/100\n|switch|p1b: Sneasler|Sneasler, L50, F|100\/100\n|turn|3\n|\n|t:|1726449007\n|move|p2a: Annihilape|Protect|p2a: Annihilape\n|-singleturn|p2a: Annihilape|Protect\n|move|p2b: Primarina|Protect|p2b: Primarina\n|-singleturn|p2b: Primarina|Protect\n|move|p1b: Sneasler|Fake Out|p2b: Primarina\n|-activate|p2b: Primarina|move: Protect\n|move|p1a: Salamence|Draco Meteor|p2a: Annihilape\n|-activate|p2a: Annihilape|move: Protect\n|\n|-heal|p2a: Annihilape|30\/100|[from] item: Leftovers\n|upkeep\n|turn|4\n|inactive|tommytinkle has 30 seconds left.\n|\n|t:|1726449033\n|move|p1b: Sneasler|Dire Claw|p2b: Primarina\n|-supereffective|p2b: Primarina\n|-damage|p2b: Primarina|0 fnt\n|faint|p2b: Primarina\n|move|p1a: Salamence|Draco Meteor|p2a: Annihilape\n|-damage|p2a: Annihilape|0 fnt\n|-unboost|p1a: Salamence|spa|2\n|faint|p2a: Annihilape\n|-damage|p1a: Salamence|90\/100|[from] item: Life Orb\n|\n|-sideend|p1: Spottedwoot|move: Tailwind\n|upkeep\n|\n|t:|1726449037\n|switch|p2a: Tyranitar|Tyranitar, L50, M|100\/100\n|-weather|Sandstorm|[from] ability: Sand Stream|[of] p2a: Tyranitar\n|turn|5\n|\n|t:|1726449054\n|move|p1b: Sneasler|Close Combat|p2a: Tyranitar\n|-supereffective|p2a: Tyranitar\n|-damage|p2a: Tyranitar|0 fnt\n|-unboost|p1b: Sneasler|def|1\n|-unboost|p1b: Sneasler|spd|1\n|faint|p2a: Tyranitar\n|\n|win|Spottedwoot\n|raw|Spottedwoot's rating: 1717 &rarr; <strong>1739<\/strong><br \/>(+22 for winning)\n|raw|tommytinkle's rating: 1750 &rarr; <strong>1728<\/strong><br \/>(-22 for losing)\n|l|\u2606tommytinkle\n|player|p2|\n","uploadtime":1726449060,"views":221,"formatid":"gen9vgc2024regh","rating":1728,"private":0,"password":null}