{"id":"gen9vgc2024regh-2202826175","format":"[Gen 9] VGC 2024 Reg H","players":["emu2567","CarryTheBoats"],"log":"|j|\u2606emu2567\n|j|\u2606CarryTheBoats\n|t:|1726495694\n|gametype|doubles\n|player|p1|emu2567|169|1753\n|player|p2|CarryTheBoats|crasherwake|1715\n|teamsize|p1|6\n|teamsize|p2|6\n|gen|9\n|tier|[Gen 9] VGC 2024 Reg H\n|rated|\n|rule|Species Clause: Limit one of each Pok\u00e9mon\n|rule|Item Clause: Limit 1 of each item\n|clearpoke\n|poke|p1|Gastrodon, L50, M|\n|poke|p1|Farigiraf, L50, F|\n|poke|p1|Hydreigon, L50, M|\n|poke|p1|Annihilape, L50, M|\n|poke|p1|Incineroar, L50, F|\n|poke|p1|Ursaluna-Bloodmoon, L50, M|\n|poke|p2|Kingambit, L50, M|\n|poke|p2|Salamence, L50, F|\n|poke|p2|Archaludon, L50, M|\n|poke|p2|Pelipper, L50, M|\n|poke|p2|Basculegion, L50, M|\n|poke|p2|Amoonguss, L50, F|\n|teampreview|4\n|\n|t:|1726495743\n|start\n|switch|p1a: Farigiraf|Farigiraf, L50, F|100\/100\n|switch|p1b: Incineroar|Incineroar, L50, F|100\/100\n|switch|p2a: Amoonguss|Amoonguss, L50, F|100\/100\n|switch|p2b: Archaludon|Archaludon, L50, M|100\/100\n|turn|1\n|\n|t:|1726495771\n|switch|p1b: Annihilape|Annihilape, L50, M|100\/100\n|move|p2b: Archaludon|Electro Shot||[still]\n|-prepare|p2b: Archaludon|Electro Shot\n|-boost|p2b: Archaludon|spa|1\n|-enditem|p2b: Archaludon|Power Herb\n|-anim|p2b: Archaludon|Electro Shot|p1b: Annihilape\n|-damage|p1b: Annihilape|35\/100\n|move|p2a: Amoonguss|Spore|p1a: Farigiraf\n|-ability|p1a: Farigiraf|Sap Sipper|boost\n|-boost|p1a: Farigiraf|atk|1\n|move|p1a: Farigiraf|Trick Room|p1a: Farigiraf\n|-fieldstart|move: Trick Room|[of] p1a: Farigiraf\n|\n|upkeep\n|turn|2\n|\n|t:|1726495795\n|move|p2a: Amoonguss|Spore|p1b: Annihilape\n|-activate|p1b: Annihilape|item: Safety Goggles|Spore\n|move|p1a: Farigiraf|Beat Up|p1b: Annihilape\n|-damage|p1b: Annihilape|30\/100\n|-damage|p1b: Annihilape|24\/100\n|-damage|p1b: Annihilape|21\/100\n|-damage|p1b: Annihilape|16\/100\n|-hitcount|p1b: Annihilape|4\n|move|p1b: Annihilape|Rage Fist|p2b: Archaludon\n|-ability|p2b: Archaludon|Sturdy\n|-damage|p2b: Archaludon|1\/100\n|move|p2b: Archaludon|Dragon Pulse|p1a: Farigiraf\n|-damage|p1a: Farigiraf|41\/100\n|\n|upkeep\n|turn|3\n|j| tetsuokaga\n|\n|t:|1726495820\n|move|p2b: Archaludon|Protect|p2b: Archaludon\n|-singleturn|p2b: Archaludon|Protect\n|move|p2a: Amoonguss|Sludge Bomb|p1b: Annihilape\n|-resisted|p1b: Annihilape\n|-damage|p1b: Annihilape|3\/100\n|-status|p1b: Annihilape|psn\n|move|p1a: Farigiraf|Psychic Noise|p2a: Amoonguss\n|-supereffective|p2a: Amoonguss\n|-damage|p2a: Amoonguss|51\/100\n|-start|p2a: Amoonguss|move: Heal Block\n|move|p1b: Annihilape|Drain Punch|p2b: Archaludon\n|-activate|p2b: Archaludon|move: Protect\n|\n|-damage|p1b: Annihilape|0 fnt|[from] psn\n|faint|p1b: Annihilape\n|upkeep\n|\n|t:|1726495838\n|switch|p1b: Incineroar|Incineroar, L50, F|100\/100\n|turn|4\n|\n|t:|1726495855\n|switch|p2a: Pelipper|Pelipper, L50, M|100\/100\n|-weather|RainDance|[from] ability: Drizzle|[of] p2a: Pelipper\n|-terastallize|p1b: Incineroar|Grass\n|move|p1a: Farigiraf|Earthquake|p2b: Archaludon|[spread] p1b,p2b\n|-immune|p2a: Pelipper\n|-resisted|p1b: Incineroar\n|-supereffective|p2b: Archaludon\n|-damage|p1b: Incineroar|89\/100\n|-damage|p2b: Archaludon|0 fnt\n|faint|p2b: Archaludon\n|move|p1b: Incineroar|Knock Off|p2a: Pelipper\n|-damage|p2a: Pelipper|36\/100\n|-enditem|p2a: Pelipper|Focus Sash|[from] move: Knock Off|[of] p1b: Incineroar\n|\n|-weather|RainDance|[upkeep]\n|upkeep\n|\n|t:|1726495866\n|switch|p2b: Kingambit|Kingambit, L50, M, shiny|100\/100\n|turn|5\n|\n|t:|1726495877\n|move|p2a: Pelipper|Protect|p2a: Pelipper\n|-singleturn|p2a: Pelipper|Protect\n|move|p1a: Farigiraf|Psychic Noise|p2a: Pelipper\n|-activate|p2a: Pelipper|move: Protect\n|move|p1b: Incineroar|Close Combat|p2b: Kingambit\n|-supereffective|p2b: Kingambit\n|-damage|p2b: Kingambit|0 fnt\n|-unboost|p1b: Incineroar|def|1\n|-unboost|p1b: Incineroar|spd|1\n|faint|p2b: Kingambit\n|\n|-weather|RainDance|[upkeep]\n|-fieldend|move: Trick Room\n|upkeep\n|\n|t:|1726495884\n|switch|p2b: Amoonguss|Amoonguss, L50, F|84\/100\n|turn|6\n|\n|t:|1726495916\n|switch|p1b: Ursaluna|Ursaluna-Bloodmoon, L50, M|100\/100\n|move|p2a: Pelipper|Weather Ball|p1a: Farigiraf\n|-damage|p1a: Farigiraf|0 fnt\n|faint|p1a: Farigiraf\n|move|p2b: Amoonguss|Sludge Bomb|p1b: Ursaluna\n|-resisted|p1b: Ursaluna\n|-damage|p1b: Ursaluna|85\/100\n|\n|-weather|RainDance|[upkeep]\n|upkeep\n|\n|t:|1726495927\n|switch|p1a: Incineroar|Incineroar, L50, F, tera:Grass|89\/100\n|turn|7\n|\n|t:|1726495933\n|-terastallize|p2a: Pelipper|Ghost\n|move|p1a: Incineroar|Fake Out|p2b: Amoonguss\n|-damage|p2b: Amoonguss|73\/100\n|move|p2a: Pelipper|Weather Ball|p1b: Ursaluna\n|-supereffective|p1b: Ursaluna\n|-damage|p1b: Ursaluna|0 fnt\n|faint|p1b: Ursaluna\n|cant|p2b: Amoonguss|flinch\n|\n|-weather|RainDance|[upkeep]\n|upkeep\n|turn|8\n|j| Rabbithorn01\n|\n|t:|1726495947\n|move|p2a: Pelipper|Hurricane|p1a: Incineroar\n|-supereffective|p1a: Incineroar\n|-damage|p1a: Incineroar|0 fnt\n|faint|p1a: Incineroar\n|\n|win|CarryTheBoats\n|raw|emu2567's rating: 1753 &rarr; <strong>1731<\/strong><br \/>(-22 for losing)\n|raw|CarryTheBoats's rating: 1715 &rarr; <strong>1737<\/strong><br \/>(+22 for winning)\n|l|\u2606emu2567\n|player|p1|\n|l|\u2606CarryTheBoats\n|player|p2|\n|l| tetsuokaga\n","uploadtime":1726496056,"views":159,"formatid":"gen9vgc2024regh","rating":1731,"private":0,"password":null}