{"id":"gen9vgc2024regh-2202589851","format":"[Gen 9] VGC 2024 Reg H","players":["Noahrba","Kirito127"],"log":"|j|\u2606Noahrba\n|j|\u2606Kirito127\n|t:|1726460915\n|gametype|doubles\n|player|p1|Noahrba|1|1647\n|player|p2|Kirito127|266|1715\n|teamsize|p1|6\n|teamsize|p2|6\n|gen|9\n|tier|[Gen 9] VGC 2024 Reg H\n|rated|\n|rule|Species Clause: Limit one of each Pok\u00e9mon\n|rule|Item Clause: Limit 1 of each item\n|clearpoke\n|poke|p1|Dragonite, L50, M|\n|poke|p1|Gholdengo, L50|\n|poke|p1|Sneasler, L50, M|\n|poke|p1|Kingambit, L50, M|\n|poke|p1|Rillaboom, L50, F|\n|poke|p1|Clefable, L50, M|\n|poke|p2|Volcarona, L50, F|\n|poke|p2|Rillaboom, L50, F|\n|poke|p2|Primarina, L50, F|\n|poke|p2|Electabuzz, L50, F|\n|poke|p2|Kingambit, L50, F|\n|poke|p2|Sneasler, L50, M|\n|teampreview|4\n|inactive|Battle timer is ON: inactive players will automatically lose when time's up. (requested by Noahrba)\n|j| Rabbithorn01\n|j| mr pogostick\n|inactive|Noahrba has 60 seconds left.\n|inactive|Kirito127 has 60 seconds left.\n|\n|t:|1726460959\n|start\n|switch|p1a: Dragonite|Dragonite, L50, M|100\/100\n|switch|p1b: Gholdengo|Gholdengo, L50|100\/100\n|switch|p2a: Kingambit|Kingambit, L50, F|100\/100\n|switch|p2b: Sneasler|Sneasler, L50, M|100\/100\n|turn|1\n|j| THUNDERSND77\n|j| GameLurker69\n|inactive|Noahrba has 30 seconds left.\n|inactive|Noahrba has 20 seconds left.\n|j| becauseyoutoldme2\n|inactive|Noahrba has 15 seconds left.\n|\n|t:|1726461000\n|switch|p1b: Rillaboom|Rillaboom, L50, F|100\/100\n|-fieldstart|move: Grassy Terrain|[from] ability: Grassy Surge|[of] p1b: Rillaboom\n|switch|p2a: Volcarona|Volcarona, L50, F|100\/100\n|-terastallize|p1a: Dragonite|Flying\n|move|p2b: Sneasler|Protect|p2b: Sneasler\n|-singleturn|p2b: Sneasler|Protect\n|move|p1a: Dragonite|Tera Blast|p2b: Sneasler|[anim] Tera Blast Flying\n|-activate|p2b: Sneasler|move: Protect\n|\n|upkeep\n|turn|2\n|j| epschrad\n|inactive|Kirito127 has 30 seconds left.\n|\n|t:|1726461026\n|switch|p2b: Kingambit|Kingambit, L50, F|100\/100\n|move|p2a: Volcarona|Protect|p2a: Volcarona\n|-singleturn|p2a: Volcarona|Protect\n|move|p1b: Rillaboom|Fake Out|p2b: Kingambit\n|-resisted|p2b: Kingambit\n|-damage|p2b: Kingambit|96\/100\n|move|p1a: Dragonite|Tera Blast|p2b: Kingambit|[anim] Tera Blast Flying\n|-resisted|p2b: Kingambit\n|-damage|p2b: Kingambit|73\/100\n|\n|-heal|p2b: Kingambit|79\/100|[from] Grassy Terrain\n|upkeep\n|turn|3\n|\n|t:|1726461048\n|move|p2a: Volcarona|Quiver Dance|p2a: Volcarona\n|-boost|p2a: Volcarona|spa|1\n|-boost|p2a: Volcarona|spd|1\n|-boost|p2a: Volcarona|spe|1\n|move|p1a: Dragonite|Tera Blast|p2a: Volcarona|[anim] Tera Blast Flying\n|-supereffective|p2a: Volcarona\n|-damage|p2a: Volcarona|0 fnt\n|faint|p2a: Volcarona\n|move|p1b: Rillaboom|U-turn|p2b: Kingambit\n|-damage|p2b: Kingambit|60\/100\n|\n|t:|1726461052\n|switch|p1b: Kingambit|Kingambit, L50, M|100\/100|[from] U-turn\n|move|p2b: Kingambit|Kowtow Cleave|p1b: Kingambit\n|-resisted|p1b: Kingambit\n|-damage|p1b: Kingambit|83\/100\n|\n|-heal|p2b: Kingambit|66\/100|[from] Grassy Terrain\n|-heal|p1b: Kingambit|88\/100|[from] Grassy Terrain\n|upkeep\n|\n|t:|1726461064\n|switch|p2a: Sneasler|Sneasler, L50, M|100\/100\n|turn|4\n|\n|t:|1726461076\n|switch|p1b: Gholdengo|Gholdengo, L50|100\/100\n|move|p2a: Sneasler|Close Combat|p1b: Gholdengo\n|-immune|p1b: Gholdengo\n|move|p1a: Dragonite|Tera Blast|p2a: Sneasler|[anim] Tera Blast Flying\n|-supereffective|p2a: Sneasler\n|-crit|p2a: Sneasler\n|-enditem|p2a: Sneasler|Focus Sash\n|-damage|p2a: Sneasler|1\/100\n|move|p2b: Kingambit|Swords Dance|p2b: Kingambit\n|-boost|p2b: Kingambit|atk|2\n|\n|-heal|p2a: Sneasler|7\/100|[from] Grassy Terrain\n|-heal|p2b: Kingambit|72\/100|[from] Grassy Terrain\n|upkeep\n|turn|5\n|j| Daniel1VGC\n|\n|t:|1726461097\n|switch|p1b: Kingambit|Kingambit, L50, M|88\/100\n|-terastallize|p2b: Kingambit|Dark\n|move|p1a: Dragonite|Extreme Speed|p2a: Sneasler\n|-damage|p2a: Sneasler|0 fnt\n|faint|p2a: Sneasler\n|move|p2b: Kingambit|Sucker Punch||[still]\n|-fail|p2b: Kingambit\n|\n|-heal|p2b: Kingambit|78\/100|[from] Grassy Terrain\n|-heal|p1b: Kingambit|94\/100|[from] Grassy Terrain\n|-fieldend|move: Grassy Terrain\n|upkeep\n|\n|t:|1726461109\n|switch|p2a: Primarina|Primarina, L50, F|100\/100\n|turn|6\n|\n|t:|1726461124\n|move|p1a: Dragonite|Tera Blast|p2a: Primarina|[anim] Tera Blast Flying\n|-damage|p2a: Primarina|31\/100\n|move|p2a: Primarina|Hyper Voice|p1a: Dragonite|[spread] p1a,p1b\n|-damage|p1a: Dragonite|84\/100\n|-damage|p1b: Kingambit|63\/100\n|-enditem|p2a: Primarina|Throat Spray\n|-boost|p2a: Primarina|spa|1|[from] item: Throat Spray\n|move|p2b: Kingambit|Kowtow Cleave|p1a: Dragonite\n|-damage|p1a: Dragonite|0 fnt\n|faint|p1a: Dragonite\n|move|p1b: Kingambit|Low Kick|p2b: Kingambit\n|-supereffective|p2b: Kingambit\n|-damage|p2b: Kingambit|19\/100\n|\n|upkeep\n|\n|t:|1726461130\n|switch|p1a: Rillaboom|Rillaboom, L50, F|100\/100\n|-fieldstart|move: Grassy Terrain|[from] ability: Grassy Surge|[of] p1a: Rillaboom\n|turn|7\n|\n|t:|1726461142\n|move|p2a: Primarina|Protect|p2a: Primarina\n|-singleturn|p2a: Primarina|Protect\n|move|p1a: Rillaboom|Fake Out|p2a: Primarina\n|-activate|p2a: Primarina|move: Protect\n|move|p2b: Kingambit|Kowtow Cleave|p1a: Rillaboom\n|-damage|p1a: Rillaboom|0 fnt\n|faint|p1a: Rillaboom\n|move|p1b: Kingambit|Low Kick|p2b: Kingambit\n|-supereffective|p2b: Kingambit\n|-damage|p2b: Kingambit|0 fnt\n|faint|p2b: Kingambit\n|\n|-heal|p2a: Primarina|37\/100|[from] Grassy Terrain\n|-heal|p1b: Kingambit|69\/100|[from] Grassy Terrain\n|upkeep\n|\n|t:|1726461144\n|switch|p1a: Gholdengo|Gholdengo, L50|100\/100\n|turn|8\n|-message|Kirito127 forfeited.\n|\n|win|Noahrba\n|raw|Noahrba's rating: 1647 &rarr; <strong>1671<\/strong><br \/>(+24 for winning)\n|raw|Kirito127's rating: 1715 &rarr; <strong>1691<\/strong><br \/>(-24 for losing)\n|l|\u2606Kirito127\n|player|p2|\n|l|\u2606Noahrba\n|player|p1|\n|l| Daniel1VGC\n|l| GameLurker69\n|l| THUNDERSND77\n|l| epschrad\n","uploadtime":1726461324,"views":24,"formatid":"gen9vgc2024regh","rating":1671,"private":0,"password":null}