{"id":"gen9vgc2024regh-2203799959","format":"[Gen 9] VGC 2024 Reg H","players":["chin8","glastrier4lyfe"],"log":"|j|\u2606chin8\n|j|\u2606glastrier4lyfe\n|t:|1726600477\n|gametype|doubles\n|player|p1|chin8|gentleman-gen4dp|1808\n|player|p2|glastrier4lyfe|harlequin|1724\n|teamsize|p1|6\n|teamsize|p2|6\n|gen|9\n|tier|[Gen 9] VGC 2024 Reg H\n|rated|\n|rule|Species Clause: Limit one of each Pok\u00e9mon\n|rule|Item Clause: Limit 1 of each item\n|clearpoke\n|poke|p1|Baxcalibur, L50, F|\n|poke|p1|Kilowattrel, L50, F|\n|poke|p1|Haxorus, L50, M|\n|poke|p1|Gardevoir, L50, F|\n|poke|p1|Magmortar, L50, F|\n|poke|p1|Gholdengo, L50|\n|poke|p2|Volcarona, L50, M|\n|poke|p2|Staraptor, L50, F|\n|poke|p2|Rillaboom, L50, M|\n|poke|p2|Primarina, L50, M|\n|poke|p2|Kingambit, L50, F|\n|poke|p2|Sneasler, L50, F|\n|teampreview|4\n|inactive|Battle timer is ON: inactive players will automatically lose when time's up. (requested by glastrier4lyfe)\n|inactive|glastrier4lyfe has 60 seconds left.\n|\n|t:|1726600516\n|start\n|switch|p1a: Haxorus|Haxorus, L50, M, shiny|100\/100\n|switch|p1b: Kilowattrel|Kilowattrel, L50, F|100\/100\n|switch|p2a: Volcarona|Volcarona, L50, M|100\/100\n|switch|p2b: Rillaboom|Rillaboom, L50, M|100\/100\n|-ability|p1a: Haxorus|Mold Breaker\n|-fieldstart|move: Grassy Terrain|[from] ability: Grassy Surge|[of] p2b: Rillaboom\n|turn|1\n|\n|t:|1726600522\n|move|p2b: Rillaboom|Fake Out|p1a: Haxorus\n|-damage|p1a: Haxorus|83\/100\n|move|p1b: Kilowattrel|Tailwind|p1b: Kilowattrel\n|-sidestart|p1: chin8|move: Tailwind\n|cant|p1a: Haxorus|flinch\n|move|p2a: Volcarona|Quiver Dance|p2a: Volcarona\n|-boost|p2a: Volcarona|spa|1\n|-boost|p2a: Volcarona|spd|1\n|-boost|p2a: Volcarona|spe|1\n|\n|-heal|p1a: Haxorus|89\/100|[from] Grassy Terrain\n|upkeep\n|turn|2\n|\n|t:|1726600534\n|move|p2a: Volcarona|Protect|p2a: Volcarona\n|-singleturn|p2a: Volcarona|Protect\n|move|p1b: Kilowattrel|Air Slash|p2b: Rillaboom\n|-supereffective|p2b: Rillaboom\n|-damage|p2b: Rillaboom|56\/100\n|move|p1a: Haxorus|Rock Slide|p2b: Rillaboom|[spread] \n|-activate|p2a: Volcarona|move: Protect\n|-miss|p1a: Haxorus|p2b: Rillaboom\n|move|p2b: Rillaboom|U-turn|p1a: Haxorus\n|-damage|p1a: Haxorus|58\/100\n|\n|t:|1726600545\n|switch|p2b: Kingambit|Kingambit, L50, F|100\/100|[from] U-turn\n|\n|-heal|p1a: Haxorus|64\/100|[from] Grassy Terrain\n|upkeep\n|turn|3\n|\n|t:|1726600556\n|-terastallize|p2a: Volcarona|Steel\n|move|p1b: Kilowattrel|Air Slash|p2a: Volcarona\n|-resisted|p2a: Volcarona\n|-damage|p2a: Volcarona|90\/100\n|move|p1a: Haxorus|Close Combat|p2b: Kingambit\n|-supereffective|p2b: Kingambit\n|-damage|p2b: Kingambit|0 fnt\n|-unboost|p1a: Haxorus|def|1\n|-unboost|p1a: Haxorus|spd|1\n|faint|p2b: Kingambit\n|cant|p2a: Volcarona|flinch\n|\n|-heal|p1a: Haxorus|70\/100|[from] Grassy Terrain\n|-heal|p2a: Volcarona|96\/100|[from] Grassy Terrain\n|-heal|p2a: Volcarona|100\/100|[from] item: Leftovers\n|upkeep\n|\n|t:|1726600565\n|switch|p2b: Rillaboom|Rillaboom, L50, M|56\/100\n|turn|4\n|\n|t:|1726600576\n|move|p2b: Rillaboom|Fake Out|p1a: Haxorus\n|-damage|p1a: Haxorus|41\/100\n|move|p1b: Kilowattrel|Air Slash|p2b: Rillaboom\n|-supereffective|p2b: Rillaboom\n|-damage|p2b: Rillaboom|12\/100\n|cant|p1a: Haxorus|flinch\n|move|p2a: Volcarona|Flamethrower|p1b: Kilowattrel\n|-enditem|p1b: Kilowattrel|Focus Sash\n|-damage|p1b: Kilowattrel|1\/100\n|-status|p1b: Kilowattrel|brn\n|\n|-heal|p1a: Haxorus|47\/100|[from] Grassy Terrain\n|-heal|p2b: Rillaboom|17\/100|[from] Grassy Terrain\n|-damage|p1b: Kilowattrel|0 fnt|[from] brn\n|faint|p1b: Kilowattrel\n|-sideend|p1: chin8|move: Tailwind\n|upkeep\n|\n|t:|1726600582\n|switch|p1b: Baxcalibur|Baxcalibur, L50, F|100\/100\n|turn|5\n|\n|t:|1726600587\n|switch|p2b: Primarina|Primarina, L50, M|100\/100\n|move|p1b: Baxcalibur|Ice Shard|p2b: Primarina\n|-resisted|p2b: Primarina\n|-damage|p2b: Primarina|88\/100\n|move|p2a: Volcarona|Flamethrower|p1a: Haxorus\n|-resisted|p1a: Haxorus\n|-damage|p1a: Haxorus|0 fnt\n|faint|p1a: Haxorus\n|\n|-heal|p2b: Primarina|94\/100|[from] Grassy Terrain\n|-fieldend|move: Grassy Terrain\n|upkeep\n|\n|t:|1726600590\n|switch|p1a: Gholdengo|Gholdengo, L50|100\/100\n|turn|6\n|\n|t:|1726600596\n|-terastallize|p1b: Baxcalibur|Ground\n|move|p1a: Gholdengo|Protect|p1a: Gholdengo\n|-singleturn|p1a: Gholdengo|Protect\n|move|p2a: Volcarona|Flamethrower|p1a: Gholdengo\n|-activate|p1a: Gholdengo|move: Protect\n|move|p1b: Baxcalibur|Earthquake|p2a: Volcarona|[spread] p2a,p2b\n|-activate|p1a: Gholdengo|move: Protect\n|-supereffective|p2a: Volcarona\n|-damage|p2a: Volcarona|0 fnt\n|-damage|p2b: Primarina|46\/100\n|faint|p2a: Volcarona\n|move|p2b: Primarina|Moonblast|p1b: Baxcalibur\n|-damage|p1b: Baxcalibur|72\/100\n|\n|upkeep\n|\n|t:|1726600600\n|switch|p2a: Rillaboom|Rillaboom, L50, M|17\/100\n|-fieldstart|move: Grassy Terrain|[from] ability: Grassy Surge|[of] p2a: Rillaboom\n|turn|7\n|\n|t:|1726600605\n|move|p2a: Rillaboom|Fake Out|p1b: Baxcalibur\n|-damage|p1b: Baxcalibur|57\/100\n|cant|p1b: Baxcalibur|flinch\n|move|p1a: Gholdengo|Make It Rain|p2a: Rillaboom|[spread] p2a,p2b\n|-damage|p2a: Rillaboom|0 fnt\n|-damage|p2b: Primarina|7\/100\n|-unboost|p1a: Gholdengo|spa|1\n|faint|p2a: Rillaboom\n|move|p2b: Primarina|Hyper Voice|p1b: Baxcalibur|[spread] p1a,p1b\n|-supereffective|p1b: Baxcalibur\n|-damage|p1a: Gholdengo|68\/100\n|-damage|p1b: Baxcalibur|22\/100\n|-enditem|p2b: Primarina|Throat Spray\n|-boost|p2b: Primarina|spa|1|[from] item: Throat Spray\n|\n|-heal|p1a: Gholdengo|74\/100|[from] Grassy Terrain\n|-heal|p1b: Baxcalibur|28\/100|[from] Grassy Terrain\n|-heal|p1a: Gholdengo|80\/100|[from] item: Leftovers\n|-heal|p2b: Primarina|13\/100|[from] Grassy Terrain\n|upkeep\n|turn|8\n|-message|glastrier4lyfe forfeited.\n|\n|win|chin8\n|raw|chin8's rating: 1808 &rarr; <strong>1823<\/strong><br \/>(+15 for winning)\n|raw|glastrier4lyfe's rating: 1724 &rarr; <strong>1709<\/strong><br \/>(-15 for losing)\n","uploadtime":1726600619,"views":72,"formatid":"gen9vgc2024regh","rating":1709,"private":0,"password":null}