{"id":"gen9vgc2024regh-2203209013","format":"[Gen 9] VGC 2024 Reg H","players":["glastrier4lyfe","Tommytinkle"],"log":"|j|\u2606glastrier4lyfe\n|j|\u2606Tommytinkle\n|t:|1726531196\n|gametype|doubles\n|player|p1|glastrier4lyfe|harlequin|1719\n|player|p2|Tommytinkle|265|1653\n|teamsize|p1|6\n|teamsize|p2|6\n|gen|9\n|tier|[Gen 9] VGC 2024 Reg H\n|rated|\n|rule|Species Clause: Limit one of each Pok\u00e9mon\n|rule|Item Clause: Limit 1 of each item\n|clearpoke\n|poke|p1|Volcarona, L50, M|\n|poke|p1|Staraptor, L50, M|\n|poke|p1|Rillaboom, L50, F|\n|poke|p1|Primarina, L50, F|\n|poke|p1|Kingambit, L50, M|\n|poke|p1|Sneasler, L50, F|\n|poke|p2|Garchomp, L50, M|\n|poke|p2|Dragonite, L50, F|\n|poke|p2|Annihilape, L50, F|\n|poke|p2|Maushold, L50|\n|poke|p2|Tyranitar, L50, M|\n|poke|p2|Primarina, L50, M|\n|teampreview|4\n|inactive|Battle timer is ON: inactive players will automatically lose when time's up. (requested by glastrier4lyfe)\n|inactive|glastrier4lyfe has 60 seconds left.\n|\n|t:|1726531228\n|start\n|switch|p1a: Primarina|Primarina, L50, F|100\/100\n|switch|p1b: Staraptor|Staraptor, L50, M|100\/100\n|switch|p2a: Garchomp|Garchomp, L50, M|100\/100\n|switch|p2b: Dragonite|Dragonite, L50, F|100\/100\n|-ability|p1b: Staraptor|Intimidate|boost\n|-unboost|p2a: Garchomp|atk|1\n|-unboost|p2b: Dragonite|atk|1\n|turn|1\n|\n|t:|1726531251\n|move|p1b: Staraptor|U-turn|p2b: Dragonite\n|-resisted|p2b: Dragonite\n|-damage|p2b: Dragonite|96\/100\n|-damage|p1b: Staraptor|84\/100|[from] item: Rocky Helmet|[of] p2b: Dragonite\n|\n|t:|1726531257\n|switch|p1b: Rillaboom|Rillaboom, L50, F|100\/100|[from] U-turn\n|-fieldstart|move: Grassy Terrain|[from] ability: Grassy Surge|[of] p1b: Rillaboom\n|move|p2a: Garchomp|Rock Slide|p1a: Primarina|[spread] p1a,p1b\n|-damage|p1a: Primarina|82\/100\n|-damage|p1b: Rillaboom|84\/100\n|-damage|p2a: Garchomp|91\/100|[from] item: Life Orb\n|move|p2b: Dragonite|Thunder Wave|p1a: Primarina\n|-status|p1a: Primarina|par\n|move|p1a: Primarina|Moonblast|p2b: Dragonite\n|-supereffective|p2b: Dragonite\n|-damage|p2b: Dragonite|17\/100\n|\n|-heal|p2a: Garchomp|97\/100|[from] Grassy Terrain\n|-heal|p1b: Rillaboom|90\/100|[from] Grassy Terrain\n|-heal|p1a: Primarina|88\/100 par|[from] Grassy Terrain\n|upkeep\n|turn|2\n|inactive|Tommytinkle has 30 seconds left.\n|\n|t:|1726531284\n|switch|p2a: Tyranitar|Tyranitar, L50, M|100\/100\n|-weather|Sandstorm|[from] ability: Sand Stream|[of] p2a: Tyranitar\n|move|p1b: Rillaboom|Wood Hammer|p2a: Tyranitar\n|-supereffective|p2a: Tyranitar\n|-damage|p2a: Tyranitar|0 fnt\n|faint|p2a: Tyranitar\n|-damage|p1b: Rillaboom|57\/100|[from] Recoil\n|move|p2b: Dragonite|Thunder Wave|p1b: Rillaboom\n|-status|p1b: Rillaboom|par\n|move|p1a: Primarina|Hyper Voice|p2b: Dragonite\n|-resisted|p2b: Dragonite\n|-damage|p2b: Dragonite|0 fnt\n|faint|p2b: Dragonite\n|-enditem|p1a: Primarina|Throat Spray\n|-boost|p1a: Primarina|spa|1|[from] item: Throat Spray\n|\n|-weather|Sandstorm|[upkeep]\n|-damage|p1b: Rillaboom|51\/100 par|[from] Sandstorm\n|-damage|p1a: Primarina|82\/100 par|[from] Sandstorm\n|-heal|p1b: Rillaboom|57\/100 par|[from] Grassy Terrain\n|-heal|p1a: Primarina|88\/100 par|[from] Grassy Terrain\n|upkeep\n|\n|t:|1726531297\n|switch|p2b: Primarina|Primarina, L50, M|100\/100\n|switch|p2a: Garchomp|Garchomp, L50, M|97\/100\n|turn|3\n|inactive|glastrier4lyfe has 30 seconds left.\n|\n|t:|1726531329\n|-terastallize|p2b: Primarina|Grass\n|cant|p1b: Rillaboom|par\n|move|p2a: Garchomp|Rock Slide|p1b: Rillaboom|[spread] p1a,p1b\n|-damage|p1a: Primarina|57\/100 par\n|-damage|p1b: Rillaboom|34\/100 par\n|-damage|p2a: Garchomp|87\/100|[from] item: Life Orb\n|move|p2b: Primarina|Moonblast|p1a: Primarina\n|-damage|p1a: Primarina|15\/100 par\n|cant|p1a: Primarina|flinch\n|\n|-weather|Sandstorm|[upkeep]\n|-damage|p2b: Primarina|95\/100|[from] Sandstorm\n|-damage|p1b: Rillaboom|29\/100 par|[from] Sandstorm\n|-damage|p1a: Primarina|9\/100 par|[from] Sandstorm\n|-heal|p2a: Garchomp|93\/100|[from] Grassy Terrain\n|-heal|p2b: Primarina|100\/100|[from] Grassy Terrain\n|-heal|p1b: Rillaboom|34\/100 par|[from] Grassy Terrain\n|-heal|p1a: Primarina|15\/100 par|[from] Grassy Terrain\n|upkeep\n|turn|4\n|\n|t:|1726531352\n|switch|p1b: Staraptor|Staraptor, L50, M|84\/100\n|-ability|p1b: Staraptor|Intimidate|boost\n|-unboost|p2a: Garchomp|atk|1\n|-unboost|p2b: Primarina|atk|1\n|move|p2a: Garchomp|Rock Slide|p1b: Staraptor|[spread] p1a,p1b\n|-supereffective|p1b: Staraptor\n|-damage|p1a: Primarina|0 fnt\n|-damage|p1b: Staraptor|41\/100\n|faint|p1a: Primarina\n|-damage|p2a: Garchomp|83\/100|[from] item: Life Orb\n|move|p2b: Primarina|Moonblast|p1b: Staraptor\n|-damage|p1b: Staraptor|0 fnt\n|faint|p1b: Staraptor\n|\n|-weather|Sandstorm|[upkeep]\n|-damage|p2b: Primarina|95\/100|[from] Sandstorm\n|-heal|p2a: Garchomp|89\/100|[from] Grassy Terrain\n|-heal|p2b: Primarina|100\/100|[from] Grassy Terrain\n|upkeep\n|\n|t:|1726531358\n|switch|p1b: Rillaboom|Rillaboom, L50, F|34\/100 par\n|switch|p1a: Kingambit|Kingambit, L50, M|100\/100\n|turn|5\n|inactive|Tommytinkle has 30 seconds left.\n|\n|t:|1726531393\n|move|p2a: Garchomp|Protect|p2a: Garchomp\n|-singleturn|p2a: Garchomp|Protect\n|move|p1b: Rillaboom|Fake Out|p2a: Garchomp\n|-activate|p2a: Garchomp|move: Protect\n|move|p2b: Primarina|Haze|p2b: Primarina\n|-clearallboost\n|move|p1a: Kingambit|Swords Dance|p1a: Kingambit\n|-boost|p1a: Kingambit|atk|2\n|\n|-weather|Sandstorm|[upkeep]\n|-damage|p2b: Primarina|95\/100|[from] Sandstorm\n|-damage|p1b: Rillaboom|29\/100 par|[from] Sandstorm\n|-heal|p2a: Garchomp|95\/100|[from] Grassy Terrain\n|-heal|p2b: Primarina|100\/100|[from] Grassy Terrain\n|-heal|p1b: Rillaboom|34\/100 par|[from] Grassy Terrain\n|-fieldend|move: Grassy Terrain\n|upkeep\n|turn|6\n|inactive|glastrier4lyfe has 30 seconds left.\n|inactive|Tommytinkle has 30 seconds left.\n|\n|t:|1726531425\n|-terastallize|p1a: Kingambit|Dragon\n|move|p2a: Garchomp|Protect||[still]\n|-fail|p2a: Garchomp\n|move|p1a: Kingambit|Sucker Punch||[still]\n|-fail|p1a: Kingambit\n|move|p2b: Primarina|Moonblast|p1b: Rillaboom\n|-damage|p1b: Rillaboom|0 fnt\n|faint|p1b: Rillaboom\n|\n|-weather|none\n|upkeep\n|turn|7\n|\n|t:|1726531446\n|move|p2a: Garchomp|Dragon Claw|p1a: Kingambit\n|-supereffective|p1a: Kingambit\n|-damage|p1a: Kingambit|14\/100\n|-damage|p2a: Garchomp|85\/100|[from] item: Life Orb\n|move|p2b: Primarina|Moonblast|p1a: Kingambit\n|-supereffective|p1a: Kingambit\n|-damage|p1a: Kingambit|0 fnt\n|faint|p1a: Kingambit\n|\n|win|Tommytinkle\n|raw|glastrier4lyfe's rating: 1719 &rarr; <strong>1695<\/strong><br \/>(-24 for losing)\n|raw|Tommytinkle's rating: 1653 &rarr; <strong>1677<\/strong><br \/>(+24 for winning)\n|l|\u2606Tommytinkle\n|player|p2|\n|l|\u2606glastrier4lyfe\n|player|p1|\n","uploadtime":1726531452,"views":18,"formatid":"gen9vgc2024regh","rating":1677,"private":0,"password":null}