{"id":"gen9vgc2024regh-2203083892","format":"[Gen 9] VGC 2024 Reg H","players":["plato1","Vouldoon"],"log":"|j|\u2606plato1\n|j|\u2606Vouldoon\n|t:|1726518211\n|gametype|doubles\n|player|p1|plato1|morty|1684\n|player|p2|Vouldoon|101|1720\n|teamsize|p1|6\n|teamsize|p2|6\n|gen|9\n|tier|[Gen 9] VGC 2024 Reg H\n|rated|\n|rule|Species Clause: Limit one of each Pok\u00e9mon\n|rule|Item Clause: Limit 1 of each item\n|clearpoke\n|poke|p1|Murkrow, L50, F|\n|poke|p1|Sneasler, L50, M|\n|poke|p1|Indeedee-F, L50, F|\n|poke|p1|Gholdengo, L50|\n|poke|p1|Archaludon, L50, F|\n|poke|p1|Basculegion, L50, M|\n|poke|p2|Whimsicott, L50, M|\n|poke|p2|Greninja-*, L50, M|\n|poke|p2|Chandelure, L50, M|\n|poke|p2|Electabuzz, L50, M|\n|poke|p2|Dragonite, L50, F|\n|poke|p2|Annihilape, L50, F|\n|teampreview|4\nplato1 has agreed to open team sheets.\n|inactive|Battle timer is ON: inactive players will automatically lose when time's up. (requested by plato1)\n|j| Ittymitty\n|j| BonoboF\n|inactive|plato1 has 60 seconds left.\n|inactive|Vouldoon has 60 seconds left.\n|\n|t:|1726518254\n|start\n|switch|p1a: Indeedee|Indeedee-F, L50, F|100\/100\n|switch|p1b: Gholdengo|Gholdengo, L50|100\/100\n|switch|p2a: Greninja|Greninja, L50, M|100\/100\n|switch|p2b: Electabuzz|Electabuzz, L50, M|100\/100\n|-fieldstart|move: Psychic Terrain|[from] ability: Psychic Surge|[of] p1a: Indeedee\n|turn|1\n|j| mr pogostick\n|inactive|plato1 has 30 seconds left.\n|\n|t:|1726518287\n|move|p1a: Indeedee|Follow Me|p1a: Indeedee\n|-singleturn|p1a: Indeedee|move: Follow Me\n|move|p2a: Greninja|Dark Pulse|p1a: Indeedee\n|-start|p2a: Greninja|typechange|Dark|[from] ability: Protean\n|-supereffective|p1a: Indeedee\n|-damage|p1a: Indeedee|6\/100\n|move|p1b: Gholdengo|Nasty Plot|p1b: Gholdengo\n|-boost|p1b: Gholdengo|spa|2\n|move|p2b: Electabuzz|Electroweb|p1a: Indeedee|[spread] p1a,p1b\n|-damage|p1a: Indeedee|0 fnt\n|-damage|p1b: Gholdengo|86\/100\n|-unboost|p1b: Gholdengo|spe|1\n|faint|p1a: Indeedee\n|\n|upkeep\n|l| Ittymitty\n|inactive|plato1 has 30 seconds left.\n|\n|t:|1726518312\n|switch|p1a: Sneasler|Sneasler, L50, M|100\/100\n|-enditem|p1a: Sneasler|Psychic Seed\n|-boost|p1a: Sneasler|spd|1|[from] item: Psychic Seed\n|turn|2\n|\n|t:|1726518326\n|-terastallize|p1b: Gholdengo|Dragon\n|move|p2b: Electabuzz|Follow Me|p2b: Electabuzz\n|-singleturn|p2b: Electabuzz|move: Follow Me\n|move|p1a: Sneasler|Dire Claw|p2b: Electabuzz\n|-damage|p2b: Electabuzz|63\/100\n|move|p2a: Greninja|Dark Pulse|p1b: Gholdengo\n|-crit|p1b: Gholdengo\n|-damage|p1b: Gholdengo|5\/100\n|move|p1b: Gholdengo|Make It Rain|p2b: Electabuzz|[spread] p2a,p2b\n|-resisted|p2b: Electabuzz\n|-damage|p2a: Greninja|0 fnt\n|-damage|p2b: Electabuzz|20\/100\n|-unboost|p1b: Gholdengo|spa|1\n|faint|p2a: Greninja\n|-damage|p1b: Gholdengo|0 fnt|[from] item: Life Orb\n|faint|p1b: Gholdengo\n|\n|upkeep\n|\n|t:|1726518342\n|switch|p2a: Chandelure|Chandelure, L50, M|100\/100\n|switch|p1b: Basculegion|Basculegion, L50, M|100\/100\n|turn|3\n|j| testerigres\n|j| EllAkuro\n|inactive|Vouldoon has 30 seconds left.\n|\n|t:|1726518370\n|move|p2b: Electabuzz|Follow Me|p2b: Electabuzz\n|-singleturn|p2b: Electabuzz|move: Follow Me\n|move|p1a: Sneasler|Dire Claw|p2b: Electabuzz\n|-damage|p2b: Electabuzz|0 fnt\n|faint|p2b: Electabuzz\n|move|p1b: Basculegion|Last Respects|p2a: Chandelure\n|-supereffective|p2a: Chandelure\n|-enditem|p2a: Chandelure|Focus Sash\n|-damage|p2a: Chandelure|1\/100\n|move|p2a: Chandelure|Shadow Ball|p1b: Basculegion\n|-supereffective|p1b: Basculegion\n|-damage|p1b: Basculegion|0 fnt\n|faint|p1b: Basculegion\n|\n|upkeep\n|\n|t:|1726518378\n|switch|p2b: Whimsicott|Whimsicott, L50, M|100\/100\n|turn|4\n|\n|t:|1726518391\n|-terastallize|p2b: Whimsicott|Ghost\n|move|p1a: Sneasler|Dire Claw|p2b: Whimsicott\n|-resisted|p2b: Whimsicott\n|-damage|p2b: Whimsicott|74\/100\n|-status|p2b: Whimsicott|par\n|cant|p2b: Whimsicott|par\n|move|p2a: Chandelure|Trick Room|p2a: Chandelure\n|-fieldstart|move: Trick Room|[of] p2a: Chandelure\n|\n|upkeep\n|turn|5\n|l| EllAkuro\n|inactive|plato1 has 30 seconds left.\n|inactive|plato1 has 20 seconds left.\n|\n|t:|1726518427\n|move|p2b: Whimsicott|Moonblast|p1a: Sneasler\n|-damage|p1a: Sneasler|72\/100\n|move|p2a: Chandelure|Shadow Ball|p1a: Sneasler\n|-damage|p1a: Sneasler|35\/100\n|-unboost|p1a: Sneasler|spd|1\n|move|p1a: Sneasler|Dire Claw|p2a: Chandelure\n|-resisted|p2a: Chandelure\n|-damage|p2a: Chandelure|0 fnt\n|faint|p2a: Chandelure\n|\n|-fieldend|move: Psychic Terrain\n|upkeep\n|turn|6\n|\n|t:|1726518449\n|cant|p2b: Whimsicott|par\n|move|p1a: Sneasler|Throat Chop|p2b: Whimsicott\n|-supereffective|p2b: Whimsicott\n|-damage|p2b: Whimsicott|0 fnt\n|faint|p2b: Whimsicott\n|\n|win|plato1\n|raw|plato1's rating: 1684 &rarr; <strong>1706<\/strong><br \/>(+22 for winning)\n|raw|Vouldoon's rating: 1720 &rarr; <strong>1698<\/strong><br \/>(-22 for losing)\n|l|\u2606plato1\n|player|p1|\n|l|\u2606Vouldoon\n|player|p2|\n|l| BonoboF\n|l| testerigres\n","uploadtime":1726518620,"views":36,"formatid":"gen9vgc2024regh","rating":1698,"private":0,"password":null}