{"id":"gen9vgc2024regh-2203262922","format":"[Gen 9] VGC 2024 Reg H","players":["no 1 hoshiyomi","QerraVGC"],"log":"|j|\u2606no 1 hoshiyomi\n|j|\u2606QerraVGC\n|t:|1726537271\n|gametype|doubles\n|player|p1|no 1 hoshiyomi|170|1698\n|player|p2|QerraVGC|youngster-gen4dp|1684\n|teamsize|p1|6\n|teamsize|p2|6\n|gen|9\n|tier|[Gen 9] VGC 2024 Reg H\n|rated|\n|rule|Species Clause: Limit one of each Pok\u00e9mon\n|rule|Item Clause: Limit 1 of each item\n|clearpoke\n|poke|p1|Volcarona, L50, F|\n|poke|p1|Tyranitar, L50, M|\n|poke|p1|Whimsicott, L50, M|\n|poke|p1|Oricorio-Sensu, L50, M|\n|poke|p1|Magmar, L50, F|\n|poke|p1|Excadrill, L50, F|\n|poke|p2|Torkoal, L50, F|\n|poke|p2|Jumpluff, L50, F|\n|poke|p2|Annihilape, L50, F|\n|poke|p2|Typhlosion-Hisui, L50, M|\n|poke|p2|Dragapult, L50, F|\n|poke|p2|Maushold-Four, L50|\n|teampreview|4\n|j| Sabaku\n|inactive|Battle timer is ON: inactive players will automatically lose when time's up. (requested by QerraVGC)\n|inactive|no 1 hoshiyomi has 60 seconds left.\n|\n|t:|1726537357\n|start\n|switch|p1a: Magmar|Magmar, L50, F|100\/100\n|switch|p1b: Volcarona|Volcarona, L50, F|100\/100\n|switch|p2a: Torkoal|Torkoal, L50, F|100\/100\n|switch|p2b: Jumpluff|Jumpluff, L50, F|100\/100\n|-weather|SunnyDay|[from] ability: Drought|[of] p2a: Torkoal\n|turn|1\n|\n|t:|1726537369\n|move|p1b: Volcarona|Protect|p1b: Volcarona\n|-singleturn|p1b: Volcarona|Protect\n|move|p2b: Jumpluff|Tailwind|p2b: Jumpluff\n|-sidestart|p2: QerraVGC|move: Tailwind\n|move|p1a: Magmar|Overheat|p2b: Jumpluff\n|-supereffective|p2b: Jumpluff\n|-damage|p2b: Jumpluff|0 fnt\n|-unboost|p1a: Magmar|spa|2\n|faint|p2b: Jumpluff\n|move|p2a: Torkoal|Overheat|p1b: Volcarona\n|-activate|p1b: Volcarona|move: Protect\n|\n|-weather|SunnyDay|[upkeep]\n|upkeep\n|\n|t:|1726537374\n|switch|p2b: Typhlosion|Typhlosion-Hisui, L50, M|100\/100\n|-item|p1a: Magmar|Eviolite|[from] ability: Frisk|[of] p2b: Typhlosion\n|-item|p1b: Volcarona|Covert Cloak|[from] ability: Frisk|[of] p2b: Typhlosion\n|turn|2\n|\n|t:|1726537385\n|-terastallize|p2b: Typhlosion|Fire\n|-terastallize|p1b: Volcarona|Water\n|move|p2a: Torkoal|Helping Hand|p2b: Typhlosion\n|-singleturn|p2b: Typhlosion|Helping Hand|[of] p2a: Torkoal\n|move|p1a: Magmar|Follow Me|p1a: Magmar\n|-singleturn|p1a: Magmar|move: Follow Me\n|move|p2b: Typhlosion|Eruption|p1a: Magmar|[spread] p1a,p1b\n|-resisted|p1a: Magmar\n|-resisted|p1b: Volcarona\n|-damage|p1a: Magmar|6\/100\n|-damage|p1b: Volcarona|0 fnt\n|faint|p1b: Volcarona\n|\n|-weather|SunnyDay|[upkeep]\n|upkeep\n|\n|t:|1726537393\n|switch|p1b: Tyranitar|Tyranitar, L50, M|100\/100\n|-weather|Sandstorm|[from] ability: Sand Stream|[of] p1b: Tyranitar\n|turn|3\n|\n|t:|1726537405\n|switch|p2b: Dragapult|Dragapult, L50, F|100\/100\n|move|p1a: Magmar|Follow Me|p1a: Magmar\n|-singleturn|p1a: Magmar|move: Follow Me\n|move|p2a: Torkoal|Overheat|p1a: Magmar\n|-resisted|p1a: Magmar\n|-damage|p1a: Magmar|0 fnt\n|-unboost|p2a: Torkoal|spa|2\n|-enditem|p2a: Torkoal|Eject Pack\n|faint|p1a: Magmar\n|\n|t:|1726537413\n|switch|p2a: Typhlosion|Typhlosion-Hisui, L50, M, tera:Fire|100\/100\n|-item|p1b: Tyranitar|Assault Vest|[from] ability: Frisk|[of] p2a: Typhlosion\n|move|p1b: Tyranitar|Rock Slide|p2b: Dragapult|[spread] p2a,p2b\n|-supereffective|p2a: Typhlosion\n|-damage|p2a: Typhlosion|20\/100\n|-damage|p2b: Dragapult|62\/100\n|\n|-weather|Sandstorm|[upkeep]\n|-damage|p2b: Dragapult|56\/100|[from] Sandstorm\n|-damage|p2a: Typhlosion|14\/100|[from] Sandstorm\n|upkeep\n|\n|t:|1726537417\n|switch|p1a: Oricorio|Oricorio-Sensu, L50, M|100\/100\n|turn|4\n|\n|t:|1726537434\n|switch|p2a: Torkoal|Torkoal, L50, F|100\/100\n|-weather|SunnyDay|[from] ability: Drought|[of] p2a: Torkoal\n|move|p1a: Oricorio|Protect|p1a: Oricorio\n|-singleturn|p1a: Oricorio|Protect\n|move|p2b: Dragapult|Phantom Force||[still]\n|-prepare|p2b: Dragapult|Phantom Force\n|move|p1b: Tyranitar|Knock Off|p2b: Dragapult|[miss]\n|-miss|p1b: Tyranitar|p2b: Dragapult\n|\n|-weather|SunnyDay|[upkeep]\n|-sideend|p2: QerraVGC|move: Tailwind\n|upkeep\n|turn|5\n|j| jayjazZa\n|\n|t:|1726537448\n|move|p2b: Dragapult|Phantom Force|p1a: Oricorio|[from]lockedmove\n|-supereffective|p1a: Oricorio\n|-damage|p1a: Oricorio|0 fnt\n|faint|p1a: Oricorio\n|move|p1b: Tyranitar|Knock Off|p2b: Dragapult\n|-supereffective|p2b: Dragapult\n|-crit|p2b: Dragapult\n|-damage|p2b: Dragapult|0 fnt\n|-enditem|p2b: Dragapult|Choice Band|[from] move: Knock Off|[of] p1b: Tyranitar\n|faint|p2b: Dragapult\n|move|p2a: Torkoal|Overheat|p1b: Tyranitar\n|-resisted|p1b: Tyranitar\n|-crit|p1b: Tyranitar\n|-damage|p1b: Tyranitar|69\/100\n|-unboost|p2a: Torkoal|spa|2\n|\n|-weather|SunnyDay|[upkeep]\n|upkeep\n|\n|t:|1726537452\n|switch|p2b: Typhlosion|Typhlosion-Hisui, L50, M, tera:Fire|14\/100\n|-item|p1b: Tyranitar|Assault Vest|[from] ability: Frisk|[of] p2b: Typhlosion\n|turn|6\n|\n|t:|1726537457\n|move|p2b: Typhlosion|Overheat|p1b: Tyranitar\n|-resisted|p1b: Tyranitar\n|-damage|p1b: Tyranitar|21\/100\n|-unboost|p2b: Typhlosion|spa|2\n|move|p1b: Tyranitar|Rock Slide|p2b: Typhlosion|[spread] p2a\n|-miss|p1b: Tyranitar|p2b: Typhlosion\n|-supereffective|p2a: Torkoal\n|-damage|p2a: Torkoal|56\/100\n|move|p2a: Torkoal|Overheat|p1b: Tyranitar\n|-resisted|p1b: Tyranitar\n|-damage|p1b: Tyranitar|10\/100\n|-unboost|p2a: Torkoal|spa|2\n|\n|-weather|SunnyDay|[upkeep]\n|upkeep\n|turn|7\n|\n|t:|1726537464\n|move|p2b: Typhlosion|Overheat|p1b: Tyranitar\n|-resisted|p1b: Tyranitar\n|-damage|p1b: Tyranitar|0 fnt\n|-unboost|p2b: Typhlosion|spa|2\n|faint|p1b: Tyranitar\n|\n|win|QerraVGC\n|raw|no 1 hoshiyomi's rating: 1698 &rarr; <strong>1677<\/strong><br \/>(-21 for losing)\n|raw|QerraVGC's rating: 1684 &rarr; <strong>1705<\/strong><br \/>(+21 for winning)\n|l|\u2606no 1 hoshiyomi\n|player|p1|\n","uploadtime":1726537471,"views":60,"formatid":"gen9vgc2024regh","rating":1677,"private":0,"password":null}