{"id":"gen9vgc2024regh-2203082762","format":"[Gen 9] VGC 2024 Reg H","players":["ansego","Paradox Mourinho"],"log":"|j|\u2606ansego\n|j|\u2606Paradox Mourinho\n|t:|1726518111\n|gametype|doubles\n|player|p1|ansego|266|1655\n|player|p2|Paradox Mourinho|lance|1758\n|teamsize|p1|6\n|teamsize|p2|6\n|gen|9\n|tier|[Gen 9] VGC 2024 Reg H\n|rated|\n|rule|Species Clause: Limit one of each Pok\u00e9mon\n|rule|Item Clause: Limit 1 of each item\n|clearpoke\n|poke|p1|Indeedee, L50, M|\n|poke|p1|Sneasler, L50, M|\n|poke|p1|Milotic, L50, F|\n|poke|p1|Whimsicott, L50, F|\n|poke|p1|Incineroar, L50, M|\n|poke|p1|Archaludon, L50, M|\n|poke|p2|Dondozo, L50, F|\n|poke|p2|Tatsugiri, L50, F|\n|poke|p2|Indeedee-F, L50, F|\n|poke|p2|Hatterene, L50, F|\n|poke|p2|Gallade, L50, M|\n|poke|p2|Torkoal, L50, M|\n|teampreview|4\n|\n|t:|1726518148\n|start\n|switch|p1a: Sneasler|Sneasler, L50, M, shiny|100\/100\n|switch|p1b: Incineroar|Incineroar, L50, M|100\/100\n|switch|p2a: Gallade|Gallade, L50, M|100\/100\n|switch|p2b: Indeedee|Indeedee-F, L50, F|100\/100\n|-fieldstart|move: Psychic Terrain|[from] ability: Psychic Surge|[of] p2b: Indeedee\n|-enditem|p1a: Sneasler|Psychic Seed\n|-boost|p1a: Sneasler|spd|1|[from] item: Psychic Seed\n|-enditem|p2b: Indeedee|Psychic Seed\n|-boost|p2b: Indeedee|spd|1|[from] item: Psychic Seed\n|-ability|p1b: Incineroar|Intimidate|boost\n|-fail|p2a: Gallade|unboost|[from] item: Clear Amulet|[of] p2a: Gallade\n|-unboost|p2b: Indeedee|atk|1\n|turn|1\n|\n|t:|1726518178\n|move|p2b: Indeedee|Follow Me|p2b: Indeedee\n|-singleturn|p2b: Indeedee|move: Follow Me\n|move|p1a: Sneasler|Acrobatics|p2b: Indeedee\n|-damage|p2b: Indeedee|63\/100\n|move|p1b: Incineroar|Taunt|p2b: Indeedee\n|-start|p2b: Indeedee|move: Taunt\n|move|p2a: Gallade|Trick Room|p2a: Gallade\n|-fieldstart|move: Trick Room|[of] p2a: Gallade\n|\n|upkeep\n|turn|2\n|\n|t:|1726518192\n|-terastallize|p1b: Incineroar|Ghost\n|move|p1a: Sneasler|Protect|p1a: Sneasler\n|-singleturn|p1a: Sneasler|Protect\n|move|p1b: Incineroar|Flare Blitz|p2a: Gallade\n|-damage|p2a: Gallade|35\/100\n|-damage|p1b: Incineroar|81\/100|[from] Recoil\n|move|p2a: Gallade|Sacred Sword|p1b: Incineroar\n|-immune|p1b: Incineroar\n|move|p2b: Indeedee|Psychic|p1a: Sneasler\n|-activate|p1a: Sneasler|move: Protect\n|\n|upkeep\n|turn|3\n|\n|t:|1726518205\n|switch|p2a: Dondozo|Dondozo, L50, F|100\/100\n|switch|p1a: Milotic|Milotic, L50, F|100\/100\n|move|p1b: Incineroar|Knock Off|p2b: Indeedee\n|-supereffective|p2b: Indeedee\n|-damage|p2b: Indeedee|11\/100\n|move|p2b: Indeedee|Psychic|p1a: Milotic\n|-damage|p1a: Milotic|68\/100\n|-unboost|p1a: Milotic|spd|1\n|-ability|p1a: Milotic|Competitive|boost\n|-boost|p1a: Milotic|spa|2\n|\n|-heal|p1a: Milotic|74\/100|[from] item: Leftovers\n|upkeep\n|turn|4\n|\n|t:|1726518223\n|move|p2a: Dondozo|Wave Crash|p1b: Incineroar\n|-damage|p1b: Incineroar|19\/100\n|-enditem|p1b: Incineroar|Sitrus Berry|[eat]\n|-heal|p1b: Incineroar|43\/100|[from] item: Sitrus Berry\n|-damage|p2a: Dondozo|83\/100|[from] Recoil\n|move|p1b: Incineroar|Knock Off|p2b: Indeedee\n|-supereffective|p2b: Indeedee\n|-damage|p2b: Indeedee|0 fnt\n|faint|p2b: Indeedee\n|move|p1a: Milotic|Haze|p1a: Milotic\n|-clearallboost\n|\n|-heal|p1a: Milotic|80\/100|[from] item: Leftovers\n|upkeep\n|\n|t:|1726518230\n|switch|p2b: Gallade|Gallade, L50, M|35\/100\n|turn|5\n|\n|t:|1726518247\n|move|p2a: Dondozo|Wave Crash|p1b: Incineroar\n|-damage|p1b: Incineroar|0 fnt\n|faint|p1b: Incineroar\n|-damage|p2a: Dondozo|72\/100|[from] Recoil\n|move|p2b: Gallade|Psycho Cut|p1a: Milotic\n|-damage|p1a: Milotic|7\/100\n|move|p1a: Milotic|Muddy Water|p2a: Dondozo|[spread] p2a\n|-miss|p1a: Milotic|p2b: Gallade\n|-resisted|p2a: Dondozo\n|-damage|p2a: Dondozo|60\/100\n|\n|-heal|p1a: Milotic|13\/100|[from] item: Leftovers\n|-fieldend|move: Trick Room\n|-fieldend|move: Psychic Terrain\n|upkeep\n|j| mr pogostick\n|l| mr pogostick\n|\n|t:|1726518284\n|switch|p1b: Indeedee|Indeedee, L50, M|100\/100\n|-fieldstart|move: Psychic Terrain|[from] ability: Psychic Surge|[of] p1b: Indeedee\n|turn|6\n|\n|t:|1726518305\n|move|p2b: Gallade|Wide Guard|p2b: Gallade\n|-singleturn|p2b: Gallade|Wide Guard\n|move|p1b: Indeedee|Tera Blast|p2a: Dondozo\n|-crit|p2a: Dondozo\n|-damage|p2a: Dondozo|17\/100\n|move|p1a: Milotic|Ice Beam|p2b: Gallade\n|-damage|p2b: Gallade|10\/100\n|-status|p2b: Gallade|frz\n|move|p2a: Dondozo|Wave Crash|p1a: Milotic\n|-resisted|p1a: Milotic\n|-damage|p1a: Milotic|0 fnt\n|faint|p1a: Milotic\n|-damage|p2a: Dondozo|13\/100|[from] Recoil\n|\n|upkeep\n|\n|t:|1726518307\n|switch|p1a: Sneasler|Sneasler, L50, M, shiny|100\/100\n|turn|7\n|\n|t:|1726518318\n|move|p1a: Sneasler|Acrobatics|p2b: Gallade\n|-supereffective|p2b: Gallade\n|-damage|p2b: Gallade|0 fnt\n|faint|p2b: Gallade\n|move|p1b: Indeedee|Expanding Force|p2a: Dondozo\n|-damage|p2a: Dondozo|0 fnt\n|faint|p2a: Dondozo\n|\n|upkeep\n|\n|t:|1726518321\n|switch|p2b: Tatsugiri|Tatsugiri, L50, F|100\/100\n|turn|8\n|\n|t:|1726518346\n|-terastallize|p2b: Tatsugiri|Steel\n|move|p1a: Sneasler|Dire Claw|p2b: Tatsugiri\n|-immune|p2b: Tatsugiri\n|move|p1b: Indeedee|Expanding Force|p2b: Tatsugiri\n|-resisted|p2b: Tatsugiri\n|-damage|p2b: Tatsugiri|53\/100\n|move|p2b: Tatsugiri|Icy Wind|p1a: Sneasler|[spread] p1a,p1b\n|-damage|p1a: Sneasler|80\/100\n|-damage|p1b: Indeedee|79\/100\n|-unboost|p1a: Sneasler|spe|1\n|-unboost|p1b: Indeedee|spe|1\n|\n|upkeep\n|turn|9\n|\n|t:|1726518356\n|move|p2b: Tatsugiri|Muddy Water|p1a: Sneasler|[spread] p1a,p1b\n|-damage|p1a: Sneasler|29\/100\n|-damage|p1b: Indeedee|34\/100\n|-unboost|p1b: Indeedee|accuracy|1\n|move|p1a: Sneasler|Close Combat|p2b: Tatsugiri\n|-supereffective|p2b: Tatsugiri\n|-damage|p2b: Tatsugiri|0 fnt\n|-unboost|p1a: Sneasler|def|1\n|-unboost|p1a: Sneasler|spd|1\n|faint|p2b: Tatsugiri\n|\n|win|ansego\n|raw|ansego's rating: 1655 &rarr; <strong>1681<\/strong><br \/>(+26 for winning)\n|raw|Paradox Mourinho's rating: 1758 &rarr; <strong>1732<\/strong><br \/>(-26 for losing)\n|l|\u2606ansego\n|player|p1|\n|l|\u2606Paradox Mourinho\n|player|p2|\n","uploadtime":1726518620,"views":31,"formatid":"gen9vgc2024regh","rating":1681,"private":0,"password":null}