{"id":"gen9vgc2024regh-2203778997","format":"[Gen 9] VGC 2024 Reg H","players":["glastrier4lyfe","Zordor"],"log":"|j|\u2606glastrier4lyfe\n|j|\u2606Zordor\n|t:|1726598652\n|gametype|doubles\n|player|p1|glastrier4lyfe|harlequin|1682\n|player|p2|Zordor|pilot|1739\n|teamsize|p1|6\n|teamsize|p2|6\n|gen|9\n|tier|[Gen 9] VGC 2024 Reg H\n|rated|\n|rule|Species Clause: Limit one of each Pok\u00e9mon\n|rule|Item Clause: Limit 1 of each item\n|clearpoke\n|poke|p1|Volcarona, L50, F|\n|poke|p1|Staraptor, L50, F|\n|poke|p1|Rillaboom, L50, M|\n|poke|p1|Primarina, L50, F|\n|poke|p1|Kingambit, L50, F|\n|poke|p1|Sneasler, L50, M|\n|poke|p2|Rotom-Wash, L50|\n|poke|p2|Cinderace, L50, M|\n|poke|p2|Kingambit, L50, F|\n|poke|p2|Venusaur, L50, F|\n|poke|p2|Armarouge, L50, M|\n|poke|p2|Dragapult, L50, M|\n|teampreview|4\n|inactive|Battle timer is ON: inactive players will automatically lose when time's up. (requested by glastrier4lyfe)\n|\n|t:|1726598678\n|start\n|switch|p1a: Kingambit|Kingambit, L50, F|100\/100\n|switch|p1b: Sneasler|Sneasler, L50, M|100\/100\n|switch|p2a: Dragapult|Dragapult, L50, M|100\/100\n|switch|p2b: Rotom|Rotom-Wash, L50|100\/100\n|turn|1\n|\n|t:|1726598695\n|-terastallize|p2a: Dragapult|Fighting\n|move|p1b: Sneasler|Fake Out|p2b: Rotom\n|-damage|p2b: Rotom|85\/100\n|move|p2a: Dragapult|Tera Blast|p1a: Kingambit|[anim] Tera Blast Fighting\n|-supereffective|p1a: Kingambit\n|-damage|p1a: Kingambit|0 fnt\n|faint|p1a: Kingambit\n|move|p2b: Rotom|Electroweb|p1b: Sneasler\n|-damage|p1b: Sneasler|72\/100\n|-unboost|p1b: Sneasler|spe|1\n|\n|upkeep\n|\n|t:|1726598702\n|switch|p1a: Primarina|Primarina, L50, F|100\/100\n|turn|2\n|j| BonoboF\n|\n|t:|1726598711\n|move|p2a: Dragapult|Psychic Fangs|p1b: Sneasler\n|-supereffective|p1b: Sneasler\n|-damage|p1b: Sneasler|0 fnt\n|faint|p1b: Sneasler\n|move|p2b: Rotom|Light Screen|p2b: Rotom\n|-sidestart|p2: Zordor|move: Light Screen\n|move|p1a: Primarina|Moonblast|p2a: Dragapult\n|-supereffective|p2a: Dragapult\n|-damage|p2a: Dragapult|48\/100\n|\n|upkeep\n|\n|t:|1726598714\n|switch|p1b: Rillaboom|Rillaboom, L50, M|100\/100\n|-fieldstart|move: Grassy Terrain|[from] ability: Grassy Surge|[of] p1b: Rillaboom\n|turn|3\n|\n|t:|1726598729\n|switch|p2a: Kingambit|Kingambit, L50, F|100\/100\n|move|p2b: Rotom|Will-O-Wisp|p1b: Rillaboom\n|-status|p1b: Rillaboom|brn\n|move|p1b: Rillaboom|Wood Hammer|p2b: Rotom\n|-supereffective|p2b: Rotom\n|-damage|p2b: Rotom|0 fnt\n|faint|p2b: Rotom\n|-damage|p1b: Rillaboom|79\/100 brn|[from] Recoil\n|move|p1a: Primarina|Moonblast|p2a: Kingambit\n|-crit|p2a: Kingambit\n|-damage|p2a: Kingambit|25\/100\n|\n|-heal|p1b: Rillaboom|85\/100 brn|[from] Grassy Terrain\n|-heal|p2a: Kingambit|31\/100|[from] Grassy Terrain\n|-damage|p1b: Rillaboom|79\/100 brn|[from] brn\n|upkeep\n|\n|t:|1726598739\n|switch|p2b: Armarouge|Armarouge, L50, M|100\/100\n|turn|4\n|\n|t:|1726598746\n|-terastallize|p1b: Rillaboom|Fire\n|move|p2b: Armarouge|Psychic|p1a: Primarina\n|-damage|p1a: Primarina|66\/100\n|move|p1b: Rillaboom|Wood Hammer|p2b: Armarouge\n|-resisted|p2b: Armarouge\n|-damage|p2b: Armarouge|80\/100\n|-damage|p1b: Rillaboom|73\/100 brn|[from] Recoil\n|move|p2a: Kingambit|Iron Head|p1a: Primarina\n|-damage|p1a: Primarina|18\/100\n|move|p1a: Primarina|Hyper Voice|p2a: Kingambit|[spread] p2a,p2b\n|-supereffective|p2b: Armarouge\n|-damage|p2a: Kingambit|8\/100\n|-damage|p2b: Armarouge|25\/100\n|-enditem|p2b: Armarouge|Sitrus Berry|[eat]\n|-heal|p2b: Armarouge|50\/100|[from] item: Sitrus Berry\n|-enditem|p1a: Primarina|Throat Spray\n|-boost|p1a: Primarina|spa|1|[from] item: Throat Spray\n|\n|-heal|p2b: Armarouge|57\/100|[from] Grassy Terrain\n|-heal|p1b: Rillaboom|79\/100 brn|[from] Grassy Terrain\n|-heal|p2a: Kingambit|14\/100|[from] Grassy Terrain\n|-heal|p1a: Primarina|23\/100|[from] Grassy Terrain\n|-damage|p1b: Rillaboom|73\/100 brn|[from] brn\n|upkeep\n|turn|5\n|\n|t:|1726598762\n|move|p2b: Armarouge|Protect|p2b: Armarouge\n|-singleturn|p2b: Armarouge|Protect\n|move|p2a: Kingambit|Protect|p2a: Kingambit\n|-singleturn|p2a: Kingambit|Protect\n|move|p1a: Primarina|Protect|p1a: Primarina\n|-singleturn|p1a: Primarina|Protect\n|move|p1b: Rillaboom|Grassy Glide|p2a: Kingambit\n|-activate|p2a: Kingambit|move: Protect\n|\n|-heal|p2b: Armarouge|63\/100|[from] Grassy Terrain\n|-heal|p1b: Rillaboom|79\/100 brn|[from] Grassy Terrain\n|-heal|p2a: Kingambit|20\/100|[from] Grassy Terrain\n|-heal|p1a: Primarina|29\/100|[from] Grassy Terrain\n|-damage|p1b: Rillaboom|73\/100 brn|[from] brn\n|upkeep\n|turn|6\n|-message|glastrier4lyfe forfeited.\n|\n|win|Zordor\n|raw|glastrier4lyfe's rating: 1682 &rarr; <strong>1665<\/strong><br \/>(-17 for losing)\n|raw|Zordor's rating: 1739 &rarr; <strong>1756<\/strong><br \/>(+17 for winning)\n","uploadtime":1726598772,"views":23,"formatid":"gen9vgc2024regh","rating":1665,"private":0,"password":null}