{"id":"gen9vgc2024regh-2203689724","format":"[Gen 9] VGC 2024 Reg H","players":["Paradox Mourinho","Rough Pult"],"log":"|j|\u2606Paradox Mourinho\n|j|\u2606Rough Pult\n|t:|1726590587\n|gametype|doubles\n|player|p1|Paradox Mourinho|lance|1736\n|player|p2|Rough Pult|giovanni|1736\n|teamsize|p1|6\n|teamsize|p2|6\n|gen|9\n|tier|[Gen 9] VGC 2024 Reg H\n|rated|\n|rule|Species Clause: Limit one of each Pok\u00e9mon\n|rule|Item Clause: Limit 1 of each item\n|clearpoke\n|poke|p1|Dondozo, L50, F|\n|poke|p1|Tatsugiri, L50, F|\n|poke|p1|Indeedee-F, L50, F|\n|poke|p1|Hatterene, L50, F|\n|poke|p1|Gallade, L50, M|\n|poke|p1|Torkoal, L50, F|\n|poke|p2|Dondozo, L50, M|\n|poke|p2|Dragapult, L50, M|\n|poke|p2|Magmar, L50, F|\n|poke|p2|Kingambit, L50, M|\n|poke|p2|Rillaboom, L50, F|\n|poke|p2|Sneasler, L50, F|\n|teampreview|4\n|j| BonoboF\n|\n|t:|1726590612\n|start\n|switch|p1a: Gallade|Gallade, L50, M|100\/100\n|switch|p1b: Dondozo|Dondozo, L50, F|100\/100\n|switch|p2a: Sneasler|Sneasler, L50, F|100\/100\n|switch|p2b: Dragapult|Dragapult, L50, M|100\/100\n|turn|1\n|\n|t:|1726590636\n|switch|p1b: Indeedee|Indeedee-F, L50, F|100\/100\n|-fieldstart|move: Psychic Terrain|[from] ability: Psychic Surge|[of] p1b: Indeedee\n|-enditem|p1b: Indeedee|Psychic Seed\n|-boost|p1b: Indeedee|spd|1|[from] item: Psychic Seed\n|move|p2a: Sneasler|Protect|p2a: Sneasler\n|-singleturn|p2a: Sneasler|Protect\n|move|p2b: Dragapult|Dragon Darts|p1b: Indeedee\n|-damage|p1b: Indeedee|60\/100\n|-anim|p2b: Dragapult|Dragon Darts|p1a: Gallade\n|-damage|p1a: Gallade|45\/100\n|move|p1a: Gallade|Trick Room|p1a: Gallade\n|-fieldstart|move: Trick Room|[of] p1a: Gallade\n|\n|upkeep\n|turn|2\n|j| Lavenderawa\n|\n|t:|1726590661\n|switch|p2b: Rillaboom|Rillaboom, L50, F|100\/100\n|-fieldstart|move: Grassy Terrain|[from] ability: Grassy Surge|[of] p2b: Rillaboom\n|switch|p2a: Dondozo|Dondozo, L50, M|100\/100\n|move|p1b: Indeedee|Helping Hand|p1a: Gallade\n|-singleturn|p1a: Gallade|Helping Hand|[of] p1b: Indeedee\n|move|p1a: Gallade|Sacred Sword|p2b: Rillaboom\n|-damage|p2b: Rillaboom|0 fnt\n|faint|p2b: Rillaboom\n|\n|-heal|p1a: Gallade|51\/100|[from] Grassy Terrain\n|-heal|p1b: Indeedee|66\/100|[from] Grassy Terrain\n|upkeep\n|j| testing ceru\n|\n|t:|1726590683\n|switch|p2b: Dragapult|Dragapult, L50, M|100\/100\n|turn|3\n|\n|t:|1726590706\n|move|p2a: Dondozo|Liquidation|p1b: Indeedee\n|-damage|p1b: Indeedee|36\/100\n|move|p1a: Gallade|Sacred Sword|p2a: Dondozo\n|-damage|p2a: Dondozo|57\/100\n|move|p1b: Indeedee|Psychic|p2a: Dondozo\n|-damage|p2a: Dondozo|34\/100\n|move|p2b: Dragapult|Dragon Darts|p1b: Indeedee\n|-damage|p1b: Indeedee|0 fnt\n|-anim|p2b: Dragapult|Dragon Darts|p1a: Gallade\n|-damage|p1a: Gallade|0 fnt\n|faint|p1b: Indeedee\n|faint|p1a: Gallade\n|\n|-heal|p2a: Dondozo|41\/100|[from] Grassy Terrain\n|-heal|p2a: Dondozo|47\/100|[from] item: Leftovers\n|upkeep\n|\n|t:|1726590714\n|switch|p1a: Dondozo|Dondozo, L50, F|100\/100\n|switch|p1b: Tatsugiri|Tatsugiri, L50, F|100\/100\n|-activate|p1b: Tatsugiri|ability: Commander|[of] p1a: Dondozo\n|-boost|p1a: Dondozo|atk|2\n|-boost|p1a: Dondozo|spa|2\n|-boost|p1a: Dondozo|spe|2\n|-boost|p1a: Dondozo|def|2\n|-boost|p1a: Dondozo|spd|2\n|turn|4\n|\n|t:|1726590735\n|switch|p2b: Sneasler|Sneasler, L50, F|100\/100\n|move|p2a: Dondozo|Yawn|p1a: Dondozo\n|-start|p1a: Dondozo|move: Yawn|[of] p2a: Dondozo\n|move|p1a: Dondozo|Earthquake|p2b: Sneasler|[spread] p2a,p2b\n|-miss|p1a: Dondozo|p1b: Tatsugiri\n|-supereffective|p2b: Sneasler\n|-damage|p2a: Dondozo|36\/100\n|-enditem|p2b: Sneasler|Focus Sash\n|-damage|p2b: Sneasler|1\/100\n|\n|-heal|p2a: Dondozo|42\/100|[from] Grassy Terrain\n|-heal|p2a: Dondozo|49\/100|[from] item: Leftovers\n|-heal|p2b: Sneasler|7\/100|[from] Grassy Terrain\n|upkeep\n|turn|5\n|\n|t:|1726590755\n|move|p2a: Dondozo|Protect|p2a: Dondozo\n|-singleturn|p2a: Dondozo|Protect\n|move|p2b: Sneasler|Protect|p2b: Sneasler\n|-singleturn|p2b: Sneasler|Protect\n|move|p1a: Dondozo|Earthquake|p2b: Sneasler|[spread] \n|-miss|p1a: Dondozo|p1b: Tatsugiri\n|-activate|p2a: Dondozo|move: Protect\n|-activate|p2b: Sneasler|move: Protect\n|\n|-heal|p2a: Dondozo|55\/100|[from] Grassy Terrain\n|-heal|p2a: Dondozo|61\/100|[from] item: Leftovers\n|-heal|p2b: Sneasler|13\/100|[from] Grassy Terrain\n|-end|p1a: Dondozo|move: Yawn|[silent]\n|-status|p1a: Dondozo|slp\n|-fieldend|move: Trick Room\n|upkeep\n|turn|6\n|\n|t:|1726590773\n|move|p2b: Sneasler|Close Combat|p1a: Dondozo\n|-damage|p1a: Dondozo|79\/100 slp\n|-unboost|p2b: Sneasler|def|1\n|-unboost|p2b: Sneasler|spd|1\n|cant|p1a: Dondozo|slp\n|move|p2a: Dondozo|Fissure|p1a: Dondozo|[miss]\n|-miss|p2a: Dondozo|p1a: Dondozo\n|\n|-heal|p2b: Sneasler|18\/100|[from] Grassy Terrain\n|-heal|p1a: Dondozo|85\/100 slp|[from] Grassy Terrain\n|-heal|p2a: Dondozo|67\/100|[from] Grassy Terrain\n|-heal|p2a: Dondozo|74\/100|[from] item: Leftovers\n|-fieldend|move: Grassy Terrain\n|upkeep\n|turn|7\n|\n|t:|1726590791\n|move|p2b: Sneasler|Close Combat|p1a: Dondozo\n|-damage|p1a: Dondozo|63\/100 slp\n|-unboost|p2b: Sneasler|def|1\n|-unboost|p2b: Sneasler|spd|1\n|-curestatus|p1a: Dondozo|slp|[msg]\n|move|p1a: Dondozo|Earthquake|p2a: Dondozo|[spread] p2a,p2b\n|-miss|p1a: Dondozo|p1b: Tatsugiri\n|-supereffective|p2b: Sneasler\n|-damage|p2a: Dondozo|52\/100\n|-damage|p2b: Sneasler|0 fnt\n|faint|p2b: Sneasler\n|move|p2a: Dondozo|Fissure|p1a: Dondozo|[miss]\n|-miss|p2a: Dondozo|p1a: Dondozo\n|\n|-heal|p2a: Dondozo|58\/100|[from] item: Leftovers\n|upkeep\n|\n|t:|1726590807\n|switch|p2b: Dragapult|Dragapult, L50, M|100\/100\n|turn|8\n|\n|t:|1726590815\n|-terastallize|p2b: Dragapult|Dragon\n|-terastallize|p1a: Dondozo|Steel\n|move|p2b: Dragapult|Dragon Darts|p1a: Dondozo\n|-resisted|p1a: Dondozo\n|-damage|p1a: Dondozo|54\/100\n|-anim|p2b: Dragapult|Dragon Darts|p1a: Dondozo\n|-resisted|p1a: Dondozo\n|-damage|p1a: Dondozo|44\/100\n|move|p1a: Dondozo|Earthquake|p2a: Dondozo|[spread] p2a,p2b\n|-miss|p1a: Dondozo|p1b: Tatsugiri\n|-damage|p2a: Dondozo|36\/100\n|-damage|p2b: Dragapult|13\/100\n|move|p2a: Dondozo|Yawn|p1a: Dondozo\n|-start|p1a: Dondozo|move: Yawn|[of] p2a: Dondozo\n|\n|-heal|p2a: Dondozo|42\/100|[from] item: Leftovers\n|upkeep\n|turn|9\n|\n|t:|1726590845\n|move|p2a: Dondozo|Protect|p2a: Dondozo\n|-singleturn|p2a: Dondozo|Protect\n|move|p2b: Dragapult|Dragon Darts|p1a: Dondozo\n|-resisted|p1a: Dondozo\n|-damage|p1a: Dondozo|35\/100\n|-anim|p2b: Dragapult|Dragon Darts|p1a: Dondozo\n|-resisted|p1a: Dondozo\n|-crit|p1a: Dondozo\n|-damage|p1a: Dondozo|7\/100\n|move|p1a: Dondozo|Earthquake|p2a: Dondozo|[spread] p2b\n|-miss|p1a: Dondozo|p1b: Tatsugiri\n|-activate|p2a: Dondozo|move: Protect\n|-damage|p2b: Dragapult|0 fnt\n|faint|p2b: Dragapult\n|\n|-heal|p2a: Dondozo|48\/100|[from] item: Leftovers\n|-end|p1a: Dondozo|move: Yawn|[silent]\n|-status|p1a: Dondozo|slp\n|upkeep\n|turn|10\n|\n|t:|1726590863\n|cant|p1a: Dondozo|slp\n|move|p2a: Dondozo|Liquidation|p1a: Dondozo\n|-damage|p1a: Dondozo|0 fnt\n|faint|p1a: Dondozo\n|\n|-heal|p2a: Dondozo|54\/100|[from] item: Leftovers\n|upkeep\n|turn|11\n|\n|t:|1726590872\n|move|p2a: Dondozo|Protect|p2a: Dondozo\n|-singleturn|p2a: Dondozo|Protect\n|move|p1b: Tatsugiri|Taunt|p2a: Dondozo\n|-activate|p2a: Dondozo|move: Protect\n|\n|-heal|p2a: Dondozo|61\/100|[from] item: Leftovers\n|upkeep\n|turn|12\n|\n|t:|1726590882\n|move|p1b: Tatsugiri|Draco Meteor|p2a: Dondozo\n|-damage|p2a: Dondozo|15\/100\n|-unboost|p1b: Tatsugiri|spa|2\n|move|p2a: Dondozo|Fissure|p1b: Tatsugiri|[miss]\n|-miss|p2a: Dondozo|p1b: Tatsugiri\n|\n|-heal|p2a: Dondozo|21\/100|[from] item: Leftovers\n|upkeep\n|turn|13\n|\n|t:|1726590891\n|move|p2a: Dondozo|Protect|p2a: Dondozo\n|-singleturn|p2a: Dondozo|Protect\n|move|p1b: Tatsugiri|Taunt|p2a: Dondozo\n|-activate|p2a: Dondozo|move: Protect\n|\n|-heal|p2a: Dondozo|27\/100|[from] item: Leftovers\n|upkeep\n|turn|14\n|\n|t:|1726590900\n|move|p1b: Tatsugiri|Taunt|p2a: Dondozo\n|-start|p2a: Dondozo|move: Taunt\n|cant|p2a: Dondozo|move: Taunt|Yawn\n|\n|-heal|p2a: Dondozo|33\/100|[from] item: Leftovers\n|upkeep\n|turn|15\n|\n|t:|1726590908\n|move|p1b: Tatsugiri|Draco Meteor|p2a: Dondozo\n|-damage|p2a: Dondozo|0 fnt\n|-unboost|p1b: Tatsugiri|spa|2\n|faint|p2a: Dondozo\n|\n|win|Paradox Mourinho\n|raw|Paradox Mourinho's rating: 1736 &rarr; <strong>1756<\/strong><br \/>(+20 for winning)\n|raw|Rough Pult's rating: 1736 &rarr; <strong>1716<\/strong><br \/>(-20 for losing)\n|l| BonoboF\n|l|\u2606Rough Pult\n|player|p2|\n|l| Lavenderawa\n","uploadtime":1726591116,"views":14,"formatid":"gen9vgc2024regh","rating":1716,"private":0,"password":null}