{"id":"gen9vgc2024regh-2203401918","format":"[Gen 9] VGC 2024 Reg H","players":["htotoT","pmawarrior"],"log":"|j|\u2606htotoT\n|j|\u2606pmawarrior\n|t:|1726557012\n|gametype|doubles\n|player|p1|htotoT|bruno|1706\n|player|p2|pmawarrior|101|1833\n|teamsize|p1|6\n|teamsize|p2|6\n|gen|9\n|tier|[Gen 9] VGC 2024 Reg H\n|rated|\n|rule|Species Clause: Limit one of each Pok\u00e9mon\n|rule|Item Clause: Limit 1 of each item\n|clearpoke\n|poke|p1|Klefki, L50, F|\n|poke|p1|Ursaluna-Bloodmoon, L50, M|\n|poke|p1|Amoonguss, L50, F|\n|poke|p1|Annihilape, L50, F|\n|poke|p1|Maushold, L50|\n|poke|p1|Spiritomb, L50, F|\n|poke|p2|Annihilape, L50, F|\n|poke|p2|Maushold-Four, L50|\n|poke|p2|Dondozo, L50, M|\n|poke|p2|Tatsugiri, L50, M|\n|poke|p2|Glimmora, L50, M|\n|poke|p2|Dragonite, L50, M|\n|teampreview|4\n|inactive|Battle timer is ON: inactive players will automatically lose when time's up. (requested by htotoT)\n|inactive|pmawarrior has 60 seconds left.\n|inactive|pmawarrior has 30 seconds left.\n|\n|t:|1726557081\n|start\n|switch|p1a: Klefki|Klefki, L50, F|100\/100\n|switch|p1b: Ursaluna|Ursaluna-Bloodmoon, L50, M|100\/100\n|switch|p2a: Glimmora|Glimmora, L50, M|100\/100\n|switch|p2b: Annihilape|Annihilape, L50, F|100\/100\n|turn|1\n|\n|t:|1726557105\n|-terastallize|p1b: Ursaluna|Normal\n|move|p1a: Klefki|Reflect|p1a: Klefki\n|-sidestart|p1: htotoT|Reflect\n|move|p2a: Glimmora|Earth Power|p1a: Klefki\n|-supereffective|p1a: Klefki\n|-damage|p1a: Klefki|35\/100\n|move|p2b: Annihilape|Drain Punch|p1b: Ursaluna\n|-supereffective|p1b: Ursaluna\n|-damage|p1b: Ursaluna|67\/100\n|move|p1b: Ursaluna|Blood Moon|p2b: Annihilape\n|-damage|p2b: Annihilape|30\/100\n|\n|upkeep\n|turn|2\n|\n|t:|1726557120\n|move|p1a: Klefki|Thunder Wave|p2a: Glimmora\n|-status|p2a: Glimmora|par\n|move|p2b: Annihilape|Drain Punch|p1b: Ursaluna\n|-supereffective|p1b: Ursaluna\n|-damage|p1b: Ursaluna|33\/100\n|-heal|p2b: Annihilape|48\/100|[from] drain|[of] p1b: Ursaluna\n|move|p1b: Ursaluna|Earth Power|p2a: Glimmora\n|-supereffective|p2a: Glimmora\n|-enditem|p2a: Glimmora|Focus Sash\n|-damage|p2a: Glimmora|1\/100 par\n|cant|p2a: Glimmora|par\n|\n|upkeep\n|turn|3\n|inactive|htotoT has 30 seconds left.\n|inactive|pmawarrior has 30 seconds left.\n|inactive|pmawarrior has 20 seconds left.\n|\n|t:|1726557159\n|switch|p1b: Annihilape|Annihilape, L50, F|100\/100\n|move|p1a: Klefki|Thunder Wave|p2b: Annihilape\n|-status|p2b: Annihilape|par\n|move|p2a: Glimmora|Earth Power|p1a: Klefki\n|-supereffective|p1a: Klefki\n|-damage|p1a: Klefki|0 fnt\n|faint|p1a: Klefki\n|cant|p2b: Annihilape|par\n|\n|upkeep\n|\n|t:|1726557170\n|switch|p1a: Ursaluna|Ursaluna-Bloodmoon, L50, M, tera:Normal|33\/100\n|turn|4\n|\n|t:|1726557185\n|move|p2a: Glimmora|Spiky Shield|p2a: Glimmora\n|-singleturn|p2a: Glimmora|move: Protect\n|move|p1b: Annihilape|Bulk Up|p1b: Annihilape\n|-boost|p1b: Annihilape|atk|1\n|-boost|p1b: Annihilape|def|1\n|move|p1a: Ursaluna|Hyper Voice|p2a: Glimmora|[spread] p2b\n|-activate|p2a: Glimmora|move: Protect\n|-damage|p2b: Annihilape|18\/100 par\n|move|p2b: Annihilape|Close Combat|p1a: Ursaluna\n|-supereffective|p1a: Ursaluna\n|-damage|p1a: Ursaluna|0 fnt\n|-unboost|p2b: Annihilape|def|1\n|-unboost|p2b: Annihilape|spd|1\n|faint|p1a: Ursaluna\n|\n|upkeep\n|\n|t:|1726557195\n|switch|p1a: Amoonguss|Amoonguss, L50, F, shiny|100\/100\n|turn|5\n|\n|t:|1726557209\n|move|p1a: Amoonguss|Protect|p1a: Amoonguss\n|-singleturn|p1a: Amoonguss|Protect\n|move|p1b: Annihilape|Rage Fist|p2b: Annihilape\n|-supereffective|p2b: Annihilape\n|-damage|p2b: Annihilape|0 fnt\n|faint|p2b: Annihilape\n|move|p2a: Glimmora|Sludge Bomb|p1a: Amoonguss\n|-activate|p1a: Amoonguss|move: Protect\n|\n|upkeep\n|\n|t:|1726557221\n|switch|p2b: Tatsugiri|Tatsugiri, L50, M|100\/100\n|turn|6\n|\n|t:|1726557231\n|move|p1b: Annihilape|Rage Fist|p2a: Glimmora\n|-damage|p2a: Glimmora|0 fnt\n|-activate|p2a: Glimmora|ability: Toxic Debris\n|-sidestart|p1: htotoT|move: Toxic Spikes\n|faint|p2a: Glimmora\n|move|p2b: Tatsugiri|Draco Meteor|p1a: Amoonguss\n|-damage|p1a: Amoonguss|34\/100\n|-unboost|p2b: Tatsugiri|spa|2\n|-damage|p2b: Tatsugiri|91\/100|[from] item: Life Orb\n|move|p1a: Amoonguss|Spore|p2b: Tatsugiri\n|-status|p2b: Tatsugiri|slp|[from] move: Spore\n|\n|upkeep\n|\n|t:|1726557235\n|switch|p2a: Dondozo|Dondozo, L50, M|100\/100\n|-activate|p2b: Tatsugiri|ability: Commander|[of] p2a: Dondozo\n|-boost|p2a: Dondozo|atk|2\n|-boost|p2a: Dondozo|spa|2\n|-boost|p2a: Dondozo|spe|2\n|-boost|p2a: Dondozo|def|2\n|-boost|p2a: Dondozo|spd|2\n|turn|7\n|\n|t:|1726557246\n|move|p2a: Dondozo|Protect|p2a: Dondozo\n|-singleturn|p2a: Dondozo|Protect\n|move|p1b: Annihilape|Bulk Up|p1b: Annihilape\n|-boost|p1b: Annihilape|atk|1\n|-boost|p1b: Annihilape|def|1\n|move|p1a: Amoonguss|Clear Smog|p2a: Dondozo\n|-activate|p2a: Dondozo|move: Protect\n|\n|upkeep\n|turn|8\n|\n|t:|1726557254\n|-terastallize|p2a: Dondozo|Steel\n|move|p1a: Amoonguss|Protect|p1a: Amoonguss\n|-singleturn|p1a: Amoonguss|Protect\n|move|p2a: Dondozo|Heavy Slam|p1a: Amoonguss\n|-activate|p1a: Amoonguss|move: Protect\n|move|p1b: Annihilape|Bulk Up|p1b: Annihilape\n|-boost|p1b: Annihilape|atk|1\n|-boost|p1b: Annihilape|def|1\n|\n|-sideend|p1: htotoT|Reflect\n|upkeep\n|turn|9\n|\n|t:|1726557263\n|move|p2a: Dondozo|Heavy Slam|p1a: Amoonguss\n|-crit|p1a: Amoonguss\n|-damage|p1a: Amoonguss|0 fnt\n|faint|p1a: Amoonguss\n|move|p1b: Annihilape|Bulk Up|p1b: Annihilape\n|-boost|p1b: Annihilape|atk|1\n|-boost|p1b: Annihilape|def|1\n|\n|upkeep\n|turn|10\n|\n|t:|1726557272\n|move|p2a: Dondozo|Heavy Slam|p1b: Annihilape\n|-damage|p1b: Annihilape|34\/100\n|move|p1b: Annihilape|Bulk Up|p1b: Annihilape\n|-boost|p1b: Annihilape|atk|1\n|-boost|p1b: Annihilape|def|1\n|\n|-heal|p1b: Annihilape|40\/100|[from] item: Leftovers\n|upkeep\n|turn|11\n|\n|t:|1726557277\n|move|p1b: Annihilape|Protect|p1b: Annihilape\n|-singleturn|p1b: Annihilape|Protect\n|move|p2a: Dondozo|Wave Crash|p1b: Annihilape\n|-activate|p1b: Annihilape|move: Protect\n|\n|-heal|p1b: Annihilape|46\/100|[from] item: Leftovers\n|upkeep\n|turn|12\n|\n|t:|1726557280\n|move|p2a: Dondozo|Wave Crash|p1b: Annihilape\n|-damage|p1b: Annihilape|0 fnt\n|faint|p1b: Annihilape\n|-damage|p2a: Dondozo|87\/100|[from] Recoil\n|\n|win|pmawarrior\n|raw|htotoT's rating: 1706 &rarr; <strong>1693<\/strong><br \/>(-13 for losing)\n|raw|pmawarrior's rating: 1833 &rarr; <strong>1846<\/strong><br \/>(+13 for winning)\n","uploadtime":1726557283,"views":40,"formatid":"gen9vgc2024regh","rating":1693,"private":0,"password":null}