{"id":"gen9vgc2024regh-2203081505","format":"[Gen 9] VGC 2024 Reg H","players":["yung elmers glue","very demure"],"log":"|j|\u2606yung elmers glue\n|j|\u2606very demure\n|t:|1726517996\n|gametype|doubles\n|player|p1|yung elmers glue|juan|1660\n|player|p2|very demure|dawn-gen4pt|1694\n|teamsize|p1|6\n|teamsize|p2|6\n|gen|9\n|tier|[Gen 9] VGC 2024 Reg H\n|rated|\n|rule|Species Clause: Limit one of each Pok\u00e9mon\n|rule|Item Clause: Limit 1 of each item\n|clearpoke\n|poke|p1|Dondozo, L50, F|\n|poke|p1|Tatsugiri, L50, M|\n|poke|p1|Archaludon, L50, M|\n|poke|p1|Talonflame, L50, F|\n|poke|p1|Dragonite, L50, M|\n|poke|p1|Glimmora, L50, M|\n|poke|p2|Murkrow, L50, M|\n|poke|p2|Archaludon, L50, M|\n|poke|p2|Maushold-Four, L50|\n|poke|p2|Gholdengo, L50|\n|poke|p2|Primarina, L50, M|\n|poke|p2|Rillaboom, L50, F|\n|teampreview|4\n|j| BonoboF\n|inactive|Battle timer is ON: inactive players will automatically lose when time's up. (requested by yung elmers glue)\n|\n|t:|1726518044\n|start\n|switch|p1a: Tatsugiri|Tatsugiri, L50, M|100\/100\n|switch|p1b: Glimmora|Glimmora, L50, M|100\/100\n|switch|p2a: Gholdengo|Gholdengo, L50|100\/100\n|switch|p2b: Murkrow|Murkrow, L50, M|100\/100\n|turn|1\n|j| Manchester1997\n|\n|t:|1726518063\n|switch|p2b: Archaludon|Archaludon, L50, M|100\/100\n|move|p1a: Tatsugiri|Muddy Water|p2a: Gholdengo|[spread] p2a,p2b\n|-resisted|p2b: Archaludon\n|-damage|p2a: Gholdengo|62\/100\n|-damage|p2b: Archaludon|87\/100\n|-ability|p2b: Archaludon|Stamina|boost\n|-boost|p2b: Archaludon|def|1\n|move|p1b: Glimmora|Earth Power|p2a: Gholdengo\n|-supereffective|p2a: Gholdengo\n|-damage|p2a: Gholdengo|0 fnt\n|faint|p2a: Gholdengo\n|\n|upkeep\n|\n|t:|1726518083\n|switch|p2a: Maushold|Maushold-Four, L50|100\/100\n|turn|2\n|\n|t:|1726518098\n|move|p2a: Maushold|Protect|p2a: Maushold\n|-singleturn|p2a: Maushold|Protect\n|move|p1a: Tatsugiri|Muddy Water|p2b: Archaludon|[spread] p2b\n|-activate|p2a: Maushold|move: Protect\n|-resisted|p2b: Archaludon\n|-damage|p2b: Archaludon|74\/100\n|-ability|p2b: Archaludon|Stamina|boost\n|-boost|p2b: Archaludon|def|1\n|move|p1b: Glimmora|Earth Power|p2b: Archaludon\n|-supereffective|p2b: Archaludon\n|-damage|p2b: Archaludon|23\/100\n|-ability|p2b: Archaludon|Stamina|boost\n|-boost|p2b: Archaludon|def|1\n|move|p2b: Archaludon|Flash Cannon|p1b: Glimmora\n|-supereffective|p1b: Glimmora\n|-enditem|p1b: Glimmora|Focus Sash\n|-damage|p1b: Glimmora|1\/100\n|\n|upkeep\n|turn|3\n|inactive|very demure has 30 seconds left.\n|\n|t:|1726518126\n|move|p1a: Tatsugiri|Muddy Water|p2b: Archaludon|[spread] p2a,p2b\n|-resisted|p2b: Archaludon\n|-damage|p2a: Maushold|52\/100\n|-damage|p2b: Archaludon|11\/100\n|-ability|p2b: Archaludon|Stamina|boost\n|-boost|p2b: Archaludon|def|1\n|move|p2a: Maushold|Population Bomb|p1b: Glimmora\n|-resisted|p1b: Glimmora\n|-damage|p1b: Glimmora|0 fnt\n|-activate|p1b: Glimmora|ability: Toxic Debris\n|-sidestart|p2: very demure|move: Toxic Spikes\n|faint|p1b: Glimmora\n|-hitcount|p1: Glimmora|1\n|move|p2b: Archaludon|Body Press|p1a: Tatsugiri\n|-damage|p1a: Tatsugiri|0 fnt\n|faint|p1a: Tatsugiri\n|\n|upkeep\n|\n|t:|1726518134\n|switch|p1b: Archaludon|Archaludon, L50, M|100\/100\n|switch|p1a: Dragonite|Dragonite, L50, M|100\/100\n|turn|4\n|\n|t:|1726518157\n|-terastallize|p1b: Archaludon|Stellar\n|move|p2a: Maushold|Protect|p2a: Maushold\n|-singleturn|p2a: Maushold|Protect\n|move|p1b: Archaludon|Electro Shot||[still]\n|-prepare|p1b: Archaludon|Electro Shot\n|-boost|p1b: Archaludon|spa|1\n|-enditem|p1b: Archaludon|Power Herb\n|-anim|p1b: Archaludon|Electro Shot|p2b: Archaludon\n|-resisted|p2b: Archaludon\n|-damage|p2b: Archaludon|0 fnt\n|faint|p2b: Archaludon\n|move|p1a: Dragonite|Outrage|p2a: Maushold\n|-activate|p2a: Maushold|move: Protect\n|\n|upkeep\n|\n|t:|1726518174\n|switch|p2b: Murkrow|Murkrow, L50, M|100\/100\n|turn|5\n|inactive|very demure has 30 seconds left.\n|inactive|very demure has 20 seconds left.\n|\n|t:|1726518210\n|move|p2b: Murkrow|Haze|p2b: Murkrow\n|-clearallboost\n|move|p2a: Maushold|Population Bomb|p1a: Dragonite\n|-damage|p1a: Dragonite|94\/100\n|-damage|p1a: Dragonite|83\/100\n|-damage|p1a: Dragonite|73\/100\n|-damage|p1a: Dragonite|62\/100\n|-hitcount|p1a: Dragonite|4\n|move|p1b: Archaludon|Flash Cannon|p2a: Maushold\n|-damage|p2a: Maushold|0 fnt\n|faint|p2a: Maushold\n|move|p1a: Dragonite|Outrage|p2b: Murkrow\n|-damage|p2b: Murkrow|0 fnt\n|faint|p2b: Murkrow\n|\n|win|yung elmers glue\n|raw|yung elmers glue's rating: 1660 &rarr; <strong>1682<\/strong><br \/>(+22 for winning)\n|raw|very demure's rating: 1694 &rarr; <strong>1672<\/strong><br \/>(-22 for losing)\n|l|\u2606very demure\n|player|p2|\n|l|\u2606yung elmers glue\n|player|p1|\n|l| BonoboF\n","uploadtime":1726518481,"views":23,"formatid":"gen9vgc2024regh","rating":1672,"private":0,"password":null}