{"id":"gen9vgc2024regh-2203520731","format":"[Gen 9] VGC 2024 Reg H","players":["tommytinkle","pmawarrior"],"log":"|j|\u2606tommytinkle\n|j|\u2606pmawarrior\n|t:|1726574830\n|gametype|doubles\n|player|p1|tommytinkle|linebacker|1731\n|player|p2|pmawarrior|101|1870\n|teamsize|p1|6\n|teamsize|p2|6\n|gen|9\n|tier|[Gen 9] VGC 2024 Reg H\n|rated|\n|rule|Species Clause: Limit one of each Pok\u00e9mon\n|rule|Item Clause: Limit 1 of each item\n|clearpoke\n|poke|p1|Garchomp, L50, M|\n|poke|p1|Dragonite, L50, M|\n|poke|p1|Annihilape, L50, F|\n|poke|p1|Maushold, L50|\n|poke|p1|Tyranitar, L50, F|\n|poke|p1|Primarina, L50, M|\n|poke|p2|Annihilape, L50, M|\n|poke|p2|Maushold-Four, L50|\n|poke|p2|Dondozo, L50, M|\n|poke|p2|Tatsugiri, L50, F|\n|poke|p2|Glimmora, L50, F|\n|poke|p2|Dragonite, L50, M|\n|teampreview|4\n|inactive|Battle timer is ON: inactive players will automatically lose when time's up. (requested by tommytinkle)\n|\n|t:|1726574888\n|start\n|switch|p1a: Garchomp|Garchomp, L50, M|100\/100\n|switch|p1b: Dragonite|Dragonite, L50, M|100\/100\n|switch|p2a: Glimmora|Glimmora, L50, F|100\/100\n|switch|p2b: Maushold|Maushold-Four, L50|100\/100\n|turn|1\n|inactive|tommytinkle has 30 seconds left.\n|inactive|tommytinkle has 20 seconds left.\n|inactive|tommytinkle has 15 seconds left.\n|\n|t:|1726574932\n|move|p2b: Maushold|Protect|p2b: Maushold\n|-singleturn|p2b: Maushold|Protect\n|move|p1a: Garchomp|Protect|p1a: Garchomp\n|-singleturn|p1a: Garchomp|Protect\n|move|p2a: Glimmora|Mortal Spin|p1a: Garchomp|[spread] p1b\n|-activate|p1a: Garchomp|move: Protect\n|-damage|p1b: Dragonite|98\/100\n|-status|p1b: Dragonite|psn\n|-damage|p2a: Glimmora|84\/100|[from] item: Rocky Helmet|[of] p1b: Dragonite\n|move|p1b: Dragonite|Tailwind|p1b: Dragonite\n|-sidestart|p1: tommytinkle|move: Tailwind\n|\n|-damage|p1b: Dragonite|86\/100 psn|[from] psn\n|upkeep\n|turn|2\n|inactive|pmawarrior has 30 seconds left.\n|inactive|pmawarrior has 20 seconds left.\n|inactive|pmawarrior has 15 seconds left.\n|inactive|pmawarrior has 10 seconds left.\n|inactive|pmawarrior has 5 seconds left.\n|\n|t:|1726574982\n|-terastallize|p1a: Garchomp|Ground\n|move|p1b: Dragonite|Helping Hand|p1a: Garchomp\n|-singleturn|p1a: Garchomp|Helping Hand|[of] p1b: Dragonite\n|move|p1a: Garchomp|Earthquake|p2a: Glimmora|[spread] p2a,p2b\n|-immune|p1b: Dragonite\n|-supereffective|p2a: Glimmora\n|-crit|p2a: Glimmora\n|-damage|p2a: Glimmora|0 fnt\n|-damage|p2b: Maushold|0 fnt\n|-activate|p2a: Glimmora|ability: Toxic Debris\n|-sidestart|p1: tommytinkle|move: Toxic Spikes\n|faint|p2a: Glimmora\n|faint|p2b: Maushold\n|-damage|p1a: Garchomp|91\/100|[from] item: Life Orb\n|\n|-damage|p1b: Dragonite|74\/100 psn|[from] psn\n|upkeep\n|\n|t:|1726574987\n|switch|p2b: Tatsugiri|Tatsugiri, L50, F|100\/100\n|switch|p2a: Dondozo|Dondozo, L50, M|100\/100\n|-activate|p2b: Tatsugiri|ability: Commander|[of] p2a: Dondozo\n|-boost|p2a: Dondozo|atk|2\n|-boost|p2a: Dondozo|spa|2\n|-boost|p2a: Dondozo|spe|2\n|-boost|p2a: Dondozo|def|2\n|-boost|p2a: Dondozo|spd|2\n|turn|3\n|\n|t:|1726575000\n|move|p1a: Garchomp|Rock Slide|p2a: Dondozo|[spread] p2a\n|-miss|p1a: Garchomp|p2b: Tatsugiri\n|-damage|p2a: Dondozo|91\/100\n|-damage|p1a: Garchomp|81\/100|[from] item: Life Orb\n|move|p1b: Dragonite|Thunder Wave|p2a: Dondozo\n|-status|p2a: Dondozo|par\n|cant|p2a: Dondozo|par\n|\n|-damage|p1b: Dragonite|62\/100 psn|[from] psn\n|upkeep\n|turn|4\n|\n|t:|1726575021\n|move|p1a: Garchomp|Protect|p1a: Garchomp\n|-singleturn|p1a: Garchomp|Protect\n|move|p1b: Dragonite|Extreme Speed|p2a: Dondozo\n|-damage|p2a: Dondozo|82\/100 par\n|move|p2a: Dondozo|Wave Crash|p1b: Dragonite\n|-resisted|p1b: Dragonite\n|-damage|p1b: Dragonite|18\/100 psn\n|-damage|p2a: Dondozo|66\/100 par|[from] item: Rocky Helmet|[of] p1b: Dragonite\n|-damage|p2a: Dondozo|53\/100 par|[from] Recoil\n|\n|-damage|p1b: Dragonite|6\/100 psn|[from] psn\n|-sideend|p1: tommytinkle|move: Tailwind\n|upkeep\n|turn|5\n|\n|t:|1726575036\n|move|p1a: Garchomp|Rock Slide|p2b: Tatsugiri|[spread] p2a\n|-miss|p1a: Garchomp|p2b: Tatsugiri\n|-damage|p2a: Dondozo|43\/100 par\n|-damage|p1a: Garchomp|71\/100|[from] item: Life Orb\n|move|p1b: Dragonite|Tailwind|p1b: Dragonite\n|-sidestart|p1: tommytinkle|move: Tailwind\n|cant|p2a: Dondozo|flinch\n|\n|-damage|p1b: Dragonite|0 fnt|[from] psn\n|faint|p1b: Dragonite\n|upkeep\n|\n|t:|1726575045\n|switch|p1b: Primarina|Primarina, L50, M|100\/100\n|-status|p1b: Primarina|psn\n|turn|6\n|\n|t:|1726575053\n|move|p1a: Garchomp|Rock Slide|p2a: Dondozo|[spread] p2a\n|-miss|p1a: Garchomp|p2b: Tatsugiri\n|-damage|p2a: Dondozo|33\/100 par\n|-damage|p1a: Garchomp|61\/100|[from] item: Life Orb\n|move|p1b: Primarina|Haze|p1b: Primarina\n|-clearallboost\n|cant|p2a: Dondozo|par\n|\n|-damage|p1b: Primarina|88\/100 psn|[from] psn\n|upkeep\n|turn|7\n|\n|t:|1726575068\n|move|p2a: Dondozo|Protect|p2a: Dondozo\n|-singleturn|p2a: Dondozo|Protect\n|move|p1a: Garchomp|Dragon Claw|p2a: Dondozo\n|-activate|p2a: Dondozo|move: Protect\n|move|p1b: Primarina|Moonblast|p2a: Dondozo\n|-activate|p2a: Dondozo|move: Protect\n|\n|-damage|p1b: Primarina|76\/100 psn|[from] psn\n|upkeep\n|turn|8\n|\n|t:|1726575081\n|move|p1a: Garchomp|Dragon Claw|p2a: Dondozo\n|-damage|p2a: Dondozo|0 fnt\n|faint|p2a: Dondozo\n|-damage|p1a: Garchomp|52\/100|[from] item: Life Orb\n|move|p1b: Primarina|Moonblast|p2b: Tatsugiri\n|-supereffective|p2b: Tatsugiri\n|-damage|p2b: Tatsugiri|0 fnt\n|faint|p2b: Tatsugiri\n|\n|win|tommytinkle\n|raw|tommytinkle's rating: 1731 &rarr; <strong>1759<\/strong><br \/>(+28 for winning)\n|raw|pmawarrior's rating: 1870 &rarr; <strong>1842<\/strong><br \/>(-28 for losing)\n|l|\u2606pmawarrior\n|player|p2|\n|l|\u2606tommytinkle\n|player|p1|\n","uploadtime":1726575258,"views":95,"formatid":"gen9vgc2024regh","rating":1759,"private":0,"password":null}