{"id":"gen9vgc2024regh-2203319345","format":"[Gen 9] VGC 2024 Reg H","players":["elvegis1","drdoctorfunk"],"log":"|j|\u2606elvegis1\n|j|\u2606drdoctorfunk\n|t:|1726544045\n|gametype|doubles\n|player|p1|elvegis1|lucas|1730\n|player|p2|drdoctorfunk|supernerd|1661\n|teamsize|p1|6\n|teamsize|p2|6\n|gen|9\n|tier|[Gen 9] VGC 2024 Reg H\n|rated|\n|rule|Species Clause: Limit one of each Pok\u00e9mon\n|rule|Item Clause: Limit 1 of each item\n|clearpoke\n|poke|p1|Annihilape, L50, M|\n|poke|p1|Electabuzz, L50, F|\n|poke|p1|Murkrow, L50, F|\n|poke|p1|Primarina, L50, F|\n|poke|p1|Archaludon, L50, F|\n|poke|p1|Sinistcha, L50|\n|poke|p2|Torkoal, L50, M|\n|poke|p2|Annihilape, L50, M|\n|poke|p2|Maushold, L50|\n|poke|p2|Ursaluna-Bloodmoon, L50, M|\n|poke|p2|Sinistcha, L50|\n|poke|p2|Dusclops, L50, M|\n|teampreview|4\n|inactive|Battle timer is ON: inactive players will automatically lose when time's up. (requested by elvegis1)\n|inactive|drdoctorfunk has 60 seconds left.\n|\n|t:|1726544108\n|start\n|switch|p1a: Murkrow|Murkrow, L50, F|100\/100\n|switch|p1b: Electabuzz|Electabuzz, L50, F|100\/100\n|switch|p2a: Sinistcha|Sinistcha, L50|100\/100\n|switch|p2b: Dusclops|Dusclops, L50, M|100\/100\n|-item|p1a: Murkrow|Focus Sash|[from] ability: Frisk|[of] p2b: Dusclops\n|-item|p1b: Electabuzz|Eviolite|[from] ability: Frisk|[of] p2b: Dusclops\n|turn|1\n|\n|t:|1726544123\n|move|p2a: Sinistcha|Rage Powder|p2a: Sinistcha\n|-singleturn|p2a: Sinistcha|move: Rage Powder\n|move|p1a: Murkrow|Taunt|p2a: Sinistcha\n|-start|p2a: Sinistcha|move: Taunt\n|move|p1b: Electabuzz|Thunder Wave|p2a: Sinistcha\n|-status|p2a: Sinistcha|par\n|move|p2b: Dusclops|Trick Room|p2b: Dusclops\n|-fieldstart|move: Trick Room|[of] p2b: Dusclops\n|\n|upkeep\n|turn|2\n|inactive|elvegis1 has 30 seconds left.\n|inactive|drdoctorfunk has 30 seconds left.\n|\n|t:|1726544159\n|switch|p2a: Ursaluna|Ursaluna-Bloodmoon, L50, M|100\/100\n|switch|p1b: Primarina|Primarina, L50, F|100\/100\n|move|p1a: Murkrow|Taunt|p2b: Dusclops\n|-start|p2b: Dusclops|move: Taunt\n|cant|p2b: Dusclops|move: Taunt|Will-O-Wisp\n|\n|upkeep\n|turn|3\n|\n|t:|1726544185\n|-terastallize|p2a: Ursaluna|Normal\n|move|p1b: Primarina|Protect|p1b: Primarina\n|-singleturn|p1b: Primarina|Protect\n|move|p1a: Murkrow|Rain Dance|p1a: Murkrow\n|-weather|RainDance\n|move|p2b: Dusclops|Brick Break|p2a: Ursaluna\n|-supereffective|p2a: Ursaluna\n|-damage|p2a: Ursaluna|83\/100\n|-enditem|p2a: Ursaluna|Weakness Policy\n|-boost|p2a: Ursaluna|atk|2|[from] item: Weakness Policy\n|-boost|p2a: Ursaluna|spa|2|[from] item: Weakness Policy\n|move|p2a: Ursaluna|Hyper Voice|p1b: Primarina|[spread] p1a\n|-activate|p1b: Primarina|move: Protect\n|-enditem|p1a: Murkrow|Focus Sash\n|-damage|p1a: Murkrow|1\/100\n|\n|-weather|RainDance|[upkeep]\n|upkeep\n|turn|4\n|j| Rabbithorn01\n|inactive|elvegis1 has 30 seconds left.\n|\n|t:|1726544214\n|move|p2b: Dusclops|Brick Break|p1a: Murkrow\n|-damage|p1a: Murkrow|0 fnt\n|faint|p1a: Murkrow\n|move|p2a: Ursaluna|Blood Moon|p1b: Primarina\n|-damage|p1b: Primarina|0 fnt\n|faint|p1b: Primarina\n|\n|-weather|RainDance|[upkeep]\n|-end|p2b: Dusclops|move: Taunt\n|upkeep\n|\n|t:|1726544219\n|switch|p1b: Archaludon|Archaludon, L50, F|100\/100\n|switch|p1a: Electabuzz|Electabuzz, L50, F|100\/100\n|turn|5\n|inactive|drdoctorfunk has 30 seconds left.\n|\n|t:|1726544245\n|move|p1a: Electabuzz|Follow Me|p1a: Electabuzz\n|-singleturn|p1a: Electabuzz|move: Follow Me\n|move|p2b: Dusclops|Will-O-Wisp|p1a: Electabuzz\n|-status|p1a: Electabuzz|brn\n|move|p2a: Ursaluna|Earth Power|p1a: Electabuzz\n|-supereffective|p1a: Electabuzz\n|-damage|p1a: Electabuzz|0 fnt\n|faint|p1a: Electabuzz\n|move|p1b: Archaludon|Electro Shot||[still]\n|-prepare|p1b: Archaludon|Electro Shot\n|-boost|p1b: Archaludon|spa|1\n|-anim|p1b: Archaludon|Electro Shot|p2a: Ursaluna\n|-damage|p2a: Ursaluna|22\/100\n|\n|-weather|RainDance|[upkeep]\n|-fieldend|move: Trick Room\n|upkeep\n|turn|6\n|\n|t:|1726544260\n|-terastallize|p1b: Archaludon|Grass\n|move|p2a: Ursaluna|Protect|p2a: Ursaluna\n|-singleturn|p2a: Ursaluna|Protect\n|move|p1b: Archaludon|Body Press|p2a: Ursaluna\n|-activate|p2a: Ursaluna|move: Protect\n|move|p2b: Dusclops|Trick Room|p2b: Dusclops\n|-fieldstart|move: Trick Room|[of] p2b: Dusclops\n|\n|-weather|RainDance|[upkeep]\n|upkeep\n|turn|7\n|\n|t:|1726544271\n|move|p2b: Dusclops|Helping Hand|p2a: Ursaluna\n|-singleturn|p2a: Ursaluna|Helping Hand|[of] p2b: Dusclops\n|move|p2a: Ursaluna|Blood Moon|p1b: Archaludon\n|-damage|p1b: Archaludon|0 fnt\n|faint|p1b: Archaludon\n|\n|win|drdoctorfunk\n|raw|elvegis1's rating: 1730 &rarr; <strong>1706<\/strong><br \/>(-24 for losing)\n|raw|drdoctorfunk's rating: 1661 &rarr; <strong>1685<\/strong><br \/>(+24 for winning)\n|l|\u2606elvegis1\n|player|p1|\n","uploadtime":1726544283,"views":11,"formatid":"gen9vgc2024regh","rating":1685,"private":0,"password":null}