{"id":"gen9vgc2024regh-2204942497","format":"[Gen 9] VGC 2024 Reg H","players":["TwitterJasePokemon","htotoT"],"log":"|j|\u2606TwitterJasePokemon\n|j|\u2606htotoT\n|t:|1726736378\n|gametype|doubles\n|player|p1|TwitterJasePokemon|lucas|1743\n|player|p2|htotoT|bruno|1637\n|teamsize|p1|6\n|teamsize|p2|6\n|gen|9\n|tier|[Gen 9] VGC 2024 Reg H\n|rated|\n|rule|Species Clause: Limit one of each Pok\u00e9mon\n|rule|Item Clause: Limit 1 of each item\n|clearpoke\n|poke|p1|Typhlosion-Hisui, L50, F|\n|poke|p1|Weezing, L50, M|\n|poke|p1|Blissey, L50, F|\n|poke|p1|Pawmot, L50, M|\n|poke|p1|Slaking, L50, F|\n|poke|p1|Coalossal, L50, F|\n|poke|p2|Klefki, L50, M|\n|poke|p2|Ursaluna-Bloodmoon, L50, M|\n|poke|p2|Amoonguss, L50, M|\n|poke|p2|Annihilape, L50, M|\n|poke|p2|Maushold, L50|\n|poke|p2|Hydreigon, L50, M|\n|teampreview|4\n|inactive|Battle timer is ON: inactive players will automatically lose when time's up. (requested by htotoT)\n|inactive|TwitterJasePokemon also wants the timer to be on.\n|\n|t:|1726736403\n|start\n|switch|p1a: Coalossal|Coalossal, L50, F|100\/100\n|switch|p1b: Typhlosion|Typhlosion-Hisui, L50, F|100\/100\n|switch|p2a: Ursaluna|Ursaluna-Bloodmoon, L50, M|100\/100\n|switch|p2b: Klefki|Klefki, L50, M|100\/100\n|turn|1\n|\n|t:|1726736410\n|-terastallize|p1a: Coalossal|Dragon\n|move|p2b: Klefki|Light Screen|p2b: Klefki\n|-sidestart|p2: htotoT|move: Light Screen\n|move|p1b: Typhlosion|Lava Plume|p2a: Ursaluna|[spread] p1a,p2a,p2b\n|-resisted|p1a: Coalossal\n|-supereffective|p2b: Klefki\n|-damage|p1a: Coalossal|92\/100\n|-damage|p2a: Ursaluna|85\/100\n|-damage|p2b: Klefki|58\/100\n|-ability|p1a: Coalossal|Steam Engine|boost\n|-boost|p1a: Coalossal|spe|6\n|-enditem|p1a: Coalossal|Maranga Berry|[eat]\n|-boost|p1a: Coalossal|spd|1|[from] item: Maranga Berry\n|move|p1a: Coalossal|Iron Defense|p1a: Coalossal\n|-boost|p1a: Coalossal|def|2\n|move|p2a: Ursaluna|Earth Power|p1b: Typhlosion\n|-supereffective|p1b: Typhlosion\n|-damage|p1b: Typhlosion|0 fnt\n|faint|p1b: Typhlosion\n|\n|upkeep\n|\n|t:|1726736426\n|switch|p1b: Blissey|Blissey, L50, F|100\/100\n|turn|2\n|\n|t:|1726736439\n|switch|p2a: Annihilape|Annihilape, L50, M|100\/100\n|move|p2b: Klefki|Thunder Wave|p1a: Coalossal\n|-status|p1a: Coalossal|par\n|move|p1a: Coalossal|Body Press|p2a: Annihilape\n|-immune|p2a: Annihilape\n|move|p1b: Blissey|Psych Up|p1a: Coalossal\n|-copyboost|p1b: Blissey|p1a: Coalossal|[from] move: Psych Up\n|\n|upkeep\n|turn|3\n|\n|t:|1726736457\n|move|p2b: Klefki|Reflect|p2b: Klefki\n|-sidestart|p2: htotoT|Reflect\n|move|p1b: Blissey|Flamethrower|p2a: Annihilape\n|-damage|p2a: Annihilape|90\/100\n|move|p2a: Annihilape|Bulk Up|p2a: Annihilape\n|-boost|p2a: Annihilape|atk|1\n|-boost|p2a: Annihilape|def|1\n|move|p1a: Coalossal|Body Press|p2b: Klefki\n|-damage|p2b: Klefki|33\/100\n|\n|-heal|p2a: Annihilape|97\/100|[from] item: Leftovers\n|upkeep\n|turn|4\n|\n|t:|1726736474\n|switch|p2b: Maushold|Maushold, L50|100\/100\n|move|p1b: Blissey|Flamethrower|p2a: Annihilape\n|-damage|p2a: Annihilape|89\/100\n|move|p2a: Annihilape|Bulk Up|p2a: Annihilape\n|-boost|p2a: Annihilape|atk|1\n|-boost|p2a: Annihilape|def|1\n|move|p1a: Coalossal|Body Press|p2b: Maushold\n|-supereffective|p2b: Maushold\n|-damage|p2b: Maushold|29\/100\n|\n|-heal|p2a: Annihilape|95\/100|[from] item: Leftovers\n|upkeep\n|turn|5\n|\n|t:|1726736491\n|move|p1b: Blissey|Flamethrower|p2a: Annihilape\n|-damage|p2a: Annihilape|88\/100\n|move|p2b: Maushold|Beat Up|p2a: Annihilape\n|-damage|p2a: Annihilape|87\/100\n|-damage|p2a: Annihilape|87\/100\n|-damage|p2a: Annihilape|86\/100\n|-damage|p2a: Annihilape|86\/100\n|-hitcount|p2a: Annihilape|4\n|move|p2a: Annihilape|Bulk Up|p2a: Annihilape\n|-boost|p2a: Annihilape|atk|1\n|-boost|p2a: Annihilape|def|1\n|move|p1a: Coalossal|Body Press|p2b: Maushold\n|-supereffective|p2b: Maushold\n|-damage|p2b: Maushold|0 fnt\n|faint|p2b: Maushold\n|\n|-heal|p2a: Annihilape|92\/100|[from] item: Leftovers\n|upkeep\n|\n|t:|1726736506\n|switch|p2b: Klefki|Klefki, L50, M|33\/100\n|turn|6\n|\n|t:|1726736519\n|move|p1b: Blissey|Flamethrower|p2a: Annihilape\n|-damage|p2a: Annihilape|81\/100\n|move|p2a: Annihilape|Rage Fist|p1a: Coalossal\n|-damage|p1a: Coalossal|0 fnt\n|faint|p1a: Coalossal\n|move|p2b: Klefki|Foul Play|p1b: Blissey\n|-damage|p1b: Blissey|99\/100\n|\n|-heal|p1b: Blissey|100\/100|[from] item: Leftovers\n|-heal|p2a: Annihilape|87\/100|[from] item: Leftovers\n|upkeep\n|\n|t:|1726736526\n|switch|p1a: Pawmot|Pawmot, L50, M|100\/100\n|turn|7\n|-message|TwitterJasePokemon forfeited.\n|\n|win|htotoT\n|raw|TwitterJasePokemon's rating: 1743 &rarr; <strong>1717<\/strong><br \/>(-26 for losing)\n|raw|htotoT's rating: 1637 &rarr; <strong>1663<\/strong><br \/>(+26 for winning)\n|l|\u2606TwitterJasePokemon\n|player|p1|\n|l|\u2606htotoT\n|player|p2|\n","uploadtime":1726736769,"views":28,"formatid":"gen9vgc2024regh","rating":1663,"private":0,"password":null}