{"id":"gen9vgc2024regh-2204245313","format":"[Gen 9] VGC 2024 Reg H","players":["htotoT","miauser30"],"log":"|j|\u2606htotoT\n|j|\u2606miauser30\n|t:|1726658355\n|gametype|doubles\n|player|p1|htotoT|bruno|1649\n|player|p2|miauser30|102|1688\n|teamsize|p1|6\n|teamsize|p2|6\n|gen|9\n|tier|[Gen 9] VGC 2024 Reg H\n|rated|\n|rule|Species Clause: Limit one of each Pok\u00e9mon\n|rule|Item Clause: Limit 1 of each item\n|clearpoke\n|poke|p1|Klefki, L50, F|\n|poke|p1|Ursaluna-Bloodmoon, L50, M|\n|poke|p1|Amoonguss, L50, M|\n|poke|p1|Annihilape, L50, F|\n|poke|p1|Maushold, L50|\n|poke|p1|Spiritomb, L50, M|\n|poke|p2|Pelipper, L50, M|\n|poke|p2|Basculegion, L50, M|\n|poke|p2|Archaludon, L50, M|\n|poke|p2|Maushold-Four, L50|\n|poke|p2|Kingambit, L50, M|\n|poke|p2|Amoonguss, L50, M|\n|teampreview|4\n|inactive|Battle timer is ON: inactive players will automatically lose when time's up. (requested by htotoT)\nmiauser30 has agreed to open team sheets.\n|\n|t:|1726658372\n|start\n|switch|p1a: Ursaluna|Ursaluna-Bloodmoon, L50, M|100\/100\n|switch|p1b: Klefki|Klefki, L50, F|100\/100\n|switch|p2a: Archaludon|Archaludon, L50, M|100\/100\n|switch|p2b: Amoonguss|Amoonguss, L50, M|100\/100\n|turn|1\n|\n|t:|1726658384\n|-terastallize|p1a: Ursaluna|Normal\n|move|p2a: Archaludon|Snarl|p1a: Ursaluna|[spread] p1b\n|-miss|p2a: Archaludon|p1a: Ursaluna\n|-resisted|p1b: Klefki\n|-crit|p1b: Klefki\n|-damage|p1b: Klefki|90\/100\n|-unboost|p1b: Klefki|spa|1\n|move|p1b: Klefki|Foul Play|p2b: Amoonguss\n|-damage|p2b: Amoonguss|86\/100\n|move|p1a: Ursaluna|Blood Moon|p2b: Amoonguss\n|-damage|p2b: Amoonguss|0 fnt\n|faint|p2b: Amoonguss\n|\n|upkeep\n|\n|t:|1726658393\n|switch|p2b: Pelipper|Pelipper, L50, M|100\/100\n|-weather|RainDance|[from] ability: Drizzle|[of] p2b: Pelipper\n|turn|2\n|\n|t:|1726658403\n|switch|p1a: Annihilape|Annihilape, L50, F|100\/100\n|move|p1b: Klefki|Light Screen|p1b: Klefki\n|-sidestart|p1: htotoT|move: Light Screen\n|move|p2b: Pelipper|Weather Ball|p1b: Klefki\n|-damage|p1b: Klefki|49\/100\n|move|p2a: Archaludon|Electro Shot||[still]\n|-prepare|p2a: Archaludon|Electro Shot\n|-boost|p2a: Archaludon|spa|1\n|-anim|p2a: Archaludon|Electro Shot|p1b: Klefki\n|-damage|p1b: Klefki|9\/100\n|\n|-weather|RainDance|[upkeep]\n|upkeep\n|turn|3\n|\n|t:|1726658427\n|move|p1b: Klefki|Thunder Wave|p2b: Pelipper\n|-status|p2b: Pelipper|par\n|move|p1a: Annihilape|Bulk Up|p1a: Annihilape\n|-boost|p1a: Annihilape|atk|1\n|-boost|p1a: Annihilape|def|1\n|move|p2a: Archaludon|Electro Shot||[still]\n|-prepare|p2a: Archaludon|Electro Shot\n|-boost|p2a: Archaludon|spa|1\n|-anim|p2a: Archaludon|Electro Shot|p1b: Klefki\n|-damage|p1b: Klefki|0 fnt\n|faint|p1b: Klefki\n|move|p2b: Pelipper|Tailwind|p2b: Pelipper\n|-sidestart|p2: miauser30|move: Tailwind\n|\n|-weather|RainDance|[upkeep]\n|upkeep\n|\n|t:|1726658439\n|switch|p1b: Maushold|Maushold, L50|100\/100\n|turn|4\n|\n|t:|1726658454\n|move|p2a: Archaludon|Electro Shot||[still]\n|-prepare|p2a: Archaludon|Electro Shot\n|-boost|p2a: Archaludon|spa|1\n|-anim|p2a: Archaludon|Electro Shot|p1b: Maushold\n|-damage|p1b: Maushold|13\/100\n|move|p1b: Maushold|Beat Up|p1a: Annihilape\n|-damage|p1a: Annihilape|99\/100\n|-damage|p1a: Annihilape|98\/100\n|-damage|p1a: Annihilape|97\/100\n|-hitcount|p1a: Annihilape|3\n|move|p1a: Annihilape|Rage Fist|p2a: Archaludon\n|-damage|p2a: Archaludon|11\/100\n|-ability|p2a: Archaludon|Stamina|boost\n|-boost|p2a: Archaludon|def|1\n|move|p2b: Pelipper|Hurricane|p1b: Maushold\n|-damage|p1b: Maushold|0 fnt\n|faint|p1b: Maushold\n|\n|-weather|RainDance|[upkeep]\n|-heal|p1a: Annihilape|100\/100|[from] item: Leftovers\n|upkeep\n|\n|t:|1726658467\n|switch|p1b: Ursaluna|Ursaluna-Bloodmoon, L50, M, tera:Normal|100\/100\n|turn|5\n|\n|t:|1726658480\n|cant|p2b: Pelipper|par\n|move|p1b: Ursaluna|Vacuum Wave|p2a: Archaludon\n|-supereffective|p2a: Archaludon\n|-crit|p2a: Archaludon\n|-damage|p2a: Archaludon|0 fnt\n|faint|p2a: Archaludon\n|move|p1a: Annihilape|Rage Fist|p2b: Pelipper\n|-enditem|p2b: Pelipper|Focus Sash\n|-damage|p2b: Pelipper|1\/100 par\n|\n|-weather|RainDance|[upkeep]\n|upkeep\n|\n|t:|1726658487\n|switch|p2a: Basculegion|Basculegion, L50, M|100\/100\n|turn|6\n|\n|t:|1726658499\n|move|p2a: Basculegion|Wave Crash|p1a: Annihilape\n|-damage|p1a: Annihilape|11\/100\n|-damage|p2a: Basculegion|69\/100|[from] Recoil\n|move|p1a: Annihilape|Rage Fist|p2a: Basculegion\n|-supereffective|p2a: Basculegion\n|-damage|p2a: Basculegion|0 fnt\n|faint|p2a: Basculegion\n|move|p2b: Pelipper|Hurricane|p1a: Annihilape\n|-supereffective|p1a: Annihilape\n|-crit|p1a: Annihilape\n|-damage|p1a: Annihilape|0 fnt\n|faint|p1a: Annihilape\n|move|p1b: Ursaluna|Blood Moon|p2b: Pelipper\n|-damage|p2b: Pelipper|0 fnt\n|faint|p2b: Pelipper\n|\n|win|htotoT\n|raw|htotoT's rating: 1649 &rarr; <strong>1671<\/strong><br \/>(+22 for winning)\n|raw|miauser30's rating: 1688 &rarr; <strong>1666<\/strong><br \/>(-22 for losing)\n|l|\u2606htotoT\n|player|p1|\n|l|\u2606miauser30\n|player|p2|\n","uploadtime":1726658768,"views":10,"formatid":"gen9vgc2024regh","rating":1666,"private":0,"password":null}