{"id":"gen9vgc2024regh-2204602044","format":"[Gen 9] VGC 2024 Reg H","players":["odin25dlg","SamP_64"],"log":"|j|\u2606odin25dlg\n|j|\u2606SamP_64\n|t:|1726691672\n|gametype|doubles\n|player|p1|odin25dlg|169|1747\n|player|p2|SamP_64|266|1679\n|teamsize|p1|6\n|teamsize|p2|6\n|gen|9\n|tier|[Gen 9] VGC 2024 Reg H\n|rated|\n|rule|Species Clause: Limit one of each Pok\u00e9mon\n|rule|Item Clause: Limit 1 of each item\n|clearpoke\n|poke|p1|Hydreigon, L50, F|\n|poke|p1|Whimsicott, L50, M|\n|poke|p1|Gholdengo, L50|\n|poke|p1|Primarina, L50, F|\n|poke|p1|Rillaboom, L50, F|\n|poke|p1|Sneasler, L50, M|\n|poke|p2|Pelipper, L50, M|\n|poke|p2|Archaludon, L50, M|\n|poke|p2|Basculegion, L50, M|\n|poke|p2|Incineroar, L50, M|\n|poke|p2|Amoonguss, L50, M|\n|poke|p2|Maushold-Four, L50|\n|teampreview|4\n|inactive|Battle timer is ON: inactive players will automatically lose when time's up. (requested by SamP_64)\n|j| krabsolfurretisme\n|\n|t:|1726691697\n|start\n|switch|p1a: Whimsicott|Whimsicott, L50, M|100\/100\n|switch|p1b: Hydreigon|Hydreigon, L50, F|100\/100\n|switch|p2a: Archaludon|Archaludon, L50, M|100\/100\n|switch|p2b: Pelipper|Pelipper, L50, M|100\/100\n|-weather|RainDance|[from] ability: Drizzle|[of] p2b: Pelipper\n|turn|1\n|j| Deli(VeryReal)\n|j| Tester Igres\n|\n|t:|1726691719\n|move|p1b: Hydreigon|Dark Pulse|p2b: Pelipper\n|-damage|p2b: Pelipper|2\/100\n|move|p1a: Whimsicott|Moonblast|p2b: Pelipper\n|-damage|p2b: Pelipper|0 fnt\n|faint|p2b: Pelipper\n|move|p2a: Archaludon|Body Press|p1b: Hydreigon\n|-supereffective|p1b: Hydreigon\n|-damage|p1b: Hydreigon|43\/100\n|\n|-weather|RainDance|[upkeep]\n|upkeep\n|\n|t:|1726691740\n|switch|p2b: Basculegion|Basculegion, L50, M|100\/100\n|turn|2\n|j| YSE-Mill\n|\n|t:|1726691746\n|move|p1a: Whimsicott|Tailwind|p1a: Whimsicott\n|-sidestart|p1: odin25dlg|move: Tailwind\n|move|p1b: Hydreigon|Dark Pulse|p2b: Basculegion\n|-supereffective|p2b: Basculegion\n|-damage|p2b: Basculegion|0 fnt\n|faint|p2b: Basculegion\n|move|p2a: Archaludon|Flash Cannon|p1a: Whimsicott\n|-supereffective|p1a: Whimsicott\n|-enditem|p1a: Whimsicott|Focus Sash\n|-damage|p1a: Whimsicott|1\/100\n|\n|-weather|RainDance|[upkeep]\n|upkeep\n|\n|t:|1726691754\n|switch|p2b: Incineroar|Incineroar, L50, M|100\/100\n|-ability|p2b: Incineroar|Intimidate|boost\n|-unboost|p1a: Whimsicott|atk|1\n|-unboost|p1b: Hydreigon|atk|1\n|turn|3\n|\n|t:|1726691774\n|move|p1a: Whimsicott|Protect|p1a: Whimsicott\n|-singleturn|p1a: Whimsicott|Protect\n|move|p2b: Incineroar|Fake Out|p1a: Whimsicott\n|-activate|p1a: Whimsicott|move: Protect\n|move|p1b: Hydreigon|Dark Pulse|p2a: Archaludon\n|-damage|p2a: Archaludon|63\/100\n|-ability|p2a: Archaludon|Stamina|boost\n|-boost|p2a: Archaludon|def|1\n|move|p2a: Archaludon|Body Press|p1b: Hydreigon\n|-supereffective|p1b: Hydreigon\n|-damage|p1b: Hydreigon|0 fnt\n|faint|p1b: Hydreigon\n|\n|-weather|RainDance|[upkeep]\n|upkeep\n|\n|t:|1726691791\n|switch|p1b: Sneasler|Sneasler, L50, M|100\/100\n|turn|4\n|j| Peroquecuones\n|inactive|SamP_64 has 30 seconds left.\n|c| krabsolfurretisme|five spectators is crazy\n|inactive|SamP_64 has 20 seconds left.\n|\n|t:|1726691828\n|-terastallize|p2a: Archaludon|Grass\n|move|p1a: Whimsicott|Encore|p2a: Archaludon\n|-start|p2a: Archaludon|Encore\n|move|p1b: Sneasler|Close Combat|p2b: Incineroar\n|-supereffective|p2b: Incineroar\n|-damage|p2b: Incineroar|0 fnt\n|-unboost|p1b: Sneasler|def|1\n|-unboost|p1b: Sneasler|spd|1\n|faint|p2b: Incineroar\n|move|p2a: Archaludon|Body Press|p1b: Sneasler\n|-resisted|p1b: Sneasler\n|-damage|p1b: Sneasler|59\/100\n|\n|-weather|RainDance|[upkeep]\n|upkeep\n|turn|5\n|c| Deli(VeryReal)|it isn't the same without pooki\n|j| Fishyyism\n|c| krabsolfurretisme|TRUE\n|\n|t:|1726691850\n|move|p1b: Sneasler|Dire Claw|p2a: Archaludon\n|-supereffective|p2a: Archaludon\n|-damage|p2a: Archaludon|18\/100\n|-ability|p2a: Archaludon|Stamina|boost\n|-boost|p2a: Archaludon|def|1\n|move|p1a: Whimsicott|Moonblast|p2a: Archaludon\n|-damage|p2a: Archaludon|0 fnt\n|faint|p2a: Archaludon\n|\n|win|odin25dlg\n|raw|odin25dlg's rating: 1747 &rarr; <strong>1763<\/strong><br \/>(+16 for winning)\n|raw|SamP_64's rating: 1679 &rarr; <strong>1663<\/strong><br \/>(-16 for losing)\n|l|\u2606SamP_64\n|player|p2|\n|l| Deli(VeryReal)\n","uploadtime":1726691862,"views":10,"formatid":"gen9vgc2024regh","rating":1663,"private":0,"password":null}