{"id":"gen9vgc2024regh-2204344358","format":"[Gen 9] VGC 2024 Reg H","players":["Jdawgin13","kojimuranishi"],"log":"|j|\u2606Jdawgin13\n|j|\u2606kojimuranishi\n|t:|1726669165\n|gametype|doubles\n|player|p1|Jdawgin13|nate|1693\n|player|p2|kojimuranishi|101|1743\n|teamsize|p1|6\n|teamsize|p2|6\n|gen|9\n|tier|[Gen 9] VGC 2024 Reg H\n|rated|\n|rule|Species Clause: Limit one of each Pok\u00e9mon\n|rule|Item Clause: Limit 1 of each item\n|clearpoke\n|poke|p1|Salamence, L50, M|\n|poke|p1|Kingambit, L50, M|\n|poke|p1|Ninetales-Alola, L50, M|\n|poke|p1|Amoonguss, L50, M|\n|poke|p1|Garchomp, L50, M|\n|poke|p1|Maushold-Four, L50|\n|poke|p2|Ursaluna-Bloodmoon, L50, M|\n|poke|p2|Amoonguss, L50, M|\n|poke|p2|Incineroar, L50, M|\n|poke|p2|Archaludon, L50, F|\n|poke|p2|Pelipper, L50, M|\n|poke|p2|Whimsicott, L50, F|\n|teampreview|4\n|inactive|Battle timer is ON: inactive players will automatically lose when time's up. (requested by kojimuranishi)\n|inactive|kojimuranishi has 60 seconds left.\n|\n|t:|1726669202\n|start\n|switch|p1a: Salamence|Salamence, L50, M|100\/100\n|switch|p1b: Garchomp|Garchomp, L50, M|100\/100\n|switch|p2a: Whimsicott|Whimsicott, L50, F|100\/100\n|switch|p2b: Ursaluna|Ursaluna-Bloodmoon, L50, M|100\/100\n|-ability|p1a: Salamence|Intimidate|boost\n|-unboost|p2a: Whimsicott|atk|1\n|-unboost|p2b: Ursaluna|atk|1\n|turn|1\n|j| p1atypus\n|\n|t:|1726669222\n|-terastallize|p1b: Garchomp|Steel\n|-terastallize|p2b: Ursaluna|Normal\n|move|p2a: Whimsicott|Tailwind|p2a: Whimsicott\n|-sidestart|p2: kojimuranishi|move: Tailwind\n|move|p2b: Ursaluna|Blood Moon|p1a: Salamence\n|-damage|p1a: Salamence|0 fnt\n|faint|p1a: Salamence\n|-damage|p2b: Ursaluna|91\/100|[from] item: Life Orb\n|move|p1b: Garchomp|Earthquake|p2a: Whimsicott|[spread] p2a,p2b\n|-resisted|p2a: Whimsicott\n|-damage|p2a: Whimsicott|63\/100\n|-damage|p2b: Ursaluna|52\/100\n|-damage|p1b: Garchomp|91\/100|[from] item: Life Orb\n|\n|upkeep\n|inactive|Jdawgin13 has 30 seconds left.\n|\n|t:|1726669250\n|switch|p1a: Ninetales|Ninetales-Alola, L50, M|100\/100\n|-weather|Snow|[from] ability: Snow Warning|[of] p1a: Ninetales\n|turn|2\n|j| Torkostorent\n|inactive|kojimuranishi has 30 seconds left.\n|\n|t:|1726669280\n|switch|p1b: Amoonguss|Amoonguss, L50, M|100\/100\n|move|p2a: Whimsicott|Moonblast|p1a: Ninetales\n|-damage|p1a: Ninetales|54\/100\n|move|p2b: Ursaluna|Hyper Voice|p1b: Amoonguss|[spread] p1a,p1b\n|-damage|p1a: Ninetales|0 fnt\n|-damage|p1b: Amoonguss|43\/100\n|-enditem|p1b: Amoonguss|Sitrus Berry|[eat]\n|-heal|p1b: Amoonguss|68\/100|[from] item: Sitrus Berry\n|faint|p1a: Ninetales\n|-damage|p2b: Ursaluna|42\/100|[from] item: Life Orb\n|\n|-weather|Snow|[upkeep]\n|upkeep\n|\n|t:|1726669290\n|switch|p1a: Garchomp|Garchomp, L50, M, tera:Steel|91\/100\n|turn|3\n|j| THUNDERSND77\n|inactive|kojimuranishi has 30 seconds left.\n|inactive|kojimuranishi has 20 seconds left.\n|inactive|kojimuranishi has 15 seconds left.\n|\n|t:|1726669335\n|move|p1a: Garchomp|Protect|p1a: Garchomp\n|-singleturn|p1a: Garchomp|Protect\n|move|p2a: Whimsicott|Moonblast|p1a: Garchomp\n|-activate|p1a: Garchomp|move: Protect\n|move|p2b: Ursaluna|Earth Power|p1a: Garchomp\n|-activate|p1a: Garchomp|move: Protect\n|move|p1b: Amoonguss|Clear Smog|p2a: Whimsicott\n|-supereffective|p2a: Whimsicott\n|-crit|p2a: Whimsicott\n|-damage|p2a: Whimsicott|0 fnt\n|-clearboost|p2a: Whimsicott\n|faint|p2a: Whimsicott\n|\n|-weather|Snow|[upkeep]\n|upkeep\n|\n|t:|1726669352\n|switch|p2a: Incineroar|Incineroar, L50, M|100\/100\n|-ability|p2a: Incineroar|Intimidate|boost\n|-unboost|p1a: Garchomp|atk|1\n|-unboost|p1b: Amoonguss|atk|1\n|turn|4\n|\n|t:|1726669374\n|move|p1a: Garchomp|Protect|p1a: Garchomp\n|-singleturn|p1a: Garchomp|Protect\n|move|p2b: Ursaluna|Blood Moon|p1b: Amoonguss\n|-damage|p1b: Amoonguss|0 fnt\n|faint|p1b: Amoonguss\n|-damage|p2b: Ursaluna|33\/100|[from] item: Life Orb\n|move|p2a: Incineroar|Flare Blitz|p1a: Garchomp\n|-activate|p1a: Garchomp|move: Protect\n|\n|-weather|Snow|[upkeep]\n|-sideend|p2: kojimuranishi|move: Tailwind\n|upkeep\n|turn|5\n|\n|t:|1726669390\n|move|p1a: Garchomp|Earthquake|p2b: Ursaluna|[spread] p2a,p2b\n|-supereffective|p2a: Incineroar\n|-crit|p2b: Ursaluna\n|-damage|p2a: Incineroar|41\/100\n|-damage|p2b: Ursaluna|0 fnt\n|-enditem|p2a: Incineroar|Sitrus Berry|[eat]\n|-heal|p2a: Incineroar|66\/100|[from] item: Sitrus Berry\n|faint|p2b: Ursaluna\n|-damage|p1a: Garchomp|81\/100|[from] item: Life Orb\n|move|p2a: Incineroar|Flare Blitz|p1a: Garchomp\n|-supereffective|p1a: Garchomp\n|-damage|p1a: Garchomp|0 fnt\n|-damage|p2a: Incineroar|53\/100|[from] ability: Rough Skin|[of] p1a: Garchomp\n|faint|p1a: Garchomp\n|-damage|p2a: Incineroar|29\/100|[from] Recoil\n|\n|win|kojimuranishi\n|raw|Jdawgin13's rating: 1693 &rarr; <strong>1676<\/strong><br \/>(-17 for losing)\n|raw|kojimuranishi's rating: 1743 &rarr; <strong>1760<\/strong><br \/>(+17 for winning)\n|l| Torkostorent\n|l| p1atypus\n|l|\u2606Jdawgin13\n|player|p1|\n|l|\u2606kojimuranishi\n|player|p2|\n|l| THUNDERSND77\n","uploadtime":1726669663,"views":16,"formatid":"gen9vgc2024regh","rating":1676,"private":0,"password":null}