{"id":"gen9vgc2024regh-2204685552","format":"[Gen 9] VGC 2024 Reg H","players":["KSunfr","Tommytinkle"],"log":"|j|\u2606KSunfr\n|j|\u2606Tommytinkle\n|t:|1726700488\n|gametype|doubles\n|player|p1|KSunfr|unknown|1742\n|player|p2|Tommytinkle|2|1834\n|teamsize|p1|6\n|teamsize|p2|6\n|gen|9\n|tier|[Gen 9] VGC 2024 Reg H\n|rated|\n|rule|Species Clause: Limit one of each Pok\u00e9mon\n|rule|Item Clause: Limit 1 of each item\n|clearpoke\n|poke|p1|Dragonite, L50, M|\n|poke|p1|Talonflame, L50, M|\n|poke|p1|Gholdengo, L50|\n|poke|p1|Annihilape, L50, F|\n|poke|p1|Maushold, L50|\n|poke|p1|Garchomp, L50, F|\n|poke|p2|Garchomp, L50, F|\n|poke|p2|Dragonite, L50, M|\n|poke|p2|Annihilape, L50, M|\n|poke|p2|Maushold, L50|\n|poke|p2|Tyranitar, L50, F|\n|poke|p2|Primarina, L50, M|\n|teampreview|4\n|inactive|Battle timer is ON: inactive players will automatically lose when time's up. (requested by KSunfr)\n|j| tonyoo\n|inactive|KSunfr has 60 seconds left.\n|\n|t:|1726700521\n|start\n|switch|p1a: Annihilape|Annihilape, L50, F|100\/100\n|switch|p1b: Garchomp|Garchomp, L50, F|100\/100\n|switch|p2a: Garchomp|Garchomp, L50, F|100\/100\n|switch|p2b: Dragonite|Dragonite, L50, M|100\/100\n|turn|1\n|\n|t:|1726700533\n|move|p2a: Garchomp|Protect|p2a: Garchomp\n|-singleturn|p2a: Garchomp|Protect\n|move|p1a: Annihilape|Coaching|p1b: Garchomp\n|-boost|p1b: Garchomp|atk|1\n|-boost|p1b: Garchomp|def|1\n|move|p1b: Garchomp|Dragon Claw|p2b: Dragonite\n|-supereffective|p2b: Dragonite\n|-damage|p2b: Dragonite|26\/100\n|-damage|p1b: Garchomp|84\/100|[from] item: Rocky Helmet|[of] p2b: Dragonite\n|-damage|p1b: Garchomp|74\/100|[from] item: Life Orb\n|move|p2b: Dragonite|Tailwind|p2b: Dragonite\n|-sidestart|p2: Tommytinkle|move: Tailwind\n|\n|upkeep\n|turn|2\n|j| futonkagebunshin\n|inactive|Tommytinkle has 30 seconds left.\n|\n|t:|1726700558\n|-terastallize|p2a: Garchomp|Ground\n|move|p2b: Dragonite|Helping Hand|p2a: Garchomp\n|-singleturn|p2a: Garchomp|Helping Hand|[of] p2b: Dragonite\n|move|p1b: Garchomp|Protect|p1b: Garchomp\n|-singleturn|p1b: Garchomp|Protect\n|move|p2a: Garchomp|Earthquake|p1b: Garchomp|[spread] p1a\n|-activate|p1b: Garchomp|move: Protect\n|-immune|p2b: Dragonite\n|-crit|p1a: Annihilape\n|-damage|p1a: Annihilape|0 fnt\n|faint|p1a: Annihilape\n|-damage|p2a: Garchomp|91\/100|[from] item: Life Orb\n|\n|upkeep\n|\n|t:|1726700571\n|switch|p1a: Dragonite|Dragonite, L50, M|100\/100\n|turn|3\n|j| RNG Savage\n|\n|t:|1726700594\n|-terastallize|p1b: Garchomp|Ground\n|move|p2b: Dragonite|Helping Hand|p2a: Garchomp\n|-singleturn|p2a: Garchomp|Helping Hand|[of] p2b: Dragonite\n|move|p1a: Dragonite|Extreme Speed|p2b: Dragonite\n|-crit|p2b: Dragonite\n|-damage|p2b: Dragonite|0 fnt\n|-damage|p1a: Dragonite|84\/100|[from] item: Rocky Helmet|[of] p2b: Dragonite\n|faint|p2b: Dragonite\n|move|p2a: Garchomp|Dragon Claw|p1b: Garchomp\n|-damage|p1b: Garchomp|21\/100\n|-damage|p2a: Garchomp|78\/100|[from] ability: Rough Skin|[of] p1b: Garchomp\n|-damage|p2a: Garchomp|68\/100|[from] item: Life Orb\n|move|p1b: Garchomp|Stomping Tantrum|p2a: Garchomp\n|-damage|p2a: Garchomp|0 fnt\n|faint|p2a: Garchomp\n|-damage|p1b: Garchomp|11\/100|[from] item: Life Orb\n|\n|upkeep\n|j| Music_Man3\n|\n|t:|1726700607\n|switch|p2a: Tyranitar|Tyranitar, L50, F|100\/100\n|switch|p2b: Primarina|Primarina, L50, M|100\/100\n|-weather|Sandstorm|[from] ability: Sand Stream|[of] p2a: Tyranitar\n|turn|4\n|\n|t:|1726700616\n|move|p1b: Garchomp|Protect|p1b: Garchomp\n|-singleturn|p1b: Garchomp|Protect\n|move|p1a: Dragonite|Protect|p1a: Dragonite\n|-singleturn|p1a: Dragonite|Protect\n|move|p2a: Tyranitar|Knock Off|p1b: Garchomp\n|-activate|p1b: Garchomp|move: Protect\n|move|p2b: Primarina|Moonblast|p1a: Dragonite\n|-activate|p1a: Dragonite|move: Protect\n|\n|-weather|Sandstorm|[upkeep]\n|-damage|p2b: Primarina|95\/100|[from] Sandstorm\n|-damage|p1a: Dragonite|78\/100|[from] Sandstorm\n|-sideend|p2: Tommytinkle|move: Tailwind\n|upkeep\n|turn|5\n|\n|t:|1726700639\n|move|p2b: Primarina|Protect|p2b: Primarina\n|-singleturn|p2b: Primarina|Protect\n|move|p1b: Garchomp|Earthquake|p2a: Tyranitar|[spread] p2a\n|-activate|p2b: Primarina|move: Protect\n|-immune|p1a: Dragonite\n|-supereffective|p2a: Tyranitar\n|-damage|p2a: Tyranitar|0 fnt\n|faint|p2a: Tyranitar\n|-damage|p1b: Garchomp|1\/100|[from] item: Life Orb\n|move|p1a: Dragonite|Low Kick|p2b: Primarina\n|-activate|p2b: Primarina|move: Protect\n|\n|-weather|Sandstorm|[upkeep]\n|-damage|p1a: Dragonite|72\/100|[from] Sandstorm\n|-damage|p2b: Primarina|89\/100|[from] Sandstorm\n|upkeep\n|turn|6\n|-message|Tommytinkle forfeited.\n|\n|win|KSunfr\n|raw|KSunfr's rating: 1742 &rarr; <strong>1767<\/strong><br \/>(+25 for winning)\n|raw|Tommytinkle's rating: 1834 &rarr; <strong>1809<\/strong><br \/>(-25 for losing)\n|l|\u2606Tommytinkle\n|player|p2|\n|l|\u2606KSunfr\n|player|p1|\n|l| Music_Man3\n|l| RNG Savage\n","uploadtime":1726700817,"views":118,"formatid":"gen9vgc2024regh","rating":1767,"private":0,"password":null}