{"id":"gen9vgc2024regh-2204091839","format":"[Gen 9] VGC 2024 Reg H","players":["very demure","Nightflash2735"],"log":"|j|\u2606very demure\n|j|\u2606Nightflash2735\n|t:|1726633135\n|gametype|doubles\n|player|p1|very demure|roxanne-masters|1746\n|player|p2|Nightflash2735|2|1703\n|teamsize|p1|6\n|teamsize|p2|6\n|gen|9\n|tier|[Gen 9] VGC 2024 Reg H\n|rated|\n|rule|Species Clause: Limit one of each Pok\u00e9mon\n|rule|Item Clause: Limit 1 of each item\n|clearpoke\n|poke|p1|Dragonite, L50, F|\n|poke|p1|Amoonguss, L50, F|\n|poke|p1|Archaludon, L50, F|\n|poke|p1|Kingambit, L50, M|\n|poke|p1|Flamigo, L50, F|\n|poke|p1|Primarina, L50, M|\n|poke|p2|Rillaboom, L50, F|\n|poke|p2|Sneasler, L50, M|\n|poke|p2|Dondozo, L50, M|\n|poke|p2|Kingambit, L50, M|\n|poke|p2|Chandelure, L50, F|\n|poke|p2|Clefable, L50, F|\n|teampreview|4\n|inactive|Battle timer is ON: inactive players will automatically lose when time's up. (requested by Nightflash2735)\n|j| number86\n|\n|t:|1726633203\n|start\n|switch|p1a: Dragonite|Dragonite, L50, F|100\/100\n|switch|p1b: Flamigo|Flamigo, L50, F|100\/100\n|switch|p2a: Rillaboom|Rillaboom, L50, F|100\/100\n|switch|p2b: Sneasler|Sneasler, L50, M|100\/100\n|-fieldstart|move: Grassy Terrain|[from] ability: Grassy Surge|[of] p2a: Rillaboom\n|-enditem|p2b: Sneasler|Grassy Seed\n|-boost|p2b: Sneasler|def|1|[from] item: Grassy Seed\n|turn|1\n|l| number86\n|j| number86\n|inactive|very demure has 30 seconds left.\n|inactive|Nightflash2735 has 30 seconds left.\n|inactive|very demure has 20 seconds left.\n|inactive|Nightflash2735 has 20 seconds left.\n|inactive|Nightflash2735 has 15 seconds left.\n|\n|t:|1726633246\n|move|p2b: Sneasler|Protect|p2b: Sneasler\n|-singleturn|p2b: Sneasler|Protect\n|move|p1b: Flamigo|Brave Bird|p2b: Sneasler\n|-activate|p2b: Sneasler|move: Protect\n|move|p2a: Rillaboom|U-turn|p1a: Dragonite\n|-resisted|p1a: Dragonite\n|-damage|p1a: Dragonite|94\/100\n|\n|t:|1726633253\n|switch|p2a: Dondozo|Dondozo, L50, M|100\/100|[from] U-turn\n|move|p1a: Dragonite|Scale Shot|p2b: Sneasler\n|-activate|p2b: Sneasler|move: Protect\n|\n|upkeep\n|turn|2\n|\n|t:|1726633266\n|move|p2b: Sneasler|Acrobatics|p1b: Flamigo\n|-supereffective|p1b: Flamigo\n|-enditem|p1b: Flamigo|Focus Sash\n|-damage|p1b: Flamigo|1\/100\n|move|p1b: Flamigo|Brave Bird|p2b: Sneasler\n|-supereffective|p2b: Sneasler\n|-damage|p2b: Sneasler|0 fnt\n|faint|p2b: Sneasler\n|-damage|p1b: Flamigo|0 fnt|[from] Recoil\n|faint|p1b: Flamigo\n|move|p1a: Dragonite|Scale Shot|p2a: Dondozo\n|-damage|p2a: Dondozo|92\/100\n|-damage|p2a: Dondozo|83\/100\n|-damage|p2a: Dondozo|75\/100\n|-damage|p2a: Dondozo|66\/100\n|-hitcount|p2a: Dondozo|4\n|-unboost|p1a: Dragonite|def|1\n|-boost|p1a: Dragonite|spe|1\n|move|p2a: Dondozo|Curse|p2a: Dondozo\n|-unboost|p2a: Dondozo|spe|1\n|-boost|p2a: Dondozo|atk|1\n|-boost|p2a: Dondozo|def|1\n|\n|-heal|p2a: Dondozo|72\/100|[from] Grassy Terrain\n|-heal|p2a: Dondozo|78\/100|[from] item: Leftovers\n|upkeep\n|\n|t:|1726633291\n|switch|p2b: Clefable|Clefable, L50, F|100\/100\n|switch|p1b: Archaludon|Archaludon, L50, F|100\/100\n|turn|3\n|inactive|very demure has 30 seconds left.\n|\n|t:|1726633320\n|switch|p1a: Primarina|Primarina, L50, M|100\/100\n|-terastallize|p2a: Dondozo|Steel\n|move|p2b: Clefable|Protect|p2b: Clefable\n|-singleturn|p2b: Clefable|Protect\n|move|p1b: Archaludon|Electro Shot||[still]\n|-prepare|p1b: Archaludon|Electro Shot\n|-boost|p1b: Archaludon|spa|1\n|-enditem|p1b: Archaludon|Power Herb\n|-anim|p1b: Archaludon|Electro Shot|p2a: Dondozo\n|-damage|p2a: Dondozo|43\/100\n|move|p2a: Dondozo|Yawn|p1b: Archaludon\n|-start|p1b: Archaludon|move: Yawn|[of] p2a: Dondozo\n|\n|-heal|p2a: Dondozo|49\/100|[from] Grassy Terrain\n|-heal|p2a: Dondozo|56\/100|[from] item: Leftovers\n|upkeep\n|turn|4\n|\n|t:|1726633330\n|switch|p1b: Dragonite|Dragonite, L50, F|94\/100\n|move|p1a: Primarina|Hyper Voice|p2a: Dondozo|[spread] p2a,p2b\n|-damage|p2a: Dondozo|32\/100\n|-damage|p2b: Clefable|72\/100\n|-enditem|p1a: Primarina|Throat Spray\n|-boost|p1a: Primarina|spa|1|[from] item: Throat Spray\n|move|p2b: Clefable|Life Dew|p2b: Clefable|[spread] p2a,p2b\n|-heal|p2a: Dondozo|57\/100\n|-heal|p2b: Clefable|97\/100\n|move|p2a: Dondozo|Yawn|p1a: Primarina\n|-start|p1a: Primarina|move: Yawn|[of] p2a: Dondozo\n|\n|-heal|p2b: Clefable|100\/100|[from] Grassy Terrain\n|-heal|p2a: Dondozo|63\/100|[from] Grassy Terrain\n|-heal|p2a: Dondozo|69\/100|[from] item: Leftovers\n|upkeep\n|turn|5\n|j| TropicalNintendo\n|inactive|very demure has 30 seconds left.\n|inactive|very demure has 20 seconds left.\n|inactive|very demure has 15 seconds left.\n|inactive|very demure has 10 seconds left.\n|\n|t:|1726633379\n|switch|p1a: Archaludon|Archaludon, L50, F|100\/100\n|-terastallize|p1b: Dragonite|Steel\n|move|p1b: Dragonite|Stomping Tantrum|p2b: Clefable\n|-damage|p2b: Clefable|75\/100\n|move|p2b: Clefable|Life Dew|p2b: Clefable|[spread] p2a,p2b\n|-heal|p2a: Dondozo|94\/100\n|-heal|p2b: Clefable|100\/100\n|move|p2a: Dondozo|Curse|p2a: Dondozo\n|-unboost|p2a: Dondozo|spe|1\n|-boost|p2a: Dondozo|atk|1\n|-boost|p2a: Dondozo|def|1\n|\n|-heal|p1b: Dragonite|99\/100|[from] Grassy Terrain\n|-heal|p2a: Dondozo|100\/100|[from] Grassy Terrain\n|-fieldend|move: Grassy Terrain\n|upkeep\n|turn|6\n|j| allplay\n|\n|t:|1726633399\n|switch|p1b: Primarina|Primarina, L50, M|100\/100\n|move|p2b: Clefable|Protect|p2b: Clefable\n|-singleturn|p2b: Clefable|Protect\n|move|p1a: Archaludon|Flash Cannon|p2b: Clefable\n|-activate|p2b: Clefable|move: Protect\n|move|p2a: Dondozo|Wave Crash|p1a: Archaludon\n|-resisted|p1a: Archaludon\n|-damage|p1a: Archaludon|68\/100\n|-damage|p2a: Dondozo|93\/100|[from] Recoil\n|\n|-heal|p2a: Dondozo|99\/100|[from] item: Leftovers\n|upkeep\n|turn|7\n|\n|t:|1726633409\n|move|p1a: Archaludon|Flash Cannon|p2b: Clefable\n|-supereffective|p2b: Clefable\n|-damage|p2b: Clefable|29\/100\n|move|p1b: Primarina|Haze|p1b: Primarina\n|-clearallboost\n|move|p2b: Clefable|Moonblast|p1a: Archaludon\n|-damage|p1a: Archaludon|22\/100\n|move|p2a: Dondozo|Wave Crash|p1a: Archaludon\n|-resisted|p1a: Archaludon\n|-damage|p1a: Archaludon|4\/100\n|-damage|p2a: Dondozo|95\/100|[from] Recoil\n|\n|-heal|p2a: Dondozo|100\/100|[from] item: Leftovers\n|upkeep\n|turn|8\n|\n|t:|1726633432\n|move|p1a: Archaludon|Protect|p1a: Archaludon\n|-singleturn|p1a: Archaludon|Protect\n|move|p1b: Primarina|Moonblast|p2b: Clefable\n|-damage|p2b: Clefable|0 fnt\n|faint|p2b: Clefable\n|move|p2a: Dondozo|Wave Crash|p1a: Archaludon\n|-activate|p1a: Archaludon|move: Protect\n|\n|upkeep\n|\n|t:|1726633437\n|switch|p2b: Rillaboom|Rillaboom, L50, F|100\/100\n|-fieldstart|move: Grassy Terrain|[from] ability: Grassy Surge|[of] p2b: Rillaboom\n|turn|9\n|\n|t:|1726633444\n|switch|p1a: Dragonite|Dragonite, L50, F, tera:Steel|99\/100\n|move|p1b: Primarina|Protect|p1b: Primarina\n|-singleturn|p1b: Primarina|Protect\n|move|p2b: Rillaboom|Bullet Seed|p1a: Dragonite\n|-resisted|p1a: Dragonite\n|-damage|p1a: Dragonite|91\/100\n|-resisted|p1a: Dragonite\n|-damage|p1a: Dragonite|82\/100\n|-resisted|p1a: Dragonite\n|-damage|p1a: Dragonite|73\/100\n|-resisted|p1a: Dragonite\n|-damage|p1a: Dragonite|63\/100\n|-resisted|p1a: Dragonite\n|-damage|p1a: Dragonite|53\/100\n|-hitcount|p1a: Dragonite|5\n|move|p2a: Dondozo|Yawn|p1b: Primarina\n|-activate|p1b: Primarina|move: Protect\n|\n|-heal|p1a: Dragonite|59\/100|[from] Grassy Terrain\n|upkeep\n|turn|10\n|\n|t:|1726633466\n|move|p2b: Rillaboom|Bullet Seed|p1b: Primarina\n|-supereffective|p1b: Primarina\n|-damage|p1b: Primarina|61\/100\n|-supereffective|p1b: Primarina\n|-damage|p1b: Primarina|20\/100\n|-supereffective|p1b: Primarina\n|-damage|p1b: Primarina|0 fnt\n|faint|p1b: Primarina\n|-hitcount|p1: Primarina|3\n|move|p1a: Dragonite|Stomping Tantrum|p2a: Dondozo\n|-supereffective|p2a: Dondozo\n|-damage|p2a: Dondozo|71\/100\n|move|p2a: Dondozo|Wave Crash|p1a: Dragonite\n|-damage|p1a: Dragonite|15\/100\n|-damage|p2a: Dondozo|60\/100|[from] Recoil\n|\n|-heal|p1a: Dragonite|21\/100|[from] Grassy Terrain\n|-heal|p2a: Dondozo|66\/100|[from] Grassy Terrain\n|-heal|p2a: Dondozo|73\/100|[from] item: Leftovers\n|upkeep\n|-message|very demure forfeited.\n|\n|win|Nightflash2735\n|raw|very demure's rating: 1746 &rarr; <strong>1724<\/strong><br \/>(-22 for losing)\n|raw|Nightflash2735's rating: 1703 &rarr; <strong>1725<\/strong><br \/>(+22 for winning)\n|l|\u2606very demure\n|player|p1|\n|l|\u2606Nightflash2735\n|player|p2|\n|l| TropicalNintendo\n|l| allplay\n","uploadtime":1726633748,"views":43,"formatid":"gen9vgc2024regh","rating":1724,"private":0,"password":null}