{"id":"gen9vgc2024regh-2204485072","format":"[Gen 9] VGC 2024 Reg H","players":["glastrier4lyfe","TwitterJasePokemon"],"log":"|j|\u2606glastrier4lyfe\n|j|\u2606TwitterJasePokemon\n|t:|1726681236\n|gametype|doubles\n|player|p1|glastrier4lyfe|harlequin|1712\n|player|p2|TwitterJasePokemon|lucas|1732\n|teamsize|p1|6\n|teamsize|p2|6\n|gen|9\n|tier|[Gen 9] VGC 2024 Reg H\n|rated|\n|rule|Species Clause: Limit one of each Pok\u00e9mon\n|rule|Item Clause: Limit 1 of each item\n|clearpoke\n|poke|p1|Volcarona, L50, F|\n|poke|p1|Staraptor, L50, M|\n|poke|p1|Rillaboom, L50, M|\n|poke|p1|Primarina, L50, F|\n|poke|p1|Kingambit, L50, F|\n|poke|p1|Sneasler, L50, M|\n|poke|p2|Maushold, L50|\n|poke|p2|Murkrow, L50, M|\n|poke|p2|Basculegion, L50, M|\n|poke|p2|Dragonite, L50, F|\n|poke|p2|Archaludon, L50, M|\n|poke|p2|Gholdengo, L50|\n|teampreview|4\n|inactive|Battle timer is ON: inactive players will automatically lose when time's up. (requested by glastrier4lyfe)\n|inactive|TwitterJasePokemon also wants the timer to be on.\n|inactive|TwitterJasePokemon has 60 seconds left.\n|\n|t:|1726681275\n|start\n|switch|p1a: Sneasler|Sneasler, L50, M|100\/100\n|switch|p1b: Kingambit|Kingambit, L50, F|100\/100\n|switch|p2a: Maushold|Maushold, L50|100\/100\n|switch|p2b: Gholdengo|Gholdengo, L50|100\/100\n|turn|1\n|\n|t:|1726681288\n|-terastallize|p2b: Gholdengo|Steel\n|move|p2a: Maushold|Feint|p1a: Sneasler\n|-damage|p1a: Sneasler|85\/100\n|move|p1a: Sneasler|Close Combat|p2a: Maushold\n|-supereffective|p2a: Maushold\n|-damage|p2a: Maushold|0 fnt\n|-unboost|p1a: Sneasler|def|1\n|-unboost|p1a: Sneasler|spd|1\n|-damage|p1a: Sneasler|68\/100|[from] item: Rocky Helmet|[of] p2a: Maushold\n|faint|p2a: Maushold\n|move|p2b: Gholdengo|Make It Rain|p1a: Sneasler|[spread] p1a,p1b\n|-resisted|p1b: Kingambit\n|-damage|p1a: Sneasler|0 fnt\n|-damage|p1b: Kingambit|53\/100\n|-unboost|p2b: Gholdengo|spa|1\n|faint|p1a: Sneasler\n|move|p1b: Kingambit|Swords Dance|p1b: Kingambit\n|-boost|p1b: Kingambit|atk|2\n|\n|upkeep\n|\n|t:|1726681298\n|switch|p2a: Dragonite|Dragonite, L50, F|100\/100\n|switch|p1a: Rillaboom|Rillaboom, L50, M|100\/100\n|-fieldstart|move: Grassy Terrain|[from] ability: Grassy Surge|[of] p1a: Rillaboom\n|turn|2\n|\n|t:|1726681305\n|switch|p2b: Archaludon|Archaludon, L50, M|100\/100\n|move|p1a: Rillaboom|Fake Out|p2a: Dragonite\n|-damage|p2a: Dragonite|94\/100\n|move|p1b: Kingambit|Sucker Punch||[still]\n|-fail|p1b: Kingambit\n|cant|p2a: Dragonite|flinch\n|\n|-heal|p1b: Kingambit|59\/100|[from] Grassy Terrain\n|upkeep\n|turn|3\n|\n|t:|1726681324\n|-terastallize|p1b: Kingambit|Dragon\n|move|p2b: Archaludon|Aura Sphere|p1b: Kingambit\n|-damage|p1b: Kingambit|29\/100\n|move|p1a: Rillaboom|U-turn|p2a: Dragonite\n|-resisted|p2a: Dragonite\n|-damage|p2a: Dragonite|82\/100\n|\n|t:|1726681330\n|switch|p1a: Staraptor|Staraptor, L50, M|100\/100|[from] U-turn\n|-ability|p1a: Staraptor|Intimidate|boost\n|-unboost|p2a: Dragonite|atk|1\n|-unboost|p2b: Archaludon|atk|1\n|move|p2a: Dragonite|Low Kick|p1b: Kingambit\n|-damage|p1b: Kingambit|12\/100\n|move|p1b: Kingambit|Kowtow Cleave|p2a: Dragonite\n|-damage|p2a: Dragonite|0 fnt\n|faint|p2a: Dragonite\n|\n|-heal|p1b: Kingambit|17\/100|[from] Grassy Terrain\n|upkeep\n|\n|t:|1726681337\n|switch|p2a: Gholdengo|Gholdengo, L50, tera:Steel|100\/100\n|turn|4\n|inactive|glastrier4lyfe has 30 seconds left.\n|\n|t:|1726681372\n|move|p1b: Kingambit|Sucker Punch|p2a: Gholdengo\n|-damage|p2a: Gholdengo|0 fnt\n|faint|p2a: Gholdengo\n|move|p1a: Staraptor|U-turn|p2b: Archaludon\n|-resisted|p2b: Archaludon\n|-damage|p2b: Archaludon|92\/100\n|\n|t:|1726681376\n|switch|p1a: Rillaboom|Rillaboom, L50, M|100\/100|[from] U-turn\n|move|p2b: Archaludon|Electro Shot||[still]\n|-prepare|p2b: Archaludon|Electro Shot\n|-boost|p2b: Archaludon|spa|1\n|-enditem|p2b: Archaludon|Power Herb\n|-anim|p2b: Archaludon|Electro Shot|p1b: Kingambit\n|-resisted|p1b: Kingambit\n|-damage|p1b: Kingambit|0 fnt\n|faint|p1b: Kingambit\n|\n|-heal|p2b: Archaludon|98\/100|[from] Grassy Terrain\n|upkeep\n|\n|t:|1726681383\n|switch|p1b: Staraptor|Staraptor, L50, M|100\/100\n|-ability|p1b: Staraptor|Intimidate|boost\n|-unboost|p2b: Archaludon|atk|1\n|turn|5\n|\n|t:|1726681387\n|move|p2b: Archaludon|Protect|p2b: Archaludon\n|-singleturn|p2b: Archaludon|Protect\n|move|p1b: Staraptor|Final Gambit|p2b: Archaludon\n|-activate|p2b: Archaludon|move: Protect\n|move|p1a: Rillaboom|Wood Hammer|p2b: Archaludon\n|-activate|p2b: Archaludon|move: Protect\n|\n|-heal|p2b: Archaludon|100\/100|[from] Grassy Terrain\n|upkeep\n|turn|6\n|\n|t:|1726681404\n|move|p1b: Staraptor|Final Gambit|p2b: Archaludon\n|-ability|p2b: Archaludon|Sturdy\n|-damage|p2b: Archaludon|1\/100\n|faint|p1b: Staraptor\n|move|p2b: Archaludon|Draco Meteor|p1a: Rillaboom\n|-damage|p1a: Rillaboom|20\/100\n|-unboost|p2b: Archaludon|spa|2\n|move|p1a: Rillaboom|Wood Hammer|p2b: Archaludon\n|-resisted|p2b: Archaludon\n|-damage|p2b: Archaludon|0 fnt\n|faint|p2b: Archaludon\n|-damage|p1a: Rillaboom|20\/100|[from] Recoil\n|\n|win|glastrier4lyfe\n|raw|glastrier4lyfe's rating: 1712 &rarr; <strong>1733<\/strong><br \/>(+21 for winning)\n|raw|TwitterJasePokemon's rating: 1732 &rarr; <strong>1711<\/strong><br \/>(-21 for losing)\n|l|\u2606TwitterJasePokemon\n|player|p2|\n","uploadtime":1726681413,"views":78,"formatid":"gen9vgc2024regh","rating":1711,"private":0,"password":null}