{"id":"gen9vgc2024regh-2204102202","format":"[Gen 9] VGC 2024 Reg H","players":["123something","TwitterJasePokemon"],"log":"|j|\u2606123something\n|j|\u2606TwitterJasePokemon\n|t:|1726634732\n|gametype|doubles\n|player|p1|123something|1|1682\n|player|p2|TwitterJasePokemon|2|1746\n|teamsize|p1|6\n|teamsize|p2|6\n|gen|9\n|tier|[Gen 9] VGC 2024 Reg H\n|rated|\n|rule|Species Clause: Limit one of each Pok\u00e9mon\n|rule|Item Clause: Limit 1 of each item\n|clearpoke\n|poke|p1|Whimsicott, L50, F|\n|poke|p1|Typhlosion-Hisui, L50, M|\n|poke|p1|Primarina, L50, F|\n|poke|p1|Meowscarada, L50, M|\n|poke|p1|Tyranitar, L50, M|\n|poke|p1|Annihilape, L50, M|\n|poke|p2|Grimmsnarl, L50, M|\n|poke|p2|Amoonguss, L50, F|\n|poke|p2|Volcarona, L50, M|\n|poke|p2|Primarina, L50, M|\n|poke|p2|Gholdengo, L50|\n|poke|p2|Ursaluna-Bloodmoon, L50, M|\n|teampreview|4\n|inactive|Battle timer is ON: inactive players will automatically lose when time's up. (requested by TwitterJasePokemon)\n|j| TropicalNintendo\n|inactive|123something has 60 seconds left.\n|\n|t:|1726634785\n|start\n|switch|p1a: Whimsicott|Whimsicott, L50, F|100\/100\n|switch|p1b: Annihilape|Annihilape, L50, M|100\/100\n|switch|p2a: Gholdengo|Gholdengo, L50|100\/100\n|switch|p2b: Grimmsnarl|Grimmsnarl, L50, M|100\/100\n|turn|1\n|inactive|123something has 30 seconds left.\n|inactive|TwitterJasePokemon has 30 seconds left.\n|inactive|123something has 20 seconds left.\n|inactive|123something has 15 seconds left.\n|j| Tian15\n|\n|t:|1726634827\n|-terastallize|p2a: Gholdengo|Steel\n|-terastallize|p1a: Whimsicott|Poison\n|move|p2b: Grimmsnarl|Thunder Wave|p1a: Whimsicott\n|-status|p1a: Whimsicott|par\n|move|p2a: Gholdengo|Make It Rain|p1b: Annihilape|[spread] p1a,p1b\n|-damage|p1a: Whimsicott|7\/100 par\n|-damage|p1b: Annihilape|44\/100\n|-unboost|p2a: Gholdengo|spa|1\n|move|p1b: Annihilape|Rage Fist|p2a: Gholdengo\n|-damage|p2a: Gholdengo|44\/100\n|move|p1a: Whimsicott|Beat Up|p1b: Annihilape\n|-damage|p1b: Annihilape|43\/100\n|-damage|p1b: Annihilape|40\/100\n|-damage|p1b: Annihilape|37\/100\n|-damage|p1b: Annihilape|34\/100\n|-hitcount|p1b: Annihilape|4\n|\n|upkeep\n|turn|2\n|\n|t:|1726634847\n|move|p2b: Grimmsnarl|Thunder Wave|p1b: Annihilape\n|-status|p1b: Annihilape|par\n|-enditem|p1b: Annihilape|Lum Berry|[eat]\n|-curestatus|p1b: Annihilape|par|[msg]\n|move|p1a: Whimsicott|Tailwind|p1a: Whimsicott\n|-sidestart|p1: 123something|move: Tailwind\n|move|p1b: Annihilape|Rage Fist|p2a: Gholdengo\n|-damage|p2a: Gholdengo|0 fnt\n|faint|p2a: Gholdengo\n|\n|upkeep\n|\n|t:|1726634852\n|switch|p2a: Ursaluna|Ursaluna-Bloodmoon, L50, M|100\/100\n|turn|3\n|inactive|123something has 30 seconds left.\n|inactive|123something has 20 seconds left.\n|\n|t:|1726634887\n|move|p1b: Annihilape|Protect|p1b: Annihilape\n|-singleturn|p1b: Annihilape|Protect\n|move|p2b: Grimmsnarl|Reflect|p2b: Grimmsnarl\n|-sidestart|p2: TwitterJasePokemon|Reflect\n|cant|p1a: Whimsicott|par\n|move|p2a: Ursaluna|Blood Moon|p1b: Annihilape\n|-activate|p1b: Annihilape|move: Protect\n|\n|upkeep\n|turn|4\n|inactive|123something has 30 seconds left.\n|inactive|123something has 20 seconds left.\n|inactive|123something has 15 seconds left.\n|inactive|123something has 10 seconds left.\n|\n|t:|1726634933\n|move|p2b: Grimmsnarl|Thunder Wave|p1b: Annihilape\n|-status|p1b: Annihilape|par\n|cant|p1a: Whimsicott|par\n|move|p1b: Annihilape|Close Combat|p2b: Grimmsnarl\n|-damage|p2b: Grimmsnarl|60\/100\n|-unboost|p1b: Annihilape|def|1\n|-unboost|p1b: Annihilape|spd|1\n|move|p2a: Ursaluna|Hyper Voice|p1b: Annihilape|[spread] p1a,p1b\n|-damage|p1a: Whimsicott|0 fnt\n|-damage|p1b: Annihilape|0 fnt\n|faint|p1a: Whimsicott\n|faint|p1b: Annihilape\n|\n|upkeep\n|\n|t:|1726634941\n|switch|p1a: Typhlosion|Typhlosion-Hisui, L50, M|100\/100\n|switch|p1b: Meowscarada|Meowscarada, L50, M|100\/100\n|-item|p2a: Ursaluna|Assault Vest|[from] ability: Frisk|[of] p1a: Typhlosion\n|-item|p2b: Grimmsnarl|Light Clay|[from] ability: Frisk|[of] p1a: Typhlosion\n|turn|5\n|\n|t:|1726634955\n|move|p2b: Grimmsnarl|Light Screen|p2b: Grimmsnarl\n|-sidestart|p2: TwitterJasePokemon|move: Light Screen\n|move|p1b: Meowscarada|Flower Trick|p2a: Ursaluna\n|-supereffective|p2a: Ursaluna\n|-crit|p2a: Ursaluna\n|-damage|p2a: Ursaluna|32\/100\n|move|p1a: Typhlosion|Eruption|p2b: Grimmsnarl|[spread] p2a,p2b\n|-damage|p2a: Ursaluna|0 fnt\n|-damage|p2b: Grimmsnarl|13\/100\n|faint|p2a: Ursaluna\n|\n|-sideend|p1: 123something|move: Tailwind\n|upkeep\n|\n|t:|1726634961\n|switch|p2a: Amoonguss|Amoonguss, L50, F|100\/100\n|turn|6\n|-message|TwitterJasePokemon forfeited.\n|\n|win|123something\n|raw|123something's rating: 1682 &rarr; <strong>1706<\/strong><br \/>(+24 for winning)\n|raw|TwitterJasePokemon's rating: 1746 &rarr; <strong>1722<\/strong><br \/>(-24 for losing)\n|l|\u2606TwitterJasePokemon\n|player|p2|\n|l|\u2606123something\n|player|p1|\n|l| TropicalNintendo\n|l| Tian15\n","uploadtime":1726635204,"views":22,"formatid":"gen9vgc2024regh","rating":1706,"private":0,"password":null}