{"id":"gen9vgc2024regh-2204526268","format":"[Gen 9] VGC 2024 Reg H","players":["Zordor","TwitterJasePokemon"],"log":"|j|\u2606Zordor\n|j|\u2606TwitterJasePokemon\n|t:|1726684787\n|gametype|doubles\n|player|p1|Zordor|pilot|1695\n|player|p2|TwitterJasePokemon|lucas|1778\n|teamsize|p1|6\n|teamsize|p2|6\n|gen|9\n|tier|[Gen 9] VGC 2024 Reg H\n|rated|\n|rule|Species Clause: Limit one of each Pok\u00e9mon\n|rule|Item Clause: Limit 1 of each item\n|clearpoke\n|poke|p1|Rotom-Wash, L50|\n|poke|p1|Cinderace, L50, F|\n|poke|p1|Kingambit, L50, M|\n|poke|p1|Venusaur, L50, F|\n|poke|p1|Armarouge, L50, F|\n|poke|p1|Dragapult, L50, F|\n|poke|p2|Maushold, L50|\n|poke|p2|Murkrow, L50, M|\n|poke|p2|Basculegion, L50, M|\n|poke|p2|Dragonite, L50, M|\n|poke|p2|Archaludon, L50, M|\n|poke|p2|Gholdengo, L50|\n|teampreview|4\n|inactive|Battle timer is ON: inactive players will automatically lose when time's up. (requested by TwitterJasePokemon)\n|j| ravioliaifunghi\n|inactive|Zordor has 60 seconds left.\n|inactive|TwitterJasePokemon has 60 seconds left.\n|j| michael1vgc\n|j| Therazer456\n|j| lol lol lol blue\n|j| Pichumeister99\n|\n|t:|1726684845\n|start\n|switch|p1a: Rotom|Rotom-Wash, L50|100\/100\n|switch|p1b: Cinderace|Cinderace, L50, F|100\/100\n|switch|p2a: Murkrow|Murkrow, L50, M|100\/100\n|switch|p2b: Gholdengo|Gholdengo, L50|100\/100\n|turn|1\n|inactive|TwitterJasePokemon has 30 seconds left.\n|\n|t:|1726684873\n|move|p2a: Murkrow|Tailwind|p2a: Murkrow\n|-sidestart|p2: TwitterJasePokemon|move: Tailwind\n|move|p2b: Gholdengo|Shadow Ball|p1a: Rotom\n|-damage|p1a: Rotom|37\/100\n|move|p1b: Cinderace|Pyro Ball|p2a: Murkrow\n|-damage|p2a: Murkrow|24\/100\n|move|p1a: Rotom|Electroweb|p2a: Murkrow|[spread] p2a,p2b\n|-supereffective|p2a: Murkrow\n|-damage|p2a: Murkrow|0 fnt\n|-damage|p2b: Gholdengo|84\/100\n|-unboost|p2b: Gholdengo|spe|1\n|faint|p2a: Murkrow\n|\n|upkeep\n|\n|t:|1726684885\n|switch|p2a: Archaludon|Archaludon, L50, M|100\/100\n|turn|2\n|j| BonoboF\n|inactive|Zordor has 30 seconds left.\n|inactive|Zordor has 20 seconds left.\n|j| Claarity\n|inactive|Zordor has 15 seconds left.\n|inactive|Zordor has 10 seconds left.\n|\n|t:|1726684933\n|switch|p2b: Dragonite|Dragonite, L50, M|100\/100\n|move|p2a: Archaludon|Electro Shot||[still]\n|-prepare|p2a: Archaludon|Electro Shot\n|-boost|p2a: Archaludon|spa|1\n|-enditem|p2a: Archaludon|Power Herb\n|-anim|p2a: Archaludon|Electro Shot|p1a: Rotom\n|-damage|p1a: Rotom|0 fnt\n|faint|p1a: Rotom\n|move|p1b: Cinderace|Super Fang|p2a: Archaludon\n|-start|p1b: Cinderace|typechange|Normal|[from] ability: Libero\n|-damage|p2a: Archaludon|51\/100\n|\n|upkeep\n|\n|t:|1726684949\n|switch|p1a: Kingambit|Kingambit, L50, M|100\/100\n|turn|3\n|\n|t:|1726684965\n|move|p2a: Archaludon|Protect|p2a: Archaludon\n|-singleturn|p2a: Archaludon|Protect\n|move|p1b: Cinderace|Protect|p1b: Cinderace\n|-singleturn|p1b: Cinderace|Protect\n|move|p1a: Kingambit|Protect|p1a: Kingambit\n|-singleturn|p1a: Kingambit|Protect\n|move|p2b: Dragonite|Low Kick|p1a: Kingambit\n|-activate|p1a: Kingambit|move: Protect\n|\n|upkeep\n|turn|4\n|inactive|TwitterJasePokemon has 30 seconds left.\n|\n|t:|1726684990\n|-terastallize|p1a: Kingambit|Fairy\n|move|p2a: Archaludon|Dragon Pulse|p1a: Kingambit\n|-immune|p1a: Kingambit\n|move|p2b: Dragonite|Low Kick|p1a: Kingambit\n|-resisted|p1a: Kingambit\n|-damage|p1a: Kingambit|85\/100\n|move|p1b: Cinderace|Super Fang|p2b: Dragonite\n|-damage|p2b: Dragonite|50\/100\n|move|p1a: Kingambit|Kowtow Cleave|p2a: Archaludon\n|-damage|p2a: Archaludon|8\/100\n|\n|-sideend|p2: TwitterJasePokemon|move: Tailwind\n|upkeep\n|turn|5\n|\n|t:|1726685006\n|switch|p1b: Venusaur|Venusaur, L50, F|100\/100\n|move|p2b: Dragonite|Extreme Speed|p1b: Venusaur\n|-damage|p1b: Venusaur|65\/100\n|move|p1a: Kingambit|Sucker Punch|p2a: Archaludon\n|-damage|p2a: Archaludon|0 fnt\n|faint|p2a: Archaludon\n|\n|-heal|p1b: Venusaur|72\/100|[from] item: Leftovers\n|upkeep\n|\n|t:|1726685014\n|switch|p2a: Gholdengo|Gholdengo, L50|84\/100\n|turn|6\n|\n|t:|1726685025\n|-terastallize|p2a: Gholdengo|Steel\n|move|p1b: Venusaur|Protect|p1b: Venusaur\n|-singleturn|p1b: Venusaur|Protect\n|move|p2b: Dragonite|Extreme Speed|p1b: Venusaur\n|-activate|p1b: Venusaur|move: Protect\n|move|p1a: Kingambit|Sucker Punch|p2a: Gholdengo\n|-damage|p2a: Gholdengo|41\/100\n|move|p2a: Gholdengo|Make It Rain|p1a: Kingambit|[spread] p1a\n|-activate|p1b: Venusaur|move: Protect\n|-supereffective|p1a: Kingambit\n|-damage|p1a: Kingambit|0 fnt\n|-unboost|p2a: Gholdengo|spa|1\n|faint|p1a: Kingambit\n|\n|-heal|p1b: Venusaur|78\/100|[from] item: Leftovers\n|upkeep\n|\n|t:|1726685042\n|switch|p1a: Cinderace|Cinderace, L50, F|100\/100\n|turn|7\n|\n|t:|1726685049\n|move|p1a: Cinderace|Pyro Ball|p2a: Gholdengo\n|-supereffective|p2a: Gholdengo\n|-damage|p2a: Gholdengo|0 fnt\n|faint|p2a: Gholdengo\n|move|p1b: Venusaur|Sludge Bomb|p2b: Dragonite\n|-damage|p2b: Dragonite|28\/100\n|move|p2b: Dragonite|Dragon Claw|p1a: Cinderace\n|-damage|p1a: Cinderace|38\/100\n|\n|-heal|p1b: Venusaur|84\/100|[from] item: Leftovers\n|upkeep\n|turn|8\n|j| Elemt\n|\n|t:|1726685066\n|move|p1a: Cinderace|Protect|p1a: Cinderace\n|-start|p1a: Cinderace|typechange|Normal|[from] ability: Libero\n|-singleturn|p1a: Cinderace|Protect\n|move|p1b: Venusaur|Protect|p1b: Venusaur\n|-singleturn|p1b: Venusaur|Protect\n|move|p2b: Dragonite|Extreme Speed|p1a: Cinderace\n|-activate|p1a: Cinderace|move: Protect\n|\n|-heal|p1b: Venusaur|90\/100|[from] item: Leftovers\n|upkeep\n|turn|9\n|\n|t:|1726685078\n|move|p2b: Dragonite|Extreme Speed|p1a: Cinderace\n|-damage|p1a: Cinderace|0 fnt\n|faint|p1a: Cinderace\n|move|p1b: Venusaur|Sludge Bomb|p2b: Dragonite\n|-damage|p2b: Dragonite|4\/100\n|\n|-heal|p1b: Venusaur|97\/100|[from] item: Leftovers\n|upkeep\n|turn|10\n|\n|t:|1726685085\n|move|p1b: Venusaur|Protect|p1b: Venusaur\n|-singleturn|p1b: Venusaur|Protect\n|move|p2b: Dragonite|Dragon Claw|p1b: Venusaur\n|-activate|p1b: Venusaur|move: Protect\n|\n|-heal|p1b: Venusaur|100\/100|[from] item: Leftovers\n|upkeep\n|turn|11\n|\n|t:|1726685093\n|move|p1b: Venusaur|Sludge Bomb|p2b: Dragonite\n|-damage|p2b: Dragonite|0 fnt\n|faint|p2b: Dragonite\n|\n|win|Zordor\n|raw|Zordor's rating: 1695 &rarr; <strong>1720<\/strong><br \/>(+25 for winning)\n|raw|TwitterJasePokemon's rating: 1778 &rarr; <strong>1753<\/strong><br \/>(-25 for losing)\n|l|\u2606TwitterJasePokemon\n|player|p2|\n|l| Therazer456\n|l| BonoboF\n|l| lol lol lol blue\n|l| Pichumeister99\n|l| michael1vgc\n|l| Elemt\n|l| ravioliaifunghi\n|l| Claarity\n","uploadtime":1726685341,"views":30,"formatid":"gen9vgc2024regh","rating":1720,"private":0,"password":null}