{"id":"gen9vgc2024regh-2204677210","format":"[Gen 9] VGC 2024 Reg H","players":["Jamel1","Arkalid"],"log":"|j|\u2606Jamel1\n|j|\u2606Arkalid\n|t:|1726699538\n|gametype|doubles\n|player|p1|Jamel1|cyrus|1654\n|player|p2|Arkalid|169|1803\n|teamsize|p1|6\n|teamsize|p2|6\n|gen|9\n|tier|[Gen 9] VGC 2024 Reg H\n|rated|\n|rule|Species Clause: Limit one of each Pok\u00e9mon\n|rule|Item Clause: Limit 1 of each item\n|clearpoke\n|poke|p1|Indeedee-F, L50, F|\n|poke|p1|Armarouge, L50, F|\n|poke|p1|Stonjourner, L50, M|\n|poke|p1|Sneasler, L50, F|\n|poke|p1|Stantler, L50, F|\n|poke|p1|Milotic, L50, M|\n|poke|p2|Gholdengo, L50|\n|poke|p2|Hydreigon, L50, F|\n|poke|p2|Rillaboom, L50, F|\n|poke|p2|Tauros-Paldea-Aqua, L50, M|\n|poke|p2|Clefable, L50, F|\n|poke|p2|Talonflame, L50, M|\n|teampreview|4\n|inactive|Battle timer is ON: inactive players will automatically lose when time's up. (requested by Arkalid)\n|inactive|Arkalid has 60 seconds left.\n|\n|t:|1726699584\n|start\n|switch|p1a: Stantler|Stantler, L50, F|100\/100\n|switch|p1b: Milotic|Milotic, L50, M|100\/100\n|switch|p2a: Clefable|Clefable, L50, F|100\/100\n|switch|p2b: Gholdengo|Gholdengo, L50|100\/100\n|-ability|p1a: Stantler|Intimidate|boost\n|-unboost|p2a: Clefable|atk|1\n|-unboost|p2b: Gholdengo|atk|1\n|turn|1\n|\n|t:|1726699595\n|move|p2a: Clefable|Follow Me|p2a: Clefable\n|-singleturn|p2a: Clefable|move: Follow Me\n|move|p1a: Stantler|Skill Swap|p2a: Clefable\n|-activate|p1a: Stantler|move: Skill Swap|Unaware|Intimidate|[of] p2a: Clefable\n|-ability|p2a: Clefable|Intimidate|boost\n|-unboost|p1a: Stantler|atk|1\n|-unboost|p1b: Milotic|atk|1\n|-ability|p1b: Milotic|Competitive|boost\n|-boost|p1b: Milotic|spa|2\n|-enditem|p1b: Milotic|Adrenaline Orb\n|-boost|p1b: Milotic|spe|1|[from] item: Adrenaline Orb\n|move|p1b: Milotic|Muddy Water|p2b: Gholdengo|[spread] p2a,p2b\n|-damage|p2a: Clefable|47\/100\n|-damage|p2b: Gholdengo|42\/100\n|-unboost|p2a: Clefable|accuracy|1\n|move|p2b: Gholdengo|Nasty Plot|p2b: Gholdengo\n|-boost|p2b: Gholdengo|spa|2\n|\n|upkeep\n|turn|2\n|inactive|Arkalid has 30 seconds left.\n|\n|t:|1726699625\n|-terastallize|p2b: Gholdengo|Dragon\n|move|p2a: Clefable|Follow Me|p2a: Clefable\n|-singleturn|p2a: Clefable|move: Follow Me\n|move|p1b: Milotic|Muddy Water|p2a: Clefable|[spread] p2a,p2b\n|-crit|p2a: Clefable\n|-resisted|p2b: Gholdengo\n|-damage|p2a: Clefable|0 fnt\n|-damage|p2b: Gholdengo|11\/100\n|faint|p2a: Clefable\n|move|p1a: Stantler|Psych Up|p1b: Milotic\n|-copyboost|p1a: Stantler|p1b: Milotic|[from] move: Psych Up\n|move|p2b: Gholdengo|Make It Rain|p1a: Stantler|[spread] p1a,p1b\n|-resisted|p1b: Milotic\n|-damage|p1a: Stantler|37\/100\n|-damage|p1b: Milotic|50\/100\n|-unboost|p2b: Gholdengo|spa|1\n|-damage|p2b: Gholdengo|1\/100|[from] item: Life Orb\n|\n|upkeep\n|j| futonkagebunshin\n|\n|t:|1726699642\n|switch|p2a: Rillaboom|Rillaboom, L50, F|100\/100\n|-fieldstart|move: Grassy Terrain|[from] ability: Grassy Surge|[of] p2a: Rillaboom\n|turn|3\n|j| A2\n|\n|t:|1726699657\n|switch|p1a: Indeedee|Indeedee-F, L50, F|100\/100\n|-fieldstart|move: Psychic Terrain|[from] ability: Psychic Surge|[of] p1a: Indeedee\n|switch|p2b: Hydreigon|Hydreigon, L50, F|100\/100\n|move|p1b: Milotic|Coil|p1b: Milotic\n|-boost|p1b: Milotic|atk|1\n|-boost|p1b: Milotic|def|1\n|-boost|p1b: Milotic|accuracy|1\n|move|p2a: Rillaboom|Grassy Glide|p1b: Milotic\n|-supereffective|p1b: Milotic\n|-damage|p1b: Milotic|0 fnt\n|faint|p1b: Milotic\n|\n|upkeep\n|j| lil_smol_froggy\n|\n|t:|1726699670\n|switch|p1b: Sneasler|Sneasler, L50, F|100\/100\n|-enditem|p1b: Sneasler|Psychic Seed\n|-boost|p1b: Sneasler|spd|1|[from] item: Psychic Seed\n|turn|4\n|j| falcon108\n|\n|t:|1726699695\n|switch|p2a: Gholdengo|Gholdengo, L50, tera:Dragon|1\/100\n|-terastallize|p1a: Indeedee|Fairy\n|move|p1b: Sneasler|Acrobatics|p2a: Gholdengo\n|-damage|p2a: Gholdengo|0 fnt\n|faint|p2a: Gholdengo\n|move|p2b: Hydreigon|Snarl|p1b: Sneasler|[spread] p1a,p1b\n|-resisted|p1a: Indeedee\n|-resisted|p1b: Sneasler\n|-damage|p1a: Indeedee|88\/100\n|-damage|p1b: Sneasler|92\/100\n|-unboost|p1a: Indeedee|spa|1\n|-unboost|p1b: Sneasler|spa|1\n|move|p1a: Indeedee|Dazzling Gleam|p2b: Hydreigon\n|-supereffective|p2b: Hydreigon\n|-damage|p2b: Hydreigon|44\/100\n|\n|upkeep\n|\n|t:|1726699708\n|switch|p2a: Rillaboom|Rillaboom, L50, F|100\/100\n|-fieldstart|move: Grassy Terrain|[from] ability: Grassy Surge|[of] p2a: Rillaboom\n|turn|5\n|inactive|Arkalid has 30 seconds left.\n|\n|t:|1726699734\n|switch|p1a: Stantler|Stantler, L50, F|37\/100\n|-ability|p1a: Stantler|Intimidate|boost\n|-unboost|p2a: Rillaboom|atk|1\n|-unboost|p2b: Hydreigon|atk|1\n|move|p1b: Sneasler|Acrobatics|p2a: Rillaboom\n|-supereffective|p2a: Rillaboom\n|-damage|p2a: Rillaboom|16\/100\n|move|p2b: Hydreigon|Earth Power|p1b: Sneasler\n|-supereffective|p1b: Sneasler\n|-damage|p1b: Sneasler|40\/100\n|move|p2a: Rillaboom|High Horsepower|p1b: Sneasler\n|-supereffective|p1b: Sneasler\n|-damage|p1b: Sneasler|0 fnt\n|faint|p1b: Sneasler\n|\n|-heal|p1a: Stantler|43\/100|[from] Grassy Terrain\n|-heal|p2a: Rillaboom|22\/100|[from] Grassy Terrain\n|upkeep\n|\n|t:|1726699748\n|switch|p1b: Indeedee|Indeedee-F, L50, F, tera:Fairy|88\/100\n|-fieldstart|move: Psychic Terrain|[from] ability: Psychic Surge|[of] p1b: Indeedee\n|turn|6\n|\n|t:|1726699765\n|move|p1a: Stantler|Uproar|p2b: Hydreigon\n|-damage|p2b: Hydreigon|25\/100\n|-start|p1a: Stantler|Uproar\n|move|p2b: Hydreigon|Snarl|p1b: Indeedee|[spread] p1a,p1b\n|-crit|p1a: Stantler\n|-resisted|p1b: Indeedee\n|-damage|p1a: Stantler|9\/100\n|-damage|p1b: Indeedee|75\/100\n|-unboost|p1a: Stantler|spa|1\n|-unboost|p1b: Indeedee|spa|1\n|move|p2a: Rillaboom|High Horsepower|p1b: Indeedee\n|-damage|p1b: Indeedee|37\/100\n|move|p1b: Indeedee|Dazzling Gleam|p2a: Rillaboom|[spread] p2a,p2b\n|-supereffective|p2b: Hydreigon\n|-damage|p2a: Rillaboom|4\/100\n|-damage|p2b: Hydreigon|0 fnt\n|faint|p2b: Hydreigon\n|\n|-start|p1a: Stantler|Uproar|[upkeep]\n|upkeep\n|turn|7\n|\n|t:|1726699781\n|move|p1a: Stantler|Uproar|p2a: Rillaboom|[from]lockedmove\n|-damage|p2a: Rillaboom|0 fnt\n|faint|p2a: Rillaboom\n|\n|win|Jamel1\n|raw|Jamel1's rating: 1654 &rarr; <strong>1682<\/strong><br \/>(+28 for winning)\n|raw|Arkalid's rating: 1803 &rarr; <strong>1775<\/strong><br \/>(-28 for losing)\n|l| falcon108\n|l| A2\n|l|\u2606Arkalid\n|player|p2|\n|l| lil_smol_froggy\n|l|\u2606Jamel1\n|player|p1|\n","uploadtime":1726699987,"views":26,"formatid":"gen9vgc2024regh","rating":1682,"private":0,"password":null}