{"id":"gen9vgc2024regh-2204592364","format":"[Gen 9] VGC 2024 Reg H","players":["TwitterJasePokemon","odin25dlg"],"log":"|j|\u2606TwitterJasePokemon\n|j|\u2606odin25dlg\n|t:|1726690761\n|gametype|doubles\n|player|p1|TwitterJasePokemon|lucas|1763\n|player|p2|odin25dlg|169|1671\n|teamsize|p1|6\n|teamsize|p2|6\n|gen|9\n|tier|[Gen 9] VGC 2024 Reg H\n|rated|\n|rule|Species Clause: Limit one of each Pok\u00e9mon\n|rule|Item Clause: Limit 1 of each item\n|clearpoke\n|poke|p1|Vivillon, L50, M|\n|poke|p1|Garchomp, L50, F|\n|poke|p1|Dragonite, L50, M|\n|poke|p1|Kingambit, L50, F|\n|poke|p1|Amoonguss, L50, M|\n|poke|p1|Orthworm, L50, F|\n|poke|p2|Hydreigon, L50, F|\n|poke|p2|Whimsicott, L50, M|\n|poke|p2|Gholdengo, L50|\n|poke|p2|Primarina, L50, M|\n|poke|p2|Rillaboom, L50, M|\n|poke|p2|Sneasler, L50, M|\n|teampreview|4\n|inactive|Battle timer is ON: inactive players will automatically lose when time's up. (requested by TwitterJasePokemon)\n|\n|t:|1726690777\n|start\n|switch|p1a: Garchomp|Garchomp, L50, F|100\/100\n|switch|p1b: Vivillon|Vivillon, L50, M|100\/100\n|switch|p2a: Whimsicott|Whimsicott, L50, M|100\/100\n|switch|p2b: Hydreigon|Hydreigon, L50, F|100\/100\n|turn|1\n|inactive|odin25dlg has 30 seconds left.\n|inactive|odin25dlg has 20 seconds left.\n|inactive|odin25dlg has 15 seconds left.\n|inactive|odin25dlg has 10 seconds left.\n|inactive|odin25dlg has 5 seconds left.\n|\n|t:|1726690832\n|-terastallize|p1a: Garchomp|Fire\n|move|p2a: Whimsicott|Tailwind|p2a: Whimsicott\n|-sidestart|p2: odin25dlg|move: Tailwind\n|move|p2b: Hydreigon|Heat Wave|p1a: Garchomp|[spread] p1a,p1b\n|-resisted|p1a: Garchomp\n|-supereffective|p1b: Vivillon\n|-damage|p1a: Garchomp|79\/100\n|-enditem|p1b: Vivillon|Focus Sash\n|-damage|p1b: Vivillon|1\/100\n|move|p1a: Garchomp|Dragon Claw|p2b: Hydreigon\n|-supereffective|p2b: Hydreigon\n|-damage|p2b: Hydreigon|0 fnt\n|faint|p2b: Hydreigon\n|-damage|p1a: Garchomp|69\/100|[from] item: Life Orb\n|move|p1b: Vivillon|Tailwind|p1b: Vivillon\n|-sidestart|p1: TwitterJasePokemon|move: Tailwind\n|\n|upkeep\n|\n|t:|1726690853\n|switch|p2b: Gholdengo|Gholdengo, L50|100\/100\n|turn|2\n|\n|t:|1726690862\n|switch|p1b: Orthworm|Orthworm, L50, F|100\/100\n|move|p2a: Whimsicott|Encore|p1a: Garchomp\n|-start|p1a: Garchomp|Encore\n|move|p1a: Garchomp|Dragon Claw|p2a: Whimsicott\n|-immune|p2a: Whimsicott\n|move|p2b: Gholdengo|Nasty Plot|p2b: Gholdengo\n|-boost|p2b: Gholdengo|spa|2\n|\n|upkeep\n|turn|3\n|inactive|odin25dlg has 30 seconds left.\n|\n|t:|1726690887\n|switch|p1a: Vivillon|Vivillon, L50, M|1\/100\n|move|p2b: Gholdengo|Shadow Ball|p1b: Orthworm\n|-damage|p1b: Orthworm|0 fnt\n|faint|p1b: Orthworm\n|-damage|p2b: Gholdengo|91\/100|[from] item: Life Orb\n|move|p2a: Whimsicott|Moonblast|p1a: Vivillon\n|-damage|p1a: Vivillon|0 fnt\n|faint|p1a: Vivillon\n|\n|upkeep\n|\n|t:|1726690894\n|switch|p1a: Garchomp|Garchomp, L50, F, tera:Fire|69\/100\n|switch|p1b: Kingambit|Kingambit, L50, F|100\/100\n|turn|4\n|\n|t:|1726690908\n|move|p2a: Whimsicott|Protect|p2a: Whimsicott\n|-singleturn|p2a: Whimsicott|Protect\n|move|p2b: Gholdengo|Protect|p2b: Gholdengo\n|-singleturn|p2b: Gholdengo|Protect\n|move|p1a: Garchomp|Stomping Tantrum|p2a: Whimsicott\n|-activate|p2a: Whimsicott|move: Protect\n|move|p1b: Kingambit|Kowtow Cleave|p2a: Whimsicott\n|-activate|p2a: Whimsicott|move: Protect\n|\n|-sideend|p2: odin25dlg|move: Tailwind\n|-sideend|p1: TwitterJasePokemon|move: Tailwind\n|upkeep\n|turn|5\n|\n|t:|1726690932\n|-terastallize|p2b: Gholdengo|Steel\n|move|p2a: Whimsicott|Tailwind|p2a: Whimsicott\n|-sidestart|p2: odin25dlg|move: Tailwind\n|move|p1b: Kingambit|Sucker Punch|p2b: Gholdengo\n|-damage|p2b: Gholdengo|33\/100\n|move|p2b: Gholdengo|Make It Rain|p1b: Kingambit|[spread] p1a,p1b\n|-resisted|p1a: Garchomp\n|-resisted|p1b: Kingambit\n|-damage|p1a: Garchomp|0 fnt\n|-damage|p1b: Kingambit|24\/100\n|-unboost|p2b: Gholdengo|spa|1\n|faint|p1a: Garchomp\n|-damage|p2b: Gholdengo|23\/100|[from] item: Life Orb\n|\n|upkeep\n|turn|6\n|-message|TwitterJasePokemon forfeited.\n|\n|win|odin25dlg\n|raw|TwitterJasePokemon's rating: 1763 &rarr; <strong>1738<\/strong><br \/>(-25 for losing)\n|raw|odin25dlg's rating: 1671 &rarr; <strong>1696<\/strong><br \/>(+25 for winning)\n|l|\u2606TwitterJasePokemon\n|player|p1|\n|l|\u2606odin25dlg\n|player|p2|\n","uploadtime":1726691129,"views":22,"formatid":"gen9vgc2024regh","rating":1696,"private":0,"password":null}