{"id":"gen9vgc2024regh-2204594350","format":"[Gen 9] VGC 2024 Reg H","players":["TwitterJasePokemon","AllHailTheCrow"],"log":"|j|\u2606TwitterJasePokemon\n|j|\u2606AllHailTheCrow\n|t:|1726690945\n|gametype|doubles\n|player|p1|TwitterJasePokemon|lucas|1738\n|player|p2|AllHailTheCrow|hilbert-wonderlauncher|1689\n|teamsize|p1|6\n|teamsize|p2|6\n|gen|9\n|tier|[Gen 9] VGC 2024 Reg H\n|rated|\n|rule|Species Clause: Limit one of each Pok\u00e9mon\n|rule|Item Clause: Limit 1 of each item\n|clearpoke\n|poke|p1|Vivillon, L50, F|\n|poke|p1|Garchomp, L50, F|\n|poke|p1|Dragonite, L50, F|\n|poke|p1|Kingambit, L50, M|\n|poke|p1|Amoonguss, L50, M|\n|poke|p1|Orthworm, L50, M|\n|poke|p2|Ursaluna-Bloodmoon, L50, M|\n|poke|p2|Murkrow, L50, M|\n|poke|p2|Maushold-Four, L50|\n|poke|p2|Dragapult, L50, F|\n|poke|p2|Flamigo, L50, M|\n|poke|p2|Grimmsnarl, L50, M|\n|teampreview|4\n|inactive|Battle timer is ON: inactive players will automatically lose when time's up. (requested by TwitterJasePokemon)\n|j| krabsolfurretisme\nAllHailTheCrow rejected open team sheets.\n|inactive|AllHailTheCrow has 60 seconds left.\n|c| krabsolfurretisme|hey most of the gen 9 pokemon have animated models now\n|inactive|AllHailTheCrow has 30 seconds left.\n|inactive|AllHailTheCrow has 20 seconds left.\n|\n|t:|1726691018\n|start\n|switch|p1a: Garchomp|Garchomp, L50, F|100\/100\n|switch|p1b: Orthworm|Orthworm, L50, M|100\/100\n|switch|p2a: Ursaluna|Ursaluna-Bloodmoon, L50, M|100\/100\n|switch|p2b: Grimmsnarl|Grimmsnarl, L50, M|100\/100\n|-item|p1a: Garchomp|Life Orb|[from] ability: Frisk|[of] p2b: Grimmsnarl\n|-item|p1b: Orthworm|Sitrus Berry|[from] ability: Frisk|[of] p2b: Grimmsnarl\n|turn|1\n|j| michael1vgc\n|inactive|AllHailTheCrow has 30 seconds left.\n|\n|t:|1726691046\n|-terastallize|p2a: Ursaluna|Normal\n|move|p2b: Grimmsnarl|Fake Out|p1b: Orthworm\n|-resisted|p1b: Orthworm\n|-damage|p1b: Orthworm|95\/100\n|move|p1a: Garchomp|Earthquake|p2a: Ursaluna|[spread] p2a,p2b\n|-heal|p1b: Orthworm|100\/100|[from] ability: Earth Eater|[of] p1a: Garchomp\n|-damage|p2a: Ursaluna|59\/100\n|-damage|p2b: Grimmsnarl|40\/100\n|-damage|p1a: Garchomp|91\/100|[from] item: Life Orb\n|move|p2a: Ursaluna|Blood Moon|p1a: Garchomp\n|-damage|p1a: Garchomp|0 fnt\n|faint|p1a: Garchomp\n|-damage|p2a: Ursaluna|49\/100|[from] item: Life Orb\n|cant|p1b: Orthworm|flinch\n|\n|upkeep\n|\n|t:|1726691056\n|switch|p1a: Kingambit|Kingambit, L50, M|100\/100\n|turn|2\n|\n|t:|1726691070\n|switch|p2a: Flamigo|Flamigo, L50, M|100\/100\n|move|p1a: Kingambit|Protect|p1a: Kingambit\n|-singleturn|p1a: Kingambit|Protect\n|move|p2b: Grimmsnarl|Low Kick|p1a: Kingambit\n|-activate|p1a: Kingambit|move: Protect\n|move|p1b: Orthworm|Shed Tail|p1b: Orthworm\n|-start|p1b: Orthworm|Substitute|[from] move: Shed Tail\n|-damage|p1b: Orthworm|50\/100\n|-enditem|p1b: Orthworm|Sitrus Berry|[eat]\n|-heal|p1b: Orthworm|75\/100|[from] item: Sitrus Berry\n|\n|t:|1726691080\n|switch|p1b: Dragonite|Dragonite, L50, F|100\/100|[from] Shed Tail\n|\n|upkeep\n|turn|3\n|\n|t:|1726691095\n|move|p1a: Kingambit|Sucker Punch|p2a: Flamigo\n|-resisted|p2a: Flamigo\n|-damage|p2a: Flamigo|66\/100\n|move|p2a: Flamigo|Close Combat|p1a: Kingambit\n|-supereffective|p1a: Kingambit\n|-damage|p1a: Kingambit|0 fnt\n|-unboost|p2a: Flamigo|def|1\n|-unboost|p2a: Flamigo|spd|1\n|faint|p1a: Kingambit\n|move|p1b: Dragonite|Dragon Dance|p1b: Dragonite\n|-boost|p1b: Dragonite|atk|1\n|-boost|p1b: Dragonite|spe|1\n|move|p2b: Grimmsnarl|Play Rough|p1b: Dragonite\n|-supereffective|p1b: Dragonite\n|-crit|p1b: Dragonite\n|-end|p1b: Dragonite|Substitute\n|\n|upkeep\n|\n|t:|1726691103\n|switch|p1a: Orthworm|Orthworm, L50, M|75\/100\n|turn|4\n|c| krabsolfurretisme|thre people want the mice\n|c| krabsolfurretisme|the*\n|\n|t:|1726691125\n|-terastallize|p1b: Dragonite|Flying\n|move|p2b: Grimmsnarl|Sucker Punch|p1b: Dragonite\n|-damage|p1b: Dragonite|80\/100\n|move|p1b: Dragonite|Tera Blast|p2a: Flamigo|[anim] Tera Blast Flying\n|-supereffective|p2a: Flamigo\n|-damage|p2a: Flamigo|0 fnt\n|faint|p2a: Flamigo\n|move|p1a: Orthworm|Iron Defense|p1a: Orthworm\n|-boost|p1a: Orthworm|def|2\n|\n|upkeep\n|\n|t:|1726691138\n|switch|p2a: Dragapult|Dragapult, L50, F|100\/100\n|turn|5\n|\n|t:|1726691156\n|move|p2b: Grimmsnarl|Sucker Punch|p1b: Dragonite\n|-damage|p1b: Dragonite|36\/100\n|move|p1b: Dragonite|Tera Blast|p2a: Dragapult|[anim] Tera Blast Flying\n|-damage|p2a: Dragapult|0 fnt\n|faint|p2a: Dragapult\n|move|p1a: Orthworm|Body Press|p2b: Grimmsnarl\n|-damage|p2b: Grimmsnarl|0 fnt\n|faint|p2b: Grimmsnarl\n|\n|upkeep\n|\n|t:|1726691164\n|switch|p2b: Ursaluna|Ursaluna-Bloodmoon, L50, M, tera:Normal|49\/100\n|turn|6\n|c|\u2606AllHailTheCrow|gg\n|-message|AllHailTheCrow forfeited.\n|\n|win|TwitterJasePokemon\n|raw|TwitterJasePokemon's rating: 1738 &rarr; <strong>1755<\/strong><br \/>(+17 for winning)\n|raw|AllHailTheCrow's rating: 1689 &rarr; <strong>1672<\/strong><br \/>(-17 for losing)\n|l| michael1vgc\n|l|\u2606AllHailTheCrow\n|player|p2|\n|l|\u2606TwitterJasePokemon\n|player|p1|\n|l| krabsolfurretisme\n","uploadtime":1726691176,"views":24,"formatid":"gen9vgc2024regh","rating":1672,"private":0,"password":null}