{"id":"gen9vgc2024regh-2204881978","format":"[Gen 9] VGC 2024 Reg H","players":["Tommytinkle","mine_hang"],"log":"|j|\u2606Tommytinkle\n|j|\u2606mine_hang\n|t:|1726726153\n|gametype|doubles\n|player|p1|Tommytinkle|102|1727\n|player|p2|mine_hang|265|1749\n|teamsize|p1|6\n|teamsize|p2|6\n|gen|9\n|tier|[Gen 9] VGC 2024 Reg H\n|rated|\n|rule|Species Clause: Limit one of each Pok\u00e9mon\n|rule|Item Clause: Limit 1 of each item\n|clearpoke\n|poke|p1|Garchomp, L50, M|\n|poke|p1|Dragonite, L50, M|\n|poke|p1|Annihilape, L50, F|\n|poke|p1|Maushold, L50|\n|poke|p1|Tyranitar, L50, F|\n|poke|p1|Primarina, L50, F|\n|poke|p2|Indeedee-F, L50, F|\n|poke|p2|Pelipper, L50, M|\n|poke|p2|Primarina, L50, F|\n|poke|p2|Gallade, L50, M|\n|poke|p2|Armarouge, L50, F|\n|poke|p2|Archaludon, L50, M|\n|teampreview|4\n|inactive|Battle timer is ON: inactive players will automatically lose when time's up. (requested by Tommytinkle)\n|\n|t:|1726726170\n|start\n|switch|p1a: Garchomp|Garchomp, L50, M|100\/100\n|switch|p1b: Dragonite|Dragonite, L50, M|100\/100\n|switch|p2a: Pelipper|Pelipper, L50, M|100\/100\n|switch|p2b: Gallade|Gallade, L50, M|100\/100\n|-weather|RainDance|[from] ability: Drizzle|[of] p2a: Pelipper\n|turn|1\n|j| mr pogostick\n|inactive|mine_hang has 30 seconds left.\n|inactive|mine_hang has 20 seconds left.\n|\n|t:|1726726205\n|move|p2a: Pelipper|U-turn|p1b: Dragonite\n|-resisted|p1b: Dragonite\n|-damage|p1b: Dragonite|98\/100\n|-damage|p2a: Pelipper|84\/100|[from] item: Rocky Helmet|[of] p1b: Dragonite\n|\n|t:|1726726210\n|switch|p2a: Archaludon|Archaludon, L50, M|100\/100|[from] U-turn\n|move|p1a: Garchomp|Rock Slide|p2b: Gallade|[spread] p2a,p2b\n|-resisted|p2a: Archaludon\n|-resisted|p2b: Gallade\n|-damage|p2a: Archaludon|91\/100\n|-damage|p2b: Gallade|77\/100\n|-ability|p2a: Archaludon|Stamina|boost\n|-boost|p2a: Archaludon|def|1\n|-damage|p1a: Garchomp|91\/100|[from] item: Life Orb\n|move|p2b: Gallade|Triple Axel|p1a: Garchomp\n|-supereffective|p1a: Garchomp\n|-damage|p1a: Garchomp|60\/100\n|-supereffective|p1a: Garchomp\n|-damage|p1a: Garchomp|0 fnt\n|faint|p1a: Garchomp\n|-hitcount|p1: Garchomp|2\n|move|p1b: Dragonite|Thunder Wave|p2b: Gallade\n|-status|p2b: Gallade|par\n|\n|-weather|RainDance|[upkeep]\n|upkeep\n|\n|t:|1726726231\n|switch|p1a: Tyranitar|Tyranitar, L50, F|100\/100\n|-weather|Sandstorm|[from] ability: Sand Stream|[of] p1a: Tyranitar\n|turn|2\n|\n|t:|1726726244\n|switch|p2b: Pelipper|Pelipper, L50, M|84\/100\n|-weather|RainDance|[from] ability: Drizzle|[of] p2b: Pelipper\n|-terastallize|p1a: Tyranitar|Flying\n|move|p2a: Archaludon|Electro Shot||[still]\n|-prepare|p2a: Archaludon|Electro Shot\n|-boost|p2a: Archaludon|spa|1\n|-anim|p2a: Archaludon|Electro Shot|p1b: Dragonite\n|-damage|p1b: Dragonite|52\/100\n|move|p1b: Dragonite|Tailwind|p1b: Dragonite\n|-sidestart|p1: Tommytinkle|move: Tailwind\n|move|p1a: Tyranitar|Tera Blast|p2b: Pelipper|[anim] Tera Blast Flying\n|-damage|p2b: Pelipper|28\/100\n|\n|-weather|RainDance|[upkeep]\n|upkeep\n|turn|3\n|inactive|Tommytinkle has 30 seconds left.\n|\n|t:|1726726270\n|switch|p1a: Primarina|Primarina, L50, F|100\/100\n|move|p1b: Dragonite|Thunder Wave|p2a: Archaludon|[miss]\n|-miss|p1b: Dragonite|p2a: Archaludon\n|move|p2b: Pelipper|Weather Ball|p1b: Dragonite\n|-resisted|p1b: Dragonite\n|-damage|p1b: Dragonite|29\/100\n|move|p2a: Archaludon|Electro Shot||[still]\n|-prepare|p2a: Archaludon|Electro Shot\n|-boost|p2a: Archaludon|spa|1\n|-anim|p2a: Archaludon|Electro Shot|p1b: Dragonite\n|-damage|p1b: Dragonite|0 fnt\n|faint|p1b: Dragonite\n|\n|-weather|RainDance|[upkeep]\n|upkeep\n|\n|t:|1726726277\n|switch|p1b: Tyranitar|Tyranitar, L50, F, tera:Flying|100\/100\n|-weather|Sandstorm|[from] ability: Sand Stream|[of] p1b: Tyranitar\n|turn|4\n|\n|t:|1726726300\n|switch|p2b: Indeedee|Indeedee-F, L50, F|100\/100\n|-fieldstart|move: Psychic Terrain|[from] ability: Psychic Surge|[of] p2b: Indeedee\n|move|p1b: Tyranitar|Tera Blast|p2b: Indeedee|[anim] Tera Blast Flying\n|-damage|p2b: Indeedee|56\/100\n|move|p1a: Primarina|Haze|p1a: Primarina\n|-clearallboost\n|move|p2a: Archaludon|Dragon Pulse|p1b: Tyranitar\n|-damage|p1b: Tyranitar|74\/100\n|\n|-weather|Sandstorm|[upkeep]\n|-damage|p1b: Tyranitar|69\/100|[from] Sandstorm\n|-damage|p1a: Primarina|95\/100|[from] Sandstorm\n|upkeep\n|turn|5\n|\n|t:|1726726320\n|switch|p2b: Pelipper|Pelipper, L50, M|28\/100\n|-weather|RainDance|[from] ability: Drizzle|[of] p2b: Pelipper\n|move|p1b: Tyranitar|Knock Off|p2b: Pelipper\n|-damage|p2b: Pelipper|0 fnt\n|-enditem|p2b: Pelipper|Choice Scarf|[from] move: Knock Off|[of] p1b: Tyranitar\n|faint|p2b: Pelipper\n|move|p1a: Primarina|Moonblast|p2a: Archaludon\n|-damage|p2a: Archaludon|54\/100\n|-ability|p2a: Archaludon|Stamina|boost\n|-boost|p2a: Archaludon|def|1\n|move|p2a: Archaludon|Electro Shot||[still]\n|-prepare|p2a: Archaludon|Electro Shot\n|-boost|p2a: Archaludon|spa|1\n|-anim|p2a: Archaludon|Electro Shot|p1a: Primarina\n|-supereffective|p1a: Primarina\n|-damage|p1a: Primarina|0 fnt\n|faint|p1a: Primarina\n|\n|-weather|RainDance|[upkeep]\n|-sideend|p1: Tommytinkle|move: Tailwind\n|upkeep\n|-message|Tommytinkle forfeited.\n|\n|win|mine_hang\n|raw|Tommytinkle's rating: 1727 &rarr; <strong>1708<\/strong><br \/>(-19 for losing)\n|raw|mine_hang's rating: 1749 &rarr; <strong>1768<\/strong><br \/>(+19 for winning)\n|l|\u2606Tommytinkle\n|player|p1|\n|l|\u2606mine_hang\n|player|p2|\n|l| mr pogostick\n","uploadtime":1726726525,"views":28,"formatid":"gen9vgc2024regh","rating":1708,"private":0,"password":null}