{"id":"gen9vgc2024regh-2204297179","format":"[Gen 9] VGC 2024 Reg H","players":["roykeenkennedy","123something"],"log":"|j|\u2606roykeenkennedy\n|j|\u2606123something\n|t:|1726664551\n|gametype|doubles\n|player|p1|roykeenkennedy|alder|1691\n|player|p2|123something|265|1839\n|teamsize|p1|6\n|teamsize|p2|6\n|gen|9\n|tier|[Gen 9] VGC 2024 Reg H\n|rated|\n|rule|Species Clause: Limit one of each Pok\u00e9mon\n|rule|Item Clause: Limit 1 of each item\n|clearpoke\n|poke|p1|Salamence, L50, F|\n|poke|p1|Incineroar, L50, M|\n|poke|p1|Weezing, L50, M|\n|poke|p1|Dragapult, L50, M|\n|poke|p1|Ursaluna-Bloodmoon, L50, M|\n|poke|p1|Primarina, L50, M|\n|poke|p2|Whimsicott, L50, M|\n|poke|p2|Typhlosion-Hisui, L50, M|\n|poke|p2|Primarina, L50, F|\n|poke|p2|Meowscarada, L50, F|\n|poke|p2|Dragonite, L50, M|\n|poke|p2|Annihilape, L50, F|\n|teampreview|4\n|inactive|Battle timer is ON: inactive players will automatically lose when time's up. (requested by roykeenkennedy)\n|j| lori Kitahara\n|\n|t:|1726664612\n|start\n|switch|p1a: Weezing|Weezing, L50, M|100\/100\n|switch|p1b: Salamence|Salamence, L50, F|100\/100\n|switch|p2a: Primarina|Primarina, L50, F|100\/100\n|switch|p2b: Meowscarada|Meowscarada, L50, F|100\/100\n|-ability|p1a: Weezing|Neutralizing Gas\n|turn|1\n|l| lori Kitahara\n|\n|t:|1726664629\n|-terastallize|p1b: Salamence|Steel\n|-terastallize|p2a: Primarina|Steel\n|move|p2b: Meowscarada|Protect|p2b: Meowscarada\n|-singleturn|p2b: Meowscarada|Protect\n|move|p1b: Salamence|Dual Wingbeat|p2b: Meowscarada\n|-activate|p2b: Meowscarada|move: Protect\n|move|p2a: Primarina|Moonblast|p1b: Salamence\n|-resisted|p1b: Salamence\n|-damage|p1b: Salamence|63\/100\n|-unboost|p1b: Salamence|spa|1\n|-damage|p2a: Primarina|91\/100|[from] item: Life Orb\n|move|p1a: Weezing|Sludge Bomb|p2a: Primarina\n|-immune|p2a: Primarina\n|\n|upkeep\n|turn|2\n|inactive|123something has 30 seconds left.\n|inactive|123something has 20 seconds left.\n|inactive|123something has 15 seconds left.\n|\n|t:|1726664673\n|switch|p2b: Typhlosion|Typhlosion-Hisui, L50, M|100\/100\n|-end|p1a: Weezing|ability: Neutralizing Gas\n|-item|p1a: Weezing|Leftovers|[from] ability: Frisk|[of] p2b: Typhlosion\n|-item|p1b: Salamence|Choice Scarf|[from] ability: Frisk|[of] p2b: Typhlosion\n|switch|p1a: Ursaluna|Ursaluna-Bloodmoon, L50, M|100\/100\n|move|p1b: Salamence|Dual Wingbeat|p2b: Typhlosion\n|-damage|p2b: Typhlosion|68\/100\n|-damage|p2b: Typhlosion|35\/100\n|-hitcount|p2b: Typhlosion|2\n|move|p2a: Primarina|Water Pledge|p1b: Salamence\n|-damage|p1b: Salamence|0 fnt\n|faint|p1b: Salamence\n|-damage|p2a: Primarina|81\/100|[from] item: Life Orb\n|\n|upkeep\n|\n|t:|1726664694\n|switch|p1b: Weezing|Weezing, L50, M|100\/100\n|-ability|p1b: Weezing|Neutralizing Gas\n|turn|3\n|\n|t:|1726664713\n|move|p2b: Typhlosion|Overheat|p1a: Ursaluna\n|-damage|p1a: Ursaluna|34\/100\n|-unboost|p2b: Typhlosion|spa|2\n|move|p2a: Primarina|Water Pledge|p1b: Weezing\n|-damage|p1b: Weezing|38\/100\n|-damage|p2a: Primarina|72\/100|[from] item: Life Orb\n|move|p1b: Weezing|Sludge Bomb|p2b: Typhlosion\n|-resisted|p2b: Typhlosion\n|-damage|p2b: Typhlosion|18\/100\n|move|p1a: Ursaluna|Earth Power|p2a: Primarina\n|-supereffective|p2a: Primarina\n|-damage|p2a: Primarina|0 fnt\n|faint|p2a: Primarina\n|\n|-heal|p1b: Weezing|44\/100|[from] item: Leftovers\n|upkeep\n|\n|t:|1726664733\n|switch|p2a: Meowscarada|Meowscarada, L50, F|100\/100\n|turn|4\n|\n|t:|1726664758\n|switch|p2b: Annihilape|Annihilape, L50, F|100\/100\n|switch|p1a: Incineroar|Incineroar, L50, M|100\/100\n|-ability|p1a: Incineroar|Intimidate|boost\n|-unboost|p2a: Meowscarada|atk|1\n|-unboost|p2b: Annihilape|atk|1\n|move|p2a: Meowscarada|Protect|p2a: Meowscarada\n|-singleturn|p2a: Meowscarada|Protect\n|move|p1b: Weezing|Sludge Bomb|p2a: Meowscarada\n|-activate|p2a: Meowscarada|move: Protect\n|\n|-heal|p1b: Weezing|50\/100|[from] item: Leftovers\n|upkeep\n|turn|5\n|inactive|123something has 30 seconds left.\n|inactive|123something has 20 seconds left.\n|inactive|123something has 15 seconds left.\n|inactive|123something has 10 seconds left.\n|\n|t:|1726664810\n|move|p1a: Incineroar|Fake Out|p2a: Meowscarada\n|-damage|p2a: Meowscarada|83\/100\n|cant|p2a: Meowscarada|flinch\n|move|p2b: Annihilape|Close Combat|p1a: Incineroar\n|-supereffective|p1a: Incineroar\n|-damage|p1a: Incineroar|35\/100\n|-unboost|p2b: Annihilape|def|1\n|-unboost|p2b: Annihilape|spd|1\n|move|p1b: Weezing|Will-O-Wisp|p2b: Annihilape\n|-status|p2b: Annihilape|brn\n|-enditem|p2b: Annihilape|Lum Berry|[eat]\n|-curestatus|p2b: Annihilape|brn|[msg]\n|\n|-heal|p1b: Weezing|56\/100|[from] item: Leftovers\n|upkeep\n|turn|6\n|\n|t:|1726664832\n|move|p2a: Meowscarada|Knock Off|p1b: Weezing\n|-damage|p1b: Weezing|32\/100\n|-enditem|p1b: Weezing|Leftovers|[from] move: Knock Off|[of] p2a: Meowscarada\n|move|p2b: Annihilape|Close Combat|p1a: Incineroar\n|-supereffective|p1a: Incineroar\n|-damage|p1a: Incineroar|0 fnt\n|-unboost|p2b: Annihilape|def|1\n|-unboost|p2b: Annihilape|spd|1\n|faint|p1a: Incineroar\n|move|p1b: Weezing|Sludge Bomb|p2a: Meowscarada\n|-supereffective|p2a: Meowscarada\n|-damage|p2a: Meowscarada|2\/100\n|-status|p2a: Meowscarada|psn\n|\n|-damage|p2a: Meowscarada|0 fnt|[from] psn\n|faint|p2a: Meowscarada\n|upkeep\n|\n|t:|1726664848\n|switch|p2a: Typhlosion|Typhlosion-Hisui, L50, M|18\/100\n|switch|p1a: Ursaluna|Ursaluna-Bloodmoon, L50, M|34\/100\n|turn|7\n|\n|t:|1726664862\n|move|p1a: Ursaluna|Vacuum Wave|p2a: Typhlosion\n|-immune|p2a: Typhlosion\n|move|p2a: Typhlosion|Shadow Ball|p1b: Weezing\n|-damage|p1b: Weezing|0 fnt\n|faint|p1b: Weezing\n|-end|p1b: Weezing|ability: Neutralizing Gas\n|-item|p1a: Ursaluna|Assault Vest|[from] ability: Frisk|[of] p2a: Typhlosion\n|move|p2b: Annihilape|Close Combat|p1a: Ursaluna\n|-supereffective|p1a: Ursaluna\n|-damage|p1a: Ursaluna|0 fnt\n|-unboost|p2b: Annihilape|def|1\n|-unboost|p2b: Annihilape|spd|1\n|faint|p1a: Ursaluna\n|\n|win|123something\n|raw|roykeenkennedy's rating: 1691 &rarr; <strong>1679<\/strong><br \/>(-12 for losing)\n|raw|123something's rating: 1839 &rarr; <strong>1851<\/strong><br \/>(+12 for winning)\n|l|\u2606roykeenkennedy\n|player|p1|\n","uploadtime":1726665101,"views":36,"formatid":"gen9vgc2024regh","rating":1679,"private":0,"password":null}