{"id":"gen9vgc2024regh-2204844726","format":"[Gen 9] VGC 2024 Reg H","players":["Moonlight410","Isloe"],"log":"|j|\u2606Moonlight410\n|j|\u2606Isloe\n|t:|1726719935\n|gametype|doubles\n|player|p1|Moonlight410|101|1753\n|player|p2|Isloe|dahlia|1679\n|teamsize|p1|6\n|teamsize|p2|6\n|gen|9\n|tier|[Gen 9] VGC 2024 Reg H\n|rated|\n|rule|Species Clause: Limit one of each Pok\u00e9mon\n|rule|Item Clause: Limit 1 of each item\n|clearpoke\n|poke|p1|Kingambit, L50, F|\n|poke|p1|Sneasler, L50, M|\n|poke|p1|Porygon2, L50|\n|poke|p1|Amoonguss, L50, F|\n|poke|p1|Ursaluna, L50, F|\n|poke|p1|Rillaboom, L50, M|\n|poke|p2|Raichu, L50, M|\n|poke|p2|Gholdengo, L50|\n|poke|p2|Talonflame, L50, M|\n|poke|p2|Ursaluna, L50, M|\n|poke|p2|Rillaboom, L50, M|\n|poke|p2|Primarina, L50, M|\n|teampreview|4\n|inactive|Battle timer is ON: inactive players will automatically lose when time's up. (requested by Moonlight410)\n|\n|t:|1726720010\n|start\n|switch|p1a: Kingambit|Kingambit, L50, F|100\/100\n|switch|p1b: Sneasler|Sneasler, L50, M|100\/100\n|switch|p2a: Ursaluna|Ursaluna, L50, M|100\/100\n|switch|p2b: Talonflame|Talonflame, L50, M|100\/100\n|turn|1\n|inactive|Moonlight410 has 30 seconds left.\n|inactive|Isloe has 30 seconds left.\n|inactive|Isloe has 20 seconds left.\n|inactive|Isloe has 15 seconds left.\n|\n|t:|1726720052\n|-terastallize|p1a: Kingambit|Fire\n|move|p2a: Ursaluna|Protect|p2a: Ursaluna\n|-singleturn|p2a: Ursaluna|Protect\n|move|p2b: Talonflame|Will-O-Wisp|p1a: Kingambit\n|-immune|p1a: Kingambit\n|move|p1b: Sneasler|Coaching|p1a: Kingambit\n|-boost|p1a: Kingambit|atk|1\n|-boost|p1a: Kingambit|def|1\n|move|p1a: Kingambit|Kowtow Cleave|p2b: Talonflame\n|-damage|p2b: Talonflame|13\/100\n|\n|-status|p2a: Ursaluna|brn|[from] item: Flame Orb\n|upkeep\n|turn|2\n|inactive|Isloe has 30 seconds left.\n|inactive|Isloe has 20 seconds left.\n|inactive|Isloe has 15 seconds left.\n|\n|t:|1726720095\n|switch|p2a: Primarina|Primarina, L50, M|100\/100\n|move|p1a: Kingambit|Sucker Punch||[still]\n|-fail|p1a: Kingambit\n|move|p2b: Talonflame|Tailwind|p2b: Talonflame\n|-sidestart|p2: Isloe|move: Tailwind\n|move|p1b: Sneasler|Close Combat|p2a: Primarina\n|-resisted|p2a: Primarina\n|-damage|p2a: Primarina|65\/100\n|-unboost|p1b: Sneasler|def|1\n|-unboost|p1b: Sneasler|spd|1\n|\n|upkeep\n|turn|3\n|inactive|Moonlight410 has 30 seconds left.\n|inactive|Isloe has 30 seconds left.\n|inactive|Moonlight410 has 20 seconds left.\n|inactive|Isloe has 20 seconds left.\n|inactive|Moonlight410 has 15 seconds left.\n|\n|t:|1726720137\n|move|p2b: Talonflame|Will-O-Wisp|p1b: Sneasler\n|-status|p1b: Sneasler|brn\n|move|p1b: Sneasler|Dire Claw|p2a: Primarina\n|-supereffective|p2a: Primarina\n|-damage|p2a: Primarina|18\/100\n|-status|p2a: Primarina|psn\n|move|p2a: Primarina|Haze|p2a: Primarina\n|-clearallboost\n|move|p1a: Kingambit|Iron Head|p2a: Primarina\n|-damage|p2a: Primarina|0 fnt\n|faint|p2a: Primarina\n|\n|-damage|p1b: Sneasler|95\/100 brn|[from] brn\n|upkeep\n|\n|t:|1726720144\n|switch|p2a: Ursaluna|Ursaluna, L50, M|100\/100 brn\n|turn|4\n|inactive|Moonlight410 has 30 seconds left.\n|\n|t:|1726720174\n|move|p1a: Kingambit|Sucker Punch|p2a: Ursaluna\n|-damage|p2a: Ursaluna|72\/100 brn\n|move|p2b: Talonflame|Taunt|p1a: Kingambit\n|-start|p1a: Kingambit|move: Taunt\n|move|p2a: Ursaluna|Facade|p1b: Sneasler\n|-damage|p1b: Sneasler|0 fnt\n|faint|p1b: Sneasler\n|\n|-damage|p2a: Ursaluna|67\/100 brn|[from] brn\n|upkeep\n|\n|t:|1726720184\n|switch|p1b: Porygon2|Porygon2, L50|100\/100\n|-ability|p1b: Porygon2|Download|boost\n|-boost|p1b: Porygon2|spa|1\n|turn|5\n|j| mr pogostick\n|inactive|Isloe has 30 seconds left.\n|inactive|Isloe has 20 seconds left.\n|inactive|Isloe has 15 seconds left.\n|inactive|Isloe has 10 seconds left.\n|j| Epschrad\n|\n|t:|1726720233\n|move|p2a: Ursaluna|Protect|p2a: Ursaluna\n|-singleturn|p2a: Ursaluna|Protect\n|move|p1a: Kingambit|Sucker Punch||[still]\n|-fail|p1a: Kingambit\n|move|p2b: Talonflame|Taunt|p1b: Porygon2\n|-start|p1b: Porygon2|move: Taunt\n|move|p1b: Porygon2|Ice Beam|p2a: Ursaluna\n|-activate|p2a: Ursaluna|move: Protect\n|\n|-damage|p2a: Ursaluna|61\/100 brn|[from] brn\n|-sideend|p2: Isloe|move: Tailwind\n|upkeep\n|turn|6\n|inactive|Isloe has 30 seconds left.\n|\n|t:|1726720261\n|switch|p2a: Gholdengo|Gholdengo, L50|100\/100\n|move|p2b: Talonflame|Brave Bird|p1a: Kingambit\n|-damage|p1a: Kingambit|75\/100\n|-damage|p2b: Talonflame|2\/100|[from] Recoil\n|move|p1b: Porygon2|Ice Beam|p2a: Gholdengo\n|-resisted|p2a: Gholdengo\n|-damage|p2a: Gholdengo|72\/100\n|move|p1a: Kingambit|Low Kick|p2a: Gholdengo\n|-immune|p2a: Gholdengo\n|\n|upkeep\n|turn|7\n|l| mr pogostick\n|inactive|Moonlight410 has 30 seconds left.\n|inactive|Isloe has 30 seconds left.\n|inactive|Moonlight410 has 20 seconds left.\n|inactive|Isloe has 20 seconds left.\n|inactive|Isloe has 15 seconds left.\n|\n|t:|1726720305\n|move|p1a: Kingambit|Sucker Punch||[still]\n|-fail|p1a: Kingambit\n|move|p2b: Talonflame|Brave Bird|p1b: Porygon2\n|-damage|p1b: Porygon2|71\/100\n|-damage|p2b: Talonflame|0 fnt|[from] Recoil\n|faint|p2b: Talonflame\n|move|p2a: Gholdengo|Trick|p1a: Kingambit\n|-activate|p2a: Gholdengo|move: Trick|[of] p1a: Kingambit\n|-item|p1a: Kingambit|Choice Specs|[from] move: Trick\n|-item|p2a: Gholdengo|Assault Vest|[from] move: Trick\n|move|p1b: Porygon2|Ice Beam|p2a: Gholdengo\n|-resisted|p2a: Gholdengo\n|-damage|p2a: Gholdengo|55\/100\n|\n|-end|p1b: Porygon2|move: Taunt\n|-end|p1a: Kingambit|move: Taunt\n|upkeep\n|\n|t:|1726720308\n|switch|p2b: Ursaluna|Ursaluna, L50, M|61\/100 brn\n|turn|8\n|inactive|Isloe has 30 seconds left.\n|inactive|Isloe has 20 seconds left.\n|inactive|Isloe has 15 seconds left.\n|inactive|Isloe has 10 seconds left.\n|\n|t:|1726720356\n|-terastallize|p2a: Gholdengo|Steel\n|move|p1a: Kingambit|Sucker Punch|p2a: Gholdengo\n|-damage|p2a: Gholdengo|20\/100\n|move|p2a: Gholdengo|Make It Rain|p1a: Kingambit|[spread] p1a,p1b\n|-resisted|p1a: Kingambit\n|-damage|p1a: Kingambit|42\/100\n|-damage|p1b: Porygon2|29\/100\n|-unboost|p2a: Gholdengo|spa|1\n|move|p2b: Ursaluna|Facade|p1b: Porygon2\n|-damage|p1b: Porygon2|0 fnt\n|faint|p1b: Porygon2\n|\n|-damage|p2b: Ursaluna|55\/100 brn|[from] brn\n|upkeep\n|\n|t:|1726720371\n|switch|p1b: Ursaluna|Ursaluna, L50, F|100\/100\n|turn|9\n|inactive|Moonlight410 has 30 seconds left.\n|inactive|Isloe has 30 seconds left.\n|inactive|Moonlight410 has 20 seconds left.\n|inactive|Isloe has 20 seconds left.\n|inactive|Moonlight410 has 15 seconds left.\n|inactive|Isloe has 15 seconds left.\n|\n|t:|1726720416\n|move|p1a: Kingambit|Sucker Punch|p2a: Gholdengo\n|-damage|p2a: Gholdengo|0 fnt\n|faint|p2a: Gholdengo\n|move|p2b: Ursaluna|Substitute|p2b: Ursaluna\n|-start|p2b: Ursaluna|Substitute\n|-damage|p2b: Ursaluna|30\/100 brn\n|move|p1b: Ursaluna|Substitute|p1b: Ursaluna\n|-start|p1b: Ursaluna|Substitute\n|-damage|p1b: Ursaluna|76\/100\n|\n|-damage|p2b: Ursaluna|25\/100 brn|[from] brn\n|-status|p1b: Ursaluna|brn|[from] item: Flame Orb\n|upkeep\n|turn|10\n|j| weakertt\n|\n|t:|1726720430\n|move|p1a: Kingambit|Sucker Punch|p2b: Ursaluna\n|-end|p2b: Ursaluna|Substitute\n|move|p2b: Ursaluna|Facade|p1a: Kingambit\n|-damage|p1a: Kingambit|0 fnt\n|faint|p1a: Kingambit\n|move|p1b: Ursaluna|Facade|p2b: Ursaluna\n|-damage|p2b: Ursaluna|0 fnt\n|faint|p2b: Ursaluna\n|\n|win|Moonlight410\n|raw|Moonlight410's rating: 1753 &rarr; <strong>1769<\/strong><br \/>(+16 for winning)\n|raw|Isloe's rating: 1679 &rarr; <strong>1663<\/strong><br \/>(-16 for losing)\n|l|\u2606Isloe\n|player|p2|\n|l|\u2606Moonlight410\n|player|p1|\n|l| Epschrad\n","uploadtime":1726720656,"views":23,"formatid":"gen9vgc2024regh","rating":1663,"private":0,"password":null}