{"id":"gen9vgc2024regh-2204505972","format":"[Gen 9] VGC 2024 Reg H","players":["very demure","Cereales_Testing"],"log":"|j|\u2606very demure\n|j|\u2606Cereales_Testing\n|t:|1726683030\n|gametype|doubles\n|player|p1|very demure|dawn-gen4pt|1763\n|player|p2|Cereales_Testing|fisherman|1737\n|teamsize|p1|6\n|teamsize|p2|6\n|gen|9\n|tier|[Gen 9] VGC 2024 Reg H\n|rated|\n|rule|Species Clause: Limit one of each Pok\u00e9mon\n|rule|Item Clause: Limit 1 of each item\n|clearpoke\n|poke|p1|Dragonite, L50, M|\n|poke|p1|Amoonguss, L50, M|\n|poke|p1|Archaludon, L50, M|\n|poke|p1|Kingambit, L50, M|\n|poke|p1|Flamigo, L50, F|\n|poke|p1|Primarina, L50, M|\n|poke|p2|Muk-Alola, L50, F|\n|poke|p2|Mandibuzz, L50, F|\n|poke|p2|Hydreigon, L50, F|\n|poke|p2|Gengar, L50, F|\n|poke|p2|Donphan, L50, M|\n|poke|p2|Tauros-Paldea-Aqua, L50, M|\n|teampreview|4\n|j| ravioliaifunghi\n|j| BonoboF\nCereales_Testing rejected open team sheets.\n|\n|t:|1726683087\n|start\n|switch|p1a: Amoonguss|Amoonguss, L50, M|100\/100\n|switch|p1b: Kingambit|Kingambit, L50, M|100\/100\n|switch|p2a: Trump|Donphan, L50, M, shiny|100\/100\n|switch|p2b: Smile|Gengar, L50, F|100\/100\n|turn|1\n|j| Pluton11\n|\n|t:|1726683107\n|switch|p2b: GF Hunter|Mandibuzz, L50, F, shiny|100\/100\n|switch|p1b: Dragonite|Dragonite, L50, M|100\/100\n|move|p2a: Trump|Earthquake|p1a: Amoonguss|[spread] p1a\n|-immune|p2b: GF Hunter\n|-immune|p1b: Dragonite\n|-damage|p1a: Amoonguss|69\/100\n|move|p1a: Amoonguss|Spore|p2b: GF Hunter\n|-immune|p2b: GF Hunter|[from] ability: Overcoat\n|\n|upkeep\n|turn|2\n|\n|t:|1726683125\n|move|p1b: Dragonite|Extreme Speed|p2b: GF Hunter\n|-damage|p2b: GF Hunter|83\/100\n|move|p2a: Trump|Ice Shard|p1b: Dragonite\n|-supereffective|p1b: Dragonite\n|-damage|p1b: Dragonite|69\/100\n|move|p2b: GF Hunter|Foul Play|p1b: Dragonite\n|-damage|p1b: Dragonite|4\/100\n|move|p1a: Amoonguss|Spore|p2a: Trump\n|-status|p2a: Trump|slp|[from] move: Spore\n|\n|upkeep\n|turn|3\n|\n|t:|1726683170\n|switch|p1b: Primarina|Primarina, L50, M|100\/100\n|cant|p2a: Trump|slp\n|move|p2b: GF Hunter|Foul Play|p1b: Primarina\n|-resisted|p1b: Primarina\n|-damage|p1b: Primarina|87\/100\n|move|p1a: Amoonguss|Pollen Puff|p2b: GF Hunter\n|-damage|p2b: GF Hunter|68\/100\n|\n|upkeep\n|turn|4\n|\n|t:|1726683191\n|move|p2b: GF Hunter|Protect|p2b: GF Hunter\n|-singleturn|p2b: GF Hunter|Protect\n|move|p1b: Primarina|Hyper Voice|p2b: GF Hunter|[spread] p2a\n|-activate|p2b: GF Hunter|move: Protect\n|-supereffective|p2a: Trump\n|-ability|p2a: Trump|Sturdy\n|-damage|p2a: Trump|1\/100 slp\n|-enditem|p1b: Primarina|Throat Spray\n|-boost|p1b: Primarina|spa|1|[from] item: Throat Spray\n|cant|p2a: Trump|slp\n|move|p1a: Amoonguss|Pollen Puff|p1b: Primarina\n|-heal|p1b: Primarina|100\/100\n|\n|upkeep\n|turn|5\n|\n|t:|1726683213\n|switch|p2b: E=MC^2|Muk-Alola, L50, F, shiny|100\/100\n|cant|p2a: Trump|slp\n|move|p1b: Primarina|Hyper Voice|p2b: E=MC^2|[spread] p2a,p2b\n|-supereffective|p2a: Trump\n|-damage|p2a: Trump|0 fnt\n|-damage|p2b: E=MC^2|75\/100\n|faint|p2a: Trump\n|move|p1a: Amoonguss|Pollen Puff|p1b: Primarina\n|-immune|p1b: Primarina\n|\n|upkeep\n|\n|t:|1726683227\n|switch|p2a: Smile|Gengar, L50, F|100\/100\n|turn|6\n|\n|t:|1726683247\n|-terastallize|p1b: Primarina|Poison\n|move|p2a: Smile|Sludge Wave|p1a: Amoonguss|[spread] p2b,p1a,p1b\n|-resisted|p2b: E=MC^2\n|-resisted|p1b: Primarina\n|-damage|p2b: E=MC^2|66\/100\n|-damage|p1a: Amoonguss|35\/100\n|-damage|p1b: Primarina|84\/100\n|-enditem|p1a: Amoonguss|Sitrus Berry|[eat]\n|-heal|p1a: Amoonguss|60\/100|[from] item: Sitrus Berry\n|move|p1b: Primarina|Hyper Voice|p2b: E=MC^2|[spread] p2a,p2b\n|-damage|p2a: Smile|22\/100\n|-damage|p2b: E=MC^2|42\/100\n|-start|p1b: Primarina|Disable|Hyper Voice|[from] ability: Cursed Body|[of] p2a: Smile\n|move|p2b: E=MC^2|Knock Off|p1a: Amoonguss\n|-damage|p1a: Amoonguss|35\/100\n|move|p1a: Amoonguss|Spore|p2b: E=MC^2\n|-status|p2b: E=MC^2|slp|[from] move: Spore\n|\n|upkeep\n|turn|7\n|\n|t:|1726683269\n|switch|p1a: Kingambit|Kingambit, L50, M|100\/100\n|move|p2a: Smile|Destiny Bond|p2a: Smile\n|-singlemove|p2a: Smile|Destiny Bond\n|move|p1b: Primarina|Moonblast|p2a: Smile\n|-resisted|p2a: Smile\n|-damage|p2a: Smile|0 fnt\n|faint|p2a: Smile\n|-activate|p2a: Smile|move: Destiny Bond\n|faint|p1b: Primarina\n|cant|p2b: E=MC^2|slp\n|\n|upkeep\n|\n|t:|1726683280\n|switch|p2a: GF Hunter|Mandibuzz, L50, F, shiny|68\/100\n|switch|p1b: Amoonguss|Amoonguss, L50, M|68\/100\n|turn|8\n|\n|t:|1726683295\n|move|p2a: GF Hunter|Roost|p2a: GF Hunter\n|-heal|p2a: GF Hunter|100\/100\n|-singleturn|p2a: GF Hunter|move: Roost\n|move|p1a: Kingambit|Iron Head|p2b: E=MC^2\n|-damage|p2b: E=MC^2|0 fnt\n|faint|p2b: E=MC^2\n|move|p1b: Amoonguss|Clear Smog|p2a: GF Hunter\n|-damage|p2a: GF Hunter|88\/100\n|-clearboost|p2a: GF Hunter\n|\n|upkeep\n|turn|9\n|\n|t:|1726683306\n|move|p2a: GF Hunter|Foul Play|p1b: Amoonguss\n|-damage|p1b: Amoonguss|48\/100\n|move|p1a: Kingambit|Iron Head|p2a: GF Hunter\n|-damage|p2a: GF Hunter|59\/100\n|move|p1b: Amoonguss|Pollen Puff|p2a: GF Hunter\n|-damage|p2a: GF Hunter|45\/100\n|\n|upkeep\n|turn|10\n|\n|t:|1726683322\n|move|p2a: GF Hunter|Roost|p2a: GF Hunter\n|-heal|p2a: GF Hunter|95\/100\n|-singleturn|p2a: GF Hunter|move: Roost\n|move|p1a: Kingambit|Iron Head|p2a: GF Hunter\n|-damage|p2a: GF Hunter|69\/100\n|move|p1b: Amoonguss|Pollen Puff|p2a: GF Hunter\n|-supereffective|p2a: GF Hunter\n|-damage|p2a: GF Hunter|39\/100\n|\n|upkeep\n|turn|11\n|\n|t:|1726683332\n|-terastallize|p2a: GF Hunter|Poison\n|move|p2a: GF Hunter|Roost|p2a: GF Hunter\n|-heal|p2a: GF Hunter|89\/100\n|move|p1a: Kingambit|Iron Head|p2a: GF Hunter\n|-crit|p2a: GF Hunter\n|-damage|p2a: GF Hunter|48\/100\n|move|p1b: Amoonguss|Pollen Puff|p2a: GF Hunter\n|-resisted|p2a: GF Hunter\n|-damage|p2a: GF Hunter|40\/100\n|\n|upkeep\n|turn|12\n|\n|t:|1726683350\n|move|p2a: GF Hunter|Roost|p2a: GF Hunter\n|-heal|p2a: GF Hunter|90\/100\n|move|p1a: Kingambit|Kowtow Cleave|p2a: GF Hunter\n|-damage|p2a: GF Hunter|60\/100\n|move|p1b: Amoonguss|Pollen Puff|p2a: GF Hunter\n|-resisted|p2a: GF Hunter\n|-damage|p2a: GF Hunter|53\/100\n|\n|upkeep\n|turn|13\n|\n|t:|1726683359\n|move|p2a: GF Hunter|Foul Play|p1b: Amoonguss\n|-damage|p1b: Amoonguss|27\/100\n|move|p1a: Kingambit|Kowtow Cleave|p2a: GF Hunter\n|-damage|p2a: GF Hunter|22\/100\n|move|p1b: Amoonguss|Pollen Puff|p2a: GF Hunter\n|-resisted|p2a: GF Hunter\n|-damage|p2a: GF Hunter|15\/100\n|\n|upkeep\n|turn|14\n|\n|t:|1726683368\n|switch|p1b: Dragonite|Dragonite, L50, M|4\/100\n|move|p2a: GF Hunter|Roost|p2a: GF Hunter\n|-heal|p2a: GF Hunter|65\/100\n|move|p1a: Kingambit|Kowtow Cleave|p2a: GF Hunter\n|-crit|p2a: GF Hunter\n|-damage|p2a: GF Hunter|22\/100\n|\n|upkeep\n|turn|15\n|\n|t:|1726683379\n|move|p1a: Kingambit|Sucker Punch||[still]\n|-fail|p1a: Kingambit\n|move|p1b: Dragonite|Stomping Tantrum|p2a: GF Hunter\n|-supereffective|p2a: GF Hunter\n|-crit|p2a: GF Hunter\n|-damage|p2a: GF Hunter|0 fnt\n|faint|p2a: GF Hunter\n|\n|win|very demure\n|raw|very demure's rating: 1763 &rarr; <strong>1782<\/strong><br \/>(+19 for winning)\n|raw|Cereales_Testing's rating: 1737 &rarr; <strong>1718<\/strong><br \/>(-19 for losing)\n|l|\u2606very demure\n|player|p1|\n|l|\u2606Cereales_Testing\n|player|p2|\n|l| BonoboF\n|l| ravioliaifunghi\n","uploadtime":1726683564,"views":36,"formatid":"gen9vgc2024regh","rating":1718,"private":0,"password":null}