{"id":"gen9vgc2024regh-2204239899","format":"[Gen 9] VGC 2024 Reg H","players":["chanpaopao","123something"],"log":"|j|\u2606chanpaopao\n|j|\u2606123something\n|t:|1726657599\n|gametype|doubles\n|player|p1|chanpaopao|266|1724\n|player|p2|123something|265|1733\n|teamsize|p1|6\n|teamsize|p2|6\n|gen|9\n|tier|[Gen 9] VGC 2024 Reg H\n|rated|\n|rule|Species Clause: Limit one of each Pok\u00e9mon\n|rule|Item Clause: Limit 1 of each item\n|clearpoke\n|poke|p1|Dondozo, L50, F|\n|poke|p1|Tatsugiri, L50, F|\n|poke|p1|Glimmora, L50, M|\n|poke|p1|Archaludon, L50, F|\n|poke|p1|Dragonite, L50, F|\n|poke|p1|Kingambit, L50, M|\n|poke|p2|Whimsicott, L50, M|\n|poke|p2|Typhlosion-Hisui, L50, M|\n|poke|p2|Primarina, L50, F|\n|poke|p2|Meowscarada, L50, M|\n|poke|p2|Dragonite, L50, M|\n|poke|p2|Annihilape, L50, M|\n|teampreview|4\n|inactive|Battle timer is ON: inactive players will automatically lose when time's up. (requested by chanpaopao)\n|j| Yastgutdwiiys\n|j| trauma breaker\n|inactive|123something has 60 seconds left.\n|j| mr pogostick\n|j| Therazer456\n|inactive|123something has 30 seconds left.\n|inactive|123something has 20 seconds left.\n|inactive|123something has 15 seconds left.\n|inactive|123something has 10 seconds left.\n|inactive|123something has 5 seconds left.\n|\n|t:|1726657706\n|start\n|switch|p1a: Archaludon|Archaludon, L50, F|100\/100\n|switch|p1b: Dragonite|Dragonite, L50, F|100\/100\n|switch|p2a: Primarina|Primarina, L50, F|100\/100\n|switch|p2b: Meowscarada|Meowscarada, L50, M|100\/100\n|turn|1\n|inactive|chanpaopao has 30 seconds left.\n|inactive|chanpaopao has 20 seconds left.\n|\n|t:|1726657743\n|move|p2b: Meowscarada|Protect|p2b: Meowscarada\n|-singleturn|p2b: Meowscarada|Protect\n|move|p2a: Primarina|Protect|p2a: Primarina\n|-singleturn|p2a: Primarina|Protect\n|move|p1a: Archaludon|Flash Cannon|p2b: Meowscarada\n|-activate|p2b: Meowscarada|move: Protect\n|move|p1b: Dragonite|Thunder Punch|p2a: Primarina\n|-activate|p2a: Primarina|move: Protect\n|\n|upkeep\n|turn|2\n|inactive|123something has 30 seconds left.\n|\n|t:|1726657778\n|move|p1b: Dragonite|Extreme Speed|p2b: Meowscarada\n|-damage|p2b: Meowscarada|48\/100\n|move|p2b: Meowscarada|Knock Off|p1a: Archaludon\n|-damage|p1a: Archaludon|62\/100\n|-enditem|p1a: Archaludon|Power Herb|[from] move: Knock Off|[of] p2b: Meowscarada\n|move|p1a: Archaludon|Flash Cannon|p2b: Meowscarada\n|-damage|p2b: Meowscarada|0 fnt\n|faint|p2b: Meowscarada\n|move|p2a: Primarina|Moonblast|p1a: Archaludon\n|-damage|p1a: Archaludon|0 fnt\n|faint|p1a: Archaludon\n|-damage|p2a: Primarina|91\/100|[from] item: Life Orb\n|\n|upkeep\n|\n|t:|1726657794\n|switch|p2b: Whimsicott|Whimsicott, L50, M|100\/100\n|switch|p1a: Dondozo|Dondozo, L50, F|100\/100\n|turn|3\n|inactive|123something has 30 seconds left.\n|\n|t:|1726657826\n|-terastallize|p1a: Dondozo|Flying\n|move|p2a: Primarina|Protect|p2a: Primarina\n|-singleturn|p2a: Primarina|Protect\n|move|p2b: Whimsicott|Moonblast|p1b: Dragonite\n|-supereffective|p1b: Dragonite\n|-damage|p1b: Dragonite|82\/100\n|move|p1b: Dragonite|Thunder Punch|p2a: Primarina\n|-activate|p2a: Primarina|move: Protect\n|move|p1a: Dondozo|Tera Blast|p2b: Whimsicott|[anim] Tera Blast Flying\n|-supereffective|p2b: Whimsicott\n|-damage|p2b: Whimsicott|20\/100\n|\n|upkeep\n|turn|4\n|\n|t:|1726657851\n|move|p1b: Dragonite|Extreme Speed|p2b: Whimsicott\n|-damage|p2b: Whimsicott|0 fnt\n|faint|p2b: Whimsicott\n|move|p2a: Primarina|Moonblast|p1b: Dragonite\n|-supereffective|p1b: Dragonite\n|-damage|p1b: Dragonite|7\/100\n|-damage|p2a: Primarina|81\/100|[from] item: Life Orb\n|move|p1a: Dondozo|Tera Blast|p2a: Primarina|[anim] Tera Blast Flying\n|-damage|p2a: Primarina|35\/100\n|\n|upkeep\n|\n|t:|1726657861\n|switch|p2b: Typhlosion|Typhlosion-Hisui, L50, M|100\/100\n|-item|p1a: Dondozo|Figy Berry|[from] ability: Frisk|[of] p2b: Typhlosion\n|-item|p1b: Dragonite|Assault Vest|[from] ability: Frisk|[of] p2b: Typhlosion\n|turn|5\n|\n|t:|1726657874\n|switch|p1b: Tatsugiri|Tatsugiri, L50, F|100\/100\n|-activate|p1b: Tatsugiri|ability: Commander|[of] p1a: Dondozo\n|-boost|p1a: Dondozo|atk|2\n|-boost|p1a: Dondozo|spa|2\n|-boost|p1a: Dondozo|spe|2\n|-boost|p1a: Dondozo|def|2\n|-boost|p1a: Dondozo|spd|2\n|move|p1a: Dondozo|Earthquake|p2a: Primarina|[spread] p2a,p2b\n|-miss|p1a: Dondozo|p1b: Tatsugiri\n|-supereffective|p2b: Typhlosion\n|-damage|p2a: Primarina|0 fnt\n|-damage|p2b: Typhlosion|0 fnt\n|faint|p2a: Primarina\n|faint|p2b: Typhlosion\n|\n|win|chanpaopao\n|raw|chanpaopao's rating: 1724 &rarr; <strong>1745<\/strong><br \/>(+21 for winning)\n|raw|123something's rating: 1733 &rarr; <strong>1712<\/strong><br \/>(-21 for losing)\n|l|\u2606123something\n|player|p2|\n|l|\u2606chanpaopao\n|player|p1|\n|l| Therazer456\n|l| mr pogostick\n","uploadtime":1726658075,"views":40,"formatid":"gen9vgc2024regh","rating":1712,"private":0,"password":null}