{"id":"gen9vgc2024regh-2204510466","format":"[Gen 9] VGC 2024 Reg H","players":["GubbsVGC","very demure"],"log":"|j|\u2606GubbsVGC\n|j|\u2606very demure\n|t:|1726683411\n|gametype|doubles\n|player|p1|GubbsVGC|morty|1647\n|player|p2|very demure|dawn-gen4pt|1782\n|teamsize|p1|6\n|teamsize|p2|6\n|gen|9\n|tier|[Gen 9] VGC 2024 Reg H\n|rated|\n|rule|Species Clause: Limit one of each Pok\u00e9mon\n|rule|Item Clause: Limit 1 of each item\n|clearpoke\n|poke|p1|Rabsca, L50, F|\n|poke|p1|Golem-Alola, L50, F|\n|poke|p1|Torkoal, L50, F|\n|poke|p1|Gallade, L50, M|\n|poke|p1|Lilligant-Hisui, L50, F|\n|poke|p1|Indeedee-F, L50, F|\n|poke|p2|Dragonite, L50, F|\n|poke|p2|Amoonguss, L50, M|\n|poke|p2|Archaludon, L50, F|\n|poke|p2|Kingambit, L50, M|\n|poke|p2|Flamigo, L50, M|\n|poke|p2|Primarina, L50, M|\n|teampreview|4\n|inactive|Battle timer is ON: inactive players will automatically lose when time's up. (requested by GubbsVGC)\n|inactive|GubbsVGC has 60 seconds left.\n|inactive|very demure has 60 seconds left.\n|inactive|very demure has 30 seconds left.\n|inactive|very demure has 20 seconds left.\n|\n|t:|1726683502\n|start\n|switch|p1a: Golem|Golem-Alola, L50, F|100\/100\n|switch|p1b: Indeedee|Indeedee-F, L50, F|100\/100\n|switch|p2a: Archaludon|Archaludon, L50, F|100\/100\n|switch|p2b: Dragonite|Dragonite, L50, F|100\/100\n|-fieldstart|move: Psychic Terrain|[from] ability: Psychic Surge|[of] p1b: Indeedee\n|turn|1\n|inactive|GubbsVGC has 30 seconds left.\n|inactive|very demure has 30 seconds left.\n|\n|t:|1726683540\n|move|p2a: Archaludon|Protect|p2a: Archaludon\n|-singleturn|p2a: Archaludon|Protect\n|move|p2b: Dragonite|Protect|p2b: Dragonite\n|-singleturn|p2b: Dragonite|Protect\n|move|p1a: Golem|Rock Slide|p2a: Archaludon|[spread] \n|-activate|p2a: Archaludon|move: Protect\n|-activate|p2b: Dragonite|move: Protect\n|move|p1b: Indeedee|Trick Room|p1b: Indeedee\n|-fieldstart|move: Trick Room|[of] p1b: Indeedee\n|\n|upkeep\n|turn|2\n|inactive|very demure has 30 seconds left.\n|\n|t:|1726683568\n|switch|p1b: Torkoal|Torkoal, L50, F|100\/100\n|-weather|SunnyDay|[from] ability: Drought|[of] p1b: Torkoal\n|move|p1a: Golem|High Horsepower|p2a: Archaludon\n|-supereffective|p2a: Archaludon\n|-damage|p2a: Archaludon|39\/100\n|move|p2b: Dragonite|Stomping Tantrum|p1a: Golem\n|-supereffective|p1a: Golem\n|-damage|p1a: Golem|9\/100\n|move|p2a: Archaludon|Flash Cannon|p1a: Golem\n|-damage|p1a: Golem|0 fnt\n|faint|p1a: Golem\n|\n|-weather|SunnyDay|[upkeep]\n|upkeep\n|\n|t:|1726683586\n|switch|p1a: Rabsca|Rabsca, L50, F|100\/100\n|turn|3\n|inactive|GubbsVGC has 30 seconds left.\n|j| Therazer456\n|\n|t:|1726683614\n|move|p2b: Dragonite|Protect|p2b: Dragonite\n|-singleturn|p2b: Dragonite|Protect\n|move|p2a: Archaludon|Protect|p2a: Archaludon\n|-singleturn|p2a: Archaludon|Protect\n|move|p1b: Torkoal|Eruption|p2a: Archaludon|[spread] \n|-activate|p2a: Archaludon|move: Protect\n|-activate|p2b: Dragonite|move: Protect\n|move|p1a: Rabsca|Revival Blessing|p1a: Rabsca\n|j| BonoboF\n|\n|t:|1726683625\n|-heal|p1: Golem|50\/100|[from] move: Revival Blessing\n|\n|-weather|SunnyDay|[upkeep]\n|upkeep\n|turn|4\n|inactive|very demure has 30 seconds left.\n|\n|t:|1726683650\n|move|p1b: Torkoal|Eruption|p2a: Archaludon|[spread] p2a,p2b\n|-resisted|p2b: Dragonite\n|-damage|p2a: Archaludon|0 fnt\n|-damage|p2b: Dragonite|79\/100\n|faint|p2a: Archaludon\n|move|p1a: Rabsca|Expanding Force|p2b: Dragonite\n|-damage|p2b: Dragonite|0 fnt\n|faint|p2b: Dragonite\n|\n|-weather|SunnyDay|[upkeep]\n|upkeep\n|\n|t:|1726683665\n|switch|p2b: Amoonguss|Amoonguss, L50, M|100\/100\n|switch|p2a: Flamigo|Flamigo, L50, M|100\/100\n|turn|5\n|inactive|GubbsVGC has 30 seconds left.\n|\n|t:|1726683698\n|-terastallize|p2b: Amoonguss|Water\n|move|p2a: Flamigo|Protect|p2a: Flamigo\n|-singleturn|p2a: Flamigo|Protect\n|move|p1b: Torkoal|Eruption|p2a: Flamigo|[spread] p2b\n|-activate|p2a: Flamigo|move: Protect\n|-resisted|p2b: Amoonguss\n|-damage|p2b: Amoonguss|65\/100\n|move|p2b: Amoonguss|Spore|p1b: Torkoal\n|-status|p1b: Torkoal|slp|[from] move: Spore\n|move|p1a: Rabsca|Expanding Force|p2b: Amoonguss|[spread] p2b\n|-activate|p2a: Flamigo|move: Protect\n|-damage|p2b: Amoonguss|18\/100\n|-enditem|p2b: Amoonguss|Sitrus Berry|[eat]\n|-heal|p2b: Amoonguss|43\/100|[from] item: Sitrus Berry\n|\n|-weather|SunnyDay|[upkeep]\n|-fieldend|move: Trick Room\n|-fieldend|move: Psychic Terrain\n|upkeep\n|turn|6\n|inactive|very demure has 30 seconds left.\n|inactive|very demure has 20 seconds left.\n|\n|t:|1726683736\n|switch|p1b: Indeedee|Indeedee-F, L50, F|100\/100\n|-fieldstart|move: Psychic Terrain|[from] ability: Psychic Surge|[of] p1b: Indeedee\n|-terastallize|p1a: Rabsca|Fire\n|move|p2a: Flamigo|Brave Bird|p1a: Rabsca\n|-damage|p1a: Rabsca|41\/100\n|-damage|p2a: Flamigo|78\/100|[from] Recoil\n|move|p1a: Rabsca|Expanding Force|p2a: Flamigo|[spread] p2a,p2b\n|-supereffective|p2a: Flamigo\n|-damage|p2a: Flamigo|0 fnt\n|-damage|p2b: Amoonguss|0 fnt\n|faint|p2a: Flamigo\n|faint|p2b: Amoonguss\n|\n|win|GubbsVGC\n|raw|GubbsVGC's rating: 1647 &rarr; <strong>1674<\/strong><br \/>(+27 for winning)\n|raw|very demure's rating: 1782 &rarr; <strong>1755<\/strong><br \/>(-27 for losing)\n|l|\u2606very demure\n|player|p2|\n|l| BonoboF\n|l|\u2606GubbsVGC\n|player|p1|\n|j| 0l'Bones\n","uploadtime":1726683975,"views":14,"formatid":"gen9vgc2024regh","rating":1674,"private":0,"password":null}