{"id":"gen9vgc2024regh-2204521710","format":"[Gen 9] VGC 2024 Reg H","players":["TwitterJasePokemon","ggttmmhh"],"log":"|j|\u2606TwitterJasePokemon\n|j|\u2606ggttmmhh\n|t:|1726684388\n|gametype|doubles\n|player|p1|TwitterJasePokemon|lucas|1739\n|player|p2|ggttmmhh|170|1799\n|teamsize|p1|6\n|teamsize|p2|6\n|gen|9\n|tier|[Gen 9] VGC 2024 Reg H\n|rated|\n|rule|Species Clause: Limit one of each Pok\u00e9mon\n|rule|Item Clause: Limit 1 of each item\n|clearpoke\n|poke|p1|Maushold, L50|\n|poke|p1|Murkrow, L50, M|\n|poke|p1|Basculegion, L50, M|\n|poke|p1|Dragonite, L50, M|\n|poke|p1|Archaludon, L50, M|\n|poke|p1|Gholdengo, L50|\n|poke|p2|Archaludon, L50, F|\n|poke|p2|Chandelure, L50, F|\n|poke|p2|Primarina, L50, M|\n|poke|p2|Meowscarada, L50, F|\n|poke|p2|Ursaluna-Bloodmoon, L50, M|\n|poke|p2|Murkrow, L50, M|\n|teampreview|4\n|inactive|Battle timer is ON: inactive players will automatically lose when time's up. (requested by TwitterJasePokemon)\n|j| Claarity\n|inactive|TwitterJasePokemon has 60 seconds left.\n|inactive|ggttmmhh has 60 seconds left.\n|\n|t:|1726684422\n|start\n|switch|p1a: Murkrow|Murkrow, L50, M|100\/100\n|switch|p1b: Archaludon|Archaludon, L50, M|100\/100\n|switch|p2a: Meowscarada|Meowscarada, L50, F|100\/100\n|switch|p2b: Primarina|Primarina, L50, M|100\/100\n|turn|1\n|\n|t:|1726684436\n|move|p1a: Murkrow|Tailwind|p1a: Murkrow\n|-sidestart|p1: TwitterJasePokemon|move: Tailwind\n|move|p1b: Archaludon|Electro Shot||[still]\n|-prepare|p1b: Archaludon|Electro Shot\n|-boost|p1b: Archaludon|spa|1\n|-enditem|p1b: Archaludon|Power Herb\n|-anim|p1b: Archaludon|Electro Shot|p2b: Primarina\n|-supereffective|p2b: Primarina\n|-damage|p2b: Primarina|0 fnt\n|faint|p2b: Primarina\n|move|p2a: Meowscarada|Grass Pledge|p1a: Murkrow\n|-resisted|p1a: Murkrow\n|-damage|p1a: Murkrow|92\/100\n|\n|upkeep\n|\n|t:|1726684447\n|switch|p2b: Chandelure|Chandelure, L50, F|100\/100\n|turn|2\n|j| ravioliaifunghi\n|j| Pichumeister99\n|\n|t:|1726684454\n|-terastallize|p2b: Chandelure|Steel\n|move|p1b: Archaludon|Dragon Pulse|p2b: Chandelure\n|-resisted|p2b: Chandelure\n|-damage|p2b: Chandelure|56\/100\n|move|p1a: Murkrow|Foul Play|p2b: Chandelure\n|-damage|p2b: Chandelure|37\/100\n|move|p2a: Meowscarada|Knock Off|p1b: Archaludon\n|-damage|p1b: Archaludon|76\/100\n|move|p2b: Chandelure|Trick Room|p2b: Chandelure\n|-fieldstart|move: Trick Room|[of] p2b: Chandelure\n|\n|upkeep\n|turn|3\n|inactive|ggttmmhh has 30 seconds left.\n|inactive|ggttmmhh has 20 seconds left.\n|inactive|ggttmmhh has 15 seconds left.\n|\n|t:|1726684496\n|switch|p2a: Archaludon|Archaludon, L50, F|100\/100\n|move|p1a: Murkrow|Rain Dance|p1a: Murkrow\n|-weather|RainDance\n|move|p2b: Chandelure|Heat Wave|p1a: Murkrow|[spread] p1a,p1b\n|-damage|p1a: Murkrow|72\/100\n|-damage|p1b: Archaludon|45\/100\n|move|p1b: Archaludon|Aura Sphere|p2a: Archaludon\n|-supereffective|p2a: Archaludon\n|-ability|p2a: Archaludon|Sturdy\n|-damage|p2a: Archaludon|1\/100\n|\n|-weather|RainDance|[upkeep]\n|upkeep\n|turn|4\n|inactive|TwitterJasePokemon has 30 seconds left.\n|\n|t:|1726684529\n|move|p1b: Archaludon|Protect|p1b: Archaludon\n|-singleturn|p1b: Archaludon|Protect\n|move|p2b: Chandelure|Shadow Ball|p1b: Archaludon\n|-activate|p1b: Archaludon|move: Protect\n|move|p2a: Archaludon|Electro Shot||[still]\n|-prepare|p2a: Archaludon|Electro Shot\n|-boost|p2a: Archaludon|spa|1\n|-anim|p2a: Archaludon|Electro Shot|p1a: Murkrow\n|-supereffective|p1a: Murkrow\n|-damage|p1a: Murkrow|0 fnt\n|faint|p1a: Murkrow\n|\n|-weather|RainDance|[upkeep]\n|-sideend|p1: TwitterJasePokemon|move: Tailwind\n|upkeep\n|\n|t:|1726684542\n|switch|p1a: Basculegion|Basculegion, L50, M|100\/100\n|turn|5\n|j| Therazer456\n|\n|t:|1726684562\n|move|p2a: Archaludon|Protect|p2a: Archaludon\n|-singleturn|p2a: Archaludon|Protect\n|move|p1a: Basculegion|Aqua Jet|p2b: Chandelure\n|-damage|p2b: Chandelure|0 fnt\n|faint|p2b: Chandelure\n|move|p1b: Archaludon|Aura Sphere|p2a: Archaludon\n|-activate|p2a: Archaludon|move: Protect\n|\n|-weather|RainDance|[upkeep]\n|upkeep\n|\n|t:|1726684568\n|switch|p2b: Meowscarada|Meowscarada, L50, F|100\/100\n|turn|6\n|\n|t:|1726684573\n|move|p1a: Basculegion|Aqua Jet|p2a: Archaludon\n|-resisted|p2a: Archaludon\n|-damage|p2a: Archaludon|0 fnt\n|faint|p2a: Archaludon\n|move|p1b: Archaludon|Aura Sphere|p2b: Meowscarada\n|-supereffective|p2b: Meowscarada\n|-enditem|p2b: Meowscarada|Focus Sash\n|-damage|p2b: Meowscarada|1\/100\n|move|p2b: Meowscarada|Knock Off|p1b: Archaludon\n|-damage|p1b: Archaludon|19\/100\n|\n|-weather|RainDance|[upkeep]\n|-fieldend|move: Trick Room\n|upkeep\n|turn|7\n|\n|t:|1726684582\n|move|p1a: Basculegion|Aqua Jet|p2b: Meowscarada\n|-resisted|p2b: Meowscarada\n|-damage|p2b: Meowscarada|0 fnt\n|faint|p2b: Meowscarada\n|\n|win|TwitterJasePokemon\n|raw|TwitterJasePokemon's rating: 1739 &rarr; <strong>1762<\/strong><br \/>(+23 for winning)\n|raw|ggttmmhh's rating: 1799 &rarr; <strong>1776<\/strong><br \/>(-23 for losing)\n|l| Therazer456\n|l|\u2606TwitterJasePokemon\n|player|p1|\n|l|\u2606ggttmmhh\n|player|p2|\n|l| ravioliaifunghi\n|l| Pichumeister99\n|j| Pichumeister99\n","uploadtime":1726684794,"views":101,"formatid":"gen9vgc2024regh","rating":1762,"private":0,"password":null}