{"id":"gen9vgc2024regh-2204988318","format":"[Gen 9] VGC 2024 Reg H","players":["Amoguslolli","Boby maltezer"],"log":"|j|\u2606Amoguslolli\n|j|\u2606Boby maltezer\n|t:|1726743391\n|gametype|doubles\n|player|p1|Amoguslolli|170|1693\n|player|p2|Boby maltezer|170|1704\n|teamsize|p1|6\n|teamsize|p2|6\n|gen|9\n|tier|[Gen 9] VGC 2024 Reg H\n|rated|\n|rule|Species Clause: Limit one of each Pok\u00e9mon\n|rule|Item Clause: Limit 1 of each item\n|clearpoke\n|poke|p1|Sneasler, L50, F|\n|poke|p1|Delphox, L50, M|\n|poke|p1|Basculegion, L50, M|\n|poke|p1|Whimsicott, L50, M|\n|poke|p1|Indeedee, L50, M|\n|poke|p1|Maushold, L50|\n|poke|p2|Volcarona, L50, F|\n|poke|p2|Sneasler, L50, M|\n|poke|p2|Rillaboom, L50, F|\n|poke|p2|Clefable, L50, M|\n|poke|p2|Kingambit, L50, M|\n|poke|p2|Dragapult, L50, M|\n|teampreview|4\n|j| Tian15\n|l| Tian15\n|inactive|Battle timer is ON: inactive players will automatically lose when time's up. (requested by Boby maltezer)\n|\n|t:|1726743449\n|start\n|switch|p1a: Delphox|Delphox, L50, M|100\/100\n|switch|p1b: Whimsicott|Whimsicott, L50, M|100\/100\n|switch|p2a: Dragapult|Dragapult, L50, M|100\/100\n|switch|p2b: Sneasler|Sneasler, L50, M|100\/100\n|turn|1\n|inactive|Amoguslolli has 30 seconds left.\n|\n|t:|1726743475\n|move|p1b: Whimsicott|Tailwind|p1b: Whimsicott\n|-sidestart|p1: Amoguslolli|move: Tailwind\n|move|p1a: Delphox|Expanding Force|p2b: Sneasler\n|-supereffective|p2b: Sneasler\n|-damage|p2b: Sneasler|0 fnt\n|faint|p2b: Sneasler\n|move|p2a: Dragapult|U-turn|p1a: Delphox\n|-damage|p1a: Delphox|46\/100\n|\n|t:|1726743482\n|switch|p2a: Kingambit|Kingambit, L50, M|100\/100|[from] U-turn\n|\n|upkeep\n|\n|t:|1726743485\n|switch|p2b: Dragapult|Dragapult, L50, M|100\/100\n|turn|2\n|\n|t:|1726743494\n|switch|p1b: Indeedee|Indeedee, L50, M|100\/100\n|-fieldstart|move: Psychic Terrain|[from] ability: Psychic Surge|[of] p1b: Indeedee\n|switch|p2b: Rillaboom|Rillaboom, L50, F, shiny|100\/100\n|-fieldstart|move: Grassy Terrain|[from] ability: Grassy Surge|[of] p2b: Rillaboom\n|move|p2a: Kingambit|Sucker Punch|p1a: Delphox\n|-supereffective|p1a: Delphox\n|-damage|p1a: Delphox|0 fnt\n|faint|p1a: Delphox\n|\n|upkeep\n|l|\u2606Amoguslolli\n|inactive|Amoguslolli disconnected and has a minute to reconnect!\n|player|p1|\n|j|\u2606Amoguslolli\n|inactive|Amoguslolli reconnected and has 40 seconds left.\n|player|p1|Amoguslolli|170|\n|\n|t:|1726743512\n|switch|p1a: Sneasler|Sneasler, L50, F|100\/100\n|turn|3\n|\n|t:|1726743536\n|-terastallize|p1b: Indeedee|Fighting\n|move|p1a: Sneasler|Protect|p1a: Sneasler\n|-singleturn|p1a: Sneasler|Protect\n|move|p2b: Rillaboom|Fake Out|p1a: Sneasler\n|-activate|p1a: Sneasler|move: Protect\n|move|p1b: Indeedee|Tera Blast|p2a: Kingambit|[anim] Tera Blast Fighting\n|-supereffective|p2a: Kingambit\n|-damage|p2a: Kingambit|0 fnt\n|faint|p2a: Kingambit\n|\n|upkeep\n|\n|t:|1726743546\n|switch|p2a: Dragapult|Dragapult, L50, M|100\/100\n|turn|4\n|inactive|Boby maltezer has 30 seconds left.\n|l|\u2606Amoguslolli\n|inactive|Amoguslolli disconnected and has a minute to reconnect!\n|player|p1|\n|inactive|Boby maltezer has 20 seconds left.\n|inactive|Boby maltezer has 15 seconds left.\n|j|\u2606Amoguslolli\n|inactive|Amoguslolli reconnected.\n|player|p1|Amoguslolli|170|\n|inactive|Boby maltezer has 10 seconds left.\n|\n|t:|1726743592\n|-terastallize|p2b: Rillaboom|Fire\n|move|p1a: Sneasler|Throat Chop|p2a: Dragapult\n|-supereffective|p2a: Dragapult\n|-damage|p2a: Dragapult|8\/100\n|-start|p2a: Dragapult|Throat Chop|[silent]\n|move|p1b: Indeedee|Expanding Force|p2a: Dragapult\n|-damage|p2a: Dragapult|0 fnt\n|faint|p2a: Dragapult\n|move|p2b: Rillaboom|Wood Hammer|p1b: Indeedee\n|-enditem|p1b: Indeedee|Focus Sash\n|-damage|p1b: Indeedee|1\/100\n|-damage|p2b: Rillaboom|78\/100|[from] Recoil\n|\n|-heal|p1b: Indeedee|7\/100|[from] Grassy Terrain\n|-heal|p2b: Rillaboom|84\/100|[from] Grassy Terrain\n|-sideend|p1: Amoguslolli|move: Tailwind\n|upkeep\n|turn|5\n|-message|Boby maltezer forfeited.\n|\n|win|Amoguslolli\n|raw|Amoguslolli's rating: 1693 &rarr; <strong>1714<\/strong><br \/>(+21 for winning)\n|raw|Boby maltezer's rating: 1704 &rarr; <strong>1683<\/strong><br \/>(-21 for losing)\n|l|\u2606Boby maltezer\n|player|p2|\n|l|\u2606Amoguslolli\n|player|p1|\n","uploadtime":1726743846,"views":27,"formatid":"gen9vgc2024regh","rating":1683,"private":0,"password":null}