{"id":"gen9vgc2024regh-2204878206","format":"[Gen 9] VGC 2024 Reg H","players":["mine_hang","Rough Pult"],"log":"|j|\u2606mine_hang\n|j|\u2606Rough Pult\n|t:|1726725491\n|gametype|doubles\n|player|p1|mine_hang|265|1751\n|player|p2|Rough Pult|giovanni|1810\n|teamsize|p1|6\n|teamsize|p2|6\n|gen|9\n|tier|[Gen 9] VGC 2024 Reg H\n|rated|\n|rule|Species Clause: Limit one of each Pok\u00e9mon\n|rule|Item Clause: Limit 1 of each item\n|clearpoke\n|poke|p1|Indeedee-F, L50, F|\n|poke|p1|Pelipper, L50, F|\n|poke|p1|Primarina, L50, M|\n|poke|p1|Gallade, L50, M|\n|poke|p1|Armarouge, L50, F|\n|poke|p1|Archaludon, L50, F|\n|poke|p2|Dondozo, L50, M|\n|poke|p2|Dragapult, L50, M|\n|poke|p2|Magmar, L50, F|\n|poke|p2|Kingambit, L50, M|\n|poke|p2|Rillaboom, L50, F|\n|poke|p2|Sneasler, L50, F|\n|teampreview|4\n|j| weakertt\n|inactive|Battle timer is ON: inactive players will automatically lose when time's up. (requested by mine_hang)\n|\n|t:|1726725522\n|start\n|switch|p1a: Primarina|Primarina, L50, M|100\/100\n|switch|p1b: Gallade|Gallade, L50, M|100\/100\n|switch|p2a: Rillaboom|Rillaboom, L50, F|100\/100\n|switch|p2b: Sneasler|Sneasler, L50, F|100\/100\n|-fieldstart|move: Grassy Terrain|[from] ability: Grassy Surge|[of] p2a: Rillaboom\n|turn|1\n|\n|t:|1726725546\n|switch|p1a: Indeedee|Indeedee-F, L50, F|100\/100\n|-fieldstart|move: Psychic Terrain|[from] ability: Psychic Surge|[of] p1a: Indeedee\n|move|p2b: Sneasler|Coaching|p2a: Rillaboom\n|-boost|p2a: Rillaboom|atk|1\n|-boost|p2a: Rillaboom|def|1\n|move|p1b: Gallade|Psycho Cut|p2b: Sneasler\n|-supereffective|p2b: Sneasler\n|-enditem|p2b: Sneasler|Focus Sash\n|-damage|p2b: Sneasler|1\/100\n|move|p2a: Rillaboom|Wood Hammer|p1b: Gallade\n|-enditem|p1b: Gallade|Focus Sash\n|-damage|p1b: Gallade|1\/100\n|-damage|p2a: Rillaboom|78\/100|[from] Recoil\n|\n|upkeep\n|turn|2\n|inactive|Rough Pult has 30 seconds left.\n|inactive|Rough Pult has 20 seconds left.\n|\n|t:|1726725586\n|move|p1a: Indeedee|Follow Me|p1a: Indeedee\n|-singleturn|p1a: Indeedee|move: Follow Me\n|move|p2b: Sneasler|Dire Claw|p1a: Indeedee\n|-damage|p1a: Indeedee|61\/100\n|move|p1b: Gallade|Psycho Cut|p2b: Sneasler\n|-supereffective|p2b: Sneasler\n|-damage|p2b: Sneasler|0 fnt\n|faint|p2b: Sneasler\n|move|p2a: Rillaboom|Wood Hammer|p1a: Indeedee\n|-damage|p1a: Indeedee|0 fnt\n|faint|p1a: Indeedee\n|-damage|p2a: Rillaboom|60\/100|[from] Recoil\n|\n|upkeep\n|\n|t:|1726725604\n|switch|p2b: Kingambit|Kingambit, L50, M|100\/100\n|switch|p1a: Armarouge|Armarouge, L50, F|100\/100\n|turn|3\n|\n|t:|1726725628\n|switch|p2a: Dondozo|Dondozo, L50, M|100\/100\n|-terastallize|p2b: Kingambit|Ghost\n|move|p1a: Armarouge|Protect|p1a: Armarouge\n|-singleturn|p1a: Armarouge|Protect\n|move|p1b: Gallade|Sacred Sword|p2b: Kingambit\n|-immune|p2b: Kingambit\n|move|p2b: Kingambit|Kowtow Cleave|p1a: Armarouge\n|-activate|p1a: Armarouge|move: Protect\n|\n|upkeep\n|turn|4\n|inactive|mine_hang has 30 seconds left.\n|inactive|Rough Pult has 30 seconds left.\n|\n|t:|1726725661\n|switch|p1a: Primarina|Primarina, L50, M|100\/100\n|move|p2b: Kingambit|Protect|p2b: Kingambit\n|-singleturn|p2b: Kingambit|Protect\n|move|p1b: Gallade|Night Slash|p2b: Kingambit\n|-activate|p2b: Kingambit|move: Protect\n|move|p2a: Dondozo|Liquidation|p1a: Primarina\n|-resisted|p1a: Primarina\n|-damage|p1a: Primarina|83\/100\n|\n|upkeep\n|turn|5\n|\n|t:|1726725680\n|switch|p2a: Rillaboom|Rillaboom, L50, F|60\/100\n|-fieldstart|move: Grassy Terrain|[from] ability: Grassy Surge|[of] p2a: Rillaboom\n|move|p2b: Kingambit|Sucker Punch|p1b: Gallade\n|-damage|p1b: Gallade|0 fnt\n|faint|p1b: Gallade\n|move|p1a: Primarina|Moonblast|p2b: Kingambit\n|-damage|p2b: Kingambit|48\/100\n|\n|-heal|p2a: Rillaboom|66\/100|[from] Grassy Terrain\n|-heal|p1a: Primarina|89\/100|[from] Grassy Terrain\n|-heal|p2b: Kingambit|54\/100|[from] Grassy Terrain\n|upkeep\n|j| xtyeah\n|l| xtyeah\n|\n|t:|1726725692\n|switch|p1b: Armarouge|Armarouge, L50, F|100\/100\n|turn|6\n|inactive|Rough Pult has 30 seconds left.\n|inactive|Rough Pult has 20 seconds left.\n|j| mr pogostick\n|inactive|Rough Pult has 15 seconds left.\n|inactive|Rough Pult has 10 seconds left.\n|\n|t:|1726725738\n|-terastallize|p1a: Primarina|Grass\n|move|p1b: Armarouge|Protect|p1b: Armarouge\n|-singleturn|p1b: Armarouge|Protect\n|move|p2a: Rillaboom|U-turn|p1b: Armarouge\n|-activate|p1b: Armarouge|move: Protect\n|move|p1a: Primarina|Moonblast|p2b: Kingambit\n|-crit|p2b: Kingambit\n|-damage|p2b: Kingambit|0 fnt\n|faint|p2b: Kingambit\n|\n|-heal|p2a: Rillaboom|72\/100|[from] Grassy Terrain\n|-heal|p1a: Primarina|95\/100|[from] Grassy Terrain\n|upkeep\n|\n|t:|1726725754\n|switch|p2b: Dondozo|Dondozo, L50, M|100\/100\n|turn|7\n|j| Wheeel\n|\n|t:|1726725773\n|move|p1a: Primarina|Aqua Jet|p1b: Armarouge\n|-supereffective|p1b: Armarouge\n|-damage|p1b: Armarouge|77\/100\n|-ability|p1b: Armarouge|Weak Armor|boost\n|-unboost|p1b: Armarouge|def|1\n|-boost|p1b: Armarouge|spe|2\n|-enditem|p1b: Armarouge|Weakness Policy\n|-boost|p1b: Armarouge|atk|2|[from] item: Weakness Policy\n|-boost|p1b: Armarouge|spa|2|[from] item: Weakness Policy\n|move|p1b: Armarouge|Stored Power|p2a: Rillaboom\n|-damage|p2a: Rillaboom|0 fnt\n|faint|p2a: Rillaboom\n|move|p2b: Dondozo|Liquidation|p1b: Armarouge\n|-supereffective|p1b: Armarouge\n|-damage|p1b: Armarouge|10\/100\n|-unboost|p1b: Armarouge|def|1\n|-ability|p1b: Armarouge|Weak Armor|boost\n|-unboost|p1b: Armarouge|def|1\n|-boost|p1b: Armarouge|spe|2\n|\n|-heal|p1b: Armarouge|16\/100|[from] Grassy Terrain\n|-heal|p1a: Primarina|100\/100|[from] Grassy Terrain\n|upkeep\n|turn|8\n|\n|t:|1726725795\n|move|p1b: Armarouge|Stored Power|p2b: Dondozo\n|-damage|p2b: Dondozo|35\/100\n|move|p1a: Primarina|Moonblast|p2b: Dondozo\n|-damage|p2b: Dondozo|1\/100\n|move|p2b: Dondozo|Yawn|p1a: Primarina\n|-start|p1a: Primarina|move: Yawn|[of] p2b: Dondozo\n|\n|-heal|p1b: Armarouge|22\/100|[from] Grassy Terrain\n|-heal|p2b: Dondozo|7\/100|[from] Grassy Terrain\n|-heal|p2b: Dondozo|13\/100|[from] item: Leftovers\n|upkeep\n|turn|9\n|-message|Rough Pult forfeited.\n|\n|win|mine_hang\n|raw|mine_hang's rating: 1751 &rarr; <strong>1774<\/strong><br \/>(+23 for winning)\n|raw|Rough Pult's rating: 1810 &rarr; <strong>1787<\/strong><br \/>(-23 for losing)\n|l|\u2606Rough Pult\n|player|p2|\n|l|\u2606mine_hang\n|player|p1|\n|l| mr pogostick\n|j| RisinComet3801\n|l| RisinComet3801\n","uploadtime":1726725966,"views":121,"formatid":"gen9vgc2024regh","rating":1774,"private":0,"password":null}