{"id":"gen9vgc2024regh-2204887796","format":"[Gen 9] VGC 2024 Reg H","players":["Rough Pult","Moonlight410"],"log":"|j|\u2606Rough Pult\n|j|\u2606Moonlight410\n|t:|1726727179\n|gametype|doubles\n|player|p1|Rough Pult|giovanni|1783\n|player|p2|Moonlight410|101|1811\n|teamsize|p1|6\n|teamsize|p2|6\n|gen|9\n|tier|[Gen 9] VGC 2024 Reg H\n|rated|\n|rule|Species Clause: Limit one of each Pok\u00e9mon\n|rule|Item Clause: Limit 1 of each item\n|clearpoke\n|poke|p1|Dondozo, L50, M|\n|poke|p1|Dragapult, L50, M|\n|poke|p1|Magmar, L50, F|\n|poke|p1|Kingambit, L50, M|\n|poke|p1|Rillaboom, L50, F|\n|poke|p1|Sneasler, L50, F|\n|poke|p2|Kingambit, L50, M|\n|poke|p2|Sneasler, L50, M|\n|poke|p2|Porygon2, L50|\n|poke|p2|Amoonguss, L50, F|\n|poke|p2|Ursaluna, L50, F|\n|poke|p2|Rillaboom, L50, F|\n|teampreview|4\n|\n|t:|1726727214\n|start\n|switch|p1a: Sneasler|Sneasler, L50, F|100\/100\n|switch|p1b: Magmar|Magmar, L50, F|100\/100\n|switch|p2a: Kingambit|Kingambit, L50, M|100\/100\n|switch|p2b: Sneasler|Sneasler, L50, M|100\/100\n|turn|1\n|\n|t:|1726727242\n|-terastallize|p2a: Kingambit|Fire\n|move|p1a: Sneasler|Close Combat|p2a: Kingambit\n|-damage|p2a: Kingambit|66\/100\n|-unboost|p1a: Sneasler|def|1\n|-unboost|p1a: Sneasler|spd|1\n|move|p2b: Sneasler|Coaching|p2a: Kingambit\n|-boost|p2a: Kingambit|atk|1\n|-boost|p2a: Kingambit|def|1\n|move|p1b: Magmar|Heat Wave|p2a: Kingambit|[spread] p2a,p2b\n|-resisted|p2a: Kingambit\n|-damage|p2a: Kingambit|57\/100\n|-damage|p2b: Sneasler|65\/100\n|move|p2a: Kingambit|Kowtow Cleave|p1b: Magmar\n|-damage|p1b: Magmar|48\/100\n|\n|upkeep\n|turn|2\n|j| mr pogostick\n|j| AvengeAvalugg\n|\n|t:|1726727277\n|move|p1a: Sneasler|Close Combat|p2a: Kingambit\n|-damage|p2a: Kingambit|33\/100\n|-unboost|p1a: Sneasler|def|1\n|-unboost|p1a: Sneasler|spd|1\n|move|p2b: Sneasler|Close Combat|p1a: Sneasler\n|-resisted|p1a: Sneasler\n|-enditem|p1a: Sneasler|Focus Sash\n|-damage|p1a: Sneasler|1\/100\n|-unboost|p2b: Sneasler|def|1\n|-unboost|p2b: Sneasler|spd|1\n|move|p1b: Magmar|Heat Wave|p2a: Kingambit|[spread] p2b\n|-miss|p1b: Magmar|p2a: Kingambit\n|-damage|p2b: Sneasler|12\/100\n|move|p2a: Kingambit|Kowtow Cleave|p1b: Magmar\n|-damage|p1b: Magmar|0 fnt\n|faint|p1b: Magmar\n|\n|upkeep\n|\n|t:|1726727297\n|switch|p1b: Kingambit|Kingambit, L50, M|100\/100\n|turn|3\n|\n|t:|1726727315\n|-terastallize|p1b: Kingambit|Ghost\n|move|p2a: Kingambit|Sucker Punch|p1b: Kingambit\n|-supereffective|p1b: Kingambit\n|-damage|p1b: Kingambit|31\/100\n|move|p1a: Sneasler|Coaching|p1b: Kingambit\n|-boost|p1b: Kingambit|atk|1\n|-boost|p1b: Kingambit|def|1\n|move|p2b: Sneasler|Close Combat|p1b: Kingambit\n|-immune|p1b: Kingambit\n|move|p1b: Kingambit|Kowtow Cleave|p2a: Kingambit\n|-damage|p2a: Kingambit|1\/100\n|\n|upkeep\n|turn|4\n|\n|t:|1726727335\n|move|p1b: Kingambit|Sucker Punch|p2a: Kingambit\n|-damage|p2a: Kingambit|0 fnt\n|faint|p2a: Kingambit\n|move|p1a: Sneasler|Coaching|p1b: Kingambit\n|-boost|p1b: Kingambit|atk|1\n|-boost|p1b: Kingambit|def|1\n|move|p2b: Sneasler|Dire Claw|p1a: Sneasler\n|-resisted|p1a: Sneasler\n|-damage|p1a: Sneasler|0 fnt\n|faint|p1a: Sneasler\n|\n|upkeep\n|\n|t:|1726727347\n|switch|p1a: Rillaboom|Rillaboom, L50, F|100\/100\n|switch|p2a: Porygon2|Porygon2, L50|100\/100\n|-fieldstart|move: Grassy Terrain|[from] ability: Grassy Surge|[of] p1a: Rillaboom\n|-ability|p2a: Porygon2|Download|boost\n|-boost|p2a: Porygon2|spa|1\n|turn|5\n|\n|t:|1726727359\n|move|p2b: Sneasler|Dire Claw|p1a: Rillaboom\n|-supereffective|p1a: Rillaboom\n|-damage|p1a: Rillaboom|20\/100\n|move|p1a: Rillaboom|Wood Hammer|p2a: Porygon2\n|-damage|p2a: Porygon2|49\/100\n|-damage|p1a: Rillaboom|4\/100|[from] Recoil\n|move|p1b: Kingambit|Kowtow Cleave|p2a: Porygon2\n|-damage|p2a: Porygon2|0 fnt\n|faint|p2a: Porygon2\n|\n|-heal|p2b: Sneasler|18\/100|[from] Grassy Terrain\n|-heal|p1a: Rillaboom|10\/100|[from] Grassy Terrain\n|-heal|p1b: Kingambit|36\/100|[from] Grassy Terrain\n|upkeep\n|\n|t:|1726727373\n|switch|p2a: Ursaluna|Ursaluna, L50, F|100\/100\n|turn|6\n|\n|t:|1726727390\n|move|p2a: Ursaluna|Protect|p2a: Ursaluna\n|-singleturn|p2a: Ursaluna|Protect\n|move|p1b: Kingambit|Sucker Punch||[still]\n|-fail|p1b: Kingambit\n|move|p2b: Sneasler|Coaching|p2a: Ursaluna\n|-boost|p2a: Ursaluna|atk|1\n|-boost|p2a: Ursaluna|def|1\n|move|p1a: Rillaboom|Wood Hammer|p2a: Ursaluna\n|-activate|p2a: Ursaluna|move: Protect\n|\n|-heal|p2b: Sneasler|24\/100|[from] Grassy Terrain\n|-heal|p1a: Rillaboom|16\/100|[from] Grassy Terrain\n|-heal|p1b: Kingambit|42\/100|[from] Grassy Terrain\n|-status|p2a: Ursaluna|brn|[from] item: Flame Orb\n|upkeep\n|turn|7\n|\n|t:|1726727430\n|move|p1a: Rillaboom|Grassy Glide|p2b: Sneasler\n|-resisted|p2b: Sneasler\n|-damage|p2b: Sneasler|0 fnt\n|faint|p2b: Sneasler\n|move|p1b: Kingambit|Kowtow Cleave|p2a: Ursaluna\n|-damage|p2a: Ursaluna|57\/100 brn\n|move|p2a: Ursaluna|Headlong Rush|p1b: Kingambit\n|-damage|p1b: Kingambit|0 fnt\n|-unboost|p2a: Ursaluna|def|1\n|-unboost|p2a: Ursaluna|spd|1\n|faint|p1b: Kingambit\n|\n|-heal|p1a: Rillaboom|22\/100|[from] Grassy Terrain\n|-heal|p2a: Ursaluna|63\/100 brn|[from] Grassy Terrain\n|-damage|p2a: Ursaluna|57\/100 brn|[from] brn\n|upkeep\n|turn|8\n|\n|t:|1726727449\n|move|p2a: Ursaluna|Protect|p2a: Ursaluna\n|-singleturn|p2a: Ursaluna|Protect\n|move|p1a: Rillaboom|Wood Hammer|p2a: Ursaluna\n|-activate|p2a: Ursaluna|move: Protect\n|\n|-heal|p1a: Rillaboom|28\/100|[from] Grassy Terrain\n|-heal|p2a: Ursaluna|63\/100 brn|[from] Grassy Terrain\n|-damage|p2a: Ursaluna|57\/100 brn|[from] brn\n|upkeep\n|turn|9\n|\n|t:|1726727460\n|move|p2a: Ursaluna|Protect|p2a: Ursaluna\n|-singleturn|p2a: Ursaluna|Protect\n|move|p1a: Rillaboom|Wood Hammer|p2a: Ursaluna\n|-activate|p2a: Ursaluna|move: Protect\n|\n|-heal|p1a: Rillaboom|34\/100|[from] Grassy Terrain\n|-heal|p2a: Ursaluna|63\/100 brn|[from] Grassy Terrain\n|-damage|p2a: Ursaluna|57\/100 brn|[from] brn\n|-fieldend|move: Grassy Terrain\n|upkeep\n|turn|10\n|\n|t:|1726727471\n|move|p1a: Rillaboom|Wood Hammer|p2a: Ursaluna\n|-supereffective|p2a: Ursaluna\n|-damage|p2a: Ursaluna|0 fnt\n|faint|p2a: Ursaluna\n|-damage|p1a: Rillaboom|12\/100|[from] Recoil\n|\n|win|Rough Pult\n|raw|Rough Pult's rating: 1783 &rarr; <strong>1805<\/strong><br \/>(+22 for winning)\n|raw|Moonlight410's rating: 1811 &rarr; <strong>1789<\/strong><br \/>(-22 for losing)\n|l|\u2606Moonlight410\n|player|p2|\n|l|\u2606Rough Pult\n|player|p1|\n","uploadtime":1726727643,"views":219,"formatid":"gen9vgc2024regh","rating":1789,"private":0,"password":null}