{"id":"gen9vgc2024regh-2204333530","format":"[Gen 9] VGC 2024 Reg H","players":["p1atypus","SamP_64"],"log":"|j|\u2606p1atypus\n|j|\u2606SamP_64\n|t:|1726668180\n|gametype|doubles\n|player|p1|p1atypus|2|1702\n|player|p2|SamP_64|266|1697\n|teamsize|p1|6\n|teamsize|p2|6\n|gen|9\n|tier|[Gen 9] VGC 2024 Reg H\n|rated|\n|rule|Species Clause: Limit one of each Pok\u00e9mon\n|rule|Item Clause: Limit 1 of each item\n|clearpoke\n|poke|p1|Incineroar, L50, F|\n|poke|p1|Rillaboom, L50, F|\n|poke|p1|Tauros-Paldea-Aqua, L50, M|\n|poke|p1|Whimsicott, L50, M|\n|poke|p1|Glimmora, L50, M|\n|poke|p1|Farigiraf, L50, M|\n|poke|p2|Pelipper, L50, F|\n|poke|p2|Archaludon, L50, M|\n|poke|p2|Basculegion, L50, M|\n|poke|p2|Incineroar, L50, F|\n|poke|p2|Amoonguss, L50, M|\n|poke|p2|Maushold-Four, L50|\n|teampreview|4\n|inactive|Battle timer is ON: inactive players will automatically lose when time's up. (requested by p1atypus)\np1atypus has agreed to open team sheets.\n|\n|t:|1726668210\n|start\n|switch|p1a: Whimsicott|Whimsicott, L50, M|100\/100\n|switch|p1b: Tauros|Tauros-Paldea-Aqua, L50, M|100\/100\n|switch|p2a: Basculegion|Basculegion, L50, M|100\/100\n|switch|p2b: Incineroar|Incineroar, L50, F|100\/100\n|-ability|p1b: Tauros|Intimidate|boost\n|-unboost|p2a: Basculegion|atk|1\n|-unboost|p2b: Incineroar|atk|1\n|-ability|p2b: Incineroar|Intimidate|boost\n|-unboost|p1a: Whimsicott|atk|1\n|-unboost|p1b: Tauros|atk|1\n|turn|1\n|inactive|SamP_64 has 30 seconds left.\n|inactive|SamP_64 has 20 seconds left.\n|\n|t:|1726668245\n|switch|p2b: Pelipper|Pelipper, L50, F|100\/100\n|-weather|RainDance|[from] ability: Drizzle|[of] p2b: Pelipper\n|-terastallize|p2a: Basculegion|Water\n|move|p1a: Whimsicott|Protect|p1a: Whimsicott\n|-singleturn|p1a: Whimsicott|Protect\n|move|p1b: Tauros|Protect|p1b: Tauros\n|-singleturn|p1b: Tauros|Protect\n|move|p2a: Basculegion|Wave Crash|p1a: Whimsicott\n|-activate|p1a: Whimsicott|move: Protect\n|\n|-weather|RainDance|[upkeep]\n|upkeep\n|turn|2\n|j| THUNDERSND77\n|inactive|SamP_64 has 30 seconds left.\n|\n|t:|1726668270\n|switch|p2a: Incineroar|Incineroar, L50, F|100\/100\n|-ability|p2a: Incineroar|Intimidate|boost\n|-unboost|p1a: Whimsicott|atk|1\n|-unboost|p1b: Tauros|atk|1\n|move|p1a: Whimsicott|Moonblast|p2b: Pelipper\n|-damage|p2b: Pelipper|43\/100\n|move|p1b: Tauros|Wave Crash|p2b: Pelipper\n|-resisted|p2b: Pelipper\n|-crit|p2b: Pelipper\n|-damage|p2b: Pelipper|0 fnt\n|faint|p2b: Pelipper\n|-damage|p1b: Tauros|88\/100|[from] Recoil\n|-damage|p1b: Tauros|78\/100|[from] item: Life Orb\n|\n|-weather|RainDance|[upkeep]\n|upkeep\n|\n|t:|1726668293\n|switch|p2b: Basculegion|Basculegion, L50, M, tera:Water|100\/100\n|turn|3\n|\n|t:|1726668310\n|switch|p1b: Incineroar|Incineroar, L50, F|100\/100\n|-ability|p1b: Incineroar|Intimidate|boost\n|-unboost|p2a: Incineroar|atk|1\n|-unboost|p2b: Basculegion|atk|1\n|move|p1a: Whimsicott|Protect|p1a: Whimsicott\n|-singleturn|p1a: Whimsicott|Protect\n|move|p2a: Incineroar|Fake Out|p1b: Incineroar\n|-damage|p1b: Incineroar|93\/100\n|move|p2b: Basculegion|Last Respects|p1a: Whimsicott\n|-activate|p1a: Whimsicott|move: Protect\n|\n|-weather|RainDance|[upkeep]\n|upkeep\n|turn|4\n|\n|t:|1726668331\n|switch|p2b: Archaludon|Archaludon, L50, M|100\/100\n|move|p1b: Incineroar|Fake Out|p2b: Archaludon\n|-resisted|p2b: Archaludon\n|-damage|p2b: Archaludon|96\/100\n|-ability|p2b: Archaludon|Stamina|boost\n|-boost|p2b: Archaludon|def|1\n|move|p1a: Whimsicott|Tailwind|p1a: Whimsicott\n|-sidestart|p1: p1atypus|move: Tailwind\n|move|p2a: Incineroar|Knock Off|p1a: Whimsicott\n|-resisted|p1a: Whimsicott\n|-damage|p1a: Whimsicott|80\/100\n|-enditem|p1a: Whimsicott|Focus Sash|[from] move: Knock Off|[of] p2a: Incineroar\n|\n|-weather|RainDance|[upkeep]\n|upkeep\n|turn|5\n|inactive|SamP_64 has 30 seconds left.\n|\n|t:|1726668357\n|move|p1a: Whimsicott|Protect|p1a: Whimsicott\n|-singleturn|p1a: Whimsicott|Protect\n|move|p1b: Incineroar|Knock Off|p2b: Archaludon\n|-damage|p2b: Archaludon|76\/100\n|-ability|p2b: Archaludon|Stamina|boost\n|-boost|p2b: Archaludon|def|1\n|-enditem|p2b: Archaludon|Assault Vest|[from] move: Knock Off|[of] p1b: Incineroar\n|move|p2b: Archaludon|Flash Cannon|p1a: Whimsicott\n|-activate|p1a: Whimsicott|move: Protect\n|move|p2a: Incineroar|Parting Shot|p1b: Incineroar\n|-unboost|p1b: Incineroar|atk|1\n|-unboost|p1b: Incineroar|spa|1\n|\n|t:|1726668367\n|switch|p2a: Basculegion|Basculegion, L50, M, tera:Water|100\/100|[from] Parting Shot\n|\n|-weather|none\n|upkeep\n|turn|6\n|\n|t:|1726668382\n|switch|p1b: Tauros|Tauros-Paldea-Aqua, L50, M|78\/100\n|-ability|p1b: Tauros|Intimidate|boost\n|-unboost|p2a: Basculegion|atk|1\n|-unboost|p2b: Archaludon|atk|1\n|move|p1a: Whimsicott|Moonblast|p2b: Archaludon\n|-damage|p2b: Archaludon|39\/100\n|-ability|p2b: Archaludon|Stamina|boost\n|-boost|p2b: Archaludon|def|1\n|move|p2a: Basculegion|Last Respects|p1b: Tauros\n|-damage|p1b: Tauros|20\/100\n|move|p2b: Archaludon|Flash Cannon|p1a: Whimsicott\n|-supereffective|p1a: Whimsicott\n|-damage|p1a: Whimsicott|0 fnt\n|faint|p1a: Whimsicott\n|\n|upkeep\n|\n|t:|1726668397\n|switch|p1a: Glimmora|Glimmora, L50, M|100\/100\n|turn|7\n|\n|t:|1726668416\n|switch|p2a: Incineroar|Incineroar, L50, F|100\/100\n|-ability|p2a: Incineroar|Intimidate|boost\n|-unboost|p1a: Glimmora|atk|1\n|-unboost|p1b: Tauros|atk|1\n|move|p1b: Tauros|Close Combat|p2b: Archaludon\n|-supereffective|p2b: Archaludon\n|-damage|p2b: Archaludon|6\/100\n|-unboost|p1b: Tauros|def|1\n|-unboost|p1b: Tauros|spd|1\n|-ability|p2b: Archaludon|Stamina|boost\n|-boost|p2b: Archaludon|def|1\n|-damage|p1b: Tauros|10\/100|[from] item: Life Orb\n|move|p1a: Glimmora|Meteor Beam||[still]\n|-prepare|p1a: Glimmora|Meteor Beam\n|-boost|p1a: Glimmora|spa|1\n|-enditem|p1a: Glimmora|Power Herb\n|-anim|p1a: Glimmora|Meteor Beam|p2a: Incineroar\n|-supereffective|p2a: Incineroar\n|-damage|p2a: Incineroar|0 fnt\n|faint|p2a: Incineroar\n|move|p2b: Archaludon|Body Press|p1a: Glimmora\n|-damage|p1a: Glimmora|18\/100\n|-activate|p1a: Glimmora|ability: Toxic Debris\n|-sidestart|p2: SamP_64|move: Toxic Spikes\n|\n|-sideend|p1: p1atypus|move: Tailwind\n|upkeep\n|inactive|SamP_64 has 30 seconds left.\n|\n|t:|1726668442\n|switch|p2a: Basculegion|Basculegion, L50, M, tera:Water|100\/100\n|-status|p2a: Basculegion|psn\n|turn|8\n|inactive|SamP_64 has 30 seconds left.\n|\n|t:|1726668469\n|switch|p1b: Incineroar|Incineroar, L50, F|93\/100\n|-ability|p1b: Incineroar|Intimidate|boost\n|-unboost|p2a: Basculegion|atk|1\n|-unboost|p2b: Archaludon|atk|1\n|move|p1a: Glimmora|Spiky Shield|p1a: Glimmora\n|-singleturn|p1a: Glimmora|move: Protect\n|move|p2a: Basculegion|Aqua Jet|p1a: Glimmora\n|-activate|p1a: Glimmora|move: Protect\n|-damage|p2a: Basculegion|88\/100 psn|[from] Spiky Shield|[of] p1a: Glimmora\n|move|p2b: Archaludon|Body Press|p1b: Incineroar\n|-supereffective|p1b: Incineroar\n|-damage|p1b: Incineroar|0 fnt\n|faint|p1b: Incineroar\n|\n|-damage|p2a: Basculegion|76\/100 psn|[from] psn\n|upkeep\n|j| MikeFlem12326171\n|\n|t:|1726668486\n|switch|p1b: Tauros|Tauros-Paldea-Aqua, L50, M|10\/100\n|-ability|p1b: Tauros|Intimidate|boost\n|-unboost|p2a: Basculegion|atk|1\n|-unboost|p2b: Archaludon|atk|1\n|turn|9\n|inactive|SamP_64 has 30 seconds left.\n|\n|t:|1726668518\n|-terastallize|p1a: Glimmora|Grass\n|move|p2a: Basculegion|Aqua Jet|p1a: Glimmora\n|-resisted|p1a: Glimmora\n|-damage|p1a: Glimmora|6\/100\n|-activate|p1a: Glimmora|ability: Toxic Debris\n|-sidestart|p2: SamP_64|move: Toxic Spikes\n|move|p1b: Tauros|Close Combat|p2b: Archaludon\n|-supereffective|p2b: Archaludon\n|-damage|p2b: Archaludon|0 fnt\n|-unboost|p1b: Tauros|def|1\n|-unboost|p1b: Tauros|spd|1\n|faint|p2b: Archaludon\n|-damage|p1b: Tauros|0 fnt|[from] item: Life Orb\n|faint|p1b: Tauros\n|move|p1a: Glimmora|Sludge Bomb|p2a: Basculegion\n|-damage|p2a: Basculegion|0 fnt\n|faint|p2a: Basculegion\n|\n|win|p1atypus\n|raw|p1atypus's rating: 1702 &rarr; <strong>1722<\/strong><br \/>(+20 for winning)\n|raw|SamP_64's rating: 1697 &rarr; <strong>1677<\/strong><br \/>(-20 for losing)\n|l|\u2606SamP_64\n|player|p2|\n|l| THUNDERSND77\n|l|\u2606p1atypus\n|player|p1|\n|l| MikeFlem12326171\n","uploadtime":1726668696,"views":13,"formatid":"gen9vgc2024regh","rating":1677,"private":0,"password":null}