{"id":"gen9vgc2024regh-2204330200","format":"[Gen 9] VGC 2024 Reg H","players":["BlindMagneton","juacox300"],"log":"|j|\u2606BlindMagneton\n|j|\u2606juacox300\n|t:|1726667870\n|gametype|doubles\n|player|p1|BlindMagneton|wattson|1734\n|player|p2|juacox300|unknown|1686\n|teamsize|p1|6\n|teamsize|p2|6\n|gen|9\n|tier|[Gen 9] VGC 2024 Reg H\n|rated|\n|rule|Species Clause: Limit one of each Pok\u00e9mon\n|rule|Item Clause: Limit 1 of each item\n|clearpoke\n|poke|p1|Mandibuzz, L50, F|\n|poke|p1|Skarmory, L50, M|\n|poke|p1|Kilowattrel, L50, F|\n|poke|p1|Ninetales-Alola, L50, M|\n|poke|p1|Goodra-Hisui, L50, F|\n|poke|p1|Annihilape, L50, M|\n|poke|p2|Ursaluna, L50, F|\n|poke|p2|Murkrow, L50, M|\n|poke|p2|Archaludon, L50, M|\n|poke|p2|Mienshao, L50, F|\n|poke|p2|Indeedee, L50, M|\n|poke|p2|Incineroar, L50, M|\n|teampreview|4\n|j| THUNDERSND77\n|\n|t:|1726667975\n|start\n|switch|p1a: Mandibuzz|Mandibuzz, L50, F|100\/100\n|switch|p1b: Ninetales|Ninetales-Alola, L50, M|100\/100\n|switch|p2a: Archaludon|Archaludon, L50, M, shiny|100\/100\n|switch|p2b: Murkrow|Murkrow, L50, M|100\/100\n|-weather|Snow|[from] ability: Snow Warning|[of] p1b: Ninetales\n|turn|1\n|\n|t:|1726667981\n|-terastallize|p1a: Mandibuzz|Dragon\n|move|p1b: Ninetales|Ice Shard|p1a: Mandibuzz\n|-supereffective|p1a: Mandibuzz\n|-damage|p1a: Mandibuzz|83\/100\n|-ability|p1a: Mandibuzz|Weak Armor|boost\n|-unboost|p1a: Mandibuzz|def|1\n|-boost|p1a: Mandibuzz|spe|2\n|-enditem|p1a: Mandibuzz|Weakness Policy\n|-boost|p1a: Mandibuzz|atk|2|[from] item: Weakness Policy\n|-boost|p1a: Mandibuzz|spa|2|[from] item: Weakness Policy\n|move|p2b: Murkrow|Rain Dance|p2b: Murkrow\n|-weather|RainDance\n|move|p1a: Mandibuzz|Lash Out|p2a: Archaludon\n|-damage|p2a: Archaludon|23\/100\n|-ability|p2a: Archaludon|Stamina|boost\n|-boost|p2a: Archaludon|def|1\n|move|p2a: Archaludon|Flash Cannon|p1b: Ninetales\n|-supereffective|p1b: Ninetales\n|-damage|p1b: Ninetales|0 fnt\n|faint|p1b: Ninetales\n|\n|-weather|RainDance|[upkeep]\n|upkeep\n|\n|t:|1726668026\n|switch|p1b: Kilowattrel|Kilowattrel, L50, F|100\/100\n|turn|2\n|\n|t:|1726668083\n|-terastallize|p2b: Murkrow|Grass\n|move|p2a: Archaludon|Protect|p2a: Archaludon\n|-singleturn|p2a: Archaludon|Protect\n|move|p2b: Murkrow|Haze|p2b: Murkrow\n|-clearallboost\n|move|p1b: Kilowattrel|Thunderbolt|p2b: Murkrow\n|-resisted|p2b: Murkrow\n|-damage|p2b: Murkrow|83\/100\n|-status|p2b: Murkrow|par\n|move|p1a: Mandibuzz|Snarl|p2a: Archaludon|[spread] p2b\n|-activate|p2a: Archaludon|move: Protect\n|-crit|p2b: Murkrow\n|-damage|p2b: Murkrow|72\/100 par\n|-unboost|p2b: Murkrow|spa|1\n|\n|-weather|RainDance|[upkeep]\n|upkeep\n|turn|3\n|\n|t:|1726668119\n|move|p1a: Mandibuzz|Protect|p1a: Mandibuzz\n|-singleturn|p1a: Mandibuzz|Protect\n|move|p2b: Murkrow|Tailwind|p2b: Murkrow\n|-sidestart|p2: juacox300|move: Tailwind\n|move|p2a: Archaludon|Draco Meteor|p1a: Mandibuzz\n|-activate|p1a: Mandibuzz|move: Protect\n|move|p1b: Kilowattrel|Tailwind|p1b: Kilowattrel\n|-sidestart|p1: BlindMagneton|move: Tailwind\n|\n|-weather|RainDance|[upkeep]\n|upkeep\n|turn|4\n|\n|t:|1726668136\n|move|p2a: Archaludon|Protect|p2a: Archaludon\n|-singleturn|p2a: Archaludon|Protect\n|move|p1b: Kilowattrel|Thunderbolt|p2a: Archaludon\n|-activate|p2a: Archaludon|move: Protect\n|move|p1a: Mandibuzz|Lash Out|p2a: Archaludon\n|-activate|p2a: Archaludon|move: Protect\n|move|p2b: Murkrow|Brave Bird|p1a: Mandibuzz\n|-damage|p1a: Mandibuzz|45\/100\n|-ability|p1a: Mandibuzz|Weak Armor|boost\n|-unboost|p1a: Mandibuzz|def|1\n|-boost|p1a: Mandibuzz|spe|2\n|-damage|p2b: Murkrow|58\/100 par|[from] Recoil\n|\n|-weather|RainDance|[upkeep]\n|upkeep\n|turn|5\n|\n|t:|1726668162\n|move|p1a: Mandibuzz|Acrobatics|p2b: Murkrow\n|-supereffective|p2b: Murkrow\n|-damage|p2b: Murkrow|0 fnt\n|faint|p2b: Murkrow\n|move|p1b: Kilowattrel|Thunderbolt|p2a: Archaludon\n|-resisted|p2a: Archaludon\n|-damage|p2a: Archaludon|0 fnt\n|faint|p2a: Archaludon\n|\n|-weather|none\n|upkeep\n|\n|t:|1726668166\n|switch|p2a: Ursaluna|Ursaluna, L50, F|100\/100\n|switch|p2b: Indeedee|Indeedee, L50, M, shiny|100\/100\n|-fieldstart|move: Psychic Terrain|[from] ability: Psychic Surge|[of] p2b: Indeedee\n|turn|6\n|\n|t:|1726668189\n|move|p1a: Mandibuzz|Lash Out|p2b: Indeedee\n|-supereffective|p2b: Indeedee\n|-damage|p2b: Indeedee|0 fnt\n|faint|p2b: Indeedee\n|move|p1b: Kilowattrel|Thunderbolt|p2a: Ursaluna\n|-immune|p2a: Ursaluna\n|move|p2a: Ursaluna|Play Rough|p1a: Mandibuzz\n|-supereffective|p1a: Mandibuzz\n|-damage|p1a: Mandibuzz|0 fnt\n|faint|p1a: Mandibuzz\n|\n|-sideend|p2: juacox300|move: Tailwind\n|-sideend|p1: BlindMagneton|move: Tailwind\n|-status|p2a: Ursaluna|brn|[from] item: Flame Orb\n|upkeep\n|\n|t:|1726668193\n|switch|p1a: Skarmory|Skarmory, L50, M|100\/100\n|turn|7\n|\n|t:|1726668217\n|move|p1b: Kilowattrel|Endeavor|p2a: Ursaluna\n|-damage|p2a: Ursaluna|61\/100 brn\n|move|p1a: Skarmory|Body Press|p2a: Ursaluna\n|-supereffective|p2a: Ursaluna\n|-damage|p2a: Ursaluna|9\/100 brn\n|move|p2a: Ursaluna|Facade|p1b: Kilowattrel\n|-enditem|p1b: Kilowattrel|Focus Sash\n|-damage|p1b: Kilowattrel|1\/100\n|\n|-damage|p2a: Ursaluna|3\/100 brn|[from] brn\n|upkeep\n|turn|8\n|-message|juacox300 forfeited.\n|\n|win|BlindMagneton\n|raw|BlindMagneton's rating: 1734 &rarr; <strong>1751<\/strong><br \/>(+17 for winning)\n|raw|juacox300's rating: 1686 &rarr; <strong>1669<\/strong><br \/>(-17 for losing)\n|l|\u2606juacox300\n|player|p2|\n|l| THUNDERSND77\n|l|\u2606BlindMagneton\n|player|p1|\n","uploadtime":1726668226,"views":24,"formatid":"gen9vgc2024regh","rating":1669,"private":0,"password":null}