{"id":"gen9vgc2024regh-2204644306","format":"[Gen 9] VGC 2024 Reg H","players":["Carajo666","helio list"],"log":"|j|\u2606Carajo666\n|j|\u2606helio list\n|t:|1726695902\n|gametype|doubles\n|player|p1|Carajo666|1|1672\n|player|p2|helio list|pokemonbreederf|1815\n|teamsize|p1|6\n|teamsize|p2|6\n|gen|9\n|tier|[Gen 9] VGC 2024 Reg H\n|rated|\n|rule|Species Clause: Limit one of each Pok\u00e9mon\n|rule|Item Clause: Limit 1 of each item\n|clearpoke\n|poke|p1|Tyranitar, L50, M|\n|poke|p1|Sinistcha, L50|\n|poke|p1|Lycanroc, L50, F|\n|poke|p1|Volcarona, L50, F|\n|poke|p1|Gastrodon, L50, M|\n|poke|p1|Braviary, L50, M|\n|poke|p2|Dondozo, L50, F|\n|poke|p2|Maushold-Four, L50|\n|poke|p2|Glimmora, L50, M|\n|poke|p2|Talonflame, L50, F|\n|poke|p2|Gholdengo, L50|\n|poke|p2|Tatsugiri-Stretchy, L50, M|\n|teampreview|4\n|inactive|Battle timer is ON: inactive players will automatically lose when time's up. (requested by helio list)\n|inactive|Carajo666 has 60 seconds left.\n|inactive|Carajo666 has 30 seconds left.\n|j| Roaring Amoonguss\n|inactive|Carajo666 has 20 seconds left.\n|inactive|Carajo666 has 15 seconds left.\n|inactive|Carajo666 has 10 seconds left.\n|inactive|Carajo666 has 5 seconds left.\n|\n|t:|1726695992\n|start\n|switch|p1a: Tyranitar|Tyranitar, L50, M, shiny|100\/100\n|switch|p1b: Lycanroc|Lycanroc, L50, F|100\/100\n|switch|p2a: Gholdengo|Gholdengo, L50|100\/100\n|switch|p2b: Dondozo|Dondozo, L50, F|100\/100\n|-weather|Sandstorm|[from] ability: Sand Stream|[of] p1a: Tyranitar\n|turn|1\n|\n|t:|1726696009\n|-terastallize|p2a: Gholdengo|Steel\n|move|p2b: Dondozo|Protect|p2b: Dondozo\n|-singleturn|p2b: Dondozo|Protect\n|move|p1b: Lycanroc|Rock Slide|p2b: Dondozo|[spread] p2a\n|-activate|p2b: Dondozo|move: Protect\n|-resisted|p2a: Gholdengo\n|-damage|p2a: Gholdengo|84\/100\n|move|p2a: Gholdengo|Make It Rain|p1b: Lycanroc|[spread] p1a,p1b\n|-supereffective|p1a: Tyranitar\n|-supereffective|p1b: Lycanroc\n|-damage|p1a: Tyranitar|35\/100\n|-enditem|p1b: Lycanroc|Focus Sash\n|-damage|p1b: Lycanroc|1\/100\n|-unboost|p2a: Gholdengo|spa|1\n|-damage|p2a: Gholdengo|74\/100|[from] item: Life Orb\n|move|p1a: Tyranitar|Knock Off|p2a: Gholdengo\n|-damage|p2a: Gholdengo|8\/100\n|-enditem|p2a: Gholdengo|Life Orb|[from] move: Knock Off|[of] p1a: Tyranitar\n|\n|-weather|Sandstorm|[upkeep]\n|-damage|p2b: Dondozo|94\/100|[from] Sandstorm\n|-heal|p2b: Dondozo|100\/100|[from] item: Leftovers\n|upkeep\n|turn|2\n|\n|t:|1726696024\n|switch|p2a: Tatsugiri|Tatsugiri-Stretchy, L50, M, shiny|100\/100\n|-activate|p2a: Tatsugiri|ability: Commander|[of] p2b: Dondozo\n|-boost|p2b: Dondozo|atk|2\n|-boost|p2b: Dondozo|spa|2\n|-boost|p2b: Dondozo|spe|2\n|-boost|p2b: Dondozo|def|2\n|-boost|p2b: Dondozo|spd|2\n|switch|p1a: Gastrodon|Gastrodon, L50, M|100\/100\n|move|p1b: Lycanroc|Rock Slide|p2a: Tatsugiri|[spread] p2b\n|-miss|p1b: Lycanroc|p2a: Tatsugiri\n|-damage|p2b: Dondozo|91\/100\n|move|p2b: Dondozo|Earthquake|p1a: Gastrodon|[spread] p1a,p1b\n|-miss|p2b: Dondozo|p2a: Tatsugiri\n|-supereffective|p1b: Lycanroc\n|-damage|p1a: Gastrodon|52\/100\n|-damage|p1b: Lycanroc|0 fnt\n|faint|p1b: Lycanroc\n|\n|-weather|Sandstorm|[upkeep]\n|-damage|p2a: Tatsugiri|95\/100|[from] Sandstorm\n|-damage|p2b: Dondozo|84\/100|[from] Sandstorm\n|-heal|p2b: Dondozo|91\/100|[from] item: Leftovers\n|upkeep\n|j| Peroquecuones\n|\n|t:|1726696028\n|switch|p1b: Sinistcha|Sinistcha, L50|100\/100\n|-heal|p1a: Gastrodon|77\/100|[from] ability: Hospitality|[of] p1b: Sinistcha\n|turn|3\n|j| Claarity\n|\n|t:|1726696039\n|move|p2b: Dondozo|Order Up|p1b: Sinistcha\n|-damage|p1b: Sinistcha|63\/100\n|-boost|p2b: Dondozo|spe|1\n|move|p1b: Sinistcha|Life Dew|p1b: Sinistcha|[spread] p1b\n|-ability|p1a: Gastrodon|Storm Drain|boost\n|-boost|p1a: Gastrodon|spa|1\n|-heal|p1b: Sinistcha|88\/100\n|move|p1a: Gastrodon|Yawn|p2b: Dondozo\n|-start|p2b: Dondozo|move: Yawn|[of] p1a: Gastrodon\n|\n|-weather|Sandstorm|[upkeep]\n|-damage|p2a: Tatsugiri|89\/100|[from] Sandstorm\n|-damage|p2b: Dondozo|84\/100|[from] Sandstorm\n|-damage|p1b: Sinistcha|82\/100|[from] Sandstorm\n|-heal|p2b: Dondozo|91\/100|[from] item: Leftovers\n|upkeep\n|turn|4\n|\n|t:|1726696050\n|move|p1b: Sinistcha|Protect|p1b: Sinistcha\n|-singleturn|p1b: Sinistcha|Protect\n|move|p1a: Gastrodon|Protect|p1a: Gastrodon\n|-singleturn|p1a: Gastrodon|Protect\n|move|p2b: Dondozo|Order Up|p1a: Gastrodon\n|-activate|p1a: Gastrodon|move: Protect\n|\n|-weather|Sandstorm|[upkeep]\n|-damage|p2a: Tatsugiri|84\/100|[from] Sandstorm\n|-damage|p2b: Dondozo|84\/100|[from] Sandstorm\n|-damage|p1b: Sinistcha|76\/100|[from] Sandstorm\n|-heal|p2b: Dondozo|91\/100|[from] item: Leftovers\n|-end|p2b: Dondozo|move: Yawn|[silent]\n|-status|p2b: Dondozo|slp\n|upkeep\n|turn|5\n|inactive|Carajo666 has 30 seconds left.\n|\n|t:|1726696082\n|cant|p2b: Dondozo|slp\n|move|p1b: Sinistcha|Life Dew|p1b: Sinistcha|[spread] p1b\n|-ability|p1a: Gastrodon|Storm Drain|boost\n|-boost|p1a: Gastrodon|spa|1\n|-heal|p1b: Sinistcha|100\/100\n|move|p1a: Gastrodon|Earth Power|p2b: Dondozo\n|-damage|p2b: Dondozo|72\/100 slp\n|\n|-weather|none\n|-heal|p2b: Dondozo|78\/100 slp|[from] item: Leftovers\n|upkeep\n|turn|6\n|\n|t:|1726696096\n|cant|p2b: Dondozo|slp\n|move|p1b: Sinistcha|Matcha Gotcha|p2b: Dondozo|[spread] p2b\n|-miss|p1b: Sinistcha|p2a: Tatsugiri\n|-supereffective|p2b: Dondozo\n|-damage|p2b: Dondozo|58\/100 slp\n|move|p1a: Gastrodon|Earth Power|p2b: Dondozo\n|-damage|p2b: Dondozo|39\/100 slp\n|\n|-heal|p2b: Dondozo|45\/100 slp|[from] item: Leftovers\n|upkeep\n|turn|7\n|l| Peroquecuones\n|\n|t:|1726696113\n|move|p1a: Gastrodon|Protect|p1a: Gastrodon\n|-singleturn|p1a: Gastrodon|Protect\n|-curestatus|p2b: Dondozo|slp|[msg]\n|move|p2b: Dondozo|Order Up|p1a: Gastrodon\n|-activate|p1a: Gastrodon|move: Protect\n|move|p1b: Sinistcha|Matcha Gotcha|p2b: Dondozo|[spread] p2b\n|-miss|p1b: Sinistcha|p2a: Tatsugiri\n|-supereffective|p2b: Dondozo\n|-damage|p2b: Dondozo|22\/100\n|-status|p2b: Dondozo|brn\n|\n|-heal|p2b: Dondozo|28\/100 brn|[from] item: Leftovers\n|-damage|p2b: Dondozo|22\/100 brn|[from] brn\n|upkeep\n|turn|8\n|j| lil_smol_froggy\n|\n|t:|1726696130\n|move|p1b: Sinistcha|Rage Powder|p1b: Sinistcha\n|-singleturn|p1b: Sinistcha|move: Rage Powder\n|move|p2b: Dondozo|Order Up|p1b: Sinistcha\n|-damage|p1b: Sinistcha|83\/100\n|-boost|p2b: Dondozo|spe|1\n|move|p1a: Gastrodon|Earth Power|p2b: Dondozo\n|-damage|p2b: Dondozo|3\/100 brn\n|\n|-heal|p2b: Dondozo|9\/100 brn|[from] item: Leftovers\n|-damage|p2b: Dondozo|3\/100 brn|[from] brn\n|upkeep\n|turn|9\n|\n|t:|1726696138\n|move|p1a: Gastrodon|Protect|p1a: Gastrodon\n|-singleturn|p1a: Gastrodon|Protect\n|move|p2b: Dondozo|Order Up|p1b: Sinistcha\n|-damage|p1b: Sinistcha|66\/100\n|-boost|p2b: Dondozo|spe|1\n|move|p1b: Sinistcha|Life Dew|p1b: Sinistcha|[spread] p1b\n|-ability|p1a: Gastrodon|Storm Drain|boost\n|-boost|p1a: Gastrodon|spa|1\n|-heal|p1b: Sinistcha|92\/100\n|\n|-heal|p2b: Dondozo|9\/100 brn|[from] item: Leftovers\n|-damage|p2b: Dondozo|3\/100 brn|[from] brn\n|upkeep\n|turn|10\n|\n|t:|1726696155\n|move|p2b: Dondozo|Order Up|p1a: Gastrodon\n|-damage|p1a: Gastrodon|51\/100\n|-boost|p2b: Dondozo|spe|1\n|move|p1b: Sinistcha|Matcha Gotcha|p2a: Tatsugiri|[spread] p2b\n|-miss|p1b: Sinistcha|p2a: Tatsugiri\n|-supereffective|p2b: Dondozo\n|-damage|p2b: Dondozo|0 fnt\n|-heal|p1b: Sinistcha|93\/100|[from] drain|[of] p2b: Dondozo\n|faint|p2b: Dondozo\n|move|p1a: Gastrodon|Ice Beam|p2a: Tatsugiri\n|-crit|p2a: Tatsugiri\n|-damage|p2a: Tatsugiri|0 fnt\n|faint|p2a: Tatsugiri\n|\n|upkeep\n|\n|t:|1726696161\n|switch|p2a: Glimmora|Glimmora, L50, M|100\/100\n|switch|p2b: Gholdengo|Gholdengo, L50, tera:Steel|8\/100\n|turn|11\n|inactive|Carajo666 has 30 seconds left.\n|inactive|Carajo666 has 20 seconds left.\n|\n|t:|1726696197\n|-terastallize|p1b: Sinistcha|Water\n|move|p1a: Gastrodon|Protect|p1a: Gastrodon\n|-singleturn|p1a: Gastrodon|Protect\n|move|p2a: Glimmora|Energy Ball|p1a: Gastrodon\n|-activate|p1a: Gastrodon|move: Protect\n|move|p2b: Gholdengo|Shadow Ball|p1b: Sinistcha\n|-crit|p1b: Sinistcha\n|-damage|p1b: Sinistcha|21\/100\n|-unboost|p1b: Sinistcha|spd|1\n|move|p1b: Sinistcha|Matcha Gotcha|p2a: Glimmora|[spread] p2a,p2b\n|-resisted|p2b: Gholdengo\n|-damage|p2a: Glimmora|71\/100\n|-heal|p1b: Sinistcha|34\/100|[from] drain|[of] p2a: Glimmora\n|-damage|p2b: Gholdengo|0 fnt\n|-heal|p1b: Sinistcha|38\/100|[from] drain|[of] p2b: Gholdengo\n|faint|p2b: Gholdengo\n|\n|upkeep\n|turn|12\n|\n|t:|1726696216\n|switch|p1b: Tyranitar|Tyranitar, L50, M, shiny|35\/100\n|-weather|Sandstorm|[from] ability: Sand Stream|[of] p1b: Tyranitar\n|move|p2a: Glimmora|Energy Ball|p1a: Gastrodon\n|-supereffective|p1a: Gastrodon\n|-damage|p1a: Gastrodon|0 fnt\n|faint|p1a: Gastrodon\n|\n|-weather|Sandstorm|[upkeep]\n|upkeep\n|\n|t:|1726696219\n|switch|p1a: Sinistcha|Sinistcha, L50, tera:Water|38\/100\n|-heal|p1b: Tyranitar|59\/100|[from] ability: Hospitality|[of] p1a: Sinistcha\n|turn|13\n|\n|t:|1726696233\n|move|p2a: Glimmora|Energy Ball|p1b: Tyranitar\n|-supereffective|p1b: Tyranitar\n|-damage|p1b: Tyranitar|21\/100\n|move|p1a: Sinistcha|Matcha Gotcha|p2a: Glimmora\n|-damage|p2a: Glimmora|41\/100\n|-heal|p1a: Sinistcha|52\/100|[from] drain|[of] p2a: Glimmora\n|move|p1b: Tyranitar|Knock Off|p2a: Glimmora\n|-damage|p2a: Glimmora|0 fnt\n|-activate|p2a: Glimmora|ability: Toxic Debris\n|-sidestart|p1: Carajo666|move: Toxic Spikes\n|-enditem|p2a: Glimmora|Choice Specs|[from] move: Knock Off|[of] p1b: Tyranitar\n|faint|p2a: Glimmora\n|\n|win|Carajo666\n|raw|Carajo666's rating: 1672 &rarr; <strong>1700<\/strong><br \/>(+28 for winning)\n|raw|helio list's rating: 1815 &rarr; <strong>1787<\/strong><br \/>(-28 for losing)\n|c|\u2606Carajo666|gg\n|c|\u2606helio list|gg\n|l| lil_smol_froggy\n|l| Roaring Amoonguss\n|l|\u2606Carajo666\n|player|p1|\n|l|\u2606helio list\n|player|p2|\n","uploadtime":1726696389,"views":20,"formatid":"gen9vgc2024regh","rating":1700,"private":0,"password":null}