{"id":"gen9vgc2024regh-2204627421","format":"[Gen 9] VGC 2024 Reg H","players":["odin25dlg","Erupt Isle dis f(x"],"log":"|j|\u2606odin25dlg\n|j|\u2606Erupt Isle dis f(x\n|t:|1726694162\n|gametype|doubles\n|player|p1|odin25dlg|169|1718\n|player|p2|Erupt Isle dis f(x|101|1704\n|teamsize|p1|6\n|teamsize|p2|6\n|gen|9\n|tier|[Gen 9] VGC 2024 Reg H\n|rated|\n|rule|Species Clause: Limit one of each Pok\u00e9mon\n|rule|Item Clause: Limit 1 of each item\n|clearpoke\n|poke|p1|Hydreigon, L50, M|\n|poke|p1|Whimsicott, L50, F|\n|poke|p1|Gholdengo, L50|\n|poke|p1|Primarina, L50, M|\n|poke|p1|Rillaboom, L50, M|\n|poke|p1|Sneasler, L50, F|\n|poke|p2|Dragonite, L50, M|\n|poke|p2|Archaludon, L50, M|\n|poke|p2|Kingambit, L50, F|\n|poke|p2|Primarina, L50, M|\n|poke|p2|Glimmora, L50, F|\n|poke|p2|Annihilape, L50, F|\n|teampreview|4\n|\n|t:|1726694187\n|start\n|switch|p1a: Whimsicott|Whimsicott, L50, F|100\/100\n|switch|p1b: Hydreigon|Hydreigon, L50, M|100\/100\n|switch|p2a: Glimmora|Glimmora, L50, F|100\/100\n|switch|p2b: Archaludon|Archaludon, L50, M|100\/100\n|turn|1\n|inactive|Battle timer is ON: inactive players will automatically lose when time's up. (requested by Erupt Isle dis f(x)\n|\n|t:|1726694207\n|move|p1a: Whimsicott|Tailwind|p1a: Whimsicott\n|-sidestart|p1: odin25dlg|move: Tailwind\n|move|p1b: Hydreigon|Earth Power|p2b: Archaludon\n|-supereffective|p2b: Archaludon\n|-ability|p2b: Archaludon|Sturdy\n|-damage|p2b: Archaludon|1\/100\n|move|p2a: Glimmora|Sludge Wave|p1a: Whimsicott|[spread] p1a,p1b\n|-immune|p2b: Archaludon\n|-supereffective|p1a: Whimsicott\n|-crit|p1a: Whimsicott\n|-enditem|p1a: Whimsicott|Focus Sash\n|-damage|p1a: Whimsicott|1\/100\n|-damage|p1b: Hydreigon|56\/100\n|move|p2b: Archaludon|Draco Meteor|p1b: Hydreigon\n|-supereffective|p1b: Hydreigon\n|-damage|p1b: Hydreigon|0 fnt\n|-unboost|p2b: Archaludon|spa|2\n|faint|p1b: Hydreigon\n|\n|upkeep\n|\n|t:|1726694226\n|switch|p1b: Gholdengo|Gholdengo, L50|100\/100\n|turn|2\n|j| futonkagebunshin\n|inactive|Erupt Isle dis f(x has 30 seconds left.\n|\n|t:|1726694252\n|-terastallize|p1b: Gholdengo|Steel\n|move|p2a: Glimmora|Spiky Shield|p2a: Glimmora\n|-singleturn|p2a: Glimmora|move: Protect\n|move|p1b: Gholdengo|Make It Rain|p2b: Archaludon|[spread] p2b\n|-activate|p2a: Glimmora|move: Protect\n|-resisted|p2b: Archaludon\n|-damage|p2b: Archaludon|0 fnt\n|-unboost|p1b: Gholdengo|spa|1\n|faint|p2b: Archaludon\n|-damage|p1b: Gholdengo|91\/100|[from] item: Life Orb\n|move|p1a: Whimsicott|Moonblast|p2a: Glimmora\n|-activate|p2a: Glimmora|move: Protect\n|\n|upkeep\n|\n|t:|1726694254\n|switch|p2b: Dragonite|Dragonite, L50, M|100\/100\n|turn|3\n|j| lil_smol_froggy\n|inactive|odin25dlg has 30 seconds left.\n|\n|t:|1726694280\n|move|p2b: Dragonite|Extreme Speed|p1a: Whimsicott\n|-damage|p1a: Whimsicott|0 fnt\n|faint|p1a: Whimsicott\n|move|p1b: Gholdengo|Make It Rain|p2b: Dragonite|[spread] p2a,p2b\n|-supereffective|p2a: Glimmora\n|-enditem|p2a: Glimmora|Focus Sash\n|-damage|p2a: Glimmora|1\/100\n|-damage|p2b: Dragonite|82\/100\n|-unboost|p1b: Gholdengo|spa|1\n|-damage|p1b: Gholdengo|81\/100|[from] item: Life Orb\n|move|p2a: Glimmora|Earth Power|p1b: Gholdengo\n|-supereffective|p1b: Gholdengo\n|-damage|p1b: Gholdengo|0 fnt\n|faint|p1b: Gholdengo\n|\n|upkeep\n|\n|t:|1726694298\n|switch|p1b: Sneasler|Sneasler, L50, F|100\/100\n|turn|4\n|\n|t:|1726694308\n|move|p1b: Sneasler|Dire Claw|p2b: Dragonite\n|-damage|p2b: Dragonite|35\/100\n|-status|p2b: Dragonite|slp\n|move|p2a: Glimmora|Earth Power|p1b: Sneasler\n|-supereffective|p1b: Sneasler\n|-damage|p1b: Sneasler|20\/100\n|cant|p2b: Dragonite|slp\n|\n|-sideend|p1: odin25dlg|move: Tailwind\n|upkeep\n|turn|5\n|\n|t:|1726694321\n|-curestatus|p2b: Dragonite|slp|[msg]\n|move|p2b: Dragonite|Extreme Speed|p1b: Sneasler\n|-damage|p1b: Sneasler|0 fnt\n|faint|p1b: Sneasler\n|\n|win|Erupt Isle dis f(x\n|raw|odin25dlg's rating: 1718 &rarr; <strong>1697<\/strong><br \/>(-21 for losing)\n|raw|Erupt Isle dis f(x's rating: 1704 &rarr; <strong>1725<\/strong><br \/>(+21 for winning)\n|l|\u2606odin25dlg\n|player|p1|\n|l| lil_smol_froggy\n|l|\u2606Erupt Isle dis f(x\n|player|p2|\n","uploadtime":1726694590,"views":10,"formatid":"gen9vgc2024regh","rating":1697,"private":0,"password":null}