{"id":"gen9vgc2024regh-2204524262","format":"[Gen 9] VGC 2024 Reg H","players":["Pokemonst3r","TwitterJasePokemon"],"log":"|j|\u2606Pokemonst3r\n|j|\u2606TwitterJasePokemon\n|t:|1726684611\n|gametype|doubles\n|player|p1|Pokemonst3r|101|1691\n|player|p2|TwitterJasePokemon|lucas|1762\n|teamsize|p1|6\n|teamsize|p2|6\n|gen|9\n|tier|[Gen 9] VGC 2024 Reg H\n|rated|\n|rule|Species Clause: Limit one of each Pok\u00e9mon\n|rule|Item Clause: Limit 1 of each item\n|clearpoke\n|poke|p1|Archaludon, L50, M|\n|poke|p1|Pelipper, L50, F|\n|poke|p1|Gholdengo, L50|\n|poke|p1|Hydreigon, L50, M|\n|poke|p1|Basculegion, L50, M|\n|poke|p1|Amoonguss, L50, M|\n|poke|p2|Maushold, L50|\n|poke|p2|Murkrow, L50, F|\n|poke|p2|Basculegion, L50, M|\n|poke|p2|Dragonite, L50, M|\n|poke|p2|Archaludon, L50, F|\n|poke|p2|Gholdengo, L50|\n|teampreview|4\n|inactive|Battle timer is ON: inactive players will automatically lose when time's up. (requested by Pokemonst3r)\n|inactive|TwitterJasePokemon also wants the timer to be on.\n|\n|t:|1726684637\n|start\n|switch|p1a: Gholdengo|Gholdengo, L50|100\/100\n|switch|p1b: Hydreigon|Hydreigon, L50, M|100\/100\n|switch|p2a: Maushold|Maushold, L50|100\/100\n|switch|p2b: Gholdengo|Gholdengo, L50|100\/100\n|turn|1\n|\n|t:|1726684651\n|switch|p1b: Amoonguss|Amoonguss, L50, M|100\/100\n|-terastallize|p2b: Gholdengo|Steel\n|move|p2a: Maushold|Fake Tears|p1b: Amoonguss\n|-unboost|p1b: Amoonguss|spd|2\n|move|p2b: Gholdengo|Make It Rain|p1a: Gholdengo|[spread] p1a,p1b\n|-resisted|p1a: Gholdengo\n|-damage|p1a: Gholdengo|50\/100\n|-damage|p1b: Amoonguss|0 fnt\n|-unboost|p2b: Gholdengo|spa|1\n|faint|p1b: Amoonguss\n|move|p1a: Gholdengo|Shadow Ball|p2b: Gholdengo\n|-damage|p2b: Gholdengo|45\/100\n|\n|upkeep\n|j| BonoboF\n|j| Pichumeister99\n|\n|t:|1726684666\n|switch|p1b: Archaludon|Archaludon, L50, M|100\/100\n|turn|2\n|\n|t:|1726684677\n|move|p2a: Maushold|Follow Me|p2a: Maushold\n|-singleturn|p2a: Maushold|move: Follow Me\n|move|p2b: Gholdengo|Make It Rain|p1b: Archaludon|[spread] p1a,p1b\n|-resisted|p1a: Gholdengo\n|-resisted|p1b: Archaludon\n|-damage|p1a: Gholdengo|15\/100\n|-damage|p1b: Archaludon|74\/100\n|-unboost|p2b: Gholdengo|spa|1\n|-ability|p1b: Archaludon|Stamina|boost\n|-boost|p1b: Archaludon|def|1\n|move|p1a: Gholdengo|Shadow Ball|p2a: Maushold\n|-immune|p2a: Maushold\n|move|p1b: Archaludon|Body Press|p2a: Maushold\n|-supereffective|p2a: Maushold\n|-damage|p2a: Maushold|4\/100\n|-damage|p1b: Archaludon|57\/100|[from] item: Rocky Helmet|[of] p2a: Maushold\n|\n|upkeep\n|turn|3\n|\n|t:|1726684697\n|switch|p1a: Hydreigon|Hydreigon, L50, M|100\/100\n|move|p2a: Maushold|Fake Tears|p1b: Archaludon\n|-unboost|p1b: Archaludon|spd|2\n|move|p2b: Gholdengo|Make It Rain|p1a: Hydreigon|[spread] p1a,p1b\n|-resisted|p1b: Archaludon\n|-damage|p1a: Hydreigon|52\/100\n|-damage|p1b: Archaludon|13\/100\n|-unboost|p2b: Gholdengo|spa|1\n|-ability|p1b: Archaludon|Stamina|boost\n|-boost|p1b: Archaludon|def|1\n|move|p1b: Archaludon|Body Press|p2b: Gholdengo\n|-supereffective|p2b: Gholdengo\n|-damage|p2b: Gholdengo|0 fnt\n|faint|p2b: Gholdengo\n|\n|upkeep\n|\n|t:|1726684704\n|switch|p2b: Dragonite|Dragonite, L50, M|100\/100\n|turn|4\n|l| Pichumeister99\n|\n|t:|1726684728\n|move|p2a: Maushold|Follow Me|p2a: Maushold\n|-singleturn|p2a: Maushold|move: Follow Me\n|move|p1a: Hydreigon|Tailwind|p1a: Hydreigon\n|-sidestart|p1: Pokemonst3r|move: Tailwind\n|move|p1b: Archaludon|Body Press|p2a: Maushold\n|-supereffective|p2a: Maushold\n|-damage|p2a: Maushold|0 fnt\n|-damage|p1b: Archaludon|0 fnt|[from] item: Rocky Helmet|[of] p2a: Maushold\n|faint|p2a: Maushold\n|faint|p1b: Archaludon\n|move|p2b: Dragonite|Low Kick|p1a: Hydreigon\n|-supereffective|p1a: Hydreigon\n|-damage|p1a: Hydreigon|0 fnt\n|faint|p1a: Hydreigon\n|\n|upkeep\n|\n|t:|1726684741\n|switch|p2a: Archaludon|Archaludon, L50, F|100\/100\n|switch|p1b: Gholdengo|Gholdengo, L50|15\/100\n|turn|5\n|-message|Pokemonst3r forfeited.\n|\n|win|TwitterJasePokemon\n|raw|Pokemonst3r's rating: 1691 &rarr; <strong>1675<\/strong><br \/>(-16 for losing)\n|raw|TwitterJasePokemon's rating: 1762 &rarr; <strong>1778<\/strong><br \/>(+16 for winning)\n|l|\u2606Pokemonst3r\n|player|p1|\n|l|\u2606TwitterJasePokemon\n|player|p2|\n|j| Pichumeister99\n|l| Pichumeister99\n|l| BonoboF\n","uploadtime":1726684931,"views":16,"formatid":"gen9vgc2024regh","rating":1675,"private":0,"password":null}