{"id":"gen9vgc2024regh-2204618060","format":"[Gen 9] VGC 2024 Reg H","players":["Erupt Isle dis f(x","odin25dlg"],"log":"|j|\u2606Erupt Isle dis f(x\n|j|\u2606odin25dlg\n|t:|1726693225\n|gametype|doubles\n|player|p1|Erupt Isle dis f(x|101|1696\n|player|p2|odin25dlg|169|1726\n|teamsize|p1|6\n|teamsize|p2|6\n|gen|9\n|tier|[Gen 9] VGC 2024 Reg H\n|rated|\n|rule|Species Clause: Limit one of each Pok\u00e9mon\n|rule|Item Clause: Limit 1 of each item\n|clearpoke\n|poke|p1|Dragonite, L50, M|\n|poke|p1|Archaludon, L50, M|\n|poke|p1|Kingambit, L50, F|\n|poke|p1|Primarina, L50, F|\n|poke|p1|Glimmora, L50, M|\n|poke|p1|Annihilape, L50, M|\n|poke|p2|Hydreigon, L50, F|\n|poke|p2|Whimsicott, L50, M|\n|poke|p2|Gholdengo, L50|\n|poke|p2|Primarina, L50, F|\n|poke|p2|Rillaboom, L50, M|\n|poke|p2|Sneasler, L50, M|\n|teampreview|4\n|inactive|Battle timer is ON: inactive players will automatically lose when time's up. (requested by Erupt Isle dis f(x)\n|\n|t:|1726693257\n|start\n|switch|p1a: Glimmora|Glimmora, L50, M|100\/100\n|switch|p1b: Archaludon|Archaludon, L50, M|100\/100\n|switch|p2a: Whimsicott|Whimsicott, L50, M|100\/100\n|switch|p2b: Hydreigon|Hydreigon, L50, F|100\/100\n|turn|1\n|\n|t:|1726693277\n|move|p2a: Whimsicott|Tailwind|p2a: Whimsicott\n|-sidestart|p2: odin25dlg|move: Tailwind\n|move|p2b: Hydreigon|Earth Power|p1a: Glimmora\n|-supereffective|p1a: Glimmora\n|-enditem|p1a: Glimmora|Focus Sash\n|-damage|p1a: Glimmora|1\/100\n|move|p1a: Glimmora|Sludge Wave|p2a: Whimsicott|[spread] p2a,p2b\n|-immune|p1b: Archaludon\n|-supereffective|p2a: Whimsicott\n|-enditem|p2a: Whimsicott|Focus Sash\n|-damage|p2a: Whimsicott|1\/100\n|-damage|p2b: Hydreigon|57\/100\n|move|p1b: Archaludon|Electro Shot||[still]\n|-prepare|p1b: Archaludon|Electro Shot\n|-boost|p1b: Archaludon|spa|1\n|-enditem|p1b: Archaludon|Power Herb\n|-anim|p1b: Archaludon|Electro Shot|p2a: Whimsicott\n|-resisted|p2a: Whimsicott\n|-damage|p2a: Whimsicott|0 fnt\n|faint|p2a: Whimsicott\n|\n|upkeep\n|j| futonkagebunshin\n|\n|t:|1726693301\n|switch|p2a: Primarina|Primarina, L50, F|100\/100\n|turn|2\n|\n|t:|1726693321\n|move|p1b: Archaludon|Protect|p1b: Archaludon\n|-singleturn|p1b: Archaludon|Protect\n|move|p2b: Hydreigon|Earth Power|p1a: Glimmora\n|-supereffective|p1a: Glimmora\n|-damage|p1a: Glimmora|0 fnt\n|faint|p1a: Glimmora\n|move|p2a: Primarina|Hyper Voice|p1b: Archaludon\n|-activate|p1b: Archaludon|move: Protect\n|\n|upkeep\n|\n|t:|1726693327\n|switch|p1a: Dragonite|Dragonite, L50, M|100\/100\n|turn|3\n|\n|t:|1726693339\n|-terastallize|p1a: Dragonite|Flying\n|move|p2b: Hydreigon|Earth Power|p1b: Archaludon\n|-supereffective|p1b: Archaludon\n|-ability|p1b: Archaludon|Sturdy\n|-damage|p1b: Archaludon|1\/100\n|move|p2a: Primarina|Dazzling Gleam|p1a: Dragonite|[spread] p1a,p1b\n|-damage|p1a: Dragonite|90\/100\n|-damage|p1b: Archaludon|0 fnt\n|faint|p1b: Archaludon\n|move|p1a: Dragonite|Tera Blast|p2a: Primarina|[anim] Tera Blast Flying\n|-damage|p2a: Primarina|17\/100\n|\n|upkeep\n|\n|t:|1726693348\n|switch|p1b: Kingambit|Kingambit, L50, F|100\/100\n|turn|4\n|\n|t:|1726693373\n|move|p1b: Kingambit|Protect|p1b: Kingambit\n|-singleturn|p1b: Kingambit|Protect\n|move|p2b: Hydreigon|Earth Power|p1b: Kingambit\n|-activate|p1b: Kingambit|move: Protect\n|move|p2a: Primarina|Dazzling Gleam|p1a: Dragonite|[spread] p1a\n|-activate|p1b: Kingambit|move: Protect\n|-damage|p1a: Dragonite|67\/100\n|move|p1a: Dragonite|Tera Blast|p2b: Hydreigon|[anim] Tera Blast Flying\n|-damage|p2b: Hydreigon|0 fnt\n|faint|p2b: Hydreigon\n|\n|-sideend|p2: odin25dlg|move: Tailwind\n|upkeep\n|\n|t:|1726693388\n|switch|p2b: Sneasler|Sneasler, L50, M|100\/100\n|turn|5\n|\n|t:|1726693406\n|move|p2a: Primarina|Protect|p2a: Primarina\n|-singleturn|p2a: Primarina|Protect\n|move|p1b: Kingambit|Sucker Punch|p2b: Sneasler\n|-resisted|p2b: Sneasler\n|-damage|p2b: Sneasler|55\/100\n|move|p2b: Sneasler|Dire Claw|p1a: Dragonite\n|-damage|p1a: Dragonite|22\/100\n|move|p1a: Dragonite|Tera Blast|p2b: Sneasler|[anim] Tera Blast Flying\n|-supereffective|p2b: Sneasler\n|-damage|p2b: Sneasler|0 fnt\n|faint|p2b: Sneasler\n|\n|upkeep\n|turn|6\n|-message|odin25dlg forfeited.\n|\n|win|Erupt Isle dis f(x\n|raw|Erupt Isle dis f(x's rating: 1696 &rarr; <strong>1718<\/strong><br \/>(+22 for winning)\n|raw|odin25dlg's rating: 1726 &rarr; <strong>1704<\/strong><br \/>(-22 for losing)\n|l|\u2606odin25dlg\n|player|p2|\n|l|\u2606Erupt Isle dis f(x\n|player|p1|\n","uploadtime":1726693622,"views":22,"formatid":"gen9vgc2024regh","rating":1704,"private":0,"password":null}