{"id":"gen9vgc2024regh-2204491246","format":"[Gen 9] VGC 2024 Reg H","players":["ffuohg","Arkalid"],"log":"|j|\u2606ffuohg\n|j|\u2606Arkalid\n|t:|1726681764\n|gametype|doubles\n|player|p1|ffuohg|2|1707\n|player|p2|Arkalid|102|1799\n|teamsize|p1|6\n|teamsize|p2|6\n|gen|9\n|tier|[Gen 9] VGC 2024 Reg H\n|rated|\n|rule|Species Clause: Limit one of each Pok\u00e9mon\n|rule|Item Clause: Limit 1 of each item\n|clearpoke\n|poke|p1|Sylveon, L50, M|\n|poke|p1|Farigiraf, L50, F|\n|poke|p1|Smeargle, L50, F|\n|poke|p1|Ursaluna-Bloodmoon, L50, M|\n|poke|p1|Pelipper, L50, F|\n|poke|p1|Basculegion, L50, M|\n|poke|p2|Hydreigon, L50, F|\n|poke|p2|Clefable, L50, F|\n|poke|p2|Gholdengo, L50|\n|poke|p2|Rillaboom, L50, M|\n|poke|p2|Talonflame, L50, M|\n|poke|p2|Tauros-Paldea-Aqua, L50, M|\n|teampreview|4\n|inactive|Battle timer is ON: inactive players will automatically lose when time's up. (requested by ffuohg)\nArkalid has agreed to open team sheets.\n|inactive|Arkalid has 60 seconds left.\n|\n|t:|1726681798\n|start\n|switch|p1a: Smeargle|Smeargle, L50, F|100\/100\n|switch|p1b: Farigiraf|Farigiraf, L50, F|100\/100\n|switch|p2a: Hydreigon|Hydreigon, L50, F|100\/100\n|switch|p2b: Rillaboom|Rillaboom, L50, M|100\/100\n|-fieldstart|move: Grassy Terrain|[from] ability: Grassy Surge|[of] p2b: Rillaboom\n|turn|1\n|inactive|Arkalid has 30 seconds left.\n|\n|t:|1726681825\n|switch|p2a: Clefable|Clefable, L50, F|100\/100\n|move|p1a: Smeargle|Follow Me|p1a: Smeargle\n|-singleturn|p1a: Smeargle|move: Follow Me\n|move|p2b: Rillaboom|Wood Hammer|p1a: Smeargle\n|-enditem|p1a: Smeargle|Focus Sash\n|-damage|p1a: Smeargle|1\/100\n|-damage|p2b: Rillaboom|70\/100|[from] Recoil\n|move|p1b: Farigiraf|Trick Room|p1b: Farigiraf\n|-fieldstart|move: Trick Room|[of] p1b: Farigiraf\n|\n|-heal|p2b: Rillaboom|77\/100|[from] Grassy Terrain\n|-heal|p1a: Smeargle|7\/100|[from] Grassy Terrain\n|-ability|p1a: Smeargle|Moody|boost\n|-boost|p1a: Smeargle|def|2\n|-unboost|p1a: Smeargle|spd|1\n|upkeep\n|turn|2\n|\n|t:|1726681843\n|move|p2a: Clefable|Follow Me|p2a: Clefable\n|-singleturn|p2a: Clefable|move: Follow Me\n|move|p1a: Smeargle|Follow Me|p1a: Smeargle\n|-singleturn|p1a: Smeargle|move: Follow Me\n|move|p1b: Farigiraf|Hyper Voice|p2a: Clefable|[spread] p2a,p2b\n|-damage|p2a: Clefable|69\/100\n|-damage|p2b: Rillaboom|34\/100\n|-enditem|p1b: Farigiraf|Throat Spray\n|-boost|p1b: Farigiraf|spa|1|[from] item: Throat Spray\n|move|p2b: Rillaboom|Wood Hammer|p1a: Smeargle\n|-damage|p1a: Smeargle|0 fnt\n|faint|p1a: Smeargle\n|-damage|p2b: Rillaboom|32\/100|[from] Recoil\n|\n|-heal|p2a: Clefable|75\/100|[from] Grassy Terrain\n|-heal|p2b: Rillaboom|38\/100|[from] Grassy Terrain\n|upkeep\n|\n|t:|1726681861\n|switch|p1a: Sylveon|Sylveon, L50, M|100\/100\n|turn|3\n|\n|t:|1726681870\n|switch|p2b: Gholdengo|Gholdengo, L50|100\/100\n|-terastallize|p1a: Sylveon|Fairy\n|move|p2a: Clefable|Protect|p2a: Clefable\n|-singleturn|p2a: Clefable|Protect\n|move|p1a: Sylveon|Hyper Voice|p2b: Gholdengo|[spread] p2b\n|-activate|p2a: Clefable|move: Protect\n|-resisted|p2b: Gholdengo\n|-damage|p2b: Gholdengo|58\/100\n|move|p1b: Farigiraf|Hyper Voice|p2a: Clefable|[spread] \n|-activate|p2a: Clefable|move: Protect\n|-immune|p2b: Gholdengo\n|\n|-heal|p2a: Clefable|81\/100|[from] Grassy Terrain\n|-heal|p2b: Gholdengo|64\/100|[from] Grassy Terrain\n|upkeep\n|turn|4\n|\n|t:|1726681892\n|-terastallize|p2b: Gholdengo|Steel\n|move|p2a: Clefable|Follow Me|p2a: Clefable\n|-singleturn|p2a: Clefable|move: Follow Me\n|move|p1a: Sylveon|Hyper Voice|p2a: Clefable|[spread] p2a,p2b\n|-resisted|p2b: Gholdengo\n|-damage|p2a: Clefable|3\/100\n|-damage|p2b: Gholdengo|19\/100\n|move|p1b: Farigiraf|Psychic|p2a: Clefable\n|-damage|p2a: Clefable|0 fnt\n|faint|p2a: Clefable\n|move|p2b: Gholdengo|Make It Rain|p1a: Sylveon|[spread] p1a,p1b\n|-supereffective|p1a: Sylveon\n|-damage|p1a: Sylveon|0 fnt\n|-damage|p1b: Farigiraf|17\/100\n|-unboost|p2b: Gholdengo|spa|1\n|faint|p1a: Sylveon\n|-damage|p2b: Gholdengo|10\/100|[from] item: Life Orb\n|\n|-heal|p1b: Farigiraf|23\/100|[from] Grassy Terrain\n|-heal|p2b: Gholdengo|15\/100|[from] Grassy Terrain\n|upkeep\n|\n|t:|1726681914\n|switch|p1a: Ursaluna|Ursaluna-Bloodmoon, L50, M|100\/100\n|switch|p2a: Hydreigon|Hydreigon, L50, F|100\/100\n|turn|5\n|j| lol lol lol blue\n|\n|t:|1726681935\n|switch|p2a: Rillaboom|Rillaboom, L50, M|38\/100\n|move|p2b: Gholdengo|Protect|p2b: Gholdengo\n|-singleturn|p2b: Gholdengo|Protect\n|move|p1a: Ursaluna|Hyper Voice|p2b: Gholdengo|[spread] p2a\n|-activate|p2b: Gholdengo|move: Protect\n|-damage|p2a: Rillaboom|0 fnt\n|faint|p2a: Rillaboom\n|-damage|p1a: Ursaluna|91\/100|[from] item: Life Orb\n|move|p1b: Farigiraf|Hyper Voice|p2b: Gholdengo\n|-activate|p2b: Gholdengo|move: Protect\n|\n|-heal|p1a: Ursaluna|97\/100|[from] Grassy Terrain\n|-heal|p1b: Farigiraf|29\/100|[from] Grassy Terrain\n|-heal|p2b: Gholdengo|21\/100|[from] Grassy Terrain\n|-fieldend|move: Trick Room\n|-fieldend|move: Grassy Terrain\n|upkeep\n|\n|t:|1726681942\n|switch|p2a: Hydreigon|Hydreigon, L50, F|100\/100\n|turn|6\n|\n|t:|1726681965\n|move|p2a: Hydreigon|Snarl|p1b: Farigiraf|[spread] p1a,p1b\n|-supereffective|p1b: Farigiraf\n|-damage|p1a: Ursaluna|76\/100\n|-damage|p1b: Farigiraf|0 fnt\n|-unboost|p1a: Ursaluna|spa|1\n|faint|p1b: Farigiraf\n|move|p2b: Gholdengo|Make It Rain|p1a: Ursaluna\n|-damage|p1a: Ursaluna|4\/100\n|-unboost|p2b: Gholdengo|spa|1\n|-damage|p2b: Gholdengo|12\/100|[from] item: Life Orb\n|move|p1a: Ursaluna|Hyper Voice|p2b: Gholdengo|[spread] p2a,p2b\n|-resisted|p2b: Gholdengo\n|-damage|p2a: Hydreigon|76\/100\n|-damage|p2b: Gholdengo|0 fnt\n|faint|p2b: Gholdengo\n|-damage|p1a: Ursaluna|0 fnt|[from] item: Life Orb\n|faint|p1a: Ursaluna\n|\n|win|Arkalid\n|raw|ffuohg's rating: 1707 &rarr; <strong>1692<\/strong><br \/>(-15 for losing)\n|raw|Arkalid's rating: 1799 &rarr; <strong>1814<\/strong><br \/>(+15 for winning)\n|l| lol lol lol blue\n|l|\u2606Arkalid\n|player|p2|\n|l|\u2606ffuohg\n|player|p1|\n","uploadtime":1726681984,"views":19,"formatid":"gen9vgc2024regh","rating":1692,"private":0,"password":null}