{"id":"gen9vgc2024regh-2204510330","format":"[Gen 9] VGC 2024 Reg H","players":["TwitterJasePokemon","Cereales_Testing"],"log":"|j|\u2606TwitterJasePokemon\n|j|\u2606Cereales_Testing\n|t:|1726683400\n|gametype|doubles\n|player|p1|TwitterJasePokemon|lucas|1743\n|player|p2|Cereales_Testing|fisherman|1718\n|teamsize|p1|6\n|teamsize|p2|6\n|gen|9\n|tier|[Gen 9] VGC 2024 Reg H\n|rated|\n|rule|Species Clause: Limit one of each Pok\u00e9mon\n|rule|Item Clause: Limit 1 of each item\n|clearpoke\n|poke|p1|Maushold, L50|\n|poke|p1|Murkrow, L50, M|\n|poke|p1|Basculegion, L50, M|\n|poke|p1|Dragonite, L50, F|\n|poke|p1|Archaludon, L50, M|\n|poke|p1|Gholdengo, L50|\n|poke|p2|Muk-Alola, L50, F|\n|poke|p2|Mandibuzz, L50, F|\n|poke|p2|Hydreigon, L50, M|\n|poke|p2|Gengar, L50, F|\n|poke|p2|Donphan, L50, M|\n|poke|p2|Tauros-Paldea-Aqua, L50, M|\n|teampreview|4\n|inactive|Battle timer is ON: inactive players will automatically lose when time's up. (requested by TwitterJasePokemon)\n|j| BonoboF\n|j| Pluton11\n|inactive|Cereales_Testing has 60 seconds left.\n|\n|t:|1726683448\n|start\n|switch|p1a: Murkrow|Murkrow, L50, M|100\/100\n|switch|p1b: Gholdengo|Gholdengo, L50|100\/100\n|switch|p2a: Tauros|Tauros-Paldea-Aqua, L50, M|100\/100\n|switch|p2b: Trump|Donphan, L50, M, shiny|100\/100\n|-ability|p2a: Tauros|Intimidate|boost\n|-unboost|p1a: Murkrow|atk|1\n|-unboost|p1b: Gholdengo|atk|1\n|turn|1\n|\n|t:|1726683468\n|-terastallize|p1b: Gholdengo|Steel\n|move|p2a: Tauros|Protect|p2a: Tauros\n|-singleturn|p2a: Tauros|Protect\n|move|p1a: Murkrow|Tailwind|p1a: Murkrow\n|-sidestart|p1: TwitterJasePokemon|move: Tailwind\n|move|p1b: Gholdengo|Make It Rain|p2a: Tauros|[spread] p2b\n|-activate|p2a: Tauros|move: Protect\n|-crit|p2b: Trump\n|-ability|p2b: Trump|Sturdy\n|-damage|p2b: Trump|1\/100\n|-unboost|p1b: Gholdengo|spa|1\n|move|p2b: Trump|Earthquake|p1b: Gholdengo|[spread] p1b\n|-activate|p2a: Tauros|move: Protect\n|-immune|p1a: Murkrow\n|-supereffective|p1b: Gholdengo\n|-damage|p1b: Gholdengo|8\/100\n|\n|upkeep\n|turn|2\n|j| Claarity\n|c| Pluton11|Come on jase!\n|\n|t:|1726683489\n|move|p1a: Murkrow|Haze|p1a: Murkrow\n|-clearallboost\n|move|p2a: Tauros|Aqua Jet|p1b: Gholdengo\n|-damage|p1b: Gholdengo|0 fnt\n|faint|p1b: Gholdengo\n|-damage|p2a: Tauros|90\/100|[from] item: Life Orb\n|move|p2b: Trump|Ice Shard|p1a: Murkrow\n|-supereffective|p1a: Murkrow\n|-damage|p1a: Murkrow|62\/100\n|\n|upkeep\n|\n|t:|1726683496\n|switch|p1b: Dragonite|Dragonite, L50, F|100\/100\n|turn|3\n|\n|t:|1726683509\n|move|p2a: Tauros|Protect|p2a: Tauros\n|-singleturn|p2a: Tauros|Protect\n|move|p2b: Trump|Protect|p2b: Trump\n|-singleturn|p2b: Trump|Protect\n|move|p1a: Murkrow|Foul Play|p2a: Tauros\n|-activate|p2a: Tauros|move: Protect\n|move|p1b: Dragonite|Earthquake|p2b: Trump|[spread] \n|-activate|p2a: Tauros|move: Protect\n|-activate|p2b: Trump|move: Protect\n|-immune|p1a: Murkrow\n|\n|upkeep\n|turn|4\n|\n|t:|1726683523\n|switch|p2a: GF Hunter|Mandibuzz, L50, F, shiny|100\/100\n|move|p1b: Dragonite|Extreme Speed|p2b: Trump\n|-damage|p2b: Trump|0 fnt\n|faint|p2b: Trump\n|move|p1a: Murkrow|Foul Play|p2a: GF Hunter\n|-resisted|p2a: GF Hunter\n|-damage|p2a: GF Hunter|95\/100\n|\n|-sideend|p1: TwitterJasePokemon|move: Tailwind\n|upkeep\n|\n|t:|1726683533\n|switch|p2b: Lord Gaia|Hydreigon, L50, M|100\/100\n|turn|5\n|\n|t:|1726683542\n|move|p2b: Lord Gaia|Protect|p2b: Lord Gaia\n|-singleturn|p2b: Lord Gaia|Protect\n|move|p1a: Murkrow|Foul Play|p2b: Lord Gaia\n|-activate|p2b: Lord Gaia|move: Protect\n|move|p2a: GF Hunter|Toxic|p1b: Dragonite\n|-status|p1b: Dragonite|tox\n|move|p1b: Dragonite|Dragon Claw|p2b: Lord Gaia\n|-activate|p2b: Lord Gaia|move: Protect\n|\n|-damage|p1b: Dragonite|94\/100 tox|[from] psn\n|upkeep\n|turn|6\n|\n|t:|1726683556\n|-terastallize|p2b: Lord Gaia|Steel\n|move|p1a: Murkrow|Tailwind|p1a: Murkrow\n|-sidestart|p1: TwitterJasePokemon|move: Tailwind\n|move|p1b: Dragonite|Low Kick|p2b: Lord Gaia\n|-supereffective|p2b: Lord Gaia\n|-damage|p2b: Lord Gaia|27\/100\n|move|p2b: Lord Gaia|Breaking Swipe|p1b: Dragonite|[spread] p1a,p1b\n|-supereffective|p1b: Dragonite\n|-damage|p1a: Murkrow|40\/100\n|-damage|p1b: Dragonite|66\/100 tox\n|-unboost|p1a: Murkrow|atk|1\n|-unboost|p1b: Dragonite|atk|1\n|move|p2a: GF Hunter|Toxic|p1a: Murkrow\n|-status|p1a: Murkrow|tox\n|\n|-heal|p2b: Lord Gaia|33\/100|[from] item: Leftovers\n|-damage|p1a: Murkrow|34\/100 tox|[from] psn\n|-damage|p1b: Dragonite|54\/100 tox|[from] psn\n|upkeep\n|turn|7\n|\n|t:|1726683573\n|move|p2b: Lord Gaia|Protect|p2b: Lord Gaia\n|-singleturn|p2b: Lord Gaia|Protect\n|move|p1a: Murkrow|Haze|p1a: Murkrow\n|-clearallboost\n|move|p1b: Dragonite|Dragon Claw|p2a: GF Hunter\n|-damage|p2a: GF Hunter|70\/100\n|move|p2a: GF Hunter|Foul Play|p1b: Dragonite\n|-damage|p1b: Dragonite|4\/100 tox\n|\n|-heal|p2b: Lord Gaia|39\/100|[from] item: Leftovers\n|-damage|p1a: Murkrow|22\/100 tox|[from] psn\n|-damage|p1b: Dragonite|0 fnt|[from] psn\n|faint|p1b: Dragonite\n|upkeep\n|\n|t:|1726683576\n|switch|p1b: Basculegion|Basculegion, L50, M|100\/100\n|turn|8\n|\n|t:|1726683592\n|move|p1a: Murkrow|Rain Dance|p1a: Murkrow\n|-weather|RainDance\n|move|p1b: Basculegion|Wave Crash|p2a: GF Hunter\n|-crit|p2a: GF Hunter\n|-damage|p2a: GF Hunter|0 fnt\n|faint|p2a: GF Hunter\n|-damage|p1b: Basculegion|75\/100|[from] Recoil\n|move|p2b: Lord Gaia|Breaking Swipe|p1a: Murkrow|[spread] p1a,p1b\n|-damage|p1a: Murkrow|0 fnt\n|-damage|p1b: Basculegion|55\/100\n|-unboost|p1b: Basculegion|atk|1\n|faint|p1a: Murkrow\n|\n|-weather|RainDance|[upkeep]\n|-heal|p2b: Lord Gaia|45\/100|[from] item: Leftovers\n|upkeep\n|\n|t:|1726683605\n|switch|p2a: Tauros|Tauros-Paldea-Aqua, L50, M|90\/100\n|-ability|p2a: Tauros|Intimidate|boost\n|-unboost|p1b: Basculegion|atk|1\n|turn|9\n|-message|TwitterJasePokemon forfeited.\n|\n|win|Cereales_Testing\n|raw|TwitterJasePokemon's rating: 1743 &rarr; <strong>1722<\/strong><br \/>(-21 for losing)\n|raw|Cereales_Testing's rating: 1718 &rarr; <strong>1739<\/strong><br \/>(+21 for winning)\n|j| Therazer456\n|l| Therazer456\n|c|\u2606Cereales_Testing|gg\n|l| BonoboF\n|l|\u2606TwitterJasePokemon\n|player|p1|\n|l| Pluton11\n|l|\u2606Cereales_Testing\n|player|p2|\n|j| 0l'Bones\n|l| 0l'Bones\n","uploadtime":1726683838,"views":39,"formatid":"gen9vgc2024regh","rating":1722,"private":0,"password":null}