{"id":"gen9vgc2024regh-2204854861","format":"[Gen 9] VGC 2024 Reg H","players":["MisschaGotcha","zhz2021"],"log":"|j|\u2606MisschaGotcha\n|j|\u2606zhz2021\n|t:|1726721515\n|gametype|doubles\n|player|p1|MisschaGotcha|miku-ground|1659\n|player|p2|zhz2021|marley|1739\n|teamsize|p1|6\n|teamsize|p2|6\n|gen|9\n|tier|[Gen 9] VGC 2024 Reg H\n|rated|\n|rule|Species Clause: Limit one of each Pok\u00e9mon\n|rule|Item Clause: Limit 1 of each item\n|clearpoke\n|poke|p1|Arcanine, L50, M|\n|poke|p1|Kingambit, L50, M|\n|poke|p1|Altaria, L50, M|\n|poke|p1|Garchomp, L50, M|\n|poke|p1|Talonflame, L50, M|\n|poke|p1|Indeedee, L50, M|\n|poke|p2|Weezing-Galar, L50, M|\n|poke|p2|Typhlosion-Hisui, L50, M|\n|poke|p2|Tatsugiri-Stretchy, L50, M|\n|poke|p2|Ninetales, L50, M|\n|poke|p2|Sneasler, L50, M|\n|poke|p2|Dragapult, L50, M|\n|teampreview|4\n|inactive|Battle timer is ON: inactive players will automatically lose when time's up. (requested by MisschaGotcha)\n|inactive|MisschaGotcha has 60 seconds left.\n|\n|t:|1726721570\n|start\n|switch|p1a: Garchomp|Garchomp, L50, M|100\/100\n|switch|p1b: Talonflame|Talonflame, L50, M|100\/100\n|switch|p2a: poisontoucher\u30c8\u30ad\u30b7\u30c3\u30b3|Sneasler, L50, M, shiny|100\/100\n|switch|p2b: Dragapult|Dragapult, L50, M|100\/100\n|turn|1\n|inactive|zhz2021 has 30 seconds left.\n|\n|t:|1726721602\n|-terastallize|p1a: Garchomp|Ground\n|move|p2a: poisontoucher\u30c8\u30ad\u30b7\u30c3\u30b3|Fake Out|p1a: Garchomp\n|-damage|p1a: Garchomp|85\/100\n|-damage|p2a: poisontoucher\u30c8\u30ad\u30b7\u30c3\u30b3|88\/100|[from] ability: Rough Skin|[of] p1a: Garchomp\n|move|p1b: Talonflame|Tailwind|p1b: Talonflame\n|-sidestart|p1: MisschaGotcha|move: Tailwind\n|cant|p1a: Garchomp|flinch\n|move|p2b: Dragapult|Dragon Darts|p1a: Garchomp\n|-damage|p1a: Garchomp|44\/100\n|-anim|p2b: Dragapult|Dragon Darts|p1b: Talonflame\n|-damage|p1b: Talonflame|49\/100\n|-damage|p2b: Dragapult|91\/100|[from] item: Life Orb\n|\n|upkeep\n|turn|2\n|\n|t:|1726721618\n|move|p2b: Dragapult|Protect|p2b: Dragapult\n|-singleturn|p2b: Dragapult|Protect\n|move|p2a: poisontoucher\u30c8\u30ad\u30b7\u30c3\u30b3|Protect|p2a: poisontoucher\u30c8\u30ad\u30b7\u30c3\u30b3\n|-singleturn|p2a: poisontoucher\u30c8\u30ad\u30b7\u30c3\u30b3|Protect\n|move|p1b: Talonflame|Dual Wingbeat|p2a: poisontoucher\u30c8\u30ad\u30b7\u30c3\u30b3\n|-activate|p2a: poisontoucher\u30c8\u30ad\u30b7\u30c3\u30b3|move: Protect\n|move|p1a: Garchomp|Earthquake|p2b: Dragapult|[spread] \n|-activate|p2a: poisontoucher\u30c8\u30ad\u30b7\u30c3\u30b3|move: Protect\n|-activate|p2b: Dragapult|move: Protect\n|-immune|p1b: Talonflame\n|\n|upkeep\n|turn|3\n|j| lswagh\n|\n|t:|1726721635\n|-terastallize|p2a: poisontoucher\u30c8\u30ad\u30b7\u30c3\u30b3|Flying\n|move|p2b: Dragapult|Sucker Punch|p1b: Talonflame\n|-damage|p1b: Talonflame|0 fnt\n|faint|p1b: Talonflame\n|-damage|p2b: Dragapult|81\/100|[from] item: Life Orb\n|move|p1a: Garchomp|Earthquake|p2a: poisontoucher\u30c8\u30ad\u30b7\u30c3\u30b3|[spread] p2b\n|-immune|p2a: poisontoucher\u30c8\u30ad\u30b7\u30c3\u30b3\n|-damage|p2b: Dragapult|0 fnt\n|faint|p2b: Dragapult\n|move|p2a: poisontoucher\u30c8\u30ad\u30b7\u30c3\u30b3|Close Combat|p1a: Garchomp\n|-damage|p1a: Garchomp|0 fnt\n|-unboost|p2a: poisontoucher\u30c8\u30ad\u30b7\u30c3\u30b3|def|1\n|-unboost|p2a: poisontoucher\u30c8\u30ad\u30b7\u30c3\u30b3|spd|1\n|-damage|p2a: poisontoucher\u30c8\u30ad\u30b7\u30c3\u30b3|76\/100|[from] ability: Rough Skin|[of] p1a: Garchomp\n|-enditem|p2a: poisontoucher\u30c8\u30ad\u30b7\u30c3\u30b3|White Herb\n|-clearnegativeboost|p2a: poisontoucher\u30c8\u30ad\u30b7\u30c3\u30b3|[silent]\n|faint|p1a: Garchomp\n|\n|upkeep\n|\n|t:|1726721648\n|switch|p1b: Kingambit|Kingambit, L50, M|100\/100\n|switch|p2b: Weezing|Weezing-Galar, L50, M, shiny|100\/100\n|switch|p1a: Arcanine|Arcanine, L50, M|100\/100\n|-ability|p2b: Weezing|Neutralizing Gas\n|turn|4\n|\n|t:|1726721664\n|move|p2a: poisontoucher\u30c8\u30ad\u30b7\u30c3\u30b3|Protect|p2a: poisontoucher\u30c8\u30ad\u30b7\u30c3\u30b3\n|-singleturn|p2a: poisontoucher\u30c8\u30ad\u30b7\u30c3\u30b3|Protect\n|move|p2b: Weezing|Protect|p2b: Weezing\n|-singleturn|p2b: Weezing|Protect\n|move|p1b: Kingambit|Sucker Punch||[still]\n|-fail|p1b: Kingambit\n|move|p1a: Arcanine|Howl|p1a: Arcanine|[spread] p1a,p1b\n|-boost|p1a: Arcanine|atk|1\n|-boost|p1b: Kingambit|atk|1\n|\n|-sideend|p1: MisschaGotcha|move: Tailwind\n|upkeep\n|turn|5\n|\n|t:|1726721675\n|move|p1b: Kingambit|Sucker Punch|p2a: poisontoucher\u30c8\u30ad\u30b7\u30c3\u30b3\n|-damage|p2a: poisontoucher\u30c8\u30ad\u30b7\u30c3\u30b3|0 fnt\n|faint|p2a: poisontoucher\u30c8\u30ad\u30b7\u30c3\u30b3\n|move|p1a: Arcanine|Flare Blitz|p2b: Weezing\n|-damage|p2b: Weezing|13\/100\n|-damage|p1a: Arcanine|78\/100|[from] Recoil\n|move|p2b: Weezing|Play Rough|p1b: Kingambit\n|-damage|p1b: Kingambit|68\/100\n|\n|upkeep\n|\n|t:|1726721678\n|switch|p2a: Typhlosion|Typhlosion-Hisui, L50, M, shiny|100\/100\n|turn|6\n|\n|t:|1726721683\n|move|p1b: Kingambit|Sucker Punch|p2a: Typhlosion\n|-supereffective|p2a: Typhlosion\n|-damage|p2a: Typhlosion|0 fnt\n|faint|p2a: Typhlosion\n|move|p1a: Arcanine|Flare Blitz|p2b: Weezing\n|-damage|p2b: Weezing|0 fnt\n|faint|p2b: Weezing\n|-end|p2b: Weezing|ability: Neutralizing Gas\n|-damage|p1a: Arcanine|75\/100|[from] Recoil\n|\n|win|MisschaGotcha\n|raw|MisschaGotcha's rating: 1659 &rarr; <strong>1682<\/strong><br \/>(+23 for winning)\n|raw|zhz2021's rating: 1707 &rarr; <strong>1684<\/strong><br \/>(-23 for losing)\n|l|\u2606zhz2021\n|player|p2|\n|l| lswagh\n","uploadtime":1726721914,"views":31,"formatid":"gen9vgc2024regh","rating":1682,"private":0,"password":null}