{"id":"gen9vgc2024regh-2204492757","format":"[Gen 9] VGC 2024 Reg H","players":["Cereales_Testing","glastrier4lyfe"],"log":"|j|\u2606Cereales_Testing\n|j|\u2606glastrier4lyfe\n|t:|1726681893\n|gametype|doubles\n|player|p1|Cereales_Testing|fisherman|1702\n|player|p2|glastrier4lyfe|harlequin|1752\n|teamsize|p1|6\n|teamsize|p2|6\n|gen|9\n|tier|[Gen 9] VGC 2024 Reg H\n|rated|\n|rule|Species Clause: Limit one of each Pok\u00e9mon\n|rule|Item Clause: Limit 1 of each item\n|clearpoke\n|poke|p1|Muk-Alola, L50, F|\n|poke|p1|Mandibuzz, L50, F|\n|poke|p1|Hydreigon, L50, F|\n|poke|p1|Gengar, L50, M|\n|poke|p1|Donphan, L50, M|\n|poke|p1|Tauros-Paldea-Aqua, L50, M|\n|poke|p2|Volcarona, L50, M|\n|poke|p2|Staraptor, L50, F|\n|poke|p2|Rillaboom, L50, M|\n|poke|p2|Primarina, L50, F|\n|poke|p2|Kingambit, L50, F|\n|poke|p2|Sneasler, L50, F|\n|teampreview|4\n|inactive|Battle timer is ON: inactive players will automatically lose when time's up. (requested by glastrier4lyfe)\n|inactive|Cereales_Testing has 60 seconds left.\n|j| Pluton11\n|\n|t:|1726681933\n|start\n|switch|p1a: Smile|Gengar, L50, M|100\/100\n|switch|p1b: GF Hunter|Mandibuzz, L50, F, shiny|100\/100\n|switch|p2a: Kingambit|Kingambit, L50, F|100\/100\n|switch|p2b: Sneasler|Sneasler, L50, F|100\/100\n|turn|1\n|\n|t:|1726681945\n|move|p2b: Sneasler|Fake Out|p1b: GF Hunter\n|-damage|p1b: GF Hunter|91\/100\n|move|p1a: Smile|Shadow Ball|p2b: Sneasler\n|-damage|p2b: Sneasler|45\/100\n|move|p1b: GF Hunter|Foul Play|p2b: Sneasler\n|-resisted|p2b: Sneasler\n|-damage|p2b: Sneasler|0 fnt\n|faint|p2b: Sneasler\n|move|p2a: Kingambit|Kowtow Cleave|p1a: Smile\n|-supereffective|p1a: Smile\n|-crit|p1a: Smile\n|-enditem|p1a: Smile|Focus Sash\n|-damage|p1a: Smile|1\/100\n|\n|upkeep\n|\n|t:|1726681958\n|switch|p2b: Primarina|Primarina, L50, F|100\/100\n|turn|2\n|\n|t:|1726681966\n|move|p1b: GF Hunter|Protect|p1b: GF Hunter\n|-singleturn|p1b: GF Hunter|Protect\n|move|p2a: Kingambit|Sucker Punch||[still]\n|-fail|p2a: Kingambit\n|move|p1a: Smile|Destiny Bond|p1a: Smile\n|-singlemove|p1a: Smile|Destiny Bond\n|move|p2b: Primarina|Moonblast|p1b: GF Hunter\n|-activate|p1b: GF Hunter|move: Protect\n|\n|upkeep\n|turn|3\n|j| lol lol lol blue\n|\n|t:|1726681983\n|-terastallize|p1b: GF Hunter|Poison\n|move|p2b: Primarina|Protect|p2b: Primarina\n|-singleturn|p2b: Primarina|Protect\n|move|p2a: Kingambit|Protect|p2a: Kingambit\n|-singleturn|p2a: Kingambit|Protect\n|move|p1a: Smile|Sludge Wave|p2b: Primarina|[spread] p1b\n|-activate|p2a: Kingambit|move: Protect\n|-activate|p2b: Primarina|move: Protect\n|-resisted|p1b: GF Hunter\n|-damage|p1b: GF Hunter|75\/100\n|move|p1b: GF Hunter|Toxic|p2b: Primarina\n|-activate|p2b: Primarina|move: Protect\n|\n|upkeep\n|turn|4\n|\n|t:|1726681999\n|-terastallize|p2b: Primarina|Poison\n|move|p1a: Smile|Destiny Bond|p1a: Smile\n|-singlemove|p1a: Smile|Destiny Bond\n|move|p1b: GF Hunter|Toxic|p2b: Primarina\n|-immune|p2b: Primarina\n|move|p2b: Primarina|Hyper Voice|p1a: Smile|[spread] p1a,p1b\n|-damage|p1a: Smile|0 fnt\n|-damage|p1b: GF Hunter|46\/100\n|-start|p2b: Primarina|Disable|Hyper Voice|[from] ability: Cursed Body|[of] p1a: Smile\n|faint|p1a: Smile\n|-activate|p1a: Smile|move: Destiny Bond\n|faint|p2b: Primarina\n|move|p2a: Kingambit|Kowtow Cleave|p1b: GF Hunter\n|-damage|p1b: GF Hunter|9\/100\n|\n|upkeep\n|\n|t:|1726682013\n|switch|p1a: Trump|Donphan, L50, M, shiny|100\/100\n|switch|p2b: Staraptor|Staraptor, L50, F|100\/100\n|-ability|p2b: Staraptor|Intimidate|boost\n|-fail|p1a: Trump|unboost|[from] item: Clear Amulet|[of] p1a: Trump\n|-unboost|p1b: GF Hunter|atk|1\n|turn|5\n|\n|t:|1726682026\n|move|p1b: GF Hunter|Protect|p1b: GF Hunter\n|-singleturn|p1b: GF Hunter|Protect\n|move|p2b: Staraptor|Final Gambit|p1a: Trump\n|-ability|p1a: Trump|Sturdy\n|-damage|p1a: Trump|1\/100\n|faint|p2b: Staraptor\n|move|p1a: Trump|Earthquake|p2a: Kingambit|[spread] p2a\n|-activate|p1b: GF Hunter|move: Protect\n|-supereffective|p2a: Kingambit\n|-damage|p2a: Kingambit|44\/100\n|move|p2a: Kingambit|Swords Dance|p2a: Kingambit\n|-boost|p2a: Kingambit|atk|2\n|\n|upkeep\n|turn|6\n|\n|t:|1726682039\n|move|p2a: Kingambit|Sucker Punch|p1a: Trump\n|-damage|p1a: Trump|0 fnt\n|faint|p1a: Trump\n|move|p1b: GF Hunter|Foul Play|p2a: Kingambit\n|-resisted|p2a: Kingambit\n|-damage|p2a: Kingambit|3\/100\n|\n|upkeep\n|\n|t:|1726682045\n|switch|p1a: Lord Gaia|Hydreigon, L50, F|100\/100\n|turn|7\n|\n|t:|1726682050\n|move|p2a: Kingambit|Sucker Punch|p1a: Lord Gaia\n|-resisted|p1a: Lord Gaia\n|-damage|p1a: Lord Gaia|50\/100\n|move|p1a: Lord Gaia|Earth Power|p2a: Kingambit\n|-supereffective|p2a: Kingambit\n|-damage|p2a: Kingambit|0 fnt\n|faint|p2a: Kingambit\n|\n|win|Cereales_Testing\n|raw|Cereales_Testing's rating: 1702 &rarr; <strong>1725<\/strong><br \/>(+23 for winning)\n|raw|glastrier4lyfe's rating: 1752 &rarr; <strong>1729<\/strong><br \/>(-23 for losing)\n|l|\u2606Cereales_Testing\n|player|p1|\n|l| lol lol lol blue\n|j| 0l'Bones\n","uploadtime":1726682055,"views":57,"formatid":"gen9vgc2024regh","rating":1725,"private":0,"password":null}