{"id":"gen9vgc2024regh-2204494857","format":"[Gen 9] VGC 2024 Reg H","players":["Cereales_Testing","ffuohg"],"log":"|j|\u2606Cereales_Testing\n|j|\u2606ffuohg\n|t:|1726682072\n|gametype|doubles\n|player|p1|Cereales_Testing|fisherman|1725\n|player|p2|ffuohg|2|1692\n|teamsize|p1|6\n|teamsize|p2|6\n|gen|9\n|tier|[Gen 9] VGC 2024 Reg H\n|rated|\n|rule|Species Clause: Limit one of each Pok\u00e9mon\n|rule|Item Clause: Limit 1 of each item\n|clearpoke\n|poke|p1|Muk-Alola, L50, M|\n|poke|p1|Mandibuzz, L50, F|\n|poke|p1|Hydreigon, L50, M|\n|poke|p1|Gengar, L50, M|\n|poke|p1|Donphan, L50, F|\n|poke|p1|Tauros-Paldea-Aqua, L50, M|\n|poke|p2|Sylveon, L50, F|\n|poke|p2|Farigiraf, L50, M|\n|poke|p2|Smeargle, L50, M|\n|poke|p2|Ursaluna-Bloodmoon, L50, M|\n|poke|p2|Pelipper, L50, M|\n|poke|p2|Basculegion, L50, M|\n|teampreview|4\n|inactive|Battle timer is ON: inactive players will automatically lose when time's up. (requested by ffuohg)\n|\n|t:|1726682097\n|start\n|switch|p1a: Smile|Gengar, L50, M|100\/100\n|switch|p1b: GF Hunter|Mandibuzz, L50, F, shiny|100\/100\n|switch|p2a: Smeargle|Smeargle, L50, M|100\/100\n|switch|p2b: Farigiraf|Farigiraf, L50, M|100\/100\n|turn|1\n|j| Pluton11\n|\n|t:|1726682112\n|move|p2a: Smeargle|Follow Me|p2a: Smeargle\n|-singleturn|p2a: Smeargle|move: Follow Me\n|move|p1a: Smile|Sludge Wave|p2a: Smeargle|[spread] p1b,p2a,p2b\n|-damage|p1b: GF Hunter|67\/100\n|-damage|p2a: Smeargle|20\/100\n|-damage|p2b: Farigiraf|67\/100\n|-status|p2a: Smeargle|psn\n|move|p1b: GF Hunter|Foul Play|p2a: Smeargle\n|-damage|p2a: Smeargle|0 fnt\n|faint|p2a: Smeargle\n|move|p2b: Farigiraf|Trick Room|p2b: Farigiraf\n|-fieldstart|move: Trick Room|[of] p2b: Farigiraf\n|\n|upkeep\n|\n|t:|1726682124\n|switch|p2a: Ursaluna|Ursaluna-Bloodmoon, L50, M|100\/100\n|turn|2\n|\n|t:|1726682137\n|-terastallize|p2a: Ursaluna|Normal\n|move|p1b: GF Hunter|Protect|p1b: GF Hunter\n|-singleturn|p1b: GF Hunter|Protect\n|move|p2a: Ursaluna|Hyper Voice|p1b: GF Hunter|[spread] p1a\n|-activate|p1b: GF Hunter|move: Protect\n|-enditem|p1a: Smile|Focus Sash\n|-damage|p1a: Smile|1\/100\n|-damage|p2a: Ursaluna|91\/100|[from] item: Life Orb\n|move|p2b: Farigiraf|Psychic|p1a: Smile\n|-supereffective|p1a: Smile\n|-damage|p1a: Smile|0 fnt\n|faint|p1a: Smile\n|\n|upkeep\n|\n|t:|1726682149\n|switch|p1a: Lord Gaia|Hydreigon, L50, M|100\/100\n|turn|3\n|\n|t:|1726682163\n|-terastallize|p1a: Lord Gaia|Steel\n|move|p1b: GF Hunter|Protect||[still]\n|-fail|p1b: GF Hunter\n|move|p2a: Ursaluna|Blood Moon|p1a: Lord Gaia\n|-resisted|p1a: Lord Gaia\n|-crit|p1a: Lord Gaia\n|-damage|p1a: Lord Gaia|23\/100\n|-damage|p2a: Ursaluna|81\/100|[from] item: Life Orb\n|move|p2b: Farigiraf|Hyper Voice|p1a: Lord Gaia|[spread] p1a,p1b\n|-resisted|p1a: Lord Gaia\n|-damage|p1a: Lord Gaia|10\/100\n|-damage|p1b: GF Hunter|38\/100\n|-enditem|p2b: Farigiraf|Throat Spray\n|-boost|p2b: Farigiraf|spa|1|[from] item: Throat Spray\n|move|p1a: Lord Gaia|Snarl|p2a: Ursaluna|[spread] p2a,p2b\n|-supereffective|p2b: Farigiraf\n|-damage|p2a: Ursaluna|62\/100\n|-damage|p2b: Farigiraf|31\/100\n|-unboost|p2a: Ursaluna|spa|1\n|-unboost|p2b: Farigiraf|spa|1\n|\n|-heal|p1a: Lord Gaia|16\/100|[from] item: Leftovers\n|upkeep\n|turn|4\n|j| lol lol lol blue\n|\n|t:|1726682187\n|move|p1a: Lord Gaia|Protect|p1a: Lord Gaia\n|-singleturn|p1a: Lord Gaia|Protect\n|move|p2a: Ursaluna|Hyper Voice|p1a: Lord Gaia|[spread] p1b\n|-activate|p1a: Lord Gaia|move: Protect\n|-damage|p1b: GF Hunter|0 fnt\n|faint|p1b: GF Hunter\n|-damage|p2a: Ursaluna|52\/100|[from] item: Life Orb\n|move|p2b: Farigiraf|Hyper Voice|p1a: Lord Gaia\n|-activate|p1a: Lord Gaia|move: Protect\n|\n|-heal|p1a: Lord Gaia|22\/100|[from] item: Leftovers\n|upkeep\n|\n|t:|1726682199\n|switch|p1b: Trump|Donphan, L50, F, shiny|100\/100\n|turn|5\n|\n|t:|1726682215\n|switch|p2a: Sylveon|Sylveon, L50, F|100\/100\n|move|p1b: Trump|Protect|p1b: Trump\n|-singleturn|p1b: Trump|Protect\n|move|p1a: Lord Gaia|Protect||[still]\n|-fail|p1a: Lord Gaia\n|move|p2b: Farigiraf|Psychic|p1a: Lord Gaia\n|-resisted|p1a: Lord Gaia\n|-damage|p1a: Lord Gaia|6\/100\n|\n|-heal|p1a: Lord Gaia|12\/100|[from] item: Leftovers\n|-fieldend|move: Trick Room\n|upkeep\n|turn|6\n|\n|t:|1726682236\n|move|p1a: Lord Gaia|Protect|p1a: Lord Gaia\n|-singleturn|p1a: Lord Gaia|Protect\n|move|p1b: Trump|Earthquake|p2a: Sylveon|[spread] p2a,p2b\n|-activate|p1a: Lord Gaia|move: Protect\n|-damage|p2a: Sylveon|58\/100\n|-damage|p2b: Farigiraf|0 fnt\n|faint|p2b: Farigiraf\n|move|p2a: Sylveon|Hyper Voice|p1a: Lord Gaia|[spread] p1b\n|-activate|p1a: Lord Gaia|move: Protect\n|-damage|p1b: Trump|2\/100\n|\n|-heal|p1a: Lord Gaia|18\/100|[from] item: Leftovers\n|upkeep\n|j| VGC Genesis\n|\n|t:|1726682249\n|switch|p2b: Ursaluna|Ursaluna-Bloodmoon, L50, M, tera:Normal|52\/100\n|turn|7\n|\n|t:|1726682259\n|move|p1b: Trump|Protect|p1b: Trump\n|-singleturn|p1b: Trump|Protect\n|move|p1a: Lord Gaia|Snarl|p2a: Sylveon|[spread] p2a,p2b\n|-resisted|p2a: Sylveon\n|-crit|p2b: Ursaluna\n|-damage|p2a: Sylveon|51\/100\n|-damage|p2b: Ursaluna|26\/100\n|-unboost|p2a: Sylveon|spa|1\n|-unboost|p2b: Ursaluna|spa|1\n|move|p2a: Sylveon|Hyper Voice|p1b: Trump|[spread] p1a\n|-activate|p1b: Trump|move: Protect\n|-resisted|p1a: Lord Gaia\n|-damage|p1a: Lord Gaia|4\/100\n|move|p2b: Ursaluna|Hyper Voice|p1a: Lord Gaia|[spread] p1a\n|-activate|p1b: Trump|move: Protect\n|-resisted|p1a: Lord Gaia\n|-damage|p1a: Lord Gaia|0 fnt\n|faint|p1a: Lord Gaia\n|-damage|p2b: Ursaluna|16\/100|[from] item: Life Orb\n|\n|upkeep\n|turn|8\n|\n|t:|1726682284\n|move|p1b: Trump|Earthquake|p2a: Sylveon|[spread] p2a,p2b\n|-damage|p2a: Sylveon|9\/100\n|-damage|p2b: Ursaluna|0 fnt\n|faint|p2b: Ursaluna\n|move|p2a: Sylveon|Hyper Voice|p1b: Trump\n|-damage|p1b: Trump|0 fnt\n|faint|p1b: Trump\n|\n|win|ffuohg\n|raw|Cereales_Testing's rating: 1725 &rarr; <strong>1703<\/strong><br \/>(-22 for losing)\n|raw|ffuohg's rating: 1692 &rarr; <strong>1714<\/strong><br \/>(+22 for winning)\n|l|\u2606Cereales_Testing\n|player|p1|\n|l| Pluton11\n|l|\u2606ffuohg\n|player|p2|\n","uploadtime":1726682295,"views":39,"formatid":"gen9vgc2024regh","rating":1703,"private":0,"password":null}