{"id":"gen9vgc2024regh-2204518882","format":"[Gen 9] VGC 2024 Reg H","players":["Cereales_Testing","TwitterJasePokemon"],"log":"|j|\u2606Cereales_Testing\n|j|\u2606TwitterJasePokemon\n|t:|1726684139\n|gametype|doubles\n|player|p1|Cereales_Testing|fisherman|1689\n|player|p2|TwitterJasePokemon|lucas|1721\n|teamsize|p1|6\n|teamsize|p2|6\n|gen|9\n|tier|[Gen 9] VGC 2024 Reg H\n|rated|\n|rule|Species Clause: Limit one of each Pok\u00e9mon\n|rule|Item Clause: Limit 1 of each item\n|clearpoke\n|poke|p1|Muk-Alola, L50, M|\n|poke|p1|Mandibuzz, L50, F|\n|poke|p1|Hydreigon, L50, M|\n|poke|p1|Gengar, L50, F|\n|poke|p1|Donphan, L50, F|\n|poke|p1|Tauros-Paldea-Aqua, L50, M|\n|poke|p2|Maushold, L50|\n|poke|p2|Murkrow, L50, F|\n|poke|p2|Basculegion, L50, M|\n|poke|p2|Dragonite, L50, F|\n|poke|p2|Archaludon, L50, F|\n|poke|p2|Gholdengo, L50|\n|teampreview|4\n|inactive|Battle timer is ON: inactive players will automatically lose when time's up. (requested by TwitterJasePokemon)\nCereales_Testing rejected open team sheets.\n|\n|t:|1726684168\n|start\n|switch|p1a: Trump|Donphan, L50, F, shiny|100\/100\n|switch|p1b: Tauros|Tauros-Paldea-Aqua, L50, M|100\/100\n|switch|p2a: Murkrow|Murkrow, L50, F|100\/100\n|switch|p2b: Archaludon|Archaludon, L50, F|100\/100\n|-ability|p1b: Tauros|Intimidate|boost\n|-unboost|p2a: Murkrow|atk|1\n|-unboost|p2b: Archaludon|atk|1\n|turn|1\n|j| ravioliaifunghi\n|\n|t:|1726684185\n|-terastallize|p2b: Archaludon|Flying\n|move|p1b: Tauros|Protect|p1b: Tauros\n|-singleturn|p1b: Tauros|Protect\n|move|p2a: Murkrow|Tailwind|p2a: Murkrow\n|-sidestart|p2: TwitterJasePokemon|move: Tailwind\n|move|p2b: Archaludon|Electro Shot||[still]\n|-prepare|p2b: Archaludon|Electro Shot\n|-boost|p2b: Archaludon|spa|1\n|-enditem|p2b: Archaludon|Power Herb\n|-anim|p2b: Archaludon|Electro Shot|p1b: Tauros\n|-activate|p1b: Tauros|move: Protect\n|move|p1a: Trump|Earthquake|p2b: Archaludon|[spread] \n|-activate|p1b: Tauros|move: Protect\n|-immune|p2a: Murkrow\n|-immune|p2b: Archaludon\n|\n|upkeep\n|turn|2\n|j| BonoboF\n|j| Claarity\n|inactive|Cereales_Testing has 30 seconds left.\n|\n|t:|1726684216\n|move|p2a: Murkrow|Rain Dance|p2a: Murkrow\n|-weather|RainDance\n|move|p2b: Archaludon|Electro Shot||[still]\n|-prepare|p2b: Archaludon|Electro Shot\n|-boost|p2b: Archaludon|spa|1\n|-anim|p2b: Archaludon|Electro Shot|p1b: Tauros\n|-supereffective|p1b: Tauros\n|-damage|p1b: Tauros|0 fnt\n|faint|p1b: Tauros\n|move|p1a: Trump|Thunder Fang|p2b: Archaludon\n|-supereffective|p2b: Archaludon\n|-damage|p2b: Archaludon|58\/100\n|\n|-weather|RainDance|[upkeep]\n|upkeep\n|\n|t:|1726684227\n|switch|p1b: Lord Gaia|Hydreigon, L50, M|100\/100\n|turn|3\n|\n|t:|1726684243\n|-terastallize|p1b: Lord Gaia|Steel\n|move|p2b: Archaludon|Aura Sphere|p1b: Lord Gaia\n|-supereffective|p1b: Lord Gaia\n|-damage|p1b: Lord Gaia|12\/100\n|move|p2a: Murkrow|Foul Play|p1a: Trump\n|-damage|p1a: Trump|51\/100\n|move|p1b: Lord Gaia|Snarl|p2b: Archaludon|[spread] p2a,p2b\n|-resisted|p2a: Murkrow\n|-damage|p2a: Murkrow|93\/100\n|-damage|p2b: Archaludon|34\/100\n|-unboost|p2a: Murkrow|spa|1\n|-unboost|p2b: Archaludon|spa|1\n|move|p1a: Trump|Thunder Fang|p2a: Murkrow\n|-supereffective|p2a: Murkrow\n|-damage|p2a: Murkrow|33\/100\n|\n|-weather|RainDance|[upkeep]\n|-heal|p1b: Lord Gaia|18\/100|[from] item: Leftovers\n|upkeep\n|turn|4\n|\n|t:|1726684263\n|move|p1b: Lord Gaia|Protect|p1b: Lord Gaia\n|-singleturn|p1b: Lord Gaia|Protect\n|move|p2a: Murkrow|Haze|p2a: Murkrow\n|-clearallboost\n|move|p1a: Trump|Ice Shard|p2b: Archaludon\n|-supereffective|p2b: Archaludon\n|-damage|p2b: Archaludon|6\/100\n|move|p2b: Archaludon|Draco Meteor|p1a: Trump\n|-damage|p1a: Trump|0 fnt\n|-unboost|p2b: Archaludon|spa|2\n|faint|p1a: Trump\n|\n|-weather|RainDance|[upkeep]\n|-heal|p1b: Lord Gaia|24\/100|[from] item: Leftovers\n|-sideend|p2: TwitterJasePokemon|move: Tailwind\n|upkeep\n|\n|t:|1726684277\n|switch|p1a: GF Hunter|Mandibuzz, L50, F, shiny|100\/100\n|turn|5\n|\n|t:|1726684293\n|move|p1a: GF Hunter|Protect|p1a: GF Hunter\n|-singleturn|p1a: GF Hunter|Protect\n|move|p2a: Murkrow|Tailwind|p2a: Murkrow\n|-sidestart|p2: TwitterJasePokemon|move: Tailwind\n|move|p2b: Archaludon|Aura Sphere|p1b: Lord Gaia\n|-supereffective|p1b: Lord Gaia\n|-damage|p1b: Lord Gaia|4\/100\n|move|p1b: Lord Gaia|Snarl|p2a: Murkrow|[spread] p2a,p2b\n|-resisted|p2a: Murkrow\n|-damage|p2a: Murkrow|27\/100\n|-damage|p2b: Archaludon|0 fnt\n|-unboost|p2a: Murkrow|spa|1\n|faint|p2b: Archaludon\n|\n|-weather|RainDance|[upkeep]\n|-heal|p1b: Lord Gaia|10\/100|[from] item: Leftovers\n|upkeep\n|\n|t:|1726684296\n|switch|p2b: Gholdengo|Gholdengo, L50|100\/100\n|turn|6\n|\n|t:|1726684312\n|switch|p2a: Maushold|Maushold, L50|100\/100\n|move|p1b: Lord Gaia|Protect|p1b: Lord Gaia\n|-singleturn|p1b: Lord Gaia|Protect\n|move|p2b: Gholdengo|Make It Rain|p1b: Lord Gaia|[spread] p1a\n|-activate|p1b: Lord Gaia|move: Protect\n|-damage|p1a: GF Hunter|36\/100\n|-unboost|p2b: Gholdengo|spa|1\n|move|p1a: GF Hunter|Roost|p1a: GF Hunter\n|-heal|p1a: GF Hunter|87\/100\n|-singleturn|p1a: GF Hunter|move: Roost\n|\n|-weather|none\n|-heal|p1b: Lord Gaia|16\/100|[from] item: Leftovers\n|upkeep\n|turn|7\n|\n|t:|1726684330\n|move|p2a: Maushold|Fake Tears|p1a: GF Hunter\n|-unboost|p1a: GF Hunter|spd|2\n|move|p2b: Gholdengo|Make It Rain|p1a: GF Hunter|[spread] p1a,p1b\n|-resisted|p1b: Lord Gaia\n|-damage|p1a: GF Hunter|4\/100\n|-damage|p1b: Lord Gaia|0 fnt\n|-unboost|p2b: Gholdengo|spa|1\n|faint|p1b: Lord Gaia\n|move|p1a: GF Hunter|Toxic|p2a: Maushold\n|-status|p2a: Maushold|tox\n|\n|-damage|p2a: Maushold|94\/100 tox|[from] psn\n|upkeep\n|turn|8\n|-message|Cereales_Testing forfeited.\n|\n|win|TwitterJasePokemon\n|raw|Cereales_Testing's rating: 1689 &rarr; <strong>1671<\/strong><br \/>(-18 for losing)\n|raw|TwitterJasePokemon's rating: 1721 &rarr; <strong>1739<\/strong><br \/>(+18 for winning)\n|l|\u2606Cereales_Testing\n|player|p1|\n|l|\u2606TwitterJasePokemon\n|player|p2|\n|l| BonoboF\n","uploadtime":1726684521,"views":18,"formatid":"gen9vgc2024regh","rating":1671,"private":0,"password":null}