{"id":"gen9vgc2024regh-2204235719","format":"[Gen 9] VGC 2024 Reg H","players":["123something","miauser30"],"log":"|j|\u2606123something\n|j|\u2606miauser30\n|t:|1726656979\n|gametype|doubles\n|player|p1|123something|265|1710\n|player|p2|miauser30|102|1754\n|teamsize|p1|6\n|teamsize|p2|6\n|gen|9\n|tier|[Gen 9] VGC 2024 Reg H\n|rated|\n|rule|Species Clause: Limit one of each Pok\u00e9mon\n|rule|Item Clause: Limit 1 of each item\n|clearpoke\n|poke|p1|Whimsicott, L50, M|\n|poke|p1|Typhlosion-Hisui, L50, M|\n|poke|p1|Primarina, L50, F|\n|poke|p1|Meowscarada, L50, F|\n|poke|p1|Dragonite, L50, M|\n|poke|p1|Annihilape, L50, F|\n|poke|p2|Pelipper, L50, F|\n|poke|p2|Basculegion, L50, M|\n|poke|p2|Archaludon, L50, M|\n|poke|p2|Maushold-Four, L50|\n|poke|p2|Kingambit, L50, F|\n|poke|p2|Amoonguss, L50, M|\n|teampreview|4\nmiauser30 has agreed to open team sheets.\n|inactive|Battle timer is ON: inactive players will automatically lose when time's up. (requested by miauser30)\n|inactive|123something has 60 seconds left.\n|\n|t:|1726657040\n|start\n|switch|p1a: Whimsicott|Whimsicott, L50, M|100\/100\n|switch|p1b: Annihilape|Annihilape, L50, F|100\/100\n|switch|p2a: Archaludon|Archaludon, L50, M|100\/100\n|switch|p2b: Kingambit|Kingambit, L50, F|100\/100\n|turn|1\n|\n|t:|1726657062\n|switch|p2b: Pelipper|Pelipper, L50, F|100\/100\n|-weather|RainDance|[from] ability: Drizzle|[of] p2b: Pelipper\n|move|p1a: Whimsicott|Sunny Day|p1a: Whimsicott\n|-weather|SunnyDay\n|move|p1b: Annihilape|Close Combat|p2b: Pelipper\n|-resisted|p2b: Pelipper\n|-damage|p2b: Pelipper|64\/100\n|-unboost|p1b: Annihilape|def|1\n|-unboost|p1b: Annihilape|spd|1\n|move|p2a: Archaludon|Electro Shot||[still]\n|-prepare|p2a: Archaludon|Electro Shot\n|-boost|p2a: Archaludon|spa|1\n|\n|-weather|SunnyDay|[upkeep]\n|upkeep\n|turn|2\n|\n|t:|1726657084\n|move|p1b: Annihilape|Protect|p1b: Annihilape\n|-singleturn|p1b: Annihilape|Protect\n|move|p1a: Whimsicott|Moonblast|p2b: Pelipper\n|-damage|p2b: Pelipper|15\/100\n|-unboost|p2b: Pelipper|spa|1\n|move|p2b: Pelipper|Tailwind|p2b: Pelipper\n|-sidestart|p2: miauser30|move: Tailwind\n|move|p2a: Archaludon|Electro Shot|p1a: Whimsicott|[from]lockedmove\n|-resisted|p1a: Whimsicott\n|-damage|p1a: Whimsicott|57\/100\n|\n|-weather|SunnyDay|[upkeep]\n|upkeep\n|turn|3\n|j| power123452123\n|l| power123452123\n|inactive|123something has 30 seconds left.\n|inactive|miauser30 has 30 seconds left.\n|inactive|123something has 20 seconds left.\n|inactive|123something has 15 seconds left.\n|\n|t:|1726657124\n|switch|p2b: Basculegion|Basculegion, L50, M|100\/100\n|move|p1a: Whimsicott|Tailwind|p1a: Whimsicott\n|-sidestart|p1: 123something|move: Tailwind\n|move|p1b: Annihilape|Final Gambit|p2a: Archaludon\n|-damage|p2a: Archaludon|0 fnt\n|faint|p1b: Annihilape\n|faint|p2a: Archaludon\n|\n|-weather|SunnyDay|[upkeep]\n|upkeep\n|\n|t:|1726657136\n|switch|p1b: Dragonite|Dragonite, L50, M|100\/100\n|switch|p2a: Kingambit|Kingambit, L50, F|100\/100\n|turn|4\n|inactive|123something has 30 seconds left.\n|\n|t:|1726657164\n|switch|p1a: Meowscarada|Meowscarada, L50, F|100\/100\n|move|p2b: Basculegion|Last Respects|p1b: Dragonite\n|-damage|p1b: Dragonite|21\/100\n|move|p1b: Dragonite|Low Kick|p2a: Kingambit\n|-supereffective|p2a: Kingambit\n|-damage|p2a: Kingambit|0 fnt\n|faint|p2a: Kingambit\n|\n|-weather|SunnyDay|[upkeep]\n|upkeep\n|\n|t:|1726657172\n|switch|p2a: Pelipper|Pelipper, L50, F|15\/100\n|-weather|RainDance|[from] ability: Drizzle|[of] p2a: Pelipper\n|turn|5\n|\n|t:|1726657184\n|-terastallize|p2b: Basculegion|Grass\n|move|p2a: Pelipper|Protect|p2a: Pelipper\n|-singleturn|p2a: Pelipper|Protect\n|move|p1b: Dragonite|Extreme Speed|p2a: Pelipper\n|-activate|p2a: Pelipper|move: Protect\n|move|p2b: Basculegion|Last Respects|p1a: Meowscarada\n|-resisted|p1a: Meowscarada\n|-damage|p1a: Meowscarada|15\/100\n|move|p1a: Meowscarada|Flower Trick|p2b: Basculegion\n|-resisted|p2b: Basculegion\n|-crit|p2b: Basculegion\n|-damage|p2b: Basculegion|53\/100\n|\n|-weather|RainDance|[upkeep]\n|-sideend|p2: miauser30|move: Tailwind\n|upkeep\n|turn|6\n|\n|t:|1726657201\n|move|p1a: Meowscarada|Protect|p1a: Meowscarada\n|-singleturn|p1a: Meowscarada|Protect\n|move|p1b: Dragonite|Extreme Speed|p2a: Pelipper\n|-damage|p2a: Pelipper|0 fnt\n|faint|p2a: Pelipper\n|move|p2b: Basculegion|Last Respects|p1b: Dragonite\n|-damage|p1b: Dragonite|0 fnt\n|faint|p1b: Dragonite\n|\n|-weather|RainDance|[upkeep]\n|-sideend|p1: 123something|move: Tailwind\n|upkeep\n|\n|t:|1726657207\n|switch|p1b: Whimsicott|Whimsicott, L50, M|57\/100\n|turn|7\n|\n|t:|1726657222\n|move|p1b: Whimsicott|Sunny Day|p1b: Whimsicott\n|-weather|SunnyDay\n|move|p1a: Meowscarada|Knock Off|p2b: Basculegion\n|-damage|p2b: Basculegion|0 fnt\n|-enditem|p2b: Basculegion|Choice Band|[from] move: Knock Off|[of] p1a: Meowscarada\n|faint|p2b: Basculegion\n|\n|win|123something\n|raw|123something's rating: 1710 &rarr; <strong>1733<\/strong><br \/>(+23 for winning)\n|raw|miauser30's rating: 1754 &rarr; <strong>1731<\/strong><br \/>(-23 for losing)\n|l|\u2606miauser30\n|player|p2|\n|l|\u2606123something\n|player|p1|\n","uploadtime":1726657381,"views":18,"formatid":"gen9vgc2024regh","rating":1731,"private":0,"password":null}