{"id":"gen9vgc2024regh-2204625142","format":"[Gen 9] VGC 2024 Reg H","players":["odin25dlg","Carajo666"],"log":"|j|\u2606odin25dlg\n|j|\u2606Carajo666\n|t:|1726693931\n|gametype|doubles\n|player|p1|odin25dlg|169|1742\n|player|p2|Carajo666|1|1675\n|teamsize|p1|6\n|teamsize|p2|6\n|gen|9\n|tier|[Gen 9] VGC 2024 Reg H\n|rated|\n|rule|Species Clause: Limit one of each Pok\u00e9mon\n|rule|Item Clause: Limit 1 of each item\n|clearpoke\n|poke|p1|Hydreigon, L50, M|\n|poke|p1|Whimsicott, L50, F|\n|poke|p1|Gholdengo, L50|\n|poke|p1|Primarina, L50, M|\n|poke|p1|Rillaboom, L50, F|\n|poke|p1|Sneasler, L50, F|\n|poke|p2|Tyranitar, L50, M|\n|poke|p2|Sinistcha, L50|\n|poke|p2|Lycanroc, L50, F|\n|poke|p2|Volcarona, L50, M|\n|poke|p2|Gastrodon, L50, F|\n|poke|p2|Braviary, L50, M|\n|teampreview|4\n|j| Grtings\n|inactive|Battle timer is ON: inactive players will automatically lose when time's up. (requested by Carajo666)\n|\n|t:|1726693971\n|start\n|switch|p1a: Whimsicott|Whimsicott, L50, F|100\/100\n|switch|p1b: Hydreigon|Hydreigon, L50, M|100\/100\n|switch|p2a: Tyranitar|Tyranitar, L50, M, shiny|100\/100\n|switch|p2b: Braviary|Braviary, L50, M|100\/100\n|-weather|Sandstorm|[from] ability: Sand Stream|[of] p2a: Tyranitar\n|turn|1\n|\n|t:|1726693993\n|-terastallize|p2a: Tyranitar|Flying\n|move|p1a: Whimsicott|Tailwind|p1a: Whimsicott\n|-sidestart|p1: odin25dlg|move: Tailwind\n|move|p1b: Hydreigon|Draco Meteor|p2b: Braviary\n|-damage|p2b: Braviary|0 fnt\n|-unboost|p1b: Hydreigon|spa|2\n|faint|p2b: Braviary\n|move|p2a: Tyranitar|Tera Blast|p1a: Whimsicott|[anim] Tera Blast Flying\n|-supereffective|p1a: Whimsicott\n|-damage|p1a: Whimsicott|27\/100\n|\n|-weather|Sandstorm|[upkeep]\n|-damage|p1b: Hydreigon|95\/100|[from] Sandstorm\n|-damage|p1a: Whimsicott|21\/100|[from] Sandstorm\n|-damage|p2a: Tyranitar|94\/100|[from] Sandstorm\n|upkeep\n|\n|t:|1726694005\n|switch|p2b: Gastrodon|Gastrodon, L50, F|100\/100\n|turn|2\n|\n|t:|1726694024\n|move|p1a: Whimsicott|Protect|p1a: Whimsicott\n|-singleturn|p1a: Whimsicott|Protect\n|move|p1b: Hydreigon|Draco Meteor|p2a: Tyranitar\n|-damage|p2a: Tyranitar|64\/100\n|-unboost|p1b: Hydreigon|spa|2\n|move|p2a: Tyranitar|Rock Slide|p1b: Hydreigon|[spread] p1b\n|-activate|p1a: Whimsicott|move: Protect\n|-damage|p1b: Hydreigon|57\/100\n|move|p2b: Gastrodon|Ice Beam|p1b: Hydreigon\n|-supereffective|p1b: Hydreigon\n|-crit|p1b: Hydreigon\n|-damage|p1b: Hydreigon|0 fnt\n|faint|p1b: Hydreigon\n|\n|-weather|Sandstorm|[upkeep]\n|-damage|p1a: Whimsicott|15\/100|[from] Sandstorm\n|-damage|p2a: Tyranitar|58\/100|[from] Sandstorm\n|upkeep\n|\n|t:|1726694045\n|switch|p1b: Primarina|Primarina, L50, M|100\/100\n|turn|3\n|\n|t:|1726694056\n|move|p1a: Whimsicott|Protect||[still]\n|-fail|p1a: Whimsicott\n|move|p1b: Primarina|Hyper Voice|p2b: Gastrodon|[spread] p2a\n|-ability|p2b: Gastrodon|Storm Drain|boost\n|-boost|p2b: Gastrodon|spa|1\n|-damage|p2a: Tyranitar|35\/100\n|-enditem|p1b: Primarina|Throat Spray\n|-boost|p1b: Primarina|spa|1|[from] item: Throat Spray\n|move|p2a: Tyranitar|Thunder Punch|p1b: Primarina\n|-supereffective|p1b: Primarina\n|-damage|p1b: Primarina|31\/100\n|move|p2b: Gastrodon|Yawn|p1b: Primarina\n|-start|p1b: Primarina|move: Yawn|[of] p2b: Gastrodon\n|\n|-weather|Sandstorm|[upkeep]\n|-damage|p1a: Whimsicott|9\/100|[from] Sandstorm\n|-damage|p1b: Primarina|25\/100|[from] Sandstorm\n|-damage|p2a: Tyranitar|28\/100|[from] Sandstorm\n|upkeep\n|turn|4\n|\n|t:|1726694079\n|move|p1a: Whimsicott|Encore|p2b: Gastrodon\n|-start|p2b: Gastrodon|Encore\n|move|p1b: Primarina|Dazzling Gleam|p2b: Gastrodon|[spread] p2a,p2b\n|-damage|p2a: Tyranitar|0 fnt\n|-damage|p2b: Gastrodon|49\/100\n|-enditem|p2b: Gastrodon|Sitrus Berry|[eat]\n|-heal|p2b: Gastrodon|74\/100|[from] item: Sitrus Berry\n|faint|p2a: Tyranitar\n|move|p2b: Gastrodon|Yawn|p1a: Whimsicott\n|-start|p1a: Whimsicott|move: Yawn|[of] p2b: Gastrodon\n|\n|-weather|Sandstorm|[upkeep]\n|-damage|p1a: Whimsicott|3\/100|[from] Sandstorm\n|-damage|p1b: Primarina|19\/100|[from] Sandstorm\n|-end|p1b: Primarina|move: Yawn|[silent]\n|-status|p1b: Primarina|slp\n|-sideend|p1: odin25dlg|move: Tailwind\n|upkeep\n|\n|t:|1726694093\n|switch|p2a: Volcarona|Volcarona, L50, M|100\/100\n|turn|5\n|\n|t:|1726694103\n|move|p1a: Whimsicott|Tailwind|p1a: Whimsicott\n|-sidestart|p1: odin25dlg|move: Tailwind\n|cant|p1b: Primarina|slp\n|move|p2a: Volcarona|Quiver Dance|p2a: Volcarona\n|-boost|p2a: Volcarona|spa|1\n|-boost|p2a: Volcarona|spd|1\n|-boost|p2a: Volcarona|spe|1\n|move|p2b: Gastrodon|Yawn||[still]\n|-fail|p2b: Gastrodon\n|\n|-weather|none\n|-end|p1a: Whimsicott|move: Yawn|[silent]\n|-status|p1a: Whimsicott|slp\n|upkeep\n|turn|6\n|\n|t:|1726694120\n|cant|p1a: Whimsicott|slp\n|move|p2a: Volcarona|Heat Wave|p1b: Primarina|[spread] p1a,p1b\n|-supereffective|p1a: Whimsicott\n|-resisted|p1b: Primarina\n|-damage|p1a: Whimsicott|0 fnt\n|-damage|p1b: Primarina|0 fnt\n|faint|p1a: Whimsicott\n|faint|p1b: Primarina\n|move|p2b: Gastrodon|Yawn|p1: Whimsicott|[notarget]\n|-fail|p2b: Gastrodon\n|\n|-end|p2b: Gastrodon|Encore\n|upkeep\n|\n|t:|1726694133\n|switch|p1b: Rillaboom|Rillaboom, L50, F|100\/100\n|-fieldstart|move: Grassy Terrain|[from] ability: Grassy Surge|[of] p1b: Rillaboom\n|turn|7\n|\n|t:|1726694149\n|move|p1b: Rillaboom|Grassy Glide|p2b: Gastrodon\n|-supereffective|p2b: Gastrodon\n|-damage|p2b: Gastrodon|0 fnt\n|faint|p2b: Gastrodon\n|move|p2a: Volcarona|Heat Wave|p1b: Rillaboom\n|-supereffective|p1b: Rillaboom\n|-damage|p1b: Rillaboom|0 fnt\n|faint|p1b: Rillaboom\n|\n|win|Carajo666\n|raw|odin25dlg's rating: 1742 &rarr; <strong>1718<\/strong><br \/>(-24 for losing)\n|raw|Carajo666's rating: 1675 &rarr; <strong>1699<\/strong><br \/>(+24 for winning)\n|j| eliseo1\n|l|\u2606Carajo666\n|player|p2|\n|l|\u2606odin25dlg\n|player|p1|\n|l| Grtings\n","uploadtime":1726694314,"views":15,"formatid":"gen9vgc2024regh","rating":1699,"private":0,"password":null}