{"id":"gen9vgc2024regh-2204660308","format":"[Gen 9] VGC 2024 Reg H","players":["odin25dlg","TwitterJasePokemon"],"log":"|j|\u2606odin25dlg\n|j|\u2606TwitterJasePokemon\n|t:|1726697630\n|gametype|doubles\n|player|p1|odin25dlg|169|1747\n|player|p2|TwitterJasePokemon|lucas|1719\n|teamsize|p1|6\n|teamsize|p2|6\n|gen|9\n|tier|[Gen 9] VGC 2024 Reg H\n|rated|\n|rule|Species Clause: Limit one of each Pok\u00e9mon\n|rule|Item Clause: Limit 1 of each item\n|clearpoke\n|poke|p1|Hydreigon, L50, F|\n|poke|p1|Whimsicott, L50, M|\n|poke|p1|Gholdengo, L50|\n|poke|p1|Primarina, L50, F|\n|poke|p1|Rillaboom, L50, M|\n|poke|p1|Sneasler, L50, F|\n|poke|p2|Kingambit, L50, M|\n|poke|p2|Rillaboom, L50, F|\n|poke|p2|Sneasler, L50, F|\n|poke|p2|Volcarona, L50, M|\n|poke|p2|Dondozo, L50, F|\n|poke|p2|Clefable, L50, M|\n|teampreview|4\n|inactive|Battle timer is ON: inactive players will automatically lose when time's up. (requested by TwitterJasePokemon)\n|inactive|odin25dlg has 60 seconds left.\n|inactive|TwitterJasePokemon has 60 seconds left.\n|j| futonkagebunshin\n|\n|t:|1726697688\n|start\n|switch|p1a: Whimsicott|Whimsicott, L50, M|100\/100\n|switch|p1b: Sneasler|Sneasler, L50, F|100\/100\n|switch|p2a: Volcarona|Volcarona, L50, M|100\/100\n|switch|p2b: Clefable|Clefable, L50, M|100\/100\n|turn|1\n|\n|t:|1726697704\n|-terastallize|p2b: Clefable|Steel\n|move|p2b: Clefable|Follow Me|p2b: Clefable\n|-singleturn|p2b: Clefable|move: Follow Me\n|move|p1a: Whimsicott|Tailwind|p1a: Whimsicott\n|-sidestart|p1: odin25dlg|move: Tailwind\n|move|p1b: Sneasler|Dire Claw|p2b: Clefable\n|-immune|p2b: Clefable\n|move|p2a: Volcarona|Quiver Dance|p2a: Volcarona\n|-boost|p2a: Volcarona|spa|1\n|-boost|p2a: Volcarona|spd|1\n|-boost|p2a: Volcarona|spe|1\n|\n|upkeep\n|turn|2\n|j| nirand94\n|\n|t:|1726697723\n|move|p2b: Clefable|Follow Me|p2b: Clefable\n|-singleturn|p2b: Clefable|move: Follow Me\n|move|p1a: Whimsicott|Encore|p2b: Clefable\n|-start|p2b: Clefable|Encore\n|move|p1b: Sneasler|Close Combat|p2b: Clefable\n|-supereffective|p2b: Clefable\n|-damage|p2b: Clefable|0 fnt\n|-unboost|p1b: Sneasler|def|1\n|-unboost|p1b: Sneasler|spd|1\n|faint|p2b: Clefable\n|move|p2a: Volcarona|Heat Wave|p1b: Sneasler|[spread] p1a,p1b\n|-supereffective|p1a: Whimsicott\n|-enditem|p1a: Whimsicott|Focus Sash\n|-damage|p1a: Whimsicott|1\/100\n|-damage|p1b: Sneasler|0 fnt\n|faint|p1b: Sneasler\n|\n|upkeep\n|\n|t:|1726697744\n|switch|p1b: Hydreigon|Hydreigon, L50, F|100\/100\n|switch|p2b: Sneasler|Sneasler, L50, F|100\/100\n|turn|3\n|\n|t:|1726697761\n|move|p1a: Whimsicott|Protect|p1a: Whimsicott\n|-singleturn|p1a: Whimsicott|Protect\n|move|p2b: Sneasler|Fake Out|p1b: Hydreigon\n|-damage|p1b: Hydreigon|85\/100\n|-status|p1b: Hydreigon|psn|[from] ability: Poison Touch|[of] p2b: Sneasler\n|cant|p1b: Hydreigon|flinch\n|move|p2a: Volcarona|Heat Wave|p1b: Hydreigon|[spread] p1b\n|-activate|p1a: Whimsicott|move: Protect\n|-resisted|p1b: Hydreigon\n|-damage|p1b: Hydreigon|55\/100 psn\n|\n|-damage|p1b: Hydreigon|43\/100 psn|[from] psn\n|upkeep\n|turn|4\n|j| Claarity\n|\n|t:|1726697778\n|switch|p2b: Kingambit|Kingambit, L50, M|100\/100\n|move|p1a: Whimsicott|Encore|p2b: Kingambit\n|-hint|Since gen 7, Dark is immune to Prankster moves.\n|-immune|p2b: Kingambit\n|move|p1b: Hydreigon|Draco Meteor|p2a: Volcarona\n|-damage|p2a: Volcarona|35\/100\n|-unboost|p1b: Hydreigon|spa|2\n|move|p2a: Volcarona|Heat Wave|p1a: Whimsicott|[spread] p1a\n|-miss|p2a: Volcarona|p1b: Hydreigon\n|-supereffective|p1a: Whimsicott\n|-damage|p1a: Whimsicott|0 fnt\n|faint|p1a: Whimsicott\n|\n|-heal|p2a: Volcarona|41\/100|[from] item: Leftovers\n|-damage|p1b: Hydreigon|31\/100 psn|[from] psn\n|-sideend|p1: odin25dlg|move: Tailwind\n|upkeep\n|\n|t:|1726697797\n|switch|p1a: Gholdengo|Gholdengo, L50|100\/100\n|turn|5\n|-message|odin25dlg forfeited.\n|\n|win|TwitterJasePokemon\n|raw|odin25dlg's rating: 1747 &rarr; <strong>1725<\/strong><br \/>(-22 for losing)\n|raw|TwitterJasePokemon's rating: 1719 &rarr; <strong>1741<\/strong><br \/>(+22 for winning)\n|l|\u2606odin25dlg\n|player|p1|\n|l| nirand94\n|l|\u2606TwitterJasePokemon\n|player|p2|\n","uploadtime":1726698051,"views":41,"formatid":"gen9vgc2024regh","rating":1725,"private":0,"password":null}