{"id":"gen9vgc2024regh-2204882125","format":"[Gen 9] VGC 2024 Reg H","players":["Rough Pult","Moonlight410"],"log":"|j|\u2606Rough Pult\n|j|\u2606Moonlight410\n|t:|1726726177\n|gametype|doubles\n|player|p1|Rough Pult|giovanni|1756\n|player|p2|Moonlight410|101|1810\n|teamsize|p1|6\n|teamsize|p2|6\n|gen|9\n|tier|[Gen 9] VGC 2024 Reg H\n|rated|\n|rule|Species Clause: Limit one of each Pok\u00e9mon\n|rule|Item Clause: Limit 1 of each item\n|clearpoke\n|poke|p1|Dondozo, L50, M|\n|poke|p1|Dragapult, L50, M|\n|poke|p1|Magmar, L50, F|\n|poke|p1|Kingambit, L50, M|\n|poke|p1|Rillaboom, L50, F|\n|poke|p1|Sneasler, L50, F|\n|poke|p2|Kingambit, L50, F|\n|poke|p2|Sneasler, L50, F|\n|poke|p2|Porygon2, L50|\n|poke|p2|Amoonguss, L50, M|\n|poke|p2|Ursaluna, L50, M|\n|poke|p2|Rillaboom, L50, M|\n|teampreview|4\n|j| mr pogostick\n|j| ChavaCore\n|inactive|Battle timer is ON: inactive players will automatically lose when time's up. (requested by Rough Pult)\n|\n|t:|1726726224\n|start\n|switch|p1a: Dragapult|Dragapult, L50, M|100\/100\n|switch|p1b: Magmar|Magmar, L50, F|100\/100\n|switch|p2a: Porygon2|Porygon2, L50|100\/100\n|switch|p2b: Kingambit|Kingambit, L50, F|100\/100\n|-ability|p2a: Porygon2|Download|boost\n|-boost|p2a: Porygon2|atk|1\n|turn|1\n|j| AvengeAvalugg\n|inactive|Rough Pult has 30 seconds left.\n|inactive|Rough Pult has 20 seconds left.\n|\n|t:|1726726260\n|move|p1a: Dragapult|U-turn|p2b: Kingambit\n|-damage|p2b: Kingambit|78\/100\n|\n|t:|1726726263\n|switch|p1a: Kingambit|Kingambit, L50, M|100\/100|[from] U-turn\n|move|p1b: Magmar|Taunt|p2a: Porygon2\n|-start|p2a: Porygon2|move: Taunt\n|move|p2b: Kingambit|Kowtow Cleave|p1b: Magmar\n|-damage|p1b: Magmar|65\/100\n|cant|p2a: Porygon2|move: Taunt|Trick Room\n|\n|upkeep\n|turn|2\n|\n|t:|1726726281\n|move|p1a: Kingambit|Protect|p1a: Kingambit\n|-singleturn|p1a: Kingambit|Protect\n|move|p1b: Magmar|Heat Wave|p2b: Kingambit|[spread] p2a,p2b\n|-supereffective|p2b: Kingambit\n|-damage|p2a: Porygon2|84\/100\n|-damage|p2b: Kingambit|46\/100\n|move|p2a: Porygon2|Tera Blast|p1b: Magmar\n|-damage|p1b: Magmar|36\/100\n|move|p2b: Kingambit|Low Kick|p1a: Kingambit\n|-activate|p1a: Kingambit|move: Protect\n|\n|upkeep\n|turn|3\n|\n|t:|1726726305\n|-terastallize|p1a: Kingambit|Ghost\n|move|p1b: Magmar|Heat Wave|p2b: Kingambit|[spread] p2a,p2b\n|-supereffective|p2b: Kingambit\n|-damage|p2a: Porygon2|68\/100\n|-damage|p2b: Kingambit|11\/100\n|move|p2a: Porygon2|Tera Blast|p1b: Magmar\n|-damage|p1b: Magmar|8\/100\n|move|p1a: Kingambit|Kowtow Cleave|p2a: Porygon2\n|-damage|p2a: Porygon2|35\/100\n|move|p2b: Kingambit|Low Kick|p1a: Kingambit\n|-immune|p1a: Kingambit\n|\n|-end|p2a: Porygon2|move: Taunt\n|upkeep\n|turn|4\n|inactive|Rough Pult has 30 seconds left.\n|inactive|Moonlight410 has 30 seconds left.\n|inactive|Moonlight410 has 20 seconds left.\n|\n|t:|1726726341\n|move|p1a: Kingambit|Protect|p1a: Kingambit\n|-singleturn|p1a: Kingambit|Protect\n|move|p2b: Kingambit|Sucker Punch||[still]\n|-fail|p2b: Kingambit\n|move|p1b: Magmar|Taunt|p2a: Porygon2\n|-start|p2a: Porygon2|move: Taunt\n|cant|p2a: Porygon2|move: Taunt|Recover\n|\n|upkeep\n|turn|5\n|inactive|Moonlight410 has 30 seconds left.\n|\n|t:|1726726367\n|switch|p2b: Amoonguss|Amoonguss, L50, M|100\/100\n|move|p1a: Kingambit|Sucker Punch|p2a: Porygon2\n|-damage|p2a: Porygon2|7\/100\n|move|p1b: Magmar|Heat Wave|p2a: Porygon2|[spread] p2a\n|-miss|p1b: Magmar|p2b: Amoonguss\n|-damage|p2a: Porygon2|0 fnt\n|faint|p2a: Porygon2\n|\n|upkeep\n|\n|t:|1726726382\n|switch|p2a: Ursaluna|Ursaluna, L50, M|100\/100\n|turn|6\n|\n|t:|1726726396\n|move|p2a: Ursaluna|Protect|p2a: Ursaluna\n|-singleturn|p2a: Ursaluna|Protect\n|move|p1b: Magmar|Heat Wave|p2b: Amoonguss|[spread] p2b\n|-activate|p2a: Ursaluna|move: Protect\n|-supereffective|p2b: Amoonguss\n|-damage|p2b: Amoonguss|51\/100\n|move|p1a: Kingambit|Swords Dance|p1a: Kingambit\n|-boost|p1a: Kingambit|atk|2\n|move|p2b: Amoonguss|Spore|p1a: Kingambit\n|-activate|p1a: Kingambit|item: Safety Goggles|Spore\n|\n|-status|p2a: Ursaluna|brn|[from] item: Flame Orb\n|upkeep\n|turn|7\n|-message|Moonlight410 forfeited.\n|\n|win|Rough Pult\n|raw|Rough Pult's rating: 1756 &rarr; <strong>1779<\/strong><br \/>(+23 for winning)\n|raw|Moonlight410's rating: 1810 &rarr; <strong>1787<\/strong><br \/>(-23 for losing)\n|l|\u2606Moonlight410\n|player|p2|\n|l|\u2606Rough Pult\n|player|p1|\n|l| ChavaCore\n|l| mr pogostick\n","uploadtime":1726726665,"views":135,"formatid":"gen9vgc2024regh","rating":1779,"private":0,"password":null}