{"id":"gen9vgc2024regh-2204668000","format":"[Gen 9] VGC 2024 Reg H","players":["jayjazZa","TwitterJasePokemon"],"log":"|j|\u2606jayjazZa\n|j|\u2606TwitterJasePokemon\n|t:|1726698496\n|gametype|doubles\n|player|p1|jayjazZa|170|1723\n|player|p2|TwitterJasePokemon|lucas|1694\n|teamsize|p1|6\n|teamsize|p2|6\n|gen|9\n|tier|[Gen 9] VGC 2024 Reg H\n|rated|\n|rule|Species Clause: Limit one of each Pok\u00e9mon\n|rule|Item Clause: Limit 1 of each item\n|clearpoke\n|poke|p1|Dondozo, L50, M|\n|poke|p1|Tatsugiri, L50, M|\n|poke|p1|Dragonite, L50, F|\n|poke|p1|Gholdengo, L50|\n|poke|p1|Talonflame, L50, F|\n|poke|p1|Rillaboom, L50, F|\n|poke|p2|Kingambit, L50, F|\n|poke|p2|Rillaboom, L50, M|\n|poke|p2|Sneasler, L50, M|\n|poke|p2|Volcarona, L50, M|\n|poke|p2|Dondozo, L50, F|\n|poke|p2|Clefable, L50, M|\n|teampreview|4\n|inactive|Battle timer is ON: inactive players will automatically lose when time's up. (requested by jayjazZa)\n|inactive|TwitterJasePokemon also wants the timer to be on.\n|inactive|jayjazZa has 60 seconds left.\n|\n|t:|1726698528\n|start\n|switch|p1a: Dragonite|Dragonite, L50, F|100\/100\n|switch|p1b: Talonflame|Talonflame, L50, F|100\/100\n|switch|p2a: Kingambit|Kingambit, L50, F|100\/100\n|switch|p2b: Dondozo|Dondozo, L50, F|100\/100\n|turn|1\n|\n|t:|1726698552\n|move|p2a: Kingambit|Protect|p2a: Kingambit\n|-singleturn|p2a: Kingambit|Protect\n|move|p1b: Talonflame|Will-O-Wisp|p2b: Dondozo\n|-status|p2b: Dondozo|brn\n|move|p1a: Dragonite|Earthquake|p2a: Kingambit|[spread] p2b\n|-activate|p2a: Kingambit|move: Protect\n|-immune|p1b: Talonflame\n|-damage|p2b: Dondozo|79\/100 brn\n|move|p2b: Dondozo|Yawn|p1b: Talonflame\n|-start|p1b: Talonflame|move: Yawn|[of] p2b: Dondozo\n|\n|-damage|p2b: Dondozo|72\/100 brn|[from] brn\n|upkeep\n|turn|2\n|\n|t:|1726698564\n|switch|p1b: Rillaboom|Rillaboom, L50, F|100\/100\n|-fieldstart|move: Grassy Terrain|[from] ability: Grassy Surge|[of] p1b: Rillaboom\n|-terastallize|p2a: Kingambit|Dark\n|move|p1a: Dragonite|Earthquake|p2a: Kingambit|[spread] p1b,p2a,p2b\n|-resisted|p1b: Rillaboom\n|-damage|p1b: Rillaboom|90\/100\n|-damage|p2a: Kingambit|85\/100\n|-damage|p2b: Dondozo|60\/100 brn\n|move|p2a: Kingambit|Kowtow Cleave|p1a: Dragonite\n|-damage|p1a: Dragonite|21\/100\n|move|p2b: Dondozo|Yawn|p1a: Dragonite\n|-start|p1a: Dragonite|move: Yawn|[of] p2b: Dondozo\n|\n|-heal|p1b: Rillaboom|96\/100|[from] Grassy Terrain\n|-heal|p2a: Kingambit|90\/100|[from] Grassy Terrain\n|-heal|p2b: Dondozo|66\/100 brn|[from] Grassy Terrain\n|-damage|p2b: Dondozo|60\/100 brn|[from] brn\n|upkeep\n|turn|3\n|inactive|TwitterJasePokemon has 30 seconds left.\n|\n|t:|1726698592\n|switch|p1a: Talonflame|Talonflame, L50, F|100\/100\n|move|p1b: Rillaboom|Wood Hammer|p2b: Dondozo\n|-supereffective|p2b: Dondozo\n|-damage|p2b: Dondozo|0 fnt\n|faint|p2b: Dondozo\n|-damage|p1b: Rillaboom|72\/100|[from] Recoil\n|move|p2a: Kingambit|Kowtow Cleave|p1a: Talonflame\n|-damage|p1a: Talonflame|0 fnt\n|faint|p1a: Talonflame\n|\n|-heal|p1b: Rillaboom|78\/100|[from] Grassy Terrain\n|-heal|p2a: Kingambit|96\/100|[from] Grassy Terrain\n|upkeep\n|\n|t:|1726698599\n|switch|p1a: Gholdengo|Gholdengo, L50|100\/100\n|switch|p2b: Sneasler|Sneasler, L50, M|100\/100\n|turn|4\n|\n|t:|1726698609\n|-terastallize|p1a: Gholdengo|Steel\n|move|p1b: Rillaboom|Grassy Glide|p2b: Sneasler\n|-resisted|p2b: Sneasler\n|-damage|p2b: Sneasler|65\/100\n|move|p2a: Kingambit|Sucker Punch|p1a: Gholdengo\n|-damage|p1a: Gholdengo|33\/100\n|move|p2b: Sneasler|Close Combat|p1a: Gholdengo\n|-supereffective|p1a: Gholdengo\n|-damage|p1a: Gholdengo|0 fnt\n|-unboost|p2b: Sneasler|def|1\n|-unboost|p2b: Sneasler|spd|1\n|faint|p1a: Gholdengo\n|\n|-heal|p2b: Sneasler|71\/100|[from] Grassy Terrain\n|-heal|p1b: Rillaboom|84\/100|[from] Grassy Terrain\n|-heal|p2a: Kingambit|100\/100|[from] Grassy Terrain\n|upkeep\n|\n|t:|1726698617\n|switch|p1a: Dragonite|Dragonite, L50, F|21\/100\n|turn|5\n|\n|t:|1726698633\n|switch|p2b: Clefable|Clefable, L50, M|100\/100\n|move|p2a: Kingambit|Protect|p2a: Kingambit\n|-singleturn|p2a: Kingambit|Protect\n|move|p1a: Dragonite|Extreme Speed|p2b: Clefable\n|-damage|p2b: Clefable|65\/100\n|move|p1b: Rillaboom|Wood Hammer|p2a: Kingambit\n|-activate|p2a: Kingambit|move: Protect\n|\n|-heal|p1b: Rillaboom|89\/100|[from] Grassy Terrain\n|-heal|p2b: Clefable|71\/100|[from] Grassy Terrain\n|upkeep\n|turn|6\n|\n|t:|1726698652\n|move|p1a: Dragonite|Extreme Speed|p2a: Kingambit\n|-damage|p2a: Kingambit|66\/100\n|move|p2b: Clefable|Follow Me|p2b: Clefable\n|-singleturn|p2b: Clefable|move: Follow Me\n|move|p1b: Rillaboom|Grassy Glide|p2b: Clefable\n|-damage|p2b: Clefable|43\/100\n|move|p2a: Kingambit|Kowtow Cleave|p1a: Dragonite\n|-damage|p1a: Dragonite|0 fnt\n|faint|p1a: Dragonite\n|\n|-heal|p1b: Rillaboom|95\/100|[from] Grassy Terrain\n|-heal|p2b: Clefable|49\/100|[from] Grassy Terrain\n|-heal|p2a: Kingambit|72\/100|[from] Grassy Terrain\n|-fieldend|move: Grassy Terrain\n|upkeep\n|turn|7\n|-message|jayjazZa forfeited.\n|\n|win|TwitterJasePokemon\n|raw|jayjazZa's rating: 1723 &rarr; <strong>1701<\/strong><br \/>(-22 for losing)\n|raw|TwitterJasePokemon's rating: 1694 &rarr; <strong>1716<\/strong><br \/>(+22 for winning)\n|l|\u2606jayjazZa\n|player|p1|\n|l|\u2606TwitterJasePokemon\n|player|p2|\n","uploadtime":1726698881,"views":37,"formatid":"gen9vgc2024regh","rating":1701,"private":0,"password":null}