{"id":"gen9vgc2024regh-2204517632","format":"[Gen 9] VGC 2024 Reg H","players":["very demure","ggttmmhh"],"log":"|j|\u2606very demure\n|j|\u2606ggttmmhh\n|t:|1726684026\n|gametype|doubles\n|player|p1|very demure|dawn-gen4pt|1733\n|player|p2|ggttmmhh|170|1824\n|teamsize|p1|6\n|teamsize|p2|6\n|gen|9\n|tier|[Gen 9] VGC 2024 Reg H\n|rated|\n|rule|Species Clause: Limit one of each Pok\u00e9mon\n|rule|Item Clause: Limit 1 of each item\n|clearpoke\n|poke|p1|Dragonite, L50, F|\n|poke|p1|Amoonguss, L50, F|\n|poke|p1|Archaludon, L50, F|\n|poke|p1|Kingambit, L50, M|\n|poke|p1|Flamigo, L50, M|\n|poke|p1|Primarina, L50, M|\n|poke|p2|Archaludon, L50, M|\n|poke|p2|Chandelure, L50, M|\n|poke|p2|Primarina, L50, M|\n|poke|p2|Meowscarada, L50, M|\n|poke|p2|Ursaluna-Bloodmoon, L50, M|\n|poke|p2|Murkrow, L50, F|\n|teampreview|4\n|j| Pichumeister99\n|j| BonoboF\n|\n|t:|1726684086\n|start\n|switch|p1a: Dragonite|Dragonite, L50, F|100\/100\n|switch|p1b: Amoonguss|Amoonguss, L50, F|100\/100\n|switch|p2a: Chandelure|Chandelure, L50, M|100\/100\n|switch|p2b: Murkrow|Murkrow, L50, F|100\/100\n|turn|1\n|\n|t:|1726684120\n|move|p1a: Dragonite|Scale Shot|p2b: Murkrow\n|-damage|p2b: Murkrow|88\/100\n|-damage|p2b: Murkrow|75\/100\n|-damage|p2b: Murkrow|64\/100\n|-crit|p2b: Murkrow\n|-damage|p2b: Murkrow|44\/100\n|-hitcount|p2b: Murkrow|4\n|-unboost|p1a: Dragonite|def|1\n|-boost|p1a: Dragonite|spe|1\n|move|p2b: Murkrow|Foul Play|p1a: Dragonite\n|-crit|p1a: Dragonite\n|-damage|p1a: Dragonite|38\/100\n|move|p2a: Chandelure|Heat Wave|p1a: Dragonite|[spread] p1a,p1b\n|-resisted|p1a: Dragonite\n|-supereffective|p1b: Amoonguss\n|-damage|p1a: Dragonite|8\/100\n|-damage|p1b: Amoonguss|16\/100\n|-status|p1b: Amoonguss|brn\n|-enditem|p1b: Amoonguss|Sitrus Berry|[eat]\n|-heal|p1b: Amoonguss|41\/100 brn|[from] item: Sitrus Berry\n|move|p1b: Amoonguss|Spore|p2a: Chandelure\n|-status|p2a: Chandelure|slp|[from] move: Spore\n|\n|-damage|p1b: Amoonguss|35\/100 brn|[from] brn\n|upkeep\n|turn|2\n|j| Claarity\n|\n|t:|1726684147\n|move|p2b: Murkrow|Tailwind|p2b: Murkrow\n|-sidestart|p2: ggttmmhh|move: Tailwind\n|cant|p2a: Chandelure|slp\n|move|p1a: Dragonite|Scale Shot|p2b: Murkrow\n|-damage|p2b: Murkrow|31\/100\n|-damage|p2b: Murkrow|20\/100\n|-damage|p2b: Murkrow|6\/100\n|-damage|p2b: Murkrow|0 fnt\n|faint|p2b: Murkrow\n|-hitcount|p2: Murkrow|4\n|-unboost|p1a: Dragonite|def|1\n|-boost|p1a: Dragonite|spe|1\n|move|p1b: Amoonguss|Pollen Puff|p1a: Dragonite\n|-heal|p1a: Dragonite|58\/100\n|\n|-damage|p1b: Amoonguss|29\/100 brn|[from] brn\n|upkeep\n|\n|t:|1726684187\n|switch|p2b: Archaludon|Archaludon, L50, M|100\/100\n|turn|3\n|\n|t:|1726684210\n|move|p2b: Archaludon|Protect|p2b: Archaludon\n|-singleturn|p2b: Archaludon|Protect\n|move|p1b: Amoonguss|Rage Powder|p1b: Amoonguss\n|-singleturn|p1b: Amoonguss|move: Rage Powder\n|move|p1a: Dragonite|Stomping Tantrum|p2a: Chandelure\n|-supereffective|p2a: Chandelure\n|-damage|p2a: Chandelure|25\/100 slp\n|cant|p2a: Chandelure|slp\n|\n|-damage|p1b: Amoonguss|23\/100 brn|[from] brn\n|upkeep\n|turn|4\n|\n|t:|1726684232\n|move|p1b: Amoonguss|Rage Powder|p1b: Amoonguss\n|-singleturn|p1b: Amoonguss|move: Rage Powder\n|move|p2b: Archaludon|Electro Shot||[still]\n|-prepare|p2b: Archaludon|Electro Shot\n|-boost|p2b: Archaludon|spa|1\n|-enditem|p2b: Archaludon|Power Herb\n|-anim|p2b: Archaludon|Electro Shot|p1b: Amoonguss\n|-resisted|p1b: Amoonguss\n|-damage|p1b: Amoonguss|0 fnt\n|faint|p1b: Amoonguss\n|move|p1a: Dragonite|Stomping Tantrum|p2a: Chandelure\n|-supereffective|p2a: Chandelure\n|-damage|p2a: Chandelure|0 fnt\n|faint|p2a: Chandelure\n|\n|upkeep\n|\n|t:|1726684240\n|switch|p2a: Primarina|Primarina, L50, M|100\/100\n|switch|p1b: Archaludon|Archaludon, L50, F|100\/100\n|turn|5\n|\n|t:|1726684283\n|move|p1a: Dragonite|Protect|p1a: Dragonite\n|-singleturn|p1a: Dragonite|Protect\n|move|p1b: Archaludon|Protect|p1b: Archaludon\n|-singleturn|p1b: Archaludon|Protect\n|move|p2b: Archaludon|Flash Cannon|p1a: Dragonite\n|-activate|p1a: Dragonite|move: Protect\n|move|p2a: Primarina|Moonblast|p1b: Archaludon\n|-activate|p1b: Archaludon|move: Protect\n|\n|-sideend|p2: ggttmmhh|move: Tailwind\n|upkeep\n|turn|6\n|\n|t:|1726684289\n|move|p2a: Primarina|Protect|p2a: Primarina\n|-singleturn|p2a: Primarina|Protect\n|move|p1a: Dragonite|Stomping Tantrum|p2b: Archaludon\n|-supereffective|p2b: Archaludon\n|-damage|p2b: Archaludon|50\/100\n|move|p1b: Archaludon|Electro Shot||[still]\n|-prepare|p1b: Archaludon|Electro Shot\n|-boost|p1b: Archaludon|spa|1\n|-enditem|p1b: Archaludon|Power Herb\n|-anim|p1b: Archaludon|Electro Shot|p2a: Primarina\n|-activate|p2a: Primarina|move: Protect\n|move|p2b: Archaludon|Flash Cannon|p1a: Dragonite\n|-damage|p1a: Dragonite|0 fnt\n|faint|p1a: Dragonite\n|\n|upkeep\n|\n|t:|1726684295\n|switch|p1a: Kingambit|Kingambit, L50, M|100\/100\n|turn|7\n|\n|t:|1726684332\n|move|p1b: Archaludon|Draco Meteor|p2b: Archaludon\n|-crit|p2b: Archaludon\n|-damage|p2b: Archaludon|0 fnt\n|-unboost|p1b: Archaludon|spa|2\n|faint|p2b: Archaludon\n|move|p2a: Primarina|Hyper Voice|p1b: Archaludon|[spread] p1a,p1b\n|-resisted|p1b: Archaludon\n|-damage|p1a: Kingambit|72\/100\n|-damage|p1b: Archaludon|67\/100\n|move|p1a: Kingambit|Iron Head|p2a: Primarina\n|-damage|p2a: Primarina|44\/100\n|\n|upkeep\n|turn|8\n|\n|t:|1726684339\n|move|p1b: Archaludon|Flash Cannon|p2a: Primarina\n|-crit|p2a: Primarina\n|-damage|p2a: Primarina|0 fnt\n|faint|p2a: Primarina\n|\n|win|very demure\n|raw|very demure's rating: 1733 &rarr; <strong>1758<\/strong><br \/>(+25 for winning)\n|raw|ggttmmhh's rating: 1824 &rarr; <strong>1799<\/strong><br \/>(-25 for losing)\n|l|\u2606very demure\n|player|p1|\n|l|\u2606ggttmmhh\n|player|p2|\n|l| BonoboF\n","uploadtime":1726684521,"views":95,"formatid":"gen9vgc2024regh","rating":1758,"private":0,"password":null}