{"id":"gen9vgc2024regh-2205647707","format":"[Gen 9] VGC 2024 Reg H","players":["Erupt Isle dis f(x","kojimuranishi"],"log":"|j|\u2606Erupt Isle dis f(x\n|j|\u2606kojimuranishi\n|t:|1726814617\n|gametype|doubles\n|player|p1|Erupt Isle dis f(x|101|1768\n|player|p2|kojimuranishi|101|1733\n|teamsize|p1|6\n|teamsize|p2|6\n|gen|9\n|tier|[Gen 9] VGC 2024 Reg H\n|rated|\n|rule|Species Clause: Limit one of each Pok\u00e9mon\n|rule|Item Clause: Limit 1 of each item\n|clearpoke\n|poke|p1|Archaludon, L50, M|\n|poke|p1|Dragonite, L50, F|\n|poke|p1|Gengar, L50, F|\n|poke|p1|Kingambit, L50, M|\n|poke|p1|Pelipper, L50, F|\n|poke|p1|Primarina, L50, F|\n|poke|p2|Ursaluna-Bloodmoon, L50, M|\n|poke|p2|Amoonguss, L50, M|\n|poke|p2|Incineroar, L50, F|\n|poke|p2|Archaludon, L50, F|\n|poke|p2|Pelipper, L50, F|\n|poke|p2|Whimsicott, L50, F|\n|teampreview|4\n|inactive|Battle timer is ON: inactive players will automatically lose when time's up. (requested by Erupt Isle dis f(x)\n|\n|t:|1726814644\n|start\n|switch|p1a: Archaludon|Archaludon, L50, M|100\/100\n|switch|p1b: Gengar|Gengar, L50, F|100\/100\n|switch|p2a: Archaludon|Archaludon, L50, F|100\/100\n|switch|p2b: Incineroar|Incineroar, L50, F|100\/100\n|-ability|p2b: Incineroar|Intimidate|boost\n|-unboost|p1a: Archaludon|atk|1\n|-unboost|p1b: Gengar|atk|1\n|turn|1\n|\n|t:|1726814661\n|move|p1a: Archaludon|Protect|p1a: Archaludon\n|-singleturn|p1a: Archaludon|Protect\n|move|p1b: Gengar|Shadow Ball|p2a: Archaludon\n|-damage|p2a: Archaludon|39\/100\n|move|p2a: Archaludon|Draco Meteor|p1a: Archaludon\n|-activate|p1a: Archaludon|move: Protect\n|move|p2b: Incineroar|Snarl|p1a: Archaludon|[spread] \n|-activate|p1a: Archaludon|move: Protect\n|-miss|p2b: Incineroar|p1b: Gengar\n|\n|upkeep\n|turn|2\n|\n|t:|1726814684\n|switch|p1a: Kingambit|Kingambit, L50, M, shiny|100\/100\n|switch|p2a: Ursaluna|Ursaluna-Bloodmoon, L50, M|100\/100\n|move|p1b: Gengar|Shadow Ball|p2a: Ursaluna\n|-immune|p2a: Ursaluna\n|move|p2b: Incineroar|Snarl|p1a: Kingambit|[spread] p1a,p1b\n|-resisted|p1a: Kingambit\n|-supereffective|p1b: Gengar\n|-damage|p1a: Kingambit|95\/100\n|-damage|p1b: Gengar|65\/100\n|-unboost|p1a: Kingambit|spa|1\n|-ability|p1a: Kingambit|Defiant|boost\n|-boost|p1a: Kingambit|atk|2\n|-unboost|p1b: Gengar|spa|1\n|\n|upkeep\n|turn|3\n|inactive|kojimuranishi has 30 seconds left.\n|j| mistball2\n|inactive|kojimuranishi has 20 seconds left.\n|inactive|kojimuranishi has 15 seconds left.\n|\n|t:|1726814728\n|-terastallize|p1a: Kingambit|Dark\n|move|p1b: Gengar|Icy Wind|p2a: Ursaluna|[spread] p2a,p2b\n|-supereffective|p2a: Ursaluna\n|-resisted|p2b: Incineroar\n|-damage|p2a: Ursaluna|72\/100\n|-damage|p2b: Incineroar|97\/100\n|-unboost|p2a: Ursaluna|spe|1\n|-unboost|p2b: Incineroar|spe|1\n|move|p1a: Kingambit|Assurance|p2a: Ursaluna\n|-damage|p2a: Ursaluna|0 fnt\n|faint|p2a: Ursaluna\n|move|p2b: Incineroar|Will-O-Wisp|p1a: Kingambit\n|-status|p1a: Kingambit|brn\n|\n|-damage|p1a: Kingambit|89\/100 brn|[from] brn\n|upkeep\n|\n|t:|1726814745\n|switch|p2a: Whimsicott|Whimsicott, L50, F|100\/100\n|turn|4\n|\n|t:|1726814755\n|move|p1b: Gengar|Sludge Wave|p2a: Whimsicott|[spread] p1a,p2a,p2b\n|-supereffective|p2a: Whimsicott\n|-damage|p1a: Kingambit|59\/100 brn\n|-enditem|p2a: Whimsicott|Focus Sash\n|-damage|p2a: Whimsicott|1\/100\n|-damage|p2b: Incineroar|77\/100\n|-status|p2a: Whimsicott|psn\n|move|p2a: Whimsicott|Moonblast|p1a: Kingambit\n|-supereffective|p1a: Kingambit\n|-damage|p1a: Kingambit|0 fnt\n|faint|p1a: Kingambit\n|move|p2b: Incineroar|Knock Off|p1b: Gengar\n|-supereffective|p1b: Gengar\n|-damage|p1b: Gengar|0 fnt\n|-enditem|p1b: Gengar|Focus Sash|[from] move: Knock Off|[of] p2b: Incineroar\n|faint|p1b: Gengar\n|\n|-damage|p2a: Whimsicott|0 fnt|[from] psn\n|faint|p2a: Whimsicott\n|upkeep\n|\n|t:|1726814773\n|switch|p1b: Dragonite|Dragonite, L50, F, shiny|100\/100\n|switch|p2a: Archaludon|Archaludon, L50, F|39\/100\n|switch|p1a: Archaludon|Archaludon, L50, M|100\/100\n|turn|5\n|\n|t:|1726814785\n|move|p1a: Archaludon|Electro Shot||[still]\n|-prepare|p1a: Archaludon|Electro Shot\n|-boost|p1a: Archaludon|spa|1\n|-enditem|p1a: Archaludon|Power Herb\n|-anim|p1a: Archaludon|Electro Shot|p2b: Incineroar\n|-damage|p2b: Incineroar|25\/100\n|-enditem|p2b: Incineroar|Sitrus Berry|[eat]\n|-heal|p2b: Incineroar|50\/100|[from] item: Sitrus Berry\n|move|p2a: Archaludon|Draco Meteor|p1a: Archaludon\n|-ability|p1a: Archaludon|Sturdy\n|-damage|p1a: Archaludon|1\/100\n|-unboost|p2a: Archaludon|spa|2\n|move|p1b: Dragonite|Low Kick|p2b: Incineroar\n|-supereffective|p2b: Incineroar\n|-damage|p2b: Incineroar|0 fnt\n|faint|p2b: Incineroar\n|\n|upkeep\n|turn|6\n|\n|t:|1726814803\n|move|p1a: Archaludon|Aura Sphere|p2a: Archaludon\n|-supereffective|p2a: Archaludon\n|-damage|p2a: Archaludon|0 fnt\n|faint|p2a: Archaludon\n|\n|win|Erupt Isle dis f(x\n|raw|Erupt Isle dis f(x's rating: 1768 &rarr; <strong>1786<\/strong><br \/>(+18 for winning)\n|raw|kojimuranishi's rating: 1733 &rarr; <strong>1715<\/strong><br \/>(-18 for losing)\n|l|\u2606Erupt Isle dis f(x\n|player|p1|\n|l|\u2606kojimuranishi\n|player|p2|\n","uploadtime":1726815029,"views":22,"formatid":"gen9vgc2024regh","rating":1715,"private":0,"password":null}