{"id":"gen9vgc2024regh-2205215711","format":"[Gen 9] VGC 2024 Reg H","players":["rough Pult","Arkalid"],"log":"|j|\u2606rough Pult\n|j|\u2606Arkalid\n|t:|1726765459\n|gametype|doubles\n|player|p1|rough Pult|giovanni|1768\n|player|p2|Arkalid|170|1738\n|teamsize|p1|6\n|teamsize|p2|6\n|gen|9\n|tier|[Gen 9] VGC 2024 Reg H\n|rated|\n|rule|Species Clause: Limit one of each Pok\u00e9mon\n|rule|Item Clause: Limit 1 of each item\n|clearpoke\n|poke|p1|Dondozo, L50, M|\n|poke|p1|Dragapult, L50, M|\n|poke|p1|Magmar, L50, F|\n|poke|p1|Kingambit, L50, M|\n|poke|p1|Rillaboom, L50, F|\n|poke|p1|Sneasler, L50, F|\n|poke|p2|Vivillon, L50, M|\n|poke|p2|Garchomp, L50, F|\n|poke|p2|Primarina, L50, F|\n|poke|p2|Porygon2, L50|\n|poke|p2|Incineroar, L50, M|\n|poke|p2|Gholdengo, L50|\n|teampreview|4\n|inactive|Battle timer is ON: inactive players will automatically lose when time's up. (requested by Arkalid)\nArkalid has agreed to open team sheets.\n|inactive|Arkalid has 60 seconds left.\n|\n|t:|1726765497\n|start\n|switch|p1a: Dragapult|Dragapult, L50, M|100\/100\n|switch|p1b: Kingambit|Kingambit, L50, M|100\/100\n|switch|p2a: Vivillon|Vivillon, L50, M|100\/100\n|switch|p2b: Porygon2|Porygon2, L50|100\/100\n|-ability|p2b: Porygon2|Download|boost\n|-boost|p2b: Porygon2|spa|1\n|turn|1\n|\n|t:|1726765520\n|-terastallize|p2b: Porygon2|Fighting\n|-terastallize|p1b: Kingambit|Ghost\n|move|p1a: Dragapult|Dragon Darts|p2a: Vivillon\n|-crit|p2a: Vivillon\n|-enditem|p2a: Vivillon|Focus Sash\n|-damage|p2a: Vivillon|1\/100\n|-anim|p1a: Dragapult|Dragon Darts|p2b: Porygon2\n|-damage|p2b: Porygon2|80\/100\n|move|p2a: Vivillon|Sleep Powder|p1a: Dragapult\n|-status|p1a: Dragapult|slp|[from] move: Sleep Powder\n|move|p2b: Porygon2|Tera Blast|p1b: Kingambit|[anim] Tera Blast Fighting\n|-immune|p1b: Kingambit\n|move|p1b: Kingambit|Swords Dance|p1b: Kingambit\n|-boost|p1b: Kingambit|atk|2\n|\n|upkeep\n|turn|2\n|inactive|Arkalid has 30 seconds left.\n|inactive|rough Pult has 30 seconds left.\n|\n|t:|1726765556\n|switch|p2b: Incineroar|Incineroar, L50, M|100\/100\n|-ability|p2b: Incineroar|Intimidate|boost\n|-fail|p1a: Dragapult|unboost|[from] ability: Clear Body|[of] p1a: Dragapult\n|-unboost|p1b: Kingambit|atk|1\n|-ability|p1b: Kingambit|Defiant|boost\n|-boost|p1b: Kingambit|atk|2\n|cant|p1a: Dragapult|slp\n|move|p2a: Vivillon|Sleep Powder|p1b: Kingambit\n|-activate|p1b: Kingambit|item: Safety Goggles|Sleep Powder\n|move|p1b: Kingambit|Kowtow Cleave|p2a: Vivillon\n|-damage|p2a: Vivillon|0 fnt\n|faint|p2a: Vivillon\n|\n|upkeep\n|\n|t:|1726765572\n|switch|p2a: Porygon2|Porygon2, L50, tera:Fighting|80\/100\n|-ability|p2a: Porygon2|Download|boost\n|-boost|p2a: Porygon2|spa|1\n|turn|3\n|\n|t:|1726765593\n|move|p1b: Kingambit|Protect|p1b: Kingambit\n|-singleturn|p1b: Kingambit|Protect\n|cant|p1a: Dragapult|slp\n|move|p2b: Incineroar|Knock Off|p1a: Dragapult\n|-supereffective|p1a: Dragapult\n|-damage|p1a: Dragapult|0 fnt\n|-enditem|p1a: Dragapult|Choice Band|[from] move: Knock Off|[of] p2b: Incineroar\n|faint|p1a: Dragapult\n|move|p2a: Porygon2|Tera Blast|p1b: Kingambit|[anim] Tera Blast Fighting\n|-activate|p1b: Kingambit|move: Protect\n|\n|upkeep\n|\n|t:|1726765615\n|switch|p1a: Sneasler|Sneasler, L50, F|100\/100\n|turn|4\n|inactive|Arkalid has 30 seconds left.\n|inactive|Arkalid has 20 seconds left.\n|inactive|Arkalid has 15 seconds left.\n|inactive|Arkalid has 10 seconds left.\n|inactive|Arkalid has 5 seconds left.\n|\n|t:|1726765667\n|switch|p2b: Primarina|Primarina, L50, F|100\/100\n|move|p1a: Sneasler|Close Combat|p2b: Primarina\n|-resisted|p2b: Primarina\n|-damage|p2b: Primarina|65\/100\n|-unboost|p1a: Sneasler|def|1\n|-unboost|p1a: Sneasler|spd|1\n|move|p2a: Porygon2|Ice Beam|p1a: Sneasler\n|-damage|p1a: Sneasler|33\/100\n|move|p1b: Kingambit|Kowtow Cleave|p2b: Primarina\n|-resisted|p2b: Primarina\n|-damage|p2b: Primarina|0 fnt\n|faint|p2b: Primarina\n|\n|upkeep\n|\n|t:|1726765680\n|switch|p2b: Incineroar|Incineroar, L50, M|100\/100\n|-ability|p2b: Incineroar|Intimidate|boost\n|-unboost|p1a: Sneasler|atk|1\n|-unboost|p1b: Kingambit|atk|1\n|-ability|p1b: Kingambit|Defiant|boost\n|-boost|p1b: Kingambit|atk|2\n|turn|5\n|\n|t:|1726765696\n|switch|p1a: Rillaboom|Rillaboom, L50, F|100\/100\n|-fieldstart|move: Grassy Terrain|[from] ability: Grassy Surge|[of] p1a: Rillaboom\n|move|p1b: Kingambit|Protect|p1b: Kingambit\n|-singleturn|p1b: Kingambit|Protect\n|move|p2b: Incineroar|Knock Off|p1b: Kingambit\n|-activate|p1b: Kingambit|move: Protect\n|move|p2a: Porygon2|Ice Beam|p1a: Rillaboom\n|-supereffective|p1a: Rillaboom\n|-damage|p1a: Rillaboom|58\/100\n|\n|-heal|p1a: Rillaboom|63\/100|[from] Grassy Terrain\n|-heal|p2a: Porygon2|86\/100|[from] Grassy Terrain\n|upkeep\n|turn|6\n|inactive|rough Pult has 30 seconds left.\n|inactive|Arkalid has 30 seconds left.\n|inactive|Arkalid has 20 seconds left.\n|inactive|Arkalid has 15 seconds left.\n|\n|t:|1726765737\n|move|p1a: Rillaboom|Wood Hammer|p2a: Porygon2\n|-damage|p2a: Porygon2|46\/100\n|-damage|p1a: Rillaboom|51\/100|[from] Recoil\n|move|p2b: Incineroar|Knock Off|p1b: Kingambit\n|-supereffective|p1b: Kingambit\n|-damage|p1b: Kingambit|44\/100\n|-enditem|p1b: Kingambit|Safety Goggles|[from] move: Knock Off|[of] p2b: Incineroar\n|move|p2a: Porygon2|Ice Beam|p1a: Rillaboom\n|-supereffective|p1a: Rillaboom\n|-damage|p1a: Rillaboom|11\/100\n|move|p1b: Kingambit|Kowtow Cleave|p2a: Porygon2\n|-resisted|p2a: Porygon2\n|-damage|p2a: Porygon2|9\/100\n|\n|-heal|p1a: Rillaboom|17\/100|[from] Grassy Terrain\n|-heal|p2a: Porygon2|16\/100|[from] Grassy Terrain\n|-heal|p1b: Kingambit|50\/100|[from] Grassy Terrain\n|upkeep\n|turn|7\n|\n|t:|1726765761\n|move|p1b: Kingambit|Protect|p1b: Kingambit\n|-singleturn|p1b: Kingambit|Protect\n|move|p1a: Rillaboom|Wood Hammer|p2a: Porygon2\n|-damage|p2a: Porygon2|0 fnt\n|faint|p2a: Porygon2\n|-damage|p1a: Rillaboom|12\/100|[from] Recoil\n|move|p2b: Incineroar|Knock Off|p1b: Kingambit\n|-activate|p1b: Kingambit|move: Protect\n|\n|-heal|p1a: Rillaboom|18\/100|[from] Grassy Terrain\n|-heal|p1b: Kingambit|56\/100|[from] Grassy Terrain\n|upkeep\n|turn|8\n|\n|t:|1726765777\n|move|p1a: Rillaboom|U-turn|p2b: Incineroar\n|-damage|p2b: Incineroar|81\/100\n|\n|t:|1726765780\n|switch|p1a: Sneasler|Sneasler, L50, F|33\/100|[from] U-turn\n|move|p2b: Incineroar|Knock Off|p1b: Kingambit\n|-supereffective|p1b: Kingambit\n|-damage|p1b: Kingambit|15\/100\n|move|p1b: Kingambit|Kowtow Cleave|p2b: Incineroar\n|-resisted|p2b: Incineroar\n|-damage|p2b: Incineroar|22\/100\n|\n|-heal|p1a: Sneasler|38\/100|[from] Grassy Terrain\n|-heal|p2b: Incineroar|28\/100|[from] Grassy Terrain\n|-heal|p1b: Kingambit|21\/100|[from] Grassy Terrain\n|upkeep\n|turn|9\n|-message|Arkalid forfeited.\n|\n|win|rough Pult\n|raw|rough Pult's rating: 1768 &rarr; <strong>1786<\/strong><br \/>(+18 for winning)\n|raw|Arkalid's rating: 1738 &rarr; <strong>1720<\/strong><br \/>(-18 for losing)\n|l|\u2606Arkalid\n|player|p2|\n|l|\u2606rough Pult\n|player|p1|\n","uploadtime":1726766028,"views":44,"formatid":"gen9vgc2024regh","rating":1720,"private":0,"password":null}