{"id":"gen9vgc2024regh-2205400294","format":"[Gen 9] VGC 2024 Reg H","players":["roykeenkennedy","Hikawari"],"log":"|j|\u2606roykeenkennedy\n|j|\u2606Hikawari\n|t:|1726782048\n|gametype|doubles\n|player|p1|roykeenkennedy|alder|1751\n|player|p2|Hikawari|266|1679\n|teamsize|p1|6\n|teamsize|p2|6\n|gen|9\n|tier|[Gen 9] VGC 2024 Reg H\n|rated|\n|rule|Species Clause: Limit one of each Pok\u00e9mon\n|rule|Item Clause: Limit 1 of each item\n|clearpoke\n|poke|p1|Salamence, L50, M|\n|poke|p1|Incineroar, L50, F|\n|poke|p1|Weezing, L50, F|\n|poke|p1|Dragapult, L50, M|\n|poke|p1|Ursaluna-Bloodmoon, L50, M|\n|poke|p1|Primarina, L50, F|\n|poke|p2|Sneasler, L50, F|\n|poke|p2|Murkrow, L50, M|\n|poke|p2|Gholdengo, L50|\n|poke|p2|Indeedee, L50, M|\n|poke|p2|Annihilape, L50, F|\n|poke|p2|Sinistcha, L50|\n|teampreview|4\n|inactive|Battle timer is ON: inactive players will automatically lose when time's up. (requested by Hikawari)\n|\n|t:|1726782079\n|start\n|switch|p1a: Weezing|Weezing, L50, F|100\/100\n|switch|p1b: Dragapult|Dragapult, L50, M|100\/100\n|switch|p2a: Indeedee|Indeedee, L50, M|100\/100\n|switch|p2b: Gholdengo|Gholdengo, L50|100\/100\n|-ability|p1a: Weezing|Neutralizing Gas\n|turn|1\n|inactive|roykeenkennedy has 30 seconds left.\n|\n|t:|1726782108\n|-terastallize|p2b: Gholdengo|Steel\n|move|p1a: Weezing|Protect|p1a: Weezing\n|-singleturn|p1a: Weezing|Protect\n|move|p1b: Dragapult|Sucker Punch|p2a: Indeedee\n|-supereffective|p2a: Indeedee\n|-crit|p2a: Indeedee\n|-enditem|p2a: Indeedee|Focus Sash\n|-damage|p2a: Indeedee|1\/100\n|move|p2a: Indeedee|Expanding Force|p1a: Weezing\n|-activate|p1a: Weezing|move: Protect\n|move|p2b: Gholdengo|Make It Rain|p1a: Weezing|[spread] p1b\n|-activate|p1a: Weezing|move: Protect\n|-damage|p1b: Dragapult|0 fnt\n|-unboost|p2b: Gholdengo|spa|1\n|faint|p1b: Dragapult\n|\n|upkeep\n|\n|t:|1726782128\n|switch|p1b: Ursaluna|Ursaluna-Bloodmoon, L50, M|100\/100\n|turn|2\n|\n|t:|1726782139\n|move|p1b: Ursaluna|Vacuum Wave|p2a: Indeedee\n|-damage|p2a: Indeedee|0 fnt\n|faint|p2a: Indeedee\n|move|p2b: Gholdengo|Make It Rain|p1b: Ursaluna|[spread] p1a,p1b\n|-damage|p1a: Weezing|19\/100\n|-damage|p1b: Ursaluna|47\/100\n|-unboost|p2b: Gholdengo|spa|1\n|move|p1a: Weezing|Will-O-Wisp|p2b: Gholdengo\n|-status|p2b: Gholdengo|brn\n|\n|-heal|p1a: Weezing|25\/100|[from] item: Leftovers\n|-damage|p2b: Gholdengo|94\/100 brn|[from] brn\n|upkeep\n|\n|t:|1726782143\n|switch|p2a: Sneasler|Sneasler, L50, F, shiny|100\/100\n|turn|3\n|inactive|roykeenkennedy has 30 seconds left.\n|inactive|roykeenkennedy has 20 seconds left.\n|\n|t:|1726782180\n|switch|p1b: Incineroar|Incineroar, L50, F|100\/100\n|-ability|p1b: Incineroar|Intimidate|boost\n|-unboost|p2a: Sneasler|atk|1\n|-unboost|p2b: Gholdengo|atk|1\n|move|p1a: Weezing|Protect|p1a: Weezing\n|-singleturn|p1a: Weezing|Protect\n|move|p2a: Sneasler|Close Combat|p1b: Incineroar\n|-supereffective|p1b: Incineroar\n|-damage|p1b: Incineroar|4\/100\n|-unboost|p2a: Sneasler|def|1\n|-unboost|p2a: Sneasler|spd|1\n|move|p2b: Gholdengo|Make It Rain|p1b: Incineroar|[spread] p1b\n|-activate|p1a: Weezing|move: Protect\n|-resisted|p1b: Incineroar\n|-damage|p1b: Incineroar|0 fnt\n|-unboost|p2b: Gholdengo|spa|1\n|faint|p1b: Incineroar\n|\n|-heal|p1a: Weezing|31\/100|[from] item: Leftovers\n|-damage|p2b: Gholdengo|88\/100 brn|[from] brn\n|upkeep\n|j| txxhey01\n|inactive|roykeenkennedy has 30 seconds left.\n|inactive|roykeenkennedy has 20 seconds left.\n|inactive|roykeenkennedy has 15 seconds left.\n|inactive|roykeenkennedy has 10 seconds left.\n|inactive|roykeenkennedy has 5 seconds left.\n|\n|t:|1726782230\n|switch|p1b: Ursaluna|Ursaluna-Bloodmoon, L50, M|47\/100\n|turn|4\n|j| mr pogostick\n|\n|t:|1726782239\n|switch|p2b: Murkrow|Murkrow, L50, M|100\/100\n|move|p2a: Sneasler|Close Combat|p1b: Ursaluna\n|-supereffective|p1b: Ursaluna\n|-damage|p1b: Ursaluna|0 fnt\n|-unboost|p2a: Sneasler|def|1\n|-unboost|p2a: Sneasler|spd|1\n|faint|p1b: Ursaluna\n|move|p1a: Weezing|Will-O-Wisp|p2a: Sneasler\n|-status|p2a: Sneasler|brn\n|\n|-heal|p1a: Weezing|37\/100|[from] item: Leftovers\n|-damage|p2a: Sneasler|95\/100 brn|[from] brn\n|upkeep\n|turn|5\n|inactive|roykeenkennedy has 30 seconds left.\n|inactive|roykeenkennedy has 20 seconds left.\n|inactive|roykeenkennedy has 15 seconds left.\n|inactive|roykeenkennedy has 10 seconds left.\n|inactive|roykeenkennedy has 5 seconds left.\n|l| txxhey01\n|\n|t:|1726782294\n|move|p2a: Sneasler|Dire Claw|p1a: Weezing\n|-resisted|p1a: Weezing\n|-damage|p1a: Weezing|32\/100\n|-status|p1a: Weezing|slp\n|move|p2b: Murkrow|Haze|p2b: Murkrow\n|-clearallboost\n|cant|p1a: Weezing|slp\n|\n|-heal|p1a: Weezing|38\/100 slp|[from] item: Leftovers\n|-damage|p2a: Sneasler|89\/100 brn|[from] brn\n|upkeep\n|turn|6\n|inactive|roykeenkennedy has 30 seconds left.\n|inactive|roykeenkennedy has 20 seconds left.\n|inactive|roykeenkennedy has 15 seconds left.\n|inactive|roykeenkennedy has 10 seconds left.\n|inactive|roykeenkennedy has 5 seconds left.\n|\n|t:|1726782349\n|switch|p2b: Gholdengo|Gholdengo, L50, tera:Steel|88\/100 brn\n|move|p2a: Sneasler|Lash Out|p1a: Weezing\n|-crit|p1a: Weezing\n|-damage|p1a: Weezing|20\/100 slp\n|cant|p1a: Weezing|slp\n|\n|-heal|p1a: Weezing|27\/100 slp|[from] item: Leftovers\n|-damage|p2a: Sneasler|83\/100 brn|[from] brn\n|-damage|p2b: Gholdengo|82\/100 brn|[from] brn\n|upkeep\n|turn|7\n|inactive|roykeenkennedy has 30 seconds left.\n|inactive|roykeenkennedy has 20 seconds left.\n|inactive|roykeenkennedy has 15 seconds left.\n|inactive|roykeenkennedy has 10 seconds left.\n|inactive|roykeenkennedy has 5 seconds left.\n|\n|t:|1726782404\n|move|p2a: Sneasler|Close Combat|p1a: Weezing\n|-resisted|p1a: Weezing\n|-damage|p1a: Weezing|15\/100 slp\n|-unboost|p2a: Sneasler|def|1\n|-unboost|p2a: Sneasler|spd|1\n|move|p2b: Gholdengo|Make It Rain|p1a: Weezing\n|-damage|p1a: Weezing|0 fnt\n|-unboost|p2b: Gholdengo|spa|1\n|faint|p1a: Weezing\n|-end|p1a: Weezing|ability: Neutralizing Gas\n|\n|win|Hikawari\n|raw|roykeenkennedy's rating: 1751 &rarr; <strong>1727<\/strong><br \/>(-24 for losing)\n|raw|Hikawari's rating: 1679 &rarr; <strong>1703<\/strong><br \/>(+24 for winning)\n|l|\u2606roykeenkennedy\n|player|p1|\n|l|\u2606Hikawari\n|player|p2|\n|l| mr pogostick\n","uploadtime":1726782668,"views":36,"formatid":"gen9vgc2024regh","rating":1703,"private":0,"password":null}