{"id":"gen9vgc2024regh-2205569492","format":"[Gen 9] VGC 2024 Reg H","players":["Jamel1","helio list"],"log":"|j|\u2606Jamel1\n|j|\u2606helio list\n|t:|1726801889\n|gametype|doubles\n|player|p1|Jamel1|cyrus|1700\n|player|p2|helio list|pokemonbreederf|1738\n|teamsize|p1|6\n|teamsize|p2|6\n|gen|9\n|tier|[Gen 9] VGC 2024 Reg H\n|rated|\n|rule|Species Clause: Limit one of each Pok\u00e9mon\n|rule|Item Clause: Limit 1 of each item\n|clearpoke\n|poke|p1|Indeedee-F, L50, F|\n|poke|p1|Armarouge, L50, M|\n|poke|p1|Stonjourner, L50, F|\n|poke|p1|Sneasler, L50, M|\n|poke|p1|Stantler, L50, M|\n|poke|p1|Milotic, L50, F|\n|poke|p2|Dondozo, L50, F|\n|poke|p2|Maushold-Four, L50|\n|poke|p2|Glimmora, L50, M|\n|poke|p2|Talonflame, L50, F|\n|poke|p2|Gholdengo, L50|\n|poke|p2|Tatsugiri-Stretchy, L50, M|\n|teampreview|4\n|inactive|Battle timer is ON: inactive players will automatically lose when time's up. (requested by helio list)\n|\n|t:|1726801905\n|start\n|switch|p1a: Armarouge|Armarouge, L50, M|100\/100\n|switch|p1b: Stonjourner|Stonjourner, L50, F|100\/100\n|switch|p2a: Maushold|Maushold-Four, L50|100\/100\n|switch|p2b: Gholdengo|Gholdengo, L50|100\/100\n|turn|1\n|\n|t:|1726801926\n|move|p2b: Gholdengo|Protect|p2b: Gholdengo\n|-singleturn|p2b: Gholdengo|Protect\n|move|p1a: Armarouge|Endure|p1a: Armarouge\n|-singleturn|p1a: Armarouge|move: Endure\n|move|p2a: Maushold|Population Bomb|p1a: Armarouge\n|-damage|p1a: Armarouge|89\/100\n|-ability|p1a: Armarouge|Weak Armor|boost\n|-unboost|p1a: Armarouge|def|1\n|-boost|p1a: Armarouge|spe|2\n|-damage|p1a: Armarouge|71\/100\n|-ability|p1a: Armarouge|Weak Armor|boost\n|-unboost|p1a: Armarouge|def|1\n|-boost|p1a: Armarouge|spe|2\n|-damage|p1a: Armarouge|48\/100\n|-ability|p1a: Armarouge|Weak Armor|boost\n|-unboost|p1a: Armarouge|def|1\n|-boost|p1a: Armarouge|spe|2\n|-damage|p1a: Armarouge|16\/100\n|-ability|p1a: Armarouge|Weak Armor|boost\n|-unboost|p1a: Armarouge|def|1\n|-activate|p1a: Armarouge|move: Endure\n|-damage|p1a: Armarouge|1\/100\n|-ability|p1a: Armarouge|Weak Armor|boost\n|-unboost|p1a: Armarouge|def|1\n|-activate|p1a: Armarouge|move: Endure\n|-damage|p1a: Armarouge|1\/100\n|-ability|p1a: Armarouge|Weak Armor|boost\n|-unboost|p1a: Armarouge|def|1\n|-activate|p1a: Armarouge|move: Endure\n|-damage|p1a: Armarouge|1\/100\n|-activate|p1a: Armarouge|move: Endure\n|-damage|p1a: Armarouge|1\/100\n|-activate|p1a: Armarouge|move: Endure\n|-damage|p1a: Armarouge|1\/100\n|-activate|p1a: Armarouge|move: Endure\n|-damage|p1a: Armarouge|1\/100\n|-hitcount|p1a: Armarouge|10\n|move|p1b: Stonjourner|Earthquake|p2a: Maushold|[spread] p1a,p2a\n|-activate|p2b: Gholdengo|move: Protect\n|-supereffective|p1a: Armarouge\n|-activate|p1a: Armarouge|move: Endure\n|-damage|p1a: Armarouge|1\/100\n|-damage|p2a: Maushold|63\/100\n|-enditem|p1a: Armarouge|Weakness Policy\n|-boost|p1a: Armarouge|atk|2|[from] item: Weakness Policy\n|-boost|p1a: Armarouge|spa|2|[from] item: Weakness Policy\n|\n|upkeep\n|turn|2\n|\n|t:|1726801943\n|switch|p2a: Dondozo|Dondozo, L50, F|100\/100\n|switch|p2b: Tatsugiri|Tatsugiri-Stretchy, L50, M, shiny|100\/100\n|-activate|p2b: Tatsugiri|ability: Commander|[of] p2a: Dondozo\n|-boost|p2a: Dondozo|atk|2\n|-boost|p2a: Dondozo|spa|2\n|-boost|p2a: Dondozo|spe|2\n|-boost|p2a: Dondozo|def|2\n|-boost|p2a: Dondozo|spd|2\n|move|p1a: Armarouge|Heat Wave|p2a: Dondozo|[spread] p2a\n|-miss|p1a: Armarouge|p2b: Tatsugiri\n|-resisted|p2a: Dondozo\n|-damage|p2a: Dondozo|87\/100\n|move|p1b: Stonjourner|Rock Blast|p2a: Dondozo\n|-damage|p2a: Dondozo|83\/100\n|-damage|p2a: Dondozo|79\/100\n|-hitcount|p2a: Dondozo|2\n|\n|-heal|p2a: Dondozo|85\/100|[from] item: Leftovers\n|upkeep\n|turn|3\n|\n|t:|1726801954\n|move|p1a: Armarouge|Expanding Force|p2a: Dondozo\n|-damage|p2a: Dondozo|59\/100\n|move|p2a: Dondozo|Earthquake|p1b: Stonjourner|[spread] p1a,p1b\n|-miss|p2a: Dondozo|p2b: Tatsugiri\n|-supereffective|p1a: Armarouge\n|-supereffective|p1b: Stonjourner\n|-damage|p1a: Armarouge|0 fnt\n|-damage|p1b: Stonjourner|25\/100\n|faint|p1a: Armarouge\n|move|p1b: Stonjourner|Rock Blast|p2a: Dondozo\n|-damage|p2a: Dondozo|54\/100\n|-damage|p2a: Dondozo|49\/100\n|-damage|p2a: Dondozo|44\/100\n|-damage|p2a: Dondozo|39\/100\n|-crit|p2a: Dondozo\n|-damage|p2a: Dondozo|26\/100\n|-hitcount|p2a: Dondozo|5\n|\n|-heal|p2a: Dondozo|32\/100|[from] item: Leftovers\n|upkeep\n|\n|t:|1726801960\n|switch|p1a: Stantler|Stantler, L50, M|100\/100\n|-ability|p1a: Stantler|Intimidate|boost\n|-unboost|p2a: Dondozo|atk|1\n|-unboost|p2b: Tatsugiri|atk|1\n|turn|4\n|\n|t:|1726801966\n|switch|p1b: Milotic|Milotic, L50, F|100\/100\n|move|p1a: Stantler|Skill Swap|p2a: Dondozo\n|-activate|p1a: Stantler|move: Skill Swap|Unaware|Intimidate|[of] p2a: Dondozo\n|-ability|p2a: Dondozo|Intimidate|boost\n|-unboost|p1a: Stantler|atk|1\n|-unboost|p1b: Milotic|atk|1\n|-ability|p1b: Milotic|Competitive|boost\n|-boost|p1b: Milotic|spa|2\n|-enditem|p1b: Milotic|Adrenaline Orb\n|-boost|p1b: Milotic|spe|1|[from] item: Adrenaline Orb\n|move|p2a: Dondozo|Earthquake|p1b: Milotic|[spread] p1a,p1b\n|-miss|p2a: Dondozo|p2b: Tatsugiri\n|-damage|p1a: Stantler|80\/100\n|-damage|p1b: Milotic|61\/100\n|\n|-heal|p2a: Dondozo|38\/100|[from] item: Leftovers\n|upkeep\n|turn|5\n|\n|t:|1726801983\n|move|p1b: Milotic|Coil|p1b: Milotic\n|-boost|p1b: Milotic|atk|1\n|-boost|p1b: Milotic|def|1\n|-boost|p1b: Milotic|accuracy|1\n|move|p1a: Stantler|Psych Up|p2a: Dondozo\n|-copyboost|p1a: Stantler|p2a: Dondozo|[from] move: Psych Up\n|move|p2a: Dondozo|Wave Crash|p1a: Stantler\n|-damage|p1a: Stantler|55\/100\n|-damage|p2a: Dondozo|33\/100|[from] Recoil\n|\n|-heal|p2a: Dondozo|40\/100|[from] item: Leftovers\n|upkeep\n|turn|6\n|\n|t:|1726801994\n|move|p1a: Stantler|Stored Power|p2a: Dondozo\n|-damage|p2a: Dondozo|0 fnt\n|faint|p2a: Dondozo\n|move|p1b: Milotic|Recover|p1b: Milotic\n|-heal|p1b: Milotic|100\/100\n|\n|upkeep\n|j| weakertt\n|\n|t:|1726802008\n|switch|p2a: Maushold|Maushold-Four, L50|63\/100\n|turn|7\n|\n|t:|1726802028\n|-terastallize|p2b: Tatsugiri|Dragon\n|move|p1a: Stantler|Stored Power|p2b: Tatsugiri\n|-damage|p2b: Tatsugiri|0 fnt\n|faint|p2b: Tatsugiri\n|move|p1b: Milotic|Blizzard|p2a: Maushold|[miss]\n|-miss|p1b: Milotic|p2a: Maushold\n|move|p2a: Maushold|Population Bomb|p1a: Stantler\n|-damage|p1a: Stantler|48\/100\n|-damage|p1a: Stantler|44\/100\n|-damage|p1a: Stantler|38\/100\n|-damage|p1a: Stantler|32\/100\n|-damage|p1a: Stantler|25\/100\n|-damage|p1a: Stantler|19\/100\n|-damage|p1a: Stantler|13\/100\n|-damage|p1a: Stantler|7\/100\n|-damage|p1a: Stantler|1\/100\n|-damage|p1a: Stantler|0 fnt\n|faint|p1a: Stantler\n|-hitcount|p1: Stantler|10\n|\n|upkeep\n|\n|t:|1726802039\n|switch|p1a: Stonjourner|Stonjourner, L50, F|25\/100\n|switch|p2b: Gholdengo|Gholdengo, L50|100\/100\n|turn|8\n|\n|t:|1726802053\n|move|p1a: Stonjourner|Wide Guard|p1a: Stonjourner\n|-singleturn|p1a: Stonjourner|Wide Guard\n|move|p1b: Milotic|Muddy Water|p2b: Gholdengo|[spread] p2a,p2b\n|-damage|p2a: Maushold|0 fnt\n|-damage|p2b: Gholdengo|19\/100\n|-unboost|p2b: Gholdengo|accuracy|1\n|faint|p2a: Maushold\n|move|p2b: Gholdengo|Nasty Plot|p2b: Gholdengo\n|-boost|p2b: Gholdengo|spa|2\n|\n|upkeep\n|turn|9\n|-message|helio list forfeited.\n|\n|win|Jamel1\n|raw|Jamel1's rating: 1700 &rarr; <strong>1722<\/strong><br \/>(+22 for winning)\n|raw|helio list's rating: 1738 &rarr; <strong>1716<\/strong><br \/>(-22 for losing)\n|l|\u2606helio list\n|player|p2|\n|l|\u2606Jamel1\n|player|p1|\n","uploadtime":1726802326,"views":29,"formatid":"gen9vgc2024regh","rating":1716,"private":0,"password":null}