{"id":"gen9vgc2024regh-2205637441","format":"[Gen 9] VGC 2024 Reg H","players":["kinokoatamakinoko","Woopah96"],"log":"|j|\u2606kinokoatamakinoko\n|j|\u2606Woopah96\n|t:|1726812781\n|gametype|doubles\n|player|p1|kinokoatamakinoko|cynthia|1715\n|player|p2|Woopah96|1|1672\n|teamsize|p1|6\n|teamsize|p2|6\n|gen|9\n|tier|[Gen 9] VGC 2024 Reg H\n|rated|\n|rule|Species Clause: Limit one of each Pok\u00e9mon\n|rule|Item Clause: Limit 1 of each item\n|clearpoke\n|poke|p1|Archaludon, L50, F|\n|poke|p1|Dondozo, L50, F|\n|poke|p1|Tatsugiri, L50, M|\n|poke|p1|Dragonite, L50, F|\n|poke|p1|Rotom-Heat, L50|\n|poke|p1|Meowscarada, L50, F|\n|poke|p2|Gholdengo, L50|\n|poke|p2|Dondozo, L50, F|\n|poke|p2|Dragonite, L50, F|\n|poke|p2|Tatsugiri, L50, M|\n|poke|p2|Glimmora, L50, F|\n|poke|p2|Whimsicott, L50, F|\n|teampreview|4\n|inactive|Battle timer is ON: inactive players will automatically lose when time's up. (requested by kinokoatamakinoko)\n|\n|t:|1726812814\n|start\n|switch|p1a: Archaludon|Archaludon, L50, F|100\/100\n|switch|p1b: Rotom|Rotom-Heat, L50|100\/100\n|switch|p2a: Dragonite|Dragonite, L50, F|100\/100\n|switch|p2b: Glimmora|Glimmora, L50, F|100\/100\n|turn|1\n|\n|t:|1726812840\n|move|p2b: Glimmora|Spiky Shield|p2b: Glimmora\n|-singleturn|p2b: Glimmora|move: Protect\n|move|p1b: Rotom|Protect|p1b: Rotom\n|-singleturn|p1b: Rotom|Protect\n|move|p1a: Archaludon|Electro Shot||[still]\n|-prepare|p1a: Archaludon|Electro Shot\n|-boost|p1a: Archaludon|spa|1\n|-enditem|p1a: Archaludon|Power Herb\n|-anim|p1a: Archaludon|Electro Shot|p2b: Glimmora\n|-activate|p2b: Glimmora|move: Protect\n|move|p2a: Dragonite|Stomping Tantrum|p1a: Archaludon\n|-supereffective|p1a: Archaludon\n|-damage|p1a: Archaludon|46\/100\n|\n|upkeep\n|turn|2\n|inactive|Woopah96 has 30 seconds left.\n|inactive|Woopah96 has 20 seconds left.\n|inactive|Woopah96 has 15 seconds left.\n|inactive|Woopah96 has 10 seconds left.\n|inactive|Woopah96 has 5 seconds left.\n|\n|t:|1726812894\n|-terastallize|p2b: Glimmora|Stellar\n|move|p1a: Archaludon|Protect|p1a: Archaludon\n|-singleturn|p1a: Archaludon|Protect\n|move|p2a: Dragonite|Extreme Speed|p1a: Archaludon\n|-activate|p1a: Archaludon|move: Protect\n|move|p2b: Glimmora|Earth Power|p1a: Archaludon\n|-activate|p1a: Archaludon|move: Protect\n|move|p1b: Rotom|Will-O-Wisp|p2a: Dragonite\n|-status|p2a: Dragonite|brn\n|\n|-damage|p2a: Dragonite|94\/100 brn|[from] brn\n|upkeep\n|turn|3\n|\n|t:|1726812916\n|switch|p1a: Dragonite|Dragonite, L50, F|100\/100\n|move|p2b: Glimmora|Spiky Shield|p2b: Glimmora\n|-singleturn|p2b: Glimmora|move: Protect\n|move|p1b: Rotom|Thunderbolt|p2b: Glimmora\n|-activate|p2b: Glimmora|move: Protect\n|move|p2a: Dragonite|Stomping Tantrum|p1a: Dragonite\n|-immune|p1a: Dragonite\n|\n|-damage|p2a: Dragonite|88\/100 brn|[from] brn\n|upkeep\n|turn|4\n|\n|t:|1726812933\n|switch|p1a: Archaludon|Archaludon, L50, F|46\/100\n|move|p2b: Glimmora|Power Gem|p1b: Rotom\n|-supereffective|p1b: Rotom\n|-damage|p1b: Rotom|0 fnt\n|faint|p1b: Rotom\n|move|p2a: Dragonite|Ice Spinner|p1a: Archaludon\n|-damage|p1a: Archaludon|33\/100\n|\n|-damage|p2a: Dragonite|82\/100 brn|[from] brn\n|upkeep\n|\n|t:|1726812946\n|switch|p1b: Dragonite|Dragonite, L50, F|100\/100\n|turn|5\n|\n|t:|1726812953\n|move|p2b: Glimmora|Spiky Shield|p2b: Glimmora\n|-singleturn|p2b: Glimmora|move: Protect\n|move|p1a: Archaludon|Protect|p1a: Archaludon\n|-singleturn|p1a: Archaludon|Protect\n|move|p1b: Dragonite|Dragon Claw|p2a: Dragonite\n|-supereffective|p2a: Dragonite\n|-damage|p2a: Dragonite|0 fnt\n|faint|p2a: Dragonite\n|\n|upkeep\n|\n|t:|1726812968\n|switch|p2a: Dondozo|Dondozo, L50, F|100\/100\n|turn|6\n|\n|t:|1726812978\n|switch|p2b: Tatsugiri|Tatsugiri, L50, M|100\/100\n|-activate|p2b: Tatsugiri|ability: Commander|[of] p2a: Dondozo\n|-boost|p2a: Dondozo|atk|2\n|-boost|p2a: Dondozo|spa|2\n|-boost|p2a: Dondozo|spe|2\n|-boost|p2a: Dondozo|def|2\n|-boost|p2a: Dondozo|spd|2\n|move|p1a: Archaludon|Protect||[still]\n|-fail|p1a: Archaludon\n|move|p2a: Dondozo|Order Up|p1b: Dragonite\n|-supereffective|p1b: Dragonite\n|-damage|p1b: Dragonite|45\/100\n|-boost|p2a: Dondozo|atk|1\n|move|p1b: Dragonite|Stomping Tantrum|p2b: Tatsugiri|[miss]\n|-miss|p1b: Dragonite|p2b: Tatsugiri\n|\n|upkeep\n|turn|7\n|\n|t:|1726812996\n|-terastallize|p1b: Dragonite|Flying\n|move|p2a: Dondozo|Order Up|p1b: Dragonite\n|-damage|p1b: Dragonite|0 fnt\n|faint|p1b: Dragonite\n|-boost|p2a: Dondozo|atk|1\n|move|p1a: Archaludon|Draco Meteor|p2a: Dondozo\n|-damage|p2a: Dondozo|67\/100\n|-unboost|p1a: Archaludon|spa|2\n|\n|-heal|p2a: Dondozo|73\/100|[from] item: Leftovers\n|upkeep\n|\n|t:|1726813001\n|switch|p1b: Meowscarada|Meowscarada, L50, F|100\/100\n|turn|8\n|\n|t:|1726813007\n|move|p2a: Dondozo|Protect|p2a: Dondozo\n|-singleturn|p2a: Dondozo|Protect\n|move|p1b: Meowscarada|Flower Trick|p2a: Dondozo\n|-activate|p2a: Dondozo|move: Protect\n|move|p1a: Archaludon|Draco Meteor|p2b: Tatsugiri|[miss]\n|-miss|p1a: Archaludon|p2b: Tatsugiri\n|\n|-heal|p2a: Dondozo|79\/100|[from] item: Leftovers\n|upkeep\n|turn|9\n|inactive|kinokoatamakinoko has 30 seconds left.\n|\n|t:|1726813045\n|move|p1b: Meowscarada|Flower Trick|p2a: Dondozo\n|-supereffective|p2a: Dondozo\n|-crit|p2a: Dondozo\n|-damage|p2a: Dondozo|1\/100\n|move|p2a: Dondozo|Wave Crash|p1b: Meowscarada\n|-resisted|p1b: Meowscarada\n|-enditem|p1b: Meowscarada|Focus Sash\n|-damage|p1b: Meowscarada|1\/100\n|-damage|p2a: Dondozo|0 fnt|[from] Recoil\n|faint|p2a: Dondozo\n|move|p1a: Archaludon|Draco Meteor|p2b: Tatsugiri\n|-supereffective|p2b: Tatsugiri\n|-damage|p2b: Tatsugiri|17\/100\n|-unboost|p1a: Archaludon|spa|2\n|\n|upkeep\n|\n|t:|1726813058\n|switch|p2a: Glimmora|Glimmora, L50, F, tera:Stellar|100\/100\n|turn|10\n|\n|t:|1726813070\n|move|p2b: Tatsugiri|Draco Meteor|p1a: Archaludon\n|-damage|p1a: Archaludon|0 fnt\n|-unboost|p2b: Tatsugiri|spa|2\n|faint|p1a: Archaludon\n|move|p1b: Meowscarada|Flower Trick|p2b: Tatsugiri\n|-crit|p2b: Tatsugiri\n|-damage|p2b: Tatsugiri|0 fnt\n|faint|p2b: Tatsugiri\n|move|p2a: Glimmora|Sludge Bomb|p1b: Meowscarada\n|-supereffective|p1b: Meowscarada\n|-damage|p1b: Meowscarada|0 fnt\n|faint|p1b: Meowscarada\n|\n|win|Woopah96\n|raw|kinokoatamakinoko's rating: 1715 &rarr; <strong>1693<\/strong><br \/>(-22 for losing)\n|raw|Woopah96's rating: 1672 &rarr; <strong>1694<\/strong><br \/>(+22 for winning)\n|l|\u2606Woopah96\n|player|p2|\n|l|\u2606kinokoatamakinoko\n|player|p1|\n","uploadtime":1726813347,"views":19,"formatid":"gen9vgc2024regh","rating":1693,"private":0,"password":null}