{"id":"gen9vgc2024regh-2205822582","format":"[Gen 9] VGC 2024 Reg H","players":["kojimuranishi","chanpaopao"],"log":"|j|\u2606kojimuranishi\n|j|\u2606chanpaopao\n|t:|1726839251\n|gametype|doubles\n|player|p1|kojimuranishi|102|1710\n|player|p2|chanpaopao|1|1805\n|teamsize|p1|6\n|teamsize|p2|6\n|gen|9\n|tier|[Gen 9] VGC 2024 Reg H\n|rated|\n|rule|Species Clause: Limit one of each Pok\u00e9mon\n|rule|Item Clause: Limit 1 of each item\n|clearpoke\n|poke|p1|Ursaluna-Bloodmoon, L50, M|\n|poke|p1|Amoonguss, L50, M|\n|poke|p1|Incineroar, L50, M|\n|poke|p1|Archaludon, L50, M|\n|poke|p1|Pelipper, L50, M|\n|poke|p1|Whimsicott, L50, M|\n|poke|p2|Whimsicott, L50, F|\n|poke|p2|Dragonite, L50, M|\n|poke|p2|Ursaluna-Bloodmoon, L50, M|\n|poke|p2|Gholdengo, L50|\n|poke|p2|Archaludon, L50, M|\n|poke|p2|Rillaboom, L50, F|\n|teampreview|4\n|inactive|Battle timer is ON: inactive players will automatically lose when time's up. (requested by kojimuranishi)\n|inactive|kojimuranishi has 60 seconds left.\n|inactive|chanpaopao has 60 seconds left.\n|\n|t:|1726839304\n|start\n|switch|p1a: Whimsicott|Whimsicott, L50, M|100\/100\n|switch|p1b: Incineroar|Incineroar, L50, M|100\/100\n|switch|p2a: Whimsicott|Whimsicott, L50, F|100\/100\n|switch|p2b: Dragonite|Dragonite, L50, M|100\/100\n|-ability|p1b: Incineroar|Intimidate|boost\n|-unboost|p2a: Whimsicott|atk|1\n|-unboost|p2b: Dragonite|atk|1\n|turn|1\n|j| EllAkuro\n|inactive|chanpaopao has 30 seconds left.\n|\n|t:|1726839330\n|move|p2b: Dragonite|Extreme Speed|p1a: Whimsicott\n|-damage|p1a: Whimsicott|70\/100\n|move|p2a: Whimsicott|Moonblast|p1a: Whimsicott\n|-damage|p1a: Whimsicott|13\/100\n|-unboost|p1a: Whimsicott|spa|1\n|move|p1b: Incineroar|Flare Blitz|p2a: Whimsicott\n|-supereffective|p2a: Whimsicott\n|-enditem|p2a: Whimsicott|Focus Sash\n|-damage|p2a: Whimsicott|1\/100\n|-damage|p1b: Incineroar|81\/100|[from] Recoil\n|move|p1a: Whimsicott|Trick Room|p1a: Whimsicott\n|-fieldstart|move: Trick Room|[of] p1a: Whimsicott\n|\n|upkeep\n|turn|2\n|inactive|chanpaopao has 30 seconds left.\n|inactive|chanpaopao has 20 seconds left.\n|inactive|chanpaopao has 15 seconds left.\n|\n|t:|1726839373\n|switch|p1a: Ursaluna|Ursaluna-Bloodmoon, L50, M|100\/100\n|move|p2a: Whimsicott|Encore||[still]\n|-fail|p2a: Whimsicott\n|move|p1b: Incineroar|Snarl|p2a: Whimsicott|[spread] p2a,p2b\n|-resisted|p2a: Whimsicott\n|-damage|p2a: Whimsicott|0 fnt\n|-damage|p2b: Dragonite|95\/100\n|-unboost|p2b: Dragonite|spa|1\n|faint|p2a: Whimsicott\n|move|p2b: Dragonite|Scale Shot|p1b: Incineroar\n|-damage|p1b: Incineroar|72\/100\n|-damage|p1b: Incineroar|64\/100\n|-damage|p1b: Incineroar|55\/100\n|-damage|p1b: Incineroar|46\/100\n|-enditem|p1b: Incineroar|Sitrus Berry|[eat]\n|-heal|p1b: Incineroar|71\/100|[from] item: Sitrus Berry\n|-hitcount|p1b: Incineroar|4\n|-unboost|p2b: Dragonite|def|1\n|-boost|p2b: Dragonite|spe|1\n|\n|upkeep\n|\n|t:|1726839396\n|switch|p2a: Ursaluna|Ursaluna-Bloodmoon, L50, M|100\/100\n|turn|3\n|\n|t:|1726839418\n|move|p1a: Ursaluna|Protect|p1a: Ursaluna\n|-singleturn|p1a: Ursaluna|Protect\n|move|p2a: Ursaluna|Earth Power|p1b: Incineroar\n|-supereffective|p1b: Incineroar\n|-damage|p1b: Incineroar|0 fnt\n|faint|p1b: Incineroar\n|move|p2b: Dragonite|Low Kick|p1a: Ursaluna\n|-activate|p1a: Ursaluna|move: Protect\n|\n|upkeep\n|\n|t:|1726839427\n|switch|p1b: Archaludon|Archaludon, L50, M|100\/100\n|turn|4\n|\n|t:|1726839452\n|switch|p1a: Whimsicott|Whimsicott, L50, M|13\/100\n|-terastallize|p2a: Ursaluna|Normal\n|move|p2a: Ursaluna|Blood Moon|p1a: Whimsicott\n|-damage|p1a: Whimsicott|0 fnt\n|faint|p1a: Whimsicott\n|move|p1b: Archaludon|Draco Meteor|p2a: Ursaluna\n|-damage|p2a: Ursaluna|17\/100\n|-unboost|p1b: Archaludon|spa|2\n|move|p2b: Dragonite|Low Kick|p1b: Archaludon\n|-supereffective|p1b: Archaludon\n|-damage|p1b: Archaludon|67\/100\n|\n|upkeep\n|\n|t:|1726839468\n|switch|p1a: Ursaluna|Ursaluna-Bloodmoon, L50, M|100\/100\n|turn|5\n|\n|t:|1726839485\n|-terastallize|p1a: Ursaluna|Normal\n|move|p2a: Ursaluna|Vacuum Wave|p1a: Ursaluna\n|-supereffective|p1a: Ursaluna\n|-damage|p1a: Ursaluna|55\/100\n|move|p1a: Ursaluna|Hyper Voice|p2a: Ursaluna|[spread] p2a,p2b\n|-damage|p2a: Ursaluna|0 fnt\n|-damage|p2b: Dragonite|21\/100\n|faint|p2a: Ursaluna\n|-damage|p1a: Ursaluna|45\/100|[from] item: Life Orb\n|move|p1b: Archaludon|Draco Meteor|p2b: Dragonite\n|-supereffective|p2b: Dragonite\n|-damage|p2b: Dragonite|0 fnt\n|-unboost|p1b: Archaludon|spa|2\n|faint|p2b: Dragonite\n|\n|-fieldend|move: Trick Room\n|upkeep\n|\n|t:|1726839504\n|switch|p2b: Gholdengo|Gholdengo, L50|100\/100\n|turn|6\n|\n|t:|1726839519\n|move|p1a: Ursaluna|Protect|p1a: Ursaluna\n|-singleturn|p1a: Ursaluna|Protect\n|move|p1b: Archaludon|Draco Meteor|p2b: Gholdengo\n|-resisted|p2b: Gholdengo\n|-damage|p2b: Gholdengo|78\/100\n|-unboost|p1b: Archaludon|spa|2\n|move|p2b: Gholdengo|Make It Rain|p1b: Archaludon|[spread] p1b\n|-activate|p1a: Ursaluna|move: Protect\n|-resisted|p1b: Archaludon\n|-damage|p1b: Archaludon|6\/100\n|-unboost|p2b: Gholdengo|spa|1\n|\n|upkeep\n|turn|7\n|\n|t:|1726839536\n|move|p1b: Archaludon|Draco Meteor|p2b: Gholdengo\n|-resisted|p2b: Gholdengo\n|-damage|p2b: Gholdengo|62\/100\n|move|p2b: Gholdengo|Make It Rain|p1b: Archaludon|[spread] p1a,p1b\n|-resisted|p1b: Archaludon\n|-damage|p1a: Ursaluna|0 fnt\n|-damage|p1b: Archaludon|0 fnt\n|-unboost|p2b: Gholdengo|spa|1\n|faint|p1a: Ursaluna\n|faint|p1b: Archaludon\n|\n|win|chanpaopao\n|raw|kojimuranishi's rating: 1710 &rarr; <strong>1695<\/strong><br \/>(-15 for losing)\n|raw|chanpaopao's rating: 1805 &rarr; <strong>1820<\/strong><br \/>(+15 for winning)\n|l| EllAkuro\n|l|\u2606chanpaopao\n|player|p2|\n|l|\u2606kojimuranishi\n|player|p1|\n","uploadtime":1726839711,"views":31,"formatid":"gen9vgc2024regh","rating":1695,"private":0,"password":null}