{"id":"gen9vgc2024regh-2205820232","format":"[Gen 9] VGC 2024 Reg H","players":["Hikawari","chanpaopao"],"log":"|j|\u2606Hikawari\n|j|\u2606chanpaopao\n|t:|1726839025\n|gametype|doubles\n|player|p1|Hikawari|169|1704\n|player|p2|chanpaopao|1|1790\n|teamsize|p1|6\n|teamsize|p2|6\n|gen|9\n|tier|[Gen 9] VGC 2024 Reg H\n|rated|\n|rule|Species Clause: Limit one of each Pok\u00e9mon\n|rule|Item Clause: Limit 1 of each item\n|clearpoke\n|poke|p1|Sneasler, L50, F|\n|poke|p1|Murkrow, L50, F|\n|poke|p1|Gholdengo, L50|\n|poke|p1|Indeedee, L50, M|\n|poke|p1|Annihilape, L50, F|\n|poke|p1|Sinistcha, L50|\n|poke|p2|Whimsicott, L50, M|\n|poke|p2|Dragonite, L50, F|\n|poke|p2|Ursaluna-Bloodmoon, L50, M|\n|poke|p2|Gholdengo, L50|\n|poke|p2|Archaludon, L50, F|\n|poke|p2|Rillaboom, L50, F|\n|teampreview|4\n|inactive|Battle timer is ON: inactive players will automatically lose when time's up. (requested by Hikawari)\nHikawari has agreed to open team sheets.\n|inactive|chanpaopao has 60 seconds left.\n|\n|t:|1726839080\n|start\n|switch|p1a: Murkrow|Murkrow, L50, F|100\/100\n|switch|p1b: Sneasler|Sneasler, L50, F, shiny|100\/100\n|switch|p2a: Whimsicott|Whimsicott, L50, M|100\/100\n|switch|p2b: Gholdengo|Gholdengo, L50|100\/100\n|turn|1\n|\n|t:|1726839101\n|-terastallize|p2b: Gholdengo|Steel\n|move|p2a: Whimsicott|Tailwind|p2a: Whimsicott\n|-sidestart|p2: chanpaopao|move: Tailwind\n|move|p1a: Murkrow|Tailwind|p1a: Murkrow\n|-sidestart|p1: Hikawari|move: Tailwind\n|move|p1b: Sneasler|Close Combat|p2b: Gholdengo\n|-supereffective|p2b: Gholdengo\n|-damage|p2b: Gholdengo|0 fnt\n|-unboost|p1b: Sneasler|def|1\n|-unboost|p1b: Sneasler|spd|1\n|faint|p2b: Gholdengo\n|\n|upkeep\n|\n|t:|1726839117\n|switch|p2b: Dragonite|Dragonite, L50, F|100\/100\n|turn|2\n|j| Pikachu8101141514\n|j| EllAkuro\n|\n|t:|1726839131\n|switch|p1a: Indeedee|Indeedee, L50, M|100\/100\n|-fieldstart|move: Psychic Terrain|[from] ability: Psychic Surge|[of] p1a: Indeedee\n|move|p1b: Sneasler|Dire Claw|p2a: Whimsicott\n|-supereffective|p2a: Whimsicott\n|-enditem|p2a: Whimsicott|Focus Sash\n|-damage|p2a: Whimsicott|1\/100\n|-status|p2a: Whimsicott|par\n|move|p2b: Dragonite|Scale Shot|p1b: Sneasler\n|-damage|p1b: Sneasler|65\/100\n|-damage|p1b: Sneasler|26\/100\n|-damage|p1b: Sneasler|0 fnt\n|faint|p1b: Sneasler\n|-hitcount|p1: Sneasler|3\n|-unboost|p2b: Dragonite|def|1\n|-boost|p2b: Dragonite|spe|1\n|move|p2a: Whimsicott|Moonblast|p1a: Indeedee\n|-damage|p1a: Indeedee|56\/100\n|-unboost|p1a: Indeedee|spa|1\n|\n|upkeep\n|\n|t:|1726839145\n|switch|p1b: Murkrow|Murkrow, L50, F|100\/100\n|turn|3\n|\n|t:|1726839166\n|-terastallize|p1a: Indeedee|Psychic\n|move|p1b: Murkrow|Haze|p1b: Murkrow\n|-clearallboost\n|move|p1a: Indeedee|Expanding Force|p2b: Dragonite|[spread] p2a,p2b\n|-damage|p2a: Whimsicott|0 fnt\n|-damage|p2b: Dragonite|56\/100\n|faint|p2a: Whimsicott\n|move|p2b: Dragonite|Scale Shot|p1a: Indeedee\n|-damage|p1a: Indeedee|24\/100\n|-damage|p1a: Indeedee|0 fnt\n|faint|p1a: Indeedee\n|-hitcount|p1: Indeedee|2\n|-unboost|p2b: Dragonite|def|1\n|-boost|p2b: Dragonite|spe|1\n|\n|upkeep\n|\n|t:|1726839182\n|switch|p2a: Archaludon|Archaludon, L50, F|100\/100\n|switch|p1a: Annihilape|Annihilape, L50, F, shiny|100\/100\n|turn|4\n|\n|t:|1726839207\n|move|p2b: Dragonite|Scale Shot|p1a: Annihilape\n|-damage|p1a: Annihilape|89\/100\n|-damage|p1a: Annihilape|78\/100\n|-damage|p1a: Annihilape|67\/100\n|-damage|p1a: Annihilape|54\/100\n|-hitcount|p1a: Annihilape|4\n|-unboost|p2b: Dragonite|def|1\n|-boost|p2b: Dragonite|spe|1\n|move|p2a: Archaludon|Electro Shot||[still]\n|-prepare|p2a: Archaludon|Electro Shot\n|-boost|p2a: Archaludon|spa|1\n|-enditem|p2a: Archaludon|Power Herb\n|-anim|p2a: Archaludon|Electro Shot|p1a: Annihilape\n|-damage|p1a: Annihilape|0 fnt\n|faint|p1a: Annihilape\n|move|p1b: Murkrow|Foul Play|p2b: Dragonite\n|-damage|p2b: Dragonite|0 fnt\n|faint|p2b: Dragonite\n|\n|-sideend|p1: Hikawari|move: Tailwind\n|-sideend|p2: chanpaopao|move: Tailwind\n|upkeep\n|turn|5\n|-message|Hikawari forfeited.\n|\n|win|chanpaopao\n|raw|Hikawari's rating: 1704 &rarr; <strong>1689<\/strong><br \/>(-15 for losing)\n|raw|chanpaopao's rating: 1790 &rarr; <strong>1805<\/strong><br \/>(+15 for winning)\n|l|\u2606Hikawari\n|player|p1|\n|l|\u2606chanpaopao\n|player|p2|\n|l| Pikachu8101141514\n|l| EllAkuro\n","uploadtime":1726839433,"views":27,"formatid":"gen9vgc2024regh","rating":1689,"private":0,"password":null}