{"id":"gen9vgc2024regh-2205284592","format":"[Gen 9] VGC 2024 Reg H","players":["chaddiestchad","Last minute player"],"log":"|j|\u2606chaddiestchad\n|j|\u2606Last minute player\n|t:|1726771322\n|gametype|doubles\n|player|p1|chaddiestchad|supernerd|1745\n|player|p2|Last minute player|lady-gen4|1713\n|teamsize|p1|6\n|teamsize|p2|6\n|gen|9\n|tier|[Gen 9] VGC 2024 Reg H\n|rated|\n|rule|Species Clause: Limit one of each Pok\u00e9mon\n|rule|Item Clause: Limit 1 of each item\n|clearpoke\n|poke|p1|Talonflame, L50, F|\n|poke|p1|Tyranitar, L50, M|\n|poke|p1|Garchomp, L50, F|\n|poke|p1|Gholdengo, L50|\n|poke|p1|Primarina, L50, F|\n|poke|p1|Rillaboom, L50, M|\n|poke|p2|Incineroar, L50, F|\n|poke|p2|Rillaboom, L50, F|\n|poke|p2|Primarina, L50, M|\n|poke|p2|Maushold, L50|\n|poke|p2|Gholdengo, L50|\n|poke|p2|Dragapult, L50, F|\n|teampreview|4\n|inactive|Battle timer is ON: inactive players will automatically lose when time's up. (requested by chaddiestchad)\n|j| mr pogostick\n|inactive|chaddiestchad has 60 seconds left.\n|inactive|Last minute player has 60 seconds left.\n|j| whatwashe\n|\n|t:|1726771372\n|start\n|switch|p1a: Talonflame|Talonflame, L50, F|100\/100\n|switch|p1b: Garchomp|Garchomp, L50, F|100\/100\n|switch|p2a: Incineroar|Incineroar, L50, F|100\/100\n|switch|p2b: Primarina|Primarina, L50, M|100\/100\n|-ability|p2a: Incineroar|Intimidate|boost\n|-unboost|p1a: Talonflame|atk|1\n|-fail|p1b: Garchomp|unboost|[from] item: Clear Amulet|[of] p1b: Garchomp\n|turn|1\n|\n|t:|1726771387\n|switch|p1b: Primarina|Primarina, L50, F|100\/100\n|switch|p2a: Rillaboom|Rillaboom, L50, F|100\/100\n|-fieldstart|move: Grassy Terrain|[from] ability: Grassy Surge|[of] p2a: Rillaboom\n|move|p1a: Talonflame|Tailwind|p1a: Talonflame\n|-sidestart|p1: chaddiestchad|move: Tailwind\n|move|p2b: Primarina|Hyper Voice|p1b: Primarina|[spread] p1a,p1b\n|-supereffective|p1a: Talonflame\n|-resisted|p1b: Primarina\n|-damage|p1a: Talonflame|0 fnt\n|-damage|p1b: Primarina|84\/100\n|faint|p1a: Talonflame\n|-enditem|p2b: Primarina|Throat Spray\n|-boost|p2b: Primarina|spa|1|[from] item: Throat Spray\n|\n|-heal|p1b: Primarina|90\/100|[from] Grassy Terrain\n|upkeep\n|\n|t:|1726771406\n|switch|p1a: Garchomp|Garchomp, L50, F|100\/100\n|turn|2\n|\n|t:|1726771418\n|-terastallize|p1b: Primarina|Steel\n|move|p2a: Rillaboom|Fake Out|p1a: Garchomp\n|-damage|p1a: Garchomp|87\/100\n|cant|p1a: Garchomp|flinch\n|move|p1b: Primarina|Moonblast|p2b: Primarina\n|-damage|p2b: Primarina|38\/100\n|-damage|p1b: Primarina|80\/100|[from] item: Life Orb\n|move|p2b: Primarina|Hyper Voice|p1a: Garchomp|[spread] p1a,p1b\n|-damage|p1a: Garchomp|24\/100\n|-damage|p1b: Primarina|33\/100\n|\n|-heal|p1a: Garchomp|30\/100|[from] Grassy Terrain\n|-heal|p1b: Primarina|39\/100|[from] Grassy Terrain\n|-heal|p2b: Primarina|44\/100|[from] Grassy Terrain\n|upkeep\n|turn|3\n|j| 2300306b\n|inactive|chaddiestchad has 30 seconds left.\n|j| syntheticeggz\n|\n|t:|1726771449\n|move|p1a: Garchomp|Protect|p1a: Garchomp\n|-singleturn|p1a: Garchomp|Protect\n|move|p2b: Primarina|Protect|p2b: Primarina\n|-singleturn|p2b: Primarina|Protect\n|move|p1b: Primarina|Moonblast|p2a: Rillaboom\n|-damage|p2a: Rillaboom|52\/100\n|-damage|p1b: Primarina|29\/100|[from] item: Life Orb\n|move|p2a: Rillaboom|Wood Hammer|p1b: Primarina\n|-resisted|p1b: Primarina\n|-damage|p1b: Primarina|0 fnt\n|faint|p1b: Primarina\n|-damage|p2a: Rillaboom|43\/100|[from] Recoil\n|\n|-heal|p1a: Garchomp|36\/100|[from] Grassy Terrain\n|-heal|p2a: Rillaboom|49\/100|[from] Grassy Terrain\n|-heal|p2b: Primarina|49\/100|[from] Grassy Terrain\n|upkeep\n|\n|t:|1726771468\n|switch|p1b: Tyranitar|Tyranitar, L50, M|100\/100\n|-weather|Sandstorm|[from] ability: Sand Stream|[of] p1b: Tyranitar\n|turn|4\n|l| 2300306b\n|inactive|Last minute player has 30 seconds left.\n|\n|t:|1726771498\n|switch|p2b: Incineroar|Incineroar, L50, F|100\/100\n|-ability|p2b: Incineroar|Intimidate|boost\n|-fail|p1a: Garchomp|unboost|[from] item: Clear Amulet|[of] p1a: Garchomp\n|-unboost|p1b: Tyranitar|atk|1\n|move|p2a: Rillaboom|Grassy Glide|p1b: Tyranitar\n|-supereffective|p1b: Tyranitar\n|-damage|p1b: Tyranitar|36\/100\n|move|p1a: Garchomp|Dragon Claw|p2a: Rillaboom\n|-damage|p2a: Rillaboom|9\/100\n|move|p1b: Tyranitar|Rock Slide|p2b: Incineroar|[spread] p2a,p2b\n|-supereffective|p2b: Incineroar\n|-damage|p2a: Rillaboom|0 fnt\n|-damage|p2b: Incineroar|67\/100\n|faint|p2a: Rillaboom\n|\n|-weather|Sandstorm|[upkeep]\n|-damage|p2b: Incineroar|61\/100|[from] Sandstorm\n|-heal|p1a: Garchomp|42\/100|[from] Grassy Terrain\n|-heal|p1b: Tyranitar|42\/100|[from] Grassy Terrain\n|-heal|p2b: Incineroar|67\/100|[from] Grassy Terrain\n|-sideend|p1: chaddiestchad|move: Tailwind\n|upkeep\n|\n|t:|1726771516\n|switch|p2a: Gholdengo|Gholdengo, L50|100\/100\n|turn|5\n|\n|t:|1726771523\n|-terastallize|p2a: Gholdengo|Dark\n|move|p1a: Garchomp|Protect|p1a: Garchomp\n|-singleturn|p1a: Garchomp|Protect\n|move|p2b: Incineroar|Fake Out|p1a: Garchomp\n|-activate|p1a: Garchomp|move: Protect\n|move|p2a: Gholdengo|Make It Rain|p1a: Garchomp|[spread] p1b\n|-activate|p1a: Garchomp|move: Protect\n|-supereffective|p1b: Tyranitar\n|-damage|p1b: Tyranitar|3\/100\n|-unboost|p2a: Gholdengo|spa|1\n|move|p1b: Tyranitar|Knock Off|p2a: Gholdengo\n|-resisted|p2a: Gholdengo\n|-crit|p2a: Gholdengo\n|-damage|p2a: Gholdengo|66\/100\n|-enditem|p2a: Gholdengo|Leftovers|[from] move: Knock Off|[of] p1b: Tyranitar\n|\n|-weather|Sandstorm|[upkeep]\n|-damage|p2a: Gholdengo|60\/100|[from] Sandstorm\n|-damage|p2b: Incineroar|61\/100|[from] Sandstorm\n|-heal|p1a: Garchomp|48\/100|[from] Grassy Terrain\n|-heal|p2a: Gholdengo|66\/100|[from] Grassy Terrain\n|-heal|p1b: Tyranitar|9\/100|[from] Grassy Terrain\n|-heal|p2b: Incineroar|67\/100|[from] Grassy Terrain\n|-fieldend|move: Grassy Terrain\n|upkeep\n|turn|6\n|j| 2300306b\n|l| 2300306b\n|inactive|chaddiestchad has 30 seconds left.\n|inactive|Last minute player has 30 seconds left.\n|inactive|chaddiestchad has 20 seconds left.\n|inactive|chaddiestchad has 15 seconds left.\n|\n|t:|1726771564\n|switch|p2b: Primarina|Primarina, L50, M|49\/100\n|move|p2a: Gholdengo|Protect|p2a: Gholdengo\n|-singleturn|p2a: Gholdengo|Protect\n|move|p1a: Garchomp|Dragon Claw|p2a: Gholdengo\n|-activate|p2a: Gholdengo|move: Protect\n|move|p1b: Tyranitar|Low Kick|p2b: Primarina\n|-resisted|p2b: Primarina\n|-damage|p2b: Primarina|40\/100\n|\n|-weather|Sandstorm|[upkeep]\n|-damage|p2a: Gholdengo|60\/100|[from] Sandstorm\n|-damage|p2b: Primarina|34\/100|[from] Sandstorm\n|upkeep\n|turn|7\n|inactive|chaddiestchad has 30 seconds left.\n|\n|t:|1726771590\n|move|p1a: Garchomp|Stomping Tantrum|p2a: Gholdengo\n|-damage|p2a: Gholdengo|21\/100\n|move|p2a: Gholdengo|Make It Rain|p1a: Garchomp|[spread] p1a,p1b\n|-supereffective|p1b: Tyranitar\n|-damage|p1a: Garchomp|14\/100\n|-damage|p1b: Tyranitar|0 fnt\n|-unboost|p2a: Gholdengo|spa|1\n|faint|p1b: Tyranitar\n|move|p2b: Primarina|Moonblast|p1a: Garchomp\n|-supereffective|p1a: Garchomp\n|-damage|p1a: Garchomp|0 fnt\n|faint|p1a: Garchomp\n|\n|win|Last minute player\n|raw|chaddiestchad's rating: 1745 &rarr; <strong>1723<\/strong><br \/>(-22 for losing)\n|raw|Last minute player's rating: 1713 &rarr; <strong>1735<\/strong><br \/>(+22 for winning)\n|l|\u2606chaddiestchad\n|player|p1|\n|l| syntheticeggz\n|l| mr pogostick\n|j|\u2606chaddiestchad\n|player|p1|chaddiestchad|supernerd|\n|l|\u2606chaddiestchad\n|player|p1|\n|l|\u2606Last minute player\n|player|p2|\n","uploadtime":1726771840,"views":25,"formatid":"gen9vgc2024regh","rating":1723,"private":0,"password":null}