{"id":"gen9vgc2024regh-2205636174","format":"[Gen 9] VGC 2024 Reg H","players":["Woopah96","Erupt Isle dis f(x"],"log":"|j|\u2606Woopah96\n|j|\u2606Erupt Isle dis f(x\n|t:|1726812555\n|gametype|doubles\n|player|p1|Woopah96|1|1645\n|player|p2|Erupt Isle dis f(x|101|1773\n|teamsize|p1|6\n|teamsize|p2|6\n|gen|9\n|tier|[Gen 9] VGC 2024 Reg H\n|rated|\n|rule|Species Clause: Limit one of each Pok\u00e9mon\n|rule|Item Clause: Limit 1 of each item\n|clearpoke\n|poke|p1|Gholdengo, L50|\n|poke|p1|Dondozo, L50, F|\n|poke|p1|Dragonite, L50, F|\n|poke|p1|Tatsugiri, L50, F|\n|poke|p1|Glimmora, L50, F|\n|poke|p1|Whimsicott, L50, M|\n|poke|p2|Archaludon, L50, M|\n|poke|p2|Dragonite, L50, F|\n|poke|p2|Gengar, L50, M|\n|poke|p2|Kingambit, L50, F|\n|poke|p2|Pelipper, L50, M|\n|poke|p2|Primarina, L50, F|\n|teampreview|4\n|inactive|Battle timer is ON: inactive players will automatically lose when time's up. (requested by Erupt Isle dis f(x)\n|\n|t:|1726812592\n|start\n|switch|p1a: Whimsicott|Whimsicott, L50, M|100\/100\n|switch|p1b: Glimmora|Glimmora, L50, F|100\/100\n|switch|p2a: Archaludon|Archaludon, L50, M|100\/100\n|switch|p2b: Gengar|Gengar, L50, M|100\/100\n|turn|1\n|inactive|Woopah96 has 30 seconds left.\n|inactive|Woopah96 has 20 seconds left.\n|inactive|Woopah96 has 15 seconds left.\n|\n|t:|1726812633\n|-terastallize|p1a: Whimsicott|Water\n|move|p1a: Whimsicott|Tailwind|p1a: Whimsicott\n|-sidestart|p1: Woopah96|move: Tailwind\n|move|p1b: Glimmora|Earth Power|p2a: Archaludon\n|-supereffective|p2a: Archaludon\n|-damage|p2a: Archaludon|1\/100\n|move|p2b: Gengar|Sludge Wave|p1b: Glimmora|[spread] p1a,p1b\n|-immune|p2a: Archaludon\n|-resisted|p1b: Glimmora\n|-damage|p1a: Whimsicott|51\/100\n|-damage|p1b: Glimmora|87\/100\n|move|p2a: Archaludon|Electro Shot||[still]\n|-prepare|p2a: Archaludon|Electro Shot\n|-boost|p2a: Archaludon|spa|1\n|-enditem|p2a: Archaludon|Power Herb\n|-anim|p2a: Archaludon|Electro Shot|p1b: Glimmora\n|-damage|p1b: Glimmora|2\/100\n|\n|upkeep\n|turn|2\n|inactive|Woopah96 has 30 seconds left.\n|\n|t:|1726812667\n|move|p1a: Whimsicott|Dazzling Gleam|p2b: Gengar|[spread] p2a,p2b\n|-resisted|p2b: Gengar\n|-damage|p2a: Archaludon|0 fnt\n|-damage|p2b: Gengar|85\/100\n|faint|p2a: Archaludon\n|move|p1b: Glimmora|Earth Power|p2b: Gengar\n|-supereffective|p2b: Gengar\n|-damage|p2b: Gengar|0 fnt\n|faint|p2b: Gengar\n|\n|upkeep\n|\n|t:|1726812670\n|switch|p2b: Dragonite|Dragonite, L50, F, shiny|100\/100\n|switch|p2a: Kingambit|Kingambit, L50, F, shiny|100\/100\n|turn|3\n|inactive|Woopah96 has 30 seconds left.\n|\n|t:|1726812697\n|move|p1b: Glimmora|Spiky Shield|p1b: Glimmora\n|-singleturn|p1b: Glimmora|move: Protect\n|move|p2b: Dragonite|Extreme Speed|p1a: Whimsicott\n|-crit|p1a: Whimsicott\n|-damage|p1a: Whimsicott|0 fnt\n|faint|p1a: Whimsicott\n|move|p2a: Kingambit|Sucker Punch||[still]\n|-fail|p2a: Kingambit\n|\n|upkeep\n|\n|t:|1726812706\n|switch|p1a: Dondozo|Dondozo, L50, F|100\/100\n|turn|4\n|\n|t:|1726812720\n|switch|p1b: Tatsugiri|Tatsugiri, L50, F|100\/100\n|-activate|p1b: Tatsugiri|ability: Commander|[of] p1a: Dondozo\n|-boost|p1a: Dondozo|atk|2\n|-boost|p1a: Dondozo|spa|2\n|-boost|p1a: Dondozo|spe|2\n|-boost|p1a: Dondozo|def|2\n|-boost|p1a: Dondozo|spd|2\n|move|p2a: Kingambit|Protect|p2a: Kingambit\n|-singleturn|p2a: Kingambit|Protect\n|move|p2b: Dragonite|Extreme Speed|p1b: Tatsugiri|[miss]\n|-miss|p2b: Dragonite|p1b: Tatsugiri\n|move|p1a: Dondozo|Order Up|p2b: Dragonite\n|-supereffective|p2b: Dragonite\n|-damage|p2b: Dragonite|45\/100\n|-boost|p1a: Dondozo|atk|1\n|\n|-sideend|p1: Woopah96|move: Tailwind\n|upkeep\n|turn|5\n|\n|t:|1726812734\n|-terastallize|p2b: Dragonite|Flying\n|move|p1a: Dondozo|Order Up|p2b: Dragonite\n|-damage|p2b: Dragonite|0 fnt\n|faint|p2b: Dragonite\n|-boost|p1a: Dondozo|atk|1\n|move|p2a: Kingambit|Assurance|p1a: Dondozo\n|-damage|p1a: Dondozo|87\/100\n|\n|-heal|p1a: Dondozo|93\/100|[from] item: Leftovers\n|upkeep\n|turn|6\n|j| CuervoCRC\n|-message|Erupt Isle dis f(x forfeited.\n|\n|win|Woopah96\n|raw|Woopah96's rating: 1645 &rarr; <strong>1672<\/strong><br \/>(+27 for winning)\n|raw|Erupt Isle dis f(x's rating: 1773 &rarr; <strong>1746<\/strong><br \/>(-27 for losing)\n|l|\u2606Erupt Isle dis f(x\n|player|p2|\n|l|\u2606Woopah96\n|player|p1|\n|l| CuervoCRC\n","uploadtime":1726812926,"views":11,"formatid":"gen9vgc2024regh","rating":1672,"private":0,"password":null}