{"id":"gen9vgc2024regh-2205621547","format":"[Gen 9] VGC 2024 Reg H","players":["Erupt Isle dis f(x","kinokoatamakinoko"],"log":"|j|\u2606Erupt Isle dis f(x\n|j|\u2606kinokoatamakinoko\n|t:|1726809869\n|gametype|doubles\n|player|p1|Erupt Isle dis f(x|101|1674\n|player|p2|kinokoatamakinoko|cynthia|1742\n|teamsize|p1|6\n|teamsize|p2|6\n|gen|9\n|tier|[Gen 9] VGC 2024 Reg H\n|rated|\n|rule|Species Clause: Limit one of each Pok\u00e9mon\n|rule|Item Clause: Limit 1 of each item\n|clearpoke\n|poke|p1|Archaludon, L50, M|\n|poke|p1|Dragonite, L50, F|\n|poke|p1|Gengar, L50, F|\n|poke|p1|Kingambit, L50, M|\n|poke|p1|Pelipper, L50, F|\n|poke|p1|Primarina, L50, M|\n|poke|p2|Archaludon, L50, F|\n|poke|p2|Dondozo, L50, M|\n|poke|p2|Tatsugiri, L50, M|\n|poke|p2|Dragonite, L50, M|\n|poke|p2|Rotom-Heat, L50|\n|poke|p2|Meowscarada, L50, M|\n|teampreview|4\n|j| mr pogostick\n|inactive|Battle timer is ON: inactive players will automatically lose when time's up. (requested by Erupt Isle dis f(x)\n|\n|t:|1726809884\n|start\n|switch|p1a: Archaludon|Archaludon, L50, M|100\/100\n|switch|p1b: Gengar|Gengar, L50, F|100\/100\n|switch|p2a: Archaludon|Archaludon, L50, F|100\/100\n|switch|p2b: Rotom|Rotom-Heat, L50|100\/100\n|turn|1\n|\n|t:|1726809906\n|-terastallize|p1a: Archaludon|Stellar\n|move|p1b: Gengar|Icy Wind|p2a: Archaludon|[spread] p2a,p2b\n|-resisted|p2b: Rotom\n|-damage|p2a: Archaludon|78\/100\n|-damage|p2b: Rotom|93\/100\n|-unboost|p2a: Archaludon|spe|1\n|move|p1a: Archaludon|Draco Meteor|p2a: Archaludon\n|-crit|p2a: Archaludon\n|-damage|p2a: Archaludon|0 fnt\n|-unboost|p1a: Archaludon|spa|2\n|faint|p2a: Archaludon\n|move|p2b: Rotom|Overheat|p1a: Archaludon\n|-damage|p1a: Archaludon|20\/100\n|-unboost|p2b: Rotom|spa|2\n|\n|upkeep\n|\n|t:|1726809925\n|switch|p2a: Dragonite|Dragonite, L50, M|100\/100\n|turn|2\n|\n|t:|1726809936\n|switch|p1a: Dragonite|Dragonite, L50, F, shiny|100\/100\n|-terastallize|p2a: Dragonite|Flying\n|move|p1b: Gengar|Icy Wind|p2b: Rotom|[spread] p2a,p2b\n|-supereffective|p2a: Dragonite\n|-resisted|p2b: Rotom\n|-damage|p2a: Dragonite|91\/100\n|-damage|p2b: Rotom|85\/100\n|-unboost|p2a: Dragonite|spe|1\n|move|p2b: Rotom|Overheat|p1a: Dragonite\n|-resisted|p1a: Dragonite\n|-damage|p1a: Dragonite|96\/100\n|-unboost|p2b: Rotom|spa|2\n|move|p2a: Dragonite|Tera Blast|p1b: Gengar|[anim] Tera Blast Flying\n|-enditem|p1b: Gengar|Focus Sash\n|-damage|p1b: Gengar|1\/100\n|-start|p2a: Dragonite|Disable|Tera Blast|[from] ability: Cursed Body|[of] p1b: Gengar\n|\n|upkeep\n|turn|3\n|j| epschrad\n|\n|t:|1726809961\n|switch|p2a: Meowscarada|Meowscarada, L50, M|100\/100\n|move|p1b: Gengar|Icy Wind|p2a: Meowscarada|[spread] p2a,p2b\n|-supereffective|p2a: Meowscarada\n|-resisted|p2b: Rotom\n|-damage|p2a: Meowscarada|55\/100\n|-damage|p2b: Rotom|78\/100\n|-unboost|p2a: Meowscarada|spe|1\n|move|p2b: Rotom|Will-O-Wisp|p1a: Dragonite\n|-status|p1a: Dragonite|brn\n|move|p1a: Dragonite|Ice Spinner|p2a: Meowscarada\n|-supereffective|p2a: Meowscarada\n|-damage|p2a: Meowscarada|6\/100\n|\n|-damage|p1a: Dragonite|90\/100 brn|[from] brn\n|upkeep\n|turn|4\n|\n|t:|1726809977\n|switch|p2b: Dragonite|Dragonite, L50, M, tera:Flying|91\/100\n|move|p2a: Meowscarada|Protect|p2a: Meowscarada\n|-singleturn|p2a: Meowscarada|Protect\n|move|p1a: Dragonite|Extreme Speed|p2a: Meowscarada\n|-activate|p2a: Meowscarada|move: Protect\n|move|p1b: Gengar|Shadow Ball|p2b: Dragonite\n|-damage|p2b: Dragonite|63\/100\n|\n|-damage|p1a: Dragonite|84\/100 brn|[from] brn\n|upkeep\n|turn|5\n|inactive|kinokoatamakinoko has 30 seconds left.\n|j| lswagh\n|\n|t:|1726810007\n|switch|p2a: Rotom|Rotom-Heat, L50|78\/100\n|move|p1a: Dragonite|Extreme Speed|p2a: Rotom\n|-damage|p2a: Rotom|60\/100\n|move|p1b: Gengar|Icy Wind|p2a: Rotom|[spread] p2a,p2b\n|-resisted|p2a: Rotom\n|-supereffective|p2b: Dragonite\n|-damage|p2a: Rotom|53\/100\n|-damage|p2b: Dragonite|43\/100\n|-unboost|p2b: Dragonite|spe|1\n|move|p2b: Dragonite|Stomping Tantrum|p1b: Gengar\n|-supereffective|p1b: Gengar\n|-damage|p1b: Gengar|0 fnt\n|faint|p1b: Gengar\n|\n|-damage|p1a: Dragonite|78\/100 brn|[from] brn\n|upkeep\n|\n|t:|1726810024\n|switch|p1b: Archaludon|Archaludon, L50, M, tera:Stellar|20\/100\n|turn|6\n|l| lswagh\n|\n|t:|1726810047\n|move|p2a: Rotom|Protect|p2a: Rotom\n|-singleturn|p2a: Rotom|Protect\n|move|p1b: Archaludon|Electro Shot||[still]\n|-prepare|p1b: Archaludon|Electro Shot\n|-boost|p1b: Archaludon|spa|1\n|-enditem|p1b: Archaludon|Power Herb\n|-anim|p1b: Archaludon|Electro Shot|p2b: Dragonite\n|-supereffective|p2b: Dragonite\n|-damage|p2b: Dragonite|0 fnt\n|faint|p2b: Dragonite\n|move|p1a: Dragonite|Tera Blast|p2a: Rotom\n|-activate|p2a: Rotom|move: Protect\n|\n|-damage|p1a: Dragonite|72\/100 brn|[from] brn\n|upkeep\n|\n|t:|1726810055\n|switch|p2b: Meowscarada|Meowscarada, L50, M|6\/100\n|turn|7\n|\n|t:|1726810067\n|move|p2b: Meowscarada|Protect|p2b: Meowscarada\n|-singleturn|p2b: Meowscarada|Protect\n|move|p1a: Dragonite|Extreme Speed|p2b: Meowscarada\n|-activate|p2b: Meowscarada|move: Protect\n|move|p1b: Archaludon|Aura Sphere|p2a: Rotom\n|-damage|p2a: Rotom|4\/100\n|move|p2a: Rotom|Thunderbolt|p1a: Dragonite\n|-damage|p1a: Dragonite|44\/100 brn\n|\n|-damage|p1a: Dragonite|38\/100 brn|[from] brn\n|upkeep\n|turn|8\n|\n|t:|1726810082\n|move|p1a: Dragonite|Extreme Speed|p2b: Meowscarada\n|-damage|p2b: Meowscarada|0 fnt\n|faint|p2b: Meowscarada\n|move|p1b: Archaludon|Aura Sphere|p2a: Rotom\n|-damage|p2a: Rotom|0 fnt\n|faint|p2a: Rotom\n|\n|win|Erupt Isle dis f(x\n|raw|Erupt Isle dis f(x's rating: 1674 &rarr; <strong>1698<\/strong><br \/>(+24 for winning)\n|raw|kinokoatamakinoko's rating: 1742 &rarr; <strong>1718<\/strong><br \/>(-24 for losing)\n|l|\u2606Erupt Isle dis f(x\n|player|p1|\n|l| mr pogostick\n","uploadtime":1726810262,"views":12,"formatid":"gen9vgc2024regh","rating":1698,"private":0,"password":null}