{"id":"gen9vgc2024regh-2205634257","format":"[Gen 9] VGC 2024 Reg H","players":["chappell murkroan","Erupt Isle dis f(x"],"log":"|j|\u2606chappell murkroan\n|j|\u2606Erupt Isle dis f(x\n|t:|1726812204\n|gametype|doubles\n|player|p1|chappell murkroan|caitlin|1713\n|player|p2|Erupt Isle dis f(x|101|1774\n|teamsize|p1|6\n|teamsize|p2|6\n|gen|9\n|tier|[Gen 9] VGC 2024 Reg H\n|rated|\n|rule|Species Clause: Limit one of each Pok\u00e9mon\n|rule|Item Clause: Limit 1 of each item\n|clearpoke\n|poke|p1|Sneasler, L50, F|\n|poke|p1|Delphox, L50, M|\n|poke|p1|Basculegion, L50, M|\n|poke|p1|Whimsicott, L50, M|\n|poke|p1|Indeedee, L50, M|\n|poke|p1|Maushold-Four, L50|\n|poke|p2|Archaludon, L50, F|\n|poke|p2|Dragonite, L50, F|\n|poke|p2|Gengar, L50, M|\n|poke|p2|Kingambit, L50, F|\n|poke|p2|Pelipper, L50, F|\n|poke|p2|Primarina, L50, F|\n|teampreview|4\n|inactive|Battle timer is ON: inactive players will automatically lose when time's up. (requested by chappell murkroan)\n|inactive|chappell murkroan has 60 seconds left.\n|\n|t:|1726812240\n|start\n|switch|p1a: Delphox|Delphox, L50, M, shiny|100\/100\n|switch|p1b: Indeedee|Indeedee, L50, M, shiny|100\/100\n|switch|p2a: Archaludon|Archaludon, L50, F|100\/100\n|switch|p2b: Gengar|Gengar, L50, M|100\/100\n|-fieldstart|move: Psychic Terrain|[from] ability: Psychic Surge|[of] p1b: Indeedee\n|turn|1\n|\n|t:|1726812251\n|-terastallize|p1a: Delphox|Fire\n|move|p2b: Gengar|Protect|p2b: Gengar\n|-singleturn|p2b: Gengar|Protect\n|move|p2a: Archaludon|Protect|p2a: Archaludon\n|-singleturn|p2a: Archaludon|Protect\n|move|p1a: Delphox|Expanding Force|p2a: Archaludon|[spread] \n|-activate|p2a: Archaludon|move: Protect\n|-activate|p2b: Gengar|move: Protect\n|move|p1b: Indeedee|Expanding Force|p2b: Gengar|[spread] \n|-activate|p2a: Archaludon|move: Protect\n|-activate|p2b: Gengar|move: Protect\n|\n|upkeep\n|turn|2\n|j| Mashiz\n|\n|t:|1726812269\n|move|p2b: Gengar|Sludge Wave|p1a: Delphox|[spread] p1a,p1b\n|-immune|p2a: Archaludon\n|-damage|p1a: Delphox|55\/100\n|-damage|p1b: Indeedee|47\/100\n|move|p1a: Delphox|Expanding Force|p2a: Archaludon|[spread] p2a,p2b\n|-resisted|p2a: Archaludon\n|-supereffective|p2b: Gengar\n|-damage|p2a: Archaludon|37\/100\n|-enditem|p2b: Gengar|Focus Sash\n|-damage|p2b: Gengar|1\/100\n|move|p1b: Indeedee|Expanding Force|p2b: Gengar|[spread] p2a,p2b\n|-resisted|p2a: Archaludon\n|-supereffective|p2b: Gengar\n|-damage|p2a: Archaludon|0 fnt\n|-damage|p2b: Gengar|0 fnt\n|-start|p1b: Indeedee|Disable|Expanding Force|[from] ability: Cursed Body|[of] p2b: Gengar\n|faint|p2a: Archaludon\n|faint|p2b: Gengar\n|\n|upkeep\n|\n|t:|1726812287\n|switch|p2b: Dragonite|Dragonite, L50, F, shiny|100\/100\n|switch|p2a: Kingambit|Kingambit, L50, F, shiny|100\/100\n|turn|3\n|\n|t:|1726812304\n|move|p2a: Kingambit|Protect|p2a: Kingambit\n|-singleturn|p2a: Kingambit|Protect\n|move|p1a: Delphox|Expanding Force|p2b: Dragonite|[spread] p2b\n|-activate|p2a: Kingambit|move: Protect\n|-damage|p2b: Dragonite|74\/100\n|move|p1b: Indeedee|Tera Blast|p2b: Dragonite\n|-damage|p2b: Dragonite|51\/100\n|move|p2b: Dragonite|Ice Spinner|p1b: Indeedee\n|-damage|p1b: Indeedee|0 fnt\n|-fieldend|move: Psychic Terrain\n|faint|p1b: Indeedee\n|\n|upkeep\n|\n|t:|1726812319\n|switch|p1b: Sneasler|Sneasler, L50, F, shiny|100\/100\n|turn|4\n|j| HypeWilliamss\n|\n|t:|1726812330\n|-terastallize|p2a: Kingambit|Dark\n|move|p2b: Dragonite|Extreme Speed|p1b: Sneasler\n|-damage|p1b: Sneasler|48\/100\n|move|p2a: Kingambit|Sucker Punch|p1a: Delphox\n|-damage|p1a: Delphox|0 fnt\n|faint|p1a: Delphox\n|move|p1b: Sneasler|Close Combat|p2a: Kingambit\n|-supereffective|p2a: Kingambit\n|-damage|p2a: Kingambit|0 fnt\n|-unboost|p1b: Sneasler|def|1\n|-unboost|p1b: Sneasler|spd|1\n|faint|p2a: Kingambit\n|\n|upkeep\n|l| Mashiz\n|\n|t:|1726812344\n|switch|p1a: Basculegion|Basculegion, L50, M|100\/100\n|turn|5\n|-message|Erupt Isle dis f(x forfeited.\n|\n|win|chappell murkroan\n|raw|chappell murkroan's rating: 1713 &rarr; <strong>1736<\/strong><br \/>(+23 for winning)\n|raw|Erupt Isle dis f(x's rating: 1774 &rarr; <strong>1751<\/strong><br \/>(-23 for losing)\n|l|\u2606Erupt Isle dis f(x\n|player|p2|\n","uploadtime":1726812506,"views":54,"formatid":"gen9vgc2024regh","rating":1736,"private":0,"password":null}