{"id":"gen9vgc2024regh-2205187506","format":"[Gen 9] VGC 2024 Reg H","players":["Zordor","Pokemonst3r"],"log":"|j|\u2606Zordor\n|j|\u2606Pokemonst3r\n|t:|1726763080\n|gametype|doubles\n|player|p1|Zordor|pilot|1696\n|player|p2|Pokemonst3r|2|1688\n|teamsize|p1|6\n|teamsize|p2|6\n|gen|9\n|tier|[Gen 9] VGC 2024 Reg H\n|rated|\n|rule|Species Clause: Limit one of each Pok\u00e9mon\n|rule|Item Clause: Limit 1 of each item\n|clearpoke\n|poke|p1|Rotom-Wash, L50|\n|poke|p1|Cinderace, L50, F|\n|poke|p1|Kingambit, L50, M|\n|poke|p1|Venusaur, L50, F|\n|poke|p1|Armarouge, L50, M|\n|poke|p1|Dragapult, L50, F|\n|poke|p2|Archaludon, L50, M|\n|poke|p2|Pelipper, L50, M|\n|poke|p2|Gholdengo, L50|\n|poke|p2|Hydreigon, L50, M|\n|poke|p2|Basculegion, L50, M|\n|poke|p2|Murkrow, L50, M|\n|teampreview|4\n|inactive|Battle timer is ON: inactive players will automatically lose when time's up. (requested by Pokemonst3r)\n|j| Mattiq non\n|l| Mattiq non\n|j| Mattiq non\n|l| Mattiq non\n|inactive|Pokemonst3r has 60 seconds left.\n|\n|t:|1726763126\n|start\n|switch|p1a: Rotom|Rotom-Wash, L50|100\/100\n|switch|p1b: Dragapult|Dragapult, L50, F|100\/100\n|switch|p2a: Gholdengo|Gholdengo, L50|100\/100\n|switch|p2b: Murkrow|Murkrow, L50, M|100\/100\n|turn|1\n|inactive|Zordor has 30 seconds left.\n|inactive|Zordor has 20 seconds left.\n|inactive|Zordor has 15 seconds left.\n|inactive|Zordor has 10 seconds left.\n|\n|t:|1726763172\n|move|p2b: Murkrow|Tailwind|p2b: Murkrow\n|-sidestart|p2: Pokemonst3r|move: Tailwind\n|move|p2a: Gholdengo|Shadow Ball|p1b: Dragapult\n|-supereffective|p1b: Dragapult\n|-damage|p1b: Dragapult|0 fnt\n|faint|p1b: Dragapult\n|move|p1a: Rotom|Electroweb|p2a: Gholdengo|[spread] p2a,p2b\n|-supereffective|p2b: Murkrow\n|-damage|p2a: Gholdengo|84\/100\n|-damage|p2b: Murkrow|75\/100\n|-unboost|p2a: Gholdengo|spe|1\n|-unboost|p2b: Murkrow|spe|1\n|\n|upkeep\n|\n|t:|1726763182\n|switch|p1b: Kingambit|Kingambit, L50, M|100\/100\n|turn|2\n|\n|t:|1726763203\n|-terastallize|p2a: Gholdengo|Steel\n|move|p2b: Murkrow|Haze|p2b: Murkrow\n|-clearallboost\n|move|p2a: Gholdengo|Shadow Ball|p1a: Rotom\n|-damage|p1a: Rotom|31\/100\n|move|p1a: Rotom|Light Screen|p1a: Rotom\n|-sidestart|p1: Zordor|move: Light Screen\n|move|p1b: Kingambit|Kowtow Cleave|p2a: Gholdengo\n|-damage|p2a: Gholdengo|32\/100\n|\n|upkeep\n|turn|3\n|inactive|Pokemonst3r has 30 seconds left.\n|\n|t:|1726763229\n|switch|p2a: Archaludon|Archaludon, L50, M|100\/100\n|move|p1b: Kingambit|Sucker Punch||[still]\n|-fail|p1b: Kingambit\n|move|p2b: Murkrow|Foul Play|p1a: Rotom\n|-damage|p1a: Rotom|11\/100\n|move|p1a: Rotom|Electroweb|p2a: Archaludon|[spread] p2a,p2b\n|-resisted|p2a: Archaludon\n|-supereffective|p2b: Murkrow\n|-damage|p2a: Archaludon|94\/100\n|-damage|p2b: Murkrow|49\/100\n|-unboost|p2a: Archaludon|spe|1\n|-unboost|p2b: Murkrow|spe|1\n|-ability|p2a: Archaludon|Stamina|boost\n|-boost|p2a: Archaludon|def|1\n|\n|upkeep\n|turn|4\n|inactive|Zordor has 30 seconds left.\n|\n|t:|1726763254\n|switch|p1b: Armarouge|Armarouge, L50, M|100\/100\n|move|p2a: Archaludon|Body Press|p1b: Armarouge\n|-resisted|p1b: Armarouge\n|-damage|p1b: Armarouge|83\/100\n|move|p1a: Rotom|Will-O-Wisp|p2a: Archaludon\n|-status|p2a: Archaludon|brn\n|move|p2b: Murkrow|Foul Play|p1a: Rotom\n|-damage|p1a: Rotom|0 fnt\n|faint|p1a: Rotom\n|\n|-damage|p2a: Archaludon|87\/100 brn|[from] brn\n|-sideend|p2: Pokemonst3r|move: Tailwind\n|upkeep\n|\n|t:|1726763264\n|switch|p1a: Kingambit|Kingambit, L50, M|100\/100\n|turn|5\n|\n|t:|1726763288\n|switch|p2b: Pelipper|Pelipper, L50, M|100\/100\n|-weather|RainDance|[from] ability: Drizzle|[of] p2b: Pelipper\n|-terastallize|p1a: Kingambit|Fairy\n|move|p1b: Armarouge|Aura Sphere|p2a: Archaludon\n|-supereffective|p2a: Archaludon\n|-damage|p2a: Archaludon|41\/100 brn\n|-ability|p2a: Archaludon|Stamina|boost\n|-boost|p2a: Archaludon|def|1\n|move|p1a: Kingambit|Iron Head|p2b: Pelipper\n|-resisted|p2b: Pelipper\n|-damage|p2b: Pelipper|71\/100\n|move|p2a: Archaludon|Electro Shot||[still]\n|-prepare|p2a: Archaludon|Electro Shot\n|-boost|p2a: Archaludon|spa|1\n|-anim|p2a: Archaludon|Electro Shot|p1b: Armarouge\n|-damage|p1b: Armarouge|31\/100\n|-enditem|p1b: Armarouge|Sitrus Berry|[eat]\n|-heal|p1b: Armarouge|56\/100|[from] item: Sitrus Berry\n|\n|-weather|RainDance|[upkeep]\n|-damage|p2a: Archaludon|34\/100 brn|[from] brn\n|upkeep\n|turn|6\n|inactive|Zordor has 30 seconds left.\n|inactive|Pokemonst3r has 30 seconds left.\n|\n|t:|1726763315\n|move|p1b: Armarouge|Protect|p1b: Armarouge\n|-singleturn|p1b: Armarouge|Protect\n|move|p2b: Pelipper|Muddy Water|p1a: Kingambit|[spread] p1a\n|-activate|p1b: Armarouge|move: Protect\n|-damage|p1a: Kingambit|70\/100\n|move|p1a: Kingambit|Kowtow Cleave|p2b: Pelipper\n|-damage|p2b: Pelipper|11\/100\n|move|p2a: Archaludon|Electro Shot||[still]\n|-prepare|p2a: Archaludon|Electro Shot\n|-boost|p2a: Archaludon|spa|1\n|-anim|p2a: Archaludon|Electro Shot|p1b: Armarouge\n|-activate|p1b: Armarouge|move: Protect\n|\n|-weather|RainDance|[upkeep]\n|-damage|p2a: Archaludon|28\/100 brn|[from] brn\n|-sideend|p1: Zordor|move: Light Screen\n|upkeep\n|turn|7\n|j| tjoahy\n|\n|t:|1726763339\n|move|p2b: Pelipper|Protect|p2b: Pelipper\n|-singleturn|p2b: Pelipper|Protect\n|move|p1a: Kingambit|Sucker Punch||[still]\n|-fail|p1a: Kingambit\n|move|p1b: Armarouge|Aura Sphere|p2a: Archaludon\n|-supereffective|p2a: Archaludon\n|-damage|p2a: Archaludon|0 fnt\n|faint|p2a: Archaludon\n|\n|-weather|RainDance|[upkeep]\n|upkeep\n|\n|t:|1726763349\n|switch|p2a: Gholdengo|Gholdengo, L50, tera:Steel|32\/100\n|turn|8\n|\n|t:|1726763361\n|move|p1a: Kingambit|Sucker Punch|p2a: Gholdengo\n|-damage|p2a: Gholdengo|0 fnt\n|faint|p2a: Gholdengo\n|move|p1b: Armarouge|Psychic|p2b: Pelipper\n|-damage|p2b: Pelipper|0 fnt\n|faint|p2b: Pelipper\n|\n|-weather|RainDance|[upkeep]\n|upkeep\n|\n|t:|1726763369\n|switch|p2b: Murkrow|Murkrow, L50, M|49\/100\n|turn|9\n|-message|Pokemonst3r forfeited.\n|\n|win|Zordor\n|raw|Zordor's rating: 1696 &rarr; <strong>1716<\/strong><br \/>(+20 for winning)\n|raw|Pokemonst3r's rating: 1688 &rarr; <strong>1668<\/strong><br \/>(-20 for losing)\n|l|\u2606Pokemonst3r\n|player|p2|\n|l| tjoahy\n|l|\u2606Zordor\n|player|p1|\n","uploadtime":1726763537,"views":25,"formatid":"gen9vgc2024regh","rating":1668,"private":0,"password":null}