{"id":"gen9vgc2024regh-2205618425","format":"[Gen 9] VGC 2024 Reg H","players":["Erupt Isle dis f(x","roykeenkennedy"],"log":"|j|\u2606Erupt Isle dis f(x\n|j|\u2606roykeenkennedy\n|t:|1726809322\n|gametype|doubles\n|player|p1|Erupt Isle dis f(x|101|1669\n|player|p2|roykeenkennedy|alder|1732\n|teamsize|p1|6\n|teamsize|p2|6\n|gen|9\n|tier|[Gen 9] VGC 2024 Reg H\n|rated|\n|rule|Species Clause: Limit one of each Pok\u00e9mon\n|rule|Item Clause: Limit 1 of each item\n|clearpoke\n|poke|p1|Archaludon, L50, F|\n|poke|p1|Dragonite, L50, F|\n|poke|p1|Gengar, L50, M|\n|poke|p1|Kingambit, L50, M|\n|poke|p1|Pelipper, L50, F|\n|poke|p1|Primarina, L50, F|\n|poke|p2|Salamence, L50, M|\n|poke|p2|Incineroar, L50, F|\n|poke|p2|Weezing, L50, F|\n|poke|p2|Dragapult, L50, M|\n|poke|p2|Ursaluna-Bloodmoon, L50, M|\n|poke|p2|Primarina, L50, M|\n|teampreview|4\n|\n|t:|1726809372\n|start\n|switch|p1a: Archaludon|Archaludon, L50, F|100\/100\n|switch|p1b: Gengar|Gengar, L50, M|100\/100\n|switch|p2a: Weezing|Weezing, L50, F|100\/100\n|switch|p2b: Dragapult|Dragapult, L50, M|100\/100\n|-ability|p2a: Weezing|Neutralizing Gas\n|turn|1\n|j| lswagh\n|\n|t:|1726809401\n|switch|p2b: Incineroar|Incineroar, L50, F|100\/100\n|-ability|p2b: Incineroar|Intimidate|boost\n|-unboost|p1a: Archaludon|atk|1\n|-unboost|p1b: Gengar|atk|1\n|move|p1b: Gengar|Icy Wind|p2a: Weezing|[spread] p2a,p2b\n|-resisted|p2b: Incineroar\n|-crit|p2b: Incineroar\n|-damage|p2a: Weezing|83\/100\n|-damage|p2b: Incineroar|92\/100\n|-unboost|p2a: Weezing|spe|1\n|-unboost|p2b: Incineroar|spe|1\n|move|p1a: Archaludon|Electro Shot||[still]\n|-prepare|p1a: Archaludon|Electro Shot\n|-boost|p1a: Archaludon|spa|1\n|-enditem|p1a: Archaludon|Power Herb\n|-anim|p1a: Archaludon|Electro Shot|p2a: Weezing\n|-damage|p2a: Weezing|4\/100\n|move|p2a: Weezing|Will-O-Wisp|p1a: Archaludon\n|-status|p1a: Archaludon|brn\n|\n|-heal|p2a: Weezing|10\/100|[from] item: Leftovers\n|-damage|p1a: Archaludon|94\/100 brn|[from] brn\n|upkeep\n|turn|2\n|\n|t:|1726809425\n|move|p2a: Weezing|Protect|p2a: Weezing\n|-singleturn|p2a: Weezing|Protect\n|move|p1b: Gengar|Sludge Wave|p2a: Weezing|[spread] p2b\n|-activate|p2a: Weezing|move: Protect\n|-immune|p1a: Archaludon\n|-damage|p2b: Incineroar|65\/100\n|move|p1a: Archaludon|Aura Sphere|p2b: Incineroar\n|-supereffective|p2b: Incineroar\n|-damage|p2b: Incineroar|0 fnt\n|faint|p2b: Incineroar\n|\n|-heal|p2a: Weezing|16\/100|[from] item: Leftovers\n|-damage|p1a: Archaludon|88\/100 brn|[from] brn\n|upkeep\n|\n|t:|1726809446\n|switch|p2b: Dragapult|Dragapult, L50, M|100\/100\n|turn|3\n|\n|t:|1726809485\n|-end|p2a: Weezing|ability: Neutralizing Gas\n|switch|p2a: Ursaluna|Ursaluna-Bloodmoon, L50, M|100\/100\n|-terastallize|p2b: Dragapult|Ghost\n|move|p2b: Dragapult|Tera Blast|p1b: Gengar|[anim] Tera Blast Ghost\n|-supereffective|p1b: Gengar\n|-enditem|p1b: Gengar|Focus Sash\n|-damage|p1b: Gengar|1\/100\n|move|p1b: Gengar|Icy Wind|p2a: Ursaluna|[spread] p2a,p2b\n|-supereffective|p2a: Ursaluna\n|-crit|p2a: Ursaluna\n|-crit|p2b: Dragapult\n|-damage|p2a: Ursaluna|68\/100\n|-damage|p2b: Dragapult|71\/100\n|-unboost|p2a: Ursaluna|spe|1\n|move|p1a: Archaludon|Draco Meteor|p2b: Dragapult\n|-damage|p2b: Dragapult|0 fnt\n|-unboost|p1a: Archaludon|spa|2\n|faint|p2b: Dragapult\n|\n|-damage|p1a: Archaludon|82\/100 brn|[from] brn\n|upkeep\n|\n|t:|1726809510\n|switch|p2b: Weezing|Weezing, L50, F|16\/100\n|-ability|p2b: Weezing|Neutralizing Gas\n|turn|4\n|j| strikesuitzero\n|inactive|Battle timer is ON: inactive players will automatically lose when time's up. (requested by Erupt Isle dis f(x)\n|\n|t:|1726809530\n|move|p2b: Weezing|Protect|p2b: Weezing\n|-singleturn|p2b: Weezing|Protect\n|move|p1b: Gengar|Shadow Ball|p2b: Weezing\n|-activate|p2b: Weezing|move: Protect\n|move|p1a: Archaludon|Aura Sphere|p2a: Ursaluna\n|-supereffective|p2a: Ursaluna\n|-damage|p2a: Ursaluna|38\/100\n|move|p2a: Ursaluna|Earth Power|p1b: Gengar\n|-supereffective|p1b: Gengar\n|-damage|p1b: Gengar|0 fnt\n|faint|p1b: Gengar\n|\n|-heal|p2b: Weezing|22\/100|[from] item: Leftovers\n|-damage|p1a: Archaludon|76\/100 brn|[from] brn\n|upkeep\n|\n|t:|1726809535\n|switch|p1b: Dragonite|Dragonite, L50, F, shiny|100\/100\n|turn|5\n|\n|t:|1726809552\n|-terastallize|p1a: Archaludon|Stellar\n|move|p1a: Archaludon|Draco Meteor|p2b: Weezing\n|-damage|p2b: Weezing|0 fnt\n|-unboost|p1a: Archaludon|spa|2\n|faint|p2b: Weezing\n|-end|p2b: Weezing|ability: Neutralizing Gas\n|move|p1b: Dragonite|Low Kick|p2a: Ursaluna\n|-supereffective|p2a: Ursaluna\n|-damage|p2a: Ursaluna|0 fnt\n|faint|p2a: Ursaluna\n|\n|win|Erupt Isle dis f(x\n|raw|Erupt Isle dis f(x's rating: 1644 &rarr; <strong>1669<\/strong><br \/>(+25 for winning)\n|raw|roykeenkennedy's rating: 1732 &rarr; <strong>1707<\/strong><br \/>(-25 for losing)\n|l|\u2606roykeenkennedy\n|player|p2|\n|l| lswagh\n|l|\u2606Erupt Isle dis f(x\n|player|p1|\n|l| strikesuitzero\n","uploadtime":1726809564,"views":10,"formatid":"gen9vgc2024regh","rating":1669,"private":0,"password":null}