{"id":"gen9vgc2024regh-2205176690","format":"[Gen 9] VGC 2024 Reg H","players":["wonder gawd","Arkalid"],"log":"|j|\u2606wonder gawd\n|j|\u2606Arkalid\n|t:|1726762169\n|gametype|doubles\n|player|p1|wonder gawd|1|1697\n|player|p2|Arkalid|170|1766\n|teamsize|p1|6\n|teamsize|p2|6\n|gen|9\n|tier|[Gen 9] VGC 2024 Reg H\n|rated|\n|rule|Species Clause: Limit one of each Pok\u00e9mon\n|rule|Item Clause: Limit 1 of each item\n|clearpoke\n|poke|p1|Zoroark-Hisui, L50, F|\n|poke|p1|Inteleon, L50, F|\n|poke|p1|Sneasler, L50, F|\n|poke|p1|Grimmsnarl, L50, M|\n|poke|p1|Archaludon, L50, M|\n|poke|p1|Electabuzz, L50, F|\n|poke|p2|Talonflame, L50, F|\n|poke|p2|Garchomp, L50, M|\n|poke|p2|Ninetales-Alola, L50, F|\n|poke|p2|Amoonguss, L50, M|\n|poke|p2|Kingambit, L50, F|\n|poke|p2|Dragonite, L50, M|\n|teampreview|4\n|inactive|Battle timer is ON: inactive players will automatically lose when time's up. (requested by Arkalid)\nArkalid has agreed to open team sheets.\nwonder gawd rejected open team sheets.\n|inactive|Arkalid has 60 seconds left.\n|\n|t:|1726762206\n|start\n|switch|p1a: Grimmsnarl|Grimmsnarl, L50, M, shiny|100\/100\n|switch|p1b: Sneasler|Sneasler, L50, F, shiny|100\/100\n|switch|p2a: Talonflame|Talonflame, L50, F|100\/100\n|switch|p2b: Garchomp|Garchomp, L50, M|100\/100\n|turn|1\n|\n|t:|1726762221\n|-terastallize|p1b: Sneasler|Steel\n|move|p2a: Talonflame|Tailwind|p2a: Talonflame\n|-sidestart|p2: Arkalid|move: Tailwind\n|move|p1a: Grimmsnarl|Swagger|p1b: Sneasler\n|-boost|p1b: Sneasler|atk|2\n|-start|p1b: Sneasler|confusion\n|-enditem|p1b: Sneasler|Lum Berry|[eat]\n|-end|p1b: Sneasler|confusion\n|move|p1b: Sneasler|Close Combat|p2b: Garchomp\n|-damage|p2b: Garchomp|0 fnt\n|-unboost|p1b: Sneasler|def|1\n|-unboost|p1b: Sneasler|spd|1\n|-damage|p1b: Sneasler|88\/100|[from] ability: Rough Skin|[of] p2b: Garchomp\n|faint|p2b: Garchomp\n|\n|upkeep\n|\n|t:|1726762236\n|switch|p2b: Dragonite|Dragonite, L50, M|100\/100\n|turn|2\n|inactive|Arkalid has 30 seconds left.\n|inactive|Arkalid has 20 seconds left.\n|j| Deli(VeryReal)\n|inactive|Arkalid has 15 seconds left.\n|\n|t:|1726762277\n|move|p2a: Talonflame|Protect|p2a: Talonflame\n|-singleturn|p2a: Talonflame|Protect\n|move|p1a: Grimmsnarl|Thunder Wave|p2a: Talonflame\n|-activate|p2a: Talonflame|move: Protect\n|move|p1b: Sneasler|Dire Claw|p2b: Dragonite\n|-damage|p2b: Dragonite|57\/100\n|move|p2b: Dragonite|Low Kick|p1b: Sneasler\n|-supereffective|p1b: Sneasler\n|-damage|p1b: Sneasler|0 fnt\n|faint|p1b: Sneasler\n|\n|upkeep\n|c| Deli(VeryReal)|hello chat\n|\n|t:|1726762299\n|switch|p1b: Inteleon|Inteleon, L50, F, shiny|100\/100\n|turn|3\n|inactive|wonder gawd has 30 seconds left.\n|inactive|Arkalid has 30 seconds left.\n|\n|t:|1726762330\n|switch|p2b: Amoonguss|Amoonguss, L50, M|100\/100\n|move|p2a: Talonflame|Brave Bird|p1b: Inteleon\n|-damage|p1b: Inteleon|28\/100\n|replace|p1b: Zoroark|Zoroark-Hisui, L50, F, shiny\n|-end|p1b: Zoroark|Illusion\n|-damage|p2a: Talonflame|83\/100|[from] Recoil\n|move|p1b: Zoroark|Hyper Voice|p2a: Talonflame|[spread] p2a,p2b\n|-damage|p2a: Talonflame|43\/100\n|-damage|p2b: Amoonguss|68\/100\n|move|p1a: Grimmsnarl|Spirit Break|p2b: Amoonguss\n|-resisted|p2b: Amoonguss\n|-damage|p2b: Amoonguss|56\/100\n|-unboost|p2b: Amoonguss|spa|1\n|\n|upkeep\n|turn|4\n|\n|t:|1726762350\n|move|p2a: Talonflame|Protect|p2a: Talonflame\n|-singleturn|p2a: Talonflame|Protect\n|move|p1a: Grimmsnarl|Swagger|p2b: Amoonguss\n|-boost|p2b: Amoonguss|atk|2\n|-start|p2b: Amoonguss|confusion\n|move|p1b: Zoroark|Hyper Voice|p2a: Talonflame|[spread] p2b\n|-activate|p2a: Talonflame|move: Protect\n|-damage|p2b: Amoonguss|28\/100\n|-enditem|p2b: Amoonguss|Sitrus Berry|[eat]\n|-heal|p2b: Amoonguss|53\/100|[from] item: Sitrus Berry\n|-activate|p2b: Amoonguss|confusion\n|move|p2b: Amoonguss|Spore|p1b: Zoroark\n|-status|p1b: Zoroark|slp|[from] move: Spore\n|\n|-sideend|p2: Arkalid|move: Tailwind\n|upkeep\n|turn|5\n|\n|t:|1726762374\n|move|p1a: Grimmsnarl|Thunder Wave|p2a: Talonflame\n|-status|p2a: Talonflame|par\n|cant|p1b: Zoroark|slp\n|cant|p2a: Talonflame|par\n|-activate|p2b: Amoonguss|confusion\n|-damage|p2b: Amoonguss|43\/100|[from] confusion\n|\n|upkeep\n|turn|6\n|\n|t:|1726762393\n|move|p1a: Grimmsnarl|Thunder Wave|p2b: Amoonguss\n|-status|p2b: Amoonguss|par\n|-curestatus|p1b: Zoroark|slp|[msg]\n|move|p1b: Zoroark|Hyper Voice|p2a: Talonflame|[spread] p2a,p2b\n|-damage|p2a: Talonflame|0 fnt\n|-damage|p2b: Amoonguss|15\/100 par\n|faint|p2a: Talonflame\n|-end|p2b: Amoonguss|confusion\n|move|p2b: Amoonguss|Pollen Puff|p2: Talonflame|[notarget]\n|-fail|p2b: Amoonguss\n|\n|upkeep\n|\n|t:|1726762401\n|switch|p2a: Dragonite|Dragonite, L50, M|57\/100\n|turn|7\n|inactive|Arkalid has 30 seconds left.\n|\n|t:|1726762433\n|-terastallize|p2a: Dragonite|Flying\n|move|p1b: Zoroark|Hyper Voice|p2b: Amoonguss|[spread] p2a,p2b\n|-damage|p2a: Dragonite|33\/100\n|-damage|p2b: Amoonguss|0 fnt\n|faint|p2b: Amoonguss\n|move|p2a: Dragonite|Tera Blast|p1a: Grimmsnarl|[anim] Tera Blast Flying\n|-damage|p1a: Grimmsnarl|20\/100\n|move|p1a: Grimmsnarl|Spirit Break|p2a: Dragonite\n|-damage|p2a: Dragonite|0 fnt\n|faint|p2a: Dragonite\n|\n|win|wonder gawd\n|raw|wonder gawd's rating: 1697 &rarr; <strong>1721<\/strong><br \/>(+24 for winning)\n|raw|Arkalid's rating: 1766 &rarr; <strong>1742<\/strong><br \/>(-24 for losing)\n|l|\u2606wonder gawd\n|player|p1|\n|l|\u2606Arkalid\n|player|p2|\n|l| Deli(VeryReal)\n","uploadtime":1726762706,"views":55,"formatid":"gen9vgc2024regh","rating":1721,"private":0,"password":null}