{"id":"gen9vgc2024regh-2205082678","format":"[Gen 9] VGC 2024 Reg H","players":["actuary97","chanpaopao"],"log":"|j|\u2606actuary97\n|j|\u2606chanpaopao\n|t:|1726754110\n|gametype|doubles\n|player|p1|actuary97|sabrina-frlg|1710\n|player|p2|chanpaopao|102|1700\n|teamsize|p1|6\n|teamsize|p2|6\n|gen|9\n|tier|[Gen 9] VGC 2024 Reg H\n|rated|\n|rule|Species Clause: Limit one of each Pok\u00e9mon\n|rule|Item Clause: Limit 1 of each item\n|clearpoke\n|poke|p1|Delphox, L50, F|\n|poke|p1|Whimsicott, L50, F|\n|poke|p1|Gallade, L50, M|\n|poke|p1|Malamar, L50, F|\n|poke|p1|Indeedee, L50, M|\n|poke|p1|Archaludon, L50, F|\n|poke|p2|Whimsicott, L50, F|\n|poke|p2|Dragonite, L50, M|\n|poke|p2|Ursaluna-Bloodmoon, L50, M|\n|poke|p2|Gholdengo, L50|\n|poke|p2|Archaludon, L50, M|\n|poke|p2|Rillaboom, L50, F|\n|teampreview|4\nactuary97 has agreed to open team sheets.\n|inactive|Battle timer is ON: inactive players will automatically lose when time's up. (requested by chanpaopao)\n|\n|t:|1726754157\n|start\n|switch|p1a: Mischief Mother|Whimsicott, L50, F, shiny|100\/100\n|switch|p1b: Bridget|Archaludon, L50, F, shiny|100\/100\n|switch|p2a: Archaludon|Archaludon, L50, M|100\/100\n|switch|p2b: Dragonite|Dragonite, L50, M|100\/100\n|turn|1\n|j| fishle\n|j| Figo_44\n|inactive|chanpaopao has 30 seconds left.\n|inactive|actuary97 has 30 seconds left.\n|inactive|chanpaopao has 20 seconds left.\n|inactive|actuary97 has 20 seconds left.\n|\n|t:|1726754200\n|switch|p1b: Tapu Deedee|Indeedee, L50, M, shiny|100\/100\n|-fieldstart|move: Psychic Terrain|[from] ability: Psychic Surge|[of] p1b: Tapu Deedee\n|-enditem|p1b: Tapu Deedee|Psychic Seed\n|-boost|p1b: Tapu Deedee|spd|1|[from] item: Psychic Seed\n|move|p1a: Mischief Mother|Moonblast|p2b: Dragonite\n|-supereffective|p2b: Dragonite\n|-damage|p2b: Dragonite|60\/100\n|move|p2a: Archaludon|Electro Shot||[still]\n|-prepare|p2a: Archaludon|Electro Shot\n|-boost|p2a: Archaludon|spa|1\n|-enditem|p2a: Archaludon|Power Herb\n|-anim|p2a: Archaludon|Electro Shot|p1b: Tapu Deedee\n|-damage|p1b: Tapu Deedee|38\/100\n|move|p2b: Dragonite|Low Kick|p1b: Tapu Deedee\n|-damage|p1b: Tapu Deedee|0 fnt\n|faint|p1b: Tapu Deedee\n|\n|upkeep\n|\n|t:|1726754219\n|switch|p1b: Bridget|Archaludon, L50, F, shiny|100\/100\n|turn|2\n|\n|t:|1726754243\n|switch|p2b: Rillaboom|Rillaboom, L50, F|100\/100\n|-fieldstart|move: Grassy Terrain|[from] ability: Grassy Surge|[of] p2b: Rillaboom\n|move|p1a: Mischief Mother|Beat Up|p1b: Bridget\n|-damage|p1b: Bridget|99\/100\n|-ability|p1b: Bridget|Stamina|boost\n|-boost|p1b: Bridget|def|1\n|-damage|p1b: Bridget|97\/100\n|-ability|p1b: Bridget|Stamina|boost\n|-boost|p1b: Bridget|def|1\n|-damage|p1b: Bridget|96\/100\n|-ability|p1b: Bridget|Stamina|boost\n|-boost|p1b: Bridget|def|1\n|-hitcount|p1b: Bridget|3\n|move|p2a: Archaludon|Draco Meteor|p1b: Bridget\n|-damage|p1b: Bridget|19\/100\n|-unboost|p2a: Archaludon|spa|2\n|-ability|p1b: Bridget|Stamina|boost\n|-boost|p1b: Bridget|def|1\n|move|p1b: Bridget|Body Press|p2a: Archaludon\n|-supereffective|p2a: Archaludon\n|-ability|p2a: Archaludon|Sturdy\n|-damage|p2a: Archaludon|1\/100\n|\n|-heal|p2a: Archaludon|7\/100|[from] Grassy Terrain\n|-heal|p1b: Bridget|25\/100|[from] Grassy Terrain\n|upkeep\n|turn|3\n|c|\u2606actuary97|I thought 100% turn 1 you would go to gholdie predicting a beat up body press\n|inactive|actuary97 has 30 seconds left.\n|inactive|chanpaopao has 30 seconds left.\n|inactive|actuary97 has 20 seconds left.\n|inactive|chanpaopao has 20 seconds left.\n|\n|t:|1726754281\n|move|p2b: Rillaboom|Fake Out|p1a: Mischief Mother\n|-damage|p1a: Mischief Mother|81\/100\n|cant|p1a: Mischief Mother|flinch\n|move|p2a: Archaludon|Draco Meteor|p1b: Bridget\n|-damage|p1b: Bridget|0 fnt\n|-unboost|p2a: Archaludon|spa|2\n|faint|p1b: Bridget\n|\n|-heal|p1a: Mischief Mother|87\/100|[from] Grassy Terrain\n|-heal|p2a: Archaludon|13\/100|[from] Grassy Terrain\n|upkeep\n|\n|t:|1726754283\n|switch|p1b: Brujamadre|Delphox, L50, F, shiny|100\/100\n|turn|4\n|j| Rabbihorn\n|inactive|chanpaopao has 30 seconds left.\n|\n|t:|1726754309\n|-terastallize|p1b: Brujamadre|Fire\n|-terastallize|p2b: Rillaboom|Fire\n|move|p1a: Mischief Mother|Sunny Day|p1a: Mischief Mother\n|-weather|SunnyDay\n|move|p1b: Brujamadre|Heat Wave|p2a: Archaludon|[spread] p2a,p2b\n|-resisted|p2b: Rillaboom\n|-damage|p2a: Archaludon|0 fnt\n|-damage|p2b: Rillaboom|51\/100\n|faint|p2a: Archaludon\n|move|p2b: Rillaboom|U-turn|p1b: Brujamadre\n|-resisted|p1b: Brujamadre\n|-damage|p1b: Brujamadre|84\/100\n|\n|t:|1726754329\n|switch|p2b: Ursaluna|Ursaluna-Bloodmoon, L50, M|100\/100|[from] U-turn\n|\n|-weather|SunnyDay|[upkeep]\n|-heal|p1a: Mischief Mother|92\/100|[from] Grassy Terrain\n|-heal|p1b: Brujamadre|90\/100|[from] Grassy Terrain\n|upkeep\n|\n|t:|1726754338\n|switch|p2a: Rillaboom|Rillaboom, L50, F, tera:Fire|51\/100\n|turn|5\n|\n|t:|1726754351\n|move|p2a: Rillaboom|Fake Out|p1b: Brujamadre\n|-damage|p1b: Brujamadre|70\/100\n|move|p1a: Mischief Mother|Tailwind|p1a: Mischief Mother\n|-sidestart|p1: actuary97|move: Tailwind\n|cant|p1b: Brujamadre|flinch\n|move|p2b: Ursaluna|Blood Moon|p1a: Mischief Mother\n|-damage|p1a: Mischief Mother|0 fnt\n|faint|p1a: Mischief Mother\n|\n|-weather|SunnyDay|[upkeep]\n|-heal|p1b: Brujamadre|75\/100|[from] Grassy Terrain\n|-heal|p2a: Rillaboom|57\/100|[from] Grassy Terrain\n|upkeep\n|turn|6\n|\n|t:|1726754372\n|move|p1b: Brujamadre|Heat Wave|p2b: Ursaluna|[spread] p2b\n|-miss|p1b: Brujamadre|p2a: Rillaboom\n|-damage|p2b: Ursaluna|30\/100\n|move|p2a: Rillaboom|U-turn|p1b: Brujamadre\n|-resisted|p1b: Brujamadre\n|-damage|p1b: Brujamadre|58\/100\n|\n|t:|1726754379\n|switch|p2a: Dragonite|Dragonite, L50, M|60\/100|[from] U-turn\n|move|p2b: Ursaluna|Earth Power|p1b: Brujamadre\n|-supereffective|p1b: Brujamadre\n|-damage|p1b: Brujamadre|0 fnt\n|faint|p1b: Brujamadre\n|\n|win|chanpaopao\n|raw|actuary97's rating: 1710 &rarr; <strong>1689<\/strong><br \/>(-21 for losing)\n|raw|chanpaopao's rating: 1700 &rarr; <strong>1721<\/strong><br \/>(+21 for winning)\n|c|\u2606actuary97|gg\n|l|\u2606actuary97\n|player|p1|\n|l|\u2606chanpaopao\n|player|p2|\n|l| Figo_44\n|l| fishle\n","uploadtime":1726754394,"views":55,"formatid":"gen9vgc2024regh","rating":1689,"private":0,"password":null}