{"id":"gen9vgc2024regh-2205317303","format":"[Gen 9] VGC 2024 Reg H","players":["juacox300","TwitterJasePokemon"],"log":"|j|\u2606juacox300\n|j|\u2606TwitterJasePokemon\n|t:|1726774208\n|gametype|doubles\n|player|p1|juacox300|unknown|1737\n|player|p2|TwitterJasePokemon|lucas|1697\n|teamsize|p1|6\n|teamsize|p2|6\n|gen|9\n|tier|[Gen 9] VGC 2024 Reg H\n|rated|\n|rule|Species Clause: Limit one of each Pok\u00e9mon\n|rule|Item Clause: Limit 1 of each item\n|clearpoke\n|poke|p1|Ursaluna, L50, M|\n|poke|p1|Murkrow, L50, M|\n|poke|p1|Archaludon, L50, M|\n|poke|p1|Mienshao, L50, F|\n|poke|p1|Indeedee, L50, M|\n|poke|p1|Incineroar, L50, F|\n|poke|p2|Whimsicott, L50, F|\n|poke|p2|Hydreigon, L50, M|\n|poke|p2|Incineroar, L50, M|\n|poke|p2|Porygon-Z, L50|\n|poke|p2|Garchomp, L50, M|\n|poke|p2|Jolteon, L50, F|\n|teampreview|4\n|inactive|Battle timer is ON: inactive players will automatically lose when time's up. (requested by TwitterJasePokemon)\n|\n|t:|1726774234\n|start\n|switch|p1a: Ursaluna|Ursaluna, L50, M|100\/100\n|switch|p1b: Murkrow|Murkrow, L50, M|100\/100\n|switch|p2a: Jolteon|Jolteon, L50, F|100\/100\n|switch|p2b: Porygon-Z|Porygon-Z, L50|100\/100\n|turn|1\n|\n|t:|1726774246\n|move|p1b: Murkrow|Tailwind|p1b: Murkrow\n|-sidestart|p1: juacox300|move: Tailwind\n|move|p2a: Jolteon|Fake Tears|p1a: Ursaluna\n|-unboost|p1a: Ursaluna|spd|2\n|move|p2b: Porygon-Z|Ice Beam|p1a: Ursaluna\n|-supereffective|p1a: Ursaluna\n|-crit|p1a: Ursaluna\n|-damage|p1a: Ursaluna|0 fnt\n|faint|p1a: Ursaluna\n|\n|upkeep\n|\n|t:|1726774254\n|switch|p1a: Archaludon|Archaludon, L50, M, shiny|100\/100\n|turn|2\n|\n|t:|1726774260\n|move|p1a: Archaludon|Electro Shot||[still]\n|-prepare|p1a: Archaludon|Electro Shot\n|-boost|p1a: Archaludon|spa|1\n|-enditem|p1a: Archaludon|Power Herb\n|-anim|p1a: Archaludon|Electro Shot|p2b: Porygon-Z\n|-damage|p2b: Porygon-Z|16\/100\n|move|p1b: Murkrow|Brave Bird|p2b: Porygon-Z\n|-damage|p2b: Porygon-Z|0 fnt\n|faint|p2b: Porygon-Z\n|-damage|p1b: Murkrow|95\/100|[from] Recoil\n|move|p2a: Jolteon|Electroweb|p1b: Murkrow|[spread] p1a,p1b\n|-resisted|p1a: Archaludon\n|-supereffective|p1b: Murkrow\n|-damage|p1a: Archaludon|88\/100\n|-damage|p1b: Murkrow|63\/100\n|-unboost|p1a: Archaludon|spe|1\n|-unboost|p1b: Murkrow|spe|1\n|-ability|p1a: Archaludon|Stamina|boost\n|-boost|p1a: Archaludon|def|1\n|\n|upkeep\n|\n|t:|1726774271\n|switch|p2b: Hydreigon|Hydreigon, L50, M|100\/100\n|turn|3\n|j| Therazer456\n|\n|t:|1726774299\n|-terastallize|p1a: Archaludon|Fairy\n|move|p2a: Jolteon|Light Screen|p2a: Jolteon\n|-sidestart|p2: TwitterJasePokemon|move: Light Screen\n|move|p2b: Hydreigon|Snarl|p1b: Murkrow|[spread] p1a,p1b\n|-resisted|p1a: Archaludon\n|-resisted|p1b: Murkrow\n|-damage|p1a: Archaludon|75\/100\n|-damage|p1b: Murkrow|53\/100\n|-unboost|p1a: Archaludon|spa|1\n|-unboost|p1b: Murkrow|spa|1\n|-ability|p1a: Archaludon|Stamina|boost\n|-boost|p1a: Archaludon|def|1\n|move|p1a: Archaludon|Draco Meteor|p2b: Hydreigon\n|-supereffective|p2b: Hydreigon\n|-damage|p2b: Hydreigon|29\/100\n|-unboost|p1a: Archaludon|spa|2\n|move|p1b: Murkrow|Brave Bird|p2b: Hydreigon\n|-damage|p2b: Hydreigon|0 fnt\n|faint|p2b: Hydreigon\n|-damage|p1b: Murkrow|43\/100|[from] Recoil\n|\n|upkeep\n|\n|t:|1726774312\n|switch|p2b: Incineroar|Incineroar, L50, M|100\/100\n|-ability|p2b: Incineroar|Intimidate|boost\n|-unboost|p1a: Archaludon|atk|1\n|-unboost|p1b: Murkrow|atk|1\n|turn|4\n|j| Aeqe\n|\n|t:|1726774324\n|move|p1a: Archaludon|Protect|p1a: Archaludon\n|-singleturn|p1a: Archaludon|Protect\n|move|p1b: Murkrow|Haze|p1b: Murkrow\n|-clearallboost\n|move|p2a: Jolteon|Thunderbolt|p1b: Murkrow\n|-supereffective|p1b: Murkrow\n|-damage|p1b: Murkrow|0 fnt\n|faint|p1b: Murkrow\n|move|p2b: Incineroar|Flare Blitz|p1a: Archaludon\n|-activate|p1a: Archaludon|move: Protect\n|\n|-sideend|p1: juacox300|move: Tailwind\n|upkeep\n|\n|t:|1726774328\n|switch|p1b: Mienshao|Mienshao, L50, F|100\/100\n|turn|5\n|\n|t:|1726774344\n|-terastallize|p2a: Jolteon|Ghost\n|move|p2a: Jolteon|Electroweb|p1a: Archaludon|[spread] p1a,p1b\n|-damage|p1a: Archaludon|52\/100\n|-damage|p1b: Mienshao|68\/100\n|-unboost|p1a: Archaludon|spe|1\n|-unboost|p1b: Mienshao|spe|1\n|-ability|p1a: Archaludon|Stamina|boost\n|-boost|p1a: Archaludon|def|1\n|move|p2b: Incineroar|Flare Blitz|p1b: Mienshao\n|-damage|p1b: Mienshao|0 fnt\n|faint|p1b: Mienshao\n|-damage|p2b: Incineroar|85\/100|[from] Recoil\n|move|p1a: Archaludon|Flash Cannon|p2a: Jolteon\n|-damage|p2a: Jolteon|66\/100\n|\n|upkeep\n|turn|6\n|-message|juacox300 forfeited.\n|\n|win|TwitterJasePokemon\n|raw|juacox300's rating: 1737 &rarr; <strong>1715<\/strong><br \/>(-22 for losing)\n|raw|TwitterJasePokemon's rating: 1697 &rarr; <strong>1719<\/strong><br \/>(+22 for winning)\n|l|\u2606juacox300\n|player|p1|\n|l| Therazer456\n|l|\u2606TwitterJasePokemon\n|player|p2|\n","uploadtime":1726774607,"views":38,"formatid":"gen9vgc2024regh","rating":1715,"private":0,"password":null}