{"id":"gen9vgc2024regh-2205626579","format":"[Gen 9] VGC 2024 Reg H","players":["Erupt Isle dis f(x","kinokoatamakinoko"],"log":"|j|\u2606Erupt Isle dis f(x\n|j|\u2606kinokoatamakinoko\n|t:|1726810767\n|gametype|doubles\n|player|p1|Erupt Isle dis f(x|101|1680\n|player|p2|kinokoatamakinoko|cynthia|1729\n|teamsize|p1|6\n|teamsize|p2|6\n|gen|9\n|tier|[Gen 9] VGC 2024 Reg H\n|rated|\n|rule|Species Clause: Limit one of each Pok\u00e9mon\n|rule|Item Clause: Limit 1 of each item\n|clearpoke\n|poke|p1|Archaludon, L50, M|\n|poke|p1|Dragonite, L50, F|\n|poke|p1|Gengar, L50, F|\n|poke|p1|Kingambit, L50, M|\n|poke|p1|Pelipper, L50, F|\n|poke|p1|Primarina, L50, M|\n|poke|p2|Archaludon, L50, F|\n|poke|p2|Dondozo, L50, F|\n|poke|p2|Tatsugiri, L50, F|\n|poke|p2|Dragonite, L50, M|\n|poke|p2|Rotom-Heat, L50|\n|poke|p2|Meowscarada, L50, M|\n|teampreview|4\n|inactive|Battle timer is ON: inactive players will automatically lose when time's up. (requested by Erupt Isle dis f(x)\n|\n|t:|1726810802\n|start\n|switch|p1a: Archaludon|Archaludon, L50, M|100\/100\n|switch|p1b: Gengar|Gengar, L50, F|100\/100\n|switch|p2a: Rotom|Rotom-Heat, L50|100\/100\n|switch|p2b: Archaludon|Archaludon, L50, F|100\/100\n|turn|1\n|\n|t:|1726810823\n|move|p2b: Archaludon|Protect|p2b: Archaludon\n|-singleturn|p2b: Archaludon|Protect\n|move|p1b: Gengar|Icy Wind|p2a: Rotom|[spread] p2a\n|-activate|p2b: Archaludon|move: Protect\n|-resisted|p2a: Rotom\n|-damage|p2a: Rotom|93\/100\n|move|p1a: Archaludon|Aura Sphere|p2b: Archaludon\n|-activate|p2b: Archaludon|move: Protect\n|move|p2a: Rotom|Thunderbolt|p1b: Gengar\n|-damage|p1b: Gengar|27\/100\n|-status|p1b: Gengar|par\n|\n|upkeep\n|turn|2\n|c|\u2606kinokoatamakinoko|sorry\n|inactive|kinokoatamakinoko has 30 seconds left.\n|inactive|kinokoatamakinoko has 20 seconds left.\n|inactive|kinokoatamakinoko has 15 seconds left.\n|inactive|kinokoatamakinoko has 10 seconds left.\n|\n|t:|1726810868\n|-terastallize|p1a: Archaludon|Stellar\n|move|p2b: Archaludon|Electro Shot||[still]\n|-prepare|p2b: Archaludon|Electro Shot\n|-boost|p2b: Archaludon|spa|1\n|-enditem|p2b: Archaludon|Power Herb\n|-anim|p2b: Archaludon|Electro Shot|p1a: Archaludon\n|-resisted|p1a: Archaludon\n|-damage|p1a: Archaludon|53\/100\n|move|p1a: Archaludon|Draco Meteor|p2a: Rotom\n|-crit|p2a: Rotom\n|-damage|p2a: Rotom|0 fnt\n|-unboost|p1a: Archaludon|spa|2\n|faint|p2a: Rotom\n|cant|p1b: Gengar|par\n|\n|upkeep\n|inactive|kinokoatamakinoko has 30 seconds left.\n|\n|t:|1726810899\n|switch|p2a: Dragonite|Dragonite, L50, M|100\/100\n|turn|3\n|\n|t:|1726810908\n|switch|p1a: Dragonite|Dragonite, L50, F, shiny|100\/100\n|move|p2b: Archaludon|Draco Meteor|p1a: Dragonite\n|-supereffective|p1a: Dragonite\n|-damage|p1a: Dragonite|40\/100\n|-unboost|p2b: Archaludon|spa|2\n|move|p2a: Dragonite|Stomping Tantrum|p1b: Gengar\n|-supereffective|p1b: Gengar\n|-damage|p1b: Gengar|0 fnt\n|-start|p2a: Dragonite|Disable|Stomping Tantrum|[from] ability: Cursed Body|[of] p1b: Gengar\n|faint|p1b: Gengar\n|\n|upkeep\n|\n|t:|1726810920\n|switch|p1b: Archaludon|Archaludon, L50, M, tera:Stellar|53\/100\n|turn|4\n|inactive|kinokoatamakinoko has 30 seconds left.\n|\n|t:|1726810946\n|move|p2b: Archaludon|Protect|p2b: Archaludon\n|-singleturn|p2b: Archaludon|Protect\n|move|p1b: Archaludon|Electro Shot||[still]\n|-prepare|p1b: Archaludon|Electro Shot\n|-boost|p1b: Archaludon|spa|1\n|-enditem|p1b: Archaludon|Power Herb\n|-anim|p1b: Archaludon|Electro Shot|p2a: Dragonite\n|-damage|p2a: Dragonite|72\/100\n|move|p2a: Dragonite|Dragon Claw|p1a: Dragonite\n|-supereffective|p1a: Dragonite\n|-damage|p1a: Dragonite|0 fnt\n|faint|p1a: Dragonite\n|\n|upkeep\n|\n|t:|1726810957\n|switch|p1a: Kingambit|Kingambit, L50, M, shiny|100\/100\n|turn|5\n|inactive|kinokoatamakinoko has 30 seconds left.\n|inactive|kinokoatamakinoko has 20 seconds left.\n|inactive|kinokoatamakinoko has 15 seconds left.\n|inactive|kinokoatamakinoko has 10 seconds left.\n|inactive|kinokoatamakinoko has 5 seconds left.\n|\n|t:|1726811009\n|switch|p2a: Meowscarada|Meowscarada, L50, M|100\/100\n|-terastallize|p2b: Archaludon|Electric\n|move|p1b: Archaludon|Aura Sphere|p2b: Archaludon\n|-damage|p2b: Archaludon|32\/100\n|move|p2b: Archaludon|Electro Shot||[still]\n|-prepare|p2b: Archaludon|Electro Shot\n|-boost|p2b: Archaludon|spa|1\n|move|p1a: Kingambit|Iron Head|p2a: Meowscarada\n|-damage|p2a: Meowscarada|20\/100\n|\n|upkeep\n|turn|6\n|\n|t:|1726811030\n|move|p1a: Kingambit|Sucker Punch|p2b: Archaludon\n|-damage|p2b: Archaludon|0 fnt\n|faint|p2b: Archaludon\n|move|p2a: Meowscarada|Knock Off|p1b: Archaludon\n|-damage|p1b: Archaludon|23\/100\n|move|p1b: Archaludon|Aura Sphere|p2a: Meowscarada\n|-supereffective|p2a: Meowscarada\n|-damage|p2a: Meowscarada|0 fnt\n|faint|p2a: Meowscarada\n|\n|upkeep\n|\n|t:|1726811034\n|switch|p2a: Dragonite|Dragonite, L50, M|72\/100\n|turn|7\n|\n|t:|1726811040\n|move|p1b: Archaludon|Draco Meteor|p2a: Dragonite\n|-supereffective|p2a: Dragonite\n|-damage|p2a: Dragonite|0 fnt\n|-unboost|p1b: Archaludon|spa|2\n|faint|p2a: Dragonite\n|\n|win|Erupt Isle dis f(x\n|raw|Erupt Isle dis f(x's rating: 1680 &rarr; <strong>1703<\/strong><br \/>(+23 for winning)\n|raw|kinokoatamakinoko's rating: 1729 &rarr; <strong>1706<\/strong><br \/>(-23 for losing)\n|l|\u2606Erupt Isle dis f(x\n|player|p1|\n","uploadtime":1726811244,"views":21,"formatid":"gen9vgc2024regh","rating":1703,"private":0,"password":null}