{"id":"gen9vgc2024regh-2205636703","format":"[Gen 9] VGC 2024 Reg H","players":["chappell murkroan","lelouchswag"],"log":"|j|\u2606chappell murkroan\n|j|\u2606lelouchswag\n|t:|1726812649\n|gametype|doubles\n|player|p1|chappell murkroan|caitlin|1739\n|player|p2|lelouchswag|101|1839\n|teamsize|p1|6\n|teamsize|p2|6\n|gen|9\n|tier|[Gen 9] VGC 2024 Reg H\n|rated|\n|rule|Species Clause: Limit one of each Pok\u00e9mon\n|rule|Item Clause: Limit 1 of each item\n|clearpoke\n|poke|p1|Sneasler, L50, F|\n|poke|p1|Delphox, L50, F|\n|poke|p1|Basculegion, L50, M|\n|poke|p1|Whimsicott, L50, F|\n|poke|p1|Indeedee, L50, M|\n|poke|p1|Maushold-Four, L50|\n|poke|p2|Meowscarada, L50, M|\n|poke|p2|Primarina, L50, F|\n|poke|p2|Sylveon, L50, F|\n|poke|p2|Indeedee, L50, M|\n|poke|p2|Gliscor, L50, F|\n|poke|p2|Decidueye-Hisui, L50, M|\n|teampreview|4\n|inactive|Battle timer is ON: inactive players will automatically lose when time's up. (requested by chappell murkroan)\n|inactive|lelouchswag has 60 seconds left.\n|\n|t:|1726812691\n|start\n|switch|p1a: Sneasler|Sneasler, L50, F, shiny|100\/100\n|switch|p1b: Indeedee|Indeedee, L50, M, shiny|100\/100\n|switch|p2a: Meowscarada|Meowscarada, L50, M|100\/100\n|switch|p2b: Primarina|Primarina, L50, F|100\/100\n|-fieldstart|move: Psychic Terrain|[from] ability: Psychic Surge|[of] p1b: Indeedee\n|-enditem|p1a: Sneasler|Psychic Seed\n|-boost|p1a: Sneasler|spd|1|[from] item: Psychic Seed\n|turn|1\n|\n|t:|1726812709\n|move|p2a: Meowscarada|Protect|p2a: Meowscarada\n|-singleturn|p2a: Meowscarada|Protect\n|move|p2b: Primarina|Protect|p2b: Primarina\n|-singleturn|p2b: Primarina|Protect\n|move|p1a: Sneasler|Dire Claw|p2a: Meowscarada\n|-activate|p2a: Meowscarada|move: Protect\n|move|p1b: Indeedee|Expanding Force|p2a: Meowscarada|[spread] \n|-activate|p2a: Meowscarada|move: Protect\n|-activate|p2b: Primarina|move: Protect\n|\n|upkeep\n|turn|2\n|\n|t:|1726812721\n|-terastallize|p2b: Primarina|Steel\n|move|p1a: Sneasler|Dire Claw|p2a: Meowscarada\n|-supereffective|p2a: Meowscarada\n|-enditem|p2a: Meowscarada|Focus Sash\n|-damage|p2a: Meowscarada|1\/100\n|-status|p2a: Meowscarada|psn\n|move|p2a: Meowscarada|Grass Pledge|p1b: Indeedee\n|-waiting|p2a: Meowscarada|p2b: Primarina\n|move|p2b: Primarina|Water Pledge|p1b: Indeedee|[from]move: Grass Pledge\n|-combine\n|-enditem|p1b: Indeedee|Focus Sash\n|-damage|p1b: Indeedee|1\/100\n|-sidestart|p1: chappell murkroan|Grass Pledge\n|move|p1b: Indeedee|Expanding Force|p2b: Primarina|[spread] p2b\n|-immune|p2a: Meowscarada\n|-resisted|p2b: Primarina\n|-damage|p2b: Primarina|73\/100\n|\n|-damage|p2a: Meowscarada|0 fnt|[from] psn\n|faint|p2a: Meowscarada\n|upkeep\n|\n|t:|1726812730\n|switch|p2a: Gliscor|Gliscor, L50, F|100\/100\n|turn|3\n|\n|t:|1726812755\n|-terastallize|p1a: Sneasler|Dark\n|move|p2a: Gliscor|Tailwind|p2a: Gliscor\n|-sidestart|p2: lelouchswag|move: Tailwind\n|move|p2b: Primarina|Hyper Voice|p1b: Indeedee|[spread] p1a,p1b\n|-damage|p1a: Sneasler|62\/100\n|-damage|p1b: Indeedee|0 fnt\n|faint|p1b: Indeedee\n|move|p1a: Sneasler|Close Combat|p2b: Primarina\n|-supereffective|p2b: Primarina\n|-damage|p2b: Primarina|0 fnt\n|-unboost|p1a: Sneasler|def|1\n|-unboost|p1a: Sneasler|spd|1\n|faint|p2b: Primarina\n|\n|upkeep\n|\n|t:|1726812778\n|switch|p1b: Whimsicott|Whimsicott, L50, F|100\/100\n|switch|p2b: Indeedee|Indeedee, L50, M|100\/100\n|turn|4\n|\n|t:|1726812788\n|move|p1b: Whimsicott|Tailwind|p1b: Whimsicott\n|-sidestart|p1: chappell murkroan|move: Tailwind\n|move|p2a: Gliscor|Dual Wingbeat|p1b: Whimsicott\n|-supereffective|p1b: Whimsicott\n|-damage|p1b: Whimsicott|38\/100\n|-supereffective|p1b: Whimsicott\n|-damage|p1b: Whimsicott|0 fnt\n|faint|p1b: Whimsicott\n|-hitcount|p1: Whimsicott|2\n|-damage|p2a: Gliscor|91\/100|[from] item: Life Orb\n|move|p2b: Indeedee|Dazzling Gleam|p1a: Sneasler\n|-supereffective|p1a: Sneasler\n|-damage|p1a: Sneasler|0 fnt\n|faint|p1a: Sneasler\n|\n|upkeep\n|\n|t:|1726812802\n|switch|p1b: Delphox|Delphox, L50, F, shiny|100\/100\n|turn|5\n|\n|t:|1726812809\n|move|p2a: Gliscor|High Horsepower|p1b: Delphox\n|-supereffective|p1b: Delphox\n|-damage|p1b: Delphox|0 fnt\n|faint|p1b: Delphox\n|-damage|p2a: Gliscor|82\/100|[from] item: Life Orb\n|\n|win|lelouchswag\n|raw|chappell murkroan's rating: 1739 &rarr; <strong>1725<\/strong><br \/>(-14 for losing)\n|raw|lelouchswag's rating: 1839 &rarr; <strong>1853<\/strong><br \/>(+14 for winning)\n|l|\u2606lelouchswag\n|player|p2|\n","uploadtime":1726813067,"views":121,"formatid":"gen9vgc2024regh","rating":1725,"private":0,"password":null}