{"id":"gen9vgc2024regh-2205123755","format":"[Gen 9] VGC 2024 Reg H","players":["Zordor","spaccas"],"log":"|j|\u2606Zordor\n|j|\u2606spaccas\n|t:|1726757698\n|gametype|doubles\n|player|p1|Zordor|pilot|1703\n|player|p2|spaccas|266|1670\n|teamsize|p1|6\n|teamsize|p2|6\n|gen|9\n|tier|[Gen 9] VGC 2024 Reg H\n|rated|\n|rule|Species Clause: Limit one of each Pok\u00e9mon\n|rule|Item Clause: Limit 1 of each item\n|clearpoke\n|poke|p1|Rotom-Wash, L50|\n|poke|p1|Cinderace, L50, F|\n|poke|p1|Kingambit, L50, F|\n|poke|p1|Venusaur, L50, F|\n|poke|p1|Armarouge, L50, M|\n|poke|p1|Dragapult, L50, M|\n|poke|p2|Archaludon, L50, F|\n|poke|p2|Pelipper, L50, M|\n|poke|p2|Basculegion, L50, M|\n|poke|p2|Salamence, L50, F|\n|poke|p2|Dondozo, L50, M|\n|poke|p2|Tatsugiri, L50, M|\n|teampreview|4\n|j| Tian15\n|inactive|Battle timer is ON: inactive players will automatically lose when time's up. (requested by spaccas)\n|\n|t:|1726757744\n|start\n|switch|p1a: Dragapult|Dragapult, L50, M|100\/100\n|switch|p1b: Rotom|Rotom-Wash, L50|100\/100\n|switch|p2a: Dondozo|Dondozo, L50, M|100\/100\n|switch|p2b: Pelipper|Pelipper, L50, M|100\/100\n|-weather|RainDance|[from] ability: Drizzle|[of] p2b: Pelipper\n|turn|1\n|\n|t:|1726757767\n|switch|p2b: Tatsugiri|Tatsugiri, L50, M|100\/100\n|-activate|p2b: Tatsugiri|ability: Commander|[of] p2a: Dondozo\n|-boost|p2a: Dondozo|atk|2\n|-boost|p2a: Dondozo|spa|2\n|-boost|p2a: Dondozo|spe|2\n|-boost|p2a: Dondozo|def|2\n|-boost|p2a: Dondozo|spd|2\n|-terastallize|p1a: Dragapult|Fighting\n|-terastallize|p2a: Dondozo|Water\n|move|p1a: Dragapult|Dragon Darts|p2a: Dondozo\n|-damage|p2a: Dondozo|92\/100\n|-anim|p1a: Dragapult|Dragon Darts|p2a: Dondozo\n|-damage|p2a: Dondozo|82\/100\n|move|p2a: Dondozo|Wave Crash|p1b: Rotom\n|-resisted|p1b: Rotom\n|-damage|p1b: Rotom|0 fnt\n|faint|p1b: Rotom\n|-damage|p2a: Dondozo|59\/100|[from] Recoil\n|-damage|p2a: Dondozo|50\/100|[from] item: Life Orb\n|\n|-weather|RainDance|[upkeep]\n|upkeep\n|\n|t:|1726757777\n|switch|p1b: Venusaur|Venusaur, L50, F|100\/100\n|turn|2\n|\n|t:|1726757783\n|move|p1a: Dragapult|Dragon Darts|p2a: Dondozo\n|-damage|p2a: Dondozo|41\/100\n|-anim|p1a: Dragapult|Dragon Darts|p2a: Dondozo\n|-damage|p2a: Dondozo|33\/100\n|move|p2a: Dondozo|Surf|p1a: Dragapult|[spread] p1a,p1b\n|-miss|p2a: Dondozo|p2b: Tatsugiri\n|-resisted|p1b: Venusaur\n|-damage|p1a: Dragapult|0 fnt\n|-damage|p1b: Venusaur|41\/100\n|faint|p1a: Dragapult\n|-damage|p2a: Dondozo|23\/100|[from] item: Life Orb\n|move|p1b: Venusaur|Giga Drain|p2a: Dondozo\n|-supereffective|p2a: Dondozo\n|-damage|p2a: Dondozo|0 fnt\n|-heal|p1b: Venusaur|56\/100|[from] drain|[of] p2a: Dondozo\n|faint|p2a: Dondozo\n|\n|-weather|RainDance|[upkeep]\n|-heal|p1b: Venusaur|62\/100|[from] item: Leftovers\n|upkeep\n|\n|t:|1726757795\n|switch|p1a: Kingambit|Kingambit, L50, F|100\/100\n|switch|p2a: Pelipper|Pelipper, L50, M|100\/100\n|turn|3\n|\n|t:|1726757806\n|move|p1b: Venusaur|Protect|p1b: Venusaur\n|-singleturn|p1b: Venusaur|Protect\n|move|p2b: Tatsugiri|Draco Meteor|p1b: Venusaur\n|-activate|p1b: Venusaur|move: Protect\n|move|p1a: Kingambit|Kowtow Cleave|p2a: Pelipper\n|-damage|p2a: Pelipper|54\/100\n|move|p2a: Pelipper|Tailwind|p2a: Pelipper\n|-sidestart|p2: spaccas|move: Tailwind\n|\n|-weather|RainDance|[upkeep]\n|-heal|p1b: Venusaur|68\/100|[from] item: Leftovers\n|upkeep\n|turn|4\n|\n|t:|1726757821\n|move|p2b: Tatsugiri|Muddy Water|p1b: Venusaur|[spread] p1b\n|-miss|p2b: Tatsugiri|p1a: Kingambit\n|-resisted|p1b: Venusaur\n|-damage|p1b: Venusaur|44\/100\n|move|p2a: Pelipper|Hurricane|p1b: Venusaur\n|-supereffective|p1b: Venusaur\n|-damage|p1b: Venusaur|0 fnt\n|faint|p1b: Venusaur\n|move|p1a: Kingambit|Kowtow Cleave|p2b: Tatsugiri\n|-damage|p2b: Tatsugiri|13\/100\n|\n|-weather|RainDance|[upkeep]\n|upkeep\n|turn|5\n|\n|t:|1726757829\n|move|p1a: Kingambit|Protect|p1a: Kingambit\n|-singleturn|p1a: Kingambit|Protect\n|move|p2b: Tatsugiri|Muddy Water|p1a: Kingambit\n|-activate|p1a: Kingambit|move: Protect\n|move|p2a: Pelipper|Weather Ball|p1a: Kingambit\n|-activate|p1a: Kingambit|move: Protect\n|\n|-weather|RainDance|[upkeep]\n|upkeep\n|turn|6\n|\n|t:|1726757841\n|move|p2b: Tatsugiri|Muddy Water|p1a: Kingambit\n|-crit|p1a: Kingambit\n|-damage|p1a: Kingambit|0 fnt\n|faint|p1a: Kingambit\n|\n|win|spaccas\n|raw|Zordor's rating: 1703 &rarr; <strong>1681<\/strong><br \/>(-22 for losing)\n|raw|spaccas's rating: 1670 &rarr; <strong>1692<\/strong><br \/>(+22 for winning)\n|l|\u2606Zordor\n|player|p1|\n|l|\u2606spaccas\n|player|p2|\n|l| Tian15\n","uploadtime":1726758100,"views":24,"formatid":"gen9vgc2024regh","rating":1681,"private":0,"password":null}