{"id":"gen9vgc2024regh-2205590830","format":"[Gen 9] VGC 2024 Reg H","players":["Erupt Isle dis f(x","fangame10"],"log":"|j|\u2606Erupt Isle dis f(x\n|j|\u2606fangame10\n|t:|1726804832\n|gametype|doubles\n|player|p1|Erupt Isle dis f(x|101|1676\n|player|p2|fangame10|red|1878\n|teamsize|p1|6\n|teamsize|p2|6\n|gen|9\n|tier|[Gen 9] VGC 2024 Reg H\n|rated|\n|rule|Species Clause: Limit one of each Pok\u00e9mon\n|rule|Item Clause: Limit 1 of each item\n|clearpoke\n|poke|p1|Archaludon, L50, F|\n|poke|p1|Dragonite, L50, F|\n|poke|p1|Gengar, L50, F|\n|poke|p1|Kingambit, L50, F|\n|poke|p1|Pelipper, L50, M|\n|poke|p1|Primarina, L50, F|\n|poke|p2|Baxcalibur, L50, F|\n|poke|p2|Ninetales-Alola, L50, F|\n|poke|p2|Milotic, L50, M|\n|poke|p2|Skeledirge, L50, M|\n|poke|p2|Rillaboom, L50, M|\n|poke|p2|Sneasler, L50, M|\n|teampreview|4\n|inactive|Battle timer is ON: inactive players will automatically lose when time's up. (requested by fangame10)\n|inactive|fangame10 has 60 seconds left.\n|\n|t:|1726804864\n|start\n|switch|p1a: Archaludon|Archaludon, L50, F|100\/100\n|switch|p1b: Gengar|Gengar, L50, F|100\/100\n|switch|p2a: Milotic|Milotic, L50, M, shiny|100\/100\n|switch|p2b: Sneasler|Sneasler, L50, M, shiny|100\/100\n|turn|1\n|\n|t:|1726804873\n|move|p1a: Archaludon|Protect|p1a: Archaludon\n|-singleturn|p1a: Archaludon|Protect\n|move|p2b: Sneasler|Fake Out|p1a: Archaludon\n|-activate|p1a: Archaludon|move: Protect\n|move|p1b: Gengar|Icy Wind|p2a: Milotic|[spread] p2a,p2b\n|-resisted|p2a: Milotic\n|-damage|p2a: Milotic|96\/100\n|-damage|p2b: Sneasler|82\/100\n|-unboost|p2a: Milotic|spe|1\n|-ability|p2a: Milotic|Competitive|boost\n|-boost|p2a: Milotic|spa|2\n|-unboost|p2b: Sneasler|spe|1\n|move|p2a: Milotic|Hypnosis|p1b: Gengar\n|-status|p1b: Gengar|slp|[from] move: Hypnosis\n|\n|upkeep\n|turn|2\n|\n|t:|1726804886\n|switch|p2b: Skeledirge|Skeledirge, L50, M, shiny|100\/100\n|-terastallize|p2a: Milotic|Grass\n|cant|p1b: Gengar|slp\n|move|p1a: Archaludon|Electro Shot||[still]\n|-prepare|p1a: Archaludon|Electro Shot\n|-boost|p1a: Archaludon|spa|1\n|-enditem|p1a: Archaludon|Power Herb\n|-anim|p1a: Archaludon|Electro Shot|p2a: Milotic\n|-resisted|p2a: Milotic\n|-damage|p2a: Milotic|76\/100\n|move|p2a: Milotic|Coil|p2a: Milotic\n|-boost|p2a: Milotic|atk|1\n|-boost|p2a: Milotic|def|1\n|-boost|p2a: Milotic|accuracy|1\n|\n|upkeep\n|turn|3\n|\n|t:|1726804901\n|-terastallize|p1a: Archaludon|Stellar\n|cant|p1b: Gengar|slp\n|move|p1a: Archaludon|Draco Meteor|p2a: Milotic|[miss]\n|-miss|p1a: Archaludon|p2a: Milotic\n|move|p2b: Skeledirge|Shadow Ball|p1b: Gengar\n|-supereffective|p1b: Gengar\n|-enditem|p1b: Gengar|Focus Sash\n|-damage|p1b: Gengar|1\/100 slp\n|-unboost|p1b: Gengar|spd|1\n|-start|p2b: Skeledirge|Disable|Shadow Ball|[from] ability: Cursed Body|[of] p1b: Gengar\n|move|p2a: Milotic|Muddy Water|p1a: Archaludon|[spread] p1a,p1b\n|-resisted|p1a: Archaludon\n|-damage|p1a: Archaludon|68\/100\n|-damage|p1b: Gengar|0 fnt\n|faint|p1b: Gengar\n|\n|upkeep\n|\n|t:|1726804912\n|switch|p1b: Kingambit|Kingambit, L50, F, shiny|100\/100\n|turn|4\n|\n|t:|1726804934\n|move|p2b: Skeledirge|Protect|p2b: Skeledirge\n|-singleturn|p2b: Skeledirge|Protect\n|move|p1a: Archaludon|Draco Meteor|p2a: Milotic\n|-damage|p2a: Milotic|0 fnt\n|-unboost|p1a: Archaludon|spa|2\n|faint|p2a: Milotic\n|move|p1b: Kingambit|Assurance|p2b: Skeledirge\n|-activate|p2b: Skeledirge|move: Protect\n|\n|upkeep\n|\n|t:|1726804940\n|switch|p2a: Sneasler|Sneasler, L50, M, shiny|82\/100\n|turn|5\n|\n|t:|1726804952\n|switch|p1a: Dragonite|Dragonite, L50, F, shiny|100\/100\n|move|p1b: Kingambit|Protect|p1b: Kingambit\n|-singleturn|p1b: Kingambit|Protect\n|move|p2a: Sneasler|Close Combat|p1b: Kingambit\n|-activate|p1b: Kingambit|move: Protect\n|move|p2b: Skeledirge|Torch Song|p1a: Dragonite\n|-resisted|p1a: Dragonite\n|-damage|p1a: Dragonite|94\/100\n|-boost|p2b: Skeledirge|spa|1\n|\n|upkeep\n|turn|6\n|\n|t:|1726804968\n|switch|p1b: Archaludon|Archaludon, L50, F, tera:Stellar|68\/100\n|move|p2a: Sneasler|Close Combat|p1b: Archaludon\n|-supereffective|p1b: Archaludon\n|-damage|p1b: Archaludon|0 fnt\n|-unboost|p2a: Sneasler|def|1\n|-unboost|p2a: Sneasler|spd|1\n|faint|p1b: Archaludon\n|move|p1a: Dragonite|Stomping Tantrum|p2a: Sneasler\n|-supereffective|p2a: Sneasler\n|-damage|p2a: Sneasler|0 fnt\n|faint|p2a: Sneasler\n|move|p2b: Skeledirge|Torch Song|p1a: Dragonite\n|-resisted|p1a: Dragonite\n|-damage|p1a: Dragonite|76\/100\n|-boost|p2b: Skeledirge|spa|1\n|\n|-end|p2b: Skeledirge|Disable\n|upkeep\n|\n|t:|1726804972\n|switch|p2a: Ninetales|Ninetales-Alola, L50, F, shiny|100\/100\n|switch|p1b: Kingambit|Kingambit, L50, F, shiny|100\/100\n|-weather|Snow|[from] ability: Snow Warning|[of] p2a: Ninetales\n|turn|7\n|\n|t:|1726804981\n|move|p2a: Ninetales|Blizzard|p1b: Kingambit|[spread] p1a,p1b\n|-supereffective|p1a: Dragonite\n|-resisted|p1b: Kingambit\n|-damage|p1a: Dragonite|0 fnt\n|-damage|p1b: Kingambit|83\/100\n|faint|p1a: Dragonite\n|move|p1b: Kingambit|Assurance|p2b: Skeledirge\n|-supereffective|p2b: Skeledirge\n|-damage|p2b: Skeledirge|27\/100\n|move|p2b: Skeledirge|Torch Song|p1b: Kingambit\n|-supereffective|p1b: Kingambit\n|-damage|p1b: Kingambit|0 fnt\n|-boost|p2b: Skeledirge|spa|1\n|faint|p1b: Kingambit\n|\n|win|fangame10\n|raw|Erupt Isle dis f(x's rating: 1686 &rarr; <strong>1676<\/strong><br \/>(-10 for losing)\n|raw|fangame10's rating: 1878 &rarr; <strong>1888<\/strong><br \/>(+10 for winning)\n|l|\u2606fangame10\n|player|p2|\n|l|\u2606Erupt Isle dis f(x\n|player|p1|\n","uploadtime":1726805212,"views":98,"formatid":"gen9vgc2024regh","rating":1676,"private":0,"password":null}